tradingTime,volume,price,side
2021-07-13T14:49:52,6800.0,12.4,B
2021-07-13T14:49:42,200.0,12.4,B
2021-07-13T14:49:42,500.0,12.4,B
2021-07-13T14:49:22,500.0,12.4,B
2021-07-13T14:49:17,500.0,12.4,B
2021-07-13T14:49:02,100.0,12.4,B
2021-07-13T14:48:41,2000.0,12.3,S
2021-07-13T14:47:07,300.0,12.3,S
2021-07-13T14:46:57,200.0,12.3,S
2021-07-13T14:46:41,4300.0,12.3,B
2021-07-13T14:45:52,500.0,12.2,B
2021-07-13T14:45:47,500.0,12.2,S
2021-07-13T14:45:47,16300.0,12.2,S
2021-07-13T14:45:32,5000.0,12.2,B
2021-07-13T14:45:27,10000.0,12.2,B
2021-07-13T14:45:06,100.0,12.2,B
2021-07-13T14:44:52,500.0,12.2,B
2021-07-13T14:44:47,1000.0,12.2,B
2021-07-13T14:44:27,1000.0,12.1,S
2021-07-13T14:44:07,200.0,12.1,B
2021-07-13T14:44:07,1200.0,12.1,B
2021-07-13T14:43:47,2000.0,12.1,B
2021-07-13T14:43:42,500.0,12.1,B
2021-07-13T14:43:42,5000.0,12.1,B
2021-07-13T14:43:42,3000.0,12.1,B
2021-07-13T14:43:27,1500.0,12.1,B
2021-07-13T14:43:22,700.0,12.1,B
2021-07-13T14:43:22,4000.0,12.1,B
2021-07-13T14:43:17,1000.0,12.1,B
2021-07-13T14:43:12,1000.0,12.1,B
2021-07-13T14:43:02,200.0,12.1,B
2021-07-13T14:42:57,1700.0,12.1,B
2021-07-13T14:42:37,500.0,12.1,B
2021-07-13T14:42:17,1000.0,12.1,B
2021-07-13T14:41:52,3300.0,12.0,S
2021-07-13T14:41:47,1000.0,12.0,B
2021-07-13T14:41:42,2600.0,12.0,B
2021-07-13T14:41:37,500.0,12.0,B
2021-07-13T14:41:22,3000.0,12.0,B
2021-07-13T14:41:17,10000.0,12.0,B
2021-07-13T14:41:17,200.0,12.0,B
2021-07-13T14:41:17,100.0,12.0,B
2021-07-13T14:41:17,200.0,12.0,B
2021-07-13T14:41:12,400.0,12.0,B
2021-07-13T14:41:07,10000.0,12.0,B
2021-07-13T14:41:07,1000.0,12.0,B
2021-07-13T14:40:56,1000.0,12.0,B
2021-07-13T14:40:42,1000.0,12.0,B
2021-07-13T14:40:37,1000.0,12.0,B
2021-07-13T14:40:32,2000.0,12.0,B
2021-07-13T14:40:27,3800.0,12.0,B
2021-07-13T14:40:17,1500.0,12.0,B
2021-07-13T14:39:57,800.0,12.0,B
2021-07-13T14:39:57,5000.0,12.0,B
2021-07-13T14:39:47,900.0,12.0,B
2021-07-13T14:39:02,1700.0,12.0,B
2021-07-13T14:38:52,900.0,12.0,B
2021-07-13T14:38:42,1000.0,12.0,B
2021-07-13T14:38:22,2500.0,12.0,B
2021-07-13T14:38:22,8000.0,12.0,B
2021-07-13T14:38:17,1000.0,12.0,B
2021-07-13T14:37:21,1000.0,12.0,B
2021-07-13T14:36:47,200.0,12.0,B
2021-07-13T14:36:42,5000.0,12.0,B
2021-07-13T14:36:36,20200.0,11.9,S
2021-07-13T14:36:36,2000.0,12.0,B
2021-07-13T14:35:57,5000.0,11.9,S
2021-07-13T14:35:37,100.0,11.9,S
2021-07-13T14:34:52,500.0,11.9,S
2021-07-13T14:34:22,100.0,11.9,S
2021-07-13T14:34:12,100.0,11.9,S
2021-07-13T14:34:07,7000.0,11.9,S
2021-07-13T14:33:27,100.0,11.9,S
2021-07-13T14:33:22,300.0,11.9,S
2021-07-13T14:33:17,2000.0,11.9,S
2021-07-13T14:33:12,2000.0,11.9,S
2021-07-13T14:33:12,5100.0,11.9,S
2021-07-13T14:33:02,200.0,11.9,S
2021-07-13T14:32:52,2000.0,11.9,S
2021-07-13T14:32:17,1000.0,11.9,S
2021-07-13T14:31:52,400.0,11.9,S
2021-07-13T14:31:27,100.0,11.9,S
2021-07-13T14:31:12,600.0,11.9,S
2021-07-13T14:29:47,3400.0,11.9,B
2021-07-13T14:29:44,2000.0,11.9,B
2021-07-13T14:29:43,1000.0,11.9,B
2021-07-13T14:29:39,200.0,11.9,B
2021-07-13T14:29:34,20000.0,11.9,B
2021-07-13T14:29:31,2800.0,11.9,B
2021-07-13T14:29:11,1000.0,11.9,B
2021-07-13T14:29:08,600.0,11.9,B
2021-07-13T14:29:05,100.0,11.9,B
2021-07-13T14:28:50,2000.0,11.9,B
2021-07-13T14:28:50,1000.0,11.9,B
2021-07-13T14:28:37,10000.0,11.9,B
2021-07-13T14:28:12,1000.0,11.9,B
2021-07-13T14:28:09,5000.0,11.9,B
2021-07-13T14:28:06,300.0,11.9,B
2021-07-13T14:26:36,500.0,11.8,S
2021-07-13T14:26:04,5000.0,11.8,S
2021-07-13T14:25:42,300.0,11.8,S
2021-07-13T14:25:34,1000.0,11.9,B
2021-07-13T14:25:28,1000.0,11.8,S
2021-07-13T14:24:07,300.0,11.8,S
2021-07-13T14:23:57,5000.0,11.8,S
2021-07-13T14:23:32,2400.0,11.8,B
2021-07-13T14:23:26,21100.0,11.8,B
2021-07-13T14:23:19,100.0,11.8,B
2021-07-13T14:23:17,200.0,11.8,B
2021-07-13T14:22:24,200.0,11.8,B
2021-07-13T14:22:09,1800.0,11.8,B
2021-07-13T14:21:59,4300.0,11.8,B
2021-07-13T14:21:58,1200.0,11.8,B
2021-07-13T14:21:39,2800.0,11.8,B
2021-07-13T14:20:41,200.0,11.8,B
2021-07-13T14:20:40,5000.0,11.7,S
2021-07-13T14:18:28,700.0,11.7,S
2021-07-13T14:15:45,600.0,11.7,S
2021-07-13T14:15:31,100.0,11.7,S
2021-07-13T14:15:08,200.0,11.7,S
2021-07-13T14:14:43,500.0,11.8,B
2021-07-13T14:14:27,200.0,11.8,B
2021-07-13T14:14:23,1400.0,11.7,S
2021-07-13T14:14:03,21000.0,11.7,B
2021-07-13T14:13:46,500.0,11.6,S
2021-07-13T14:12:13,2700.0,11.6,B
2021-07-13T14:12:09,200.0,11.6,B
2021-07-13T14:11:51,200.0,11.6,B
2021-07-13T14:11:42,500.0,11.6,B
2021-07-13T14:11:13,1000.0,11.6,B
2021-07-13T14:10:48,3000.0,11.6,B
2021-07-13T14:10:47,500.0,11.6,B
2021-07-13T14:09:05,5000.0,11.6,B
2021-07-13T14:08:24,100.0,11.6,B
2021-07-13T14:07:25,9500.0,11.6,S
2021-07-13T14:07:23,1000.0,11.6,S
2021-07-13T14:07:21,1000.0,11.6,S
2021-07-13T14:07:19,500.0,11.6,S
2021-07-13T14:06:54,4000.0,11.6,S
2021-07-13T14:06:50,300.0,11.7,B
2021-07-13T14:06:02,1000.0,11.7,B
2021-07-13T14:04:17,2200.0,11.7,B
2021-07-13T14:04:10,3000.0,11.7,B
2021-07-13T14:02:16,500.0,11.7,B
2021-07-13T14:01:24,300.0,11.7,B
2021-07-13T13:59:50,2000.0,11.7,B
2021-07-13T13:57:56,100.0,11.7,B
2021-07-13T13:57:48,1000.0,11.7,B
2021-07-13T13:56:18,1000.0,11.7,B
2021-07-13T13:55:48,100.0,11.7,B
2021-07-13T13:55:33,500.0,11.7,B
2021-07-13T13:54:47,600.0,11.7,B
2021-07-13T13:54:25,500.0,11.7,B
2021-07-13T13:53:36,9400.0,11.7,B
2021-07-13T13:53:00,500.0,11.6,S
2021-07-13T13:51:54,1000.0,11.7,B
2021-07-13T13:51:50,500.0,11.6,S
2021-07-13T13:50:18,100.0,11.6,S
2021-07-13T13:48:52,900.0,11.6,S
2021-07-13T13:46:07,1000.0,11.7,B
2021-07-13T13:46:01,500.0,11.7,B
2021-07-13T13:44:44,400.0,11.7,B
2021-07-13T13:44:11,5000.0,11.7,B
2021-07-13T13:42:09,1600.0,11.6,B
2021-07-13T13:40:09,100.0,11.6,B
2021-07-13T13:40:01,5100.0,11.6,B
2021-07-13T13:39:45,100.0,11.6,B
2021-07-13T13:39:02,200.0,11.6,B
2021-07-13T13:38:14,8000.0,11.6,B
2021-07-13T13:36:13,500.0,11.6,B
2021-07-13T13:34:47,1900.0,11.6,B
2021-07-13T13:34:30,500.0,11.6,S
2021-07-13T13:33:48,600.0,11.6,B
2021-07-13T13:33:33,800.0,11.6,B
2021-07-13T13:33:31,1000.0,11.6,S
2021-07-13T13:32:32,3000.0,11.6,S
2021-07-13T13:31:28,1000.0,11.6,S
2021-07-13T13:29:28,2000.0,11.6,S
2021-07-13T13:28:00,1700.0,11.6,B
2021-07-13T13:27:46,200.0,11.6,B
2021-07-13T13:27:28,500.0,11.6,B
2021-07-13T13:27:27,10000.0,11.5,S
2021-07-13T13:26:59,500.0,11.6,B
2021-07-13T13:26:24,200.0,11.6,B
2021-07-13T13:26:21,600.0,11.6,B
2021-07-13T13:26:07,700.0,11.6,B
2021-07-13T13:26:06,1300.0,11.6,B
2021-07-13T13:25:18,300.0,11.5,B
2021-07-13T13:25:15,200.0,11.5,B
2021-07-13T13:25:11,5000.0,11.5,B
2021-07-13T13:25:05,2000.0,11.5,B
2021-07-13T13:24:56,5600.0,11.5,B
2021-07-13T13:24:43,100.0,11.5,B
2021-07-13T13:24:42,400.0,11.5,B
2021-07-13T13:24:32,9000.0,11.4,S
2021-07-13T13:24:24,1000.0,11.5,B
2021-07-13T13:23:53,800.0,11.4,S
2021-07-13T13:23:20,5000.0,11.4,S
2021-07-13T13:22:59,1000.0,11.5,B
2021-07-13T13:22:31,1000.0,11.5,B
2021-07-13T13:22:03,7300.0,11.5,S
2021-07-13T13:22:01,100.0,11.5,S
2021-07-13T13:22:00,4000.0,11.5,S
2021-07-13T13:21:58,2000.0,11.5,S
2021-07-13T13:21:52,1000.0,11.5,S
2021-07-13T13:21:51,3000.0,11.5,S
2021-07-13T13:21:47,600.0,11.5,S
2021-07-13T13:21:42,8000.0,11.5,S
2021-07-13T13:21:27,2000.0,11.5,S
2021-07-13T13:21:24,100.0,11.5,S
2021-07-13T13:21:20,10000.0,11.5,S
2021-07-13T13:21:15,2000.0,11.5,S
2021-07-13T13:21:14,500.0,11.5,S
2021-07-13T13:21:03,1000.0,11.6,B
2021-07-13T13:21:01,7000.0,11.5,S
2021-07-13T13:21:00,1000.0,11.6,B
2021-07-13T13:19:55,8700.0,11.6,S
2021-07-13T13:19:53,1000.0,11.6,S
2021-07-13T13:19:51,5000.0,11.6,S
2021-07-13T13:19:46,100.0,11.6,S
2021-07-13T13:19:44,2100.0,11.6,S
2021-07-13T13:19:43,1000.0,11.6,S
2021-07-13T13:19:30,1000.0,11.6,S
2021-07-13T13:19:21,500.0,11.6,S
2021-07-13T13:19:21,10000.0,11.6,S
2021-07-13T13:19:17,300.0,11.6,S
2021-07-13T13:18:58,800.0,11.6,S
2021-07-13T13:18:55,2600.0,11.6,S
2021-07-13T13:18:49,1000.0,11.6,S
2021-07-13T13:18:44,500.0,11.6,S
2021-07-13T13:18:38,500.0,11.6,S
2021-07-13T13:18:34,100.0,11.6,S
2021-07-13T13:18:03,1000.0,11.6,S
2021-07-13T13:17:53,1000.0,11.7,B
2021-07-13T13:17:33,100.0,11.7,B
2021-07-13T13:16:46,200.0,11.7,B
2021-07-13T13:16:11,500.0,11.7,B
2021-07-13T13:15:52,1500.0,11.7,B
2021-07-13T13:13:57,100.0,11.7,B
2021-07-13T13:13:45,100.0,11.7,B
2021-07-13T13:13:24,400.0,11.7,B
2021-07-13T13:12:46,1000.0,11.7,B
2021-07-13T13:12:34,5000.0,11.7,B
2021-07-13T13:12:05,6000.0,11.7,B
2021-07-13T13:11:48,2000.0,11.7,B
2021-07-13T13:11:37,1100.0,11.7,B
2021-07-13T13:11:25,8000.0,11.7,B
2021-07-13T13:11:24,1000.0,11.7,B
2021-07-13T13:11:05,5000.0,11.7,B
2021-07-13T13:10:35,4500.0,11.7,B
2021-07-13T13:10:14,500.0,11.6,S
2021-07-13T13:09:19,400.0,11.7,B
2021-07-13T13:08:56,100.0,11.7,B
2021-07-13T13:08:26,500.0,11.6,S
2021-07-13T13:07:49,1000.0,11.6,S
2021-07-13T13:07:35,1000.0,11.7,B
2021-07-13T13:06:29,5000.0,11.7,B
2021-07-13T13:06:27,1000.0,11.7,B
2021-07-13T13:05:49,100.0,11.6,S
2021-07-13T13:03:41,2000.0,11.6,S
2021-07-13T13:03:07,7000.0,11.6,S
2021-07-13T13:03:04,100.0,11.6,S
2021-07-13T13:02:38,700.0,11.6,S
2021-07-13T13:02:37,1000.0,11.6,S
2021-07-13T13:01:24,1000.0,11.6,S
2021-07-13T13:00:17,200.0,11.7,S
2021-07-13T11:29:30,400.0,11.7,S
2021-07-13T11:29:28,500.0,11.7,S
2021-07-13T11:29:12,2300.0,11.7,B
2021-07-13T11:29:09,100.0,11.7,B
2021-07-13T11:28:44,500.0,11.7,B
2021-07-13T11:28:10,5000.0,11.6,S
2021-07-13T11:27:53,100.0,11.6,S
2021-07-13T11:25:58,300.0,11.6,S
2021-07-13T11:25:23,3700.0,11.6,S
2021-07-13T11:24:52,3000.0,11.6,S
2021-07-13T11:24:48,5000.0,11.6,S
2021-07-13T11:23:25,3900.0,11.6,S
2021-07-13T11:21:38,200.0,11.6,S
2021-07-13T11:19:22,9500.0,11.7,S
2021-07-13T11:19:16,10000.0,11.7,S
2021-07-13T11:18:19,1000.0,11.8,B
2021-07-13T11:17:00,300.0,11.8,B
2021-07-13T11:16:41,1000.0,11.8,S
2021-07-13T11:16:39,400.0,11.8,S
2021-07-13T11:16:38,100.0,11.8,S
2021-07-13T11:16:35,100.0,11.8,S
2021-07-13T11:16:14,2000.0,11.8,S
2021-07-13T11:16:03,700.0,11.8,S
2021-07-13T11:15:44,2600.0,11.8,S
2021-07-13T11:15:34,300.0,11.8,S
2021-07-13T11:15:30,100.0,11.8,S
2021-07-13T11:15:29,3000.0,11.8,S
2021-07-13T11:15:08,500.0,11.8,S
2021-07-13T11:15:00,500.0,11.8,S
2021-07-13T11:14:53,1000.0,11.8,S
2021-07-13T11:14:37,100.0,11.8,S
2021-07-13T11:14:28,100.0,11.8,S
2021-07-13T11:14:05,100.0,11.8,S
2021-07-13T11:13:46,100.0,11.8,S
2021-07-13T11:12:55,300.0,11.8,S
2021-07-13T11:12:25,200.0,11.8,S
2021-07-13T11:10:21,200.0,11.9,B
2021-07-13T11:08:05,400.0,11.9,B
2021-07-13T11:07:05,100.0,11.9,B
2021-07-13T11:06:47,2500.0,11.8,S
2021-07-13T11:06:46,500.0,11.8,S
2021-07-13T11:06:12,10000.0,11.8,S
2021-07-13T11:05:59,100.0,11.8,S
2021-07-13T11:05:39,1000.0,11.8,S
2021-07-13T11:05:32,3000.0,11.8,S
2021-07-13T11:05:15,100.0,11.8,S
2021-07-13T11:04:48,100.0,11.8,S
2021-07-13T11:04:36,500.0,11.8,S
2021-07-13T11:02:46,100.0,11.8,S
2021-07-13T11:00:11,20000.0,11.8,B
2021-07-13T10:59:46,700.0,11.8,B
2021-07-13T10:59:41,2400.0,11.8,B
2021-07-13T10:59:19,100.0,11.8,B
2021-07-13T10:57:25,1000.0,11.8,B
2021-07-13T10:57:13,8000.0,11.8,B
2021-07-13T10:55:25,400.0,11.8,B
2021-07-13T10:54:21,200.0,11.7,S
2021-07-13T10:53:06,200.0,11.7,S
2021-07-13T10:52:45,7000.0,11.7,S
2021-07-13T10:52:25,3000.0,11.8,B
2021-07-13T10:52:23,100.0,11.7,S
2021-07-13T10:51:49,100.0,11.7,S
2021-07-13T10:51:05,3000.0,11.8,B
2021-07-13T10:50:50,5000.0,11.7,S
2021-07-13T10:45:52,200.0,11.8,B
2021-07-13T10:45:45,6000.0,11.8,S
2021-07-13T10:45:42,2000.0,11.8,S
2021-07-13T10:45:33,200.0,11.8,S
2021-07-13T10:45:30,1000.0,11.8,S
2021-07-13T10:45:19,800.0,11.8,S
2021-07-13T10:45:17,500.0,11.8,S
2021-07-13T10:45:17,500.0,11.8,S
2021-07-13T10:45:11,500.0,11.8,S
2021-07-13T10:45:11,200.0,11.8,S
2021-07-13T10:45:07,1000.0,11.8,S
2021-07-13T10:44:55,500.0,11.8,S
2021-07-13T10:44:50,1700.0,11.8,S
2021-07-13T10:44:44,1000.0,11.8,S
2021-07-13T10:44:34,500.0,11.8,S
2021-07-13T10:44:30,200.0,11.8,S
2021-07-13T10:44:30,400.0,11.8,S
2021-07-13T10:44:29,2000.0,11.8,S
2021-07-13T10:44:27,1400.0,11.8,S
2021-07-13T10:44:26,500.0,11.8,S
2021-07-13T10:44:21,1000.0,11.8,S
2021-07-13T10:44:17,100.0,11.8,S
2021-07-13T10:44:00,500.0,11.8,S
2021-07-13T10:43:57,500.0,11.8,S
2021-07-13T10:43:53,200.0,11.8,S
2021-07-13T10:43:50,100.0,11.8,S
2021-07-13T10:43:29,1000.0,11.8,S
2021-07-13T10:43:27,100.0,11.8,S
2021-07-13T10:43:25,300.0,11.8,S
2021-07-13T10:43:16,500.0,11.8,S
2021-07-13T10:43:00,1400.0,11.8,S
2021-07-13T10:42:32,500.0,11.8,S
2021-07-13T10:42:05,300.0,11.8,S
2021-07-13T10:41:47,100.0,11.8,S
2021-07-13T10:41:35,700.0,11.8,S
2021-07-13T10:40:50,1000.0,11.8,S
2021-07-13T10:40:43,5000.0,11.8,S
2021-07-13T10:40:34,100.0,11.8,S
2021-07-13T10:39:56,1000.0,11.8,S
2021-07-13T10:39:46,3300.0,11.8,B
2021-07-13T10:39:45,500.0,11.8,B
2021-07-13T10:39:41,2200.0,11.8,B
2021-07-13T10:39:26,200.0,11.8,B
2021-07-13T10:39:25,2000.0,11.8,B
2021-07-13T10:39:15,500.0,11.8,B
2021-07-13T10:39:11,200.0,11.8,B
2021-07-13T10:39:04,300.0,11.8,B
2021-07-13T10:38:58,1000.0,11.8,B
2021-07-13T10:38:44,700.0,11.8,B
2021-07-13T10:38:42,2000.0,11.8,B
2021-07-13T10:38:38,2000.0,11.8,B
2021-07-13T10:37:49,100.0,11.8,B
2021-07-13T10:37:45,1000.0,11.8,B
2021-07-13T10:37:28,600.0,11.8,B
2021-07-13T10:37:26,400.0,11.8,B
2021-07-13T10:37:20,2000.0,11.8,B
2021-07-13T10:37:03,200.0,11.8,B
2021-07-13T10:36:55,400.0,11.8,B
2021-07-13T10:36:00,40000.0,11.8,B
2021-07-13T10:35:27,200.0,11.8,B
2021-07-13T10:35:15,500.0,11.8,B
2021-07-13T10:35:11,700.0,11.7,S
2021-07-13T10:35:07,14000.0,11.7,B
2021-07-13T10:35:06,500.0,11.7,B
2021-07-13T10:34:59,200.0,11.6,S
2021-07-13T10:34:54,400.0,11.7,B
2021-07-13T10:34:41,1000.0,11.7,B
2021-07-13T10:34:16,500.0,11.7,B
2021-07-13T10:33:56,7500.0,11.7,B
2021-07-13T10:33:43,100.0,11.7,B
2021-07-13T10:33:10,1700.0,11.7,B
2021-07-13T10:32:53,2000.0,11.7,B
2021-07-13T10:32:32,100.0,11.7,B
2021-07-13T10:32:05,1500.0,11.7,B
2021-07-13T10:32:00,9000.0,11.6,B
2021-07-13T10:31:35,500.0,11.6,S
2021-07-13T10:30:52,10000.0,11.5,S
2021-07-13T10:28:40,900.0,11.6,S
2021-07-13T10:28:27,1000.0,11.6,B
2021-07-13T10:27:55,2000.0,11.6,B
2021-07-13T10:27:22,100.0,11.6,B
2021-07-13T10:27:02,100.0,11.6,B
2021-07-13T10:25:18,1300.0,11.6,B
2021-07-13T10:23:19,400.0,11.6,B
2021-07-13T10:20:49,200.0,11.6,B
2021-07-13T10:19:03,500.0,11.6,B
2021-07-13T10:18:32,1000.0,11.6,B
2021-07-13T10:17:16,500.0,11.6,B
2021-07-13T10:17:16,9000.0,11.6,S
2021-07-13T10:16:57,200.0,11.6,S
2021-07-13T10:15:00,2300.0,11.6,B
2021-07-13T10:14:58,100.0,11.6,B
2021-07-13T10:14:53,7600.0,11.6,B
2021-07-13T10:14:44,2000.0,11.6,S
2021-07-13T10:14:36,200.0,11.6,S
2021-07-13T10:14:12,2000.0,11.6,S
2021-07-13T10:13:25,2300.0,11.6,S
2021-07-13T10:13:21,10000.0,11.6,S
2021-07-13T10:13:18,1300.0,11.6,S
2021-07-13T10:11:54,500.0,11.6,S
2021-07-13T10:11:44,200.0,11.6,S
2021-07-13T10:11:24,13900.0,11.6,B
2021-07-13T10:11:21,200.0,11.6,B
2021-07-13T10:11:01,200.0,11.6,B
2021-07-13T10:10:31,600.0,11.6,B
2021-07-13T10:10:28,1000.0,11.6,B
2021-07-13T10:10:00,2000.0,11.6,B
2021-07-13T10:09:45,100.0,11.6,B
2021-07-13T10:09:42,5000.0,11.6,B
2021-07-13T10:09:10,5100.0,11.6,B
2021-07-13T10:07:12,100.0,11.6,B
2021-07-13T10:07:07,900.0,11.6,B
2021-07-13T10:05:51,15000.0,11.6,B
2021-07-13T10:05:19,5000.0,11.5,S
2021-07-13T10:05:17,100.0,11.5,S
2021-07-13T10:05:00,10000.0,11.5,S
2021-07-13T10:04:40,2000.0,11.5,S
2021-07-13T10:04:28,1000.0,11.5,S
2021-07-13T10:04:03,100.0,11.5,S
2021-07-13T10:03:39,3100.0,11.5,S
2021-07-13T10:03:38,1500.0,11.5,B
2021-07-13T10:03:35,4400.0,11.5,S
2021-07-13T10:03:28,5000.0,11.5,B
2021-07-13T10:03:21,1000.0,11.5,B
2021-07-13T10:03:10,600.0,11.5,S
2021-07-13T10:02:39,100.0,11.5,S
2021-07-13T10:02:07,4400.0,11.5,B
2021-07-13T10:01:48,600.0,11.5,B
2021-07-13T10:01:37,2000.0,11.4,S
2021-07-13T10:01:16,200.0,11.4,S
2021-07-13T10:01:01,3000.0,11.5,B
2021-07-13T10:00:41,5000.0,11.5,B
2021-07-13T10:00:34,1000.0,11.5,B
2021-07-13T10:00:08,400.0,11.5,B
2021-07-13T09:59:05,1000.0,11.5,B
2021-07-13T09:58:37,100.0,11.5,B
2021-07-13T09:58:34,400.0,11.5,B
2021-07-13T09:58:09,200.0,11.5,B
2021-07-13T09:58:05,1000.0,11.5,B
2021-07-13T09:58:04,2000.0,11.5,B
2021-07-13T09:57:53,1600.0,11.5,B
2021-07-13T09:57:42,100.0,11.5,B
2021-07-13T09:57:24,2500.0,11.5,B
2021-07-13T09:57:19,300.0,11.5,B
2021-07-13T09:56:46,1000.0,11.5,B
2021-07-13T09:56:32,100.0,11.4,S
2021-07-13T09:55:20,100.0,11.4,S
2021-07-13T09:54:55,2700.0,11.4,S
2021-07-13T09:54:54,200.0,11.5,B
2021-07-13T09:54:20,300.0,11.5,B
2021-07-13T09:54:16,100.0,11.5,B
2021-07-13T09:53:29,800.0,11.5,S
2021-07-13T09:53:27,2300.0,11.5,S
2021-07-13T09:53:21,5000.0,11.5,S
2021-07-13T09:53:16,500.0,11.5,S
2021-07-13T09:52:54,1000.0,11.5,S
2021-07-13T09:52:40,200.0,11.5,S
2021-07-13T09:52:36,200.0,11.5,S
2021-07-13T09:52:23,2000.0,11.5,S
2021-07-13T09:52:13,200.0,11.5,S
2021-07-13T09:51:58,100.0,11.5,S
2021-07-13T09:51:51,100.0,11.5,S
2021-07-13T09:51:50,2000.0,11.5,S
2021-07-13T09:50:57,3500.0,11.6,B
2021-07-13T09:50:57,2000.0,11.5,S
2021-07-13T09:50:54,1000.0,11.5,S
2021-07-13T09:50:44,100.0,11.5,S
2021-07-13T09:50:39,300.0,11.5,S
2021-07-13T09:50:25,18000.0,11.5,S
2021-07-13T09:50:25,400.0,11.6,B
2021-07-13T09:49:46,500.0,11.6,B
2021-07-13T09:49:36,1500.0,11.6,B
2021-07-13T09:49:35,1600.0,11.5,S
2021-07-13T09:48:49,100.0,11.6,B
2021-07-13T09:48:09,500.0,11.6,B
2021-07-13T09:46:43,100.0,11.5,S
2021-07-13T09:46:13,100.0,11.5,S
2021-07-13T09:45:33,200.0,11.5,S
2021-07-13T09:45:11,10000.0,11.5,S
2021-07-13T09:44:49,200.0,11.5,S
2021-07-13T09:43:54,100.0,11.6,B
2021-07-13T09:42:36,1000.0,11.5,S
2021-07-13T09:42:15,100.0,11.5,S
2021-07-13T09:41:25,1000.0,11.5,S
2021-07-13T09:41:21,6000.0,11.5,S
2021-07-13T09:41:01,100.0,11.6,B
2021-07-13T09:40:33,100.0,11.6,B
2021-07-13T09:40:11,400.0,11.6,B
2021-07-13T09:40:01,100.0,11.6,B
2021-07-13T09:39:54,100.0,11.6,B
2021-07-13T09:39:30,2300.0,11.6,S
2021-07-13T09:39:17,500.0,11.6,S
2021-07-13T09:39:16,2000.0,11.6,S
2021-07-13T09:39:02,6400.0,11.6,S
2021-07-13T09:38:57,300.0,11.6,S
2021-07-13T09:38:54,1000.0,11.6,S
2021-07-13T09:38:51,200.0,11.6,S
2021-07-13T09:38:49,200.0,11.7,B
2021-07-13T09:38:46,200.0,11.6,S
2021-07-13T09:38:03,500.0,11.7,B
2021-07-13T09:37:58,200.0,11.7,B
2021-07-13T09:37:55,200.0,11.7,B
2021-07-13T09:37:48,5000.0,11.7,B
2021-07-13T09:37:31,3000.0,11.7,B
2021-07-13T09:37:24,300.0,11.7,B
2021-07-13T09:37:11,1200.0,11.7,B
2021-07-13T09:36:56,200.0,11.6,S
2021-07-13T09:36:43,200.0,11.6,B
2021-07-13T09:36:41,600.0,11.6,B
2021-07-13T09:36:41,300.0,11.5,S
2021-07-13T09:36:34,100.0,11.6,B
2021-07-13T09:36:10,100.0,11.6,B
2021-07-13T09:35:35,1700.0,11.5,S
2021-07-13T09:35:32,300.0,11.6,B
2021-07-13T09:35:32,100.0,11.6,B
2021-07-13T09:35:11,200.0,11.6,B
2021-07-13T09:35:07,100.0,11.6,B
2021-07-13T09:34:37,25000.0,11.5,S
2021-07-13T09:34:34,12700.0,11.6,S
2021-07-13T09:34:25,1700.0,11.6,B
2021-07-13T09:34:23,200.0,11.6,B
2021-07-13T09:33:43,100.0,11.6,B
2021-07-13T09:33:36,1000.0,11.6,B
2021-07-13T09:32:56,700.0,11.6,B
2021-07-13T09:32:44,1000.0,11.6,B
2021-07-13T09:32:36,200.0,11.6,B
2021-07-13T09:32:31,500.0,11.6,B
2021-07-13T09:32:24,100.0,11.6,B
2021-07-13T09:32:19,200.0,11.6,B
2021-07-13T09:32:14,500.0,11.6,B
2021-07-13T09:32:10,6100.0,11.6,B
2021-07-13T09:32:07,200.0,11.6,B
2021-07-13T09:32:00,100.0,11.6,B
2021-07-13T09:31:57,1300.0,11.6,B
2021-07-13T09:31:49,10000.0,11.6,B
2021-07-13T09:31:40,4000.0,11.5,S
2021-07-13T09:31:33,2000.0,11.6,B
2021-07-13T09:31:28,5000.0,11.5,S
2021-07-13T09:31:27,1000.0,11.6,B
2021-07-13T09:31:01,2000.0,11.5,S
2021-07-13T09:31:00,300.0,11.5,S
2021-07-13T09:30:36,700.0,11.5,S
2021-07-13T09:30:25,400.0,11.6,B
2021-07-13T09:30:19,5000.0,11.5,S
2021-07-13T09:29:51,200.0,11.5,S
2021-07-13T09:29:50,4500.0,11.5,B
2021-07-13T09:29:48,1000.0,11.5,B
2021-07-13T09:29:42,23000.0,11.5,B
2021-07-13T09:29:27,700.0,11.5,B
2021-07-13T09:29:27,1600.0,11.5,B
2021-07-13T09:29:24,500.0,11.5,B
2021-07-13T09:29:20,600.0,11.5,B
2021-07-13T09:29:16,1000.0,11.4,S
2021-07-13T09:29:15,400.0,11.5,B
2021-07-13T09:29:12,4200.0,11.5,B
2021-07-13T09:29:00,400.0,11.5,B
2021-07-13T09:28:59,10000.0,11.5,B
2021-07-13T09:28:50,900.0,11.5,B
2021-07-13T09:28:45,1000.0,11.5,B
2021-07-13T09:28:39,1000.0,11.5,B
2021-07-13T09:28:38,3000.0,11.5,B
2021-07-13T09:28:30,700.0,11.5,B
2021-07-13T09:28:18,500.0,11.5,B
2021-07-13T09:28:09,1000.0,11.4,S
2021-07-13T09:28:02,1000.0,11.4,S
2021-07-13T09:27:58,1000.0,11.4,S
2021-07-13T09:27:56,3000.0,11.5,B
2021-07-13T09:27:38,3900.0,11.4,S
2021-07-13T09:27:37,1000.0,11.4,S
2021-07-13T09:27:30,100.0,11.4,S
2021-07-13T09:26:52,200.0,11.4,S
2021-07-13T09:26:32,300.0,11.4,S
2021-07-13T09:26:15,100.0,11.4,S
2021-07-13T09:26:13,1000.0,11.4,S
2021-07-13T09:26:09,200.0,11.4,S
2021-07-13T09:26:08,5000.0,11.4,S
2021-07-13T09:26:05,500.0,11.4,S
2021-07-13T09:26:02,2000.0,11.4,S
2021-07-13T09:25:45,2500.0,11.4,S
2021-07-13T09:25:43,1000.0,11.4,S
2021-07-13T09:25:28,100.0,11.5,B
2021-07-13T09:25:14,100.0,11.4,S
2021-07-13T09:25:13,1000.0,11.5,B
2021-07-13T09:25:06,100.0,11.5,B
2021-07-13T09:24:50,3000.0,11.5,B
2021-07-13T09:24:49,500.0,11.4,S
2021-07-13T09:24:38,4100.0,11.4,S
2021-07-13T09:24:33,100.0,11.5,B
2021-07-13T09:24:18,300.0,11.4,S
2021-07-13T09:23:47,500.0,11.5,S
2021-07-13T09:23:44,3000.0,11.5,S
2021-07-13T09:23:43,1000.0,11.5,S
2021-07-13T09:23:43,600.0,11.5,S
2021-07-13T09:23:42,2500.0,11.5,S
2021-07-13T09:23:40,100.0,11.5,S
2021-07-13T09:23:39,5000.0,11.5,S
2021-07-13T09:23:37,100.0,11.5,S
2021-07-13T09:23:32,500.0,11.5,S
2021-07-13T09:23:31,300.0,11.5,S
2021-07-13T09:23:29,300.0,11.5,S
2021-07-13T09:23:26,300.0,11.5,S
2021-07-13T09:23:25,3000.0,11.5,S
2021-07-13T09:23:05,1000.0,11.5,S
2021-07-13T09:22:24,700.0,11.6,B
2021-07-13T09:22:22,300.0,11.6,S
2021-07-13T09:22:19,1000.0,11.5,S
2021-07-13T09:22:01,900.0,11.6,B
2021-07-13T09:22:01,100.0,11.7,B
2021-07-13T09:21:59,200.0,11.6,S
2021-07-13T09:21:58,4400.0,11.6,S
2021-07-13T09:21:57,10000.0,11.6,S
2021-07-13T09:21:52,2000.0,11.7,B
2021-07-13T09:21:44,1800.0,11.7,B
2021-07-13T09:21:40,4900.0,11.7,B
2021-07-13T09:21:38,500.0,11.7,S
2021-07-13T09:21:37,500.0,11.7,S
2021-07-13T09:21:35,3000.0,11.7,S
2021-07-13T09:21:34,5300.0,11.7,S
2021-07-13T09:21:32,100.0,11.7,S
2021-07-13T09:21:31,1000.0,11.7,S
2021-07-13T09:21:31,1600.0,11.7,S
2021-07-13T09:21:28,1000.0,11.7,S
2021-07-13T09:21:26,1000.0,11.7,S
2021-07-13T09:21:21,1000.0,11.7,S
2021-07-13T09:21:19,5000.0,11.7,S
2021-07-13T09:21:11,1100.0,11.7,S
2021-07-13T09:21:10,100.0,11.7,S
2021-07-13T09:21:08,600.0,11.7,S
2021-07-13T09:21:06,100.0,11.7,S
2021-07-13T09:21:04,100.0,11.7,S
2021-07-13T09:21:04,1000.0,11.7,S
2021-07-13T09:20:49,500.0,11.7,S
2021-07-13T09:20:41,1600.0,11.8,B
2021-07-13T09:20:40,100.0,11.7,S
2021-07-13T09:20:30,1200.0,11.8,B
2021-07-13T09:20:26,600.0,11.8,B
2021-07-13T09:20:16,100.0,11.8,B
2021-07-13T09:20:08,1000.0,11.8,B
2021-07-13T09:19:56,4000.0,11.8,B
2021-07-13T09:19:48,12600.0,11.8,B
2021-07-13T09:19:47,500.0,11.8,S
2021-07-13T09:19:43,1000.0,11.8,S
2021-07-13T09:19:41,4000.0,11.8,S
2021-07-13T09:19:37,500.0,11.8,S
2021-07-13T09:19:36,1000.0,11.8,S
2021-07-13T09:19:33,1000.0,11.8,S
2021-07-13T09:19:25,100.0,11.8,S
2021-07-13T09:19:13,300.0,11.8,S
2021-07-13T09:19:12,2200.0,11.8,S
2021-07-13T09:19:10,100.0,11.8,B
2021-07-13T09:19:08,800.0,11.8,B
2021-07-13T09:19:03,1900.0,11.8,B
2021-07-13T09:19:01,600.0,11.8,S
2021-07-13T09:18:59,2000.0,11.8,S
2021-07-13T09:18:57,1300.0,11.8,S
2021-07-13T09:18:53,1000.0,11.8,S
2021-07-13T09:18:47,1100.0,11.8,S
2021-07-13T09:18:46,2000.0,11.8,S
2021-07-13T09:18:46,100.0,11.8,S
2021-07-13T09:18:44,5000.0,11.8,S
2021-07-13T09:18:43,300.0,11.8,S
2021-07-13T09:18:34,100.0,11.8,S
2021-07-13T09:18:32,4200.0,11.8,S
2021-07-13T09:18:25,200.0,11.8,S
2021-07-13T09:18:14,11000.0,11.8,S
2021-07-13T09:18:04,100.0,11.8,S
2021-07-13T09:17:57,400.0,11.8,S
2021-07-13T09:17:51,5000.0,11.8,S
2021-07-13T09:17:43,500.0,11.8,S
2021-07-13T09:17:42,1000.0,11.9,B
2021-07-13T09:17:42,300.0,11.8,S
2021-07-13T09:17:33,500.0,11.9,B
2021-07-13T09:17:25,300.0,11.8,S
2021-07-13T09:16:54,19800.0,11.8,S
2021-07-13T09:16:45,500.0,11.8,B
2021-07-13T09:16:27,100.0,11.8,B
2021-07-13T09:16:26,4200.0,11.8,B
2021-07-13T09:16:23,3000.0,11.8,B
2021-07-13T09:16:22,3100.0,11.8,S
2021-07-13T09:16:03,10700.0,11.8,S
2021-07-13T09:15:54,600.0,11.8,S
2021-07-13T09:15:35,200.0,11.8,S
2021-07-13T09:15:13,100.0,11.8,S
2021-07-13T09:14:56,100.0,11.8,B
2021-07-13T09:14:47,200.0,11.7,S
2021-07-13T09:13:38,500.0,11.7,S
2021-07-13T09:13:38,25000.0,11.8,B
2021-07-13T09:13:23,500.0,11.7,S
2021-07-13T09:13:15,5000.0,11.7,S
2021-07-13T09:13:12,300.0,11.7,S
2021-07-13T09:12:59,1000.0,11.7,S
2021-07-13T09:12:55,100.0,11.7,S
2021-07-13T09:12:53,200.0,11.7,S
2021-07-13T09:12:32,1000.0,11.7,S
2021-07-13T09:12:18,100.0,11.7,S
2021-07-13T09:12:16,2000.0,11.8,B
2021-07-13T09:12:13,200.0,11.7,S
2021-07-13T09:12:04,100.0,11.7,S
2021-07-13T09:11:49,1000.0,11.7,S
2021-07-13T09:11:47,1300.0,11.7,S
2021-07-13T09:11:44,3600.0,11.7,B
2021-07-13T09:11:35,3000.0,11.7,B
2021-07-13T09:11:21,1200.0,11.7,B
2021-07-13T09:11:00,800.0,11.7,S
2021-07-13T09:10:58,5000.0,11.7,S
2021-07-13T09:10:57,1700.0,11.7,S
2021-07-13T09:10:53,400.0,11.7,S
2021-07-13T09:10:49,700.0,11.7,S
2021-07-13T09:10:48,1600.0,11.7,S
2021-07-13T09:10:42,1000.0,11.7,S
2021-07-13T09:10:25,3000.0,11.8,B
2021-07-13T09:10:02,600.0,11.8,S
2021-07-13T09:09:57,1000.0,11.8,S
2021-07-13T09:09:50,2000.0,11.8,S
2021-07-13T09:09:49,1000.0,11.8,S
2021-07-13T09:09:45,2000.0,11.9,B
2021-07-13T09:09:45,5000.0,11.9,B
2021-07-13T09:09:41,2000.0,11.9,B
2021-07-13T09:09:38,300.0,11.8,S
2021-07-13T09:09:36,400.0,11.9,B
2021-07-13T09:09:12,100.0,11.9,B
2021-07-13T09:08:51,15000.0,12.0,B
2021-07-13T09:08:39,100.0,11.9,B
2021-07-13T09:08:36,700.0,11.9,S
2021-07-13T09:08:32,3000.0,11.9,S
2021-07-13T09:08:28,500.0,11.9,S
2021-07-13T09:08:27,100.0,11.9,S
2021-07-13T09:08:19,1000.0,11.9,S
2021-07-13T09:08:10,1000.0,11.9,S
2021-07-13T09:08:07,200.0,12.0,B
2021-07-13T09:08:06,1000.0,11.9,S
2021-07-13T09:08:03,300.0,12.0,B
2021-07-13T09:08:00,100.0,11.9,S
2021-07-13T09:07:58,2000.0,11.9,S
2021-07-13T09:07:54,2000.0,12.0,B
2021-07-13T09:07:50,2000.0,11.9,S
2021-07-13T09:07:48,200.0,12.0,B
2021-07-13T09:07:37,10000.0,12.0,B
2021-07-13T09:07:35,1000.0,11.9,B
2021-07-13T09:07:34,100.0,11.9,B
2021-07-13T09:07:30,600.0,11.9,B
2021-07-13T09:07:26,1300.0,12.0,B
2021-07-13T09:07:26,9500.0,12.0,B
2021-07-13T09:07:25,300.0,11.9,B
2021-07-13T09:07:21,2000.0,11.9,B
2021-07-13T09:07:11,100.0,11.9,B
2021-07-13T09:06:59,2000.0,11.9,B
2021-07-13T09:06:57,1200.0,11.8,S
2021-07-13T09:06:55,7600.0,11.9,B
2021-07-13T09:06:53,2000.0,11.9,B
2021-07-13T09:06:46,400.0,11.8,B
2021-07-13T09:06:41,600.0,11.8,B
2021-07-13T09:06:32,600.0,11.7,B
2021-07-13T09:06:31,100.0,11.7,B
2021-07-13T09:06:24,7000.0,11.7,B
2021-07-13T09:06:02,600.0,11.6,B
2021-07-13T09:06:01,500.0,11.6,B
2021-07-13T09:06:00,600.0,11.6,B
2021-07-13T09:05:51,500.0,11.6,B
2021-07-13T09:05:41,100.0,11.6,B
2021-07-13T09:05:13,700.0,11.5,B
2021-07-13T09:05:06,1400.0,11.5,B
2021-07-13T09:05:02,8000.0,11.5,B
2021-07-13T09:05:01,500.0,11.5,B
2021-07-13T09:04:53,500.0,11.5,B
2021-07-13T09:04:36,2700.0,11.5,B
2021-07-13T09:04:25,300.0,11.5,B
2021-07-13T09:03:56,200.0,11.4,S
2021-07-13T09:03:55,1400.0,11.5,B
2021-07-13T09:03:45,1300.0,11.4,S
2021-07-13T09:03:31,6000.0,11.4,B
2021-07-13T09:03:30,100.0,11.4,B
2021-07-13T09:03:25,5000.0,11.4,B
2021-07-13T09:03:12,2600.0,11.3,B
2021-07-13T09:03:00,1400.0,11.2,S
2021-07-13T09:02:50,1000.0,11.2,B
2021-07-13T09:02:32,2000.0,11.1,S
2021-07-13T09:01:51,300.0,11.0,B
2021-07-13T09:01:47,1000.0,11.0,B
2021-07-13T09:01:42,900.0,11.0,S
2021-07-13T09:01:30,2000.0,11.0,S
2021-07-13T09:01:28,400.0,11.0,S
2021-07-13T09:01:16,1000.0,11.0,S
2021-07-13T09:01:03,1000.0,11.0,S
2021-07-13T09:00:56,900.0,11.0,S
2021-07-13T09:00:34,400.0,11.0,S
2021-07-13T09:00:32,400.0,11.2,B
2021-07-13T09:00:28,400.0,11.0,S
2021-07-13T09:00:26,200.0,11.3,S
