tradingTime,volume,price,side
2021-07-13T14:30:00,7300.0,20.3,B
2021-07-13T14:29:32,5000.0,20.3,B
2021-07-13T14:29:20,5000.0,20.3,B
2021-07-13T14:29:01,100.0,20.2,S
2021-07-13T14:28:55,16100.0,20.2,B
2021-07-13T14:28:52,4000.0,20.2,B
2021-07-13T14:28:40,5000.0,20.2,B
2021-07-13T14:28:32,5000.0,20.2,B
2021-07-13T14:28:26,100.0,20.1,S
2021-07-13T14:28:23,5000.0,20.1,S
2021-07-13T14:28:14,3000.0,20.2,B
2021-07-13T14:27:32,500.0,20.2,B
2021-07-13T14:27:29,9100.0,20.1,B
2021-07-13T14:27:25,5000.0,20.1,B
2021-07-13T14:27:15,9000.0,20.1,B
2021-07-13T14:26:24,100.0,20.1,B
2021-07-13T14:26:05,12500.0,20.0,B
2021-07-13T14:26:00,1000.0,20.0,B
2021-07-13T14:26:00,100.0,20.0,B
2021-07-13T14:25:53,100.0,19.9,S
2021-07-13T14:25:18,7300.0,20.0,B
2021-07-13T14:24:37,1000.0,20.0,B
2021-07-13T14:23:02,500.0,20.0,B
2021-07-13T14:22:42,10000.0,20.0,B
2021-07-13T14:22:30,2000.0,20.0,B
2021-07-13T14:21:29,2500.0,19.9,B
2021-07-13T14:21:24,200.0,19.9,B
2021-07-13T14:21:19,10000.0,19.9,B
2021-07-13T14:20:58,21900.0,19.9,B
2021-07-13T14:20:50,5000.0,19.9,B
2021-07-13T14:18:53,400.0,19.8,S
2021-07-13T14:18:08,10900.0,19.9,S
2021-07-13T14:17:26,100.0,19.9,S
2021-07-13T14:17:15,1000.0,19.9,S
2021-07-13T14:16:02,500.0,19.9,S
2021-07-13T14:15:27,400.0,19.9,S
2021-07-13T14:15:01,100.0,19.9,S
2021-07-13T14:14:32,2000.0,19.9,S
2021-07-13T14:12:55,1500.0,19.9,S
2021-07-13T14:12:16,300.0,19.9,S
2021-07-13T14:11:57,800.0,19.9,B
2021-07-13T14:11:30,100.0,19.9,B
2021-07-13T14:10:04,600.0,19.9,B
2021-07-13T14:09:23,900.0,19.9,B
2021-07-13T14:09:16,100.0,19.8,S
2021-07-13T14:09:11,2000.0,19.9,B
2021-07-13T14:08:13,2900.0,19.8,B
2021-07-13T14:08:04,100.0,19.8,B
2021-07-13T14:07:26,200.0,19.7,S
2021-07-13T14:07:01,3700.0,19.8,S
2021-07-13T14:05:51,2600.0,19.9,B
2021-07-13T14:05:07,23900.0,19.9,B
2021-07-13T14:04:37,100.0,19.9,B
2021-07-13T14:03:33,20800.0,19.9,B
2021-07-13T14:03:24,3400.0,19.9,S
2021-07-13T14:02:14,100.0,20.0,B
2021-07-13T14:01:43,500.0,19.9,S
2021-07-13T14:01:39,400.0,19.9,S
2021-07-13T14:01:18,50000.0,19.9,S
2021-07-13T14:00:07,2000.0,19.9,S
2021-07-13T13:58:57,300.0,19.9,S
2021-07-13T13:58:27,100.0,20.0,B
2021-07-13T13:57:58,200.0,20.0,B
2021-07-13T13:57:07,300.0,20.0,B
2021-07-13T13:56:20,100.0,20.0,B
2021-07-13T13:55:42,500.0,20.0,B
2021-07-13T13:55:23,100.0,20.0,B
2021-07-13T13:55:03,200.0,20.0,B
2021-07-13T13:53:56,1700.0,20.0,B
2021-07-13T13:53:41,700.0,20.0,B
2021-07-13T13:53:26,1700.0,20.0,B
2021-07-13T13:53:17,12900.0,20.0,S
2021-07-13T13:53:08,800.0,20.1,B
2021-07-13T13:53:07,1000.0,20.0,S
2021-07-13T13:52:14,600.0,20.0,S
2021-07-13T13:51:23,100.0,20.0,S
2021-07-13T13:50:38,100.0,20.0,S
2021-07-13T13:50:13,1000.0,20.0,S
2021-07-13T13:48:49,700.0,20.0,S
2021-07-13T13:48:13,4700.0,20.0,B
2021-07-13T13:47:07,1000.0,20.0,B
2021-07-13T13:47:03,14800.0,20.0,S
2021-07-13T13:44:48,3400.0,20.0,S
2021-07-13T13:44:47,2000.0,20.1,B
2021-07-13T13:43:50,1700.0,20.1,B
2021-07-13T13:43:30,29000.0,20.0,B
2021-07-13T13:43:10,1000.0,19.9,S
2021-07-13T13:43:00,5000.0,20.0,B
2021-07-13T13:42:50,2000.0,19.9,S
2021-07-13T13:42:09,500.0,19.9,S
2021-07-13T13:41:37,100.0,19.9,S
2021-07-13T13:40:51,20800.0,19.9,B
2021-07-13T13:40:49,100.0,19.9,B
2021-07-13T13:39:18,6000.0,19.9,B
2021-07-13T13:38:50,5000.0,19.9,B
2021-07-13T13:38:25,100.0,19.8,S
2021-07-13T13:38:13,100.0,19.8,S
2021-07-13T13:37:02,200.0,19.8,S
2021-07-13T13:36:03,200.0,19.8,S
2021-07-13T13:35:19,100.0,19.8,S
2021-07-13T13:35:19,300.0,19.9,B
2021-07-13T13:34:25,21900.0,19.9,S
2021-07-13T13:33:33,200.0,20.0,B
2021-07-13T13:33:05,500.0,20.0,B
2021-07-13T13:32:58,1000.0,20.0,B
2021-07-13T13:30:54,100.0,20.0,B
2021-07-13T13:30:48,100.0,20.0,B
2021-07-13T13:30:18,800.0,20.0,B
2021-07-13T13:29:42,100.0,20.0,B
2021-07-13T13:29:40,500.0,19.9,S
2021-07-13T13:29:39,100.0,19.9,S
2021-07-13T13:29:28,200.0,20.0,B
2021-07-13T13:27:45,1000.0,19.9,S
2021-07-13T13:25:41,2600.0,19.9,B
2021-07-13T13:25:32,6100.0,19.8,B
2021-07-13T13:25:04,200.0,19.8,B
2021-07-13T13:24:49,100.0,19.7,B
2021-07-13T13:24:19,10000.0,19.7,B
2021-07-13T13:24:15,100.0,19.6,S
2021-07-13T13:24:11,1000.0,19.7,B
2021-07-13T13:24:08,400.0,19.6,S
2021-07-13T13:24:05,700.0,19.6,S
2021-07-13T13:23:53,300.0,19.6,S
2021-07-13T13:23:36,400.0,19.6,S
2021-07-13T13:23:31,1000.0,19.6,S
2021-07-13T13:23:11,500.0,19.6,S
2021-07-13T13:23:09,100.0,19.6,S
2021-07-13T13:23:08,3800.0,19.6,S
2021-07-13T13:23:06,1000.0,19.6,S
2021-07-13T13:22:59,3800.0,19.6,S
2021-07-13T13:22:02,4000.0,19.6,S
2021-07-13T13:22:00,2500.0,19.6,S
2021-07-13T13:21:58,500.0,19.6,S
2021-07-13T13:21:52,500.0,19.6,S
2021-07-13T13:21:50,500.0,19.6,S
2021-07-13T13:21:42,1500.0,19.6,S
2021-07-13T13:21:24,1000.0,19.6,S
2021-07-13T13:21:22,500.0,19.6,S
2021-07-13T13:20:59,3100.0,19.7,B
2021-07-13T13:20:53,800.0,19.7,S
2021-07-13T13:20:52,500.0,19.7,S
2021-07-13T13:20:48,200.0,19.7,S
2021-07-13T13:20:47,3200.0,19.7,S
2021-07-13T13:20:31,3000.0,19.7,S
2021-07-13T13:20:25,100.0,19.7,S
2021-07-13T13:20:13,1000.0,19.7,S
2021-07-13T13:19:40,10100.0,19.8,S
2021-07-13T13:19:36,2000.0,19.8,S
2021-07-13T13:19:35,100.0,19.8,S
2021-07-13T13:19:27,8400.0,19.8,S
2021-07-13T13:19:16,200.0,19.8,S
2021-07-13T13:19:12,2000.0,19.8,S
2021-07-13T13:19:02,2000.0,19.8,S
2021-07-13T13:18:59,1000.0,19.8,S
2021-07-13T13:18:19,200.0,19.8,S
2021-07-13T13:18:17,100.0,19.9,B
2021-07-13T13:18:12,10000.0,19.8,S
2021-07-13T13:18:02,1000.0,19.9,B
2021-07-13T13:16:02,1700.0,19.9,B
2021-07-13T13:15:37,100.0,19.9,S
2021-07-13T13:15:26,10000.0,19.9,S
2021-07-13T13:14:17,300.0,19.9,S
2021-07-13T13:13:38,1000.0,19.9,S
2021-07-13T13:13:17,2000.0,19.9,S
2021-07-13T13:12:07,100.0,19.9,S
2021-07-13T13:11:27,2000.0,19.9,S
2021-07-13T13:07:39,11500.0,19.9,S
2021-07-13T13:07:25,3000.0,19.9,S
2021-07-13T13:03:21,2000.0,19.9,S
2021-07-13T13:03:07,6000.0,19.9,S
2021-07-13T13:02:48,10000.0,20.0,B
2021-07-13T13:02:27,100.0,19.9,B
2021-07-13T13:01:09,300.0,19.9,B
2021-07-13T13:00:06,300.0,19.9,B
2021-07-13T13:00:03,400.0,19.9,B
2021-07-13T13:00:01,2200.0,19.9,B
2021-07-13T13:00:01,200.0,19.9,B
2021-07-13T11:29:50,300.0,19.9,B
2021-07-13T11:29:41,500.0,19.9,B
2021-07-13T11:29:25,100.0,19.9,S
2021-07-13T11:28:57,1700.0,19.9,B
2021-07-13T11:28:51,300.0,19.9,S
2021-07-13T11:28:00,100.0,20.0,B
2021-07-13T11:27:43,1000.0,19.9,S
2021-07-13T11:27:42,2000.0,19.9,S
2021-07-13T11:27:37,2000.0,19.9,S
2021-07-13T11:27:20,200.0,20.0,B
2021-07-13T11:27:00,200.0,20.0,B
2021-07-13T11:26:23,100.0,20.0,B
2021-07-13T11:26:22,2000.0,19.9,S
2021-07-13T11:25:58,2000.0,19.9,S
2021-07-13T11:25:53,100.0,19.9,S
2021-07-13T11:23:40,400.0,19.9,S
2021-07-13T11:23:23,100.0,20.0,B
2021-07-13T11:22:03,400.0,19.9,B
2021-07-13T11:21:34,100.0,19.9,B
2021-07-13T11:21:18,1400.0,19.9,S
2021-07-13T11:20:54,600.0,19.9,B
2021-07-13T11:20:15,700.0,19.8,S
2021-07-13T11:20:01,3400.0,19.9,B
2021-07-13T11:19:58,10000.0,19.9,S
2021-07-13T11:18:39,200.0,20.0,B
2021-07-13T11:18:36,100.0,20.0,B
2021-07-13T11:17:53,1100.0,20.0,S
2021-07-13T11:17:52,2500.0,20.0,S
2021-07-13T11:17:46,300.0,20.0,S
2021-07-13T11:17:41,2000.0,20.0,S
2021-07-13T11:17:28,5000.0,20.0,S
2021-07-13T11:17:24,1100.0,20.0,S
2021-07-13T11:17:21,2000.0,20.0,S
2021-07-13T11:17:09,2000.0,20.0,S
2021-07-13T11:17:04,100.0,20.0,S
2021-07-13T11:16:47,100.0,20.0,S
2021-07-13T11:15:15,2700.0,20.0,S
2021-07-13T11:11:03,100.0,20.1,B
2021-07-13T11:08:57,1000.0,20.1,B
2021-07-13T11:08:56,400.0,20.1,B
2021-07-13T11:08:40,2000.0,20.1,B
2021-07-13T11:08:31,3200.0,20.1,S
2021-07-13T11:08:28,100.0,20.1,S
2021-07-13T11:08:04,500.0,20.1,S
2021-07-13T11:08:01,10000.0,20.1,S
2021-07-13T11:07:52,500.0,20.1,S
2021-07-13T11:07:07,1000.0,20.1,S
2021-07-13T11:06:18,1800.0,20.1,S
2021-07-13T11:05:57,400.0,20.1,S
2021-07-13T11:04:11,1000.0,20.1,S
2021-07-13T11:02:49,1000.0,20.2,B
2021-07-13T11:01:47,10000.0,20.2,B
2021-07-13T11:01:38,1000.0,20.1,S
2021-07-13T11:00:59,5100.0,20.1,B
2021-07-13T11:00:29,5000.0,20.1,B
2021-07-13T10:58:53,3000.0,20.1,B
2021-07-13T10:56:56,9200.0,20.1,B
2021-07-13T10:56:50,4600.0,20.1,S
2021-07-13T10:55:37,1000.0,20.1,S
2021-07-13T10:54:07,3500.0,20.1,B
2021-07-13T10:53:27,1000.0,20.1,B
2021-07-13T10:51:29,200.0,20.1,B
2021-07-13T10:50:47,600.0,20.0,S
2021-07-13T10:48:48,800.0,20.0,S
2021-07-13T10:48:04,500.0,20.0,S
2021-07-13T10:47:40,500.0,20.0,S
2021-07-13T10:47:02,2500.0,20.0,S
2021-07-13T10:46:40,100.0,20.0,S
2021-07-13T10:45:36,600.0,20.0,S
2021-07-13T10:45:11,1000.0,19.9,B
2021-07-13T10:45:00,10300.0,19.9,S
2021-07-13T10:44:45,5300.0,19.9,S
2021-07-13T10:44:26,2000.0,19.9,S
2021-07-13T10:43:51,33300.0,20.0,S
2021-07-13T10:43:47,100.0,20.0,S
2021-07-13T10:43:13,500.0,20.0,S
2021-07-13T10:42:30,2000.0,20.0,S
2021-07-13T10:42:01,500.0,20.0,S
2021-07-13T10:42:01,100.0,20.1,B
2021-07-13T10:41:54,600.0,20.0,S
2021-07-13T10:41:32,18000.0,20.1,B
2021-07-13T10:41:17,100.0,20.2,S
2021-07-13T10:41:16,300.0,20.2,S
2021-07-13T10:41:13,6500.0,20.2,S
2021-07-13T10:41:00,400.0,20.2,S
2021-07-13T10:40:50,700.0,20.2,S
2021-07-13T10:40:42,300.0,20.2,S
2021-07-13T10:40:32,1000.0,20.2,S
2021-07-13T10:40:18,300.0,20.3,B
2021-07-13T10:39:49,1000.0,20.3,B
2021-07-13T10:39:46,1000.0,20.2,S
2021-07-13T10:39:10,1700.0,20.1,S
2021-07-13T10:39:01,100.0,20.3,B
2021-07-13T10:38:40,21900.0,20.2,B
2021-07-13T10:38:12,100.0,20.2,B
2021-07-13T10:37:54,4900.0,20.1,B
2021-07-13T10:37:53,3000.0,20.1,B
2021-07-13T10:37:50,10000.0,20.1,B
2021-07-13T10:37:50,100.0,20.1,B
2021-07-13T10:37:42,1600.0,20.1,B
2021-07-13T10:36:09,600.0,20.0,B
2021-07-13T10:36:06,10000.0,20.0,B
2021-07-13T10:36:04,1000.0,20.0,B
2021-07-13T10:36:00,2000.0,20.0,B
2021-07-13T10:35:58,10000.0,20.0,B
2021-07-13T10:35:57,400.0,20.0,B
2021-07-13T10:35:51,10000.0,20.0,B
2021-07-13T10:35:43,8000.0,20.0,B
2021-07-13T10:35:04,200.0,19.9,S
2021-07-13T10:34:43,400.0,20.0,B
2021-07-13T10:34:25,5000.0,19.9,S
2021-07-13T10:33:05,20000.0,19.9,B
2021-07-13T10:32:58,1100.0,19.9,B
2021-07-13T10:28:45,12000.0,19.8,S
2021-07-13T10:28:25,100.0,19.9,B
2021-07-13T10:28:04,1000.0,19.8,S
2021-07-13T10:28:04,100.0,19.9,B
2021-07-13T10:27:59,2000.0,19.9,B
2021-07-13T10:27:44,300.0,19.9,B
2021-07-13T10:27:35,100.0,19.9,B
2021-07-13T10:26:23,100.0,19.9,B
2021-07-13T10:25:37,500.0,19.9,B
2021-07-13T10:23:54,1000.0,19.9,B
2021-07-13T10:23:08,4200.0,19.9,S
2021-07-13T10:22:15,1000.0,19.9,S
2021-07-13T10:21:34,5000.0,19.9,S
2021-07-13T10:21:27,5000.0,19.9,S
2021-07-13T10:21:16,100.0,19.9,S
2021-07-13T10:20:15,500.0,19.9,S
2021-07-13T10:20:15,500.0,19.9,S
2021-07-13T10:20:00,6000.0,19.9,S
2021-07-13T10:18:58,300.0,19.9,S
2021-07-13T10:18:37,200.0,19.9,S
2021-07-13T10:18:15,2700.0,19.9,B
2021-07-13T10:17:58,100.0,19.9,B
2021-07-13T10:17:24,200.0,19.9,S
2021-07-13T10:15:41,9800.0,19.9,B
2021-07-13T10:15:10,300.0,19.9,B
2021-07-13T10:13:42,7600.0,19.8,S
2021-07-13T10:13:12,100.0,19.9,B
2021-07-13T10:12:44,700.0,20.0,B
2021-07-13T10:12:40,3000.0,19.8,S
2021-07-13T10:11:40,2000.0,20.0,B
2021-07-13T10:11:37,1000.0,20.0,B
2021-07-13T10:11:16,5000.0,20.0,B
2021-07-13T10:10:56,4600.0,19.9,S
2021-07-13T10:10:26,2000.0,19.9,S
2021-07-13T10:10:20,4900.0,19.9,B
2021-07-13T10:09:36,10000.0,19.9,B
2021-07-13T10:09:24,1000.0,19.9,B
2021-07-13T10:09:05,4000.0,19.8,S
2021-07-13T10:08:12,3000.0,19.9,B
2021-07-13T10:07:54,100.0,19.9,B
2021-07-13T10:07:00,100.0,19.8,S
2021-07-13T10:06:48,10000.0,19.9,B
2021-07-13T10:06:47,100.0,19.8,S
2021-07-13T10:06:19,300.0,19.8,S
2021-07-13T10:06:07,100.0,19.9,B
2021-07-13T10:05:37,200.0,19.8,S
2021-07-13T10:04:40,9100.0,19.8,S
2021-07-13T10:04:33,500.0,19.8,B
2021-07-13T10:04:30,5000.0,19.7,S
2021-07-13T10:03:54,200.0,19.7,S
2021-07-13T10:02:53,3000.0,19.7,S
2021-07-13T10:01:52,100.0,19.7,S
2021-07-13T10:00:40,100.0,19.8,B
2021-07-13T09:59:59,1900.0,19.8,B
2021-07-13T09:59:12,2000.0,19.7,S
2021-07-13T09:59:03,100.0,19.7,S
2021-07-13T09:58:44,400.0,19.7,B
2021-07-13T09:58:14,500.0,19.7,S
2021-07-13T09:57:40,1000.0,19.6,S
2021-07-13T09:56:42,100.0,19.6,S
2021-07-13T09:56:27,3000.0,19.6,S
2021-07-13T09:56:25,500.0,19.7,S
2021-07-13T09:56:21,500.0,19.7,S
2021-07-13T09:56:15,1000.0,19.7,S
2021-07-13T09:56:08,100.0,19.7,S
2021-07-13T09:56:02,1800.0,19.7,S
2021-07-13T09:56:00,1500.0,19.7,S
2021-07-13T09:55:57,2000.0,19.7,S
2021-07-13T09:55:50,1800.0,19.7,S
2021-07-13T09:55:41,500.0,19.7,S
2021-07-13T09:54:53,200.0,19.7,S
2021-07-13T09:54:50,1600.0,19.7,B
2021-07-13T09:54:12,10000.0,19.7,B
2021-07-13T09:53:53,1000.0,19.7,B
2021-07-13T09:53:07,100.0,19.7,B
2021-07-13T09:52:50,300.0,19.7,B
2021-07-13T09:52:41,10000.0,19.7,B
2021-07-13T09:52:11,100.0,19.7,B
2021-07-13T09:52:02,15900.0,19.7,S
2021-07-13T09:52:01,1000.0,19.7,S
2021-07-13T09:52:01,1000.0,19.7,S
2021-07-13T09:51:59,500.0,19.7,S
2021-07-13T09:51:52,1500.0,19.7,S
2021-07-13T09:51:43,1700.0,19.7,S
2021-07-13T09:51:33,1000.0,19.7,S
2021-07-13T09:51:13,2600.0,19.7,S
2021-07-13T09:50:55,10000.0,19.7,S
2021-07-13T09:50:34,2800.0,19.8,S
2021-07-13T09:50:17,5800.0,19.8,S
2021-07-13T09:50:14,1000.0,19.8,S
2021-07-13T09:50:13,1000.0,19.8,S
2021-07-13T09:50:13,100.0,19.8,S
2021-07-13T09:50:06,300.0,19.8,S
2021-07-13T09:49:58,5500.0,19.8,S
2021-07-13T09:49:54,2000.0,19.8,S
2021-07-13T09:48:00,4000.0,19.8,S
2021-07-13T09:47:54,2000.0,19.8,S
2021-07-13T09:47:41,200.0,19.8,S
2021-07-13T09:46:53,2000.0,19.8,S
2021-07-13T09:46:07,300.0,19.8,S
2021-07-13T09:45:59,1000.0,19.8,S
2021-07-13T09:45:19,400.0,19.8,S
2021-07-13T09:45:06,4000.0,19.7,S
2021-07-13T09:44:55,100.0,19.8,S
2021-07-13T09:44:39,1000.0,19.8,S
2021-07-13T09:44:37,1000.0,19.8,B
2021-07-13T09:44:24,300.0,19.7,S
2021-07-13T09:43:55,500.0,19.7,S
2021-07-13T09:42:57,2000.0,19.7,S
2021-07-13T09:42:53,1800.0,19.8,B
2021-07-13T09:42:33,1000.0,19.8,B
2021-07-13T09:42:33,7000.0,19.7,S
2021-07-13T09:42:19,300.0,19.8,S
2021-07-13T09:42:02,2000.0,19.8,S
2021-07-13T09:41:46,200.0,19.8,B
2021-07-13T09:41:41,5000.0,19.8,B
2021-07-13T09:41:31,500.0,19.8,B
2021-07-13T09:41:21,500.0,19.8,B
2021-07-13T09:40:54,8000.0,19.8,S
2021-07-13T09:40:45,5000.0,19.9,B
2021-07-13T09:40:30,1000.0,19.8,S
2021-07-13T09:40:25,5000.0,19.8,S
2021-07-13T09:40:09,500.0,19.9,B
2021-07-13T09:40:04,3000.0,19.9,B
2021-07-13T09:39:57,200.0,19.9,B
2021-07-13T09:39:13,5000.0,19.9,B
2021-07-13T09:39:02,200.0,19.9,B
2021-07-13T09:37:24,2400.0,19.9,S
2021-07-13T09:37:08,1000.0,19.9,S
2021-07-13T09:36:47,10000.0,19.9,S
2021-07-13T09:36:47,1300.0,19.9,S
2021-07-13T09:36:40,1500.0,20.0,B
2021-07-13T09:36:39,1000.0,20.0,B
2021-07-13T09:36:29,6100.0,19.9,S
2021-07-13T09:36:08,500.0,20.0,B
2021-07-13T09:36:01,1500.0,19.9,S
2021-07-13T09:35:49,5000.0,20.0,B
2021-07-13T09:35:49,4000.0,19.9,S
2021-07-13T09:35:39,1000.0,19.9,S
2021-07-13T09:35:03,100.0,19.9,S
2021-07-13T09:35:03,400.0,20.0,B
2021-07-13T09:34:53,2000.0,20.0,B
2021-07-13T09:34:22,100.0,20.0,B
2021-07-13T09:34:22,900.0,20.0,B
2021-07-13T09:33:44,200.0,20.0,B
2021-07-13T09:33:40,5000.0,20.0,B
2021-07-13T09:33:35,100.0,20.0,B
2021-07-13T09:33:33,100.0,20.0,B
2021-07-13T09:33:32,300.0,20.0,B
2021-07-13T09:33:20,10000.0,20.0,B
2021-07-13T09:33:10,10000.0,20.0,B
2021-07-13T09:33:09,500.0,20.0,B
2021-07-13T09:32:47,200.0,20.0,B
2021-07-13T09:32:30,200.0,20.0,B
2021-07-13T09:32:21,2000.0,20.0,B
2021-07-13T09:32:19,100.0,20.0,B
2021-07-13T09:32:11,500.0,20.0,B
2021-07-13T09:32:02,1400.0,20.0,B
2021-07-13T09:31:52,500.0,20.0,B
2021-07-13T09:31:51,1000.0,19.9,S
2021-07-13T09:31:43,500.0,20.0,B
2021-07-13T09:31:31,5000.0,20.0,B
2021-07-13T09:31:29,100.0,19.9,S
2021-07-13T09:30:35,2000.0,19.9,S
2021-07-13T09:29:37,2600.0,19.9,B
2021-07-13T09:29:16,10000.0,19.9,B
2021-07-13T09:29:14,700.0,19.8,S
2021-07-13T09:29:13,900.0,19.9,B
2021-07-13T09:29:01,5100.0,19.8,S
2021-07-13T09:28:26,2100.0,19.7,B
2021-07-13T09:28:25,2500.0,19.6,S
2021-07-13T09:28:22,100.0,19.7,B
2021-07-13T09:28:18,100.0,19.6,S
2021-07-13T09:28:09,6000.0,19.6,S
2021-07-13T09:28:00,6000.0,19.6,B
2021-07-13T09:28:00,10000.0,19.6,B
2021-07-13T09:27:59,300.0,19.6,B
2021-07-13T09:27:56,900.0,19.6,B
2021-07-13T09:27:53,300.0,19.6,B
2021-07-13T09:27:44,1500.0,19.6,B
2021-07-13T09:27:37,1000.0,19.6,B
2021-07-13T09:27:35,3400.0,19.6,B
2021-07-13T09:27:17,500.0,19.6,B
2021-07-13T09:27:13,100.0,19.4,S
2021-07-13T09:27:05,200.0,19.6,B
2021-07-13T09:26:27,2000.0,19.4,S
2021-07-13T09:26:22,2000.0,19.6,B
2021-07-13T09:26:15,1000.0,19.6,B
2021-07-13T09:26:15,300.0,19.5,B
2021-07-13T09:25:58,700.0,19.6,B
2021-07-13T09:25:50,800.0,19.5,S
2021-07-13T09:25:46,1000.0,19.6,B
2021-07-13T09:24:52,100.0,19.6,B
2021-07-13T09:24:36,100.0,19.6,B
2021-07-13T09:24:35,3000.0,19.5,S
2021-07-13T09:24:24,6900.0,19.6,B
2021-07-13T09:24:16,500.0,19.7,B
2021-07-13T09:24:06,100.0,19.7,B
2021-07-13T09:23:59,1000.0,19.6,S
2021-07-13T09:23:56,100.0,19.7,S
2021-07-13T09:23:35,200.0,19.7,S
2021-07-13T09:23:27,300.0,19.7,S
2021-07-13T09:23:22,100.0,19.8,B
2021-07-13T09:23:19,200.0,19.8,B
2021-07-13T09:23:06,500.0,19.7,S
2021-07-13T09:22:56,400.0,19.8,B
2021-07-13T09:22:48,100.0,19.8,S
2021-07-13T09:22:30,1000.0,19.8,S
2021-07-13T09:22:29,1000.0,19.8,S
2021-07-13T09:22:25,1300.0,19.8,S
2021-07-13T09:22:24,1100.0,19.8,S
2021-07-13T09:22:19,100.0,19.8,S
2021-07-13T09:22:17,1000.0,19.8,S
2021-07-13T09:21:59,400.0,19.8,S
2021-07-13T09:21:57,300.0,19.8,S
2021-07-13T09:21:43,3700.0,19.9,S
2021-07-13T09:21:38,200.0,19.9,S
2021-07-13T09:21:29,1000.0,20.0,B
2021-07-13T09:21:26,6000.0,19.9,S
2021-07-13T09:21:22,200.0,19.9,S
2021-07-13T09:21:08,1000.0,20.0,B
2021-07-13T09:21:02,2300.0,20.0,B
2021-07-13T09:20:47,100.0,20.0,B
2021-07-13T09:20:32,9200.0,20.0,S
2021-07-13T09:20:28,2000.0,20.0,S
2021-07-13T09:20:26,1000.0,20.0,S
2021-07-13T09:20:24,5100.0,20.0,S
2021-07-13T09:20:24,100.0,20.0,S
2021-07-13T09:20:22,500.0,20.0,S
2021-07-13T09:20:21,2000.0,20.0,S
2021-07-13T09:20:21,100.0,20.1,B
2021-07-13T09:20:16,400.0,20.0,S
2021-07-13T09:20:11,3000.0,20.0,S
2021-07-13T09:20:01,2000.0,20.1,B
2021-07-13T09:19:54,100.0,20.0,S
2021-07-13T09:19:48,300.0,20.0,S
2021-07-13T09:19:48,300.0,20.0,S
2021-07-13T09:19:46,500.0,20.0,S
2021-07-13T09:19:45,1000.0,20.0,S
2021-07-13T09:19:39,200.0,20.0,S
2021-07-13T09:19:36,400.0,20.1,B
2021-07-13T09:19:28,1000.0,20.1,B
2021-07-13T09:19:17,10000.0,20.1,B
2021-07-13T09:19:05,1000.0,20.1,B
2021-07-13T09:18:49,200.0,20.1,B
2021-07-13T09:18:42,4000.0,20.1,B
2021-07-13T09:18:40,300.0,20.1,B
2021-07-13T09:18:37,1000.0,20.1,B
2021-07-13T09:18:32,100.0,20.0,B
2021-07-13T09:18:32,600.0,20.0,S
2021-07-13T09:18:31,1000.0,20.0,S
2021-07-13T09:18:27,500.0,20.0,S
2021-07-13T09:18:22,200.0,20.1,B
2021-07-13T09:18:14,500.0,20.0,S
2021-07-13T09:18:09,800.0,20.0,S
2021-07-13T09:18:04,2500.0,20.0,S
2021-07-13T09:18:03,1000.0,20.0,S
2021-07-13T09:18:01,100.0,20.1,B
2021-07-13T09:18:01,900.0,20.1,B
2021-07-13T09:17:49,1000.0,20.1,B
2021-07-13T09:17:41,700.0,20.0,S
2021-07-13T09:17:36,5500.0,20.0,S
2021-07-13T09:17:32,1500.0,19.9,S
2021-07-13T09:17:31,2600.0,20.0,B
2021-07-13T09:17:27,400.0,19.9,S
2021-07-13T09:17:24,2000.0,20.0,B
2021-07-13T09:17:08,200.0,20.0,B
2021-07-13T09:17:00,10000.0,20.0,B
2021-07-13T09:16:51,100.0,20.0,B
2021-07-13T09:16:38,1100.0,19.9,S
2021-07-13T09:16:12,500.0,19.9,B
2021-07-13T09:16:03,1000.0,19.8,S
2021-07-13T09:16:01,4500.0,19.9,B
2021-07-13T09:15:53,1000.0,20.0,B
2021-07-13T09:15:50,2000.0,20.0,B
2021-07-13T09:15:50,100.0,20.0,B
2021-07-13T09:15:45,1500.0,20.0,B
2021-07-13T09:15:08,200.0,20.0,B
2021-07-13T09:14:50,2000.0,20.0,B
2021-07-13T09:13:39,2700.0,20.0,B
2021-07-13T09:13:27,1000.0,20.0,S
2021-07-13T09:13:26,1000.0,20.0,S
2021-07-13T09:13:23,2000.0,20.0,S
2021-07-13T09:13:10,100.0,20.0,S
2021-07-13T09:13:01,2100.0,20.0,S
2021-07-13T09:12:56,400.0,20.0,S
2021-07-13T09:12:40,200.0,20.0,S
2021-07-13T09:12:35,2800.0,20.0,S
2021-07-13T09:12:29,300.0,20.0,S
2021-07-13T09:12:27,300.0,20.0,S
2021-07-13T09:12:22,2000.0,20.1,B
2021-07-13T09:12:13,500.0,20.0,S
2021-07-13T09:12:09,100.0,20.0,S
2021-07-13T09:11:31,100.0,20.1,B
2021-07-13T09:10:28,6500.0,20.2,B
2021-07-13T09:10:28,7400.0,20.1,S
2021-07-13T09:09:46,100.0,20.2,B
2021-07-13T09:09:34,500.0,20.1,S
2021-07-13T09:09:29,9000.0,20.2,B
2021-07-13T09:09:23,800.0,20.2,B
2021-07-13T09:09:14,500.0,20.1,S
2021-07-13T09:09:03,200.0,20.2,B
2021-07-13T09:08:44,300.0,20.2,B
2021-07-13T09:08:32,100.0,20.2,B
2021-07-13T09:08:26,1000.0,20.1,S
2021-07-13T09:07:58,1000.0,20.3,B
2021-07-13T09:07:21,1200.0,20.1,S
2021-07-13T09:07:08,3800.0,20.3,B
2021-07-13T09:07:04,400.0,20.1,B
2021-07-13T09:07:02,1000.0,20.0,S
2021-07-13T09:06:49,1900.0,20.1,B
2021-07-13T09:06:30,100.0,20.1,B
2021-07-13T09:06:26,100.0,20.1,B
2021-07-13T09:05:51,800.0,20.0,B
2021-07-13T09:05:47,100.0,20.0,B
2021-07-13T09:05:41,100.0,20.0,B
2021-07-13T09:05:30,500.0,20.0,B
2021-07-13T09:05:26,300.0,19.9,S
2021-07-13T09:05:24,100.0,19.9,S
2021-07-13T09:04:59,3300.0,19.9,B
2021-07-13T09:04:38,100.0,19.9,B
2021-07-13T09:04:32,1000.0,19.9,B
2021-07-13T09:04:04,2000.0,19.9,B
2021-07-13T09:04:00,200.0,19.8,B
2021-07-13T09:03:42,1700.0,19.7,S
2021-07-13T09:03:40,300.0,19.7,B
2021-07-13T09:03:23,200.0,19.6,S
2021-07-13T09:03:20,1200.0,19.6,S
2021-07-13T09:03:15,1000.0,19.6,B
2021-07-13T09:03:11,100.0,19.6,B
2021-07-13T09:03:06,100.0,19.6,B
2021-07-13T09:02:56,100.0,19.6,B
2021-07-13T09:02:51,300.0,19.6,B
2021-07-13T09:02:22,1700.0,19.5,B
2021-07-13T09:02:21,6300.0,19.6,S
2021-07-13T09:01:50,1700.0,19.6,S
2021-07-13T09:01:40,1300.0,19.6,B
2021-07-13T09:01:34,1200.0,19.6,B
2021-07-13T09:01:31,300.0,19.6,B
2021-07-13T09:01:26,600.0,19.6,B
2021-07-13T09:01:09,1000.0,19.6,B
2021-07-13T09:00:49,200.0,19.6,B
2021-07-13T09:00:34,400.0,19.5,B
