tradingTime,volume,price,side
2021-07-13T14:50:11,1500.0,17.7,B
2021-07-13T14:50:11,3000.0,17.7,B
2021-07-13T14:50:08,1500.0,17.7,B
2021-07-13T14:50:08,5000.0,17.7,B
2021-07-13T14:50:07,70000.0,17.7,B
2021-07-13T14:50:02,5000.0,17.7,B
2021-07-13T14:50:02,500.0,17.7,B
2021-07-13T14:49:57,9000.0,17.7,B
2021-07-13T14:49:52,1000.0,17.7,B
2021-07-13T14:49:52,1000.0,17.7,B
2021-07-13T14:49:48,500.0,17.6,S
2021-07-13T14:49:48,100.0,17.7,B
2021-07-13T14:49:47,200.0,17.7,B
2021-07-13T14:49:46,5000.0,17.7,B
2021-07-13T14:49:37,20000.0,17.7,B
2021-07-13T14:49:32,10000.0,17.7,B
2021-07-13T14:49:27,100.0,17.7,B
2021-07-13T14:49:27,100.0,17.7,B
2021-07-13T14:49:22,10000.0,17.7,B
2021-07-13T14:49:22,1000.0,17.7,B
2021-07-13T14:49:17,20000.0,17.7,B
2021-07-13T14:49:17,2500.0,17.7,B
2021-07-13T14:49:12,500.0,17.7,B
2021-07-13T14:49:12,20000.0,17.7,B
2021-07-13T14:49:12,100.0,17.7,B
2021-07-13T14:49:08,200.0,17.7,B
2021-07-13T14:49:07,200.0,17.7,B
2021-07-13T14:49:02,100.0,17.7,B
2021-07-13T14:49:02,5000.0,17.7,B
2021-07-13T14:49:02,5000.0,17.7,B
2021-07-13T14:49:02,1000.0,17.7,B
2021-07-13T14:48:57,2300.0,17.7,B
2021-07-13T14:48:47,3000.0,17.7,B
2021-07-13T14:48:47,200.0,17.7,B
2021-07-13T14:48:41,5000.0,17.7,B
2021-07-13T14:48:41,10000.0,17.7,B
2021-07-13T14:48:41,2500.0,17.7,B
2021-07-13T14:48:37,4000.0,17.7,B
2021-07-13T14:48:31,1500.0,17.7,B
2021-07-13T14:48:31,1000.0,17.6,S
2021-07-13T14:48:31,500.0,17.7,B
2021-07-13T14:48:31,200.0,17.7,B
2021-07-13T14:48:27,400.0,17.7,B
2021-07-13T14:48:27,200.0,17.7,B
2021-07-13T14:48:27,1000.0,17.7,B
2021-07-13T14:48:27,10000.0,17.7,B
2021-07-13T14:48:27,400.0,17.7,B
2021-07-13T14:48:22,100.0,17.7,B
2021-07-13T14:48:22,10000.0,17.7,B
2021-07-13T14:48:22,2400.0,17.7,B
2021-07-13T14:48:22,300.0,17.7,B
2021-07-13T14:48:21,100.0,17.7,B
2021-07-13T14:48:17,2000.0,17.7,B
2021-07-13T14:48:17,500.0,17.7,B
2021-07-13T14:48:17,1000.0,17.7,B
2021-07-13T14:48:17,30000.0,17.7,B
2021-07-13T14:48:17,11200.0,17.7,B
2021-07-13T14:48:16,100.0,17.7,B
2021-07-13T14:48:12,5000.0,17.7,B
2021-07-13T14:48:11,1000.0,17.7,B
2021-07-13T14:48:11,200.0,17.7,B
2021-07-13T14:48:10,10000.0,17.7,B
2021-07-13T14:48:07,500.0,17.7,B
2021-07-13T14:48:07,5000.0,17.7,B
2021-07-13T14:48:02,200.0,17.7,B
2021-07-13T14:48:02,500.0,17.7,B
2021-07-13T14:48:02,5000.0,17.7,B
2021-07-13T14:47:57,100.0,17.7,B
2021-07-13T14:47:57,13000.0,17.7,B
2021-07-13T14:47:57,2200.0,17.7,B
2021-07-13T14:47:57,100.0,17.7,B
2021-07-13T14:47:57,800.0,17.7,B
2021-07-13T14:47:57,300.0,17.7,B
2021-07-13T14:47:55,2000.0,17.7,B
2021-07-13T14:47:55,5000.0,17.7,B
2021-07-13T14:47:52,20000.0,17.7,B
2021-07-13T14:47:52,500.0,17.7,B
2021-07-13T14:47:47,25000.0,17.7,B
2021-07-13T14:47:47,400.0,17.7,B
2021-07-13T14:47:47,2300.0,17.7,B
2021-07-13T14:47:42,21300.0,17.7,B
2021-07-13T14:47:42,1100.0,17.7,B
2021-07-13T14:47:42,14000.0,17.7,B
2021-07-13T14:47:42,100.0,17.7,B
2021-07-13T14:47:42,1200.0,17.7,B
2021-07-13T14:47:41,3700.0,17.7,B
2021-07-13T14:47:41,100.0,17.7,B
2021-07-13T14:47:40,1000.0,17.7,B
2021-07-13T14:47:37,32000.0,17.7,B
2021-07-13T14:47:31,200.0,17.7,B
2021-07-13T14:47:31,100.0,17.7,B
2021-07-13T14:47:31,500.0,17.7,B
2021-07-13T14:47:27,1100.0,17.7,B
2021-07-13T14:47:27,10000.0,17.7,B
2021-07-13T14:47:27,100.0,17.7,B
2021-07-13T14:47:27,1000.0,17.7,B
2021-07-13T14:47:27,1000.0,17.7,B
2021-07-13T14:47:22,200.0,17.7,B
2021-07-13T14:47:22,400.0,17.7,B
2021-07-13T14:47:22,500.0,17.7,B
2021-07-13T14:47:22,300.0,17.7,B
2021-07-13T14:47:22,8500.0,17.7,B
2021-07-13T14:47:19,3000.0,17.7,B
2021-07-13T14:47:17,5000.0,17.7,B
2021-07-13T14:47:17,300.0,17.7,B
2021-07-13T14:47:14,400.0,17.7,B
2021-07-13T14:47:14,500.0,17.7,B
2021-07-13T14:47:07,20700.0,17.7,S
2021-07-13T14:47:07,1800.0,17.7,B
2021-07-13T14:47:02,9500.0,17.7,B
2021-07-13T14:47:02,85100.0,17.7,B
2021-07-13T14:47:02,3000.0,17.7,B
2021-07-13T14:47:02,5000.0,17.6,S
2021-07-13T14:46:57,600.0,17.7,B
2021-07-13T14:46:57,1000.0,17.7,B
2021-07-13T14:46:57,5000.0,17.7,B
2021-07-13T14:46:53,1200.0,17.7,B
2021-07-13T14:46:53,600.0,17.7,B
2021-07-13T14:46:52,200.0,17.7,B
2021-07-13T14:46:52,5000.0,17.7,B
2021-07-13T14:46:47,100.0,17.7,B
2021-07-13T14:46:42,100.0,17.7,B
2021-07-13T14:46:42,1000.0,17.7,B
2021-07-13T14:46:37,1000.0,17.7,B
2021-07-13T14:46:37,1000.0,17.7,B
2021-07-13T14:46:37,3100.0,17.7,B
2021-07-13T14:46:32,20000.0,17.7,B
2021-07-13T14:46:32,500.0,17.7,B
2021-07-13T14:46:32,200.0,17.7,B
2021-07-13T14:46:32,100.0,17.7,B
2021-07-13T14:46:27,100.0,17.7,B
2021-07-13T14:46:27,30000.0,17.7,B
2021-07-13T14:46:22,2800.0,17.7,B
2021-07-13T14:46:22,2000.0,17.7,B
2021-07-13T14:46:17,5000.0,17.7,B
2021-07-13T14:46:12,100.0,17.6,S
2021-07-13T14:46:02,200.0,17.6,S
2021-07-13T14:46:02,500.0,17.7,B
2021-07-13T14:46:02,2000.0,17.7,B
2021-07-13T14:45:52,300.0,17.6,S
2021-07-13T14:45:52,1000.0,17.7,B
2021-07-13T14:45:37,3000.0,17.7,B
2021-07-13T14:45:37,2400.0,17.6,S
2021-07-13T14:45:37,100.0,17.6,B
2021-07-13T14:45:32,500.0,17.6,B
2021-07-13T14:45:32,100.0,17.6,B
2021-07-13T14:45:32,4000.0,17.6,B
2021-07-13T14:45:32,10000.0,17.6,B
2021-07-13T14:45:31,10000.0,17.6,B
2021-07-13T14:45:27,1300.0,17.6,B
2021-07-13T14:45:27,10000.0,17.6,B
2021-07-13T14:45:27,12600.0,17.6,S
2021-07-13T14:45:27,200.0,17.7,B
2021-07-13T14:45:21,200.0,17.6,S
2021-07-13T14:45:17,1000.0,17.6,S
2021-07-13T14:45:07,5000.0,17.7,B
2021-07-13T14:45:07,10000.0,17.7,B
2021-07-13T14:45:06,300.0,17.6,S
2021-07-13T14:44:57,8400.0,17.6,B
2021-07-13T14:44:57,10000.0,17.6,B
2021-07-13T14:44:57,600.0,17.6,B
2021-07-13T14:44:57,1000.0,17.6,B
2021-07-13T14:44:57,500.0,17.6,B
2021-07-13T14:44:52,5000.0,17.6,B
2021-07-13T14:44:52,12000.0,17.6,B
2021-07-13T14:44:52,10000.0,17.6,B
2021-07-13T14:44:52,101000.0,17.6,B
2021-07-13T14:44:47,2000.0,17.6,B
2021-07-13T14:44:47,5800.0,17.6,B
2021-07-13T14:44:42,3300.0,17.6,B
2021-07-13T14:44:32,3000.0,17.5,S
2021-07-13T14:44:27,55200.0,17.5,S
2021-07-13T14:44:27,10000.0,17.5,B
2021-07-13T14:44:27,2000.0,17.5,B
2021-07-13T14:44:27,1800.0,17.5,B
2021-07-13T14:44:27,20500.0,17.5,B
2021-07-13T14:44:27,18700.0,17.5,B
2021-07-13T14:44:22,2400.0,17.5,B
2021-07-13T14:44:22,9000.0,17.5,B
2021-07-13T14:44:22,2200.0,17.5,B
2021-07-13T14:44:17,10000.0,17.5,B
2021-07-13T14:44:17,1000.0,17.5,B
2021-07-13T14:44:17,3700.0,17.5,B
2021-07-13T14:44:17,10300.0,17.5,B
2021-07-13T14:44:17,50000.0,17.5,B
2021-07-13T14:44:12,2100.0,17.5,B
2021-07-13T14:44:12,12100.0,17.5,B
2021-07-13T14:44:12,200.0,17.5,B
2021-07-13T14:44:07,10000.0,17.5,B
2021-07-13T14:44:07,10000.0,17.5,B
2021-07-13T14:44:07,1000.0,17.5,B
2021-07-13T14:44:02,300.0,17.5,B
2021-07-13T14:44:02,100.0,17.5,B
2021-07-13T14:44:02,100.0,17.5,B
2021-07-13T14:44:02,5000.0,17.5,B
2021-07-13T14:43:57,1500.0,17.5,B
2021-07-13T14:43:57,10000.0,17.5,B
2021-07-13T14:43:57,300.0,17.5,B
2021-07-13T14:43:52,3000.0,17.5,B
2021-07-13T14:43:52,1000.0,17.5,B
2021-07-13T14:43:52,5000.0,17.5,B
2021-07-13T14:43:47,1000.0,17.5,B
2021-07-13T14:43:47,500.0,17.5,B
2021-07-13T14:43:47,100.0,17.5,B
2021-07-13T14:43:47,5000.0,17.5,B
2021-07-13T14:43:42,8500.0,17.4,S
2021-07-13T14:43:42,1200.0,17.5,B
2021-07-13T14:43:37,100.0,17.5,B
2021-07-13T14:43:37,500.0,17.5,B
2021-07-13T14:43:37,200.0,17.5,B
2021-07-13T14:43:37,30000.0,17.5,B
2021-07-13T14:43:32,5000.0,17.5,B
2021-07-13T14:43:27,7800.0,17.5,B
2021-07-13T14:43:22,1000.0,17.5,B
2021-07-13T14:43:12,10000.0,17.5,B
2021-07-13T14:43:07,5000.0,17.5,B
2021-07-13T14:43:02,1000.0,17.5,B
2021-07-13T14:42:57,1000.0,17.5,B
2021-07-13T14:42:57,1000.0,17.5,B
2021-07-13T14:42:52,25000.0,17.5,B
2021-07-13T14:42:47,3000.0,17.5,B
2021-07-13T14:42:47,200.0,17.5,B
2021-07-13T14:42:42,1500.0,17.5,B
2021-07-13T14:42:37,4500.0,17.5,B
2021-07-13T14:42:17,25000.0,17.4,S
2021-07-13T14:42:17,3000.0,17.5,B
2021-07-13T14:42:07,500.0,17.5,B
2021-07-13T14:42:07,1000.0,17.4,S
2021-07-13T14:42:07,200.0,17.5,B
2021-07-13T14:42:02,500.0,17.5,B
2021-07-13T14:42:02,10500.0,17.5,B
2021-07-13T14:41:57,2000.0,17.5,B
2021-07-13T14:41:52,100.0,17.5,B
2021-07-13T14:41:52,100.0,17.5,B
2021-07-13T14:41:47,3000.0,17.4,S
2021-07-13T14:41:42,8100.0,17.5,B
2021-07-13T14:41:37,30000.0,17.5,B
2021-07-13T14:41:22,300.0,17.5,B
2021-07-13T14:41:12,500.0,17.5,B
2021-07-13T14:41:02,5000.0,17.5,B
2021-07-13T14:40:56,500.0,17.4,S
2021-07-13T14:40:52,400.0,17.4,S
2021-07-13T14:40:42,2000.0,17.4,S
2021-07-13T14:40:37,500.0,17.5,B
2021-07-13T14:40:32,1700.0,17.4,S
2021-07-13T14:40:02,1000.0,17.4,S
2021-07-13T14:39:47,5000.0,17.4,S
2021-07-13T14:39:42,17200.0,17.4,B
2021-07-13T14:39:42,10000.0,17.4,B
2021-07-13T14:39:42,500.0,17.4,B
2021-07-13T14:39:42,500.0,17.4,B
2021-07-13T14:39:37,10000.0,17.4,B
2021-07-13T14:39:37,100.0,17.4,B
2021-07-13T14:39:37,100.0,17.4,B
2021-07-13T14:39:37,10000.0,17.4,B
2021-07-13T14:39:32,100.0,17.4,B
2021-07-13T14:39:32,6100.0,17.4,B
2021-07-13T14:39:32,700.0,17.4,B
2021-07-13T14:39:32,2500.0,17.4,B
2021-07-13T14:39:32,200.0,17.4,B
2021-07-13T14:39:32,25000.0,17.4,B
2021-07-13T14:39:27,100.0,17.4,B
2021-07-13T14:39:27,2000.0,17.4,B
2021-07-13T14:39:27,1000.0,17.4,B
2021-07-13T14:39:27,14000.0,17.4,B
2021-07-13T14:39:22,3000.0,17.4,B
2021-07-13T14:39:22,200.0,17.4,B
2021-07-13T14:39:22,500.0,17.4,B
2021-07-13T14:39:22,2000.0,17.4,B
2021-07-13T14:39:22,2000.0,17.4,B
2021-07-13T14:39:16,5000.0,17.4,B
2021-07-13T14:39:16,60000.0,17.4,B
2021-07-13T14:39:16,2000.0,17.4,B
2021-07-13T14:39:16,500.0,17.4,B
2021-07-13T14:39:16,300.0,17.4,B
2021-07-13T14:39:12,100.0,17.4,B
2021-07-13T14:39:12,5000.0,17.4,B
2021-07-13T14:39:12,400.0,17.4,B
2021-07-13T14:39:07,10000.0,17.4,B
2021-07-13T14:39:07,500.0,17.4,B
2021-07-13T14:39:02,300.0,17.4,B
2021-07-13T14:39:02,7800.0,17.4,B
2021-07-13T14:38:57,7500.0,17.4,B
2021-07-13T14:38:57,10000.0,17.4,B
2021-07-13T14:38:52,500.0,17.4,B
2021-07-13T14:38:52,500.0,17.4,B
2021-07-13T14:38:47,1000.0,17.4,B
2021-07-13T14:38:42,2000.0,17.4,B
2021-07-13T14:38:42,31800.0,17.4,B
2021-07-13T14:38:22,600.0,17.4,B
2021-07-13T14:38:22,1000.0,17.4,B
2021-07-13T14:38:22,10000.0,17.4,B
2021-07-13T14:38:11,100.0,17.3,S
2021-07-13T14:38:11,300.0,17.3,S
2021-07-13T14:38:07,100.0,17.4,B
2021-07-13T14:37:57,3000.0,17.4,B
2021-07-13T14:37:52,100.0,17.4,B
2021-07-13T14:37:52,25000.0,17.4,B
2021-07-13T14:37:47,3000.0,17.4,B
2021-07-13T14:37:47,1000.0,17.4,B
2021-07-13T14:37:42,1000.0,17.4,B
2021-07-13T14:37:42,2800.0,17.4,B
2021-07-13T14:37:32,600.0,17.4,B
2021-07-13T14:37:27,600.0,17.4,B
2021-07-13T14:37:27,10000.0,17.4,B
2021-07-13T14:37:21,2000.0,17.4,B
2021-07-13T14:37:21,600.0,17.4,B
2021-07-13T14:37:21,100.0,17.4,B
2021-07-13T14:37:21,100.0,17.4,B
2021-07-13T14:37:17,1000.0,17.4,B
2021-07-13T14:37:17,200.0,17.4,B
2021-07-13T14:37:02,1400.0,17.4,B
2021-07-13T14:36:52,3000.0,17.4,B
2021-07-13T14:36:42,800.0,17.4,B
2021-07-13T14:36:36,500.0,17.4,B
2021-07-13T14:36:32,900.0,17.4,B
2021-07-13T14:36:27,500.0,17.4,B
2021-07-13T14:36:22,100.0,17.4,B
2021-07-13T14:36:12,100.0,17.4,B
2021-07-13T14:36:12,1000.0,17.3,S
2021-07-13T14:36:07,200.0,17.4,B
2021-07-13T14:35:57,100.0,17.4,B
2021-07-13T14:35:57,100.0,17.4,B
2021-07-13T14:35:57,100.0,17.4,B
2021-07-13T14:35:52,100.0,17.4,B
2021-07-13T14:35:47,2000.0,17.4,B
2021-07-13T14:35:37,2000.0,17.4,B
2021-07-13T14:35:37,1000.0,17.4,B
2021-07-13T14:35:27,1000.0,17.4,B
2021-07-13T14:35:07,100.0,17.4,B
2021-07-13T14:35:02,100.0,17.3,S
2021-07-13T14:34:47,1600.0,17.4,B
2021-07-13T14:34:47,300.0,17.4,B
2021-07-13T14:34:42,1000.0,17.4,B
2021-07-13T14:34:42,500.0,17.4,B
2021-07-13T14:34:22,100.0,17.4,B
2021-07-13T14:34:17,7800.0,17.4,B
2021-07-13T14:34:07,100.0,17.4,B
2021-07-13T14:34:02,500.0,17.4,B
2021-07-13T14:33:52,1000.0,17.4,B
2021-07-13T14:33:52,500.0,17.4,B
2021-07-13T14:33:42,600.0,17.4,B
2021-07-13T14:33:42,100.0,17.4,B
2021-07-13T14:33:37,100.0,17.4,B
2021-07-13T14:33:37,500.0,17.4,B
2021-07-13T14:33:32,2000.0,17.4,B
2021-07-13T14:33:17,100.0,17.4,B
2021-07-13T14:33:12,300.0,17.4,B
2021-07-13T14:33:07,2000.0,17.4,B
2021-07-13T14:32:57,100.0,17.4,B
2021-07-13T14:32:57,100.0,17.4,B
2021-07-13T14:32:57,1000.0,17.4,B
2021-07-13T14:32:52,20000.0,17.4,B
2021-07-13T14:32:22,1000.0,17.4,B
2021-07-13T14:32:17,100.0,17.4,B
2021-07-13T14:32:12,1000.0,17.4,B
2021-07-13T14:32:02,600.0,17.4,B
2021-07-13T14:32:02,100.0,17.3,S
2021-07-13T14:31:52,100.0,17.3,S
2021-07-13T14:31:47,13600.0,17.4,B
2021-07-13T14:31:47,800.0,17.3,S
2021-07-13T14:31:27,600.0,17.3,S
2021-07-13T14:31:22,300.0,17.4,B
2021-07-13T14:31:17,100.0,17.3,S
2021-07-13T14:31:02,2000.0,17.4,B
2021-07-13T14:30:57,5000.0,17.4,B
2021-07-13T14:30:52,200.0,17.3,S
2021-07-13T14:30:52,100.0,17.4,B
2021-07-13T14:30:32,100.0,17.3,S
2021-07-13T14:30:27,500.0,17.4,B
2021-07-13T14:30:27,100.0,17.4,B
2021-07-13T14:30:27,10000.0,17.4,B
2021-07-13T14:30:22,700.0,17.4,B
2021-07-13T14:30:17,3000.0,17.4,B
2021-07-13T14:30:17,200.0,17.4,B
2021-07-13T14:30:17,1000.0,17.4,B
2021-07-13T14:30:12,1000.0,17.4,B
2021-07-13T14:30:12,100.0,17.4,B
2021-07-13T14:30:00,500.0,17.4,B
2021-07-13T14:29:59,300.0,17.4,B
2021-07-13T14:29:57,500.0,17.4,B
2021-07-13T14:29:47,200.0,17.4,B
2021-07-13T14:29:45,500.0,17.4,B
2021-07-13T14:29:44,400.0,17.4,B
2021-07-13T14:29:40,500.0,17.4,B
2021-07-13T14:29:34,200.0,17.4,B
2021-07-13T14:29:21,1500.0,17.4,B
2021-07-13T14:29:13,5500.0,17.4,B
2021-07-13T14:28:47,28400.0,17.3,B
2021-07-13T14:28:46,3000.0,17.3,B
2021-07-13T14:28:43,1100.0,17.3,B
2021-07-13T14:28:42,10300.0,17.3,B
2021-07-13T14:28:41,20000.0,17.3,B
2021-07-13T14:28:34,1000.0,17.3,B
2021-07-13T14:28:30,50000.0,17.3,B
2021-07-13T14:28:23,100.0,17.3,B
2021-07-13T14:28:22,10000.0,17.3,B
2021-07-13T14:28:20,900.0,17.3,B
2021-07-13T14:28:16,1000.0,17.3,B
2021-07-13T14:28:12,500.0,17.3,B
2021-07-13T14:28:09,1000.0,17.3,B
2021-07-13T14:28:01,4000.0,17.3,B
2021-07-13T14:27:56,100.0,17.3,B
2021-07-13T14:27:54,1000.0,17.3,B
2021-07-13T14:27:51,700.0,17.3,B
2021-07-13T14:27:50,1000.0,17.3,B
2021-07-13T14:27:48,100.0,17.3,B
2021-07-13T14:27:45,1000.0,17.3,B
2021-07-13T14:27:42,4500.0,17.3,B
2021-07-13T14:27:39,4000.0,17.3,B
2021-07-13T14:27:33,1000.0,17.3,B
2021-07-13T14:27:33,7000.0,17.3,B
2021-07-13T14:27:32,300.0,17.3,B
2021-07-13T14:27:25,2100.0,17.3,B
2021-07-13T14:27:24,2000.0,17.3,B
2021-07-13T14:27:23,1000.0,17.3,B
2021-07-13T14:27:07,5000.0,17.3,B
2021-07-13T14:27:06,1000.0,17.3,B
2021-07-13T14:27:03,5000.0,17.3,B
2021-07-13T14:26:49,2000.0,17.3,B
2021-07-13T14:26:48,2100.0,17.3,B
2021-07-13T14:26:42,1000.0,17.3,B
2021-07-13T14:26:39,100.0,17.3,B
2021-07-13T14:26:31,20000.0,17.3,B
2021-07-13T14:26:29,1000.0,17.3,B
2021-07-13T14:26:24,400.0,17.3,B
2021-07-13T14:26:20,500.0,17.3,B
2021-07-13T14:26:20,100.0,17.3,B
2021-07-13T14:26:20,2000.0,17.3,B
2021-07-13T14:26:15,200.0,17.3,B
2021-07-13T14:26:05,1000.0,17.3,B
2021-07-13T14:26:00,5000.0,17.3,B
2021-07-13T14:25:52,10000.0,17.3,B
2021-07-13T14:25:43,1000.0,17.3,B
2021-07-13T14:25:42,100.0,17.3,B
2021-07-13T14:25:37,600.0,17.3,B
2021-07-13T14:25:35,1500.0,17.3,B
2021-07-13T14:25:23,100.0,17.3,B
2021-07-13T14:24:48,11000.0,17.2,S
2021-07-13T14:24:45,200.0,17.2,B
2021-07-13T14:24:44,11000.0,17.2,B
2021-07-13T14:24:34,3000.0,17.2,B
2021-07-13T14:24:34,17100.0,17.2,B
2021-07-13T14:24:32,400.0,17.2,B
2021-07-13T14:24:27,4000.0,17.2,B
2021-07-13T14:24:20,5500.0,17.2,B
2021-07-13T14:24:19,900.0,17.2,B
2021-07-13T14:24:17,10000.0,17.2,B
2021-07-13T14:24:16,5000.0,17.2,B
2021-07-13T14:24:13,15000.0,17.2,B
2021-07-13T14:24:07,500.0,17.2,B
2021-07-13T14:24:04,10000.0,17.2,B
2021-07-13T14:23:50,200.0,17.2,B
2021-07-13T14:23:48,500.0,17.2,B
2021-07-13T14:23:46,1000.0,17.2,B
2021-07-13T14:23:43,2000.0,17.2,B
2021-07-13T14:23:40,4600.0,17.2,B
2021-07-13T14:23:39,600.0,17.2,B
2021-07-13T14:23:36,2000.0,17.2,B
2021-07-13T14:23:31,100.0,17.2,B
2021-07-13T14:23:25,900.0,17.2,B
2021-07-13T14:23:22,14500.0,17.2,B
2021-07-13T14:23:21,100.0,17.2,B
2021-07-13T14:23:19,7000.0,17.2,B
2021-07-13T14:23:15,300.0,17.2,B
2021-07-13T14:23:13,1400.0,17.2,B
2021-07-13T14:23:04,1000.0,17.2,B
2021-07-13T14:22:59,200.0,17.2,B
2021-07-13T14:22:47,9000.0,17.2,B
2021-07-13T14:22:21,5000.0,17.2,B
2021-07-13T14:22:10,500.0,17.2,B
2021-07-13T14:22:02,400.0,17.2,B
2021-07-13T14:21:58,100.0,17.2,B
2021-07-13T14:21:57,1000.0,17.2,B
2021-07-13T14:21:55,500.0,17.2,B
2021-07-13T14:21:53,1000.0,17.2,B
2021-07-13T14:21:50,500.0,17.2,B
2021-07-13T14:21:25,5000.0,17.2,B
2021-07-13T14:21:16,1000.0,17.2,B
2021-07-13T14:21:09,100.0,17.2,B
2021-07-13T14:20:58,100.0,17.1,S
2021-07-13T14:20:52,100.0,17.1,S
2021-07-13T14:20:34,8000.0,17.1,S
2021-07-13T14:20:19,1000.0,17.1,S
2021-07-13T14:20:18,26500.0,17.2,B
2021-07-13T14:19:27,1000.0,17.1,S
2021-07-13T14:19:15,200.0,17.2,B
2021-07-13T14:19:14,200.0,17.2,B
2021-07-13T14:19:01,300.0,17.2,B
2021-07-13T14:19:00,1000.0,17.2,B
2021-07-13T14:18:52,1000.0,17.2,B
2021-07-13T14:18:22,1500.0,17.2,B
2021-07-13T14:18:18,3000.0,17.2,B
2021-07-13T14:18:07,1000.0,17.2,B
2021-07-13T14:17:47,4000.0,17.2,B
2021-07-13T14:17:42,100.0,17.2,B
2021-07-13T14:17:20,10000.0,17.2,B
2021-07-13T14:17:17,1000.0,17.2,B
2021-07-13T14:17:08,100.0,17.2,B
2021-07-13T14:16:55,1000.0,17.2,B
2021-07-13T14:16:35,5500.0,17.2,B
2021-07-13T14:16:03,1000.0,17.2,B
2021-07-13T14:15:51,3000.0,17.2,B
2021-07-13T14:15:46,1400.0,17.2,B
2021-07-13T14:15:20,2000.0,17.1,S
2021-07-13T14:15:15,1000.0,17.2,B
2021-07-13T14:15:08,5000.0,17.2,B
2021-07-13T14:14:50,100.0,17.2,B
2021-07-13T14:14:39,10000.0,17.2,B
2021-07-13T14:14:37,10000.0,17.1,S
2021-07-13T14:14:27,4000.0,17.1,S
2021-07-13T14:14:20,100.0,17.1,S
2021-07-13T14:14:18,500.0,17.1,S
2021-07-13T14:13:36,100.0,17.1,S
2021-07-13T14:13:17,500.0,17.1,S
2021-07-13T14:13:03,500.0,17.1,S
2021-07-13T14:12:47,5000.0,17.1,S
2021-07-13T14:12:44,200.0,17.1,S
2021-07-13T14:12:41,1000.0,17.1,S
2021-07-13T14:12:38,100.0,17.1,S
2021-07-13T14:12:04,200.0,17.1,S
2021-07-13T14:11:51,900.0,17.1,S
2021-07-13T14:11:27,2000.0,17.1,S
2021-07-13T14:11:08,100.0,17.1,S
2021-07-13T14:11:05,1800.0,17.2,B
2021-07-13T14:11:00,200.0,17.1,S
2021-07-13T14:10:47,200.0,17.1,S
2021-07-13T14:10:34,40000.0,17.1,S
2021-07-13T14:10:26,1000.0,17.2,B
2021-07-13T14:09:36,2000.0,17.1,S
2021-07-13T14:09:33,600.0,17.1,S
2021-07-13T14:09:18,30000.0,17.1,S
2021-07-13T14:09:17,1000.0,17.1,S
2021-07-13T14:09:14,100.0,17.1,S
2021-07-13T14:09:10,100.0,17.1,S
2021-07-13T14:09:02,100.0,17.1,S
2021-07-13T14:09:00,4500.0,17.1,S
2021-07-13T14:08:53,7000.0,17.1,S
2021-07-13T14:08:40,10000.0,17.1,S
2021-07-13T14:08:35,600.0,17.1,S
2021-07-13T14:08:27,1000.0,17.1,S
2021-07-13T14:08:10,300.0,17.1,S
2021-07-13T14:07:58,2200.0,17.1,S
2021-07-13T14:07:56,100.0,17.1,S
2021-07-13T14:07:46,1000.0,17.2,B
2021-07-13T14:07:45,100.0,17.1,S
2021-07-13T14:07:24,1000.0,17.1,S
2021-07-13T14:07:23,1000.0,17.2,B
2021-07-13T14:07:19,2000.0,17.1,S
2021-07-13T14:07:14,100.0,17.2,B
2021-07-13T14:07:14,1300.0,17.1,S
2021-07-13T14:07:14,100.0,17.2,B
2021-07-13T14:07:13,100.0,17.1,S
2021-07-13T14:07:12,100.0,17.1,S
2021-07-13T14:07:02,100.0,17.1,S
2021-07-13T14:07:00,10000.0,17.1,S
2021-07-13T14:06:56,10000.0,17.1,S
2021-07-13T14:06:39,1000.0,17.2,B
2021-07-13T14:06:37,4000.0,17.1,S
2021-07-13T14:06:27,10000.0,17.1,S
2021-07-13T14:06:27,1200.0,17.1,S
2021-07-13T14:06:23,1000.0,17.2,B
2021-07-13T14:06:07,300.0,17.1,S
2021-07-13T14:06:02,100.0,17.2,B
2021-07-13T14:05:57,200.0,17.1,S
2021-07-13T14:05:52,2000.0,17.1,S
2021-07-13T14:05:49,9800.0,17.1,S
2021-07-13T14:05:44,20000.0,17.1,S
2021-07-13T14:05:35,500.0,17.1,S
2021-07-13T14:05:35,100.0,17.1,S
2021-07-13T14:05:24,300.0,17.1,S
2021-07-13T14:05:12,10000.0,17.1,S
2021-07-13T14:05:11,100.0,17.2,B
2021-07-13T14:05:03,1300.0,17.1,S
2021-07-13T14:04:49,200.0,17.2,B
2021-07-13T14:04:17,10000.0,17.1,S
2021-07-13T14:03:54,300.0,17.2,B
2021-07-13T14:03:49,500.0,17.1,S
2021-07-13T14:03:41,1000.0,17.1,S
2021-07-13T14:03:41,100.0,17.2,B
2021-07-13T14:03:37,3100.0,17.1,S
2021-07-13T14:03:11,200.0,17.1,S
2021-07-13T14:03:05,5000.0,17.2,B
2021-07-13T14:02:59,2300.0,17.2,B
2021-07-13T14:02:38,1000.0,17.1,S
2021-07-13T14:02:27,100.0,17.2,B
2021-07-13T14:02:01,500.0,17.2,B
2021-07-13T14:02:00,100.0,17.2,B
2021-07-13T14:01:47,100.0,17.2,B
2021-07-13T14:01:44,5000.0,17.2,B
2021-07-13T14:00:59,1100.0,17.2,B
2021-07-13T14:00:49,100.0,17.2,B
2021-07-13T14:00:37,100.0,17.2,B
2021-07-13T14:00:22,97000.0,17.2,B
2021-07-13T14:00:06,1000.0,17.1,S
2021-07-13T13:59:58,100.0,17.1,S
2021-07-13T13:59:41,200.0,17.1,S
2021-07-13T13:59:34,1400.0,17.1,S
2021-07-13T13:59:22,1600.0,17.1,S
2021-07-13T13:59:15,3000.0,17.1,S
2021-07-13T13:58:19,5000.0,17.1,S
2021-07-13T13:57:13,1500.0,17.1,S
2021-07-13T13:57:13,100.0,17.2,B
2021-07-13T13:56:58,1000.0,17.1,S
2021-07-13T13:56:45,1000.0,17.2,B
2021-07-13T13:56:39,1000.0,17.2,B
2021-07-13T13:56:39,1000.0,17.2,B
2021-07-13T13:56:27,100.0,17.2,B
2021-07-13T13:56:10,2000.0,17.2,B
2021-07-13T13:56:09,40000.0,17.1,S
2021-07-13T13:55:56,400.0,17.2,B
2021-07-13T13:55:38,10000.0,17.1,S
2021-07-13T13:55:32,10000.0,17.1,S
2021-07-13T13:55:15,5000.0,17.1,S
2021-07-13T13:54:53,3600.0,17.1,S
2021-07-13T13:54:47,1000.0,17.1,S
2021-07-13T13:54:42,500.0,17.2,B
2021-07-13T13:54:18,1100.0,17.2,B
2021-07-13T13:54:05,1000.0,17.1,S
2021-07-13T13:54:03,500.0,17.2,B
2021-07-13T13:53:55,100.0,17.2,B
2021-07-13T13:53:37,2200.0,17.2,B
2021-07-13T13:53:05,100.0,17.2,B
2021-07-13T13:52:57,400.0,17.2,B
2021-07-13T13:52:53,1000.0,17.2,B
2021-07-13T13:52:44,500.0,17.2,B
2021-07-13T13:52:38,200.0,17.2,B
2021-07-13T13:52:37,2000.0,17.2,B
2021-07-13T13:52:22,600.0,17.2,B
2021-07-13T13:52:19,5500.0,17.2,B
2021-07-13T13:52:15,1000.0,17.2,B
2021-07-13T13:52:11,400.0,17.2,B
2021-07-13T13:51:58,1500.0,17.2,B
2021-07-13T13:51:54,200.0,17.2,B
2021-07-13T13:51:52,2000.0,17.2,B
2021-07-13T13:51:42,1000.0,17.2,B
2021-07-13T13:51:38,15200.0,17.2,B
2021-07-13T13:51:29,100.0,17.2,B
2021-07-13T13:51:24,500.0,17.2,B
2021-07-13T13:51:17,8000.0,17.2,B
2021-07-13T13:51:06,1000.0,17.2,B
2021-07-13T13:50:52,18100.0,17.2,B
2021-07-13T13:49:45,1000.0,17.1,S
2021-07-13T13:49:44,100.0,17.2,B
2021-07-13T13:49:37,1000.0,17.2,B
2021-07-13T13:49:34,100.0,17.2,B
2021-07-13T13:49:31,200.0,17.2,B
2021-07-13T13:49:04,1100.0,17.2,B
2021-07-13T13:48:58,400.0,17.2,B
2021-07-13T13:48:46,100.0,17.2,B
2021-07-13T13:48:46,600.0,17.2,B
2021-07-13T13:48:29,100.0,17.2,B
2021-07-13T13:48:28,36000.0,17.2,B
2021-07-13T13:48:19,7000.0,17.2,B
2021-07-13T13:48:07,2000.0,17.2,B
2021-07-13T13:48:06,20000.0,17.2,B
2021-07-13T13:48:02,300.0,17.2,B
2021-07-13T13:48:00,100.0,17.2,B
2021-07-13T13:47:53,1000.0,17.2,B
2021-07-13T13:47:32,800.0,17.2,B
2021-07-13T13:46:50,500.0,17.2,B
2021-07-13T13:46:44,3700.0,17.1,S
2021-07-13T13:46:35,200.0,17.2,B
2021-07-13T13:46:24,100.0,17.2,B
2021-07-13T13:46:14,500.0,17.2,B
2021-07-13T13:46:05,1000.0,17.2,B
2021-07-13T13:45:59,1000.0,17.2,B
2021-07-13T13:45:52,500.0,17.2,B
2021-07-13T13:45:42,5000.0,17.2,B
2021-07-13T13:45:39,100.0,17.2,B
2021-07-13T13:45:37,100.0,17.2,B
2021-07-13T13:45:25,1000.0,17.2,B
2021-07-13T13:45:24,1200.0,17.2,B
2021-07-13T13:45:21,200.0,17.2,B
2021-07-13T13:45:17,900.0,17.2,B
2021-07-13T13:45:14,300.0,17.2,B
2021-07-13T13:45:12,4800.0,17.2,B
2021-07-13T13:45:09,11000.0,17.2,B
2021-07-13T13:45:03,500.0,17.2,B
2021-07-13T13:45:02,1000.0,17.2,B
2021-07-13T13:44:51,200.0,17.2,B
2021-07-13T13:44:44,5000.0,17.2,B
2021-07-13T13:44:35,15000.0,17.1,S
2021-07-13T13:44:33,200.0,17.2,B
2021-07-13T13:44:22,500.0,17.2,B
2021-07-13T13:44:16,200.0,17.2,B
2021-07-13T13:44:09,100.0,17.2,B
2021-07-13T13:44:07,1000.0,17.2,B
2021-07-13T13:43:55,1000.0,17.2,B
2021-07-13T13:43:42,500.0,17.2,B
2021-07-13T13:43:37,4000.0,17.2,B
2021-07-13T13:43:29,5000.0,17.2,B
2021-07-13T13:43:25,9800.0,17.2,B
2021-07-13T13:43:13,300.0,17.2,B
2021-07-13T13:43:10,5000.0,17.2,B
2021-07-13T13:43:04,100.0,17.2,B
2021-07-13T13:42:58,100.0,17.2,B
2021-07-13T13:42:56,400.0,17.2,B
2021-07-13T13:42:51,10000.0,17.2,B
2021-07-13T13:42:41,2000.0,17.2,B
2021-07-13T13:42:37,2000.0,17.2,B
2021-07-13T13:42:36,2000.0,17.2,B
2021-07-13T13:42:34,13000.0,17.2,B
2021-07-13T13:42:32,300.0,17.2,B
2021-07-13T13:42:29,5000.0,17.2,B
2021-07-13T13:42:25,100.0,17.2,B
2021-07-13T13:42:23,100.0,17.2,B
2021-07-13T13:42:15,600.0,17.2,B
2021-07-13T13:42:12,200.0,17.2,B
2021-07-13T13:42:05,3000.0,17.2,B
2021-07-13T13:40:07,100.0,17.2,B
2021-07-13T13:39:16,1000.0,17.1,S
2021-07-13T13:39:12,100.0,17.2,B
2021-07-13T13:38:55,100.0,17.2,B
2021-07-13T13:38:41,1000.0,17.1,S
2021-07-13T13:38:14,500.0,17.2,B
2021-07-13T13:37:54,100.0,17.1,S
2021-07-13T13:37:50,100.0,17.1,S
2021-07-13T13:37:45,5000.0,17.2,B
2021-07-13T13:37:40,100.0,17.1,S
2021-07-13T13:37:40,500.0,17.1,S
2021-07-13T13:37:37,200.0,17.1,S
2021-07-13T13:37:17,400.0,17.1,S
2021-07-13T13:37:13,300.0,17.1,S
2021-07-13T13:37:10,100.0,17.1,S
2021-07-13T13:36:54,1000.0,17.1,S
2021-07-13T13:36:13,300.0,17.2,B
2021-07-13T13:35:58,800.0,17.1,S
2021-07-13T13:35:54,3000.0,17.2,B
2021-07-13T13:35:51,9100.0,17.2,B
2021-07-13T13:35:36,7900.0,17.2,B
2021-07-13T13:35:19,100.0,17.2,B
2021-07-13T13:35:13,200.0,17.2,B
2021-07-13T13:34:06,100.0,17.2,B
2021-07-13T13:34:01,200.0,17.2,B
2021-07-13T13:34:00,300.0,17.1,S
2021-07-13T13:33:38,100.0,17.1,S
2021-07-13T13:33:32,500.0,17.2,B
2021-07-13T13:33:23,100.0,17.2,B
2021-07-13T13:33:19,100.0,17.2,B
2021-07-13T13:32:45,4200.0,17.2,S
2021-07-13T13:32:42,600.0,17.2,S
2021-07-13T13:32:39,5500.0,17.2,S
2021-07-13T13:32:36,3000.0,17.2,S
2021-07-13T13:32:32,5000.0,17.2,S
2021-07-13T13:32:31,100.0,17.2,S
2021-07-13T13:32:25,5000.0,17.2,S
2021-07-13T13:32:08,10000.0,17.2,S
2021-07-13T13:32:08,100.0,17.3,B
2021-07-13T13:32:04,1000.0,17.2,S
2021-07-13T13:31:58,1000.0,17.2,S
2021-07-13T13:31:49,500.0,17.2,S
2021-07-13T13:31:49,2000.0,17.2,S
2021-07-13T13:31:45,2000.0,17.2,S
2021-07-13T13:31:41,3000.0,17.2,S
2021-07-13T13:31:41,16000.0,17.2,S
2021-07-13T13:31:37,2000.0,17.2,S
2021-07-13T13:31:33,1000.0,17.2,S
2021-07-13T13:31:31,5000.0,17.2,S
2021-07-13T13:30:38,1000.0,17.2,S
2021-07-13T13:30:37,400.0,17.2,S
2021-07-13T13:30:34,1100.0,17.3,B
2021-07-13T13:30:26,1000.0,17.2,S
2021-07-13T13:30:18,1000.0,17.2,S
2021-07-13T13:30:02,1000.0,17.2,S
2021-07-13T13:29:50,1500.0,17.2,S
2021-07-13T13:29:43,800.0,17.3,B
2021-07-13T13:29:43,2000.0,17.2,S
2021-07-13T13:29:28,200.0,17.2,S
2021-07-13T13:29:18,1000.0,17.2,S
2021-07-13T13:28:58,400.0,17.2,B
2021-07-13T13:28:55,600.0,17.2,B
2021-07-13T13:28:55,200.0,17.2,S
2021-07-13T13:28:33,8800.0,17.2,B
2021-07-13T13:28:30,9200.0,17.2,S
2021-07-13T13:28:25,1800.0,17.2,B
2021-07-13T13:28:24,200.0,17.2,B
2021-07-13T13:28:23,2000.0,17.2,B
2021-07-13T13:28:23,400.0,17.2,B
2021-07-13T13:28:14,2000.0,17.2,B
2021-07-13T13:28:12,50000.0,17.2,B
2021-07-13T13:28:11,200.0,17.2,B
2021-07-13T13:28:07,100.0,17.2,B
2021-07-13T13:28:03,100.0,17.2,B
2021-07-13T13:28:00,1000.0,17.1,S
2021-07-13T13:27:53,4500.0,17.2,B
2021-07-13T13:27:49,1000.0,17.2,B
2021-07-13T13:27:48,300.0,17.1,S
2021-07-13T13:27:48,100.0,17.2,B
2021-07-13T13:27:46,900.0,17.2,B
2021-07-13T13:27:45,200.0,17.2,B
2021-07-13T13:27:43,5000.0,17.1,S
2021-07-13T13:27:36,2000.0,17.2,B
2021-07-13T13:27:15,100.0,17.2,B
2021-07-13T13:27:13,1000.0,17.2,B
2021-07-13T13:27:09,4000.0,17.2,B
2021-07-13T13:27:06,200.0,17.2,B
2021-07-13T13:27:00,10000.0,17.2,B
2021-07-13T13:26:57,2000.0,17.2,B
2021-07-13T13:26:55,100.0,17.2,B
2021-07-13T13:26:54,5000.0,17.2,B
2021-07-13T13:26:52,1000.0,17.2,B
2021-07-13T13:26:47,300.0,17.2,B
2021-07-13T13:26:46,100.0,17.2,B
2021-07-13T13:26:29,100.0,17.2,B
2021-07-13T13:26:24,1000.0,17.2,B
2021-07-13T13:26:23,5000.0,17.2,B
2021-07-13T13:26:21,2000.0,17.2,B
2021-07-13T13:26:14,300.0,17.1,S
2021-07-13T13:26:13,10000.0,17.2,B
2021-07-13T13:26:11,2000.0,17.2,B
2021-07-13T13:25:56,48500.0,17.1,B
2021-07-13T13:25:56,100.0,17.1,B
2021-07-13T13:25:53,500.0,17.1,B
2021-07-13T13:25:53,1000.0,17.1,B
2021-07-13T13:25:52,43600.0,17.1,B
2021-07-13T13:25:49,2000.0,17.1,B
2021-07-13T13:25:44,1000.0,17.1,B
2021-07-13T13:25:42,3000.0,17.1,B
2021-07-13T13:25:37,1000.0,17.1,B
2021-07-13T13:25:37,9000.0,17.1,B
2021-07-13T13:25:35,1500.0,17.1,B
2021-07-13T13:25:33,100.0,17.1,B
2021-07-13T13:25:32,100.0,17.1,B
2021-07-13T13:25:28,1100.0,17.0,S
2021-07-13T13:25:27,500.0,17.1,B
2021-07-13T13:25:26,1000.0,17.1,B
2021-07-13T13:25:26,300.0,17.1,B
2021-07-13T13:25:26,100.0,17.1,B
2021-07-13T13:25:20,1000.0,17.1,B
2021-07-13T13:25:19,500.0,17.1,B
2021-07-13T13:25:15,100.0,17.1,B
2021-07-13T13:25:12,3000.0,17.1,B
2021-07-13T13:25:05,1000.0,17.1,B
2021-07-13T13:25:04,5000.0,17.1,B
2021-07-13T13:25:03,1000.0,17.0,S
2021-07-13T13:24:57,11000.0,17.1,B
2021-07-13T13:24:49,2000.0,17.0,S
2021-07-13T13:24:45,1200.0,17.0,S
2021-07-13T13:24:39,2600.0,17.0,S
2021-07-13T13:24:38,1100.0,17.0,S
2021-07-13T13:24:38,100.0,17.0,B
2021-07-13T13:24:37,800.0,17.0,B
2021-07-13T13:24:37,1000.0,17.0,B
2021-07-13T13:24:35,50200.0,17.0,B
2021-07-13T13:24:34,20000.0,17.0,B
2021-07-13T13:24:33,1000.0,17.0,B
2021-07-13T13:24:33,700.0,17.0,B
2021-07-13T13:24:31,500.0,17.0,B
2021-07-13T13:24:30,1500.0,17.0,B
2021-07-13T13:24:29,4700.0,17.0,B
2021-07-13T13:24:26,100.0,17.0,B
2021-07-13T13:24:25,500.0,17.0,B
2021-07-13T13:24:23,1000.0,17.0,B
2021-07-13T13:24:23,2000.0,17.0,B
2021-07-13T13:24:22,1000.0,17.0,B
2021-07-13T13:24:22,2000.0,17.0,B
2021-07-13T13:24:19,10000.0,17.0,B
2021-07-13T13:24:14,1000.0,17.0,B
2021-07-13T13:24:13,2000.0,17.0,B
2021-07-13T13:24:13,200.0,17.0,B
2021-07-13T13:24:10,1000.0,17.0,B
2021-07-13T13:24:09,300.0,17.0,B
2021-07-13T13:24:09,100.0,17.0,B
2021-07-13T13:24:06,1000.0,17.0,B
2021-07-13T13:23:58,200.0,17.0,B
2021-07-13T13:23:55,4000.0,16.9,S
2021-07-13T13:23:55,200.0,17.0,B
2021-07-13T13:23:52,1000.0,17.0,B
2021-07-13T13:23:48,200.0,17.0,B
2021-07-13T13:23:46,200.0,17.0,B
2021-07-13T13:23:44,500.0,17.0,B
2021-07-13T13:23:40,6200.0,17.0,B
2021-07-13T13:23:34,200.0,17.0,S
2021-07-13T13:23:34,10000.0,17.0,S
2021-07-13T13:23:34,28000.0,17.0,S
2021-07-13T13:23:33,400.0,17.1,B
2021-07-13T13:23:32,1500.0,17.0,S
2021-07-13T13:23:31,10100.0,17.0,S
2021-07-13T13:23:29,100.0,17.0,S
2021-07-13T13:23:27,7700.0,17.0,S
2021-07-13T13:23:26,1000.0,17.0,S
2021-07-13T13:23:25,12500.0,17.0,S
2021-07-13T13:23:23,200.0,17.0,S
2021-07-13T13:23:21,600.0,17.0,S
2021-07-13T13:23:18,2200.0,17.0,S
2021-07-13T13:23:18,15000.0,17.0,S
2021-07-13T13:23:17,2000.0,17.0,S
2021-07-13T13:23:16,200.0,17.0,S
2021-07-13T13:23:15,1300.0,17.0,S
2021-07-13T13:23:13,3200.0,17.0,S
2021-07-13T13:23:13,500.0,17.0,S
2021-07-13T13:23:08,3500.0,17.0,S
2021-07-13T13:23:01,100.0,17.0,S
2021-07-13T13:22:59,5000.0,17.0,S
2021-07-13T13:22:55,3000.0,17.0,S
2021-07-13T13:22:55,30500.0,17.0,S
2021-07-13T13:22:55,16500.0,17.0,S
2021-07-13T13:22:54,600.0,17.0,S
2021-07-13T13:22:52,10000.0,17.0,S
2021-07-13T13:22:50,200.0,17.0,S
2021-07-13T13:22:50,20000.0,17.0,S
2021-07-13T13:22:49,500.0,17.0,S
2021-07-13T13:22:48,1000.0,17.0,S
2021-07-13T13:22:46,500.0,17.0,S
2021-07-13T13:22:37,2000.0,17.0,S
2021-07-13T13:22:32,5000.0,17.0,S
2021-07-13T13:22:32,10000.0,17.0,S
2021-07-13T13:22:29,100.0,17.0,S
2021-07-13T13:22:27,10100.0,17.0,S
2021-07-13T13:22:22,500.0,17.1,B
2021-07-13T13:22:22,7800.0,17.0,S
2021-07-13T13:22:20,200.0,17.0,S
2021-07-13T13:22:17,5900.0,17.0,S
2021-07-13T13:22:13,12000.0,17.0,S
2021-07-13T13:22:12,400.0,17.0,S
2021-07-13T13:22:11,200.0,17.0,S
2021-07-13T13:22:10,1100.0,17.0,S
2021-07-13T13:22:05,4800.0,17.0,S
2021-07-13T13:21:57,5000.0,17.0,S
2021-07-13T13:21:54,2000.0,17.0,S
2021-07-13T13:21:52,500.0,17.0,S
2021-07-13T13:21:52,15000.0,17.0,S
2021-07-13T13:21:50,1000.0,17.0,S
2021-07-13T13:21:49,1000.0,17.0,S
2021-07-13T13:21:47,1000.0,17.0,S
2021-07-13T13:21:41,10000.0,17.0,S
2021-07-13T13:21:38,3100.0,17.0,S
2021-07-13T13:21:37,2000.0,17.0,S
2021-07-13T13:21:36,10000.0,17.0,S
2021-07-13T13:21:33,1400.0,17.0,S
2021-07-13T13:21:30,50000.0,17.0,S
2021-07-13T13:21:16,10000.0,17.0,S
2021-07-13T13:21:12,48900.0,17.1,S
2021-07-13T13:21:12,9000.0,17.1,S
2021-07-13T13:21:11,10900.0,17.1,S
2021-07-13T13:21:10,800.0,17.1,S
2021-07-13T13:21:10,7700.0,17.1,S
2021-07-13T13:21:09,1000.0,17.1,S
2021-07-13T13:21:08,11100.0,17.1,S
2021-07-13T13:21:07,500.0,17.1,S
2021-07-13T13:21:05,5000.0,17.1,S
2021-07-13T13:21:05,5000.0,17.1,S
2021-07-13T13:21:04,2000.0,17.1,S
2021-07-13T13:21:03,4300.0,17.1,S
2021-07-13T13:21:02,11000.0,17.1,S
2021-07-13T13:21:00,2000.0,17.1,S
2021-07-13T13:20:59,1500.0,17.1,S
2021-07-13T13:20:58,2500.0,17.1,S
2021-07-13T13:20:57,300.0,17.1,S
2021-07-13T13:20:55,1200.0,17.1,S
2021-07-13T13:20:54,5000.0,17.1,S
2021-07-13T13:20:52,1000.0,17.1,S
2021-07-13T13:20:52,36700.0,17.1,S
2021-07-13T13:20:50,200.0,17.1,S
2021-07-13T13:20:49,11000.0,17.1,S
2021-07-13T13:20:49,800.0,17.1,S
2021-07-13T13:20:48,10000.0,17.1,S
2021-07-13T13:20:47,18000.0,17.1,S
2021-07-13T13:20:45,300.0,17.1,S
2021-07-13T13:20:43,500.0,17.1,S
2021-07-13T13:20:42,5000.0,17.1,S
2021-07-13T13:20:41,2000.0,17.1,S
2021-07-13T13:20:40,500.0,17.1,S
2021-07-13T13:20:40,200.0,17.1,S
2021-07-13T13:20:39,6600.0,17.1,S
2021-07-13T13:20:37,1800.0,17.1,S
2021-07-13T13:20:34,200.0,17.1,S
2021-07-13T13:20:34,500.0,17.1,S
2021-07-13T13:20:34,400.0,17.1,S
2021-07-13T13:20:30,10000.0,17.1,S
2021-07-13T13:20:30,6000.0,17.1,S
2021-07-13T13:20:27,300.0,17.1,S
2021-07-13T13:20:26,100.0,17.1,S
2021-07-13T13:20:25,1000.0,17.1,S
2021-07-13T13:20:24,10000.0,17.1,S
2021-07-13T13:20:22,16500.0,17.1,S
2021-07-13T13:20:17,200.0,17.1,S
2021-07-13T13:20:15,3600.0,17.1,S
2021-07-13T13:20:09,200.0,17.1,S
2021-07-13T13:20:07,1000.0,17.1,S
2021-07-13T13:20:04,500.0,17.1,S
2021-07-13T13:20:02,100.0,17.1,S
2021-07-13T13:20:00,1500.0,17.2,B
2021-07-13T13:19:59,5000.0,17.1,S
2021-07-13T13:19:57,100.0,17.1,S
2021-07-13T13:19:55,300.0,17.1,S
2021-07-13T13:19:54,10000.0,17.1,S
2021-07-13T13:19:54,1000.0,17.1,S
2021-07-13T13:19:46,1000.0,17.1,S
2021-07-13T13:19:41,1000.0,17.1,S
2021-07-13T13:19:39,1500.0,17.1,S
2021-07-13T13:19:38,100.0,17.1,S
2021-07-13T13:19:29,700.0,17.1,S
2021-07-13T13:19:17,10000.0,17.1,S
2021-07-13T13:19:12,2000.0,17.1,S
2021-07-13T13:19:07,10000.0,17.1,S
2021-07-13T13:19:07,1000.0,17.1,S
2021-07-13T13:18:44,200.0,17.2,B
2021-07-13T13:18:42,10000.0,17.1,S
2021-07-13T13:18:41,1700.0,17.2,B
2021-07-13T13:18:10,400.0,17.2,B
2021-07-13T13:17:53,400.0,17.2,B
2021-07-13T13:17:37,200.0,17.1,S
2021-07-13T13:17:34,200.0,17.2,B
2021-07-13T13:17:22,1000.0,17.1,S
2021-07-13T13:17:15,800.0,17.2,B
2021-07-13T13:17:09,50000.0,17.2,B
2021-07-13T13:17:07,200.0,17.2,B
2021-07-13T13:16:42,2200.0,17.2,S
2021-07-13T13:16:41,100.0,17.2,S
2021-07-13T13:16:41,500.0,17.3,B
2021-07-13T13:16:40,14000.0,17.2,B
2021-07-13T13:16:34,200.0,17.2,S
2021-07-13T13:16:33,1000.0,17.2,S
2021-07-13T13:16:32,1700.0,17.2,S
2021-07-13T13:16:30,300.0,17.2,S
2021-07-13T13:16:28,100.0,17.2,S
2021-07-13T13:16:27,10000.0,17.2,S
2021-07-13T13:16:26,21000.0,17.2,S
2021-07-13T13:16:23,200.0,17.2,S
2021-07-13T13:16:20,1000.0,17.2,S
2021-07-13T13:16:20,400.0,17.2,S
2021-07-13T13:16:19,2000.0,17.2,S
2021-07-13T13:16:18,500.0,17.2,S
2021-07-13T13:16:16,4900.0,17.2,S
2021-07-13T13:16:11,500.0,17.2,S
2021-07-13T13:16:09,600.0,17.2,S
2021-07-13T13:16:08,500.0,17.2,S
2021-07-13T13:16:05,1000.0,17.2,S
2021-07-13T13:16:03,800.0,17.2,S
2021-07-13T13:16:02,100.0,17.2,S
2021-07-13T13:15:58,500.0,17.2,S
2021-07-13T13:15:55,1000.0,17.2,S
2021-07-13T13:15:52,5000.0,17.2,S
2021-07-13T13:15:52,800.0,17.2,S
2021-07-13T13:15:48,200.0,17.2,S
2021-07-13T13:15:40,3000.0,17.2,S
2021-07-13T13:15:31,3000.0,17.2,S
2021-07-13T13:15:27,2400.0,17.2,S
2021-07-13T13:15:22,200.0,17.2,S
2021-07-13T13:15:20,100.0,17.2,S
2021-07-13T13:15:19,1100.0,17.3,B
2021-07-13T13:15:17,12000.0,17.2,S
2021-07-13T13:15:15,15000.0,17.2,S
2021-07-13T13:15:06,6000.0,17.2,S
2021-07-13T13:14:43,500.0,17.2,S
2021-07-13T13:14:39,900.0,17.2,S
2021-07-13T13:14:34,5000.0,17.2,S
2021-07-13T13:14:22,400.0,17.2,S
2021-07-13T13:14:17,1200.0,17.2,S
2021-07-13T13:13:54,100.0,17.3,B
2021-07-13T13:13:41,3100.0,17.2,S
2021-07-13T13:13:05,1000.0,17.3,B
2021-07-13T13:12:52,1000.0,17.2,S
2021-07-13T13:12:32,300.0,17.2,S
2021-07-13T13:12:24,500.0,17.3,B
2021-07-13T13:12:18,300.0,17.3,B
2021-07-13T13:11:50,100.0,17.3,B
2021-07-13T13:11:48,1000.0,17.3,B
2021-07-13T13:11:47,400.0,17.3,B
2021-07-13T13:11:42,800.0,17.2,S
2021-07-13T13:11:22,8000.0,17.3,B
2021-07-13T13:11:00,2200.0,17.3,B
2021-07-13T13:10:44,1500.0,17.3,B
2021-07-13T13:10:42,1000.0,17.2,S
2021-07-13T13:10:34,500.0,17.3,B
2021-07-13T13:10:24,400.0,17.3,B
2021-07-13T13:10:14,500.0,17.3,B
2021-07-13T13:10:12,200.0,17.3,B
2021-07-13T13:09:35,100.0,17.3,B
2021-07-13T13:09:20,300.0,17.3,B
2021-07-13T13:08:53,200.0,17.3,B
2021-07-13T13:08:38,300.0,17.2,S
2021-07-13T13:08:14,3000.0,17.2,S
2021-07-13T13:08:03,3000.0,17.2,S
2021-07-13T13:07:45,300.0,17.2,S
2021-07-13T13:07:14,200.0,17.2,S
2021-07-13T13:06:56,200.0,17.2,S
2021-07-13T13:06:54,1000.0,17.2,S
2021-07-13T13:06:41,700.0,17.2,B
2021-07-13T13:06:40,1000.0,17.2,B
2021-07-13T13:06:32,1000.0,17.2,B
2021-07-13T13:06:26,5000.0,17.2,B
2021-07-13T13:06:24,1000.0,17.2,B
2021-07-13T13:06:22,2000.0,17.2,B
2021-07-13T13:06:22,1000.0,17.2,B
2021-07-13T13:06:14,400.0,17.2,B
2021-07-13T13:06:04,1000.0,17.2,B
2021-07-13T13:06:03,100.0,17.2,B
2021-07-13T13:05:59,700.0,17.2,B
2021-07-13T13:05:57,10000.0,17.2,B
2021-07-13T13:05:55,2000.0,17.2,B
2021-07-13T13:05:38,6100.0,17.2,B
2021-07-13T13:05:38,3100.0,17.2,B
2021-07-13T13:05:36,2500.0,17.2,B
2021-07-13T13:05:34,100.0,17.2,B
2021-07-13T13:05:27,1000.0,17.2,B
2021-07-13T13:05:25,6400.0,17.2,B
2021-07-13T13:05:24,3600.0,17.2,B
2021-07-13T13:05:12,3000.0,17.2,B
2021-07-13T13:05:08,1000.0,17.2,B
2021-07-13T13:05:06,300.0,17.2,B
2021-07-13T13:04:52,100.0,17.2,B
2021-07-13T13:04:47,100.0,17.1,S
2021-07-13T13:04:44,300.0,17.2,B
2021-07-13T13:04:42,300.0,17.2,B
2021-07-13T13:04:34,10000.0,17.2,B
2021-07-13T13:04:30,2000.0,17.2,B
2021-07-13T13:04:28,1000.0,17.2,B
2021-07-13T13:04:26,1700.0,17.2,B
2021-07-13T13:04:22,300.0,17.2,B
2021-07-13T13:04:21,500.0,17.2,B
2021-07-13T13:04:10,100.0,17.2,B
2021-07-13T13:04:03,500.0,17.2,B
2021-07-13T13:03:55,4800.0,17.2,S
2021-07-13T13:03:48,300.0,17.2,S
2021-07-13T13:03:39,3600.0,17.2,B
2021-07-13T13:03:36,36400.0,17.2,B
2021-07-13T13:03:32,300.0,17.2,S
2021-07-13T13:03:28,4800.0,17.3,B
2021-07-13T13:03:27,1000.0,17.2,S
2021-07-13T13:03:21,5000.0,17.2,S
2021-07-13T13:02:55,2500.0,17.2,S
2021-07-13T13:02:24,1000.0,17.2,S
2021-07-13T13:02:19,2000.0,17.2,S
2021-07-13T13:02:17,3000.0,17.2,S
2021-07-13T13:02:04,500.0,17.2,S
2021-07-13T13:02:04,5000.0,17.2,S
2021-07-13T13:02:02,1300.0,17.2,S
2021-07-13T13:01:33,1000.0,17.2,S
2021-07-13T13:01:22,2000.0,17.2,S
2021-07-13T13:01:02,500.0,17.2,S
2021-07-13T13:01:02,500.0,17.2,S
2021-07-13T13:00:39,200.0,17.2,S
2021-07-13T13:00:31,200.0,17.2,S
2021-07-13T13:00:17,12000.0,17.2,S
2021-07-13T11:30:07,300.0,17.2,B
2021-07-13T11:29:52,8000.0,17.2,B
2021-07-13T11:29:47,11000.0,17.2,B
2021-07-13T11:29:38,1000.0,17.1,S
2021-07-13T11:29:28,400.0,17.2,S
2021-07-13T11:29:24,9600.0,17.2,S
2021-07-13T11:29:18,5000.0,17.2,B
2021-07-13T11:29:17,200.0,17.2,B
2021-07-13T11:29:14,200.0,17.2,B
2021-07-13T11:29:10,100.0,17.2,B
2021-07-13T11:28:50,100.0,17.2,B
2021-07-13T11:28:49,10000.0,17.2,B
2021-07-13T11:28:42,10000.0,17.2,B
2021-07-13T11:28:35,200.0,17.2,B
2021-07-13T11:28:27,600.0,17.2,B
2021-07-13T11:28:23,7900.0,17.2,S
2021-07-13T11:28:21,4000.0,17.2,S
2021-07-13T11:28:21,5000.0,17.2,S
2021-07-13T11:28:19,15000.0,17.2,S
2021-07-13T11:28:19,2000.0,17.2,S
2021-07-13T11:28:18,1000.0,17.2,S
2021-07-13T11:28:17,2000.0,17.2,S
2021-07-13T11:28:10,200.0,17.2,S
2021-07-13T11:28:07,2000.0,17.2,S
2021-07-13T11:28:07,300.0,17.2,S
2021-07-13T11:28:04,1000.0,17.2,S
2021-07-13T11:28:00,500.0,17.2,S
2021-07-13T11:27:57,100.0,17.2,S
2021-07-13T11:27:55,15000.0,17.2,S
2021-07-13T11:27:52,3000.0,17.2,S
2021-07-13T11:27:44,1000.0,17.2,S
2021-07-13T11:27:43,1000.0,17.2,S
2021-07-13T11:27:42,2000.0,17.2,S
2021-07-13T11:27:41,5000.0,17.2,S
2021-07-13T11:27:40,1000.0,17.2,S
2021-07-13T11:27:40,13000.0,17.2,S
2021-07-13T11:27:34,1100.0,17.2,S
2021-07-13T11:27:29,5000.0,17.2,S
2021-07-13T11:27:27,2500.0,17.2,S
2021-07-13T11:27:26,100.0,17.2,S
2021-07-13T11:27:24,1000.0,17.2,S
2021-07-13T11:27:19,200.0,17.2,S
2021-07-13T11:27:03,4000.0,17.2,S
2021-07-13T11:26:58,100.0,17.2,S
2021-07-13T11:26:57,1100.0,17.2,S
2021-07-13T11:26:56,2000.0,17.2,S
2021-07-13T11:26:51,100.0,17.2,S
2021-07-13T11:26:50,2000.0,17.2,S
2021-07-13T11:26:45,10000.0,17.2,S
2021-07-13T11:26:39,100.0,17.3,B
2021-07-13T11:26:19,100.0,17.2,S
2021-07-13T11:26:04,1000.0,17.2,S
2021-07-13T11:25:43,5000.0,17.2,S
2021-07-13T11:25:31,100.0,17.2,S
2021-07-13T11:25:15,1000.0,17.2,S
2021-07-13T11:25:06,500.0,17.2,S
2021-07-13T11:24:44,1000.0,17.2,S
2021-07-13T11:24:43,200.0,17.2,S
2021-07-13T11:24:38,300.0,17.2,S
2021-07-13T11:24:32,1000.0,17.2,S
2021-07-13T11:24:24,100.0,17.2,S
2021-07-13T11:24:15,500.0,17.2,S
2021-07-13T11:24:06,200.0,17.2,S
2021-07-13T11:24:04,100.0,17.3,B
2021-07-13T11:24:01,300.0,17.2,S
2021-07-13T11:23:58,1000.0,17.3,B
2021-07-13T11:23:48,2000.0,17.2,S
2021-07-13T11:23:45,2000.0,17.2,S
2021-07-13T11:23:43,300.0,17.3,B
2021-07-13T11:23:32,5100.0,17.2,S
2021-07-13T11:23:29,500.0,17.2,S
2021-07-13T11:23:16,1000.0,17.3,B
2021-07-13T11:23:14,2500.0,17.2,S
2021-07-13T11:23:11,1000.0,17.2,S
2021-07-13T11:23:08,4500.0,17.2,S
2021-07-13T11:23:00,600.0,17.3,B
2021-07-13T11:22:59,7000.0,17.2,S
2021-07-13T11:22:50,20000.0,17.2,S
2021-07-13T11:22:29,600.0,17.2,S
2021-07-13T11:22:28,1000.0,17.2,S
2021-07-13T11:22:27,1500.0,17.2,S
2021-07-13T11:22:22,300.0,17.2,S
2021-07-13T11:22:15,12000.0,17.2,S
2021-07-13T11:22:12,5000.0,17.2,S
2021-07-13T11:22:05,500.0,17.2,S
2021-07-13T11:22:00,100.0,17.3,B
2021-07-13T11:21:57,400.0,17.2,S
2021-07-13T11:21:41,500.0,17.2,S
2021-07-13T11:21:11,100.0,17.3,B
2021-07-13T11:21:08,200.0,17.3,B
2021-07-13T11:20:59,300.0,17.2,S
2021-07-13T11:20:57,900.0,17.2,S
2021-07-13T11:20:35,1000.0,17.2,S
2021-07-13T11:20:33,500.0,17.2,S
2021-07-13T11:20:30,3000.0,17.2,S
2021-07-13T11:20:27,1000.0,17.2,S
2021-07-13T11:20:25,4000.0,17.2,S
2021-07-13T11:20:24,3000.0,17.2,S
2021-07-13T11:20:11,2000.0,17.2,S
2021-07-13T11:20:09,100.0,17.2,S
2021-07-13T11:20:01,100.0,17.2,S
2021-07-13T11:19:59,100.0,17.3,B
2021-07-13T11:19:58,2000.0,17.2,S
2021-07-13T11:19:53,1100.0,17.2,S
2021-07-13T11:19:53,500.0,17.2,S
2021-07-13T11:19:52,6400.0,17.2,S
2021-07-13T11:19:51,1000.0,17.2,S
2021-07-13T11:19:35,1000.0,17.2,S
2021-07-13T11:19:32,10000.0,17.2,S
2021-07-13T11:19:28,100.0,17.3,B
2021-07-13T11:19:06,5000.0,17.2,S
2021-07-13T11:18:56,200.0,17.3,B
2021-07-13T11:18:45,2000.0,17.2,S
2021-07-13T11:18:14,1000.0,17.3,B
2021-07-13T11:17:46,200.0,17.3,B
2021-07-13T11:17:39,5000.0,17.3,B
2021-07-13T11:17:36,500.0,17.3,B
2021-07-13T11:17:21,50000.0,17.3,B
2021-07-13T11:17:05,2000.0,17.2,S
2021-07-13T11:16:51,100.0,17.3,B
2021-07-13T11:16:21,1000.0,17.3,B
2021-07-13T11:16:20,100.0,17.3,B
2021-07-13T11:16:00,100.0,17.3,B
2021-07-13T11:15:58,1000.0,17.3,B
2021-07-13T11:15:48,2500.0,17.3,B
2021-07-13T11:15:35,500.0,17.3,B
2021-07-13T11:14:37,1000.0,17.3,B
2021-07-13T11:14:37,300.0,17.3,B
2021-07-13T11:14:09,100.0,17.3,B
2021-07-13T11:14:02,600.0,17.3,B
2021-07-13T11:13:57,100.0,17.3,B
2021-07-13T11:13:39,800.0,17.3,S
2021-07-13T11:13:36,1000.0,17.3,S
2021-07-13T11:13:35,3000.0,17.3,S
2021-07-13T11:13:32,10000.0,17.3,S
2021-07-13T11:13:32,10000.0,17.3,S
2021-07-13T11:13:31,2000.0,17.3,S
2021-07-13T11:13:29,5000.0,17.3,S
2021-07-13T11:13:26,10300.0,17.3,S
2021-07-13T11:13:25,16000.0,17.3,S
2021-07-13T11:13:21,7000.0,17.3,S
2021-07-13T11:13:21,1500.0,17.3,S
2021-07-13T11:13:20,1700.0,17.3,S
2021-07-13T11:13:19,1000.0,17.3,S
2021-07-13T11:13:19,4000.0,17.3,S
2021-07-13T11:13:18,2000.0,17.3,S
2021-07-13T11:13:17,6000.0,17.3,S
2021-07-13T11:13:13,100000.0,17.3,S
2021-07-13T11:13:12,4500.0,17.3,S
2021-07-13T11:13:08,500.0,17.3,S
2021-07-13T11:13:07,3000.0,17.3,S
2021-07-13T11:12:58,1000.0,17.4,B
2021-07-13T11:12:57,30000.0,17.3,S
2021-07-13T11:12:50,2400.0,17.3,S
2021-07-13T11:12:40,20000.0,17.3,S
2021-07-13T11:12:29,1000.0,17.3,S
2021-07-13T11:12:28,500.0,17.3,S
2021-07-13T11:12:17,10000.0,17.3,S
2021-07-13T11:12:06,400.0,17.4,B
2021-07-13T11:11:57,300.0,17.3,S
2021-07-13T11:11:52,2000.0,17.4,B
2021-07-13T11:11:51,600.0,17.3,S
2021-07-13T11:11:50,2000.0,17.4,B
2021-07-13T11:11:43,30000.0,17.3,S
2021-07-13T11:11:35,5000.0,17.3,S
2021-07-13T11:11:35,500.0,17.3,S
2021-07-13T11:11:33,100.0,17.3,S
2021-07-13T11:11:22,100.0,17.3,S
2021-07-13T11:11:19,300.0,17.3,S
2021-07-13T11:11:16,100.0,17.3,S
2021-07-13T11:11:14,2000.0,17.3,S
2021-07-13T11:11:12,200.0,17.3,S
2021-07-13T11:11:12,200.0,17.3,S
2021-07-13T11:11:05,5200.0,17.3,S
2021-07-13T11:10:57,100.0,17.3,S
2021-07-13T11:10:52,1000.0,17.3,S
2021-07-13T11:10:49,500.0,17.4,B
2021-07-13T11:10:46,1000.0,17.4,B
2021-07-13T11:10:46,1000.0,17.3,S
2021-07-13T11:10:39,200.0,17.3,S
2021-07-13T11:10:26,1000.0,17.3,S
2021-07-13T11:10:08,500.0,17.3,S
2021-07-13T11:09:49,3500.0,17.3,S
2021-07-13T11:09:39,4000.0,17.4,B
2021-07-13T11:09:15,100.0,17.4,B
2021-07-13T11:09:11,1000.0,17.3,S
2021-07-13T11:09:06,100.0,17.4,B
2021-07-13T11:08:57,900.0,17.4,B
2021-07-13T11:08:43,100.0,17.4,B
2021-07-13T11:08:41,200.0,17.4,B
2021-07-13T11:08:40,1800.0,17.4,B
2021-07-13T11:08:36,100.0,17.3,S
2021-07-13T11:08:26,100.0,17.4,B
2021-07-13T11:08:11,100.0,17.4,B
2021-07-13T11:08:05,1000.0,17.4,B
2021-07-13T11:08:04,2000.0,17.3,S
2021-07-13T11:07:56,500.0,17.4,B
2021-07-13T11:07:47,500.0,17.4,B
2021-07-13T11:07:40,500.0,17.4,B
2021-07-13T11:07:29,7000.0,17.4,B
2021-07-13T11:07:25,2600.0,17.4,B
2021-07-13T11:07:05,1000.0,17.4,B
2021-07-13T11:07:01,100.0,17.4,B
2021-07-13T11:07:00,100.0,17.4,B
2021-07-13T11:06:57,1000.0,17.4,B
2021-07-13T11:06:57,100.0,17.4,B
2021-07-13T11:06:52,900.0,17.4,B
2021-07-13T11:06:49,500.0,17.4,B
2021-07-13T11:06:39,5000.0,17.4,B
2021-07-13T11:06:35,500.0,17.4,B
2021-07-13T11:06:19,1000.0,17.4,B
2021-07-13T11:06:18,300.0,17.4,B
2021-07-13T11:06:10,14500.0,17.4,B
2021-07-13T11:06:01,300.0,17.4,B
2021-07-13T11:05:59,100.0,17.4,B
2021-07-13T11:05:58,5000.0,17.4,B
2021-07-13T11:05:53,100.0,17.4,B
2021-07-13T11:05:45,100.0,17.4,B
2021-07-13T11:05:31,1000.0,17.4,B
2021-07-13T11:05:18,200.0,17.4,B
2021-07-13T11:05:16,4500.0,17.4,B
2021-07-13T11:05:14,200.0,17.4,B
2021-07-13T11:05:13,500.0,17.4,B
2021-07-13T11:05:03,900.0,17.4,B
2021-07-13T11:04:52,500.0,17.4,B
2021-07-13T11:04:41,1000.0,17.4,B
2021-07-13T11:04:33,1000.0,17.4,B
2021-07-13T11:04:31,2000.0,17.3,S
2021-07-13T11:04:25,10000.0,17.4,B
2021-07-13T11:04:22,1000.0,17.4,B
2021-07-13T11:04:21,100.0,17.4,B
2021-07-13T11:04:07,5000.0,17.4,B
2021-07-13T11:04:04,300.0,17.4,B
2021-07-13T11:03:54,400.0,17.4,B
2021-07-13T11:03:52,100.0,17.4,B
2021-07-13T11:03:48,17600.0,17.3,S
2021-07-13T11:03:36,1000.0,17.4,B
2021-07-13T11:03:31,5000.0,17.4,B
2021-07-13T11:03:30,1500.0,17.3,S
2021-07-13T11:03:19,1000.0,17.4,B
2021-07-13T11:03:19,100.0,17.4,B
2021-07-13T11:03:17,100.0,17.4,B
2021-07-13T11:03:03,1000.0,17.4,B
2021-07-13T11:02:56,5000.0,17.4,B
2021-07-13T11:02:55,200.0,17.4,B
2021-07-13T11:02:47,300.0,17.4,B
2021-07-13T11:02:46,1000.0,17.4,B
2021-07-13T11:02:45,3000.0,17.4,B
2021-07-13T11:02:37,22000.0,17.4,B
2021-07-13T11:02:35,100.0,17.4,B
2021-07-13T11:02:28,200.0,17.4,B
2021-07-13T11:02:23,1000.0,17.3,S
2021-07-13T11:02:21,200.0,17.4,B
2021-07-13T11:02:18,100.0,17.4,B
2021-07-13T11:02:18,1400.0,17.4,B
2021-07-13T11:02:11,47000.0,17.4,B
2021-07-13T11:01:56,5000.0,17.4,B
2021-07-13T11:01:53,300.0,17.4,B
2021-07-13T11:01:52,1000.0,17.4,B
2021-07-13T11:01:47,10000.0,17.4,B
2021-07-13T11:01:46,2000.0,17.4,B
2021-07-13T11:01:40,100.0,17.4,B
2021-07-13T11:01:40,100.0,17.4,B
2021-07-13T11:01:38,500.0,17.4,B
2021-07-13T11:01:37,400.0,17.4,B
2021-07-13T11:01:20,100.0,17.4,B
2021-07-13T11:01:14,3000.0,17.3,S
2021-07-13T11:01:11,500.0,17.4,B
2021-07-13T11:01:11,5000.0,17.4,B
2021-07-13T11:01:10,200.0,17.4,B
2021-07-13T11:01:06,10000.0,17.4,B
2021-07-13T11:00:56,500.0,17.4,B
2021-07-13T11:00:55,200.0,17.4,B
2021-07-13T11:00:40,1000.0,17.4,B
2021-07-13T11:00:34,1500.0,17.4,B
2021-07-13T11:00:25,1000.0,17.4,B
2021-07-13T11:00:16,2000.0,17.4,B
2021-07-13T11:00:14,100.0,17.3,S
2021-07-13T11:00:09,400.0,17.4,B
2021-07-13T11:00:05,200.0,17.4,B
2021-07-13T10:59:56,10000.0,17.4,B
2021-07-13T10:59:48,1000.0,17.4,B
2021-07-13T10:59:38,800.0,17.4,B
2021-07-13T10:59:38,200.0,17.4,B
2021-07-13T10:59:32,1000.0,17.4,B
2021-07-13T10:59:28,300.0,17.4,B
2021-07-13T10:59:25,100.0,17.4,B
2021-07-13T10:59:23,300.0,17.4,B
2021-07-13T10:59:18,3000.0,17.4,B
2021-07-13T10:59:16,1000.0,17.4,B
2021-07-13T10:59:16,8000.0,17.4,B
2021-07-13T10:59:14,500.0,17.4,B
2021-07-13T10:59:14,9000.0,17.4,B
2021-07-13T10:59:11,13800.0,17.4,B
2021-07-13T10:59:06,7000.0,17.4,B
2021-07-13T10:59:02,3500.0,17.4,B
2021-07-13T10:58:59,27500.0,17.4,B
2021-07-13T10:58:42,1000.0,17.4,B
2021-07-13T10:58:32,100.0,17.4,B
2021-07-13T10:58:30,3000.0,17.4,B
2021-07-13T10:58:26,100.0,17.4,B
2021-07-13T10:58:23,100.0,17.4,B
2021-07-13T10:58:23,3000.0,17.4,B
2021-07-13T10:58:20,200.0,17.4,B
2021-07-13T10:58:18,200.0,17.4,B
2021-07-13T10:58:00,4000.0,17.4,B
2021-07-13T10:57:56,6200.0,17.4,B
2021-07-13T10:57:55,200.0,17.4,B
2021-07-13T10:57:52,1000.0,17.4,B
2021-07-13T10:57:40,100.0,17.4,B
2021-07-13T10:57:38,100.0,17.4,B
2021-07-13T10:57:36,1000.0,17.4,B
2021-07-13T10:57:10,20000.0,17.4,B
2021-07-13T10:56:51,1000.0,17.4,B
2021-07-13T10:56:48,9600.0,17.4,B
2021-07-13T10:56:33,1000.0,17.3,S
2021-07-13T10:56:27,300.0,17.4,B
2021-07-13T10:56:21,200.0,17.4,B
2021-07-13T10:56:15,500.0,17.4,B
2021-07-13T10:56:14,500.0,17.4,B
2021-07-13T10:56:13,500.0,17.4,B
2021-07-13T10:56:06,6300.0,17.4,B
2021-07-13T10:56:02,1000.0,17.4,B
2021-07-13T10:56:00,100.0,17.4,B
2021-07-13T10:55:47,200.0,17.4,B
2021-07-13T10:55:44,200.0,17.4,B
2021-07-13T10:55:29,1000.0,17.4,B
2021-07-13T10:55:27,2000.0,17.4,B
2021-07-13T10:55:21,100.0,17.4,B
2021-07-13T10:55:15,500.0,17.3,S
2021-07-13T10:55:14,2000.0,17.3,S
2021-07-13T10:55:07,1000.0,17.4,B
2021-07-13T10:55:03,1000.0,17.4,B
2021-07-13T10:55:01,1000.0,17.4,B
2021-07-13T10:54:59,200.0,17.4,B
2021-07-13T10:54:58,100.0,17.4,B
2021-07-13T10:54:46,1000.0,17.3,S
2021-07-13T10:54:46,1000.0,17.4,B
2021-07-13T10:54:32,6300.0,17.4,B
2021-07-13T10:54:29,300.0,17.4,B
2021-07-13T10:54:07,100.0,17.4,B
2021-07-13T10:54:05,1000.0,17.4,B
2021-07-13T10:54:05,500.0,17.4,B
2021-07-13T10:54:00,1000.0,17.4,B
2021-07-13T10:53:45,100.0,17.4,B
2021-07-13T10:53:45,1000.0,17.4,B
2021-07-13T10:53:45,10000.0,17.4,B
2021-07-13T10:53:36,200.0,17.4,B
2021-07-13T10:53:35,6000.0,17.3,S
2021-07-13T10:53:21,1000.0,17.4,B
2021-07-13T10:53:12,2000.0,17.4,B
2021-07-13T10:53:10,200.0,17.3,S
2021-07-13T10:53:08,100.0,17.3,S
2021-07-13T10:52:55,100.0,17.3,S
2021-07-13T10:52:50,500.0,17.3,S
2021-07-13T10:52:48,6000.0,17.3,S
2021-07-13T10:52:43,23400.0,17.3,B
2021-07-13T10:52:42,500.0,17.3,B
2021-07-13T10:52:41,200.0,17.3,B
2021-07-13T10:52:37,50000.0,17.3,B
2021-07-13T10:52:37,2500.0,17.3,B
2021-07-13T10:52:36,500.0,17.3,B
2021-07-13T10:52:32,10000.0,17.3,B
2021-07-13T10:52:31,20000.0,17.3,B
2021-07-13T10:52:26,5000.0,17.3,B
2021-07-13T10:52:23,100.0,17.3,B
2021-07-13T10:52:20,6000.0,17.3,B
2021-07-13T10:52:15,100.0,17.3,B
2021-07-13T10:52:11,100.0,17.3,B
2021-07-13T10:52:10,5000.0,17.2,S
2021-07-13T10:52:07,500.0,17.3,B
2021-07-13T10:52:01,1200.0,17.3,B
2021-07-13T10:51:51,100.0,17.3,B
2021-07-13T10:51:51,1000.0,17.3,B
2021-07-13T10:51:41,5000.0,17.3,B
2021-07-13T10:51:36,2000.0,17.3,B
2021-07-13T10:51:36,3000.0,17.3,B
2021-07-13T10:51:35,2500.0,17.3,B
2021-07-13T10:51:35,500.0,17.3,B
2021-07-13T10:51:34,1000.0,17.3,B
2021-07-13T10:51:34,3500.0,17.3,B
2021-07-13T10:51:31,5000.0,17.3,B
2021-07-13T10:51:26,1000.0,17.3,B
2021-07-13T10:51:26,5000.0,17.3,B
2021-07-13T10:51:23,1500.0,17.3,B
2021-07-13T10:51:20,2000.0,17.3,B
2021-07-13T10:51:15,500.0,17.3,B
2021-07-13T10:51:13,5000.0,17.3,B
2021-07-13T10:51:07,1000.0,17.3,B
2021-07-13T10:51:02,100.0,17.3,B
2021-07-13T10:50:52,2000.0,17.3,B
2021-07-13T10:50:45,200.0,17.3,B
2021-07-13T10:50:44,3300.0,17.3,B
2021-07-13T10:50:36,500.0,17.3,B
2021-07-13T10:50:36,1000.0,17.3,B
2021-07-13T10:50:27,100.0,17.3,B
2021-07-13T10:50:25,1000.0,17.3,B
2021-07-13T10:50:21,2000.0,17.3,B
2021-07-13T10:50:21,3000.0,17.3,B
2021-07-13T10:50:07,300.0,17.3,B
2021-07-13T10:49:46,500.0,17.3,B
2021-07-13T10:49:45,100.0,17.3,B
2021-07-13T10:49:42,300.0,17.3,B
2021-07-13T10:49:32,500.0,17.3,B
2021-07-13T10:49:31,500.0,17.3,B
2021-07-13T10:49:25,2500.0,17.3,B
2021-07-13T10:49:12,100.0,17.3,B
2021-07-13T10:49:10,1000.0,17.3,B
2021-07-13T10:49:10,100.0,17.3,B
2021-07-13T10:49:07,100.0,17.3,B
2021-07-13T10:49:06,100.0,17.3,B
2021-07-13T10:48:58,20000.0,17.3,B
2021-07-13T10:48:53,500.0,17.3,B
2021-07-13T10:48:52,100.0,17.3,B
2021-07-13T10:48:49,200.0,17.3,B
2021-07-13T10:48:47,900.0,17.3,B
2021-07-13T10:48:43,1000.0,17.3,B
2021-07-13T10:48:30,300.0,17.3,B
2021-07-13T10:48:26,26000.0,17.3,B
2021-07-13T10:48:25,1000.0,17.3,B
2021-07-13T10:48:20,500.0,17.3,B
2021-07-13T10:48:18,3900.0,17.3,B
2021-07-13T10:47:56,500.0,17.3,B
2021-07-13T10:47:52,100.0,17.3,B
2021-07-13T10:47:45,500.0,17.3,B
2021-07-13T10:47:22,2400.0,17.3,B
2021-07-13T10:47:10,500.0,17.3,B
2021-07-13T10:47:10,800.0,17.3,B
2021-07-13T10:47:08,2500.0,17.3,B
2021-07-13T10:47:08,100.0,17.3,B
2021-07-13T10:47:03,1000.0,17.3,B
2021-07-13T10:46:51,2000.0,17.3,B
2021-07-13T10:46:31,3000.0,17.3,B
2021-07-13T10:46:29,1000.0,17.2,S
2021-07-13T10:46:21,12000.0,17.3,B
2021-07-13T10:46:17,100.0,17.3,B
2021-07-13T10:46:15,400.0,17.3,B
2021-07-13T10:46:14,100.0,17.3,B
2021-07-13T10:46:07,300.0,17.3,B
2021-07-13T10:45:54,500.0,17.3,B
2021-07-13T10:45:49,300.0,17.3,B
2021-07-13T10:45:41,1000.0,17.3,B
2021-07-13T10:45:40,1000.0,17.3,B
2021-07-13T10:45:38,500.0,17.3,B
2021-07-13T10:45:36,700.0,17.3,B
2021-07-13T10:45:33,4000.0,17.3,B
2021-07-13T10:45:31,2400.0,17.3,B
2021-07-13T10:45:31,100.0,17.3,B
2021-07-13T10:45:30,500.0,17.3,B
2021-07-13T10:45:29,4000.0,17.3,B
2021-07-13T10:45:26,100.0,17.3,B
2021-07-13T10:45:24,100.0,17.3,B
2021-07-13T10:45:22,500.0,17.3,B
2021-07-13T10:45:14,175900.0,17.3,B
2021-07-13T10:45:09,3000.0,17.4,B
2021-07-13T10:45:00,500.0,17.4,B
2021-07-13T10:44:56,200.0,17.4,B
2021-07-13T10:44:55,300.0,17.4,B
2021-07-13T10:44:52,10000.0,17.4,B
2021-07-13T10:44:52,100.0,17.4,B
2021-07-13T10:44:51,1000.0,17.3,S
2021-07-13T10:44:47,500.0,17.4,B
2021-07-13T10:44:43,900.0,17.4,B
2021-07-13T10:44:40,27600.0,17.4,B
2021-07-13T10:44:37,1000.0,17.4,B
2021-07-13T10:44:32,500.0,17.4,B
2021-07-13T10:44:31,100.0,17.4,B
2021-07-13T10:44:29,1100.0,17.4,B
2021-07-13T10:44:29,500.0,17.4,B
2021-07-13T10:44:24,600.0,17.4,B
2021-07-13T10:44:15,200.0,17.4,B
2021-07-13T10:44:10,1000.0,17.4,B
2021-07-13T10:44:10,4000.0,17.3,S
2021-07-13T10:44:04,2000.0,17.4,B
2021-07-13T10:44:02,2000.0,17.4,B
2021-07-13T10:44:01,300.0,17.4,B
2021-07-13T10:43:57,1200.0,17.4,B
2021-07-13T10:43:57,500.0,17.4,B
2021-07-13T10:43:53,100.0,17.4,B
2021-07-13T10:43:49,700.0,17.4,B
2021-07-13T10:43:49,1500.0,17.4,B
2021-07-13T10:43:47,1000.0,17.4,B
2021-07-13T10:43:46,100.0,17.4,B
2021-07-13T10:43:46,500.0,17.4,B
2021-07-13T10:43:45,100.0,17.4,B
2021-07-13T10:43:43,5000.0,17.4,B
2021-07-13T10:43:42,5000.0,17.4,B
2021-07-13T10:43:40,1000.0,17.4,B
2021-07-13T10:43:39,1500.0,17.4,B
2021-07-13T10:43:39,5300.0,17.4,B
2021-07-13T10:43:37,2100.0,17.4,B
2021-07-13T10:43:35,400.0,17.4,B
2021-07-13T10:43:32,20000.0,17.4,B
2021-07-13T10:43:31,500.0,17.4,B
2021-07-13T10:43:30,100.0,17.4,B
2021-07-13T10:43:29,6200.0,17.4,B
2021-07-13T10:43:28,19900.0,17.4,S
2021-07-13T10:43:26,100.0,17.4,S
2021-07-13T10:43:25,200.0,17.4,S
2021-07-13T10:43:24,70000.0,17.4,B
2021-07-13T10:43:23,800.0,17.4,B
2021-07-13T10:43:20,1500.0,17.4,B
2021-07-13T10:43:20,500.0,17.4,B
2021-07-13T10:43:19,500.0,17.4,B
2021-07-13T10:43:17,1000.0,17.4,B
2021-07-13T10:43:16,500.0,17.4,B
2021-07-13T10:43:15,7300.0,17.4,B
2021-07-13T10:43:12,4200.0,17.4,B
2021-07-13T10:43:11,1700.0,17.4,B
2021-07-13T10:43:10,200.0,17.4,B
2021-07-13T10:43:08,1100.0,17.4,B
2021-07-13T10:43:05,200.0,17.4,B
2021-07-13T10:43:04,3000.0,17.4,B
2021-07-13T10:43:00,200.0,17.4,B
2021-07-13T10:43:00,200.0,17.4,B
2021-07-13T10:42:59,4000.0,17.4,B
2021-07-13T10:42:58,5000.0,17.4,B
2021-07-13T10:42:56,20000.0,17.4,B
2021-07-13T10:42:55,3000.0,17.4,B
2021-07-13T10:42:54,1000.0,17.4,B
2021-07-13T10:42:51,30000.0,17.4,B
2021-07-13T10:42:51,1000.0,17.4,B
2021-07-13T10:42:49,1800.0,17.4,B
2021-07-13T10:42:49,20000.0,17.4,B
2021-07-13T10:42:46,3900.0,17.4,B
2021-07-13T10:42:45,3000.0,17.4,B
2021-07-13T10:42:41,500.0,17.4,B
2021-07-13T10:42:41,2100.0,17.4,B
2021-07-13T10:42:37,300.0,17.4,B
2021-07-13T10:42:37,1000.0,17.4,B
2021-07-13T10:42:33,1000.0,17.4,B
2021-07-13T10:42:32,100.0,17.4,B
2021-07-13T10:42:32,10000.0,17.4,B
2021-07-13T10:42:30,1000.0,17.4,B
2021-07-13T10:42:27,1000.0,17.4,B
2021-07-13T10:42:26,100.0,17.4,B
2021-07-13T10:42:26,100.0,17.4,B
2021-07-13T10:42:25,100.0,17.4,B
2021-07-13T10:42:25,1000.0,17.4,B
2021-07-13T10:42:23,3000.0,17.4,B
2021-07-13T10:42:22,200.0,17.4,B
2021-07-13T10:42:21,5000.0,17.4,B
2021-07-13T10:42:20,1800.0,17.4,B
2021-07-13T10:42:18,2200.0,17.4,B
2021-07-13T10:42:16,10000.0,17.4,B
2021-07-13T10:42:15,100.0,17.4,B
2021-07-13T10:42:14,300.0,17.4,B
2021-07-13T10:42:13,1000.0,17.4,B
2021-07-13T10:42:12,10000.0,17.4,B
2021-07-13T10:42:11,50500.0,17.4,B
2021-07-13T10:42:11,1000.0,17.4,B
2021-07-13T10:42:09,5000.0,17.4,B
2021-07-13T10:42:08,1000.0,17.4,B
2021-07-13T10:42:08,700.0,17.4,B
2021-07-13T10:42:05,4100.0,17.4,B
2021-07-13T10:42:05,1000.0,17.4,B
2021-07-13T10:42:05,700.0,17.4,B
2021-07-13T10:42:04,100.0,17.4,B
2021-07-13T10:42:04,100.0,17.4,B
2021-07-13T10:42:03,3000.0,17.4,B
2021-07-13T10:42:03,500.0,17.4,B
2021-07-13T10:42:01,6500.0,17.4,S
2021-07-13T10:42:01,2800.0,17.4,S
2021-07-13T10:42:00,15000.0,17.4,B
2021-07-13T10:42:00,3500.0,17.4,B
2021-07-13T10:41:57,200.0,17.4,B
2021-07-13T10:41:56,200.0,17.4,B
2021-07-13T10:41:56,5100.0,17.4,B
2021-07-13T10:41:53,500.0,17.4,B
2021-07-13T10:41:52,10500.0,17.4,B
2021-07-13T10:41:50,1000.0,17.4,B
2021-07-13T10:41:48,20200.0,17.4,B
2021-07-13T10:41:46,200.0,17.4,B
2021-07-13T10:41:46,1500.0,17.4,B
2021-07-13T10:41:45,1000.0,17.4,B
2021-07-13T10:41:44,500.0,17.4,B
2021-07-13T10:41:43,100.0,17.4,B
2021-07-13T10:41:42,4000.0,17.4,B
2021-07-13T10:41:41,7500.0,17.4,B
2021-07-13T10:41:41,100.0,17.4,B
2021-07-13T10:41:39,100.0,17.4,B
2021-07-13T10:41:39,4000.0,17.4,B
2021-07-13T10:41:38,10800.0,17.4,B
2021-07-13T10:41:37,1000.0,17.4,B
2021-07-13T10:41:37,1000.0,17.4,B
2021-07-13T10:41:36,100.0,17.4,B
2021-07-13T10:41:35,50000.0,17.3,S
2021-07-13T10:41:33,1000.0,17.4,B
2021-07-13T10:41:32,5500.0,17.4,B
2021-07-13T10:41:32,20000.0,17.4,B
2021-07-13T10:41:31,5000.0,17.4,B
2021-07-13T10:41:30,1000.0,17.4,B
2021-07-13T10:41:30,100.0,17.4,B
2021-07-13T10:41:28,3000.0,17.4,B
2021-07-13T10:41:28,200.0,17.4,B
2021-07-13T10:41:27,6000.0,17.4,B
2021-07-13T10:41:26,3600.0,17.4,B
2021-07-13T10:41:22,2000.0,17.4,B
2021-07-13T10:41:22,4000.0,17.4,B
2021-07-13T10:41:22,1500.0,17.4,B
2021-07-13T10:41:19,10000.0,17.4,B
2021-07-13T10:41:19,41600.0,17.4,B
2021-07-13T10:41:19,2000.0,17.4,B
2021-07-13T10:41:18,1000.0,17.4,B
2021-07-13T10:41:16,100.0,17.4,B
2021-07-13T10:41:15,300.0,17.4,B
2021-07-13T10:41:15,5000.0,17.4,B
2021-07-13T10:41:14,300.0,17.4,B
2021-07-13T10:41:14,200.0,17.4,B
2021-07-13T10:41:12,500.0,17.4,B
2021-07-13T10:41:09,2000.0,17.4,B
2021-07-13T10:41:09,3000.0,17.4,B
2021-07-13T10:41:07,500.0,17.4,B
2021-07-13T10:41:06,100.0,17.4,B
2021-07-13T10:41:04,1000.0,17.4,B
2021-07-13T10:41:04,2000.0,17.4,B
2021-07-13T10:41:00,5000.0,17.4,B
2021-07-13T10:41:00,2500.0,17.4,B
2021-07-13T10:40:59,600.0,17.4,B
2021-07-13T10:40:58,1500.0,17.4,B
2021-07-13T10:40:57,6100.0,17.4,B
2021-07-13T10:40:55,300.0,17.4,B
2021-07-13T10:40:54,50000.0,17.4,B
2021-07-13T10:40:53,1000.0,17.4,B
2021-07-13T10:40:50,500.0,17.4,B
2021-07-13T10:40:49,100.0,17.4,B
2021-07-13T10:40:40,1000.0,17.4,B
2021-07-13T10:40:35,300.0,17.4,B
2021-07-13T10:40:33,100.0,17.4,B
2021-07-13T10:40:32,20000.0,17.4,B
2021-07-13T10:40:21,500.0,17.3,S
2021-07-13T10:40:08,1000.0,17.3,S
2021-07-13T10:39:57,100.0,17.3,S
2021-07-13T10:39:51,4900.0,17.3,S
2021-07-13T10:39:50,5500.0,17.3,B
2021-07-13T10:39:49,5000.0,17.3,B
2021-07-13T10:39:49,50000.0,17.3,B
2021-07-13T10:39:48,20000.0,17.3,B
2021-07-13T10:39:46,500.0,17.3,B
2021-07-13T10:39:46,2300.0,17.3,B
2021-07-13T10:39:46,50000.0,17.3,B
2021-07-13T10:39:43,5000.0,17.3,B
2021-07-13T10:39:41,15000.0,17.3,B
2021-07-13T10:39:40,12500.0,17.3,B
2021-07-13T10:39:39,1300.0,17.3,B
2021-07-13T10:39:37,5200.0,17.3,B
2021-07-13T10:39:35,10000.0,17.3,B
2021-07-13T10:39:34,1800.0,17.3,B
2021-07-13T10:39:34,1500.0,17.3,B
2021-07-13T10:39:33,2400.0,17.3,B
2021-07-13T10:39:30,100.0,17.3,B
2021-07-13T10:39:30,5000.0,17.3,B
2021-07-13T10:39:29,14000.0,17.3,B
2021-07-13T10:39:28,5000.0,17.3,B
2021-07-13T10:39:26,2000.0,17.3,B
2021-07-13T10:39:22,1000.0,17.3,B
2021-07-13T10:39:22,500.0,17.3,B
2021-07-13T10:39:19,6000.0,17.3,B
2021-07-13T10:39:16,5800.0,17.3,B
2021-07-13T10:39:14,4700.0,17.3,B
2021-07-13T10:39:14,100.0,17.3,B
2021-07-13T10:39:13,15000.0,17.3,B
2021-07-13T10:39:11,500.0,17.3,B
2021-07-13T10:39:11,5300.0,17.3,B
2021-07-13T10:39:07,1000.0,17.3,B
2021-07-13T10:39:05,500.0,17.3,B
2021-07-13T10:39:01,2000.0,17.3,B
2021-07-13T10:39:01,4200.0,17.3,B
2021-07-13T10:38:58,300.0,17.3,B
2021-07-13T10:38:56,2000.0,17.3,B
2021-07-13T10:38:51,96000.0,17.3,B
2021-07-13T10:38:48,100.0,17.3,B
2021-07-13T10:38:45,400.0,17.3,B
2021-07-13T10:38:44,1000.0,17.3,B
2021-07-13T10:38:42,1000.0,17.3,B
2021-07-13T10:38:37,17000.0,17.3,B
2021-07-13T10:38:32,100.0,17.3,B
2021-07-13T10:38:29,100.0,17.3,B
2021-07-13T10:38:28,2000.0,17.3,B
2021-07-13T10:38:19,1000.0,17.3,B
2021-07-13T10:38:17,300.0,17.2,S
2021-07-13T10:38:00,100.0,17.2,S
2021-07-13T10:37:48,400.0,17.2,B
2021-07-13T10:37:48,400.0,17.2,B
2021-07-13T10:37:46,1500.0,17.2,B
2021-07-13T10:37:46,1800.0,17.2,B
2021-07-13T10:37:45,500.0,17.2,B
2021-07-13T10:37:44,1000.0,17.2,B
2021-07-13T10:37:41,100.0,17.2,B
2021-07-13T10:37:40,10000.0,17.2,B
2021-07-13T10:37:37,50000.0,17.2,B
2021-07-13T10:37:37,10000.0,17.2,B
2021-07-13T10:37:36,3000.0,17.2,B
2021-07-13T10:37:35,1000.0,17.2,B
2021-07-13T10:37:35,10000.0,17.2,B
2021-07-13T10:37:33,3000.0,17.2,B
2021-07-13T10:37:32,2000.0,17.2,B
2021-07-13T10:37:32,55000.0,17.2,B
2021-07-13T10:37:31,9700.0,17.2,B
2021-07-13T10:37:30,500.0,17.2,B
2021-07-13T10:37:29,15000.0,17.2,B
2021-07-13T10:37:29,300.0,17.2,B
2021-07-13T10:37:27,10000.0,17.2,B
2021-07-13T10:37:26,50000.0,17.2,B
2021-07-13T10:37:23,300.0,17.2,B
2021-07-13T10:37:22,5000.0,17.2,B
2021-07-13T10:37:19,2300.0,17.2,B
2021-07-13T10:37:16,98000.0,17.2,B
2021-07-13T10:37:15,1000.0,17.2,B
2021-07-13T10:37:12,1000.0,17.2,B
2021-07-13T10:37:12,15000.0,17.2,B
2021-07-13T10:37:08,3000.0,17.2,B
2021-07-13T10:37:06,500.0,17.2,B
2021-07-13T10:36:56,700.0,17.2,B
2021-07-13T10:36:55,500.0,17.2,B
2021-07-13T10:36:55,100.0,17.2,B
2021-07-13T10:36:52,1800.0,17.2,B
2021-07-13T10:36:50,3000.0,17.2,B
2021-07-13T10:36:49,10000.0,17.2,B
2021-07-13T10:36:48,3000.0,17.2,B
2021-07-13T10:36:44,100.0,17.2,B
2021-07-13T10:36:33,100.0,17.2,B
2021-07-13T10:36:32,20000.0,17.2,B
2021-07-13T10:36:31,500.0,17.2,B
2021-07-13T10:36:30,2100.0,17.1,S
2021-07-13T10:36:21,1000.0,17.2,B
2021-07-13T10:36:20,100.0,17.2,B
2021-07-13T10:36:18,1000.0,17.2,B
2021-07-13T10:36:08,1000.0,17.2,B
2021-07-13T10:35:46,3000.0,17.1,S
2021-07-13T10:35:11,100.0,17.1,S
2021-07-13T10:35:08,500.0,17.2,B
2021-07-13T10:35:00,3000.0,17.2,B
2021-07-13T10:34:54,5200.0,17.2,B
2021-07-13T10:34:50,3500.0,17.2,B
2021-07-13T10:34:48,300.0,17.2,B
2021-07-13T10:34:41,1800.0,17.2,B
2021-07-13T10:34:40,100.0,17.2,B
2021-07-13T10:34:38,200.0,17.2,B
2021-07-13T10:34:25,200.0,17.2,B
2021-07-13T10:34:13,200.0,17.2,B
2021-07-13T10:34:08,100.0,17.2,B
2021-07-13T10:34:06,300.0,17.2,B
2021-07-13T10:34:00,1000.0,17.2,B
2021-07-13T10:33:55,500.0,17.2,B
2021-07-13T10:33:54,100.0,17.1,S
2021-07-13T10:33:47,200.0,17.2,B
2021-07-13T10:33:40,2000.0,17.2,B
2021-07-13T10:33:38,100.0,17.2,B
2021-07-13T10:33:24,100.0,17.2,B
2021-07-13T10:32:44,200.0,17.2,B
2021-07-13T10:32:33,3000.0,17.1,S
2021-07-13T10:31:51,200.0,17.2,B
2021-07-13T10:31:48,200.0,17.1,S
2021-07-13T10:31:39,100.0,17.2,B
2021-07-13T10:31:35,2000.0,17.1,S
2021-07-13T10:31:33,1000.0,17.1,S
2021-07-13T10:31:27,600.0,17.1,S
2021-07-13T10:31:21,500.0,17.1,S
2021-07-13T10:31:10,5000.0,17.1,S
2021-07-13T10:30:54,1000.0,17.1,S
2021-07-13T10:30:45,5000.0,17.1,S
2021-07-13T10:30:30,1000.0,17.1,S
2021-07-13T10:30:24,100.0,17.1,S
2021-07-13T10:30:20,500.0,17.1,S
2021-07-13T10:30:09,2000.0,17.1,S
2021-07-13T10:29:32,600.0,17.1,S
2021-07-13T10:29:29,500.0,17.1,S
2021-07-13T10:29:27,11000.0,17.1,S
2021-07-13T10:29:10,5000.0,17.1,S
2021-07-13T10:29:09,100.0,17.1,S
2021-07-13T10:29:07,600.0,17.1,S
2021-07-13T10:29:04,1000.0,17.1,S
2021-07-13T10:28:48,1000.0,17.1,S
2021-07-13T10:28:37,700.0,17.1,S
2021-07-13T10:28:37,32800.0,17.1,B
2021-07-13T10:28:30,1000.0,17.1,B
2021-07-13T10:28:28,200.0,17.1,B
2021-07-13T10:28:23,100.0,17.1,B
2021-07-13T10:28:00,300.0,17.1,B
2021-07-13T10:27:53,200.0,17.1,B
2021-07-13T10:27:42,300.0,17.1,B
2021-07-13T10:27:31,8600.0,17.1,B
2021-07-13T10:27:30,2000.0,17.1,S
2021-07-13T10:27:27,100.0,17.1,S
2021-07-13T10:27:15,400.0,17.1,B
2021-07-13T10:27:10,1600.0,17.1,S
2021-07-13T10:27:04,2000.0,17.1,S
2021-07-13T10:26:58,5000.0,17.1,S
2021-07-13T10:26:38,200.0,17.1,S
2021-07-13T10:26:29,8900.0,17.1,B
2021-07-13T10:26:28,1000.0,17.1,B
2021-07-13T10:26:17,400.0,17.1,B
2021-07-13T10:26:15,100.0,17.0,S
2021-07-13T10:26:07,1200.0,17.1,B
2021-07-13T10:25:55,500.0,17.1,B
2021-07-13T10:25:42,500.0,17.1,B
2021-07-13T10:25:27,1000.0,17.1,B
2021-07-13T10:25:25,1000.0,17.1,B
2021-07-13T10:25:24,13600.0,17.1,B
2021-07-13T10:25:17,2000.0,17.1,S
2021-07-13T10:25:03,5000.0,17.1,S
2021-07-13T10:24:59,1000.0,17.1,S
2021-07-13T10:24:29,1000.0,17.1,S
2021-07-13T10:24:22,600.0,17.1,S
2021-07-13T10:24:22,200.0,17.1,S
2021-07-13T10:24:21,500.0,17.1,S
2021-07-13T10:24:19,1000.0,17.1,S
2021-07-13T10:24:17,1000.0,17.1,S
2021-07-13T10:24:09,300.0,17.1,S
2021-07-13T10:24:07,1000.0,17.1,S
2021-07-13T10:24:07,1000.0,17.1,S
2021-07-13T10:24:04,5000.0,17.1,S
2021-07-13T10:23:49,3700.0,17.1,S
2021-07-13T10:23:47,1000.0,17.1,S
2021-07-13T10:23:38,600.0,17.1,S
2021-07-13T10:23:31,100.0,17.1,S
2021-07-13T10:23:27,2000.0,17.1,S
2021-07-13T10:23:18,100.0,17.1,S
2021-07-13T10:23:04,300.0,17.1,S
2021-07-13T10:22:59,300.0,17.1,B
2021-07-13T10:22:44,2100.0,17.1,S
2021-07-13T10:22:42,200.0,17.1,S
2021-07-13T10:22:41,1000.0,17.1,S
2021-07-13T10:22:07,20000.0,17.1,S
2021-07-13T10:21:58,200000.0,17.1,S
2021-07-13T10:21:58,18300.0,17.2,B
2021-07-13T10:21:55,200.0,17.2,B
2021-07-13T10:21:54,100.0,17.2,B
2021-07-13T10:21:49,500.0,17.2,B
2021-07-13T10:21:41,2000.0,17.2,B
2021-07-13T10:21:39,3000.0,17.2,B
2021-07-13T10:21:32,1000.0,17.2,B
2021-07-13T10:21:19,2000.0,17.2,B
2021-07-13T10:21:10,300.0,17.1,S
2021-07-13T10:21:02,100.0,17.2,B
2021-07-13T10:20:59,800.0,17.2,B
2021-07-13T10:20:44,200.0,17.2,B
2021-07-13T10:20:32,200.0,17.2,B
2021-07-13T10:20:19,100.0,17.2,B
2021-07-13T10:20:19,3000.0,17.2,B
2021-07-13T10:19:31,1000.0,17.2,B
2021-07-13T10:19:25,2000.0,17.2,B
2021-07-13T10:19:16,300.0,17.2,B
2021-07-13T10:19:03,2000.0,17.1,S
2021-07-13T10:19:03,800.0,17.2,B
2021-07-13T10:18:55,10000.0,17.2,B
2021-07-13T10:18:50,100.0,17.2,B
2021-07-13T10:18:50,5000.0,17.2,B
2021-07-13T10:18:45,1000.0,17.2,B
2021-07-13T10:18:43,300.0,17.2,B
2021-07-13T10:18:29,300.0,17.2,B
2021-07-13T10:18:24,100.0,17.2,B
2021-07-13T10:18:21,500.0,17.2,B
2021-07-13T10:18:09,100.0,17.2,B
2021-07-13T10:18:07,200.0,17.2,B
2021-07-13T10:17:50,7100.0,17.1,S
2021-07-13T10:17:47,100.0,17.2,B
2021-07-13T10:17:38,1500.0,17.2,B
2021-07-13T10:17:32,900.0,17.2,B
2021-07-13T10:17:25,2000.0,17.2,B
2021-07-13T10:17:24,500.0,17.2,B
2021-07-13T10:17:19,300.0,17.2,B
2021-07-13T10:17:12,300.0,17.2,B
2021-07-13T10:17:11,100.0,17.2,B
2021-07-13T10:17:10,1000.0,17.2,B
2021-07-13T10:17:02,7000.0,17.2,B
2021-07-13T10:16:53,1000.0,17.2,B
2021-07-13T10:16:52,3000.0,17.2,B
2021-07-13T10:16:42,1000.0,17.2,B
2021-07-13T10:16:32,1200.0,17.2,B
2021-07-13T10:16:29,100.0,17.2,B
2021-07-13T10:16:28,2000.0,17.2,B
2021-07-13T10:16:25,500.0,17.2,B
2021-07-13T10:16:21,5000.0,17.2,B
2021-07-13T10:16:21,200.0,17.2,B
2021-07-13T10:16:18,2800.0,17.2,B
2021-07-13T10:16:09,2000.0,17.2,B
2021-07-13T10:16:08,5000.0,17.2,B
2021-07-13T10:16:06,100.0,17.1,S
2021-07-13T10:15:59,300.0,17.2,B
2021-07-13T10:15:48,500.0,17.2,B
2021-07-13T10:15:42,1500.0,17.2,B
2021-07-13T10:15:41,1000.0,17.2,B
2021-07-13T10:15:40,1000.0,17.2,B
2021-07-13T10:15:29,100.0,17.2,B
2021-07-13T10:15:27,500.0,17.2,B
2021-07-13T10:15:25,10000.0,17.2,B
2021-07-13T10:15:19,50500.0,17.2,B
2021-07-13T10:15:12,2000.0,17.2,B
2021-07-13T10:15:12,1000.0,17.2,B
2021-07-13T10:15:10,1200.0,17.2,B
2021-07-13T10:15:05,500.0,17.2,B
2021-07-13T10:15:02,1000.0,17.2,B
2021-07-13T10:15:00,300.0,17.2,B
2021-07-13T10:14:58,300.0,17.2,B
2021-07-13T10:14:55,2000.0,17.2,B
2021-07-13T10:14:53,1000.0,17.2,B
2021-07-13T10:14:46,10000.0,17.2,B
2021-07-13T10:14:46,10000.0,17.2,B
2021-07-13T10:14:45,10000.0,17.2,B
2021-07-13T10:14:43,500.0,17.2,B
2021-07-13T10:14:35,100.0,17.2,B
2021-07-13T10:14:34,200.0,17.2,B
2021-07-13T10:14:33,200.0,17.1,S
2021-07-13T10:14:28,100.0,17.2,B
2021-07-13T10:14:22,200.0,17.2,B
2021-07-13T10:14:11,2800.0,17.2,B
2021-07-13T10:14:10,10000.0,17.2,B
2021-07-13T10:14:01,1000.0,17.2,B
2021-07-13T10:13:59,300.0,17.2,B
2021-07-13T10:13:57,500.0,17.2,B
2021-07-13T10:13:45,3000.0,17.2,B
2021-07-13T10:13:45,4000.0,17.2,B
2021-07-13T10:13:29,1000.0,17.2,B
2021-07-13T10:13:22,1000.0,17.2,B
2021-07-13T10:13:19,7200.0,17.2,B
2021-07-13T10:13:06,200.0,17.2,B
2021-07-13T10:12:51,4000.0,17.1,S
2021-07-13T10:12:15,800.0,17.1,S
2021-07-13T10:12:14,500.0,17.2,B
2021-07-13T10:12:09,100.0,17.2,B
2021-07-13T10:11:56,500.0,17.2,B
2021-07-13T10:11:54,1500.0,17.2,B
2021-07-13T10:11:52,500.0,17.2,B
2021-07-13T10:11:38,400.0,17.2,B
2021-07-13T10:11:35,8500.0,17.2,B
2021-07-13T10:11:35,300.0,17.1,S
2021-07-13T10:11:33,1000.0,17.2,B
2021-07-13T10:11:24,600.0,17.2,B
2021-07-13T10:11:21,1000.0,17.2,B
2021-07-13T10:11:19,600.0,17.2,B
2021-07-13T10:11:19,1000.0,17.2,B
2021-07-13T10:10:59,500.0,17.2,B
2021-07-13T10:10:59,100.0,17.1,S
2021-07-13T10:10:55,100.0,17.2,B
2021-07-13T10:10:54,500.0,17.2,B
2021-07-13T10:10:43,1000.0,17.1,S
2021-07-13T10:10:42,1000.0,17.2,B
2021-07-13T10:10:41,1000.0,17.1,S
2021-07-13T10:10:40,100.0,17.1,S
2021-07-13T10:10:40,200.0,17.2,B
2021-07-13T10:10:36,100.0,17.1,S
2021-07-13T10:10:33,100.0,17.2,B
2021-07-13T10:09:56,500.0,17.1,S
2021-07-13T10:09:55,10000.0,17.1,S
2021-07-13T10:09:51,77800.0,17.1,S
2021-07-13T10:09:48,30000.0,17.1,B
2021-07-13T10:09:41,50000.0,17.1,B
2021-07-13T10:09:40,500.0,17.1,B
2021-07-13T10:09:37,100.0,17.1,B
2021-07-13T10:09:36,1000.0,17.0,S
2021-07-13T10:09:35,50000.0,17.1,B
2021-07-13T10:09:31,100.0,17.1,B
2021-07-13T10:09:25,400.0,17.1,B
2021-07-13T10:09:23,3000.0,17.1,B
2021-07-13T10:09:17,100.0,17.0,S
2021-07-13T10:09:06,200.0,17.1,B
2021-07-13T10:08:51,5000.0,17.1,B
2021-07-13T10:08:37,5000.0,17.1,B
2021-07-13T10:08:31,1000.0,17.1,B
2021-07-13T10:08:19,600.0,17.1,B
2021-07-13T10:08:10,4000.0,17.1,B
2021-07-13T10:08:08,300.0,17.1,B
2021-07-13T10:08:05,500.0,17.1,B
2021-07-13T10:08:04,1500.0,17.0,S
2021-07-13T10:07:49,800.0,17.0,S
2021-07-13T10:07:43,3000.0,17.1,B
2021-07-13T10:07:43,100.0,17.1,B
2021-07-13T10:07:38,100.0,17.0,S
2021-07-13T10:07:31,50000.0,17.1,B
2021-07-13T10:07:15,100.0,17.0,S
2021-07-13T10:06:52,900.0,17.0,S
2021-07-13T10:06:51,5000.0,17.1,B
2021-07-13T10:06:15,200.0,17.0,S
2021-07-13T10:06:07,300.0,17.0,S
2021-07-13T10:06:06,200.0,17.1,B
2021-07-13T10:06:03,600.0,17.0,S
2021-07-13T10:05:27,1000.0,17.0,S
2021-07-13T10:05:18,2000.0,17.0,S
2021-07-13T10:05:16,5000.0,17.0,S
2021-07-13T10:04:58,6800.0,17.0,B
2021-07-13T10:04:57,100.0,17.0,B
2021-07-13T10:04:56,200.0,17.0,B
2021-07-13T10:04:54,2000.0,17.0,B
2021-07-13T10:04:42,500.0,17.0,B
2021-07-13T10:04:39,1500.0,17.0,B
2021-07-13T10:04:37,300.0,17.0,S
2021-07-13T10:04:31,2100.0,17.0,S
2021-07-13T10:04:25,700.0,17.0,S
2021-07-13T10:04:21,100.0,17.0,S
2021-07-13T10:04:16,50000.0,17.0,S
2021-07-13T10:03:46,300.0,17.0,S
2021-07-13T10:03:41,30000.0,17.0,S
2021-07-13T10:03:41,200.0,17.0,S
2021-07-13T10:03:39,1000.0,17.0,S
2021-07-13T10:03:26,1000.0,17.0,S
2021-07-13T10:03:21,100.0,17.0,S
2021-07-13T10:02:38,500.0,17.0,S
2021-07-13T10:02:33,10100.0,17.0,B
2021-07-13T10:02:20,1000.0,17.0,B
2021-07-13T10:02:19,1000.0,17.0,B
2021-07-13T10:02:13,200.0,17.0,B
2021-07-13T10:02:12,100.0,17.0,B
2021-07-13T10:02:07,100.0,17.0,B
2021-07-13T10:02:04,100.0,17.0,B
2021-07-13T10:01:59,100.0,17.0,B
2021-07-13T10:01:53,100.0,17.0,B
2021-07-13T10:01:44,100.0,17.0,B
2021-07-13T10:01:42,3000.0,17.0,B
2021-07-13T10:01:36,1000.0,17.0,B
2021-07-13T10:01:31,2400.0,17.0,B
2021-07-13T10:01:31,200.0,17.0,B
2021-07-13T10:01:27,100.0,17.0,B
2021-07-13T10:01:19,200.0,17.0,B
2021-07-13T10:01:17,2000.0,17.0,B
2021-07-13T10:01:05,100.0,17.0,B
2021-07-13T10:01:04,2900.0,16.9,S
2021-07-13T10:01:01,4600.0,17.0,B
2021-07-13T10:00:56,300.0,17.0,S
2021-07-13T10:00:56,5000.0,17.0,S
2021-07-13T10:00:52,40100.0,17.0,B
2021-07-13T10:00:49,200.0,16.9,S
2021-07-13T10:00:44,1000.0,17.0,B
2021-07-13T10:00:22,100.0,16.9,S
2021-07-13T10:00:22,1500.0,17.0,B
2021-07-13T10:00:19,900.0,17.0,B
2021-07-13T10:00:18,200.0,17.0,B
2021-07-13T10:00:16,100.0,17.0,B
2021-07-13T10:00:14,500.0,17.0,B
2021-07-13T09:59:52,300.0,17.0,B
2021-07-13T09:59:47,100.0,16.9,S
2021-07-13T09:59:36,15000.0,17.0,B
2021-07-13T09:59:22,1000.0,17.0,B
2021-07-13T09:59:12,100.0,17.0,B
2021-07-13T09:59:11,700.0,17.0,B
2021-07-13T09:59:02,300.0,17.0,B
2021-07-13T09:58:53,1000.0,17.0,B
2021-07-13T09:58:52,100.0,16.9,S
2021-07-13T09:58:50,300.0,17.0,B
2021-07-13T09:58:34,900.0,17.0,B
2021-07-13T09:58:26,100.0,17.0,B
2021-07-13T09:58:19,600.0,17.0,B
2021-07-13T09:58:05,100.0,17.0,B
2021-07-13T09:58:04,1000.0,17.0,B
2021-07-13T09:57:59,100.0,17.0,B
2021-07-13T09:57:52,5000.0,17.0,B
2021-07-13T09:57:50,4700.0,17.0,B
2021-07-13T09:57:47,8000.0,17.0,B
2021-07-13T09:57:42,1000.0,17.0,B
2021-07-13T09:57:41,5000.0,16.9,S
2021-07-13T09:57:27,3000.0,17.0,B
2021-07-13T09:57:12,200.0,16.9,S
2021-07-13T09:56:57,100.0,16.9,S
2021-07-13T09:56:49,500.0,17.0,B
2021-07-13T09:56:47,100.0,17.0,B
2021-07-13T09:56:45,1800.0,17.0,B
2021-07-13T09:56:44,500.0,17.0,B
2021-07-13T09:56:43,5000.0,17.0,B
2021-07-13T09:56:39,2000.0,17.0,B
2021-07-13T09:56:39,500.0,17.0,B
2021-07-13T09:56:34,100.0,17.0,B
2021-07-13T09:56:25,200.0,17.0,B
2021-07-13T09:56:15,100.0,17.0,B
2021-07-13T09:56:11,100.0,17.0,B
2021-07-13T09:56:07,10000.0,17.0,B
2021-07-13T09:55:51,200.0,17.0,B
2021-07-13T09:55:33,200.0,17.0,B
2021-07-13T09:55:32,1000.0,17.0,B
2021-07-13T09:55:25,4600.0,17.0,S
2021-07-13T09:55:22,19600.0,17.0,S
2021-07-13T09:55:19,500.0,17.0,S
2021-07-13T09:55:15,1000.0,17.0,S
2021-07-13T09:55:12,1000.0,17.0,S
2021-07-13T09:55:10,500.0,17.0,S
2021-07-13T09:55:09,2500.0,17.0,S
2021-07-13T09:55:02,3000.0,17.0,S
2021-07-13T09:55:00,1000.0,17.0,S
2021-07-13T09:54:56,200.0,17.0,S
2021-07-13T09:54:55,500.0,17.0,S
2021-07-13T09:54:55,2000.0,17.0,S
2021-07-13T09:54:48,2000.0,17.0,S
2021-07-13T09:54:45,15000.0,17.0,S
2021-07-13T09:54:42,8300.0,17.1,B
2021-07-13T09:54:39,5000.0,17.0,S
2021-07-13T09:54:37,700.0,17.0,S
2021-07-13T09:54:37,2000.0,17.0,S
2021-07-13T09:54:36,100.0,17.0,S
2021-07-13T09:54:35,200.0,17.0,S
2021-07-13T09:54:29,4500.0,17.0,S
2021-07-13T09:54:28,10000.0,17.0,S
2021-07-13T09:54:24,2000.0,17.0,S
2021-07-13T09:54:19,20000.0,17.0,S
2021-07-13T09:54:19,3100.0,17.0,S
2021-07-13T09:54:17,3000.0,17.0,S
2021-07-13T09:54:17,2500.0,17.0,S
2021-07-13T09:54:14,2000.0,17.0,S
2021-07-13T09:54:12,5000.0,17.0,S
2021-07-13T09:54:11,100.0,17.0,S
2021-07-13T09:54:09,500.0,17.0,S
2021-07-13T09:54:07,1200.0,17.1,B
2021-07-13T09:54:04,500.0,17.0,S
2021-07-13T09:54:03,100.0,17.0,S
2021-07-13T09:53:56,100.0,17.0,S
2021-07-13T09:53:42,200.0,17.0,S
2021-07-13T09:53:40,100.0,17.0,S
2021-07-13T09:53:36,100.0,17.0,S
2021-07-13T09:53:27,5000.0,17.0,S
2021-07-13T09:53:18,700.0,17.0,S
2021-07-13T09:53:12,2200.0,17.0,S
2021-07-13T09:53:07,1000.0,17.0,S
2021-07-13T09:53:00,2000.0,17.0,S
2021-07-13T09:52:58,800.0,17.1,B
2021-07-13T09:52:56,1000.0,17.0,S
2021-07-13T09:52:51,300.0,17.0,S
2021-07-13T09:52:48,30000.0,17.0,S
2021-07-13T09:52:45,10000.0,17.0,S
2021-07-13T09:52:44,100.0,17.1,B
2021-07-13T09:52:41,30000.0,17.0,S
2021-07-13T09:52:39,1000.0,17.1,B
2021-07-13T09:52:29,42000.0,17.0,S
2021-07-13T09:52:28,100.0,17.1,B
2021-07-13T09:52:28,5800.0,17.1,B
2021-07-13T09:52:26,200.0,17.0,S
2021-07-13T09:52:18,2000.0,17.0,S
2021-07-13T09:52:12,2000.0,17.0,S
2021-07-13T09:52:12,2600.0,17.0,S
2021-07-13T09:52:06,6000.0,17.0,S
2021-07-13T09:51:59,100.0,17.0,S
2021-07-13T09:51:58,600.0,17.0,S
2021-07-13T09:51:50,1000.0,17.0,S
2021-07-13T09:51:47,1100.0,17.0,S
2021-07-13T09:51:44,5000.0,17.0,S
2021-07-13T09:51:44,2000.0,17.0,S
2021-07-13T09:51:32,100.0,17.0,S
2021-07-13T09:51:29,1000.0,17.0,S
2021-07-13T09:51:27,200.0,17.0,S
2021-07-13T09:51:20,100.0,17.1,B
2021-07-13T09:51:09,100.0,17.1,B
2021-07-13T09:51:08,300.0,17.1,B
2021-07-13T09:51:07,1500.0,17.1,B
2021-07-13T09:51:06,300.0,17.1,B
2021-07-13T09:51:05,900.0,17.0,S
2021-07-13T09:50:42,1400.0,17.1,B
2021-07-13T09:50:35,8000.0,17.1,B
2021-07-13T09:50:29,5000.0,17.1,B
2021-07-13T09:50:24,3000.0,17.1,B
2021-07-13T09:50:23,100000.0,17.0,S
2021-07-13T09:50:06,1000.0,17.1,B
2021-07-13T09:50:05,100.0,17.1,B
2021-07-13T09:50:04,900.0,17.1,B
2021-07-13T09:49:57,1200.0,17.1,B
2021-07-13T09:49:52,200.0,17.1,B
2021-07-13T09:49:49,6000.0,17.1,B
2021-07-13T09:49:46,5000.0,17.1,B
2021-07-13T09:49:38,100.0,17.1,B
2021-07-13T09:49:35,100.0,17.1,B
2021-07-13T09:49:29,3000.0,17.1,B
2021-07-13T09:49:29,4300.0,17.1,S
2021-07-13T09:49:26,2000.0,17.1,S
2021-07-13T09:49:25,300.0,17.1,S
2021-07-13T09:49:25,600.0,17.1,S
2021-07-13T09:49:22,2600.0,17.1,B
2021-07-13T09:49:10,100.0,17.1,B
2021-07-13T09:49:06,9500.0,17.1,B
2021-07-13T09:49:05,19700.0,17.2,B
2021-07-13T09:49:04,1000.0,17.1,S
2021-07-13T09:48:58,1000.0,17.1,S
2021-07-13T09:48:43,35000.0,17.2,B
2021-07-13T09:48:39,3000.0,17.1,S
2021-07-13T09:48:38,2000.0,17.1,S
2021-07-13T09:48:22,1000.0,17.1,S
2021-07-13T09:48:20,600.0,17.2,B
2021-07-13T09:48:05,1300.0,17.1,S
2021-07-13T09:47:57,100.0,17.1,S
2021-07-13T09:47:56,300.0,17.1,S
2021-07-13T09:47:53,2000.0,17.1,S
2021-07-13T09:47:53,200.0,17.1,S
2021-07-13T09:47:44,5500.0,17.1,B
2021-07-13T09:47:44,15300.0,17.1,B
2021-07-13T09:47:25,100.0,17.1,B
2021-07-13T09:47:25,200.0,17.1,B
2021-07-13T09:47:17,200.0,17.1,B
2021-07-13T09:47:17,500.0,17.1,B
2021-07-13T09:47:11,100.0,17.1,B
2021-07-13T09:47:03,200.0,17.1,B
2021-07-13T09:47:01,100.0,17.1,B
2021-07-13T09:46:58,700.0,17.1,S
2021-07-13T09:46:55,5000.0,17.1,S
2021-07-13T09:46:54,4400.0,17.1,B
2021-07-13T09:46:53,1000.0,17.1,B
2021-07-13T09:46:51,4600.0,17.1,S
2021-07-13T09:46:47,3200.0,17.1,S
2021-07-13T09:46:35,100.0,17.1,S
2021-07-13T09:46:15,200.0,17.2,B
2021-07-13T09:46:09,500.0,17.1,S
2021-07-13T09:46:08,500.0,17.1,S
2021-07-13T09:46:07,100.0,17.1,S
2021-07-13T09:46:03,200.0,17.2,B
2021-07-13T09:46:03,400.0,17.1,S
2021-07-13T09:45:53,1000.0,17.1,S
2021-07-13T09:45:50,500.0,17.1,S
2021-07-13T09:45:50,2000.0,17.1,S
2021-07-13T09:45:48,30000.0,17.1,S
2021-07-13T09:45:38,3000.0,17.1,S
2021-07-13T09:45:30,400.0,17.1,S
2021-07-13T09:45:13,200.0,17.1,S
2021-07-13T09:45:11,300.0,17.2,B
2021-07-13T09:45:06,1000.0,17.2,B
2021-07-13T09:44:37,300.0,17.2,B
2021-07-13T09:44:29,500.0,17.1,S
2021-07-13T09:44:22,10000.0,17.2,B
2021-07-13T09:44:20,3300.0,17.2,B
2021-07-13T09:44:16,500.0,17.1,S
2021-07-13T09:44:16,100.0,17.1,S
2021-07-13T09:44:11,1000.0,17.2,B
2021-07-13T09:44:11,2000.0,17.1,S
2021-07-13T09:44:09,300.0,17.1,S
2021-07-13T09:44:06,500.0,17.1,S
2021-07-13T09:44:00,900.0,17.1,S
2021-07-13T09:43:53,500.0,17.1,S
2021-07-13T09:43:47,100.0,17.1,S
2021-07-13T09:43:46,1000.0,17.1,S
2021-07-13T09:43:46,4000.0,17.1,S
2021-07-13T09:43:39,5000.0,17.1,S
2021-07-13T09:43:36,24100.0,17.1,S
2021-07-13T09:43:23,5300.0,17.1,S
2021-07-13T09:43:19,1000.0,17.2,B
2021-07-13T09:43:17,1000.0,17.1,S
2021-07-13T09:43:17,2500.0,17.1,S
2021-07-13T09:43:13,10800.0,17.1,S
2021-07-13T09:43:12,1000.0,17.1,S
2021-07-13T09:43:07,100.0,17.1,S
2021-07-13T09:43:06,400.0,17.1,S
2021-07-13T09:43:03,2000.0,17.1,S
2021-07-13T09:43:03,1000.0,17.1,S
2021-07-13T09:43:01,10700.0,17.1,S
2021-07-13T09:42:50,500.0,17.1,S
2021-07-13T09:42:47,2000.0,17.1,S
2021-07-13T09:42:41,100.0,17.1,S
2021-07-13T09:42:19,45700.0,17.1,B
2021-07-13T09:42:18,100.0,17.1,B
2021-07-13T09:42:02,1000.0,17.1,B
2021-07-13T09:41:52,100.0,17.1,B
2021-07-13T09:41:30,2000.0,17.1,B
2021-07-13T09:41:25,100.0,17.1,B
2021-07-13T09:41:19,200.0,17.1,B
2021-07-13T09:41:09,200.0,17.1,B
2021-07-13T09:40:54,4100.0,17.1,B
2021-07-13T09:40:53,800.0,17.1,S
2021-07-13T09:40:51,200.0,17.1,S
2021-07-13T09:40:50,8000.0,17.1,S
2021-07-13T09:40:49,22000.0,17.1,S
2021-07-13T09:40:47,4000.0,17.1,S
2021-07-13T09:40:47,15100.0,17.1,S
2021-07-13T09:40:46,500.0,17.1,S
2021-07-13T09:40:44,7000.0,17.1,S
2021-07-13T09:40:43,10000.0,17.1,S
2021-07-13T09:40:39,16000.0,17.1,S
2021-07-13T09:40:39,100.0,17.1,S
2021-07-13T09:40:28,100.0,17.1,S
2021-07-13T09:40:27,14700.0,17.1,S
2021-07-13T09:40:26,2000.0,17.1,S
2021-07-13T09:40:24,300.0,17.1,S
2021-07-13T09:40:22,60700.0,17.1,S
2021-07-13T09:40:18,10000.0,17.1,S
2021-07-13T09:40:16,500.0,17.1,S
2021-07-13T09:40:14,100.0,17.1,S
2021-07-13T09:40:08,5100.0,17.1,S
2021-07-13T09:40:05,1000.0,17.2,B
2021-07-13T09:40:03,500.0,17.1,S
2021-07-13T09:39:55,1600.0,17.1,S
2021-07-13T09:39:46,500.0,17.2,B
2021-07-13T09:39:44,1000.0,17.2,B
2021-07-13T09:39:43,5200.0,17.2,B
2021-07-13T09:39:42,100.0,17.2,B
2021-07-13T09:39:36,1000.0,17.1,S
2021-07-13T09:39:24,1000.0,17.2,B
2021-07-13T09:39:19,18600.0,17.1,S
2021-07-13T09:39:17,15700.0,17.1,S
2021-07-13T09:39:15,300.0,17.2,B
2021-07-13T09:39:09,3900.0,17.1,S
2021-07-13T09:39:07,1000.0,17.1,S
2021-07-13T09:38:58,500.0,17.1,S
2021-07-13T09:38:57,1000.0,17.1,S
2021-07-13T09:38:53,100.0,17.1,S
2021-07-13T09:38:44,100.0,17.1,S
2021-07-13T09:38:41,2900.0,17.2,B
2021-07-13T09:38:36,300.0,17.2,B
2021-07-13T09:38:25,100.0,17.2,B
2021-07-13T09:38:24,500.0,17.2,B
2021-07-13T09:38:07,900.0,17.2,B
2021-07-13T09:38:03,400.0,17.2,B
2021-07-13T09:38:00,100.0,17.2,B
2021-07-13T09:37:40,100.0,17.2,B
2021-07-13T09:37:33,1500.0,17.1,S
2021-07-13T09:37:31,100.0,17.1,S
2021-07-13T09:37:30,1000.0,17.2,B
2021-07-13T09:37:27,1000.0,17.1,S
2021-07-13T09:37:27,1000.0,17.2,B
2021-07-13T09:37:25,100.0,17.2,B
2021-07-13T09:37:21,1000.0,17.1,S
2021-07-13T09:37:07,100.0,17.1,S
2021-07-13T09:36:48,2500.0,17.2,B
2021-07-13T09:36:46,1000.0,17.2,B
2021-07-13T09:36:40,800.0,17.2,B
2021-07-13T09:36:40,2000.0,17.2,B
2021-07-13T09:36:39,10000.0,17.1,S
2021-07-13T09:36:37,900.0,17.2,B
2021-07-13T09:36:35,5000.0,17.1,S
2021-07-13T09:36:32,500.0,17.2,B
2021-07-13T09:36:26,400.0,17.1,S
2021-07-13T09:36:21,100.0,17.1,S
2021-07-13T09:36:20,2000.0,17.1,S
2021-07-13T09:36:20,300.0,17.2,B
2021-07-13T09:36:10,1000.0,17.1,S
2021-07-13T09:35:54,100.0,17.1,S
2021-07-13T09:35:54,1200.0,17.1,S
2021-07-13T09:35:50,1000.0,17.1,S
2021-07-13T09:35:38,100.0,17.1,S
2021-07-13T09:35:32,1300.0,17.1,S
2021-07-13T09:35:32,100.0,17.1,S
2021-07-13T09:35:27,1000.0,17.1,S
2021-07-13T09:35:21,500.0,17.1,S
2021-07-13T09:35:04,500.0,17.1,S
2021-07-13T09:34:52,1500.0,17.1,S
2021-07-13T09:34:44,1000.0,17.1,S
2021-07-13T09:34:44,100.0,17.1,S
2021-07-13T09:34:41,1000.0,17.2,B
2021-07-13T09:34:39,200.0,17.1,S
2021-07-13T09:34:16,300.0,17.1,S
2021-07-13T09:34:13,5000.0,17.2,B
2021-07-13T09:34:10,5000.0,17.1,S
2021-07-13T09:34:04,500.0,17.2,B
2021-07-13T09:33:59,1000.0,17.2,B
2021-07-13T09:33:57,100.0,17.2,B
2021-07-13T09:33:55,200.0,17.1,S
2021-07-13T09:33:52,400.0,17.2,B
2021-07-13T09:33:39,100.0,17.2,B
2021-07-13T09:33:34,1000.0,17.1,S
2021-07-13T09:33:28,300.0,17.2,B
2021-07-13T09:33:26,3000.0,17.1,S
2021-07-13T09:33:08,5000.0,17.2,B
2021-07-13T09:33:06,100.0,17.2,B
2021-07-13T09:32:58,400.0,17.2,B
2021-07-13T09:32:51,1500.0,17.2,B
2021-07-13T09:32:46,1000.0,17.2,B
2021-07-13T09:32:46,1000.0,17.2,B
2021-07-13T09:32:39,400.0,17.2,B
2021-07-13T09:32:36,400.0,17.2,B
2021-07-13T09:32:36,200.0,17.2,B
2021-07-13T09:32:30,1500.0,17.2,B
2021-07-13T09:32:27,300.0,17.2,B
2021-07-13T09:32:18,1000.0,17.2,B
2021-07-13T09:32:12,3000.0,17.1,S
2021-07-13T09:32:07,200.0,17.2,B
2021-07-13T09:32:02,5100.0,17.2,B
2021-07-13T09:31:46,30000.0,17.2,B
2021-07-13T09:31:40,500.0,17.1,S
2021-07-13T09:31:38,200.0,17.2,B
2021-07-13T09:31:36,200.0,17.1,S
2021-07-13T09:31:33,1000.0,17.2,B
2021-07-13T09:31:20,500.0,17.1,S
2021-07-13T09:31:17,1000.0,17.1,S
2021-07-13T09:31:12,300.0,17.1,B
2021-07-13T09:31:10,1000.0,17.1,B
2021-07-13T09:31:09,5000.0,17.1,B
2021-07-13T09:31:06,3000.0,17.1,B
2021-07-13T09:31:04,1000.0,17.1,B
2021-07-13T09:31:02,50000.0,17.1,B
2021-07-13T09:30:58,1000.0,17.1,B
2021-07-13T09:30:53,300.0,17.1,B
2021-07-13T09:30:42,16000.0,17.1,B
2021-07-13T09:30:42,4000.0,17.1,B
2021-07-13T09:30:38,100.0,17.1,B
2021-07-13T09:30:33,10000.0,17.1,B
2021-07-13T09:30:29,2000.0,17.1,B
2021-07-13T09:30:26,1000.0,17.1,B
2021-07-13T09:30:25,300.0,17.1,B
2021-07-13T09:29:54,500.0,17.1,B
2021-07-13T09:29:41,100.0,17.0,S
2021-07-13T09:29:34,600.0,17.0,S
2021-07-13T09:29:26,1000.0,17.0,S
2021-07-13T09:29:24,1900.0,17.0,S
2021-07-13T09:29:22,200.0,17.1,B
2021-07-13T09:29:21,300.0,17.0,S
2021-07-13T09:29:16,100.0,17.1,B
2021-07-13T09:29:14,500.0,17.0,S
2021-07-13T09:29:04,200.0,17.0,S
2021-07-13T09:29:03,100.0,17.0,S
2021-07-13T09:28:58,400.0,17.0,S
2021-07-13T09:28:57,2000.0,17.0,S
2021-07-13T09:28:32,2500.0,17.0,S
2021-07-13T09:28:30,2100.0,17.0,B
2021-07-13T09:28:29,100.0,17.0,B
2021-07-13T09:28:29,100.0,17.0,B
2021-07-13T09:28:27,1200.0,17.0,S
2021-07-13T09:28:26,3800.0,17.0,S
2021-07-13T09:28:22,500.0,17.0,B
2021-07-13T09:28:22,800.0,17.0,B
2021-07-13T09:28:21,100.0,17.0,B
2021-07-13T09:28:20,8000.0,17.0,B
2021-07-13T09:28:19,1000.0,17.0,B
2021-07-13T09:28:19,1400.0,17.0,B
2021-07-13T09:28:14,10000.0,17.0,B
2021-07-13T09:28:12,100.0,17.0,B
2021-07-13T09:28:09,20000.0,17.0,B
2021-07-13T09:28:07,600.0,17.0,B
2021-07-13T09:27:54,10000.0,17.0,B
2021-07-13T09:27:44,3000.0,16.9,S
2021-07-13T09:27:40,400.0,17.0,B
2021-07-13T09:27:37,3000.0,17.0,B
2021-07-13T09:27:35,400.0,17.0,B
2021-07-13T09:27:34,3000.0,17.0,B
2021-07-13T09:27:28,200.0,17.0,B
2021-07-13T09:27:26,20000.0,17.0,B
2021-07-13T09:27:23,11600.0,17.0,B
2021-07-13T09:27:20,1100.0,17.0,B
2021-07-13T09:27:15,6600.0,17.0,B
2021-07-13T09:27:14,5000.0,17.0,B
2021-07-13T09:27:08,100.0,17.0,B
2021-07-13T09:27:04,5000.0,17.0,B
2021-07-13T09:27:01,3000.0,17.0,B
2021-07-13T09:26:43,100.0,17.0,B
2021-07-13T09:26:40,200.0,16.9,S
2021-07-13T09:26:32,50000.0,17.0,B
2021-07-13T09:26:28,5000.0,16.9,B
2021-07-13T09:26:27,500.0,16.9,B
2021-07-13T09:26:22,4100.0,16.9,S
2021-07-13T09:26:15,500.0,16.9,S
2021-07-13T09:26:14,500.0,16.9,B
2021-07-13T09:26:14,100.0,16.9,B
2021-07-13T09:26:09,4500.0,17.0,B
2021-07-13T09:26:02,2700.0,16.9,S
2021-07-13T09:26:01,9800.0,16.9,S
2021-07-13T09:25:52,4000.0,16.9,S
2021-07-13T09:25:50,39900.0,16.9,S
2021-07-13T09:25:46,44400.0,16.9,S
2021-07-13T09:25:37,1200.0,16.9,S
2021-07-13T09:25:36,2500.0,16.9,S
2021-07-13T09:25:27,2500.0,16.9,S
2021-07-13T09:25:26,200.0,17.0,B
2021-07-13T09:25:25,3000.0,16.9,S
2021-07-13T09:25:24,1000.0,16.9,S
2021-07-13T09:25:23,5000.0,16.9,S
2021-07-13T09:25:16,300.0,16.9,S
2021-07-13T09:25:16,500.0,16.9,S
2021-07-13T09:25:15,1000.0,16.9,S
2021-07-13T09:25:10,8000.0,16.9,S
2021-07-13T09:25:01,200.0,16.9,S
2021-07-13T09:24:55,1000.0,16.9,S
2021-07-13T09:24:45,25000.0,17.0,B
2021-07-13T09:24:40,1000.0,16.9,S
2021-07-13T09:24:37,100.0,16.9,S
2021-07-13T09:24:30,3000.0,17.0,B
2021-07-13T09:24:22,100.0,16.9,S
2021-07-13T09:24:14,300.0,17.0,B
2021-07-13T09:24:10,100.0,17.0,B
2021-07-13T09:24:06,4900.0,16.9,S
2021-07-13T09:24:00,2000.0,17.0,B
2021-07-13T09:23:59,500.0,17.0,B
2021-07-13T09:23:54,500.0,17.0,B
2021-07-13T09:23:51,200.0,17.0,B
2021-07-13T09:23:50,400.0,17.0,B
2021-07-13T09:23:49,1000.0,17.0,B
2021-07-13T09:23:42,500.0,17.0,B
2021-07-13T09:23:38,1000.0,17.0,B
2021-07-13T09:23:36,100.0,17.0,B
2021-07-13T09:23:35,500.0,16.9,S
2021-07-13T09:23:25,30000.0,17.0,B
2021-07-13T09:23:24,500.0,16.9,S
2021-07-13T09:23:21,200.0,17.0,B
2021-07-13T09:23:21,30000.0,16.9,S
2021-07-13T09:23:19,200.0,17.0,B
2021-07-13T09:23:10,1000.0,17.0,B
2021-07-13T09:23:05,200.0,17.0,B
2021-07-13T09:22:59,500.0,17.0,B
2021-07-13T09:22:54,500.0,16.9,S
2021-07-13T09:22:50,1000.0,17.0,B
2021-07-13T09:22:36,1000.0,17.0,B
2021-07-13T09:22:35,400.0,17.0,B
2021-07-13T09:22:32,7400.0,17.0,S
2021-07-13T09:22:30,10000.0,17.0,S
2021-07-13T09:22:29,1000.0,17.0,S
2021-07-13T09:22:29,500.0,17.0,S
2021-07-13T09:22:28,2000.0,17.0,S
2021-07-13T09:22:28,1100.0,17.0,S
2021-07-13T09:22:27,900.0,17.0,S
2021-07-13T09:22:26,100.0,17.0,S
2021-07-13T09:22:25,1000.0,17.0,S
2021-07-13T09:22:25,1000.0,17.0,S
2021-07-13T09:22:23,4200.0,17.0,S
2021-07-13T09:22:21,500.0,17.0,S
2021-07-13T09:22:20,2000.0,17.0,S
2021-07-13T09:22:17,100200.0,17.0,S
2021-07-13T09:22:17,10000.0,17.0,S
2021-07-13T09:22:15,1900.0,17.0,S
2021-07-13T09:22:12,200.0,17.0,S
2021-07-13T09:22:09,700.0,17.0,S
2021-07-13T09:22:05,500.0,17.0,S
2021-07-13T09:22:01,4000.0,17.0,S
2021-07-13T09:22:01,1000.0,17.0,S
2021-07-13T09:22:00,500.0,17.0,S
2021-07-13T09:21:52,30000.0,17.0,S
2021-07-13T09:21:49,5000.0,17.0,S
2021-07-13T09:21:47,1000.0,17.0,S
2021-07-13T09:21:47,3000.0,17.1,B
2021-07-13T09:21:43,2000.0,17.0,S
2021-07-13T09:21:42,20000.0,17.0,S
2021-07-13T09:21:38,1200.0,17.0,S
2021-07-13T09:21:36,3000.0,17.0,S
2021-07-13T09:21:32,1000.0,17.0,S
2021-07-13T09:21:31,1000.0,17.0,S
2021-07-13T09:21:30,500.0,17.1,B
2021-07-13T09:21:29,100.0,17.0,S
2021-07-13T09:21:29,5000.0,17.1,B
2021-07-13T09:21:21,900.0,17.0,S
2021-07-13T09:21:20,600.0,17.1,B
2021-07-13T09:21:18,5000.0,17.1,B
2021-07-13T09:21:12,100.0,17.1,B
2021-07-13T09:21:09,2000.0,17.1,B
2021-07-13T09:21:08,1000.0,17.1,B
2021-07-13T09:21:07,100.0,17.1,B
2021-07-13T09:21:07,100.0,17.1,B
2021-07-13T09:21:05,200.0,17.0,S
2021-07-13T09:20:57,1000.0,17.1,B
2021-07-13T09:20:50,800.0,17.1,B
2021-07-13T09:20:46,200.0,17.0,S
2021-07-13T09:20:43,500.0,17.1,B
2021-07-13T09:20:42,100.0,17.1,B
2021-07-13T09:20:37,2000.0,17.1,B
2021-07-13T09:20:30,1000.0,17.1,B
2021-07-13T09:20:24,200.0,17.1,B
2021-07-13T09:20:23,500.0,17.1,B
2021-07-13T09:20:22,300.0,17.1,B
2021-07-13T09:20:18,500.0,17.1,B
2021-07-13T09:20:17,2000.0,17.1,B
2021-07-13T09:20:00,200.0,17.1,B
2021-07-13T09:19:56,200.0,17.0,S
2021-07-13T09:19:55,100.0,17.1,B
2021-07-13T09:19:54,500.0,17.1,B
2021-07-13T09:19:54,1000.0,17.1,B
2021-07-13T09:19:51,15000.0,17.1,B
2021-07-13T09:19:50,1000.0,17.1,B
2021-07-13T09:19:44,3000.0,17.1,B
2021-07-13T09:19:35,900.0,17.1,B
2021-07-13T09:19:31,100.0,17.1,B
2021-07-13T09:19:27,2000.0,17.1,S
2021-07-13T09:19:19,5000.0,17.2,B
2021-07-13T09:19:18,100.0,17.1,B
2021-07-13T09:19:17,100.0,17.1,S
2021-07-13T09:19:12,100000.0,17.0,S
2021-07-13T09:19:11,500.0,17.1,S
2021-07-13T09:19:09,200.0,17.1,S
2021-07-13T09:19:08,400.0,17.1,S
2021-07-13T09:19:07,100.0,17.2,B
2021-07-13T09:19:06,10000.0,17.1,S
2021-07-13T09:18:52,30000.0,17.1,S
2021-07-13T09:18:44,500.0,17.2,B
2021-07-13T09:18:37,25500.0,17.1,S
2021-07-13T09:18:31,200.0,17.1,B
2021-07-13T09:18:30,3600.0,17.1,B
2021-07-13T09:18:25,10000.0,17.1,B
2021-07-13T09:18:24,10000.0,17.1,B
2021-07-13T09:18:21,300.0,17.1,B
2021-07-13T09:18:14,1400.0,17.1,S
2021-07-13T09:18:11,500.0,17.1,S
2021-07-13T09:18:10,2000.0,17.2,B
2021-07-13T09:18:09,30000.0,17.1,S
2021-07-13T09:18:04,5000.0,17.2,B
2021-07-13T09:18:00,15000.0,17.1,S
2021-07-13T09:17:58,100.0,17.2,B
2021-07-13T09:17:52,1000.0,17.2,B
2021-07-13T09:17:52,1700.0,17.1,S
2021-07-13T09:17:49,500.0,17.2,B
2021-07-13T09:17:46,200.0,17.2,B
2021-07-13T09:17:42,700.0,17.2,B
2021-07-13T09:17:38,500.0,17.1,S
2021-07-13T09:17:38,100.0,17.2,B
2021-07-13T09:17:33,3000.0,17.1,S
2021-07-13T09:17:31,4000.0,17.2,B
2021-07-13T09:17:30,54700.0,17.1,S
2021-07-13T09:17:29,1000.0,17.2,B
2021-07-13T09:17:27,400.0,17.2,B
2021-07-13T09:17:25,1000.0,17.2,B
2021-07-13T09:17:24,100.0,17.2,B
2021-07-13T09:17:22,11000.0,17.2,B
2021-07-13T09:17:20,800.0,17.2,B
2021-07-13T09:17:17,100.0,17.2,B
2021-07-13T09:17:14,100000.0,17.1,S
2021-07-13T09:17:13,7000.0,17.2,B
2021-07-13T09:17:11,1000.0,17.2,B
2021-07-13T09:17:09,1000.0,17.2,B
2021-07-13T09:17:09,2000.0,17.2,B
2021-07-13T09:17:08,700.0,17.2,B
2021-07-13T09:17:04,100.0,17.2,B
2021-07-13T09:16:58,800.0,17.2,B
2021-07-13T09:16:47,500.0,17.2,B
2021-07-13T09:16:46,500.0,17.2,B
2021-07-13T09:16:39,6000.0,17.2,B
2021-07-13T09:16:36,100.0,17.2,B
2021-07-13T09:16:36,500.0,17.2,B
2021-07-13T09:16:34,100.0,17.2,B
2021-07-13T09:16:33,100.0,17.2,B
2021-07-13T09:16:25,3000.0,17.1,S
2021-07-13T09:16:16,100.0,17.2,B
2021-07-13T09:16:10,1400.0,17.2,B
2021-07-13T09:16:10,1000.0,17.2,B
2021-07-13T09:16:03,3000.0,17.1,S
2021-07-13T09:15:48,300.0,17.1,S
2021-07-13T09:15:46,1000.0,17.2,B
2021-07-13T09:15:41,1000.0,17.1,S
2021-07-13T09:15:37,11000.0,17.2,B
2021-07-13T09:15:36,10000.0,17.2,B
2021-07-13T09:15:31,400.0,17.1,S
2021-07-13T09:15:30,700.0,17.2,B
2021-07-13T09:15:23,1000.0,17.2,B
2021-07-13T09:15:22,100.0,17.2,B
2021-07-13T09:15:17,100.0,17.2,B
2021-07-13T09:15:16,200.0,17.1,S
2021-07-13T09:14:55,60200.0,17.2,B
2021-07-13T09:14:53,11200.0,17.1,B
2021-07-13T09:14:51,1000.0,17.1,B
2021-07-13T09:14:48,100.0,17.1,B
2021-07-13T09:14:47,100.0,17.1,B
2021-07-13T09:14:42,300.0,17.1,B
2021-07-13T09:14:41,200.0,17.1,B
2021-07-13T09:14:40,10000.0,17.1,B
2021-07-13T09:14:40,1000.0,17.1,B
2021-07-13T09:14:38,2400.0,17.1,B
2021-07-13T09:14:36,500.0,17.0,S
2021-07-13T09:14:32,50000.0,17.1,B
2021-07-13T09:14:29,1000.0,17.1,B
2021-07-13T09:14:25,100.0,17.1,B
2021-07-13T09:14:25,10000.0,17.1,B
2021-07-13T09:14:19,100.0,17.0,S
2021-07-13T09:14:17,500.0,17.0,S
2021-07-13T09:14:14,100.0,17.1,B
2021-07-13T09:14:05,200.0,17.0,S
2021-07-13T09:13:57,1000.0,17.1,B
2021-07-13T09:13:54,1000.0,17.1,B
2021-07-13T09:13:51,10000.0,17.1,B
2021-07-13T09:13:42,200.0,17.1,B
2021-07-13T09:13:37,1000.0,17.1,B
2021-07-13T09:13:33,300.0,17.1,B
2021-07-13T09:13:31,600.0,17.1,B
2021-07-13T09:13:28,3000.0,17.1,B
2021-07-13T09:13:26,200.0,17.1,B
2021-07-13T09:13:25,500.0,17.1,B
2021-07-13T09:13:24,3000.0,17.1,B
2021-07-13T09:13:23,100.0,17.1,B
2021-07-13T09:13:21,400.0,17.1,B
2021-07-13T09:13:19,100.0,17.1,B
2021-07-13T09:13:19,2000.0,17.1,B
2021-07-13T09:13:11,900.0,17.1,B
2021-07-13T09:13:09,1000.0,17.1,B
2021-07-13T09:13:09,38000.0,17.1,S
2021-07-13T09:13:07,4200.0,17.2,B
2021-07-13T09:13:01,1000.0,17.1,S
2021-07-13T09:12:46,100.0,17.1,S
2021-07-13T09:12:45,3500.0,17.1,B
2021-07-13T09:12:42,1000.0,17.1,B
2021-07-13T09:12:40,200.0,17.1,B
2021-07-13T09:12:40,18400.0,17.1,B
2021-07-13T09:12:39,2000.0,17.1,B
2021-07-13T09:12:38,500.0,17.1,B
2021-07-13T09:12:33,1100.0,17.1,B
2021-07-13T09:12:33,100.0,17.1,B
2021-07-13T09:12:31,2300.0,17.1,B
2021-07-13T09:12:31,10000.0,17.1,B
2021-07-13T09:12:28,200.0,17.1,B
2021-07-13T09:12:25,500.0,17.1,B
2021-07-13T09:12:24,14700.0,17.1,B
2021-07-13T09:12:23,2000.0,17.1,B
2021-07-13T09:12:22,100.0,17.0,S
2021-07-13T09:12:22,1400.0,17.1,B
2021-07-13T09:12:20,3000.0,17.1,B
2021-07-13T09:12:15,800.0,17.1,B
2021-07-13T09:12:13,5100.0,17.1,B
2021-07-13T09:12:09,1000.0,17.1,B
2021-07-13T09:12:07,200.0,17.1,B
2021-07-13T09:12:02,1500.0,17.0,S
2021-07-13T09:12:00,500.0,17.1,B
2021-07-13T09:11:57,1000.0,17.1,B
2021-07-13T09:11:54,53000.0,17.1,S
2021-07-13T09:11:51,1500.0,17.1,S
2021-07-13T09:11:50,2000.0,17.1,S
2021-07-13T09:11:47,600.0,17.1,S
2021-07-13T09:11:44,200.0,17.1,S
2021-07-13T09:11:44,8500.0,17.1,S
2021-07-13T09:11:43,100.0,17.1,S
2021-07-13T09:11:39,6000.0,17.1,S
2021-07-13T09:11:37,100.0,17.1,S
2021-07-13T09:11:36,10000.0,17.1,S
2021-07-13T09:11:36,500.0,17.1,S
2021-07-13T09:11:35,5000.0,17.1,S
2021-07-13T09:11:34,200.0,17.1,S
2021-07-13T09:11:32,100.0,17.1,S
2021-07-13T09:11:32,1000.0,17.1,S
2021-07-13T09:11:31,1000.0,17.1,S
2021-07-13T09:11:27,3000.0,17.1,S
2021-07-13T09:11:27,10700.0,17.1,S
2021-07-13T09:11:27,3000.0,17.1,S
2021-07-13T09:11:24,3400.0,17.2,B
2021-07-13T09:11:24,2500.0,17.1,S
2021-07-13T09:11:21,5500.0,17.1,S
2021-07-13T09:11:20,100.0,17.1,S
2021-07-13T09:11:19,1500.0,17.1,S
2021-07-13T09:11:18,200.0,17.1,S
2021-07-13T09:11:16,100.0,17.1,S
2021-07-13T09:11:13,2000.0,17.1,S
2021-07-13T09:11:12,600.0,17.1,S
2021-07-13T09:11:10,1000.0,17.1,S
2021-07-13T09:11:09,800.0,17.1,S
2021-07-13T09:11:07,20000.0,17.1,S
2021-07-13T09:11:05,1000.0,17.1,S
2021-07-13T09:11:04,2500.0,17.1,S
2021-07-13T09:11:01,10000.0,17.1,S
2021-07-13T09:11:00,1000.0,17.1,S
2021-07-13T09:11:00,20000.0,17.2,B
2021-07-13T09:10:58,100.0,17.1,S
2021-07-13T09:10:56,100.0,17.1,S
2021-07-13T09:10:55,500.0,17.2,B
2021-07-13T09:10:50,7100.0,17.1,S
2021-07-13T09:10:45,500.0,17.1,S
2021-07-13T09:10:42,2000.0,17.1,S
2021-07-13T09:10:40,200.0,17.1,S
2021-07-13T09:10:40,1000.0,17.2,B
2021-07-13T09:10:37,5100.0,17.1,S
2021-07-13T09:10:34,1000.0,17.2,B
2021-07-13T09:10:32,5000.0,17.2,B
2021-07-13T09:10:29,1000.0,17.1,S
2021-07-13T09:10:28,1000.0,17.2,B
2021-07-13T09:10:27,10100.0,17.1,S
2021-07-13T09:10:26,500.0,17.1,S
2021-07-13T09:10:25,500.0,17.2,B
2021-07-13T09:10:25,5100.0,17.2,B
2021-07-13T09:10:23,600.0,17.2,B
2021-07-13T09:10:23,400.0,17.2,B
2021-07-13T09:10:21,1300.0,17.2,B
2021-07-13T09:10:19,100.0,17.2,B
2021-07-13T09:10:18,100.0,17.2,B
2021-07-13T09:10:14,10000.0,17.2,B
2021-07-13T09:10:12,19700.0,17.2,B
2021-07-13T09:10:12,137500.0,17.2,S
2021-07-13T09:10:09,100.0,17.3,B
2021-07-13T09:10:03,8000.0,17.3,B
2021-07-13T09:10:01,1300.0,17.3,B
2021-07-13T09:09:57,200.0,17.2,S
2021-07-13T09:09:54,5000.0,17.2,S
2021-07-13T09:09:52,2000.0,17.3,B
2021-07-13T09:09:50,2500.0,17.2,S
2021-07-13T09:09:48,200.0,17.3,B
2021-07-13T09:09:47,100.0,17.3,B
2021-07-13T09:09:43,2000.0,17.3,B
2021-07-13T09:09:39,1000.0,17.3,B
2021-07-13T09:09:37,300.0,17.3,B
2021-07-13T09:09:34,1000.0,17.3,B
2021-07-13T09:09:25,500.0,17.2,S
2021-07-13T09:09:24,1000.0,17.3,B
2021-07-13T09:09:22,3000.0,17.3,B
2021-07-13T09:09:20,300.0,17.3,B
2021-07-13T09:09:19,2000.0,17.3,B
2021-07-13T09:09:18,1000.0,17.3,B
2021-07-13T09:09:13,100.0,17.3,B
2021-07-13T09:09:07,1000.0,17.3,B
2021-07-13T09:09:06,2000.0,17.2,S
2021-07-13T09:09:01,700.0,17.3,B
2021-07-13T09:08:57,1000.0,17.3,B
2021-07-13T09:08:54,1000.0,17.2,S
2021-07-13T09:08:53,1000.0,17.2,S
2021-07-13T09:08:40,1000.0,17.2,S
2021-07-13T09:08:39,5000.0,17.3,B
2021-07-13T09:08:39,200.0,17.3,B
2021-07-13T09:08:37,500.0,17.3,B
2021-07-13T09:08:33,500.0,17.3,B
2021-07-13T09:08:27,10000.0,17.3,B
2021-07-13T09:08:25,1100.0,17.3,B
2021-07-13T09:08:24,1000.0,17.3,B
2021-07-13T09:08:22,1500.0,17.2,S
2021-07-13T09:08:21,1300.0,17.3,B
2021-07-13T09:08:14,100.0,17.3,B
2021-07-13T09:08:12,500.0,17.3,B
2021-07-13T09:08:06,200.0,17.3,B
2021-07-13T09:08:04,800.0,17.3,B
2021-07-13T09:07:52,100.0,17.3,B
2021-07-13T09:07:50,500.0,17.3,B
2021-07-13T09:07:48,100.0,17.3,B
2021-07-13T09:07:48,100.0,17.3,B
2021-07-13T09:07:44,100.0,17.3,B
2021-07-13T09:07:43,300.0,17.3,B
2021-07-13T09:07:34,300.0,17.3,B
2021-07-13T09:07:30,1900.0,17.3,B
2021-07-13T09:07:29,2000.0,17.2,S
2021-07-13T09:07:29,6000.0,17.3,B
2021-07-13T09:07:25,600.0,17.3,B
2021-07-13T09:07:24,500.0,17.3,B
2021-07-13T09:07:22,20000.0,17.3,B
2021-07-13T09:07:20,100.0,17.3,B
2021-07-13T09:07:18,1000.0,17.3,B
2021-07-13T09:07:14,500.0,17.3,B
2021-07-13T09:07:11,3000.0,17.3,B
2021-07-13T09:07:10,1000.0,17.3,B
2021-07-13T09:07:09,3000.0,17.3,B
2021-07-13T09:07:04,3100.0,17.3,B
2021-07-13T09:07:04,500.0,17.3,B
2021-07-13T09:07:02,1000.0,17.3,B
2021-07-13T09:06:52,100.0,17.3,B
2021-07-13T09:06:49,1000.0,17.3,B
2021-07-13T09:06:47,2000.0,17.2,S
2021-07-13T09:06:44,2000.0,17.2,S
2021-07-13T09:06:44,5000.0,17.3,B
2021-07-13T09:06:43,100.0,17.3,B
2021-07-13T09:06:40,700.0,17.2,S
2021-07-13T09:06:36,300.0,17.3,B
2021-07-13T09:06:34,30000.0,17.3,B
2021-07-13T09:06:33,100.0,17.3,B
2021-07-13T09:06:32,7400.0,17.3,B
2021-07-13T09:06:31,30000.0,17.3,B
2021-07-13T09:06:26,1000.0,17.3,B
2021-07-13T09:06:23,5000.0,17.2,S
2021-07-13T09:06:22,27700.0,17.2,S
2021-07-13T09:06:17,2000.0,17.3,B
2021-07-13T09:06:14,1000.0,17.3,B
2021-07-13T09:06:13,1000.0,17.3,B
2021-07-13T09:06:10,3100.0,17.3,B
2021-07-13T09:06:10,2000.0,17.3,B
2021-07-13T09:06:00,100.0,17.3,B
2021-07-13T09:05:59,4900.0,17.2,S
2021-07-13T09:05:59,1000.0,17.3,B
2021-07-13T09:05:53,1000.0,17.3,B
