tradingTime,volume,price,side
2021-07-13T14:29:59,1000.0,42.6,B
2021-07-13T14:29:41,500.0,42.6,B
2021-07-13T14:29:17,200.0,42.6,B
2021-07-13T14:28:49,3800.0,42.6,B
2021-07-13T14:28:44,400.0,42.6,B
2021-07-13T14:28:41,1000.0,42.6,B
2021-07-13T14:28:14,1000.0,42.6,B
2021-07-13T14:27:55,1000.0,42.6,B
2021-07-13T14:27:51,200.0,42.6,B
2021-07-13T14:27:40,100.0,42.6,B
2021-07-13T14:27:12,100.0,42.6,B
2021-07-13T14:26:57,300.0,42.6,B
2021-07-13T14:26:48,200.0,42.6,B
2021-07-13T14:25:28,700.0,42.6,B
2021-07-13T14:25:16,8600.0,42.6,B
2021-07-13T14:25:16,2900.0,42.6,B
2021-07-13T14:19:15,100.0,42.6,B
2021-07-13T14:16:43,2300.0,42.5,B
2021-07-13T14:15:02,1000.0,42.5,B
2021-07-13T14:12:41,300.0,42.5,S
2021-07-13T14:12:41,1000.0,42.5,S
2021-07-13T14:12:41,400.0,42.5,S
2021-07-13T14:11:57,100.0,42.6,B
2021-07-13T14:07:02,100.0,42.6,B
2021-07-13T14:05:37,100.0,42.6,B
2021-07-13T14:04:03,100.0,42.6,B
2021-07-13T14:02:10,1000.0,42.5,S
2021-07-13T13:58:13,1000.0,42.6,B
2021-07-13T13:54:42,700.0,42.6,B
2021-07-13T13:53:28,100.0,42.6,B
2021-07-13T13:53:26,400.0,42.6,B
2021-07-13T13:53:20,1000.0,42.5,S
2021-07-13T13:44:24,200.0,42.5,S
2021-07-13T13:43:20,500.0,42.5,S
2021-07-13T13:42:29,100.0,42.5,S
2021-07-13T13:41:05,100.0,42.6,B
2021-07-13T13:38:40,500.0,42.6,B
2021-07-13T13:37:17,200.0,42.6,B
2021-07-13T13:33:06,100.0,42.6,B
2021-07-13T13:26:15,100.0,42.6,B
2021-07-13T13:26:06,300.0,42.6,B
2021-07-13T13:25:53,500.0,42.6,B
2021-07-13T13:25:43,300.0,42.6,B
2021-07-13T13:25:37,300.0,42.6,B
2021-07-13T13:25:24,400.0,42.6,B
2021-07-13T13:25:13,300.0,42.6,B
2021-07-13T13:24:03,300.0,42.6,B
2021-07-13T13:23:16,300.0,42.6,B
2021-07-13T13:23:06,7000.0,42.4,S
2021-07-13T13:22:31,2600.0,42.4,S
2021-07-13T13:22:22,10000.0,42.4,S
2021-07-13T13:21:15,7000.0,42.4,S
2021-07-13T13:20:25,200.0,42.6,B
2021-07-13T13:18:27,1000.0,42.6,B
2021-07-13T13:18:09,5200.0,42.6,S
2021-07-13T13:16:36,1400.0,42.6,B
2021-07-13T13:16:26,1000.0,42.6,B
2021-07-13T13:12:05,1000.0,42.6,B
2021-07-13T13:09:45,100.0,42.6,B
2021-07-13T13:06:05,100.0,42.6,B
2021-07-13T13:04:36,600.0,42.6,S
2021-07-13T13:04:34,800.0,42.6,S
2021-07-13T13:04:30,400.0,42.6,B
2021-07-13T13:04:18,100.0,42.6,B
2021-07-13T13:04:18,100.0,42.6,B
2021-07-13T13:03:57,300.0,42.6,B
2021-07-13T13:03:52,200.0,42.6,B
2021-07-13T13:03:46,500.0,42.6,B
2021-07-13T13:03:34,300.0,42.6,B
2021-07-13T13:02:51,500.0,42.6,B
2021-07-13T13:02:19,1200.0,42.6,B
2021-07-13T13:00:10,100.0,42.6,B
2021-07-13T13:00:06,10000.0,42.6,B
2021-07-13T13:00:03,500.0,42.6,B
2021-07-13T13:00:01,400.0,42.6,B
2021-07-13T11:25:50,100.0,42.6,B
2021-07-13T11:25:24,600.0,42.6,B
2021-07-13T11:25:05,300.0,42.6,B
2021-07-13T11:23:18,800.0,42.6,B
2021-07-13T11:22:16,4300.0,42.6,S
2021-07-13T11:21:57,700.0,42.6,S
2021-07-13T11:21:57,2300.0,42.6,S
2021-07-13T11:21:12,10000.0,42.6,S
2021-07-13T11:16:56,10000.0,42.6,S
2021-07-13T11:06:32,3000.0,42.6,S
2021-07-13T10:57:56,5000.0,42.6,S
2021-07-13T10:57:39,2600.0,42.6,S
2021-07-13T10:57:32,7400.0,42.6,B
2021-07-13T10:56:53,13100.0,42.6,B
2021-07-13T10:56:42,2300.0,42.6,B
2021-07-13T10:56:38,700.0,42.6,B
2021-07-13T10:56:32,100.0,42.6,B
2021-07-13T10:56:08,1000.0,42.6,B
2021-07-13T10:54:39,300.0,42.6,B
2021-07-13T10:52:32,5000.0,42.6,B
2021-07-13T10:52:11,500.0,42.6,B
2021-07-13T10:51:51,1000.0,42.6,B
2021-07-13T10:51:45,6000.0,42.6,B
2021-07-13T10:51:45,200.0,42.6,B
2021-07-13T10:51:01,100.0,42.6,B
2021-07-13T10:50:53,200.0,42.6,B
2021-07-13T10:50:52,10000.0,42.6,B
2021-07-13T10:50:45,100.0,42.6,B
2021-07-13T10:50:43,1000.0,42.6,B
2021-07-13T10:50:36,200.0,42.6,B
2021-07-13T10:50:35,1000.0,42.6,B
2021-07-13T10:50:35,2000.0,42.6,B
2021-07-13T10:50:29,200.0,42.6,B
2021-07-13T10:50:14,5100.0,42.6,B
2021-07-13T10:50:14,700.0,42.6,B
2021-07-13T10:50:14,11200.0,42.6,B
2021-07-13T10:49:35,100.0,42.6,B
2021-07-13T10:49:28,300.0,42.6,B
2021-07-13T10:49:20,100.0,42.6,B
2021-07-13T10:49:10,100.0,42.6,B
2021-07-13T10:49:03,100.0,42.6,B
2021-07-13T10:47:26,2700.0,42.55,B
2021-07-13T10:43:43,200.0,42.55,B
2021-07-13T10:42:09,1000.0,42.55,B
2021-07-13T10:41:41,200.0,42.55,B
2021-07-13T10:41:26,1000.0,42.55,B
2021-07-13T10:41:18,1500.0,42.55,B
2021-07-13T10:41:06,1000.0,42.55,B
2021-07-13T10:40:59,1000.0,42.55,B
2021-07-13T10:40:30,500.0,42.55,B
2021-07-13T10:39:48,3900.0,42.55,S
2021-07-13T10:39:46,6100.0,42.55,B
2021-07-13T10:39:37,200.0,42.5,S
2021-07-13T10:39:03,100.0,42.5,S
2021-07-13T10:38:22,1000.0,42.5,B
2021-07-13T10:37:42,100.0,42.5,B
2021-07-13T10:37:21,100.0,42.5,B
2021-07-13T10:37:17,200.0,42.5,B
2021-07-13T10:37:03,100.0,42.5,B
2021-07-13T10:36:54,300.0,42.5,B
2021-07-13T10:36:43,200.0,42.5,B
2021-07-13T10:35:46,100.0,42.5,B
2021-07-13T10:31:51,1500.0,42.55,B
2021-07-13T10:30:52,3000.0,42.5,B
2021-07-13T10:27:07,100.0,42.5,B
2021-07-13T10:26:50,100.0,42.5,B
2021-07-13T10:26:34,6700.0,42.5,S
2021-07-13T10:26:27,3300.0,42.5,B
2021-07-13T10:26:15,1000.0,42.5,B
2021-07-13T10:24:14,300.0,42.5,B
2021-07-13T10:24:01,100.0,42.5,B
2021-07-13T10:23:58,200.0,42.4,S
2021-07-13T10:21:42,2700.0,42.4,S
2021-07-13T10:21:34,800.0,42.5,B
2021-07-13T10:21:34,700.0,42.5,B
2021-07-13T10:21:27,300.0,42.5,B
2021-07-13T10:20:43,1000.0,42.5,B
2021-07-13T10:20:24,400.0,42.4,S
2021-07-13T10:19:52,500.0,42.4,B
2021-07-13T10:19:36,1000.0,42.4,B
2021-07-13T10:19:22,500.0,42.4,B
2021-07-13T10:19:12,600.0,42.4,S
2021-07-13T10:19:12,12000.0,42.4,S
2021-07-13T10:16:57,500.0,42.6,B
2021-07-13T10:16:14,500.0,42.6,B
2021-07-13T10:15:05,9300.0,42.55,B
2021-07-13T10:14:44,10000.0,42.5,B
2021-07-13T10:14:31,800.0,42.5,B
2021-07-13T10:14:29,700.0,42.45,B
2021-07-13T10:14:10,1000.0,42.45,B
2021-07-13T10:13:35,1000.0,42.45,B
2021-07-13T10:13:13,200.0,42.45,B
2021-07-13T10:13:12,300.0,42.45,B
2021-07-13T10:13:07,600.0,42.45,B
2021-07-13T10:12:52,200.0,42.45,B
2021-07-13T10:12:40,3000.0,42.45,B
2021-07-13T10:12:28,1000.0,42.45,B
2021-07-13T10:12:10,2000.0,42.45,B
2021-07-13T10:10:14,500.0,42.4,S
2021-07-13T10:09:45,5500.0,42.4,B
2021-07-13T10:08:07,5000.0,42.35,S
2021-07-13T10:07:43,500.0,42.4,B
2021-07-13T10:07:41,500.0,42.4,B
2021-07-13T10:07:19,10000.0,42.4,B
2021-07-13T10:06:12,1100.0,42.35,S
2021-07-13T10:06:00,1000.0,42.4,B
2021-07-13T10:05:59,400.0,42.4,B
2021-07-13T10:05:50,400.0,42.4,B
2021-07-13T10:05:41,1300.0,42.4,B
2021-07-13T10:05:18,10000.0,42.4,B
2021-07-13T10:05:14,10000.0,42.3,S
2021-07-13T10:05:07,20000.0,42.4,B
2021-07-13T10:04:39,200.0,42.4,B
2021-07-13T10:04:14,1000.0,42.3,S
2021-07-13T10:03:55,14000.0,42.3,S
2021-07-13T10:03:19,100.0,42.4,B
2021-07-13T10:02:19,5000.0,42.3,S
2021-07-13T10:02:17,15000.0,42.3,B
2021-07-13T10:01:57,400.0,42.25,S
2021-07-13T10:01:01,500.0,42.4,B
2021-07-13T10:00:51,7000.0,42.5,B
2021-07-13T09:59:54,2000.0,42.4,B
2021-07-13T09:59:41,5000.0,42.4,B
2021-07-13T09:59:16,5000.0,42.4,B
2021-07-13T09:58:47,3000.0,42.4,B
2021-07-13T09:58:34,2000.0,42.4,B
2021-07-13T09:58:34,25000.0,42.1,S
2021-07-13T09:58:26,10000.0,42.4,B
2021-07-13T09:57:32,5000.0,42.4,B
2021-07-13T09:57:01,30000.0,42.3,B
2021-07-13T09:56:13,2000.0,42.6,B
2021-07-13T09:56:08,500.0,42.6,B
2021-07-13T09:55:29,2000.0,42.6,B
2021-07-13T09:53:46,100.0,42.6,B
2021-07-13T09:52:03,3000.0,42.6,B
2021-07-13T09:52:02,100.0,42.6,S
2021-07-13T09:51:51,1000.0,42.6,S
2021-07-13T09:51:43,20000.0,42.6,S
2021-07-13T09:51:17,1000.0,42.6,S
2021-07-13T09:51:03,500.0,42.6,S
2021-07-13T09:50:37,60000.0,42.6,S
2021-07-13T09:50:24,200.0,42.6,S
2021-07-13T09:49:51,20000.0,42.6,S
2021-07-13T09:48:44,56300.0,42.6,B
2021-07-13T09:48:35,1000.0,42.6,B
2021-07-13T09:48:27,1000.0,42.6,B
2021-07-13T09:48:26,1500.0,42.6,S
2021-07-13T09:48:26,5000.0,42.6,S
2021-07-13T09:48:26,27200.0,42.6,S
2021-07-13T09:48:08,5000.0,42.6,S
2021-07-13T09:47:59,2000.0,42.6,S
2021-07-13T09:47:19,1000.0,42.6,S
2021-07-13T09:47:17,17400.0,42.6,S
2021-07-13T09:47:17,22600.0,42.6,S
2021-07-13T09:44:44,5000.0,42.6,S
2021-07-13T09:44:41,1000.0,42.6,S
2021-07-13T09:44:27,115000.0,42.6,S
2021-07-13T09:43:39,1500.0,42.6,S
2021-07-13T09:41:26,10000.0,42.6,S
2021-07-13T09:40:55,800.0,42.6,S
2021-07-13T09:39:52,10000.0,42.6,S
2021-07-13T09:39:51,4000.0,42.6,S
2021-07-13T09:39:49,2000.0,42.6,S
2021-07-13T09:39:45,20000.0,42.6,B
2021-07-13T09:39:45,500.0,42.6,B
2021-07-13T09:39:45,8600.0,42.6,B
2021-07-13T09:39:26,200.0,42.6,B
2021-07-13T09:39:24,1000.0,42.6,B
2021-07-13T09:39:21,1000.0,42.6,B
2021-07-13T09:39:17,102100.0,42.6,B
2021-07-13T09:37:24,2000.0,42.6,B
2021-07-13T09:36:29,2000.0,42.6,B
2021-07-13T09:36:08,5000.0,42.6,B
2021-07-13T09:36:06,500.0,42.6,B
2021-07-13T09:36:02,5000.0,42.6,B
2021-07-13T09:35:50,1000.0,42.6,B
2021-07-13T09:35:38,200.0,42.6,B
2021-07-13T09:35:34,2000.0,42.6,B
2021-07-13T09:34:38,20000.0,42.6,B
2021-07-13T09:34:04,2500.0,42.55,B
2021-07-13T09:34:04,4000.0,42.55,B
2021-07-13T09:34:04,3500.0,42.55,B
2021-07-13T09:33:50,200.0,42.5,S
2021-07-13T09:33:05,100.0,42.55,B
2021-07-13T09:33:02,4000.0,42.5,S
2021-07-13T09:32:45,6000.0,42.5,B
2021-07-13T09:31:14,1500.0,42.0,S
2021-07-13T09:30:56,4000.0,41.5,B
2021-07-13T09:30:44,4000.0,41.0,B
2021-07-13T09:29:50,1000.0,40.5,S
2021-07-13T09:28:47,100.0,40.5,S
2021-07-13T09:26:31,6000.0,40.5,S
2021-07-13T09:26:06,2400.0,40.5,S
2021-07-13T09:24:27,100.0,40.5,S
2021-07-13T09:20:40,1000.0,41.0,S
