tradingTime,volume,price,side
2021-07-13T14:29:43,500.0,80.4,B
2021-07-13T14:29:34,100.0,80.3,B
2021-07-13T14:29:34,1900.0,80.3,B
2021-07-13T14:29:31,100.0,80.3,B
2021-07-13T14:29:27,500.0,80.2,S
2021-07-13T14:29:27,100.0,80.2,S
2021-07-13T14:29:19,500.0,80.2,S
2021-07-13T14:29:00,600.0,80.2,S
2021-07-13T14:29:00,400.0,80.2,S
2021-07-13T14:28:39,200.0,80.2,B
2021-07-13T14:28:39,100.0,80.2,B
2021-07-13T14:28:10,6000.0,80.2,B
2021-07-13T14:28:06,1000.0,80.0,S
2021-07-13T14:28:01,1000.0,80.1,B
2021-07-13T14:27:51,5000.0,80.0,S
2021-07-13T14:27:49,1000.0,80.1,B
2021-07-13T14:27:31,200.0,80.0,S
2021-07-13T14:27:31,100.0,80.1,B
2021-07-13T14:27:30,100.0,80.1,B
2021-07-13T14:27:26,900.0,80.1,B
2021-07-13T14:27:25,800.0,80.0,S
2021-07-13T14:27:20,500.0,80.0,B
2021-07-13T14:27:20,5400.0,80.0,B
2021-07-13T14:27:20,400.0,80.0,B
2021-07-13T14:27:20,2000.0,80.0,B
2021-07-13T14:27:20,4600.0,80.0,B
2021-07-13T14:27:06,600.0,80.0,B
2021-07-13T14:26:57,300.0,79.9,S
2021-07-13T14:26:48,300.0,79.9,B
2021-07-13T14:26:47,300.0,79.9,B
2021-07-13T14:26:40,500.0,79.9,S
2021-07-13T14:26:38,200.0,79.9,S
2021-07-13T14:26:08,1300.0,79.8,S
2021-07-13T14:25:41,300.0,79.8,S
2021-07-13T14:25:38,200.0,79.8,S
2021-07-13T14:25:18,400.0,79.8,S
2021-07-13T14:25:03,400.0,79.8,S
2021-07-13T14:25:03,200.0,79.8,S
2021-07-13T14:25:00,1100.0,79.9,S
2021-07-13T14:24:47,1000.0,79.8,S
2021-07-13T14:24:42,300.0,80.0,B
2021-07-13T14:24:41,1000.0,80.0,B
2021-07-13T14:24:41,3000.0,80.0,B
2021-07-13T14:24:41,1000.0,80.0,B
2021-07-13T14:24:27,500.0,79.9,S
2021-07-13T14:24:27,1000.0,79.9,B
2021-07-13T14:24:26,1300.0,79.8,S
2021-07-13T14:24:22,500.0,79.8,S
2021-07-13T14:24:07,100.0,79.9,B
2021-07-13T14:24:02,100.0,79.9,B
2021-07-13T14:24:01,100.0,79.9,B
2021-07-13T14:23:59,1000.0,79.9,B
2021-07-13T14:23:48,1300.0,79.8,S
2021-07-13T14:23:20,3000.0,79.9,B
2021-07-13T14:23:12,300.0,79.8,S
2021-07-13T14:23:12,300.0,79.8,S
2021-07-13T14:23:12,700.0,79.8,S
2021-07-13T14:23:07,500.0,79.8,S
2021-07-13T14:22:49,3000.0,79.9,B
2021-07-13T14:22:47,600.0,79.9,B
2021-07-13T14:22:43,100.0,79.8,S
2021-07-13T14:22:37,2000.0,79.9,B
2021-07-13T14:22:36,1300.0,79.8,S
2021-07-13T14:22:30,600.0,79.8,S
2021-07-13T14:22:15,800.0,79.8,S
2021-07-13T14:22:00,1200.0,79.8,S
2021-07-13T14:21:58,2000.0,79.8,S
2021-07-13T14:21:32,100.0,79.9,B
2021-07-13T14:21:23,900.0,79.9,S
2021-07-13T14:21:19,500.0,80.0,B
2021-07-13T14:20:47,1200.0,79.9,S
2021-07-13T14:20:11,1200.0,79.8,S
2021-07-13T14:20:08,700.0,79.8,S
2021-07-13T14:20:08,500.0,79.8,S
2021-07-13T14:19:58,500.0,79.8,S
2021-07-13T14:19:58,100.0,79.8,S
2021-07-13T14:19:58,1500.0,79.8,S
2021-07-13T14:19:58,300.0,79.9,S
2021-07-13T14:19:35,400.0,79.8,S
2021-07-13T14:19:35,800.0,79.8,S
2021-07-13T14:19:23,600.0,79.9,B
2021-07-13T14:19:16,200.0,79.9,B
2021-07-13T14:19:06,200.0,79.8,S
2021-07-13T14:18:58,500.0,79.8,S
2021-07-13T14:18:58,700.0,79.8,S
2021-07-13T14:18:52,300.0,79.8,S
2021-07-13T14:18:48,200.0,79.8,S
2021-07-13T14:18:48,1300.0,79.8,S
2021-07-13T14:18:29,200.0,79.9,S
2021-07-13T14:18:25,200.0,80.0,B
2021-07-13T14:18:22,1100.0,79.9,S
2021-07-13T14:18:22,100.0,79.9,S
2021-07-13T14:18:14,400.0,79.9,S
2021-07-13T14:17:57,200.0,79.9,S
2021-07-13T14:17:54,300.0,79.9,B
2021-07-13T14:17:45,1200.0,79.8,S
2021-07-13T14:17:36,1900.0,79.9,B
2021-07-13T14:17:36,1100.0,79.9,B
2021-07-13T14:17:32,600.0,79.8,S
2021-07-13T14:17:10,1200.0,79.8,S
2021-07-13T14:16:36,1700.0,79.8,S
2021-07-13T14:16:34,200.0,79.9,B
2021-07-13T14:16:23,100.0,79.9,S
2021-07-13T14:16:19,200.0,79.9,S
2021-07-13T14:15:57,1200.0,79.8,S
2021-07-13T14:15:46,3000.0,80.0,B
2021-07-13T14:15:42,500.0,79.8,S
2021-07-13T14:15:21,1100.0,79.8,S
2021-07-13T14:14:57,400.0,79.8,S
2021-07-13T14:14:57,200.0,79.9,S
2021-07-13T14:14:45,1100.0,79.9,S
2021-07-13T14:14:09,200.0,79.8,S
2021-07-13T14:14:09,900.0,79.8,S
2021-07-13T14:13:59,600.0,79.8,S
2021-07-13T14:13:54,6400.0,80.0,B
2021-07-13T14:13:45,1100.0,80.0,B
2021-07-13T14:13:45,400.0,80.0,B
2021-07-13T14:13:45,3500.0,79.9,B
2021-07-13T14:13:39,500.0,79.9,B
2021-07-13T14:13:32,1100.0,79.8,S
2021-07-13T14:13:28,200.0,79.9,B
2021-07-13T14:13:12,500.0,79.8,S
2021-07-13T14:13:12,100.0,79.9,B
2021-07-13T14:12:56,1100.0,79.8,S
2021-07-13T14:12:52,100.0,79.9,B
2021-07-13T14:12:39,600.0,79.9,S
2021-07-13T14:12:25,100.0,79.8,S
2021-07-13T14:12:25,500.0,79.8,S
2021-07-13T14:12:20,1100.0,79.9,S
2021-07-13T14:12:02,500.0,79.9,S
2021-07-13T14:11:43,200.0,79.9,B
2021-07-13T14:11:43,900.0,79.9,S
2021-07-13T14:11:42,100.0,79.9,S
2021-07-13T14:11:08,1100.0,79.8,S
2021-07-13T14:11:02,400.0,80.0,B
2021-07-13T14:10:31,1100.0,79.8,S
2021-07-13T14:10:26,1000.0,79.8,S
2021-07-13T14:10:19,800.0,79.8,S
2021-07-13T14:10:09,100.0,79.9,B
2021-07-13T14:09:55,1100.0,79.8,S
2021-07-13T14:09:53,700.0,79.8,S
2021-07-13T14:09:19,100.0,79.8,S
2021-07-13T14:09:18,1100.0,79.8,S
2021-07-13T14:09:11,4000.0,79.6,S
2021-07-13T14:08:47,200.0,79.6,S
2021-07-13T14:08:47,200.0,79.7,S
2021-07-13T14:08:42,1100.0,79.6,S
2021-07-13T14:08:21,1000.0,79.6,S
2021-07-13T14:08:20,100.0,79.6,S
2021-07-13T14:08:06,200.0,79.6,S
2021-07-13T14:08:06,100.0,79.6,S
2021-07-13T14:08:06,300.0,79.6,S
2021-07-13T14:08:06,500.0,79.6,S
2021-07-13T14:07:29,1100.0,79.7,S
2021-07-13T14:07:22,600.0,79.7,S
2021-07-13T14:07:22,100.0,79.7,S
2021-07-13T14:07:22,1200.0,79.7,S
2021-07-13T14:07:19,200.0,79.7,S
2021-07-13T14:07:04,300.0,79.7,S
2021-07-13T14:06:53,1100.0,79.7,S
2021-07-13T14:06:32,100.0,79.7,S
2021-07-13T14:06:23,300.0,79.7,S
2021-07-13T14:06:19,2400.0,79.7,S
2021-07-13T14:06:17,700.0,79.7,S
2021-07-13T14:06:17,400.0,79.7,S
2021-07-13T14:05:41,100.0,79.7,S
2021-07-13T14:05:41,1000.0,79.7,S
2021-07-13T14:05:33,3100.0,79.7,S
2021-07-13T14:05:24,1600.0,79.9,S
2021-07-13T14:05:22,600.0,79.9,S
2021-07-13T14:05:03,1100.0,79.9,S
2021-07-13T14:05:03,700.0,79.9,S
2021-07-13T14:05:03,1600.0,79.9,S
2021-07-13T14:05:03,200.0,79.9,S
2021-07-13T14:05:03,2500.0,79.9,S
2021-07-13T14:05:02,500.0,80.0,S
2021-07-13T14:04:51,200.0,80.0,S
2021-07-13T14:04:51,300.0,80.0,S
2021-07-13T14:04:42,2000.0,80.0,S
2021-07-13T14:04:38,2000.0,80.0,S
2021-07-13T14:04:28,1100.0,80.0,S
2021-07-13T14:04:22,700.0,80.0,S
2021-07-13T14:04:22,500.0,80.0,S
2021-07-13T14:04:22,1800.0,80.0,S
2021-07-13T14:03:52,1100.0,80.0,S
2021-07-13T14:03:36,200.0,80.1,S
2021-07-13T14:03:35,200.0,80.1,B
2021-07-13T14:03:18,500.0,80.1,B
2021-07-13T14:03:16,500.0,80.0,S
2021-07-13T14:03:16,100.0,80.0,S
2021-07-13T14:03:16,500.0,80.0,S
2021-07-13T14:03:05,100.0,80.1,B
2021-07-13T14:02:59,1000.0,80.0,S
2021-07-13T14:02:39,100.0,80.1,S
2021-07-13T14:02:31,1200.0,80.1,S
2021-07-13T14:02:19,500.0,80.1,S
2021-07-13T14:02:09,1000.0,80.1,S
2021-07-13T14:02:03,1100.0,80.1,S
2021-07-13T14:01:57,300.0,80.1,S
2021-07-13T14:01:44,1400.0,80.1,S
2021-07-13T14:01:28,1100.0,80.1,S
2021-07-13T14:00:51,1100.0,80.1,S
2021-07-13T14:00:25,200.0,80.2,B
2021-07-13T14:00:24,500.0,80.1,S
2021-07-13T14:00:14,1100.0,80.1,S
2021-07-13T14:00:12,6500.0,80.1,S
2021-07-13T13:59:47,600.0,80.1,S
2021-07-13T13:59:37,1100.0,80.1,S
2021-07-13T13:59:34,1000.0,80.1,S
2021-07-13T13:59:24,100.0,80.1,S
2021-07-13T13:59:08,500.0,80.1,S
2021-07-13T13:59:02,1100.0,80.1,S
2021-07-13T13:58:26,1100.0,80.1,S
2021-07-13T13:58:11,100.0,80.1,S
2021-07-13T13:57:48,500.0,80.0,S
2021-07-13T13:57:48,600.0,80.0,S
2021-07-13T13:57:48,500.0,80.1,S
2021-07-13T13:57:36,300.0,80.1,B
2021-07-13T13:57:14,300.0,80.1,B
2021-07-13T13:56:47,500.0,80.1,S
2021-07-13T13:56:40,300.0,80.1,S
2021-07-13T13:56:37,1100.0,80.1,S
2021-07-13T13:56:32,300.0,80.1,S
2021-07-13T13:56:31,1900.0,80.1,S
2021-07-13T13:56:19,4000.0,80.1,S
2021-07-13T13:56:14,1000.0,80.1,S
2021-07-13T13:56:01,1100.0,80.1,S
2021-07-13T13:55:38,200.0,80.2,B
2021-07-13T13:55:28,1200.0,80.1,S
2021-07-13T13:55:23,1100.0,80.1,S
2021-07-13T13:55:23,100.0,80.2,B
2021-07-13T13:55:15,100.0,80.1,S
2021-07-13T13:55:11,1000.0,80.2,B
2021-07-13T13:55:03,1000.0,80.1,S
2021-07-13T13:54:58,200.0,80.2,B
2021-07-13T13:54:58,800.0,80.2,B
2021-07-13T13:54:48,200.0,80.1,S
2021-07-13T13:54:48,1100.0,80.1,S
2021-07-13T13:54:47,600.0,80.2,B
2021-07-13T13:54:47,1400.0,80.2,B
2021-07-13T13:54:32,600.0,80.1,S
2021-07-13T13:54:12,1100.0,80.1,S
2021-07-13T13:53:41,100.0,80.1,S
2021-07-13T13:53:36,1100.0,80.1,S
2021-07-13T13:53:28,100.0,80.2,B
2021-07-13T13:52:59,1100.0,80.1,S
2021-07-13T13:52:49,500.0,80.2,B
2021-07-13T13:52:31,100.0,80.2,B
2021-07-13T13:52:23,1100.0,80.1,S
2021-07-13T13:52:17,100.0,80.2,B
2021-07-13T13:52:08,400.0,80.1,S
2021-07-13T13:51:47,400.0,80.2,S
2021-07-13T13:51:10,1100.0,80.1,S
2021-07-13T13:50:33,1100.0,80.1,S
2021-07-13T13:49:57,1100.0,80.1,S
2021-07-13T13:49:44,500.0,80.1,S
2021-07-13T13:49:22,1100.0,80.1,S
2021-07-13T13:49:09,2300.0,80.3,B
2021-07-13T13:48:51,300.0,80.2,S
2021-07-13T13:48:45,1100.0,80.1,S
2021-07-13T13:48:43,100.0,80.2,B
2021-07-13T13:48:43,100.0,80.2,B
2021-07-13T13:48:26,100.0,80.2,B
2021-07-13T13:48:09,1100.0,80.1,S
2021-07-13T13:48:00,1000.0,80.1,S
2021-07-13T13:47:33,1100.0,80.1,S
2021-07-13T13:47:27,1700.0,80.2,B
2021-07-13T13:47:24,1000.0,80.2,S
2021-07-13T13:47:24,600.0,80.2,S
2021-07-13T13:47:14,1700.0,80.2,S
2021-07-13T13:47:03,7300.0,80.2,B
2021-07-13T13:46:57,1100.0,80.1,S
2021-07-13T13:46:20,1100.0,80.1,S
2021-07-13T13:46:17,800.0,80.1,B
2021-07-13T13:46:11,1000.0,80.1,B
2021-07-13T13:46:11,100.0,80.1,B
2021-07-13T13:46:11,100.0,80.0,S
2021-07-13T13:46:03,500.0,80.1,B
2021-07-13T13:45:54,200.0,80.1,S
2021-07-13T13:45:44,1100.0,80.1,S
2021-07-13T13:45:34,200.0,80.2,B
2021-07-13T13:45:17,200.0,80.2,B
2021-07-13T13:45:08,1100.0,80.1,S
2021-07-13T13:45:02,100.0,80.2,B
2021-07-13T13:44:32,200.0,80.2,S
2021-07-13T13:44:20,1000.0,80.3,B
2021-07-13T13:43:55,1000.0,80.2,S
2021-07-13T13:43:35,100.0,80.2,B
2021-07-13T13:43:30,3500.0,80.2,B
2021-07-13T13:43:27,1500.0,80.2,B
2021-07-13T13:43:26,200.0,80.1,B
2021-07-13T13:43:19,100.0,80.1,S
2021-07-13T13:43:15,2000.0,80.2,B
2021-07-13T13:42:58,1600.0,80.2,B
2021-07-13T13:42:47,400.0,80.1,B
2021-07-13T13:42:43,100.0,80.1,B
2021-07-13T13:42:43,1000.0,80.0,S
2021-07-13T13:42:37,1100.0,80.1,B
2021-07-13T13:42:12,4900.0,80.0,S
2021-07-13T13:42:07,1000.0,80.0,S
2021-07-13T13:42:06,100.0,80.1,B
2021-07-13T13:42:06,500.0,80.0,S
2021-07-13T13:41:56,500.0,80.1,B
2021-07-13T13:41:36,1000.0,80.1,B
2021-07-13T13:41:30,200.0,80.1,B
2021-07-13T13:41:30,1000.0,80.0,S
2021-07-13T13:41:00,300.0,80.1,B
2021-07-13T13:41:00,100.0,80.1,S
2021-07-13T13:40:53,1000.0,80.1,S
2021-07-13T13:40:51,400.0,80.1,S
2021-07-13T13:40:51,100.0,80.1,S
2021-07-13T13:40:19,600.0,80.0,S
2021-07-13T13:40:19,1000.0,80.0,S
2021-07-13T13:40:12,1000.0,80.2,B
2021-07-13T13:39:55,2000.0,80.0,B
2021-07-13T13:39:55,1800.0,79.7,S
2021-07-13T13:39:43,600.0,79.8,B
2021-07-13T13:39:42,400.0,79.8,S
2021-07-13T13:39:05,1000.0,79.7,S
2021-07-13T13:38:29,1000.0,79.7,S
2021-07-13T13:38:21,200.0,80.0,S
2021-07-13T13:38:21,8800.0,80.0,S
2021-07-13T13:37:58,500.0,80.0,S
2021-07-13T13:37:56,600.0,80.0,S
2021-07-13T13:37:56,100.0,79.7,B
2021-07-13T13:37:52,1000.0,79.6,S
2021-07-13T13:37:51,300.0,79.7,B
2021-07-13T13:37:50,200.0,79.7,B
2021-07-13T13:37:45,100.0,79.7,B
2021-07-13T13:37:17,300.0,79.7,S
2021-07-13T13:37:16,2900.0,80.0,S
2021-07-13T13:37:10,3300.0,80.0,S
2021-07-13T13:37:10,100.0,80.0,S
2021-07-13T13:37:10,400.0,80.0,S
2021-07-13T13:37:10,200.0,80.0,S
2021-07-13T13:37:10,700.0,80.0,S
2021-07-13T13:37:10,3100.0,80.0,S
2021-07-13T13:37:10,3300.0,80.0,S
2021-07-13T13:37:05,300.0,80.0,S
2021-07-13T13:36:47,2000.0,80.0,S
2021-07-13T13:36:40,1000.0,80.0,S
2021-07-13T13:36:35,1000.0,80.0,S
2021-07-13T13:36:35,900.0,80.0,S
2021-07-13T13:36:35,100.0,80.0,S
2021-07-13T13:36:28,500.0,80.2,B
2021-07-13T13:36:08,600.0,80.2,B
2021-07-13T13:36:04,1000.0,80.1,S
2021-07-13T13:35:58,5000.0,80.1,S
2021-07-13T13:35:54,1000.0,80.3,B
2021-07-13T13:35:43,100.0,80.2,B
2021-07-13T13:35:37,400.0,80.2,S
2021-07-13T13:35:28,1000.0,80.2,S
2021-07-13T13:34:52,200.0,80.3,S
2021-07-13T13:34:15,1000.0,80.3,S
2021-07-13T13:33:52,1200.0,80.3,S
2021-07-13T13:33:39,300.0,80.4,S
2021-07-13T13:33:32,1500.0,80.4,S
2021-07-13T13:33:25,2000.0,80.5,S
2021-07-13T13:33:03,700.0,80.6,B
2021-07-13T13:32:26,1000.0,80.6,S
2021-07-13T13:32:19,500.0,80.6,S
2021-07-13T13:32:15,1000.0,80.6,S
2021-07-13T13:31:57,500.0,80.7,S
2021-07-13T13:31:49,1000.0,80.7,S
2021-07-13T13:31:38,1000.0,80.7,S
2021-07-13T13:31:35,500.0,80.8,B
2021-07-13T13:31:34,800.0,80.8,S
2021-07-13T13:31:14,400.0,80.9,S
2021-07-13T13:31:12,1700.0,81.0,B
2021-07-13T13:31:12,2300.0,81.0,B
2021-07-13T13:31:07,100.0,80.9,S
2021-07-13T13:31:05,1800.0,80.9,B
2021-07-13T13:30:56,100.0,80.9,B
2021-07-13T13:30:56,100.0,80.9,B
2021-07-13T13:30:41,500.0,80.9,B
2021-07-13T13:30:40,500.0,80.8,B
2021-07-13T13:30:38,1000.0,80.7,S
2021-07-13T13:30:33,500.0,80.7,S
2021-07-13T13:30:26,500.0,80.7,S
2021-07-13T13:30:16,1000.0,80.8,B
2021-07-13T13:30:01,1000.0,80.7,S
2021-07-13T13:29:25,1000.0,80.6,S
2021-07-13T13:29:20,100.0,80.7,S
2021-07-13T13:29:18,200.0,80.7,B
2021-07-13T13:29:13,200.0,80.7,S
2021-07-13T13:28:58,100.0,80.7,B
2021-07-13T13:28:49,1000.0,80.6,S
2021-07-13T13:28:43,100.0,80.7,B
2021-07-13T13:28:35,100.0,80.7,B
2021-07-13T13:28:33,500.0,80.7,B
2021-07-13T13:28:33,500.0,80.7,B
2021-07-13T13:28:32,100.0,80.7,B
2021-07-13T13:28:27,200.0,80.6,S
2021-07-13T13:28:23,600.0,80.6,S
2021-07-13T13:28:18,400.0,80.7,B
2021-07-13T13:28:18,600.0,80.7,B
2021-07-13T13:28:13,100.0,80.6,S
2021-07-13T13:28:13,100.0,80.6,S
2021-07-13T13:28:13,800.0,80.6,S
2021-07-13T13:28:04,500.0,80.6,S
2021-07-13T13:27:45,800.0,80.6,S
2021-07-13T13:27:36,200.0,80.6,S
2021-07-13T13:27:18,1000.0,80.6,B
2021-07-13T13:27:00,1000.0,80.5,S
2021-07-13T13:26:55,100.0,80.5,S
2021-07-13T13:26:52,3000.0,80.5,S
2021-07-13T13:26:43,400.0,80.3,B
2021-07-13T13:26:39,500.0,80.3,B
2021-07-13T13:26:38,200.0,80.1,S
2021-07-13T13:26:31,100.0,80.3,B
2021-07-13T13:26:27,500.0,80.0,S
2021-07-13T13:26:24,1000.0,80.0,S
2021-07-13T13:26:23,1000.0,80.0,S
2021-07-13T13:26:23,900.0,80.2,B
2021-07-13T13:26:14,100.0,80.2,B
2021-07-13T13:26:10,800.0,80.3,B
2021-07-13T13:26:04,1000.0,80.0,S
2021-07-13T13:25:53,100.0,80.2,B
2021-07-13T13:25:50,100.0,80.2,B
2021-07-13T13:25:50,400.0,80.2,B
2021-07-13T13:25:48,100.0,80.2,S
2021-07-13T13:25:40,200.0,80.2,B
2021-07-13T13:25:40,200.0,80.2,B
2021-07-13T13:25:33,400.0,80.1,B
2021-07-13T13:25:26,200.0,80.1,B
2021-07-13T13:25:20,5000.0,79.6,S
2021-07-13T13:25:19,200.0,80.1,B
2021-07-13T13:25:18,800.0,80.0,B
2021-07-13T13:25:18,600.0,80.0,B
2021-07-13T13:25:18,1200.0,80.0,B
2021-07-13T13:25:18,1100.0,80.0,B
2021-07-13T13:25:18,2900.0,80.0,B
2021-07-13T13:25:11,1000.0,79.5,S
2021-07-13T13:25:07,500.0,79.6,S
2021-07-13T13:25:06,1000.0,79.6,B
2021-07-13T13:24:58,10000.0,79.6,B
2021-07-13T13:24:47,1800.0,79.5,S
2021-07-13T13:24:35,400.0,79.2,S
2021-07-13T13:24:35,500.0,79.2,S
2021-07-13T13:24:35,100.0,79.2,S
2021-07-13T13:24:30,1000.0,79.5,B
2021-07-13T13:24:22,300.0,79.1,S
2021-07-13T13:24:22,300.0,79.2,S
2021-07-13T13:24:22,100.0,79.2,B
2021-07-13T13:24:13,300.0,79.2,B
2021-07-13T13:23:59,200.0,79.1,S
2021-07-13T13:23:59,800.0,79.1,S
2021-07-13T13:23:55,300.0,79.3,S
2021-07-13T13:23:54,200.0,79.2,S
2021-07-13T13:23:52,800.0,79.2,S
2021-07-13T13:23:49,200.0,79.5,B
2021-07-13T13:23:48,100.0,79.2,S
2021-07-13T13:23:46,300.0,79.4,B
2021-07-13T13:23:43,5400.0,79.2,S
2021-07-13T13:23:34,400.0,79.2,S
2021-07-13T13:23:24,700.0,79.2,S
2021-07-13T13:23:23,100.0,79.4,B
2021-07-13T13:23:23,300.0,79.4,S
2021-07-13T13:23:23,100.0,79.4,S
2021-07-13T13:23:23,200.0,79.4,S
2021-07-13T13:23:18,100.0,79.5,S
2021-07-13T13:23:16,500.0,79.5,S
2021-07-13T13:23:16,400.0,79.5,B
2021-07-13T13:23:09,100.0,79.5,S
2021-07-13T13:23:08,100.0,79.5,S
2021-07-13T13:23:08,100.0,79.5,S
2021-07-13T13:23:08,100.0,79.5,S
2021-07-13T13:23:06,1300.0,79.5,S
2021-07-13T13:23:06,200.0,79.5,S
2021-07-13T13:23:06,100.0,79.5,S
2021-07-13T13:23:01,1600.0,79.5,S
2021-07-13T13:22:59,500.0,79.5,S
2021-07-13T13:22:59,4500.0,79.5,S
2021-07-13T13:22:53,400.0,79.5,S
2021-07-13T13:22:53,100.0,79.6,B
2021-07-13T13:22:46,200.0,79.5,S
2021-07-13T13:22:46,1000.0,79.5,S
2021-07-13T13:22:42,1000.0,79.5,S
2021-07-13T13:22:41,300.0,79.5,S
2021-07-13T13:22:39,2000.0,79.5,S
2021-07-13T13:22:38,100.0,79.6,B
2021-07-13T13:22:22,1000.0,79.6,B
2021-07-13T13:22:17,300.0,79.6,S
2021-07-13T13:22:15,3000.0,79.6,S
2021-07-13T13:22:10,1000.0,79.6,S
2021-07-13T13:22:05,100.0,79.6,S
2021-07-13T13:21:46,100.0,79.6,S
2021-07-13T13:21:34,1000.0,79.6,S
2021-07-13T13:21:30,300.0,79.8,S
2021-07-13T13:21:27,300.0,79.8,S
2021-07-13T13:21:26,100.0,79.8,S
2021-07-13T13:21:20,1000.0,79.8,S
2021-07-13T13:21:15,500.0,79.8,S
2021-07-13T13:21:07,200.0,79.8,S
2021-07-13T13:21:03,2500.0,79.8,S
2021-07-13T13:20:58,100.0,79.8,S
2021-07-13T13:20:58,900.0,79.8,S
2021-07-13T13:20:57,400.0,79.8,S
2021-07-13T13:20:57,3400.0,79.8,S
2021-07-13T13:20:48,3000.0,79.8,S
2021-07-13T13:20:44,600.0,80.0,B
2021-07-13T13:20:42,300.0,80.0,S
2021-07-13T13:20:40,100.0,80.0,S
2021-07-13T13:20:40,800.0,80.0,S
2021-07-13T13:20:38,200.0,80.0,S
2021-07-13T13:20:36,200.0,80.0,S
2021-07-13T13:20:36,600.0,80.0,S
2021-07-13T13:20:36,3300.0,80.0,S
2021-07-13T13:20:34,600.0,80.0,S
2021-07-13T13:20:31,900.0,80.0,S
2021-07-13T13:20:31,200.0,80.0,S
2021-07-13T13:20:31,200.0,80.0,S
2021-07-13T13:20:31,700.0,80.0,S
2021-07-13T13:20:30,100.0,80.0,S
2021-07-13T13:20:30,500.0,80.0,S
2021-07-13T13:20:30,100.0,80.0,S
2021-07-13T13:20:30,600.0,80.0,S
2021-07-13T13:20:29,1000.0,80.0,S
2021-07-13T13:20:29,500.0,80.0,S
2021-07-13T13:20:28,500.0,80.0,S
2021-07-13T13:20:26,3000.0,80.0,S
2021-07-13T13:20:26,1000.0,80.0,S
2021-07-13T13:20:26,2700.0,80.0,S
2021-07-13T13:20:25,600.0,80.0,S
2021-07-13T13:20:25,1400.0,80.0,S
2021-07-13T13:20:21,1000.0,80.0,S
2021-07-13T13:20:21,1000.0,80.0,S
2021-07-13T13:20:20,2000.0,80.0,S
2021-07-13T13:20:18,100.0,80.0,S
2021-07-13T13:20:17,100.0,80.0,S
2021-07-13T13:20:17,100.0,80.0,S
2021-07-13T13:20:14,100.0,80.0,S
2021-07-13T13:20:12,1000.0,80.0,S
2021-07-13T13:20:11,1000.0,80.0,S
2021-07-13T13:20:08,500.0,80.0,S
2021-07-13T13:20:07,2000.0,80.0,S
2021-07-13T13:20:02,5000.0,80.0,S
2021-07-13T13:20:01,5000.0,80.0,S
2021-07-13T13:19:59,200.0,80.1,B
2021-07-13T13:19:57,2000.0,80.0,S
2021-07-13T13:19:51,200.0,80.0,S
2021-07-13T13:19:45,1000.0,80.0,S
2021-07-13T13:19:43,2000.0,80.0,S
2021-07-13T13:19:38,200.0,80.1,B
2021-07-13T13:19:33,1000.0,80.1,B
2021-07-13T13:19:09,2000.0,80.0,S
2021-07-13T13:19:09,1000.0,80.0,S
2021-07-13T13:19:07,500.0,80.1,S
2021-07-13T13:19:07,100.0,80.1,S
2021-07-13T13:19:07,1400.0,80.1,S
2021-07-13T13:19:05,2000.0,80.1,S
2021-07-13T13:19:04,500.0,80.1,S
2021-07-13T13:19:02,500.0,80.1,S
2021-07-13T13:18:56,500.0,80.1,S
2021-07-13T13:18:49,3000.0,80.1,S
2021-07-13T13:18:45,100.0,80.1,S
2021-07-13T13:18:45,100.0,80.1,S
2021-07-13T13:18:43,2300.0,80.1,S
2021-07-13T13:18:39,500.0,80.1,S
2021-07-13T13:18:33,1000.0,80.1,S
2021-07-13T13:18:32,600.0,80.1,S
2021-07-13T13:18:32,200.0,80.1,S
2021-07-13T13:18:32,300.0,80.1,S
2021-07-13T13:18:29,100.0,80.1,S
2021-07-13T13:18:20,200.0,80.2,S
2021-07-13T13:18:20,100.0,80.2,S
2021-07-13T13:18:20,1600.0,80.2,S
2021-07-13T13:18:18,200.0,80.2,S
2021-07-13T13:18:16,1200.0,80.2,S
2021-07-13T13:18:16,1300.0,80.2,S
2021-07-13T13:18:16,500.0,80.2,S
2021-07-13T13:18:16,300.0,80.2,S
2021-07-13T13:18:16,500.0,80.2,S
2021-07-13T13:18:16,1700.0,80.2,S
2021-07-13T13:18:07,1500.0,80.3,S
2021-07-13T13:18:01,100.0,80.3,S
2021-07-13T13:18:00,800.0,80.3,S
2021-07-13T13:17:57,1000.0,80.3,S
2021-07-13T13:17:56,1000.0,80.3,S
2021-07-13T13:17:45,800.0,80.3,S
2021-07-13T13:17:45,1300.0,80.3,S
2021-07-13T13:17:45,2500.0,80.4,S
2021-07-13T13:17:45,2000.0,80.4,S
2021-07-13T13:17:38,3000.0,80.4,S
2021-07-13T13:17:38,600.0,80.4,S
2021-07-13T13:17:38,5900.0,80.4,S
2021-07-13T13:17:32,300.0,80.5,S
2021-07-13T13:17:24,1200.0,80.5,S
2021-07-13T13:17:24,1400.0,80.5,S
2021-07-13T13:17:20,1000.0,80.5,S
2021-07-13T13:17:13,100.0,80.5,S
2021-07-13T13:17:13,1900.0,80.5,S
2021-07-13T13:17:08,100.0,80.5,S
2021-07-13T13:17:08,100.0,80.5,S
2021-07-13T13:16:57,200.0,80.5,S
2021-07-13T13:16:57,100.0,80.5,S
2021-07-13T13:16:48,200.0,80.5,S
2021-07-13T13:16:48,300.0,80.5,S
2021-07-13T13:16:45,2000.0,80.5,S
2021-07-13T13:16:44,1000.0,80.5,S
2021-07-13T13:16:41,100.0,80.6,B
2021-07-13T13:16:26,1200.0,80.6,S
2021-07-13T13:16:20,200.0,80.6,S
2021-07-13T13:16:17,100.0,80.6,S
2021-07-13T13:16:07,400.0,80.6,S
2021-07-13T13:16:07,700.0,80.6,S
2021-07-13T13:16:07,300.0,80.6,S
2021-07-13T13:15:46,600.0,80.6,S
2021-07-13T13:15:43,900.0,80.6,S
2021-07-13T13:15:31,1000.0,80.6,S
2021-07-13T13:14:55,1000.0,80.6,S
2021-07-13T13:14:48,1000.0,80.7,B
2021-07-13T13:14:27,1000.0,80.6,S
2021-07-13T13:14:19,100.0,80.7,S
2021-07-13T13:14:12,400.0,80.7,S
2021-07-13T13:13:53,500.0,80.7,B
2021-07-13T13:13:42,500.0,80.7,B
2021-07-13T13:13:30,200.0,80.7,S
2021-07-13T13:13:14,200.0,80.7,S
2021-07-13T13:13:06,1000.0,80.7,S
2021-07-13T13:13:06,500.0,80.7,S
2021-07-13T13:13:00,500.0,80.7,S
2021-07-13T13:12:54,300.0,80.7,S
2021-07-13T13:12:30,1000.0,80.7,S
2021-07-13T13:12:20,1500.0,80.8,B
2021-07-13T13:11:59,100.0,80.8,B
2021-07-13T13:11:58,1800.0,80.8,S
2021-07-13T13:11:54,1000.0,80.8,S
2021-07-13T13:11:25,500.0,80.8,B
2021-07-13T13:11:17,500.0,80.8,S
2021-07-13T13:11:12,2000.0,80.8,S
2021-07-13T13:11:12,100.0,80.8,S
2021-07-13T13:11:02,200.0,80.9,S
2021-07-13T13:11:02,100.0,80.9,S
2021-07-13T13:10:41,1000.0,80.9,S
2021-07-13T13:10:14,2000.0,80.9,S
2021-07-13T13:10:05,1000.0,80.9,S
2021-07-13T13:09:49,800.0,81.0,S
2021-07-13T13:09:44,500.0,81.0,S
2021-07-13T13:09:33,500.0,81.0,S
2021-07-13T13:09:29,1000.0,81.0,S
2021-07-13T13:09:28,900.0,81.0,S
2021-07-13T13:09:04,200.0,81.0,S
2021-07-13T13:08:54,400.0,81.0,B
2021-07-13T13:08:52,600.0,81.0,S
2021-07-13T13:08:49,1000.0,81.0,S
2021-07-13T13:08:43,2400.0,81.0,S
2021-07-13T13:08:37,1000.0,81.0,B
2021-07-13T13:08:27,100.0,81.0,B
2021-07-13T13:08:22,400.0,81.0,S
2021-07-13T13:08:15,2100.0,80.8,S
2021-07-13T13:08:15,3200.0,81.0,B
2021-07-13T13:08:04,1000.0,81.0,B
2021-07-13T13:07:54,100.0,81.0,B
2021-07-13T13:07:54,100.0,81.0,B
2021-07-13T13:07:40,300.0,80.8,S
2021-07-13T13:07:40,700.0,80.8,S
2021-07-13T13:07:27,200.0,81.0,B
2021-07-13T13:07:23,500.0,80.7,S
2021-07-13T13:07:04,1000.0,80.7,S
2021-07-13T13:06:57,300.0,80.7,B
2021-07-13T13:06:27,700.0,80.7,B
2021-07-13T13:05:50,1000.0,80.6,S
2021-07-13T13:05:41,200.0,80.9,S
2021-07-13T13:05:15,1000.0,80.5,S
2021-07-13T13:05:12,500.0,80.9,B
2021-07-13T13:05:02,600.0,80.5,S
2021-07-13T13:04:39,1000.0,80.5,S
2021-07-13T13:04:33,100.0,80.5,B
2021-07-13T13:04:32,100.0,80.5,B
2021-07-13T13:04:31,100.0,80.5,B
2021-07-13T13:04:30,100.0,80.5,B
2021-07-13T13:04:25,2800.0,80.5,S
2021-07-13T13:04:15,100.0,81.0,B
2021-07-13T13:04:02,1000.0,80.5,S
2021-07-13T13:03:55,100.0,81.0,B
2021-07-13T13:03:28,100.0,80.5,B
2021-07-13T13:03:26,1000.0,80.4,S
2021-07-13T13:02:57,5000.0,80.4,S
2021-07-13T13:02:54,1000.0,80.5,B
2021-07-13T13:02:54,2000.0,80.5,B
2021-07-13T13:02:50,1000.0,80.4,S
2021-07-13T13:02:41,500.0,80.4,S
2021-07-13T13:02:21,500.0,80.4,S
2021-07-13T13:02:19,200.0,80.4,S
2021-07-13T13:02:14,1000.0,80.4,S
2021-07-13T13:02:04,100.0,80.4,S
2021-07-13T13:01:37,1000.0,80.4,S
2021-07-13T13:01:34,1000.0,80.4,B
2021-07-13T13:01:33,1100.0,80.4,B
2021-07-13T13:01:33,500.0,80.4,B
2021-07-13T13:01:12,200.0,80.3,S
2021-07-13T13:01:10,200.0,80.4,B
2021-07-13T13:01:01,500.0,80.4,S
2021-07-13T13:00:39,700.0,80.5,B
2021-07-13T13:00:20,500.0,80.3,S
2021-07-13T13:00:13,500.0,80.3,S
2021-07-13T13:00:13,500.0,80.5,B
2021-07-13T13:00:10,100.0,80.5,B
2021-07-13T13:00:10,100.0,80.5,B
2021-07-13T13:00:09,1100.0,80.5,S
2021-07-13T13:00:06,100.0,80.5,S
2021-07-13T13:00:06,1900.0,80.5,S
2021-07-13T13:00:06,100.0,80.5,S
2021-07-13T13:00:03,500.0,80.5,S
2021-07-13T13:00:01,800.0,80.6,S
2021-07-13T13:00:01,2000.0,80.6,S
2021-07-13T11:29:45,100.0,80.5,S
2021-07-13T11:29:31,200.0,80.2,S
2021-07-13T11:29:05,1000.0,80.2,S
2021-07-13T11:29:00,2000.0,80.3,S
2021-07-13T11:28:22,700.0,80.3,B
2021-07-13T11:28:21,100.0,80.3,B
2021-07-13T11:28:18,500.0,80.3,B
2021-07-13T11:28:17,100.0,80.3,B
2021-07-13T11:28:17,400.0,80.3,B
2021-07-13T11:28:03,200.0,80.3,B
2021-07-13T11:27:37,100.0,80.3,S
2021-07-13T11:27:37,300.0,80.3,S
2021-07-13T11:27:37,400.0,80.5,S
2021-07-13T11:27:37,700.0,80.6,S
2021-07-13T11:27:37,200.0,80.7,S
2021-07-13T11:27:37,300.0,80.8,S
2021-07-13T11:27:17,100.0,81.0,S
2021-07-13T11:27:17,100.0,81.0,S
2021-07-13T11:27:12,700.0,81.0,S
2021-07-13T11:27:12,1000.0,81.0,S
2021-07-13T11:27:12,3300.0,81.0,S
2021-07-13T11:27:12,1900.0,81.0,S
2021-07-13T11:27:12,100.0,81.0,S
2021-07-13T11:27:12,1400.0,81.0,S
2021-07-13T11:27:12,400.0,81.0,S
2021-07-13T11:27:12,1600.0,81.0,S
2021-07-13T11:27:11,500.0,81.0,S
2021-07-13T11:27:04,8900.0,81.0,S
2021-07-13T11:27:04,1900.0,81.0,S
2021-07-13T11:27:03,2500.0,81.0,S
2021-07-13T11:27:03,1300.0,81.0,S
2021-07-13T11:27:03,1200.0,81.0,S
2021-07-13T11:26:54,200.0,81.1,B
2021-07-13T11:26:54,600.0,81.1,S
2021-07-13T11:26:54,700.0,81.1,S
2021-07-13T11:26:52,100.0,81.2,S
2021-07-13T11:26:35,700.0,81.2,S
2021-07-13T11:26:29,500.0,81.3,B
2021-07-13T11:26:19,300.0,81.3,S
2021-07-13T11:26:11,100.0,81.4,S
2021-07-13T11:26:05,2000.0,81.5,S
2021-07-13T11:26:01,500.0,81.5,S
2021-07-13T11:26:00,600.0,81.5,S
2021-07-13T11:25:58,500.0,81.5,S
2021-07-13T11:25:57,200.0,81.5,S
2021-07-13T11:25:57,400.0,81.5,S
2021-07-13T11:25:57,100.0,81.5,S
2021-07-13T11:25:57,1700.0,81.5,S
2021-07-13T11:25:53,100.0,81.5,S
2021-07-13T11:25:53,2900.0,81.5,S
2021-07-13T11:25:45,1500.0,81.5,S
2021-07-13T11:25:41,1000.0,81.5,S
2021-07-13T11:25:38,500.0,81.5,S
2021-07-13T11:25:35,1500.0,81.5,S
2021-07-13T11:25:30,1500.0,81.5,S
2021-07-13T11:25:11,1500.0,81.5,S
2021-07-13T11:24:57,1500.0,81.6,S
2021-07-13T11:24:55,200.0,81.6,S
2021-07-13T11:24:52,1000.0,81.7,B
2021-07-13T11:24:50,1500.0,81.6,S
2021-07-13T11:24:44,6200.0,81.6,S
2021-07-13T11:24:37,1500.0,81.6,S
2021-07-13T11:24:34,400.0,81.6,S
2021-07-13T11:24:34,4100.0,81.6,S
2021-07-13T11:24:34,3000.0,81.6,S
2021-07-13T11:24:29,500.0,81.6,S
2021-07-13T11:24:18,200.0,81.6,S
2021-07-13T11:24:07,1000.0,81.6,S
2021-07-13T11:24:03,1100.0,81.6,S
2021-07-13T11:23:53,100.0,81.6,S
2021-07-13T11:23:45,300.0,81.6,S
2021-07-13T11:23:42,700.0,81.6,S
2021-07-13T11:23:29,1100.0,81.6,S
2021-07-13T11:23:16,500.0,81.6,S
2021-07-13T11:22:55,1100.0,81.6,S
2021-07-13T11:22:27,300.0,81.6,S
2021-07-13T11:22:21,1100.0,81.6,S
2021-07-13T11:21:47,1100.0,81.6,S
2021-07-13T11:21:12,1100.0,81.6,S
2021-07-13T11:20:56,600.0,81.6,S
2021-07-13T11:20:38,1100.0,81.6,S
2021-07-13T11:20:04,1000.0,81.6,S
2021-07-13T11:19:51,400.0,81.6,S
2021-07-13T11:19:44,500.0,81.6,S
2021-07-13T11:19:29,900.0,81.7,B
2021-07-13T11:18:59,1100.0,81.7,B
2021-07-13T11:18:56,1000.0,81.6,S
2021-07-13T11:18:49,1000.0,81.6,S
2021-07-13T11:18:29,300.0,81.7,B
2021-07-13T11:18:21,100.0,81.7,B
2021-07-13T11:18:19,300.0,81.7,S
2021-07-13T11:18:19,700.0,81.7,S
2021-07-13T11:18:12,500.0,81.7,S
2021-07-13T11:17:58,500.0,81.7,B
2021-07-13T11:17:48,500.0,81.7,B
2021-07-13T11:17:38,800.0,81.7,S
2021-07-13T11:17:16,700.0,81.7,S
2021-07-13T11:17:13,1000.0,81.7,S
2021-07-13T11:17:05,600.0,81.7,S
2021-07-13T11:16:55,200.0,81.7,S
2021-07-13T11:16:55,2600.0,81.7,S
2021-07-13T11:16:52,1200.0,81.7,S
2021-07-13T11:16:39,1000.0,81.7,S
2021-07-13T11:16:22,700.0,81.7,S
2021-07-13T11:16:22,600.0,81.7,S
2021-07-13T11:16:22,1400.0,81.7,S
2021-07-13T11:16:22,800.0,81.7,S
2021-07-13T11:16:22,200.0,81.7,S
2021-07-13T11:16:22,1400.0,81.7,S
2021-07-13T11:16:13,500.0,81.7,S
2021-07-13T11:16:05,400.0,81.7,S
2021-07-13T11:16:05,600.0,81.7,S
2021-07-13T11:15:56,500.0,81.8,B
2021-07-13T11:15:31,1000.0,81.7,S
2021-07-13T11:14:57,1000.0,81.7,S
2021-07-13T11:14:35,100.0,81.8,S
2021-07-13T11:14:35,300.0,81.8,S
2021-07-13T11:14:35,12500.0,81.8,S
2021-07-13T11:14:25,500.0,81.8,S
2021-07-13T11:14:23,3000.0,81.8,S
2021-07-13T11:14:09,200.0,81.8,S
2021-07-13T11:13:52,600.0,81.8,S
2021-07-13T11:13:48,800.0,81.8,S
2021-07-13T11:13:28,700.0,81.9,B
2021-07-13T11:13:28,300.0,81.9,B
2021-07-13T11:13:14,800.0,81.8,S
2021-07-13T11:12:48,200.0,81.8,S
2021-07-13T11:12:40,800.0,81.8,S
2021-07-13T11:12:06,100.0,81.9,B
2021-07-13T11:12:06,800.0,81.8,S
2021-07-13T11:11:31,100.0,81.9,S
2021-07-13T11:11:30,100.0,81.9,S
2021-07-13T11:10:58,600.0,81.8,S
2021-07-13T11:10:58,200.0,81.8,S
2021-07-13T11:10:45,300.0,81.8,S
2021-07-13T11:10:24,200.0,81.8,S
2021-07-13T11:10:24,600.0,81.8,S
2021-07-13T11:09:49,800.0,81.8,S
2021-07-13T11:09:16,800.0,81.8,S
2021-07-13T11:09:09,300.0,81.8,S
2021-07-13T11:09:09,200.0,81.8,S
2021-07-13T11:08:41,800.0,81.8,S
2021-07-13T11:08:19,800.0,81.9,S
2021-07-13T11:08:17,200.0,81.9,B
2021-07-13T11:08:06,800.0,81.8,S
2021-07-13T11:07:33,600.0,81.9,S
2021-07-13T11:07:20,600.0,81.9,S
2021-07-13T11:07:20,400.0,81.9,S
2021-07-13T11:06:59,800.0,81.9,S
2021-07-13T11:06:47,500.0,81.9,S
2021-07-13T11:06:26,300.0,81.9,S
2021-07-13T11:06:25,800.0,81.9,S
2021-07-13T11:05:51,800.0,81.9,S
2021-07-13T11:05:21,100.0,82.0,B
2021-07-13T11:05:18,1000.0,82.0,B
2021-07-13T11:05:16,200.0,81.9,S
2021-07-13T11:05:16,600.0,81.9,S
2021-07-13T11:04:59,2000.0,82.0,B
2021-07-13T11:04:41,800.0,81.9,S
2021-07-13T11:04:27,600.0,81.9,S
2021-07-13T11:04:21,1000.0,81.9,S
2021-07-13T11:04:07,800.0,81.9,S
2021-07-13T11:03:34,800.0,81.9,S
2021-07-13T11:03:19,2000.0,82.0,B
2021-07-13T11:03:00,600.0,81.9,S
2021-07-13T11:03:00,200.0,81.9,S
2021-07-13T11:02:26,800.0,81.9,S
2021-07-13T11:02:07,500.0,81.9,S
2021-07-13T11:01:52,800.0,81.9,S
2021-07-13T11:01:42,500.0,81.9,S
2021-07-13T11:01:18,800.0,81.9,S
2021-07-13T11:00:43,800.0,81.9,S
2021-07-13T11:00:27,100.0,82.0,B
2021-07-13T11:00:25,200.0,82.0,B
2021-07-13T11:00:09,200.0,82.0,B
2021-07-13T11:00:07,800.0,81.9,S
2021-07-13T10:59:48,1000.0,82.0,B
2021-07-13T10:59:46,500.0,81.9,S
2021-07-13T10:59:35,800.0,81.9,S
2021-07-13T10:59:14,600.0,81.9,S
2021-07-13T10:59:01,200.0,81.9,S
2021-07-13T10:58:27,800.0,81.8,S
2021-07-13T10:58:24,1000.0,81.9,S
2021-07-13T10:58:05,100.0,82.0,B
2021-07-13T10:57:52,800.0,81.9,S
2021-07-13T10:57:24,100.0,81.8,S
2021-07-13T10:57:24,500.0,81.8,S
2021-07-13T10:57:18,800.0,81.8,S
2021-07-13T10:57:03,600.0,82.0,B
2021-07-13T10:56:45,800.0,81.8,S
2021-07-13T10:56:42,500.0,82.0,B
2021-07-13T10:56:26,500.0,81.8,S
2021-07-13T10:56:10,800.0,81.8,S
2021-07-13T10:55:36,800.0,81.8,S
2021-07-13T10:55:04,500.0,81.8,S
2021-07-13T10:55:01,800.0,81.8,S
2021-07-13T10:54:28,800.0,81.8,S
2021-07-13T10:54:10,100.0,81.8,S
2021-07-13T10:53:53,500.0,81.8,S
2021-07-13T10:53:53,200.0,81.8,S
2021-07-13T10:53:53,100.0,81.8,S
2021-07-13T10:53:26,500.0,82.0,B
2021-07-13T10:53:20,800.0,81.8,S
2021-07-13T10:52:45,800.0,81.8,S
2021-07-13T10:52:41,500.0,81.8,S
2021-07-13T10:52:12,800.0,81.8,S
2021-07-13T10:52:03,500.0,81.8,S
2021-07-13T10:51:51,200.0,81.8,S
2021-07-13T10:51:36,800.0,81.8,S
2021-07-13T10:51:02,800.0,81.8,S
2021-07-13T10:50:41,100.0,81.8,B
2021-07-13T10:50:28,800.0,81.7,S
2021-07-13T10:50:20,500.0,81.8,S
2021-07-13T10:50:15,500.0,81.8,S
2021-07-13T10:50:15,900.0,81.8,S
2021-07-13T10:50:14,3600.0,81.8,S
2021-07-13T10:49:55,800.0,81.8,S
2021-07-13T10:49:20,800.0,81.8,S
2021-07-13T10:48:47,800.0,81.8,S
2021-07-13T10:48:38,1400.0,81.8,S
2021-07-13T10:48:38,3600.0,81.8,S
2021-07-13T10:48:13,800.0,81.8,S
2021-07-13T10:48:10,300.0,81.8,S
2021-07-13T10:47:59,500.0,81.8,S
2021-07-13T10:47:56,100.0,81.8,S
2021-07-13T10:47:56,900.0,81.8,S
2021-07-13T10:47:36,800.0,81.8,S
2021-07-13T10:47:03,800.0,81.8,S
2021-07-13T10:46:51,2000.0,81.8,S
2021-07-13T10:46:30,800.0,81.9,S
2021-07-13T10:45:56,800.0,81.9,S
2021-07-13T10:45:52,200.0,82.0,S
2021-07-13T10:45:52,1900.0,82.0,S
2021-07-13T10:45:40,5000.0,82.0,S
2021-07-13T10:45:40,500.0,82.0,S
2021-07-13T10:45:22,800.0,82.0,S
2021-07-13T10:45:19,400.0,82.1,S
2021-07-13T10:45:17,400.0,82.1,S
2021-07-13T10:45:14,200.0,82.2,B
2021-07-13T10:45:03,1000.0,82.1,S
2021-07-13T10:44:54,1500.0,82.1,S
2021-07-13T10:44:53,900.0,82.1,S
2021-07-13T10:44:47,800.0,82.1,S
2021-07-13T10:44:45,100.0,82.1,S
2021-07-13T10:44:42,500.0,82.1,S
2021-07-13T10:44:13,700.0,82.1,S
2021-07-13T10:44:13,100.0,82.1,S
2021-07-13T10:44:03,700.0,82.1,S
2021-07-13T10:43:57,200.0,82.2,B
2021-07-13T10:43:40,800.0,82.1,S
2021-07-13T10:43:16,1100.0,82.2,S
2021-07-13T10:43:10,300.0,82.2,S
2021-07-13T10:43:05,800.0,82.2,S
2021-07-13T10:43:03,500.0,82.2,S
2021-07-13T10:42:59,1000.0,82.2,S
2021-07-13T10:42:59,600.0,82.3,B
2021-07-13T10:42:51,1000.0,82.2,S
2021-07-13T10:42:32,6000.0,82.2,S
2021-07-13T10:42:30,800.0,82.2,S
2021-07-13T10:41:57,800.0,82.2,S
2021-07-13T10:41:50,500.0,82.2,S
2021-07-13T10:41:50,600.0,82.2,S
2021-07-13T10:41:50,400.0,82.2,S
2021-07-13T10:41:32,500.0,82.2,S
2021-07-13T10:41:22,800.0,82.2,S
2021-07-13T10:41:13,500.0,82.2,S
2021-07-13T10:40:56,500.0,82.2,S
2021-07-13T10:40:49,600.0,82.2,S
2021-07-13T10:40:48,200.0,82.2,S
2021-07-13T10:40:37,200.0,82.3,B
2021-07-13T10:40:15,500.0,82.3,S
2021-07-13T10:40:00,2000.0,82.5,B
2021-07-13T10:39:57,2000.0,82.2,S
2021-07-13T10:39:52,100.0,82.4,B
2021-07-13T10:39:52,3000.0,82.4,B
2021-07-13T10:39:52,3300.0,82.4,B
2021-07-13T10:39:52,2200.0,82.3,B
2021-07-13T10:39:52,600.0,82.3,B
2021-07-13T10:39:45,200.0,82.2,S
2021-07-13T10:39:43,3400.0,82.3,B
2021-07-13T10:39:41,600.0,82.2,S
2021-07-13T10:39:41,200.0,82.2,S
2021-07-13T10:39:40,200.0,82.3,B
2021-07-13T10:39:26,500.0,82.2,S
2021-07-13T10:39:22,1300.0,82.2,S
2021-07-13T10:39:17,400.0,82.2,B
2021-07-13T10:39:13,10000.0,82.2,B
2021-07-13T10:39:11,200.0,82.1,S
2021-07-13T10:39:06,200.0,82.2,B
2021-07-13T10:39:05,800.0,82.1,S
2021-07-13T10:38:35,500.0,82.1,S
2021-07-13T10:38:31,900.0,82.1,S
2021-07-13T10:38:26,400.0,82.2,B
2021-07-13T10:38:15,500.0,82.2,B
2021-07-13T10:38:00,2000.0,82.2,B
2021-07-13T10:37:57,900.0,82.1,S
2021-07-13T10:37:44,500.0,82.1,S
2021-07-13T10:37:33,800.0,82.1,B
2021-07-13T10:37:23,100.0,82.1,S
2021-07-13T10:36:58,10000.0,82.2,B
2021-07-13T10:36:50,900.0,82.1,S
2021-07-13T10:36:24,500.0,82.1,B
2021-07-13T10:36:16,400.0,82.1,B
2021-07-13T10:36:13,300.0,82.1,B
2021-07-13T10:36:13,300.0,82.1,S
2021-07-13T10:35:45,1000.0,82.1,S
2021-07-13T10:35:41,900.0,82.1,S
2021-07-13T10:35:07,900.0,82.1,S
2021-07-13T10:34:49,8800.0,82.2,S
2021-07-13T10:34:49,1000.0,82.3,B
2021-07-13T10:34:32,900.0,82.2,S
2021-07-13T10:34:30,100.0,82.2,S
2021-07-13T10:34:15,200.0,82.2,S
2021-07-13T10:34:05,1000.0,82.2,S
2021-07-13T10:34:03,2000.0,82.2,S
2021-07-13T10:34:00,300.0,82.2,B
2021-07-13T10:33:58,900.0,82.1,S
2021-07-13T10:33:57,200.0,82.2,B
2021-07-13T10:33:50,2000.0,82.2,S
2021-07-13T10:33:35,100.0,82.2,S
2021-07-13T10:33:35,7000.0,82.2,B
2021-07-13T10:33:35,500.0,82.2,B
2021-07-13T10:33:35,400.0,82.2,B
2021-07-13T10:33:25,900.0,82.1,S
2021-07-13T10:33:08,600.0,82.1,B
2021-07-13T10:33:08,600.0,82.1,B
2021-07-13T10:33:08,100.0,82.1,B
2021-07-13T10:33:02,100.0,82.1,B
2021-07-13T10:32:50,900.0,82.0,S
2021-07-13T10:32:38,1500.0,82.0,S
2021-07-13T10:32:31,700.0,82.1,B
2021-07-13T10:32:27,100.0,82.1,B
2021-07-13T10:32:16,900.0,82.0,S
2021-07-13T10:31:55,500.0,82.1,B
2021-07-13T10:31:42,900.0,82.0,S
2021-07-13T10:31:30,500.0,82.0,S
2021-07-13T10:31:28,1000.0,82.0,S
2021-07-13T10:31:25,6000.0,82.0,B
2021-07-13T10:31:19,300.0,81.8,B
2021-07-13T10:31:07,900.0,81.7,S
2021-07-13T10:30:34,100.0,81.7,S
2021-07-13T10:30:32,800.0,81.7,S
2021-07-13T10:30:29,500.0,81.7,S
2021-07-13T10:30:21,500.0,81.7,S
2021-07-13T10:30:17,500.0,81.7,S
2021-07-13T10:30:14,600.0,81.7,S
2021-07-13T10:29:59,900.0,81.7,S
2021-07-13T10:29:47,400.0,81.7,S
2021-07-13T10:29:46,600.0,81.7,S
2021-07-13T10:29:46,500.0,81.8,B
2021-07-13T10:29:36,1500.0,81.7,S
2021-07-13T10:29:31,3000.0,81.7,S
2021-07-13T10:29:25,900.0,81.7,S
2021-07-13T10:29:15,1000.0,81.7,S
2021-07-13T10:29:05,1000.0,81.8,B
2021-07-13T10:28:57,300.0,81.7,S
2021-07-13T10:28:52,900.0,81.7,S
2021-07-13T10:28:17,700.0,81.7,S
2021-07-13T10:28:17,200.0,81.7,S
2021-07-13T10:27:47,1000.0,81.8,B
2021-07-13T10:27:46,500.0,81.7,S
2021-07-13T10:27:44,900.0,81.7,S
2021-07-13T10:27:33,100.0,81.8,B
2021-07-13T10:27:27,2200.0,81.8,S
2021-07-13T10:27:27,1100.0,81.8,S
2021-07-13T10:27:27,2000.0,81.9,B
2021-07-13T10:27:10,900.0,81.8,S
2021-07-13T10:27:07,200.0,81.9,B
2021-07-13T10:26:40,200.0,81.9,B
2021-07-13T10:26:38,100.0,81.8,S
2021-07-13T10:26:35,900.0,81.8,S
2021-07-13T10:26:34,200.0,81.9,B
2021-07-13T10:26:09,200.0,81.9,B
2021-07-13T10:26:00,700.0,81.8,S
2021-07-13T10:26:00,200.0,81.8,S
2021-07-13T10:25:40,100.0,81.9,B
2021-07-13T10:25:25,800.0,81.8,S
2021-07-13T10:25:25,100.0,81.8,S
2021-07-13T10:24:54,100.0,81.9,B
2021-07-13T10:24:53,200.0,81.9,S
2021-07-13T10:24:28,500.0,81.9,S
2021-07-13T10:24:19,900.0,81.9,S
2021-07-13T10:23:44,200.0,81.9,S
2021-07-13T10:23:44,1000.0,81.9,S
2021-07-13T10:23:44,300.0,81.9,S
2021-07-13T10:23:44,900.0,81.9,S
2021-07-13T10:23:27,200.0,81.9,S
2021-07-13T10:23:24,1600.0,81.9,S
2021-07-13T10:23:24,100.0,81.9,S
2021-07-13T10:23:24,300.0,81.9,S
2021-07-13T10:23:11,900.0,81.9,S
2021-07-13T10:22:34,900.0,81.9,S
2021-07-13T10:22:34,400.0,82.0,S
2021-07-13T10:22:17,200.0,82.0,S
2021-07-13T10:22:07,600.0,82.0,S
2021-07-13T10:22:01,900.0,82.0,S
2021-07-13T10:22:01,200.0,82.0,S
2021-07-13T10:21:27,900.0,82.0,S
2021-07-13T10:21:13,500.0,82.0,S
2021-07-13T10:20:54,900.0,82.0,S
2021-07-13T10:20:19,900.0,81.9,S
2021-07-13T10:20:03,2000.0,81.9,S
2021-07-13T10:19:47,200.0,82.0,S
2021-07-13T10:19:45,1400.0,81.9,S
2021-07-13T10:19:24,300.0,81.9,S
2021-07-13T10:19:11,900.0,81.9,S
2021-07-13T10:19:08,300.0,82.0,S
2021-07-13T10:19:01,500.0,82.0,S
2021-07-13T10:18:37,800.0,82.0,S
2021-07-13T10:18:37,100.0,82.0,S
2021-07-13T10:18:29,1500.0,82.0,S
2021-07-13T10:18:23,1000.0,82.0,S
2021-07-13T10:18:16,900.0,82.0,S
2021-07-13T10:18:04,3000.0,82.0,S
2021-07-13T10:18:01,100.0,82.0,S
2021-07-13T10:18:01,800.0,82.0,S
2021-07-13T10:17:35,100.0,82.0,S
2021-07-13T10:17:35,2900.0,82.0,S
2021-07-13T10:17:35,1500.0,82.0,S
2021-07-13T10:17:28,700.0,82.0,S
2021-07-13T10:17:28,200.0,82.0,S
2021-07-13T10:17:24,500.0,82.0,S
2021-07-13T10:17:15,100.0,82.0,S
2021-07-13T10:17:14,1500.0,82.0,S
2021-07-13T10:17:14,500.0,82.0,S
2021-07-13T10:17:14,1000.0,82.0,S
2021-07-13T10:16:54,900.0,82.0,S
2021-07-13T10:16:39,300.0,82.1,B
2021-07-13T10:16:39,700.0,82.1,B
2021-07-13T10:16:27,100.0,82.0,S
2021-07-13T10:16:20,900.0,82.0,S
2021-07-13T10:15:47,900.0,82.0,S
2021-07-13T10:15:12,900.0,82.0,S
2021-07-13T10:14:57,100.0,82.1,B
2021-07-13T10:14:55,100.0,82.1,B
2021-07-13T10:14:43,100.0,82.1,B
2021-07-13T10:14:37,900.0,82.0,S
2021-07-13T10:14:37,500.0,82.0,S
2021-07-13T10:14:30,100.0,82.1,B
2021-07-13T10:14:11,300.0,82.0,S
2021-07-13T10:14:04,700.0,82.0,S
2021-07-13T10:14:04,200.0,82.0,S
2021-07-13T10:14:00,1900.0,82.0,S
2021-07-13T10:13:29,900.0,82.0,S
2021-07-13T10:13:23,100.0,82.0,S
2021-07-13T10:12:55,900.0,82.0,S
2021-07-13T10:12:40,100.0,82.1,B
2021-07-13T10:12:29,100.0,82.1,B
2021-07-13T10:12:22,900.0,82.0,S
2021-07-13T10:11:56,100.0,82.1,B
2021-07-13T10:11:48,900.0,82.0,S
2021-07-13T10:11:35,200.0,82.1,B
2021-07-13T10:11:24,1000.0,82.0,S
2021-07-13T10:11:13,900.0,82.0,S
2021-07-13T10:11:12,1000.0,82.1,B
2021-07-13T10:11:05,1000.0,82.1,B
2021-07-13T10:10:54,100.0,82.1,B
2021-07-13T10:10:43,2800.0,82.0,S
2021-07-13T10:10:40,900.0,82.0,S
2021-07-13T10:10:06,1600.0,82.1,S
2021-07-13T10:10:05,900.0,82.1,S
2021-07-13T10:09:30,900.0,82.1,S
2021-07-13T10:08:56,900.0,82.1,S
2021-07-13T10:08:56,400.0,82.2,B
2021-07-13T10:08:49,800.0,82.1,B
2021-07-13T10:08:22,100.0,82.1,B
2021-07-13T10:08:07,2000.0,82.1,S
2021-07-13T10:08:00,600.0,82.1,S
2021-07-13T10:07:52,500.0,82.1,S
2021-07-13T10:07:48,900.0,82.1,S
2021-07-13T10:07:15,900.0,82.0,S
2021-07-13T10:07:04,700.0,82.0,S
2021-07-13T10:06:40,900.0,82.0,S
2021-07-13T10:06:33,200.0,82.1,B
2021-07-13T10:06:20,100.0,82.1,B
2021-07-13T10:06:06,400.0,82.1,S
2021-07-13T10:05:57,900.0,82.1,B
2021-07-13T10:05:39,100.0,82.1,S
2021-07-13T10:05:39,200.0,82.1,S
2021-07-13T10:05:39,800.0,82.1,S
2021-07-13T10:05:38,500.0,82.1,S
2021-07-13T10:05:33,900.0,82.1,S
2021-07-13T10:04:57,900.0,82.1,S
2021-07-13T10:04:49,100.0,82.2,B
2021-07-13T10:04:24,2400.0,82.2,B
2021-07-13T10:04:23,1000.0,82.1,S
2021-07-13T10:04:05,700.0,82.1,B
2021-07-13T10:03:49,300.0,82.1,B
2021-07-13T10:03:17,500.0,82.0,S
2021-07-13T10:03:15,1000.0,82.0,S
2021-07-13T10:03:00,500.0,82.2,B
2021-07-13T10:02:48,500.0,82.0,S
2021-07-13T10:01:14,100.0,82.0,S
2021-07-13T10:00:46,200.0,82.2,B
2021-07-13T10:00:39,5700.0,82.0,S
2021-07-13T10:00:06,200.0,82.0,B
2021-07-13T10:00:02,5000.0,82.0,B
2021-07-13T09:59:59,400.0,81.9,S
2021-07-13T09:59:59,100.0,82.0,B
2021-07-13T09:59:56,500.0,81.9,S
2021-07-13T09:59:39,1000.0,82.0,B
2021-07-13T09:59:24,100.0,82.0,B
2021-07-13T09:59:19,1000.0,82.0,B
2021-07-13T09:59:04,500.0,82.0,B
2021-07-13T09:58:29,3000.0,82.0,B
2021-07-13T09:58:26,100.0,82.0,B
2021-07-13T09:58:25,100.0,81.9,S
2021-07-13T09:58:24,5000.0,81.9,S
2021-07-13T09:58:09,1500.0,81.9,S
2021-07-13T09:57:53,500.0,82.0,B
2021-07-13T09:57:51,200.0,82.0,B
2021-07-13T09:57:51,2200.0,82.0,S
2021-07-13T09:57:51,500.0,82.0,S
2021-07-13T09:57:51,6300.0,82.0,S
2021-07-13T09:57:41,1000.0,82.0,S
2021-07-13T09:57:34,500.0,82.1,B
2021-07-13T09:57:32,5000.0,82.0,S
2021-07-13T09:57:29,800.0,82.0,S
2021-07-13T09:57:12,100.0,82.0,S
2021-07-13T09:57:12,700.0,82.0,S
2021-07-13T09:57:12,900.0,82.0,S
2021-07-13T09:57:12,18300.0,82.0,S
2021-07-13T09:57:01,100.0,82.1,B
2021-07-13T09:56:49,3000.0,82.0,S
2021-07-13T09:56:34,500.0,82.1,S
2021-07-13T09:56:29,1000.0,82.1,S
2021-07-13T09:56:14,500.0,82.1,S
2021-07-13T09:56:09,500.0,82.1,S
2021-07-13T09:55:51,300.0,82.1,S
2021-07-13T09:55:42,1600.0,82.1,S
2021-07-13T09:55:42,400.0,82.1,S
2021-07-13T09:55:31,3000.0,82.1,S
2021-07-13T09:55:27,1600.0,82.1,S
2021-07-13T09:55:18,2600.0,82.1,S
2021-07-13T09:55:04,500.0,82.1,S
2021-07-13T09:55:01,1000.0,82.1,S
2021-07-13T09:54:50,200.0,82.1,S
2021-07-13T09:53:37,500.0,82.2,B
2021-07-13T09:53:35,1500.0,82.2,B
2021-07-13T09:53:19,3800.0,82.2,S
2021-07-13T09:53:12,100.0,82.2,S
2021-07-13T09:53:07,6100.0,82.2,S
2021-07-13T09:53:03,100.0,82.2,B
2021-07-13T09:52:16,800.0,82.2,S
2021-07-13T09:52:16,700.0,82.2,S
2021-07-13T09:52:16,1300.0,82.2,S
2021-07-13T09:52:16,3500.0,82.2,S
2021-07-13T09:52:15,300.0,82.2,S
2021-07-13T09:52:07,10000.0,82.2,S
2021-07-13T09:51:50,2000.0,82.3,B
2021-07-13T09:51:32,400.0,82.3,S
2021-07-13T09:51:32,2000.0,82.3,S
2021-07-13T09:51:27,500.0,82.3,S
2021-07-13T09:51:20,400.0,82.4,B
2021-07-13T09:51:17,3000.0,82.3,S
2021-07-13T09:51:07,100.0,82.4,B
2021-07-13T09:50:46,500.0,82.4,B
2021-07-13T09:50:39,300.0,82.4,S
2021-07-13T09:50:37,4000.0,82.4,S
2021-07-13T09:50:35,100.0,82.4,S
2021-07-13T09:50:17,300.0,82.4,S
2021-07-13T09:49:35,700.0,82.4,S
2021-07-13T09:49:21,100.0,82.4,S
2021-07-13T09:49:18,2000.0,82.4,S
2021-07-13T09:49:12,300.0,82.5,B
2021-07-13T09:49:12,100.0,82.5,B
2021-07-13T09:49:10,500.0,82.4,S
2021-07-13T09:49:03,500.0,82.4,S
2021-07-13T09:48:52,100.0,82.5,B
2021-07-13T09:47:19,800.0,82.5,B
2021-07-13T09:47:19,700.0,82.5,B
2021-07-13T09:47:19,3500.0,82.5,B
2021-07-13T09:47:19,3500.0,82.5,B
2021-07-13T09:46:48,1600.0,82.5,B
2021-07-13T09:46:27,400.0,82.4,S
2021-07-13T09:45:55,200.0,82.4,S
2021-07-13T09:45:13,400.0,82.4,S
2021-07-13T09:45:01,100.0,82.5,B
2021-07-13T09:44:48,100.0,82.4,S
2021-07-13T09:44:20,1300.0,82.5,B
2021-07-13T09:44:02,1000.0,82.4,S
2021-07-13T09:43:45,400.0,82.4,B
2021-07-13T09:43:26,100.0,82.4,B
2021-07-13T09:42:34,500.0,82.3,S
2021-07-13T09:42:14,1000.0,82.3,S
2021-07-13T09:42:06,500.0,82.3,S
2021-07-13T09:42:04,500.0,82.3,S
2021-07-13T09:42:03,200.0,82.5,B
2021-07-13T09:41:37,100.0,82.5,B
2021-07-13T09:41:10,5000.0,82.5,B
2021-07-13T09:41:09,500.0,82.3,B
2021-07-13T09:40:27,500.0,82.3,B
2021-07-13T09:40:22,500.0,82.3,B
2021-07-13T09:40:01,200.0,82.3,B
2021-07-13T09:39:54,1000.0,82.3,B
2021-07-13T09:39:40,1000.0,82.3,B
2021-07-13T09:39:32,200.0,82.3,B
2021-07-13T09:39:10,100.0,82.3,B
2021-07-13T09:39:08,200.0,82.2,S
2021-07-13T09:39:01,200.0,82.3,B
2021-07-13T09:38:58,100.0,82.3,B
2021-07-13T09:38:46,500.0,82.3,B
2021-07-13T09:38:43,2000.0,82.3,B
2021-07-13T09:38:36,500.0,82.3,B
2021-07-13T09:38:26,1000.0,82.3,B
2021-07-13T09:38:03,400.0,82.3,B
2021-07-13T09:38:03,100.0,82.3,B
2021-07-13T09:37:55,100.0,82.3,B
2021-07-13T09:37:52,400.0,82.3,B
2021-07-13T09:37:36,500.0,82.3,B
2021-07-13T09:37:34,500.0,82.3,B
2021-07-13T09:37:27,100.0,82.2,S
2021-07-13T09:37:26,500.0,82.3,B
2021-07-13T09:37:15,1400.0,82.3,S
2021-07-13T09:37:11,700.0,82.3,S
2021-07-13T09:37:01,500.0,82.3,S
2021-07-13T09:36:58,1000.0,82.3,B
2021-07-13T09:36:41,500.0,82.3,S
2021-07-13T09:36:06,200.0,82.2,S
2021-07-13T09:35:55,1000.0,82.3,B
2021-07-13T09:35:55,4000.0,82.3,B
2021-07-13T09:35:27,500.0,82.3,B
2021-07-13T09:35:24,200.0,82.3,B
2021-07-13T09:35:23,100.0,82.3,B
2021-07-13T09:35:00,500.0,82.3,B
2021-07-13T09:34:54,200.0,82.3,B
2021-07-13T09:34:52,300.0,82.3,B
2021-07-13T09:34:35,400.0,82.3,S
2021-07-13T09:34:31,1000.0,82.3,S
2021-07-13T09:34:28,2000.0,82.3,S
2021-07-13T09:34:27,500.0,82.4,B
2021-07-13T09:33:32,1000.0,82.3,S
2021-07-13T09:33:18,1000.0,82.3,S
2021-07-13T09:33:06,400.0,82.4,S
2021-07-13T09:33:06,400.0,82.5,B
2021-07-13T09:33:00,500.0,82.4,S
2021-07-13T09:32:48,1000.0,82.5,B
2021-07-13T09:32:46,500.0,82.5,S
2021-07-13T09:32:42,600.0,82.5,S
2021-07-13T09:32:15,500.0,82.5,S
2021-07-13T09:32:15,5000.0,82.6,S
2021-07-13T09:32:12,1000.0,82.7,B
2021-07-13T09:32:00,200.0,82.7,B
2021-07-13T09:31:52,100.0,82.7,B
2021-07-13T09:31:49,500.0,82.6,S
2021-07-13T09:31:35,200.0,82.6,S
2021-07-13T09:31:17,200.0,82.6,S
2021-07-13T09:30:51,100.0,82.7,B
2021-07-13T09:30:38,500.0,82.7,B
2021-07-13T09:30:36,100.0,82.7,B
2021-07-13T09:30:29,300.0,82.7,B
2021-07-13T09:30:21,500.0,82.6,S
2021-07-13T09:30:01,100.0,82.6,B
2021-07-13T09:29:52,200.0,82.5,B
2021-07-13T09:29:50,200.0,82.5,B
2021-07-13T09:29:45,700.0,82.5,B
2021-07-13T09:28:11,100.0,82.2,S
2021-07-13T09:28:02,500.0,82.2,S
2021-07-13T09:28:00,500.0,82.2,S
2021-07-13T09:27:55,3800.0,82.2,B
2021-07-13T09:27:36,1900.0,82.0,S
2021-07-13T09:27:36,100.0,82.1,S
2021-07-13T09:27:30,900.0,82.1,B
2021-07-13T09:27:20,300.0,82.0,S
2021-07-13T09:27:18,200.0,82.1,B
2021-07-13T09:27:11,600.0,82.1,B
2021-07-13T09:27:11,400.0,82.1,B
2021-07-13T09:27:09,500.0,82.1,B
2021-07-13T09:27:09,100.0,82.1,B
2021-07-13T09:27:08,500.0,82.1,B
2021-07-13T09:26:48,300.0,82.1,B
2021-07-13T09:26:28,300.0,82.0,S
2021-07-13T09:26:12,200.0,82.1,B
2021-07-13T09:26:05,1000.0,82.1,B
2021-07-13T09:26:04,500.0,82.1,B
2021-07-13T09:25:59,600.0,82.0,S
2021-07-13T09:25:51,1500.0,82.1,B
2021-07-13T09:25:39,200.0,82.1,S
2021-07-13T09:25:39,200.0,82.1,S
2021-07-13T09:25:39,400.0,82.1,S
2021-07-13T09:25:37,200.0,82.1,S
2021-07-13T09:25:32,1000.0,82.2,S
2021-07-13T09:25:32,3100.0,82.2,S
2021-07-13T09:25:31,2000.0,82.2,S
2021-07-13T09:25:25,600.0,82.2,B
2021-07-13T09:25:07,600.0,82.2,B
2021-07-13T09:25:01,1300.0,82.1,S
2021-07-13T09:24:50,500.0,82.2,B
2021-07-13T09:24:50,400.0,82.2,S
2021-07-13T09:24:37,300.0,82.2,S
2021-07-13T09:24:32,100.0,82.2,S
2021-07-13T09:24:32,100.0,82.2,S
2021-07-13T09:24:22,1000.0,82.2,S
2021-07-13T09:24:22,100.0,82.2,S
2021-07-13T09:24:13,1000.0,82.2,S
2021-07-13T09:24:10,2000.0,82.2,S
2021-07-13T09:23:49,500.0,82.2,S
2021-07-13T09:23:41,100.0,82.2,S
2021-07-13T09:23:28,300.0,82.2,S
2021-07-13T09:23:17,100.0,82.2,S
2021-07-13T09:23:07,200.0,82.2,S
2021-07-13T09:22:46,10000.0,82.2,S
2021-07-13T09:22:09,400.0,82.5,S
2021-07-13T09:22:01,600.0,82.5,S
2021-07-13T09:21:58,300.0,82.3,S
2021-07-13T09:21:53,300.0,82.3,S
2021-07-13T09:21:43,500.0,82.2,S
2021-07-13T09:21:42,100.0,82.2,S
2021-07-13T09:21:39,200.0,82.2,S
2021-07-13T09:21:38,1700.0,82.4,B
2021-07-13T09:21:32,2000.0,82.2,S
2021-07-13T09:21:31,500.0,82.2,S
2021-07-13T09:21:30,1000.0,82.2,S
2021-07-13T09:21:28,200.0,82.2,S
2021-07-13T09:21:28,500.0,82.2,S
2021-07-13T09:21:25,400.0,82.2,S
2021-07-13T09:21:21,1600.0,82.2,S
2021-07-13T09:21:21,3400.0,82.2,S
2021-07-13T09:21:19,200.0,82.3,S
2021-07-13T09:21:14,5000.0,82.4,S
2021-07-13T09:21:09,100.0,82.5,S
2021-07-13T09:21:09,100.0,82.5,S
2021-07-13T09:21:07,2000.0,82.6,B
2021-07-13T09:21:04,1000.0,82.5,S
2021-07-13T09:21:02,5000.0,82.5,S
2021-07-13T09:21:02,2000.0,82.5,S
2021-07-13T09:21:01,5000.0,82.6,S
2021-07-13T09:20:56,1000.0,82.6,S
2021-07-13T09:20:54,2000.0,82.6,S
2021-07-13T09:20:54,100.0,82.6,S
2021-07-13T09:20:52,100.0,82.6,S
2021-07-13T09:20:51,200.0,82.6,S
2021-07-13T09:20:51,6000.0,82.6,S
2021-07-13T09:20:49,300.0,82.6,S
2021-07-13T09:20:48,2000.0,82.6,S
2021-07-13T09:20:46,500.0,82.7,B
2021-07-13T09:20:41,5000.0,82.6,S
2021-07-13T09:20:39,100.0,82.7,S
2021-07-13T09:20:37,2000.0,82.7,S
2021-07-13T09:20:37,300.0,82.7,S
2021-07-13T09:20:36,2000.0,82.7,S
2021-07-13T09:20:36,100.0,82.7,S
2021-07-13T09:20:33,500.0,82.7,S
2021-07-13T09:20:26,200.0,82.7,S
2021-07-13T09:20:26,800.0,82.7,S
2021-07-13T09:20:09,100.0,83.0,S
2021-07-13T09:20:09,200.0,83.0,S
2021-07-13T09:20:09,1000.0,83.0,S
2021-07-13T09:20:09,400.0,83.0,S
2021-07-13T09:20:05,1800.0,83.0,S
2021-07-13T09:20:02,10000.0,83.0,S
2021-07-13T09:20:01,5000.0,83.0,S
2021-07-13T09:20:00,400.0,83.0,S
2021-07-13T09:19:58,500.0,83.1,B
2021-07-13T09:19:56,500.0,83.1,B
2021-07-13T09:19:52,500.0,83.0,S
2021-07-13T09:19:50,200.0,83.0,S
2021-07-13T09:19:43,1900.0,83.0,S
2021-07-13T09:19:37,2000.0,83.1,S
2021-07-13T09:19:37,1000.0,83.1,S
2021-07-13T09:19:27,200.0,83.0,S
2021-07-13T09:19:24,500.0,83.2,B
2021-07-13T09:19:21,1500.0,83.0,S
2021-07-13T09:19:19,5000.0,83.0,S
2021-07-13T09:19:15,200.0,83.0,S
2021-07-13T09:19:10,500.0,83.2,B
2021-07-13T09:19:09,2200.0,83.2,S
2021-07-13T09:19:04,300.0,83.2,S
2021-07-13T09:18:53,3000.0,83.2,S
2021-07-13T09:18:37,200.0,83.0,S
2021-07-13T09:18:28,2300.0,83.9,B
2021-07-13T09:18:22,200.0,83.0,S
2021-07-13T09:18:22,100.0,83.0,S
2021-07-13T09:18:21,3000.0,83.0,S
2021-07-13T09:18:18,1200.0,83.8,B
2021-07-13T09:18:18,400.0,83.8,B
2021-07-13T09:18:15,500.0,83.0,S
2021-07-13T09:18:14,2000.0,83.0,S
2021-07-13T09:18:13,100.0,83.0,S
2021-07-13T09:18:11,200.0,83.0,S
2021-07-13T09:18:07,1000.0,83.0,S
2021-07-13T09:17:56,100.0,83.0,S
2021-07-13T09:17:56,400.0,83.0,S
2021-07-13T09:17:51,900.0,83.0,B
2021-07-13T09:17:45,1800.0,83.0,B
2021-07-13T09:17:45,500.0,83.0,B
2021-07-13T09:17:39,7000.0,82.6,S
2021-07-13T09:17:27,1000.0,82.7,S
2021-07-13T09:17:26,2100.0,83.0,B
2021-07-13T09:17:08,300.0,82.7,B
2021-07-13T09:17:06,200.0,82.7,S
2021-07-13T09:16:50,700.0,83.0,S
2021-07-13T09:16:46,1200.0,82.6,S
2021-07-13T09:16:44,900.0,83.0,B
2021-07-13T09:16:39,1500.0,83.0,B
2021-07-13T09:16:32,1000.0,83.0,S
2021-07-13T09:16:25,2000.0,83.0,S
2021-07-13T09:16:16,3000.0,83.0,S
2021-07-13T09:16:09,1200.0,82.6,S
2021-07-13T09:15:57,500.0,82.6,B
2021-07-13T09:15:54,300.0,82.6,S
2021-07-13T09:15:14,5000.0,82.4,S
2021-07-13T09:15:13,6000.0,83.1,S
