tradingTime,volume,price,side
2021-07-13T14:29:56,500.0,11.1,S
2021-07-13T14:29:28,500.0,11.1,S
2021-07-13T14:28:56,100.0,11.1,S
2021-07-13T14:28:53,3600.0,11.1,S
2021-07-13T14:28:47,1000.0,11.1,S
2021-07-13T14:28:45,500.0,11.1,S
2021-07-13T14:28:40,500.0,11.1,S
2021-07-13T14:28:39,400.0,11.1,S
2021-07-13T14:28:28,200.0,11.1,S
2021-07-13T14:28:19,800.0,11.1,S
2021-07-13T14:28:05,1300.0,11.1,S
2021-07-13T14:28:04,100.0,11.1,S
2021-07-13T14:28:03,900.0,11.1,S
2021-07-13T14:27:40,100.0,11.1,S
2021-07-13T14:27:23,200.0,11.1,S
2021-07-13T14:27:21,500.0,11.1,S
2021-07-13T14:27:10,500.0,11.1,S
2021-07-13T14:27:00,400.0,11.1,S
2021-07-13T14:26:47,300.0,11.1,S
2021-07-13T14:26:46,200.0,11.1,S
2021-07-13T14:26:42,100.0,11.1,S
2021-07-13T14:26:36,100.0,11.1,S
2021-07-13T14:26:29,200.0,11.1,S
2021-07-13T14:26:28,200.0,11.1,S
2021-07-13T14:26:25,100.0,11.1,S
2021-07-13T14:26:24,20000.0,11.1,S
2021-07-13T14:26:23,400.0,11.1,S
2021-07-13T14:26:22,200.0,11.1,S
2021-07-13T14:26:07,1000.0,11.1,S
2021-07-13T14:26:06,3000.0,11.1,S
2021-07-13T14:26:05,400.0,11.1,S
2021-07-13T14:25:51,500.0,11.1,S
2021-07-13T14:25:40,100.0,11.1,S
2021-07-13T14:25:25,300.0,11.1,S
2021-07-13T14:25:21,1000.0,11.1,S
2021-07-13T14:25:18,100.0,11.1,S
2021-07-13T14:24:59,400.0,11.1,S
2021-07-13T14:24:55,10000.0,11.1,S
2021-07-13T14:24:54,15000.0,11.1,S
2021-07-13T14:24:47,100.0,11.1,S
2021-07-13T14:24:37,4000.0,11.1,S
2021-07-13T14:24:32,500.0,11.1,S
2021-07-13T14:24:24,100.0,11.1,S
2021-07-13T14:24:22,400.0,11.1,S
2021-07-13T14:24:20,1000.0,11.1,S
2021-07-13T14:24:13,200.0,11.1,S
2021-07-13T14:24:10,100.0,11.1,S
2021-07-13T14:24:09,1100.0,11.1,S
2021-07-13T14:24:04,1000.0,11.1,S
2021-07-13T14:24:02,4000.0,11.1,S
2021-07-13T14:23:54,300.0,11.1,S
2021-07-13T14:23:50,100.0,11.1,S
2021-07-13T14:23:46,300.0,11.1,S
2021-07-13T14:23:46,9000.0,11.1,S
2021-07-13T14:23:39,1000.0,11.1,S
2021-07-13T14:23:31,1000.0,11.1,S
2021-07-13T14:23:22,5000.0,11.1,S
2021-07-13T14:23:14,500.0,11.1,S
2021-07-13T14:23:11,1000.0,11.1,S
2021-07-13T14:23:10,500.0,11.1,S
2021-07-13T14:23:09,100.0,11.1,S
2021-07-13T14:22:57,100.0,11.1,S
2021-07-13T14:22:57,300.0,11.1,S
2021-07-13T14:22:56,5000.0,11.1,S
2021-07-13T14:22:55,100.0,11.1,S
2021-07-13T14:22:52,500.0,11.1,S
2021-07-13T14:22:50,1000.0,11.1,S
2021-07-13T14:22:38,600.0,11.1,S
2021-07-13T14:22:30,53900.0,11.1,S
2021-07-13T14:22:29,500.0,11.1,S
2021-07-13T14:22:24,100.0,11.1,S
2021-07-13T14:22:19,200.0,11.1,S
2021-07-13T14:22:19,100.0,11.1,S
2021-07-13T14:22:17,200.0,11.1,S
2021-07-13T14:22:16,100.0,11.1,S
2021-07-13T14:22:15,1500.0,11.1,S
2021-07-13T14:22:13,500.0,11.1,S
2021-07-13T14:22:11,3000.0,11.1,S
2021-07-13T14:22:11,100.0,11.1,S
2021-07-13T14:22:04,1000.0,11.1,S
2021-07-13T14:21:54,5000.0,11.1,S
2021-07-13T14:21:50,600.0,11.1,S
2021-07-13T14:21:48,30000.0,11.1,S
2021-07-13T14:21:47,4300.0,11.1,S
2021-07-13T14:21:44,2000.0,11.1,S
2021-07-13T14:21:43,14000.0,11.1,S
2021-07-13T14:21:43,2300.0,11.1,S
2021-07-13T14:21:43,2200.0,11.1,S
2021-07-13T14:21:43,6500.0,11.1,S
2021-07-13T14:21:43,1700.0,11.1,S
2021-07-13T14:21:43,1100.0,11.1,S
2021-07-13T14:21:43,17600.0,11.1,S
2021-07-13T14:21:43,130700.0,11.1,S
2021-07-13T14:21:43,1000.0,11.1,S
2021-07-13T14:21:43,1500.0,11.1,S
2021-07-13T14:21:43,2600.0,11.1,S
2021-07-13T14:21:43,1100.0,11.1,S
2021-07-13T14:21:43,2500.0,11.1,S
2021-07-13T14:21:43,3400.0,11.1,S
2021-07-13T14:21:43,2100.0,11.1,S
2021-07-13T14:21:43,14000.0,11.1,S
2021-07-13T14:21:43,100.0,11.1,S
2021-07-13T14:21:43,500.0,11.1,S
2021-07-13T14:21:43,45100.0,11.1,S
2021-07-13T14:21:43,16400.0,11.1,S
2021-07-13T14:21:43,14700.0,11.1,S
2021-07-13T14:21:43,14100.0,11.1,S
2021-07-13T14:21:43,8200.0,11.1,S
2021-07-13T14:21:43,9900.0,11.1,S
2021-07-13T14:21:43,100.0,11.1,S
2021-07-13T14:21:43,15500.0,11.1,S
2021-07-13T14:21:43,5800.0,11.1,S
2021-07-13T14:21:43,5000.0,11.1,S
2021-07-13T14:21:43,384400.0,11.1,S
2021-07-13T14:21:43,25900.0,11.1,S
2021-07-13T14:21:40,141500.0,11.1,S
2021-07-13T14:21:40,39200.0,11.1,S
2021-07-13T14:21:40,100.0,11.1,S
2021-07-13T14:21:40,1100.0,11.1,S
2021-07-13T14:21:40,34100.0,11.1,S
2021-07-13T14:21:40,22100.0,11.1,S
2021-07-13T14:21:40,41900.0,11.1,S
2021-07-13T14:21:40,48200.0,11.1,S
2021-07-13T14:21:40,10500.0,11.1,S
2021-07-13T14:21:40,40000.0,11.1,S
2021-07-13T14:21:40,1000.0,11.1,S
2021-07-13T14:21:40,7000.0,11.1,S
2021-07-13T14:21:40,118800.0,11.1,S
2021-07-13T14:21:40,7000.0,11.1,S
2021-07-13T14:21:40,21900.0,11.1,S
2021-07-13T14:21:40,36600.0,11.1,S
2021-07-13T14:21:40,10200.0,11.1,S
2021-07-13T14:21:40,3500.0,11.1,S
2021-07-13T14:21:40,7000.0,11.1,S
2021-07-13T14:21:40,21300.0,11.1,S
2021-07-13T14:21:40,6300.0,11.1,S
2021-07-13T14:21:40,91500.0,11.1,S
2021-07-13T14:21:40,3000.0,11.1,S
2021-07-13T14:21:40,66200.0,11.1,S
2021-07-13T14:21:39,100.0,11.1,S
2021-07-13T14:21:35,100.0,11.1,S
2021-07-13T14:21:33,500.0,11.1,S
2021-07-13T14:21:32,3000.0,11.1,S
2021-07-13T14:21:28,20000.0,11.1,S
2021-07-13T14:21:27,200.0,11.1,S
2021-07-13T14:21:27,300.0,11.1,S
2021-07-13T14:21:21,100.0,11.1,S
2021-07-13T14:21:21,100.0,11.1,S
2021-07-13T14:21:18,500.0,11.1,S
2021-07-13T14:21:15,3000.0,11.1,S
2021-07-13T14:21:15,100.0,11.1,S
2021-07-13T14:21:12,1900.0,11.1,S
2021-07-13T14:21:09,1000.0,11.1,S
2021-07-13T14:21:07,1200.0,11.1,S
2021-07-13T14:21:05,100.0,11.1,S
2021-07-13T14:21:02,100.0,11.1,S
2021-07-13T14:20:58,200.0,11.1,S
2021-07-13T14:20:53,300.0,11.1,S
2021-07-13T14:20:53,200.0,11.1,S
2021-07-13T14:20:50,5000.0,11.1,S
2021-07-13T14:20:46,1000.0,11.1,S
2021-07-13T14:20:42,1000.0,11.1,S
2021-07-13T14:20:41,500.0,11.1,S
2021-07-13T14:20:40,100.0,11.1,S
2021-07-13T14:20:35,800.0,11.1,S
2021-07-13T14:20:16,500.0,11.1,S
2021-07-13T14:20:10,100.0,11.1,S
2021-07-13T14:20:07,100.0,11.1,S
2021-07-13T14:19:59,500.0,11.1,S
2021-07-13T14:19:59,100.0,11.1,S
2021-07-13T14:19:58,50000.0,11.1,S
2021-07-13T14:19:57,100.0,11.1,S
2021-07-13T14:19:55,200.0,11.1,S
2021-07-13T14:19:55,10000.0,11.1,S
2021-07-13T14:19:54,200.0,11.1,S
2021-07-13T14:19:47,5000.0,11.1,S
2021-07-13T14:19:46,600.0,11.1,S
2021-07-13T14:19:44,200.0,11.1,S
2021-07-13T14:19:34,200.0,11.1,S
2021-07-13T14:19:32,5500.0,11.1,S
2021-07-13T14:19:30,5000.0,11.1,S
2021-07-13T14:19:30,400.0,11.1,S
2021-07-13T14:19:29,500.0,11.1,S
2021-07-13T14:19:25,100.0,11.1,S
2021-07-13T14:19:22,4600.0,11.1,S
2021-07-13T14:19:17,700.0,11.1,S
2021-07-13T14:19:13,1000.0,11.1,S
2021-07-13T14:19:11,5000.0,11.1,S
2021-07-13T14:19:10,500.0,11.1,S
2021-07-13T14:19:06,9900.0,11.1,S
2021-07-13T14:18:59,100.0,11.1,S
2021-07-13T14:18:58,4200.0,11.1,S
2021-07-13T14:18:58,1000.0,11.1,S
2021-07-13T14:18:58,1500.0,11.1,S
2021-07-13T14:18:56,1000.0,11.1,S
2021-07-13T14:18:56,200.0,11.1,S
2021-07-13T14:18:53,20000.0,11.1,S
2021-07-13T14:18:50,1000.0,11.1,S
2021-07-13T14:18:49,5000.0,11.1,S
2021-07-13T14:18:49,1000.0,11.1,S
2021-07-13T14:18:48,100.0,11.1,S
2021-07-13T14:18:47,6000.0,11.1,S
2021-07-13T14:18:46,5500.0,11.1,S
2021-07-13T14:18:45,500.0,11.1,S
2021-07-13T14:18:44,2600.0,11.1,S
2021-07-13T14:18:44,400.0,11.1,S
2021-07-13T14:18:43,2600.0,11.1,S
2021-07-13T14:18:43,100.0,11.1,S
2021-07-13T14:18:38,5300.0,11.1,S
2021-07-13T14:18:37,4000.0,11.1,S
2021-07-13T14:18:36,500.0,11.1,S
2021-07-13T14:18:32,3000.0,11.1,S
2021-07-13T14:18:28,100.0,11.1,S
2021-07-13T14:18:26,500.0,11.1,S
2021-07-13T14:18:24,600.0,11.1,S
2021-07-13T14:18:21,600.0,11.1,S
2021-07-13T14:18:20,1000.0,11.1,S
2021-07-13T14:18:20,1100.0,11.1,S
2021-07-13T14:18:18,200.0,11.1,S
2021-07-13T14:18:14,3500.0,11.1,S
2021-07-13T14:18:14,900.0,11.1,S
2021-07-13T14:18:12,100.0,11.1,S
2021-07-13T14:18:12,200.0,11.1,S
2021-07-13T14:18:06,100.0,11.1,S
2021-07-13T14:18:06,200.0,11.1,S
2021-07-13T14:18:06,100.0,11.1,S
2021-07-13T14:18:04,12000.0,11.1,S
2021-07-13T14:18:03,5000.0,11.1,S
2021-07-13T14:18:03,2000.0,11.1,S
2021-07-13T14:18:02,5000.0,11.1,S
2021-07-13T14:18:01,400.0,11.1,S
2021-07-13T14:18:00,1000.0,11.1,S
2021-07-13T14:18:00,5600.0,11.1,S
2021-07-13T14:18:00,3000.0,11.1,S
2021-07-13T14:17:58,600.0,11.1,S
2021-07-13T14:17:58,100.0,11.1,S
2021-07-13T14:17:57,5000.0,11.1,S
2021-07-13T14:17:57,100.0,11.1,S
2021-07-13T14:17:57,500.0,11.1,S
2021-07-13T14:17:57,40000.0,11.1,S
2021-07-13T14:17:54,100.0,11.1,S
2021-07-13T14:17:54,500.0,11.1,S
2021-07-13T14:17:49,100.0,11.1,S
2021-07-13T14:17:47,1000.0,11.1,S
2021-07-13T14:17:47,3000.0,11.1,S
2021-07-13T14:17:45,4000.0,11.1,S
2021-07-13T14:17:45,100.0,11.1,S
2021-07-13T14:17:45,45000.0,11.1,S
2021-07-13T14:17:45,11400.0,11.1,S
2021-07-13T14:17:45,100.0,11.1,S
2021-07-13T14:17:43,1000.0,11.1,S
2021-07-13T14:17:43,1000.0,11.1,S
2021-07-13T14:17:42,100.0,11.1,S
2021-07-13T14:17:40,2000.0,11.1,S
2021-07-13T14:17:39,200.0,11.1,S
2021-07-13T14:17:38,1000.0,11.1,S
2021-07-13T14:17:35,200.0,11.1,S
2021-07-13T14:17:35,3000.0,11.1,S
2021-07-13T14:17:34,200.0,11.1,S
2021-07-13T14:17:33,2000.0,11.1,S
2021-07-13T14:17:32,100.0,11.1,S
2021-07-13T14:17:32,100.0,11.1,S
2021-07-13T14:17:32,1200.0,11.1,S
2021-07-13T14:17:31,1000.0,11.1,S
2021-07-13T14:17:30,100.0,11.1,S
2021-07-13T14:17:23,2000.0,11.1,S
2021-07-13T14:17:23,3000.0,11.1,S
2021-07-13T14:17:21,100.0,11.1,S
2021-07-13T14:17:20,1200.0,11.1,S
2021-07-13T14:17:20,22100.0,11.1,B
2021-07-13T14:17:20,500.0,11.1,B
2021-07-13T14:17:19,5000.0,11.1,B
2021-07-13T14:17:18,1200.0,11.1,B
2021-07-13T14:17:18,1700.0,11.1,B
2021-07-13T14:17:18,3300.0,11.1,B
2021-07-13T14:17:18,2000.0,11.1,B
2021-07-13T14:17:17,5000.0,11.1,B
2021-07-13T14:17:17,10000.0,11.1,B
2021-07-13T14:17:17,100.0,11.1,B
2021-07-13T14:17:16,500.0,11.1,B
2021-07-13T14:17:16,3000.0,11.1,B
2021-07-13T14:17:16,4000.0,11.1,B
2021-07-13T14:17:15,3000.0,11.1,B
2021-07-13T14:17:15,3000.0,11.1,B
2021-07-13T14:17:15,1000.0,11.1,B
2021-07-13T14:17:13,1000.0,11.1,B
2021-07-13T14:17:13,6500.0,11.1,B
2021-07-13T14:17:13,14500.0,11.1,B
2021-07-13T14:17:13,300.0,11.1,B
2021-07-13T14:17:13,10000.0,11.1,B
2021-07-13T14:17:12,4100.0,11.1,B
2021-07-13T14:17:12,5100.0,11.1,B
2021-07-13T14:17:12,800.0,11.1,B
2021-07-13T14:17:11,10000.0,11.1,B
2021-07-13T14:17:11,3000.0,11.1,B
2021-07-13T14:17:11,200.0,11.1,B
2021-07-13T14:17:10,2200.0,11.1,B
2021-07-13T14:17:09,10000.0,11.1,B
2021-07-13T14:17:09,78900.0,11.1,B
2021-07-13T14:17:09,4500.0,11.1,B
2021-07-13T14:17:09,3000.0,11.1,B
2021-07-13T14:17:09,4000.0,11.1,B
2021-07-13T14:17:09,1200.0,11.1,B
2021-07-13T14:17:09,21000.0,11.1,B
2021-07-13T14:17:09,12100.0,11.1,B
2021-07-13T14:17:09,1300.0,11.1,B
2021-07-13T14:17:09,9200.0,11.1,B
2021-07-13T14:17:09,300.0,11.1,B
2021-07-13T14:17:09,700.0,11.1,B
2021-07-13T14:17:09,1500.0,11.1,B
2021-07-13T14:17:09,600.0,11.1,B
2021-07-13T14:17:09,1200.0,11.1,B
2021-07-13T14:17:09,1200.0,11.1,B
2021-07-13T14:17:09,21200.0,11.1,B
2021-07-13T14:17:09,1100.0,11.1,B
2021-07-13T14:17:09,10100.0,11.1,B
2021-07-13T14:17:09,700.0,11.1,B
2021-07-13T14:17:09,11800.0,11.1,B
2021-07-13T14:17:09,3000.0,11.1,B
2021-07-13T14:17:09,3100.0,11.1,B
2021-07-13T14:17:09,2200.0,11.1,B
2021-07-13T14:17:09,78000.0,11.1,B
2021-07-13T14:17:09,2500.0,11.1,B
2021-07-13T14:17:09,25500.0,11.1,B
2021-07-13T14:17:09,6000.0,11.1,B
2021-07-13T14:17:09,1200.0,11.1,B
2021-07-13T14:17:09,1100.0,11.1,B
2021-07-13T14:17:09,15100.0,11.1,B
2021-07-13T14:17:09,800.0,11.1,B
2021-07-13T14:17:09,6000.0,11.1,B
2021-07-13T14:17:09,1000.0,11.1,B
2021-07-13T14:17:09,100.0,11.1,B
2021-07-13T14:17:09,20800.0,11.1,B
2021-07-13T14:17:09,10900.0,11.1,B
2021-07-13T14:17:09,200.0,11.1,B
2021-07-13T14:17:09,100.0,11.1,B
2021-07-13T14:17:09,11600.0,11.1,B
2021-07-13T14:17:09,15300.0,11.1,B
2021-07-13T14:17:09,900.0,11.1,B
2021-07-13T14:17:09,2400.0,11.1,B
2021-07-13T14:17:09,2300.0,11.1,B
2021-07-13T14:17:09,2500.0,11.1,B
2021-07-13T14:17:09,6500.0,11.1,B
2021-07-13T14:17:09,2900.0,11.1,B
2021-07-13T14:17:09,1300.0,11.1,B
2021-07-13T14:17:09,1200.0,11.1,B
2021-07-13T14:17:09,1100.0,11.1,B
2021-07-13T14:17:09,2600.0,11.1,B
2021-07-13T14:17:09,5200.0,11.1,B
2021-07-13T14:17:09,2100.0,11.1,B
2021-07-13T14:17:09,2000.0,11.1,B
2021-07-13T14:17:09,1500.0,11.1,B
2021-07-13T14:17:09,1000.0,11.1,B
2021-07-13T14:17:09,10000.0,11.1,B
2021-07-13T14:17:09,14900.0,11.1,B
2021-07-13T14:17:09,11000.0,11.1,B
2021-07-13T14:17:09,300.0,11.1,B
2021-07-13T14:17:09,1900.0,11.1,B
2021-07-13T14:17:09,2300.0,11.1,B
2021-07-13T14:17:09,500.0,11.1,B
2021-07-13T14:17:09,35600.0,11.1,B
2021-07-13T14:17:09,2000.0,11.1,B
2021-07-13T14:17:07,5300.0,11.05,S
2021-07-13T14:17:07,1700.0,11.1,B
2021-07-13T14:17:06,100.0,11.1,B
2021-07-13T14:17:04,3000.0,11.1,B
2021-07-13T14:17:04,400.0,11.05,S
2021-07-13T14:17:03,22000.0,11.1,B
2021-07-13T14:17:02,100.0,11.1,B
2021-07-13T14:17:02,200.0,11.05,S
2021-07-13T14:17:02,1000.0,11.1,B
2021-07-13T14:17:02,500.0,11.1,B
2021-07-13T14:16:59,200000.0,11.1,B
2021-07-13T14:16:59,800.0,11.1,B
2021-07-13T14:16:59,1000.0,11.1,B
2021-07-13T14:16:58,400.0,11.05,S
2021-07-13T14:16:58,700.0,11.1,B
2021-07-13T14:16:57,1000.0,11.1,B
2021-07-13T14:16:57,1500.0,11.1,B
2021-07-13T14:16:57,23100.0,11.1,B
2021-07-13T14:16:55,100.0,11.1,B
2021-07-13T14:16:55,200.0,11.1,B
2021-07-13T14:16:55,3800.0,11.1,B
2021-07-13T14:16:55,4700.0,11.1,B
2021-07-13T14:16:55,6900.0,11.1,B
2021-07-13T14:16:53,2000.0,11.1,B
2021-07-13T14:16:53,500.0,11.1,B
2021-07-13T14:16:53,3000.0,11.1,B
2021-07-13T14:16:53,100.0,11.1,B
2021-07-13T14:16:50,6000.0,11.05,S
2021-07-13T14:16:48,100.0,11.1,B
2021-07-13T14:16:48,900.0,11.1,B
2021-07-13T14:16:48,4900.0,11.1,B
2021-07-13T14:16:48,100.0,11.05,S
2021-07-13T14:16:48,1000.0,11.1,B
2021-07-13T14:16:46,200.0,11.1,B
2021-07-13T14:16:43,100.0,11.1,B
2021-07-13T14:16:43,2000.0,11.1,B
2021-07-13T14:16:43,300.0,11.05,S
2021-07-13T14:16:42,500.0,11.1,B
2021-07-13T14:16:41,500.0,11.1,B
2021-07-13T14:16:41,300.0,11.1,B
2021-07-13T14:16:41,700.0,11.1,B
2021-07-13T14:16:41,1400.0,11.1,B
2021-07-13T14:16:39,2900.0,11.1,B
2021-07-13T14:16:39,17100.0,11.1,B
2021-07-13T14:16:39,2000.0,11.1,B
2021-07-13T14:16:39,2200.0,11.1,B
2021-07-13T14:16:37,100.0,11.1,B
2021-07-13T14:16:36,1000.0,11.1,B
2021-07-13T14:16:35,1600.0,11.1,B
2021-07-13T14:16:35,28400.0,11.1,B
2021-07-13T14:16:34,2000.0,11.1,B
2021-07-13T14:16:34,100.0,11.1,B
2021-07-13T14:16:33,5000.0,11.1,B
2021-07-13T14:16:33,100.0,11.1,B
2021-07-13T14:16:32,100.0,11.05,S
2021-07-13T14:16:32,10000.0,11.1,B
2021-07-13T14:16:31,30500.0,11.1,B
2021-07-13T14:16:31,14600.0,11.1,B
2021-07-13T14:16:31,27900.0,11.1,B
2021-07-13T14:16:31,1000.0,11.1,B
2021-07-13T14:16:29,10000.0,11.1,B
2021-07-13T14:16:29,1000.0,11.1,B
2021-07-13T14:16:29,100.0,11.1,B
2021-07-13T14:16:29,200.0,11.1,B
2021-07-13T14:16:29,1100.0,11.1,B
2021-07-13T14:16:29,1100.0,11.1,B
2021-07-13T14:16:29,1200.0,11.1,B
2021-07-13T14:16:29,400.0,11.1,B
2021-07-13T14:16:29,27800.0,11.1,B
2021-07-13T14:16:27,1000.0,11.1,B
2021-07-13T14:16:26,5000.0,11.05,S
2021-07-13T14:16:25,400.0,11.1,B
2021-07-13T14:16:24,33600.0,11.1,B
2021-07-13T14:16:24,700.0,11.1,B
2021-07-13T14:16:23,800.0,11.1,B
2021-07-13T14:16:22,3300.0,11.1,B
2021-07-13T14:16:20,1000.0,11.1,B
2021-07-13T14:16:19,1000.0,11.05,S
2021-07-13T14:16:18,600.0,11.1,B
2021-07-13T14:16:17,10000.0,11.1,B
2021-07-13T14:16:17,4000.0,11.05,S
2021-07-13T14:16:17,1000.0,11.1,B
2021-07-13T14:16:14,2000.0,11.1,B
2021-07-13T14:16:14,2000.0,11.1,B
2021-07-13T14:16:14,5000.0,11.1,B
2021-07-13T14:16:14,500.0,11.1,B
2021-07-13T14:16:14,9800.0,11.1,B
2021-07-13T14:16:14,1000.0,11.1,B
2021-07-13T14:16:13,800.0,11.1,B
2021-07-13T14:16:12,7700.0,11.1,B
2021-07-13T14:16:09,5600.0,11.05,S
2021-07-13T14:16:09,100.0,11.1,B
2021-07-13T14:16:09,100.0,11.1,B
2021-07-13T14:16:08,1000.0,11.1,B
2021-07-13T14:16:08,1400.0,11.1,B
2021-07-13T14:16:08,3300.0,11.05,S
2021-07-13T14:16:08,10000.0,11.1,B
2021-07-13T14:16:07,500.0,11.1,B
2021-07-13T14:16:06,48000.0,11.1,B
2021-07-13T14:16:06,2000.0,11.1,B
2021-07-13T14:16:05,2500.0,11.05,S
2021-07-13T14:16:03,100.0,11.1,B
2021-07-13T14:16:02,1000.0,11.1,B
2021-07-13T14:16:01,200.0,11.1,B
2021-07-13T14:16:01,1000.0,11.1,B
2021-07-13T14:15:59,1200.0,11.05,S
2021-07-13T14:15:59,100.0,11.05,S
2021-07-13T14:15:58,7600.0,11.1,B
2021-07-13T14:15:58,7400.0,11.1,B
2021-07-13T14:15:58,1000.0,11.1,B
2021-07-13T14:15:55,3900.0,11.1,B
2021-07-13T14:15:55,5600.0,11.1,B
2021-07-13T14:15:55,65400.0,11.1,B
2021-07-13T14:15:55,5000.0,11.1,B
2021-07-13T14:15:55,22100.0,11.1,B
2021-07-13T14:15:55,14100.0,11.1,B
2021-07-13T14:15:55,2100.0,11.1,B
2021-07-13T14:15:55,100.0,11.1,B
2021-07-13T14:15:55,28600.0,11.1,B
2021-07-13T14:15:55,10600.0,11.1,B
2021-07-13T14:15:55,300.0,11.1,B
2021-07-13T14:15:55,22700.0,11.1,B
2021-07-13T14:15:55,20000.0,11.1,B
2021-07-13T14:15:54,1500.0,11.1,B
2021-07-13T14:15:52,900.0,11.1,B
2021-07-13T14:15:50,6000.0,11.1,B
2021-07-13T14:15:50,100.0,11.1,B
2021-07-13T14:15:50,3000.0,11.05,S
2021-07-13T14:15:50,11100.0,11.1,B
2021-07-13T14:15:50,88900.0,11.1,B
2021-07-13T14:15:49,2500.0,11.05,S
2021-07-13T14:15:48,100.0,11.05,S
2021-07-13T14:15:48,200.0,11.05,S
2021-07-13T14:15:47,200.0,11.05,S
2021-07-13T14:15:47,200.0,11.05,S
2021-07-13T14:15:47,5000.0,11.05,S
2021-07-13T14:15:45,1000.0,11.05,S
2021-07-13T14:15:44,100.0,11.1,B
2021-07-13T14:15:38,400.0,11.05,S
2021-07-13T14:15:37,800.0,11.1,B
2021-07-13T14:15:36,8600.0,11.1,B
2021-07-13T14:15:36,1400.0,11.1,B
2021-07-13T14:15:36,100.0,11.05,B
2021-07-13T14:15:36,6500.0,11.05,B
2021-07-13T14:15:36,1000.0,11.05,B
2021-07-13T14:15:36,10800.0,11.05,B
2021-07-13T14:15:36,7200.0,11.05,B
2021-07-13T14:15:34,300.0,11.05,B
2021-07-13T14:15:34,200.0,11.0,S
2021-07-13T14:15:34,2000.0,11.05,B
2021-07-13T14:15:33,2000.0,11.05,B
2021-07-13T14:15:32,200.0,11.0,S
2021-07-13T14:15:32,200.0,11.05,B
2021-07-13T14:15:28,5700.0,11.05,B
2021-07-13T14:15:28,2300.0,11.05,B
2021-07-13T14:15:28,1500.0,11.05,B
2021-07-13T14:15:28,7800.0,11.05,B
2021-07-13T14:15:28,3900.0,11.05,B
2021-07-13T14:15:28,8000.0,11.05,B
2021-07-13T14:15:28,21000.0,11.05,B
2021-07-13T14:15:28,3200.0,11.05,B
2021-07-13T14:15:28,12600.0,11.05,B
2021-07-13T14:15:28,2800.0,11.05,B
2021-07-13T14:15:28,200.0,11.05,B
2021-07-13T14:15:28,3400.0,11.05,B
2021-07-13T14:15:28,3100.0,11.05,B
2021-07-13T14:15:27,500.0,11.05,B
2021-07-13T14:15:27,500.0,11.05,B
2021-07-13T14:15:24,100.0,11.0,S
2021-07-13T14:15:23,100.0,11.0,S
2021-07-13T14:15:20,100.0,11.0,S
2021-07-13T14:15:17,500.0,11.0,S
2021-07-13T14:15:16,12300.0,11.0,B
2021-07-13T14:15:16,1100.0,11.0,B
2021-07-13T14:15:15,1000.0,11.0,B
2021-07-13T14:15:15,5000.0,11.0,B
2021-07-13T14:15:14,6300.0,11.0,B
2021-07-13T14:15:14,2000.0,11.0,B
2021-07-13T14:15:14,200.0,11.0,B
2021-07-13T14:15:14,1500.0,11.0,B
2021-07-13T14:15:14,100.0,11.0,B
2021-07-13T14:15:13,500.0,11.0,B
2021-07-13T14:15:13,1000.0,11.0,B
2021-07-13T14:15:13,2000.0,11.0,B
2021-07-13T14:15:12,1100.0,11.0,B
2021-07-13T14:15:12,2000.0,11.0,B
2021-07-13T14:15:12,16900.0,11.0,B
2021-07-13T14:15:12,700.0,11.0,B
2021-07-13T14:15:12,6000.0,11.0,B
2021-07-13T14:15:12,25000.0,11.0,B
2021-07-13T14:15:10,5400.0,11.0,B
2021-07-13T14:15:10,10500.0,11.0,B
2021-07-13T14:15:10,11900.0,11.0,B
2021-07-13T14:15:10,100.0,11.0,B
2021-07-13T14:15:10,1500.0,11.0,B
2021-07-13T14:15:10,2400.0,11.0,B
2021-07-13T14:15:10,11500.0,11.0,B
2021-07-13T14:15:10,1000.0,11.0,B
2021-07-13T14:15:10,15700.0,11.0,B
2021-07-13T14:15:10,26000.0,11.0,B
2021-07-13T14:15:10,500.0,11.0,B
2021-07-13T14:15:10,100.0,11.0,B
2021-07-13T14:15:09,8900.0,11.0,B
2021-07-13T14:15:08,22400.0,11.0,B
2021-07-13T14:15:08,4100.0,11.0,B
2021-07-13T14:15:08,900.0,11.0,B
2021-07-13T14:15:08,500.0,10.95,S
2021-07-13T14:15:07,1000.0,11.0,B
2021-07-13T14:15:06,2000.0,11.0,B
2021-07-13T14:15:05,4400.0,11.0,B
2021-07-13T14:15:04,100.0,11.0,B
2021-07-13T14:15:02,1900.0,11.0,B
2021-07-13T14:15:02,2000.0,11.0,B
2021-07-13T14:15:01,600.0,11.0,B
2021-07-13T14:15:01,400.0,11.0,B
2021-07-13T14:15:01,400.0,11.0,B
2021-07-13T14:14:59,1000.0,11.0,B
2021-07-13T14:14:59,15000.0,11.0,B
2021-07-13T14:14:59,5000.0,11.0,B
2021-07-13T14:14:59,10000.0,11.0,B
2021-07-13T14:14:59,5000.0,11.0,B
2021-07-13T14:14:57,1000.0,11.0,B
2021-07-13T14:14:57,500.0,11.0,B
2021-07-13T14:14:57,200.0,11.0,B
2021-07-13T14:14:57,200.0,11.0,B
2021-07-13T14:14:57,3100.0,11.0,B
2021-07-13T14:14:57,6700.0,11.0,B
2021-07-13T14:14:55,3500.0,11.0,B
2021-07-13T14:14:55,100.0,11.0,B
2021-07-13T14:14:55,6100.0,11.0,B
2021-07-13T14:14:55,6700.0,11.0,B
2021-07-13T14:14:55,100.0,11.0,B
2021-07-13T14:14:55,4000.0,11.0,B
2021-07-13T14:14:55,4000.0,11.0,B
2021-07-13T14:14:55,22400.0,11.0,B
2021-07-13T14:14:55,27500.0,11.0,B
2021-07-13T14:14:55,7700.0,11.0,B
2021-07-13T14:14:55,5000.0,11.0,B
2021-07-13T14:14:55,15900.0,11.0,B
2021-07-13T14:14:55,2600.0,11.0,B
2021-07-13T14:14:55,3000.0,11.0,B
2021-07-13T14:14:54,500.0,11.0,B
2021-07-13T14:14:53,1000.0,11.0,B
2021-07-13T14:14:53,10000.0,11.0,B
2021-07-13T14:14:52,2200.0,11.0,B
2021-07-13T14:14:52,500.0,11.0,B
2021-07-13T14:14:52,4600.0,11.0,B
2021-07-13T14:14:52,40800.0,11.0,B
2021-07-13T14:14:52,600.0,11.0,B
2021-07-13T14:14:52,23500.0,11.0,B
2021-07-13T14:14:52,29700.0,11.0,B
2021-07-13T14:14:51,200.0,11.0,B
2021-07-13T14:14:47,900.0,11.0,B
2021-07-13T14:14:46,3000.0,11.0,B
2021-07-13T14:14:46,100.0,11.0,B
2021-07-13T14:14:46,3900.0,11.0,B
2021-07-13T14:14:46,100.0,10.95,S
2021-07-13T14:14:46,500.0,10.95,S
2021-07-13T14:14:45,1000.0,11.0,B
2021-07-13T14:14:45,6000.0,11.0,B
2021-07-13T14:14:45,6500.0,11.0,B
2021-07-13T14:14:45,3300.0,11.0,B
2021-07-13T14:14:45,1000.0,11.0,B
2021-07-13T14:14:45,6700.0,11.0,B
2021-07-13T14:14:45,700.0,11.0,B
2021-07-13T14:14:45,6500.0,11.0,B
2021-07-13T14:14:45,5700.0,11.0,B
2021-07-13T14:14:45,118000.0,11.0,B
2021-07-13T14:14:40,200.0,10.95,S
2021-07-13T14:14:40,1600.0,11.0,B
2021-07-13T14:14:38,200.0,10.95,S
2021-07-13T14:14:38,6000.0,10.95,B
2021-07-13T14:14:38,1500.0,10.95,B
2021-07-13T14:14:38,1800.0,10.95,B
2021-07-13T14:14:38,33900.0,10.95,B
2021-07-13T14:14:38,11900.0,10.95,B
2021-07-13T14:14:38,200.0,10.95,B
2021-07-13T14:14:38,4000.0,10.95,B
2021-07-13T14:14:38,19000.0,10.95,B
2021-07-13T14:14:38,12900.0,10.95,B
2021-07-13T14:14:36,500.0,10.95,B
2021-07-13T14:14:35,1000.0,10.95,B
2021-07-13T14:14:33,1000.0,10.9,S
2021-07-13T14:14:33,900.0,10.95,B
2021-07-13T14:14:32,1400.0,10.95,B
2021-07-13T14:14:31,1000.0,10.95,B
2021-07-13T14:14:27,3000.0,10.95,B
2021-07-13T14:14:27,5000.0,10.9,S
2021-07-13T14:14:23,40000.0,10.9,S
2021-07-13T14:14:20,2300.0,10.9,B
2021-07-13T14:14:20,2000.0,10.9,B
2021-07-13T14:14:20,8400.0,10.9,B
2021-07-13T14:14:20,200.0,10.9,B
2021-07-13T14:14:20,500.0,10.9,B
2021-07-13T14:14:20,60500.0,10.9,B
2021-07-13T14:14:20,11000.0,10.9,B
2021-07-13T14:14:20,4100.0,10.9,B
2021-07-13T14:14:20,10900.0,10.9,B
2021-07-13T14:14:20,20500.0,10.9,B
2021-07-13T14:14:20,64300.0,10.9,B
2021-07-13T14:14:20,500.0,10.9,B
2021-07-13T14:14:20,6000.0,10.9,B
2021-07-13T14:14:20,2100.0,10.9,B
2021-07-13T14:14:20,65000.0,10.9,B
2021-07-13T14:14:20,10000.0,10.9,B
2021-07-13T14:14:20,20000.0,10.85,S
2021-07-13T14:14:18,500.0,10.9,B
2021-07-13T14:14:11,500.0,10.85,S
2021-07-13T14:14:04,5000.0,10.9,B
2021-07-13T14:14:04,2000.0,10.9,B
2021-07-13T14:14:03,500.0,10.85,S
2021-07-13T14:13:59,1500.0,10.85,B
2021-07-13T14:13:59,3400.0,10.85,B
2021-07-13T14:13:59,4000.0,10.85,B
2021-07-13T14:13:59,19500.0,10.85,B
2021-07-13T14:13:59,300.0,10.85,B
2021-07-13T14:13:59,12000.0,10.85,B
2021-07-13T14:13:59,8200.0,10.85,B
2021-07-13T14:13:59,4800.0,10.85,B
2021-07-13T14:13:59,45200.0,10.85,B
2021-07-13T14:13:57,300.0,10.8,S
2021-07-13T14:13:54,1000.0,10.8,S
2021-07-13T14:13:54,100.0,10.8,S
2021-07-13T14:13:52,100.0,10.8,S
2021-07-13T14:13:50,7000.0,10.8,S
2021-07-13T14:13:50,300.0,10.8,S
2021-07-13T14:13:50,2000.0,10.8,S
2021-07-13T14:13:46,2000.0,10.8,S
2021-07-13T14:13:44,200.0,10.8,S
2021-07-13T14:13:42,100.0,10.8,S
2021-07-13T14:13:39,3000.0,10.8,S
2021-07-13T14:13:37,500.0,10.8,S
2021-07-13T14:13:36,500.0,10.8,S
2021-07-13T14:13:34,100.0,10.85,B
2021-07-13T14:13:32,10000.0,10.8,S
2021-07-13T14:13:28,100.0,10.8,S
2021-07-13T14:13:21,200.0,10.85,B
2021-07-13T14:13:19,10000.0,10.8,S
2021-07-13T14:13:18,1000.0,10.8,S
2021-07-13T14:13:17,4100.0,10.85,B
2021-07-13T14:13:16,1900.0,10.85,B
2021-07-13T14:13:12,10000.0,10.8,S
2021-07-13T14:13:11,200.0,10.8,S
2021-07-13T14:13:11,100.0,10.85,B
2021-07-13T14:13:09,500.0,10.85,B
2021-07-13T14:13:08,10000.0,10.85,B
2021-07-13T14:13:07,2000.0,10.85,B
2021-07-13T14:13:05,500.0,10.85,B
2021-07-13T14:13:05,5000.0,10.85,B
2021-07-13T14:13:02,45300.0,10.85,B
2021-07-13T14:12:59,1000.0,10.85,B
2021-07-13T14:12:59,300.0,10.85,B
2021-07-13T14:12:58,4000.0,10.85,B
2021-07-13T14:12:57,1100.0,10.85,S
2021-07-13T14:12:57,23200.0,10.85,S
2021-07-13T14:12:57,200.0,10.85,S
2021-07-13T14:12:56,119000.0,10.85,S
2021-07-13T14:12:55,1000.0,10.85,S
2021-07-13T14:12:55,1000.0,10.85,S
2021-07-13T14:12:50,500.0,10.9,B
2021-07-13T14:12:50,1000.0,10.9,B
2021-07-13T14:12:50,4500.0,10.9,B
2021-07-13T14:12:47,500.0,10.9,B
2021-07-13T14:12:41,300.0,10.85,S
2021-07-13T14:12:40,500.0,10.85,S
2021-07-13T14:12:38,4000.0,10.9,B
2021-07-13T14:12:38,1000.0,10.9,B
2021-07-13T14:12:37,4400.0,10.9,B
2021-07-13T14:12:37,200.0,10.9,B
2021-07-13T14:12:37,4400.0,10.9,B
2021-07-13T14:12:35,1000.0,10.85,S
2021-07-13T14:12:34,2000.0,10.9,B
2021-07-13T14:12:32,1000.0,10.9,B
2021-07-13T14:12:30,100.0,10.9,B
2021-07-13T14:12:30,500.0,10.85,S
2021-07-13T14:12:29,1200.0,10.85,S
2021-07-13T14:12:28,500.0,10.85,S
2021-07-13T14:12:24,1500.0,10.85,S
2021-07-13T14:12:20,100.0,10.85,S
2021-07-13T14:12:15,1000.0,10.85,S
2021-07-13T14:12:14,500.0,10.85,S
2021-07-13T14:12:13,1000.0,10.85,S
2021-07-13T14:12:12,8000.0,10.85,S
2021-07-13T14:12:12,100.0,10.9,B
2021-07-13T14:12:11,200.0,10.85,S
2021-07-13T14:12:11,100.0,10.85,S
2021-07-13T14:12:11,100.0,10.9,B
2021-07-13T14:12:09,600.0,10.85,S
2021-07-13T14:12:04,1000.0,10.85,S
2021-07-13T14:12:02,11000.0,10.95,B
2021-07-13T14:12:02,100.0,10.85,S
2021-07-13T14:12:02,100.0,10.85,S
2021-07-13T14:12:02,500.0,10.85,S
2021-07-13T14:12:02,900.0,10.85,S
2021-07-13T14:12:00,200.0,10.85,S
2021-07-13T14:11:59,1500.0,10.85,S
2021-07-13T14:11:59,1300.0,10.85,B
2021-07-13T14:11:59,200.0,10.85,B
2021-07-13T14:11:55,2600.0,10.8,S
2021-07-13T14:11:55,400.0,10.85,S
2021-07-13T14:11:54,100.0,10.85,B
2021-07-13T14:11:51,21100.0,10.85,B
2021-07-13T14:11:49,10000.0,10.85,B
2021-07-13T14:11:49,3000.0,10.85,B
2021-07-13T14:11:48,10000.0,10.85,B
2021-07-13T14:11:44,2000.0,10.85,B
2021-07-13T14:11:41,300.0,10.8,S
2021-07-13T14:11:38,600.0,10.8,S
2021-07-13T14:11:37,700.0,10.8,S
2021-07-13T14:11:31,1000.0,10.85,B
2021-07-13T14:11:30,3000.0,10.8,S
2021-07-13T14:11:30,400.0,10.8,S
2021-07-13T14:11:30,2000.0,10.75,S
2021-07-13T14:11:29,200.0,10.75,S
2021-07-13T14:11:29,1000.0,10.8,S
2021-07-13T14:11:27,1000.0,10.8,S
2021-07-13T14:11:21,10000.0,10.75,S
2021-07-13T14:11:21,8700.0,10.75,S
2021-07-13T14:11:19,6300.0,11.0,B
2021-07-13T14:11:19,3300.0,11.0,B
2021-07-13T14:11:19,11000.0,11.0,B
2021-07-13T14:11:19,100.0,11.0,B
2021-07-13T14:11:19,3700.0,11.0,B
2021-07-13T14:11:19,200.0,11.0,B
2021-07-13T14:11:19,2000.0,11.0,B
2021-07-13T14:11:19,10000.0,11.0,B
2021-07-13T14:11:19,2000.0,11.0,B
2021-07-13T14:11:19,100.0,11.0,B
2021-07-13T14:11:19,55500.0,11.0,B
2021-07-13T14:11:19,20100.0,11.0,B
2021-07-13T14:11:19,10000.0,11.0,B
2021-07-13T14:11:19,12200.0,11.0,B
2021-07-13T14:11:19,6300.0,11.0,B
2021-07-13T14:11:19,17000.0,11.0,B
2021-07-13T14:11:19,2200.0,11.0,B
2021-07-13T14:11:19,4100.0,11.0,B
2021-07-13T14:11:19,89200.0,11.0,B
2021-07-13T14:11:19,34000.0,11.0,B
2021-07-13T14:11:19,6000.0,11.0,B
2021-07-13T14:11:19,5500.0,11.0,B
2021-07-13T14:11:19,10300.0,11.0,B
2021-07-13T14:11:19,1000.0,11.0,B
2021-07-13T14:11:19,13000.0,11.0,B
2021-07-13T14:11:19,1700.0,11.0,B
2021-07-13T14:11:19,5000.0,11.0,B
2021-07-13T14:11:19,10000.0,11.0,B
2021-07-13T14:11:19,12500.0,11.0,B
2021-07-13T14:11:19,6400.0,11.0,B
2021-07-13T14:11:19,124000.0,11.0,B
2021-07-13T14:11:19,1600.0,11.0,B
2021-07-13T14:11:19,4000.0,11.0,B
2021-07-13T14:11:19,3300.0,11.0,B
2021-07-13T14:11:19,13400.0,11.0,B
2021-07-13T14:11:19,3000.0,11.0,B
2021-07-13T14:11:19,500.0,11.0,B
2021-07-13T14:11:19,43000.0,11.0,B
2021-07-13T14:11:19,800.0,11.0,B
2021-07-13T14:11:19,10500.0,11.0,B
2021-07-13T14:11:19,4100.0,11.0,B
2021-07-13T14:11:19,300.0,10.95,B
2021-07-13T14:11:19,2500.0,10.95,B
2021-07-13T14:11:19,3000.0,10.95,B
2021-07-13T14:11:19,700.0,10.95,B
2021-07-13T14:11:19,5000.0,10.95,B
2021-07-13T14:11:19,61500.0,10.95,B
2021-07-13T14:11:19,7100.0,10.95,B
2021-07-13T14:11:19,900.0,10.95,B
2021-07-13T14:11:19,1200.0,10.95,B
2021-07-13T14:11:19,6100.0,10.95,B
2021-07-13T14:11:19,10000.0,10.95,B
2021-07-13T14:11:19,1000.0,10.95,B
2021-07-13T14:11:19,11000.0,10.95,B
2021-07-13T14:11:19,2500.0,10.9,B
2021-07-13T14:11:19,6700.0,10.9,B
2021-07-13T14:11:19,17000.0,10.9,B
2021-07-13T14:11:19,5100.0,10.9,B
2021-07-13T14:11:19,6000.0,10.9,B
2021-07-13T14:11:19,500.0,10.9,B
2021-07-13T14:11:19,23500.0,10.9,B
2021-07-13T14:11:19,19800.0,10.9,B
2021-07-13T14:11:19,11000.0,10.9,B
2021-07-13T14:11:19,23100.0,10.9,B
2021-07-13T14:11:19,3000.0,10.9,B
2021-07-13T14:11:19,1100.0,10.9,B
2021-07-13T14:11:19,9000.0,10.9,B
2021-07-13T14:11:19,2700.0,10.9,B
2021-07-13T14:11:19,10600.0,10.9,B
2021-07-13T14:11:19,3500.0,10.9,B
2021-07-13T14:11:19,1300.0,10.9,B
2021-07-13T14:11:19,2200.0,10.9,B
2021-07-13T14:11:19,4000.0,10.9,B
2021-07-13T14:11:19,2800.0,10.9,B
2021-07-13T14:11:19,10000.0,10.9,B
2021-07-13T14:11:19,10000.0,10.9,B
2021-07-13T14:11:19,5400.0,10.9,B
2021-07-13T14:11:19,1500.0,10.9,B
2021-07-13T14:11:19,1100.0,10.9,B
2021-07-13T14:11:19,44000.0,10.9,B
2021-07-13T14:11:19,1300.0,10.9,B
2021-07-13T14:11:19,500.0,10.9,B
2021-07-13T14:11:19,3900.0,10.9,B
2021-07-13T14:11:19,2000.0,10.9,B
2021-07-13T14:11:19,1000.0,10.9,B
2021-07-13T14:11:19,5100.0,10.9,B
2021-07-13T14:11:19,1100.0,10.9,B
2021-07-13T14:11:19,3900.0,10.9,B
2021-07-13T14:11:19,2600.0,10.9,B
2021-07-13T14:11:19,11000.0,10.9,B
2021-07-13T14:11:19,1000.0,10.9,B
2021-07-13T14:11:19,200.0,10.9,B
2021-07-13T14:11:19,6100.0,10.9,B
2021-07-13T14:11:19,2000.0,10.9,B
2021-07-13T14:11:19,4400.0,10.9,B
2021-07-13T14:11:19,47300.0,10.9,B
2021-07-13T14:11:19,31000.0,10.9,B
2021-07-13T14:11:19,13000.0,10.9,B
2021-07-13T14:11:19,87800.0,10.9,B
2021-07-13T14:11:19,7000.0,10.9,B
2021-07-13T14:11:19,200.0,10.9,B
2021-07-13T14:11:19,100.0,10.9,B
2021-07-13T14:11:19,500.0,10.9,B
2021-07-13T14:11:19,24300.0,10.9,B
2021-07-13T14:11:19,4800.0,10.9,B
2021-07-13T14:11:19,100.0,10.9,B
2021-07-13T14:11:19,500.0,10.9,B
2021-07-13T14:11:19,1300.0,10.9,B
2021-07-13T14:11:19,11000.0,10.9,B
2021-07-13T14:11:19,10800.0,10.9,B
2021-07-13T14:11:19,5000.0,10.9,B
2021-07-13T14:11:19,1500.0,10.9,B
2021-07-13T14:11:19,3800.0,10.9,B
2021-07-13T14:11:19,13100.0,10.9,B
2021-07-13T14:11:19,35500.0,10.9,B
2021-07-13T14:11:19,50100.0,10.9,B
2021-07-13T14:11:19,1100.0,10.9,B
2021-07-13T14:11:19,10000.0,10.9,B
2021-07-13T14:11:19,30100.0,10.9,B
2021-07-13T14:11:19,1000.0,10.9,B
2021-07-13T14:11:19,20700.0,10.9,B
2021-07-13T14:11:19,5100.0,10.9,B
2021-07-13T14:11:19,10200.0,10.9,B
2021-07-13T14:11:19,2000.0,10.9,B
2021-07-13T14:11:19,7600.0,10.9,B
2021-07-13T14:11:19,2300.0,10.9,B
2021-07-13T14:11:19,100.0,10.9,B
2021-07-13T14:11:19,5400.0,10.9,B
2021-07-13T14:11:19,2000.0,10.9,B
2021-07-13T14:11:19,6000.0,10.9,B
2021-07-13T14:11:19,900.0,10.9,B
2021-07-13T14:11:19,48100.0,10.9,B
2021-07-13T14:11:19,100.0,10.85,B
2021-07-13T14:11:19,2500.0,10.85,B
2021-07-13T14:11:19,16500.0,10.85,B
2021-07-13T14:11:19,19500.0,10.85,B
2021-07-13T14:11:19,2000.0,10.85,B
2021-07-13T14:11:19,300.0,10.85,B
2021-07-13T14:11:19,1600.0,10.85,B
2021-07-13T14:11:19,300.0,10.85,B
2021-07-13T14:11:19,600.0,10.85,B
2021-07-13T14:11:19,2100.0,10.85,B
2021-07-13T14:11:19,20100.0,10.85,B
2021-07-13T14:11:19,50200.0,10.85,B
2021-07-13T14:11:19,1000.0,10.85,B
2021-07-13T14:11:19,15500.0,10.85,B
2021-07-13T14:11:19,400.0,10.85,B
2021-07-13T14:11:19,400.0,10.85,B
2021-07-13T14:11:19,400.0,10.85,B
2021-07-13T14:11:19,10300.0,10.85,B
2021-07-13T14:11:19,30500.0,10.85,B
2021-07-13T14:11:19,1300.0,10.85,B
2021-07-13T14:11:19,700.0,10.85,B
2021-07-13T14:11:19,12100.0,10.85,B
2021-07-13T14:11:19,13600.0,10.85,B
2021-07-13T14:11:19,10500.0,10.8,B
2021-07-13T14:11:19,500.0,10.8,B
2021-07-13T14:11:19,1000.0,10.8,B
2021-07-13T14:11:19,1100.0,10.8,B
2021-07-13T14:11:19,1100.0,10.8,B
2021-07-13T14:11:19,11700.0,10.8,B
2021-07-13T14:11:19,41200.0,10.8,B
2021-07-13T14:11:19,6000.0,10.8,B
2021-07-13T14:11:19,1600.0,10.8,B
2021-07-13T14:11:19,45900.0,10.8,B
2021-07-13T14:11:19,5600.0,10.8,B
2021-07-13T14:11:19,45200.0,10.8,B
2021-07-13T14:11:19,200.0,10.8,B
2021-07-13T14:11:19,2800.0,10.8,B
2021-07-13T14:11:19,55100.0,10.8,B
2021-07-13T14:11:19,16700.0,10.8,B
2021-07-13T14:11:19,200.0,10.8,B
2021-07-13T14:11:19,1600.0,10.8,B
2021-07-13T14:11:19,25700.0,10.8,B
2021-07-13T14:11:19,300.0,10.8,B
2021-07-13T14:11:19,700.0,10.8,B
2021-07-13T14:11:19,600.0,10.8,B
2021-07-13T14:11:19,4400.0,10.8,B
2021-07-13T14:11:19,500.0,10.8,B
2021-07-13T14:11:19,2800.0,10.8,B
2021-07-13T14:11:19,200.0,10.8,B
2021-07-13T14:11:19,1500.0,10.8,B
2021-07-13T14:11:18,2000.0,10.8,B
2021-07-13T14:11:18,2700.0,10.8,B
2021-07-13T14:11:18,2500.0,10.8,B
2021-07-13T14:11:18,10200.0,10.8,B
2021-07-13T14:11:18,2100.0,10.8,B
2021-07-13T14:11:18,400.0,10.8,B
2021-07-13T14:11:18,5000.0,10.8,B
2021-07-13T14:11:18,10600.0,10.8,B
2021-07-13T14:11:18,2700.0,10.8,B
2021-07-13T14:11:18,1500.0,10.8,B
2021-07-13T14:11:18,11100.0,10.8,B
2021-07-13T14:11:18,8500.0,10.8,B
2021-07-13T14:11:18,1000.0,10.75,S
2021-07-13T14:11:18,5000.0,10.75,S
2021-07-13T14:11:18,500.0,10.75,S
2021-07-13T14:11:16,100.0,10.75,S
2021-07-13T14:11:15,100.0,10.75,S
2021-07-13T14:11:13,1000.0,10.75,S
2021-07-13T14:11:10,1100.0,10.75,B
2021-07-13T14:11:10,1600.0,10.75,B
2021-07-13T14:11:10,300.0,10.75,B
2021-07-13T14:11:10,26400.0,10.75,B
2021-07-13T14:11:10,1000.0,10.75,B
2021-07-13T14:11:07,8000.0,10.75,B
2021-07-13T14:11:04,11500.0,10.75,B
2021-07-13T14:11:03,2000.0,10.7,S
2021-07-13T14:10:57,1000.0,10.75,B
2021-07-13T14:10:57,500.0,10.7,S
2021-07-13T14:10:56,300.0,10.75,B
2021-07-13T14:10:54,19500.0,10.75,B
2021-07-13T14:10:54,1100.0,10.75,B
2021-07-13T14:10:54,4900.0,10.75,B
2021-07-13T14:10:54,27400.0,10.75,B
2021-07-13T14:10:54,3000.0,10.7,S
2021-07-13T14:10:52,1000.0,10.75,B
2021-07-13T14:10:51,100.0,10.7,S
2021-07-13T14:10:51,500.0,10.7,S
2021-07-13T14:10:49,500.0,10.7,S
2021-07-13T14:10:49,8700.0,10.7,S
2021-07-13T14:10:45,4100.0,10.7,S
2021-07-13T14:10:43,2000.0,10.7,S
2021-07-13T14:10:36,100.0,10.7,S
2021-07-13T14:10:34,25000.0,10.7,S
2021-07-13T14:10:28,600.0,10.7,B
2021-07-13T14:10:28,21100.0,10.7,B
2021-07-13T14:10:28,10000.0,10.7,B
2021-07-13T14:10:28,3400.0,10.7,B
2021-07-13T14:10:28,1800.0,10.7,B
2021-07-13T14:10:28,13000.0,10.7,B
2021-07-13T14:10:28,26000.0,10.7,B
2021-07-13T14:10:28,300.0,10.7,B
2021-07-13T14:10:28,10400.0,10.7,B
2021-07-13T14:10:28,1700.0,10.7,B
2021-07-13T14:10:28,1600.0,10.7,B
2021-07-13T14:10:28,7500.0,10.7,B
2021-07-13T14:10:28,200.0,10.7,B
2021-07-13T14:10:28,4600.0,10.7,B
2021-07-13T14:10:28,400.0,10.7,B
2021-07-13T14:10:28,500.0,10.7,B
2021-07-13T14:10:28,1100.0,10.7,B
2021-07-13T14:10:28,6500.0,10.7,B
2021-07-13T14:10:28,5800.0,10.7,B
2021-07-13T14:10:28,5700.0,10.7,B
2021-07-13T14:10:28,200.0,10.7,B
2021-07-13T14:10:28,500.0,10.7,B
2021-07-13T14:10:28,1300.0,10.7,B
2021-07-13T14:10:28,300.0,10.7,B
2021-07-13T14:10:28,9000.0,10.7,B
2021-07-13T14:10:28,1500.0,10.7,B
2021-07-13T14:10:28,1800.0,10.7,B
2021-07-13T14:10:28,100.0,10.7,B
2021-07-13T14:10:28,1100.0,10.7,B
2021-07-13T14:10:28,6100.0,10.7,B
2021-07-13T14:10:28,1000.0,10.7,B
2021-07-13T14:10:28,500.0,10.7,B
2021-07-13T14:10:28,2400.0,10.7,B
2021-07-13T14:10:28,4500.0,10.7,B
2021-07-13T14:10:28,1000.0,10.7,B
2021-07-13T14:10:28,200.0,10.7,B
2021-07-13T14:10:28,500.0,10.7,B
2021-07-13T14:10:28,8000.0,10.7,B
2021-07-13T14:10:28,6000.0,10.7,B
2021-07-13T14:10:28,1000.0,10.7,B
2021-07-13T14:10:28,2100.0,10.7,B
2021-07-13T14:10:28,300.0,10.7,B
2021-07-13T14:10:28,600.0,10.7,B
2021-07-13T14:10:28,6100.0,10.7,B
2021-07-13T14:10:28,2000.0,10.7,B
2021-07-13T14:10:28,19700.0,10.7,B
2021-07-13T14:10:28,1000.0,10.7,B
2021-07-13T14:10:28,39900.0,10.7,B
2021-07-13T14:10:28,6000.0,10.7,B
2021-07-13T14:10:28,3200.0,10.7,B
2021-07-13T14:10:28,2000.0,10.65,S
2021-07-13T14:10:28,500.0,10.7,B
2021-07-13T14:10:22,200.0,10.7,B
2021-07-13T14:10:19,20000.0,10.6,S
2021-07-13T14:10:15,10000.0,10.7,B
2021-07-13T14:10:13,1700.0,10.7,B
2021-07-13T14:10:12,100.0,10.65,S
2021-07-13T14:10:09,5700.0,10.65,B
2021-07-13T14:10:09,1000.0,10.65,B
2021-07-13T14:10:08,20000.0,10.65,B
2021-07-13T14:10:07,16800.0,10.65,B
2021-07-13T14:10:07,28200.0,10.65,B
2021-07-13T14:10:07,10000.0,10.65,B
2021-07-13T14:10:04,1000.0,10.65,B
2021-07-13T14:10:02,9700.0,10.65,B
2021-07-13T14:09:55,2100.0,10.65,B
2021-07-13T14:09:55,2300.0,10.65,B
2021-07-13T14:09:55,3700.0,10.65,B
2021-07-13T14:09:55,500.0,10.65,B
2021-07-13T14:09:55,3400.0,10.65,B
2021-07-13T14:09:55,100.0,10.6,S
2021-07-13T14:09:55,5000.0,10.65,B
2021-07-13T14:09:54,100.0,10.6,S
2021-07-13T14:09:52,500.0,10.6,S
2021-07-13T14:09:51,8000.0,10.65,B
2021-07-13T14:09:51,1800.0,10.65,B
2021-07-13T14:09:47,200.0,10.6,S
2021-07-13T14:09:44,500.0,10.6,S
2021-07-13T14:09:42,5000.0,10.6,S
2021-07-13T14:09:42,10000.0,10.6,S
2021-07-13T14:09:42,2000.0,10.6,S
2021-07-13T14:09:41,1000.0,10.6,S
2021-07-13T14:09:40,10000.0,10.65,B
2021-07-13T14:09:39,5000.0,10.6,B
2021-07-13T14:09:39,2700.0,10.6,B
2021-07-13T14:09:39,4400.0,10.6,B
2021-07-13T14:09:39,11200.0,10.6,B
2021-07-13T14:09:39,1000.0,10.6,B
2021-07-13T14:09:39,10000.0,10.6,B
2021-07-13T14:09:39,200.0,10.6,B
2021-07-13T14:09:39,9300.0,10.6,B
2021-07-13T14:09:39,7200.0,10.6,B
2021-07-13T14:09:39,500.0,10.6,B
2021-07-13T14:09:39,1000.0,10.6,B
2021-07-13T14:09:39,7800.0,10.6,B
2021-07-13T14:09:39,4400.0,10.6,B
2021-07-13T14:09:39,2000.0,10.6,B
2021-07-13T14:09:39,6000.0,10.6,B
2021-07-13T14:09:39,5500.0,10.6,B
2021-07-13T14:09:39,300.0,10.6,B
2021-07-13T14:09:39,8800.0,10.6,B
2021-07-13T14:09:39,129300.0,10.6,B
2021-07-13T14:09:38,3200.0,10.6,B
2021-07-13T14:09:37,20000.0,10.6,B
2021-07-13T14:09:34,5000.0,10.6,B
2021-07-13T14:09:34,10000.0,10.6,B
2021-07-13T14:09:34,2000.0,10.6,B
2021-07-13T14:09:30,9000.0,10.6,B
2021-07-13T14:09:30,100.0,10.55,S
2021-07-13T14:09:27,10000.0,10.6,B
2021-07-13T14:09:24,10000.0,10.6,B
2021-07-13T14:09:22,500.0,10.55,S
2021-07-13T14:09:19,800.0,10.6,B
2021-07-13T14:09:18,1100.0,10.6,B
2021-07-13T14:09:18,6600.0,10.6,B
2021-07-13T14:09:16,500.0,10.6,B
2021-07-13T14:09:12,200.0,10.55,S
2021-07-13T14:09:12,100.0,10.55,S
2021-07-13T14:09:11,200.0,10.55,S
2021-07-13T14:09:02,200.0,10.55,S
2021-07-13T14:09:02,300.0,10.55,S
2021-07-13T14:08:58,2600.0,10.55,S
2021-07-13T14:08:57,200.0,10.55,S
2021-07-13T14:08:53,2000.0,10.55,B
2021-07-13T14:08:50,20000.0,10.55,B
2021-07-13T14:08:48,5000.0,10.55,B
2021-07-13T14:08:46,3000.0,10.55,B
2021-07-13T14:08:40,9000.0,10.55,B
2021-07-13T14:08:39,400.0,10.55,B
2021-07-13T14:08:35,500.0,10.5,S
2021-07-13T14:08:33,100.0,10.55,B
2021-07-13T14:08:32,20000.0,10.55,B
2021-07-13T14:08:31,100.0,10.55,B
2021-07-13T14:08:30,100.0,10.5,S
2021-07-13T14:08:29,100.0,10.55,B
2021-07-13T14:08:29,12500.0,10.55,S
2021-07-13T14:08:24,500.0,10.55,S
2021-07-13T14:08:21,500.0,10.5,S
2021-07-13T14:08:20,50000.0,10.5,S
2021-07-13T14:08:17,1900.0,10.55,S
2021-07-13T14:08:17,500.0,10.55,B
2021-07-13T14:08:16,10900.0,10.55,B
2021-07-13T14:08:16,7100.0,10.55,B
2021-07-13T14:08:16,32000.0,10.55,B
2021-07-13T14:08:11,500.0,10.5,S
2021-07-13T14:08:08,200.0,10.5,S
2021-07-13T14:08:06,1000.0,10.5,S
2021-07-13T14:08:05,100.0,10.5,S
2021-07-13T14:08:05,5500.0,10.5,B
2021-07-13T14:08:05,15600.0,10.5,B
2021-07-13T14:08:05,2000.0,10.5,B
2021-07-13T14:08:04,1000.0,10.5,B
2021-07-13T14:08:02,1000.0,10.5,B
2021-07-13T14:08:02,100.0,10.5,B
2021-07-13T14:07:58,3700.0,10.5,B
2021-07-13T14:07:58,1300.0,10.5,B
2021-07-13T14:07:58,3700.0,10.5,B
2021-07-13T14:07:58,5300.0,10.5,B
2021-07-13T14:07:58,4000.0,10.5,B
2021-07-13T14:07:57,3000.0,10.5,B
2021-07-13T14:07:56,2500.0,10.5,B
2021-07-13T14:07:56,200.0,10.5,B
2021-07-13T14:07:55,2000.0,10.45,S
2021-07-13T14:07:52,1400.0,10.5,B
2021-07-13T14:07:52,3000.0,10.5,B
2021-07-13T14:07:52,100.0,10.5,B
2021-07-13T14:07:52,500.0,10.5,B
2021-07-13T14:07:49,7300.0,10.5,B
2021-07-13T14:07:49,1000.0,10.5,B
2021-07-13T14:07:49,7900.0,10.5,B
2021-07-13T14:07:49,200.0,10.5,B
2021-07-13T14:07:48,400.0,10.5,B
2021-07-13T14:07:48,33200.0,10.5,B
2021-07-13T14:07:48,1000.0,10.5,B
2021-07-13T14:07:43,400.0,10.45,S
2021-07-13T14:07:37,200.0,10.5,B
2021-07-13T14:07:37,100.0,10.45,S
2021-07-13T14:07:36,5100.0,10.5,B
2021-07-13T14:07:32,200.0,10.5,B
2021-07-13T14:07:32,200.0,10.5,B
2021-07-13T14:07:30,5000.0,10.5,B
2021-07-13T14:07:30,10000.0,10.5,B
2021-07-13T14:07:26,500.0,10.5,B
2021-07-13T14:07:21,100.0,10.45,S
2021-07-13T14:07:21,500.0,10.45,S
2021-07-13T14:07:19,500.0,10.5,B
2021-07-13T14:07:18,3000.0,10.5,B
2021-07-13T14:07:16,3600.0,10.5,B
2021-07-13T14:07:12,3800.0,10.5,B
2021-07-13T14:07:10,5000.0,10.5,B
2021-07-13T14:07:09,5000.0,10.5,B
2021-07-13T14:07:08,200.0,10.5,B
2021-07-13T14:07:00,1000.0,10.5,B
2021-07-13T14:07:00,1000.0,10.5,B
2021-07-13T14:06:57,1000.0,10.45,S
2021-07-13T14:06:55,200.0,10.5,B
2021-07-13T14:06:39,3000.0,10.45,S
2021-07-13T14:06:39,100.0,10.5,B
2021-07-13T14:06:37,20000.0,10.5,B
2021-07-13T14:06:37,5000.0,10.45,S
2021-07-13T14:06:33,3000.0,10.5,B
2021-07-13T14:06:33,400.0,10.5,B
2021-07-13T14:06:11,2000.0,10.45,S
2021-07-13T14:06:06,1000.0,10.45,S
2021-07-13T14:05:56,2900.0,10.45,S
2021-07-13T14:05:56,5100.0,10.45,S
2021-07-13T14:05:42,2600.0,10.45,S
2021-07-13T14:05:20,10000.0,10.5,B
2021-07-13T14:05:17,100.0,10.5,B
2021-07-13T14:05:13,1000.0,10.5,B
2021-07-13T14:05:12,500.0,10.45,S
2021-07-13T14:05:08,1000.0,10.45,S
2021-07-13T14:05:03,8000.0,10.5,B
2021-07-13T14:04:38,1500.0,10.45,S
2021-07-13T14:04:36,3100.0,10.45,B
2021-07-13T14:04:34,1400.0,10.45,B
2021-07-13T14:04:34,1200.0,10.45,B
2021-07-13T14:04:33,100.0,10.45,B
2021-07-13T14:04:30,3600.0,10.45,B
2021-07-13T14:04:30,600.0,10.45,B
2021-07-13T14:04:30,2300.0,10.45,B
2021-07-13T14:04:30,2800.0,10.45,B
2021-07-13T14:04:30,4800.0,10.45,B
2021-07-13T14:04:30,5900.0,10.45,B
2021-07-13T14:04:30,100.0,10.45,B
2021-07-13T14:04:28,2000.0,10.45,B
2021-07-13T14:04:26,700.0,10.45,B
2021-07-13T14:04:26,2300.0,10.45,B
2021-07-13T14:04:26,500.0,10.45,B
2021-07-13T14:04:25,2000.0,10.45,B
2021-07-13T14:04:23,20000.0,10.45,B
2021-07-13T14:04:20,200.0,10.45,B
2021-07-13T14:04:19,3000.0,10.45,B
2021-07-13T14:04:17,2000.0,10.45,B
2021-07-13T14:04:17,900.0,10.45,B
2021-07-13T14:04:17,100.0,10.45,B
2021-07-13T14:04:15,4000.0,10.45,B
2021-07-13T14:04:14,200.0,10.4,S
2021-07-13T14:04:14,8000.0,10.45,B
2021-07-13T14:04:13,600.0,10.45,B
2021-07-13T14:04:12,6800.0,10.45,B
2021-07-13T14:04:08,100.0,10.45,B
2021-07-13T14:04:07,4100.0,10.45,B
2021-07-13T14:04:03,20000.0,10.45,B
2021-07-13T14:04:03,200.0,10.45,B
2021-07-13T14:03:55,300.0,10.45,B
2021-07-13T14:03:49,1000.0,10.45,B
2021-07-13T14:03:41,5100.0,10.45,B
2021-07-13T14:03:40,20000.0,10.45,B
2021-07-13T14:03:37,100.0,10.45,B
2021-07-13T14:03:35,6900.0,10.4,S
2021-07-13T14:03:34,300.0,10.4,S
2021-07-13T14:03:29,1000.0,10.4,S
2021-07-13T14:03:24,200.0,10.4,S
2021-07-13T14:03:17,5000.0,10.4,S
2021-07-13T14:03:17,100.0,10.4,S
2021-07-13T14:03:16,100.0,10.4,S
2021-07-13T14:03:08,5000.0,10.4,S
2021-07-13T14:03:02,18000.0,10.4,S
2021-07-13T14:03:02,400.0,10.4,B
2021-07-13T14:03:02,121400.0,10.4,B
2021-07-13T14:03:02,85400.0,10.4,B
2021-07-13T14:03:02,7300.0,10.4,B
2021-07-13T14:03:02,500.0,10.4,B
2021-07-13T14:03:02,2100.0,10.4,B
2021-07-13T14:03:02,1100.0,10.4,B
2021-07-13T14:03:02,2800.0,10.4,B
2021-07-13T14:03:02,1300.0,10.4,B
2021-07-13T14:03:02,16000.0,10.4,B
2021-07-13T14:03:02,1500.0,10.4,B
2021-07-13T14:03:02,1600.0,10.4,B
2021-07-13T14:03:02,100.0,10.4,B
2021-07-13T14:03:02,1000.0,10.4,B
2021-07-13T14:03:02,103000.0,10.4,B
2021-07-13T14:03:02,1000.0,10.4,B
2021-07-13T14:03:02,6600.0,10.4,B
2021-07-13T14:03:02,1300.0,10.4,B
2021-07-13T14:03:02,25400.0,10.4,B
2021-07-13T14:03:02,12400.0,10.4,B
2021-07-13T14:03:02,2000.0,10.4,B
2021-07-13T14:03:02,93400.0,10.4,B
2021-07-13T14:03:02,5000.0,10.35,B
2021-07-13T14:03:02,9300.0,10.35,B
2021-07-13T14:03:02,119900.0,10.35,B
2021-07-13T14:02:45,1000.0,10.3,S
2021-07-13T14:02:22,500.0,10.3,S
2021-07-13T14:02:22,100.0,10.3,S
2021-07-13T14:02:22,4400.0,10.3,S
2021-07-13T14:02:11,200.0,10.35,B
2021-07-13T14:01:55,200.0,10.3,S
2021-07-13T14:01:51,100.0,10.35,B
2021-07-13T14:01:42,200.0,10.35,B
2021-07-13T14:01:40,100.0,10.35,B
2021-07-13T14:01:10,400.0,10.35,B
2021-07-13T14:00:52,3000.0,10.3,S
2021-07-13T14:00:40,300.0,10.3,S
2021-07-13T14:00:40,2700.0,10.3,S
2021-07-13T14:00:40,100.0,10.3,S
2021-07-13T14:00:40,100.0,10.3,S
2021-07-13T14:00:40,5700.0,10.3,S
2021-07-13T14:00:40,4100.0,10.3,S
2021-07-13T14:00:40,300.0,10.3,S
2021-07-13T14:00:30,7000.0,10.3,S
2021-07-13T14:00:11,10000.0,10.35,B
2021-07-13T13:59:52,2000.0,10.3,S
2021-07-13T13:59:52,300.0,10.3,S
2021-07-13T13:59:52,1500.0,10.3,S
2021-07-13T13:59:39,200.0,10.35,B
2021-07-13T13:59:15,3900.0,10.3,S
2021-07-13T13:59:15,31700.0,10.3,S
2021-07-13T13:59:15,1200.0,10.3,S
2021-07-13T13:59:15,200.0,10.3,S
2021-07-13T13:59:15,1500.0,10.3,S
2021-07-13T13:59:15,2800.0,10.3,S
2021-07-13T13:59:15,200.0,10.3,S
2021-07-13T13:59:15,1300.0,10.3,S
2021-07-13T13:59:15,2000.0,10.3,S
2021-07-13T13:59:15,11400.0,10.3,S
2021-07-13T13:59:15,200.0,10.3,S
2021-07-13T13:59:15,3000.0,10.3,S
2021-07-13T13:59:15,600.0,10.3,S
2021-07-13T13:58:38,4100.0,10.3,S
2021-07-13T13:58:38,10000.0,10.3,S
2021-07-13T13:58:38,1100.0,10.3,S
2021-07-13T13:58:38,1600.0,10.3,S
2021-07-13T13:58:38,7200.0,10.3,S
2021-07-13T13:58:38,22600.0,10.3,S
2021-07-13T13:58:38,3500.0,10.3,S
2021-07-13T13:58:38,31500.0,10.3,S
2021-07-13T13:58:38,1100.0,10.3,S
2021-07-13T13:58:38,900.0,10.3,S
2021-07-13T13:58:38,500.0,10.3,S
2021-07-13T13:58:38,500.0,10.3,S
2021-07-13T13:58:38,200.0,10.3,S
2021-07-13T13:58:38,2100.0,10.3,S
2021-07-13T13:58:38,13100.0,10.3,S
2021-07-13T13:58:38,1000.0,10.35,B
2021-07-13T13:58:35,100.0,10.35,B
2021-07-13T13:58:02,1000.0,10.35,B
2021-07-13T13:57:45,300.0,10.35,B
2021-07-13T13:57:18,300.0,10.35,B
2021-07-13T13:57:08,100.0,10.35,S
2021-07-13T13:57:04,700.0,10.35,S
2021-07-13T13:57:02,5000.0,10.35,S
2021-07-13T13:56:53,100.0,10.4,B
2021-07-13T13:56:34,6600.0,10.35,S
2021-07-13T13:56:34,13400.0,10.35,S
2021-07-13T13:56:14,1000.0,10.35,S
2021-07-13T13:56:07,1000.0,10.4,B
2021-07-13T13:56:02,900.0,10.35,S
2021-07-13T13:55:59,100.0,10.35,S
2021-07-13T13:55:55,4200.0,10.35,S
2021-07-13T13:55:55,3200.0,10.35,S
2021-07-13T13:55:55,1200.0,10.35,S
2021-07-13T13:55:55,400.0,10.35,S
2021-07-13T13:55:55,100.0,10.35,S
2021-07-13T13:55:55,400.0,10.35,S
2021-07-13T13:55:55,2200.0,10.35,S
2021-07-13T13:55:55,8900.0,10.35,S
2021-07-13T13:55:55,3900.0,10.35,S
2021-07-13T13:55:55,3600.0,10.35,S
2021-07-13T13:55:55,300.0,10.35,S
2021-07-13T13:55:55,1800.0,10.35,S
2021-07-13T13:55:55,1300.0,10.35,S
2021-07-13T13:55:55,2000.0,10.35,S
2021-07-13T13:55:55,17800.0,10.35,S
2021-07-13T13:55:47,500.0,10.35,S
2021-07-13T13:55:22,4200.0,10.35,S
2021-07-13T13:55:22,200.0,10.35,S
2021-07-13T13:55:22,700.0,10.35,S
2021-07-13T13:55:21,5000.0,10.35,S
2021-07-13T13:55:21,10000.0,10.35,S
2021-07-13T13:55:10,1000.0,10.35,S
2021-07-13T13:54:57,10700.0,10.35,S
2021-07-13T13:54:42,3400.0,10.35,S
2021-07-13T13:54:42,6100.0,10.35,S
2021-07-13T13:54:42,200.0,10.35,S
2021-07-13T13:54:42,300.0,10.35,S
2021-07-13T13:54:32,2000.0,10.35,S
2021-07-13T13:54:07,10000.0,10.35,S
2021-07-13T13:53:55,2100.0,10.35,S
2021-07-13T13:53:41,1000.0,10.35,S
2021-07-13T13:53:41,14000.0,10.35,S
2021-07-13T13:53:32,1000.0,10.4,B
2021-07-13T13:52:59,100.0,10.4,B
2021-07-13T13:52:08,7800.0,10.4,B
2021-07-13T13:52:08,2200.0,10.4,B
2021-07-13T13:51:57,100.0,10.4,B
2021-07-13T13:51:36,1400.0,10.4,B
2021-07-13T13:51:23,2500.0,10.35,S
2021-07-13T13:51:17,10200.0,10.35,S
2021-07-13T13:50:32,400.0,10.4,B
2021-07-13T13:50:32,7500.0,10.4,B
2021-07-13T13:50:32,1300.0,10.35,S
2021-07-13T13:50:32,3000.0,10.35,S
2021-07-13T13:50:32,16000.0,10.35,S
2021-07-13T13:50:30,10000.0,10.35,S
2021-07-13T13:50:23,1000.0,10.35,S
2021-07-13T13:50:20,5000.0,10.35,S
2021-07-13T13:49:40,2000.0,10.35,S
2021-07-13T13:48:56,16000.0,10.35,S
2021-07-13T13:48:29,37000.0,10.35,S
2021-07-13T13:48:16,100.0,10.4,B
2021-07-13T13:48:09,2200.0,10.35,S
2021-07-13T13:48:09,3000.0,10.4,B
2021-07-13T13:48:02,10000.0,10.4,B
2021-07-13T13:47:56,10000.0,10.4,B
2021-07-13T13:47:47,50000.0,10.4,B
2021-07-13T13:47:37,600.0,10.35,S
2021-07-13T13:47:18,2000.0,10.35,S
2021-07-13T13:47:06,2000.0,10.4,B
2021-07-13T13:46:50,10000.0,10.35,S
2021-07-13T13:46:47,100.0,10.4,B
2021-07-13T13:46:32,1000.0,10.35,S
2021-07-13T13:46:11,100.0,10.4,B
2021-07-13T13:45:44,300.0,10.35,S
2021-07-13T13:45:41,10000.0,10.4,B
2021-07-13T13:45:38,5000.0,10.4,B
2021-07-13T13:45:30,100.0,10.4,B
2021-07-13T13:45:22,100.0,10.4,B
2021-07-13T13:44:56,1000.0,10.4,B
2021-07-13T13:44:48,2000.0,10.35,S
2021-07-13T13:44:29,700.0,10.35,S
2021-07-13T13:44:23,100.0,10.4,B
2021-07-13T13:44:01,300.0,10.4,B
2021-07-13T13:43:58,10000.0,10.4,B
2021-07-13T13:43:22,1000.0,10.4,B
2021-07-13T13:42:43,200.0,10.4,B
2021-07-13T13:42:32,5000.0,10.35,S
2021-07-13T13:42:23,2500.0,10.35,S
2021-07-13T13:42:18,700.0,10.35,S
2021-07-13T13:42:18,8800.0,10.35,B
2021-07-13T13:41:59,100.0,10.35,B
2021-07-13T13:41:49,5000.0,10.35,B
2021-07-13T13:41:39,1000.0,10.35,B
2021-07-13T13:41:36,4100.0,10.35,B
2021-07-13T13:41:36,42700.0,10.3,S
2021-07-13T13:41:18,1000.0,10.35,B
2021-07-13T13:41:15,300.0,10.35,B
2021-07-13T13:41:09,100.0,10.35,B
2021-07-13T13:41:02,2000.0,10.35,B
2021-07-13T13:40:58,900.0,10.35,B
2021-07-13T13:40:56,500.0,10.35,B
2021-07-13T13:40:49,2000.0,10.35,B
2021-07-13T13:40:49,5000.0,10.35,B
2021-07-13T13:40:41,1000.0,10.35,B
2021-07-13T13:40:23,400.0,10.35,S
2021-07-13T13:40:23,600.0,10.35,S
2021-07-13T13:40:23,1900.0,10.35,S
2021-07-13T13:40:23,12400.0,10.35,S
2021-07-13T13:40:22,1000.0,10.35,S
2021-07-13T13:40:19,5000.0,10.35,S
2021-07-13T13:40:19,3000.0,10.35,S
2021-07-13T13:40:13,600.0,10.35,S
2021-07-13T13:40:13,7700.0,10.35,S
2021-07-13T13:40:09,10000.0,10.35,S
2021-07-13T13:40:02,400.0,10.35,S
2021-07-13T13:40:02,500.0,10.35,S
2021-07-13T13:40:02,100.0,10.35,S
2021-07-13T13:39:49,300.0,10.35,S
2021-07-13T13:39:48,10000.0,10.35,S
2021-07-13T13:39:37,200.0,10.35,S
2021-07-13T13:39:32,2000.0,10.35,S
2021-07-13T13:39:07,200.0,10.35,S
2021-07-13T13:39:05,200.0,10.35,S
2021-07-13T13:38:57,1000.0,10.35,S
2021-07-13T13:38:48,3300.0,10.35,S
2021-07-13T13:38:46,15900.0,10.35,S
2021-07-13T13:38:38,200.0,10.35,S
2021-07-13T13:38:20,100.0,10.35,S
2021-07-13T13:38:18,1000.0,10.4,B
2021-07-13T13:38:17,100.0,10.4,B
2021-07-13T13:38:13,11000.0,10.35,S
2021-07-13T13:38:04,200.0,10.4,B
2021-07-13T13:37:54,500.0,10.4,B
2021-07-13T13:37:52,100.0,10.4,B
2021-07-13T13:37:39,4000.0,10.4,B
2021-07-13T13:37:28,500.0,10.4,B
2021-07-13T13:37:08,300.0,10.4,B
2021-07-13T13:37:00,400.0,10.4,B
2021-07-13T13:36:51,100.0,10.4,B
2021-07-13T13:36:11,100.0,10.4,B
2021-07-13T13:35:58,100.0,10.4,B
2021-07-13T13:35:57,2000.0,10.4,B
2021-07-13T13:35:42,1000.0,10.4,B
2021-07-13T13:35:39,100.0,10.35,S
2021-07-13T13:35:28,500.0,10.4,B
2021-07-13T13:35:27,100.0,10.4,B
2021-07-13T13:35:25,10000.0,10.35,S
2021-07-13T13:35:23,5000.0,10.4,B
2021-07-13T13:34:43,400.0,10.4,B
2021-07-13T13:34:43,1000.0,10.35,S
2021-07-13T13:34:15,100.0,10.4,B
2021-07-13T13:34:02,400.0,10.4,S
2021-07-13T13:33:52,1000.0,10.4,S
2021-07-13T13:33:44,1000.0,10.4,S
2021-07-13T13:33:44,2000.0,10.4,S
2021-07-13T13:33:32,1000.0,10.4,S
2021-07-13T13:33:26,2000.0,10.4,S
2021-07-13T13:33:25,500.0,10.4,S
2021-07-13T13:33:17,2900.0,10.4,S
2021-07-13T13:33:12,3800.0,10.4,S
2021-07-13T13:33:00,9500.0,10.4,S
2021-07-13T13:32:57,300.0,10.4,S
2021-07-13T13:32:50,100.0,10.4,S
2021-07-13T13:32:50,1100.0,10.4,B
2021-07-13T13:32:50,7600.0,10.4,B
2021-07-13T13:32:08,3900.0,10.4,B
2021-07-13T13:32:05,1800.0,10.4,S
2021-07-13T13:32:02,900.0,10.4,S
2021-07-13T13:32:01,200.0,10.4,S
2021-07-13T13:31:56,8200.0,10.4,B
2021-07-13T13:31:53,100.0,10.4,B
2021-07-13T13:31:45,11700.0,10.4,S
2021-07-13T13:31:45,500.0,10.4,S
2021-07-13T13:31:44,100.0,10.4,S
2021-07-13T13:31:40,500.0,10.4,S
2021-07-13T13:31:38,600.0,10.4,S
2021-07-13T13:31:28,3000.0,10.4,S
2021-07-13T13:31:12,4000.0,10.4,B
2021-07-13T13:31:12,1200.0,10.4,B
2021-07-13T13:31:12,34700.0,10.4,B
2021-07-13T13:31:12,53800.0,10.4,B
2021-07-13T13:31:06,1000.0,10.4,B
2021-07-13T13:30:57,200.0,10.4,B
2021-07-13T13:30:30,1800.0,10.4,B
2021-07-13T13:30:30,1700.0,10.35,S
2021-07-13T13:30:09,900.0,10.35,S
2021-07-13T13:29:53,500.0,10.35,S
2021-07-13T13:29:53,19500.0,10.35,S
2021-07-13T13:29:35,1500.0,10.35,S
2021-07-13T13:29:32,1000.0,10.4,B
2021-07-13T13:28:39,3000.0,10.35,S
2021-07-13T13:28:35,5000.0,10.4,B
2021-07-13T13:28:30,7700.0,10.35,S
2021-07-13T13:28:30,100.0,10.35,S
2021-07-13T13:28:30,2200.0,10.35,S
2021-07-13T13:28:21,300.0,10.4,B
2021-07-13T13:28:16,500.0,10.4,B
2021-07-13T13:27:34,11900.0,10.4,S
2021-07-13T13:27:33,200.0,10.4,S
2021-07-13T13:27:24,300.0,10.4,S
2021-07-13T13:27:08,300.0,10.4,B
2021-07-13T13:27:08,300.0,10.4,B
2021-07-13T13:27:07,100.0,10.35,S
2021-07-13T13:27:04,100.0,10.4,S
2021-07-13T13:27:04,900.0,10.4,S
2021-07-13T13:27:04,13000.0,10.4,S
2021-07-13T13:27:02,3400.0,10.45,B
2021-07-13T13:26:55,1900.0,10.4,S
2021-07-13T13:26:23,4000.0,10.45,B
2021-07-13T13:26:20,200.0,10.4,S
2021-07-13T13:26:08,200.0,10.4,S
2021-07-13T13:25:56,2600.0,10.45,B
2021-07-13T13:25:56,1100.0,10.4,B
2021-07-13T13:25:56,3700.0,10.4,B
2021-07-13T13:25:56,35200.0,10.4,B
2021-07-13T13:25:56,12500.0,10.35,B
2021-07-13T13:25:56,4100.0,10.35,B
2021-07-13T13:25:56,800.0,10.35,B
2021-07-13T13:25:50,1000.0,10.35,B
2021-07-13T13:25:47,1000.0,10.35,B
2021-07-13T13:25:45,1000.0,10.35,B
2021-07-13T13:25:41,1900.0,10.35,B
2021-07-13T13:25:33,100.0,10.35,B
2021-07-13T13:25:26,500.0,10.3,S
2021-07-13T13:25:26,200.0,10.3,S
2021-07-13T13:25:23,1000.0,10.35,B
2021-07-13T13:25:22,1000.0,10.3,S
2021-07-13T13:25:20,4700.0,10.3,S
2021-07-13T13:25:16,15000.0,10.35,B
2021-07-13T13:25:16,200.0,10.35,B
2021-07-13T13:25:10,5000.0,10.3,S
2021-07-13T13:25:08,8000.0,10.35,B
2021-07-13T13:25:03,3000.0,10.3,S
2021-07-13T13:25:00,3000.0,10.3,S
2021-07-13T13:24:57,33600.0,10.3,B
2021-07-13T13:24:57,200.0,10.3,B
2021-07-13T13:24:57,12200.0,10.3,B
2021-07-13T13:24:50,300.0,10.25,S
2021-07-13T13:24:49,4600.0,10.25,B
2021-07-13T13:24:45,3000.0,10.25,B
2021-07-13T13:24:43,42300.0,10.25,B
2021-07-13T13:24:43,1300.0,10.25,B
2021-07-13T13:24:43,6400.0,10.25,B
2021-07-13T13:24:38,100.0,10.25,B
2021-07-13T13:24:38,2000.0,10.25,B
2021-07-13T13:24:31,1000.0,10.2,S
2021-07-13T13:24:25,5000.0,10.25,B
2021-07-13T13:24:21,2000.0,10.2,S
2021-07-13T13:24:17,500.0,10.2,S
2021-07-13T13:24:16,200.0,10.25,B
2021-07-13T13:24:14,2000.0,10.2,S
2021-07-13T13:24:12,12700.0,10.2,S
2021-07-13T13:24:12,6200.0,10.2,S
2021-07-13T13:24:12,6500.0,10.2,S
2021-07-13T13:24:11,5000.0,10.25,B
2021-07-13T13:24:11,500.0,10.2,S
2021-07-13T13:24:11,2000.0,10.2,S
2021-07-13T13:24:01,1000.0,10.2,S
2021-07-13T13:23:57,5000.0,10.2,S
2021-07-13T13:23:52,5000.0,10.25,B
2021-07-13T13:23:52,20000.0,10.2,S
2021-07-13T13:23:47,1000.0,10.2,S
2021-07-13T13:23:46,300.0,10.2,S
2021-07-13T13:23:41,13700.0,10.2,S
2021-07-13T13:23:41,6300.0,10.2,S
2021-07-13T13:23:37,5000.0,10.2,S
2021-07-13T13:23:36,600.0,10.2,S
2021-07-13T13:23:29,200.0,10.25,B
2021-07-13T13:23:20,100.0,10.2,S
2021-07-13T13:23:16,200.0,10.2,S
2021-07-13T13:23:13,300.0,10.2,S
2021-07-13T13:23:13,4700.0,10.2,S
2021-07-13T13:22:59,7900.0,10.2,S
2021-07-13T13:22:59,1600.0,10.2,S
2021-07-13T13:22:59,200.0,10.2,S
2021-07-13T13:22:59,1600.0,10.2,S
2021-07-13T13:22:59,300.0,10.2,S
2021-07-13T13:22:59,5100.0,10.2,S
2021-07-13T13:22:59,34000.0,10.2,S
2021-07-13T13:22:59,2100.0,10.2,S
2021-07-13T13:22:59,5200.0,10.2,S
2021-07-13T13:22:59,6100.0,10.2,S
2021-07-13T13:22:59,600.0,10.2,S
2021-07-13T13:22:59,5000.0,10.2,S
2021-07-13T13:22:59,6000.0,10.2,S
2021-07-13T13:22:59,2100.0,10.2,S
2021-07-13T13:22:59,1000.0,10.2,S
2021-07-13T13:22:59,6200.0,10.2,S
2021-07-13T13:22:59,10200.0,10.2,S
2021-07-13T13:22:59,4400.0,10.2,S
2021-07-13T13:22:59,5000.0,10.2,S
2021-07-13T13:22:59,400.0,10.2,S
2021-07-13T13:22:59,15800.0,10.2,S
2021-07-13T13:22:59,100.0,10.2,S
2021-07-13T13:22:59,3200.0,10.2,S
2021-07-13T13:22:59,600.0,10.2,S
2021-07-13T13:22:59,2300.0,10.2,S
2021-07-13T13:22:59,71300.0,10.2,S
2021-07-13T13:22:59,5100.0,10.2,S
2021-07-13T13:22:59,5200.0,10.2,S
2021-07-13T13:22:59,10100.0,10.2,S
2021-07-13T13:22:59,5900.0,10.2,S
2021-07-13T13:22:59,300.0,10.2,S
2021-07-13T13:22:59,3000.0,10.2,S
2021-07-13T13:22:59,100.0,10.2,S
2021-07-13T13:22:59,14000.0,10.2,S
2021-07-13T13:22:46,3600.0,10.25,S
2021-07-13T13:22:46,2900.0,10.25,S
2021-07-13T13:22:46,1000.0,10.25,S
2021-07-13T13:22:45,100.0,10.25,S
2021-07-13T13:22:44,1500.0,10.25,S
2021-07-13T13:22:41,100.0,10.25,S
2021-07-13T13:22:41,2900.0,10.25,S
2021-07-13T13:22:39,400.0,10.25,S
2021-07-13T13:22:37,3200.0,10.25,S
2021-07-13T13:22:37,3700.0,10.25,S
2021-07-13T13:22:37,1400.0,10.25,S
2021-07-13T13:22:37,1700.0,10.25,S
2021-07-13T13:22:36,3400.0,10.25,S
2021-07-13T13:22:35,2700.0,10.25,S
2021-07-13T13:22:31,300.0,10.25,S
2021-07-13T13:22:27,20000.0,10.25,S
2021-07-13T13:22:25,1000.0,10.25,S
2021-07-13T13:22:18,5000.0,10.25,S
2021-07-13T13:22:16,100.0,10.3,B
2021-07-13T13:22:15,1000.0,10.25,S
2021-07-13T13:22:07,100.0,10.25,S
2021-07-13T13:22:06,5200.0,10.25,S
2021-07-13T13:22:02,9000.0,10.25,S
2021-07-13T13:21:58,1300.0,10.25,S
2021-07-13T13:21:45,600.0,10.25,S
2021-07-13T13:21:37,1500.0,10.3,B
2021-07-13T13:21:37,800.0,10.25,S
2021-07-13T13:21:37,3600.0,10.25,S
2021-07-13T13:21:29,3000.0,10.3,B
2021-07-13T13:21:27,400.0,10.3,B
2021-07-13T13:21:26,10000.0,10.3,B
2021-07-13T13:21:22,3000.0,10.3,B
2021-07-13T13:21:20,1000.0,10.3,B
2021-07-13T13:21:19,4800.0,10.3,B
2021-07-13T13:21:18,1700.0,10.3,B
2021-07-13T13:21:18,5900.0,10.3,S
2021-07-13T13:21:17,1800.0,10.3,S
2021-07-13T13:21:17,5000.0,10.3,S
2021-07-13T13:21:17,5000.0,10.3,S
2021-07-13T13:21:17,3100.0,10.3,S
2021-07-13T13:21:17,400.0,10.3,S
2021-07-13T13:21:14,6800.0,10.3,S
2021-07-13T13:21:14,400.0,10.3,S
2021-07-13T13:21:14,400.0,10.3,S
2021-07-13T13:21:14,100.0,10.3,S
2021-07-13T13:21:14,100.0,10.3,S
2021-07-13T13:21:14,2200.0,10.3,S
2021-07-13T13:21:12,400.0,10.3,S
2021-07-13T13:21:12,300.0,10.3,S
2021-07-13T13:21:11,500.0,10.3,S
2021-07-13T13:21:10,5600.0,10.3,S
2021-07-13T13:21:10,600.0,10.3,S
2021-07-13T13:21:10,600.0,10.3,S
2021-07-13T13:21:10,6500.0,10.3,S
2021-07-13T13:21:10,700.0,10.3,S
2021-07-13T13:21:10,300.0,10.3,S
2021-07-13T13:21:10,5700.0,10.3,S
2021-07-13T13:21:08,1500.0,10.3,S
2021-07-13T13:21:07,10000.0,10.3,S
2021-07-13T13:21:06,1000.0,10.3,S
2021-07-13T13:21:04,15000.0,10.3,S
2021-07-13T13:21:00,1700.0,10.3,S
2021-07-13T13:21:00,3300.0,10.3,S
2021-07-13T13:21:00,2600.0,10.3,S
2021-07-13T13:20:58,900.0,10.3,S
2021-07-13T13:20:58,100.0,10.3,S
2021-07-13T13:20:52,11000.0,10.3,S
2021-07-13T13:20:46,300.0,10.3,S
2021-07-13T13:20:40,500.0,10.35,B
2021-07-13T13:20:24,800.0,10.35,B
2021-07-13T13:20:22,100.0,10.3,S
2021-07-13T13:20:14,1000.0,10.3,S
2021-07-13T13:20:13,5000.0,10.3,S
2021-07-13T13:20:12,700.0,10.3,S
2021-07-13T13:20:12,300.0,10.3,S
2021-07-13T13:20:12,5800.0,10.3,S
2021-07-13T13:20:12,900.0,10.3,S
2021-07-13T13:20:12,3000.0,10.3,S
2021-07-13T13:20:12,1000.0,10.3,S
2021-07-13T13:20:12,8300.0,10.3,S
2021-07-13T13:20:00,500.0,10.3,S
2021-07-13T13:19:55,3400.0,10.3,S
2021-07-13T13:19:47,100.0,10.35,B
2021-07-13T13:19:46,100.0,10.35,B
2021-07-13T13:19:45,500.0,10.35,B
2021-07-13T13:19:44,100.0,10.35,B
2021-07-13T13:19:38,2200.0,10.35,S
2021-07-13T13:19:32,1500.0,10.35,S
2021-07-13T13:19:32,100.0,10.35,S
2021-07-13T13:19:32,3200.0,10.35,S
2021-07-13T13:19:32,400.0,10.35,S
2021-07-13T13:19:32,2400.0,10.35,S
2021-07-13T13:19:28,2000.0,10.35,S
2021-07-13T13:19:23,10000.0,10.35,S
2021-07-13T13:19:16,6600.0,10.35,S
2021-07-13T13:19:16,2000.0,10.35,S
2021-07-13T13:19:16,3900.0,10.35,S
2021-07-13T13:19:13,9400.0,10.35,S
2021-07-13T13:19:13,100.0,10.35,S
2021-07-13T13:19:13,600.0,10.35,S
2021-07-13T13:19:13,200.0,10.35,S
2021-07-13T13:19:13,1800.0,10.35,S
2021-07-13T13:19:13,1400.0,10.35,S
2021-07-13T13:19:13,2100.0,10.35,S
2021-07-13T13:19:13,34400.0,10.35,S
2021-07-13T13:19:10,5000.0,10.35,S
2021-07-13T13:18:57,18000.0,10.35,S
2021-07-13T13:18:38,500.0,10.4,B
2021-07-13T13:18:33,1000.0,10.35,S
2021-07-13T13:18:28,400.0,10.35,S
2021-07-13T13:18:27,1800.0,10.35,S
2021-07-13T13:18:18,1000.0,10.4,B
2021-07-13T13:18:15,100.0,10.4,B
2021-07-13T13:18:12,400.0,10.4,B
2021-07-13T13:18:10,100.0,10.4,B
2021-07-13T13:18:10,19000.0,10.35,S
2021-07-13T13:18:05,10000.0,10.4,B
2021-07-13T13:18:05,500.0,10.4,S
2021-07-13T13:18:05,900.0,10.4,S
2021-07-13T13:18:05,1400.0,10.4,S
2021-07-13T13:18:05,5500.0,10.4,S
2021-07-13T13:18:05,6100.0,10.4,S
2021-07-13T13:18:05,19900.0,10.4,S
2021-07-13T13:18:05,2500.0,10.4,S
2021-07-13T13:18:05,7900.0,10.4,S
2021-07-13T13:18:05,1400.0,10.4,S
2021-07-13T13:18:05,600.0,10.4,S
2021-07-13T13:18:05,4100.0,10.4,S
2021-07-13T13:18:05,51200.0,10.4,S
2021-07-13T13:18:02,400.0,10.4,S
2021-07-13T13:18:02,1800.0,10.4,S
2021-07-13T13:17:56,10000.0,10.4,S
2021-07-13T13:17:51,700.0,10.4,S
2021-07-13T13:17:50,500.0,10.4,S
2021-07-13T13:17:47,900.0,10.4,S
2021-07-13T13:17:44,1200.0,10.4,S
2021-07-13T13:17:44,200.0,10.4,S
2021-07-13T13:17:44,1200.0,10.4,S
2021-07-13T13:17:44,400.0,10.4,S
2021-07-13T13:17:44,1400.0,10.4,S
2021-07-13T13:17:44,4200.0,10.4,S
2021-07-13T13:17:44,17300.0,10.4,S
2021-07-13T13:17:44,10600.0,10.4,S
2021-07-13T13:17:44,5300.0,10.4,S
2021-07-13T13:17:44,58200.0,10.4,S
2021-07-13T13:17:43,1000.0,10.4,S
2021-07-13T13:17:42,1800.0,10.45,B
2021-07-13T13:17:38,500.0,10.4,S
2021-07-13T13:17:28,11500.0,10.4,S
2021-07-13T13:17:28,11800.0,10.4,S
2021-07-13T13:17:28,26700.0,10.4,S
2021-07-13T13:17:25,500.0,10.4,S
2021-07-13T13:17:22,1000.0,10.4,S
2021-07-13T13:17:07,1000.0,10.4,S
2021-07-13T13:16:57,2000.0,10.45,B
2021-07-13T13:16:44,1000.0,10.4,S
2021-07-13T13:16:18,500.0,10.45,B
2021-07-13T13:16:17,2500.0,10.45,B
2021-07-13T13:16:12,100.0,10.45,B
2021-07-13T13:16:08,34200.0,10.45,S
2021-07-13T13:16:03,2000.0,10.45,S
2021-07-13T13:16:01,1000.0,10.45,S
2021-07-13T13:16:00,5000.0,10.45,B
2021-07-13T13:16:00,1200.0,10.45,B
2021-07-13T13:16:00,7000.0,10.45,B
2021-07-13T13:16:00,3100.0,10.45,B
2021-07-13T13:15:59,46700.0,10.45,B
2021-07-13T13:15:50,600.0,10.45,B
2021-07-13T13:15:27,1000.0,10.45,B
2021-07-13T13:15:23,200.0,10.45,B
2021-07-13T13:15:22,3000.0,10.4,S
2021-07-13T13:15:13,200.0,10.45,B
2021-07-13T13:15:04,200.0,10.45,B
2021-07-13T13:14:56,1000.0,10.4,S
2021-07-13T13:14:47,500.0,10.45,B
2021-07-13T13:14:43,200.0,10.45,B
2021-07-13T13:14:33,800.0,10.45,B
2021-07-13T13:14:30,100.0,10.45,B
2021-07-13T13:14:29,1000.0,10.45,B
2021-07-13T13:14:12,200.0,10.45,B
2021-07-13T13:13:57,400.0,10.4,S
2021-07-13T13:13:57,100.0,10.45,B
2021-07-13T13:13:57,31100.0,10.45,B
2021-07-13T13:13:57,700.0,10.45,B
2021-07-13T13:13:57,300.0,10.45,B
2021-07-13T13:13:57,2100.0,10.45,B
2021-07-13T13:13:57,1200.0,10.45,B
2021-07-13T13:13:57,14600.0,10.45,B
2021-07-13T13:13:54,1000.0,10.4,S
2021-07-13T13:13:54,1000.0,10.4,S
2021-07-13T13:13:45,1000.0,10.4,S
2021-07-13T13:13:17,500.0,10.4,S
2021-07-13T13:12:20,500.0,10.4,S
2021-07-13T13:11:59,700.0,10.4,S
2021-07-13T13:11:59,300.0,10.4,S
2021-07-13T13:11:23,1000.0,10.4,S
2021-07-13T13:11:02,700.0,10.4,S
2021-07-13T13:10:44,2500.0,10.4,S
2021-07-13T13:10:40,200.0,10.45,B
2021-07-13T13:10:36,100.0,10.45,B
2021-07-13T13:10:24,10000.0,10.45,B
2021-07-13T13:10:14,6000.0,10.4,S
2021-07-13T13:09:43,1000.0,10.4,S
2021-07-13T13:09:16,200.0,10.4,S
2021-07-13T13:08:58,300.0,10.4,S
2021-07-13T13:08:39,1500.0,10.4,S
2021-07-13T13:08:34,200.0,10.45,B
2021-07-13T13:08:34,10800.0,10.45,B
2021-07-13T13:08:29,1100.0,10.4,S
2021-07-13T13:08:29,100.0,10.45,B
2021-07-13T13:08:13,10000.0,10.4,S
2021-07-13T13:08:04,100.0,10.45,B
2021-07-13T13:07:58,5000.0,10.45,B
2021-07-13T13:07:30,5000.0,10.45,B
2021-07-13T13:07:30,1200.0,10.45,B
2021-07-13T13:07:27,1000.0,10.45,B
2021-07-13T13:07:26,1000.0,10.45,B
2021-07-13T13:07:25,10000.0,10.45,B
2021-07-13T13:07:23,1000.0,10.45,B
2021-07-13T13:07:15,4500.0,10.45,B
2021-07-13T13:07:12,1000.0,10.45,B
2021-07-13T13:07:09,1000.0,10.45,B
2021-07-13T13:07:09,1000.0,10.45,B
2021-07-13T13:07:05,300.0,10.45,B
2021-07-13T13:07:04,500.0,10.45,B
2021-07-13T13:06:56,100.0,10.45,B
2021-07-13T13:06:43,700.0,10.45,B
2021-07-13T13:06:35,200.0,10.45,B
2021-07-13T13:06:29,10000.0,10.4,S
2021-07-13T13:06:27,1000.0,10.45,B
2021-07-13T13:06:14,2000.0,10.45,B
2021-07-13T13:06:13,800.0,10.45,B
2021-07-13T13:05:55,2800.0,10.45,B
2021-07-13T13:05:55,500.0,10.45,B
2021-07-13T13:05:54,100.0,10.45,B
2021-07-13T13:05:21,1000.0,10.4,S
2021-07-13T13:04:48,3000.0,10.4,S
2021-07-13T13:04:39,1000.0,10.4,S
2021-07-13T13:04:08,100.0,10.4,S
2021-07-13T13:03:49,4800.0,10.4,S
2021-07-13T13:03:45,2000.0,10.4,B
2021-07-13T13:03:44,10000.0,10.4,B
2021-07-13T13:03:44,9500.0,10.35,S
2021-07-13T13:03:41,100.0,10.4,B
2021-07-13T13:03:25,200.0,10.4,B
2021-07-13T13:03:17,10000.0,10.35,S
2021-07-13T13:02:22,2000.0,10.35,S
2021-07-13T13:02:14,200.0,10.4,B
2021-07-13T13:01:57,4200.0,10.4,S
2021-07-13T13:01:57,1500.0,10.4,S
2021-07-13T13:01:57,27100.0,10.4,S
2021-07-13T13:01:52,500.0,10.4,S
2021-07-13T13:01:42,2300.0,10.4,S
2021-07-13T13:01:27,3000.0,10.4,S
2021-07-13T13:01:19,300.0,10.4,S
2021-07-13T13:01:19,4700.0,10.4,S
2021-07-13T13:01:10,800.0,10.4,S
2021-07-13T13:01:10,500.0,10.4,S
2021-07-13T13:01:10,6400.0,10.4,S
2021-07-13T13:01:10,600.0,10.4,S
2021-07-13T13:01:10,100.0,10.4,S
2021-07-13T13:01:10,5200.0,10.4,S
2021-07-13T13:01:10,200.0,10.4,S
2021-07-13T13:01:10,3600.0,10.4,S
2021-07-13T13:01:10,27600.0,10.4,S
2021-07-13T13:01:10,100.0,10.4,S
2021-07-13T13:01:10,1600.0,10.4,S
2021-07-13T13:01:10,800.0,10.4,S
2021-07-13T13:01:10,700.0,10.4,S
2021-07-13T13:01:10,1500.0,10.4,S
2021-07-13T13:01:10,300.0,10.4,S
2021-07-13T13:00:50,2800.0,10.4,S
2021-07-13T13:00:39,2000.0,10.45,B
2021-07-13T13:00:36,100.0,10.45,B
2021-07-13T13:00:34,1000.0,10.45,B
2021-07-13T13:00:29,100.0,10.45,B
2021-07-13T13:00:25,200.0,10.45,B
2021-07-13T13:00:22,4000.0,10.45,B
2021-07-13T13:00:22,7600.0,10.4,S
2021-07-13T13:00:22,3200.0,10.4,S
2021-07-13T13:00:22,1600.0,10.4,S
2021-07-13T13:00:22,2700.0,10.4,S
2021-07-13T13:00:22,1600.0,10.4,S
2021-07-13T13:00:22,11300.0,10.4,S
2021-07-13T13:00:22,3400.0,10.4,S
2021-07-13T13:00:22,500.0,10.4,S
2021-07-13T13:00:20,10000.0,10.45,B
2021-07-13T13:00:20,300.0,10.45,B
2021-07-13T13:00:19,500.0,10.45,B
2021-07-13T13:00:15,100.0,10.45,B
2021-07-13T13:00:14,600.0,10.45,B
2021-07-13T13:00:13,500.0,10.45,B
2021-07-13T13:00:12,1000.0,10.45,B
2021-07-13T13:00:10,50000.0,10.45,B
2021-07-13T13:00:10,500.0,10.45,B
2021-07-13T13:00:10,1500.0,10.45,B
2021-07-13T13:00:06,500.0,10.45,B
2021-07-13T13:00:06,200.0,10.45,B
2021-07-13T13:00:06,1000.0,10.45,B
2021-07-13T13:00:06,1000.0,10.45,B
2021-07-13T13:00:06,300.0,10.45,B
2021-07-13T13:00:06,100.0,10.45,B
2021-07-13T13:00:06,1000.0,10.45,B
2021-07-13T13:00:03,124300.0,10.45,B
2021-07-13T13:00:03,15700.0,10.45,B
2021-07-13T13:00:03,200.0,10.4,S
2021-07-13T13:00:03,900.0,10.4,S
2021-07-13T13:00:03,202300.0,10.4,S
2021-07-13T13:00:03,500.0,10.45,B
2021-07-13T13:00:03,100.0,10.45,B
2021-07-13T13:00:03,50000.0,10.4,S
2021-07-13T13:00:03,100.0,10.45,B
2021-07-13T13:00:03,1300.0,10.45,B
2021-07-13T13:00:03,100.0,10.45,B
2021-07-13T13:00:03,1000.0,10.45,B
2021-07-13T13:00:03,200.0,10.4,S
2021-07-13T13:00:03,5000.0,10.45,B
2021-07-13T13:00:03,300.0,10.45,B
2021-07-13T13:00:03,206400.0,10.4,S
2021-07-13T13:00:03,105100.0,10.4,S
2021-07-13T13:00:03,2100.0,10.4,S
2021-07-13T13:00:03,200.0,10.4,S
2021-07-13T13:00:03,2900.0,10.4,S
2021-07-13T13:00:03,52000.0,10.4,S
2021-07-13T13:00:03,1100.0,10.4,S
2021-07-13T13:00:03,500.0,10.4,S
2021-07-13T13:00:03,200.0,10.4,S
2021-07-13T13:00:03,4500.0,10.4,S
2021-07-13T13:00:03,1500.0,10.4,S
2021-07-13T13:00:03,1300.0,10.4,S
2021-07-13T13:00:03,5300.0,10.4,S
2021-07-13T13:00:03,200.0,10.4,S
2021-07-13T13:00:03,20500.0,10.4,S
2021-07-13T13:00:03,300.0,10.4,S
2021-07-13T13:00:03,500.0,10.4,S
2021-07-13T13:00:03,3500.0,10.4,S
2021-07-13T13:00:03,5600.0,10.4,S
2021-07-13T13:00:03,5000.0,10.4,S
2021-07-13T13:00:03,5200.0,10.4,S
2021-07-13T13:00:03,500.0,10.4,S
2021-07-13T13:00:03,283000.0,10.4,S
2021-07-13T13:00:03,1200.0,10.45,B
2021-07-13T13:00:03,200.0,10.45,B
2021-07-13T13:00:03,10000.0,10.45,B
2021-07-13T13:00:03,1000.0,10.45,B
2021-07-13T13:00:03,5000.0,10.4,S
2021-07-13T13:00:03,100.0,10.45,B
2021-07-13T13:00:03,10000.0,10.45,B
2021-07-13T13:00:01,100.0,10.45,B
2021-07-13T13:00:01,200.0,10.45,B
2021-07-13T13:00:01,100.0,10.45,B
2021-07-13T13:00:01,100.0,10.45,B
2021-07-13T11:30:00,500.0,10.45,B
2021-07-13T11:29:58,20000.0,10.4,S
2021-07-13T11:29:53,1200.0,10.45,B
2021-07-13T11:29:53,200.0,10.4,S
2021-07-13T11:29:50,500.0,10.45,B
2021-07-13T11:29:45,300.0,10.45,B
2021-07-13T11:29:30,1000.0,10.45,B
2021-07-13T11:29:22,5300.0,10.4,S
2021-07-13T11:29:20,500.0,10.4,S
2021-07-13T11:29:14,500.0,10.4,S
2021-07-13T11:28:58,1500.0,10.4,S
2021-07-13T11:28:44,100.0,10.45,B
2021-07-13T11:28:31,1000.0,10.45,S
2021-07-13T11:28:31,600.0,10.45,S
2021-07-13T11:28:31,32100.0,10.45,S
2021-07-13T11:28:31,500.0,10.45,S
2021-07-13T11:28:31,14100.0,10.45,S
2021-07-13T11:28:21,600.0,10.45,S
2021-07-13T11:28:19,900.0,10.5,B
2021-07-13T11:28:17,200.0,10.5,B
2021-07-13T11:28:05,300.0,10.5,B
2021-07-13T11:27:52,1000.0,10.5,B
2021-07-13T11:27:48,100.0,10.45,S
2021-07-13T11:27:24,1000.0,10.5,B
2021-07-13T11:27:14,5900.0,10.45,S
2021-07-13T11:27:14,3200.0,10.45,S
2021-07-13T11:27:14,5800.0,10.45,S
2021-07-13T11:27:14,300.0,10.45,S
2021-07-13T11:27:14,2200.0,10.45,S
2021-07-13T11:27:14,1400.0,10.45,S
2021-07-13T11:27:14,400.0,10.45,S
2021-07-13T11:27:14,600.0,10.45,S
2021-07-13T11:27:14,15000.0,10.45,S
2021-07-13T11:27:14,13000.0,10.45,S
2021-07-13T11:27:14,9000.0,10.45,S
2021-07-13T11:27:14,3000.0,10.45,S
2021-07-13T11:27:14,40200.0,10.45,S
2021-07-13T11:27:09,200.0,10.5,B
2021-07-13T11:27:02,20000.0,10.45,S
2021-07-13T11:27:00,1000.0,10.45,S
2021-07-13T11:27:00,500.0,10.45,S
2021-07-13T11:26:54,2000.0,10.45,S
2021-07-13T11:26:45,20000.0,10.45,S
2021-07-13T11:26:38,2400.0,10.45,S
2021-07-13T11:26:34,28500.0,10.45,S
2021-07-13T11:26:26,10000.0,10.45,S
2021-07-13T11:26:22,100000.0,10.45,S
2021-07-13T11:25:57,300.0,10.45,S
2021-07-13T11:25:53,100.0,10.5,B
2021-07-13T11:25:38,1000.0,10.45,S
2021-07-13T11:25:13,5000.0,10.45,S
2021-07-13T11:24:49,100.0,10.5,B
2021-07-13T11:24:43,1300.0,10.5,B
2021-07-13T11:24:39,5000.0,10.5,S
2021-07-13T11:24:39,10000.0,10.5,S
2021-07-13T11:24:38,600.0,10.5,S
2021-07-13T11:24:38,12100.0,10.5,S
2021-07-13T11:24:38,2000.0,10.5,S
2021-07-13T11:24:38,1000.0,10.5,S
2021-07-13T11:24:38,2200.0,10.5,S
2021-07-13T11:24:38,100.0,10.5,S
2021-07-13T11:24:38,4000.0,10.5,S
2021-07-13T11:24:38,1700.0,10.5,S
2021-07-13T11:24:38,3100.0,10.5,S
2021-07-13T11:24:38,100.0,10.5,S
2021-07-13T11:24:38,400.0,10.5,S
2021-07-13T11:24:38,3300.0,10.5,S
2021-07-13T11:24:38,500.0,10.5,S
2021-07-13T11:24:38,500.0,10.5,S
2021-07-13T11:24:38,1300.0,10.5,S
2021-07-13T11:24:38,1900.0,10.5,S
2021-07-13T11:24:38,1100.0,10.5,S
2021-07-13T11:24:38,900.0,10.5,S
2021-07-13T11:24:38,8500.0,10.5,S
2021-07-13T11:24:38,1800.0,10.5,S
2021-07-13T11:24:36,200.0,10.5,S
2021-07-13T11:24:32,500.0,10.5,S
2021-07-13T11:24:32,2500.0,10.5,S
2021-07-13T11:24:30,900.0,10.5,S
2021-07-13T11:24:30,10200.0,10.5,S
2021-07-13T11:24:30,20200.0,10.5,S
2021-07-13T11:24:30,10500.0,10.5,S
2021-07-13T11:24:30,600.0,10.5,S
2021-07-13T11:24:30,5200.0,10.5,S
2021-07-13T11:24:30,1500.0,10.5,S
2021-07-13T11:24:30,2000.0,10.5,S
2021-07-13T11:24:30,1200.0,10.5,S
2021-07-13T11:24:30,2200.0,10.5,S
2021-07-13T11:24:30,400.0,10.5,S
2021-07-13T11:24:30,1000.0,10.5,S
2021-07-13T11:24:30,600.0,10.5,S
2021-07-13T11:24:30,700.0,10.5,S
2021-07-13T11:24:30,2000.0,10.5,S
2021-07-13T11:24:30,2200.0,10.5,S
2021-07-13T11:24:30,2200.0,10.5,S
2021-07-13T11:24:30,1200.0,10.5,S
2021-07-13T11:24:30,700.0,10.5,S
2021-07-13T11:24:30,1300.0,10.5,S
2021-07-13T11:24:30,4100.0,10.5,S
2021-07-13T11:24:30,2500.0,10.5,S
2021-07-13T11:24:30,1800.0,10.5,S
2021-07-13T11:24:30,100.0,10.5,S
2021-07-13T11:24:30,11500.0,10.5,S
2021-07-13T11:24:30,300.0,10.5,S
2021-07-13T11:24:30,10100.0,10.5,S
2021-07-13T11:24:30,3300.0,10.5,S
2021-07-13T11:24:30,1000.0,10.5,S
2021-07-13T11:24:30,10000.0,10.5,S
2021-07-13T11:24:23,10000.0,10.5,S
2021-07-13T11:24:21,1000.0,10.5,S
2021-07-13T11:24:11,5000.0,10.5,S
2021-07-13T11:23:50,1000.0,10.5,S
2021-07-13T11:23:49,100.0,10.55,B
2021-07-13T11:23:46,5000.0,10.5,S
2021-07-13T11:23:37,5000.0,10.5,S
2021-07-13T11:23:37,2000.0,10.5,S
2021-07-13T11:23:18,1700.0,10.5,S
2021-07-13T11:23:06,30000.0,10.5,S
2021-07-13T11:22:57,500.0,10.5,S
2021-07-13T11:22:51,200.0,10.5,S
2021-07-13T11:22:28,1000.0,10.5,S
2021-07-13T11:22:27,200.0,10.5,S
2021-07-13T11:22:20,1000.0,10.5,S
2021-07-13T11:22:08,5000.0,10.5,S
2021-07-13T11:21:59,1100.0,10.55,B
2021-07-13T11:21:56,1400.0,10.55,B
2021-07-13T11:21:44,15000.0,10.5,S
2021-07-13T11:21:20,3000.0,10.55,B
2021-07-13T11:21:10,200.0,10.55,S
2021-07-13T11:21:04,200.0,10.55,S
2021-07-13T11:21:00,600.0,10.55,S
2021-07-13T11:20:58,200000.0,10.5,S
2021-07-13T11:20:49,2000.0,10.55,S
2021-07-13T11:20:49,10000.0,10.55,S
2021-07-13T11:20:46,1000.0,10.55,B
2021-07-13T11:20:46,32000.0,10.55,B
2021-07-13T11:20:33,1000.0,10.55,B
2021-07-13T11:20:13,300.0,10.55,B
2021-07-13T11:20:06,500.0,10.55,B
2021-07-13T11:20:05,1800.0,10.5,S
2021-07-13T11:19:48,1000.0,10.55,B
2021-07-13T11:19:46,500.0,10.55,B
2021-07-13T11:19:40,1000.0,10.55,B
2021-07-13T11:19:33,100.0,10.55,B
2021-07-13T11:19:33,1700.0,10.55,S
2021-07-13T11:19:19,100.0,10.55,S
2021-07-13T11:19:18,3300.0,10.55,B
2021-07-13T11:19:14,300.0,10.55,B
2021-07-13T11:19:11,1200.0,10.55,S
2021-07-13T11:19:11,400.0,10.55,S
2021-07-13T11:19:11,300.0,10.55,S
2021-07-13T11:19:11,700.0,10.55,S
2021-07-13T11:19:08,5000.0,10.55,S
2021-07-13T11:19:05,1000.0,10.55,S
2021-07-13T11:18:52,3000.0,10.55,S
2021-07-13T11:18:51,1000.0,10.55,S
2021-07-13T11:18:45,5000.0,10.55,S
2021-07-13T11:18:44,10000.0,10.55,S
2021-07-13T11:18:38,1000.0,10.55,S
2021-07-13T11:18:31,100.0,10.6,B
2021-07-13T11:18:31,200.0,10.6,B
2021-07-13T11:18:27,2000.0,10.55,S
2021-07-13T11:18:09,1000.0,10.55,S
2021-07-13T11:18:08,200.0,10.6,B
2021-07-13T11:17:51,1000.0,10.55,S
2021-07-13T11:17:32,100.0,10.55,S
2021-07-13T11:17:28,1100.0,10.55,S
2021-07-13T11:17:22,100.0,10.6,B
2021-07-13T11:17:17,1000.0,10.55,S
2021-07-13T11:16:57,500.0,10.55,S
2021-07-13T11:16:55,3000.0,10.55,S
2021-07-13T11:16:49,200.0,10.55,S
2021-07-13T11:16:44,700.0,10.55,S
2021-07-13T11:16:41,200.0,10.55,S
2021-07-13T11:16:29,9600.0,10.55,B
2021-07-13T11:16:29,5000.0,10.55,B
2021-07-13T11:16:29,56300.0,10.55,B
2021-07-13T11:16:10,200.0,10.55,B
2021-07-13T11:15:41,1000.0,10.55,B
2021-07-13T11:14:56,1700.0,10.55,B
2021-07-13T11:14:54,10000.0,10.55,S
2021-07-13T11:14:43,1700.0,10.55,S
2021-07-13T11:14:42,1100.0,10.55,S
2021-07-13T11:14:42,200.0,10.55,S
2021-07-13T11:14:42,8700.0,10.55,S
2021-07-13T11:14:42,1000.0,10.55,S
2021-07-13T11:14:37,7600.0,10.55,S
2021-07-13T11:14:37,2400.0,10.55,S
2021-07-13T11:14:36,1000.0,10.55,S
2021-07-13T11:14:33,1000.0,10.55,S
2021-07-13T11:14:28,200.0,10.55,S
2021-07-13T11:14:28,200.0,10.55,S
2021-07-13T11:14:16,4900.0,10.55,S
2021-07-13T11:14:16,100.0,10.55,S
2021-07-13T11:14:13,500.0,10.55,S
2021-07-13T11:14:13,2200.0,10.6,B
2021-07-13T11:14:13,7800.0,10.6,B
2021-07-13T11:14:10,800.0,10.55,S
2021-07-13T11:14:02,1000.0,10.55,S
2021-07-13T11:14:01,900.0,10.55,S
2021-07-13T11:13:48,2000.0,10.55,S
2021-07-13T11:13:39,500.0,10.55,S
2021-07-13T11:13:03,1300.0,10.55,S
2021-07-13T11:13:02,100.0,10.55,S
2021-07-13T11:12:46,1000.0,10.6,B
2021-07-13T11:12:17,300.0,10.55,S
2021-07-13T11:12:17,100.0,10.55,S
2021-07-13T11:12:00,2000.0,10.6,B
2021-07-13T11:11:51,500.0,10.55,S
2021-07-13T11:11:38,2000.0,10.55,S
2021-07-13T11:11:14,300.0,10.55,S
2021-07-13T11:11:14,1100.0,10.55,S
2021-07-13T11:11:14,3600.0,10.55,S
2021-07-13T11:11:09,1000.0,10.55,S
2021-07-13T11:10:46,100.0,10.6,B
2021-07-13T11:10:41,400.0,10.55,S
2021-07-13T11:10:31,100.0,10.6,B
2021-07-13T11:10:16,2000.0,10.55,S
2021-07-13T11:10:13,1000.0,10.55,S
2021-07-13T11:09:49,200.0,10.6,B
2021-07-13T11:09:34,4000.0,10.55,S
2021-07-13T11:09:27,1300.0,10.6,B
2021-07-13T11:09:26,100.0,10.6,B
2021-07-13T11:09:22,300.0,10.6,B
2021-07-13T11:09:17,2000.0,10.6,B
2021-07-13T11:09:12,1000.0,10.6,B
2021-07-13T11:09:09,100.0,10.6,B
2021-07-13T11:08:59,2000.0,10.6,B
2021-07-13T11:08:54,1100.0,10.6,B
2021-07-13T11:08:47,500.0,10.6,B
2021-07-13T11:08:19,400.0,10.6,B
2021-07-13T11:07:56,1200.0,10.6,B
2021-07-13T11:07:36,600.0,10.6,S
2021-07-13T11:07:34,5000.0,10.6,S
2021-07-13T11:07:15,10000.0,10.6,S
2021-07-13T11:06:46,2000.0,10.6,S
2021-07-13T11:06:42,400.0,10.6,S
2021-07-13T11:06:31,5200.0,10.6,S
2021-07-13T11:06:21,600.0,10.6,S
2021-07-13T11:06:14,500.0,10.6,S
2021-07-13T11:06:08,300.0,10.6,S
2021-07-13T11:06:01,800.0,10.6,S
2021-07-13T11:05:58,2000.0,10.6,S
2021-07-13T11:05:51,5000.0,10.6,S
2021-07-13T11:05:47,1100.0,10.6,S
2021-07-13T11:05:38,200.0,10.65,B
2021-07-13T11:05:33,5000.0,10.6,S
2021-07-13T11:05:26,4700.0,10.6,S
2021-07-13T11:05:10,72000.0,10.6,S
2021-07-13T11:05:01,1000.0,10.65,B
2021-07-13T11:04:52,200.0,10.65,B
2021-07-13T11:04:41,1000.0,10.6,S
2021-07-13T11:04:38,100.0,10.65,B
2021-07-13T11:04:16,100.0,10.65,B
2021-07-13T11:04:06,6000.0,10.6,S
2021-07-13T11:04:06,600.0,10.6,S
2021-07-13T11:03:56,200.0,10.6,S
2021-07-13T11:03:46,2400.0,10.6,S
2021-07-13T11:03:46,500.0,10.6,S
2021-07-13T11:03:38,3000.0,10.6,S
2021-07-13T11:03:34,2200.0,10.6,B
2021-07-13T11:03:34,6500.0,10.6,B
2021-07-13T11:03:27,200.0,10.6,B
2021-07-13T11:03:17,100.0,10.6,B
2021-07-13T11:03:17,1000.0,10.6,B
2021-07-13T11:02:56,200.0,10.55,S
2021-07-13T11:02:27,500.0,10.6,B
2021-07-13T11:02:27,1800.0,10.6,B
2021-07-13T11:02:19,4700.0,10.6,S
2021-07-13T11:02:14,100.0,10.6,S
2021-07-13T11:02:13,500.0,10.6,S
2021-07-13T11:01:53,4000.0,10.6,S
2021-07-13T11:01:49,700.0,10.6,S
2021-07-13T11:01:49,200.0,10.6,S
2021-07-13T11:01:49,100.0,10.6,S
2021-07-13T11:01:47,100.0,10.6,S
2021-07-13T11:01:47,8300.0,10.6,S
2021-07-13T11:01:47,1600.0,10.6,S
2021-07-13T11:01:34,3000.0,10.6,S
2021-07-13T11:01:30,1000.0,10.6,S
2021-07-13T11:01:09,1000.0,10.65,B
2021-07-13T11:01:05,400.0,10.65,B
2021-07-13T11:01:04,100.0,10.65,B
2021-07-13T11:00:55,500.0,10.65,B
2021-07-13T11:00:51,45500.0,10.65,S
2021-07-13T11:00:37,2500.0,10.65,S
2021-07-13T11:00:21,500.0,10.65,S
2021-07-13T11:00:16,1200.0,10.65,S
2021-07-13T10:59:55,4800.0,10.65,B
2021-07-13T10:59:54,1200.0,10.65,B
2021-07-13T10:59:54,7200.0,10.65,B
2021-07-13T10:59:54,1000.0,10.65,B
2021-07-13T10:59:54,4000.0,10.65,B
2021-07-13T10:59:54,5100.0,10.65,B
2021-07-13T10:59:54,8100.0,10.65,B
2021-07-13T10:59:54,10000.0,10.65,B
2021-07-13T10:59:54,1000.0,10.65,B
2021-07-13T10:59:54,10200.0,10.65,B
2021-07-13T10:59:54,1300.0,10.65,B
2021-07-13T10:59:54,1900.0,10.65,B
2021-07-13T10:59:54,8100.0,10.65,B
2021-07-13T10:59:54,1400.0,10.6,S
2021-07-13T10:59:49,1900.0,10.65,B
2021-07-13T10:59:49,20100.0,10.65,B
2021-07-13T10:59:49,16000.0,10.65,B
2021-07-13T10:59:38,100.0,10.65,B
2021-07-13T10:59:35,100.0,10.65,B
2021-07-13T10:59:32,10000.0,10.65,B
2021-07-13T10:59:31,1000.0,10.65,B
2021-07-13T10:59:30,900.0,10.6,S
2021-07-13T10:59:30,2100.0,10.6,S
2021-07-13T10:58:57,100.0,10.65,B
2021-07-13T10:58:52,200.0,10.65,B
2021-07-13T10:58:46,1000.0,10.65,B
2021-07-13T10:58:44,3000.0,10.65,B
2021-07-13T10:58:40,1000.0,10.6,S
2021-07-13T10:58:39,1000.0,10.6,S
2021-07-13T10:58:32,100.0,10.65,B
2021-07-13T10:58:30,1000.0,10.6,S
2021-07-13T10:58:28,5000.0,10.6,S
2021-07-13T10:58:21,1300.0,10.6,S
2021-07-13T10:58:21,4700.0,10.6,S
2021-07-13T10:58:16,800.0,10.6,S
2021-07-13T10:58:09,1000.0,10.6,S
2021-07-13T10:58:01,900.0,10.6,S
2021-07-13T10:57:58,4300.0,10.6,S
2021-07-13T10:57:52,1000.0,10.6,S
2021-07-13T10:57:51,5000.0,10.65,B
2021-07-13T10:57:49,20000.0,10.6,S
2021-07-13T10:57:36,3500.0,10.6,S
2021-07-13T10:57:32,5000.0,10.6,S
2021-07-13T10:57:27,200.0,10.65,B
2021-07-13T10:57:22,300.0,10.65,B
2021-07-13T10:57:07,300.0,10.65,B
2021-07-13T10:57:01,400.0,10.65,B
2021-07-13T10:56:38,200.0,10.65,B
2021-07-13T10:56:33,100.0,10.6,S
2021-07-13T10:56:22,5500.0,10.6,S
2021-07-13T10:56:18,40000.0,10.6,S
2021-07-13T10:56:13,1300.0,10.6,S
2021-07-13T10:56:11,10700.0,10.6,S
2021-07-13T10:55:35,500.0,10.6,S
2021-07-13T10:55:16,100.0,10.65,B
2021-07-13T10:55:04,500.0,10.6,S
2021-07-13T10:55:01,100.0,10.6,S
2021-07-13T10:55:01,100.0,10.6,S
2021-07-13T10:54:41,38100.0,10.6,B
2021-07-13T10:54:30,100.0,10.6,B
2021-07-13T10:54:18,6600.0,10.6,B
2021-07-13T10:54:18,24900.0,10.6,B
2021-07-13T10:54:18,10300.0,10.6,B
2021-07-13T10:54:18,1200.0,10.6,B
2021-07-13T10:54:18,1000.0,10.6,B
2021-07-13T10:54:18,3800.0,10.6,B
2021-07-13T10:54:18,20000.0,10.6,B
2021-07-13T10:54:18,1000.0,10.6,B
2021-07-13T10:54:18,2600.0,10.6,B
2021-07-13T10:54:18,1200.0,10.6,B
2021-07-13T10:54:18,27400.0,10.6,B
2021-07-13T10:54:13,400.0,10.55,S
2021-07-13T10:54:10,100.0,10.55,S
2021-07-13T10:54:09,2200.0,10.55,S
2021-07-13T10:54:03,300.0,10.55,B
2021-07-13T10:54:01,700.0,10.55,B
2021-07-13T10:53:57,800.0,10.55,B
2021-07-13T10:53:50,400.0,10.55,B
2021-07-13T10:53:49,500.0,10.55,B
2021-07-13T10:53:48,1000.0,10.55,B
2021-07-13T10:53:45,200.0,10.55,B
2021-07-13T10:53:40,10000.0,10.55,B
2021-07-13T10:53:40,21000.0,10.55,B
2021-07-13T10:53:39,500.0,10.55,B
2021-07-13T10:53:38,300.0,10.55,B
2021-07-13T10:53:30,200.0,10.55,B
2021-07-13T10:53:27,200.0,10.55,B
2021-07-13T10:53:24,50000.0,10.55,B
2021-07-13T10:53:06,1000.0,10.55,B
2021-07-13T10:53:05,5300.0,10.55,B
2021-07-13T10:53:03,13900.0,10.55,S
2021-07-13T10:52:51,100.0,10.6,B
2021-07-13T10:52:30,1000.0,10.6,B
2021-07-13T10:52:27,500.0,10.6,B
2021-07-13T10:52:26,700.0,10.55,S
2021-07-13T10:52:23,100.0,10.55,S
2021-07-13T10:52:15,100.0,10.55,S
2021-07-13T10:52:15,11000.0,10.55,S
2021-07-13T10:52:09,5000.0,10.55,S
2021-07-13T10:51:53,500.0,10.55,S
2021-07-13T10:51:51,500.0,10.55,S
2021-07-13T10:51:43,100.0,10.55,S
2021-07-13T10:51:39,7500.0,10.55,S
2021-07-13T10:51:39,100.0,10.55,S
2021-07-13T10:51:39,500.0,10.55,S
2021-07-13T10:51:30,100.0,10.55,S
2021-07-13T10:51:15,100.0,10.55,B
2021-07-13T10:51:14,10000.0,10.55,B
2021-07-13T10:50:55,2000.0,10.5,S
2021-07-13T10:50:43,10000.0,10.5,S
2021-07-13T10:50:41,4100.0,10.55,S
2021-07-13T10:50:35,4000.0,10.5,S
2021-07-13T10:50:34,200.0,10.5,S
2021-07-13T10:50:34,20000.0,10.55,B
2021-07-13T10:50:30,3000.0,10.5,S
2021-07-13T10:50:15,500.0,10.5,S
2021-07-13T10:50:09,300.0,10.5,S
2021-07-13T10:49:45,100.0,10.55,B
2021-07-13T10:49:37,100.0,10.55,B
2021-07-13T10:49:33,100.0,10.55,B
2021-07-13T10:49:21,100.0,10.55,B
2021-07-13T10:49:15,20000.0,10.55,B
2021-07-13T10:49:06,500.0,10.55,B
2021-07-13T10:49:03,500.0,10.55,B
2021-07-13T10:49:00,4000.0,10.5,S
2021-07-13T10:49:00,4300.0,10.55,S
2021-07-13T10:48:59,35800.0,10.55,S
2021-07-13T10:48:57,30000.0,10.55,S
2021-07-13T10:48:53,1000.0,10.55,S
2021-07-13T10:48:50,1000.0,10.55,S
2021-07-13T10:48:34,500.0,10.55,S
2021-07-13T10:48:28,3000.0,10.55,S
2021-07-13T10:48:18,3000.0,10.55,S
2021-07-13T10:48:12,10000.0,10.55,S
2021-07-13T10:48:00,3000.0,10.55,S
2021-07-13T10:47:56,12000.0,10.55,S
2021-07-13T10:47:52,500.0,10.55,S
2021-07-13T10:47:40,3000.0,10.55,S
2021-07-13T10:47:31,12600.0,10.6,B
2021-07-13T10:47:30,100.0,10.6,B
2021-07-13T10:47:26,400.0,10.55,S
2021-07-13T10:47:23,400.0,10.55,S
2021-07-13T10:47:22,900.0,10.55,S
2021-07-13T10:47:17,10000.0,10.55,S
2021-07-13T10:47:17,200.0,10.6,B
2021-07-13T10:47:13,2400.0,10.6,B
2021-07-13T10:47:08,200.0,10.6,B
2021-07-13T10:47:07,1000.0,10.6,B
2021-07-13T10:47:04,300.0,10.55,S
2021-07-13T10:46:49,400.0,10.6,B
2021-07-13T10:46:34,5000.0,10.6,B
2021-07-13T10:46:32,3000.0,10.55,S
2021-07-13T10:46:29,100.0,10.6,B
2021-07-13T10:46:21,500.0,10.55,S
2021-07-13T10:46:11,1000.0,10.6,B
2021-07-13T10:46:02,100.0,10.55,S
2021-07-13T10:46:00,100.0,10.55,S
2021-07-13T10:45:53,200.0,10.6,B
2021-07-13T10:45:50,200.0,10.55,S
2021-07-13T10:45:42,100.0,10.6,B
2021-07-13T10:45:42,400.0,10.55,S
2021-07-13T10:45:37,1000.0,10.6,B
2021-07-13T10:45:26,400.0,10.55,S
2021-07-13T10:45:22,200.0,10.6,B
2021-07-13T10:45:13,600.0,10.6,B
2021-07-13T10:45:05,200.0,10.55,S
2021-07-13T10:45:00,300.0,10.6,B
2021-07-13T10:44:59,5000.0,10.6,B
2021-07-13T10:44:53,1000.0,10.6,B
2021-07-13T10:44:47,300.0,10.6,B
2021-07-13T10:44:43,2900.0,10.6,B
2021-07-13T10:44:43,1000.0,10.6,B
2021-07-13T10:44:43,6100.0,10.6,B
2021-07-13T10:44:41,100.0,10.6,B
2021-07-13T10:44:36,500.0,10.6,B
2021-07-13T10:44:35,1100.0,10.6,B
2021-07-13T10:44:34,3700.0,10.6,S
2021-07-13T10:44:33,1000.0,10.6,S
2021-07-13T10:44:33,2300.0,10.6,S
2021-07-13T10:44:33,2500.0,10.6,S
2021-07-13T10:44:32,200.0,10.6,S
2021-07-13T10:44:27,5000.0,10.6,S
2021-07-13T10:44:27,200.0,10.65,B
2021-07-13T10:44:27,2200.0,10.6,S
2021-07-13T10:44:27,3100.0,10.6,S
2021-07-13T10:44:27,500.0,10.6,S
2021-07-13T10:44:25,500.0,10.6,S
2021-07-13T10:44:24,13200.0,10.6,S
2021-07-13T10:44:22,1800.0,10.6,S
2021-07-13T10:44:21,100.0,10.6,S
2021-07-13T10:44:21,5000.0,10.6,S
2021-07-13T10:44:21,1400.0,10.6,S
2021-07-13T10:44:21,2000.0,10.6,S
2021-07-13T10:44:18,30000.0,10.6,S
2021-07-13T10:44:15,9000.0,10.6,S
2021-07-13T10:44:15,8400.0,10.6,S
2021-07-13T10:44:15,1000.0,10.6,S
2021-07-13T10:44:15,1100.0,10.6,S
2021-07-13T10:44:15,7500.0,10.6,S
2021-07-13T10:44:15,700.0,10.6,S
2021-07-13T10:44:12,3000.0,10.65,B
2021-07-13T10:44:10,4300.0,10.6,S
2021-07-13T10:44:10,100.0,10.6,S
2021-07-13T10:44:10,5600.0,10.6,S
2021-07-13T10:44:09,3000.0,10.6,S
2021-07-13T10:44:08,300.0,10.6,S
2021-07-13T10:44:04,4100.0,10.6,S
2021-07-13T10:44:04,900.0,10.6,S
2021-07-13T10:43:56,500.0,10.6,S
2021-07-13T10:43:49,1000.0,10.6,S
2021-07-13T10:43:49,3800.0,10.6,S
2021-07-13T10:43:49,2200.0,10.6,S
2021-07-13T10:43:47,1000.0,10.65,B
2021-07-13T10:43:47,300.0,10.65,B
2021-07-13T10:43:46,200.0,10.65,B
2021-07-13T10:43:39,2600.0,10.65,B
2021-07-13T10:43:37,1500.0,10.65,B
2021-07-13T10:43:33,200.0,10.65,B
2021-07-13T10:43:27,5000.0,10.65,B
2021-07-13T10:43:26,1000.0,10.65,B
2021-07-13T10:43:16,500.0,10.65,B
2021-07-13T10:43:15,100.0,10.65,B
2021-07-13T10:43:12,200.0,10.65,B
2021-07-13T10:43:08,100.0,10.65,B
2021-07-13T10:43:08,300.0,10.65,B
2021-07-13T10:43:07,300.0,10.65,S
2021-07-13T10:43:05,10000.0,10.65,S
2021-07-13T10:43:02,300.0,10.65,S
2021-07-13T10:43:00,5000.0,10.65,S
2021-07-13T10:42:56,100.0,10.7,B
2021-07-13T10:42:56,2000.0,10.65,S
2021-07-13T10:42:53,12400.0,10.65,B
2021-07-13T10:42:52,100.0,10.6,S
2021-07-13T10:42:46,5000.0,10.6,S
2021-07-13T10:42:43,200.0,10.65,B
2021-07-13T10:42:33,1900.0,10.65,S
2021-07-13T10:42:33,5700.0,10.65,S
2021-07-13T10:42:33,3000.0,10.65,S
2021-07-13T10:42:33,1000.0,10.65,S
2021-07-13T10:42:33,500.0,10.65,S
2021-07-13T10:42:33,2300.0,10.65,S
2021-07-13T10:42:30,1000.0,10.65,S
2021-07-13T10:42:28,500.0,10.65,S
2021-07-13T10:42:25,3200.0,10.65,S
2021-07-13T10:42:25,6800.0,10.65,S
2021-07-13T10:42:25,200.0,10.7,B
2021-07-13T10:42:21,500.0,10.7,B
2021-07-13T10:42:19,100.0,10.65,S
2021-07-13T10:42:19,1000.0,10.65,S
2021-07-13T10:42:17,700.0,10.65,S
2021-07-13T10:42:05,100.0,10.7,B
2021-07-13T10:42:01,4500.0,10.7,B
2021-07-13T10:41:59,200.0,10.7,B
2021-07-13T10:41:52,3100.0,10.7,B
2021-07-13T10:41:44,5000.0,10.7,B
2021-07-13T10:41:43,1000.0,10.65,S
2021-07-13T10:41:43,1000.0,10.65,S
2021-07-13T10:41:42,1900.0,10.7,B
2021-07-13T10:41:22,200.0,10.7,B
2021-07-13T10:41:21,100.0,10.7,B
2021-07-13T10:41:16,2500.0,10.65,S
2021-07-13T10:41:16,1600.0,10.65,S
2021-07-13T10:41:16,2500.0,10.65,S
2021-07-13T10:41:16,600.0,10.65,S
2021-07-13T10:41:16,10000.0,10.65,S
2021-07-13T10:41:16,2800.0,10.65,S
2021-07-13T10:41:15,600.0,10.65,S
2021-07-13T10:40:58,100.0,10.7,B
2021-07-13T10:40:48,100.0,10.7,B
2021-07-13T10:40:45,3000.0,10.7,B
2021-07-13T10:40:42,100.0,10.65,S
2021-07-13T10:40:36,2000.0,10.7,B
2021-07-13T10:40:21,10000.0,10.7,B
2021-07-13T10:39:58,500.0,10.65,S
2021-07-13T10:39:54,3000.0,10.7,B
2021-07-13T10:39:51,400.0,10.65,S
2021-07-13T10:39:39,12300.0,10.65,B
2021-07-13T10:39:37,1000.0,10.65,B
2021-07-13T10:39:35,10000.0,10.65,B
2021-07-13T10:39:21,18500.0,10.65,B
2021-07-13T10:39:20,1000.0,10.6,S
2021-07-13T10:39:15,3000.0,10.65,B
2021-07-13T10:39:11,200.0,10.65,B
2021-07-13T10:39:11,100.0,10.65,B
2021-07-13T10:38:59,200.0,10.65,B
2021-07-13T10:38:58,100.0,10.65,B
2021-07-13T10:38:56,100.0,10.65,B
2021-07-13T10:38:51,300.0,10.65,B
2021-07-13T10:38:44,20000.0,10.65,B
2021-07-13T10:38:34,200.0,10.65,B
2021-07-13T10:38:26,100.0,10.6,S
2021-07-13T10:38:18,1000.0,10.65,B
2021-07-13T10:38:17,1000.0,10.65,B
2021-07-13T10:38:13,200.0,10.65,B
2021-07-13T10:38:08,2000.0,10.65,B
2021-07-13T10:38:07,2000.0,10.65,B
2021-07-13T10:38:06,300.0,10.65,B
2021-07-13T10:38:05,100.0,10.65,B
2021-07-13T10:38:04,1000.0,10.6,S
2021-07-13T10:38:04,200.0,10.65,B
2021-07-13T10:38:00,1000.0,10.65,B
2021-07-13T10:37:46,300.0,10.65,B
2021-07-13T10:37:39,200.0,10.65,S
2021-07-13T10:37:38,4700.0,10.65,S
2021-07-13T10:37:36,1300.0,10.65,B
2021-07-13T10:37:33,100.0,10.65,B
2021-07-13T10:37:27,1000.0,10.65,B
2021-07-13T10:37:16,300.0,10.65,B
2021-07-13T10:37:11,1200.0,10.65,S
2021-07-13T10:37:04,100.0,10.65,S
2021-07-13T10:37:03,2000.0,10.65,S
2021-07-13T10:36:59,10000.0,10.65,S
2021-07-13T10:36:57,10000.0,10.65,S
2021-07-13T10:36:54,2000.0,10.7,B
2021-07-13T10:36:42,3000.0,10.65,S
2021-07-13T10:36:38,19000.0,10.65,S
2021-07-13T10:36:33,100.0,10.7,B
2021-07-13T10:36:24,100.0,10.7,B
2021-07-13T10:36:21,200.0,10.65,S
2021-07-13T10:36:21,1600.0,10.65,S
2021-07-13T10:36:20,5000.0,10.65,S
2021-07-13T10:36:16,1000.0,10.65,S
2021-07-13T10:36:13,10000.0,10.65,S
2021-07-13T10:36:08,1000.0,10.7,B
2021-07-13T10:36:04,2600.0,10.65,S
2021-07-13T10:36:00,3000.0,10.65,S
2021-07-13T10:35:59,5000.0,10.65,S
2021-07-13T10:35:58,1000.0,10.7,B
2021-07-13T10:35:56,100.0,10.65,S
2021-07-13T10:35:41,10000.0,10.65,S
2021-07-13T10:35:28,300.0,10.65,S
2021-07-13T10:35:25,200.0,10.65,S
2021-07-13T10:35:25,3000.0,10.65,S
2021-07-13T10:35:24,7000.0,10.65,S
2021-07-13T10:35:24,3000.0,10.65,S
2021-07-13T10:35:22,3000.0,10.65,S
2021-07-13T10:35:21,2000.0,10.65,S
2021-07-13T10:35:19,500.0,10.65,S
2021-07-13T10:35:19,100.0,10.65,S
2021-07-13T10:35:17,500.0,10.65,S
2021-07-13T10:35:15,2600.0,10.65,B
2021-07-13T10:35:15,18300.0,10.65,B
2021-07-13T10:35:15,6900.0,10.65,B
2021-07-13T10:35:15,2000.0,10.65,B
2021-07-13T10:35:15,1500.0,10.65,B
2021-07-13T10:35:15,600.0,10.65,B
2021-07-13T10:35:15,9000.0,10.65,B
2021-07-13T10:35:14,200.0,10.65,B
2021-07-13T10:35:13,1300.0,10.6,S
2021-07-13T10:35:08,800.0,10.6,S
2021-07-13T10:34:59,2000.0,10.6,S
2021-07-13T10:34:59,100.0,10.65,B
2021-07-13T10:34:57,1000.0,10.65,B
2021-07-13T10:34:54,5500.0,10.65,B
2021-07-13T10:34:54,24500.0,10.65,B
2021-07-13T10:34:53,100.0,10.6,S
2021-07-13T10:34:45,500.0,10.6,S
2021-07-13T10:34:43,600.0,10.65,B
2021-07-13T10:34:36,900.0,10.65,B
2021-07-13T10:34:36,100.0,10.6,S
2021-07-13T10:34:33,300.0,10.65,B
2021-07-13T10:34:27,2000.0,10.6,S
2021-07-13T10:34:27,100.0,10.6,S
2021-07-13T10:34:24,200.0,10.65,B
2021-07-13T10:34:21,20200.0,10.65,S
2021-07-13T10:34:21,1400.0,10.65,S
2021-07-13T10:34:21,1900.0,10.65,S
2021-07-13T10:34:16,3000.0,10.65,S
2021-07-13T10:34:11,200.0,10.65,S
2021-07-13T10:34:11,4900.0,10.65,S
2021-07-13T10:34:10,900.0,10.65,S
2021-07-13T10:34:06,100.0,10.65,S
2021-07-13T10:34:06,1000.0,10.65,S
2021-07-13T10:34:05,2000.0,10.65,S
2021-07-13T10:34:03,1000.0,10.65,S
2021-07-13T10:34:01,800.0,10.65,S
2021-07-13T10:34:00,2000.0,10.65,S
2021-07-13T10:33:57,500.0,10.65,S
2021-07-13T10:33:52,500.0,10.65,S
2021-07-13T10:33:49,3000.0,10.65,S
2021-07-13T10:33:43,1000.0,10.65,S
2021-07-13T10:33:40,500.0,10.7,B
2021-07-13T10:33:38,5000.0,10.7,B
2021-07-13T10:33:38,30000.0,10.7,B
2021-07-13T10:33:36,100.0,10.7,B
2021-07-13T10:33:35,3500.0,10.7,B
2021-07-13T10:33:31,100.0,10.7,B
2021-07-13T10:33:29,100.0,10.7,B
2021-07-13T10:33:29,100.0,10.7,B
2021-07-13T10:33:29,200.0,10.7,B
2021-07-13T10:33:28,300.0,10.7,B
2021-07-13T10:33:25,600.0,10.7,B
2021-07-13T10:33:23,3300.0,10.7,B
2021-07-13T10:33:16,1600.0,10.7,B
2021-07-13T10:33:13,100.0,10.7,B
2021-07-13T10:33:10,2500.0,10.7,B
2021-07-13T10:33:08,100.0,10.7,B
2021-07-13T10:33:08,500.0,10.7,B
2021-07-13T10:33:08,5000.0,10.7,B
2021-07-13T10:33:06,6100.0,10.7,S
2021-07-13T10:33:05,1000.0,10.75,B
2021-07-13T10:33:03,100.0,10.75,B
2021-07-13T10:33:02,500.0,10.7,S
2021-07-13T10:33:01,100.0,10.7,S
2021-07-13T10:33:01,3000.0,10.7,S
2021-07-13T10:33:01,900.0,10.7,S
2021-07-13T10:33:01,100.0,10.7,S
2021-07-13T10:32:59,500.0,10.7,S
2021-07-13T10:32:57,1000.0,10.7,S
2021-07-13T10:32:56,100.0,10.75,B
2021-07-13T10:32:56,3000.0,10.7,S
2021-07-13T10:32:54,100.0,10.75,B
2021-07-13T10:32:51,20000.0,10.7,S
2021-07-13T10:32:50,3000.0,10.7,S
2021-07-13T10:32:49,200.0,10.7,S
2021-07-13T10:32:43,600.0,10.75,B
2021-07-13T10:32:41,1500.0,10.75,B
2021-07-13T10:32:41,15100.0,10.7,S
2021-07-13T10:32:40,2000.0,10.7,B
2021-07-13T10:32:33,200.0,10.7,B
2021-07-13T10:32:32,400.0,10.7,B
2021-07-13T10:32:30,1900.0,10.7,S
2021-07-13T10:32:30,2300.0,10.7,S
2021-07-13T10:32:30,4500.0,10.7,S
2021-07-13T10:32:30,10400.0,10.7,S
2021-07-13T10:32:28,800.0,10.7,S
2021-07-13T10:32:26,2000.0,10.7,S
2021-07-13T10:32:24,100.0,10.7,S
2021-07-13T10:32:23,1000.0,10.75,B
2021-07-13T10:32:18,3000.0,10.7,S
2021-07-13T10:32:14,5000.0,10.7,S
2021-07-13T10:32:10,1300.0,10.75,B
2021-07-13T10:32:09,3700.0,10.75,B
2021-07-13T10:32:07,2000.0,10.75,B
2021-07-13T10:32:03,1000.0,10.7,S
2021-07-13T10:32:01,2000.0,10.75,B
2021-07-13T10:32:01,1000.0,10.75,B
2021-07-13T10:32:00,500.0,10.75,B
2021-07-13T10:31:59,300.0,10.75,B
2021-07-13T10:31:54,4500.0,10.75,B
2021-07-13T10:31:53,1000.0,10.75,S
2021-07-13T10:31:53,1000.0,10.75,S
2021-07-13T10:31:51,1000.0,10.75,S
2021-07-13T10:31:51,3900.0,10.75,S
2021-07-13T10:31:45,1000.0,10.75,S
2021-07-13T10:31:43,500.0,10.75,S
2021-07-13T10:31:42,1000.0,10.75,S
2021-07-13T10:31:37,200.0,10.75,S
2021-07-13T10:31:36,10000.0,10.7,S
2021-07-13T10:31:33,4000.0,10.8,B
2021-07-13T10:31:31,200.0,10.7,S
2021-07-13T10:31:31,5000.0,10.7,S
2021-07-13T10:31:30,100.0,10.75,B
2021-07-13T10:31:30,500.0,10.7,S
2021-07-13T10:31:28,200.0,10.7,S
2021-07-13T10:31:28,2000.0,10.7,S
2021-07-13T10:31:26,100.0,10.7,S
2021-07-13T10:31:17,10300.0,10.7,S
2021-07-13T10:31:17,300.0,10.7,S
2021-07-13T10:31:05,200.0,10.7,S
2021-07-13T10:31:02,14700.0,10.8,B
2021-07-13T10:31:01,100.0,10.7,B
2021-07-13T10:30:49,100.0,10.55,S
2021-07-13T10:30:41,5000.0,10.8,B
2021-07-13T10:30:32,600.0,10.7,B
2021-07-13T10:30:29,4500.0,10.9,B
2021-07-13T10:30:29,1500.0,10.9,B
2021-07-13T10:30:29,9600.0,10.9,B
2021-07-13T10:30:29,7000.0,10.9,B
2021-07-13T10:30:29,45400.0,10.9,B
2021-07-13T10:30:29,61000.0,10.9,B
2021-07-13T10:30:29,12500.0,10.9,B
2021-07-13T10:30:29,43500.0,10.9,B
2021-07-13T10:30:29,2000.0,10.9,B
2021-07-13T10:30:29,10000.0,10.9,B
2021-07-13T10:30:29,12600.0,10.9,B
2021-07-13T10:30:29,41000.0,10.85,B
2021-07-13T10:30:29,55300.0,10.85,B
2021-07-13T10:30:29,6000.0,10.85,B
2021-07-13T10:30:29,16300.0,10.85,B
2021-07-13T10:30:29,10000.0,10.85,B
2021-07-13T10:30:29,1000.0,10.8,B
2021-07-13T10:30:29,56200.0,10.8,B
2021-07-13T10:30:29,15700.0,10.8,B
2021-07-13T10:30:29,2000.0,10.8,B
2021-07-13T10:30:29,65600.0,10.8,B
2021-07-13T10:30:29,1300.0,10.8,B
2021-07-13T10:30:29,500.0,10.8,B
2021-07-13T10:30:29,8100.0,10.8,B
2021-07-13T10:30:29,4500.0,10.8,B
2021-07-13T10:30:29,2000.0,10.8,B
2021-07-13T10:30:29,4900.0,10.8,B
2021-07-13T10:30:29,27600.0,10.8,B
2021-07-13T10:30:29,12100.0,10.8,B
2021-07-13T10:30:29,22000.0,10.8,B
2021-07-13T10:30:29,1000.0,10.8,B
2021-07-13T10:30:29,1300.0,10.8,B
2021-07-13T10:30:29,41100.0,10.8,B
2021-07-13T10:30:29,15800.0,10.8,B
2021-07-13T10:30:29,1000.0,10.8,B
2021-07-13T10:30:29,8100.0,10.8,B
2021-07-13T10:30:29,1200.0,10.8,B
2021-07-13T10:30:29,5500.0,10.8,B
2021-07-13T10:30:29,500.0,10.8,B
2021-07-13T10:30:29,11100.0,10.8,B
2021-07-13T10:30:29,70000.0,10.8,B
2021-07-13T10:30:29,13400.0,10.8,B
2021-07-13T10:30:29,5000.0,10.8,B
2021-07-13T10:30:29,1000.0,10.8,B
2021-07-13T10:30:29,600.0,10.8,B
2021-07-13T10:30:29,30200.0,10.8,B
2021-07-13T10:30:29,30100.0,10.8,B
2021-07-13T10:30:29,1100.0,10.75,B
2021-07-13T10:30:29,2200.0,10.75,B
2021-07-13T10:30:29,10200.0,10.75,B
2021-07-13T10:30:29,30500.0,10.75,B
2021-07-13T10:30:29,4500.0,10.7,B
2021-07-13T10:30:29,5000.0,10.7,B
2021-07-13T10:30:29,200.0,10.7,B
2021-07-13T10:30:29,3300.0,10.7,B
2021-07-13T10:30:29,1100.0,10.7,B
2021-07-13T10:30:29,1200.0,10.7,B
2021-07-13T10:30:29,1100.0,10.7,B
2021-07-13T10:30:29,2000.0,10.7,B
2021-07-13T10:30:29,1600.0,10.7,B
2021-07-13T10:30:29,3200.0,10.7,B
2021-07-13T10:30:29,2900.0,10.7,B
2021-07-13T10:30:29,14000.0,10.7,B
2021-07-13T10:30:29,30000.0,10.7,B
2021-07-13T10:30:29,32100.0,10.7,B
2021-07-13T10:30:29,2000.0,10.7,B
2021-07-13T10:30:29,20000.0,10.7,B
2021-07-13T10:30:29,22500.0,10.7,B
2021-07-13T10:30:29,2000.0,10.7,B
2021-07-13T10:30:29,600.0,10.7,B
2021-07-13T10:30:29,11000.0,10.7,B
2021-07-13T10:30:29,900.0,10.7,B
2021-07-13T10:30:29,21000.0,10.7,B
2021-07-13T10:30:29,22100.0,10.7,B
2021-07-13T10:30:29,18000.0,10.7,B
2021-07-13T10:30:29,1000.0,10.7,B
2021-07-13T10:30:29,20000.0,10.7,B
2021-07-13T10:30:29,700.0,10.7,B
2021-07-13T10:30:29,10300.0,10.7,B
2021-07-13T10:30:29,3500.0,10.7,B
2021-07-13T10:30:29,11800.0,10.7,B
2021-07-13T10:30:29,59000.0,10.7,B
2021-07-13T10:30:29,12300.0,10.7,B
2021-07-13T10:30:29,500.0,10.65,B
2021-07-13T10:30:29,1100.0,10.65,B
2021-07-13T10:30:29,500.0,10.65,B
2021-07-13T10:30:29,10800.0,10.65,B
2021-07-13T10:30:29,24700.0,10.65,B
2021-07-13T10:30:29,59000.0,10.65,B
2021-07-13T10:30:29,500.0,10.65,B
2021-07-13T10:30:29,50000.0,10.65,B
2021-07-13T10:30:29,2000.0,10.65,B
2021-07-13T10:30:29,20100.0,10.65,B
2021-07-13T10:30:29,2100.0,10.65,B
2021-07-13T10:30:29,10000.0,10.65,B
2021-07-13T10:30:29,5500.0,10.65,B
2021-07-13T10:30:29,2100.0,10.65,B
2021-07-13T10:30:29,5300.0,10.65,B
2021-07-13T10:30:29,19000.0,10.65,B
2021-07-13T10:30:29,15500.0,10.6,B
2021-07-13T10:30:29,2500.0,10.6,B
2021-07-13T10:30:29,300.0,10.6,B
2021-07-13T10:30:29,14400.0,10.6,B
2021-07-13T10:30:29,500.0,10.6,B
2021-07-13T10:30:29,800.0,10.6,B
2021-07-13T10:30:29,69300.0,10.6,B
2021-07-13T10:30:29,2400.0,10.6,B
2021-07-13T10:30:29,2000.0,10.6,B
2021-07-13T10:30:29,5600.0,10.6,B
2021-07-13T10:30:29,700.0,10.6,B
2021-07-13T10:30:29,10100.0,10.6,B
2021-07-13T10:30:29,100.0,10.6,B
2021-07-13T10:30:29,12800.0,10.6,B
2021-07-13T10:30:29,17700.0,10.6,B
2021-07-13T10:30:29,600.0,10.6,B
2021-07-13T10:30:29,2000.0,10.6,B
2021-07-13T10:30:29,6800.0,10.6,B
2021-07-13T10:30:29,1000.0,10.6,B
2021-07-13T10:30:29,3000.0,10.6,B
2021-07-13T10:30:29,19200.0,10.6,B
2021-07-13T10:30:29,25200.0,10.6,B
2021-07-13T10:30:29,15100.0,10.6,B
2021-07-13T10:30:29,10000.0,10.6,B
2021-07-13T10:30:29,2800.0,10.6,B
2021-07-13T10:30:29,2400.0,10.6,B
2021-07-13T10:30:29,13100.0,10.6,B
2021-07-13T10:30:29,39400.0,10.6,B
2021-07-13T10:30:29,23200.0,10.6,B
2021-07-13T10:30:29,67300.0,10.6,B
2021-07-13T10:30:29,12700.0,10.6,B
2021-07-13T10:30:29,100.0,10.6,B
2021-07-13T10:30:29,1500.0,10.6,B
2021-07-13T10:30:29,2000.0,10.6,B
2021-07-13T10:30:29,1300.0,10.6,B
2021-07-13T10:30:29,1000.0,10.6,B
2021-07-13T10:30:29,67300.0,10.6,B
2021-07-13T10:30:29,7400.0,10.6,B
2021-07-13T10:30:29,100.0,10.55,B
2021-07-13T10:30:29,1200.0,10.55,B
2021-07-13T10:30:29,51000.0,10.55,B
2021-07-13T10:30:29,1700.0,10.55,B
2021-07-13T10:30:29,3000.0,10.55,B
2021-07-13T10:30:29,10400.0,10.55,B
2021-07-13T10:30:29,6800.0,10.55,B
2021-07-13T10:30:29,1500.0,10.55,B
2021-07-13T10:30:29,7500.0,10.55,B
2021-07-13T10:30:29,2200.0,10.55,B
2021-07-13T10:30:29,2100.0,10.55,B
2021-07-13T10:30:29,8300.0,10.55,B
2021-07-13T10:30:29,28400.0,10.55,B
2021-07-13T10:30:27,500.0,10.55,B
2021-07-13T10:30:26,200.0,10.55,B
2021-07-13T10:30:22,4000.0,10.55,B
2021-07-13T10:30:21,100.0,10.55,B
2021-07-13T10:30:20,3000.0,10.55,B
2021-07-13T10:30:19,50000.0,10.5,S
2021-07-13T10:30:15,3000.0,10.55,B
2021-07-13T10:30:12,500.0,10.55,B
2021-07-13T10:30:03,15000.0,10.5,S
2021-07-13T10:30:02,1000.0,10.55,B
2021-07-13T10:29:50,4000.0,10.5,S
2021-07-13T10:29:37,500.0,10.55,B
2021-07-13T10:29:36,2000.0,10.55,B
2021-07-13T10:29:32,1000.0,10.5,S
2021-07-13T10:29:32,20000.0,10.55,B
2021-07-13T10:29:31,5000.0,10.5,S
