tradingTime,volume,price,side
2021-07-13T14:28:26,200.0,20.0,B
2021-07-13T14:28:21,1000.0,20.0,B
2021-07-13T14:28:08,600.0,20.0,B
2021-07-13T14:28:06,500.0,20.0,B
2021-07-13T14:28:03,2300.0,19.9,S
2021-07-13T14:27:59,1000.0,20.0,B
2021-07-13T14:27:48,100.0,20.0,B
2021-07-13T14:27:31,3000.0,20.0,B
2021-07-13T14:27:24,1000.0,20.0,B
2021-07-13T14:27:12,500.0,20.0,B
2021-07-13T14:27:12,500.0,20.0,B
2021-07-13T14:26:49,500.0,20.0,B
2021-07-13T14:26:36,500.0,20.0,B
2021-07-13T14:26:18,1000.0,20.0,B
2021-07-13T14:26:18,1200.0,20.0,B
2021-07-13T14:26:18,900.0,20.0,B
2021-07-13T14:25:48,100.0,20.0,B
2021-07-13T14:24:49,500.0,20.0,B
2021-07-13T14:24:42,200.0,19.9,S
2021-07-13T14:24:31,300.0,19.9,S
2021-07-13T14:24:27,1000.0,19.9,B
2021-07-13T14:24:27,2500.0,19.9,B
2021-07-13T14:24:20,1000.0,19.9,B
2021-07-13T14:24:10,500.0,19.9,B
2021-07-13T14:23:54,400.0,19.9,B
2021-07-13T14:23:53,1000.0,19.9,B
2021-07-13T14:23:37,900.0,19.9,B
2021-07-13T14:23:30,100.0,19.9,B
2021-07-13T14:23:16,12800.0,19.9,B
2021-07-13T14:22:25,100.0,19.9,B
2021-07-13T14:21:38,10000.0,19.9,B
2021-07-13T14:21:28,300.0,19.9,B
2021-07-13T14:20:39,500.0,19.9,B
2021-07-13T14:20:06,100.0,19.85,S
2021-07-13T14:19:44,100.0,19.9,B
2021-07-13T14:19:22,2000.0,19.9,B
2021-07-13T14:18:29,2000.0,19.9,B
2021-07-13T14:18:27,1000.0,19.85,S
2021-07-13T14:18:20,100.0,19.9,B
2021-07-13T14:17:57,400.0,19.85,S
2021-07-13T14:17:43,1000.0,19.85,S
2021-07-13T14:16:01,100.0,19.9,B
2021-07-13T14:15:25,2000.0,19.8,S
2021-07-13T14:15:08,500.0,19.8,S
2021-07-13T14:15:08,1500.0,19.8,S
2021-07-13T14:14:51,100.0,19.85,B
2021-07-13T14:14:32,100.0,19.85,B
2021-07-13T14:13:54,500.0,19.85,B
2021-07-13T14:13:49,500.0,19.85,B
2021-07-13T14:13:44,500.0,19.85,B
2021-07-13T14:13:39,100.0,19.85,B
2021-07-13T14:13:39,300.0,19.85,B
2021-07-13T14:13:34,900.0,19.85,B
2021-07-13T14:13:34,1200.0,19.85,B
2021-07-13T14:13:34,900.0,19.85,B
2021-07-13T14:13:28,2900.0,19.85,B
2021-07-13T14:13:12,2000.0,19.85,B
2021-07-13T14:13:12,100.0,19.85,B
2021-07-13T14:13:09,100.0,19.85,B
2021-07-13T14:12:54,100.0,19.85,B
2021-07-13T14:12:52,100.0,19.8,S
2021-07-13T14:12:29,8000.0,19.85,B
2021-07-13T14:12:17,500.0,19.8,S
2021-07-13T14:11:57,100.0,19.85,B
2021-07-13T14:11:49,1000.0,19.85,B
2021-07-13T14:11:47,2000.0,19.85,B
2021-07-13T14:11:30,2000.0,19.85,B
2021-07-13T14:11:25,2000.0,19.85,B
2021-07-13T14:10:49,100.0,19.85,B
2021-07-13T14:10:28,3000.0,19.8,S
2021-07-13T14:10:18,100.0,19.85,B
2021-07-13T14:10:12,1000.0,19.85,B
2021-07-13T14:09:33,200.0,19.85,B
2021-07-13T14:08:56,1000.0,19.85,B
2021-07-13T14:08:48,100.0,19.85,B
2021-07-13T14:08:17,100.0,19.85,B
2021-07-13T14:07:39,100.0,19.85,B
2021-07-13T14:06:47,2000.0,19.85,S
2021-07-13T14:06:47,1500.0,19.85,S
2021-07-13T14:06:47,1100.0,19.85,S
2021-07-13T14:06:47,4300.0,19.85,S
2021-07-13T14:06:25,600.0,19.85,S
2021-07-13T14:06:24,200.0,19.85,S
2021-07-13T14:06:10,300.0,19.85,S
2021-07-13T14:05:33,300.0,19.9,S
2021-07-13T14:05:27,500.0,19.9,S
2021-07-13T14:04:57,200.0,19.9,S
2021-07-13T14:04:02,500.0,19.9,S
2021-07-13T14:03:08,500.0,19.9,S
2021-07-13T14:02:38,800.0,19.9,S
2021-07-13T14:02:38,2100.0,19.9,S
2021-07-13T14:02:38,2000.0,19.9,S
2021-07-13T14:01:10,1000.0,19.9,S
2021-07-13T14:00:32,100.0,19.9,S
2021-07-13T13:58:42,400.0,19.95,S
2021-07-13T13:57:47,100.0,20.0,B
2021-07-13T13:56:10,100.0,20.0,B
2021-07-13T13:55:31,100.0,20.0,B
2021-07-13T13:54:37,200.0,20.0,B
2021-07-13T13:49:07,1000.0,19.95,S
2021-07-13T13:48:02,3900.0,19.95,B
2021-07-13T13:46:26,1500.0,19.95,B
2021-07-13T13:46:01,3000.0,20.0,S
2021-07-13T13:46:01,200.0,20.0,S
2021-07-13T13:45:51,100.0,20.05,B
2021-07-13T13:44:44,100.0,19.9,S
2021-07-13T13:44:44,500.0,20.0,B
2021-07-13T13:44:36,400.0,20.0,B
2021-07-13T13:44:05,1800.0,19.9,B
2021-07-13T13:44:05,1000.0,19.9,B
2021-07-13T13:43:57,700.0,19.9,B
2021-07-13T13:43:46,1000.0,19.9,S
2021-07-13T13:43:46,500.0,19.9,S
2021-07-13T13:43:38,500.0,20.0,B
2021-07-13T13:43:27,400.0,20.0,B
2021-07-13T13:43:00,100.0,20.0,B
2021-07-13T13:42:28,1000.0,20.0,B
2021-07-13T13:41:32,700.0,20.0,B
2021-07-13T13:41:32,300.0,20.0,B
2021-07-13T13:40:02,500.0,19.85,S
2021-07-13T13:39:48,200.0,19.85,S
2021-07-13T13:37:40,4900.0,19.85,S
2021-07-13T13:37:40,800.0,19.9,S
2021-07-13T13:37:40,3800.0,19.95,S
2021-07-13T13:35:58,500.0,20.0,B
2021-07-13T13:35:03,700.0,19.95,S
2021-07-13T13:32:54,100.0,20.0,S
2021-07-13T13:32:33,500.0,20.0,S
2021-07-13T13:32:33,600.0,20.0,S
2021-07-13T13:32:18,1000.0,20.0,S
2021-07-13T13:29:06,3500.0,20.15,B
2021-07-13T13:28:49,2000.0,20.0,S
2021-07-13T13:28:15,100.0,20.1,B
2021-07-13T13:28:04,200.0,20.0,S
2021-07-13T13:26:32,1000.0,19.95,S
2021-07-13T13:26:19,300.0,20.0,S
2021-07-13T13:26:01,3100.0,20.0,B
2021-07-13T13:25:57,500.0,19.95,B
2021-07-13T13:25:56,200.0,19.9,S
2021-07-13T13:24:01,500.0,19.85,S
2021-07-13T13:22:53,700.0,19.8,S
2021-07-13T13:22:37,500.0,19.85,S
2021-07-13T13:21:51,2000.0,19.9,S
2021-07-13T13:21:21,2000.0,19.9,S
2021-07-13T13:21:21,2800.0,19.9,S
2021-07-13T13:20:48,500.0,19.95,S
2021-07-13T13:20:34,1400.0,20.0,S
2021-07-13T13:20:34,300.0,20.0,S
2021-07-13T13:20:34,800.0,20.0,S
2021-07-13T13:20:34,100.0,20.0,S
2021-07-13T13:20:34,300.0,20.0,S
2021-07-13T13:20:34,100.0,20.0,S
2021-07-13T13:20:34,200.0,20.0,S
2021-07-13T13:20:34,900.0,20.0,S
2021-07-13T13:20:34,200.0,20.0,S
2021-07-13T13:20:34,200.0,20.0,S
2021-07-13T13:20:34,300.0,20.0,S
2021-07-13T13:20:34,1200.0,20.0,S
2021-07-13T13:20:34,600.0,20.0,S
2021-07-13T13:20:34,100.0,20.0,S
2021-07-13T13:20:34,400.0,20.0,S
2021-07-13T13:20:32,100.0,20.0,S
2021-07-13T13:20:32,100.0,20.0,S
2021-07-13T13:20:29,300.0,20.0,S
2021-07-13T13:20:28,300.0,20.0,S
2021-07-13T13:19:48,400.0,20.1,B
2021-07-13T13:18:52,500.0,20.1,B
2021-07-13T13:18:48,1300.0,20.0,S
2021-07-13T13:18:48,900.0,20.0,S
2021-07-13T13:18:48,800.0,20.0,S
2021-07-13T13:18:48,100.0,20.0,S
2021-07-13T13:18:48,500.0,20.0,S
2021-07-13T13:18:41,100.0,20.05,S
2021-07-13T13:18:25,1000.0,20.05,S
2021-07-13T13:16:40,200.0,20.1,S
2021-07-13T13:16:27,500.0,20.1,S
2021-07-13T13:16:01,500.0,20.1,S
2021-07-13T13:15:34,100.0,20.1,S
2021-07-13T13:11:59,100.0,20.1,S
2021-07-13T13:11:41,700.0,20.1,B
2021-07-13T13:10:36,200.0,20.1,B
2021-07-13T13:08:34,900.0,20.1,B
2021-07-13T13:07:52,100.0,20.1,S
2021-07-13T13:07:47,100.0,20.1,S
2021-07-13T13:06:51,200.0,20.1,S
2021-07-13T13:05:32,500.0,20.1,B
2021-07-13T13:05:08,2000.0,20.1,B
2021-07-13T13:04:39,400.0,20.05,S
2021-07-13T13:04:38,100.0,20.05,B
2021-07-13T13:04:11,100.0,20.05,B
2021-07-13T13:03:49,100.0,20.05,B
2021-07-13T13:03:24,1000.0,20.05,B
2021-07-13T13:02:22,1000.0,20.05,B
2021-07-13T13:02:02,700.0,20.0,S
2021-07-13T13:02:02,3300.0,20.0,S
2021-07-13T13:01:24,500.0,20.05,S
2021-07-13T13:01:24,1100.0,20.05,S
2021-07-13T13:00:42,500.0,20.1,B
2021-07-13T13:00:34,1200.0,20.1,B
2021-07-13T13:00:01,100.0,20.1,S
2021-07-13T13:00:01,300.0,20.1,S
2021-07-13T13:00:01,100.0,20.1,S
2021-07-13T13:00:01,100.0,20.1,S
2021-07-13T13:00:01,700.0,20.1,S
2021-07-13T13:00:01,7800.0,20.1,S
2021-07-13T13:00:01,11000.0,20.1,S
2021-07-13T11:28:04,200.0,20.15,S
2021-07-13T11:28:03,1000.0,20.1,S
2021-07-13T11:27:40,300.0,20.1,S
2021-07-13T11:26:53,4000.0,20.1,S
2021-07-13T11:25:54,1300.0,20.1,S
2021-07-13T11:25:32,300.0,20.1,S
2021-07-13T11:24:52,500.0,20.15,S
2021-07-13T11:24:50,300.0,20.15,S
2021-07-13T11:24:26,200.0,20.15,B
2021-07-13T11:23:30,100.0,20.15,B
2021-07-13T11:23:14,200.0,20.15,B
2021-07-13T11:22:28,300.0,20.15,B
2021-07-13T11:21:21,100.0,20.15,B
2021-07-13T11:20:52,200.0,20.2,S
2021-07-13T11:20:38,300.0,20.2,B
2021-07-13T11:20:38,500.0,20.2,B
2021-07-13T11:20:25,200.0,20.15,S
2021-07-13T11:17:46,1200.0,20.1,S
2021-07-13T11:17:30,200.0,20.15,B
2021-07-13T11:17:22,100.0,20.15,B
2021-07-13T11:16:55,500.0,20.15,B
2021-07-13T11:16:43,1200.0,20.15,B
2021-07-13T11:15:33,100.0,20.15,B
2021-07-13T11:15:29,1700.0,20.15,S
2021-07-13T11:14:01,400.0,20.15,S
2021-07-13T11:12:52,3900.0,20.15,S
2021-07-13T11:12:47,200.0,20.2,B
2021-07-13T11:12:28,200.0,20.2,B
2021-07-13T11:11:24,800.0,20.2,B
2021-07-13T11:11:24,100.0,20.2,B
2021-07-13T11:10:41,1900.0,20.2,S
2021-07-13T11:09:41,2000.0,20.2,S
2021-07-13T11:09:24,1100.0,20.2,B
2021-07-13T11:08:40,5200.0,20.2,B
2021-07-13T11:07:45,1000.0,20.2,B
2021-07-13T11:07:29,100.0,20.2,B
2021-07-13T11:07:18,5000.0,20.15,S
2021-07-13T11:07:11,800.0,20.15,S
2021-07-13T11:06:52,100.0,20.15,S
2021-07-13T11:06:27,200.0,20.2,B
2021-07-13T11:06:04,1800.0,20.15,B
2021-07-13T11:05:47,500.0,20.15,B
2021-07-13T11:05:21,3200.0,20.15,S
2021-07-13T11:04:46,200.0,20.15,S
2021-07-13T11:04:16,2000.0,20.15,S
2021-07-13T11:02:40,500.0,20.1,S
2021-07-13T11:02:23,1000.0,20.15,S
2021-07-13T10:59:08,1000.0,20.15,S
2021-07-13T10:58:35,100.0,20.2,S
2021-07-13T10:58:02,400.0,20.15,S
2021-07-13T10:56:58,100.0,20.15,S
2021-07-13T10:56:58,200.0,20.15,B
2021-07-13T10:56:46,1000.0,20.15,B
2021-07-13T10:56:27,1000.0,20.15,B
2021-07-13T10:56:08,100.0,20.1,S
2021-07-13T10:56:02,6300.0,20.15,S
2021-07-13T10:55:36,100.0,20.15,S
2021-07-13T10:53:11,2400.0,20.1,S
2021-07-13T10:53:11,5000.0,20.15,S
2021-07-13T10:53:11,2600.0,20.15,S
2021-07-13T10:53:08,200.0,20.2,S
2021-07-13T10:52:51,100.0,20.2,S
2021-07-13T10:52:11,200.0,20.2,S
2021-07-13T10:51:44,600.0,20.2,B
2021-07-13T10:51:35,800.0,20.15,S
2021-07-13T10:51:34,300.0,20.15,S
2021-07-13T10:50:32,200.0,20.15,S
2021-07-13T10:50:10,300.0,20.15,S
2021-07-13T10:46:44,300.0,20.2,S
2021-07-13T10:46:44,500.0,20.2,S
2021-07-13T10:45:00,2000.0,20.2,S
2021-07-13T10:42:56,100.0,20.3,B
2021-07-13T10:42:44,200.0,20.3,B
2021-07-13T10:42:44,300.0,20.3,B
2021-07-13T10:42:18,1300.0,20.3,B
2021-07-13T10:41:35,2000.0,20.3,B
2021-07-13T10:41:10,900.0,20.2,S
2021-07-13T10:41:10,100.0,20.2,S
2021-07-13T10:41:07,500.0,20.3,B
2021-07-13T10:41:04,300.0,20.3,B
2021-07-13T10:40:50,700.0,20.3,B
2021-07-13T10:40:28,1000.0,20.3,B
2021-07-13T10:40:27,200.0,20.2,B
2021-07-13T10:40:26,100.0,20.2,B
2021-07-13T10:40:15,4000.0,20.2,B
2021-07-13T10:40:02,900.0,20.2,B
2021-07-13T10:39:35,1200.0,20.2,B
2021-07-13T10:39:34,3000.0,20.15,S
2021-07-13T10:39:13,2000.0,20.2,B
2021-07-13T10:39:13,800.0,20.2,B
2021-07-13T10:38:44,800.0,20.2,B
2021-07-13T10:38:21,3800.0,20.15,S
2021-07-13T10:37:16,200.0,20.2,B
2021-07-13T10:36:41,200.0,20.2,B
2021-07-13T10:36:21,500.0,20.15,S
2021-07-13T10:36:11,200.0,20.2,B
2021-07-13T10:36:11,1700.0,20.2,B
2021-07-13T10:36:11,200.0,20.2,B
2021-07-13T10:36:11,100.0,20.2,B
2021-07-13T10:35:39,1000.0,20.15,S
2021-07-13T10:35:06,1000.0,20.2,B
2021-07-13T10:34:33,1000.0,20.15,S
2021-07-13T10:33:32,200.0,20.2,B
2021-07-13T10:33:29,10900.0,20.1,S
2021-07-13T10:33:10,500.0,20.15,S
2021-07-13T10:31:06,100.0,20.2,B
2021-07-13T10:30:44,100.0,20.2,B
2021-07-13T10:28:02,1000.0,20.15,S
2021-07-13T10:27:38,100.0,20.15,S
2021-07-13T10:27:25,100.0,20.2,B
2021-07-13T10:26:35,1000.0,20.2,B
2021-07-13T10:26:09,100.0,20.2,B
2021-07-13T10:25:47,1200.0,20.2,B
2021-07-13T10:25:36,400.0,20.15,S
2021-07-13T10:24:56,3000.0,20.2,B
2021-07-13T10:24:08,600.0,20.2,B
2021-07-13T10:24:08,3800.0,20.2,B
2021-07-13T10:22:58,1000.0,20.2,B
2021-07-13T10:22:52,1000.0,20.15,S
2021-07-13T10:22:34,2500.0,20.2,B
2021-07-13T10:21:30,1000.0,20.15,S
2021-07-13T10:21:10,100.0,20.15,S
2021-07-13T10:20:56,5000.0,20.15,S
2021-07-13T10:20:22,4000.0,20.15,S
2021-07-13T10:20:19,500.0,20.2,B
2021-07-13T10:20:07,400.0,20.2,B
2021-07-13T10:17:47,1000.0,20.2,B
2021-07-13T10:15:21,300.0,20.2,B
2021-07-13T10:15:07,500.0,20.2,B
2021-07-13T10:13:58,100.0,20.2,B
2021-07-13T10:13:06,100.0,20.2,B
2021-07-13T10:12:59,2000.0,20.2,B
2021-07-13T10:12:44,300.0,20.2,B
2021-07-13T10:12:09,800.0,20.15,S
2021-07-13T10:12:01,200.0,20.15,S
2021-07-13T10:11:38,300.0,20.15,B
2021-07-13T10:11:12,200.0,20.15,S
2021-07-13T10:10:52,4000.0,20.15,B
2021-07-13T10:10:17,300.0,20.2,B
2021-07-13T10:09:25,4000.0,20.2,B
2021-07-13T10:09:23,300.0,20.15,B
2021-07-13T10:07:29,100.0,20.2,B
2021-07-13T10:06:38,700.0,20.15,B
2021-07-13T10:06:25,300.0,20.15,B
2021-07-13T10:06:22,100.0,20.15,B
2021-07-13T10:06:03,900.0,20.15,B
2021-07-13T10:05:49,2000.0,20.15,B
2021-07-13T10:05:35,100.0,20.05,B
2021-07-13T10:05:30,900.0,20.0,S
2021-07-13T10:04:32,600.0,20.0,S
2021-07-13T10:04:29,100.0,20.2,B
2021-07-13T10:04:10,500.0,20.0,S
2021-07-13T10:04:07,2100.0,20.0,S
2021-07-13T10:04:07,400.0,20.0,S
2021-07-13T10:04:07,2000.0,20.0,S
2021-07-13T10:04:07,4000.0,20.0,S
2021-07-13T10:04:07,3000.0,20.0,S
2021-07-13T10:04:07,100.0,20.0,S
2021-07-13T10:04:07,7900.0,20.0,S
2021-07-13T10:04:00,3200.0,20.2,B
2021-07-13T10:03:07,100.0,20.2,B
2021-07-13T10:02:57,900.0,20.2,B
2021-07-13T10:02:56,3000.0,20.15,S
2021-07-13T10:02:49,1000.0,20.15,S
2021-07-13T10:02:40,500.0,20.15,S
2021-07-13T10:02:31,1000.0,20.15,S
2021-07-13T10:02:17,1600.0,20.15,B
2021-07-13T10:01:56,1000.0,20.15,B
2021-07-13T10:01:56,200.0,20.15,B
2021-07-13T10:01:29,100.0,20.1,S
2021-07-13T10:01:12,1000.0,20.15,B
2021-07-13T10:01:05,1400.0,20.1,B
2021-07-13T10:00:43,1000.0,20.1,B
2021-07-13T10:00:06,200.0,20.1,B
2021-07-13T09:59:41,300.0,20.1,S
2021-07-13T09:59:16,2000.0,20.1,S
2021-07-13T09:58:55,100.0,20.15,S
2021-07-13T09:58:23,400.0,20.15,S
2021-07-13T09:58:12,200.0,20.2,B
2021-07-13T09:58:11,100.0,20.2,B
2021-07-13T09:57:57,500.0,20.2,B
2021-07-13T09:57:40,5000.0,20.2,B
2021-07-13T09:56:56,100.0,20.2,B
2021-07-13T09:56:30,1000.0,20.2,B
2021-07-13T09:56:25,100.0,20.2,B
2021-07-13T09:56:11,1200.0,20.2,S
2021-07-13T09:56:11,1100.0,20.2,S
2021-07-13T09:56:11,100.0,20.2,S
2021-07-13T09:56:03,700.0,20.25,S
2021-07-13T09:55:25,6800.0,20.3,S
2021-07-13T09:55:22,100.0,20.35,S
2021-07-13T09:54:52,700.0,20.4,S
2021-07-13T09:54:47,4400.0,20.4,S
2021-07-13T09:54:12,600.0,20.4,S
2021-07-13T09:54:01,500.0,20.4,S
2021-07-13T09:52:01,3800.0,20.4,B
2021-07-13T09:51:51,100.0,20.4,B
2021-07-13T09:51:50,6200.0,20.4,S
2021-07-13T09:51:50,1300.0,20.4,S
2021-07-13T09:51:50,1500.0,20.4,S
2021-07-13T09:51:50,7100.0,20.4,S
2021-07-13T09:51:27,1100.0,20.5,S
2021-07-13T09:51:27,2900.0,20.5,S
2021-07-13T09:51:18,1000.0,20.5,S
2021-07-13T09:51:09,100.0,20.6,B
2021-07-13T09:50:16,4000.0,20.5,S
2021-07-13T09:49:52,2700.0,20.5,S
2021-07-13T09:48:00,200.0,20.5,S
2021-07-13T09:47:56,4700.0,20.5,B
2021-07-13T09:47:44,7800.0,20.5,S
2021-07-13T09:47:33,100.0,20.5,S
2021-07-13T09:46:00,400.0,20.5,S
2021-07-13T09:44:59,800.0,20.5,S
2021-07-13T09:44:54,200.0,20.5,S
2021-07-13T09:44:49,200.0,20.5,S
2021-07-13T09:44:29,5900.0,20.5,B
2021-07-13T09:44:04,9100.0,20.5,S
2021-07-13T09:43:59,100.0,20.55,S
2021-07-13T09:43:32,300.0,20.55,S
2021-07-13T09:43:05,700.0,20.55,S
2021-07-13T09:43:02,300.0,20.55,S
2021-07-13T09:42:49,4000.0,20.55,B
2021-07-13T09:42:15,200.0,20.5,S
2021-07-13T09:41:55,200.0,20.5,S
2021-07-13T09:40:59,6000.0,20.5,S
2021-07-13T09:40:39,300.0,20.55,B
2021-07-13T09:40:39,2200.0,20.55,B
2021-07-13T09:39:58,400.0,20.55,S
2021-07-13T09:38:06,100.0,20.6,B
2021-07-13T09:38:04,5600.0,20.6,S
2021-07-13T09:38:00,500.0,20.6,S
2021-07-13T09:37:55,7100.0,20.6,S
2021-07-13T09:37:49,900.0,20.55,S
2021-07-13T09:37:49,100.0,20.55,S
2021-07-13T09:37:45,100.0,20.6,B
2021-07-13T09:37:43,200.0,20.55,S
2021-07-13T09:37:29,1000.0,20.6,B
2021-07-13T09:37:02,1100.0,20.6,S
2021-07-13T09:37:02,1300.0,20.6,S
2021-07-13T09:36:18,500.0,20.65,B
2021-07-13T09:36:09,400.0,20.6,S
2021-07-13T09:35:40,100.0,20.6,B
2021-07-13T09:35:40,1600.0,20.6,B
2021-07-13T09:35:40,6600.0,20.6,B
2021-07-13T09:35:32,500.0,20.55,S
2021-07-13T09:35:15,1000.0,20.55,S
2021-07-13T09:34:38,300.0,20.55,S
2021-07-13T09:33:53,100.0,20.5,B
2021-07-13T09:33:40,100.0,20.6,B
2021-07-13T09:32:59,100.0,20.6,B
2021-07-13T09:32:21,100.0,20.6,B
2021-07-13T09:32:04,3100.0,20.6,B
2021-07-13T09:32:02,400.0,20.5,S
2021-07-13T09:31:27,700.0,20.5,S
2021-07-13T09:31:27,300.0,20.5,S
2021-07-13T09:31:18,100.0,20.6,B
2021-07-13T09:30:28,800.0,20.6,B
2021-07-13T09:30:02,200.0,20.6,B
2021-07-13T09:30:00,400.0,20.4,S
2021-07-13T09:29:50,1000.0,20.4,S
2021-07-13T09:29:32,5400.0,20.4,B
2021-07-13T09:28:58,300.0,20.4,B
2021-07-13T09:28:41,100.0,20.35,S
2021-07-13T09:27:35,200.0,20.35,S
2021-07-13T09:27:15,100.0,20.35,B
2021-07-13T09:27:15,300.0,20.35,B
2021-07-13T09:27:14,1000.0,20.35,B
2021-07-13T09:27:04,200.0,20.35,B
2021-07-13T09:26:29,1100.0,20.35,B
2021-07-13T09:26:01,400.0,20.35,B
2021-07-13T09:26:01,600.0,20.35,B
2021-07-13T09:26:00,500.0,20.25,S
2021-07-13T09:25:37,100.0,20.25,S
2021-07-13T09:25:24,1000.0,20.35,B
2021-07-13T09:25:17,500.0,20.25,S
2021-07-13T09:25:12,400.0,20.25,S
2021-07-13T09:24:53,100.0,20.25,S
2021-07-13T09:22:54,500.0,20.35,B
2021-07-13T09:22:49,100.0,20.2,S
2021-07-13T09:22:45,300.0,20.4,S
2021-07-13T09:22:42,100.0,20.4,S
2021-07-13T09:22:22,200.0,20.4,S
2021-07-13T09:22:21,400.0,20.5,S
2021-07-13T09:22:06,100.0,20.55,S
2021-07-13T09:21:44,1000.0,20.6,S
2021-07-13T09:21:42,100.0,20.75,B
2021-07-13T09:21:31,1300.0,20.65,S
2021-07-13T09:21:22,10000.0,20.65,S
2021-07-13T09:20:47,100.0,20.75,S
2021-07-13T09:20:42,100.0,20.65,S
2021-07-13T09:20:22,900.0,20.7,S
2021-07-13T09:20:15,200.0,20.7,S
2021-07-13T09:20:11,100.0,20.7,S
2021-07-13T09:19:27,1000.0,20.8,B
2021-07-13T09:19:27,300.0,20.7,S
2021-07-13T09:19:14,100.0,20.8,B
2021-07-13T09:19:12,1000.0,20.7,S
2021-07-13T09:19:06,100.0,20.8,B
2021-07-13T09:18:52,100.0,20.7,S
2021-07-13T09:18:41,500.0,20.7,B
2021-07-13T09:18:30,2000.0,20.8,B
2021-07-13T09:18:26,600.0,20.7,B
2021-07-13T09:18:26,1400.0,20.7,S
2021-07-13T09:18:15,1000.0,20.75,S
2021-07-13T09:18:08,3000.0,20.8,B
2021-07-13T09:18:02,1000.0,20.7,S
2021-07-13T09:18:00,5000.0,20.8,B
2021-07-13T09:17:55,100.0,20.8,B
2021-07-13T09:17:47,1000.0,20.7,S
2021-07-13T09:17:22,1000.0,20.8,B
2021-07-13T09:17:18,200.0,20.75,B
2021-07-13T09:17:16,500.0,20.75,B
2021-07-13T09:16:45,100.0,20.8,B
2021-07-13T09:16:25,900.0,20.65,S
