tradingTime,volume,price,side
2021-07-13T14:29:49,2000.0,33.8,S
2021-07-13T14:29:45,1200.0,33.8,S
2021-07-13T14:29:44,1100.0,33.8,S
2021-07-13T14:29:37,2300.0,33.8,S
2021-07-13T14:28:56,1000.0,33.8,S
2021-07-13T14:28:52,1000.0,33.8,S
2021-07-13T14:28:44,1000.0,33.8,S
2021-07-13T14:28:40,1000.0,33.8,S
2021-07-13T14:28:30,3700.0,33.8,B
2021-07-13T14:28:26,1600.0,33.8,B
2021-07-13T14:28:12,500.0,33.8,B
2021-07-13T14:28:07,900.0,33.8,B
2021-07-13T14:28:07,400.0,33.8,B
2021-07-13T14:28:07,300.0,33.8,B
2021-07-13T14:28:07,1000.0,33.8,B
2021-07-13T14:28:07,2400.0,33.8,B
2021-07-13T14:28:06,600.0,33.8,B
2021-07-13T14:28:05,100.0,33.75,S
2021-07-13T14:28:03,1000.0,33.75,S
2021-07-13T14:28:01,600.0,33.8,B
2021-07-13T14:28:00,500.0,33.8,B
2021-07-13T14:27:56,600.0,33.8,B
2021-07-13T14:27:55,1000.0,33.7,S
2021-07-13T14:27:52,800.0,33.75,S
2021-07-13T14:27:51,1700.0,33.75,B
2021-07-13T14:27:46,1000.0,33.75,B
2021-07-13T14:27:44,2300.0,33.75,B
2021-07-13T14:27:42,3100.0,33.75,B
2021-07-13T14:27:39,3100.0,33.75,B
2021-07-13T14:27:38,3100.0,33.75,B
2021-07-13T14:27:36,2000.0,33.75,B
2021-07-13T14:27:20,3000.0,33.75,B
2021-07-13T14:27:18,1100.0,33.75,B
2021-07-13T14:26:59,1000.0,33.7,S
2021-07-13T14:26:55,9400.0,33.7,B
2021-07-13T14:26:53,500.0,33.7,B
2021-07-13T14:26:50,4400.0,33.7,B
2021-07-13T14:26:48,600.0,33.7,B
2021-07-13T14:26:44,600.0,33.7,B
2021-07-13T14:26:43,6600.0,33.7,B
2021-07-13T14:26:43,500.0,33.65,S
2021-07-13T14:26:40,600.0,33.7,B
2021-07-13T14:26:39,1800.0,33.65,B
2021-07-13T14:26:36,2500.0,33.65,B
2021-07-13T14:26:34,800.0,33.65,B
2021-07-13T14:26:27,3100.0,33.65,B
2021-07-13T14:26:27,1000.0,33.65,B
2021-07-13T14:26:20,500.0,33.65,B
2021-07-13T14:26:20,1000.0,33.65,B
2021-07-13T14:26:17,600.0,33.65,B
2021-07-13T14:26:14,3100.0,33.65,B
2021-07-13T14:26:14,1300.0,33.65,B
2021-07-13T14:26:12,600.0,33.65,B
2021-07-13T14:26:06,500.0,33.65,B
2021-07-13T14:26:06,100.0,33.65,B
2021-07-13T14:26:05,600.0,33.6,B
2021-07-13T14:26:05,1100.0,33.6,B
2021-07-13T14:26:03,2400.0,33.6,B
2021-07-13T14:25:59,3100.0,33.6,B
2021-07-13T14:25:59,800.0,33.6,B
2021-07-13T14:25:44,500.0,33.6,B
2021-07-13T14:25:37,500.0,33.55,S
2021-07-13T14:25:37,17300.0,33.6,B
2021-07-13T14:25:23,2400.0,33.6,B
2021-07-13T14:25:18,4400.0,33.55,B
2021-07-13T14:25:00,1000.0,33.55,B
2021-07-13T14:24:59,100.0,33.5,B
2021-07-13T14:24:20,400.0,33.55,B
2021-07-13T14:24:20,1100.0,33.55,B
2021-07-13T14:24:20,2900.0,33.5,B
2021-07-13T14:24:20,2400.0,33.5,B
2021-07-13T14:24:07,200.0,33.5,B
2021-07-13T14:24:03,200.0,33.5,B
2021-07-13T14:23:53,2500.0,33.5,B
2021-07-13T14:23:52,100.0,33.5,B
2021-07-13T14:23:51,300.0,33.45,S
2021-07-13T14:23:51,700.0,33.45,S
2021-07-13T14:23:49,2500.0,33.5,B
2021-07-13T14:23:47,1000.0,33.5,B
2021-07-13T14:23:44,2000.0,33.5,B
2021-07-13T14:23:40,3100.0,33.5,B
2021-07-13T14:23:39,200.0,33.45,S
2021-07-13T14:23:38,4400.0,33.5,B
2021-07-13T14:23:34,3000.0,33.45,S
2021-07-13T14:23:32,3100.0,33.5,B
2021-07-13T14:23:29,200.0,33.45,S
2021-07-13T14:23:24,3100.0,33.5,B
2021-07-13T14:23:16,2400.0,33.5,B
2021-07-13T14:23:12,1000.0,33.45,S
2021-07-13T14:22:54,500.0,33.5,B
2021-07-13T14:22:49,600.0,33.5,B
2021-07-13T14:22:43,3000.0,33.5,B
2021-07-13T14:22:43,1400.0,33.45,B
2021-07-13T14:22:43,600.0,33.45,B
2021-07-13T14:22:38,600.0,33.45,B
2021-07-13T14:22:33,200.0,33.4,S
2021-07-13T14:22:31,3300.0,33.45,B
2021-07-13T14:22:15,100.0,33.45,B
2021-07-13T14:21:46,100.0,33.4,S
2021-07-13T14:21:41,3300.0,33.5,B
2021-07-13T14:21:39,10000.0,33.5,B
2021-07-13T14:21:35,2500.0,33.45,S
2021-07-13T14:21:25,4400.0,33.5,B
2021-07-13T14:21:06,500.0,33.5,B
2021-07-13T14:21:05,1700.0,33.5,B
2021-07-13T14:21:05,2700.0,33.5,B
2021-07-13T14:20:47,3300.0,33.5,B
2021-07-13T14:20:31,200.0,33.5,B
2021-07-13T14:20:30,4400.0,33.5,B
2021-07-13T14:20:29,700.0,33.3,S
2021-07-13T14:20:29,200.0,33.4,S
2021-07-13T14:20:29,300.0,33.4,S
2021-07-13T14:20:29,1000.0,33.4,S
2021-07-13T14:20:29,2800.0,33.4,S
2021-07-13T14:20:28,100.0,33.5,B
2021-07-13T14:20:08,3100.0,33.5,B
2021-07-13T14:19:49,3300.0,33.5,B
2021-07-13T14:19:19,100.0,33.5,B
2021-07-13T14:19:17,2000.0,33.45,S
2021-07-13T14:18:44,100.0,33.5,B
2021-07-13T14:18:38,2400.0,33.5,B
2021-07-13T14:18:29,2000.0,33.4,S
2021-07-13T14:18:25,300.0,33.5,S
2021-07-13T14:18:25,3000.0,33.5,S
2021-07-13T14:18:06,1800.0,33.6,B
2021-07-13T14:18:06,2600.0,33.55,B
2021-07-13T14:18:05,900.0,33.5,S
2021-07-13T14:18:03,300.0,33.5,S
2021-07-13T14:18:00,700.0,33.5,S
2021-07-13T14:17:54,400.0,33.55,S
2021-07-13T14:17:54,300.0,33.55,S
2021-07-13T14:17:40,400.0,33.55,B
2021-07-13T14:17:39,1100.0,33.55,B
2021-07-13T14:17:39,1900.0,33.55,B
2021-07-13T14:17:39,1000.0,33.55,B
2021-07-13T14:17:35,100.0,33.55,B
2021-07-13T14:17:23,4400.0,33.55,B
2021-07-13T14:17:04,2400.0,33.55,B
2021-07-13T14:16:29,4400.0,33.55,B
2021-07-13T14:16:02,3000.0,33.5,S
2021-07-13T14:15:43,2500.0,33.55,B
2021-07-13T14:15:15,2500.0,33.6,B
2021-07-13T14:14:59,3100.0,33.6,B
2021-07-13T14:14:59,7900.0,33.6,B
2021-07-13T14:14:02,5100.0,33.6,B
2021-07-13T14:14:02,3800.0,33.6,B
2021-07-13T14:14:02,1200.0,33.55,B
2021-07-13T14:14:02,900.0,33.55,B
2021-07-13T14:13:46,200.0,33.5,B
2021-07-13T14:13:28,1300.0,33.4,S
2021-07-13T14:13:16,100.0,33.55,S
2021-07-13T14:13:14,900.0,33.55,S
2021-07-13T14:13:12,300.0,33.55,S
2021-07-13T14:13:09,1200.0,33.55,B
2021-07-13T14:12:54,500.0,33.6,B
2021-07-13T14:12:54,100.0,33.6,B
2021-07-13T14:12:54,2800.0,33.6,B
2021-07-13T14:12:54,6000.0,33.5,B
2021-07-13T14:12:54,1600.0,33.4,B
2021-07-13T14:12:50,2400.0,33.4,S
2021-07-13T14:12:30,7000.0,33.4,S
2021-07-13T14:12:15,600.0,33.35,S
2021-07-13T14:12:02,3100.0,33.5,B
2021-07-13T14:11:58,900.0,33.5,B
2021-07-13T14:11:38,1000.0,33.5,B
2021-07-13T14:11:34,200.0,33.5,B
2021-07-13T14:11:29,5100.0,33.6,B
2021-07-13T14:11:20,500.0,33.6,B
2021-07-13T14:11:14,600.0,33.6,B
2021-07-13T14:11:12,100.0,33.6,B
2021-07-13T14:11:10,600.0,33.6,B
2021-07-13T14:11:07,600.0,33.6,B
2021-07-13T14:10:59,5600.0,33.6,B
2021-07-13T14:10:59,900.0,33.5,B
2021-07-13T14:10:58,300.0,33.5,B
2021-07-13T14:10:58,4200.0,33.5,B
2021-07-13T14:10:57,800.0,33.5,B
2021-07-13T14:10:54,300.0,33.35,S
2021-07-13T14:10:42,500.0,33.5,B
2021-07-13T14:10:36,600.0,33.5,B
2021-07-13T14:10:34,1000.0,33.5,B
2021-07-13T14:10:32,600.0,33.35,B
2021-07-13T14:10:28,600.0,33.35,B
2021-07-13T14:10:07,400.0,33.3,S
2021-07-13T14:10:07,200.0,33.35,B
2021-07-13T14:10:07,900.0,33.3,S
2021-07-13T14:10:03,300.0,33.3,S
2021-07-13T14:09:59,100.0,33.3,B
2021-07-13T14:09:59,500.0,33.3,B
2021-07-13T14:09:59,1800.0,33.3,B
2021-07-13T14:09:56,500.0,33.3,B
2021-07-13T14:09:48,1100.0,33.25,S
2021-07-13T14:09:48,100.0,33.25,S
2021-07-13T14:09:46,5100.0,33.3,B
2021-07-13T14:09:46,500.0,33.3,B
2021-07-13T14:09:34,6600.0,33.3,B
2021-07-13T14:09:26,5000.0,33.25,B
2021-07-13T14:09:12,2000.0,33.25,B
2021-07-13T14:09:10,3000.0,33.25,B
2021-07-13T14:09:08,200.0,33.2,S
2021-07-13T14:09:08,2000.0,33.2,S
2021-07-13T14:09:02,500.0,33.3,B
2021-07-13T14:08:46,9200.0,33.3,B
2021-07-13T14:08:46,4600.0,33.25,B
2021-07-13T14:08:46,1100.0,33.2,B
2021-07-13T14:08:46,300.0,33.2,B
2021-07-13T14:08:45,600.0,33.2,B
2021-07-13T14:08:27,200.0,33.2,B
2021-07-13T14:08:27,500.0,33.15,S
2021-07-13T14:08:25,500.0,33.2,B
2021-07-13T14:08:25,100.0,33.15,S
2021-07-13T14:07:53,100.0,33.15,S
2021-07-13T14:07:34,300.0,33.15,S
2021-07-13T14:07:34,1000.0,33.15,S
2021-07-13T14:07:28,1000.0,33.2,B
2021-07-13T14:07:12,3500.0,33.2,B
2021-07-13T14:07:12,3100.0,33.2,B
2021-07-13T14:07:09,2200.0,33.1,S
2021-07-13T14:07:09,3100.0,33.1,S
2021-07-13T14:07:04,3000.0,33.15,S
2021-07-13T14:07:02,900.0,33.15,S
2021-07-13T14:07:02,3100.0,33.15,S
2021-07-13T14:07:01,300.0,33.15,S
2021-07-13T14:06:58,3100.0,33.15,S
2021-07-13T14:06:57,500.0,33.15,S
2021-07-13T14:06:55,900.0,33.15,S
2021-07-13T14:06:52,300.0,33.15,S
2021-07-13T14:06:48,6500.0,33.15,S
2021-07-13T14:06:39,200.0,33.15,S
2021-07-13T14:06:33,20000.0,33.2,S
2021-07-13T14:06:33,1000.0,33.2,S
2021-07-13T14:06:33,4200.0,33.2,S
2021-07-13T14:06:33,3000.0,33.2,S
2021-07-13T14:06:30,900.0,33.2,S
2021-07-13T14:06:27,100.0,33.2,S
2021-07-13T14:06:26,10000.0,33.2,S
2021-07-13T14:06:25,300.0,33.2,S
2021-07-13T14:06:21,3300.0,33.2,S
2021-07-13T14:06:21,100.0,33.25,S
2021-07-13T14:06:21,1200.0,33.25,S
2021-07-13T14:06:19,3100.0,33.25,S
2021-07-13T14:06:12,100.0,33.25,S
2021-07-13T14:06:12,3000.0,33.25,S
2021-07-13T14:06:02,4000.0,33.25,S
2021-07-13T14:06:01,900.0,33.3,S
2021-07-13T14:05:55,2000.0,33.3,S
2021-07-13T14:05:55,800.0,33.3,S
2021-07-13T14:05:55,400.0,33.3,S
2021-07-13T14:05:55,4800.0,33.3,S
2021-07-13T14:05:54,7100.0,33.3,S
2021-07-13T14:05:43,1100.0,33.3,S
2021-07-13T14:05:43,1000.0,33.3,S
2021-07-13T14:05:43,2500.0,33.3,S
2021-07-13T14:05:36,1500.0,33.3,S
2021-07-13T14:05:36,500.0,33.3,S
2021-07-13T14:05:33,4400.0,33.4,B
2021-07-13T14:05:23,5000.0,33.4,S
2021-07-13T14:05:11,1700.0,33.4,S
2021-07-13T14:05:11,2900.0,33.45,S
2021-07-13T14:04:56,300.0,33.45,S
2021-07-13T14:04:45,2300.0,33.45,S
2021-07-13T14:04:25,2300.0,33.45,S
2021-07-13T14:04:20,4600.0,33.45,S
2021-07-13T14:04:14,400.0,33.5,B
2021-07-13T14:04:02,100.0,33.5,B
2021-07-13T14:03:58,500.0,33.5,S
2021-07-13T14:03:31,300.0,33.5,B
2021-07-13T14:03:23,200.0,33.5,B
2021-07-13T14:03:15,300.0,33.5,B
2021-07-13T14:02:57,800.0,33.45,S
2021-07-13T14:02:57,9200.0,33.45,S
2021-07-13T14:02:57,100.0,33.5,B
2021-07-13T14:02:21,200.0,33.5,S
2021-07-13T14:02:19,300.0,33.5,S
2021-07-13T14:02:19,600.0,33.5,S
2021-07-13T14:01:25,800.0,33.5,S
2021-07-13T14:01:05,100.0,33.5,B
2021-07-13T14:00:55,4600.0,33.6,B
2021-07-13T14:00:55,2000.0,33.6,B
2021-07-13T14:00:37,2000.0,33.5,S
2021-07-13T14:00:37,2400.0,33.5,S
2021-07-13T14:00:37,600.0,33.5,S
2021-07-13T14:00:32,100.0,33.55,S
2021-07-13T13:59:43,800.0,33.6,B
2021-07-13T13:59:43,5800.0,33.6,B
2021-07-13T13:58:55,6600.0,33.6,B
2021-07-13T13:58:54,2000.0,33.45,S
2021-07-13T13:58:41,500.0,33.45,S
2021-07-13T13:57:44,9500.0,33.45,S
2021-07-13T13:57:44,500.0,33.45,S
2021-07-13T13:57:08,1000.0,33.5,B
2021-07-13T13:56:26,900.0,33.6,B
2021-07-13T13:56:14,500.0,33.6,B
2021-07-13T13:55:59,700.0,33.6,S
2021-07-13T13:55:03,500.0,33.65,B
2021-07-13T13:54:50,100.0,33.65,S
2021-07-13T13:54:48,200.0,33.7,B
2021-07-13T13:54:48,100.0,33.7,B
2021-07-13T13:54:48,4100.0,33.7,B
2021-07-13T13:54:42,1300.0,33.65,B
2021-07-13T13:54:01,1200.0,33.7,B
2021-07-13T13:54:01,2000.0,33.65,B
2021-07-13T13:54:01,1100.0,33.65,B
2021-07-13T13:54:01,300.0,33.65,B
2021-07-13T13:54:01,200.0,33.65,B
2021-07-13T13:54:01,900.0,33.65,B
2021-07-13T13:54:01,1200.0,33.65,B
2021-07-13T13:54:01,2100.0,33.65,B
2021-07-13T13:54:01,2000.0,33.6,B
2021-07-13T13:53:53,300.0,33.45,S
2021-07-13T13:53:20,200.0,33.5,B
2021-07-13T13:53:03,500.0,33.5,B
2021-07-13T13:52:26,300.0,33.5,S
2021-07-13T13:52:09,1000.0,33.5,S
2021-07-13T13:52:04,100.0,33.5,S
2021-07-13T13:51:54,6300.0,33.45,S
2021-07-13T13:51:54,3100.0,33.5,S
2021-07-13T13:51:54,500.0,33.5,S
2021-07-13T13:51:54,100.0,33.5,S
2021-07-13T13:51:17,100.0,33.5,S
2021-07-13T13:51:00,100.0,33.5,S
2021-07-13T13:50:50,100.0,33.65,B
2021-07-13T13:50:15,800.0,33.65,B
2021-07-13T13:50:15,3400.0,33.6,B
2021-07-13T13:50:15,400.0,33.6,B
2021-07-13T13:50:15,2000.0,33.6,B
2021-07-13T13:49:41,1000.0,33.6,B
2021-07-13T13:48:29,300.0,33.6,B
2021-07-13T13:48:25,200.0,33.6,B
2021-07-13T13:48:24,6600.0,33.65,B
2021-07-13T13:48:19,100.0,33.6,S
2021-07-13T13:48:13,500.0,33.6,B
2021-07-13T13:48:13,500.0,33.6,B
2021-07-13T13:48:12,100.0,33.6,B
2021-07-13T13:48:02,1400.0,33.6,B
2021-07-13T13:47:44,100.0,33.6,B
2021-07-13T13:46:31,1400.0,33.6,B
2021-07-13T13:46:02,6600.0,33.65,B
2021-07-13T13:45:54,6500.0,33.5,S
2021-07-13T13:45:54,3500.0,33.5,S
2021-07-13T13:45:33,100.0,33.6,S
2021-07-13T13:45:22,5000.0,33.65,B
2021-07-13T13:45:17,100.0,33.6,S
2021-07-13T13:45:14,1500.0,33.6,S
2021-07-13T13:45:11,4000.0,33.65,B
2021-07-13T13:45:04,900.0,33.6,S
2021-07-13T13:45:00,300.0,33.6,S
2021-07-13T13:44:56,500.0,33.6,S
2021-07-13T13:44:52,300.0,33.65,B
2021-07-13T13:44:49,400.0,33.65,B
2021-07-13T13:44:45,400.0,33.65,B
2021-07-13T13:44:41,400.0,33.65,B
2021-07-13T13:44:38,400.0,33.65,B
2021-07-13T13:44:35,1400.0,33.65,B
2021-07-13T13:44:33,100.0,33.65,B
2021-07-13T13:44:33,400.0,33.65,B
2021-07-13T13:44:07,1000.0,33.65,B
2021-07-13T13:43:51,2700.0,33.6,B
2021-07-13T13:43:51,3100.0,33.6,B
2021-07-13T13:43:51,3100.0,33.6,B
2021-07-13T13:43:49,100.0,33.55,S
2021-07-13T13:43:46,3000.0,33.55,S
2021-07-13T13:43:42,1100.0,33.6,B
2021-07-13T13:43:42,100.0,33.6,B
2021-07-13T13:43:42,3200.0,33.6,B
2021-07-13T13:43:36,800.0,33.5,S
2021-07-13T13:43:31,3100.0,33.55,B
2021-07-13T13:43:21,1400.0,33.55,B
2021-07-13T13:43:18,500.0,33.55,B
2021-07-13T13:43:02,300.0,33.55,B
2021-07-13T13:42:58,400.0,33.55,B
2021-07-13T13:42:54,400.0,33.55,B
2021-07-13T13:42:51,400.0,33.55,B
2021-07-13T13:42:50,2400.0,33.5,B
2021-07-13T13:42:47,400.0,33.5,B
2021-07-13T13:42:43,900.0,33.5,B
2021-07-13T13:42:41,400.0,33.5,B
2021-07-13T13:42:38,3100.0,33.5,B
2021-07-13T13:42:32,100.0,33.5,B
2021-07-13T13:42:32,3100.0,33.5,B
2021-07-13T13:42:23,2100.0,33.5,B
2021-07-13T13:42:23,1000.0,33.5,B
2021-07-13T13:42:19,4400.0,33.5,B
2021-07-13T13:42:19,100.0,33.5,B
2021-07-13T13:42:19,200.0,33.5,B
2021-07-13T13:42:17,400.0,33.5,B
2021-07-13T13:42:16,500.0,33.5,B
2021-07-13T13:42:15,1900.0,33.5,B
2021-07-13T13:42:15,400.0,33.5,B
2021-07-13T13:42:12,400.0,33.5,B
2021-07-13T13:42:07,400.0,33.5,B
2021-07-13T13:42:05,5400.0,33.45,B
2021-07-13T13:42:03,400.0,33.45,B
2021-07-13T13:41:58,400.0,33.45,B
2021-07-13T13:41:55,100.0,33.45,B
2021-07-13T13:41:55,900.0,33.45,B
2021-07-13T13:41:55,2100.0,33.45,B
2021-07-13T13:41:55,300.0,33.45,B
2021-07-13T13:41:54,1600.0,33.4,S
2021-07-13T13:41:42,300.0,33.45,B
2021-07-13T13:41:39,400.0,33.45,B
2021-07-13T13:41:32,400.0,33.45,B
2021-07-13T13:41:32,7200.0,33.45,B
2021-07-13T13:41:32,1400.0,33.4,B
2021-07-13T13:41:32,2100.0,33.4,B
2021-07-13T13:41:32,300.0,33.4,B
2021-07-13T13:41:30,400.0,33.4,B
2021-07-13T13:41:26,400.0,33.4,B
2021-07-13T13:41:21,400.0,33.4,B
2021-07-13T13:41:05,500.0,33.4,B
2021-07-13T13:40:08,1000.0,33.3,B
2021-07-13T13:39:51,1000.0,33.3,S
2021-07-13T13:39:49,3100.0,33.4,B
2021-07-13T13:39:42,1000.0,33.4,B
2021-07-13T13:39:04,100.0,33.4,B
2021-07-13T13:39:04,4300.0,33.35,B
2021-07-13T13:39:04,100.0,33.25,B
2021-07-13T13:38:45,6300.0,33.2,S
2021-07-13T13:38:45,700.0,33.25,S
2021-07-13T13:38:45,3000.0,33.25,S
2021-07-13T13:38:44,1200.0,33.25,S
2021-07-13T13:38:36,800.0,33.3,B
2021-07-13T13:38:36,700.0,33.3,B
2021-07-13T13:37:59,1100.0,33.3,S
2021-07-13T13:37:59,1200.0,33.3,S
2021-07-13T13:37:58,300.0,33.3,S
2021-07-13T13:37:54,900.0,33.3,S
2021-07-13T13:37:54,300.0,33.3,S
2021-07-13T13:37:50,900.0,33.3,S
2021-07-13T13:37:49,300.0,33.3,S
2021-07-13T13:37:45,700.0,33.3,S
2021-07-13T13:37:31,100.0,33.3,S
2021-07-13T13:37:31,400.0,33.3,S
2021-07-13T13:37:31,2400.0,33.3,S
2021-07-13T13:36:42,2000.0,33.3,S
2021-07-13T13:36:05,300.0,33.3,S
2021-07-13T13:35:33,1000.0,33.3,S
2021-07-13T13:35:32,10000.0,33.3,S
2021-07-13T13:35:00,1300.0,33.45,B
2021-07-13T13:35:00,3100.0,33.45,B
2021-07-13T13:34:35,1900.0,33.45,S
2021-07-13T13:34:27,3100.0,33.45,B
2021-07-13T13:34:14,200.0,33.45,B
2021-07-13T13:33:48,100.0,33.45,B
2021-07-13T13:33:12,5000.0,33.5,B
2021-07-13T13:33:12,200.0,33.35,S
2021-07-13T13:33:07,1000.0,33.35,S
2021-07-13T13:33:00,3000.0,33.35,S
2021-07-13T13:32:53,400.0,33.4,B
2021-07-13T13:32:46,100.0,33.4,B
2021-07-13T13:32:31,4400.0,33.4,B
2021-07-13T13:32:18,4500.0,33.35,S
2021-07-13T13:31:43,4400.0,33.5,B
2021-07-13T13:30:39,4000.0,33.5,B
2021-07-13T13:30:39,400.0,33.45,B
2021-07-13T13:30:01,200.0,33.5,S
2021-07-13T13:29:15,2600.0,33.55,B
2021-07-13T13:29:15,6700.0,33.55,B
2021-07-13T13:29:09,2000.0,33.5,S
2021-07-13T13:29:06,700.0,33.5,S
2021-07-13T13:28:44,1000.0,33.55,B
2021-07-13T13:28:39,5000.0,33.5,S
2021-07-13T13:28:38,2700.0,33.5,S
2021-07-13T13:28:38,300.0,33.5,S
2021-07-13T13:28:28,2000.0,33.55,B
2021-07-13T13:28:23,300.0,33.55,B
2021-07-13T13:28:20,15000.0,33.55,B
2021-07-13T13:28:08,100.0,33.55,B
2021-07-13T13:27:57,200.0,33.55,B
2021-07-13T13:27:53,700.0,33.55,B
2021-07-13T13:27:49,1000.0,33.5,B
2021-07-13T13:27:49,700.0,33.5,B
2021-07-13T13:27:48,700.0,33.5,B
2021-07-13T13:27:45,700.0,33.5,B
2021-07-13T13:27:24,3900.0,33.5,B
2021-07-13T13:27:24,900.0,33.5,B
2021-07-13T13:27:24,1300.0,33.5,B
2021-07-13T13:27:24,200.0,33.45,B
2021-07-13T13:27:18,100.0,33.35,S
2021-07-13T13:27:14,100.0,33.45,B
2021-07-13T13:27:14,100.0,33.45,B
2021-07-13T13:27:03,600.0,33.35,B
2021-07-13T13:26:54,200.0,33.35,B
2021-07-13T13:26:53,200.0,33.35,B
2021-07-13T13:26:40,200.0,33.35,B
2021-07-13T13:26:36,100.0,33.3,S
2021-07-13T13:26:35,100.0,33.3,S
2021-07-13T13:26:22,900.0,33.3,B
2021-07-13T13:26:17,1000.0,33.25,S
2021-07-13T13:26:16,300.0,33.3,S
2021-07-13T13:26:13,900.0,33.3,B
2021-07-13T13:26:13,300.0,33.3,B
2021-07-13T13:26:13,200.0,33.3,B
2021-07-13T13:26:10,900.0,33.25,S
2021-07-13T13:26:07,300.0,33.25,S
2021-07-13T13:25:53,3900.0,33.2,B
2021-07-13T13:25:51,100.0,33.2,B
2021-07-13T13:25:46,1100.0,33.2,B
2021-07-13T13:25:39,1100.0,33.2,B
2021-07-13T13:25:39,100.0,33.2,B
2021-07-13T13:25:38,1100.0,33.2,S
2021-07-13T13:25:38,200.0,33.25,S
2021-07-13T13:25:38,1500.0,33.25,S
2021-07-13T13:25:32,200.0,33.25,S
2021-07-13T13:25:28,1700.0,33.25,B
2021-07-13T13:25:24,200.0,33.2,B
2021-07-13T13:25:22,400.0,33.2,S
2021-07-13T13:25:19,300.0,33.2,S
2021-07-13T13:25:12,8200.0,33.1,S
2021-07-13T13:24:54,100.0,33.25,B
2021-07-13T13:24:53,100.0,33.25,B
2021-07-13T13:24:42,2000.0,33.25,B
2021-07-13T13:24:39,300.0,33.25,B
2021-07-13T13:24:34,200.0,33.25,B
2021-07-13T13:24:29,2000.0,33.25,B
2021-07-13T13:24:24,1000.0,33.25,B
2021-07-13T13:24:07,2300.0,33.25,B
2021-07-13T13:24:06,2300.0,33.25,B
2021-07-13T13:24:00,3000.0,33.25,B
2021-07-13T13:23:48,9200.0,33.25,B
2021-07-13T13:23:45,2300.0,33.1,B
2021-07-13T13:23:40,300.0,33.0,S
2021-07-13T13:23:09,2300.0,33.1,B
2021-07-13T13:22:59,13700.0,32.8,S
2021-07-13T13:22:59,700.0,32.8,S
2021-07-13T13:22:59,1200.0,32.8,S
2021-07-13T13:22:59,700.0,32.9,S
2021-07-13T13:22:59,10800.0,32.95,S
2021-07-13T13:22:59,27600.0,33.0,S
2021-07-13T13:22:59,200.0,33.0,S
2021-07-13T13:22:59,9900.0,33.0,S
2021-07-13T13:22:59,14100.0,33.0,S
2021-07-13T13:22:59,108900.0,33.0,S
2021-07-13T13:22:59,3300.0,33.0,S
2021-07-13T13:22:59,4000.0,33.0,S
2021-07-13T13:22:59,2200.0,33.0,S
2021-07-13T13:22:59,700.0,33.0,S
2021-07-13T13:22:59,100.0,33.0,S
2021-07-13T13:22:59,21600.0,33.05,S
2021-07-13T13:22:59,300.0,33.05,S
2021-07-13T13:22:59,5100.0,33.05,S
2021-07-13T13:22:59,4900.0,33.1,S
2021-07-13T13:22:59,3000.0,33.1,S
2021-07-13T13:22:57,600.0,33.1,S
2021-07-13T13:22:57,100.0,33.1,S
2021-07-13T13:22:55,200.0,33.1,S
2021-07-13T13:22:53,300.0,33.1,S
2021-07-13T13:22:42,100.0,33.1,S
2021-07-13T13:22:20,500.0,33.15,B
2021-07-13T13:22:00,600.0,33.1,S
2021-07-13T13:22:00,600.0,33.1,S
2021-07-13T13:22:00,900.0,33.1,S
2021-07-13T13:22:00,600.0,33.1,S
2021-07-13T13:22:00,300.0,33.1,S
2021-07-13T13:22:00,600.0,33.1,S
2021-07-13T13:22:00,100.0,33.1,S
2021-07-13T13:22:00,800.0,33.1,S
2021-07-13T13:21:37,100.0,33.1,S
2021-07-13T13:21:37,1000.0,33.1,S
2021-07-13T13:21:24,500.0,33.1,S
2021-07-13T13:21:06,2000.0,33.1,S
2021-07-13T13:21:04,1500.0,33.1,S
2021-07-13T13:21:04,1800.0,33.1,S
2021-07-13T13:20:58,600.0,33.1,S
2021-07-13T13:20:51,4000.0,33.1,S
2021-07-13T13:20:45,100.0,33.1,S
2021-07-13T13:20:32,2000.0,33.1,S
2021-07-13T13:20:17,4000.0,33.1,S
2021-07-13T13:20:07,2000.0,33.1,S
2021-07-13T13:20:06,10000.0,33.1,S
2021-07-13T13:19:55,400.0,33.15,S
2021-07-13T13:19:54,300.0,33.15,S
2021-07-13T13:19:49,1900.0,33.15,S
2021-07-13T13:19:49,100.0,33.15,S
2021-07-13T13:19:49,900.0,33.15,S
2021-07-13T13:19:47,300.0,33.15,S
2021-07-13T13:19:45,100.0,33.15,S
2021-07-13T13:19:45,900.0,33.15,S
2021-07-13T13:19:43,300.0,33.15,S
2021-07-13T13:19:41,900.0,33.15,S
2021-07-13T13:19:41,300.0,33.15,S
2021-07-13T13:19:39,300.0,33.15,S
2021-07-13T13:19:37,10000.0,33.15,S
2021-07-13T13:19:34,5000.0,33.15,S
2021-07-13T13:19:22,2000.0,33.15,S
2021-07-13T13:19:14,1000.0,33.15,S
2021-07-13T13:19:08,10900.0,33.2,S
2021-07-13T13:19:08,7100.0,33.2,S
2021-07-13T13:19:04,200.0,33.2,S
2021-07-13T13:19:03,900.0,33.2,S
2021-07-13T13:19:01,300.0,33.2,S
2021-07-13T13:18:59,900.0,33.2,S
2021-07-13T13:18:57,300.0,33.2,S
2021-07-13T13:18:54,10000.0,33.2,S
2021-07-13T13:18:51,1700.0,33.2,S
2021-07-13T13:18:51,1300.0,33.2,S
2021-07-13T13:18:32,3100.0,33.2,S
2021-07-13T13:18:32,3100.0,33.2,S
2021-07-13T13:18:25,2000.0,33.25,S
2021-07-13T13:18:25,4500.0,33.25,S
2021-07-13T13:18:20,6100.0,33.25,S
2021-07-13T13:18:12,6100.0,33.25,S
2021-07-13T13:18:04,1300.0,33.25,S
2021-07-13T13:18:04,2200.0,33.25,S
2021-07-13T13:18:04,2600.0,33.25,S
2021-07-13T13:18:02,1500.0,33.25,S
2021-07-13T13:17:57,3100.0,33.25,S
2021-07-13T13:17:53,10000.0,33.25,S
2021-07-13T13:17:38,4600.0,33.25,S
2021-07-13T13:17:36,2000.0,33.3,S
2021-07-13T13:17:33,3000.0,33.3,S
2021-07-13T13:17:31,3100.0,33.3,S
2021-07-13T13:17:28,100.0,33.3,S
2021-07-13T13:17:28,300.0,33.3,S
2021-07-13T13:17:28,400.0,33.3,S
2021-07-13T13:17:28,1200.0,33.3,S
2021-07-13T13:17:19,6400.0,33.3,S
2021-07-13T13:17:18,1900.0,33.3,S
2021-07-13T13:17:14,500.0,33.3,S
2021-07-13T13:17:14,100.0,33.35,S
2021-07-13T13:17:07,8000.0,33.35,B
2021-07-13T13:17:07,1900.0,33.35,B
2021-07-13T13:17:06,10000.0,33.3,S
2021-07-13T13:17:01,28300.0,33.3,S
2021-07-13T13:16:59,1000.0,33.3,S
2021-07-13T13:16:43,2000.0,33.3,S
2021-07-13T13:16:01,600.0,33.3,S
2021-07-13T13:15:27,2300.0,33.3,S
2021-07-13T13:15:19,800.0,33.3,B
2021-07-13T13:15:10,200.0,33.3,S
2021-07-13T13:15:10,1000.0,33.3,S
2021-07-13T13:15:00,200.0,33.3,S
2021-07-13T13:14:53,900.0,33.3,S
2021-07-13T13:14:52,300.0,33.3,S
2021-07-13T13:14:39,1000.0,33.35,B
2021-07-13T13:14:32,400.0,33.35,B
2021-07-13T13:14:14,500.0,33.3,S
2021-07-13T13:13:42,200.0,33.35,B
2021-07-13T13:13:39,400.0,33.3,S
2021-07-13T13:13:39,400.0,33.3,S
2021-07-13T13:13:24,900.0,33.3,S
2021-07-13T13:13:22,300.0,33.3,S
2021-07-13T13:13:14,800.0,33.3,S
2021-07-13T13:13:05,400.0,33.3,B
2021-07-13T13:13:05,300.0,33.3,B
2021-07-13T13:13:03,300.0,33.3,B
2021-07-13T13:13:02,100.0,33.3,B
2021-07-13T13:12:39,1800.0,33.3,S
2021-07-13T13:12:02,1500.0,33.35,S
2021-07-13T13:11:44,200.0,33.35,S
2021-07-13T13:11:36,100.0,33.4,S
2021-07-13T13:11:31,100.0,33.4,S
2021-07-13T13:11:29,800.0,33.4,S
2021-07-13T13:11:29,3200.0,33.4,S
2021-07-13T13:11:23,100.0,33.45,S
2021-07-13T13:10:55,100.0,33.5,S
2021-07-13T13:10:55,4100.0,33.5,S
2021-07-13T13:10:34,200.0,33.5,S
2021-07-13T13:10:04,900.0,33.6,S
2021-07-13T13:09:53,700.0,33.65,B
2021-07-13T13:07:20,100.0,33.7,B
2021-07-13T13:06:59,100.0,33.7,B
2021-07-13T13:03:40,3300.0,33.8,B
2021-07-13T13:03:40,1200.0,33.75,B
2021-07-13T13:03:40,300.0,33.75,B
2021-07-13T13:03:40,4400.0,33.75,B
2021-07-13T13:02:36,100.0,33.35,B
2021-07-13T13:02:29,2000.0,33.35,B
2021-07-13T13:02:06,100.0,33.35,B
2021-07-13T13:01:29,200.0,33.3,B
2021-07-13T13:00:54,200.0,33.2,S
2021-07-13T13:00:22,1000.0,33.2,B
2021-07-13T13:00:20,1000.0,33.2,B
2021-07-13T13:00:12,2000.0,33.15,S
2021-07-13T13:00:10,3000.0,33.2,S
2021-07-13T13:00:10,200.0,33.2,S
2021-07-13T13:00:10,100.0,33.2,S
2021-07-13T13:00:06,100.0,33.3,B
2021-07-13T13:00:03,20000.0,33.2,S
2021-07-13T13:00:03,100.0,33.15,S
2021-07-13T13:00:03,3500.0,33.15,S
2021-07-13T13:00:03,6400.0,33.2,S
2021-07-13T13:00:01,200.0,33.15,S
2021-07-13T11:29:52,500.0,33.2,B
2021-07-13T11:29:50,500.0,33.3,B
2021-07-13T11:29:49,1000.0,33.3,B
2021-07-13T11:29:48,200.0,33.3,B
2021-07-13T11:29:45,500.0,33.3,B
2021-07-13T11:29:38,200.0,33.3,B
2021-07-13T11:29:18,500.0,33.3,B
2021-07-13T11:29:02,1000.0,33.3,B
2021-07-13T11:28:56,1000.0,33.3,B
2021-07-13T11:28:53,1500.0,33.15,S
2021-07-13T11:28:53,200.0,33.15,S
2021-07-13T11:28:53,600.0,33.15,S
2021-07-13T11:28:53,2000.0,33.2,S
2021-07-13T11:28:53,2300.0,33.2,S
2021-07-13T11:28:53,1100.0,33.2,S
2021-07-13T11:28:53,2300.0,33.2,S
2021-07-13T11:28:52,1000.0,33.3,B
2021-07-13T11:28:42,1400.0,33.3,B
2021-07-13T11:28:28,300.0,33.3,B
2021-07-13T11:28:18,500.0,33.3,B
2021-07-13T11:28:17,1000.0,33.2,S
2021-07-13T11:28:04,1100.0,33.2,S
2021-07-13T11:28:04,2000.0,33.2,S
2021-07-13T11:28:04,1300.0,33.2,S
2021-07-13T11:28:03,8200.0,33.3,S
2021-07-13T11:27:40,200.0,33.3,S
2021-07-13T11:27:38,6100.0,33.3,S
2021-07-13T11:27:33,6100.0,33.3,S
2021-07-13T11:27:28,600.0,33.3,S
2021-07-13T11:27:23,3000.0,33.3,S
2021-07-13T11:27:23,2300.0,33.3,S
2021-07-13T11:27:23,100.0,33.3,S
2021-07-13T11:27:23,100.0,33.3,S
2021-07-13T11:27:23,4400.0,33.3,S
2021-07-13T11:27:14,100.0,33.35,S
2021-07-13T11:27:13,3100.0,33.35,S
2021-07-13T11:27:04,2500.0,33.4,S
2021-07-13T11:26:58,300.0,33.4,S
2021-07-13T11:26:58,2800.0,33.4,S
2021-07-13T11:26:50,3100.0,33.5,S
2021-07-13T11:26:31,1200.0,33.5,S
2021-07-13T11:26:31,1100.0,33.5,S
2021-07-13T11:26:31,4200.0,33.5,S
2021-07-13T11:26:31,1600.0,33.5,S
2021-07-13T11:26:31,500.0,33.5,S
2021-07-13T11:26:31,100.0,33.5,S
2021-07-13T11:26:31,1400.0,33.5,S
2021-07-13T11:26:31,27300.0,33.5,S
2021-07-13T11:26:28,4600.0,33.5,S
2021-07-13T11:26:17,600.0,33.55,S
2021-07-13T11:26:12,200.0,33.6,S
2021-07-13T11:26:12,300.0,33.6,S
2021-07-13T11:26:12,4200.0,33.6,S
2021-07-13T11:26:04,1900.0,33.6,S
2021-07-13T11:26:04,1200.0,33.6,S
2021-07-13T11:25:57,3000.0,33.6,S
2021-07-13T11:25:57,3100.0,33.6,S
2021-07-13T11:25:50,2500.0,33.65,S
2021-07-13T11:25:44,2700.0,33.65,S
2021-07-13T11:25:44,400.0,33.65,S
2021-07-13T11:25:44,400.0,33.65,S
2021-07-13T11:25:42,100.0,33.65,S
2021-07-13T11:25:38,700.0,33.65,S
2021-07-13T11:24:09,100.0,33.7,B
2021-07-13T11:24:07,100.0,33.65,S
2021-07-13T11:24:05,200.0,33.65,S
2021-07-13T11:24:03,300.0,33.7,B
2021-07-13T11:23:44,100.0,33.65,S
2021-07-13T11:23:40,200.0,33.7,B
2021-07-13T11:23:04,10000.0,33.65,S
2021-07-13T11:23:03,100.0,33.7,S
2021-07-13T11:22:03,500.0,33.65,S
2021-07-13T11:21:32,600.0,33.65,S
2021-07-13T11:21:32,3900.0,33.7,S
2021-07-13T11:21:32,500.0,33.7,S
2021-07-13T11:21:16,1600.0,33.8,B
2021-07-13T11:21:13,3000.0,33.75,S
2021-07-13T11:20:42,300.0,33.8,S
2021-07-13T11:20:38,300.0,33.8,S
2021-07-13T11:20:38,1000.0,33.8,S
2021-07-13T11:20:29,3000.0,33.8,S
2021-07-13T11:20:22,1000.0,33.8,S
2021-07-13T11:20:21,100.0,33.8,S
2021-07-13T11:19:22,1600.0,33.8,S
2021-07-13T11:19:22,1600.0,33.8,S
2021-07-13T11:19:22,6800.0,33.8,S
2021-07-13T11:19:10,1000.0,33.8,S
2021-07-13T11:18:54,200.0,33.8,S
2021-07-13T11:18:27,300.0,33.8,S
2021-07-13T11:18:23,100.0,33.85,B
2021-07-13T11:17:46,500.0,33.85,B
2021-07-13T11:17:16,1400.0,33.8,S
2021-07-13T11:16:53,300.0,33.8,S
2021-07-13T11:16:53,100.0,33.8,S
2021-07-13T11:16:52,100.0,33.8,S
2021-07-13T11:16:43,100.0,33.8,S
2021-07-13T11:16:21,800.0,33.85,B
2021-07-13T11:16:12,100.0,33.85,B
2021-07-13T11:15:56,10000.0,33.8,S
2021-07-13T11:15:42,300.0,33.85,B
2021-07-13T11:15:34,5200.0,33.8,S
2021-07-13T11:15:34,500.0,33.8,S
2021-07-13T11:15:34,4300.0,33.8,S
2021-07-13T11:15:32,2300.0,33.8,S
2021-07-13T11:15:26,100.0,33.8,S
2021-07-13T11:14:37,200.0,33.8,S
2021-07-13T11:14:10,5000.0,33.8,S
2021-07-13T11:14:08,4600.0,33.8,S
2021-07-13T11:14:01,500.0,33.8,S
2021-07-13T11:13:34,1000.0,33.8,S
2021-07-13T11:13:22,2300.0,33.8,S
2021-07-13T11:13:13,3100.0,33.8,S
2021-07-13T11:13:13,8900.0,33.85,S
2021-07-13T11:13:12,100.0,33.85,S
2021-07-13T11:13:03,100.0,33.85,S
2021-07-13T11:12:59,1100.0,33.85,S
2021-07-13T11:12:55,1100.0,33.85,S
2021-07-13T11:12:46,600.0,33.85,S
2021-07-13T11:12:21,4600.0,33.85,S
2021-07-13T11:12:07,500.0,33.9,B
2021-07-13T11:10:58,2000.0,33.9,B
2021-07-13T11:09:48,400.0,33.9,S
2021-07-13T11:09:46,300.0,33.9,S
2021-07-13T11:09:41,900.0,33.9,S
2021-07-13T11:09:39,300.0,33.9,S
2021-07-13T11:09:37,900.0,33.9,S
2021-07-13T11:09:33,2000.0,33.9,S
2021-07-13T11:09:32,300.0,33.9,S
2021-07-13T11:09:18,1000.0,33.9,S
2021-07-13T11:09:06,200.0,33.9,S
2021-07-13T11:08:41,1100.0,33.9,B
2021-07-13T11:08:41,1000.0,33.9,B
2021-07-13T11:08:40,1300.0,33.9,B
2021-07-13T11:08:40,300.0,33.9,B
2021-07-13T11:07:53,500.0,33.85,S
2021-07-13T11:07:29,4600.0,33.85,S
2021-07-13T11:07:22,300.0,33.85,S
2021-07-13T11:06:22,1400.0,33.85,S
2021-07-13T11:06:22,3200.0,33.9,S
2021-07-13T11:06:01,500.0,33.9,S
2021-07-13T11:05:44,4600.0,33.9,S
2021-07-13T11:05:32,8100.0,33.95,B
2021-07-13T11:05:32,1700.0,33.95,B
2021-07-13T11:05:32,200.0,33.95,B
2021-07-13T11:04:53,100.0,33.95,B
2021-07-13T11:04:40,1500.0,33.95,B
2021-07-13T11:04:10,100.0,33.95,B
2021-07-13T11:04:00,100.0,33.95,B
2021-07-13T11:03:54,500.0,34.0,B
2021-07-13T11:03:22,2000.0,34.0,B
2021-07-13T11:03:16,2000.0,34.0,B
2021-07-13T11:02:23,1100.0,34.0,B
2021-07-13T11:02:23,500.0,34.0,B
2021-07-13T11:02:23,1100.0,33.95,B
2021-07-13T11:02:23,1100.0,33.95,B
2021-07-13T11:02:23,1200.0,33.95,B
2021-07-13T11:02:23,1000.0,33.95,B
2021-07-13T11:02:18,100.0,33.9,S
2021-07-13T11:01:53,1500.0,33.9,S
2021-07-13T11:01:37,400.0,33.9,B
2021-07-13T11:01:24,400.0,33.9,S
2021-07-13T11:01:21,800.0,33.9,S
2021-07-13T11:01:19,300.0,33.9,S
2021-07-13T11:01:01,800.0,33.9,B
2021-07-13T11:01:01,300.0,33.9,B
2021-07-13T11:01:01,7500.0,33.9,B
2021-07-13T11:00:48,100.0,33.9,B
2021-07-13T11:00:32,2900.0,33.9,B
2021-07-13T11:00:32,2100.0,33.9,B
2021-07-13T11:00:32,200.0,33.9,B
2021-07-13T11:00:32,4800.0,33.9,B
2021-07-13T11:00:32,800.0,33.85,S
2021-07-13T11:00:30,300.0,33.85,S
2021-07-13T11:00:24,800.0,33.85,S
2021-07-13T11:00:19,300.0,33.85,S
2021-07-13T11:00:04,100.0,33.9,B
2021-07-13T10:58:30,1000.0,33.85,S
2021-07-13T10:58:01,400.0,33.85,S
2021-07-13T10:57:49,100.0,33.85,S
2021-07-13T10:57:49,1200.0,33.85,S
2021-07-13T10:57:36,1300.0,33.85,B
2021-07-13T10:57:32,1700.0,33.85,S
2021-07-13T10:56:49,100.0,33.85,S
2021-07-13T10:56:46,100.0,33.85,S
2021-07-13T10:56:37,1200.0,33.85,B
2021-07-13T10:56:35,100.0,33.8,S
2021-07-13T10:56:27,400.0,33.85,B
2021-07-13T10:56:27,500.0,33.85,B
2021-07-13T10:56:27,1100.0,33.85,B
2021-07-13T10:55:18,500.0,33.8,S
2021-07-13T10:54:21,300.0,33.8,S
2021-07-13T10:54:16,2300.0,33.85,B
2021-07-13T10:54:05,100.0,33.85,S
2021-07-13T10:54:00,300.0,33.85,S
2021-07-13T10:53:50,100.0,33.85,S
2021-07-13T10:53:35,1100.0,33.85,B
2021-07-13T10:53:15,800.0,33.85,B
2021-07-13T10:52:26,1000.0,33.85,B
2021-07-13T10:52:15,100.0,33.85,S
2021-07-13T10:52:09,100.0,33.9,B
2021-07-13T10:51:29,200.0,33.85,S
2021-07-13T10:50:32,800.0,33.85,S
2021-07-13T10:50:29,300.0,33.85,S
2021-07-13T10:50:25,300.0,33.85,S
2021-07-13T10:50:20,800.0,33.85,S
2021-07-13T10:50:13,400.0,33.9,B
2021-07-13T10:50:01,500.0,33.85,S
2021-07-13T10:49:38,3000.0,33.85,S
2021-07-13T10:49:09,1600.0,33.85,S
2021-07-13T10:49:03,100.0,33.9,B
2021-07-13T10:49:03,400.0,33.9,B
2021-07-13T10:47:44,300.0,33.9,B
2021-07-13T10:47:35,100.0,33.85,S
2021-07-13T10:47:23,7000.0,33.85,S
2021-07-13T10:46:55,1500.0,33.85,S
2021-07-13T10:46:27,500.0,33.9,B
2021-07-13T10:45:05,200.0,33.9,S
2021-07-13T10:45:04,10000.0,33.9,S
2021-07-13T10:44:51,10000.0,33.9,S
2021-07-13T10:44:37,100.0,33.95,B
2021-07-13T10:44:35,7300.0,33.95,B
2021-07-13T10:44:35,2000.0,33.95,S
2021-07-13T10:44:27,10000.0,33.95,S
2021-07-13T10:44:12,3000.0,33.95,S
2021-07-13T10:44:05,1000.0,33.95,S
2021-07-13T10:43:33,10000.0,34.0,S
2021-07-13T10:43:27,400.0,34.0,S
2021-07-13T10:43:25,200.0,34.0,S
2021-07-13T10:43:25,19200.0,34.0,S
2021-07-13T10:43:24,2000.0,34.0,S
2021-07-13T10:43:21,10000.0,34.0,S
2021-07-13T10:43:20,100.0,34.0,S
2021-07-13T10:43:19,200.0,34.0,S
2021-07-13T10:43:18,1000.0,34.0,S
2021-07-13T10:43:10,1500.0,34.0,S
2021-07-13T10:43:08,6000.0,34.0,S
2021-07-13T10:43:06,1500.0,34.0,S
2021-07-13T10:43:03,20000.0,34.0,S
2021-07-13T10:42:58,100.0,34.05,B
2021-07-13T10:42:55,10000.0,34.0,S
2021-07-13T10:42:54,500.0,34.05,B
2021-07-13T10:42:49,2000.0,34.05,B
2021-07-13T10:42:32,1400.0,34.05,S
2021-07-13T10:42:32,2300.0,34.05,S
2021-07-13T10:42:30,5000.0,34.1,B
2021-07-13T10:42:21,1000.0,34.05,S
2021-07-13T10:42:16,200.0,34.05,S
2021-07-13T10:42:15,100.0,34.05,S
2021-07-13T10:42:14,6900.0,34.05,S
2021-07-13T10:42:11,500.0,34.05,S
2021-07-13T10:42:09,10000.0,34.1,B
2021-07-13T10:42:03,500.0,34.05,S
2021-07-13T10:42:00,1000.0,34.05,S
2021-07-13T10:41:52,600.0,34.05,S
2021-07-13T10:41:47,500.0,34.05,S
2021-07-13T10:41:45,100.0,34.05,S
2021-07-13T10:41:39,2000.0,34.05,S
2021-07-13T10:41:25,500.0,34.05,S
2021-07-13T10:41:09,1000.0,34.1,B
2021-07-13T10:41:00,100.0,34.05,S
2021-07-13T10:40:59,1000.0,34.05,S
2021-07-13T10:40:30,100.0,34.05,S
2021-07-13T10:40:30,200.0,34.05,S
2021-07-13T10:40:23,900.0,34.1,B
2021-07-13T10:40:23,300.0,34.1,B
2021-07-13T10:40:23,400.0,34.1,B
2021-07-13T10:40:03,100.0,34.1,B
2021-07-13T10:40:02,200.0,34.1,B
2021-07-13T10:39:56,500.0,34.05,S
2021-07-13T10:39:52,500.0,34.05,S
2021-07-13T10:39:19,1000.0,34.05,S
2021-07-13T10:38:22,1000.0,34.05,S
2021-07-13T10:38:10,500.0,34.05,S
2021-07-13T10:37:55,1600.0,34.05,B
2021-07-13T10:37:41,900.0,34.0,B
2021-07-13T10:37:41,100.0,34.0,B
2021-07-13T10:37:41,300.0,34.0,B
2021-07-13T10:37:41,300.0,34.0,B
2021-07-13T10:37:41,200.0,34.0,B
2021-07-13T10:37:41,800.0,34.0,B
2021-07-13T10:37:41,300.0,34.0,B
2021-07-13T10:37:41,500.0,34.0,B
2021-07-13T10:37:41,21200.0,34.0,B
2021-07-13T10:37:41,200.0,34.0,B
2021-07-13T10:37:41,10200.0,34.0,B
2021-07-13T10:37:41,300.0,34.0,B
2021-07-13T10:37:41,6600.0,34.0,B
2021-07-13T10:37:41,1100.0,34.0,B
2021-07-13T10:37:41,1800.0,34.0,B
2021-07-13T10:37:41,8200.0,34.0,B
2021-07-13T10:37:41,2600.0,34.0,B
2021-07-13T10:37:41,1600.0,34.0,B
2021-07-13T10:37:41,3600.0,34.0,B
2021-07-13T10:37:33,500.0,34.0,B
2021-07-13T10:37:25,1000.0,34.0,B
2021-07-13T10:37:13,100.0,34.0,B
2021-07-13T10:37:03,18000.0,34.0,B
2021-07-13T10:37:03,2000.0,34.0,B
2021-07-13T10:36:19,400.0,33.95,B
2021-07-13T10:36:12,100.0,33.95,S
2021-07-13T10:35:59,9200.0,34.0,B
2021-07-13T10:35:59,300.0,34.0,B
2021-07-13T10:35:56,100.0,33.95,B
2021-07-13T10:35:47,200.0,33.95,S
2021-07-13T10:35:27,200.0,33.95,B
2021-07-13T10:35:17,1000.0,33.95,B
2021-07-13T10:34:49,1000.0,33.95,B
2021-07-13T10:34:38,3100.0,33.95,B
2021-07-13T10:34:32,300.0,33.95,B
2021-07-13T10:34:32,100.0,33.95,B
2021-07-13T10:34:32,1500.0,33.95,B
2021-07-13T10:34:13,600.0,33.95,B
2021-07-13T10:34:13,3200.0,33.95,B
2021-07-13T10:34:13,300.0,33.95,B
2021-07-13T10:34:13,5100.0,33.9,B
2021-07-13T10:34:01,500.0,33.85,S
2021-07-13T10:33:55,1000.0,33.85,S
2021-07-13T10:33:38,1000.0,33.9,B
2021-07-13T10:33:33,1500.0,33.85,S
2021-07-13T10:33:12,500.0,33.85,S
2021-07-13T10:33:05,11300.0,33.9,B
2021-07-13T10:32:57,1000.0,33.9,B
2021-07-13T10:32:53,300.0,33.85,S
2021-07-13T10:32:01,500.0,33.9,B
2021-07-13T10:31:51,1000.0,33.9,B
2021-07-13T10:31:27,100.0,33.85,S
2021-07-13T10:31:15,2600.0,33.9,B
2021-07-13T10:31:15,100.0,33.9,B
2021-07-13T10:31:15,6500.0,33.9,B
2021-07-13T10:31:01,500.0,33.85,S
2021-07-13T10:30:52,3000.0,33.85,S
2021-07-13T10:30:47,2300.0,33.9,B
2021-07-13T10:30:38,2100.0,33.85,B
2021-07-13T10:30:31,100.0,33.85,B
2021-07-13T10:30:27,3100.0,33.85,B
2021-07-13T10:30:07,200.0,33.85,B
2021-07-13T10:30:07,2700.0,33.85,B
2021-07-13T10:30:07,3400.0,33.8,B
2021-07-13T10:30:07,2900.0,33.8,B
2021-07-13T10:30:07,100.0,33.8,B
2021-07-13T10:29:59,3100.0,33.8,B
2021-07-13T10:29:53,200.0,33.7,B
2021-07-13T10:29:46,200.0,33.7,S
2021-07-13T10:29:17,5400.0,33.75,B
2021-07-13T10:29:17,300.0,33.75,B
2021-07-13T10:29:17,3500.0,33.7,B
2021-07-13T10:28:43,700.0,33.7,B
2021-07-13T10:27:41,1800.0,33.7,B
2021-07-13T10:27:27,100.0,33.65,B
2021-07-13T10:27:14,500.0,33.65,B
2021-07-13T10:27:11,5000.0,33.6,S
2021-07-13T10:26:42,11400.0,33.6,S
2021-07-13T10:26:42,1600.0,33.65,S
2021-07-13T10:26:28,200.0,33.65,S
2021-07-13T10:26:16,900.0,33.65,B
2021-07-13T10:26:13,100.0,33.65,B
2021-07-13T10:26:08,200.0,33.65,B
2021-07-13T10:25:57,900.0,33.65,B
2021-07-13T10:25:39,1100.0,33.65,S
2021-07-13T10:25:07,1000.0,33.65,S
2021-07-13T10:24:43,1100.0,33.75,B
2021-07-13T10:24:39,1100.0,33.75,B
2021-07-13T10:22:47,1000.0,33.6,S
2021-07-13T10:22:16,2000.0,33.6,S
2021-07-13T10:22:15,500.0,33.7,S
2021-07-13T10:21:34,500.0,33.75,B
2021-07-13T10:21:16,800.0,33.75,B
2021-07-13T10:21:06,3000.0,33.7,S
2021-07-13T10:19:06,1000.0,33.7,S
2021-07-13T10:18:52,500.0,33.7,S
2021-07-13T10:18:47,2700.0,33.7,S
2021-07-13T10:18:47,100.0,33.7,S
2021-07-13T10:18:35,7400.0,33.7,B
2021-07-13T10:18:24,42700.0,33.7,S
2021-07-13T10:18:01,500.0,33.7,S
2021-07-13T10:17:55,6800.0,33.7,B
2021-07-13T10:17:52,9000.0,33.6,S
2021-07-13T10:17:43,800.0,33.6,S
2021-07-13T10:17:18,3000.0,33.6,S
2021-07-13T10:16:54,100.0,33.7,B
2021-07-13T10:16:18,1000.0,33.7,B
2021-07-13T10:16:17,3600.0,33.7,S
2021-07-13T10:16:11,100.0,33.7,S
2021-07-13T10:16:04,6500.0,33.7,S
2021-07-13T10:16:04,400.0,33.7,S
2021-07-13T10:15:31,200.0,33.8,B
2021-07-13T10:15:15,1000.0,33.7,S
2021-07-13T10:15:15,1400.0,33.7,S
2021-07-13T10:15:15,2200.0,33.7,S
2021-07-13T10:14:52,500.0,33.75,S
2021-07-13T10:14:41,500.0,33.8,B
2021-07-13T10:14:27,300.0,33.75,S
2021-07-13T10:14:20,100.0,33.8,B
2021-07-13T10:13:03,100.0,33.8,B
2021-07-13T10:12:39,1000.0,33.75,S
2021-07-13T10:12:28,1000.0,33.75,S
2021-07-13T10:12:25,1000.0,33.8,B
2021-07-13T10:12:11,800.0,33.75,S
2021-07-13T10:12:11,3600.0,33.75,S
2021-07-13T10:11:46,400.0,33.8,B
2021-07-13T10:11:46,1700.0,33.8,B
2021-07-13T10:11:12,700.0,33.75,S
2021-07-13T10:11:09,900.0,33.8,B
2021-07-13T10:11:01,700.0,33.75,S
2021-07-13T10:10:35,300.0,33.75,B
2021-07-13T10:10:35,2800.0,33.75,B
2021-07-13T10:10:03,100.0,33.75,B
2021-07-13T10:10:01,500.0,33.7,S
2021-07-13T10:09:44,500.0,33.7,S
2021-07-13T10:09:12,2000.0,33.7,S
2021-07-13T10:08:38,200.0,33.7,S
2021-07-13T10:08:38,200.0,33.7,S
2021-07-13T10:08:05,1700.0,33.7,S
2021-07-13T10:08:04,100.0,33.75,B
2021-07-13T10:07:34,300.0,33.7,S
2021-07-13T10:07:07,1000.0,33.7,B
2021-07-13T10:06:54,300.0,33.7,B
2021-07-13T10:06:48,100.0,33.7,B
2021-07-13T10:06:16,700.0,33.7,S
2021-07-13T10:06:04,100.0,33.7,S
2021-07-13T10:05:53,100.0,33.7,S
2021-07-13T10:05:30,100.0,33.7,S
2021-07-13T10:05:26,400.0,33.7,S
2021-07-13T10:05:22,100.0,33.7,S
2021-07-13T10:04:20,500.0,33.7,S
2021-07-13T10:03:57,200.0,33.75,S
2021-07-13T10:03:57,1800.0,33.75,S
2021-07-13T10:03:36,800.0,33.75,S
2021-07-13T10:03:21,2000.0,33.8,B
2021-07-13T10:03:10,2200.0,33.75,B
2021-07-13T10:02:57,500.0,33.7,S
2021-07-13T10:02:43,1300.0,33.7,B
2021-07-13T10:02:43,1800.0,33.7,B
2021-07-13T10:02:29,1300.0,33.65,S
2021-07-13T10:02:23,1000.0,33.65,B
2021-07-13T10:02:22,3100.0,33.65,B
2021-07-13T10:02:13,3100.0,33.65,B
2021-07-13T10:01:53,700.0,33.6,B
2021-07-13T10:01:53,1600.0,33.6,B
2021-07-13T10:01:38,600.0,33.5,B
2021-07-13T10:01:01,200.0,33.5,B
2021-07-13T10:00:59,100.0,33.5,B
2021-07-13T10:00:31,500.0,33.5,B
2021-07-13T10:00:26,600.0,33.5,B
2021-07-13T10:00:24,400.0,33.5,B
2021-07-13T10:00:20,200.0,33.5,B
2021-07-13T10:00:19,300.0,33.5,B
2021-07-13T10:00:09,100.0,33.5,B
2021-07-13T09:59:56,900.0,33.45,B
2021-07-13T09:59:49,100.0,33.45,B
2021-07-13T09:59:41,200.0,33.45,B
2021-07-13T09:59:09,700.0,33.45,B
2021-07-13T09:58:53,200.0,33.45,B
2021-07-13T09:58:39,100.0,33.45,B
2021-07-13T09:58:36,900.0,33.45,B
2021-07-13T09:58:14,900.0,33.3,S
2021-07-13T09:57:59,200.0,33.3,S
2021-07-13T09:57:53,100.0,33.3,B
2021-07-13T09:57:51,100.0,33.3,B
2021-07-13T09:57:42,200.0,33.3,B
2021-07-13T09:57:42,300.0,33.3,S
2021-07-13T09:57:42,300.0,33.3,S
2021-07-13T09:57:41,100.0,33.3,S
2021-07-13T09:57:34,2000.0,33.3,S
2021-07-13T09:57:11,2000.0,33.3,S
2021-07-13T09:57:11,100.0,33.45,B
2021-07-13T09:57:01,100.0,33.5,B
2021-07-13T09:55:40,200.0,33.5,B
2021-07-13T09:55:19,100.0,33.5,B
2021-07-13T09:55:16,2000.0,33.5,B
2021-07-13T09:55:07,700.0,33.5,B
2021-07-13T09:55:03,100.0,33.5,B
2021-07-13T09:54:48,100.0,33.5,B
2021-07-13T09:54:26,900.0,33.5,S
2021-07-13T09:54:00,400.0,33.5,B
2021-07-13T09:54:00,100.0,33.5,S
2021-07-13T09:53:57,500.0,33.5,B
2021-07-13T09:53:55,500.0,33.5,B
2021-07-13T09:53:48,800.0,33.3,B
2021-07-13T09:53:44,400.0,33.3,B
2021-07-13T09:53:44,100.0,33.3,B
2021-07-13T09:53:05,1700.0,33.2,S
2021-07-13T09:52:53,100.0,33.2,B
2021-07-13T09:52:50,3000.0,33.2,B
2021-07-13T09:52:49,1500.0,33.2,B
2021-07-13T09:52:49,200.0,33.2,B
2021-07-13T09:52:42,200.0,33.2,B
2021-07-13T09:52:38,500.0,33.2,B
2021-07-13T09:52:35,100.0,33.2,B
2021-07-13T09:52:28,700.0,33.2,B
2021-07-13T09:52:14,500.0,33.15,B
2021-07-13T09:52:14,100.0,33.15,B
2021-07-13T09:51:55,100.0,33.15,B
2021-07-13T09:51:53,100.0,33.15,B
2021-07-13T09:51:44,100.0,33.2,B
2021-07-13T09:51:41,500.0,33.1,S
2021-07-13T09:51:36,500.0,33.2,S
2021-07-13T09:51:36,100.0,33.2,B
2021-07-13T09:51:27,100.0,33.2,B
2021-07-13T09:51:24,1400.0,33.2,B
2021-07-13T09:51:20,1000.0,33.2,B
2021-07-13T09:51:20,1000.0,33.2,S
2021-07-13T09:51:20,2100.0,33.2,S
2021-07-13T09:51:19,100.0,33.3,B
2021-07-13T09:51:18,1000.0,33.2,S
2021-07-13T09:51:18,1300.0,33.3,S
2021-07-13T09:51:17,2000.0,33.3,S
2021-07-13T09:51:14,10000.0,33.3,S
2021-07-13T09:51:08,3100.0,33.3,S
2021-07-13T09:51:01,3100.0,33.3,S
2021-07-13T09:50:56,100.0,33.5,B
2021-07-13T09:50:46,2300.0,33.3,S
2021-07-13T09:50:45,100.0,33.5,S
2021-07-13T09:50:35,1500.0,33.3,S
2021-07-13T09:50:35,800.0,33.3,S
2021-07-13T09:50:34,1000.0,33.3,S
2021-07-13T09:50:34,500.0,33.35,S
2021-07-13T09:50:34,500.0,33.4,S
2021-07-13T09:50:34,2600.0,33.4,S
2021-07-13T09:50:33,300.0,33.5,S
2021-07-13T09:50:33,400.0,33.5,S
2021-07-13T09:50:33,2400.0,33.5,S
2021-07-13T09:50:32,2300.0,33.5,S
2021-07-13T09:50:29,2300.0,33.5,S
2021-07-13T09:50:23,3100.0,33.5,S
2021-07-13T09:50:19,2300.0,33.5,S
2021-07-13T09:50:14,1700.0,33.5,S
2021-07-13T09:50:14,600.0,33.5,S
2021-07-13T09:50:13,400.0,33.5,S
2021-07-13T09:50:13,300.0,33.5,S
2021-07-13T09:50:13,3000.0,33.5,S
2021-07-13T09:50:13,200.0,33.5,S
2021-07-13T09:50:13,700.0,33.5,S
2021-07-13T09:50:13,200.0,33.7,B
2021-07-13T09:50:13,100.0,33.65,B
2021-07-13T09:50:13,100.0,33.65,B
2021-07-13T09:50:08,2300.0,33.5,S
2021-07-13T09:50:04,1600.0,33.5,S
2021-07-13T09:50:04,500.0,33.5,S
2021-07-13T09:50:04,500.0,33.6,S
2021-07-13T09:50:04,2000.0,33.6,S
2021-07-13T09:49:59,100.0,33.7,B
2021-07-13T09:49:56,900.0,33.6,S
2021-07-13T09:49:56,200.0,33.6,S
2021-07-13T09:49:56,2000.0,33.6,S
2021-07-13T09:49:54,2300.0,33.6,S
2021-07-13T09:49:50,2300.0,33.6,S
2021-07-13T09:49:35,100.0,33.7,B
2021-07-13T09:49:35,1800.0,33.65,S
2021-07-13T09:49:35,400.0,33.65,S
2021-07-13T09:49:28,200.0,33.65,S
2021-07-13T09:49:22,1900.0,33.7,B
2021-07-13T09:49:06,200.0,33.7,B
2021-07-13T09:48:58,400.0,33.65,S
2021-07-13T09:48:54,300.0,33.65,S
2021-07-13T09:48:44,200.0,33.65,S
2021-07-13T09:48:33,100.0,33.7,B
2021-07-13T09:48:05,200.0,33.7,B
2021-07-13T09:47:49,100.0,33.7,B
2021-07-13T09:47:19,300.0,33.7,S
2021-07-13T09:47:11,2000.0,33.7,S
2021-07-13T09:47:01,1500.0,33.7,B
2021-07-13T09:47:01,200.0,33.7,B
2021-07-13T09:46:59,500.0,33.7,B
2021-07-13T09:46:43,500.0,33.7,B
2021-07-13T09:46:35,100.0,33.7,B
2021-07-13T09:46:26,1000.0,33.7,B
2021-07-13T09:45:54,2700.0,33.7,S
2021-07-13T09:45:40,1000.0,33.7,S
2021-07-13T09:44:52,500.0,33.7,S
2021-07-13T09:44:22,1800.0,33.65,S
2021-07-13T09:43:36,500.0,33.7,S
2021-07-13T09:43:36,300.0,33.7,S
2021-07-13T09:43:36,200.0,33.7,S
2021-07-13T09:43:26,200.0,33.8,B
2021-07-13T09:43:17,400.0,33.8,B
2021-07-13T09:43:03,100.0,33.8,B
2021-07-13T09:42:45,500.0,33.8,B
2021-07-13T09:42:38,200.0,33.8,B
2021-07-13T09:42:19,200.0,33.8,S
2021-07-13T09:42:19,1500.0,33.8,S
2021-07-13T09:41:45,1100.0,33.8,S
2021-07-13T09:41:45,3800.0,33.8,S
2021-07-13T09:41:45,100.0,33.8,S
2021-07-13T09:41:41,400.0,33.9,B
2021-07-13T09:41:28,200.0,33.8,S
2021-07-13T09:41:26,400.0,33.9,B
2021-07-13T09:41:24,200.0,33.9,B
2021-07-13T09:41:03,200.0,33.8,S
2021-07-13T09:40:02,100.0,33.9,B
2021-07-13T09:38:59,400.0,33.8,S
2021-07-13T09:38:58,200.0,33.9,B
2021-07-13T09:38:49,800.0,33.8,S
2021-07-13T09:38:48,1200.0,33.8,S
2021-07-13T09:38:39,100.0,33.8,S
2021-07-13T09:38:39,1000.0,33.8,S
2021-07-13T09:38:19,500.0,33.9,B
2021-07-13T09:38:14,1500.0,33.8,S
2021-07-13T09:38:14,1500.0,33.8,S
2021-07-13T09:38:09,600.0,33.8,S
2021-07-13T09:38:03,600.0,33.8,S
2021-07-13T09:38:01,500.0,33.8,S
2021-07-13T09:38:01,500.0,33.95,B
2021-07-13T09:38:01,10000.0,33.8,S
2021-07-13T09:37:59,600.0,33.8,S
2021-07-13T09:37:55,600.0,33.8,S
2021-07-13T09:37:50,2300.0,33.9,S
2021-07-13T09:37:44,1100.0,33.95,B
2021-07-13T09:37:35,200.0,33.95,B
2021-07-13T09:37:21,1500.0,33.95,S
2021-07-13T09:37:18,2400.0,33.95,S
2021-07-13T09:37:15,500.0,33.95,S
2021-07-13T09:37:12,800.0,33.95,S
2021-07-13T09:37:06,4800.0,33.95,B
2021-07-13T09:37:03,1100.0,33.9,S
2021-07-13T09:36:58,200.0,33.95,S
2021-07-13T09:36:45,800.0,33.95,B
2021-07-13T09:36:41,1100.0,33.9,S
2021-07-13T09:35:59,100.0,33.9,S
2021-07-13T09:35:39,1000.0,33.9,S
2021-07-13T09:35:24,200.0,33.9,B
2021-07-13T09:35:22,2300.0,33.8,S
2021-07-13T09:35:17,2000.0,33.8,S
2021-07-13T09:35:08,2300.0,33.8,S
2021-07-13T09:35:03,400.0,33.8,S
2021-07-13T09:35:03,1900.0,33.8,S
2021-07-13T09:34:52,2300.0,33.8,S
2021-07-13T09:34:41,1000.0,33.9,S
2021-07-13T09:34:36,300.0,34.0,B
2021-07-13T09:34:35,100.0,34.0,B
2021-07-13T09:34:33,7600.0,34.0,B
2021-07-13T09:34:33,2400.0,34.0,B
2021-07-13T09:34:25,1000.0,34.0,B
2021-07-13T09:34:25,1000.0,34.0,B
2021-07-13T09:34:16,100.0,34.0,B
2021-07-13T09:34:04,5400.0,34.0,B
2021-07-13T09:34:04,2000.0,34.0,B
2021-07-13T09:34:04,12500.0,34.0,B
2021-07-13T09:33:35,500.0,33.9,S
2021-07-13T09:33:07,100.0,33.9,S
2021-07-13T09:32:39,500.0,33.9,S
2021-07-13T09:32:34,1000.0,33.9,S
2021-07-13T09:32:27,300.0,33.9,S
2021-07-13T09:32:26,700.0,33.9,B
2021-07-13T09:32:26,4500.0,33.9,B
2021-07-13T09:32:26,2500.0,33.9,B
2021-07-13T09:32:20,100.0,33.9,B
2021-07-13T09:32:19,5000.0,33.9,B
2021-07-13T09:32:19,500.0,33.85,S
2021-07-13T09:32:14,10000.0,33.9,B
2021-07-13T09:32:12,400.0,33.85,S
2021-07-13T09:32:12,1400.0,33.85,B
2021-07-13T09:32:09,100.0,33.85,B
2021-07-13T09:32:06,100.0,33.85,B
2021-07-13T09:32:04,400.0,33.85,B
2021-07-13T09:32:02,3900.0,33.85,B
2021-07-13T09:31:39,100.0,33.85,B
2021-07-13T09:31:35,100.0,33.85,B
2021-07-13T09:31:20,3000.0,33.85,B
2021-07-13T09:31:07,100.0,33.85,B
2021-07-13T09:31:05,200.0,33.8,S
2021-07-13T09:31:03,200.0,33.85,B
2021-07-13T09:30:58,500.0,33.85,B
2021-07-13T09:30:34,100.0,33.85,B
2021-07-13T09:30:11,1000.0,33.8,S
2021-07-13T09:30:09,1600.0,33.8,B
2021-07-13T09:30:09,5000.0,33.8,B
2021-07-13T09:30:05,2300.0,33.8,B
2021-07-13T09:29:50,2000.0,33.8,B
2021-07-13T09:29:45,500.0,33.8,B
2021-07-13T09:29:37,1000.0,33.8,B
2021-07-13T09:29:22,1000.0,33.8,B
2021-07-13T09:29:17,1000.0,33.8,B
2021-07-13T09:29:10,300.0,33.8,B
2021-07-13T09:29:09,1400.0,33.8,S
2021-07-13T09:29:09,200.0,33.8,S
2021-07-13T09:29:09,600.0,33.8,S
2021-07-13T09:29:09,2100.0,33.8,S
2021-07-13T09:29:09,1500.0,33.8,S
2021-07-13T09:28:55,1000.0,33.85,B
2021-07-13T09:28:51,100.0,33.9,B
2021-07-13T09:28:50,4700.0,33.8,S
2021-07-13T09:28:50,300.0,33.8,S
2021-07-13T09:28:48,1500.0,33.9,B
2021-07-13T09:28:37,2000.0,33.8,S
2021-07-13T09:28:11,1800.0,33.8,S
2021-07-13T09:27:57,3100.0,33.9,B
2021-07-13T09:27:47,5000.0,33.9,B
2021-07-13T09:27:37,3000.0,33.8,S
2021-07-13T09:27:10,1600.0,33.8,B
2021-07-13T09:27:07,300.0,33.8,B
2021-07-13T09:26:58,1600.0,33.8,B
2021-07-13T09:26:58,1000.0,33.8,B
2021-07-13T09:26:58,500.0,33.8,B
2021-07-13T09:26:48,500.0,33.8,B
2021-07-13T09:26:48,2600.0,33.8,B
2021-07-13T09:26:43,100.0,33.8,B
2021-07-13T09:26:37,3100.0,33.8,B
2021-07-13T09:26:12,2300.0,33.8,B
2021-07-13T09:26:01,300.0,33.8,B
2021-07-13T09:26:01,5800.0,33.8,B
2021-07-13T09:26:01,200.0,33.6,S
2021-07-13T09:25:38,500.0,33.6,S
2021-07-13T09:25:14,600.0,33.75,B
2021-07-13T09:25:13,2400.0,33.75,B
2021-07-13T09:24:59,1000.0,33.75,B
2021-07-13T09:24:55,1000.0,33.5,S
2021-07-13T09:24:50,800.0,33.5,S
2021-07-13T09:24:23,3000.0,33.5,S
2021-07-13T09:24:21,100.0,33.5,S
2021-07-13T09:24:19,10100.0,33.5,B
2021-07-13T09:24:06,800.0,33.45,B
2021-07-13T09:24:03,100.0,33.45,S
2021-07-13T09:23:54,500.0,33.5,B
2021-07-13T09:23:37,200.0,33.5,B
2021-07-13T09:23:37,100.0,33.5,S
2021-07-13T09:23:37,300.0,33.5,S
2021-07-13T09:23:37,3900.0,33.5,S
2021-07-13T09:23:28,1000.0,33.5,S
2021-07-13T09:23:20,2000.0,33.5,S
2021-07-13T09:23:17,1000.0,33.6,S
2021-07-13T09:23:09,3600.0,33.6,B
2021-07-13T09:22:52,100.0,33.6,B
2021-07-13T09:22:51,200.0,33.6,B
2021-07-13T09:22:38,100.0,33.6,B
2021-07-13T09:22:37,1400.0,33.5,S
2021-07-13T09:22:34,1100.0,33.6,S
2021-07-13T09:22:34,3500.0,33.6,S
2021-07-13T09:22:34,3500.0,33.7,S
2021-07-13T09:22:34,5000.0,33.7,S
2021-07-13T09:22:18,300.0,33.8,B
2021-07-13T09:21:46,100.0,33.8,B
2021-07-13T09:21:41,2000.0,33.8,B
2021-07-13T09:21:38,200.0,33.75,B
2021-07-13T09:21:11,1000.0,33.8,B
2021-07-13T09:21:09,100.0,33.8,B
2021-07-13T09:20:39,5000.0,33.8,B
2021-07-13T09:20:37,100.0,33.7,S
2021-07-13T09:20:33,500.0,33.7,S
2021-07-13T09:20:23,500.0,33.7,S
2021-07-13T09:20:22,1000.0,33.7,S
2021-07-13T09:20:20,10000.0,33.8,B
2021-07-13T09:20:11,1400.0,33.8,B
2021-07-13T09:19:52,200.0,33.8,B
2021-07-13T09:19:36,3000.0,33.8,B
2021-07-13T09:19:35,500.0,33.5,S
2021-07-13T09:19:33,100.0,33.5,S
2021-07-13T09:19:30,1100.0,33.5,S
2021-07-13T09:19:26,6900.0,33.5,S
2021-07-13T09:19:25,1100.0,33.5,S
2021-07-13T09:19:16,100.0,33.5,S
2021-07-13T09:19:12,1100.0,33.5,S
2021-07-13T09:19:12,100.0,33.8,B
2021-07-13T09:19:08,1100.0,33.3,S
2021-07-13T09:18:57,100.0,33.5,S
2021-07-13T09:18:55,5000.0,33.1,S
2021-07-13T09:18:54,1100.0,33.5,S
2021-07-13T09:18:51,1100.0,33.5,S
2021-07-13T09:18:49,1000.0,33.8,B
2021-07-13T09:18:39,100.0,33.1,S
2021-07-13T09:18:34,1100.0,33.1,S
2021-07-13T09:18:30,1100.0,33.55,S
2021-07-13T09:18:26,700.0,33.5,B
2021-07-13T09:18:25,500.0,33.5,B
2021-07-13T09:18:24,4900.0,33.5,S
2021-07-13T09:18:20,100.0,33.5,S
2021-07-13T09:18:15,1100.0,33.5,S
2021-07-13T09:18:12,100.0,33.5,S
2021-07-13T09:18:12,500.0,33.5,S
2021-07-13T09:18:12,500.0,33.6,S
2021-07-13T09:18:03,100.0,33.6,S
2021-07-13T09:17:59,900.0,33.5,S
2021-07-13T09:17:59,200.0,33.6,S
2021-07-13T09:17:58,200.0,33.7,S
2021-07-13T09:17:57,1100.0,33.7,S
2021-07-13T09:17:54,6100.0,33.8,S
2021-07-13T09:17:45,100.0,33.8,S
2021-07-13T09:17:42,1100.0,33.8,S
2021-07-13T09:17:41,4000.0,33.8,S
2021-07-13T09:17:39,1100.0,33.85,S
2021-07-13T09:17:37,700.0,33.9,S
2021-07-13T09:17:30,100.0,33.9,S
2021-07-13T09:17:27,400.0,33.9,S
2021-07-13T09:17:23,1100.0,33.9,S
2021-07-13T09:17:20,1700.0,33.9,S
2021-07-13T09:17:20,2300.0,33.9,S
2021-07-13T09:17:18,1100.0,33.9,S
2021-07-13T09:17:16,1000.0,34.2,B
2021-07-13T09:17:08,1200.0,34.0,S
2021-07-13T09:17:02,500.0,34.15,S
2021-07-13T09:16:58,100.0,34.0,S
2021-07-13T09:16:58,600.0,34.0,S
2021-07-13T09:16:58,2600.0,34.0,S
2021-07-13T09:16:58,1000.0,34.0,S
2021-07-13T09:16:58,500.0,34.0,S
2021-07-13T09:16:58,2000.0,34.0,S
2021-07-13T09:16:54,8000.0,34.0,S
2021-07-13T09:16:54,2000.0,34.0,S
2021-07-13T09:16:44,400.0,34.0,S
2021-07-13T09:16:44,200.0,34.0,S
2021-07-13T09:16:44,500.0,34.1,S
2021-07-13T09:16:44,5400.0,34.15,S
2021-07-13T09:16:37,300.0,34.15,S
2021-07-13T09:16:37,500.0,34.15,S
2021-07-13T09:16:34,300.0,34.15,S
2021-07-13T09:16:22,500.0,34.15,S
2021-07-13T09:16:07,1000.0,34.15,B
2021-07-13T09:16:01,500.0,34.0,S
2021-07-13T09:15:54,3000.0,34.0,S
2021-07-13T09:15:49,800.0,34.0,S
2021-07-13T09:15:21,200.0,34.0,S
2021-07-13T09:15:09,100.0,34.0,S
