tradingTime,volume,price,side
2021-07-13T14:30:00,1000.0,3.23,S
2021-07-13T14:29:36,2000.0,3.23,S
2021-07-13T14:29:30,100.0,3.23,S
2021-07-13T14:29:30,2300.0,3.23,S
2021-07-13T14:29:24,100.0,3.23,S
2021-07-13T14:29:08,10000.0,3.23,S
2021-07-13T14:29:07,20000.0,3.23,S
2021-07-13T14:28:51,100.0,3.23,S
2021-07-13T14:28:49,1000.0,3.23,S
2021-07-13T14:28:28,1000.0,3.23,S
2021-07-13T14:28:28,2000.0,3.23,S
2021-07-13T14:28:24,1000.0,3.23,S
2021-07-13T14:28:16,10000.0,3.23,S
2021-07-13T14:28:06,5000.0,3.23,S
2021-07-13T14:28:04,400.0,3.23,S
2021-07-13T14:27:57,10000.0,3.23,S
2021-07-13T14:27:55,200.0,3.23,S
2021-07-13T14:27:52,4500.0,3.23,S
2021-07-13T14:27:52,45500.0,3.23,S
2021-07-13T14:27:51,100.0,3.23,S
2021-07-13T14:27:46,100.0,3.23,S
2021-07-13T14:27:45,1200.0,3.23,S
2021-07-13T14:27:42,500.0,3.23,S
2021-07-13T14:27:42,10000.0,3.23,S
2021-07-13T14:27:33,1000.0,3.23,S
2021-07-13T14:27:30,100.0,3.23,S
2021-07-13T14:27:28,1000.0,3.23,S
2021-07-13T14:27:22,5000.0,3.23,S
2021-07-13T14:27:18,7000.0,3.23,S
2021-07-13T14:27:10,100.0,3.23,S
2021-07-13T14:27:02,400.0,3.23,S
2021-07-13T14:27:01,1500.0,3.23,S
2021-07-13T14:26:55,1500.0,3.23,S
2021-07-13T14:26:52,1000.0,3.23,S
2021-07-13T14:26:48,20000.0,3.23,S
2021-07-13T14:26:46,500.0,3.23,S
2021-07-13T14:26:46,1000.0,3.23,S
2021-07-13T14:26:39,3000.0,3.23,S
2021-07-13T14:26:38,100000.0,3.23,S
2021-07-13T14:26:26,500.0,3.23,S
2021-07-13T14:26:17,5000.0,3.23,S
2021-07-13T14:26:13,600.0,3.23,S
2021-07-13T14:26:10,500.0,3.23,S
2021-07-13T14:26:04,800.0,3.23,S
2021-07-13T14:26:00,500.0,3.23,S
2021-07-13T14:25:53,1600.0,3.23,B
2021-07-13T14:25:53,400.0,3.23,B
2021-07-13T14:25:53,100.0,3.23,B
2021-07-13T14:25:53,500.0,3.23,B
2021-07-13T14:25:53,17000.0,3.23,B
2021-07-13T14:25:52,1300.0,3.23,B
2021-07-13T14:25:52,1000.0,3.23,B
2021-07-13T14:25:52,29100.0,3.23,B
2021-07-13T14:25:52,101600.0,3.23,B
2021-07-13T14:25:52,1000.0,3.23,B
2021-07-13T14:25:52,8100.0,3.23,B
2021-07-13T14:25:52,2000.0,3.23,B
2021-07-13T14:25:52,8200.0,3.23,B
2021-07-13T14:25:51,2100.0,3.23,B
2021-07-13T14:25:51,1400.0,3.23,B
2021-07-13T14:25:51,300.0,3.23,B
2021-07-13T14:25:51,200.0,3.23,B
2021-07-13T14:25:51,9200.0,3.23,B
2021-07-13T14:25:51,5400.0,3.23,B
2021-07-13T14:25:51,10800.0,3.23,B
2021-07-13T14:25:51,2000.0,3.23,B
2021-07-13T14:25:51,100.0,3.23,B
2021-07-13T14:25:51,2100.0,3.23,B
2021-07-13T14:25:51,1500.0,3.23,B
2021-07-13T14:25:51,5100.0,3.23,B
2021-07-13T14:25:51,18300.0,3.23,B
2021-07-13T14:25:51,20700.0,3.23,B
2021-07-13T14:25:51,3000.0,3.23,B
2021-07-13T14:25:51,10100.0,3.23,B
2021-07-13T14:25:51,2100.0,3.23,B
2021-07-13T14:25:51,2000.0,3.23,B
2021-07-13T14:25:51,63000.0,3.23,B
2021-07-13T14:25:50,8100.0,3.23,B
2021-07-13T14:25:49,10000.0,3.23,B
2021-07-13T14:25:48,2000.0,3.23,B
2021-07-13T14:25:45,30000.0,3.23,B
2021-07-13T14:25:43,300.0,3.23,B
2021-07-13T14:25:41,70000.0,3.23,B
2021-07-13T14:25:40,16300.0,3.23,B
2021-07-13T14:25:38,100.0,3.23,B
2021-07-13T14:25:38,500.0,3.23,B
2021-07-13T14:25:37,2500.0,3.23,B
2021-07-13T14:25:37,100.0,3.23,B
2021-07-13T14:25:37,80000.0,3.23,B
2021-07-13T14:25:36,5000.0,3.22,S
2021-07-13T14:25:33,10000.0,3.23,B
2021-07-13T14:25:33,20000.0,3.23,B
2021-07-13T14:25:31,500.0,3.23,B
2021-07-13T14:25:30,200.0,3.23,B
2021-07-13T14:25:30,200.0,3.23,B
2021-07-13T14:25:29,10400.0,3.23,B
2021-07-13T14:25:29,100.0,3.23,B
2021-07-13T14:25:29,2000.0,3.23,B
2021-07-13T14:25:28,2000.0,3.23,B
2021-07-13T14:25:27,100.0,3.22,B
2021-07-13T14:25:27,20000.0,3.22,B
2021-07-13T14:25:25,400.0,3.22,B
2021-07-13T14:25:25,30400.0,3.22,S
2021-07-13T14:25:22,1000.0,3.23,B
2021-07-13T14:25:22,3000.0,3.23,B
2021-07-13T14:25:21,10000.0,3.23,B
2021-07-13T14:25:21,1000.0,3.22,S
2021-07-13T14:25:21,400.0,3.22,S
2021-07-13T14:25:18,500.0,3.23,B
2021-07-13T14:25:18,300.0,3.23,B
2021-07-13T14:25:16,1800.0,3.22,B
2021-07-13T14:25:16,10000.0,3.22,B
2021-07-13T14:25:16,1600.0,3.22,B
2021-07-13T14:25:16,6000.0,3.22,B
2021-07-13T14:25:16,1300.0,3.22,B
2021-07-13T14:25:15,400.0,3.22,S
2021-07-13T14:25:15,11500.0,3.22,S
2021-07-13T14:25:15,16400.0,3.22,S
2021-07-13T14:25:15,20000.0,3.23,B
2021-07-13T14:25:14,200.0,3.23,B
2021-07-13T14:25:10,25000.0,3.23,B
2021-07-13T14:25:10,2300.0,3.23,B
2021-07-13T14:25:10,5000.0,3.22,S
2021-07-13T14:25:10,15200.0,3.23,B
2021-07-13T14:25:08,1000.0,3.23,B
2021-07-13T14:25:07,100.0,3.22,S
2021-07-13T14:25:07,14500.0,3.23,B
2021-07-13T14:25:06,20000.0,3.23,B
2021-07-13T14:25:05,2000.0,3.23,B
2021-07-13T14:25:05,900.0,3.23,B
2021-07-13T14:25:03,4800.0,3.23,B
2021-07-13T14:25:03,5200.0,3.23,B
2021-07-13T14:25:02,600.0,3.23,B
2021-07-13T14:25:00,100.0,3.22,S
2021-07-13T14:25:00,3100.0,3.23,B
2021-07-13T14:25:00,1900.0,3.23,B
2021-07-13T14:24:59,5000.0,3.23,B
2021-07-13T14:24:58,100.0,3.22,S
2021-07-13T14:24:58,400.0,3.23,B
2021-07-13T14:24:58,500.0,3.23,B
2021-07-13T14:24:57,100.0,3.23,B
2021-07-13T14:24:57,2000.0,3.22,S
2021-07-13T14:24:56,2300.0,3.23,B
2021-07-13T14:24:56,16300.0,3.23,B
2021-07-13T14:24:56,1400.0,3.23,B
2021-07-13T14:24:56,14600.0,3.23,B
2021-07-13T14:24:56,2600.0,3.23,B
2021-07-13T14:24:56,2800.0,3.23,B
2021-07-13T14:24:54,7200.0,3.23,B
2021-07-13T14:24:53,500.0,3.22,S
2021-07-13T14:24:48,200.0,3.23,B
2021-07-13T14:24:48,50000.0,3.23,B
2021-07-13T14:24:42,5000.0,3.23,B
2021-07-13T14:24:42,500.0,3.22,B
2021-07-13T14:24:42,50000.0,3.22,B
2021-07-13T14:24:42,8000.0,3.22,B
2021-07-13T14:24:42,1200.0,3.22,S
2021-07-13T14:24:42,139400.0,3.22,S
2021-07-13T14:24:40,100.0,3.23,B
2021-07-13T14:24:40,5000.0,3.23,B
2021-07-13T14:24:34,10000.0,3.23,B
2021-07-13T14:24:33,1500.0,3.23,B
2021-07-13T14:24:27,200.0,3.22,S
2021-07-13T14:24:26,112300.0,3.22,B
2021-07-13T14:24:26,5500.0,3.22,B
2021-07-13T14:24:22,100.0,3.22,B
2021-07-13T14:24:22,10000.0,3.22,B
2021-07-13T14:24:22,200.0,3.22,B
2021-07-13T14:24:20,200.0,3.22,B
2021-07-13T14:24:20,10000.0,3.21,S
2021-07-13T14:24:20,40000.0,3.21,S
2021-07-13T14:24:19,10000.0,3.22,B
2021-07-13T14:24:18,500.0,3.22,B
2021-07-13T14:24:17,30000.0,3.22,B
2021-07-13T14:24:15,5600.0,3.22,B
2021-07-13T14:24:14,500.0,3.22,B
2021-07-13T14:24:11,6000.0,3.22,B
2021-07-13T14:24:07,100.0,3.22,B
2021-07-13T14:24:05,2000.0,3.22,B
2021-07-13T14:24:04,6000.0,3.21,S
2021-07-13T14:24:02,500.0,3.21,S
2021-07-13T14:24:02,10000.0,3.22,B
2021-07-13T14:23:57,700.0,3.22,B
2021-07-13T14:23:57,5000.0,3.22,B
2021-07-13T14:23:57,5000.0,3.22,B
2021-07-13T14:23:54,10000.0,3.22,B
2021-07-13T14:23:54,5000.0,3.22,B
2021-07-13T14:23:54,1500.0,3.22,B
2021-07-13T14:23:53,1000.0,3.22,B
2021-07-13T14:23:53,5000.0,3.22,B
2021-07-13T14:23:52,5000.0,3.22,B
2021-07-13T14:23:51,300.0,3.22,B
2021-07-13T14:23:51,100.0,3.22,B
2021-07-13T14:23:51,1000.0,3.22,B
2021-07-13T14:23:49,23000.0,3.22,B
2021-07-13T14:23:47,500.0,3.22,B
2021-07-13T14:23:44,5000.0,3.21,S
2021-07-13T14:23:38,3700.0,3.21,S
2021-07-13T14:23:36,100.0,3.21,B
2021-07-13T14:23:35,400.0,3.21,B
2021-07-13T14:23:33,5800.0,3.21,S
2021-07-13T14:23:26,500.0,3.21,S
2021-07-13T14:23:25,4100.0,3.21,B
2021-07-13T14:23:25,200.0,3.21,B
2021-07-13T14:23:24,200.0,3.21,B
2021-07-13T14:23:23,200.0,3.21,B
2021-07-13T14:23:23,2000.0,3.21,B
2021-07-13T14:23:23,1000.0,3.21,B
2021-07-13T14:23:17,200.0,3.21,B
2021-07-13T14:23:17,11400.0,3.21,B
2021-07-13T14:23:15,10000.0,3.21,B
2021-07-13T14:23:14,300.0,3.21,B
2021-07-13T14:23:08,10000.0,3.21,B
2021-07-13T14:23:08,100000.0,3.19,S
2021-07-13T14:23:07,500.0,3.21,B
2021-07-13T14:23:04,200.0,3.21,B
2021-07-13T14:23:04,100.0,3.2,S
2021-07-13T14:22:59,800.0,3.21,B
2021-07-13T14:22:58,3000.0,3.2,S
2021-07-13T14:22:52,1800.0,3.2,S
2021-07-13T14:22:49,3000.0,3.2,B
2021-07-13T14:22:49,3700.0,3.2,B
2021-07-13T14:22:47,7500.0,3.2,B
2021-07-13T14:22:43,3000.0,3.2,B
2021-07-13T14:22:43,5000.0,3.2,B
2021-07-13T14:22:43,16000.0,3.2,B
2021-07-13T14:22:42,100.0,3.2,B
2021-07-13T14:22:41,100000.0,3.2,B
2021-07-13T14:22:40,30000.0,3.2,B
2021-07-13T14:22:38,20000.0,3.2,B
2021-07-13T14:22:36,1000.0,3.2,B
2021-07-13T14:22:34,100.0,3.2,B
2021-07-13T14:22:32,1000.0,3.2,B
2021-07-13T14:22:26,8000.0,3.2,B
2021-07-13T14:22:22,10000.0,3.2,B
2021-07-13T14:22:22,5000.0,3.19,S
2021-07-13T14:22:15,1500.0,3.19,S
2021-07-13T14:22:15,2000.0,3.2,B
2021-07-13T14:22:15,5100.0,3.2,B
2021-07-13T14:22:13,52200.0,3.2,B
2021-07-13T14:22:13,8600.0,3.2,B
2021-07-13T14:22:13,39200.0,3.2,B
2021-07-13T14:22:13,1500.0,3.2,B
2021-07-13T14:22:12,100.0,3.2,B
2021-07-13T14:22:01,100.0,3.19,S
2021-07-13T14:22:00,15600.0,3.2,B
2021-07-13T14:22:00,4400.0,3.2,B
2021-07-13T14:22:00,200.0,3.19,S
2021-07-13T14:21:55,3000.0,3.19,B
2021-07-13T14:21:55,2000.0,3.19,B
2021-07-13T14:21:55,300.0,3.19,B
2021-07-13T14:21:55,3400.0,3.18,B
2021-07-13T14:21:55,47400.0,3.18,B
2021-07-13T14:21:54,1300.0,3.17,B
2021-07-13T14:21:51,1000.0,3.17,B
2021-07-13T14:21:47,10000.0,3.17,B
2021-07-13T14:21:41,5000.0,3.17,B
2021-07-13T14:21:33,9100.0,3.17,B
2021-07-13T14:21:33,900.0,3.16,B
2021-07-13T14:21:30,14000.0,3.15,B
2021-07-13T14:21:30,15500.0,3.15,B
2021-07-13T14:21:30,13400.0,3.15,B
2021-07-13T14:21:30,20200.0,3.15,B
2021-07-13T14:21:30,2600.0,3.15,B
2021-07-13T14:21:30,5000.0,3.13,B
2021-07-13T14:21:30,47700.0,3.12,B
2021-07-13T14:21:29,1000.0,3.12,B
2021-07-13T14:21:28,15000.0,3.12,B
2021-07-13T14:21:27,200.0,3.11,S
2021-07-13T14:21:22,19000.0,3.12,B
2021-07-13T14:21:22,1000.0,3.12,B
2021-07-13T14:21:14,1000.0,3.11,S
2021-07-13T14:21:11,4000.0,3.11,B
2021-07-13T14:21:11,12400.0,3.11,B
2021-07-13T14:21:11,5000.0,3.11,B
2021-07-13T14:21:10,20000.0,3.11,B
2021-07-13T14:21:10,5000.0,3.1,S
2021-07-13T14:21:08,15500.0,3.11,B
2021-07-13T14:21:08,1000.0,3.11,B
2021-07-13T14:21:07,10000.0,3.11,B
2021-07-13T14:21:07,600.0,3.11,B
2021-07-13T14:21:04,5000.0,3.11,B
2021-07-13T14:21:03,15000.0,3.11,B
2021-07-13T14:21:03,11700.0,3.11,B
2021-07-13T14:21:02,200.0,3.11,B
2021-07-13T14:21:02,800.0,3.11,B
2021-07-13T14:21:02,100.0,3.11,B
2021-07-13T14:20:59,10000.0,3.11,B
2021-07-13T14:20:58,10000.0,3.11,B
2021-07-13T14:20:54,7300.0,3.11,B
2021-07-13T14:20:50,1000.0,3.11,B
2021-07-13T14:20:49,10000.0,3.11,B
2021-07-13T14:20:48,2000.0,3.11,B
2021-07-13T14:20:40,500.0,3.1,S
2021-07-13T14:20:36,4000.0,3.1,B
2021-07-13T14:20:34,30000.0,3.1,B
2021-07-13T14:20:32,5100.0,3.1,B
2021-07-13T14:20:32,1100.0,3.1,B
2021-07-13T14:20:32,800.0,3.1,B
2021-07-13T14:20:32,10100.0,3.1,B
2021-07-13T14:20:32,2900.0,3.1,B
2021-07-13T14:20:31,300.0,3.1,B
2021-07-13T14:20:30,100.0,3.1,B
2021-07-13T14:20:27,1800.0,3.1,B
2021-07-13T14:20:27,2500.0,3.1,B
2021-07-13T14:20:27,2200.0,3.1,B
2021-07-13T14:20:27,500.0,3.1,B
2021-07-13T14:20:27,13000.0,3.1,B
2021-07-13T14:20:27,1400.0,3.1,B
2021-07-13T14:20:27,3300.0,3.1,B
2021-07-13T14:20:27,1700.0,3.1,B
2021-07-13T14:20:27,12100.0,3.1,B
2021-07-13T14:20:27,58000.0,3.1,B
2021-07-13T14:20:27,23000.0,3.1,B
2021-07-13T14:20:27,1800.0,3.1,B
2021-07-13T14:20:27,2000.0,3.1,B
2021-07-13T14:20:27,2000.0,3.1,B
2021-07-13T14:20:27,1100.0,3.1,B
2021-07-13T14:20:13,10100.0,3.1,B
2021-07-13T14:20:13,2400.0,3.1,B
2021-07-13T14:20:13,1000.0,3.1,B
2021-07-13T14:20:13,45600.0,3.1,B
2021-07-13T14:20:13,5800.0,3.09,B
2021-07-13T14:20:13,7200.0,3.09,B
2021-07-13T14:20:13,27900.0,3.09,B
2021-07-13T14:20:12,5000.0,3.09,B
2021-07-13T14:20:00,15000.0,3.08,B
2021-07-13T14:20:00,1200.0,3.08,B
2021-07-13T14:20:00,82800.0,3.08,B
2021-07-13T14:19:57,2000.0,3.08,B
2021-07-13T14:19:55,20000.0,3.08,B
2021-07-13T14:19:54,2400.0,3.08,B
2021-07-13T14:19:42,9900.0,3.07,B
2021-07-13T14:19:35,100.0,3.06,S
2021-07-13T14:19:33,1900.0,3.06,S
2021-07-13T14:19:31,5000.0,3.07,B
2021-07-13T14:19:23,1100.0,3.06,S
2021-07-13T14:19:20,100.0,3.06,B
2021-07-13T14:19:15,10000.0,3.06,B
2021-07-13T14:19:10,1200.0,3.06,B
2021-07-13T14:19:02,17900.0,3.05,S
2021-07-13T14:18:55,4100.0,3.05,B
2021-07-13T14:18:55,5900.0,3.05,B
2021-07-13T14:18:50,20000.0,3.05,B
2021-07-13T14:18:47,1000.0,3.05,B
2021-07-13T14:18:31,10900.0,3.05,B
2021-07-13T14:18:11,2700.0,3.04,B
2021-07-13T14:18:07,400.0,3.04,B
2021-07-13T14:17:54,5000.0,3.04,B
2021-07-13T14:17:43,20000.0,3.05,B
2021-07-13T14:17:19,12100.0,3.05,B
2021-07-13T14:17:19,1700.0,3.05,B
2021-07-13T14:17:19,5000.0,3.04,B
2021-07-13T14:17:19,1000.0,3.04,B
2021-07-13T14:17:19,11100.0,3.04,B
2021-07-13T14:17:19,19100.0,3.04,B
2021-07-13T14:17:07,15700.0,3.03,S
2021-07-13T14:16:20,5000.0,3.02,S
2021-07-13T14:16:06,1500.0,3.02,S
2021-07-13T14:16:00,5700.0,3.02,S
2021-07-13T14:15:43,15200.0,3.02,S
2021-07-13T14:15:43,100.0,3.03,B
2021-07-13T14:15:43,39900.0,3.03,B
2021-07-13T14:15:43,10000.0,3.03,B
2021-07-13T14:15:36,10500.0,3.02,B
2021-07-13T14:15:36,18000.0,3.02,B
2021-07-13T14:15:25,200.0,3.02,B
2021-07-13T14:15:23,500.0,3.02,B
2021-07-13T14:15:23,5000.0,3.02,B
2021-07-13T14:15:16,8400.0,3.02,B
2021-07-13T14:15:16,10800.0,3.02,B
2021-07-13T14:15:16,30800.0,3.02,B
2021-07-13T14:15:12,100.0,3.01,S
2021-07-13T14:14:32,20000.0,3.02,B
2021-07-13T14:14:09,8700.0,3.01,B
2021-07-13T14:14:09,200.0,3.01,B
2021-07-13T14:14:08,100.0,3.01,B
2021-07-13T14:13:43,1000.0,3.01,S
2021-07-13T14:13:38,2000.0,3.01,B
2021-07-13T14:13:37,300.0,3.0,S
2021-07-13T14:12:38,3000.0,3.0,S
2021-07-13T14:12:28,9200.0,3.02,B
2021-07-13T14:12:28,3500.0,3.01,B
2021-07-13T14:12:28,7300.0,3.01,B
2021-07-13T14:12:16,2000.0,3.0,S
2021-07-13T14:12:02,700.0,3.01,B
2021-07-13T14:11:39,5000.0,3.0,S
2021-07-13T14:11:30,5600.0,3.0,S
2021-07-13T14:11:09,4000.0,3.0,S
2021-07-13T14:10:54,4000.0,3.0,S
2021-07-13T14:10:54,49600.0,3.0,S
2021-07-13T14:10:54,9900.0,3.0,S
2021-07-13T14:10:54,36500.0,3.0,S
2021-07-13T14:10:37,2000.0,3.01,B
2021-07-13T14:10:09,1000.0,3.0,S
2021-07-13T14:09:19,8500.0,3.0,S
2021-07-13T14:09:19,10000.0,3.0,S
2021-07-13T14:09:19,600.0,3.0,S
2021-07-13T14:09:19,22000.0,3.0,S
2021-07-13T14:09:19,600.0,3.0,S
2021-07-13T14:09:19,500.0,3.0,S
2021-07-13T14:09:19,2100.0,3.0,S
2021-07-13T14:09:19,3500.0,3.0,S
2021-07-13T14:09:19,22200.0,3.0,S
2021-07-13T14:08:43,3700.0,3.0,S
2021-07-13T14:08:43,400.0,3.01,S
2021-07-13T14:08:08,100.0,3.01,B
2021-07-13T14:07:43,5000.0,3.01,B
2021-07-13T14:07:39,500.0,3.0,S
2021-07-13T14:07:25,4000.0,3.0,S
2021-07-13T14:06:59,1500.0,3.0,S
2021-07-13T14:06:29,9000.0,3.01,S
2021-07-13T14:06:26,100.0,3.01,S
2021-07-13T14:06:14,1800.0,3.01,S
2021-07-13T14:05:52,50000.0,3.01,S
2021-07-13T14:05:44,10000.0,3.01,S
2021-07-13T14:05:41,10000.0,3.01,S
2021-07-13T14:05:24,10000.0,3.01,S
2021-07-13T14:04:57,10100.0,3.01,B
2021-07-13T14:04:24,4000.0,3.0,S
2021-07-13T14:04:23,300.0,3.0,S
2021-07-13T14:04:14,500.0,3.01,B
2021-07-13T14:03:35,4400.0,3.01,S
2021-07-13T14:03:27,300.0,3.02,B
2021-07-13T14:03:11,10000.0,3.01,S
2021-07-13T14:03:05,1200.0,3.02,B
2021-07-13T14:03:00,25000.0,3.01,S
2021-07-13T14:02:58,500.0,3.01,S
2021-07-13T14:02:37,20000.0,3.01,S
2021-07-13T14:02:08,100.0,3.02,B
2021-07-13T14:00:32,100.0,3.02,B
2021-07-13T14:00:12,200.0,3.01,S
2021-07-13T14:00:10,1000.0,3.02,B
2021-07-13T14:00:08,300.0,3.01,S
2021-07-13T14:00:01,5000.0,3.01,S
2021-07-13T13:59:58,10200.0,3.01,S
2021-07-13T13:59:52,1700.0,3.02,B
2021-07-13T13:59:49,300.0,3.01,S
2021-07-13T13:58:59,4000.0,3.01,S
2021-07-13T13:58:36,3500.0,3.01,S
2021-07-13T13:58:21,500.0,3.02,B
2021-07-13T13:57:08,2000.0,3.02,B
2021-07-13T13:57:08,1000.0,3.01,S
2021-07-13T13:56:58,200.0,3.02,B
2021-07-13T13:56:45,1000.0,3.02,B
2021-07-13T13:56:26,1000.0,3.02,B
2021-07-13T13:56:10,200.0,3.02,B
2021-07-13T13:56:08,900.0,3.02,B
2021-07-13T13:56:08,6300.0,3.02,B
2021-07-13T13:56:07,2100.0,3.02,B
2021-07-13T13:55:48,200.0,3.02,B
2021-07-13T13:55:45,100.0,3.02,B
2021-07-13T13:55:42,1000.0,3.02,B
2021-07-13T13:55:35,2600.0,3.02,B
2021-07-13T13:55:30,10000.0,3.02,B
2021-07-13T13:55:18,3000.0,3.02,B
2021-07-13T13:55:09,300.0,3.02,B
2021-07-13T13:54:42,5000.0,3.02,B
2021-07-13T13:54:30,100.0,3.02,B
2021-07-13T13:54:27,3000.0,3.02,B
2021-07-13T13:54:24,400.0,3.02,B
2021-07-13T13:54:20,10000.0,3.02,B
2021-07-13T13:53:55,3000.0,3.02,B
2021-07-13T13:53:32,500.0,3.02,B
2021-07-13T13:53:28,5000.0,3.02,B
2021-07-13T13:53:27,8700.0,3.02,B
2021-07-13T13:53:20,24000.0,3.02,B
2021-07-13T13:53:03,600.0,3.02,B
2021-07-13T13:52:51,900.0,3.01,S
2021-07-13T13:52:23,1000.0,3.02,B
2021-07-13T13:52:17,10000.0,3.02,B
2021-07-13T13:52:15,400.0,3.01,S
2021-07-13T13:52:14,300.0,3.02,B
2021-07-13T13:52:12,5000.0,3.02,B
2021-07-13T13:51:58,2000.0,3.02,B
2021-07-13T13:51:42,30000.0,3.02,B
2021-07-13T13:50:35,2000.0,3.02,B
2021-07-13T13:50:35,2000.0,3.02,B
2021-07-13T13:50:28,100.0,3.02,B
2021-07-13T13:50:15,100.0,3.02,B
2021-07-13T13:49:23,200.0,3.02,B
2021-07-13T13:48:24,100.0,3.02,B
2021-07-13T13:48:00,400.0,3.02,B
2021-07-13T13:47:49,400.0,3.02,B
2021-07-13T13:47:36,100.0,3.02,B
2021-07-13T13:47:35,100.0,3.02,B
2021-07-13T13:47:30,1000.0,3.02,B
2021-07-13T13:47:28,500.0,3.02,B
2021-07-13T13:47:25,20000.0,3.02,B
2021-07-13T13:47:22,300.0,3.02,B
2021-07-13T13:46:49,500.0,3.02,B
2021-07-13T13:46:12,5600.0,3.01,S
2021-07-13T13:45:54,100.0,3.01,B
2021-07-13T13:45:34,900.0,3.01,S
2021-07-13T13:45:27,700.0,3.01,S
2021-07-13T13:45:22,400.0,3.01,B
2021-07-13T13:45:22,9000.0,3.01,B
2021-07-13T13:45:16,600.0,3.0,S
2021-07-13T13:45:02,900.0,3.01,B
2021-07-13T13:44:39,59400.0,3.0,S
2021-07-13T13:44:39,3000.0,3.01,B
2021-07-13T13:44:17,200.0,3.0,S
2021-07-13T13:44:13,1000.0,3.01,B
2021-07-13T13:44:11,9700.0,3.01,S
2021-07-13T13:43:57,300.0,3.01,S
2021-07-13T13:43:43,10000.0,3.01,S
2021-07-13T13:43:20,2000.0,3.0,S
2021-07-13T13:43:19,10000.0,3.0,S
2021-07-13T13:43:15,97400.0,3.01,B
2021-07-13T13:43:04,1400.0,3.0,S
2021-07-13T13:43:03,10100.0,3.0,S
2021-07-13T13:42:43,14900.0,3.0,B
2021-07-13T13:42:43,200.0,3.0,B
2021-07-13T13:42:38,500.0,3.0,B
2021-07-13T13:42:32,3500.0,3.0,B
2021-07-13T13:42:32,67200.0,3.0,B
2021-07-13T13:42:23,20000.0,3.0,B
2021-07-13T13:41:48,1500.0,2.99,S
2021-07-13T13:40:05,800.0,2.99,B
2021-07-13T13:39:59,600.0,2.99,B
2021-07-13T13:39:37,1600.0,2.99,S
2021-07-13T13:39:37,7000.0,2.99,S
2021-07-13T13:39:24,300.0,3.0,B
2021-07-13T13:39:17,100.0,3.0,B
2021-07-13T13:39:05,100.0,3.0,B
2021-07-13T13:38:52,200.0,3.0,B
2021-07-13T13:38:34,100.0,3.0,B
2021-07-13T13:38:11,400.0,3.0,B
2021-07-13T13:38:08,500.0,3.0,B
2021-07-13T13:37:10,300.0,3.0,B
2021-07-13T13:36:21,100.0,3.0,B
2021-07-13T13:36:07,2400.0,3.0,B
2021-07-13T13:36:07,2600.0,3.0,B
2021-07-13T13:36:00,400.0,2.99,B
2021-07-13T13:35:47,300.0,3.0,B
2021-07-13T13:35:47,100.0,3.0,B
2021-07-13T13:35:36,12600.0,2.98,S
2021-07-13T13:35:36,300.0,2.98,S
2021-07-13T13:35:36,1000.0,2.98,S
2021-07-13T13:35:36,3300.0,2.98,S
2021-07-13T13:35:36,18300.0,2.98,S
2021-07-13T13:35:36,14500.0,2.99,S
2021-07-13T13:35:36,500.0,3.0,B
2021-07-13T13:35:31,1000.0,3.0,B
2021-07-13T13:35:16,1000.0,3.0,B
2021-07-13T13:34:58,10600.0,3.0,S
2021-07-13T13:34:35,2600.0,3.0,B
2021-07-13T13:34:33,200.0,3.0,B
2021-07-13T13:34:31,2400.0,3.0,S
2021-07-13T13:34:26,3000.0,3.0,S
2021-07-13T13:33:52,6000.0,3.0,S
2021-07-13T13:33:37,5000.0,3.0,S
2021-07-13T13:33:31,2300.0,2.99,S
2021-07-13T13:33:31,47700.0,2.99,S
2021-07-13T13:33:26,44000.0,3.0,S
2021-07-13T13:33:13,600.0,3.0,S
2021-07-13T13:33:03,300.0,3.01,B
2021-07-13T13:32:54,900.0,3.01,B
2021-07-13T13:32:18,1000.0,3.01,B
2021-07-13T13:32:15,100.0,3.01,B
2021-07-13T13:32:11,100.0,3.01,B
2021-07-13T13:32:05,3000.0,3.01,B
2021-07-13T13:31:53,1000.0,3.01,B
2021-07-13T13:31:49,1000.0,3.01,B
2021-07-13T13:31:47,1000.0,3.01,B
2021-07-13T13:31:45,1000.0,3.0,S
2021-07-13T13:31:45,10000.0,3.0,S
2021-07-13T13:31:45,4400.0,3.0,S
2021-07-13T13:31:45,5200.0,3.0,S
2021-07-13T13:31:45,2900.0,3.0,S
2021-07-13T13:31:45,10000.0,3.0,S
2021-07-13T13:31:45,5200.0,3.0,S
2021-07-13T13:31:45,7200.0,3.0,S
2021-07-13T13:31:45,300.0,3.0,S
2021-07-13T13:31:45,3100.0,3.0,S
2021-07-13T13:31:42,6600.0,3.01,B
2021-07-13T13:31:30,5000.0,3.01,B
2021-07-13T13:31:16,1000.0,3.01,B
2021-07-13T13:31:14,1000.0,3.01,B
2021-07-13T13:31:10,2000.0,3.01,B
2021-07-13T13:31:10,1000.0,3.01,B
2021-07-13T13:30:30,22900.0,3.01,S
2021-07-13T13:30:16,5400.0,3.01,B
2021-07-13T13:30:16,2800.0,3.01,B
2021-07-13T13:30:07,5000.0,3.01,B
2021-07-13T13:30:06,1700.0,3.01,S
2021-07-13T13:29:57,10000.0,3.01,S
2021-07-13T13:29:18,2000.0,3.01,S
2021-07-13T13:28:52,5000.0,3.02,B
2021-07-13T13:28:51,200.0,3.02,B
2021-07-13T13:28:22,3400.0,3.01,S
2021-07-13T13:28:21,10000.0,3.02,B
2021-07-13T13:27:42,5000.0,3.02,B
2021-07-13T13:27:32,100.0,3.02,B
2021-07-13T13:27:14,1500.0,3.01,S
2021-07-13T13:26:40,1000.0,3.02,B
2021-07-13T13:26:32,200.0,3.02,B
2021-07-13T13:26:32,700.0,3.02,B
2021-07-13T13:26:17,100.0,3.02,B
2021-07-13T13:26:14,100.0,3.0,S
2021-07-13T13:26:10,5000.0,3.02,B
2021-07-13T13:26:08,5000.0,3.02,B
2021-07-13T13:25:47,2000.0,3.0,S
2021-07-13T13:25:36,3000.0,3.0,B
2021-07-13T13:25:36,11000.0,3.0,B
2021-07-13T13:25:36,47300.0,3.0,B
2021-07-13T13:25:36,65900.0,3.0,B
2021-07-13T13:25:33,100.0,3.0,B
2021-07-13T13:25:00,300.0,3.0,B
2021-07-13T13:24:45,5000.0,3.0,B
2021-07-13T13:24:36,100.0,2.97,S
2021-07-13T13:24:19,2600.0,2.97,S
2021-07-13T13:24:14,30000.0,2.99,B
2021-07-13T13:24:13,11000.0,2.98,S
2021-07-13T13:23:56,2000.0,2.98,S
2021-07-13T13:23:55,2000.0,2.98,S
2021-07-13T13:23:49,700.0,2.99,B
2021-07-13T13:23:36,300.0,2.98,B
2021-07-13T13:23:33,12000.0,2.98,B
2021-07-13T13:23:23,5000.0,2.98,B
2021-07-13T13:23:21,5000.0,2.98,B
2021-07-13T13:23:15,8500.0,2.97,S
2021-07-13T13:23:11,1000.0,2.98,B
2021-07-13T13:23:08,500.0,2.98,B
2021-07-13T13:23:05,100.0,2.98,B
2021-07-13T13:22:59,1600.0,2.98,B
2021-07-13T13:22:57,200.0,2.98,B
2021-07-13T13:22:51,10000.0,2.98,B
2021-07-13T13:22:50,300.0,2.98,B
2021-07-13T13:22:44,100.0,2.98,B
2021-07-13T13:22:27,200.0,2.98,B
2021-07-13T13:22:12,300.0,2.98,B
2021-07-13T13:22:07,200.0,2.98,B
2021-07-13T13:22:02,100.0,2.98,B
2021-07-13T13:21:47,1900.0,2.98,S
2021-07-13T13:21:42,600.0,2.98,S
2021-07-13T13:21:42,2200.0,2.98,S
2021-07-13T13:21:42,400.0,2.98,S
2021-07-13T13:21:42,5200.0,2.98,S
2021-07-13T13:21:36,300.0,2.99,B
2021-07-13T13:21:33,5000.0,2.99,B
2021-07-13T13:21:31,400.0,2.99,B
2021-07-13T13:21:29,1600.0,2.99,S
2021-07-13T13:21:29,9300.0,2.99,S
2021-07-13T13:21:29,13900.0,2.99,S
2021-07-13T13:21:19,100.0,3.0,B
2021-07-13T13:21:14,20000.0,2.99,S
2021-07-13T13:21:13,10000.0,2.99,S
2021-07-13T13:21:04,200.0,2.99,S
2021-07-13T13:21:01,10000.0,2.99,S
2021-07-13T13:20:55,11600.0,3.0,S
2021-07-13T13:20:55,1300.0,3.0,S
2021-07-13T13:20:55,1100.0,3.0,S
2021-07-13T13:20:55,2700.0,3.0,S
2021-07-13T13:20:55,5700.0,3.0,S
2021-07-13T13:20:55,3600.0,3.0,S
2021-07-13T13:20:55,1000.0,3.0,S
2021-07-13T13:20:55,16600.0,3.0,S
2021-07-13T13:20:53,10000.0,3.0,S
2021-07-13T13:20:49,5000.0,3.0,S
2021-07-13T13:20:47,1700.0,3.0,S
2021-07-13T13:20:47,300.0,3.0,S
2021-07-13T13:20:47,8000.0,3.0,S
2021-07-13T13:20:44,300.0,3.0,S
2021-07-13T13:20:42,100.0,3.0,S
2021-07-13T13:20:40,3000.0,3.0,S
2021-07-13T13:20:30,3500.0,3.0,S
2021-07-13T13:20:30,10700.0,3.0,S
2021-07-13T13:20:30,1000.0,3.0,S
2021-07-13T13:20:30,8100.0,3.0,S
2021-07-13T13:20:30,1000.0,3.0,S
2021-07-13T13:20:30,800.0,3.0,S
2021-07-13T13:20:26,20000.0,3.0,S
2021-07-13T13:20:26,5000.0,3.0,S
2021-07-13T13:20:25,27300.0,3.0,S
2021-07-13T13:20:25,28200.0,3.0,S
2021-07-13T13:20:25,2300.0,3.0,S
2021-07-13T13:20:25,400.0,3.0,S
2021-07-13T13:20:25,2300.0,3.0,S
2021-07-13T13:20:25,21700.0,3.0,S
2021-07-13T13:20:25,10300.0,3.0,S
2021-07-13T13:20:25,7500.0,3.0,S
2021-07-13T13:20:24,1000.0,3.0,S
2021-07-13T13:20:18,800.0,3.0,S
2021-07-13T13:20:18,7100.0,3.0,S
2021-07-13T13:20:18,5000.0,3.0,S
2021-07-13T13:20:18,1100.0,3.0,S
2021-07-13T13:20:18,17200.0,3.0,S
2021-07-13T13:20:18,8100.0,3.0,S
2021-07-13T13:20:18,5000.0,3.0,S
2021-07-13T13:20:18,1300.0,3.0,S
2021-07-13T13:20:18,1000.0,3.0,S
2021-07-13T13:20:18,1000.0,3.0,S
2021-07-13T13:20:18,9000.0,3.0,S
2021-07-13T13:20:18,45400.0,3.0,S
2021-07-13T13:20:11,500.0,3.0,S
2021-07-13T13:20:06,600.0,3.01,B
2021-07-13T13:19:55,5000.0,3.0,S
2021-07-13T13:19:48,7000.0,3.0,S
2021-07-13T13:19:48,4000.0,3.0,S
2021-07-13T13:19:48,4600.0,3.0,S
2021-07-13T13:19:48,7500.0,3.0,S
2021-07-13T13:19:48,6100.0,3.0,S
2021-07-13T13:19:48,800.0,3.0,S
2021-07-13T13:19:35,1000.0,3.01,B
2021-07-13T13:19:21,1400.0,3.01,S
2021-07-13T13:19:21,1000.0,3.01,S
2021-07-13T13:19:21,300.0,3.01,S
2021-07-13T13:19:21,1500.0,3.01,S
2021-07-13T13:19:21,5700.0,3.01,S
2021-07-13T13:19:21,1000.0,3.01,S
2021-07-13T13:19:21,7100.0,3.01,S
2021-07-13T13:19:21,11700.0,3.01,S
2021-07-13T13:19:21,8400.0,3.01,S
2021-07-13T13:19:21,3500.0,3.01,S
2021-07-13T13:19:21,12100.0,3.01,S
2021-07-13T13:19:17,20000.0,3.01,S
2021-07-13T13:19:00,2300.0,3.01,S
2021-07-13T13:19:00,10700.0,3.01,S
2021-07-13T13:18:50,600.0,3.01,S
2021-07-13T13:18:50,4800.0,3.01,S
2021-07-13T13:18:48,3000.0,3.01,S
2021-07-13T13:18:19,10000.0,3.01,S
2021-07-13T13:18:01,2000.0,3.02,B
2021-07-13T13:17:47,300.0,3.02,S
2021-07-13T13:17:47,3100.0,3.02,S
2021-07-13T13:17:47,5100.0,3.02,S
2021-07-13T13:17:46,3000.0,3.03,B
2021-07-13T13:17:45,200.0,3.03,B
2021-07-13T13:17:33,800.0,3.03,B
2021-07-13T13:17:28,13000.0,3.02,S
2021-07-13T13:17:28,6000.0,3.02,S
2021-07-13T13:17:28,3300.0,3.02,S
2021-07-13T13:17:28,9400.0,3.02,S
2021-07-13T13:17:28,500.0,3.02,S
2021-07-13T13:17:28,1900.0,3.02,S
2021-07-13T13:17:28,15900.0,3.02,S
2021-07-13T13:17:25,1500.0,3.02,S
2021-07-13T13:17:22,1000.0,3.02,S
2021-07-13T13:17:22,16300.0,3.02,S
2021-07-13T13:17:03,1000.0,3.02,S
2021-07-13T13:16:27,10000.0,3.02,S
2021-07-13T13:16:07,2200.0,3.02,S
2021-07-13T13:15:42,2000.0,3.02,S
2021-07-13T13:15:32,10800.0,3.02,S
2021-07-13T13:15:32,10000.0,3.02,S
2021-07-13T13:15:27,2000.0,3.02,S
2021-07-13T13:15:13,2000.0,3.02,S
2021-07-13T13:13:27,100.0,3.03,B
2021-07-13T13:12:34,300.0,3.04,B
2021-07-13T13:12:27,50400.0,3.02,S
2021-07-13T13:12:27,1500.0,3.02,S
2021-07-13T13:12:27,23500.0,3.03,S
2021-07-13T13:12:16,1000.0,3.04,B
2021-07-13T13:11:44,200.0,3.04,B
2021-07-13T13:11:41,700.0,3.04,B
2021-07-13T13:11:12,100.0,3.04,B
2021-07-13T13:10:50,400.0,3.04,B
2021-07-13T13:10:43,1000.0,3.04,B
2021-07-13T13:08:59,500.0,3.04,B
2021-07-13T13:08:03,100.0,3.03,B
2021-07-13T13:08:03,300.0,3.03,B
2021-07-13T13:08:03,9500.0,3.03,B
2021-07-13T13:07:49,3000.0,3.03,B
2021-07-13T13:07:25,600.0,3.03,B
2021-07-13T13:07:22,2000.0,3.03,B
2021-07-13T13:07:15,200.0,3.03,B
2021-07-13T13:07:05,100.0,3.03,B
2021-07-13T13:07:04,100.0,3.03,B
2021-07-13T13:06:35,100.0,3.03,B
2021-07-13T13:06:31,500.0,3.03,B
2021-07-13T13:06:29,200.0,3.03,B
2021-07-13T13:06:27,500.0,3.03,B
2021-07-13T13:06:25,900.0,3.03,B
2021-07-13T13:06:23,10000.0,3.03,B
2021-07-13T13:05:44,100.0,3.03,B
2021-07-13T13:05:32,400.0,3.03,B
2021-07-13T13:04:15,2000.0,3.03,B
2021-07-13T13:03:50,3000.0,3.03,B
2021-07-13T13:03:21,1000.0,3.02,S
2021-07-13T13:03:04,1800.0,3.02,B
2021-07-13T13:02:41,3000.0,3.02,B
2021-07-13T13:02:08,500.0,3.02,B
2021-07-13T13:02:07,200.0,3.01,S
2021-07-13T13:01:59,1000.0,3.02,B
2021-07-13T13:01:44,700.0,3.02,B
2021-07-13T13:01:27,100.0,3.02,B
2021-07-13T13:01:13,700.0,3.02,B
2021-07-13T13:00:59,10000.0,3.02,B
2021-07-13T13:00:34,100.0,3.02,B
2021-07-13T13:00:25,100.0,3.02,B
2021-07-13T13:00:24,4300.0,3.02,B
2021-07-13T13:00:22,100.0,3.02,B
2021-07-13T13:00:22,100.0,3.02,B
2021-07-13T13:00:22,1000.0,3.02,B
2021-07-13T13:00:16,400.0,3.02,S
2021-07-13T13:00:16,800.0,3.02,S
2021-07-13T13:00:16,500.0,3.02,S
2021-07-13T13:00:16,18900.0,3.02,S
2021-07-13T13:00:16,3200.0,3.02,S
2021-07-13T13:00:16,2500.0,3.02,S
2021-07-13T13:00:15,15000.0,3.02,S
2021-07-13T13:00:10,4200.0,3.02,S
2021-07-13T13:00:10,7400.0,3.02,S
2021-07-13T13:00:10,5800.0,3.03,S
2021-07-13T13:00:09,500.0,3.03,S
2021-07-13T13:00:06,2000.0,3.03,S
2021-07-13T13:00:06,10000.0,3.03,S
2021-07-13T13:00:03,6700.0,3.03,B
2021-07-13T13:00:03,11000.0,3.03,B
2021-07-13T13:00:03,6000.0,3.02,S
2021-07-13T13:00:03,5600.0,3.02,S
2021-07-13T13:00:03,200.0,3.02,S
2021-07-13T13:00:01,300.0,3.03,B
2021-07-13T11:29:18,6300.0,3.02,S
2021-07-13T11:29:18,2300.0,3.02,S
2021-07-13T11:29:18,12000.0,3.02,S
2021-07-13T11:29:18,1500.0,3.02,S
2021-07-13T11:29:18,5300.0,3.02,S
2021-07-13T11:29:18,35400.0,3.02,S
2021-07-13T11:29:18,1100.0,3.02,S
2021-07-13T11:29:18,3500.0,3.02,S
2021-07-13T11:29:18,12600.0,3.02,S
2021-07-13T11:29:13,100.0,3.03,S
2021-07-13T11:29:00,39100.0,3.02,S
2021-07-13T11:29:00,700.0,3.02,S
2021-07-13T11:29:00,1000.0,3.02,S
2021-07-13T11:29:00,4600.0,3.02,S
2021-07-13T11:28:08,2800.0,3.02,S
2021-07-13T11:28:05,9700.0,3.02,S
2021-07-13T11:28:05,10000.0,3.02,S
2021-07-13T11:28:05,5300.0,3.02,S
2021-07-13T11:27:55,2000.0,3.03,B
2021-07-13T11:26:55,1100.0,3.03,S
2021-07-13T11:26:55,300.0,3.03,S
2021-07-13T11:26:55,12400.0,3.03,S
2021-07-13T11:25:30,2000.0,3.04,S
2021-07-13T11:25:07,700.0,3.04,B
2021-07-13T11:25:03,300.0,3.04,B
2021-07-13T11:24:40,700.0,3.04,S
2021-07-13T11:24:40,300.0,3.04,S
2021-07-13T11:23:43,2000.0,3.04,B
2021-07-13T11:23:21,5000.0,3.04,B
2021-07-13T11:23:09,3000.0,3.04,B
2021-07-13T11:22:38,1900.0,3.03,S
2021-07-13T11:22:38,16000.0,3.03,S
2021-07-13T11:22:38,52000.0,3.03,S
2021-07-13T11:22:38,80100.0,3.03,S
2021-07-13T11:22:25,5000.0,3.05,B
2021-07-13T11:21:57,3000.0,3.04,S
2021-07-13T11:21:40,700.0,3.04,S
2021-07-13T11:21:05,2700.0,3.05,B
2021-07-13T11:20:53,3000.0,3.04,S
2021-07-13T11:19:55,9900.0,3.05,B
2021-07-13T11:19:53,100.0,3.05,B
2021-07-13T11:18:39,100.0,3.05,B
2021-07-13T11:17:21,100.0,3.05,B
2021-07-13T11:16:51,400.0,3.03,S
2021-07-13T11:16:20,1000.0,3.03,S
2021-07-13T11:16:17,100.0,3.04,S
2021-07-13T11:16:07,26000.0,3.03,S
2021-07-13T11:16:05,24300.0,3.04,B
2021-07-13T11:15:40,200.0,3.04,B
2021-07-13T11:15:32,3000.0,3.04,S
2021-07-13T11:15:32,8500.0,3.04,S
2021-07-13T11:14:17,100.0,3.04,S
2021-07-13T11:13:43,5000.0,3.05,B
2021-07-13T11:11:41,5000.0,3.03,S
2021-07-13T11:10:21,5000.0,3.03,S
2021-07-13T11:08:54,77700.0,3.02,S
2021-07-13T11:08:54,100.0,3.02,S
2021-07-13T11:08:52,14000.0,3.02,S
2021-07-13T11:08:52,3000.0,3.02,S
2021-07-13T11:08:52,52300.0,3.02,S
2021-07-13T11:08:52,2500.0,3.03,S
2021-07-13T11:08:52,1400.0,3.03,S
2021-07-13T11:08:52,200.0,3.04,S
2021-07-13T11:08:52,18800.0,3.04,S
2021-07-13T11:08:47,200.0,3.05,B
2021-07-13T11:08:06,3000.0,3.05,B
2021-07-13T11:08:05,1700.0,3.05,B
2021-07-13T11:07:42,1700.0,3.05,B
2021-07-13T11:07:36,22400.0,3.05,S
2021-07-13T11:07:36,900.0,3.05,S
2021-07-13T11:07:36,3300.0,3.05,S
2021-07-13T11:07:36,300.0,3.05,S
2021-07-13T11:07:36,600.0,3.05,S
2021-07-13T11:07:36,6600.0,3.05,S
2021-07-13T11:06:13,1800.0,3.06,B
2021-07-13T11:05:54,26900.0,3.06,B
2021-07-13T11:05:53,12600.0,3.07,S
2021-07-13T11:05:48,100.0,3.08,B
2021-07-13T11:05:38,100.0,3.08,B
2021-07-13T11:05:36,500.0,3.07,S
2021-07-13T11:04:37,6300.0,3.08,S
2021-07-13T11:04:30,4900.0,3.08,B
2021-07-13T11:04:29,1000.0,3.08,B
2021-07-13T11:03:57,600.0,3.08,B
2021-07-13T11:03:53,300.0,3.08,B
2021-07-13T11:03:36,100.0,3.08,B
2021-07-13T11:03:27,100.0,3.08,S
2021-07-13T11:03:27,500.0,3.08,S
2021-07-13T11:03:27,4200.0,3.08,S
2021-07-13T11:03:17,200.0,3.08,S
2021-07-13T11:03:03,5000.0,3.08,S
2021-07-13T11:02:44,20900.0,3.08,B
2021-07-13T11:02:27,300.0,3.08,B
2021-07-13T11:01:56,2000.0,3.08,B
2021-07-13T11:01:51,200.0,3.08,B
2021-07-13T11:01:36,28900.0,3.08,B
2021-07-13T11:01:36,500.0,3.08,B
2021-07-13T11:01:36,600.0,3.08,B
2021-07-13T11:01:36,9800.0,3.08,B
2021-07-13T11:01:36,400.0,3.08,B
2021-07-13T11:01:36,59800.0,3.07,B
2021-07-13T11:01:32,200.0,3.06,S
2021-07-13T11:00:52,3800.0,3.07,B
2021-07-13T11:00:50,200.0,3.07,B
2021-07-13T11:00:30,500.0,3.07,B
2021-07-13T11:00:19,2000.0,3.07,B
2021-07-13T11:00:09,400.0,3.06,S
2021-07-13T11:00:07,200.0,3.06,S
2021-07-13T10:59:54,1000.0,3.06,S
2021-07-13T10:59:23,1500.0,3.06,S
2021-07-13T10:59:02,1000.0,3.06,S
2021-07-13T10:58:37,700.0,3.07,B
2021-07-13T10:58:35,50000.0,3.06,S
2021-07-13T10:58:08,1000.0,3.07,B
2021-07-13T10:57:56,500.0,3.07,B
2021-07-13T10:56:37,10000.0,3.07,B
2021-07-13T10:55:25,500.0,3.07,B
2021-07-13T10:55:14,300.0,3.07,B
2021-07-13T10:55:13,100.0,3.06,S
2021-07-13T10:55:04,500.0,3.07,B
2021-07-13T10:54:50,3000.0,3.07,B
2021-07-13T10:54:45,10000.0,3.06,S
2021-07-13T10:54:45,10000.0,3.06,S
2021-07-13T10:54:10,5200.0,3.06,B
2021-07-13T10:54:03,1900.0,3.06,B
2021-07-13T10:54:01,2900.0,3.06,B
2021-07-13T10:53:45,800.0,3.06,B
2021-07-13T10:53:42,400.0,3.06,B
2021-07-13T10:53:38,400.0,3.06,B
2021-07-13T10:53:06,400.0,3.06,B
2021-07-13T10:52:37,500.0,3.05,S
2021-07-13T10:52:32,300.0,3.06,B
2021-07-13T10:51:26,8000.0,3.05,B
2021-07-13T10:51:05,300.0,3.05,B
2021-07-13T10:50:36,3000.0,3.05,B
2021-07-13T10:50:34,10000.0,3.05,B
2021-07-13T10:50:20,20000.0,3.05,B
2021-07-13T10:50:10,1500.0,3.05,B
2021-07-13T10:49:54,300.0,3.05,B
2021-07-13T10:49:27,300.0,3.05,B
2021-07-13T10:49:20,1000.0,3.05,B
2021-07-13T10:49:12,25000.0,3.04,S
2021-07-13T10:49:06,100.0,3.05,B
2021-07-13T10:49:04,1000.0,3.05,B
2021-07-13T10:48:28,100.0,3.05,B
2021-07-13T10:48:21,200.0,3.05,B
2021-07-13T10:48:15,500.0,3.05,B
2021-07-13T10:48:06,3000.0,3.05,B
2021-07-13T10:47:59,55700.0,3.05,S
2021-07-13T10:47:45,100.0,3.06,B
2021-07-13T10:47:45,8900.0,3.05,S
2021-07-13T10:47:24,2000.0,3.06,B
2021-07-13T10:47:15,900.0,3.05,S
2021-07-13T10:47:07,17600.0,3.06,S
2021-07-13T10:46:52,10000.0,3.06,S
2021-07-13T10:46:45,200.0,3.06,S
2021-07-13T10:46:37,2000.0,3.06,S
2021-07-13T10:46:17,200.0,3.06,S
2021-07-13T10:45:54,200.0,3.06,S
2021-07-13T10:45:52,5900.0,3.06,S
2021-07-13T10:45:49,5000.0,3.05,S
2021-07-13T10:45:41,100.0,3.06,S
2021-07-13T10:45:31,200.0,3.06,S
2021-07-13T10:45:29,200.0,3.06,S
2021-07-13T10:45:22,1000.0,3.07,B
2021-07-13T10:44:55,500.0,3.07,B
2021-07-13T10:44:42,10000.0,3.07,B
2021-07-13T10:44:39,2000.0,3.07,B
2021-07-13T10:44:35,2000.0,3.07,B
2021-07-13T10:44:21,5000.0,3.07,B
2021-07-13T10:44:00,600.0,3.07,B
2021-07-13T10:43:39,600.0,3.07,B
2021-07-13T10:43:29,1000.0,3.07,B
2021-07-13T10:43:23,100.0,3.07,B
2021-07-13T10:43:22,30000.0,3.05,S
2021-07-13T10:43:20,100.0,3.07,S
2021-07-13T10:43:20,6300.0,3.07,S
2021-07-13T10:43:20,16500.0,3.07,S
2021-07-13T10:43:06,20000.0,3.07,S
2021-07-13T10:43:03,10000.0,3.07,S
2021-07-13T10:43:03,100.0,3.08,B
2021-07-13T10:43:02,4500.0,3.07,S
2021-07-13T10:42:50,18100.0,3.07,S
2021-07-13T10:42:44,1000.0,3.08,B
2021-07-13T10:42:41,1000.0,3.08,B
2021-07-13T10:42:41,500.0,3.08,B
2021-07-13T10:42:35,500.0,3.08,B
2021-07-13T10:42:30,4200.0,3.08,B
2021-07-13T10:42:30,800.0,3.08,B
2021-07-13T10:42:29,20000.0,3.08,B
2021-07-13T10:42:26,3300.0,3.08,B
2021-07-13T10:42:23,200.0,3.08,B
2021-07-13T10:42:14,500.0,3.08,B
2021-07-13T10:42:12,4000.0,3.08,B
2021-07-13T10:42:05,30000.0,3.08,B
2021-07-13T10:41:58,3000.0,3.08,B
2021-07-13T10:41:50,2000.0,3.07,S
2021-07-13T10:41:44,300.0,3.08,B
2021-07-13T10:41:43,200.0,3.08,B
2021-07-13T10:41:28,100.0,3.07,S
2021-07-13T10:41:00,300.0,3.07,B
2021-07-13T10:41:00,10000.0,3.07,B
2021-07-13T10:40:51,300.0,3.06,S
2021-07-13T10:39:57,600.0,3.06,B
2021-07-13T10:39:19,1000.0,3.05,S
2021-07-13T10:39:11,500.0,3.06,B
2021-07-13T10:39:00,200.0,3.06,B
2021-07-13T10:38:46,500.0,3.06,B
2021-07-13T10:38:45,3000.0,3.06,B
2021-07-13T10:38:42,3700.0,3.06,B
2021-07-13T10:38:32,14900.0,3.06,B
2021-07-13T10:37:48,5000.0,3.05,S
2021-07-13T10:37:28,500.0,3.06,B
2021-07-13T10:37:17,1100.0,3.05,S
2021-07-13T10:37:07,400.0,3.06,B
2021-07-13T10:36:49,500.0,3.06,B
2021-07-13T10:36:43,1000.0,3.06,B
2021-07-13T10:36:34,400.0,3.06,B
2021-07-13T10:36:28,1100.0,3.06,S
2021-07-13T10:36:18,2000.0,3.05,S
2021-07-13T10:36:13,200.0,3.06,B
2021-07-13T10:36:04,5000.0,3.06,B
2021-07-13T10:35:48,10300.0,3.05,B
2021-07-13T10:35:48,1100.0,3.05,B
2021-07-13T10:35:48,21700.0,3.05,B
2021-07-13T10:35:48,500.0,3.05,B
2021-07-13T10:35:48,500.0,3.05,B
2021-07-13T10:35:48,2000.0,3.05,B
2021-07-13T10:35:48,3300.0,3.05,B
2021-07-13T10:35:48,600.0,3.05,B
2021-07-13T10:35:48,1500.0,3.05,B
2021-07-13T10:35:48,1100.0,3.05,B
2021-07-13T10:35:48,100.0,3.05,B
2021-07-13T10:35:48,37600.0,3.05,B
2021-07-13T10:35:39,1500.0,3.04,S
2021-07-13T10:35:38,1000.0,3.05,B
2021-07-13T10:35:31,10000.0,3.04,S
2021-07-13T10:35:19,1000.0,3.05,B
2021-07-13T10:35:11,700.0,3.04,B
2021-07-13T10:35:06,19200.0,3.04,B
2021-07-13T10:35:06,9800.0,3.04,B
2021-07-13T10:35:06,21000.0,3.04,B
2021-07-13T10:35:04,10000.0,3.04,B
2021-07-13T10:34:41,16600.0,3.03,S
2021-07-13T10:34:33,3400.0,3.03,B
2021-07-13T10:34:06,1200.0,3.03,B
2021-07-13T10:34:03,400.0,3.03,B
2021-07-13T10:33:56,1400.0,3.03,B
2021-07-13T10:33:36,1300.0,3.03,B
2021-07-13T10:33:28,10000.0,3.03,B
2021-07-13T10:33:23,6000.0,3.02,S
2021-07-13T10:33:22,100.0,3.03,B
2021-07-13T10:33:17,1200.0,3.03,B
2021-07-13T10:33:12,200.0,3.02,S
2021-07-13T10:32:55,20000.0,3.02,B
2021-07-13T10:32:55,1700.0,3.02,B
2021-07-13T10:32:55,5100.0,3.02,B
2021-07-13T10:32:53,34000.0,3.02,B
2021-07-13T10:32:51,300.0,3.02,B
2021-07-13T10:32:50,10000.0,3.02,B
2021-07-13T10:32:48,600.0,3.02,B
2021-07-13T10:32:48,3000.0,3.02,B
2021-07-13T10:32:48,500.0,3.02,B
2021-07-13T10:32:48,95900.0,3.02,B
2021-07-13T10:32:48,50000.0,3.02,B
2021-07-13T10:32:45,2500.0,3.02,B
2021-07-13T10:32:41,400.0,3.02,B
2021-07-13T10:32:30,2000.0,3.02,B
2021-07-13T10:32:19,3800.0,3.02,B
2021-07-13T10:32:16,500.0,3.02,B
2021-07-13T10:32:04,100.0,3.02,B
2021-07-13T10:31:53,400.0,3.02,B
2021-07-13T10:31:47,1000.0,3.02,B
2021-07-13T10:31:41,3000.0,3.02,B
2021-07-13T10:31:30,10000.0,3.02,B
2021-07-13T10:31:27,10000.0,3.02,B
2021-07-13T10:31:19,300.0,3.02,B
2021-07-13T10:31:02,200.0,3.02,B
2021-07-13T10:31:02,5000.0,3.02,B
2021-07-13T10:30:45,600.0,3.02,B
2021-07-13T10:30:10,1900.0,3.01,S
2021-07-13T10:29:29,100.0,3.01,S
2021-07-13T10:29:17,10000.0,3.01,S
2021-07-13T10:28:30,100.0,3.01,S
2021-07-13T10:28:06,100.0,3.01,S
2021-07-13T10:27:54,31300.0,3.01,S
2021-07-13T10:27:54,4300.0,3.01,S
2021-07-13T10:27:54,9200.0,3.01,S
2021-07-13T10:27:54,5200.0,3.01,S
2021-07-13T10:27:52,3200.0,3.02,B
2021-07-13T10:26:21,1600.0,3.01,S
2021-07-13T10:26:16,7000.0,3.02,B
2021-07-13T10:25:55,15000.0,3.02,B
2021-07-13T10:25:22,10000.0,3.01,S
2021-07-13T10:25:00,100.0,3.02,B
2021-07-13T10:24:42,10000.0,3.01,S
2021-07-13T10:24:14,600.0,3.02,B
2021-07-13T10:24:14,900.0,3.01,S
2021-07-13T10:23:33,300.0,3.02,B
2021-07-13T10:23:20,200.0,3.02,B
2021-07-13T10:23:06,20000.0,3.02,B
2021-07-13T10:22:40,1000.0,3.02,B
2021-07-13T10:22:37,16000.0,3.02,B
2021-07-13T10:22:37,1000.0,3.02,B
2021-07-13T10:22:32,5900.0,3.02,S
2021-07-13T10:22:32,10000.0,3.02,S
2021-07-13T10:22:03,14000.0,3.02,B
2021-07-13T10:21:47,5000.0,3.02,B
2021-07-13T10:21:46,2000.0,3.02,B
2021-07-13T10:21:36,200.0,3.02,B
2021-07-13T10:21:28,8000.0,3.02,B
2021-07-13T10:21:09,36000.0,3.02,B
2021-07-13T10:21:00,10000.0,3.02,B
2021-07-13T10:20:57,200.0,3.02,B
2021-07-13T10:20:47,400.0,3.01,S
2021-07-13T10:20:18,20000.0,3.02,B
2021-07-13T10:19:25,1000.0,3.02,B
2021-07-13T10:19:22,5000.0,3.02,B
2021-07-13T10:19:05,400.0,3.02,B
2021-07-13T10:18:44,300.0,3.02,B
2021-07-13T10:18:31,100.0,3.02,B
2021-07-13T10:18:03,2700.0,3.02,B
2021-07-13T10:17:50,1000.0,3.02,S
2021-07-13T10:17:50,600.0,3.02,S
2021-07-13T10:17:30,2500.0,3.02,S
2021-07-13T10:17:30,14600.0,3.02,S
2021-07-13T10:17:30,4000.0,3.02,S
2021-07-13T10:17:30,2300.0,3.02,S
2021-07-13T10:17:30,5000.0,3.02,S
2021-07-13T10:17:30,700.0,3.02,S
2021-07-13T10:17:30,20900.0,3.02,S
2021-07-13T10:17:22,3300.0,3.03,B
2021-07-13T10:17:14,18000.0,3.03,B
2021-07-13T10:16:46,4800.0,3.02,S
2021-07-13T10:16:44,100.0,3.02,S
2021-07-13T10:16:39,100.0,3.02,S
2021-07-13T10:16:39,1900.0,3.02,S
2021-07-13T10:16:29,2000.0,3.02,S
2021-07-13T10:16:05,1100.0,3.02,S
2021-07-13T10:16:05,3300.0,3.02,S
2021-07-13T10:14:43,200.0,3.03,B
2021-07-13T10:14:30,20000.0,3.02,S
2021-07-13T10:14:15,18900.0,3.02,S
2021-07-13T10:13:54,100.0,3.02,S
2021-07-13T10:13:23,800.0,3.02,S
2021-07-13T10:12:57,200.0,3.03,B
2021-07-13T10:12:55,1200.0,3.03,S
2021-07-13T10:12:55,14900.0,3.03,S
2021-07-13T10:12:33,4500.0,3.03,S
2021-07-13T10:12:15,500.0,3.03,S
2021-07-13T10:12:14,100.0,3.04,B
2021-07-13T10:12:08,3300.0,3.04,B
2021-07-13T10:11:48,5000.0,3.04,B
2021-07-13T10:11:31,100.0,3.04,B
2021-07-13T10:11:26,10000.0,3.04,B
2021-07-13T10:11:11,1000.0,3.04,B
2021-07-13T10:10:59,200.0,3.04,B
2021-07-13T10:10:49,500.0,3.03,S
2021-07-13T10:10:12,10000.0,3.03,B
2021-07-13T10:10:10,3900.0,3.03,B
2021-07-13T10:10:06,2400.0,3.03,B
2021-07-13T10:09:40,10000.0,3.03,B
2021-07-13T10:09:29,10500.0,3.03,B
2021-07-13T10:09:23,100.0,3.03,B
2021-07-13T10:08:56,900.0,3.03,B
2021-07-13T10:08:12,5000.0,3.03,B
2021-07-13T10:07:37,17700.0,3.02,B
2021-07-13T10:07:36,1000.0,3.02,B
2021-07-13T10:07:36,3700.0,3.02,B
2021-07-13T10:07:36,1300.0,3.02,B
2021-07-13T10:07:34,50000.0,3.02,B
2021-07-13T10:07:34,22000.0,3.02,B
2021-07-13T10:07:28,600.0,3.02,B
2021-07-13T10:07:27,1000.0,3.02,B
2021-07-13T10:07:27,1000.0,3.02,B
2021-07-13T10:07:23,3000.0,3.02,B
2021-07-13T10:07:18,20000.0,3.02,B
2021-07-13T10:07:15,3000.0,3.02,B
2021-07-13T10:07:10,3000.0,3.02,B
2021-07-13T10:07:02,10000.0,3.02,B
2021-07-13T10:06:57,50000.0,3.02,B
2021-07-13T10:06:55,1000.0,3.02,B
2021-07-13T10:06:48,2000.0,3.02,B
2021-07-13T10:06:42,2000.0,3.02,B
2021-07-13T10:06:35,1000.0,3.02,B
2021-07-13T10:06:31,25000.0,3.02,B
2021-07-13T10:06:20,10000.0,3.02,B
2021-07-13T10:06:14,7000.0,3.02,B
2021-07-13T10:06:09,100.0,3.02,B
2021-07-13T10:05:51,200.0,3.02,B
2021-07-13T10:05:41,200.0,3.02,B
2021-07-13T10:05:11,1000.0,3.02,B
2021-07-13T10:04:34,1000.0,3.02,B
2021-07-13T10:04:32,2000.0,3.02,B
2021-07-13T10:04:05,100.0,3.02,B
2021-07-13T10:04:05,2000.0,3.02,B
2021-07-13T10:03:59,10000.0,3.01,S
2021-07-13T10:03:55,3800.0,3.01,S
2021-07-13T10:03:39,2000.0,3.02,B
2021-07-13T10:03:39,300.0,3.02,B
2021-07-13T10:03:34,200.0,3.02,B
2021-07-13T10:03:22,2000.0,3.02,B
2021-07-13T10:03:02,9000.0,3.02,B
2021-07-13T10:02:33,300.0,3.02,B
2021-07-13T10:02:30,4000.0,3.02,B
2021-07-13T10:01:09,100.0,3.01,S
2021-07-13T10:01:09,2200.0,3.01,S
2021-07-13T10:00:47,2000.0,3.02,B
2021-07-13T10:00:35,2800.0,3.02,B
2021-07-13T10:00:24,100.0,3.01,B
2021-07-13T10:00:21,1000.0,3.01,B
2021-07-13T10:00:09,3300.0,3.02,B
2021-07-13T10:00:08,100000.0,3.02,B
2021-07-13T10:00:08,4100.0,3.01,S
2021-07-13T10:00:08,30600.0,3.01,S
2021-07-13T10:00:08,400.0,3.01,S
2021-07-13T10:00:08,6000.0,3.01,S
2021-07-13T09:59:48,10000.0,3.01,S
2021-07-13T09:59:45,1000.0,3.02,B
2021-07-13T09:59:18,500.0,3.02,B
2021-07-13T09:59:18,10000.0,3.02,B
2021-07-13T09:59:13,100.0,3.02,B
2021-07-13T09:59:11,19200.0,3.02,B
2021-07-13T09:59:09,100.0,3.03,B
2021-07-13T09:58:49,100.0,3.02,S
2021-07-13T09:58:47,500.0,3.02,B
2021-07-13T09:58:40,400.0,3.02,B
2021-07-13T09:58:10,30000.0,3.02,B
2021-07-13T09:57:27,2200.0,3.02,S
2021-07-13T09:57:23,7000.0,3.02,S
2021-07-13T09:57:12,900.0,3.02,B
2021-07-13T09:57:11,3100.0,3.02,B
2021-07-13T09:57:11,5000.0,3.02,B
2021-07-13T09:57:11,1900.0,3.02,B
2021-07-13T09:56:48,300.0,3.02,S
2021-07-13T09:56:46,700.0,3.02,B
2021-07-13T09:56:42,200.0,3.01,S
2021-07-13T09:56:31,100.0,3.01,S
2021-07-13T09:56:11,38000.0,3.02,B
2021-07-13T09:56:09,200.0,3.01,S
2021-07-13T09:55:51,2000.0,3.02,B
2021-07-13T09:55:44,10000.0,3.02,B
2021-07-13T09:55:34,1000.0,3.02,B
2021-07-13T09:55:24,200.0,3.02,B
2021-07-13T09:54:22,1000.0,3.02,B
2021-07-13T09:54:13,600.0,3.02,B
2021-07-13T09:53:58,1000.0,3.02,B
2021-07-13T09:53:55,1500.0,3.02,B
2021-07-13T09:53:46,200.0,3.02,B
2021-07-13T09:53:39,1500.0,3.02,B
2021-07-13T09:53:39,3000.0,3.02,S
2021-07-13T09:53:39,135000.0,3.02,S
2021-07-13T09:53:39,1100.0,3.02,S
2021-07-13T09:53:39,500.0,3.02,S
2021-07-13T09:53:39,700.0,3.02,S
2021-07-13T09:53:39,18700.0,3.02,S
2021-07-13T09:53:35,10000.0,3.02,S
2021-07-13T09:53:32,600.0,3.03,B
2021-07-13T09:53:31,500.0,3.03,B
2021-07-13T09:53:27,2000.0,3.02,S
2021-07-13T09:53:22,5000.0,3.02,S
2021-07-13T09:53:21,2000.0,3.02,S
2021-07-13T09:53:19,500.0,3.02,S
2021-07-13T09:53:11,600.0,3.02,S
2021-07-13T09:53:09,18000.0,3.02,S
2021-07-13T09:53:08,2000.0,3.02,S
2021-07-13T09:53:08,5000.0,3.02,S
2021-07-13T09:52:57,100.0,3.02,S
2021-07-13T09:52:54,18000.0,3.02,S
2021-07-13T09:52:10,4100.0,3.02,S
2021-07-13T09:52:02,2900.0,3.02,S
2021-07-13T09:51:58,100.0,3.02,S
2021-07-13T09:51:48,500.0,3.03,B
2021-07-13T09:51:44,300.0,3.02,S
2021-07-13T09:51:41,500.0,3.02,S
2021-07-13T09:51:36,5000.0,3.02,S
2021-07-13T09:51:27,1000.0,3.02,S
2021-07-13T09:50:49,300.0,3.02,S
2021-07-13T09:50:29,3300.0,3.02,S
2021-07-13T09:49:44,1200.0,3.02,S
2021-07-13T09:49:43,100.0,3.04,B
2021-07-13T09:49:43,100.0,3.03,B
2021-07-13T09:48:44,100.0,3.04,B
2021-07-13T09:48:38,20000.0,3.02,S
2021-07-13T09:48:31,500.0,3.04,B
2021-07-13T09:48:31,400.0,3.03,S
2021-07-13T09:48:29,21100.0,3.03,B
2021-07-13T09:48:23,2000.0,3.03,B
2021-07-13T09:48:23,1000.0,3.03,B
2021-07-13T09:48:12,400.0,3.03,B
2021-07-13T09:48:11,500.0,3.03,B
2021-07-13T09:48:08,5000.0,3.03,B
2021-07-13T09:48:00,20000.0,3.03,S
2021-07-13T09:47:54,11600.0,3.02,S
2021-07-13T09:47:54,7700.0,3.02,S
2021-07-13T09:47:54,2200.0,3.03,S
2021-07-13T09:47:54,28500.0,3.03,S
2021-07-13T09:47:29,200.0,3.03,S
2021-07-13T09:47:18,1000.0,3.04,B
2021-07-13T09:47:12,100.0,3.04,B
2021-07-13T09:47:01,100.0,3.04,B
2021-07-13T09:46:57,200.0,3.04,B
2021-07-13T09:46:51,500.0,3.04,B
2021-07-13T09:46:34,100.0,3.04,B
2021-07-13T09:46:31,1100.0,3.04,B
2021-07-13T09:46:31,400.0,3.04,B
2021-07-13T09:46:21,2000.0,3.04,B
2021-07-13T09:46:15,10000.0,3.04,B
2021-07-13T09:46:00,300.0,3.04,B
2021-07-13T09:45:54,200.0,3.04,B
2021-07-13T09:45:53,300.0,3.04,B
2021-07-13T09:45:40,500.0,3.04,B
2021-07-13T09:45:36,3000.0,3.04,B
2021-07-13T09:45:31,100.0,3.04,B
2021-07-13T09:45:29,3500.0,3.04,S
2021-07-13T09:45:26,3000.0,3.04,S
2021-07-13T09:45:19,3500.0,3.04,B
2021-07-13T09:45:17,1000.0,3.04,B
2021-07-13T09:45:06,100.0,3.04,B
2021-07-13T09:44:44,2000.0,3.04,B
2021-07-13T09:44:33,1000.0,3.04,B
2021-07-13T09:44:19,1000.0,3.04,B
2021-07-13T09:44:17,200.0,3.04,B
2021-07-13T09:44:16,5000.0,3.03,S
2021-07-13T09:43:54,2000.0,3.03,S
2021-07-13T09:43:49,2000.0,3.04,B
2021-07-13T09:43:12,10000.0,3.04,B
2021-07-13T09:43:06,19100.0,3.03,B
2021-07-13T09:43:04,23000.0,3.03,B
2021-07-13T09:42:57,31600.0,3.03,S
2021-07-13T09:42:49,400.0,3.04,B
2021-07-13T09:42:26,300.0,3.03,S
2021-07-13T09:42:08,2400.0,3.03,S
2021-07-13T09:42:08,100.0,3.03,S
2021-07-13T09:41:56,1000.0,3.03,S
2021-07-13T09:41:49,500.0,3.03,S
2021-07-13T09:41:49,9200.0,3.03,S
2021-07-13T09:41:48,200.0,3.04,B
2021-07-13T09:41:47,2600.0,3.03,S
2021-07-13T09:41:39,1200.0,3.03,S
2021-07-13T09:41:34,200.0,3.04,B
2021-07-13T09:41:26,4900.0,3.04,S
2021-07-13T09:41:03,200.0,3.05,B
2021-07-13T09:40:56,200.0,3.05,B
2021-07-13T09:40:51,1500.0,3.05,B
2021-07-13T09:40:39,100.0,3.04,S
2021-07-13T09:39:48,100.0,3.05,B
2021-07-13T09:38:46,400.0,3.05,S
2021-07-13T09:38:41,5000.0,3.05,S
2021-07-13T09:38:32,1000.0,3.05,S
2021-07-13T09:38:25,3700.0,3.05,S
2021-07-13T09:38:25,1800.0,3.05,S
2021-07-13T09:38:25,24500.0,3.05,S
2021-07-13T09:38:23,9000.0,3.05,S
2021-07-13T09:38:18,6100.0,3.05,S
2021-07-13T09:38:17,27100.0,3.05,S
2021-07-13T09:38:14,3500.0,3.05,S
2021-07-13T09:38:11,5000.0,3.05,S
2021-07-13T09:38:09,900.0,3.05,S
2021-07-13T09:38:01,3500.0,3.06,S
2021-07-13T09:38:01,89100.0,3.06,S
2021-07-13T09:37:56,1000.0,3.07,S
2021-07-13T09:37:56,600.0,3.07,S
2021-07-13T09:37:56,200.0,3.07,S
2021-07-13T09:37:56,22700.0,3.07,S
2021-07-13T09:37:50,1100.0,3.07,S
2021-07-13T09:37:50,5000.0,3.07,S
2021-07-13T09:37:39,500.0,3.07,S
2021-07-13T09:37:38,3000.0,3.07,S
2021-07-13T09:37:31,300.0,3.08,B
2021-07-13T09:37:29,3200.0,3.07,S
2021-07-13T09:37:27,200.0,3.08,B
2021-07-13T09:37:23,2300.0,3.08,B
2021-07-13T09:36:29,8300.0,3.08,S
2021-07-13T09:36:23,3000.0,3.09,B
2021-07-13T09:36:19,7000.0,3.08,S
2021-07-13T09:36:16,100.0,3.09,B
2021-07-13T09:36:05,100.0,3.09,B
2021-07-13T09:36:01,1700.0,3.08,S
2021-07-13T09:36:01,700.0,3.09,B
2021-07-13T09:35:57,1000.0,3.08,S
2021-07-13T09:35:53,1000.0,3.09,B
2021-07-13T09:35:34,400.0,3.09,B
2021-07-13T09:35:32,5400.0,3.08,S
2021-07-13T09:35:29,400.0,3.09,B
2021-07-13T09:35:27,500.0,3.09,B
2021-07-13T09:35:21,2000.0,3.09,B
2021-07-13T09:35:20,20000.0,3.08,S
2021-07-13T09:35:17,2000.0,3.09,S
2021-07-13T09:35:11,5000.0,3.09,S
2021-07-13T09:35:02,10000.0,3.09,S
2021-07-13T09:35:01,100.0,3.09,S
2021-07-13T09:34:53,2000.0,3.1,B
2021-07-13T09:34:34,700.0,3.09,S
2021-07-13T09:34:33,14000.0,3.09,S
2021-07-13T09:34:22,10000.0,3.09,S
2021-07-13T09:34:21,13600.0,3.09,B
2021-07-13T09:34:06,1200.0,3.09,S
2021-07-13T09:34:01,500.0,3.09,S
2021-07-13T09:33:59,300.0,3.09,S
2021-07-13T09:33:52,2000.0,3.09,S
2021-07-13T09:33:52,11000.0,3.09,S
2021-07-13T09:33:45,2000.0,3.09,S
2021-07-13T09:33:44,8000.0,3.1,B
2021-07-13T09:33:40,500.0,3.09,S
2021-07-13T09:33:37,10000.0,3.1,B
2021-07-13T09:33:24,300.0,3.09,S
2021-07-13T09:33:18,2000.0,3.1,B
2021-07-13T09:33:15,400.0,3.1,B
2021-07-13T09:33:04,1000.0,3.1,B
2021-07-13T09:33:02,1300.0,3.1,B
2021-07-13T09:32:59,1200.0,3.09,S
2021-07-13T09:32:51,2000.0,3.1,B
2021-07-13T09:32:39,1000.0,3.09,S
2021-07-13T09:32:38,100.0,3.1,B
2021-07-13T09:32:27,3300.0,3.09,B
2021-07-13T09:32:14,47500.0,3.09,B
2021-07-13T09:31:49,1600.0,3.08,B
2021-07-13T09:31:49,500.0,3.08,B
2021-07-13T09:31:49,200.0,3.08,B
2021-07-13T09:31:49,700.0,3.07,S
2021-07-13T09:31:44,30000.0,3.08,B
2021-07-13T09:31:42,1000.0,3.08,B
2021-07-13T09:31:38,78800.0,3.08,B
2021-07-13T09:31:38,11100.0,3.08,B
2021-07-13T09:31:38,10100.0,3.08,B
2021-07-13T09:31:12,31600.0,3.06,B
2021-07-13T09:31:08,1000.0,3.05,S
2021-07-13T09:31:02,2000.0,3.06,B
2021-07-13T09:31:02,5000.0,3.05,S
2021-07-13T09:30:47,12900.0,3.05,S
2021-07-13T09:30:39,1000.0,3.05,B
2021-07-13T09:30:34,1000.0,3.05,B
2021-07-13T09:30:33,7000.0,3.03,S
2021-07-13T09:30:26,5000.0,3.05,B
2021-07-13T09:30:13,200.0,3.03,B
2021-07-13T09:29:32,2000.0,3.03,B
2021-07-13T09:29:00,100.0,3.02,S
2021-07-13T09:28:54,14000.0,3.02,S
2021-07-13T09:28:52,5600.0,3.03,S
2021-07-13T09:28:43,1000.0,3.02,S
2021-07-13T09:28:42,100.0,3.02,S
2021-07-13T09:28:35,6100.0,3.02,S
2021-07-13T09:28:30,100.0,3.02,S
2021-07-13T09:28:23,7600.0,3.02,B
2021-07-13T09:28:21,400.0,3.02,B
2021-07-13T09:28:20,500.0,3.02,B
2021-07-13T09:28:20,10000.0,3.02,B
2021-07-13T09:28:16,1000.0,3.02,B
2021-07-13T09:28:10,2000.0,3.02,B
2021-07-13T09:28:06,7000.0,3.02,B
2021-07-13T09:28:05,44200.0,3.02,B
2021-07-13T09:28:00,4500.0,3.02,B
2021-07-13T09:27:51,2000.0,3.02,B
2021-07-13T09:27:48,20000.0,3.02,B
2021-07-13T09:27:19,1500.0,3.01,S
2021-07-13T09:27:18,20000.0,3.02,B
2021-07-13T09:27:18,100.0,3.01,S
2021-07-13T09:27:11,200.0,3.01,S
2021-07-13T09:27:00,500.0,3.01,B
2021-07-13T09:26:48,200.0,3.01,B
2021-07-13T09:26:24,10000.0,3.02,B
2021-07-13T09:26:23,600.0,3.01,B
2021-07-13T09:26:17,500.0,3.0,S
2021-07-13T09:26:15,700.0,3.0,S
2021-07-13T09:26:15,1300.0,3.0,S
2021-07-13T09:25:59,300.0,3.0,S
2021-07-13T09:25:59,6700.0,3.0,S
2021-07-13T09:25:55,400.0,3.0,S
2021-07-13T09:25:37,2000.0,3.0,S
2021-07-13T09:25:30,500.0,3.0,S
2021-07-13T09:25:29,100.0,3.0,S
2021-07-13T09:25:27,1200.0,3.01,B
2021-07-13T09:25:18,50000.0,3.01,S
2021-07-13T09:25:14,400.0,3.01,S
2021-07-13T09:25:12,7800.0,3.01,S
2021-07-13T09:25:03,500.0,3.01,S
2021-07-13T09:24:57,200.0,3.01,S
2021-07-13T09:24:39,1000.0,3.01,S
2021-07-13T09:24:34,3000.0,3.01,S
2021-07-13T09:24:31,3000.0,3.02,B
2021-07-13T09:24:18,2000.0,3.01,S
2021-07-13T09:24:05,300.0,3.01,S
2021-07-13T09:24:01,1000.0,3.0,S
2021-07-13T09:23:55,500.0,3.02,B
2021-07-13T09:23:53,100.0,3.01,S
2021-07-13T09:23:43,500.0,3.02,B
2021-07-13T09:23:36,1000.0,3.02,B
2021-07-13T09:23:31,1200.0,3.02,B
2021-07-13T09:23:28,19700.0,3.01,S
2021-07-13T09:23:09,200.0,3.02,B
2021-07-13T09:23:09,400.0,3.02,B
2021-07-13T09:22:59,1000.0,3.02,B
2021-07-13T09:22:56,1300.0,3.01,S
2021-07-13T09:22:42,1000.0,3.02,B
2021-07-13T09:22:41,16500.0,3.0,S
2021-07-13T09:22:41,10600.0,3.0,S
2021-07-13T09:22:41,3300.0,3.0,S
2021-07-13T09:22:41,100.0,3.0,S
2021-07-13T09:22:41,52000.0,3.0,S
2021-07-13T09:22:41,4500.0,3.0,S
2021-07-13T09:22:41,300.0,3.0,S
2021-07-13T09:22:41,3800.0,3.0,S
2021-07-13T09:22:41,1000.0,3.0,S
2021-07-13T09:22:41,7900.0,3.0,S
2021-07-13T09:22:40,10000.0,3.01,S
2021-07-13T09:22:37,10000.0,3.02,B
2021-07-13T09:22:36,2000.0,3.02,B
2021-07-13T09:22:33,2000.0,3.02,B
2021-07-13T09:22:27,1100.0,3.02,B
2021-07-13T09:22:26,200.0,3.02,B
2021-07-13T09:22:25,200.0,3.02,B
2021-07-13T09:22:12,1000.0,3.02,B
2021-07-13T09:22:09,500.0,3.02,B
2021-07-13T09:22:05,4900.0,3.02,S
2021-07-13T09:22:04,500.0,3.02,S
2021-07-13T09:22:04,1100.0,3.02,S
2021-07-13T09:22:03,3000.0,3.02,S
2021-07-13T09:21:44,5000.0,3.02,S
2021-07-13T09:21:33,3000.0,3.02,S
2021-07-13T09:21:33,1800.0,3.02,S
2021-07-13T09:21:16,10900.0,3.02,S
2021-07-13T09:21:16,300.0,3.03,S
2021-07-13T09:21:16,8800.0,3.04,S
2021-07-13T09:21:14,900.0,3.08,S
2021-07-13T09:21:12,100.0,3.08,S
2021-07-13T09:21:04,50000.0,3.09,B
2021-07-13T09:21:00,2000.0,3.05,S
2021-07-13T09:20:48,5000.0,3.05,S
2021-07-13T09:20:37,300.0,3.08,B
2021-07-13T09:20:32,1000.0,3.08,B
2021-07-13T09:20:24,100.0,3.05,S
2021-07-13T09:20:24,2200.0,3.06,S
2021-07-13T09:20:24,7300.0,3.06,S
2021-07-13T09:20:24,2500.0,3.06,S
2021-07-13T09:20:24,12800.0,3.06,S
2021-07-13T09:20:24,400.0,3.08,S
2021-07-13T09:20:24,24700.0,3.08,S
2021-07-13T09:20:23,20000.0,3.08,S
2021-07-13T09:20:11,500.0,3.1,B
2021-07-13T09:20:10,20000.0,3.08,S
2021-07-13T09:20:06,5000.0,3.1,B
2021-07-13T09:20:05,1000.0,3.1,B
2021-07-13T09:20:04,2000.0,3.1,B
2021-07-13T09:19:54,4000.0,3.1,B
2021-07-13T09:19:54,1000.0,3.09,B
2021-07-13T09:19:53,20000.0,3.08,S
2021-07-13T09:19:49,100.0,3.1,B
2021-07-13T09:19:37,700.0,3.1,S
2021-07-13T09:19:37,2700.0,3.1,S
2021-07-13T09:19:37,13500.0,3.1,S
2021-07-13T09:19:33,1000.0,3.1,S
2021-07-13T09:19:32,100.0,3.1,S
2021-07-13T09:19:30,100.0,3.11,B
2021-07-13T09:19:19,27900.0,3.1,B
2021-07-13T09:19:19,7500.0,3.1,B
2021-07-13T09:19:15,20000.0,3.08,S
2021-07-13T09:19:15,900.0,3.08,S
2021-07-13T09:19:15,1000.0,3.08,S
2021-07-13T09:19:13,1000.0,3.1,B
2021-07-13T09:19:11,7000.0,3.08,S
2021-07-13T09:19:02,1000.0,3.1,B
2021-07-13T09:19:00,1000.0,3.1,B
2021-07-13T09:18:57,700.0,3.1,B
2021-07-13T09:18:46,3000.0,3.1,B
2021-07-13T09:18:43,500.0,3.1,B
2021-07-13T09:18:38,800.0,3.1,B
2021-07-13T09:18:37,200.0,3.1,B
2021-07-13T09:18:32,200.0,3.1,B
2021-07-13T09:18:31,300.0,3.08,S
2021-07-13T09:18:30,5000.0,3.1,B
2021-07-13T09:18:29,500.0,3.1,B
2021-07-13T09:18:28,10000.0,3.08,S
2021-07-13T09:18:15,13500.0,3.1,B
2021-07-13T09:18:15,1000.0,3.1,B
2021-07-13T09:18:15,15500.0,3.1,B
2021-07-13T09:18:14,2800.0,3.09,B
2021-07-13T09:18:09,3200.0,3.08,B
2021-07-13T09:17:51,100.0,3.06,S
2021-07-13T09:17:40,100.0,3.06,B
2021-07-13T09:17:39,100.0,3.06,B
2021-07-13T09:17:32,200.0,3.06,B
2021-07-13T09:17:27,200.0,3.06,B
2021-07-13T09:17:23,1400.0,3.06,B
2021-07-13T09:17:15,200.0,3.05,S
2021-07-13T09:17:07,5000.0,3.06,B
2021-07-13T09:17:02,3000.0,3.05,B
2021-07-13T09:16:51,1500.0,3.06,B
2021-07-13T09:16:50,1300.0,3.02,S
2021-07-13T09:16:50,2000.0,3.02,S
2021-07-13T09:16:50,20700.0,3.02,S
2021-07-13T09:16:48,1000.0,3.06,B
2021-07-13T09:16:42,1500.0,3.06,B
2021-07-13T09:16:41,600.0,3.05,S
2021-07-13T09:16:27,100.0,3.05,B
2021-07-13T09:16:27,100.0,3.05,B
2021-07-13T09:16:24,300.0,3.02,S
2021-07-13T09:16:21,100.0,3.02,S
2021-07-13T09:16:06,100.0,3.02,S
2021-07-13T09:16:06,11500.0,3.02,B
2021-07-13T09:16:06,900.0,3.02,B
2021-07-13T09:16:05,300.0,3.02,B
2021-07-13T09:16:02,4000.0,3.02,B
2021-07-13T09:16:02,2400.0,3.02,B
2021-07-13T09:15:59,100.0,3.02,B
2021-07-13T09:15:57,300.0,3.02,B
2021-07-13T09:15:56,500.0,3.02,B
2021-07-13T09:15:54,3000.0,3.02,B
2021-07-13T09:15:50,5000.0,3.02,B
2021-07-13T09:15:50,200.0,3.02,B
2021-07-13T09:15:39,100.0,3.02,B
2021-07-13T09:15:39,1000.0,3.02,B
2021-07-13T09:15:33,3000.0,3.02,B
2021-07-13T09:15:21,12000.0,3.02,B
