tradingTime,volume,price,side
2021-07-13T14:29:58,2000.0,3.45,S
2021-07-13T14:29:19,2000.0,3.46,S
2021-07-13T14:28:52,2000.0,3.5,B
2021-07-13T14:28:41,1900.0,3.5,B
2021-07-13T14:28:09,4000.0,3.5,B
2021-07-13T14:26:05,10000.0,3.5,B
2021-07-13T14:24:47,5200.0,3.5,B
2021-07-13T14:24:47,4800.0,3.49,B
2021-07-13T14:23:45,200.0,3.45,S
2021-07-13T14:23:28,1600.0,3.45,B
2021-07-13T14:23:07,2100.0,3.45,B
2021-07-13T14:21:32,2000.0,3.45,B
2021-07-13T14:20:01,2500.0,3.44,B
2021-07-13T14:19:25,600.0,3.44,B
2021-07-13T14:17:41,400.0,3.44,B
2021-07-13T14:14:20,700.0,3.41,B
2021-07-13T14:14:18,1000.0,3.41,B
2021-07-13T14:14:11,100.0,3.41,B
2021-07-13T14:13:44,200.0,3.41,B
2021-07-13T14:13:34,1000.0,3.41,B
2021-07-13T14:11:02,100.0,3.41,B
2021-07-13T14:10:22,100.0,3.41,B
2021-07-13T14:10:15,9800.0,3.41,S
2021-07-13T14:09:40,100.0,3.44,B
2021-07-13T14:07:24,500.0,3.44,B
2021-07-13T14:06:11,100.0,3.45,S
2021-07-13T14:06:11,1100.0,3.45,S
2021-07-13T14:04:38,1000.0,3.46,B
2021-07-13T14:02:12,2700.0,3.46,B
2021-07-13T14:01:05,1300.0,3.46,B
2021-07-13T13:59:33,1100.0,3.45,B
2021-07-13T13:56:50,1000.0,3.41,S
2021-07-13T13:55:21,100.0,3.45,B
2021-07-13T13:54:53,100.0,3.45,B
2021-07-13T13:54:17,26900.0,3.41,S
2021-07-13T13:54:17,4600.0,3.43,S
2021-07-13T13:52:47,100.0,3.45,S
2021-07-13T13:52:47,3900.0,3.45,B
2021-07-13T13:52:35,200.0,3.45,B
2021-07-13T13:46:14,1500.0,3.41,B
2021-07-13T13:45:39,100.0,3.41,B
2021-07-13T13:45:28,100.0,3.41,B
2021-07-13T13:45:24,2700.0,3.41,S
2021-07-13T13:45:24,500.0,3.41,S
2021-07-13T13:45:24,5400.0,3.41,S
2021-07-13T13:42:23,18900.0,3.41,S
2021-07-13T13:42:23,200.0,3.42,S
2021-07-13T13:42:22,900.0,3.42,S
2021-07-13T13:39:57,1300.0,3.45,B
2021-07-13T13:39:28,2900.0,3.47,B
2021-07-13T13:37:44,2200.0,3.46,B
2021-07-13T13:34:04,500.0,3.42,S
2021-07-13T13:32:21,200.0,3.42,B
2021-07-13T13:32:07,1000.0,3.42,B
2021-07-13T13:31:17,200.0,3.42,S
2021-07-13T13:31:17,10400.0,3.42,S
2021-07-13T13:31:17,8000.0,3.42,S
2021-07-13T13:31:17,17500.0,3.42,S
2021-07-13T13:30:09,2000.0,3.42,S
2021-07-13T13:27:47,300.0,3.42,S
2021-07-13T13:26:34,2400.0,3.42,B
2021-07-13T13:26:30,500.0,3.42,B
2021-07-13T13:26:15,3000.0,3.42,B
2021-07-13T13:26:14,200.0,3.42,B
2021-07-13T13:26:08,1000.0,3.42,B
2021-07-13T13:26:05,300.0,3.42,B
2021-07-13T13:25:55,3000.0,3.42,B
2021-07-13T13:25:24,2000.0,3.42,B
2021-07-13T13:25:19,2000.0,3.41,S
2021-07-13T13:25:13,100.0,3.42,B
2021-07-13T13:23:40,1000.0,3.41,S
2021-07-13T13:22:18,20000.0,3.41,S
2021-07-13T13:21:19,11300.0,3.41,S
2021-07-13T13:21:14,400.0,3.42,B
2021-07-13T13:20:53,5100.0,3.41,S
2021-07-13T13:20:49,3000.0,3.42,S
2021-07-13T13:20:49,1000.0,3.42,S
2021-07-13T13:20:49,3100.0,3.42,S
2021-07-13T13:20:48,500.0,3.45,B
2021-07-13T13:20:45,3800.0,3.42,S
2021-07-13T13:20:43,100.0,3.42,S
2021-07-13T13:20:36,500.0,3.43,S
2021-07-13T13:20:22,200.0,3.45,S
2021-07-13T13:20:22,200.0,3.45,S
2021-07-13T13:20:22,500.0,3.45,S
2021-07-13T13:17:58,300.0,3.49,B
2021-07-13T13:17:41,100.0,3.5,B
2021-07-13T13:16:57,100.0,3.5,B
2021-07-13T13:16:44,500.0,3.49,S
2021-07-13T13:16:14,500.0,3.49,S
2021-07-13T13:15:27,300.0,3.49,B
2021-07-13T13:15:27,1200.0,3.45,B
2021-07-13T13:15:03,100.0,3.45,B
2021-07-13T13:14:26,100.0,3.45,B
2021-07-13T13:13:36,100.0,3.45,B
2021-07-13T13:12:43,600.0,3.45,B
2021-07-13T13:11:52,400.0,3.45,B
2021-07-13T13:11:28,1000.0,3.45,B
2021-07-13T13:11:05,400.0,3.45,B
2021-07-13T13:10:44,7000.0,3.45,B
2021-07-13T13:10:42,3000.0,3.45,S
2021-07-13T13:10:27,7000.0,3.45,S
2021-07-13T13:10:02,1200.0,3.45,S
2021-07-13T13:10:02,1200.0,3.45,S
2021-07-13T13:10:02,200.0,3.45,S
2021-07-13T13:10:02,900.0,3.45,S
2021-07-13T13:09:25,300.0,3.5,B
2021-07-13T13:08:52,2000.0,3.5,B
2021-07-13T13:08:44,100.0,3.5,B
2021-07-13T13:08:42,500.0,3.5,B
2021-07-13T13:08:29,100.0,3.5,B
2021-07-13T13:08:11,26000.0,3.5,B
2021-07-13T13:07:47,200.0,3.5,B
2021-07-13T13:07:13,1300.0,3.5,S
2021-07-13T13:07:13,1100.0,3.55,S
2021-07-13T13:07:08,1000.0,3.6,B
2021-07-13T13:05:39,1200.0,3.6,S
2021-07-13T13:05:34,4400.0,3.6,B
2021-07-13T13:04:54,500.0,3.6,B
2021-07-13T13:04:47,500.0,3.6,B
2021-07-13T13:04:26,100.0,3.55,B
2021-07-13T13:04:18,12500.0,3.55,B
2021-07-13T13:04:14,300.0,3.6,S
2021-07-13T13:04:05,300.0,3.6,S
2021-07-13T13:03:38,200.0,3.6,B
2021-07-13T13:03:27,5000.0,3.6,B
2021-07-13T13:03:19,5000.0,3.6,S
2021-07-13T13:03:11,100.0,3.6,S
2021-07-13T13:03:08,100.0,3.6,S
2021-07-13T13:02:59,900.0,3.6,S
2021-07-13T13:02:16,3100.0,3.6,S
2021-07-13T13:01:38,2800.0,3.55,B
2021-07-13T13:00:42,400.0,3.5,S
2021-07-13T13:00:42,400.0,3.45,S
2021-07-13T13:00:42,400.0,3.45,S
2021-07-13T13:00:39,1300.0,3.45,S
2021-07-13T13:00:27,100.0,3.5,S
2021-07-13T13:00:16,100.0,3.5,S
2021-07-13T13:00:06,200.0,3.5,S
2021-07-13T13:00:03,100.0,3.45,S
