tradingTime,volume,price,side
2021-07-13T14:29:54,1000.0,27.9,B
2021-07-13T14:29:48,3000.0,27.9,B
2021-07-13T14:29:07,95400.0,27.7,B
2021-07-13T14:29:06,6000.0,27.7,B
2021-07-13T14:28:50,98600.0,27.7,B
2021-07-13T14:25:42,4100.0,27.65,B
2021-07-13T14:25:33,18000.0,27.65,B
2021-07-13T14:25:28,7900.0,27.65,B
2021-07-13T14:25:10,4000.0,27.8,B
2021-07-13T14:24:29,7000.0,27.75,S
2021-07-13T14:24:12,1500.0,27.8,B
2021-07-13T14:24:07,1600.0,27.75,B
2021-07-13T14:24:04,5000.0,27.75,B
2021-07-13T14:23:59,1000.0,27.75,B
2021-07-13T14:23:22,200.0,27.75,B
2021-07-13T14:22:51,10900.0,27.65,S
2021-07-13T14:22:43,2000.0,27.65,S
2021-07-13T14:22:32,500.0,27.65,B
2021-07-13T14:22:15,15000.0,27.65,B
2021-07-13T14:22:03,2000.0,27.65,B
2021-07-13T14:22:00,15000.0,27.65,B
2021-07-13T14:21:49,5000.0,27.65,B
2021-07-13T14:21:39,12000.0,27.65,B
2021-07-13T14:21:30,1000.0,27.65,B
2021-07-13T14:21:21,1000.0,27.65,B
2021-07-13T14:21:20,500.0,27.7,S
2021-07-13T14:21:20,1000.0,27.7,S
2021-07-13T14:20:35,2100.0,27.8,B
2021-07-13T14:20:25,7000.0,27.75,B
2021-07-13T14:20:16,6700.0,27.75,B
2021-07-13T14:20:03,12000.0,27.75,B
2021-07-13T14:19:50,1600.0,27.75,B
2021-07-13T14:19:44,1000.0,27.75,B
2021-07-13T14:19:38,5000.0,27.75,B
2021-07-13T14:19:23,1400.0,27.75,B
2021-07-13T14:19:12,1200.0,27.75,B
2021-07-13T14:19:03,10000.0,27.75,B
2021-07-13T14:18:53,400.0,27.75,B
2021-07-13T14:18:25,5700.0,27.75,S
2021-07-13T14:17:40,400.0,27.8,B
2021-07-13T14:17:39,200.0,27.8,B
2021-07-13T14:17:30,400.0,27.8,B
2021-07-13T14:17:07,3600.0,27.8,S
2021-07-13T14:16:36,5000.0,27.9,B
2021-07-13T14:14:17,900.0,27.8,S
2021-07-13T14:13:12,5500.0,27.8,B
2021-07-13T14:12:16,2900.0,27.75,B
2021-07-13T14:11:10,200.0,27.75,B
2021-07-13T14:10:40,200.0,27.75,B
2021-07-13T14:10:20,200.0,27.75,B
2021-07-13T14:09:27,200.0,27.75,B
2021-07-13T14:09:20,100.0,27.75,B
2021-07-13T14:09:00,200.0,27.75,B
2021-07-13T14:07:57,200.0,27.75,B
2021-07-13T14:07:47,500.0,27.75,B
2021-07-13T14:06:48,200.0,27.75,B
2021-07-13T14:06:24,1000.0,27.75,B
2021-07-13T14:06:12,200.0,27.7,B
2021-07-13T14:05:44,200.0,27.7,B
2021-07-13T14:04:40,200.0,27.7,B
2021-07-13T14:03:21,1600.0,27.7,B
2021-07-13T14:03:11,2000.0,27.65,B
2021-07-13T14:02:53,500.0,27.6,S
2021-07-13T14:01:37,200.0,27.65,B
2021-07-13T14:00:59,200.0,27.6,S
2021-07-13T14:00:20,100.0,27.65,B
2021-07-13T13:59:46,200.0,27.65,B
2021-07-13T13:59:25,100.0,27.65,B
2021-07-13T13:58:52,100.0,27.65,B
2021-07-13T13:58:49,200.0,27.65,B
2021-07-13T13:58:37,100.0,27.65,B
2021-07-13T13:58:10,200.0,27.65,B
2021-07-13T13:57:48,200.0,27.65,B
2021-07-13T13:55:48,100.0,27.65,B
2021-07-13T13:54:50,200.0,27.65,B
2021-07-13T13:54:44,100.0,27.65,B
2021-07-13T13:53:02,200.0,27.65,B
2021-07-13T13:52:15,100.0,27.65,B
2021-07-13T13:51:36,100.0,27.7,B
2021-07-13T13:51:15,200.0,27.7,B
2021-07-13T13:51:05,200.0,27.7,B
2021-07-13T13:50:18,200.0,27.7,B
2021-07-13T13:49:22,200.0,27.7,B
2021-07-13T13:48:02,200.0,27.7,B
2021-07-13T13:47:57,100.0,27.7,B
2021-07-13T13:47:39,200.0,27.7,B
2021-07-13T13:47:29,200.0,27.7,B
2021-07-13T13:44:56,200.0,27.7,B
2021-07-13T13:44:51,1200.0,27.7,B
2021-07-13T13:44:21,1000.0,27.7,B
2021-07-13T13:44:15,200.0,27.7,B
2021-07-13T13:44:11,200.0,27.7,B
2021-07-13T13:43:51,100.0,27.7,B
2021-07-13T13:43:09,200.0,27.7,B
2021-07-13T13:42:46,200.0,27.7,B
2021-07-13T13:42:05,100.0,27.7,B
2021-07-13T13:41:32,200.0,27.7,B
2021-07-13T13:40:56,200.0,27.7,B
2021-07-13T13:40:30,100.0,27.7,B
2021-07-13T13:40:11,200.0,27.7,B
2021-07-13T13:39:48,200.0,27.7,B
2021-07-13T13:39:12,200.0,27.7,B
2021-07-13T13:38:44,200.0,27.7,B
2021-07-13T13:38:28,200.0,27.7,B
2021-07-13T13:37:49,200.0,27.7,B
2021-07-13T13:37:23,100.0,27.7,B
2021-07-13T13:36:58,200.0,27.7,B
2021-07-13T13:36:21,200.0,27.7,B
2021-07-13T13:35:28,200.0,27.7,B
2021-07-13T13:35:16,200.0,27.7,B
2021-07-13T13:34:30,200.0,27.7,B
2021-07-13T13:34:17,200.0,27.7,B
2021-07-13T13:34:11,1000.0,27.7,B
2021-07-13T13:33:48,200.0,27.7,B
2021-07-13T13:32:54,100.0,27.7,B
2021-07-13T13:32:18,300.0,27.7,B
2021-07-13T13:32:07,300.0,27.7,B
2021-07-13T13:31:43,200.0,27.7,B
2021-07-13T13:31:18,200.0,27.7,B
2021-07-13T13:29:20,200.0,27.7,B
2021-07-13T13:29:04,100.0,27.7,B
2021-07-13T13:28:41,100.0,27.7,B
2021-07-13T13:28:31,200.0,27.7,B
2021-07-13T13:28:18,1000.0,27.7,B
2021-07-13T13:27:57,200.0,27.7,B
2021-07-13T13:27:44,200.0,27.7,B
2021-07-13T13:26:19,200.0,27.7,B
2021-07-13T13:24:33,200.0,27.7,B
2021-07-13T13:23:05,1000.0,27.7,B
2021-07-13T13:21:25,500.0,27.7,B
2021-07-13T13:20:21,200.0,27.7,B
2021-07-13T13:19:51,200.0,27.7,B
2021-07-13T13:19:46,100.0,27.7,B
2021-07-13T13:18:59,1000.0,27.7,B
2021-07-13T13:18:51,100.0,27.7,B
2021-07-13T13:18:45,100.0,27.7,B
2021-07-13T13:16:33,500.0,27.7,B
2021-07-13T13:16:24,1000.0,27.6,S
2021-07-13T13:16:22,100.0,27.7,B
2021-07-13T13:15:55,1000.0,27.6,S
2021-07-13T13:15:27,1000.0,27.6,S
2021-07-13T13:15:05,300.0,27.7,B
2021-07-13T13:14:29,500.0,27.7,B
2021-07-13T13:14:22,2400.0,27.7,S
2021-07-13T13:14:09,400.0,27.75,B
2021-07-13T13:13:49,200.0,27.75,B
2021-07-13T13:13:36,100.0,27.75,B
2021-07-13T13:13:01,100.0,27.75,B
2021-07-13T13:12:42,400.0,27.75,B
2021-07-13T13:12:13,200.0,27.75,B
2021-07-13T13:12:02,100.0,27.75,B
2021-07-13T13:09:51,200.0,27.75,B
2021-07-13T13:09:34,1000.0,27.75,B
2021-07-13T13:09:10,500.0,27.7,B
2021-07-13T13:08:59,200.0,27.7,B
2021-07-13T13:08:41,1000.0,27.7,B
2021-07-13T13:06:44,1000.0,27.7,B
2021-07-13T13:06:23,200.0,27.7,B
2021-07-13T13:05:16,200.0,27.7,B
2021-07-13T13:04:07,200.0,27.7,B
2021-07-13T13:03:48,1000.0,27.7,B
2021-07-13T13:03:40,200.0,27.7,B
2021-07-13T13:03:29,200.0,27.7,B
2021-07-13T13:03:21,100.0,27.7,B
2021-07-13T13:01:57,500.0,27.75,B
2021-07-13T13:01:44,200.0,27.7,B
2021-07-13T11:29:45,100.0,27.75,B
2021-07-13T11:29:13,200.0,27.75,B
2021-07-13T11:28:28,100.0,27.75,B
2021-07-13T11:26:35,400.0,27.75,B
2021-07-13T11:25:12,200.0,27.7,B
2021-07-13T11:24:07,200.0,27.75,B
2021-07-13T11:22:35,200.0,27.7,S
2021-07-13T11:22:06,200.0,27.7,B
2021-07-13T11:21:31,200.0,27.7,B
2021-07-13T11:21:08,1000.0,27.7,B
2021-07-13T11:21:00,200.0,27.7,B
2021-07-13T11:19:51,200.0,27.7,B
2021-07-13T11:19:06,100.0,27.7,B
2021-07-13T11:18:14,200.0,27.7,B
2021-07-13T11:16:59,200.0,27.7,B
2021-07-13T11:15:40,100.0,27.7,B
2021-07-13T11:15:39,600.0,27.6,S
2021-07-13T11:15:24,200.0,27.6,B
2021-07-13T11:15:02,1200.0,27.6,B
2021-07-13T11:14:44,100.0,27.6,B
2021-07-13T11:13:28,100.0,27.6,B
2021-07-13T11:11:20,500.0,27.6,B
2021-07-13T11:10:11,1000.0,27.6,B
2021-07-13T11:09:49,200.0,27.6,B
2021-07-13T11:09:39,200.0,27.6,B
2021-07-13T11:09:18,100.0,27.6,B
2021-07-13T11:08:57,100.0,27.6,B
2021-07-13T11:08:49,200.0,27.6,B
2021-07-13T11:05:54,200.0,27.7,B
2021-07-13T11:05:19,200.0,27.7,B
2021-07-13T11:04:16,100.0,27.5,B
2021-07-13T11:03:27,100.0,27.5,B
2021-07-13T11:02:56,500.0,27.5,B
2021-07-13T11:00:15,200.0,27.5,B
2021-07-13T10:59:23,200.0,27.5,B
2021-07-13T10:58:48,200.0,27.5,B
2021-07-13T10:58:31,1000.0,27.5,B
2021-07-13T10:58:23,1000.0,27.5,B
2021-07-13T10:57:55,100.0,27.5,B
2021-07-13T10:57:22,100.0,27.5,B
2021-07-13T10:56:41,1000.0,27.5,B
2021-07-13T10:56:31,200.0,27.5,B
2021-07-13T10:55:53,200.0,27.5,B
2021-07-13T10:55:31,200.0,27.5,B
2021-07-13T10:55:31,11400.0,27.5,S
2021-07-13T10:55:13,400.0,27.7,B
2021-07-13T10:54:18,500.0,27.7,B
2021-07-13T10:54:10,200.0,27.7,B
2021-07-13T10:53:45,100.0,27.7,B
2021-07-13T10:53:35,200.0,27.7,B
2021-07-13T10:52:48,200.0,27.7,B
2021-07-13T10:52:28,200.0,27.7,B
2021-07-13T10:51:45,100.0,27.7,B
2021-07-13T10:49:55,100.0,27.7,B
2021-07-13T10:47:36,800.0,27.7,S
2021-07-13T10:47:02,200.0,27.75,B
2021-07-13T10:46:46,300.0,27.7,S
2021-07-13T10:44:57,100.0,27.75,B
2021-07-13T10:41:56,200.0,27.75,B
2021-07-13T10:40:56,200.0,27.75,B
2021-07-13T10:40:00,200.0,27.75,B
2021-07-13T10:39:41,200.0,27.75,B
2021-07-13T10:39:37,100.0,27.75,B
2021-07-13T10:39:20,500.0,27.75,B
2021-07-13T10:39:17,100.0,27.75,B
2021-07-13T10:38:53,500.0,27.75,B
2021-07-13T10:38:36,200.0,27.75,B
2021-07-13T10:38:08,200.0,27.75,B
2021-07-13T10:37:17,300.0,27.75,B
2021-07-13T10:37:16,2500.0,27.7,B
2021-07-13T10:36:39,500.0,27.7,B
2021-07-13T10:36:13,1000.0,27.75,B
2021-07-13T10:34:45,300.0,27.75,B
2021-07-13T10:33:40,500.0,27.8,B
2021-07-13T10:33:14,200.0,27.8,B
2021-07-13T10:32:18,300.0,27.8,B
2021-07-13T10:31:38,200.0,27.8,B
2021-07-13T10:31:09,1200.0,27.8,B
2021-07-13T10:30:12,1000.0,27.7,B
2021-07-13T10:29:04,200.0,27.7,B
2021-07-13T10:28:48,200.0,27.7,B
2021-07-13T10:28:35,300.0,27.7,B
2021-07-13T10:28:23,200.0,27.7,B
2021-07-13T10:27:46,1000.0,27.7,B
2021-07-13T10:27:14,1000.0,27.7,B
2021-07-13T10:26:09,100.0,27.8,B
2021-07-13T10:25:47,300.0,27.8,B
2021-07-13T10:25:12,200.0,27.8,B
2021-07-13T10:24:54,200.0,27.8,B
2021-07-13T10:24:43,500.0,27.8,B
2021-07-13T10:23:51,200.0,27.8,B
2021-07-13T10:23:15,1000.0,27.8,B
2021-07-13T10:21:48,2000.0,27.8,B
2021-07-13T10:21:26,4500.0,27.5,B
2021-07-13T10:20:57,5000.0,27.5,B
2021-07-13T10:20:49,5000.0,27.5,B
2021-07-13T10:19:58,100.0,27.5,B
2021-07-13T10:19:50,1000.0,27.5,B
2021-07-13T10:19:43,4500.0,27.5,B
2021-07-13T10:19:34,100.0,27.5,B
2021-07-13T10:19:29,10000.0,27.5,B
2021-07-13T10:19:18,1000.0,27.5,B
2021-07-13T10:19:09,1000.0,27.5,B
2021-07-13T10:18:45,11600.0,27.5,S
2021-07-13T10:18:17,100.0,27.8,B
2021-07-13T10:17:53,5100.0,27.8,B
2021-07-13T10:17:37,3000.0,27.75,B
2021-07-13T10:17:28,5000.0,27.75,B
2021-07-13T10:17:02,1300.0,27.75,B
2021-07-13T10:16:53,7000.0,27.75,B
2021-07-13T10:16:44,300.0,27.75,B
2021-07-13T10:16:35,3400.0,27.75,B
2021-07-13T10:16:28,5000.0,27.75,B
2021-07-13T10:15:10,1000.0,27.8,B
2021-07-13T10:14:10,500.0,27.7,B
2021-07-13T10:13:33,1000.0,27.7,B
2021-07-13T10:13:21,500.0,27.7,B
2021-07-13T10:13:02,1000.0,27.7,B
2021-07-13T10:12:52,500.0,27.7,B
2021-07-13T10:12:01,500.0,27.7,B
2021-07-13T10:10:20,1000.0,27.7,B
2021-07-13T10:10:12,4400.0,27.7,S
2021-07-13T10:09:40,500.0,27.8,B
2021-07-13T10:09:03,500.0,27.8,B
2021-07-13T10:08:38,500.0,27.8,B
2021-07-13T10:07:23,300.0,27.8,B
2021-07-13T10:06:35,1000.0,27.8,B
2021-07-13T10:06:28,300.0,27.8,B
2021-07-13T10:06:03,300.0,27.8,B
2021-07-13T10:05:48,500.0,27.7,B
2021-07-13T10:05:39,1000.0,27.7,B
2021-07-13T10:05:26,100.0,27.7,B
2021-07-13T10:05:15,500.0,27.6,S
2021-07-13T10:04:57,200.0,27.7,B
2021-07-13T10:04:36,500.0,27.7,B
2021-07-13T10:04:14,1000.0,27.7,B
2021-07-13T10:03:24,300.0,27.7,B
2021-07-13T10:03:17,500.0,27.6,B
2021-07-13T10:02:07,100.0,27.6,B
2021-07-13T10:01:59,5600.0,27.6,S
2021-07-13T10:01:45,3600.0,27.7,B
2021-07-13T10:01:44,1000.0,27.8,B
2021-07-13T10:01:27,500.0,27.8,B
2021-07-13T10:00:20,1000.0,27.8,B
2021-07-13T09:59:56,1000.0,27.8,B
2021-07-13T09:59:49,500.0,27.8,B
2021-07-13T09:59:21,500.0,27.8,B
2021-07-13T09:58:57,300.0,27.7,S
2021-07-13T09:58:49,500.0,27.9,B
2021-07-13T09:58:19,500.0,27.8,B
2021-07-13T09:58:14,500.0,27.8,B
2021-07-13T09:58:01,500.0,27.8,B
2021-07-13T09:57:49,1000.0,27.8,B
2021-07-13T09:57:09,1000.0,27.8,B
2021-07-13T09:56:59,300.0,27.8,B
2021-07-13T09:56:43,500.0,27.8,B
2021-07-13T09:56:09,200.0,27.8,B
2021-07-13T09:55:51,1000.0,27.8,B
2021-07-13T09:55:42,1000.0,27.7,S
2021-07-13T09:54:43,700.0,27.8,B
2021-07-13T09:54:29,1000.0,27.8,B
2021-07-13T09:54:23,200.0,27.8,B
2021-07-13T09:53:08,400.0,27.8,B
2021-07-13T09:52:51,500.0,27.8,B
2021-07-13T09:52:41,300.0,27.8,B
2021-07-13T09:52:28,1000.0,27.8,B
2021-07-13T09:51:36,300.0,27.75,B
2021-07-13T09:51:18,500.0,27.75,B
2021-07-13T09:50:21,1000.0,27.75,B
2021-07-13T09:49:28,2000.0,27.75,B
2021-07-13T09:48:21,500.0,27.75,B
2021-07-13T09:47:49,1000.0,27.75,B
2021-07-13T09:47:41,500.0,27.75,B
2021-07-13T09:47:05,1500.0,27.8,B
2021-07-13T09:46:57,500.0,27.8,B
2021-07-13T09:46:55,500.0,27.8,B
2021-07-13T09:45:16,500.0,27.8,B
2021-07-13T09:45:09,300.0,27.8,B
2021-07-13T09:45:06,500.0,27.7,S
2021-07-13T09:44:25,500.0,27.8,B
2021-07-13T09:42:46,200.0,27.8,B
2021-07-13T09:41:14,600.0,27.8,B
2021-07-13T09:40:26,1000.0,27.8,B
2021-07-13T09:40:09,2500.0,27.8,B
2021-07-13T09:40:03,500.0,27.8,B
2021-07-13T09:39:36,500.0,27.8,B
2021-07-13T09:39:26,1500.0,27.8,B
2021-07-13T09:38:48,300.0,27.8,B
2021-07-13T09:38:23,200.0,27.8,B
2021-07-13T09:37:29,3600.0,27.7,B
2021-07-13T09:35:50,200.0,27.7,B
2021-07-13T09:35:34,1000.0,27.7,B
2021-07-13T09:35:25,400.0,27.7,B
2021-07-13T09:33:13,300.0,27.7,B
2021-07-13T09:33:09,5000.0,27.5,S
2021-07-13T09:32:59,1200.0,27.7,B
2021-07-13T09:32:48,500.0,27.7,B
2021-07-13T09:30:51,1000.0,27.7,B
2021-07-13T09:30:50,1000.0,27.7,B
2021-07-13T09:30:41,500.0,27.7,B
2021-07-13T09:29:30,300.0,27.6,B
2021-07-13T09:29:20,200.0,27.6,B
2021-07-13T09:28:50,2000.0,27.6,B
2021-07-13T09:28:46,2800.0,27.5,S
2021-07-13T09:28:30,2500.0,27.6,S
2021-07-13T09:28:22,500.0,27.7,B
2021-07-13T09:28:14,200.0,27.7,B
2021-07-13T09:28:07,3600.0,27.6,B
2021-07-13T09:28:05,300.0,27.6,B
2021-07-13T09:27:57,500.0,27.6,B
2021-07-13T09:27:51,1000.0,27.6,B
2021-07-13T09:26:15,100.0,27.6,B
2021-07-13T09:26:08,100.0,27.6,B
2021-07-13T09:26:08,1900.0,27.6,B
2021-07-13T09:25:56,500.0,27.6,B
2021-07-13T09:25:32,300.0,27.6,B
2021-07-13T09:25:25,500.0,27.6,B
2021-07-13T09:25:17,200.0,27.6,B
2021-07-13T09:25:11,300.0,27.6,B
2021-07-13T09:25:04,200.0,27.6,B
2021-07-13T09:24:55,200.0,27.6,B
2021-07-13T09:24:50,100.0,27.6,B
2021-07-13T09:24:43,500.0,27.6,B
2021-07-13T09:24:34,1200.0,27.6,B
2021-07-13T09:24:25,1000.0,27.6,B
2021-07-13T09:22:09,2000.0,27.5,S
2021-07-13T09:21:50,1000.0,27.5,S
2021-07-13T09:20:35,300.0,27.5,S
2021-07-13T09:20:31,2000.0,27.5,S
2021-07-13T09:19:54,1200.0,27.6,B
2021-07-13T09:19:45,200.0,27.6,B
2021-07-13T09:17:50,5600.0,27.4,S
2021-07-13T09:17:49,10000.0,27.5,S
2021-07-13T09:17:33,3000.0,27.6,B
2021-07-13T09:17:26,500.0,27.5,B
2021-07-13T09:17:16,100.0,27.5,B
2021-07-13T09:17:15,500.0,27.5,B
2021-07-13T09:17:11,1000.0,27.5,B
2021-07-13T09:17:04,200.0,27.5,B
2021-07-13T09:16:54,200.0,27.5,B
2021-07-13T09:16:49,800.0,27.5,B
2021-07-13T09:16:43,200.0,27.5,B
2021-07-13T09:16:43,300.0,27.5,B
2021-07-13T09:16:32,500.0,27.5,B
2021-07-13T09:16:22,500.0,27.5,B
