tradingTime,volume,price,side
2021-07-13T14:30:00,200.0,19.6,B
2021-07-13T14:29:55,1000.0,19.55,S
2021-07-13T14:29:52,200.0,19.6,B
2021-07-13T14:29:49,8300.0,19.65,B
2021-07-13T14:29:49,400.0,19.65,B
2021-07-13T14:29:49,8000.0,19.6,B
2021-07-13T14:29:49,3300.0,19.6,B
2021-07-13T14:29:49,2600.0,19.6,B
2021-07-13T14:29:44,100.0,19.55,S
2021-07-13T14:29:38,1000.0,19.55,S
2021-07-13T14:29:37,5000.0,19.55,S
2021-07-13T14:29:36,1800.0,19.6,B
2021-07-13T14:29:36,3000.0,19.6,B
2021-07-13T14:29:34,1400.0,19.6,S
2021-07-13T14:29:32,3000.0,19.6,S
2021-07-13T14:29:32,2000.0,19.6,S
2021-07-13T14:29:31,400.0,19.6,S
2021-07-13T14:29:30,100.0,19.6,S
2021-07-13T14:29:30,3100.0,19.6,B
2021-07-13T14:29:26,7600.0,19.6,B
2021-07-13T14:29:26,2400.0,19.6,B
2021-07-13T14:29:26,2000.0,19.55,S
2021-07-13T14:29:24,10000.0,19.6,B
2021-07-13T14:29:22,1000.0,19.55,S
2021-07-13T14:29:19,10000.0,19.6,B
2021-07-13T14:29:17,3000.0,19.55,S
2021-07-13T14:29:16,2000.0,19.55,S
2021-07-13T14:29:15,1000.0,19.6,B
2021-07-13T14:29:14,10000.0,19.6,B
2021-07-13T14:29:13,1000.0,19.55,S
2021-07-13T14:29:10,500.0,19.55,S
2021-07-13T14:29:07,500.0,19.55,S
2021-07-13T14:29:01,100.0,19.55,S
2021-07-13T14:29:01,6300.0,19.55,S
2021-07-13T14:28:59,4000.0,19.55,B
2021-07-13T14:28:59,6900.0,19.55,B
2021-07-13T14:28:59,5300.0,19.55,B
2021-07-13T14:28:59,3800.0,19.55,B
2021-07-13T14:28:59,1000.0,19.5,S
2021-07-13T14:28:57,5000.0,19.55,B
2021-07-13T14:28:55,100.0,19.5,S
2021-07-13T14:28:45,1000.0,19.5,S
2021-07-13T14:28:45,1000.0,19.5,S
2021-07-13T14:28:36,2000.0,19.55,B
2021-07-13T14:28:32,100.0,19.55,B
2021-07-13T14:28:25,200.0,19.5,S
2021-07-13T14:28:24,1000.0,19.55,B
2021-07-13T14:28:22,500.0,19.55,B
2021-07-13T14:28:20,1000.0,19.5,S
2021-07-13T14:28:16,200.0,19.55,B
2021-07-13T14:28:15,600.0,19.55,B
2021-07-13T14:28:14,800.0,19.55,S
2021-07-13T14:28:13,800.0,19.55,B
2021-07-13T14:28:00,700.0,19.5,S
2021-07-13T14:27:59,10000.0,19.5,B
2021-07-13T14:27:59,6600.0,19.5,B
2021-07-13T14:27:59,18200.0,19.5,B
2021-07-13T14:27:59,200.0,19.5,B
2021-07-13T14:27:59,200.0,19.5,B
2021-07-13T14:27:59,8200.0,19.5,B
2021-07-13T14:27:59,100.0,19.5,B
2021-07-13T14:27:59,2800.0,19.5,B
2021-07-13T14:27:59,1700.0,19.5,B
2021-07-13T14:27:59,2000.0,19.5,B
2021-07-13T14:27:59,7100.0,19.5,B
2021-07-13T14:27:59,1000.0,19.5,B
2021-07-13T14:27:59,13000.0,19.5,B
2021-07-13T14:27:59,13500.0,19.5,B
2021-07-13T14:27:59,1000.0,19.5,B
2021-07-13T14:27:59,2000.0,19.5,B
2021-07-13T14:27:59,2000.0,19.5,B
2021-07-13T14:27:59,2400.0,19.5,B
2021-07-13T14:27:59,1800.0,19.5,B
2021-07-13T14:27:59,2500.0,19.5,B
2021-07-13T14:27:59,3000.0,19.5,B
2021-07-13T14:27:59,1000.0,19.5,B
2021-07-13T14:27:59,2000.0,19.5,B
2021-07-13T14:27:59,2000.0,19.5,B
2021-07-13T14:27:59,5000.0,19.5,B
2021-07-13T14:27:59,1300.0,19.5,B
2021-07-13T14:27:59,6500.0,19.5,B
2021-07-13T14:27:59,1000.0,19.5,B
2021-07-13T14:27:59,500.0,19.5,B
2021-07-13T14:27:59,1800.0,19.5,B
2021-07-13T14:27:59,500.0,19.5,B
2021-07-13T14:27:59,11800.0,19.5,B
2021-07-13T14:27:57,4100.0,19.5,B
2021-07-13T14:27:57,5000.0,19.5,B
2021-07-13T14:27:57,900.0,19.5,B
2021-07-13T14:27:57,800.0,19.45,S
2021-07-13T14:27:55,10000.0,19.45,S
2021-07-13T14:27:54,200.0,19.45,S
2021-07-13T14:27:52,2100.0,19.45,S
2021-07-13T14:27:52,2000.0,19.45,S
2021-07-13T14:27:48,300.0,19.45,B
2021-07-13T14:27:48,400.0,19.45,B
2021-07-13T14:27:48,10000.0,19.45,B
2021-07-13T14:27:48,3500.0,19.45,B
2021-07-13T14:27:48,700.0,19.45,B
2021-07-13T14:27:48,2200.0,19.45,B
2021-07-13T14:27:48,400.0,19.45,B
2021-07-13T14:27:48,100.0,19.45,B
2021-07-13T14:27:48,18300.0,19.45,B
2021-07-13T14:27:46,2700.0,19.4,S
2021-07-13T14:27:46,400.0,19.45,B
2021-07-13T14:27:33,300.0,19.4,S
2021-07-13T14:27:30,3500.0,19.45,B
2021-07-13T14:27:28,1700.0,19.45,B
2021-07-13T14:27:28,100.0,19.45,B
2021-07-13T14:27:28,10000.0,19.4,B
2021-07-13T14:27:28,500.0,19.4,B
2021-07-13T14:27:28,3000.0,19.4,B
2021-07-13T14:27:28,7200.0,19.4,B
2021-07-13T14:27:28,200.0,19.4,B
2021-07-13T14:27:28,28500.0,19.4,B
2021-07-13T14:27:25,100.0,19.35,S
2021-07-13T14:27:25,600.0,19.4,B
2021-07-13T14:27:22,5000.0,19.4,B
2021-07-13T14:27:22,800.0,19.35,S
2021-07-13T14:27:16,10100.0,19.4,B
2021-07-13T14:27:16,1000.0,19.4,B
2021-07-13T14:27:12,600.0,19.4,B
2021-07-13T14:27:09,100.0,19.4,B
2021-07-13T14:27:09,30000.0,19.4,B
2021-07-13T14:27:08,500.0,19.4,B
2021-07-13T14:27:03,2800.0,19.4,B
2021-07-13T14:27:02,4300.0,19.4,S
2021-07-13T14:27:02,10000.0,19.4,S
2021-07-13T14:27:00,100.0,19.4,S
2021-07-13T14:26:58,10000.0,19.4,S
2021-07-13T14:26:54,1000.0,19.4,S
2021-07-13T14:26:54,200.0,19.4,S
2021-07-13T14:26:52,400.0,19.4,S
2021-07-13T14:26:52,10400.0,19.4,B
2021-07-13T14:26:52,300.0,19.4,B
2021-07-13T14:26:52,13900.0,19.4,B
2021-07-13T14:26:51,1000.0,19.35,S
2021-07-13T14:26:50,100.0,19.35,S
2021-07-13T14:26:48,600.0,19.4,B
2021-07-13T14:26:48,1000.0,19.4,B
2021-07-13T14:26:47,100.0,19.4,B
2021-07-13T14:26:45,4000.0,19.35,S
2021-07-13T14:26:44,5000.0,19.4,B
2021-07-13T14:26:43,700.0,19.4,B
2021-07-13T14:26:37,600.0,19.4,B
2021-07-13T14:26:34,4500.0,19.4,B
2021-07-13T14:26:34,30000.0,19.4,B
2021-07-13T14:26:32,1000.0,19.35,S
2021-07-13T14:26:29,10000.0,19.35,S
2021-07-13T14:26:29,1000.0,19.4,B
2021-07-13T14:26:28,5000.0,19.35,S
2021-07-13T14:26:28,2100.0,19.4,B
2021-07-13T14:26:27,700.0,19.4,B
2021-07-13T14:26:26,600.0,19.4,B
2021-07-13T14:26:25,20000.0,19.35,S
2021-07-13T14:26:16,600.0,19.4,B
2021-07-13T14:26:12,20000.0,19.35,S
2021-07-13T14:26:11,300.0,19.4,B
2021-07-13T14:26:11,300.0,19.4,B
2021-07-13T14:26:11,49400.0,19.4,B
2021-07-13T14:26:10,1000.0,19.35,S
2021-07-13T14:26:08,10000.0,19.35,S
2021-07-13T14:26:07,600.0,19.4,B
2021-07-13T14:26:05,1000.0,19.35,S
2021-07-13T14:26:03,100.0,19.35,S
2021-07-13T14:26:02,100.0,19.35,S
2021-07-13T14:26:00,300.0,19.35,B
2021-07-13T14:26:00,100.0,19.3,S
2021-07-13T14:25:59,100.0,19.3,S
2021-07-13T14:25:58,2000.0,19.4,B
2021-07-13T14:25:57,600.0,19.4,B
2021-07-13T14:25:53,200.0,19.3,S
2021-07-13T14:25:52,5500.0,19.35,B
2021-07-13T14:25:52,21200.0,19.35,B
2021-07-13T14:25:52,23300.0,19.35,B
2021-07-13T14:25:52,100.0,19.35,B
2021-07-13T14:25:49,3200.0,19.3,S
2021-07-13T14:25:48,300.0,19.3,S
2021-07-13T14:25:48,100.0,19.3,S
2021-07-13T14:25:46,4000.0,19.3,S
2021-07-13T14:25:37,100.0,19.3,S
2021-07-13T14:25:35,3000.0,19.3,S
2021-07-13T14:25:35,2000.0,19.35,B
2021-07-13T14:25:30,4000.0,19.35,B
2021-07-13T14:25:28,10000.0,19.35,B
2021-07-13T14:25:25,2800.0,19.35,B
2021-07-13T14:25:23,11000.0,19.35,S
2021-07-13T14:25:15,200.0,19.35,B
2021-07-13T14:25:15,20000.0,19.35,B
2021-07-13T14:25:08,1400.0,19.4,B
2021-07-13T14:25:08,500.0,19.4,B
2021-07-13T14:25:08,20000.0,19.4,B
2021-07-13T14:25:08,3000.0,19.4,B
2021-07-13T14:25:08,25100.0,19.4,B
2021-07-13T14:25:05,25500.0,19.35,B
2021-07-13T14:25:05,24500.0,19.35,B
2021-07-13T14:25:04,19500.0,19.3,S
2021-07-13T14:25:03,500.0,19.3,B
2021-07-13T14:25:00,300.0,19.25,S
2021-07-13T14:24:58,800.0,19.25,S
2021-07-13T14:24:52,100.0,19.4,B
2021-07-13T14:24:52,100.0,19.4,B
2021-07-13T14:24:51,22400.0,19.4,B
2021-07-13T14:24:51,6500.0,19.35,B
2021-07-13T14:24:51,100.0,19.35,B
2021-07-13T14:24:51,21000.0,19.3,B
2021-07-13T14:24:46,20000.0,19.25,S
2021-07-13T14:24:46,11200.0,19.25,B
2021-07-13T14:24:42,800.0,19.25,B
2021-07-13T14:24:42,200.0,19.3,B
2021-07-13T14:24:38,100.0,19.25,S
2021-07-13T14:24:38,1000.0,19.3,B
2021-07-13T14:24:37,2000.0,19.25,S
2021-07-13T14:24:34,1000.0,19.3,B
2021-07-13T14:24:34,30000.0,19.3,B
2021-07-13T14:24:34,13500.0,19.3,B
2021-07-13T14:24:34,500.0,19.3,B
2021-07-13T14:24:34,4100.0,19.3,B
2021-07-13T14:24:34,300.0,19.3,B
2021-07-13T14:24:34,500.0,19.3,B
2021-07-13T14:24:34,100.0,19.3,B
2021-07-13T14:24:34,7200.0,19.25,B
2021-07-13T14:24:34,2800.0,19.25,B
2021-07-13T14:24:27,50000.0,19.25,S
2021-07-13T14:24:22,500.0,19.2,S
2021-07-13T14:24:20,1000.0,19.25,B
2021-07-13T14:24:18,3000.0,19.2,B
2021-07-13T14:24:17,400.0,19.2,B
2021-07-13T14:24:16,300.0,19.2,B
2021-07-13T14:24:15,300.0,19.2,S
2021-07-13T14:24:11,10200.0,19.2,S
2021-07-13T14:24:09,12500.0,19.25,B
2021-07-13T14:24:09,17500.0,19.25,B
2021-07-13T14:24:09,9500.0,19.2,B
2021-07-13T14:24:07,100.0,19.2,B
2021-07-13T14:24:05,100.0,19.15,S
2021-07-13T14:24:04,10000.0,19.2,B
2021-07-13T14:24:04,1000.0,19.2,B
2021-07-13T14:24:02,1000.0,19.2,B
2021-07-13T14:24:02,1000.0,19.2,B
2021-07-13T14:23:59,10000.0,19.2,B
2021-07-13T14:23:59,1000.0,19.15,S
2021-07-13T14:23:57,500.0,19.2,B
2021-07-13T14:23:57,15900.0,19.2,B
2021-07-13T14:23:57,1000.0,19.2,B
2021-07-13T14:23:57,3100.0,19.2,B
2021-07-13T14:23:54,1000.0,19.2,B
2021-07-13T14:23:54,100.0,19.2,B
2021-07-13T14:23:51,200.0,19.15,S
2021-07-13T14:23:49,5000.0,19.2,B
2021-07-13T14:23:47,20000.0,19.2,B
2021-07-13T14:23:45,2000.0,19.2,B
2021-07-13T14:23:44,2800.0,19.2,B
2021-07-13T14:23:38,6100.0,19.2,S
2021-07-13T14:23:38,100.0,19.2,S
2021-07-13T14:23:31,1000.0,19.2,S
2021-07-13T14:23:29,300.0,19.2,S
2021-07-13T14:23:28,200.0,19.2,B
2021-07-13T14:23:28,1000.0,19.2,B
2021-07-13T14:23:28,3600.0,19.2,B
2021-07-13T14:23:28,5000.0,19.2,B
2021-07-13T14:23:28,100.0,19.2,B
2021-07-13T14:23:28,600.0,19.2,B
2021-07-13T14:23:28,100.0,19.2,B
2021-07-13T14:23:28,100.0,19.2,B
2021-07-13T14:23:28,13500.0,19.2,B
2021-07-13T14:23:28,100.0,19.2,B
2021-07-13T14:23:28,5900.0,19.2,B
2021-07-13T14:23:28,500.0,19.2,B
2021-07-13T14:23:28,300.0,19.2,B
2021-07-13T14:23:28,3000.0,19.2,B
2021-07-13T14:23:28,1800.0,19.2,B
2021-07-13T14:23:28,400.0,19.2,B
2021-07-13T14:23:28,3000.0,19.2,B
2021-07-13T14:23:28,12600.0,19.2,B
2021-07-13T14:23:28,11700.0,19.2,B
2021-07-13T14:23:28,500.0,19.2,B
2021-07-13T14:23:28,100.0,19.2,B
2021-07-13T14:23:28,22500.0,19.2,B
2021-07-13T14:23:28,400.0,19.2,B
2021-07-13T14:23:28,1600.0,19.2,B
2021-07-13T14:23:28,5100.0,19.2,B
2021-07-13T14:23:26,300.0,19.2,B
2021-07-13T14:23:26,3000.0,19.15,S
2021-07-13T14:23:22,600.0,19.2,B
2021-07-13T14:23:21,100.0,19.15,S
2021-07-13T14:23:21,1500.0,19.15,S
2021-07-13T14:23:15,4000.0,19.2,B
2021-07-13T14:23:15,1300.0,19.2,B
2021-07-13T14:23:15,6000.0,19.2,B
2021-07-13T14:23:15,5600.0,19.2,B
2021-07-13T14:23:15,500.0,19.2,B
2021-07-13T14:23:15,2600.0,19.2,B
2021-07-13T14:23:14,1500.0,19.15,S
2021-07-13T14:23:13,8100.0,19.15,B
2021-07-13T14:23:13,900.0,19.15,B
2021-07-13T14:23:13,1500.0,19.15,B
2021-07-13T14:23:13,2100.0,19.15,B
2021-07-13T14:23:08,1000.0,19.1,S
2021-07-13T14:23:00,1000.0,19.15,B
2021-07-13T14:22:57,2800.0,19.15,B
2021-07-13T14:22:52,700.0,19.1,B
2021-07-13T14:22:52,100.0,19.1,B
2021-07-13T14:22:52,300.0,19.1,B
2021-07-13T14:22:52,200.0,19.1,B
2021-07-13T14:22:52,1400.0,19.1,B
2021-07-13T14:22:52,1000.0,19.1,B
2021-07-13T14:22:52,200.0,19.1,B
2021-07-13T14:22:52,100.0,19.1,B
2021-07-13T14:22:52,15900.0,19.1,B
2021-07-13T14:22:50,2000.0,19.1,B
2021-07-13T14:22:45,100.0,19.1,B
2021-07-13T14:22:37,1000.0,19.1,B
2021-07-13T14:22:32,300.0,19.1,B
2021-07-13T14:22:22,500.0,19.1,B
2021-07-13T14:22:16,400.0,19.1,B
2021-07-13T14:22:13,1000.0,19.1,B
2021-07-13T14:22:08,500.0,19.1,B
2021-07-13T14:22:04,300.0,19.1,B
2021-07-13T14:22:03,3000.0,19.05,S
2021-07-13T14:22:03,3000.0,19.1,B
2021-07-13T14:21:59,500.0,19.1,B
2021-07-13T14:21:59,1200.0,19.1,B
2021-07-13T14:21:54,700.0,19.1,B
2021-07-13T14:21:54,1300.0,19.1,B
2021-07-13T14:21:51,1000.0,19.1,B
2021-07-13T14:21:47,1000.0,19.05,S
2021-07-13T14:21:47,3800.0,19.1,B
2021-07-13T14:21:47,1000.0,19.1,B
2021-07-13T14:21:47,200.0,19.1,B
2021-07-13T14:21:46,300.0,19.1,B
2021-07-13T14:21:42,400.0,19.1,B
2021-07-13T14:21:34,2800.0,19.1,B
2021-07-13T14:21:27,1000.0,19.05,S
2021-07-13T14:21:10,300.0,19.1,B
2021-07-13T14:21:08,500.0,19.05,S
2021-07-13T14:21:01,200.0,19.1,B
2021-07-13T14:21:01,2800.0,19.1,B
2021-07-13T14:20:58,1000.0,19.1,B
2021-07-13T14:20:43,2800.0,19.1,B
2021-07-13T14:20:43,500.0,19.05,B
2021-07-13T14:20:41,500.0,19.05,S
2021-07-13T14:20:40,1600.0,19.05,B
2021-07-13T14:20:40,200.0,19.05,B
2021-07-13T14:20:35,1200.0,19.05,B
2021-07-13T14:20:21,300.0,19.05,S
2021-07-13T14:20:20,9400.0,19.1,B
2021-07-13T14:20:20,200.0,19.1,B
2021-07-13T14:20:20,500.0,19.1,B
2021-07-13T14:20:20,9600.0,19.1,B
2021-07-13T14:20:20,300.0,19.1,B
2021-07-13T14:20:03,300.0,19.05,S
2021-07-13T14:20:03,100.0,19.05,S
2021-07-13T14:20:00,4900.0,19.05,S
2021-07-13T14:19:55,3000.0,19.05,B
2021-07-13T14:19:55,5600.0,19.05,B
2021-07-13T14:19:54,1000.0,19.0,S
2021-07-13T14:19:53,200.0,19.0,S
2021-07-13T14:19:50,200.0,19.05,B
2021-07-13T14:19:50,10000.0,19.05,B
2021-07-13T14:19:45,2000.0,19.05,B
2021-07-13T14:19:42,2000.0,19.05,B
2021-07-13T14:19:39,2000.0,19.0,S
2021-07-13T14:19:38,5600.0,19.05,B
2021-07-13T14:19:33,1200.0,19.05,B
2021-07-13T14:19:33,8800.0,19.05,B
2021-07-13T14:19:32,200.0,19.0,S
2021-07-13T14:19:29,1000.0,19.05,B
2021-07-13T14:19:05,900.0,19.05,B
2021-07-13T14:19:05,1000.0,19.0,S
2021-07-13T14:19:04,200.0,19.0,S
2021-07-13T14:18:57,30000.0,19.0,S
2021-07-13T14:18:50,10000.0,19.0,S
2021-07-13T14:18:46,13200.0,19.0,B
2021-07-13T14:18:45,1000.0,19.0,B
2021-07-13T14:18:45,800.0,19.0,B
2021-07-13T14:18:45,12400.0,19.0,B
2021-07-13T14:18:43,9700.0,19.0,B
2021-07-13T14:18:43,200.0,19.0,B
2021-07-13T14:18:38,200.0,19.0,B
2021-07-13T14:18:32,900.0,19.0,B
2021-07-13T14:18:31,7700.0,19.0,S
2021-07-13T14:18:31,8400.0,19.0,S
2021-07-13T14:18:31,3900.0,19.0,B
2021-07-13T14:18:29,1000.0,19.0,B
2021-07-13T14:18:28,1000.0,19.0,B
2021-07-13T14:18:24,3000.0,19.0,B
2021-07-13T14:18:23,4300.0,19.0,B
2021-07-13T14:18:23,5700.0,19.0,B
2021-07-13T14:18:22,400.0,19.0,B
2021-07-13T14:18:16,200.0,19.0,B
2021-07-13T14:18:13,500.0,19.0,B
2021-07-13T14:18:10,1200.0,19.0,B
2021-07-13T14:18:09,2800.0,19.0,B
2021-07-13T14:18:09,300.0,18.95,S
2021-07-13T14:18:07,5600.0,19.0,B
2021-07-13T14:18:07,1000.0,19.0,B
2021-07-13T14:18:07,500.0,19.0,B
2021-07-13T14:18:07,4900.0,19.0,B
2021-07-13T14:18:06,1000.0,19.0,B
2021-07-13T14:18:06,100.0,18.95,S
2021-07-13T14:18:01,3900.0,18.95,B
2021-07-13T14:17:58,1300.0,18.95,B
2021-07-13T14:17:56,1000.0,18.95,B
2021-07-13T14:17:54,1500.0,18.95,B
2021-07-13T14:17:53,10000.0,18.95,B
2021-07-13T14:17:50,10000.0,18.95,B
2021-07-13T14:17:41,100.0,18.95,B
2021-07-13T14:17:37,1000.0,18.95,B
2021-07-13T14:17:36,2800.0,18.95,S
2021-07-13T14:17:35,1500.0,18.95,S
2021-07-13T14:17:35,5000.0,19.0,B
2021-07-13T14:17:33,500.0,18.95,B
2021-07-13T14:17:30,20000.0,19.0,B
2021-07-13T14:17:23,5000.0,18.95,B
2021-07-13T14:17:23,3000.0,18.95,B
2021-07-13T14:17:20,600.0,18.95,B
2021-07-13T14:17:19,10000.0,18.95,B
2021-07-13T14:17:11,10000.0,18.95,B
2021-07-13T14:17:07,1000.0,18.95,B
2021-07-13T14:17:07,500.0,18.95,B
2021-07-13T14:17:06,1000.0,18.95,B
2021-07-13T14:17:05,5000.0,18.95,B
2021-07-13T14:16:53,18700.0,18.95,S
2021-07-13T14:16:51,100.0,18.95,S
2021-07-13T14:16:51,1000.0,19.0,B
2021-07-13T14:16:48,1400.0,18.95,B
2021-07-13T14:16:48,2000.0,18.95,B
2021-07-13T14:16:46,3000.0,18.95,B
2021-07-13T14:16:43,10000.0,18.95,B
2021-07-13T14:16:43,100.0,18.95,B
2021-07-13T14:16:42,20000.0,18.95,B
2021-07-13T14:16:41,1500.0,18.95,B
2021-07-13T14:16:39,2000.0,18.95,B
2021-07-13T14:16:37,200.0,18.9,S
2021-07-13T14:16:37,8100.0,18.95,B
2021-07-13T14:16:36,100.0,18.95,B
2021-07-13T14:16:28,2200.0,18.95,B
2021-07-13T14:16:28,600.0,18.95,B
2021-07-13T14:16:18,200.0,18.9,B
2021-07-13T14:16:18,2800.0,18.9,B
2021-07-13T14:16:17,10000.0,18.9,B
2021-07-13T14:16:12,7300.0,18.9,B
2021-07-13T14:16:09,5000.0,18.9,B
2021-07-13T14:16:05,70000.0,18.85,S
2021-07-13T14:16:01,19900.0,18.9,S
2021-07-13T14:15:53,10200.0,18.9,S
2021-07-13T14:15:45,40000.0,18.95,S
2021-07-13T14:15:43,1200.0,18.9,S
2021-07-13T14:15:43,2000.0,18.9,S
2021-07-13T14:15:43,4300.0,18.9,S
2021-07-13T14:15:43,700.0,18.95,S
2021-07-13T14:15:42,1000.0,18.95,B
2021-07-13T14:15:42,300.0,18.95,B
2021-07-13T14:15:42,18000.0,18.95,B
2021-07-13T14:15:34,30200.0,18.9,S
2021-07-13T14:15:27,1000.0,18.9,B
2021-07-13T14:15:27,1000.0,18.9,B
2021-07-13T14:15:23,2000.0,18.9,B
2021-07-13T14:15:23,5000.0,18.9,B
2021-07-13T14:15:23,100.0,18.9,B
2021-07-13T14:15:21,10000.0,18.9,B
2021-07-13T14:15:19,1300.0,18.9,B
2021-07-13T14:15:19,3700.0,18.9,B
2021-07-13T14:15:19,3000.0,18.9,B
2021-07-13T14:15:18,10000.0,18.9,B
2021-07-13T14:15:15,4300.0,18.9,B
2021-07-13T14:15:09,10000.0,18.9,B
2021-07-13T14:15:08,4500.0,18.9,B
2021-07-13T14:15:08,2600.0,18.9,B
2021-07-13T14:15:03,5000.0,18.9,B
2021-07-13T14:14:59,2000.0,18.9,B
2021-07-13T14:14:49,400.0,18.9,B
2021-07-13T14:14:45,400.0,18.9,B
2021-07-13T14:14:40,1500.0,18.9,B
2021-07-13T14:14:40,700.0,18.85,S
2021-07-13T14:14:36,1200.0,18.9,B
2021-07-13T14:14:35,800.0,18.9,B
2021-07-13T14:14:33,100.0,18.9,B
2021-07-13T14:14:27,1100.0,18.85,B
2021-07-13T14:14:27,300.0,18.85,B
2021-07-13T14:14:27,1000.0,18.85,B
2021-07-13T14:14:23,3500.0,18.85,B
2021-07-13T14:14:23,6000.0,18.85,B
2021-07-13T14:14:22,5000.0,18.85,B
2021-07-13T14:14:18,1200.0,18.85,B
2021-07-13T14:14:14,3000.0,18.8,S
2021-07-13T14:14:13,2000.0,18.85,B
2021-07-13T14:14:04,10600.0,18.85,S
2021-07-13T14:13:57,100.0,18.9,B
2021-07-13T14:13:56,200.0,18.9,B
2021-07-13T14:13:56,1500.0,18.9,B
2021-07-13T14:13:56,100.0,18.9,B
2021-07-13T14:13:56,5200.0,18.9,B
2021-07-13T14:13:56,100.0,18.85,S
2021-07-13T14:13:54,1600.0,18.85,B
2021-07-13T14:13:54,10000.0,18.85,B
2021-07-13T14:13:42,8700.0,18.85,S
2021-07-13T14:13:37,7300.0,18.85,B
2021-07-13T14:13:31,200.0,18.85,B
2021-07-13T14:13:28,20000.0,18.85,B
2021-07-13T14:13:23,1300.0,18.8,S
2021-07-13T14:13:23,100.0,18.8,S
2021-07-13T14:13:23,5800.0,18.8,S
2021-07-13T14:13:23,2700.0,18.85,B
2021-07-13T14:13:23,7300.0,18.85,B
2021-07-13T14:13:16,600.0,18.8,S
2021-07-13T14:13:16,400.0,18.8,S
2021-07-13T14:13:12,3000.0,18.85,B
2021-07-13T14:13:12,400.0,18.85,B
2021-07-13T14:13:09,200.0,18.85,B
2021-07-13T14:13:05,2000.0,18.85,B
2021-07-13T14:13:04,10400.0,18.85,B
2021-07-13T14:13:03,1000.0,18.85,B
2021-07-13T14:13:00,200.0,18.85,B
2021-07-13T14:12:58,300.0,18.85,B
2021-07-13T14:12:53,200.0,18.85,B
2021-07-13T14:12:53,6900.0,18.85,B
2021-07-13T14:12:50,200.0,18.85,B
2021-07-13T14:12:48,1900.0,18.85,B
2021-07-13T14:12:47,100.0,18.85,B
2021-07-13T14:12:43,300.0,18.85,B
2021-07-13T14:12:41,200.0,18.85,B
2021-07-13T14:12:39,400.0,18.85,B
2021-07-13T14:12:37,1200.0,18.85,B
2021-07-13T14:12:35,300.0,18.85,B
2021-07-13T14:12:30,4600.0,18.85,B
2021-07-13T14:12:24,600.0,18.8,B
2021-07-13T14:12:18,200.0,18.8,B
2021-07-13T14:12:14,4400.0,18.8,B
2021-07-13T14:12:14,600.0,18.8,B
2021-07-13T14:12:13,3000.0,18.8,B
2021-07-13T14:12:12,1000.0,18.8,B
2021-07-13T14:12:11,1000.0,18.8,B
2021-07-13T14:12:11,500.0,18.8,B
2021-07-13T14:12:07,400.0,18.8,B
2021-07-13T14:12:04,1000.0,18.8,B
2021-07-13T14:12:04,300.0,18.8,B
2021-07-13T14:12:01,600.0,18.8,B
2021-07-13T14:12:01,1900.0,18.75,S
2021-07-13T14:12:01,18100.0,18.75,S
2021-07-13T14:12:00,200.0,18.8,B
2021-07-13T14:11:57,200.0,18.8,B
2021-07-13T14:11:54,1000.0,18.8,B
2021-07-13T14:11:51,300.0,18.8,B
2021-07-13T14:11:49,200.0,18.8,B
2021-07-13T14:11:49,300.0,18.8,B
2021-07-13T14:11:47,100.0,18.8,B
2021-07-13T14:11:44,1000.0,18.8,B
2021-07-13T14:11:43,300.0,18.8,B
2021-07-13T14:11:41,1000.0,18.75,S
2021-07-13T14:11:39,200.0,18.8,B
2021-07-13T14:11:31,600.0,18.75,B
2021-07-13T14:11:29,300.0,18.75,B
2021-07-13T14:11:27,1500.0,18.75,B
2021-07-13T14:11:23,500.0,18.75,B
2021-07-13T14:11:21,100.0,18.75,B
2021-07-13T14:11:21,1000.0,18.75,B
2021-07-13T14:11:19,300.0,18.75,B
2021-07-13T14:11:17,200.0,18.75,B
2021-07-13T14:11:03,7100.0,18.75,B
2021-07-13T14:10:51,200.0,18.75,B
2021-07-13T14:10:36,9300.0,18.7,S
2021-07-13T14:10:27,300.0,18.75,B
2021-07-13T14:10:17,4100.0,18.7,S
2021-07-13T14:10:17,100.0,18.75,B
2021-07-13T14:10:09,100.0,18.7,S
2021-07-13T14:09:33,4300.0,18.75,B
2021-07-13T14:09:14,500.0,18.7,B
2021-07-13T14:09:08,200.0,18.7,S
2021-07-13T14:08:52,4300.0,18.75,B
2021-07-13T14:08:51,5000.0,18.7,B
2021-07-13T14:08:51,700.0,18.7,B
2021-07-13T14:08:46,1600.0,18.7,B
2021-07-13T14:08:37,1000.0,18.7,B
2021-07-13T14:08:32,900.0,18.7,B
2021-07-13T14:08:05,100.0,18.7,B
2021-07-13T14:07:23,4300.0,18.7,B
2021-07-13T14:07:15,5000.0,18.7,B
2021-07-13T14:07:12,6000.0,18.6,S
2021-07-13T14:07:12,21000.0,18.6,S
2021-07-13T14:07:12,1100.0,18.6,S
2021-07-13T14:07:11,1100.0,18.6,S
2021-07-13T14:07:11,200.0,18.6,S
2021-07-13T14:07:11,2200.0,18.6,S
2021-07-13T14:07:11,8600.0,18.6,S
2021-07-13T14:07:11,11800.0,18.65,S
2021-07-13T14:07:07,8400.0,18.65,S
2021-07-13T14:07:07,25500.0,18.65,S
2021-07-13T14:07:07,16100.0,18.65,S
2021-07-13T14:07:02,100.0,18.7,B
2021-07-13T14:06:52,600.0,18.65,S
2021-07-13T14:06:42,600.0,18.65,S
2021-07-13T14:06:37,300.0,18.7,B
2021-07-13T14:06:32,200.0,18.7,B
2021-07-13T14:06:22,800.0,18.65,S
2021-07-13T14:06:14,19300.0,18.65,S
2021-07-13T14:06:14,1200.0,18.65,S
2021-07-13T14:06:14,9500.0,18.65,S
2021-07-13T14:06:09,600.0,18.7,S
2021-07-13T14:06:02,100.0,18.75,B
2021-07-13T14:06:02,100.0,18.7,S
2021-07-13T14:06:02,700.0,18.7,S
2021-07-13T14:06:01,100.0,18.7,S
2021-07-13T14:05:57,600.0,18.7,S
2021-07-13T14:05:44,800.0,18.7,S
2021-07-13T14:05:44,300.0,18.7,S
2021-07-13T14:05:40,100.0,18.75,B
2021-07-13T14:05:37,2000.0,18.7,S
2021-07-13T14:05:32,1000.0,18.75,B
2021-07-13T14:05:12,800.0,18.7,S
2021-07-13T14:04:52,400.0,18.7,S
2021-07-13T14:04:44,100.0,18.75,S
2021-07-13T14:04:34,200.0,18.75,B
2021-07-13T14:04:33,400.0,18.65,S
2021-07-13T14:04:22,800.0,18.7,S
2021-07-13T14:04:03,30200.0,18.65,S
2021-07-13T14:03:58,100.0,18.75,S
2021-07-13T14:03:50,100.0,18.8,B
2021-07-13T14:03:49,9800.0,18.75,S
2021-07-13T14:03:42,2600.0,18.8,B
2021-07-13T14:03:22,1000.0,18.8,B
2021-07-13T14:03:12,7400.0,18.75,B
2021-07-13T14:02:54,10000.0,18.75,B
2021-07-13T14:02:35,500.0,18.7,S
2021-07-13T14:02:03,100.0,18.75,B
2021-07-13T14:01:42,100.0,18.75,B
2021-07-13T14:01:22,2000.0,18.75,B
2021-07-13T14:01:22,51200.0,18.65,S
2021-07-13T14:01:13,10000.0,18.75,B
2021-07-13T14:01:12,1000.0,18.75,B
2021-07-13T14:01:04,4500.0,18.75,B
2021-07-13T14:00:53,4300.0,18.75,B
2021-07-13T14:00:22,2000.0,18.75,B
2021-07-13T13:59:54,500.0,18.75,B
2021-07-13T13:59:52,4300.0,18.8,B
2021-07-13T13:59:50,8000.0,18.65,S
2021-07-13T13:59:50,4600.0,18.7,S
2021-07-13T13:59:50,300.0,18.7,S
2021-07-13T13:59:50,1600.0,18.7,S
2021-07-13T13:59:50,4800.0,18.7,S
2021-07-13T13:59:50,32700.0,18.7,S
2021-07-13T13:59:45,56000.0,18.75,S
2021-07-13T13:59:33,100.0,18.8,B
2021-07-13T13:59:22,400.0,18.75,S
2021-07-13T13:58:59,4300.0,18.8,B
2021-07-13T13:57:41,1600.0,18.8,S
2021-07-13T13:57:40,10000.0,18.8,S
2021-07-13T13:57:27,100.0,18.85,B
2021-07-13T13:57:22,3000.0,18.8,S
2021-07-13T13:57:16,1000.0,18.8,S
2021-07-13T13:57:13,500.0,18.85,B
2021-07-13T13:56:58,20000.0,18.8,S
2021-07-13T13:56:40,2500.0,18.85,B
2021-07-13T13:56:13,300.0,18.85,B
2021-07-13T13:55:52,200.0,18.85,B
2021-07-13T13:55:45,100.0,18.85,B
2021-07-13T13:55:17,100.0,18.85,B
2021-07-13T13:55:13,1100.0,18.85,S
2021-07-13T13:54:57,700.0,18.9,B
2021-07-13T13:54:57,1500.0,18.9,B
2021-07-13T13:54:57,600.0,18.9,B
2021-07-13T13:54:53,300.0,18.85,S
2021-07-13T13:54:28,500.0,18.85,S
2021-07-13T13:54:24,1000.0,18.85,S
2021-07-13T13:54:15,100.0,18.85,S
2021-07-13T13:54:09,7100.0,18.9,B
2021-07-13T13:54:03,200.0,18.85,S
2021-07-13T13:53:30,1000.0,18.85,S
2021-07-13T13:53:15,100.0,18.9,B
2021-07-13T13:53:12,400.0,18.85,S
2021-07-13T13:53:04,200.0,18.85,S
2021-07-13T13:52:54,100.0,18.85,S
2021-07-13T13:52:52,400.0,18.85,S
2021-07-13T13:52:47,5000.0,18.85,S
2021-07-13T13:52:36,100.0,18.85,S
2021-07-13T13:52:35,100.0,18.85,S
2021-07-13T13:52:30,100.0,18.85,S
2021-07-13T13:52:23,1000.0,18.85,S
2021-07-13T13:51:57,7000.0,18.85,S
2021-07-13T13:51:17,400.0,18.9,B
2021-07-13T13:51:17,600.0,18.9,B
2021-07-13T13:51:17,100.0,18.9,B
2021-07-13T13:51:13,2200.0,18.9,B
2021-07-13T13:51:09,100.0,18.9,B
2021-07-13T13:51:06,5000.0,18.9,B
2021-07-13T13:51:05,200.0,18.9,B
2021-07-13T13:50:52,10000.0,18.9,B
2021-07-13T13:50:27,7600.0,18.9,B
2021-07-13T13:50:27,200.0,18.9,B
2021-07-13T13:50:27,2200.0,18.9,B
2021-07-13T13:50:23,4300.0,18.9,B
2021-07-13T13:49:49,100.0,18.9,B
2021-07-13T13:49:39,100.0,18.85,S
2021-07-13T13:49:29,300.0,18.9,B
2021-07-13T13:49:24,200.0,18.9,B
2021-07-13T13:49:22,200.0,18.85,S
2021-07-13T13:49:06,200.0,18.9,B
2021-07-13T13:49:04,100.0,18.9,B
2021-07-13T13:48:53,1800.0,18.85,B
2021-07-13T13:48:52,3500.0,18.85,B
2021-07-13T13:48:26,600.0,18.85,B
2021-07-13T13:48:25,100.0,18.85,B
2021-07-13T13:48:22,1700.0,18.85,B
2021-07-13T13:48:22,2600.0,18.85,B
2021-07-13T13:48:19,200.0,18.85,B
2021-07-13T13:48:15,100.0,18.85,B
2021-07-13T13:48:07,600.0,18.8,B
2021-07-13T13:48:06,6500.0,18.8,B
2021-07-13T13:48:04,500.0,18.8,B
2021-07-13T13:48:04,1000.0,18.8,B
2021-07-13T13:47:58,2000.0,18.8,B
2021-07-13T13:47:54,5000.0,18.8,B
2021-07-13T13:47:40,2000.0,18.8,B
2021-07-13T13:47:30,300.0,18.8,B
2021-07-13T13:47:29,600.0,18.8,B
2021-07-13T13:47:19,500.0,18.8,B
2021-07-13T13:47:18,100.0,18.8,B
2021-07-13T13:47:13,500.0,18.8,B
2021-07-13T13:47:08,400.0,18.8,B
2021-07-13T13:47:02,2000.0,18.8,B
2021-07-13T13:46:52,200.0,18.8,B
2021-07-13T13:46:39,100.0,18.75,S
2021-07-13T13:46:27,100.0,18.8,B
2021-07-13T13:45:59,1500.0,18.8,B
2021-07-13T13:45:59,600.0,18.8,B
2021-07-13T13:45:59,2200.0,18.8,B
2021-07-13T13:45:11,500.0,18.75,S
2021-07-13T13:44:46,3100.0,18.8,B
2021-07-13T13:44:46,5300.0,18.8,B
2021-07-13T13:44:46,1800.0,18.8,B
2021-07-13T13:44:37,200.0,18.75,S
2021-07-13T13:44:32,1800.0,18.75,S
2021-07-13T13:43:41,600.0,18.8,B
2021-07-13T13:43:38,800.0,18.8,B
2021-07-13T13:43:38,200.0,18.8,B
2021-07-13T13:43:38,1800.0,18.8,B
2021-07-13T13:43:30,600.0,18.8,B
2021-07-13T13:43:21,1000.0,18.75,S
2021-07-13T13:43:15,600.0,18.8,B
2021-07-13T13:43:07,600.0,18.8,B
2021-07-13T13:42:58,600.0,18.8,B
2021-07-13T13:42:53,2000.0,18.8,B
2021-07-13T13:42:48,600.0,18.8,B
2021-07-13T13:42:38,200.0,18.8,B
2021-07-13T13:42:38,600.0,18.8,B
2021-07-13T13:42:30,600.0,18.8,B
2021-07-13T13:42:29,2800.0,18.8,B
2021-07-13T13:42:22,600.0,18.8,B
2021-07-13T13:42:21,1000.0,18.8,B
2021-07-13T13:42:16,400.0,18.8,B
2021-07-13T13:42:12,600.0,18.8,B
2021-07-13T13:42:05,400.0,18.8,B
2021-07-13T13:42:03,600.0,18.8,B
2021-07-13T13:41:54,600.0,18.8,B
2021-07-13T13:41:44,100.0,18.8,B
2021-07-13T13:41:32,1000.0,18.8,B
2021-07-13T13:41:29,7100.0,18.8,B
2021-07-13T13:40:56,100.0,18.8,B
2021-07-13T13:40:47,4900.0,18.75,B
2021-07-13T13:40:33,300.0,18.75,B
2021-07-13T13:40:33,200.0,18.75,B
2021-07-13T13:40:30,1600.0,18.75,B
2021-07-13T13:39:48,600.0,18.75,B
2021-07-13T13:39:43,900.0,18.7,S
2021-07-13T13:39:37,200.0,18.7,S
2021-07-13T13:39:17,900.0,18.7,S
2021-07-13T13:38:58,1000.0,18.7,S
2021-07-13T13:38:58,2800.0,18.75,B
2021-07-13T13:38:47,2200.0,18.7,B
2021-07-13T13:38:23,200.0,18.7,B
2021-07-13T13:38:08,10000.0,18.65,S
2021-07-13T13:38:05,100.0,18.7,S
2021-07-13T13:38:05,400.0,18.7,S
2021-07-13T13:38:05,400.0,18.7,S
2021-07-13T13:37:45,100.0,18.7,S
2021-07-13T13:37:23,1000.0,18.7,S
2021-07-13T13:36:24,500.0,18.7,S
2021-07-13T13:36:17,100.0,18.75,B
2021-07-13T13:36:00,100.0,18.7,S
2021-07-13T13:35:24,100.0,18.7,S
2021-07-13T13:35:09,2800.0,18.75,B
2021-07-13T13:34:32,1400.0,18.7,S
2021-07-13T13:34:21,100.0,18.75,B
2021-07-13T13:34:11,100.0,18.75,B
2021-07-13T13:33:57,500.0,18.75,B
2021-07-13T13:33:31,100.0,18.75,B
2021-07-13T13:33:27,100.0,18.75,B
2021-07-13T13:32:52,100.0,18.75,S
2021-07-13T13:32:48,1000.0,18.8,B
2021-07-13T13:32:46,100.0,18.8,B
2021-07-13T13:32:42,100.0,18.75,S
2021-07-13T13:32:33,1800.0,18.8,B
2021-07-13T13:32:33,500.0,18.8,B
2021-07-13T13:32:33,500.0,18.8,B
2021-07-13T13:32:31,100.0,18.8,B
2021-07-13T13:32:21,5000.0,18.7,S
2021-07-13T13:32:12,1300.0,18.75,S
2021-07-13T13:32:09,200.0,18.8,B
2021-07-13T13:32:05,900.0,18.75,S
2021-07-13T13:32:01,5000.0,18.75,B
2021-07-13T13:31:52,2800.0,18.75,B
2021-07-13T13:31:42,800.0,18.75,S
2021-07-13T13:30:42,2800.0,18.8,B
2021-07-13T13:30:20,100.0,18.8,B
2021-07-13T13:30:06,200.0,18.8,B
2021-07-13T13:30:01,100.0,18.75,B
2021-07-13T13:29:14,100.0,18.7,S
2021-07-13T13:28:49,100.0,18.75,B
2021-07-13T13:28:28,1200.0,18.65,S
2021-07-13T13:28:28,5000.0,18.7,S
2021-07-13T13:28:04,200.0,18.8,B
2021-07-13T13:27:29,1300.0,18.8,B
2021-07-13T13:27:29,1300.0,18.75,B
2021-07-13T13:27:29,1500.0,18.75,B
2021-07-13T13:27:18,100.0,18.75,B
2021-07-13T13:26:35,100.0,18.7,B
2021-07-13T13:26:32,200.0,18.7,B
2021-07-13T13:26:28,1000.0,18.7,B
2021-07-13T13:26:13,100.0,18.7,B
2021-07-13T13:26:02,100.0,18.7,B
2021-07-13T13:25:57,1000.0,18.7,B
2021-07-13T13:25:55,500.0,18.7,B
2021-07-13T13:25:38,200.0,18.7,B
2021-07-13T13:24:54,100.0,18.6,B
2021-07-13T13:24:54,200.0,18.6,B
2021-07-13T13:24:51,500.0,18.6,B
2021-07-13T13:24:50,700.0,18.6,B
2021-07-13T13:24:48,3000.0,18.6,B
2021-07-13T13:24:48,1000.0,18.55,S
2021-07-13T13:24:44,500.0,18.6,B
2021-07-13T13:24:36,2500.0,18.55,B
2021-07-13T13:24:26,200.0,18.55,B
2021-07-13T13:24:24,200.0,18.55,B
2021-07-13T13:24:22,1000.0,18.55,B
2021-07-13T13:24:22,300.0,18.5,S
2021-07-13T13:24:16,5000.0,18.55,B
2021-07-13T13:24:08,400.0,18.55,B
2021-07-13T13:24:05,1600.0,18.5,S
2021-07-13T13:24:05,500.0,18.55,B
2021-07-13T13:24:03,1000.0,18.55,B
2021-07-13T13:24:02,100.0,18.55,B
2021-07-13T13:23:57,1000.0,18.5,S
2021-07-13T13:23:52,500.0,18.5,S
2021-07-13T13:23:48,1600.0,18.55,B
2021-07-13T13:23:45,400.0,18.55,B
2021-07-13T13:23:43,1000.0,18.5,S
2021-07-13T13:23:25,700.0,18.5,S
2021-07-13T13:23:25,800.0,18.5,S
2021-07-13T13:23:25,2000.0,18.55,B
2021-07-13T13:23:23,400.0,18.5,S
2021-07-13T13:23:23,200.0,18.5,S
2021-07-13T13:23:11,400.0,18.55,B
2021-07-13T13:23:02,3000.0,18.55,S
2021-07-13T13:22:59,2300.0,18.55,S
2021-07-13T13:22:58,100.0,18.55,S
2021-07-13T13:22:46,500.0,18.55,S
2021-07-13T13:22:28,1000.0,18.55,S
2021-07-13T13:22:27,300.0,18.6,B
2021-07-13T13:22:23,2000.0,18.55,S
2021-07-13T13:22:12,100.0,18.6,B
2021-07-13T13:21:57,100.0,18.6,B
2021-07-13T13:21:47,3700.0,18.6,S
2021-07-13T13:21:46,5000.0,18.6,S
2021-07-13T13:21:42,1000.0,18.6,S
2021-07-13T13:21:37,100.0,18.6,S
2021-07-13T13:21:35,10000.0,18.6,S
2021-07-13T13:21:34,400.0,18.6,S
2021-07-13T13:21:29,1400.0,18.6,S
2021-07-13T13:21:23,10000.0,18.6,S
2021-07-13T13:21:16,200.0,18.6,S
2021-07-13T13:21:11,300.0,18.6,S
2021-07-13T13:21:10,3200.0,18.6,S
2021-07-13T13:21:10,42800.0,18.6,S
2021-07-13T13:20:42,11500.0,18.6,S
2021-07-13T13:20:42,2200.0,18.6,S
2021-07-13T13:20:42,6300.0,18.6,S
2021-07-13T13:20:42,6200.0,18.6,S
2021-07-13T13:20:42,12300.0,18.6,S
2021-07-13T13:20:42,11500.0,18.6,S
2021-07-13T13:20:33,1300.0,18.6,S
2021-07-13T13:20:11,5000.0,18.65,B
2021-07-13T13:20:08,1100.0,18.65,S
2021-07-13T13:20:05,1000.0,18.65,S
2021-07-13T13:19:58,5000.0,18.65,S
2021-07-13T13:19:55,100.0,18.65,S
2021-07-13T13:19:55,17500.0,18.65,S
2021-07-13T13:19:55,2500.0,18.65,S
2021-07-13T13:19:52,100.0,18.7,B
2021-07-13T13:19:48,100.0,18.65,S
2021-07-13T13:19:38,10000.0,18.65,S
2021-07-13T13:19:25,200.0,18.65,S
2021-07-13T13:19:25,19800.0,18.65,S
2021-07-13T13:19:05,6300.0,18.7,S
2021-07-13T13:19:05,22600.0,18.7,S
2021-07-13T13:18:52,3100.0,18.7,S
2021-07-13T13:18:52,1900.0,18.7,S
2021-07-13T13:18:26,1000.0,18.7,S
2021-07-13T13:18:25,2000.0,18.7,S
2021-07-13T13:18:19,2400.0,18.7,S
2021-07-13T13:18:18,1200.0,18.7,S
2021-07-13T13:18:10,1200.0,18.7,S
2021-07-13T13:18:02,1200.0,18.7,S
2021-07-13T13:17:55,600.0,18.7,S
2021-07-13T13:17:47,600.0,18.7,S
2021-07-13T13:17:44,100.0,18.75,B
2021-07-13T13:17:40,800.0,18.7,S
2021-07-13T13:17:38,600.0,18.7,S
2021-07-13T13:17:30,600.0,18.7,S
2021-07-13T13:17:20,800.0,18.7,S
2021-07-13T13:16:45,100.0,18.7,S
2021-07-13T13:16:45,900.0,18.7,S
2021-07-13T13:16:40,1800.0,18.75,S
2021-07-13T13:16:15,500.0,18.75,S
2021-07-13T13:16:02,100.0,18.75,S
2021-07-13T13:15:38,200.0,18.75,S
2021-07-13T13:15:38,300.0,18.75,S
2021-07-13T13:15:32,100.0,18.8,B
2021-07-13T13:15:04,1800.0,18.8,B
2021-07-13T13:14:19,1000.0,18.8,B
2021-07-13T13:14:12,100.0,18.8,B
2021-07-13T13:13:27,100.0,18.8,B
2021-07-13T13:13:24,100.0,18.8,B
2021-07-13T13:11:24,1200.0,18.8,S
2021-07-13T13:11:24,200.0,18.8,S
2021-07-13T13:11:20,100.0,18.85,B
2021-07-13T13:11:00,1000.0,18.85,B
2021-07-13T13:10:35,100.0,18.85,B
2021-07-13T13:10:14,400.0,18.85,B
2021-07-13T13:09:57,200.0,18.8,S
2021-07-13T13:09:19,100.0,18.85,B
2021-07-13T13:08:25,700.0,18.8,B
2021-07-13T13:07:14,100.0,18.8,B
2021-07-13T13:07:03,1000.0,18.75,S
2021-07-13T13:05:18,1000.0,18.8,B
2021-07-13T13:05:07,100.0,18.8,B
2021-07-13T13:04:55,2000.0,18.8,B
2021-07-13T13:03:40,1600.0,18.8,B
2021-07-13T13:03:40,100.0,18.75,B
2021-07-13T13:03:40,1400.0,18.75,B
2021-07-13T13:03:31,900.0,18.75,B
2021-07-13T13:02:57,100.0,18.75,B
2021-07-13T13:02:55,300.0,18.75,B
2021-07-13T13:02:10,100.0,18.75,B
2021-07-13T13:01:34,900.0,18.75,B
2021-07-13T13:01:24,1000.0,18.75,B
2021-07-13T13:01:12,100.0,18.75,B
2021-07-13T13:01:04,800.0,18.75,B
2021-07-13T13:00:54,100.0,18.75,B
2021-07-13T13:00:16,100.0,18.75,B
2021-07-13T13:00:10,1500.0,18.7,S
2021-07-13T13:00:10,500.0,18.7,S
2021-07-13T13:00:10,2200.0,18.7,S
2021-07-13T13:00:10,1000.0,18.7,S
2021-07-13T13:00:10,2800.0,18.7,S
2021-07-13T13:00:10,5300.0,18.7,S
2021-07-13T13:00:10,2400.0,18.7,S
2021-07-13T13:00:10,700.0,18.7,S
2021-07-13T13:00:10,1100.0,18.7,S
2021-07-13T13:00:10,24500.0,18.7,S
2021-07-13T13:00:09,1300.0,18.8,B
2021-07-13T13:00:06,100.0,18.75,S
2021-07-13T13:00:03,4500.0,18.75,B
2021-07-13T13:00:03,700.0,18.7,S
2021-07-13T13:00:01,200.0,18.7,S
2021-07-13T11:29:55,5300.0,18.7,S
2021-07-13T11:29:51,200.0,18.75,B
2021-07-13T11:29:48,2000.0,18.75,B
2021-07-13T11:29:36,200.0,18.75,B
2021-07-13T11:29:05,1000.0,18.75,B
2021-07-13T11:28:31,100.0,18.75,B
2021-07-13T11:28:28,500.0,18.75,B
2021-07-13T11:27:46,500.0,18.75,S
2021-07-13T11:27:46,300.0,18.75,S
2021-07-13T11:27:46,11400.0,18.75,S
2021-07-13T11:27:46,1000.0,18.75,S
2021-07-13T11:27:46,500.0,18.75,S
2021-07-13T11:27:46,1900.0,18.75,S
2021-07-13T11:27:46,700.0,18.75,S
2021-07-13T11:27:46,2200.0,18.75,S
2021-07-13T11:27:46,5600.0,18.75,S
2021-07-13T11:27:46,600.0,18.75,S
2021-07-13T11:27:46,100.0,18.75,S
2021-07-13T11:27:46,8700.0,18.75,S
2021-07-13T11:27:38,1200.0,18.75,S
2021-07-13T11:27:31,1200.0,18.75,S
2021-07-13T11:27:29,400.0,18.75,S
2021-07-13T11:27:29,400.0,18.75,S
2021-07-13T11:27:23,800.0,18.75,S
2021-07-13T11:27:20,600.0,18.75,S
2021-07-13T11:27:11,600.0,18.75,S
2021-07-13T11:27:04,600.0,18.75,S
2021-07-13T11:26:57,600.0,18.75,S
2021-07-13T11:26:48,100.0,18.75,S
2021-07-13T11:26:48,100.0,18.75,S
2021-07-13T11:26:48,400.0,18.75,S
2021-07-13T11:26:29,800.0,18.75,S
2021-07-13T11:26:10,1200.0,18.75,S
2021-07-13T11:26:07,100.0,18.85,B
2021-07-13T11:26:03,600.0,18.75,S
2021-07-13T11:25:56,600.0,18.75,S
2021-07-13T11:25:50,600.0,18.75,S
2021-07-13T11:25:43,400.0,18.75,S
2021-07-13T11:25:43,200.0,18.8,S
2021-07-13T11:25:24,800.0,18.8,S
2021-07-13T11:25:24,6200.0,18.8,S
2021-07-13T11:25:22,700.0,18.8,S
2021-07-13T11:24:59,100.0,18.8,S
2021-07-13T11:24:33,600.0,18.85,B
2021-07-13T11:24:03,100.0,18.85,B
2021-07-13T11:23:30,2500.0,18.8,S
2021-07-13T11:22:36,100.0,18.8,S
2021-07-13T11:22:15,100.0,18.8,S
2021-07-13T11:21:34,1000.0,18.8,B
2021-07-13T11:21:17,1300.0,18.8,B
2021-07-13T11:20:57,6000.0,18.8,B
2021-07-13T11:20:57,200.0,18.8,S
2021-07-13T11:20:57,6500.0,18.8,S
2021-07-13T11:20:43,500.0,18.85,S
2021-07-13T11:20:40,9500.0,18.85,B
2021-07-13T11:20:31,2800.0,18.8,S
2021-07-13T11:20:21,100.0,18.85,B
2021-07-13T11:19:07,800.0,18.85,S
2021-07-13T11:19:04,200.0,18.85,S
2021-07-13T11:18:33,100.0,18.85,B
2021-07-13T11:18:16,500.0,18.8,S
2021-07-13T11:16:51,800.0,18.8,S
2021-07-13T11:16:47,1500.0,18.8,S
2021-07-13T11:16:14,1000.0,18.8,S
2021-07-13T11:15:50,3000.0,18.8,S
2021-07-13T11:15:01,100.0,18.8,S
2021-07-13T11:15:01,100.0,18.8,S
2021-07-13T11:15:01,100.0,18.8,S
2021-07-13T11:15:01,600.0,18.8,S
2021-07-13T11:15:01,100.0,18.8,S
2021-07-13T11:15:01,100.0,18.8,S
2021-07-13T11:15:01,200.0,18.8,S
2021-07-13T11:15:01,700.0,18.8,S
2021-07-13T11:14:37,9000.0,18.8,S
2021-07-13T11:14:08,800.0,18.85,S
2021-07-13T11:13:18,100.0,18.85,S
2021-07-13T11:13:03,500.0,18.9,B
2021-07-13T11:13:03,2500.0,18.9,B
2021-07-13T11:12:59,800.0,18.85,S
2021-07-13T11:12:32,1000.0,18.85,S
2021-07-13T11:12:22,800.0,18.85,S
2021-07-13T11:12:14,100.0,18.9,B
2021-07-13T11:11:48,100.0,18.9,B
2021-07-13T11:11:40,600.0,18.85,S
2021-07-13T11:10:40,1000.0,18.9,B
2021-07-13T11:10:34,5000.0,18.85,S
2021-07-13T11:10:34,5000.0,18.85,S
2021-07-13T11:10:09,100.0,18.9,B
2021-07-13T11:09:46,500.0,18.9,B
2021-07-13T11:08:12,500.0,18.9,S
2021-07-13T11:08:02,100.0,18.95,B
2021-07-13T11:07:55,200.0,18.9,S
2021-07-13T11:07:55,300.0,18.9,S
2021-07-13T11:07:31,800.0,18.9,S
2021-07-13T11:06:52,2000.0,18.9,S
2021-07-13T11:06:39,500.0,18.9,S
2021-07-13T11:06:37,100.0,18.95,B
2021-07-13T11:06:23,800.0,18.9,S
2021-07-13T11:05:59,100.0,18.95,B
2021-07-13T11:05:54,500.0,18.95,B
2021-07-13T11:05:45,800.0,18.9,S
2021-07-13T11:05:26,10000.0,18.9,S
2021-07-13T11:05:16,1000.0,18.9,S
2021-07-13T11:05:15,200.0,18.9,S
2021-07-13T11:04:52,100.0,18.9,S
2021-07-13T11:04:33,100.0,18.9,S
2021-07-13T11:04:24,2000.0,18.9,S
2021-07-13T11:04:06,200.0,18.9,S
2021-07-13T11:03:52,100.0,18.95,B
2021-07-13T11:03:30,500.0,18.9,S
2021-07-13T11:03:12,1000.0,18.95,B
2021-07-13T11:02:49,1000.0,18.95,B
2021-07-13T11:02:41,100.0,18.95,B
2021-07-13T11:02:27,1000.0,18.95,B
2021-07-13T11:02:23,100.0,18.9,S
2021-07-13T11:02:16,100.0,18.9,S
2021-07-13T11:01:47,100.0,18.95,B
2021-07-13T11:00:04,300.0,18.95,B
2021-07-13T10:59:28,700.0,18.95,B
2021-07-13T10:58:47,1000.0,18.95,B
2021-07-13T10:58:30,300.0,18.95,B
2021-07-13T10:57:55,800.0,18.9,S
2021-07-13T10:57:50,100.0,18.95,B
2021-07-13T10:57:32,1200.0,18.9,S
2021-07-13T10:56:17,200.0,18.9,S
2021-07-13T10:55:46,100.0,18.95,B
2021-07-13T10:55:27,1700.0,18.95,B
2021-07-13T10:55:27,100.0,18.95,B
2021-07-13T10:55:27,8200.0,18.95,B
2021-07-13T10:54:55,5000.0,18.9,S
2021-07-13T10:54:45,2100.0,18.9,S
2021-07-13T10:54:41,500.0,18.9,S
2021-07-13T10:54:41,1000.0,18.9,S
2021-07-13T10:53:45,2000.0,18.9,S
2021-07-13T10:53:38,100.0,18.95,B
2021-07-13T10:53:36,100.0,18.95,B
2021-07-13T10:53:21,100.0,18.95,B
2021-07-13T10:53:17,100.0,18.95,B
2021-07-13T10:53:01,1500.0,18.95,B
2021-07-13T10:53:00,3300.0,18.95,B
2021-07-13T10:52:55,4000.0,18.95,B
2021-07-13T10:52:55,200.0,18.95,B
2021-07-13T10:51:34,100.0,18.95,B
2021-07-13T10:51:20,6000.0,18.95,B
2021-07-13T10:49:33,500.0,18.95,B
2021-07-13T10:49:25,100.0,18.95,B
2021-07-13T10:49:17,2300.0,18.95,B
2021-07-13T10:48:16,100.0,18.95,B
2021-07-13T10:47:58,1000.0,18.9,S
2021-07-13T10:47:44,100.0,18.9,S
2021-07-13T10:47:31,5000.0,18.9,S
2021-07-13T10:47:22,400.0,18.9,S
2021-07-13T10:47:22,100.0,18.95,B
2021-07-13T10:47:17,200.0,18.9,S
2021-07-13T10:47:03,100.0,18.9,S
2021-07-13T10:46:48,1000.0,18.9,S
2021-07-13T10:46:24,3000.0,18.9,S
2021-07-13T10:45:15,100.0,18.95,B
2021-07-13T10:44:56,200.0,18.95,B
2021-07-13T10:44:54,300.0,18.9,S
2021-07-13T10:44:44,100.0,18.9,S
2021-07-13T10:44:36,100.0,18.9,S
2021-07-13T10:44:35,5000.0,18.95,B
2021-07-13T10:44:26,100.0,18.95,B
2021-07-13T10:43:49,100.0,18.95,B
2021-07-13T10:43:27,5700.0,18.95,S
2021-07-13T10:43:25,500.0,18.95,S
2021-07-13T10:43:21,1800.0,19.0,B
2021-07-13T10:43:21,100.0,18.95,S
2021-07-13T10:43:20,500.0,18.95,S
2021-07-13T10:43:19,100.0,18.95,S
2021-07-13T10:43:12,1000.0,18.95,S
2021-07-13T10:43:07,100.0,19.0,B
2021-07-13T10:43:04,100.0,18.95,S
2021-07-13T10:42:55,400.0,18.95,S
2021-07-13T10:42:53,200.0,19.0,B
2021-07-13T10:42:53,1000.0,18.95,S
2021-07-13T10:42:46,500.0,18.95,S
2021-07-13T10:42:46,100.0,18.95,S
2021-07-13T10:42:32,400.0,18.95,S
2021-07-13T10:42:30,300.0,18.95,S
2021-07-13T10:42:20,1200.0,18.95,S
2021-07-13T10:42:19,1000.0,18.95,S
2021-07-13T10:42:18,100.0,19.0,B
2021-07-13T10:42:17,200.0,18.95,S
2021-07-13T10:42:15,4000.0,19.0,B
2021-07-13T10:42:13,500.0,18.95,S
2021-07-13T10:42:11,100.0,18.95,S
2021-07-13T10:41:33,9900.0,19.0,B
2021-07-13T10:41:33,5200.0,19.0,B
2021-07-13T10:41:33,1200.0,19.0,B
2021-07-13T10:41:33,400.0,19.0,B
2021-07-13T10:41:33,700.0,19.0,B
2021-07-13T10:41:33,900.0,19.0,B
2021-07-13T10:41:33,900.0,19.0,B
2021-07-13T10:41:33,2100.0,19.0,B
2021-07-13T10:41:33,3000.0,19.0,B
2021-07-13T10:41:33,2300.0,19.0,B
2021-07-13T10:41:33,3400.0,18.95,B
2021-07-13T10:41:26,1000.0,18.95,B
2021-07-13T10:41:14,500.0,18.95,B
2021-07-13T10:41:04,100.0,18.95,B
2021-07-13T10:41:04,1200.0,18.95,B
2021-07-13T10:41:00,100.0,18.95,B
2021-07-13T10:41:00,600.0,18.95,B
2021-07-13T10:40:16,200.0,18.95,B
2021-07-13T10:39:56,1000.0,18.95,B
2021-07-13T10:39:17,1000.0,18.95,B
2021-07-13T10:39:13,20000.0,18.95,B
2021-07-13T10:39:11,200.0,18.95,B
2021-07-13T10:39:11,1000.0,18.95,B
2021-07-13T10:39:05,300.0,18.95,B
2021-07-13T10:38:58,100.0,18.95,B
2021-07-13T10:38:44,1000.0,18.9,S
2021-07-13T10:38:42,1500.0,18.95,B
2021-07-13T10:38:41,3000.0,18.95,B
2021-07-13T10:38:37,600.0,18.95,B
2021-07-13T10:38:34,1000.0,18.95,B
2021-07-13T10:37:56,1000.0,18.95,B
2021-07-13T10:37:53,4000.0,18.95,B
2021-07-13T10:37:38,500.0,18.95,B
2021-07-13T10:37:35,10000.0,18.95,B
2021-07-13T10:36:59,100.0,18.95,B
2021-07-13T10:36:54,100.0,18.95,B
2021-07-13T10:36:20,300.0,18.95,B
2021-07-13T10:35:59,1600.0,18.95,B
2021-07-13T10:35:32,100.0,18.95,B
2021-07-13T10:35:00,1000.0,18.9,B
2021-07-13T10:35:00,1300.0,18.9,B
2021-07-13T10:35:00,2100.0,18.9,B
2021-07-13T10:35:00,3600.0,18.9,B
2021-07-13T10:35:00,500.0,18.9,B
2021-07-13T10:35:00,16800.0,18.9,B
2021-07-13T10:34:54,200.0,18.8,S
2021-07-13T10:34:53,100.0,18.9,B
2021-07-13T10:34:13,1600.0,18.9,B
2021-07-13T10:33:40,5000.0,18.9,B
2021-07-13T10:32:44,100.0,18.9,B
2021-07-13T10:31:58,3000.0,18.8,S
2021-07-13T10:31:15,1600.0,18.9,B
2021-07-13T10:30:36,600.0,18.85,B
2021-07-13T10:30:32,100.0,18.85,B
2021-07-13T10:30:26,600.0,18.85,B
2021-07-13T10:30:19,3600.0,18.85,B
2021-07-13T10:30:17,600.0,18.85,B
2021-07-13T10:30:10,16000.0,18.8,S
2021-07-13T10:30:09,1600.0,18.85,B
2021-07-13T10:30:07,600.0,18.85,B
2021-07-13T10:29:57,600.0,18.85,B
2021-07-13T10:29:53,200.0,18.8,S
2021-07-13T10:29:46,800.0,18.8,B
2021-07-13T10:29:39,1000.0,18.8,B
2021-07-13T10:29:27,200.0,18.8,S
2021-07-13T10:29:23,1000.0,18.8,S
2021-07-13T10:29:17,1600.0,18.85,B
2021-07-13T10:28:28,100.0,18.85,B
2021-07-13T10:28:20,100.0,18.8,S
2021-07-13T10:28:14,5000.0,18.8,S
2021-07-13T10:27:46,100.0,18.8,S
2021-07-13T10:27:38,100.0,18.8,S
2021-07-13T10:26:24,1800.0,18.8,B
2021-07-13T10:26:17,100.0,18.8,B
2021-07-13T10:25:32,100.0,18.8,B
2021-07-13T10:25:21,200.0,18.8,B
2021-07-13T10:25:15,1400.0,18.8,B
2021-07-13T10:24:29,100.0,18.75,S
2021-07-13T10:24:11,300.0,18.75,S
2021-07-13T10:24:09,100.0,18.8,B
2021-07-13T10:22:55,400.0,18.75,S
2021-07-13T10:22:29,200.0,18.8,B
2021-07-13T10:22:14,100.0,18.8,B
2021-07-13T10:22:11,3000.0,18.8,B
2021-07-13T10:21:58,100.0,18.8,B
2021-07-13T10:21:39,3600.0,18.8,S
2021-07-13T10:21:38,600.0,18.85,B
2021-07-13T10:21:23,400.0,18.85,B
2021-07-13T10:21:23,200.0,18.85,B
2021-07-13T10:20:57,100.0,18.85,B
2021-07-13T10:20:34,100.0,18.85,B
2021-07-13T10:19:52,100.0,18.85,B
2021-07-13T10:19:50,2700.0,18.8,S
2021-07-13T10:19:28,1000.0,18.8,B
2021-07-13T10:19:19,100.0,18.8,B
2021-07-13T10:18:52,500.0,18.8,B
2021-07-13T10:18:50,100.0,18.8,B
2021-07-13T10:18:32,2000.0,18.8,B
2021-07-13T10:17:43,100.0,18.8,B
2021-07-13T10:17:00,200.0,18.8,B
2021-07-13T10:16:49,200.0,18.8,B
2021-07-13T10:16:24,2000.0,18.75,S
2021-07-13T10:16:03,1200.0,18.75,S
2021-07-13T10:15:41,100.0,18.8,B
2021-07-13T10:15:22,1900.0,18.8,S
2021-07-13T10:15:15,200.0,18.8,S
2021-07-13T10:15:15,600.0,18.8,S
2021-07-13T10:14:33,200.0,18.8,S
2021-07-13T10:14:27,300.0,18.8,S
2021-07-13T10:14:22,400.0,18.8,B
2021-07-13T10:14:12,100.0,18.8,B
2021-07-13T10:13:40,1000.0,18.8,B
2021-07-13T10:13:35,100.0,18.8,B
2021-07-13T10:13:13,10000.0,18.75,S
2021-07-13T10:13:00,500.0,18.75,S
2021-07-13T10:12:57,16000.0,18.8,B
2021-07-13T10:12:28,600.0,18.75,S
2021-07-13T10:12:10,500.0,18.8,B
2021-07-13T10:11:31,500.0,18.8,B
2021-07-13T10:11:26,100.0,18.8,B
2021-07-13T10:10:00,1000.0,18.8,B
2021-07-13T10:09:50,2100.0,18.8,B
2021-07-13T10:09:45,10000.0,18.75,S
2021-07-13T10:09:21,100.0,18.8,B
2021-07-13T10:08:22,100.0,18.75,S
2021-07-13T10:08:18,500.0,18.8,B
2021-07-13T10:07:41,200.0,18.75,B
2021-07-13T10:07:41,10300.0,18.75,B
2021-07-13T10:07:41,200.0,18.75,B
2021-07-13T10:07:32,10000.0,18.75,B
2021-07-13T10:07:27,5000.0,18.75,B
2021-07-13T10:07:15,100.0,18.75,B
2021-07-13T10:07:10,100.0,18.75,B
2021-07-13T10:06:48,1000.0,18.75,B
2021-07-13T10:06:42,100.0,18.75,B
2021-07-13T10:06:38,2000.0,18.75,B
2021-07-13T10:06:29,1800.0,18.75,B
2021-07-13T10:06:18,100.0,18.75,B
2021-07-13T10:06:05,200.0,18.75,B
2021-07-13T10:05:44,100.0,18.7,S
2021-07-13T10:05:06,100.0,18.75,B
2021-07-13T10:04:45,1700.0,18.7,S
2021-07-13T10:04:45,2300.0,18.7,S
2021-07-13T10:04:37,200.0,18.75,B
2021-07-13T10:04:23,10000.0,18.75,B
2021-07-13T10:03:42,2000.0,18.75,B
2021-07-13T10:03:15,100.0,18.75,B
2021-07-13T10:02:59,100.0,18.75,B
2021-07-13T10:02:56,100.0,18.75,B
2021-07-13T10:02:42,39600.0,18.7,S
2021-07-13T10:02:27,600.0,18.7,B
2021-07-13T10:02:19,600.0,18.7,B
2021-07-13T10:02:12,600.0,18.7,B
2021-07-13T10:01:05,500.0,18.65,S
2021-07-13T10:00:49,100.0,18.7,B
2021-07-13T10:00:40,500.0,18.7,B
2021-07-13T09:59:39,2000.0,18.7,B
2021-07-13T09:59:18,100.0,18.7,B
2021-07-13T09:59:12,1000.0,18.65,S
2021-07-13T09:58:42,100.0,18.7,B
2021-07-13T09:58:33,500.0,18.7,B
2021-07-13T09:58:30,2000.0,18.65,S
2021-07-13T09:57:54,2000.0,18.65,S
2021-07-13T09:57:53,500.0,18.65,S
2021-07-13T09:57:35,20000.0,18.65,S
2021-07-13T09:56:46,400.0,18.65,S
2021-07-13T09:56:46,500.0,18.65,S
2021-07-13T09:56:46,1100.0,18.65,S
2021-07-13T09:56:38,100.0,18.7,B
2021-07-13T09:56:25,2000.0,18.65,S
2021-07-13T09:56:16,200.0,18.65,S
2021-07-13T09:55:44,1100.0,18.65,S
2021-07-13T09:55:27,100.0,18.7,B
2021-07-13T09:55:21,500.0,18.65,S
2021-07-13T09:55:18,900.0,18.65,S
2021-07-13T09:55:18,100.0,18.65,S
2021-07-13T09:54:34,100.0,18.7,B
2021-07-13T09:54:31,100.0,18.65,S
2021-07-13T09:54:29,400.0,18.65,S
2021-07-13T09:54:23,600.0,18.65,S
2021-07-13T09:54:22,3000.0,18.7,S
2021-07-13T09:54:22,10800.0,18.7,S
2021-07-13T09:54:22,1500.0,18.7,S
2021-07-13T09:54:22,3100.0,18.7,S
2021-07-13T09:54:22,1000.0,18.7,S
2021-07-13T09:54:22,40100.0,18.7,S
2021-07-13T09:54:22,5400.0,18.7,S
2021-07-13T09:54:22,100.0,18.7,S
2021-07-13T09:54:09,28000.0,18.7,S
2021-07-13T09:53:52,1000.0,18.7,S
2021-07-13T09:53:47,100.0,18.7,S
2021-07-13T09:53:45,1100.0,18.7,S
2021-07-13T09:53:05,100.0,18.7,S
2021-07-13T09:52:49,100.0,18.75,B
2021-07-13T09:52:32,100.0,18.75,B
2021-07-13T09:52:26,1000.0,18.7,S
2021-07-13T09:52:23,1000.0,18.7,S
2021-07-13T09:52:18,100.0,18.7,S
2021-07-13T09:52:16,200.0,18.7,S
2021-07-13T09:51:46,1000.0,18.7,S
2021-07-13T09:51:39,2000.0,18.7,S
2021-07-13T09:51:33,2000.0,18.7,S
2021-07-13T09:51:01,3900.0,18.75,S
2021-07-13T09:51:01,800.0,18.75,S
2021-07-13T09:51:01,1700.0,18.75,S
2021-07-13T09:51:01,5100.0,18.75,S
2021-07-13T09:51:01,2900.0,18.75,S
2021-07-13T09:50:59,600.0,18.75,S
2021-07-13T09:50:57,900.0,18.75,S
2021-07-13T09:50:55,500.0,18.75,S
2021-07-13T09:50:52,600.0,18.75,S
2021-07-13T09:50:42,600.0,18.75,S
2021-07-13T09:50:35,400.0,18.75,S
2021-07-13T09:50:35,500.0,18.8,B
2021-07-13T09:50:35,800.0,18.75,S
2021-07-13T09:50:32,600.0,18.75,S
2021-07-13T09:50:29,500.0,18.75,S
2021-07-13T09:50:22,100.0,18.8,B
2021-07-13T09:50:21,600.0,18.75,S
2021-07-13T09:50:15,800.0,18.75,S
2021-07-13T09:50:14,500.0,18.75,S
2021-07-13T09:50:14,400.0,18.75,S
2021-07-13T09:50:00,500.0,18.75,S
2021-07-13T09:49:56,5000.0,18.75,S
2021-07-13T09:49:54,600.0,18.75,S
2021-07-13T09:49:12,100.0,18.8,B
2021-07-13T09:48:11,100.0,18.8,B
2021-07-13T09:47:35,200.0,18.8,B
2021-07-13T09:47:02,5000.0,18.8,B
2021-07-13T09:46:39,200.0,18.8,B
2021-07-13T09:46:35,17000.0,18.8,B
2021-07-13T09:46:24,2000.0,18.75,S
2021-07-13T09:46:11,200.0,18.75,S
2021-07-13T09:46:09,100.0,18.8,B
2021-07-13T09:45:59,1300.0,18.8,B
2021-07-13T09:45:45,200.0,18.75,S
2021-07-13T09:45:21,1100.0,18.75,S
2021-07-13T09:43:59,2000.0,18.8,B
2021-07-13T09:43:57,100.0,18.85,B
2021-07-13T09:43:52,700.0,18.85,B
2021-07-13T09:43:26,200.0,18.85,B
2021-07-13T09:43:26,900.0,18.85,B
2021-07-13T09:42:38,200.0,18.85,B
2021-07-13T09:41:51,100.0,18.85,B
2021-07-13T09:41:18,1000.0,18.85,B
2021-07-13T09:41:05,400.0,18.75,S
2021-07-13T09:40:05,100.0,18.75,S
2021-07-13T09:40:05,700.0,18.75,S
2021-07-13T09:39:42,100.0,18.85,B
2021-07-13T09:39:26,100.0,18.8,B
2021-07-13T09:38:39,200.0,18.75,S
2021-07-13T09:38:37,200.0,18.8,B
2021-07-13T09:37:57,400.0,18.75,S
2021-07-13T09:37:35,100.0,18.85,B
2021-07-13T09:37:25,5000.0,18.7,S
2021-07-13T09:36:56,5700.0,18.7,S
2021-07-13T09:36:56,11400.0,18.7,S
2021-07-13T09:36:56,4000.0,18.7,S
2021-07-13T09:36:56,20300.0,18.7,S
2021-07-13T09:36:56,2200.0,18.75,S
2021-07-13T09:36:56,13000.0,18.75,S
2021-07-13T09:36:56,1200.0,18.75,S
2021-07-13T09:36:56,100.0,18.75,S
2021-07-13T09:36:56,100.0,18.75,S
2021-07-13T09:36:56,600.0,18.75,S
2021-07-13T09:36:56,500.0,18.75,S
2021-07-13T09:36:54,5300.0,18.75,S
2021-07-13T09:36:54,15600.0,18.75,S
2021-07-13T09:36:51,100.0,18.85,B
2021-07-13T09:36:32,1900.0,18.8,S
2021-07-13T09:36:32,3100.0,18.8,S
2021-07-13T09:36:25,200.0,18.8,S
2021-07-13T09:36:23,500.0,18.85,B
2021-07-13T09:36:17,100.0,18.8,S
2021-07-13T09:36:01,100.0,18.8,S
2021-07-13T09:35:54,200.0,18.8,S
2021-07-13T09:35:30,100.0,18.8,S
2021-07-13T09:35:27,100.0,18.85,B
2021-07-13T09:35:22,400.0,18.8,S
2021-07-13T09:35:19,4500.0,18.8,B
2021-07-13T09:35:16,500.0,18.8,S
2021-07-13T09:35:10,100.0,18.8,S
2021-07-13T09:35:10,300.0,18.8,S
2021-07-13T09:35:09,400.0,18.8,S
2021-07-13T09:35:07,300.0,18.8,S
2021-07-13T09:35:07,1700.0,18.8,S
2021-07-13T09:35:07,5000.0,18.8,S
2021-07-13T09:34:53,400.0,18.8,S
2021-07-13T09:34:19,100.0,18.9,B
2021-07-13T09:34:10,100.0,18.9,B
2021-07-13T09:33:57,500.0,18.9,B
2021-07-13T09:33:54,4000.0,18.8,S
2021-07-13T09:33:51,100.0,18.9,B
2021-07-13T09:33:40,2200.0,18.9,S
2021-07-13T09:33:30,2500.0,18.95,B
2021-07-13T09:33:24,5000.0,18.95,B
2021-07-13T09:33:23,100.0,18.9,S
2021-07-13T09:33:21,100.0,18.95,B
2021-07-13T09:33:18,100.0,18.9,S
2021-07-13T09:33:11,1000.0,18.9,S
2021-07-13T09:32:39,5000.0,19.0,B
2021-07-13T09:32:36,100.0,19.0,B
2021-07-13T09:32:30,1000.0,19.0,B
2021-07-13T09:32:25,1700.0,19.0,B
2021-07-13T09:32:11,2500.0,19.0,B
2021-07-13T09:31:57,2500.0,19.0,B
2021-07-13T09:31:44,2500.0,19.0,B
2021-07-13T09:31:26,1000.0,18.95,B
2021-07-13T09:31:17,100.0,18.95,B
2021-07-13T09:31:12,500.0,18.9,B
2021-07-13T09:31:06,400.0,18.9,B
2021-07-13T09:30:58,900.0,18.9,B
2021-07-13T09:30:58,100.0,18.9,B
2021-07-13T09:30:41,100.0,18.9,B
2021-07-13T09:30:39,200.0,18.9,B
2021-07-13T09:30:28,100.0,18.9,B
2021-07-13T09:29:54,500.0,18.8,S
2021-07-13T09:29:46,900.0,18.9,B
2021-07-13T09:29:46,4100.0,18.9,B
2021-07-13T09:29:41,100.0,18.8,B
2021-07-13T09:29:34,1500.0,18.8,S
2021-07-13T09:29:32,100.0,18.8,B
2021-07-13T09:29:31,1000.0,18.8,B
2021-07-13T09:29:30,100.0,18.8,B
2021-07-13T09:29:23,100.0,18.8,B
2021-07-13T09:29:14,100.0,18.8,B
2021-07-13T09:29:07,100.0,18.8,B
2021-07-13T09:29:05,600.0,18.8,B
2021-07-13T09:29:05,400.0,18.8,B
2021-07-13T09:29:05,2700.0,18.7,S
2021-07-13T09:29:05,4600.0,18.7,S
2021-07-13T09:29:05,5600.0,18.7,S
2021-07-13T09:29:05,2100.0,18.75,S
2021-07-13T09:29:04,1900.0,18.8,B
2021-07-13T09:29:00,100.0,18.8,B
2021-07-13T09:28:56,10000.0,18.8,B
2021-07-13T09:28:50,100.0,18.8,B
2021-07-13T09:28:45,1000.0,18.8,B
2021-07-13T09:28:43,100.0,18.8,B
2021-07-13T09:28:42,5000.0,18.8,B
2021-07-13T09:28:35,5000.0,18.8,B
2021-07-13T09:28:30,600.0,18.8,B
2021-07-13T09:28:30,600.0,18.8,B
2021-07-13T09:28:30,600.0,18.8,B
2021-07-13T09:28:30,400.0,18.8,B
2021-07-13T09:28:21,1000.0,18.75,S
2021-07-13T09:28:12,5000.0,18.8,B
2021-07-13T09:28:09,200.0,18.75,B
2021-07-13T09:28:06,100.0,18.75,B
2021-07-13T09:27:50,2000.0,18.7,S
2021-07-13T09:27:48,1000.0,18.7,S
2021-07-13T09:27:37,2000.0,18.75,B
2021-07-13T09:27:32,200.0,18.7,S
2021-07-13T09:27:32,5000.0,18.75,B
2021-07-13T09:27:25,3000.0,18.75,B
2021-07-13T09:27:20,1000.0,18.7,S
2021-07-13T09:27:04,1500.0,18.7,B
2021-07-13T09:27:02,200.0,18.7,B
2021-07-13T09:27:02,100.0,18.7,B
2021-07-13T09:26:57,300.0,18.7,B
2021-07-13T09:26:56,10000.0,18.7,B
2021-07-13T09:26:56,600.0,18.7,B
2021-07-13T09:26:56,500.0,18.65,S
2021-07-13T09:26:45,600.0,18.7,B
2021-07-13T09:26:38,100.0,18.7,B
2021-07-13T09:26:34,600.0,18.7,B
2021-07-13T09:26:34,13100.0,18.7,S
2021-07-13T09:26:25,100.0,18.75,B
2021-07-13T09:26:18,100.0,18.7,S
2021-07-13T09:26:15,400.0,18.75,B
2021-07-13T09:26:11,100.0,18.75,S
2021-07-13T09:26:11,3700.0,18.75,S
2021-07-13T09:25:59,1200.0,18.8,B
2021-07-13T09:25:59,1000.0,18.75,S
2021-07-13T09:25:58,200.0,18.75,S
2021-07-13T09:25:56,300.0,18.75,S
2021-07-13T09:25:56,700.0,18.75,S
2021-07-13T09:25:46,3000.0,18.75,S
2021-07-13T09:25:43,500.0,18.75,S
2021-07-13T09:25:40,100.0,18.75,S
2021-07-13T09:25:34,1000.0,18.75,S
2021-07-13T09:25:29,900.0,18.75,S
2021-07-13T09:25:26,100.0,18.75,S
2021-07-13T09:25:11,500.0,18.75,S
2021-07-13T09:25:07,5800.0,18.75,B
2021-07-13T09:25:01,100.0,18.75,B
2021-07-13T09:24:54,2000.0,18.75,B
2021-07-13T09:24:53,100.0,18.75,B
2021-07-13T09:24:53,100.0,18.75,B
2021-07-13T09:24:52,1000.0,18.75,B
2021-07-13T09:24:48,1200.0,18.75,B
2021-07-13T09:24:25,3000.0,18.8,B
2021-07-13T09:24:24,500.0,18.75,B
2021-07-13T09:24:21,8000.0,18.7,S
2021-07-13T09:24:20,500.0,18.75,S
2021-07-13T09:24:13,3000.0,18.75,S
2021-07-13T09:24:11,1000.0,18.75,S
2021-07-13T09:24:05,1000.0,18.75,S
2021-07-13T09:23:58,2000.0,18.75,S
2021-07-13T09:23:55,1000.0,18.8,B
2021-07-13T09:23:54,10000.0,18.75,S
2021-07-13T09:23:47,10000.0,18.75,S
2021-07-13T09:23:24,8800.0,18.8,S
2021-07-13T09:23:21,500.0,18.8,S
2021-07-13T09:23:13,1000.0,18.8,S
2021-07-13T09:23:06,1000.0,18.8,S
2021-07-13T09:23:04,4100.0,18.8,S
2021-07-13T09:23:04,100.0,18.8,S
2021-07-13T09:23:04,5800.0,18.8,S
2021-07-13T09:23:02,500.0,18.85,B
2021-07-13T09:23:01,300.0,18.85,S
2021-07-13T09:22:45,1000.0,18.85,B
2021-07-13T09:22:42,100.0,18.9,B
2021-07-13T09:22:18,200.0,18.9,B
2021-07-13T09:22:18,900.0,18.85,B
2021-07-13T09:22:14,100.0,18.85,S
2021-07-13T09:22:06,1000.0,18.9,B
2021-07-13T09:21:58,2900.0,18.9,S
2021-07-13T09:21:57,1000.0,18.9,S
2021-07-13T09:21:57,1000.0,18.9,S
2021-07-13T09:21:56,100.0,18.9,S
2021-07-13T09:21:52,1000.0,18.9,S
2021-07-13T09:21:50,100.0,18.95,B
2021-07-13T09:21:47,5000.0,18.9,S
2021-07-13T09:21:43,300.0,18.9,S
2021-07-13T09:21:35,3000.0,18.9,S
2021-07-13T09:21:08,300.0,18.9,S
2021-07-13T09:21:03,2200.0,18.95,S
2021-07-13T09:20:49,500.0,18.95,S
2021-07-13T09:20:47,300.0,18.95,S
2021-07-13T09:20:47,6000.0,18.95,S
2021-07-13T09:20:46,3400.0,18.95,S
2021-07-13T09:20:24,10000.0,19.0,B
2021-07-13T09:20:24,400.0,18.95,S
2021-07-13T09:20:19,9900.0,19.0,S
2021-07-13T09:20:19,4000.0,19.0,S
2021-07-13T09:20:19,3000.0,19.0,S
2021-07-13T09:20:15,2000.0,19.0,S
2021-07-13T09:20:14,200.0,19.0,S
2021-07-13T09:20:14,100.0,19.0,S
2021-07-13T09:20:11,3000.0,19.0,S
2021-07-13T09:20:11,15000.0,19.0,S
2021-07-13T09:20:10,500.0,19.0,S
2021-07-13T09:20:10,500.0,19.0,S
2021-07-13T09:20:09,100.0,19.1,B
2021-07-13T09:20:05,1000.0,19.0,S
2021-07-13T09:20:04,2000.0,19.0,S
2021-07-13T09:20:00,2000.0,19.0,S
2021-07-13T09:19:58,2000.0,19.0,S
2021-07-13T09:19:55,400.0,19.0,S
2021-07-13T09:19:52,2000.0,19.0,S
2021-07-13T09:19:45,200.0,19.0,S
2021-07-13T09:19:44,2000.0,19.0,S
2021-07-13T09:19:43,800.0,19.0,S
2021-07-13T09:19:38,1200.0,19.0,S
2021-07-13T09:19:32,200.0,19.1,B
2021-07-13T09:19:30,500.0,19.0,S
2021-07-13T09:19:30,200.0,19.0,S
2021-07-13T09:19:25,200.0,19.0,S
2021-07-13T09:19:25,1000.0,19.0,S
2021-07-13T09:19:19,1000.0,19.0,S
2021-07-13T09:19:19,2400.0,19.1,B
2021-07-13T09:19:13,200.0,19.0,S
2021-07-13T09:19:11,1400.0,19.1,B
2021-07-13T09:19:09,200.0,19.0,S
2021-07-13T09:19:02,500.0,19.1,B
2021-07-13T09:18:55,400.0,19.1,S
2021-07-13T09:18:55,200.0,19.1,S
2021-07-13T09:18:51,1400.0,19.05,S
2021-07-13T09:18:51,600.0,19.1,S
2021-07-13T09:18:51,200.0,19.1,S
2021-07-13T09:18:49,200.0,19.1,S
2021-07-13T09:18:46,100.0,19.0,S
2021-07-13T09:18:45,18000.0,19.2,B
2021-07-13T09:18:44,3000.0,19.05,B
2021-07-13T09:18:39,1000.0,19.05,B
2021-07-13T09:18:37,23800.0,19.05,S
2021-07-13T09:18:35,200.0,19.1,S
2021-07-13T09:18:32,300.0,19.15,B
2021-07-13T09:18:31,1200.0,19.15,B
2021-07-13T09:18:30,200.0,19.1,S
2021-07-13T09:18:27,15000.0,19.1,S
2021-07-13T09:18:21,1200.0,19.1,S
2021-07-13T09:18:20,1000.0,19.1,S
2021-07-13T09:18:16,200.0,19.05,S
2021-07-13T09:18:15,100.0,19.15,B
2021-07-13T09:18:14,200.0,19.05,S
2021-07-13T09:18:00,200.0,19.05,S
2021-07-13T09:17:58,200.0,19.05,S
2021-07-13T09:17:57,100.0,19.15,B
2021-07-13T09:17:51,1200.0,19.05,S
2021-07-13T09:17:42,200.0,19.05,S
2021-07-13T09:17:41,700.0,19.05,S
2021-07-13T09:17:39,200.0,19.05,S
2021-07-13T09:17:35,100.0,19.15,B
2021-07-13T09:17:24,200.0,19.0,S
2021-07-13T09:17:20,700.0,19.0,S
2021-07-13T09:17:19,200.0,19.0,S
2021-07-13T09:17:19,200.0,19.0,S
2021-07-13T09:17:18,1000.0,19.0,S
2021-07-13T09:17:09,300.0,19.0,S
2021-07-13T09:16:59,100.0,19.0,S
2021-07-13T09:16:56,1200.0,19.0,S
2021-07-13T09:16:52,900.0,19.2,B
2021-07-13T09:16:42,1200.0,19.0,S
2021-07-13T09:16:42,800.0,19.2,B
2021-07-13T09:16:42,9200.0,19.2,B
2021-07-13T09:16:41,7000.0,19.0,S
2021-07-13T09:16:34,5100.0,19.1,B
2021-07-13T09:16:08,100.0,19.0,B
2021-07-13T09:16:08,11700.0,19.0,B
2021-07-13T09:16:07,5000.0,19.0,B
2021-07-13T09:16:03,5000.0,19.0,B
2021-07-13T09:15:57,500.0,19.0,B
2021-07-13T09:15:54,200.0,18.95,B
2021-07-13T09:15:54,1200.0,18.95,B
2021-07-13T09:15:51,200.0,18.95,B
2021-07-13T09:15:48,4800.0,18.95,B
2021-07-13T09:15:37,1000.0,18.9,B
2021-07-13T09:15:37,9400.0,18.9,B
2021-07-13T09:15:33,1000.0,18.9,B
2021-07-13T09:15:26,600.0,18.9,B
2021-07-13T09:15:06,200.0,18.9,B
