tradingTime,volume,price,side
2021-07-13T14:29:58,10200.0,9.95,B
2021-07-13T14:29:51,1000.0,9.95,B
2021-07-13T14:29:47,2000.0,9.95,B
2021-07-13T14:29:37,100.0,9.92,B
2021-07-13T14:29:23,3000.0,9.9,S
2021-07-13T14:29:23,2000.0,9.9,S
2021-07-13T14:28:35,200.0,9.9,S
2021-07-13T14:28:28,300.0,9.9,S
2021-07-13T14:28:20,1600.0,9.9,S
2021-07-13T14:27:57,200.0,9.9,B
2021-07-13T14:27:52,1000.0,9.9,B
2021-07-13T14:27:35,2000.0,9.9,S
2021-07-13T14:27:35,200.0,9.9,S
2021-07-13T14:27:22,2200.0,9.9,B
2021-07-13T14:27:22,1600.0,9.9,B
2021-07-13T14:27:18,1000.0,9.9,B
2021-07-13T14:27:10,400.0,9.9,B
2021-07-13T14:27:04,1200.0,9.9,B
2021-07-13T14:26:56,1000.0,9.9,B
2021-07-13T14:26:52,1500.0,9.89,S
2021-07-13T14:26:45,2000.0,9.9,B
2021-07-13T14:26:25,5000.0,9.9,B
2021-07-13T14:25:53,500.0,9.89,B
2021-07-13T14:25:32,800.0,9.89,B
2021-07-13T14:25:32,7100.0,9.89,B
2021-07-13T14:24:55,10000.0,9.88,B
2021-07-13T14:24:14,200.0,9.85,B
2021-07-13T14:23:00,500.0,9.85,S
2021-07-13T14:21:40,1900.0,9.8,S
2021-07-13T14:20:11,5000.0,9.88,B
2021-07-13T14:19:25,400.0,9.88,B
2021-07-13T14:18:32,100.0,9.88,S
2021-07-13T14:17:40,300.0,9.88,S
2021-07-13T14:17:05,500.0,9.8,S
2021-07-13T14:16:38,300.0,9.8,B
2021-07-13T14:15:43,400.0,9.8,B
2021-07-13T14:14:23,100.0,9.8,B
2021-07-13T14:14:04,100.0,9.8,B
2021-07-13T14:11:44,4600.0,9.75,B
2021-07-13T14:11:42,3500.0,9.75,B
2021-07-13T14:11:27,800.0,9.75,B
2021-07-13T14:11:06,4500.0,9.75,B
2021-07-13T14:11:04,3500.0,9.75,B
2021-07-13T14:10:09,1000.0,9.75,B
2021-07-13T14:09:34,200.0,9.75,S
2021-07-13T14:09:34,100.0,9.75,S
2021-07-13T14:09:34,2100.0,9.75,S
2021-07-13T14:09:10,100.0,9.8,B
2021-07-13T14:07:02,1000.0,9.75,S
2021-07-13T14:06:51,500.0,9.76,B
2021-07-13T14:06:46,1100.0,9.76,S
2021-07-13T14:06:20,2900.0,9.76,S
2021-07-13T14:06:20,27100.0,9.76,S
2021-07-13T14:05:52,100.0,9.8,B
2021-07-13T14:05:44,3900.0,9.77,S
2021-07-13T14:05:44,2000.0,9.78,S
2021-07-13T14:05:44,1000.0,9.79,S
2021-07-13T14:04:57,7200.0,9.8,S
2021-07-13T14:04:45,1300.0,9.81,S
2021-07-13T14:04:44,100.0,9.86,S
2021-07-13T14:01:32,4000.0,9.8,S
2021-07-13T13:56:06,500.0,9.89,B
2021-07-13T13:51:53,200.0,9.89,B
2021-07-13T13:51:27,1000.0,9.89,B
2021-07-13T13:50:59,200.0,9.8,S
2021-07-13T13:48:26,700.0,9.8,S
2021-07-13T13:46:53,500.0,9.8,S
2021-07-13T13:45:54,500.0,9.8,S
2021-07-13T13:42:29,500.0,9.77,S
2021-07-13T13:42:15,8500.0,9.77,S
2021-07-13T13:42:07,1500.0,9.77,S
2021-07-13T13:41:49,8200.0,9.77,S
2021-07-13T13:41:49,3000.0,9.77,S
2021-07-13T13:41:49,13700.0,9.77,S
2021-07-13T13:41:49,2100.0,9.77,S
2021-07-13T13:41:49,2600.0,9.77,S
2021-07-13T13:41:49,13000.0,9.78,S
2021-07-13T13:41:49,17400.0,9.78,S
2021-07-13T13:41:39,1400.0,9.8,S
2021-07-13T13:40:32,1500.0,9.8,B
2021-07-13T13:39:49,6800.0,9.8,B
2021-07-13T13:39:09,100.0,9.8,B
2021-07-13T13:39:02,200.0,9.8,B
2021-07-13T13:38:21,2000.0,9.8,S
2021-07-13T13:38:12,100.0,9.89,B
2021-07-13T13:37:28,100.0,9.88,B
2021-07-13T13:36:44,200.0,9.88,S
2021-07-13T13:35:52,3000.0,9.88,S
2021-07-13T13:35:18,100.0,9.88,S
2021-07-13T13:35:07,1000.0,9.88,S
2021-07-13T13:34:58,100.0,9.89,B
2021-07-13T13:34:31,10000.0,9.88,S
2021-07-13T13:34:28,1000.0,9.89,B
2021-07-13T13:34:07,500.0,9.88,S
2021-07-13T13:33:26,200.0,9.88,S
2021-07-13T13:32:29,300.0,9.88,B
2021-07-13T13:31:33,100.0,9.89,B
2021-07-13T13:31:31,2800.0,9.81,S
2021-07-13T13:30:23,4400.0,9.81,S
2021-07-13T13:29:41,100.0,9.89,B
2021-07-13T13:28:15,800.0,9.77,S
2021-07-13T13:24:52,2300.0,9.77,B
2021-07-13T13:24:39,1800.0,9.76,B
2021-07-13T13:24:39,900.0,9.76,B
2021-07-13T13:24:25,100.0,9.76,B
2021-07-13T13:24:14,500.0,9.75,S
2021-07-13T13:23:53,800.0,9.75,S
2021-07-13T13:23:22,1000.0,9.75,S
2021-07-13T13:21:34,2500.0,9.75,S
2021-07-13T13:20:26,500.0,9.76,S
2021-07-13T13:20:16,500.0,9.77,S
2021-07-13T13:20:16,7200.0,9.77,S
2021-07-13T13:19:41,3000.0,9.77,S
2021-07-13T13:19:34,4000.0,9.77,S
2021-07-13T13:19:09,10000.0,9.78,S
2021-07-13T13:18:14,900.0,9.8,S
2021-07-13T13:18:14,100.0,9.8,S
2021-07-13T13:15:59,7600.0,9.85,S
2021-07-13T13:15:57,100.0,9.9,B
2021-07-13T13:15:20,1400.0,9.9,S
2021-07-13T13:13:54,300.0,9.95,B
2021-07-13T13:13:09,100.0,9.95,B
2021-07-13T13:12:50,2300.0,9.9,S
2021-07-13T13:12:10,1500.0,9.95,B
2021-07-13T13:10:39,100.0,9.95,B
2021-07-13T13:09:33,100.0,9.95,B
2021-07-13T13:09:09,500.0,9.9,S
2021-07-13T13:08:35,5000.0,9.9,S
2021-07-13T13:07:15,4000.0,9.9,S
2021-07-13T13:06:07,300.0,9.9,S
2021-07-13T13:04:39,1300.0,9.9,S
2021-07-13T13:04:34,2200.0,9.9,B
2021-07-13T13:04:34,1600.0,9.9,B
2021-07-13T13:04:26,2800.0,9.9,B
2021-07-13T13:04:18,1800.0,9.9,B
2021-07-13T13:04:08,1100.0,9.9,B
2021-07-13T13:04:00,1600.0,9.9,B
2021-07-13T13:03:49,1700.0,9.9,B
2021-07-13T13:02:04,1000.0,9.85,S
2021-07-13T13:00:20,6000.0,9.85,B
2021-07-13T13:00:06,300.0,9.85,B
2021-07-13T13:00:03,1000.0,9.85,S
2021-07-13T13:00:03,1000.0,9.9,B
2021-07-13T13:00:03,100.0,9.9,B
2021-07-13T11:29:36,100.0,9.9,B
2021-07-13T11:28:15,2500.0,9.9,S
2021-07-13T11:28:07,9000.0,9.9,S
2021-07-13T11:28:07,1000.0,9.9,S
2021-07-13T11:27:33,300.0,9.95,B
2021-07-13T11:26:37,15700.0,9.95,S
2021-07-13T11:26:37,10500.0,9.95,S
2021-07-13T11:26:37,4800.0,9.96,S
2021-07-13T11:26:16,500.0,9.98,S
2021-07-13T11:24:57,300.0,9.98,S
2021-07-13T11:24:57,300.0,9.98,S
2021-07-13T11:24:05,100.0,9.99,B
2021-07-13T11:23:45,200.0,9.98,S
2021-07-13T11:21:36,1100.0,9.98,B
2021-07-13T11:21:26,700.0,9.98,B
2021-07-13T11:20:43,200.0,9.98,B
2021-07-13T11:19:40,200.0,9.97,S
2021-07-13T11:19:40,500.0,9.99,B
2021-07-13T11:18:36,100.0,9.99,B
2021-07-13T11:15:47,200.0,9.97,S
2021-07-13T11:15:47,1100.0,9.97,S
2021-07-13T11:15:46,2600.0,9.97,S
2021-07-13T11:15:03,7700.0,9.97,S
2021-07-13T11:15:03,300.0,9.99,S
2021-07-13T11:13:35,5000.0,10.0,B
2021-07-13T11:11:54,300.0,10.0,B
2021-07-13T11:09:38,100.0,10.0,B
2021-07-13T11:09:12,5000.0,9.99,S
2021-07-13T11:09:09,3000.0,9.99,S
2021-07-13T11:08:47,800.0,10.0,B
2021-07-13T11:07:09,3200.0,10.0,S
2021-07-13T11:06:17,300.0,10.0,S
2021-07-13T11:05:51,1000.0,10.0,S
2021-07-13T11:05:50,3200.0,10.0,B
2021-07-13T11:05:11,2000.0,10.0,B
2021-07-13T11:04:40,600.0,10.0,S
2021-07-13T11:04:40,400.0,10.0,S
2021-07-13T11:02:40,400.0,10.05,B
2021-07-13T11:01:06,1500.0,10.05,B
2021-07-13T10:59:23,10000.0,9.99,S
2021-07-13T10:59:07,3900.0,10.0,S
2021-07-13T10:57:45,700.0,9.99,S
2021-07-13T10:57:25,1900.0,9.97,S
2021-07-13T10:57:25,3100.0,9.98,S
2021-07-13T10:55:18,200.0,9.98,B
2021-07-13T10:53:44,800.0,9.97,S
2021-07-13T10:53:24,100.0,9.97,B
2021-07-13T10:53:06,700.0,9.95,S
2021-07-13T10:52:30,1200.0,9.98,S
2021-07-13T10:51:53,100.0,9.98,S
2021-07-13T10:51:29,500.0,9.99,S
2021-07-13T10:51:23,200.0,9.99,S
2021-07-13T10:51:19,500.0,9.99,S
2021-07-13T10:51:10,100.0,9.99,S
2021-07-13T10:51:10,1200.0,9.99,S
2021-07-13T10:50:32,500.0,9.99,S
2021-07-13T10:49:43,200.0,9.99,S
2021-07-13T10:49:25,1000.0,10.0,S
2021-07-13T10:48:36,2000.0,10.0,B
2021-07-13T10:48:25,1300.0,10.0,S
2021-07-13T10:48:25,19300.0,10.0,S
2021-07-13T10:48:25,1400.0,10.0,S
2021-07-13T10:48:23,1000.0,10.05,B
2021-07-13T10:47:12,1800.0,10.05,S
2021-07-13T10:47:08,300.0,10.05,S
2021-07-13T10:47:04,5000.0,10.05,S
2021-07-13T10:46:56,1000.0,10.1,B
2021-07-13T10:46:54,200.0,10.05,S
2021-07-13T10:46:32,10000.0,10.05,S
2021-07-13T10:46:05,1000.0,10.1,B
2021-07-13T10:45:04,10000.0,10.1,B
2021-07-13T10:44:46,300.0,10.05,S
2021-07-13T10:44:44,4000.0,10.05,S
2021-07-13T10:44:17,300.0,10.05,S
2021-07-13T10:44:04,300.0,10.05,S
2021-07-13T10:43:47,300.0,10.05,B
2021-07-13T10:43:32,9700.0,10.05,S
2021-07-13T10:43:04,100.0,10.05,S
2021-07-13T10:42:09,200.0,10.05,S
2021-07-13T10:42:03,1500.0,10.1,B
2021-07-13T10:41:32,100.0,10.1,B
2021-07-13T10:40:34,1200.0,10.1,B
2021-07-13T10:40:02,100.0,10.1,B
2021-07-13T10:39:52,1000.0,10.1,B
2021-07-13T10:39:51,100.0,10.1,B
2021-07-13T10:39:28,5000.0,10.1,B
2021-07-13T10:39:17,300.0,10.1,B
2021-07-13T10:39:16,1700.0,10.1,B
2021-07-13T10:39:04,1000.0,10.1,B
2021-07-13T10:38:27,100.0,10.05,S
2021-07-13T10:38:03,1500.0,10.1,B
2021-07-13T10:37:46,4100.0,10.05,S
2021-07-13T10:36:43,700.0,10.05,S
2021-07-13T10:36:39,100.0,10.1,B
2021-07-13T10:36:24,800.0,10.05,B
2021-07-13T10:36:10,100.0,10.05,B
2021-07-13T10:35:59,5400.0,10.05,B
2021-07-13T10:35:46,200.0,10.05,B
2021-07-13T10:35:26,1000.0,10.05,S
2021-07-13T10:35:26,4500.0,10.05,S
2021-07-13T10:35:07,200.0,10.05,S
2021-07-13T10:34:32,500.0,10.05,S
2021-07-13T10:34:16,100.0,10.0,S
2021-07-13T10:34:10,8500.0,10.0,B
2021-07-13T10:33:33,2200.0,10.0,B
2021-07-13T10:33:33,1300.0,10.0,B
2021-07-13T10:33:33,7400.0,10.0,B
2021-07-13T10:33:33,3500.0,10.0,B
2021-07-13T10:33:33,900.0,10.0,B
2021-07-13T10:33:33,14700.0,10.0,B
2021-07-13T10:33:15,500.0,9.95,B
2021-07-13T10:33:02,1000.0,9.95,B
2021-07-13T10:32:57,100.0,9.95,B
2021-07-13T10:32:54,400.0,9.95,B
2021-07-13T10:32:16,1000.0,9.94,B
2021-07-13T10:31:19,500.0,9.92,S
2021-07-13T10:31:14,10000.0,9.9,S
2021-07-13T10:30:47,2000.0,9.9,S
2021-07-13T10:30:31,2600.0,9.9,B
2021-07-13T10:30:15,20000.0,9.9,B
2021-07-13T10:29:35,5000.0,9.9,B
2021-07-13T10:29:27,2000.0,9.89,S
2021-07-13T10:29:07,2000.0,9.9,B
2021-07-13T10:27:35,1000.0,9.9,B
2021-07-13T10:26:59,200.0,9.88,S
2021-07-13T10:26:59,8000.0,9.88,S
2021-07-13T10:26:39,1000.0,9.9,B
2021-07-13T10:26:21,1500.0,9.9,B
2021-07-13T10:26:00,200.0,9.88,S
2021-07-13T10:25:37,2100.0,9.9,B
2021-07-13T10:25:37,3100.0,9.9,B
2021-07-13T10:25:37,9800.0,9.9,B
2021-07-13T10:24:54,2800.0,9.88,B
2021-07-13T10:24:43,300.0,9.87,S
2021-07-13T10:24:34,3400.0,9.87,B
2021-07-13T10:24:21,1000.0,9.86,S
2021-07-13T10:23:41,100.0,9.87,B
2021-07-13T10:22:23,500.0,9.88,B
2021-07-13T10:22:03,1500.0,9.88,B
2021-07-13T10:21:45,500.0,9.88,B
2021-07-13T10:21:28,2000.0,9.88,B
2021-07-13T10:21:04,1500.0,9.88,B
2021-07-13T10:19:44,200.0,9.88,B
2021-07-13T10:19:03,100.0,9.88,B
2021-07-13T10:18:29,300.0,9.85,B
2021-07-13T10:17:53,100.0,9.85,B
2021-07-13T10:17:32,1800.0,9.8,B
2021-07-13T10:16:46,100.0,9.8,B
2021-07-13T10:16:45,500.0,9.79,S
2021-07-13T10:16:39,1200.0,9.8,B
2021-07-13T10:16:31,1000.0,9.8,B
2021-07-13T10:16:20,2000.0,9.8,B
2021-07-13T10:12:52,1500.0,9.8,B
2021-07-13T10:11:38,16000.0,9.77,S
2021-07-13T10:10:55,1500.0,9.77,B
2021-07-13T10:10:33,1500.0,9.77,B
2021-07-13T10:10:10,2000.0,9.76,S
2021-07-13T10:10:04,3000.0,9.77,B
2021-07-13T10:09:50,3000.0,9.77,B
2021-07-13T10:09:36,3000.0,9.77,B
2021-07-13T10:09:34,10000.0,9.77,B
2021-07-13T10:09:19,5000.0,9.77,B
2021-07-13T10:08:38,1400.0,9.75,S
2021-07-13T10:08:32,3100.0,9.75,S
2021-07-13T10:08:27,700.0,9.75,B
2021-07-13T10:08:17,5000.0,9.75,B
2021-07-13T10:07:40,2200.0,9.75,B
2021-07-13T10:07:17,100.0,9.77,B
2021-07-13T10:07:17,1000.0,9.77,B
2021-07-13T10:06:51,4700.0,9.77,B
2021-07-13T10:06:38,9200.0,9.77,B
2021-07-13T10:06:20,1200.0,9.77,B
2021-07-13T10:06:07,1000.0,9.77,B
2021-07-13T10:05:54,700.0,9.74,S
2021-07-13T10:05:49,100.0,9.77,B
2021-07-13T10:05:39,2800.0,9.77,B
2021-07-13T10:05:39,8500.0,9.77,B
2021-07-13T10:05:39,1900.0,9.77,B
2021-07-13T10:05:39,400.0,9.74,S
2021-07-13T10:05:38,5000.0,9.75,S
2021-07-13T10:05:33,2700.0,9.75,B
2021-07-13T10:05:23,2000.0,9.75,S
2021-07-13T10:05:17,4500.0,9.75,B
2021-07-13T10:05:16,2000.0,9.75,B
2021-07-13T10:04:42,100.0,9.75,B
2021-07-13T10:03:53,1500.0,9.7,B
2021-07-13T10:03:47,5000.0,9.69,S
2021-07-13T10:03:43,100.0,9.7,B
2021-07-13T10:03:38,400.0,9.69,S
2021-07-13T10:03:30,1200.0,9.7,B
2021-07-13T10:03:26,1000.0,9.7,B
2021-07-13T10:01:49,400.0,9.69,S
2021-07-13T10:01:39,1000.0,9.69,S
2021-07-13T10:00:36,21200.0,9.7,S
2021-07-13T10:00:36,1000.0,9.7,S
2021-07-13T10:00:36,24100.0,9.7,S
2021-07-13T10:00:36,1600.0,9.7,S
2021-07-13T10:00:36,16000.0,9.71,S
2021-07-13T10:00:36,11000.0,9.71,S
2021-07-13T10:00:36,18200.0,9.71,S
2021-07-13T10:00:36,2000.0,9.71,S
2021-07-13T10:00:36,5000.0,9.71,S
2021-07-13T10:00:36,15300.0,9.72,S
2021-07-13T10:00:36,13900.0,9.73,S
2021-07-13T10:00:21,3000.0,9.77,B
2021-07-13T10:00:04,100.0,9.77,B
2021-07-13T09:59:13,2500.0,9.77,B
2021-07-13T09:59:00,200.0,9.77,B
2021-07-13T09:58:49,1000.0,9.77,B
2021-07-13T09:58:37,2100.0,9.73,S
2021-07-13T09:57:37,1000.0,9.77,B
2021-07-13T09:56:24,100.0,9.77,B
2021-07-13T09:54:29,2200.0,9.77,S
2021-07-13T09:52:55,400.0,9.77,S
2021-07-13T09:52:39,35000.0,9.77,S
2021-07-13T09:52:24,100.0,9.78,B
2021-07-13T09:51:52,5600.0,9.78,S
2021-07-13T09:51:47,10000.0,9.78,S
2021-07-13T09:51:25,300.0,9.8,B
2021-07-13T09:51:09,20200.0,9.8,S
2021-07-13T09:51:09,100.0,9.8,S
2021-07-13T09:51:09,3000.0,9.8,S
2021-07-13T09:51:01,1100.0,9.85,S
2021-07-13T09:50:29,1000.0,9.85,B
2021-07-13T09:49:49,500.0,9.8,S
2021-07-13T09:48:12,1000.0,9.8,S
2021-07-13T09:47:12,5000.0,9.8,S
2021-07-13T09:46:44,1000.0,9.81,S
2021-07-13T09:44:31,1000.0,9.8,S
2021-07-13T09:43:51,5600.0,9.8,S
2021-07-13T09:43:51,4400.0,9.8,S
2021-07-13T09:42:11,500.0,9.85,S
2021-07-13T09:41:01,2000.0,9.82,S
2021-07-13T09:40:02,200.0,9.9,B
2021-07-13T09:39:46,300.0,9.82,S
2021-07-13T09:38:37,1600.0,9.82,S
2021-07-13T09:38:36,1000.0,9.9,B
2021-07-13T09:38:02,1000.0,9.9,B
2021-07-13T09:37:59,12400.0,9.9,S
2021-07-13T09:37:53,100.0,9.9,S
2021-07-13T09:37:53,1000.0,9.9,S
2021-07-13T09:36:30,200.0,9.9,S
2021-07-13T09:36:23,1300.0,9.9,B
2021-07-13T09:35:55,1000.0,9.9,B
2021-07-13T09:35:49,500.0,9.9,B
2021-07-13T09:35:49,1000.0,9.9,B
2021-07-13T09:35:41,10000.0,9.9,B
2021-07-13T09:35:37,2000.0,9.9,B
2021-07-13T09:35:30,1000.0,9.9,B
2021-07-13T09:33:56,2000.0,9.9,B
2021-07-13T09:33:38,100.0,9.9,B
2021-07-13T09:33:28,6700.0,9.8,B
2021-07-13T09:32:51,100.0,9.78,B
2021-07-13T09:32:31,1000.0,9.77,B
2021-07-13T09:32:31,1300.0,9.77,B
2021-07-13T09:32:31,7600.0,9.77,B
2021-07-13T09:31:56,2900.0,9.77,B
2021-07-13T09:31:56,7100.0,9.77,B
2021-07-13T09:31:25,1200.0,9.77,B
2021-07-13T09:30:38,100.0,9.77,B
2021-07-13T09:27:10,1000.0,9.77,B
2021-07-13T09:26:52,100.0,9.77,B
2021-07-13T09:25:34,8900.0,9.77,S
2021-07-13T09:25:19,200.0,9.77,S
2021-07-13T09:25:11,300.0,9.77,S
2021-07-13T09:24:43,600.0,9.76,S
2021-07-13T09:24:04,400.0,9.77,B
2021-07-13T09:23:56,3200.0,9.77,S
2021-07-13T09:23:17,2700.0,9.78,S
2021-07-13T09:22:19,900.0,9.78,S
2021-07-13T09:21:55,1600.0,9.78,S
2021-07-13T09:20:59,500.0,9.8,B
2021-07-13T09:20:27,2500.0,9.8,B
2021-07-13T09:20:24,600.0,9.8,S
2021-07-13T09:20:04,500.0,9.8,B
2021-07-13T09:19:43,10000.0,9.8,B
2021-07-13T09:19:36,500.0,9.8,B
2021-07-13T09:19:13,4000.0,9.8,B
2021-07-13T09:18:54,300.0,9.8,B
2021-07-13T09:18:49,400.0,9.8,B
2021-07-13T09:18:40,8600.0,9.8,B
2021-07-13T09:18:35,200.0,9.8,B
2021-07-13T09:18:20,5000.0,9.8,B
2021-07-13T09:18:17,600.0,9.8,B
2021-07-13T09:17:51,100.0,9.8,B
2021-07-13T09:16:01,1000.0,9.77,S
2021-07-13T09:15:05,100.0,9.77,S
