tradingTime,volume,price,side
2021-07-21T14:29:49,1100.0,33.85,B
2021-07-21T14:29:49,500.0,33.85,B
2021-07-21T14:29:47,200.0,33.85,B
2021-07-21T14:29:41,1600.0,33.8,S
2021-07-21T14:29:35,100.0,33.85,B
2021-07-21T14:29:23,100.0,33.8,S
2021-07-21T14:29:22,300.0,33.85,B
2021-07-21T14:29:22,100.0,33.85,B
2021-07-21T14:29:20,100.0,33.8,S
2021-07-21T14:29:20,400.0,33.8,S
2021-07-21T14:29:20,3300.0,33.8,S
2021-07-21T14:29:20,700.0,33.8,S
2021-07-21T14:29:20,2300.0,33.8,S
2021-07-21T14:29:20,100.0,33.8,S
2021-07-21T14:29:20,1200.0,33.8,S
2021-07-21T14:29:20,1700.0,33.8,S
2021-07-21T14:29:20,100.0,33.8,S
2021-07-21T14:29:20,37500.0,33.8,S
2021-07-21T14:29:14,200.0,33.85,B
2021-07-21T14:29:09,100.0,33.85,B
2021-07-21T14:29:07,100.0,33.85,B
2021-07-21T14:29:05,4600.0,33.8,S
2021-07-21T14:29:05,100.0,33.85,B
2021-07-21T14:29:02,1000.0,33.8,S
2021-07-21T14:29:01,1000.0,33.85,B
2021-07-21T14:28:57,500.0,33.85,B
2021-07-21T14:28:54,500.0,33.85,B
2021-07-21T14:28:46,10000.0,33.8,S
2021-07-21T14:28:46,100.0,33.85,B
2021-07-21T14:28:42,200.0,33.8,S
2021-07-21T14:28:42,21900.0,33.8,S
2021-07-21T14:28:41,2100.0,33.8,S
2021-07-21T14:28:40,100.0,33.85,B
2021-07-21T14:28:36,3500.0,33.85,B
2021-07-21T14:28:33,2000.0,33.85,S
2021-07-21T14:28:33,2500.0,33.85,S
2021-07-21T14:28:33,5100.0,33.85,S
2021-07-21T14:28:33,200.0,33.85,S
2021-07-21T14:28:22,1000.0,33.85,S
2021-07-21T14:28:11,1500.0,33.9,B
2021-07-21T14:28:11,200.0,33.9,B
2021-07-21T14:28:11,8300.0,33.9,B
2021-07-21T14:28:10,100.0,33.9,B
2021-07-21T14:27:59,500.0,33.9,B
2021-07-21T14:27:54,500.0,33.85,S
2021-07-21T14:27:54,2500.0,33.85,S
2021-07-21T14:27:54,1000.0,33.85,S
2021-07-21T14:27:52,1000.0,33.85,S
2021-07-21T14:27:41,100.0,33.9,B
2021-07-21T14:27:33,100.0,33.9,B
2021-07-21T14:27:31,500.0,33.9,B
2021-07-21T14:27:27,1000.0,33.9,B
2021-07-21T14:27:14,300.0,33.9,B
2021-07-21T14:27:11,100.0,33.9,B
2021-07-21T14:27:09,400.0,33.9,B
2021-07-21T14:26:44,5000.0,33.9,B
2021-07-21T14:26:42,100.0,33.9,B
2021-07-21T14:26:31,2000.0,33.9,B
2021-07-21T14:26:28,100.0,33.9,B
2021-07-21T14:26:10,100.0,33.9,B
2021-07-21T14:25:58,100.0,33.9,B
2021-07-21T14:25:53,100.0,33.85,S
2021-07-21T14:25:47,3000.0,33.85,S
2021-07-21T14:25:41,100.0,33.9,B
2021-07-21T14:25:33,1000.0,33.9,B
2021-07-21T14:25:27,300.0,33.85,S
2021-07-21T14:25:26,2000.0,33.9,B
2021-07-21T14:25:11,100.0,33.9,B
2021-07-21T14:25:06,1200.0,33.85,S
2021-07-21T14:25:01,500.0,33.85,S
2021-07-21T14:25:00,1900.0,33.85,S
2021-07-21T14:24:55,200.0,33.85,S
2021-07-21T14:24:55,400.0,33.85,S
2021-07-21T14:24:55,2000.0,33.85,S
2021-07-21T14:24:48,300.0,33.85,S
2021-07-21T14:24:41,2800.0,33.85,S
2021-07-21T14:24:41,500.0,33.85,S
2021-07-21T14:24:41,2800.0,33.85,S
2021-07-21T14:24:41,200.0,33.85,S
2021-07-21T14:24:41,12600.0,33.85,S
2021-07-21T14:24:41,200.0,33.85,S
2021-07-21T14:24:41,900.0,33.85,S
2021-07-21T14:24:41,100.0,33.9,B
2021-07-21T14:24:18,300.0,33.85,S
2021-07-21T14:24:18,1100.0,33.85,S
2021-07-21T14:24:18,500.0,33.85,S
2021-07-21T14:24:18,100.0,33.85,S
2021-07-21T14:24:16,700.0,33.85,S
2021-07-21T14:24:16,700.0,33.85,S
2021-07-21T14:24:16,900.0,33.85,S
2021-07-21T14:24:13,100.0,33.9,B
2021-07-21T14:24:02,100.0,33.85,S
2021-07-21T14:23:54,1000.0,33.85,S
2021-07-21T14:23:53,900.0,33.9,B
2021-07-21T14:23:43,100.0,33.9,B
2021-07-21T14:23:40,100.0,33.9,B
2021-07-21T14:23:35,100.0,33.9,B
2021-07-21T14:23:32,100.0,33.9,B
2021-07-21T14:23:32,5000.0,33.9,B
2021-07-21T14:23:21,5000.0,33.9,B
2021-07-21T14:23:19,200.0,33.9,B
2021-07-21T14:23:15,100.0,33.9,B
2021-07-21T14:23:13,10000.0,33.9,B
2021-07-21T14:23:00,1000.0,33.9,B
2021-07-21T14:22:55,500.0,33.9,B
2021-07-21T14:22:48,200.0,33.9,B
2021-07-21T14:22:42,100.0,33.9,B
2021-07-21T14:22:35,500.0,33.9,B
2021-07-21T14:22:33,1000.0,33.9,B
2021-07-21T14:22:32,5900.0,33.9,S
2021-07-21T14:22:21,100.0,33.9,S
2021-07-21T14:22:19,2500.0,33.95,B
2021-07-21T14:22:19,1000.0,33.9,S
2021-07-21T14:22:12,100.0,33.95,B
2021-07-21T14:22:09,900.0,33.9,B
2021-07-21T14:22:08,2600.0,33.9,S
2021-07-21T14:21:53,500.0,33.9,S
2021-07-21T14:21:51,200.0,33.9,S
2021-07-21T14:21:49,3800.0,33.9,B
2021-07-21T14:21:42,100.0,33.9,B
2021-07-21T14:21:27,1000.0,33.9,B
2021-07-21T14:21:12,100.0,33.9,B
2021-07-21T14:21:09,500.0,33.9,S
2021-07-21T14:21:09,600.0,33.9,S
2021-07-21T14:21:09,1000.0,33.9,S
2021-07-21T14:21:09,400.0,33.9,S
2021-07-21T14:21:06,1000.0,33.9,S
2021-07-21T14:21:01,2000.0,33.9,S
2021-07-21T14:21:01,700.0,33.9,S
2021-07-21T14:21:01,2300.0,33.9,S
2021-07-21T14:21:01,3100.0,33.9,S
2021-07-21T14:21:01,100.0,33.9,S
2021-07-21T14:21:01,100.0,33.9,S
2021-07-21T14:21:01,6700.0,33.9,S
2021-07-21T14:21:01,3800.0,33.9,S
2021-07-21T14:21:01,2000.0,33.9,S
2021-07-21T14:21:01,400.0,33.9,S
2021-07-21T14:21:01,2000.0,33.9,S
2021-07-21T14:21:01,4500.0,33.9,S
2021-07-21T14:21:01,57000.0,33.9,S
2021-07-21T14:21:01,1100.0,33.9,S
2021-07-21T14:21:01,10600.0,33.9,S
2021-07-21T14:21:01,300.0,33.9,S
2021-07-21T14:21:01,34100.0,33.9,S
2021-07-21T14:20:58,300.0,33.9,S
2021-07-21T14:20:46,600.0,33.9,S
2021-07-21T14:20:43,100.0,33.95,B
2021-07-21T14:20:42,70000.0,33.9,S
2021-07-21T14:20:21,200.0,33.95,B
2021-07-21T14:20:14,100.0,33.95,B
2021-07-21T14:20:02,5000.0,33.95,B
2021-07-21T14:19:59,100.0,33.95,B
2021-07-21T14:19:59,400.0,33.95,B
2021-07-21T14:19:56,100.0,33.9,S
2021-07-21T14:19:55,200.0,33.9,S
2021-07-21T14:19:43,100.0,33.95,B
2021-07-21T14:19:43,200.0,33.9,S
2021-07-21T14:19:34,100.0,33.9,S
2021-07-21T14:19:23,100.0,33.9,S
2021-07-21T14:19:14,1100.0,33.9,S
2021-07-21T14:19:14,100.0,33.95,B
2021-07-21T14:19:07,100.0,33.95,B
2021-07-21T14:19:01,200.0,33.9,S
2021-07-21T14:18:54,800.0,33.95,B
2021-07-21T14:18:54,200.0,33.95,B
2021-07-21T14:18:54,2000.0,33.95,B
2021-07-21T14:18:43,100.0,33.95,B
2021-07-21T14:18:32,200.0,33.95,B
2021-07-21T14:18:29,1500.0,33.9,S
2021-07-21T14:18:17,500.0,33.95,B
2021-07-21T14:18:17,200.0,33.95,B
2021-07-21T14:18:15,100.0,33.95,B
2021-07-21T14:18:00,300.0,33.95,B
2021-07-21T14:17:44,100.0,33.95,B
2021-07-21T14:17:34,1000.0,33.9,S
2021-07-21T14:17:14,100.0,33.95,B
2021-07-21T14:17:14,100.0,33.95,B
2021-07-21T14:17:12,1000.0,33.95,B
2021-07-21T14:17:00,2000.0,33.95,B
2021-07-21T14:16:42,100.0,33.95,B
2021-07-21T14:16:39,5000.0,33.95,B
2021-07-21T14:16:14,100.0,33.95,B
2021-07-21T14:16:13,500.0,33.95,B
2021-07-21T14:16:03,500.0,33.9,S
2021-07-21T14:15:50,500.0,33.9,S
2021-07-21T14:15:45,100.0,33.95,B
2021-07-21T14:15:40,500.0,33.9,S
2021-07-21T14:15:39,100.0,33.95,B
2021-07-21T14:15:36,1000.0,33.95,B
2021-07-21T14:15:35,100.0,33.95,B
2021-07-21T14:15:27,200.0,33.95,B
2021-07-21T14:15:15,100.0,33.95,B
2021-07-21T14:15:05,1000.0,33.95,B
2021-07-21T14:15:01,100.0,33.95,B
2021-07-21T14:14:54,200.0,33.95,B
2021-07-21T14:14:49,5000.0,33.95,B
2021-07-21T14:14:44,100.0,33.95,B
2021-07-21T14:14:43,1000.0,33.95,B
2021-07-21T14:14:36,500.0,33.95,S
2021-07-21T14:14:36,2300.0,33.95,S
2021-07-21T14:14:36,4000.0,33.95,S
2021-07-21T14:14:35,1100.0,33.95,S
2021-07-21T14:14:35,20500.0,33.95,S
2021-07-21T14:14:14,100.0,34.0,B
2021-07-21T14:14:09,500.0,33.95,S
2021-07-21T14:14:09,100.0,33.95,S
2021-07-21T14:14:04,2000.0,33.95,S
2021-07-21T14:14:01,5000.0,33.95,S
2021-07-21T14:13:59,300.0,33.95,S
2021-07-21T14:13:44,100.0,34.0,B
2021-07-21T14:13:43,100.0,33.95,S
2021-07-21T14:13:15,100.0,34.0,B
2021-07-21T14:13:05,400.0,34.0,S
2021-07-21T14:13:04,500.0,34.0,S
2021-07-21T14:13:03,100.0,34.0,B
2021-07-21T14:13:03,300.0,34.0,B
2021-07-21T14:12:52,3700.0,34.0,B
2021-07-21T14:12:52,2000.0,34.0,B
2021-07-21T14:12:52,3700.0,34.0,B
2021-07-21T14:12:52,600.0,34.0,B
2021-07-21T14:12:52,1000.0,34.0,B
2021-07-21T14:12:46,100.0,34.0,B
2021-07-21T14:12:34,100.0,34.0,B
2021-07-21T14:12:16,100.0,34.0,B
2021-07-21T14:11:54,100.0,34.0,B
2021-07-21T14:11:46,100.0,34.0,B
2021-07-21T14:11:38,2500.0,34.0,B
2021-07-21T14:11:34,200.0,34.0,B
2021-07-21T14:11:28,1000.0,33.95,S
2021-07-21T14:11:17,100.0,34.0,B
2021-07-21T14:10:57,2400.0,34.0,S
2021-07-21T14:10:55,200.0,34.0,S
2021-07-21T14:10:55,400.0,34.0,B
2021-07-21T14:10:45,100.0,34.0,B
2021-07-21T14:10:35,600.0,34.0,S
2021-07-21T14:10:35,500.0,34.0,S
2021-07-21T14:10:29,800.0,34.0,S
2021-07-21T14:10:27,300.0,34.0,B
2021-07-21T14:10:27,2900.0,34.0,B
2021-07-21T14:10:20,100.0,34.0,B
2021-07-21T14:10:16,100.0,34.0,B
2021-07-21T14:09:59,1200.0,34.0,S
2021-07-21T14:09:54,3000.0,34.0,S
2021-07-21T14:09:49,200.0,34.0,S
2021-07-21T14:09:47,1500.0,34.0,S
2021-07-21T14:09:46,100.0,34.05,B
2021-07-21T14:09:34,1000.0,34.05,B
2021-07-21T14:09:23,100.0,34.0,B
2021-07-21T14:09:19,1000.0,34.0,S
2021-07-21T14:09:18,700.0,34.0,S
2021-07-21T14:09:17,100.0,34.0,B
2021-07-21T14:09:13,200.0,34.0,B
2021-07-21T14:09:11,1100.0,34.0,S
2021-07-21T14:09:05,500.0,34.0,S
2021-07-21T14:09:01,1000.0,34.05,B
2021-07-21T14:08:51,200.0,34.0,S
2021-07-21T14:08:45,100.0,34.05,B
2021-07-21T14:08:38,700.0,34.0,S
2021-07-21T14:08:34,900.0,34.0,S
2021-07-21T14:08:34,5000.0,34.0,S
2021-07-21T14:08:31,800.0,34.0,B
2021-07-21T14:08:24,200.0,34.0,B
2021-07-21T14:08:19,400.0,34.0,S
2021-07-21T14:08:19,700.0,34.05,B
2021-07-21T14:08:17,2600.0,34.0,S
2021-07-21T14:08:12,2000.0,34.0,S
2021-07-21T14:08:04,500.0,34.0,S
2021-07-21T14:08:04,600.0,34.0,S
2021-07-21T14:08:04,500.0,34.0,S
2021-07-21T14:08:02,200.0,34.0,S
2021-07-21T14:08:00,500.0,34.0,B
2021-07-21T14:07:57,100.0,34.0,S
2021-07-21T14:07:53,100.0,34.05,B
2021-07-21T14:07:51,5000.0,34.0,S
2021-07-21T14:07:47,100.0,34.05,B
2021-07-21T14:07:42,200.0,33.95,S
2021-07-21T14:07:40,1700.0,34.0,S
2021-07-21T14:07:39,3300.0,34.0,B
2021-07-21T14:07:35,5000.0,34.0,B
2021-07-21T14:07:26,100.0,34.0,B
2021-07-21T14:07:26,3000.0,34.0,B
2021-07-21T14:07:21,500.0,34.0,B
2021-07-21T14:07:16,100.0,34.0,B
2021-07-21T14:07:00,100.0,34.0,B
2021-07-21T14:06:52,5000.0,34.0,B
2021-07-21T14:06:48,100.0,34.0,B
2021-07-21T14:06:43,100.0,34.0,S
2021-07-21T14:06:39,1000.0,34.0,S
2021-07-21T14:06:33,100.0,34.05,B
2021-07-21T14:06:31,100.0,34.05,B
2021-07-21T14:06:29,600.0,34.0,S
2021-07-21T14:06:21,300.0,34.0,S
2021-07-21T14:06:19,200.0,34.0,S
2021-07-21T14:06:19,100.0,34.05,B
2021-07-21T14:06:10,600.0,34.0,S
2021-07-21T14:06:09,1400.0,34.0,S
2021-07-21T14:06:02,500.0,34.0,S
2021-07-21T14:05:59,100.0,34.05,B
2021-07-21T14:05:59,500.0,34.0,S
2021-07-21T14:05:56,700.0,34.05,B
2021-07-21T14:05:48,2100.0,34.0,S
2021-07-21T14:05:48,100.0,34.05,B
2021-07-21T14:05:43,3000.0,34.0,S
2021-07-21T14:05:40,100.0,34.0,S
2021-07-21T14:05:39,5000.0,34.05,B
2021-07-21T14:05:33,100.0,34.0,S
2021-07-21T14:05:29,2300.0,34.0,S
2021-07-21T14:05:26,400.0,34.0,B
2021-07-21T14:05:26,1000.0,34.0,B
2021-07-21T14:05:26,2500.0,34.0,B
2021-07-21T14:05:26,1000.0,34.0,B
2021-07-21T14:05:25,100.0,34.0,B
2021-07-21T14:05:25,300.0,34.0,B
2021-07-21T14:05:24,1400.0,34.0,B
2021-07-21T14:05:24,500.0,34.0,B
2021-07-21T14:05:18,100.0,34.0,B
2021-07-21T14:05:09,600.0,34.0,B
2021-07-21T14:05:02,100.0,34.0,S
2021-07-21T14:04:58,200.0,34.0,S
2021-07-21T14:04:54,100.0,34.0,S
2021-07-21T14:04:53,400.0,34.0,S
2021-07-21T14:04:50,300.0,34.0,S
2021-07-21T14:04:49,100.0,34.0,S
2021-07-21T14:04:48,100.0,34.05,B
2021-07-21T14:04:47,1100.0,34.0,S
2021-07-21T14:04:45,1000.0,34.0,S
2021-07-21T14:04:43,100.0,34.0,S
2021-07-21T14:04:41,900.0,34.0,S
2021-07-21T14:04:40,2900.0,34.0,S
2021-07-21T14:04:38,100.0,34.0,S
2021-07-21T14:04:35,1000.0,34.0,S
2021-07-21T14:04:31,500.0,34.0,S
2021-07-21T14:04:30,100.0,34.0,S
2021-07-21T14:04:28,200.0,34.0,S
2021-07-21T14:04:27,100.0,34.0,B
2021-07-21T14:04:24,3000.0,33.95,S
2021-07-21T14:04:24,2000.0,33.95,S
2021-07-21T14:04:24,3000.0,34.05,B
2021-07-21T14:04:23,300.0,34.0,S
2021-07-21T14:04:23,1400.0,34.0,S
2021-07-21T14:04:21,200.0,34.0,B
2021-07-21T14:04:21,600.0,34.0,B
2021-07-21T14:04:19,2000.0,34.0,B
2021-07-21T14:04:17,100.0,34.0,B
2021-07-21T14:04:11,500.0,34.0,S
2021-07-21T14:04:11,1700.0,34.0,S
2021-07-21T14:04:06,3000.0,34.0,S
2021-07-21T14:04:03,200.0,34.0,S
2021-07-21T14:04:03,300.0,34.0,B
2021-07-21T14:03:59,2000.0,34.0,S
2021-07-21T14:03:58,1000.0,34.05,B
2021-07-21T14:03:55,600.0,34.0,S
2021-07-21T14:03:53,500.0,34.05,B
2021-07-21T14:03:53,400.0,34.0,B
2021-07-21T14:03:52,500.0,34.0,B
2021-07-21T14:03:50,2100.0,34.0,S
2021-07-21T14:03:49,1000.0,34.0,S
2021-07-21T14:03:47,100.0,34.05,B
2021-07-21T14:03:46,100.0,34.0,S
2021-07-21T14:03:45,100.0,34.0,S
2021-07-21T14:03:43,300.0,34.0,B
2021-07-21T14:03:41,1500.0,34.0,B
2021-07-21T14:03:39,100.0,34.0,B
2021-07-21T14:03:36,200.0,34.0,B
2021-07-21T14:03:29,400.0,34.0,B
2021-07-21T14:03:29,100.0,34.0,B
2021-07-21T14:03:25,1000.0,34.0,B
2021-07-21T14:03:23,500.0,34.0,B
2021-07-21T14:03:18,100.0,34.0,B
2021-07-21T14:03:14,1000.0,34.0,B
2021-07-21T14:03:14,200.0,34.0,B
2021-07-21T14:03:12,1000.0,34.0,B
2021-07-21T14:03:11,2000.0,34.0,B
2021-07-21T14:03:05,200.0,34.0,B
2021-07-21T14:03:03,1000.0,34.0,B
2021-07-21T14:03:03,1300.0,34.0,B
2021-07-21T14:03:01,100.0,34.0,B
2021-07-21T14:03:01,1000.0,34.0,B
2021-07-21T14:02:59,7000.0,34.0,S
2021-07-21T14:02:55,2000.0,34.0,S
2021-07-21T14:02:54,700.0,34.05,B
2021-07-21T14:02:51,2900.0,34.0,S
2021-07-21T14:02:49,1500.0,34.05,B
2021-07-21T14:02:49,100.0,34.05,B
2021-07-21T14:02:48,200.0,34.0,S
2021-07-21T14:02:44,2000.0,34.0,S
2021-07-21T14:02:38,5000.0,34.05,B
2021-07-21T14:02:38,2000.0,34.0,B
2021-07-21T14:02:36,2300.0,34.0,B
2021-07-21T14:02:36,400.0,34.05,B
2021-07-21T14:02:34,4000.0,34.0,S
2021-07-21T14:02:30,500.0,34.0,S
2021-07-21T14:02:30,300.0,34.0,S
2021-07-21T14:02:26,3000.0,34.0,S
2021-07-21T14:02:21,2000.0,34.0,S
2021-07-21T14:02:18,100.0,34.05,B
2021-07-21T14:02:18,4000.0,34.0,S
2021-07-21T14:02:16,200.0,34.0,S
2021-07-21T14:02:16,1000.0,34.0,S
2021-07-21T14:02:14,4000.0,34.0,S
2021-07-21T14:02:14,1000.0,34.0,S
2021-07-21T14:02:13,2300.0,34.0,S
2021-07-21T14:02:12,200.0,34.0,S
2021-07-21T14:02:10,2400.0,34.0,S
2021-07-21T14:02:07,100.0,34.0,S
2021-07-21T14:02:07,1300.0,34.0,S
2021-07-21T14:02:03,700.0,34.0,S
2021-07-21T14:02:01,300.0,34.0,B
2021-07-21T14:02:01,500.0,34.0,S
2021-07-21T14:02:00,5000.0,34.05,B
2021-07-21T14:02:00,2000.0,34.0,S
2021-07-21T14:01:56,500.0,34.0,S
2021-07-21T14:01:53,200.0,34.0,S
2021-07-21T14:01:53,100.0,34.0,S
2021-07-21T14:01:52,200.0,34.0,S
2021-07-21T14:01:51,700.0,34.0,B
2021-07-21T14:01:50,500.0,34.0,B
2021-07-21T14:01:50,300.0,34.0,B
2021-07-21T14:01:50,1700.0,34.0,B
2021-07-21T14:01:49,3000.0,34.0,B
2021-07-21T14:01:49,100.0,34.0,B
2021-07-21T14:01:48,500.0,34.0,B
2021-07-21T14:01:48,2300.0,34.0,B
2021-07-21T14:01:48,400.0,34.0,B
2021-07-21T14:01:48,400.0,34.0,B
2021-07-21T14:01:48,1700.0,34.0,B
2021-07-21T14:01:48,200.0,34.0,B
2021-07-21T14:01:48,4500.0,34.0,B
2021-07-21T14:01:44,100.0,34.0,B
2021-07-21T14:01:39,500.0,34.0,B
2021-07-21T14:01:39,1000.0,34.0,B
2021-07-21T14:01:35,500.0,34.0,B
2021-07-21T14:01:31,100.0,33.9,S
2021-07-21T14:01:29,2500.0,33.9,S
2021-07-21T14:01:29,100.0,34.0,B
2021-07-21T14:01:26,400.0,33.9,S
2021-07-21T14:01:26,200.0,33.9,S
2021-07-21T14:01:24,600.0,33.9,B
2021-07-21T14:01:23,1000.0,33.9,B
2021-07-21T14:01:21,300.0,33.9,B
2021-07-21T14:01:21,100.0,33.9,B
2021-07-21T14:01:20,2400.0,33.9,B
2021-07-21T14:01:20,3000.0,33.9,B
2021-07-21T14:01:20,200.0,33.9,B
2021-07-21T14:01:20,400.0,33.9,B
2021-07-21T14:01:18,100.0,33.9,B
2021-07-21T14:01:18,3000.0,33.9,B
2021-07-21T14:01:17,300.0,33.9,B
2021-07-21T14:01:12,200.0,33.85,S
2021-07-21T14:01:12,200.0,33.9,B
2021-07-21T14:01:09,100.0,33.9,B
2021-07-21T14:01:09,1000.0,33.9,B
2021-07-21T14:01:07,1000.0,33.9,B
2021-07-21T14:01:03,1000.0,33.9,B
2021-07-21T14:01:02,100.0,33.85,B
2021-07-21T14:01:00,500.0,33.85,B
2021-07-21T14:00:57,100.0,33.85,B
2021-07-21T14:00:54,1000.0,33.85,B
2021-07-21T14:00:54,100.0,33.85,B
2021-07-21T14:00:53,200.0,33.85,B
2021-07-21T14:00:50,1500.0,33.8,S
2021-07-21T14:00:49,100.0,33.85,B
2021-07-21T14:00:48,10000.0,33.85,B
2021-07-21T14:00:48,500.0,33.8,S
2021-07-21T14:00:47,100.0,33.85,B
2021-07-21T14:00:46,1500.0,33.85,B
2021-07-21T14:00:46,5000.0,33.85,B
2021-07-21T14:00:42,3700.0,33.85,S
2021-07-21T14:00:37,200.0,33.9,B
2021-07-21T14:00:36,1500.0,33.85,B
2021-07-21T14:00:36,100.0,33.85,B
2021-07-21T14:00:35,1200.0,33.8,S
2021-07-21T14:00:34,300.0,33.85,B
2021-07-21T14:00:32,200.0,33.8,S
2021-07-21T14:00:30,1000.0,33.85,B
2021-07-21T14:00:28,1400.0,33.8,S
2021-07-21T14:00:25,100.0,33.85,B
2021-07-21T14:00:24,500.0,33.8,S
2021-07-21T14:00:20,1000.0,33.8,S
2021-07-21T14:00:19,100.0,33.9,B
2021-07-21T14:00:19,1200.0,33.85,B
2021-07-21T14:00:17,100.0,33.85,B
2021-07-21T14:00:14,500.0,33.75,S
2021-07-21T14:00:12,400.0,33.75,S
2021-07-21T14:00:11,9300.0,33.8,B
2021-07-21T14:00:10,100.0,33.8,B
2021-07-21T14:00:05,100.0,33.8,B
2021-07-21T14:00:02,3000.0,33.8,B
2021-07-21T13:59:57,200.0,33.75,S
2021-07-21T13:59:55,100.0,33.8,B
2021-07-21T13:59:55,3500.0,33.8,S
2021-07-21T13:59:55,500.0,33.8,S
2021-07-21T13:59:55,200.0,33.85,B
2021-07-21T13:59:55,600.0,33.85,B
2021-07-21T13:59:53,400.0,33.85,B
2021-07-21T13:59:50,100.0,33.85,B
2021-07-21T13:59:48,200.0,33.8,S
2021-07-21T13:59:48,300.0,33.8,S
2021-07-21T13:59:48,200.0,33.8,S
2021-07-21T13:59:48,4300.0,33.8,S
2021-07-21T13:59:46,200.0,33.8,S
2021-07-21T13:59:46,400.0,33.8,S
2021-07-21T13:59:44,2000.0,33.85,B
2021-07-21T13:59:34,4000.0,33.8,S
2021-07-21T13:59:27,700.0,33.8,S
2021-07-21T13:59:20,100.0,33.9,B
2021-07-21T13:59:13,1000.0,33.8,S
2021-07-21T13:59:09,500.0,33.9,B
2021-07-21T13:59:08,4700.0,33.9,S
2021-07-21T13:59:07,1000.0,33.9,S
2021-07-21T13:59:01,500.0,33.9,S
2021-07-21T13:58:58,800.0,33.9,S
2021-07-21T13:58:58,500.0,33.9,S
2021-07-21T13:58:57,2300.0,33.9,S
2021-07-21T13:58:57,2000.0,33.9,S
2021-07-21T13:58:56,500.0,33.9,S
2021-07-21T13:58:54,100.0,33.95,B
2021-07-21T13:58:51,1000.0,33.9,S
2021-07-21T13:58:51,500.0,33.95,S
2021-07-21T13:58:49,100.0,34.0,B
2021-07-21T13:58:48,300.0,34.0,B
2021-07-21T13:58:47,300.0,34.0,B
2021-07-21T13:58:44,900.0,33.9,S
2021-07-21T13:58:44,1600.0,33.9,S
2021-07-21T13:58:44,100.0,33.9,S
2021-07-21T13:58:44,200.0,33.9,S
2021-07-21T13:58:44,100.0,33.9,S
2021-07-21T13:58:44,8900.0,33.9,S
2021-07-21T13:58:44,8100.0,33.9,S
2021-07-21T13:58:44,100.0,33.95,S
2021-07-21T13:58:43,200.0,34.0,B
2021-07-21T13:58:36,1500.0,34.0,S
2021-07-21T13:58:36,2200.0,34.0,S
2021-07-21T13:58:36,100.0,34.0,S
2021-07-21T13:58:36,10100.0,34.0,S
2021-07-21T13:58:35,1000.0,34.0,S
2021-07-21T13:58:35,500.0,34.0,S
2021-07-21T13:58:34,100.0,34.0,S
2021-07-21T13:58:33,200.0,34.0,S
2021-07-21T13:58:33,4900.0,34.0,S
2021-07-21T13:58:32,5000.0,34.0,S
2021-07-21T13:58:32,4000.0,34.0,S
2021-07-21T13:58:32,1100.0,34.0,S
2021-07-21T13:58:31,500.0,34.0,S
2021-07-21T13:58:31,2100.0,34.0,S
2021-07-21T13:58:30,5600.0,34.0,S
2021-07-21T13:58:30,500.0,34.0,S
2021-07-21T13:58:30,300.0,34.0,S
2021-07-21T13:58:30,500.0,34.0,S
2021-07-21T13:58:29,4000.0,34.0,S
2021-07-21T13:58:29,300.0,34.0,S
2021-07-21T13:58:29,2000.0,34.0,S
2021-07-21T13:58:28,1000.0,34.0,S
2021-07-21T13:58:26,5000.0,34.0,S
2021-07-21T13:58:26,100.0,34.0,S
2021-07-21T13:58:25,1100.0,34.0,S
2021-07-21T13:58:25,800.0,34.0,S
2021-07-21T13:58:25,10000.0,34.0,S
2021-07-21T13:58:25,500.0,34.0,S
2021-07-21T13:58:25,1400.0,34.0,S
2021-07-21T13:58:25,300.0,34.0,S
2021-07-21T13:58:25,1600.0,34.0,S
2021-07-21T13:58:25,12000.0,34.0,S
2021-07-21T13:58:25,100.0,34.0,S
2021-07-21T13:58:25,1000.0,34.0,S
2021-07-21T13:58:25,1200.0,34.0,S
2021-07-21T13:58:25,100.0,34.0,S
2021-07-21T13:58:25,1000.0,34.0,S
2021-07-21T13:58:25,1300.0,34.0,S
2021-07-21T13:58:25,800.0,34.0,S
2021-07-21T13:58:25,6800.0,34.0,S
2021-07-21T13:58:24,3000.0,34.0,S
2021-07-21T13:58:23,1000.0,34.0,S
2021-07-21T13:58:23,3000.0,34.0,S
2021-07-21T13:58:21,9800.0,34.0,S
2021-07-21T13:58:21,6600.0,34.0,S
2021-07-21T13:58:21,2000.0,34.0,S
2021-07-21T13:58:21,3900.0,34.0,S
2021-07-21T13:58:21,1000.0,34.0,S
2021-07-21T13:58:21,2500.0,34.0,S
2021-07-21T13:58:21,1000.0,34.0,S
2021-07-21T13:58:21,3000.0,34.0,S
2021-07-21T13:58:21,1000.0,34.0,S
2021-07-21T13:58:21,10000.0,34.0,S
2021-07-21T13:58:21,500.0,34.0,S
2021-07-21T13:58:21,2000.0,34.0,S
2021-07-21T13:58:21,100.0,34.0,S
2021-07-21T13:58:20,4100.0,34.0,S
2021-07-21T13:58:19,5900.0,34.0,S
2021-07-21T13:58:19,2000.0,34.0,S
2021-07-21T13:58:19,500.0,34.0,S
2021-07-21T13:58:17,200.0,34.0,S
2021-07-21T13:58:17,4000.0,34.0,S
2021-07-21T13:58:15,3000.0,34.0,S
2021-07-21T13:58:14,1500.0,34.0,S
2021-07-21T13:58:12,5000.0,34.0,S
2021-07-21T13:58:07,100.0,34.0,S
2021-07-21T13:58:07,3000.0,34.0,S
2021-07-21T13:58:07,1200.0,34.0,S
2021-07-21T13:58:07,15900.0,34.0,S
2021-07-21T13:58:07,200.0,34.0,S
2021-07-21T13:58:07,4000.0,34.0,S
2021-07-21T13:58:07,800.0,34.0,S
2021-07-21T13:58:07,1200.0,34.0,S
2021-07-21T13:58:07,500.0,34.0,S
2021-07-21T13:58:07,600.0,34.0,S
2021-07-21T13:58:07,4000.0,34.0,S
2021-07-21T13:58:07,11800.0,34.0,S
2021-07-21T13:58:07,2300.0,34.05,S
2021-07-21T13:58:06,700.0,34.05,S
2021-07-21T13:58:06,500.0,34.05,S
2021-07-21T13:58:04,2100.0,34.05,S
2021-07-21T13:58:04,1600.0,34.05,S
2021-07-21T13:58:04,1300.0,34.05,S
2021-07-21T13:58:04,500.0,34.05,S
2021-07-21T13:58:02,600.0,34.05,S
2021-07-21T13:58:01,5000.0,34.05,S
2021-07-21T13:57:57,3000.0,34.05,S
2021-07-21T13:57:54,3000.0,34.05,S
2021-07-21T13:57:52,1100.0,34.1,S
2021-07-21T13:57:52,1000.0,34.1,S
2021-07-21T13:57:52,70000.0,34.1,S
2021-07-21T13:57:52,6400.0,34.1,S
2021-07-21T13:57:51,3000.0,34.1,S
2021-07-21T13:57:50,2100.0,34.1,S
2021-07-21T13:57:50,100.0,34.1,S
2021-07-21T13:57:50,2000.0,34.1,S
2021-07-21T13:57:50,1000.0,34.1,S
2021-07-21T13:57:50,100.0,34.15,B
2021-07-21T13:57:49,500.0,34.1,S
2021-07-21T13:57:48,200.0,34.1,S
2021-07-21T13:57:48,4000.0,34.1,S
2021-07-21T13:57:47,500.0,34.1,S
2021-07-21T13:57:46,15000.0,34.1,S
2021-07-21T13:57:46,300.0,34.1,S
2021-07-21T13:57:45,5000.0,34.1,S
2021-07-21T13:57:40,800.0,34.1,S
2021-07-21T13:57:40,700.0,34.1,S
2021-07-21T13:57:40,1800.0,34.1,S
2021-07-21T13:57:40,2100.0,34.1,S
2021-07-21T13:57:40,700.0,34.1,S
2021-07-21T13:57:40,900.0,34.1,S
2021-07-21T13:57:40,2000.0,34.1,S
2021-07-21T13:57:40,300.0,34.15,B
2021-07-21T13:57:39,5000.0,34.1,S
2021-07-21T13:57:39,100.0,34.1,S
2021-07-21T13:57:39,1000.0,34.1,S
2021-07-21T13:57:39,2200.0,34.1,S
2021-07-21T13:57:38,5000.0,34.1,S
2021-07-21T13:57:38,1000.0,34.1,S
2021-07-21T13:57:38,1000.0,34.1,S
2021-07-21T13:57:34,12000.0,34.1,S
2021-07-21T13:57:34,2000.0,34.1,S
2021-07-21T13:57:33,7000.0,34.1,S
2021-07-21T13:57:32,100.0,34.1,S
2021-07-21T13:57:32,2000.0,34.1,S
2021-07-21T13:57:30,500.0,34.1,S
2021-07-21T13:57:30,4000.0,34.1,S
2021-07-21T13:57:30,100.0,34.1,S
2021-07-21T13:57:29,1000.0,34.1,S
2021-07-21T13:57:29,1000.0,34.1,S
2021-07-21T13:57:28,1000.0,34.1,S
2021-07-21T13:57:28,1200.0,34.1,S
2021-07-21T13:57:28,700.0,34.1,S
2021-07-21T13:57:28,100.0,34.1,S
2021-07-21T13:57:24,1000.0,34.1,S
2021-07-21T13:57:24,1000.0,34.1,S
2021-07-21T13:57:24,1100.0,34.1,S
2021-07-21T13:57:22,1900.0,34.1,S
2021-07-21T13:57:20,1300.0,34.1,S
2021-07-21T13:57:20,700.0,34.1,S
2021-07-21T13:57:20,100.0,34.15,B
2021-07-21T13:57:20,5000.0,34.1,S
2021-07-21T13:57:18,3900.0,34.15,S
2021-07-21T13:57:18,1000.0,34.15,S
2021-07-21T13:57:18,900.0,34.15,S
2021-07-21T13:57:17,1700.0,34.15,S
2021-07-21T13:57:17,2400.0,34.15,S
2021-07-21T13:57:17,3000.0,34.15,S
2021-07-21T13:57:17,700.0,34.15,S
2021-07-21T13:57:17,300.0,34.15,S
2021-07-21T13:57:17,10000.0,34.15,S
2021-07-21T13:57:17,1900.0,34.15,S
2021-07-21T13:57:17,500.0,34.15,S
2021-07-21T13:57:17,5100.0,34.15,S
2021-07-21T13:57:17,500.0,34.15,S
2021-07-21T13:57:17,1500.0,34.15,S
2021-07-21T13:57:17,2700.0,34.15,S
2021-07-21T13:57:17,1300.0,34.15,S
2021-07-21T13:57:17,26500.0,34.15,S
2021-07-21T13:57:17,2000.0,34.15,S
2021-07-21T13:57:15,600.0,34.15,S
2021-07-21T13:57:15,1500.0,34.15,S
2021-07-21T13:57:15,1200.0,34.15,S
2021-07-21T13:57:15,100.0,34.15,S
2021-07-21T13:57:15,18100.0,34.15,S
2021-07-21T13:57:15,3000.0,34.15,S
2021-07-21T13:57:15,1000.0,34.15,S
2021-07-21T13:57:15,600.0,34.15,S
2021-07-21T13:57:14,200.0,34.15,S
2021-07-21T13:57:14,1000.0,34.15,S
2021-07-21T13:57:14,3000.0,34.15,S
2021-07-21T13:57:14,300000.0,34.15,S
2021-07-21T13:57:13,500.0,34.15,S
2021-07-21T13:57:12,7000.0,34.15,S
2021-07-21T13:57:12,100.0,34.15,S
2021-07-21T13:57:12,2700.0,34.2,B
2021-07-21T13:57:12,7300.0,34.2,B
2021-07-21T13:57:12,3000.0,34.15,S
2021-07-21T13:57:12,200.0,34.15,S
2021-07-21T13:57:11,20100.0,34.15,S
2021-07-21T13:57:11,5200.0,34.15,S
2021-07-21T13:57:11,200.0,34.15,S
2021-07-21T13:57:11,5000.0,34.15,S
2021-07-21T13:57:11,100.0,34.15,S
2021-07-21T13:57:10,11600.0,34.15,S
2021-07-21T13:57:09,2000.0,34.15,S
2021-07-21T13:57:08,2000.0,34.15,S
2021-07-21T13:57:08,700.0,34.15,S
2021-07-21T13:57:08,2000.0,34.15,S
2021-07-21T13:57:08,10000.0,34.15,S
2021-07-21T13:57:07,6000.0,34.15,S
2021-07-21T13:57:07,4000.0,34.15,S
2021-07-21T13:57:07,2000.0,34.15,S
2021-07-21T13:57:06,500.0,34.15,S
2021-07-21T13:57:06,5700.0,34.15,S
2021-07-21T13:57:05,1000.0,34.15,S
2021-07-21T13:57:05,15000.0,34.15,S
2021-07-21T13:57:04,2000.0,34.15,S
2021-07-21T13:57:04,5000.0,34.15,S
2021-07-21T13:57:04,5000.0,34.15,S
2021-07-21T13:57:02,4000.0,34.15,S
2021-07-21T13:57:02,10000.0,34.15,S
2021-07-21T13:57:01,500.0,34.15,S
2021-07-21T13:56:59,2000.0,34.15,S
2021-07-21T13:56:59,3900.0,34.15,S
2021-07-21T13:56:59,200.0,34.15,S
2021-07-21T13:56:58,29600.0,34.15,S
2021-07-21T13:56:58,9000.0,34.15,S
2021-07-21T13:56:57,4000.0,34.15,S
2021-07-21T13:56:57,5700.0,34.15,S
2021-07-21T13:56:56,1000.0,34.15,S
2021-07-21T13:56:56,2000.0,34.15,S
2021-07-21T13:56:56,2000.0,34.15,S
2021-07-21T13:56:53,1100.0,34.15,S
2021-07-21T13:56:53,300.0,34.15,S
2021-07-21T13:56:53,5000.0,34.15,S
2021-07-21T13:56:52,400.0,34.15,S
2021-07-21T13:56:52,20000.0,34.15,S
2021-07-21T13:56:52,1000.0,34.15,S
2021-07-21T13:56:49,2000.0,34.15,S
2021-07-21T13:56:49,100.0,34.2,B
2021-07-21T13:56:49,1000.0,34.15,S
2021-07-21T13:56:49,3000.0,34.15,S
2021-07-21T13:56:49,50000.0,34.15,S
2021-07-21T13:56:49,42800.0,34.15,S
2021-07-21T13:56:48,5000.0,34.15,S
2021-07-21T13:56:47,10200.0,34.15,S
2021-07-21T13:56:46,6700.0,34.15,S
2021-07-21T13:56:46,4000.0,34.15,S
2021-07-21T13:56:46,1000.0,34.15,S
2021-07-21T13:56:45,3000.0,34.15,S
2021-07-21T13:56:42,2000.0,34.15,S
2021-07-21T13:56:41,300.0,34.15,S
2021-07-21T13:56:41,50000.0,34.15,S
2021-07-21T13:56:41,1000.0,34.15,S
2021-07-21T13:56:40,300.0,34.15,S
2021-07-21T13:56:39,3000.0,34.15,S
2021-07-21T13:56:39,2700.0,34.15,S
2021-07-21T13:56:37,5000.0,34.15,S
2021-07-21T13:56:37,500.0,34.15,S
2021-07-21T13:56:37,100.0,34.15,S
2021-07-21T13:56:37,5000.0,34.15,S
2021-07-21T13:56:35,19000.0,34.15,S
2021-07-21T13:56:35,50000.0,34.15,S
2021-07-21T13:56:35,10700.0,34.15,S
2021-07-21T13:56:35,100.0,34.15,S
2021-07-21T13:56:34,400.0,34.15,S
2021-07-21T13:56:34,30000.0,34.15,S
2021-07-21T13:56:34,1000.0,34.15,S
2021-07-21T13:56:34,10000.0,34.15,S
2021-07-21T13:56:32,39500.0,34.15,S
2021-07-21T13:56:32,3000.0,34.15,S
2021-07-21T13:56:31,5100.0,34.15,S
2021-07-21T13:56:31,10000.0,34.15,S
2021-07-21T13:56:31,1000.0,34.15,S
2021-07-21T13:56:30,100.0,34.15,S
2021-07-21T13:56:27,13300.0,34.15,S
2021-07-21T13:56:27,2000.0,34.15,S
2021-07-21T13:56:27,100.0,34.15,S
2021-07-21T13:56:27,5000.0,34.15,S
2021-07-21T13:56:25,3000.0,34.15,S
2021-07-21T13:56:24,700.0,34.15,S
2021-07-21T13:56:21,2000.0,34.15,S
2021-07-21T13:56:20,100.0,34.2,B
2021-07-21T13:56:19,10000.0,34.15,S
2021-07-21T13:56:19,2300.0,34.15,S
2021-07-21T13:56:19,500.0,34.15,S
2021-07-21T13:56:18,500.0,34.15,S
2021-07-21T13:56:18,3000.0,34.15,S
2021-07-21T13:56:17,100.0,34.15,S
2021-07-21T13:56:17,5000.0,34.15,S
2021-07-21T13:56:16,700.0,34.15,S
2021-07-21T13:56:14,3000.0,34.15,S
2021-07-21T13:56:11,1000.0,34.15,S
2021-07-21T13:56:10,1000.0,34.15,S
2021-07-21T13:56:09,2100.0,34.15,S
2021-07-21T13:56:08,100.0,34.15,S
2021-07-21T13:56:07,5000.0,34.15,S
2021-07-21T13:56:07,5000.0,34.15,S
2021-07-21T13:56:05,5000.0,34.15,S
2021-07-21T13:56:03,5000.0,34.15,S
2021-07-21T13:55:59,5000.0,34.15,S
2021-07-21T13:55:58,1500.0,34.15,S
2021-07-21T13:55:57,1000.0,34.15,S
2021-07-21T13:55:57,200.0,34.15,S
2021-07-21T13:55:55,4000.0,34.15,S
2021-07-21T13:55:54,200.0,34.15,S
2021-07-21T13:55:54,1300.0,34.15,S
2021-07-21T13:55:52,2000.0,34.15,S
2021-07-21T13:55:52,100.0,34.15,S
2021-07-21T13:55:52,2000.0,34.15,S
2021-07-21T13:55:52,100.0,34.15,S
2021-07-21T13:55:51,100.0,34.2,B
2021-07-21T13:55:51,5000.0,34.15,S
2021-07-21T13:55:51,1000.0,34.15,S
2021-07-21T13:55:49,400.0,34.2,B
2021-07-21T13:55:48,2000.0,34.15,S
2021-07-21T13:55:47,8000.0,34.15,S
2021-07-21T13:55:47,2000.0,34.15,S
2021-07-21T13:55:46,200.0,34.15,S
2021-07-21T13:55:46,300.0,34.15,S
2021-07-21T13:55:45,2000.0,34.15,S
2021-07-21T13:55:44,10000.0,34.15,S
2021-07-21T13:55:42,5000.0,34.15,S
2021-07-21T13:55:41,3000.0,34.15,S
2021-07-21T13:55:41,3000.0,34.15,S
2021-07-21T13:55:40,1000.0,34.15,S
2021-07-21T13:55:37,5000.0,34.15,S
2021-07-21T13:55:35,600.0,34.15,S
2021-07-21T13:55:35,200.0,34.15,S
2021-07-21T13:55:35,10000.0,34.15,S
2021-07-21T13:55:35,100.0,34.15,S
2021-07-21T13:55:34,4000.0,34.15,S
2021-07-21T13:55:33,20000.0,34.15,S
2021-07-21T13:55:32,15000.0,34.15,S
2021-07-21T13:55:32,2000.0,34.15,S
2021-07-21T13:55:32,300000.0,34.15,S
2021-07-21T13:55:31,100.0,34.15,S
2021-07-21T13:55:29,3000.0,34.15,S
2021-07-21T13:55:29,600.0,34.15,S
2021-07-21T13:55:27,200.0,34.15,S
2021-07-21T13:55:27,1000.0,34.15,S
2021-07-21T13:55:27,2000.0,34.15,S
2021-07-21T13:55:26,1000.0,34.2,B
2021-07-21T13:55:25,1000.0,34.15,S
2021-07-21T13:55:22,4000.0,34.15,S
2021-07-21T13:55:21,100.0,34.2,B
2021-07-21T13:55:19,2000.0,34.15,S
2021-07-21T13:55:19,500.0,34.15,S
2021-07-21T13:55:18,1000.0,34.15,S
2021-07-21T13:55:15,5000.0,34.15,S
2021-07-21T13:55:11,3000.0,34.15,S
2021-07-21T13:55:09,3000.0,34.15,S
2021-07-21T13:55:06,200.0,34.15,S
2021-07-21T13:55:05,2000.0,34.15,S
2021-07-21T13:55:00,200.0,34.15,S
2021-07-21T13:54:59,2000.0,34.15,S
2021-07-21T13:54:54,3000.0,34.15,S
2021-07-21T13:54:51,2000.0,34.15,S
2021-07-21T13:54:51,100.0,34.2,B
2021-07-21T13:54:47,4000.0,34.15,S
2021-07-21T13:54:37,4000.0,34.15,S
2021-07-21T13:54:37,2500.0,34.15,S
2021-07-21T13:54:35,3000.0,34.15,S
2021-07-21T13:54:33,400.0,34.15,S
2021-07-21T13:54:30,100.0,34.15,S
2021-07-21T13:54:30,4000.0,34.15,S
2021-07-21T13:54:26,3000.0,34.15,S
2021-07-21T13:54:23,3000.0,34.15,S
2021-07-21T13:54:21,100.0,34.2,B
2021-07-21T13:54:18,3000.0,34.15,S
2021-07-21T13:54:14,4000.0,34.15,S
2021-07-21T13:54:14,100.0,34.15,S
2021-07-21T13:54:11,5000.0,34.15,S
2021-07-21T13:54:05,3000.0,34.15,S
2021-07-21T13:54:04,9000.0,34.15,S
2021-07-21T13:54:02,2000.0,34.15,S
2021-07-21T13:54:00,700.0,34.15,S
2021-07-21T13:54:00,10500.0,34.15,S
2021-07-21T13:53:57,3000.0,34.15,S
2021-07-21T13:53:54,2000.0,34.15,S
2021-07-21T13:53:52,100.0,34.2,B
2021-07-21T13:53:50,4000.0,34.15,S
2021-07-21T13:53:43,700.0,34.15,S
2021-07-21T13:53:42,5000.0,34.15,S
2021-07-21T13:53:37,3000.0,34.15,S
2021-07-21T13:53:32,5000.0,34.15,S
2021-07-21T13:53:30,500.0,34.2,B
2021-07-21T13:53:27,4000.0,34.15,S
2021-07-21T13:53:22,2000.0,34.15,S
2021-07-21T13:53:22,1000.0,34.15,S
2021-07-21T13:53:22,100.0,34.2,B
2021-07-21T13:53:19,5000.0,34.15,S
2021-07-21T13:53:15,100.0,34.2,B
2021-07-21T13:53:15,3000.0,34.15,S
2021-07-21T13:53:14,100.0,34.2,B
2021-07-21T13:53:09,3000.0,34.15,S
2021-07-21T13:53:07,3000.0,34.15,S
2021-07-21T13:53:06,5000.0,34.2,B
2021-07-21T13:53:04,100.0,34.2,B
2021-07-21T13:53:02,2000.0,34.15,S
2021-07-21T13:53:02,5000.0,34.15,S
2021-07-21T13:53:00,5000.0,34.15,S
2021-07-21T13:52:53,100.0,34.2,B
2021-07-21T13:52:52,100.0,34.2,B
2021-07-21T13:52:52,4000.0,34.15,S
2021-07-21T13:52:50,100.0,34.15,S
2021-07-21T13:52:47,2000.0,34.15,S
2021-07-21T13:52:42,100.0,34.15,S
2021-07-21T13:52:41,3000.0,34.15,S
2021-07-21T13:52:37,2000.0,34.15,S
2021-07-21T13:52:37,500.0,34.15,S
2021-07-21T13:52:37,5100.0,34.15,S
2021-07-21T13:52:34,5000.0,34.15,S
2021-07-21T13:52:32,200.0,34.2,B
2021-07-21T13:52:30,3000.0,34.15,S
2021-07-21T13:52:27,4000.0,34.15,S
2021-07-21T13:52:24,3000.0,34.15,S
2021-07-21T13:52:23,100.0,34.2,B
2021-07-21T13:52:22,100.0,34.15,S
2021-07-21T13:52:20,3000.0,34.15,S
2021-07-21T13:52:16,3000.0,34.15,S
2021-07-21T13:52:13,2000.0,34.15,S
2021-07-21T13:52:09,3000.0,34.15,S
2021-07-21T13:52:08,200.0,34.2,B
2021-07-21T13:52:05,4000.0,34.15,S
2021-07-21T13:52:00,4000.0,34.15,S
2021-07-21T13:51:58,2000.0,34.15,S
2021-07-21T13:51:53,500.0,34.2,B
2021-07-21T13:51:50,100.0,34.2,B
2021-07-21T13:51:47,100.0,34.2,B
2021-07-21T13:51:42,300.0,34.2,B
2021-07-21T13:51:35,200.0,34.2,B
2021-07-21T13:51:28,500.0,34.2,B
2021-07-21T13:51:23,100.0,34.2,B
2021-07-21T13:51:22,10000.0,34.2,B
2021-07-21T13:51:20,5000.0,34.2,B
2021-07-21T13:51:05,3200.0,34.2,S
2021-07-21T13:51:02,100.0,34.2,S
2021-07-21T13:50:57,300.0,34.2,S
2021-07-21T13:50:52,100.0,34.25,B
2021-07-21T13:50:52,100.0,34.2,S
2021-07-21T13:50:51,200.0,34.2,S
2021-07-21T13:50:49,700.0,34.2,S
2021-07-21T13:50:37,200.0,34.2,S
2021-07-21T13:50:36,24700.0,34.2,S
2021-07-21T13:50:22,100.0,34.25,B
2021-07-21T13:50:19,300.0,34.2,S
2021-07-21T13:50:15,1000.0,34.2,S
2021-07-21T13:50:10,2000.0,34.25,B
2021-07-21T13:50:06,1000.0,34.2,S
2021-07-21T13:50:05,200.0,34.2,S
2021-07-21T13:50:00,500.0,34.2,S
2021-07-21T13:49:52,100.0,34.25,B
2021-07-21T13:49:52,500.0,34.2,S
2021-07-21T13:49:49,600.0,34.2,S
2021-07-21T13:49:40,1000.0,34.2,S
2021-07-21T13:49:31,500.0,34.2,S
2021-07-21T13:49:24,3500.0,34.2,S
2021-07-21T13:49:22,100.0,34.25,B
2021-07-21T13:49:15,200.0,34.2,S
2021-07-21T13:49:07,500.0,34.2,S
2021-07-21T13:48:58,500.0,34.2,S
2021-07-21T13:48:57,500.0,34.2,S
2021-07-21T13:48:52,100.0,34.25,B
2021-07-21T13:48:46,100.0,34.2,S
2021-07-21T13:48:42,1000.0,34.2,S
2021-07-21T13:48:42,1500.0,34.2,S
2021-07-21T13:48:22,100.0,34.25,B
2021-07-21T13:47:57,1000.0,34.2,S
2021-07-21T13:47:54,100.0,34.25,B
2021-07-21T13:47:53,2000.0,34.2,S
2021-07-21T13:47:51,2000.0,34.2,S
2021-07-21T13:47:50,100.0,34.2,S
2021-07-21T13:47:41,500.0,34.2,S
2021-07-21T13:47:29,1000.0,34.25,B
2021-07-21T13:47:24,500.0,34.2,S
2021-07-21T13:47:24,100.0,34.25,B
2021-07-21T13:47:23,7900.0,34.2,S
2021-07-21T13:47:06,1500.0,34.25,B
2021-07-21T13:46:54,1800.0,34.25,B
2021-07-21T13:46:54,300.0,34.2,S
2021-07-21T13:46:33,200.0,34.25,B
2021-07-21T13:46:32,500.0,34.2,S
2021-07-21T13:46:24,100.0,34.25,B
2021-07-21T13:46:22,400.0,34.2,S
2021-07-21T13:46:00,1000.0,34.2,S
2021-07-21T13:45:54,100.0,34.25,B
2021-07-21T13:45:47,1000.0,34.2,S
2021-07-21T13:45:47,1400.0,34.2,S
2021-07-21T13:45:47,1000.0,34.2,S
2021-07-21T13:45:45,100.0,34.2,S
2021-07-21T13:45:39,500.0,34.2,B
2021-07-21T13:45:39,4400.0,34.2,B
2021-07-21T13:45:39,4400.0,34.2,B
2021-07-21T13:45:24,100.0,34.2,B
2021-07-21T13:45:11,100.0,34.2,B
2021-07-21T13:44:54,100.0,34.2,B
2021-07-21T13:44:54,1000.0,34.2,B
2021-07-21T13:44:45,7600.0,34.2,B
2021-07-21T13:44:40,500.0,34.2,S
2021-07-21T13:44:36,200.0,34.25,B
2021-07-21T13:44:34,4000.0,34.2,S
2021-07-21T13:44:30,200.0,34.2,S
2021-07-21T13:44:25,100.0,34.25,B
2021-07-21T13:44:24,500.0,34.2,S
2021-07-21T13:44:19,2000.0,34.2,S
2021-07-21T13:44:17,5100.0,34.2,S
2021-07-21T13:44:15,3000.0,34.2,S
2021-07-21T13:44:15,1000.0,34.2,S
2021-07-21T13:44:07,22800.0,34.2,S
2021-07-21T13:44:07,10000.0,34.2,S
2021-07-21T13:44:05,1500.0,34.2,S
2021-07-21T13:43:57,500.0,34.2,S
2021-07-21T13:43:54,100.0,34.25,B
2021-07-21T13:43:42,4000.0,34.2,S
2021-07-21T13:43:42,300.0,34.25,B
2021-07-21T13:43:39,100.0,34.2,S
2021-07-21T13:43:30,300.0,34.2,S
2021-07-21T13:43:25,100.0,34.25,B
2021-07-21T13:43:24,1000.0,34.2,S
2021-07-21T13:43:20,500.0,34.2,S
2021-07-21T13:43:13,1000.0,34.2,S
2021-07-21T13:43:06,2000.0,34.2,S
2021-07-21T13:42:58,1000.0,34.2,S
2021-07-21T13:42:54,100.0,34.25,B
2021-07-21T13:42:49,200.0,34.2,S
2021-07-21T13:42:47,200.0,34.25,B
2021-07-21T13:42:26,100.0,34.25,B
2021-07-21T13:42:24,7800.0,34.2,S
2021-07-21T13:42:24,12200.0,34.2,S
2021-07-21T13:41:54,100.0,34.25,B
2021-07-21T13:41:49,6000.0,34.2,S
2021-07-21T13:41:39,2000.0,34.25,B
2021-07-21T13:41:29,200.0,34.2,S
2021-07-21T13:41:25,100.0,34.25,B
2021-07-21T13:41:13,1000.0,34.2,S
2021-07-21T13:41:01,500.0,34.2,S
2021-07-21T13:40:55,100.0,34.25,B
2021-07-21T13:40:46,200.0,34.2,S
2021-07-21T13:40:34,1000.0,34.2,S
2021-07-21T13:40:29,100.0,34.2,S
2021-07-21T13:40:26,100.0,34.25,B
2021-07-21T13:40:24,1000.0,34.2,S
2021-07-21T13:40:24,5900.0,34.25,B
2021-07-21T13:40:24,4100.0,34.25,B
2021-07-21T13:39:56,100.0,34.25,B
2021-07-21T13:39:39,500.0,34.25,B
2021-07-21T13:39:26,100.0,34.25,B
2021-07-21T13:38:58,100.0,34.25,B
2021-07-21T13:38:56,1000.0,34.2,S
2021-07-21T13:38:29,1000.0,34.25,B
2021-07-21T13:38:26,100.0,34.25,B
2021-07-21T13:38:20,4200.0,34.25,B
2021-07-21T13:38:20,200.0,34.25,B
2021-07-21T13:38:20,600.0,34.25,B
2021-07-21T13:37:59,200.0,34.2,S
2021-07-21T13:37:57,100.0,34.25,B
2021-07-21T13:37:29,200.0,34.2,S
2021-07-21T13:37:27,100.0,34.25,B
2021-07-21T13:37:00,5000.0,34.25,B
2021-07-21T13:36:57,100.0,34.25,B
2021-07-21T13:36:49,300.0,34.2,S
2021-07-21T13:36:28,100.0,34.25,B
2021-07-21T13:36:25,100.0,34.25,B
2021-07-21T13:36:01,2000.0,34.2,S
2021-07-21T13:35:57,100.0,34.25,B
2021-07-21T13:35:29,100.0,34.25,B
2021-07-21T13:35:09,900.0,34.2,S
2021-07-21T13:34:59,100.0,34.25,B
2021-07-21T13:34:48,500.0,34.2,S
2021-07-21T13:34:47,1000.0,34.25,B
2021-07-21T13:34:28,100.0,34.25,B
2021-07-21T13:34:28,100.0,34.25,B
2021-07-21T13:33:58,100.0,34.25,B
2021-07-21T13:33:36,400.0,34.2,S
2021-07-21T13:33:34,2000.0,34.25,B
2021-07-21T13:33:32,1500.0,34.2,S
2021-07-21T13:33:32,6500.0,34.2,S
2021-07-21T13:33:32,1200.0,34.2,S
2021-07-21T13:33:32,600.0,34.2,S
2021-07-21T13:33:31,200.0,34.2,S
2021-07-21T13:33:29,100.0,34.25,B
2021-07-21T13:33:12,500.0,34.25,B
2021-07-21T13:33:06,1200.0,34.25,B
2021-07-21T13:32:59,100.0,34.25,B
2021-07-21T13:32:55,1000.0,34.25,B
2021-07-21T13:32:55,300.0,34.25,B
2021-07-21T13:32:55,500.0,34.2,S
2021-07-21T13:32:28,200.0,34.25,B
2021-07-21T13:32:16,500.0,34.2,S
2021-07-21T13:32:00,100.0,34.25,B
2021-07-21T13:31:29,100.0,34.25,B
2021-07-21T13:31:28,100.0,34.2,S
2021-07-21T13:31:10,1200.0,34.2,B
2021-07-21T13:31:09,500.0,34.2,B
2021-07-21T13:31:09,100.0,34.2,B
2021-07-21T13:31:09,1400.0,34.2,B
2021-07-21T13:31:09,5400.0,34.2,B
2021-07-21T13:31:07,200.0,34.2,B
2021-07-21T13:31:00,3000.0,34.2,B
2021-07-21T13:31:00,100.0,34.2,B
2021-07-21T13:30:55,5000.0,34.2,B
2021-07-21T13:30:55,200.0,34.2,B
2021-07-21T13:30:50,200.0,34.2,B
2021-07-21T13:30:43,5000.0,34.2,B
2021-07-21T13:30:42,100.0,34.2,B
2021-07-21T13:30:35,1300.0,34.2,B
2021-07-21T13:30:35,1500.0,34.2,B
2021-07-21T13:30:35,2900.0,34.2,B
2021-07-21T13:30:35,400.0,34.2,B
2021-07-21T13:30:35,400.0,34.2,B
2021-07-21T13:30:35,10500.0,34.2,B
2021-07-21T13:30:35,3900.0,34.2,B
2021-07-21T13:30:35,29100.0,34.2,B
2021-07-21T13:30:35,200.0,34.2,B
2021-07-21T13:30:35,1000.0,34.2,B
2021-07-21T13:30:33,100.0,34.2,B
2021-07-21T13:30:31,5000.0,34.2,B
2021-07-21T13:30:31,100.0,34.2,B
2021-07-21T13:30:20,1000.0,34.2,B
2021-07-21T13:30:14,1000.0,34.15,S
2021-07-21T13:30:04,2000.0,34.2,B
2021-07-21T13:29:55,100.0,34.2,B
2021-07-21T13:29:51,2000.0,34.2,B
2021-07-21T13:29:47,100.0,34.2,B
2021-07-21T13:29:41,3000.0,34.2,B
2021-07-21T13:29:40,1000.0,34.2,B
2021-07-21T13:29:40,100.0,34.2,B
2021-07-21T13:29:40,200.0,34.2,B
2021-07-21T13:29:37,500.0,34.2,B
2021-07-21T13:29:37,500.0,34.2,B
2021-07-21T13:29:35,800.0,34.2,B
2021-07-21T13:29:26,1000.0,34.2,B
2021-07-21T13:29:23,2000.0,34.2,B
2021-07-21T13:29:17,2000.0,34.2,B
2021-07-21T13:29:16,200.0,34.2,B
2021-07-21T13:29:10,400.0,34.2,B
2021-07-21T13:29:04,200.0,34.2,B
2021-07-21T13:29:02,500.0,34.2,B
2021-07-21T13:28:56,2000.0,34.2,B
2021-07-21T13:28:51,300.0,34.2,B
2021-07-21T13:28:47,1000.0,34.2,B
2021-07-21T13:28:42,100.0,34.2,B
2021-07-21T13:28:40,2000.0,34.2,B
2021-07-21T13:28:37,4300.0,34.2,B
2021-07-21T13:28:36,5000.0,34.2,B
2021-07-21T13:28:35,100.0,34.2,B
2021-07-21T13:28:27,2000.0,34.2,B
2021-07-21T13:28:25,1300.0,34.2,B
2021-07-21T13:28:25,2000.0,34.2,B
2021-07-21T13:28:25,200.0,34.2,B
2021-07-21T13:28:19,100.0,34.2,B
2021-07-21T13:28:17,6000.0,34.2,B
2021-07-21T13:28:01,500.0,34.2,B
2021-07-21T13:28:00,600.0,34.2,B
2021-07-21T13:27:54,200.0,34.2,B
2021-07-21T13:27:49,100.0,34.2,B
2021-07-21T13:27:41,1000.0,34.2,B
2021-07-21T13:27:25,500.0,34.2,B
2021-07-21T13:27:20,5000.0,34.2,B
2021-07-21T13:27:14,500.0,34.15,S
2021-07-21T13:27:00,100.0,34.2,B
2021-07-21T13:26:58,100.0,34.2,B
2021-07-21T13:26:53,2000.0,34.2,B
2021-07-21T13:26:43,20000.0,34.15,S
2021-07-21T13:26:41,1000.0,34.2,B
2021-07-21T13:26:40,200.0,34.2,B
2021-07-21T13:26:25,300.0,34.2,B
2021-07-21T13:26:20,5000.0,34.2,B
2021-07-21T13:26:09,200.0,34.2,B
2021-07-21T13:25:58,900.0,34.15,S
2021-07-21T13:25:45,500.0,34.2,B
2021-07-21T13:25:36,500.0,34.15,S
2021-07-21T13:25:30,100.0,34.2,B
2021-07-21T13:25:15,500.0,34.2,B
2021-07-21T13:25:14,100.0,34.2,B
2021-07-21T13:25:06,1000.0,34.2,B
2021-07-21T13:24:56,2000.0,34.15,S
2021-07-21T13:24:53,300.0,34.15,S
2021-07-21T13:24:44,3000.0,34.15,S
2021-07-21T13:24:42,30000.0,34.15,S
2021-07-21T13:24:34,1200.0,34.15,S
2021-07-21T13:24:30,1200.0,34.15,S
2021-07-21T13:24:30,100.0,34.2,B
2021-07-21T13:24:26,1000.0,34.15,S
2021-07-21T13:24:25,1200.0,34.15,S
2021-07-21T13:24:23,15000.0,34.15,S
2021-07-21T13:24:21,1200.0,34.15,S
2021-07-21T13:24:05,10000.0,34.15,S
2021-07-21T13:24:03,200.0,34.15,S
2021-07-21T13:23:52,30000.0,34.15,S
2021-07-21T13:23:38,2000.0,34.15,S
2021-07-21T13:23:27,500.0,34.2,B
2021-07-21T13:23:25,1000.0,34.15,S
2021-07-21T13:23:14,600.0,34.15,S
2021-07-21T13:23:14,20000.0,34.15,S
2021-07-21T13:23:09,700.0,34.15,S
2021-07-21T13:23:06,700.0,34.15,S
2021-07-21T13:23:03,500.0,34.2,B
2021-07-21T13:23:00,700.0,34.15,S
2021-07-21T13:22:56,700.0,34.15,S
2021-07-21T13:22:52,700.0,34.15,S
2021-07-21T13:22:49,700.0,34.15,S
2021-07-21T13:22:47,100.0,34.2,B
2021-07-21T13:22:32,400.0,34.15,S
2021-07-21T13:22:29,700.0,34.15,S
2021-07-21T13:22:28,1000.0,34.2,S
2021-07-21T13:22:25,1000.0,34.2,S
2021-07-21T13:22:25,1000.0,34.2,S
2021-07-21T13:22:25,3700.0,34.2,S
2021-07-21T13:22:25,100.0,34.2,S
2021-07-21T13:22:25,200.0,34.2,S
2021-07-21T13:22:25,500.0,34.2,S
2021-07-21T13:22:25,15500.0,34.2,S
2021-07-21T13:22:25,200.0,34.2,S
2021-07-21T13:22:25,500.0,34.2,S
2021-07-21T13:22:23,500.0,34.25,B
2021-07-21T13:22:21,1000.0,34.2,S
2021-07-21T13:22:20,400.0,34.2,S
2021-07-21T13:22:20,3000.0,34.2,S
2021-07-21T13:22:19,1500.0,34.2,S
2021-07-21T13:22:19,700.0,34.2,S
2021-07-21T13:22:18,2600.0,34.2,S
2021-07-21T13:22:18,100.0,34.2,S
2021-07-21T13:22:18,2300.0,34.2,S
2021-07-21T13:22:17,100.0,34.2,S
2021-07-21T13:22:14,1700.0,34.2,S
2021-07-21T13:22:13,100.0,34.2,S
2021-07-21T13:22:11,2200.0,34.2,S
2021-07-21T13:22:10,700.0,34.2,S
2021-07-21T13:22:09,3000.0,34.2,S
2021-07-21T13:22:08,1000.0,34.2,S
2021-07-21T13:22:05,15000.0,34.2,S
2021-07-21T13:22:05,700.0,34.2,S
2021-07-21T13:22:03,500.0,34.2,S
2021-07-21T13:22:03,1000.0,34.2,S
2021-07-21T13:22:01,500.0,34.25,B
2021-07-21T13:22:00,200.0,34.2,S
2021-07-21T13:21:59,100.0,34.2,S
2021-07-21T13:21:58,70000.0,34.2,S
2021-07-21T13:21:58,3400.0,34.2,S
2021-07-21T13:21:58,1600.0,34.2,S
2021-07-21T13:21:57,700.0,34.2,S
2021-07-21T13:21:48,2000.0,34.2,S
2021-07-21T13:21:43,3000.0,34.2,S
2021-07-21T13:21:43,1000.0,34.2,S
2021-07-21T13:21:40,6000.0,34.2,S
2021-07-21T13:21:38,100.0,34.2,S
2021-07-21T13:21:36,500.0,34.2,S
2021-07-21T13:21:31,500.0,34.2,S
2021-07-21T13:21:28,500.0,34.2,S
2021-07-21T13:21:28,1500.0,34.2,S
2021-07-21T13:21:28,300.0,34.2,S
2021-07-21T13:21:26,300.0,34.2,S
2021-07-21T13:21:19,2000.0,34.2,S
2021-07-21T13:21:15,2000.0,34.2,S
2021-07-21T13:21:14,2000.0,34.2,S
2021-07-21T13:21:12,20000.0,34.2,S
2021-07-21T13:21:12,100.0,34.2,S
2021-07-21T13:21:11,300.0,34.25,B
2021-07-21T13:21:10,1000.0,34.2,S
2021-07-21T13:21:09,100.0,34.2,S
2021-07-21T13:20:59,5000.0,34.2,S
2021-07-21T13:20:58,700.0,34.2,S
2021-07-21T13:20:57,3000.0,34.2,S
2021-07-21T13:20:48,800.0,34.2,S
2021-07-21T13:20:39,2800.0,34.2,S
2021-07-21T13:20:37,100.0,34.2,S
2021-07-21T13:20:34,30000.0,34.2,S
2021-07-21T13:20:33,2000.0,34.2,S
2021-07-21T13:20:31,200.0,34.2,S
2021-07-21T13:20:26,1000.0,34.2,S
2021-07-21T13:20:24,1000.0,34.2,S
2021-07-21T13:20:22,5000.0,34.2,S
2021-07-21T13:20:15,100.0,34.2,S
2021-07-21T13:19:55,100.0,34.2,S
2021-07-21T13:19:54,1000.0,34.2,S
2021-07-21T13:19:52,100.0,34.2,S
2021-07-21T13:19:48,300.0,34.25,B
2021-07-21T13:19:45,2000.0,34.2,S
2021-07-21T13:19:45,200.0,34.2,S
2021-07-21T13:19:40,100.0,34.2,S
2021-07-21T13:19:37,100.0,34.2,S
2021-07-21T13:19:21,1000.0,34.2,S
2021-07-21T13:19:01,100.0,34.2,S
2021-07-21T13:19:01,200.0,34.2,S
2021-07-21T13:19:00,4900.0,34.25,B
2021-07-21T13:19:00,100.0,34.25,B
2021-07-21T13:18:53,1600.0,34.2,S
2021-07-21T13:18:50,500.0,34.2,S
2021-07-21T13:18:40,100.0,34.2,S
2021-07-21T13:18:30,200.0,34.2,S
2021-07-21T13:18:19,500.0,34.2,S
2021-07-21T13:18:16,700.0,34.2,S
2021-07-21T13:18:12,700.0,34.2,S
2021-07-21T13:18:09,1000.0,34.25,B
2021-07-21T13:18:07,700.0,34.2,S
2021-07-21T13:18:07,300.0,34.2,S
2021-07-21T13:18:06,300.0,34.2,S
2021-07-21T13:18:05,700.0,34.2,S
2021-07-21T13:18:00,700.0,34.2,S
2021-07-21T13:17:59,20000.0,34.2,S
2021-07-21T13:17:56,200.0,34.2,S
2021-07-21T13:17:53,15000.0,34.2,S
2021-07-21T13:17:51,200.0,34.2,S
2021-07-21T13:17:51,1000.0,34.2,S
2021-07-21T13:17:48,200.0,34.2,S
2021-07-21T13:17:44,100.0,34.25,B
2021-07-21T13:17:41,200.0,34.2,S
2021-07-21T13:17:29,1200.0,34.2,S
2021-07-21T13:17:16,500.0,34.25,B
2021-07-21T13:16:55,1900.0,34.25,S
2021-07-21T13:16:55,7300.0,34.25,S
2021-07-21T13:16:52,5000.0,34.25,S
2021-07-21T13:16:38,300.0,34.25,S
2021-07-21T13:16:38,500.0,34.25,S
2021-07-21T13:16:38,500.0,34.25,S
2021-07-21T13:16:30,4000.0,34.25,S
2021-07-21T13:16:22,100.0,34.25,S
2021-07-21T13:16:16,100.0,34.25,S
2021-07-21T13:16:13,200.0,34.25,S
2021-07-21T13:16:03,1000.0,34.25,S
2021-07-21T13:16:01,100.0,34.25,S
2021-07-21T13:15:45,1000.0,34.25,S
2021-07-21T13:15:39,500.0,34.25,S
2021-07-21T13:15:17,1900.0,34.25,S
2021-07-21T13:15:14,200.0,34.25,S
2021-07-21T13:14:38,100.0,34.25,S
2021-07-21T13:14:37,1000.0,34.25,S
2021-07-21T13:14:30,500.0,34.25,S
2021-07-21T13:14:25,700.0,34.25,S
2021-07-21T13:14:22,500.0,34.25,S
2021-07-21T13:14:19,1100.0,34.25,S
2021-07-21T13:14:17,6500.0,34.25,S
2021-07-21T13:13:56,100.0,34.25,B
2021-07-21T13:13:50,4500.0,34.25,B
2021-07-21T13:13:29,200.0,34.3,B
2021-07-21T13:13:23,100.0,34.25,S
2021-07-21T13:13:13,7900.0,34.25,S
2021-07-21T13:13:01,100.0,34.25,S
2021-07-21T13:12:54,1000.0,34.25,S
2021-07-21T13:12:49,2000.0,34.25,S
2021-07-21T13:12:47,10000.0,34.25,S
2021-07-21T13:12:43,300.0,34.3,B
2021-07-21T13:12:41,500.0,34.25,S
2021-07-21T13:12:36,500.0,34.25,S
2021-07-21T13:12:19,6000.0,34.25,B
2021-07-21T13:12:19,1000.0,34.25,B
2021-07-21T13:12:19,600.0,34.25,B
2021-07-21T13:12:19,1000.0,34.25,B
2021-07-21T13:12:19,1300.0,34.25,B
2021-07-21T13:12:19,600.0,34.25,B
2021-07-21T13:12:19,2100.0,34.25,B
2021-07-21T13:12:08,500.0,34.2,S
2021-07-21T13:12:08,100.0,34.2,S
2021-07-21T13:12:05,1000.0,34.2,S
2021-07-21T13:12:04,2000.0,34.2,S
2021-07-21T13:12:02,100.0,34.2,S
2021-07-21T13:12:02,500.0,34.2,S
2021-07-21T13:11:55,700.0,34.2,S
2021-07-21T13:11:52,800.0,34.2,S
2021-07-21T13:11:47,700.0,34.2,S
2021-07-21T13:11:43,700.0,34.2,S
2021-07-21T13:11:39,700.0,34.2,S
2021-07-21T13:11:33,700.0,34.2,S
2021-07-21T13:11:27,3400.0,34.25,B
2021-07-21T13:11:27,16600.0,34.25,B
2021-07-21T13:11:24,600.0,34.2,S
2021-07-21T13:11:19,4100.0,34.2,S
2021-07-21T13:11:19,900.0,34.2,S
2021-07-21T13:11:17,300.0,34.2,S
2021-07-21T13:11:14,500.0,34.2,S
2021-07-21T13:11:11,10000.0,34.25,B
2021-07-21T13:10:46,100.0,34.2,S
2021-07-21T13:10:41,3000.0,34.25,B
2021-07-21T13:10:41,700.0,34.2,S
2021-07-21T13:10:39,4100.0,34.25,B
2021-07-21T13:10:31,1000.0,34.25,B
2021-07-21T13:10:12,1000.0,34.25,B
2021-07-21T13:10:09,200.0,34.25,B
2021-07-21T13:09:39,1400.0,34.25,B
2021-07-21T13:09:37,300.0,34.25,B
2021-07-21T13:09:29,500.0,34.25,B
2021-07-21T13:09:24,5000.0,34.25,B
2021-07-21T13:09:24,800.0,34.25,B
2021-07-21T13:09:21,200.0,34.25,B
2021-07-21T13:09:18,1000.0,34.25,B
2021-07-21T13:09:14,200.0,34.25,B
2021-07-21T13:08:54,2000.0,34.25,B
2021-07-21T13:08:34,100.0,34.2,S
2021-07-21T13:08:24,5500.0,34.25,B
2021-07-21T13:08:05,500.0,34.25,B
2021-07-21T13:07:54,10000.0,34.25,B
2021-07-21T13:07:12,9000.0,34.25,B
2021-07-21T13:06:59,200.0,34.25,B
2021-07-21T13:06:43,1000.0,34.2,S
2021-07-21T13:06:06,100.0,34.2,S
2021-07-21T13:05:58,3700.0,34.25,B
2021-07-21T13:05:43,500.0,34.2,S
2021-07-21T13:05:27,300.0,34.25,B
2021-07-21T13:05:16,200.0,34.2,S
2021-07-21T13:05:14,6800.0,34.25,B
2021-07-21T13:05:08,4000.0,34.25,B
2021-07-21T13:04:47,5000.0,34.25,B
2021-07-21T13:04:45,100.0,34.25,B
2021-07-21T13:04:16,1000.0,34.25,B
2021-07-21T13:04:09,200.0,34.25,B
2021-07-21T13:03:55,100.0,34.25,B
2021-07-21T13:03:43,3000.0,34.25,B
2021-07-21T13:03:25,700.0,34.2,S
2021-07-21T13:03:25,400.0,34.2,S
2021-07-21T13:03:25,2300.0,34.2,S
2021-07-21T13:03:25,400.0,34.2,S
2021-07-21T13:03:25,200.0,34.2,S
2021-07-21T13:03:25,500.0,34.2,S
2021-07-21T13:03:25,5700.0,34.2,S
2021-07-21T13:03:25,36800.0,34.2,S
2021-07-21T13:03:24,1000.0,34.2,S
2021-07-21T13:03:21,100.0,34.25,B
2021-07-21T13:03:21,20000.0,34.25,B
2021-07-21T13:03:09,500.0,34.2,S
2021-07-21T13:02:59,500.0,34.2,S
2021-07-21T13:02:45,100.0,34.2,S
2021-07-21T13:02:26,500.0,34.2,S
2021-07-21T13:02:24,500.0,34.25,B
2021-07-21T13:02:20,100.0,34.2,S
2021-07-21T13:01:47,1000.0,34.25,B
2021-07-21T13:01:44,1000.0,34.2,S
2021-07-21T13:01:29,100.0,34.2,S
2021-07-21T13:01:29,100.0,34.2,S
2021-07-21T13:01:09,8000.0,34.2,S
2021-07-21T13:00:56,100.0,34.2,S
2021-07-21T13:00:23,200.0,34.2,S
2021-07-21T13:00:21,100.0,34.25,B
2021-07-21T13:00:21,100.0,34.25,B
2021-07-21T13:00:14,100.0,34.2,S
2021-07-21T13:00:14,100.0,34.2,S
2021-07-21T13:00:12,100.0,34.2,S
2021-07-21T13:00:11,5000.0,34.2,S
2021-07-21T13:00:10,100.0,34.2,S
2021-07-21T13:00:09,100.0,34.2,S
2021-07-21T13:00:07,1000.0,34.25,B
2021-07-21T13:00:07,5000.0,34.25,B
2021-07-21T13:00:07,300.0,34.2,S
2021-07-21T13:00:07,800.0,34.2,S
2021-07-21T13:00:07,600.0,34.2,S
2021-07-21T13:00:07,300.0,34.2,S
2021-07-21T13:00:07,100.0,34.2,S
2021-07-21T13:00:05,1000.0,34.2,S
2021-07-21T13:00:05,500.0,34.2,S
2021-07-21T13:00:05,200.0,34.2,S
2021-07-21T13:00:05,100.0,34.2,S
2021-07-21T13:00:05,1000.0,34.25,B
2021-07-21T13:00:05,400.0,34.2,S
2021-07-21T13:00:05,500.0,34.2,S
2021-07-21T13:00:05,500.0,34.2,S
2021-07-21T13:00:05,1500.0,34.2,S
2021-07-21T13:00:05,300.0,34.2,S
2021-07-21T13:00:05,100.0,34.25,B
2021-07-21T13:00:05,100.0,34.2,S
2021-07-21T13:00:05,200.0,34.2,S
2021-07-21T13:00:02,700.0,34.2,S
2021-07-21T13:00:02,700.0,34.2,S
2021-07-21T11:29:58,700.0,34.2,S
2021-07-21T11:29:58,700.0,34.2,S
2021-07-21T11:29:53,700.0,34.2,S
2021-07-21T11:29:53,1600.0,34.25,S
2021-07-21T11:29:53,3100.0,34.25,S
2021-07-21T11:29:53,12300.0,34.25,S
2021-07-21T11:29:53,19300.0,34.25,S
2021-07-21T11:29:53,6000.0,34.25,S
2021-07-21T11:29:53,8000.0,34.25,S
2021-07-21T11:29:53,32300.0,34.25,S
2021-07-21T11:29:51,1000.0,34.25,S
2021-07-21T11:29:49,500.0,34.25,S
2021-07-21T11:29:44,500.0,34.25,S
2021-07-21T11:29:44,500.0,34.25,S
2021-07-21T11:29:44,500.0,34.25,S
2021-07-21T11:29:40,500.0,34.25,S
2021-07-21T11:29:33,200.0,34.25,S
2021-07-21T11:29:27,300.0,34.25,S
2021-07-21T11:29:26,200.0,34.25,S
2021-07-21T11:29:23,400.0,34.3,B
2021-07-21T11:29:23,1000.0,34.3,B
2021-07-21T11:29:22,100.0,34.3,B
2021-07-21T11:29:18,50000.0,34.25,S
2021-07-21T11:29:03,100.0,34.25,S
2021-07-21T11:28:51,3800.0,34.3,B
2021-07-21T11:28:28,100.0,34.3,B
2021-07-21T11:28:26,2000.0,34.3,B
2021-07-21T11:28:13,100.0,34.3,B
2021-07-21T11:27:59,500.0,34.3,B
2021-07-21T11:27:44,1400.0,34.3,B
2021-07-21T11:27:30,900.0,34.3,B
2021-07-21T11:27:30,2000.0,34.3,B
2021-07-21T11:27:30,2100.0,34.3,B
2021-07-21T11:27:13,100.0,34.25,S
2021-07-21T11:27:10,500.0,34.25,S
2021-07-21T11:26:51,1000.0,34.25,S
2021-07-21T11:26:47,100.0,34.25,S
2021-07-21T11:26:13,600.0,34.25,S
2021-07-21T11:26:13,100.0,34.25,S
2021-07-21T11:26:09,5000.0,34.3,B
2021-07-21T11:26:06,100.0,34.25,S
2021-07-21T11:25:14,5000.0,34.25,S
2021-07-21T11:25:10,200.0,34.3,B
2021-07-21T11:24:38,200.0,34.3,B
2021-07-21T11:24:38,100.0,34.3,B
2021-07-21T11:24:33,200.0,34.25,S
2021-07-21T11:24:33,2000.0,34.25,S
2021-07-21T11:24:13,300.0,34.25,S
2021-07-21T11:24:09,200.0,34.3,B
2021-07-21T11:23:59,400.0,34.3,B
2021-07-21T11:23:55,300.0,34.25,S
2021-07-21T11:23:54,700.0,34.25,S
2021-07-21T11:23:49,2500.0,34.25,S
2021-07-21T11:23:43,100.0,34.25,S
2021-07-21T11:23:40,200.0,34.3,B
2021-07-21T11:23:35,1000.0,34.25,S
2021-07-21T11:23:17,500.0,34.25,S
2021-07-21T11:23:08,200.0,34.25,S
2021-07-21T11:23:08,200.0,34.3,B
2021-07-21T11:22:49,200.0,34.3,B
2021-07-21T11:22:44,300.0,34.3,B
2021-07-21T11:22:40,200.0,34.3,B
2021-07-21T11:22:29,2900.0,34.25,S
2021-07-21T11:22:27,100.0,34.3,B
2021-07-21T11:22:19,100.0,34.3,B
2021-07-21T11:22:11,200.0,34.3,B
2021-07-21T11:21:55,1000.0,34.25,S
2021-07-21T11:21:53,500.0,34.3,B
2021-07-21T11:21:41,200.0,34.3,B
2021-07-21T11:21:27,2000.0,34.25,S
2021-07-21T11:21:22,100.0,34.25,S
2021-07-21T11:21:10,200.0,34.3,B
2021-07-21T11:21:03,100.0,34.25,S
2021-07-21T11:20:50,2000.0,34.25,S
2021-07-21T11:20:50,200.0,34.25,B
2021-07-21T11:20:40,200.0,34.25,B
2021-07-21T11:20:38,500.0,34.25,B
2021-07-21T11:20:29,2100.0,34.25,B
2021-07-21T11:20:29,2900.0,34.25,B
2021-07-21T11:20:24,1000.0,34.25,B
2021-07-21T11:20:24,500.0,34.25,B
2021-07-21T11:20:14,200.0,34.25,B
2021-07-21T11:20:12,500.0,34.25,B
2021-07-21T11:20:11,200.0,34.25,B
2021-07-21T11:20:02,500.0,34.2,S
2021-07-21T11:20:00,600.0,34.25,B
2021-07-21T11:20:00,500.0,34.25,B
2021-07-21T11:19:57,100.0,34.25,B
2021-07-21T11:19:56,3000.0,34.25,B
2021-07-21T11:19:56,500.0,34.25,B
2021-07-21T11:19:39,200.0,34.25,B
2021-07-21T11:19:39,5000.0,34.25,B
2021-07-21T11:19:39,1000.0,34.25,B
2021-07-21T11:19:38,6000.0,34.25,B
2021-07-21T11:19:35,200.0,34.25,B
2021-07-21T11:19:34,100.0,34.25,B
2021-07-21T11:19:33,200.0,34.25,B
2021-07-21T11:19:32,1000.0,34.25,B
2021-07-21T11:19:18,400.0,34.25,B
2021-07-21T11:19:09,200.0,34.25,B
2021-07-21T11:18:53,2000.0,34.25,B
2021-07-21T11:18:45,5000.0,34.25,B
2021-07-21T11:18:39,200.0,34.25,B
2021-07-21T11:18:38,4100.0,34.25,S
2021-07-21T11:18:22,3900.0,34.25,S
2021-07-21T11:18:18,4200.0,34.25,B
2021-07-21T11:18:15,1900.0,34.25,B
2021-07-21T11:18:15,100.0,34.25,B
2021-07-21T11:18:11,200.0,34.25,B
2021-07-21T11:18:09,100.0,34.25,B
2021-07-21T11:18:09,1700.0,34.25,B
2021-07-21T11:18:09,500.0,34.25,B
2021-07-21T11:18:09,4000.0,34.25,B
2021-07-21T11:18:09,3700.0,34.25,B
2021-07-21T11:17:50,600.0,34.25,B
2021-07-21T11:17:41,200.0,34.25,B
2021-07-21T11:17:37,500.0,34.25,B
2021-07-21T11:17:33,1000.0,34.25,B
2021-07-21T11:17:28,500.0,34.25,B
2021-07-21T11:17:18,100.0,34.25,B
2021-07-21T11:17:18,2000.0,34.25,B
2021-07-21T11:17:11,200.0,34.25,B
2021-07-21T11:16:50,100.0,34.2,S
2021-07-21T11:16:41,200.0,34.25,B
2021-07-21T11:16:31,3400.0,34.2,B
2021-07-21T11:16:31,600.0,34.2,B
2021-07-21T11:16:29,500.0,34.2,B
2021-07-21T11:16:27,2700.0,34.2,B
2021-07-21T11:16:27,300.0,34.2,B
2021-07-21T11:16:27,100.0,34.2,B
2021-07-21T11:16:26,5000.0,34.2,B
2021-07-21T11:16:25,1000.0,34.2,B
2021-07-21T11:16:24,2000.0,34.2,B
2021-07-21T11:16:21,5000.0,34.2,B
2021-07-21T11:16:21,1500.0,34.2,B
2021-07-21T11:16:21,5000.0,34.2,B
2021-07-21T11:16:19,3100.0,34.2,B
2021-07-21T11:16:19,5000.0,34.2,B
2021-07-21T11:16:19,6900.0,34.2,B
2021-07-21T11:16:19,6000.0,34.15,S
2021-07-21T11:16:17,4100.0,34.2,B
2021-07-21T11:16:17,100.0,34.2,B
2021-07-21T11:16:14,1000.0,34.2,B
2021-07-21T11:16:13,33200.0,34.2,B
2021-07-21T11:16:13,12100.0,34.2,B
2021-07-21T11:16:13,3500.0,34.2,B
2021-07-21T11:16:13,2300.0,34.2,B
2021-07-21T11:16:13,15000.0,34.2,B
2021-07-21T11:16:13,100.0,34.2,B
2021-07-21T11:16:13,33800.0,34.2,B
2021-07-21T11:16:12,400.0,34.2,B
2021-07-21T11:16:05,200.0,34.2,B
2021-07-21T11:16:03,300.0,34.2,B
2021-07-21T11:16:03,1000.0,34.2,B
2021-07-21T11:16:02,400.0,34.2,B
2021-07-21T11:15:58,500.0,34.2,B
2021-07-21T11:15:55,1700.0,34.2,B
2021-07-21T11:15:55,500.0,34.2,B
2021-07-21T11:15:48,2500.0,34.2,B
2021-07-21T11:15:46,100.0,34.2,B
2021-07-21T11:15:44,5000.0,34.2,B
2021-07-21T11:15:43,500.0,34.2,B
2021-07-21T11:15:33,200.0,34.2,B
2021-07-21T11:15:28,2000.0,34.2,B
2021-07-21T11:15:18,100.0,34.15,S
2021-07-21T11:15:17,900.0,34.2,B
2021-07-21T11:15:11,500.0,34.2,B
2021-07-21T11:15:05,200.0,34.2,B
2021-07-21T11:15:04,100.0,34.2,B
2021-07-21T11:14:58,10000.0,34.2,B
2021-07-21T11:14:58,2000.0,34.2,B
2021-07-21T11:14:42,1000.0,34.2,B
2021-07-21T11:14:35,200.0,34.2,B
2021-07-21T11:14:31,1000.0,34.2,B
2021-07-21T11:14:27,1000.0,34.2,B
2021-07-21T11:14:24,2500.0,34.2,B
2021-07-21T11:14:23,100.0,34.2,B
2021-07-21T11:14:23,100.0,34.2,B
2021-07-21T11:14:11,500.0,34.2,B
2021-07-21T11:14:07,6000.0,34.15,S
2021-07-21T11:14:05,200.0,34.2,B
2021-07-21T11:13:51,100.0,34.2,B
2021-07-21T11:13:44,5000.0,34.2,B
2021-07-21T11:13:36,200.0,34.2,B
2021-07-21T11:13:35,200.0,34.15,S
2021-07-21T11:13:28,300.0,34.2,B
2021-07-21T11:13:20,4000.0,34.15,S
2021-07-21T11:13:11,200.0,34.15,S
2021-07-21T11:13:06,200.0,34.2,B
2021-07-21T11:12:59,200.0,34.15,S
2021-07-21T11:12:53,100.0,34.15,S
2021-07-21T11:12:51,500.0,34.2,B
2021-07-21T11:12:49,3700.0,34.15,S
2021-07-21T11:12:46,300.0,34.2,B
2021-07-21T11:12:46,200.0,34.2,B
2021-07-21T11:12:42,1000.0,34.15,S
2021-07-21T11:12:38,1600.0,34.15,S
2021-07-21T11:12:36,200.0,34.2,B
2021-07-21T11:12:33,2000.0,34.15,S
2021-07-21T11:12:16,100.0,34.15,S
2021-07-21T11:12:11,600.0,34.15,S
2021-07-21T11:12:07,200.0,34.2,B
2021-07-21T11:12:02,27200.0,34.15,S
2021-07-21T11:12:02,2500.0,34.15,S
2021-07-21T11:12:02,3600.0,34.15,S
2021-07-21T11:12:02,6700.0,34.15,S
2021-07-21T11:11:57,100.0,34.15,S
2021-07-21T11:11:49,700.0,34.15,S
2021-07-21T11:11:49,100.0,34.15,S
2021-07-21T11:11:49,200.0,34.15,S
2021-07-21T11:11:37,200.0,34.2,B
2021-07-21T11:11:07,200.0,34.2,B
2021-07-21T11:10:58,300.0,34.2,B
2021-07-21T11:10:53,1200.0,34.15,S
2021-07-21T11:10:37,200.0,34.2,B
2021-07-21T11:10:37,500.0,34.2,B
2021-07-21T11:10:32,5000.0,34.2,B
2021-07-21T11:10:25,100.0,34.15,S
2021-07-21T11:10:12,500.0,34.2,B
2021-07-21T11:10:09,1000.0,34.2,B
2021-07-21T11:10:08,200.0,34.2,B
2021-07-21T11:10:06,200.0,34.2,B
2021-07-21T11:09:56,1100.0,34.2,S
2021-07-21T11:09:55,5000.0,34.2,S
2021-07-21T11:09:45,100.0,34.2,S
2021-07-21T11:09:45,100.0,34.2,S
2021-07-21T11:09:45,4800.0,34.2,S
2021-07-21T11:09:45,100.0,34.2,S
2021-07-21T11:09:38,200.0,34.25,B
2021-07-21T11:09:08,200.0,34.25,B
2021-07-21T11:09:05,2000.0,34.2,S
2021-07-21T11:09:04,1000.0,34.2,S
2021-07-21T11:09:03,7000.0,34.2,S
2021-07-21T11:08:52,200.0,34.2,S
2021-07-21T11:08:52,3000.0,34.2,S
2021-07-21T11:08:50,500.0,34.2,S
2021-07-21T11:08:48,100.0,34.2,S
2021-07-21T11:08:40,800.0,34.2,S
2021-07-21T11:08:40,11900.0,34.2,S
2021-07-21T11:08:38,200.0,34.25,B
2021-07-21T11:08:35,100.0,34.2,S
2021-07-21T11:08:19,6000.0,34.25,S
2021-07-21T11:08:12,300.0,34.3,B
2021-07-21T11:08:08,200.0,34.3,B
2021-07-21T11:07:53,500.0,34.3,B
2021-07-21T11:07:38,200.0,34.3,B
2021-07-21T11:07:26,900.0,34.3,B
2021-07-21T11:07:18,300.0,34.25,S
2021-07-21T11:07:10,500.0,34.25,S
2021-07-21T11:07:10,200.0,34.3,B
2021-07-21T11:07:06,100.0,34.25,S
2021-07-21T11:07:04,400.0,34.3,B
2021-07-21T11:06:57,400.0,34.3,B
2021-07-21T11:06:40,200.0,34.3,B
2021-07-21T11:06:35,500.0,34.3,B
2021-07-21T11:06:35,500.0,34.3,B
2021-07-21T11:06:31,5600.0,34.3,B
2021-07-21T11:06:31,100.0,34.3,B
2021-07-21T11:06:31,3000.0,34.3,B
2021-07-21T11:06:31,100.0,34.3,B
2021-07-21T11:06:31,200.0,34.3,B
2021-07-21T11:06:31,400.0,34.3,B
2021-07-21T11:06:31,3500.0,34.3,B
2021-07-21T11:06:31,200.0,34.3,B
2021-07-21T11:06:31,600.0,34.3,B
2021-07-21T11:06:31,1500.0,34.3,B
2021-07-21T11:06:31,2000.0,34.3,B
2021-07-21T11:06:31,1000.0,34.3,B
2021-07-21T11:06:31,5500.0,34.3,B
2021-07-21T11:06:31,20000.0,34.3,B
2021-07-21T11:06:31,5000.0,34.3,B
2021-07-21T11:06:31,2000.0,34.3,B
2021-07-21T11:06:31,49300.0,34.3,B
2021-07-21T11:06:11,100.0,34.25,B
2021-07-21T11:06:09,200.0,34.25,B
2021-07-21T11:05:59,400.0,34.2,S
2021-07-21T11:05:54,700.0,34.2,S
2021-07-21T11:05:50,900.0,34.2,S
2021-07-21T11:05:50,700.0,34.2,S
2021-07-21T11:05:50,200.0,34.2,S
2021-07-21T11:05:50,1500.0,34.25,B
2021-07-21T11:05:50,500.0,34.25,B
2021-07-21T11:05:46,700.0,34.2,S
2021-07-21T11:05:42,2000.0,34.25,B
2021-07-21T11:05:42,700.0,34.2,S
2021-07-21T11:05:40,200.0,34.25,B
2021-07-21T11:05:34,700.0,34.2,S
2021-07-21T11:05:34,300.0,34.2,S
2021-07-21T11:05:31,700.0,34.2,S
2021-07-21T11:05:29,1500.0,34.25,B
2021-07-21T11:05:24,200.0,34.2,S
2021-07-21T11:05:19,2000.0,34.2,S
2021-07-21T11:05:15,1000.0,34.25,B
2021-07-21T11:05:11,200.0,34.25,B
2021-07-21T11:05:09,100.0,34.2,S
2021-07-21T11:04:44,300.0,34.2,S
2021-07-21T11:04:39,200.0,34.25,B
2021-07-21T11:04:16,100.0,34.2,S
2021-07-21T11:04:10,200.0,34.25,B
2021-07-21T11:03:39,200.0,34.3,B
2021-07-21T11:03:35,200.0,34.2,S
2021-07-21T11:03:29,1000.0,34.2,S
2021-07-21T11:03:12,1300.0,34.2,S
2021-07-21T11:03:12,5000.0,34.2,S
2021-07-21T11:03:11,200.0,34.3,B
2021-07-21T11:03:03,4900.0,34.2,S
2021-07-21T11:03:03,100.0,34.2,S
2021-07-21T11:02:41,400.0,34.2,S
2021-07-21T11:02:41,100.0,34.2,S
2021-07-21T11:02:41,200.0,34.2,S
2021-07-21T11:02:41,200.0,34.3,B
2021-07-21T11:02:41,600.0,34.2,S
2021-07-21T11:02:35,700.0,34.2,S
2021-07-21T11:02:33,700.0,34.2,S
2021-07-21T11:02:30,200.0,34.2,S
2021-07-21T11:02:30,500.0,34.2,S
2021-07-21T11:02:24,700.0,34.2,S
2021-07-21T11:02:19,700.0,34.2,S
2021-07-21T11:02:14,700.0,34.2,S
2021-07-21T11:02:12,200.0,34.3,B
2021-07-21T11:01:39,400.0,34.2,S
2021-07-21T11:01:36,100.0,34.15,S
2021-07-21T11:01:36,700.0,34.15,S
2021-07-21T11:01:31,700.0,34.15,S
2021-07-21T11:01:27,700.0,34.15,S
2021-07-21T11:01:23,700.0,34.15,S
2021-07-21T11:01:21,8000.0,34.3,B
2021-07-21T11:01:19,700.0,34.15,S
2021-07-21T11:01:15,900.0,34.15,S
2021-07-21T11:01:15,3000.0,34.15,S
2021-07-21T11:01:15,1500.0,34.2,S
2021-07-21T11:01:14,400.0,34.2,S
2021-07-21T11:01:13,700.0,34.2,S
2021-07-21T11:01:13,700.0,34.2,S
2021-07-21T11:01:08,200.0,34.2,S
2021-07-21T11:00:53,1000.0,34.2,S
2021-07-21T11:00:32,2700.0,34.2,S
2021-07-21T11:00:32,4000.0,34.2,S
2021-07-21T11:00:32,500.0,34.2,S
2021-07-21T11:00:32,500.0,34.2,S
2021-07-21T11:00:32,4100.0,34.2,S
2021-07-21T11:00:32,8800.0,34.2,S
2021-07-21T11:00:32,500.0,34.2,S
2021-07-21T11:00:32,1000.0,34.2,S
2021-07-21T11:00:32,36000.0,34.2,S
2021-07-21T11:00:32,18800.0,34.2,S
2021-07-21T11:00:32,1200.0,34.2,S
2021-07-21T11:00:32,2300.0,34.2,S
2021-07-21T11:00:32,3900.0,34.25,S
2021-07-21T11:00:32,200.0,34.25,S
2021-07-21T11:00:32,7600.0,34.25,S
2021-07-21T11:00:32,1700.0,34.25,S
2021-07-21T11:00:32,1500.0,34.25,S
2021-07-21T11:00:32,4700.0,34.25,S
2021-07-21T11:00:22,500.0,34.25,S
2021-07-21T11:00:21,200.0,34.3,B
2021-07-21T11:00:18,100.0,34.3,B
2021-07-21T11:00:13,1000.0,34.3,B
2021-07-21T11:00:13,100.0,34.25,S
2021-07-21T11:00:12,1000.0,34.25,S
2021-07-21T10:59:33,200.0,34.3,B
2021-07-21T10:59:19,2500.0,34.3,B
2021-07-21T10:59:09,1000.0,34.25,S
2021-07-21T10:59:05,200.0,34.3,B
2021-07-21T10:59:03,200.0,34.3,B
2021-07-21T10:58:54,5000.0,34.3,B
2021-07-21T10:58:43,100.0,34.3,B
2021-07-21T10:58:36,200.0,34.3,B
2021-07-21T10:58:36,100.0,34.3,B
2021-07-21T10:58:36,5300.0,34.3,S
2021-07-21T10:58:33,5200.0,34.3,S
2021-07-21T10:58:33,1000.0,34.3,S
2021-07-21T10:58:33,1200.0,34.3,S
2021-07-21T10:58:33,4700.0,34.3,S
2021-07-21T10:58:33,6800.0,34.3,S
2021-07-21T10:58:33,15100.0,34.3,S
2021-07-21T10:58:33,3000.0,34.3,S
2021-07-21T10:58:33,1500.0,34.3,S
2021-07-21T10:58:33,2200.0,34.3,S
2021-07-21T10:58:25,100.0,34.35,B
2021-07-21T10:58:16,2000.0,34.3,S
2021-07-21T10:58:06,9500.0,34.35,B
2021-07-21T10:58:06,3600.0,34.3,S
2021-07-21T10:58:05,200.0,34.35,B
2021-07-21T10:57:56,1600.0,34.3,S
2021-07-21T10:57:56,2000.0,34.3,S
2021-07-21T10:57:56,2000.0,34.3,S
2021-07-21T10:57:56,1100.0,34.3,S
2021-07-21T10:57:56,600.0,34.3,S
2021-07-21T10:57:56,12700.0,34.3,S
2021-07-21T10:57:48,500.0,34.3,S
2021-07-21T10:57:41,100.0,34.35,B
2021-07-21T10:57:36,100.0,34.3,S
2021-07-21T10:57:18,1000.0,34.35,B
2021-07-21T10:57:18,500.0,34.3,S
2021-07-21T10:57:11,100.0,34.35,B
2021-07-21T10:57:03,4000.0,34.3,S
2021-07-21T10:57:00,5000.0,34.3,S
2021-07-21T10:56:55,2000.0,34.3,S
2021-07-21T10:56:54,1000.0,34.3,S
2021-07-21T10:56:52,9000.0,34.3,S
2021-07-21T10:56:48,100.0,34.3,S
2021-07-21T10:56:43,700.0,34.3,S
2021-07-21T10:56:41,100.0,34.35,B
2021-07-21T10:56:37,100.0,34.3,S
2021-07-21T10:56:29,100.0,34.3,S
2021-07-21T10:56:26,1000.0,34.3,S
2021-07-21T10:56:17,1000.0,34.3,S
2021-07-21T10:56:12,100.0,34.35,B
2021-07-21T10:56:11,1500.0,34.3,S
2021-07-21T10:55:58,5000.0,34.3,S
2021-07-21T10:55:54,200.0,34.35,B
2021-07-21T10:55:52,1000.0,34.3,S
2021-07-21T10:55:42,3000.0,34.35,B
2021-07-21T10:55:41,100.0,34.35,B
2021-07-21T10:55:40,500.0,34.3,S
2021-07-21T10:55:32,2000.0,34.3,S
2021-07-21T10:55:29,200.0,34.35,B
2021-07-21T10:55:29,500.0,34.3,S
2021-07-21T10:55:23,500.0,34.35,B
2021-07-21T10:55:21,1000.0,34.3,S
2021-07-21T10:55:12,10000.0,34.3,S
2021-07-21T10:55:12,100.0,34.35,B
2021-07-21T10:55:12,200.0,34.35,B
2021-07-21T10:54:43,100.0,34.35,B
2021-07-21T10:54:27,400.0,34.35,B
2021-07-21T10:54:27,100.0,34.3,S
2021-07-21T10:54:24,600.0,34.35,B
2021-07-21T10:54:22,20000.0,34.3,S
2021-07-21T10:54:13,100.0,34.35,B
2021-07-21T10:54:11,10000.0,34.3,S
2021-07-21T10:54:09,10000.0,34.3,S
2021-07-21T10:54:05,5000.0,34.3,S
2021-07-21T10:54:04,1000.0,34.3,S
2021-07-21T10:53:42,100.0,34.35,B
2021-07-21T10:53:28,1000.0,34.35,B
2021-07-21T10:53:21,10000.0,34.3,S
2021-07-21T10:53:15,100.0,34.35,B
2021-07-21T10:53:11,10000.0,34.3,S
2021-07-21T10:53:07,400.0,34.3,S
2021-07-21T10:53:07,1000.0,34.3,S
2021-07-21T10:53:00,100.0,34.3,S
2021-07-21T10:52:57,15000.0,34.3,S
2021-07-21T10:52:45,500.0,34.3,S
2021-07-21T10:52:43,100.0,34.35,B
2021-07-21T10:52:30,5000.0,34.35,B
2021-07-21T10:52:24,400.0,34.3,S
2021-07-21T10:52:12,100.0,34.35,B
2021-07-21T10:52:07,100.0,34.35,B
2021-07-21T10:51:47,1500.0,34.35,B
2021-07-21T10:51:47,5600.0,34.35,B
2021-07-21T10:51:46,2900.0,34.35,B
2021-07-21T10:51:44,100.0,34.35,B
2021-07-21T10:51:33,300.0,34.3,S
2021-07-21T10:51:12,100.0,34.35,B
2021-07-21T10:51:12,300.0,34.3,S
2021-07-21T10:51:03,100.0,34.3,S
2021-07-21T10:51:02,200.0,34.3,S
2021-07-21T10:50:50,10000.0,34.3,S
2021-07-21T10:50:47,10000.0,34.3,S
2021-07-21T10:50:43,100.0,34.35,B
2021-07-21T10:50:41,1000.0,34.3,S
2021-07-21T10:50:21,1500.0,34.3,S
2021-07-21T10:50:20,500.0,34.3,S
2021-07-21T10:50:12,100.0,34.35,B
2021-07-21T10:50:12,1000.0,34.3,S
2021-07-21T10:50:09,10000.0,34.3,S
2021-07-21T10:50:06,100.0,34.3,S
2021-07-21T10:50:02,2000.0,34.3,S
2021-07-21T10:49:56,1000.0,34.3,S
2021-07-21T10:49:56,1000.0,34.3,S
2021-07-21T10:49:56,600.0,34.3,S
2021-07-21T10:49:52,700.0,34.3,S
2021-07-21T10:49:50,100.0,34.3,S
2021-07-21T10:49:49,700.0,34.3,S
2021-07-21T10:49:43,700.0,34.3,S
2021-07-21T10:49:43,100.0,34.35,B
2021-07-21T10:49:40,700.0,34.3,S
2021-07-21T10:49:37,700.0,34.3,S
2021-07-21T10:49:32,500.0,34.3,S
2021-07-21T10:49:27,200.0,34.3,S
2021-07-21T10:49:25,2500.0,34.35,B
2021-07-21T10:49:17,3500.0,34.3,S
2021-07-21T10:49:13,100.0,34.35,B
2021-07-21T10:49:01,9800.0,34.35,B
2021-07-21T10:48:44,100.0,34.35,B
2021-07-21T10:48:39,100.0,34.3,S
2021-07-21T10:48:31,1000.0,34.35,B
2021-07-21T10:48:18,3000.0,34.3,S
2021-07-21T10:48:18,600.0,34.3,S
2021-07-21T10:48:14,100.0,34.35,B
2021-07-21T10:48:13,700.0,34.3,S
2021-07-21T10:48:08,100.0,34.3,S
2021-07-21T10:48:07,5000.0,34.35,B
2021-07-21T10:48:05,1000.0,34.3,S
2021-07-21T10:47:57,500.0,34.3,S
2021-07-21T10:47:49,800.0,34.3,S
2021-07-21T10:47:49,500.0,34.3,S
2021-07-21T10:47:44,100.0,34.35,B
2021-07-21T10:47:41,1000.0,34.3,S
2021-07-21T10:47:31,100.0,34.3,S
2021-07-21T10:47:26,20000.0,34.3,S
2021-07-21T10:47:24,10000.0,34.35,B
2021-07-21T10:47:14,200.0,34.3,S
2021-07-21T10:46:52,500.0,34.35,B
2021-07-21T10:46:45,100.0,34.35,B
2021-07-21T10:46:22,5000.0,34.35,B
2021-07-21T10:46:16,100.0,34.35,B
2021-07-21T10:46:10,10000.0,34.3,S
2021-07-21T10:46:08,200.0,34.3,S
2021-07-21T10:46:01,100.0,34.3,S
2021-07-21T10:45:59,200.0,34.3,S
2021-07-21T10:45:57,400.0,34.3,S
2021-07-21T10:45:54,700.0,34.3,S
2021-07-21T10:45:50,700.0,34.3,S
2021-07-21T10:45:46,100.0,34.35,B
2021-07-21T10:45:45,700.0,34.3,S
2021-07-21T10:45:40,900.0,34.3,S
2021-07-21T10:45:34,700.0,34.3,S
2021-07-21T10:45:28,700.0,34.3,S
2021-07-21T10:45:23,200.0,34.3,S
2021-07-21T10:45:21,2000.0,34.3,S
2021-07-21T10:45:14,100.0,34.35,B
2021-07-21T10:45:10,100.0,34.35,B
2021-07-21T10:44:53,8300.0,34.35,B
2021-07-21T10:44:53,100.0,34.35,B
2021-07-21T10:44:53,2800.0,34.35,B
2021-07-21T10:44:53,5200.0,34.35,B
2021-07-21T10:44:53,6300.0,34.35,B
2021-07-21T10:44:53,6100.0,34.35,B
2021-07-21T10:44:53,1200.0,34.35,B
2021-07-21T10:44:48,1000.0,34.35,B
2021-07-21T10:44:45,100.0,34.35,B
2021-07-21T10:44:38,1000.0,34.35,B
2021-07-21T10:44:31,1000.0,34.3,S
2021-07-21T10:44:16,100.0,34.35,B
2021-07-21T10:44:05,100.0,34.3,S
2021-07-21T10:43:51,1000.0,34.3,S
2021-07-21T10:43:48,900.0,34.35,B
2021-07-21T10:43:44,100.0,34.35,B
2021-07-21T10:43:44,200.0,34.35,B
2021-07-21T10:43:38,100.0,34.35,B
2021-07-21T10:43:30,5000.0,34.35,B
2021-07-21T10:43:26,3800.0,34.35,B
2021-07-21T10:43:22,500.0,34.3,S
2021-07-21T10:43:17,100.0,34.35,B
2021-07-21T10:43:08,1000.0,34.35,B
2021-07-21T10:43:08,5000.0,34.35,B
2021-07-21T10:43:08,300.0,34.35,B
2021-07-21T10:43:05,3500.0,34.35,B
2021-07-21T10:43:05,1000.0,34.35,B
2021-07-21T10:43:05,4100.0,34.35,B
2021-07-21T10:43:05,5000.0,34.35,B
2021-07-21T10:43:04,100.0,34.35,B
2021-07-21T10:43:04,2100.0,34.35,B
2021-07-21T10:43:04,4300.0,34.35,B
2021-07-21T10:43:04,4600.0,34.35,B
2021-07-21T10:43:04,10900.0,34.35,B
2021-07-21T10:43:04,100.0,34.35,B
2021-07-21T10:43:04,3500.0,34.35,B
2021-07-21T10:43:04,3500.0,34.35,B
2021-07-21T10:43:04,1300.0,34.35,B
2021-07-21T10:43:00,2000.0,34.35,B
2021-07-21T10:43:00,1000.0,34.35,B
2021-07-21T10:42:54,5000.0,34.35,B
2021-07-21T10:42:46,100.0,34.35,B
2021-07-21T10:42:42,1000.0,34.3,S
2021-07-21T10:42:36,100.0,34.35,B
2021-07-21T10:42:27,1000.0,34.35,B
2021-07-21T10:42:22,1200.0,34.35,B
2021-07-21T10:42:22,700.0,34.35,B
2021-07-21T10:42:22,2000.0,34.3,S
2021-07-21T10:42:07,100.0,34.35,B
2021-07-21T10:42:04,400.0,34.3,S
2021-07-21T10:41:55,1000.0,34.35,B
2021-07-21T10:41:51,300.0,34.3,S
2021-07-21T10:41:43,2000.0,34.35,B
2021-07-21T10:41:41,500.0,34.35,B
2021-07-21T10:41:39,700.0,34.35,B
2021-07-21T10:41:39,200.0,34.35,B
2021-07-21T10:41:39,100.0,34.35,B
2021-07-21T10:41:38,100.0,34.35,B
2021-07-21T10:41:34,100.0,34.35,B
2021-07-21T10:41:33,500.0,34.35,B
2021-07-21T10:41:28,5000.0,34.35,B
2021-07-21T10:41:23,900.0,34.35,B
2021-07-21T10:41:07,100.0,34.35,B
2021-07-21T10:41:06,700.0,34.35,B
2021-07-21T10:40:59,10000.0,34.3,S
2021-07-21T10:40:43,200.0,34.3,S
2021-07-21T10:40:37,100.0,34.35,B
2021-07-21T10:40:36,200.0,34.3,S
2021-07-21T10:40:33,1000.0,34.3,S
2021-07-21T10:40:33,200.0,34.3,S
2021-07-21T10:40:33,500.0,34.3,S
2021-07-21T10:40:31,6900.0,34.3,B
2021-07-21T10:40:31,11400.0,34.3,B
2021-07-21T10:40:31,9600.0,34.3,B
2021-07-21T10:40:08,100.0,34.3,B
2021-07-21T10:39:54,100.0,34.3,B
2021-07-21T10:39:48,300.0,34.3,B
2021-07-21T10:39:38,100.0,34.3,B
2021-07-21T10:39:26,1000.0,34.25,S
2021-07-21T10:39:26,10000.0,34.3,B
2021-07-21T10:39:25,3000.0,34.3,B
2021-07-21T10:39:10,1000.0,34.3,B
2021-07-21T10:39:08,200.0,34.3,B
2021-07-21T10:39:08,100.0,34.3,B
2021-07-21T10:39:03,300.0,34.3,B
2021-07-21T10:39:00,100.0,34.3,B
2021-07-21T10:38:58,2000.0,34.3,B
2021-07-21T10:38:56,5000.0,34.3,B
2021-07-21T10:38:55,800.0,34.3,B
2021-07-21T10:38:50,500.0,34.3,B
2021-07-21T10:38:42,1000.0,34.3,B
2021-07-21T10:38:40,10000.0,34.3,B
2021-07-21T10:38:39,100.0,34.3,B
2021-07-21T10:38:35,1000.0,34.3,B
2021-07-21T10:38:22,1000.0,34.3,B
2021-07-21T10:38:08,2400.0,34.25,S
2021-07-21T10:38:08,100.0,34.3,B
2021-07-21T10:38:08,300.0,34.3,B
2021-07-21T10:38:05,500.0,34.3,B
2021-07-21T10:37:45,2000.0,34.3,B
2021-07-21T10:37:41,1000.0,34.3,B
2021-07-21T10:37:41,500.0,34.3,B
2021-07-21T10:37:40,100.0,34.3,B
2021-07-21T10:37:38,100.0,34.3,B
2021-07-21T10:37:26,2500.0,34.3,B
2021-07-21T10:37:25,500.0,34.3,B
2021-07-21T10:37:21,13900.0,34.3,B
2021-07-21T10:37:21,1400.0,34.3,B
2021-07-21T10:37:12,100.0,34.3,B
2021-07-21T10:37:08,100.0,34.3,B
2021-07-21T10:37:00,100.0,34.3,B
2021-07-21T10:36:59,2400.0,34.25,S
2021-07-21T10:36:47,100.0,34.25,S
2021-07-21T10:36:43,500.0,34.3,B
2021-07-21T10:36:42,100.0,34.3,B
2021-07-21T10:36:40,500.0,34.3,B
2021-07-21T10:36:39,100.0,34.3,B
2021-07-21T10:36:33,400.0,34.3,B
2021-07-21T10:36:32,1600.0,34.3,B
2021-07-21T10:36:23,1000.0,34.3,B
2021-07-21T10:36:16,10000.0,34.3,B
2021-07-21T10:36:09,100.0,34.3,B
2021-07-21T10:36:01,2000.0,34.3,B
2021-07-21T10:35:57,1000.0,34.3,B
2021-07-21T10:35:40,100.0,34.3,B
2021-07-21T10:35:31,300.0,34.3,B
2021-07-21T10:35:08,100.0,34.3,B
2021-07-21T10:35:02,700.0,34.3,S
2021-07-21T10:35:02,100.0,34.3,S
2021-07-21T10:34:59,500.0,34.3,S
2021-07-21T10:34:56,1000.0,34.3,S
2021-07-21T10:34:56,7000.0,34.3,S
2021-07-21T10:34:44,100.0,34.3,S
2021-07-21T10:34:41,1000.0,34.3,S
2021-07-21T10:34:40,2000.0,34.3,S
2021-07-21T10:34:39,100.0,34.35,B
2021-07-21T10:34:36,1000.0,34.35,B
2021-07-21T10:34:31,10800.0,34.3,S
2021-07-21T10:34:31,100.0,34.35,B
2021-07-21T10:34:08,700.0,34.35,B
2021-07-21T10:34:08,100.0,34.35,B
2021-07-21T10:33:52,2000.0,34.3,S
2021-07-21T10:33:44,1200.0,34.3,S
2021-07-21T10:33:38,100.0,34.35,B
2021-07-21T10:33:31,500.0,34.3,S
2021-07-21T10:33:26,500.0,34.3,S
2021-07-21T10:33:23,1000.0,34.3,S
2021-07-21T10:33:21,5000.0,34.3,S
2021-07-21T10:33:18,1000.0,34.3,S
2021-07-21T10:33:14,700.0,34.3,S
2021-07-21T10:33:11,1000.0,34.3,S
2021-07-21T10:33:09,700.0,34.3,S
2021-07-21T10:33:09,100.0,34.35,B
2021-07-21T10:33:05,700.0,34.3,S
2021-07-21T10:32:59,200.0,34.3,S
2021-07-21T10:32:54,1000.0,34.3,S
2021-07-21T10:32:49,300.0,34.35,B
2021-07-21T10:32:39,100.0,34.35,B
2021-07-21T10:32:36,200.0,34.35,B
2021-07-21T10:32:26,100.0,34.35,B
2021-07-21T10:32:26,200.0,34.35,B
2021-07-21T10:32:23,1000.0,34.35,B
2021-07-21T10:32:09,100.0,34.35,B
2021-07-21T10:31:55,100.0,34.35,B
2021-07-21T10:31:48,5000.0,34.3,S
2021-07-21T10:31:43,1000.0,34.3,S
2021-07-21T10:31:43,1500.0,34.35,B
2021-07-21T10:31:36,500.0,34.3,S
2021-07-21T10:31:25,200.0,34.35,B
2021-07-21T10:31:11,1200.0,34.3,S
2021-07-21T10:31:08,1200.0,34.3,S
2021-07-21T10:31:03,1200.0,34.3,S
2021-07-21T10:31:01,500.0,34.3,S
2021-07-21T10:30:59,1200.0,34.3,S
2021-07-21T10:30:56,100.0,34.35,B
2021-07-21T10:30:33,1200.0,34.3,S
2021-07-21T10:30:33,200.0,34.3,S
2021-07-21T10:30:28,2200.0,34.3,S
2021-07-21T10:30:24,100.0,34.35,B
2021-07-21T10:30:24,700.0,34.3,S
2021-07-21T10:30:24,1200.0,34.3,S
2021-07-21T10:30:17,1200.0,34.3,S
2021-07-21T10:30:15,1000.0,34.3,S
2021-07-21T10:30:09,1000.0,34.35,B
2021-07-21T10:30:00,1000.0,34.3,S
2021-07-21T10:30:00,1000.0,34.3,S
2021-07-21T10:29:55,100.0,34.35,B
2021-07-21T10:29:25,100.0,34.35,B
2021-07-21T10:29:25,500.0,34.35,B
2021-07-21T10:29:24,5000.0,34.35,B
2021-07-21T10:29:19,2000.0,34.3,S
2021-07-21T10:28:56,100.0,34.35,B
2021-07-21T10:28:48,100.0,34.35,B
2021-07-21T10:28:25,100.0,34.35,B
2021-07-21T10:28:07,100.0,34.35,B
2021-07-21T10:27:58,1500.0,34.35,B
2021-07-21T10:27:55,1000.0,34.3,S
2021-07-21T10:27:55,100.0,34.35,B
2021-07-21T10:27:27,200.0,34.3,S
2021-07-21T10:27:26,100.0,34.35,B
2021-07-21T10:27:15,1200.0,34.3,B
2021-07-21T10:27:15,2000.0,34.3,B
2021-07-21T10:27:15,200.0,34.3,B
2021-07-21T10:27:10,200.0,34.3,B
2021-07-21T10:27:07,200.0,34.3,B
2021-07-21T10:27:00,5000.0,34.3,B
2021-07-21T10:26:56,100.0,34.3,B
2021-07-21T10:26:55,100.0,34.3,B
2021-07-21T10:26:55,2000.0,34.3,B
2021-07-21T10:26:49,1000.0,34.3,B
2021-07-21T10:26:43,500.0,34.3,B
2021-07-21T10:26:37,400.0,34.3,B
2021-07-21T10:26:25,100.0,34.3,B
2021-07-21T10:26:04,200.0,34.25,S
2021-07-21T10:25:58,100.0,34.3,B
2021-07-21T10:25:46,300.0,34.25,S
2021-07-21T10:25:44,400.0,34.3,B
2021-07-21T10:25:34,500.0,34.3,B
2021-07-21T10:25:34,2500.0,34.3,B
2021-07-21T10:25:34,2500.0,34.3,B
2021-07-21T10:25:28,100.0,34.3,B
2021-07-21T10:25:13,1000.0,34.3,B
2021-07-21T10:25:08,1800.0,34.3,B
2021-07-21T10:25:08,3200.0,34.3,B
2021-07-21T10:25:05,100.0,34.3,B
2021-07-21T10:25:04,1000.0,34.3,B
2021-07-21T10:25:02,100.0,34.3,B
2021-07-21T10:24:57,100.0,34.3,B
2021-07-21T10:24:57,3000.0,34.3,B
2021-07-21T10:24:38,300.0,34.3,B
2021-07-21T10:24:38,200.0,34.3,B
2021-07-21T10:24:33,300.0,34.3,B
2021-07-21T10:24:29,100.0,34.3,B
2021-07-21T10:24:28,100.0,34.3,B
2021-07-21T10:23:58,100.0,34.3,B
2021-07-21T10:23:38,3000.0,34.3,B
2021-07-21T10:23:29,100.0,34.3,B
2021-07-21T10:23:27,5000.0,34.25,S
2021-07-21T10:23:24,10000.0,34.3,B
2021-07-21T10:23:06,1000.0,34.3,B
2021-07-21T10:23:03,400.0,34.3,B
2021-07-21T10:23:03,100.0,34.3,B
2021-07-21T10:22:58,100.0,34.3,B
2021-07-21T10:22:54,100.0,34.3,B
2021-07-21T10:22:49,500.0,34.3,B
2021-07-21T10:22:49,5000.0,34.3,B
2021-07-21T10:22:48,200.0,34.3,B
2021-07-21T10:22:29,100.0,34.3,B
2021-07-21T10:22:01,300.0,34.3,B
2021-07-21T10:21:58,100.0,34.3,B
2021-07-21T10:21:32,200.0,34.3,B
2021-07-21T10:21:32,200.0,34.3,B
2021-07-21T10:21:29,100.0,34.3,B
2021-07-21T10:21:20,100.0,34.3,B
2021-07-21T10:20:58,100.0,34.3,B
2021-07-21T10:20:55,1000.0,34.3,B
2021-07-21T10:20:28,100.0,34.3,B
2021-07-21T10:20:19,300.0,34.25,S
2021-07-21T10:20:16,500.0,34.25,S
2021-07-21T10:20:12,100.0,34.25,S
2021-07-21T10:20:05,200.0,34.3,B
2021-07-21T10:20:00,100.0,34.3,B
2021-07-21T10:19:48,3000.0,34.3,B
2021-07-21T10:19:43,10000.0,34.3,B
2021-07-21T10:19:29,100.0,34.3,B
2021-07-21T10:19:29,100.0,34.25,B
2021-07-21T10:19:27,200.0,34.25,B
2021-07-21T10:19:21,200.0,34.25,B
2021-07-21T10:19:16,100.0,34.25,B
2021-07-21T10:19:15,100.0,34.25,B
2021-07-21T10:19:15,1500.0,34.25,B
2021-07-21T10:19:15,1100.0,34.25,B
2021-07-21T10:19:14,300.0,34.25,B
2021-07-21T10:19:08,100.0,34.25,B
2021-07-21T10:19:06,900.0,34.25,B
2021-07-21T10:19:06,100.0,34.25,B
2021-07-21T10:18:59,100.0,34.25,B
2021-07-21T10:18:56,500.0,34.25,B
2021-07-21T10:18:53,1000.0,34.25,B
2021-07-21T10:18:51,1500.0,34.25,B
2021-07-21T10:18:41,200.0,34.25,B
2021-07-21T10:18:37,4300.0,34.25,B
2021-07-21T10:18:36,100.0,34.25,B
2021-07-21T10:18:31,1000.0,34.2,S
2021-07-21T10:18:30,100.0,34.25,B
2021-07-21T10:18:23,100.0,34.25,B
2021-07-21T10:17:58,100.0,34.25,B
2021-07-21T10:17:50,400.0,34.25,B
2021-07-21T10:17:33,500.0,34.25,B
2021-07-21T10:17:33,200.0,34.25,B
2021-07-21T10:17:33,300.0,34.25,B
2021-07-21T10:17:33,400.0,34.25,B
2021-07-21T10:17:33,8000.0,34.25,B
2021-07-21T10:17:33,1400.0,34.25,B
2021-07-21T10:17:33,700.0,34.25,B
2021-07-21T10:17:33,1500.0,34.25,B
2021-07-21T10:17:33,200.0,34.25,B
2021-07-21T10:17:33,700.0,34.25,B
2021-07-21T10:17:33,1100.0,34.25,B
2021-07-21T10:17:31,100.0,34.25,B
2021-07-21T10:17:13,100.0,34.25,B
2021-07-21T10:17:13,1900.0,34.25,B
2021-07-21T10:17:08,100.0,34.2,S
2021-07-21T10:17:05,2000.0,34.2,S
2021-07-21T10:17:01,800.0,34.25,B
2021-07-21T10:16:59,100.0,34.25,B
2021-07-21T10:16:59,100.0,34.2,S
2021-07-21T10:16:55,200.0,34.25,B
2021-07-21T10:16:32,200.0,34.2,S
2021-07-21T10:16:31,100.0,34.25,B
2021-07-21T10:16:29,100.0,34.2,S
2021-07-21T10:16:17,100.0,34.2,S
2021-07-21T10:16:16,100.0,34.2,S
2021-07-21T10:16:13,1100.0,34.2,B
2021-07-21T10:16:11,300.0,34.2,B
2021-07-21T10:16:01,100.0,34.2,B
2021-07-21T10:15:54,100.0,34.2,B
2021-07-21T10:15:53,100.0,34.2,B
2021-07-21T10:15:48,300.0,34.2,B
2021-07-21T10:15:45,500.0,34.2,B
2021-07-21T10:15:39,1100.0,34.2,S
2021-07-21T10:15:39,700.0,34.2,S
2021-07-21T10:15:39,16300.0,34.2,S
2021-07-21T10:15:31,500.0,34.25,B
2021-07-21T10:15:31,100.0,34.25,B
2021-07-21T10:15:25,500.0,34.25,B
2021-07-21T10:15:22,200.0,34.2,S
2021-07-21T10:15:20,100.0,34.25,B
2021-07-21T10:15:00,100.0,34.25,B
2021-07-21T10:14:51,500.0,34.2,S
2021-07-21T10:14:35,100.0,34.25,B
2021-07-21T10:14:34,100.0,34.25,B
2021-07-21T10:14:33,300.0,34.2,S
2021-07-21T10:14:30,100.0,34.25,B
2021-07-21T10:14:30,23600.0,34.25,B
2021-07-21T10:14:30,3400.0,34.25,B
2021-07-21T10:14:25,4000.0,34.2,S
2021-07-21T10:14:25,1000.0,34.2,S
2021-07-21T10:14:25,2900.0,34.25,B
2021-07-21T10:14:25,2100.0,34.25,B
2021-07-21T10:14:21,200.0,34.25,B
2021-07-21T10:14:16,2000.0,34.2,S
2021-07-21T10:14:06,2000.0,34.2,S
2021-07-21T10:14:03,100.0,34.25,B
2021-07-21T10:14:01,800.0,34.25,B
2021-07-21T10:14:01,4200.0,34.25,B
2021-07-21T10:14:01,100.0,34.2,S
2021-07-21T10:14:00,100.0,34.2,S
2021-07-21T10:13:56,100.0,34.25,B
2021-07-21T10:13:54,1100.0,34.2,S
2021-07-21T10:13:51,10000.0,34.2,S
2021-07-21T10:13:41,4000.0,34.2,S
2021-07-21T10:13:39,700.0,34.25,B
2021-07-21T10:13:35,300.0,34.25,B
2021-07-21T10:13:32,100.0,34.25,B
2021-07-21T10:13:29,1000.0,34.25,B
2021-07-21T10:13:26,2400.0,34.2,S
2021-07-21T10:13:13,5000.0,34.25,B
2021-07-21T10:13:03,100.0,34.25,B
2021-07-21T10:12:58,500.0,34.25,B
2021-07-21T10:12:55,100.0,34.2,S
2021-07-21T10:12:55,200.0,34.25,B
2021-07-21T10:12:39,100.0,34.25,B
2021-07-21T10:12:34,100.0,34.25,B
2021-07-21T10:12:33,100.0,34.25,B
2021-07-21T10:12:25,5000.0,34.25,B
2021-07-21T10:12:15,500.0,34.25,B
2021-07-21T10:12:08,1000.0,34.2,S
2021-07-21T10:12:04,100.0,34.25,B
2021-07-21T10:12:03,100.0,34.25,B
2021-07-21T10:11:55,200.0,34.25,B
2021-07-21T10:11:33,100.0,34.25,B
2021-07-21T10:11:30,200.0,34.25,B
2021-07-21T10:11:24,200.0,34.25,B
2021-07-21T10:11:20,100.0,34.25,B
2021-07-21T10:11:11,300.0,34.25,B
2021-07-21T10:11:11,400.0,34.25,B
2021-07-21T10:11:09,2000.0,34.2,S
2021-07-21T10:11:03,100.0,34.25,B
2021-07-21T10:10:44,1000.0,34.25,B
2021-07-21T10:10:42,2000.0,34.25,B
2021-07-21T10:10:34,100.0,34.25,B
2021-07-21T10:10:29,500.0,34.2,S
2021-07-21T10:10:29,100.0,34.25,B
2021-07-21T10:10:24,1000.0,34.2,S
2021-07-21T10:10:20,100.0,34.2,S
2021-07-21T10:10:18,100.0,34.2,S
2021-07-21T10:10:14,500.0,34.2,S
2021-07-21T10:10:03,100.0,34.25,B
2021-07-21T10:10:03,200.0,34.2,S
2021-07-21T10:09:58,300.0,34.2,S
2021-07-21T10:09:58,4100.0,34.2,S
2021-07-21T10:09:53,3500.0,34.2,S
2021-07-21T10:09:53,500.0,34.2,S
2021-07-21T10:09:53,400.0,34.2,S
2021-07-21T10:09:51,200.0,34.25,B
2021-07-21T10:09:46,600.0,34.2,S
2021-07-21T10:09:41,200.0,34.2,S
2021-07-21T10:09:40,5000.0,34.2,S
2021-07-21T10:09:39,100.0,34.2,S
2021-07-21T10:09:38,400.0,34.25,B
2021-07-21T10:09:35,100.0,34.25,B
2021-07-21T10:09:31,2300.0,34.2,S
2021-07-21T10:09:31,3000.0,34.2,S
2021-07-21T10:09:31,4700.0,34.2,S
2021-07-21T10:09:28,3300.0,34.2,S
2021-07-21T10:09:28,1700.0,34.2,S
2021-07-21T10:09:14,5000.0,34.2,S
2021-07-21T10:09:06,1000.0,34.2,S
2021-07-21T10:09:05,2000.0,34.2,S
2021-07-21T10:09:04,100.0,34.25,B
2021-07-21T10:09:01,100.0,34.2,S
2021-07-21T10:09:00,300.0,34.25,B
2021-07-21T10:08:57,300.0,34.25,B
2021-07-21T10:08:53,200.0,34.2,S
2021-07-21T10:08:49,300.0,34.2,S
2021-07-21T10:08:46,500.0,34.25,B
2021-07-21T10:08:42,4600.0,34.2,S
2021-07-21T10:08:34,100.0,34.25,B
2021-07-21T10:08:29,500.0,34.2,S
2021-07-21T10:08:27,2000.0,34.2,S
2021-07-21T10:08:16,2000.0,34.25,B
2021-07-21T10:08:07,400.0,34.2,S
2021-07-21T10:08:05,100.0,34.25,B
2021-07-21T10:08:03,300.0,34.25,B
2021-07-21T10:07:54,200.0,34.2,S
2021-07-21T10:07:54,800.0,34.2,S
2021-07-21T10:07:48,200.0,34.25,B
2021-07-21T10:07:47,500.0,34.25,B
2021-07-21T10:07:43,100.0,34.25,B
2021-07-21T10:07:35,100.0,34.25,B
2021-07-21T10:07:28,5900.0,34.25,S
2021-07-21T10:07:28,11900.0,34.25,S
2021-07-21T10:07:28,600.0,34.25,S
2021-07-21T10:07:28,1100.0,34.25,S
2021-07-21T10:07:28,5300.0,34.25,S
2021-07-21T10:07:28,5000.0,34.25,S
2021-07-21T10:07:28,11100.0,34.25,S
2021-07-21T10:07:20,5000.0,34.3,B
2021-07-21T10:07:19,200.0,34.3,B
2021-07-21T10:07:11,300.0,34.3,B
2021-07-21T10:07:11,100.0,34.3,B
2021-07-21T10:07:03,100.0,34.3,B
2021-07-21T10:06:57,800.0,34.3,B
2021-07-21T10:06:57,2500.0,34.3,B
2021-07-21T10:06:57,2100.0,34.3,B
2021-07-21T10:06:57,2300.0,34.3,B
2021-07-21T10:06:38,100.0,34.3,B
2021-07-21T10:06:35,100.0,34.3,B
2021-07-21T10:06:24,200.0,34.3,B
2021-07-21T10:06:21,600.0,34.25,S
2021-07-21T10:06:16,700.0,34.25,S
2021-07-21T10:06:11,700.0,34.25,S
2021-07-21T10:06:06,700.0,34.25,S
2021-07-21T10:06:06,100.0,34.3,B
2021-07-21T10:06:00,1000.0,34.3,B
2021-07-21T10:06:00,700.0,34.25,S
2021-07-21T10:05:57,700.0,34.25,S
2021-07-21T10:05:53,700.0,34.25,S
2021-07-21T10:05:46,200.0,34.25,S
2021-07-21T10:05:34,100.0,34.3,B
2021-07-21T10:05:31,5000.0,34.3,B
2021-07-21T10:05:24,400.0,34.25,S
2021-07-21T10:05:22,400.0,34.3,S
2021-07-21T10:05:22,7500.0,34.3,S
2021-07-21T10:05:21,300.0,34.3,S
2021-07-21T10:05:20,700.0,34.3,S
2021-07-21T10:05:20,2300.0,34.3,S
2021-07-21T10:05:20,8700.0,34.3,S
2021-07-21T10:05:20,9000.0,34.3,S
2021-07-21T10:05:18,4700.0,34.35,B
2021-07-21T10:05:15,700.0,34.3,S
2021-07-21T10:05:08,700.0,34.3,S
2021-07-21T10:05:05,100.0,34.35,B
2021-07-21T10:05:02,700.0,34.3,S
2021-07-21T10:05:02,300.0,34.3,S
2021-07-21T10:04:57,700.0,34.3,S
2021-07-21T10:04:56,6500.0,34.3,S
2021-07-21T10:04:56,3000.0,34.3,S
2021-07-21T10:04:56,1500.0,34.3,S
2021-07-21T10:04:56,300.0,34.3,S
2021-07-21T10:04:56,3000.0,34.3,S
2021-07-21T10:04:56,1200.0,34.3,S
2021-07-21T10:04:56,900.0,34.3,S
2021-07-21T10:04:56,2900.0,34.3,S
2021-07-21T10:04:56,700.0,34.3,S
2021-07-21T10:04:51,700.0,34.3,S
2021-07-21T10:04:46,300.0,34.35,B
2021-07-21T10:04:39,200.0,34.3,S
2021-07-21T10:04:36,3700.0,34.35,S
2021-07-21T10:04:36,100.0,34.4,B
2021-07-21T10:04:23,600.0,34.4,B
2021-07-21T10:04:23,400.0,34.4,B
2021-07-21T10:04:13,1000.0,34.35,S
2021-07-21T10:04:10,300.0,34.35,S
2021-07-21T10:04:08,1000.0,34.35,S
2021-07-21T10:04:08,100.0,34.35,S
2021-07-21T10:04:05,100.0,34.35,S
2021-07-21T10:04:04,300.0,34.35,S
2021-07-21T10:03:48,100.0,34.35,S
2021-07-21T10:03:34,5000.0,34.35,S
2021-07-21T10:03:16,100.0,34.35,S
2021-07-21T10:03:08,100.0,34.35,S
2021-07-21T10:02:26,1000.0,34.35,S
2021-07-21T10:01:55,100.0,34.35,S
2021-07-21T10:01:49,100.0,34.35,S
2021-07-21T10:01:41,2300.0,34.4,B
2021-07-21T10:01:41,500.0,34.4,B
2021-07-21T10:01:41,100.0,34.4,B
2021-07-21T10:01:41,5000.0,34.4,B
2021-07-21T10:01:41,600.0,34.4,B
2021-07-21T10:01:41,200.0,34.4,B
2021-07-21T10:01:41,11300.0,34.4,B
2021-07-21T10:01:34,200.0,34.35,B
2021-07-21T10:01:23,100.0,34.35,B
2021-07-21T10:01:14,10000.0,34.35,B
2021-07-21T10:01:03,1000.0,34.35,B
2021-07-21T10:00:57,2200.0,34.35,S
2021-07-21T10:00:55,500.0,34.35,S
2021-07-21T10:00:55,1300.0,34.35,S
2021-07-21T10:00:51,200.0,34.35,S
2021-07-21T10:00:51,1000.0,34.35,S
2021-07-21T10:00:50,12900.0,34.4,B
2021-07-21T10:00:50,2500.0,34.4,B
2021-07-21T10:00:50,6000.0,34.4,B
2021-07-21T10:00:50,1300.0,34.4,B
2021-07-21T10:00:50,10400.0,34.4,B
2021-07-21T10:00:50,3500.0,34.4,B
2021-07-21T10:00:50,10700.0,34.4,B
2021-07-21T10:00:50,700.0,34.4,B
2021-07-21T10:00:50,200.0,34.4,B
2021-07-21T10:00:50,100.0,34.4,B
2021-07-21T10:00:50,1100.0,34.4,B
2021-07-21T10:00:50,1900.0,34.4,B
2021-07-21T10:00:50,2500.0,34.4,B
2021-07-21T10:00:50,7900.0,34.4,B
2021-07-21T10:00:50,800.0,34.4,B
2021-07-21T10:00:50,3500.0,34.4,B
2021-07-21T10:00:47,10000.0,34.35,S
2021-07-21T10:00:46,200.0,34.35,S
2021-07-21T10:00:42,3000.0,34.4,B
2021-07-21T10:00:35,1300.0,34.35,S
2021-07-21T10:00:35,900.0,34.35,S
2021-07-21T10:00:29,500.0,34.4,B
2021-07-21T10:00:29,6700.0,34.35,S
2021-07-21T10:00:19,600.0,34.35,S
2021-07-21T10:00:17,1200.0,34.35,S
2021-07-21T10:00:15,700.0,34.35,S
2021-07-21T10:00:11,700.0,34.35,S
2021-07-21T10:00:10,1000.0,34.35,S
2021-07-21T10:00:10,1000.0,34.35,S
2021-07-21T10:00:07,700.0,34.35,S
2021-07-21T10:00:02,100.0,34.35,S
2021-07-21T10:00:02,100.0,34.35,S
2021-07-21T10:00:01,700.0,34.35,S
2021-07-21T09:59:59,1600.0,34.35,S
2021-07-21T09:59:59,600.0,34.35,S
2021-07-21T09:59:59,2800.0,34.35,S
2021-07-21T09:59:56,700.0,34.35,S
2021-07-21T09:59:51,700.0,34.35,S
2021-07-21T09:59:49,3100.0,34.35,S
2021-07-21T09:59:34,1000.0,34.35,S
2021-07-21T09:59:33,200.0,34.35,S
2021-07-21T09:59:30,600.0,34.35,S
2021-07-21T09:59:24,500.0,34.4,B
2021-07-21T09:59:24,700.0,34.35,S
2021-07-21T09:59:21,700.0,34.35,S
2021-07-21T09:59:17,1000.0,34.35,S
2021-07-21T09:59:16,700.0,34.35,S
2021-07-21T09:59:12,700.0,34.35,S
2021-07-21T09:59:07,700.0,34.35,S
2021-07-21T09:59:05,1000.0,34.35,S
2021-07-21T09:59:02,4600.0,34.35,B
2021-07-21T09:59:02,15700.0,34.35,B
2021-07-21T09:59:02,700.0,34.35,B
2021-07-21T09:59:02,500.0,34.35,B
2021-07-21T09:59:02,4000.0,34.35,B
2021-07-21T09:59:02,4300.0,34.35,B
2021-07-21T09:59:02,600.0,34.35,B
2021-07-21T09:59:02,100.0,34.35,B
2021-07-21T09:59:02,5900.0,34.35,B
2021-07-21T09:59:02,700.0,34.3,S
2021-07-21T09:58:45,600.0,34.3,S
2021-07-21T09:58:41,700.0,34.3,S
2021-07-21T09:58:38,700.0,34.3,S
2021-07-21T09:58:33,700.0,34.3,S
2021-07-21T09:58:32,300.0,34.3,S
2021-07-21T09:58:31,200.0,34.3,S
2021-07-21T09:58:29,700.0,34.3,S
2021-07-21T09:58:25,700.0,34.3,S
2021-07-21T09:58:21,1000.0,34.3,S
2021-07-21T09:58:19,700.0,34.3,S
2021-07-21T09:58:14,100.0,34.3,S
2021-07-21T09:58:04,500.0,34.3,S
2021-07-21T09:58:03,100.0,34.3,S
2021-07-21T09:57:57,200.0,34.35,B
2021-07-21T09:57:54,400.0,34.35,B
2021-07-21T09:57:50,200.0,34.3,S
2021-07-21T09:57:45,300.0,34.3,S
2021-07-21T09:57:38,400.0,34.3,S
2021-07-21T09:57:35,700.0,34.3,S
2021-07-21T09:57:29,700.0,34.3,S
2021-07-21T09:57:26,700.0,34.3,S
2021-07-21T09:57:23,4400.0,34.3,S
2021-07-21T09:57:22,700.0,34.3,S
2021-07-21T09:57:20,1500.0,34.3,S
2021-07-21T09:57:19,100.0,34.3,S
2021-07-21T09:57:15,700.0,34.3,S
2021-07-21T09:57:10,700.0,34.3,S
2021-07-21T09:57:05,500.0,34.35,B
2021-07-21T09:57:00,200.0,34.3,S
2021-07-21T09:56:42,5000.0,34.3,S
2021-07-21T09:56:38,100.0,34.3,S
2021-07-21T09:56:31,300.0,34.35,B
2021-07-21T09:56:10,10000.0,34.35,B
2021-07-21T09:56:05,5000.0,34.35,B
2021-07-21T09:55:55,700.0,34.35,B
2021-07-21T09:55:53,200.0,34.35,B
2021-07-21T09:55:53,500.0,34.3,S
2021-07-21T09:55:41,1000.0,34.3,S
2021-07-21T09:55:38,100.0,34.35,B
2021-07-21T09:55:32,3000.0,34.3,S
2021-07-21T09:55:29,100.0,34.35,B
2021-07-21T09:55:26,200.0,34.35,B
2021-07-21T09:55:24,1000.0,34.35,B
2021-07-21T09:55:23,500.0,34.35,B
2021-07-21T09:55:18,1100.0,34.35,B
2021-07-21T09:55:02,100.0,34.35,B
2021-07-21T09:54:50,500.0,34.35,B
2021-07-21T09:54:42,100.0,34.35,B
2021-07-21T09:54:39,100.0,34.35,B
2021-07-21T09:54:22,8800.0,34.35,S
2021-07-21T09:54:14,500.0,34.35,B
2021-07-21T09:54:11,1000.0,34.35,B
2021-07-21T09:54:05,500.0,34.3,S
2021-07-21T09:54:02,1000.0,34.35,B
2021-07-21T09:53:57,100.0,34.35,B
2021-07-21T09:53:52,3000.0,34.35,S
2021-07-21T09:53:50,500.0,34.35,S
2021-07-21T09:53:48,2500.0,34.35,B
2021-07-21T09:53:42,1000.0,34.3,S
2021-07-21T09:53:40,100.0,34.35,B
2021-07-21T09:53:38,900.0,34.35,B
2021-07-21T09:53:28,1200.0,34.35,B
2021-07-21T09:53:25,500.0,34.35,B
2021-07-21T09:53:23,1000.0,34.35,B
2021-07-21T09:53:19,100.0,34.35,B
2021-07-21T09:53:18,2000.0,34.35,B
2021-07-21T09:53:17,300.0,34.35,B
2021-07-21T09:53:16,600.0,34.35,B
2021-07-21T09:53:13,200.0,34.35,B
2021-07-21T09:53:07,2000.0,34.35,B
2021-07-21T09:52:37,300.0,34.35,B
2021-07-21T09:52:35,500.0,34.35,B
2021-07-21T09:52:33,1000.0,34.35,B
2021-07-21T09:52:27,200.0,34.35,B
2021-07-21T09:52:23,100.0,34.35,B
2021-07-21T09:52:19,100.0,34.35,B
2021-07-21T09:52:15,3000.0,34.35,B
2021-07-21T09:52:07,1000.0,34.35,B
2021-07-21T09:52:03,2000.0,34.35,B
2021-07-21T09:51:56,200.0,34.35,B
2021-07-21T09:51:49,300.0,34.35,B
2021-07-21T09:51:37,500.0,34.35,B
2021-07-21T09:51:31,1000.0,34.35,B
2021-07-21T09:51:29,5000.0,34.35,B
2021-07-21T09:51:25,1200.0,34.35,B
2021-07-21T09:51:23,2000.0,34.35,B
2021-07-21T09:51:17,500.0,34.35,B
2021-07-21T09:51:17,500.0,34.35,B
2021-07-21T09:51:13,500.0,34.3,S
2021-07-21T09:51:02,3000.0,34.35,B
2021-07-21T09:51:01,100.0,34.35,B
2021-07-21T09:50:48,500.0,34.3,S
2021-07-21T09:50:45,400.0,34.35,B
2021-07-21T09:50:43,100.0,34.3,S
2021-07-21T09:50:42,100.0,34.35,B
2021-07-21T09:50:40,5000.0,34.35,B
2021-07-21T09:50:38,400.0,34.35,B
2021-07-21T09:50:27,200.0,34.35,B
2021-07-21T09:50:18,2000.0,34.35,B
2021-07-21T09:50:09,3000.0,34.35,B
2021-07-21T09:50:01,500.0,34.35,B
2021-07-21T09:50:00,1200.0,34.3,S
2021-07-21T09:49:56,100.0,34.35,B
2021-07-21T09:49:52,1000.0,34.35,B
2021-07-21T09:49:52,1200.0,34.3,S
2021-07-21T09:49:49,1200.0,34.3,S
2021-07-21T09:49:44,1200.0,34.3,S
2021-07-21T09:49:26,1000.0,34.35,B
2021-07-21T09:49:23,200.0,34.3,S
2021-07-21T09:49:15,200.0,34.35,B
2021-07-21T09:49:11,500.0,34.35,B
2021-07-21T09:49:08,2700.0,34.35,B
2021-07-21T09:49:08,300.0,34.35,B
2021-07-21T09:48:54,100.0,34.35,B
2021-07-21T09:48:52,800.0,34.3,S
2021-07-21T09:48:50,2800.0,34.35,B
2021-07-21T09:48:47,1000.0,34.35,B
2021-07-21T09:48:35,100.0,34.35,B
2021-07-21T09:48:28,800.0,34.35,S
2021-07-21T09:48:14,2600.0,34.4,B
2021-07-21T09:48:14,400.0,34.4,B
2021-07-21T09:47:55,300.0,34.35,B
2021-07-21T09:47:52,100.0,34.35,B
2021-07-21T09:47:50,2200.0,34.3,S
2021-07-21T09:47:50,1400.0,34.3,S
2021-07-21T09:47:38,1000.0,34.4,B
2021-07-21T09:47:31,200.0,34.4,B
2021-07-21T09:47:31,9800.0,34.4,B
2021-07-21T09:47:27,200.0,34.35,B
2021-07-21T09:47:27,1000.0,34.35,B
2021-07-21T09:47:26,200.0,34.35,B
2021-07-21T09:47:21,2000.0,34.4,B
2021-07-21T09:47:19,100.0,34.35,B
2021-07-21T09:47:16,500.0,34.35,B
2021-07-21T09:47:15,200.0,34.35,B
2021-07-21T09:47:12,400.0,34.35,B
2021-07-21T09:47:09,400.0,34.35,B
2021-07-21T09:47:09,100.0,34.35,B
2021-07-21T09:46:57,4900.0,34.35,S
2021-07-21T09:46:33,100.0,34.35,S
2021-07-21T09:46:20,5000.0,34.35,S
2021-07-21T09:46:20,500.0,34.35,S
2021-07-21T09:46:16,28100.0,34.35,B
2021-07-21T09:46:16,100.0,34.35,B
2021-07-21T09:46:16,8200.0,34.35,B
2021-07-21T09:46:16,3700.0,34.35,B
2021-07-21T09:46:06,1500.0,34.3,S
2021-07-21T09:46:00,300.0,34.3,S
2021-07-21T09:46:00,1700.0,34.3,S
2021-07-21T09:45:50,1000.0,34.3,S
2021-07-21T09:45:49,100.0,34.3,S
2021-07-21T09:45:42,400.0,34.3,S
2021-07-21T09:45:42,2100.0,34.3,S
2021-07-21T09:45:39,1000.0,34.3,S
2021-07-21T09:45:29,10000.0,34.35,B
2021-07-21T09:45:24,600.0,34.3,S
2021-07-21T09:45:23,100.0,34.3,S
2021-07-21T09:45:16,200.0,34.3,S
2021-07-21T09:45:16,1100.0,34.3,S
2021-07-21T09:45:05,1500.0,34.3,S
2021-07-21T09:45:02,1000.0,34.35,B
2021-07-21T09:45:01,100.0,34.3,S
2021-07-21T09:44:36,100.0,34.3,S
2021-07-21T09:44:34,100.0,34.3,S
2021-07-21T09:44:28,200.0,34.3,S
2021-07-21T09:44:26,100.0,34.3,S
2021-07-21T09:44:22,200.0,34.3,S
2021-07-21T09:44:21,6200.0,34.3,B
2021-07-21T09:44:21,1100.0,34.3,B
2021-07-21T09:44:20,100.0,34.3,B
2021-07-21T09:44:20,3500.0,34.3,B
2021-07-21T09:44:20,1100.0,34.3,B
2021-07-21T09:44:20,3100.0,34.3,B
2021-07-21T09:44:20,1500.0,34.3,B
2021-07-21T09:44:20,16300.0,34.3,B
2021-07-21T09:44:20,2700.0,34.3,B
2021-07-21T09:44:20,5000.0,34.3,B
2021-07-21T09:44:20,9100.0,34.3,B
2021-07-21T09:44:20,20500.0,34.3,B
2021-07-21T09:44:20,500.0,34.25,B
2021-07-21T09:44:20,900.0,34.25,B
2021-07-21T09:44:20,1300.0,34.25,B
2021-07-21T09:44:20,700.0,34.25,B
2021-07-21T09:44:16,800.0,34.25,B
2021-07-21T09:44:16,3200.0,34.25,B
2021-07-21T09:44:16,1000.0,34.25,B
2021-07-21T09:44:13,200.0,34.2,S
2021-07-21T09:44:10,500.0,34.25,B
2021-07-21T09:44:05,1000.0,34.2,S
2021-07-21T09:43:54,500.0,34.25,B
2021-07-21T09:43:40,1000.0,34.2,S
2021-07-21T09:43:38,300.0,34.2,S
2021-07-21T09:43:30,500.0,34.2,S
2021-07-21T09:43:23,400.0,34.25,B
2021-07-21T09:43:16,100.0,34.2,S
2021-07-21T09:43:11,1000.0,34.2,S
2021-07-21T09:43:08,500.0,34.2,S
2021-07-21T09:43:06,300.0,34.2,S
2021-07-21T09:42:56,3800.0,34.2,S
2021-07-21T09:42:56,2200.0,34.2,S
2021-07-21T09:42:54,100.0,34.2,S
2021-07-21T09:42:49,500.0,34.2,S
2021-07-21T09:42:45,100.0,34.2,S
2021-07-21T09:42:45,100.0,34.25,B
2021-07-21T09:42:40,400.0,34.2,S
2021-07-21T09:42:39,100.0,34.2,S
2021-07-21T09:42:29,3200.0,34.2,B
2021-07-21T09:42:24,500.0,34.2,B
2021-07-21T09:42:19,200.0,34.2,B
2021-07-21T09:42:19,800.0,34.2,B
2021-07-21T09:42:16,7500.0,34.2,B
2021-07-21T09:42:16,100.0,34.2,B
2021-07-21T09:42:15,1400.0,34.2,B
2021-07-21T09:42:15,1000.0,34.2,B
2021-07-21T09:42:04,2000.0,34.2,B
2021-07-21T09:42:00,100.0,34.2,B
2021-07-21T09:41:59,200.0,34.15,S
2021-07-21T09:41:56,5000.0,34.2,B
2021-07-21T09:41:53,2000.0,34.2,B
2021-07-21T09:41:52,500.0,34.2,B
2021-07-21T09:41:51,100.0,34.2,B
2021-07-21T09:41:34,100.0,34.15,S
2021-07-21T09:41:34,1000.0,34.2,B
2021-07-21T09:41:30,200.0,34.2,B
2021-07-21T09:41:27,100.0,34.2,B
2021-07-21T09:41:13,300.0,34.2,B
2021-07-21T09:41:11,500.0,34.15,S
2021-07-21T09:41:10,1000.0,34.15,S
2021-07-21T09:41:06,500.0,34.15,S
2021-07-21T09:41:05,1000.0,34.15,S
2021-07-21T09:41:02,500.0,34.15,S
2021-07-21T09:41:00,1000.0,34.15,S
2021-07-21T09:40:56,200.0,34.2,B
2021-07-21T09:40:56,100.0,34.2,B
2021-07-21T09:40:48,1600.0,34.1,S
2021-07-21T09:40:48,800.0,34.15,S
2021-07-21T09:40:48,4400.0,34.15,S
2021-07-21T09:40:48,200.0,34.15,S
2021-07-21T09:40:36,1000.0,34.2,B
2021-07-21T09:40:30,1000.0,34.2,B
2021-07-21T09:40:27,500.0,34.15,S
2021-07-21T09:40:23,900.0,34.2,B
2021-07-21T09:40:23,100.0,34.2,B
2021-07-21T09:40:14,200.0,34.2,B
2021-07-21T09:40:14,300.0,34.15,S
2021-07-21T09:40:12,100.0,34.2,B
2021-07-21T09:40:11,2000.0,34.15,S
2021-07-21T09:39:58,200.0,34.2,B
2021-07-21T09:39:52,20800.0,34.2,S
2021-07-21T09:39:52,4000.0,34.2,S
2021-07-21T09:39:43,700.0,34.2,S
2021-07-21T09:39:32,1000.0,34.2,S
2021-07-21T09:39:31,5000.0,34.2,S
2021-07-21T09:39:28,1000.0,34.2,S
2021-07-21T09:39:19,1000.0,34.2,S
2021-07-21T09:39:18,100.0,34.2,S
2021-07-21T09:39:17,500.0,34.2,S
2021-07-21T09:39:14,200.0,34.2,S
2021-07-21T09:39:10,1000.0,34.25,B
2021-07-21T09:39:05,2000.0,34.2,S
2021-07-21T09:39:02,900.0,34.25,B
2021-07-21T09:39:00,100.0,34.2,S
2021-07-21T09:38:57,200.0,34.2,B
2021-07-21T09:38:57,5200.0,34.2,B
2021-07-21T09:38:57,1500.0,34.2,B
2021-07-21T09:38:57,1300.0,34.2,B
2021-07-21T09:38:57,1300.0,34.2,B
2021-07-21T09:38:57,200.0,34.2,B
2021-07-21T09:38:57,14900.0,34.2,B
2021-07-21T09:38:49,300.0,34.15,B
2021-07-21T09:38:48,200.0,34.15,S
2021-07-21T09:38:48,800.0,34.15,S
2021-07-21T09:38:48,500.0,34.15,S
2021-07-21T09:38:48,200.0,34.15,S
2021-07-21T09:38:40,4000.0,34.15,S
2021-07-21T09:38:32,200.0,34.15,S
2021-07-21T09:38:31,200.0,34.15,S
2021-07-21T09:38:28,1800.0,34.2,B
2021-07-21T09:38:28,300.0,34.15,S
2021-07-21T09:38:24,300.0,34.15,S
2021-07-21T09:38:24,100.0,34.15,S
2021-07-21T09:38:22,300.0,34.15,S
2021-07-21T09:38:22,2700.0,34.15,S
2021-07-21T09:38:14,600.0,34.15,S
2021-07-21T09:38:13,1000.0,34.15,S
2021-07-21T09:38:08,400.0,34.15,S
2021-07-21T09:38:05,400.0,34.15,S
2021-07-21T09:38:03,200.0,34.15,S
2021-07-21T09:38:03,200.0,34.15,S
2021-07-21T09:37:56,100.0,34.15,S
2021-07-21T09:37:56,2000.0,34.15,S
2021-07-21T09:37:49,3000.0,34.15,S
2021-07-21T09:37:49,100.0,34.2,B
2021-07-21T09:37:48,1300.0,34.15,S
2021-07-21T09:37:48,4300.0,34.15,S
2021-07-21T09:37:41,100.0,34.15,S
2021-07-21T09:37:39,400.0,34.15,S
2021-07-21T09:37:34,100.0,34.15,S
2021-07-21T09:37:14,400.0,34.2,S
2021-07-21T09:37:14,7600.0,34.2,S
2021-07-21T09:37:14,6000.0,34.2,S
2021-07-21T09:37:14,2600.0,34.2,S
2021-07-21T09:37:14,6000.0,34.2,S
2021-07-21T09:37:14,400.0,34.2,S
2021-07-21T09:37:14,500.0,34.2,S
2021-07-21T09:37:14,400.0,34.2,S
2021-07-21T09:37:14,2100.0,34.2,S
2021-07-21T09:37:08,3000.0,34.2,S
2021-07-21T09:37:04,200.0,34.2,S
2021-07-21T09:37:03,3500.0,34.2,S
2021-07-21T09:37:01,500.0,34.2,S
2021-07-21T09:36:58,2000.0,34.2,S
2021-07-21T09:36:58,200.0,34.2,S
2021-07-21T09:36:58,4500.0,34.2,S
2021-07-21T09:36:54,100.0,34.2,S
2021-07-21T09:36:51,3000.0,34.2,S
2021-07-21T09:36:46,1500.0,34.2,S
2021-07-21T09:36:28,100.0,34.25,B
2021-07-21T09:36:25,100.0,34.25,B
2021-07-21T09:36:25,1000.0,34.25,S
2021-07-21T09:36:25,2000.0,34.25,S
2021-07-21T09:36:25,33700.0,34.25,S
2021-07-21T09:36:23,500.0,34.25,S
2021-07-21T09:36:23,2000.0,34.25,S
2021-07-21T09:36:16,1200.0,34.25,S
2021-07-21T09:36:14,10000.0,34.25,S
2021-07-21T09:36:12,500.0,34.25,S
2021-07-21T09:36:08,1200.0,34.25,S
2021-07-21T09:36:08,2000.0,34.25,S
2021-07-21T09:36:03,1000.0,34.25,S
2021-07-21T09:35:57,200.0,34.25,S
2021-07-21T09:35:55,1200.0,34.25,S
2021-07-21T09:35:54,2000.0,34.3,B
2021-07-21T09:35:51,1200.0,34.25,S
2021-07-21T09:35:51,800.0,34.3,B
2021-07-21T09:35:38,200.0,34.3,B
2021-07-21T09:35:33,300.0,34.3,B
2021-07-21T09:35:33,500.0,34.3,B
2021-07-21T09:35:32,100.0,34.3,B
2021-07-21T09:35:31,11400.0,34.3,S
2021-07-21T09:35:29,300.0,34.35,B
2021-07-21T09:35:28,200.0,34.3,S
2021-07-21T09:35:28,1200.0,34.3,S
2021-07-21T09:35:23,1200.0,34.3,S
2021-07-21T09:35:23,4000.0,34.3,S
2021-07-21T09:35:22,3000.0,34.3,S
2021-07-21T09:35:16,1200.0,34.3,S
2021-07-21T09:35:11,1200.0,34.3,S
2021-07-21T09:35:05,100.0,34.35,B
2021-07-21T09:34:59,1000.0,34.3,S
2021-07-21T09:34:59,1000.0,34.35,B
2021-07-21T09:34:56,800.0,34.3,S
2021-07-21T09:34:41,2000.0,34.35,B
2021-07-21T09:34:39,200.0,34.35,B
2021-07-21T09:34:31,200.0,34.35,B
2021-07-21T09:34:24,300.0,34.35,B
2021-07-21T09:34:23,200.0,34.35,B
2021-07-21T09:34:18,800.0,34.35,S
2021-07-21T09:34:13,5000.0,34.4,B
2021-07-21T09:34:06,100.0,34.4,B
2021-07-21T09:34:06,900.0,34.3,S
2021-07-21T09:34:05,100.0,34.3,B
2021-07-21T09:33:56,200.0,34.4,B
2021-07-21T09:33:56,1700.0,34.35,B
2021-07-21T09:33:56,2200.0,34.35,B
2021-07-21T09:33:56,7200.0,34.35,B
