tradingTime,volume,price,side
2021-07-21T14:50:39,1000.0,72.8,S
2021-07-21T14:49:34,200.0,72.9,B
2021-07-21T14:49:34,1200.0,72.9,S
2021-07-21T14:43:39,100.0,73.0,B
2021-07-21T14:42:24,400.0,73.0,B
2021-07-21T14:42:19,2000.0,73.0,B
2021-07-21T14:41:29,100.0,72.9,B
2021-07-21T14:38:19,1000.0,72.8,S
2021-07-21T14:36:34,100.0,72.9,B
2021-07-21T14:36:24,100.0,72.9,B
2021-07-21T14:36:19,900.0,72.9,S
2021-07-21T14:36:19,100.0,73.0,B
2021-07-21T14:36:09,100.0,73.0,B
2021-07-21T14:33:24,700.0,72.9,S
2021-07-21T14:32:04,800.0,72.9,S
2021-07-21T14:31:04,100.0,73.0,B
2021-07-21T14:30:59,200.0,73.0,B
2021-07-21T14:26:13,100.0,73.0,B
2021-07-21T14:25:51,100.0,73.0,B
2021-07-21T14:23:14,100.0,73.0,B
2021-07-21T14:20:39,100.0,73.1,B
2021-07-21T14:20:32,300.0,73.0,S
2021-07-21T14:20:10,1600.0,73.0,S
2021-07-21T14:18:00,100.0,73.1,B
2021-07-21T14:15:59,200.0,73.1,B
2021-07-21T14:15:50,100.0,73.1,B
2021-07-21T14:15:43,300.0,73.1,B
2021-07-21T14:15:31,100.0,73.1,B
2021-07-21T14:14:48,800.0,73.0,B
2021-07-21T14:14:23,200.0,73.0,B
2021-07-21T14:14:22,1000.0,73.0,S
2021-07-21T14:14:18,100.0,73.1,S
2021-07-21T14:14:14,1000.0,73.1,B
2021-07-21T14:13:03,100.0,73.1,B
2021-07-21T14:12:47,100.0,73.1,B
2021-07-21T14:12:15,100.0,73.0,S
2021-07-21T14:11:13,100.0,73.0,S
2021-07-21T14:11:11,3000.0,73.0,B
2021-07-21T14:10:41,100.0,73.0,B
2021-07-21T14:08:24,100.0,73.0,B
2021-07-21T14:06:02,100.0,73.0,B
2021-07-21T14:03:42,100.0,73.0,B
2021-07-21T14:03:35,200.0,73.0,B
2021-07-21T14:01:23,100.0,73.0,B
2021-07-21T13:59:07,100.0,73.0,B
2021-07-21T13:56:53,100.0,73.0,B
2021-07-21T13:54:41,100.0,73.0,B
2021-07-21T13:52:31,100.0,73.0,B
2021-07-21T13:50:22,100.0,73.0,B
2021-07-21T13:48:30,100.0,73.0,B
2021-07-21T13:48:14,100.0,73.0,B
2021-07-21T13:46:08,100.0,73.0,B
2021-07-21T13:43:57,100.0,73.0,B
2021-07-21T13:41:49,100.0,73.0,B
2021-07-21T13:39:56,100.0,73.0,B
2021-07-21T13:39:50,200.0,73.0,B
2021-07-21T13:39:39,100.0,73.0,B
2021-07-21T13:39:36,100.0,73.0,B
2021-07-21T13:39:32,300.0,73.0,B
2021-07-21T13:38:09,100.0,73.0,B
2021-07-21T13:37:39,200.0,73.1,B
2021-07-21T13:37:37,1000.0,73.1,B
2021-07-21T13:37:32,100.0,73.0,B
2021-07-21T13:35:25,100.0,73.1,B
2021-07-21T13:33:18,100.0,73.1,B
2021-07-21T13:32:37,100.0,73.0,B
2021-07-21T13:32:11,100.0,73.0,B
2021-07-21T13:31:44,200.0,73.0,B
2021-07-21T13:31:34,300.0,73.0,B
2021-07-21T13:31:13,100.0,73.0,B
2021-07-21T13:30:44,300.0,73.0,B
2021-07-21T13:29:12,200.0,73.1,B
2021-07-21T13:29:11,1400.0,73.1,B
2021-07-21T13:29:08,100.0,73.0,B
2021-07-21T13:27:47,100.0,73.0,B
2021-07-21T13:27:04,100.0,73.0,B
2021-07-21T13:26:20,200.0,73.0,B
2021-07-21T13:25:01,100.0,73.0,B
2021-07-21T13:22:57,100.0,73.0,B
2021-07-21T13:22:01,100.0,73.0,B
2021-07-21T13:20:55,100.0,73.0,B
2021-07-21T13:20:14,100.0,73.0,B
2021-07-21T13:19:45,100.0,73.0,B
2021-07-21T13:18:53,100.0,73.1,B
2021-07-21T13:16:52,100.0,73.1,B
2021-07-21T13:14:50,100.0,73.1,B
2021-07-21T13:12:50,100.0,73.1,B
2021-07-21T13:11:01,300.0,73.0,S
2021-07-21T13:10:49,100.0,73.1,B
2021-07-21T13:08:49,100.0,73.1,B
2021-07-21T13:08:01,100.0,73.0,S
2021-07-21T13:06:49,100.0,73.1,B
2021-07-21T13:04:49,100.0,73.1,B
2021-07-21T13:02:51,100.0,73.1,B
2021-07-21T13:00:56,400.0,73.1,B
2021-07-21T13:00:49,100.0,73.1,B
2021-07-21T11:23:55,100.0,73.0,B
2021-07-21T11:21:53,100.0,73.0,S
2021-07-21T11:19:52,100.0,73.1,B
2021-07-21T11:16:09,100.0,73.1,B
2021-07-21T11:16:08,500.0,73.1,B
2021-07-21T11:15:50,100.0,73.1,B
2021-07-21T11:11:48,100.0,73.0,B
2021-07-21T11:07:46,100.0,73.1,B
2021-07-21T11:03:45,100.0,73.1,B
2021-07-21T11:01:48,100.0,73.0,B
2021-07-21T10:59:45,100.0,73.0,B
2021-07-21T10:59:09,100.0,73.0,B
2021-07-21T10:55:46,100.0,73.1,B
2021-07-21T10:54:02,400.0,73.0,S
2021-07-21T10:52:11,500.0,73.0,S
2021-07-21T10:51:46,100.0,73.1,B
2021-07-21T10:51:32,100.0,73.1,B
2021-07-21T10:51:30,500.0,73.1,B
2021-07-21T10:47:57,3400.0,73.0,S
2021-07-21T10:47:45,100.0,73.1,B
2021-07-21T10:44:34,100.0,73.1,B
2021-07-21T10:43:48,100.0,73.2,B
2021-07-21T10:42:48,500.0,73.1,S
2021-07-21T10:41:23,100.0,73.1,S
2021-07-21T10:39:48,100.0,73.2,B
2021-07-21T10:37:35,200.0,73.2,B
2021-07-21T10:37:34,1000.0,73.2,B
2021-07-21T10:35:54,100.0,73.2,B
2021-07-21T10:35:40,100.0,73.2,B
2021-07-21T10:35:40,500.0,73.2,B
2021-07-21T10:35:38,2500.0,73.2,B
2021-07-21T10:33:18,100.0,73.1,S
2021-07-21T10:33:06,200.0,73.1,S
2021-07-21T10:31:56,100.0,73.2,B
2021-07-21T10:28:55,100.0,73.1,S
2021-07-21T10:28:00,100.0,73.2,B
2021-07-21T10:24:03,100.0,73.2,B
2021-07-21T10:21:49,100.0,73.2,B
2021-07-21T10:20:08,100.0,73.2,B
2021-07-21T10:16:13,100.0,73.2,B
2021-07-21T10:13:41,200.0,73.1,S
2021-07-21T10:13:10,100.0,73.2,B
2021-07-21T10:12:18,100.0,73.2,B
2021-07-21T10:10:36,100.0,73.2,B
2021-07-21T10:10:35,700.0,73.2,B
2021-07-21T10:08:23,100.0,73.3,B
2021-07-21T10:06:59,1700.0,73.2,S
2021-07-21T10:04:28,100.0,73.4,B
2021-07-21T10:04:23,3000.0,73.2,S
2021-07-21T10:00:39,1000.0,73.2,S
2021-07-21T10:00:35,100.0,73.4,B
2021-07-21T10:00:22,400.0,73.3,S
2021-07-21T09:57:24,100.0,73.3,B
2021-07-21T09:56:43,100.0,73.3,B
2021-07-21T09:56:42,300.0,73.3,B
2021-07-21T09:56:38,1800.0,73.3,B
2021-07-21T09:53:26,200.0,73.3,B
2021-07-21T09:53:25,1000.0,73.3,B
2021-07-21T09:52:49,100.0,73.3,B
2021-07-21T09:51:19,100.0,73.3,B
2021-07-21T09:48:57,100.0,73.3,B
2021-07-21T09:48:33,100.0,73.3,B
2021-07-21T09:48:33,500.0,73.3,B
2021-07-21T09:45:05,100.0,73.3,B
2021-07-21T09:41:14,100.0,73.0,S
2021-07-21T09:41:13,100.0,73.4,B
2021-07-21T09:40:03,1700.0,73.0,S
2021-07-21T09:39:37,900.0,73.2,S
2021-07-21T09:37:21,100.0,73.4,B
2021-07-21T09:36:34,200.0,73.4,B
2021-07-21T09:36:10,100.0,73.4,B
2021-07-21T09:33:30,100.0,73.4,B
2021-07-21T09:30:54,200.0,73.2,S
2021-07-21T09:30:53,1300.0,73.2,B
2021-07-21T09:29:39,100.0,73.4,B
2021-07-21T09:27:01,200.0,73.2,S
2021-07-21T09:26:15,200.0,73.2,B
2021-07-21T09:25:54,100.0,73.2,B
2021-07-21T09:25:19,200.0,73.2,B
2021-07-21T09:25:18,100.0,73.2,S
2021-07-21T09:25:18,1200.0,73.2,S
2021-07-21T09:22:06,300.0,73.2,S
2021-07-21T09:21:14,100.0,73.2,B
2021-07-21T09:20:50,300.0,73.2,B
2021-07-21T09:19:18,100.0,73.2,B
2021-07-21T09:18:36,300.0,73.2,B
2021-07-21T09:16:36,200.0,73.2,B
2021-07-21T09:13:12,100.0,73.2,B
2021-07-21T09:12:39,100.0,73.2,B
2021-07-21T09:12:39,500.0,73.2,B
2021-07-21T09:08:06,1200.0,72.8,S
2021-07-21T09:01:30,100.0,72.8,S
2021-07-21T09:00:22,300.0,73.2,B
