tradingTime,volume,price,side
2021-07-21T14:28:33,6000.0,26.7,B
2021-07-21T14:28:29,1000.0,26.5,S
2021-07-21T14:27:27,100.0,26.6,B
2021-07-21T14:25:53,100.0,26.5,S
2021-07-21T14:25:35,1300.0,26.5,S
2021-07-21T14:25:18,1900.0,26.5,S
2021-07-21T14:23:49,1600.0,26.5,B
2021-07-21T14:22:33,100.0,26.5,S
2021-07-21T14:21:51,1000.0,26.5,S
2021-07-21T14:21:35,400.0,26.5,B
2021-07-21T14:21:00,100.0,26.4,S
2021-07-21T14:19:30,100.0,26.4,S
2021-07-21T14:18:42,6000.0,26.4,S
2021-07-21T14:18:41,100.0,26.5,S
2021-07-21T14:18:03,200.0,26.5,S
2021-07-21T14:17:40,500.0,26.5,S
2021-07-21T14:17:27,2800.0,26.5,S
2021-07-21T14:16:25,500.0,26.5,S
2021-07-21T14:15:37,3000.0,26.5,S
2021-07-21T14:15:33,5000.0,26.5,S
2021-07-21T14:13:40,500.0,26.5,S
2021-07-21T14:13:36,400.0,26.5,S
2021-07-21T14:12:40,5000.0,26.5,S
2021-07-21T14:12:35,4000.0,26.6,S
2021-07-21T14:12:20,500.0,26.6,S
2021-07-21T14:12:12,500.0,26.6,S
2021-07-21T14:11:25,200.0,26.8,B
2021-07-21T14:07:24,5000.0,26.8,B
2021-07-21T14:07:14,4000.0,26.6,B
2021-07-21T14:07:10,1000.0,26.5,S
2021-07-21T14:06:17,1100.0,26.5,B
2021-07-21T14:05:03,100.0,26.5,B
2021-07-21T14:03:13,100.0,26.5,B
2021-07-21T14:03:12,500.0,26.5,B
2021-07-21T14:01:43,200.0,26.5,B
2021-07-21T14:01:03,100.0,26.4,S
2021-07-21T14:00:23,1900.0,26.3,B
2021-07-21T14:00:02,300.0,26.2,S
2021-07-21T13:59:18,2000.0,26.3,B
2021-07-21T13:58:51,200.0,26.2,S
2021-07-21T13:58:30,300.0,26.2,S
2021-07-21T13:57:34,12000.0,26.3,B
2021-07-21T13:57:00,300.0,26.2,S
2021-07-21T13:56:57,5000.0,26.4,B
2021-07-21T13:56:33,3400.0,26.3,S
2021-07-21T13:56:26,1000.0,26.3,S
2021-07-21T13:56:03,400.0,26.3,S
2021-07-21T13:55:30,300.0,26.3,S
2021-07-21T13:53:59,300.0,26.2,S
2021-07-21T13:52:36,8400.0,26.2,S
2021-07-21T13:52:28,300.0,26.4,S
2021-07-21T13:51:39,300.0,26.6,S
2021-07-21T13:51:35,700.0,26.6,S
2021-07-21T13:51:07,10000.0,26.3,S
2021-07-21T13:50:57,300.0,26.6,S
2021-07-21T13:49:40,1000.0,26.6,S
2021-07-21T13:49:33,2000.0,26.5,S
2021-07-21T13:49:27,300.0,26.5,S
2021-07-21T13:48:50,3700.0,26.6,S
2021-07-21T13:47:56,300.0,26.6,S
2021-07-21T13:47:14,1000.0,26.6,B
2021-07-21T13:46:52,4400.0,26.6,S
2021-07-21T13:46:25,300.0,26.6,S
2021-07-21T13:44:54,300.0,26.6,S
2021-07-21T13:44:05,4800.0,26.6,S
2021-07-21T13:43:24,300.0,26.6,S
2021-07-21T13:42:22,5300.0,26.6,S
2021-07-21T13:41:53,300.0,26.6,S
2021-07-21T13:41:22,5000.0,26.7,S
2021-07-21T13:41:05,1100.0,26.7,S
2021-07-21T13:41:02,1000.0,26.7,S
2021-07-21T13:40:22,300.0,26.7,S
2021-07-21T13:39:46,2600.0,26.7,B
2021-07-21T13:38:51,300.0,26.6,S
2021-07-21T13:37:47,3000.0,26.7,B
2021-07-21T13:37:46,3000.0,26.7,B
2021-07-21T13:37:20,400.0,26.6,S
2021-07-21T13:35:50,300.0,26.6,S
2021-07-21T13:34:18,300.0,26.6,S
2021-07-21T13:32:47,300.0,26.6,S
2021-07-21T13:32:39,100.0,26.7,B
2021-07-21T13:31:44,400.0,26.7,S
2021-07-21T13:31:31,5000.0,26.7,B
2021-07-21T13:31:17,300.0,26.6,S
2021-07-21T13:30:40,1200.0,26.7,B
2021-07-21T13:30:15,100.0,26.7,B
2021-07-21T13:29:46,300.0,26.6,S
2021-07-21T13:28:15,300.0,26.6,S
2021-07-21T13:27:11,2400.0,26.6,B
2021-07-21T13:26:44,300.0,26.5,S
2021-07-21T13:26:23,100.0,26.6,B
2021-07-21T13:26:08,200.0,26.6,B
2021-07-21T13:25:14,300.0,26.5,S
2021-07-21T13:24:23,1000.0,26.6,B
2021-07-21T13:23:52,200.0,26.5,S
2021-07-21T13:23:43,300.0,26.5,S
2021-07-21T13:23:42,100.0,26.5,S
2021-07-21T13:23:20,200.0,26.5,S
2021-07-21T13:22:11,300.0,26.5,S
2021-07-21T13:21:36,8400.0,26.5,S
2021-07-21T13:20:41,300.0,26.5,S
2021-07-21T13:20:25,200.0,26.5,S
2021-07-21T13:19:10,300.0,26.5,S
2021-07-21T13:17:39,300.0,26.5,S
2021-07-21T13:16:09,300.0,26.5,S
2021-07-21T13:15:57,7000.0,26.6,B
2021-07-21T13:15:55,7000.0,26.6,B
2021-07-21T13:15:26,200.0,26.6,B
2021-07-21T13:14:38,300.0,26.5,S
2021-07-21T13:13:34,7500.0,26.6,B
2021-07-21T13:13:07,300.0,26.6,S
2021-07-21T13:11:37,300.0,26.6,S
2021-07-21T13:10:04,300.0,26.6,S
2021-07-21T13:08:35,300.0,26.6,S
2021-07-21T13:08:08,100.0,26.7,S
2021-07-21T13:07:04,100.0,26.7,S
2021-07-21T13:07:04,300.0,26.7,S
2021-07-21T13:06:27,1000.0,26.7,S
2021-07-21T13:06:15,100.0,26.7,S
2021-07-21T13:05:36,2000.0,26.7,S
2021-07-21T13:05:33,200.0,26.7,S
2021-07-21T13:04:03,200.0,26.7,S
2021-07-21T13:03:40,200.0,26.7,S
2021-07-21T13:02:30,200.0,26.7,S
2021-07-21T13:01:00,200.0,26.7,S
2021-07-21T13:00:33,500.0,26.7,S
2021-07-21T13:00:05,200.0,26.7,S
2021-07-21T13:00:02,200.0,26.7,S
2021-07-21T11:29:07,600.0,26.7,B
2021-07-21T11:29:02,800.0,26.6,S
2021-07-21T11:28:24,1000.0,26.7,B
2021-07-21T11:27:19,100.0,26.7,B
2021-07-21T11:25:02,300.0,26.6,S
2021-07-21T11:22:50,300.0,26.6,S
2021-07-21T11:22:20,1200.0,26.6,B
2021-07-21T11:22:13,500.0,26.6,B
2021-07-21T11:21:52,1000.0,26.6,B
2021-07-21T11:21:30,3000.0,26.6,B
2021-07-21T11:21:10,800.0,26.6,B
2021-07-21T11:21:06,5000.0,26.6,B
2021-07-21T11:21:03,500.0,26.6,B
2021-07-21T11:20:39,300.0,26.5,S
2021-07-21T11:20:38,1000.0,26.6,B
2021-07-21T11:20:11,5000.0,26.6,B
2021-07-21T11:19:52,1000.0,26.5,S
2021-07-21T11:19:17,300.0,26.6,B
2021-07-21T11:19:06,1700.0,26.5,S
2021-07-21T11:18:27,300.0,26.5,S
2021-07-21T11:18:05,500.0,26.6,B
2021-07-21T11:16:18,300.0,26.5,S
2021-07-21T11:14:06,300.0,26.5,S
2021-07-21T11:12:24,3500.0,26.5,S
2021-07-21T11:12:21,3000.0,26.5,S
2021-07-21T11:12:13,600.0,26.5,S
2021-07-21T11:12:06,2000.0,26.5,S
2021-07-21T11:12:02,3000.0,26.5,S
2021-07-21T11:11:54,300.0,26.5,S
2021-07-21T11:11:39,1000.0,26.5,S
2021-07-21T11:11:26,3000.0,26.5,S
2021-07-21T11:10:33,3500.0,26.6,S
2021-07-21T11:10:11,5000.0,26.6,S
2021-07-21T11:10:09,1000.0,26.6,S
2021-07-21T11:09:43,300.0,26.6,S
2021-07-21T11:07:43,800.0,26.7,S
2021-07-21T11:07:38,300.0,26.7,S
2021-07-21T11:07:33,300.0,26.7,S
2021-07-21T11:07:27,1000.0,26.7,S
2021-07-21T11:07:22,2600.0,26.7,B
2021-07-21T11:06:19,500.0,26.6,S
2021-07-21T11:05:19,300.0,26.6,S
2021-07-21T11:03:10,300.0,26.6,S
2021-07-21T11:02:06,5000.0,26.6,S
2021-07-21T11:01:42,100.0,26.7,B
2021-07-21T11:01:08,200.0,26.7,B
2021-07-21T11:00:59,300.0,26.6,S
2021-07-21T11:00:42,100.0,26.7,B
2021-07-21T11:00:23,8500.0,26.7,S
2021-07-21T10:58:48,1000.0,26.7,S
2021-07-21T10:58:46,300.0,26.7,S
2021-07-21T10:56:37,300.0,26.7,S
2021-07-21T10:56:29,1000.0,26.7,B
2021-07-21T10:55:40,1000.0,26.7,B
2021-07-21T10:55:04,4400.0,26.7,B
2021-07-21T10:54:24,300.0,26.6,S
2021-07-21T10:52:34,100.0,26.6,S
2021-07-21T10:52:19,100.0,26.7,S
2021-07-21T10:52:12,300.0,26.7,S
2021-07-21T10:51:30,100.0,26.7,S
2021-07-21T10:50:02,300.0,26.7,S
2021-07-21T10:48:18,1000.0,26.7,S
2021-07-21T10:47:56,3000.0,26.7,S
2021-07-21T10:47:51,300.0,26.7,S
2021-07-21T10:46:12,10700.0,26.7,S
2021-07-21T10:45:57,4000.0,26.7,S
2021-07-21T10:45:40,300.0,26.7,S
2021-07-21T10:43:29,300.0,26.7,S
2021-07-21T10:41:18,300.0,26.7,S
2021-07-21T10:40:44,5000.0,26.8,B
2021-07-21T10:40:03,1000.0,26.7,S
2021-07-21T10:39:07,300.0,26.7,S
2021-07-21T10:36:56,300.0,26.7,S
2021-07-21T10:36:51,1700.0,26.7,S
2021-07-21T10:34:56,1700.0,26.8,S
2021-07-21T10:34:52,100.0,26.8,S
2021-07-21T10:34:44,300.0,26.8,S
2021-07-21T10:32:34,300.0,26.8,S
2021-07-21T10:31:53,1000.0,26.8,S
2021-07-21T10:31:36,100.0,26.8,S
2021-07-21T10:31:28,200.0,26.8,B
2021-07-21T10:31:21,200.0,26.9,B
2021-07-21T10:30:28,2000.0,26.9,B
2021-07-21T10:30:22,300.0,26.8,S
2021-07-21T10:30:18,1000.0,26.8,S
2021-07-21T10:29:50,3000.0,26.8,S
2021-07-21T10:28:10,300.0,26.8,S
2021-07-21T10:26:00,200.0,26.8,S
2021-07-21T10:25:58,300.0,26.7,S
2021-07-21T10:25:13,100.0,26.8,B
2021-07-21T10:24:20,3000.0,26.8,B
2021-07-21T10:23:48,300.0,26.7,S
2021-07-21T10:23:13,100.0,26.8,B
2021-07-21T10:23:08,1000.0,26.8,B
2021-07-21T10:22:18,200.0,26.8,B
2021-07-21T10:21:46,1000.0,26.8,B
2021-07-21T10:21:38,300.0,26.7,S
2021-07-21T10:21:04,1300.0,26.8,B
2021-07-21T10:19:30,1100.0,26.8,B
2021-07-21T10:19:25,300.0,26.7,S
2021-07-21T10:19:23,1000.0,26.8,B
2021-07-21T10:19:03,400.0,26.8,B
2021-07-21T10:18:34,100.0,26.8,B
2021-07-21T10:17:36,4100.0,26.7,S
2021-07-21T10:17:35,100.0,26.8,B
2021-07-21T10:17:13,300.0,26.7,S
2021-07-21T10:16:28,4300.0,26.7,S
2021-07-21T10:15:03,300.0,26.7,S
2021-07-21T10:13:32,800.0,26.7,S
2021-07-21T10:13:16,2000.0,26.7,S
2021-07-21T10:12:53,300.0,26.7,S
2021-07-21T10:12:49,1400.0,26.7,S
2021-07-21T10:12:43,1000.0,26.8,S
2021-07-21T10:12:00,1000.0,26.8,S
2021-07-21T10:11:54,800.0,26.8,S
2021-07-21T10:11:48,1000.0,26.8,S
2021-07-21T10:11:45,3000.0,26.8,S
2021-07-21T10:11:35,1000.0,26.8,S
2021-07-21T10:11:28,700.0,26.8,S
2021-07-21T10:11:20,20600.0,26.8,S
2021-07-21T10:10:41,300.0,26.8,S
2021-07-21T10:09:46,800.0,26.8,S
2021-07-21T10:09:39,1500.0,26.8,S
2021-07-21T10:08:30,300.0,26.8,S
2021-07-21T10:07:15,400.0,26.9,B
2021-07-21T10:07:01,10000.0,26.9,S
2021-07-21T10:06:51,500.0,26.9,S
2021-07-21T10:06:19,300.0,26.9,S
2021-07-21T10:06:16,100.0,26.9,S
2021-07-21T10:05:37,5000.0,26.9,S
2021-07-21T10:04:22,100.0,26.9,S
2021-07-21T10:04:05,300.0,26.9,S
2021-07-21T10:03:47,700.0,26.9,S
2021-07-21T10:03:13,2300.0,27.0,B
2021-07-21T10:03:01,100.0,27.0,B
2021-07-21T10:02:02,300.0,27.0,B
2021-07-21T10:01:56,300.0,26.9,S
2021-07-21T10:01:09,900.0,27.0,S
2021-07-21T10:01:08,1000.0,27.0,S
2021-07-21T10:00:54,500.0,27.0,S
2021-07-21T10:00:34,1000.0,27.0,S
2021-07-21T10:00:32,400.0,27.0,S
2021-07-21T10:00:17,100.0,27.0,S
2021-07-21T09:59:46,300.0,27.0,S
2021-07-21T09:59:03,500.0,27.0,B
2021-07-21T09:58:57,500.0,27.0,B
2021-07-21T09:58:38,1000.0,27.0,S
2021-07-21T09:58:32,2000.0,27.0,S
2021-07-21T09:57:48,200.0,27.0,B
2021-07-21T09:57:33,100.0,27.0,B
2021-07-21T09:57:23,200.0,27.0,B
2021-07-21T09:56:32,100.0,27.0,B
2021-07-21T09:56:30,3400.0,27.1,B
2021-07-21T09:56:20,3000.0,27.0,S
2021-07-21T09:55:34,200.0,27.1,B
2021-07-21T09:55:23,300.0,27.0,S
2021-07-21T09:53:21,300.0,27.0,S
2021-07-21T09:53:11,300.0,27.0,S
2021-07-21T09:53:06,2000.0,27.1,B
2021-07-21T09:52:55,300.0,27.0,S
2021-07-21T09:52:17,2200.0,27.0,S
2021-07-21T09:51:55,500.0,27.1,B
2021-07-21T09:51:29,200.0,27.1,B
2021-07-21T09:51:00,300.0,27.0,S
2021-07-21T09:49:59,100.0,27.0,B
2021-07-21T09:48:50,300.0,27.0,S
2021-07-21T09:48:30,1000.0,27.0,B
2021-07-21T09:48:28,200.0,26.9,S
2021-07-21T09:48:26,300.0,27.0,B
2021-07-21T09:47:49,100.0,27.0,B
2021-07-21T09:47:28,2900.0,27.0,B
2021-07-21T09:46:38,300.0,27.0,S
2021-07-21T09:46:14,1000.0,27.0,S
2021-07-21T09:45:45,100.0,27.0,S
2021-07-21T09:45:01,1000.0,27.0,S
2021-07-21T09:44:27,300.0,27.0,S
2021-07-21T09:44:05,1500.0,27.0,B
2021-07-21T09:43:12,500.0,27.0,B
2021-07-21T09:42:40,100.0,27.0,S
2021-07-21T09:42:18,400.0,27.0,B
2021-07-21T09:42:16,300.0,26.9,S
2021-07-21T09:42:01,100.0,27.0,B
2021-07-21T09:41:41,700.0,27.0,S
2021-07-21T09:41:34,1000.0,27.0,S
2021-07-21T09:40:31,100.0,27.0,S
2021-07-21T09:40:23,11000.0,26.9,S
2021-07-21T09:40:03,300.0,26.9,S
2021-07-21T09:38:24,11000.0,27.0,S
2021-07-21T09:37:53,300.0,27.0,S
2021-07-21T09:36:53,5000.0,27.0,S
2021-07-21T09:36:42,100.0,27.1,B
2021-07-21T09:36:35,500.0,27.1,S
2021-07-21T09:36:33,200.0,27.1,S
2021-07-21T09:36:32,500.0,27.1,S
2021-07-21T09:35:42,300.0,27.1,S
2021-07-21T09:33:49,5700.0,27.3,B
2021-07-21T09:33:37,1900.0,27.2,S
2021-07-21T09:33:30,300.0,27.2,S
2021-07-21T09:32:39,500.0,27.2,S
2021-07-21T09:32:37,1000.0,27.3,B
2021-07-21T09:32:20,300.0,27.3,B
2021-07-21T09:32:01,500.0,27.2,S
2021-07-21T09:31:55,300.0,27.2,S
2021-07-21T09:31:51,500.0,27.2,B
2021-07-21T09:31:19,300.0,27.1,S
2021-07-21T09:31:17,500.0,27.2,B
2021-07-21T09:31:05,1600.0,27.3,B
2021-07-21T09:31:04,300.0,27.2,B
2021-07-21T09:30:39,3200.0,27.2,S
2021-07-21T09:30:19,2000.0,27.2,B
2021-07-21T09:29:31,1900.0,27.2,B
2021-07-21T09:29:27,200.0,27.2,B
2021-07-21T09:29:10,300.0,27.2,B
2021-07-21T09:29:08,300.0,27.0,S
2021-07-21T09:29:00,6500.0,27.2,B
2021-07-21T09:28:48,1400.0,27.1,S
2021-07-21T09:26:58,200.0,27.0,S
2021-07-21T09:26:41,600.0,27.0,B
2021-07-21T09:26:17,100.0,27.0,B
2021-07-21T09:25:53,1000.0,27.0,B
2021-07-21T09:25:52,2000.0,27.0,B
2021-07-21T09:25:45,3000.0,27.0,B
2021-07-21T09:24:47,200.0,26.9,S
2021-07-21T09:24:21,100.0,26.9,S
2021-07-21T09:23:11,500.0,26.9,B
2021-07-21T09:23:06,200.0,26.9,B
2021-07-21T09:22:42,600.0,26.9,B
2021-07-21T09:22:35,200.0,26.8,S
2021-07-21T09:22:02,1000.0,26.9,B
2021-07-21T09:21:57,300.0,26.9,B
2021-07-21T09:21:09,800.0,26.9,B
2021-07-21T09:20:49,200.0,26.9,B
2021-07-21T09:20:23,200.0,26.8,S
2021-07-21T09:19:16,1100.0,26.9,S
2021-07-21T09:19:15,300.0,26.9,S
2021-07-21T09:19:06,500.0,26.9,S
2021-07-21T09:18:56,2500.0,26.9,S
2021-07-21T09:18:43,1000.0,26.9,S
2021-07-21T09:18:12,200.0,26.9,S
2021-07-21T09:16:12,1000.0,27.0,S
2021-07-21T09:16:10,300.0,27.0,S
2021-07-21T09:16:02,200.0,27.0,S
2021-07-21T09:15:49,100.0,27.1,B
2021-07-21T09:14:30,100.0,27.1,B
2021-07-21T09:14:11,100.0,27.1,B
2021-07-21T09:13:50,100.0,27.1,B
2021-07-21T09:13:43,100.0,27.1,B
2021-07-21T09:12:20,500.0,27.1,S
2021-07-21T09:11:21,100.0,27.1,B
2021-07-21T09:11:07,300.0,27.0,S
2021-07-21T09:10:48,200.0,27.1,B
2021-07-21T09:10:43,300.0,27.1,B
2021-07-21T09:10:10,10000.0,27.0,S
2021-07-21T09:10:05,1400.0,27.1,S
2021-07-21T09:09:15,100.0,27.1,S
2021-07-21T09:08:00,1000.0,27.2,S
2021-07-21T09:07:21,500.0,27.2,S
2021-07-21T09:06:46,100.0,27.2,S
2021-07-21T09:06:20,1700.0,27.2,B
2021-07-21T09:05:16,500.0,27.0,S
2021-07-21T09:04:15,2000.0,27.0,S
2021-07-21T09:03:56,100.0,27.2,B
2021-07-21T09:02:55,1000.0,27.0,S
2021-07-21T09:02:45,1600.0,27.0,B
2021-07-21T09:02:45,2000.0,27.0,B
2021-07-21T09:02:34,1000.0,27.0,B
2021-07-21T09:01:43,200.0,27.0,B
2021-07-21T09:01:43,300.0,27.0,B
2021-07-21T09:00:18,5000.0,27.0,B
