tradingTime,volume,price,side
2021-07-21T14:29:57,100.0,22.2,S
2021-07-21T14:29:55,500.0,22.2,B
2021-07-21T14:29:54,400.0,22.2,B
2021-07-21T14:29:31,100.0,22.15,S
2021-07-21T14:29:00,500.0,22.25,B
2021-07-21T14:28:33,100.0,22.25,B
2021-07-21T14:28:24,2000.0,22.15,S
2021-07-21T14:28:13,300.0,22.2,B
2021-07-21T14:27:34,10000.0,22.1,S
2021-07-21T14:27:25,2500.0,22.15,S
2021-07-21T14:27:20,900.0,22.15,B
2021-07-21T14:27:18,200.0,22.1,S
2021-07-21T14:27:15,4000.0,22.15,B
2021-07-21T14:26:31,4300.0,22.1,S
2021-07-21T14:26:31,300.0,22.1,S
2021-07-21T14:26:31,400.0,22.1,S
2021-07-21T14:26:24,500.0,22.1,S
2021-07-21T14:26:04,2000.0,22.1,S
2021-07-21T14:25:34,100.0,22.15,B
2021-07-21T14:25:30,3300.0,22.15,B
2021-07-21T14:25:08,1000.0,22.15,S
2021-07-21T14:25:02,1700.0,22.15,S
2021-07-21T14:24:44,600.0,22.15,S
2021-07-21T14:24:28,17700.0,22.2,B
2021-07-21T14:24:13,2300.0,22.15,S
2021-07-21T14:23:52,100.0,22.2,B
2021-07-21T14:23:40,400.0,22.15,S
2021-07-21T14:23:19,100.0,22.15,S
2021-07-21T14:23:08,500.0,22.15,B
2021-07-21T14:22:57,500.0,22.15,B
2021-07-21T14:22:55,1000.0,22.15,B
2021-07-21T14:22:46,100.0,22.15,B
2021-07-21T14:22:42,1000.0,22.15,B
2021-07-21T14:22:17,1500.0,22.15,B
2021-07-21T14:22:17,2000.0,22.15,S
2021-07-21T14:21:57,300.0,22.15,S
2021-07-21T14:21:36,3300.0,22.15,B
2021-07-21T14:21:33,1000.0,22.15,B
2021-07-21T14:21:29,300.0,22.1,S
2021-07-21T14:21:22,1200.0,22.15,B
2021-07-21T14:21:20,1900.0,22.1,S
2021-07-21T14:21:20,200.0,22.1,S
2021-07-21T14:21:20,400.0,22.1,S
2021-07-21T14:21:09,100.0,22.15,B
2021-07-21T14:20:49,200.0,22.15,B
2021-07-21T14:20:46,100.0,22.1,S
2021-07-21T14:20:37,10000.0,22.15,B
2021-07-21T14:20:23,700.0,22.1,S
2021-07-21T14:20:21,300.0,22.1,S
2021-07-21T14:19:24,1000.0,22.1,S
2021-07-21T14:19:20,1800.0,22.1,S
2021-07-21T14:19:20,3100.0,22.1,S
2021-07-21T14:19:20,5100.0,22.1,S
2021-07-21T14:19:19,500.0,22.1,S
2021-07-21T14:19:14,100.0,22.1,S
2021-07-21T14:19:13,2300.0,22.1,S
2021-07-21T14:19:05,1000.0,22.1,S
2021-07-21T14:18:20,100.0,22.1,S
2021-07-21T14:17:56,100.0,22.1,S
2021-07-21T14:17:45,500.0,22.1,S
2021-07-21T14:17:13,100.0,22.1,S
2021-07-21T14:17:12,100.0,22.1,S
2021-07-21T14:17:04,200.0,22.1,S
2021-07-21T14:16:38,500.0,22.1,B
2021-07-21T14:16:38,400.0,22.1,B
2021-07-21T14:16:30,1000.0,22.1,B
2021-07-21T14:16:12,100.0,22.05,S
2021-07-21T14:16:08,100.0,22.1,B
2021-07-21T14:15:54,200.0,22.1,B
2021-07-21T14:15:54,600.0,22.1,B
2021-07-21T14:15:45,300.0,22.1,S
2021-07-21T14:15:45,1200.0,22.1,S
2021-07-21T14:15:45,500.0,22.1,S
2021-07-21T14:15:03,1500.0,22.1,S
2021-07-21T14:15:03,100.0,22.1,S
2021-07-21T14:15:03,200.0,22.1,S
2021-07-21T14:15:03,1100.0,22.1,S
2021-07-21T14:15:03,2100.0,22.1,S
2021-07-21T14:14:58,500.0,22.1,S
2021-07-21T14:14:38,3000.0,22.15,B
2021-07-21T14:14:36,3000.0,22.15,S
2021-07-21T14:14:36,2700.0,22.15,S
2021-07-21T14:14:24,12900.0,22.15,S
2021-07-21T14:14:22,100.0,22.15,S
2021-07-21T14:14:01,4000.0,22.15,S
2021-07-21T14:13:24,500.0,22.2,S
2021-07-21T14:12:52,200.0,22.2,S
2021-07-21T14:12:50,500.0,22.2,S
2021-07-21T14:12:47,10000.0,22.2,S
2021-07-21T14:12:16,1000.0,22.2,S
2021-07-21T14:11:51,2000.0,22.25,B
2021-07-21T14:11:43,1000.0,22.2,S
2021-07-21T14:10:42,300.0,22.25,B
2021-07-21T14:10:33,3000.0,22.25,B
2021-07-21T14:10:05,2000.0,22.25,B
2021-07-21T14:09:48,200.0,22.25,B
2021-07-21T14:09:39,5000.0,22.25,B
2021-07-21T14:09:27,300.0,22.25,B
2021-07-21T14:09:17,5000.0,22.25,B
2021-07-21T14:09:15,3000.0,22.25,B
2021-07-21T14:08:33,100.0,22.25,B
2021-07-21T14:08:08,2000.0,22.2,S
2021-07-21T14:08:04,500.0,22.25,B
2021-07-21T14:07:51,4700.0,22.2,S
2021-07-21T14:07:32,3000.0,22.2,S
2021-07-21T14:06:54,1000.0,22.2,B
2021-07-21T14:06:54,600.0,22.2,B
2021-07-21T14:06:54,100.0,22.2,B
2021-07-21T14:06:54,4900.0,22.2,B
2021-07-21T14:06:43,100.0,22.2,B
2021-07-21T14:06:34,2000.0,22.2,B
2021-07-21T14:06:13,600.0,22.2,B
2021-07-21T14:06:06,2000.0,22.2,B
2021-07-21T14:06:03,500.0,22.2,B
2021-07-21T14:04:33,2300.0,22.2,S
2021-07-21T14:04:15,5500.0,22.2,S
2021-07-21T14:04:06,1000.0,22.2,S
2021-07-21T14:04:04,100.0,22.2,S
2021-07-21T14:03:34,900.0,22.2,S
2021-07-21T14:03:30,300.0,22.2,S
2021-07-21T14:03:02,100.0,22.2,S
2021-07-21T14:02:36,1000.0,22.2,S
2021-07-21T14:02:26,1300.0,22.2,S
2021-07-21T14:02:26,1000.0,22.2,S
2021-07-21T14:02:17,1100.0,22.2,S
2021-07-21T14:02:03,3700.0,22.2,B
2021-07-21T14:01:22,1000.0,22.15,S
2021-07-21T14:01:15,300.0,22.15,S
2021-07-21T14:01:12,4800.0,22.1,B
2021-07-21T14:01:11,300.0,22.1,B
2021-07-21T14:01:11,1000.0,22.1,B
2021-07-21T14:01:08,13900.0,22.1,B
2021-07-21T14:01:07,200.0,22.05,S
2021-07-21T14:01:03,100.0,22.1,B
2021-07-21T14:00:53,500.0,22.1,B
2021-07-21T14:00:50,200.0,22.05,S
2021-07-21T14:00:50,2500.0,22.1,B
2021-07-21T14:00:28,100.0,22.1,B
2021-07-21T14:00:10,1900.0,22.1,S
2021-07-21T14:00:05,2600.0,22.1,S
2021-07-21T14:00:05,200.0,22.1,S
2021-07-21T14:00:00,2500.0,22.1,S
2021-07-21T13:59:53,500.0,22.1,S
2021-07-21T13:59:48,700.0,22.1,S
2021-07-21T13:59:41,4200.0,22.1,B
2021-07-21T13:59:41,2400.0,22.1,B
2021-07-21T13:59:33,3000.0,22.1,B
2021-07-21T13:59:32,300.0,22.1,B
2021-07-21T13:59:19,100.0,22.1,B
2021-07-21T13:59:12,100.0,22.1,B
2021-07-21T13:59:01,100.0,22.1,B
2021-07-21T13:58:45,500.0,22.1,B
2021-07-21T13:58:45,500.0,22.1,B
2021-07-21T13:58:32,200.0,22.1,B
2021-07-21T13:58:23,100.0,22.1,B
2021-07-21T13:58:21,100.0,22.1,B
2021-07-21T13:58:01,100.0,22.1,B
2021-07-21T13:57:52,200.0,22.15,B
2021-07-21T13:57:50,900.0,22.05,S
2021-07-21T13:57:50,3200.0,22.05,S
2021-07-21T13:57:50,1500.0,22.1,S
2021-07-21T13:57:50,500.0,22.1,S
2021-07-21T13:57:50,3100.0,22.1,S
2021-07-21T13:57:50,5800.0,22.1,S
2021-07-21T13:57:46,10000.0,22.1,S
2021-07-21T13:57:45,1000.0,22.1,S
2021-07-21T13:57:40,1000.0,22.1,S
2021-07-21T13:57:40,2000.0,22.1,S
2021-07-21T13:57:24,1000.0,22.1,S
2021-07-21T13:57:22,800.0,22.1,S
2021-07-21T13:57:20,1000.0,22.1,S
2021-07-21T13:57:19,9000.0,22.1,S
2021-07-21T13:57:19,1200.0,22.1,S
2021-07-21T13:57:07,1000.0,22.1,S
2021-07-21T13:57:07,2000.0,22.1,S
2021-07-21T13:56:54,1300.0,22.1,S
2021-07-21T13:56:54,1700.0,22.1,S
2021-07-21T13:56:54,1500.0,22.15,S
2021-07-21T13:56:54,1900.0,22.15,S
2021-07-21T13:56:54,2400.0,22.15,S
2021-07-21T13:56:54,1200.0,22.15,S
2021-07-21T13:56:53,1000.0,22.15,S
2021-07-21T13:56:52,200.0,22.15,S
2021-07-21T13:56:37,100.0,22.15,S
2021-07-21T13:56:27,500.0,22.2,B
2021-07-21T13:56:17,2000.0,22.15,S
2021-07-21T13:56:16,300.0,22.15,S
2021-07-21T13:55:57,300.0,22.15,S
2021-07-21T13:55:56,2100.0,22.15,S
2021-07-21T13:55:39,1200.0,22.15,S
2021-07-21T13:55:39,3500.0,22.15,S
2021-07-21T13:55:34,400.0,22.15,S
2021-07-21T13:55:27,1400.0,22.15,S
2021-07-21T13:55:21,200.0,22.15,S
2021-07-21T13:55:12,200.0,22.15,S
2021-07-21T13:55:09,300.0,22.15,S
2021-07-21T13:55:02,1000.0,22.15,S
2021-07-21T13:54:59,1000.0,22.2,B
2021-07-21T13:54:55,500.0,22.15,S
2021-07-21T13:54:53,1000.0,22.15,S
2021-07-21T13:54:46,1000.0,22.15,S
2021-07-21T13:54:35,100.0,22.15,S
2021-07-21T13:54:29,200.0,22.15,S
2021-07-21T13:54:06,1700.0,22.15,S
2021-07-21T13:53:57,1000.0,22.2,B
2021-07-21T13:53:26,1500.0,22.15,S
2021-07-21T13:53:09,500.0,22.15,S
2021-07-21T13:52:44,1100.0,22.15,S
2021-07-21T13:52:13,4700.0,22.15,S
2021-07-21T13:52:13,5300.0,22.15,S
2021-07-21T13:51:46,100.0,22.15,S
2021-07-21T13:51:42,1000.0,22.2,B
2021-07-21T13:51:02,1000.0,22.2,B
2021-07-21T13:50:48,600.0,22.2,B
2021-07-21T13:50:39,600.0,22.15,S
2021-07-21T13:50:16,1400.0,22.15,S
2021-07-21T13:50:06,100.0,22.15,S
2021-07-21T13:50:00,300.0,22.15,S
2021-07-21T13:49:52,50000.0,22.2,B
2021-07-21T13:49:42,1500.0,22.15,S
2021-07-21T13:49:09,1000.0,22.2,B
2021-07-21T13:49:07,200.0,22.2,B
2021-07-21T13:48:52,500.0,22.2,B
2021-07-21T13:48:27,4600.0,22.2,S
2021-07-21T13:48:15,400.0,22.2,S
2021-07-21T13:47:59,1500.0,22.2,S
2021-07-21T13:47:52,900.0,22.2,S
2021-07-21T13:47:34,100.0,22.2,S
2021-07-21T13:47:14,500.0,22.2,S
2021-07-21T13:46:49,500.0,22.2,S
2021-07-21T13:46:37,1100.0,22.25,B
2021-07-21T13:46:29,100.0,22.2,S
2021-07-21T13:46:28,100.0,22.2,S
2021-07-21T13:45:29,100.0,22.2,S
2021-07-21T13:45:19,200.0,22.25,B
2021-07-21T13:44:59,1000.0,22.25,B
2021-07-21T13:43:44,500.0,22.25,S
2021-07-21T13:43:21,500.0,22.25,B
2021-07-21T13:43:19,1100.0,22.25,S
2021-07-21T13:43:17,1000.0,22.25,S
2021-07-21T13:43:13,10000.0,22.25,S
2021-07-21T13:42:44,900.0,22.25,S
2021-07-21T13:42:24,1000.0,22.25,S
2021-07-21T13:42:19,20000.0,22.25,S
2021-07-21T13:42:06,400.0,22.25,S
2021-07-21T13:41:42,100.0,22.25,S
2021-07-21T13:41:37,300.0,22.3,B
2021-07-21T13:41:34,100.0,22.25,S
2021-07-21T13:41:33,1000.0,22.25,S
2021-07-21T13:41:13,100.0,22.25,S
2021-07-21T13:40:44,200.0,22.25,S
2021-07-21T13:40:26,400.0,22.25,S
2021-07-21T13:39:54,100.0,22.25,S
2021-07-21T13:39:21,600.0,22.25,S
2021-07-21T13:38:48,100.0,22.3,B
2021-07-21T13:38:48,100.0,22.25,S
2021-07-21T13:38:03,13300.0,22.25,B
2021-07-21T13:38:00,2100.0,22.2,S
2021-07-21T13:37:23,100.0,22.2,S
2021-07-21T13:37:14,100.0,22.2,S
2021-07-21T13:36:47,6000.0,22.25,B
2021-07-21T13:36:29,100.0,22.2,B
2021-07-21T13:36:07,600.0,22.2,S
2021-07-21T13:36:05,1700.0,22.2,S
2021-07-21T13:36:05,3300.0,22.2,S
2021-07-21T13:35:04,300.0,22.25,S
2021-07-21T13:34:34,100.0,22.3,B
2021-07-21T13:34:10,700.0,22.3,B
2021-07-21T13:34:03,2000.0,22.2,S
2021-07-21T13:34:03,2700.0,22.2,S
2021-07-21T13:34:03,5100.0,22.25,S
2021-07-21T13:34:03,200.0,22.25,S
2021-07-21T13:34:03,100.0,22.3,B
2021-07-21T13:34:01,300.0,22.3,B
2021-07-21T13:33:41,100.0,22.3,B
2021-07-21T13:33:12,300.0,22.3,B
2021-07-21T13:32:40,200.0,22.3,B
2021-07-21T13:32:21,200.0,22.3,B
2021-07-21T13:32:13,500.0,22.3,B
2021-07-21T13:31:41,500.0,22.3,B
2021-07-21T13:31:28,1300.0,22.3,B
2021-07-21T13:31:12,100.0,22.3,B
2021-07-21T13:30:11,200.0,22.25,S
2021-07-21T13:29:50,100.0,22.25,S
2021-07-21T13:29:37,100.0,22.25,S
2021-07-21T13:29:30,100.0,22.25,S
2021-07-21T13:28:57,300.0,22.25,S
2021-07-21T13:28:53,400.0,22.3,B
2021-07-21T13:28:29,100.0,22.25,B
2021-07-21T13:27:37,200.0,22.2,S
2021-07-21T13:27:37,100.0,22.2,S
2021-07-21T13:27:30,500.0,22.25,B
2021-07-21T13:27:18,300.0,22.2,S
2021-07-21T13:27:05,800.0,22.2,S
2021-07-21T13:27:00,14000.0,22.25,B
2021-07-21T13:26:59,500.0,22.2,S
2021-07-21T13:26:51,1000.0,22.2,B
2021-07-21T13:26:45,1000.0,22.2,B
2021-07-21T13:26:44,100.0,22.2,B
2021-07-21T13:26:37,1000.0,22.2,B
2021-07-21T13:26:27,500.0,22.2,B
2021-07-21T13:26:25,100.0,22.15,S
2021-07-21T13:26:23,100.0,22.15,S
2021-07-21T13:25:52,1000.0,22.15,S
2021-07-21T13:25:45,200.0,22.15,S
2021-07-21T13:25:39,10000.0,22.15,B
2021-07-21T13:25:35,300.0,22.1,S
2021-07-21T13:25:35,100.0,22.1,S
2021-07-21T13:25:35,300.0,22.1,S
2021-07-21T13:25:35,200.0,22.1,S
2021-07-21T13:25:35,3900.0,22.1,S
2021-07-21T13:25:35,6300.0,22.1,S
2021-07-21T13:25:30,1300.0,22.15,B
2021-07-21T13:25:28,3400.0,22.1,S
2021-07-21T13:25:26,1000.0,22.1,S
2021-07-21T13:25:23,800.0,22.15,B
2021-07-21T13:25:05,2000.0,22.1,S
2021-07-21T13:24:54,2900.0,22.1,S
2021-07-21T13:24:54,7100.0,22.1,S
2021-07-21T13:24:49,400.0,22.15,B
2021-07-21T13:24:27,4000.0,22.1,S
2021-07-21T13:24:24,2000.0,22.15,B
2021-07-21T13:24:15,200.0,22.15,B
2021-07-21T13:23:56,1000.0,22.15,S
2021-07-21T13:23:56,3200.0,22.15,S
2021-07-21T13:23:52,1300.0,22.15,S
2021-07-21T13:23:52,2000.0,22.15,S
2021-07-21T13:23:52,300.0,22.15,S
2021-07-21T13:23:52,500.0,22.15,S
2021-07-21T13:23:52,800.0,22.15,S
2021-07-21T13:23:52,5100.0,22.15,S
2021-07-21T13:23:36,1000.0,22.2,B
2021-07-21T13:23:32,4900.0,22.15,S
2021-07-21T13:23:32,2600.0,22.15,S
2021-07-21T13:23:32,400.0,22.15,S
2021-07-21T13:23:32,1200.0,22.15,S
2021-07-21T13:23:32,500.0,22.15,S
2021-07-21T13:23:32,400.0,22.15,S
2021-07-21T13:23:21,400.0,22.2,B
2021-07-21T13:23:21,5100.0,22.2,B
2021-07-21T13:23:21,4500.0,22.2,B
2021-07-21T13:23:12,500.0,22.2,B
2021-07-21T13:22:55,1000.0,22.2,B
2021-07-21T13:22:40,2000.0,22.2,B
2021-07-21T13:22:32,2000.0,22.2,S
2021-07-21T13:22:25,10000.0,22.2,S
2021-07-21T13:22:25,2000.0,22.2,S
2021-07-21T13:22:05,1500.0,22.2,S
2021-07-21T13:22:05,1100.0,22.2,S
2021-07-21T13:22:05,7400.0,22.2,S
2021-07-21T13:21:51,400.0,22.2,S
2021-07-21T13:21:51,1000.0,22.2,S
2021-07-21T13:21:51,200.0,22.2,S
2021-07-21T13:21:51,400.0,22.2,S
2021-07-21T13:21:51,400.0,22.2,S
2021-07-21T13:21:51,1600.0,22.2,S
2021-07-21T13:21:51,100.0,22.2,S
2021-07-21T13:21:51,2200.0,22.2,S
2021-07-21T13:21:51,200.0,22.2,S
2021-07-21T13:21:51,1200.0,22.2,S
2021-07-21T13:21:51,1000.0,22.2,S
2021-07-21T13:21:51,400.0,22.2,S
2021-07-21T13:21:51,3400.0,22.2,S
2021-07-21T13:21:51,7500.0,22.2,S
2021-07-21T13:21:17,500.0,22.25,B
2021-07-21T13:21:12,1000.0,22.2,S
2021-07-21T13:21:11,200.0,22.25,B
2021-07-21T13:21:10,800.0,22.25,S
2021-07-21T13:20:48,200.0,22.25,S
2021-07-21T13:20:36,9200.0,22.25,B
2021-07-21T13:20:20,2000.0,22.2,S
2021-07-21T13:20:11,500.0,22.2,S
2021-07-21T13:20:07,100.0,22.25,B
2021-07-21T13:19:37,900.0,22.2,S
2021-07-21T13:19:31,500.0,22.25,B
2021-07-21T13:19:27,700.0,22.2,S
2021-07-21T13:19:23,1000.0,22.25,B
2021-07-21T13:19:21,3900.0,22.25,S
2021-07-21T13:19:20,200.0,22.25,S
2021-07-21T13:19:15,3700.0,22.25,S
2021-07-21T13:18:56,100.0,22.25,B
2021-07-21T13:18:53,100.0,22.25,B
2021-07-21T13:18:48,100.0,22.25,B
2021-07-21T13:18:45,100.0,22.25,B
2021-07-21T13:18:45,500.0,22.2,S
2021-07-21T13:18:42,1200.0,22.25,B
2021-07-21T13:18:35,100.0,22.25,B
2021-07-21T13:18:34,1000.0,22.25,B
2021-07-21T13:18:33,200.0,22.25,B
2021-07-21T13:18:29,1200.0,22.25,B
2021-07-21T13:18:13,100.0,22.25,B
2021-07-21T13:18:13,1100.0,22.25,B
2021-07-21T13:18:07,1000.0,22.25,B
2021-07-21T13:18:07,100.0,22.25,B
2021-07-21T13:17:11,1000.0,22.25,B
2021-07-21T13:17:07,100.0,22.25,B
2021-07-21T13:17:00,500.0,22.25,B
2021-07-21T13:16:33,1000.0,22.25,B
2021-07-21T13:16:26,5400.0,22.25,S
2021-07-21T13:16:23,2000.0,22.25,S
2021-07-21T13:16:22,1000.0,22.3,B
2021-07-21T13:16:20,8700.0,22.25,S
2021-07-21T13:15:46,1500.0,22.25,S
2021-07-21T13:14:36,100.0,22.25,S
2021-07-21T13:14:34,500.0,22.25,S
2021-07-21T13:13:56,500.0,22.25,B
2021-07-21T13:13:50,200.0,22.25,B
2021-07-21T13:13:44,1000.0,22.2,S
2021-07-21T13:13:32,400.0,22.2,S
2021-07-21T13:13:28,2700.0,22.25,B
2021-07-21T13:13:27,7100.0,22.25,S
2021-07-21T13:13:25,500.0,22.25,S
2021-07-21T13:13:16,200.0,22.25,S
2021-07-21T13:13:07,2900.0,22.25,S
2021-07-21T13:12:25,3000.0,22.25,S
2021-07-21T13:11:47,2000.0,22.25,S
2021-07-21T13:11:44,4600.0,22.25,S
2021-07-21T13:11:44,3000.0,22.25,S
2021-07-21T13:11:42,100.0,22.3,B
2021-07-21T13:11:42,100.0,22.3,B
2021-07-21T13:11:11,200.0,22.25,S
2021-07-21T13:11:11,2100.0,22.25,S
2021-07-21T13:11:11,700.0,22.25,S
2021-07-21T13:10:46,400.0,22.25,S
2021-07-21T13:09:29,400.0,22.3,S
2021-07-21T13:09:06,500.0,22.3,B
2021-07-21T13:09:01,100.0,22.3,B
2021-07-21T13:08:57,2000.0,22.3,B
2021-07-21T13:08:56,1000.0,22.3,B
2021-07-21T13:08:56,5000.0,22.3,B
2021-07-21T13:08:29,1900.0,22.3,B
2021-07-21T13:07:29,100.0,22.3,B
2021-07-21T13:07:28,1200.0,22.3,S
2021-07-21T13:07:28,500.0,22.3,S
2021-07-21T13:07:28,3600.0,22.3,S
2021-07-21T13:07:28,8800.0,22.3,S
2021-07-21T13:07:23,500.0,22.3,S
2021-07-21T13:07:08,7500.0,22.3,S
2021-07-21T13:07:08,8100.0,22.3,S
2021-07-21T13:07:08,100.0,22.3,S
2021-07-21T13:07:08,14300.0,22.3,S
2021-07-21T13:06:16,2100.0,22.3,S
2021-07-21T13:05:33,300.0,22.3,S
2021-07-21T13:05:33,700.0,22.3,S
2021-07-21T13:05:00,1700.0,22.35,S
2021-07-21T13:04:58,1000.0,22.35,S
2021-07-21T13:04:27,3200.0,22.35,S
2021-07-21T13:04:27,14000.0,22.35,S
2021-07-21T13:04:27,20800.0,22.35,S
2021-07-21T13:03:55,200.0,22.35,S
2021-07-21T13:03:18,2000.0,22.35,S
2021-07-21T13:02:34,1000.0,22.4,B
2021-07-21T13:01:23,200.0,22.4,B
2021-07-21T13:00:16,100.0,22.4,B
2021-07-21T13:00:09,500.0,22.4,B
2021-07-21T13:00:09,700.0,22.4,S
2021-07-21T13:00:07,400.0,22.4,S
2021-07-21T13:00:07,500.0,22.4,S
2021-07-21T13:00:07,100.0,22.4,S
2021-07-21T13:00:07,100.0,22.4,S
2021-07-21T13:00:07,1200.0,22.4,B
2021-07-21T13:00:07,2100.0,22.4,B
2021-07-21T13:00:05,100.0,22.35,S
2021-07-21T13:00:02,3600.0,22.4,S
2021-07-21T11:29:36,1000.0,22.4,B
2021-07-21T11:29:36,100.0,22.4,B
2021-07-21T11:29:36,7900.0,22.4,B
2021-07-21T11:28:52,100.0,22.4,S
2021-07-21T11:28:52,2500.0,22.4,S
2021-07-21T11:28:44,500.0,22.4,S
2021-07-21T11:28:22,100.0,22.4,S
2021-07-21T11:27:55,800.0,22.4,S
2021-07-21T11:27:13,2000.0,22.4,S
2021-07-21T11:26:47,10000.0,22.4,S
2021-07-21T11:26:45,800.0,22.4,S
2021-07-21T11:23:52,300.0,22.45,B
2021-07-21T11:23:35,100.0,22.4,S
2021-07-21T11:23:23,1300.0,22.45,B
2021-07-21T11:23:08,300.0,22.4,S
2021-07-21T11:22:40,400.0,22.4,S
2021-07-21T11:22:17,4100.0,22.35,S
2021-07-21T11:22:11,200.0,22.4,B
2021-07-21T11:21:32,1000.0,22.35,S
2021-07-21T11:21:24,2000.0,22.4,B
2021-07-21T11:21:24,3000.0,22.4,S
2021-07-21T11:20:36,1700.0,22.35,S
2021-07-21T11:20:22,600.0,22.35,S
2021-07-21T11:20:05,3200.0,22.45,B
2021-07-21T11:20:05,1300.0,22.45,B
2021-07-21T11:18:57,19100.0,22.35,S
2021-07-21T11:18:57,900.0,22.4,B
2021-07-21T11:18:53,1500.0,22.4,B
2021-07-21T11:18:53,1500.0,22.4,B
2021-07-21T11:18:37,1100.0,22.4,B
2021-07-21T11:18:37,1900.0,22.4,B
2021-07-21T11:18:36,2000.0,22.4,B
2021-07-21T11:18:21,3000.0,22.4,B
2021-07-21T11:17:22,400.0,22.35,S
2021-07-21T11:16:08,500.0,22.35,S
2021-07-21T11:15:33,100.0,22.35,S
2021-07-21T11:15:23,8500.0,22.3,S
2021-07-21T11:15:11,3100.0,22.3,S
2021-07-21T11:15:04,2000.0,22.35,B
2021-07-21T11:14:18,3000.0,22.4,B
2021-07-21T11:14:14,3000.0,22.3,S
2021-07-21T11:14:08,100.0,22.3,S
2021-07-21T11:14:05,400.0,22.3,S
2021-07-21T11:14:05,1000.0,22.35,B
2021-07-21T11:13:57,400.0,22.3,S
2021-07-21T11:13:56,5000.0,22.3,S
2021-07-21T11:13:51,100.0,22.3,S
2021-07-21T11:13:02,2200.0,22.3,S
2021-07-21T11:12:56,300.0,22.3,S
2021-07-21T11:12:36,500.0,22.3,S
2021-07-21T11:12:02,100.0,22.3,S
2021-07-21T11:11:54,500.0,22.3,S
2021-07-21T11:11:49,400.0,22.3,S
2021-07-21T11:10:36,500.0,22.3,S
2021-07-21T11:10:35,100.0,22.3,S
2021-07-21T11:10:23,3000.0,22.3,S
2021-07-21T11:10:21,2000.0,22.3,S
2021-07-21T11:10:10,1100.0,22.3,S
2021-07-21T11:10:05,1000.0,22.3,S
2021-07-21T11:10:00,2000.0,22.3,S
2021-07-21T11:09:56,3000.0,22.3,S
2021-07-21T11:09:30,100.0,22.3,S
2021-07-21T11:09:26,900.0,22.35,S
2021-07-21T11:09:18,100.0,22.35,S
2021-07-21T11:09:16,200.0,22.35,S
2021-07-21T11:09:13,100.0,22.35,S
2021-07-21T11:09:11,7900.0,22.35,S
2021-07-21T11:09:11,1000.0,22.35,S
2021-07-21T11:09:11,6100.0,22.35,S
2021-07-21T11:09:00,2000.0,22.35,S
2021-07-21T11:08:53,5000.0,22.35,S
2021-07-21T11:08:50,1000.0,22.35,S
2021-07-21T11:08:35,2000.0,22.35,S
2021-07-21T11:08:27,4900.0,22.35,S
2021-07-21T11:08:27,100.0,22.35,S
2021-07-21T11:07:51,100.0,22.4,B
2021-07-21T11:07:49,1000.0,22.35,S
2021-07-21T11:07:49,100.0,22.35,S
2021-07-21T11:07:49,600.0,22.35,S
2021-07-21T11:07:23,46100.0,22.4,S
2021-07-21T11:07:19,100.0,22.4,S
2021-07-21T11:07:04,500.0,22.4,S
2021-07-21T11:06:54,900.0,22.45,S
2021-07-21T11:06:48,600.0,22.45,S
2021-07-21T11:06:35,200.0,22.45,S
2021-07-21T11:06:35,1000.0,22.45,S
2021-07-21T11:06:23,600.0,22.45,S
2021-07-21T11:06:23,6900.0,22.45,S
2021-07-21T11:06:14,100.0,22.45,S
2021-07-21T11:06:08,500.0,22.45,S
2021-07-21T11:06:06,9000.0,22.45,S
2021-07-21T11:05:54,500.0,22.45,S
2021-07-21T11:05:29,3000.0,22.45,S
2021-07-21T11:05:14,500.0,22.45,S
2021-07-21T11:03:57,700.0,22.45,S
2021-07-21T11:03:46,100.0,22.45,S
2021-07-21T11:03:30,200.0,22.45,S
2021-07-21T11:03:24,800.0,22.45,S
2021-07-21T11:03:20,1000.0,22.4,S
2021-07-21T11:03:10,10000.0,22.4,S
2021-07-21T11:02:53,4900.0,22.4,S
2021-07-21T11:02:53,2100.0,22.45,S
2021-07-21T11:02:35,1600.0,22.45,S
2021-07-21T11:02:18,400.0,22.45,S
2021-07-21T11:02:04,100.0,22.45,S
2021-07-21T11:01:48,100.0,22.45,S
2021-07-21T11:01:48,100.0,22.45,S
2021-07-21T11:01:39,300.0,22.45,S
2021-07-21T11:01:39,3000.0,22.45,S
2021-07-21T11:01:36,10000.0,22.45,S
2021-07-21T11:01:15,200.0,22.45,S
2021-07-21T11:00:51,400.0,22.5,B
2021-07-21T10:58:24,1000.0,22.5,B
2021-07-21T10:56:42,500.0,22.5,B
2021-07-21T10:56:41,1400.0,22.5,B
2021-07-21T10:56:40,400.0,22.5,S
2021-07-21T10:56:34,400.0,22.5,S
2021-07-21T10:56:19,900.0,22.5,S
2021-07-21T10:56:08,700.0,22.5,S
2021-07-21T10:56:04,1000.0,22.5,S
2021-07-21T10:55:46,100.0,22.5,S
2021-07-21T10:55:42,800.0,22.5,S
2021-07-21T10:55:37,300.0,22.5,S
2021-07-21T10:55:36,200.0,22.5,S
2021-07-21T10:55:33,700.0,22.5,S
2021-07-21T10:55:29,3000.0,22.5,S
2021-07-21T10:55:20,100.0,22.5,S
2021-07-21T10:55:18,5000.0,22.5,S
2021-07-21T10:54:47,100.0,22.5,S
2021-07-21T10:54:47,2000.0,22.5,S
2021-07-21T10:54:26,300.0,22.5,S
2021-07-21T10:54:12,100.0,22.5,S
2021-07-21T10:54:11,400.0,22.5,S
2021-07-21T10:54:05,500.0,22.5,S
2021-07-21T10:53:53,300.0,22.5,S
2021-07-21T10:53:51,500.0,22.5,S
2021-07-21T10:53:25,100.0,22.5,S
2021-07-21T10:53:07,3000.0,22.5,B
2021-07-21T10:53:03,2300.0,22.5,B
2021-07-21T10:52:58,100.0,22.5,B
2021-07-21T10:52:53,2700.0,22.5,S
2021-07-21T10:52:39,100.0,22.5,S
2021-07-21T10:52:32,1400.0,22.5,B
2021-07-21T10:52:32,3800.0,22.5,B
2021-07-21T10:52:32,700.0,22.5,B
2021-07-21T10:52:32,1300.0,22.5,B
2021-07-21T10:52:32,400.0,22.5,B
2021-07-21T10:52:32,1400.0,22.5,B
2021-07-21T10:52:32,600.0,22.5,B
2021-07-21T10:52:32,7000.0,22.5,B
2021-07-21T10:52:32,2600.0,22.5,B
2021-07-21T10:52:32,5000.0,22.5,B
2021-07-21T10:52:32,1800.0,22.5,B
2021-07-21T10:52:32,2000.0,22.5,B
2021-07-21T10:52:32,8000.0,22.5,B
2021-07-21T10:52:32,400.0,22.5,B
2021-07-21T10:52:32,300.0,22.45,B
2021-07-21T10:52:32,3100.0,22.45,B
2021-07-21T10:52:32,400.0,22.45,B
2021-07-21T10:52:32,7000.0,22.45,B
2021-07-21T10:51:41,200.0,22.4,S
2021-07-21T10:50:12,100.0,22.45,B
2021-07-21T10:50:12,900.0,22.45,B
2021-07-21T10:49:48,1000.0,22.4,S
2021-07-21T10:48:16,4000.0,22.4,S
2021-07-21T10:48:16,4500.0,22.45,B
2021-07-21T10:47:41,500.0,22.4,S
2021-07-21T10:47:31,200.0,22.4,S
2021-07-21T10:47:26,2100.0,22.4,B
2021-07-21T10:47:26,200.0,22.4,B
2021-07-21T10:47:26,700.0,22.4,B
2021-07-21T10:47:26,100.0,22.4,B
2021-07-21T10:47:26,100.0,22.4,B
2021-07-21T10:46:58,1000.0,22.4,B
2021-07-21T10:46:58,100.0,22.4,B
2021-07-21T10:46:46,1100.0,22.35,S
2021-07-21T10:46:00,600.0,22.4,B
2021-07-21T10:44:21,200.0,22.4,B
2021-07-21T10:44:03,100.0,22.4,S
2021-07-21T10:43:33,3900.0,22.4,S
2021-07-21T10:42:57,1000.0,22.4,B
2021-07-21T10:42:55,700.0,22.35,S
2021-07-21T10:42:53,2000.0,22.35,S
2021-07-21T10:42:46,100.0,22.35,S
2021-07-21T10:42:43,500.0,22.4,S
2021-07-21T10:42:43,1900.0,22.4,S
2021-07-21T10:42:08,500.0,22.4,S
2021-07-21T10:42:08,1200.0,22.4,S
2021-07-21T10:41:41,1400.0,22.4,S
2021-07-21T10:41:33,1200.0,22.4,S
2021-07-21T10:40:52,300.0,22.4,S
2021-07-21T10:40:42,3400.0,22.4,S
2021-07-21T10:40:31,200.0,22.45,S
2021-07-21T10:40:31,300.0,22.45,S
2021-07-21T10:40:29,1000.0,22.45,S
2021-07-21T10:40:16,100.0,22.45,S
2021-07-21T10:40:03,100.0,22.45,S
2021-07-21T10:40:01,100.0,22.45,S
2021-07-21T10:39:38,200.0,22.45,S
2021-07-21T10:39:23,500.0,22.5,B
2021-07-21T10:39:02,700.0,22.5,B
2021-07-21T10:38:46,500.0,22.5,B
2021-07-21T10:37:15,8200.0,22.45,B
2021-07-21T10:36:26,100.0,22.4,B
2021-07-21T10:36:13,200.0,22.4,B
2021-07-21T10:36:11,500.0,22.4,B
2021-07-21T10:36:06,1000.0,22.4,B
2021-07-21T10:35:58,100.0,22.4,B
2021-07-21T10:35:21,100.0,22.35,S
2021-07-21T10:35:03,100.0,22.35,S
2021-07-21T10:34:56,100.0,22.35,S
2021-07-21T10:34:15,2200.0,22.35,S
2021-07-21T10:34:08,700.0,22.35,S
2021-07-21T10:34:01,100.0,22.35,S
2021-07-21T10:33:50,1500.0,22.4,B
2021-07-21T10:32:46,400.0,22.35,S
2021-07-21T10:32:36,1400.0,22.4,B
2021-07-21T10:32:36,2300.0,22.35,S
2021-07-21T10:32:26,100.0,22.35,S
2021-07-21T10:32:22,500.0,22.4,B
2021-07-21T10:31:18,100.0,22.35,S
2021-07-21T10:31:18,100.0,22.4,B
2021-07-21T10:30:41,6000.0,22.4,B
2021-07-21T10:30:36,300.0,22.35,S
2021-07-21T10:30:15,300.0,22.4,B
2021-07-21T10:29:45,1400.0,22.4,B
2021-07-21T10:29:24,3700.0,22.4,S
2021-07-21T10:28:56,800.0,22.4,S
2021-07-21T10:28:50,400.0,22.4,S
2021-07-21T10:28:21,100.0,22.4,S
2021-07-21T10:28:12,2800.0,22.4,B
2021-07-21T10:27:50,300.0,22.35,S
2021-07-21T10:27:43,100.0,22.4,B
2021-07-21T10:27:14,500.0,22.35,S
2021-07-21T10:27:06,700.0,22.4,S
2021-07-21T10:27:02,500.0,22.4,S
2021-07-21T10:26:49,1600.0,22.4,S
2021-07-21T10:26:41,200.0,22.4,S
2021-07-21T10:25:25,100.0,22.4,S
2021-07-21T10:25:18,300.0,22.4,S
2021-07-21T10:25:14,200.0,22.4,S
2021-07-21T10:25:05,100.0,22.4,S
2021-07-21T10:24:26,100.0,22.4,B
2021-07-21T10:24:26,300.0,22.4,B
2021-07-21T10:24:26,4300.0,22.4,B
2021-07-21T10:24:26,1500.0,22.4,B
2021-07-21T10:24:26,2600.0,22.4,B
2021-07-21T10:24:15,1000.0,22.4,B
2021-07-21T10:23:41,2000.0,22.35,S
2021-07-21T10:22:36,300.0,22.4,B
2021-07-21T10:22:13,200.0,22.35,S
2021-07-21T10:21:40,400.0,22.4,B
2021-07-21T10:21:25,500.0,22.4,B
2021-07-21T10:21:21,200.0,22.4,B
2021-07-21T10:21:21,1100.0,22.4,B
2021-07-21T10:20:35,100.0,22.4,B
2021-07-21T10:20:35,700.0,22.4,B
2021-07-21T10:20:35,1200.0,22.4,B
2021-07-21T10:18:22,600.0,22.35,S
2021-07-21T10:18:01,5600.0,22.3,S
2021-07-21T10:18:01,4400.0,22.3,S
2021-07-21T10:17:13,600.0,22.3,S
2021-07-21T10:17:13,2700.0,22.3,S
2021-07-21T10:17:13,1800.0,22.35,S
2021-07-21T10:17:03,100.0,22.35,B
2021-07-21T10:17:03,2500.0,22.35,B
2021-07-21T10:17:03,6200.0,22.35,B
2021-07-21T10:17:01,1000.0,22.35,B
2021-07-21T10:16:48,2000.0,22.35,B
2021-07-21T10:16:45,1600.0,22.35,B
2021-07-21T10:15:55,200.0,22.3,S
2021-07-21T10:15:21,200.0,22.3,S
2021-07-21T10:15:02,100.0,22.3,S
2021-07-21T10:15:00,300.0,22.3,S
2021-07-21T10:14:45,100.0,22.3,S
2021-07-21T10:14:36,2300.0,22.3,S
2021-07-21T10:14:34,100.0,22.3,S
2021-07-21T10:14:23,4100.0,22.3,S
2021-07-21T10:14:03,800.0,22.3,S
2021-07-21T10:14:03,4200.0,22.3,S
2021-07-21T10:13:19,600.0,22.3,S
2021-07-21T10:12:44,2000.0,22.3,S
2021-07-21T10:12:41,100.0,22.3,S
2021-07-21T10:12:25,900.0,22.3,S
2021-07-21T10:11:58,500.0,22.35,B
2021-07-21T10:11:44,300.0,22.3,S
2021-07-21T10:11:41,3000.0,22.3,S
2021-07-21T10:11:27,1900.0,22.3,S
2021-07-21T10:10:54,200.0,22.3,S
2021-07-21T10:10:44,300.0,22.35,B
2021-07-21T10:10:16,200.0,22.35,B
2021-07-21T10:10:03,100.0,22.3,S
2021-07-21T10:09:45,800.0,22.3,S
2021-07-21T10:09:42,800.0,22.3,S
2021-07-21T10:09:34,100.0,22.3,S
2021-07-21T10:08:06,10200.0,22.35,S
2021-07-21T10:07:26,700.0,22.35,B
2021-07-21T10:07:05,100.0,22.35,B
2021-07-21T10:07:01,200.0,22.35,S
2021-07-21T10:06:54,100.0,22.35,S
2021-07-21T10:06:49,500.0,22.35,B
2021-07-21T10:06:38,4700.0,22.35,B
2021-07-21T10:06:32,100.0,22.35,S
2021-07-21T10:06:19,1700.0,22.35,S
2021-07-21T10:06:06,300.0,22.35,S
2021-07-21T10:05:54,500.0,22.35,S
2021-07-21T10:05:44,2000.0,22.35,S
2021-07-21T10:05:44,2000.0,22.35,S
2021-07-21T10:05:16,6000.0,22.4,B
2021-07-21T10:05:01,100.0,22.4,B
2021-07-21T10:04:54,200.0,22.4,B
2021-07-21T10:04:38,300.0,22.4,B
2021-07-21T10:04:04,1000.0,22.4,B
2021-07-21T10:03:49,4400.0,22.4,B
2021-07-21T10:03:49,100.0,22.4,B
2021-07-21T10:03:49,500.0,22.35,S
2021-07-21T10:03:29,900.0,22.4,B
2021-07-21T10:03:29,9600.0,22.4,B
2021-07-21T10:03:23,200.0,22.35,B
2021-07-21T10:03:21,400.0,22.35,S
2021-07-21T10:03:21,1100.0,22.35,S
2021-07-21T10:03:21,3500.0,22.35,S
2021-07-21T10:03:17,500.0,22.4,B
2021-07-21T10:03:01,200.0,22.4,B
2021-07-21T10:02:55,100.0,22.35,S
2021-07-21T10:02:23,2200.0,22.4,S
2021-07-21T10:02:07,100.0,22.4,S
2021-07-21T10:02:06,700.0,22.4,S
2021-07-21T10:01:30,8800.0,22.4,S
2021-07-21T10:01:22,200.0,22.4,B
2021-07-21T10:01:21,1300.0,22.35,S
2021-07-21T10:01:09,500.0,22.4,B
2021-07-21T10:00:55,100.0,22.4,B
2021-07-21T10:00:55,600.0,22.4,B
2021-07-21T10:00:35,5400.0,22.4,S
2021-07-21T10:00:35,35900.0,22.4,S
2021-07-21T10:00:26,100.0,22.5,B
2021-07-21T10:00:13,2000.0,22.5,B
2021-07-21T10:00:13,2000.0,22.5,S
2021-07-21T10:00:13,2300.0,22.5,S
2021-07-21T10:00:13,2300.0,22.5,S
2021-07-21T10:00:03,1600.0,22.5,S
2021-07-21T10:00:02,1000.0,22.55,B
2021-07-21T09:59:41,100.0,22.55,B
2021-07-21T09:59:17,3800.0,22.55,S
2021-07-21T09:59:01,5000.0,22.55,S
2021-07-21T09:59:00,100.0,22.55,S
2021-07-21T09:58:53,1300.0,22.55,S
2021-07-21T09:58:42,5000.0,22.55,B
2021-07-21T09:58:41,100.0,22.5,S
2021-07-21T09:58:38,3000.0,22.5,S
2021-07-21T09:58:15,100.0,22.5,S
2021-07-21T09:57:54,2900.0,22.5,B
2021-07-21T09:57:50,1500.0,22.5,B
2021-07-21T09:57:43,100.0,22.5,B
2021-07-21T09:57:42,500.0,22.5,B
2021-07-21T09:57:41,500.0,22.5,B
2021-07-21T09:57:38,1000.0,22.5,B
2021-07-21T09:57:22,3000.0,22.5,B
2021-07-21T09:57:03,300.0,22.5,S
2021-07-21T09:56:49,100.0,22.5,S
2021-07-21T09:56:47,1000.0,22.5,S
2021-07-21T09:56:42,100.0,22.5,S
2021-07-21T09:56:38,200.0,22.5,S
2021-07-21T09:56:38,500.0,22.5,S
2021-07-21T09:56:20,100.0,22.5,S
2021-07-21T09:56:13,200.0,22.5,S
2021-07-21T09:56:08,500.0,22.5,S
2021-07-21T09:56:07,100.0,22.5,S
2021-07-21T09:56:06,800.0,22.5,S
2021-07-21T09:55:59,10000.0,22.5,S
2021-07-21T09:55:52,100.0,22.5,S
2021-07-21T09:55:45,3000.0,22.5,S
2021-07-21T09:55:33,100.0,22.55,B
2021-07-21T09:55:16,1500.0,22.55,S
2021-07-21T09:55:10,200.0,22.55,B
2021-07-21T09:55:10,400.0,22.55,B
2021-07-21T09:55:10,3000.0,22.55,B
2021-07-21T09:55:05,100.0,22.5,S
2021-07-21T09:54:47,300.0,22.5,S
2021-07-21T09:54:43,1800.0,22.55,B
2021-07-21T09:54:14,600.0,22.5,S
2021-07-21T09:54:12,3000.0,22.5,S
2021-07-21T09:54:11,9200.0,22.6,B
2021-07-21T09:54:11,800.0,22.55,B
2021-07-21T09:53:59,100.0,22.55,B
2021-07-21T09:53:53,400.0,22.55,S
2021-07-21T09:53:46,200.0,22.55,S
2021-07-21T09:53:24,1200.0,22.55,S
2021-07-21T09:53:23,200.0,22.5,S
2021-07-21T09:53:16,300.0,22.55,B
2021-07-21T09:53:03,1700.0,22.5,S
2021-07-21T09:52:54,100.0,22.5,S
2021-07-21T09:52:53,100.0,22.5,S
2021-07-21T09:52:37,200.0,22.5,S
2021-07-21T09:52:35,1600.0,22.5,S
2021-07-21T09:52:35,18400.0,22.5,S
2021-07-21T09:52:27,5000.0,22.5,S
2021-07-21T09:52:27,2100.0,22.5,S
2021-07-21T09:52:24,5000.0,22.6,B
2021-07-21T09:52:16,300.0,22.6,B
2021-07-21T09:51:53,800.0,22.6,B
2021-07-21T09:51:44,6000.0,22.6,S
2021-07-21T09:51:43,100.0,22.6,S
2021-07-21T09:51:43,500.0,22.6,S
2021-07-21T09:51:41,500.0,22.6,S
2021-07-21T09:51:40,300.0,22.6,S
2021-07-21T09:51:38,1000.0,22.6,S
2021-07-21T09:51:37,3300.0,22.6,S
2021-07-21T09:51:31,100.0,22.6,S
2021-07-21T09:51:27,1000.0,22.6,S
2021-07-21T09:51:14,100.0,22.6,S
2021-07-21T09:51:13,500.0,22.6,S
2021-07-21T09:51:04,1400.0,22.65,B
2021-07-21T09:50:56,500.0,22.65,B
2021-07-21T09:50:54,800.0,22.65,B
2021-07-21T09:50:40,1500.0,22.6,S
2021-07-21T09:50:39,200.0,22.65,B
2021-07-21T09:50:32,300.0,22.6,S
2021-07-21T09:50:15,500.0,22.6,S
2021-07-21T09:50:15,3000.0,22.6,S
2021-07-21T09:50:15,1300.0,22.65,B
2021-07-21T09:50:13,5000.0,22.65,B
2021-07-21T09:50:10,100.0,22.65,B
2021-07-21T09:50:09,1000.0,22.6,S
2021-07-21T09:50:05,3200.0,22.6,B
2021-07-21T09:50:04,100.0,22.6,B
2021-07-21T09:50:03,10000.0,22.6,B
2021-07-21T09:49:52,2100.0,22.6,B
2021-07-21T09:49:52,2900.0,22.6,B
2021-07-21T09:49:48,100.0,22.5,S
2021-07-21T09:49:44,5800.0,22.5,B
2021-07-21T09:49:41,100.0,22.5,B
2021-07-21T09:49:40,100.0,22.45,S
2021-07-21T09:49:40,5000.0,22.5,B
2021-07-21T09:49:35,200.0,22.5,B
2021-07-21T09:49:35,1100.0,22.5,B
2021-07-21T09:49:35,3700.0,22.5,B
2021-07-21T09:49:33,100.0,22.5,B
2021-07-21T09:49:33,700.0,22.5,B
2021-07-21T09:49:25,900.0,22.5,B
2021-07-21T09:49:25,4100.0,22.5,B
2021-07-21T09:49:16,800.0,22.5,B
2021-07-21T09:49:16,6800.0,22.5,B
2021-07-21T09:49:13,500.0,22.45,S
2021-07-21T09:49:11,800.0,22.5,B
2021-07-21T09:49:11,1900.0,22.5,B
2021-07-21T09:49:11,400.0,22.5,B
2021-07-21T09:49:11,3700.0,22.5,B
2021-07-21T09:49:11,3500.0,22.5,B
2021-07-21T09:48:45,600.0,22.45,S
2021-07-21T09:48:42,500.0,22.45,S
2021-07-21T09:48:20,1300.0,22.45,B
2021-07-21T09:48:20,22700.0,22.45,B
2021-07-21T09:48:20,900.0,22.45,B
2021-07-21T09:48:20,7500.0,22.45,B
2021-07-21T09:48:08,100.0,22.4,S
2021-07-21T09:47:45,800.0,22.4,S
2021-07-21T09:47:40,5700.0,22.4,B
2021-07-21T09:47:28,4500.0,22.4,S
2021-07-21T09:47:16,1200.0,22.4,S
2021-07-21T09:47:09,300.0,22.4,S
2021-07-21T09:47:05,100.0,22.45,B
2021-07-21T09:47:04,200.0,22.4,S
2021-07-21T09:47:00,200.0,22.4,S
2021-07-21T09:46:52,3200.0,22.45,B
2021-07-21T09:46:52,1500.0,22.4,B
2021-07-21T09:46:52,300.0,22.4,B
2021-07-21T09:46:51,3200.0,22.4,B
2021-07-21T09:46:41,200.0,22.4,B
2021-07-21T09:46:35,100.0,22.4,B
2021-07-21T09:46:35,100.0,22.4,B
2021-07-21T09:46:29,100.0,22.4,B
2021-07-21T09:46:12,300.0,22.4,B
2021-07-21T09:45:57,400.0,22.4,B
2021-07-21T09:45:28,400.0,22.4,B
2021-07-21T09:45:26,400.0,22.4,B
2021-07-21T09:45:15,400.0,22.35,S
2021-07-21T09:44:21,100.0,22.35,B
2021-07-21T09:44:05,3200.0,22.3,S
2021-07-21T09:43:42,20000.0,22.4,B
2021-07-21T09:43:40,1200.0,22.3,S
2021-07-21T09:43:30,200.0,22.35,B
2021-07-21T09:43:26,5000.0,22.3,S
2021-07-21T09:43:17,300.0,22.35,B
2021-07-21T09:43:16,300.0,22.35,B
2021-07-21T09:43:06,100.0,22.3,S
2021-07-21T09:42:45,6100.0,22.3,B
2021-07-21T09:42:37,1000.0,22.2,S
2021-07-21T09:42:18,2000.0,22.2,B
2021-07-21T09:42:13,500.0,22.15,S
2021-07-21T09:41:43,1000.0,22.15,S
2021-07-21T09:41:43,6300.0,22.3,B
2021-07-21T09:41:30,1000.0,22.15,S
2021-07-21T09:41:27,100.0,22.2,B
2021-07-21T09:41:19,100.0,22.2,B
2021-07-21T09:41:00,4800.0,22.2,S
2021-07-21T09:40:36,500.0,22.2,S
2021-07-21T09:40:36,1400.0,22.2,S
2021-07-21T09:40:36,8400.0,22.2,S
2021-07-21T09:40:36,2000.0,22.2,S
2021-07-21T09:40:36,5900.0,22.2,S
2021-07-21T09:40:36,2100.0,22.2,S
2021-07-21T09:40:35,5000.0,22.2,S
2021-07-21T09:40:35,12200.0,22.2,S
2021-07-21T09:40:35,4700.0,22.2,S
2021-07-21T09:40:35,700.0,22.2,S
2021-07-21T09:40:35,5700.0,22.2,S
2021-07-21T09:40:35,400.0,22.2,S
2021-07-21T09:40:35,2200.0,22.25,S
2021-07-21T09:40:35,2700.0,22.25,S
2021-07-21T09:40:27,1000.0,22.25,S
2021-07-21T09:40:10,2000.0,22.25,S
2021-07-21T09:40:09,1000.0,22.25,S
2021-07-21T09:39:26,100.0,22.25,S
2021-07-21T09:39:08,300.0,22.25,S
2021-07-21T09:38:55,100.0,22.25,S
2021-07-21T09:38:50,5000.0,22.25,S
2021-07-21T09:38:38,1500.0,22.25,S
2021-07-21T09:38:38,3500.0,22.25,S
2021-07-21T09:38:28,1700.0,22.25,S
2021-07-21T09:38:17,500.0,22.25,S
2021-07-21T09:38:03,2000.0,22.3,B
2021-07-21T09:37:53,1000.0,22.3,S
2021-07-21T09:37:52,200.0,22.3,S
2021-07-21T09:37:52,7100.0,22.3,S
2021-07-21T09:37:49,600.0,22.3,S
2021-07-21T09:37:49,1500.0,22.3,S
2021-07-21T09:37:49,5100.0,22.3,S
2021-07-21T09:37:47,100.0,22.3,S
2021-07-21T09:37:41,300.0,22.3,S
2021-07-21T09:37:40,5000.0,22.3,S
2021-07-21T09:37:30,300.0,22.35,S
2021-07-21T09:37:29,1700.0,22.35,B
2021-07-21T09:37:23,200.0,22.35,B
2021-07-21T09:37:09,400.0,22.35,S
2021-07-21T09:36:18,100.0,22.4,B
2021-07-21T09:36:08,600.0,22.4,S
2021-07-21T09:36:03,100.0,22.4,S
2021-07-21T09:35:51,600.0,22.4,B
2021-07-21T09:35:47,200.0,22.4,B
2021-07-21T09:35:40,300.0,22.4,B
2021-07-21T09:35:16,5500.0,22.45,B
2021-07-21T09:35:12,400.0,22.4,B
2021-07-21T09:35:11,100.0,22.4,B
2021-07-21T09:35:05,100.0,22.4,B
2021-07-21T09:35:05,200.0,22.4,B
2021-07-21T09:35:05,2700.0,22.4,B
2021-07-21T09:34:08,400.0,22.4,B
2021-07-21T09:33:56,2200.0,22.3,S
2021-07-21T09:33:19,500.0,22.4,B
2021-07-21T09:32:59,100.0,22.4,B
2021-07-21T09:32:51,200.0,22.45,B
2021-07-21T09:32:46,100.0,22.4,S
2021-07-21T09:32:45,500.0,22.4,S
2021-07-21T09:32:45,500.0,22.4,S
2021-07-21T09:32:34,500.0,22.4,B
2021-07-21T09:32:23,500.0,22.4,S
2021-07-21T09:32:16,4500.0,22.4,B
2021-07-21T09:32:14,100.0,22.3,S
2021-07-21T09:32:05,1000.0,22.4,B
2021-07-21T09:31:58,1000.0,22.4,B
2021-07-21T09:31:44,200.0,22.4,B
2021-07-21T09:31:34,500.0,22.4,B
2021-07-21T09:31:20,1200.0,22.4,B
2021-07-21T09:31:01,300.0,22.4,B
2021-07-21T09:30:59,3800.0,22.4,S
2021-07-21T09:30:50,3400.0,22.4,S
2021-07-21T09:30:48,1000.0,22.5,B
2021-07-21T09:30:45,300.0,22.5,B
2021-07-21T09:30:28,100.0,22.5,B
2021-07-21T09:30:03,500.0,22.5,B
2021-07-21T09:30:03,200.0,22.5,B
2021-07-21T09:30:03,300.0,22.5,B
2021-07-21T09:29:54,500.0,22.4,S
2021-07-21T09:29:54,100.0,22.4,S
2021-07-21T09:29:51,1200.0,22.5,B
2021-07-21T09:29:38,6000.0,22.5,B
2021-07-21T09:29:10,900.0,22.4,S
2021-07-21T09:28:45,200.0,22.4,S
2021-07-21T09:28:25,2000.0,22.3,S
2021-07-21T09:28:25,3000.0,22.4,S
2021-07-21T09:28:21,2000.0,22.4,S
2021-07-21T09:27:56,1700.0,22.4,S
2021-07-21T09:27:55,3000.0,22.5,B
2021-07-21T09:27:52,600.0,22.4,S
2021-07-21T09:27:51,1300.0,22.4,B
2021-07-21T09:27:44,100.0,22.4,S
2021-07-21T09:27:44,2100.0,22.4,S
2021-07-21T09:27:40,300.0,22.4,B
2021-07-21T09:27:40,6000.0,22.4,B
2021-07-21T09:27:40,1600.0,22.4,B
2021-07-21T09:27:35,100.0,22.4,B
2021-07-21T09:27:25,900.0,22.4,B
2021-07-21T09:27:12,500.0,22.4,B
2021-07-21T09:26:57,500.0,22.3,S
2021-07-21T09:26:44,400.0,22.4,B
2021-07-21T09:26:44,100.0,22.4,B
2021-07-21T09:26:34,500.0,22.3,S
2021-07-21T09:26:31,400.0,22.3,S
2021-07-21T09:25:59,1000.0,22.3,S
2021-07-21T09:25:58,1000.0,22.3,S
2021-07-21T09:25:45,200.0,22.3,S
2021-07-21T09:25:29,5000.0,22.3,S
2021-07-21T09:25:29,17000.0,22.3,B
2021-07-21T09:25:18,500.0,22.2,S
2021-07-21T09:25:06,1000.0,22.2,S
2021-07-21T09:25:06,600.0,22.25,B
2021-07-21T09:24:55,100.0,22.25,B
2021-07-21T09:24:52,6700.0,22.25,B
2021-07-21T09:24:51,200.0,22.2,S
2021-07-21T09:24:38,100.0,22.25,B
2021-07-21T09:24:32,600.0,22.2,S
2021-07-21T09:24:32,400.0,22.2,S
2021-07-21T09:24:30,1000.0,22.25,B
2021-07-21T09:24:29,200.0,22.25,B
2021-07-21T09:24:28,600.0,22.25,B
2021-07-21T09:24:26,1700.0,22.25,B
2021-07-21T09:24:26,800.0,22.2,S
2021-07-21T09:24:19,100.0,22.25,B
2021-07-21T09:24:12,6700.0,22.2,S
2021-07-21T09:24:05,1000.0,22.2,S
2021-07-21T09:23:57,100.0,22.25,S
2021-07-21T09:23:54,400.0,22.25,B
2021-07-21T09:23:47,600.0,22.25,S
2021-07-21T09:23:35,1000.0,22.25,S
2021-07-21T09:23:08,100.0,22.25,S
2021-07-21T09:23:03,100.0,22.25,B
2021-07-21T09:22:56,3500.0,22.2,S
2021-07-21T09:22:46,2500.0,22.25,S
2021-07-21T09:22:46,500.0,22.25,S
2021-07-21T09:22:46,100.0,22.3,B
2021-07-21T09:22:33,200.0,22.25,S
2021-07-21T09:22:23,500.0,22.25,S
2021-07-21T09:22:18,3000.0,22.3,B
2021-07-21T09:22:03,500.0,22.25,S
2021-07-21T09:22:02,200.0,22.25,S
2021-07-21T09:21:26,1100.0,22.25,B
2021-07-21T09:21:22,100.0,22.25,B
2021-07-21T09:21:14,900.0,22.25,B
2021-07-21T09:21:06,100.0,22.25,B
2021-07-21T09:21:01,200.0,22.25,B
2021-07-21T09:20:50,100.0,22.25,B
2021-07-21T09:20:39,900.0,22.2,S
2021-07-21T09:20:35,800.0,22.2,B
2021-07-21T09:20:31,700.0,22.15,S
2021-07-21T09:20:29,4800.0,22.15,S
2021-07-21T09:20:29,1000.0,22.15,S
2021-07-21T09:19:52,100.0,22.15,S
2021-07-21T09:19:48,1500.0,22.15,S
2021-07-21T09:19:28,100.0,22.2,B
2021-07-21T09:19:26,500.0,22.2,B
2021-07-21T09:19:18,2200.0,22.2,B
2021-07-21T09:19:08,100.0,22.2,S
2021-07-21T09:19:08,2000.0,22.2,S
2021-07-21T09:19:08,5000.0,22.2,S
2021-07-21T09:18:51,100.0,22.25,B
2021-07-21T09:18:46,100.0,22.2,S
2021-07-21T09:18:39,100.0,22.2,S
2021-07-21T09:18:26,200.0,22.2,S
2021-07-21T09:18:21,300.0,22.2,S
2021-07-21T09:18:07,500.0,22.2,S
2021-07-21T09:18:02,100.0,22.25,S
2021-07-21T09:18:02,600.0,22.25,S
2021-07-21T09:17:58,2000.0,22.3,B
2021-07-21T09:17:46,1000.0,22.3,B
2021-07-21T09:17:41,5000.0,22.3,B
2021-07-21T09:17:28,1000.0,22.3,B
2021-07-21T09:17:07,300.0,22.3,B
2021-07-21T09:17:03,500.0,22.3,B
2021-07-21T09:17:03,500.0,22.3,B
2021-07-21T09:17:03,4000.0,22.3,B
2021-07-21T09:16:44,900.0,22.3,B
2021-07-21T09:16:41,100.0,22.3,B
2021-07-21T09:16:36,2000.0,22.3,S
2021-07-21T09:16:19,100.0,22.3,S
2021-07-21T09:16:10,2400.0,22.3,S
2021-07-21T09:16:09,200.0,22.3,S
2021-07-21T09:16:05,200.0,22.3,S
2021-07-21T09:16:03,3000.0,22.3,S
2021-07-21T09:15:47,2000.0,22.3,S
2021-07-21T09:15:26,1100.0,22.3,S
