tradingTime,volume,price,side
2021-07-21T14:28:42,3500.0,25.7,S
2021-07-21T14:26:11,100.0,25.75,S
2021-07-21T14:26:11,600.0,25.75,S
2021-07-21T14:20:49,200.0,25.75,B
2021-07-21T14:20:49,400.0,25.75,B
2021-07-21T14:16:14,500.0,25.75,S
2021-07-21T14:12:59,6800.0,25.7,S
2021-07-21T14:12:59,1700.0,25.7,S
2021-07-21T14:12:44,300.0,25.8,B
2021-07-21T14:11:19,100.0,25.8,B
2021-07-21T14:11:06,300.0,25.7,S
2021-07-21T14:10:39,2000.0,25.8,B
2021-07-21T14:09:44,500.0,25.8,B
2021-07-21T14:03:09,3100.0,25.8,B
2021-07-21T14:03:02,200.0,25.8,B
2021-07-21T14:01:33,100.0,25.7,S
2021-07-21T13:59:12,1000.0,25.7,S
2021-07-21T13:58:48,1000.0,25.7,S
2021-07-21T13:58:16,100.0,25.7,S
2021-07-21T13:57:26,600.0,25.75,B
2021-07-21T13:57:22,4100.0,25.7,S
2021-07-21T13:57:22,400.0,25.7,S
2021-07-21T13:57:20,7800.0,25.75,S
2021-07-21T13:57:14,2000.0,25.8,S
2021-07-21T13:56:54,2000.0,25.8,S
2021-07-21T13:56:07,300.0,25.9,B
2021-07-21T13:53:58,300.0,26.0,B
2021-07-21T13:53:40,1300.0,25.8,S
2021-07-21T13:53:40,700.0,25.8,S
2021-07-21T13:48:31,4700.0,25.8,S
2021-07-21T13:48:31,300.0,25.9,S
2021-07-21T13:46:28,600.0,26.0,B
2021-07-21T13:45:33,300.0,25.9,S
2021-07-21T13:43:21,300.0,26.0,B
2021-07-21T13:38:34,700.0,26.0,B
2021-07-21T13:30:08,2200.0,25.8,B
2021-07-21T13:29:30,800.0,25.8,B
2021-07-21T13:24:41,200.0,25.75,S
2021-07-21T13:24:36,100.0,25.75,S
2021-07-21T13:24:34,100.0,25.75,S
2021-07-21T13:24:30,100.0,25.75,S
2021-07-21T13:24:25,100.0,25.75,S
2021-07-21T13:24:21,100.0,25.75,S
2021-07-21T13:23:14,100.0,25.75,S
2021-07-21T13:23:10,100.0,25.75,S
2021-07-21T13:23:06,100.0,25.75,S
2021-07-21T13:23:01,100.0,25.75,S
2021-07-21T13:22:59,100.0,25.75,S
2021-07-21T13:22:52,100.0,25.75,S
2021-07-21T13:22:49,100.0,25.75,S
2021-07-21T13:22:32,100.0,25.75,S
2021-07-21T13:22:30,100.0,25.75,S
2021-07-21T13:22:25,100.0,25.75,S
2021-07-21T13:22:19,100.0,25.75,S
2021-07-21T13:22:14,100.0,25.75,S
2021-07-21T13:22:10,100.0,25.75,S
2021-07-21T13:22:05,100.0,25.75,S
2021-07-21T13:18:23,100.0,25.75,S
2021-07-21T13:18:20,100.0,25.75,S
2021-07-21T13:18:16,100.0,25.75,S
2021-07-21T13:18:12,100.0,25.75,S
2021-07-21T13:18:09,100.0,25.75,S
2021-07-21T13:18:05,100.0,25.75,S
2021-07-21T13:18:00,100.0,25.75,S
2021-07-21T13:17:59,300.0,25.75,S
2021-07-21T13:12:02,100.0,25.75,S
2021-07-21T13:11:55,100.0,25.75,S
2021-07-21T13:11:53,100.0,25.75,S
2021-07-21T13:11:47,300.0,25.75,S
2021-07-21T13:11:47,100.0,25.75,S
2021-07-21T13:11:43,100.0,25.75,S
2021-07-21T13:11:39,100.0,25.75,S
2021-07-21T13:11:33,100.0,25.75,S
2021-07-21T13:10:59,100.0,25.75,S
2021-07-21T13:10:54,100.0,25.75,S
2021-07-21T13:10:51,100.0,25.75,S
2021-07-21T13:10:47,100.0,25.75,S
2021-07-21T13:10:41,100.0,25.75,S
2021-07-21T13:10:04,3000.0,25.8,S
2021-07-21T13:09:36,3700.0,25.8,S
2021-07-21T13:09:36,5500.0,25.8,S
2021-07-21T13:09:36,600.0,25.8,S
2021-07-21T13:09:36,1200.0,25.8,S
2021-07-21T13:09:36,18700.0,25.85,S
2021-07-21T13:07:45,1200.0,26.0,B
2021-07-21T13:02:51,100.0,26.0,B
2021-07-21T13:00:02,300.0,26.0,B
2021-07-21T11:29:58,100.0,25.85,S
2021-07-21T11:29:55,100.0,25.85,S
2021-07-21T11:29:29,500.0,26.0,B
2021-07-21T11:26:53,100.0,26.0,B
2021-07-21T11:21:24,2000.0,26.0,B
2021-07-21T11:18:50,7000.0,25.85,S
2021-07-21T11:18:13,1000.0,26.0,B
2021-07-21T11:17:53,4000.0,25.85,S
2021-07-21T11:17:53,500.0,25.85,S
2021-07-21T11:17:40,700.0,25.95,B
2021-07-21T11:17:36,1100.0,25.95,B
2021-07-21T11:16:41,100.0,25.95,B
2021-07-21T11:09:53,1000.0,25.8,S
2021-07-21T11:07:29,100.0,25.95,B
2021-07-21T11:05:59,100.0,25.8,S
2021-07-21T11:05:54,100.0,25.8,S
2021-07-21T11:05:51,100.0,25.8,S
2021-07-21T11:05:46,100.0,25.8,S
2021-07-21T11:05:43,100.0,25.8,S
2021-07-21T11:05:34,100.0,25.8,S
2021-07-21T11:05:31,100.0,25.8,S
2021-07-21T11:04:33,1100.0,26.0,B
2021-07-21T11:02:41,100.0,25.8,S
2021-07-21T11:02:35,100.0,25.8,S
2021-07-21T11:02:33,100.0,25.8,S
2021-07-21T11:02:30,100.0,25.8,S
2021-07-21T11:02:24,100.0,25.8,S
2021-07-21T11:02:19,100.0,25.8,S
2021-07-21T11:02:15,100.0,25.8,S
2021-07-21T11:01:39,100.0,25.8,S
2021-07-21T11:01:36,100.0,25.8,S
2021-07-21T11:01:31,100.0,25.8,S
2021-07-21T11:01:28,100.0,25.8,S
2021-07-21T11:01:23,100.0,25.8,S
2021-07-21T11:01:19,100.0,25.8,S
2021-07-21T11:01:14,100.0,25.8,S
2021-07-21T10:54:13,400.0,26.0,B
2021-07-21T10:51:02,1200.0,26.0,B
2021-07-21T10:49:57,100.0,25.8,S
2021-07-21T10:49:56,100.0,25.8,S
2021-07-21T10:49:52,100.0,25.8,S
2021-07-21T10:49:49,100.0,25.8,S
2021-07-21T10:49:43,100.0,25.8,S
2021-07-21T10:49:40,100.0,25.8,S
2021-07-21T10:49:38,100.0,25.8,S
2021-07-21T10:47:01,100.0,25.8,S
2021-07-21T10:46:54,1600.0,25.8,B
2021-07-21T10:45:57,100.0,25.7,S
2021-07-21T10:45:54,100.0,25.7,S
2021-07-21T10:45:50,100.0,25.7,S
2021-07-21T10:45:45,100.0,25.7,S
2021-07-21T10:45:40,100.0,25.7,S
2021-07-21T10:45:35,100.0,25.7,S
2021-07-21T10:45:28,100.0,25.7,S
2021-07-21T10:45:21,3400.0,25.8,S
2021-07-21T10:44:25,1500.0,25.9,S
2021-07-21T10:43:43,300.0,25.9,B
2021-07-21T10:43:33,100.0,25.9,B
2021-07-21T10:43:33,700.0,25.9,S
2021-07-21T10:43:33,2400.0,25.9,S
2021-07-21T10:42:43,100.0,26.0,B
2021-07-21T10:41:26,400.0,25.9,B
2021-07-21T10:40:00,1000.0,25.9,B
2021-07-21T10:36:59,400.0,25.8,S
2021-07-21T10:36:49,100.0,25.9,S
2021-07-21T10:36:49,2000.0,25.9,S
2021-07-21T10:36:49,1500.0,25.9,S
2021-07-21T10:33:29,100.0,25.9,S
2021-07-21T10:33:26,100.0,25.9,S
2021-07-21T10:33:23,100.0,25.9,S
2021-07-21T10:33:18,100.0,25.9,S
2021-07-21T10:33:14,100.0,25.9,S
2021-07-21T10:33:09,100.0,25.9,S
2021-07-21T10:33:06,100.0,25.9,S
2021-07-21T10:31:22,100.0,25.9,S
2021-07-21T10:31:18,100.0,25.9,S
2021-07-21T10:31:15,100.0,25.9,S
2021-07-21T10:31:11,100.0,25.9,S
2021-07-21T10:31:08,100.0,25.9,S
2021-07-21T10:31:03,100.0,25.9,S
2021-07-21T10:30:59,100.0,25.9,S
2021-07-21T10:30:42,200.0,25.95,S
2021-07-21T10:30:36,100.0,26.0,S
2021-07-21T10:30:33,100.0,26.0,S
2021-07-21T10:30:28,100.0,26.0,S
2021-07-21T10:30:24,100.0,26.0,S
2021-07-21T10:30:18,100.0,26.0,S
2021-07-21T10:30:14,100.0,26.0,S
2021-07-21T10:26:28,200.0,26.0,B
2021-07-21T10:26:28,6900.0,26.0,B
2021-07-21T10:24:58,1000.0,26.0,B
2021-07-21T10:22:38,100.0,26.0,B
2021-07-21T10:17:11,1000.0,26.0,B
2021-07-21T10:16:05,1000.0,26.0,B
2021-07-21T10:13:26,300.0,25.9,S
2021-07-21T10:11:07,400.0,25.9,S
2021-07-21T10:11:06,1600.0,25.9,S
2021-07-21T10:10:27,15100.0,26.05,S
2021-07-21T10:08:44,1000.0,26.15,B
2021-07-21T10:08:15,3400.0,26.15,S
2021-07-21T10:07:08,100.0,26.2,S
2021-07-21T10:06:41,100.0,26.25,S
2021-07-21T10:06:21,100.0,26.2,S
2021-07-21T10:06:16,100.0,26.2,S
2021-07-21T10:06:11,100.0,26.2,S
2021-07-21T10:06:06,100.0,26.2,S
2021-07-21T10:06:00,100.0,26.2,S
2021-07-21T10:05:57,100.0,26.2,S
2021-07-21T10:05:53,100.0,26.2,S
2021-07-21T10:05:34,5000.0,26.2,S
2021-07-21T10:05:25,100.0,26.2,S
2021-07-21T10:05:20,500.0,26.2,S
2021-07-21T10:05:18,100.0,26.2,S
2021-07-21T10:05:18,5000.0,26.2,S
2021-07-21T10:05:15,100.0,26.2,S
2021-07-21T10:05:08,100.0,26.2,S
2021-07-21T10:05:03,100.0,26.2,S
2021-07-21T10:04:57,100.0,26.2,S
2021-07-21T10:04:51,100.0,26.2,S
2021-07-21T10:03:43,2400.0,26.2,B
2021-07-21T10:00:57,1500.0,26.2,B
2021-07-21T10:00:46,2000.0,26.2,B
2021-07-21T10:00:19,100.0,26.1,S
2021-07-21T10:00:15,100.0,26.1,S
2021-07-21T10:00:11,100.0,26.1,S
2021-07-21T10:00:07,100.0,26.1,S
2021-07-21T10:00:02,100.0,26.1,S
2021-07-21T09:59:56,100.0,26.15,S
2021-07-21T09:59:52,100.0,26.15,S
2021-07-21T09:59:33,4000.0,26.2,B
2021-07-21T09:59:30,100.0,26.15,S
2021-07-21T09:59:24,100.0,26.15,S
2021-07-21T09:59:21,100.0,26.15,S
2021-07-21T09:59:16,100.0,26.15,S
2021-07-21T09:59:12,100.0,26.15,S
2021-07-21T09:59:07,100.0,26.15,S
2021-07-21T09:59:02,100.0,26.15,S
2021-07-21T09:58:45,100.0,26.15,S
2021-07-21T09:58:42,100.0,26.15,S
2021-07-21T09:58:38,100.0,26.15,S
2021-07-21T09:58:33,100.0,26.15,S
2021-07-21T09:58:29,6000.0,26.15,S
2021-07-21T09:58:29,100.0,26.1,S
2021-07-21T09:58:25,100.0,26.1,S
2021-07-21T09:58:20,100.0,26.1,S
2021-07-21T09:58:04,100.0,26.1,B
2021-07-21T09:58:04,2000.0,26.1,B
2021-07-21T09:57:43,6000.0,26.1,B
2021-07-21T09:57:38,100.0,26.05,S
2021-07-21T09:57:38,4900.0,26.05,B
2021-07-21T09:57:35,100.0,26.0,S
2021-07-21T09:57:30,100.0,26.0,S
2021-07-21T09:57:26,100.0,26.0,S
2021-07-21T09:57:22,100.0,26.0,S
2021-07-21T09:57:15,100.0,26.0,S
2021-07-21T09:57:10,100.0,26.0,S
2021-07-21T09:56:55,100.0,26.05,B
2021-07-21T09:56:38,1000.0,26.05,B
2021-07-21T09:56:14,1900.0,26.0,S
2021-07-21T09:55:19,100.0,26.0,S
2021-07-21T09:53:11,400.0,26.0,S
2021-07-21T09:53:08,100.0,26.0,B
2021-07-21T09:53:02,1000.0,26.0,B
2021-07-21T09:52:36,500.0,26.0,S
2021-07-21T09:52:35,100.0,26.0,S
2021-07-21T09:50:48,2000.0,26.0,S
2021-07-21T09:50:26,1000.0,26.0,S
2021-07-21T09:50:10,1000.0,26.0,S
2021-07-21T09:50:10,100.0,26.0,S
2021-07-21T09:50:07,100.0,26.0,S
2021-07-21T09:50:05,100.0,26.0,S
2021-07-21T09:50:00,100.0,26.0,S
2021-07-21T09:49:56,500.0,26.0,S
2021-07-21T09:49:53,100.0,26.0,S
2021-07-21T09:49:51,500.0,26.0,S
2021-07-21T09:49:49,100.0,26.0,S
2021-07-21T09:49:48,1000.0,26.0,S
2021-07-21T09:49:44,100.0,26.0,S
2021-07-21T09:48:55,1000.0,26.0,S
2021-07-21T09:47:25,2200.0,26.0,B
2021-07-21T09:46:08,500.0,25.9,B
2021-07-21T09:43:39,1000.0,25.8,S
2021-07-21T09:43:21,100.0,25.85,S
2021-07-21T09:39:22,2000.0,25.8,S
2021-07-21T09:36:25,200.0,25.8,S
2021-07-21T09:36:25,800.0,25.8,S
2021-07-21T09:36:20,100.0,25.8,S
2021-07-21T09:36:16,100.0,25.8,S
2021-07-21T09:36:08,100.0,25.8,S
2021-07-21T09:35:55,100.0,25.8,S
2021-07-21T09:35:53,100.0,25.8,S
2021-07-21T09:35:37,200.0,25.8,S
2021-07-21T09:35:33,100.0,25.8,S
2021-07-21T09:35:28,100.0,25.8,S
2021-07-21T09:35:23,100.0,25.8,S
2021-07-21T09:35:16,100.0,25.8,S
2021-07-21T09:35:11,100.0,25.8,S
2021-07-21T09:33:04,300.0,25.8,S
2021-07-21T09:32:48,200.0,25.8,S
2021-07-21T09:32:43,100.0,25.8,S
2021-07-21T09:32:41,100.0,25.8,S
2021-07-21T09:32:38,100.0,25.8,S
2021-07-21T09:32:34,100.0,25.8,S
2021-07-21T09:32:30,100.0,25.8,S
2021-07-21T09:32:21,100.0,25.8,S
2021-07-21T09:32:15,100.0,25.8,S
2021-07-21T09:32:13,100.0,25.8,S
2021-07-21T09:32:09,100.0,25.8,S
2021-07-21T09:32:05,100.0,25.8,S
2021-07-21T09:32:02,100.0,25.8,S
2021-07-21T09:31:58,100.0,25.8,S
2021-07-21T09:31:48,100.0,25.8,S
2021-07-21T09:31:44,100.0,25.8,S
2021-07-21T09:31:42,100.0,25.8,S
2021-07-21T09:31:39,100.0,25.8,S
2021-07-21T09:31:36,100.0,25.8,S
2021-07-21T09:31:32,100.0,25.8,S
2021-07-21T09:31:29,100.0,25.8,S
2021-07-21T09:31:19,100.0,25.8,S
2021-07-21T09:31:15,100.0,25.8,S
2021-07-21T09:31:13,100.0,25.8,S
2021-07-21T09:31:08,100.0,25.8,S
2021-07-21T09:31:05,100.0,25.8,S
2021-07-21T09:31:02,100.0,25.8,S
2021-07-21T09:30:58,100.0,25.8,S
2021-07-21T09:30:48,200.0,26.0,S
2021-07-21T09:30:41,100.0,26.0,S
2021-07-21T09:30:40,100.0,26.0,S
2021-07-21T09:30:35,100.0,26.0,S
2021-07-21T09:30:32,100.0,26.0,S
2021-07-21T09:30:26,100.0,26.0,S
2021-07-21T09:30:21,7300.0,26.0,S
2021-07-21T09:30:17,100.0,25.8,S
2021-07-21T09:30:13,100.0,25.85,S
2021-07-21T09:30:11,100.0,25.85,S
2021-07-21T09:30:08,100.0,25.85,S
2021-07-21T09:30:04,100.0,25.85,S
2021-07-21T09:30:00,100.0,25.85,S
2021-07-21T09:29:56,100.0,25.85,S
2021-07-21T09:29:40,100.0,25.85,S
2021-07-21T09:29:35,100.0,25.85,S
2021-07-21T09:29:33,100.0,25.9,S
2021-07-21T09:29:30,100.0,25.9,S
2021-07-21T09:29:25,100.0,25.9,S
2021-07-21T09:29:20,100.0,25.9,S
2021-07-21T09:29:18,100.0,25.9,S
2021-07-21T09:29:07,100.0,25.9,S
2021-07-21T09:29:01,100.0,25.9,S
2021-07-21T09:29:00,100.0,25.9,S
2021-07-21T09:28:57,100.0,25.9,S
2021-07-21T09:28:55,200.0,25.9,S
2021-07-21T09:28:51,100.0,25.9,S
2021-07-21T09:28:48,100.0,25.9,S
2021-07-21T09:28:43,100.0,25.9,S
2021-07-21T09:28:43,700.0,25.9,S
2021-07-21T09:28:35,200.0,25.9,S
2021-07-21T09:28:30,100.0,25.9,S
2021-07-21T09:28:25,100.0,25.9,S
2021-07-21T09:28:25,100.0,26.0,B
2021-07-21T09:28:23,100.0,25.9,S
2021-07-21T09:28:18,100.0,25.9,S
2021-07-21T09:28:13,100.0,25.9,S
2021-07-21T09:27:58,100.0,25.9,S
2021-07-21T09:27:55,100.0,25.9,S
2021-07-21T09:27:50,100.0,25.8,S
2021-07-21T09:27:43,100.0,25.8,S
2021-07-21T09:27:38,100.0,25.9,S
2021-07-21T09:27:34,100.0,25.9,S
2021-07-21T09:27:27,100.0,25.9,S
2021-07-21T09:25:19,500.0,25.8,B
2021-07-21T09:24:55,1500.0,25.8,B
2021-07-21T09:22:42,100.0,25.7,S
2021-07-21T09:22:36,100.0,25.7,S
2021-07-21T09:22:33,100.0,25.7,S
2021-07-21T09:22:30,100.0,25.7,S
2021-07-21T09:22:24,100.0,25.7,S
2021-07-21T09:22:20,100.0,25.7,S
2021-07-21T09:22:16,100.0,25.7,S
2021-07-21T09:20:25,400.0,25.7,B
2021-07-21T09:20:21,1600.0,25.7,S
2021-07-21T09:19:51,100.0,25.7,S
2021-07-21T09:19:46,100.0,25.7,S
2021-07-21T09:19:43,100.0,25.7,S
2021-07-21T09:19:39,100.0,25.7,S
2021-07-21T09:19:35,100.0,25.7,S
2021-07-21T09:19:29,100.0,25.7,S
2021-07-21T09:19:26,100.0,25.7,S
2021-07-21T09:19:11,100.0,25.7,S
2021-07-21T09:19:08,100.0,25.7,S
2021-07-21T09:19:05,100.0,25.7,S
2021-07-21T09:19:01,100.0,25.7,S
2021-07-21T09:18:54,100.0,25.7,S
2021-07-21T09:18:48,100.0,25.7,S
2021-07-21T09:18:46,100.0,25.7,S
2021-07-21T09:18:26,100.0,25.7,S
2021-07-21T09:18:21,100.0,25.7,S
2021-07-21T09:18:18,100.0,25.7,S
2021-07-21T09:18:13,100.0,25.7,S
2021-07-21T09:18:08,100.0,25.7,S
2021-07-21T09:18:04,100.0,25.7,S
2021-07-21T09:17:59,100.0,25.7,S
2021-07-21T09:17:49,600.0,25.7,S
2021-07-21T09:17:44,100.0,25.75,S
