tradingTime,volume,price,side
2021-07-21T14:30:00,20000.0,14.45,S
2021-07-21T14:29:50,20000.0,14.45,S
2021-07-21T14:29:49,1000.0,14.45,S
2021-07-21T14:29:41,20000.0,14.45,S
2021-07-21T14:29:34,3500.0,14.45,S
2021-07-21T14:29:31,20000.0,14.45,S
2021-07-21T14:29:14,3000.0,14.45,S
2021-07-21T14:29:08,10000.0,14.45,S
2021-07-21T14:29:07,20000.0,14.45,S
2021-07-21T14:29:02,3800.0,14.45,B
2021-07-21T14:28:59,2000.0,14.45,B
2021-07-21T14:28:56,20000.0,14.45,B
2021-07-21T14:28:54,10000.0,14.45,B
2021-07-21T14:28:47,300.0,14.45,B
2021-07-21T14:28:46,500.0,14.4,S
2021-07-21T14:28:30,3000.0,14.45,B
2021-07-21T14:28:22,3000.0,14.45,B
2021-07-21T14:28:18,100.0,14.45,B
2021-07-21T14:27:58,30000.0,14.45,B
2021-07-21T14:27:45,6200.0,14.45,B
2021-07-21T14:27:39,5000.0,14.45,B
2021-07-21T14:27:38,6000.0,14.45,B
2021-07-21T14:27:35,1000.0,14.45,B
2021-07-21T14:27:35,2000.0,14.45,B
2021-07-21T14:27:33,2000.0,14.45,B
2021-07-21T14:27:30,2000.0,14.45,B
2021-07-21T14:27:25,15600.0,14.45,S
2021-07-21T14:27:25,5000.0,14.45,S
2021-07-21T14:27:20,23800.0,14.45,B
2021-07-21T14:27:18,100.0,14.45,B
2021-07-21T14:27:11,3600.0,14.45,S
2021-07-21T14:27:09,1400.0,14.45,B
2021-07-21T14:27:09,10400.0,14.45,S
2021-07-21T14:27:09,8200.0,14.45,S
2021-07-21T14:27:08,5000.0,14.45,S
2021-07-21T14:26:58,6800.0,14.45,S
2021-07-21T14:26:55,1000.0,14.45,S
2021-07-21T14:26:55,13200.0,14.45,S
2021-07-21T14:26:44,6100.0,14.45,B
2021-07-21T14:26:44,1000.0,14.45,B
2021-07-21T14:26:38,20000.0,14.45,B
2021-07-21T14:26:12,500.0,14.45,B
2021-07-21T14:26:02,5000.0,14.45,B
2021-07-21T14:25:51,300.0,14.45,B
2021-07-21T14:25:43,60600.0,14.45,S
2021-07-21T14:25:18,3100.0,14.45,S
2021-07-21T14:25:18,5400.0,14.45,S
2021-07-21T14:25:18,1500.0,14.45,S
2021-07-21T14:25:05,20000.0,14.45,S
2021-07-21T14:24:52,30000.0,14.45,S
2021-07-21T14:24:38,500.0,14.45,S
2021-07-21T14:24:37,14100.0,14.45,S
2021-07-21T14:24:37,900.0,14.45,S
2021-07-21T14:24:37,5000.0,14.45,S
2021-07-21T14:24:19,38600.0,14.45,S
2021-07-21T14:24:19,11400.0,14.45,S
2021-07-21T14:24:08,200.0,14.45,S
2021-07-21T14:24:04,100.0,14.45,S
2021-07-21T14:24:01,30000.0,14.45,S
2021-07-21T14:23:49,5000.0,14.45,S
2021-07-21T14:23:44,2000.0,14.45,S
2021-07-21T14:23:43,2000.0,14.45,S
2021-07-21T14:23:05,1000.0,14.45,S
2021-07-21T14:23:01,2000.0,14.45,S
2021-07-21T14:22:55,1000.0,14.45,S
2021-07-21T14:22:48,300.0,14.45,S
2021-07-21T14:22:46,1500.0,14.45,B
2021-07-21T14:22:46,12500.0,14.45,B
2021-07-21T14:22:46,900.0,14.45,B
2021-07-21T14:22:46,17100.0,14.45,B
2021-07-21T14:22:45,3000.0,14.45,B
2021-07-21T14:22:42,11500.0,14.45,B
2021-07-21T14:22:42,3200.0,14.45,B
2021-07-21T14:22:42,5300.0,14.45,B
2021-07-21T14:22:41,1800.0,14.45,B
2021-07-21T14:22:41,1000.0,14.45,B
2021-07-21T14:22:41,400.0,14.45,B
2021-07-21T14:22:41,5000.0,14.45,B
2021-07-21T14:22:41,2800.0,14.45,B
2021-07-21T14:22:34,2000.0,14.45,B
2021-07-21T14:22:31,3000.0,14.4,S
2021-07-21T14:22:27,200.0,14.45,B
2021-07-21T14:22:25,6900.0,14.45,B
2021-07-21T14:22:25,100.0,14.45,B
2021-07-21T14:22:25,13000.0,14.45,B
2021-07-21T14:22:17,30000.0,14.45,B
2021-07-21T14:22:09,20000.0,14.45,B
2021-07-21T14:22:02,2700.0,14.45,B
2021-07-21T14:21:56,5000.0,14.45,B
2021-07-21T14:21:54,1000.0,14.4,S
2021-07-21T14:21:53,100000.0,14.45,B
2021-07-21T14:21:46,30000.0,14.45,B
2021-07-21T14:21:39,200.0,14.45,B
2021-07-21T14:21:29,100.0,14.45,B
2021-07-21T14:21:24,10000.0,14.45,B
2021-07-21T14:21:19,2000.0,14.45,B
2021-07-21T14:21:15,11600.0,14.45,B
2021-07-21T14:21:15,8400.0,14.4,B
2021-07-21T14:21:15,10000.0,14.4,B
2021-07-21T14:21:10,1000.0,14.4,B
2021-07-21T14:21:08,2000.0,14.4,S
2021-07-21T14:21:08,300.0,14.4,S
2021-07-21T14:21:08,78300.0,14.4,S
2021-07-21T14:21:04,1500.0,14.45,B
2021-07-21T14:21:04,30000.0,14.45,B
2021-07-21T14:20:57,66600.0,14.45,B
2021-07-21T14:20:57,600.0,14.45,B
2021-07-21T14:20:57,132800.0,14.45,B
2021-07-21T14:20:56,50000.0,14.45,B
2021-07-21T14:20:54,19200.0,14.45,B
2021-07-21T14:20:54,10800.0,14.45,B
2021-07-21T14:20:40,100.0,14.4,S
2021-07-21T14:20:25,500.0,14.4,S
2021-07-21T14:20:19,1200.0,14.4,B
2021-07-21T14:20:19,10000.0,14.4,B
2021-07-21T14:20:19,4900.0,14.4,B
2021-07-21T14:20:17,500.0,14.4,B
2021-07-21T14:20:10,100.0,14.4,B
2021-07-21T14:20:03,9000.0,14.4,B
2021-07-21T14:20:02,1000.0,14.4,B
2021-07-21T14:19:58,5000.0,14.4,B
2021-07-21T14:19:51,200.0,14.4,B
2021-07-21T14:19:50,300.0,14.4,B
2021-07-21T14:19:48,1000.0,14.4,B
2021-07-21T14:19:43,2000.0,14.4,B
2021-07-21T14:19:41,10000.0,14.4,B
2021-07-21T14:19:31,9800.0,14.4,S
2021-07-21T14:19:31,1200.0,14.4,S
2021-07-21T14:19:31,55000.0,14.4,S
2021-07-21T14:19:24,300.0,14.45,B
2021-07-21T14:19:24,10000.0,14.45,B
2021-07-21T14:19:23,16900.0,14.45,B
2021-07-21T14:19:23,3000.0,14.45,B
2021-07-21T14:19:23,100.0,14.45,B
2021-07-21T14:18:55,100.0,14.45,B
2021-07-21T14:18:55,3000.0,14.4,S
2021-07-21T14:18:38,1800.0,14.4,S
2021-07-21T14:18:36,33900.0,14.4,B
2021-07-21T14:18:36,2200.0,14.4,B
2021-07-21T14:18:36,50000.0,14.4,B
2021-07-21T14:18:36,600.0,14.4,B
2021-07-21T14:18:36,49500.0,14.4,B
2021-07-21T14:18:36,11100.0,14.4,B
2021-07-21T14:18:36,2700.0,14.4,B
2021-07-21T14:18:36,300.0,14.4,B
2021-07-21T14:18:28,500.0,14.4,B
2021-07-21T14:18:23,2000.0,14.4,B
2021-07-21T14:18:06,100.0,14.4,B
2021-07-21T14:18:06,500.0,14.4,B
2021-07-21T14:18:06,1400.0,14.4,B
2021-07-21T14:17:55,1800.0,14.4,B
2021-07-21T14:17:55,400.0,14.4,B
2021-07-21T14:17:38,10000.0,14.4,B
2021-07-21T14:17:30,200.0,14.4,B
2021-07-21T14:17:26,1100.0,14.4,B
2021-07-21T14:17:23,20000.0,14.4,B
2021-07-21T14:17:22,100.0,14.4,B
2021-07-21T14:17:04,5000.0,14.4,B
2021-07-21T14:16:53,100.0,14.4,B
2021-07-21T14:16:50,10000.0,14.4,B
2021-07-21T14:16:24,18500.0,14.35,S
2021-07-21T14:16:21,1900.0,14.35,B
2021-07-21T14:16:21,300.0,14.35,B
2021-07-21T14:16:17,1000.0,14.35,B
2021-07-21T14:16:08,10000.0,14.35,B
2021-07-21T14:16:06,5000.0,14.35,B
2021-07-21T14:16:03,400.0,14.35,B
2021-07-21T14:15:53,1000.0,14.3,S
2021-07-21T14:15:52,100.0,14.35,B
2021-07-21T14:15:51,40000.0,14.3,S
2021-07-21T14:15:35,7900.0,14.3,B
2021-07-21T14:15:35,11400.0,14.3,B
2021-07-21T14:15:35,58900.0,14.3,B
2021-07-21T14:15:34,5000.0,14.3,B
2021-07-21T14:15:33,30000.0,14.3,B
2021-07-21T14:15:30,9800.0,14.3,B
2021-07-21T14:15:19,20000.0,14.3,B
2021-07-21T14:15:18,2600.0,14.3,B
2021-07-21T14:15:16,25000.0,14.3,B
2021-07-21T14:15:15,1600.0,14.3,B
2021-07-21T14:15:10,1000.0,14.3,B
2021-07-21T14:14:58,2900.0,14.3,B
2021-07-21T14:14:58,37100.0,14.3,B
2021-07-21T14:14:44,21500.0,14.3,B
2021-07-21T14:14:42,300.0,14.25,B
2021-07-21T14:14:19,9300.0,14.25,S
2021-07-21T14:13:59,1000.0,14.25,S
2021-07-21T14:13:50,1000.0,14.3,B
2021-07-21T14:13:40,100.0,14.3,B
2021-07-21T14:13:36,10000.0,14.25,S
2021-07-21T14:13:27,16700.0,14.25,B
2021-07-21T14:13:27,3000.0,14.25,B
2021-07-21T14:13:26,500.0,14.25,B
2021-07-21T14:13:20,1000.0,14.25,B
2021-07-21T14:13:08,800.0,14.2,B
2021-07-21T14:13:04,7000.0,14.2,B
2021-07-21T14:12:58,12200.0,14.2,B
2021-07-21T14:12:58,3000.0,14.2,B
2021-07-21T14:12:58,27100.0,14.2,B
2021-07-21T14:12:58,10700.0,14.2,B
2021-07-21T14:12:58,1000.0,14.2,B
2021-07-21T14:12:55,19500.0,14.2,B
2021-07-21T14:12:42,13500.0,14.2,B
2021-07-21T14:12:38,17600.0,14.2,B
2021-07-21T14:12:38,1000.0,14.2,B
2021-07-21T14:12:38,21400.0,14.2,B
2021-07-21T14:12:35,30000.0,14.2,B
2021-07-21T14:12:29,14500.0,14.2,B
2021-07-21T14:12:29,15500.0,14.2,B
2021-07-21T14:12:21,3000.0,14.2,B
2021-07-21T14:12:13,300.0,14.2,B
2021-07-21T14:11:48,5000.0,14.2,B
2021-07-21T14:11:25,100.0,14.15,S
2021-07-21T14:11:22,800.0,14.2,B
2021-07-21T14:11:09,21400.0,14.15,B
2021-07-21T14:10:32,18600.0,14.15,S
2021-07-21T14:09:12,300.0,14.2,B
2021-07-21T14:09:09,3000.0,14.15,S
2021-07-21T14:08:56,6000.0,14.15,B
2021-07-21T14:08:56,9500.0,14.15,B
2021-07-21T14:08:51,2000.0,14.15,B
2021-07-21T14:08:45,1700.0,14.15,B
2021-07-21T14:08:30,2400.0,14.15,B
2021-07-21T14:07:35,4400.0,14.15,S
2021-07-21T14:07:16,300.0,14.2,B
2021-07-21T14:07:16,15600.0,14.15,B
2021-07-21T14:06:50,30000.0,14.15,B
2021-07-21T14:06:24,3000.0,14.15,B
2021-07-21T14:05:59,9800.0,14.15,B
2021-07-21T14:05:43,2000.0,14.15,B
2021-07-21T14:05:36,3300.0,14.1,B
2021-07-21T14:05:35,100.0,14.1,B
2021-07-21T14:05:35,7800.0,14.1,B
2021-07-21T14:05:35,100.0,14.1,B
2021-07-21T14:05:35,6500.0,14.1,B
2021-07-21T14:05:35,5700.0,14.1,B
2021-07-21T14:05:35,100.0,14.1,B
2021-07-21T14:05:35,11400.0,14.1,B
2021-07-21T14:05:21,17000.0,14.1,B
2021-07-21T14:04:56,10000.0,14.1,B
2021-07-21T14:04:26,400.0,14.1,B
2021-07-21T14:03:47,100.0,14.1,B
2021-07-21T14:03:40,32100.0,14.05,B
2021-07-21T14:03:39,100.0,14.05,B
2021-07-21T14:03:16,600.0,14.0,S
2021-07-21T14:02:48,100.0,14.05,B
2021-07-21T14:02:40,10000.0,14.0,S
2021-07-21T14:02:24,5800.0,14.0,B
2021-07-21T14:01:49,20000.0,14.0,B
2021-07-21T14:01:27,100.0,13.95,S
2021-07-21T14:01:12,6500.0,13.95,B
2021-07-21T14:00:57,5000.0,13.95,B
2021-07-21T14:00:15,500.0,13.95,B
2021-07-21T14:00:14,1000.0,13.9,S
2021-07-21T14:00:04,100.0,13.9,S
2021-07-21T13:59:55,5000.0,13.9,S
2021-07-21T13:59:39,400.0,13.95,B
2021-07-21T13:59:38,300.0,13.9,S
2021-07-21T13:58:55,100.0,13.9,S
2021-07-21T13:58:54,3000.0,13.9,S
2021-07-21T13:58:44,2000.0,13.9,S
2021-07-21T13:58:36,17400.0,13.9,S
2021-07-21T13:57:57,14000.0,14.0,S
2021-07-21T13:57:56,5000.0,14.0,S
2021-07-21T13:57:55,2000.0,14.0,S
2021-07-21T13:57:52,5400.0,14.0,S
2021-07-21T13:57:44,1700.0,14.0,S
2021-07-21T13:57:43,1000.0,14.0,S
2021-07-21T13:57:37,20000.0,14.0,S
2021-07-21T13:57:32,2000.0,14.0,S
2021-07-21T13:57:14,5000.0,14.0,S
2021-07-21T13:57:03,2400.0,14.05,S
2021-07-21T13:56:59,1600.0,14.05,B
2021-07-21T13:56:48,3900.0,14.05,S
2021-07-21T13:56:41,300.0,14.1,B
2021-07-21T13:56:40,35000.0,14.05,B
2021-07-21T13:55:46,3000.0,14.05,B
2021-07-21T13:55:29,3400.0,14.05,S
2021-07-21T13:55:29,500.0,14.05,S
2021-07-21T13:55:27,5000.0,14.05,S
2021-07-21T13:55:22,5000.0,14.05,S
2021-07-21T13:55:19,9800.0,14.1,B
2021-07-21T13:55:15,200.0,14.05,S
2021-07-21T13:55:06,2300.0,14.05,B
2021-07-21T13:54:58,200.0,14.05,S
2021-07-21T13:54:52,15600.0,14.1,B
2021-07-21T13:54:46,30000.0,14.0,S
2021-07-21T13:54:40,5000.0,14.05,S
2021-07-21T13:54:25,300.0,14.1,B
2021-07-21T13:54:19,1000.0,14.05,S
2021-07-21T13:54:00,300.0,14.05,S
2021-07-21T13:53:59,100.0,14.05,S
2021-07-21T13:53:50,2500.0,14.05,B
2021-07-21T13:53:34,100.0,14.0,S
2021-07-21T13:53:27,5000.0,14.05,B
2021-07-21T13:52:58,10000.0,14.05,S
2021-07-21T13:52:27,500.0,14.1,B
2021-07-21T13:52:13,20000.0,14.0,S
2021-07-21T13:52:08,32300.0,14.05,B
2021-07-21T13:52:00,7100.0,14.0,S
2021-07-21T13:50:54,1000.0,14.0,S
2021-07-21T13:50:54,200.0,14.05,B
2021-07-21T13:50:30,100.0,14.05,B
2021-07-21T13:50:11,4500.0,14.0,B
2021-07-21T13:49:44,5000.0,14.0,B
2021-07-21T13:48:27,100.0,14.0,B
2021-07-21T13:48:27,100.0,14.0,B
2021-07-21T13:48:19,900.0,14.0,S
2021-07-21T13:48:19,22400.0,14.0,S
2021-07-21T13:47:43,1000.0,14.05,B
2021-07-21T13:47:14,100.0,14.05,B
2021-07-21T13:47:04,1000.0,14.05,B
2021-07-21T13:47:00,100.0,14.05,B
2021-07-21T13:46:47,7100.0,14.05,S
2021-07-21T13:45:33,300.0,14.1,B
2021-07-21T13:45:19,12900.0,14.05,B
2021-07-21T13:45:14,3000.0,14.0,S
2021-07-21T13:44:22,200.0,14.05,B
2021-07-21T13:43:58,300.0,14.05,B
2021-07-21T13:43:06,2600.0,14.05,S
2021-07-21T13:42:39,100.0,14.05,S
2021-07-21T13:42:28,500.0,14.05,S
2021-07-21T13:42:27,200.0,14.1,B
2021-07-21T13:42:27,1000.0,14.05,S
2021-07-21T13:42:12,15800.0,14.05,B
2021-07-21T13:41:33,2400.0,14.0,B
2021-07-21T13:41:26,700.0,14.0,B
2021-07-21T13:41:18,800.0,14.0,B
2021-07-21T13:41:18,15000.0,14.0,S
2021-07-21T13:40:35,1000.0,14.0,S
2021-07-21T13:40:17,500.0,14.0,S
2021-07-21T13:40:03,300.0,14.0,B
2021-07-21T13:40:03,14200.0,14.0,B
2021-07-21T13:39:36,500.0,14.0,B
2021-07-21T13:39:11,300.0,14.0,B
2021-07-21T13:38:41,15000.0,14.0,S
2021-07-21T13:37:52,300.0,14.0,B
2021-07-21T13:37:43,3700.0,14.0,S
2021-07-21T13:37:34,20000.0,14.0,S
2021-07-21T13:37:07,7500.0,14.0,B
2021-07-21T13:36:36,3000.0,14.0,B
2021-07-21T13:36:35,19500.0,14.0,S
2021-07-21T13:34:55,300.0,14.05,B
2021-07-21T13:34:49,33500.0,14.0,B
2021-07-21T13:34:25,100.0,14.0,B
2021-07-21T13:33:54,15500.0,14.0,B
2021-07-21T13:33:48,13500.0,14.0,B
2021-07-21T13:32:18,200.0,14.0,B
2021-07-21T13:32:09,15800.0,13.95,B
2021-07-21T13:31:58,2000.0,13.95,B
2021-07-21T13:31:36,200.0,13.95,B
2021-07-21T13:31:07,42500.0,13.95,B
2021-07-21T13:30:53,500.0,14.0,B
2021-07-21T13:30:38,100.0,14.0,B
2021-07-21T13:30:33,100.0,14.0,B
2021-07-21T13:30:21,20000.0,14.0,S
2021-07-21T13:30:17,7900.0,14.05,B
2021-07-21T13:29:40,300.0,14.05,B
2021-07-21T13:29:32,500.0,14.0,B
2021-07-21T13:29:32,3000.0,14.0,B
2021-07-21T13:29:32,28500.0,14.0,B
2021-07-21T13:28:58,200.0,14.0,B
2021-07-21T13:28:01,5000.0,13.95,B
2021-07-21T13:27:58,10300.0,13.95,B
2021-07-21T13:27:33,1000.0,13.95,B
2021-07-21T13:27:23,500.0,13.95,B
2021-07-21T13:27:20,1000.0,13.95,B
2021-07-21T13:27:05,100.0,13.95,B
2021-07-21T13:26:57,3200.0,13.95,B
2021-07-21T13:26:44,16500.0,13.9,S
2021-07-21T13:26:36,2900.0,13.95,B
2021-07-21T13:26:20,14500.0,13.9,S
2021-07-21T13:26:18,3100.0,13.95,B
2021-07-21T13:26:14,14500.0,13.9,S
2021-07-21T13:26:06,1700.0,13.95,B
2021-07-21T13:25:43,200.0,13.9,S
2021-07-21T13:25:33,100.0,13.9,S
2021-07-21T13:25:26,2000.0,13.9,S
2021-07-21T13:25:16,2000.0,13.9,S
2021-07-21T13:25:09,100.0,13.9,S
2021-07-21T13:24:43,2200.0,13.9,S
2021-07-21T13:24:43,100.0,13.9,S
2021-07-21T13:24:34,3000.0,13.9,S
2021-07-21T13:24:23,500.0,13.9,S
2021-07-21T13:24:17,100.0,13.9,S
2021-07-21T13:23:52,2000.0,13.9,S
2021-07-21T13:23:27,100.0,13.9,S
2021-07-21T13:23:17,1000.0,13.95,S
2021-07-21T13:23:17,4300.0,13.95,S
2021-07-21T13:23:16,4000.0,13.95,S
2021-07-21T13:23:11,2000.0,13.95,S
2021-07-21T13:23:05,300.0,13.95,S
2021-07-21T13:22:50,100.0,13.95,S
2021-07-21T13:22:45,1000.0,13.95,S
2021-07-21T13:22:40,500.0,14.0,B
2021-07-21T13:22:24,2000.0,14.0,S
2021-07-21T13:22:24,28800.0,14.0,S
2021-07-21T13:22:19,10000.0,14.0,S
2021-07-21T13:22:19,10000.0,14.0,S
2021-07-21T13:22:17,2000.0,14.0,S
2021-07-21T13:22:17,100000.0,14.0,S
2021-07-21T13:22:16,20000.0,14.0,S
2021-07-21T13:22:00,10000.0,14.0,S
2021-07-21T13:21:52,50000.0,14.0,S
2021-07-21T13:21:09,300.0,14.05,B
2021-07-21T13:20:56,2900.0,14.0,S
2021-07-21T13:20:56,7100.0,14.05,S
2021-07-21T13:20:22,5000.0,14.05,S
2021-07-21T13:20:16,400.0,14.05,S
2021-07-21T13:20:13,5500.0,14.05,B
2021-07-21T13:20:07,100.0,14.05,B
2021-07-21T13:20:03,2000.0,14.05,B
2021-07-21T13:19:51,2000.0,14.05,B
2021-07-21T13:19:45,6000.0,14.05,B
2021-07-21T13:19:28,3000.0,14.05,B
2021-07-21T13:19:21,5000.0,14.05,B
2021-07-21T13:19:10,200.0,14.05,B
2021-07-21T13:18:44,1100.0,14.05,B
2021-07-21T13:18:04,4400.0,14.05,S
2021-07-21T13:18:04,300.0,14.05,S
2021-07-21T13:18:04,42500.0,14.05,S
2021-07-21T13:17:00,500.0,14.1,B
2021-07-21T13:16:16,600.0,14.1,B
2021-07-21T13:16:16,600.0,14.1,B
2021-07-21T13:16:08,800.0,14.1,S
2021-07-21T13:16:07,4500.0,14.1,S
2021-07-21T13:15:10,400.0,14.15,B
2021-07-21T13:15:03,200.0,14.1,S
2021-07-21T13:14:52,14600.0,14.1,B
2021-07-21T13:14:45,2000.0,14.05,S
2021-07-21T13:14:14,500.0,14.05,S
2021-07-21T13:13:56,20000.0,14.05,S
2021-07-21T13:13:50,30000.0,14.05,S
2021-07-21T13:13:41,600.0,14.1,B
2021-07-21T13:12:39,700.0,14.1,B
2021-07-21T13:12:27,100.0,14.1,B
2021-07-21T13:11:51,27100.0,14.1,S
2021-07-21T13:11:37,1000.0,14.1,S
2021-07-21T13:11:19,600.0,14.15,B
2021-07-21T13:11:03,900.0,14.15,B
2021-07-21T13:10:41,500.0,14.15,B
2021-07-21T13:10:31,200.0,14.15,B
2021-07-21T13:10:14,17900.0,14.15,S
2021-07-21T13:10:10,1000.0,14.15,S
2021-07-21T13:09:39,100.0,14.15,S
2021-07-21T13:09:31,200.0,14.15,S
2021-07-21T13:09:28,100.0,14.15,S
2021-07-21T13:09:24,500.0,14.2,B
2021-07-21T13:09:14,30800.0,14.15,B
2021-07-21T13:08:57,300.0,14.15,B
2021-07-21T13:08:47,100.0,14.1,S
2021-07-21T13:08:38,28600.0,14.1,S
2021-07-21T13:08:30,100.0,14.05,S
2021-07-21T13:07:51,30000.0,14.05,S
2021-07-21T13:06:35,1400.0,14.1,S
2021-07-21T13:06:34,100.0,14.1,S
2021-07-21T13:06:29,100.0,14.15,B
2021-07-21T13:06:24,100.0,14.1,S
2021-07-21T13:06:20,2000.0,14.15,B
2021-07-21T13:06:18,2900.0,14.15,B
2021-07-21T13:05:59,100.0,14.1,S
2021-07-21T13:05:49,1000.0,14.1,S
2021-07-21T13:05:31,14900.0,14.15,B
2021-07-21T13:05:27,1000.0,14.2,B
2021-07-21T13:05:08,100.0,14.15,S
2021-07-21T13:04:49,100.0,14.2,B
2021-07-21T13:04:39,300.0,14.2,B
2021-07-21T13:04:39,100.0,14.15,S
2021-07-21T13:04:29,34900.0,14.15,B
2021-07-21T13:04:28,100.0,14.1,S
2021-07-21T13:04:26,100.0,14.15,B
2021-07-21T13:04:20,1000.0,14.1,S
2021-07-21T13:04:05,400.0,14.15,B
2021-07-21T13:03:35,4400.0,14.1,S
2021-07-21T13:03:30,5000.0,14.1,B
2021-07-21T13:03:23,2000.0,14.1,B
2021-07-21T13:03:21,1200.0,14.1,B
2021-07-21T13:03:09,1000.0,14.1,B
2021-07-21T13:03:05,1500.0,14.1,B
2021-07-21T13:03:05,38500.0,14.1,B
2021-07-21T13:03:05,300.0,14.1,B
2021-07-21T13:02:55,12000.0,14.1,B
2021-07-21T13:02:43,1000.0,14.1,B
2021-07-21T13:02:40,2000.0,14.1,B
2021-07-21T13:02:40,15500.0,14.1,B
2021-07-21T13:02:26,14500.0,14.1,B
2021-07-21T13:01:57,700.0,14.1,B
2021-07-21T13:01:57,19300.0,14.1,B
2021-07-21T13:01:54,100.0,14.05,S
2021-07-21T13:01:49,1000.0,14.1,B
2021-07-21T13:01:44,100.0,14.1,B
2021-07-21T13:01:28,100.0,14.05,S
2021-07-21T13:01:09,200.0,14.1,B
2021-07-21T13:01:00,100.0,14.05,S
2021-07-21T13:00:43,7500.0,14.05,S
2021-07-21T13:00:18,500.0,14.05,B
2021-07-21T13:00:11,100.0,14.0,S
2021-07-21T13:00:07,4000.0,14.05,B
2021-07-21T13:00:05,30000.0,14.0,S
2021-07-21T13:00:05,4300.0,14.05,B
2021-07-21T13:00:02,1000.0,14.05,B
2021-07-21T13:00:02,2000.0,14.05,B
2021-07-21T11:29:41,100.0,14.0,S
2021-07-21T11:29:38,12700.0,14.05,S
2021-07-21T11:29:33,20000.0,14.05,S
2021-07-21T11:29:26,100.0,14.05,S
2021-07-21T11:29:17,500.0,14.05,S
2021-07-21T11:29:03,100.0,14.05,S
2021-07-21T11:28:56,3000.0,14.05,S
2021-07-21T11:28:53,200.0,14.1,B
2021-07-21T11:28:44,100.0,14.05,S
2021-07-21T11:28:39,16000.0,14.05,S
2021-07-21T11:28:33,100.0,14.05,B
2021-07-21T11:28:29,10000.0,14.05,B
2021-07-21T11:28:13,1000.0,14.05,B
2021-07-21T11:27:50,3000.0,14.05,B
2021-07-21T11:27:44,200.0,14.0,S
2021-07-21T11:27:43,11100.0,14.05,S
2021-07-21T11:27:33,100.0,14.05,S
2021-07-21T11:27:28,15200.0,14.05,S
2021-07-21T11:27:23,100.0,14.05,S
2021-07-21T11:27:18,24000.0,14.05,S
2021-07-21T11:26:28,200.0,14.1,B
2021-07-21T11:26:13,100.0,14.05,S
2021-07-21T11:25:54,43300.0,14.05,B
2021-07-21T11:25:50,1000.0,14.05,B
2021-07-21T11:24:41,300.0,14.05,B
2021-07-21T11:24:40,100.0,14.0,S
2021-07-21T11:24:24,12600.0,14.0,S
2021-07-21T11:23:39,5000.0,14.0,B
2021-07-21T11:22:53,12400.0,14.0,S
2021-07-21T11:22:40,1000.0,14.0,S
2021-07-21T11:22:25,100.0,14.0,S
2021-07-21T11:22:22,1000.0,14.0,S
2021-07-21T11:21:59,100.0,14.0,S
2021-07-21T11:21:53,200.0,14.05,B
2021-07-21T11:21:43,200.0,14.0,S
2021-07-21T11:21:28,6700.0,14.0,B
2021-07-21T11:20:13,3200.0,14.0,B
2021-07-21T11:20:06,500.0,14.0,B
2021-07-21T11:19:46,13600.0,14.0,S
2021-07-21T11:18:46,500.0,14.0,S
2021-07-21T11:18:27,3000.0,14.0,S
2021-07-21T11:18:27,1000.0,14.0,S
2021-07-21T11:18:13,20000.0,14.0,S
2021-07-21T11:17:27,200.0,14.05,B
2021-07-21T11:17:09,12700.0,14.0,B
2021-07-21T11:16:45,300.0,14.0,B
2021-07-21T11:16:41,1000.0,14.0,B
2021-07-21T11:16:33,6000.0,14.0,S
2021-07-21T11:16:08,10000.0,14.05,B
2021-07-21T11:15:36,500.0,14.0,S
2021-07-21T11:15:26,100.0,14.0,S
2021-07-21T11:15:23,6400.0,14.0,B
2021-07-21T11:14:48,600.0,13.95,S
2021-07-21T11:14:37,19800.0,14.0,B
2021-07-21T11:14:18,1000.0,14.0,B
2021-07-21T11:13:53,600.0,14.0,B
2021-07-21T11:13:42,1600.0,14.05,B
2021-07-21T11:13:42,9900.0,14.05,B
2021-07-21T11:13:42,13500.0,14.0,B
2021-07-21T11:13:42,1000.0,13.95,S
2021-07-21T11:13:14,1000.0,14.0,B
2021-07-21T11:13:06,22300.0,13.9,S
2021-07-21T11:13:06,26700.0,13.95,S
2021-07-21T11:13:06,5000.0,14.0,S
2021-07-21T11:13:06,6000.0,14.0,S
2021-07-21T11:12:51,21100.0,14.05,B
2021-07-21T11:12:41,100.0,14.05,S
2021-07-21T11:12:36,10000.0,14.05,S
2021-07-21T11:12:25,500.0,14.05,S
2021-07-21T11:12:02,2000.0,14.05,S
2021-07-21T11:11:52,2000.0,14.1,B
2021-07-21T11:11:51,1000.0,14.1,B
2021-07-21T11:11:38,300.0,14.05,B
2021-07-21T11:11:38,4000.0,14.05,B
2021-07-21T11:11:21,10000.0,14.05,B
2021-07-21T11:11:15,13200.0,14.0,B
2021-07-21T11:11:15,3000.0,14.0,B
2021-07-21T11:11:15,600.0,14.0,B
2021-07-21T11:11:15,5800.0,14.0,B
2021-07-21T11:11:13,1000.0,14.0,B
2021-07-21T11:11:05,25600.0,14.0,B
2021-07-21T11:11:03,20000.0,14.0,B
2021-07-21T11:10:40,5000.0,14.0,B
2021-07-21T11:10:26,7100.0,14.0,B
2021-07-21T11:10:26,15200.0,14.0,B
2021-07-21T11:10:26,1100.0,14.0,B
2021-07-21T11:10:26,100.0,14.0,B
2021-07-21T11:10:26,26500.0,14.0,B
2021-07-21T11:10:22,2000.0,14.0,B
2021-07-21T11:09:54,15500.0,14.0,B
2021-07-21T11:09:47,100.0,14.0,B
2021-07-21T11:09:39,10000.0,14.0,B
2021-07-21T11:09:36,19900.0,14.0,B
2021-07-21T11:09:22,29800.0,14.0,B
2021-07-21T11:09:01,2000.0,14.0,B
2021-07-21T11:08:48,300.0,14.0,B
2021-07-21T11:08:46,500.0,13.95,S
2021-07-21T11:08:44,100.0,13.95,S
2021-07-21T11:08:35,200.0,13.95,S
2021-07-21T11:08:29,8700.0,13.95,B
2021-07-21T11:08:29,5600.0,13.95,B
2021-07-21T11:08:06,2600.0,13.95,B
2021-07-21T11:07:55,2000.0,13.95,B
2021-07-21T11:07:52,1000.0,13.95,B
2021-07-21T11:07:19,2000.0,13.95,B
2021-07-21T11:07:10,2100.0,13.95,B
2021-07-21T11:06:59,2000.0,13.95,B
2021-07-21T11:06:58,20800.0,13.95,S
2021-07-21T11:06:58,4700.0,13.95,S
2021-07-21T11:06:35,800.0,13.95,S
2021-07-21T11:06:28,1800.0,13.95,S
2021-07-21T11:06:24,200.0,14.0,B
2021-07-21T11:06:19,5000.0,14.0,B
2021-07-21T11:06:16,43600.0,13.95,B
2021-07-21T11:05:38,24200.0,13.95,S
2021-07-21T11:05:28,300.0,13.95,S
2021-07-21T11:05:23,15000.0,13.95,S
2021-07-21T11:05:19,5000.0,14.0,B
2021-07-21T11:05:05,200.0,14.0,B
2021-07-21T11:04:54,31900.0,13.95,B
2021-07-21T11:04:54,7600.0,13.95,B
2021-07-21T11:04:54,21000.0,13.95,B
2021-07-21T11:04:53,200.0,13.95,B
2021-07-21T11:04:21,18000.0,13.95,B
2021-07-21T11:04:06,24500.0,13.95,B
2021-07-21T11:03:55,200.0,13.9,S
2021-07-21T11:03:50,2000.0,13.9,S
2021-07-21T11:03:48,300.0,13.95,B
2021-07-21T11:03:43,100.0,13.9,S
2021-07-21T11:03:34,28900.0,13.9,S
2021-07-21T11:02:39,21100.0,13.9,S
2021-07-21T11:02:15,100.0,13.9,S
2021-07-21T11:01:58,2000.0,13.9,B
2021-07-21T11:01:58,13600.0,13.9,B
2021-07-21T11:01:58,18500.0,13.9,B
2021-07-21T11:01:48,12500.0,13.9,B
2021-07-21T11:01:48,22500.0,13.9,B
2021-07-21T11:01:48,12000.0,13.9,B
2021-07-21T11:01:48,12000.0,13.9,B
2021-07-21T11:01:38,18700.0,13.9,B
2021-07-21T11:01:36,11500.0,13.9,B
2021-07-21T11:01:00,700.0,13.85,S
2021-07-21T11:00:28,100.0,13.85,S
2021-07-21T11:00:22,1400.0,13.85,S
2021-07-21T11:00:21,1300.0,13.85,B
2021-07-21T11:00:13,100.0,13.8,S
2021-07-21T11:00:13,37300.0,13.85,S
2021-07-21T11:00:06,37700.0,13.85,B
2021-07-21T10:59:57,200.0,13.85,B
2021-07-21T10:59:48,12100.0,13.85,S
2021-07-21T10:59:41,100.0,13.85,S
2021-07-21T10:59:38,6800.0,13.85,S
2021-07-21T10:59:33,3200.0,13.85,B
2021-07-21T10:59:27,1000.0,13.85,S
2021-07-21T10:59:25,400.0,13.9,B
2021-07-21T10:59:14,100.0,13.85,S
2021-07-21T10:59:09,18700.0,13.85,B
2021-07-21T10:59:03,4300.0,13.8,S
2021-07-21T10:58:38,6300.0,13.85,B
2021-07-21T10:58:38,38700.0,13.85,B
2021-07-21T10:58:28,1100.0,13.8,B
2021-07-21T10:58:28,3800.0,13.8,S
2021-07-21T10:58:15,45000.0,13.85,B
2021-07-21T10:57:48,100.0,13.8,S
2021-07-21T10:57:42,5000.0,13.8,S
2021-07-21T10:57:18,100.0,13.8,S
2021-07-21T10:57:12,1000.0,13.8,S
2021-07-21T10:57:08,200.0,13.8,S
2021-07-21T10:56:56,100.0,13.8,S
2021-07-21T10:56:11,1000.0,13.8,S
2021-07-21T10:56:06,300.0,13.85,B
2021-07-21T10:55:37,100.0,13.8,S
2021-07-21T10:55:25,100.0,13.8,S
2021-07-21T10:55:24,2000.0,13.8,S
2021-07-21T10:55:10,100.0,13.8,S
2021-07-21T10:54:58,4400.0,13.8,B
2021-07-21T10:54:58,2000.0,13.8,B
2021-07-21T10:54:36,10000.0,13.8,B
2021-07-21T10:54:22,20000.0,13.8,B
2021-07-21T10:52:17,300.0,13.8,B
2021-07-21T10:51:54,100.0,13.75,S
2021-07-21T10:51:44,7200.0,13.75,S
2021-07-21T10:51:42,9000.0,13.75,B
2021-07-21T10:51:29,2500.0,13.75,B
2021-07-21T10:51:23,11200.0,13.75,B
2021-07-21T10:51:11,10000.0,13.75,B
2021-07-21T10:50:32,20000.0,13.75,B
2021-07-21T10:50:12,10100.0,13.75,S
2021-07-21T10:48:58,100.0,13.75,S
2021-07-21T10:48:51,300.0,13.8,B
2021-07-21T10:48:48,100.0,13.75,S
2021-07-21T10:48:33,9800.0,13.75,S
2021-07-21T10:48:30,400.0,13.75,B
2021-07-21T10:48:08,900.0,13.7,S
2021-07-21T10:47:41,3800.0,13.7,S
2021-07-21T10:47:31,500.0,13.75,B
2021-07-21T10:46:58,200.0,13.7,S
2021-07-21T10:46:52,100.0,13.7,S
2021-07-21T10:45:36,1500.0,13.75,B
2021-07-21T10:43:49,600.0,13.75,S
2021-07-21T10:42:42,100.0,13.75,S
2021-07-21T10:42:29,200.0,13.8,B
2021-07-21T10:42:26,100.0,13.75,S
2021-07-21T10:42:17,19500.0,13.75,B
2021-07-21T10:40:25,300.0,13.75,S
2021-07-21T10:40:25,12700.0,13.75,S
2021-07-21T10:39:48,100.0,13.75,S
2021-07-21T10:38:56,14000.0,13.75,S
2021-07-21T10:38:44,17000.0,13.75,S
2021-07-21T10:36:41,100.0,13.75,S
2021-07-21T10:36:21,20000.0,13.75,S
2021-07-21T10:36:11,30000.0,13.75,S
2021-07-21T10:35:03,1000.0,13.8,B
2021-07-21T10:33:44,900.0,13.75,S
2021-07-21T10:33:06,200.0,13.8,B
2021-07-21T10:31:31,3500.0,13.8,S
2021-07-21T10:31:14,1000.0,13.8,S
2021-07-21T10:31:14,5000.0,13.8,S
2021-07-21T10:30:58,17000.0,13.8,S
2021-07-21T10:30:58,3500.0,13.8,B
2021-07-21T10:30:24,5000.0,13.8,B
2021-07-21T10:29:13,2000.0,13.8,S
2021-07-21T10:29:11,300.0,13.8,S
2021-07-21T10:28:59,200.0,13.8,S
2021-07-21T10:28:43,7200.0,13.8,B
2021-07-21T10:28:43,2800.0,13.8,S
2021-07-21T10:27:23,300.0,13.85,B
2021-07-21T10:27:14,17200.0,13.8,S
2021-07-21T10:26:20,4100.0,13.8,B
2021-07-21T10:26:08,2000.0,13.8,B
2021-07-21T10:25:58,3500.0,13.8,B
2021-07-21T10:25:22,4800.0,13.8,B
2021-07-21T10:25:15,2200.0,13.75,S
2021-07-21T10:25:08,5000.0,13.8,B
2021-07-21T10:24:53,9800.0,13.8,B
2021-07-21T10:24:39,22700.0,13.75,S
2021-07-21T10:22:57,900.0,13.75,S
2021-07-21T10:22:49,200.0,13.8,B
2021-07-21T10:22:39,20000.0,13.75,S
2021-07-21T10:22:39,13100.0,13.75,B
2021-07-21T10:21:56,200.0,13.75,B
2021-07-21T10:20:32,10000.0,13.7,S
2021-07-21T10:19:43,200.0,13.75,B
2021-07-21T10:19:38,100.0,13.7,S
2021-07-21T10:19:25,16400.0,13.7,B
2021-07-21T10:19:04,1700.0,13.7,B
2021-07-21T10:18:46,1400.0,13.65,S
2021-07-21T10:18:46,200.0,13.65,S
2021-07-21T10:18:45,10400.0,13.65,S
2021-07-21T10:18:41,100.0,13.7,B
2021-07-21T10:18:35,20000.0,13.65,S
2021-07-21T10:18:21,5000.0,13.7,B
2021-07-21T10:18:09,100.0,13.7,B
2021-07-21T10:16:46,15000.0,13.65,S
2021-07-21T10:16:32,14000.0,13.65,S
2021-07-21T10:16:08,12500.0,13.65,S
2021-07-21T10:15:58,1000.0,13.7,B
2021-07-21T10:14:59,200.0,13.7,B
2021-07-21T10:14:39,600.0,13.7,B
2021-07-21T10:13:39,5000.0,13.7,B
2021-07-21T10:13:01,1500.0,13.75,B
2021-07-21T10:12:25,100.0,13.75,S
2021-07-21T10:12:16,8400.0,13.75,B
2021-07-21T10:12:15,200.0,13.75,B
2021-07-21T10:11:28,10000.0,13.75,B
2021-07-21T10:11:05,7200.0,13.7,S
2021-07-21T10:10:39,10900.0,13.7,S
2021-07-21T10:10:39,2900.0,13.7,S
2021-07-21T10:10:39,1700.0,13.7,S
2021-07-21T10:10:39,800.0,13.7,S
2021-07-21T10:10:39,3700.0,13.7,S
2021-07-21T10:10:35,100.0,13.7,S
2021-07-21T10:10:25,100.0,13.7,S
2021-07-21T10:10:08,21500.0,13.7,S
2021-07-21T10:10:08,28500.0,13.7,S
2021-07-21T10:09:04,100.0,13.7,S
2021-07-21T10:08:45,19200.0,13.75,B
2021-07-21T10:08:34,2000.0,13.75,S
2021-07-21T10:08:20,300.0,13.8,B
2021-07-21T10:08:01,100.0,13.75,S
2021-07-21T10:07:44,16100.0,13.75,B
2021-07-21T10:07:31,10000.0,13.7,S
2021-07-21T10:06:33,300.0,13.75,B
2021-07-21T10:06:19,3200.0,13.75,S
2021-07-21T10:06:19,10400.0,13.75,S
2021-07-21T10:06:18,500.0,13.8,B
2021-07-21T10:05:38,10200.0,13.8,S
2021-07-21T10:05:18,100.0,13.8,S
2021-07-21T10:05:05,4700.0,13.8,S
2021-07-21T10:04:57,500.0,13.85,B
2021-07-21T10:04:48,35000.0,13.8,B
2021-07-21T10:04:45,100.0,13.75,S
2021-07-21T10:04:19,30000.0,13.75,S
2021-07-21T10:03:38,500.0,13.8,S
2021-07-21T10:03:25,5000.0,13.8,S
2021-07-21T10:03:01,200.0,13.85,B
2021-07-21T10:02:41,200.0,13.85,B
2021-07-21T10:02:39,200.0,13.8,S
2021-07-21T10:02:21,24300.0,13.8,B
2021-07-21T10:02:17,100.0,13.8,B
2021-07-21T10:00:35,800.0,13.8,B
2021-07-21T10:00:31,800.0,13.8,S
2021-07-21T10:00:10,500.0,13.8,S
2021-07-21T09:59:56,200.0,13.8,S
2021-07-21T09:59:45,300.0,13.85,B
2021-07-21T09:59:43,200.0,13.8,S
2021-07-21T09:59:30,5000.0,13.8,S
2021-07-21T09:59:25,100.0,13.8,S
2021-07-21T09:59:08,1000.0,13.8,S
2021-07-21T09:58:14,200.0,13.8,S
2021-07-21T09:58:12,2500.0,13.8,B
2021-07-21T09:56:45,500.0,13.8,B
2021-07-21T09:56:38,17000.0,13.8,S
2021-07-21T09:56:23,400.0,13.8,S
2021-07-21T09:55:33,200.0,13.85,B
2021-07-21T09:55:27,1000.0,13.8,S
2021-07-21T09:55:26,16200.0,13.8,B
2021-07-21T09:54:23,200.0,13.8,B
2021-07-21T09:53:58,7000.0,13.75,B
2021-07-21T09:52:57,1000.0,13.75,B
2021-07-21T09:52:44,2000.0,13.75,B
2021-07-21T09:52:11,23600.0,13.8,S
2021-07-21T09:51:52,300.0,13.85,B
2021-07-21T09:51:40,6800.0,13.8,B
2021-07-21T09:51:31,800.0,13.8,B
2021-07-21T09:51:21,7000.0,13.8,B
2021-07-21T09:50:40,200.0,13.8,B
2021-07-21T09:50:33,15200.0,13.8,S
2021-07-21T09:49:52,30000.0,13.9,B
2021-07-21T09:49:20,5000.0,13.9,B
2021-07-21T09:49:08,39200.0,13.9,B
2021-07-21T09:49:08,10100.0,13.9,B
2021-07-21T09:49:08,700.0,13.9,B
2021-07-21T09:48:59,500.0,13.85,B
2021-07-21T09:48:50,800.0,13.85,B
2021-07-21T09:48:45,2800.0,13.85,S
2021-07-21T09:48:42,5000.0,13.85,S
2021-07-21T09:48:35,200.0,13.9,B
2021-07-21T09:48:26,41400.0,13.85,B
2021-07-21T09:48:06,1000.0,13.8,S
2021-07-21T09:47:53,6600.0,13.8,S
2021-07-21T09:47:06,2500.0,13.8,S
2021-07-21T09:47:05,2000.0,13.8,S
2021-07-21T09:46:49,11100.0,13.8,B
2021-07-21T09:45:48,400.0,13.8,S
2021-07-21T09:45:38,1000.0,13.8,S
2021-07-21T09:45:31,100.0,13.8,S
2021-07-21T09:45:15,300.0,13.8,S
2021-07-21T09:45:05,5000.0,13.8,S
2021-07-21T09:45:01,23300.0,13.8,S
2021-07-21T09:44:26,200.0,13.8,B
2021-07-21T09:44:16,10700.0,13.7,B
2021-07-21T09:43:59,1800.0,13.7,B
2021-07-21T09:43:28,1800.0,13.7,B
2021-07-21T09:43:17,500.0,13.7,B
2021-07-21T09:43:11,1000.0,13.7,B
2021-07-21T09:42:56,4200.0,13.7,S
2021-07-21T09:42:43,3100.0,13.8,B
2021-07-21T09:42:15,19500.0,13.75,S
2021-07-21T09:42:06,30000.0,13.75,S
2021-07-21T09:41:35,2000.0,13.8,B
2021-07-21T09:41:00,3500.0,13.8,B
2021-07-21T09:40:54,500.0,13.8,S
2021-07-21T09:40:46,200.0,13.8,S
2021-07-21T09:40:41,2000.0,13.8,S
2021-07-21T09:40:35,5000.0,13.8,S
2021-07-21T09:40:14,13200.0,13.8,B
2021-07-21T09:39:35,1000.0,13.8,B
2021-07-21T09:39:21,100.0,13.8,B
2021-07-21T09:39:05,4600.0,13.8,S
2021-07-21T09:39:04,5000.0,13.8,S
2021-07-21T09:38:49,10000.0,13.8,S
2021-07-21T09:38:46,500.0,13.8,S
2021-07-21T09:38:32,30000.0,13.8,S
2021-07-21T09:38:32,200.0,13.8,B
2021-07-21T09:38:02,300.0,13.8,B
2021-07-21T09:37:44,500.0,13.75,B
2021-07-21T09:36:54,1000.0,13.7,B
2021-07-21T09:36:46,400.0,13.7,B
2021-07-21T09:36:41,5000.0,13.7,B
2021-07-21T09:36:28,5000.0,13.7,B
2021-07-21T09:36:03,20000.0,13.7,B
2021-07-21T09:35:08,5000.0,13.7,B
2021-07-21T09:34:52,21600.0,13.65,B
2021-07-21T09:34:36,2000.0,13.6,S
2021-07-21T09:33:47,2000.0,13.65,B
2021-07-21T09:33:12,400.0,13.65,S
2021-07-21T09:32:49,5000.0,13.65,S
2021-07-21T09:32:33,100.0,13.7,B
2021-07-21T09:32:18,24600.0,13.65,B
2021-07-21T09:32:11,400.0,13.6,S
2021-07-21T09:31:51,3000.0,13.6,B
2021-07-21T09:31:42,3000.0,13.6,B
2021-07-21T09:31:20,15000.0,13.6,S
2021-07-21T09:30:56,500.0,13.65,B
2021-07-21T09:30:38,15200.0,13.6,B
2021-07-21T09:30:37,100.0,13.6,B
2021-07-21T09:29:50,1100.0,13.55,S
2021-07-21T09:29:49,100.0,13.6,B
2021-07-21T09:29:22,10000.0,13.55,S
2021-07-21T09:29:14,20000.0,13.55,S
2021-07-21T09:29:09,100.0,13.6,B
2021-07-21T09:28:39,400.0,13.55,S
2021-07-21T09:28:29,500.0,13.55,S
2021-07-21T09:28:21,4600.0,13.55,B
2021-07-21T09:28:18,4600.0,13.55,B
2021-07-21T09:27:44,16000.0,13.55,S
2021-07-21T09:27:44,4800.0,13.55,S
2021-07-21T09:27:43,100.0,13.6,B
2021-07-21T09:27:13,1400.0,13.6,B
2021-07-21T09:26:59,100.0,13.6,B
2021-07-21T09:26:57,30000.0,13.55,S
2021-07-21T09:26:32,20000.0,13.55,S
2021-07-21T09:25:43,1000.0,13.6,B
2021-07-21T09:25:34,2000.0,13.6,S
2021-07-21T09:25:26,30000.0,13.6,S
2021-07-21T09:24:13,1900.0,13.65,B
2021-07-21T09:23:50,200.0,13.7,B
2021-07-21T09:23:06,9700.0,13.7,S
2021-07-21T09:22:56,10000.0,13.7,S
2021-07-21T09:22:48,12000.0,13.7,S
2021-07-21T09:22:48,9000.0,13.7,S
2021-07-21T09:22:06,3900.0,13.8,S
2021-07-21T09:21:58,5000.0,13.8,S
2021-07-21T09:21:40,10000.0,13.8,S
2021-07-21T09:21:39,2100.0,13.8,B
2021-07-21T09:21:26,1000.0,13.8,B
2021-07-21T09:20:59,500.0,13.8,B
2021-07-21T09:20:58,20000.0,13.8,B
2021-07-21T09:20:55,6600.0,13.8,S
2021-07-21T09:20:29,1000.0,13.8,S
2021-07-21T09:20:15,5000.0,13.8,S
2021-07-21T09:20:08,600.0,13.85,S
2021-07-21T09:20:00,500.0,13.9,B
2021-07-21T09:19:47,1000.0,13.9,B
2021-07-21T09:19:13,16900.0,13.9,S
2021-07-21T09:19:08,100.0,13.95,B
2021-07-21T09:19:04,1000.0,13.9,S
2021-07-21T09:18:57,10000.0,13.9,S
2021-07-21T09:18:47,22200.0,13.9,B
2021-07-21T09:18:31,500.0,13.9,B
2021-07-21T09:18:30,100.0,13.85,S
2021-07-21T09:18:23,1100.0,13.9,B
2021-07-21T09:17:45,500.0,13.9,B
2021-07-21T09:17:38,50900.0,13.9,B
2021-07-21T09:17:33,800.0,13.8,S
2021-07-21T09:17:33,1000.0,13.85,B
2021-07-21T09:17:29,1000.0,13.85,B
2021-07-21T09:17:22,2200.0,13.85,B
2021-07-21T09:17:19,700.0,13.85,B
2021-07-21T09:16:58,8300.0,13.9,B
2021-07-21T09:16:58,11700.0,13.9,B
2021-07-21T09:16:55,100.0,13.8,S
2021-07-21T09:16:42,100.0,13.85,B
2021-07-21T09:16:05,29300.0,13.8,S
