tradingTime,volume,price,side
2021-07-21T14:29:55,1100.0,32.45,B
2021-07-21T14:29:34,100.0,32.45,B
2021-07-21T14:29:28,100.0,32.45,B
2021-07-21T14:29:22,400.0,32.45,B
2021-07-21T14:29:20,500.0,32.45,B
2021-07-21T14:29:14,10000.0,32.45,B
2021-07-21T14:29:08,200.0,32.45,B
2021-07-21T14:28:58,200.0,32.45,B
2021-07-21T14:28:53,100.0,32.45,B
2021-07-21T14:28:37,100.0,32.45,B
2021-07-21T14:28:30,2000.0,32.45,B
2021-07-21T14:28:19,2000.0,32.45,B
2021-07-21T14:28:15,200.0,32.45,B
2021-07-21T14:28:04,300.0,32.45,B
2021-07-21T14:27:52,500.0,32.45,B
2021-07-21T14:27:37,700.0,32.45,B
2021-07-21T14:26:41,700.0,32.45,B
2021-07-21T14:26:12,1000.0,32.25,S
2021-07-21T14:26:04,2000.0,32.25,S
2021-07-21T14:26:04,1000.0,32.25,S
2021-07-21T14:26:04,2000.0,32.3,S
2021-07-21T14:25:54,100.0,32.45,B
2021-07-21T14:25:13,200.0,32.45,B
2021-07-21T14:25:08,400.0,32.45,B
2021-07-21T14:25:01,7500.0,32.2,S
2021-07-21T14:24:55,2400.0,32.25,S
2021-07-21T14:24:55,2600.0,32.25,S
2021-07-21T14:24:52,400.0,32.25,S
2021-07-21T14:24:44,4000.0,32.25,S
2021-07-21T14:24:44,700.0,32.25,S
2021-07-21T14:24:44,300.0,32.25,S
2021-07-21T14:24:31,500.0,32.25,S
2021-07-21T14:24:31,4500.0,32.25,S
2021-07-21T14:24:27,4000.0,32.25,S
2021-07-21T14:24:10,3000.0,32.25,S
2021-07-21T14:23:49,1100.0,32.25,S
2021-07-21T14:23:49,500.0,32.25,S
2021-07-21T14:23:49,200.0,32.25,S
2021-07-21T14:23:49,600.0,32.25,S
2021-07-21T14:23:49,400.0,32.3,S
2021-07-21T14:23:49,2500.0,32.3,S
2021-07-21T14:23:49,200.0,32.3,S
2021-07-21T14:23:49,2000.0,32.3,S
2021-07-21T14:23:38,100.0,32.5,B
2021-07-21T14:23:30,3000.0,32.3,S
2021-07-21T14:23:12,200.0,32.5,B
2021-07-21T14:22:37,7600.0,32.3,S
2021-07-21T14:22:34,1700.0,32.35,S
2021-07-21T14:22:26,200.0,32.35,B
2021-07-21T14:22:26,200.0,32.35,B
2021-07-21T14:22:19,5600.0,32.3,S
2021-07-21T14:22:19,300.0,32.3,S
2021-07-21T14:22:19,2500.0,32.3,S
2021-07-21T14:22:19,1600.0,32.3,S
2021-07-21T14:22:01,1000.0,32.35,S
2021-07-21T14:21:51,7000.0,32.3,S
2021-07-21T14:21:26,2400.0,32.3,S
2021-07-21T14:21:26,300.0,32.3,S
2021-07-21T14:21:26,2300.0,32.3,S
2021-07-21T14:21:19,100.0,32.3,S
2021-07-21T14:21:19,400.0,32.3,S
2021-07-21T14:21:19,200.0,32.3,S
2021-07-21T14:21:19,100.0,32.3,S
2021-07-21T14:21:18,300.0,32.35,B
2021-07-21T14:21:12,300.0,32.35,B
2021-07-21T14:21:01,300.0,32.35,B
2021-07-21T14:20:34,6200.0,32.3,S
2021-07-21T14:20:19,100.0,32.35,B
2021-07-21T14:20:15,3500.0,32.3,S
2021-07-21T14:20:15,1600.0,32.3,S
2021-07-21T14:19:59,2000.0,32.35,B
2021-07-21T14:19:31,15000.0,32.3,S
2021-07-21T14:19:30,100.0,32.4,B
2021-07-21T14:19:20,300.0,32.3,S
2021-07-21T14:19:02,700.0,32.3,S
2021-07-21T14:19:02,4400.0,32.35,S
2021-07-21T14:18:57,200.0,32.4,B
2021-07-21T14:18:44,1600.0,32.35,B
2021-07-21T14:18:39,500.0,32.3,S
2021-07-21T14:18:11,500.0,32.3,S
2021-07-21T14:17:59,800.0,32.3,S
2021-07-21T14:17:51,5000.0,32.3,S
2021-07-21T14:17:50,1500.0,32.35,S
2021-07-21T14:17:33,2300.0,32.3,S
2021-07-21T14:17:20,100.0,32.5,B
2021-07-21T14:16:48,300.0,32.5,B
2021-07-21T14:16:39,5100.0,32.3,S
2021-07-21T14:15:51,1200.0,32.3,S
2021-07-21T14:15:48,1800.0,32.3,S
2021-07-21T14:15:38,500.0,32.3,S
2021-07-21T14:15:38,900.0,32.3,S
2021-07-21T14:15:38,8600.0,32.3,S
2021-07-21T14:15:34,10000.0,32.3,S
2021-07-21T14:15:28,1700.0,32.3,S
2021-07-21T14:15:28,1500.0,32.35,S
2021-07-21T14:15:28,1900.0,32.35,S
2021-07-21T14:14:39,200.0,32.5,B
2021-07-21T14:14:24,800.0,32.35,S
2021-07-21T14:14:14,3600.0,32.35,S
2021-07-21T14:14:14,1000.0,32.4,S
2021-07-21T14:14:14,400.0,32.4,S
2021-07-21T14:14:09,1300.0,32.5,B
2021-07-21T14:14:09,100.0,32.5,B
2021-07-21T14:14:01,11800.0,32.5,B
2021-07-21T14:13:59,200.0,32.5,S
2021-07-21T14:13:57,8000.0,32.5,B
2021-07-21T14:13:49,1000.0,32.5,S
2021-07-21T14:13:49,1000.0,32.5,S
2021-07-21T14:13:44,3000.0,32.5,S
2021-07-21T14:13:03,5100.0,32.5,S
2021-07-21T14:12:56,19300.0,32.5,S
2021-07-21T14:12:50,2000.0,32.55,B
2021-07-21T14:12:50,5900.0,32.5,S
2021-07-21T14:12:50,100.0,32.5,S
2021-07-21T14:12:42,200.0,32.55,B
2021-07-21T14:12:35,15000.0,32.5,S
2021-07-21T14:12:29,300.0,32.55,B
2021-07-21T14:12:23,600.0,32.55,S
2021-07-21T14:12:23,3600.0,32.55,S
2021-07-21T14:11:58,100.0,32.55,S
2021-07-21T14:11:41,2300.0,32.55,S
2021-07-21T14:11:41,5000.0,32.55,S
2021-07-21T14:11:39,3100.0,32.55,S
2021-07-21T14:11:29,5000.0,32.55,S
2021-07-21T14:11:22,1000.0,32.55,S
2021-07-21T14:11:14,6000.0,32.55,S
2021-07-21T14:11:03,100.0,32.55,S
2021-07-21T14:11:00,700.0,32.55,S
2021-07-21T14:10:52,1000.0,32.55,S
2021-07-21T14:10:50,100.0,32.6,B
2021-07-21T14:10:21,200.0,32.6,B
2021-07-21T14:10:04,5800.0,32.6,S
2021-07-21T14:09:49,6100.0,32.6,S
2021-07-21T14:09:06,300.0,32.6,S
2021-07-21T14:09:01,300.0,32.6,S
2021-07-21T14:08:55,6000.0,32.6,S
2021-07-21T14:08:41,6600.0,32.6,B
2021-07-21T14:08:15,200.0,32.6,S
2021-07-21T14:08:15,5000.0,32.6,S
2021-07-21T14:08:13,300.0,32.65,B
2021-07-21T14:08:07,5500.0,32.6,B
2021-07-21T14:08:07,9500.0,32.6,B
2021-07-21T14:07:58,500.0,32.6,B
2021-07-21T14:07:40,100.0,32.65,S
2021-07-21T14:07:21,800.0,32.6,S
2021-07-21T14:06:12,100.0,32.7,B
2021-07-21T14:06:09,200.0,32.7,B
2021-07-21T14:05:44,200.0,32.7,B
2021-07-21T14:05:44,800.0,32.7,B
2021-07-21T14:05:38,3100.0,32.55,S
2021-07-21T14:05:21,200.0,32.7,B
2021-07-21T14:04:52,500.0,32.7,S
2021-07-21T14:04:46,7400.0,32.7,B
2021-07-21T14:04:46,10100.0,32.65,B
2021-07-21T14:04:46,2500.0,32.6,B
2021-07-21T14:04:41,10000.0,32.55,B
2021-07-21T14:04:27,500.0,32.5,B
2021-07-21T14:04:23,20000.0,32.5,B
2021-07-21T14:04:02,4800.0,32.5,B
2021-07-21T14:03:59,300.0,32.5,B
2021-07-21T14:03:58,200.0,32.5,B
2021-07-21T14:03:57,700.0,32.45,S
2021-07-21T14:03:44,500.0,32.5,B
2021-07-21T14:03:34,3100.0,32.45,S
2021-07-21T14:03:19,10400.0,32.45,B
2021-07-21T14:03:08,10000.0,32.45,B
2021-07-21T14:03:04,200.0,32.45,B
2021-07-21T14:03:02,7900.0,32.4,S
2021-07-21T14:02:59,1500.0,32.4,B
2021-07-21T14:02:58,3000.0,32.4,B
2021-07-21T14:02:58,100.0,32.4,B
2021-07-21T14:02:57,100.0,32.4,B
2021-07-21T14:02:57,200.0,32.35,B
2021-07-21T14:02:55,9800.0,32.35,B
2021-07-21T14:02:54,4000.0,32.4,B
2021-07-21T14:02:53,100.0,32.4,B
2021-07-21T14:02:48,3000.0,32.4,B
2021-07-21T14:02:39,2500.0,32.4,B
2021-07-21T14:02:38,500.0,32.3,S
2021-07-21T14:02:36,200.0,32.4,B
2021-07-21T14:02:17,15700.0,32.3,B
2021-07-21T14:02:16,1500.0,32.3,B
2021-07-21T14:02:14,1000.0,32.3,B
2021-07-21T14:02:13,2000.0,32.3,B
2021-07-21T14:02:10,500.0,32.3,B
2021-07-21T14:02:10,800.0,32.3,B
2021-07-21T14:02:09,100.0,32.3,B
2021-07-21T14:02:02,2200.0,32.3,B
2021-07-21T14:01:55,200.0,32.3,B
2021-07-21T14:01:50,2000.0,32.3,B
2021-07-21T14:01:26,2700.0,32.15,S
2021-07-21T14:01:26,500.0,32.15,S
2021-07-21T14:01:24,1000.0,32.2,B
2021-07-21T14:01:24,100.0,32.2,B
2021-07-21T14:01:23,800.0,32.2,B
2021-07-21T14:01:23,10000.0,32.2,B
2021-07-21T14:01:21,1000.0,32.2,B
2021-07-21T14:01:19,10000.0,32.2,B
2021-07-21T14:01:17,1000.0,32.2,B
2021-07-21T14:01:12,100.0,32.2,B
2021-07-21T14:01:12,800.0,32.2,B
2021-07-21T14:01:12,2200.0,32.2,B
2021-07-21T14:01:07,100.0,32.2,B
2021-07-21T14:01:05,100.0,32.2,B
2021-07-21T14:01:02,600.0,32.2,B
2021-07-21T14:01:02,400.0,32.2,B
2021-07-21T14:01:00,100.0,32.2,B
2021-07-21T14:00:59,3000.0,32.2,B
2021-07-21T14:00:50,500.0,32.2,B
2021-07-21T14:00:48,1000.0,32.2,B
2021-07-21T14:00:29,800.0,32.15,S
2021-07-21T14:00:25,100.0,32.15,B
2021-07-21T14:00:25,4900.0,32.15,B
2021-07-21T14:00:10,100.0,32.15,B
2021-07-21T14:00:10,400.0,32.15,B
2021-07-21T14:00:08,700.0,32.1,B
2021-07-21T14:00:05,5000.0,32.1,B
2021-07-21T14:00:02,2500.0,32.05,S
2021-07-21T14:00:00,1000.0,32.1,B
2021-07-21T13:59:59,2000.0,32.1,B
2021-07-21T13:59:52,100.0,32.1,B
2021-07-21T13:59:50,7000.0,32.1,B
2021-07-21T13:59:46,200.0,32.1,B
2021-07-21T13:59:46,500.0,32.1,B
2021-07-21T13:59:44,500.0,32.05,S
2021-07-21T13:59:44,4200.0,32.05,S
2021-07-21T13:59:43,800.0,32.05,S
2021-07-21T13:59:43,300.0,32.1,B
2021-07-21T13:59:37,1000.0,32.05,S
2021-07-21T13:59:36,100.0,32.1,B
2021-07-21T13:59:21,700.0,32.05,S
2021-07-21T13:59:21,200.0,32.05,S
2021-07-21T13:59:21,2200.0,32.05,S
2021-07-21T13:59:19,100.0,32.1,B
2021-07-21T13:59:18,200.0,32.1,B
2021-07-21T13:59:08,100.0,32.1,B
2021-07-21T13:59:06,1000.0,32.1,B
2021-07-21T13:59:05,100.0,32.1,B
2021-07-21T13:59:03,200.0,32.1,B
2021-07-21T13:59:00,800.0,32.1,B
2021-07-21T13:58:57,800.0,32.1,B
2021-07-21T13:58:52,100.0,32.1,B
2021-07-21T13:58:43,400.0,32.1,B
2021-07-21T13:58:32,10000.0,32.1,B
2021-07-21T13:58:20,2100.0,32.05,B
2021-07-21T13:58:19,500.0,32.05,B
2021-07-21T13:58:16,1500.0,32.05,B
2021-07-21T13:58:14,200.0,32.05,B
2021-07-21T13:58:13,2000.0,32.05,B
2021-07-21T13:58:09,100.0,32.05,B
2021-07-21T13:58:04,1000.0,32.05,S
2021-07-21T13:58:04,400.0,32.05,S
2021-07-21T13:58:04,7200.0,32.05,S
2021-07-21T13:58:00,800.0,32.05,S
2021-07-21T13:57:57,10000.0,32.05,S
2021-07-21T13:57:51,3600.0,32.05,S
2021-07-21T13:57:45,5000.0,32.05,S
2021-07-21T13:57:38,1400.0,32.1,B
2021-07-21T13:57:37,200.0,32.1,B
2021-07-21T13:57:34,5000.0,32.1,B
2021-07-21T13:57:30,500.0,32.1,S
2021-07-21T13:57:30,2900.0,32.1,S
2021-07-21T13:57:26,700.0,32.1,S
2021-07-21T13:57:26,1600.0,32.1,S
2021-07-21T13:57:24,3700.0,32.1,S
2021-07-21T13:57:20,2700.0,32.1,S
2021-07-21T13:57:20,200.0,32.1,S
2021-07-21T13:57:20,100.0,32.1,S
2021-07-21T13:57:15,1600.0,32.15,S
2021-07-21T13:57:13,200.0,32.2,B
2021-07-21T13:57:07,100.0,32.2,B
2021-07-21T13:57:05,200.0,32.2,B
2021-07-21T13:57:05,700.0,32.15,S
2021-07-21T13:57:00,1000.0,32.2,B
2021-07-21T13:56:37,1000.0,32.2,B
2021-07-21T13:56:33,10000.0,32.2,B
2021-07-21T13:56:30,100.0,32.2,B
2021-07-21T13:56:22,200.0,32.2,B
2021-07-21T13:56:17,4000.0,32.2,S
2021-07-21T13:56:14,700.0,32.2,S
2021-07-21T13:56:04,700.0,32.2,S
2021-07-21T13:56:04,500.0,32.2,S
2021-07-21T13:56:04,3700.0,32.2,S
2021-07-21T13:56:02,100.0,32.2,S
2021-07-21T13:55:57,100.0,32.2,S
2021-07-21T13:55:56,1600.0,32.2,S
2021-07-21T13:55:46,900.0,32.2,S
2021-07-21T13:55:37,300.0,32.25,B
2021-07-21T13:55:37,4000.0,32.25,B
2021-07-21T13:55:37,2500.0,32.25,B
2021-07-21T13:55:37,500.0,32.25,B
2021-07-21T13:55:35,2100.0,32.2,S
2021-07-21T13:55:29,300.0,32.25,B
2021-07-21T13:55:27,100.0,32.25,B
2021-07-21T13:55:16,200.0,32.25,S
2021-07-21T13:55:16,2000.0,32.25,S
2021-07-21T13:55:09,4600.0,32.25,S
2021-07-21T13:55:09,1000.0,32.25,S
2021-07-21T13:55:09,400.0,32.25,S
2021-07-21T13:54:53,100.0,32.25,S
2021-07-21T13:54:44,100.0,32.3,B
2021-07-21T13:54:42,100.0,32.3,B
2021-07-21T13:54:37,1900.0,32.3,B
2021-07-21T13:54:33,100.0,32.3,B
2021-07-21T13:54:30,3800.0,32.3,B
2021-07-21T13:54:23,100.0,32.3,B
2021-07-21T13:54:18,800.0,32.3,B
2021-07-21T13:54:17,2200.0,32.3,B
2021-07-21T13:54:13,500.0,32.3,B
2021-07-21T13:54:10,1000.0,32.3,B
2021-07-21T13:54:10,300.0,32.3,S
2021-07-21T13:54:00,5300.0,32.3,S
2021-07-21T13:53:39,800.0,32.3,S
2021-07-21T13:53:33,100.0,32.4,B
2021-07-21T13:53:19,300.0,32.4,B
2021-07-21T13:53:16,100.0,32.4,B
2021-07-21T13:53:09,3100.0,32.3,S
2021-07-21T13:52:59,4800.0,32.3,S
2021-07-21T13:52:59,700.0,32.3,S
2021-07-21T13:52:59,200.0,32.3,S
2021-07-21T13:52:59,1000.0,32.3,S
2021-07-21T13:52:59,1500.0,32.3,S
2021-07-21T13:52:59,400.0,32.3,S
2021-07-21T13:52:59,1000.0,32.3,S
2021-07-21T13:52:58,600.0,32.3,S
2021-07-21T13:52:58,4800.0,32.3,S
2021-07-21T13:52:50,100.0,32.4,B
2021-07-21T13:52:24,200.0,32.4,B
2021-07-21T13:52:16,2000.0,32.4,S
2021-07-21T13:52:16,100.0,32.4,S
2021-07-21T13:52:16,500.0,32.4,S
2021-07-21T13:52:16,200.0,32.4,S
2021-07-21T13:52:16,5100.0,32.4,S
2021-07-21T13:52:16,1000.0,32.4,S
2021-07-21T13:52:16,100.0,32.4,S
2021-07-21T13:52:16,900.0,32.4,S
2021-07-21T13:52:16,1500.0,32.4,S
2021-07-21T13:52:16,5500.0,32.4,S
2021-07-21T13:52:16,1000.0,32.4,S
2021-07-21T13:52:16,1100.0,32.4,S
2021-07-21T13:52:16,1000.0,32.4,S
2021-07-21T13:52:16,1200.0,32.4,S
2021-07-21T13:52:16,800.0,32.4,S
2021-07-21T13:52:16,500.0,32.4,S
2021-07-21T13:52:14,500.0,32.4,S
2021-07-21T13:51:49,500.0,32.45,B
2021-07-21T13:51:47,1100.0,32.45,S
2021-07-21T13:51:47,2300.0,32.45,S
2021-07-21T13:51:47,100.0,32.45,S
2021-07-21T13:51:47,1400.0,32.45,S
2021-07-21T13:51:12,300.0,32.5,B
2021-07-21T13:51:09,4600.0,32.45,S
2021-07-21T13:51:03,3200.0,32.45,S
2021-07-21T13:50:45,1000.0,32.5,B
2021-07-21T13:50:33,300.0,32.5,B
2021-07-21T13:50:13,300.0,32.5,B
2021-07-21T13:50:06,100.0,32.5,B
2021-07-21T13:50:02,800.0,32.45,S
2021-07-21T13:49:47,500.0,32.5,B
2021-07-21T13:49:47,1000.0,32.5,B
2021-07-21T13:49:31,2000.0,32.5,B
2021-07-21T13:49:31,200.0,32.5,B
2021-07-21T13:49:28,100.0,32.5,B
2021-07-21T13:49:19,100.0,32.5,B
2021-07-21T13:49:19,1000.0,32.5,B
2021-07-21T13:49:12,100.0,32.5,B
2021-07-21T13:49:07,200.0,32.5,B
2021-07-21T13:49:02,2500.0,32.5,S
2021-07-21T13:49:02,2300.0,32.5,S
2021-07-21T13:49:02,2800.0,32.5,S
2021-07-21T13:49:02,2400.0,32.5,S
2021-07-21T13:48:59,600.0,32.5,S
2021-07-21T13:48:59,1900.0,32.5,S
2021-07-21T13:48:59,200.0,32.5,S
2021-07-21T13:48:59,300.0,32.5,S
2021-07-21T13:48:15,5300.0,32.5,S
2021-07-21T13:47:43,800.0,32.5,S
2021-07-21T13:47:24,100.0,32.55,B
2021-07-21T13:47:21,4700.0,32.5,S
2021-07-21T13:47:21,1400.0,32.5,S
2021-07-21T13:47:21,4500.0,32.5,S
2021-07-21T13:47:21,8300.0,32.5,S
2021-07-21T13:47:21,5700.0,32.5,S
2021-07-21T13:47:21,1800.0,32.5,S
2021-07-21T13:47:21,3600.0,32.5,S
2021-07-21T13:47:06,1600.0,32.5,S
2021-07-21T13:47:06,300.0,32.5,S
2021-07-21T13:47:06,3400.0,32.5,S
2021-07-21T13:47:06,200.0,32.55,B
2021-07-21T13:46:55,2300.0,32.5,S
2021-07-21T13:46:55,800.0,32.5,S
2021-07-21T13:46:24,800.0,32.5,S
2021-07-21T13:46:17,200.0,32.55,B
2021-07-21T13:45:58,1700.0,32.55,B
2021-07-21T13:45:58,2800.0,32.55,B
2021-07-21T13:45:49,100.0,32.55,B
2021-07-21T13:45:37,1000.0,32.5,S
2021-07-21T13:45:36,200.0,32.55,B
2021-07-21T13:45:33,100.0,32.55,B
2021-07-21T13:45:33,200.0,32.55,B
2021-07-21T13:45:22,300.0,32.55,B
2021-07-21T13:45:03,1000.0,32.55,B
2021-07-21T13:44:58,300.0,32.55,B
2021-07-21T13:44:53,100.0,32.55,B
2021-07-21T13:44:52,3100.0,32.5,S
2021-07-21T13:44:47,200.0,32.55,B
2021-07-21T13:44:18,100.0,32.55,B
2021-07-21T13:44:17,1200.0,32.55,B
2021-07-21T13:43:58,100.0,32.55,B
2021-07-21T13:43:57,100.0,32.55,B
2021-07-21T13:43:37,5000.0,32.55,S
2021-07-21T13:43:30,8000.0,32.55,B
2021-07-21T13:43:21,1000.0,32.55,B
2021-07-21T13:43:21,400.0,32.55,B
2021-07-21T13:43:20,100.0,32.55,B
2021-07-21T13:43:13,100.0,32.55,B
2021-07-21T13:43:06,300.0,32.55,B
2021-07-21T13:43:02,100.0,32.55,B
2021-07-21T13:43:02,700.0,32.5,S
2021-07-21T13:42:51,3000.0,32.55,S
2021-07-21T13:42:51,300.0,32.6,B
2021-07-21T13:42:30,400.0,32.55,S
2021-07-21T13:41:44,800.0,32.6,B
2021-07-21T13:41:29,500.0,32.6,B
2021-07-21T13:40:44,300.0,32.6,B
2021-07-21T13:40:41,3200.0,32.5,S
2021-07-21T13:40:11,5400.0,32.5,S
2021-07-21T13:40:06,1000.0,32.5,S
2021-07-21T13:40:06,1000.0,32.5,S
2021-07-21T13:40:06,1000.0,32.5,S
2021-07-21T13:40:06,1100.0,32.5,S
2021-07-21T13:40:06,300.0,32.5,S
2021-07-21T13:40:06,200.0,32.5,S
2021-07-21T13:40:06,300.0,32.5,S
2021-07-21T13:40:06,200.0,32.5,S
2021-07-21T13:40:06,6500.0,32.5,S
2021-07-21T13:40:06,100.0,32.5,S
2021-07-21T13:40:06,100.0,32.5,S
2021-07-21T13:40:06,10800.0,32.5,S
2021-07-21T13:40:06,7400.0,32.5,S
2021-07-21T13:39:58,8200.0,32.5,S
2021-07-21T13:39:58,6300.0,32.5,S
2021-07-21T13:39:58,200.0,32.5,S
2021-07-21T13:39:58,4000.0,32.5,S
2021-07-21T13:39:58,1300.0,32.55,S
2021-07-21T13:39:54,200.0,32.55,S
2021-07-21T13:39:36,700.0,32.55,S
2021-07-21T13:39:03,9900.0,32.55,S
2021-07-21T13:39:03,100.0,32.55,S
2021-07-21T13:39:03,5300.0,32.55,S
2021-07-21T13:38:58,4600.0,32.55,S
2021-07-21T13:38:58,5400.0,32.55,S
2021-07-21T13:38:58,1000.0,32.6,B
2021-07-21T13:38:38,300.0,32.6,B
2021-07-21T13:38:30,300.0,32.55,S
2021-07-21T13:38:30,3000.0,32.55,S
2021-07-21T13:38:22,5500.0,32.6,S
2021-07-21T13:38:22,300.0,32.6,S
2021-07-21T13:38:22,1000.0,32.6,S
2021-07-21T13:38:22,7500.0,32.6,S
2021-07-21T13:38:22,1100.0,32.6,S
2021-07-21T13:38:22,6300.0,32.6,S
2021-07-21T13:38:22,2000.0,32.6,S
2021-07-21T13:38:22,5600.0,32.6,S
2021-07-21T13:38:08,200.0,32.65,B
2021-07-21T13:37:02,100.0,32.65,B
2021-07-21T13:37:02,100.0,32.65,B
2021-07-21T13:36:40,300.0,32.65,B
2021-07-21T13:36:39,100.0,32.65,B
2021-07-21T13:36:35,200.0,32.65,B
2021-07-21T13:36:28,2300.0,32.65,S
2021-07-21T13:36:01,800.0,32.65,S
2021-07-21T13:35:32,500.0,32.7,B
2021-07-21T13:35:04,1500.0,32.7,B
2021-07-21T13:35:02,1000.0,32.65,B
2021-07-21T13:35:00,200.0,32.65,S
2021-07-21T13:35:00,1300.0,32.65,S
2021-07-21T13:35:00,300.0,32.65,S
2021-07-21T13:35:00,6400.0,32.65,S
2021-07-21T13:34:58,100.0,32.7,B
2021-07-21T13:34:57,300.0,32.7,B
2021-07-21T13:34:45,500.0,32.7,B
2021-07-21T13:34:23,300.0,32.7,B
2021-07-21T13:34:22,3100.0,32.65,S
2021-07-21T13:34:00,1600.0,32.65,B
2021-07-21T13:33:36,200.0,32.65,B
2021-07-21T13:33:34,1000.0,32.65,B
2021-07-21T13:33:26,3300.0,32.65,S
2021-07-21T13:33:26,7200.0,32.65,S
2021-07-21T13:33:26,500.0,32.65,S
2021-07-21T13:33:26,6200.0,32.65,S
2021-07-21T13:33:09,1300.0,32.7,S
2021-07-21T13:33:09,500.0,32.7,S
2021-07-21T13:33:09,4900.0,32.7,S
2021-07-21T13:32:38,100.0,32.75,B
2021-07-21T13:32:37,700.0,32.7,S
2021-07-21T13:32:21,200.0,32.75,B
2021-07-21T13:32:20,7200.0,32.7,S
2021-07-21T13:32:20,20700.0,32.7,S
2021-07-21T13:32:20,1000.0,32.7,S
2021-07-21T13:32:20,1100.0,32.7,S
2021-07-21T13:32:11,1000.0,32.75,B
2021-07-21T13:32:10,1000.0,32.7,S
2021-07-21T13:32:10,2300.0,32.7,S
2021-07-21T13:32:05,200.0,32.75,B
2021-07-21T13:31:53,300.0,32.75,B
2021-07-21T13:31:41,1000.0,32.75,B
2021-07-21T13:31:39,100.0,32.75,B
2021-07-21T13:31:33,1100.0,32.75,S
2021-07-21T13:31:32,1000.0,32.8,B
2021-07-21T13:31:13,100.0,32.8,S
2021-07-21T13:31:13,300.0,32.8,S
2021-07-21T13:31:13,100.0,32.8,S
2021-07-21T13:31:10,100.0,33.0,B
2021-07-21T13:30:47,100.0,33.0,B
2021-07-21T13:30:17,200.0,33.0,B
2021-07-21T13:30:04,1200.0,32.7,S
2021-07-21T13:30:04,200.0,32.7,S
2021-07-21T13:30:04,1800.0,32.7,S
2021-07-21T13:29:55,500.0,32.75,S
2021-07-21T13:29:50,200.0,32.75,S
2021-07-21T13:29:50,2000.0,32.75,S
2021-07-21T13:29:50,1400.0,32.75,S
2021-07-21T13:29:50,1200.0,32.75,S
2021-07-21T13:29:09,400.0,32.75,S
2021-07-21T13:29:09,400.0,32.75,S
2021-07-21T13:29:07,2600.0,33.0,B
2021-07-21T13:29:07,3600.0,32.9,B
2021-07-21T13:29:07,3800.0,32.8,B
2021-07-21T13:28:47,100.0,32.75,S
2021-07-21T13:28:41,200.0,32.8,S
2021-07-21T13:28:41,1300.0,32.8,S
2021-07-21T13:28:22,800.0,32.8,B
2021-07-21T13:28:16,200.0,32.8,B
2021-07-21T13:28:15,500.0,32.8,B
2021-07-21T13:28:01,5000.0,32.8,B
2021-07-21T13:27:58,500.0,32.75,S
2021-07-21T13:27:57,200.0,32.75,B
2021-07-21T13:27:55,3200.0,32.7,S
2021-07-21T13:27:54,100.0,32.75,B
2021-07-21T13:27:51,200.0,32.75,B
2021-07-21T13:27:38,1000.0,32.75,B
2021-07-21T13:27:31,1000.0,32.7,B
2021-07-21T13:27:28,10000.0,32.7,B
2021-07-21T13:27:25,500.0,32.7,B
2021-07-21T13:27:24,100.0,32.7,B
2021-07-21T13:27:20,1000.0,32.7,B
2021-07-21T13:27:19,5000.0,32.7,B
2021-07-21T13:27:09,1000.0,32.7,B
2021-07-21T13:27:07,100.0,32.7,B
2021-07-21T13:26:30,100.0,32.7,B
2021-07-21T13:26:28,800.0,32.7,B
2021-07-21T13:26:16,200.0,32.7,B
2021-07-21T13:26:03,3100.0,32.65,S
2021-07-21T13:25:54,3000.0,32.65,S
2021-07-21T13:25:33,800.0,32.65,S
2021-07-21T13:25:30,200.0,32.65,S
2021-07-21T13:24:47,100.0,32.65,S
2021-07-21T13:24:46,100.0,32.65,B
2021-07-21T13:24:46,400.0,32.65,B
2021-07-21T13:24:39,1200.0,32.65,B
2021-07-21T13:24:11,200.0,32.65,B
2021-07-21T13:23:45,3200.0,32.6,S
2021-07-21T13:23:38,3700.0,32.65,S
2021-07-21T13:23:33,600.0,32.65,S
2021-07-21T13:23:31,600.0,32.7,B
2021-07-21T13:23:29,200.0,32.65,S
2021-07-21T13:23:28,1000.0,32.65,S
2021-07-21T13:23:01,700.0,32.6,S
2021-07-21T13:22:56,200.0,32.65,B
2021-07-21T13:22:38,500.0,32.65,B
2021-07-21T13:22:07,200.0,32.65,B
2021-07-21T13:22:00,300.0,32.6,B
2021-07-21T13:21:58,500.0,32.6,S
2021-07-21T13:21:47,600.0,32.65,B
2021-07-21T13:21:47,100.0,32.65,B
2021-07-21T13:21:41,2200.0,32.5,S
2021-07-21T13:21:41,900.0,32.5,S
2021-07-21T13:21:37,300.0,32.5,S
2021-07-21T13:21:37,100.0,32.5,S
2021-07-21T13:21:37,100.0,32.55,S
2021-07-21T13:21:37,400.0,32.55,S
2021-07-21T13:21:37,3100.0,32.55,S
2021-07-21T13:21:37,300.0,32.55,S
2021-07-21T13:21:37,1200.0,32.6,S
2021-07-21T13:21:37,2500.0,32.6,S
2021-07-21T13:21:23,1000.0,32.65,B
2021-07-21T13:21:20,100.0,32.65,B
2021-07-21T13:21:09,100.0,32.65,B
2021-07-21T13:21:08,100.0,32.65,B
2021-07-21T13:20:33,1000.0,32.65,B
2021-07-21T13:20:25,1000.0,32.65,B
2021-07-21T13:19:57,200.0,32.65,B
2021-07-21T13:19:54,300.0,32.65,B
2021-07-21T13:19:39,100.0,32.65,B
2021-07-21T13:19:35,200.0,32.65,B
2021-07-21T13:19:33,900.0,32.65,S
2021-07-21T13:19:07,5600.0,32.7,S
2021-07-21T13:19:07,12300.0,32.7,S
2021-07-21T13:19:07,700.0,32.7,S
2021-07-21T13:19:07,5900.0,32.7,S
2021-07-21T13:18:44,100.0,32.75,S
2021-07-21T13:18:23,800.0,32.75,S
2021-07-21T13:18:17,1800.0,32.8,S
2021-07-21T13:18:06,600.0,32.8,S
2021-07-21T13:18:06,1100.0,32.8,S
2021-07-21T13:18:04,1000.0,32.8,S
2021-07-21T13:17:58,1400.0,32.8,S
2021-07-21T13:17:57,2200.0,32.8,S
2021-07-21T13:17:57,200.0,32.8,S
2021-07-21T13:17:57,1200.0,32.8,S
2021-07-21T13:17:57,100.0,32.8,S
2021-07-21T13:17:57,4900.0,32.8,S
2021-07-21T13:17:48,6800.0,32.8,S
2021-07-21T13:17:46,200.0,32.85,B
2021-07-21T13:17:30,3100.0,32.8,S
2021-07-21T13:16:49,100.0,32.85,B
2021-07-21T13:16:24,400.0,32.85,B
2021-07-21T13:16:18,500.0,32.8,S
2021-07-21T13:15:41,300.0,32.85,B
2021-07-21T13:15:24,1500.0,32.85,B
2021-07-21T13:15:19,1700.0,32.85,B
2021-07-21T13:14:56,100.0,32.85,S
2021-07-21T13:14:50,800.0,32.8,S
2021-07-21T13:14:46,100.0,32.9,B
2021-07-21T13:14:36,100.0,32.9,B
2021-07-21T13:13:40,200.0,32.9,B
2021-07-21T13:13:21,300.0,32.8,S
2021-07-21T13:13:14,3000.0,32.8,S
2021-07-21T13:13:11,3200.0,32.8,S
2021-07-21T13:13:03,10000.0,32.8,S
2021-07-21T13:13:01,1700.0,32.9,S
2021-07-21T13:12:52,1000.0,32.9,S
2021-07-21T13:12:44,500.0,32.9,S
2021-07-21T13:12:31,1900.0,32.9,S
2021-07-21T13:12:31,500.0,32.9,S
2021-07-21T13:12:29,1000.0,32.9,S
2021-07-21T13:12:24,200.0,32.9,S
2021-07-21T13:12:15,1000.0,32.9,S
2021-07-21T13:11:53,2200.0,32.9,S
2021-07-21T13:11:33,200.0,32.95,B
2021-07-21T13:11:28,700.0,32.9,S
2021-07-21T13:11:19,1000.0,32.9,S
2021-07-21T13:11:07,3100.0,32.9,S
2021-07-21T13:10:54,100.0,32.9,S
2021-07-21T13:10:01,100.0,33.0,B
2021-07-21T13:09:21,300.0,33.0,B
2021-07-21T13:09:01,1300.0,32.9,S
2021-07-21T13:09:01,1800.0,32.9,S
2021-07-21T13:08:50,100.0,33.0,B
2021-07-21T13:08:40,200.0,33.0,B
2021-07-21T13:07:51,200.0,32.9,S
2021-07-21T13:07:51,7800.0,32.9,S
2021-07-21T13:07:50,800.0,32.95,S
2021-07-21T13:07:45,1500.0,32.95,S
2021-07-21T13:07:43,800.0,32.95,S
2021-07-21T13:07:43,1300.0,32.95,S
2021-07-21T13:07:28,2400.0,32.95,S
2021-07-21T13:07:20,500.0,32.95,S
2021-07-21T13:07:18,200.0,33.0,B
2021-07-21T13:06:57,3100.0,32.95,S
2021-07-21T13:05:14,100.0,33.0,B
2021-07-21T13:05:12,300.0,33.0,B
2021-07-21T13:04:49,3200.0,32.95,S
2021-07-21T13:04:45,100.0,33.0,S
2021-07-21T13:04:34,1000.0,33.0,B
2021-07-21T13:04:30,300.0,33.0,S
2021-07-21T13:04:18,100.0,33.0,S
2021-07-21T13:04:15,800.0,32.95,S
2021-07-21T13:04:05,100.0,33.0,B
2021-07-21T13:03:38,200.0,33.0,B
2021-07-21T13:03:27,100.0,33.0,B
2021-07-21T13:03:23,900.0,33.0,S
2021-07-21T13:03:03,300.0,33.0,B
2021-07-21T13:03:00,800.0,33.0,S
2021-07-21T13:03:00,1300.0,33.0,S
2021-07-21T13:03:00,1900.0,33.0,S
2021-07-21T13:00:53,1300.0,33.05,S
2021-07-21T13:00:53,700.0,33.05,S
2021-07-21T13:00:49,300.0,33.1,B
2021-07-21T13:00:33,300.0,33.05,S
2021-07-21T13:00:10,600.0,33.1,B
2021-07-21T13:00:05,200.0,33.05,S
2021-07-21T13:00:05,800.0,33.05,B
2021-07-21T11:29:29,200.0,33.05,B
2021-07-21T11:28:08,100.0,33.05,B
2021-07-21T11:27:34,1200.0,33.05,S
2021-07-21T11:27:13,400.0,33.05,S
2021-07-21T11:26:48,100.0,33.1,B
2021-07-21T11:26:03,200.0,33.1,B
2021-07-21T11:25:43,3400.0,33.05,B
2021-07-21T11:25:33,6600.0,33.0,S
2021-07-21T11:25:24,2000.0,33.0,S
2021-07-21T11:25:24,400.0,33.0,S
2021-07-21T11:25:24,900.0,33.0,S
2021-07-21T11:24:45,500.0,33.05,B
2021-07-21T11:24:43,200.0,33.0,S
2021-07-21T11:24:33,100.0,33.0,S
2021-07-21T11:23:58,300.0,33.05,B
2021-07-21T11:23:43,800.0,33.0,S
2021-07-21T11:23:37,100.0,33.0,S
2021-07-21T11:23:19,3200.0,33.0,S
2021-07-21T11:22:33,500.0,33.0,S
2021-07-21T11:22:20,100.0,33.05,B
2021-07-21T11:21:53,300.0,33.05,B
2021-07-21T11:21:13,800.0,33.0,S
2021-07-21T11:21:09,3300.0,32.95,S
2021-07-21T11:21:03,9200.0,33.0,S
2021-07-21T11:20:42,3300.0,33.0,S
2021-07-21T11:20:14,100.0,33.05,B
2021-07-21T11:20:08,500.0,33.0,B
2021-07-21T11:20:03,300.0,33.0,S
2021-07-21T11:19:46,100.0,33.0,S
2021-07-21T11:19:46,200.0,33.0,S
2021-07-21T11:19:38,500.0,33.0,B
2021-07-21T11:19:25,3500.0,33.0,B
2021-07-21T11:19:15,100.0,33.0,S
2021-07-21T11:19:15,7600.0,33.0,S
2021-07-21T11:19:02,3200.0,33.0,S
2021-07-21T11:18:28,1000.0,33.05,B
2021-07-21T11:18:23,100.0,33.05,B
2021-07-21T11:18:18,100.0,33.05,B
2021-07-21T11:18:10,5000.0,33.05,B
2021-07-21T11:17:45,200.0,33.05,B
2021-07-21T11:17:33,100.0,33.0,S
2021-07-21T11:17:28,3000.0,33.0,S
2021-07-21T11:17:18,3300.0,33.0,S
2021-07-21T11:17:14,100.0,33.0,S
2021-07-21T11:17:08,300.0,33.0,S
2021-07-21T11:16:56,3200.0,33.0,S
2021-07-21T11:16:50,100.0,33.0,S
2021-07-21T11:16:40,100.0,33.0,S
2021-07-21T11:16:36,100.0,33.0,S
2021-07-21T11:16:25,800.0,33.0,S
2021-07-21T11:16:13,2000.0,33.05,B
2021-07-21T11:16:09,3300.0,33.0,S
2021-07-21T11:15:59,500.0,33.0,S
2021-07-21T11:15:53,1000.0,33.0,S
2021-07-21T11:15:44,200.0,33.05,B
2021-07-21T11:15:40,100.0,33.0,S
2021-07-21T11:15:36,3300.0,33.0,S
2021-07-21T11:15:05,800.0,33.0,S
2021-07-21T11:15:01,500.0,33.0,S
2021-07-21T11:14:51,3100.0,33.0,S
2021-07-21T11:14:51,100.0,33.0,S
2021-07-21T11:14:10,900.0,33.0,B
2021-07-21T11:13:43,200.0,33.0,B
2021-07-21T11:12:53,800.0,32.95,S
2021-07-21T11:12:45,3200.0,32.95,S
2021-07-21T11:12:11,1300.0,32.95,S
2021-07-21T11:11:39,200.0,33.0,B
2021-07-21T11:11:25,300.0,33.0,S
2021-07-21T11:11:22,500.0,33.0,S
2021-07-21T11:11:13,200.0,33.0,S
2021-07-21T11:11:13,1800.0,33.0,S
2021-07-21T11:11:09,4700.0,33.0,S
2021-07-21T11:11:09,100.0,33.0,S
2021-07-21T11:11:09,200.0,33.0,S
2021-07-21T11:10:52,1300.0,33.0,S
2021-07-21T11:10:52,5100.0,33.0,S
2021-07-21T11:10:52,1100.0,33.0,S
2021-07-21T11:10:52,300.0,33.0,S
2021-07-21T11:10:52,500.0,33.0,S
2021-07-21T11:10:51,3000.0,33.0,S
2021-07-21T11:10:43,200.0,33.0,S
2021-07-21T11:10:43,400.0,33.0,S
2021-07-21T11:10:43,1100.0,33.0,S
2021-07-21T11:10:43,1000.0,33.0,S
2021-07-21T11:10:43,300.0,33.0,S
2021-07-21T11:10:43,200.0,33.0,S
2021-07-21T11:10:43,1300.0,33.0,S
2021-07-21T11:10:43,10100.0,33.0,S
2021-07-21T11:10:43,8400.0,33.0,S
2021-07-21T11:10:36,1000.0,33.0,S
2021-07-21T11:10:34,100.0,33.0,S
2021-07-21T11:10:34,5000.0,33.0,S
2021-07-21T11:10:10,7200.0,33.0,S
2021-07-21T11:10:10,1000.0,33.0,S
2021-07-21T11:10:10,200.0,33.0,S
2021-07-21T11:10:10,2000.0,33.0,S
2021-07-21T11:10:00,1600.0,33.0,S
2021-07-21T11:09:48,2900.0,33.0,S
2021-07-21T11:09:40,400.0,33.0,S
2021-07-21T11:09:40,300.0,33.0,S
2021-07-21T11:09:40,6200.0,33.0,S
2021-07-21T11:09:39,1600.0,33.0,S
2021-07-21T11:09:28,300.0,33.05,B
2021-07-21T11:09:26,100.0,33.05,B
2021-07-21T11:09:25,1700.0,33.0,S
2021-07-21T11:09:25,800.0,33.0,S
2021-07-21T11:09:25,1100.0,33.0,S
2021-07-21T11:09:25,1400.0,33.0,S
2021-07-21T11:09:25,1200.0,33.0,S
2021-07-21T11:09:23,100.0,33.0,S
2021-07-21T11:09:23,700.0,33.0,S
2021-07-21T11:09:18,1100.0,33.0,S
2021-07-21T11:08:56,200.0,33.0,S
2021-07-21T11:08:56,3200.0,33.0,S
2021-07-21T11:08:48,100.0,33.0,S
2021-07-21T11:08:35,1000.0,33.0,S
2021-07-21T11:08:31,200.0,33.0,S
2021-07-21T11:08:14,1000.0,33.0,S
2021-07-21T11:08:08,4500.0,33.0,S
2021-07-21T11:08:04,3000.0,33.0,S
2021-07-21T11:07:53,200.0,33.0,S
2021-07-21T11:07:35,200.0,33.05,B
2021-07-21T11:07:28,3000.0,33.0,S
2021-07-21T11:07:26,200.0,33.05,B
2021-07-21T11:07:19,1000.0,33.05,B
2021-07-21T11:06:44,1000.0,33.05,S
2021-07-21T11:06:44,500.0,33.05,S
2021-07-21T11:06:44,200.0,33.05,S
2021-07-21T11:06:42,200.0,33.05,S
2021-07-21T11:06:41,2300.0,33.05,S
2021-07-21T11:06:40,2000.0,33.05,S
2021-07-21T11:06:35,1000.0,33.05,S
2021-07-21T11:06:33,6800.0,33.05,S
2021-07-21T11:06:11,1600.0,33.05,S
2021-07-21T11:06:03,19800.0,33.05,S
2021-07-21T11:05:56,500.0,33.05,S
2021-07-21T11:05:56,300.0,33.05,S
2021-07-21T11:05:51,700.0,33.05,S
2021-07-21T11:05:24,1300.0,33.05,S
2021-07-21T11:05:24,300.0,33.05,S
2021-07-21T11:05:24,600.0,33.05,S
2021-07-21T11:05:24,200.0,33.1,B
2021-07-21T11:05:24,4500.0,33.05,S
2021-07-21T11:04:57,200.0,33.05,S
2021-07-21T11:04:37,3200.0,33.05,S
2021-07-21T11:03:19,400.0,33.1,B
2021-07-21T11:03:16,300.0,33.15,B
2021-07-21T11:03:14,200.0,33.1,S
2021-07-21T11:03:11,3100.0,33.1,S
2021-07-21T11:03:09,100.0,33.1,S
2021-07-21T11:03:03,1500.0,33.1,S
2021-07-21T11:03:02,2300.0,33.1,S
2021-07-21T11:02:33,3100.0,33.1,S
2021-07-21T11:02:28,100.0,33.1,S
2021-07-21T11:02:26,800.0,33.1,S
2021-07-21T11:02:19,2500.0,33.1,S
2021-07-21T11:02:19,500.0,33.1,S
2021-07-21T11:02:10,300.0,33.1,S
2021-07-21T11:01:58,100.0,33.1,S
2021-07-21T11:01:45,600.0,33.1,S
2021-07-21T11:01:45,2900.0,33.1,S
2021-07-21T11:01:45,3500.0,33.1,S
2021-07-21T11:01:45,1000.0,33.1,S
2021-07-21T11:01:27,1500.0,33.1,S
2021-07-21T11:01:26,1000.0,33.1,S
2021-07-21T11:01:14,200.0,33.15,B
2021-07-21T11:00:49,4600.0,33.1,S
2021-07-21T11:00:44,100.0,33.1,S
2021-07-21T11:00:28,3200.0,33.1,S
2021-07-21T10:59:23,4600.0,33.1,S
2021-07-21T10:59:05,200.0,33.15,B
2021-07-21T10:59:03,700.0,33.1,S
2021-07-21T10:58:23,3200.0,33.1,S
2021-07-21T10:56:58,300.0,33.15,B
2021-07-21T10:56:19,3200.0,33.1,S
2021-07-21T10:55:33,800.0,33.1,S
2021-07-21T10:55:07,4600.0,33.1,S
2021-07-21T10:54:57,200.0,33.15,B
2021-07-21T10:54:09,3300.0,33.1,S
2021-07-21T10:52:47,300.0,33.15,B
2021-07-21T10:52:43,4500.0,33.1,S
2021-07-21T10:52:31,700.0,33.15,B
2021-07-21T10:52:07,800.0,33.1,S
2021-07-21T10:52:05,4600.0,33.1,S
2021-07-21T10:52:02,3200.0,33.1,S
2021-07-21T10:51:57,100.0,33.15,B
2021-07-21T10:51:49,500.0,33.15,B
2021-07-21T10:51:42,100.0,33.15,B
2021-07-21T10:51:25,5000.0,33.15,B
2021-07-21T10:50:41,300.0,33.15,B
2021-07-21T10:50:37,4000.0,33.1,S
2021-07-21T10:50:31,5000.0,33.15,B
2021-07-21T10:50:01,3100.0,33.1,S
2021-07-21T10:48:42,800.0,33.1,S
2021-07-21T10:48:31,300.0,33.15,B
2021-07-21T10:47:56,3200.0,33.1,S
2021-07-21T10:47:53,200.0,33.1,S
2021-07-21T10:47:15,500.0,33.15,B
2021-07-21T10:47:01,200.0,33.15,B
2021-07-21T10:46:56,200.0,33.15,B
2021-07-21T10:46:27,200.0,33.15,B
2021-07-21T10:45:55,3000.0,33.1,S
2021-07-21T10:45:43,100.0,33.15,B
2021-07-21T10:45:36,1000.0,33.15,B
2021-07-21T10:45:21,700.0,33.1,S
2021-07-21T10:45:14,200.0,33.1,S
2021-07-21T10:45:14,200.0,33.1,S
2021-07-21T10:45:14,2500.0,33.1,S
2021-07-21T10:45:03,400.0,33.1,S
2021-07-21T10:45:02,100.0,33.1,S
2021-07-21T10:44:48,9200.0,33.1,S
2021-07-21T10:44:38,1000.0,33.1,S
2021-07-21T10:44:34,6200.0,33.1,S
2021-07-21T10:44:34,3000.0,33.1,S
2021-07-21T10:44:18,300.0,33.2,B
2021-07-21T10:43:51,4600.0,33.1,S
2021-07-21T10:43:49,3200.0,33.1,S
2021-07-21T10:43:43,9200.0,33.1,S
2021-07-21T10:43:39,400.0,33.15,B
2021-07-21T10:43:05,100.0,33.15,B
2021-07-21T10:42:58,9200.0,33.1,S
2021-07-21T10:42:19,9200.0,33.1,S
2021-07-21T10:42:08,300.0,33.15,B
2021-07-21T10:41:53,5100.0,33.1,S
2021-07-21T10:41:53,100.0,33.15,S
2021-07-21T10:41:53,4000.0,33.15,S
2021-07-21T10:41:39,3300.0,33.15,S
2021-07-21T10:41:32,9200.0,33.15,S
2021-07-21T10:41:06,700.0,33.2,B
2021-07-21T10:39:56,300.0,33.2,B
2021-07-21T10:39:38,3000.0,33.15,S
2021-07-21T10:39:23,1100.0,33.2,B
2021-07-21T10:39:23,3400.0,33.2,B
2021-07-21T10:38:19,800.0,33.15,S
2021-07-21T10:37:45,300.0,33.2,B
2021-07-21T10:37:45,10000.0,33.15,S
2021-07-21T10:37:36,3100.0,33.15,S
2021-07-21T10:37:28,100.0,33.15,S
2021-07-21T10:37:23,1000.0,33.2,B
2021-07-21T10:35:51,500.0,33.2,B
2021-07-21T10:35:51,1500.0,33.2,B
2021-07-21T10:35:38,300.0,33.2,B
2021-07-21T10:35:36,800.0,33.2,S
2021-07-21T10:35:03,1500.0,33.3,B
2021-07-21T10:35:03,2800.0,33.3,B
2021-07-21T10:35:03,700.0,33.25,B
2021-07-21T10:35:03,100.0,33.2,S
2021-07-21T10:35:03,100.0,33.2,S
2021-07-21T10:34:48,800.0,33.1,S
2021-07-21T10:34:41,300.0,33.2,S
2021-07-21T10:34:26,10000.0,33.2,B
2021-07-21T10:33:33,200.0,33.2,B
2021-07-21T10:33:29,3200.0,33.1,S
2021-07-21T10:33:09,200.0,33.1,S
2021-07-21T10:32:40,300.0,33.2,B
2021-07-21T10:32:09,100.0,33.1,B
2021-07-21T10:31:43,2600.0,33.05,S
2021-07-21T10:31:43,700.0,33.05,S
2021-07-21T10:31:28,200.0,33.05,S
2021-07-21T10:31:22,300.0,33.1,B
2021-07-21T10:31:11,800.0,33.05,S
2021-07-21T10:30:03,100.0,33.05,S
2021-07-21T10:30:02,100.0,33.05,S
2021-07-21T10:29:48,2300.0,33.05,S
2021-07-21T10:29:38,1000.0,33.1,B
2021-07-21T10:29:38,200.0,33.1,S
2021-07-21T10:29:38,500.0,33.1,S
2021-07-21T10:29:38,200.0,33.1,S
2021-07-21T10:29:38,800.0,33.1,S
2021-07-21T10:29:20,200.0,33.2,B
2021-07-21T10:28:52,100.0,33.1,S
2021-07-21T10:28:12,2000.0,33.1,S
2021-07-21T10:27:35,300.0,33.1,S
2021-07-21T10:27:35,500.0,33.1,S
2021-07-21T10:27:31,3200.0,33.1,S
2021-07-21T10:27:27,500.0,33.1,S
2021-07-21T10:27:10,300.0,33.2,B
2021-07-21T10:25:22,3300.0,33.1,S
2021-07-21T10:25:21,1000.0,33.2,B
2021-07-21T10:25:08,200.0,33.2,B
2021-07-21T10:25:02,200.0,33.1,S
2021-07-21T10:24:58,2300.0,33.1,B
2021-07-21T10:24:09,800.0,33.05,S
2021-07-21T10:23:32,200.0,33.1,B
2021-07-21T10:23:14,2900.0,33.1,S
2021-07-21T10:23:02,200.0,33.2,B
2021-07-21T10:22:25,2200.0,33.1,S
2021-07-21T10:21:38,1000.0,33.1,B
2021-07-21T10:21:25,500.0,33.1,B
2021-07-21T10:21:00,1800.0,33.1,S
2021-07-21T10:20:58,200.0,33.2,S
2021-07-21T10:20:50,100.0,33.2,B
2021-07-21T10:20:38,100.0,33.1,S
2021-07-21T10:20:38,700.0,33.1,S
2021-07-21T10:19:18,200.0,33.2,B
2021-07-21T10:18:50,3100.0,33.2,S
2021-07-21T10:18:40,300.0,33.25,B
2021-07-21T10:18:33,200.0,33.2,B
2021-07-21T10:17:39,1500.0,33.1,S
2021-07-21T10:17:20,1000.0,33.1,S
2021-07-21T10:17:20,800.0,33.1,B
2021-07-21T10:17:01,800.0,33.05,S
2021-07-21T10:16:56,500.0,33.05,S
2021-07-21T10:16:40,3300.0,33.05,S
2021-07-21T10:16:36,100.0,33.05,B
2021-07-21T10:16:36,2300.0,33.05,B
2021-07-21T10:16:28,300.0,33.05,B
2021-07-21T10:16:13,500.0,33.0,S
2021-07-21T10:16:11,200.0,33.0,S
2021-07-21T10:15:51,2300.0,33.0,S
2021-07-21T10:15:05,300.0,33.05,B
2021-07-21T10:15:02,8800.0,33.0,S
2021-07-21T10:15:02,400.0,33.0,S
2021-07-21T10:14:30,400.0,33.05,S
2021-07-21T10:14:25,200.0,33.1,B
2021-07-21T10:13:51,200.0,33.1,B
2021-07-21T10:13:41,1000.0,33.1,B
2021-07-21T10:13:27,800.0,33.0,S
2021-07-21T10:13:16,700.0,33.1,B
2021-07-21T10:13:05,8800.0,33.0,S
2021-07-21T10:13:05,100.0,33.0,S
2021-07-21T10:13:05,300.0,33.0,S
2021-07-21T10:12:55,100.0,33.05,S
2021-07-21T10:12:28,9200.0,33.0,S
2021-07-21T10:12:19,3000.0,33.05,S
2021-07-21T10:12:19,200.0,33.05,S
2021-07-21T10:12:18,300.0,33.1,B
2021-07-21T10:12:02,2000.0,33.05,S
2021-07-21T10:11:25,1000.0,33.05,S
2021-07-21T10:11:23,100.0,33.05,S
2021-07-21T10:10:55,9200.0,33.05,S
2021-07-21T10:10:38,300.0,33.1,B
2021-07-21T10:10:21,9200.0,33.05,S
2021-07-21T10:10:14,300.0,33.1,B
2021-07-21T10:10:10,3300.0,33.05,S
2021-07-21T10:10:01,800.0,33.05,S
2021-07-21T10:08:58,900.0,33.05,S
2021-07-21T10:08:51,2900.0,33.05,S
2021-07-21T10:08:42,800.0,33.05,S
2021-07-21T10:08:35,2000.0,33.05,S
2021-07-21T10:08:18,1700.0,33.05,S
2021-07-21T10:08:10,2400.0,33.05,S
2021-07-21T10:08:10,3100.0,33.05,S
2021-07-21T10:08:09,600.0,33.1,B
2021-07-21T10:08:06,300.0,33.1,B
2021-07-21T10:08:03,3200.0,33.05,S
2021-07-21T10:07:54,300.0,33.05,S
2021-07-21T10:07:33,300.0,33.1,B
2021-07-21T10:07:31,400.0,33.05,S
2021-07-21T10:07:26,100.0,33.1,B
2021-07-21T10:07:08,9200.0,33.05,S
2021-07-21T10:06:57,5000.0,33.1,B
2021-07-21T10:06:42,500.0,33.05,S
2021-07-21T10:06:38,700.0,33.05,S
2021-07-21T10:06:09,200.0,33.1,S
2021-07-21T10:05:57,300.0,33.3,B
2021-07-21T10:05:45,9200.0,33.05,S
2021-07-21T10:05:17,300.0,33.1,S
2021-07-21T10:05:17,200.0,33.1,S
2021-07-21T10:05:17,1800.0,33.1,S
2021-07-21T10:05:02,100.0,33.1,S
2021-07-21T10:04:56,200.0,33.1,S
2021-07-21T10:04:56,9000.0,33.1,S
2021-07-21T10:04:08,3000.0,33.1,S
2021-07-21T10:04:08,100.0,33.1,S
2021-07-21T10:04:08,6100.0,33.1,S
2021-07-21T10:04:03,3200.0,33.1,S
2021-07-21T10:03:52,300.0,33.3,B
2021-07-21T10:03:22,1600.0,33.1,S
2021-07-21T10:03:22,1500.0,33.1,S
2021-07-21T10:03:22,200.0,33.15,S
2021-07-21T10:03:22,5900.0,33.15,S
2021-07-21T10:03:01,800.0,33.25,S
2021-07-21T10:02:35,200.0,33.25,S
2021-07-21T10:02:35,3000.0,33.25,S
2021-07-21T10:01:56,3200.0,33.25,S
2021-07-21T10:01:50,200.0,33.35,B
2021-07-21T10:01:38,2300.0,33.25,S
2021-07-21T10:00:50,2300.0,33.15,S
2021-07-21T10:00:43,2000.0,33.2,S
2021-07-21T10:00:33,200.0,33.2,B
2021-07-21T10:00:33,2900.0,33.2,B
2021-07-21T10:00:08,400.0,33.15,S
2021-07-21T09:59:51,300.0,33.2,S
2021-07-21T09:59:40,300.0,33.35,B
2021-07-21T09:59:38,100.0,33.2,S
2021-07-21T09:59:28,700.0,33.2,S
2021-07-21T09:59:28,100.0,33.2,S
2021-07-21T09:58:28,500.0,33.2,S
2021-07-21T09:58:03,100.0,33.2,B
2021-07-21T09:57:47,1500.0,33.2,S
2021-07-21T09:57:47,1000.0,33.2,S
2021-07-21T09:57:28,300.0,33.4,B
2021-07-21T09:56:44,800.0,33.4,B
2021-07-21T09:56:44,1000.0,33.4,B
2021-07-21T09:56:44,600.0,33.4,B
2021-07-21T09:56:44,3900.0,33.4,B
2021-07-21T09:56:44,2000.0,33.4,B
2021-07-21T09:56:44,500.0,33.4,B
2021-07-21T09:56:44,700.0,33.4,B
2021-07-21T09:56:27,800.0,33.4,B
2021-07-21T09:56:16,1000.0,33.4,B
2021-07-21T09:56:10,9000.0,33.4,B
2021-07-21T09:55:57,800.0,33.15,S
2021-07-21T09:55:37,200.0,33.2,B
2021-07-21T09:55:36,3000.0,33.2,B
2021-07-21T09:55:18,300.0,33.35,B
2021-07-21T09:55:10,3700.0,33.35,B
2021-07-21T09:55:10,300.0,33.2,B
2021-07-21T09:55:01,100.0,33.1,S
2021-07-21T09:54:59,200.0,33.1,S
2021-07-21T09:54:55,1100.0,33.1,S
2021-07-21T09:54:52,1100.0,33.1,S
2021-07-21T09:54:49,400.0,33.1,S
2021-07-21T09:54:49,700.0,33.2,S
2021-07-21T09:54:45,1100.0,33.2,S
2021-07-21T09:54:30,200.0,33.2,S
2021-07-21T09:54:27,800.0,33.1,S
2021-07-21T09:54:27,300.0,33.15,S
2021-07-21T09:54:22,1100.0,33.15,S
2021-07-21T09:54:19,1100.0,33.2,S
2021-07-21T09:54:12,1100.0,33.2,S
2021-07-21T09:53:45,1100.0,33.1,S
2021-07-21T09:53:40,1100.0,33.1,S
2021-07-21T09:53:34,1100.0,33.1,S
2021-07-21T09:53:34,3100.0,33.1,S
2021-07-21T09:53:28,1100.0,33.15,S
2021-07-21T09:53:21,200.0,33.15,S
2021-07-21T09:53:13,300.0,33.4,B
2021-07-21T09:52:28,800.0,33.1,S
2021-07-21T09:52:12,1000.0,33.4,B
2021-07-21T09:51:33,3100.0,33.1,S
2021-07-21T09:51:13,200.0,33.4,B
2021-07-21T09:50:03,100.0,33.1,S
2021-07-21T09:49:33,3000.0,33.1,S
2021-07-21T09:49:18,100.0,33.4,B
2021-07-21T09:49:07,700.0,33.05,S
2021-07-21T09:49:02,300.0,33.45,B
2021-07-21T09:48:43,600.0,33.4,B
2021-07-21T09:48:43,500.0,33.4,B
2021-07-21T09:48:43,2000.0,33.4,B
2021-07-21T09:48:43,3200.0,33.4,B
2021-07-21T09:48:43,200.0,33.4,B
2021-07-21T09:48:43,3800.0,33.4,B
2021-07-21T09:48:43,600.0,33.4,B
2021-07-21T09:48:43,2500.0,33.4,B
2021-07-21T09:48:43,1700.0,33.4,B
2021-07-21T09:48:43,3200.0,33.4,B
2021-07-21T09:48:43,100.0,33.35,B
2021-07-21T09:48:43,16300.0,33.3,B
2021-07-21T09:48:39,5000.0,33.0,S
2021-07-21T09:48:33,200.0,33.05,B
2021-07-21T09:47:53,500.0,33.05,B
2021-07-21T09:47:51,200.0,33.05,B
2021-07-21T09:47:49,500.0,33.05,B
2021-07-21T09:47:45,200.0,33.05,B
2021-07-21T09:47:35,100.0,33.05,B
2021-07-21T09:47:34,1000.0,33.05,B
2021-07-21T09:47:25,200.0,33.05,S
2021-07-21T09:47:25,300.0,33.05,S
2021-07-21T09:47:16,2000.0,33.05,S
2021-07-21T09:47:16,7200.0,33.05,S
2021-07-21T09:47:02,200.0,33.2,B
2021-07-21T09:46:24,9200.0,33.05,S
2021-07-21T09:46:11,800.0,33.1,B
2021-07-21T09:46:06,200.0,33.05,S
2021-07-21T09:45:34,800.0,33.05,S
2021-07-21T09:45:32,1000.0,33.1,B
2021-07-21T09:45:25,1000.0,33.1,S
2021-07-21T09:45:25,200.0,33.1,S
2021-07-21T09:44:51,300.0,33.2,B
2021-07-21T09:44:42,200.0,33.1,B
2021-07-21T09:44:34,1000.0,33.1,B
2021-07-21T09:44:33,100.0,33.1,B
2021-07-21T09:44:32,200.0,33.1,B
2021-07-21T09:44:22,1000.0,33.1,B
2021-07-21T09:44:13,1000.0,33.1,B
2021-07-21T09:43:50,1500.0,33.1,B
2021-07-21T09:43:20,1800.0,33.05,S
2021-07-21T09:43:20,200.0,33.05,S
2021-07-21T09:43:20,500.0,33.05,S
2021-07-21T09:43:20,600.0,33.05,S
2021-07-21T09:43:16,500.0,33.1,S
2021-07-21T09:43:09,200.0,33.1,S
2021-07-21T09:42:47,200.0,33.1,S
2021-07-21T09:42:39,300.0,33.2,B
2021-07-21T09:42:33,800.0,33.1,B
2021-07-21T09:41:29,800.0,33.05,S
2021-07-21T09:41:29,4000.0,33.05,S
2021-07-21T09:41:29,200.0,33.05,S
2021-07-21T09:41:18,3100.0,33.05,S
2021-07-21T09:41:08,200.0,33.05,S
2021-07-21T09:40:48,1000.0,33.05,S
2021-07-21T09:40:38,200.0,33.1,B
2021-07-21T09:40:02,100.0,33.05,S
2021-07-21T09:39:32,200.0,33.05,S
2021-07-21T09:39:29,2000.0,33.05,S
2021-07-21T09:39:12,3200.0,33.05,S
2021-07-21T09:39:08,1100.0,33.1,B
2021-07-21T09:38:57,9200.0,33.05,S
2021-07-21T09:38:36,300.0,33.1,B
2021-07-21T09:38:14,800.0,33.1,S
2021-07-21T09:37:56,100.0,33.1,S
2021-07-21T09:37:37,100.0,33.1,S
2021-07-21T09:37:23,3600.0,33.05,S
2021-07-21T09:37:00,9200.0,33.05,S
2021-07-21T09:36:51,500.0,33.15,B
2021-07-21T09:36:28,300.0,33.15,B
2021-07-21T09:36:21,9200.0,33.05,S
2021-07-21T09:36:08,6100.0,33.05,S
2021-07-21T09:36:08,3100.0,33.1,S
2021-07-21T09:35:37,1200.0,33.15,B
2021-07-21T09:35:35,600.0,33.1,S
2021-07-21T09:35:23,600.0,33.15,S
2021-07-21T09:34:49,9200.0,33.1,S
2021-07-21T09:34:39,500.0,33.3,B
2021-07-21T09:34:36,3000.0,33.3,B
2021-07-21T09:34:29,200.0,33.3,B
2021-07-21T09:34:17,100.0,33.1,S
2021-07-21T09:33:48,9200.0,33.05,S
2021-07-21T09:33:43,500.0,33.3,S
2021-07-21T09:33:14,2100.0,33.05,S
2021-07-21T09:33:14,300.0,33.05,S
2021-07-21T09:33:14,200.0,33.05,S
2021-07-21T09:33:14,2000.0,33.05,S
2021-07-21T09:33:11,3300.0,33.3,S
2021-07-21T09:33:07,100.0,33.4,B
2021-07-21T09:33:04,400.0,33.3,S
2021-07-21T09:32:55,9200.0,33.3,S
2021-07-21T09:32:26,200.0,33.4,B
2021-07-21T09:32:22,9200.0,33.3,S
2021-07-21T09:32:00,800.0,33.3,B
2021-07-21T09:31:57,300.0,33.3,B
2021-07-21T09:31:47,200.0,33.3,B
2021-07-21T09:31:24,100.0,33.3,B
2021-07-21T09:31:21,100.0,33.3,B
2021-07-21T09:31:07,300.0,33.3,S
2021-07-21T09:31:07,2300.0,33.3,S
2021-07-21T09:31:07,9200.0,33.3,S
2021-07-21T09:30:29,100.0,33.4,S
2021-07-21T09:30:29,3700.0,33.4,S
2021-07-21T09:30:26,1000.0,33.5,B
2021-07-21T09:30:18,300.0,33.5,B
2021-07-21T09:30:17,1300.0,33.4,S
2021-07-21T09:30:17,100.0,33.4,S
2021-07-21T09:30:17,100.0,33.4,S
2021-07-21T09:30:02,100.0,33.4,S
2021-07-21T09:29:44,1900.0,33.4,B
2021-07-21T09:29:32,600.0,33.4,B
2021-07-21T09:29:24,1500.0,33.4,B
2021-07-21T09:29:24,100.0,33.4,B
2021-07-21T09:29:24,400.0,33.4,B
2021-07-21T09:29:20,1000.0,33.4,B
2021-07-21T09:29:09,4600.0,33.3,S
2021-07-21T09:29:00,3200.0,33.3,S
2021-07-21T09:28:40,400.0,33.4,B
2021-07-21T09:28:34,2000.0,33.4,B
2021-07-21T09:28:25,900.0,33.4,B
2021-07-21T09:28:24,300.0,33.4,B
2021-07-21T09:28:21,2000.0,33.35,B
2021-07-21T09:28:17,1000.0,33.35,B
2021-07-21T09:27:56,500.0,33.3,S
2021-07-21T09:27:41,100.0,33.3,S
2021-07-21T09:27:35,4600.0,33.3,S
2021-07-21T09:27:20,4000.0,33.35,S
2021-07-21T09:27:13,1500.0,33.35,S
2021-07-21T09:26:55,300.0,33.3,S
2021-07-21T09:26:54,2300.0,33.3,S
2021-07-21T09:26:51,3300.0,33.3,S
2021-07-21T09:26:47,600.0,33.35,B
2021-07-21T09:26:44,400.0,33.3,S
2021-07-21T09:26:43,200.0,33.3,S
2021-07-21T09:26:39,1100.0,33.3,S
2021-07-21T09:26:38,100.0,33.3,S
2021-07-21T09:26:35,100.0,33.3,S
2021-07-21T09:26:34,1100.0,33.3,S
2021-07-21T09:26:34,1000.0,33.3,S
2021-07-21T09:26:29,1100.0,33.3,S
2021-07-21T09:26:25,22900.0,33.3,B
2021-07-21T09:26:20,1100.0,33.0,S
2021-07-21T09:26:09,200.0,33.0,S
2021-07-21T09:26:05,1100.0,33.0,S
2021-07-21T09:25:59,1100.0,33.0,S
2021-07-21T09:25:54,1100.0,33.0,S
2021-07-21T09:25:29,1100.0,33.0,S
2021-07-21T09:25:17,200.0,33.0,S
2021-07-21T09:25:13,1100.0,33.0,S
2021-07-21T09:25:08,1100.0,33.0,S
2021-07-21T09:25:03,4300.0,33.0,S
2021-07-21T09:25:02,200.0,33.0,S
2021-07-21T09:24:57,1100.0,33.0,S
2021-07-21T09:24:51,300.0,33.2,B
2021-07-21T09:24:49,1200.0,33.2,B
2021-07-21T09:24:45,200.0,33.0,S
2021-07-21T09:24:40,1100.0,33.0,S
2021-07-21T09:24:39,500.0,33.1,S
2021-07-21T09:24:35,1100.0,33.0,S
2021-07-21T09:24:29,1100.0,33.0,S
2021-07-21T09:24:23,1100.0,33.0,S
2021-07-21T09:24:10,200.0,33.0,S
2021-07-21T09:24:05,1100.0,33.0,S
2021-07-21T09:24:02,3800.0,33.0,S
2021-07-21T09:24:00,1100.0,33.1,S
2021-07-21T09:23:54,1100.0,33.0,S
2021-07-21T09:23:49,1100.0,33.0,S
2021-07-21T09:23:33,200.0,33.0,S
2021-07-21T09:23:28,1100.0,33.0,S
2021-07-21T09:23:27,1100.0,33.0,S
2021-07-21T09:23:17,1100.0,33.0,S
2021-07-21T09:23:04,1100.0,33.0,S
2021-07-21T09:22:59,1400.0,33.2,S
2021-07-21T09:22:52,100.0,33.2,B
2021-07-21T09:22:35,100.0,33.2,B
2021-07-21T09:22:17,5000.0,33.2,B
2021-07-21T09:21:59,500.0,33.2,B
2021-07-21T09:21:08,1200.0,33.2,B
2021-07-21T09:21:02,200.0,33.0,S
2021-07-21T09:21:02,2900.0,33.0,S
2021-07-21T09:20:58,3100.0,33.0,S
2021-07-21T09:20:36,400.0,33.2,B
2021-07-21T09:20:36,1000.0,33.2,B
2021-07-21T09:20:36,8200.0,33.2,B
2021-07-21T09:20:35,3100.0,33.0,S
2021-07-21T09:19:46,3100.0,33.0,S
2021-07-21T09:19:19,24200.0,33.3,B
2021-07-21T09:19:19,100.0,33.15,B
2021-07-21T09:19:06,100.0,33.0,S
2021-07-21T09:19:05,3100.0,33.0,S
2021-07-21T09:19:03,100.0,33.25,B
2021-07-21T09:18:59,3000.0,33.0,S
2021-07-21T09:18:59,100.0,33.05,B
2021-07-21T09:18:41,3100.0,33.0,S
2021-07-21T09:18:31,100.0,33.0,S
2021-07-21T09:18:18,3100.0,33.0,S
2021-07-21T09:17:46,3100.0,33.0,S
2021-07-21T09:17:46,4000.0,33.05,B
2021-07-21T09:17:38,300.0,33.05,B
2021-07-21T09:17:37,300.0,33.05,B
2021-07-21T09:17:18,200.0,33.05,B
2021-07-21T09:17:12,3100.0,33.0,S
2021-07-21T09:17:11,200.0,33.05,S
2021-07-21T09:17:11,600.0,33.05,S
2021-07-21T09:17:11,3300.0,33.05,S
2021-07-21T09:17:04,3100.0,33.05,S
2021-07-21T09:16:55,500.0,33.05,S
2021-07-21T09:16:53,3100.0,33.05,S
2021-07-21T09:16:51,2300.0,33.05,S
2021-07-21T09:16:29,3100.0,33.05,S
2021-07-21T09:16:14,2300.0,33.1,S
2021-07-21T09:16:13,4600.0,33.1,S
2021-07-21T09:16:07,5000.0,33.2,S
2021-07-21T09:16:05,500.0,33.35,B
2021-07-21T09:15:40,100.0,33.35,S
2021-07-21T09:15:33,500.0,33.35,S
2021-07-21T09:15:30,1100.0,33.35,S
2021-07-21T09:15:24,1000.0,33.35,S
2021-07-21T09:15:11,2300.0,33.35,B
2021-07-21T09:15:11,100.0,33.3,S
