tradingTime,volume,price,side
2021-07-21T14:29:51,800.0,22.4,B
2021-07-21T14:29:34,700.0,22.4,B
2021-07-21T14:29:34,5000.0,22.4,B
2021-07-21T14:29:22,2900.0,22.4,S
2021-07-21T14:28:59,1000.0,22.4,B
2021-07-21T14:28:45,3400.0,22.4,S
2021-07-21T14:28:30,4000.0,22.5,B
2021-07-21T14:28:06,1500.0,22.4,B
2021-07-21T14:28:03,200.0,22.4,S
2021-07-21T14:28:03,8300.0,22.4,S
2021-07-21T14:27:45,200.0,22.5,B
2021-07-21T14:27:34,100.0,22.4,S
2021-07-21T14:26:42,1100.0,22.4,B
2021-07-21T14:26:41,1200.0,22.4,S
2021-07-21T14:26:38,3900.0,22.4,B
2021-07-21T14:26:31,1000.0,22.4,B
2021-07-21T14:26:17,1000.0,22.4,B
2021-07-21T14:25:53,2800.0,22.35,S
2021-07-21T14:25:52,100.0,22.4,B
2021-07-21T14:25:29,2500.0,22.4,B
2021-07-21T14:25:24,200.0,22.4,S
2021-07-21T14:25:24,1200.0,22.4,S
2021-07-21T14:25:24,500.0,22.4,S
2021-07-21T14:25:24,800.0,22.4,S
2021-07-21T14:25:24,3800.0,22.4,S
2021-07-21T14:24:55,100.0,22.5,B
2021-07-21T14:24:10,10000.0,22.4,S
2021-07-21T14:23:47,100.0,22.4,S
2021-07-21T14:23:46,1000.0,22.4,B
2021-07-21T14:23:40,2000.0,22.4,B
2021-07-21T14:23:38,500.0,22.4,B
2021-07-21T14:23:25,100.0,22.4,B
2021-07-21T14:23:23,800.0,22.4,B
2021-07-21T14:23:19,100.0,22.4,B
2021-07-21T14:23:03,200.0,22.4,B
2021-07-21T14:22:54,3000.0,22.4,B
2021-07-21T14:22:46,2200.0,22.4,B
2021-07-21T14:22:41,1000.0,22.4,S
2021-07-21T14:22:08,100.0,22.4,B
2021-07-21T14:22:05,100.0,22.4,B
2021-07-21T14:21:59,2000.0,22.4,B
2021-07-21T14:21:58,1000.0,22.4,B
2021-07-21T14:21:54,5000.0,22.4,B
2021-07-21T14:21:41,1200.0,22.4,B
2021-07-21T14:21:33,1000.0,22.4,B
2021-07-21T14:21:31,500.0,22.4,B
2021-07-21T14:21:29,100.0,22.4,B
2021-07-21T14:21:06,100.0,22.4,B
2021-07-21T14:20:27,3900.0,22.4,S
2021-07-21T14:19:23,1000.0,22.4,S
2021-07-21T14:18:32,10000.0,22.4,S
2021-07-21T14:18:21,100.0,22.5,B
2021-07-21T14:18:00,3300.0,22.4,B
2021-07-21T14:17:57,300.0,22.4,B
2021-07-21T14:17:55,10000.0,22.4,B
2021-07-21T14:17:45,5000.0,22.4,B
2021-07-21T14:17:40,3300.0,22.4,B
2021-07-21T14:17:31,3000.0,22.4,B
2021-07-21T14:17:26,5100.0,22.4,S
2021-07-21T14:17:14,1200.0,22.4,S
2021-07-21T14:16:56,1500.0,22.4,S
2021-07-21T14:16:56,1500.0,22.4,S
2021-07-21T14:16:50,700.0,22.4,S
2021-07-21T14:15:54,100.0,22.4,S
2021-07-21T14:14:49,300.0,22.4,S
2021-07-21T14:14:27,200.0,22.45,B
2021-07-21T14:14:17,2000.0,22.35,S
2021-07-21T14:13:21,4400.0,22.35,S
2021-07-21T14:13:07,1200.0,22.4,B
2021-07-21T14:12:55,1000.0,22.35,S
2021-07-21T14:12:47,100.0,22.4,B
2021-07-21T14:12:42,200.0,22.4,B
2021-07-21T14:12:22,8000.0,22.4,S
2021-07-21T14:12:22,4000.0,22.4,S
2021-07-21T14:12:22,1500.0,22.45,S
2021-07-21T14:11:55,900.0,22.5,B
2021-07-21T14:11:54,100.0,22.5,B
2021-07-21T14:11:41,600.0,22.5,S
2021-07-21T14:11:41,900.0,22.5,S
2021-07-21T14:11:39,6700.0,22.5,S
2021-07-21T14:11:39,500.0,22.5,S
2021-07-21T14:11:39,12800.0,22.5,S
2021-07-21T14:11:07,700.0,22.55,S
2021-07-21T14:11:07,2000.0,22.55,S
2021-07-21T14:11:07,500.0,22.55,S
2021-07-21T14:11:00,1000.0,22.6,S
2021-07-21T14:10:32,1100.0,22.65,S
2021-07-21T14:09:18,100.0,22.7,B
2021-07-21T14:09:07,500.0,22.7,B
2021-07-21T14:08:59,300.0,22.65,S
2021-07-21T14:08:51,100.0,22.7,B
2021-07-21T14:08:33,1000.0,22.65,S
2021-07-21T14:07:07,2600.0,22.65,B
2021-07-21T14:06:48,1300.0,22.65,B
2021-07-21T14:05:25,1000.0,22.65,B
2021-07-21T14:04:49,2000.0,22.65,B
2021-07-21T14:04:29,500.0,22.6,B
2021-07-21T14:04:28,200.0,22.6,B
2021-07-21T14:04:16,100.0,22.6,B
2021-07-21T14:04:11,500.0,22.6,B
2021-07-21T14:04:03,1000.0,22.6,B
2021-07-21T14:03:59,2700.0,22.6,S
2021-07-21T14:03:31,900.0,22.65,S
2021-07-21T14:03:25,4700.0,22.65,B
2021-07-21T14:03:07,300.0,22.6,B
2021-07-21T14:03:05,300.0,22.6,B
2021-07-21T14:02:38,100.0,22.6,B
2021-07-21T14:02:37,500.0,22.6,B
2021-07-21T14:02:32,300.0,22.6,B
2021-07-21T14:02:18,900.0,22.55,S
2021-07-21T14:02:13,5000.0,22.6,B
2021-07-21T14:02:12,3600.0,22.55,B
2021-07-21T14:02:09,200.0,22.55,B
2021-07-21T14:01:34,100.0,22.5,B
2021-07-21T14:01:16,1800.0,22.4,B
2021-07-21T14:01:15,1000.0,22.4,B
2021-07-21T14:01:14,100.0,22.4,B
2021-07-21T14:01:12,2000.0,22.4,B
2021-07-21T14:01:12,1000.0,22.4,B
2021-07-21T14:01:10,3000.0,22.4,B
2021-07-21T14:01:10,1000.0,22.4,B
2021-07-21T14:01:08,10000.0,22.4,B
2021-07-21T14:01:04,100.0,22.4,B
2021-07-21T14:00:53,700.0,22.3,B
2021-07-21T14:00:50,500.0,22.3,B
2021-07-21T14:00:50,2000.0,22.3,B
2021-07-21T14:00:48,4000.0,22.3,B
2021-07-21T14:00:47,1500.0,22.3,B
2021-07-21T14:00:46,200.0,22.3,B
2021-07-21T14:00:46,1000.0,22.25,S
2021-07-21T14:00:44,10000.0,22.3,B
2021-07-21T14:00:39,600.0,22.3,B
2021-07-21T14:00:27,700.0,22.25,S
2021-07-21T14:00:27,1300.0,22.25,S
2021-07-21T14:00:17,300.0,22.25,B
2021-07-21T14:00:09,500.0,22.25,B
2021-07-21T13:59:53,200.0,22.25,B
2021-07-21T13:59:48,800.0,22.2,S
2021-07-21T13:59:48,1200.0,22.2,S
2021-07-21T13:59:46,1000.0,22.25,B
2021-07-21T13:59:38,300.0,22.25,B
2021-07-21T13:59:34,200.0,22.25,B
2021-07-21T13:59:34,100.0,22.25,B
2021-07-21T13:59:33,300.0,22.25,B
2021-07-21T13:59:19,800.0,22.3,B
2021-07-21T13:59:19,200.0,22.25,B
2021-07-21T13:59:12,2000.0,22.25,B
2021-07-21T13:59:10,300.0,22.25,B
2021-07-21T13:59:10,1800.0,22.25,S
2021-07-21T13:59:06,400.0,22.25,S
2021-07-21T13:58:57,500.0,22.3,B
2021-07-21T13:58:56,7600.0,22.25,S
2021-07-21T13:58:38,5000.0,22.3,B
2021-07-21T13:58:36,300.0,22.3,B
2021-07-21T13:58:21,1000.0,22.3,B
2021-07-21T13:58:20,1500.0,22.3,B
2021-07-21T13:57:55,5800.0,22.3,S
2021-07-21T13:57:55,700.0,22.3,S
2021-07-21T13:57:55,5100.0,22.3,S
2021-07-21T13:57:55,900.0,22.3,S
2021-07-21T13:57:48,100.0,22.3,S
2021-07-21T13:57:40,100.0,22.4,B
2021-07-21T13:57:32,100.0,22.4,B
2021-07-21T13:57:26,500.0,22.4,B
2021-07-21T13:57:22,300.0,22.4,S
2021-07-21T13:57:22,1400.0,22.4,S
2021-07-21T13:57:15,600.0,22.4,S
2021-07-21T13:57:15,5400.0,22.4,S
2021-07-21T13:57:09,10000.0,22.4,S
2021-07-21T13:57:08,2000.0,22.4,S
2021-07-21T13:56:59,1600.0,22.4,S
2021-07-21T13:56:58,6400.0,22.45,B
2021-07-21T13:56:54,2600.0,22.5,S
2021-07-21T13:56:54,24400.0,22.5,S
2021-07-21T13:56:54,2000.0,22.5,S
2021-07-21T13:56:54,5100.0,22.5,S
2021-07-21T13:56:54,700.0,22.5,S
2021-07-21T13:56:54,2200.0,22.5,S
2021-07-21T13:56:53,100.0,22.5,S
2021-07-21T13:56:53,100.0,22.5,S
2021-07-21T13:56:51,900.0,22.5,S
2021-07-21T13:56:51,600.0,22.5,S
2021-07-21T13:56:51,3500.0,22.5,S
2021-07-21T13:56:45,1000.0,22.5,S
2021-07-21T13:56:45,3500.0,22.5,S
2021-07-21T13:56:45,5500.0,22.5,S
2021-07-21T13:56:34,400.0,22.5,S
2021-07-21T13:56:33,500.0,22.5,S
2021-07-21T13:56:33,10000.0,22.5,S
2021-07-21T13:56:27,1000.0,22.5,S
2021-07-21T13:56:25,400.0,22.5,S
2021-07-21T13:56:23,1500.0,22.5,S
2021-07-21T13:56:22,900.0,22.5,S
2021-07-21T13:56:22,3600.0,22.5,S
2021-07-21T13:56:22,5500.0,22.5,S
2021-07-21T13:56:12,100.0,22.5,S
2021-07-21T13:56:08,100.0,22.5,S
2021-07-21T13:56:07,8100.0,22.5,S
2021-07-21T13:56:07,1900.0,22.5,S
2021-07-21T13:56:06,200.0,22.5,S
2021-07-21T13:55:59,500.0,22.5,S
2021-07-21T13:55:56,800.0,22.5,S
2021-07-21T13:55:51,500.0,22.5,S
2021-07-21T13:55:40,200.0,22.5,S
2021-07-21T13:55:35,100.0,22.5,S
2021-07-21T13:55:30,1000.0,22.5,S
2021-07-21T13:55:14,900.0,22.5,S
2021-07-21T13:54:46,3200.0,22.55,S
2021-07-21T13:54:07,200.0,22.55,S
2021-07-21T13:54:04,10800.0,22.55,S
2021-07-21T13:53:37,500.0,22.6,B
2021-07-21T13:53:28,400.0,22.6,S
2021-07-21T13:53:28,4400.0,22.6,S
2021-07-21T13:53:17,5000.0,22.6,S
2021-07-21T13:53:02,500.0,22.6,S
2021-07-21T13:52:58,500.0,22.6,S
2021-07-21T13:52:23,500.0,22.6,B
2021-07-21T13:52:23,5000.0,22.6,B
2021-07-21T13:52:23,4300.0,22.6,B
2021-07-21T13:51:37,300.0,22.55,S
2021-07-21T13:51:14,600.0,22.55,S
2021-07-21T13:50:49,300.0,22.6,B
2021-07-21T13:50:35,200.0,22.6,B
2021-07-21T13:50:30,2100.0,22.55,B
2021-07-21T13:50:14,12900.0,22.55,S
2021-07-21T13:50:08,200.0,22.6,B
2021-07-21T13:50:00,10000.0,22.55,S
2021-07-21T13:49:47,900.0,22.55,S
2021-07-21T13:49:47,1100.0,22.55,S
2021-07-21T13:49:45,500.0,22.6,S
2021-07-21T13:49:35,500.0,22.6,B
2021-07-21T13:49:22,500.0,22.6,B
2021-07-21T13:49:19,2300.0,22.6,B
2021-07-21T13:49:19,200.0,22.6,B
2021-07-21T13:49:14,700.0,22.6,B
2021-07-21T13:49:12,100.0,22.6,B
2021-07-21T13:49:07,200.0,22.6,B
2021-07-21T13:49:07,800.0,22.6,B
2021-07-21T13:48:56,2000.0,22.6,B
2021-07-21T13:48:35,100.0,22.6,B
2021-07-21T13:48:25,1000.0,22.6,B
2021-07-21T13:48:13,100.0,22.6,B
2021-07-21T13:47:49,1200.0,22.6,B
2021-07-21T13:47:35,200.0,22.6,B
2021-07-21T13:47:33,500.0,22.6,B
2021-07-21T13:47:22,100.0,22.6,B
2021-07-21T13:47:04,900.0,22.6,B
2021-07-21T13:46:52,100.0,22.6,B
2021-07-21T13:46:49,500.0,22.6,B
2021-07-21T13:46:45,500.0,22.6,B
2021-07-21T13:46:43,500.0,22.6,B
2021-07-21T13:46:31,800.0,22.6,S
2021-07-21T13:46:31,3600.0,22.6,S
2021-07-21T13:46:31,1000.0,22.6,S
2021-07-21T13:46:31,2100.0,22.6,S
2021-07-21T13:44:54,200.0,22.6,S
2021-07-21T13:43:57,500.0,22.6,S
2021-07-21T13:43:50,500.0,22.7,B
2021-07-21T13:43:13,11000.0,22.6,S
2021-07-21T13:42:24,500.0,22.6,S
2021-07-21T13:41:57,600.0,22.6,S
2021-07-21T13:41:44,1000.0,22.7,B
2021-07-21T13:41:33,900.0,22.65,S
2021-07-21T13:41:33,3500.0,22.65,S
2021-07-21T13:41:22,2600.0,22.7,S
2021-07-21T13:41:21,400.0,22.7,S
2021-07-21T13:41:01,5000.0,22.7,S
2021-07-21T13:40:33,2000.0,22.7,B
2021-07-21T13:39:20,3000.0,22.7,B
2021-07-21T13:38:14,100.0,22.7,B
2021-07-21T13:38:13,10000.0,22.65,S
2021-07-21T13:38:05,2100.0,22.7,S
2021-07-21T13:37:39,5000.0,22.75,B
2021-07-21T13:37:23,200.0,22.7,B
2021-07-21T13:37:23,800.0,22.7,B
2021-07-21T13:36:49,300.0,22.7,B
2021-07-21T13:36:49,200.0,22.7,B
2021-07-21T13:36:26,800.0,22.7,S
2021-07-21T13:36:20,200.0,22.7,S
2021-07-21T13:36:20,1900.0,22.7,S
2021-07-21T13:35:45,100.0,22.7,S
2021-07-21T13:35:23,2000.0,22.75,B
2021-07-21T13:35:15,3500.0,22.7,S
2021-07-21T13:35:11,5000.0,22.7,S
2021-07-21T13:35:00,500.0,22.75,B
2021-07-21T13:34:45,3600.0,22.75,S
2021-07-21T13:33:52,1000.0,22.75,B
2021-07-21T13:33:44,500.0,22.75,B
2021-07-21T13:33:34,2700.0,22.8,B
2021-07-21T13:33:26,100.0,22.75,B
2021-07-21T13:33:26,1100.0,22.75,S
2021-07-21T13:33:06,1000.0,22.8,B
2021-07-21T13:32:47,100.0,22.8,B
2021-07-21T13:32:06,1400.0,22.75,S
2021-07-21T13:32:06,2000.0,22.75,B
2021-07-21T13:32:06,2000.0,22.75,B
2021-07-21T13:31:56,100.0,22.75,B
2021-07-21T13:31:56,100.0,22.75,B
2021-07-21T13:30:49,4600.0,22.7,B
2021-07-21T13:30:30,100.0,22.7,B
2021-07-21T13:30:27,100.0,22.7,B
2021-07-21T13:29:53,200.0,22.7,S
2021-07-21T13:29:03,1700.0,22.6,S
2021-07-21T13:28:15,500.0,22.6,S
2021-07-21T13:28:03,5000.0,22.6,S
2021-07-21T13:28:03,400.0,22.65,S
2021-07-21T13:27:41,4600.0,22.65,B
2021-07-21T13:27:38,1000.0,22.6,S
2021-07-21T13:27:34,200.0,22.65,B
2021-07-21T13:27:27,300.0,22.7,S
2021-07-21T13:27:14,200.0,22.7,B
2021-07-21T13:27:13,100.0,22.7,B
2021-07-21T13:26:41,500.0,22.55,S
2021-07-21T13:26:34,1300.0,22.55,B
2021-07-21T13:26:33,1500.0,22.55,B
2021-07-21T13:26:31,1000.0,22.55,B
2021-07-21T13:26:25,200.0,22.55,B
2021-07-21T13:26:20,5000.0,22.55,B
2021-07-21T13:26:20,800.0,22.55,B
2021-07-21T13:26:16,400.0,22.55,B
2021-07-21T13:26:15,200.0,22.55,B
2021-07-21T13:26:14,100.0,22.55,B
2021-07-21T13:26:11,3000.0,22.55,S
2021-07-21T13:26:11,4500.0,22.55,S
2021-07-21T13:26:11,2000.0,22.55,S
2021-07-21T13:26:11,2000.0,22.7,B
2021-07-21T13:25:28,5000.0,22.55,S
2021-07-21T13:25:20,7900.0,22.55,S
2021-07-21T13:25:20,2100.0,22.6,S
2021-07-21T13:25:06,7900.0,22.6,B
2021-07-21T13:24:53,500.0,22.6,B
2021-07-21T13:24:46,8600.0,22.6,S
2021-07-21T13:24:40,1200.0,22.6,S
2021-07-21T13:24:05,100.0,22.6,S
2021-07-21T13:23:35,1000.0,22.6,S
2021-07-21T13:23:25,4900.0,22.6,B
2021-07-21T13:23:22,500.0,22.55,S
2021-07-21T13:23:14,7200.0,22.55,S
2021-07-21T13:23:14,11800.0,22.55,S
2021-07-21T13:23:14,9000.0,22.55,S
2021-07-21T13:23:14,300.0,22.55,S
2021-07-21T13:23:14,1700.0,22.55,S
2021-07-21T13:23:11,100.0,22.6,B
2021-07-21T13:23:05,1000.0,22.6,S
2021-07-21T13:22:55,3900.0,22.6,S
2021-07-21T13:22:55,8800.0,22.6,S
2021-07-21T13:22:55,8500.0,22.6,S
2021-07-21T13:22:55,18800.0,22.65,S
2021-07-21T13:22:37,12800.0,22.7,S
2021-07-21T13:22:22,500.0,22.7,S
2021-07-21T13:21:35,2800.0,22.7,S
2021-07-21T13:21:20,100.0,22.75,B
2021-07-21T13:21:11,1000.0,22.7,S
2021-07-21T13:20:15,100.0,22.7,S
2021-07-21T13:19:50,100.0,22.7,B
2021-07-21T13:19:45,1400.0,22.7,S
2021-07-21T13:19:45,300.0,22.7,S
2021-07-21T13:19:45,6100.0,22.7,S
2021-07-21T13:19:41,3200.0,22.7,S
2021-07-21T13:19:41,1800.0,22.7,S
2021-07-21T13:18:14,16000.0,22.75,S
2021-07-21T13:18:14,13800.0,22.75,S
2021-07-21T13:17:23,200.0,22.8,B
2021-07-21T13:17:08,300.0,22.8,S
2021-07-21T13:17:04,2000.0,22.8,S
2021-07-21T13:16:42,7700.0,22.8,B
2021-07-21T13:16:08,2300.0,22.8,S
2021-07-21T13:16:08,2500.0,22.8,S
2021-07-21T13:15:50,100.0,22.8,S
2021-07-21T13:15:49,200.0,22.8,S
2021-07-21T13:15:46,5000.0,22.8,S
2021-07-21T13:15:23,400.0,22.8,B
2021-07-21T13:15:02,3600.0,22.8,B
2021-07-21T13:14:46,800.0,22.8,B
2021-07-21T13:13:42,4000.0,22.8,B
2021-07-21T13:13:40,200.0,22.8,S
2021-07-21T13:13:26,300.0,22.8,S
2021-07-21T13:13:04,5100.0,22.8,B
2021-07-21T13:13:03,200.0,22.8,B
2021-07-21T13:12:25,700.0,22.8,B
2021-07-21T13:12:25,3900.0,22.8,B
2021-07-21T13:11:53,100.0,22.75,S
2021-07-21T13:11:50,800.0,22.8,B
2021-07-21T13:11:40,2000.0,22.8,B
2021-07-21T13:11:40,100.0,22.75,S
2021-07-21T13:11:03,1000.0,22.8,B
2021-07-21T13:11:00,300.0,22.8,B
2021-07-21T13:11:00,3700.0,22.8,B
2021-07-21T13:10:41,300.0,22.8,S
2021-07-21T13:10:41,1000.0,22.8,S
2021-07-21T13:10:19,300.0,22.8,S
2021-07-21T13:10:19,1200.0,22.8,S
2021-07-21T13:10:19,2000.0,22.8,S
2021-07-21T13:09:32,100.0,22.8,S
2021-07-21T13:07:18,400.0,22.9,S
2021-07-21T13:06:49,600.0,22.9,B
2021-07-21T13:06:32,4900.0,22.9,S
2021-07-21T13:06:10,500.0,22.9,B
2021-07-21T13:06:10,100.0,22.9,B
2021-07-21T13:06:10,14500.0,22.9,B
2021-07-21T13:04:29,2000.0,22.9,S
2021-07-21T13:04:16,100.0,22.9,S
2021-07-21T13:04:15,900.0,22.9,B
2021-07-21T13:04:12,500.0,22.85,S
2021-07-21T13:04:09,100.0,22.9,B
2021-07-21T13:03:33,500.0,22.9,B
2021-07-21T13:03:19,500.0,22.9,S
2021-07-21T13:03:11,500.0,22.9,S
2021-07-21T13:02:26,2500.0,22.9,B
2021-07-21T13:00:23,3000.0,22.9,B
2021-07-21T13:00:19,3700.0,22.9,B
2021-07-21T13:00:19,3900.0,22.9,B
2021-07-21T13:00:07,4700.0,22.9,B
2021-07-21T13:00:07,300.0,22.9,B
2021-07-21T13:00:05,3000.0,22.8,S
2021-07-21T13:00:05,500.0,22.8,S
2021-07-21T13:00:02,500.0,22.9,B
2021-07-21T13:00:02,2900.0,22.9,B
2021-07-21T13:00:02,3100.0,22.85,B
2021-07-21T13:00:02,1000.0,22.85,B
2021-07-21T11:29:49,100.0,22.8,S
2021-07-21T11:29:44,100.0,22.8,S
2021-07-21T11:29:24,2000.0,22.8,S
2021-07-21T11:27:30,4000.0,22.85,B
2021-07-21T11:27:13,100.0,22.85,B
2021-07-21T11:27:10,3200.0,22.8,S
2021-07-21T11:26:45,1200.0,22.8,S
2021-07-21T11:26:45,1800.0,22.8,S
2021-07-21T11:26:17,100.0,22.85,B
2021-07-21T11:26:06,5000.0,22.85,B
2021-07-21T11:25:28,300.0,22.85,B
2021-07-21T11:24:18,100.0,22.85,B
2021-07-21T11:23:23,1000.0,22.8,S
2021-07-21T11:23:19,400.0,22.8,S
2021-07-21T11:23:02,100.0,22.8,S
2021-07-21T11:22:49,1000.0,22.8,S
2021-07-21T11:22:45,100.0,22.85,B
2021-07-21T11:21:18,100.0,22.8,S
2021-07-21T11:20:59,100.0,22.85,B
2021-07-21T11:20:54,1300.0,22.8,S
2021-07-21T11:20:38,300.0,22.8,S
2021-07-21T11:20:13,600.0,22.8,B
2021-07-21T11:20:03,1000.0,22.8,B
2021-07-21T11:19:38,100.0,22.8,B
2021-07-21T11:19:35,1000.0,22.8,B
2021-07-21T11:19:29,100.0,22.8,B
2021-07-21T11:19:15,2000.0,22.8,B
2021-07-21T11:19:03,3700.0,22.8,B
2021-07-21T11:18:53,500.0,22.8,B
2021-07-21T11:18:49,300.0,22.8,B
2021-07-21T11:18:39,900.0,22.8,B
2021-07-21T11:18:12,1000.0,22.75,S
2021-07-21T11:17:27,200.0,22.75,S
2021-07-21T11:17:08,1000.0,22.75,S
2021-07-21T11:17:04,600.0,22.75,S
2021-07-21T11:17:00,1000.0,22.75,B
2021-07-21T11:17:00,1000.0,22.75,B
2021-07-21T11:17:00,1000.0,22.75,B
2021-07-21T11:17:00,1000.0,22.75,B
2021-07-21T11:17:00,1000.0,22.75,B
2021-07-21T11:17:00,1000.0,22.75,B
2021-07-21T11:16:59,1000.0,22.75,B
2021-07-21T11:16:48,1000.0,22.75,B
2021-07-21T11:16:41,400.0,22.75,B
2021-07-21T11:16:18,700.0,22.7,B
2021-07-21T11:16:07,1000.0,22.7,B
2021-07-21T11:15:23,4300.0,22.65,S
2021-07-21T11:15:22,100.0,22.65,B
2021-07-21T11:15:05,1000.0,22.65,B
2021-07-21T11:14:38,100.0,22.6,S
2021-07-21T11:14:37,1800.0,22.6,S
2021-07-21T11:14:26,2000.0,22.6,B
2021-07-21T11:14:05,300.0,22.55,B
2021-07-21T11:14:01,200.0,22.55,B
2021-07-21T11:14:00,500.0,22.55,B
2021-07-21T11:13:58,100.0,22.55,B
2021-07-21T11:13:57,300.0,22.55,B
2021-07-21T11:13:51,2000.0,22.55,B
2021-07-21T11:13:39,300.0,22.55,B
2021-07-21T11:13:27,1000.0,22.55,B
2021-07-21T11:13:23,8300.0,22.55,S
2021-07-21T11:13:09,100.0,22.55,S
2021-07-21T11:13:04,1200.0,22.6,B
2021-07-21T11:13:04,5000.0,22.6,S
2021-07-21T11:13:01,100.0,22.7,B
2021-07-21T11:12:50,200.0,22.7,B
2021-07-21T11:12:38,300.0,22.7,B
2021-07-21T11:12:18,700.0,22.7,B
2021-07-21T11:12:16,700.0,22.7,S
2021-07-21T11:12:09,200.0,22.7,S
2021-07-21T11:11:58,5400.0,22.7,B
2021-07-21T11:11:52,2800.0,22.7,B
2021-07-21T11:11:47,2000.0,22.6,S
2021-07-21T11:10:35,100.0,22.7,B
2021-07-21T11:10:08,100.0,22.7,B
2021-07-21T11:09:51,100.0,22.7,B
2021-07-21T11:09:40,100.0,22.7,B
2021-07-21T11:09:36,2200.0,22.7,S
2021-07-21T11:09:32,200.0,22.7,S
2021-07-21T11:09:32,100.0,22.7,S
2021-07-21T11:07:46,500.0,22.8,B
2021-07-21T11:07:02,100.0,22.5,S
2021-07-21T11:06:35,1700.0,22.5,S
2021-07-21T11:06:35,6500.0,22.5,S
2021-07-21T11:06:35,200.0,22.6,S
2021-07-21T11:06:35,20000.0,22.6,S
2021-07-21T11:06:34,14400.0,22.65,S
2021-07-21T11:06:34,3200.0,22.7,S
2021-07-21T11:06:11,4000.0,22.7,S
2021-07-21T11:06:06,200.0,22.8,B
2021-07-21T11:06:04,300.0,22.8,B
2021-07-21T11:05:47,400.0,22.8,S
2021-07-21T11:05:41,100.0,22.8,S
2021-07-21T11:05:12,10000.0,22.8,S
2021-07-21T11:05:11,3400.0,22.8,S
2021-07-21T11:05:11,2700.0,22.8,S
2021-07-21T11:05:11,200.0,22.8,S
2021-07-21T11:05:11,13700.0,22.8,S
2021-07-21T11:04:57,200.0,22.8,S
2021-07-21T11:04:56,500.0,22.8,S
2021-07-21T11:04:56,9500.0,22.8,S
2021-07-21T11:04:30,4900.0,22.8,S
2021-07-21T11:04:26,4600.0,22.8,S
2021-07-21T11:04:26,1100.0,22.8,S
2021-07-21T11:04:26,100.0,22.8,S
2021-07-21T11:04:26,4100.0,22.8,S
2021-07-21T11:04:12,19000.0,22.8,S
2021-07-21T11:03:39,500.0,22.8,S
2021-07-21T11:02:24,100.0,22.85,B
2021-07-21T11:02:19,11100.0,22.85,S
2021-07-21T11:02:03,100.0,22.85,S
2021-07-21T11:01:45,1700.0,22.85,S
2021-07-21T11:00:40,500.0,22.85,S
2021-07-21T11:00:38,1000.0,22.85,S
2021-07-21T11:00:36,2900.0,22.85,S
2021-07-21T10:59:53,500.0,22.85,S
2021-07-21T10:59:19,100.0,22.9,B
2021-07-21T10:59:18,1000.0,22.85,S
2021-07-21T10:59:12,500.0,22.85,S
2021-07-21T10:59:09,300.0,22.85,S
2021-07-21T10:58:49,5000.0,22.9,B
2021-07-21T10:58:43,300.0,22.9,B
2021-07-21T10:57:48,200.0,22.9,B
2021-07-21T10:57:36,2700.0,22.85,S
2021-07-21T10:56:39,500.0,22.85,S
2021-07-21T10:55:10,1600.0,22.85,S
2021-07-21T10:54:58,2500.0,22.9,B
2021-07-21T10:54:41,300.0,22.85,S
2021-07-21T10:52:43,500.0,22.85,S
2021-07-21T10:52:10,100.0,22.9,B
2021-07-21T10:52:07,1000.0,22.9,B
2021-07-21T10:51:37,500.0,22.9,B
2021-07-21T10:49:33,400.0,22.9,S
2021-07-21T10:49:26,1300.0,22.9,B
2021-07-21T10:49:21,1000.0,22.9,B
2021-07-21T10:48:46,1700.0,22.9,B
2021-07-21T10:48:46,300.0,22.9,B
2021-07-21T10:48:27,2300.0,22.9,B
2021-07-21T10:48:27,1000.0,22.9,B
2021-07-21T10:48:27,1700.0,22.9,B
2021-07-21T10:48:21,400.0,22.85,B
2021-07-21T10:48:20,100.0,22.85,B
2021-07-21T10:48:20,100.0,22.85,B
2021-07-21T10:48:20,300.0,22.85,B
2021-07-21T10:48:01,1500.0,22.85,B
2021-07-21T10:47:29,2000.0,22.8,S
2021-07-21T10:47:29,100.0,22.85,S
2021-07-21T10:47:15,30000.0,22.8,S
2021-07-21T10:46:22,100.0,22.85,S
2021-07-21T10:46:12,3000.0,22.85,S
2021-07-21T10:45:20,500.0,22.9,B
2021-07-21T10:45:03,100.0,22.85,S
2021-07-21T10:45:03,100.0,22.85,S
2021-07-21T10:44:43,5900.0,22.85,S
2021-07-21T10:44:43,25100.0,22.85,S
2021-07-21T10:44:43,8500.0,22.85,S
2021-07-21T10:44:05,1000.0,22.9,B
2021-07-21T10:44:01,600.0,22.9,B
2021-07-21T10:43:58,300.0,22.9,B
2021-07-21T10:43:53,3400.0,22.9,S
2021-07-21T10:43:53,200.0,22.9,S
2021-07-21T10:43:53,3900.0,22.9,S
2021-07-21T10:43:24,500.0,22.9,S
2021-07-21T10:42:36,100.0,22.95,S
2021-07-21T10:42:18,200.0,22.95,S
2021-07-21T10:41:48,400.0,22.95,S
2021-07-21T10:40:45,400.0,22.95,B
2021-07-21T10:40:43,1000.0,22.95,B
2021-07-21T10:40:33,200.0,22.95,B
2021-07-21T10:40:25,100.0,22.95,B
2021-07-21T10:39:48,100.0,22.95,B
2021-07-21T10:39:28,100.0,22.9,S
2021-07-21T10:38:36,3000.0,22.9,S
2021-07-21T10:38:28,800.0,22.9,S
2021-07-21T10:38:28,700.0,22.9,S
2021-07-21T10:38:28,500.0,22.9,S
2021-07-21T10:38:16,1000.0,22.9,S
2021-07-21T10:38:16,5300.0,22.9,S
2021-07-21T10:38:15,3700.0,22.9,S
2021-07-21T10:38:05,20000.0,22.9,S
2021-07-21T10:37:56,18300.0,22.95,S
2021-07-21T10:37:56,1700.0,22.95,S
2021-07-21T10:37:00,400.0,23.0,B
2021-07-21T10:36:38,400.0,23.0,B
2021-07-21T10:35:19,500.0,23.0,B
2021-07-21T10:35:07,3000.0,22.95,S
2021-07-21T10:34:43,15000.0,23.0,B
2021-07-21T10:34:29,500.0,23.0,B
2021-07-21T10:34:25,400.0,23.0,B
2021-07-21T10:34:13,100.0,23.0,B
2021-07-21T10:32:03,200.0,23.0,B
2021-07-21T10:31:57,300.0,23.0,B
2021-07-21T10:31:28,200.0,23.0,B
2021-07-21T10:31:13,10000.0,23.0,B
2021-07-21T10:31:03,5600.0,23.0,S
2021-07-21T10:30:18,400.0,23.0,B
2021-07-21T10:30:18,4000.0,23.0,B
2021-07-21T10:29:41,100.0,23.0,B
2021-07-21T10:29:11,5000.0,23.0,B
2021-07-21T10:29:09,1000.0,23.0,B
2021-07-21T10:28:56,500.0,23.0,B
2021-07-21T10:28:49,2000.0,23.0,B
2021-07-21T10:28:42,1000.0,23.0,B
2021-07-21T10:28:25,5400.0,23.0,S
2021-07-21T10:27:33,1000.0,23.05,B
2021-07-21T10:27:23,3000.0,23.0,S
2021-07-21T10:27:20,10000.0,23.05,B
2021-07-21T10:27:17,1000.0,23.0,S
2021-07-21T10:26:48,100.0,23.0,S
2021-07-21T10:26:34,400.0,23.0,S
2021-07-21T10:26:25,5700.0,23.0,B
2021-07-21T10:26:04,2000.0,23.0,B
2021-07-21T10:25:15,1000.0,23.0,B
2021-07-21T10:25:01,1500.0,23.0,S
2021-07-21T10:23:33,100.0,23.05,B
2021-07-21T10:22:49,200.0,23.0,S
2021-07-21T10:22:38,200.0,23.0,S
2021-07-21T10:22:36,100.0,23.0,S
2021-07-21T10:22:36,1500.0,23.0,S
2021-07-21T10:22:19,600.0,23.0,B
2021-07-21T10:22:19,100.0,23.0,B
2021-07-21T10:22:19,6300.0,23.0,B
2021-07-21T10:22:12,200.0,23.0,B
2021-07-21T10:22:08,300.0,23.0,B
2021-07-21T10:21:31,4400.0,23.0,B
2021-07-21T10:20:52,1200.0,23.0,S
2021-07-21T10:20:39,1500.0,23.05,B
2021-07-21T10:20:28,1000.0,23.0,S
2021-07-21T10:20:03,1000.0,23.0,S
2021-07-21T10:20:02,100.0,23.0,S
2021-07-21T10:19:36,500.0,23.0,S
2021-07-21T10:19:22,100.0,23.0,S
2021-07-21T10:19:02,100.0,23.0,S
2021-07-21T10:18:38,100.0,23.0,S
2021-07-21T10:18:12,300.0,23.0,S
2021-07-21T10:17:49,3100.0,23.0,B
2021-07-21T10:17:49,3500.0,23.0,B
2021-07-21T10:16:05,100.0,23.0,B
2021-07-21T10:15:27,7100.0,23.0,S
2021-07-21T10:15:23,100.0,23.0,S
2021-07-21T10:15:00,200.0,23.0,S
2021-07-21T10:14:18,800.0,23.0,S
2021-07-21T10:14:06,200.0,23.0,S
2021-07-21T10:14:06,2200.0,23.0,S
2021-07-21T10:14:06,10800.0,23.0,S
2021-07-21T10:13:45,200.0,23.0,S
2021-07-21T10:12:43,300.0,23.0,S
2021-07-21T10:12:41,300.0,23.0,S
2021-07-21T10:12:01,10000.0,23.0,S
2021-07-21T10:11:36,200.0,23.0,S
2021-07-21T10:11:30,700.0,23.0,B
2021-07-21T10:11:27,1000.0,23.0,B
2021-07-21T10:11:26,5000.0,23.0,B
2021-07-21T10:11:08,1000.0,23.0,B
2021-07-21T10:10:44,300.0,23.0,B
2021-07-21T10:10:41,200.0,22.95,S
2021-07-21T10:10:31,500.0,22.95,B
2021-07-21T10:09:58,100.0,22.95,B
2021-07-21T10:09:45,2400.0,22.95,S
2021-07-21T10:09:31,600.0,22.95,S
2021-07-21T10:09:19,100.0,22.95,B
2021-07-21T10:09:06,100.0,22.95,B
2021-07-21T10:08:30,1300.0,22.95,S
2021-07-21T10:08:08,3500.0,22.95,S
2021-07-21T10:07:31,700.0,22.9,B
2021-07-21T10:07:11,1300.0,22.9,S
2021-07-21T10:07:10,1000.0,22.95,B
2021-07-21T10:07:07,200.0,22.9,S
2021-07-21T10:07:07,3400.0,22.9,S
2021-07-21T10:07:07,5000.0,22.9,S
2021-07-21T10:07:07,5200.0,22.9,S
2021-07-21T10:07:07,1600.0,22.9,S
2021-07-21T10:07:07,9100.0,22.9,S
2021-07-21T10:06:59,2500.0,22.95,S
2021-07-21T10:06:44,5000.0,22.95,S
2021-07-21T10:06:23,500.0,23.0,S
2021-07-21T10:06:16,100.0,23.0,S
2021-07-21T10:05:59,100.0,23.0,S
2021-07-21T10:05:55,2000.0,23.0,S
2021-07-21T10:05:50,300.0,23.0,S
2021-07-21T10:05:29,500.0,23.0,B
2021-07-21T10:05:15,400.0,23.0,S
2021-07-21T10:05:15,1300.0,23.0,S
2021-07-21T10:05:15,200.0,23.0,S
2021-07-21T10:05:15,2900.0,23.0,S
2021-07-21T10:05:11,2000.0,23.0,S
2021-07-21T10:05:05,7600.0,23.0,S
2021-07-21T10:05:02,400.0,23.0,S
2021-07-21T10:04:57,1000.0,23.0,S
2021-07-21T10:04:51,200.0,23.0,S
2021-07-21T10:04:39,200.0,23.0,S
2021-07-21T10:04:18,1000.0,23.0,S
2021-07-21T10:04:13,100.0,23.1,B
2021-07-21T10:04:13,200.0,23.0,S
2021-07-21T10:04:08,1600.0,23.0,S
2021-07-21T10:03:34,300.0,23.05,S
2021-07-21T10:02:44,200.0,23.05,B
2021-07-21T10:02:14,4800.0,23.05,B
2021-07-21T10:01:58,100.0,23.0,S
2021-07-21T10:01:24,1900.0,23.0,B
2021-07-21T10:01:16,3000.0,23.0,B
2021-07-21T10:01:09,100.0,23.0,B
2021-07-21T10:00:54,100.0,23.0,B
2021-07-21T10:00:46,9900.0,23.0,S
2021-07-21T10:00:46,500.0,23.0,S
2021-07-21T10:00:46,5100.0,23.0,S
2021-07-21T10:00:46,4400.0,23.0,S
2021-07-21T10:00:28,100.0,23.05,B
2021-07-21T09:59:49,10000.0,23.0,S
2021-07-21T09:59:48,1100.0,23.0,S
2021-07-21T09:59:46,14200.0,23.05,S
2021-07-21T09:59:45,5000.0,23.0,S
2021-07-21T09:59:19,1600.0,23.05,B
2021-07-21T09:59:13,20000.0,23.05,S
2021-07-21T09:58:58,1000.0,23.1,B
2021-07-21T09:58:58,500.0,23.1,S
2021-07-21T09:58:58,1000.0,23.1,S
2021-07-21T09:58:58,2600.0,23.1,S
2021-07-21T09:58:47,1000.0,23.1,S
2021-07-21T09:58:47,2000.0,23.1,S
2021-07-21T09:58:45,200.0,23.1,S
2021-07-21T09:58:42,300.0,23.1,S
2021-07-21T09:58:40,1500.0,23.1,S
2021-07-21T09:58:04,100.0,23.15,B
2021-07-21T09:58:00,500.0,23.1,S
2021-07-21T09:58:00,1500.0,23.1,S
2021-07-21T09:57:45,1400.0,23.15,B
2021-07-21T09:57:43,9200.0,23.15,S
2021-07-21T09:57:43,200.0,23.15,S
2021-07-21T09:57:43,600.0,23.15,S
2021-07-21T09:57:43,900.0,23.15,S
2021-07-21T09:57:16,2000.0,23.15,S
2021-07-21T09:57:05,900.0,23.2,B
2021-07-21T09:56:54,3400.0,23.2,S
2021-07-21T09:56:51,3000.0,23.2,S
2021-07-21T09:56:47,1000.0,23.2,S
2021-07-21T09:56:24,1000.0,23.2,S
2021-07-21T09:56:10,2000.0,23.2,S
2021-07-21T09:56:07,400.0,23.2,S
2021-07-21T09:55:50,200.0,23.2,S
2021-07-21T09:55:01,100.0,23.2,S
2021-07-21T09:54:35,1000.0,23.2,S
2021-07-21T09:54:33,5000.0,23.25,B
2021-07-21T09:53:13,1800.0,23.25,B
2021-07-21T09:52:58,1000.0,23.25,B
2021-07-21T09:52:55,100.0,23.25,B
2021-07-21T09:52:46,4000.0,23.25,B
2021-07-21T09:52:39,1000.0,23.2,B
2021-07-21T09:52:32,2000.0,23.2,B
2021-07-21T09:52:21,200.0,23.15,S
2021-07-21T09:52:19,3000.0,23.2,B
2021-07-21T09:52:13,3000.0,23.2,B
2021-07-21T09:52:12,2000.0,23.2,B
2021-07-21T09:52:04,1000.0,23.2,B
2021-07-21T09:51:50,200.0,23.15,S
2021-07-21T09:51:34,1000.0,23.15,S
2021-07-21T09:51:29,500.0,23.15,S
2021-07-21T09:51:15,200.0,23.2,S
2021-07-21T09:51:06,100.0,23.2,S
2021-07-21T09:51:03,300.0,23.2,S
2021-07-21T09:51:01,4400.0,23.2,B
2021-07-21T09:51:00,200.0,23.15,S
2021-07-21T09:50:35,200.0,23.2,B
2021-07-21T09:50:29,4700.0,23.2,B
2021-07-21T09:50:15,4500.0,23.15,S
2021-07-21T09:50:02,100.0,23.15,S
2021-07-21T09:50:02,100.0,23.15,S
2021-07-21T09:49:55,200.0,23.15,S
2021-07-21T09:49:40,7400.0,23.15,B
2021-07-21T09:49:30,2600.0,23.15,S
2021-07-21T09:49:19,500.0,23.2,B
2021-07-21T09:49:19,2500.0,23.2,B
2021-07-21T09:49:11,1000.0,23.2,B
2021-07-21T09:49:04,5000.0,23.2,B
2021-07-21T09:49:00,8900.0,23.15,B
2021-07-21T09:48:49,100.0,23.15,B
2021-07-21T09:48:45,400.0,23.1,S
2021-07-21T09:48:21,1600.0,23.1,B
2021-07-21T09:48:21,1200.0,23.1,B
2021-07-21T09:48:19,2000.0,23.1,B
2021-07-21T09:48:14,1200.0,23.1,B
2021-07-21T09:48:14,2200.0,23.1,B
2021-07-21T09:48:14,1600.0,23.1,B
2021-07-21T09:48:11,100.0,23.1,B
2021-07-21T09:48:11,3000.0,23.1,B
2021-07-21T09:48:06,1000.0,23.1,B
2021-07-21T09:47:44,2000.0,23.1,B
2021-07-21T09:47:44,5000.0,23.1,B
2021-07-21T09:47:40,3000.0,23.1,B
2021-07-21T09:47:38,400.0,23.1,B
2021-07-21T09:47:29,2000.0,23.1,B
2021-07-21T09:47:25,300.0,23.1,B
2021-07-21T09:47:08,1000.0,23.1,B
2021-07-21T09:47:06,2000.0,23.1,B
2021-07-21T09:46:51,100.0,23.1,B
2021-07-21T09:46:23,300.0,23.1,B
2021-07-21T09:46:16,500.0,23.1,B
2021-07-21T09:46:10,4000.0,23.1,B
2021-07-21T09:46:00,100.0,23.1,B
2021-07-21T09:45:55,400.0,23.05,S
2021-07-21T09:45:52,200.0,23.1,B
2021-07-21T09:45:51,500.0,23.05,S
2021-07-21T09:45:43,300.0,23.05,S
2021-07-21T09:45:07,100.0,23.05,S
2021-07-21T09:45:05,500.0,23.1,B
2021-07-21T09:44:50,1000.0,23.1,B
2021-07-21T09:44:38,100.0,23.1,B
2021-07-21T09:44:28,5000.0,23.1,B
2021-07-21T09:44:22,5000.0,23.1,B
2021-07-21T09:43:57,1000.0,23.1,B
2021-07-21T09:43:49,300.0,23.1,B
2021-07-21T09:43:43,4400.0,23.1,B
2021-07-21T09:43:39,200.0,23.1,B
2021-07-21T09:43:12,4000.0,23.1,B
2021-07-21T09:43:06,2000.0,23.1,B
2021-07-21T09:43:05,100.0,23.1,B
2021-07-21T09:43:00,100.0,23.1,B
2021-07-21T09:43:00,900.0,23.1,B
2021-07-21T09:42:54,5000.0,23.1,B
2021-07-21T09:42:50,100.0,23.05,S
2021-07-21T09:42:48,100.0,23.1,B
2021-07-21T09:42:45,3000.0,23.1,B
2021-07-21T09:42:37,1000.0,23.1,B
2021-07-21T09:42:30,2000.0,23.1,B
2021-07-21T09:42:30,200.0,23.1,B
2021-07-21T09:42:29,600.0,23.05,B
2021-07-21T09:42:21,2000.0,23.05,B
2021-07-21T09:42:21,10000.0,23.05,B
2021-07-21T09:42:13,100.0,23.05,B
2021-07-21T09:41:59,2000.0,23.0,S
2021-07-21T09:41:47,100.0,23.0,B
2021-07-21T09:41:47,3500.0,23.0,B
2021-07-21T09:41:43,4600.0,23.0,B
2021-07-21T09:41:43,15400.0,23.0,B
2021-07-21T09:41:16,2500.0,22.9,B
2021-07-21T09:41:14,1000.0,22.9,B
2021-07-21T09:41:12,1000.0,22.9,B
2021-07-21T09:41:12,2000.0,22.9,B
2021-07-21T09:41:04,1200.0,22.9,B
2021-07-21T09:41:03,1000.0,22.9,B
2021-07-21T09:40:52,500.0,22.9,B
2021-07-21T09:40:52,3000.0,22.9,B
2021-07-21T09:40:48,1500.0,22.85,B
2021-07-21T09:40:45,1000.0,22.85,B
2021-07-21T09:40:35,5000.0,22.85,B
2021-07-21T09:40:13,3000.0,22.85,B
2021-07-21T09:40:08,100.0,22.85,B
2021-07-21T09:39:55,100.0,22.85,B
2021-07-21T09:39:46,200.0,22.85,B
2021-07-21T09:39:36,200.0,22.85,B
2021-07-21T09:39:36,5000.0,22.8,S
2021-07-21T09:39:35,500.0,22.8,S
2021-07-21T09:39:30,1100.0,22.8,S
2021-07-21T09:39:29,900.0,22.8,S
2021-07-21T09:39:22,5000.0,22.85,B
2021-07-21T09:38:52,500.0,22.9,B
2021-07-21T09:38:46,800.0,22.9,B
2021-07-21T09:38:32,600.0,22.9,B
2021-07-21T09:38:30,10000.0,22.85,S
2021-07-21T09:38:30,1100.0,22.85,S
2021-07-21T09:38:30,1800.0,22.85,S
2021-07-21T09:38:30,200.0,22.85,S
2021-07-21T09:38:24,10100.0,22.9,S
2021-07-21T09:38:24,100.0,22.9,S
2021-07-21T09:38:24,800.0,22.9,S
2021-07-21T09:38:22,800.0,22.9,S
2021-07-21T09:38:19,6000.0,22.9,S
2021-07-21T09:38:12,1200.0,22.95,B
2021-07-21T09:38:02,400.0,22.95,S
2021-07-21T09:37:55,6200.0,22.95,S
2021-07-21T09:37:53,3000.0,22.95,S
2021-07-21T09:37:26,1000.0,22.95,S
2021-07-21T09:37:18,300.0,23.0,B
2021-07-21T09:37:02,600.0,23.0,B
2021-07-21T09:37:01,100.0,23.0,B
2021-07-21T09:36:53,100.0,23.0,B
2021-07-21T09:36:48,500.0,22.95,S
2021-07-21T09:36:48,13600.0,23.0,S
2021-07-21T09:36:43,200.0,23.0,S
2021-07-21T09:36:40,2000.0,23.0,S
2021-07-21T09:36:37,1700.0,23.0,S
2021-07-21T09:36:36,200.0,23.0,S
2021-07-21T09:36:28,3000.0,23.0,S
2021-07-21T09:36:26,800.0,23.0,S
2021-07-21T09:36:25,5000.0,23.0,S
2021-07-21T09:36:25,2000.0,23.05,B
2021-07-21T09:36:24,100.0,23.0,S
2021-07-21T09:36:22,1000.0,23.0,S
2021-07-21T09:36:19,8600.0,23.0,S
2021-07-21T09:36:14,3000.0,23.0,S
2021-07-21T09:36:14,7000.0,23.0,S
2021-07-21T09:36:14,1000.0,23.05,B
2021-07-21T09:36:06,8000.0,23.0,S
2021-07-21T09:36:06,500.0,23.0,S
2021-07-21T09:36:06,11500.0,23.0,S
2021-07-21T09:35:47,2900.0,23.05,B
2021-07-21T09:35:46,100.0,23.05,B
2021-07-21T09:35:12,13000.0,23.05,S
2021-07-21T09:35:12,500.0,23.1,B
2021-07-21T09:35:11,1000.0,23.1,B
2021-07-21T09:35:10,800.0,23.1,B
2021-07-21T09:34:52,300.0,23.1,S
2021-07-21T09:34:47,2000.0,23.1,S
2021-07-21T09:34:42,100.0,23.15,B
2021-07-21T09:34:16,1500.0,23.15,B
2021-07-21T09:34:10,5000.0,23.1,S
2021-07-21T09:33:44,200.0,23.15,B
2021-07-21T09:33:20,100.0,23.2,B
2021-07-21T09:33:18,900.0,23.1,B
2021-07-21T09:33:16,100.0,23.1,S
2021-07-21T09:33:16,19000.0,23.1,S
2021-07-21T09:33:11,1400.0,23.15,B
2021-07-21T09:33:09,100.0,23.15,B
2021-07-21T09:33:04,1000.0,23.1,S
2021-07-21T09:32:30,1000.0,23.1,S
2021-07-21T09:32:30,100.0,23.15,B
2021-07-21T09:32:26,400.0,23.1,S
2021-07-21T09:32:26,100.0,23.1,S
2021-07-21T09:32:22,3700.0,23.15,B
2021-07-21T09:32:03,4100.0,23.1,S
2021-07-21T09:31:57,4000.0,23.1,S
2021-07-21T09:31:52,900.0,23.15,B
2021-07-21T09:31:43,1000.0,23.2,B
2021-07-21T09:31:40,8600.0,23.1,S
2021-07-21T09:31:40,300.0,23.1,S
2021-07-21T09:31:40,21100.0,23.15,S
2021-07-21T09:31:39,3600.0,23.15,S
2021-07-21T09:31:35,100.0,23.2,B
2021-07-21T09:31:28,2000.0,23.2,B
2021-07-21T09:31:26,2000.0,23.2,B
2021-07-21T09:31:11,100.0,23.2,B
2021-07-21T09:31:07,37100.0,23.2,S
2021-07-21T09:31:04,700.0,23.25,S
2021-07-21T09:30:54,300.0,23.3,B
2021-07-21T09:30:50,600.0,23.3,B
2021-07-21T09:30:50,100.0,23.3,B
2021-07-21T09:30:45,1000.0,23.3,B
2021-07-21T09:30:35,200.0,23.3,B
2021-07-21T09:30:29,5000.0,23.2,S
2021-07-21T09:30:18,200.0,23.3,B
2021-07-21T09:30:06,200.0,23.3,S
2021-07-21T09:30:02,100.0,23.3,S
2021-07-21T09:29:49,2000.0,23.2,S
2021-07-21T09:29:49,3100.0,23.2,S
2021-07-21T09:29:49,4000.0,23.2,S
2021-07-21T09:29:49,10000.0,23.25,S
2021-07-21T09:29:49,2300.0,23.25,S
2021-07-21T09:29:33,3100.0,23.3,S
2021-07-21T09:29:12,2000.0,23.3,B
2021-07-21T09:29:09,2800.0,23.3,B
2021-07-21T09:28:54,400.0,23.3,B
2021-07-21T09:28:54,100.0,23.3,B
2021-07-21T09:28:41,100.0,23.3,B
2021-07-21T09:28:30,10000.0,23.25,S
2021-07-21T09:28:28,2000.0,23.3,S
2021-07-21T09:28:21,1200.0,23.3,B
2021-07-21T09:28:15,100.0,23.3,B
2021-07-21T09:28:13,200.0,23.3,B
2021-07-21T09:28:03,100.0,23.3,B
2021-07-21T09:27:56,500.0,23.3,B
2021-07-21T09:27:56,700.0,23.3,B
2021-07-21T09:27:56,3800.0,23.3,B
2021-07-21T09:27:47,2000.0,23.3,B
2021-07-21T09:27:46,200.0,23.3,B
2021-07-21T09:27:37,1200.0,23.3,B
2021-07-21T09:27:18,100.0,23.3,B
2021-07-21T09:27:17,100.0,23.3,B
2021-07-21T09:27:06,800.0,23.3,B
2021-07-21T09:26:58,500.0,23.35,B
2021-07-21T09:26:56,500.0,23.35,B
2021-07-21T09:26:56,2000.0,23.3,B
2021-07-21T09:26:55,7800.0,23.25,S
2021-07-21T09:26:55,5500.0,23.3,S
2021-07-21T09:26:55,2600.0,23.3,S
2021-07-21T09:26:55,10000.0,23.3,S
2021-07-21T09:26:55,4100.0,23.3,S
2021-07-21T09:26:43,1000.0,23.3,S
2021-07-21T09:26:33,200.0,23.35,B
2021-07-21T09:26:30,1600.0,23.3,S
2021-07-21T09:26:15,5000.0,23.3,S
2021-07-21T09:26:08,500.0,23.35,B
2021-07-21T09:26:06,100.0,23.35,S
2021-07-21T09:26:05,500.0,23.4,B
2021-07-21T09:26:05,100.0,23.35,S
2021-07-21T09:26:01,100.0,23.35,S
2021-07-21T09:26:01,200.0,23.35,S
2021-07-21T09:25:59,200.0,23.35,S
2021-07-21T09:25:52,5000.0,23.35,S
2021-07-21T09:25:36,100.0,23.35,B
2021-07-21T09:25:31,500.0,23.3,S
2021-07-21T09:25:21,500.0,23.35,B
2021-07-21T09:25:19,300.0,23.3,S
2021-07-21T09:25:08,700.0,23.4,B
2021-07-21T09:25:05,1000.0,23.4,B
2021-07-21T09:25:03,14100.0,23.35,S
2021-07-21T09:25:02,2000.0,23.4,B
2021-07-21T09:25:02,3000.0,23.4,B
2021-07-21T09:25:01,1000.0,23.35,S
2021-07-21T09:25:01,10000.0,23.35,S
2021-07-21T09:24:55,2000.0,23.4,B
2021-07-21T09:24:46,300.0,23.4,B
2021-07-21T09:24:44,5700.0,23.4,S
2021-07-21T09:24:42,500.0,23.4,S
2021-07-21T09:24:39,2800.0,23.4,S
2021-07-21T09:24:39,2200.0,23.4,S
2021-07-21T09:24:23,300.0,23.4,S
2021-07-21T09:24:23,700.0,23.4,S
2021-07-21T09:24:09,100.0,23.5,B
2021-07-21T09:24:00,200.0,23.5,B
2021-07-21T09:23:54,100.0,23.5,B
2021-07-21T09:23:51,3000.0,23.5,B
2021-07-21T09:23:44,100.0,23.4,S
2021-07-21T09:23:44,200.0,23.5,B
2021-07-21T09:23:43,300.0,23.5,B
2021-07-21T09:23:41,1000.0,23.4,S
2021-07-21T09:23:38,10000.0,23.4,S
2021-07-21T09:23:34,100.0,23.5,B
2021-07-21T09:23:31,3000.0,23.4,S
2021-07-21T09:23:24,4300.0,23.5,B
2021-07-21T09:23:24,400.0,23.5,B
2021-07-21T09:23:24,16000.0,23.5,B
2021-07-21T09:23:24,1500.0,23.5,B
2021-07-21T09:23:24,500.0,23.5,B
2021-07-21T09:23:24,500.0,23.5,B
2021-07-21T09:23:24,5900.0,23.5,B
2021-07-21T09:23:24,15400.0,23.5,B
2021-07-21T09:23:24,1600.0,23.5,B
2021-07-21T09:23:24,1300.0,23.5,B
2021-07-21T09:23:24,33100.0,23.5,B
2021-07-21T09:23:24,46000.0,23.45,B
2021-07-21T09:23:24,23500.0,23.45,B
2021-07-21T09:23:20,400.0,23.4,S
2021-07-21T09:23:20,2000.0,23.4,B
2021-07-21T09:23:20,4000.0,23.4,B
2021-07-21T09:23:16,2000.0,23.4,B
2021-07-21T09:23:14,100.0,23.4,B
2021-07-21T09:23:07,5000.0,23.4,B
2021-07-21T09:23:06,10000.0,23.4,B
2021-07-21T09:23:06,500.0,23.35,S
2021-07-21T09:23:04,2000.0,23.4,B
2021-07-21T09:23:03,27100.0,23.4,B
2021-07-21T09:23:03,22900.0,23.4,B
2021-07-21T09:23:03,1600.0,23.4,B
2021-07-21T09:23:00,3000.0,23.4,B
2021-07-21T09:23:00,7000.0,23.4,B
2021-07-21T09:22:50,1000.0,23.4,B
2021-07-21T09:22:46,200.0,23.35,S
2021-07-21T09:22:38,2000.0,23.35,S
2021-07-21T09:22:37,500.0,23.35,S
2021-07-21T09:22:33,1000.0,23.35,S
2021-07-21T09:22:32,10200.0,23.35,B
2021-07-21T09:22:30,25000.0,23.35,B
2021-07-21T09:22:27,2000.0,23.3,S
2021-07-21T09:22:23,200.0,23.3,B
2021-07-21T09:22:23,200.0,23.3,B
2021-07-21T09:22:18,500.0,23.3,B
2021-07-21T09:22:18,200.0,23.25,S
2021-07-21T09:22:17,1000.0,23.3,B
2021-07-21T09:22:13,400.0,23.25,S
2021-07-21T09:22:12,1000.0,23.25,S
2021-07-21T09:22:11,4400.0,23.3,B
2021-07-21T09:22:09,200.0,23.3,B
2021-07-21T09:22:06,10000.0,23.3,B
2021-07-21T09:22:05,200.0,23.25,S
2021-07-21T09:22:04,2000.0,23.3,B
2021-07-21T09:22:04,8000.0,23.3,B
2021-07-21T09:22:00,1000.0,23.3,B
2021-07-21T09:21:51,100.0,23.25,S
2021-07-21T09:21:48,1700.0,23.25,B
2021-07-21T09:21:43,1000.0,23.25,B
2021-07-21T09:21:38,900.0,23.25,B
2021-07-21T09:21:36,5000.0,23.25,B
2021-07-21T09:21:35,1500.0,23.25,B
2021-07-21T09:21:33,3500.0,23.25,B
2021-07-21T09:21:28,3000.0,23.25,B
2021-07-21T09:21:26,20000.0,23.25,B
2021-07-21T09:21:22,200.0,23.2,S
2021-07-21T09:21:13,2500.0,23.25,B
2021-07-21T09:21:13,3100.0,23.2,B
2021-07-21T09:21:13,2000.0,23.2,B
2021-07-21T09:21:13,100.0,23.2,B
2021-07-21T09:21:13,10300.0,23.2,B
2021-07-21T09:21:13,500.0,23.2,B
2021-07-21T09:21:11,500.0,23.2,B
2021-07-21T09:21:08,400.0,23.2,B
2021-07-21T09:21:08,500.0,23.2,B
2021-07-21T09:21:00,1000.0,23.2,B
2021-07-21T09:20:58,500.0,23.15,S
2021-07-21T09:20:56,300.0,23.2,B
2021-07-21T09:20:42,900.0,23.15,S
2021-07-21T09:20:39,2000.0,23.2,B
2021-07-21T09:20:35,900.0,23.15,B
2021-07-21T09:20:29,1000.0,23.15,B
2021-07-21T09:20:29,19600.0,23.15,B
2021-07-21T09:20:29,800.0,23.15,B
2021-07-21T09:20:13,1100.0,23.1,B
2021-07-21T09:20:13,4100.0,23.1,B
2021-07-21T09:20:13,4000.0,23.1,B
2021-07-21T09:20:13,2000.0,23.1,B
2021-07-21T09:20:12,1000.0,23.05,S
2021-07-21T09:20:08,2100.0,23.1,B
2021-07-21T09:20:08,500.0,23.1,B
2021-07-21T09:20:07,7000.0,23.1,B
2021-07-21T09:20:04,3200.0,23.1,B
2021-07-21T09:20:01,12000.0,23.1,B
2021-07-21T09:19:53,22300.0,23.05,B
2021-07-21T09:19:52,5000.0,23.05,B
2021-07-21T09:19:48,500.0,23.05,B
2021-07-21T09:19:48,500.0,23.0,S
2021-07-21T09:19:36,300.0,23.0,B
2021-07-21T09:19:34,5000.0,23.0,B
2021-07-21T09:19:31,9600.0,23.0,B
2021-07-21T09:19:31,1000.0,23.0,B
2021-07-21T09:19:28,200.0,23.0,B
2021-07-21T09:19:27,5000.0,23.0,B
2021-07-21T09:19:27,200.0,22.95,S
2021-07-21T09:19:24,4000.0,23.0,B
2021-07-21T09:19:22,300.0,23.0,B
2021-07-21T09:19:22,200.0,23.0,B
2021-07-21T09:19:21,6700.0,23.0,B
2021-07-21T09:19:19,2000.0,23.0,B
2021-07-21T09:19:14,700.0,23.0,B
2021-07-21T09:19:09,10000.0,23.0,B
2021-07-21T09:18:35,400.0,22.95,B
2021-07-21T09:18:34,10000.0,22.95,B
2021-07-21T09:18:31,14000.0,22.95,B
2021-07-21T09:18:30,3000.0,22.95,B
2021-07-21T09:18:29,500.0,22.95,B
2021-07-21T09:18:24,3000.0,22.95,B
2021-07-21T09:18:16,100.0,22.9,S
2021-07-21T09:18:12,4700.0,22.95,B
2021-07-21T09:18:11,15000.0,22.9,S
2021-07-21T09:18:08,1300.0,22.95,B
2021-07-21T09:18:03,2500.0,22.9,S
2021-07-21T09:17:51,500.0,22.9,S
2021-07-21T09:17:46,5400.0,22.9,B
2021-07-21T09:17:46,200.0,22.9,B
2021-07-21T09:17:41,2500.0,22.9,S
2021-07-21T09:17:41,11900.0,22.9,S
2021-07-21T09:17:39,1000.0,22.9,S
2021-07-21T09:17:37,5000.0,22.95,B
2021-07-21T09:17:25,1000.0,22.9,S
2021-07-21T09:17:20,500.0,22.9,S
2021-07-21T09:17:20,5000.0,22.9,S
2021-07-21T09:17:11,1000.0,22.9,S
2021-07-21T09:17:10,1800.0,22.9,B
2021-07-21T09:17:10,2200.0,22.9,S
2021-07-21T09:17:10,1000.0,22.9,S
2021-07-21T09:17:05,1000.0,22.95,B
2021-07-21T09:17:05,1000.0,22.9,S
2021-07-21T09:17:05,1000.0,22.9,S
2021-07-21T09:16:57,10000.0,22.9,S
2021-07-21T09:16:56,100.0,22.95,B
2021-07-21T09:16:55,300.0,22.95,B
2021-07-21T09:16:52,1000.0,22.95,B
2021-07-21T09:16:51,3000.0,22.95,B
2021-07-21T09:16:50,200.0,22.95,B
2021-07-21T09:16:48,100.0,22.95,B
2021-07-21T09:16:43,200.0,22.95,B
2021-07-21T09:16:40,1000.0,22.95,B
2021-07-21T09:16:34,500.0,22.95,B
2021-07-21T09:16:17,600.0,22.95,B
2021-07-21T09:16:00,4900.0,22.9,B
2021-07-21T09:15:53,20000.0,22.9,B
2021-07-21T09:15:48,3000.0,22.85,S
2021-07-21T09:15:42,1700.0,22.9,B
2021-07-21T09:15:34,1000.0,22.95,B
2021-07-21T09:15:24,3700.0,22.85,S
2021-07-21T09:15:23,2300.0,22.9,S
2021-07-21T09:15:19,1000.0,22.9,S
2021-07-21T09:15:18,500.0,22.9,S
2021-07-21T09:15:14,2000.0,22.9,S
2021-07-21T09:15:05,1000.0,22.9,S
