tradingTime,volume,price,side
2021-07-21T14:29:30,200.0,5.89,B
2021-07-21T14:29:26,2000.0,5.87,S
2021-07-21T14:29:25,500.0,5.89,B
2021-07-21T14:29:07,200.0,5.87,B
2021-07-21T14:29:05,100.0,5.87,B
2021-07-21T14:29:03,2000.0,5.87,B
2021-07-21T14:28:37,100.0,5.87,B
2021-07-21T14:28:32,7600.0,5.87,S
2021-07-21T14:28:25,4400.0,5.88,B
2021-07-21T14:28:21,600.0,5.88,S
2021-07-21T14:28:13,900.0,5.88,S
2021-07-21T14:28:06,3100.0,5.88,S
2021-07-21T14:28:04,3000.0,5.88,S
2021-07-21T14:27:23,300.0,5.88,S
2021-07-21T14:27:14,400.0,5.88,S
2021-07-21T14:27:05,1000.0,5.88,S
2021-07-21T14:26:20,1000.0,5.88,S
2021-07-21T14:26:10,2800.0,5.88,B
2021-07-21T14:26:09,400.0,5.88,B
2021-07-21T14:25:41,1800.0,5.88,S
2021-07-21T14:25:41,200.0,5.88,B
2021-07-21T14:25:39,100.0,5.88,B
2021-07-21T14:25:37,200.0,5.87,S
2021-07-21T14:25:09,200.0,5.88,B
2021-07-21T14:24:18,300.0,5.87,S
2021-07-21T14:23:59,1000.0,5.85,S
2021-07-21T14:23:49,500.0,5.85,S
2021-07-21T14:23:43,200.0,5.85,B
2021-07-21T14:23:43,26800.0,5.85,B
2021-07-21T14:23:34,3000.0,5.85,B
2021-07-21T14:23:29,20000.0,5.85,B
2021-07-21T14:22:27,1700.0,5.84,B
2021-07-21T14:22:25,1000.0,5.84,B
2021-07-21T14:22:19,1000.0,5.84,B
2021-07-21T14:22:13,500.0,5.84,B
2021-07-21T14:22:10,3000.0,5.84,B
2021-07-21T14:22:10,5000.0,5.84,B
2021-07-21T14:22:08,10000.0,5.84,B
2021-07-21T14:22:02,500.0,5.84,B
2021-07-21T14:22:02,5000.0,5.84,B
2021-07-21T14:21:58,400.0,5.84,B
2021-07-21T14:21:38,1000.0,5.84,B
2021-07-21T14:21:24,2000.0,5.84,B
2021-07-21T14:21:18,9000.0,5.84,B
2021-07-21T14:21:18,100.0,5.85,B
2021-07-21T14:20:49,1000.0,5.85,B
2021-07-21T14:20:42,1000.0,5.85,B
2021-07-21T14:20:42,10000.0,5.84,S
2021-07-21T14:20:34,1000.0,5.85,B
2021-07-21T14:20:25,1000.0,5.85,B
2021-07-21T14:20:19,7000.0,5.85,B
2021-07-21T14:19:58,100.0,5.85,B
2021-07-21T14:19:55,500.0,5.85,B
2021-07-21T14:19:47,100.0,5.85,B
2021-07-21T14:19:39,100.0,5.85,B
2021-07-21T14:19:31,100.0,5.85,B
2021-07-21T14:19:31,100.0,5.85,B
2021-07-21T14:19:24,100.0,5.85,B
2021-07-21T14:19:20,200.0,5.85,B
2021-07-21T14:19:08,200.0,5.85,B
2021-07-21T14:18:55,100.0,5.85,B
2021-07-21T14:18:50,500.0,5.85,B
2021-07-21T14:17:52,500.0,5.85,B
2021-07-21T14:17:44,300.0,5.85,B
2021-07-21T14:17:38,500.0,5.85,B
2021-07-21T14:17:19,26900.0,5.85,B
2021-07-21T14:17:17,2000.0,5.85,B
2021-07-21T14:17:12,400.0,5.85,B
2021-07-21T14:17:05,500.0,5.85,S
2021-07-21T14:17:05,9200.0,5.85,S
2021-07-21T14:17:05,10500.0,5.85,S
2021-07-21T14:17:05,1000.0,5.85,S
2021-07-21T14:17:05,34100.0,5.85,S
2021-07-21T14:17:05,200.0,5.85,S
2021-07-21T14:15:50,700.0,5.87,S
2021-07-21T14:15:21,100.0,5.88,B
2021-07-21T14:15:12,4400.0,5.88,S
2021-07-21T14:14:48,1000.0,5.88,B
2021-07-21T14:14:48,7000.0,5.88,B
2021-07-21T14:14:48,200.0,5.88,B
2021-07-21T14:14:08,6900.0,5.88,S
2021-07-21T14:14:08,6900.0,5.88,S
2021-07-21T14:13:50,1000.0,5.89,B
2021-07-21T14:13:14,100.0,5.89,B
2021-07-21T14:13:09,2900.0,5.89,S
2021-07-21T14:12:50,10000.0,5.89,S
2021-07-21T14:12:27,100.0,5.9,B
2021-07-21T14:12:13,500.0,5.9,B
2021-07-21T14:11:19,12300.0,5.9,S
2021-07-21T14:11:19,15000.0,5.9,S
2021-07-21T14:11:19,8800.0,5.9,S
2021-07-21T14:10:43,3700.0,5.92,S
2021-07-21T14:10:38,500.0,5.92,S
2021-07-21T14:10:13,300.0,5.92,S
2021-07-21T14:09:57,1000.0,5.92,S
2021-07-21T14:09:16,1100.0,5.92,B
2021-07-21T14:09:16,4000.0,5.92,B
2021-07-21T14:08:37,3000.0,5.91,B
2021-07-21T14:08:31,3000.0,5.9,B
2021-07-21T14:08:15,200.0,5.89,S
2021-07-21T14:08:14,500.0,5.9,S
2021-07-21T14:08:14,1500.0,5.9,B
2021-07-21T14:08:00,1000.0,5.9,B
2021-07-21T14:06:24,1000.0,5.9,B
2021-07-21T14:06:19,800.0,5.9,B
2021-07-21T14:05:18,700.0,5.9,B
2021-07-21T14:05:18,900.0,5.9,B
2021-07-21T14:05:18,3400.0,5.9,B
2021-07-21T14:05:02,500.0,5.89,B
2021-07-21T14:04:45,5900.0,5.89,B
2021-07-21T14:04:45,7800.0,5.89,B
2021-07-21T14:04:38,500.0,5.89,B
2021-07-21T14:04:35,100.0,5.89,B
2021-07-21T14:04:35,500.0,5.89,B
2021-07-21T14:04:23,600.0,5.89,B
2021-07-21T14:04:23,300.0,5.89,B
2021-07-21T14:04:13,100.0,5.89,B
2021-07-21T14:02:51,3600.0,5.88,B
2021-07-21T14:02:48,1500.0,5.88,B
2021-07-21T14:02:45,1000.0,5.88,B
2021-07-21T14:02:40,5000.0,5.88,B
2021-07-21T14:02:05,100.0,5.87,S
2021-07-21T14:01:51,1000.0,5.87,B
2021-07-21T14:01:42,3000.0,5.87,B
2021-07-21T14:01:42,2000.0,5.87,B
2021-07-21T14:01:24,500.0,5.85,B
2021-07-21T14:01:08,5000.0,5.85,B
2021-07-21T14:01:00,2100.0,5.81,S
2021-07-21T14:01:00,7500.0,5.83,S
2021-07-21T14:01:00,400.0,5.83,S
2021-07-21T14:00:44,800.0,5.85,S
2021-07-21T14:00:44,3700.0,5.85,S
2021-07-21T14:00:43,1000.0,5.85,S
2021-07-21T14:00:38,3300.0,5.85,S
2021-07-21T14:00:38,1100.0,5.85,S
2021-07-21T14:00:38,11400.0,5.85,S
2021-07-21T14:00:38,3200.0,5.85,S
2021-07-21T14:00:38,2800.0,5.85,S
2021-07-21T14:00:38,400.0,5.85,S
2021-07-21T14:00:38,3600.0,5.85,S
2021-07-21T14:00:38,31300.0,5.85,S
2021-07-21T14:00:38,20400.0,5.85,S
2021-07-21T14:00:38,101700.0,5.85,S
2021-07-21T14:00:38,5000.0,5.85,S
2021-07-21T14:00:38,2000.0,5.85,S
2021-07-21T14:00:38,10000.0,5.85,S
2021-07-21T14:00:38,3800.0,5.85,S
2021-07-21T14:00:26,1100.0,5.85,S
2021-07-21T14:00:18,4000.0,5.85,S
2021-07-21T13:59:46,38700.0,5.85,S
2021-07-21T13:59:46,2200.0,5.85,S
2021-07-21T13:59:46,200.0,5.86,S
2021-07-21T13:59:46,58900.0,5.86,S
2021-07-21T13:59:32,500.0,5.87,S
2021-07-21T13:58:53,1000.0,5.88,B
2021-07-21T13:58:52,10400.0,5.87,S
2021-07-21T13:58:44,200.0,5.87,S
2021-07-21T13:58:39,20000.0,5.87,S
2021-07-21T13:58:23,900.0,5.88,S
2021-07-21T13:58:19,100.0,5.88,B
2021-07-21T13:57:59,1900.0,5.88,S
2021-07-21T13:57:52,500.0,5.89,B
2021-07-21T13:57:47,700.0,5.88,S
2021-07-21T13:57:40,100.0,5.89,B
2021-07-21T13:57:07,100.0,5.89,B
2021-07-21T13:56:49,1000.0,5.88,S
2021-07-21T13:56:45,700.0,5.88,S
2021-07-21T13:56:42,10000.0,5.88,S
2021-07-21T13:56:40,1500.0,5.88,S
2021-07-21T13:56:39,10000.0,5.88,S
2021-07-21T13:56:30,400.0,5.88,S
2021-07-21T13:55:52,10000.0,5.88,S
2021-07-21T13:55:52,7300.0,5.88,S
2021-07-21T13:55:52,1600.0,5.88,S
2021-07-21T13:55:52,2000.0,5.88,S
2021-07-21T13:55:52,2000.0,5.88,S
2021-07-21T13:55:52,100.0,5.88,S
2021-07-21T13:55:48,500.0,5.89,B
2021-07-21T13:55:39,200.0,5.89,S
2021-07-21T13:55:30,5000.0,5.89,S
2021-07-21T13:54:30,19900.0,5.89,S
2021-07-21T13:54:30,6000.0,5.89,S
2021-07-21T13:54:30,74100.0,5.89,S
2021-07-21T13:54:26,19300.0,5.91,B
2021-07-21T13:54:19,3000.0,5.89,S
2021-07-21T13:54:03,25000.0,5.9,B
2021-07-21T13:53:44,200.0,5.9,B
2021-07-21T13:53:19,5500.0,5.9,S
2021-07-21T13:53:19,20000.0,5.9,S
2021-07-21T13:53:19,300.0,5.9,S
2021-07-21T13:52:42,3600.0,5.91,S
2021-07-21T13:52:02,1000.0,5.91,B
2021-07-21T13:52:00,500.0,5.91,B
2021-07-21T13:51:47,2500.0,5.91,B
2021-07-21T13:51:40,12900.0,5.91,B
2021-07-21T13:51:13,700.0,5.9,B
2021-07-21T13:48:58,8000.0,5.89,S
2021-07-21T13:48:52,1000.0,5.89,S
2021-07-21T13:48:00,600.0,5.89,S
2021-07-21T13:48:00,1400.0,5.89,S
2021-07-21T13:47:51,7000.0,5.89,S
2021-07-21T13:47:43,2000.0,5.89,S
2021-07-21T13:47:39,1000.0,5.89,S
2021-07-21T13:47:30,500.0,5.89,S
2021-07-21T13:47:12,5600.0,5.89,S
2021-07-21T13:46:51,5000.0,5.89,S
2021-07-21T13:46:19,2000.0,5.89,S
2021-07-21T13:46:10,200.0,5.89,S
2021-07-21T13:46:04,1000.0,5.9,B
2021-07-21T13:45:24,1000.0,5.9,B
2021-07-21T13:45:17,200.0,5.9,B
2021-07-21T13:45:14,100.0,5.9,B
2021-07-21T13:45:12,1200.0,5.9,B
2021-07-21T13:44:58,900.0,5.9,S
2021-07-21T13:44:58,14800.0,5.9,S
2021-07-21T13:44:56,1300.0,5.91,B
2021-07-21T13:44:49,5000.0,5.91,B
2021-07-21T13:44:39,200.0,5.91,B
2021-07-21T13:44:22,1600.0,5.91,B
2021-07-21T13:43:42,800.0,5.91,S
2021-07-21T13:43:10,200.0,5.91,S
2021-07-21T13:42:34,1000.0,5.91,S
2021-07-21T13:41:53,1000.0,5.91,S
2021-07-21T13:41:22,1000.0,5.92,B
2021-07-21T13:41:17,100.0,5.92,B
2021-07-21T13:41:12,300.0,5.92,S
2021-07-21T13:40:39,9700.0,5.92,S
2021-07-21T13:39:57,500.0,5.93,B
2021-07-21T13:39:05,2000.0,5.91,B
2021-07-21T13:39:03,100.0,5.91,B
2021-07-21T13:38:39,5000.0,5.91,B
2021-07-21T13:38:34,800.0,5.91,B
2021-07-21T13:38:14,500.0,5.91,B
2021-07-21T13:38:08,500.0,5.91,B
2021-07-21T13:37:40,1000.0,5.91,B
2021-07-21T13:37:20,100.0,5.91,B
2021-07-21T13:36:31,47600.0,5.9,S
2021-07-21T13:36:31,900.0,5.9,B
2021-07-21T13:36:16,1000.0,5.9,B
2021-07-21T13:36:14,700.0,5.9,B
2021-07-21T13:35:58,100.0,5.9,B
2021-07-21T13:35:51,6000.0,5.89,S
2021-07-21T13:35:23,5000.0,5.89,S
2021-07-21T13:35:16,1200.0,5.89,S
2021-07-21T13:34:53,700.0,5.9,B
2021-07-21T13:34:52,1000.0,5.9,B
2021-07-21T13:34:38,30000.0,5.9,B
2021-07-21T13:34:34,1400.0,5.9,S
2021-07-21T13:34:34,100.0,5.9,S
2021-07-21T13:34:34,8000.0,5.9,S
2021-07-21T13:34:34,500.0,5.9,S
2021-07-21T13:34:34,1100.0,5.9,S
2021-07-21T13:34:34,4100.0,5.9,S
2021-07-21T13:34:34,7400.0,5.9,S
2021-07-21T13:34:34,3200.0,5.9,S
2021-07-21T13:34:34,12300.0,5.9,S
2021-07-21T13:34:34,2600.0,5.9,S
2021-07-21T13:34:34,10200.0,5.9,S
2021-07-21T13:34:34,500.0,5.9,S
2021-07-21T13:34:34,1300.0,5.9,S
2021-07-21T13:34:34,700.0,5.9,S
2021-07-21T13:34:34,4200.0,5.9,S
2021-07-21T13:34:34,1700.0,5.9,S
2021-07-21T13:34:34,10400.0,5.9,S
2021-07-21T13:34:34,110800.0,5.9,S
2021-07-21T13:34:34,20400.0,5.9,S
2021-07-21T13:33:36,16100.0,5.9,S
2021-07-21T13:33:36,1000.0,5.91,S
2021-07-21T13:33:35,7700.0,5.91,S
2021-07-21T13:33:06,500.0,5.91,S
2021-07-21T13:33:01,100.0,5.92,S
2021-07-21T13:32:42,200.0,5.92,S
2021-07-21T13:32:39,100.0,5.92,B
2021-07-21T13:32:33,200.0,5.92,B
2021-07-21T13:32:18,200.0,5.92,B
2021-07-21T13:31:45,5000.0,5.92,B
2021-07-21T13:31:34,100.0,5.91,S
2021-07-21T13:31:32,100.0,5.91,S
2021-07-21T13:31:17,100.0,5.91,S
2021-07-21T13:30:54,10000.0,5.91,S
2021-07-21T13:30:50,100.0,5.91,S
2021-07-21T13:30:43,20000.0,5.91,S
2021-07-21T13:30:38,100.0,5.92,B
2021-07-21T13:29:34,800.0,5.91,S
2021-07-21T13:29:12,4800.0,5.92,B
2021-07-21T13:28:22,18200.0,5.92,B
2021-07-21T13:28:07,200.0,5.92,B
2021-07-21T13:27:28,17100.0,5.93,B
2021-07-21T13:27:28,2900.0,5.92,B
2021-07-21T13:27:23,400.0,5.92,B
2021-07-21T13:26:51,10100.0,5.9,S
2021-07-21T13:26:24,7400.0,5.9,S
2021-07-21T13:26:23,200.0,5.92,B
2021-07-21T13:25:52,4100.0,5.9,S
2021-07-21T13:25:52,1400.0,5.9,S
2021-07-21T13:25:52,1200.0,5.9,S
2021-07-21T13:25:52,11300.0,5.9,S
2021-07-21T13:25:52,12000.0,5.9,S
2021-07-21T13:25:52,51800.0,5.9,S
2021-07-21T13:25:52,100.0,5.9,S
2021-07-21T13:25:52,500.0,5.9,S
2021-07-21T13:25:52,53100.0,5.9,S
2021-07-21T13:25:52,2000.0,5.91,S
2021-07-21T13:25:52,100.0,5.91,S
2021-07-21T13:25:52,2000.0,5.91,S
2021-07-21T13:25:52,106100.0,5.91,S
2021-07-21T13:25:52,39600.0,5.91,S
2021-07-21T13:25:52,100000.0,5.91,S
2021-07-21T13:25:52,36400.0,5.91,S
2021-07-21T13:25:52,10500.0,5.92,S
2021-07-21T13:25:52,31100.0,5.92,S
2021-07-21T13:25:52,13500.0,5.92,S
2021-07-21T13:25:52,59200.0,5.92,S
2021-07-21T13:25:51,2000.0,5.92,S
2021-07-21T13:25:48,7000.0,5.92,S
2021-07-21T13:25:47,14000.0,5.92,S
2021-07-21T13:25:29,100.0,5.92,S
2021-07-21T13:25:22,2000.0,5.92,S
2021-07-21T13:25:17,1200.0,5.92,S
2021-07-21T13:24:54,10000.0,5.92,S
2021-07-21T13:24:52,100.0,5.92,S
2021-07-21T13:24:10,300.0,5.93,B
2021-07-21T13:23:41,10200.0,5.93,B
2021-07-21T13:22:45,1000.0,5.93,S
2021-07-21T13:22:43,8800.0,5.93,B
2021-07-21T13:21:54,100.0,5.93,S
2021-07-21T13:21:49,4000.0,5.93,S
2021-07-21T13:21:40,100.0,5.93,S
2021-07-21T13:21:39,2000.0,5.93,S
2021-07-21T13:21:24,200.0,5.93,S
2021-07-21T13:21:04,7100.0,5.93,S
2021-07-21T13:20:45,600.0,5.93,S
2021-07-21T13:20:31,900.0,5.93,S
2021-07-21T13:20:26,2100.0,5.93,S
2021-07-21T13:20:20,7000.0,5.93,S
2021-07-21T13:19:18,500.0,5.93,S
2021-07-21T13:18:45,5000.0,5.93,S
2021-07-21T13:18:36,500.0,5.93,S
2021-07-21T13:17:46,1300.0,5.94,B
2021-07-21T13:17:23,100.0,5.93,S
2021-07-21T13:17:05,2300.0,5.93,S
2021-07-21T13:16:54,3500.0,5.93,B
2021-07-21T13:16:49,400.0,5.93,B
2021-07-21T13:16:44,200.0,5.92,S
2021-07-21T13:15:36,400.0,5.92,S
2021-07-21T13:15:36,6100.0,5.93,S
2021-07-21T13:15:32,100.0,5.93,S
2021-07-21T13:14:56,600.0,5.93,S
2021-07-21T13:14:50,1000.0,5.93,S
2021-07-21T13:14:43,7200.0,5.93,S
2021-07-21T13:14:25,100.0,5.93,B
2021-07-21T13:12:28,500.0,5.93,B
2021-07-21T13:12:25,10000.0,5.92,S
2021-07-21T13:11:11,6800.0,5.93,B
2021-07-21T13:11:03,1800.0,5.93,S
2021-07-21T13:10:59,3200.0,5.93,S
2021-07-21T13:10:55,7400.0,5.93,S
2021-07-21T13:10:55,37600.0,5.93,S
2021-07-21T13:10:55,500.0,5.93,S
2021-07-21T13:10:43,10000.0,5.93,S
2021-07-21T13:10:19,800.0,5.93,S
2021-07-21T13:10:01,1000.0,5.94,B
2021-07-21T13:09:55,5000.0,5.93,S
2021-07-21T13:09:31,100.0,5.94,B
2021-07-21T13:09:28,10000.0,5.93,S
2021-07-21T13:07:46,100.0,5.94,B
2021-07-21T13:07:19,100.0,5.93,S
2021-07-21T13:05:06,1300.0,5.93,S
2021-07-21T13:04:59,1500.0,5.94,B
2021-07-21T13:04:18,200.0,5.94,B
2021-07-21T13:03:23,600.0,5.94,B
2021-07-21T13:03:21,100.0,5.94,B
2021-07-21T13:02:45,500.0,5.94,B
2021-07-21T13:00:14,700.0,5.94,B
2021-07-21T13:00:14,3400.0,5.94,B
2021-07-21T13:00:09,200.0,5.94,B
2021-07-21T13:00:07,1000.0,5.94,B
2021-07-21T13:00:05,300.0,5.94,B
2021-07-21T13:00:05,100.0,5.94,B
2021-07-21T13:00:02,100.0,5.95,B
2021-07-21T13:00:02,1900.0,5.93,S
2021-07-21T13:00:02,1100.0,5.94,S
2021-07-21T13:00:02,100.0,5.94,S
2021-07-21T13:00:02,2900.0,5.94,S
2021-07-21T11:29:51,500.0,5.94,S
2021-07-21T11:28:58,400.0,5.94,S
2021-07-21T11:27:23,5000.0,5.95,B
2021-07-21T11:26:45,300.0,5.95,B
2021-07-21T11:25:50,10000.0,5.94,S
2021-07-21T11:25:43,100.0,5.95,B
2021-07-21T11:24:50,1500.0,5.95,B
2021-07-21T11:23:58,100.0,5.95,B
2021-07-21T11:23:03,1000.0,5.94,S
2021-07-21T11:22:44,1000.0,5.94,S
2021-07-21T11:21:57,200.0,5.94,S
2021-07-21T11:21:33,15000.0,5.94,S
2021-07-21T11:21:23,200.0,5.94,S
2021-07-21T11:20:29,1000.0,5.95,B
2021-07-21T11:19:58,200.0,5.95,B
2021-07-21T11:19:25,600.0,5.95,S
2021-07-21T11:19:03,200.0,5.95,S
2021-07-21T11:18:58,800.0,5.95,S
2021-07-21T11:18:25,300.0,5.95,S
2021-07-21T11:18:01,100.0,5.95,S
2021-07-21T11:17:57,200.0,5.95,S
2021-07-21T11:17:41,100.0,5.95,S
2021-07-21T11:17:21,400.0,5.95,S
2021-07-21T11:17:00,1000.0,5.95,B
2021-07-21T11:17:00,3600.0,5.95,B
2021-07-21T11:16:45,300.0,5.95,B
2021-07-21T11:16:30,3300.0,5.94,B
2021-07-21T11:16:19,500.0,5.94,B
2021-07-21T11:16:14,1000.0,5.94,B
2021-07-21T11:16:05,2000.0,5.94,B
2021-07-21T11:15:53,51400.0,5.93,B
2021-07-21T11:15:50,2100.0,5.92,S
2021-07-21T11:15:50,2900.0,5.92,S
2021-07-21T11:15:14,100.0,5.92,S
2021-07-21T11:15:11,97000.0,5.92,B
2021-07-21T11:15:11,100.0,5.91,S
2021-07-21T11:15:08,30000.0,5.91,S
2021-07-21T11:15:02,5100.0,5.92,B
2021-07-21T11:13:56,4000.0,5.91,S
2021-07-21T11:13:51,17000.0,5.92,B
2021-07-21T11:13:30,2000.0,5.92,S
2021-07-21T11:13:20,18000.0,5.92,B
2021-07-21T11:12:48,5000.0,5.92,S
2021-07-21T11:12:48,77500.0,5.92,S
2021-07-21T11:12:35,2900.0,5.92,S
2021-07-21T11:12:30,5000.0,5.92,S
2021-07-21T11:12:30,200.0,5.92,S
2021-07-21T11:12:28,8900.0,5.92,S
2021-07-21T11:12:28,22000.0,5.92,S
2021-07-21T11:12:23,10000.0,5.92,S
2021-07-21T11:11:38,500.0,5.92,S
2021-07-21T11:11:20,3200.0,5.93,S
2021-07-21T11:11:20,3000.0,5.93,S
2021-07-21T11:11:15,12800.0,5.93,S
2021-07-21T11:11:08,18000.0,5.93,S
2021-07-21T11:11:04,5000.0,5.93,S
2021-07-21T11:11:03,400.0,5.94,B
2021-07-21T11:11:01,14000.0,5.93,S
2021-07-21T11:10:56,2000.0,5.93,S
2021-07-21T11:10:53,1000.0,5.93,S
2021-07-21T11:10:52,500.0,5.93,S
2021-07-21T11:10:52,500.0,5.93,S
2021-07-21T11:10:52,19000.0,5.93,S
2021-07-21T11:10:45,100.0,5.93,S
2021-07-21T11:10:13,10000.0,5.93,S
2021-07-21T11:10:12,1000.0,5.93,S
2021-07-21T11:10:12,300.0,5.93,S
2021-07-21T11:10:04,1300.0,5.93,S
2021-07-21T11:09:40,10000.0,5.93,S
2021-07-21T11:08:16,500.0,5.94,B
2021-07-21T11:08:16,8400.0,5.94,S
2021-07-21T11:08:16,3900.0,5.94,S
2021-07-21T11:08:16,50000.0,5.94,S
2021-07-21T11:08:09,100.0,5.95,B
2021-07-21T11:06:56,23000.0,5.94,S
2021-07-21T11:06:43,5000.0,5.94,S
2021-07-21T11:06:28,10000.0,5.94,S
2021-07-21T11:06:27,100.0,5.94,S
2021-07-21T11:05:23,1000.0,5.94,S
2021-07-21T11:05:15,1100.0,5.95,S
2021-07-21T11:04:49,500.0,5.95,S
2021-07-21T11:04:43,5000.0,5.95,S
2021-07-21T11:03:31,500.0,5.96,B
2021-07-21T11:03:20,200.0,5.95,S
2021-07-21T11:02:33,9800.0,5.95,S
2021-07-21T11:01:02,4900.0,5.95,S
2021-07-21T11:01:02,200.0,5.96,S
2021-07-21T10:59:57,9800.0,5.96,B
2021-07-21T10:58:01,200.0,5.95,S
2021-07-21T10:57:09,900.0,5.95,B
2021-07-21T10:56:52,39100.0,5.95,B
2021-07-21T10:56:38,100.0,5.96,B
2021-07-21T10:56:29,100.0,5.96,B
2021-07-21T10:56:25,9400.0,5.95,S
2021-07-21T10:56:25,500.0,5.95,S
2021-07-21T10:56:25,20100.0,5.95,S
2021-07-21T10:56:25,2000.0,5.96,B
2021-07-21T10:56:19,200.0,5.96,B
2021-07-21T10:55:54,100.0,5.96,B
2021-07-21T10:55:53,10000.0,5.96,B
2021-07-21T10:55:52,2300.0,5.96,B
2021-07-21T10:55:21,200.0,5.96,S
2021-07-21T10:55:21,700.0,5.96,S
2021-07-21T10:54:55,6800.0,5.96,B
2021-07-21T10:54:24,14200.0,5.96,S
2021-07-21T10:54:16,1500.0,5.96,S
2021-07-21T10:52:58,1000.0,5.96,S
2021-07-21T10:52:28,13900.0,5.96,S
2021-07-21T10:52:27,2000.0,5.96,S
2021-07-21T10:52:17,100.0,5.96,S
2021-07-21T10:51:12,100.0,5.96,S
2021-07-21T10:51:12,9700.0,5.96,S
2021-07-21T10:51:09,4800.0,5.96,S
2021-07-21T10:50:48,100000.0,5.96,S
2021-07-21T10:50:37,2300.0,5.97,S
2021-07-21T10:50:31,10000.0,5.97,B
2021-07-21T10:50:20,12000.0,5.97,S
2021-07-21T10:50:12,10000.0,5.97,S
2021-07-21T10:50:06,100.0,5.97,S
2021-07-21T10:48:27,400.0,5.98,B
2021-07-21T10:48:14,100.0,5.98,S
2021-07-21T10:47:45,300.0,5.97,S
2021-07-21T10:47:41,10000.0,5.98,B
2021-07-21T10:47:37,200.0,5.98,B
2021-07-21T10:47:34,200.0,5.98,B
2021-07-21T10:47:00,300.0,5.98,B
2021-07-21T10:46:56,7100.0,5.98,B
2021-07-21T10:46:46,100.0,5.98,S
2021-07-21T10:46:46,1000.0,5.98,B
2021-07-21T10:46:46,1100.0,5.98,B
2021-07-21T10:46:46,3500.0,5.98,B
2021-07-21T10:46:46,11000.0,5.98,B
2021-07-21T10:46:46,8000.0,5.98,B
2021-07-21T10:46:46,600.0,5.98,B
2021-07-21T10:46:46,5900.0,5.98,B
2021-07-21T10:46:46,500.0,5.98,B
2021-07-21T10:46:46,11200.0,5.98,B
2021-07-21T10:46:28,1000.0,5.98,B
2021-07-21T10:46:24,1000.0,5.97,S
2021-07-21T10:46:14,5000.0,5.97,S
2021-07-21T10:46:00,100.0,5.97,S
2021-07-21T10:45:49,2000.0,5.97,S
2021-07-21T10:45:19,1000.0,5.97,S
2021-07-21T10:44:55,1000.0,5.97,S
2021-07-21T10:44:50,2400.0,5.97,B
2021-07-21T10:44:50,1000.0,5.96,S
2021-07-21T10:44:37,500.0,5.97,B
2021-07-21T10:44:17,1100.0,5.97,B
2021-07-21T10:44:04,3000.0,5.97,B
2021-07-21T10:43:53,100.0,5.97,B
2021-07-21T10:43:49,100.0,5.97,B
2021-07-21T10:43:48,2000.0,5.97,B
2021-07-21T10:43:35,2200.0,5.97,B
2021-07-21T10:43:33,500.0,5.97,B
2021-07-21T10:43:31,100.0,5.97,B
2021-07-21T10:43:24,100.0,5.97,B
2021-07-21T10:43:08,100.0,5.97,B
2021-07-21T10:43:02,10200.0,5.97,S
2021-07-21T10:43:00,9800.0,5.97,B
2021-07-21T10:42:45,200.0,5.97,B
2021-07-21T10:42:33,1000.0,5.97,B
2021-07-21T10:42:19,100.0,5.97,B
2021-07-21T10:42:09,500.0,5.97,B
2021-07-21T10:42:09,13400.0,5.97,S
2021-07-21T10:42:09,300.0,5.97,S
2021-07-21T10:41:58,1300.0,5.97,B
2021-07-21T10:41:58,200.0,5.97,B
2021-07-21T10:41:58,100.0,5.97,B
2021-07-21T10:41:57,1000.0,5.97,B
2021-07-21T10:41:30,9600.0,5.97,S
2021-07-21T10:41:29,400.0,5.97,B
2021-07-21T10:41:18,800.0,5.97,B
2021-07-21T10:41:01,10000.0,5.97,B
2021-07-21T10:41:01,1000.0,5.97,B
2021-07-21T10:40:42,6200.0,5.97,B
2021-07-21T10:40:36,1000.0,5.97,S
2021-07-21T10:40:23,200.0,5.97,S
2021-07-21T10:40:13,1000.0,5.97,S
2021-07-21T10:40:12,12000.0,5.97,S
2021-07-21T10:39:36,2000.0,5.97,B
2021-07-21T10:39:36,5000.0,5.97,B
2021-07-21T10:39:36,22600.0,5.97,B
2021-07-21T10:38:54,500.0,5.97,B
2021-07-21T10:37:57,500.0,5.96,S
2021-07-21T10:37:45,6000.0,5.97,S
2021-07-21T10:37:38,200.0,5.97,S
2021-07-21T10:37:36,12000.0,5.97,S
2021-07-21T10:37:34,1500.0,5.97,S
2021-07-21T10:37:13,10000.0,5.97,S
2021-07-21T10:37:04,3000.0,5.97,B
2021-07-21T10:37:04,100.0,5.97,B
2021-07-21T10:37:04,17200.0,5.97,B
2021-07-21T10:36:57,100.0,5.96,B
2021-07-21T10:36:38,5000.0,5.96,B
2021-07-21T10:36:18,500.0,5.96,B
2021-07-21T10:36:11,100.0,5.95,S
2021-07-21T10:36:09,200.0,5.96,B
2021-07-21T10:35:21,68000.0,5.95,S
2021-07-21T10:35:13,1000.0,5.96,S
2021-07-21T10:35:10,100.0,5.96,S
2021-07-21T10:34:37,15000.0,5.96,S
2021-07-21T10:34:21,300.0,5.96,S
2021-07-21T10:34:12,200.0,5.97,B
2021-07-21T10:32:53,400.0,5.97,B
2021-07-21T10:32:51,1500.0,5.97,S
2021-07-21T10:32:34,1000.0,5.97,S
2021-07-21T10:31:49,2000.0,5.98,B
2021-07-21T10:31:38,5000.0,5.97,S
2021-07-21T10:30:59,5000.0,5.97,B
2021-07-21T10:30:59,18500.0,5.97,B
2021-07-21T10:30:38,10000.0,5.96,S
2021-07-21T10:30:36,3000.0,5.96,B
2021-07-21T10:30:36,2200.0,5.96,B
2021-07-21T10:30:09,100.0,5.96,B
2021-07-21T10:29:51,300.0,5.96,B
2021-07-21T10:29:40,1000.0,5.96,B
2021-07-21T10:29:32,500.0,5.96,B
2021-07-21T10:29:11,500.0,5.96,B
2021-07-21T10:29:11,700.0,5.96,B
2021-07-21T10:27:57,1800.0,5.96,S
2021-07-21T10:27:48,200.0,5.96,S
2021-07-21T10:27:45,1000.0,5.96,S
2021-07-21T10:27:27,5000.0,5.96,S
2021-07-21T10:26:47,10100.0,5.97,B
2021-07-21T10:26:12,100.0,5.97,B
2021-07-21T10:25:46,400.0,5.97,B
2021-07-21T10:25:43,1000.0,5.96,S
2021-07-21T10:25:24,2000.0,5.96,S
2021-07-21T10:25:04,200.0,5.96,S
2021-07-21T10:24:34,100.0,5.96,S
2021-07-21T10:24:17,5000.0,5.96,S
2021-07-21T10:24:03,500.0,5.97,B
2021-07-21T10:23:36,100.0,5.97,B
2021-07-21T10:23:35,100.0,5.97,B
2021-07-21T10:23:33,500.0,5.97,B
2021-07-21T10:23:04,500.0,5.97,B
2021-07-21T10:22:18,2000.0,5.96,S
2021-07-21T10:22:12,1800.0,5.97,B
2021-07-21T10:20:48,1000.0,5.96,B
2021-07-21T10:20:22,1000.0,5.96,B
2021-07-21T10:19:48,400.0,5.95,S
2021-07-21T10:19:47,1600.0,5.95,S
2021-07-21T10:19:13,200.0,5.95,S
2021-07-21T10:19:00,2200.0,5.95,B
2021-07-21T10:18:50,100.0,5.94,S
2021-07-21T10:18:41,1400.0,5.95,B
2021-07-21T10:17:40,400.0,5.95,B
2021-07-21T10:17:40,100.0,5.95,B
2021-07-21T10:17:39,5000.0,5.94,S
2021-07-21T10:17:30,200.0,5.95,B
2021-07-21T10:16:48,15000.0,5.95,B
2021-07-21T10:16:35,5000.0,5.95,B
2021-07-21T10:16:22,3000.0,5.94,S
2021-07-21T10:16:05,2500.0,5.94,B
2021-07-21T10:15:49,600.0,5.94,B
2021-07-21T10:15:19,800.0,5.94,S
2021-07-21T10:15:05,1000.0,5.94,S
2021-07-21T10:14:32,2900.0,5.94,B
2021-07-21T10:14:25,500.0,5.94,B
2021-07-21T10:14:19,100.0,5.94,B
2021-07-21T10:14:13,500.0,5.94,B
2021-07-21T10:13:22,500.0,5.93,S
2021-07-21T10:13:07,800.0,5.93,S
2021-07-21T10:12:59,10000.0,5.93,S
2021-07-21T10:12:24,100.0,5.94,B
2021-07-21T10:12:18,3000.0,5.93,S
2021-07-21T10:12:17,5000.0,5.93,S
2021-07-21T10:12:00,1500.0,5.93,S
2021-07-21T10:11:56,500.0,5.93,B
2021-07-21T10:11:49,1000.0,5.93,B
2021-07-21T10:11:45,20000.0,5.92,S
2021-07-21T10:11:41,5000.0,5.93,B
2021-07-21T10:11:27,1000.0,5.93,B
2021-07-21T10:11:14,600.0,5.93,B
2021-07-21T10:11:00,100.0,5.93,B
2021-07-21T10:10:49,3100.0,5.93,B
2021-07-21T10:10:42,1900.0,5.93,S
2021-07-21T10:10:42,100.0,5.93,S
2021-07-21T10:10:42,2100.0,5.93,S
2021-07-21T10:10:42,1200.0,5.93,S
2021-07-21T10:10:42,20100.0,5.93,S
2021-07-21T10:10:42,74600.0,5.93,S
2021-07-21T10:09:46,15000.0,5.93,S
2021-07-21T10:09:27,22100.0,5.93,S
2021-07-21T10:09:27,3500.0,5.93,S
2021-07-21T10:09:21,10000.0,5.94,B
2021-07-21T10:09:14,100.0,5.94,B
2021-07-21T10:08:48,3900.0,5.94,B
2021-07-21T10:08:42,300.0,5.94,B
2021-07-21T10:08:20,7100.0,5.94,S
2021-07-21T10:07:49,5000.0,5.94,S
2021-07-21T10:07:48,3500.0,5.94,S
2021-07-21T10:07:33,100.0,5.94,S
2021-07-21T10:06:36,10100.0,5.94,B
2021-07-21T10:06:29,1000.0,5.94,B
2021-07-21T10:06:24,1000.0,5.94,B
2021-07-21T10:06:23,500.0,5.94,B
2021-07-21T10:06:05,20000.0,5.94,B
2021-07-21T10:06:00,2500.0,5.94,B
2021-07-21T10:05:58,1000.0,5.93,S
2021-07-21T10:05:46,7200.0,5.94,B
2021-07-21T10:05:40,5000.0,5.94,B
2021-07-21T10:05:22,500.0,5.94,B
2021-07-21T10:05:14,30000.0,5.94,S
2021-07-21T10:05:14,66300.0,5.94,S
2021-07-21T10:05:14,1000.0,5.94,S
2021-07-21T10:05:14,6000.0,5.94,S
2021-07-21T10:05:13,32000.0,5.95,S
2021-07-21T10:05:13,17400.0,5.95,S
2021-07-21T10:04:38,11500.0,5.95,S
2021-07-21T10:04:25,1000.0,5.97,S
2021-07-21T10:04:03,5000.0,5.97,S
2021-07-21T10:04:01,2000.0,5.97,S
2021-07-21T10:03:57,700.0,5.97,B
2021-07-21T10:03:52,300.0,5.97,B
2021-07-21T10:03:43,2000.0,5.97,S
2021-07-21T10:03:42,47700.0,5.97,B
2021-07-21T10:03:20,2300.0,5.97,B
2021-07-21T10:03:18,4300.0,5.98,S
2021-07-21T10:03:13,15700.0,5.98,S
2021-07-21T10:03:08,500.0,5.97,S
2021-07-21T10:03:06,600.0,5.97,S
2021-07-21T10:03:04,1600.0,5.97,B
2021-07-21T10:03:03,3400.0,5.97,B
2021-07-21T10:02:11,2000.0,5.95,S
2021-07-21T10:02:03,500.0,5.98,B
2021-07-21T10:01:46,2300.0,5.95,S
2021-07-21T10:01:34,100.0,5.95,B
2021-07-21T10:01:34,900.0,5.95,B
2021-07-21T10:01:34,100.0,5.95,B
2021-07-21T10:01:33,46600.0,5.95,S
2021-07-21T10:01:15,100.0,5.95,S
2021-07-21T10:01:04,100.0,5.98,B
2021-07-21T10:01:02,7400.0,5.95,B
2021-07-21T10:00:58,10000.0,5.95,S
2021-07-21T10:00:58,11000.0,5.95,S
2021-07-21T10:00:58,1600.0,5.95,S
2021-07-21T10:00:58,19700.0,5.95,S
2021-07-21T10:00:58,4000.0,5.96,S
2021-07-21T10:00:58,20100.0,5.96,S
2021-07-21T10:00:58,16200.0,5.96,S
2021-07-21T10:00:50,5000.0,5.98,S
2021-07-21T09:59:58,600.0,5.98,B
2021-07-21T09:59:54,200.0,5.98,B
2021-07-21T09:59:52,20000.0,5.98,B
2021-07-21T09:58:52,200.0,5.98,B
2021-07-21T09:58:45,500.0,5.98,B
2021-07-21T09:58:38,600.0,5.98,B
2021-07-21T09:58:31,3000.0,5.98,S
2021-07-21T09:58:08,600.0,5.98,S
2021-07-21T09:58:06,5000.0,5.98,B
2021-07-21T09:57:57,200.0,5.98,B
2021-07-21T09:57:43,2000.0,5.98,B
2021-07-21T09:57:32,17400.0,5.97,B
2021-07-21T09:57:10,13600.0,5.96,B
2021-07-21T09:57:09,5000.0,5.96,B
2021-07-21T09:56:51,1400.0,5.96,S
2021-07-21T09:56:49,100.0,5.96,S
2021-07-21T09:54:05,41800.0,5.95,B
2021-07-21T09:54:03,100.0,5.95,B
2021-07-21T09:53:57,1400.0,5.95,B
2021-07-21T09:53:43,2800.0,5.94,S
2021-07-21T09:53:23,800.0,5.94,B
2021-07-21T09:53:03,200.0,5.94,B
2021-07-21T09:52:43,6200.0,5.94,S
2021-07-21T09:52:37,500.0,5.95,B
2021-07-21T09:52:37,200.0,5.94,S
2021-07-21T09:52:24,100.0,5.95,B
2021-07-21T09:52:06,500.0,5.95,B
2021-07-21T09:51:44,1000.0,5.95,B
2021-07-21T09:51:43,8600.0,5.95,S
2021-07-21T09:51:43,3600.0,5.95,S
2021-07-21T09:51:43,1600.0,5.95,S
2021-07-21T09:51:34,100.0,5.97,B
2021-07-21T09:51:20,1000.0,5.97,B
2021-07-21T09:51:09,2400.0,5.97,B
2021-07-21T09:51:09,6000.0,5.96,B
2021-07-21T09:51:09,600.0,5.96,B
2021-07-21T09:50:55,300.0,5.96,B
2021-07-21T09:50:55,1000.0,5.95,S
2021-07-21T09:50:18,200.0,5.95,S
2021-07-21T09:49:25,2000.0,5.96,B
2021-07-21T09:48:47,100.0,5.96,B
2021-07-21T09:48:24,2000.0,5.96,B
2021-07-21T09:47:56,51400.0,5.95,B
2021-07-21T09:47:42,1000.0,5.95,B
2021-07-21T09:47:13,2000.0,5.95,B
2021-07-21T09:47:09,2500.0,5.94,S
2021-07-21T09:46:49,100.0,5.95,B
2021-07-21T09:46:44,1000.0,5.95,B
2021-07-21T09:46:44,4000.0,5.95,B
2021-07-21T09:46:44,1100.0,5.95,B
2021-07-21T09:46:44,4900.0,5.95,B
2021-07-21T09:46:39,2100.0,5.95,B
2021-07-21T09:46:20,2000.0,5.94,S
2021-07-21T09:46:16,600.0,5.94,S
2021-07-21T09:45:59,4000.0,5.94,B
2021-07-21T09:45:45,700.0,5.93,B
2021-07-21T09:45:41,3000.0,5.93,B
2021-07-21T09:45:29,5000.0,5.93,B
2021-07-21T09:45:19,4500.0,5.93,B
2021-07-21T09:45:02,300.0,5.93,B
2021-07-21T09:44:30,1300.0,5.93,B
2021-07-21T09:44:30,1300.0,5.93,B
2021-07-21T09:44:09,600.0,5.93,B
2021-07-21T09:44:02,1000.0,5.93,B
2021-07-21T09:43:40,200.0,5.93,B
2021-07-21T09:43:31,500.0,5.92,S
2021-07-21T09:43:29,4400.0,5.93,B
2021-07-21T09:42:56,600.0,5.93,B
2021-07-21T09:42:52,300.0,5.93,B
2021-07-21T09:42:24,100.0,5.93,B
2021-07-21T09:41:41,100.0,5.92,S
2021-07-21T09:41:27,1000.0,5.92,S
2021-07-21T09:41:18,500.0,5.92,S
2021-07-21T09:41:05,500.0,5.93,B
2021-07-21T09:41:02,3000.0,5.92,S
2021-07-21T09:41:01,8000.0,5.92,S
2021-07-21T09:40:43,1900.0,5.92,S
2021-07-21T09:40:41,500.0,5.92,S
2021-07-21T09:40:36,5000.0,5.92,S
2021-07-21T09:40:23,200.0,5.92,S
2021-07-21T09:40:02,5000.0,5.92,S
2021-07-21T09:39:05,100.0,5.93,B
2021-07-21T09:38:52,600.0,5.93,B
2021-07-21T09:38:50,10000.0,5.91,S
2021-07-21T09:38:50,1000.0,5.93,B
2021-07-21T09:38:49,2900.0,5.93,S
2021-07-21T09:38:10,700.0,5.93,B
2021-07-21T09:38:10,400.0,5.93,B
2021-07-21T09:38:10,1000.0,5.93,B
2021-07-21T09:38:08,6300.0,5.92,S
2021-07-21T09:37:58,5000.0,5.92,S
2021-07-21T09:37:10,400.0,5.93,B
2021-07-21T09:36:28,1000.0,5.93,B
2021-07-21T09:36:04,200.0,5.93,B
2021-07-21T09:35:55,6000.0,5.93,B
2021-07-21T09:35:48,3500.0,5.93,S
2021-07-21T09:35:42,2000.0,5.93,S
2021-07-21T09:35:35,5000.0,5.95,B
2021-07-21T09:35:29,3500.0,5.95,S
2021-07-21T09:35:23,3800.0,5.95,S
2021-07-21T09:35:23,1200.0,5.95,S
2021-07-21T09:35:12,3000.0,5.95,S
2021-07-21T09:35:04,2000.0,5.96,B
2021-07-21T09:34:34,10000.0,5.95,S
2021-07-21T09:34:16,100.0,5.95,S
2021-07-21T09:34:15,500.0,5.95,S
2021-07-21T09:34:10,100.0,5.95,S
2021-07-21T09:34:08,200.0,5.95,S
2021-07-21T09:34:02,10500.0,5.95,S
2021-07-21T09:33:55,200.0,5.95,S
2021-07-21T09:33:45,6000.0,5.96,B
2021-07-21T09:33:43,4900.0,5.95,B
2021-07-21T09:33:39,100.0,5.95,S
2021-07-21T09:33:29,1000.0,5.95,S
2021-07-21T09:33:03,27800.0,5.95,B
2021-07-21T09:33:02,5200.0,5.95,B
2021-07-21T09:32:45,900.0,5.94,B
2021-07-21T09:32:16,600.0,5.93,B
2021-07-21T09:32:13,400.0,5.93,B
2021-07-21T09:32:09,4600.0,5.93,B
2021-07-21T09:31:57,300.0,5.93,B
2021-07-21T09:31:42,1000.0,5.93,B
2021-07-21T09:31:42,2000.0,5.92,S
2021-07-21T09:31:39,3000.0,5.93,B
2021-07-21T09:31:34,2000.0,5.93,B
2021-07-21T09:31:17,1200.0,5.92,B
2021-07-21T09:31:15,200.0,5.92,B
2021-07-21T09:30:56,100.0,5.92,B
2021-07-21T09:30:40,3000.0,5.92,B
2021-07-21T09:30:24,100.0,5.92,B
2021-07-21T09:29:48,2000.0,5.91,S
2021-07-21T09:29:45,400.0,5.92,B
2021-07-21T09:29:33,5100.0,5.92,S
2021-07-21T09:29:30,100.0,5.92,S
2021-07-21T09:29:27,5000.0,5.92,S
2021-07-21T09:28:48,300.0,5.92,S
2021-07-21T09:28:43,900.0,5.92,S
2021-07-21T09:28:01,100.0,5.92,B
2021-07-21T09:27:53,500.0,5.91,S
2021-07-21T09:27:49,1000.0,5.92,B
2021-07-21T09:27:34,100.0,5.91,S
2021-07-21T09:26:48,10000.0,5.9,S
2021-07-21T09:26:47,300.0,5.92,B
2021-07-21T09:26:38,100.0,5.92,B
2021-07-21T09:26:32,100.0,5.92,S
2021-07-21T09:26:32,1400.0,5.92,S
2021-07-21T09:26:24,200.0,5.95,B
2021-07-21T09:26:18,300.0,5.92,S
2021-07-21T09:26:10,200.0,5.95,B
2021-07-21T09:26:08,200.0,5.95,B
2021-07-21T09:26:06,100.0,5.95,B
2021-07-21T09:25:55,1000.0,5.92,S
2021-07-21T09:25:55,5000.0,5.95,B
2021-07-21T09:25:06,10000.0,5.95,B
2021-07-21T09:25:04,1000.0,5.94,B
2021-07-21T09:25:02,500.0,5.94,B
2021-07-21T09:24:49,200.0,5.94,S
2021-07-21T09:24:48,1000.0,5.95,B
2021-07-21T09:24:37,2000.0,5.95,B
2021-07-21T09:24:36,9000.0,5.95,S
2021-07-21T09:24:36,50800.0,5.95,S
2021-07-21T09:24:25,1600.0,5.96,B
2021-07-21T09:24:25,400.0,5.96,B
2021-07-21T09:24:01,1000.0,5.96,B
2021-07-21T09:23:58,1000.0,5.96,B
2021-07-21T09:23:51,100.0,5.95,S
2021-07-21T09:23:40,200.0,5.96,B
2021-07-21T09:23:34,2000.0,5.96,B
2021-07-21T09:23:17,100.0,5.96,B
2021-07-21T09:23:07,10000.0,5.95,S
2021-07-21T09:23:02,500.0,5.95,S
2021-07-21T09:22:54,5000.0,5.95,S
2021-07-21T09:22:46,5000.0,5.95,S
2021-07-21T09:22:42,5000.0,5.95,S
2021-07-21T09:22:04,1000.0,5.95,S
2021-07-21T09:21:54,300.0,5.95,S
2021-07-21T09:21:43,100.0,5.95,S
2021-07-21T09:21:33,200.0,5.95,S
2021-07-21T09:21:06,200.0,5.95,S
2021-07-21T09:21:06,1000.0,5.95,S
2021-07-21T09:21:05,500.0,5.96,B
2021-07-21T09:21:03,1000.0,5.95,S
2021-07-21T09:20:59,200.0,5.95,S
2021-07-21T09:20:48,300.0,5.95,S
2021-07-21T09:20:46,200.0,5.95,S
2021-07-21T09:20:33,5000.0,5.95,S
2021-07-21T09:20:29,200.0,5.95,S
2021-07-21T09:20:27,1000.0,5.95,B
2021-07-21T09:20:27,8000.0,5.95,B
2021-07-21T09:20:01,1000.0,5.95,S
2021-07-21T09:19:48,500.0,5.95,S
2021-07-21T09:19:41,10000.0,5.95,S
2021-07-21T09:19:31,1600.0,5.95,S
2021-07-21T09:19:29,5000.0,5.95,S
2021-07-21T09:19:26,200.0,5.96,B
2021-07-21T09:19:14,1000.0,5.95,S
2021-07-21T09:19:13,2000.0,5.96,B
2021-07-21T09:18:54,100.0,5.95,S
2021-07-21T09:18:53,2300.0,5.95,B
2021-07-21T09:18:44,8100.0,5.94,S
2021-07-21T09:18:24,3000.0,5.94,S
2021-07-21T09:18:06,5000.0,5.96,B
2021-07-21T09:18:01,100.0,5.96,B
2021-07-21T09:17:52,2900.0,5.93,B
2021-07-21T09:17:51,2100.0,5.94,S
2021-07-21T09:17:44,500.0,5.94,B
2021-07-21T09:17:43,6000.0,5.94,B
2021-07-21T09:17:43,10000.0,5.94,B
2021-07-21T09:17:23,500.0,5.95,S
2021-07-21T09:17:22,3500.0,5.94,B
2021-07-21T09:17:13,2000.0,5.94,B
2021-07-21T09:17:12,500.0,5.94,B
2021-07-21T09:17:03,2000.0,5.94,B
2021-07-21T09:17:01,400.0,5.94,B
2021-07-21T09:16:47,200.0,5.94,B
2021-07-21T09:16:40,100.0,5.94,B
2021-07-21T09:16:33,100.0,5.94,S
2021-07-21T09:16:32,100.0,5.94,B
2021-07-21T09:16:20,100.0,5.94,B
2021-07-21T09:16:13,14500.0,5.96,B
2021-07-21T09:16:13,5500.0,5.95,B
2021-07-21T09:15:57,400.0,5.94,B
2021-07-21T09:15:42,3000.0,5.95,B
2021-07-21T09:15:23,500.0,5.95,B
