tradingTime,volume,price,side
2021-07-21T14:29:48,5000.0,32.3,B
2021-07-21T14:29:41,1000.0,32.25,S
2021-07-21T14:29:36,500.0,32.3,B
2021-07-21T14:29:36,4000.0,32.3,B
2021-07-21T14:29:36,1000.0,32.3,B
2021-07-21T14:29:24,1000.0,32.3,B
2021-07-21T14:29:22,500.0,32.3,B
2021-07-21T14:29:18,2000.0,32.3,B
2021-07-21T14:29:09,2000.0,32.3,B
2021-07-21T14:29:01,1000.0,32.25,S
2021-07-21T14:28:55,2000.0,32.3,B
2021-07-21T14:28:50,400.0,32.25,S
2021-07-21T14:28:46,1000.0,32.3,B
2021-07-21T14:28:15,500.0,32.3,B
2021-07-21T14:28:12,100.0,32.25,S
2021-07-21T14:28:02,1200.0,32.3,B
2021-07-21T14:27:49,5000.0,32.3,S
2021-07-21T14:27:21,3000.0,32.3,S
2021-07-21T14:26:31,6000.0,32.3,B
2021-07-21T14:26:08,100.0,32.25,B
2021-07-21T14:26:01,100.0,32.25,B
2021-07-21T14:25:50,2000.0,32.25,B
2021-07-21T14:25:37,100.0,32.2,S
2021-07-21T14:24:42,100.0,32.25,S
2021-07-21T14:24:34,400.0,32.25,S
2021-07-21T14:24:29,1200.0,32.35,B
2021-07-21T14:24:10,100.0,32.25,B
2021-07-21T14:23:57,100.0,32.2,S
2021-07-21T14:23:38,2000.0,32.25,B
2021-07-21T14:23:21,200.0,32.2,S
2021-07-21T14:23:08,3300.0,32.2,B
2021-07-21T14:23:06,3000.0,32.2,B
2021-07-21T14:22:52,2000.0,32.2,B
2021-07-21T14:22:42,3000.0,32.2,B
2021-07-21T14:22:25,500.0,32.15,S
2021-07-21T14:22:10,14900.0,32.15,S
2021-07-21T14:22:08,300.0,32.1,S
2021-07-21T14:22:04,3000.0,32.15,B
2021-07-21T14:22:00,5000.0,32.15,B
2021-07-21T14:21:59,10000.0,32.15,B
2021-07-21T14:21:44,2600.0,32.15,B
2021-07-21T14:21:36,2000.0,32.15,B
2021-07-21T14:21:31,1000.0,32.15,B
2021-07-21T14:21:01,400.0,32.1,S
2021-07-21T14:20:59,200.0,32.1,S
2021-07-21T14:20:59,200.0,32.1,S
2021-07-21T14:20:56,300.0,32.15,B
2021-07-21T14:20:56,1300.0,32.15,B
2021-07-21T14:20:39,200.0,32.15,B
2021-07-21T14:20:35,1000.0,32.15,B
2021-07-21T14:20:21,100.0,32.15,B
2021-07-21T14:20:10,500.0,32.15,B
2021-07-21T14:19:55,500.0,32.15,B
2021-07-21T14:19:47,200.0,32.15,B
2021-07-21T14:19:47,5000.0,32.15,B
2021-07-21T14:19:17,2600.0,32.15,S
2021-07-21T14:19:17,200.0,32.15,S
2021-07-21T14:19:16,4900.0,32.15,S
2021-07-21T14:19:05,2000.0,32.15,S
2021-07-21T14:18:52,15000.0,32.15,S
2021-07-21T14:18:49,2000.0,32.15,S
2021-07-21T14:18:29,1000.0,32.15,S
2021-07-21T14:18:03,100.0,32.15,S
2021-07-21T14:17:13,700.0,32.2,B
2021-07-21T14:16:55,1200.0,32.25,B
2021-07-21T14:16:50,200.0,32.25,B
2021-07-21T14:16:48,1000.0,32.15,S
2021-07-21T14:16:44,500.0,32.25,B
2021-07-21T14:16:36,100.0,32.2,S
2021-07-21T14:16:30,5000.0,32.2,S
2021-07-21T14:16:17,7800.0,32.2,S
2021-07-21T14:15:38,1000.0,32.2,B
2021-07-21T14:15:34,3000.0,32.2,B
2021-07-21T14:15:28,100.0,32.2,S
2021-07-21T14:14:57,2000.0,32.2,B
2021-07-21T14:14:27,900.0,32.2,S
2021-07-21T14:14:24,100.0,32.2,S
2021-07-21T14:14:14,500.0,32.15,S
2021-07-21T14:14:14,1500.0,32.15,S
2021-07-21T14:14:14,1000.0,32.2,S
2021-07-21T14:13:59,100.0,32.2,S
2021-07-21T14:13:56,200.0,32.25,B
2021-07-21T14:13:37,500.0,32.25,S
2021-07-21T14:13:34,200.0,32.3,B
2021-07-21T14:13:13,1300.0,32.3,B
2021-07-21T14:12:42,5000.0,32.3,B
2021-07-21T14:12:26,700.0,32.2,S
2021-07-21T14:12:26,3500.0,32.2,S
2021-07-21T14:12:22,100.0,32.2,S
2021-07-21T14:11:50,400.0,32.3,S
2021-07-21T14:11:35,1200.0,32.2,S
2021-07-21T14:11:35,800.0,32.25,S
2021-07-21T14:11:25,100.0,32.3,S
2021-07-21T14:11:06,3700.0,32.3,S
2021-07-21T14:10:47,300.0,32.35,S
2021-07-21T14:09:53,100.0,32.35,B
2021-07-21T14:09:49,1900.0,32.35,S
2021-07-21T14:09:31,1200.0,32.5,B
2021-07-21T14:08:59,100.0,32.5,B
2021-07-21T14:08:54,2000.0,32.5,B
2021-07-21T14:06:54,1000.0,32.5,B
2021-07-21T14:06:44,100.0,32.5,B
2021-07-21T14:06:34,100.0,32.5,B
2021-07-21T14:06:27,100.0,32.5,B
2021-07-21T14:06:18,100.0,32.5,B
2021-07-21T14:06:16,100.0,32.5,B
2021-07-21T14:06:04,2000.0,32.35,S
2021-07-21T14:06:01,1400.0,32.5,B
2021-07-21T14:05:29,5000.0,32.35,S
2021-07-21T14:05:26,400.0,32.45,S
2021-07-21T14:05:17,100.0,32.5,B
2021-07-21T14:05:14,100.0,32.5,B
2021-07-21T14:05:01,100.0,32.5,B
2021-07-21T14:04:51,100.0,32.5,B
2021-07-21T14:04:48,1000.0,32.5,B
2021-07-21T14:04:41,100.0,32.5,B
2021-07-21T14:04:33,100.0,32.5,B
2021-07-21T14:04:29,200.0,32.5,B
2021-07-21T14:04:25,100.0,32.5,B
2021-07-21T14:04:16,100.0,32.5,B
2021-07-21T14:04:14,100.0,32.5,B
2021-07-21T14:04:04,900.0,32.5,B
2021-07-21T14:04:03,500.0,32.45,B
2021-07-21T14:03:43,2400.0,32.4,S
2021-07-21T14:03:41,100.0,32.4,B
2021-07-21T14:03:39,100.0,32.4,B
2021-07-21T14:03:35,3000.0,32.4,B
2021-07-21T14:03:35,1000.0,32.4,B
2021-07-21T14:03:31,5000.0,32.4,B
2021-07-21T14:03:19,1000.0,32.4,B
2021-07-21T14:03:17,100.0,32.4,B
2021-07-21T14:03:13,2000.0,32.4,B
2021-07-21T14:02:58,200.0,32.35,S
2021-07-21T14:02:54,500.0,32.4,B
2021-07-21T14:02:32,1000.0,32.35,S
2021-07-21T14:02:30,1200.0,32.35,S
2021-07-21T14:01:54,1700.0,32.35,B
2021-07-21T14:01:42,17300.0,32.3,B
2021-07-21T14:01:39,100.0,32.3,B
2021-07-21T14:01:31,100.0,32.3,B
2021-07-21T14:01:29,2500.0,32.3,S
2021-07-21T14:01:10,1000.0,32.2,S
2021-07-21T14:01:09,1300.0,32.3,S
2021-07-21T14:01:03,1600.0,32.3,B
2021-07-21T14:01:00,4500.0,32.3,B
2021-07-21T14:00:56,100.0,32.3,B
2021-07-21T14:00:54,200.0,32.3,B
2021-07-21T14:00:48,2000.0,32.3,B
2021-07-21T14:00:47,1000.0,32.2,B
2021-07-21T14:00:37,1000.0,32.15,S
2021-07-21T14:00:14,900.0,32.1,S
2021-07-21T14:00:12,100.0,32.1,B
2021-07-21T14:00:12,1000.0,32.1,B
2021-07-21T14:00:08,200.0,32.1,B
2021-07-21T14:00:05,300.0,32.1,B
2021-07-21T14:00:04,100.0,32.1,B
2021-07-21T14:00:02,100.0,32.1,B
2021-07-21T13:59:53,2300.0,32.0,B
2021-07-21T13:59:53,1200.0,32.0,B
2021-07-21T13:59:53,15800.0,32.0,B
2021-07-21T13:59:48,1000.0,32.0,B
2021-07-21T13:59:46,100.0,32.0,B
2021-07-21T13:59:42,100.0,32.0,B
2021-07-21T13:59:36,3000.0,31.95,S
2021-07-21T13:59:29,100.0,32.0,B
2021-07-21T13:59:27,100.0,32.0,B
2021-07-21T13:59:26,2000.0,31.95,S
2021-07-21T13:59:20,100.0,32.0,B
2021-07-21T13:59:17,500.0,32.0,B
2021-07-21T13:59:10,1000.0,31.95,S
2021-07-21T13:59:03,100.0,32.0,B
2021-07-21T13:58:58,100.0,32.0,S
2021-07-21T13:58:58,100.0,32.0,S
2021-07-21T13:58:58,400.0,32.0,S
2021-07-21T13:58:57,700.0,32.0,S
2021-07-21T13:58:57,1400.0,32.0,S
2021-07-21T13:58:57,500.0,32.0,S
2021-07-21T13:58:57,400.0,32.0,S
2021-07-21T13:58:56,1000.0,32.0,S
2021-07-21T13:58:56,200.0,32.0,S
2021-07-21T13:58:56,3400.0,32.0,S
2021-07-21T13:58:56,3100.0,32.0,S
2021-07-21T13:58:56,3700.0,32.0,S
2021-07-21T13:58:56,300.0,32.0,S
2021-07-21T13:58:56,6900.0,32.0,S
2021-07-21T13:58:55,2000.0,32.0,S
2021-07-21T13:58:54,5300.0,32.0,S
2021-07-21T13:58:54,100.0,32.0,S
2021-07-21T13:58:54,2500.0,32.0,S
2021-07-21T13:58:54,2100.0,32.0,S
2021-07-21T13:58:53,1000.0,32.0,S
2021-07-21T13:58:47,1100.0,32.0,S
2021-07-21T13:58:47,2400.0,32.0,S
2021-07-21T13:58:41,800.0,32.0,S
2021-07-21T13:58:39,1000.0,32.0,S
2021-07-21T13:58:39,500.0,32.0,S
2021-07-21T13:58:39,1200.0,32.0,S
2021-07-21T13:58:39,1100.0,32.0,S
2021-07-21T13:58:39,6200.0,32.0,S
2021-07-21T13:58:37,400.0,32.0,S
2021-07-21T13:58:36,1100.0,32.0,S
2021-07-21T13:58:34,15000.0,32.0,S
2021-07-21T13:58:33,700.0,32.0,S
2021-07-21T13:58:31,2500.0,32.0,S
2021-07-21T13:58:30,1000.0,32.0,S
2021-07-21T13:58:27,3000.0,32.0,S
2021-07-21T13:58:25,1500.0,32.0,S
2021-07-21T13:58:24,500.0,32.0,S
2021-07-21T13:58:23,300.0,32.0,S
2021-07-21T13:58:14,2100.0,32.0,S
2021-07-21T13:58:14,1700.0,32.0,S
2021-07-21T13:58:14,1200.0,32.0,S
2021-07-21T13:58:12,12300.0,32.0,S
2021-07-21T13:58:09,300.0,32.0,S
2021-07-21T13:58:05,2000.0,32.0,S
2021-07-21T13:57:56,100.0,32.0,S
2021-07-21T13:57:55,200.0,32.0,S
2021-07-21T13:57:48,2800.0,32.0,S
2021-07-21T13:57:48,2200.0,32.0,S
2021-07-21T13:57:45,100.0,32.05,B
2021-07-21T13:57:44,1000.0,32.05,B
2021-07-21T13:57:40,2000.0,32.0,S
2021-07-21T13:57:36,400.0,32.05,B
2021-07-21T13:57:30,100.0,32.05,S
2021-07-21T13:57:30,100.0,32.05,S
2021-07-21T13:57:30,2500.0,32.05,S
2021-07-21T13:57:30,10100.0,32.05,S
2021-07-21T13:57:30,1700.0,32.05,S
2021-07-21T13:57:30,100.0,32.05,S
2021-07-21T13:57:30,200.0,32.05,S
2021-07-21T13:57:30,3500.0,32.05,S
2021-07-21T13:57:30,20600.0,32.05,S
2021-07-21T13:57:30,500.0,32.05,S
2021-07-21T13:57:30,11000.0,32.05,S
2021-07-21T13:57:30,1200.0,32.05,S
2021-07-21T13:57:30,1700.0,32.05,S
2021-07-21T13:57:30,100.0,32.05,S
2021-07-21T13:57:30,100.0,32.1,B
2021-07-21T13:57:27,100.0,32.1,B
2021-07-21T13:57:22,2100.0,32.1,S
2021-07-21T13:57:12,1900.0,32.1,S
2021-07-21T13:57:12,3100.0,32.1,S
2021-07-21T13:57:12,5000.0,32.1,S
2021-07-21T13:57:11,100.0,32.1,S
2021-07-21T13:57:09,100.0,32.1,S
2021-07-21T13:57:09,5000.0,32.1,S
2021-07-21T13:57:09,1000.0,32.15,B
2021-07-21T13:57:06,1000.0,32.1,S
2021-07-21T13:57:02,1000.0,32.1,S
2021-07-21T13:56:53,2500.0,32.1,S
2021-07-21T13:56:49,2200.0,32.1,S
2021-07-21T13:56:49,300.0,32.1,S
2021-07-21T13:56:49,10300.0,32.1,S
2021-07-21T13:56:49,600.0,32.1,S
2021-07-21T13:56:49,6300.0,32.1,S
2021-07-21T13:56:49,600.0,32.1,S
2021-07-21T13:56:49,1900.0,32.1,S
2021-07-21T13:56:49,8600.0,32.1,S
2021-07-21T13:56:49,5000.0,32.1,S
2021-07-21T13:56:49,35700.0,32.1,S
2021-07-21T13:56:49,1000.0,32.15,S
2021-07-21T13:56:49,27500.0,32.15,S
2021-07-21T13:56:40,10000.0,32.15,S
2021-07-21T13:56:35,500.0,32.2,S
2021-07-21T13:56:35,600.0,32.2,S
2021-07-21T13:56:35,6800.0,32.2,S
2021-07-21T13:56:35,200.0,32.2,S
2021-07-21T13:56:35,100.0,32.2,S
2021-07-21T13:56:35,8200.0,32.2,S
2021-07-21T13:56:32,1000.0,32.2,S
2021-07-21T13:56:30,500.0,32.25,B
2021-07-21T13:56:26,100.0,32.25,B
2021-07-21T13:56:26,1400.0,32.25,S
2021-07-21T13:56:26,200.0,32.25,S
2021-07-21T13:56:17,600.0,32.25,S
2021-07-21T13:56:08,300.0,32.25,S
2021-07-21T13:56:05,300.0,32.25,S
2021-07-21T13:56:05,700.0,32.25,S
2021-07-21T13:56:01,400.0,32.25,S
2021-07-21T13:56:00,2000.0,32.25,S
2021-07-21T13:55:50,1000.0,32.25,S
2021-07-21T13:55:41,1600.0,32.2,S
2021-07-21T13:55:41,600.0,32.2,S
2021-07-21T13:55:41,1900.0,32.2,S
2021-07-21T13:55:41,300.0,32.2,S
2021-07-21T13:55:41,1600.0,32.2,S
2021-07-21T13:55:41,6000.0,32.2,S
2021-07-21T13:55:41,1500.0,32.2,S
2021-07-21T13:55:41,1300.0,32.2,S
2021-07-21T13:55:41,2500.0,32.2,S
2021-07-21T13:55:25,2300.0,32.25,S
2021-07-21T13:55:25,100.0,32.3,B
2021-07-21T13:55:23,600.0,32.3,B
2021-07-21T13:55:17,100.0,32.3,B
2021-07-21T13:55:15,200.0,32.3,S
2021-07-21T13:55:12,5000.0,32.3,S
2021-07-21T13:55:09,1000.0,32.3,S
2021-07-21T13:55:08,4500.0,32.3,S
2021-07-21T13:55:06,3900.0,32.3,S
2021-07-21T13:55:05,2000.0,32.3,S
2021-07-21T13:55:02,22200.0,32.3,S
2021-07-21T13:55:02,7800.0,32.3,S
2021-07-21T13:55:01,2900.0,32.35,B
2021-07-21T13:54:59,7300.0,32.3,S
2021-07-21T13:54:59,1200.0,32.3,S
2021-07-21T13:54:59,200.0,32.3,S
2021-07-21T13:54:59,1700.0,32.3,S
2021-07-21T13:54:56,4000.0,32.3,S
2021-07-21T13:54:56,6000.0,32.3,S
2021-07-21T13:54:51,100.0,32.35,B
2021-07-21T13:54:51,500.0,32.35,B
2021-07-21T13:54:43,100.0,32.35,B
2021-07-21T13:54:43,1300.0,32.35,S
2021-07-21T13:54:43,100.0,32.35,S
2021-07-21T13:54:43,300.0,32.35,S
2021-07-21T13:54:43,100.0,32.35,S
2021-07-21T13:54:43,100.0,32.35,S
2021-07-21T13:54:43,23100.0,32.35,S
2021-07-21T13:54:37,16300.0,32.35,S
2021-07-21T13:54:37,500.0,32.35,S
2021-07-21T13:54:37,700.0,32.35,S
2021-07-21T13:54:37,300.0,32.35,S
2021-07-21T13:54:37,200.0,32.35,S
2021-07-21T13:54:37,100.0,32.35,S
2021-07-21T13:54:37,400.0,32.35,S
2021-07-21T13:54:37,100.0,32.35,S
2021-07-21T13:54:37,100.0,32.35,S
2021-07-21T13:54:37,1100.0,32.35,S
2021-07-21T13:54:37,200.0,32.35,S
2021-07-21T13:54:37,300.0,32.35,S
2021-07-21T13:54:37,100.0,32.35,S
2021-07-21T13:54:37,100.0,32.35,S
2021-07-21T13:54:37,1100.0,32.35,S
2021-07-21T13:54:37,300.0,32.35,S
2021-07-21T13:54:37,200.0,32.35,S
2021-07-21T13:54:37,200.0,32.35,S
2021-07-21T13:54:37,1400.0,32.35,S
2021-07-21T13:54:32,1500.0,32.35,S
2021-07-21T13:54:30,2100.0,32.35,S
2021-07-21T13:54:22,1000.0,32.35,S
2021-07-21T13:54:21,800.0,32.35,S
2021-07-21T13:54:18,500.0,32.35,S
2021-07-21T13:54:05,5000.0,32.35,S
2021-07-21T13:53:58,100.0,32.4,B
2021-07-21T13:53:50,100.0,32.4,B
2021-07-21T13:53:40,100.0,32.4,B
2021-07-21T13:53:33,100.0,32.4,B
2021-07-21T13:53:26,100.0,32.4,B
2021-07-21T13:53:24,100.0,32.4,B
2021-07-21T13:53:21,500.0,32.4,B
2021-07-21T13:53:15,100.0,32.4,B
2021-07-21T13:53:09,100.0,32.4,B
2021-07-21T13:53:06,100.0,32.4,B
2021-07-21T13:52:57,100.0,32.4,B
2021-07-21T13:52:50,3000.0,32.4,B
2021-07-21T13:52:49,100.0,32.4,B
2021-07-21T13:52:39,100.0,32.4,B
2021-07-21T13:52:36,700.0,32.4,B
2021-07-21T13:52:23,5000.0,32.35,S
2021-07-21T13:52:15,100.0,32.4,B
2021-07-21T13:52:14,1000.0,32.4,B
2021-07-21T13:52:14,100.0,32.4,B
2021-07-21T13:52:05,100.0,32.4,B
2021-07-21T13:51:57,100.0,32.4,B
2021-07-21T13:51:49,100.0,32.4,B
2021-07-21T13:51:39,100.0,32.4,B
2021-07-21T13:51:30,100.0,32.4,B
2021-07-21T13:51:22,100.0,32.4,B
2021-07-21T13:51:13,100.0,32.4,B
2021-07-21T13:51:04,100.0,32.4,B
2021-07-21T13:51:04,50000.0,32.35,S
2021-07-21T13:51:00,1200.0,32.4,B
2021-07-21T13:50:56,100.0,32.4,B
2021-07-21T13:50:49,100.0,32.4,B
2021-07-21T13:50:47,100.0,32.4,B
2021-07-21T13:50:47,500.0,32.4,B
2021-07-21T13:50:37,100.0,32.4,B
2021-07-21T13:50:30,100.0,32.4,B
2021-07-21T13:50:21,100.0,32.4,B
2021-07-21T13:50:12,100.0,32.4,B
2021-07-21T13:50:09,4800.0,32.4,S
2021-07-21T13:50:09,600.0,32.4,S
2021-07-21T13:50:09,100.0,32.4,S
2021-07-21T13:50:09,900.0,32.4,S
2021-07-21T13:50:09,200.0,32.4,S
2021-07-21T13:50:09,5100.0,32.4,S
2021-07-21T13:50:09,1200.0,32.4,S
2021-07-21T13:50:09,100.0,32.4,S
2021-07-21T13:50:09,300.0,32.4,S
2021-07-21T13:50:09,200.0,32.4,S
2021-07-21T13:50:02,100.0,32.45,B
2021-07-21T13:49:55,100.0,32.45,B
2021-07-21T13:49:47,100.0,32.45,B
2021-07-21T13:49:37,100.0,32.45,B
2021-07-21T13:49:35,100.0,32.45,S
2021-07-21T13:49:35,500.0,32.45,S
2021-07-21T13:49:35,200.0,32.45,S
2021-07-21T13:49:34,400.0,32.45,S
2021-07-21T13:49:07,1100.0,32.45,S
2021-07-21T13:49:07,600.0,32.45,S
2021-07-21T13:49:07,300.0,32.45,S
2021-07-21T13:49:07,100.0,32.45,S
2021-07-21T13:49:07,100.0,32.45,S
2021-07-21T13:49:07,1100.0,32.45,S
2021-07-21T13:49:07,5100.0,32.45,S
2021-07-21T13:49:07,500.0,32.45,S
2021-07-21T13:49:07,1100.0,32.45,S
2021-07-21T13:49:03,100.0,32.5,B
2021-07-21T13:48:54,100.0,32.5,B
2021-07-21T13:48:45,100.0,32.5,B
2021-07-21T13:48:35,100.0,32.5,B
2021-07-21T13:48:27,100.0,32.5,B
2021-07-21T13:48:19,100.0,32.5,B
2021-07-21T13:48:11,100.0,32.5,B
2021-07-21T13:48:10,100.0,32.5,B
2021-07-21T13:48:09,1400.0,32.5,B
2021-07-21T13:48:09,100.0,32.5,B
2021-07-21T13:47:23,500.0,32.45,S
2021-07-21T13:46:54,5500.0,32.45,S
2021-07-21T13:46:36,200.0,32.45,S
2021-07-21T13:46:31,1100.0,32.45,S
2021-07-21T13:44:50,1000.0,32.45,S
2021-07-21T13:44:44,600.0,32.45,B
2021-07-21T13:44:37,1900.0,32.4,S
2021-07-21T13:43:51,5500.0,32.4,S
2021-07-21T13:43:51,3500.0,32.4,S
2021-07-21T13:43:37,100.0,32.4,S
2021-07-21T13:43:29,3000.0,32.4,S
2021-07-21T13:43:21,300.0,32.4,S
2021-07-21T13:43:17,300.0,32.4,S
2021-07-21T13:42:46,700.0,32.4,S
2021-07-21T13:42:44,100.0,32.4,S
2021-07-21T13:42:43,500.0,32.4,S
2021-07-21T13:42:41,1600.0,32.4,S
2021-07-21T13:42:41,400.0,32.4,S
2021-07-21T13:42:41,300.0,32.4,S
2021-07-21T13:42:41,500.0,32.4,S
2021-07-21T13:42:41,300.0,32.4,S
2021-07-21T13:42:41,2600.0,32.4,S
2021-07-21T13:42:41,2300.0,32.4,S
2021-07-21T13:42:41,1000.0,32.4,S
2021-07-21T13:42:41,1000.0,32.4,S
2021-07-21T13:42:23,800.0,32.4,S
2021-07-21T13:41:53,500.0,32.4,S
2021-07-21T13:41:49,500.0,32.45,B
2021-07-21T13:41:37,100.0,32.4,S
2021-07-21T13:41:35,400.0,32.4,S
2021-07-21T13:41:34,2400.0,32.4,S
2021-07-21T13:41:34,300.0,32.4,S
2021-07-21T13:41:34,2300.0,32.4,S
2021-07-21T13:41:29,500.0,32.4,S
2021-07-21T13:41:27,100.0,32.4,S
2021-07-21T13:40:58,700.0,32.4,S
2021-07-21T13:40:58,100.0,32.4,S
2021-07-21T13:40:58,3700.0,32.4,S
2021-07-21T13:40:55,100.0,32.45,B
2021-07-21T13:40:47,100.0,32.45,B
2021-07-21T13:40:38,100.0,32.45,B
2021-07-21T13:40:29,500.0,32.45,B
2021-07-21T13:40:29,100.0,32.45,B
2021-07-21T13:40:29,500.0,32.4,S
2021-07-21T13:40:21,100.0,32.45,B
2021-07-21T13:40:12,100.0,32.45,B
2021-07-21T13:40:03,100.0,32.45,B
2021-07-21T13:39:54,1200.0,32.45,B
2021-07-21T13:39:54,100.0,32.45,B
2021-07-21T13:39:46,100.0,32.45,B
2021-07-21T13:39:39,500.0,32.45,B
2021-07-21T13:39:36,100.0,32.45,B
2021-07-21T13:39:28,100.0,32.45,B
2021-07-21T13:39:20,100.0,32.45,B
2021-07-21T13:39:11,100.0,32.45,B
2021-07-21T13:39:08,100.0,32.45,B
2021-07-21T13:39:05,200.0,32.4,S
2021-07-21T13:39:03,100.0,32.45,B
2021-07-21T13:38:54,100.0,32.45,B
2021-07-21T13:38:49,300.0,32.45,B
2021-07-21T13:38:45,100.0,32.45,B
2021-07-21T13:38:36,100.0,32.45,B
2021-07-21T13:38:26,100.0,32.45,B
2021-07-21T13:38:21,1000.0,32.45,B
2021-07-21T13:38:19,100.0,32.45,B
2021-07-21T13:38:09,100.0,32.45,B
2021-07-21T13:38:09,200.0,32.45,S
2021-07-21T13:38:09,1000.0,32.45,S
2021-07-21T13:38:09,200.0,32.45,S
2021-07-21T13:37:45,100.0,32.45,S
2021-07-21T13:37:45,100.0,32.45,S
2021-07-21T13:37:45,300.0,32.45,S
2021-07-21T13:37:45,100.0,32.45,S
2021-07-21T13:37:35,700.0,32.45,S
2021-07-21T13:37:35,300.0,32.45,S
2021-07-21T13:36:51,3000.0,32.45,S
2021-07-21T13:36:44,1000.0,32.45,S
2021-07-21T13:36:28,1400.0,32.45,S
2021-07-21T13:36:28,3600.0,32.45,S
2021-07-21T13:36:26,100.0,32.5,B
2021-07-21T13:36:16,100.0,32.5,B
2021-07-21T13:36:16,5000.0,32.5,B
2021-07-21T13:36:12,1000.0,32.5,B
2021-07-21T13:36:12,200.0,32.5,B
2021-07-21T13:36:08,100.0,32.5,B
2021-07-21T13:36:00,100.0,32.5,B
2021-07-21T13:35:51,100.0,32.5,B
2021-07-21T13:35:41,100.0,32.5,B
2021-07-21T13:35:34,100.0,32.5,B
2021-07-21T13:35:25,100.0,32.5,B
2021-07-21T13:35:18,200.0,32.5,S
2021-07-21T13:34:59,100.0,32.5,B
2021-07-21T13:34:52,200.0,32.5,S
2021-07-21T13:34:52,100.0,32.5,S
2021-07-21T13:34:52,600.0,32.5,S
2021-07-21T13:34:45,500.0,32.5,S
2021-07-21T13:34:40,5500.0,32.5,S
2021-07-21T13:34:25,2000.0,32.5,S
2021-07-21T13:34:25,1000.0,32.55,B
2021-07-21T13:33:56,100.0,32.5,S
2021-07-21T13:33:49,100.0,32.55,B
2021-07-21T13:33:41,100.0,32.55,B
2021-07-21T13:33:32,100.0,32.55,B
2021-07-21T13:33:22,100.0,32.55,B
2021-07-21T13:33:12,100.0,32.55,B
2021-07-21T13:33:06,100.0,32.55,B
2021-07-21T13:32:55,100.0,32.55,B
2021-07-21T13:32:54,5000.0,32.55,B
2021-07-21T13:32:53,1900.0,32.5,S
2021-07-21T13:32:53,600.0,32.5,S
2021-07-21T13:32:30,1000.0,32.5,B
2021-07-21T13:32:21,100.0,32.5,B
2021-07-21T13:32:13,100.0,32.5,B
2021-07-21T13:32:05,100.0,32.5,B
2021-07-21T13:32:01,1000.0,32.5,B
2021-07-21T13:31:56,100.0,32.5,B
2021-07-21T13:31:47,100.0,32.5,B
2021-07-21T13:31:40,100.0,32.5,B
2021-07-21T13:31:36,200.0,32.5,S
2021-07-21T13:31:36,100.0,32.5,S
2021-07-21T13:31:36,3100.0,32.5,S
2021-07-21T13:31:36,1000.0,32.5,S
2021-07-21T13:30:46,100.0,32.5,B
2021-07-21T13:30:38,100.0,32.5,B
2021-07-21T13:30:27,100.0,32.5,B
2021-07-21T13:30:20,100.0,32.5,B
2021-07-21T13:30:14,100.0,32.5,S
2021-07-21T13:30:14,100.0,32.5,S
2021-07-21T13:30:14,900.0,32.5,S
2021-07-21T13:29:50,500.0,32.5,B
2021-07-21T13:29:47,200.0,32.5,B
2021-07-21T13:29:47,100.0,32.5,S
2021-07-21T13:29:47,700.0,32.5,S
2021-07-21T13:29:10,1300.0,32.5,S
2021-07-21T13:29:02,100.0,32.5,B
2021-07-21T13:28:58,200.0,32.5,B
2021-07-21T13:28:53,100.0,32.5,B
2021-07-21T13:28:48,1200.0,32.5,B
2021-07-21T13:28:46,100.0,32.5,B
2021-07-21T13:28:45,100.0,32.5,B
2021-07-21T13:28:36,100.0,32.5,B
2021-07-21T13:28:27,100.0,32.5,B
2021-07-21T13:28:19,100.0,32.5,B
2021-07-21T13:28:19,1200.0,32.5,B
2021-07-21T13:28:10,100.0,32.5,B
2021-07-21T13:28:04,200.0,32.5,B
2021-07-21T13:28:01,100.0,32.5,B
2021-07-21T13:27:59,500.0,32.5,B
2021-07-21T13:27:56,100.0,32.5,B
2021-07-21T13:27:52,100.0,32.5,B
2021-07-21T13:27:50,400.0,32.5,B
2021-07-21T13:27:36,3000.0,32.5,B
2021-07-21T13:27:30,4500.0,32.45,S
2021-07-21T13:27:28,5000.0,32.45,B
2021-07-21T13:27:26,100.0,32.45,B
2021-07-21T13:27:25,1400.0,32.45,B
2021-07-21T13:27:25,800.0,32.45,B
2021-07-21T13:27:25,2800.0,32.45,B
2021-07-21T13:27:24,4000.0,32.45,B
2021-07-21T13:27:18,100.0,32.45,B
2021-07-21T13:27:09,100.0,32.45,B
2021-07-21T13:27:00,100.0,32.45,B
2021-07-21T13:26:53,500.0,32.45,B
2021-07-21T13:26:52,100.0,32.45,B
2021-07-21T13:26:43,400.0,32.45,B
2021-07-21T13:26:36,700.0,32.4,S
2021-07-21T13:26:36,100.0,32.4,S
2021-07-21T13:26:36,900.0,32.4,S
2021-07-21T13:26:08,1000.0,32.4,S
2021-07-21T13:25:55,1000.0,32.4,S
2021-07-21T13:25:55,100.0,32.4,S
2021-07-21T13:25:55,400.0,32.4,S
2021-07-21T13:25:52,900.0,32.4,S
2021-07-21T13:25:52,600.0,32.4,S
2021-07-21T13:25:52,3500.0,32.4,S
2021-07-21T13:25:44,3900.0,32.4,S
2021-07-21T13:25:41,400.0,32.4,S
2021-07-21T13:24:52,2200.0,32.4,B
2021-07-21T13:24:50,100.0,32.4,B
2021-07-21T13:24:42,500.0,32.4,B
2021-07-21T13:23:55,500.0,32.35,S
2021-07-21T13:23:47,500.0,32.35,S
2021-07-21T13:23:43,500.0,32.35,S
2021-07-21T13:23:18,5000.0,32.35,S
2021-07-21T13:22:40,100.0,32.35,S
2021-07-21T13:22:25,2000.0,32.35,S
2021-07-21T13:22:17,24200.0,32.35,S
2021-07-21T13:22:17,5800.0,32.35,S
2021-07-21T13:22:13,100.0,32.4,B
2021-07-21T13:22:04,100.0,32.4,B
2021-07-21T13:21:56,100.0,32.4,B
2021-07-21T13:21:47,100.0,32.4,B
2021-07-21T13:21:44,400.0,32.4,B
2021-07-21T13:21:38,100.0,32.4,B
2021-07-21T13:21:35,1000.0,32.4,B
2021-07-21T13:21:31,100.0,32.4,B
2021-07-21T13:21:30,100.0,32.4,B
2021-07-21T13:21:29,6000.0,32.4,B
2021-07-21T13:21:26,200.0,32.4,B
2021-07-21T13:21:24,1300.0,32.4,B
2021-07-21T13:21:23,100.0,32.4,S
2021-07-21T13:21:23,400.0,32.4,S
2021-07-21T13:21:23,500.0,32.4,S
2021-07-21T13:21:23,100.0,32.4,S
2021-07-21T13:21:23,100.0,32.4,S
2021-07-21T13:21:23,100.0,32.4,S
2021-07-21T13:21:23,100.0,32.4,S
2021-07-21T13:21:23,600.0,32.4,S
2021-07-21T13:21:23,3300.0,32.4,S
2021-07-21T13:21:23,1200.0,32.4,S
2021-07-21T13:21:23,100.0,32.4,S
2021-07-21T13:21:23,3300.0,32.4,S
2021-07-21T13:21:14,1000.0,32.4,S
2021-07-21T13:21:10,500.0,32.4,S
2021-07-21T13:21:07,3500.0,32.4,S
2021-07-21T13:21:07,6500.0,32.4,S
2021-07-21T13:20:56,1200.0,32.4,S
2021-07-21T13:20:56,300.0,32.4,S
2021-07-21T13:20:56,2200.0,32.4,S
2021-07-21T13:20:56,1100.0,32.4,S
2021-07-21T13:20:56,5200.0,32.4,S
2021-07-21T13:20:46,100.0,32.4,S
2021-07-21T13:20:46,100.0,32.4,S
2021-07-21T13:20:46,800.0,32.4,S
2021-07-21T13:20:20,100.0,32.4,S
2021-07-21T13:19:48,300.0,32.4,S
2021-07-21T13:19:03,1000.0,32.4,S
2021-07-21T13:18:45,1000.0,32.4,S
2021-07-21T13:18:44,100.0,32.45,B
2021-07-21T13:18:36,100.0,32.45,B
2021-07-21T13:18:26,100.0,32.45,B
2021-07-21T13:18:18,100.0,32.45,B
2021-07-21T13:18:10,100.0,32.45,B
2021-07-21T13:18:01,100.0,32.45,B
2021-07-21T13:17:52,100.0,32.45,B
2021-07-21T13:17:43,100.0,32.45,B
2021-07-21T13:17:41,1200.0,32.45,B
2021-07-21T13:17:37,14000.0,32.45,B
2021-07-21T13:17:35,100.0,32.45,B
2021-07-21T13:17:31,500.0,32.45,B
2021-07-21T13:17:25,100.0,32.45,B
2021-07-21T13:17:16,100.0,32.45,B
2021-07-21T13:17:09,100.0,32.45,S
2021-07-21T13:17:00,100.0,32.45,B
2021-07-21T13:16:50,100.0,32.45,B
2021-07-21T13:16:44,1000.0,32.45,B
2021-07-21T13:16:27,2300.0,32.4,S
2021-07-21T13:16:27,100.0,32.4,S
2021-07-21T13:16:27,100.0,32.4,S
2021-07-21T13:16:27,200.0,32.4,S
2021-07-21T13:16:27,200.0,32.4,S
2021-07-21T13:16:27,300.0,32.4,S
2021-07-21T13:16:27,1800.0,32.4,S
2021-07-21T13:16:25,100.0,32.45,B
2021-07-21T13:16:16,100.0,32.45,B
2021-07-21T13:16:07,100.0,32.45,B
2021-07-21T13:15:59,100.0,32.45,B
2021-07-21T13:15:50,100.0,32.45,B
2021-07-21T13:15:41,100.0,32.45,B
2021-07-21T13:15:32,100.0,32.45,B
2021-07-21T13:15:24,300.0,32.45,B
2021-07-21T13:15:24,100.0,32.45,S
2021-07-21T13:15:24,100.0,32.45,S
2021-07-21T13:15:24,200.0,32.45,S
2021-07-21T13:15:24,3600.0,32.45,S
2021-07-21T13:15:24,2400.0,32.45,S
2021-07-21T13:14:52,100.0,32.45,S
2021-07-21T13:14:52,700.0,32.45,S
2021-07-21T13:14:49,100.0,32.5,B
2021-07-21T13:14:40,100.0,32.5,B
2021-07-21T13:14:37,100.0,32.5,B
2021-07-21T13:14:22,100.0,32.5,B
2021-07-21T13:14:14,100.0,32.5,B
2021-07-21T13:14:06,100.0,32.5,B
2021-07-21T13:14:00,1200.0,32.5,B
2021-07-21T13:13:56,100.0,32.5,B
2021-07-21T13:13:54,100.0,32.5,B
2021-07-21T13:13:44,300.0,32.45,S
2021-07-21T13:13:43,400.0,32.45,S
2021-07-21T13:13:40,100.0,32.5,B
2021-07-21T13:13:30,100.0,32.5,B
2021-07-21T13:13:22,100.0,32.5,B
2021-07-21T13:13:14,100.0,32.5,B
2021-07-21T13:13:05,100.0,32.5,B
2021-07-21T13:12:58,600.0,32.5,B
2021-07-21T13:12:54,1000.0,32.5,B
2021-07-21T13:12:54,100.0,32.5,B
2021-07-21T13:12:48,100.0,32.5,B
2021-07-21T13:12:41,200.0,32.5,B
2021-07-21T13:12:39,100.0,32.5,B
2021-07-21T13:12:29,100.0,32.5,B
2021-07-21T13:12:22,100.0,32.5,B
2021-07-21T13:12:15,800.0,32.5,S
2021-07-21T13:12:15,200.0,32.5,S
2021-07-21T13:12:15,100.0,32.5,S
2021-07-21T13:12:15,2200.0,32.5,S
2021-07-21T13:12:15,800.0,32.5,S
2021-07-21T13:12:00,1000.0,32.5,S
2021-07-21T13:11:18,100.0,32.5,S
2021-07-21T13:10:55,1200.0,32.5,S
2021-07-21T13:10:54,100.0,32.5,B
2021-07-21T13:10:51,500.0,32.5,B
2021-07-21T13:10:46,100.0,32.5,B
2021-07-21T13:10:37,100.0,32.5,B
2021-07-21T13:10:27,100.0,32.5,B
2021-07-21T13:10:19,100.0,32.5,B
2021-07-21T13:10:19,500.0,32.5,B
2021-07-21T13:10:17,1200.0,32.5,B
2021-07-21T13:10:11,100.0,32.5,B
2021-07-21T13:10:04,500.0,32.5,B
2021-07-21T13:10:01,100.0,32.5,B
2021-07-21T13:10:00,400.0,32.5,B
2021-07-21T13:09:54,100.0,32.5,B
2021-07-21T13:09:54,11400.0,32.4,S
2021-07-21T13:09:54,1500.0,32.45,S
2021-07-21T13:09:54,6100.0,32.45,S
2021-07-21T13:09:54,100.0,32.45,S
2021-07-21T13:09:54,900.0,32.45,S
2021-07-21T13:09:49,5000.0,32.5,B
2021-07-21T13:09:44,100.0,32.5,B
2021-07-21T13:09:39,2000.0,32.5,B
2021-07-21T13:09:34,100.0,32.5,B
2021-07-21T13:09:31,300.0,32.5,B
2021-07-21T13:09:28,100.0,32.5,B
2021-07-21T13:09:19,100.0,32.5,B
2021-07-21T13:09:10,100.0,32.5,B
2021-07-21T13:09:01,100.0,32.5,B
2021-07-21T13:08:53,100.0,32.5,B
2021-07-21T13:08:44,100.0,32.5,B
2021-07-21T13:08:35,100.0,32.5,B
2021-07-21T13:08:28,100.0,32.5,B
2021-07-21T13:08:27,100.0,32.5,B
2021-07-21T13:08:25,600.0,32.5,B
2021-07-21T13:08:18,100.0,32.5,B
2021-07-21T13:08:15,200.0,32.5,S
2021-07-21T13:08:15,100.0,32.5,S
2021-07-21T13:08:15,400.0,32.5,S
2021-07-21T13:07:38,300.0,32.5,B
2021-07-21T13:07:34,100.0,32.5,B
2021-07-21T13:07:26,100.0,32.5,B
2021-07-21T13:07:17,100.0,32.5,B
2021-07-21T13:07:15,100.0,32.5,B
2021-07-21T13:07:08,100.0,32.5,B
2021-07-21T13:07:03,100.0,32.5,S
2021-07-21T13:06:51,100.0,32.5,B
2021-07-21T13:06:45,1000.0,32.5,B
2021-07-21T13:06:42,100.0,32.5,B
2021-07-21T13:06:35,1300.0,32.5,B
2021-07-21T13:06:34,100.0,32.5,B
2021-07-21T13:06:24,100.0,32.5,B
2021-07-21T13:06:16,100.0,32.5,B
2021-07-21T13:06:14,700.0,32.5,B
2021-07-21T13:06:07,100.0,32.5,B
2021-07-21T13:05:59,100.0,32.5,S
2021-07-21T13:05:59,200.0,32.5,S
2021-07-21T13:05:59,400.0,32.5,S
2021-07-21T13:05:42,100.0,32.5,S
2021-07-21T13:05:41,100.0,32.5,S
2021-07-21T13:05:41,600.0,32.5,S
2021-07-21T13:05:41,300.0,32.5,S
2021-07-21T13:05:41,100.0,32.5,S
2021-07-21T13:05:41,1000.0,32.5,S
2021-07-21T13:05:41,4600.0,32.5,S
2021-07-21T13:05:41,900.0,32.5,S
2021-07-21T13:05:41,2400.0,32.5,S
2021-07-21T13:05:41,19900.0,32.5,S
2021-07-21T13:05:18,1000.0,32.5,S
2021-07-21T13:04:52,900.0,32.5,S
2021-07-21T13:03:44,5900.0,32.5,S
2021-07-21T13:03:43,100.0,32.5,S
2021-07-21T13:03:43,300.0,32.5,S
2021-07-21T13:03:43,200.0,32.55,S
2021-07-21T13:03:43,300.0,32.55,S
2021-07-21T13:03:43,2000.0,32.55,S
2021-07-21T13:03:43,700.0,32.55,S
2021-07-21T13:03:43,400.0,32.55,S
2021-07-21T13:03:43,100.0,32.55,S
2021-07-21T13:03:17,1000.0,32.55,S
2021-07-21T13:03:12,100.0,32.6,B
2021-07-21T13:03:05,100.0,32.6,B
2021-07-21T13:02:55,100.0,32.6,B
2021-07-21T13:02:52,1200.0,32.6,B
2021-07-21T13:02:45,100.0,32.6,B
2021-07-21T13:02:39,100.0,32.6,B
2021-07-21T13:02:30,100.0,32.6,B
2021-07-21T13:02:22,100.0,32.6,B
2021-07-21T13:02:13,100.0,32.6,B
2021-07-21T13:02:04,100.0,32.6,B
2021-07-21T13:01:54,100.0,32.6,B
2021-07-21T13:01:44,100.0,32.6,B
2021-07-21T13:01:38,100.0,32.6,B
2021-07-21T13:01:29,100.0,32.6,B
2021-07-21T13:01:19,100.0,32.6,B
2021-07-21T13:01:09,100.0,32.6,B
2021-07-21T13:01:03,100.0,32.6,B
2021-07-21T13:00:53,100.0,32.6,B
2021-07-21T13:00:44,100.0,32.6,B
2021-07-21T13:00:39,100.0,32.6,B
2021-07-21T13:00:28,100.0,32.6,B
2021-07-21T13:00:19,100.0,32.65,B
2021-07-21T13:00:13,1000.0,32.65,B
2021-07-21T13:00:12,2700.0,32.65,B
2021-07-21T13:00:11,1800.0,32.65,B
2021-07-21T13:00:11,100.0,32.6,B
2021-07-21T13:00:11,100.0,32.6,B
2021-07-21T13:00:10,100.0,32.6,B
2021-07-21T13:00:09,200.0,32.6,B
2021-07-21T13:00:07,500.0,32.6,B
2021-07-21T13:00:07,1000.0,32.6,B
2021-07-21T13:00:07,4000.0,32.65,B
2021-07-21T13:00:07,100.0,32.6,B
2021-07-21T13:00:07,100.0,32.6,B
2021-07-21T13:00:05,100.0,32.6,B
2021-07-21T13:00:05,100.0,32.6,B
2021-07-21T13:00:05,700.0,32.6,S
2021-07-21T13:00:05,200.0,32.6,S
2021-07-21T13:00:05,100.0,32.6,S
2021-07-21T13:00:05,100.0,32.6,S
2021-07-21T13:00:05,100.0,32.6,S
2021-07-21T13:00:05,800.0,32.6,S
2021-07-21T13:00:05,200.0,32.65,B
2021-07-21T13:00:05,400.0,32.65,B
2021-07-21T11:29:53,100.0,32.65,B
2021-07-21T11:29:47,100.0,32.65,B
2021-07-21T11:29:44,100.0,32.65,B
2021-07-21T11:29:36,100.0,32.65,B
2021-07-21T11:29:33,100.0,32.65,B
2021-07-21T11:29:27,100.0,32.65,B
2021-07-21T11:29:18,100.0,32.65,B
2021-07-21T11:29:10,1200.0,32.65,B
2021-07-21T11:29:10,100.0,32.65,B
2021-07-21T11:28:58,100.0,32.65,B
2021-07-21T11:28:58,1300.0,32.65,S
2021-07-21T11:28:53,100.0,32.65,B
2021-07-21T11:28:53,100.0,32.65,B
2021-07-21T11:28:44,100.0,32.65,B
2021-07-21T11:28:36,100.0,32.65,S
2021-07-21T11:28:29,900.0,32.65,B
2021-07-21T11:28:13,5000.0,32.65,B
2021-07-21T11:28:10,4300.0,32.65,B
2021-07-21T11:28:10,100.0,32.65,B
2021-07-21T11:28:09,100.0,32.65,B
2021-07-21T11:28:00,100.0,32.65,B
2021-07-21T11:27:53,100.0,32.65,B
2021-07-21T11:27:44,100.0,32.65,B
2021-07-21T11:27:34,100.0,32.65,B
2021-07-21T11:27:25,100.0,32.65,B
2021-07-21T11:27:18,100.0,32.65,B
2021-07-21T11:27:09,100.0,32.65,B
2021-07-21T11:27:00,100.0,32.65,S
2021-07-21T11:26:59,300.0,32.65,S
2021-07-21T11:26:59,100.0,32.65,S
2021-07-21T11:26:59,200.0,32.65,S
2021-07-21T11:26:56,100.0,32.65,S
2021-07-21T11:26:56,200.0,32.65,S
2021-07-21T11:26:30,100.0,32.65,S
2021-07-21T11:26:28,200.0,32.65,S
2021-07-21T11:26:27,400.0,32.65,S
2021-07-21T11:26:09,200.0,32.65,S
2021-07-21T11:26:06,500.0,32.65,S
2021-07-21T11:25:59,200.0,32.65,S
2021-07-21T11:25:59,200.0,32.65,S
2021-07-21T11:25:38,100.0,32.65,S
2021-07-21T11:25:08,200.0,32.65,B
2021-07-21T11:25:00,300.0,32.6,S
2021-07-21T11:25:00,100.0,32.6,S
2021-07-21T11:25:00,100.0,32.6,S
2021-07-21T11:24:14,300.0,32.6,S
2021-07-21T11:23:29,100.0,32.6,S
2021-07-21T11:23:23,100.0,32.7,B
2021-07-21T11:23:13,100.0,32.7,B
2021-07-21T11:23:03,100.0,32.7,B
2021-07-21T11:22:57,100.0,32.7,B
2021-07-21T11:22:47,100.0,32.7,B
2021-07-21T11:22:38,100.0,32.7,B
2021-07-21T11:22:33,1000.0,32.7,B
2021-07-21T11:22:25,100.0,32.6,S
2021-07-21T11:22:22,100.0,32.7,B
2021-07-21T11:22:12,100.0,32.7,B
2021-07-21T11:22:03,100.0,32.7,B
2021-07-21T11:21:55,100.0,32.7,B
2021-07-21T11:21:47,1200.0,32.7,B
2021-07-21T11:21:47,100.0,32.7,B
2021-07-21T11:21:46,100.0,32.7,B
2021-07-21T11:21:28,100.0,32.7,B
2021-07-21T11:21:20,100.0,32.7,B
2021-07-21T11:21:12,100.0,32.7,B
2021-07-21T11:21:03,100.0,32.7,B
2021-07-21T11:20:54,100.0,32.7,B
2021-07-21T11:20:48,100.0,32.7,B
2021-07-21T11:20:37,100.0,32.7,B
2021-07-21T11:20:29,100.0,32.75,B
2021-07-21T11:20:20,100.0,32.75,B
2021-07-21T11:20:08,100.0,32.75,B
2021-07-21T11:20:03,100.0,32.75,B
2021-07-21T11:20:02,800.0,32.75,B
2021-07-21T11:20:02,1800.0,32.75,B
2021-07-21T11:20:02,1300.0,32.75,B
2021-07-21T11:20:00,100.0,32.7,B
2021-07-21T11:20:00,1300.0,32.7,B
2021-07-21T11:20:00,200.0,32.7,B
2021-07-21T11:20:00,1400.0,32.7,B
2021-07-21T11:20:00,1900.0,32.7,B
2021-07-21T11:20:00,200.0,32.7,B
2021-07-21T11:20:00,300.0,32.7,B
2021-07-21T11:20:00,5200.0,32.7,B
2021-07-21T11:20:00,3400.0,32.7,B
2021-07-21T11:20:00,500.0,32.65,B
2021-07-21T11:20:00,200.0,32.65,B
2021-07-21T11:20:00,4300.0,32.65,B
2021-07-21T11:20:00,200.0,32.65,B
2021-07-21T11:20:00,32900.0,32.65,B
2021-07-21T11:19:53,100.0,32.6,B
2021-07-21T11:19:45,100.0,32.6,B
2021-07-21T11:19:35,100.0,32.6,B
2021-07-21T11:19:27,1100.0,32.6,B
2021-07-21T11:19:27,100.0,32.6,B
2021-07-21T11:19:25,2600.0,32.6,B
2021-07-21T11:19:23,1000.0,32.6,B
2021-07-21T11:19:18,100.0,32.6,B
2021-07-21T11:19:11,100.0,32.6,B
2021-07-21T11:19:02,100.0,32.6,B
2021-07-21T11:18:53,100.0,32.6,B
2021-07-21T11:18:44,100.0,32.6,B
2021-07-21T11:18:35,100.0,32.6,B
2021-07-21T11:18:25,100.0,32.6,B
2021-07-21T11:18:17,100.0,32.6,B
2021-07-21T11:18:09,100.0,32.6,B
2021-07-21T11:18:05,1200.0,32.6,B
2021-07-21T11:18:01,100.0,32.6,B
2021-07-21T11:17:56,1300.0,32.6,B
2021-07-21T11:17:56,1000.0,32.6,B
2021-07-21T11:17:56,700.0,32.6,B
2021-07-21T11:17:42,1100.0,32.55,S
2021-07-21T11:17:36,100.0,32.6,B
2021-07-21T11:17:11,200.0,32.55,S
2021-07-21T11:16:41,12800.0,32.55,B
2021-07-21T11:16:31,4700.0,32.5,B
2021-07-21T11:16:25,100.0,32.5,B
2021-07-21T11:16:16,100.0,32.5,B
2021-07-21T11:16:07,100.0,32.5,B
2021-07-21T11:15:59,100.0,32.5,B
2021-07-21T11:15:50,100.0,32.5,B
2021-07-21T11:15:50,45500.0,32.5,B
2021-07-21T11:15:50,4500.0,32.5,B
2021-07-21T11:15:28,500.0,32.45,S
2021-07-21T11:15:19,800.0,32.45,B
2021-07-21T11:15:15,100.0,32.45,B
2021-07-21T11:15:11,300.0,32.45,B
2021-07-21T11:15:06,100.0,32.45,B
2021-07-21T11:14:56,100.0,32.45,B
2021-07-21T11:14:48,100.0,32.45,B
2021-07-21T11:14:43,500.0,32.45,S
2021-07-21T11:14:23,1100.0,32.45,B
2021-07-21T11:14:14,200.0,32.45,B
2021-07-21T11:14:07,700.0,32.4,S
2021-07-21T11:14:07,3200.0,32.45,B
2021-07-21T11:14:07,6400.0,32.45,B
2021-07-21T11:14:07,1400.0,32.45,B
2021-07-21T11:14:07,1000.0,32.45,B
2021-07-21T11:14:01,4000.0,32.4,S
2021-07-21T11:13:41,100.0,32.4,S
2021-07-21T11:13:22,2200.0,32.4,S
2021-07-21T11:12:56,3000.0,32.4,S
2021-07-21T11:12:49,100.0,32.4,S
2021-07-21T11:12:34,100.0,32.4,S
2021-07-21T11:12:28,200.0,32.4,S
2021-07-21T11:12:28,6400.0,32.4,S
2021-07-21T11:12:21,100.0,32.4,S
2021-07-21T11:12:06,100.0,32.4,B
2021-07-21T11:12:06,22800.0,32.4,B
2021-07-21T11:12:06,100.0,32.35,S
2021-07-21T11:12:01,200.0,32.35,S
2021-07-21T11:11:46,300.0,32.35,S
2021-07-21T11:11:43,100.0,32.35,S
2021-07-21T11:11:39,3000.0,32.35,S
2021-07-21T11:11:31,200.0,32.35,S
2021-07-21T11:11:22,500.0,32.35,S
2021-07-21T11:11:22,500.0,32.35,S
2021-07-21T11:11:13,6500.0,32.35,S
2021-07-21T11:11:08,200.0,32.35,S
2021-07-21T11:11:03,100.0,32.4,B
2021-07-21T11:10:56,700.0,32.4,S
2021-07-21T11:10:55,700.0,32.4,S
2021-07-21T11:10:55,100.0,32.4,S
2021-07-21T11:10:55,400.0,32.4,S
2021-07-21T11:10:55,100.0,32.4,S
2021-07-21T11:10:53,700.0,32.4,S
2021-07-21T11:10:49,400.0,32.4,S
2021-07-21T11:10:47,2600.0,32.4,S
2021-07-21T11:10:47,100.0,32.4,S
2021-07-21T11:10:47,200.0,32.4,S
2021-07-21T11:10:47,400.0,32.4,S
2021-07-21T11:10:47,300.0,32.4,S
2021-07-21T11:10:47,1000.0,32.4,S
2021-07-21T11:10:47,300.0,32.4,S
2021-07-21T11:10:47,600.0,32.4,S
2021-07-21T11:10:47,100.0,32.4,S
2021-07-21T11:10:47,4400.0,32.4,S
2021-07-21T11:10:43,10000.0,32.4,S
2021-07-21T11:10:43,300.0,32.4,S
2021-07-21T11:10:40,100.0,32.4,S
2021-07-21T11:10:37,25000.0,32.4,S
2021-07-21T11:10:34,1000.0,32.4,S
2021-07-21T11:10:28,1000.0,32.4,S
2021-07-21T11:10:22,15800.0,32.4,S
2021-07-21T11:10:22,500.0,32.4,S
2021-07-21T11:09:39,300.0,32.4,S
2021-07-21T11:09:37,300.0,32.4,S
2021-07-21T11:08:33,2900.0,32.4,S
2021-07-21T11:08:33,17000.0,32.4,S
2021-07-21T11:08:33,100.0,32.45,S
2021-07-21T11:08:26,100.0,32.5,B
2021-07-21T11:08:23,500.0,32.5,B
2021-07-21T11:08:17,100.0,32.5,B
2021-07-21T11:08:08,100.0,32.5,B
2021-07-21T11:08:00,100.0,32.5,B
2021-07-21T11:07:53,1000.0,32.5,B
2021-07-21T11:07:34,100.0,32.45,B
2021-07-21T11:07:29,50000.0,32.45,B
2021-07-21T11:07:24,100.0,32.45,B
2021-07-21T11:07:24,100.0,32.45,B
2021-07-21T11:07:18,3000.0,32.4,S
2021-07-21T11:07:16,100.0,32.45,B
2021-07-21T11:07:08,100.0,32.45,B
2021-07-21T11:07:06,100.0,32.45,B
2021-07-21T11:07:00,1200.0,32.45,B
2021-07-21T11:06:59,100.0,32.45,B
2021-07-21T11:06:51,100.0,32.45,B
2021-07-21T11:06:42,100.0,32.45,B
2021-07-21T11:06:34,100.0,32.5,B
2021-07-21T11:06:24,100.0,32.5,B
2021-07-21T11:06:16,100.0,32.5,B
2021-07-21T11:06:13,5000.0,32.5,B
2021-07-21T11:06:08,500.0,32.4,S
2021-07-21T11:05:50,2000.0,32.4,S
2021-07-21T11:05:34,6400.0,32.4,S
2021-07-21T11:05:32,100.0,32.45,B
2021-07-21T11:05:24,100.0,32.45,B
2021-07-21T11:05:14,100.0,32.45,B
2021-07-21T11:05:05,100.0,32.45,B
2021-07-21T11:04:58,100.0,32.45,B
2021-07-21T11:04:54,100.0,32.45,S
2021-07-21T11:04:54,100.0,32.45,S
2021-07-21T11:04:54,100.0,32.45,S
2021-07-21T11:04:44,1000.0,32.45,S
2021-07-21T11:04:39,100.0,32.5,B
2021-07-21T11:04:30,100.0,32.5,B
2021-07-21T11:04:21,100.0,32.5,B
2021-07-21T11:04:18,100.0,32.5,S
2021-07-21T11:04:18,300.0,32.5,S
2021-07-21T11:04:18,100.0,32.5,S
2021-07-21T11:04:18,1400.0,32.5,S
2021-07-21T11:04:18,300.0,32.5,S
2021-07-21T11:04:18,200.0,32.5,S
2021-07-21T11:04:18,1000.0,32.5,S
2021-07-21T11:04:18,6200.0,32.5,S
2021-07-21T11:04:14,900.0,32.5,S
2021-07-21T11:04:14,300.0,32.5,S
2021-07-21T11:04:14,7300.0,32.5,S
2021-07-21T11:04:14,2600.0,32.5,S
2021-07-21T11:04:14,55400.0,32.5,S
2021-07-21T11:03:59,5000.0,32.5,S
2021-07-21T11:03:58,1000.0,32.55,B
2021-07-21T11:03:56,100.0,32.55,B
2021-07-21T11:03:46,100.0,32.55,B
2021-07-21T11:03:45,100.0,32.55,B
2021-07-21T11:03:45,100.0,32.55,B
2021-07-21T11:03:26,5000.0,32.5,S
2021-07-21T11:03:14,500.0,32.5,S
2021-07-21T11:03:02,200.0,32.5,S
2021-07-21T11:02:35,100.0,32.5,S
2021-07-21T11:02:28,100.0,32.5,S
2021-07-21T11:02:25,100.0,32.55,B
2021-07-21T11:02:21,100.0,32.55,B
2021-07-21T11:02:13,100.0,32.55,B
2021-07-21T11:02:06,100.0,32.55,S
2021-07-21T11:02:06,100.0,32.55,S
2021-07-21T11:02:06,600.0,32.55,S
2021-07-21T11:01:49,200.0,32.55,S
2021-07-21T11:01:26,100.0,32.55,S
2021-07-21T11:01:21,200.0,32.6,B
2021-07-21T11:01:14,5000.0,32.55,S
2021-07-21T11:01:10,100.0,32.6,B
2021-07-21T11:01:02,100.0,32.6,B
2021-07-21T11:00:53,100.0,32.6,B
2021-07-21T11:00:45,100.0,32.6,B
2021-07-21T11:00:36,100.0,32.6,B
2021-07-21T11:00:28,200.0,32.6,S
2021-07-21T11:00:28,1400.0,32.6,S
2021-07-21T11:00:28,100.0,32.6,S
2021-07-21T11:00:28,1200.0,32.6,S
2021-07-21T11:00:22,100.0,32.6,S
2021-07-21T11:00:22,100.0,32.6,S
2021-07-21T11:00:18,400.0,32.65,B
2021-07-21T11:00:12,300.0,32.6,S
2021-07-21T11:00:12,200.0,32.6,S
2021-07-21T11:00:03,100.0,32.6,S
2021-07-21T10:59:59,200.0,32.6,S
2021-07-21T10:59:59,200.0,32.6,S
2021-07-21T10:59:59,100.0,32.6,S
2021-07-21T10:59:59,100.0,32.6,S
2021-07-21T10:59:59,300.0,32.6,S
2021-07-21T10:59:59,200.0,32.6,S
2021-07-21T10:59:59,200.0,32.6,S
2021-07-21T10:59:59,200.0,32.6,S
2021-07-21T10:59:59,100.0,32.6,S
2021-07-21T10:59:59,1400.0,32.6,S
2021-07-21T10:59:36,200.0,32.6,S
2021-07-21T10:59:25,3000.0,32.6,S
2021-07-21T10:59:25,800.0,32.6,S
2021-07-21T10:59:25,100.0,32.6,S
2021-07-21T10:59:25,2100.0,32.6,S
2021-07-21T10:59:14,100.0,32.6,S
2021-07-21T10:59:09,100.0,32.65,B
2021-07-21T10:59:09,100.0,32.65,B
2021-07-21T10:59:03,100.0,32.6,S
2021-07-21T10:58:06,100.0,32.6,S
2021-07-21T10:57:55,100.0,32.6,S
2021-07-21T10:57:51,100.0,32.65,B
2021-07-21T10:57:46,100.0,32.65,B
2021-07-21T10:57:42,500.0,32.6,S
2021-07-21T10:57:38,100.0,32.6,S
2021-07-21T10:57:35,3600.0,32.65,B
2021-07-21T10:57:28,500.0,32.6,S
2021-07-21T10:57:20,800.0,32.6,S
2021-07-21T10:57:20,300.0,32.6,S
2021-07-21T10:57:20,400.0,32.6,S
2021-07-21T10:57:20,300.0,32.6,S
2021-07-21T10:57:20,1000.0,32.6,S
2021-07-21T10:57:20,400.0,32.6,S
2021-07-21T10:57:20,200.0,32.6,S
2021-07-21T10:57:20,1600.0,32.6,S
2021-07-21T10:57:09,100.0,32.6,S
2021-07-21T10:57:09,100.0,32.6,S
2021-07-21T10:57:08,100.0,32.65,B
2021-07-21T10:56:58,100.0,32.65,B
2021-07-21T10:56:55,100.0,32.65,B
2021-07-21T10:56:52,100.0,32.6,S
2021-07-21T10:56:48,1000.0,32.65,B
2021-07-21T10:56:06,500.0,32.6,S
2021-07-21T10:55:54,200.0,32.6,S
2021-07-21T10:55:54,200.0,32.6,S
2021-07-21T10:55:54,400.0,32.6,S
2021-07-21T10:55:54,400.0,32.6,S
2021-07-21T10:55:54,200.0,32.6,S
2021-07-21T10:55:54,1600.0,32.6,S
2021-07-21T10:55:52,1200.0,32.65,B
2021-07-21T10:55:50,100.0,32.65,B
2021-07-21T10:55:49,100.0,32.6,S
2021-07-21T10:55:40,100.0,32.65,B
2021-07-21T10:55:37,100.0,32.65,B
2021-07-21T10:55:33,100.0,32.6,S
2021-07-21T10:55:33,500.0,32.6,S
2021-07-21T10:55:32,100.0,32.65,B
2021-07-21T10:55:31,2000.0,32.65,B
2021-07-21T10:55:23,5000.0,32.6,S
2021-07-21T10:55:16,100.0,32.6,S
2021-07-21T10:55:13,100.0,32.65,B
2021-07-21T10:55:12,100.0,32.65,B
2021-07-21T10:55:11,2000.0,32.6,S
2021-07-21T10:54:58,500.0,32.6,S
2021-07-21T10:54:52,100.0,32.6,S
2021-07-21T10:54:51,100.0,32.6,S
2021-07-21T10:53:31,100.0,32.6,S
2021-07-21T10:53:29,2000.0,32.65,B
2021-07-21T10:53:06,100.0,32.6,S
2021-07-21T10:53:05,200.0,32.65,B
2021-07-21T10:52:59,5000.0,32.65,B
2021-07-21T10:52:29,100.0,32.6,S
2021-07-21T10:52:29,200.0,32.65,B
2021-07-21T10:52:22,500.0,32.65,B
2021-07-21T10:52:21,200.0,32.65,B
2021-07-21T10:52:19,100.0,32.6,S
2021-07-21T10:52:11,200.0,32.65,B
2021-07-21T10:52:11,700.0,32.65,B
2021-07-21T10:52:11,200.0,32.65,B
2021-07-21T10:52:10,300.0,32.65,B
2021-07-21T10:52:02,2000.0,32.65,B
2021-07-21T10:50:57,500.0,32.6,S
2021-07-21T10:50:57,2100.0,32.6,S
2021-07-21T10:50:40,200.0,32.6,S
2021-07-21T10:50:36,200.0,32.65,B
2021-07-21T10:50:27,200.0,32.65,B
2021-07-21T10:50:18,200.0,32.65,B
2021-07-21T10:50:11,200.0,32.65,B
2021-07-21T10:50:01,200.0,32.65,B
2021-07-21T10:49:52,200.0,32.65,B
2021-07-21T10:49:45,200.0,32.65,B
2021-07-21T10:49:38,500.0,32.65,B
2021-07-21T10:49:33,200.0,32.65,B
2021-07-21T10:49:26,200.0,32.65,B
2021-07-21T10:49:17,200.0,32.65,B
2021-07-21T10:49:09,200.0,32.65,B
2021-07-21T10:49:01,200.0,32.65,B
2021-07-21T10:48:51,200.0,32.65,B
2021-07-21T10:48:48,100.0,32.65,B
2021-07-21T10:48:27,200.0,32.6,S
2021-07-21T10:48:25,600.0,32.6,B
2021-07-21T10:48:19,1000.0,32.6,B
2021-07-21T10:48:18,200.0,32.6,B
2021-07-21T10:48:11,19200.0,32.6,B
2021-07-21T10:48:11,2200.0,32.6,B
2021-07-21T10:48:11,4200.0,32.6,B
2021-07-21T10:48:11,500.0,32.6,B
2021-07-21T10:48:11,1500.0,32.6,B
2021-07-21T10:48:11,200.0,32.6,B
2021-07-21T10:48:11,22200.0,32.6,B
2021-07-21T10:48:08,200.0,32.6,B
2021-07-21T10:47:57,200.0,32.6,B
2021-07-21T10:47:49,200.0,32.6,B
2021-07-21T10:47:41,200.0,32.6,B
2021-07-21T10:47:33,200.0,32.6,B
2021-07-21T10:47:24,200.0,32.6,B
2021-07-21T10:47:16,200.0,32.6,B
2021-07-21T10:47:16,2000.0,32.5,S
2021-07-21T10:47:06,200.0,32.6,B
2021-07-21T10:46:58,200.0,32.6,B
2021-07-21T10:46:49,200.0,32.6,B
2021-07-21T10:46:41,200.0,32.6,B
2021-07-21T10:46:41,1000.0,32.5,S
2021-07-21T10:46:32,200.0,32.6,B
2021-07-21T10:46:24,5000.0,32.6,B
2021-07-21T10:46:22,2000.0,32.5,S
2021-07-21T10:46:14,200.0,32.6,B
2021-07-21T10:46:06,200.0,32.6,B
2021-07-21T10:45:57,200.0,32.6,B
2021-07-21T10:45:49,200.0,32.6,B
2021-07-21T10:45:40,200.0,32.6,B
2021-07-21T10:45:39,700.0,32.6,S
2021-07-21T10:45:39,11900.0,32.6,S
2021-07-21T10:45:39,700.0,32.6,S
2021-07-21T10:45:39,800.0,32.6,S
2021-07-21T10:45:39,200.0,32.6,S
2021-07-21T10:45:39,10100.0,32.6,S
2021-07-21T10:45:35,300.0,32.6,S
2021-07-21T10:45:17,5000.0,32.6,S
2021-07-21T10:45:13,1000.0,32.6,S
2021-07-21T10:45:05,300.0,32.65,B
2021-07-21T10:44:39,2000.0,32.6,S
2021-07-21T10:44:35,500.0,32.6,S
2021-07-21T10:44:28,100.0,32.6,S
2021-07-21T10:44:28,500.0,32.6,S
2021-07-21T10:44:24,500.0,32.6,S
2021-07-21T10:44:17,900.0,32.6,S
2021-07-21T10:44:15,5000.0,32.6,S
2021-07-21T10:44:14,10000.0,32.6,S
2021-07-21T10:44:13,1000.0,32.6,S
2021-07-21T10:44:05,10000.0,32.6,S
2021-07-21T10:43:49,500.0,32.6,S
2021-07-21T10:43:37,1000.0,32.6,S
2021-07-21T10:43:29,200.0,32.65,B
2021-07-21T10:43:22,200.0,32.65,B
2021-07-21T10:43:12,200.0,32.65,B
2021-07-21T10:43:08,500.0,32.65,B
2021-07-21T10:43:07,600.0,32.6,S
2021-07-21T10:43:03,200.0,32.65,B
2021-07-21T10:42:55,200.0,32.65,B
2021-07-21T10:42:54,1000.0,32.65,B
2021-07-21T10:42:48,3400.0,32.6,S
2021-07-21T10:42:48,200.0,32.6,S
2021-07-21T10:42:48,200.0,32.65,S
2021-07-21T10:42:48,1200.0,32.65,S
2021-07-21T10:42:45,200.0,32.65,S
2021-07-21T10:42:45,5000.0,32.7,B
2021-07-21T10:42:41,10000.0,32.65,S
2021-07-21T10:42:39,1000.0,32.65,S
2021-07-21T10:42:26,900.0,32.65,S
2021-07-21T10:42:24,100.0,32.7,B
2021-07-21T10:42:12,100.0,32.65,S
2021-07-21T10:42:12,700.0,32.65,S
2021-07-21T10:42:12,200.0,32.65,S
2021-07-21T10:42:12,100.0,32.65,S
2021-07-21T10:42:09,200.0,32.7,B
2021-07-21T10:42:02,200.0,32.7,B
2021-07-21T10:41:53,200.0,32.7,B
2021-07-21T10:41:46,200.0,32.7,B
2021-07-21T10:41:45,200.0,32.7,B
2021-07-21T10:41:41,1000.0,32.7,B
2021-07-21T10:41:39,100.0,32.65,S
2021-07-21T10:41:34,200.0,32.7,B
2021-07-21T10:41:28,200.0,32.7,B
2021-07-21T10:41:19,200.0,32.7,B
2021-07-21T10:41:18,700.0,32.7,B
2021-07-21T10:41:13,1000.0,32.7,B
2021-07-21T10:41:12,100.0,32.7,B
2021-07-21T10:41:10,200.0,32.7,B
2021-07-21T10:41:06,500.0,32.7,B
2021-07-21T10:41:05,1000.0,32.7,S
2021-07-21T10:41:05,5000.0,32.7,S
2021-07-21T10:41:05,9900.0,32.7,S
2021-07-21T10:41:05,1200.0,32.75,B
2021-07-21T10:41:02,200.0,32.75,B
2021-07-21T10:41:01,100.0,32.75,B
2021-07-21T10:40:55,700.0,32.7,S
2021-07-21T10:40:55,18200.0,32.7,S
2021-07-21T10:40:55,200.0,32.7,S
2021-07-21T10:40:55,5900.0,32.7,S
2021-07-21T10:40:54,2000.0,32.75,B
2021-07-21T10:40:44,1200.0,32.7,S
2021-07-21T10:40:43,500.0,32.75,B
2021-07-21T10:40:33,200.0,32.75,B
2021-07-21T10:40:27,200.0,32.75,B
2021-07-21T10:40:23,200.0,32.75,S
2021-07-21T10:40:23,400.0,32.75,S
2021-07-21T10:40:17,4600.0,32.75,B
2021-07-21T10:40:13,100.0,32.75,B
2021-07-21T10:40:09,200.0,32.7,S
2021-07-21T10:40:01,1000.0,32.7,S
2021-07-21T10:39:53,7200.0,32.7,S
2021-07-21T10:39:53,200.0,32.7,S
2021-07-21T10:39:53,2600.0,32.7,S
2021-07-21T10:39:47,2000.0,32.7,S
2021-07-21T10:39:43,200.0,32.75,B
2021-07-21T10:39:36,100.0,32.75,S
2021-07-21T10:39:35,100.0,32.75,B
2021-07-21T10:39:33,700.0,32.75,B
2021-07-21T10:39:05,400.0,32.7,S
2021-07-21T10:39:05,100.0,32.7,S
2021-07-21T10:38:55,100.0,32.7,S
2021-07-21T10:38:32,5000.0,32.7,S
2021-07-21T10:38:28,600.0,32.7,S
2021-07-21T10:38:26,500.0,32.75,B
2021-07-21T10:38:23,4600.0,32.7,S
2021-07-21T10:38:23,200.0,32.7,S
2021-07-21T10:38:23,200.0,32.7,S
2021-07-21T10:38:22,1800.0,32.75,B
2021-07-21T10:38:17,200.0,32.75,B
2021-07-21T10:38:16,200.0,32.75,B
2021-07-21T10:38:08,200.0,32.75,B
2021-07-21T10:38:01,500.0,32.75,B
2021-07-21T10:38:01,100.0,32.75,B
2021-07-21T10:37:59,200.0,32.9,B
2021-07-21T10:37:58,700.0,32.9,B
2021-07-21T10:37:58,19300.0,32.85,B
2021-07-21T10:37:58,200.0,32.75,B
2021-07-21T10:37:51,5300.0,32.75,S
2021-07-21T10:37:50,200.0,32.85,B
2021-07-21T10:37:48,26500.0,32.85,B
2021-07-21T10:37:48,2500.0,32.85,B
2021-07-21T10:37:48,1000.0,32.8,B
2021-07-21T10:37:48,500.0,32.8,B
2021-07-21T10:37:45,100.0,32.8,S
2021-07-21T10:37:45,200.0,32.8,S
2021-07-21T10:37:45,1000.0,32.8,S
2021-07-21T10:37:41,2500.0,32.85,B
2021-07-21T10:37:41,500.0,32.85,B
2021-07-21T10:37:41,300.0,32.8,S
2021-07-21T10:37:41,300.0,32.8,S
2021-07-21T10:37:40,100.0,32.8,S
2021-07-21T10:37:38,9400.0,32.8,S
2021-07-21T10:37:32,100.0,32.8,S
2021-07-21T10:37:27,500.0,32.8,S
2021-07-21T10:37:23,1100.0,32.8,B
2021-07-21T10:37:22,1200.0,32.8,B
2021-07-21T10:37:19,1700.0,32.8,B
2021-07-21T10:37:19,1300.0,32.8,B
2021-07-21T10:37:18,1000.0,32.8,B
2021-07-21T10:37:17,600.0,32.8,B
2021-07-21T10:37:17,300.0,32.8,B
2021-07-21T10:37:15,200.0,32.8,B
2021-07-21T10:37:13,1600.0,32.8,B
2021-07-21T10:37:13,8400.0,32.8,B
2021-07-21T10:37:12,2700.0,32.8,B
2021-07-21T10:37:12,1500.0,32.8,B
2021-07-21T10:37:09,2300.0,32.8,B
2021-07-21T10:37:07,100.0,32.8,B
2021-07-21T10:37:07,100.0,32.8,B
2021-07-21T10:37:05,2200.0,32.8,B
2021-07-21T10:37:04,100.0,32.75,B
2021-07-21T10:36:59,100.0,32.75,B
2021-07-21T10:36:59,500.0,32.75,B
2021-07-21T10:36:46,100.0,32.7,S
2021-07-21T10:36:44,100.0,32.7,S
2021-07-21T10:36:41,3000.0,32.7,B
2021-07-21T10:36:41,1900.0,32.7,B
2021-07-21T10:36:41,3300.0,32.7,B
2021-07-21T10:36:33,3600.0,32.7,B
2021-07-21T10:36:33,100.0,32.7,B
2021-07-21T10:36:33,2200.0,32.7,B
2021-07-21T10:36:33,400.0,32.7,B
2021-07-21T10:36:33,3600.0,32.7,B
2021-07-21T10:36:33,100.0,32.7,B
2021-07-21T10:36:29,500.0,32.65,S
2021-07-21T10:36:26,300.0,32.65,S
2021-07-21T10:36:23,800.0,32.65,S
2021-07-21T10:36:18,200.0,32.65,B
2021-07-21T10:36:18,10000.0,32.65,B
2021-07-21T10:36:16,200.0,32.65,B
2021-07-21T10:36:14,200.0,32.65,B
2021-07-21T10:36:14,200.0,32.65,B
2021-07-21T10:36:06,200.0,32.65,B
2021-07-21T10:36:05,4100.0,32.65,B
2021-07-21T10:36:05,900.0,32.65,B
2021-07-21T10:36:00,200.0,32.65,B
2021-07-21T10:35:58,1200.0,32.65,B
2021-07-21T10:35:46,1800.0,32.6,B
2021-07-21T10:35:46,1000.0,32.6,B
2021-07-21T10:35:45,700.0,32.6,B
2021-07-21T10:35:40,100.0,32.6,B
2021-07-21T10:35:40,200.0,32.6,B
2021-07-21T10:35:31,200.0,32.6,B
2021-07-21T10:35:26,3400.0,32.6,B
2021-07-21T10:35:26,300.0,32.6,B
2021-07-21T10:35:25,4200.0,32.6,B
2021-07-21T10:35:25,1100.0,32.6,B
2021-07-21T10:35:25,11800.0,32.6,B
2021-07-21T10:35:25,10000.0,32.6,B
2021-07-21T10:35:25,3900.0,32.6,B
2021-07-21T10:35:25,3100.0,32.6,B
2021-07-21T10:35:25,600.0,32.6,B
2021-07-21T10:35:25,11600.0,32.55,B
2021-07-21T10:35:21,200.0,32.55,B
2021-07-21T10:35:21,2000.0,32.55,B
2021-07-21T10:35:19,1000.0,32.55,B
2021-07-21T10:35:14,200.0,32.55,B
2021-07-21T10:35:05,200.0,32.55,B
2021-07-21T10:34:56,200.0,32.55,B
2021-07-21T10:34:51,200.0,32.55,B
2021-07-21T10:34:31,500.0,32.5,B
2021-07-21T10:34:31,5400.0,32.5,B
2021-07-21T10:34:31,2100.0,32.5,B
2021-07-21T10:34:31,1200.0,32.5,B
2021-07-21T10:34:31,1000.0,32.5,B
2021-07-21T10:34:31,1500.0,32.5,B
2021-07-21T10:34:31,6600.0,32.5,B
2021-07-21T10:34:15,300.0,32.45,S
2021-07-21T10:34:08,600.0,32.45,S
2021-07-21T10:34:05,800.0,32.45,S
2021-07-21T10:34:05,200.0,32.45,S
2021-07-21T10:34:05,1900.0,32.45,S
2021-07-21T10:34:04,200.0,32.5,B
2021-07-21T10:34:01,500.0,32.5,B
2021-07-21T10:33:40,1200.0,32.45,B
2021-07-21T10:33:38,200.0,32.45,B
2021-07-21T10:33:37,1000.0,32.45,B
2021-07-21T10:33:33,1000.0,32.45,B
2021-07-21T10:33:29,200.0,32.45,B
2021-07-21T10:33:20,200.0,32.45,B
2021-07-21T10:33:20,1000.0,32.45,B
2021-07-21T10:33:14,300.0,32.45,B
2021-07-21T10:33:13,200.0,32.45,B
2021-07-21T10:33:06,1000.0,32.45,B
2021-07-21T10:33:03,200.0,32.45,B
2021-07-21T10:32:54,200.0,32.45,B
2021-07-21T10:32:51,300.0,32.45,B
2021-07-21T10:32:46,200.0,32.45,B
2021-07-21T10:32:38,1200.0,32.45,S
2021-07-21T10:32:38,400.0,32.45,S
2021-07-21T10:32:38,200.0,32.45,S
2021-07-21T10:32:38,600.0,32.45,S
2021-07-21T10:32:09,4400.0,32.45,B
2021-07-21T10:32:02,200.0,32.45,B
2021-07-21T10:32:01,300.0,32.45,B
2021-07-21T10:31:55,1700.0,32.4,S
2021-07-21T10:31:53,200.0,32.45,B
2021-07-21T10:31:52,2000.0,32.45,B
2021-07-21T10:31:51,1000.0,32.45,B
2021-07-21T10:31:40,100.0,32.4,S
2021-07-21T10:31:36,200.0,32.45,B
2021-07-21T10:31:31,100.0,32.45,B
2021-07-21T10:30:59,100.0,32.4,B
2021-07-21T10:30:59,500.0,32.4,B
2021-07-21T10:30:59,18800.0,32.4,B
2021-07-21T10:30:41,300.0,32.4,B
2021-07-21T10:30:39,3000.0,32.4,B
2021-07-21T10:30:31,1000.0,32.35,S
2021-07-21T10:30:26,100.0,32.35,S
2021-07-21T10:30:19,200.0,32.4,B
2021-07-21T10:29:47,5000.0,32.35,S
2021-07-21T10:29:26,100.0,32.35,S
2021-07-21T10:29:23,1300.0,32.4,B
2021-07-21T10:29:15,100.0,32.35,S
2021-07-21T10:28:55,2000.0,32.4,B
2021-07-21T10:28:08,500.0,32.4,B
2021-07-21T10:27:08,100.0,32.4,B
2021-07-21T10:26:44,2000.0,32.4,B
2021-07-21T10:26:33,200.0,32.4,B
2021-07-21T10:26:32,4000.0,32.4,B
2021-07-21T10:26:16,1200.0,32.4,B
2021-07-21T10:26:01,100.0,32.4,B
2021-07-21T10:25:57,1000.0,32.4,B
2021-07-21T10:25:49,300.0,32.4,B
2021-07-21T10:25:49,1000.0,32.4,B
2021-07-21T10:25:05,200.0,32.4,B
2021-07-21T10:24:59,100.0,32.4,B
2021-07-21T10:24:57,100.0,32.35,S
2021-07-21T10:24:31,19700.0,32.35,B
2021-07-21T10:23:49,300.0,32.35,B
2021-07-21T10:23:43,2400.0,32.35,B
2021-07-21T10:23:29,2000.0,32.35,B
2021-07-21T10:22:53,300.0,32.3,S
2021-07-21T10:21:53,100.0,32.3,S
2021-07-21T10:21:43,1000.0,32.35,B
2021-07-21T10:21:25,100.0,32.35,B
2021-07-21T10:21:14,200.0,32.3,S
2021-07-21T10:20:46,1000.0,32.35,B
2021-07-21T10:20:05,1000.0,32.35,S
2021-07-21T10:20:00,100.0,32.35,S
2021-07-21T10:20:00,300.0,32.35,S
2021-07-21T10:20:00,600.0,32.35,S
2021-07-21T10:19:43,200.0,32.35,S
2021-07-21T10:19:24,800.0,32.35,S
2021-07-21T10:19:09,2000.0,32.35,S
2021-07-21T10:19:04,200.0,32.35,S
2021-07-21T10:19:04,300.0,32.35,S
2021-07-21T10:18:54,600.0,32.35,S
2021-07-21T10:18:51,100.0,32.35,S
2021-07-21T10:18:28,300.0,32.35,S
2021-07-21T10:18:26,100.0,32.35,S
2021-07-21T10:18:04,500.0,32.35,S
2021-07-21T10:17:34,1600.0,32.35,S
2021-07-21T10:17:25,100.0,32.35,B
2021-07-21T10:17:08,400.0,32.35,B
2021-07-21T10:17:03,3000.0,32.35,B
2021-07-21T10:16:49,200.0,32.35,B
2021-07-21T10:16:37,13000.0,32.35,B
2021-07-21T10:16:28,1400.0,32.35,B
2021-07-21T10:16:10,100.0,32.3,S
2021-07-21T10:15:25,200.0,32.3,S
2021-07-21T10:15:15,500.0,32.3,S
2021-07-21T10:14:45,1200.0,32.3,B
2021-07-21T10:14:45,100.0,32.3,B
2021-07-21T10:14:45,3000.0,32.25,S
2021-07-21T10:14:43,1900.0,32.3,B
2021-07-21T10:14:43,500.0,32.3,B
2021-07-21T10:14:39,1600.0,32.3,B
2021-07-21T10:14:36,100.0,32.3,B
2021-07-21T10:14:29,100.0,32.3,S
2021-07-21T10:14:12,200.0,32.3,S
2021-07-21T10:14:06,17100.0,32.3,B
2021-07-21T10:13:43,3000.0,32.25,S
2021-07-21T10:13:41,20000.0,32.25,S
2021-07-21T10:13:40,1100.0,32.3,B
2021-07-21T10:13:19,21000.0,32.25,S
2021-07-21T10:12:49,300.0,32.2,S
2021-07-21T10:12:35,200.0,32.15,B
2021-07-21T10:12:35,500.0,32.15,B
2021-07-21T10:12:35,10000.0,32.15,B
2021-07-21T10:12:31,1000.0,32.15,B
2021-07-21T10:12:31,200.0,32.15,B
2021-07-21T10:12:29,300.0,32.15,B
2021-07-21T10:12:29,3400.0,32.15,S
2021-07-21T10:12:29,1200.0,32.15,S
2021-07-21T10:12:29,27500.0,32.15,S
2021-07-21T10:12:29,5700.0,32.15,S
2021-07-21T10:12:15,6000.0,32.2,B
2021-07-21T10:12:15,3600.0,32.2,B
2021-07-21T10:12:14,100.0,32.2,B
2021-07-21T10:12:06,100.0,32.2,B
2021-07-21T10:12:02,2000.0,32.2,B
2021-07-21T10:11:51,100.0,32.2,B
2021-07-21T10:11:46,200.0,32.2,B
2021-07-21T10:11:32,100.0,32.2,B
2021-07-21T10:11:03,400.0,32.15,S
2021-07-21T10:10:49,6000.0,32.15,S
2021-07-21T10:10:39,10000.0,32.15,S
2021-07-21T10:10:27,10000.0,32.15,S
2021-07-21T10:10:18,10000.0,32.15,S
2021-07-21T10:10:14,100.0,32.2,B
2021-07-21T10:10:05,3000.0,32.15,S
2021-07-21T10:09:54,5000.0,32.2,B
2021-07-21T10:09:53,10000.0,32.15,S
2021-07-21T10:09:53,500.0,32.15,S
2021-07-21T10:09:31,11000.0,32.2,B
2021-07-21T10:09:24,5000.0,32.2,B
2021-07-21T10:09:19,100.0,32.15,S
2021-07-21T10:09:14,500.0,32.15,S
2021-07-21T10:09:13,500.0,32.15,B
2021-07-21T10:09:03,1300.0,32.2,B
2021-07-21T10:09:01,2400.0,32.15,S
2021-07-21T10:08:58,1000.0,32.15,S
2021-07-21T10:08:54,400.0,32.15,S
2021-07-21T10:08:51,3300.0,32.15,S
2021-07-21T10:08:46,700.0,32.15,S
2021-07-21T10:08:42,10000.0,32.15,S
2021-07-21T10:08:38,2800.0,32.15,S
2021-07-21T10:08:38,2200.0,32.15,S
2021-07-21T10:08:35,100.0,32.15,S
2021-07-21T10:08:35,2800.0,32.15,S
2021-07-21T10:08:23,500.0,32.2,B
2021-07-21T10:08:20,300.0,32.2,B
2021-07-21T10:08:18,100.0,32.2,B
2021-07-21T10:08:06,1000.0,32.2,S
2021-07-21T10:08:06,300.0,32.2,S
2021-07-21T10:08:06,2000.0,32.2,S
2021-07-21T10:08:06,5200.0,32.2,S
2021-07-21T10:08:06,1700.0,32.2,S
2021-07-21T10:08:06,300.0,32.2,S
2021-07-21T10:08:02,700.0,32.2,S
2021-07-21T10:07:59,1000.0,32.2,S
2021-07-21T10:07:59,1000.0,32.2,S
2021-07-21T10:07:59,5200.0,32.2,S
2021-07-21T10:07:59,1400.0,32.2,S
2021-07-21T10:07:59,2500.0,32.2,S
2021-07-21T10:07:49,1000.0,32.2,S
2021-07-21T10:07:45,3200.0,32.2,S
2021-07-21T10:07:45,1000.0,32.25,B
2021-07-21T10:07:45,300.0,32.25,B
2021-07-21T10:07:42,1000.0,32.25,B
2021-07-21T10:07:36,8000.0,32.2,S
2021-07-21T10:07:30,600.0,32.25,B
2021-07-21T10:07:25,14900.0,32.2,S
2021-07-21T10:07:25,2200.0,32.2,S
2021-07-21T10:07:22,1100.0,32.25,B
2021-07-21T10:07:08,500.0,32.25,S
2021-07-21T10:07:08,1400.0,32.25,S
2021-07-21T10:06:52,3000.0,32.3,B
2021-07-21T10:06:38,100.0,32.25,S
2021-07-21T10:06:38,500.0,32.25,S
2021-07-21T10:06:36,400.0,32.25,S
2021-07-21T10:06:27,200.0,32.25,S
2021-07-21T10:06:26,5000.0,32.25,S
2021-07-21T10:06:23,9700.0,32.25,S
2021-07-21T10:06:23,700.0,32.25,S
2021-07-21T10:06:23,6200.0,32.25,S
2021-07-21T10:06:23,1400.0,32.25,S
2021-07-21T10:06:18,1000.0,32.25,S
2021-07-21T10:06:13,1400.0,32.3,B
2021-07-21T10:06:00,5000.0,32.25,S
2021-07-21T10:05:38,4000.0,32.3,B
2021-07-21T10:05:36,200.0,32.3,B
2021-07-21T10:05:08,1000.0,32.3,B
2021-07-21T10:05:05,100.0,32.25,S
2021-07-21T10:05:05,100.0,32.3,B
2021-07-21T10:04:54,1000.0,32.3,B
2021-07-21T10:04:46,3900.0,32.25,S
2021-07-21T10:04:18,2700.0,32.25,S
2021-07-21T10:04:10,200.0,32.25,S
2021-07-21T10:04:05,100.0,32.3,B
2021-07-21T10:03:57,200.0,32.25,S
2021-07-21T10:03:49,200.0,32.25,S
2021-07-21T10:03:41,400.0,32.25,S
2021-07-21T10:03:25,100.0,32.25,S
2021-07-21T10:03:13,600.0,32.25,S
2021-07-21T10:03:06,100.0,32.3,B
2021-07-21T10:03:06,100.0,32.3,B
2021-07-21T10:02:58,600.0,32.3,S
2021-07-21T10:02:58,12800.0,32.3,S
2021-07-21T10:02:55,3000.0,32.3,S
2021-07-21T10:02:54,100.0,32.35,B
2021-07-21T10:02:50,500.0,32.3,S
2021-07-21T10:02:50,4900.0,32.3,S
2021-07-21T10:02:50,1400.0,32.3,S
2021-07-21T10:02:50,100.0,32.3,S
2021-07-21T10:02:50,3600.0,32.3,S
2021-07-21T10:02:21,500.0,32.35,B
2021-07-21T10:02:17,5000.0,32.35,S
2021-07-21T10:02:17,800.0,32.35,S
2021-07-21T10:02:17,5700.0,32.35,S
2021-07-21T10:02:17,700.0,32.35,S
2021-07-21T10:02:17,2000.0,32.35,S
2021-07-21T10:01:55,300.0,32.35,S
2021-07-21T10:01:51,300.0,32.4,B
2021-07-21T10:01:44,500.0,32.35,S
2021-07-21T10:01:41,1000.0,32.4,B
2021-07-21T10:01:33,10000.0,32.35,S
2021-07-21T10:01:25,1500.0,32.4,B
2021-07-21T10:01:25,1000.0,32.4,B
2021-07-21T10:01:25,2500.0,32.4,B
2021-07-21T10:01:09,300.0,32.4,B
2021-07-21T10:01:02,100.0,32.4,B
2021-07-21T10:00:41,200.0,32.4,B
2021-07-21T10:00:23,1200.0,32.4,S
2021-07-21T10:00:23,5700.0,32.4,S
2021-07-21T10:00:23,100.0,32.4,S
2021-07-21T10:00:23,4000.0,32.4,S
2021-07-21T10:00:23,7500.0,32.4,S
2021-07-21T10:00:23,1100.0,32.4,S
2021-07-21T10:00:23,500.0,32.4,S
2021-07-21T10:00:23,1800.0,32.4,S
2021-07-21T10:00:23,100.0,32.4,S
2021-07-21T10:00:23,400.0,32.4,S
2021-07-21T10:00:18,6600.0,32.4,S
2021-07-21T10:00:18,18400.0,32.4,S
2021-07-21T09:59:57,500.0,32.45,B
2021-07-21T09:59:53,1000.0,32.4,S
2021-07-21T09:59:46,200.0,32.45,B
2021-07-21T09:59:45,1000.0,32.4,S
2021-07-21T09:59:45,200.0,32.45,B
2021-07-21T09:59:18,100.0,32.45,B
2021-07-21T09:59:12,1000.0,32.45,S
2021-07-21T09:59:05,100.0,32.45,S
2021-07-21T09:58:51,200.0,32.45,S
2021-07-21T09:58:40,1800.0,32.45,S
2021-07-21T09:58:38,1200.0,32.45,S
2021-07-21T09:58:28,300.0,32.45,B
2021-07-21T09:58:13,200.0,32.45,B
2021-07-21T09:58:09,500.0,32.45,B
2021-07-21T09:58:08,1000.0,32.45,B
2021-07-21T09:58:04,1000.0,32.45,S
2021-07-21T09:58:04,1600.0,32.45,S
2021-07-21T09:58:04,400.0,32.45,S
2021-07-21T09:57:33,500.0,32.45,S
2021-07-21T09:57:30,200.0,32.45,S
2021-07-21T09:57:23,500.0,32.45,B
2021-07-21T09:57:18,17900.0,32.45,B
2021-07-21T09:57:05,1000.0,32.45,B
2021-07-21T09:56:47,600.0,32.45,B
2021-07-21T09:55:48,300.0,32.4,S
2021-07-21T09:55:41,1000.0,32.5,B
2021-07-21T09:55:25,100.0,32.5,B
2021-07-21T09:55:24,200.0,32.5,B
2021-07-21T09:55:10,14700.0,32.4,S
2021-07-21T09:55:10,2500.0,32.4,S
2021-07-21T09:55:10,1200.0,32.4,S
2021-07-21T09:55:10,500.0,32.4,S
2021-07-21T09:55:10,500.0,32.4,S
2021-07-21T09:55:10,10600.0,32.4,S
2021-07-21T09:55:10,1000.0,32.5,S
2021-07-21T09:55:05,200.0,32.5,B
2021-07-21T09:55:03,1000.0,32.5,B
2021-07-21T09:55:03,100.0,32.5,B
2021-07-21T09:54:59,1200.0,32.5,B
2021-07-21T09:54:59,200.0,32.5,B
2021-07-21T09:54:58,2800.0,32.5,B
2021-07-21T09:54:58,500.0,32.5,B
2021-07-21T09:54:58,1700.0,32.5,B
2021-07-21T09:54:55,100.0,32.5,B
2021-07-21T09:54:55,500.0,32.5,B
2021-07-21T09:54:54,500.0,32.5,B
2021-07-21T09:54:46,200.0,32.5,B
2021-07-21T09:54:46,3800.0,32.5,B
2021-07-21T09:54:42,500.0,32.5,B
2021-07-21T09:54:39,5000.0,32.5,B
2021-07-21T09:54:37,200.0,32.5,B
2021-07-21T09:54:30,200.0,32.5,B
2021-07-21T09:54:26,100.0,32.5,B
2021-07-21T09:54:19,500.0,32.5,B
2021-07-21T09:54:14,800.0,32.5,B
2021-07-21T09:54:14,1200.0,32.5,B
2021-07-21T09:54:12,5000.0,32.5,B
2021-07-21T09:54:12,1000.0,32.5,B
2021-07-21T09:54:07,300.0,32.45,S
2021-07-21T09:54:05,1100.0,32.4,S
2021-07-21T09:54:05,700.0,32.4,S
2021-07-21T09:54:05,200.0,32.4,S
2021-07-21T09:54:05,1000.0,32.4,S
2021-07-21T09:54:05,1100.0,32.4,S
2021-07-21T09:54:05,1000.0,32.4,S
2021-07-21T09:54:05,2600.0,32.4,S
2021-07-21T09:54:05,2100.0,32.4,S
2021-07-21T09:54:05,6000.0,32.45,S
2021-07-21T09:54:05,10000.0,32.45,S
2021-07-21T09:54:05,4200.0,32.45,S
2021-07-21T09:54:03,2500.0,32.5,B
2021-07-21T09:54:02,1800.0,32.5,B
2021-07-21T09:53:57,1000.0,32.5,B
2021-07-21T09:53:44,500.0,32.5,B
2021-07-21T09:53:38,1200.0,32.4,S
2021-07-21T09:53:38,18800.0,32.4,S
2021-07-21T09:53:28,35000.0,32.5,B
2021-07-21T09:51:20,600.0,32.4,S
2021-07-21T09:50:52,200.0,32.4,S
2021-07-21T09:50:51,1300.0,32.4,S
2021-07-21T09:50:51,700.0,32.4,S
2021-07-21T09:50:48,100.0,32.45,B
2021-07-21T09:50:35,300.0,32.45,B
2021-07-21T09:50:25,2000.0,32.45,B
2021-07-21T09:50:08,100.0,32.45,B
2021-07-21T09:50:06,100.0,32.45,B
2021-07-21T09:50:04,200.0,32.45,B
2021-07-21T09:50:01,500.0,32.45,B
2021-07-21T09:49:53,6400.0,32.45,B
2021-07-21T09:49:53,3600.0,32.45,B
2021-07-21T09:49:52,2300.0,32.4,S
2021-07-21T09:49:45,2000.0,32.45,B
2021-07-21T09:49:31,2000.0,32.45,B
2021-07-21T09:49:30,500.0,32.45,B
2021-07-21T09:49:24,1000.0,32.45,B
2021-07-21T09:49:04,1000.0,32.45,B
2021-07-21T09:48:59,7000.0,32.4,B
2021-07-21T09:48:56,500.0,32.4,B
2021-07-21T09:48:54,500.0,32.4,B
2021-07-21T09:48:50,600.0,32.4,S
2021-07-21T09:48:50,600.0,32.4,S
2021-07-21T09:48:50,17000.0,32.4,S
2021-07-21T09:48:06,200.0,32.4,S
2021-07-21T09:47:48,100.0,32.45,B
2021-07-21T09:47:36,200.0,32.4,S
2021-07-21T09:47:22,1000.0,32.4,B
2021-07-21T09:47:19,1000.0,32.4,B
2021-07-21T09:47:18,100.0,32.4,B
2021-07-21T09:46:54,100.0,32.4,B
2021-07-21T09:46:49,100.0,32.4,B
2021-07-21T09:46:48,1000.0,32.4,B
2021-07-21T09:46:24,300.0,32.4,B
2021-07-21T09:46:18,100.0,32.4,B
2021-07-21T09:46:02,600.0,32.4,B
2021-07-21T09:45:56,1000.0,32.4,B
2021-07-21T09:45:51,2000.0,32.4,B
2021-07-21T09:45:42,1300.0,32.4,S
2021-07-21T09:45:38,1000.0,32.4,S
2021-07-21T09:45:12,100.0,32.45,B
2021-07-21T09:45:03,1000.0,32.4,S
2021-07-21T09:44:59,100.0,32.45,B
2021-07-21T09:44:55,200.0,32.4,S
2021-07-21T09:44:10,1600.0,32.45,S
2021-07-21T09:44:09,500.0,32.5,B
2021-07-21T09:44:07,200.0,32.45,S
2021-07-21T09:44:05,500.0,32.5,B
2021-07-21T09:43:53,1000.0,32.5,B
2021-07-21T09:43:38,200.0,32.45,S
2021-07-21T09:43:08,700.0,32.5,B
2021-07-21T09:43:04,100.0,32.5,B
2021-07-21T09:42:50,1000.0,32.45,B
2021-07-21T09:42:39,300.0,32.4,B
2021-07-21T09:42:30,300.0,32.3,B
2021-07-21T09:42:23,100.0,32.3,B
2021-07-21T09:42:19,3100.0,32.3,B
2021-07-21T09:41:58,400.0,32.2,B
2021-07-21T09:41:58,300.0,32.2,B
2021-07-21T09:41:58,600.0,32.2,B
2021-07-21T09:41:51,600.0,32.2,B
2021-07-21T09:41:50,200.0,32.2,B
2021-07-21T09:41:41,1000.0,32.15,S
2021-07-21T09:41:40,5900.0,32.15,B
2021-07-21T09:41:39,1100.0,32.15,B
2021-07-21T09:41:35,1000.0,32.1,S
2021-07-21T09:41:30,5000.0,32.15,B
2021-07-21T09:41:28,10000.0,32.1,B
2021-07-21T09:41:24,100.0,32.1,B
2021-07-21T09:41:22,300.0,32.1,B
2021-07-21T09:41:21,1000.0,32.1,B
2021-07-21T09:41:20,500.0,32.1,B
2021-07-21T09:41:04,1500.0,32.05,B
2021-07-21T09:41:01,100.0,32.05,B
2021-07-21T09:40:59,3400.0,32.05,S
2021-07-21T09:40:59,100.0,32.05,S
2021-07-21T09:40:55,500.0,32.1,B
2021-07-21T09:40:51,200.0,32.1,B
2021-07-21T09:40:39,2500.0,32.05,S
2021-07-21T09:40:32,2000.0,32.1,B
2021-07-21T09:40:23,600.0,32.1,S
2021-07-21T09:40:23,1900.0,32.1,S
2021-07-21T09:40:06,4100.0,32.1,S
2021-07-21T09:40:06,5900.0,32.1,S
2021-07-21T09:39:56,3000.0,32.15,B
2021-07-21T09:39:55,400.0,32.1,S
2021-07-21T09:39:53,10000.0,32.1,S
2021-07-21T09:39:51,200.0,32.1,S
2021-07-21T09:39:51,500.0,32.15,B
2021-07-21T09:39:47,500.0,32.1,S
2021-07-21T09:39:38,100.0,32.15,B
2021-07-21T09:39:35,2000.0,32.15,B
2021-07-21T09:39:32,300.0,32.15,B
2021-07-21T09:39:15,100.0,32.15,B
2021-07-21T09:39:14,200.0,32.15,B
2021-07-21T09:39:14,1000.0,32.15,B
2021-07-21T09:39:14,2000.0,32.15,S
2021-07-21T09:39:14,1000.0,32.15,S
2021-07-21T09:39:07,3000.0,32.2,B
2021-07-21T09:39:04,500.0,32.2,B
2021-07-21T09:38:58,100.0,32.2,B
2021-07-21T09:38:49,6500.0,32.2,S
2021-07-21T09:38:46,10000.0,32.2,S
2021-07-21T09:38:40,1000.0,32.2,S
2021-07-21T09:38:32,1000.0,32.2,S
2021-07-21T09:38:30,500.0,32.2,S
2021-07-21T09:38:11,1000.0,32.2,S
2021-07-21T09:38:11,2800.0,32.2,S
2021-07-21T09:38:10,4500.0,32.2,S
2021-07-21T09:37:47,500.0,32.2,S
2021-07-21T09:37:43,1300.0,32.2,S
2021-07-21T09:37:37,1000.0,32.2,S
2021-07-21T09:37:29,100.0,32.2,S
2021-07-21T09:37:23,100.0,32.3,B
2021-07-21T09:37:23,100.0,32.25,B
2021-07-21T09:37:14,2600.0,32.25,S
2021-07-21T09:37:14,100.0,32.25,S
2021-07-21T09:37:14,100.0,32.25,S
2021-07-21T09:37:01,100.0,32.3,B
2021-07-21T09:36:57,300.0,32.3,S
2021-07-21T09:36:54,300.0,32.3,S
2021-07-21T09:36:51,600.0,32.3,S
2021-07-21T09:36:50,100.0,32.3,S
2021-07-21T09:36:46,700.0,32.35,B
2021-07-21T09:36:33,300.0,32.35,B
2021-07-21T09:36:20,100.0,32.35,S
2021-07-21T09:36:16,200.0,32.4,B
2021-07-21T09:36:13,400.0,32.4,B
2021-07-21T09:36:10,300.0,32.4,B
2021-07-21T09:36:08,2300.0,32.3,S
2021-07-21T09:36:08,1100.0,32.3,S
2021-07-21T09:36:08,3600.0,32.3,S
2021-07-21T09:36:04,2000.0,32.4,B
2021-07-21T09:35:56,3200.0,32.4,S
2021-07-21T09:35:40,1000.0,32.4,S
2021-07-21T09:35:33,500.0,32.45,B
2021-07-21T09:35:32,100.0,32.4,S
2021-07-21T09:35:27,200.0,32.4,B
2021-07-21T09:35:25,600.0,32.4,S
2021-07-21T09:35:19,300.0,32.4,S
2021-07-21T09:35:14,200.0,32.45,B
2021-07-21T09:35:11,100.0,32.4,B
2021-07-21T09:35:11,200.0,32.4,B
2021-07-21T09:35:10,1100.0,32.4,S
2021-07-21T09:35:09,100.0,32.45,B
2021-07-21T09:35:08,200.0,32.4,S
2021-07-21T09:35:06,4000.0,32.4,S
2021-07-21T09:34:59,400.0,32.4,S
2021-07-21T09:34:58,100.0,32.45,B
2021-07-21T09:34:55,1000.0,32.45,B
2021-07-21T09:34:49,800.0,32.4,S
2021-07-21T09:34:42,200.0,32.45,B
2021-07-21T09:34:32,300.0,32.45,B
2021-07-21T09:34:31,200.0,32.45,B
2021-07-21T09:34:26,2200.0,32.45,S
2021-07-21T09:34:23,2300.0,32.45,S
2021-07-21T09:34:17,500.0,32.45,S
2021-07-21T09:34:17,10000.0,32.5,B
2021-07-21T09:34:16,1200.0,32.45,S
2021-07-21T09:34:12,800.0,32.5,B
2021-07-21T09:34:02,6000.0,32.5,S
2021-07-21T09:34:02,14100.0,32.5,S
2021-07-21T09:34:02,1000.0,32.5,S
2021-07-21T09:34:02,300.0,32.5,S
2021-07-21T09:34:02,17000.0,32.5,S
2021-07-21T09:34:02,6800.0,32.5,S
2021-07-21T09:34:02,102400.0,32.5,S
2021-07-21T09:34:02,100.0,32.5,S
2021-07-21T09:33:49,600.0,32.5,S
2021-07-21T09:33:48,100.0,32.55,B
2021-07-21T09:33:46,3000.0,32.5,S
2021-07-21T09:33:45,500.0,32.55,B
2021-07-21T09:33:41,10000.0,32.5,S
2021-07-21T09:33:35,11100.0,32.5,S
2021-07-21T09:33:35,4300.0,32.5,S
2021-07-21T09:33:35,1400.0,32.5,S
2021-07-21T09:33:35,3200.0,32.5,S
2021-07-21T09:33:33,1000.0,32.55,B
2021-07-21T09:33:20,100.0,32.55,B
2021-07-21T09:33:09,1000.0,32.55,B
2021-07-21T09:33:03,6600.0,32.55,S
2021-07-21T09:32:55,3400.0,32.55,S
2021-07-21T09:32:54,20100.0,32.55,S
2021-07-21T09:32:54,1200.0,32.55,S
2021-07-21T09:32:54,16300.0,32.55,S
2021-07-21T09:32:54,3000.0,32.55,S
2021-07-21T09:32:54,300.0,32.55,S
2021-07-21T09:32:54,25700.0,32.55,S
2021-07-21T09:32:51,100.0,32.6,B
2021-07-21T09:32:43,500.0,32.6,B
2021-07-21T09:32:14,500.0,32.6,B
2021-07-21T09:31:49,1000.0,32.6,B
2021-07-21T09:31:47,500.0,32.6,B
2021-07-21T09:31:45,100.0,32.6,B
2021-07-21T09:31:44,5000.0,32.6,B
2021-07-21T09:31:34,3000.0,32.6,B
2021-07-21T09:31:26,100.0,32.6,B
2021-07-21T09:31:18,1000.0,32.6,B
2021-07-21T09:31:07,200.0,32.6,B
2021-07-21T09:30:52,800.0,32.6,B
2021-07-21T09:30:48,300.0,32.6,B
2021-07-21T09:30:47,1000.0,32.6,B
2021-07-21T09:30:35,400.0,32.6,B
2021-07-21T09:30:31,100.0,32.55,S
2021-07-21T09:30:24,2200.0,32.6,B
2021-07-21T09:30:19,100.0,32.55,S
2021-07-21T09:30:19,100.0,32.6,B
2021-07-21T09:30:19,100.0,32.55,S
2021-07-21T09:30:16,2000.0,32.6,B
2021-07-21T09:30:11,200.0,32.6,B
2021-07-21T09:30:08,100.0,32.6,B
2021-07-21T09:30:02,100.0,32.6,B
2021-07-21T09:29:33,5000.0,32.6,B
2021-07-21T09:29:28,500.0,32.6,B
2021-07-21T09:29:20,300.0,32.6,B
2021-07-21T09:29:12,4000.0,32.6,B
2021-07-21T09:29:07,1000.0,32.6,B
2021-07-21T09:29:01,500.0,32.6,B
2021-07-21T09:28:52,4700.0,32.6,B
2021-07-21T09:28:48,400.0,32.6,B
2021-07-21T09:28:48,4600.0,32.6,B
2021-07-21T09:28:47,3000.0,32.6,B
2021-07-21T09:28:43,200.0,32.6,B
2021-07-21T09:28:25,2700.0,32.6,B
2021-07-21T09:28:22,1000.0,32.55,S
2021-07-21T09:28:19,1000.0,32.55,S
2021-07-21T09:28:03,1000.0,32.55,S
2021-07-21T09:28:03,500.0,32.6,B
2021-07-21T09:28:02,200.0,32.6,B
2021-07-21T09:27:56,400.0,32.6,B
2021-07-21T09:27:56,200.0,32.6,B
2021-07-21T09:27:47,900.0,32.6,B
2021-07-21T09:27:38,300.0,32.6,B
2021-07-21T09:27:26,1000.0,32.6,B
2021-07-21T09:27:25,1000.0,32.6,B
2021-07-21T09:26:58,200.0,32.6,B
2021-07-21T09:26:54,200.0,32.6,B
2021-07-21T09:26:38,200.0,32.6,B
2021-07-21T09:25:42,500.0,32.6,B
2021-07-21T09:25:37,1000.0,32.6,B
2021-07-21T09:25:23,3000.0,32.6,B
2021-07-21T09:25:13,100.0,32.6,B
2021-07-21T09:25:02,500.0,32.6,B
2021-07-21T09:25:01,500.0,32.6,B
2021-07-21T09:24:59,1000.0,32.6,B
2021-07-21T09:24:54,1400.0,32.6,B
2021-07-21T09:24:47,200.0,32.6,B
2021-07-21T09:24:41,200.0,32.6,B
2021-07-21T09:24:41,100.0,32.6,B
2021-07-21T09:24:23,2000.0,32.6,B
2021-07-21T09:24:00,400.0,32.6,B
2021-07-21T09:23:54,6000.0,32.6,B
2021-07-21T09:23:53,100.0,32.6,S
2021-07-21T09:23:53,600.0,32.6,S
2021-07-21T09:23:53,600.0,32.6,S
2021-07-21T09:23:53,300.0,32.6,S
2021-07-21T09:23:41,100.0,32.6,S
2021-07-21T09:23:19,200.0,32.6,S
2021-07-21T09:23:00,5000.0,32.6,S
2021-07-21T09:23:00,300.0,32.65,B
2021-07-21T09:22:38,2000.0,32.6,S
2021-07-21T09:22:30,200.0,32.6,S
2021-07-21T09:22:30,1800.0,32.6,B
2021-07-21T09:22:21,200.0,32.55,S
2021-07-21T09:22:21,100.0,32.6,B
2021-07-21T09:22:20,500.0,32.6,B
2021-07-21T09:22:16,2000.0,32.6,B
2021-07-21T09:22:10,3000.0,32.6,B
2021-07-21T09:22:04,500.0,32.6,B
2021-07-21T09:21:38,500.0,32.55,S
2021-07-21T09:21:02,10000.0,32.55,S
2021-07-21T09:21:01,300.0,32.6,B
2021-07-21T09:20:55,1000.0,32.6,B
2021-07-21T09:20:50,6000.0,32.6,B
2021-07-21T09:20:43,100.0,32.55,S
2021-07-21T09:20:39,200.0,32.6,B
2021-07-21T09:20:29,1700.0,32.6,B
2021-07-21T09:20:25,500.0,32.55,S
2021-07-21T09:20:08,100.0,32.55,S
2021-07-21T09:19:54,900.0,32.55,B
2021-07-21T09:19:39,300.0,32.55,B
2021-07-21T09:19:36,5000.0,32.55,B
2021-07-21T09:19:28,1000.0,32.55,B
2021-07-21T09:19:18,300.0,32.55,S
2021-07-21T09:19:14,1000.0,32.55,S
2021-07-21T09:19:11,5000.0,32.55,S
2021-07-21T09:18:48,900.0,32.55,S
2021-07-21T09:18:45,200.0,32.55,B
2021-07-21T09:18:44,1000.0,32.55,B
2021-07-21T09:18:40,10400.0,32.55,S
2021-07-21T09:18:36,700.0,32.6,B
2021-07-21T09:18:20,400.0,32.5,S
2021-07-21T09:18:20,29600.0,32.5,S
2021-07-21T09:18:16,100.0,32.65,B
2021-07-21T09:18:14,100.0,32.65,B
2021-07-21T09:18:13,200.0,32.65,B
2021-07-21T09:18:06,500.0,32.65,B
2021-07-21T09:18:02,100.0,32.65,B
2021-07-21T09:17:57,3000.0,32.65,B
2021-07-21T09:17:54,5000.0,32.65,B
2021-07-21T09:17:46,200.0,32.65,B
2021-07-21T09:17:43,300.0,32.65,B
2021-07-21T09:17:39,800.0,32.6,S
2021-07-21T09:17:28,3000.0,32.65,B
2021-07-21T09:17:27,2200.0,32.6,B
2021-07-21T09:17:21,500.0,32.55,S
2021-07-21T09:17:02,900.0,32.55,S
2021-07-21T09:16:59,500.0,32.65,B
2021-07-21T09:16:58,800.0,32.65,B
2021-07-21T09:16:58,200.0,32.6,B
2021-07-21T09:16:55,3600.0,32.55,S
2021-07-21T09:16:44,500.0,32.65,B
2021-07-21T09:16:43,700.0,32.6,S
2021-07-21T09:16:43,600.0,32.65,B
2021-07-21T09:16:38,100.0,32.6,S
2021-07-21T09:16:34,2000.0,32.7,B
2021-07-21T09:16:29,3500.0,32.6,S
2021-07-21T09:16:29,6500.0,32.6,S
2021-07-21T09:16:26,500.0,32.7,B
2021-07-21T09:16:25,300.0,32.7,B
2021-07-21T09:16:23,1000.0,32.7,B
2021-07-21T09:16:06,3000.0,32.8,B
2021-07-21T09:16:03,500.0,32.7,B
2021-07-21T09:16:02,100.0,32.8,B
2021-07-21T09:15:51,100.0,32.7,B
2021-07-21T09:15:30,300.0,32.6,B
2021-07-21T09:15:18,1000.0,32.55,B
2021-07-21T09:15:18,1300.0,32.55,B
2021-07-21T09:15:18,600.0,32.55,B
2021-07-21T09:15:14,400.0,32.55,B
