tradingTime,volume,price,side
2021-07-21T14:29:28,2000.0,11.5,B
2021-07-21T14:28:37,500.0,11.45,S
2021-07-21T14:28:06,100.0,11.45,S
2021-07-21T14:28:03,100.0,11.5,B
2021-07-21T14:26:42,100.0,11.45,B
2021-07-21T14:25:22,500.0,11.45,B
2021-07-21T14:24:55,1400.0,11.45,S
2021-07-21T14:24:02,200.0,11.45,S
2021-07-21T14:23:22,1000.0,11.45,S
2021-07-21T14:22:05,2000.0,11.45,S
2021-07-21T14:22:01,400.0,11.45,B
2021-07-21T14:21:33,200.0,11.45,B
2021-07-21T14:21:18,200.0,11.45,B
2021-07-21T14:19:05,400.0,11.4,S
2021-07-21T14:18:46,1000.0,11.4,S
2021-07-21T14:17:45,1000.0,11.45,B
2021-07-21T14:17:26,13200.0,11.4,B
2021-07-21T14:16:34,100.0,11.4,B
2021-07-21T14:16:14,1700.0,11.4,B
2021-07-21T14:15:53,100.0,11.45,B
2021-07-21T14:15:43,3000.0,11.45,B
2021-07-21T14:15:38,900.0,11.4,B
2021-07-21T14:15:26,500.0,11.4,B
2021-07-21T14:15:04,6400.0,11.4,S
2021-07-21T14:15:00,500.0,11.45,S
2021-07-21T14:14:44,4400.0,11.45,B
2021-07-21T14:14:29,700.0,11.45,B
2021-07-21T14:14:18,100.0,11.45,S
2021-07-21T14:14:17,300.0,11.45,B
2021-07-21T14:12:24,1800.0,11.45,S
2021-07-21T14:12:15,200.0,11.45,S
2021-07-21T14:12:05,100.0,11.45,S
2021-07-21T14:11:26,100.0,11.45,B
2021-07-21T14:11:18,100.0,11.45,B
2021-07-21T14:11:03,100.0,11.45,B
2021-07-21T14:09:06,100.0,11.45,S
2021-07-21T14:09:06,700.0,11.45,S
2021-07-21T14:07:59,100.0,11.45,S
2021-07-21T14:06:58,400.0,11.45,S
2021-07-21T14:06:34,2000.0,11.45,S
2021-07-21T14:05:49,100.0,11.5,B
2021-07-21T14:05:17,3000.0,11.5,B
2021-07-21T14:04:38,100.0,11.5,B
2021-07-21T14:04:27,500.0,11.45,B
2021-07-21T14:04:26,2800.0,11.45,B
2021-07-21T14:04:24,100.0,11.45,B
2021-07-21T14:04:09,5000.0,11.45,B
2021-07-21T14:03:28,1000.0,11.45,B
2021-07-21T14:02:55,10000.0,11.45,B
2021-07-21T14:01:59,100.0,11.45,B
2021-07-21T14:01:53,200.0,11.4,B
2021-07-21T14:01:41,2800.0,11.4,S
2021-07-21T14:01:14,100.0,11.4,S
2021-07-21T14:00:42,17100.0,11.4,B
2021-07-21T14:00:40,500.0,11.4,B
2021-07-21T14:00:32,1000.0,11.4,B
2021-07-21T13:59:30,1000.0,11.4,B
2021-07-21T13:58:53,100.0,11.4,B
2021-07-21T13:58:45,300.0,11.4,S
2021-07-21T13:58:44,3000.0,11.4,S
2021-07-21T13:58:39,2000.0,11.4,S
2021-07-21T13:57:22,4700.0,11.4,B
2021-07-21T13:56:19,100.0,11.35,S
2021-07-21T13:55:54,300.0,11.4,S
2021-07-21T13:55:44,1000.0,11.4,S
2021-07-21T13:54:21,100.0,11.4,S
2021-07-21T13:52:58,600.0,11.4,S
2021-07-21T13:51:34,3500.0,11.4,S
2021-07-21T13:51:34,1500.0,11.4,S
2021-07-21T13:50:54,1000.0,11.4,S
2021-07-21T13:50:54,3600.0,11.4,S
2021-07-21T13:50:54,500.0,11.4,S
2021-07-21T13:50:54,4900.0,11.4,S
2021-07-21T13:50:24,1000.0,11.45,B
2021-07-21T13:50:02,1400.0,11.45,S
2021-07-21T13:49:09,1000.0,11.45,S
2021-07-21T13:45:42,600.0,11.45,S
2021-07-21T13:44:54,400.0,11.45,S
2021-07-21T13:42:52,1000.0,11.45,S
2021-07-21T13:42:49,100.0,11.45,S
2021-07-21T13:42:42,500.0,11.45,B
2021-07-21T13:42:23,1000.0,11.45,B
2021-07-21T13:41:28,100.0,11.45,S
2021-07-21T13:41:28,100.0,11.45,S
2021-07-21T13:41:28,1500.0,11.45,S
2021-07-21T13:41:28,500.0,11.45,S
2021-07-21T13:38:00,4000.0,11.45,S
2021-07-21T13:37:19,100.0,11.45,S
2021-07-21T13:36:30,200.0,11.45,S
2021-07-21T13:36:21,300.0,11.45,S
2021-07-21T13:36:12,200.0,11.45,S
2021-07-21T13:35:51,1300.0,11.45,S
2021-07-21T13:35:51,300.0,11.45,S
2021-07-21T13:35:51,700.0,11.45,S
2021-07-21T13:34:06,100.0,11.45,S
2021-07-21T13:27:47,100.0,11.5,B
2021-07-21T13:27:18,100.0,11.5,B
2021-07-21T13:27:10,4700.0,11.45,B
2021-07-21T13:27:04,1000.0,11.45,B
2021-07-21T13:27:03,300.0,11.45,B
2021-07-21T13:26:33,500.0,11.45,B
2021-07-21T13:26:33,100.0,11.45,B
2021-07-21T13:26:20,100.0,11.45,B
2021-07-21T13:26:09,200.0,11.45,B
2021-07-21T13:26:00,100.0,11.45,B
2021-07-21T13:25:32,100.0,11.4,S
2021-07-21T13:25:17,100.0,11.45,S
2021-07-21T13:25:17,1500.0,11.45,S
2021-07-21T13:25:17,3200.0,11.45,S
2021-07-21T13:25:11,2000.0,11.45,S
2021-07-21T13:24:12,1000.0,11.45,S
2021-07-21T13:23:50,100.0,11.5,S
2021-07-21T13:23:50,200.0,11.5,S
2021-07-21T13:23:50,700.0,11.5,S
2021-07-21T13:23:47,100.0,11.5,S
2021-07-21T13:23:44,500.0,11.5,S
2021-07-21T13:23:09,500.0,11.5,S
2021-07-21T13:17:39,1800.0,11.55,S
2021-07-21T13:17:38,3200.0,11.55,B
2021-07-21T13:16:47,5000.0,11.55,B
2021-07-21T13:16:45,100.0,11.55,B
2021-07-21T13:16:39,400.0,11.55,S
2021-07-21T13:16:35,100.0,11.55,B
2021-07-21T13:16:24,2200.0,11.55,S
2021-07-21T13:16:17,500.0,11.55,S
2021-07-21T13:16:05,500.0,11.55,S
2021-07-21T13:16:05,1800.0,11.55,B
2021-07-21T13:15:40,700.0,11.55,S
2021-07-21T13:15:24,400.0,11.55,S
2021-07-21T13:15:00,1000.0,11.55,S
2021-07-21T13:14:38,400.0,11.55,S
2021-07-21T13:14:29,1000.0,11.55,S
2021-07-21T13:14:01,1500.0,11.55,B
2021-07-21T13:13:49,7000.0,11.5,S
2021-07-21T13:13:32,1000.0,11.5,S
2021-07-21T13:13:26,1900.0,11.5,S
2021-07-21T13:13:09,1300.0,11.5,S
2021-07-21T13:13:09,6200.0,11.5,S
2021-07-21T13:13:09,6300.0,11.5,S
2021-07-21T13:13:09,100.0,11.5,S
2021-07-21T13:13:08,8000.0,11.5,S
2021-07-21T13:13:08,5400.0,11.5,S
2021-07-21T13:13:08,300.0,11.5,S
2021-07-21T13:13:08,800.0,11.5,S
2021-07-21T13:13:08,200.0,11.5,S
2021-07-21T13:13:08,1600.0,11.5,S
2021-07-21T13:13:08,1900.0,11.5,S
2021-07-21T13:13:08,16700.0,11.5,S
2021-07-21T13:12:25,1800.0,11.55,S
2021-07-21T13:12:25,16700.0,11.55,S
2021-07-21T13:09:37,100.0,11.6,B
2021-07-21T13:09:24,100.0,11.6,B
2021-07-21T13:08:42,1000.0,11.6,B
2021-07-21T13:05:48,1000.0,11.55,S
2021-07-21T13:04:39,400.0,11.55,S
2021-07-21T13:04:04,1000.0,11.6,B
2021-07-21T13:02:11,700.0,11.6,B
2021-07-21T13:01:23,100.0,11.6,B
2021-07-21T13:00:14,3000.0,11.55,S
2021-07-21T13:00:14,1000.0,11.55,S
2021-07-21T13:00:14,3000.0,11.55,S
2021-07-21T11:29:42,10000.0,11.55,S
2021-07-21T11:28:58,1000.0,11.55,S
2021-07-21T11:28:30,300.0,11.55,S
2021-07-21T11:27:28,100.0,11.55,S
2021-07-21T11:25:00,100.0,11.55,S
2021-07-21T11:24:24,500.0,11.55,S
2021-07-21T11:24:14,10500.0,11.55,S
2021-07-21T11:24:11,200.0,11.55,S
2021-07-21T11:23:13,1100.0,11.55,S
2021-07-21T11:23:13,10300.0,11.55,S
2021-07-21T11:23:13,3000.0,11.55,S
2021-07-21T11:23:13,600.0,11.55,S
2021-07-21T11:22:11,4400.0,11.6,S
2021-07-21T11:22:11,700.0,11.6,S
2021-07-21T11:20:43,2000.0,11.6,S
2021-07-21T11:20:27,100.0,11.6,S
2021-07-21T11:20:00,1200.0,11.6,S
2021-07-21T11:19:38,100.0,11.6,B
2021-07-21T11:19:33,3000.0,11.6,B
2021-07-21T11:18:24,2200.0,11.6,S
2021-07-21T11:18:12,600.0,11.6,S
2021-07-21T11:17:53,100.0,11.65,B
2021-07-21T11:17:50,1000.0,11.6,S
2021-07-21T11:17:15,100.0,11.65,B
2021-07-21T11:17:09,100.0,11.6,S
2021-07-21T11:16:18,100.0,11.6,S
2021-07-21T11:16:09,500.0,11.6,S
2021-07-21T11:15:28,1100.0,11.6,S
2021-07-21T11:15:18,2000.0,11.6,S
2021-07-21T11:15:00,1000.0,11.6,S
2021-07-21T11:14:41,2400.0,11.6,B
2021-07-21T11:14:00,900.0,11.6,S
2021-07-21T11:13:53,1000.0,11.6,S
2021-07-21T11:13:20,100.0,11.6,S
2021-07-21T11:13:17,100.0,11.6,S
2021-07-21T11:12:51,600.0,11.6,B
2021-07-21T11:12:51,13600.0,11.6,B
2021-07-21T11:12:51,13700.0,11.6,B
2021-07-21T11:12:33,100.0,11.6,B
2021-07-21T11:11:56,200.0,11.55,S
2021-07-21T11:11:41,500.0,11.55,S
2021-07-21T11:09:45,5000.0,11.6,B
2021-07-21T11:09:22,5000.0,11.6,B
2021-07-21T11:08:59,5000.0,11.6,B
2021-07-21T11:08:36,2000.0,11.6,B
2021-07-21T11:08:21,2000.0,11.6,S
2021-07-21T11:08:21,500.0,11.6,S
2021-07-21T11:07:49,1200.0,11.6,S
2021-07-21T11:06:28,300.0,11.6,B
2021-07-21T11:06:11,500.0,11.6,S
2021-07-21T11:06:09,5900.0,11.6,S
2021-07-21T11:05:43,1600.0,11.6,B
2021-07-21T11:05:23,400.0,11.6,S
2021-07-21T11:05:19,2000.0,11.6,S
2021-07-21T11:03:23,100.0,11.6,S
2021-07-21T11:03:03,500.0,11.6,S
2021-07-21T11:02:55,200.0,11.6,S
2021-07-21T11:02:15,300.0,11.6,S
2021-07-21T10:58:08,100.0,11.6,S
2021-07-21T10:57:18,200.0,11.6,S
2021-07-21T10:57:09,100.0,11.6,S
2021-07-21T10:56:46,100.0,11.6,S
2021-07-21T10:56:14,1000.0,11.6,S
2021-07-21T10:55:42,600.0,11.6,S
2021-07-21T10:53:58,1000.0,11.6,S
2021-07-21T10:52:54,1000.0,11.6,S
2021-07-21T10:52:11,700.0,11.6,S
2021-07-21T10:50:50,1000.0,11.6,S
2021-07-21T10:50:19,3000.0,11.65,B
2021-07-21T10:50:01,900.0,11.6,S
2021-07-21T10:48:04,1000.0,11.6,S
2021-07-21T10:47:01,2000.0,11.6,S
2021-07-21T10:46:01,1400.0,11.65,S
2021-07-21T10:45:08,2000.0,11.65,S
2021-07-21T10:44:01,200.0,11.65,B
2021-07-21T10:44:01,3000.0,11.65,B
2021-07-21T10:44:01,12600.0,11.65,B
2021-07-21T10:44:01,1000.0,11.65,B
2021-07-21T10:42:57,300.0,11.6,B
2021-07-21T10:42:47,300.0,11.6,B
2021-07-21T10:42:21,100.0,11.6,S
2021-07-21T10:42:04,400.0,11.6,S
2021-07-21T10:41:22,1500.0,11.6,S
2021-07-21T10:39:28,1000.0,11.6,B
2021-07-21T10:38:33,3000.0,11.55,S
2021-07-21T10:37:24,3000.0,11.6,S
2021-07-21T10:34:41,100.0,11.65,B
2021-07-21T10:31:43,100.0,11.65,B
2021-07-21T10:31:43,5000.0,11.55,S
2021-07-21T10:31:27,2000.0,11.6,B
2021-07-21T10:29:11,100.0,11.6,B
2021-07-21T10:28:55,100.0,11.6,B
2021-07-21T10:26:25,300.0,11.6,S
2021-07-21T10:24:38,200.0,11.6,S
2021-07-21T10:24:29,3000.0,11.6,S
2021-07-21T10:24:08,5000.0,11.6,S
2021-07-21T10:22:23,100.0,11.65,B
2021-07-21T10:22:14,4000.0,11.65,B
2021-07-21T10:20:30,300.0,11.65,B
2021-07-21T10:18:56,500.0,11.6,S
2021-07-21T10:18:34,1000.0,11.6,S
2021-07-21T10:18:31,1200.0,11.7,B
2021-07-21T10:18:31,600.0,11.7,B
2021-07-21T10:18:31,7300.0,11.7,B
2021-07-21T10:18:31,11000.0,11.7,B
2021-07-21T10:18:31,4900.0,11.7,B
2021-07-21T10:18:28,100.0,11.65,B
2021-07-21T10:18:09,500.0,11.55,S
2021-07-21T10:17:51,500.0,11.6,B
2021-07-21T10:17:44,1500.0,11.6,B
2021-07-21T10:17:17,1500.0,11.6,B
2021-07-21T10:15:59,1500.0,11.6,B
2021-07-21T10:14:17,1000.0,11.6,B
2021-07-21T10:14:12,100.0,11.6,B
2021-07-21T10:13:40,200.0,11.6,B
2021-07-21T10:12:13,100.0,11.6,S
2021-07-21T10:11:46,300.0,11.6,S
2021-07-21T10:11:29,1000.0,11.6,S
2021-07-21T10:11:02,2000.0,11.6,S
2021-07-21T10:10:42,100.0,11.6,S
2021-07-21T10:10:27,100.0,11.6,S
2021-07-21T10:10:24,100.0,11.65,B
2021-07-21T10:09:42,400.0,11.6,S
2021-07-21T10:09:42,9600.0,11.6,S
2021-07-21T10:08:38,5000.0,11.65,B
2021-07-21T10:08:17,100.0,11.65,B
2021-07-21T10:07:41,500.0,11.65,S
2021-07-21T10:07:40,1000.0,11.65,S
2021-07-21T10:07:39,1000.0,11.65,S
2021-07-21T10:07:28,200.0,11.65,S
2021-07-21T10:07:10,10000.0,11.65,S
2021-07-21T10:06:52,1300.0,11.65,S
2021-07-21T10:06:36,500.0,11.65,S
2021-07-21T10:06:21,100.0,11.65,S
2021-07-21T10:06:00,5200.0,11.65,S
2021-07-21T10:05:09,100.0,11.7,B
2021-07-21T10:04:08,1000.0,11.65,S
2021-07-21T10:01:57,100.0,11.65,S
2021-07-21T10:00:26,1500.0,11.7,B
2021-07-21T10:00:19,600.0,11.7,B
2021-07-21T10:00:19,300.0,11.7,B
2021-07-21T10:00:19,100.0,11.7,B
2021-07-21T09:58:42,1000.0,11.7,B
2021-07-21T09:58:25,2200.0,11.7,B
2021-07-21T09:58:25,7800.0,11.7,B
2021-07-21T09:57:45,100.0,11.65,S
2021-07-21T09:56:38,1000.0,11.65,S
2021-07-21T09:56:20,1000.0,11.65,S
2021-07-21T09:55:34,200.0,11.65,S
2021-07-21T09:55:10,1000.0,11.65,S
2021-07-21T09:54:45,2500.0,11.65,B
2021-07-21T09:54:42,9700.0,11.65,B
2021-07-21T09:54:42,300.0,11.65,B
2021-07-21T09:53:43,500.0,11.6,S
2021-07-21T09:53:43,5300.0,11.6,B
2021-07-21T09:53:43,500.0,11.6,B
2021-07-21T09:53:43,4100.0,11.6,B
2021-07-21T09:53:40,2000.0,11.6,B
2021-07-21T09:53:37,16000.0,11.6,B
2021-07-21T09:53:08,50000.0,11.6,B
2021-07-21T09:52:59,4000.0,11.6,B
2021-07-21T09:51:02,100.0,11.6,B
2021-07-21T09:43:18,100.0,11.6,B
2021-07-21T09:43:07,100.0,11.6,B
2021-07-21T09:42:50,100.0,11.55,B
2021-07-21T09:42:50,500.0,11.55,B
2021-07-21T09:42:50,5300.0,11.55,B
2021-07-21T09:42:34,100.0,11.55,B
2021-07-21T09:40:31,400.0,11.55,S
2021-07-21T09:40:27,5000.0,11.55,S
2021-07-21T09:38:46,500.0,11.55,S
2021-07-21T09:37:44,8000.0,11.55,S
2021-07-21T09:36:30,200.0,11.55,S
2021-07-21T09:36:30,3300.0,11.55,B
2021-07-21T09:35:58,300.0,11.55,B
2021-07-21T09:35:57,300.0,11.55,B
2021-07-21T09:35:13,200.0,11.55,B
2021-07-21T09:35:10,900.0,11.55,S
2021-07-21T09:34:23,100.0,11.55,B
2021-07-21T09:33:36,1900.0,11.55,S
2021-07-21T09:33:31,500.0,11.6,B
2021-07-21T09:33:21,5000.0,11.55,S
2021-07-21T09:33:08,1300.0,11.6,B
2021-07-21T09:32:56,1000.0,11.6,B
2021-07-21T09:32:52,400.0,11.6,S
2021-07-21T09:32:42,100.0,11.6,S
2021-07-21T09:31:03,100.0,11.6,S
2021-07-21T09:31:03,100.0,11.6,S
2021-07-21T09:31:03,1600.0,11.6,S
2021-07-21T09:30:19,200.0,11.65,B
2021-07-21T09:30:06,10000.0,11.6,S
2021-07-21T09:29:11,400.0,11.6,S
2021-07-21T09:28:23,2000.0,11.6,S
2021-07-21T09:27:43,2000.0,11.6,S
2021-07-21T09:27:34,1000.0,11.6,S
2021-07-21T09:27:29,100.0,11.6,S
2021-07-21T09:26:23,3000.0,11.6,S
2021-07-21T09:24:33,100.0,11.6,S
2021-07-21T09:24:28,5000.0,11.65,B
2021-07-21T09:24:26,3000.0,11.6,S
2021-07-21T09:23:48,500.0,11.6,S
2021-07-21T09:23:16,500.0,11.6,S
2021-07-21T09:22:56,100.0,11.6,S
2021-07-21T09:22:46,5000.0,11.6,S
2021-07-21T09:22:06,100.0,11.65,B
2021-07-21T09:21:52,100.0,11.6,S
2021-07-21T09:21:19,1000.0,11.6,S
2021-07-21T09:19:14,100.0,11.6,S
2021-07-21T09:19:01,1000.0,11.6,S
2021-07-21T09:18:55,3000.0,11.65,B
2021-07-21T09:18:28,2100.0,11.65,S
2021-07-21T09:18:27,1000.0,11.65,S
2021-07-21T09:18:05,100.0,11.7,B
2021-07-21T09:17:39,200.0,11.65,S
2021-07-21T09:17:22,100.0,11.65,B
2021-07-21T09:17:09,400.0,11.65,B
2021-07-21T09:17:01,2100.0,11.6,S
2021-07-21T09:15:08,200.0,11.6,B
