tradingTime,volume,price,side
2021-07-21T14:29:41,100.0,25.45,S
2021-07-21T14:27:53,400.0,25.35,B
2021-07-21T14:27:09,200.0,25.35,B
2021-07-21T14:27:08,300.0,25.35,B
2021-07-21T14:26:09,100.0,25.35,B
2021-07-21T14:25:30,1700.0,25.3,S
2021-07-21T14:24:45,1700.0,25.3,S
2021-07-21T14:24:45,3200.0,25.3,S
2021-07-21T14:24:45,5300.0,25.3,S
2021-07-21T14:23:46,4300.0,25.3,S
2021-07-21T14:23:46,5700.0,25.3,S
2021-07-21T14:23:18,4400.0,25.5,B
2021-07-21T14:23:18,1600.0,25.5,B
2021-07-21T14:22:25,100.0,25.5,B
2021-07-21T14:21:49,500.0,25.5,B
2021-07-21T14:21:49,500.0,25.5,B
2021-07-21T14:21:14,4900.0,25.5,B
2021-07-21T14:19:07,300.0,25.5,B
2021-07-21T14:18:14,1000.0,25.5,B
2021-07-21T14:14:39,7000.0,25.5,B
2021-07-21T14:13:41,500.0,25.3,S
2021-07-21T14:13:01,2700.0,25.3,S
2021-07-21T14:11:55,100.0,25.4,B
2021-07-21T14:11:48,500.0,25.35,S
2021-07-21T14:11:48,600.0,25.35,S
2021-07-21T14:11:48,5700.0,25.35,S
2021-07-21T14:10:57,1200.0,25.4,S
2021-07-21T14:10:57,3400.0,25.4,S
2021-07-21T14:10:57,100.0,25.4,S
2021-07-21T14:10:46,200.0,25.5,B
2021-07-21T14:09:26,1000.0,25.5,B
2021-07-21T14:09:18,300.0,25.5,B
2021-07-21T14:04:22,900.0,25.5,S
2021-07-21T14:04:13,100.0,25.5,B
2021-07-21T14:03:52,1000.0,25.5,B
2021-07-21T14:02:21,2900.0,25.5,B
2021-07-21T14:02:21,1100.0,25.5,B
2021-07-21T14:01:48,3400.0,25.5,B
2021-07-21T14:01:41,100.0,25.4,B
2021-07-21T14:01:35,1000.0,25.4,B
2021-07-21T14:01:12,1000.0,25.4,B
2021-07-21T14:01:10,200.0,25.35,S
2021-07-21T14:01:07,800.0,25.35,S
2021-07-21T14:00:58,300.0,25.35,S
2021-07-21T14:00:58,700.0,25.35,S
2021-07-21T14:00:42,3300.0,25.35,S
2021-07-21T14:00:42,3000.0,25.35,S
2021-07-21T14:00:42,3700.0,25.35,S
2021-07-21T13:59:05,100.0,25.35,S
2021-07-21T13:58:59,500.0,25.35,S
2021-07-21T13:58:57,200.0,25.35,S
2021-07-21T13:57:24,5500.0,25.35,S
2021-07-21T13:57:22,8600.0,25.4,S
2021-07-21T13:57:15,5000.0,25.4,S
2021-07-21T13:57:11,8000.0,25.4,S
2021-07-21T13:56:55,1000.0,25.4,S
2021-07-21T13:56:41,100.0,25.4,S
2021-07-21T13:56:09,3000.0,25.4,S
2021-07-21T13:56:03,500.0,25.4,S
2021-07-21T13:54:46,500.0,25.5,B
2021-07-21T13:54:46,400.0,25.5,B
2021-07-21T13:54:46,600.0,25.5,B
2021-07-21T13:54:37,200.0,25.5,B
2021-07-21T13:53:46,3000.0,25.4,S
2021-07-21T13:51:20,8500.0,25.4,S
2021-07-21T13:50:01,100.0,25.45,S
2021-07-21T13:48:24,500.0,25.45,S
2021-07-21T13:45:55,1000.0,25.5,B
2021-07-21T13:45:16,400.0,25.5,B
2021-07-21T13:45:16,600.0,25.5,B
2021-07-21T13:45:11,500.0,25.5,B
2021-07-21T13:45:03,900.0,25.5,B
2021-07-21T13:43:39,1000.0,25.5,B
2021-07-21T13:41:47,500.0,25.5,S
2021-07-21T13:40:53,3000.0,25.5,S
2021-07-21T13:40:39,100.0,25.5,S
2021-07-21T13:38:13,200.0,25.5,S
2021-07-21T13:35:00,100.0,25.45,S
2021-07-21T13:34:38,400.0,25.45,S
2021-07-21T13:33:06,100.0,25.45,S
2021-07-21T13:30:54,200.0,25.45,S
2021-07-21T13:30:16,200.0,25.5,B
2021-07-21T13:30:16,1300.0,25.5,B
2021-07-21T13:30:01,200.0,25.5,B
2021-07-21T13:28:29,300.0,25.35,B
2021-07-21T13:28:07,1000.0,25.35,B
2021-07-21T13:27:19,500.0,25.35,S
2021-07-21T13:27:08,1000.0,25.35,B
2021-07-21T13:27:08,2000.0,25.35,B
2021-07-21T13:26:58,1000.0,25.35,B
2021-07-21T13:26:37,100.0,25.35,B
2021-07-21T13:25:48,1000.0,25.3,S
2021-07-21T13:25:34,100.0,25.3,S
2021-07-21T13:25:34,900.0,25.3,S
2021-07-21T13:24:32,500.0,25.3,S
2021-07-21T13:24:32,500.0,25.3,S
2021-07-21T13:24:19,5400.0,25.35,B
2021-07-21T13:24:03,100.0,25.35,S
2021-07-21T13:23:33,200.0,25.35,B
2021-07-21T13:23:29,200.0,25.35,B
2021-07-21T13:23:20,100.0,25.35,S
2021-07-21T13:22:56,400.0,25.35,B
2021-07-21T13:22:56,100.0,25.35,B
2021-07-21T13:22:55,100.0,25.35,B
2021-07-21T13:22:53,3000.0,25.35,B
2021-07-21T13:22:39,2000.0,25.35,B
2021-07-21T13:22:35,1500.0,25.35,B
2021-07-21T13:21:04,300.0,25.3,B
2021-07-21T13:20:55,2000.0,25.3,B
2021-07-21T13:20:51,3000.0,25.3,B
2021-07-21T13:20:26,300.0,25.3,S
2021-07-21T13:20:20,500.0,25.3,S
2021-07-21T13:20:19,1000.0,25.3,S
2021-07-21T13:20:11,1000.0,25.3,S
2021-07-21T13:19:35,4000.0,25.3,S
2021-07-21T13:18:48,300.0,25.3,S
2021-07-21T13:18:48,300.0,25.3,S
2021-07-21T13:17:30,2500.0,25.3,S
2021-07-21T13:17:30,3400.0,25.3,S
2021-07-21T13:17:30,600.0,25.3,S
2021-07-21T13:17:30,200.0,25.3,S
2021-07-21T13:17:30,600.0,25.3,S
2021-07-21T13:16:59,6900.0,25.35,S
2021-07-21T13:16:49,4900.0,25.35,S
2021-07-21T13:16:49,1000.0,25.35,S
2021-07-21T13:15:30,1000.0,25.4,B
2021-07-21T13:15:30,3000.0,25.4,B
2021-07-21T13:15:08,1000.0,25.4,B
2021-07-21T13:15:05,300.0,25.4,B
2021-07-21T13:14:25,600.0,25.4,B
2021-07-21T13:14:21,200.0,25.4,B
2021-07-21T13:14:09,400.0,25.4,B
2021-07-21T13:13:32,100.0,25.4,B
2021-07-21T13:13:12,5000.0,25.4,S
2021-07-21T13:09:53,200.0,25.4,S
2021-07-21T13:09:49,1500.0,25.4,S
2021-07-21T13:08:39,3800.0,25.4,S
2021-07-21T13:08:39,10100.0,25.4,S
2021-07-21T13:08:39,200.0,25.4,S
2021-07-21T13:08:39,600.0,25.4,S
2021-07-21T13:08:39,200.0,25.45,S
2021-07-21T13:08:39,3500.0,25.45,S
2021-07-21T13:08:39,1600.0,25.45,S
2021-07-21T13:05:47,100.0,25.5,B
2021-07-21T13:02:05,5600.0,25.5,S
2021-07-21T13:00:44,1400.0,25.5,B
2021-07-21T13:00:19,500.0,25.45,S
2021-07-21T13:00:14,200.0,25.45,S
2021-07-21T13:00:11,1000.0,25.5,B
2021-07-21T13:00:10,3000.0,25.5,B
2021-07-21T13:00:07,200.0,25.5,B
2021-07-21T13:00:07,1000.0,25.5,B
2021-07-21T13:00:07,3800.0,25.5,B
2021-07-21T13:00:05,200.0,25.45,S
2021-07-21T13:00:05,100.0,25.5,B
2021-07-21T11:29:38,100.0,25.5,B
2021-07-21T11:24:30,15600.0,25.5,S
2021-07-21T11:22:20,1500.0,25.6,B
2021-07-21T11:22:09,3000.0,25.6,B
2021-07-21T11:22:09,100.0,25.6,B
2021-07-21T11:21:47,100.0,25.6,B
2021-07-21T11:21:33,100.0,25.6,B
2021-07-21T11:19:52,500.0,25.6,B
2021-07-21T11:18:15,100.0,25.6,B
2021-07-21T11:16:05,500.0,25.6,B
2021-07-21T11:15:55,1000.0,25.6,B
2021-07-21T11:15:38,200.0,25.5,S
2021-07-21T11:14:43,3000.0,25.5,B
2021-07-21T11:10:26,600.0,25.5,S
2021-07-21T11:10:21,1000.0,25.5,S
2021-07-21T11:10:21,2000.0,25.5,S
2021-07-21T11:10:19,1100.0,25.5,S
2021-07-21T11:10:12,600.0,25.5,S
2021-07-21T11:10:00,500.0,25.5,S
2021-07-21T11:09:38,900.0,25.5,S
2021-07-21T11:08:16,300.0,25.5,S
2021-07-21T11:08:16,700.0,25.5,S
2021-07-21T11:07:02,1000.0,25.5,S
2021-07-21T11:06:39,800.0,25.5,S
2021-07-21T11:06:30,1100.0,25.5,S
2021-07-21T11:06:14,400.0,25.5,S
2021-07-21T11:06:03,200.0,25.5,S
2021-07-21T11:05:14,100.0,25.5,S
2021-07-21T11:04:35,500.0,25.5,S
2021-07-21T11:03:20,1100.0,25.6,B
2021-07-21T11:03:02,200.0,25.5,S
2021-07-21T11:01:07,1500.0,25.5,S
2021-07-21T11:01:07,1500.0,25.5,S
2021-07-21T10:59:36,600.0,25.6,S
2021-07-21T10:58:58,100.0,25.6,S
2021-07-21T10:58:43,1000.0,25.6,S
2021-07-21T10:58:28,3000.0,25.6,S
2021-07-21T10:58:25,500.0,25.6,S
2021-07-21T10:58:12,4000.0,25.6,S
2021-07-21T10:58:06,600.0,25.6,S
2021-07-21T10:57:42,400.0,25.6,S
2021-07-21T10:57:42,600.0,25.6,S
2021-07-21T10:57:09,2500.0,25.6,S
2021-07-21T10:57:03,3400.0,25.6,S
2021-07-21T10:57:03,700.0,25.6,S
2021-07-21T10:57:03,1600.0,25.6,S
2021-07-21T10:56:55,500.0,25.6,S
2021-07-21T10:56:36,25000.0,25.6,S
2021-07-21T10:56:19,11400.0,25.6,S
2021-07-21T10:55:10,500.0,25.6,S
2021-07-21T10:53:11,400.0,25.6,S
2021-07-21T10:52:59,200.0,25.6,S
2021-07-21T10:52:49,400.0,25.6,S
2021-07-21T10:52:43,100.0,25.6,S
2021-07-21T10:52:36,100.0,25.6,S
2021-07-21T10:52:34,100.0,25.6,S
2021-07-21T10:52:21,500.0,25.6,S
2021-07-21T10:52:12,100.0,25.6,S
2021-07-21T10:52:01,800.0,25.6,S
2021-07-21T10:51:52,1700.0,25.6,S
2021-07-21T10:51:47,2200.0,25.6,S
2021-07-21T10:51:15,100.0,25.6,S
2021-07-21T10:50:33,2000.0,25.6,S
2021-07-21T10:50:30,200.0,25.6,S
2021-07-21T10:49:50,15000.0,25.6,S
2021-07-21T10:46:24,200.0,25.65,B
2021-07-21T10:46:02,1400.0,25.65,S
2021-07-21T10:45:55,800.0,25.65,S
2021-07-21T10:45:49,800.0,25.65,S
2021-07-21T10:45:42,300.0,25.65,S
2021-07-21T10:44:15,5000.0,25.7,B
2021-07-21T10:43:35,800.0,25.7,B
2021-07-21T10:43:02,4200.0,25.65,B
2021-07-21T10:38:33,100.0,25.65,B
2021-07-21T10:38:28,100.0,25.6,S
2021-07-21T10:38:23,200.0,25.6,S
2021-07-21T10:37:41,200.0,25.6,S
2021-07-21T10:37:36,1700.0,25.6,S
2021-07-21T10:36:43,500.0,25.6,S
2021-07-21T10:36:42,1000.0,25.6,S
2021-07-21T10:36:09,3000.0,25.65,B
2021-07-21T10:35:40,500.0,25.65,S
2021-07-21T10:35:03,200.0,25.65,S
2021-07-21T10:35:02,100.0,25.65,S
2021-07-21T10:33:11,200.0,25.65,B
2021-07-21T10:31:58,5000.0,25.65,B
2021-07-21T10:31:18,1600.0,25.65,B
2021-07-21T10:31:18,400.0,25.65,B
2021-07-21T10:30:21,12100.0,25.65,S
2021-07-21T10:30:14,1300.0,25.65,S
2021-07-21T10:30:12,1000.0,25.65,S
2021-07-21T10:30:07,200.0,25.65,S
2021-07-21T10:30:03,200.0,25.65,S
2021-07-21T10:29:16,300.0,25.65,S
2021-07-21T10:27:48,500.0,25.65,S
2021-07-21T10:24:18,1100.0,25.65,B
2021-07-21T10:23:59,300.0,25.65,B
2021-07-21T10:23:15,200.0,25.65,B
2021-07-21T10:21:43,200.0,25.65,B
2021-07-21T10:20:54,500.0,25.65,B
2021-07-21T10:20:21,100.0,25.65,S
2021-07-21T10:20:02,100.0,25.65,S
2021-07-21T10:20:02,100.0,25.65,S
2021-07-21T10:20:02,100.0,25.65,S
2021-07-21T10:19:43,100.0,25.65,S
2021-07-21T10:19:36,200.0,25.65,B
2021-07-21T10:19:18,500.0,25.65,B
2021-07-21T10:17:35,200.0,25.65,B
2021-07-21T10:17:03,3900.0,25.6,S
2021-07-21T10:16:51,100.0,25.65,B
2021-07-21T10:16:49,500.0,25.65,B
2021-07-21T10:16:46,1500.0,25.65,B
2021-07-21T10:14:10,1700.0,25.6,S
2021-07-21T10:09:59,4600.0,25.6,S
2021-07-21T10:09:51,100.0,25.6,S
2021-07-21T10:09:14,500.0,25.6,S
2021-07-21T10:08:56,1000.0,25.6,S
2021-07-21T10:08:45,8000.0,25.6,S
2021-07-21T10:08:30,20000.0,25.6,S
2021-07-21T10:07:55,1000.0,25.6,S
2021-07-21T10:07:11,1000.0,25.65,B
2021-07-21T10:06:54,1000.0,25.6,S
2021-07-21T10:06:26,100.0,25.6,S
2021-07-21T10:06:21,1000.0,25.65,S
2021-07-21T10:06:21,1700.0,25.65,S
2021-07-21T10:06:21,500.0,25.65,S
2021-07-21T10:06:21,1100.0,25.65,S
2021-07-21T10:05:41,2000.0,25.7,S
2021-07-21T10:05:41,1700.0,25.7,S
2021-07-21T10:05:02,100.0,25.7,S
2021-07-21T10:05:01,100.0,25.7,S
2021-07-21T10:04:10,600.0,25.7,B
2021-07-21T10:04:10,34600.0,25.7,B
2021-07-21T10:03:57,200.0,25.7,B
2021-07-21T10:03:17,900.0,25.65,S
2021-07-21T10:03:08,100.0,25.65,S
2021-07-21T10:01:56,3200.0,25.7,S
2021-07-21T10:01:56,19700.0,25.7,S
2021-07-21T10:00:36,200.0,25.75,S
2021-07-21T10:00:36,1300.0,25.75,S
2021-07-21T10:00:36,14000.0,25.75,S
2021-07-21T09:59:27,500.0,25.8,B
2021-07-21T09:59:26,500.0,25.8,S
2021-07-21T09:59:26,1500.0,25.8,S
2021-07-21T09:59:19,900.0,25.8,S
2021-07-21T09:59:19,100.0,25.8,S
2021-07-21T09:59:12,900.0,25.8,S
2021-07-21T09:59:01,300.0,25.8,S
2021-07-21T09:57:59,3000.0,25.85,B
2021-07-21T09:57:38,900.0,25.8,S
2021-07-21T09:55:02,100.0,25.85,S
2021-07-21T09:54:12,300.0,25.85,B
2021-07-21T09:53:52,3000.0,25.85,B
2021-07-21T09:53:42,100.0,25.85,B
2021-07-21T09:53:29,1000.0,25.85,B
2021-07-21T09:53:16,2000.0,25.85,B
2021-07-21T09:53:13,200.0,25.85,B
2021-07-21T09:52:30,200.0,25.85,B
2021-07-21T09:52:11,100.0,25.85,B
2021-07-21T09:52:07,100.0,25.85,B
2021-07-21T09:52:06,1500.0,25.85,B
2021-07-21T09:51:37,500.0,25.85,B
2021-07-21T09:51:33,200.0,25.85,B
2021-07-21T09:51:24,1000.0,25.8,S
2021-07-21T09:50:56,3000.0,25.85,B
2021-07-21T09:50:55,1000.0,25.85,B
2021-07-21T09:50:39,100.0,25.75,S
2021-07-21T09:50:36,5000.0,25.85,B
2021-07-21T09:47:42,10000.0,25.75,S
2021-07-21T09:47:35,100.0,25.8,B
2021-07-21T09:46:02,19500.0,25.8,B
2021-07-21T09:46:02,500.0,25.8,B
2021-07-21T09:45:45,100.0,25.8,B
2021-07-21T09:45:43,300.0,25.8,B
2021-07-21T09:45:03,5000.0,25.8,B
2021-07-21T09:45:01,100.0,25.75,S
2021-07-21T09:44:53,500.0,25.75,S
2021-07-21T09:44:49,5000.0,25.8,B
2021-07-21T09:44:30,10000.0,25.75,S
2021-07-21T09:43:28,10000.0,25.75,B
2021-07-21T09:43:17,100.0,25.75,B
2021-07-21T09:42:45,3800.0,25.7,B
2021-07-21T09:42:40,2000.0,25.7,B
2021-07-21T09:42:36,200.0,25.7,B
2021-07-21T09:42:33,500.0,25.7,B
2021-07-21T09:42:27,200.0,25.7,B
2021-07-21T09:42:16,300.0,25.6,S
2021-07-21T09:41:28,2500.0,25.6,S
2021-07-21T09:41:11,1000.0,25.6,S
2021-07-21T09:41:01,2000.0,25.7,B
2021-07-21T09:40:44,2000.0,25.7,B
2021-07-21T09:40:36,3000.0,25.7,B
2021-07-21T09:38:56,300.0,25.7,B
2021-07-21T09:38:43,6800.0,25.7,B
2021-07-21T09:38:43,3200.0,25.7,B
2021-07-21T09:38:31,1900.0,25.6,S
2021-07-21T09:37:47,1000.0,25.7,B
2021-07-21T09:37:14,100.0,25.7,S
2021-07-21T09:37:06,3600.0,25.7,S
2021-07-21T09:37:06,1400.0,25.7,S
2021-07-21T09:36:32,300.0,25.7,S
2021-07-21T09:36:26,2000.0,25.7,S
2021-07-21T09:36:18,1100.0,25.7,S
2021-07-21T09:35:53,400.0,25.7,S
2021-07-21T09:35:43,700.0,25.7,S
2021-07-21T09:35:29,4900.0,25.75,S
2021-07-21T09:35:25,2300.0,25.75,S
2021-07-21T09:35:25,2000.0,25.8,B
2021-07-21T09:35:08,3500.0,25.75,B
2021-07-21T09:35:06,2000.0,25.75,B
2021-07-21T09:35:06,4100.0,25.7,S
2021-07-21T09:35:05,900.0,25.7,S
2021-07-21T09:35:05,8600.0,25.7,S
2021-07-21T09:34:33,500.0,25.75,S
2021-07-21T09:34:11,2000.0,25.75,S
2021-07-21T09:34:05,500.0,25.75,S
2021-07-21T09:34:04,300.0,25.8,B
2021-07-21T09:33:59,2000.0,25.75,S
2021-07-21T09:33:57,200.0,25.8,B
2021-07-21T09:33:50,5000.0,25.75,S
2021-07-21T09:33:34,400.0,25.8,B
2021-07-21T09:33:34,600.0,25.8,B
2021-07-21T09:33:27,4000.0,25.8,B
2021-07-21T09:33:11,600.0,25.8,B
2021-07-21T09:32:54,300.0,25.8,B
2021-07-21T09:32:50,60800.0,25.8,S
2021-07-21T09:32:50,13700.0,25.8,S
2021-07-21T09:32:45,100.0,25.9,B
2021-07-21T09:32:37,1000.0,25.9,B
2021-07-21T09:32:21,200.0,25.9,B
2021-07-21T09:32:09,2000.0,25.9,B
2021-07-21T09:32:03,300.0,25.9,B
2021-07-21T09:31:53,1400.0,25.9,B
2021-07-21T09:31:53,600.0,25.9,B
2021-07-21T09:31:51,400.0,25.9,B
2021-07-21T09:31:38,1000.0,25.9,B
2021-07-21T09:31:25,100.0,25.9,B
2021-07-21T09:31:15,7900.0,25.9,S
2021-07-21T09:31:00,2100.0,25.9,B
2021-07-21T09:30:39,100.0,25.8,S
2021-07-21T09:30:00,100.0,25.9,S
2021-07-21T09:29:40,11900.0,26.0,S
2021-07-21T09:29:06,4100.0,26.15,S
2021-07-21T09:29:06,600.0,26.15,S
2021-07-21T09:28:58,200.0,26.2,B
2021-07-21T09:28:57,5000.0,26.15,S
2021-07-21T09:28:49,7600.0,26.2,B
2021-07-21T09:28:21,100.0,26.15,S
2021-07-21T09:28:21,100.0,26.15,S
2021-07-21T09:28:19,500.0,26.15,S
2021-07-21T09:28:02,10000.0,26.15,S
2021-07-21T09:28:00,100.0,26.15,S
2021-07-21T09:27:56,1200.0,26.15,B
2021-07-21T09:27:45,100.0,26.0,S
2021-07-21T09:27:37,600.0,26.0,B
2021-07-21T09:27:27,100.0,26.0,B
2021-07-21T09:27:14,3000.0,26.2,B
2021-07-21T09:27:06,3000.0,26.2,B
2021-07-21T09:27:05,500.0,26.2,B
2021-07-21T09:26:51,5000.0,26.4,B
2021-07-21T09:26:40,1000.0,26.2,B
2021-07-21T09:26:15,2100.0,26.8,B
2021-07-21T09:26:14,1800.0,26.8,B
2021-07-21T09:26:14,300.0,26.8,B
2021-07-21T09:26:14,10000.0,26.7,B
2021-07-21T09:26:14,10400.0,26.7,B
2021-07-21T09:26:14,25400.0,26.6,B
2021-07-21T09:26:14,300.0,26.0,B
2021-07-21T09:25:52,5000.0,25.5,S
2021-07-21T09:25:38,12600.0,26.5,B
2021-07-21T09:25:38,12300.0,26.5,B
2021-07-21T09:25:38,100.0,26.5,B
2021-07-21T09:25:38,5000.0,26.5,B
2021-07-21T09:25:38,1900.0,26.5,B
2021-07-21T09:25:38,200.0,26.3,B
2021-07-21T09:25:38,2000.0,26.3,B
2021-07-21T09:25:38,18200.0,26.2,B
2021-07-21T09:25:38,4700.0,26.1,B
2021-07-21T09:25:38,100.0,26.0,B
2021-07-21T09:25:38,4000.0,26.0,B
2021-07-21T09:25:38,3800.0,26.0,B
2021-07-21T09:25:38,400.0,26.0,B
2021-07-21T09:25:38,8000.0,26.0,B
2021-07-21T09:25:38,3000.0,26.0,B
2021-07-21T09:25:38,6100.0,25.9,B
2021-07-21T09:25:38,1000.0,25.9,B
2021-07-21T09:25:38,300.0,25.8,B
2021-07-21T09:25:38,2700.0,25.7,B
2021-07-21T09:25:38,1100.0,25.7,B
2021-07-21T09:25:38,12500.0,25.5,B
2021-07-21T09:25:15,200.0,25.5,B
2021-07-21T09:25:02,100.0,25.5,B
2021-07-21T09:24:58,2000.0,25.5,B
2021-07-21T09:24:55,800.0,25.5,B
2021-07-21T09:24:54,1000.0,25.5,B
2021-07-21T09:24:31,300.0,25.5,B
2021-07-21T09:24:18,400.0,25.5,B
2021-07-21T09:24:07,2700.0,25.5,B
2021-07-21T09:24:06,300.0,25.5,S
2021-07-21T09:23:54,5000.0,25.5,S
2021-07-21T09:23:54,200.0,25.6,B
2021-07-21T09:23:40,400.0,25.6,B
2021-07-21T09:23:38,600.0,25.5,B
2021-07-21T09:23:13,2000.0,25.5,B
2021-07-21T09:23:12,100.0,25.4,S
2021-07-21T09:23:03,2000.0,25.4,B
2021-07-21T09:22:42,100.0,25.35,S
2021-07-21T09:22:38,300.0,25.35,S
2021-07-21T09:22:21,6600.0,25.35,B
2021-07-21T09:22:11,600.0,25.2,B
2021-07-21T09:21:59,2000.0,25.2,B
2021-07-21T09:21:54,1600.0,25.2,B
2021-07-21T09:21:14,400.0,25.0,B
2021-07-21T09:19:43,400.0,25.0,B
2021-07-21T09:19:11,400.0,25.0,B
2021-07-21T09:18:59,300.0,25.0,B
2021-07-21T09:18:43,100.0,25.0,B
2021-07-21T09:18:40,2200.0,25.0,S
2021-07-21T09:18:40,100.0,25.1,S
2021-07-21T09:18:40,1600.0,25.1,S
2021-07-21T09:17:57,1000.0,25.1,S
2021-07-21T09:16:28,100.0,25.1,B
2021-07-21T09:15:54,900.0,25.1,S
2021-07-21T09:15:25,100.0,25.2,S
2021-07-21T09:15:11,500.0,25.2,S
