tradingTime,volume,price,side
2021-07-21T14:30:00,3000.0,10.25,S
2021-07-21T14:29:58,5000.0,10.25,S
2021-07-21T14:29:47,700.0,10.3,B
2021-07-21T14:29:16,100.0,10.3,B
2021-07-21T14:29:05,100.0,10.25,S
2021-07-21T14:28:06,2000.0,10.25,S
2021-07-21T14:27:49,1000.0,10.25,S
2021-07-21T14:27:01,300.0,10.25,S
2021-07-21T14:26:45,600.0,10.3,B
2021-07-21T14:26:44,100.0,10.3,B
2021-07-21T14:26:30,100.0,10.25,S
2021-07-21T14:26:19,200.0,10.3,B
2021-07-21T14:26:03,1300.0,10.25,B
2021-07-21T14:26:03,400.0,10.25,B
2021-07-21T14:26:03,500.0,10.25,B
2021-07-21T14:25:54,3000.0,10.25,B
2021-07-21T14:25:54,1800.0,10.25,B
2021-07-21T14:25:53,1000.0,10.25,B
2021-07-21T14:25:48,100.0,10.25,B
2021-07-21T14:25:48,300.0,10.25,B
2021-07-21T14:25:39,12000.0,10.25,B
2021-07-21T14:25:37,1000.0,10.25,B
2021-07-21T14:25:37,200.0,10.25,B
2021-07-21T14:25:30,100.0,10.25,B
2021-07-21T14:25:24,2000.0,10.25,B
2021-07-21T14:25:22,100.0,10.25,B
2021-07-21T14:25:22,200.0,10.25,B
2021-07-21T14:25:21,1000.0,10.25,B
2021-07-21T14:25:15,800.0,10.25,B
2021-07-21T14:25:13,100.0,10.25,B
2021-07-21T14:25:11,10000.0,10.25,B
2021-07-21T14:25:08,100.0,10.25,B
2021-07-21T14:25:07,100.0,10.25,B
2021-07-21T14:25:05,600.0,10.25,B
2021-07-21T14:25:03,20000.0,10.25,B
2021-07-21T14:24:58,12000.0,10.25,B
2021-07-21T14:24:53,500.0,10.25,B
2021-07-21T14:24:45,500.0,10.25,B
2021-07-21T14:24:29,16000.0,10.25,B
2021-07-21T14:24:24,10100.0,10.25,B
2021-07-21T14:24:17,200.0,10.2,S
2021-07-21T14:24:15,300.0,10.25,B
2021-07-21T14:24:09,200.0,10.25,B
2021-07-21T14:24:06,100.0,10.25,B
2021-07-21T14:24:02,500.0,10.25,B
2021-07-21T14:23:37,500.0,10.25,B
2021-07-21T14:23:21,200.0,10.25,B
2021-07-21T14:23:19,200.0,10.25,B
2021-07-21T14:23:00,500.0,10.25,B
2021-07-21T14:22:48,600.0,10.25,B
2021-07-21T14:22:47,1000.0,10.25,B
2021-07-21T14:22:47,1000.0,10.25,B
2021-07-21T14:22:44,200.0,10.25,B
2021-07-21T14:22:37,5000.0,10.25,B
2021-07-21T14:22:33,600.0,10.25,B
2021-07-21T14:22:33,1700.0,10.2,S
2021-07-21T14:22:33,37800.0,10.2,S
2021-07-21T14:22:23,100.0,10.25,B
2021-07-21T14:21:59,100.0,10.25,B
2021-07-21T14:21:46,100.0,10.25,B
2021-07-21T14:21:43,1000.0,10.25,B
2021-07-21T14:21:10,8000.0,10.2,S
2021-07-21T14:21:00,100.0,10.25,B
2021-07-21T14:20:34,1000.0,10.25,B
2021-07-21T14:20:23,100.0,10.25,B
2021-07-21T14:20:15,1300.0,10.25,B
2021-07-21T14:20:15,700.0,10.25,B
2021-07-21T14:20:11,10000.0,10.25,B
2021-07-21T14:20:02,100.0,10.25,B
2021-07-21T14:19:47,5000.0,10.25,B
2021-07-21T14:19:44,200.0,10.25,B
2021-07-21T14:19:42,4600.0,10.2,S
2021-07-21T14:19:29,1000.0,10.25,B
2021-07-21T14:19:09,100.0,10.25,B
2021-07-21T14:19:00,500.0,10.25,B
2021-07-21T14:18:47,300.0,10.25,B
2021-07-21T14:18:31,100.0,10.25,B
2021-07-21T14:18:31,1000.0,10.2,S
2021-07-21T14:18:28,300.0,10.2,S
2021-07-21T14:18:00,30000.0,10.2,S
2021-07-21T14:17:54,1000.0,10.25,B
2021-07-21T14:17:53,500.0,10.25,B
2021-07-21T14:17:52,2000.0,10.2,S
2021-07-21T14:17:45,100.0,10.25,B
2021-07-21T14:17:34,200.0,10.2,S
2021-07-21T14:17:34,800.0,10.2,S
2021-07-21T14:17:33,700.0,10.25,B
2021-07-21T14:17:20,100.0,10.25,B
2021-07-21T14:17:20,19200.0,10.2,S
2021-07-21T14:17:20,7200.0,10.2,S
2021-07-21T14:17:20,1800.0,10.2,S
2021-07-21T14:17:20,2800.0,10.2,S
2021-07-21T14:17:20,1300.0,10.2,S
2021-07-21T14:17:20,300.0,10.2,S
2021-07-21T14:17:20,5900.0,10.2,S
2021-07-21T14:17:09,2000.0,10.25,B
2021-07-21T14:17:05,100.0,10.25,B
2021-07-21T14:17:04,400.0,10.2,S
2021-07-21T14:17:04,400.0,10.2,S
2021-07-21T14:17:00,100.0,10.25,B
2021-07-21T14:16:49,1200.0,10.2,S
2021-07-21T14:16:47,100.0,10.25,B
2021-07-21T14:16:30,1000.0,10.25,B
2021-07-21T14:16:14,100.0,10.25,B
2021-07-21T14:15:48,300.0,10.25,B
2021-07-21T14:15:39,1000.0,10.25,B
2021-07-21T14:15:16,6400.0,10.25,B
2021-07-21T14:15:15,2000.0,10.25,B
2021-07-21T14:14:46,5000.0,10.25,B
2021-07-21T14:14:35,1500.0,10.25,B
2021-07-21T14:14:27,100.0,10.25,B
2021-07-21T14:14:19,100.0,10.25,B
2021-07-21T14:14:09,500.0,10.25,B
2021-07-21T14:14:04,100.0,10.25,B
2021-07-21T14:14:01,16400.0,10.25,S
2021-07-21T14:13:57,3600.0,10.25,B
2021-07-21T14:13:54,200.0,10.25,B
2021-07-21T14:13:41,100.0,10.25,B
2021-07-21T14:13:36,3000.0,10.25,B
2021-07-21T14:13:27,3500.0,10.25,S
2021-07-21T14:13:27,10500.0,10.25,S
2021-07-21T14:13:27,20000.0,10.25,S
2021-07-21T14:13:27,300.0,10.25,S
2021-07-21T14:13:07,500.0,10.25,S
2021-07-21T14:13:07,800.0,10.25,S
2021-07-21T14:13:07,16400.0,10.25,S
2021-07-21T14:13:07,200.0,10.25,S
2021-07-21T14:13:07,1000.0,10.25,S
2021-07-21T14:13:07,9100.0,10.25,S
2021-07-21T14:13:07,9900.0,10.25,S
2021-07-21T14:13:07,2100.0,10.25,S
2021-07-21T14:13:05,300.0,10.25,S
2021-07-21T14:13:05,9700.0,10.25,S
2021-07-21T14:12:56,400.0,10.25,S
2021-07-21T14:12:56,1600.0,10.25,S
2021-07-21T14:12:50,1000.0,10.25,S
2021-07-21T14:12:35,35900.0,10.25,S
2021-07-21T14:12:35,1000.0,10.25,S
2021-07-21T14:12:35,3100.0,10.25,S
2021-07-21T14:12:27,1200.0,10.25,S
2021-07-21T14:12:27,1800.0,10.25,S
2021-07-21T14:12:02,400.0,10.25,S
2021-07-21T14:11:42,1000.0,10.25,S
2021-07-21T14:09:38,100.0,10.3,B
2021-07-21T14:09:24,500.0,10.3,B
2021-07-21T14:08:23,100.0,10.3,B
2021-07-21T14:08:04,1000.0,10.3,B
2021-07-21T14:07:50,300.0,10.3,B
2021-07-21T14:07:26,500.0,10.3,B
2021-07-21T14:07:26,2500.0,10.3,B
2021-07-21T14:07:09,100.0,10.25,S
2021-07-21T14:06:54,100.0,10.25,S
2021-07-21T14:06:36,300.0,10.3,B
2021-07-21T14:06:34,100.0,10.3,B
2021-07-21T14:06:31,500.0,10.3,B
2021-07-21T14:06:23,2500.0,10.25,S
2021-07-21T14:06:18,300.0,10.3,B
2021-07-21T14:06:17,100.0,10.3,B
2021-07-21T14:05:45,6000.0,10.25,S
2021-07-21T14:05:43,300.0,10.3,B
2021-07-21T14:05:35,300.0,10.3,B
2021-07-21T14:05:34,3000.0,10.3,B
2021-07-21T14:05:33,100.0,10.3,B
2021-07-21T14:05:26,300.0,10.3,B
2021-07-21T14:05:21,2700.0,10.3,B
2021-07-21T14:05:21,100.0,10.3,B
2021-07-21T14:05:21,7200.0,10.3,B
2021-07-21T14:05:18,300.0,10.3,B
2021-07-21T14:05:13,300.0,10.3,B
2021-07-21T14:05:01,300.0,10.3,B
2021-07-21T14:04:51,300.0,10.3,B
2021-07-21T14:04:43,300.0,10.3,B
2021-07-21T14:04:33,300.0,10.3,B
2021-07-21T14:04:30,100.0,10.3,B
2021-07-21T14:04:26,300.0,10.3,B
2021-07-21T14:04:19,100.0,10.3,B
2021-07-21T14:04:16,300.0,10.3,B
2021-07-21T14:04:13,300.0,10.3,B
2021-07-21T14:04:13,300.0,10.3,B
2021-07-21T14:03:56,10000.0,10.3,B
2021-07-21T14:03:54,2500.0,10.25,S
2021-07-21T14:03:50,300.0,10.3,B
2021-07-21T14:03:43,1200.0,10.3,B
2021-07-21T14:03:30,200.0,10.25,S
2021-07-21T14:03:15,1000.0,10.25,S
2021-07-21T14:03:12,200.0,10.25,S
2021-07-21T14:01:41,1000.0,10.25,S
2021-07-21T14:01:37,700.0,10.25,S
2021-07-21T14:01:37,4300.0,10.25,S
2021-07-21T14:01:18,100.0,10.25,S
2021-07-21T14:01:16,1000.0,10.25,S
2021-07-21T14:01:12,9800.0,10.25,B
2021-07-21T14:01:12,800.0,10.25,B
2021-07-21T14:01:06,200.0,10.25,B
2021-07-21T14:01:04,800.0,10.25,B
2021-07-21T14:01:04,200.0,10.25,B
2021-07-21T14:01:00,30000.0,10.25,B
2021-07-21T14:01:00,5000.0,10.25,B
2021-07-21T14:00:57,1000.0,10.25,B
2021-07-21T14:00:57,200.0,10.25,B
2021-07-21T14:00:57,6000.0,10.25,B
2021-07-21T14:00:48,1000.0,10.25,B
2021-07-21T14:00:48,200.0,10.25,B
2021-07-21T14:00:44,10000.0,10.25,B
2021-07-21T14:00:39,200.0,10.25,B
2021-07-21T14:00:30,200.0,10.25,B
2021-07-21T14:00:20,200.0,10.25,B
2021-07-21T14:00:12,200.0,10.25,B
2021-07-21T14:00:05,200.0,10.25,B
2021-07-21T14:00:03,1000.0,10.25,B
2021-07-21T14:00:02,1100.0,10.2,S
2021-07-21T13:59:55,800.0,10.2,S
2021-07-21T13:59:55,100.0,10.2,S
2021-07-21T13:59:55,2900.0,10.2,S
2021-07-21T13:59:46,200.0,10.25,B
2021-07-21T13:59:39,1000.0,10.25,B
2021-07-21T13:58:57,1500.0,10.2,S
2021-07-21T13:58:39,5000.0,10.2,S
2021-07-21T13:58:30,500.0,10.2,S
2021-07-21T13:58:30,600.0,10.2,S
2021-07-21T13:58:28,200.0,10.25,B
2021-07-21T13:58:25,7100.0,10.25,S
2021-07-21T13:58:25,400.0,10.25,S
2021-07-21T13:58:25,100.0,10.25,S
2021-07-21T13:58:25,100.0,10.25,S
2021-07-21T13:58:25,400.0,10.25,S
2021-07-21T13:58:25,8200.0,10.25,S
2021-07-21T13:58:25,200.0,10.25,S
2021-07-21T13:58:25,2600.0,10.25,S
2021-07-21T13:58:25,400.0,10.25,S
2021-07-21T13:58:25,500.0,10.25,S
2021-07-21T13:58:25,200.0,10.25,S
2021-07-21T13:58:24,400.0,10.25,S
2021-07-21T13:58:24,200.0,10.25,S
2021-07-21T13:58:24,3600.0,10.25,S
2021-07-21T13:58:24,400.0,10.25,S
2021-07-21T13:58:24,3200.0,10.25,S
2021-07-21T13:58:24,200.0,10.25,S
2021-07-21T13:58:24,100.0,10.25,S
2021-07-21T13:58:24,500.0,10.25,S
2021-07-21T13:58:24,200.0,10.25,S
2021-07-21T13:58:24,1200.0,10.25,S
2021-07-21T13:58:24,200.0,10.25,S
2021-07-21T13:58:24,1300.0,10.25,S
2021-07-21T13:58:24,1200.0,10.25,S
2021-07-21T13:58:24,500.0,10.25,S
2021-07-21T13:58:24,200.0,10.25,S
2021-07-21T13:58:24,200.0,10.25,S
2021-07-21T13:58:24,1100.0,10.25,S
2021-07-21T13:58:24,400.0,10.25,S
2021-07-21T13:58:24,200.0,10.25,S
2021-07-21T13:58:24,7100.0,10.25,S
2021-07-21T13:58:24,6400.0,10.25,S
2021-07-21T13:58:24,100.0,10.25,S
2021-07-21T13:58:24,100.0,10.25,S
2021-07-21T13:58:24,1000.0,10.25,S
2021-07-21T13:58:24,600.0,10.25,S
2021-07-21T13:58:24,100.0,10.25,S
2021-07-21T13:58:24,400.0,10.25,S
2021-07-21T13:58:24,1100.0,10.25,S
2021-07-21T13:58:24,9900.0,10.25,S
2021-07-21T13:58:24,300.0,10.25,S
2021-07-21T13:58:24,6100.0,10.25,S
2021-07-21T13:58:24,1000.0,10.25,S
2021-07-21T13:58:24,500.0,10.25,S
2021-07-21T13:58:24,3300.0,10.25,S
2021-07-21T13:58:24,1000.0,10.25,S
2021-07-21T13:58:24,600.0,10.25,S
2021-07-21T13:58:24,200.0,10.25,S
2021-07-21T13:58:24,700.0,10.25,S
2021-07-21T13:58:24,35400.0,10.25,S
2021-07-21T13:58:24,400.0,10.25,S
2021-07-21T13:58:24,400.0,10.25,S
2021-07-21T13:58:24,1200.0,10.25,S
2021-07-21T13:58:24,10000.0,10.25,S
2021-07-21T13:58:24,1100.0,10.25,S
2021-07-21T13:58:24,1800.0,10.25,S
2021-07-21T13:58:24,100.0,10.25,S
2021-07-21T13:58:24,6000.0,10.25,S
2021-07-21T13:58:24,1600.0,10.25,S
2021-07-21T13:58:24,1000.0,10.25,S
2021-07-21T13:58:24,1600.0,10.25,S
2021-07-21T13:58:24,1200.0,10.25,S
2021-07-21T13:58:24,1100.0,10.25,S
2021-07-21T13:58:24,600.0,10.25,S
2021-07-21T13:58:24,1000.0,10.25,S
2021-07-21T13:58:24,8300.0,10.25,S
2021-07-21T13:58:24,900.0,10.25,S
2021-07-21T13:58:24,200.0,10.25,S
2021-07-21T13:58:24,83100.0,10.25,S
2021-07-21T13:58:19,200.0,10.3,B
2021-07-21T13:58:11,200.0,10.3,B
2021-07-21T13:58:09,200.0,10.3,B
2021-07-21T13:58:03,200.0,10.3,B
2021-07-21T13:57:57,500.0,10.3,B
2021-07-21T13:57:52,200.0,10.3,B
2021-07-21T13:57:46,200.0,10.3,B
2021-07-21T13:57:36,200.0,10.3,B
2021-07-21T13:57:27,200.0,10.3,B
2021-07-21T13:57:22,200.0,10.3,B
2021-07-21T13:57:22,700.0,10.3,B
2021-07-21T13:57:22,100.0,10.3,B
2021-07-21T13:57:19,700.0,10.25,S
2021-07-21T13:57:14,300.0,10.25,S
2021-07-21T13:57:03,100.0,10.25,S
2021-07-21T13:57:01,1000.0,10.25,S
2021-07-21T13:57:00,1100.0,10.25,S
2021-07-21T13:56:39,42400.0,10.25,S
2021-07-21T13:56:39,100.0,10.25,S
2021-07-21T13:56:39,7500.0,10.25,S
2021-07-21T13:56:35,200.0,10.3,B
2021-07-21T13:56:26,200.0,10.3,B
2021-07-21T13:56:18,200.0,10.3,B
2021-07-21T13:56:09,200.0,10.3,B
2021-07-21T13:56:05,3000.0,10.3,B
2021-07-21T13:55:30,1100.0,10.25,S
2021-07-21T13:55:25,200.0,10.3,B
2021-07-21T13:55:17,200.0,10.3,B
2021-07-21T13:55:08,200.0,10.3,B
2021-07-21T13:55:06,1000.0,10.3,B
2021-07-21T13:54:59,200.0,10.3,B
2021-07-21T13:54:51,200.0,10.3,B
2021-07-21T13:54:44,200.0,10.3,B
2021-07-21T13:54:15,100.0,10.25,S
2021-07-21T13:53:59,500.0,10.25,S
2021-07-21T13:53:59,100.0,10.25,S
2021-07-21T13:53:59,500.0,10.25,S
2021-07-21T13:52:28,1100.0,10.25,S
2021-07-21T13:52:23,200.0,10.3,B
2021-07-21T13:52:14,200.0,10.3,B
2021-07-21T13:52:05,200.0,10.3,B
2021-07-21T13:51:57,200.0,10.3,B
2021-07-21T13:51:47,200.0,10.3,B
2021-07-21T13:51:44,100.0,10.3,B
2021-07-21T13:51:37,200.0,10.25,S
2021-07-21T13:51:10,2000.0,10.25,S
2021-07-21T13:50:57,1100.0,10.25,S
2021-07-21T13:50:44,4400.0,10.25,S
2021-07-21T13:50:44,300.0,10.25,S
2021-07-21T13:50:44,400.0,10.25,S
2021-07-21T13:50:44,800.0,10.25,S
2021-07-21T13:50:44,23500.0,10.25,S
2021-07-21T13:50:44,5000.0,10.25,S
2021-07-21T13:50:44,700.0,10.25,S
2021-07-21T13:50:44,500.0,10.25,S
2021-07-21T13:50:44,14400.0,10.25,S
2021-07-21T13:50:35,8800.0,10.3,B
2021-07-21T13:50:30,200.0,10.3,B
2021-07-21T13:50:21,200.0,10.3,B
2021-07-21T13:50:12,300.0,10.3,B
2021-07-21T13:50:02,200.0,10.3,B
2021-07-21T13:49:57,5600.0,10.3,B
2021-07-21T13:49:50,2000.0,10.25,S
2021-07-21T13:49:40,100.0,10.25,S
2021-07-21T13:49:27,1100.0,10.25,S
2021-07-21T13:49:19,200.0,10.3,B
2021-07-21T13:49:11,200.0,10.3,B
2021-07-21T13:49:09,3200.0,10.3,B
2021-07-21T13:49:03,200.0,10.3,B
2021-07-21T13:48:54,200.0,10.3,B
2021-07-21T13:48:45,200.0,10.3,B
2021-07-21T13:48:35,200.0,10.3,B
2021-07-21T13:48:27,200.0,10.3,B
2021-07-21T13:48:20,100.0,10.3,B
2021-07-21T13:48:20,200.0,10.3,B
2021-07-21T13:48:10,200.0,10.3,B
2021-07-21T13:48:05,200.0,10.3,B
2021-07-21T13:47:54,1100.0,10.25,S
2021-07-21T13:47:32,1900.0,10.25,S
2021-07-21T13:47:30,2000.0,10.3,B
2021-07-21T13:47:27,200.0,10.3,B
2021-07-21T13:47:22,4000.0,10.3,B
2021-07-21T13:47:19,200.0,10.3,B
2021-07-21T13:47:09,200.0,10.3,B
2021-07-21T13:47:01,200.0,10.3,B
2021-07-21T13:47:00,2000.0,10.3,B
2021-07-21T13:46:52,200.0,10.3,B
2021-07-21T13:46:43,200.0,10.3,B
2021-07-21T13:46:35,200.0,10.3,B
2021-07-21T13:46:33,100.0,10.3,B
2021-07-21T13:46:31,200.0,10.3,B
2021-07-21T13:46:26,20000.0,10.3,B
2021-07-21T13:46:25,1100.0,10.25,S
2021-07-21T13:46:17,200.0,10.3,B
2021-07-21T13:46:09,200.0,10.3,B
2021-07-21T13:46:00,200.0,10.3,B
2021-07-21T13:45:49,200.0,10.3,B
2021-07-21T13:45:42,200.0,10.3,B
2021-07-21T13:45:34,200.0,10.3,B
2021-07-21T13:45:30,2000.0,10.3,B
2021-07-21T13:44:53,1100.0,10.25,S
2021-07-21T13:44:51,100.0,10.3,S
2021-07-21T13:44:50,100.0,10.3,B
2021-07-21T13:44:42,200.0,10.3,B
2021-07-21T13:44:40,10000.0,10.3,B
2021-07-21T13:44:33,200.0,10.3,B
2021-07-21T13:44:24,200.0,10.3,B
2021-07-21T13:44:15,200.0,10.3,B
2021-07-21T13:44:15,200.0,10.25,S
2021-07-21T13:44:07,200.0,10.3,B
2021-07-21T13:44:05,10000.0,10.3,B
2021-07-21T13:43:58,200.0,10.3,B
2021-07-21T13:43:49,200.0,10.3,B
2021-07-21T13:43:42,200.0,10.3,B
2021-07-21T13:43:39,100.0,10.3,B
2021-07-21T13:43:37,2000.0,10.3,B
2021-07-21T13:43:37,200.0,10.3,B
2021-07-21T13:43:36,1000.0,10.3,B
2021-07-21T13:43:32,200.0,10.3,B
2021-07-21T13:43:28,1200.0,10.3,S
2021-07-21T13:43:28,1000.0,10.3,S
2021-07-21T13:43:28,19900.0,10.3,S
2021-07-21T13:43:21,1000.0,10.3,S
2021-07-21T13:43:21,100.0,10.3,S
2021-07-21T13:43:07,200.0,10.3,S
2021-07-21T13:43:06,200.0,10.35,B
2021-07-21T13:42:59,1900.0,10.35,B
2021-07-21T13:42:59,1100.0,10.35,B
2021-07-21T13:42:51,700.0,10.3,S
2021-07-21T13:42:51,300.0,10.3,S
2021-07-21T13:42:41,100.0,10.3,B
2021-07-21T13:42:33,500.0,10.3,S
2021-07-21T13:42:33,2600.0,10.3,S
2021-07-21T13:42:29,800.0,10.3,S
2021-07-21T13:42:23,2000.0,10.3,S
2021-07-21T13:42:02,10000.0,10.3,S
2021-07-21T13:41:53,1100.0,10.25,S
2021-07-21T13:41:52,3500.0,10.3,B
2021-07-21T13:41:52,2700.0,10.3,B
2021-07-21T13:41:47,200.0,10.3,B
2021-07-21T13:41:39,200.0,10.3,B
2021-07-21T13:41:39,10000.0,10.3,B
2021-07-21T13:41:29,200.0,10.3,B
2021-07-21T13:41:21,200.0,10.3,B
2021-07-21T13:41:13,200.0,10.3,B
2021-07-21T13:41:04,200.0,10.3,B
2021-07-21T13:41:02,1100.0,10.3,B
2021-07-21T13:40:55,200.0,10.3,B
2021-07-21T13:40:53,5000.0,10.3,B
2021-07-21T13:40:52,1000.0,10.3,B
2021-07-21T13:40:47,200.0,10.3,B
2021-07-21T13:40:38,200.0,10.3,B
2021-07-21T13:40:38,100.0,10.3,B
2021-07-21T13:40:29,200.0,10.3,B
2021-07-21T13:40:24,5200.0,10.3,S
2021-07-21T13:40:24,200.0,10.3,S
2021-07-21T13:40:24,600.0,10.3,S
2021-07-21T13:40:24,200.0,10.3,S
2021-07-21T13:40:24,200.0,10.3,S
2021-07-21T13:40:24,700.0,10.3,S
2021-07-21T13:40:24,200.0,10.3,S
2021-07-21T13:40:24,1100.0,10.3,S
2021-07-21T13:40:24,600.0,10.3,S
2021-07-21T13:40:24,15400.0,10.3,S
2021-07-21T13:40:24,200.0,10.3,S
2021-07-21T13:40:24,400.0,10.3,S
2021-07-21T13:40:24,300.0,10.3,S
2021-07-21T13:40:24,800.0,10.3,S
2021-07-21T13:40:22,200.0,10.3,S
2021-07-21T13:40:22,600.0,10.3,S
2021-07-21T13:40:22,200.0,10.3,S
2021-07-21T13:40:22,100.0,10.3,S
2021-07-21T13:40:11,100.0,10.3,S
2021-07-21T13:40:11,200.0,10.3,S
2021-07-21T13:40:11,1200.0,10.3,S
2021-07-21T13:39:30,2100.0,10.3,S
2021-07-21T13:39:30,2900.0,10.3,S
2021-07-21T13:39:28,200.0,10.3,S
2021-07-21T13:39:08,1000.0,10.3,S
2021-07-21T13:39:06,100.0,10.3,S
2021-07-21T13:38:51,1100.0,10.3,S
2021-07-21T13:38:28,1000.0,10.3,S
2021-07-21T13:38:26,1000.0,10.3,S
2021-07-21T13:38:06,500.0,10.3,S
2021-07-21T13:38:06,500.0,10.3,S
2021-07-21T13:37:43,1000.0,10.3,S
2021-07-21T13:37:29,1000.0,10.3,S
2021-07-21T13:37:20,1100.0,10.3,S
2021-07-21T13:37:05,2100.0,10.3,S
2021-07-21T13:36:57,100.0,10.3,S
2021-07-21T13:36:54,3000.0,10.3,S
2021-07-21T13:36:50,1000.0,10.3,S
2021-07-21T13:36:33,1500.0,10.3,S
2021-07-21T13:36:33,1500.0,10.3,S
2021-07-21T13:36:15,100.0,10.3,S
2021-07-21T13:35:50,200.0,10.3,B
2021-07-21T13:35:50,200.0,10.3,S
2021-07-21T13:35:50,700.0,10.3,S
2021-07-21T13:35:41,1300.0,10.3,B
2021-07-21T13:35:39,100.0,10.3,B
2021-07-21T13:35:39,800.0,10.3,B
2021-07-21T13:35:37,7800.0,10.3,S
2021-07-21T13:35:34,500.0,10.3,S
2021-07-21T13:35:33,4000.0,10.3,B
2021-07-21T13:35:33,700.0,10.3,B
2021-07-21T13:35:33,1500.0,10.3,B
2021-07-21T13:35:33,35800.0,10.3,B
2021-07-21T13:35:25,200.0,10.3,B
2021-07-21T13:35:23,100.0,10.3,B
2021-07-21T13:35:21,10000.0,10.3,B
2021-07-21T13:35:16,400.0,10.3,B
2021-07-21T13:35:07,200.0,10.3,B
2021-07-21T13:35:04,200.0,10.3,B
2021-07-21T13:34:59,100.0,10.3,B
2021-07-21T13:34:59,200.0,10.3,B
2021-07-21T13:34:51,200.0,10.3,B
2021-07-21T13:34:48,800.0,10.3,B
2021-07-21T13:34:45,4100.0,10.3,B
2021-07-21T13:34:41,200.0,10.3,B
2021-07-21T13:34:33,200.0,10.3,B
2021-07-21T13:34:28,2000.0,10.3,B
2021-07-21T13:34:24,200.0,10.3,B
2021-07-21T13:34:22,400.0,10.3,B
2021-07-21T13:34:19,1100.0,10.25,S
2021-07-21T13:34:16,200.0,10.3,B
2021-07-21T13:34:15,500.0,10.3,B
2021-07-21T13:34:07,200.0,10.3,B
2021-07-21T13:34:04,200.0,10.3,B
2021-07-21T13:33:58,200.0,10.3,B
2021-07-21T13:33:50,200.0,10.3,B
2021-07-21T13:33:50,100.0,10.3,B
2021-07-21T13:33:49,200.0,10.3,B
2021-07-21T13:33:45,2000.0,10.3,B
2021-07-21T13:33:43,200.0,10.3,B
2021-07-21T13:33:41,200.0,10.3,B
2021-07-21T13:33:32,200.0,10.3,B
2021-07-21T13:33:27,200.0,10.3,B
2021-07-21T13:33:22,200.0,10.3,B
2021-07-21T13:33:19,2000.0,10.3,B
2021-07-21T13:33:19,5000.0,10.3,B
2021-07-21T13:33:15,100.0,10.3,B
2021-07-21T13:33:12,200.0,10.3,B
2021-07-21T13:33:11,11500.0,10.3,B
2021-07-21T13:33:06,200.0,10.3,B
2021-07-21T13:32:55,200.0,10.3,B
2021-07-21T13:32:53,2000.0,10.3,B
2021-07-21T13:32:50,100.0,10.3,B
2021-07-21T13:32:47,200.0,10.3,B
2021-07-21T13:32:47,1100.0,10.25,S
2021-07-21T13:32:40,200.0,10.3,B
2021-07-21T13:32:31,200.0,10.3,B
2021-07-21T13:32:30,500.0,10.3,B
2021-07-21T13:32:21,200.0,10.3,B
2021-07-21T13:32:13,200.0,10.3,B
2021-07-21T13:32:06,200.0,10.3,B
2021-07-21T13:32:05,200.0,10.3,B
2021-07-21T13:31:56,200.0,10.3,B
2021-07-21T13:31:56,500.0,10.3,S
2021-07-21T13:31:56,900.0,10.3,S
2021-07-21T13:31:56,100.0,10.3,S
2021-07-21T13:31:55,8900.0,10.3,S
2021-07-21T13:31:55,1100.0,10.3,S
2021-07-21T13:31:55,200.0,10.3,S
2021-07-21T13:31:55,30800.0,10.3,S
2021-07-21T13:31:55,600.0,10.3,S
2021-07-21T13:31:55,200.0,10.3,S
2021-07-21T13:31:55,400.0,10.3,S
2021-07-21T13:31:55,200.0,10.3,S
2021-07-21T13:31:55,800.0,10.3,S
2021-07-21T13:31:55,1000.0,10.3,S
2021-07-21T13:31:55,200.0,10.3,S
2021-07-21T13:31:55,600.0,10.3,S
2021-07-21T13:31:55,200.0,10.3,S
2021-07-21T13:31:55,10800.0,10.3,S
2021-07-21T13:31:54,4200.0,10.3,S
2021-07-21T13:31:53,20000.0,10.3,S
2021-07-21T13:31:50,10000.0,10.3,S
2021-07-21T13:31:47,500.0,10.3,S
2021-07-21T13:31:47,1900.0,10.3,S
2021-07-21T13:31:42,1000.0,10.3,S
2021-07-21T13:31:35,2000.0,10.3,S
2021-07-21T13:31:31,300.0,10.3,S
2021-07-21T13:31:31,3200.0,10.3,S
2021-07-21T13:31:31,400.0,10.3,S
2021-07-21T13:31:31,800.0,10.3,S
2021-07-21T13:31:31,300.0,10.3,S
2021-07-21T13:31:31,400.0,10.3,S
2021-07-21T13:31:31,200.0,10.3,S
2021-07-21T13:31:31,200.0,10.3,S
2021-07-21T13:31:31,900.0,10.3,S
2021-07-21T13:31:31,100.0,10.3,S
2021-07-21T13:31:31,10000.0,10.3,S
2021-07-21T13:31:31,200.0,10.3,S
2021-07-21T13:31:31,500.0,10.3,S
2021-07-21T13:31:31,100.0,10.3,S
2021-07-21T13:31:31,600.0,10.3,S
2021-07-21T13:31:31,400.0,10.3,S
2021-07-21T13:31:31,600.0,10.3,S
2021-07-21T13:31:31,200.0,10.3,S
2021-07-21T13:31:31,600.0,10.3,S
2021-07-21T13:31:31,200.0,10.3,S
2021-07-21T13:31:31,200.0,10.3,S
2021-07-21T13:31:31,1400.0,10.3,S
2021-07-21T13:31:31,1000.0,10.3,S
2021-07-21T13:31:31,200.0,10.3,S
2021-07-21T13:31:31,9400.0,10.3,S
2021-07-21T13:31:31,200.0,10.3,S
2021-07-21T13:31:31,7400.0,10.3,S
2021-07-21T13:31:18,10000.0,10.3,S
2021-07-21T13:31:17,1100.0,10.3,S
2021-07-21T13:31:15,200.0,10.3,S
2021-07-21T13:31:15,2600.0,10.3,S
2021-07-21T13:31:15,400.0,10.3,S
2021-07-21T13:31:14,100.0,10.3,S
2021-07-21T13:31:14,4600.0,10.3,S
2021-07-21T13:31:14,2300.0,10.3,S
2021-07-21T13:31:12,900.0,10.3,S
2021-07-21T13:31:12,200.0,10.3,S
2021-07-21T13:31:12,1300.0,10.3,S
2021-07-21T13:31:12,1500.0,10.3,S
2021-07-21T13:31:12,2000.0,10.3,S
2021-07-21T13:31:12,800.0,10.3,S
2021-07-21T13:31:12,600.0,10.3,S
2021-07-21T13:31:12,200.0,10.3,S
2021-07-21T13:31:12,200.0,10.3,S
2021-07-21T13:31:12,200.0,10.3,S
2021-07-21T13:31:12,200.0,10.3,S
2021-07-21T13:31:12,1100.0,10.3,S
2021-07-21T13:31:12,800.0,10.3,S
2021-07-21T13:30:24,400.0,10.3,S
2021-07-21T13:30:24,2200.0,10.3,S
2021-07-21T13:30:24,500.0,10.3,S
2021-07-21T13:30:24,200.0,10.3,S
2021-07-21T13:30:24,6700.0,10.3,S
2021-07-21T13:30:16,5000.0,10.3,S
2021-07-21T13:30:14,400.0,10.3,S
2021-07-21T13:30:12,200.0,10.35,B
2021-07-21T13:30:04,300.0,10.35,B
2021-07-21T13:30:01,2500.0,10.3,S
2021-07-21T13:30:01,400.0,10.3,S
2021-07-21T13:30:01,2600.0,10.3,S
2021-07-21T13:30:01,200.0,10.3,S
2021-07-21T13:30:01,10300.0,10.3,S
2021-07-21T13:30:01,400.0,10.3,S
2021-07-21T13:30:01,100.0,10.3,S
2021-07-21T13:30:01,500.0,10.3,S
2021-07-21T13:30:01,200.0,10.3,S
2021-07-21T13:30:01,500.0,10.3,S
2021-07-21T13:30:01,500.0,10.3,S
2021-07-21T13:30:01,300.0,10.3,S
2021-07-21T13:30:01,1300.0,10.3,S
2021-07-21T13:30:01,10300.0,10.3,S
2021-07-21T13:30:01,200.0,10.3,S
2021-07-21T13:30:01,200.0,10.3,S
2021-07-21T13:30:01,1600.0,10.3,S
2021-07-21T13:30:01,1800.0,10.3,S
2021-07-21T13:30:01,400.0,10.3,S
2021-07-21T13:30:01,23000.0,10.3,S
2021-07-21T13:30:01,500.0,10.3,S
2021-07-21T13:30:01,200.0,10.3,S
2021-07-21T13:30:01,500.0,10.3,S
2021-07-21T13:30:01,300.0,10.3,S
2021-07-21T13:30:01,11000.0,10.3,S
2021-07-21T13:30:01,300.0,10.3,S
2021-07-21T13:30:01,1200.0,10.3,S
2021-07-21T13:30:01,300.0,10.3,S
2021-07-21T13:30:01,900.0,10.3,S
2021-07-21T13:30:01,2600.0,10.3,S
2021-07-21T13:30:01,5000.0,10.3,S
2021-07-21T13:30:01,3400.0,10.3,S
2021-07-21T13:30:01,600.0,10.3,S
2021-07-21T13:30:01,1600.0,10.3,S
2021-07-21T13:30:01,500.0,10.3,S
2021-07-21T13:30:01,600.0,10.3,S
2021-07-21T13:30:01,300.0,10.3,S
2021-07-21T13:30:01,600.0,10.3,S
2021-07-21T13:30:01,100.0,10.3,S
2021-07-21T13:30:01,1600.0,10.3,S
2021-07-21T13:30:01,1200.0,10.3,S
2021-07-21T13:30:01,8000.0,10.3,S
2021-07-21T13:30:01,1100.0,10.3,S
2021-07-21T13:30:01,900.0,10.3,S
2021-07-21T13:30:01,1300.0,10.3,S
2021-07-21T13:30:01,300.0,10.3,S
2021-07-21T13:30:01,2900.0,10.3,S
2021-07-21T13:30:01,2600.0,10.3,S
2021-07-21T13:30:01,300.0,10.3,S
2021-07-21T13:30:01,900.0,10.3,S
2021-07-21T13:30:01,600.0,10.3,S
2021-07-21T13:30:01,600.0,10.3,S
2021-07-21T13:30:01,600.0,10.3,S
2021-07-21T13:30:01,600.0,10.3,S
2021-07-21T13:30:01,600.0,10.3,S
2021-07-21T13:30:01,300.0,10.3,S
2021-07-21T13:30:01,4900.0,10.3,S
2021-07-21T13:30:01,300.0,10.3,S
2021-07-21T13:30:01,600.0,10.3,S
2021-07-21T13:30:01,900.0,10.3,S
2021-07-21T13:30:01,800.0,10.3,S
2021-07-21T13:30:01,600.0,10.3,S
2021-07-21T13:30:01,2300.0,10.3,S
2021-07-21T13:30:01,2600.0,10.3,S
2021-07-21T13:30:01,800.0,10.3,S
2021-07-21T13:30:01,300.0,10.3,S
2021-07-21T13:30:01,1000.0,10.3,S
2021-07-21T13:30:01,900.0,10.3,S
2021-07-21T13:30:01,300.0,10.3,S
2021-07-21T13:30:01,300.0,10.3,S
2021-07-21T13:30:01,300.0,10.3,S
2021-07-21T13:30:01,900.0,10.3,S
2021-07-21T13:30:01,700.0,10.3,S
2021-07-21T13:30:01,300.0,10.3,S
2021-07-21T13:30:01,300.0,10.3,S
2021-07-21T13:30:01,100.0,10.3,S
2021-07-21T13:30:01,300.0,10.3,S
2021-07-21T13:30:01,1400.0,10.3,S
2021-07-21T13:30:01,300.0,10.3,S
2021-07-21T13:30:01,7500.0,10.3,S
2021-07-21T13:30:01,600.0,10.3,S
2021-07-21T13:30:01,1200.0,10.3,S
2021-07-21T13:30:01,300.0,10.3,S
2021-07-21T13:30:01,300.0,10.3,S
2021-07-21T13:30:01,700.0,10.3,S
2021-07-21T13:30:01,5900.0,10.3,S
2021-07-21T13:30:01,300.0,10.3,S
2021-07-21T13:30:01,600.0,10.3,S
2021-07-21T13:30:01,300.0,10.3,S
2021-07-21T13:30:01,300.0,10.3,S
2021-07-21T13:30:01,6300.0,10.3,S
2021-07-21T13:30:01,300.0,10.3,S
2021-07-21T13:30:01,1100.0,10.3,S
2021-07-21T13:30:01,4000.0,10.3,S
2021-07-21T13:30:01,300.0,10.3,S
2021-07-21T13:30:01,600.0,10.3,S
2021-07-21T13:30:01,600.0,10.3,S
2021-07-21T13:30:01,300.0,10.3,S
2021-07-21T13:30:01,600.0,10.3,S
2021-07-21T13:30:01,800.0,10.3,S
2021-07-21T13:30:01,1200.0,10.3,S
2021-07-21T13:30:01,300.0,10.3,S
2021-07-21T13:30:01,600.0,10.3,S
2021-07-21T13:30:01,600.0,10.3,S
2021-07-21T13:30:01,6900.0,10.3,S
2021-07-21T13:30:01,3000.0,10.3,S
2021-07-21T13:30:01,21100.0,10.3,S
2021-07-21T13:29:47,700.0,10.3,S
2021-07-21T13:29:47,3100.0,10.35,B
2021-07-21T13:29:47,1100.0,10.3,S
2021-07-21T13:29:24,200.0,10.3,S
2021-07-21T13:29:08,1000.0,10.3,S
2021-07-21T13:29:02,200.0,10.35,B
2021-07-21T13:28:53,100.0,10.35,B
2021-07-21T13:28:53,100.0,10.35,B
2021-07-21T13:28:48,100.0,10.35,B
2021-07-21T13:28:41,300.0,10.3,S
2021-07-21T13:28:22,1200.0,10.3,S
2021-07-21T13:28:22,800.0,10.3,S
2021-07-21T13:28:16,100.0,10.3,S
2021-07-21T13:28:15,1100.0,10.3,S
2021-07-21T13:28:11,100.0,10.35,B
2021-07-21T13:27:55,500.0,10.3,S
2021-07-21T13:27:35,1000.0,10.3,S
2021-07-21T13:27:25,1000.0,10.3,S
2021-07-21T13:27:04,200.0,10.3,S
2021-07-21T13:26:58,100.0,10.3,S
2021-07-21T13:26:56,100.0,10.3,S
2021-07-21T13:26:53,500.0,10.35,B
2021-07-21T13:26:48,1600.0,10.3,S
2021-07-21T13:26:48,3300.0,10.3,S
2021-07-21T13:26:44,1100.0,10.3,S
2021-07-21T13:26:43,200.0,10.35,B
2021-07-21T13:26:42,4800.0,10.35,B
2021-07-21T13:26:34,200.0,10.35,B
2021-07-21T13:26:26,500.0,10.35,B
2021-07-21T13:26:15,2500.0,10.3,S
2021-07-21T13:26:09,1400.0,10.3,S
2021-07-21T13:26:08,200.0,10.35,B
2021-07-21T13:25:59,1100.0,10.35,B
2021-07-21T13:25:59,1400.0,10.3,S
2021-07-21T13:25:59,700.0,10.3,S
2021-07-21T13:25:51,200.0,10.35,B
2021-07-21T13:25:45,1000.0,10.35,B
2021-07-21T13:25:43,200.0,10.3,S
2021-07-21T13:25:42,800.0,10.3,S
2021-07-21T13:25:41,500.0,10.3,S
2021-07-21T13:25:40,1000.0,10.3,S
2021-07-21T13:25:26,1000.0,10.3,S
2021-07-21T13:25:22,3500.0,10.3,S
2021-07-21T13:25:22,1000.0,10.3,S
2021-07-21T13:25:22,500.0,10.3,S
2021-07-21T13:25:17,1000.0,10.35,B
2021-07-21T13:25:14,1100.0,10.3,S
2021-07-21T13:25:06,200.0,10.35,B
2021-07-21T13:25:00,200.0,10.35,B
2021-07-21T13:24:58,200.0,10.35,B
2021-07-21T13:24:57,1000.0,10.35,B
2021-07-21T13:24:50,200.0,10.35,B
2021-07-21T13:24:41,200.0,10.35,B
2021-07-21T13:24:32,200.0,10.35,B
2021-07-21T13:24:31,2000.0,10.35,B
2021-07-21T13:24:24,200.0,10.35,B
2021-07-21T13:24:15,200.0,10.35,B
2021-07-21T13:24:05,200.0,10.35,B
2021-07-21T13:24:03,300.0,10.35,B
2021-07-21T13:23:59,200.0,10.35,B
2021-07-21T13:23:49,200.0,10.35,B
2021-07-21T13:23:47,200.0,10.35,B
2021-07-21T13:23:44,500.0,10.3,S
2021-07-21T13:23:43,900.0,10.3,S
2021-07-21T13:23:43,200.0,10.3,S
2021-07-21T13:23:39,200.0,10.3,S
2021-07-21T13:23:01,200.0,10.3,S
2021-07-21T13:22:18,1500.0,10.3,S
2021-07-21T13:22:11,1100.0,10.3,S
2021-07-21T13:22:09,500.0,10.3,S
2021-07-21T13:22:04,2000.0,10.3,S
2021-07-21T13:21:53,1000.0,10.3,S
2021-07-21T13:21:49,1500.0,10.3,S
2021-07-21T13:21:49,200.0,10.35,B
2021-07-21T13:21:38,800.0,10.3,S
2021-07-21T13:21:31,500.0,10.3,S
2021-07-21T13:21:23,2000.0,10.3,S
2021-07-21T13:21:11,200.0,10.3,S
2021-07-21T13:21:07,100.0,10.3,S
2021-07-21T13:21:05,500.0,10.3,S
2021-07-21T13:21:00,400.0,10.3,S
2021-07-21T13:20:56,800.0,10.3,S
2021-07-21T13:20:53,3000.0,10.3,S
2021-07-21T13:20:42,1100.0,10.3,S
2021-07-21T13:20:21,38600.0,10.3,S
2021-07-21T13:20:21,2400.0,10.3,S
2021-07-21T13:20:21,3500.0,10.3,S
2021-07-21T13:20:21,1600.0,10.3,S
2021-07-21T13:20:21,3900.0,10.3,S
2021-07-21T13:20:20,100.0,10.35,B
2021-07-21T13:20:20,100.0,10.35,B
2021-07-21T13:20:11,200.0,10.35,B
2021-07-21T13:20:07,200.0,10.35,B
2021-07-21T13:19:54,200.0,10.35,B
2021-07-21T13:19:47,300.0,10.35,B
2021-07-21T13:19:45,200.0,10.35,B
2021-07-21T13:19:37,200.0,10.35,B
2021-07-21T13:19:28,200.0,10.35,B
2021-07-21T13:19:23,100.0,10.35,B
2021-07-21T13:19:22,500.0,10.35,B
2021-07-21T13:19:10,1100.0,10.3,S
2021-07-21T13:19:07,800.0,10.3,S
2021-07-21T13:19:02,200.0,10.35,B
2021-07-21T13:18:58,100.0,10.35,B
2021-07-21T13:18:53,200.0,10.35,B
2021-07-21T13:18:44,200.0,10.35,B
2021-07-21T13:18:36,100.0,10.35,B
2021-07-21T13:18:36,100.0,10.35,B
2021-07-21T13:18:26,200.0,10.35,B
2021-07-21T13:18:26,200.0,10.35,B
2021-07-21T13:18:26,800.0,10.35,B
2021-07-21T13:18:12,1300.0,10.3,S
2021-07-21T13:17:51,500.0,10.3,S
2021-07-21T13:17:42,100.0,10.3,S
2021-07-21T13:17:39,1000.0,10.3,S
2021-07-21T13:17:31,500.0,10.3,S
2021-07-21T13:16:42,500.0,10.3,S
2021-07-21T13:16:38,100.0,10.35,B
2021-07-21T13:16:34,200.0,10.35,B
2021-07-21T13:16:26,200.0,10.35,B
2021-07-21T13:16:16,300.0,10.35,B
2021-07-21T13:16:10,1000.0,10.3,S
2021-07-21T13:16:07,200.0,10.35,B
2021-07-21T13:15:59,200.0,10.35,B
2021-07-21T13:15:50,200.0,10.35,B
2021-07-21T13:15:46,100.0,10.35,B
2021-07-21T13:15:41,200.0,10.35,B
2021-07-21T13:15:38,3000.0,10.35,B
2021-07-21T13:15:36,200.0,10.3,S
2021-07-21T13:15:36,200.0,10.3,S
2021-07-21T13:15:36,2600.0,10.3,S
2021-07-21T13:15:17,200.0,10.3,S
2021-07-21T13:15:10,200.0,10.3,S
2021-07-21T13:15:10,1300.0,10.3,S
2021-07-21T13:15:08,100.0,10.3,S
2021-07-21T13:14:39,1000.0,10.3,S
2021-07-21T13:14:37,200.0,10.35,B
2021-07-21T13:14:31,100.0,10.35,B
2021-07-21T13:14:22,200.0,10.35,B
2021-07-21T13:14:14,200.0,10.35,B
2021-07-21T13:14:13,200.0,10.35,B
2021-07-21T13:14:11,300.0,10.35,B
2021-07-21T13:13:08,1000.0,10.3,S
2021-07-21T13:13:05,200.0,10.35,B
2021-07-21T13:12:54,200.0,10.35,B
2021-07-21T13:12:48,200.0,10.35,B
2021-07-21T13:12:39,200.0,10.35,B
2021-07-21T13:12:34,500.0,10.35,B
2021-07-21T13:12:32,100.0,10.35,B
2021-07-21T13:12:30,200.0,10.35,B
2021-07-21T13:12:22,200.0,10.35,B
2021-07-21T13:12:17,100.0,10.35,B
2021-07-21T13:12:13,200.0,10.35,B
2021-07-21T13:12:09,800.0,10.35,B
2021-07-21T13:11:36,1000.0,10.3,S
2021-07-21T13:11:29,200.0,10.35,B
2021-07-21T13:11:19,200.0,10.35,B
2021-07-21T13:11:14,200.0,10.35,B
2021-07-21T13:11:10,2000.0,10.3,S
2021-07-21T13:11:10,1200.0,10.3,S
2021-07-21T13:11:03,200.0,10.35,B
2021-07-21T13:11:00,700.0,10.35,B
2021-07-21T13:10:55,200.0,10.35,B
2021-07-21T13:10:46,200.0,10.35,B
2021-07-21T13:10:37,200.0,10.35,B
2021-07-21T13:10:34,3000.0,10.35,B
2021-07-21T13:10:06,1000.0,10.3,S
2021-07-21T13:10:04,2500.0,10.3,S
2021-07-21T13:08:45,3200.0,10.3,S
2021-07-21T13:08:35,1000.0,10.3,S
2021-07-21T13:08:35,200.0,10.35,B
2021-07-21T13:08:35,1000.0,10.35,B
2021-07-21T13:08:27,200.0,10.35,B
2021-07-21T13:08:18,200.0,10.35,B
2021-07-21T13:08:09,200.0,10.35,B
2021-07-21T13:08:01,200.0,10.35,B
2021-07-21T13:07:51,200.0,10.35,B
2021-07-21T13:07:43,200.0,10.35,B
2021-07-21T13:07:39,500.0,10.35,B
2021-07-21T13:07:34,200.0,10.35,B
2021-07-21T13:07:27,200.0,10.35,B
2021-07-21T13:07:25,1000.0,10.35,B
2021-07-21T13:07:20,800.0,10.35,B
2021-07-21T13:07:17,200.0,10.35,B
2021-07-21T13:07:15,1000.0,10.35,B
2021-07-21T13:07:04,1000.0,10.3,S
2021-07-21T13:07:03,1000.0,10.35,B
2021-07-21T13:06:59,200.0,10.35,B
2021-07-21T13:06:51,200.0,10.35,B
2021-07-21T13:06:45,5000.0,10.35,B
2021-07-21T13:06:39,100.0,10.3,S
2021-07-21T13:06:34,200.0,10.35,B
2021-07-21T13:06:32,1000.0,10.35,B
2021-07-21T13:05:55,200.0,10.3,S
2021-07-21T13:05:34,1000.0,10.3,S
2021-07-21T13:05:33,200.0,10.35,B
2021-07-21T13:05:24,200.0,10.35,B
2021-07-21T13:05:19,100.0,10.35,B
2021-07-21T13:04:03,1000.0,10.3,S
2021-07-21T13:04:02,200.0,10.3,S
2021-07-21T13:04:02,100.0,10.3,S
2021-07-21T13:03:57,300.0,10.35,B
2021-07-21T13:03:55,500.0,10.35,B
2021-07-21T13:03:48,300.0,10.35,B
2021-07-21T13:03:43,1000.0,10.35,B
2021-07-21T13:03:40,300.0,10.35,B
2021-07-21T13:03:39,3000.0,10.35,B
2021-07-21T13:03:30,300.0,10.35,B
2021-07-21T13:03:27,2000.0,10.35,B
2021-07-21T13:03:21,300.0,10.35,B
2021-07-21T13:03:13,300.0,10.35,B
2021-07-21T13:03:11,10000.0,10.35,B
2021-07-21T13:03:09,38300.0,10.3,S
2021-07-21T13:03:09,200.0,10.3,S
2021-07-21T13:03:09,1100.0,10.3,S
2021-07-21T13:03:09,2600.0,10.3,S
2021-07-21T13:03:09,1300.0,10.3,S
2021-07-21T13:03:09,200.0,10.3,S
2021-07-21T13:03:09,200.0,10.3,S
2021-07-21T13:03:09,2900.0,10.3,S
2021-07-21T13:03:09,800.0,10.3,S
2021-07-21T13:03:09,5100.0,10.3,S
2021-07-21T13:03:09,400.0,10.3,S
2021-07-21T13:03:09,2100.0,10.3,S
2021-07-21T13:03:09,100.0,10.3,S
2021-07-21T13:03:09,3400.0,10.3,S
2021-07-21T13:03:09,500.0,10.3,S
2021-07-21T13:03:09,100.0,10.3,S
2021-07-21T13:03:09,1100.0,10.3,S
2021-07-21T13:03:09,27700.0,10.3,S
2021-07-21T13:03:09,1700.0,10.3,S
2021-07-21T13:03:09,5400.0,10.3,S
2021-07-21T13:03:09,200.0,10.3,S
2021-07-21T13:03:09,4600.0,10.3,S
2021-07-21T13:03:05,300.0,10.35,B
2021-07-21T13:02:55,300.0,10.35,B
2021-07-21T13:02:49,7000.0,10.35,B
2021-07-21T13:02:49,200.0,10.35,B
2021-07-21T13:02:33,1000.0,10.3,S
2021-07-21T13:02:30,300.0,10.35,B
2021-07-21T13:02:24,8000.0,10.35,B
2021-07-21T13:02:22,300.0,10.35,B
2021-07-21T13:02:13,300.0,10.35,B
2021-07-21T13:02:03,300.0,10.35,B
2021-07-21T13:02:01,100.0,10.35,B
2021-07-21T13:01:54,300.0,10.35,B
2021-07-21T13:01:44,300.0,10.35,B
2021-07-21T13:01:38,300.0,10.35,B
2021-07-21T13:01:37,3800.0,10.35,B
2021-07-21T13:01:29,300.0,10.35,B
2021-07-21T13:01:19,300.0,10.35,B
2021-07-21T13:01:09,300.0,10.35,B
2021-07-21T13:01:03,100.0,10.35,B
2021-07-21T13:01:02,800.0,10.3,S
2021-07-21T13:01:02,200.0,10.3,S
2021-07-21T13:00:56,500.0,10.35,B
2021-07-21T13:00:53,100.0,10.35,B
2021-07-21T13:00:53,200.0,10.35,B
2021-07-21T13:00:44,300.0,10.35,B
2021-07-21T13:00:36,300.0,10.35,B
2021-07-21T13:00:28,3000.0,10.35,B
2021-07-21T13:00:28,300.0,10.35,B
2021-07-21T13:00:19,200.0,10.35,B
2021-07-21T13:00:19,4800.0,10.35,B
2021-07-21T13:00:19,300.0,10.35,B
2021-07-21T13:00:14,300.0,10.35,B
2021-07-21T13:00:14,500.0,10.35,B
2021-07-21T13:00:12,100.0,10.35,B
2021-07-21T13:00:12,200.0,10.35,B
2021-07-21T13:00:12,300.0,10.35,B
2021-07-21T13:00:09,2000.0,10.35,B
2021-07-21T13:00:07,100.0,10.35,B
2021-07-21T13:00:07,500.0,10.35,B
2021-07-21T13:00:07,300.0,10.35,B
2021-07-21T13:00:07,400.0,10.35,B
2021-07-21T13:00:07,100.0,10.35,B
2021-07-21T13:00:07,2000.0,10.35,B
2021-07-21T13:00:07,100.0,10.35,B
2021-07-21T13:00:07,12000.0,10.35,B
2021-07-21T13:00:07,700.0,10.35,B
2021-07-21T13:00:05,400.0,10.35,B
2021-07-21T13:00:05,500.0,10.35,B
2021-07-21T13:00:05,1200.0,10.35,B
2021-07-21T13:00:05,200.0,10.35,B
2021-07-21T13:00:05,100.0,10.35,B
2021-07-21T13:00:02,5100.0,10.35,B
2021-07-21T11:29:55,2000.0,10.35,B
2021-07-21T11:29:07,200.0,10.3,S
2021-07-21T11:28:53,10000.0,10.3,S
2021-07-21T11:28:53,300.0,10.35,B
2021-07-21T11:28:44,300.0,10.35,B
2021-07-21T11:28:39,400.0,10.35,B
2021-07-21T11:28:36,300.0,10.35,B
2021-07-21T11:28:26,300.0,10.35,B
2021-07-21T11:28:22,5000.0,10.35,B
2021-07-21T11:28:19,100.0,10.35,B
2021-07-21T11:28:19,300.0,10.35,B
2021-07-21T11:28:09,300.0,10.35,B
2021-07-21T11:28:00,300.0,10.35,B
2021-07-21T11:27:53,300.0,10.35,B
2021-07-21T11:27:44,300.0,10.35,B
2021-07-21T11:27:34,300.0,10.35,B
2021-07-21T11:27:25,300.0,10.35,B
2021-07-21T11:27:18,300.0,10.35,B
2021-07-21T11:27:09,300.0,10.35,B
2021-07-21T11:27:00,300.0,10.35,B
2021-07-21T11:26:51,300.0,10.35,B
2021-07-21T11:26:43,300.0,10.35,B
2021-07-21T11:26:33,1000.0,10.35,B
2021-07-21T11:26:33,300.0,10.35,B
2021-07-21T11:26:25,300.0,10.35,B
2021-07-21T11:26:19,200.0,10.35,B
2021-07-21T11:26:17,300.0,10.35,B
2021-07-21T11:26:06,300.0,10.35,B
2021-07-21T11:26:03,1000.0,10.35,B
2021-07-21T11:25:59,300.0,10.35,B
2021-07-21T11:25:57,100.0,10.35,B
2021-07-21T11:25:50,300.0,10.35,B
2021-07-21T11:25:42,300.0,10.35,B
2021-07-21T11:25:33,300.0,10.35,B
2021-07-21T11:25:24,300.0,10.35,B
2021-07-21T11:25:23,3800.0,10.35,B
2021-07-21T11:25:14,300.0,10.35,B
2021-07-21T11:25:14,100.0,10.35,B
2021-07-21T11:25:13,100.0,10.3,S
2021-07-21T11:25:02,1100.0,10.3,S
2021-07-21T11:24:53,1400.0,10.3,S
2021-07-21T11:24:27,100.0,10.3,S
2021-07-21T11:24:27,2000.0,10.35,B
2021-07-21T11:24:24,300.0,10.35,B
2021-07-21T11:24:14,300.0,10.35,B
2021-07-21T11:24:06,300.0,10.35,B
2021-07-21T11:23:58,300.0,10.35,B
2021-07-21T11:23:51,1000.0,10.35,B
2021-07-21T11:22:50,800.0,10.3,S
2021-07-21T11:22:50,300.0,10.3,S
2021-07-21T11:22:48,300.0,10.35,B
2021-07-21T11:22:38,300.0,10.35,B
2021-07-21T11:22:38,1000.0,10.35,B
2021-07-21T11:22:31,300.0,10.35,B
2021-07-21T11:22:22,300.0,10.35,B
2021-07-21T11:22:13,300.0,10.35,B
2021-07-21T11:22:03,300.0,10.35,B
2021-07-21T11:22:02,1000.0,10.35,B
2021-07-21T11:21:55,1000.0,10.3,S
2021-07-21T11:21:47,300.0,10.35,B
2021-07-21T11:21:46,300.0,10.35,B
2021-07-21T11:21:30,300.0,10.35,B
2021-07-21T11:21:22,100.0,10.35,B
2021-07-21T11:21:20,300.0,10.35,B
2021-07-21T11:21:12,300.0,10.35,B
2021-07-21T11:21:03,300.0,10.35,B
2021-07-21T11:20:54,300.0,10.35,B
2021-07-21T11:20:50,3000.0,10.35,B
2021-07-21T11:20:40,1000.0,10.3,S
2021-07-21T11:20:40,100.0,10.3,S
2021-07-21T11:20:37,300.0,10.35,B
2021-07-21T11:20:29,300.0,10.35,B
2021-07-21T11:20:20,300.0,10.35,B
2021-07-21T11:20:14,3000.0,10.35,B
2021-07-21T11:18:39,100.0,10.3,S
2021-07-21T11:18:36,300.0,10.35,B
2021-07-21T11:18:29,100.0,10.35,B
2021-07-21T11:18:29,1000.0,10.3,S
2021-07-21T11:18:28,100.0,10.3,S
2021-07-21T11:18:27,300.0,10.35,B
2021-07-21T11:18:17,300.0,10.35,B
2021-07-21T11:18:10,300.0,10.35,B
2021-07-21T11:18:10,400.0,10.35,B
2021-07-21T11:18:01,300.0,10.35,B
2021-07-21T11:17:53,200.0,10.35,B
2021-07-21T11:17:50,300.0,10.35,B
2021-07-21T11:17:44,300.0,10.35,B
2021-07-21T11:17:33,300.0,10.35,B
2021-07-21T11:17:25,300.0,10.35,B
2021-07-21T11:17:18,300.0,10.35,B
2021-07-21T11:17:08,300.0,10.35,B
2021-07-21T11:16:59,300.0,10.35,B
2021-07-21T11:16:50,300.0,10.35,B
2021-07-21T11:16:41,300.0,10.35,B
2021-07-21T11:16:36,400.0,10.35,B
2021-07-21T11:16:25,100.0,10.3,S
2021-07-21T11:16:23,500.0,10.3,S
2021-07-21T11:16:23,100.0,10.3,S
2021-07-21T11:16:19,100.0,10.35,B
2021-07-21T11:16:18,500.0,10.3,S
2021-07-21T11:16:18,600.0,10.3,S
2021-07-21T11:16:05,1200.0,10.3,S
2021-07-21T11:15:59,300.0,10.35,B
2021-07-21T11:15:53,3000.0,10.35,B
2021-07-21T11:15:50,300.0,10.35,B
2021-07-21T11:15:42,300.0,10.35,B
2021-07-21T11:15:31,300.0,10.35,B
2021-07-21T11:15:28,600.0,10.35,B
2021-07-21T11:15:26,500.0,10.3,S
2021-07-21T11:14:50,4000.0,10.3,S
2021-07-21T11:14:41,2000.0,10.3,S
2021-07-21T11:14:06,1100.0,10.3,S
2021-07-21T11:14:05,300.0,10.35,B
2021-07-21T11:14:05,100.0,10.35,B
2021-07-21T11:13:57,300.0,10.35,B
2021-07-21T11:13:48,300.0,10.35,B
2021-07-21T11:13:40,300.0,10.35,B
2021-07-21T11:13:39,100.0,10.3,S
2021-07-21T11:13:33,100.0,10.35,B
2021-07-21T11:13:16,2000.0,10.3,S
2021-07-21T11:12:51,500.0,10.3,S
2021-07-21T11:12:18,100.0,10.3,S
2021-07-21T11:12:11,100.0,10.3,S
2021-07-21T11:11:54,1100.0,10.3,S
2021-07-21T11:11:47,300.0,10.35,B
2021-07-21T11:11:37,300.0,10.35,B
2021-07-21T11:11:35,200.0,10.35,B
2021-07-21T11:11:18,300.0,10.3,S
2021-07-21T11:11:13,1000.0,10.3,S
2021-07-21T11:11:11,300.0,10.35,B
2021-07-21T11:11:11,3000.0,10.3,S
2021-07-21T11:11:08,2000.0,10.35,B
2021-07-21T11:10:15,200.0,10.3,S
2021-07-21T11:09:53,200.0,10.3,S
2021-07-21T11:09:43,1100.0,10.3,S
2021-07-21T11:09:35,200.0,10.3,S
2021-07-21T11:09:28,300.0,10.35,B
2021-07-21T11:09:20,500.0,10.35,B
2021-07-21T11:09:16,2400.0,10.3,S
2021-07-21T11:09:16,5600.0,10.3,S
2021-07-21T11:09:01,3000.0,10.3,S
2021-07-21T11:08:38,1000.0,10.3,S
2021-07-21T11:08:28,100.0,10.3,S
2021-07-21T11:08:05,2000.0,10.3,S
2021-07-21T11:07:36,29100.0,10.3,S
2021-07-21T11:07:36,2400.0,10.3,S
2021-07-21T11:07:36,500.0,10.3,S
2021-07-21T11:07:36,8000.0,10.3,S
2021-07-21T11:07:33,1100.0,10.3,S
2021-07-21T11:07:19,1000.0,10.3,S
2021-07-21T11:06:44,2000.0,10.3,S
2021-07-21T11:06:42,1000.0,10.3,S
2021-07-21T11:06:20,100.0,10.3,S
2021-07-21T11:06:18,6700.0,10.3,S
2021-07-21T11:06:18,1300.0,10.3,S
2021-07-21T11:06:18,700.0,10.3,S
2021-07-21T11:06:18,300.0,10.3,S
2021-07-21T11:06:18,1200.0,10.3,S
2021-07-21T11:06:18,5500.0,10.3,S
2021-07-21T11:06:18,100.0,10.3,S
2021-07-21T11:06:18,600.0,10.3,S
2021-07-21T11:06:18,2700.0,10.3,S
2021-07-21T11:06:18,2500.0,10.3,S
2021-07-21T11:06:18,20300.0,10.3,S
2021-07-21T11:06:18,4800.0,10.3,S
2021-07-21T11:06:14,100.0,10.3,S
2021-07-21T11:06:05,500.0,10.3,S
2021-07-21T11:05:59,12600.0,10.3,S
2021-07-21T11:05:58,2100.0,10.35,B
2021-07-21T11:05:58,7900.0,10.35,B
2021-07-21T11:05:22,1100.0,10.3,S
2021-07-21T11:04:44,30000.0,10.3,S
2021-07-21T11:04:33,700.0,10.3,S
2021-07-21T11:04:33,200.0,10.35,B
2021-07-21T11:04:30,300.0,10.35,B
2021-07-21T11:04:23,300.0,10.35,B
2021-07-21T11:04:18,100.0,10.35,B
2021-07-21T11:04:18,1300.0,10.35,B
2021-07-21T11:04:14,300.0,10.35,B
2021-07-21T11:04:06,300.0,10.35,B
2021-07-21T11:03:57,300.0,10.35,B
2021-07-21T11:03:46,300.0,10.35,B
2021-07-21T11:03:39,300.0,10.35,B
2021-07-21T11:03:30,300.0,10.35,B
2021-07-21T11:03:28,100.0,10.35,B
2021-07-21T11:03:10,1100.0,10.3,S
2021-07-21T11:03:03,1000.0,10.3,S
2021-07-21T11:02:55,300.0,10.35,B
2021-07-21T11:02:48,300.0,10.35,B
2021-07-21T11:02:38,300.0,10.35,B
2021-07-21T11:02:30,300.0,10.35,B
2021-07-21T11:02:21,300.0,10.35,B
2021-07-21T11:02:18,300.0,10.35,S
2021-07-21T11:02:18,700.0,10.35,S
2021-07-21T11:02:18,1300.0,10.35,S
2021-07-21T11:02:18,300.0,10.35,S
2021-07-21T11:02:18,700.0,10.35,S
2021-07-21T11:02:18,400.0,10.35,S
2021-07-21T11:02:18,900.0,10.35,S
2021-07-21T11:02:08,300.0,10.35,S
2021-07-21T11:02:08,1000.0,10.35,S
2021-07-21T11:02:08,200.0,10.35,S
2021-07-21T11:02:03,1000.0,10.35,S
2021-07-21T11:01:56,200.0,10.35,S
2021-07-21T11:01:56,700.0,10.35,S
2021-07-21T11:01:56,600.0,10.35,S
2021-07-21T11:01:56,1300.0,10.35,S
2021-07-21T11:01:56,47200.0,10.35,S
2021-07-21T11:01:55,5000.0,10.35,S
2021-07-21T11:00:59,1100.0,10.35,S
2021-07-21T11:00:49,2000.0,10.35,S
2021-07-21T11:00:44,100.0,10.35,S
2021-07-21T10:59:48,1000.0,10.35,S
2021-07-21T10:59:25,2000.0,10.35,S
2021-07-21T10:59:01,4700.0,10.35,S
2021-07-21T10:59:01,400.0,10.35,S
2021-07-21T10:59:01,300.0,10.35,S
2021-07-21T10:59:01,1800.0,10.35,S
2021-07-21T10:59:01,600.0,10.35,S
2021-07-21T10:59:01,300.0,10.35,S
2021-07-21T10:59:01,600.0,10.35,S
2021-07-21T10:59:01,600.0,10.35,S
2021-07-21T10:59:01,300.0,10.35,S
2021-07-21T10:59:01,400.0,10.35,S
2021-07-21T10:58:54,100.0,10.35,S
2021-07-21T10:58:49,100.0,10.35,S
2021-07-21T10:58:49,200.0,10.35,S
2021-07-21T10:58:49,800.0,10.35,S
2021-07-21T10:57:59,1000.0,10.35,S
2021-07-21T10:57:42,100.0,10.35,S
2021-07-21T10:57:20,600.0,10.35,S
2021-07-21T10:57:20,900.0,10.35,S
2021-07-21T10:57:20,900.0,10.35,S
2021-07-21T10:57:20,300.0,10.35,S
2021-07-21T10:57:20,2100.0,10.35,S
2021-07-21T10:57:20,300.0,10.35,S
2021-07-21T10:57:20,300.0,10.35,S
2021-07-21T10:57:20,2800.0,10.35,S
2021-07-21T10:57:20,300.0,10.35,S
2021-07-21T10:57:20,1500.0,10.35,S
2021-07-21T10:57:16,1000.0,10.35,S
2021-07-21T10:57:03,400.0,10.35,S
2021-07-21T10:56:37,1100.0,10.35,S
2021-07-21T10:55:53,1000.0,10.35,S
2021-07-21T10:55:38,5600.0,10.35,S
2021-07-21T10:55:38,3400.0,10.35,S
2021-07-21T10:55:28,100.0,10.35,S
2021-07-21T10:55:23,100.0,10.35,S
2021-07-21T10:55:17,500.0,10.35,S
2021-07-21T10:55:11,1000.0,10.35,S
2021-07-21T10:55:07,2000.0,10.35,S
2021-07-21T10:54:24,1100.0,10.35,S
2021-07-21T10:54:09,2000.0,10.35,S
2021-07-21T10:53:57,1000.0,10.35,S
2021-07-21T10:53:40,200.0,10.35,S
2021-07-21T10:53:21,500.0,10.35,S
2021-07-21T10:53:15,100.0,10.35,S
2021-07-21T10:53:12,200.0,10.35,S
2021-07-21T10:53:03,100.0,10.35,S
2021-07-21T10:52:12,1100.0,10.35,S
2021-07-21T10:52:06,2000.0,10.35,S
2021-07-21T10:52:02,700.0,10.35,S
2021-07-21T10:51:57,2000.0,10.35,S
2021-07-21T10:51:56,400.0,10.35,S
2021-07-21T10:51:41,500.0,10.35,S
2021-07-21T10:51:23,700.0,10.35,S
2021-07-21T10:50:50,2900.0,10.35,B
2021-07-21T10:50:48,1300.0,10.35,B
2021-07-21T10:50:43,300.0,10.35,B
2021-07-21T10:50:36,300.0,10.35,B
2021-07-21T10:50:31,10000.0,10.35,B
2021-07-21T10:50:28,300.0,10.35,B
2021-07-21T10:50:18,300.0,10.35,B
2021-07-21T10:50:15,100.0,10.35,B
2021-07-21T10:50:11,10000.0,10.35,B
2021-07-21T10:50:02,1100.0,10.3,S
2021-07-21T10:50:01,300.0,10.35,B
2021-07-21T10:49:52,300.0,10.35,B
2021-07-21T10:49:49,500.0,10.35,B
2021-07-21T10:49:45,300.0,10.35,B
2021-07-21T10:49:40,1200.0,10.35,B
2021-07-21T10:49:32,5000.0,10.3,S
2021-07-21T10:49:26,300.0,10.35,B
2021-07-21T10:49:17,300.0,10.35,B
2021-07-21T10:49:12,100.0,10.35,B
2021-07-21T10:49:09,300.0,10.35,B
2021-07-21T10:49:02,100.0,10.35,B
2021-07-21T10:49:01,300.0,10.35,B
2021-07-21T10:48:53,100.0,10.35,B
2021-07-21T10:48:51,300.0,10.35,B
2021-07-21T10:48:42,300.0,10.35,B
2021-07-21T10:48:37,600.0,10.35,S
2021-07-21T10:48:37,1100.0,10.35,S
2021-07-21T10:48:37,600.0,10.35,S
2021-07-21T10:48:37,100.0,10.35,S
2021-07-21T10:48:37,300.0,10.35,S
2021-07-21T10:48:37,800.0,10.35,S
2021-07-21T10:48:37,3300.0,10.35,S
2021-07-21T10:48:37,100.0,10.35,S
2021-07-21T10:48:37,300.0,10.35,S
2021-07-21T10:48:37,1000.0,10.35,S
2021-07-21T10:48:37,100.0,10.35,S
2021-07-21T10:48:37,11500.0,10.35,S
2021-07-21T10:48:37,100.0,10.35,S
2021-07-21T10:48:37,500.0,10.35,S
2021-07-21T10:48:35,1000.0,10.35,S
2021-07-21T10:48:27,600.0,10.35,S
2021-07-21T10:48:27,800.0,10.35,S
2021-07-21T10:48:27,300.0,10.35,S
2021-07-21T10:48:27,3300.0,10.35,S
2021-07-21T10:48:26,1500.0,10.35,S
2021-07-21T10:48:16,300.0,10.35,S
2021-07-21T10:48:06,100.0,10.35,S
2021-07-21T10:48:04,1000.0,10.35,S
2021-07-21T10:47:57,3000.0,10.35,S
2021-07-21T10:47:52,800.0,10.35,S
2021-07-21T10:47:52,300.0,10.35,S
2021-07-21T10:47:49,1000.0,10.35,S
2021-07-21T10:47:45,200.0,10.35,S
2021-07-21T10:47:31,1000.0,10.35,S
2021-07-21T10:47:29,5000.0,10.35,S
2021-07-21T10:46:01,2800.0,10.35,S
2021-07-21T10:46:01,5300.0,10.35,S
2021-07-21T10:46:01,300.0,10.35,S
2021-07-21T10:46:01,1200.0,10.35,S
2021-07-21T10:46:01,400.0,10.35,S
2021-07-21T10:45:41,1100.0,10.35,S
2021-07-21T10:45:41,300.0,10.4,B
2021-07-21T10:45:30,300.0,10.4,B
2021-07-21T10:45:23,300.0,10.4,B
2021-07-21T10:45:23,200.0,10.4,B
2021-07-21T10:45:14,200.0,10.4,B
2021-07-21T10:45:14,100.0,10.4,B
2021-07-21T10:45:06,300.0,10.4,B
2021-07-21T10:45:00,1000.0,10.4,B
2021-07-21T10:44:51,400.0,10.35,S
2021-07-21T10:44:51,1100.0,10.35,S
2021-07-21T10:44:51,300.0,10.35,S
2021-07-21T10:44:51,800.0,10.35,S
2021-07-21T10:44:51,1000.0,10.35,S
2021-07-21T10:44:51,400.0,10.35,S
2021-07-21T10:44:45,100.0,10.35,S
2021-07-21T10:44:41,100.0,10.35,S
2021-07-21T10:44:41,1200.0,10.35,S
2021-07-21T10:44:41,2000.0,10.35,S
2021-07-21T10:44:41,1100.0,10.35,S
2021-07-21T10:44:41,500.0,10.35,S
2021-07-21T10:44:40,1000.0,10.35,S
2021-07-21T10:44:35,600.0,10.35,S
2021-07-21T10:44:35,600.0,10.35,S
2021-07-21T10:44:35,2500.0,10.35,S
2021-07-21T10:44:35,300.0,10.35,S
2021-07-21T10:44:35,2000.0,10.35,S
2021-07-21T10:44:35,3800.0,10.35,S
2021-07-21T10:44:35,600.0,10.35,S
2021-07-21T10:44:35,500.0,10.35,S
2021-07-21T10:44:35,400.0,10.35,S
2021-07-21T10:44:35,2700.0,10.35,S
2021-07-21T10:44:35,800.0,10.35,S
2021-07-21T10:44:35,300.0,10.35,S
2021-07-21T10:44:35,2900.0,10.35,S
2021-07-21T10:44:31,100.0,10.35,S
2021-07-21T10:44:21,300.0,10.35,S
2021-07-21T10:44:11,200.0,10.35,S
2021-07-21T10:44:07,2000.0,10.35,S
2021-07-21T10:44:04,400.0,10.35,S
2021-07-21T10:43:51,2000.0,10.35,S
2021-07-21T10:43:49,100.0,10.35,S
2021-07-21T10:43:44,3200.0,10.35,S
2021-07-21T10:43:44,300.0,10.35,S
2021-07-21T10:43:44,500.0,10.35,S
2021-07-21T10:43:29,100.0,10.35,S
2021-07-21T10:43:29,600.0,10.35,S
2021-07-21T10:43:29,400.0,10.35,S
2021-07-21T10:43:21,500.0,10.35,S
2021-07-21T10:43:00,4000.0,10.35,S
2021-07-21T10:42:34,5000.0,10.35,S
2021-07-21T10:42:33,2000.0,10.4,B
2021-07-21T10:42:28,1200.0,10.35,S
2021-07-21T10:42:28,300.0,10.35,S
2021-07-21T10:42:28,600.0,10.35,S
2021-07-21T10:42:28,3900.0,10.35,S
2021-07-21T10:42:19,2300.0,10.35,S
2021-07-21T10:42:19,1600.0,10.35,S
2021-07-21T10:42:19,100.0,10.35,S
2021-07-21T10:41:55,4000.0,10.35,S
2021-07-21T10:41:51,100.0,10.35,S
2021-07-21T10:41:34,4000.0,10.35,S
2021-07-21T10:41:29,300.0,10.4,B
2021-07-21T10:41:19,1000.0,10.4,B
2021-07-21T10:41:18,1100.0,10.35,S
2021-07-21T10:41:10,300.0,10.35,S
2021-07-21T10:41:10,300.0,10.35,S
2021-07-21T10:41:03,100.0,10.4,B
2021-07-21T10:40:33,200.0,10.35,S
2021-07-21T10:40:33,100.0,10.35,S
2021-07-21T10:40:29,2000.0,10.4,B
2021-07-21T10:40:21,1500.0,10.35,S
2021-07-21T10:40:03,8000.0,10.35,S
2021-07-21T10:40:03,300.0,10.4,B
2021-07-21T10:39:53,800.0,10.4,B
2021-07-21T10:39:52,500.0,10.4,B
2021-07-21T10:39:48,4000.0,10.4,B
2021-07-21T10:39:38,1000.0,10.35,S
2021-07-21T10:39:35,300.0,10.4,B
2021-07-21T10:39:26,300.0,10.4,B
2021-07-21T10:39:17,300.0,10.4,B
2021-07-21T10:39:08,300.0,10.4,B
2021-07-21T10:39:08,1400.0,10.4,B
2021-07-21T10:39:06,4000.0,10.35,S
2021-07-21T10:38:23,100.0,10.35,S
2021-07-21T10:38:10,100.0,10.35,S
2021-07-21T10:37:40,9000.0,10.35,S
2021-07-21T10:37:38,500.0,10.35,S
2021-07-21T10:37:11,100.0,10.35,S
2021-07-21T10:37:09,300.0,10.35,S
2021-07-21T10:37:04,10000.0,10.35,S
2021-07-21T10:36:56,1100.0,10.35,S
2021-07-21T10:36:23,300.0,10.35,S
2021-07-21T10:35:35,2500.0,10.35,B
2021-07-21T10:35:35,200.0,10.35,B
2021-07-21T10:35:33,700.0,10.35,B
2021-07-21T10:35:32,1000.0,10.3,S
2021-07-21T10:35:31,300.0,10.35,B
2021-07-21T10:35:29,2000.0,10.35,B
2021-07-21T10:35:12,600.0,10.3,S
2021-07-21T10:35:05,300.0,10.35,B
2021-07-21T10:35:02,1000.0,10.35,B
2021-07-21T10:34:44,1100.0,10.3,S
2021-07-21T10:34:40,300.0,10.35,B
2021-07-21T10:34:34,5000.0,10.35,B
2021-07-21T10:34:34,1000.0,10.35,B
2021-07-21T10:34:30,300.0,10.35,B
2021-07-21T10:34:23,200.0,10.35,B
2021-07-21T10:34:23,2000.0,10.35,B
2021-07-21T10:34:21,300.0,10.35,B
2021-07-21T10:34:19,1000.0,10.35,B
2021-07-21T10:34:18,1300.0,10.35,B
2021-07-21T10:34:17,2000.0,10.35,B
2021-07-21T10:34:16,5000.0,10.35,B
2021-07-21T10:34:13,300.0,10.35,B
2021-07-21T10:34:11,400.0,10.35,B
2021-07-21T10:34:08,100.0,10.35,B
2021-07-21T10:34:05,3000.0,10.35,B
2021-07-21T10:34:05,300.0,10.35,B
2021-07-21T10:34:03,4800.0,10.35,B
2021-07-21T10:33:55,300.0,10.35,B
2021-07-21T10:33:47,300.0,10.35,B
2021-07-21T10:33:38,100.0,10.35,B
2021-07-21T10:33:38,300.0,10.35,B
2021-07-21T10:33:29,300.0,10.35,B
2021-07-21T10:33:23,400.0,10.35,B
2021-07-21T10:33:21,300.0,10.35,B
2021-07-21T10:33:13,300.0,10.35,B
2021-07-21T10:33:03,300.0,10.35,B
2021-07-21T10:33:03,100.0,10.35,B
2021-07-21T10:32:59,500.0,10.35,B
2021-07-21T10:32:54,300.0,10.35,B
2021-07-21T10:32:54,1000.0,10.35,B
2021-07-21T10:32:46,300.0,10.35,B
2021-07-21T10:32:41,2500.0,10.35,B
2021-07-21T10:32:34,1100.0,10.3,S
2021-07-21T10:32:31,1000.0,10.35,B
2021-07-21T10:32:28,300.0,10.35,B
2021-07-21T10:32:26,2000.0,10.35,B
2021-07-21T10:32:19,300.0,10.35,B
2021-07-21T10:32:19,1000.0,10.35,B
2021-07-21T10:32:15,1000.0,10.3,S
2021-07-21T10:32:11,300.0,10.35,B
2021-07-21T10:32:02,300.0,10.35,B
2021-07-21T10:31:53,300.0,10.35,B
2021-07-21T10:31:43,300.0,10.35,B
2021-07-21T10:31:36,300.0,10.35,B
2021-07-21T10:31:34,1000.0,10.35,B
2021-07-21T10:31:30,4000.0,10.35,B
2021-07-21T10:31:27,300.0,10.35,B
2021-07-21T10:31:27,10000.0,10.35,B
2021-07-21T10:31:24,2000.0,10.35,B
2021-07-21T10:31:18,300.0,10.35,B
2021-07-21T10:31:11,300.0,10.35,B
2021-07-21T10:30:41,500.0,10.35,B
2021-07-21T10:30:22,1100.0,10.3,S
2021-07-21T10:30:09,2500.0,10.35,B
2021-07-21T10:30:09,7500.0,10.35,B
2021-07-21T10:29:48,1000.0,10.3,S
2021-07-21T10:29:45,1000.0,10.35,B
2021-07-21T10:29:18,1000.0,10.35,B
2021-07-21T10:28:51,5000.0,10.35,B
2021-07-21T10:28:50,8600.0,10.35,B
2021-07-21T10:28:10,1100.0,10.3,S
2021-07-21T10:27:58,100.0,10.35,B
2021-07-21T10:27:50,400.0,10.35,B
2021-07-21T10:27:33,500.0,10.35,B
2021-07-21T10:27:25,1000.0,10.35,B
2021-07-21T10:27:18,2200.0,10.35,B
2021-07-21T10:27:15,200.0,10.35,B
2021-07-21T10:26:44,100.0,10.35,B
2021-07-21T10:26:36,100.0,10.35,B
2021-07-21T10:26:32,200.0,10.35,B
2021-07-21T10:26:04,1200.0,10.35,B
2021-07-21T10:25:58,1100.0,10.3,S
2021-07-21T10:25:55,5000.0,10.35,B
2021-07-21T10:25:33,300.0,10.35,B
2021-07-21T10:25:15,300.0,10.35,B
2021-07-21T10:25:09,100.0,10.35,B
2021-07-21T10:24:51,2000.0,10.35,S
2021-07-21T10:24:51,4200.0,10.35,S
2021-07-21T10:24:39,100.0,10.35,S
2021-07-21T10:24:34,1000.0,10.35,S
2021-07-21T10:24:29,100.0,10.35,S
2021-07-21T10:23:54,3000.0,10.35,S
2021-07-21T10:23:49,1100.0,10.35,S
2021-07-21T10:23:39,2000.0,10.35,S
2021-07-21T10:23:17,100.0,10.35,S
2021-07-21T10:23:15,100.0,10.4,B
2021-07-21T10:23:08,100.0,10.35,S
2021-07-21T10:22:56,800.0,10.35,S
2021-07-21T10:22:56,200.0,10.35,S
2021-07-21T10:22:56,4000.0,10.35,S
2021-07-21T10:22:12,100.0,10.35,S
2021-07-21T10:22:06,5000.0,10.35,S
2021-07-21T10:21:54,1000.0,10.35,S
2021-07-21T10:21:37,1100.0,10.35,S
2021-07-21T10:21:24,10000.0,10.35,S
2021-07-21T10:21:14,100.0,10.35,S
2021-07-21T10:21:07,100.0,10.35,S
2021-07-21T10:21:00,400.0,10.35,S
2021-07-21T10:20:56,3500.0,10.35,S
2021-07-21T10:20:40,900.0,10.35,S
2021-07-21T10:20:11,100.0,10.35,S
2021-07-21T10:19:53,100.0,10.35,S
2021-07-21T10:19:26,1100.0,10.35,S
2021-07-21T10:19:06,500.0,10.35,S
2021-07-21T10:19:01,500.0,10.35,S
2021-07-21T10:18:55,100.0,10.4,B
2021-07-21T10:18:38,100.0,10.35,S
2021-07-21T10:18:20,100.0,10.35,S
2021-07-21T10:18:20,400.0,10.35,B
2021-07-21T10:18:14,12000.0,10.35,B
2021-07-21T10:18:03,5000.0,10.35,B
2021-07-21T10:17:45,2400.0,10.35,B
2021-07-21T10:17:41,200.0,10.35,B
2021-07-21T10:17:17,1000.0,10.35,B
2021-07-21T10:17:15,1100.0,10.3,S
2021-07-21T10:17:13,100.0,10.35,B
2021-07-21T10:16:59,4000.0,10.35,B
2021-07-21T10:16:45,5000.0,10.35,B
2021-07-21T10:16:40,1000.0,10.35,B
2021-07-21T10:16:37,300.0,10.35,B
2021-07-21T10:16:26,200.0,10.35,S
2021-07-21T10:16:26,500.0,10.35,S
2021-07-21T10:16:26,9700.0,10.35,S
2021-07-21T10:16:18,2100.0,10.35,S
2021-07-21T10:16:01,1000.0,10.35,S
2021-07-21T10:15:54,1000.0,10.35,S
2021-07-21T10:15:49,300.0,10.35,S
2021-07-21T10:15:49,2400.0,10.35,S
2021-07-21T10:15:36,200.0,10.35,S
2021-07-21T10:15:24,500.0,10.35,S
2021-07-21T10:15:21,200.0,10.35,S
2021-07-21T10:15:04,4000.0,10.35,S
2021-07-21T10:15:04,1100.0,10.35,S
2021-07-21T10:14:49,1700.0,10.35,B
2021-07-21T10:14:49,1000.0,10.35,B
2021-07-21T10:14:49,300.0,10.35,B
2021-07-21T10:14:49,200.0,10.35,B
2021-07-21T10:14:49,1200.0,10.35,B
2021-07-21T10:14:49,1300.0,10.35,B
2021-07-21T10:14:49,9800.0,10.35,B
2021-07-21T10:14:49,300.0,10.35,B
2021-07-21T10:14:49,12300.0,10.35,B
2021-07-21T10:14:12,100.0,10.35,B
2021-07-21T10:13:16,5500.0,10.3,S
2021-07-21T10:13:08,4000.0,10.3,S
2021-07-21T10:12:53,1100.0,10.3,S
2021-07-21T10:12:35,6000.0,10.35,B
2021-07-21T10:12:29,4000.0,10.3,S
2021-07-21T10:12:15,500.0,10.35,B
2021-07-21T10:12:11,6000.0,10.35,B
2021-07-21T10:12:03,1000.0,10.35,B
2021-07-21T10:11:51,100.0,10.35,B
2021-07-21T10:11:40,1000.0,10.35,B
2021-07-21T10:10:55,4000.0,10.3,S
2021-07-21T10:10:42,1100.0,10.3,S
2021-07-21T10:10:33,500.0,10.35,B
2021-07-21T10:10:23,4000.0,10.3,S
2021-07-21T10:09:39,500.0,10.35,B
2021-07-21T10:09:34,100.0,10.35,B
2021-07-21T10:09:28,1500.0,10.3,S
2021-07-21T10:09:19,200.0,10.35,B
2021-07-21T10:08:49,100.0,10.35,B
2021-07-21T10:08:29,1100.0,10.3,S
2021-07-21T10:08:18,200.0,10.35,B
2021-07-21T10:07:50,100.0,10.35,B
2021-07-21T10:07:39,5000.0,10.35,B
2021-07-21T10:07:21,2000.0,10.3,S
2021-07-21T10:07:15,100.0,10.35,B
2021-07-21T10:07:10,4000.0,10.3,S
2021-07-21T10:06:55,4300.0,10.35,B
2021-07-21T10:06:55,5700.0,10.35,B
2021-07-21T10:06:45,100.0,10.3,S
2021-07-21T10:06:33,400.0,10.3,S
2021-07-21T10:06:33,19600.0,10.3,S
2021-07-21T10:06:24,6000.0,10.35,B
2021-07-21T10:06:22,1000.0,10.35,B
2021-07-21T10:06:21,6000.0,10.35,S
2021-07-21T10:06:19,1100.0,10.35,S
2021-07-21T10:06:14,200.0,10.35,S
2021-07-21T10:05:53,200.0,10.35,S
2021-07-21T10:05:51,2800.0,10.35,B
2021-07-21T10:05:46,4000.0,10.3,S
2021-07-21T10:05:44,100.0,10.35,B
2021-07-21T10:05:39,17100.0,10.35,S
2021-07-21T10:05:34,100.0,10.4,B
2021-07-21T10:05:21,100.0,10.4,B
2021-07-21T10:05:17,1000.0,10.35,S
2021-07-21T10:05:11,100.0,10.35,S
2021-07-21T10:05:08,10000.0,10.35,S
2021-07-21T10:05:03,500.0,10.4,B
2021-07-21T10:04:58,10000.0,10.35,S
2021-07-21T10:04:57,1900.0,10.35,S
2021-07-21T10:04:57,100.0,10.35,S
2021-07-21T10:04:57,2000.0,10.35,S
2021-07-21T10:04:40,3000.0,10.35,S
2021-07-21T10:04:37,400.0,10.4,B
2021-07-21T10:04:31,100.0,10.35,S
2021-07-21T10:04:08,4000.0,10.35,S
2021-07-21T10:04:08,300.0,10.35,S
2021-07-21T10:04:05,1100.0,10.35,S
2021-07-21T10:04:05,100.0,10.35,S
2021-07-21T10:03:58,6000.0,10.35,S
2021-07-21T10:03:58,300.0,10.35,S
2021-07-21T10:03:46,5000.0,10.35,S
2021-07-21T10:03:30,500.0,10.35,S
2021-07-21T10:03:23,4500.0,10.4,B
2021-07-21T10:03:18,1000.0,10.35,S
2021-07-21T10:03:17,4100.0,10.35,S
2021-07-21T10:03:17,1100.0,10.35,S
2021-07-21T10:03:17,7800.0,10.35,S
2021-07-21T10:03:17,11200.0,10.35,S
2021-07-21T10:03:17,1600.0,10.35,S
2021-07-21T10:03:17,1600.0,10.35,S
2021-07-21T10:03:17,12600.0,10.35,S
2021-07-21T10:03:17,200.0,10.35,S
2021-07-21T10:03:17,6000.0,10.35,S
2021-07-21T10:03:17,3800.0,10.35,S
2021-07-21T10:03:05,100.0,10.35,S
2021-07-21T10:02:59,3000.0,10.35,S
2021-07-21T10:02:50,100.0,10.35,S
2021-07-21T10:02:40,500.0,10.35,S
2021-07-21T10:02:26,10000.0,10.35,S
2021-07-21T10:02:14,200.0,10.35,S
2021-07-21T10:02:07,4000.0,10.35,S
2021-07-21T10:02:07,900.0,10.4,B
2021-07-21T10:02:03,1500.0,10.35,S
2021-07-21T10:02:03,400.0,10.35,S
2021-07-21T10:02:03,100.0,10.35,S
2021-07-21T10:01:59,100.0,10.4,B
2021-07-21T10:01:57,1100.0,10.35,S
2021-07-21T10:01:53,400.0,10.35,S
2021-07-21T10:01:53,20500.0,10.35,S
2021-07-21T10:01:53,19100.0,10.35,S
2021-07-21T10:01:46,100.0,10.4,B
2021-07-21T10:01:40,900.0,10.35,S
2021-07-21T10:01:40,100.0,10.35,S
2021-07-21T10:01:29,200.0,10.4,B
2021-07-21T10:01:09,22000.0,10.4,B
2021-07-21T10:01:09,100.0,10.4,B
2021-07-21T10:01:08,2000.0,10.35,S
2021-07-21T10:00:58,100.0,10.4,B
2021-07-21T10:00:52,1000.0,10.35,S
2021-07-21T10:00:29,800.0,10.35,S
2021-07-21T10:00:21,1000.0,10.35,S
2021-07-21T10:00:06,600.0,10.35,S
2021-07-21T10:00:05,100.0,10.35,S
2021-07-21T09:59:52,500.0,10.35,S
2021-07-21T09:59:52,1000.0,10.35,S
2021-07-21T09:59:49,1200.0,10.35,S
2021-07-21T09:59:46,1100.0,10.35,S
2021-07-21T09:58:30,500.0,10.35,S
2021-07-21T09:58:15,900.0,10.4,B
2021-07-21T09:58:13,9000.0,10.4,B
2021-07-21T09:58:04,200.0,10.35,S
2021-07-21T09:57:58,100.0,10.35,S
2021-07-21T09:57:43,100.0,10.35,S
2021-07-21T09:57:35,1100.0,10.35,S
2021-07-21T09:57:33,10000.0,10.4,B
2021-07-21T09:57:13,22200.0,10.4,B
2021-07-21T09:57:13,1200.0,10.4,B
2021-07-21T09:57:13,300.0,10.4,B
2021-07-21T09:57:13,6500.0,10.4,B
2021-07-21T09:57:13,4800.0,10.4,B
2021-07-21T09:56:24,100.0,10.35,S
2021-07-21T09:55:47,100.0,10.35,S
2021-07-21T09:55:32,200.0,10.35,S
2021-07-21T09:55:23,200.0,10.4,B
2021-07-21T09:55:22,1100.0,10.35,S
2021-07-21T09:55:01,100.0,10.4,B
2021-07-21T09:54:47,100.0,10.35,S
2021-07-21T09:54:40,2500.0,10.4,B
2021-07-21T09:54:40,5200.0,10.4,B
2021-07-21T09:54:40,500.0,10.4,B
2021-07-21T09:54:40,1800.0,10.4,B
2021-07-21T09:54:38,200.0,10.4,B
2021-07-21T09:54:24,500.0,10.35,S
2021-07-21T09:53:50,300.0,10.4,B
2021-07-21T09:53:11,1000.0,10.35,S
2021-07-21T09:53:06,600.0,10.35,S
2021-07-21T09:52:03,1000.0,10.35,S
2021-07-21T09:51:44,2600.0,10.35,S
2021-07-21T09:51:01,1000.0,10.35,S
2021-07-21T09:50:36,100.0,10.35,S
2021-07-21T09:50:31,1200.0,10.35,S
2021-07-21T09:50:30,1500.0,10.35,S
2021-07-21T09:50:26,4900.0,10.35,B
2021-07-21T09:50:26,1600.0,10.35,B
2021-07-21T09:50:25,26200.0,10.35,B
2021-07-21T09:50:24,100.0,10.35,B
2021-07-21T09:50:19,100.0,10.35,B
2021-07-21T09:50:17,200.0,10.35,B
2021-07-21T09:50:10,100.0,10.3,S
2021-07-21T09:49:52,9800.0,10.35,B
2021-07-21T09:49:44,1000.0,10.3,S
2021-07-21T09:49:41,500.0,10.3,S
2021-07-21T09:48:50,1000.0,10.3,S
2021-07-21T09:48:18,100.0,10.35,B
2021-07-21T09:48:15,1000.0,10.35,B
2021-07-21T09:48:11,200.0,10.35,B
2021-07-21T09:48:09,2000.0,10.35,B
2021-07-21T09:48:06,1900.0,10.35,B
2021-07-21T09:48:00,200.0,10.35,B
2021-07-21T09:47:59,100.0,10.35,B
2021-07-21T09:47:47,100.0,10.35,B
2021-07-21T09:47:29,1000.0,10.35,B
2021-07-21T09:47:17,4000.0,10.3,S
2021-07-21T09:47:16,200.0,10.3,S
2021-07-21T09:47:16,1000.0,10.3,S
2021-07-21T09:47:15,500.0,10.35,S
2021-07-21T09:46:51,8300.0,10.3,S
2021-07-21T09:46:51,1700.0,10.3,S
2021-07-21T09:46:51,100.0,10.3,S
2021-07-21T09:46:51,1000.0,10.3,S
2021-07-21T09:46:51,100.0,10.3,S
2021-07-21T09:46:51,10700.0,10.3,S
2021-07-21T09:46:51,400.0,10.3,S
2021-07-21T09:46:51,6000.0,10.3,S
2021-07-21T09:46:51,4100.0,10.3,S
2021-07-21T09:46:51,5600.0,10.35,S
2021-07-21T09:46:51,91000.0,10.35,S
2021-07-21T09:46:51,4100.0,10.35,S
2021-07-21T09:46:51,3900.0,10.35,S
2021-07-21T09:46:51,8100.0,10.35,S
2021-07-21T09:46:38,1000.0,10.35,S
2021-07-21T09:46:31,100.0,10.4,B
2021-07-21T09:46:27,3600.0,10.35,S
2021-07-21T09:46:27,400.0,10.35,S
2021-07-21T09:46:24,2500.0,10.4,B
2021-07-21T09:45:38,2500.0,10.35,S
2021-07-21T09:45:28,500.0,10.35,S
2021-07-21T09:45:05,400.0,10.35,S
2021-07-21T09:44:58,2000.0,10.35,S
2021-07-21T09:44:52,200.0,10.4,B
2021-07-21T09:44:40,3000.0,10.35,S
2021-07-21T09:44:40,1000.0,10.35,S
2021-07-21T09:44:30,100.0,10.4,B
2021-07-21T09:44:30,200.0,10.35,S
2021-07-21T09:44:26,1000.0,10.35,S
2021-07-21T09:44:14,200.0,10.35,S
2021-07-21T09:44:10,1600.0,10.35,S
2021-07-21T09:44:05,200.0,10.35,S
2021-07-21T09:43:47,500.0,10.35,S
2021-07-21T09:43:39,4000.0,10.35,S
2021-07-21T09:43:16,100.0,10.35,S
2021-07-21T09:43:11,100.0,10.3,S
2021-07-21T09:43:11,900.0,10.35,S
2021-07-21T09:43:10,100.0,10.35,S
2021-07-21T09:43:02,8600.0,10.35,B
2021-07-21T09:43:02,7000.0,10.35,B
2021-07-21T09:43:02,13400.0,10.35,B
2021-07-21T09:42:44,100.0,10.3,S
2021-07-21T09:42:27,500.0,10.35,B
2021-07-21T09:42:16,1000.0,10.3,S
2021-07-21T09:42:05,6900.0,10.35,B
2021-07-21T09:42:05,1100.0,10.35,B
2021-07-21T09:42:05,1000.0,10.35,B
2021-07-21T09:42:05,3300.0,10.35,B
2021-07-21T09:42:05,2700.0,10.35,B
2021-07-21T09:41:54,200.0,10.35,B
2021-07-21T09:41:51,100.0,10.35,B
2021-07-21T09:41:48,100.0,10.3,S
2021-07-21T09:40:48,300.0,10.35,B
2021-07-21T09:40:46,200.0,10.3,S
2021-07-21T09:40:36,200.0,10.35,B
2021-07-21T09:40:27,2000.0,10.35,B
2021-07-21T09:40:27,100.0,10.35,B
2021-07-21T09:40:18,500.0,10.35,B
2021-07-21T09:40:06,2000.0,10.35,B
2021-07-21T09:40:05,900.0,10.3,S
2021-07-21T09:40:05,100.0,10.3,S
2021-07-21T09:39:46,100.0,10.35,B
2021-07-21T09:39:26,1800.0,10.35,S
2021-07-21T09:39:25,2100.0,10.35,S
2021-07-21T09:39:25,7900.0,10.35,S
2021-07-21T09:39:22,1000.0,10.35,S
2021-07-21T09:39:07,1000.0,10.4,B
2021-07-21T09:39:05,300.0,10.4,B
2021-07-21T09:39:05,1000.0,10.35,S
2021-07-21T09:39:02,200.0,10.4,B
2021-07-21T09:39:02,100.0,10.35,S
2021-07-21T09:39:02,1000.0,10.35,S
2021-07-21T09:39:00,13600.0,10.35,S
2021-07-21T09:38:59,4000.0,10.35,S
2021-07-21T09:38:55,200.0,10.35,S
2021-07-21T09:38:50,500.0,10.35,S
2021-07-21T09:38:44,1500.0,10.4,B
2021-07-21T09:38:42,200.0,10.35,S
2021-07-21T09:38:38,1000.0,10.35,S
2021-07-21T09:38:38,5000.0,10.35,S
2021-07-21T09:38:28,1000.0,10.35,S
2021-07-21T09:38:14,11900.0,10.35,S
2021-07-21T09:38:14,4700.0,10.35,S
2021-07-21T09:38:14,3400.0,10.35,S
2021-07-21T09:38:06,5000.0,10.35,S
2021-07-21T09:38:02,200.0,10.35,S
2021-07-21T09:37:56,100.0,10.35,S
2021-07-21T09:37:56,100.0,10.35,S
2021-07-21T09:37:53,1000.0,10.35,S
2021-07-21T09:37:51,200.0,10.35,S
2021-07-21T09:37:48,3500.0,10.35,S
2021-07-21T09:37:48,1700.0,10.35,S
2021-07-21T09:37:48,2100.0,10.35,S
2021-07-21T09:37:48,2700.0,10.35,S
2021-07-21T09:37:33,2600.0,10.4,B
2021-07-21T09:37:33,800.0,10.4,B
2021-07-21T09:37:33,6600.0,10.4,B
2021-07-21T09:37:30,2000.0,10.35,S
2021-07-21T09:37:18,5000.0,10.4,B
2021-07-21T09:37:02,4000.0,10.35,S
2021-07-21T09:36:48,200.0,10.35,S
2021-07-21T09:36:42,18200.0,10.4,B
2021-07-21T09:36:42,6000.0,10.4,B
2021-07-21T09:36:42,5000.0,10.4,B
2021-07-21T09:36:41,700.0,10.4,B
2021-07-21T09:36:41,17500.0,10.4,B
2021-07-21T09:36:41,22600.0,10.4,B
2021-07-21T09:36:40,500.0,10.35,S
2021-07-21T09:36:23,4000.0,10.35,S
2021-07-21T09:36:11,200.0,10.35,S
2021-07-21T09:36:11,100.0,10.35,S
2021-07-21T09:36:10,400.0,10.35,S
2021-07-21T09:36:08,3600.0,10.35,S
2021-07-21T09:35:46,700.0,10.4,B
2021-07-21T09:35:46,100.0,10.4,B
2021-07-21T09:35:46,7000.0,10.4,B
2021-07-21T09:35:46,2200.0,10.4,B
2021-07-21T09:35:43,1000.0,10.35,S
2021-07-21T09:35:35,100.0,10.35,S
2021-07-21T09:35:35,2000.0,10.4,B
2021-07-21T09:35:23,10000.0,10.4,B
2021-07-21T09:34:52,100.0,10.4,B
2021-07-21T09:34:51,4000.0,10.35,S
2021-07-21T09:34:26,100.0,10.4,B
2021-07-21T09:34:18,200.0,10.35,S
2021-07-21T09:34:12,2000.0,10.35,S
2021-07-21T09:34:08,300.0,10.4,B
2021-07-21T09:34:01,100.0,10.35,S
2021-07-21T09:33:59,100.0,10.4,B
2021-07-21T09:33:57,500.0,10.35,S
2021-07-21T09:33:54,10000.0,10.35,S
2021-07-21T09:33:50,4000.0,10.35,S
2021-07-21T09:33:46,10000.0,10.35,S
2021-07-21T09:33:43,100.0,10.35,S
2021-07-21T09:33:30,1000.0,10.35,S
2021-07-21T09:33:29,200.0,10.35,S
2021-07-21T09:33:25,2500.0,10.35,S
2021-07-21T09:33:15,2000.0,10.35,S
2021-07-21T09:32:58,4000.0,10.35,S
2021-07-21T09:32:34,100.0,10.4,B
2021-07-21T09:32:24,4000.0,10.35,S
2021-07-21T09:32:21,1000.0,10.35,S
2021-07-21T09:32:16,500.0,10.35,S
2021-07-21T09:32:00,4900.0,10.35,S
2021-07-21T09:31:56,2300.0,10.35,S
2021-07-21T09:31:54,15600.0,10.35,S
2021-07-21T09:31:45,3000.0,10.35,S
2021-07-21T09:31:20,1000.0,10.35,S
2021-07-21T09:31:08,4000.0,10.35,S
2021-07-21T09:31:04,100.0,10.4,B
2021-07-21T09:30:45,100.0,10.4,B
2021-07-21T09:30:45,500.0,10.35,S
2021-07-21T09:30:40,1100.0,10.35,S
2021-07-21T09:30:15,4600.0,10.35,S
2021-07-21T09:30:15,1500.0,10.35,S
2021-07-21T09:30:15,1000.0,10.35,S
2021-07-21T09:30:15,5500.0,10.35,S
2021-07-21T09:30:15,1600.0,10.35,S
2021-07-21T09:30:15,5000.0,10.35,S
2021-07-21T09:30:15,3000.0,10.35,S
2021-07-21T09:30:15,1000.0,10.35,S
2021-07-21T09:30:15,5000.0,10.35,S
2021-07-21T09:30:15,1200.0,10.35,S
2021-07-21T09:30:15,1400.0,10.35,S
2021-07-21T09:30:15,9200.0,10.35,S
2021-07-21T09:29:50,100.0,10.35,S
2021-07-21T09:29:48,100.0,10.35,S
2021-07-21T09:29:43,5000.0,10.35,S
2021-07-21T09:29:37,5000.0,10.35,S
2021-07-21T09:29:18,3800.0,10.35,S
2021-07-21T09:29:10,2000.0,10.35,S
2021-07-21T09:29:09,1000.0,10.35,S
2021-07-21T09:29:05,100.0,10.4,B
2021-07-21T09:28:59,100.0,10.4,B
2021-07-21T09:28:50,500.0,10.35,S
2021-07-21T09:28:32,100.0,10.4,B
2021-07-21T09:28:00,15000.0,10.4,B
2021-07-21T09:27:41,10000.0,10.4,B
2021-07-21T09:27:37,2000.0,10.35,S
2021-07-21T09:27:37,200.0,10.4,B
2021-07-21T09:27:35,2300.0,10.35,S
2021-07-21T09:27:35,3000.0,10.4,B
2021-07-21T09:26:58,1000.0,10.35,S
2021-07-21T09:26:57,2200.0,10.35,S
2021-07-21T09:26:55,1000.0,10.35,S
2021-07-21T09:26:52,100.0,10.35,S
2021-07-21T09:26:51,100.0,10.4,B
2021-07-21T09:26:29,1000.0,10.4,B
2021-07-21T09:26:19,1000.0,10.4,B
2021-07-21T09:26:08,10000.0,10.4,B
2021-07-21T09:25:55,20000.0,10.4,B
2021-07-21T09:25:44,1000.0,10.35,S
2021-07-21T09:25:42,100.0,10.35,S
2021-07-21T09:25:14,200.0,10.35,S
2021-07-21T09:25:14,500.0,10.35,S
2021-07-21T09:25:08,5000.0,10.35,S
2021-07-21T09:25:05,3000.0,10.35,S
2021-07-21T09:25:02,100.0,10.4,B
2021-07-21T09:25:01,3000.0,10.35,S
2021-07-21T09:24:47,1000.0,10.35,S
2021-07-21T09:24:42,100.0,10.4,B
2021-07-21T09:24:41,400.0,10.4,B
2021-07-21T09:24:27,1000.0,10.4,B
2021-07-21T09:24:14,100.0,10.4,B
2021-07-21T09:23:54,1500.0,10.4,B
2021-07-21T09:23:52,300.0,10.4,B
2021-07-21T09:23:48,600.0,10.4,B
2021-07-21T09:23:39,100.0,10.4,B
2021-07-21T09:23:17,100.0,10.4,B
2021-07-21T09:23:11,100.0,10.35,S
2021-07-21T09:23:03,200.0,10.35,B
2021-07-21T09:23:02,3000.0,10.3,S
2021-07-21T09:22:48,100.0,10.35,B
2021-07-21T09:22:48,100.0,10.35,B
2021-07-21T09:22:41,700.0,10.35,S
2021-07-21T09:22:41,1300.0,10.35,S
2021-07-21T09:22:38,200.0,10.35,S
2021-07-21T09:22:36,1000.0,10.35,S
2021-07-21T09:22:24,800.0,10.35,S
2021-07-21T09:22:21,700.0,10.35,S
2021-07-21T09:22:02,2300.0,10.35,B
2021-07-21T09:22:00,5000.0,10.35,B
2021-07-21T09:21:58,1000.0,10.35,B
2021-07-21T09:21:35,500.0,10.35,B
2021-07-21T09:21:32,3000.0,10.35,B
2021-07-21T09:21:19,10300.0,10.3,S
2021-07-21T09:21:00,2000.0,10.35,B
2021-07-21T09:20:57,700.0,10.35,B
2021-07-21T09:20:56,1300.0,10.3,S
2021-07-21T09:20:53,1000.0,10.35,B
2021-07-21T09:20:45,5000.0,10.3,S
2021-07-21T09:20:42,1300.0,10.3,S
2021-07-21T09:20:41,300.0,10.35,B
2021-07-21T09:20:32,1300.0,10.3,S
2021-07-21T09:20:23,1000.0,10.3,S
2021-07-21T09:20:18,100.0,10.3,S
2021-07-21T09:20:13,5000.0,10.3,S
2021-07-21T09:19:28,500.0,10.3,S
2021-07-21T09:19:23,1300.0,10.3,S
2021-07-21T09:19:03,1300.0,10.3,S
2021-07-21T09:18:40,1300.0,10.3,S
2021-07-21T09:18:36,5000.0,10.35,B
2021-07-21T09:18:30,20000.0,10.3,S
2021-07-21T09:18:29,1000.0,10.4,B
2021-07-21T09:18:28,2000.0,10.4,B
2021-07-21T09:18:28,3000.0,10.35,S
2021-07-21T09:18:28,5000.0,10.35,S
2021-07-21T09:18:28,5000.0,10.35,S
2021-07-21T09:18:28,26000.0,10.35,S
2021-07-21T09:18:24,300.0,10.35,S
2021-07-21T09:18:20,100.0,10.4,B
2021-07-21T09:18:20,20000.0,10.35,S
2021-07-21T09:18:16,1300.0,10.35,S
2021-07-21T09:18:16,200.0,10.35,S
2021-07-21T09:18:15,100.0,10.4,B
2021-07-21T09:18:13,1000.0,10.35,S
2021-07-21T09:18:03,4500.0,10.4,B
2021-07-21T09:17:45,1300.0,10.35,S
2021-07-21T09:17:44,1000.0,10.35,S
2021-07-21T09:17:26,100.0,10.35,S
2021-07-21T09:17:24,14100.0,10.35,S
2021-07-21T09:17:02,1300.0,10.35,S
2021-07-21T09:16:58,200.0,10.35,S
2021-07-21T09:16:58,800.0,10.35,S
2021-07-21T09:16:53,1000.0,10.35,S
2021-07-21T09:16:52,200.0,10.4,B
2021-07-21T09:16:52,1300.0,10.35,S
2021-07-21T09:16:41,200.0,10.35,S
2021-07-21T09:16:32,100.0,10.4,B
2021-07-21T09:16:27,1300.0,10.35,S
2021-07-21T09:16:17,1300.0,10.35,S
2021-07-21T09:16:15,1000.0,10.35,S
2021-07-21T09:16:14,2000.0,10.35,S
2021-07-21T09:16:09,8500.0,10.4,B
2021-07-21T09:16:02,1000.0,10.35,S
2021-07-21T09:15:51,100.0,10.4,B
2021-07-21T09:15:39,200.0,10.4,B
2021-07-21T09:15:39,400.0,10.4,B
2021-07-21T09:15:39,4400.0,10.4,B
