tradingTime,volume,price,side
2021-07-21T14:29:38,200.0,17.55,B
2021-07-21T14:29:34,300.0,17.55,B
2021-07-21T14:29:34,300.0,17.55,B
2021-07-21T14:29:26,5000.0,17.55,B
2021-07-21T14:29:17,3100.0,17.55,B
2021-07-21T14:29:03,5000.0,17.55,B
2021-07-21T14:28:57,500.0,17.55,B
2021-07-21T14:28:49,1100.0,17.55,S
2021-07-21T14:28:45,3000.0,17.6,B
2021-07-21T14:28:36,10000.0,17.6,B
2021-07-21T14:28:25,100.0,17.6,B
2021-07-21T14:28:19,100.0,17.6,B
2021-07-21T14:28:06,5000.0,17.55,S
2021-07-21T14:27:56,3000.0,17.6,B
2021-07-21T14:27:49,1500.0,17.6,B
2021-07-21T14:27:31,100.0,17.6,B
2021-07-21T14:27:18,300.0,17.55,S
2021-07-21T14:27:18,13000.0,17.55,S
2021-07-21T14:27:18,5000.0,17.55,S
2021-07-21T14:27:18,1700.0,17.55,S
2021-07-21T14:26:44,200.0,17.6,B
2021-07-21T14:26:44,1800.0,17.6,B
2021-07-21T14:26:32,2000.0,17.6,B
2021-07-21T14:26:29,3000.0,17.6,B
2021-07-21T14:26:01,1900.0,17.6,B
2021-07-21T14:25:53,1000.0,17.6,B
2021-07-21T14:25:41,100.0,17.6,B
2021-07-21T14:25:33,1000.0,17.55,S
2021-07-21T14:25:02,100.0,17.6,B
2021-07-21T14:24:41,500.0,17.55,S
2021-07-21T14:23:29,1000.0,17.6,B
2021-07-21T14:22:09,100.0,17.6,B
2021-07-21T14:21:59,6800.0,17.55,B
2021-07-21T14:21:54,3000.0,17.55,B
2021-07-21T14:21:54,100.0,17.55,B
2021-07-21T14:21:40,700.0,17.55,B
2021-07-21T14:21:40,2300.0,17.55,B
2021-07-21T14:20:38,200.0,17.5,S
2021-07-21T14:20:20,800.0,17.5,S
2021-07-21T14:19:09,1900.0,17.55,B
2021-07-21T14:19:00,5500.0,17.5,S
2021-07-21T14:19:00,800.0,17.5,S
2021-07-21T14:18:29,100.0,17.5,S
2021-07-21T14:18:09,1000.0,17.5,S
2021-07-21T14:17:57,300.0,17.5,S
2021-07-21T14:17:08,1000.0,17.5,B
2021-07-21T14:16:41,1000.0,17.5,B
2021-07-21T14:16:14,1000.0,17.5,B
2021-07-21T14:15:51,2000.0,17.45,S
2021-07-21T14:15:38,400.0,17.45,S
2021-07-21T14:15:38,400.0,17.5,S
2021-07-21T14:15:28,300.0,17.5,B
2021-07-21T14:15:23,14700.0,17.5,S
2021-07-21T14:15:21,5300.0,17.5,B
2021-07-21T14:15:16,500.0,17.45,S
2021-07-21T14:14:31,100.0,17.5,S
2021-07-21T14:14:26,100.0,17.5,S
2021-07-21T14:14:14,15000.0,17.5,S
2021-07-21T14:13:13,1500.0,17.55,B
2021-07-21T14:12:59,200.0,17.55,S
2021-07-21T14:12:59,1900.0,17.55,S
2021-07-21T14:12:59,3800.0,17.55,S
2021-07-21T14:12:59,100.0,17.55,S
2021-07-21T14:12:56,3000.0,17.55,S
2021-07-21T14:12:56,4900.0,17.6,B
2021-07-21T14:12:47,1900.0,17.6,B
2021-07-21T14:12:42,600.0,17.55,S
2021-07-21T14:12:42,400.0,17.55,S
2021-07-21T14:12:38,200.0,17.55,S
2021-07-21T14:12:03,200.0,17.6,B
2021-07-21T14:09:09,100.0,17.6,B
2021-07-21T14:08:36,1300.0,17.55,S
2021-07-21T14:08:36,1700.0,17.55,S
2021-07-21T14:08:25,2000.0,17.6,B
2021-07-21T14:08:10,1900.0,17.6,B
2021-07-21T14:08:07,500.0,17.6,B
2021-07-21T14:07:16,200.0,17.6,B
2021-07-21T14:06:46,300.0,17.6,B
2021-07-21T14:05:35,1900.0,17.6,B
2021-07-21T14:04:44,1000.0,17.6,B
2021-07-21T14:03:38,100.0,17.6,B
2021-07-21T14:02:38,300.0,17.55,B
2021-07-21T14:02:36,2300.0,17.5,S
2021-07-21T14:02:36,700.0,17.5,S
2021-07-21T14:02:17,100.0,17.5,B
2021-07-21T14:02:14,500.0,17.5,B
2021-07-21T14:02:02,500.0,17.5,B
2021-07-21T14:01:53,1900.0,17.5,B
2021-07-21T14:01:44,2500.0,17.45,S
2021-07-21T14:01:37,1000.0,17.45,B
2021-07-21T14:01:27,2400.0,17.45,B
2021-07-21T14:01:19,100.0,17.45,B
2021-07-21T14:01:11,2000.0,17.45,B
2021-07-21T14:01:09,200.0,17.45,B
2021-07-21T14:01:06,100.0,17.4,S
2021-07-21T14:00:58,200.0,17.4,S
2021-07-21T13:59:34,3700.0,17.4,S
2021-07-21T13:59:24,200.0,17.4,S
2021-07-21T13:59:03,100.0,17.45,B
2021-07-21T13:58:23,200.0,17.45,B
2021-07-21T13:58:21,100.0,17.45,B
2021-07-21T13:58:17,1000.0,17.4,S
2021-07-21T13:58:17,400.0,17.4,S
2021-07-21T13:58:17,600.0,17.4,S
2021-07-21T13:58:03,600.0,17.45,B
2021-07-21T13:58:03,100.0,17.45,S
2021-07-21T13:57:49,500.0,17.45,S
2021-07-21T13:57:40,1800.0,17.45,S
2021-07-21T13:57:39,200.0,17.45,S
2021-07-21T13:57:22,200.0,17.45,S
2021-07-21T13:57:13,300.0,17.45,S
2021-07-21T13:56:59,700.0,17.5,S
2021-07-21T13:56:59,2900.0,17.5,S
2021-07-21T13:56:59,2000.0,17.5,S
2021-07-21T13:56:59,5300.0,17.5,S
2021-07-21T13:56:59,5200.0,17.5,S
2021-07-21T13:56:59,10200.0,17.5,S
2021-07-21T13:56:59,2000.0,17.5,S
2021-07-21T13:56:59,7600.0,17.5,S
2021-07-21T13:56:59,300.0,17.5,S
2021-07-21T13:56:59,600.0,17.5,S
2021-07-21T13:56:59,17300.0,17.5,S
2021-07-21T13:56:59,100.0,17.5,S
2021-07-21T13:56:59,500.0,17.5,S
2021-07-21T13:56:59,300.0,17.5,S
2021-07-21T13:56:59,700.0,17.5,S
2021-07-21T13:56:59,1900.0,17.5,S
2021-07-21T13:56:59,100.0,17.5,S
2021-07-21T13:56:59,2300.0,17.5,S
2021-07-21T13:56:53,300.0,17.5,S
2021-07-21T13:56:46,1200.0,17.55,S
2021-07-21T13:56:42,500.0,17.55,S
2021-07-21T13:56:40,6000.0,17.55,S
2021-07-21T13:56:35,100.0,17.55,S
2021-07-21T13:56:32,2000.0,17.55,S
2021-07-21T13:56:22,200.0,17.55,S
2021-07-21T13:56:21,5000.0,17.55,S
2021-07-21T13:56:12,3300.0,17.55,S
2021-07-21T13:56:09,300.0,17.55,S
2021-07-21T13:56:03,1000.0,17.55,S
2021-07-21T13:55:48,500.0,17.55,S
2021-07-21T13:55:45,400.0,17.55,S
2021-07-21T13:55:45,100.0,17.55,S
2021-07-21T13:55:44,300.0,17.55,S
2021-07-21T13:55:23,1000.0,17.55,S
2021-07-21T13:55:22,2000.0,17.55,S
2021-07-21T13:54:43,1000.0,17.55,S
2021-07-21T13:53:57,100.0,17.6,B
2021-07-21T13:53:48,3000.0,17.55,S
2021-07-21T13:53:40,13800.0,17.55,S
2021-07-21T13:53:40,1000.0,17.55,S
2021-07-21T13:53:33,1000.0,17.55,S
2021-07-21T13:53:29,100.0,17.55,S
2021-07-21T13:53:27,2200.0,17.55,S
2021-07-21T13:53:21,700.0,17.55,S
2021-07-21T13:53:21,2400.0,17.55,S
2021-07-21T13:53:04,200.0,17.55,S
2021-07-21T13:51:39,2000.0,17.6,B
2021-07-21T13:51:37,200.0,17.6,B
2021-07-21T13:48:56,200.0,17.6,B
2021-07-21T13:48:15,800.0,17.6,B
2021-07-21T13:48:12,100.0,17.55,S
2021-07-21T13:48:12,1900.0,17.55,S
2021-07-21T13:48:09,100.0,17.55,S
2021-07-21T13:48:09,5000.0,17.55,S
2021-07-21T13:48:09,5000.0,17.55,S
2021-07-21T13:48:09,600.0,17.55,S
2021-07-21T13:48:09,3200.0,17.55,S
2021-07-21T13:48:09,7000.0,17.55,S
2021-07-21T13:48:00,200.0,17.55,S
2021-07-21T13:47:46,7700.0,17.55,S
2021-07-21T13:47:46,1500.0,17.55,S
2021-07-21T13:47:46,14800.0,17.55,S
2021-07-21T13:47:30,1900.0,17.6,B
2021-07-21T13:47:22,300.0,17.55,S
2021-07-21T13:47:04,500.0,17.55,S
2021-07-21T13:46:45,300.0,17.55,S
2021-07-21T13:46:19,500.0,17.6,B
2021-07-21T13:46:15,100.0,17.6,B
2021-07-21T13:46:10,5000.0,17.55,S
2021-07-21T13:44:25,500.0,17.6,B
2021-07-21T13:43:21,200.0,17.6,B
2021-07-21T13:42:49,1900.0,17.6,B
2021-07-21T13:42:33,1900.0,17.6,B
2021-07-21T13:42:27,500.0,17.55,S
2021-07-21T13:42:14,100.0,17.55,S
2021-07-21T13:42:09,4000.0,17.55,S
2021-07-21T13:42:04,500.0,17.55,S
2021-07-21T13:41:44,900.0,17.55,S
2021-07-21T13:41:34,1000.0,17.55,S
2021-07-21T13:40:16,400.0,17.55,S
2021-07-21T13:39:46,1900.0,17.6,B
2021-07-21T13:39:16,500.0,17.55,S
2021-07-21T13:38:20,1100.0,17.6,B
2021-07-21T13:36:29,900.0,17.6,B
2021-07-21T13:33:51,500.0,17.55,S
2021-07-21T13:33:42,100.0,17.6,B
2021-07-21T13:33:17,100.0,17.55,S
2021-07-21T13:32:54,300.0,17.55,S
2021-07-21T13:32:54,200.0,17.55,S
2021-07-21T13:32:29,300.0,17.55,S
2021-07-21T13:32:12,2300.0,17.55,S
2021-07-21T13:32:12,7700.0,17.55,S
2021-07-21T13:31:30,1900.0,17.6,B
2021-07-21T13:29:54,300.0,17.6,B
2021-07-21T13:29:30,100.0,17.6,B
2021-07-21T13:29:30,400.0,17.6,B
2021-07-21T13:28:51,1000.0,17.55,S
2021-07-21T13:28:43,100.0,17.6,B
2021-07-21T13:28:12,300.0,17.55,S
2021-07-21T13:28:03,500.0,17.6,B
2021-07-21T13:27:31,1300.0,17.55,B
2021-07-21T13:27:31,5300.0,17.55,B
2021-07-21T13:27:22,100.0,17.55,B
2021-07-21T13:27:11,3000.0,17.55,B
2021-07-21T13:27:05,2000.0,17.5,S
2021-07-21T13:27:00,8000.0,17.55,B
2021-07-21T13:26:44,2000.0,17.55,B
2021-07-21T13:26:32,100.0,17.55,B
2021-07-21T13:26:29,2000.0,17.55,B
2021-07-21T13:26:28,15000.0,17.55,B
2021-07-21T13:26:12,4500.0,17.55,S
2021-07-21T13:25:46,2000.0,17.55,S
2021-07-21T13:25:41,500.0,17.55,S
2021-07-21T13:25:28,1000.0,17.55,S
2021-07-21T13:25:05,1200.0,17.55,S
2021-07-21T13:25:05,700.0,17.55,S
2021-07-21T13:25:05,400.0,17.55,S
2021-07-21T13:25:05,700.0,17.55,S
2021-07-21T13:25:04,300.0,17.55,S
2021-07-21T13:24:57,9000.0,17.55,S
2021-07-21T13:24:57,5400.0,17.55,S
2021-07-21T13:24:57,3000.0,17.55,S
2021-07-21T13:24:57,12600.0,17.55,S
2021-07-21T13:24:49,100.0,17.6,B
2021-07-21T13:23:14,2500.0,17.55,S
2021-07-21T13:22:22,300.0,17.55,S
2021-07-21T13:21:29,200.0,17.55,S
2021-07-21T13:21:29,4800.0,17.55,S
2021-07-21T13:21:20,1500.0,17.6,B
2021-07-21T13:21:05,100.0,17.6,B
2021-07-21T13:20:26,5300.0,17.6,S
2021-07-21T13:20:25,700.0,17.6,S
2021-07-21T13:20:19,4100.0,17.6,S
2021-07-21T13:20:19,1200.0,17.6,S
2021-07-21T13:20:19,1000.0,17.6,S
2021-07-21T13:20:19,2500.0,17.6,S
2021-07-21T13:20:18,1700.0,17.6,S
2021-07-21T13:20:16,500.0,17.6,S
2021-07-21T13:20:13,3400.0,17.6,S
2021-07-21T13:20:12,1000.0,17.6,S
2021-07-21T13:19:15,16700.0,17.6,S
2021-07-21T13:19:15,2900.0,17.6,S
2021-07-21T13:18:33,7900.0,17.6,S
2021-07-21T13:18:33,7300.0,17.6,S
2021-07-21T13:18:33,8300.0,17.6,S
2021-07-21T13:18:33,1500.0,17.6,S
2021-07-21T13:17:31,100.0,17.6,S
2021-07-21T13:17:25,700.0,17.6,S
2021-07-21T13:16:59,200.0,17.6,S
2021-07-21T13:16:23,2000.0,17.6,S
2021-07-21T13:15:14,1000.0,17.6,S
2021-07-21T13:14:25,3000.0,17.6,S
2021-07-21T13:14:25,2700.0,17.6,S
2021-07-21T13:14:19,900.0,17.7,B
2021-07-21T13:13:12,300.0,17.6,S
2021-07-21T13:12:54,1400.0,17.6,S
2021-07-21T13:12:54,200.0,17.6,S
2021-07-21T13:12:54,3400.0,17.6,S
2021-07-21T13:12:09,5400.0,17.65,B
2021-07-21T13:12:09,3500.0,17.65,B
2021-07-21T13:12:09,1100.0,17.65,B
2021-07-21T13:11:11,5000.0,17.65,B
2021-07-21T13:10:16,200.0,17.65,B
2021-07-21T13:09:49,2000.0,17.65,B
2021-07-21T13:09:39,2000.0,17.65,B
2021-07-21T13:09:37,20000.0,17.65,B
2021-07-21T13:09:24,200.0,17.6,S
2021-07-21T13:09:19,500.0,17.6,S
2021-07-21T13:09:11,500.0,17.65,B
2021-07-21T13:08:33,10000.0,17.65,B
2021-07-21T13:08:13,500.0,17.6,S
2021-07-21T13:07:04,5000.0,17.65,B
2021-07-21T13:05:56,100.0,17.65,B
2021-07-21T13:05:29,1300.0,17.65,S
2021-07-21T13:05:19,1500.0,17.65,S
2021-07-21T13:05:19,100.0,17.65,S
2021-07-21T13:05:19,3900.0,17.65,S
2021-07-21T13:05:09,2700.0,17.65,S
2021-07-21T13:05:01,500.0,17.65,S
2021-07-21T13:05:01,4000.0,17.65,S
2021-07-21T13:03:26,500.0,17.7,B
2021-07-21T13:03:03,1100.0,17.7,S
2021-07-21T13:03:03,2500.0,17.7,S
2021-07-21T13:02:59,500.0,17.7,S
2021-07-21T13:02:54,200.0,17.7,S
2021-07-21T13:02:18,1000.0,17.7,S
2021-07-21T13:00:56,500.0,17.7,S
2021-07-21T13:00:29,2000.0,17.7,S
2021-07-21T13:00:07,1000.0,17.7,S
2021-07-21T13:00:07,500.0,17.75,B
2021-07-21T13:00:05,200.0,17.75,B
2021-07-21T13:00:05,200.0,17.75,B
2021-07-21T13:00:05,200.0,17.75,B
2021-07-21T13:00:05,100.0,17.75,B
2021-07-21T11:29:49,200.0,17.75,B
2021-07-21T11:29:30,1100.0,17.7,S
2021-07-21T11:29:18,200.0,17.7,S
2021-07-21T11:29:05,100.0,17.7,S
2021-07-21T11:28:51,3000.0,17.7,S
2021-07-21T11:23:27,200.0,17.75,B
2021-07-21T11:22:38,1000.0,17.7,S
2021-07-21T11:22:36,100.0,17.75,B
2021-07-21T11:21:55,600.0,17.7,S
2021-07-21T11:21:55,2400.0,17.7,S
2021-07-21T11:21:43,1000.0,17.7,S
2021-07-21T11:21:13,3300.0,17.7,S
2021-07-21T11:21:09,5300.0,17.7,B
2021-07-21T11:20:59,1300.0,17.7,B
2021-07-21T11:20:59,600.0,17.7,B
2021-07-21T11:20:59,100.0,17.7,B
2021-07-21T11:20:56,2000.0,17.7,B
2021-07-21T11:20:54,5000.0,17.7,B
2021-07-21T11:20:50,5000.0,17.7,B
2021-07-21T11:20:43,2000.0,17.7,B
2021-07-21T11:20:40,5000.0,17.7,B
2021-07-21T11:19:51,2000.0,17.7,B
2021-07-21T11:18:39,13600.0,17.7,B
2021-07-21T11:18:03,500.0,17.7,B
2021-07-21T11:17:33,100.0,17.7,B
2021-07-21T11:16:44,500.0,17.6,S
2021-07-21T11:16:44,3000.0,17.65,S
2021-07-21T11:16:24,100.0,17.6,S
2021-07-21T11:16:13,10000.0,17.6,S
2021-07-21T11:16:05,100.0,17.6,S
2021-07-21T11:15:22,30000.0,17.6,S
2021-07-21T11:15:20,5000.0,17.65,B
2021-07-21T11:15:17,100.0,17.65,B
2021-07-21T11:15:04,200.0,17.65,B
2021-07-21T11:14:34,1000.0,17.65,S
2021-07-21T11:14:34,4500.0,17.65,S
2021-07-21T11:14:34,500.0,17.65,S
2021-07-21T11:14:34,13200.0,17.65,S
2021-07-21T11:14:26,300.0,17.65,S
2021-07-21T11:14:20,1000.0,17.65,S
2021-07-21T11:14:14,100.0,17.65,S
2021-07-21T11:14:06,100.0,17.65,S
2021-07-21T11:14:06,1500.0,17.65,S
2021-07-21T11:14:06,13400.0,17.65,S
2021-07-21T11:13:44,700.0,17.65,S
2021-07-21T11:13:28,500.0,17.65,S
2021-07-21T11:12:56,2500.0,17.65,S
2021-07-21T11:12:51,3000.0,17.65,S
2021-07-21T11:12:46,500.0,17.65,S
2021-07-21T11:12:34,300.0,17.65,S
2021-07-21T11:12:23,500.0,17.65,S
2021-07-21T11:12:11,10000.0,17.65,S
2021-07-21T11:12:11,100.0,17.65,S
2021-07-21T11:12:06,300.0,17.65,S
2021-07-21T11:11:38,1000.0,17.65,S
2021-07-21T11:11:27,1000.0,17.65,S
2021-07-21T11:11:20,200.0,17.65,S
2021-07-21T11:11:18,300.0,17.65,S
2021-07-21T11:11:02,3000.0,17.65,S
2021-07-21T11:10:48,100.0,17.65,S
2021-07-21T11:10:41,300.0,17.65,S
2021-07-21T11:10:00,500.0,17.65,S
2021-07-21T11:09:56,11100.0,17.7,B
2021-07-21T11:09:48,1000.0,17.65,S
2021-07-21T11:09:40,1000.0,17.65,S
2021-07-21T11:09:20,500.0,17.65,S
2021-07-21T11:08:50,1200.0,17.7,S
2021-07-21T11:08:48,800.0,17.7,S
2021-07-21T11:08:48,500.0,17.7,S
2021-07-21T11:08:48,1700.0,17.7,S
2021-07-21T11:08:40,3600.0,17.7,S
2021-07-21T11:08:33,1000.0,17.7,S
2021-07-21T11:08:21,2900.0,17.7,S
2021-07-21T11:07:51,400.0,17.75,B
2021-07-21T11:07:43,200.0,17.7,S
2021-07-21T11:07:43,7000.0,17.7,S
2021-07-21T11:07:43,7100.0,17.7,S
2021-07-21T11:07:43,2000.0,17.7,S
2021-07-21T11:07:41,4000.0,17.7,S
2021-07-21T11:07:41,500.0,17.7,S
2021-07-21T11:07:41,15600.0,17.7,S
2021-07-21T11:07:41,100.0,17.7,S
2021-07-21T11:07:41,3300.0,17.7,S
2021-07-21T11:07:41,200.0,17.7,S
2021-07-21T11:07:41,2000.0,17.7,S
2021-07-21T11:07:10,500.0,17.7,S
2021-07-21T11:06:45,3900.0,17.7,S
2021-07-21T11:06:42,1000.0,17.7,S
2021-07-21T11:06:42,2000.0,17.7,S
2021-07-21T11:06:35,1100.0,17.7,S
2021-07-21T11:06:32,100.0,17.7,S
2021-07-21T11:06:24,200.0,17.7,S
2021-07-21T11:06:24,3800.0,17.7,S
2021-07-21T11:06:24,100.0,17.7,S
2021-07-21T11:06:24,300.0,17.7,S
2021-07-21T11:06:24,1200.0,17.7,S
2021-07-21T11:06:21,500.0,17.7,S
2021-07-21T11:06:14,700.0,17.7,S
2021-07-21T11:06:14,1100.0,17.7,S
2021-07-21T11:06:14,4100.0,17.7,S
2021-07-21T11:06:14,2100.0,17.7,S
2021-07-21T11:06:14,600.0,17.7,S
2021-07-21T11:05:54,100.0,17.7,S
2021-07-21T11:02:48,100.0,17.75,B
2021-07-21T11:00:52,1200.0,17.75,S
2021-07-21T11:00:44,200.0,17.75,S
2021-07-21T11:00:42,20000.0,17.75,S
2021-07-21T11:00:27,2000.0,17.75,S
2021-07-21T11:00:18,1000.0,17.75,S
2021-07-21T11:00:11,200.0,17.75,S
2021-07-21T11:00:08,4000.0,17.75,S
2021-07-21T10:59:48,2000.0,17.75,S
2021-07-21T10:58:10,100.0,17.75,S
2021-07-21T10:58:06,200.0,17.8,B
2021-07-21T10:57:32,100.0,17.8,B
2021-07-21T10:57:12,5000.0,17.75,S
2021-07-21T10:56:38,100.0,17.75,S
2021-07-21T10:56:29,1600.0,17.75,B
2021-07-21T10:56:25,100.0,17.75,B
2021-07-21T10:56:08,1800.0,17.75,S
2021-07-21T10:56:00,200.0,17.75,S
2021-07-21T10:56:00,2800.0,17.75,S
2021-07-21T10:55:15,2000.0,17.75,S
2021-07-21T10:55:03,3000.0,17.75,S
2021-07-21T10:54:52,1000.0,17.75,S
2021-07-21T10:54:27,3200.0,17.75,B
2021-07-21T10:54:24,1800.0,17.75,S
2021-07-21T10:54:22,1000.0,17.75,S
2021-07-21T10:54:06,5000.0,17.75,S
2021-07-21T10:53:52,1000.0,17.75,S
2021-07-21T10:53:48,100.0,17.75,S
2021-07-21T10:53:47,1000.0,17.75,S
2021-07-21T10:53:31,1000.0,17.75,S
2021-07-21T10:53:06,100.0,17.75,S
2021-07-21T10:53:01,2000.0,17.75,S
2021-07-21T10:53:00,1000.0,17.75,S
2021-07-21T10:52:35,2000.0,17.75,S
2021-07-21T10:52:27,100.0,17.8,B
2021-07-21T10:52:07,7900.0,17.75,B
2021-07-21T10:52:07,4200.0,17.75,B
2021-07-21T10:51:12,300.0,17.75,B
2021-07-21T10:50:15,10000.0,17.75,B
2021-07-21T10:50:12,100.0,17.7,S
2021-07-21T10:49:57,1700.0,17.7,S
2021-07-21T10:49:57,300.0,17.7,S
2021-07-21T10:49:56,1000.0,17.7,S
2021-07-21T10:49:45,10000.0,17.75,B
2021-07-21T10:49:27,14200.0,17.75,B
2021-07-21T10:49:07,4000.0,17.75,B
2021-07-21T10:48:39,9000.0,17.7,S
2021-07-21T10:46:46,7000.0,17.75,B
2021-07-21T10:45:45,3900.0,17.75,B
2021-07-21T10:45:45,6100.0,17.75,B
2021-07-21T10:45:02,500.0,17.75,B
2021-07-21T10:44:55,2000.0,17.75,B
2021-07-21T10:44:41,10000.0,17.75,B
2021-07-21T10:44:08,500.0,17.75,B
2021-07-21T10:43:24,100.0,17.75,S
2021-07-21T10:43:15,100.0,17.75,S
2021-07-21T10:42:55,500.0,17.75,S
2021-07-21T10:42:46,100.0,17.75,S
2021-07-21T10:42:41,200.0,17.75,S
2021-07-21T10:42:13,500.0,17.75,B
2021-07-21T10:42:09,4300.0,17.75,S
2021-07-21T10:41:46,100.0,17.75,S
2021-07-21T10:41:17,100.0,17.8,B
2021-07-21T10:40:59,800.0,17.75,S
2021-07-21T10:40:59,1300.0,17.75,S
2021-07-21T10:40:59,2000.0,17.75,S
2021-07-21T10:40:59,15900.0,17.75,S
2021-07-21T10:40:36,300.0,17.75,S
2021-07-21T10:40:22,600.0,17.8,B
2021-07-21T10:40:13,100.0,17.8,B
2021-07-21T10:40:05,500.0,17.75,S
2021-07-21T10:39:58,500.0,17.75,S
2021-07-21T10:39:07,5000.0,17.75,S
2021-07-21T10:38:54,10000.0,17.75,S
2021-07-21T10:38:43,500.0,17.75,S
2021-07-21T10:38:33,500.0,17.8,B
2021-07-21T10:37:38,300.0,17.8,B
2021-07-21T10:37:02,100.0,17.8,B
2021-07-21T10:36:51,200.0,17.8,B
2021-07-21T10:36:47,500.0,17.75,S
2021-07-21T10:36:35,3000.0,17.75,S
2021-07-21T10:36:20,100.0,17.75,S
2021-07-21T10:35:51,1900.0,17.75,S
2021-07-21T10:35:51,100.0,17.75,S
2021-07-21T10:34:18,500.0,17.75,S
2021-07-21T10:33:48,1000.0,17.75,S
2021-07-21T10:33:45,1000.0,17.8,B
2021-07-21T10:33:29,3400.0,17.75,S
2021-07-21T10:33:29,600.0,17.75,S
2021-07-21T10:33:27,200.0,17.8,B
2021-07-21T10:32:59,3600.0,17.75,S
2021-07-21T10:32:43,100.0,17.8,B
2021-07-21T10:31:43,15000.0,17.75,S
2021-07-21T10:31:08,2000.0,17.8,B
2021-07-21T10:31:05,4100.0,17.75,S
2021-07-21T10:31:05,900.0,17.75,S
2021-07-21T10:30:42,3000.0,17.75,S
2021-07-21T10:30:36,1000.0,17.75,S
2021-07-21T10:30:21,2000.0,17.75,S
2021-07-21T10:30:11,300.0,17.75,S
2021-07-21T10:30:10,100.0,17.75,S
2021-07-21T10:29:55,300.0,17.75,S
2021-07-21T10:29:36,100.0,17.75,S
2021-07-21T10:29:22,500.0,17.75,S
2021-07-21T10:28:04,100.0,17.8,B
2021-07-21T10:27:48,1600.0,17.75,S
2021-07-21T10:27:48,100.0,17.75,S
2021-07-21T10:27:48,1000.0,17.75,S
2021-07-21T10:27:48,7300.0,17.75,S
2021-07-21T10:26:58,100.0,17.8,B
2021-07-21T10:26:57,100.0,17.8,B
2021-07-21T10:26:48,300.0,17.8,B
2021-07-21T10:26:19,100.0,17.8,B
2021-07-21T10:25:40,100.0,17.75,S
2021-07-21T10:23:59,100.0,17.8,B
2021-07-21T10:23:44,200.0,17.75,S
2021-07-21T10:23:44,1400.0,17.75,B
2021-07-21T10:23:32,20000.0,17.75,B
2021-07-21T10:23:30,200.0,17.75,B
2021-07-21T10:23:27,400.0,17.75,B
2021-07-21T10:23:18,20000.0,17.75,B
2021-07-21T10:22:34,200.0,17.75,B
2021-07-21T10:22:28,100.0,17.7,S
2021-07-21T10:22:26,2000.0,17.75,B
2021-07-21T10:21:54,5800.0,17.75,S
2021-07-21T10:21:32,100.0,17.8,B
2021-07-21T10:21:32,500.0,17.75,S
2021-07-21T10:21:17,1000.0,17.75,S
2021-07-21T10:21:12,100.0,17.75,S
2021-07-21T10:20:16,1000.0,17.75,S
2021-07-21T10:20:08,5700.0,17.75,B
2021-07-21T10:20:05,4300.0,17.75,S
2021-07-21T10:19:48,15700.0,17.75,B
2021-07-21T10:19:22,100.0,17.75,B
2021-07-21T10:19:22,1900.0,17.75,B
2021-07-21T10:19:12,2500.0,17.75,B
2021-07-21T10:18:46,2000.0,17.7,S
2021-07-21T10:18:26,500.0,17.75,B
2021-07-21T10:18:07,3000.0,17.75,B
2021-07-21T10:18:02,2100.0,17.75,S
2021-07-21T10:17:56,200.0,17.75,S
2021-07-21T10:17:56,300.0,17.75,S
2021-07-21T10:17:56,5800.0,17.75,S
2021-07-21T10:17:56,11300.0,17.75,S
2021-07-21T10:17:56,15000.0,17.75,S
2021-07-21T10:17:56,2800.0,17.75,S
2021-07-21T10:17:56,600.0,17.75,S
2021-07-21T10:17:56,1000.0,17.75,S
2021-07-21T10:17:56,800.0,17.75,S
2021-07-21T10:17:56,2100.0,17.75,S
2021-07-21T10:17:56,1200.0,17.75,S
2021-07-21T10:17:56,3300.0,17.75,S
2021-07-21T10:17:56,3700.0,17.75,S
2021-07-21T10:17:56,1000.0,17.75,S
2021-07-21T10:17:56,900.0,17.75,S
2021-07-21T10:17:11,1400.0,17.75,S
2021-07-21T10:17:11,3600.0,17.75,S
2021-07-21T10:15:00,300.0,17.75,S
2021-07-21T10:15:00,100.0,17.75,S
2021-07-21T10:15:00,100.0,17.75,S
2021-07-21T10:14:40,1600.0,17.75,S
2021-07-21T10:12:49,1300.0,17.8,B
2021-07-21T10:12:14,100.0,17.75,S
2021-07-21T10:11:58,200.0,17.8,B
2021-07-21T10:11:20,1000.0,17.75,S
2021-07-21T10:11:04,2000.0,17.8,B
2021-07-21T10:10:49,500.0,17.8,B
2021-07-21T10:10:31,100.0,17.8,B
2021-07-21T10:10:29,100.0,17.75,S
2021-07-21T10:09:53,100.0,17.8,B
2021-07-21T10:09:30,100.0,17.8,B
2021-07-21T10:09:05,200.0,17.75,S
2021-07-21T10:09:04,300.0,17.75,S
2021-07-21T10:08:36,2000.0,17.75,S
2021-07-21T10:08:36,500.0,17.75,S
2021-07-21T10:08:09,1000.0,17.75,S
2021-07-21T10:07:57,15000.0,17.75,S
2021-07-21T10:07:47,200.0,17.75,S
2021-07-21T10:06:29,300.0,17.75,S
2021-07-21T10:05:26,100.0,17.8,B
2021-07-21T10:04:04,16000.0,17.8,S
2021-07-21T10:04:04,1200.0,17.8,S
2021-07-21T10:04:04,20100.0,17.8,S
2021-07-21T10:03:51,100.0,17.85,B
2021-07-21T10:03:28,100.0,17.85,B
2021-07-21T10:03:16,3000.0,17.8,S
2021-07-21T10:03:11,400.0,17.85,B
2021-07-21T10:03:01,300.0,17.85,B
2021-07-21T10:01:52,100.0,17.85,B
2021-07-21T10:01:48,100.0,17.8,S
2021-07-21T10:01:48,1000.0,17.8,S
2021-07-21T10:01:48,1900.0,17.8,S
2021-07-21T10:01:28,500.0,17.8,S
2021-07-21T10:01:06,600.0,17.8,B
2021-07-21T10:00:55,30000.0,17.8,B
2021-07-21T10:00:40,200.0,17.8,S
2021-07-21T10:00:40,1400.0,17.8,S
2021-07-21T10:00:40,1000.0,17.8,S
2021-07-21T10:00:40,5000.0,17.8,S
2021-07-21T10:00:40,20100.0,17.8,S
2021-07-21T10:00:40,1700.0,17.8,S
2021-07-21T10:00:27,100.0,17.85,B
2021-07-21T10:00:27,100.0,17.85,B
2021-07-21T09:59:21,300.0,17.85,B
2021-07-21T09:58:35,1000.0,17.8,S
2021-07-21T09:58:18,500.0,17.85,B
2021-07-21T09:56:50,400.0,17.85,B
2021-07-21T09:56:14,100.0,17.8,S
2021-07-21T09:55:48,500.0,17.8,B
2021-07-21T09:55:45,300.0,17.8,B
2021-07-21T09:55:41,2000.0,17.75,S
2021-07-21T09:55:38,1000.0,17.8,B
2021-07-21T09:55:22,1000.0,17.8,B
2021-07-21T09:55:11,300.0,17.8,B
2021-07-21T09:55:10,1000.0,17.8,B
2021-07-21T09:54:49,500.0,17.8,B
2021-07-21T09:54:38,500.0,17.8,B
2021-07-21T09:53:44,400.0,17.8,B
2021-07-21T09:53:43,1000.0,17.8,B
2021-07-21T09:53:40,300.0,17.8,B
2021-07-21T09:53:34,500.0,17.8,B
2021-07-21T09:53:31,500.0,17.8,B
2021-07-21T09:53:12,200.0,17.8,B
2021-07-21T09:52:58,500.0,17.8,B
2021-07-21T09:52:54,500.0,17.8,B
2021-07-21T09:52:53,500.0,17.8,B
2021-07-21T09:52:29,1000.0,17.8,B
2021-07-21T09:52:21,1000.0,17.8,B
2021-07-21T09:52:04,500.0,17.8,B
2021-07-21T09:52:01,300.0,17.8,S
2021-07-21T09:51:38,400.0,17.8,S
2021-07-21T09:51:38,3000.0,17.8,S
2021-07-21T09:51:38,1800.0,17.8,S
2021-07-21T09:51:38,6700.0,17.8,S
2021-07-21T09:50:38,2900.0,17.8,S
2021-07-21T09:50:38,7100.0,17.8,S
2021-07-21T09:49:51,1000.0,17.8,S
2021-07-21T09:49:11,1000.0,17.85,B
2021-07-21T09:48:59,100.0,17.85,B
2021-07-21T09:48:52,1000.0,17.85,B
2021-07-21T09:48:24,300.0,17.8,S
2021-07-21T09:48:15,200.0,17.8,S
2021-07-21T09:48:02,400.0,17.8,S
2021-07-21T09:48:02,1100.0,17.8,B
2021-07-21T09:48:02,2200.0,17.8,B
2021-07-21T09:48:02,500.0,17.8,B
2021-07-21T09:48:02,3900.0,17.8,B
2021-07-21T09:48:02,1000.0,17.8,B
2021-07-21T09:48:02,3800.0,17.8,B
2021-07-21T09:47:38,500.0,17.8,B
2021-07-21T09:47:23,200.0,17.8,B
2021-07-21T09:46:24,3000.0,17.8,B
2021-07-21T09:45:49,2000.0,17.75,S
2021-07-21T09:45:09,500.0,17.8,B
2021-07-21T09:44:46,1000.0,17.8,B
2021-07-21T09:44:38,300.0,17.75,S
2021-07-21T09:43:38,300.0,17.75,S
2021-07-21T09:42:38,200.0,17.8,B
2021-07-21T09:42:02,500.0,17.75,S
2021-07-21T09:42:01,5000.0,17.75,S
2021-07-21T09:41:50,1000.0,17.75,S
2021-07-21T09:41:47,1000.0,17.75,S
2021-07-21T09:41:41,600.0,17.75,S
2021-07-21T09:41:41,100.0,17.75,S
2021-07-21T09:41:24,2300.0,17.75,B
2021-07-21T09:41:24,1200.0,17.75,B
2021-07-21T09:41:24,800.0,17.75,B
2021-07-21T09:41:22,1300.0,17.75,B
2021-07-21T09:41:19,500.0,17.75,B
2021-07-21T09:41:18,2000.0,17.75,B
2021-07-21T09:41:10,1000.0,17.75,B
2021-07-21T09:41:07,2000.0,17.75,B
2021-07-21T09:40:57,2000.0,17.75,B
2021-07-21T09:40:52,500.0,17.75,B
2021-07-21T09:40:23,200.0,17.75,B
2021-07-21T09:40:02,700.0,17.75,S
2021-07-21T09:40:01,2000.0,17.75,S
2021-07-21T09:39:58,100.0,17.75,S
2021-07-21T09:39:54,1500.0,17.75,S
2021-07-21T09:39:49,6800.0,17.75,S
2021-07-21T09:39:44,3000.0,17.75,S
2021-07-21T09:39:44,300.0,17.75,S
2021-07-21T09:39:38,900.0,17.75,S
2021-07-21T09:39:36,100.0,17.75,S
2021-07-21T09:39:31,600.0,17.75,S
2021-07-21T09:39:31,300.0,17.75,S
2021-07-21T09:39:22,4100.0,17.75,S
2021-07-21T09:39:18,500.0,17.75,S
2021-07-21T09:39:14,700.0,17.75,S
2021-07-21T09:39:05,100.0,17.75,S
2021-07-21T09:39:05,600.0,17.75,S
2021-07-21T09:38:44,200.0,17.8,B
2021-07-21T09:38:17,100.0,17.8,B
2021-07-21T09:38:13,3000.0,17.75,S
2021-07-21T09:37:58,100.0,17.8,B
2021-07-21T09:37:34,300.0,17.8,S
2021-07-21T09:37:32,600.0,17.8,S
2021-07-21T09:37:23,200.0,17.8,S
2021-07-21T09:37:19,200.0,17.8,S
2021-07-21T09:37:11,500.0,17.8,S
2021-07-21T09:37:09,200.0,17.8,S
2021-07-21T09:36:57,1300.0,17.8,S
2021-07-21T09:36:57,4400.0,17.8,S
2021-07-21T09:36:57,4300.0,17.8,S
2021-07-21T09:36:54,6500.0,17.85,B
2021-07-21T09:36:46,2900.0,17.8,S
2021-07-21T09:36:44,200.0,17.8,S
2021-07-21T09:36:43,1000.0,17.8,S
2021-07-21T09:36:36,2000.0,17.85,B
2021-07-21T09:36:32,1000.0,17.8,S
2021-07-21T09:36:28,200.0,17.85,B
2021-07-21T09:36:13,8100.0,17.85,S
2021-07-21T09:36:13,400.0,17.85,S
2021-07-21T09:36:12,500.0,17.85,S
2021-07-21T09:36:08,100.0,17.85,S
2021-07-21T09:36:07,500.0,17.85,S
2021-07-21T09:36:07,1500.0,17.85,S
2021-07-21T09:36:07,3000.0,17.85,S
2021-07-21T09:36:07,3800.0,17.85,S
2021-07-21T09:36:01,1000.0,17.85,S
2021-07-21T09:35:58,1900.0,17.85,S
2021-07-21T09:35:58,2000.0,17.85,S
2021-07-21T09:35:58,100.0,17.85,S
2021-07-21T09:35:58,1300.0,17.85,S
2021-07-21T09:35:56,900.0,17.85,S
2021-07-21T09:35:43,3000.0,17.85,S
2021-07-21T09:35:41,100.0,17.85,S
2021-07-21T09:35:39,1100.0,17.85,S
2021-07-21T09:35:35,2000.0,17.85,S
2021-07-21T09:35:26,300.0,17.85,S
2021-07-21T09:35:12,100.0,17.85,S
2021-07-21T09:34:49,3000.0,17.85,S
2021-07-21T09:34:36,5000.0,17.9,B
2021-07-21T09:34:09,100.0,17.9,B
2021-07-21T09:33:59,500.0,17.9,B
2021-07-21T09:33:35,2000.0,17.9,B
2021-07-21T09:33:35,13000.0,17.85,S
2021-07-21T09:33:20,200.0,17.9,B
2021-07-21T09:33:09,1000.0,17.9,B
2021-07-21T09:32:43,200.0,17.9,B
2021-07-21T09:32:16,500.0,17.9,B
2021-07-21T09:32:11,200.0,17.9,B
2021-07-21T09:31:38,1000.0,17.9,B
2021-07-21T09:31:24,2400.0,17.85,S
2021-07-21T09:30:50,500.0,17.85,S
2021-07-21T09:30:45,1000.0,17.85,S
2021-07-21T09:30:45,100.0,17.85,S
2021-07-21T09:30:32,1000.0,17.85,S
2021-07-21T09:30:15,100.0,17.85,S
2021-07-21T09:30:06,1000.0,17.9,B
2021-07-21T09:30:00,2000.0,17.9,B
2021-07-21T09:29:58,300.0,17.9,B
2021-07-21T09:29:45,4500.0,17.9,B
2021-07-21T09:29:43,200.0,17.9,B
2021-07-21T09:29:33,1000.0,17.9,B
2021-07-21T09:29:18,5000.0,17.9,B
2021-07-21T09:29:11,7700.0,17.9,B
2021-07-21T09:29:06,10000.0,17.9,B
2021-07-21T09:29:00,100.0,17.85,S
2021-07-21T09:28:47,700.0,17.9,B
2021-07-21T09:28:47,3600.0,17.9,B
2021-07-21T09:28:47,2000.0,17.9,B
2021-07-21T09:28:47,1000.0,17.9,B
2021-07-21T09:28:47,200.0,17.85,B
2021-07-21T09:28:47,15500.0,17.85,B
2021-07-21T09:28:14,200.0,17.85,B
2021-07-21T09:28:06,2000.0,17.8,S
2021-07-21T09:27:29,100.0,17.8,B
2021-07-21T09:27:29,800.0,17.8,B
2021-07-21T09:27:29,300.0,17.8,B
2021-07-21T09:27:29,500.0,17.8,B
2021-07-21T09:27:29,400.0,17.8,B
2021-07-21T09:27:15,2200.0,17.8,B
2021-07-21T09:27:13,900.0,17.8,B
2021-07-21T09:27:13,3600.0,17.8,B
2021-07-21T09:27:08,3600.0,17.8,B
2021-07-21T09:26:49,200.0,17.8,B
2021-07-21T09:26:32,1500.0,17.75,S
2021-07-21T09:26:24,100.0,17.75,S
2021-07-21T09:26:03,200.0,17.8,B
2021-07-21T09:25:59,200.0,17.75,S
2021-07-21T09:25:58,200.0,17.75,S
2021-07-21T09:25:39,300.0,17.75,S
2021-07-21T09:25:34,1000.0,17.75,S
2021-07-21T09:25:32,100.0,17.75,S
2021-07-21T09:25:30,300.0,17.75,S
2021-07-21T09:25:30,500.0,17.75,S
2021-07-21T09:25:30,100.0,17.8,B
2021-07-21T09:25:26,500.0,17.75,S
2021-07-21T09:25:15,200.0,17.8,B
2021-07-21T09:25:01,5000.0,17.75,S
2021-07-21T09:24:53,8700.0,17.75,B
2021-07-21T09:24:51,7000.0,17.75,B
2021-07-21T09:24:45,1000.0,17.7,S
2021-07-21T09:24:40,500.0,17.7,S
2021-07-21T09:24:05,2000.0,17.7,S
2021-07-21T09:24:00,200.0,17.75,B
2021-07-21T09:23:46,5000.0,17.7,S
2021-07-21T09:23:41,100.0,17.75,B
2021-07-21T09:23:36,100.0,17.7,S
2021-07-21T09:23:20,1000.0,17.75,B
2021-07-21T09:23:12,500.0,17.7,S
2021-07-21T09:23:11,5000.0,17.7,S
2021-07-21T09:22:56,100.0,17.7,S
2021-07-21T09:22:48,100.0,17.7,S
2021-07-21T09:22:42,500.0,17.7,S
2021-07-21T09:22:21,2200.0,17.75,S
2021-07-21T09:22:12,1000.0,17.75,S
2021-07-21T09:22:08,500.0,17.8,B
2021-07-21T09:22:04,100.0,17.8,B
2021-07-21T09:22:03,500.0,17.75,S
2021-07-21T09:21:57,300.0,17.8,B
2021-07-21T09:21:02,300.0,17.8,B
2021-07-21T09:20:24,100.0,17.8,B
2021-07-21T09:20:11,1300.0,17.8,B
2021-07-21T09:19:31,500.0,17.75,B
2021-07-21T09:19:26,700.0,17.7,S
2021-07-21T09:19:15,1000.0,17.7,S
2021-07-21T09:19:15,100.0,17.7,S
2021-07-21T09:19:08,100.0,17.75,B
2021-07-21T09:18:57,100.0,17.7,S
2021-07-21T09:18:54,600.0,17.7,S
2021-07-21T09:18:40,600.0,17.7,S
2021-07-21T09:18:36,1000.0,17.7,B
2021-07-21T09:18:36,1600.0,17.7,B
2021-07-21T09:18:36,2200.0,17.7,B
2021-07-21T09:18:36,100.0,17.7,B
2021-07-21T09:18:26,100.0,17.7,B
2021-07-21T09:18:20,1000.0,17.7,B
2021-07-21T09:18:16,1000.0,17.7,B
2021-07-21T09:18:15,1000.0,17.7,B
2021-07-21T09:18:07,1000.0,17.7,B
2021-07-21T09:18:02,200.0,17.7,B
2021-07-21T09:17:35,100.0,17.7,B
2021-07-21T09:17:32,3300.0,17.7,S
2021-07-21T09:17:17,1000.0,17.7,S
2021-07-21T09:16:48,100.0,17.7,S
2021-07-21T09:16:09,100.0,17.7,B
2021-07-21T09:16:05,5000.0,17.7,B
2021-07-21T09:15:49,800.0,17.7,B
2021-07-21T09:15:47,200.0,17.7,B
2021-07-21T09:15:28,5000.0,17.65,S
