tradingTime,volume,price,side
2021-07-21T14:29:37,500.0,14.8,S
2021-07-21T14:28:45,1500.0,14.8,S
2021-07-21T14:28:35,10000.0,14.8,B
2021-07-21T14:26:31,5000.0,14.8,B
2021-07-21T14:26:29,100.0,14.8,B
2021-07-21T14:23:22,200.0,14.7,B
2021-07-21T14:23:17,200.0,14.7,B
2021-07-21T14:23:12,2000.0,14.7,B
2021-07-21T14:22:40,1000.0,14.7,B
2021-07-21T14:22:19,200.0,14.7,B
2021-07-21T14:21:59,1000.0,14.7,B
2021-07-21T14:21:33,1000.0,14.7,B
2021-07-21T14:21:26,700.0,14.7,B
2021-07-21T14:20:32,200.0,14.7,B
2021-07-21T14:19:24,500.0,14.7,B
2021-07-21T14:18:49,100.0,14.7,B
2021-07-21T14:13:57,100.0,14.7,B
2021-07-21T14:12:24,1100.0,14.7,S
2021-07-21T14:09:27,2500.0,14.7,B
2021-07-21T14:09:12,2000.0,14.7,B
2021-07-21T14:09:11,800.0,14.7,B
2021-07-21T14:08:11,100.0,14.7,B
2021-07-21T14:07:51,1400.0,14.7,S
2021-07-21T14:06:46,1600.0,14.7,B
2021-07-21T14:06:34,1000.0,14.7,B
2021-07-21T14:06:10,1300.0,14.7,B
2021-07-21T14:06:04,4100.0,14.7,S
2021-07-21T14:05:57,1000.0,14.7,S
2021-07-21T14:04:46,500.0,14.7,S
2021-07-21T14:04:40,4000.0,14.7,B
2021-07-21T14:04:16,1600.0,14.7,B
2021-07-21T14:04:14,3900.0,14.7,S
2021-07-21T14:03:23,1000.0,14.8,B
2021-07-21T14:02:19,500.0,14.7,B
2021-07-21T14:02:13,800.0,14.7,B
2021-07-21T14:02:00,5000.0,14.7,B
2021-07-21T14:01:54,1100.0,14.7,B
2021-07-21T14:01:38,900.0,14.7,B
2021-07-21T14:00:05,4700.0,14.7,S
2021-07-21T13:55:47,5000.0,14.8,B
2021-07-21T13:55:45,800.0,14.7,S
2021-07-21T13:54:35,1000.0,14.7,S
2021-07-21T13:51:29,500.0,14.7,S
2021-07-21T13:43:04,300.0,14.8,B
2021-07-21T13:41:51,3500.0,14.8,B
2021-07-21T13:40:53,200.0,14.8,B
2021-07-21T13:39:41,2000.0,14.8,B
2021-07-21T13:32:16,1000.0,14.8,S
2021-07-21T13:31:31,800.0,14.7,S
2021-07-21T13:31:07,700.0,14.8,B
2021-07-21T13:30:14,200.0,14.8,B
2021-07-21T13:28:50,200.0,14.8,B
2021-07-21T13:28:31,500.0,14.8,B
2021-07-21T13:28:22,200.0,14.8,B
2021-07-21T13:20:21,5000.0,14.8,B
2021-07-21T13:19:35,2200.0,14.8,S
2021-07-21T13:18:21,100.0,14.9,B
2021-07-21T13:17:04,300.0,14.8,B
2021-07-21T13:16:52,1400.0,14.8,B
2021-07-21T13:16:47,500.0,14.8,S
2021-07-21T13:15:11,300.0,14.9,B
2021-07-21T13:06:29,500.0,14.9,B
2021-07-21T13:03:18,100.0,14.9,B
2021-07-21T13:02:04,100.0,14.9,B
2021-07-21T13:00:05,100.0,14.8,S
2021-07-21T11:26:00,100.0,14.8,B
2021-07-21T11:25:43,1000.0,14.8,B
2021-07-21T11:25:24,3200.0,14.8,B
2021-07-21T11:23:46,100.0,14.8,B
2021-07-21T11:22:40,4600.0,14.8,B
2021-07-21T11:19:38,3400.0,14.8,B
2021-07-21T11:17:40,200.0,14.7,S
2021-07-21T11:13:42,5500.0,14.7,B
2021-07-21T11:11:47,11500.0,14.7,S
2021-07-21T11:05:23,1600.0,14.8,S
2021-07-21T11:00:20,300.0,14.8,S
2021-07-21T10:59:43,500.0,14.8,S
2021-07-21T10:57:07,2700.0,14.8,B
2021-07-21T10:56:08,100.0,14.8,B
2021-07-21T10:55:48,500.0,14.8,B
2021-07-21T10:55:06,6700.0,14.8,S
2021-07-21T10:51:26,200.0,14.9,B
2021-07-21T10:48:46,18200.0,14.9,S
2021-07-21T10:47:56,200.0,14.9,S
2021-07-21T10:44:41,12100.0,14.9,S
2021-07-21T10:42:58,900.0,15.0,B
2021-07-21T10:39:01,1000.0,15.0,B
2021-07-21T10:37:45,1000.0,15.0,B
2021-07-21T10:32:56,500.0,15.0,B
2021-07-21T10:30:29,1100.0,15.0,B
2021-07-21T10:28:03,100.0,15.0,B
2021-07-21T10:27:09,500.0,14.9,S
2021-07-21T10:22:13,400.0,14.9,B
2021-07-21T10:21:46,2000.0,14.9,B
2021-07-21T10:21:26,100.0,14.9,B
2021-07-21T10:21:25,1500.0,14.8,S
2021-07-21T10:20:16,300.0,14.9,B
2021-07-21T10:19:32,500.0,14.9,B
2021-07-21T10:19:00,2000.0,14.9,B
2021-07-21T10:18:40,500.0,14.8,S
2021-07-21T10:18:20,1000.0,14.9,B
2021-07-21T10:18:11,1000.0,14.9,B
2021-07-21T10:16:59,1000.0,14.9,B
2021-07-21T10:15:43,100.0,14.9,B
2021-07-21T10:15:17,8000.0,14.8,S
2021-07-21T10:14:59,38200.0,14.9,S
2021-07-21T10:14:47,1000.0,15.0,B
2021-07-21T10:10:05,2000.0,15.0,B
2021-07-21T10:06:43,1800.0,15.0,B
2021-07-21T10:05:29,1000.0,15.0,B
2021-07-21T10:04:46,100.0,15.0,B
2021-07-21T10:04:08,1000.0,15.0,B
2021-07-21T10:03:38,5000.0,15.0,B
2021-07-21T10:00:07,1000.0,15.0,B
2021-07-21T09:59:15,5000.0,15.0,B
2021-07-21T09:58:29,800.0,15.0,B
2021-07-21T09:58:14,1000.0,15.0,B
2021-07-21T09:57:57,1000.0,15.0,B
2021-07-21T09:57:25,5000.0,15.0,B
2021-07-21T09:57:03,100.0,15.0,B
2021-07-21T09:55:50,1000.0,15.0,B
2021-07-21T09:55:47,500.0,15.0,B
2021-07-21T09:55:40,500.0,15.0,B
2021-07-21T09:55:36,500.0,15.0,B
2021-07-21T09:55:11,6400.0,15.0,B
2021-07-21T09:53:34,400.0,15.0,B
2021-07-21T09:52:54,3000.0,15.0,B
2021-07-21T09:52:44,1000.0,15.0,B
2021-07-21T09:52:29,2000.0,15.0,B
2021-07-21T09:52:12,10000.0,15.0,B
2021-07-21T09:52:08,600.0,15.0,B
2021-07-21T09:52:04,1000.0,15.0,B
2021-07-21T09:51:29,3000.0,15.0,B
2021-07-21T09:50:14,200.0,15.0,B
2021-07-21T09:48:36,800.0,15.0,B
2021-07-21T09:48:22,100.0,15.0,B
2021-07-21T09:48:20,500.0,15.0,B
2021-07-21T09:47:54,1000.0,15.0,B
2021-07-21T09:46:34,200.0,15.0,B
2021-07-21T09:43:20,100.0,15.0,B
2021-07-21T09:43:08,500.0,15.0,S
2021-07-21T09:42:54,4500.0,15.0,B
2021-07-21T09:42:41,500.0,15.0,B
2021-07-21T09:42:03,400.0,15.0,B
2021-07-21T09:39:46,400.0,15.0,B
2021-07-21T09:39:02,500.0,15.0,B
2021-07-21T09:37:56,5600.0,15.0,S
2021-07-21T09:37:39,100.0,15.0,S
2021-07-21T09:33:28,100.0,15.1,B
2021-07-21T09:32:48,1300.0,15.0,B
2021-07-21T09:32:40,500.0,15.0,B
2021-07-21T09:31:15,23200.0,15.0,B
2021-07-21T09:30:56,15000.0,15.0,S
2021-07-21T09:30:38,500.0,15.0,S
2021-07-21T09:28:52,300.0,15.0,B
2021-07-21T09:28:43,5000.0,15.0,B
2021-07-21T09:28:03,5000.0,15.0,B
2021-07-21T09:28:02,300.0,15.0,B
2021-07-21T09:28:00,500.0,15.0,B
2021-07-21T09:26:29,200.0,15.0,B
2021-07-21T09:25:23,10600.0,15.0,S
2021-07-21T09:24:34,5000.0,15.0,S
2021-07-21T09:22:45,4000.0,15.0,S
2021-07-21T09:22:34,500.0,15.0,S
2021-07-21T09:21:43,1300.0,15.1,S
2021-07-21T09:20:44,1000.0,15.1,S
2021-07-21T09:19:27,200.0,15.2,B
2021-07-21T09:16:23,1500.0,15.2,B
2021-07-21T09:14:31,1000.0,15.2,B
2021-07-21T09:10:04,300.0,15.2,B
2021-07-21T09:08:50,100.0,15.2,B
2021-07-21T09:07:49,7900.0,15.2,S
2021-07-21T09:05:59,1000.0,15.3,S
2021-07-21T09:05:21,700.0,15.4,S
2021-07-21T09:04:09,100.0,15.4,S
2021-07-21T09:03:35,200.0,15.4,S
2021-07-21T09:02:45,500.0,15.4,B
2021-07-21T09:02:32,500.0,15.4,B
2021-07-21T09:02:27,10000.0,15.7,B
2021-07-21T09:02:12,500.0,15.4,S
2021-07-21T09:01:24,6000.0,15.6,B
2021-07-21T09:00:36,400.0,15.2,B
2021-07-21T09:00:04,5000.0,16.0,B
