tradingTime,volume,price,side
2021-07-21T14:29:44,200.0,38.4,B
2021-07-21T14:29:31,600.0,38.4,B
2021-07-21T14:27:57,4900.0,38.2,S
2021-07-21T14:27:56,100.0,38.2,S
2021-07-21T14:27:11,500.0,38.2,S
2021-07-21T14:27:11,1500.0,38.2,S
2021-07-21T14:26:46,1000.0,38.35,S
2021-07-21T14:26:45,1900.0,38.35,B
2021-07-21T14:26:16,100.0,38.35,S
2021-07-21T14:26:13,1000.0,38.35,S
2021-07-21T14:25:56,200.0,38.35,S
2021-07-21T14:24:12,500.0,38.4,S
2021-07-21T14:24:10,1000.0,38.4,S
2021-07-21T14:22:57,100.0,38.5,S
2021-07-21T14:20:19,200.0,38.55,B
2021-07-21T14:19:02,200.0,38.5,B
2021-07-21T14:18:29,500.0,38.35,S
2021-07-21T14:16:29,1700.0,38.35,S
2021-07-21T14:13:17,100.0,38.55,S
2021-07-21T14:13:10,100.0,38.55,S
2021-07-21T14:12:45,1000.0,38.55,S
2021-07-21T14:12:16,1000.0,38.55,S
2021-07-21T14:12:02,500.0,38.55,S
2021-07-21T14:08:31,1000.0,38.55,S
2021-07-21T14:07:48,100.0,38.55,S
2021-07-21T14:07:16,100.0,38.7,B
2021-07-21T14:07:07,2000.0,38.7,B
2021-07-21T14:06:46,1300.0,38.55,S
2021-07-21T14:05:56,100.0,38.5,B
2021-07-21T14:05:56,300.0,38.5,B
2021-07-21T14:05:50,3000.0,38.5,B
2021-07-21T14:05:40,200.0,38.5,B
2021-07-21T14:05:25,800.0,38.5,B
2021-07-21T14:05:18,200.0,38.5,B
2021-07-21T14:04:52,500.0,38.5,B
2021-07-21T14:03:59,300.0,38.5,B
2021-07-21T14:01:33,100.0,38.5,B
2021-07-21T14:00:40,100.0,38.3,B
2021-07-21T13:59:44,500.0,38.1,B
2021-07-21T13:59:20,100.0,38.1,B
2021-07-21T13:59:16,500.0,38.1,B
2021-07-21T13:58:28,100.0,38.1,B
2021-07-21T13:58:13,100.0,38.1,B
2021-07-21T13:57:48,2400.0,38.0,B
2021-07-21T13:57:48,1000.0,38.0,B
2021-07-21T13:57:44,500.0,38.0,B
2021-07-21T13:57:26,500.0,38.0,B
2021-07-21T13:57:24,100.0,38.0,B
2021-07-21T13:56:56,18000.0,38.0,B
2021-07-21T13:56:27,5700.0,38.0,S
2021-07-21T13:56:17,2800.0,38.0,S
2021-07-21T13:56:17,2200.0,38.0,S
2021-07-21T13:56:11,600.0,38.0,S
2021-07-21T13:55:57,900.0,38.0,S
2021-07-21T13:55:57,2200.0,38.0,S
2021-07-21T13:55:57,7000.0,38.0,S
2021-07-21T13:55:57,2000.0,38.0,S
2021-07-21T13:55:57,900.0,38.0,S
2021-07-21T13:55:54,1500.0,38.0,S
2021-07-21T13:55:54,100.0,38.05,S
2021-07-21T13:55:54,1500.0,38.05,S
2021-07-21T13:55:42,1400.0,38.05,S
2021-07-21T13:55:42,400.0,38.05,S
2021-07-21T13:55:35,400.0,38.05,S
2021-07-21T13:55:34,300.0,38.05,S
2021-07-21T13:55:34,500.0,38.05,S
2021-07-21T13:55:18,3300.0,38.1,S
2021-07-21T13:55:18,1300.0,38.1,S
2021-07-21T13:55:18,300.0,38.2,S
2021-07-21T13:55:18,1700.0,38.2,S
2021-07-21T13:55:09,900.0,38.2,S
2021-07-21T13:55:02,2000.0,38.2,S
2021-07-21T13:55:02,500.0,38.2,S
2021-07-21T13:55:02,100.0,38.2,S
2021-07-21T13:54:51,1900.0,38.25,S
2021-07-21T13:54:48,3400.0,38.25,S
2021-07-21T13:54:33,300.0,38.3,S
2021-07-21T13:54:33,3300.0,38.3,S
2021-07-21T13:53:50,500.0,38.3,B
2021-07-21T13:53:49,1000.0,38.3,B
2021-07-21T13:53:46,600.0,38.25,S
2021-07-21T13:53:39,500.0,38.3,B
2021-07-21T13:53:37,100.0,38.25,S
2021-07-21T13:53:31,100.0,38.3,B
2021-07-21T13:52:52,100.0,38.25,S
2021-07-21T13:52:50,3000.0,38.25,B
2021-07-21T13:52:23,1000.0,38.25,B
2021-07-21T13:51:10,400.0,38.2,S
2021-07-21T13:50:40,700.0,38.2,S
2021-07-21T13:50:18,100.0,38.2,B
2021-07-21T13:49:55,3600.0,38.2,B
2021-07-21T13:49:45,100.0,38.25,B
2021-07-21T13:49:37,500.0,38.25,B
2021-07-21T13:49:35,1800.0,38.2,S
2021-07-21T13:48:20,1300.0,38.25,S
2021-07-21T13:47:42,800.0,38.3,S
2021-07-21T13:47:42,200.0,38.3,S
2021-07-21T13:47:42,2100.0,38.3,S
2021-07-21T13:46:55,5000.0,38.3,S
2021-07-21T13:45:54,1000.0,38.4,S
2021-07-21T13:45:36,100.0,38.4,S
2021-07-21T13:45:16,500.0,38.45,B
2021-07-21T13:44:50,100.0,38.45,B
2021-07-21T13:44:40,200.0,38.45,B
2021-07-21T13:44:22,100.0,38.45,B
2021-07-21T13:44:05,300.0,38.45,S
2021-07-21T13:44:04,100.0,38.45,S
2021-07-21T13:43:47,1800.0,38.45,S
2021-07-21T13:43:47,4200.0,38.45,S
2021-07-21T13:43:21,5000.0,38.5,B
2021-07-21T13:42:24,1600.0,38.5,B
2021-07-21T13:42:09,400.0,38.5,B
2021-07-21T13:41:53,300.0,38.5,B
2021-07-21T13:41:27,5000.0,38.5,B
2021-07-21T13:40:51,100.0,38.5,B
2021-07-21T13:39:57,1000.0,38.5,B
2021-07-21T13:38:36,15100.0,38.5,S
2021-07-21T13:38:36,500.0,38.5,S
2021-07-21T13:38:36,2000.0,38.5,S
2021-07-21T13:38:36,900.0,38.5,S
2021-07-21T13:38:36,300.0,38.5,S
2021-07-21T13:38:36,5800.0,38.5,S
2021-07-21T13:38:36,600.0,38.55,S
2021-07-21T13:35:21,800.0,38.6,S
2021-07-21T13:35:11,700.0,38.6,S
2021-07-21T13:33:52,100.0,38.6,B
2021-07-21T13:33:19,300.0,38.6,B
2021-07-21T13:31:10,500.0,38.6,B
2021-07-21T13:30:50,700.0,38.6,S
2021-07-21T13:29:13,300.0,38.6,S
2021-07-21T13:28:57,200.0,38.6,S
2021-07-21T13:27:25,3000.0,38.6,B
2021-07-21T13:27:25,800.0,38.6,B
2021-07-21T13:26:56,100.0,38.6,B
2021-07-21T13:26:42,500.0,38.5,S
2021-07-21T13:26:11,500.0,38.5,S
2021-07-21T13:24:19,100.0,38.5,B
2021-07-21T13:24:18,1000.0,38.45,S
2021-07-21T13:24:18,100.0,38.5,B
2021-07-21T13:24:15,2500.0,38.5,B
2021-07-21T13:24:08,500.0,38.5,B
2021-07-21T13:23:54,800.0,38.45,B
2021-07-21T13:23:49,200.0,38.45,S
2021-07-21T13:23:27,3000.0,38.5,B
2021-07-21T13:21:19,500.0,38.45,S
2021-07-21T13:21:08,1000.0,38.5,S
2021-07-21T13:20:54,1100.0,38.45,S
2021-07-21T13:20:24,100.0,38.5,S
2021-07-21T13:20:17,1900.0,38.5,S
2021-07-21T13:18:56,4400.0,38.5,B
2021-07-21T13:18:54,100.0,38.5,B
2021-07-21T13:18:50,100.0,38.5,B
2021-07-21T13:18:15,100.0,38.5,B
2021-07-21T13:18:12,100.0,38.5,B
2021-07-21T13:18:00,1000.0,38.5,B
2021-07-21T13:17:38,100.0,38.5,B
2021-07-21T13:16:36,700.0,38.5,S
2021-07-21T13:15:57,600.0,38.5,S
2021-07-21T13:15:57,11700.0,38.5,S
2021-07-21T13:15:57,100.0,38.5,S
2021-07-21T13:15:57,500.0,38.5,S
2021-07-21T13:15:57,200.0,38.5,S
2021-07-21T13:15:57,7500.0,38.5,S
2021-07-21T13:15:57,200.0,38.5,S
2021-07-21T13:15:57,400.0,38.5,S
2021-07-21T13:15:57,2800.0,38.5,S
2021-07-21T13:15:52,100.0,38.65,S
2021-07-21T13:15:40,300.0,38.7,B
2021-07-21T13:14:56,100.0,38.7,S
2021-07-21T13:14:56,200.0,38.7,S
2021-07-21T13:14:56,3700.0,38.7,S
2021-07-21T13:14:56,700.0,38.7,S
2021-07-21T13:14:56,600.0,38.7,S
2021-07-21T13:14:56,3800.0,38.7,S
2021-07-21T13:14:54,8000.0,38.7,S
2021-07-21T13:14:47,500.0,38.7,S
2021-07-21T13:14:22,100.0,38.75,B
2021-07-21T13:13:44,1000.0,38.75,S
2021-07-21T13:13:44,100.0,38.75,S
2021-07-21T13:13:44,7200.0,38.75,S
2021-07-21T13:13:34,500.0,38.75,S
2021-07-21T13:13:28,1600.0,38.75,S
2021-07-21T13:13:24,1000.0,38.75,S
2021-07-21T13:13:16,300.0,38.75,S
2021-07-21T13:09:32,500.0,38.8,B
2021-07-21T13:09:20,1000.0,38.75,S
2021-07-21T13:07:09,3500.0,38.8,S
2021-07-21T13:06:55,100.0,38.8,S
2021-07-21T13:05:37,400.0,38.9,B
2021-07-21T13:05:18,1600.0,38.9,B
2021-07-21T13:04:49,1100.0,38.85,B
2021-07-21T13:00:12,1000.0,38.85,B
2021-07-21T13:00:07,3000.0,38.8,S
2021-07-21T13:00:07,2000.0,38.85,B
2021-07-21T13:00:05,1000.0,38.8,S
2021-07-21T13:00:05,200.0,38.8,S
2021-07-21T11:29:58,2000.0,38.8,S
2021-07-21T11:29:10,1000.0,38.8,S
2021-07-21T11:27:56,500.0,38.8,S
2021-07-21T11:27:34,1000.0,38.8,S
2021-07-21T11:26:18,1700.0,38.8,S
2021-07-21T11:26:18,300.0,38.8,S
2021-07-21T11:25:19,400.0,38.8,S
2021-07-21T11:24:04,100.0,38.8,S
2021-07-21T11:23:28,100.0,38.85,B
2021-07-21T11:18:55,1000.0,38.8,S
2021-07-21T11:18:50,3200.0,38.8,B
2021-07-21T11:18:39,500.0,38.8,B
2021-07-21T11:18:35,500.0,38.8,B
2021-07-21T11:18:10,100.0,38.8,B
2021-07-21T11:17:40,3000.0,38.8,B
2021-07-21T11:13:51,500.0,38.75,S
2021-07-21T11:13:51,1000.0,38.75,S
2021-07-21T11:13:28,100.0,38.75,S
2021-07-21T11:13:26,10800.0,38.8,B
2021-07-21T11:12:21,2800.0,38.8,B
2021-07-21T11:11:11,1200.0,38.8,B
2021-07-21T11:11:09,2900.0,38.75,S
2021-07-21T11:11:04,1000.0,38.75,S
2021-07-21T11:10:55,5000.0,38.75,S
2021-07-21T11:07:33,400.0,38.75,B
2021-07-21T11:06:48,500.0,38.75,S
2021-07-21T11:06:40,200.0,38.75,S
2021-07-21T11:06:40,200.0,38.75,S
2021-07-21T11:06:33,100.0,38.75,S
2021-07-21T11:06:33,100.0,38.75,S
2021-07-21T11:06:27,100.0,38.75,S
2021-07-21T11:06:27,400.0,38.75,S
2021-07-21T11:06:25,1000.0,38.75,S
2021-07-21T11:06:11,2800.0,38.75,S
2021-07-21T11:06:03,5500.0,38.75,S
2021-07-21T11:05:56,1900.0,38.8,S
2021-07-21T11:05:28,100.0,38.8,S
2021-07-21T11:05:26,300.0,38.8,S
2021-07-21T11:05:03,100.0,38.8,S
2021-07-21T11:05:03,100.0,38.8,S
2021-07-21T11:05:03,1200.0,38.8,S
2021-07-21T11:04:57,200.0,38.8,S
2021-07-21T11:04:54,600.0,38.8,S
2021-07-21T11:04:54,100.0,38.8,S
2021-07-21T11:04:54,200.0,38.8,S
2021-07-21T11:04:47,200.0,38.8,S
2021-07-21T11:04:47,1700.0,38.8,S
2021-07-21T11:04:43,3300.0,38.8,S
2021-07-21T11:04:43,800.0,38.8,S
2021-07-21T11:04:43,3500.0,38.8,S
2021-07-21T11:04:43,2400.0,38.8,S
2021-07-21T11:04:39,400.0,38.8,S
2021-07-21T11:04:36,500.0,38.85,B
2021-07-21T11:04:28,300.0,38.8,S
2021-07-21T11:04:28,200.0,38.8,S
2021-07-21T11:04:21,1000.0,38.8,S
2021-07-21T11:04:13,500.0,38.8,S
2021-07-21T11:03:23,700.0,38.85,S
2021-07-21T11:03:11,3000.0,38.85,S
2021-07-21T11:01:58,100.0,38.85,S
2021-07-21T11:00:28,200.0,38.9,B
2021-07-21T11:00:06,200.0,38.9,B
2021-07-21T10:59:40,5000.0,38.9,B
2021-07-21T10:58:49,100.0,38.85,S
2021-07-21T10:58:06,500.0,38.9,B
2021-07-21T10:57:35,3900.0,38.85,S
2021-07-21T10:55:20,100.0,38.8,S
2021-07-21T10:54:58,200.0,38.8,S
2021-07-21T10:54:35,1000.0,38.8,S
2021-07-21T10:52:46,300.0,38.8,S
2021-07-21T10:52:45,1600.0,38.85,B
2021-07-21T10:49:45,200.0,38.85,B
2021-07-21T10:49:38,500.0,38.85,B
2021-07-21T10:48:55,400.0,38.85,S
2021-07-21T10:48:18,800.0,38.85,S
2021-07-21T10:47:27,1000.0,38.85,S
2021-07-21T10:46:38,800.0,38.85,B
2021-07-21T10:46:35,1500.0,38.85,B
2021-07-21T10:46:33,1500.0,38.85,B
2021-07-21T10:46:29,1200.0,38.85,B
2021-07-21T10:46:00,200.0,38.85,S
2021-07-21T10:45:59,1000.0,38.85,S
2021-07-21T10:45:47,1500.0,38.85,S
2021-07-21T10:45:39,3700.0,38.85,S
2021-07-21T10:45:32,100.0,38.85,S
2021-07-21T10:45:20,800.0,38.9,S
2021-07-21T10:45:14,100.0,38.9,S
2021-07-21T10:45:09,200.0,38.9,S
2021-07-21T10:45:03,100.0,38.9,S
2021-07-21T10:45:03,100.0,38.9,S
2021-07-21T10:42:48,100.0,38.9,S
2021-07-21T10:42:23,100.0,38.9,B
2021-07-21T10:42:19,600.0,38.9,B
2021-07-21T10:40:45,3900.0,39.0,B
2021-07-21T10:40:45,1100.0,38.95,B
2021-07-21T10:40:18,5000.0,38.95,B
2021-07-21T10:40:02,200.0,38.95,B
2021-07-21T10:39:38,2000.0,38.95,B
2021-07-21T10:38:05,1800.0,38.95,S
2021-07-21T10:37:20,100.0,38.95,B
2021-07-21T10:37:20,100.0,38.95,B
2021-07-21T10:33:47,700.0,38.95,S
2021-07-21T10:33:38,6500.0,39.0,B
2021-07-21T10:33:21,1000.0,38.95,S
2021-07-21T10:33:06,300.0,38.95,S
2021-07-21T10:32:54,1500.0,38.95,B
2021-07-21T10:32:05,100.0,38.95,B
2021-07-21T10:29:37,100.0,38.95,B
2021-07-21T10:28:13,1500.0,39.0,B
2021-07-21T10:26:58,2400.0,39.0,B
2021-07-21T10:26:55,5000.0,38.9,B
2021-07-21T10:26:25,500.0,38.9,B
2021-07-21T10:25:49,500.0,38.9,B
2021-07-21T10:25:47,500.0,38.9,B
2021-07-21T10:25:09,200.0,38.9,B
2021-07-21T10:25:02,500.0,38.9,B
2021-07-21T10:24:54,500.0,38.9,B
2021-07-21T10:24:18,500.0,38.9,B
2021-07-21T10:24:00,1000.0,38.9,B
2021-07-21T10:23:35,5000.0,38.9,B
2021-07-21T10:22:49,100.0,38.85,B
2021-07-21T10:22:36,100.0,38.9,B
2021-07-21T10:22:36,200.0,38.8,S
2021-07-21T10:22:26,100.0,38.9,B
2021-07-21T10:21:51,2500.0,38.9,B
2021-07-21T10:19:24,7300.0,38.8,B
2021-07-21T10:18:48,500.0,38.8,B
2021-07-21T10:18:30,100.0,38.8,B
2021-07-21T10:17:40,100.0,38.8,B
2021-07-21T10:16:29,200.0,38.75,S
2021-07-21T10:15:36,1000.0,38.8,B
2021-07-21T10:15:29,100.0,38.8,B
2021-07-21T10:14:32,100.0,38.8,B
2021-07-21T10:13:53,100.0,38.8,B
2021-07-21T10:13:45,8000.0,38.8,B
2021-07-21T10:13:45,2800.0,38.8,S
2021-07-21T10:13:45,100.0,38.8,S
2021-07-21T10:13:45,100.0,38.8,S
2021-07-21T10:12:17,4900.0,38.8,B
2021-07-21T10:11:53,200.0,38.8,B
2021-07-21T10:11:20,100.0,38.8,B
2021-07-21T10:10:31,200.0,38.75,S
2021-07-21T10:10:20,1000.0,38.75,S
2021-07-21T10:10:03,100.0,38.75,S
2021-07-21T10:10:03,100.0,38.75,S
2021-07-21T10:08:14,100.0,38.7,S
2021-07-21T10:07:20,400.0,38.8,S
2021-07-21T10:07:20,2900.0,38.8,S
2021-07-21T10:07:20,500.0,38.8,S
2021-07-21T10:07:20,200.0,38.8,S
2021-07-21T10:07:20,1300.0,38.8,S
2021-07-21T10:07:11,700.0,38.8,S
2021-07-21T10:07:11,100.0,38.85,B
2021-07-21T10:06:58,400.0,38.85,B
2021-07-21T10:06:35,2900.0,38.85,S
2021-07-21T10:06:25,2000.0,38.9,S
2021-07-21T10:06:16,3800.0,38.9,S
2021-07-21T10:05:09,100.0,39.0,B
2021-07-21T10:04:50,100.0,39.0,B
2021-07-21T10:04:41,200.0,39.0,B
2021-07-21T10:04:37,2000.0,39.0,S
2021-07-21T10:04:35,1100.0,39.0,S
2021-07-21T10:04:28,2000.0,39.0,S
2021-07-21T10:03:56,400.0,39.0,S
2021-07-21T10:03:43,500.0,39.0,S
2021-07-21T10:02:44,1000.0,39.0,S
2021-07-21T10:02:38,400.0,39.0,S
2021-07-21T10:02:18,1000.0,39.0,S
2021-07-21T10:02:08,500.0,39.0,S
2021-07-21T10:01:26,100.0,39.0,S
2021-07-21T10:01:24,300.0,39.0,S
2021-07-21T10:01:11,1600.0,39.0,S
2021-07-21T10:01:04,600.0,39.0,S
2021-07-21T10:00:51,3000.0,39.0,S
2021-07-21T10:00:41,10000.0,39.0,S
2021-07-21T10:00:33,1300.0,39.0,S
2021-07-21T10:00:19,500.0,39.0,S
2021-07-21T10:00:15,4000.0,39.0,S
2021-07-21T09:58:15,100.0,39.05,S
2021-07-21T09:57:41,5000.0,39.05,S
2021-07-21T09:56:54,100.0,39.1,B
2021-07-21T09:56:19,100.0,39.1,B
2021-07-21T09:56:07,5000.0,39.1,B
2021-07-21T09:55:43,2300.0,39.05,S
2021-07-21T09:55:15,3000.0,39.05,B
2021-07-21T09:55:14,500.0,39.05,B
2021-07-21T09:54:55,500.0,39.0,S
2021-07-21T09:54:41,100.0,39.0,S
2021-07-21T09:54:34,1000.0,39.05,B
2021-07-21T09:54:14,1100.0,39.05,B
2021-07-21T09:53:42,100.0,39.0,B
2021-07-21T09:53:30,100.0,39.0,S
2021-07-21T09:53:22,200.0,39.0,S
2021-07-21T09:53:04,1000.0,39.0,S
2021-07-21T09:52:49,500.0,39.0,S
2021-07-21T09:52:41,1500.0,39.0,S
2021-07-21T09:51:55,800.0,39.05,B
2021-07-21T09:51:16,1000.0,39.05,B
2021-07-21T09:50:20,200.0,39.05,B
2021-07-21T09:50:08,500.0,39.0,S
2021-07-21T09:49:45,300.0,39.0,S
2021-07-21T09:48:22,600.0,39.0,S
2021-07-21T09:47:31,1400.0,39.0,S
2021-07-21T09:47:05,100.0,39.0,S
2021-07-21T09:46:54,100.0,39.05,B
2021-07-21T09:46:10,1000.0,39.0,B
2021-07-21T09:46:10,11800.0,39.0,B
2021-07-21T09:45:52,500.0,39.0,B
2021-07-21T09:45:05,100.0,39.0,B
2021-07-21T09:45:05,3600.0,39.0,B
2021-07-21T09:45:05,200.0,39.0,B
2021-07-21T09:45:05,4200.0,39.0,B
2021-07-21T09:45:02,200.0,38.9,S
2021-07-21T09:44:46,1100.0,38.9,B
2021-07-21T09:44:46,600.0,38.9,B
2021-07-21T09:42:44,500.0,38.8,S
2021-07-21T09:42:33,200.0,38.8,S
2021-07-21T09:42:29,200.0,38.9,B
2021-07-21T09:41:39,100.0,38.8,S
2021-07-21T09:41:39,200.0,38.8,S
2021-07-21T09:41:29,2000.0,38.8,S
2021-07-21T09:41:24,600.0,38.8,S
2021-07-21T09:40:57,100.0,38.8,S
2021-07-21T09:40:47,700.0,38.8,S
2021-07-21T09:40:47,9300.0,38.8,S
2021-07-21T09:40:36,700.0,38.8,S
2021-07-21T09:40:08,1000.0,38.8,S
2021-07-21T09:40:06,100.0,38.8,S
2021-07-21T09:40:06,200.0,38.8,S
2021-07-21T09:39:44,700.0,38.9,B
2021-07-21T09:39:41,200.0,38.85,B
2021-07-21T09:39:40,500.0,38.85,S
2021-07-21T09:39:40,3700.0,38.85,S
2021-07-21T09:39:25,400.0,38.85,S
2021-07-21T09:38:49,900.0,38.9,S
2021-07-21T09:38:08,100.0,39.0,B
2021-07-21T09:38:08,500.0,39.0,B
2021-07-21T09:38:07,300.0,38.85,S
2021-07-21T09:38:03,800.0,39.0,B
2021-07-21T09:37:58,100.0,39.0,B
2021-07-21T09:37:55,1000.0,39.0,B
2021-07-21T09:37:44,100.0,39.0,B
2021-07-21T09:37:38,1500.0,39.0,B
2021-07-21T09:37:21,100.0,39.0,B
2021-07-21T09:37:11,200.0,39.0,B
2021-07-21T09:36:07,10000.0,39.0,B
2021-07-21T09:36:05,1000.0,39.0,B
2021-07-21T09:35:58,3200.0,38.9,S
2021-07-21T09:35:53,100.0,38.9,S
2021-07-21T09:35:53,800.0,38.9,S
2021-07-21T09:35:32,5000.0,39.0,B
2021-07-21T09:35:29,100.0,38.95,S
2021-07-21T09:35:25,100.0,39.0,S
2021-07-21T09:35:23,1800.0,39.0,S
2021-07-21T09:35:04,1000.0,39.0,S
2021-07-21T09:34:26,200.0,39.0,B
2021-07-21T09:34:26,2900.0,39.0,B
2021-07-21T09:34:05,6000.0,39.0,B
2021-07-21T09:32:40,600.0,39.0,S
2021-07-21T09:32:40,2100.0,39.0,S
2021-07-21T09:32:40,12000.0,39.0,S
2021-07-21T09:32:19,3900.0,39.0,S
2021-07-21T09:32:16,500.0,39.05,S
2021-07-21T09:32:16,1000.0,39.05,S
2021-07-21T09:32:08,200.0,39.05,S
2021-07-21T09:31:49,200.0,39.15,S
2021-07-21T09:31:34,5000.0,39.1,S
2021-07-21T09:31:26,300.0,39.15,S
2021-07-21T09:31:17,2500.0,39.15,S
2021-07-21T09:31:06,2100.0,39.2,S
2021-07-21T09:30:50,100.0,39.2,S
2021-07-21T09:30:41,300.0,39.2,S
2021-07-21T09:30:29,2500.0,39.2,B
2021-07-21T09:30:26,500.0,39.2,B
2021-07-21T09:30:26,100.0,39.15,S
2021-07-21T09:30:15,1000.0,39.2,B
2021-07-21T09:30:14,2000.0,39.2,B
2021-07-21T09:29:40,2000.0,39.2,B
2021-07-21T09:29:24,2000.0,39.15,S
2021-07-21T09:29:15,2000.0,39.2,B
2021-07-21T09:28:51,1000.0,39.2,B
2021-07-21T09:28:51,4000.0,39.2,B
2021-07-21T09:28:47,500.0,39.15,S
2021-07-21T09:28:22,1000.0,39.2,B
2021-07-21T09:28:03,100.0,39.15,S
2021-07-21T09:27:55,3500.0,39.2,B
2021-07-21T09:27:47,100.0,39.2,B
2021-07-21T09:27:19,300.0,39.2,B
2021-07-21T09:27:04,100.0,39.15,S
2021-07-21T09:26:44,1000.0,39.15,S
2021-07-21T09:26:34,100.0,39.15,B
2021-07-21T09:26:34,900.0,39.15,B
2021-07-21T09:26:20,200.0,39.15,B
2021-07-21T09:26:18,100.0,39.15,B
2021-07-21T09:25:57,1000.0,39.15,B
2021-07-21T09:25:50,400.0,39.1,S
2021-07-21T09:25:38,100.0,39.15,B
2021-07-21T09:25:18,200.0,39.15,B
2021-07-21T09:25:05,1700.0,39.1,B
2021-07-21T09:24:44,100.0,39.1,B
2021-07-21T09:24:25,100.0,39.1,B
2021-07-21T09:24:11,300.0,39.1,B
2021-07-21T09:23:54,1000.0,39.1,B
2021-07-21T09:23:02,100.0,39.1,B
2021-07-21T09:22:59,200.0,39.1,B
2021-07-21T09:22:41,2000.0,39.1,S
2021-07-21T09:22:28,100.0,39.1,S
2021-07-21T09:22:18,200.0,39.15,B
2021-07-21T09:21:36,2300.0,39.1,B
2021-07-21T09:21:29,500.0,39.05,S
2021-07-21T09:21:29,700.0,39.1,B
2021-07-21T09:21:29,200.0,39.1,B
2021-07-21T09:20:06,1000.0,39.0,S
2021-07-21T09:19:58,100.0,39.0,B
2021-07-21T09:19:58,500.0,39.0,B
2021-07-21T09:19:56,500.0,39.0,B
2021-07-21T09:19:34,200.0,39.0,B
2021-07-21T09:18:53,1200.0,38.9,S
2021-07-21T09:18:33,300.0,39.0,B
2021-07-21T09:18:13,200.0,39.0,B
2021-07-21T09:17:53,500.0,39.0,B
2021-07-21T09:16:45,700.0,39.0,S
2021-07-21T09:16:38,300.0,39.15,B
2021-07-21T09:16:29,100.0,39.0,S
2021-07-21T09:16:28,800.0,39.0,S
2021-07-21T09:16:28,200.0,39.0,S
2021-07-21T09:16:17,300.0,39.0,S
2021-07-21T09:15:51,1000.0,39.2,B
