tradingTime,volume,price,side
2021-07-21T14:29:59,100.0,41.4,S
2021-07-21T14:29:58,1800.0,41.5,B
2021-07-21T14:29:53,600.0,41.5,B
2021-07-21T14:29:53,700.0,41.4,S
2021-07-21T14:29:51,1200.0,41.5,B
2021-07-21T14:29:51,300.0,41.4,S
2021-07-21T14:29:39,300.0,41.5,B
2021-07-21T14:29:37,100.0,41.4,S
2021-07-21T14:29:36,500.0,41.5,B
2021-07-21T14:29:29,200.0,41.5,B
2021-07-21T14:29:26,100.0,41.5,B
2021-07-21T14:29:26,100.0,41.5,B
2021-07-21T14:29:23,1500.0,41.5,B
2021-07-21T14:29:19,10000.0,41.4,S
2021-07-21T14:29:16,3000.0,41.5,B
2021-07-21T14:29:14,10000.0,41.5,B
2021-07-21T14:29:10,2300.0,41.5,B
2021-07-21T14:29:09,100.0,41.5,B
2021-07-21T14:29:05,100.0,41.5,B
2021-07-21T14:29:02,500.0,41.5,B
2021-07-21T14:28:59,100.0,41.5,B
2021-07-21T14:28:48,2400.0,41.5,B
2021-07-21T14:28:44,100.0,41.5,B
2021-07-21T14:28:36,200.0,41.4,S
2021-07-21T14:28:28,100.0,41.5,B
2021-07-21T14:28:26,2000.0,41.4,S
2021-07-21T14:28:19,1600.0,41.4,S
2021-07-21T14:28:15,100.0,41.5,B
2021-07-21T14:28:08,200.0,41.4,S
2021-07-21T14:28:08,1000.0,41.5,B
2021-07-21T14:27:55,500.0,41.5,B
2021-07-21T14:27:51,1000.0,41.4,S
2021-07-21T14:27:38,900.0,41.4,S
2021-07-21T14:27:13,22300.0,41.5,B
2021-07-21T14:27:10,100.0,41.5,S
2021-07-21T14:27:03,10000.0,41.5,S
2021-07-21T14:27:01,1900.0,41.5,S
2021-07-21T14:26:59,1000.0,41.5,S
2021-07-21T14:26:57,100.0,41.5,S
2021-07-21T14:26:55,100.0,41.5,S
2021-07-21T14:26:45,3000.0,41.5,S
2021-07-21T14:26:45,1000.0,41.6,B
2021-07-21T14:26:38,500.0,41.5,S
2021-07-21T14:26:28,1000.0,41.5,S
2021-07-21T14:26:23,2200.0,41.5,S
2021-07-21T14:26:19,10000.0,41.5,B
2021-07-21T14:26:17,3300.0,41.5,B
2021-07-21T14:26:09,2000.0,41.5,B
2021-07-21T14:26:01,100.0,41.5,B
2021-07-21T14:25:56,300.0,41.5,B
2021-07-21T14:25:52,1000.0,41.5,B
2021-07-21T14:25:51,5000.0,41.5,B
2021-07-21T14:25:49,300.0,41.5,B
2021-07-21T14:25:43,100.0,41.5,B
2021-07-21T14:25:41,10000.0,41.5,B
2021-07-21T14:25:37,500.0,41.5,B
2021-07-21T14:25:33,100.0,41.5,B
2021-07-21T14:25:30,2000.0,41.4,S
2021-07-21T14:25:22,600.0,41.5,B
2021-07-21T14:25:09,2000.0,41.4,S
2021-07-21T14:25:08,100.0,41.4,S
2021-07-21T14:24:52,5000.0,41.4,S
2021-07-21T14:24:51,200.0,41.4,S
2021-07-21T14:24:48,100.0,41.4,S
2021-07-21T14:24:37,18200.0,41.4,B
2021-07-21T14:24:31,500.0,41.4,B
2021-07-21T14:24:17,1000.0,41.4,B
2021-07-21T14:24:06,1000.0,41.4,B
2021-07-21T14:24:02,3000.0,41.4,B
2021-07-21T14:23:57,800.0,41.3,S
2021-07-21T14:23:46,200.0,41.4,B
2021-07-21T14:23:34,200.0,41.4,B
2021-07-21T14:23:24,1200.0,41.4,B
2021-07-21T14:23:19,300.0,41.3,S
2021-07-21T14:23:19,100.0,41.3,S
2021-07-21T14:23:14,100.0,41.4,B
2021-07-21T14:23:14,1000.0,41.4,B
2021-07-21T14:23:13,500.0,41.3,S
2021-07-21T14:23:11,300.0,41.4,B
2021-07-21T14:23:01,200.0,41.4,B
2021-07-21T14:22:55,800.0,41.4,B
2021-07-21T14:22:51,300.0,41.4,B
2021-07-21T14:22:50,1000.0,41.4,B
2021-07-21T14:22:45,100.0,41.4,B
2021-07-21T14:22:25,500.0,41.4,B
2021-07-21T14:22:04,1000.0,41.3,S
2021-07-21T14:21:57,300.0,41.3,S
2021-07-21T14:21:54,100.0,41.4,B
2021-07-21T14:21:49,1000.0,41.3,S
2021-07-21T14:21:42,100.0,41.3,S
2021-07-21T14:21:35,100.0,41.3,S
2021-07-21T14:21:26,100.0,41.3,S
2021-07-21T14:21:15,100.0,41.3,S
2021-07-21T14:21:04,700.0,41.3,B
2021-07-21T14:21:02,1300.0,41.3,S
2021-07-21T14:20:54,1400.0,41.4,B
2021-07-21T14:20:48,100.0,41.3,S
2021-07-21T14:20:40,1000.0,41.3,S
2021-07-21T14:20:40,500.0,41.3,S
2021-07-21T14:20:30,200.0,41.3,S
2021-07-21T14:20:26,13000.0,41.3,S
2021-07-21T14:20:25,300.0,41.3,S
2021-07-21T14:20:13,500.0,41.3,S
2021-07-21T14:19:58,4000.0,41.3,S
2021-07-21T14:19:43,500.0,41.3,S
2021-07-21T14:19:43,600.0,41.3,S
2021-07-21T14:19:41,2200.0,41.3,B
2021-07-21T14:19:35,100.0,41.3,B
2021-07-21T14:19:34,1000.0,41.3,B
2021-07-21T14:19:33,2000.0,41.3,B
2021-07-21T14:19:32,1000.0,41.3,B
2021-07-21T14:19:10,100.0,41.3,B
2021-07-21T14:19:06,2500.0,41.3,B
2021-07-21T14:19:03,100.0,41.2,S
2021-07-21T14:18:57,100.0,41.3,B
2021-07-21T14:18:54,500.0,41.3,B
2021-07-21T14:18:53,6500.0,41.2,S
2021-07-21T14:18:43,100.0,41.2,S
2021-07-21T14:18:41,500.0,41.3,B
2021-07-21T14:18:39,14700.0,41.2,S
2021-07-21T14:18:33,100.0,41.2,S
2021-07-21T14:18:29,600.0,41.2,S
2021-07-21T14:18:29,100.0,41.3,B
2021-07-21T14:18:20,100.0,41.3,B
2021-07-21T14:18:18,200.0,41.3,B
2021-07-21T14:18:16,1500.0,41.3,S
2021-07-21T14:18:15,300.0,41.3,S
2021-07-21T14:18:14,13100.0,41.3,S
2021-07-21T14:18:04,100.0,41.3,S
2021-07-21T14:17:58,500.0,41.3,S
2021-07-21T14:17:54,500.0,41.4,B
2021-07-21T14:17:52,100.0,41.4,B
2021-07-21T14:17:50,1000.0,41.3,S
2021-07-21T14:17:47,500.0,41.3,S
2021-07-21T14:17:43,500.0,41.3,S
2021-07-21T14:17:37,500.0,41.3,S
2021-07-21T14:17:33,100.0,41.3,S
2021-07-21T14:17:22,100.0,41.3,S
2021-07-21T14:17:20,200.0,41.4,B
2021-07-21T14:17:00,1000.0,41.3,S
2021-07-21T14:16:59,200.0,41.3,S
2021-07-21T14:16:33,500.0,41.3,S
2021-07-21T14:16:30,100.0,41.3,S
2021-07-21T14:16:25,300.0,41.3,B
2021-07-21T14:16:23,700.0,41.3,S
2021-07-21T14:16:17,800.0,41.3,B
2021-07-21T14:16:16,200.0,41.3,B
2021-07-21T14:16:14,100.0,41.3,B
2021-07-21T14:16:12,500.0,41.3,B
2021-07-21T14:16:11,100.0,41.3,B
2021-07-21T14:16:10,1300.0,41.3,B
2021-07-21T14:16:09,600.0,41.3,B
2021-07-21T14:16:09,1000.0,41.3,B
2021-07-21T14:16:04,1000.0,41.3,B
2021-07-21T14:16:03,1000.0,41.3,B
2021-07-21T14:16:00,1000.0,41.3,B
2021-07-21T14:15:59,500.0,41.3,B
2021-07-21T14:15:50,1000.0,41.3,B
2021-07-21T14:15:44,100.0,41.3,B
2021-07-21T14:15:38,200.0,41.3,B
2021-07-21T14:15:36,200.0,41.3,B
2021-07-21T14:15:34,6600.0,41.3,B
2021-07-21T14:15:14,500.0,41.3,B
2021-07-21T14:15:11,200.0,41.2,S
2021-07-21T14:15:08,500.0,41.3,B
2021-07-21T14:14:50,200.0,41.3,B
2021-07-21T14:14:41,5000.0,41.2,S
2021-07-21T14:14:33,200.0,41.2,S
2021-07-21T14:14:26,2000.0,41.3,B
2021-07-21T14:14:18,5000.0,41.2,S
2021-07-21T14:14:10,5000.0,41.2,S
2021-07-21T14:14:06,1000.0,41.2,S
2021-07-21T14:14:04,100.0,41.3,B
2021-07-21T14:13:56,2000.0,41.3,B
2021-07-21T14:13:54,500.0,41.3,B
2021-07-21T14:13:50,200.0,41.3,B
2021-07-21T14:13:49,500.0,41.3,B
2021-07-21T14:13:47,400.0,41.3,B
2021-07-21T14:13:45,5400.0,41.3,S
2021-07-21T14:13:39,300.0,41.3,S
2021-07-21T14:13:38,300.0,41.3,S
2021-07-21T14:13:37,2500.0,41.3,S
2021-07-21T14:13:34,400.0,41.4,B
2021-07-21T14:13:21,1000.0,41.3,S
2021-07-21T14:13:19,5500.0,41.4,B
2021-07-21T14:13:12,100.0,41.4,B
2021-07-21T14:13:10,500.0,41.3,S
2021-07-21T14:13:08,200.0,41.4,B
2021-07-21T14:13:07,1900.0,41.4,S
2021-07-21T14:13:03,1000.0,41.4,S
2021-07-21T14:12:46,200.0,41.5,B
2021-07-21T14:12:46,200.0,41.4,S
2021-07-21T14:12:29,4400.0,41.4,S
2021-07-21T14:12:27,2000.0,41.5,B
2021-07-21T14:12:27,500.0,41.5,B
2021-07-21T14:12:03,1000.0,41.5,B
2021-07-21T14:12:01,300.0,41.5,B
2021-07-21T14:11:59,100.0,41.5,B
2021-07-21T14:11:53,100.0,41.5,B
2021-07-21T14:11:47,100.0,41.5,B
2021-07-21T14:11:46,6000.0,41.4,S
2021-07-21T14:11:41,300.0,41.5,B
2021-07-21T14:11:38,100.0,41.5,B
2021-07-21T14:11:26,1300.0,41.5,S
2021-07-21T14:11:18,8000.0,41.5,S
2021-07-21T14:11:16,200.0,41.5,S
2021-07-21T14:11:15,15000.0,41.4,S
2021-07-21T14:11:09,800.0,41.5,S
2021-07-21T14:11:05,200.0,41.5,S
2021-07-21T14:10:57,400.0,41.5,S
2021-07-21T14:10:53,500.0,41.6,B
2021-07-21T14:10:46,200.0,41.5,S
2021-07-21T14:10:43,200.0,41.5,S
2021-07-21T14:10:40,100.0,41.6,B
2021-07-21T14:10:18,100.0,41.6,B
2021-07-21T14:09:55,3000.0,41.6,B
2021-07-21T14:09:35,3500.0,41.6,B
2021-07-21T14:09:24,600.0,41.6,B
2021-07-21T14:09:21,200.0,41.5,S
2021-07-21T14:09:20,48700.0,41.6,B
2021-07-21T14:09:14,100.0,41.6,S
2021-07-21T14:08:40,300.0,41.7,B
2021-07-21T14:08:39,600.0,41.6,S
2021-07-21T14:08:25,500.0,41.7,B
2021-07-21T14:08:21,200.0,41.6,S
2021-07-21T14:08:09,200.0,41.7,B
2021-07-21T14:08:08,200.0,41.7,B
2021-07-21T14:08:01,24000.0,41.7,B
2021-07-21T14:07:50,1000.0,41.6,S
2021-07-21T14:07:43,1300.0,41.6,S
2021-07-21T14:07:42,400.0,41.7,B
2021-07-21T14:06:59,500.0,41.7,B
2021-07-21T14:06:50,1000.0,41.7,B
2021-07-21T14:06:45,100.0,41.7,B
2021-07-21T14:06:43,100.0,41.6,S
2021-07-21T14:06:43,100.0,41.6,S
2021-07-21T14:06:39,10000.0,41.7,B
2021-07-21T14:06:34,1700.0,41.6,S
2021-07-21T14:06:30,500.0,41.7,B
2021-07-21T14:06:26,100.0,41.7,B
2021-07-21T14:06:13,300.0,41.7,B
2021-07-21T14:06:04,1200.0,41.6,S
2021-07-21T14:05:54,500.0,41.7,B
2021-07-21T14:05:51,500.0,41.7,B
2021-07-21T14:05:50,500.0,41.6,S
2021-07-21T14:05:50,5000.0,41.7,B
2021-07-21T14:05:49,2000.0,41.7,B
2021-07-21T14:05:48,10000.0,41.6,S
2021-07-21T14:05:26,500.0,41.7,B
2021-07-21T14:05:24,200.0,41.7,B
2021-07-21T14:05:23,200.0,41.6,S
2021-07-21T14:05:19,1600.0,41.6,S
2021-07-21T14:05:18,100.0,41.6,S
2021-07-21T14:05:17,100.0,41.6,S
2021-07-21T14:05:16,100.0,41.7,B
2021-07-21T14:05:16,4000.0,41.7,B
2021-07-21T14:05:15,1000.0,41.6,S
2021-07-21T14:05:06,300.0,41.6,S
2021-07-21T14:05:01,600.0,41.6,S
2021-07-21T14:04:58,1000.0,41.6,S
2021-07-21T14:04:55,100.0,41.6,S
2021-07-21T14:04:55,6500.0,41.6,B
2021-07-21T14:04:51,3000.0,41.6,B
2021-07-21T14:04:48,100.0,41.6,B
2021-07-21T14:04:27,5000.0,41.6,B
2021-07-21T14:04:16,200.0,41.5,B
2021-07-21T14:04:15,500.0,41.5,B
2021-07-21T14:04:15,4000.0,41.4,S
2021-07-21T14:04:14,100.0,41.5,B
2021-07-21T14:04:13,200.0,41.5,B
2021-07-21T14:04:12,1300.0,41.5,B
2021-07-21T14:04:11,400.0,41.5,B
2021-07-21T14:04:09,1000.0,41.5,B
2021-07-21T14:04:08,1000.0,41.5,B
2021-07-21T14:04:06,1000.0,41.5,B
2021-07-21T14:04:04,500.0,41.5,B
2021-07-21T14:04:03,100.0,41.5,B
2021-07-21T14:04:01,5000.0,41.5,B
2021-07-21T14:03:59,5000.0,41.5,B
2021-07-21T14:03:57,100.0,41.5,B
2021-07-21T14:03:56,5000.0,41.5,B
2021-07-21T14:03:52,200.0,41.5,B
2021-07-21T14:03:47,100.0,41.5,B
2021-07-21T14:03:46,3000.0,41.5,B
2021-07-21T14:03:45,10000.0,41.5,B
2021-07-21T14:03:41,300.0,41.5,B
2021-07-21T14:03:36,500.0,41.5,B
2021-07-21T14:03:36,300.0,41.4,S
2021-07-21T14:03:34,300.0,41.5,B
2021-07-21T14:03:33,2000.0,41.5,B
2021-07-21T14:03:31,2500.0,41.5,B
2021-07-21T14:03:30,700.0,41.5,B
2021-07-21T14:03:27,500.0,41.5,B
2021-07-21T14:03:24,5000.0,41.5,B
2021-07-21T14:03:22,700.0,41.5,B
2021-07-21T14:03:19,10000.0,41.5,B
2021-07-21T14:03:10,100.0,41.5,B
2021-07-21T14:03:10,4700.0,41.4,S
2021-07-21T14:03:04,500.0,41.4,S
2021-07-21T14:02:52,4000.0,41.4,B
2021-07-21T14:02:49,500.0,41.4,B
2021-07-21T14:02:49,500.0,41.4,S
2021-07-21T14:02:45,1400.0,41.5,B
2021-07-21T14:02:44,1000.0,41.4,S
2021-07-21T14:02:41,5000.0,41.5,B
2021-07-21T14:02:39,100.0,41.4,B
2021-07-21T14:02:38,600.0,41.4,B
2021-07-21T14:02:37,500.0,41.4,B
2021-07-21T14:02:35,500.0,41.4,B
2021-07-21T14:02:34,3200.0,41.4,B
2021-07-21T14:02:30,5000.0,41.5,B
2021-07-21T14:02:29,5000.0,41.4,S
2021-07-21T14:02:28,300.0,41.5,B
2021-07-21T14:02:21,500.0,41.4,S
2021-07-21T14:02:17,2000.0,41.5,B
2021-07-21T14:02:13,300.0,41.5,B
2021-07-21T14:02:09,700.0,41.4,S
2021-07-21T14:02:07,800.0,41.4,B
2021-07-21T14:02:06,300.0,41.4,B
2021-07-21T14:02:05,3200.0,41.4,B
2021-07-21T14:02:00,3000.0,41.4,S
2021-07-21T14:01:56,2000.0,41.5,B
2021-07-21T14:01:54,1000.0,41.4,S
2021-07-21T14:01:52,1000.0,41.5,B
2021-07-21T14:01:51,5000.0,41.4,S
2021-07-21T14:01:49,100.0,41.4,S
2021-07-21T14:01:48,5000.0,41.5,B
2021-07-21T14:01:46,5000.0,41.4,S
2021-07-21T14:01:42,20000.0,41.5,B
2021-07-21T14:01:41,5000.0,41.4,S
2021-07-21T14:01:38,200.0,41.4,S
2021-07-21T14:01:35,200.0,41.4,S
2021-07-21T14:01:31,2600.0,41.4,B
2021-07-21T14:01:29,5000.0,41.4,B
2021-07-21T14:01:27,400.0,41.3,S
2021-07-21T14:01:24,11300.0,41.4,B
2021-07-21T14:01:17,100.0,41.4,B
2021-07-21T14:01:14,2000.0,41.3,S
2021-07-21T14:01:14,200.0,41.4,B
2021-07-21T14:01:12,500.0,41.4,B
2021-07-21T14:01:08,200.0,41.3,S
2021-07-21T14:01:08,300.0,41.4,B
2021-07-21T14:01:05,1000.0,41.4,B
2021-07-21T14:01:04,2500.0,41.4,B
2021-07-21T14:01:02,200.0,41.4,B
2021-07-21T14:01:00,500.0,41.4,B
2021-07-21T14:00:54,3000.0,41.4,B
2021-07-21T14:00:54,1400.0,41.2,S
2021-07-21T14:00:54,1000.0,41.3,B
2021-07-21T14:00:54,500.0,41.2,S
2021-07-21T14:00:42,2700.0,41.2,B
2021-07-21T14:00:36,2700.0,41.1,B
2021-07-21T14:00:35,300.0,41.1,B
2021-07-21T14:00:34,100.0,41.1,B
2021-07-21T14:00:34,12100.0,41.1,B
2021-07-21T14:00:33,500.0,41.1,B
2021-07-21T14:00:30,1000.0,41.1,B
2021-07-21T14:00:28,1000.0,41.1,B
2021-07-21T14:00:28,600.0,41.1,B
2021-07-21T14:00:26,200.0,41.1,B
2021-07-21T14:00:25,1500.0,41.1,B
2021-07-21T14:00:25,5000.0,41.1,B
2021-07-21T14:00:24,100.0,41.1,B
2021-07-21T14:00:22,1000.0,41.0,S
2021-07-21T14:00:14,3000.0,41.1,B
2021-07-21T14:00:13,2500.0,41.0,B
2021-07-21T14:00:12,9000.0,41.0,B
2021-07-21T14:00:11,500.0,41.0,B
2021-07-21T14:00:10,2800.0,41.0,B
2021-07-21T14:00:09,500.0,40.9,S
2021-07-21T14:00:08,2500.0,41.0,B
2021-07-21T14:00:07,1000.0,41.0,B
2021-07-21T14:00:07,200.0,40.9,S
2021-07-21T14:00:05,10000.0,41.0,B
2021-07-21T14:00:04,1000.0,40.9,S
2021-07-21T14:00:02,1800.0,40.9,S
2021-07-21T13:59:59,500.0,41.0,B
2021-07-21T13:59:58,500.0,41.0,B
2021-07-21T13:59:57,200.0,40.9,S
2021-07-21T13:59:53,500.0,41.0,B
2021-07-21T13:59:50,700.0,40.9,S
2021-07-21T13:59:44,5100.0,40.9,B
2021-07-21T13:59:43,3000.0,40.9,B
2021-07-21T13:59:42,8500.0,40.9,B
2021-07-21T13:59:41,500.0,40.8,S
2021-07-21T13:59:40,200.0,40.9,B
2021-07-21T13:59:39,200.0,40.9,B
2021-07-21T13:59:37,100.0,40.9,B
2021-07-21T13:59:31,100.0,40.9,B
2021-07-21T13:59:30,1000.0,40.9,B
2021-07-21T13:59:25,200.0,40.9,B
2021-07-21T13:59:24,200.0,40.8,S
2021-07-21T13:59:18,200.0,40.9,B
2021-07-21T13:59:15,6000.0,40.8,S
2021-07-21T13:59:14,900.0,40.8,S
2021-07-21T13:59:12,700.0,40.8,S
2021-07-21T13:59:09,600.0,40.8,S
2021-07-21T13:59:07,3400.0,40.9,B
2021-07-21T13:59:06,700.0,40.7,S
2021-07-21T13:59:06,2000.0,40.8,B
2021-07-21T13:59:05,2000.0,40.7,S
2021-07-21T13:59:05,300.0,40.8,B
2021-07-21T13:59:03,3000.0,40.8,B
2021-07-21T13:59:01,100.0,40.8,B
2021-07-21T13:59:00,100.0,40.8,B
2021-07-21T13:58:59,200.0,40.7,S
2021-07-21T13:58:58,400.0,40.7,S
2021-07-21T13:58:56,200.0,40.7,S
2021-07-21T13:58:55,1000.0,40.7,S
2021-07-21T13:58:54,3000.0,40.8,B
2021-07-21T13:58:48,100.0,40.8,B
2021-07-21T13:58:47,100.0,40.8,B
2021-07-21T13:58:44,100.0,40.7,S
2021-07-21T13:58:41,500.0,40.8,B
2021-07-21T13:58:40,300.0,40.8,B
2021-07-21T13:58:40,1400.0,40.8,B
2021-07-21T13:58:36,200.0,40.8,B
2021-07-21T13:58:34,400.0,40.8,B
2021-07-21T13:58:33,500.0,40.8,B
2021-07-21T13:58:32,1000.0,40.8,B
2021-07-21T13:58:31,1000.0,40.7,S
2021-07-21T13:58:29,300.0,40.8,B
2021-07-21T13:58:28,500.0,40.8,B
2021-07-21T13:58:26,300.0,40.8,B
2021-07-21T13:58:25,500.0,40.8,B
2021-07-21T13:58:25,3000.0,40.8,B
2021-07-21T13:58:23,100.0,40.8,B
2021-07-21T13:58:21,400.0,40.8,B
2021-07-21T13:58:20,1100.0,40.8,B
2021-07-21T13:58:15,6200.0,40.8,B
2021-07-21T13:58:13,100.0,40.9,B
2021-07-21T13:58:09,500.0,40.8,S
2021-07-21T13:58:07,1000.0,40.9,B
2021-07-21T13:58:06,600.0,40.8,S
2021-07-21T13:58:03,100.0,40.8,S
2021-07-21T13:58:01,100.0,40.9,B
2021-07-21T13:57:59,800.0,40.8,S
2021-07-21T13:57:56,200.0,40.8,S
2021-07-21T13:57:54,100.0,41.0,B
2021-07-21T13:57:47,2600.0,40.9,S
2021-07-21T13:57:46,500.0,40.9,S
2021-07-21T13:57:44,200.0,41.0,B
2021-07-21T13:57:43,1000.0,41.0,B
2021-07-21T13:57:43,1000.0,41.0,B
2021-07-21T13:57:40,100.0,41.0,B
2021-07-21T13:57:39,500.0,41.0,B
2021-07-21T13:57:38,1100.0,41.0,B
2021-07-21T13:57:37,200.0,41.0,B
2021-07-21T13:57:34,5000.0,41.0,B
2021-07-21T13:57:34,300.0,41.0,B
2021-07-21T13:57:32,100.0,41.0,S
2021-07-21T13:57:30,1000.0,41.0,S
2021-07-21T13:57:30,200.0,41.0,S
2021-07-21T13:57:30,4000.0,41.0,S
2021-07-21T13:57:29,78100.0,41.0,S
2021-07-21T13:57:29,1400.0,41.0,S
2021-07-21T13:57:24,1000.0,41.0,S
2021-07-21T13:57:24,30000.0,41.0,S
2021-07-21T13:57:22,2900.0,41.1,B
2021-07-21T13:57:22,100.0,41.1,B
2021-07-21T13:57:18,15000.0,41.0,S
2021-07-21T13:57:15,200.0,41.0,S
2021-07-21T13:57:13,2000.0,41.0,S
2021-07-21T13:57:12,23000.0,41.0,S
2021-07-21T13:57:11,100.0,41.1,S
2021-07-21T13:57:10,1300.0,41.1,S
2021-07-21T13:57:09,500.0,41.1,S
2021-07-21T13:57:08,1000.0,41.2,B
2021-07-21T13:57:07,15700.0,41.1,S
2021-07-21T13:57:04,1000.0,41.1,S
2021-07-21T13:57:02,600.0,41.1,S
2021-07-21T13:57:00,500.0,41.1,S
2021-07-21T13:57:00,1000.0,41.1,S
2021-07-21T13:56:56,200.0,41.1,S
2021-07-21T13:56:55,100.0,41.1,S
2021-07-21T13:56:52,600.0,41.1,S
2021-07-21T13:56:47,900.0,41.1,S
2021-07-21T13:56:45,400.0,41.1,S
2021-07-21T13:56:44,900.0,41.1,S
2021-07-21T13:56:42,500.0,41.1,S
2021-07-21T13:56:42,1000.0,41.1,S
2021-07-21T13:56:41,400.0,41.1,S
2021-07-21T13:56:35,200.0,41.2,B
2021-07-21T13:56:34,5000.0,41.2,B
2021-07-21T13:56:27,1600.0,41.2,S
2021-07-21T13:56:26,8400.0,41.2,B
2021-07-21T13:56:26,1000.0,41.2,B
2021-07-21T13:56:25,9800.0,41.2,S
2021-07-21T13:56:23,200.0,41.2,S
2021-07-21T13:56:22,600.0,41.2,S
2021-07-21T13:56:20,100.0,41.2,S
2021-07-21T13:56:19,300.0,41.2,S
2021-07-21T13:56:18,9600.0,41.2,S
2021-07-21T13:56:11,900.0,41.2,S
2021-07-21T13:56:10,20000.0,41.2,S
2021-07-21T13:56:02,100.0,41.3,B
2021-07-21T13:55:48,100.0,41.3,B
2021-07-21T13:55:42,4800.0,41.3,S
2021-07-21T13:55:41,9800.0,41.3,S
2021-07-21T13:55:40,100.0,41.3,S
2021-07-21T13:55:33,300.0,41.3,S
2021-07-21T13:55:30,1000.0,41.3,S
2021-07-21T13:55:27,100.0,41.3,S
2021-07-21T13:55:26,200.0,41.3,S
2021-07-21T13:55:23,100.0,41.3,S
2021-07-21T13:55:21,1800.0,41.3,B
2021-07-21T13:55:19,700.0,41.3,S
2021-07-21T13:55:15,5000.0,41.3,S
2021-07-21T13:55:08,200.0,41.3,S
2021-07-21T13:55:05,1500.0,41.3,S
2021-07-21T13:55:00,10000.0,41.3,S
2021-07-21T13:54:59,100.0,41.3,S
2021-07-21T13:54:57,4300.0,41.3,S
2021-07-21T13:54:55,2000.0,41.3,S
2021-07-21T13:54:52,1000.0,41.3,S
2021-07-21T13:54:51,100.0,41.3,S
2021-07-21T13:54:48,3000.0,41.3,S
2021-07-21T13:54:47,300.0,41.3,S
2021-07-21T13:54:45,500.0,41.3,S
2021-07-21T13:54:37,100.0,41.3,S
2021-07-21T13:54:26,500.0,41.3,S
2021-07-21T13:54:26,100.0,41.4,B
2021-07-21T13:54:22,60000.0,41.4,B
2021-07-21T13:54:10,200.0,41.4,S
2021-07-21T13:53:59,1000.0,41.4,S
2021-07-21T13:53:54,500.0,41.5,B
2021-07-21T13:53:49,11200.0,41.5,S
2021-07-21T13:53:46,2000.0,41.5,S
2021-07-21T13:53:43,500.0,41.5,S
2021-07-21T13:53:43,1000.0,41.5,S
2021-07-21T13:53:34,500.0,41.5,S
2021-07-21T13:53:34,12000.0,41.5,S
2021-07-21T13:53:32,200.0,41.5,S
2021-07-21T13:53:29,500.0,41.5,S
2021-07-21T13:53:27,1000.0,41.6,B
2021-07-21T13:53:16,100.0,41.5,S
2021-07-21T13:53:15,1000.0,41.5,S
2021-07-21T13:53:02,100.0,41.5,S
2021-07-21T13:52:56,100.0,41.5,S
2021-07-21T13:52:55,600.0,41.5,S
2021-07-21T13:52:50,200.0,41.5,S
2021-07-21T13:52:45,3000.0,41.5,S
2021-07-21T13:52:43,2000.0,41.5,S
2021-07-21T13:52:43,200.0,41.5,S
2021-07-21T13:52:31,600.0,41.5,S
2021-07-21T13:52:29,1000.0,41.5,S
2021-07-21T13:52:20,500.0,41.5,S
2021-07-21T13:52:06,3000.0,41.5,S
2021-07-21T13:52:04,200.0,41.5,S
2021-07-21T13:51:41,200.0,41.5,S
2021-07-21T13:51:37,3200.0,41.5,S
2021-07-21T13:51:27,100.0,41.5,S
2021-07-21T13:51:17,3000.0,41.6,B
2021-07-21T13:51:01,500.0,41.5,S
2021-07-21T13:50:57,1000.0,41.5,S
2021-07-21T13:50:51,500.0,41.5,S
2021-07-21T13:50:48,300.0,41.5,S
2021-07-21T13:50:27,300.0,41.5,S
2021-07-21T13:50:21,600.0,41.6,B
2021-07-21T13:50:15,100.0,41.6,B
2021-07-21T13:50:06,100.0,41.5,S
2021-07-21T13:49:57,10000.0,41.6,B
2021-07-21T13:49:54,100.0,41.5,S
2021-07-21T13:49:50,100.0,41.5,S
2021-07-21T13:49:49,500.0,41.5,S
2021-07-21T13:49:44,1000.0,41.5,S
2021-07-21T13:49:42,100.0,41.6,B
2021-07-21T13:49:27,1000.0,41.5,S
2021-07-21T13:49:17,500.0,41.6,B
2021-07-21T13:49:11,400.0,41.6,B
2021-07-21T13:48:34,200.0,41.6,B
2021-07-21T13:48:32,100.0,41.6,B
2021-07-21T13:48:19,200.0,41.6,B
2021-07-21T13:48:16,100.0,41.5,S
2021-07-21T13:47:56,1000.0,41.5,S
2021-07-21T13:47:51,100.0,41.6,B
2021-07-21T13:47:42,200.0,41.6,B
2021-07-21T13:47:29,1000.0,41.6,B
2021-07-21T13:47:23,200.0,41.5,S
2021-07-21T13:47:22,500.0,41.6,B
2021-07-21T13:47:12,400.0,41.6,B
2021-07-21T13:47:06,300.0,41.6,B
2021-07-21T13:46:52,5000.0,41.5,S
2021-07-21T13:46:35,5000.0,41.5,S
2021-07-21T13:46:34,300.0,41.6,B
2021-07-21T13:46:31,500.0,41.5,S
2021-07-21T13:46:30,500.0,41.5,S
2021-07-21T13:46:25,1000.0,41.5,S
2021-07-21T13:46:16,7300.0,41.5,S
2021-07-21T13:46:12,2000.0,41.5,B
2021-07-21T13:46:10,100.0,41.5,B
2021-07-21T13:46:08,5000.0,41.5,B
2021-07-21T13:46:01,6200.0,41.5,B
2021-07-21T13:46:00,1000.0,41.5,B
2021-07-21T13:45:56,400.0,41.5,B
2021-07-21T13:45:55,500.0,41.4,S
2021-07-21T13:45:55,200.0,41.4,S
2021-07-21T13:45:54,2400.0,41.4,S
2021-07-21T13:45:33,1000.0,41.4,S
2021-07-21T13:45:30,300.0,41.5,B
2021-07-21T13:45:29,100.0,41.5,B
2021-07-21T13:45:21,100.0,41.5,B
2021-07-21T13:45:04,500.0,41.5,B
2021-07-21T13:45:02,1500.0,41.4,S
2021-07-21T13:45:00,100.0,41.5,B
2021-07-21T13:45:00,1000.0,41.5,B
2021-07-21T13:44:58,1000.0,41.4,S
2021-07-21T13:44:56,1200.0,41.5,B
2021-07-21T13:44:54,15000.0,41.5,B
2021-07-21T13:44:54,1000.0,41.4,S
2021-07-21T13:44:54,1000.0,41.5,B
2021-07-21T13:44:47,100.0,41.5,B
2021-07-21T13:44:42,8200.0,41.4,S
2021-07-21T13:44:42,2500.0,41.4,S
2021-07-21T13:44:36,300.0,41.4,S
2021-07-21T13:44:35,1000.0,41.4,S
2021-07-21T13:44:33,2500.0,41.4,S
2021-07-21T13:44:27,10000.0,41.4,S
2021-07-21T13:44:22,100.0,41.4,S
2021-07-21T13:44:19,1000.0,41.4,S
2021-07-21T13:44:17,200.0,41.4,S
2021-07-21T13:44:04,1600.0,41.4,S
2021-07-21T13:44:02,40000.0,41.4,S
2021-07-21T13:44:00,2000.0,41.5,B
2021-07-21T13:43:51,5000.0,41.5,B
2021-07-21T13:43:46,22400.0,41.5,S
2021-07-21T13:43:44,3400.0,41.5,S
2021-07-21T13:43:37,100.0,41.5,S
2021-07-21T13:43:30,2000.0,41.5,S
2021-07-21T13:43:25,4000.0,41.5,S
2021-07-21T13:43:25,3400.0,41.5,S
2021-07-21T13:43:21,1000.0,41.5,S
2021-07-21T13:43:17,200.0,41.5,S
2021-07-21T13:43:02,1000.0,41.5,S
2021-07-21T13:42:59,50000.0,41.5,S
2021-07-21T13:42:58,300.0,41.5,S
2021-07-21T13:42:46,1600.0,41.5,S
2021-07-21T13:42:46,1000.0,41.6,B
2021-07-21T13:42:39,800.0,41.6,B
2021-07-21T13:42:37,2500.0,41.6,S
2021-07-21T13:42:33,2000.0,41.6,S
2021-07-21T13:42:29,700.0,41.6,S
2021-07-21T13:42:26,1000.0,41.6,S
2021-07-21T13:42:24,500.0,41.6,S
2021-07-21T13:42:22,1000.0,41.6,S
2021-07-21T13:42:21,2800.0,41.6,S
2021-07-21T13:42:17,500.0,41.6,S
2021-07-21T13:42:09,1000.0,41.6,S
2021-07-21T13:42:06,200.0,41.6,S
2021-07-21T13:42:05,100.0,41.6,S
2021-07-21T13:42:02,300.0,41.6,S
2021-07-21T13:41:59,100.0,41.6,B
2021-07-21T13:41:59,14200.0,41.6,B
2021-07-21T13:41:53,200.0,41.5,S
2021-07-21T13:41:53,900.0,41.5,S
2021-07-21T13:41:47,6000.0,41.5,S
2021-07-21T13:41:37,600.0,41.5,S
2021-07-21T13:41:33,1000.0,41.6,B
2021-07-21T13:41:25,6500.0,41.5,S
2021-07-21T13:41:25,300.0,41.6,B
2021-07-21T13:41:21,100.0,41.5,S
2021-07-21T13:41:17,1500.0,41.6,B
2021-07-21T13:41:15,22800.0,41.6,B
2021-07-21T13:41:13,200.0,41.6,S
2021-07-21T13:41:08,100.0,41.6,S
2021-07-21T13:41:07,8000.0,41.6,S
2021-07-21T13:41:01,100.0,41.6,S
2021-07-21T13:40:59,200.0,41.6,S
2021-07-21T13:40:49,100.0,41.6,S
2021-07-21T13:40:43,500.0,41.6,S
2021-07-21T13:40:41,100.0,41.6,S
2021-07-21T13:40:22,900.0,41.6,S
2021-07-21T13:40:16,500.0,41.6,S
2021-07-21T13:40:01,100.0,41.6,S
2021-07-21T13:39:58,5000.0,41.6,S
2021-07-21T13:39:50,100.0,41.6,S
2021-07-21T13:39:36,300.0,41.6,S
2021-07-21T13:39:22,500.0,41.6,S
2021-07-21T13:39:14,100.0,41.6,S
2021-07-21T13:38:51,900.0,41.6,S
2021-07-21T13:38:47,1000.0,41.7,B
2021-07-21T13:38:14,4400.0,41.7,B
2021-07-21T13:38:14,100.0,41.7,S
2021-07-21T13:38:09,300.0,41.7,S
2021-07-21T13:37:54,1500.0,41.7,S
2021-07-21T13:37:45,100.0,41.7,S
2021-07-21T13:37:44,600.0,41.7,S
2021-07-21T13:37:40,500.0,41.7,S
2021-07-21T13:37:35,200.0,41.7,S
2021-07-21T13:37:28,100.0,41.7,S
2021-07-21T13:37:24,300.0,41.7,S
2021-07-21T13:37:20,200.0,41.7,S
2021-07-21T13:37:20,900.0,41.7,S
2021-07-21T13:36:58,100.0,41.7,S
2021-07-21T13:36:40,100.0,41.7,S
2021-07-21T13:36:18,5200.0,41.7,S
2021-07-21T13:36:03,100.0,41.8,B
2021-07-21T13:36:03,3000.0,41.8,B
2021-07-21T13:35:50,900.0,41.7,S
2021-07-21T13:35:34,1000.0,41.8,B
2021-07-21T13:35:31,100.0,41.7,S
2021-07-21T13:35:16,2000.0,41.7,S
2021-07-21T13:34:50,5000.0,41.7,S
2021-07-21T13:34:35,500.0,41.7,S
2021-07-21T13:34:31,5500.0,41.7,S
2021-07-21T13:34:29,100.0,41.7,S
2021-07-21T13:34:19,900.0,41.7,S
2021-07-21T13:34:12,400.0,41.7,S
2021-07-21T13:34:05,200.0,41.7,S
2021-07-21T13:33:41,300.0,41.7,S
2021-07-21T13:33:27,6000.0,41.7,S
2021-07-21T13:33:15,200.0,41.7,S
2021-07-21T13:32:58,200.0,41.7,S
2021-07-21T13:32:47,900.0,41.7,S
2021-07-21T13:32:38,200.0,41.7,S
2021-07-21T13:32:32,100.0,41.8,B
2021-07-21T13:32:23,1300.0,41.8,B
2021-07-21T13:31:48,100.0,41.8,B
2021-07-21T13:31:43,3400.0,41.8,B
2021-07-21T13:31:41,200.0,41.8,S
2021-07-21T13:31:39,100.0,41.8,S
2021-07-21T13:31:34,200.0,41.8,S
2021-07-21T13:31:33,3800.0,41.8,S
2021-07-21T13:31:22,2000.0,41.8,S
2021-07-21T13:31:21,200.0,41.8,S
2021-07-21T13:31:19,100.0,41.8,S
2021-07-21T13:31:18,10000.0,41.8,S
2021-07-21T13:31:17,900.0,41.8,S
2021-07-21T13:31:12,1300.0,41.8,S
2021-07-21T13:31:09,100.0,41.8,S
2021-07-21T13:31:08,2000.0,41.8,S
2021-07-21T13:30:39,100.0,41.8,S
2021-07-21T13:30:26,4000.0,41.8,S
2021-07-21T13:30:24,400.0,41.8,S
2021-07-21T13:30:21,500.0,41.9,B
2021-07-21T13:30:15,300.0,41.8,S
2021-07-21T13:30:10,100.0,41.8,S
2021-07-21T13:30:09,300.0,41.8,S
2021-07-21T13:30:00,1100.0,41.8,S
2021-07-21T13:29:56,300.0,41.8,S
2021-07-21T13:29:51,500.0,41.8,S
2021-07-21T13:29:47,900.0,41.8,S
2021-07-21T13:29:34,200.0,41.8,S
2021-07-21T13:29:26,8300.0,41.8,S
2021-07-21T13:29:22,5000.0,41.8,B
2021-07-21T13:29:20,100.0,41.8,B
2021-07-21T13:29:15,1000.0,41.8,B
2021-07-21T13:29:15,2000.0,41.8,B
2021-07-21T13:29:11,700.0,41.8,B
2021-07-21T13:29:11,30000.0,41.8,B
2021-07-21T13:29:07,200.0,41.8,B
2021-07-21T13:29:03,1000.0,41.8,B
2021-07-21T13:29:02,5800.0,41.8,B
2021-07-21T13:28:43,200.0,41.8,B
2021-07-21T13:28:36,3900.0,41.8,B
2021-07-21T13:28:25,1000.0,41.8,B
2021-07-21T13:28:16,1000.0,41.8,B
2021-07-21T13:28:15,1400.0,41.7,S
2021-07-21T13:28:08,500.0,41.8,B
2021-07-21T13:28:06,1000.0,41.8,B
2021-07-21T13:28:01,500.0,41.8,B
2021-07-21T13:27:58,500.0,41.8,B
2021-07-21T13:27:56,1000.0,41.8,B
2021-07-21T13:27:54,1000.0,41.7,S
2021-07-21T13:27:50,5000.0,41.7,S
2021-07-21T13:27:49,10000.0,41.8,B
2021-07-21T13:27:26,200.0,41.7,S
2021-07-21T13:27:23,9000.0,41.7,B
2021-07-21T13:27:18,1000.0,41.7,B
2021-07-21T13:27:09,100.0,41.7,B
2021-07-21T13:27:07,1000.0,41.7,B
2021-07-21T13:27:05,100.0,41.6,S
2021-07-21T13:26:53,2000.0,41.7,B
2021-07-21T13:26:51,12300.0,41.5,S
2021-07-21T13:26:45,8800.0,41.6,B
2021-07-21T13:26:41,10000.0,41.6,B
2021-07-21T13:26:39,1300.0,41.6,B
2021-07-21T13:26:36,1000.0,41.6,B
2021-07-21T13:26:35,300.0,41.6,B
2021-07-21T13:26:34,500.0,41.6,B
2021-07-21T13:26:33,600.0,41.5,S
2021-07-21T13:26:24,500.0,41.6,B
2021-07-21T13:26:24,5000.0,41.6,B
2021-07-21T13:26:18,500.0,41.6,B
2021-07-21T13:26:06,4100.0,41.5,S
2021-07-21T13:26:03,500.0,41.6,B
2021-07-21T13:26:00,16100.0,41.6,S
2021-07-21T13:25:53,4000.0,41.5,S
2021-07-21T13:25:52,3000.0,41.7,B
2021-07-21T13:25:52,2000.0,41.5,S
2021-07-21T13:25:50,300.0,41.6,S
2021-07-21T13:25:46,8000.0,41.5,S
2021-07-21T13:25:44,100.0,41.6,S
2021-07-21T13:25:43,300.0,41.6,S
2021-07-21T13:25:43,200.0,41.6,S
2021-07-21T13:25:40,1000.0,41.5,S
2021-07-21T13:25:40,400.0,41.5,S
2021-07-21T13:25:39,100.0,41.6,S
2021-07-21T13:25:36,4000.0,41.5,S
2021-07-21T13:25:34,7900.0,41.5,S
2021-07-21T13:25:32,100.0,41.6,S
2021-07-21T13:25:29,3300.0,41.6,B
2021-07-21T13:25:28,3000.0,41.5,S
2021-07-21T13:25:25,2000.0,41.6,B
2021-07-21T13:25:19,1100.0,41.5,S
2021-07-21T13:25:17,2000.0,41.5,S
2021-07-21T13:25:16,200.0,41.6,B
2021-07-21T13:25:15,500.0,41.6,B
2021-07-21T13:25:14,900.0,41.5,S
2021-07-21T13:25:14,800.0,41.5,S
2021-07-21T13:25:12,200.0,41.6,B
2021-07-21T13:25:11,6000.0,41.5,S
2021-07-21T13:25:08,500.0,41.6,B
2021-07-21T13:25:06,100.0,41.6,B
2021-07-21T13:25:05,1000.0,41.5,S
2021-07-21T13:25:03,100.0,41.6,B
2021-07-21T13:25:01,8000.0,41.5,S
2021-07-21T13:24:55,100.0,41.5,S
2021-07-21T13:24:50,2000.0,41.5,S
2021-07-21T13:24:49,700.0,41.6,S
2021-07-21T13:24:47,4000.0,41.6,S
2021-07-21T13:24:43,4400.0,41.6,S
2021-07-21T13:24:43,100.0,41.6,B
2021-07-21T13:24:34,4000.0,41.5,S
2021-07-21T13:24:30,8000.0,41.5,S
2021-07-21T13:24:29,100.0,41.5,S
2021-07-21T13:24:21,2000.0,41.5,S
2021-07-21T13:24:16,2000.0,41.5,S
2021-07-21T13:24:12,100.0,41.6,B
2021-07-21T13:24:08,1000.0,41.6,B
2021-07-21T13:23:56,100.0,41.6,B
2021-07-21T13:23:44,500.0,41.6,S
2021-07-21T13:23:42,1000.0,41.6,S
2021-07-21T13:23:32,200.0,41.6,S
2021-07-21T13:23:32,2000.0,41.6,S
2021-07-21T13:23:27,500.0,41.6,S
2021-07-21T13:23:18,1000.0,41.6,S
2021-07-21T13:23:13,500.0,41.6,S
2021-07-21T13:23:06,2000.0,41.6,S
2021-07-21T13:23:00,500.0,41.6,S
2021-07-21T13:22:40,2500.0,41.6,S
2021-07-21T13:22:34,4000.0,41.7,B
2021-07-21T13:22:17,300.0,41.6,B
2021-07-21T13:22:13,200.0,41.5,S
2021-07-21T13:22:13,900.0,41.5,S
2021-07-21T13:22:09,300.0,41.5,S
2021-07-21T13:22:05,1200.0,41.6,S
2021-07-21T13:22:04,2500.0,41.6,S
2021-07-21T13:21:55,2400.0,41.5,S
2021-07-21T13:21:55,400.0,41.6,S
2021-07-21T13:21:51,400.0,41.6,S
2021-07-21T13:21:47,500.0,41.6,S
2021-07-21T13:21:46,500.0,41.6,S
2021-07-21T13:21:43,3000.0,41.6,S
2021-07-21T13:21:43,1200.0,41.6,S
2021-07-21T13:21:40,2000.0,41.6,S
2021-07-21T13:21:40,500.0,41.6,S
2021-07-21T13:21:31,900.0,41.6,S
2021-07-21T13:21:28,200.0,41.6,S
2021-07-21T13:21:28,1000.0,41.6,S
2021-07-21T13:21:24,2800.0,41.6,S
2021-07-21T13:21:21,100.0,41.6,S
2021-07-21T13:21:19,6500.0,41.6,S
2021-07-21T13:21:17,200.0,41.6,S
2021-07-21T13:21:15,2500.0,41.6,S
2021-07-21T13:21:14,1000.0,41.6,S
2021-07-21T13:21:11,5400.0,41.6,S
2021-07-21T13:21:09,1000.0,41.6,S
2021-07-21T13:21:09,1000.0,41.6,S
2021-07-21T13:20:59,500.0,41.6,S
2021-07-21T13:20:58,2000.0,41.6,S
2021-07-21T13:20:53,200.0,41.6,S
2021-07-21T13:20:46,1000.0,41.6,S
2021-07-21T13:20:42,900.0,41.6,S
2021-07-21T13:20:38,6500.0,41.6,S
2021-07-21T13:20:36,100.0,41.6,S
2021-07-21T13:20:34,3500.0,41.6,S
2021-07-21T13:20:31,6000.0,41.6,S
2021-07-21T13:20:22,3000.0,41.6,S
2021-07-21T13:20:13,200.0,41.7,B
2021-07-21T13:20:11,1800.0,41.7,B
2021-07-21T13:20:03,100.0,41.7,S
2021-07-21T13:20:01,500.0,41.7,S
2021-07-21T13:19:56,500.0,41.7,S
2021-07-21T13:19:49,20000.0,41.8,B
2021-07-21T13:19:47,100.0,41.7,S
2021-07-21T13:19:44,100.0,41.7,S
2021-07-21T13:19:39,2000.0,41.7,S
2021-07-21T13:19:37,33000.0,41.7,S
2021-07-21T13:19:30,200.0,41.7,S
2021-07-21T13:19:28,200.0,41.7,S
2021-07-21T13:19:18,1000.0,41.7,S
2021-07-21T13:19:12,1000.0,41.7,S
2021-07-21T13:19:11,1000.0,41.7,S
2021-07-21T13:19:10,900.0,41.7,S
2021-07-21T13:19:07,100.0,41.7,S
2021-07-21T13:19:07,100.0,41.7,S
2021-07-21T13:19:05,500.0,41.7,S
2021-07-21T13:18:54,100.0,41.7,S
2021-07-21T13:18:54,300.0,41.7,S
2021-07-21T13:18:42,300.0,41.7,S
2021-07-21T13:18:26,3300.0,41.7,S
2021-07-21T13:18:24,1500.0,41.7,S
2021-07-21T13:18:23,400.0,41.7,S
2021-07-21T13:18:14,100.0,41.7,S
2021-07-21T13:18:12,1500.0,41.7,S
2021-07-21T13:18:12,1000.0,41.7,S
2021-07-21T13:18:03,500.0,41.7,S
2021-07-21T13:17:39,900.0,41.7,S
2021-07-21T13:16:37,1000.0,41.7,S
2021-07-21T13:16:24,200.0,41.8,B
2021-07-21T13:16:17,100.0,41.7,S
2021-07-21T13:16:16,10000.0,41.7,S
2021-07-21T13:16:14,100.0,41.7,S
2021-07-21T13:16:10,900.0,41.7,S
2021-07-21T13:16:05,100.0,41.7,S
2021-07-21T13:15:51,100.0,41.8,B
2021-07-21T13:15:49,500.0,41.7,S
2021-07-21T13:15:46,2500.0,41.7,S
2021-07-21T13:15:41,2000.0,41.7,S
2021-07-21T13:15:40,1000.0,41.7,S
2021-07-21T13:15:17,400.0,41.7,S
2021-07-21T13:14:45,500.0,41.7,S
2021-07-21T13:14:39,200.0,41.8,B
2021-07-21T13:14:38,900.0,41.7,S
2021-07-21T13:14:30,500.0,41.8,B
2021-07-21T13:14:02,100.0,41.8,B
2021-07-21T13:13:11,100.0,41.8,B
2021-07-21T13:13:08,100.0,41.8,B
2021-07-21T13:13:07,500.0,41.8,S
2021-07-21T13:12:59,1000.0,41.8,S
2021-07-21T13:12:58,2700.0,41.8,S
2021-07-21T13:12:47,2900.0,41.8,S
2021-07-21T13:12:43,2700.0,41.8,S
2021-07-21T13:12:37,5000.0,41.8,S
2021-07-21T13:12:32,100.0,41.8,S
2021-07-21T13:12:27,6000.0,41.8,S
2021-07-21T13:12:26,100.0,41.8,S
2021-07-21T13:12:20,5000.0,41.8,S
2021-07-21T13:11:57,100.0,41.8,S
2021-07-21T13:11:55,200.0,41.9,B
2021-07-21T13:11:53,100.0,41.8,S
2021-07-21T13:11:40,1000.0,41.8,S
2021-07-21T13:11:37,2000.0,41.8,S
2021-07-21T13:11:37,900.0,41.8,S
2021-07-21T13:11:28,100.0,41.8,S
2021-07-21T13:11:24,1200.0,41.8,S
2021-07-21T13:11:18,200.0,41.8,S
2021-07-21T13:11:06,200.0,41.8,S
2021-07-21T13:11:01,200.0,41.8,S
2021-07-21T13:10:59,200.0,41.8,S
2021-07-21T13:10:46,300.0,41.8,S
2021-07-21T13:10:29,600.0,41.8,S
2021-07-21T13:10:12,100.0,41.8,S
2021-07-21T13:10:09,100.0,41.8,S
2021-07-21T13:10:04,1200.0,41.8,S
2021-07-21T13:10:01,100.0,41.8,S
2021-07-21T13:09:52,100.0,41.7,S
2021-07-21T13:09:49,1000.0,41.8,S
2021-07-21T13:09:29,200.0,41.8,S
2021-07-21T13:09:28,100.0,41.8,S
2021-07-21T13:09:21,1000.0,41.8,S
2021-07-21T13:09:19,500.0,41.8,S
2021-07-21T13:09:13,2500.0,41.8,S
2021-07-21T13:09:11,500.0,41.8,S
2021-07-21T13:09:00,600.0,41.8,S
2021-07-21T13:08:59,200.0,41.8,S
2021-07-21T13:08:55,100.0,41.8,S
2021-07-21T13:08:36,1000.0,41.8,S
2021-07-21T13:08:30,15000.0,41.8,S
2021-07-21T13:08:29,500.0,41.8,S
2021-07-21T13:07:44,500.0,41.8,S
2021-07-21T13:07:06,100.0,41.8,S
2021-07-21T13:07:04,900.0,41.8,S
2021-07-21T13:06:58,1500.0,41.8,S
2021-07-21T13:06:55,100.0,41.8,S
2021-07-21T13:06:29,1000.0,41.8,S
2021-07-21T13:06:26,400.0,41.8,S
2021-07-21T13:05:54,200.0,41.8,S
2021-07-21T13:05:45,400.0,41.9,B
2021-07-21T13:05:34,900.0,41.8,S
2021-07-21T13:05:22,100.0,41.8,S
2021-07-21T13:05:07,200.0,41.8,S
2021-07-21T13:05:06,100.0,41.8,S
2021-07-21T13:04:52,6000.0,41.9,B
2021-07-21T13:04:49,1000.0,41.8,S
2021-07-21T13:04:22,400.0,41.8,S
2021-07-21T13:04:15,100.0,41.8,B
2021-07-21T13:04:13,300.0,41.8,S
2021-07-21T13:04:12,100.0,41.8,S
2021-07-21T13:04:03,900.0,41.7,S
2021-07-21T13:04:00,500.0,41.8,B
2021-07-21T13:03:46,5000.0,41.8,B
2021-07-21T13:03:39,1500.0,41.8,B
2021-07-21T13:02:38,300.0,41.8,B
2021-07-21T13:02:30,900.0,41.7,S
2021-07-21T13:02:23,500.0,41.8,B
2021-07-21T13:02:23,200.0,41.8,B
2021-07-21T13:01:02,900.0,41.7,S
2021-07-21T13:00:44,500.0,41.7,S
2021-07-21T13:00:13,700.0,41.8,B
2021-07-21T13:00:05,1000.0,41.8,B
2021-07-21T13:00:05,2100.0,41.8,B
2021-07-21T13:00:05,63600.0,41.8,B
2021-07-21T13:00:04,5000.0,41.8,S
2021-07-21T13:00:04,100.0,41.9,B
2021-07-21T13:00:03,300.0,41.9,B
2021-07-21T13:00:02,4300.0,41.9,B
2021-07-21T13:00:02,5500.0,41.9,B
2021-07-21T13:00:01,400.0,41.9,B
2021-07-21T13:00:01,300.0,41.8,S
2021-07-21T11:29:26,500.0,41.9,B
2021-07-21T11:29:14,100.0,41.8,S
2021-07-21T11:29:02,10000.0,41.9,B
2021-07-21T11:28:57,100.0,41.9,B
2021-07-21T11:28:47,1000.0,41.9,B
2021-07-21T11:28:34,100.0,41.8,S
2021-07-21T11:28:19,700.0,41.9,S
2021-07-21T11:28:03,200.0,41.9,S
2021-07-21T11:28:02,5000.0,41.9,S
2021-07-21T11:27:58,300.0,41.9,S
2021-07-21T11:27:56,100.0,41.9,S
2021-07-21T11:27:43,7000.0,41.9,S
2021-07-21T11:27:41,2000.0,41.9,S
2021-07-21T11:26:50,200.0,41.9,S
2021-07-21T11:26:19,1000.0,41.9,S
2021-07-21T11:26:06,3000.0,41.9,S
2021-07-21T11:25:53,500.0,42.0,B
2021-07-21T11:25:48,2300.0,41.9,S
2021-07-21T11:25:39,1200.0,41.9,S
2021-07-21T11:25:30,1800.0,41.9,B
2021-07-21T11:25:26,3700.0,41.9,B
2021-07-21T11:25:22,5000.0,41.9,B
2021-07-21T11:25:20,1000.0,41.9,B
2021-07-21T11:25:08,500.0,41.8,S
2021-07-21T11:25:02,1000.0,41.8,S
2021-07-21T11:24:45,20000.0,41.9,B
2021-07-21T11:24:10,300.0,41.8,S
2021-07-21T11:23:59,100.0,41.8,S
2021-07-21T11:23:29,12300.0,41.8,B
2021-07-21T11:23:29,200.0,41.8,B
2021-07-21T11:23:23,7500.0,41.8,S
2021-07-21T11:23:02,300.0,41.9,B
2021-07-21T11:22:50,1000.0,41.8,S
2021-07-21T11:22:44,7600.0,41.8,S
2021-07-21T11:22:23,1100.0,41.8,B
2021-07-21T11:22:22,1000.0,41.8,B
2021-07-21T11:22:19,2000.0,41.8,B
2021-07-21T11:22:18,400.0,41.8,B
2021-07-21T11:22:14,400.0,41.8,B
2021-07-21T11:22:11,1500.0,41.7,S
2021-07-21T11:22:09,200.0,41.8,B
2021-07-21T11:22:07,2000.0,41.8,B
2021-07-21T11:21:57,200.0,41.8,B
2021-07-21T11:21:55,3000.0,41.8,B
2021-07-21T11:21:42,3000.0,41.8,B
2021-07-21T11:21:41,2000.0,41.8,B
2021-07-21T11:21:23,3000.0,41.8,B
2021-07-21T11:21:09,3500.0,41.8,B
2021-07-21T11:20:57,900.0,41.7,S
2021-07-21T11:20:53,2000.0,41.7,S
2021-07-21T11:20:40,1000.0,41.7,S
2021-07-21T11:20:36,500.0,41.8,B
2021-07-21T11:20:28,8300.0,41.8,S
2021-07-21T11:20:27,2000.0,41.9,S
2021-07-21T11:20:23,4900.0,41.9,S
2021-07-21T11:20:22,100.0,42.0,B
2021-07-21T11:20:20,100.0,41.9,S
2021-07-21T11:20:06,100.0,41.9,S
2021-07-21T11:20:00,500.0,41.9,S
2021-07-21T11:19:59,10000.0,42.0,B
2021-07-21T11:19:46,200.0,42.0,B
2021-07-21T11:19:43,30000.0,41.9,S
2021-07-21T11:19:14,5200.0,42.0,B
2021-07-21T11:19:11,100.0,41.9,S
2021-07-21T11:18:50,2000.0,42.0,B
2021-07-21T11:18:49,500.0,41.9,S
2021-07-21T11:18:46,1000.0,41.9,S
2021-07-21T11:18:28,1000.0,41.9,S
2021-07-21T11:18:06,800.0,42.0,B
2021-07-21T11:18:01,100.0,41.9,S
2021-07-21T11:17:53,100.0,41.9,S
2021-07-21T11:17:48,200.0,41.9,S
2021-07-21T11:17:47,5000.0,42.0,B
2021-07-21T11:17:13,500.0,41.9,S
2021-07-21T11:17:09,500.0,41.9,S
2021-07-21T11:17:00,20300.0,42.0,B
2021-07-21T11:16:45,100.0,41.9,B
2021-07-21T11:16:44,1400.0,41.9,S
2021-07-21T11:16:41,3600.0,41.9,B
2021-07-21T11:16:35,500.0,41.9,B
2021-07-21T11:16:33,1000.0,41.9,B
2021-07-21T11:16:30,200.0,41.9,B
2021-07-21T11:16:26,1000.0,41.9,B
2021-07-21T11:16:18,1500.0,41.9,B
2021-07-21T11:16:14,100.0,41.9,B
2021-07-21T11:16:11,300.0,41.9,B
2021-07-21T11:16:08,2000.0,41.9,B
2021-07-21T11:16:03,3000.0,41.8,S
2021-07-21T11:15:58,600.0,41.9,B
2021-07-21T11:15:58,1000.0,41.9,B
2021-07-21T11:15:51,1000.0,41.9,B
2021-07-21T11:15:44,500.0,41.9,B
2021-07-21T11:15:44,1000.0,41.9,B
2021-07-21T11:15:42,400.0,41.9,B
2021-07-21T11:15:38,200.0,41.9,B
2021-07-21T11:15:36,4800.0,41.9,B
2021-07-21T11:15:27,200.0,41.9,B
2021-07-21T11:15:22,1000.0,41.9,B
2021-07-21T11:15:19,300.0,41.9,B
2021-07-21T11:15:16,200.0,41.9,B
2021-07-21T11:14:55,6300.0,41.8,B
2021-07-21T11:14:52,500.0,41.8,B
2021-07-21T11:14:51,2000.0,41.8,B
2021-07-21T11:14:48,3000.0,41.8,B
2021-07-21T11:14:33,100.0,41.7,B
2021-07-21T11:14:32,400.0,41.7,S
2021-07-21T11:14:31,700.0,41.7,B
2021-07-21T11:14:30,1500.0,41.7,B
2021-07-21T11:14:26,10000.0,41.7,B
2021-07-21T11:14:21,1000.0,41.6,S
2021-07-21T11:14:10,500.0,41.7,B
2021-07-21T11:14:06,1000.0,41.6,S
2021-07-21T11:14:05,1000.0,41.6,S
2021-07-21T11:13:54,1800.0,41.7,B
2021-07-21T11:13:51,800.0,41.6,S
2021-07-21T11:13:49,1300.0,41.6,S
2021-07-21T11:13:45,100.0,41.7,B
2021-07-21T11:13:44,1000.0,41.6,S
2021-07-21T11:13:31,2000.0,41.6,S
2021-07-21T11:13:30,100.0,41.6,S
2021-07-21T11:13:23,400.0,41.6,S
2021-07-21T11:13:22,200.0,41.6,S
2021-07-21T11:13:16,500.0,41.6,S
2021-07-21T11:13:11,600.0,41.6,S
2021-07-21T11:13:06,500.0,41.6,S
2021-07-21T11:13:04,500.0,41.6,S
2021-07-21T11:13:02,100.0,41.6,S
2021-07-21T11:13:01,500.0,41.6,S
2021-07-21T11:12:59,500.0,41.6,S
2021-07-21T11:12:59,300.0,41.6,S
2021-07-21T11:12:58,1000.0,41.6,S
2021-07-21T11:12:56,1000.0,41.6,S
2021-07-21T11:12:55,600.0,41.6,S
2021-07-21T11:12:55,2000.0,41.6,S
2021-07-21T11:12:50,500.0,41.6,S
2021-07-21T11:12:46,600.0,41.6,S
2021-07-21T11:12:45,500.0,41.6,S
2021-07-21T11:12:42,200.0,41.6,S
2021-07-21T11:12:42,1000.0,41.7,B
2021-07-21T11:12:40,100.0,41.6,S
2021-07-21T11:12:39,2000.0,41.6,S
2021-07-21T11:12:38,1000.0,41.6,S
2021-07-21T11:12:32,4000.0,41.6,S
2021-07-21T11:12:30,2000.0,41.6,S
2021-07-21T11:12:30,100.0,41.6,S
2021-07-21T11:12:28,100.0,41.6,S
2021-07-21T11:12:24,2100.0,41.6,S
2021-07-21T11:12:16,900.0,41.6,S
2021-07-21T11:12:15,15000.0,41.7,B
2021-07-21T11:12:13,300.0,41.6,S
2021-07-21T11:12:09,300.0,41.6,S
2021-07-21T11:11:58,7000.0,41.6,S
2021-07-21T11:11:54,1000.0,41.6,S
2021-07-21T11:11:47,100.0,41.7,B
2021-07-21T11:11:44,1000.0,41.7,B
2021-07-21T11:11:36,500.0,41.7,B
2021-07-21T11:11:22,1000.0,41.7,B
2021-07-21T11:11:20,200.0,41.7,B
2021-07-21T11:11:07,800.0,41.7,B
2021-07-21T11:11:04,10000.0,41.8,B
2021-07-21T11:11:03,100.0,41.7,S
2021-07-21T11:11:02,4000.0,41.7,S
2021-07-21T11:10:58,600.0,41.7,S
2021-07-21T11:10:53,100.0,41.7,S
2021-07-21T11:10:51,300.0,41.7,S
2021-07-21T11:10:48,500.0,41.7,S
2021-07-21T11:10:48,500.0,41.7,S
2021-07-21T11:10:47,4000.0,41.7,S
2021-07-21T11:10:46,2000.0,41.7,S
2021-07-21T11:10:46,1000.0,41.7,S
2021-07-21T11:10:43,400.0,41.7,S
2021-07-21T11:10:38,5000.0,41.7,S
2021-07-21T11:10:36,2000.0,41.7,S
2021-07-21T11:10:35,10000.0,41.7,S
2021-07-21T11:10:31,2000.0,41.7,S
2021-07-21T11:10:23,500.0,41.7,S
2021-07-21T11:10:22,2000.0,41.7,S
2021-07-21T11:10:13,2100.0,41.7,S
2021-07-21T11:10:12,100.0,41.7,S
2021-07-21T11:10:11,200.0,41.7,S
2021-07-21T11:10:08,200.0,41.7,S
2021-07-21T11:10:05,200.0,41.7,S
2021-07-21T11:10:05,1000.0,41.7,S
2021-07-21T11:10:04,100.0,41.7,S
2021-07-21T11:10:03,200.0,41.7,S
2021-07-21T11:09:55,200.0,41.7,S
2021-07-21T11:09:51,100.0,41.7,S
2021-07-21T11:09:48,500.0,41.7,S
2021-07-21T11:09:44,1000.0,41.7,S
2021-07-21T11:09:38,1000.0,41.7,S
2021-07-21T11:09:30,800.0,41.7,S
2021-07-21T11:09:30,100.0,41.8,B
2021-07-21T11:09:23,200.0,41.8,B
2021-07-21T11:09:04,900.0,41.8,S
2021-07-21T11:09:03,700.0,41.8,S
2021-07-21T11:08:59,600.0,41.8,S
2021-07-21T11:08:57,2300.0,41.8,S
2021-07-21T11:08:56,500.0,41.8,S
2021-07-21T11:08:56,5000.0,41.8,S
2021-07-21T11:08:44,4000.0,41.8,S
2021-07-21T11:08:38,53200.0,41.8,S
2021-07-21T11:08:31,2000.0,41.9,B
2021-07-21T11:08:13,500.0,41.9,B
2021-07-21T11:08:05,31000.0,41.9,B
2021-07-21T11:08:05,500.0,41.9,S
2021-07-21T11:08:04,200.0,41.9,S
2021-07-21T11:07:56,4000.0,41.9,S
2021-07-21T11:07:54,17000.0,41.9,S
2021-07-21T11:07:53,200.0,41.9,S
2021-07-21T11:07:52,100.0,41.9,S
2021-07-21T11:07:45,800.0,41.9,S
2021-07-21T11:07:44,600.0,41.9,S
2021-07-21T11:07:33,1000.0,41.9,S
2021-07-21T11:07:24,1400.0,41.9,S
2021-07-21T11:07:23,200.0,41.9,S
2021-07-21T11:07:22,600.0,42.0,B
2021-07-21T11:07:06,400.0,41.9,S
2021-07-21T11:07:04,3800.0,42.0,S
2021-07-21T11:07:02,6000.0,42.0,S
2021-07-21T11:07:00,500.0,42.0,S
2021-07-21T11:06:57,150000.0,42.0,S
2021-07-21T11:06:56,100.0,42.0,S
2021-07-21T11:06:54,2000.0,42.0,S
2021-07-21T11:06:53,100.0,42.0,S
2021-07-21T11:06:52,1000.0,42.0,S
2021-07-21T11:06:48,1000.0,42.0,S
2021-07-21T11:06:48,12000.0,42.0,S
2021-07-21T11:06:43,100.0,42.0,S
2021-07-21T11:06:42,700.0,42.0,S
2021-07-21T11:06:41,100.0,42.0,S
2021-07-21T11:06:37,500.0,42.0,S
2021-07-21T11:06:37,400.0,42.0,S
2021-07-21T11:06:34,500.0,42.0,S
2021-07-21T11:06:33,500.0,42.0,S
2021-07-21T11:06:24,200.0,42.0,S
2021-07-21T11:06:24,100.0,42.1,B
2021-07-21T11:06:21,3000.0,42.0,S
2021-07-21T11:06:21,100.0,42.0,S
2021-07-21T11:06:20,1000.0,42.0,S
2021-07-21T11:06:14,100.0,42.0,S
2021-07-21T11:06:06,1200.0,42.0,S
2021-07-21T11:06:05,300.0,42.0,S
2021-07-21T11:06:00,600.0,42.0,S
2021-07-21T11:05:59,200.0,42.0,S
2021-07-21T11:05:57,300.0,42.0,S
2021-07-21T11:05:46,100.0,42.0,S
2021-07-21T11:05:44,100.0,42.0,S
2021-07-21T11:05:43,100.0,42.1,B
2021-07-21T11:05:28,1900.0,42.0,S
2021-07-21T11:05:24,500.0,42.0,S
2021-07-21T11:05:22,1000.0,42.0,S
2021-07-21T11:05:15,100.0,42.0,S
2021-07-21T11:05:03,100.0,42.0,S
2021-07-21T11:04:58,1000.0,42.0,S
2021-07-21T11:04:56,500.0,42.0,S
2021-07-21T11:04:56,100.0,42.1,B
2021-07-21T11:04:52,400.0,42.0,S
2021-07-21T11:04:48,500.0,42.0,S
2021-07-21T11:04:42,100.0,42.1,B
2021-07-21T11:04:33,500.0,42.0,S
2021-07-21T11:04:24,5000.0,42.0,S
2021-07-21T11:04:20,100.0,42.0,S
2021-07-21T11:04:12,1900.0,42.0,S
2021-07-21T11:04:09,300.0,42.0,S
2021-07-21T11:04:01,500.0,42.0,S
2021-07-21T11:03:57,100.0,42.1,B
2021-07-21T11:03:53,500.0,42.0,S
2021-07-21T11:03:46,300.0,42.0,S
2021-07-21T11:03:38,800.0,42.1,B
2021-07-21T11:03:35,300.0,42.0,S
2021-07-21T11:03:35,100.0,42.0,S
2021-07-21T11:03:31,1000.0,42.0,S
2021-07-21T11:03:11,1000.0,42.0,S
2021-07-21T11:03:11,1000.0,42.0,S
2021-07-21T11:03:09,300.0,42.0,S
2021-07-21T11:02:43,200.0,42.0,S
2021-07-21T11:02:43,1000.0,42.0,S
2021-07-21T11:02:35,500.0,42.0,S
2021-07-21T11:02:30,2000.0,42.0,S
2021-07-21T11:02:19,300.0,42.0,S
2021-07-21T11:02:19,100.0,42.0,S
2021-07-21T11:02:15,5000.0,42.0,S
2021-07-21T11:02:15,1000.0,42.0,S
2021-07-21T11:01:39,200.0,42.0,S
2021-07-21T11:01:14,400.0,42.0,S
2021-07-21T11:01:02,9700.0,42.0,S
2021-07-21T11:00:59,1000.0,42.0,S
2021-07-21T11:00:45,5000.0,42.1,B
2021-07-21T11:00:41,200.0,42.0,S
2021-07-21T11:00:21,100.0,42.0,S
2021-07-21T11:00:20,600.0,42.0,S
2021-07-21T11:00:17,500.0,42.0,S
2021-07-21T11:00:08,200.0,42.0,S
2021-07-21T11:00:06,2000.0,42.1,B
2021-07-21T10:59:59,200.0,42.0,S
2021-07-21T10:59:51,200.0,42.0,S
2021-07-21T10:59:45,1000.0,42.0,S
2021-07-21T10:59:43,1100.0,42.0,S
2021-07-21T10:59:40,10000.0,42.0,S
2021-07-21T10:59:28,5000.0,42.0,S
2021-07-21T10:59:25,3000.0,42.0,S
2021-07-21T10:59:00,500.0,42.0,S
2021-07-21T10:58:46,1000.0,42.0,S
2021-07-21T10:58:31,1000.0,42.0,S
2021-07-21T10:58:31,2600.0,42.0,S
2021-07-21T10:58:16,5000.0,42.1,B
2021-07-21T10:58:11,100.0,42.1,B
2021-07-21T10:58:06,200.0,42.0,S
2021-07-21T10:58:05,5000.0,42.1,B
2021-07-21T10:57:59,200.0,42.0,S
2021-07-21T10:57:54,100.0,42.0,S
2021-07-21T10:57:53,100.0,42.0,S
2021-07-21T10:57:34,100.0,42.0,S
2021-07-21T10:57:13,8000.0,42.0,S
2021-07-21T10:57:07,10000.0,42.0,S
2021-07-21T10:56:57,200.0,42.0,S
2021-07-21T10:56:51,100.0,42.0,S
2021-07-21T10:56:41,100.0,42.0,S
2021-07-21T10:56:37,1000.0,42.0,S
2021-07-21T10:56:32,100.0,42.0,S
2021-07-21T10:56:25,300.0,42.0,S
2021-07-21T10:56:24,500.0,42.0,S
2021-07-21T10:56:17,500.0,42.0,S
2021-07-21T10:56:04,500.0,42.0,S
2021-07-21T10:56:01,500.0,42.0,S
2021-07-21T10:56:00,1000.0,42.0,S
2021-07-21T10:55:53,200.0,42.0,S
2021-07-21T10:55:52,500.0,42.0,S
2021-07-21T10:55:36,1200.0,42.0,S
2021-07-21T10:55:11,100.0,42.0,S
2021-07-21T10:55:10,100.0,42.0,S
2021-07-21T10:55:08,800.0,42.1,B
2021-07-21T10:55:02,100.0,42.0,S
2021-07-21T10:54:58,1000.0,42.0,S
2021-07-21T10:54:54,500.0,42.0,S
2021-07-21T10:54:54,1000.0,42.0,S
2021-07-21T10:54:32,500.0,42.0,S
2021-07-21T10:54:24,1000.0,42.0,S
2021-07-21T10:54:22,500.0,42.0,S
2021-07-21T10:54:19,100.0,42.0,S
2021-07-21T10:54:11,400.0,42.0,S
2021-07-21T10:53:54,200.0,42.0,S
2021-07-21T10:53:54,2500.0,42.0,S
2021-07-21T10:53:53,300.0,42.1,B
2021-07-21T10:53:40,600.0,42.0,S
2021-07-21T10:53:24,200.0,42.0,S
2021-07-21T10:53:18,500.0,42.0,S
2021-07-21T10:52:51,100.0,42.0,S
2021-07-21T10:52:46,500.0,42.0,S
2021-07-21T10:52:43,1100.0,42.0,S
2021-07-21T10:52:43,400.0,42.0,S
2021-07-21T10:52:37,3000.0,42.0,S
2021-07-21T10:52:28,400.0,42.0,S
2021-07-21T10:52:17,3100.0,42.0,S
2021-07-21T10:52:12,1000.0,42.0,S
2021-07-21T10:52:02,700.0,42.0,S
2021-07-21T10:51:58,500.0,42.0,S
2021-07-21T10:51:44,100.0,42.0,S
2021-07-21T10:51:27,500.0,42.1,B
2021-07-21T10:51:25,5000.0,42.0,S
2021-07-21T10:51:09,1000.0,42.1,B
2021-07-21T10:51:07,200.0,42.0,S
2021-07-21T10:51:00,400.0,42.0,S
2021-07-21T10:50:46,1000.0,42.0,S
2021-07-21T10:50:43,200.0,42.1,B
2021-07-21T10:50:37,5000.0,42.0,S
2021-07-21T10:50:33,200.0,42.0,S
2021-07-21T10:50:32,500.0,42.0,S
2021-07-21T10:50:26,200.0,42.0,S
2021-07-21T10:50:26,100.0,42.1,B
2021-07-21T10:50:22,500.0,42.1,B
2021-07-21T10:50:09,900.0,42.0,S
2021-07-21T10:50:08,100.0,42.0,S
2021-07-21T10:50:02,1000.0,42.0,S
2021-07-21T10:49:40,100.0,42.1,B
2021-07-21T10:49:06,100.0,42.1,B
2021-07-21T10:48:39,100.0,42.1,B
2021-07-21T10:48:33,500.0,42.0,S
2021-07-21T10:48:26,2000.0,42.1,B
2021-07-21T10:48:15,100.0,42.0,S
2021-07-21T10:48:12,5300.0,42.1,B
2021-07-21T10:48:06,1000.0,42.0,S
2021-07-21T10:47:52,1000.0,42.0,S
2021-07-21T10:47:39,600.0,42.1,B
2021-07-21T10:47:37,500.0,42.1,B
2021-07-21T10:47:27,1000.0,42.1,B
2021-07-21T10:47:11,200.0,42.1,B
2021-07-21T10:46:51,500.0,42.1,B
2021-07-21T10:46:22,700.0,42.1,B
2021-07-21T10:46:22,1300.0,42.1,B
2021-07-21T10:46:20,3000.0,42.1,S
2021-07-21T10:46:17,5000.0,42.1,S
2021-07-21T10:46:13,1200.0,42.1,S
2021-07-21T10:46:10,300.0,42.1,S
2021-07-21T10:46:07,1000.0,42.1,S
2021-07-21T10:46:05,4800.0,42.1,S
2021-07-21T10:46:02,100.0,42.1,S
2021-07-21T10:46:01,1000.0,42.1,S
2021-07-21T10:46:00,2000.0,42.1,S
2021-07-21T10:45:59,500.0,42.1,S
2021-07-21T10:45:57,500.0,42.1,S
2021-07-21T10:45:53,1000.0,42.1,S
2021-07-21T10:45:45,400.0,42.1,S
2021-07-21T10:45:45,300.0,42.1,S
2021-07-21T10:45:41,900.0,42.1,S
2021-07-21T10:45:20,500.0,42.1,S
2021-07-21T10:45:13,400.0,42.1,S
2021-07-21T10:45:06,10000.0,42.1,S
2021-07-21T10:45:00,500.0,42.2,B
2021-07-21T10:44:55,300.0,42.2,B
2021-07-21T10:44:51,500.0,42.1,S
2021-07-21T10:44:33,100.0,42.2,B
2021-07-21T10:44:29,7500.0,42.2,B
2021-07-21T10:44:20,2000.0,42.1,S
2021-07-21T10:44:17,300.0,42.1,S
2021-07-21T10:44:13,1500.0,42.1,S
2021-07-21T10:44:12,100.0,42.1,S
2021-07-21T10:44:11,100.0,42.1,S
2021-07-21T10:43:58,300.0,42.1,S
2021-07-21T10:43:51,100.0,42.1,S
2021-07-21T10:43:49,500.0,42.1,S
2021-07-21T10:43:49,200.0,42.1,S
2021-07-21T10:43:44,3000.0,42.1,S
2021-07-21T10:43:39,100.0,42.1,S
2021-07-21T10:43:31,100.0,42.1,S
2021-07-21T10:43:29,900.0,42.1,S
2021-07-21T10:43:21,100.0,42.1,S
2021-07-21T10:43:15,100.0,42.2,B
2021-07-21T10:43:12,100.0,42.1,S
2021-07-21T10:43:11,5000.0,42.1,S
2021-07-21T10:43:08,100.0,42.1,S
2021-07-21T10:43:05,1000.0,42.1,S
2021-07-21T10:42:54,1500.0,42.1,S
2021-07-21T10:42:19,500.0,42.1,S
2021-07-21T10:42:18,900.0,42.1,S
2021-07-21T10:42:14,11400.0,42.1,S
2021-07-21T10:42:02,1200.0,42.1,S
2021-07-21T10:41:52,1000.0,42.1,S
2021-07-21T10:41:33,500.0,42.1,S
2021-07-21T10:41:22,1000.0,42.1,S
2021-07-21T10:41:18,900.0,42.1,S
2021-07-21T10:40:54,100.0,42.1,S
2021-07-21T10:40:39,1000.0,42.1,S
2021-07-21T10:40:25,100.0,42.2,B
2021-07-21T10:40:12,200.0,42.1,S
2021-07-21T10:40:03,200.0,42.1,S
2021-07-21T10:39:54,300.0,42.1,S
2021-07-21T10:39:48,500.0,42.1,S
2021-07-21T10:39:47,600.0,42.1,S
2021-07-21T10:39:43,1000.0,42.1,S
2021-07-21T10:39:38,400.0,42.2,B
2021-07-21T10:39:36,200.0,42.1,S
2021-07-21T10:39:32,1000.0,42.1,S
2021-07-21T10:39:22,400.0,42.1,S
2021-07-21T10:39:16,1000.0,42.1,S
2021-07-21T10:39:13,1000.0,42.1,S
2021-07-21T10:39:13,500.0,42.1,S
2021-07-21T10:39:12,1000.0,42.1,S
2021-07-21T10:39:07,900.0,42.1,S
2021-07-21T10:39:03,200.0,42.1,S
2021-07-21T10:39:00,1000.0,42.1,S
2021-07-21T10:38:28,2000.0,42.1,S
2021-07-21T10:38:28,2000.0,42.1,S
2021-07-21T10:38:23,2200.0,42.1,S
2021-07-21T10:38:22,6000.0,42.1,S
2021-07-21T10:38:18,300.0,42.1,S
2021-07-21T10:38:06,1000.0,42.1,S
2021-07-21T10:37:58,500.0,42.1,S
2021-07-21T10:37:54,100.0,42.1,S
2021-07-21T10:37:49,300.0,42.1,S
2021-07-21T10:37:41,12600.0,42.1,S
2021-07-21T10:37:34,300.0,42.1,S
2021-07-21T10:37:31,100.0,42.1,S
2021-07-21T10:37:29,100.0,42.1,S
2021-07-21T10:37:26,100.0,42.1,S
2021-07-21T10:37:21,2300.0,42.1,S
2021-07-21T10:37:20,100.0,42.1,S
2021-07-21T10:37:05,100.0,42.1,S
2021-07-21T10:36:56,900.0,42.1,S
2021-07-21T10:36:55,200.0,42.2,B
2021-07-21T10:36:46,2800.0,42.1,S
2021-07-21T10:36:33,200.0,42.1,S
2021-07-21T10:35:49,5000.0,42.1,S
2021-07-21T10:35:45,700.0,42.1,S
2021-07-21T10:35:33,2000.0,42.2,B
2021-07-21T10:35:33,300.0,42.1,S
2021-07-21T10:35:28,1000.0,42.1,S
2021-07-21T10:35:18,500.0,42.1,S
2021-07-21T10:35:14,500.0,42.1,S
2021-07-21T10:35:03,200.0,42.1,S
2021-07-21T10:34:46,200.0,42.1,S
2021-07-21T10:34:44,900.0,42.1,S
2021-07-21T10:34:39,100.0,42.1,S
2021-07-21T10:34:26,200.0,42.2,B
2021-07-21T10:34:22,200.0,42.1,S
2021-07-21T10:34:21,800.0,42.1,S
2021-07-21T10:34:19,700.0,42.2,B
2021-07-21T10:34:18,100.0,42.1,S
2021-07-21T10:34:15,2000.0,42.1,S
2021-07-21T10:34:00,1000.0,42.1,S
2021-07-21T10:33:53,100.0,42.1,S
2021-07-21T10:33:51,100.0,42.1,S
2021-07-21T10:33:50,100.0,42.1,S
2021-07-21T10:33:46,600.0,42.1,S
2021-07-21T10:33:42,200.0,42.1,S
2021-07-21T10:33:38,500.0,42.1,S
2021-07-21T10:33:26,200.0,42.1,S
2021-07-21T10:33:16,500.0,42.1,S
2021-07-21T10:33:08,500.0,42.1,S
2021-07-21T10:33:08,1000.0,42.1,S
2021-07-21T10:33:05,8300.0,42.1,B
2021-07-21T10:32:56,300.0,42.1,B
2021-07-21T10:32:50,1000.0,42.0,S
2021-07-21T10:32:38,4000.0,42.0,S
2021-07-21T10:32:34,900.0,42.0,S
2021-07-21T10:32:27,300.0,42.0,S
2021-07-21T10:32:15,200.0,42.1,B
2021-07-21T10:32:12,100.0,42.0,S
2021-07-21T10:32:11,300.0,42.0,S
2021-07-21T10:32:03,5000.0,42.1,B
2021-07-21T10:31:59,400.0,42.1,B
2021-07-21T10:31:33,500.0,42.1,B
2021-07-21T10:31:22,3900.0,42.1,S
2021-07-21T10:31:16,1500.0,42.1,S
2021-07-21T10:31:10,300.0,42.1,S
2021-07-21T10:31:01,100.0,42.1,S
2021-07-21T10:30:48,9700.0,42.1,B
2021-07-21T10:30:43,2200.0,42.1,S
2021-07-21T10:30:39,100.0,42.1,S
2021-07-21T10:30:38,2300.0,42.1,S
2021-07-21T10:30:34,2000.0,42.1,S
2021-07-21T10:30:30,200.0,42.2,B
2021-07-21T10:30:26,3000.0,42.1,S
2021-07-21T10:30:22,900.0,42.1,S
2021-07-21T10:30:17,5000.0,42.2,B
2021-07-21T10:30:16,1000.0,42.1,S
2021-07-21T10:30:02,300.0,42.1,S
2021-07-21T10:29:58,500.0,42.1,S
2021-07-21T10:29:57,100.0,42.2,B
2021-07-21T10:29:45,100.0,42.2,B
2021-07-21T10:29:44,100.0,42.1,S
2021-07-21T10:29:38,5000.0,42.1,S
2021-07-21T10:29:34,500.0,42.1,S
2021-07-21T10:29:24,1000.0,42.2,B
2021-07-21T10:29:10,10000.0,42.1,S
2021-07-21T10:29:03,100.0,42.1,S
2021-07-21T10:28:56,15000.0,42.1,S
2021-07-21T10:28:41,1500.0,42.1,S
2021-07-21T10:28:21,500.0,42.1,S
2021-07-21T10:28:15,1000.0,42.1,S
2021-07-21T10:28:10,900.0,42.1,S
2021-07-21T10:28:10,1000.0,42.2,B
2021-07-21T10:27:35,2000.0,42.1,S
2021-07-21T10:27:14,100.0,42.1,S
2021-07-21T10:27:10,1000.0,42.1,S
2021-07-21T10:27:02,400.0,42.1,S
2021-07-21T10:26:51,500.0,42.1,S
2021-07-21T10:26:48,3000.0,42.2,B
2021-07-21T10:26:24,1000.0,42.2,B
2021-07-21T10:26:03,500.0,42.2,B
2021-07-21T10:26:00,900.0,42.1,S
2021-07-21T10:25:55,4000.0,42.2,B
2021-07-21T10:25:37,200.0,42.2,B
2021-07-21T10:25:36,500.0,42.1,S
2021-07-21T10:25:35,700.0,42.2,B
2021-07-21T10:25:29,100.0,42.2,B
2021-07-21T10:24:59,23000.0,42.2,B
2021-07-21T10:24:54,1000.0,42.1,S
2021-07-21T10:24:54,100.0,42.1,S
2021-07-21T10:24:37,200.0,42.1,S
2021-07-21T10:24:28,100.0,42.1,S
2021-07-21T10:24:17,100.0,42.1,S
2021-07-21T10:24:12,6300.0,42.1,B
2021-07-21T10:24:09,5000.0,42.1,B
2021-07-21T10:24:06,300.0,42.1,B
2021-07-21T10:24:04,200.0,42.1,B
2021-07-21T10:24:04,1000.0,42.0,S
2021-07-21T10:23:57,22000.0,42.1,B
2021-07-21T10:23:49,10000.0,42.1,B
2021-07-21T10:23:49,900.0,42.0,S
2021-07-21T10:23:48,100.0,42.1,B
2021-07-21T10:23:46,200.0,42.0,S
2021-07-21T10:23:31,300.0,42.0,S
2021-07-21T10:22:57,900.0,42.0,S
2021-07-21T10:22:35,100.0,42.0,S
2021-07-21T10:22:30,5000.0,42.1,B
2021-07-21T10:22:19,2000.0,42.0,S
2021-07-21T10:22:17,300.0,42.0,S
2021-07-21T10:22:12,100.0,42.0,S
2021-07-21T10:22:10,100.0,42.0,S
2021-07-21T10:22:10,1200.0,42.0,S
2021-07-21T10:22:08,100.0,42.0,S
2021-07-21T10:21:51,1000.0,42.0,S
2021-07-21T10:21:38,900.0,42.0,S
2021-07-21T10:21:33,100.0,42.0,S
2021-07-21T10:21:32,500.0,42.0,S
2021-07-21T10:21:25,100.0,42.0,S
2021-07-21T10:21:25,100.0,42.0,S
2021-07-21T10:21:25,200.0,42.0,S
2021-07-21T10:21:24,100.0,42.0,S
2021-07-21T10:21:23,200.0,42.0,S
2021-07-21T10:21:21,5300.0,42.0,S
2021-07-21T10:21:17,100.0,42.0,B
2021-07-21T10:21:14,1000.0,42.0,B
2021-07-21T10:20:58,1300.0,42.0,B
2021-07-21T10:20:52,2000.0,42.0,S
2021-07-21T10:20:37,1000.0,42.0,S
2021-07-21T10:20:35,1000.0,42.0,S
2021-07-21T10:20:21,4700.0,42.0,S
2021-07-21T10:20:17,300.0,42.0,S
2021-07-21T10:20:12,500.0,42.1,B
2021-07-21T10:20:10,2000.0,42.1,B
2021-07-21T10:20:03,500.0,42.0,S
2021-07-21T10:20:02,100.0,42.0,S
2021-07-21T10:19:59,300.0,42.0,S
2021-07-21T10:19:53,1000.0,42.0,S
2021-07-21T10:19:26,900.0,42.0,S
2021-07-21T10:19:24,8900.0,42.0,B
2021-07-21T10:19:20,2000.0,42.0,B
2021-07-21T10:19:17,1000.0,42.0,B
2021-07-21T10:19:17,100.0,42.0,B
2021-07-21T10:19:16,500.0,42.0,B
2021-07-21T10:19:16,100.0,42.0,B
2021-07-21T10:19:15,200.0,42.0,B
2021-07-21T10:19:13,1000.0,42.0,B
2021-07-21T10:19:06,1000.0,42.0,B
2021-07-21T10:19:02,100.0,42.0,B
2021-07-21T10:19:01,100.0,42.0,B
2021-07-21T10:18:53,29000.0,42.0,B
2021-07-21T10:18:51,50000.0,42.0,B
2021-07-21T10:18:46,1500.0,42.0,B
2021-07-21T10:18:45,100.0,42.0,B
2021-07-21T10:18:43,2000.0,42.0,B
2021-07-21T10:18:43,2000.0,42.0,B
2021-07-21T10:18:42,500.0,42.0,B
2021-07-21T10:18:41,1100.0,42.0,B
2021-07-21T10:18:36,200.0,42.0,B
2021-07-21T10:18:27,200.0,41.9,S
2021-07-21T10:18:14,3000.0,42.0,B
2021-07-21T10:18:11,500.0,41.9,S
2021-07-21T10:18:01,100.0,42.0,B
2021-07-21T10:17:54,600.0,42.0,B
2021-07-21T10:17:43,2100.0,41.9,S
2021-07-21T10:17:34,3100.0,42.0,B
2021-07-21T10:17:31,100.0,41.9,S
2021-07-21T10:17:15,900.0,41.9,S
2021-07-21T10:17:13,200.0,41.9,S
2021-07-21T10:17:12,500.0,42.0,B
2021-07-21T10:16:49,800.0,41.9,S
2021-07-21T10:16:48,400.0,41.9,S
2021-07-21T10:16:41,2000.0,41.9,S
2021-07-21T10:16:34,200.0,41.9,S
2021-07-21T10:16:31,3900.0,41.9,S
2021-07-21T10:16:31,500.0,41.9,S
2021-07-21T10:16:29,1000.0,41.9,S
2021-07-21T10:16:25,400.0,41.9,S
2021-07-21T10:16:08,1000.0,41.9,S
2021-07-21T10:16:01,200.0,41.9,S
2021-07-21T10:15:34,200.0,41.9,S
2021-07-21T10:15:25,500.0,41.9,S
2021-07-21T10:15:23,100.0,41.9,S
2021-07-21T10:15:20,800.0,41.9,S
2021-07-21T10:15:18,2000.0,41.9,S
2021-07-21T10:15:04,900.0,41.9,S
2021-07-21T10:15:02,100.0,41.9,S
2021-07-21T10:15:00,1000.0,41.9,S
2021-07-21T10:14:55,1500.0,41.9,S
2021-07-21T10:14:48,1300.0,41.9,S
2021-07-21T10:14:47,4000.0,41.9,S
2021-07-21T10:14:39,4700.0,41.9,S
2021-07-21T10:14:34,100.0,42.0,B
2021-07-21T10:14:09,1100.0,41.9,S
2021-07-21T10:14:05,200.0,42.0,B
2021-07-21T10:14:03,5000.0,42.0,B
2021-07-21T10:14:00,200.0,41.9,S
2021-07-21T10:13:45,600.0,41.9,S
2021-07-21T10:13:38,500.0,42.0,B
2021-07-21T10:13:33,1000.0,41.9,S
2021-07-21T10:13:18,1800.0,42.0,B
2021-07-21T10:13:15,200.0,42.0,B
2021-07-21T10:13:11,200.0,41.9,S
2021-07-21T10:13:10,100.0,42.0,B
2021-07-21T10:12:58,200.0,41.9,S
2021-07-21T10:12:57,200.0,41.9,S
2021-07-21T10:12:54,500.0,41.9,S
2021-07-21T10:12:53,900.0,41.9,S
2021-07-21T10:12:52,100.0,41.9,S
2021-07-21T10:12:47,2000.0,41.9,S
2021-07-21T10:12:20,100.0,41.9,S
2021-07-21T10:12:17,300.0,42.0,B
2021-07-21T10:12:16,300.0,41.9,S
2021-07-21T10:12:05,100.0,41.9,S
2021-07-21T10:12:02,1000.0,41.9,S
2021-07-21T10:11:55,500.0,42.0,B
2021-07-21T10:11:53,10000.0,41.9,S
2021-07-21T10:11:44,500.0,41.9,S
2021-07-21T10:11:44,2000.0,41.9,S
2021-07-21T10:11:23,1000.0,41.9,S
2021-07-21T10:11:10,200.0,41.9,S
2021-07-21T10:11:00,2500.0,41.9,S
2021-07-21T10:10:41,900.0,41.9,S
2021-07-21T10:10:40,10000.0,41.9,S
2021-07-21T10:10:39,500.0,41.9,S
2021-07-21T10:10:33,1000.0,41.9,S
2021-07-21T10:10:31,200.0,42.0,B
2021-07-21T10:10:29,2000.0,41.9,S
2021-07-21T10:10:25,1000.0,41.9,S
2021-07-21T10:10:21,100.0,41.9,S
2021-07-21T10:10:03,400.0,41.9,S
2021-07-21T10:10:01,2000.0,42.0,B
2021-07-21T10:09:56,200.0,41.9,S
2021-07-21T10:09:53,5000.0,41.9,S
2021-07-21T10:09:51,1000.0,42.0,B
2021-07-21T10:09:40,3000.0,42.0,B
2021-07-21T10:09:38,2000.0,41.9,S
2021-07-21T10:09:35,200.0,41.9,S
2021-07-21T10:09:33,13000.0,41.9,S
2021-07-21T10:09:31,1000.0,41.9,S
2021-07-21T10:09:30,1000.0,42.0,B
2021-07-21T10:09:28,200.0,41.9,S
2021-07-21T10:09:26,7400.0,41.9,S
2021-07-21T10:09:24,12000.0,41.9,S
2021-07-21T10:09:23,700.0,41.9,S
2021-07-21T10:09:19,800.0,41.9,S
2021-07-21T10:09:10,100.0,42.0,B
2021-07-21T10:08:57,500.0,41.9,S
2021-07-21T10:08:57,1000.0,41.9,S
2021-07-21T10:08:54,3000.0,41.9,S
2021-07-21T10:08:53,400.0,41.9,S
2021-07-21T10:08:50,3000.0,41.9,S
2021-07-21T10:08:48,10000.0,41.9,S
2021-07-21T10:08:39,500.0,41.9,S
2021-07-21T10:08:35,3000.0,41.9,S
2021-07-21T10:08:31,11500.0,41.9,S
2021-07-21T10:08:30,900.0,41.9,S
2021-07-21T10:08:29,100.0,41.9,S
2021-07-21T10:08:27,100.0,41.9,S
2021-07-21T10:08:20,300.0,42.0,B
2021-07-21T10:08:13,900.0,41.9,S
2021-07-21T10:08:10,2000.0,42.0,B
2021-07-21T10:08:10,4000.0,42.0,B
2021-07-21T10:08:07,14000.0,42.0,B
2021-07-21T10:08:01,200.0,42.0,B
2021-07-21T10:08:00,8000.0,41.9,S
2021-07-21T10:07:59,2000.0,42.0,B
2021-07-21T10:07:54,3900.0,41.9,S
2021-07-21T10:07:48,200.0,42.0,B
2021-07-21T10:07:47,4000.0,41.9,S
2021-07-21T10:07:44,1000.0,42.0,B
2021-07-21T10:07:41,500.0,41.9,S
2021-07-21T10:07:39,500.0,41.9,S
2021-07-21T10:07:25,400.0,42.0,B
2021-07-21T10:07:24,3000.0,41.9,S
2021-07-21T10:07:02,1000.0,42.0,B
2021-07-21T10:06:59,1000.0,42.0,B
2021-07-21T10:06:51,200.0,41.9,S
2021-07-21T10:06:45,2000.0,42.0,B
2021-07-21T10:06:42,100.0,41.9,S
2021-07-21T10:06:35,300.0,42.0,B
2021-07-21T10:06:31,200.0,42.0,B
2021-07-21T10:06:25,500.0,42.0,B
2021-07-21T10:06:23,19100.0,42.0,S
2021-07-21T10:06:22,5000.0,42.0,S
2021-07-21T10:06:20,300.0,42.0,S
2021-07-21T10:06:19,900.0,42.0,S
2021-07-21T10:06:17,10000.0,42.0,S
2021-07-21T10:06:11,12000.0,42.0,S
2021-07-21T10:06:07,10000.0,42.0,S
2021-07-21T10:06:00,8000.0,42.1,B
2021-07-21T10:05:59,2000.0,42.0,S
2021-07-21T10:05:55,100.0,42.0,S
2021-07-21T10:05:53,300.0,42.0,S
2021-07-21T10:05:52,3000.0,42.1,B
2021-07-21T10:05:45,200.0,42.0,S
2021-07-21T10:05:40,6400.0,42.1,B
2021-07-21T10:05:39,10000.0,42.0,S
2021-07-21T10:05:39,5500.0,42.0,S
2021-07-21T10:05:34,500.0,42.0,S
2021-07-21T10:05:32,1000.0,42.0,S
2021-07-21T10:05:29,100.0,42.0,S
2021-07-21T10:05:14,1600.0,42.0,S
2021-07-21T10:05:07,1000.0,42.1,B
2021-07-21T10:05:06,1000.0,42.0,S
2021-07-21T10:04:58,100.0,42.1,B
2021-07-21T10:04:56,1000.0,42.1,B
2021-07-21T10:04:44,200.0,42.1,B
2021-07-21T10:04:33,1000.0,42.0,S
2021-07-21T10:04:19,400.0,42.0,S
2021-07-21T10:04:08,900.0,42.0,S
2021-07-21T10:03:43,300.0,42.1,B
2021-07-21T10:03:39,500.0,42.0,S
2021-07-21T10:03:22,2500.0,42.0,S
2021-07-21T10:03:08,500.0,42.1,B
2021-07-21T10:03:03,1000.0,42.1,B
2021-07-21T10:03:01,100.0,42.1,B
2021-07-21T10:02:53,500.0,42.1,B
2021-07-21T10:02:48,100.0,42.1,S
2021-07-21T10:02:44,400.0,42.1,S
2021-07-21T10:02:40,100.0,42.1,S
2021-07-21T10:02:39,100.0,42.1,S
2021-07-21T10:02:30,2300.0,42.1,B
2021-07-21T10:02:23,100.0,42.1,B
2021-07-21T10:02:22,1600.0,42.1,S
2021-07-21T10:02:18,2200.0,42.1,S
2021-07-21T10:02:15,300.0,42.1,S
2021-07-21T10:02:14,1000.0,42.1,S
2021-07-21T10:02:14,100.0,42.1,S
2021-07-21T10:02:10,1000.0,42.1,S
2021-07-21T10:02:06,2000.0,42.1,S
2021-07-21T10:02:04,100.0,42.1,S
2021-07-21T10:02:04,1100.0,42.1,S
2021-07-21T10:02:02,5000.0,42.1,S
2021-07-21T10:02:00,1000.0,42.1,S
2021-07-21T10:01:59,1800.0,42.1,S
2021-07-21T10:01:59,500.0,42.1,S
2021-07-21T10:01:57,900.0,42.1,S
2021-07-21T10:01:52,1100.0,42.1,S
2021-07-21T10:01:52,1000.0,42.1,S
2021-07-21T10:01:51,500.0,42.1,S
2021-07-21T10:01:49,100.0,42.1,S
2021-07-21T10:01:48,300.0,42.2,B
2021-07-21T10:01:46,2000.0,42.1,S
2021-07-21T10:01:43,5000.0,42.1,S
2021-07-21T10:01:41,700.0,42.1,S
2021-07-21T10:01:38,14300.0,42.1,S
2021-07-21T10:01:32,2000.0,42.1,S
2021-07-21T10:01:29,200.0,42.1,S
2021-07-21T10:01:25,400.0,42.2,B
2021-07-21T10:01:24,100.0,42.1,S
2021-07-21T10:01:22,400.0,42.2,B
2021-07-21T10:01:18,100.0,42.1,S
2021-07-21T10:01:14,300.0,42.1,S
2021-07-21T10:01:07,1000.0,42.1,S
2021-07-21T10:01:05,5000.0,42.1,S
2021-07-21T10:00:38,1000.0,42.2,B
2021-07-21T10:00:22,200.0,42.1,S
2021-07-21T10:00:01,1000.0,42.1,S
2021-07-21T09:59:57,100.0,42.1,S
2021-07-21T09:59:46,900.0,42.1,S
2021-07-21T09:59:37,400.0,42.1,S
2021-07-21T09:59:36,300.0,42.2,B
2021-07-21T09:59:34,200.0,42.2,B
2021-07-21T09:59:33,200.0,42.2,B
2021-07-21T09:59:31,6000.0,42.2,B
2021-07-21T09:59:25,500.0,42.2,B
2021-07-21T09:59:24,5000.0,42.2,B
2021-07-21T09:59:21,1000.0,42.2,B
2021-07-21T09:59:20,300.0,42.2,B
2021-07-21T09:59:08,500.0,42.2,B
2021-07-21T09:59:05,100.0,42.2,B
2021-07-21T09:59:05,300.0,42.2,B
2021-07-21T09:59:01,100.0,42.2,B
2021-07-21T09:58:55,200.0,42.2,B
2021-07-21T09:58:54,500.0,42.2,B
2021-07-21T09:58:51,1000.0,42.2,B
2021-07-21T09:58:41,16400.0,42.2,S
2021-07-21T09:58:35,2400.0,42.2,S
2021-07-21T09:58:33,1000.0,42.2,S
2021-07-21T09:58:27,300.0,42.2,S
2021-07-21T09:58:18,100.0,42.2,S
2021-07-21T09:58:12,1000.0,42.2,S
2021-07-21T09:58:09,1700.0,42.2,S
2021-07-21T09:58:08,100.0,42.2,B
2021-07-21T09:58:03,100.0,42.2,B
2021-07-21T09:57:59,50000.0,42.2,B
2021-07-21T09:57:47,8600.0,42.2,B
2021-07-21T09:57:37,1000.0,42.2,B
2021-07-21T09:57:35,900.0,42.1,S
2021-07-21T09:57:30,500.0,42.2,B
2021-07-21T09:57:27,2000.0,42.2,B
2021-07-21T09:57:22,200.0,42.2,B
2021-07-21T09:57:01,600.0,42.2,B
2021-07-21T09:56:59,200.0,42.2,B
2021-07-21T09:56:54,200.0,42.2,B
2021-07-21T09:56:32,200.0,42.2,B
2021-07-21T09:56:31,700.0,42.2,B
2021-07-21T09:56:13,100.0,42.1,S
2021-07-21T09:55:53,200.0,42.1,S
2021-07-21T09:55:23,900.0,42.1,S
2021-07-21T09:55:10,800.0,42.2,B
2021-07-21T09:55:03,2000.0,42.2,B
2021-07-21T09:55:01,200.0,42.2,B
2021-07-21T09:54:59,1800.0,42.2,S
2021-07-21T09:54:54,100.0,42.2,S
2021-07-21T09:54:47,500.0,42.2,S
2021-07-21T09:54:47,2000.0,42.2,S
2021-07-21T09:54:45,500.0,42.2,S
2021-07-21T09:54:44,100.0,42.2,S
2021-07-21T09:54:43,200.0,42.2,S
2021-07-21T09:54:39,100.0,42.2,S
2021-07-21T09:54:28,100.0,42.2,S
2021-07-21T09:54:23,10000.0,42.2,S
2021-07-21T09:54:19,100.0,42.2,S
2021-07-21T09:54:14,200.0,42.3,B
2021-07-21T09:54:10,500.0,42.2,S
2021-07-21T09:54:08,100.0,42.2,S
2021-07-21T09:54:03,3500.0,42.2,S
2021-07-21T09:53:57,1000.0,42.3,B
2021-07-21T09:53:43,7000.0,42.2,S
2021-07-21T09:53:42,1000.0,42.3,B
2021-07-21T09:53:29,200.0,42.3,B
2021-07-21T09:53:16,6500.0,42.3,B
2021-07-21T09:53:16,500.0,42.2,S
2021-07-21T09:53:12,900.0,42.2,S
2021-07-21T09:53:04,1000.0,42.2,S
2021-07-21T09:53:03,100.0,42.2,S
2021-07-21T09:53:01,1000.0,42.2,S
2021-07-21T09:52:53,100.0,42.2,S
2021-07-21T09:52:49,500.0,42.2,S
2021-07-21T09:52:43,1200.0,42.2,S
2021-07-21T09:52:40,1000.0,42.2,S
2021-07-21T09:52:31,200.0,42.2,S
2021-07-21T09:52:29,2000.0,42.3,B
2021-07-21T09:52:27,4000.0,42.2,B
2021-07-21T09:52:22,1800.0,42.2,S
2021-07-21T09:52:12,3400.0,42.2,S
2021-07-21T09:52:01,100.0,42.2,S
2021-07-21T09:52:00,300.0,42.2,S
2021-07-21T09:52:00,100.0,42.2,S
2021-07-21T09:51:58,19500.0,42.2,S
2021-07-21T09:51:56,100.0,42.2,B
2021-07-21T09:51:53,300.0,42.2,B
2021-07-21T09:51:44,500.0,42.1,S
2021-07-21T09:51:24,1000.0,42.2,B
2021-07-21T09:51:22,4000.0,42.2,S
2021-07-21T09:51:22,100.0,42.2,S
2021-07-21T09:51:19,10100.0,42.2,B
2021-07-21T09:51:15,2100.0,42.2,B
2021-07-21T09:51:12,2000.0,42.2,B
2021-07-21T09:51:09,200.0,42.2,B
2021-07-21T09:51:08,500.0,42.2,B
2021-07-21T09:51:06,2000.0,42.2,B
2021-07-21T09:51:01,900.0,42.1,S
2021-07-21T09:51:00,300.0,42.2,B
2021-07-21T09:50:36,100.0,42.2,B
2021-07-21T09:50:33,4500.0,42.2,B
2021-07-21T09:50:32,200.0,42.2,S
2021-07-21T09:50:30,3000.0,42.2,S
2021-07-21T09:50:29,4800.0,42.2,S
2021-07-21T09:50:23,10500.0,42.2,S
2021-07-21T09:50:20,200.0,42.2,B
2021-07-21T09:50:18,100.0,42.2,B
2021-07-21T09:50:15,1000.0,42.2,B
2021-07-21T09:50:13,2000.0,42.1,S
2021-07-21T09:49:50,1000.0,42.2,B
2021-07-21T09:49:45,2000.0,42.2,B
2021-07-21T09:49:43,200.0,42.2,B
2021-07-21T09:49:24,500.0,42.2,B
2021-07-21T09:49:18,200.0,42.3,B
2021-07-21T09:49:18,7500.0,42.2,B
2021-07-21T09:49:08,19500.0,42.1,B
2021-07-21T09:49:07,200.0,42.2,B
2021-07-21T09:49:05,1500.0,42.2,B
2021-07-21T09:49:04,500.0,42.2,B
2021-07-21T09:49:03,100.0,42.2,B
2021-07-21T09:48:56,300.0,42.2,B
2021-07-21T09:48:49,900.0,42.1,S
2021-07-21T09:48:48,1500.0,42.2,B
2021-07-21T09:48:48,500.0,42.2,B
2021-07-21T09:48:46,500.0,42.1,S
2021-07-21T09:48:45,100.0,42.1,S
2021-07-21T09:48:44,1600.0,42.2,B
2021-07-21T09:48:43,400.0,42.2,B
2021-07-21T09:48:37,200.0,42.2,B
2021-07-21T09:48:36,1000.0,42.1,S
2021-07-21T09:48:35,500.0,42.2,B
2021-07-21T09:48:33,5000.0,42.2,B
2021-07-21T09:48:25,16200.0,42.2,B
2021-07-21T09:48:03,500.0,42.2,B
2021-07-21T09:48:00,17400.0,42.2,B
2021-07-21T09:47:54,1000.0,42.2,B
2021-07-21T09:47:48,200.0,42.2,B
2021-07-21T09:47:47,300.0,42.2,B
2021-07-21T09:47:37,2000.0,42.2,B
2021-07-21T09:47:37,700.0,42.2,B
2021-07-21T09:47:35,1000.0,42.2,B
2021-07-21T09:47:27,1000.0,42.2,B
2021-07-21T09:47:25,100.0,42.1,S
2021-07-21T09:47:09,10000.0,42.2,B
2021-07-21T09:46:59,1100.0,42.1,S
2021-07-21T09:46:41,2000.0,42.2,B
2021-07-21T09:46:39,900.0,42.1,S
2021-07-21T09:46:31,300.0,42.1,S
2021-07-21T09:46:31,3000.0,42.1,S
2021-07-21T09:46:30,1000.0,42.1,S
2021-07-21T09:46:28,100.0,42.2,B
2021-07-21T09:46:17,100.0,42.2,B
2021-07-21T09:46:12,4000.0,42.1,S
2021-07-21T09:46:04,200.0,42.1,S
2021-07-21T09:45:57,9000.0,42.1,S
2021-07-21T09:45:54,300.0,42.1,S
2021-07-21T09:45:41,100.0,42.1,S
2021-07-21T09:45:37,700.0,42.1,S
2021-07-21T09:45:25,1000.0,42.1,S
2021-07-21T09:45:19,500.0,42.1,S
2021-07-21T09:45:16,1000.0,42.1,S
2021-07-21T09:45:13,100.0,42.1,S
2021-07-21T09:45:08,1000.0,42.1,S
2021-07-21T09:44:57,500.0,42.1,S
2021-07-21T09:44:55,5100.0,42.1,B
2021-07-21T09:44:49,100.0,42.1,B
2021-07-21T09:44:38,4000.0,42.1,B
2021-07-21T09:44:37,1000.0,42.0,S
2021-07-21T09:44:32,2000.0,42.1,B
2021-07-21T09:44:30,500.0,42.0,S
2021-07-21T09:44:27,900.0,42.0,S
2021-07-21T09:44:24,1300.0,42.1,B
2021-07-21T09:44:24,1000.0,42.1,B
2021-07-21T09:44:22,3000.0,42.1,B
2021-07-21T09:44:21,200.0,42.0,S
2021-07-21T09:44:14,2100.0,42.1,B
2021-07-21T09:44:09,300.0,42.1,B
2021-07-21T09:44:03,500.0,42.0,S
2021-07-21T09:43:59,1000.0,42.0,S
2021-07-21T09:43:56,400.0,42.1,B
2021-07-21T09:43:49,600.0,42.0,S
2021-07-21T09:43:46,300.0,42.0,S
2021-07-21T09:43:42,200.0,42.0,B
2021-07-21T09:43:40,600.0,42.0,B
2021-07-21T09:43:40,10000.0,42.0,B
2021-07-21T09:43:39,1400.0,42.0,B
2021-07-21T09:43:30,1100.0,42.0,B
2021-07-21T09:43:26,40200.0,42.0,B
2021-07-21T09:43:19,200.0,42.0,B
2021-07-21T09:43:16,500.0,42.0,B
2021-07-21T09:43:07,2700.0,42.0,B
2021-07-21T09:43:07,300.0,42.0,B
2021-07-21T09:43:06,2000.0,42.0,B
2021-07-21T09:42:50,100.0,42.0,B
2021-07-21T09:42:48,200.0,42.0,B
2021-07-21T09:42:48,2000.0,42.0,B
2021-07-21T09:42:47,1700.0,41.9,S
2021-07-21T09:42:41,500.0,42.0,B
2021-07-21T09:42:27,500.0,42.0,B
2021-07-21T09:42:18,300.0,42.0,B
2021-07-21T09:42:16,900.0,41.9,S
2021-07-21T09:42:12,500.0,42.0,B
2021-07-21T09:42:10,200.0,41.9,S
2021-07-21T09:42:09,1000.0,42.0,B
2021-07-21T09:42:06,2300.0,41.9,S
2021-07-21T09:41:58,100.0,42.0,B
2021-07-21T09:41:52,200.0,42.0,B
2021-07-21T09:41:42,100.0,41.9,S
2021-07-21T09:41:36,100.0,42.0,B
2021-07-21T09:41:29,200.0,41.9,S
2021-07-21T09:41:05,100.0,41.9,S
2021-07-21T09:41:02,100.0,41.9,S
2021-07-21T09:40:57,3700.0,41.9,S
2021-07-21T09:40:56,300.0,41.9,S
2021-07-21T09:40:35,600.0,41.9,S
2021-07-21T09:40:28,1300.0,41.9,S
2021-07-21T09:40:23,9800.0,41.9,S
2021-07-21T09:40:23,100.0,41.9,S
2021-07-21T09:40:09,1000.0,41.9,S
2021-07-21T09:40:05,1000.0,41.9,S
2021-07-21T09:40:00,1000.0,41.9,S
2021-07-21T09:39:58,300.0,41.9,S
2021-07-21T09:39:58,4000.0,42.0,B
2021-07-21T09:39:56,100.0,42.0,B
2021-07-21T09:39:49,1000.0,41.9,S
2021-07-21T09:39:42,4100.0,42.0,B
2021-07-21T09:39:33,6700.0,41.9,S
2021-07-21T09:39:32,100.0,42.0,S
2021-07-21T09:39:32,3500.0,42.0,S
2021-07-21T09:39:28,1200.0,42.0,S
2021-07-21T09:39:26,300.0,42.0,S
2021-07-21T09:39:25,100.0,42.0,S
2021-07-21T09:39:25,500.0,42.0,S
2021-07-21T09:39:21,100.0,42.0,S
2021-07-21T09:39:19,400.0,42.0,S
2021-07-21T09:39:15,200.0,42.0,S
2021-07-21T09:39:13,29000.0,42.0,B
2021-07-21T09:39:02,500.0,42.0,B
2021-07-21T09:39:01,2000.0,41.9,S
2021-07-21T09:38:53,2000.0,41.9,S
2021-07-21T09:38:45,2000.0,42.0,B
2021-07-21T09:38:44,10000.0,41.9,S
2021-07-21T09:38:41,500.0,41.9,S
2021-07-21T09:38:31,3000.0,41.9,S
2021-07-21T09:38:23,1500.0,42.0,B
2021-07-21T09:38:19,3300.0,42.0,B
2021-07-21T09:38:19,100.0,41.9,S
2021-07-21T09:38:17,4000.0,42.0,B
2021-07-21T09:38:13,500.0,42.0,B
2021-07-21T09:38:12,100.0,42.0,B
2021-07-21T09:38:12,2000.0,41.9,S
2021-07-21T09:38:10,5000.0,41.9,S
2021-07-21T09:38:08,1000.0,41.9,S
2021-07-21T09:38:07,100.0,41.9,S
2021-07-21T09:38:06,5000.0,42.0,B
2021-07-21T09:37:53,900.0,41.9,S
2021-07-21T09:37:42,200.0,41.9,S
2021-07-21T09:37:36,1000.0,41.9,S
2021-07-21T09:37:31,500.0,42.0,B
2021-07-21T09:37:25,3500.0,42.0,B
2021-07-21T09:37:23,300.0,42.0,B
2021-07-21T09:37:09,1500.0,42.0,B
2021-07-21T09:37:08,400.0,42.0,B
2021-07-21T09:37:05,100.0,42.0,B
2021-07-21T09:37:03,400.0,42.0,B
2021-07-21T09:37:00,100.0,42.0,B
2021-07-21T09:36:59,500.0,42.0,B
2021-07-21T09:36:58,1000.0,42.0,B
2021-07-21T09:36:56,900.0,42.0,S
2021-07-21T09:36:54,100.0,42.1,B
2021-07-21T09:36:53,100.0,42.0,S
2021-07-21T09:36:53,500.0,42.0,S
2021-07-21T09:36:52,200.0,42.0,S
2021-07-21T09:36:45,5000.0,42.0,S
2021-07-21T09:36:44,1000.0,42.0,S
2021-07-21T09:36:43,1000.0,42.0,S
2021-07-21T09:36:41,1000.0,42.0,S
2021-07-21T09:36:40,1000.0,42.0,S
2021-07-21T09:36:39,100.0,42.0,S
2021-07-21T09:36:38,300.0,42.0,S
2021-07-21T09:36:38,3900.0,42.0,B
2021-07-21T09:36:37,200.0,42.0,B
2021-07-21T09:36:33,300.0,42.0,B
2021-07-21T09:36:21,100.0,42.0,B
2021-07-21T09:36:20,300.0,42.0,S
2021-07-21T09:36:19,500.0,42.0,S
2021-07-21T09:36:18,300.0,42.0,B
2021-07-21T09:36:13,1000.0,42.0,B
2021-07-21T09:36:08,300.0,42.0,B
2021-07-21T09:36:07,1200.0,42.0,B
2021-07-21T09:36:07,200.0,42.0,S
2021-07-21T09:36:06,10000.0,42.0,S
2021-07-21T09:35:58,10000.0,42.0,S
2021-07-21T09:35:57,1800.0,42.0,S
2021-07-21T09:35:57,300.0,42.0,S
2021-07-21T09:35:56,400.0,42.0,S
2021-07-21T09:35:46,10000.0,42.0,S
2021-07-21T09:35:43,900.0,42.0,S
2021-07-21T09:35:38,600.0,42.1,B
2021-07-21T09:35:37,100.0,42.0,S
2021-07-21T09:35:36,500.0,42.0,S
2021-07-21T09:35:36,500.0,42.0,S
2021-07-21T09:35:35,500.0,42.1,B
2021-07-21T09:35:28,500.0,42.0,S
2021-07-21T09:35:27,1000.0,42.0,S
2021-07-21T09:35:22,200.0,42.0,S
2021-07-21T09:35:14,2000.0,42.0,S
2021-07-21T09:35:09,16700.0,42.0,S
2021-07-21T09:35:09,2500.0,42.0,S
2021-07-21T09:35:07,600.0,42.0,S
2021-07-21T09:34:58,100.0,42.0,S
2021-07-21T09:34:50,100.0,42.0,S
2021-07-21T09:34:48,200.0,42.0,S
2021-07-21T09:34:47,5100.0,42.0,S
2021-07-21T09:34:46,500.0,42.0,S
2021-07-21T09:34:44,500.0,42.0,S
2021-07-21T09:34:43,100.0,42.0,S
2021-07-21T09:34:42,100.0,42.1,B
2021-07-21T09:34:35,100.0,42.0,S
2021-07-21T09:34:35,300.0,42.0,S
2021-07-21T09:34:19,2500.0,42.0,S
2021-07-21T09:34:06,500.0,42.1,B
2021-07-21T09:33:56,13200.0,42.1,S
2021-07-21T09:33:51,100.0,42.1,S
2021-07-21T09:33:50,1300.0,42.1,S
2021-07-21T09:33:49,5000.0,42.1,S
2021-07-21T09:33:47,100.0,42.1,S
2021-07-21T09:33:41,500.0,42.1,S
2021-07-21T09:33:40,500.0,42.1,S
2021-07-21T09:33:34,1000.0,42.1,S
2021-07-21T09:33:31,900.0,42.1,S
2021-07-21T09:33:28,200.0,42.1,S
2021-07-21T09:33:26,2100.0,42.1,S
2021-07-21T09:33:22,500.0,42.1,S
2021-07-21T09:33:09,200.0,42.1,S
2021-07-21T09:33:06,500.0,42.2,B
2021-07-21T09:33:05,1000.0,42.1,S
2021-07-21T09:33:01,300.0,42.2,B
2021-07-21T09:33:01,8000.0,42.2,B
2021-07-21T09:32:59,100.0,42.2,B
2021-07-21T09:32:57,200.0,42.2,B
2021-07-21T09:32:53,200.0,42.2,B
2021-07-21T09:32:43,300.0,42.2,B
2021-07-21T09:32:40,200.0,42.2,B
2021-07-21T09:32:22,2000.0,42.2,B
2021-07-21T09:32:19,6000.0,42.2,B
2021-07-21T09:32:15,500.0,42.2,S
2021-07-21T09:32:12,1000.0,42.2,S
2021-07-21T09:32:07,1500.0,42.2,S
2021-07-21T09:32:05,700.0,42.2,S
2021-07-21T09:31:57,100.0,42.2,S
2021-07-21T09:31:54,200.0,42.2,S
2021-07-21T09:31:53,100.0,42.2,S
2021-07-21T09:31:49,10000.0,42.2,S
2021-07-21T09:31:40,400.0,42.2,S
2021-07-21T09:31:20,900.0,42.2,S
2021-07-21T09:31:17,200.0,42.2,S
2021-07-21T09:31:15,400.0,42.3,B
2021-07-21T09:31:10,200.0,42.3,B
2021-07-21T09:30:56,3000.0,42.3,B
2021-07-21T09:30:45,1000.0,42.3,B
2021-07-21T09:30:38,20000.0,42.1,S
2021-07-21T09:30:31,20000.0,42.4,B
2021-07-21T09:30:28,1000.0,42.2,S
2021-07-21T09:30:26,300.0,42.3,B
2021-07-21T09:30:24,500.0,42.2,S
2021-07-21T09:30:13,200.0,42.2,S
2021-07-21T09:30:13,1000.0,42.1,S
2021-07-21T09:30:08,2000.0,42.2,S
2021-07-21T09:30:02,100.0,42.1,S
2021-07-21T09:29:58,2000.0,42.2,S
2021-07-21T09:29:56,300.0,42.1,S
2021-07-21T09:29:56,1000.0,42.2,B
2021-07-21T09:29:54,1100.0,42.2,S
2021-07-21T09:29:53,500.0,42.2,B
2021-07-21T09:29:50,2000.0,42.2,B
2021-07-21T09:29:49,500.0,42.2,B
2021-07-21T09:29:45,100.0,42.2,B
2021-07-21T09:29:44,100.0,42.2,B
2021-07-21T09:29:40,100.0,42.2,B
2021-07-21T09:29:35,10000.0,42.2,B
2021-07-21T09:29:30,100.0,42.2,B
2021-07-21T09:29:27,1200.0,42.2,B
2021-07-21T09:29:23,100.0,42.1,S
2021-07-21T09:29:20,2000.0,42.2,B
2021-07-21T09:29:17,100.0,42.2,B
2021-07-21T09:29:09,900.0,42.0,S
2021-07-21T09:29:08,100.0,42.2,B
2021-07-21T09:29:07,500.0,42.1,S
2021-07-21T09:29:01,500.0,42.1,B
2021-07-21T09:29:00,500.0,42.1,B
2021-07-21T09:28:56,1000.0,42.1,B
2021-07-21T09:28:55,500.0,42.1,B
2021-07-21T09:28:51,100.0,42.1,B
2021-07-21T09:28:50,500.0,42.1,B
2021-07-21T09:28:50,100.0,42.1,B
2021-07-21T09:28:48,100.0,42.1,B
2021-07-21T09:28:45,900.0,42.0,S
2021-07-21T09:28:39,500.0,42.1,B
2021-07-21T09:28:35,1000.0,42.1,B
2021-07-21T09:28:34,100.0,42.1,B
2021-07-21T09:28:32,200.0,42.1,B
2021-07-21T09:28:32,400.0,42.0,S
2021-07-21T09:28:23,5000.0,42.1,B
2021-07-21T09:28:23,1000.0,42.1,B
2021-07-21T09:28:21,300.0,42.0,S
2021-07-21T09:28:12,4300.0,42.1,B
2021-07-21T09:28:08,100.0,42.1,B
2021-07-21T09:28:03,600.0,42.0,S
2021-07-21T09:28:02,2300.0,42.1,B
2021-07-21T09:27:58,100.0,42.0,S
2021-07-21T09:27:58,500.0,42.1,B
2021-07-21T09:27:57,3000.0,42.1,B
2021-07-21T09:27:56,100.0,42.0,S
2021-07-21T09:27:55,500.0,42.0,S
2021-07-21T09:27:53,100.0,42.1,B
2021-07-21T09:27:41,200.0,42.0,S
2021-07-21T09:27:36,500.0,42.0,S
2021-07-21T09:27:31,100.0,42.0,S
2021-07-21T09:27:25,300.0,42.0,S
2021-07-21T09:27:24,400.0,42.0,B
2021-07-21T09:27:20,700.0,42.0,B
2021-07-21T09:27:15,200.0,42.0,B
2021-07-21T09:27:09,1000.0,42.0,B
2021-07-21T09:26:58,1100.0,42.0,S
2021-07-21T09:26:52,16700.0,42.0,B
2021-07-21T09:26:49,1300.0,42.0,B
2021-07-21T09:26:48,50000.0,42.0,B
2021-07-21T09:26:47,1000.0,42.0,B
2021-07-21T09:26:33,2000.0,42.0,B
2021-07-21T09:26:29,100.0,41.9,B
2021-07-21T09:26:26,100.0,42.0,B
2021-07-21T09:26:26,500.0,41.9,B
2021-07-21T09:26:26,100.0,41.9,B
2021-07-21T09:26:24,10000.0,41.9,B
2021-07-21T09:26:22,400.0,41.9,B
2021-07-21T09:26:20,200.0,41.9,B
2021-07-21T09:26:19,3000.0,41.9,B
2021-07-21T09:26:17,2500.0,41.9,B
2021-07-21T09:26:16,7500.0,41.9,B
2021-07-21T09:26:13,1500.0,41.9,B
2021-07-21T09:26:09,1000.0,41.9,B
2021-07-21T09:26:06,500.0,41.9,B
2021-07-21T09:26:00,23500.0,41.9,B
2021-07-21T09:25:45,500.0,42.0,B
2021-07-21T09:25:42,100.0,42.0,B
2021-07-21T09:25:37,200.0,42.0,B
2021-07-21T09:25:36,800.0,42.0,B
2021-07-21T09:25:33,100.0,42.0,B
2021-07-21T09:25:23,100.0,42.0,B
2021-07-21T09:25:21,500.0,42.0,B
2021-07-21T09:25:18,500.0,41.9,S
2021-07-21T09:24:53,700.0,41.9,S
2021-07-21T09:24:47,900.0,41.8,S
2021-07-21T09:24:45,500.0,41.8,S
2021-07-21T09:24:41,1000.0,41.9,S
2021-07-21T09:24:39,800.0,41.9,B
2021-07-21T09:24:38,5000.0,41.9,B
2021-07-21T09:24:35,200.0,41.9,B
2021-07-21T09:24:32,1000.0,41.9,B
2021-07-21T09:24:24,100.0,41.9,B
2021-07-21T09:24:23,1000.0,41.9,B
2021-07-21T09:24:20,1000.0,41.9,B
2021-07-21T09:24:13,500.0,41.9,B
2021-07-21T09:24:08,3000.0,41.9,B
2021-07-21T09:24:01,4000.0,41.9,B
2021-07-21T09:23:54,100.0,41.9,B
2021-07-21T09:23:51,200.0,41.8,S
2021-07-21T09:23:46,10000.0,41.9,B
2021-07-21T09:23:39,500.0,41.9,B
2021-07-21T09:23:37,400.0,41.9,B
2021-07-21T09:23:36,1000.0,41.9,B
2021-07-21T09:23:23,400.0,41.9,B
2021-07-21T09:23:23,500.0,41.9,B
2021-07-21T09:23:22,300.0,41.9,B
2021-07-21T09:23:20,5000.0,41.9,B
2021-07-21T09:23:16,800.0,41.9,B
2021-07-21T09:23:12,1000.0,41.9,B
2021-07-21T09:23:10,2000.0,41.9,B
2021-07-21T09:23:08,500.0,41.8,S
2021-07-21T09:23:06,1000.0,41.8,S
2021-07-21T09:22:56,1000.0,41.8,S
2021-07-21T09:22:54,100.0,41.9,B
2021-07-21T09:22:53,10000.0,41.9,B
2021-07-21T09:22:50,800.0,41.9,B
2021-07-21T09:22:41,100.0,41.9,B
2021-07-21T09:22:36,900.0,41.8,S
2021-07-21T09:22:28,500.0,41.8,S
2021-07-21T09:22:23,500.0,41.8,S
2021-07-21T09:22:17,5000.0,41.9,B
2021-07-21T09:22:02,400.0,41.8,S
2021-07-21T09:21:58,100.0,41.8,S
2021-07-21T09:21:57,5000.0,41.8,S
2021-07-21T09:21:53,300.0,41.8,S
2021-07-21T09:21:46,200.0,41.8,S
2021-07-21T09:21:39,100.0,41.8,S
2021-07-21T09:21:38,100.0,41.8,S
2021-07-21T09:21:31,6500.0,41.8,B
2021-07-21T09:21:30,2000.0,41.8,B
2021-07-21T09:21:28,200.0,41.8,B
2021-07-21T09:21:24,100.0,41.8,B
2021-07-21T09:21:24,500.0,41.8,B
2021-07-21T09:21:18,200.0,41.8,B
2021-07-21T09:21:16,33500.0,41.8,B
2021-07-21T09:21:15,1000.0,41.8,S
2021-07-21T09:21:14,400.0,41.9,B
2021-07-21T09:21:11,300.0,41.8,S
2021-07-21T09:21:11,500.0,41.9,B
2021-07-21T09:21:08,1000.0,41.8,S
2021-07-21T09:21:01,500.0,41.8,S
2021-07-21T09:20:50,300.0,41.9,B
2021-07-21T09:20:49,900.0,41.8,S
2021-07-21T09:20:48,6600.0,41.8,S
2021-07-21T09:20:37,400.0,41.8,S
2021-07-21T09:20:29,500.0,41.8,S
2021-07-21T09:20:29,200.0,41.8,S
2021-07-21T09:20:24,900.0,41.8,S
2021-07-21T09:20:18,200.0,41.8,S
2021-07-21T09:20:18,100.0,41.8,S
2021-07-21T09:20:15,1000.0,41.8,S
2021-07-21T09:20:13,9000.0,41.8,S
2021-07-21T09:20:13,200.0,41.8,S
2021-07-21T09:20:13,500.0,41.8,S
2021-07-21T09:20:11,500.0,41.8,S
2021-07-21T09:20:08,100.0,41.8,S
2021-07-21T09:20:06,100.0,41.8,S
2021-07-21T09:19:58,100.0,41.8,S
2021-07-21T09:19:48,400.0,41.8,S
2021-07-21T09:19:46,3700.0,41.8,S
2021-07-21T09:19:45,300.0,41.8,S
2021-07-21T09:19:45,500.0,41.8,S
2021-07-21T09:19:42,3000.0,41.8,S
2021-07-21T09:19:38,100.0,41.8,S
2021-07-21T09:19:29,200.0,41.8,S
2021-07-21T09:19:24,400.0,41.8,S
2021-07-21T09:19:24,1000.0,41.8,S
2021-07-21T09:19:19,200.0,41.8,S
2021-07-21T09:19:18,500.0,41.8,S
2021-07-21T09:19:17,300.0,41.9,B
2021-07-21T09:19:14,2000.0,41.8,S
2021-07-21T09:19:13,1000.0,41.8,S
2021-07-21T09:19:00,10100.0,41.9,B
2021-07-21T09:18:54,5000.0,41.8,S
2021-07-21T09:18:53,100.0,41.9,B
2021-07-21T09:18:51,500.0,41.9,B
2021-07-21T09:18:44,400.0,41.9,B
2021-07-21T09:18:43,1000.0,41.9,B
2021-07-21T09:18:43,200.0,41.9,B
2021-07-21T09:18:40,300.0,41.9,B
2021-07-21T09:18:31,100.0,41.9,B
2021-07-21T09:18:30,500.0,41.8,S
2021-07-21T09:18:29,100.0,41.9,B
2021-07-21T09:18:26,1300.0,41.9,B
2021-07-21T09:18:18,200.0,41.9,B
2021-07-21T09:18:13,200.0,41.9,B
2021-07-21T09:18:13,900.0,41.8,S
2021-07-21T09:18:12,400.0,41.9,B
2021-07-21T09:18:07,200.0,41.9,B
2021-07-21T09:18:04,100.0,41.9,B
2021-07-21T09:18:03,200.0,41.9,B
2021-07-21T09:18:00,1600.0,41.9,S
2021-07-21T09:17:59,18400.0,41.9,B
2021-07-21T09:17:54,200.0,41.9,B
2021-07-21T09:17:52,200.0,41.9,B
2021-07-21T09:17:44,100.0,41.9,B
2021-07-21T09:17:44,200.0,41.8,S
2021-07-21T09:17:42,2000.0,41.9,B
2021-07-21T09:17:38,5000.0,41.9,B
2021-07-21T09:17:35,500.0,41.8,S
2021-07-21T09:17:34,1000.0,41.8,S
2021-07-21T09:17:30,200.0,41.9,B
2021-07-21T09:17:29,100.0,41.9,B
2021-07-21T09:17:24,1200.0,41.8,S
2021-07-21T09:17:22,600.0,41.9,B
2021-07-21T09:17:22,5000.0,41.9,B
2021-07-21T09:17:19,5000.0,41.9,B
2021-07-21T09:17:18,400.0,41.9,B
2021-07-21T09:17:17,1000.0,41.9,B
2021-07-21T09:17:15,500.0,41.9,B
2021-07-21T09:17:13,19600.0,41.9,S
2021-07-21T09:17:11,2000.0,41.9,S
2021-07-21T09:17:01,100.0,41.9,S
2021-07-21T09:16:59,300.0,41.9,S
2021-07-21T09:16:58,100.0,41.9,S
2021-07-21T09:16:52,5000.0,42.0,B
2021-07-21T09:16:49,4300.0,41.9,S
2021-07-21T09:16:44,200.0,41.9,S
2021-07-21T09:16:43,300.0,42.0,B
2021-07-21T09:16:40,1000.0,41.9,S
2021-07-21T09:16:38,100.0,41.9,S
2021-07-21T09:16:36,500.0,42.0,B
2021-07-21T09:16:33,1000.0,42.0,B
2021-07-21T09:16:28,1000.0,41.9,S
2021-07-21T09:16:19,800.0,41.9,S
2021-07-21T09:16:13,400.0,41.9,B
2021-07-21T09:16:12,600.0,41.9,S
2021-07-21T09:16:07,3000.0,42.0,B
2021-07-21T09:16:06,500.0,41.9,S
2021-07-21T09:16:04,28800.0,41.9,S
2021-07-21T09:16:02,900.0,41.9,S
2021-07-21T09:15:56,200.0,41.9,S
2021-07-21T09:15:51,8000.0,41.9,S
2021-07-21T09:15:39,800.0,41.9,S
2021-07-21T09:15:17,100.0,41.9,S
2021-07-21T09:15:13,200.0,41.9,S
2021-07-21T09:15:09,1000.0,41.9,S
2021-07-21T09:15:03,200.0,41.9,S
2021-07-21T09:15:01,1000.0,41.9,S
2021-07-21T09:14:58,400.0,41.9,S
2021-07-21T09:14:54,100.0,41.9,S
2021-07-21T09:14:49,300.0,41.9,S
2021-07-21T09:14:35,1000.0,41.9,S
2021-07-21T09:14:35,1600.0,41.9,B
2021-07-21T09:14:30,800.0,41.9,B
2021-07-21T09:14:29,500.0,41.8,S
2021-07-21T09:14:25,3800.0,41.9,S
2021-07-21T09:14:17,800.0,41.9,S
2021-07-21T09:14:13,300.0,41.9,B
2021-07-21T09:14:07,300.0,41.9,B
2021-07-21T09:14:05,3600.0,41.9,B
2021-07-21T09:13:46,2200.0,41.9,B
2021-07-21T09:13:44,800.0,41.9,B
2021-07-21T09:13:43,10000.0,41.9,B
2021-07-21T09:13:41,100.0,41.8,S
2021-07-21T09:13:41,100.0,41.9,B
2021-07-21T09:13:39,1000.0,41.9,B
2021-07-21T09:13:36,10000.0,41.9,B
2021-07-21T09:13:30,10000.0,41.8,S
2021-07-21T09:13:27,100.0,41.9,B
2021-07-21T09:13:24,300.0,41.9,B
2021-07-21T09:13:11,100.0,41.9,B
2021-07-21T09:13:09,7300.0,41.8,S
2021-07-21T09:13:05,100.0,41.9,B
2021-07-21T09:13:01,2300.0,41.8,S
2021-07-21T09:12:45,100.0,41.8,S
2021-07-21T09:12:42,200.0,41.9,B
2021-07-21T09:12:41,100.0,41.8,S
2021-07-21T09:12:40,2600.0,41.8,S
2021-07-21T09:12:37,200.0,41.9,B
2021-07-21T09:12:30,100.0,41.8,S
2021-07-21T09:12:27,500.0,41.8,S
2021-07-21T09:12:25,100.0,41.8,S
2021-07-21T09:12:24,100.0,41.8,B
2021-07-21T09:12:24,1600.0,41.8,B
2021-07-21T09:12:23,1000.0,41.8,B
2021-07-21T09:12:20,2000.0,41.8,B
2021-07-21T09:12:20,600.0,41.8,S
2021-07-21T09:12:19,4400.0,41.8,B
2021-07-21T09:12:16,1000.0,41.8,B
2021-07-21T09:12:11,2000.0,41.8,B
2021-07-21T09:12:05,4400.0,41.8,B
2021-07-21T09:12:02,5200.0,41.7,S
2021-07-21T09:12:01,600.0,41.8,B
2021-07-21T09:12:01,2200.0,41.8,B
2021-07-21T09:11:56,300.0,41.8,B
2021-07-21T09:11:56,500.0,41.8,B
2021-07-21T09:11:46,1200.0,41.8,B
2021-07-21T09:11:44,800.0,41.8,B
2021-07-21T09:11:40,300.0,41.8,B
2021-07-21T09:11:38,20000.0,41.8,B
2021-07-21T09:11:21,2000.0,41.7,S
2021-07-21T09:11:16,1100.0,41.8,B
2021-07-21T09:11:01,200.0,41.7,S
2021-07-21T09:10:59,3000.0,41.8,B
2021-07-21T09:10:49,3000.0,41.7,S
2021-07-21T09:10:45,1000.0,41.8,B
2021-07-21T09:10:41,3800.0,41.7,S
2021-07-21T09:10:39,5000.0,41.7,S
2021-07-21T09:10:38,200.0,41.8,B
2021-07-21T09:10:35,100.0,41.8,B
2021-07-21T09:10:33,100.0,41.8,B
2021-07-21T09:10:33,1000.0,41.8,B
2021-07-21T09:10:20,200.0,41.8,B
2021-07-21T09:10:10,10000.0,41.8,B
2021-07-21T09:10:02,100.0,41.7,S
2021-07-21T09:09:55,2500.0,41.8,B
2021-07-21T09:09:42,500.0,41.7,S
2021-07-21T09:09:42,500.0,41.8,B
2021-07-21T09:09:41,700.0,41.7,S
2021-07-21T09:09:39,900.0,41.8,S
2021-07-21T09:09:37,100.0,41.8,S
2021-07-21T09:09:31,5000.0,41.7,S
2021-07-21T09:09:30,100.0,41.8,S
2021-07-21T09:09:30,500.0,41.8,S
2021-07-21T09:09:28,100.0,41.8,S
2021-07-21T09:09:27,400.0,41.8,S
2021-07-21T09:09:26,100.0,41.8,S
2021-07-21T09:09:25,100.0,41.8,S
2021-07-21T09:09:21,600.0,41.8,B
2021-07-21T09:09:20,28200.0,41.8,S
2021-07-21T09:09:18,800.0,41.8,S
2021-07-21T09:09:08,2000.0,41.8,S
2021-07-21T09:09:01,500.0,41.8,S
2021-07-21T09:08:45,3900.0,41.8,S
2021-07-21T09:08:35,2000.0,41.9,B
2021-07-21T09:08:30,5000.0,41.8,S
2021-07-21T09:08:29,100.0,41.8,S
2021-07-21T09:08:09,100.0,41.8,S
2021-07-21T09:08:06,200.0,41.9,B
2021-07-21T09:08:01,500.0,41.9,B
2021-07-21T09:08:00,1000.0,41.9,B
2021-07-21T09:07:59,2000.0,41.9,B
2021-07-21T09:07:58,1000.0,41.9,B
2021-07-21T09:07:54,100.0,41.9,B
2021-07-21T09:07:53,200.0,41.9,B
2021-07-21T09:07:50,200.0,41.9,B
2021-07-21T09:07:47,5100.0,41.9,B
2021-07-21T09:07:46,200.0,42.0,B
2021-07-21T09:07:35,200.0,42.0,B
2021-07-21T09:07:33,2000.0,41.9,S
2021-07-21T09:07:25,3000.0,42.0,B
2021-07-21T09:07:17,1000.0,42.0,B
2021-07-21T09:07:11,200.0,41.9,S
2021-07-21T09:07:06,5000.0,42.0,B
2021-07-21T09:06:50,1200.0,42.0,B
2021-07-21T09:06:49,100.0,41.9,S
2021-07-21T09:06:39,100.0,42.0,B
2021-07-21T09:06:37,1000.0,41.9,S
2021-07-21T09:06:35,100.0,41.9,S
2021-07-21T09:06:22,500.0,41.8,S
2021-07-21T09:06:22,700.0,42.0,B
2021-07-21T09:06:18,300.0,41.9,B
2021-07-21T09:06:12,200.0,42.0,B
2021-07-21T09:06:10,100.0,42.0,B
2021-07-21T09:06:10,3000.0,42.0,B
2021-07-21T09:06:08,100.0,42.0,B
2021-07-21T09:06:06,800.0,42.0,B
2021-07-21T09:06:02,100.0,42.0,B
2021-07-21T09:06:02,8000.0,42.0,B
2021-07-21T09:06:01,100.0,41.9,S
2021-07-21T09:05:40,64400.0,42.0,B
2021-07-21T09:05:39,23200.0,42.0,S
2021-07-21T09:05:36,500.0,42.0,S
2021-07-21T09:05:35,3000.0,42.0,S
2021-07-21T09:05:33,500.0,42.0,S
2021-07-21T09:05:32,100.0,42.0,S
2021-07-21T09:05:29,200.0,42.0,S
2021-07-21T09:05:27,5000.0,42.0,S
2021-07-21T09:05:27,100.0,42.1,B
2021-07-21T09:05:26,1000.0,42.0,S
2021-07-21T09:05:19,100.0,42.0,S
2021-07-21T09:05:16,2000.0,42.1,B
2021-07-21T09:05:16,500.0,42.1,B
2021-07-21T09:05:11,900.0,42.0,S
2021-07-21T09:05:08,3000.0,42.1,B
2021-07-21T09:05:06,500.0,42.1,B
2021-07-21T09:05:06,200.0,42.1,B
2021-07-21T09:05:03,3000.0,42.1,B
2021-07-21T09:04:56,4300.0,42.1,S
2021-07-21T09:04:56,1000.0,42.1,S
2021-07-21T09:04:55,100.0,42.2,B
2021-07-21T09:04:53,4100.0,42.1,S
2021-07-21T09:04:52,21000.0,42.1,S
2021-07-21T09:04:35,1600.0,42.2,B
2021-07-21T09:04:35,1400.0,42.2,B
2021-07-21T09:04:31,2700.0,42.2,B
2021-07-21T09:04:31,1000.0,42.2,B
2021-07-21T09:04:23,100.0,42.1,S
2021-07-21T09:04:22,200.0,42.2,B
2021-07-21T09:04:16,200.0,42.2,B
2021-07-21T09:04:15,400.0,42.1,S
2021-07-21T09:04:11,100.0,42.2,B
2021-07-21T09:04:10,5000.0,42.2,B
2021-07-21T09:04:05,500.0,42.2,B
2021-07-21T09:04:03,300.0,42.2,B
2021-07-21T09:04:02,10200.0,42.2,B
2021-07-21T09:04:00,500.0,42.2,B
2021-07-21T09:04:00,300.0,42.2,B
2021-07-21T09:03:58,100.0,42.2,B
2021-07-21T09:03:57,13000.0,42.2,B
2021-07-21T09:03:56,2100.0,42.2,S
2021-07-21T09:03:53,5900.0,42.2,B
2021-07-21T09:03:52,1000.0,42.2,B
2021-07-21T09:03:52,200.0,42.2,B
2021-07-21T09:03:50,100.0,42.2,B
2021-07-21T09:03:48,5800.0,42.2,S
2021-07-21T09:03:47,100.0,42.2,S
2021-07-21T09:03:46,300.0,42.2,S
2021-07-21T09:03:43,12000.0,42.2,S
2021-07-21T09:03:42,200.0,42.3,B
2021-07-21T09:03:42,2200.0,42.2,S
2021-07-21T09:03:40,5000.0,42.2,S
2021-07-21T09:03:35,1100.0,42.2,S
2021-07-21T09:03:34,100.0,42.2,S
2021-07-21T09:03:34,100.0,42.2,S
2021-07-21T09:03:33,1300.0,42.2,S
2021-07-21T09:03:30,2400.0,42.2,S
2021-07-21T09:03:28,400.0,42.3,B
2021-07-21T09:03:23,300.0,42.2,S
2021-07-21T09:03:21,100.0,42.2,S
2021-07-21T09:03:17,5000.0,42.2,S
2021-07-21T09:03:16,2000.0,42.2,S
2021-07-21T09:03:16,2500.0,42.2,S
2021-07-21T09:03:12,500.0,42.2,S
2021-07-21T09:03:10,500.0,42.2,S
2021-07-21T09:03:10,500.0,42.2,S
2021-07-21T09:03:04,200.0,42.2,S
2021-07-21T09:03:03,400.0,42.2,S
2021-07-21T09:03:01,2000.0,42.2,S
2021-07-21T09:03:00,2000.0,42.2,S
2021-07-21T09:02:58,3000.0,42.2,S
2021-07-21T09:02:56,4900.0,42.2,B
2021-07-21T09:02:53,300.0,42.2,B
2021-07-21T09:02:48,1000.0,42.2,B
2021-07-21T09:02:45,200.0,42.2,B
2021-07-21T09:02:45,2000.0,42.2,B
2021-07-21T09:02:44,100.0,42.2,S
2021-07-21T09:02:40,4900.0,42.2,B
2021-07-21T09:02:34,6000.0,42.3,B
2021-07-21T09:02:32,5000.0,42.1,S
2021-07-21T09:02:30,100.0,42.2,S
2021-07-21T09:02:29,600.0,42.3,B
2021-07-21T09:02:28,800.0,42.2,B
2021-07-21T09:02:26,500.0,42.2,B
2021-07-21T09:02:25,700.0,42.2,B
2021-07-21T09:02:24,3000.0,42.3,B
2021-07-21T09:02:22,1000.0,42.3,B
2021-07-21T09:02:20,100.0,42.3,B
2021-07-21T09:02:03,100.0,42.3,B
2021-07-21T09:02:02,4000.0,42.3,S
2021-07-21T09:02:02,2400.0,42.5,B
2021-07-21T09:01:47,500.0,42.3,B
2021-07-21T09:01:42,200.0,42.2,S
2021-07-21T09:01:38,2000.0,42.2,S
2021-07-21T09:01:36,2000.0,42.5,B
2021-07-21T09:01:36,9000.0,42.5,B
2021-07-21T09:01:33,1000.0,42.2,S
2021-07-21T09:01:32,5000.0,42.5,B
2021-07-21T09:01:23,6800.0,42.5,B
2021-07-21T09:01:23,1000.0,42.5,B
2021-07-21T09:01:20,100.0,42.4,B
2021-07-21T09:01:14,1000.0,42.5,B
2021-07-21T09:01:12,100.0,42.5,B
2021-07-21T09:01:10,10000.0,42.5,B
2021-07-21T09:01:08,500.0,42.2,S
2021-07-21T09:01:05,500.0,42.2,S
2021-07-21T09:00:56,1100.0,42.5,B
2021-07-21T09:00:56,3100.0,42.5,B
2021-07-21T09:00:55,400.0,42.2,S
2021-07-21T09:00:54,1000.0,42.2,S
2021-07-21T09:00:40,500.0,42.1,S
2021-07-21T09:00:38,100.0,42.1,S
2021-07-21T09:00:36,100.0,42.1,S
2021-07-21T09:00:36,2100.0,42.1,S
2021-07-21T09:00:34,200.0,42.0,B
2021-07-21T09:00:34,1000.0,42.0,B
2021-07-21T09:00:30,10000.0,41.5,S
2021-07-21T09:00:26,400.0,41.5,S
2021-07-21T09:00:22,100.0,41.5,S
2021-07-21T09:00:22,800.0,42.0,B
2021-07-21T09:00:18,100.0,42.1,B
2021-07-21T09:00:16,600.0,42.0,B
2021-07-21T09:00:16,100.0,41.5,S
2021-07-21T09:00:14,1700.0,41.5,S
2021-07-21T09:00:14,1500.0,41.6,B
2021-07-21T09:00:08,600.0,41.5,S
2021-07-21T09:00:08,900.0,41.5,S
2021-07-21T09:00:06,100.0,42.0,S
2021-07-21T09:00:04,200.0,42.0,B
2021-07-21T09:00:03,100.0,41.5,B
2021-07-21T09:00:03,300.0,41.4,S
2021-07-21T09:00:03,200.0,41.4,S
