tradingTime,volume,price,side
2021-07-21T14:27:22,100.0,43.75,S
2021-07-21T14:20:32,100.0,43.75,S
2021-07-21T14:19:01,300.0,43.75,S
2021-07-21T14:14:14,500.0,43.75,S
2021-07-21T14:07:59,3000.0,43.75,S
2021-07-21T14:06:38,500.0,43.75,S
2021-07-21T13:27:13,300.0,43.75,S
2021-07-21T13:26:38,200.0,43.75,S
2021-07-21T13:15:00,200.0,43.75,S
2021-07-21T13:10:41,200.0,43.75,S
2021-07-21T13:05:59,1000.0,43.75,S
2021-07-21T13:00:11,400.0,43.75,S
2021-07-21T13:00:07,5000.0,43.75,S
2021-07-21T11:19:27,1000.0,43.75,S
2021-07-21T11:17:33,2000.0,43.75,S
2021-07-21T11:06:11,200.0,43.75,S
2021-07-21T11:04:18,1000.0,43.75,S
2021-07-21T11:01:48,1000.0,43.75,S
2021-07-21T11:00:49,3400.0,43.75,S
2021-07-21T10:55:12,800.0,43.75,S
2021-07-21T10:50:41,100.0,43.75,S
2021-07-21T10:49:13,100.0,43.75,S
2021-07-21T10:48:05,10000.0,43.75,S
2021-07-21T10:46:36,200.0,43.75,S
2021-07-21T10:41:27,200.0,43.75,S
2021-07-21T10:32:51,100.0,43.75,S
2021-07-21T10:25:09,200.0,43.75,S
2021-07-21T10:22:14,200.0,43.75,S
2021-07-21T10:16:58,100.0,43.75,S
2021-07-21T10:14:25,1900.0,43.75,S
2021-07-21T10:13:28,6500.0,43.75,S
2021-07-21T10:11:44,200.0,43.75,S
2021-07-21T10:10:55,100.0,43.75,S
2021-07-21T10:08:57,200.0,43.75,S
2021-07-21T10:08:09,600.0,43.75,S
2021-07-21T10:08:09,500.0,43.75,S
2021-07-21T10:08:09,400.0,43.75,S
2021-07-21T10:07:43,100.0,43.75,S
2021-07-21T10:06:57,1800.0,43.75,S
2021-07-21T10:01:26,700.0,43.75,S
2021-07-21T09:59:59,100.0,43.75,S
2021-07-21T09:58:09,200.0,43.75,S
2021-07-21T09:57:13,300.0,43.75,S
2021-07-21T09:56:20,1400.0,43.75,S
2021-07-21T09:55:29,100.0,43.75,S
2021-07-21T09:52:26,200.0,43.75,S
2021-07-21T09:51:31,100.0,43.75,S
2021-07-21T09:51:20,500.0,43.75,S
2021-07-21T09:50:31,600.0,43.75,S
2021-07-21T09:48:49,100.0,43.75,S
2021-07-21T09:48:35,200.0,43.75,S
2021-07-21T09:47:28,10000.0,43.75,S
2021-07-21T09:44:43,5000.0,43.75,S
2021-07-21T09:43:54,200.0,43.75,S
2021-07-21T09:42:30,500.0,43.75,S
2021-07-21T09:42:23,600.0,43.75,S
2021-07-21T09:42:15,5000.0,43.75,S
2021-07-21T09:42:07,100.0,43.75,S
2021-07-21T09:42:06,100.0,43.75,B
2021-07-21T09:42:06,1600.0,43.75,B
2021-07-21T09:42:06,100.0,43.75,B
2021-07-21T09:42:06,600.0,43.75,B
2021-07-21T09:42:06,4700.0,43.75,B
2021-07-21T09:42:06,700.0,43.75,B
2021-07-21T09:42:06,900.0,43.75,B
2021-07-21T09:42:06,1200.0,43.75,B
2021-07-21T09:42:06,2500.0,43.75,B
2021-07-21T09:42:06,9000.0,43.75,B
2021-07-21T09:41:59,2100.0,43.75,B
2021-07-21T09:41:59,600.0,43.75,B
2021-07-21T09:41:59,2300.0,43.75,B
2021-07-21T09:41:56,5000.0,43.75,B
2021-07-21T09:41:35,1000.0,43.75,B
2021-07-21T09:41:27,100.0,43.7,S
2021-07-21T09:41:22,10000.0,43.75,B
2021-07-21T09:41:03,3300.0,43.75,B
2021-07-21T09:41:02,6700.0,43.75,B
2021-07-21T09:40:27,2300.0,43.7,B
2021-07-21T09:40:27,800.0,43.7,B
2021-07-21T09:40:27,200.0,43.7,B
2021-07-21T09:40:19,500.0,43.7,B
2021-07-21T09:40:05,300.0,43.7,B
2021-07-21T09:39:08,400.0,43.7,B
2021-07-21T09:39:08,14600.0,43.7,B
2021-07-21T09:38:35,1500.0,43.7,B
2021-07-21T09:38:35,5000.0,43.7,B
2021-07-21T09:38:35,500.0,43.7,B
2021-07-21T09:38:22,300.0,43.65,S
2021-07-21T09:38:19,500.0,43.65,S
2021-07-21T09:38:05,200.0,43.65,S
2021-07-21T09:37:58,100.0,43.65,S
2021-07-21T09:36:34,4000.0,43.7,B
2021-07-21T09:36:28,200.0,43.65,S
2021-07-21T09:36:14,500.0,43.7,B
2021-07-21T09:36:07,600.0,43.65,S
2021-07-21T09:36:05,1000.0,43.65,S
2021-07-21T09:35:58,100.0,43.65,S
2021-07-21T09:35:58,700.0,43.65,S
2021-07-21T09:35:33,100.0,43.65,S
2021-07-21T09:35:07,700.0,43.65,S
2021-07-21T09:34:58,1000.0,43.65,S
2021-07-21T09:34:47,100.0,43.65,S
2021-07-21T09:34:38,900.0,43.7,B
2021-07-21T09:34:36,2000.0,43.7,B
2021-07-21T09:34:11,600.0,43.7,B
2021-07-21T09:33:30,1000.0,43.7,B
2021-07-21T09:33:26,300.0,43.65,S
2021-07-21T09:32:34,100.0,43.7,B
2021-07-21T09:32:19,1000.0,43.65,S
2021-07-21T09:32:10,100.0,43.65,S
2021-07-21T09:31:30,900.0,43.7,B
2021-07-21T09:31:30,1900.0,43.7,B
2021-07-21T09:31:17,3000.0,43.7,B
2021-07-21T09:31:07,100.0,43.65,B
2021-07-21T09:31:06,300.0,43.65,B
2021-07-21T09:30:59,300.0,43.65,B
2021-07-21T09:30:53,400.0,43.65,B
2021-07-21T09:30:50,2700.0,43.65,S
2021-07-21T09:30:49,500.0,43.65,S
2021-07-21T09:30:48,1000.0,43.7,B
2021-07-21T09:30:30,1000.0,43.65,S
2021-07-21T09:30:28,1000.0,43.7,B
2021-07-21T09:30:26,1000.0,43.65,S
2021-07-21T09:30:24,500.0,43.65,S
2021-07-21T09:30:02,1000.0,43.7,B
2021-07-21T09:29:53,200.0,43.6,S
2021-07-21T09:29:53,1500.0,43.7,B
2021-07-21T09:29:53,5000.0,43.6,S
2021-07-21T09:29:51,200.0,43.65,B
2021-07-21T09:29:50,400.0,43.6,S
2021-07-21T09:29:46,1000.0,43.6,S
2021-07-21T09:29:45,500.0,43.65,B
2021-07-21T09:29:35,100.0,43.6,S
2021-07-21T09:29:27,4000.0,43.6,S
2021-07-21T09:29:09,500.0,43.6,S
2021-07-21T09:28:51,1200.0,43.6,S
2021-07-21T09:28:35,1000.0,43.7,B
2021-07-21T09:28:01,1000.0,43.7,B
2021-07-21T09:27:53,600.0,43.7,B
2021-07-21T09:27:47,400.0,43.7,B
2021-07-21T09:27:32,1000.0,43.7,B
2021-07-21T09:27:28,300.0,43.65,S
2021-07-21T09:27:20,600.0,43.7,B
2021-07-21T09:27:13,800.0,43.65,S
2021-07-21T09:27:09,5000.0,43.65,S
2021-07-21T09:27:06,2000.0,43.7,B
2021-07-21T09:27:02,500.0,43.7,B
2021-07-21T09:26:56,6500.0,43.7,B
2021-07-21T09:26:53,200.0,43.65,S
2021-07-21T09:26:25,100.0,43.65,S
2021-07-21T09:26:11,3000.0,43.7,B
2021-07-21T09:25:55,500.0,43.65,S
2021-07-21T09:25:50,100.0,43.65,S
2021-07-21T09:25:38,700.0,43.65,S
2021-07-21T09:25:35,100.0,43.65,S
2021-07-21T09:25:23,100.0,43.7,B
2021-07-21T09:25:23,300.0,43.65,B
2021-07-21T09:25:21,700.0,43.65,S
2021-07-21T09:25:20,500.0,43.7,B
2021-07-21T09:25:14,500.0,43.7,B
2021-07-21T09:25:07,1000.0,43.7,B
2021-07-21T09:24:57,400.0,43.7,B
2021-07-21T09:24:55,300.0,43.7,B
2021-07-21T09:24:32,100.0,43.7,B
2021-07-21T09:24:30,1100.0,43.7,S
2021-07-21T09:24:00,1000.0,43.75,B
2021-07-21T09:23:54,900.0,43.75,B
2021-07-21T09:23:41,1000.0,43.75,B
2021-07-21T09:23:33,200.0,43.7,B
2021-07-21T09:23:30,500.0,43.7,S
2021-07-21T09:23:24,1000.0,43.75,B
2021-07-21T09:23:20,600.0,43.75,B
2021-07-21T09:23:14,800.0,43.75,B
2021-07-21T09:23:10,200.0,43.75,B
2021-07-21T09:23:00,500.0,43.75,B
2021-07-21T09:22:51,700.0,43.75,B
2021-07-21T09:22:31,300.0,43.75,B
2021-07-21T09:22:28,3000.0,43.7,S
2021-07-21T09:22:21,1900.0,43.7,S
2021-07-21T09:22:14,100.0,43.75,B
2021-07-21T09:22:14,800.0,43.75,B
2021-07-21T09:21:54,100.0,43.75,B
2021-07-21T09:21:53,500.0,43.75,B
2021-07-21T09:21:25,600.0,43.75,S
2021-07-21T09:21:13,1000.0,43.75,S
2021-07-21T09:21:11,3000.0,43.75,S
2021-07-21T09:21:10,1000.0,43.75,S
2021-07-21T09:21:04,100.0,43.75,S
2021-07-21T09:21:04,1000.0,43.75,S
2021-07-21T09:20:58,3000.0,43.75,S
2021-07-21T09:20:58,100.0,43.75,S
2021-07-21T09:20:48,600.0,43.75,S
2021-07-21T09:20:45,1000.0,43.75,S
2021-07-21T09:20:42,100.0,43.75,S
2021-07-21T09:20:29,500.0,43.75,S
2021-07-21T09:20:24,100.0,43.75,S
2021-07-21T09:20:01,300.0,43.75,S
2021-07-21T09:19:55,1200.0,43.75,S
2021-07-21T09:19:55,7600.0,43.75,S
2021-07-21T09:19:44,100.0,43.75,S
2021-07-21T09:19:43,100.0,43.75,S
2021-07-21T09:19:42,500.0,43.75,S
2021-07-21T09:19:39,5000.0,43.75,S
2021-07-21T09:19:36,700.0,43.75,S
2021-07-21T09:19:35,1000.0,43.75,S
2021-07-21T09:19:26,100.0,43.75,S
2021-07-21T09:19:19,100.0,43.75,S
2021-07-21T09:19:13,2000.0,43.75,S
2021-07-21T09:19:06,3000.0,43.75,S
2021-07-21T09:19:00,200.0,43.75,S
2021-07-21T09:18:41,1000.0,43.75,S
2021-07-21T09:18:41,500.0,43.75,S
2021-07-21T09:18:40,300.0,43.75,S
2021-07-21T09:18:39,1000.0,43.75,S
2021-07-21T09:18:28,1000.0,43.75,S
2021-07-21T09:18:26,200.0,43.75,S
2021-07-21T09:18:26,400.0,43.75,S
2021-07-21T09:18:21,2900.0,43.75,S
2021-07-21T09:18:08,200.0,43.75,S
2021-07-21T09:18:02,1000.0,43.75,S
2021-07-21T09:18:01,2500.0,43.75,S
2021-07-21T09:17:56,1100.0,43.75,S
2021-07-21T09:17:55,2500.0,43.75,S
2021-07-21T09:17:54,5000.0,43.75,S
2021-07-21T09:17:38,100.0,43.75,S
2021-07-21T09:17:32,1000.0,43.75,S
2021-07-21T09:17:29,1000.0,43.75,S
2021-07-21T09:17:26,1000.0,43.75,S
2021-07-21T09:17:25,1000.0,43.75,S
2021-07-21T09:17:25,13400.0,43.75,B
2021-07-21T09:17:20,200.0,43.7,S
2021-07-21T09:17:13,2200.0,43.75,S
2021-07-21T09:17:13,100.0,43.75,S
2021-07-21T09:17:13,100.0,43.75,S
2021-07-21T09:17:11,400.0,43.75,S
2021-07-21T09:17:10,4200.0,43.75,S
2021-07-21T09:17:04,1100.0,43.75,S
2021-07-21T09:17:01,500.0,43.75,S
2021-07-21T09:16:58,1000.0,43.75,S
2021-07-21T09:16:55,2000.0,43.75,S
2021-07-21T09:16:54,500.0,43.75,S
2021-07-21T09:16:52,7900.0,43.75,B
2021-07-21T09:16:52,1200.0,43.75,B
2021-07-21T09:16:42,1000.0,43.75,S
2021-07-21T09:16:41,400.0,43.75,S
2021-07-21T09:16:41,400.0,43.75,S
2021-07-21T09:16:38,100.0,43.75,S
2021-07-21T09:16:37,1600.0,43.75,S
2021-07-21T09:16:37,3400.0,43.75,S
2021-07-21T09:16:34,500.0,43.75,S
2021-07-21T09:16:33,1000.0,43.75,S
2021-07-21T09:16:33,500.0,43.75,S
2021-07-21T09:16:32,1000.0,43.75,S
2021-07-21T09:16:31,300.0,43.75,S
2021-07-21T09:16:31,100.0,43.75,S
2021-07-21T09:16:29,2000.0,43.75,S
2021-07-21T09:16:22,1000.0,43.75,S
2021-07-21T09:16:21,100.0,43.75,S
2021-07-21T09:16:21,200.0,43.75,S
2021-07-21T09:16:17,500.0,43.75,S
2021-07-21T09:16:16,500.0,43.75,S
2021-07-21T09:16:16,1500.0,43.75,S
2021-07-21T09:16:13,100.0,43.75,S
2021-07-21T09:16:12,2000.0,43.75,S
2021-07-21T09:16:09,600.0,43.75,S
2021-07-21T09:16:07,1000.0,43.75,S
2021-07-21T09:16:06,2000.0,43.75,S
2021-07-21T09:16:02,3000.0,43.75,S
2021-07-21T09:15:59,1000.0,43.75,S
2021-07-21T09:15:59,2000.0,43.75,S
2021-07-21T09:15:57,100.0,43.75,S
2021-07-21T09:15:54,20000.0,43.75,S
2021-07-21T09:15:51,3000.0,43.75,S
2021-07-21T09:15:50,500.0,43.75,S
2021-07-21T09:15:43,300.0,43.75,S
2021-07-21T09:15:38,5000.0,43.75,S
2021-07-21T09:15:36,5000.0,43.75,S
2021-07-21T09:15:35,5000.0,43.75,S
2021-07-21T09:15:30,1000.0,43.75,S
2021-07-21T09:15:24,2800.0,43.75,S
2021-07-21T09:15:22,5000.0,43.75,S
2021-07-21T09:15:11,200.0,43.75,S
2021-07-21T09:15:05,5600.0,43.75,S
