tradingTime,volume,price,side
2021-07-21T14:29:41,100.0,27.35,B
2021-07-21T14:29:28,200.0,27.35,B
2021-07-21T14:28:47,1000.0,27.3,S
2021-07-21T14:28:41,100.0,27.4,B
2021-07-21T14:28:41,700.0,27.4,B
2021-07-21T14:28:41,2700.0,27.35,B
2021-07-21T14:28:41,18300.0,27.35,B
2021-07-21T14:28:33,300.0,27.35,B
2021-07-21T14:28:30,100.0,27.35,B
2021-07-21T14:28:13,500.0,27.3,S
2021-07-21T14:27:46,100.0,27.3,S
2021-07-21T14:27:24,2800.0,27.35,B
2021-07-21T14:26:58,5000.0,27.3,S
2021-07-21T14:26:22,1200.0,27.35,B
2021-07-21T14:26:04,3000.0,27.3,S
2021-07-21T14:26:01,500.0,27.35,B
2021-07-21T14:25:56,2400.0,27.3,S
2021-07-21T14:25:56,7600.0,27.3,S
2021-07-21T14:25:53,500.0,27.3,S
2021-07-21T14:25:20,11000.0,27.35,B
2021-07-21T14:25:20,3000.0,27.35,B
2021-07-21T14:25:20,1000.0,27.35,B
2021-07-21T14:25:19,500.0,27.3,S
2021-07-21T14:25:06,200.0,27.35,B
2021-07-21T14:24:50,100.0,27.3,S
2021-07-21T14:24:48,800.0,27.35,B
2021-07-21T14:24:39,200.0,27.35,B
2021-07-21T14:24:29,200.0,27.35,B
2021-07-21T14:24:23,200.0,27.3,S
2021-07-21T14:24:17,1000.0,27.35,B
2021-07-21T14:24:04,1000.0,27.35,B
2021-07-21T14:23:43,20000.0,27.35,B
2021-07-21T14:23:37,300.0,27.35,B
2021-07-21T14:22:55,300.0,27.35,B
2021-07-21T14:22:25,300.0,27.3,S
2021-07-21T14:21:57,800.0,27.3,B
2021-07-21T14:21:54,4200.0,27.3,S
2021-07-21T14:21:51,100.0,27.35,B
2021-07-21T14:21:36,200.0,27.35,B
2021-07-21T14:21:29,700.0,27.35,B
2021-07-21T14:21:29,300.0,27.35,B
2021-07-21T14:21:29,600.0,27.35,B
2021-07-21T14:21:29,2000.0,27.35,B
2021-07-21T14:21:29,1400.0,27.35,B
2021-07-21T14:21:27,4200.0,27.3,S
2021-07-21T14:21:27,1100.0,27.3,S
2021-07-21T14:21:27,200.0,27.3,S
2021-07-21T14:21:27,1200.0,27.3,S
2021-07-21T14:21:27,5300.0,27.3,S
2021-07-21T14:21:27,1000.0,27.3,S
2021-07-21T14:21:27,500.0,27.3,S
2021-07-21T14:21:27,1500.0,27.3,S
2021-07-21T14:21:16,400.0,27.35,B
2021-07-21T14:20:54,200.0,27.35,B
2021-07-21T14:20:53,5000.0,27.35,B
2021-07-21T14:20:25,500.0,27.3,S
2021-07-21T14:20:20,1300.0,27.35,S
2021-07-21T14:20:20,1500.0,27.35,S
2021-07-21T14:20:20,200.0,27.35,S
2021-07-21T14:20:19,2000.0,27.35,S
2021-07-21T14:20:14,13000.0,27.35,S
2021-07-21T14:20:14,500.0,27.35,S
2021-07-21T14:20:09,1000.0,27.35,S
2021-07-21T14:20:06,100.0,27.35,S
2021-07-21T14:20:02,100.0,27.35,S
2021-07-21T14:19:59,5000.0,27.35,S
2021-07-21T14:19:57,700.0,27.35,S
2021-07-21T14:19:44,6000.0,27.35,S
2021-07-21T14:19:42,2000.0,27.35,S
2021-07-21T14:19:38,200.0,27.35,S
2021-07-21T14:19:31,400.0,27.35,S
2021-07-21T14:19:24,100.0,27.35,S
2021-07-21T14:19:14,100.0,27.35,S
2021-07-21T14:19:05,200.0,27.35,S
2021-07-21T14:19:00,200.0,27.35,S
2021-07-21T14:18:54,300.0,27.35,S
2021-07-21T14:18:50,2000.0,27.35,S
2021-07-21T14:18:49,100.0,27.4,B
2021-07-21T14:18:47,100.0,27.35,S
2021-07-21T14:18:44,300.0,27.4,B
2021-07-21T14:18:41,200.0,27.35,S
2021-07-21T14:18:34,3000.0,27.35,S
2021-07-21T14:18:11,1400.0,27.4,B
2021-07-21T14:18:11,3000.0,27.4,B
2021-07-21T14:18:11,600.0,27.4,B
2021-07-21T14:18:07,300.0,27.35,S
2021-07-21T14:18:04,8200.0,27.35,S
2021-07-21T14:18:04,400.0,27.35,S
2021-07-21T14:18:03,1400.0,27.35,S
2021-07-21T14:17:38,200.0,27.35,S
2021-07-21T14:17:31,1100.0,27.35,S
2021-07-21T14:16:55,4500.0,27.4,B
2021-07-21T14:16:45,200.0,27.4,B
2021-07-21T14:16:39,10000.0,27.4,B
2021-07-21T14:16:34,1000.0,27.35,S
2021-07-21T14:16:20,10000.0,27.4,B
2021-07-21T14:16:09,2400.0,27.4,B
2021-07-21T14:16:09,7600.0,27.4,B
2021-07-21T14:15:43,100.0,27.35,S
2021-07-21T14:15:18,500.0,27.35,S
2021-07-21T14:15:14,700.0,27.35,S
2021-07-21T14:15:14,1300.0,27.35,S
2021-07-21T14:15:09,4000.0,27.35,S
2021-07-21T14:15:01,600.0,27.35,S
2021-07-21T14:14:42,200.0,27.4,B
2021-07-21T14:14:19,100.0,27.4,B
2021-07-21T14:14:14,1000.0,27.4,B
2021-07-21T14:14:13,2000.0,27.4,B
2021-07-21T14:14:06,1000.0,27.35,S
2021-07-21T14:13:59,5000.0,27.35,S
2021-07-21T14:13:41,200.0,27.35,S
2021-07-21T14:13:30,500.0,27.35,S
2021-07-21T14:12:50,5000.0,27.4,B
2021-07-21T14:12:42,200.0,27.35,S
2021-07-21T14:12:37,5000.0,27.4,B
2021-07-21T14:12:33,300.0,27.4,B
2021-07-21T14:12:22,100.0,27.35,S
2021-07-21T14:12:10,3000.0,27.35,S
2021-07-21T14:11:57,5000.0,27.4,B
2021-07-21T14:11:56,2000.0,27.35,S
2021-07-21T14:11:46,2500.0,27.4,B
2021-07-21T14:11:41,1100.0,27.35,S
2021-07-21T14:11:39,1000.0,27.35,S
2021-07-21T14:11:25,700.0,27.4,B
2021-07-21T14:11:25,1200.0,27.4,B
2021-07-21T14:11:25,3100.0,27.4,B
2021-07-21T14:11:19,1000.0,27.35,S
2021-07-21T14:10:55,600.0,27.35,S
2021-07-21T14:10:43,1000.0,27.35,S
2021-07-21T14:10:24,200.0,27.4,B
2021-07-21T14:08:40,300.0,27.35,S
2021-07-21T14:08:24,1000.0,27.35,S
2021-07-21T14:08:17,300.0,27.4,B
2021-07-21T14:08:07,400.0,27.4,B
2021-07-21T14:07:04,300.0,27.4,B
2021-07-21T14:06:58,3000.0,27.4,B
2021-07-21T14:06:48,3000.0,27.4,B
2021-07-21T14:06:43,400.0,27.4,B
2021-07-21T14:06:36,600.0,27.4,B
2021-07-21T14:06:27,600.0,27.4,B
2021-07-21T14:06:24,200.0,27.4,B
2021-07-21T14:06:18,600.0,27.4,B
2021-07-21T14:06:14,500.0,27.4,B
2021-07-21T14:06:10,600.0,27.4,B
2021-07-21T14:06:09,200.0,27.4,B
2021-07-21T14:06:03,600.0,27.4,B
2021-07-21T14:05:43,500.0,27.4,B
2021-07-21T14:05:26,300.0,27.35,B
2021-07-21T14:04:32,3700.0,27.3,B
2021-07-21T14:04:31,100.0,27.3,B
2021-07-21T14:04:27,200.0,27.3,B
2021-07-21T14:04:26,600.0,27.3,B
2021-07-21T14:04:18,300.0,27.3,B
2021-07-21T14:04:16,600.0,27.3,B
2021-07-21T14:04:15,1000.0,27.3,B
2021-07-21T14:04:13,600.0,27.3,B
2021-07-21T14:04:13,5000.0,27.3,B
2021-07-21T14:04:13,600.0,27.3,B
2021-07-21T14:04:04,300.0,27.3,B
2021-07-21T14:04:02,200.0,27.3,B
2021-07-21T14:03:58,5000.0,27.3,B
2021-07-21T14:03:57,100.0,27.3,B
2021-07-21T14:03:54,500.0,27.3,B
2021-07-21T14:03:53,400.0,27.3,B
2021-07-21T14:03:50,600.0,27.3,B
2021-07-21T14:03:47,5000.0,27.3,B
2021-07-21T14:03:42,600.0,27.3,B
2021-07-21T14:03:38,600.0,27.3,B
2021-07-21T14:03:35,2000.0,27.3,B
2021-07-21T14:03:29,1500.0,27.3,B
2021-07-21T14:03:25,100.0,27.3,B
2021-07-21T14:03:17,1000.0,27.3,B
2021-07-21T14:03:07,300.0,27.3,B
2021-07-21T14:02:44,400.0,27.3,B
2021-07-21T14:02:39,1000.0,27.3,B
2021-07-21T14:02:39,12500.0,27.3,S
2021-07-21T14:02:39,5600.0,27.3,S
2021-07-21T14:02:39,600.0,27.3,S
2021-07-21T14:02:39,1600.0,27.3,S
2021-07-21T14:02:39,1200.0,27.3,S
2021-07-21T14:02:39,100.0,27.3,S
2021-07-21T14:02:39,1700.0,27.3,S
2021-07-21T14:02:32,600.0,27.35,B
2021-07-21T14:02:31,1000.0,27.35,B
2021-07-21T14:02:29,100.0,27.3,S
2021-07-21T14:02:29,400.0,27.35,B
2021-07-21T14:02:25,600.0,27.35,B
2021-07-21T14:02:15,600.0,27.35,B
2021-07-21T14:02:07,600.0,27.35,B
2021-07-21T14:01:58,600.0,27.35,B
2021-07-21T14:01:54,600.0,27.35,S
2021-07-21T14:01:53,300.0,27.4,B
2021-07-21T14:01:49,3000.0,27.3,S
2021-07-21T14:01:49,3200.0,27.3,S
2021-07-21T14:01:49,13200.0,27.3,S
2021-07-21T14:01:48,500.0,27.3,S
2021-07-21T14:01:48,5000.0,27.3,S
2021-07-21T14:01:48,1300.0,27.3,S
2021-07-21T14:01:48,2000.0,27.3,S
2021-07-21T14:01:48,1700.0,27.3,S
2021-07-21T14:01:48,18600.0,27.35,S
2021-07-21T14:01:48,600.0,27.35,S
2021-07-21T14:01:48,27900.0,27.35,S
2021-07-21T14:01:37,1000.0,27.35,B
2021-07-21T14:01:37,100.0,27.35,B
2021-07-21T14:01:37,100.0,27.35,B
2021-07-21T14:01:35,4900.0,27.35,B
2021-07-21T14:01:29,300.0,27.3,S
2021-07-21T14:01:29,5600.0,27.35,B
2021-07-21T14:01:24,300.0,27.3,S
2021-07-21T14:01:23,2000.0,27.35,B
2021-07-21T14:01:23,600.0,27.35,B
2021-07-21T14:01:22,1500.0,27.3,S
2021-07-21T14:01:14,600.0,27.35,B
2021-07-21T14:01:12,500.0,27.35,B
2021-07-21T14:01:05,8300.0,27.35,B
2021-07-21T14:01:05,11700.0,27.35,B
2021-07-21T14:01:02,3000.0,27.3,S
2021-07-21T14:00:56,100.0,27.3,S
2021-07-21T14:00:40,300.0,27.3,S
2021-07-21T14:00:37,200.0,27.3,S
2021-07-21T14:00:33,1000.0,27.3,S
2021-07-21T14:00:14,500.0,27.3,S
2021-07-21T14:00:13,600.0,27.35,B
2021-07-21T14:00:05,2000.0,27.35,B
2021-07-21T14:00:04,600.0,27.35,B
2021-07-21T13:59:55,600.0,27.35,B
2021-07-21T13:59:46,600.0,27.35,B
2021-07-21T13:59:44,10000.0,27.35,B
2021-07-21T13:59:42,300.0,27.35,B
2021-07-21T13:59:40,300.0,27.35,B
2021-07-21T13:59:39,500.0,27.35,B
2021-07-21T13:59:39,100.0,27.35,B
2021-07-21T13:59:29,600.0,27.35,B
2021-07-21T13:59:25,3000.0,27.35,B
2021-07-21T13:59:21,600.0,27.35,B
2021-07-21T13:59:16,100.0,27.35,B
2021-07-21T13:59:14,600.0,27.35,S
2021-07-21T13:59:13,200.0,27.35,S
2021-07-21T13:59:09,800.0,27.35,B
2021-07-21T13:59:08,200.0,27.35,S
2021-07-21T13:59:06,200.0,27.35,S
2021-07-21T13:59:04,200.0,27.35,B
2021-07-21T13:59:04,10500.0,27.3,S
2021-07-21T13:58:57,1000.0,27.35,B
2021-07-21T13:58:55,600.0,27.35,B
2021-07-21T13:58:46,100.0,27.35,B
2021-07-21T13:58:46,500.0,27.35,B
2021-07-21T13:58:38,600.0,27.35,B
2021-07-21T13:58:31,400.0,27.35,S
2021-07-21T13:58:28,200.0,27.35,B
2021-07-21T13:58:25,3000.0,27.35,B
2021-07-21T13:58:19,600.0,27.35,B
2021-07-21T13:58:14,400.0,27.35,B
2021-07-21T13:58:12,100.0,27.35,S
2021-07-21T13:58:12,600.0,27.4,B
2021-07-21T13:58:07,1000.0,27.4,B
2021-07-21T13:58:03,500.0,27.35,B
2021-07-21T13:57:54,1000.0,27.35,B
2021-07-21T13:57:47,1500.0,27.3,S
2021-07-21T13:57:47,1100.0,27.3,S
2021-07-21T13:57:47,400.0,27.35,S
2021-07-21T13:57:46,200.0,27.35,S
2021-07-21T13:57:37,200.0,27.35,S
2021-07-21T13:57:36,600.0,27.4,B
2021-07-21T13:57:36,100.0,27.35,S
2021-07-21T13:57:34,200.0,27.4,B
2021-07-21T13:57:33,300.0,27.35,S
2021-07-21T13:57:26,100.0,27.35,B
2021-07-21T13:57:19,400.0,27.35,B
2021-07-21T13:57:19,200.0,27.35,B
2021-07-21T13:57:11,600.0,27.35,B
2021-07-21T13:57:03,200.0,27.35,B
2021-07-21T13:57:01,600.0,27.35,B
2021-07-21T13:56:52,600.0,27.35,B
2021-07-21T13:56:52,5000.0,27.35,B
2021-07-21T13:56:51,400.0,27.35,B
2021-07-21T13:56:45,600.0,27.35,B
2021-07-21T13:56:35,600.0,27.35,B
2021-07-21T13:56:26,600.0,27.35,B
2021-07-21T13:56:19,600.0,27.35,B
2021-07-21T13:56:17,100.0,27.35,B
2021-07-21T13:56:10,600.0,27.35,B
2021-07-21T13:56:05,1000.0,27.35,S
2021-07-21T13:56:03,100.0,27.35,S
2021-07-21T13:55:59,100.0,27.35,S
2021-07-21T13:55:59,900.0,27.35,S
2021-07-21T13:55:56,100.0,27.35,S
2021-07-21T13:55:52,4000.0,27.35,S
2021-07-21T13:55:48,100.0,27.35,S
2021-07-21T13:55:42,500.0,27.35,B
2021-07-21T13:55:39,400.0,27.35,S
2021-07-21T13:55:39,1200.0,27.35,S
2021-07-21T13:55:39,900.0,27.35,S
2021-07-21T13:55:34,600.0,27.4,B
2021-07-21T13:55:27,300.0,27.4,B
2021-07-21T13:55:27,100.0,27.35,S
2021-07-21T13:55:24,100.0,27.35,S
2021-07-21T13:55:08,500.0,27.35,B
2021-07-21T13:54:59,600.0,27.35,B
2021-07-21T13:54:58,1000.0,27.35,B
2021-07-21T13:54:56,100.0,27.35,B
2021-07-21T13:54:52,600.0,27.35,B
2021-07-21T13:54:49,400.0,27.35,S
2021-07-21T13:54:47,1500.0,27.35,S
2021-07-21T13:54:25,1800.0,27.35,B
2021-07-21T13:54:25,600.0,27.35,B
2021-07-21T13:54:15,600.0,27.35,B
2021-07-21T13:54:13,1000.0,27.35,S
2021-07-21T13:54:05,600.0,27.35,S
2021-07-21T13:54:05,400.0,27.35,S
2021-07-21T13:54:04,100.0,27.35,S
2021-07-21T13:53:57,1000.0,27.35,S
2021-07-21T13:53:52,1600.0,27.35,B
2021-07-21T13:53:52,300.0,27.3,S
2021-07-21T13:53:52,700.0,27.3,S
2021-07-21T13:53:51,1000.0,27.35,B
2021-07-21T13:53:50,600.0,27.35,B
2021-07-21T13:53:44,600.0,27.35,S
2021-07-21T13:53:44,600.0,27.35,S
2021-07-21T13:53:44,600.0,27.35,S
2021-07-21T13:53:44,2400.0,27.35,S
2021-07-21T13:53:44,400.0,27.35,S
2021-07-21T13:53:44,600.0,27.35,S
2021-07-21T13:53:44,100.0,27.35,S
2021-07-21T13:53:44,700.0,27.35,S
2021-07-21T13:53:44,1200.0,27.35,S
2021-07-21T13:53:44,5800.0,27.35,S
2021-07-21T13:53:44,800.0,27.35,S
2021-07-21T13:53:44,600.0,27.35,S
2021-07-21T13:53:44,8600.0,27.35,S
2021-07-21T13:53:44,300.0,27.35,S
2021-07-21T13:53:44,3600.0,27.35,S
2021-07-21T13:53:31,200.0,27.35,S
2021-07-21T13:53:30,800.0,27.35,S
2021-07-21T13:53:30,6000.0,27.35,S
2021-07-21T13:53:30,600.0,27.35,S
2021-07-21T13:53:30,1200.0,27.35,S
2021-07-21T13:53:30,5400.0,27.35,S
2021-07-21T13:53:30,1000.0,27.35,S
2021-07-21T13:53:27,300.0,27.35,S
2021-07-21T13:53:27,200.0,27.35,S
2021-07-21T13:53:25,600.0,27.4,B
2021-07-21T13:53:21,200.0,27.4,B
2021-07-21T13:53:12,100.0,27.35,S
2021-07-21T13:53:07,1000.0,27.35,S
2021-07-21T13:52:56,100.0,27.35,S
2021-07-21T13:52:37,1000.0,27.35,S
2021-07-21T13:52:28,100.0,27.35,S
2021-07-21T13:52:24,600.0,27.4,B
2021-07-21T13:52:14,600.0,27.4,B
2021-07-21T13:52:05,600.0,27.4,B
2021-07-21T13:51:58,600.0,27.4,B
2021-07-21T13:51:49,600.0,27.4,B
2021-07-21T13:51:41,3000.0,27.4,B
2021-07-21T13:51:40,600.0,27.4,B
2021-07-21T13:51:32,600.0,27.4,B
2021-07-21T13:51:22,600.0,27.4,B
2021-07-21T13:51:13,600.0,27.4,B
2021-07-21T13:51:10,400.0,27.4,B
2021-07-21T13:51:09,300.0,27.4,B
2021-07-21T13:51:07,500.0,27.35,S
2021-07-21T13:51:07,1700.0,27.35,S
2021-07-21T13:51:05,5000.0,27.35,S
2021-07-21T13:51:04,600.0,27.4,B
2021-07-21T13:51:04,10000.0,27.4,B
2021-07-21T13:50:57,600.0,27.4,B
2021-07-21T13:50:56,100.0,27.35,S
2021-07-21T13:50:52,100.0,27.4,B
2021-07-21T13:50:17,500.0,27.35,S
2021-07-21T13:50:15,500.0,27.35,S
2021-07-21T13:50:12,200.0,27.35,S
2021-07-21T13:49:54,5000.0,27.35,S
2021-07-21T13:49:52,100.0,27.4,B
2021-07-21T13:49:45,200.0,27.35,S
2021-07-21T13:49:22,200.0,27.35,S
2021-07-21T13:49:19,600.0,27.4,B
2021-07-21T13:49:12,2000.0,27.4,B
2021-07-21T13:49:12,600.0,27.4,B
2021-07-21T13:49:03,600.0,27.4,B
2021-07-21T13:48:59,300.0,27.4,B
2021-07-21T13:48:44,100.0,27.35,S
2021-07-21T13:48:35,600.0,27.4,B
2021-07-21T13:48:27,600.0,27.4,B
2021-07-21T13:48:22,400.0,27.4,B
2021-07-21T13:48:20,600.0,27.4,B
2021-07-21T13:48:10,600.0,27.4,B
2021-07-21T13:48:03,600.0,27.4,B
2021-07-21T13:47:53,600.0,27.4,B
2021-07-21T13:47:45,600.0,27.4,B
2021-07-21T13:47:44,100.0,27.4,B
2021-07-21T13:47:23,500.0,27.35,S
2021-07-21T13:47:19,600.0,27.4,B
2021-07-21T13:47:09,600.0,27.4,B
2021-07-21T13:47:01,200.0,27.4,B
2021-07-21T13:46:51,400.0,27.35,S
2021-07-21T13:46:51,300.0,27.35,S
2021-07-21T13:46:51,100.0,27.4,B
2021-07-21T13:46:34,1600.0,27.35,S
2021-07-21T13:46:34,1000.0,27.35,S
2021-07-21T13:46:33,600.0,27.35,S
2021-07-21T13:46:33,6600.0,27.35,S
2021-07-21T13:46:33,200.0,27.35,S
2021-07-21T13:46:29,300.0,27.35,S
2021-07-21T13:46:17,500.0,27.35,S
2021-07-21T13:46:14,300.0,27.35,S
2021-07-21T13:46:02,3000.0,27.35,S
2021-07-21T13:45:56,2600.0,27.35,S
2021-07-21T13:45:55,7400.0,27.35,S
2021-07-21T13:45:00,500.0,27.35,S
2021-07-21T13:45:00,600.0,27.4,B
2021-07-21T13:44:54,300.0,27.4,B
2021-07-21T13:44:45,600.0,27.35,S
2021-07-21T13:44:45,100.0,27.35,S
2021-07-21T13:44:45,2300.0,27.35,S
2021-07-21T13:44:40,1100.0,27.35,S
2021-07-21T13:44:37,1000.0,27.4,B
2021-07-21T13:44:33,600.0,27.4,B
2021-07-21T13:44:25,600.0,27.4,B
2021-07-21T13:44:24,1400.0,27.35,S
2021-07-21T13:44:21,5000.0,27.4,B
2021-07-21T13:43:52,900.0,27.35,S
2021-07-21T13:43:50,600.0,27.4,B
2021-07-21T13:43:42,5000.0,27.4,B
2021-07-21T13:43:41,200.0,27.35,S
2021-07-21T13:43:39,900.0,27.4,B
2021-07-21T13:43:32,600.0,27.4,B
2021-07-21T13:43:30,1000.0,27.4,B
2021-07-21T13:43:21,600.0,27.4,B
2021-07-21T13:43:15,600.0,27.4,B
2021-07-21T13:43:14,100.0,27.4,B
2021-07-21T13:43:07,300.0,27.4,B
2021-07-21T13:43:07,5000.0,27.4,B
2021-07-21T13:43:07,600.0,27.4,B
2021-07-21T13:42:58,600.0,27.4,B
2021-07-21T13:42:49,10000.0,27.4,B
2021-07-21T13:42:47,600.0,27.4,B
2021-07-21T13:42:47,200.0,27.4,B
2021-07-21T13:42:44,400.0,27.4,B
2021-07-21T13:42:41,600.0,27.4,B
2021-07-21T13:42:41,1100.0,27.4,S
2021-07-21T13:42:41,600.0,27.4,S
2021-07-21T13:42:41,100.0,27.4,S
2021-07-21T13:42:41,600.0,27.4,S
2021-07-21T13:42:41,1600.0,27.4,S
2021-07-21T13:42:41,800.0,27.4,S
2021-07-21T13:42:41,20000.0,27.4,S
2021-07-21T13:42:41,800.0,27.4,S
2021-07-21T13:42:41,1600.0,27.45,S
2021-07-21T13:42:41,1000.0,27.45,S
2021-07-21T13:42:41,1800.0,27.45,S
2021-07-21T13:42:41,1000.0,27.45,S
2021-07-21T13:42:41,1800.0,27.45,S
2021-07-21T13:42:41,600.0,27.45,S
2021-07-21T13:42:41,600.0,27.45,S
2021-07-21T13:42:41,1000.0,27.45,S
2021-07-21T13:42:41,2800.0,27.45,S
2021-07-21T13:42:41,1800.0,27.45,S
2021-07-21T13:42:41,10000.0,27.45,S
2021-07-21T13:42:41,600.0,27.45,S
2021-07-21T13:42:41,400.0,27.45,S
2021-07-21T13:42:41,100.0,27.45,S
2021-07-21T13:42:41,5000.0,27.45,S
2021-07-21T13:42:41,600.0,27.45,S
2021-07-21T13:42:41,6000.0,27.45,S
2021-07-21T13:42:41,1200.0,27.45,S
2021-07-21T13:42:41,600.0,27.45,S
2021-07-21T13:42:41,300.0,27.45,S
2021-07-21T13:42:32,600.0,27.5,B
2021-07-21T13:42:29,10000.0,27.5,B
2021-07-21T13:42:27,200.0,27.5,B
2021-07-21T13:42:23,600.0,27.5,B
2021-07-21T13:42:14,600.0,27.5,B
2021-07-21T13:42:13,500.0,27.5,B
2021-07-21T13:42:12,5000.0,27.5,B
2021-07-21T13:42:06,600.0,27.5,B
2021-07-21T13:41:56,600.0,27.5,B
2021-07-21T13:41:47,600.0,27.5,B
2021-07-21T13:41:39,600.0,27.5,B
2021-07-21T13:41:33,1600.0,27.5,S
2021-07-21T13:41:33,200.0,27.5,S
2021-07-21T13:41:29,4800.0,27.5,B
2021-07-21T13:41:24,25000.0,27.5,B
2021-07-21T13:41:22,600.0,27.5,B
2021-07-21T13:41:20,400.0,27.5,B
2021-07-21T13:41:16,5000.0,27.5,B
2021-07-21T13:41:14,600.0,27.5,B
2021-07-21T13:41:04,600.0,27.5,B
2021-07-21T13:41:02,2000.0,27.5,S
2021-07-21T13:41:02,1100.0,27.5,S
2021-07-21T13:41:02,1200.0,27.5,S
2021-07-21T13:41:02,600.0,27.5,S
2021-07-21T13:41:02,900.0,27.5,S
2021-07-21T13:41:02,1600.0,27.5,S
2021-07-21T13:41:02,5600.0,27.5,S
2021-07-21T13:40:55,600.0,27.55,B
2021-07-21T13:40:47,600.0,27.55,B
2021-07-21T13:40:41,300.0,27.55,B
2021-07-21T13:40:33,200.0,27.5,S
2021-07-21T13:40:19,1000.0,27.5,S
2021-07-21T13:39:34,3800.0,27.5,S
2021-07-21T13:39:28,600.0,27.5,B
2021-07-21T13:39:28,5000.0,27.5,B
2021-07-21T13:39:25,100.0,27.5,B
2021-07-21T13:39:22,100.0,27.5,B
2021-07-21T13:39:22,500.0,27.5,B
2021-07-21T13:39:20,600.0,27.5,B
2021-07-21T13:39:16,100.0,27.5,B
2021-07-21T13:39:12,100.0,27.5,B
2021-07-21T13:39:11,600.0,27.5,B
2021-07-21T13:39:03,600.0,27.5,B
2021-07-21T13:38:54,600.0,27.5,B
2021-07-21T13:38:52,100.0,27.5,B
2021-07-21T13:38:45,600.0,27.5,B
2021-07-21T13:38:44,600.0,27.5,B
2021-07-21T13:38:44,900.0,27.5,B
2021-07-21T13:38:44,3500.0,27.5,B
2021-07-21T13:38:37,600.0,27.5,B
2021-07-21T13:38:34,1000.0,27.5,B
2021-07-21T13:38:30,300.0,27.5,B
2021-07-21T13:38:30,400.0,27.5,B
2021-07-21T13:38:26,600.0,27.5,B
2021-07-21T13:38:19,600.0,27.5,B
2021-07-21T13:38:09,600.0,27.5,B
2021-07-21T13:38:08,5000.0,27.5,B
2021-07-21T13:38:00,600.0,27.5,B
2021-07-21T13:37:52,600.0,27.5,B
2021-07-21T13:37:46,5000.0,27.5,B
2021-07-21T13:37:44,600.0,27.5,B
2021-07-21T13:37:36,600.0,27.5,B
2021-07-21T13:37:29,3000.0,27.5,B
2021-07-21T13:37:27,600.0,27.5,B
2021-07-21T13:37:19,600.0,27.5,B
2021-07-21T13:37:09,600.0,27.5,B
2021-07-21T13:37:07,400.0,27.5,B
2021-07-21T13:37:02,600.0,27.5,B
2021-07-21T13:36:52,600.0,27.5,B
2021-07-21T13:36:42,600.0,27.5,B
2021-07-21T13:36:33,600.0,27.5,B
2021-07-21T13:36:27,600.0,27.5,B
2021-07-21T13:36:25,5000.0,27.5,B
2021-07-21T13:36:19,300.0,27.5,B
2021-07-21T13:36:18,600.0,27.5,B
2021-07-21T13:36:16,500.0,27.5,B
2021-07-21T13:35:34,200.0,27.45,S
2021-07-21T13:35:34,600.0,27.5,B
2021-07-21T13:35:33,100.0,27.5,B
2021-07-21T13:35:31,4000.0,27.5,B
2021-07-21T13:35:26,600.0,27.5,B
2021-07-21T13:35:18,5000.0,27.5,B
2021-07-21T13:35:16,600.0,27.5,B
2021-07-21T13:35:07,600.0,27.5,B
2021-07-21T13:35:00,1000.0,27.5,B
2021-07-21T13:34:59,600.0,27.5,B
2021-07-21T13:34:55,1000.0,27.5,B
2021-07-21T13:34:51,600.0,27.5,B
2021-07-21T13:34:47,5000.0,27.5,B
2021-07-21T13:34:41,600.0,27.5,B
2021-07-21T13:34:34,600.0,27.5,B
2021-07-21T13:34:24,600.0,27.5,B
2021-07-21T13:34:16,400.0,27.5,B
2021-07-21T13:34:15,200.0,27.5,B
2021-07-21T13:33:52,100.0,27.45,S
2021-07-21T13:33:31,100.0,27.45,S
2021-07-21T13:32:15,1000.0,27.45,S
2021-07-21T13:32:14,600.0,27.5,B
2021-07-21T13:32:13,200.0,27.5,B
2021-07-21T13:32:06,600.0,27.5,S
2021-07-21T13:32:06,700.0,27.5,S
2021-07-21T13:32:06,400.0,27.5,S
2021-07-21T13:32:06,600.0,27.5,S
2021-07-21T13:32:06,400.0,27.5,S
2021-07-21T13:32:06,1300.0,27.5,S
2021-07-21T13:32:06,21200.0,27.5,S
2021-07-21T13:32:06,600.0,27.5,S
2021-07-21T13:32:06,2600.0,27.5,S
2021-07-21T13:32:06,100.0,27.5,S
2021-07-21T13:32:06,100.0,27.5,S
2021-07-21T13:32:06,1400.0,27.5,S
2021-07-21T13:32:06,1200.0,27.5,S
2021-07-21T13:32:06,15900.0,27.5,S
2021-07-21T13:32:04,300.0,27.5,S
2021-07-21T13:31:56,600.0,27.55,B
2021-07-21T13:31:50,10000.0,27.55,B
2021-07-21T13:31:48,600.0,27.55,B
2021-07-21T13:31:41,800.0,27.55,B
2021-07-21T13:31:20,500.0,27.5,S
2021-07-21T13:31:12,100.0,27.5,S
2021-07-21T13:30:19,200.0,27.5,S
2021-07-21T13:30:12,600.0,27.55,B
2021-07-21T13:30:08,200.0,27.55,B
2021-07-21T13:30:04,600.0,27.55,B
2021-07-21T13:30:04,300.0,27.55,B
2021-07-21T13:30:01,2000.0,27.55,B
2021-07-21T13:29:41,300.0,27.5,S
2021-07-21T13:29:24,17900.0,27.5,B
2021-07-21T13:29:20,600.0,27.5,B
2021-07-21T13:29:14,100.0,27.5,B
2021-07-21T13:29:11,600.0,27.5,B
2021-07-21T13:29:08,2000.0,27.5,B
2021-07-21T13:29:02,600.0,27.5,B
2021-07-21T13:28:56,100.0,27.5,B
2021-07-21T13:28:54,10000.0,27.5,B
2021-07-21T13:28:54,10000.0,27.5,B
2021-07-21T13:28:53,600.0,27.5,B
2021-07-21T13:28:50,500.0,27.5,B
2021-07-21T13:28:46,600.0,27.5,B
2021-07-21T13:28:39,400.0,27.5,B
2021-07-21T13:28:36,600.0,27.5,B
2021-07-21T13:28:28,600.0,27.5,B
2021-07-21T13:28:22,1000.0,27.5,B
2021-07-21T13:28:19,600.0,27.5,B
2021-07-21T13:28:19,5600.0,27.5,S
2021-07-21T13:28:19,2300.0,27.5,S
2021-07-21T13:28:19,8500.0,27.5,S
2021-07-21T13:28:19,3000.0,27.5,S
2021-07-21T13:28:19,3400.0,27.5,S
2021-07-21T13:28:10,600.0,27.55,B
2021-07-21T13:28:03,600.0,27.55,B
2021-07-21T13:28:00,300.0,27.55,B
2021-07-21T13:27:59,200.0,27.55,B
2021-07-21T13:27:54,300.0,27.55,B
2021-07-21T13:27:44,1000.0,27.5,S
2021-07-21T13:27:39,400.0,27.5,S
2021-07-21T13:27:23,500.0,27.5,S
2021-07-21T13:27:23,300.0,27.5,S
2021-07-21T13:27:20,6000.0,27.55,B
2021-07-21T13:27:19,600.0,27.5,B
2021-07-21T13:27:18,3200.0,27.5,B
2021-07-21T13:27:14,400.0,27.5,B
2021-07-21T13:27:10,600.0,27.5,B
2021-07-21T13:27:01,600.0,27.5,B
2021-07-21T13:26:53,600.0,27.5,B
2021-07-21T13:26:51,2000.0,27.5,B
2021-07-21T13:26:43,400.0,27.5,B
2021-07-21T13:26:43,200.0,27.5,B
2021-07-21T13:26:40,100.0,27.5,B
2021-07-21T13:26:33,300.0,27.45,S
2021-07-21T13:26:29,11000.0,27.5,B
2021-07-21T13:26:23,200.0,27.45,S
2021-07-21T13:26:20,2000.0,27.5,B
2021-07-21T13:26:17,600.0,27.5,B
2021-07-21T13:26:17,300.0,27.45,S
2021-07-21T13:26:16,5000.0,27.5,S
2021-07-21T13:26:16,1400.0,27.5,S
2021-07-21T13:26:11,2000.0,27.5,S
2021-07-21T13:26:02,200.0,27.5,S
2021-07-21T13:25:59,600.0,27.55,B
2021-07-21T13:25:58,200.0,27.55,B
2021-07-21T13:25:57,1000.0,27.5,S
2021-07-21T13:25:52,600.0,27.55,B
2021-07-21T13:25:50,16800.0,27.55,B
2021-07-21T13:25:49,5600.0,27.5,B
2021-07-21T13:25:49,3100.0,27.5,B
2021-07-21T13:25:33,2600.0,27.45,S
2021-07-21T13:25:33,1400.0,27.45,S
2021-07-21T13:25:33,16000.0,27.45,S
2021-07-21T13:25:24,500.0,27.45,S
2021-07-21T13:25:21,500.0,27.45,S
2021-07-21T13:25:02,100.0,27.45,S
2021-07-21T13:24:59,600.0,27.5,B
2021-07-21T13:24:52,5000.0,27.5,B
2021-07-21T13:24:51,600.0,27.5,B
2021-07-21T13:24:44,5000.0,27.5,B
2021-07-21T13:24:41,600.0,27.5,B
2021-07-21T13:24:41,300.0,27.5,B
2021-07-21T13:24:32,600.0,27.5,B
2021-07-21T13:24:32,5000.0,27.5,B
2021-07-21T13:24:25,100.0,27.5,B
2021-07-21T13:24:25,900.0,27.5,B
2021-07-21T13:24:20,5000.0,27.5,B
2021-07-21T13:24:16,600.0,27.5,B
2021-07-21T13:24:08,100.0,27.5,S
2021-07-21T13:24:08,100.0,27.5,S
2021-07-21T13:24:08,1500.0,27.5,S
2021-07-21T13:24:08,5900.0,27.5,S
2021-07-21T13:24:08,2000.0,27.5,S
2021-07-21T13:24:08,800.0,27.5,S
2021-07-21T13:24:08,2200.0,27.5,S
2021-07-21T13:24:08,1300.0,27.5,S
2021-07-21T13:24:08,1000.0,27.5,S
2021-07-21T13:24:08,3100.0,27.5,S
2021-07-21T13:24:08,3400.0,27.5,S
2021-07-21T13:24:08,1700.0,27.5,S
2021-07-21T13:24:08,6400.0,27.5,S
2021-07-21T13:24:08,100.0,27.55,S
2021-07-21T13:24:08,200.0,27.55,S
2021-07-21T13:24:08,3000.0,27.55,S
2021-07-21T13:24:08,1700.0,27.55,S
2021-07-21T13:24:08,3000.0,27.55,S
2021-07-21T13:24:08,600.0,27.55,S
2021-07-21T13:24:08,600.0,27.55,S
2021-07-21T13:24:08,1200.0,27.55,S
2021-07-21T13:24:08,600.0,27.55,S
2021-07-21T13:24:08,3000.0,27.55,S
2021-07-21T13:24:05,600.0,27.6,B
2021-07-21T13:24:03,3700.0,27.6,B
2021-07-21T13:24:03,1300.0,27.6,B
2021-07-21T13:23:59,600.0,27.6,B
2021-07-21T13:23:56,200.0,27.6,B
2021-07-21T13:23:52,500.0,27.6,B
2021-07-21T13:23:49,600.0,27.6,B
2021-07-21T13:23:47,200.0,27.6,S
2021-07-21T13:23:47,1100.0,27.6,S
2021-07-21T13:23:47,3600.0,27.6,S
2021-07-21T13:23:47,1400.0,27.6,S
2021-07-21T13:23:46,800.0,27.6,S
2021-07-21T13:23:46,4200.0,27.6,S
2021-07-21T13:23:41,600.0,27.65,B
2021-07-21T13:23:38,10000.0,27.65,B
2021-07-21T13:23:31,600.0,27.65,B
2021-07-21T13:23:28,2900.0,27.65,S
2021-07-21T13:23:28,600.0,27.65,S
2021-07-21T13:23:28,400.0,27.65,S
2021-07-21T13:23:28,1800.0,27.65,S
2021-07-21T13:23:28,13200.0,27.65,S
2021-07-21T13:23:28,100.0,27.65,S
2021-07-21T13:23:28,1800.0,27.65,S
2021-07-21T13:23:28,900.0,27.65,S
2021-07-21T13:23:28,1200.0,27.65,S
2021-07-21T13:23:28,500.0,27.65,S
2021-07-21T13:23:28,2000.0,27.65,S
2021-07-21T13:23:28,600.0,27.65,S
2021-07-21T13:23:28,2400.0,27.65,S
2021-07-21T13:23:28,8500.0,27.65,S
2021-07-21T13:23:27,1100.0,27.65,S
2021-07-21T13:23:21,2000.0,27.65,S
2021-07-21T13:23:19,1600.0,27.65,S
2021-07-21T13:23:19,400.0,27.65,S
2021-07-21T13:23:16,200.0,27.65,S
2021-07-21T13:23:16,700.0,27.65,S
2021-07-21T13:23:07,200.0,27.65,S
2021-07-21T13:23:05,1100.0,27.65,S
2021-07-21T13:23:05,1900.0,27.65,S
2021-07-21T13:23:05,1200.0,27.65,S
2021-07-21T13:23:05,2200.0,27.65,S
2021-07-21T13:23:05,600.0,27.65,S
2021-07-21T13:23:05,1900.0,27.65,S
2021-07-21T13:23:05,600.0,27.65,S
2021-07-21T13:23:05,1000.0,27.65,S
2021-07-21T13:23:05,2600.0,27.65,S
2021-07-21T13:23:05,1800.0,27.65,S
2021-07-21T13:23:05,100.0,27.65,S
2021-07-21T13:22:51,500.0,27.65,S
2021-07-21T13:22:45,500.0,27.65,S
2021-07-21T13:22:18,500.0,27.65,S
2021-07-21T13:22:17,3400.0,27.75,B
2021-07-21T13:22:17,400.0,27.7,B
2021-07-21T13:22:17,13100.0,27.7,B
2021-07-21T13:22:17,10000.0,27.7,B
2021-07-21T13:22:13,600.0,27.7,B
2021-07-21T13:22:04,600.0,27.7,B
2021-07-21T13:21:56,600.0,27.7,B
2021-07-21T13:21:51,200.0,27.7,B
2021-07-21T13:21:48,600.0,27.7,B
2021-07-21T13:21:43,200.0,27.7,B
2021-07-21T13:21:38,600.0,27.7,B
2021-07-21T13:21:35,400.0,27.7,B
2021-07-21T13:21:35,800.0,27.7,B
2021-07-21T13:21:31,10000.0,27.7,B
2021-07-21T13:21:31,600.0,27.7,B
2021-07-21T13:21:22,600.0,27.7,B
2021-07-21T13:21:19,15000.0,27.7,B
2021-07-21T13:21:17,1200.0,27.65,S
2021-07-21T13:21:12,600.0,27.7,B
2021-07-21T13:21:08,2800.0,27.75,B
2021-07-21T13:21:08,300.0,27.75,B
2021-07-21T13:21:08,6700.0,27.75,B
2021-07-21T13:21:08,10200.0,27.7,B
2021-07-21T13:21:05,600.0,27.7,B
2021-07-21T13:20:59,2800.0,27.7,B
2021-07-21T13:20:59,1400.0,27.7,B
2021-07-21T13:20:59,800.0,27.7,B
2021-07-21T13:20:55,600.0,27.7,B
2021-07-21T13:20:46,600.0,27.7,B
2021-07-21T13:20:39,100.0,27.7,B
2021-07-21T13:20:35,2000.0,27.65,S
2021-07-21T13:20:26,100.0,27.65,S
2021-07-21T13:19:50,1000.0,27.65,S
2021-07-21T13:19:45,100.0,27.7,B
2021-07-21T13:19:45,800.0,27.7,B
2021-07-21T13:19:45,200.0,27.7,B
2021-07-21T13:19:45,600.0,27.7,B
2021-07-21T13:19:41,1200.0,27.7,B
2021-07-21T13:19:41,2000.0,27.7,B
2021-07-21T13:19:41,4800.0,27.7,B
2021-07-21T13:19:41,1100.0,27.7,B
2021-07-21T13:19:41,200.0,27.7,B
2021-07-21T13:19:41,700.0,27.7,B
2021-07-21T13:19:37,600.0,27.7,B
2021-07-21T13:19:37,100.0,27.7,B
2021-07-21T13:19:28,600.0,27.7,B
2021-07-21T13:19:19,600.0,27.7,B
2021-07-21T13:19:10,600.0,27.7,B
2021-07-21T13:19:02,600.0,27.7,B
2021-07-21T13:18:53,600.0,27.7,B
2021-07-21T13:18:47,400.0,27.7,B
2021-07-21T13:18:44,600.0,27.7,B
2021-07-21T13:18:37,600.0,27.7,B
2021-07-21T13:18:34,5000.0,27.7,B
2021-07-21T13:18:26,100.0,27.7,B
2021-07-21T13:18:26,500.0,27.7,B
2021-07-21T13:18:24,200.0,27.7,B
2021-07-21T13:18:19,600.0,27.7,B
2021-07-21T13:18:14,7000.0,27.7,B
2021-07-21T13:18:14,3000.0,27.7,B
2021-07-21T13:18:13,2000.0,27.7,B
2021-07-21T13:18:13,3000.0,27.7,B
2021-07-21T13:18:10,600.0,27.7,B
2021-07-21T13:18:10,1000.0,27.7,B
2021-07-21T13:18:01,600.0,27.7,B
2021-07-21T13:17:57,800.0,27.7,B
2021-07-21T13:17:52,600.0,27.7,B
2021-07-21T13:17:43,600.0,27.7,B
2021-07-21T13:17:42,200.0,27.7,B
2021-07-21T13:17:35,600.0,27.7,B
2021-07-21T13:17:31,100.0,27.7,B
2021-07-21T13:17:25,600.0,27.7,B
2021-07-21T13:17:21,400.0,27.7,B
2021-07-21T13:17:16,600.0,27.7,B
2021-07-21T13:17:12,300.0,27.7,S
2021-07-21T13:17:09,600.0,27.75,B
2021-07-21T13:17:00,600.0,27.75,B
2021-07-21T13:16:59,900.0,27.75,B
2021-07-21T13:16:55,500.0,27.7,S
2021-07-21T13:16:47,1800.0,27.7,B
2021-07-21T13:16:44,600.0,27.7,S
2021-07-21T13:16:44,2200.0,27.7,S
2021-07-21T13:16:44,200.0,27.7,S
2021-07-21T13:16:44,200.0,27.7,S
2021-07-21T13:16:41,2000.0,27.7,S
2021-07-21T13:16:30,200.0,27.7,S
2021-07-21T13:16:29,3200.0,27.7,S
2021-07-21T13:16:29,1800.0,27.7,S
2021-07-21T13:16:27,800.0,27.7,S
2021-07-21T13:16:27,200.0,27.7,S
2021-07-21T13:16:11,1000.0,27.7,S
2021-07-21T13:16:00,100.0,27.7,S
2021-07-21T13:15:55,300.0,27.7,S
2021-07-21T13:15:52,1300.0,27.7,S
2021-07-21T13:15:37,500.0,27.7,S
2021-07-21T13:15:31,700.0,27.7,B
2021-07-21T13:15:31,500.0,27.7,B
2021-07-21T13:15:24,3000.0,27.75,B
2021-07-21T13:15:24,100.0,27.7,B
2021-07-21T13:15:24,900.0,27.7,S
2021-07-21T13:15:20,1300.0,27.7,S
2021-07-21T13:15:20,1200.0,27.7,S
2021-07-21T13:15:20,800.0,27.7,S
2021-07-21T13:15:19,1700.0,27.7,S
2021-07-21T13:15:17,800.0,27.7,S
2021-07-21T13:15:02,2000.0,27.7,S
2021-07-21T13:15:00,500.0,27.7,S
2021-07-21T13:14:56,300.0,27.7,S
2021-07-21T13:14:38,500.0,27.7,S
2021-07-21T13:14:36,100.0,27.7,S
2021-07-21T13:14:32,100.0,27.7,S
2021-07-21T13:14:28,7600.0,27.7,S
2021-07-21T13:14:22,300.0,27.7,S
2021-07-21T13:14:14,3000.0,27.7,S
2021-07-21T13:14:07,200.0,27.7,B
2021-07-21T13:14:03,600.0,27.7,S
2021-07-21T13:14:03,200.0,27.7,S
2021-07-21T13:13:59,100.0,27.7,S
2021-07-21T13:13:49,300.0,27.7,B
2021-07-21T13:13:46,500.0,27.7,B
2021-07-21T13:13:40,200.0,27.7,B
2021-07-21T13:13:40,400.0,27.7,B
2021-07-21T13:13:30,600.0,27.7,B
2021-07-21T13:13:30,200.0,27.7,B
2021-07-21T13:13:25,100.0,27.7,B
2021-07-21T13:13:22,600.0,27.7,B
2021-07-21T13:13:16,100.0,27.7,B
2021-07-21T13:13:16,1300.0,27.7,B
2021-07-21T13:13:16,600.0,27.7,B
2021-07-21T13:13:14,600.0,27.7,B
2021-07-21T13:13:05,600.0,27.7,B
2021-07-21T13:13:05,900.0,27.7,B
2021-07-21T13:13:04,500.0,27.7,B
2021-07-21T13:13:01,100.0,27.7,B
2021-07-21T13:12:58,100.0,27.7,B
2021-07-21T13:12:54,600.0,27.7,B
2021-07-21T13:12:49,600.0,27.7,B
2021-07-21T13:12:41,5000.0,27.7,B
2021-07-21T13:12:39,600.0,27.7,B
2021-07-21T13:12:32,700.0,27.7,S
2021-07-21T13:12:32,100.0,27.7,S
2021-07-21T13:12:31,500.0,27.7,S
2021-07-21T13:12:27,900.0,27.7,S
2021-07-21T13:12:27,600.0,27.7,S
2021-07-21T13:12:27,8500.0,27.7,S
2021-07-21T13:12:09,100.0,27.7,S
2021-07-21T13:12:02,300.0,27.7,S
2021-07-21T13:11:36,200.0,27.7,S
2021-07-21T13:11:30,100.0,27.7,S
2021-07-21T13:11:29,600.0,27.75,B
2021-07-21T13:11:29,100.0,27.7,S
2021-07-21T13:11:27,200.0,27.75,B
2021-07-21T13:11:24,200.0,27.7,S
2021-07-21T13:11:04,300.0,27.7,B
2021-07-21T13:10:55,600.0,27.7,B
2021-07-21T13:10:49,600.0,27.7,B
2021-07-21T13:10:49,1000.0,27.7,B
2021-07-21T13:10:49,3400.0,27.7,B
2021-07-21T13:10:49,100.0,27.7,B
2021-07-21T13:10:46,600.0,27.7,B
2021-07-21T13:10:41,700.0,27.7,B
2021-07-21T13:10:37,600.0,27.7,B
2021-07-21T13:10:34,100.0,27.7,B
2021-07-21T13:10:31,3900.0,27.7,B
2021-07-21T13:10:31,1600.0,27.7,B
2021-07-21T13:10:31,4500.0,27.7,B
2021-07-21T13:10:27,600.0,27.7,B
2021-07-21T13:10:19,600.0,27.7,B
2021-07-21T13:10:19,1000.0,27.7,B
2021-07-21T13:10:19,300.0,27.7,B
2021-07-21T13:10:19,8700.0,27.7,B
2021-07-21T13:10:01,200.0,27.65,S
2021-07-21T13:09:55,1000.0,27.65,S
2021-07-21T13:09:48,500.0,27.65,S
2021-07-21T13:09:21,5000.0,27.65,S
2021-07-21T13:09:20,600.0,27.7,B
2021-07-21T13:09:18,200.0,27.7,B
2021-07-21T13:08:51,5000.0,27.65,S
2021-07-21T13:08:45,600.0,27.7,B
2021-07-21T13:08:43,5000.0,27.7,B
2021-07-21T13:08:35,600.0,27.7,B
2021-07-21T13:08:35,18100.0,27.7,B
2021-07-21T13:08:35,300.0,27.7,B
2021-07-21T13:08:35,1600.0,27.7,B
2021-07-21T13:08:27,600.0,27.7,B
2021-07-21T13:08:20,100.0,27.7,B
2021-07-21T13:07:39,500.0,27.65,S
2021-07-21T13:07:29,600.0,27.65,S
2021-07-21T13:07:27,600.0,27.7,B
2021-07-21T13:07:19,100.0,27.7,B
2021-07-21T13:07:17,600.0,27.7,B
2021-07-21T13:07:08,600.0,27.7,B
2021-07-21T13:07:06,300.0,27.7,B
2021-07-21T13:06:49,300.0,27.65,S
2021-07-21T13:06:41,1000.0,27.65,S
2021-07-21T13:06:35,600.0,27.7,B
2021-07-21T13:06:24,600.0,27.7,B
2021-07-21T13:06:20,10000.0,27.7,B
2021-07-21T13:06:16,600.0,27.7,B
2021-07-21T13:06:14,5000.0,27.7,B
2021-07-21T13:06:09,400.0,27.7,B
2021-07-21T13:06:09,3600.0,27.7,B
2021-07-21T13:06:09,500.0,27.7,B
2021-07-21T13:06:09,500.0,27.7,B
2021-07-21T13:06:07,600.0,27.7,B
2021-07-21T13:05:59,2500.0,27.7,B
2021-07-21T13:05:59,100.0,27.7,B
2021-07-21T13:05:59,300.0,27.7,B
2021-07-21T13:05:59,2100.0,27.7,B
2021-07-21T13:05:59,100.0,27.7,B
2021-07-21T13:05:59,500.0,27.7,B
2021-07-21T13:05:49,600.0,27.7,B
2021-07-21T13:05:41,600.0,27.7,B
2021-07-21T13:05:33,100.0,27.7,B
2021-07-21T13:05:33,500.0,27.7,B
2021-07-21T13:05:33,100.0,27.7,B
2021-07-21T13:05:24,600.0,27.7,B
2021-07-21T13:05:16,700.0,27.7,B
2021-07-21T13:05:14,600.0,27.7,B
2021-07-21T13:05:08,300.0,27.7,B
2021-07-21T13:05:07,300.0,27.7,B
2021-07-21T13:05:06,200.0,27.7,B
2021-07-21T13:04:58,600.0,27.7,B
2021-07-21T13:04:49,600.0,27.7,B
2021-07-21T13:04:39,300.0,27.7,B
2021-07-21T13:04:39,300.0,27.7,B
2021-07-21T13:04:32,600.0,27.7,B
2021-07-21T13:04:27,800.0,27.7,B
2021-07-21T13:04:26,200.0,27.7,B
2021-07-21T13:04:23,600.0,27.7,B
2021-07-21T13:04:20,500.0,27.7,B
2021-07-21T13:04:20,200.0,27.7,B
2021-07-21T13:04:18,4300.0,27.7,B
2021-07-21T13:04:13,600.0,27.7,B
2021-07-21T13:04:05,600.0,27.7,B
2021-07-21T13:03:57,600.0,27.7,B
2021-07-21T13:03:53,1000.0,27.7,B
2021-07-21T13:03:52,1000.0,27.7,B
2021-07-21T13:03:48,600.0,27.7,B
2021-07-21T13:03:40,600.0,27.7,B
2021-07-21T13:03:39,100.0,27.7,B
2021-07-21T13:03:30,600.0,27.7,B
2021-07-21T13:03:30,200.0,27.7,B
2021-07-21T13:03:26,600.0,27.7,B
2021-07-21T13:03:21,600.0,27.7,B
2021-07-21T13:03:21,5000.0,27.7,B
2021-07-21T13:03:13,600.0,27.7,B
2021-07-21T13:03:05,600.0,27.7,B
2021-07-21T13:02:59,200.0,27.7,B
2021-07-21T13:02:43,700.0,27.65,S
2021-07-21T13:02:43,100.0,27.65,S
2021-07-21T13:02:43,1200.0,27.65,S
2021-07-21T13:02:43,2500.0,27.65,S
2021-07-21T13:02:43,600.0,27.65,S
2021-07-21T13:02:43,600.0,27.65,S
2021-07-21T13:02:43,1200.0,27.65,S
2021-07-21T13:02:43,3100.0,27.65,S
2021-07-21T13:02:26,1200.0,27.65,S
2021-07-21T13:02:26,1200.0,27.65,S
2021-07-21T13:02:26,1800.0,27.65,S
2021-07-21T13:02:26,800.0,27.65,S
2021-07-21T13:02:22,600.0,27.7,B
2021-07-21T13:02:14,600.0,27.7,B
2021-07-21T13:02:05,600.0,27.7,B
2021-07-21T13:01:54,600.0,27.7,B
2021-07-21T13:01:54,5000.0,27.7,B
2021-07-21T13:01:44,600.0,27.7,B
2021-07-21T13:01:42,100.0,27.7,B
2021-07-21T13:01:39,700.0,27.7,B
2021-07-21T13:01:38,600.0,27.7,B
2021-07-21T13:01:29,600.0,27.7,B
2021-07-21T13:01:23,200.0,27.7,B
2021-07-21T13:01:19,600.0,27.7,B
2021-07-21T13:01:09,600.0,27.7,B
2021-07-21T13:01:03,600.0,27.7,B
2021-07-21T13:00:53,600.0,27.7,B
2021-07-21T13:00:53,200.0,27.7,B
2021-07-21T13:00:44,600.0,27.7,B
2021-07-21T13:00:36,600.0,27.7,B
2021-07-21T13:00:29,600.0,27.7,B
2021-07-21T13:00:23,100.0,27.7,B
2021-07-21T13:00:23,1000.0,27.65,S
2021-07-21T13:00:23,100.0,27.65,S
2021-07-21T13:00:10,8000.0,27.65,S
2021-07-21T13:00:07,200.0,27.65,S
2021-07-21T13:00:07,100.0,27.7,B
2021-07-21T13:00:07,200.0,27.65,S
2021-07-21T13:00:07,800.0,27.65,S
2021-07-21T13:00:07,200.0,27.65,S
2021-07-21T13:00:05,100.0,27.65,S
2021-07-21T13:00:05,1000.0,27.7,B
2021-07-21T13:00:05,900.0,27.65,S
2021-07-21T13:00:05,100.0,27.65,S
2021-07-21T13:00:05,100.0,27.7,B
2021-07-21T13:00:05,100.0,27.65,S
2021-07-21T13:00:05,1200.0,27.7,B
2021-07-21T13:00:05,100.0,27.7,B
2021-07-21T13:00:05,2200.0,27.7,B
2021-07-21T13:00:05,100.0,27.7,B
2021-07-21T13:00:02,5000.0,27.65,S
2021-07-21T13:00:02,100.0,27.65,S
2021-07-21T11:29:55,200.0,27.65,S
2021-07-21T11:29:55,100.0,27.7,B
2021-07-21T11:29:42,5000.0,27.65,S
2021-07-21T11:29:38,200.0,27.65,S
2021-07-21T11:29:10,1000.0,27.65,S
2021-07-21T11:29:05,500.0,27.65,S
2021-07-21T11:28:48,600.0,27.65,S
2021-07-21T11:28:48,400.0,27.65,S
2021-07-21T11:28:44,600.0,27.7,B
2021-07-21T11:28:36,600.0,27.7,B
2021-07-21T11:28:26,600.0,27.7,B
2021-07-21T11:28:19,800.0,27.7,B
2021-07-21T11:28:19,600.0,27.7,B
2021-07-21T11:28:16,600.0,27.7,B
2021-07-21T11:28:13,500.0,27.7,B
2021-07-21T11:28:13,4500.0,27.7,B
2021-07-21T11:27:59,300.0,27.65,S
2021-07-21T11:27:34,1000.0,27.65,S
2021-07-21T11:27:18,100.0,27.65,S
2021-07-21T11:27:13,3000.0,27.65,S
2021-07-21T11:27:01,1000.0,27.65,S
2021-07-21T11:27:00,400.0,27.65,S
2021-07-21T11:27:00,1400.0,27.65,S
2021-07-21T11:26:43,100.0,27.65,S
2021-07-21T11:26:43,600.0,27.7,B
2021-07-21T11:26:41,200.0,27.7,B
2021-07-21T11:26:28,2500.0,27.65,S
2021-07-21T11:26:25,200.0,27.7,B
2021-07-21T11:26:25,400.0,27.7,B
2021-07-21T11:26:20,5000.0,27.7,B
2021-07-21T11:26:00,500.0,27.65,S
2021-07-21T11:25:21,100.0,27.65,S
2021-07-21T11:25:14,600.0,27.7,B
2021-07-21T11:25:09,100.0,27.7,B
2021-07-21T11:25:06,1000.0,27.65,S
2021-07-21T11:25:02,800.0,27.65,S
2021-07-21T11:25:00,10000.0,27.7,B
2021-07-21T11:24:49,300.0,27.65,S
2021-07-21T11:24:46,2900.0,27.65,S
2021-07-21T11:24:40,500.0,27.65,S
2021-07-21T11:24:31,200.0,27.7,B
2021-07-21T11:24:28,100.0,27.65,S
2021-07-21T11:24:20,100.0,27.65,S
2021-07-21T11:24:14,1700.0,27.65,S
2021-07-21T11:24:14,300.0,27.65,S
2021-07-21T11:23:59,700.0,27.65,S
2021-07-21T11:23:59,300.0,27.65,S
2021-07-21T11:23:52,600.0,27.65,S
2021-07-21T11:23:42,1000.0,27.65,S
2021-07-21T11:23:34,700.0,27.65,S
2021-07-21T11:23:34,100.0,27.65,S
2021-07-21T11:22:57,500.0,27.65,B
2021-07-21T11:22:54,1000.0,27.65,B
2021-07-21T11:22:53,500.0,27.65,B
2021-07-21T11:22:49,1000.0,27.65,B
2021-07-21T11:22:49,300.0,27.65,B
2021-07-21T11:22:49,3200.0,27.65,B
2021-07-21T11:22:49,600.0,27.65,B
2021-07-21T11:22:45,10000.0,27.65,B
2021-07-21T11:22:40,100.0,27.65,B
2021-07-21T11:22:40,1000.0,27.65,B
2021-07-21T11:22:38,600.0,27.65,B
2021-07-21T11:22:33,600.0,27.65,B
2021-07-21T11:22:33,10000.0,27.65,B
2021-07-21T11:22:30,600.0,27.65,B
2021-07-21T11:22:27,1600.0,27.65,B
2021-07-21T11:22:25,8400.0,27.65,B
2021-07-21T11:22:22,600.0,27.65,B
2021-07-21T11:22:20,200.0,27.65,B
2021-07-21T11:22:17,1000.0,27.6,S
2021-07-21T11:22:13,600.0,27.65,B
2021-07-21T11:22:03,600.0,27.65,B
2021-07-21T11:21:55,600.0,27.65,B
2021-07-21T11:21:48,600.0,27.65,B
2021-07-21T11:21:47,100.0,27.65,B
2021-07-21T11:21:47,500.0,27.65,B
2021-07-21T11:21:43,100.0,27.65,B
2021-07-21T11:21:33,300.0,27.65,B
2021-07-21T11:21:15,400.0,27.6,S
2021-07-21T11:20:42,2100.0,27.6,S
2021-07-21T11:20:36,2600.0,27.6,B
2021-07-21T11:20:29,600.0,27.6,B
2021-07-21T11:20:20,600.0,27.6,B
2021-07-21T11:20:11,600.0,27.6,B
2021-07-21T11:20:08,200.0,27.6,B
2021-07-21T11:20:03,600.0,27.6,B
2021-07-21T11:19:53,600.0,27.6,B
2021-07-21T11:19:45,600.0,27.6,B
2021-07-21T11:19:43,1000.0,27.6,B
2021-07-21T11:19:37,600.0,27.6,B
2021-07-21T11:19:35,800.0,27.6,B
2021-07-21T11:19:35,1900.0,27.6,B
2021-07-21T11:19:28,600.0,27.6,B
2021-07-21T11:19:25,1900.0,27.6,B
2021-07-21T11:19:15,100.0,27.55,S
2021-07-21T11:18:58,500.0,27.55,S
2021-07-21T11:18:39,2000.0,27.55,S
2021-07-21T11:18:36,600.0,27.6,B
2021-07-21T11:18:27,300.0,27.6,B
2021-07-21T11:18:27,600.0,27.6,B
2021-07-21T11:18:18,600.0,27.6,B
2021-07-21T11:18:17,3200.0,27.6,B
2021-07-21T11:18:10,100.0,27.6,B
2021-07-21T11:18:10,500.0,27.6,B
2021-07-21T11:18:01,200.0,27.6,B
2021-07-21T11:18:01,600.0,27.6,B
2021-07-21T11:17:52,600.0,27.6,B
2021-07-21T11:17:45,2000.0,27.6,B
2021-07-21T11:17:44,600.0,27.6,B
2021-07-21T11:17:39,4700.0,27.6,B
2021-07-21T11:17:39,5300.0,27.6,B
2021-07-21T11:17:38,5000.0,27.6,B
2021-07-21T11:17:37,900.0,27.6,B
2021-07-21T11:17:33,600.0,27.6,B
2021-07-21T11:17:28,200.0,27.6,B
2021-07-21T11:17:27,100.0,27.6,B
2021-07-21T11:17:26,600.0,27.6,B
2021-07-21T11:17:26,100.0,27.55,S
2021-07-21T11:17:18,600.0,27.6,B
2021-07-21T11:17:13,100.0,27.6,B
2021-07-21T11:17:09,700.0,27.6,B
2021-07-21T11:17:08,600.0,27.6,B
2021-07-21T11:17:00,600.0,27.6,B
2021-07-21T11:16:53,500.0,27.6,B
2021-07-21T11:16:33,900.0,27.55,S
2021-07-21T11:16:33,1200.0,27.55,S
2021-07-21T11:16:32,200.0,27.6,B
2021-07-21T11:16:32,500.0,27.55,S
2021-07-21T11:16:27,1000.0,27.55,S
2021-07-21T11:16:25,100.0,27.6,B
2021-07-21T11:16:23,500.0,27.55,S
2021-07-21T11:16:17,600.0,27.6,B
2021-07-21T11:16:16,1800.0,27.6,B
2021-07-21T11:16:16,5000.0,27.6,B
2021-07-21T11:16:16,3200.0,27.6,B
2021-07-21T11:16:07,600.0,27.6,B
2021-07-21T11:16:01,200.0,27.6,B
2021-07-21T11:15:59,600.0,27.6,B
2021-07-21T11:15:51,200.0,27.6,B
2021-07-21T11:15:51,200.0,27.6,B
2021-07-21T11:15:51,200.0,27.6,B
2021-07-21T11:15:42,600.0,27.6,B
2021-07-21T11:15:38,300.0,27.6,B
2021-07-21T11:15:31,500.0,27.55,S
2021-07-21T11:15:19,300.0,27.55,S
2021-07-21T11:15:11,100.0,27.55,S
2021-07-21T11:14:53,300.0,27.55,S
2021-07-21T11:14:48,200.0,27.55,S
2021-07-21T11:14:44,400.0,27.55,S
2021-07-21T11:14:29,2100.0,27.55,S
2021-07-21T11:14:12,14200.0,27.55,S
2021-07-21T11:14:12,100.0,27.55,S
2021-07-21T11:14:12,500.0,27.55,S
2021-07-21T11:14:12,700.0,27.55,S
2021-07-21T11:14:12,1500.0,27.55,S
2021-07-21T11:14:12,2000.0,27.55,S
2021-07-21T11:14:12,2100.0,27.55,S
2021-07-21T11:14:12,1400.0,27.55,S
2021-07-21T11:14:12,4700.0,27.55,S
2021-07-21T11:14:12,700.0,27.55,S
2021-07-21T11:14:12,700.0,27.55,S
2021-07-21T11:14:12,700.0,27.55,S
2021-07-21T11:14:12,1400.0,27.55,S
2021-07-21T11:14:12,700.0,27.55,S
2021-07-21T11:14:12,1400.0,27.55,S
2021-07-21T11:14:12,100.0,27.55,S
2021-07-21T11:14:12,700.0,27.55,S
2021-07-21T11:14:12,700.0,27.55,S
2021-07-21T11:14:12,700.0,27.55,S
2021-07-21T11:14:05,200.0,27.6,B
2021-07-21T11:14:05,400.0,27.6,B
2021-07-21T11:14:05,5000.0,27.6,B
2021-07-21T11:13:59,200.0,27.6,B
2021-07-21T11:13:57,600.0,27.6,B
2021-07-21T11:13:54,300.0,27.6,B
2021-07-21T11:13:54,700.0,27.6,B
2021-07-21T11:13:54,500.0,27.6,B
2021-07-21T11:13:54,3500.0,27.6,B
2021-07-21T11:13:49,600.0,27.6,B
2021-07-21T11:13:40,600.0,27.6,B
2021-07-21T11:13:31,900.0,27.6,B
2021-07-21T11:13:31,600.0,27.6,B
2021-07-21T11:13:23,300.0,27.6,B
2021-07-21T11:13:22,300.0,27.6,B
2021-07-21T11:13:17,3700.0,27.6,S
2021-07-21T11:13:17,2000.0,27.6,S
2021-07-21T11:13:16,7200.0,27.6,S
2021-07-21T11:13:09,2300.0,27.6,S
2021-07-21T11:12:59,1000.0,27.6,S
2021-07-21T11:12:55,2000.0,27.6,B
2021-07-21T11:12:55,300.0,27.6,B
2021-07-21T11:12:55,300.0,27.6,B
2021-07-21T11:12:55,3000.0,27.6,B
2021-07-21T11:12:51,5000.0,27.6,B
2021-07-21T11:12:48,600.0,27.6,B
2021-07-21T11:12:40,2100.0,27.6,B
2021-07-21T11:12:40,500.0,27.6,B
2021-07-21T11:12:40,17400.0,27.6,B
2021-07-21T11:12:39,600.0,27.6,B
2021-07-21T11:12:30,1000.0,27.6,B
2021-07-21T11:12:30,600.0,27.6,B
2021-07-21T11:12:26,10700.0,27.6,S
2021-07-21T11:12:25,300.0,27.6,S
2021-07-21T11:12:25,1000.0,27.6,S
2021-07-21T11:12:24,1000.0,27.6,S
2021-07-21T11:12:24,7800.0,27.6,S
2021-07-21T11:12:24,1200.0,27.6,S
2021-07-21T11:12:24,1100.0,27.6,S
2021-07-21T11:12:23,100.0,27.6,S
2021-07-21T11:12:23,600.0,27.6,S
2021-07-21T11:12:22,1400.0,27.6,S
2021-07-21T11:12:22,10000.0,27.6,S
2021-07-21T11:12:16,200.0,27.6,S
2021-07-21T11:12:16,100.0,27.65,B
2021-07-21T11:12:08,200.0,27.6,S
2021-07-21T11:12:07,1800.0,27.6,S
2021-07-21T11:12:07,200.0,27.6,S
2021-07-21T11:12:06,400.0,27.6,S
2021-07-21T11:12:06,200.0,27.6,S
2021-07-21T11:12:04,200.0,27.6,S
2021-07-21T11:12:04,2000.0,27.6,S
2021-07-21T11:12:04,100.0,27.6,S
2021-07-21T11:12:00,1000.0,27.6,S
2021-07-21T11:11:58,200.0,27.65,B
2021-07-21T11:11:47,100.0,27.6,S
2021-07-21T11:11:47,600.0,27.6,S
2021-07-21T11:11:47,800.0,27.6,S
2021-07-21T11:11:46,1000.0,27.6,S
2021-07-21T11:11:46,1000.0,27.6,S
2021-07-21T11:11:41,700.0,27.65,B
2021-07-21T11:11:41,200.0,27.65,B
2021-07-21T11:11:38,600.0,27.65,B
2021-07-21T11:11:34,1700.0,27.65,B
2021-07-21T11:11:34,8300.0,27.65,B
2021-07-21T11:11:32,5000.0,27.6,S
2021-07-21T11:11:29,2000.0,27.6,S
2021-07-21T11:11:12,3000.0,27.6,S
2021-07-21T11:11:11,600.0,27.65,B
2021-07-21T11:11:11,5000.0,27.65,B
2021-07-21T11:11:03,600.0,27.65,B
2021-07-21T11:11:03,1000.0,27.6,S
2021-07-21T11:11:01,3500.0,27.65,B
2021-07-21T11:11:01,1500.0,27.65,B
2021-07-21T11:11:01,200.0,27.6,S
2021-07-21T11:10:51,100.0,27.6,S
2021-07-21T11:10:47,200.0,27.6,S
2021-07-21T11:10:43,200.0,27.6,S
2021-07-21T11:10:32,4400.0,27.6,S
2021-07-21T11:10:32,600.0,27.6,S
2021-07-21T11:10:28,400.0,27.6,S
2021-07-21T11:10:20,600.0,27.65,B
2021-07-21T11:10:13,5000.0,27.65,B
2021-07-21T11:10:12,2200.0,27.6,S
2021-07-21T11:10:08,1100.0,27.6,S
2021-07-21T11:10:03,600.0,27.65,B
2021-07-21T11:10:00,10000.0,27.65,B
2021-07-21T11:09:59,700.0,27.65,B
2021-07-21T11:09:55,100.0,27.65,B
2021-07-21T11:09:55,100.0,27.65,B
2021-07-21T11:09:40,5000.0,27.6,S
2021-07-21T11:09:39,20000.0,27.65,B
2021-07-21T11:09:36,200.0,27.6,S
2021-07-21T11:09:36,700.0,27.65,B
2021-07-21T11:09:28,700.0,27.65,B
2021-07-21T11:09:20,1900.0,27.7,B
2021-07-21T11:09:20,4500.0,27.7,B
2021-07-21T11:09:20,100.0,27.7,B
2021-07-21T11:09:20,4100.0,27.7,B
2021-07-21T11:09:20,1900.0,27.6,S
2021-07-21T11:09:20,100.0,27.6,S
2021-07-21T11:09:13,400.0,27.6,S
2021-07-21T11:09:10,700.0,27.7,B
2021-07-21T11:09:09,4600.0,27.7,B
2021-07-21T11:09:09,20900.0,27.65,B
2021-07-21T11:09:09,600.0,27.65,B
2021-07-21T11:09:01,200.0,27.6,S
2021-07-21T11:09:01,1600.0,27.6,S
2021-07-21T11:09:01,1700.0,27.6,S
2021-07-21T11:09:01,500.0,27.6,S
2021-07-21T11:08:47,5000.0,27.6,S
2021-07-21T11:08:44,700.0,27.65,B
2021-07-21T11:08:36,700.0,27.65,B
2021-07-21T11:08:33,8000.0,27.65,B
2021-07-21T11:08:27,700.0,27.65,B
2021-07-21T11:08:18,700.0,27.65,B
2021-07-21T11:08:08,700.0,27.65,B
2021-07-21T11:08:06,1300.0,27.65,B
2021-07-21T11:08:06,3700.0,27.65,B
2021-07-21T11:08:01,2200.0,27.6,S
2021-07-21T11:08:00,700.0,27.65,B
2021-07-21T11:07:52,700.0,27.7,B
2021-07-21T11:07:51,200.0,27.7,B
2021-07-21T11:07:49,5000.0,27.7,B
2021-07-21T11:07:33,400.0,27.6,S
2021-07-21T11:07:33,400.0,27.6,S
2021-07-21T11:07:24,5000.0,27.6,S
2021-07-21T11:07:22,200.0,27.6,S
2021-07-21T11:07:19,4000.0,27.6,S
2021-07-21T11:07:16,9600.0,27.6,S
2021-07-21T11:07:16,6700.0,27.6,S
2021-07-21T11:07:16,1400.0,27.6,S
2021-07-21T11:07:16,2300.0,27.6,S
2021-07-21T11:07:03,2400.0,27.6,S
2021-07-21T11:07:00,700.0,27.65,B
2021-07-21T11:06:54,700.0,27.65,S
2021-07-21T11:06:54,1000.0,27.65,S
2021-07-21T11:06:49,400.0,27.65,S
2021-07-21T11:06:49,600.0,27.65,S
2021-07-21T11:06:46,3100.0,27.65,S
2021-07-21T11:06:46,900.0,27.65,S
2021-07-21T11:06:46,3500.0,27.65,S
2021-07-21T11:06:46,1400.0,27.65,S
2021-07-21T11:06:46,700.0,27.65,S
2021-07-21T11:06:46,400.0,27.65,S
2021-07-21T11:06:41,1100.0,27.65,S
2021-07-21T11:06:34,2100.0,27.65,S
2021-07-21T11:06:20,1000.0,27.65,S
2021-07-21T11:06:08,100.0,27.65,S
2021-07-21T11:06:08,700.0,27.7,B
2021-07-21T11:06:04,5300.0,27.7,B
2021-07-21T11:06:04,9700.0,27.7,B
2021-07-21T11:06:03,300.0,27.65,S
2021-07-21T11:06:01,100.0,27.65,S
2021-07-21T11:05:59,700.0,27.7,B
2021-07-21T11:05:56,10200.0,27.7,B
2021-07-21T11:05:54,2100.0,27.65,S
2021-07-21T11:05:51,100.0,27.65,S
2021-07-21T11:05:48,1100.0,27.65,S
2021-07-21T11:05:47,200.0,27.7,B
2021-07-21T11:05:34,100.0,27.65,S
2021-07-21T11:05:29,5000.0,27.65,S
2021-07-21T11:05:26,1000.0,27.65,S
2021-07-21T11:05:08,500.0,27.65,B
2021-07-21T11:05:05,700.0,27.65,B
2021-07-21T11:04:58,700.0,27.65,B
2021-07-21T11:04:57,7000.0,27.65,B
2021-07-21T11:04:49,700.0,27.65,B
2021-07-21T11:04:48,500.0,27.65,S
2021-07-21T11:04:46,500.0,27.65,S
2021-07-21T11:04:44,1000.0,27.65,S
2021-07-21T11:04:44,4000.0,27.65,S
2021-07-21T11:04:16,200.0,27.65,S
2021-07-21T11:04:10,100.0,27.65,S
2021-07-21T11:04:06,300.0,27.65,B
2021-07-21T11:03:59,1200.0,27.65,S
2021-07-21T11:03:59,100.0,27.65,S
2021-07-21T11:03:48,2100.0,27.65,B
2021-07-21T11:03:48,900.0,27.6,S
2021-07-21T11:03:48,100.0,27.6,S
2021-07-21T11:03:46,1100.0,27.6,S
2021-07-21T11:03:45,200.0,27.65,B
2021-07-21T11:03:39,200.0,27.65,B
2021-07-21T11:03:39,700.0,27.65,B
2021-07-21T11:03:34,300.0,27.65,S
2021-07-21T11:03:31,200.0,27.65,S
2021-07-21T11:03:30,200.0,27.65,B
2021-07-21T11:03:20,700.0,27.65,B
2021-07-21T11:03:14,200.0,27.65,B
2021-07-21T11:03:14,500.0,27.65,B
2021-07-21T11:03:06,300.0,27.65,B
2021-07-21T11:03:02,1100.0,27.6,S
2021-07-21T11:02:55,200.0,27.65,B
2021-07-21T11:02:55,500.0,27.65,B
2021-07-21T11:02:48,200.0,27.65,B
2021-07-21T11:02:48,500.0,27.65,B
2021-07-21T11:02:41,5000.0,27.65,B
2021-07-21T11:02:39,200.0,27.65,B
2021-07-21T11:02:39,800.0,27.65,B
2021-07-21T11:02:39,700.0,27.65,B
2021-07-21T11:02:33,100.0,27.65,B
2021-07-21T11:02:32,300.0,27.65,B
2021-07-21T11:02:31,700.0,27.65,B
2021-07-21T11:02:28,5000.0,27.65,B
2021-07-21T11:02:24,3600.0,27.65,B
2021-07-21T11:02:24,6200.0,27.65,B
2021-07-21T11:02:24,700.0,27.65,B
2021-07-21T11:02:22,100.0,27.6,S
2021-07-21T11:02:21,700.0,27.65,B
2021-07-21T11:02:18,500.0,27.65,B
2021-07-21T11:02:18,500.0,27.65,B
2021-07-21T11:02:13,700.0,27.65,B
2021-07-21T11:02:04,700.0,27.65,B
2021-07-21T11:01:55,700.0,27.65,B
2021-07-21T11:01:46,700.0,27.65,B
2021-07-21T11:01:45,200.0,27.65,B
2021-07-21T11:01:45,1100.0,27.6,S
2021-07-21T11:01:45,3900.0,27.6,S
2021-07-21T11:01:39,1000.0,27.6,S
2021-07-21T11:01:38,2200.0,27.6,S
2021-07-21T11:01:24,300.0,27.6,S
2021-07-21T11:01:10,1000.0,27.6,S
2021-07-21T11:01:10,100.0,27.6,S
2021-07-21T11:01:09,2000.0,27.6,S
2021-07-21T11:00:49,2200.0,27.6,S
2021-07-21T11:00:36,5000.0,27.6,S
2021-07-21T11:00:36,700.0,27.65,B
2021-07-21T11:00:28,700.0,27.65,B
2021-07-21T11:00:28,1000.0,27.6,S
2021-07-21T11:00:20,100.0,27.65,B
2021-07-21T11:00:18,200.0,27.6,S
2021-07-21T10:59:58,100.0,27.6,S
2021-07-21T10:59:51,100.0,27.6,S
2021-07-21T10:59:45,200.0,27.6,S
2021-07-21T10:59:43,200.0,27.6,B
2021-07-21T10:59:29,2100.0,27.55,S
2021-07-21T10:59:23,2200.0,27.55,S
2021-07-21T10:59:19,200.0,27.6,B
2021-07-21T10:59:19,700.0,27.6,B
2021-07-21T10:59:13,10000.0,27.6,B
2021-07-21T10:59:09,10000.0,27.6,B
2021-07-21T10:59:03,100.0,27.55,S
2021-07-21T10:59:01,900.0,27.6,B
2021-07-21T10:59:01,700.0,27.6,B
2021-07-21T10:58:59,100.0,27.6,B
2021-07-21T10:58:54,2900.0,27.6,B
2021-07-21T10:58:54,200.0,27.6,B
2021-07-21T10:58:54,6100.0,27.6,B
2021-07-21T10:58:54,1200.0,27.6,B
2021-07-21T10:58:53,700.0,27.6,B
2021-07-21T10:58:43,700.0,27.6,B
2021-07-21T10:58:33,700.0,27.6,B
2021-07-21T10:58:27,700.0,27.6,B
2021-07-21T10:58:21,500.0,27.6,B
2021-07-21T10:58:18,700.0,27.6,B
2021-07-21T10:58:08,700.0,27.6,B
2021-07-21T10:58:01,2100.0,27.6,B
2021-07-21T10:58:01,7900.0,27.6,B
2021-07-21T10:57:59,700.0,27.6,B
2021-07-21T10:57:51,700.0,27.6,B
2021-07-21T10:57:42,700.0,27.6,B
2021-07-21T10:57:41,200.0,27.6,B
2021-07-21T10:57:41,300.0,27.55,S
2021-07-21T10:57:24,200.0,27.55,S
2021-07-21T10:57:24,1400.0,27.55,S
2021-07-21T10:57:24,500.0,27.55,S
2021-07-21T10:57:22,200.0,27.55,S
2021-07-21T10:57:22,1800.0,27.55,S
2021-07-21T10:57:17,700.0,27.6,B
2021-07-21T10:57:12,800.0,27.6,B
2021-07-21T10:57:12,1000.0,27.6,B
2021-07-21T10:57:09,100.0,27.6,B
2021-07-21T10:56:55,300.0,27.55,S
2021-07-21T10:56:55,400.0,27.55,S
2021-07-21T10:56:48,100.0,27.55,S
2021-07-21T10:56:32,200.0,27.55,S
2021-07-21T10:56:06,900.0,27.55,S
2021-07-21T10:56:06,100.0,27.55,S
2021-07-21T10:55:54,100.0,27.55,S
2021-07-21T10:55:50,700.0,27.6,B
2021-07-21T10:55:40,400.0,27.6,B
2021-07-21T10:55:40,300.0,27.6,B
2021-07-21T10:55:39,200.0,27.6,B
2021-07-21T10:55:30,1000.0,27.55,S
2021-07-21T10:55:23,1000.0,27.55,S
2021-07-21T10:55:22,2000.0,27.55,S
2021-07-21T10:55:15,500.0,27.6,B
2021-07-21T10:55:15,1100.0,27.6,B
2021-07-21T10:55:15,1500.0,27.6,B
2021-07-21T10:55:15,7800.0,27.6,B
2021-07-21T10:55:07,2200.0,27.55,S
2021-07-21T10:55:06,700.0,27.6,B
2021-07-21T10:54:58,700.0,27.6,B
2021-07-21T10:54:47,700.0,27.6,B
2021-07-21T10:54:40,700.0,27.6,B
2021-07-21T10:54:31,700.0,27.6,B
2021-07-21T10:54:24,700.0,27.6,B
2021-07-21T10:54:13,700.0,27.6,B
2021-07-21T10:54:06,700.0,27.6,B
2021-07-21T10:53:57,700.0,27.6,B
2021-07-21T10:53:53,200.0,27.6,B
2021-07-21T10:53:42,1500.0,27.55,S
2021-07-21T10:53:37,2000.0,27.55,S
2021-07-21T10:53:31,500.0,27.55,S
2021-07-21T10:53:29,700.0,27.6,B
2021-07-21T10:53:28,200.0,27.6,B
2021-07-21T10:53:17,2100.0,27.55,S
2021-07-21T10:52:58,4700.0,27.55,S
2021-07-21T10:52:58,300.0,27.55,S
2021-07-21T10:52:02,2200.0,27.55,S
2021-07-21T10:52:02,700.0,27.6,B
2021-07-21T10:51:55,5000.0,27.6,B
2021-07-21T10:51:54,700.0,27.6,B
2021-07-21T10:51:52,3200.0,27.6,B
2021-07-21T10:51:49,7100.0,27.6,B
2021-07-21T10:51:46,200.0,27.6,B
2021-07-21T10:51:46,300.0,27.6,B
2021-07-21T10:51:46,400.0,27.6,B
2021-07-21T10:51:46,700.0,27.6,B
2021-07-21T10:51:37,100.0,27.6,B
2021-07-21T10:51:37,600.0,27.6,B
2021-07-21T10:51:29,700.0,27.6,B
2021-07-21T10:51:21,200.0,27.6,B
2021-07-21T10:51:16,2000.0,27.55,S
2021-07-21T10:51:12,800.0,27.6,B
2021-07-21T10:51:12,500.0,27.6,B
2021-07-21T10:51:12,3700.0,27.6,B
2021-07-21T10:50:52,1000.0,27.55,S
2021-07-21T10:50:52,100.0,27.55,S
2021-07-21T10:50:47,1100.0,27.55,B
2021-07-21T10:50:43,700.0,27.55,B
2021-07-21T10:50:37,700.0,27.55,B
2021-07-21T10:50:35,5000.0,27.55,S
2021-07-21T10:50:35,5700.0,27.55,S
2021-07-21T10:50:35,1900.0,27.55,S
2021-07-21T10:50:35,1000.0,27.55,S
2021-07-21T10:50:35,1500.0,27.55,S
2021-07-21T10:50:35,700.0,27.55,S
2021-07-21T10:50:35,1700.0,27.55,S
2021-07-21T10:50:33,4200.0,27.6,B
2021-07-21T10:50:33,10000.0,27.6,B
2021-07-21T10:50:33,800.0,27.6,B
2021-07-21T10:50:29,600.0,27.55,S
2021-07-21T10:50:28,700.0,27.6,B
2021-07-21T10:50:19,700.0,27.6,B
2021-07-21T10:50:16,5000.0,27.6,B
2021-07-21T10:50:12,1000.0,27.55,S
2021-07-21T10:50:11,1000.0,27.55,S
2021-07-21T10:50:08,600.0,27.55,S
2021-07-21T10:49:57,1000.0,27.55,S
2021-07-21T10:49:55,24700.0,27.55,S
2021-07-21T10:49:55,2800.0,27.55,S
2021-07-21T10:49:55,700.0,27.55,S
2021-07-21T10:49:55,1800.0,27.55,S
2021-07-21T10:49:52,700.0,27.6,B
2021-07-21T10:49:50,100.0,27.6,B
2021-07-21T10:49:45,700.0,27.6,B
2021-07-21T10:49:36,700.0,27.6,B
2021-07-21T10:49:31,15000.0,27.6,B
2021-07-21T10:49:27,700.0,27.6,B
2021-07-21T10:49:17,700.0,27.6,B
2021-07-21T10:49:16,200.0,27.6,B
2021-07-21T10:49:07,1700.0,27.55,S
2021-07-21T10:49:07,500.0,27.55,S
2021-07-21T10:49:01,700.0,27.6,B
2021-07-21T10:48:57,6100.0,27.6,S
2021-07-21T10:48:57,100.0,27.6,S
2021-07-21T10:48:57,2200.0,27.6,S
2021-07-21T10:48:57,300.0,27.6,S
2021-07-21T10:48:57,5000.0,27.6,S
2021-07-21T10:48:56,1400.0,27.6,S
2021-07-21T10:48:39,1000.0,27.6,S
2021-07-21T10:48:37,1000.0,27.6,S
2021-07-21T10:48:35,600.0,27.6,S
2021-07-21T10:48:25,100.0,27.6,S
2021-07-21T10:48:18,2600.0,27.6,S
2021-07-21T10:48:18,300.0,27.6,B
2021-07-21T10:48:18,2100.0,27.6,B
2021-07-21T10:48:18,100.0,27.55,S
2021-07-21T10:48:18,700.0,27.6,B
2021-07-21T10:48:14,5000.0,27.6,B
2021-07-21T10:48:08,1200.0,27.6,B
2021-07-21T10:48:08,700.0,27.6,B
2021-07-21T10:47:57,700.0,27.6,B
2021-07-21T10:47:57,500.0,27.6,B
2021-07-21T10:47:52,7100.0,27.6,B
2021-07-21T10:47:52,2000.0,27.6,B
2021-07-21T10:47:52,400.0,27.6,B
2021-07-21T10:47:52,5500.0,27.6,B
2021-07-21T10:47:17,5000.0,27.55,S
2021-07-21T10:47:17,700.0,27.6,B
2021-07-21T10:47:16,1000.0,27.55,S
2021-07-21T10:47:15,3800.0,27.6,B
2021-07-21T10:47:15,1200.0,27.6,B
2021-07-21T10:47:08,700.0,27.6,B
2021-07-21T10:47:06,200.0,27.6,B
2021-07-21T10:47:06,200.0,27.6,B
2021-07-21T10:47:04,100.0,27.6,B
2021-07-21T10:47:04,5000.0,27.6,B
2021-07-21T10:47:01,1000.0,27.6,B
2021-07-21T10:46:59,700.0,27.6,B
2021-07-21T10:46:58,2100.0,27.55,S
2021-07-21T10:46:51,600.0,27.6,B
2021-07-21T10:46:51,100.0,27.6,B
2021-07-21T10:46:42,700.0,27.6,B
2021-07-21T10:46:35,700.0,27.6,B
2021-07-21T10:46:35,9300.0,27.6,B
2021-07-21T10:46:24,200.0,27.55,S
2021-07-21T10:46:24,2600.0,27.55,S
2021-07-21T10:46:10,4500.0,27.55,S
2021-07-21T10:46:06,700.0,27.6,B
2021-07-21T10:46:02,13000.0,27.6,B
2021-07-21T10:46:02,2000.0,27.6,B
2021-07-21T10:45:57,700.0,27.6,B
2021-07-21T10:45:50,1200.0,27.6,B
2021-07-21T10:45:50,1300.0,27.6,B
2021-07-21T10:45:50,100.0,27.6,B
2021-07-21T10:45:50,700.0,27.6,B
2021-07-21T10:45:41,500.0,27.6,B
2021-07-21T10:45:41,200.0,27.6,B
2021-07-21T10:45:30,700.0,27.6,B
2021-07-21T10:45:23,700.0,27.6,B
2021-07-21T10:45:21,10000.0,27.6,B
2021-07-21T10:45:14,100.0,27.55,S
2021-07-21T10:45:06,700.0,27.6,B
2021-07-21T10:45:04,15000.0,27.6,B
2021-07-21T10:45:00,200.0,27.6,B
2021-07-21T10:44:54,4400.0,27.55,S
2021-07-21T10:44:48,700.0,27.6,B
2021-07-21T10:44:48,2100.0,27.55,S
2021-07-21T10:44:48,2000.0,27.6,B
2021-07-21T10:44:45,700.0,27.6,S
2021-07-21T10:44:45,800.0,27.65,B
2021-07-21T10:44:45,6000.0,27.65,B
2021-07-21T10:44:45,700.0,27.65,B
2021-07-21T10:44:45,1000.0,27.65,B
2021-07-21T10:44:45,2100.0,27.65,B
2021-07-21T10:44:41,2600.0,27.6,B
2021-07-21T10:44:38,1900.0,27.55,S
2021-07-21T10:44:38,2500.0,27.55,S
2021-07-21T10:44:36,100.0,27.6,S
2021-07-21T10:44:35,1000.0,27.6,S
2021-07-21T10:44:22,700.0,27.6,S
2021-07-21T10:44:22,300.0,27.6,S
2021-07-21T10:44:14,100.0,27.6,B
2021-07-21T10:44:13,400.0,27.6,B
2021-07-21T10:44:05,700.0,27.6,B
2021-07-21T10:43:56,7000.0,27.6,B
2021-07-21T10:43:56,100.0,27.55,S
2021-07-21T10:43:49,2200.0,27.55,S
2021-07-21T10:43:48,1700.0,27.55,S
2021-07-21T10:43:48,700.0,27.6,S
2021-07-21T10:43:48,800.0,27.6,S
2021-07-21T10:43:48,1200.0,27.6,S
2021-07-21T10:43:40,100.0,27.6,S
2021-07-21T10:43:37,100.0,27.6,S
2021-07-21T10:43:35,500.0,27.6,S
2021-07-21T10:43:35,100.0,27.6,S
2021-07-21T10:43:33,100.0,27.6,S
2021-07-21T10:43:30,200.0,27.6,S
2021-07-21T10:43:30,100.0,27.6,S
2021-07-21T10:43:30,300.0,27.6,B
2021-07-21T10:43:30,1000.0,27.55,S
2021-07-21T10:43:22,700.0,27.6,B
2021-07-21T10:43:15,2000.0,27.6,B
2021-07-21T10:43:04,300.0,27.55,S
2021-07-21T10:43:04,1400.0,27.55,S
2021-07-21T10:43:04,1100.0,27.55,S
2021-07-21T10:43:04,1500.0,27.6,S
2021-07-21T10:43:04,100.0,27.6,S
2021-07-21T10:43:04,700.0,27.65,B
2021-07-21T10:42:58,200.0,27.65,B
2021-07-21T10:42:55,400.0,27.6,S
2021-07-21T10:42:54,100.0,27.6,S
2021-07-21T10:42:51,100.0,27.6,S
2021-07-21T10:42:45,300.0,27.6,B
2021-07-21T10:42:45,1000.0,27.6,B
2021-07-21T10:42:45,2100.0,27.55,S
2021-07-21T10:42:42,1200.0,27.6,B
2021-07-21T10:42:38,700.0,27.6,B
2021-07-21T10:42:37,100.0,27.6,B
2021-07-21T10:42:34,100.0,27.6,S
2021-07-21T10:42:34,700.0,27.6,S
2021-07-21T10:42:34,1200.0,27.6,S
2021-07-21T10:42:23,1700.0,27.6,S
2021-07-21T10:42:23,2700.0,27.6,S
2021-07-21T10:42:21,100.0,27.7,B
2021-07-21T10:42:21,500.0,27.7,B
2021-07-21T10:42:21,100.0,27.7,B
2021-07-21T10:42:21,100.0,27.7,B
2021-07-21T10:42:09,700.0,27.7,B
2021-07-21T10:42:03,700.0,27.7,B
2021-07-21T10:41:58,1700.0,27.7,B
2021-07-21T10:41:58,2500.0,27.6,S
2021-07-21T10:41:58,1400.0,27.6,S
2021-07-21T10:41:58,500.0,27.6,S
2021-07-21T10:41:55,1000.0,27.7,B
2021-07-21T10:41:55,700.0,27.7,B
2021-07-21T10:41:46,700.0,27.7,B
2021-07-21T10:41:42,1000.0,27.7,B
2021-07-21T10:41:41,500.0,27.7,S
2021-07-21T10:41:41,600.0,27.75,B
2021-07-21T10:41:34,100.0,27.7,B
2021-07-21T10:41:34,300.0,27.6,S
2021-07-21T10:41:34,800.0,27.6,S
2021-07-21T10:41:34,200.0,27.6,S
2021-07-21T10:41:34,2500.0,27.65,S
2021-07-21T10:41:34,600.0,27.7,S
2021-07-21T10:41:26,1000.0,27.7,S
2021-07-21T10:41:23,1000.0,27.7,S
2021-07-21T10:41:22,2000.0,27.7,S
2021-07-21T10:41:17,500.0,27.7,B
2021-07-21T10:41:17,5200.0,27.7,B
2021-07-21T10:41:10,700.0,27.7,B
2021-07-21T10:41:09,4100.0,27.7,S
2021-07-21T10:41:06,500.0,27.7,S
2021-07-21T10:41:02,700.0,27.75,B
2021-07-21T10:40:57,100.0,27.75,B
2021-07-21T10:40:54,1200.0,27.75,B
2021-07-21T10:40:54,700.0,27.75,B
2021-07-21T10:40:53,200.0,27.75,B
2021-07-21T10:40:45,100.0,27.75,B
2021-07-21T10:40:44,700.0,27.75,B
2021-07-21T10:40:44,1000.0,27.7,S
2021-07-21T10:40:36,700.0,27.75,B
2021-07-21T10:40:33,700.0,27.75,S
2021-07-21T10:40:29,200.0,27.75,S
2021-07-21T10:40:28,1000.0,27.75,S
2021-07-21T10:40:27,500.0,27.75,S
2021-07-21T10:40:21,100.0,27.75,S
2021-07-21T10:40:13,8900.0,27.75,B
2021-07-21T10:40:13,100.0,27.7,S
2021-07-21T10:40:10,700.0,27.75,B
2021-07-21T10:40:08,500.0,27.75,B
2021-07-21T10:40:05,100.0,27.7,S
2021-07-21T10:40:00,200.0,27.7,S
2021-07-21T10:39:48,900.0,27.7,B
2021-07-21T10:39:44,700.0,27.7,B
2021-07-21T10:39:36,700.0,27.7,B
2021-07-21T10:39:35,11200.0,27.7,B
2021-07-21T10:39:35,1500.0,27.7,B
2021-07-21T10:39:35,3200.0,27.7,B
2021-07-21T10:39:35,100.0,27.7,B
2021-07-21T10:39:35,200.0,27.7,B
2021-07-21T10:39:35,3800.0,27.7,B
2021-07-21T10:39:30,100.0,27.65,S
2021-07-21T10:39:26,700.0,27.7,B
2021-07-21T10:39:25,7200.0,27.7,B
2021-07-21T10:39:25,5700.0,27.7,B
2021-07-21T10:39:25,2000.0,27.7,B
2021-07-21T10:39:25,10100.0,27.7,B
2021-07-21T10:39:19,1900.0,27.65,B
2021-07-21T10:39:18,500.0,27.65,B
2021-07-21T10:39:18,700.0,27.65,B
2021-07-21T10:39:08,700.0,27.65,B
2021-07-21T10:39:05,1200.0,27.65,B
2021-07-21T10:39:03,500.0,27.65,B
2021-07-21T10:39:01,200.0,27.65,B
2021-07-21T10:38:58,600.0,27.65,S
2021-07-21T10:38:52,100.0,27.65,B
2021-07-21T10:38:50,400.0,27.65,S
2021-07-21T10:38:49,100.0,27.65,S
2021-07-21T10:38:43,1000.0,27.65,S
2021-07-21T10:38:43,700.0,27.7,B
2021-07-21T10:38:42,200.0,27.7,B
2021-07-21T10:38:39,500.0,27.65,S
2021-07-21T10:38:35,100.0,27.65,S
2021-07-21T10:38:33,2200.0,27.65,S
2021-07-21T10:38:25,2100.0,27.65,S
2021-07-21T10:38:23,500.0,27.65,S
2021-07-21T10:38:17,1000.0,27.65,B
2021-07-21T10:38:17,500.0,27.65,B
2021-07-21T10:38:17,1000.0,27.65,B
2021-07-21T10:38:17,6200.0,27.65,B
2021-07-21T10:38:17,5300.0,27.65,B
2021-07-21T10:38:17,2600.0,27.65,B
2021-07-21T10:38:17,500.0,27.65,B
2021-07-21T10:38:17,1000.0,27.65,B
2021-07-21T10:38:17,200.0,27.65,B
2021-07-21T10:38:10,8000.0,27.6,S
2021-07-21T10:38:10,2000.0,27.6,S
2021-07-21T10:37:57,500.0,27.6,S
2021-07-21T10:37:33,200.0,27.6,S
2021-07-21T10:37:28,200.0,27.6,S
2021-07-21T10:37:24,1000.0,27.6,S
2021-07-21T10:37:22,1100.0,27.6,S
2021-07-21T10:37:19,1000.0,27.6,S
2021-07-21T10:37:15,300.0,27.6,S
2021-07-21T10:37:15,700.0,27.6,B
2021-07-21T10:37:13,6200.0,27.6,B
2021-07-21T10:37:13,7900.0,27.6,B
2021-07-21T10:37:13,5900.0,27.6,B
2021-07-21T10:37:09,5500.0,27.6,B
2021-07-21T10:37:08,700.0,27.6,B
2021-07-21T10:36:59,300.0,27.6,B
2021-07-21T10:36:59,200.0,27.6,B
2021-07-21T10:36:58,200.0,27.6,B
2021-07-21T10:36:53,500.0,27.6,B
2021-07-21T10:36:49,700.0,27.6,B
2021-07-21T10:36:49,1000.0,27.6,B
2021-07-21T10:36:46,1000.0,27.6,B
2021-07-21T10:36:44,8000.0,27.6,B
2021-07-21T10:36:43,2000.0,27.6,B
2021-07-21T10:36:42,700.0,27.6,B
2021-07-21T10:36:33,200.0,27.6,B
2021-07-21T10:36:33,700.0,27.6,B
2021-07-21T10:36:23,5000.0,27.6,B
2021-07-21T10:36:18,2100.0,27.55,S
2021-07-21T10:36:16,2500.0,27.6,B
2021-07-21T10:36:03,2000.0,27.55,S
2021-07-21T10:35:59,500.0,27.6,B
2021-07-21T10:35:58,700.0,27.6,B
2021-07-21T10:35:56,100.0,27.6,B
2021-07-21T10:35:51,100.0,27.55,S
2021-07-21T10:35:36,100.0,27.55,S
2021-07-21T10:35:33,200.0,27.55,S
2021-07-21T10:35:27,100.0,27.55,S
2021-07-21T10:35:24,100.0,27.55,S
2021-07-21T10:35:23,200.0,27.55,S
2021-07-21T10:35:21,1800.0,27.55,S
2021-07-21T10:35:21,500.0,27.55,S
2021-07-21T10:35:16,1100.0,27.55,B
2021-07-21T10:35:16,200.0,27.55,B
2021-07-21T10:35:16,300.0,27.55,B
2021-07-21T10:35:16,700.0,27.55,B
2021-07-21T10:35:14,700.0,27.55,B
2021-07-21T10:35:12,500.0,27.55,B
2021-07-21T10:35:12,100.0,27.55,B
2021-07-21T10:35:12,1400.0,27.55,B
2021-07-21T10:35:08,5000.0,27.5,S
2021-07-21T10:35:06,700.0,27.55,B
2021-07-21T10:35:02,1700.0,27.55,B
2021-07-21T10:34:48,100.0,27.5,S
2021-07-21T10:34:48,700.0,27.55,B
2021-07-21T10:34:44,1000.0,27.55,B
2021-07-21T10:34:40,700.0,27.55,B
2021-07-21T10:34:34,400.0,27.55,B
2021-07-21T10:34:30,600.0,27.5,S
2021-07-21T10:34:30,700.0,27.5,S
2021-07-21T10:34:29,700.0,27.5,S
2021-07-21T10:34:25,200.0,27.55,B
2021-07-21T10:34:22,700.0,27.55,B
2021-07-21T10:34:16,5000.0,27.55,B
2021-07-21T10:34:13,100.0,27.5,S
2021-07-21T10:34:11,2100.0,27.5,S
2021-07-21T10:34:05,700.0,27.55,B
2021-07-21T10:33:56,700.0,27.55,B
2021-07-21T10:33:53,100.0,27.55,B
2021-07-21T10:33:48,2500.0,27.55,B
2021-07-21T10:33:48,700.0,27.55,B
2021-07-21T10:33:46,1000.0,27.55,B
2021-07-21T10:33:42,1000.0,27.55,B
2021-07-21T10:33:38,1300.0,27.55,B
2021-07-21T10:33:38,700.0,27.55,B
2021-07-21T10:33:36,2000.0,27.55,B
2021-07-21T10:33:29,700.0,27.55,B
2021-07-21T10:33:24,1000.0,27.55,B
2021-07-21T10:33:09,7100.0,27.5,B
2021-07-21T10:33:08,500.0,27.5,B
2021-07-21T10:33:06,700.0,27.5,B
2021-07-21T10:33:06,300.0,27.5,B
2021-07-21T10:33:06,400.0,27.5,B
2021-07-21T10:33:06,4200.0,27.5,B
2021-07-21T10:33:06,600.0,27.5,B
2021-07-21T10:33:06,1200.0,27.5,B
2021-07-21T10:33:06,600.0,27.5,B
2021-07-21T10:33:06,100.0,27.5,B
2021-07-21T10:33:06,11900.0,27.5,B
2021-07-21T10:33:03,700.0,27.5,B
2021-07-21T10:33:02,2900.0,27.5,B
2021-07-21T10:33:02,1000.0,27.5,B
2021-07-21T10:33:02,10200.0,27.5,B
2021-07-21T10:33:02,3600.0,27.5,B
2021-07-21T10:33:02,2700.0,27.5,B
2021-07-21T10:33:02,6100.0,27.5,B
2021-07-21T10:33:02,500.0,27.5,B
2021-07-21T10:33:02,1300.0,27.5,B
2021-07-21T10:33:02,7700.0,27.5,B
2021-07-21T10:33:02,100.0,27.5,B
2021-07-21T10:33:02,13900.0,27.5,B
2021-07-21T10:32:59,8000.0,27.5,B
2021-07-21T10:32:59,1500.0,27.5,B
2021-07-21T10:32:56,2000.0,27.5,B
2021-07-21T10:32:38,500.0,27.45,B
2021-07-21T10:32:38,500.0,27.45,B
2021-07-21T10:32:38,700.0,27.45,B
2021-07-21T10:32:33,200.0,27.45,B
2021-07-21T10:32:28,700.0,27.45,B
2021-07-21T10:32:25,200.0,27.45,B
2021-07-21T10:32:16,2000.0,27.4,B
2021-07-21T10:32:16,400.0,27.4,B
2021-07-21T10:32:16,200.0,27.4,B
2021-07-21T10:32:16,100.0,27.4,B
2021-07-21T10:32:16,1200.0,27.4,B
2021-07-21T10:32:16,2700.0,27.4,B
2021-07-21T10:32:11,500.0,27.4,B
2021-07-21T10:32:11,1500.0,27.4,B
2021-07-21T10:32:09,100.0,27.35,S
2021-07-21T10:32:03,400.0,27.35,B
2021-07-21T10:32:02,700.0,27.35,B
2021-07-21T10:31:59,1100.0,27.35,S
2021-07-21T10:31:56,100.0,27.35,S
2021-07-21T10:31:53,500.0,27.3,S
2021-07-21T10:31:49,100.0,27.35,B
2021-07-21T10:31:49,1200.0,27.35,B
2021-07-21T10:31:49,1000.0,27.35,B
2021-07-21T10:31:46,700.0,27.35,B
2021-07-21T10:31:43,200.0,27.35,B
2021-07-21T10:31:35,600.0,27.3,S
2021-07-21T10:31:33,100.0,27.3,S
2021-07-21T10:31:30,3000.0,27.3,S
2021-07-21T10:31:21,1100.0,27.3,B
2021-07-21T10:31:21,300.0,27.3,B
2021-07-21T10:31:21,1200.0,27.3,B
2021-07-21T10:31:18,700.0,27.3,B
2021-07-21T10:31:17,1800.0,27.3,B
2021-07-21T10:31:17,300.0,27.3,B
2021-07-21T10:31:17,2900.0,27.3,B
2021-07-21T10:31:11,400.0,27.3,B
2021-07-21T10:31:11,2600.0,27.3,B
2021-07-21T10:31:11,1100.0,27.3,B
2021-07-21T10:31:11,2900.0,27.3,B
2021-07-21T10:30:59,100.0,27.25,S
2021-07-21T10:30:46,100.0,27.25,S
2021-07-21T10:30:46,100.0,27.25,S
2021-07-21T10:30:24,5000.0,27.25,S
2021-07-21T10:30:22,200.0,27.3,B
2021-07-21T10:30:21,3000.0,27.25,B
2021-07-21T10:30:16,200.0,27.2,S
2021-07-21T10:29:56,2100.0,27.2,S
2021-07-21T10:29:47,1100.0,27.2,S
2021-07-21T10:29:32,500.0,27.25,B
2021-07-21T10:29:30,500.0,27.25,B
2021-07-21T10:29:26,1400.0,27.25,B
2021-07-21T10:29:26,400.0,27.25,B
2021-07-21T10:29:26,1200.0,27.25,B
2021-07-21T10:29:03,300.0,27.25,B
2021-07-21T10:28:56,100.0,27.2,S
2021-07-21T10:28:43,200.0,27.2,B
2021-07-21T10:28:38,500.0,27.2,B
2021-07-21T10:28:15,2000.0,27.2,B
2021-07-21T10:28:12,200.0,27.2,B
2021-07-21T10:27:55,100.0,27.2,B
2021-07-21T10:27:55,100.0,27.2,B
2021-07-21T10:27:55,1800.0,27.2,B
2021-07-21T10:27:50,1300.0,27.15,S
2021-07-21T10:27:50,800.0,27.15,S
2021-07-21T10:27:50,300.0,27.2,B
2021-07-21T10:27:50,300.0,27.2,B
2021-07-21T10:27:50,100.0,27.2,B
2021-07-21T10:27:50,1700.0,27.2,B
2021-07-21T10:27:50,5300.0,27.2,B
2021-07-21T10:27:50,200.0,27.2,B
2021-07-21T10:27:50,1000.0,27.2,B
2021-07-21T10:27:50,100.0,27.2,B
2021-07-21T10:27:50,1400.0,27.2,B
2021-07-21T10:27:50,500.0,27.2,B
2021-07-21T10:27:50,2100.0,27.2,B
2021-07-21T10:27:50,100.0,27.2,B
2021-07-21T10:27:50,100.0,27.2,B
2021-07-21T10:27:50,500.0,27.2,B
2021-07-21T10:27:50,600.0,27.2,B
2021-07-21T10:27:50,700.0,27.2,B
2021-07-21T10:27:23,400.0,27.2,B
2021-07-21T10:27:09,700.0,27.2,B
2021-07-21T10:27:06,5000.0,27.2,B
2021-07-21T10:27:06,400.0,27.2,B
2021-07-21T10:27:04,500.0,27.2,B
2021-07-21T10:26:44,4500.0,27.2,B
2021-07-21T10:26:37,1000.0,27.2,B
2021-07-21T10:26:36,300.0,27.2,B
2021-07-21T10:26:36,200.0,27.2,B
2021-07-21T10:26:34,100.0,27.2,B
2021-07-21T10:26:10,200.0,27.2,B
2021-07-21T10:26:08,1000.0,27.15,S
2021-07-21T10:26:04,100.0,27.2,B
2021-07-21T10:25:51,5000.0,27.15,S
2021-07-21T10:25:47,2100.0,27.15,S
2021-07-21T10:25:33,100.0,27.15,S
2021-07-21T10:25:33,200.0,27.2,B
2021-07-21T10:25:15,100.0,27.15,B
2021-07-21T10:25:15,2100.0,27.15,B
2021-07-21T10:25:15,100.0,27.15,B
2021-07-21T10:25:15,4500.0,27.15,B
2021-07-21T10:25:09,2000.0,27.1,S
2021-07-21T10:25:09,8000.0,27.1,S
2021-07-21T10:24:42,6200.0,27.15,B
2021-07-21T10:24:42,300.0,27.15,B
2021-07-21T10:24:42,13500.0,27.15,B
2021-07-21T10:24:04,200.0,27.15,B
2021-07-21T10:23:44,2100.0,27.1,S
2021-07-21T10:23:25,200.0,27.1,S
2021-07-21T10:23:25,800.0,27.1,S
2021-07-21T10:23:19,100.0,27.1,S
2021-07-21T10:23:15,2500.0,27.1,S
2021-07-21T10:23:15,3100.0,27.1,S
2021-07-21T10:23:15,4400.0,27.1,S
2021-07-21T10:22:13,100.0,27.1,S
2021-07-21T10:21:58,200.0,27.15,B
2021-07-21T10:21:55,10300.0,27.15,B
2021-07-21T10:21:39,2100.0,27.1,S
2021-07-21T10:20:50,1000.0,27.1,S
2021-07-21T10:20:50,1000.0,27.1,S
2021-07-21T10:20:38,9300.0,27.1,S
2021-07-21T10:19:57,200.0,27.1,B
2021-07-21T10:19:53,4200.0,27.1,B
2021-07-21T10:19:34,2100.0,27.05,S
2021-07-21T10:19:30,300.0,27.1,B
2021-07-21T10:19:21,3000.0,27.1,B
2021-07-21T10:18:59,500.0,27.1,B
2021-07-21T10:18:45,5000.0,27.1,B
2021-07-21T10:18:42,1400.0,27.1,B
2021-07-21T10:18:40,1000.0,27.1,S
2021-07-21T10:18:26,200.0,27.1,S
2021-07-21T10:18:18,200.0,27.1,B
2021-07-21T10:18:18,8300.0,27.1,B
2021-07-21T10:17:57,100.0,27.05,S
2021-07-21T10:17:51,200.0,27.1,B
2021-07-21T10:17:38,12000.0,27.1,S
2021-07-21T10:17:33,2000.0,27.1,S
2021-07-21T10:17:33,100.0,27.1,S
2021-07-21T10:17:23,200.0,27.1,S
2021-07-21T10:17:18,100.0,27.1,S
2021-07-21T10:17:10,1500.0,27.1,S
2021-07-21T10:17:08,1000.0,27.1,S
2021-07-21T10:17:05,1000.0,27.1,S
2021-07-21T10:16:59,600.0,27.1,S
2021-07-21T10:16:49,800.0,27.1,S
2021-07-21T10:16:40,100.0,27.1,S
2021-07-21T10:16:04,1000.0,27.1,S
2021-07-21T10:15:57,1100.0,27.1,S
2021-07-21T10:15:57,100.0,27.1,S
2021-07-21T10:15:49,100.0,27.1,S
2021-07-21T10:15:45,200.0,27.15,B
2021-07-21T10:15:45,100.0,27.1,S
2021-07-21T10:15:40,20000.0,27.1,S
2021-07-21T10:15:30,2100.0,27.1,S
2021-07-21T10:15:05,4400.0,27.1,S
2021-07-21T10:14:59,100.0,27.1,S
2021-07-21T10:14:40,2100.0,27.15,B
2021-07-21T10:14:40,1000.0,27.15,B
2021-07-21T10:14:40,200.0,27.15,B
2021-07-21T10:14:40,1000.0,27.15,B
2021-07-21T10:14:40,2000.0,27.15,B
2021-07-21T10:14:40,4200.0,27.15,B
2021-07-21T10:14:40,800.0,27.15,B
2021-07-21T10:13:51,100.0,27.1,S
2021-07-21T10:13:50,1000.0,27.1,S
2021-07-21T10:13:45,200.0,27.15,B
2021-07-21T10:13:28,1600.0,27.1,B
2021-07-21T10:13:25,500.0,27.1,B
2021-07-21T10:13:20,100.0,27.1,S
2021-07-21T10:13:15,4300.0,27.1,S
2021-07-21T10:13:11,4400.0,27.1,S
2021-07-21T10:13:10,100.0,27.1,S
2021-07-21T10:13:10,500.0,27.1,S
2021-07-21T10:13:08,100.0,27.1,S
2021-07-21T10:12:43,100.0,27.1,S
2021-07-21T10:12:33,4400.0,27.1,S
2021-07-21T10:12:28,3000.0,27.15,B
2021-07-21T10:12:24,500.0,27.15,B
2021-07-21T10:12:18,200.0,27.15,B
2021-07-21T10:12:03,10000.0,27.15,B
2021-07-21T10:12:00,700.0,27.15,B
2021-07-21T10:11:58,300.0,27.15,B
2021-07-21T10:11:42,100.0,27.1,S
2021-07-21T10:11:41,10000.0,27.1,S
2021-07-21T10:11:38,200.0,27.15,B
2021-07-21T10:11:35,100.0,27.1,S
2021-07-21T10:11:30,1000.0,27.1,S
2021-07-21T10:11:30,100.0,27.1,S
2021-07-21T10:11:29,1000.0,27.1,S
2021-07-21T10:11:25,100.0,27.1,S
2021-07-21T10:11:25,1000.0,27.1,S
2021-07-21T10:11:24,2000.0,27.1,S
2021-07-21T10:11:07,1000.0,27.1,S
2021-07-21T10:11:02,200.0,27.1,B
2021-07-21T10:11:02,300.0,27.1,B
2021-07-21T10:11:02,1300.0,27.1,B
2021-07-21T10:11:02,700.0,27.1,B
2021-07-21T10:11:02,3000.0,27.1,B
2021-07-21T10:11:02,1100.0,27.1,B
2021-07-21T10:10:59,4400.0,27.05,S
2021-07-21T10:10:25,4400.0,27.05,S
2021-07-21T10:10:22,200.0,27.1,B
2021-07-21T10:10:22,3500.0,27.1,B
2021-07-21T10:10:22,1300.0,27.1,B
2021-07-21T10:09:46,2000.0,27.1,B
2021-07-21T10:09:37,3000.0,27.05,S
2021-07-21T10:09:36,200.0,27.1,B
2021-07-21T10:09:24,100.0,27.1,B
2021-07-21T10:09:19,2100.0,27.05,S
2021-07-21T10:09:18,300.0,27.05,S
2021-07-21T10:09:06,4400.0,27.1,B
2021-07-21T10:09:06,100.0,27.1,B
2021-07-21T10:09:06,100.0,27.1,B
2021-07-21T10:09:06,1400.0,27.1,B
2021-07-21T10:09:06,300.0,27.1,B
2021-07-21T10:09:06,1600.0,27.1,B
2021-07-21T10:09:06,2100.0,27.1,B
2021-07-21T10:09:05,2000.0,27.1,B
2021-07-21T10:08:51,300.0,27.1,B
2021-07-21T10:08:15,1000.0,27.1,B
2021-07-21T10:08:10,2000.0,27.05,S
2021-07-21T10:08:06,1300.0,27.05,S
2021-07-21T10:08:02,5000.0,27.1,B
2021-07-21T10:07:40,10400.0,27.1,B
2021-07-21T10:07:35,200.0,27.05,S
2021-07-21T10:07:33,200.0,27.1,B
2021-07-21T10:07:13,4400.0,27.05,S
2021-07-21T10:07:11,2100.0,27.05,S
2021-07-21T10:06:58,500.0,27.05,S
2021-07-21T10:06:41,2700.0,27.1,B
2021-07-21T10:06:41,300.0,27.1,B
2021-07-21T10:06:41,2200.0,27.1,B
2021-07-21T10:06:38,1100.0,27.1,B
2021-07-21T10:06:38,400.0,27.1,B
2021-07-21T10:06:31,700.0,27.1,B
2021-07-21T10:06:31,600.0,27.1,B
2021-07-21T10:06:31,1700.0,27.1,B
2021-07-21T10:06:14,1000.0,27.1,B
2021-07-21T10:05:59,5000.0,27.1,B
2021-07-21T10:05:57,500.0,27.1,B
2021-07-21T10:05:52,2000.0,27.05,S
2021-07-21T10:05:50,4400.0,27.05,S
2021-07-21T10:05:34,7800.0,27.1,B
2021-07-21T10:05:34,200.0,27.1,B
2021-07-21T10:05:34,2000.0,27.1,B
2021-07-21T10:05:32,500.0,27.05,S
2021-07-21T10:05:25,200.0,27.1,B
2021-07-21T10:05:16,1100.0,27.05,S
2021-07-21T10:05:13,400.0,27.1,B
2021-07-21T10:05:13,5300.0,27.1,B
2021-07-21T10:05:13,2300.0,27.1,B
2021-07-21T10:05:05,100.0,27.05,S
2021-07-21T10:05:05,2000.0,27.05,S
2021-07-21T10:04:58,4400.0,27.05,S
2021-07-21T10:04:56,200.0,27.1,B
2021-07-21T10:04:51,100.0,27.05,S
2021-07-21T10:04:50,1000.0,27.1,B
2021-07-21T10:04:50,3100.0,27.1,B
2021-07-21T10:04:50,900.0,27.1,B
2021-07-21T10:04:42,100.0,27.05,S
2021-07-21T10:04:25,200.0,27.05,S
2021-07-21T10:04:13,4400.0,27.05,S
2021-07-21T10:04:01,2000.0,27.05,B
2021-07-21T10:03:58,3000.0,27.1,B
2021-07-21T10:03:45,4000.0,27.05,B
2021-07-21T10:03:35,2000.0,27.05,S
2021-07-21T10:03:25,4400.0,27.0,S
2021-07-21T10:03:25,100.0,27.05,S
2021-07-21T10:03:22,1000.0,27.05,S
2021-07-21T10:03:16,200.0,27.1,B
2021-07-21T10:03:13,100.0,27.05,S
2021-07-21T10:03:06,1600.0,27.05,S
2021-07-21T10:02:55,2100.0,27.0,S
2021-07-21T10:02:41,100.0,27.0,S
2021-07-21T10:02:28,1100.0,27.05,S
2021-07-21T10:02:26,500.0,27.05,S
2021-07-21T10:02:25,400.0,27.05,S
2021-07-21T10:01:43,1100.0,27.0,S
2021-07-21T10:01:26,300.0,27.05,S
2021-07-21T10:01:20,800.0,27.05,B
2021-07-21T10:01:09,200.0,27.05,B
2021-07-21T10:00:55,1100.0,27.0,S
2021-07-21T10:00:55,1100.0,27.05,B
2021-07-21T10:00:48,1000.0,27.05,S
2021-07-21T10:00:40,100.0,27.1,B
2021-07-21T10:00:40,3600.0,27.1,B
2021-07-21T10:00:40,100.0,27.1,B
2021-07-21T10:00:40,1000.0,27.1,B
2021-07-21T10:00:40,5600.0,27.1,B
2021-07-21T10:00:38,100.0,27.05,S
2021-07-21T10:00:35,700.0,27.1,B
2021-07-21T10:00:35,2000.0,27.05,S
2021-07-21T10:00:28,2000.0,27.05,S
2021-07-21T10:00:19,2000.0,27.05,S
2021-07-21T10:00:12,400.0,27.05,B
2021-07-21T10:00:03,200.0,27.05,B
2021-07-21T10:00:03,200.0,27.05,S
2021-07-21T09:59:51,2900.0,27.05,S
2021-07-21T09:59:51,100.0,27.05,S
2021-07-21T09:59:41,100.0,27.05,S
2021-07-21T09:59:34,500.0,27.05,S
2021-07-21T09:59:17,300.0,27.05,B
2021-07-21T09:59:04,200.0,27.05,B
2021-07-21T09:59:01,100.0,27.0,S
2021-07-21T09:58:57,2000.0,27.05,B
2021-07-21T09:58:45,2000.0,27.0,S
2021-07-21T09:58:33,700.0,27.05,S
2021-07-21T09:58:33,800.0,27.05,S
2021-07-21T09:58:26,2000.0,27.1,B
2021-07-21T09:57:47,900.0,27.1,B
2021-07-21T09:57:38,2000.0,27.1,B
2021-07-21T09:57:28,600.0,27.1,B
2021-07-21T09:57:19,100.0,27.1,B
2021-07-21T09:57:19,10400.0,27.1,B
2021-07-21T09:57:09,500.0,27.1,B
2021-07-21T09:57:08,200.0,27.1,B
2021-07-21T09:57:05,300.0,27.1,B
2021-07-21T09:57:02,200.0,27.1,B
2021-07-21T09:57:02,2900.0,27.1,S
2021-07-21T09:56:55,100.0,27.1,S
2021-07-21T09:56:46,2000.0,27.1,S
2021-07-21T09:56:24,300.0,27.1,B
2021-07-21T09:56:22,300.0,27.1,B
2021-07-21T09:56:18,100.0,27.05,S
2021-07-21T09:56:13,3000.0,27.1,B
2021-07-21T09:56:03,900.0,27.1,B
2021-07-21T09:56:02,500.0,27.1,B
2021-07-21T09:56:00,200.0,27.05,S
2021-07-21T09:55:58,800.0,27.1,B
2021-07-21T09:55:58,200.0,27.1,B
2021-07-21T09:55:38,100.0,27.05,S
2021-07-21T09:55:28,300.0,27.05,B
2021-07-21T09:55:27,200.0,27.05,B
2021-07-21T09:55:10,500.0,27.05,B
2021-07-21T09:55:10,2200.0,27.05,B
2021-07-21T09:55:10,2800.0,27.05,B
2021-07-21T09:55:10,100.0,27.0,S
2021-07-21T09:54:57,200.0,27.05,B
2021-07-21T09:54:49,200.0,27.0,S
2021-07-21T09:54:39,2100.0,27.0,S
2021-07-21T09:54:33,2100.0,27.0,B
2021-07-21T09:54:26,100.0,27.0,B
2021-07-21T09:54:25,500.0,27.0,B
2021-07-21T09:54:17,400.0,27.0,S
2021-07-21T09:54:17,100.0,27.0,S
2021-07-21T09:54:17,4100.0,27.0,S
2021-07-21T09:54:14,100.0,27.0,S
2021-07-21T09:54:13,6000.0,27.0,S
2021-07-21T09:54:11,100.0,27.0,S
2021-07-21T09:54:05,100.0,27.0,S
2021-07-21T09:53:57,300.0,27.0,B
2021-07-21T09:53:57,400.0,27.0,B
2021-07-21T09:53:53,1900.0,27.0,B
2021-07-21T09:53:52,2800.0,27.0,B
2021-07-21T09:53:52,400.0,27.0,B
2021-07-21T09:53:52,2600.0,27.0,B
2021-07-21T09:53:52,400.0,27.0,B
2021-07-21T09:53:52,1100.0,27.0,B
2021-07-21T09:53:52,3500.0,27.0,B
2021-07-21T09:53:52,600.0,27.0,B
2021-07-21T09:53:52,2100.0,27.0,B
2021-07-21T09:53:52,300.0,27.0,B
2021-07-21T09:53:52,6000.0,27.0,B
2021-07-21T09:53:52,200.0,27.0,B
2021-07-21T09:53:48,700.0,27.0,B
2021-07-21T09:53:48,1200.0,27.0,B
2021-07-21T09:53:48,100.0,27.0,B
2021-07-21T09:53:35,400.0,27.0,B
2021-07-21T09:53:35,1200.0,27.0,B
2021-07-21T09:53:35,1000.0,27.0,B
2021-07-21T09:53:35,47400.0,27.0,B
2021-07-21T09:53:34,100.0,26.95,S
2021-07-21T09:53:13,600.0,26.95,B
2021-07-21T09:53:13,900.0,26.95,B
2021-07-21T09:52:46,200.0,26.95,B
2021-07-21T09:52:32,2100.0,26.9,S
2021-07-21T09:52:15,500.0,26.95,B
2021-07-21T09:52:14,100.0,26.95,B
2021-07-21T09:52:07,200.0,26.95,B
2021-07-21T09:52:04,100.0,26.95,B
2021-07-21T09:51:16,200.0,26.9,S
2021-07-21T09:51:12,300.0,26.95,B
2021-07-21T09:51:06,1000.0,26.95,B
2021-07-21T09:51:06,800.0,26.95,B
2021-07-21T09:51:04,500.0,26.95,B
2021-07-21T09:50:57,1000.0,26.95,B
2021-07-21T09:50:45,200.0,26.95,B
2021-07-21T09:50:26,100.0,26.9,S
2021-07-21T09:50:24,6200.0,26.95,B
2021-07-21T09:50:24,2000.0,26.95,B
2021-07-21T09:50:24,200.0,26.95,B
2021-07-21T09:50:24,2600.0,26.95,B
2021-07-21T09:50:20,2200.0,26.9,S
2021-07-21T09:50:19,100.0,26.95,B
2021-07-21T09:49:40,8000.0,26.9,S
2021-07-21T09:49:40,1800.0,26.9,S
2021-07-21T09:49:40,10200.0,26.9,S
2021-07-21T09:49:23,200.0,26.9,S
2021-07-21T09:49:23,300.0,26.9,S
2021-07-21T09:49:19,500.0,26.9,S
2021-07-21T09:48:38,200.0,26.9,S
2021-07-21T09:48:38,200.0,26.95,B
2021-07-21T09:48:35,100.0,26.95,B
2021-07-21T09:48:23,100.0,26.95,B
2021-07-21T09:48:20,1700.0,26.8,S
2021-07-21T09:48:20,2000.0,26.9,S
2021-07-21T09:48:20,1000.0,26.9,S
2021-07-21T09:48:20,300.0,26.9,S
2021-07-21T09:48:20,1000.0,26.9,S
2021-07-21T09:48:20,4000.0,26.9,S
2021-07-21T09:48:17,2100.0,26.9,S
2021-07-21T09:48:06,200.0,26.95,B
2021-07-21T09:48:05,100.0,26.9,S
2021-07-21T09:47:19,4400.0,26.9,S
2021-07-21T09:47:17,100.0,26.9,S
2021-07-21T09:47:05,100.0,26.9,S
2021-07-21T09:46:55,700.0,26.95,B
2021-07-21T09:46:55,700.0,26.95,B
2021-07-21T09:46:55,8900.0,26.95,B
2021-07-21T09:46:55,500.0,26.95,B
2021-07-21T09:46:35,200.0,26.9,S
2021-07-21T09:46:30,4600.0,26.95,B
2021-07-21T09:46:28,100.0,26.9,S
2021-07-21T09:46:06,2200.0,26.9,S
2021-07-21T09:46:02,600.0,26.9,B
2021-07-21T09:46:02,13600.0,26.9,B
2021-07-21T09:46:02,2000.0,26.7,S
2021-07-21T09:46:02,200.0,26.75,S
2021-07-21T09:46:02,2300.0,26.75,S
2021-07-21T09:46:02,18100.0,26.75,S
2021-07-21T09:45:51,1000.0,26.9,B
2021-07-21T09:45:33,400.0,26.9,B
2021-07-21T09:45:02,100.0,26.9,B
2021-07-21T09:44:46,800.0,26.9,B
2021-07-21T09:44:45,1000.0,26.9,B
2021-07-21T09:44:22,200.0,26.9,B
2021-07-21T09:43:56,300.0,26.9,B
2021-07-21T09:43:54,2200.0,26.8,S
2021-07-21T09:43:42,2600.0,26.9,B
2021-07-21T09:43:28,1700.0,26.9,B
2021-07-21T09:43:28,400.0,26.9,B
2021-07-21T09:43:28,100.0,26.9,B
2021-07-21T09:43:28,500.0,26.9,B
2021-07-21T09:43:28,1900.0,26.9,B
2021-07-21T09:43:28,3500.0,26.9,B
2021-07-21T09:43:24,400.0,26.9,B
2021-07-21T09:43:18,100.0,26.8,S
2021-07-21T09:43:16,500.0,26.8,B
2021-07-21T09:43:16,600.0,26.8,B
2021-07-21T09:42:57,2400.0,26.8,S
2021-07-21T09:42:50,5000.0,26.8,S
2021-07-21T09:42:39,200.0,26.9,B
2021-07-21T09:42:39,100.0,26.9,B
2021-07-21T09:42:39,1500.0,26.9,B
2021-07-21T09:42:16,200.0,26.9,B
2021-07-21T09:41:59,700.0,26.8,S
2021-07-21T09:41:59,300.0,26.8,S
2021-07-21T09:41:53,2000.0,26.8,S
2021-07-21T09:41:47,200.0,26.8,S
2021-07-21T09:41:36,100.0,26.8,S
2021-07-21T09:41:28,3000.0,26.8,S
2021-07-21T09:40:55,200.0,26.8,S
2021-07-21T09:40:11,2000.0,26.8,S
2021-07-21T09:40:10,1000.0,26.8,S
2021-07-21T09:40:08,200.0,26.9,B
2021-07-21T09:40:07,100.0,26.8,S
2021-07-21T09:39:41,2200.0,26.75,S
2021-07-21T09:39:30,10000.0,26.75,S
2021-07-21T09:39:26,200.0,26.9,B
2021-07-21T09:39:26,100.0,26.9,B
2021-07-21T09:39:02,3900.0,26.75,S
2021-07-21T09:39:02,500.0,26.75,S
2021-07-21T09:38:56,100.0,26.9,B
2021-07-21T09:38:49,300.0,26.9,B
2021-07-21T09:38:24,1800.0,26.9,B
2021-07-21T09:38:08,200.0,26.9,B
2021-07-21T09:38:05,300.0,26.7,S
2021-07-21T09:37:33,2100.0,26.7,S
2021-07-21T09:37:25,9200.0,26.7,B
2021-07-21T09:37:23,900.0,26.7,B
2021-07-21T09:37:11,100.0,26.7,B
2021-07-21T09:37:10,800.0,26.7,B
2021-07-21T09:37:05,4400.0,26.65,S
2021-07-21T09:37:03,400.0,26.7,B
2021-07-21T09:36:57,100.0,26.7,B
2021-07-21T09:36:54,5000.0,26.7,B
2021-07-21T09:36:42,53500.0,26.7,S
2021-07-21T09:36:33,2000.0,26.7,S
2021-07-21T09:36:33,15400.0,26.7,S
2021-07-21T09:36:33,3000.0,26.7,S
2021-07-21T09:36:33,1800.0,26.7,S
2021-07-21T09:36:33,25800.0,26.75,S
2021-07-21T09:36:33,700.0,26.8,S
2021-07-21T09:36:33,1000.0,26.8,S
2021-07-21T09:36:33,1100.0,26.8,S
2021-07-21T09:36:33,4500.0,26.9,S
2021-07-21T09:36:33,17700.0,26.9,S
2021-07-21T09:36:31,500.0,26.9,S
2021-07-21T09:36:26,4400.0,26.9,S
2021-07-21T09:36:21,500.0,26.95,S
2021-07-21T09:36:20,1200.0,26.95,B
2021-07-21T09:36:15,3300.0,26.9,S
2021-07-21T09:36:13,4400.0,26.9,S
2021-07-21T09:36:12,1000.0,26.9,S
2021-07-21T09:36:11,3800.0,26.95,S
2021-07-21T09:36:08,500.0,26.95,S
2021-07-21T09:36:08,100.0,26.95,S
2021-07-21T09:36:07,1100.0,26.95,B
2021-07-21T09:36:04,200.0,26.95,B
2021-07-21T09:35:57,200.0,26.95,B
2021-07-21T09:35:52,10000.0,26.9,S
2021-07-21T09:35:50,1500.0,26.9,S
2021-07-21T09:35:49,5000.0,26.9,S
2021-07-21T09:35:45,1000.0,26.9,S
2021-07-21T09:35:42,5000.0,26.9,S
2021-07-21T09:35:39,6500.0,26.95,B
2021-07-21T09:35:39,4000.0,26.95,B
2021-07-21T09:35:38,1000.0,26.9,S
2021-07-21T09:35:36,20000.0,26.9,S
2021-07-21T09:35:33,32000.0,26.9,S
2021-07-21T09:35:28,2100.0,26.9,S
2021-07-21T09:35:22,33000.0,26.9,S
2021-07-21T09:35:07,200.0,26.9,S
2021-07-21T09:35:05,1000.0,26.95,B
2021-07-21T09:35:01,300.0,26.9,S
2021-07-21T09:34:54,4400.0,26.9,S
2021-07-21T09:34:50,1000.0,26.95,B
2021-07-21T09:34:49,500.0,26.95,B
2021-07-21T09:34:32,15500.0,26.95,S
2021-07-21T09:34:11,800.0,27.0,B
2021-07-21T09:34:11,1000.0,27.0,B
2021-07-21T09:34:11,100.0,27.0,B
2021-07-21T09:34:06,500.0,27.0,B
2021-07-21T09:34:04,100.0,27.0,B
2021-07-21T09:33:59,100.0,27.0,B
2021-07-21T09:33:55,200.0,27.0,S
2021-07-21T09:33:55,1200.0,27.0,S
2021-07-21T09:33:55,1200.0,27.0,S
2021-07-21T09:33:55,3100.0,27.0,S
2021-07-21T09:33:55,200.0,27.0,S
2021-07-21T09:33:55,16800.0,27.0,S
2021-07-21T09:33:54,4400.0,27.0,S
2021-07-21T09:33:52,500.0,27.0,S
2021-07-21T09:33:42,1000.0,27.0,S
2021-07-21T09:33:41,100.0,27.0,S
2021-07-21T09:33:38,200.0,27.0,S
2021-07-21T09:33:28,100.0,27.0,S
2021-07-21T09:33:28,2000.0,27.0,S
2021-07-21T09:33:21,300.0,27.05,B
2021-07-21T09:33:12,2200.0,27.0,S
2021-07-21T09:33:00,1000.0,27.0,S
2021-07-21T09:33:00,3400.0,27.0,S
2021-07-21T09:32:52,500.0,27.05,B
2021-07-21T09:32:40,200.0,27.0,S
2021-07-21T09:32:32,200.0,27.0,S
2021-07-21T09:32:26,4400.0,27.0,S
2021-07-21T09:32:21,300.0,27.0,S
2021-07-21T09:32:20,500.0,27.0,B
2021-07-21T09:32:20,2700.0,27.0,B
2021-07-21T09:32:19,500.0,27.0,B
2021-07-21T09:32:15,200.0,27.0,B
2021-07-21T09:32:14,2000.0,27.0,B
2021-07-21T09:32:13,500.0,27.0,B
2021-07-21T09:32:13,2000.0,27.0,B
2021-07-21T09:32:12,500.0,27.0,B
2021-07-21T09:32:11,2500.0,27.0,B
2021-07-21T09:32:09,500.0,27.0,B
2021-07-21T09:32:07,2200.0,27.0,B
2021-07-21T09:32:07,1300.0,27.0,B
2021-07-21T09:32:07,300.0,27.0,B
2021-07-21T09:32:07,16900.0,27.0,B
2021-07-21T09:32:05,1800.0,27.0,B
2021-07-21T09:32:02,500.0,27.0,B
2021-07-21T09:31:55,500.0,27.0,B
2021-07-21T09:31:49,200.0,27.0,B
2021-07-21T09:31:45,1000.0,27.0,B
2021-07-21T09:31:39,1000.0,27.0,B
2021-07-21T09:31:39,2000.0,27.0,B
2021-07-21T09:31:38,100.0,27.0,B
2021-07-21T09:31:29,1000.0,27.0,B
2021-07-21T09:31:27,500.0,27.0,B
2021-07-21T09:31:24,2100.0,26.95,S
2021-07-21T09:31:20,10000.0,27.0,B
2021-07-21T09:31:18,5000.0,27.0,B
2021-07-21T09:31:17,2000.0,27.0,B
2021-07-21T09:31:15,100.0,27.0,B
2021-07-21T09:31:14,5100.0,27.0,B
2021-07-21T09:31:11,10000.0,27.0,B
2021-07-21T09:31:11,4400.0,26.95,S
2021-07-21T09:31:10,700.0,27.0,B
2021-07-21T09:31:01,2300.0,27.0,B
2021-07-21T09:31:01,2000.0,27.0,B
2021-07-21T09:30:58,2500.0,27.0,B
2021-07-21T09:30:54,300.0,26.95,S
2021-07-21T09:30:50,400.0,26.95,B
2021-07-21T09:30:50,200.0,26.95,B
2021-07-21T09:30:49,600.0,26.95,B
2021-07-21T09:30:47,200.0,26.9,S
2021-07-21T09:30:33,900.0,26.9,B
2021-07-21T09:30:32,900.0,26.9,B
2021-07-21T09:30:30,200.0,26.9,B
2021-07-21T09:30:30,100.0,26.9,B
2021-07-21T09:30:17,1000.0,26.9,B
2021-07-21T09:30:07,400.0,26.9,B
2021-07-21T09:29:58,200.0,26.8,B
2021-07-21T09:29:55,300.0,26.8,B
2021-07-21T09:29:44,200.0,26.9,B
2021-07-21T09:29:35,1800.0,26.9,B
2021-07-21T09:29:31,1000.0,26.75,S
2021-07-21T09:29:20,2000.0,26.7,S
2021-07-21T09:29:20,100.0,26.8,B
2021-07-21T09:29:15,3500.0,26.7,B
2021-07-21T09:29:15,800.0,26.7,B
2021-07-21T09:29:15,1300.0,26.7,B
2021-07-21T09:29:15,241000.0,26.7,B
2021-07-21T09:29:12,100.0,26.7,B
2021-07-21T09:29:11,100.0,26.7,B
2021-07-21T09:29:09,2200.0,26.65,S
2021-07-21T09:29:07,44000.0,26.7,B
2021-07-21T09:29:05,100.0,26.7,B
2021-07-21T09:29:04,2000.0,26.7,B
2021-07-21T09:29:00,100.0,26.65,S
2021-07-21T09:28:57,100.0,26.65,S
2021-07-21T09:28:57,17300.0,26.7,B
2021-07-21T09:28:57,82700.0,26.7,B
2021-07-21T09:28:37,1000.0,26.7,B
2021-07-21T09:28:29,300.0,26.7,B
2021-07-21T09:28:28,2000.0,26.7,B
2021-07-21T09:28:13,25000.0,26.7,B
2021-07-21T09:27:54,600.0,26.65,S
2021-07-21T09:27:51,400.0,26.65,B
2021-07-21T09:27:51,1400.0,26.65,B
2021-07-21T09:27:43,100.0,26.65,B
2021-07-21T09:27:36,2200.0,26.6,S
2021-07-21T09:27:28,200.0,26.65,B
2021-07-21T09:27:23,100.0,26.65,B
2021-07-21T09:27:17,5000.0,26.65,B
2021-07-21T09:27:14,1800.0,26.6,S
2021-07-21T09:27:08,200.0,26.6,S
2021-07-21T09:27:02,2400.0,26.55,S
2021-07-21T09:27:01,100.0,26.55,S
2021-07-21T09:27:01,2500.0,26.55,S
2021-07-21T09:26:58,1100.0,26.55,S
2021-07-21T09:26:54,100.0,26.6,B
2021-07-21T09:26:49,200.0,26.6,B
2021-07-21T09:26:43,200.0,26.55,S
2021-07-21T09:26:41,1000.0,26.6,B
2021-07-21T09:26:39,500.0,26.55,S
2021-07-21T09:26:34,500.0,26.55,S
2021-07-21T09:26:29,500.0,26.55,S
2021-07-21T09:26:21,500.0,26.55,S
2021-07-21T09:26:09,200.0,26.55,S
2021-07-21T09:26:05,500.0,26.55,S
2021-07-21T09:25:59,500.0,26.55,S
2021-07-21T09:25:59,1000.0,26.55,B
2021-07-21T09:25:59,22000.0,26.55,B
2021-07-21T09:25:54,500.0,26.5,S
2021-07-21T09:25:43,1900.0,26.55,B
2021-07-21T09:25:43,1000.0,26.55,B
2021-07-21T09:25:30,500.0,26.5,S
2021-07-21T09:25:17,200.0,26.5,S
2021-07-21T09:25:14,7200.0,26.55,S
2021-07-21T09:25:14,7700.0,26.55,S
2021-07-21T09:25:14,2000.0,26.55,S
2021-07-21T09:25:13,500.0,26.55,S
2021-07-21T09:25:08,500.0,26.55,S
2021-07-21T09:25:03,500.0,26.55,S
2021-07-21T09:24:57,500.0,26.55,S
2021-07-21T09:24:45,200.0,26.55,S
2021-07-21T09:24:40,500.0,26.55,S
2021-07-21T09:24:35,500.0,26.55,S
2021-07-21T09:24:35,200.0,26.55,S
2021-07-21T09:24:29,500.0,26.55,S
2021-07-21T09:24:23,500.0,26.55,S
2021-07-21T09:24:20,500.0,26.6,S
2021-07-21T09:24:11,200.0,26.6,S
2021-07-21T09:24:08,7000.0,26.6,B
2021-07-21T09:24:08,2000.0,26.6,B
2021-07-21T09:24:08,20300.0,26.6,B
2021-07-21T09:24:05,500.0,26.5,S
2021-07-21T09:24:01,400.0,26.5,S
2021-07-21T09:24:01,100.0,26.55,S
2021-07-21T09:23:57,1500.0,26.6,B
2021-07-21T09:23:54,500.0,26.5,S
2021-07-21T09:23:54,2300.0,26.6,B
2021-07-21T09:23:54,21300.0,26.55,B
2021-07-21T09:23:54,3400.0,26.55,B
2021-07-21T09:23:49,500.0,26.5,S
2021-07-21T09:23:38,1500.0,26.55,B
2021-07-21T09:23:34,200.0,26.5,S
2021-07-21T09:23:30,500.0,26.5,S
2021-07-21T09:23:28,500.0,26.5,S
2021-07-21T09:23:27,100.0,26.55,B
2021-07-21T09:23:18,200.0,26.5,S
2021-07-21T09:23:18,500.0,26.5,S
2021-07-21T09:23:15,300.0,26.5,S
2021-07-21T09:23:06,500.0,26.5,S
2021-07-21T09:23:04,2200.0,26.5,S
2021-07-21T09:22:34,200.0,26.5,S
2021-07-21T09:22:32,5000.0,26.5,S
2021-07-21T09:22:30,600.0,26.5,B
2021-07-21T09:22:30,1800.0,26.5,B
2021-07-21T09:22:26,100.0,26.5,B
2021-07-21T09:22:10,1000.0,26.5,B
2021-07-21T09:22:06,100.0,26.5,S
2021-07-21T09:22:03,200.0,26.5,B
2021-07-21T09:21:59,800.0,26.5,S
2021-07-21T09:21:46,600.0,26.5,S
2021-07-21T09:21:46,1400.0,26.5,S
2021-07-21T09:21:36,1000.0,26.5,S
2021-07-21T09:21:16,10400.0,26.0,S
2021-07-21T09:21:16,1100.0,26.0,S
2021-07-21T09:21:16,1500.0,26.0,S
2021-07-21T09:21:16,2000.0,26.0,S
2021-07-21T09:21:16,2100.0,26.0,S
2021-07-21T09:21:16,6000.0,26.0,S
2021-07-21T09:21:16,4800.0,26.0,S
2021-07-21T09:21:16,100.0,26.0,S
2021-07-21T09:21:16,700.0,26.05,S
2021-07-21T09:21:16,26700.0,26.05,S
2021-07-21T09:21:15,2100.0,26.25,S
2021-07-21T09:21:15,1500.0,26.3,S
2021-07-21T09:21:15,100.0,26.3,S
2021-07-21T09:21:15,6200.0,26.3,S
2021-07-21T09:21:15,1100.0,26.3,S
2021-07-21T09:21:15,300.0,26.35,S
2021-07-21T09:21:15,3100.0,26.4,S
2021-07-21T09:21:15,800.0,26.4,S
2021-07-21T09:21:15,900.0,26.4,S
2021-07-21T09:21:15,200.0,26.4,S
2021-07-21T09:21:15,5100.0,26.4,S
2021-07-21T09:21:15,200.0,26.45,S
2021-07-21T09:21:15,13000.0,26.45,S
2021-07-21T09:21:13,200.0,26.55,S
2021-07-21T09:21:10,10000.0,26.55,S
2021-07-21T09:21:04,500.0,26.55,S
2021-07-21T09:21:00,300.0,26.55,S
2021-07-21T09:20:59,500.0,26.6,B
2021-07-21T09:20:58,2100.0,26.55,S
2021-07-21T09:20:54,200.0,26.55,S
2021-07-21T09:20:54,1500.0,26.55,S
2021-07-21T09:20:41,1500.0,26.55,S
2021-07-21T09:20:41,100.0,26.55,S
2021-07-21T09:20:39,1500.0,26.55,S
2021-07-21T09:20:29,1500.0,26.55,S
2021-07-21T09:20:27,1500.0,26.55,S
2021-07-21T09:20:21,10700.0,26.55,B
2021-07-21T09:20:21,900.0,26.55,B
2021-07-21T09:20:21,300.0,26.55,B
2021-07-21T09:20:11,100.0,26.5,S
2021-07-21T09:20:07,1000.0,26.5,S
2021-07-21T09:20:03,300.0,26.5,S
2021-07-21T09:20:03,1600.0,26.5,B
2021-07-21T09:19:59,100.0,26.45,S
2021-07-21T09:19:54,100.0,26.5,S
2021-07-21T09:19:54,3300.0,26.5,S
2021-07-21T09:19:53,300.0,26.5,S
2021-07-21T09:19:49,100.0,26.5,S
2021-07-21T09:19:23,700.0,26.5,S
2021-07-21T09:19:21,1000.0,26.5,S
2021-07-21T09:19:21,500.0,26.5,S
2021-07-21T09:19:18,1000.0,26.5,S
2021-07-21T09:19:16,400.0,26.5,S
2021-07-21T09:19:11,500.0,26.5,S
2021-07-21T09:19:11,2000.0,26.5,S
2021-07-21T09:19:02,500.0,26.55,B
2021-07-21T09:19:00,1500.0,26.5,S
2021-07-21T09:18:51,2100.0,26.5,S
2021-07-21T09:18:41,200.0,26.55,S
2021-07-21T09:18:36,1500.0,26.55,S
2021-07-21T09:18:35,1900.0,26.55,S
2021-07-21T09:18:35,28100.0,26.55,S
2021-07-21T09:18:14,1500.0,26.55,S
2021-07-21T09:18:13,200.0,26.55,S
2021-07-21T09:18:00,1000.0,26.55,S
2021-07-21T09:17:42,1500.0,26.55,S
2021-07-21T09:17:32,1000.0,26.6,B
2021-07-21T09:17:32,500.0,26.6,B
2021-07-21T09:17:08,1500.0,26.6,B
2021-07-21T09:17:04,2000.0,26.55,S
2021-07-21T09:17:03,2100.0,26.55,S
2021-07-21T09:16:59,1500.0,26.55,S
2021-07-21T09:16:56,1100.0,26.55,S
2021-07-21T09:16:49,1500.0,26.55,S
2021-07-21T09:16:46,1000.0,26.6,B
2021-07-21T09:16:42,1000.0,26.55,S
2021-07-21T09:16:38,500.0,26.55,S
2021-07-21T09:16:33,2500.0,26.55,S
2021-07-21T09:16:25,1000.0,26.55,S
2021-07-21T09:16:25,1500.0,26.55,S
2021-07-21T09:16:23,4000.0,26.55,S
2021-07-21T09:16:18,1100.0,26.55,S
2021-07-21T09:16:16,1000.0,26.55,S
2021-07-21T09:16:15,1500.0,26.55,S
2021-07-21T09:16:12,2200.0,26.55,S
2021-07-21T09:16:10,2000.0,26.55,S
2021-07-21T09:16:08,1500.0,26.55,S
2021-07-21T09:15:52,100.0,26.55,S
2021-07-21T09:15:52,100.0,26.6,B
2021-07-21T09:15:45,2000.0,26.6,B
2021-07-21T09:15:43,300.0,26.55,S
2021-07-21T09:15:42,300.0,26.6,B
2021-07-21T09:15:18,100.0,26.6,B
2021-07-21T09:15:16,500.0,26.6,B
2021-07-21T09:15:15,1000.0,26.6,B
2021-07-21T09:15:08,200.0,26.6,B
