tradingTime,volume,price,side
2021-06-07T14:28:14,500.0,14.05,B
2021-06-07T14:24:55,2000.0,14.0,S
2021-06-07T14:17:22,900.0,14.0,S
2021-06-07T14:17:20,600.0,14.0,S
2021-06-07T13:54:28,2300.0,14.05,B
2021-06-07T13:54:18,200.0,14.0,S
2021-06-07T13:54:07,400.0,14.0,S
2021-06-07T13:53:42,100.0,14.0,S
2021-06-07T13:53:39,1000.0,14.0,S
2021-06-07T13:53:38,2000.0,14.05,B
2021-06-07T13:53:36,7100.0,14.0,S
2021-06-07T13:53:36,2900.0,14.0,S
2021-06-07T13:53:25,100.0,14.0,S
2021-06-07T13:53:11,10000.0,14.0,S
2021-06-07T13:53:10,1600.0,14.0,S
2021-06-07T13:53:06,1000.0,14.05,B
2021-06-07T13:53:05,2000.0,14.0,S
2021-06-07T13:52:59,500.0,14.0,S
2021-06-07T13:52:54,400.0,14.05,B
2021-06-07T13:52:42,200.0,14.05,B
2021-06-07T13:52:38,1000.0,14.05,B
2021-06-07T13:52:23,4000.0,14.0,S
2021-06-07T13:52:17,3000.0,14.0,S
2021-06-07T13:51:52,1000.0,14.05,B
2021-06-07T13:51:51,200.0,14.0,B
2021-06-07T13:51:36,600.0,14.1,B
2021-06-07T13:51:36,4400.0,14.05,B
2021-06-07T13:51:24,29400.0,13.95,S
2021-06-07T13:51:24,4800.0,13.95,S
2021-06-07T13:51:24,600.0,13.95,S
2021-06-07T13:51:24,1100.0,13.95,S
2021-06-07T13:51:24,2500.0,13.95,S
2021-06-07T13:51:23,300.0,13.95,S
2021-06-07T13:51:23,6300.0,13.95,S
2021-06-07T13:51:23,3500.0,13.95,S
2021-06-07T13:51:23,1000.0,13.95,S
2021-06-07T13:51:23,300.0,13.95,S
2021-06-07T13:51:23,1800.0,13.95,S
2021-06-07T13:51:23,100.0,13.95,S
2021-06-07T13:51:23,1500.0,13.95,S
2021-06-07T13:51:23,6300.0,13.95,S
2021-06-07T13:51:23,3200.0,13.95,S
2021-06-07T13:51:23,1900.0,14.0,B
2021-06-07T13:51:23,10000.0,14.0,B
2021-06-07T13:51:23,3600.0,14.0,B
2021-06-07T13:51:22,300.0,14.0,B
2021-06-07T13:51:22,3200.0,14.0,B
2021-06-07T13:51:22,5100.0,14.0,B
2021-06-07T13:51:22,1900.0,14.0,B
2021-06-07T13:51:22,14300.0,14.0,B
2021-06-07T13:51:16,100.0,14.05,B
2021-06-07T13:51:03,200.0,14.0,B
2021-06-07T13:50:29,100.0,14.0,B
2021-06-07T13:50:16,1500.0,14.0,B
2021-06-07T13:50:05,4000.0,14.0,B
2021-06-07T13:49:58,100.0,14.05,B
2021-06-07T13:49:50,100.0,14.05,B
2021-06-07T13:49:44,1500.0,14.0,B
2021-06-07T13:49:43,5000.0,14.0,B
2021-06-07T13:49:40,200.0,14.0,B
2021-06-07T13:49:30,500.0,14.0,B
2021-06-07T13:49:22,100.0,14.0,B
2021-06-07T13:49:22,5500.0,14.0,B
2021-06-07T13:49:20,2000.0,14.0,B
2021-06-07T13:49:15,200.0,14.0,B
2021-06-07T13:48:49,5000.0,14.0,B
2021-06-07T13:48:39,100.0,14.0,B
2021-06-07T13:48:34,900.0,14.0,B
2021-06-07T13:48:34,200.0,14.05,B
2021-06-07T13:48:17,500.0,14.0,B
2021-06-07T13:48:17,1000.0,14.0,B
2021-06-07T13:48:15,1000.0,14.05,B
2021-06-07T13:48:13,1100.0,14.05,B
2021-06-07T13:48:09,1000.0,13.95,S
2021-06-07T13:48:02,47400.0,13.95,S
2021-06-07T13:48:02,8800.0,13.95,S
2021-06-07T13:48:02,100.0,13.95,S
2021-06-07T13:48:02,9500.0,13.95,S
2021-06-07T13:48:02,1100.0,13.95,S
2021-06-07T13:48:02,900.0,13.95,S
2021-06-07T13:48:02,1400.0,13.95,S
2021-06-07T13:48:01,2700.0,13.95,S
2021-06-07T13:48:01,2000.0,13.95,S
2021-06-07T13:48:01,8500.0,13.95,S
2021-06-07T13:48:01,5500.0,13.95,S
2021-06-07T13:48:01,15200.0,13.95,S
2021-06-07T13:48:01,70000.0,13.95,S
2021-06-07T13:48:01,16900.0,13.95,S
2021-06-07T13:47:54,5000.0,13.95,S
2021-06-07T13:47:49,500.0,14.0,B
2021-06-07T13:47:41,200.0,14.1,B
2021-06-07T13:47:35,200.0,14.1,B
2021-06-07T13:47:35,1500.0,14.1,B
2021-06-07T13:47:35,7500.0,14.1,B
2021-06-07T13:47:35,1100.0,14.1,B
2021-06-07T13:47:35,100.0,14.1,B
2021-06-07T13:47:35,39600.0,14.1,B
2021-06-07T13:47:33,1000.0,14.0,B
2021-06-07T13:47:30,200.0,14.0,B
2021-06-07T13:47:23,500.0,14.0,B
2021-06-07T13:47:20,100.0,14.0,B
2021-06-07T13:47:07,100.0,14.0,B
2021-06-07T13:46:56,500.0,14.0,B
2021-06-07T13:46:54,500.0,14.0,B
2021-06-07T13:46:53,1000.0,14.0,B
2021-06-07T13:46:44,300.0,14.0,B
2021-06-07T13:46:43,100.0,14.0,S
2021-06-07T13:46:38,1000.0,14.0,S
2021-06-07T13:46:37,500.0,14.0,S
2021-06-07T13:46:31,200.0,14.0,S
2021-06-07T13:46:28,200.0,14.0,S
2021-06-07T13:46:28,300.0,14.0,S
2021-06-07T13:46:25,500.0,14.0,S
2021-06-07T13:46:22,300.0,14.0,S
2021-06-07T13:46:19,100.0,14.0,S
2021-06-07T13:46:08,300.0,14.0,S
2021-06-07T13:45:59,2000.0,14.0,S
2021-06-07T13:45:55,2000.0,14.0,S
2021-06-07T13:45:54,600.0,14.0,S
2021-06-07T13:45:33,5000.0,14.0,S
2021-06-07T13:45:32,300.0,14.0,S
2021-06-07T13:45:30,4000.0,14.0,S
2021-06-07T13:45:29,500.0,14.0,S
2021-06-07T13:45:24,1000.0,14.0,S
2021-06-07T13:45:20,1100.0,14.0,S
2021-06-07T13:45:19,400.0,14.0,S
2021-06-07T13:45:17,100.0,14.0,S
2021-06-07T13:45:12,500.0,14.0,S
2021-06-07T13:45:12,6000.0,13.95,S
2021-06-07T13:45:11,500.0,14.0,S
2021-06-07T13:45:07,100.0,14.0,S
2021-06-07T13:45:04,500.0,14.0,S
2021-06-07T13:45:01,8600.0,14.0,S
2021-06-07T13:44:52,2400.0,14.05,B
2021-06-07T13:44:50,2000.0,14.0,S
2021-06-07T13:44:44,2000.0,14.0,S
2021-06-07T13:44:43,200.0,14.0,S
2021-06-07T13:44:42,200.0,14.0,S
2021-06-07T13:44:41,1100.0,14.0,S
2021-06-07T13:44:40,1000.0,14.0,S
2021-06-07T13:44:38,200.0,13.95,S
2021-06-07T13:44:38,400.0,14.0,S
2021-06-07T13:44:37,1000.0,14.0,S
2021-06-07T13:44:33,1000.0,14.0,S
2021-06-07T13:44:32,200.0,14.0,S
2021-06-07T13:44:31,200.0,14.0,S
2021-06-07T13:44:31,7200.0,14.0,S
2021-06-07T13:44:31,41300.0,14.0,S
2021-06-07T13:44:27,20000.0,14.0,S
2021-06-07T13:44:17,1700.0,14.05,B
2021-06-07T13:44:08,3500.0,14.05,B
2021-06-07T13:44:05,2000.0,14.05,B
2021-06-07T13:44:04,6300.0,14.0,S
2021-06-07T13:44:04,30500.0,14.0,S
2021-06-07T13:44:04,8500.0,14.0,S
2021-06-07T13:44:04,1100.0,14.0,S
2021-06-07T13:44:04,3100.0,14.0,S
2021-06-07T13:44:04,500.0,14.0,S
2021-06-07T13:44:02,100.0,14.0,S
2021-06-07T13:43:59,1000.0,14.05,B
2021-06-07T13:43:52,1000.0,14.05,B
2021-06-07T13:43:24,100.0,14.0,S
2021-06-07T13:43:18,25600.0,14.05,B
2021-06-07T13:43:07,300.0,14.05,B
2021-06-07T13:43:07,900.0,14.05,B
2021-06-07T13:43:07,200.0,14.05,B
2021-06-07T13:42:49,500.0,14.0,S
2021-06-07T13:42:39,3000.0,14.05,B
2021-06-07T13:42:26,400.0,14.0,S
2021-06-07T13:42:13,500.0,14.0,B
2021-06-07T13:42:05,1000.0,14.0,B
2021-06-07T13:41:46,200.0,14.05,B
2021-06-07T13:41:38,200.0,14.05,B
2021-06-07T13:41:19,1300.0,14.05,B
2021-06-07T13:41:01,1000.0,14.0,B
2021-06-07T13:40:24,3000.0,14.05,B
2021-06-07T13:40:10,700.0,14.0,B
2021-06-07T13:40:08,10000.0,14.05,B
2021-06-07T13:39:56,200.0,14.0,B
2021-06-07T13:39:55,2100.0,14.0,B
2021-06-07T13:39:55,2500.0,14.0,B
2021-06-07T13:39:55,1100.0,14.0,B
2021-06-07T13:39:55,2500.0,14.0,B
2021-06-07T13:39:55,100.0,14.0,B
2021-06-07T13:39:47,500.0,14.0,B
2021-06-07T13:39:47,300.0,14.0,B
2021-06-07T13:39:45,1000.0,14.0,B
2021-06-07T13:39:42,400.0,14.0,B
2021-06-07T13:39:41,3000.0,14.0,B
2021-06-07T13:39:31,6300.0,14.0,B
2021-06-07T13:39:31,200.0,14.0,B
2021-06-07T13:39:31,2500.0,14.0,B
2021-06-07T13:39:30,600.0,13.95,S
2021-06-07T13:39:29,200.0,13.95,S
2021-06-07T13:39:29,100.0,13.95,S
2021-06-07T13:39:27,700.0,14.0,B
2021-06-07T13:39:25,1800.0,14.0,B
2021-06-07T13:39:22,2500.0,14.0,B
2021-06-07T13:39:19,100.0,14.0,B
2021-06-07T13:39:18,400.0,14.0,B
2021-06-07T13:39:18,600.0,14.0,B
2021-06-07T13:39:16,100.0,14.0,B
2021-06-07T13:39:06,100.0,14.0,B
2021-06-07T13:38:56,200.0,14.0,B
2021-06-07T13:38:56,9800.0,14.0,B
2021-06-07T13:38:54,1200.0,13.95,S
2021-06-07T13:38:50,100.0,14.0,B
2021-06-07T13:38:49,900.0,13.95,S
2021-06-07T13:38:41,300.0,14.0,B
2021-06-07T13:38:39,100.0,14.0,B
2021-06-07T13:38:34,500.0,14.0,B
2021-06-07T13:38:25,300.0,14.0,B
2021-06-07T13:38:25,200.0,14.0,B
2021-06-07T13:38:25,200.0,14.0,B
2021-06-07T13:38:17,900.0,14.0,B
2021-06-07T13:38:17,1000.0,14.0,B
2021-06-07T13:38:17,3800.0,14.0,B
2021-06-07T13:38:17,600.0,14.0,B
2021-06-07T13:38:16,1200.0,14.0,B
2021-06-07T13:38:16,3700.0,14.0,B
2021-06-07T13:38:16,2000.0,14.0,B
2021-06-07T13:38:16,400.0,14.0,B
2021-06-07T13:38:16,36400.0,14.0,B
2021-06-07T13:38:15,100.0,14.0,B
2021-06-07T13:38:14,500.0,14.0,B
2021-06-07T13:38:10,2000.0,13.95,S
2021-06-07T13:38:08,100.0,13.95,B
2021-06-07T13:38:02,4600.0,14.0,B
2021-06-07T13:37:43,1000.0,14.0,B
2021-06-07T13:37:29,1000.0,14.0,B
2021-06-07T13:37:29,18200.0,13.95,B
2021-06-07T13:37:29,300.0,13.95,B
2021-06-07T13:37:29,3300.0,13.95,B
2021-06-07T13:37:29,7000.0,13.95,B
2021-06-07T13:37:29,71200.0,13.95,B
2021-06-07T13:37:05,200.0,14.0,B
2021-06-07T13:37:00,5000.0,14.0,B
2021-06-07T13:36:37,100.0,13.95,B
2021-06-07T13:36:35,1000.0,13.95,B
2021-06-07T13:36:34,1000.0,14.0,B
2021-06-07T13:36:26,6200.0,14.0,B
2021-06-07T13:36:26,100.0,14.0,B
2021-06-07T13:36:26,500.0,14.0,B
2021-06-07T13:36:25,16300.0,14.0,B
2021-06-07T13:36:25,3000.0,14.0,B
2021-06-07T13:36:25,1200.0,14.0,B
2021-06-07T13:36:25,1100.0,14.0,B
2021-06-07T13:36:25,2600.0,14.0,B
2021-06-07T13:36:25,2200.0,14.0,B
2021-06-07T13:36:25,5200.0,14.0,B
2021-06-07T13:36:25,5000.0,14.0,B
2021-06-07T13:36:25,3400.0,14.0,B
2021-06-07T13:36:25,1000.0,14.0,B
2021-06-07T13:36:25,2200.0,14.0,B
2021-06-07T13:36:11,3000.0,14.0,B
2021-06-07T13:36:07,600.0,14.0,B
2021-06-07T13:35:43,3100.0,14.0,B
2021-06-07T13:35:43,16900.0,14.0,B
2021-06-07T13:35:37,100.0,13.95,B
2021-06-07T13:35:27,3100.0,14.0,B
2021-06-07T13:35:27,2700.0,14.0,B
2021-06-07T13:35:27,1800.0,14.0,B
2021-06-07T13:35:27,1000.0,14.0,B
2021-06-07T13:35:26,21400.0,14.0,B
2021-06-07T13:35:23,1000.0,14.0,B
2021-06-07T13:35:08,1000.0,13.95,B
2021-06-07T13:35:08,5000.0,14.0,B
2021-06-07T13:35:06,1500.0,14.0,B
2021-06-07T13:35:00,200.0,14.0,B
2021-06-07T13:34:59,10000.0,14.0,B
2021-06-07T13:34:57,16000.0,14.0,B
2021-06-07T13:34:57,700.0,14.0,B
2021-06-07T13:34:57,13300.0,14.0,B
2021-06-07T13:34:09,300.0,13.95,B
2021-06-07T13:34:03,500.0,14.0,B
2021-06-07T13:34:03,2500.0,14.0,B
2021-06-07T13:33:59,20000.0,14.0,B
2021-06-07T13:33:51,100.0,14.0,B
2021-06-07T13:33:47,1000.0,14.0,B
2021-06-07T13:33:43,13800.0,13.95,B
2021-06-07T13:33:43,500.0,13.95,B
2021-06-07T13:33:42,400.0,13.95,B
2021-06-07T13:33:42,4400.0,13.95,B
2021-06-07T13:33:42,300.0,13.95,B
2021-06-07T13:33:41,24900.0,13.95,B
2021-06-07T13:33:40,5000.0,13.95,B
2021-06-07T13:33:36,400.0,13.95,B
2021-06-07T13:33:32,500.0,13.95,B
2021-06-07T13:33:32,1000.0,13.95,B
2021-06-07T13:33:31,1000.0,13.95,B
2021-06-07T13:33:29,100.0,13.95,B
2021-06-07T13:33:28,200.0,13.95,B
2021-06-07T13:33:23,200.0,13.95,B
2021-06-07T13:33:18,2000.0,13.95,B
2021-06-07T13:33:16,1000.0,13.95,B
2021-06-07T13:33:15,600.0,13.95,B
2021-06-07T13:33:14,1700.0,13.95,B
2021-06-07T13:33:14,900.0,13.95,B
2021-06-07T13:33:14,1700.0,13.95,B
2021-06-07T13:33:13,1000.0,13.95,B
2021-06-07T13:33:13,4700.0,13.95,B
2021-06-07T13:33:10,5000.0,13.95,B
2021-06-07T13:33:08,5000.0,13.95,B
2021-06-07T13:33:07,3000.0,13.95,B
2021-06-07T13:33:04,100.0,13.95,B
2021-06-07T13:33:03,1300.0,13.95,B
2021-06-07T13:33:03,1700.0,13.95,B
2021-06-07T13:33:02,7000.0,13.95,B
2021-06-07T13:33:01,1000.0,13.95,B
2021-06-07T13:32:56,2000.0,13.95,B
2021-06-07T13:32:55,200.0,13.95,B
2021-06-07T13:32:54,200.0,13.95,B
2021-06-07T13:32:54,100.0,13.95,B
2021-06-07T13:32:52,200.0,13.95,B
2021-06-07T13:32:47,1500.0,13.95,B
2021-06-07T13:32:43,10000.0,13.95,B
2021-06-07T13:32:41,200.0,13.95,B
2021-06-07T13:32:39,3600.0,13.95,B
2021-06-07T13:32:35,2000.0,13.95,B
2021-06-07T13:32:28,4600.0,13.95,B
2021-06-07T13:32:28,100.0,13.95,B
2021-06-07T13:32:28,300.0,13.95,B
2021-06-07T13:32:19,2000.0,13.95,B
2021-06-07T13:32:19,500.0,13.95,B
2021-06-07T13:32:18,2000.0,13.95,B
2021-06-07T13:32:18,5000.0,13.95,B
2021-06-07T13:32:14,10000.0,13.95,B
2021-06-07T13:32:13,500.0,13.95,B
2021-06-07T13:32:11,1000.0,13.95,B
2021-06-07T13:31:58,600.0,13.95,B
2021-06-07T13:31:52,1000.0,13.95,B
2021-06-07T13:31:51,100.0,13.95,B
2021-06-07T13:31:51,1000.0,13.95,B
2021-06-07T13:31:47,200.0,13.95,B
2021-06-07T13:31:34,2000.0,13.95,B
2021-06-07T13:31:33,300.0,13.95,B
2021-06-07T13:31:29,1000.0,13.95,B
2021-06-07T13:31:29,300.0,13.95,B
2021-06-07T13:31:26,1000.0,13.95,B
2021-06-07T13:31:25,300.0,13.95,B
2021-06-07T13:31:24,1000.0,13.95,B
2021-06-07T13:31:19,300.0,13.95,B
2021-06-07T13:31:18,300.0,13.95,B
2021-06-07T13:31:18,10000.0,13.95,B
2021-06-07T13:31:18,4000.0,13.95,B
2021-06-07T13:31:09,6000.0,13.95,B
2021-06-07T13:31:06,2000.0,13.95,B
2021-06-07T13:31:04,300.0,13.95,B
2021-06-07T13:31:01,1000.0,13.95,B
2021-06-07T13:31:00,14400.0,13.95,B
2021-06-07T13:31:00,5800.0,13.95,B
2021-06-07T13:31:00,2000.0,13.95,B
2021-06-07T13:31:00,15000.0,13.95,B
2021-06-07T13:31:00,5400.0,13.95,B
2021-06-07T13:31:00,500.0,13.95,B
2021-06-07T13:31:00,800.0,13.95,B
2021-06-07T13:31:00,11600.0,13.95,B
2021-06-07T13:31:00,11500.0,13.95,B
2021-06-07T13:31:00,4000.0,13.95,B
2021-06-07T13:31:00,1700.0,13.95,B
2021-06-07T13:31:00,400.0,13.95,B
2021-06-07T13:31:00,800.0,13.95,B
2021-06-07T13:30:59,5600.0,13.95,B
2021-06-07T13:30:59,10200.0,13.95,B
2021-06-07T13:30:59,6800.0,13.95,B
2021-06-07T13:30:59,6500.0,13.95,B
2021-06-07T13:30:59,10600.0,13.95,B
2021-06-07T13:30:59,800.0,13.95,B
2021-06-07T13:30:59,22400.0,13.95,B
2021-06-07T13:30:59,6200.0,13.95,B
2021-06-07T13:30:59,7000.0,13.95,B
2021-06-07T13:30:57,1000.0,13.95,B
2021-06-07T13:30:56,500.0,13.95,B
2021-06-07T13:30:54,1000.0,13.95,B
2021-06-07T13:30:54,2000.0,13.95,B
2021-06-07T13:30:53,1000.0,13.95,B
2021-06-07T13:30:53,500.0,13.95,B
2021-06-07T13:30:52,10000.0,13.95,B
2021-06-07T13:30:36,2000.0,13.95,B
2021-06-07T13:30:35,1000.0,13.95,B
2021-06-07T13:30:27,1300.0,13.95,B
2021-06-07T13:30:27,800.0,13.95,B
2021-06-07T13:30:27,200.0,13.95,B
2021-06-07T13:30:26,100.0,13.95,B
2021-06-07T13:30:23,2000.0,13.95,B
2021-06-07T13:30:13,3000.0,13.95,B
2021-06-07T13:30:12,100.0,13.95,B
2021-06-07T13:30:09,200.0,13.95,B
2021-06-07T13:30:04,400.0,13.95,B
2021-06-07T13:30:01,100.0,13.95,B
2021-06-07T13:30:00,400.0,13.95,B
2021-06-07T13:30:00,1000.0,13.95,B
2021-06-07T13:29:54,200.0,13.95,B
2021-06-07T13:29:52,100.0,13.95,B
2021-06-07T13:29:49,2000.0,13.95,B
2021-06-07T13:29:49,400.0,13.95,B
2021-06-07T13:29:49,100.0,13.95,B
2021-06-07T13:29:42,1400.0,13.95,B
2021-06-07T13:29:42,4200.0,13.95,B
2021-06-07T13:29:28,100.0,13.95,B
2021-06-07T13:29:25,200.0,13.95,B
2021-06-07T13:29:24,1800.0,13.95,B
2021-06-07T13:29:24,100.0,13.95,B
2021-06-07T13:29:11,10000.0,13.95,B
2021-06-07T13:29:05,1000.0,13.95,B
2021-06-07T13:28:58,900.0,13.95,B
2021-06-07T13:28:58,200.0,13.95,B
2021-06-07T13:28:50,2000.0,13.95,B
2021-06-07T13:28:47,100.0,13.95,B
2021-06-07T13:28:24,500.0,13.95,B
2021-06-07T13:28:14,3000.0,13.95,B
2021-06-07T13:28:13,600.0,13.95,B
2021-06-07T13:28:13,100.0,13.95,B
2021-06-07T13:28:13,100.0,13.95,B
2021-06-07T13:28:13,500.0,13.95,B
2021-06-07T13:28:10,2000.0,13.95,B
2021-06-07T13:28:08,1000.0,13.95,B
2021-06-07T13:28:08,10000.0,13.95,B
2021-06-07T13:28:05,600.0,13.95,B
2021-06-07T13:28:03,200.0,13.95,B
2021-06-07T13:28:02,300.0,13.95,B
2021-06-07T13:27:55,2000.0,13.95,B
2021-06-07T13:27:52,200.0,13.95,B
2021-06-07T13:27:52,5000.0,13.95,B
2021-06-07T13:27:40,3000.0,13.95,B
2021-06-07T13:27:29,300.0,13.95,B
2021-06-07T13:27:25,100.0,13.95,B
2021-06-07T13:27:24,2600.0,13.95,B
2021-06-07T13:27:22,200.0,13.95,B
2021-06-07T13:27:21,500.0,13.95,B
2021-06-07T13:27:21,100.0,13.95,B
2021-06-07T13:27:21,1100.0,13.95,B
2021-06-07T13:27:21,8800.0,13.95,B
2021-06-07T13:27:18,500.0,13.95,B
2021-06-07T13:27:17,500.0,13.95,B
2021-06-07T13:27:16,2000.0,13.95,B
2021-06-07T13:27:11,100.0,13.95,B
2021-06-07T13:26:51,3000.0,13.95,B
2021-06-07T13:26:46,2700.0,13.95,B
2021-06-07T13:26:45,2300.0,13.95,B
2021-06-07T13:26:43,1100.0,13.95,B
2021-06-07T13:26:38,10000.0,13.95,B
2021-06-07T13:26:31,500.0,13.95,B
2021-06-07T13:26:29,100.0,13.95,B
2021-06-07T13:26:28,300.0,13.95,B
2021-06-07T13:26:19,300.0,13.95,B
2021-06-07T13:26:17,10000.0,13.95,B
2021-06-07T13:26:12,3000.0,13.95,B
2021-06-07T13:26:11,200.0,13.95,B
2021-06-07T13:26:08,2000.0,13.95,B
2021-06-07T13:26:03,2000.0,13.95,B
2021-06-07T13:25:57,4000.0,13.95,B
2021-06-07T13:25:56,11000.0,13.95,B
2021-06-07T13:25:40,100.0,13.95,B
2021-06-07T13:25:37,500.0,13.95,B
2021-06-07T13:25:36,100.0,13.95,B
2021-06-07T13:25:34,200.0,13.95,B
2021-06-07T13:25:33,10000.0,13.95,B
2021-06-07T13:25:26,600.0,13.95,B
2021-06-07T13:25:25,2000.0,13.95,B
2021-06-07T13:25:24,100.0,13.95,B
2021-06-07T13:25:17,200.0,13.95,B
2021-06-07T13:25:06,100.0,13.95,B
2021-06-07T13:24:20,100.0,13.95,B
2021-06-07T13:24:15,1000.0,13.95,B
2021-06-07T13:24:15,100.0,13.95,B
2021-06-07T13:24:06,1000.0,13.95,B
2021-06-07T13:24:06,10900.0,13.95,B
2021-06-07T13:24:06,800.0,13.95,B
2021-06-07T13:24:06,3300.0,13.95,B
2021-06-07T13:24:04,13400.0,13.95,B
2021-06-07T13:24:04,1600.0,13.95,B
2021-06-07T13:23:49,100.0,13.95,B
2021-06-07T13:23:38,500.0,13.95,B
2021-06-07T13:23:24,500.0,13.95,B
2021-06-07T13:23:23,100.0,13.95,B
2021-06-07T13:23:20,100.0,13.95,B
2021-06-07T13:23:18,2200.0,13.95,B
2021-06-07T13:23:18,2000.0,13.95,B
2021-06-07T13:23:09,3000.0,13.95,B
2021-06-07T13:23:06,200.0,13.95,B
2021-06-07T13:23:03,200.0,13.95,B
2021-06-07T13:23:02,100.0,13.95,B
2021-06-07T13:22:57,100.0,13.95,B
2021-06-07T13:22:40,2000.0,13.95,B
2021-06-07T13:22:40,300.0,13.95,B
2021-06-07T13:22:36,600.0,13.95,B
2021-06-07T13:22:34,200.0,13.95,B
2021-06-07T13:22:31,100.0,13.95,B
2021-06-07T13:22:16,100.0,13.95,B
2021-06-07T13:22:11,800.0,13.95,B
2021-06-07T13:22:10,300.0,13.95,B
2021-06-07T13:21:42,100.0,13.95,B
2021-06-07T13:21:42,200.0,13.95,B
2021-06-07T13:21:25,100.0,13.95,B
2021-06-07T13:20:56,1500.0,13.95,B
2021-06-07T13:20:56,1000.0,13.95,B
2021-06-07T13:20:54,200.0,13.95,B
2021-06-07T13:20:30,1000.0,13.95,B
2021-06-07T13:20:12,200.0,13.95,B
2021-06-07T13:20:08,100.0,13.95,B
2021-06-07T13:20:06,1500.0,13.95,B
2021-06-07T13:20:05,500.0,13.95,B
2021-06-07T13:20:04,100.0,13.95,B
2021-06-07T13:20:01,2000.0,13.95,B
2021-06-07T13:19:55,100.0,13.95,B
2021-06-07T13:19:53,200.0,13.95,B
2021-06-07T13:19:52,500.0,13.95,B
2021-06-07T13:19:24,10000.0,13.95,B
2021-06-07T13:19:19,300.0,13.95,B
2021-06-07T13:19:19,100.0,13.95,B
2021-06-07T13:19:19,600.0,13.95,B
2021-06-07T13:19:08,100.0,13.95,B
2021-06-07T13:19:04,1000.0,13.95,B
2021-06-07T13:18:41,1000.0,13.95,B
2021-06-07T13:18:38,500.0,13.95,B
2021-06-07T13:18:38,500.0,13.95,B
2021-06-07T13:18:36,100.0,13.95,B
2021-06-07T13:18:28,200.0,13.95,B
2021-06-07T13:18:21,3100.0,13.95,B
2021-06-07T13:18:21,1900.0,13.95,B
2021-06-07T13:18:19,100.0,13.95,B
2021-06-07T13:18:17,1000.0,13.95,B
2021-06-07T13:18:07,100.0,13.95,B
2021-06-07T13:18:04,100.0,13.95,B
2021-06-07T13:17:48,100.0,13.95,B
2021-06-07T13:17:46,2000.0,13.95,B
2021-06-07T13:17:32,300.0,13.95,B
2021-06-07T13:17:17,200.0,13.95,B
2021-06-07T13:17:08,2000.0,13.95,B
2021-06-07T13:17:01,100.0,13.95,B
2021-06-07T13:17:00,100.0,13.95,B
2021-06-07T13:16:51,300.0,13.95,B
2021-06-07T13:16:45,500.0,13.95,B
2021-06-07T13:16:39,3000.0,13.95,B
2021-06-07T13:16:39,500.0,13.95,B
2021-06-07T13:16:35,800.0,13.95,B
2021-06-07T13:16:34,100.0,13.95,B
2021-06-07T13:16:13,400.0,13.95,B
2021-06-07T13:16:13,3500.0,13.95,B
2021-06-07T13:16:08,300.0,13.95,B
2021-06-07T13:16:03,3000.0,13.95,B
2021-06-07T13:15:56,200.0,13.95,B
2021-06-07T13:15:55,500.0,13.95,B
2021-06-07T13:15:50,200.0,13.95,B
2021-06-07T13:15:45,3000.0,13.95,B
2021-06-07T13:15:37,2000.0,13.95,B
2021-06-07T13:15:32,500.0,13.95,B
2021-06-07T13:15:32,500.0,13.95,B
2021-06-07T13:15:20,300.0,13.95,B
2021-06-07T13:15:19,1000.0,13.95,B
2021-06-07T13:15:00,1700.0,13.95,B
2021-06-07T13:14:54,100.0,13.95,B
2021-06-07T13:14:43,100.0,13.95,B
2021-06-07T13:14:41,100.0,13.95,B
2021-06-07T13:14:36,1500.0,13.95,B
2021-06-07T13:14:24,2000.0,13.95,B
2021-06-07T13:14:13,200.0,13.95,B
2021-06-07T13:13:24,100.0,13.95,B
2021-06-07T13:13:00,2000.0,13.95,B
2021-06-07T13:12:47,1000.0,13.95,B
2021-06-07T13:12:27,6600.0,13.95,B
2021-06-07T13:12:20,100.0,13.95,B
2021-06-07T13:12:03,3000.0,13.95,B
2021-06-07T13:11:57,4000.0,13.95,B
2021-06-07T13:11:49,1000.0,13.95,B
2021-06-07T13:11:48,1000.0,13.95,B
2021-06-07T13:11:46,1000.0,13.95,B
2021-06-07T13:11:33,1000.0,13.95,B
2021-06-07T13:11:33,200.0,13.95,B
2021-06-07T13:11:31,1000.0,13.95,B
2021-06-07T13:11:20,100.0,13.95,B
2021-06-07T13:11:19,100.0,13.95,B
2021-06-07T13:11:16,200.0,13.95,B
2021-06-07T13:11:11,400.0,13.95,B
2021-06-07T13:11:11,100.0,13.95,B
2021-06-07T13:11:04,200.0,13.95,B
2021-06-07T13:10:57,100.0,13.95,B
2021-06-07T13:10:53,20000.0,13.95,B
2021-06-07T13:10:52,100.0,13.95,B
2021-06-07T13:10:47,100.0,13.95,B
2021-06-07T13:10:46,1000.0,13.95,B
2021-06-07T13:10:43,700.0,13.95,B
2021-06-07T13:09:59,300.0,13.95,B
2021-06-07T13:09:50,2000.0,13.95,B
2021-06-07T13:09:25,100.0,13.95,B
2021-06-07T13:09:22,200.0,13.95,B
2021-06-07T13:09:11,200.0,13.95,B
2021-06-07T13:09:11,3000.0,13.95,B
2021-06-07T13:09:05,200.0,13.95,B
2021-06-07T13:09:04,500.0,13.95,B
2021-06-07T13:09:03,400.0,13.95,B
2021-06-07T13:08:55,1300.0,13.95,B
2021-06-07T13:08:52,12000.0,13.95,B
2021-06-07T13:08:47,100.0,13.95,B
2021-06-07T13:08:44,200.0,13.95,B
2021-06-07T13:08:16,2000.0,13.95,B
2021-06-07T13:08:13,1000.0,13.95,B
2021-06-07T13:08:09,100.0,13.95,B
2021-06-07T13:08:05,8000.0,13.95,B
2021-06-07T13:08:02,500.0,13.95,B
2021-06-07T13:07:52,100.0,13.95,B
2021-06-07T13:07:47,1000.0,13.95,B
2021-06-07T13:07:37,1500.0,13.95,B
2021-06-07T13:07:33,100.0,13.95,B
2021-06-07T13:06:55,100.0,13.95,B
2021-06-07T13:06:50,100.0,13.95,B
2021-06-07T13:06:48,200.0,13.95,B
2021-06-07T13:06:44,200.0,13.95,B
2021-06-07T13:06:39,10000.0,13.95,B
2021-06-07T13:06:36,100.0,13.95,B
2021-06-07T13:06:36,200.0,13.95,B
2021-06-07T13:06:34,100.0,13.95,B
2021-06-07T13:06:26,200.0,13.95,B
2021-06-07T13:05:59,100.0,13.95,B
2021-06-07T13:05:58,300.0,13.95,B
2021-06-07T13:05:57,100.0,13.95,B
2021-06-07T13:05:49,100.0,13.95,B
2021-06-07T13:05:45,9700.0,13.95,B
2021-06-07T13:05:42,100.0,13.95,B
2021-06-07T13:05:42,200.0,13.95,B
2021-06-07T13:05:33,800.0,13.95,B
2021-06-07T13:05:31,200.0,13.95,B
2021-06-07T13:05:28,100.0,13.95,B
2021-06-07T13:05:20,300.0,13.95,B
2021-06-07T13:05:10,1000.0,13.95,B
2021-06-07T13:05:00,1000.0,13.95,B
2021-06-07T13:04:47,100.0,13.95,B
2021-06-07T13:04:46,1000.0,13.95,B
2021-06-07T13:04:44,1000.0,13.95,B
2021-06-07T13:04:40,200.0,13.95,B
2021-06-07T13:04:36,500.0,13.95,B
2021-06-07T13:04:33,200.0,13.95,B
2021-06-07T13:04:31,100.0,13.95,B
2021-06-07T13:04:17,300.0,13.95,B
2021-06-07T13:04:14,200.0,13.95,B
2021-06-07T13:04:14,100.0,13.95,B
2021-06-07T13:04:13,100.0,13.95,B
2021-06-07T13:04:06,100.0,13.95,B
2021-06-07T13:04:05,1000.0,13.95,B
2021-06-07T13:04:00,1000.0,13.95,B
2021-06-07T13:03:59,1000.0,13.95,B
2021-06-07T13:03:58,600.0,13.95,B
2021-06-07T13:03:57,100.0,13.95,B
2021-06-07T13:03:51,200.0,13.95,B
2021-06-07T13:03:48,100.0,13.95,B
2021-06-07T13:03:44,200.0,13.95,B
2021-06-07T13:03:44,100.0,13.95,B
2021-06-07T13:03:43,1000.0,13.95,B
2021-06-07T13:03:42,300.0,13.95,B
2021-06-07T13:03:41,1000.0,13.95,B
2021-06-07T13:03:36,200.0,13.95,B
2021-06-07T13:03:35,100.0,13.95,B
2021-06-07T13:03:34,300.0,13.95,B
2021-06-07T13:03:24,400.0,13.95,B
2021-06-07T13:03:22,400.0,13.95,B
2021-06-07T13:03:20,100.0,13.95,B
2021-06-07T13:03:19,300.0,13.95,B
2021-06-07T13:03:18,300.0,13.95,B
2021-06-07T13:03:18,100.0,13.95,B
2021-06-07T13:03:12,5000.0,13.95,B
2021-06-07T13:03:09,300.0,13.95,B
2021-06-07T13:02:59,100.0,13.95,B
2021-06-07T13:02:50,100.0,13.95,B
2021-06-07T13:02:49,500.0,13.95,B
2021-06-07T13:02:45,1400.0,13.95,B
2021-06-07T13:02:38,200.0,13.95,B
2021-06-07T13:02:34,3000.0,13.95,B
2021-06-07T13:02:23,500.0,13.95,B
2021-06-07T13:02:22,300.0,13.95,B
2021-06-07T13:02:05,200.0,13.95,B
2021-06-07T13:02:05,500.0,13.95,B
2021-06-07T13:01:55,500.0,13.95,B
2021-06-07T13:01:46,200.0,13.95,B
2021-06-07T13:01:46,5000.0,13.95,B
2021-06-07T13:01:44,100.0,13.95,B
2021-06-07T13:01:41,1600.0,13.95,B
2021-06-07T13:01:38,6200.0,13.95,B
2021-06-07T13:01:37,100.0,13.95,B
2021-06-07T13:01:31,100.0,13.95,B
2021-06-07T13:01:29,300.0,13.95,B
2021-06-07T13:01:24,100.0,13.95,B
2021-06-07T13:01:18,1000.0,13.95,B
2021-06-07T13:01:17,200.0,13.95,B
2021-06-07T13:01:15,1000.0,13.95,B
2021-06-07T13:01:14,300.0,13.95,B
2021-06-07T13:01:03,100.0,13.95,B
2021-06-07T13:01:02,100.0,13.95,B
2021-06-07T13:01:01,10000.0,13.95,B
2021-06-07T13:01:01,100.0,13.95,B
2021-06-07T13:01:00,200.0,13.95,B
2021-06-07T13:00:59,100.0,13.95,B
2021-06-07T13:00:59,100.0,13.95,B
2021-06-07T13:00:57,100.0,13.95,B
2021-06-07T13:00:49,200.0,13.95,B
2021-06-07T13:00:46,100.0,13.95,B
2021-06-07T13:00:46,500.0,13.95,B
2021-06-07T13:00:45,300.0,13.95,B
2021-06-07T13:00:32,200.0,13.95,B
2021-06-07T13:00:23,1000.0,13.95,B
2021-06-07T13:00:23,3000.0,13.95,B
2021-06-07T13:00:23,1000.0,13.95,B
2021-06-07T13:00:21,200.0,13.95,B
2021-06-07T13:00:21,200.0,13.95,B
2021-06-07T13:00:21,1000.0,13.95,B
2021-06-07T13:00:21,1000.0,13.95,B
2021-06-07T13:00:21,100.0,13.95,B
2021-06-07T13:00:19,100.0,13.95,B
2021-06-07T13:00:19,4000.0,13.95,B
2021-06-07T13:00:17,100.0,13.95,B
2021-06-07T13:00:17,100.0,13.95,B
2021-06-07T13:00:17,2800.0,13.95,B
2021-06-07T13:00:17,200.0,13.95,B
2021-06-07T13:00:17,1600.0,13.95,B
2021-06-07T13:00:17,200.0,13.95,B
2021-06-07T13:00:17,1500.0,13.95,B
2021-06-07T13:00:17,2000.0,13.95,B
2021-06-07T13:00:15,100.0,13.95,B
2021-06-07T13:00:15,800.0,13.95,B
2021-06-07T13:00:15,200.0,13.95,B
2021-06-07T13:00:15,100.0,13.95,B
2021-06-07T13:00:15,500.0,13.95,B
2021-06-07T13:00:15,1000.0,13.95,B
2021-06-07T13:00:15,2700.0,13.95,B
2021-06-07T13:00:15,3300.0,13.95,B
2021-06-07T13:00:15,100.0,13.95,B
2021-06-07T13:00:15,100.0,13.95,B
2021-06-07T13:00:15,100.0,13.95,B
2021-06-07T11:34:14,100.0,13.95,B
2021-06-07T11:34:14,21000.0,13.95,B
2021-06-07T11:34:14,1000.0,13.95,B
2021-06-07T11:34:14,500.0,13.95,B
2021-06-07T11:34:09,1000.0,13.95,B
2021-06-07T11:34:09,300.0,13.95,B
2021-06-07T11:34:09,2000.0,13.95,B
2021-06-07T11:33:59,1000.0,13.95,B
2021-06-07T11:33:59,1000.0,13.95,B
2021-06-07T11:33:54,5000.0,13.95,B
2021-06-07T11:33:49,100.0,13.95,B
2021-06-07T11:33:44,100.0,13.95,B
2021-06-07T11:33:44,100.0,13.95,B
2021-06-07T11:33:39,1000.0,13.95,B
2021-06-07T11:33:34,100.0,13.95,B
2021-06-07T11:33:34,600.0,13.95,B
2021-06-07T11:33:29,200.0,13.95,B
2021-06-07T11:33:29,300.0,13.95,B
2021-06-07T11:33:29,100.0,13.95,B
2021-06-07T11:33:29,100.0,13.95,B
2021-06-07T11:33:19,2000.0,13.95,B
2021-06-07T11:33:19,700.0,13.95,B
2021-06-07T11:33:19,20000.0,13.95,B
2021-06-07T11:33:09,3000.0,13.95,B
2021-06-07T11:33:09,200.0,13.95,B
2021-06-07T11:32:59,400.0,13.95,B
2021-06-07T11:32:59,100.0,13.95,B
2021-06-07T11:32:44,1500.0,13.95,B
2021-06-07T11:32:44,100.0,13.95,B
2021-06-07T11:32:34,2000.0,13.95,B
2021-06-07T11:32:34,2000.0,13.95,B
2021-06-07T11:32:29,300.0,13.95,B
2021-06-07T11:32:29,100.0,13.95,B
2021-06-07T11:32:24,1200.0,13.95,B
2021-06-07T11:32:19,200.0,13.95,B
2021-06-07T11:32:19,200.0,13.95,B
2021-06-07T11:32:14,200.0,13.95,B
2021-06-07T11:32:14,3000.0,13.95,B
2021-06-07T11:32:09,200.0,13.95,B
2021-06-07T11:32:09,1100.0,13.95,B
2021-06-07T11:32:04,100.0,13.95,B
2021-06-07T11:32:04,100.0,13.95,B
2021-06-07T11:32:04,100.0,13.95,B
2021-06-07T11:31:59,100.0,13.95,B
2021-06-07T11:31:59,200.0,13.95,B
2021-06-07T11:31:54,1000.0,13.95,B
2021-06-07T11:31:54,2000.0,13.95,B
2021-06-07T11:31:54,100.0,13.95,B
2021-06-07T11:31:49,1000.0,13.95,B
2021-06-07T11:31:44,100.0,13.95,B
2021-06-07T11:31:39,1300.0,13.95,B
2021-06-07T11:31:39,100.0,13.95,B
2021-06-07T11:31:39,1100.0,13.95,B
2021-06-07T11:31:34,300.0,13.95,B
2021-06-07T11:31:29,100.0,13.95,B
2021-06-07T11:31:24,200.0,13.95,B
2021-06-07T11:31:24,200.0,13.95,B
2021-06-07T11:31:19,500.0,13.95,B
2021-06-07T11:31:04,300.0,13.95,B
2021-06-07T11:30:59,500.0,13.95,B
2021-06-07T11:30:59,500.0,13.95,B
2021-06-07T11:30:59,200.0,13.95,B
2021-06-07T11:30:59,900.0,13.95,B
2021-06-07T11:30:59,5000.0,13.95,B
2021-06-07T11:30:54,500.0,13.95,B
2021-06-07T11:30:54,11000.0,13.95,B
2021-06-07T11:30:49,300.0,13.95,B
2021-06-07T11:30:39,500.0,13.95,B
2021-06-07T11:30:34,300.0,13.95,B
2021-06-07T11:30:34,500.0,13.95,B
2021-06-07T11:30:34,200.0,13.95,B
2021-06-07T11:30:34,700.0,13.95,B
2021-06-07T11:30:29,100.0,13.95,B
2021-06-07T11:30:29,5000.0,13.95,B
2021-06-07T11:30:24,300.0,13.95,B
2021-06-07T11:30:24,100.0,13.95,B
2021-06-07T11:30:19,600.0,13.95,B
2021-06-07T11:30:19,1000.0,13.95,B
2021-06-07T11:30:19,300.0,13.95,B
2021-06-07T11:30:09,100.0,13.95,B
2021-06-07T11:30:06,1000.0,13.95,B
2021-06-07T11:30:06,100.0,13.95,B
2021-06-07T11:30:06,100.0,13.95,B
2021-06-07T11:30:06,300.0,13.95,B
2021-06-07T11:30:06,100.0,13.95,B
2021-06-07T11:30:04,100.0,13.95,B
2021-06-07T11:30:04,1500.0,13.95,B
2021-06-07T11:29:54,100.0,13.95,B
2021-06-07T11:29:49,1000.0,13.95,B
2021-06-07T11:29:41,500.0,13.95,B
2021-06-07T11:29:39,700.0,13.95,B
2021-06-07T11:29:29,300.0,13.95,B
2021-06-07T11:29:27,100.0,13.95,B
2021-06-07T11:29:24,300.0,13.95,B
2021-06-07T11:29:21,500.0,13.95,B
2021-06-07T11:29:21,5200.0,13.95,B
2021-06-07T11:29:16,200.0,13.95,B
2021-06-07T11:29:03,2000.0,13.95,B
2021-06-07T11:29:01,200.0,13.95,B
2021-06-07T11:28:58,700.0,13.95,B
2021-06-07T11:28:51,700.0,13.95,B
2021-06-07T11:28:48,1000.0,13.95,B
2021-06-07T11:28:43,500.0,13.95,B
2021-06-07T11:28:41,100.0,13.95,B
2021-06-07T11:28:40,100.0,13.95,B
2021-06-07T11:28:27,1000.0,13.95,B
2021-06-07T11:28:26,1000.0,13.95,B
2021-06-07T11:28:25,300.0,13.95,B
2021-06-07T11:28:22,2000.0,13.95,B
2021-06-07T11:28:07,200.0,13.95,B
2021-06-07T11:28:05,200.0,13.95,B
2021-06-07T11:28:04,2000.0,13.95,B
2021-06-07T11:27:56,5000.0,13.95,B
2021-06-07T11:27:42,100.0,13.95,B
2021-06-07T11:27:41,100.0,13.95,B
2021-06-07T11:27:41,500.0,13.95,B
2021-06-07T11:27:39,100.0,13.95,B
2021-06-07T11:27:38,100.0,13.95,B
2021-06-07T11:27:37,4100.0,13.95,B
2021-06-07T11:27:30,1000.0,13.95,B
2021-06-07T11:27:19,8900.0,13.95,B
2021-06-07T11:27:10,2000.0,13.95,B
2021-06-07T11:27:09,1000.0,13.95,B
2021-06-07T11:27:01,1000.0,13.95,B
2021-06-07T11:26:59,1000.0,13.95,B
2021-06-07T11:26:49,2300.0,13.95,B
2021-06-07T11:26:45,1000.0,13.95,B
2021-06-07T11:26:44,200.0,13.95,B
2021-06-07T11:26:40,2500.0,13.95,B
2021-06-07T11:26:35,1000.0,13.95,B
2021-06-07T11:26:29,300.0,13.95,B
2021-06-07T11:26:24,5000.0,13.95,B
2021-06-07T11:26:20,300.0,13.95,B
2021-06-07T11:26:15,100.0,13.95,B
2021-06-07T11:26:12,500.0,13.95,B
2021-06-07T11:26:11,1000.0,13.95,B
2021-06-07T11:26:09,100.0,13.95,B
2021-06-07T11:26:08,500.0,13.95,B
2021-06-07T11:26:05,1200.0,13.95,S
2021-06-07T11:26:05,5000.0,13.95,S
2021-06-07T11:26:04,1000.0,13.95,S
2021-06-07T11:26:02,2200.0,13.95,S
2021-06-07T11:25:57,500.0,13.95,S
2021-06-07T11:25:55,2300.0,13.95,S
2021-06-07T11:25:53,2000.0,13.95,S
2021-06-07T11:25:50,1800.0,13.95,S
2021-06-07T11:25:50,200.0,13.95,S
2021-06-07T11:25:49,100.0,13.95,S
2021-06-07T11:25:46,100.0,13.95,S
2021-06-07T11:25:39,1000.0,13.95,S
2021-06-07T11:25:31,1000.0,13.95,S
2021-06-07T11:25:26,1100.0,13.95,S
2021-06-07T11:25:25,1000.0,13.95,S
2021-06-07T11:25:21,4000.0,13.95,S
2021-06-07T11:25:17,300.0,13.95,S
2021-06-07T11:25:03,2000.0,13.95,S
2021-06-07T11:25:03,1000.0,13.95,S
2021-06-07T11:25:01,2000.0,13.95,S
2021-06-07T11:24:54,100.0,13.95,S
2021-06-07T11:24:49,100.0,13.95,S
2021-06-07T11:24:47,1600.0,13.95,S
2021-06-07T11:24:47,1400.0,13.95,S
2021-06-07T11:24:45,200.0,13.95,S
2021-06-07T11:24:40,1100.0,13.95,S
2021-06-07T11:24:31,100.0,13.95,S
2021-06-07T11:24:21,100.0,13.95,S
2021-06-07T11:24:21,300.0,13.95,S
2021-06-07T11:24:01,200.0,13.95,S
2021-06-07T11:23:58,200.0,13.95,S
2021-06-07T11:23:56,1500.0,13.95,S
2021-06-07T11:23:52,500.0,13.95,S
2021-06-07T11:23:49,100.0,13.95,S
2021-06-07T11:23:49,1000.0,13.95,S
2021-06-07T11:23:47,500.0,13.95,S
2021-06-07T11:23:46,100.0,13.95,S
2021-06-07T11:23:45,100.0,13.95,S
2021-06-07T11:23:44,2500.0,13.95,S
2021-06-07T11:23:44,100.0,13.95,S
2021-06-07T11:23:38,3100.0,13.95,S
2021-06-07T11:23:37,200.0,13.95,S
2021-06-07T11:23:31,1300.0,13.95,S
2021-06-07T11:23:27,300.0,13.95,S
2021-06-07T11:23:25,100.0,13.95,S
2021-06-07T11:23:23,100.0,13.95,S
2021-06-07T11:23:20,200.0,13.95,S
2021-06-07T11:23:20,400.0,13.95,S
2021-06-07T11:23:13,100.0,13.95,S
2021-06-07T11:23:06,1000.0,13.95,S
2021-06-07T11:23:03,3000.0,13.95,S
2021-06-07T11:23:02,1000.0,13.95,S
2021-06-07T11:22:58,500.0,13.95,S
2021-06-07T11:22:56,1000.0,13.95,S
2021-06-07T11:22:53,100.0,13.95,S
2021-06-07T11:22:52,100.0,13.95,S
2021-06-07T11:22:40,400.0,13.95,S
2021-06-07T11:22:28,100.0,13.95,S
2021-06-07T11:22:22,1000.0,13.95,S
2021-06-07T11:22:21,100.0,13.95,S
2021-06-07T11:22:20,300.0,13.95,S
2021-06-07T11:22:19,1000.0,13.95,S
2021-06-07T11:22:17,1000.0,13.95,S
2021-06-07T11:22:00,17000.0,13.95,S
2021-06-07T11:21:56,4000.0,13.95,S
2021-06-07T11:21:54,200.0,13.95,S
2021-06-07T11:21:50,700.0,13.95,S
2021-06-07T11:21:47,1000.0,13.95,S
2021-06-07T11:21:44,100.0,13.95,S
2021-06-07T11:21:44,600.0,13.95,S
2021-06-07T11:21:33,100.0,13.95,S
2021-06-07T11:21:27,100.0,13.95,S
2021-06-07T11:21:23,100.0,13.95,S
2021-06-07T11:21:22,500.0,13.95,S
2021-06-07T11:21:22,500.0,13.95,S
2021-06-07T11:21:21,20000.0,13.95,S
2021-06-07T11:21:11,100.0,13.95,S
2021-06-07T11:21:09,500.0,13.95,S
2021-06-07T11:21:08,500.0,13.95,S
2021-06-07T11:21:06,100.0,13.95,S
2021-06-07T11:21:06,500.0,13.95,S
2021-06-07T11:20:49,10000.0,13.95,S
2021-06-07T11:20:49,1200.0,13.95,S
2021-06-07T11:20:47,100.0,13.95,S
2021-06-07T11:20:44,200.0,13.95,S
2021-06-07T11:20:43,500.0,13.95,S
2021-06-07T11:20:39,600.0,13.95,S
2021-06-07T11:20:37,100.0,13.95,S
2021-06-07T11:20:36,100.0,13.95,S
2021-06-07T11:20:32,300.0,13.95,S
2021-06-07T11:20:31,300.0,13.95,S
2021-06-07T11:20:29,400.0,13.95,S
2021-06-07T11:20:27,200.0,13.95,S
2021-06-07T11:20:21,5000.0,13.95,S
2021-06-07T11:20:06,300.0,13.95,S
2021-06-07T11:20:02,100.0,13.95,S
2021-06-07T11:20:02,5000.0,13.95,S
2021-06-07T11:19:49,300.0,13.95,S
2021-06-07T11:19:48,1000.0,13.95,S
2021-06-07T11:19:47,100.0,13.95,S
2021-06-07T11:19:46,15000.0,13.95,S
2021-06-07T11:19:42,100.0,13.95,S
2021-06-07T11:19:42,1800.0,13.95,S
2021-06-07T11:19:42,5400.0,13.95,S
2021-06-07T11:19:42,100.0,13.95,S
2021-06-07T11:19:42,7600.0,13.95,S
2021-06-07T11:19:42,4000.0,13.95,S
2021-06-07T11:19:32,100.0,14.0,B
2021-06-07T11:19:17,100.0,14.0,B
2021-06-07T11:19:09,200.0,14.0,B
2021-06-07T11:19:07,500.0,13.95,S
2021-06-07T11:19:01,6000.0,13.95,S
2021-06-07T11:18:46,100.0,14.0,B
2021-06-07T11:18:39,100.0,14.0,B
2021-06-07T11:18:37,500.0,14.0,B
2021-06-07T11:18:35,800.0,13.95,S
2021-06-07T11:18:35,4200.0,13.95,S
2021-06-07T11:18:31,100.0,14.0,B
2021-06-07T11:18:27,1500.0,14.0,B
2021-06-07T11:18:26,1000.0,14.0,B
2021-06-07T11:18:24,500.0,13.95,S
2021-06-07T11:18:19,3100.0,14.0,B
2021-06-07T11:18:19,400.0,14.0,B
2021-06-07T11:18:18,300.0,14.0,B
2021-06-07T11:18:14,300.0,14.0,B
2021-06-07T11:18:12,1500.0,13.95,S
2021-06-07T11:17:59,200.0,14.0,B
2021-06-07T11:17:59,2500.0,14.0,B
2021-06-07T11:17:59,7300.0,14.0,B
2021-06-07T11:17:52,200.0,14.0,B
2021-06-07T11:17:41,3000.0,14.0,B
2021-06-07T11:17:38,7800.0,13.95,S
2021-06-07T11:17:38,23200.0,13.95,S
2021-06-07T11:17:26,100.0,13.95,S
2021-06-07T11:17:23,200.0,14.0,B
2021-06-07T11:16:54,600.0,13.95,S
2021-06-07T11:16:53,2400.0,13.95,S
2021-06-07T11:16:41,8800.0,13.95,S
2021-06-07T11:16:40,1000.0,13.95,S
2021-06-07T11:16:25,500.0,14.0,B
2021-06-07T11:16:19,4100.0,14.0,B
2021-06-07T11:16:19,5900.0,14.0,B
2021-06-07T11:16:13,200.0,14.0,B
2021-06-07T11:16:08,100.0,14.0,B
2021-06-07T11:16:08,1000.0,13.95,S
2021-06-07T11:15:57,3000.0,13.95,S
2021-06-07T11:15:54,100.0,14.0,B
2021-06-07T11:15:31,300.0,14.0,B
2021-06-07T11:15:27,300.0,13.95,S
2021-06-07T11:15:18,2300.0,14.0,B
2021-06-07T11:15:18,9600.0,13.95,S
2021-06-07T11:15:13,100.0,14.0,B
2021-06-07T11:15:12,100.0,14.0,B
2021-06-07T11:15:10,200.0,14.0,B
2021-06-07T11:14:53,100.0,13.95,S
2021-06-07T11:14:51,5000.0,14.0,B
2021-06-07T11:14:50,1000.0,13.95,S
2021-06-07T11:14:49,200.0,13.95,S
2021-06-07T11:14:47,800.0,13.95,S
2021-06-07T11:14:47,2200.0,13.95,S
2021-06-07T11:14:47,17000.0,13.95,S
2021-06-07T11:14:37,1000.0,14.0,B
2021-06-07T11:14:35,10000.0,13.95,S
2021-06-07T11:14:35,200.0,14.0,B
2021-06-07T11:14:31,200.0,14.0,B
2021-06-07T11:14:29,1000.0,14.0,B
2021-06-07T11:14:22,100.0,14.0,B
2021-06-07T11:14:19,100.0,13.95,S
2021-06-07T11:14:18,200.0,13.95,S
2021-06-07T11:14:10,10000.0,14.0,B
2021-06-07T11:14:07,5000.0,13.95,S
2021-06-07T11:14:02,10000.0,14.0,B
2021-06-07T11:13:58,10000.0,13.95,S
2021-06-07T11:13:51,1500.0,13.95,S
2021-06-07T11:13:51,200.0,13.95,S
2021-06-07T11:13:51,1500.0,13.95,S
2021-06-07T11:13:42,1000.0,13.95,S
2021-06-07T11:13:38,2000.0,13.95,S
2021-06-07T11:13:23,200.0,14.0,B
2021-06-07T11:13:11,2000.0,14.0,B
2021-06-07T11:13:10,400.0,14.0,B
2021-06-07T11:13:09,2800.0,13.95,S
2021-06-07T11:13:01,500.0,14.0,B
2021-06-07T11:13:00,500.0,13.95,S
2021-06-07T11:13:00,1000.0,13.95,S
2021-06-07T11:12:55,200.0,14.0,B
2021-06-07T11:12:54,2000.0,14.0,B
2021-06-07T11:12:50,100.0,14.0,B
2021-06-07T11:12:44,200.0,14.0,B
2021-06-07T11:12:35,500.0,14.0,B
2021-06-07T11:12:35,3200.0,13.95,S
2021-06-07T11:12:30,7900.0,13.95,S
2021-06-07T11:12:26,500.0,14.0,B
2021-06-07T11:12:22,100.0,14.0,B
2021-06-07T11:12:12,2000.0,14.0,B
2021-06-07T11:12:09,1000.0,13.95,S
2021-06-07T11:12:03,500.0,14.0,B
2021-06-07T11:11:55,500.0,14.0,B
2021-06-07T11:11:54,200.0,14.0,B
2021-06-07T11:11:49,200.0,14.0,B
2021-06-07T11:11:45,2600.0,13.95,S
2021-06-07T11:11:38,100.0,14.0,B
2021-06-07T11:11:22,500.0,14.0,B
2021-06-07T11:11:22,200.0,14.0,B
2021-06-07T11:11:20,2000.0,14.0,B
2021-06-07T11:11:18,100.0,14.0,B
2021-06-07T11:11:12,300.0,14.0,B
2021-06-07T11:10:59,200.0,14.0,B
2021-06-07T11:10:42,200.0,14.0,B
2021-06-07T11:10:26,200.0,14.0,B
2021-06-07T11:10:06,1000.0,13.95,S
2021-06-07T11:10:06,10000.0,13.95,S
2021-06-07T11:10:06,200.0,14.0,B
2021-06-07T11:09:58,100.0,14.0,B
2021-06-07T11:09:53,3000.0,13.95,S
2021-06-07T11:09:52,200.0,14.0,S
2021-06-07T11:09:51,200.0,14.0,S
2021-06-07T11:09:48,2000.0,14.0,S
2021-06-07T11:09:47,200.0,14.0,S
2021-06-07T11:09:39,1000.0,14.0,S
2021-06-07T11:09:36,300.0,14.0,S
2021-06-07T11:09:29,4000.0,13.95,S
2021-06-07T11:09:26,300.0,14.0,S
2021-06-07T11:09:17,100.0,13.95,S
2021-06-07T11:09:10,10000.0,14.0,S
2021-06-07T11:09:02,500.0,14.0,S
2021-06-07T11:09:00,200.0,14.0,S
2021-06-07T11:08:45,100.0,13.95,S
2021-06-07T11:08:31,100.0,14.0,S
2021-06-07T11:08:30,1000.0,13.95,S
2021-06-07T11:08:29,100.0,14.0,S
2021-06-07T11:08:18,2000.0,14.0,S
2021-06-07T11:08:14,200.0,14.0,S
2021-06-07T11:08:13,200.0,14.0,S
2021-06-07T11:08:11,200.0,13.95,S
2021-06-07T11:07:53,300.0,14.0,S
2021-06-07T11:07:49,2800.0,13.95,S
2021-06-07T11:07:48,5600.0,13.95,S
2021-06-07T11:07:48,1400.0,13.95,S
2021-06-07T11:07:48,3000.0,13.95,S
2021-06-07T11:07:45,400.0,14.0,S
2021-06-07T11:07:44,900.0,14.0,S
2021-06-07T11:07:40,400.0,14.1,B
2021-06-07T11:07:38,100.0,14.1,B
2021-06-07T11:07:32,1000.0,14.0,S
2021-06-07T11:07:32,1000.0,14.0,S
2021-06-07T11:07:29,400.0,14.0,S
2021-06-07T11:07:20,1000.0,14.0,S
2021-06-07T11:06:59,100.0,14.1,B
2021-06-07T11:06:59,500.0,14.1,B
2021-06-07T11:06:54,500.0,14.1,B
2021-06-07T11:06:46,10000.0,14.0,S
2021-06-07T11:06:44,12000.0,14.0,S
2021-06-07T11:06:42,3000.0,14.1,B
2021-06-07T11:06:40,4200.0,14.0,S
2021-06-07T11:06:40,5000.0,14.0,S
2021-06-07T11:06:35,2800.0,14.0,S
2021-06-07T11:06:34,2200.0,14.0,S
2021-06-07T11:06:32,10000.0,14.0,S
2021-06-07T11:05:47,3000.0,14.0,S
2021-06-07T11:05:45,600.0,14.0,S
2021-06-07T11:05:35,2000.0,14.0,S
2021-06-07T11:05:35,100.0,14.0,S
2021-06-07T11:05:31,4000.0,14.1,B
2021-06-07T11:05:20,200.0,14.1,B
2021-06-07T11:05:20,100.0,14.1,B
2021-06-07T11:05:18,1100.0,14.0,S
2021-06-07T11:05:11,1200.0,14.0,S
2021-06-07T11:05:11,1800.0,14.0,S
2021-06-07T11:05:08,100.0,14.1,B
2021-06-07T11:05:00,400.0,14.0,S
2021-06-07T11:04:57,1900.0,14.0,S
2021-06-07T11:04:55,500.0,14.0,S
2021-06-07T11:04:50,900.0,14.0,S
2021-06-07T11:04:36,500.0,14.1,B
2021-06-07T11:04:33,2500.0,14.0,S
2021-06-07T11:04:33,600.0,14.0,S
2021-06-07T11:04:33,1000.0,14.0,S
2021-06-07T11:04:33,900.0,14.0,S
2021-06-07T11:04:33,100.0,14.0,S
2021-06-07T11:04:33,1300.0,14.0,S
2021-06-07T11:04:33,800.0,14.0,S
2021-06-07T11:04:33,2800.0,14.0,S
2021-06-07T11:04:26,200.0,14.1,B
2021-06-07T11:04:23,5000.0,14.0,S
2021-06-07T11:04:07,200.0,14.0,S
2021-06-07T11:04:05,10000.0,14.1,B
2021-06-07T11:04:01,1500.0,14.0,S
2021-06-07T11:03:44,12800.0,14.0,S
2021-06-07T11:03:44,1100.0,14.0,S
2021-06-07T11:03:44,2300.0,14.0,S
2021-06-07T11:03:44,1600.0,14.0,S
2021-06-07T11:03:41,2000.0,14.0,S
2021-06-07T11:03:36,10000.0,14.1,B
2021-06-07T11:03:32,300.0,14.0,S
2021-06-07T11:03:23,1200.0,14.0,S
2021-06-07T11:03:22,17300.0,14.0,S
2021-06-07T11:03:20,300.0,14.0,S
2021-06-07T11:03:13,10500.0,14.0,S
2021-06-07T11:03:07,100.0,14.0,S
2021-06-07T11:03:05,700.0,14.05,S
2021-06-07T11:02:40,1000.0,14.05,S
2021-06-07T11:02:33,500.0,14.1,B
2021-06-07T11:02:33,5000.0,14.0,S
2021-06-07T11:02:30,7100.0,14.0,S
2021-06-07T11:02:29,500.0,14.1,B
2021-06-07T11:01:45,2000.0,14.1,B
2021-06-07T11:01:16,100.0,14.1,S
2021-06-07T11:01:14,10000.0,14.0,S
2021-06-07T11:01:05,100.0,14.1,S
2021-06-07T11:00:55,700.0,14.1,S
2021-06-07T11:00:40,100.0,14.1,S
2021-06-07T11:00:37,6100.0,14.1,S
2021-06-07T11:00:31,1000.0,14.1,S
2021-06-07T11:00:19,6000.0,14.0,S
2021-06-07T11:00:02,200.0,14.0,S
2021-06-07T11:00:01,10000.0,14.0,S
2021-06-07T10:59:54,100.0,14.1,S
2021-06-07T10:59:48,7000.0,14.0,S
2021-06-07T10:59:42,200.0,14.1,S
2021-06-07T10:59:40,100.0,14.1,S
2021-06-07T10:59:36,800.0,14.0,S
2021-06-07T10:59:31,100.0,14.1,S
2021-06-07T10:59:29,500.0,14.1,S
2021-06-07T10:59:17,200.0,14.1,S
2021-06-07T10:58:57,500.0,14.1,S
2021-06-07T10:58:55,100.0,14.1,S
2021-06-07T10:58:31,700.0,14.1,S
2021-06-07T10:58:27,300.0,14.1,S
2021-06-07T10:58:01,1000.0,14.1,S
2021-06-07T10:57:56,500.0,14.0,S
2021-06-07T10:57:52,300.0,14.1,S
2021-06-07T10:57:40,4000.0,14.0,S
2021-06-07T10:57:37,1200.0,14.05,S
2021-06-07T10:57:33,300.0,14.1,S
2021-06-07T10:57:29,2000.0,14.05,S
2021-06-07T10:57:27,500.0,14.1,S
2021-06-07T10:57:23,200.0,14.05,S
2021-06-07T10:57:05,500.0,14.1,S
2021-06-07T10:57:05,2000.0,14.1,S
2021-06-07T10:57:04,17900.0,14.0,S
2021-06-07T10:57:04,2100.0,14.0,S
2021-06-07T10:56:43,100.0,14.1,S
2021-06-07T10:56:32,1200.0,14.0,S
2021-06-07T10:56:31,1000.0,14.0,S
2021-06-07T10:56:27,600.0,14.0,S
2021-06-07T10:56:27,2600.0,14.0,S
2021-06-07T10:56:27,200.0,14.0,S
2021-06-07T10:56:27,1600.0,14.0,S
2021-06-07T10:56:22,8000.0,14.05,S
2021-06-07T10:56:02,1100.0,14.1,S
2021-06-07T10:56:00,500.0,14.1,S
2021-06-07T10:55:46,1700.0,14.1,S
2021-06-07T10:55:46,500.0,14.1,S
2021-06-07T10:55:42,800.0,14.1,S
2021-06-07T10:55:41,500.0,14.1,S
2021-06-07T10:55:36,100.0,14.1,S
2021-06-07T10:55:36,200.0,14.1,S
2021-06-07T10:55:36,5000.0,14.2,B
2021-06-07T10:55:20,300.0,14.2,B
2021-06-07T10:55:17,200.0,14.1,S
2021-06-07T10:55:15,100.0,14.2,B
2021-06-07T10:55:12,1000.0,14.1,S
2021-06-07T10:55:09,500.0,14.2,B
2021-06-07T10:55:02,10000.0,14.1,S
2021-06-07T10:54:47,600.0,14.2,B
2021-06-07T10:54:43,100.0,14.2,B
2021-06-07T10:54:43,100.0,14.2,B
2021-06-07T10:54:33,1000.0,14.2,B
2021-06-07T10:54:22,100.0,14.2,B
2021-06-07T10:54:16,4700.0,14.2,B
2021-06-07T10:54:08,200.0,14.2,B
2021-06-07T10:54:02,10000.0,14.1,S
2021-06-07T10:53:29,200.0,14.1,S
2021-06-07T10:53:26,100.0,14.2,B
2021-06-07T10:53:26,1000.0,14.2,B
2021-06-07T10:52:55,500.0,14.1,S
2021-06-07T10:52:50,100.0,14.15,S
2021-06-07T10:52:37,200.0,14.2,S
2021-06-07T10:52:26,100.0,14.1,S
2021-06-07T10:52:24,200.0,14.1,S
2021-06-07T10:52:17,6000.0,14.1,S
2021-06-07T10:52:16,100.0,14.2,S
2021-06-07T10:52:13,200.0,14.2,S
2021-06-07T10:52:13,100.0,14.2,S
2021-06-07T10:52:13,1200.0,14.2,S
2021-06-07T10:52:12,200.0,14.2,S
2021-06-07T10:52:01,100.0,14.2,S
2021-06-07T10:51:57,1000.0,14.2,S
2021-06-07T10:51:42,1000.0,14.2,S
2021-06-07T10:51:26,3500.0,14.2,S
2021-06-07T10:51:26,1500.0,14.2,S
2021-06-07T10:51:25,2700.0,14.15,S
2021-06-07T10:51:19,500.0,14.15,S
2021-06-07T10:51:16,300.0,14.15,S
2021-06-07T10:50:56,3500.0,14.15,S
2021-06-07T10:50:55,1500.0,14.15,S
2021-06-07T10:50:55,100.0,14.15,S
2021-06-07T10:50:29,500.0,14.1,S
2021-06-07T10:50:22,1000.0,14.3,B
2021-06-07T10:50:21,16000.0,14.1,S
2021-06-07T10:50:20,400.0,14.1,S
2021-06-07T10:50:14,200.0,14.3,B
2021-06-07T10:50:09,300.0,14.1,S
2021-06-07T10:50:05,6900.0,14.3,B
2021-06-07T10:50:04,3100.0,14.3,B
2021-06-07T10:50:02,11500.0,14.25,S
2021-06-07T10:49:59,100.0,14.2,S
2021-06-07T10:49:55,200.0,14.2,S
2021-06-07T10:49:50,3000.0,14.1,S
2021-06-07T10:49:49,1000.0,14.2,S
2021-06-07T10:49:46,2000.0,14.2,S
2021-06-07T10:49:45,1000.0,14.1,S
2021-06-07T10:49:38,200.0,14.2,S
2021-06-07T10:49:34,3000.0,14.2,S
2021-06-07T10:49:34,13600.0,14.1,S
2021-06-07T10:49:34,500.0,14.2,S
2021-06-07T10:49:24,100.0,14.2,S
2021-06-07T10:49:23,5000.0,14.2,S
2021-06-07T10:49:17,600.0,14.15,S
2021-06-07T10:49:11,100.0,14.15,S
2021-06-07T10:48:56,100.0,14.15,S
2021-06-07T10:48:47,200.0,14.15,S
2021-06-07T10:48:45,500.0,14.15,S
2021-06-07T10:48:39,200.0,14.1,S
2021-06-07T10:48:35,300.0,14.15,S
2021-06-07T10:48:33,600.0,14.15,S
2021-06-07T10:48:33,1500.0,14.15,S
2021-06-07T10:48:33,100.0,14.2,S
2021-06-07T10:48:03,1000.0,14.2,S
2021-06-07T10:48:02,1000.0,14.2,S
2021-06-07T10:47:50,400.0,14.2,S
2021-06-07T10:47:50,2600.0,14.2,S
2021-06-07T10:47:49,2000.0,14.25,S
2021-06-07T10:47:49,4300.0,14.2,S
2021-06-07T10:47:46,900.0,14.3,B
2021-06-07T10:47:45,1000.0,14.3,B
2021-06-07T10:47:40,400.0,14.3,B
2021-06-07T10:47:39,600.0,14.3,B
2021-06-07T10:47:38,400.0,14.3,B
2021-06-07T10:47:34,1000.0,14.3,B
2021-06-07T10:47:12,300.0,14.3,B
2021-06-07T10:47:05,100.0,14.3,B
2021-06-07T10:46:46,300.0,14.2,S
2021-06-07T10:46:37,5500.0,14.2,S
2021-06-07T10:46:37,5000.0,14.2,S
2021-06-07T10:46:37,2000.0,14.2,S
2021-06-07T10:46:37,5200.0,14.2,S
2021-06-07T10:46:37,600.0,14.2,S
2021-06-07T10:46:37,3400.0,14.2,S
2021-06-07T10:46:31,1000.0,14.2,S
2021-06-07T10:46:29,100.0,14.3,B
2021-06-07T10:46:26,100.0,14.3,B
2021-06-07T10:46:23,100.0,14.3,B
2021-06-07T10:46:21,2500.0,14.2,S
2021-06-07T10:46:18,1000.0,14.3,B
2021-06-07T10:46:16,100.0,14.3,B
2021-06-07T10:46:12,200.0,14.3,B
2021-06-07T10:45:49,1000.0,14.3,B
2021-06-07T10:45:46,1100.0,14.2,S
2021-06-07T10:45:41,1800.0,14.3,B
2021-06-07T10:45:32,2000.0,14.2,S
2021-06-07T10:45:02,100.0,14.3,B
2021-06-07T10:45:00,200.0,14.3,S
2021-06-07T10:44:58,1000.0,14.3,S
2021-06-07T10:44:58,600.0,14.3,S
2021-06-07T10:44:48,1000.0,14.3,S
2021-06-07T10:44:47,1000.0,14.3,S
2021-06-07T10:44:44,2000.0,14.3,S
2021-06-07T10:44:37,1000.0,14.2,S
2021-06-07T10:44:36,1000.0,14.2,S
2021-06-07T10:44:32,500.0,14.3,S
2021-06-07T10:44:27,100.0,14.3,S
2021-06-07T10:44:23,200.0,14.3,S
2021-06-07T10:44:01,500.0,14.3,S
2021-06-07T10:43:53,700.0,14.2,S
2021-06-07T10:43:51,1000.0,14.3,S
2021-06-07T10:43:29,1100.0,14.3,S
2021-06-07T10:43:29,500.0,14.3,S
2021-06-07T10:43:26,200.0,14.2,S
2021-06-07T10:43:19,1400.0,14.2,S
2021-06-07T10:43:14,1000.0,14.2,S
2021-06-07T10:42:56,500.0,14.3,S
2021-06-07T10:42:56,100.0,14.3,S
2021-06-07T10:42:45,1000.0,14.3,S
2021-06-07T10:42:27,1400.0,14.3,S
2021-06-07T10:42:24,500.0,14.2,S
2021-06-07T10:42:24,1000.0,14.2,S
2021-06-07T10:42:18,700.0,14.25,S
2021-06-07T10:42:11,200.0,14.3,S
2021-06-07T10:42:09,1000.0,14.3,S
2021-06-07T10:42:08,2000.0,14.2,S
2021-06-07T10:42:03,5000.0,14.2,S
2021-06-07T10:42:03,200.0,14.2,S
2021-06-07T10:41:51,1000.0,14.3,S
2021-06-07T10:41:50,1000.0,14.2,S
2021-06-07T10:41:48,500.0,14.3,S
2021-06-07T10:41:48,1200.0,14.3,S
2021-06-07T10:41:37,300.0,14.2,S
2021-06-07T10:41:28,1000.0,14.3,S
2021-06-07T10:41:25,2000.0,14.3,S
2021-06-07T10:41:13,4000.0,14.3,S
2021-06-07T10:41:00,200.0,14.3,S
2021-06-07T10:40:49,200.0,14.3,S
2021-06-07T10:40:38,700.0,14.3,S
2021-06-07T10:40:35,100.0,14.3,S
2021-06-07T10:40:29,1500.0,14.3,S
2021-06-07T10:40:19,1000.0,14.2,S
2021-06-07T10:40:18,5000.0,14.2,S
2021-06-07T10:39:20,4800.0,14.4,B
2021-06-07T10:38:28,700.0,14.4,B
2021-06-07T10:38:22,300.0,14.4,B
2021-06-07T10:38:19,100.0,14.4,B
2021-06-07T10:38:10,1600.0,14.2,S
2021-06-07T10:38:10,4000.0,14.2,S
2021-06-07T10:38:09,2100.0,14.2,S
2021-06-07T10:38:09,2300.0,14.2,S
2021-06-07T10:38:09,700.0,14.3,S
2021-06-07T10:38:09,3000.0,14.3,S
2021-06-07T10:38:09,400.0,14.3,S
2021-06-07T10:38:09,5900.0,14.3,S
2021-06-07T10:38:03,200.0,14.4,B
2021-06-07T10:38:00,400.0,14.3,S
2021-06-07T10:37:53,1000.0,14.4,B
2021-06-07T10:37:51,100.0,14.4,B
2021-06-07T10:37:31,300.0,14.3,S
2021-06-07T10:37:30,200.0,14.4,B
2021-06-07T10:37:10,500.0,14.4,B
2021-06-07T10:36:40,100.0,14.4,B
2021-06-07T10:36:26,5000.0,14.4,S
2021-06-07T10:36:06,100.0,14.4,S
2021-06-07T10:35:58,100.0,14.4,S
2021-06-07T10:35:49,500.0,14.4,S
2021-06-07T10:35:20,1200.0,14.4,S
2021-06-07T10:35:20,2000.0,14.3,S
2021-06-07T10:34:54,1000.0,14.3,S
2021-06-07T10:34:53,100.0,14.4,S
2021-06-07T10:34:48,100.0,14.4,S
2021-06-07T10:34:45,300.0,14.4,S
2021-06-07T10:34:38,600.0,14.3,S
2021-06-07T10:34:30,1000.0,14.4,S
2021-06-07T10:34:29,300.0,14.4,S
2021-06-07T10:34:27,200.0,14.4,S
2021-06-07T10:34:23,400.0,14.3,S
2021-06-07T10:33:43,2000.0,14.3,S
2021-06-07T10:33:31,1000.0,14.4,S
2021-06-07T10:33:29,600.0,14.3,S
2021-06-07T10:33:26,500.0,14.35,S
2021-06-07T10:33:26,3300.0,14.4,S
2021-06-07T10:33:23,500.0,14.5,S
2021-06-07T10:33:06,200.0,14.5,S
2021-06-07T10:33:04,100.0,14.5,S
2021-06-07T10:32:52,500.0,14.5,S
2021-06-07T10:32:47,100.0,14.5,S
2021-06-07T10:32:34,3700.0,14.4,S
2021-06-07T10:32:34,800.0,14.4,S
2021-06-07T10:32:34,5500.0,14.4,S
2021-06-07T10:32:18,5000.0,14.4,S
2021-06-07T10:31:47,200.0,14.4,S
2021-06-07T10:31:45,100.0,14.5,S
2021-06-07T10:31:44,2000.0,14.5,S
2021-06-07T10:31:28,100.0,14.5,S
2021-06-07T10:31:18,2000.0,14.5,S
2021-06-07T10:31:17,1000.0,14.4,S
2021-06-07T10:31:12,500.0,14.5,S
2021-06-07T10:30:58,1000.0,14.5,S
2021-06-07T10:30:49,5600.0,14.4,S
2021-06-07T10:30:49,3500.0,14.4,S
2021-06-07T10:30:49,800.0,14.4,S
2021-06-07T10:30:49,1000.0,14.4,S
2021-06-07T10:30:49,7100.0,14.4,S
2021-06-07T10:30:49,5100.0,14.4,S
2021-06-07T10:30:49,2000.0,14.4,S
2021-06-07T10:30:49,2000.0,14.4,S
2021-06-07T10:30:49,2000.0,14.4,S
2021-06-07T10:30:49,1500.0,14.4,S
2021-06-07T10:30:49,300.0,14.4,S
2021-06-07T10:30:49,100.0,14.4,S
2021-06-07T10:30:49,2100.0,14.45,S
2021-06-07T10:30:49,6900.0,14.45,S
2021-06-07T10:30:44,12700.0,14.5,S
2021-06-07T10:30:44,700.0,14.5,S
2021-06-07T10:30:44,100.0,14.5,S
2021-06-07T10:30:43,7700.0,14.5,S
2021-06-07T10:30:41,9000.0,14.5,S
2021-06-07T10:30:38,200.0,14.55,B
2021-06-07T10:30:37,1500.0,14.5,S
2021-06-07T10:30:37,100.0,14.5,S
2021-06-07T10:30:35,3300.0,14.5,S
2021-06-07T10:30:35,500.0,14.5,S
2021-06-07T10:30:35,8800.0,14.5,S
2021-06-07T10:30:34,2000.0,14.5,S
2021-06-07T10:30:34,100.0,14.5,S
2021-06-07T10:30:29,100.0,14.5,S
2021-06-07T10:30:28,2000.0,14.5,S
2021-06-07T10:30:15,100.0,14.55,B
2021-06-07T10:30:14,200.0,14.5,S
2021-06-07T10:30:11,200.0,14.55,B
2021-06-07T10:30:11,100.0,14.55,B
2021-06-07T10:30:11,2000.0,14.5,S
2021-06-07T10:30:10,100.0,14.5,S
2021-06-07T10:30:06,1000.0,14.5,S
2021-06-07T10:30:03,100.0,14.5,S
2021-06-07T10:29:50,1000.0,14.55,B
2021-06-07T10:29:47,5000.0,14.5,S
2021-06-07T10:29:39,400.0,14.5,S
2021-06-07T10:29:39,3400.0,14.5,S
2021-06-07T10:29:39,1600.0,14.5,S
2021-06-07T10:29:38,1100.0,14.5,S
2021-06-07T10:29:38,300.0,14.5,S
2021-06-07T10:29:38,2000.0,14.5,S
2021-06-07T10:29:38,200.0,14.5,S
2021-06-07T10:29:37,11000.0,14.5,S
2021-06-07T10:29:31,100.0,14.5,S
2021-06-07T10:29:31,5000.0,14.5,S
2021-06-07T10:29:20,300.0,14.55,B
2021-06-07T10:28:58,500.0,14.5,S
2021-06-07T10:28:49,2000.0,14.5,S
2021-06-07T10:28:46,800.0,14.5,S
2021-06-07T10:28:45,100.0,14.55,B
2021-06-07T10:28:30,1600.0,14.5,S
2021-06-07T10:28:30,14000.0,14.5,S
2021-06-07T10:28:29,1100.0,14.5,S
2021-06-07T10:28:29,600.0,14.5,S
2021-06-07T10:28:29,12200.0,14.5,S
2021-06-07T10:28:29,5900.0,14.5,S
2021-06-07T10:28:29,6300.0,14.5,S
2021-06-07T10:28:29,8300.0,14.5,S
2021-06-07T10:28:24,1400.0,14.5,S
2021-06-07T10:28:24,600.0,14.5,S
2021-06-07T10:28:04,500.0,14.55,B
2021-06-07T10:28:04,500.0,14.5,S
2021-06-07T10:28:01,1400.0,14.5,S
2021-06-07T10:28:01,600.0,14.5,S
2021-06-07T10:27:56,1200.0,14.5,S
2021-06-07T10:27:48,200.0,14.55,B
2021-06-07T10:27:42,1200.0,14.5,S
2021-06-07T10:27:42,600.0,14.5,S
2021-06-07T10:27:42,300.0,14.5,S
2021-06-07T10:27:42,3500.0,14.5,S
2021-06-07T10:27:41,2400.0,14.5,S
2021-06-07T10:27:41,400.0,14.5,S
2021-06-07T10:27:32,1100.0,14.5,S
2021-06-07T10:27:32,200.0,14.5,S
2021-06-07T10:27:32,1500.0,14.5,S
2021-06-07T10:27:29,800.0,14.5,S
2021-06-07T10:27:13,5800.0,14.5,S
2021-06-07T10:27:13,2500.0,14.5,S
2021-06-07T10:27:13,2500.0,14.5,S
2021-06-07T10:27:13,500.0,14.5,S
2021-06-07T10:27:13,2000.0,14.5,S
2021-06-07T10:27:11,100.0,14.5,S
2021-06-07T10:27:11,1600.0,14.5,S
2021-06-07T10:26:36,100.0,14.5,S
2021-06-07T10:26:34,200.0,14.5,S
2021-06-07T10:26:26,1000.0,14.5,S
2021-06-07T10:26:03,200.0,14.55,B
2021-06-07T10:25:57,300.0,14.55,B
2021-06-07T10:25:46,3000.0,14.55,B
2021-06-07T10:25:43,700.0,14.5,S
2021-06-07T10:25:43,300.0,14.5,S
2021-06-07T10:25:38,700.0,14.5,S
2021-06-07T10:25:38,200.0,14.5,S
2021-06-07T10:25:28,2100.0,14.5,S
2021-06-07T10:25:21,1000.0,14.5,S
2021-06-07T10:25:05,500.0,14.5,S
2021-06-07T10:24:59,2000.0,14.5,S
2021-06-07T10:24:57,500.0,14.55,B
2021-06-07T10:24:43,2000.0,14.5,S
2021-06-07T10:24:25,1000.0,14.5,S
2021-06-07T10:23:52,5000.0,14.5,S
2021-06-07T10:23:46,100.0,14.55,B
2021-06-07T10:23:45,200.0,14.55,B
2021-06-07T10:23:43,1000.0,14.5,S
2021-06-07T10:23:43,2400.0,14.5,S
2021-06-07T10:23:43,4700.0,14.5,S
2021-06-07T10:23:43,1200.0,14.5,S
2021-06-07T10:23:43,6700.0,14.5,S
2021-06-07T10:23:25,300.0,14.55,B
2021-06-07T10:23:21,100.0,14.55,B
2021-06-07T10:23:13,100.0,14.55,B
2021-06-07T10:22:58,100.0,14.55,B
2021-06-07T10:22:46,5400.0,14.5,S
2021-06-07T10:22:46,12900.0,14.5,S
2021-06-07T10:22:46,800.0,14.5,S
2021-06-07T10:22:46,2600.0,14.5,S
2021-06-07T10:22:46,4300.0,14.5,S
2021-06-07T10:22:46,2600.0,14.5,S
2021-06-07T10:22:46,7600.0,14.5,S
2021-06-07T10:22:42,100.0,14.55,B
2021-06-07T10:22:40,5000.0,14.55,B
2021-06-07T10:22:40,100.0,14.55,B
2021-06-07T10:22:28,900.0,14.55,B
2021-06-07T10:22:19,12000.0,14.5,S
2021-06-07T10:22:15,1000.0,14.5,S
2021-06-07T10:22:11,200.0,14.5,S
2021-06-07T10:22:08,8200.0,14.5,S
2021-06-07T10:22:08,1800.0,14.5,S
2021-06-07T10:22:05,5000.0,14.5,S
2021-06-07T10:21:59,3200.0,14.55,B
2021-06-07T10:21:57,10000.0,14.5,S
2021-06-07T10:21:47,400.0,14.55,B
2021-06-07T10:21:39,1000.0,14.55,B
2021-06-07T10:21:38,11500.0,14.55,B
2021-06-07T10:21:35,200.0,14.55,B
2021-06-07T10:21:34,1000.0,14.55,B
2021-06-07T10:21:28,100.0,14.55,B
2021-06-07T10:21:05,100.0,14.55,B
2021-06-07T10:20:50,500.0,14.5,S
2021-06-07T10:20:45,300.0,14.55,B
2021-06-07T10:20:35,1000.0,14.5,S
2021-06-07T10:20:20,37600.0,14.5,S
2021-06-07T10:20:20,3300.0,14.5,S
2021-06-07T10:20:20,6300.0,14.5,S
2021-06-07T10:20:20,200.0,14.5,S
2021-06-07T10:20:20,2600.0,14.5,S
2021-06-07T10:20:18,400.0,14.5,S
2021-06-07T10:20:05,100.0,14.55,B
2021-06-07T10:19:45,100.0,14.55,B
2021-06-07T10:19:31,300.0,14.5,S
2021-06-07T10:19:27,1000.0,14.5,S
2021-06-07T10:19:13,300.0,14.55,S
2021-06-07T10:19:11,500.0,14.55,S
2021-06-07T10:19:10,12500.0,14.55,S
2021-06-07T10:18:51,1000.0,14.55,S
2021-06-07T10:18:32,1000.0,14.55,S
2021-06-07T10:18:15,100.0,14.55,S
2021-06-07T10:18:11,1000.0,14.55,S
2021-06-07T10:17:55,8000.0,14.55,S
2021-06-07T10:17:55,200.0,14.5,S
2021-06-07T10:17:54,1000.0,14.5,S
2021-06-07T10:17:49,5000.0,14.5,S
2021-06-07T10:17:36,500.0,14.55,S
2021-06-07T10:17:26,1200.0,14.6,B
2021-06-07T10:17:22,100.0,14.6,B
2021-06-07T10:17:22,400.0,14.6,B
2021-06-07T10:17:22,100.0,14.5,S
2021-06-07T10:17:16,2000.0,14.5,S
2021-06-07T10:17:16,500.0,14.6,B
2021-06-07T10:17:16,3000.0,14.6,B
2021-06-07T10:16:48,2000.0,14.6,B
2021-06-07T10:16:35,900.0,14.55,S
2021-06-07T10:16:23,5000.0,14.6,B
2021-06-07T10:16:13,1000.0,14.6,B
2021-06-07T10:16:13,1000.0,14.55,S
2021-06-07T10:16:12,2000.0,14.55,S
2021-06-07T10:16:06,2000.0,14.55,S
2021-06-07T10:15:39,1000.0,14.6,B
2021-06-07T10:15:29,500.0,14.6,B
2021-06-07T10:15:17,100.0,14.55,S
2021-06-07T10:15:11,200.0,14.55,S
2021-06-07T10:14:57,1800.0,14.6,B
2021-06-07T10:14:57,300.0,14.6,B
2021-06-07T10:14:57,2200.0,14.6,B
2021-06-07T10:14:57,25700.0,14.6,B
2021-06-07T10:14:56,500.0,14.55,S
2021-06-07T10:14:49,1600.0,14.5,S
2021-06-07T10:14:49,1000.0,14.5,S
2021-06-07T10:14:49,3200.0,14.5,S
2021-06-07T10:14:49,1000.0,14.5,S
2021-06-07T10:14:49,13200.0,14.5,S
2021-06-07T10:14:30,4700.0,14.55,S
2021-06-07T10:14:18,5000.0,14.55,S
2021-06-07T10:14:13,1500.0,14.5,S
2021-06-07T10:14:13,600.0,14.5,S
2021-06-07T10:14:13,1300.0,14.5,S
2021-06-07T10:14:13,3600.0,14.5,S
2021-06-07T10:14:13,400.0,14.55,S
2021-06-07T10:13:49,3400.0,14.5,S
2021-06-07T10:13:49,100.0,14.5,S
2021-06-07T10:13:49,400.0,14.5,S
2021-06-07T10:13:49,23100.0,14.5,S
2021-06-07T10:13:49,300.0,14.5,S
2021-06-07T10:13:49,3500.0,14.5,S
2021-06-07T10:13:49,4600.0,14.5,S
2021-06-07T10:13:49,800.0,14.5,S
2021-06-07T10:13:49,100.0,14.5,S
2021-06-07T10:13:49,2000.0,14.5,S
2021-06-07T10:13:48,2600.0,14.5,S
2021-06-07T10:13:48,3000.0,14.55,S
2021-06-07T10:13:48,800.0,14.55,S
2021-06-07T10:13:48,1000.0,14.55,S
2021-06-07T10:13:48,1300.0,14.55,S
2021-06-07T10:13:48,3000.0,14.55,S
2021-06-07T10:13:39,1000.0,14.6,B
2021-06-07T10:13:25,1500.0,14.55,S
2021-06-07T10:13:25,100.0,14.6,B
2021-06-07T10:13:25,700.0,14.6,B
2021-06-07T10:13:25,1200.0,14.6,B
2021-06-07T10:13:25,900.0,14.6,B
2021-06-07T10:13:24,7200.0,14.6,B
2021-06-07T10:13:23,400.0,14.55,S
2021-06-07T10:13:14,700.0,14.55,S
2021-06-07T10:13:03,500.0,14.6,B
2021-06-07T10:13:02,7400.0,14.55,S
2021-06-07T10:12:41,2900.0,14.6,B
2021-06-07T10:12:41,1700.0,14.6,B
2021-06-07T10:12:41,700.0,14.6,B
2021-06-07T10:12:39,20000.0,14.55,S
2021-06-07T10:12:32,2000.0,14.55,S
2021-06-07T10:12:26,5000.0,14.6,B
2021-06-07T10:12:26,600.0,14.55,S
2021-06-07T10:12:20,1000.0,14.6,B
2021-06-07T10:12:13,2700.0,14.6,B
2021-06-07T10:11:59,300.0,14.55,S
2021-06-07T10:11:57,100.0,14.55,S
2021-06-07T10:11:53,300.0,14.6,B
2021-06-07T10:11:53,500.0,14.6,B
2021-06-07T10:11:52,6200.0,14.55,S
2021-06-07T10:11:47,2000.0,14.55,S
2021-06-07T10:11:46,1000.0,14.55,S
2021-06-07T10:11:34,5000.0,14.55,S
2021-06-07T10:11:28,500.0,14.55,S
2021-06-07T10:11:25,2200.0,14.55,S
2021-06-07T10:11:22,200.0,14.6,B
2021-06-07T10:11:22,2000.0,14.55,S
2021-06-07T10:11:20,1000.0,14.55,S
2021-06-07T10:11:13,2500.0,14.55,S
2021-06-07T10:11:00,400.0,14.6,B
2021-06-07T10:10:52,200.0,14.6,B
2021-06-07T10:10:43,300.0,14.6,B
2021-06-07T10:10:41,500.0,14.6,B
2021-06-07T10:10:15,500.0,14.55,S
2021-06-07T10:10:12,100.0,14.6,B
2021-06-07T10:09:52,500.0,14.6,B
2021-06-07T10:09:41,3200.0,14.6,B
2021-06-07T10:09:32,5000.0,14.55,S
2021-06-07T10:09:31,12300.0,14.6,B
2021-06-07T10:09:30,17700.0,14.6,B
2021-06-07T10:09:00,500.0,14.55,S
2021-06-07T10:08:57,1000.0,14.6,B
2021-06-07T10:08:55,100.0,14.55,S
2021-06-07T10:08:53,1000.0,14.55,S
2021-06-07T10:08:40,800.0,14.6,B
2021-06-07T10:08:30,500.0,14.55,S
2021-06-07T10:08:30,1000.0,14.55,S
2021-06-07T10:08:27,3700.0,14.55,S
2021-06-07T10:08:19,800.0,14.55,S
2021-06-07T10:08:19,200.0,14.55,S
2021-06-07T10:08:19,300.0,14.55,S
2021-06-07T10:08:10,5000.0,14.6,B
2021-06-07T10:08:09,200.0,14.55,S
2021-06-07T10:07:58,1000.0,14.55,S
2021-06-07T10:07:46,100.0,14.55,S
2021-06-07T10:07:46,2300.0,14.6,B
2021-06-07T10:07:46,3800.0,14.6,B
2021-06-07T10:07:46,2000.0,14.6,B
2021-06-07T10:07:46,1900.0,14.6,B
2021-06-07T10:07:35,100.0,14.6,B
2021-06-07T10:07:35,100.0,14.6,B
2021-06-07T10:07:34,100.0,14.6,B
2021-06-07T10:07:29,5000.0,14.55,S
2021-06-07T10:07:25,500.0,14.6,B
2021-06-07T10:07:20,5000.0,14.6,B
2021-06-07T10:07:16,100.0,14.6,B
2021-06-07T10:06:50,500.0,14.6,B
2021-06-07T10:06:49,900.0,14.6,B
2021-06-07T10:06:48,600.0,14.6,B
2021-06-07T10:06:45,100.0,14.55,S
2021-06-07T10:06:36,1000.0,14.6,B
2021-06-07T10:06:34,4000.0,14.55,S
2021-06-07T10:06:33,300.0,14.55,S
2021-06-07T10:06:33,100.0,14.6,B
2021-06-07T10:05:53,300.0,14.6,B
2021-06-07T10:05:53,400.0,14.6,B
2021-06-07T10:05:52,4300.0,14.6,B
2021-06-07T10:05:38,5000.0,14.55,S
2021-06-07T10:05:25,500.0,14.6,B
2021-06-07T10:05:22,5000.0,14.6,B
2021-06-07T10:05:06,1000.0,14.6,B
2021-06-07T10:05:02,2000.0,14.6,B
2021-06-07T10:04:57,300.0,14.6,B
2021-06-07T10:04:51,5000.0,14.6,B
2021-06-07T10:04:39,100.0,14.6,B
2021-06-07T10:04:36,1000.0,14.55,S
2021-06-07T10:04:33,2000.0,14.6,B
2021-06-07T10:04:21,100.0,14.55,S
2021-06-07T10:04:20,900.0,14.55,S
2021-06-07T10:04:16,1400.0,14.6,B
2021-06-07T10:04:05,1500.0,14.6,B
2021-06-07T10:03:58,100.0,14.6,B
2021-06-07T10:03:53,100.0,14.6,B
2021-06-07T10:03:47,10000.0,14.6,B
2021-06-07T10:03:43,100.0,14.6,B
2021-06-07T10:03:43,5000.0,14.6,B
2021-06-07T10:03:23,300.0,14.55,S
2021-06-07T10:03:18,500.0,14.6,B
2021-06-07T10:03:17,700.0,14.6,B
2021-06-07T10:03:12,500.0,14.6,B
2021-06-07T10:03:06,500.0,14.6,B
2021-06-07T10:02:49,1000.0,14.6,B
2021-06-07T10:02:33,3000.0,14.6,B
2021-06-07T10:02:15,200.0,14.6,B
2021-06-07T10:02:10,300.0,14.6,S
2021-06-07T10:02:09,1200.0,14.6,S
2021-06-07T10:02:07,300.0,14.6,S
2021-06-07T10:01:53,200.0,14.6,S
2021-06-07T10:01:52,100.0,14.6,S
2021-06-07T10:01:48,5000.0,14.6,S
2021-06-07T10:01:31,30000.0,14.6,S
2021-06-07T10:01:21,500.0,14.6,S
2021-06-07T10:01:18,2000.0,14.55,S
2021-06-07T10:01:16,600.0,14.6,S
2021-06-07T10:01:02,100.0,14.6,S
2021-06-07T10:00:53,5000.0,14.6,S
2021-06-07T10:00:42,500.0,14.6,S
2021-06-07T10:00:27,500.0,14.55,S
2021-06-07T10:00:23,500.0,14.6,S
2021-06-07T10:00:20,200.0,14.6,S
2021-06-07T10:00:20,2000.0,14.6,S
2021-06-07T10:00:17,7000.0,14.6,S
2021-06-07T10:00:13,300.0,14.6,S
2021-06-07T10:00:12,1000.0,14.6,S
2021-06-07T10:00:05,1000.0,14.6,S
2021-06-07T10:00:01,500.0,14.6,S
2021-06-07T09:59:59,1000.0,14.6,S
2021-06-07T09:59:58,1000.0,14.55,S
2021-06-07T09:59:55,5000.0,14.55,S
2021-06-07T09:59:55,200.0,14.55,S
2021-06-07T09:59:54,7000.0,14.55,S
2021-06-07T09:59:54,300.0,14.55,S
2021-06-07T09:59:54,200.0,14.55,S
2021-06-07T09:59:54,5300.0,14.55,S
2021-06-07T09:59:51,5000.0,14.6,S
2021-06-07T09:59:48,200.0,14.6,S
2021-06-07T09:59:39,500.0,14.6,S
2021-06-07T09:59:37,500.0,14.6,S
2021-06-07T09:59:34,2000.0,14.6,S
2021-06-07T09:59:29,500.0,14.6,S
2021-06-07T09:59:20,2000.0,14.6,S
2021-06-07T09:59:19,3500.0,14.6,S
2021-06-07T09:59:04,100.0,14.6,S
2021-06-07T09:59:03,500.0,14.6,S
2021-06-07T09:59:01,18000.0,14.6,S
2021-06-07T09:58:38,1800.0,14.6,S
2021-06-07T09:58:26,1200.0,14.6,S
2021-06-07T09:58:17,2000.0,14.6,S
2021-06-07T09:58:07,3900.0,14.6,S
2021-06-07T09:57:47,800.0,14.6,S
2021-06-07T09:57:45,2000.0,14.6,S
2021-06-07T09:57:28,2000.0,14.6,S
2021-06-07T09:57:27,200.0,14.55,S
2021-06-07T09:57:20,100.0,14.55,S
2021-06-07T09:57:18,100.0,14.6,S
2021-06-07T09:57:10,200.0,14.6,S
2021-06-07T09:57:03,300.0,14.6,S
2021-06-07T09:56:56,6200.0,14.6,S
2021-06-07T09:56:56,5000.0,14.6,S
2021-06-07T09:56:56,2200.0,14.6,S
2021-06-07T09:56:56,2100.0,14.6,S
2021-06-07T09:56:56,6200.0,14.6,S
2021-06-07T09:56:56,10100.0,14.6,S
2021-06-07T09:56:53,200.0,14.6,S
2021-06-07T09:56:49,300.0,14.6,S
2021-06-07T09:56:45,900.0,14.6,S
2021-06-07T09:56:40,200.0,14.65,S
2021-06-07T09:56:31,500.0,14.6,S
2021-06-07T09:56:30,100.0,14.6,S
2021-06-07T09:56:27,25200.0,14.6,S
2021-06-07T09:56:16,100.0,14.6,S
2021-06-07T09:56:10,17000.0,14.6,S
2021-06-07T09:56:05,8000.0,14.65,S
2021-06-07T09:56:05,2000.0,14.6,S
2021-06-07T09:55:58,7100.0,14.6,S
2021-06-07T09:55:58,3700.0,14.6,S
2021-06-07T09:55:58,6400.0,14.6,S
2021-06-07T09:55:58,300.0,14.6,S
2021-06-07T09:55:58,6200.0,14.6,S
2021-06-07T09:55:58,300.0,14.6,S
2021-06-07T09:55:58,300.0,14.6,S
2021-06-07T09:55:58,7000.0,14.6,S
2021-06-07T09:55:57,6200.0,14.6,S
2021-06-07T09:55:49,25500.0,14.6,S
2021-06-07T09:55:46,1000.0,14.65,S
2021-06-07T09:55:41,100.0,14.65,S
2021-06-07T09:55:26,200.0,14.6,S
2021-06-07T09:55:26,1300.0,14.65,S
2021-06-07T09:55:26,400.0,14.6,S
2021-06-07T09:55:19,500.0,14.6,S
2021-06-07T09:55:15,500.0,14.6,S
2021-06-07T09:55:15,800.0,14.6,S
2021-06-07T09:55:06,100.0,14.6,S
2021-06-07T09:55:04,5400.0,14.6,S
2021-06-07T09:54:38,1900.0,14.7,B
2021-06-07T09:54:38,100.0,14.65,S
2021-06-07T09:54:37,400.0,14.6,S
2021-06-07T09:54:18,100.0,14.6,S
2021-06-07T09:53:42,7600.0,14.6,S
2021-06-07T09:53:42,5000.0,14.6,S
2021-06-07T09:53:42,6100.0,14.6,S
2021-06-07T09:53:42,2400.0,14.6,S
2021-06-07T09:53:42,11900.0,14.6,S
2021-06-07T09:52:53,1400.0,14.6,B
2021-06-07T09:52:30,3000.0,14.6,B
2021-06-07T09:52:26,2000.0,14.6,B
2021-06-07T09:52:20,300.0,14.6,B
2021-06-07T09:52:17,500.0,14.7,B
2021-06-07T09:52:14,3500.0,14.7,B
2021-06-07T09:52:12,1000.0,14.6,B
2021-06-07T09:52:07,8000.0,14.6,B
2021-06-07T09:51:47,100.0,14.6,B
2021-06-07T09:51:40,4000.0,14.6,B
2021-06-07T09:51:40,300.0,14.6,B
2021-06-07T09:51:40,2700.0,14.6,B
2021-06-07T09:51:25,100.0,14.6,B
2021-06-07T09:51:22,5000.0,14.7,B
2021-06-07T09:51:06,1500.0,14.6,B
2021-06-07T09:51:04,500.0,14.6,B
2021-06-07T09:50:59,1000.0,14.6,B
2021-06-07T09:50:46,5000.0,14.7,B
2021-06-07T09:50:43,6000.0,14.7,B
2021-06-07T09:50:16,500.0,14.6,B
2021-06-07T09:49:58,1000.0,14.6,B
2021-06-07T09:49:56,1000.0,14.6,B
2021-06-07T09:49:48,100.0,14.6,B
2021-06-07T09:49:30,2000.0,14.65,B
2021-06-07T09:49:04,200.0,14.6,B
2021-06-07T09:49:01,500.0,14.7,B
2021-06-07T09:48:56,1300.0,14.6,B
2021-06-07T09:48:52,100.0,14.65,B
2021-06-07T09:48:45,500.0,14.7,B
2021-06-07T09:48:43,100.0,14.6,B
2021-06-07T09:48:34,200.0,14.6,B
2021-06-07T09:48:30,100.0,14.6,B
2021-06-07T09:48:15,10200.0,14.6,B
2021-06-07T09:48:14,100.0,14.65,B
2021-06-07T09:48:09,100.0,14.65,B
2021-06-07T09:47:49,1200.0,14.7,B
2021-06-07T09:47:49,1600.0,14.7,B
2021-06-07T09:47:49,7600.0,14.7,B
2021-06-07T09:47:49,1600.0,14.7,B
2021-06-07T09:47:49,1500.0,14.7,B
2021-06-07T09:47:43,100.0,14.6,B
2021-06-07T09:47:34,100.0,14.6,B
2021-06-07T09:47:16,200.0,14.7,B
2021-06-07T09:47:12,1500.0,14.7,B
2021-06-07T09:46:46,1200.0,14.6,B
2021-06-07T09:46:37,1300.0,14.7,B
2021-06-07T09:46:21,100.0,14.6,B
2021-06-07T09:46:13,300.0,14.7,B
2021-06-07T09:46:11,100.0,14.55,S
2021-06-07T09:46:11,300.0,14.55,S
2021-06-07T09:46:11,1200.0,14.55,S
2021-06-07T09:46:09,1700.0,14.7,B
2021-06-07T09:46:09,300.0,14.7,B
2021-06-07T09:46:09,8000.0,14.7,B
2021-06-07T09:46:08,200.0,14.6,B
2021-06-07T09:46:06,500.0,14.6,B
2021-06-07T09:45:53,500.0,14.6,B
2021-06-07T09:45:45,1100.0,14.6,B
2021-06-07T09:45:29,5900.0,14.6,B
2021-06-07T09:45:27,2000.0,14.7,B
2021-06-07T09:45:22,5900.0,14.6,B
2021-06-07T09:45:16,600.0,14.6,B
2021-06-07T09:45:16,500.0,14.6,B
2021-06-07T09:45:15,200.0,14.6,B
2021-06-07T09:45:14,200.0,14.6,B
2021-06-07T09:45:08,100.0,14.5,S
2021-06-07T09:45:07,600.0,14.6,B
2021-06-07T09:44:52,100.0,14.6,S
2021-06-07T09:44:42,200.0,14.6,S
2021-06-07T09:44:40,2000.0,14.6,S
2021-06-07T09:44:38,200.0,14.6,S
2021-06-07T09:44:36,2100.0,14.5,S
2021-06-07T09:44:36,200.0,14.55,S
2021-06-07T09:44:35,2300.0,14.55,S
2021-06-07T09:44:35,1000.0,14.55,S
2021-06-07T09:44:35,8200.0,14.55,S
2021-06-07T09:44:35,2100.0,14.55,S
2021-06-07T09:44:35,4100.0,14.55,S
2021-06-07T09:44:31,200.0,14.6,S
2021-06-07T09:44:25,100.0,14.6,S
2021-06-07T09:44:24,100.0,14.6,S
2021-06-07T09:44:22,2400.0,14.55,S
2021-06-07T09:44:22,1500.0,14.55,S
2021-06-07T09:44:22,6400.0,14.55,S
2021-06-07T09:44:13,200.0,14.6,S
2021-06-07T09:44:11,200.0,14.6,S
2021-06-07T09:44:08,6700.0,14.6,S
2021-06-07T09:44:08,500.0,14.6,S
2021-06-07T09:44:08,7800.0,14.6,S
2021-06-07T09:44:05,100.0,14.6,S
2021-06-07T09:43:59,1000.0,14.6,S
2021-06-07T09:43:43,3000.0,14.6,S
2021-06-07T09:43:39,500.0,14.6,S
2021-06-07T09:43:31,100.0,14.6,S
2021-06-07T09:43:30,300.0,14.55,S
2021-06-07T09:43:29,1700.0,14.55,S
2021-06-07T09:43:21,4200.0,14.6,S
2021-06-07T09:43:19,500.0,14.6,S
2021-06-07T09:43:19,200.0,14.6,S
2021-06-07T09:43:11,1000.0,14.6,S
2021-06-07T09:43:03,100.0,14.6,S
2021-06-07T09:43:00,1000.0,14.6,S
2021-06-07T09:42:48,100.0,14.6,S
2021-06-07T09:42:46,100.0,14.6,S
2021-06-07T09:42:41,2400.0,14.6,S
2021-06-07T09:42:39,300.0,14.6,S
2021-06-07T09:42:39,400.0,14.6,S
2021-06-07T09:42:38,600.0,14.6,S
2021-06-07T09:42:19,5000.0,14.55,S
2021-06-07T09:42:14,2000.0,14.7,S
2021-06-07T09:42:12,1800.0,14.6,S
2021-06-07T09:42:11,1800.0,14.6,S
2021-06-07T09:42:11,600.0,14.6,S
2021-06-07T09:42:11,900.0,14.6,S
2021-06-07T09:42:07,1000.0,14.55,S
2021-06-07T09:42:03,500.0,14.6,S
2021-06-07T09:42:00,1000.0,14.6,S
2021-06-07T09:41:58,600.0,14.55,S
2021-06-07T09:41:52,100.0,14.6,S
2021-06-07T09:41:49,500.0,14.55,S
2021-06-07T09:41:42,100.0,14.6,S
2021-06-07T09:41:41,2000.0,14.6,S
2021-06-07T09:41:41,4000.0,14.6,S
2021-06-07T09:41:39,400.0,14.6,S
2021-06-07T09:41:37,500.0,14.6,S
2021-06-07T09:41:37,100.0,14.6,S
2021-06-07T09:41:37,200.0,14.6,S
2021-06-07T09:41:26,200.0,14.6,S
2021-06-07T09:41:24,2300.0,14.55,S
2021-06-07T09:41:24,200.0,14.55,S
2021-06-07T09:41:24,2300.0,14.55,S
2021-06-07T09:41:24,5000.0,14.55,S
2021-06-07T09:41:22,3400.0,14.55,S
2021-06-07T09:41:19,100.0,14.6,S
2021-06-07T09:41:18,1000.0,14.6,S
2021-06-07T09:41:08,100.0,14.6,S
2021-06-07T09:41:01,500.0,14.6,S
2021-06-07T09:40:56,400.0,14.6,S
2021-06-07T09:40:54,2000.0,14.55,S
2021-06-07T09:40:53,1000.0,14.6,S
2021-06-07T09:40:52,100.0,14.6,S
2021-06-07T09:40:50,300.0,14.6,S
2021-06-07T09:40:47,200.0,14.6,S
2021-06-07T09:40:41,100.0,14.6,S
2021-06-07T09:40:26,500.0,14.6,S
2021-06-07T09:40:23,100.0,14.6,S
2021-06-07T09:40:03,700.0,14.6,S
2021-06-07T09:39:51,3000.0,14.6,S
2021-06-07T09:39:46,2000.0,14.6,S
2021-06-07T09:39:40,300.0,14.6,S
2021-06-07T09:39:38,200.0,14.55,S
2021-06-07T09:39:23,100.0,14.6,S
2021-06-07T09:39:11,100.0,14.6,S
2021-06-07T09:39:11,1000.0,14.6,S
2021-06-07T09:38:53,1000.0,14.6,S
2021-06-07T09:38:42,500.0,14.6,S
2021-06-07T09:38:41,1000.0,14.6,S
2021-06-07T09:38:40,100.0,14.6,S
2021-06-07T09:38:35,3000.0,14.6,S
2021-06-07T09:38:32,1000.0,14.6,S
2021-06-07T09:38:31,500.0,14.55,S
2021-06-07T09:38:26,100.0,14.6,S
2021-06-07T09:38:26,1000.0,14.6,S
2021-06-07T09:38:21,100.0,14.6,S
2021-06-07T09:38:20,100.0,14.6,S
2021-06-07T09:38:16,1000.0,14.6,S
2021-06-07T09:38:15,200.0,14.6,S
2021-06-07T09:38:14,1000.0,14.6,S
2021-06-07T09:38:13,15000.0,14.6,S
2021-06-07T09:38:07,800.0,14.6,S
2021-06-07T09:38:02,10000.0,14.6,S
2021-06-07T09:38:02,100.0,14.6,S
2021-06-07T09:38:00,3000.0,14.6,S
2021-06-07T09:37:55,500.0,14.6,S
2021-06-07T09:37:48,500.0,14.6,S
2021-06-07T09:37:46,5000.0,14.6,S
2021-06-07T09:37:42,800.0,14.6,S
2021-06-07T09:37:36,1300.0,14.6,S
2021-06-07T09:37:32,300.0,14.6,S
2021-06-07T09:37:31,400.0,14.6,S
2021-06-07T09:37:22,2400.0,14.6,S
2021-06-07T09:37:22,600.0,14.6,S
2021-06-07T09:37:22,800.0,14.6,S
2021-06-07T09:37:22,200.0,14.6,S
2021-06-07T09:37:22,2500.0,14.6,S
2021-06-07T09:37:22,100.0,14.6,S
2021-06-07T09:37:22,1100.0,14.6,S
2021-06-07T09:37:22,5800.0,14.6,S
2021-06-07T09:37:22,3000.0,14.6,S
2021-06-07T09:37:22,200.0,14.6,S
2021-06-07T09:37:22,4500.0,14.6,S
2021-06-07T09:37:22,200.0,14.6,S
2021-06-07T09:37:22,5800.0,14.6,S
2021-06-07T09:37:20,6100.0,14.6,S
2021-06-07T09:37:20,11200.0,14.6,S
2021-06-07T09:37:20,1100.0,14.6,S
2021-06-07T09:37:20,100.0,14.6,S
2021-06-07T09:37:20,5500.0,14.6,S
2021-06-07T09:37:20,1800.0,14.6,S
2021-06-07T09:37:20,800.0,14.6,S
2021-06-07T09:37:20,10200.0,14.6,S
2021-06-07T09:37:20,6100.0,14.6,S
2021-06-07T09:37:20,10900.0,14.6,S
2021-06-07T09:37:20,3000.0,14.6,S
2021-06-07T09:37:20,47100.0,14.6,S
2021-06-07T09:36:59,500.0,14.8,B
2021-06-07T09:36:59,200.0,14.8,B
2021-06-07T09:36:59,1300.0,14.8,B
2021-06-07T09:36:54,4200.0,14.7,S
2021-06-07T09:36:39,200.0,14.7,S
2021-06-07T09:36:32,500.0,14.7,S
2021-06-07T09:36:31,300.0,14.7,S
2021-06-07T09:36:29,2000.0,14.8,B
2021-06-07T09:36:22,1000.0,14.8,B
2021-06-07T09:36:20,1900.0,14.8,B
2021-06-07T09:36:20,1300.0,14.8,B
2021-06-07T09:36:05,100.0,14.8,B
2021-06-07T09:36:03,200.0,14.8,B
2021-06-07T09:35:46,2500.0,14.8,B
2021-06-07T09:35:39,600.0,14.8,B
2021-06-07T09:35:32,300.0,14.8,B
2021-06-07T09:35:31,500.0,14.7,S
2021-06-07T09:35:27,500.0,14.7,S
2021-06-07T09:35:16,1000.0,14.7,S
2021-06-07T09:35:15,100.0,14.7,S
2021-06-07T09:35:12,3000.0,14.7,S
2021-06-07T09:35:11,100.0,14.7,S
2021-06-07T09:35:06,100.0,14.7,S
2021-06-07T09:35:04,500.0,14.7,S
2021-06-07T09:35:02,1000.0,14.7,S
2021-06-07T09:35:02,20500.0,14.7,S
2021-06-07T09:35:02,5600.0,14.7,S
2021-06-07T09:35:02,1000.0,14.7,S
2021-06-07T09:35:02,2200.0,14.7,S
2021-06-07T09:35:02,6900.0,14.7,S
2021-06-07T09:35:02,500.0,14.7,S
2021-06-07T09:35:02,6300.0,14.7,S
2021-06-07T09:35:00,11000.0,14.7,S
2021-06-07T09:35:00,800.0,14.8,B
2021-06-07T09:34:53,200.0,14.8,B
2021-06-07T09:34:43,200.0,14.8,B
2021-06-07T09:34:41,200.0,14.8,B
2021-06-07T09:34:37,1000.0,14.8,B
2021-06-07T09:34:31,5000.0,14.8,B
2021-06-07T09:34:25,200.0,14.8,B
2021-06-07T09:34:23,100.0,14.8,B
2021-06-07T09:34:18,400.0,14.8,B
2021-06-07T09:34:15,1600.0,14.8,B
2021-06-07T09:34:03,200.0,14.8,B
2021-06-07T09:34:03,100.0,14.8,B
2021-06-07T09:33:59,2400.0,14.8,B
2021-06-07T09:33:57,800.0,14.8,B
2021-06-07T09:33:37,5400.0,14.7,S
2021-06-07T09:33:37,4600.0,14.75,S
2021-06-07T09:33:29,100.0,14.85,B
2021-06-07T09:33:29,600.0,14.8,B
2021-06-07T09:33:27,500.0,14.85,B
2021-06-07T09:33:22,1000.0,14.8,B
2021-06-07T09:33:12,500.0,14.8,B
2021-06-07T09:33:06,100.0,14.85,B
2021-06-07T09:32:58,100.0,14.85,B
2021-06-07T09:32:48,100.0,14.8,B
2021-06-07T09:32:34,400.0,14.8,B
2021-06-07T09:32:25,1500.0,14.8,B
2021-06-07T09:32:22,3000.0,14.85,B
2021-06-07T09:32:02,2000.0,14.8,B
2021-06-07T09:31:41,100.0,14.8,B
2021-06-07T09:31:40,100.0,14.8,B
2021-06-07T09:31:34,300.0,14.8,B
2021-06-07T09:31:25,300.0,14.8,B
2021-06-07T09:31:14,300.0,14.8,B
2021-06-07T09:30:58,1000.0,14.85,B
2021-06-07T09:30:47,2000.0,14.85,B
2021-06-07T09:30:45,100.0,14.8,B
2021-06-07T09:30:37,500.0,14.85,B
2021-06-07T09:30:29,10000.0,14.85,B
2021-06-07T09:30:17,3200.0,14.7,S
2021-06-07T09:30:17,500.0,14.7,S
2021-06-07T09:30:17,3500.0,14.8,B
2021-06-07T09:30:17,3100.0,14.8,B
2021-06-07T09:30:14,300.0,14.8,B
2021-06-07T09:30:14,600.0,14.8,B
2021-06-07T09:30:14,1100.0,14.8,B
2021-06-07T09:30:12,200.0,14.85,B
2021-06-07T09:30:04,1000.0,14.85,B
2021-06-07T09:29:46,300.0,14.8,B
2021-06-07T09:29:43,2000.0,14.8,B
2021-06-07T09:29:26,200.0,14.8,B
2021-06-07T09:28:37,1000.0,14.85,B
2021-06-07T09:28:34,10000.0,14.8,B
2021-06-07T09:28:17,200.0,14.8,B
2021-06-07T09:28:13,200.0,14.85,B
2021-06-07T09:28:02,500.0,14.8,B
2021-06-07T09:27:47,5000.0,14.85,B
2021-06-07T09:27:43,500.0,14.8,B
2021-06-07T09:27:34,1000.0,14.7,S
2021-06-07T09:27:30,800.0,14.8,S
2021-06-07T09:27:30,30800.0,14.8,S
2021-06-07T09:27:25,1800.0,14.8,S
2021-06-07T09:27:23,100.0,14.8,S
2021-06-07T09:27:17,500.0,14.85,S
2021-06-07T09:27:12,500.0,14.85,S
2021-06-07T09:27:09,1000.0,14.8,S
2021-06-07T09:27:08,500.0,14.85,S
2021-06-07T09:26:59,300.0,14.8,S
2021-06-07T09:26:53,1000.0,14.8,S
2021-06-07T09:26:48,1000.0,14.85,S
2021-06-07T09:26:37,5000.0,14.8,S
2021-06-07T09:26:29,10000.0,14.85,S
2021-06-07T09:25:59,1000.0,14.8,S
2021-06-07T09:25:58,3000.0,14.8,S
2021-06-07T09:25:43,1000.0,14.8,S
2021-06-07T09:25:41,500.0,14.8,S
2021-06-07T09:25:20,4000.0,14.85,S
2021-06-07T09:25:19,200.0,14.85,S
2021-06-07T09:25:09,1000.0,14.85,S
2021-06-07T09:24:56,1000.0,14.85,S
2021-06-07T09:24:45,1000.0,14.8,S
2021-06-07T09:24:44,1000.0,14.8,S
2021-06-07T09:24:40,300.0,14.8,S
2021-06-07T09:24:36,200.0,14.8,S
2021-06-07T09:24:36,500.0,14.8,S
2021-06-07T09:24:29,1500.0,14.8,S
2021-06-07T09:24:26,200.0,14.8,S
2021-06-07T09:24:21,500.0,14.85,S
2021-06-07T09:24:10,4000.0,14.85,S
2021-06-07T09:23:56,600.0,14.9,B
2021-06-07T09:23:55,14200.0,14.8,S
2021-06-07T09:23:55,600.0,14.8,S
2021-06-07T09:23:55,400.0,14.8,S
2021-06-07T09:23:54,4800.0,14.8,S
2021-06-07T09:23:50,400.0,14.9,B
2021-06-07T09:23:49,5600.0,14.8,S
2021-06-07T09:23:45,2000.0,14.8,S
2021-06-07T09:23:09,1000.0,14.8,S
2021-06-07T09:23:07,2000.0,14.8,S
2021-06-07T09:23:05,500.0,14.9,B
2021-06-07T09:23:04,5000.0,14.9,B
2021-06-07T09:22:56,1000.0,14.85,S
2021-06-07T09:22:45,200.0,14.8,S
2021-06-07T09:22:39,600.0,14.85,S
2021-06-07T09:22:34,1000.0,14.85,S
2021-06-07T09:22:31,1000.0,14.8,S
2021-06-07T09:22:30,500.0,14.8,S
2021-06-07T09:22:27,1000.0,14.8,S
2021-06-07T09:22:13,400.0,14.85,S
2021-06-07T09:22:05,300.0,14.8,S
2021-06-07T09:22:02,1000.0,14.85,S
2021-06-07T09:21:54,2000.0,14.8,S
2021-06-07T09:21:30,3000.0,14.8,S
2021-06-07T09:21:22,200.0,14.8,S
2021-06-07T09:21:16,2000.0,14.8,S
2021-06-07T09:21:14,100.0,14.8,S
2021-06-07T09:21:13,500.0,14.85,S
2021-06-07T09:21:12,400.0,14.8,S
2021-06-07T09:21:04,200.0,14.85,S
2021-06-07T09:20:53,1000.0,14.85,S
2021-06-07T09:20:52,1600.0,14.8,S
2021-06-07T09:20:50,300.0,14.8,S
2021-06-07T09:20:50,2000.0,14.85,S
2021-06-07T09:20:24,100.0,14.8,S
2021-06-07T09:20:24,500.0,14.8,S
2021-06-07T09:20:20,700.0,14.8,S
2021-06-07T09:20:17,2100.0,14.8,S
2021-06-07T09:20:09,100.0,14.8,S
2021-06-07T09:20:04,300.0,14.8,S
2021-06-07T09:20:04,3000.0,14.8,S
2021-06-07T09:19:54,100.0,14.8,S
2021-06-07T09:19:31,600.0,14.65,S
2021-06-07T09:19:25,700.0,14.65,S
2021-06-07T09:19:24,200.0,14.65,S
2021-06-07T09:19:22,200.0,14.65,S
2021-06-07T09:19:17,500.0,14.65,S
2021-06-07T09:19:14,500.0,14.65,S
2021-06-07T09:19:08,1800.0,14.6,S
2021-06-07T09:18:59,1000.0,14.9,B
2021-06-07T09:18:58,500.0,14.6,S
2021-06-07T09:18:53,400.0,14.6,S
2021-06-07T09:18:49,1000.0,14.6,S
2021-06-07T09:18:49,500.0,14.6,S
2021-06-07T09:18:47,100.0,14.6,S
2021-06-07T09:18:47,1000.0,14.6,S
2021-06-07T09:18:47,300.0,14.6,S
2021-06-07T09:18:32,2000.0,14.6,S
2021-06-07T09:17:54,1100.0,14.6,S
2021-06-07T09:17:54,400.0,14.6,S
2021-06-07T09:17:53,500.0,14.65,S
2021-06-07T09:17:51,600.0,14.9,B
2021-06-07T09:17:44,300.0,14.9,B
2021-06-07T09:17:44,400.0,14.9,B
2021-06-07T09:17:26,300.0,14.9,B
2021-06-07T09:17:24,10000.0,14.55,S
2021-06-07T09:17:24,1000.0,14.9,B
2021-06-07T09:17:23,100.0,14.6,S
2021-06-07T09:17:15,1900.0,14.55,S
2021-06-07T09:17:14,1000.0,14.55,S
2021-06-07T09:17:09,200.0,14.8,S
2021-06-07T09:16:56,10000.0,14.55,S
2021-06-07T09:16:52,700.0,14.55,S
2021-06-07T09:16:50,3000.0,14.55,S
2021-06-07T09:16:46,100.0,14.6,S
2021-06-07T09:16:45,500.0,14.6,S
2021-06-07T09:16:40,4000.0,14.55,S
2021-06-07T09:16:40,500.0,14.9,B
2021-06-07T09:16:14,200.0,14.55,S
2021-06-07T09:16:05,500.0,14.5,S
2021-06-07T09:16:00,300.0,14.9,B
2021-06-07T09:15:57,2000.0,14.5,S
2021-06-07T09:15:50,1700.0,14.5,S
