tradingTime,volume,price,side
2021-06-07T14:59:56,100.0,20.3,B
2021-06-07T14:59:56,200.0,20.3,B
2021-06-07T14:59:51,200.0,20.3,B
2021-06-07T14:59:51,500.0,20.3,B
2021-06-07T14:59:51,1000.0,20.3,B
2021-06-07T14:59:46,2500.0,20.3,B
2021-06-07T14:59:46,1000.0,20.3,B
2021-06-07T14:59:46,300.0,20.3,B
2021-06-07T14:59:41,500.0,20.3,B
2021-06-07T14:59:36,100.0,20.3,B
2021-06-07T14:59:31,1000.0,20.3,B
2021-06-07T14:59:28,1000.0,20.3,B
2021-06-07T14:59:26,200.0,20.3,B
2021-06-07T14:59:21,100.0,20.3,B
2021-06-07T14:59:16,2000.0,20.2,S
2021-06-07T14:59:16,2000.0,20.3,B
2021-06-07T14:59:06,4300.0,20.3,B
2021-06-07T14:59:01,500.0,20.3,B
2021-06-07T14:58:56,400.0,20.3,B
2021-06-07T14:58:56,1200.0,20.3,B
2021-06-07T14:58:53,3000.0,20.3,B
2021-06-07T14:58:46,500.0,20.3,B
2021-06-07T14:58:41,1500.0,20.3,B
2021-06-07T14:58:36,38800.0,20.3,B
2021-06-07T14:58:36,500.0,20.3,S
2021-06-07T14:58:26,10000.0,20.4,B
2021-06-07T14:58:18,500.0,20.4,B
2021-06-07T14:58:16,6700.0,20.3,S
2021-06-07T14:58:01,5200.0,20.3,S
2021-06-07T14:57:56,500.0,20.3,S
2021-06-07T14:57:56,7200.0,20.3,S
2021-06-07T14:57:54,500.0,20.3,B
2021-06-07T14:57:54,100.0,20.3,B
2021-06-07T14:57:51,500.0,20.3,B
2021-06-07T14:57:37,300.0,20.3,B
2021-06-07T14:57:26,2000.0,20.3,B
2021-06-07T14:57:16,200.0,20.2,S
2021-06-07T14:57:16,200.0,20.3,B
2021-06-07T14:56:56,200.0,20.3,B
2021-06-07T14:56:56,5000.0,20.3,B
2021-06-07T14:56:56,2000.0,20.3,B
2021-06-07T14:56:51,1000.0,20.3,B
2021-06-07T14:56:46,5000.0,20.3,B
2021-06-07T14:56:46,100.0,20.3,B
2021-06-07T14:56:41,500.0,20.3,B
2021-06-07T14:56:41,100.0,20.3,B
2021-06-07T14:56:21,1100.0,20.3,B
2021-06-07T14:56:21,400.0,20.3,B
2021-06-07T14:56:01,400.0,20.3,B
2021-06-07T14:56:01,300.0,20.3,B
2021-06-07T14:55:56,100.0,20.3,B
2021-06-07T14:55:46,500.0,20.3,B
2021-06-07T14:55:46,100.0,20.3,B
2021-06-07T14:55:36,24200.0,20.3,S
2021-06-07T14:55:16,1000.0,20.4,B
2021-06-07T14:54:36,2300.0,20.4,B
2021-06-07T14:54:36,700.0,20.4,B
2021-06-07T14:54:31,100.0,20.4,B
2021-06-07T14:54:14,500.0,20.3,S
2021-06-07T14:53:46,7000.0,20.3,S
2021-06-07T14:53:36,33000.0,20.3,S
2021-06-07T14:53:31,1400.0,20.3,S
2021-06-07T14:53:28,10000.0,20.3,S
2021-06-07T14:53:26,100.0,20.3,S
2021-06-07T14:53:23,500.0,20.3,S
2021-06-07T14:53:11,2000.0,20.3,S
2021-06-07T14:52:51,1000.0,20.3,S
2021-06-07T14:52:48,1100.0,20.3,B
2021-06-07T14:52:46,24400.0,20.3,S
2021-06-07T14:52:45,1700.0,20.3,S
2021-06-07T14:52:26,1000.0,20.3,S
2021-06-07T14:52:21,3000.0,20.3,S
2021-06-07T14:52:11,3000.0,20.3,S
2021-06-07T14:52:01,2000.0,20.3,S
2021-06-07T14:51:56,100.0,20.3,S
2021-06-07T14:51:56,300.0,20.3,S
2021-06-07T14:51:46,80000.0,20.3,S
2021-06-07T14:51:16,100.0,20.4,B
2021-06-07T14:51:11,200.0,20.3,S
2021-06-07T14:51:11,200.0,20.3,S
2021-06-07T14:51:08,1000.0,20.3,S
2021-06-07T14:50:41,100.0,20.3,S
2021-06-07T14:50:23,500.0,20.3,S
2021-06-07T14:50:16,4000.0,20.3,S
2021-06-07T14:50:06,1000.0,20.3,S
2021-06-07T14:50:06,1000.0,20.3,S
2021-06-07T14:50:01,10000.0,20.3,S
2021-06-07T14:49:58,1400.0,20.3,S
2021-06-07T14:49:51,500.0,20.3,S
2021-06-07T14:49:45,4500.0,20.3,S
2021-06-07T14:49:38,5000.0,20.3,S
2021-06-07T14:49:38,200.0,20.3,S
2021-06-07T14:49:31,200.0,20.3,S
2021-06-07T14:49:06,2000.0,20.3,S
2021-06-07T14:49:01,1000.0,20.3,S
2021-06-07T14:48:56,100.0,20.3,S
2021-06-07T14:48:53,5000.0,20.3,S
2021-06-07T14:48:53,1000.0,20.3,S
2021-06-07T14:48:48,400.0,20.3,S
2021-06-07T14:48:46,5000.0,20.3,S
2021-06-07T14:48:39,1000.0,20.3,S
2021-06-07T14:48:20,600.0,20.3,S
2021-06-07T14:48:11,2000.0,20.3,S
2021-06-07T14:48:01,500.0,20.3,S
2021-06-07T14:47:57,200.0,20.3,S
2021-06-07T14:47:41,6000.0,20.3,S
2021-06-07T14:47:08,5000.0,20.3,S
2021-06-07T14:47:01,4000.0,20.3,S
2021-06-07T14:46:46,1000.0,20.3,S
2021-06-07T14:46:26,100.0,20.4,B
2021-06-07T14:46:10,4300.0,20.3,S
2021-06-07T14:46:01,1000.0,20.3,S
2021-06-07T14:45:41,200.0,20.3,S
2021-06-07T14:45:28,100.0,20.3,S
2021-06-07T14:44:51,100.0,20.3,S
2021-06-07T14:44:31,5000.0,20.3,S
2021-06-07T14:44:31,300.0,20.3,B
2021-06-07T14:44:21,4700.0,20.3,S
2021-06-07T14:44:06,1000.0,20.3,S
2021-06-07T14:43:56,1000.0,20.4,B
2021-06-07T14:43:51,700.0,20.3,S
2021-06-07T14:43:51,100.0,20.4,B
2021-06-07T14:43:46,1000.0,20.3,S
2021-06-07T14:43:41,100.0,20.4,B
2021-06-07T14:43:36,200.0,20.3,S
2021-06-07T14:43:27,2000.0,20.3,B
2021-06-07T14:43:21,1600.0,20.3,S
2021-06-07T14:43:21,3800.0,20.4,B
2021-06-07T14:43:16,1500.0,20.3,S
2021-06-07T14:43:06,100.0,20.3,S
2021-06-07T14:43:06,7000.0,20.3,B
2021-06-07T14:42:56,800.0,20.3,B
2021-06-07T14:42:51,8700.0,20.3,B
2021-06-07T14:42:51,1700.0,20.3,S
2021-06-07T14:42:41,1700.0,20.3,S
2021-06-07T14:42:27,300.0,20.3,S
2021-06-07T14:42:26,500.0,20.3,S
2021-06-07T14:42:16,200.0,20.3,S
2021-06-07T14:42:06,400.0,20.3,S
2021-06-07T14:41:46,600.0,20.3,S
2021-06-07T14:41:41,5000.0,20.3,S
2021-06-07T14:41:31,10000.0,20.3,S
2021-06-07T14:41:27,100.0,20.4,B
2021-06-07T14:41:21,30000.0,20.3,S
2021-06-07T14:41:21,1000.0,20.3,S
2021-06-07T14:41:11,200.0,20.3,S
2021-06-07T14:41:06,5000.0,20.3,S
2021-06-07T14:41:01,1000.0,20.3,S
2021-06-07T14:40:56,3000.0,20.3,S
2021-06-07T14:40:56,3500.0,20.3,S
2021-06-07T14:40:51,500.0,20.3,S
2021-06-07T14:40:41,300.0,20.3,S
2021-06-07T14:40:41,10000.0,20.3,S
2021-06-07T14:40:31,2000.0,20.3,S
2021-06-07T14:40:31,100.0,20.3,S
2021-06-07T14:40:27,10000.0,20.3,S
2021-06-07T14:40:26,100.0,20.3,S
2021-06-07T14:40:21,10000.0,20.3,S
2021-06-07T14:40:16,15000.0,20.3,S
2021-06-07T14:39:56,100.0,20.3,S
2021-06-07T14:39:56,200.0,20.3,S
2021-06-07T14:39:46,5900.0,20.3,S
2021-06-07T14:39:41,6000.0,20.3,S
2021-06-07T14:39:41,2000.0,20.4,B
2021-06-07T14:39:41,900.0,20.3,S
2021-06-07T14:39:41,100.0,20.3,S
2021-06-07T14:39:27,15200.0,20.3,S
2021-06-07T14:39:27,1000.0,20.3,S
2021-06-07T14:39:26,120000.0,20.4,B
2021-06-07T14:39:21,100.0,20.4,B
2021-06-07T14:39:16,10900.0,20.3,S
2021-06-07T14:39:06,170900.0,20.3,S
2021-06-07T14:38:56,200.0,20.3,S
2021-06-07T14:38:46,100.0,20.3,S
2021-06-07T14:38:31,500.0,20.3,S
2021-06-07T14:38:26,10000.0,20.3,S
2021-06-07T14:38:16,10500.0,20.3,S
2021-06-07T14:38:06,2000.0,20.3,S
2021-06-07T14:38:01,1500.0,20.4,B
2021-06-07T14:37:56,3000.0,20.4,B
2021-06-07T14:37:46,1000.0,20.4,B
2021-06-07T14:37:46,200.0,20.4,B
2021-06-07T14:37:46,100.0,20.3,S
2021-06-07T14:37:26,100.0,20.4,B
2021-06-07T14:37:16,500.0,20.4,B
2021-06-07T14:37:11,1500.0,20.3,S
2021-06-07T14:37:01,4200.0,20.4,B
2021-06-07T14:37:01,10000.0,20.4,B
2021-06-07T14:36:56,100.0,20.4,B
2021-06-07T14:36:36,2000.0,20.4,B
2021-06-07T14:36:11,500.0,20.4,B
2021-06-07T14:36:11,1900.0,20.4,B
2021-06-07T14:35:51,500.0,20.4,B
2021-06-07T14:35:41,30100.0,20.4,B
2021-06-07T14:35:30,100.0,20.4,B
2021-06-07T14:35:26,8500.0,20.4,B
2021-06-07T14:35:26,1000.0,20.3,S
2021-06-07T14:35:16,2000.0,20.3,S
2021-06-07T14:34:41,300.0,20.3,S
2021-06-07T14:34:26,5000.0,20.3,S
2021-06-07T14:34:21,3000.0,20.3,S
2021-06-07T14:34:16,100.0,20.4,B
2021-06-07T14:34:01,1500.0,20.4,B
2021-06-07T14:33:56,700.0,20.4,B
2021-06-07T14:33:51,200.0,20.4,B
2021-06-07T14:33:51,900.0,20.4,B
2021-06-07T14:33:41,1300.0,20.4,B
2021-06-07T14:33:36,1200.0,20.4,B
2021-06-07T14:33:27,2000.0,20.4,B
2021-06-07T14:33:21,300.0,20.4,B
2021-06-07T14:33:01,2000.0,20.4,B
2021-06-07T14:32:35,200.0,20.4,B
2021-06-07T14:32:11,2000.0,20.3,S
2021-06-07T14:32:06,700.0,20.4,B
2021-06-07T14:31:56,5000.0,20.3,S
2021-06-07T14:31:51,100.0,20.4,B
2021-06-07T14:31:51,2100.0,20.4,B
2021-06-07T14:31:41,2000.0,20.4,B
2021-06-07T14:31:31,900.0,20.4,B
2021-06-07T14:31:26,100.0,20.4,B
2021-06-07T14:31:26,300.0,20.4,B
2021-06-07T14:31:11,1000.0,20.4,B
2021-06-07T14:31:01,500.0,20.4,B
2021-06-07T14:30:51,10300.0,20.4,B
2021-06-07T14:30:41,2000.0,20.4,B
2021-06-07T14:30:31,100.0,20.4,B
2021-06-07T14:30:27,1400.0,20.4,B
2021-06-07T14:30:21,100.0,20.4,B
2021-06-07T14:30:06,400.0,20.4,B
2021-06-07T14:30:03,100.0,20.4,B
2021-06-07T14:29:59,1000.0,20.4,B
2021-06-07T14:29:55,200.0,20.4,B
2021-06-07T14:29:49,2300.0,20.3,S
2021-06-07T14:29:48,2000.0,20.4,B
2021-06-07T14:29:42,1000.0,20.4,B
2021-06-07T14:29:39,1000.0,20.4,B
2021-06-07T14:29:36,1400.0,20.3,S
2021-06-07T14:29:35,5700.0,20.4,B
2021-06-07T14:29:31,400.0,20.4,B
2021-06-07T14:29:27,2400.0,20.4,B
2021-06-07T14:29:18,1000.0,20.4,B
2021-06-07T14:29:12,200.0,20.4,B
2021-06-07T14:29:12,1200.0,20.3,S
2021-06-07T14:29:11,100.0,20.4,B
2021-06-07T14:29:08,1000.0,20.4,B
2021-06-07T14:29:07,4000.0,20.4,B
2021-06-07T14:28:51,700.0,20.4,B
2021-06-07T14:28:48,1000.0,20.4,B
2021-06-07T14:28:47,1000.0,20.3,S
2021-06-07T14:28:46,500.0,20.4,B
2021-06-07T14:28:43,5000.0,20.4,B
2021-06-07T14:28:39,17500.0,20.3,S
2021-06-07T14:28:34,1000.0,20.4,B
2021-06-07T14:28:31,2000.0,20.4,B
2021-06-07T14:28:28,200.0,20.4,B
2021-06-07T14:28:20,1000.0,20.4,B
2021-06-07T14:28:14,15800.0,20.3,S
2021-06-07T14:27:41,300.0,20.4,B
2021-06-07T14:27:29,300.0,20.4,B
2021-06-07T14:27:24,100.0,20.4,B
2021-06-07T14:27:23,100.0,20.4,B
2021-06-07T14:27:16,4000.0,20.4,B
2021-06-07T14:27:06,2000.0,20.4,B
2021-06-07T14:27:00,500.0,20.4,B
2021-06-07T14:26:52,1000.0,20.4,B
2021-06-07T14:26:41,2000.0,20.4,B
2021-06-07T14:26:34,3000.0,20.4,B
2021-06-07T14:26:33,300.0,20.4,B
2021-06-07T14:26:28,200.0,20.4,B
2021-06-07T14:26:25,500.0,20.4,B
2021-06-07T14:26:21,100.0,20.4,B
2021-06-07T14:26:15,200.0,20.4,B
2021-06-07T14:26:03,200.0,20.4,B
2021-06-07T14:26:00,300.0,20.4,B
2021-06-07T14:25:58,4500.0,20.4,S
2021-06-07T14:25:56,200.0,20.4,S
2021-06-07T14:25:54,400.0,20.4,S
2021-06-07T14:25:53,100.0,20.4,S
2021-06-07T14:25:27,800.0,20.4,B
2021-06-07T14:25:21,500.0,20.4,B
2021-06-07T14:25:10,3700.0,20.4,S
2021-06-07T14:25:00,2000.0,20.4,S
2021-06-07T14:24:56,800.0,20.4,S
2021-06-07T14:24:42,1000.0,20.4,S
2021-06-07T14:23:59,7600.0,20.4,B
2021-06-07T14:23:58,500.0,20.4,B
2021-06-07T14:23:54,200.0,20.4,B
2021-06-07T14:23:49,1000.0,20.4,B
2021-06-07T14:23:47,1000.0,20.4,B
2021-06-07T14:23:45,500.0,20.4,B
2021-06-07T14:23:41,2000.0,20.4,B
2021-06-07T14:23:36,100000.0,20.4,B
2021-06-07T14:23:33,100.0,20.4,B
2021-06-07T14:23:31,100.0,20.4,B
2021-06-07T14:23:05,200.0,20.4,B
2021-06-07T14:23:02,100.0,20.4,B
2021-06-07T14:22:59,100.0,20.4,B
2021-06-07T14:22:56,5000.0,20.4,B
2021-06-07T14:22:47,4100.0,20.4,B
2021-06-07T14:22:42,200.0,20.4,B
2021-06-07T14:22:41,300.0,20.4,B
2021-06-07T14:22:33,500.0,20.4,B
2021-06-07T14:22:31,5000.0,20.4,B
2021-06-07T14:22:18,100.0,20.4,B
2021-06-07T14:22:13,200.0,20.4,B
2021-06-07T14:22:09,300.0,20.4,B
2021-06-07T14:22:06,3000.0,20.4,B
2021-06-07T14:21:59,100.0,20.4,B
2021-06-07T14:21:53,1000.0,20.4,B
2021-06-07T14:21:46,700.0,20.4,B
2021-06-07T14:21:39,200.0,20.4,B
2021-06-07T14:21:34,600.0,20.4,B
2021-06-07T14:21:30,2500.0,20.4,B
2021-06-07T14:21:29,200.0,20.4,B
2021-06-07T14:21:26,500.0,20.4,B
2021-06-07T14:21:24,5000.0,20.3,S
2021-06-07T14:21:22,800.0,20.4,B
2021-06-07T14:21:18,50000.0,20.4,B
2021-06-07T14:21:18,100.0,20.4,B
2021-06-07T14:21:11,300.0,20.4,B
2021-06-07T14:21:00,1000.0,20.4,B
2021-06-07T14:20:52,500.0,20.4,B
2021-06-07T14:20:50,100.0,20.4,B
2021-06-07T14:20:44,100.0,20.4,B
2021-06-07T14:20:42,5000.0,20.4,B
2021-06-07T14:20:37,200.0,20.4,B
2021-06-07T14:20:33,400.0,20.4,B
2021-06-07T14:20:31,64600.0,20.4,S
2021-06-07T14:20:26,100.0,20.5,B
2021-06-07T14:20:20,1500.0,20.5,B
2021-06-07T14:20:17,200.0,20.5,B
2021-06-07T14:20:14,10900.0,20.4,S
2021-06-07T14:20:05,100.0,20.5,B
2021-06-07T14:19:53,9200.0,20.4,S
2021-06-07T14:19:42,30000.0,20.5,B
2021-06-07T14:19:13,200.0,20.5,B
2021-06-07T14:19:07,100.0,20.4,S
2021-06-07T14:18:59,10000.0,20.5,B
2021-06-07T14:18:59,33200.0,20.4,S
2021-06-07T14:18:57,200.0,20.5,B
2021-06-07T14:18:57,1000.0,20.4,S
2021-06-07T14:18:52,9500.0,20.4,S
2021-06-07T14:18:46,200.0,20.5,B
2021-06-07T14:18:43,3000.0,20.5,B
2021-06-07T14:18:40,5000.0,20.4,S
2021-06-07T14:18:35,400.0,20.4,S
2021-06-07T14:18:26,8100.0,20.4,S
2021-06-07T14:18:23,500.0,20.4,S
2021-06-07T14:18:19,600.0,20.5,B
2021-06-07T14:18:12,100.0,20.4,S
2021-06-07T14:18:05,200.0,20.5,B
2021-06-07T14:17:54,200.0,20.4,S
2021-06-07T14:17:40,200.0,20.5,B
2021-06-07T14:17:34,400.0,20.4,S
2021-06-07T14:17:24,400.0,20.4,S
2021-06-07T14:17:22,500.0,20.5,B
2021-06-07T14:17:18,1500.0,20.5,B
2021-06-07T14:17:14,1000.0,20.5,B
2021-06-07T14:17:08,1000.0,20.4,S
2021-06-07T14:17:02,5000.0,20.4,S
2021-06-07T14:16:59,9000.0,20.5,B
2021-06-07T14:16:57,300.0,20.4,S
2021-06-07T14:16:43,5000.0,20.5,B
2021-06-07T14:16:40,100.0,20.4,S
2021-06-07T14:16:37,400.0,20.5,B
2021-06-07T14:16:31,500.0,20.4,S
2021-06-07T14:16:30,10000.0,20.5,B
2021-06-07T14:16:28,5000.0,20.4,S
2021-06-07T14:16:26,1300.0,20.4,S
2021-06-07T14:16:26,1900.0,20.4,S
2021-06-07T14:16:15,10000.0,20.4,S
2021-06-07T14:16:12,2000.0,20.4,S
2021-06-07T14:16:06,2000.0,20.4,S
2021-06-07T14:15:47,1000.0,20.4,S
2021-06-07T14:15:37,2300.0,20.4,S
2021-06-07T14:15:23,2200.0,20.5,B
2021-06-07T14:15:21,100.0,20.5,B
2021-06-07T14:15:13,1400.0,20.4,S
2021-06-07T14:14:45,2000.0,20.5,B
2021-06-07T14:14:40,3000.0,20.4,S
2021-06-07T14:14:21,100.0,20.4,S
2021-06-07T14:14:18,500.0,20.4,S
2021-06-07T14:14:08,100.0,20.5,B
2021-06-07T14:14:03,300.0,20.5,B
2021-06-07T14:14:01,1000.0,20.4,S
2021-06-07T14:14:00,500.0,20.5,B
2021-06-07T14:13:51,2000.0,20.5,B
2021-06-07T14:13:49,100.0,20.5,B
2021-06-07T14:13:42,5000.0,20.5,B
2021-06-07T14:13:31,300.0,20.5,B
2021-06-07T14:12:54,1000.0,20.5,B
2021-06-07T14:12:47,500.0,20.4,S
2021-06-07T14:12:34,1000.0,20.5,B
2021-06-07T14:12:30,200.0,20.5,B
2021-06-07T14:12:18,500.0,20.5,B
2021-06-07T14:11:51,1000.0,20.5,B
2021-06-07T14:11:47,5000.0,20.4,S
2021-06-07T14:11:46,100.0,20.5,B
2021-06-07T14:11:45,500.0,20.5,B
2021-06-07T14:11:40,300.0,20.5,B
2021-06-07T14:11:33,10000.0,20.4,S
2021-06-07T14:11:28,4800.0,20.5,B
2021-06-07T14:11:26,700.0,20.5,B
2021-06-07T14:11:18,200.0,20.4,S
2021-06-07T14:11:05,200.0,20.5,B
2021-06-07T14:11:04,200.0,20.5,B
2021-06-07T14:10:42,500.0,20.5,B
2021-06-07T14:10:41,500.0,20.5,B
2021-06-07T14:10:41,400.0,20.4,S
2021-06-07T14:10:39,700.0,20.4,S
2021-06-07T14:10:25,500.0,20.4,S
2021-06-07T14:10:15,500.0,20.4,S
2021-06-07T14:10:13,100.0,20.4,S
2021-06-07T14:10:05,4400.0,20.4,B
2021-06-07T14:10:04,200.0,20.4,B
2021-06-07T14:09:57,89000.0,20.4,B
2021-06-07T14:09:49,1800.0,20.4,B
2021-06-07T14:09:46,500.0,20.4,B
2021-06-07T14:09:42,100.0,20.3,S
2021-06-07T14:09:33,5000.0,20.4,B
2021-06-07T14:09:30,200.0,20.4,B
2021-06-07T14:09:27,100.0,20.4,B
2021-06-07T14:09:26,1000.0,20.4,B
2021-06-07T14:09:25,2000.0,20.4,B
2021-06-07T14:09:24,1500.0,20.4,B
2021-06-07T14:09:23,100.0,20.4,B
2021-06-07T14:09:14,100.0,20.4,B
2021-06-07T14:09:13,1800.0,20.4,B
2021-06-07T14:09:09,1000.0,20.3,S
2021-06-07T14:09:08,1000.0,20.4,B
2021-06-07T14:08:59,100.0,20.4,B
2021-06-07T14:08:57,100.0,20.3,S
2021-06-07T14:08:54,3000.0,20.4,B
2021-06-07T14:08:46,1000.0,20.4,B
2021-06-07T14:08:39,400.0,20.4,B
2021-06-07T14:08:36,400.0,20.3,S
2021-06-07T14:08:31,100.0,20.4,B
2021-06-07T14:08:31,5000.0,20.4,B
2021-06-07T14:08:29,500.0,20.4,B
2021-06-07T14:08:23,500.0,20.3,S
2021-06-07T14:08:11,100.0,20.4,B
2021-06-07T14:08:10,1800.0,20.4,B
2021-06-07T14:08:06,100.0,20.3,S
2021-06-07T14:08:00,500.0,20.3,S
2021-06-07T14:08:00,100.0,20.4,B
2021-06-07T14:07:56,1000.0,20.4,B
2021-06-07T14:07:55,100.0,20.4,B
2021-06-07T14:07:46,50000.0,20.4,B
2021-06-07T14:07:43,500.0,20.4,B
2021-06-07T14:07:36,500.0,20.4,B
2021-06-07T14:07:25,100.0,20.4,B
2021-06-07T14:07:23,100.0,20.3,S
2021-06-07T14:07:22,100.0,20.4,B
2021-06-07T14:07:07,1000.0,20.3,S
2021-06-07T14:06:50,1000.0,20.3,S
2021-06-07T14:06:44,100.0,20.4,B
2021-06-07T14:06:15,3000.0,20.3,S
2021-06-07T14:06:10,1000.0,20.4,B
2021-06-07T14:06:07,5000.0,20.4,B
2021-06-07T14:06:06,4000.0,20.4,B
2021-06-07T14:05:49,1700.0,20.3,S
2021-06-07T14:05:46,100.0,20.4,B
2021-06-07T14:05:42,700.0,20.4,B
2021-06-07T14:05:42,500.0,20.4,B
2021-06-07T14:05:37,5000.0,20.4,B
2021-06-07T14:05:36,100.0,20.4,B
2021-06-07T14:05:33,1000.0,20.4,B
2021-06-07T14:05:33,100.0,20.4,B
2021-06-07T14:05:24,1000.0,20.4,B
2021-06-07T14:05:22,500.0,20.4,B
2021-06-07T14:05:21,100.0,20.3,S
2021-06-07T14:05:16,5000.0,20.4,B
2021-06-07T14:05:15,2000.0,20.4,B
2021-06-07T14:05:10,1000.0,20.4,B
2021-06-07T14:05:04,500.0,20.4,B
2021-06-07T14:04:59,1000.0,20.4,B
2021-06-07T14:04:54,8900.0,20.4,B
2021-06-07T14:04:53,3100.0,20.4,B
2021-06-07T14:04:51,10000.0,20.4,B
2021-06-07T14:04:48,2100.0,20.4,B
2021-06-07T14:04:43,1000.0,20.4,B
2021-06-07T14:04:39,30000.0,20.4,B
2021-06-07T14:04:37,2000.0,20.3,S
2021-06-07T14:04:32,1000.0,20.3,S
2021-06-07T14:04:21,200.0,20.4,B
2021-06-07T14:04:18,2000.0,20.4,B
2021-06-07T14:04:11,1000.0,20.4,B
2021-06-07T14:04:03,1000.0,20.4,B
2021-06-07T14:04:03,5000.0,20.4,B
2021-06-07T14:04:01,2700.0,20.4,B
2021-06-07T14:03:54,500.0,20.4,B
2021-06-07T14:03:45,300.0,20.4,B
2021-06-07T14:03:42,2000.0,20.4,B
2021-06-07T14:03:40,300.0,20.4,B
2021-06-07T14:03:39,300.0,20.4,B
2021-06-07T14:03:38,10000.0,20.3,S
2021-06-07T14:03:36,300.0,20.4,B
2021-06-07T14:03:15,400.0,20.4,B
2021-06-07T14:03:04,1700.0,20.4,B
2021-06-07T14:03:02,2000.0,20.4,B
2021-06-07T14:02:59,100.0,20.4,B
2021-06-07T14:02:56,10000.0,20.4,B
2021-06-07T14:02:55,1000.0,20.4,B
2021-06-07T14:02:53,100.0,20.4,B
2021-06-07T14:02:49,100.0,20.4,B
2021-06-07T14:02:49,400.0,20.4,B
2021-06-07T14:02:46,500.0,20.4,B
2021-06-07T14:02:21,500.0,20.4,B
2021-06-07T14:02:18,300.0,20.4,B
2021-06-07T14:02:13,1000.0,20.4,B
2021-06-07T14:02:03,100.0,20.4,B
2021-06-07T14:02:02,100.0,20.4,B
2021-06-07T14:02:01,1000.0,20.4,B
2021-06-07T14:02:00,500.0,20.4,B
2021-06-07T14:01:58,5000.0,20.4,B
2021-06-07T14:01:56,400.0,20.4,S
2021-06-07T14:01:55,1000.0,20.4,B
2021-06-07T14:01:51,5000.0,20.4,B
2021-06-07T14:01:49,10000.0,20.4,B
2021-06-07T14:01:47,3000.0,20.4,B
2021-06-07T14:01:46,2000.0,20.4,B
2021-06-07T14:01:43,200.0,20.4,B
2021-06-07T14:01:32,200.0,20.3,S
2021-06-07T14:01:30,1000.0,20.4,B
2021-06-07T14:01:28,3600.0,20.4,B
2021-06-07T14:01:25,1600.0,20.3,S
2021-06-07T14:01:19,300.0,20.4,B
2021-06-07T14:01:18,5000.0,20.4,B
2021-06-07T14:01:16,400.0,20.3,S
2021-06-07T14:01:07,100.0,20.4,B
2021-06-07T14:01:04,1000.0,20.4,B
2021-06-07T14:00:59,300.0,20.4,B
2021-06-07T14:00:52,500.0,20.3,S
2021-06-07T14:00:48,200.0,20.4,B
2021-06-07T14:00:47,200.0,20.4,B
2021-06-07T14:00:44,500.0,20.4,S
2021-06-07T14:00:36,1600.0,20.4,S
2021-06-07T14:00:31,500.0,20.4,B
2021-06-07T14:00:29,100.0,20.3,S
2021-06-07T14:00:29,1100.0,20.4,B
2021-06-07T14:00:25,1600.0,20.4,B
2021-06-07T14:00:23,9800.0,20.4,B
2021-06-07T14:00:19,3000.0,20.4,B
2021-06-07T14:00:07,200.0,20.4,B
2021-06-07T14:00:01,100.0,20.4,B
2021-06-07T13:59:54,600.0,20.4,B
2021-06-07T13:59:54,4400.0,20.4,B
2021-06-07T13:59:52,1000.0,20.4,B
2021-06-07T13:59:50,2000.0,20.4,B
2021-06-07T13:59:46,2000.0,20.4,B
2021-06-07T13:59:45,10000.0,20.4,B
2021-06-07T13:59:42,200.0,20.4,B
2021-06-07T13:59:38,19200.0,20.4,S
2021-06-07T13:59:32,1000.0,20.4,S
2021-06-07T13:59:27,100.0,20.5,B
2021-06-07T13:59:23,5000.0,20.4,S
2021-06-07T13:59:21,2000.0,20.4,S
2021-06-07T13:59:18,5000.0,20.4,S
2021-06-07T13:59:16,300.0,20.5,B
2021-06-07T13:59:13,2500.0,20.4,S
2021-06-07T13:59:12,15000.0,20.4,S
2021-06-07T13:59:07,1000.0,20.4,S
2021-06-07T13:59:03,2000.0,20.5,B
2021-06-07T13:59:02,800.0,20.5,B
2021-06-07T13:59:02,500.0,20.5,B
2021-06-07T13:59:01,5900.0,20.4,S
2021-06-07T13:58:54,3000.0,20.4,S
2021-06-07T13:58:50,700.0,20.4,S
2021-06-07T13:58:49,2000.0,20.4,S
2021-06-07T13:58:45,2000.0,20.4,S
2021-06-07T13:58:41,1000.0,20.4,S
2021-06-07T13:58:32,400.0,20.4,S
2021-06-07T13:58:32,5000.0,20.4,S
2021-06-07T13:58:32,1000.0,20.4,S
2021-06-07T13:58:31,2000.0,20.5,B
2021-06-07T13:58:26,1600.0,20.4,S
2021-06-07T13:58:24,500.0,20.4,S
2021-06-07T13:58:22,2000.0,20.4,S
2021-06-07T13:58:22,10800.0,20.4,S
2021-06-07T13:58:19,15100.0,20.4,S
2021-06-07T13:58:18,7000.0,20.4,S
2021-06-07T13:58:13,1000.0,20.4,S
2021-06-07T13:58:11,5000.0,20.4,S
2021-06-07T13:57:58,44100.0,20.4,S
2021-06-07T13:57:54,500.0,20.4,S
2021-06-07T13:57:48,100.0,20.4,S
2021-06-07T13:57:47,35800.0,20.4,S
2021-06-07T13:57:45,1000.0,20.4,S
2021-06-07T13:57:39,35200.0,20.4,S
2021-06-07T13:57:33,10000.0,20.4,S
2021-06-07T13:57:30,4000.0,20.4,S
2021-06-07T13:57:27,1000.0,20.5,B
2021-06-07T13:57:26,500.0,20.5,B
2021-06-07T13:57:25,2900.0,20.5,B
2021-06-07T13:57:09,100.0,20.4,S
2021-06-07T13:57:05,100.0,20.5,B
2021-06-07T13:57:03,300.0,20.5,B
2021-06-07T13:56:38,1000.0,20.4,S
2021-06-07T13:56:34,200.0,20.5,B
2021-06-07T13:56:23,1000.0,20.5,B
2021-06-07T13:56:21,1400.0,20.5,B
2021-06-07T13:56:14,1200.0,20.5,B
2021-06-07T13:56:11,1000.0,20.5,B
2021-06-07T13:56:04,100.0,20.4,S
2021-06-07T13:55:56,10000.0,20.5,B
2021-06-07T13:55:51,100.0,20.5,B
2021-06-07T13:55:44,200.0,20.5,B
2021-06-07T13:55:37,100.0,20.5,B
2021-06-07T13:55:35,1000.0,20.5,B
2021-06-07T13:55:33,1400.0,20.5,B
2021-06-07T13:55:19,900.0,20.5,B
2021-06-07T13:55:13,1000.0,20.4,S
2021-06-07T13:55:07,1000.0,20.5,B
2021-06-07T13:55:06,300.0,20.5,B
2021-06-07T13:54:45,50000.0,20.5,B
2021-06-07T13:54:42,100.0,20.5,B
2021-06-07T13:54:39,2000.0,20.4,S
2021-06-07T13:54:29,100.0,20.5,B
2021-06-07T13:54:25,2000.0,20.4,S
2021-06-07T13:54:23,1000.0,20.5,B
2021-06-07T13:54:20,1000.0,20.4,S
2021-06-07T13:54:16,100.0,20.5,B
2021-06-07T13:54:10,100.0,20.5,B
2021-06-07T13:53:54,500.0,20.4,S
2021-06-07T13:53:51,100.0,20.5,B
2021-06-07T13:53:47,2000.0,20.4,S
2021-06-07T13:53:45,100.0,20.5,B
2021-06-07T13:53:45,900.0,20.5,B
2021-06-07T13:53:44,2400.0,20.5,B
2021-06-07T13:53:37,500.0,20.5,B
2021-06-07T13:53:35,700.0,20.5,B
2021-06-07T13:53:35,2500.0,20.5,B
2021-06-07T13:53:34,800.0,20.5,B
2021-06-07T13:53:33,1200.0,20.5,B
2021-06-07T13:53:32,1000.0,20.5,B
2021-06-07T13:53:20,100.0,20.5,B
2021-06-07T13:53:16,2000.0,20.5,B
2021-06-07T13:53:16,200.0,20.5,B
2021-06-07T13:53:12,100.0,20.5,B
2021-06-07T13:53:07,1000.0,20.5,B
2021-06-07T13:53:03,2000.0,20.5,B
2021-06-07T13:52:51,200.0,20.5,B
2021-06-07T13:52:50,1000.0,20.5,B
2021-06-07T13:52:48,1500.0,20.5,B
2021-06-07T13:52:43,8000.0,20.5,B
2021-06-07T13:52:42,5600.0,20.5,B
2021-06-07T13:52:38,2100.0,20.5,B
2021-06-07T13:52:28,100.0,20.5,B
2021-06-07T13:52:23,200.0,20.5,S
2021-06-07T13:52:20,1000.0,20.5,S
2021-06-07T13:52:17,500.0,20.5,S
2021-06-07T13:52:12,7100.0,20.5,S
2021-06-07T13:52:09,2000.0,20.5,S
2021-06-07T13:52:07,1000.0,20.5,S
2021-06-07T13:52:04,100.0,20.5,S
2021-06-07T13:52:03,10500.0,20.5,S
2021-06-07T13:51:57,1000.0,20.5,S
2021-06-07T13:51:54,1000.0,20.5,S
2021-06-07T13:51:53,300.0,20.5,S
2021-06-07T13:51:53,200.0,20.5,S
2021-06-07T13:51:48,500.0,20.5,S
2021-06-07T13:51:46,500.0,20.6,B
2021-06-07T13:51:42,2000.0,20.5,S
2021-06-07T13:51:41,2000.0,20.5,S
2021-06-07T13:51:40,2000.0,20.5,S
2021-06-07T13:51:39,12300.0,20.5,S
2021-06-07T13:51:36,50000.0,20.5,S
2021-06-07T13:51:26,300.0,20.5,S
2021-06-07T13:51:25,1500.0,20.5,S
2021-06-07T13:51:20,2000.0,20.6,B
2021-06-07T13:51:04,5000.0,20.5,S
2021-06-07T13:50:57,100.0,20.6,B
2021-06-07T13:50:56,1000.0,20.6,B
2021-06-07T13:50:53,4900.0,20.6,B
2021-06-07T13:50:25,2000.0,20.6,B
2021-06-07T13:50:24,3000.0,20.5,S
2021-06-07T13:50:19,1000.0,20.5,S
2021-06-07T13:50:18,500.0,20.5,S
2021-06-07T13:50:11,35000.0,20.5,S
2021-06-07T13:49:55,1000.0,20.5,S
2021-06-07T13:49:54,300.0,20.5,S
2021-06-07T13:49:52,300.0,20.6,B
2021-06-07T13:49:50,10000.0,20.5,S
2021-06-07T13:49:46,2000.0,20.5,S
2021-06-07T13:49:41,600.0,20.5,S
2021-06-07T13:49:38,500.0,20.5,S
2021-06-07T13:49:31,2400.0,20.6,B
2021-06-07T13:49:09,10000.0,20.6,B
2021-06-07T13:49:08,5000.0,20.6,B
2021-06-07T13:48:55,100.0,20.6,B
2021-06-07T13:48:46,100.0,20.6,B
2021-06-07T13:48:45,200.0,20.6,B
2021-06-07T13:48:43,300.0,20.5,S
2021-06-07T13:48:29,900.0,20.6,B
2021-06-07T13:48:25,4500.0,20.6,B
2021-06-07T13:48:23,29000.0,20.5,S
2021-06-07T13:48:19,1000.0,20.5,S
2021-06-07T13:48:14,1000.0,20.6,B
2021-06-07T13:48:13,4000.0,20.5,S
2021-06-07T13:48:09,100.0,20.6,B
2021-06-07T13:48:08,1000.0,20.5,S
2021-06-07T13:48:03,2500.0,20.6,B
2021-06-07T13:47:55,3200.0,20.5,S
2021-06-07T13:47:35,5000.0,20.5,S
2021-06-07T13:47:23,100.0,20.5,S
2021-06-07T13:47:10,500.0,20.5,S
2021-06-07T13:47:06,2000.0,20.6,B
2021-06-07T13:47:04,300.0,20.5,S
2021-06-07T13:47:00,3400.0,20.5,S
2021-06-07T13:47:00,100.0,20.5,S
2021-06-07T13:46:58,500.0,20.5,S
2021-06-07T13:46:53,1000.0,20.5,S
2021-06-07T13:46:51,100.0,20.5,S
2021-06-07T13:46:50,1000.0,20.5,S
2021-06-07T13:46:33,500.0,20.5,B
2021-06-07T13:46:28,500.0,20.5,S
2021-06-07T13:46:24,15200.0,20.6,B
2021-06-07T13:46:22,300.0,20.5,B
2021-06-07T13:46:19,3000.0,20.5,B
2021-06-07T13:46:19,2000.0,20.5,B
2021-06-07T13:46:16,2000.0,20.5,B
2021-06-07T13:46:15,100.0,20.5,B
2021-06-07T13:46:14,5000.0,20.5,B
2021-06-07T13:46:12,100.0,20.5,B
2021-06-07T13:46:04,1100.0,20.5,B
2021-06-07T13:46:03,3000.0,20.4,S
2021-06-07T13:46:03,900.0,20.5,B
2021-06-07T13:46:00,4000.0,20.5,B
2021-06-07T13:46:00,2300.0,20.5,B
2021-06-07T13:45:59,200.0,20.5,B
2021-06-07T13:45:59,100.0,20.5,B
2021-06-07T13:45:58,10000.0,20.5,B
2021-06-07T13:45:57,100.0,20.5,B
2021-06-07T13:45:56,400.0,20.5,B
2021-06-07T13:45:52,8000.0,20.5,B
2021-06-07T13:45:45,100.0,20.5,B
2021-06-07T13:45:42,300.0,20.5,B
2021-06-07T13:45:42,200.0,20.5,B
2021-06-07T13:45:40,200.0,20.5,B
2021-06-07T13:45:31,1000.0,20.5,B
2021-06-07T13:45:29,10000.0,20.5,B
2021-06-07T13:45:28,500.0,20.5,B
2021-06-07T13:45:21,500.0,20.5,B
2021-06-07T13:45:14,1000.0,20.5,B
2021-06-07T13:45:09,200.0,20.5,B
2021-06-07T13:45:06,2700.0,20.5,B
2021-06-07T13:45:06,100.0,20.4,S
2021-06-07T13:45:04,100.0,20.5,B
2021-06-07T13:45:00,300.0,20.4,S
2021-06-07T13:44:58,300.0,20.5,B
2021-06-07T13:44:56,200.0,20.5,B
2021-06-07T13:44:48,500.0,20.5,B
2021-06-07T13:44:44,200.0,20.5,B
2021-06-07T13:44:41,5000.0,20.5,B
2021-06-07T13:44:41,100.0,20.5,B
2021-06-07T13:44:24,100.0,20.5,B
2021-06-07T13:44:24,200.0,20.5,B
2021-06-07T13:44:21,100.0,20.5,B
2021-06-07T13:44:18,10000.0,20.5,B
2021-06-07T13:44:17,1000.0,20.5,B
2021-06-07T13:44:17,200.0,20.5,B
2021-06-07T13:44:13,100.0,20.5,B
2021-06-07T13:44:10,300.0,20.5,B
2021-06-07T13:43:58,7700.0,20.5,B
2021-06-07T13:43:53,3000.0,20.5,B
2021-06-07T13:43:52,900.0,20.5,B
2021-06-07T13:43:48,100.0,20.5,B
2021-06-07T13:43:35,1000.0,20.5,B
2021-06-07T13:43:32,10000.0,20.4,S
2021-06-07T13:43:22,1800.0,20.4,S
2021-06-07T13:43:20,200.0,20.4,S
2021-06-07T13:43:18,500.0,20.5,B
2021-06-07T13:43:14,300.0,20.5,B
2021-06-07T13:43:10,500.0,20.5,B
2021-06-07T13:43:09,200.0,20.5,B
2021-06-07T13:43:02,5000.0,20.4,S
2021-06-07T13:43:02,1000.0,20.5,B
2021-06-07T13:42:54,3000.0,20.5,B
2021-06-07T13:42:46,5100.0,20.4,S
2021-06-07T13:42:38,2000.0,20.5,B
2021-06-07T13:42:33,3000.0,20.4,S
2021-06-07T13:42:33,200.0,20.5,B
2021-06-07T13:42:25,100.0,20.5,B
2021-06-07T13:42:24,200.0,20.5,B
2021-06-07T13:42:20,1000.0,20.5,B
2021-06-07T13:42:06,500.0,20.5,B
2021-06-07T13:42:06,200.0,20.5,B
2021-06-07T13:42:04,1500.0,20.5,B
2021-06-07T13:42:02,2000.0,20.5,B
2021-06-07T13:41:45,1000.0,20.5,B
2021-06-07T13:41:44,100.0,20.5,B
2021-06-07T13:41:43,100.0,20.5,B
2021-06-07T13:41:41,139100.0,20.5,B
2021-06-07T13:41:39,1800.0,20.6,B
2021-06-07T13:41:37,300.0,20.6,B
2021-06-07T13:41:34,1000.0,20.6,B
2021-06-07T13:41:29,200.0,20.6,B
2021-06-07T13:41:25,5100.0,20.6,B
2021-06-07T13:41:24,20000.0,20.6,B
2021-06-07T13:41:20,2000.0,20.6,B
2021-06-07T13:41:19,2000.0,20.6,B
2021-06-07T13:41:15,100.0,20.6,B
2021-06-07T13:41:14,500.0,20.6,B
2021-06-07T13:41:12,200.0,20.6,B
2021-06-07T13:41:04,500.0,20.6,B
2021-06-07T13:41:00,100.0,20.6,B
2021-06-07T13:41:00,8200.0,20.6,S
2021-06-07T13:40:56,2900.0,20.6,S
2021-06-07T13:40:55,100.0,20.6,B
2021-06-07T13:40:52,1000.0,20.6,B
2021-06-07T13:40:43,100.0,20.6,B
2021-06-07T13:40:43,1000.0,20.6,B
2021-06-07T13:40:32,100.0,20.6,B
2021-06-07T13:40:31,1900.0,20.6,S
2021-06-07T13:40:26,1000.0,20.6,S
2021-06-07T13:40:23,300.0,20.6,S
2021-06-07T13:40:20,800.0,20.7,B
2021-06-07T13:40:20,100.0,20.7,B
2021-06-07T13:40:15,6000.0,20.6,S
2021-06-07T13:40:14,1000.0,20.6,S
2021-06-07T13:40:13,2000.0,20.6,S
2021-06-07T13:40:10,2000.0,20.7,B
2021-06-07T13:40:08,100.0,20.6,S
2021-06-07T13:40:08,500.0,20.6,S
2021-06-07T13:40:07,67000.0,20.7,B
2021-06-07T13:40:04,28200.0,20.6,S
2021-06-07T13:40:03,5000.0,20.6,S
2021-06-07T13:40:03,1000.0,20.7,B
2021-06-07T13:39:57,500.0,20.7,B
2021-06-07T13:39:56,200.0,20.7,B
2021-06-07T13:39:54,140300.0,20.7,B
2021-06-07T13:39:44,60100.0,20.7,B
2021-06-07T13:39:40,2500.0,20.6,S
2021-06-07T13:39:38,1000.0,20.7,B
2021-06-07T13:39:38,100.0,20.6,S
2021-06-07T13:39:36,1000.0,20.7,B
2021-06-07T13:39:32,200.0,20.7,B
2021-06-07T13:39:31,1000.0,20.7,B
2021-06-07T13:39:18,1400.0,20.7,B
2021-06-07T13:39:16,1000.0,20.7,B
2021-06-07T13:39:14,100.0,20.7,B
2021-06-07T13:39:12,100.0,20.7,B
2021-06-07T13:39:11,100.0,20.7,B
2021-06-07T13:39:05,9000.0,20.7,B
2021-06-07T13:39:03,100.0,20.7,B
2021-06-07T13:38:59,1500.0,20.6,S
2021-06-07T13:38:47,10000.0,20.7,B
2021-06-07T13:38:30,600.0,20.7,B
2021-06-07T13:38:26,2100.0,20.6,S
2021-06-07T13:38:24,10000.0,20.7,B
2021-06-07T13:38:22,100.0,20.7,B
2021-06-07T13:38:21,200.0,20.7,B
2021-06-07T13:38:20,1200.0,20.7,B
2021-06-07T13:38:18,100.0,20.6,S
2021-06-07T13:38:14,5100.0,20.7,B
2021-06-07T13:37:58,500.0,20.6,S
2021-06-07T13:37:43,500.0,20.6,S
2021-06-07T13:37:41,500.0,20.6,S
2021-06-07T13:37:39,1000.0,20.7,B
2021-06-07T13:37:38,100.0,20.6,S
2021-06-07T13:37:36,2000.0,20.7,B
2021-06-07T13:37:36,20000.0,20.7,B
2021-06-07T13:37:33,700.0,20.7,B
2021-06-07T13:37:33,1000.0,20.7,B
2021-06-07T13:37:33,500.0,20.7,B
2021-06-07T13:37:30,6500.0,20.6,S
2021-06-07T13:37:28,2500.0,20.7,B
2021-06-07T13:37:20,5000.0,20.7,B
2021-06-07T13:37:13,10000.0,20.7,B
2021-06-07T13:37:10,400.0,20.7,B
2021-06-07T13:37:04,200.0,20.7,B
2021-06-07T13:36:56,9800.0,20.6,S
2021-06-07T13:36:50,2200.0,20.7,B
2021-06-07T13:36:49,2000.0,20.7,B
2021-06-07T13:36:48,400.0,20.7,B
2021-06-07T13:36:46,200.0,20.7,B
2021-06-07T13:36:42,1000.0,20.6,S
2021-06-07T13:36:41,300.0,20.7,B
2021-06-07T13:36:37,1100.0,20.6,S
2021-06-07T13:36:34,100.0,20.7,B
2021-06-07T13:36:32,200.0,20.7,B
2021-06-07T13:36:31,200.0,20.7,B
2021-06-07T13:36:29,100.0,20.7,B
2021-06-07T13:36:22,300.0,20.7,B
2021-06-07T13:36:20,200.0,20.7,B
2021-06-07T13:36:15,500.0,20.7,B
2021-06-07T13:36:13,300.0,20.7,B
2021-06-07T13:36:09,3800.0,20.6,S
2021-06-07T13:36:09,1000.0,20.7,B
2021-06-07T13:36:03,2000.0,20.7,B
2021-06-07T13:36:02,100.0,20.7,B
2021-06-07T13:35:55,100.0,20.7,B
2021-06-07T13:35:51,800.0,20.7,B
2021-06-07T13:35:50,5300.0,20.7,B
2021-06-07T13:35:47,200.0,20.7,B
2021-06-07T13:35:46,200.0,20.7,B
2021-06-07T13:35:33,4000.0,20.7,B
2021-06-07T13:35:23,100.0,20.7,B
2021-06-07T13:35:20,1800.0,20.6,S
2021-06-07T13:35:18,30000.0,20.6,S
2021-06-07T13:35:17,1000.0,20.7,B
2021-06-07T13:35:15,200.0,20.7,B
2021-06-07T13:35:14,1500.0,20.7,B
2021-06-07T13:35:12,5000.0,20.7,S
2021-06-07T13:34:59,1000.0,20.7,S
2021-06-07T13:34:57,1300.0,20.7,B
2021-06-07T13:34:56,2000.0,20.7,B
2021-06-07T13:34:52,500.0,20.7,B
2021-06-07T13:34:47,1200.0,20.7,S
2021-06-07T13:34:46,800.0,20.7,S
2021-06-07T13:34:45,1000.0,20.7,B
2021-06-07T13:34:43,5000.0,20.7,B
2021-06-07T13:34:41,500.0,20.7,B
2021-06-07T13:34:41,400.0,20.7,B
2021-06-07T13:34:40,12400.0,20.7,B
2021-06-07T13:34:40,2000.0,20.7,S
2021-06-07T13:34:39,200.0,20.7,S
2021-06-07T13:34:38,3000.0,20.7,S
2021-06-07T13:34:35,2000.0,20.7,S
2021-06-07T13:34:31,500.0,20.8,B
2021-06-07T13:34:21,400.0,20.7,B
2021-06-07T13:34:21,4800.0,20.7,B
2021-06-07T13:34:19,6000.0,20.7,B
2021-06-07T13:34:11,38800.0,20.7,B
2021-06-07T13:34:05,600.0,20.7,S
2021-06-07T13:33:56,1500.0,20.8,B
2021-06-07T13:33:56,1000.0,20.8,B
2021-06-07T13:33:55,500.0,20.8,B
2021-06-07T13:33:54,500.0,20.8,B
2021-06-07T13:33:51,1000.0,20.8,B
2021-06-07T13:33:48,2600.0,20.8,B
2021-06-07T13:33:42,100.0,20.8,B
2021-06-07T13:33:40,4000.0,20.8,B
2021-06-07T13:33:40,500.0,20.8,B
2021-06-07T13:33:39,1000.0,20.8,B
2021-06-07T13:33:30,400.0,20.8,B
2021-06-07T13:33:24,200.0,20.8,B
2021-06-07T13:33:17,2000.0,20.8,B
2021-06-07T13:33:15,900.0,20.8,B
2021-06-07T13:33:14,5000.0,20.8,B
2021-06-07T13:33:12,3000.0,20.8,B
2021-06-07T13:33:09,400.0,20.8,B
2021-06-07T13:33:07,500.0,20.8,B
2021-06-07T13:33:03,1000.0,20.7,S
2021-06-07T13:32:52,9000.0,20.7,S
2021-06-07T13:32:50,5000.0,20.8,B
2021-06-07T13:32:49,300.0,20.8,B
2021-06-07T13:32:48,5000.0,20.8,B
2021-06-07T13:32:48,10000.0,20.8,B
2021-06-07T13:32:45,2000.0,20.8,B
2021-06-07T13:32:41,12500.0,20.7,S
2021-06-07T13:32:39,2000.0,20.7,S
2021-06-07T13:32:38,2000.0,20.8,B
2021-06-07T13:32:25,20000.0,20.8,B
2021-06-07T13:32:25,100.0,20.7,B
2021-06-07T13:32:24,2500.0,20.7,B
2021-06-07T13:32:22,400.0,20.7,B
2021-06-07T13:32:22,200.0,20.7,B
2021-06-07T13:32:20,200.0,20.7,B
2021-06-07T13:32:20,800.0,20.7,B
2021-06-07T13:32:19,6000.0,20.7,B
2021-06-07T13:32:18,100.0,20.7,B
2021-06-07T13:32:18,700.0,20.7,B
2021-06-07T13:32:17,5000.0,20.7,B
2021-06-07T13:32:16,100.0,20.6,S
2021-06-07T13:32:15,1000.0,20.7,B
2021-06-07T13:32:13,11000.0,20.7,B
2021-06-07T13:32:12,1000.0,20.7,B
2021-06-07T13:32:11,4000.0,20.7,B
2021-06-07T13:32:10,500.0,20.7,B
2021-06-07T13:32:09,2300.0,20.7,B
2021-06-07T13:32:08,1000.0,20.7,B
2021-06-07T13:32:06,500.0,20.7,B
2021-06-07T13:32:03,10000.0,20.7,B
2021-06-07T13:32:03,100.0,20.7,B
2021-06-07T13:32:01,116000.0,20.7,B
2021-06-07T13:31:59,100.0,20.7,B
2021-06-07T13:31:58,500.0,20.7,B
2021-06-07T13:31:57,5000.0,20.7,B
2021-06-07T13:31:57,2000.0,20.7,B
2021-06-07T13:31:56,1000.0,20.7,B
2021-06-07T13:31:51,5000.0,20.7,B
2021-06-07T13:31:48,300.0,20.7,B
2021-06-07T13:31:47,200.0,20.7,B
2021-06-07T13:31:45,12000.0,20.7,B
2021-06-07T13:31:43,1000.0,20.7,B
2021-06-07T13:31:42,1000.0,20.7,B
2021-06-07T13:31:35,5000.0,20.7,B
2021-06-07T13:31:34,64900.0,20.7,B
2021-06-07T13:31:33,2000.0,20.7,B
2021-06-07T13:31:29,500.0,20.7,B
2021-06-07T13:31:28,6000.0,20.7,B
2021-06-07T13:31:27,1000.0,20.7,B
2021-06-07T13:31:26,1600.0,20.7,B
2021-06-07T13:31:23,11200.0,20.7,B
2021-06-07T13:31:21,200.0,20.7,B
2021-06-07T13:31:17,100.0,20.7,B
2021-06-07T13:31:16,11700.0,20.7,B
2021-06-07T13:31:13,5100.0,20.7,B
2021-06-07T13:31:10,500.0,20.7,B
2021-06-07T13:31:08,3000.0,20.7,B
2021-06-07T13:31:03,1000.0,20.7,B
2021-06-07T13:30:56,1500.0,20.7,B
2021-06-07T13:30:55,1000.0,20.7,B
2021-06-07T13:30:53,100.0,20.7,B
2021-06-07T13:30:50,300.0,20.7,B
2021-06-07T13:30:49,1000.0,20.7,B
2021-06-07T13:30:48,500.0,20.7,B
2021-06-07T13:30:46,600.0,20.7,B
2021-06-07T13:30:44,700.0,20.7,B
2021-06-07T13:30:40,300.0,20.7,B
2021-06-07T13:30:39,100.0,20.7,B
2021-06-07T13:30:38,200.0,20.7,B
2021-06-07T13:30:37,500.0,20.7,B
2021-06-07T13:30:36,300.0,20.7,B
2021-06-07T13:30:30,1700.0,20.7,B
2021-06-07T13:30:25,1000.0,20.7,B
2021-06-07T13:30:24,1100.0,20.7,B
2021-06-07T13:30:23,200.0,20.7,B
2021-06-07T13:30:22,100.0,20.7,B
2021-06-07T13:30:20,500.0,20.7,B
2021-06-07T13:30:19,800.0,20.7,B
2021-06-07T13:30:18,100.0,20.7,B
2021-06-07T13:30:06,1100.0,20.7,B
2021-06-07T13:30:06,600.0,20.7,B
2021-06-07T13:30:05,100.0,20.7,B
2021-06-07T13:30:04,100.0,20.6,S
2021-06-07T13:30:02,100.0,20.7,B
2021-06-07T13:29:59,1000.0,20.7,B
2021-06-07T13:29:57,1000.0,20.6,S
2021-06-07T13:29:49,1000.0,20.7,B
2021-06-07T13:29:46,500.0,20.6,S
2021-06-07T13:29:46,5000.0,20.7,B
2021-06-07T13:29:45,1000.0,20.6,S
2021-06-07T13:29:29,200.0,20.6,S
2021-06-07T13:29:19,900.0,20.6,S
2021-06-07T13:29:16,2400.0,20.6,S
2021-06-07T13:29:15,15000.0,20.6,B
2021-06-07T13:29:15,300.0,20.6,B
2021-06-07T13:29:14,3000.0,20.6,B
2021-06-07T13:29:13,100.0,20.6,B
2021-06-07T13:29:11,100.0,20.6,B
2021-06-07T13:29:09,500.0,20.6,B
2021-06-07T13:29:08,6700.0,20.6,B
2021-06-07T13:29:06,4000.0,20.6,B
2021-06-07T13:29:04,20000.0,20.6,B
2021-06-07T13:29:02,100.0,20.6,B
2021-06-07T13:29:01,200.0,20.6,B
2021-06-07T13:29:00,5000.0,20.6,B
2021-06-07T13:28:59,1100.0,20.6,B
2021-06-07T13:28:57,40000.0,20.6,B
2021-06-07T13:28:56,102000.0,20.5,S
2021-06-07T13:28:53,500.0,20.6,B
2021-06-07T13:28:53,300.0,20.6,B
2021-06-07T13:28:52,2500.0,20.6,B
2021-06-07T13:28:52,7100.0,20.6,B
2021-06-07T13:28:51,2200.0,20.5,S
2021-06-07T13:28:50,18100.0,20.6,B
2021-06-07T13:28:50,3500.0,20.6,B
2021-06-07T13:28:49,5000.0,20.6,B
2021-06-07T13:28:46,500.0,20.6,B
2021-06-07T13:28:45,4000.0,20.6,B
2021-06-07T13:28:44,6000.0,20.6,B
2021-06-07T13:28:42,200.0,20.6,B
2021-06-07T13:28:41,100.0,20.6,B
2021-06-07T13:28:40,500.0,20.6,B
2021-06-07T13:28:39,10000.0,20.6,B
2021-06-07T13:28:38,1000.0,20.6,B
2021-06-07T13:28:36,100.0,20.6,B
2021-06-07T13:28:35,200.0,20.6,B
2021-06-07T13:28:33,500.0,20.6,B
2021-06-07T13:28:32,900.0,20.6,B
2021-06-07T13:28:31,5000.0,20.6,B
2021-06-07T13:28:29,3000.0,20.6,B
2021-06-07T13:28:28,500.0,20.6,B
2021-06-07T13:28:25,1500.0,20.5,S
2021-06-07T13:28:21,200.0,20.6,B
2021-06-07T13:28:07,30900.0,20.5,B
2021-06-07T13:28:07,3000.0,20.5,B
2021-06-07T13:28:06,20000.0,20.5,B
2021-06-07T13:28:05,5000.0,20.5,B
2021-06-07T13:28:04,1000.0,20.5,B
2021-06-07T13:27:59,11000.0,20.5,B
2021-06-07T13:27:57,2000.0,20.5,B
2021-06-07T13:27:56,200000.0,20.5,B
2021-06-07T13:27:54,60000.0,20.5,B
2021-06-07T13:27:52,300.0,20.5,B
2021-06-07T13:27:51,800.0,20.5,B
2021-06-07T13:27:49,1000.0,20.5,B
2021-06-07T13:27:48,1900.0,20.5,B
2021-06-07T13:27:43,30000.0,20.5,B
2021-06-07T13:27:41,600.0,20.5,B
2021-06-07T13:27:37,1500.0,20.4,S
2021-06-07T13:27:32,200.0,20.5,B
2021-06-07T13:27:27,3800.0,20.5,B
2021-06-07T13:27:26,6000.0,20.5,B
2021-06-07T13:27:25,900.0,20.5,B
2021-06-07T13:27:24,2000.0,20.5,B
2021-06-07T13:27:22,5000.0,20.5,B
2021-06-07T13:27:17,300.0,20.5,B
2021-06-07T13:27:13,300.0,20.4,S
2021-06-07T13:27:12,1000.0,20.5,B
2021-06-07T13:27:12,300.0,20.5,B
2021-06-07T13:27:08,10000.0,20.5,B
2021-06-07T13:27:04,3000.0,20.5,B
2021-06-07T13:26:59,600.0,20.5,B
2021-06-07T13:26:53,100.0,20.5,B
2021-06-07T13:26:42,200.0,20.5,B
2021-06-07T13:26:41,1000.0,20.5,B
2021-06-07T13:26:39,300.0,20.4,S
2021-06-07T13:26:34,5000.0,20.5,B
2021-06-07T13:26:34,2800.0,20.4,S
2021-06-07T13:26:29,2000.0,20.5,B
2021-06-07T13:26:25,500.0,20.4,S
2021-06-07T13:26:23,3000.0,20.5,B
2021-06-07T13:26:12,5100.0,20.5,B
2021-06-07T13:26:11,5500.0,20.4,S
2021-06-07T13:26:01,100.0,20.4,S
2021-06-07T13:25:53,20000.0,20.4,S
2021-06-07T13:25:52,100.0,20.4,S
2021-06-07T13:25:50,300.0,20.4,S
2021-06-07T13:25:40,10000.0,20.4,S
2021-06-07T13:25:30,130000.0,20.4,S
2021-06-07T13:25:27,200.0,20.4,S
2021-06-07T13:25:27,300.0,20.5,B
2021-06-07T13:25:23,300.0,20.4,S
2021-06-07T13:25:23,400.0,20.5,B
2021-06-07T13:25:09,32800.0,20.4,B
2021-06-07T13:25:05,4100.0,20.4,B
2021-06-07T13:25:03,500.0,20.4,B
2021-06-07T13:25:00,1100.0,20.4,B
2021-06-07T13:24:59,2000.0,20.4,B
2021-06-07T13:24:58,500.0,20.4,B
2021-06-07T13:24:57,200.0,20.4,B
2021-06-07T13:24:56,800.0,20.4,B
2021-06-07T13:24:52,100.0,20.4,B
2021-06-07T13:24:51,1000.0,20.4,B
2021-06-07T13:24:50,200.0,20.4,B
2021-06-07T13:24:48,10000.0,20.3,S
2021-06-07T13:24:44,1100.0,20.4,B
2021-06-07T13:24:43,1000.0,20.4,B
2021-06-07T13:24:42,2000.0,20.4,B
2021-06-07T13:24:39,200.0,20.4,B
2021-06-07T13:24:38,4000.0,20.4,B
2021-06-07T13:24:32,700.0,20.4,B
2021-06-07T13:24:30,2000.0,20.4,B
2021-06-07T13:24:29,400.0,20.4,B
2021-06-07T13:24:27,1200.0,20.4,B
2021-06-07T13:24:25,10000.0,20.4,B
2021-06-07T13:24:23,500.0,20.4,B
2021-06-07T13:24:23,100.0,20.4,B
2021-06-07T13:24:22,5000.0,20.4,B
2021-06-07T13:24:19,200.0,20.4,B
2021-06-07T13:24:11,2000.0,20.4,B
2021-06-07T13:24:05,10600.0,20.3,S
2021-06-07T13:24:04,800.0,20.4,B
2021-06-07T13:24:03,2000.0,20.4,B
2021-06-07T13:23:56,10800.0,20.4,B
2021-06-07T13:23:53,10700.0,20.3,S
2021-06-07T13:23:47,100.0,20.4,B
2021-06-07T13:23:45,500.0,20.3,S
2021-06-07T13:23:45,600.0,20.4,B
2021-06-07T13:23:44,10000.0,20.4,B
2021-06-07T13:23:41,5600.0,20.4,B
2021-06-07T13:23:40,7900.0,20.4,B
2021-06-07T13:23:36,800.0,20.4,B
2021-06-07T13:23:35,2200.0,20.4,B
2021-06-07T13:23:34,5000.0,20.4,B
2021-06-07T13:23:31,2000.0,20.3,S
2021-06-07T13:23:30,800.0,20.4,B
2021-06-07T13:23:14,5300.0,20.4,B
2021-06-07T13:23:14,100.0,20.4,B
2021-06-07T13:23:13,1000.0,20.3,S
2021-06-07T13:23:10,1000.0,20.4,B
2021-06-07T13:23:09,2000.0,20.3,S
2021-06-07T13:23:05,700.0,20.4,B
2021-06-07T13:23:04,4000.0,20.4,B
2021-06-07T13:23:03,500.0,20.4,B
2021-06-07T13:22:58,500.0,20.4,B
2021-06-07T13:22:58,1000.0,20.4,B
2021-06-07T13:22:56,10000.0,20.4,B
2021-06-07T13:22:55,1000.0,20.3,S
2021-06-07T13:22:52,2000.0,20.3,S
2021-06-07T13:22:52,1000.0,20.4,B
2021-06-07T13:22:45,1000.0,20.4,B
2021-06-07T13:22:41,1000.0,20.3,S
2021-06-07T13:22:39,500.0,20.3,S
2021-06-07T13:22:39,2000.0,20.4,B
2021-06-07T13:22:36,100.0,20.4,B
2021-06-07T13:22:35,100.0,20.4,B
2021-06-07T13:22:34,1000.0,20.3,S
2021-06-07T13:22:33,400.0,20.4,B
2021-06-07T13:22:31,100.0,20.4,B
2021-06-07T13:22:28,1100.0,20.4,B
2021-06-07T13:22:19,2000.0,20.4,B
2021-06-07T13:22:18,600.0,20.4,B
2021-06-07T13:22:18,2000.0,20.4,B
2021-06-07T13:22:11,5200.0,20.4,B
2021-06-07T13:22:11,10000.0,20.4,B
2021-06-07T13:22:10,5000.0,20.4,B
2021-06-07T13:22:09,1400.0,20.3,S
2021-06-07T13:22:07,10000.0,20.4,B
2021-06-07T13:22:05,300.0,20.4,B
2021-06-07T13:22:05,2100.0,20.4,B
2021-06-07T13:22:03,100.0,20.4,B
2021-06-07T13:21:56,500.0,20.4,B
2021-06-07T13:21:53,100.0,20.4,B
2021-06-07T13:21:46,2000.0,20.4,B
2021-06-07T13:21:44,5000.0,20.4,B
2021-06-07T13:21:42,1000.0,20.4,B
2021-06-07T13:21:41,1500.0,20.4,B
2021-06-07T13:21:40,200.0,20.3,S
2021-06-07T13:21:39,400.0,20.4,B
2021-06-07T13:21:38,1000.0,20.4,B
2021-06-07T13:21:36,500.0,20.4,B
2021-06-07T13:21:33,3000.0,20.4,B
2021-06-07T13:21:33,9500.0,20.4,B
2021-06-07T13:21:31,200.0,20.4,B
2021-06-07T13:21:31,2000.0,20.4,B
2021-06-07T13:21:31,100.0,20.4,B
2021-06-07T13:21:26,400.0,20.4,B
2021-06-07T13:21:25,500.0,20.3,S
2021-06-07T13:21:21,1000.0,20.4,B
2021-06-07T13:21:18,3000.0,20.4,B
2021-06-07T13:21:18,100.0,20.4,B
2021-06-07T13:21:13,10000.0,20.4,B
2021-06-07T13:21:10,2000.0,20.3,S
2021-06-07T13:21:09,1500.0,20.4,B
2021-06-07T13:21:06,500.0,20.4,B
2021-06-07T13:21:03,5000.0,20.4,B
2021-06-07T13:21:03,100.0,20.4,B
2021-06-07T13:21:02,800.0,20.3,S
2021-06-07T13:21:01,500.0,20.4,B
2021-06-07T13:21:00,1000.0,20.4,B
2021-06-07T13:20:59,5000.0,20.4,B
2021-06-07T13:20:56,2000.0,20.4,B
2021-06-07T13:20:54,500.0,20.4,B
2021-06-07T13:20:53,20000.0,20.4,B
2021-06-07T13:20:52,5000.0,20.4,B
2021-06-07T13:20:45,100.0,20.4,B
2021-06-07T13:20:42,3000.0,20.3,S
2021-06-07T13:20:41,3800.0,20.4,B
2021-06-07T13:20:38,400.0,20.4,B
2021-06-07T13:20:36,1000.0,20.3,S
2021-06-07T13:20:35,500.0,20.4,B
2021-06-07T13:20:31,10000.0,20.4,B
2021-06-07T13:20:29,1000.0,20.3,S
2021-06-07T13:20:28,9000.0,20.3,S
2021-06-07T13:20:27,500.0,20.4,B
2021-06-07T13:20:26,5200.0,20.4,B
2021-06-07T13:20:25,100.0,20.3,S
2021-06-07T13:20:17,2000.0,20.3,S
2021-06-07T13:20:15,100.0,20.4,B
2021-06-07T13:20:13,1300.0,20.4,B
2021-06-07T13:20:12,500.0,20.4,B
2021-06-07T13:20:08,10000.0,20.4,B
2021-06-07T13:20:07,1700.0,20.4,B
2021-06-07T13:20:05,100.0,20.4,B
2021-06-07T13:20:03,5300.0,20.4,B
2021-06-07T13:20:03,700.0,20.4,B
2021-06-07T13:20:01,500.0,20.4,B
2021-06-07T13:19:58,1000.0,20.4,B
2021-06-07T13:19:55,1000.0,20.4,B
2021-06-07T13:19:49,1000.0,20.4,B
2021-06-07T13:19:49,2100.0,20.4,B
2021-06-07T13:19:48,400.0,20.4,B
2021-06-07T13:19:45,10000.0,20.4,B
2021-06-07T13:19:37,100.0,20.4,B
2021-06-07T13:19:34,50700.0,20.4,B
2021-06-07T13:19:33,1000.0,20.4,B
2021-06-07T13:19:19,100.0,20.4,B
2021-06-07T13:19:13,300.0,20.4,B
2021-06-07T13:19:10,500.0,20.3,S
2021-06-07T13:19:05,34400.0,20.4,B
2021-06-07T13:18:58,600.0,20.3,S
2021-06-07T13:18:53,800.0,20.4,B
2021-06-07T13:18:50,1000.0,20.4,B
2021-06-07T13:18:47,2000.0,20.4,B
2021-06-07T13:18:46,200.0,20.4,B
2021-06-07T13:18:45,1200.0,20.4,B
2021-06-07T13:18:43,4000.0,20.4,B
2021-06-07T13:18:41,500.0,20.3,S
2021-06-07T13:18:40,300.0,20.4,B
2021-06-07T13:18:40,35000.0,20.4,B
2021-06-07T13:18:38,1200.0,20.4,B
2021-06-07T13:18:36,400.0,20.4,B
2021-06-07T13:18:35,500.0,20.4,B
2021-06-07T13:18:23,50000.0,20.4,B
2021-06-07T13:18:14,100.0,20.3,S
2021-06-07T13:18:11,4800.0,20.4,B
2021-06-07T13:18:10,10000.0,20.4,B
2021-06-07T13:18:05,100.0,20.3,S
2021-06-07T13:17:55,2000.0,20.4,B
2021-06-07T13:17:54,500.0,20.3,S
2021-06-07T13:17:48,300.0,20.4,B
2021-06-07T13:17:44,2000.0,20.3,S
2021-06-07T13:17:44,200.0,20.3,S
2021-06-07T13:17:41,200.0,20.3,S
2021-06-07T13:17:39,100.0,20.3,S
2021-06-07T13:17:38,100.0,20.3,S
2021-06-07T13:17:35,8000.0,20.3,S
2021-06-07T13:17:27,300.0,20.3,S
2021-06-07T13:17:25,1000.0,20.3,S
2021-06-07T13:17:19,400.0,20.3,S
2021-06-07T13:17:10,2000.0,20.3,S
2021-06-07T13:17:03,5000.0,20.3,S
2021-06-07T13:16:47,3000.0,20.4,B
2021-06-07T13:16:41,100.0,20.3,S
2021-06-07T13:16:35,200.0,20.4,B
2021-06-07T13:16:29,2000.0,20.3,S
2021-06-07T13:16:19,2000.0,20.4,B
2021-06-07T13:15:59,500.0,20.3,S
2021-06-07T13:15:59,2000.0,20.3,S
2021-06-07T13:15:56,1000.0,20.4,B
2021-06-07T13:15:56,7100.0,20.3,S
2021-06-07T13:15:55,100.0,20.3,S
2021-06-07T13:15:54,4000.0,20.3,S
2021-06-07T13:15:53,100.0,20.4,B
2021-06-07T13:15:51,1000.0,20.4,B
2021-06-07T13:15:44,100.0,20.3,S
2021-06-07T13:15:40,10000.0,20.3,S
2021-06-07T13:15:38,1500.0,20.3,S
2021-06-07T13:15:38,100.0,20.3,S
2021-06-07T13:15:35,25000.0,20.3,S
2021-06-07T13:15:34,400.0,20.3,S
2021-06-07T13:15:31,700.0,20.3,S
2021-06-07T13:15:29,200.0,20.3,S
2021-06-07T13:15:23,10000.0,20.3,S
2021-06-07T13:15:22,1000.0,20.3,S
2021-06-07T13:15:20,30000.0,20.4,B
2021-06-07T13:15:18,100.0,20.3,S
2021-06-07T13:15:15,30000.0,20.3,S
2021-06-07T13:15:11,200.0,20.3,S
2021-06-07T13:15:00,1000.0,20.3,S
2021-06-07T13:14:56,100.0,20.3,S
2021-06-07T13:14:55,500.0,20.3,S
2021-06-07T13:14:54,100.0,20.3,S
2021-06-07T13:14:52,400.0,20.3,S
2021-06-07T13:14:48,100.0,20.3,S
2021-06-07T13:14:44,500.0,20.3,S
2021-06-07T13:14:41,300.0,20.3,S
2021-06-07T13:14:36,300.0,20.3,S
2021-06-07T13:14:34,1300.0,20.3,S
2021-06-07T13:14:33,500.0,20.3,S
2021-06-07T13:14:31,200.0,20.4,B
2021-06-07T13:14:24,200.0,20.3,S
2021-06-07T13:14:15,1000.0,20.3,S
2021-06-07T13:14:14,1200.0,20.3,S
2021-06-07T13:14:13,5000.0,20.3,S
2021-06-07T13:14:08,2000.0,20.3,S
2021-06-07T13:14:08,3000.0,20.3,S
2021-06-07T13:14:07,1000.0,20.3,B
2021-06-07T13:14:07,1000.0,20.3,B
2021-06-07T13:14:05,2000.0,20.3,B
2021-06-07T13:14:02,3500.0,20.3,B
2021-06-07T13:13:56,500.0,20.3,B
2021-06-07T13:13:54,700.0,20.3,B
2021-06-07T13:13:53,2000.0,20.3,B
2021-06-07T13:13:48,9500.0,20.3,S
2021-06-07T13:13:44,400.0,20.3,S
2021-06-07T13:13:42,200.0,20.3,S
2021-06-07T13:13:40,3200.0,20.3,S
2021-06-07T13:13:39,500.0,20.3,B
2021-06-07T13:13:37,300.0,20.3,B
2021-06-07T13:13:35,1000.0,20.3,B
2021-06-07T13:13:35,500.0,20.3,B
2021-06-07T13:13:32,3200.0,20.3,B
2021-06-07T13:13:31,3000.0,20.2,S
2021-06-07T13:13:29,700.0,20.3,B
2021-06-07T13:13:27,900.0,20.3,B
2021-06-07T13:13:27,1000.0,20.3,B
2021-06-07T13:13:26,7000.0,20.3,B
2021-06-07T13:13:22,300.0,20.3,B
2021-06-07T13:13:22,8000.0,20.3,B
2021-06-07T13:13:20,2400.0,20.3,B
2021-06-07T13:13:18,300.0,20.3,B
2021-06-07T13:13:15,5200.0,20.3,B
2021-06-07T13:13:14,1000.0,20.3,B
2021-06-07T13:13:12,1000.0,20.3,B
2021-06-07T13:13:11,10000.0,20.3,B
2021-06-07T13:13:10,5000.0,20.3,B
2021-06-07T13:13:09,100.0,20.3,B
2021-06-07T13:13:06,300.0,20.3,B
2021-06-07T13:13:03,1000.0,20.3,B
2021-06-07T13:12:59,30000.0,20.3,B
2021-06-07T13:12:59,3400.0,20.3,B
2021-06-07T13:12:56,800.0,20.3,B
2021-06-07T13:12:53,200.0,20.3,B
2021-06-07T13:12:51,500.0,20.3,B
2021-06-07T13:12:38,7400.0,20.3,B
2021-06-07T13:12:35,100.0,20.2,S
2021-06-07T13:12:19,300.0,20.3,B
2021-06-07T13:12:16,20000.0,20.3,B
2021-06-07T13:12:13,1400.0,20.3,B
2021-06-07T13:12:12,500.0,20.3,B
2021-06-07T13:12:10,1500.0,20.3,B
2021-06-07T13:12:07,1000.0,20.3,B
2021-06-07T13:12:06,500.0,20.2,S
2021-06-07T13:12:02,300.0,20.2,S
2021-06-07T13:12:01,100.0,20.3,B
2021-06-07T13:12:00,9800.0,20.3,B
2021-06-07T13:12:00,5000.0,20.2,S
2021-06-07T13:11:56,400.0,20.3,B
2021-06-07T13:11:47,20000.0,20.2,S
2021-06-07T13:11:46,2400.0,20.3,B
2021-06-07T13:11:41,2000.0,20.2,S
2021-06-07T13:11:35,1600.0,20.2,S
2021-06-07T13:11:34,3000.0,20.3,B
2021-06-07T13:11:31,2000.0,20.3,B
2021-06-07T13:11:25,1000.0,20.3,B
2021-06-07T13:11:21,6100.0,20.3,B
2021-06-07T13:11:19,1000.0,20.2,S
2021-06-07T13:11:17,30000.0,20.3,B
2021-06-07T13:11:15,20000.0,20.3,B
2021-06-07T13:11:14,5000.0,20.3,B
2021-06-07T13:11:12,100.0,20.3,B
2021-06-07T13:11:11,1300.0,20.2,S
2021-06-07T13:11:08,30000.0,20.3,B
2021-06-07T13:11:07,2000.0,20.3,B
2021-06-07T13:11:04,1000.0,20.3,B
2021-06-07T13:11:02,1800.0,20.3,B
2021-06-07T13:10:58,100.0,20.3,B
2021-06-07T13:10:55,1000.0,20.3,B
2021-06-07T13:10:54,1000.0,20.3,B
2021-06-07T13:10:53,2200.0,20.3,B
2021-06-07T13:10:51,100.0,20.3,B
2021-06-07T13:10:51,800.0,20.3,B
2021-06-07T13:10:50,1000.0,20.3,B
2021-06-07T13:10:49,3700.0,20.3,B
2021-06-07T13:10:47,2000.0,20.3,B
2021-06-07T13:10:46,100.0,20.3,B
2021-06-07T13:10:43,3000.0,20.3,B
2021-06-07T13:10:38,100.0,20.3,B
2021-06-07T13:10:37,200.0,20.3,B
2021-06-07T13:10:36,300.0,20.3,B
2021-06-07T13:10:33,200.0,20.3,B
2021-06-07T13:10:30,500.0,20.3,B
2021-06-07T13:10:29,5000.0,20.3,B
2021-06-07T13:10:29,900.0,20.3,B
2021-06-07T13:10:28,7500.0,20.3,B
2021-06-07T13:10:27,27500.0,20.3,S
2021-06-07T13:10:26,13100.0,20.3,B
2021-06-07T13:10:23,1200.0,20.3,B
2021-06-07T13:10:21,5800.0,20.3,S
2021-06-07T13:10:18,3000.0,20.4,B
2021-06-07T13:10:17,3000.0,20.3,B
2021-06-07T13:10:12,700.0,20.3,B
2021-06-07T13:10:10,100.0,20.3,B
2021-06-07T13:10:06,200.0,20.2,S
2021-06-07T13:10:02,8500.0,20.3,B
2021-06-07T13:09:57,500.0,20.3,S
2021-06-07T13:09:54,4000.0,20.2,S
2021-06-07T13:09:53,10800.0,20.3,S
2021-06-07T13:09:52,200.0,20.3,B
2021-06-07T13:09:51,5000.0,20.3,B
2021-06-07T13:09:51,300.0,20.3,B
2021-06-07T13:09:50,100.0,20.3,B
2021-06-07T13:09:48,100.0,20.3,B
2021-06-07T13:09:47,5000.0,20.3,B
2021-06-07T13:09:47,200.0,20.3,B
2021-06-07T13:09:45,200.0,20.3,B
2021-06-07T13:09:44,700.0,20.3,B
2021-06-07T13:09:42,20000.0,20.3,B
2021-06-07T13:09:42,400.0,20.3,B
2021-06-07T13:09:41,4000.0,20.3,B
2021-06-07T13:09:40,1500.0,20.3,B
2021-06-07T13:09:38,10500.0,20.3,B
2021-06-07T13:09:35,2000.0,20.3,B
2021-06-07T13:09:30,600.0,20.3,B
2021-06-07T13:09:27,900.0,20.3,B
2021-06-07T13:09:25,800.0,20.2,S
2021-06-07T13:09:24,5000.0,20.3,B
2021-06-07T13:09:23,5000.0,20.3,B
2021-06-07T13:09:22,200.0,20.3,B
2021-06-07T13:09:21,500.0,20.2,S
2021-06-07T13:09:21,4100.0,20.3,B
2021-06-07T13:09:15,500.0,20.3,B
2021-06-07T13:09:14,300.0,20.2,S
2021-06-07T13:09:11,1400.0,20.3,B
2021-06-07T13:09:10,1700.0,20.3,B
2021-06-07T13:09:10,20000.0,20.3,B
2021-06-07T13:09:08,6000.0,20.3,B
2021-06-07T13:09:04,100.0,20.2,S
2021-06-07T13:09:02,50000.0,20.3,B
2021-06-07T13:09:00,100.0,20.3,B
2021-06-07T13:08:57,5000.0,20.2,S
2021-06-07T13:08:56,200.0,20.2,S
2021-06-07T13:08:55,7000.0,20.3,B
2021-06-07T13:08:50,100.0,20.2,S
2021-06-07T13:08:48,3000.0,20.3,B
2021-06-07T13:08:43,3000.0,20.3,B
2021-06-07T13:08:43,13600.0,20.3,B
2021-06-07T13:08:40,1000.0,20.3,B
2021-06-07T13:08:35,1000.0,20.3,B
2021-06-07T13:08:32,800.0,20.3,B
2021-06-07T13:08:31,200.0,20.2,S
2021-06-07T13:08:30,1000.0,20.3,B
2021-06-07T13:08:28,500.0,20.3,B
2021-06-07T13:08:24,11400.0,20.2,S
2021-06-07T13:08:22,500.0,20.3,B
2021-06-07T13:08:22,200.0,20.3,B
2021-06-07T13:08:10,500.0,20.3,B
2021-06-07T13:08:08,200.0,20.3,B
2021-06-07T13:08:06,500.0,20.3,B
2021-06-07T13:08:04,1000.0,20.3,B
2021-06-07T13:07:53,8000.0,20.3,B
2021-06-07T13:07:46,700.0,20.3,B
2021-06-07T13:07:40,1300.0,20.3,B
2021-06-07T13:07:36,5000.0,20.3,B
2021-06-07T13:07:34,200.0,20.3,B
2021-06-07T13:07:33,2000.0,20.3,B
2021-06-07T13:07:31,1000.0,20.2,S
2021-06-07T13:07:27,200.0,20.3,B
2021-06-07T13:07:19,100.0,20.3,B
2021-06-07T13:07:15,200.0,20.2,S
2021-06-07T13:07:14,5000.0,20.2,S
2021-06-07T13:07:07,100.0,20.2,S
2021-06-07T13:07:06,300.0,20.3,B
2021-06-07T13:06:52,600.0,20.2,S
2021-06-07T13:06:49,100.0,20.2,S
2021-06-07T13:06:47,400.0,20.2,S
2021-06-07T13:06:47,800.0,20.2,S
2021-06-07T13:06:41,1000.0,20.2,S
2021-06-07T13:06:40,1000.0,20.2,S
2021-06-07T13:06:35,1000.0,20.2,S
2021-06-07T13:06:32,300.0,20.2,S
2021-06-07T13:06:32,500.0,20.2,S
2021-06-07T13:06:31,1200.0,20.2,S
2021-06-07T13:06:29,500.0,20.2,S
2021-06-07T13:06:29,300.0,20.2,S
2021-06-07T13:06:27,2000.0,20.2,S
2021-06-07T13:06:26,1100.0,20.2,S
2021-06-07T13:06:16,13000.0,20.2,S
2021-06-07T13:06:14,800.0,20.2,B
2021-06-07T13:06:13,100.0,20.2,B
2021-06-07T13:06:13,100.0,20.2,B
2021-06-07T13:06:12,100.0,20.2,B
2021-06-07T13:06:09,5000.0,20.2,B
2021-06-07T13:06:06,15000.0,20.2,B
2021-06-07T13:06:06,100.0,20.2,B
2021-06-07T13:06:05,2500.0,20.2,S
2021-06-07T13:06:04,200.0,20.2,S
2021-06-07T13:06:02,7300.0,20.2,B
2021-06-07T13:06:00,200.0,20.2,B
2021-06-07T13:05:57,3000.0,20.2,B
2021-06-07T13:05:53,20000.0,20.2,B
2021-06-07T13:05:50,300.0,20.2,B
2021-06-07T13:05:49,15000.0,20.2,B
2021-06-07T13:05:47,10000.0,20.2,B
2021-06-07T13:05:37,100.0,20.2,B
2021-06-07T13:05:34,2000.0,20.2,B
2021-06-07T13:05:27,100.0,20.2,B
2021-06-07T13:05:26,2200.0,20.2,B
2021-06-07T13:05:25,2000.0,20.2,B
2021-06-07T13:05:23,100.0,20.2,B
2021-06-07T13:05:17,1000.0,20.2,B
2021-06-07T13:05:12,2000.0,20.2,B
2021-06-07T13:05:11,100.0,20.2,B
2021-06-07T13:05:09,2000.0,20.1,S
2021-06-07T13:05:07,100.0,20.2,B
2021-06-07T13:05:06,100.0,20.2,B
2021-06-07T13:05:05,4800.0,20.2,B
2021-06-07T13:05:04,500.0,20.2,B
2021-06-07T13:05:03,5000.0,20.2,B
2021-06-07T13:04:59,100.0,20.1,S
2021-06-07T13:04:57,100.0,20.2,B
2021-06-07T13:04:56,3000.0,20.2,B
2021-06-07T13:04:52,1000.0,20.2,B
2021-06-07T13:04:50,400.0,20.2,B
2021-06-07T13:04:49,1000.0,20.2,B
2021-06-07T13:04:43,6000.0,20.2,B
2021-06-07T13:04:43,4000.0,20.2,B
2021-06-07T13:04:41,100.0,20.2,B
2021-06-07T13:04:39,2000.0,20.1,S
2021-06-07T13:04:37,5000.0,20.2,B
2021-06-07T13:04:35,1000.0,20.1,S
2021-06-07T13:04:31,1000.0,20.2,B
2021-06-07T13:04:26,1500.0,20.2,B
2021-06-07T13:04:19,1000.0,20.2,B
2021-06-07T13:04:17,300.0,20.2,B
2021-06-07T13:04:16,2000.0,20.2,B
2021-06-07T13:04:15,100.0,20.2,B
2021-06-07T13:04:14,1700.0,20.2,B
2021-06-07T13:04:09,11900.0,20.2,B
2021-06-07T13:04:05,1000.0,20.2,B
2021-06-07T13:04:02,3000.0,20.2,B
2021-06-07T13:04:01,400.0,20.1,S
2021-06-07T13:03:55,100.0,20.2,B
2021-06-07T13:03:48,1000.0,20.2,B
2021-06-07T13:03:47,500.0,20.1,S
2021-06-07T13:03:41,200.0,20.2,B
2021-06-07T13:03:39,2000.0,20.2,B
2021-06-07T13:03:37,2500.0,20.2,B
2021-06-07T13:03:32,100.0,20.2,B
2021-06-07T13:03:28,300.0,20.1,S
2021-06-07T13:03:28,100.0,20.2,B
2021-06-07T13:03:24,200.0,20.2,B
2021-06-07T13:03:19,5000.0,20.2,B
2021-06-07T13:03:18,500.0,20.2,B
2021-06-07T13:03:17,100.0,20.2,B
2021-06-07T13:03:16,500.0,20.2,B
2021-06-07T13:03:13,100.0,20.2,B
2021-06-07T13:03:08,3400.0,20.2,B
2021-06-07T13:03:06,4000.0,20.2,B
2021-06-07T13:03:05,2800.0,20.2,B
2021-06-07T13:03:04,300.0,20.2,B
2021-06-07T13:02:57,600.0,20.2,B
2021-06-07T13:02:56,100.0,20.2,B
2021-06-07T13:02:51,4800.0,20.2,B
2021-06-07T13:02:43,1400.0,20.2,B
2021-06-07T13:02:42,7700.0,20.2,B
2021-06-07T13:02:36,700.0,20.2,B
2021-06-07T13:02:29,1000.0,20.2,B
2021-06-07T13:02:26,100.0,20.2,B
2021-06-07T13:02:25,5000.0,20.2,B
2021-06-07T13:02:19,300.0,20.2,B
2021-06-07T13:02:18,100.0,20.2,B
2021-06-07T13:02:11,6000.0,20.2,B
2021-06-07T13:02:05,100.0,20.2,B
2021-06-07T13:01:58,400.0,20.2,B
2021-06-07T13:01:58,3000.0,20.2,S
2021-06-07T13:01:53,600.0,20.2,S
2021-06-07T13:01:49,100.0,20.3,B
2021-06-07T13:01:42,2000.0,20.3,B
2021-06-07T13:01:35,2400.0,20.2,S
2021-06-07T13:01:20,500.0,20.3,B
2021-06-07T13:01:17,5000.0,20.3,B
2021-06-07T13:01:11,2500.0,20.2,S
2021-06-07T13:01:10,200.0,20.2,S
2021-06-07T13:01:05,1000.0,20.2,S
2021-06-07T13:01:03,300.0,20.2,S
2021-06-07T13:00:40,500.0,20.2,S
2021-06-07T13:00:39,100.0,20.2,B
2021-06-07T13:00:33,500.0,20.2,S
2021-06-07T13:00:32,500.0,20.3,B
2021-06-07T13:00:32,500.0,20.3,B
2021-06-07T13:00:31,100.0,20.1,S
2021-06-07T13:00:31,1400.0,20.3,B
2021-06-07T13:00:29,500.0,20.1,S
2021-06-07T13:00:27,1500.0,20.3,B
2021-06-07T13:00:25,600.0,20.1,S
2021-06-07T13:00:25,1600.0,20.2,B
2021-06-07T13:00:25,31700.0,20.2,B
2021-06-07T13:00:23,500.0,20.2,S
2021-06-07T13:00:23,100.0,20.3,S
2021-06-07T13:00:23,3500.0,20.3,B
2021-06-07T13:00:23,100.0,20.2,S
2021-06-07T13:00:21,1700.0,20.3,B
2021-06-07T13:00:21,1500.0,20.2,S
2021-06-07T13:00:21,100.0,20.2,S
2021-06-07T13:00:21,100.0,20.3,B
2021-06-07T13:00:17,1200.0,20.3,B
2021-06-07T13:00:17,2400.0,20.3,B
2021-06-07T13:00:17,2800.0,20.3,B
2021-06-07T13:00:17,38900.0,20.3,B
2021-06-07T13:00:17,5500.0,20.2,S
2021-06-07T13:00:15,900.0,20.3,B
2021-06-07T13:00:15,5200.0,20.3,B
2021-06-07T13:00:15,3100.0,20.2,S
2021-06-07T13:00:15,18600.0,20.3,B
2021-06-07T13:00:13,500.0,20.3,B
2021-06-07T13:00:10,3200.0,20.3,B
2021-06-07T13:00:10,4400.0,20.3,B
2021-06-07T11:30:03,2000.0,20.3,B
2021-06-07T11:30:00,6000.0,20.3,B
2021-06-07T11:29:59,500.0,20.2,S
2021-06-07T11:29:57,5000.0,20.2,S
2021-06-07T11:29:54,200.0,20.2,S
2021-06-07T11:29:52,100.0,20.2,S
2021-06-07T11:29:42,6000.0,20.3,B
2021-06-07T11:29:41,3000.0,20.2,S
2021-06-07T11:29:36,1000.0,20.2,S
2021-06-07T11:29:35,17300.0,20.2,B
2021-06-07T11:29:22,500.0,20.2,B
2021-06-07T11:29:20,100.0,20.2,B
2021-06-07T11:29:11,2300.0,20.2,B
2021-06-07T11:29:08,100.0,20.2,B
2021-06-07T11:29:07,10000.0,20.2,B
2021-06-07T11:29:00,100.0,20.2,B
2021-06-07T11:28:52,2900.0,20.1,S
2021-06-07T11:28:49,1000.0,20.1,S
2021-06-07T11:28:44,1000.0,20.1,S
2021-06-07T11:28:43,10000.0,20.1,S
2021-06-07T11:28:39,2000.0,20.1,S
2021-06-07T11:28:39,300.0,20.1,B
2021-06-07T11:28:28,100.0,20.1,B
2021-06-07T11:28:25,200.0,20.1,B
2021-06-07T11:28:25,1000.0,20.0,S
2021-06-07T11:28:24,5000.0,20.0,S
2021-06-07T11:28:22,100.0,20.1,B
2021-06-07T11:28:19,100.0,20.1,B
2021-06-07T11:28:14,27700.0,20.1,S
2021-06-07T11:28:09,100.0,20.2,B
2021-06-07T11:28:04,300.0,20.2,B
2021-06-07T11:28:02,2000.0,20.2,B
2021-06-07T11:28:00,1000.0,20.2,B
2021-06-07T11:27:41,500.0,20.2,B
2021-06-07T11:27:34,4300.0,20.1,S
2021-06-07T11:27:17,30000.0,20.2,B
2021-06-07T11:27:09,1000.0,20.1,S
2021-06-07T11:27:05,1100.0,20.1,S
2021-06-07T11:27:04,200.0,20.2,B
2021-06-07T11:27:04,3000.0,20.1,S
2021-06-07T11:26:59,8000.0,20.2,B
2021-06-07T11:26:58,1000.0,20.2,B
2021-06-07T11:26:53,1000.0,20.1,S
2021-06-07T11:26:53,300.0,20.1,S
2021-06-07T11:26:45,5000.0,20.1,S
2021-06-07T11:26:44,200.0,20.1,S
2021-06-07T11:26:44,1000.0,20.1,S
2021-06-07T11:26:43,15000.0,20.1,S
2021-06-07T11:26:43,50000.0,20.2,B
2021-06-07T11:26:42,5200.0,20.1,B
2021-06-07T11:26:40,2000.0,20.1,B
2021-06-07T11:26:35,400.0,20.1,B
2021-06-07T11:26:32,12400.0,20.1,S
2021-06-07T11:26:30,1000.0,20.1,S
2021-06-07T11:26:24,1400.0,20.1,S
2021-06-07T11:26:22,100.0,20.1,S
2021-06-07T11:26:21,500.0,20.1,S
2021-06-07T11:26:20,14600.0,20.1,B
2021-06-07T11:26:17,500.0,20.1,B
2021-06-07T11:26:16,1000.0,20.0,S
2021-06-07T11:26:14,4000.0,20.1,B
2021-06-07T11:26:13,400.0,20.0,S
2021-06-07T11:26:11,1400.0,20.0,S
2021-06-07T11:26:10,100.0,20.1,B
2021-06-07T11:26:09,700.0,20.0,S
2021-06-07T11:26:04,12000.0,20.1,B
2021-06-07T11:26:02,200.0,20.1,B
2021-06-07T11:25:59,600.0,20.0,S
2021-06-07T11:25:53,2000.0,20.0,S
2021-06-07T11:25:46,2200.0,20.0,S
2021-06-07T11:25:37,400.0,20.0,S
2021-06-07T11:25:35,1200.0,20.0,S
2021-06-07T11:25:27,500.0,20.0,S
2021-06-07T11:25:27,100.0,20.0,S
2021-06-07T11:25:22,200.0,20.0,S
2021-06-07T11:25:20,1100.0,20.0,S
2021-06-07T11:25:18,1500.0,20.0,S
2021-06-07T11:25:14,50000.0,20.0,S
2021-06-07T11:25:12,300.0,20.0,S
2021-06-07T11:25:12,700.0,20.0,S
2021-06-07T11:25:07,200.0,20.0,S
2021-06-07T11:24:56,1000.0,20.0,S
2021-06-07T11:24:53,100.0,20.0,S
2021-06-07T11:24:51,900.0,20.1,B
2021-06-07T11:24:50,100.0,20.0,S
2021-06-07T11:24:48,5000.0,20.0,S
2021-06-07T11:24:45,35000.0,20.0,S
2021-06-07T11:24:45,2300.0,20.0,B
2021-06-07T11:24:44,1500.0,20.0,B
2021-06-07T11:24:43,300.0,20.0,B
2021-06-07T11:24:42,1000.0,19.9,S
2021-06-07T11:24:42,5700.0,20.0,B
2021-06-07T11:24:35,1000.0,20.0,B
2021-06-07T11:24:27,2300.0,20.0,B
2021-06-07T11:24:23,700.0,20.0,B
2021-06-07T11:24:20,1100.0,20.0,B
2021-06-07T11:24:18,200.0,20.0,S
2021-06-07T11:24:17,1000.0,20.0,S
2021-06-07T11:24:11,400.0,20.0,S
2021-06-07T11:24:08,200.0,20.0,S
2021-06-07T11:24:05,1000.0,20.0,S
2021-06-07T11:24:03,100.0,20.0,S
2021-06-07T11:23:58,9000.0,20.0,S
2021-06-07T11:23:40,100.0,20.1,B
2021-06-07T11:23:38,15800.0,20.1,B
2021-06-07T11:23:34,3000.0,20.0,S
2021-06-07T11:23:29,200.0,20.0,S
2021-06-07T11:23:27,200.0,20.0,S
2021-06-07T11:23:19,1000.0,20.0,S
2021-06-07T11:23:17,100.0,20.0,S
2021-06-07T11:23:14,1000.0,20.1,B
2021-06-07T11:23:12,3000.0,20.0,S
2021-06-07T11:23:06,500.0,20.0,S
2021-06-07T11:23:04,2000.0,20.1,B
2021-06-07T11:23:01,6000.0,20.0,S
2021-06-07T11:22:57,700.0,20.0,S
2021-06-07T11:22:51,1000.0,20.0,S
2021-06-07T11:22:46,1000.0,20.0,S
2021-06-07T11:22:40,2000.0,20.0,S
2021-06-07T11:22:40,3000.0,20.0,S
2021-06-07T11:22:39,400.0,20.0,S
2021-06-07T11:22:38,500.0,20.0,S
2021-06-07T11:22:35,1000.0,20.0,S
2021-06-07T11:22:34,200.0,20.1,B
2021-06-07T11:22:34,1100.0,20.0,S
2021-06-07T11:22:32,5000.0,20.0,S
2021-06-07T11:22:30,300.0,20.0,S
2021-06-07T11:22:29,500.0,20.0,S
2021-06-07T11:22:25,2000.0,20.0,B
2021-06-07T11:22:22,1500.0,20.0,B
2021-06-07T11:22:13,200.0,20.0,B
2021-06-07T11:22:11,300.0,20.0,B
2021-06-07T11:22:09,1000.0,19.9,S
2021-06-07T11:21:58,100.0,19.9,S
2021-06-07T11:21:56,3800.0,19.9,S
2021-06-07T11:21:56,2000.0,20.1,B
2021-06-07T11:21:55,100.0,20.0,S
2021-06-07T11:21:51,200.0,20.0,S
2021-06-07T11:21:48,13100.0,19.9,S
2021-06-07T11:21:44,1200.0,20.1,S
2021-06-07T11:21:38,20300.0,19.9,S
2021-06-07T11:21:37,14200.0,20.0,S
2021-06-07T11:21:36,2900.0,20.1,S
2021-06-07T11:21:28,13200.0,20.1,B
2021-06-07T11:21:26,5800.0,20.0,S
2021-06-07T11:21:26,31600.0,20.1,B
2021-06-07T11:21:25,2000.0,20.0,S
2021-06-07T11:21:23,300.0,20.0,S
2021-06-07T11:21:21,400.0,20.1,B
2021-06-07T11:21:17,600.0,20.0,S
2021-06-07T11:21:16,3000.0,20.0,S
2021-06-07T11:21:16,700.0,20.0,S
2021-06-07T11:21:09,800.0,20.0,S
2021-06-07T11:21:07,2000.0,20.0,S
2021-06-07T11:21:07,1000.0,20.0,S
2021-06-07T11:21:06,200.0,20.0,S
2021-06-07T11:21:02,5000.0,20.0,S
2021-06-07T11:20:48,100.0,20.0,S
2021-06-07T11:20:47,700.0,20.0,S
2021-06-07T11:20:46,1300.0,20.1,B
2021-06-07T11:20:42,600.0,20.0,S
2021-06-07T11:20:39,9600.0,20.0,B
2021-06-07T11:20:34,9800.0,20.0,B
2021-06-07T11:20:34,100.0,19.9,S
2021-06-07T11:20:32,10600.0,20.0,S
2021-06-07T11:20:25,2200.0,20.1,B
2021-06-07T11:20:23,200.0,20.0,S
2021-06-07T11:20:19,16500.0,19.9,S
2021-06-07T11:20:18,10000.0,19.9,S
2021-06-07T11:20:16,20000.0,20.1,B
2021-06-07T11:20:16,8000.0,20.1,B
2021-06-07T11:20:12,100.0,20.0,S
2021-06-07T11:20:09,500.0,20.0,S
2021-06-07T11:20:06,1100.0,20.0,S
2021-06-07T11:20:05,1000.0,20.0,S
2021-06-07T11:20:04,1000.0,20.0,S
2021-06-07T11:19:57,300.0,20.0,S
2021-06-07T11:19:57,1600.0,20.0,S
2021-06-07T11:19:56,1000.0,20.0,S
2021-06-07T11:19:55,200.0,20.0,S
2021-06-07T11:19:53,200.0,20.0,S
2021-06-07T11:19:53,200.0,20.0,S
2021-06-07T11:19:43,400.0,20.1,B
2021-06-07T11:19:39,1400.0,20.0,S
2021-06-07T11:19:36,3000.0,20.0,S
2021-06-07T11:19:35,500.0,20.0,S
2021-06-07T11:19:30,100.0,20.0,S
2021-06-07T11:19:29,5000.0,20.0,S
2021-06-07T11:19:22,1000.0,20.0,B
2021-06-07T11:19:22,19000.0,20.0,B
2021-06-07T11:19:19,1000.0,20.0,S
2021-06-07T11:19:14,1000.0,20.0,S
2021-06-07T11:19:14,200.0,20.0,S
2021-06-07T11:19:12,500.0,20.0,S
2021-06-07T11:19:12,2000.0,20.0,S
2021-06-07T11:19:10,1000.0,20.0,S
2021-06-07T11:19:07,1000.0,20.0,S
2021-06-07T11:18:56,10000.0,20.0,S
2021-06-07T11:18:53,300.0,20.0,S
2021-06-07T11:18:52,100.0,20.0,S
2021-06-07T11:18:51,100.0,20.0,S
2021-06-07T11:18:50,200.0,20.0,S
2021-06-07T11:18:43,1000.0,20.0,S
2021-06-07T11:18:41,2000.0,20.0,S
2021-06-07T11:18:40,2000.0,20.0,S
2021-06-07T11:18:39,1800.0,20.0,S
2021-06-07T11:18:38,5200.0,20.0,S
2021-06-07T11:18:36,400.0,20.0,S
2021-06-07T11:18:32,5000.0,20.0,S
2021-06-07T11:18:32,1300.0,20.0,S
2021-06-07T11:18:28,2000.0,20.1,B
2021-06-07T11:18:27,1000.0,20.0,S
2021-06-07T11:18:22,6500.0,20.0,S
2021-06-07T11:18:21,500.0,20.0,S
2021-06-07T11:18:19,3100.0,20.0,S
2021-06-07T11:18:15,100.0,20.0,S
2021-06-07T11:18:12,100.0,20.0,S
2021-06-07T11:18:12,5000.0,20.0,S
2021-06-07T11:18:11,200.0,20.0,S
2021-06-07T11:18:10,1100.0,20.0,S
2021-06-07T11:18:09,1000.0,20.0,S
2021-06-07T11:18:08,2700.0,20.0,B
2021-06-07T11:18:07,18100.0,20.0,B
2021-06-07T11:18:05,2000.0,19.9,S
2021-06-07T11:18:01,100.0,20.0,B
2021-06-07T11:18:00,7000.0,19.9,S
2021-06-07T11:17:57,300.0,20.0,B
2021-06-07T11:17:56,4500.0,20.0,S
2021-06-07T11:17:55,200.0,20.0,S
2021-06-07T11:17:54,300.0,20.0,S
2021-06-07T11:17:52,2000.0,20.0,S
2021-06-07T11:17:49,900.0,20.0,S
2021-06-07T11:17:48,500.0,20.0,S
2021-06-07T11:17:46,2600.0,20.0,B
2021-06-07T11:17:42,2500.0,19.9,S
2021-06-07T11:17:40,800.0,20.0,S
2021-06-07T11:17:39,1300.0,20.0,S
2021-06-07T11:17:38,100.0,20.0,S
2021-06-07T11:17:35,600.0,20.0,S
2021-06-07T11:17:31,1000.0,20.0,S
2021-06-07T11:17:28,100.0,20.0,S
2021-06-07T11:17:26,200.0,20.0,S
2021-06-07T11:17:26,1500.0,20.0,S
2021-06-07T11:17:26,5300.0,20.0,B
2021-06-07T11:17:22,3500.0,19.9,S
2021-06-07T11:17:20,400.0,20.0,S
2021-06-07T11:17:18,500.0,20.0,S
2021-06-07T11:17:10,300.0,19.9,S
2021-06-07T11:17:09,900.0,20.0,B
2021-06-07T11:17:07,4100.0,20.0,S
2021-06-07T11:17:06,200.0,19.9,S
2021-06-07T11:17:05,30000.0,20.1,B
2021-06-07T11:17:03,1100.0,20.0,B
2021-06-07T11:17:01,23000.0,19.9,S
2021-06-07T11:17:00,1000.0,20.0,S
2021-06-07T11:16:59,5000.0,20.0,S
2021-06-07T11:16:58,1000.0,20.0,S
2021-06-07T11:16:57,3100.0,20.0,S
2021-06-07T11:16:54,1000.0,20.0,S
2021-06-07T11:16:53,200.0,20.0,S
2021-06-07T11:16:46,700.0,20.0,S
2021-06-07T11:16:45,100.0,20.0,S
2021-06-07T11:16:44,2000.0,20.1,B
2021-06-07T11:16:44,1500.0,20.1,B
2021-06-07T11:16:39,200.0,20.0,S
2021-06-07T11:16:36,200.0,20.0,S
2021-06-07T11:16:35,10000.0,20.0,S
2021-06-07T11:16:34,200.0,20.0,S
2021-06-07T11:16:33,2000.0,20.0,S
2021-06-07T11:16:31,5000.0,20.0,S
2021-06-07T11:16:30,2000.0,20.0,S
2021-06-07T11:16:28,2000.0,20.0,S
2021-06-07T11:16:27,3500.0,20.0,S
2021-06-07T11:16:25,300.0,20.0,S
2021-06-07T11:16:21,700.0,20.1,B
2021-06-07T11:16:19,100.0,20.0,S
2021-06-07T11:16:18,2000.0,20.0,S
2021-06-07T11:16:17,500.0,20.0,S
2021-06-07T11:16:17,2000.0,20.0,S
2021-06-07T11:16:16,700.0,20.0,S
2021-06-07T11:16:13,4900.0,20.0,B
2021-06-07T11:16:10,100.0,20.0,S
2021-06-07T11:16:10,1000.0,20.1,B
2021-06-07T11:16:09,4200.0,19.9,S
2021-06-07T11:16:07,5000.0,20.0,S
2021-06-07T11:16:04,1000.0,20.0,B
2021-06-07T11:16:03,100.0,20.0,B
2021-06-07T11:16:01,1000.0,20.0,B
2021-06-07T11:16:01,400.0,19.9,S
2021-06-07T11:15:59,20000.0,20.0,B
2021-06-07T11:15:59,1600.0,20.0,B
2021-06-07T11:15:58,1000.0,20.0,B
2021-06-07T11:15:57,400.0,20.0,B
2021-06-07T11:15:55,4000.0,20.0,B
2021-06-07T11:15:54,500.0,20.0,B
2021-06-07T11:15:50,20000.0,20.0,B
2021-06-07T11:15:49,5500.0,20.0,B
2021-06-07T11:15:48,21900.0,20.0,B
2021-06-07T11:15:46,11000.0,20.0,B
2021-06-07T11:15:43,500.0,20.0,B
2021-06-07T11:15:43,3000.0,20.0,B
2021-06-07T11:15:41,100.0,20.0,B
2021-06-07T11:15:39,1700.0,20.0,B
2021-06-07T11:15:34,10000.0,20.0,B
2021-06-07T11:15:32,300.0,19.9,S
2021-06-07T11:15:31,10000.0,20.0,B
2021-06-07T11:15:28,2000.0,19.9,S
2021-06-07T11:15:27,1000.0,20.0,B
2021-06-07T11:15:27,100.0,19.9,S
2021-06-07T11:15:25,400.0,19.9,S
2021-06-07T11:15:24,20000.0,20.0,B
2021-06-07T11:15:19,3600.0,20.0,B
2021-06-07T11:15:17,2000.0,19.9,S
2021-06-07T11:15:17,500.0,20.0,B
2021-06-07T11:15:16,6000.0,19.9,S
2021-06-07T11:15:16,1000.0,20.0,B
2021-06-07T11:15:15,100.0,19.9,S
2021-06-07T11:15:14,3000.0,20.0,B
2021-06-07T11:15:11,5000.0,20.0,B
2021-06-07T11:15:09,2000.0,19.9,S
2021-06-07T11:15:02,1200.0,20.0,B
2021-06-07T11:14:57,1000.0,20.0,B
2021-06-07T11:14:57,20000.0,20.0,B
2021-06-07T11:14:54,200.0,20.0,B
2021-06-07T11:14:49,200.0,19.9,S
2021-06-07T11:14:46,3000.0,19.9,S
2021-06-07T11:14:44,1000.0,19.9,S
2021-06-07T11:14:40,200.0,19.9,S
2021-06-07T11:14:38,1000.0,20.0,B
2021-06-07T11:14:37,200.0,19.9,S
2021-06-07T11:14:35,2000.0,19.9,S
2021-06-07T11:14:33,100.0,19.9,S
2021-06-07T11:14:30,300.0,19.9,S
2021-06-07T11:14:27,2000.0,19.9,S
2021-06-07T11:14:24,500.0,19.9,S
2021-06-07T11:14:20,3500.0,20.0,B
2021-06-07T11:14:16,15000.0,19.9,S
2021-06-07T11:14:14,2000.0,20.0,B
2021-06-07T11:14:13,80000.0,20.0,B
2021-06-07T11:14:05,10000.0,19.9,S
2021-06-07T11:14:04,500.0,19.9,S
2021-06-07T11:14:01,2400.0,20.0,B
2021-06-07T11:13:50,800.0,20.0,B
2021-06-07T11:13:48,1600.0,20.0,B
2021-06-07T11:13:46,1900.0,20.0,B
2021-06-07T11:13:45,10000.0,19.9,S
2021-06-07T11:13:43,1000.0,19.9,S
2021-06-07T11:13:42,1400.0,19.9,S
2021-06-07T11:13:42,1000.0,19.9,S
2021-06-07T11:13:41,1700.0,19.9,S
2021-06-07T11:13:38,1000.0,19.9,S
2021-06-07T11:13:35,2000.0,19.9,S
2021-06-07T11:13:33,800.0,19.9,S
2021-06-07T11:13:31,800.0,19.9,S
2021-06-07T11:13:25,1000.0,19.9,S
2021-06-07T11:13:24,500.0,19.9,S
2021-06-07T11:13:23,5000.0,19.9,S
2021-06-07T11:13:23,1500.0,19.9,S
2021-06-07T11:13:21,5500.0,19.9,S
2021-06-07T11:13:20,300.0,19.9,S
2021-06-07T11:13:17,1500.0,19.9,S
2021-06-07T11:13:13,3200.0,19.9,B
2021-06-07T11:13:11,20000.0,19.9,B
2021-06-07T11:13:09,10000.0,19.9,B
2021-06-07T11:13:08,500.0,19.9,B
2021-06-07T11:12:58,1500.0,19.9,B
2021-06-07T11:12:53,20800.0,19.9,S
2021-06-07T11:12:52,500.0,19.9,S
2021-06-07T11:12:51,500.0,19.9,S
2021-06-07T11:12:50,200.0,19.9,S
2021-06-07T11:12:48,1000.0,19.9,S
2021-06-07T11:12:44,1000.0,19.9,S
2021-06-07T11:12:43,100.0,19.9,S
2021-06-07T11:12:37,1000.0,19.9,S
2021-06-07T11:12:36,2000.0,19.9,S
2021-06-07T11:12:34,400.0,19.9,S
2021-06-07T11:12:29,200.0,19.9,S
2021-06-07T11:12:28,91300.0,19.9,B
2021-06-07T11:12:25,11000.0,19.9,B
2021-06-07T11:12:24,100.0,19.9,B
2021-06-07T11:12:22,1000.0,19.9,B
2021-06-07T11:12:22,1500.0,19.8,S
2021-06-07T11:12:22,500.0,19.8,S
2021-06-07T11:12:22,2200.0,19.9,B
2021-06-07T11:12:13,20000.0,19.9,B
2021-06-07T11:12:11,100.0,19.9,B
2021-06-07T11:12:04,1000.0,19.9,B
2021-06-07T11:12:01,10000.0,19.8,S
2021-06-07T11:12:00,400.0,19.8,S
2021-06-07T11:11:59,500.0,19.8,S
2021-06-07T11:11:58,500.0,19.8,S
2021-06-07T11:11:56,200.0,19.8,S
2021-06-07T11:11:55,300.0,19.8,S
2021-06-07T11:11:52,300.0,19.8,S
2021-06-07T11:11:52,200.0,19.8,S
2021-06-07T11:11:51,700.0,19.8,S
2021-06-07T11:11:50,2000.0,19.8,S
2021-06-07T11:11:48,1000.0,19.9,B
2021-06-07T11:11:46,1000.0,19.8,S
2021-06-07T11:11:44,2000.0,19.8,S
2021-06-07T11:11:41,200.0,19.8,S
2021-06-07T11:11:41,300.0,19.8,S
2021-06-07T11:11:38,1000.0,19.8,S
2021-06-07T11:11:34,500.0,19.8,S
2021-06-07T11:11:34,2000.0,19.9,B
2021-06-07T11:11:33,200.0,19.8,S
2021-06-07T11:11:33,3000.0,19.8,S
2021-06-07T11:11:31,1900.0,19.8,S
2021-06-07T11:11:26,2000.0,19.8,S
2021-06-07T11:11:24,2800.0,19.9,B
2021-06-07T11:11:23,5000.0,19.8,S
2021-06-07T11:11:21,600.0,19.8,S
2021-06-07T11:11:12,2000.0,19.9,B
2021-06-07T11:11:11,100.0,19.8,S
2021-06-07T11:11:11,700.0,19.8,S
2021-06-07T11:11:10,1500.0,19.8,S
2021-06-07T11:11:08,1000.0,19.9,B
2021-06-07T11:11:06,1000.0,19.8,S
2021-06-07T11:11:05,4000.0,19.8,S
2021-06-07T11:11:04,3500.0,19.8,S
2021-06-07T11:11:03,30100.0,19.9,B
2021-06-07T11:11:02,1000.0,19.8,S
2021-06-07T11:11:02,400.0,19.8,S
2021-06-07T11:11:01,10000.0,19.8,S
2021-06-07T11:10:58,200.0,19.8,S
2021-06-07T11:10:56,500.0,19.8,S
2021-06-07T11:10:54,5000.0,19.8,S
2021-06-07T11:10:53,1000.0,19.8,S
2021-06-07T11:10:52,2000.0,19.8,S
2021-06-07T11:10:51,2000.0,19.8,S
2021-06-07T11:10:48,2700.0,19.8,S
2021-06-07T11:10:48,5000.0,19.8,S
2021-06-07T11:10:46,2000.0,19.8,S
2021-06-07T11:10:45,6100.0,19.8,S
2021-06-07T11:10:42,1000.0,19.8,S
2021-06-07T11:10:41,5000.0,19.8,S
2021-06-07T11:10:40,5000.0,19.8,S
2021-06-07T11:10:39,1000.0,19.8,S
2021-06-07T11:10:36,1000.0,19.8,S
2021-06-07T11:10:35,9600.0,19.8,S
2021-06-07T11:10:33,100.0,19.8,S
2021-06-07T11:10:32,4000.0,19.8,S
2021-06-07T11:10:29,4500.0,19.8,B
2021-06-07T11:10:28,2000.0,19.8,B
2021-06-07T11:10:28,5000.0,19.8,B
2021-06-07T11:10:26,500.0,19.7,S
2021-06-07T11:10:25,2000.0,19.7,S
2021-06-07T11:10:24,2000.0,19.8,B
2021-06-07T11:10:22,800.0,19.8,B
2021-06-07T11:10:21,100.0,19.8,B
2021-06-07T11:10:20,200.0,19.8,B
2021-06-07T11:10:19,1000.0,19.8,B
2021-06-07T11:10:12,2000.0,19.8,B
2021-06-07T11:10:11,100.0,19.8,B
2021-06-07T11:10:11,1000.0,19.7,S
2021-06-07T11:10:07,100.0,19.8,B
2021-06-07T11:10:07,100.0,19.8,B
2021-06-07T11:10:05,300.0,19.8,B
2021-06-07T11:10:03,2000.0,19.7,S
2021-06-07T11:10:02,800.0,19.7,S
2021-06-07T11:10:00,30000.0,19.7,S
2021-06-07T11:10:00,1900.0,19.8,S
2021-06-07T11:09:58,4200.0,19.8,S
2021-06-07T11:09:56,300.0,19.8,S
2021-06-07T11:09:48,10000.0,19.8,S
2021-06-07T11:09:48,100.0,19.8,S
2021-06-07T11:09:44,2800.0,19.8,S
2021-06-07T11:09:43,5000.0,19.8,S
2021-06-07T11:09:43,700.0,19.8,S
2021-06-07T11:09:41,100.0,19.8,S
2021-06-07T11:09:38,8100.0,19.8,B
2021-06-07T11:09:36,1000.0,19.8,B
2021-06-07T11:09:33,6000.0,19.7,S
2021-06-07T11:09:32,200.0,19.8,S
2021-06-07T11:09:31,1900.0,19.8,S
2021-06-07T11:09:25,2600.0,19.8,S
2021-06-07T11:09:22,2400.0,19.8,S
2021-06-07T11:09:19,400.0,19.7,S
2021-06-07T11:09:17,1100.0,19.7,S
2021-06-07T11:09:11,5000.0,19.7,S
2021-06-07T11:09:08,1000.0,19.7,S
2021-06-07T11:09:08,5000.0,19.7,S
2021-06-07T11:09:07,2300.0,19.8,S
2021-06-07T11:09:06,1300.0,19.8,S
2021-06-07T11:09:04,1000.0,19.8,S
2021-06-07T11:09:03,2000.0,19.8,S
2021-06-07T11:09:01,2300.0,19.8,S
2021-06-07T11:08:56,300.0,19.8,S
2021-06-07T11:08:55,200.0,19.8,S
2021-06-07T11:08:52,1600.0,19.8,S
2021-06-07T11:08:49,1500.0,19.7,S
2021-06-07T11:08:47,1000.0,19.8,S
2021-06-07T11:08:44,20000.0,19.7,S
2021-06-07T11:08:41,3100.0,19.8,S
2021-06-07T11:08:40,1000.0,19.8,S
2021-06-07T11:08:38,1600.0,19.8,S
2021-06-07T11:08:37,1000.0,19.8,S
2021-06-07T11:08:36,2500.0,19.8,S
2021-06-07T11:08:36,5000.0,19.8,S
2021-06-07T11:08:35,2400.0,19.8,S
2021-06-07T11:08:34,1000.0,19.9,B
2021-06-07T11:08:32,300.0,19.8,S
2021-06-07T11:08:27,1800.0,19.8,S
2021-06-07T11:08:26,5000.0,19.8,S
2021-06-07T11:08:23,200.0,19.8,S
2021-06-07T11:08:17,1000.0,19.8,S
2021-06-07T11:08:13,500.0,19.8,S
2021-06-07T11:08:04,100.0,19.8,S
2021-06-07T11:08:03,5000.0,19.8,S
2021-06-07T11:08:01,100.0,19.8,S
2021-06-07T11:08:01,500.0,19.8,S
2021-06-07T11:08:00,1100.0,19.9,B
2021-06-07T11:08:00,8000.0,19.9,B
2021-06-07T11:07:58,200.0,19.8,S
2021-06-07T11:07:52,2500.0,19.8,S
2021-06-07T11:07:51,3000.0,19.8,S
2021-06-07T11:07:50,100.0,19.8,S
2021-06-07T11:07:49,200.0,19.8,S
2021-06-07T11:07:46,2000.0,19.8,S
2021-06-07T11:07:45,100.0,19.8,S
2021-06-07T11:07:45,1000.0,19.8,S
2021-06-07T11:07:43,22000.0,19.8,S
2021-06-07T11:07:42,200.0,19.8,B
2021-06-07T11:07:36,2000.0,19.8,B
2021-06-07T11:07:32,500.0,19.7,S
2021-06-07T11:07:31,3000.0,19.8,B
2021-06-07T11:07:30,2300.0,19.8,B
2021-06-07T11:07:28,2000.0,19.7,S
2021-06-07T11:07:27,500.0,19.7,S
2021-06-07T11:07:25,4000.0,19.8,B
2021-06-07T11:07:22,5000.0,19.7,S
2021-06-07T11:07:19,5000.0,19.7,S
2021-06-07T11:07:16,1000.0,19.8,B
2021-06-07T11:07:12,3000.0,19.8,B
2021-06-07T11:07:12,1000.0,19.8,B
2021-06-07T11:07:09,600.0,19.7,S
2021-06-07T11:07:01,500.0,19.7,S
2021-06-07T11:06:59,100.0,19.8,B
2021-06-07T11:06:57,3000.0,19.8,B
2021-06-07T11:06:57,800.0,19.8,B
2021-06-07T11:06:56,200.0,19.8,B
2021-06-07T11:06:54,3000.0,19.8,B
2021-06-07T11:06:52,100.0,19.7,S
2021-06-07T11:06:50,1000.0,19.8,S
2021-06-07T11:06:44,100.0,19.8,S
2021-06-07T11:06:44,2400.0,19.8,S
2021-06-07T11:06:40,1000.0,19.8,S
2021-06-07T11:06:39,2000.0,19.8,S
2021-06-07T11:06:38,2500.0,19.8,B
2021-06-07T11:06:37,1000.0,19.7,S
2021-06-07T11:06:35,500.0,19.8,B
2021-06-07T11:06:34,200.0,19.7,S
2021-06-07T11:06:33,200.0,19.8,S
2021-06-07T11:06:30,1000.0,19.8,S
2021-06-07T11:06:30,100.0,19.8,S
2021-06-07T11:06:29,100.0,19.8,B
2021-06-07T11:06:28,1600.0,19.8,S
2021-06-07T11:06:27,100.0,19.8,S
2021-06-07T11:06:27,2800.0,19.8,S
2021-06-07T11:06:25,5300.0,19.8,B
2021-06-07T11:06:21,5800.0,19.8,B
2021-06-07T11:06:19,300.0,19.8,S
2021-06-07T11:06:14,600.0,19.8,S
2021-06-07T11:06:13,700.0,19.8,S
2021-06-07T11:06:11,300.0,19.8,S
2021-06-07T11:06:07,1000.0,19.8,S
2021-06-07T11:06:07,300.0,19.8,S
2021-06-07T11:06:06,10000.0,19.8,S
2021-06-07T11:06:05,4200.0,19.8,S
2021-06-07T11:06:02,2000.0,19.8,S
2021-06-07T11:05:52,200.0,19.8,S
2021-06-07T11:05:51,100.0,19.8,S
2021-06-07T11:05:50,1400.0,19.8,S
2021-06-07T11:05:49,10000.0,19.9,B
2021-06-07T11:05:49,1100.0,19.8,S
2021-06-07T11:05:48,2000.0,19.8,S
2021-06-07T11:05:45,200.0,19.8,S
2021-06-07T11:05:42,300.0,19.8,S
2021-06-07T11:05:40,5200.0,19.8,S
2021-06-07T11:05:39,1000.0,19.8,S
2021-06-07T11:05:37,100.0,19.8,S
2021-06-07T11:05:35,100.0,19.8,S
2021-06-07T11:05:28,200.0,19.8,S
2021-06-07T11:05:26,500.0,19.8,S
2021-06-07T11:05:25,1200.0,19.9,B
2021-06-07T11:05:22,2000.0,19.8,S
2021-06-07T11:05:12,30000.0,19.8,S
2021-06-07T11:05:10,1000.0,19.8,S
2021-06-07T11:05:10,1300.0,19.8,S
2021-06-07T11:05:09,300.0,19.8,S
2021-06-07T11:05:08,500.0,19.8,S
2021-06-07T11:05:07,200.0,19.9,B
2021-06-07T11:05:07,200.0,19.8,S
2021-06-07T11:05:04,2400.0,19.8,S
2021-06-07T11:05:04,500.0,19.8,S
2021-06-07T11:05:01,500.0,19.8,S
2021-06-07T11:04:57,1900.0,19.8,B
2021-06-07T11:04:57,3100.0,19.8,S
2021-06-07T11:04:55,2300.0,19.8,S
2021-06-07T11:04:55,1000.0,19.8,S
2021-06-07T11:04:54,100.0,19.8,S
2021-06-07T11:04:52,300.0,19.8,B
2021-06-07T11:04:51,2000.0,19.7,S
2021-06-07T11:04:49,1800.0,19.8,S
2021-06-07T11:04:48,200.0,19.8,B
2021-06-07T11:04:41,4800.0,19.8,S
2021-06-07T11:04:40,200.0,19.8,S
2021-06-07T11:04:37,4000.0,19.9,B
2021-06-07T11:04:37,200.0,19.8,S
2021-06-07T11:04:35,300.0,19.7,S
2021-06-07T11:04:34,10000.0,19.9,B
2021-06-07T11:04:32,1000.0,19.8,B
2021-06-07T11:04:32,1000.0,19.7,S
2021-06-07T11:04:31,3000.0,19.7,S
2021-06-07T11:04:30,1000.0,19.7,S
2021-06-07T11:04:30,100.0,19.8,B
2021-06-07T11:04:27,200.0,19.8,S
2021-06-07T11:04:20,200.0,19.7,S
2021-06-07T11:04:19,500.0,19.7,S
2021-06-07T11:04:18,1800.0,19.9,B
2021-06-07T11:04:15,100.0,19.8,B
2021-06-07T11:04:14,500.0,19.8,B
2021-06-07T11:04:13,2000.0,19.7,S
2021-06-07T11:04:10,10000.0,19.8,B
2021-06-07T11:04:07,200.0,19.8,B
2021-06-07T11:04:07,1000.0,19.8,B
2021-06-07T11:04:06,3700.0,19.8,S
2021-06-07T11:04:04,500.0,19.8,S
2021-06-07T11:04:03,300.0,19.9,B
2021-06-07T11:04:00,3000.0,19.8,S
2021-06-07T11:03:57,600.0,19.8,S
2021-06-07T11:03:56,400.0,19.8,S
2021-06-07T11:03:56,200.0,19.8,S
2021-06-07T11:03:52,1000.0,19.8,S
2021-06-07T11:03:48,5000.0,19.8,S
2021-06-07T11:03:47,1900.0,19.8,S
2021-06-07T11:03:43,400.0,19.8,S
2021-06-07T11:03:42,1300.0,19.8,S
2021-06-07T11:03:39,200.0,19.8,S
2021-06-07T11:03:38,500.0,19.8,S
2021-06-07T11:03:37,3500.0,19.8,S
2021-06-07T11:03:36,900.0,19.8,S
2021-06-07T11:03:26,1000.0,19.8,S
2021-06-07T11:03:25,500.0,19.8,S
2021-06-07T11:03:24,1000.0,19.8,S
2021-06-07T11:03:23,1200.0,19.8,S
2021-06-07T11:03:21,2000.0,19.9,B
2021-06-07T11:03:15,3800.0,19.8,B
2021-06-07T11:03:14,1000.0,19.8,B
2021-06-07T11:03:13,3300.0,19.7,S
2021-06-07T11:03:10,1600.0,19.7,S
2021-06-07T11:03:10,100.0,19.8,S
2021-06-07T11:03:09,200.0,19.8,S
2021-06-07T11:03:07,300.0,19.8,S
2021-06-07T11:03:07,100.0,19.9,B
2021-06-07T11:03:05,1600.0,19.8,S
2021-06-07T11:03:04,100.0,19.9,B
2021-06-07T11:03:03,10000.0,19.7,S
2021-06-07T11:03:02,1000.0,19.8,S
2021-06-07T11:03:00,10000.0,19.8,S
2021-06-07T11:02:59,3000.0,19.8,S
2021-06-07T11:02:58,500.0,19.8,S
2021-06-07T11:02:57,1100.0,19.8,S
2021-06-07T11:02:56,2200.0,19.8,S
2021-06-07T11:02:55,2000.0,19.8,S
2021-06-07T11:02:53,2100.0,19.8,S
2021-06-07T11:02:52,1000.0,19.8,S
2021-06-07T11:02:46,300.0,19.8,S
2021-06-07T11:02:46,800.0,19.8,S
2021-06-07T11:02:46,2000.0,19.8,S
2021-06-07T11:02:44,500.0,19.8,S
2021-06-07T11:02:42,200.0,19.8,S
2021-06-07T11:02:40,2000.0,19.9,B
2021-06-07T11:02:39,5000.0,19.8,S
2021-06-07T11:02:38,200.0,19.8,S
2021-06-07T11:02:35,300.0,19.8,S
2021-06-07T11:02:29,3000.0,19.8,S
2021-06-07T11:02:24,5200.0,19.8,S
2021-06-07T11:02:22,2000.0,19.9,B
2021-06-07T11:02:22,2800.0,19.8,S
2021-06-07T11:02:21,1000.0,19.8,S
2021-06-07T11:02:21,3000.0,19.8,S
2021-06-07T11:02:19,2000.0,19.8,S
2021-06-07T11:02:18,12000.0,19.8,S
2021-06-07T11:02:14,1300.0,19.8,S
2021-06-07T11:02:12,600.0,19.8,S
2021-06-07T11:02:10,500.0,19.8,S
2021-06-07T11:02:09,500.0,19.8,S
2021-06-07T11:02:08,66800.0,19.8,B
2021-06-07T11:02:05,400.0,19.8,B
2021-06-07T11:02:04,2500.0,19.8,B
2021-06-07T11:02:04,100.0,19.8,B
2021-06-07T11:02:00,10000.0,19.8,B
2021-06-07T11:01:58,2000.0,19.7,S
2021-06-07T11:01:56,2000.0,19.8,B
2021-06-07T11:01:56,200.0,19.7,S
2021-06-07T11:01:53,300.0,19.8,B
2021-06-07T11:01:51,2000.0,19.8,B
2021-06-07T11:01:50,300.0,19.8,B
2021-06-07T11:01:49,17000.0,19.8,B
2021-06-07T11:01:48,500.0,19.8,B
2021-06-07T11:01:46,2000.0,19.7,S
2021-06-07T11:01:46,50600.0,19.7,S
2021-06-07T11:01:46,54000.0,19.8,B
2021-06-07T11:01:46,400.0,19.8,B
2021-06-07T11:01:42,2000.0,19.8,B
2021-06-07T11:01:41,4300.0,19.7,S
2021-06-07T11:01:41,500.0,19.7,S
2021-06-07T11:01:40,100.0,19.8,B
2021-06-07T11:01:40,1000.0,19.7,S
2021-06-07T11:01:39,1000.0,19.7,S
2021-06-07T11:01:38,5000.0,19.8,B
2021-06-07T11:01:37,100.0,19.8,B
2021-06-07T11:01:35,300.0,19.7,S
2021-06-07T11:01:34,300.0,19.7,S
2021-06-07T11:01:33,11600.0,19.8,B
2021-06-07T11:01:33,5000.0,19.7,S
2021-06-07T11:01:32,500.0,19.7,S
2021-06-07T11:01:30,2300.0,19.7,S
2021-06-07T11:01:29,200.0,19.7,S
2021-06-07T11:01:27,1000.0,19.7,S
2021-06-07T11:01:26,37000.0,19.8,B
2021-06-07T11:01:25,1000.0,19.8,B
2021-06-07T11:01:23,1000.0,19.7,S
2021-06-07T11:01:22,1000.0,19.8,B
2021-06-07T11:01:21,200.0,19.7,S
2021-06-07T11:01:20,2100.0,19.8,B
2021-06-07T11:01:19,100.0,19.8,B
2021-06-07T11:01:17,1500.0,19.7,S
2021-06-07T11:01:16,2500.0,19.8,B
2021-06-07T11:01:15,8000.0,19.8,B
2021-06-07T11:01:14,14300.0,19.8,B
2021-06-07T11:01:13,1000.0,19.8,B
2021-06-07T11:01:12,500.0,19.8,B
2021-06-07T11:01:11,10600.0,19.8,B
2021-06-07T11:01:10,30000.0,19.8,B
2021-06-07T11:01:09,800.0,19.8,B
2021-06-07T11:01:08,1000.0,19.8,B
2021-06-07T11:01:07,17800.0,19.8,B
2021-06-07T11:01:06,5000.0,19.8,S
2021-06-07T11:01:05,500.0,19.9,B
2021-06-07T11:00:56,1000.0,19.8,S
2021-06-07T11:00:51,100.0,19.8,S
2021-06-07T11:00:50,1500.0,19.8,S
2021-06-07T11:00:46,500.0,19.8,S
2021-06-07T11:00:46,500.0,19.8,S
2021-06-07T11:00:45,6000.0,19.8,S
2021-06-07T11:00:44,30000.0,19.8,S
2021-06-07T11:00:41,2000.0,19.9,B
2021-06-07T11:00:40,6400.0,19.9,B
2021-06-07T11:00:38,1600.0,19.8,S
2021-06-07T11:00:38,1900.0,19.9,B
2021-06-07T11:00:35,25000.0,19.8,S
2021-06-07T11:00:32,300.0,19.8,S
2021-06-07T11:00:32,700.0,19.9,B
2021-06-07T11:00:29,300.0,19.8,S
2021-06-07T11:00:29,2100.0,19.8,S
2021-06-07T11:00:26,5000.0,19.8,S
2021-06-07T11:00:25,700.0,19.8,S
2021-06-07T11:00:21,100.0,19.9,B
2021-06-07T11:00:21,500.0,19.8,S
2021-06-07T11:00:18,1000.0,19.8,S
2021-06-07T11:00:17,200.0,19.8,S
2021-06-07T11:00:16,1300.0,19.8,S
2021-06-07T11:00:16,6000.0,19.8,S
2021-06-07T11:00:07,2000.0,19.8,S
2021-06-07T11:00:07,48600.0,19.8,S
2021-06-07T11:00:05,100.0,19.8,B
2021-06-07T11:00:04,1000.0,19.8,B
2021-06-07T11:00:02,1000.0,19.7,S
2021-06-07T10:59:59,10000.0,19.8,B
2021-06-07T10:59:59,500.0,19.8,B
2021-06-07T10:59:57,1000.0,19.8,B
2021-06-07T10:59:55,4000.0,19.8,B
2021-06-07T10:59:54,10000.0,19.8,B
2021-06-07T10:59:51,10000.0,19.8,B
2021-06-07T10:59:50,2200.0,19.8,B
2021-06-07T10:59:49,800.0,19.8,B
2021-06-07T10:59:48,2000.0,19.8,B
2021-06-07T10:59:43,3000.0,19.7,S
2021-06-07T10:59:43,2000.0,19.8,B
2021-06-07T10:59:42,1000.0,19.8,B
2021-06-07T10:59:42,100.0,19.8,B
2021-06-07T10:59:40,1000.0,19.7,S
2021-06-07T10:59:38,600.0,19.8,B
2021-06-07T10:59:37,100.0,19.8,B
2021-06-07T10:59:35,1000.0,19.8,B
2021-06-07T10:59:32,52600.0,19.8,B
2021-06-07T10:59:31,10000.0,19.7,S
2021-06-07T10:59:30,2000.0,19.7,S
2021-06-07T10:59:29,5000.0,19.8,B
2021-06-07T10:59:28,5100.0,19.7,S
2021-06-07T10:59:27,2000.0,19.7,S
2021-06-07T10:59:25,3000.0,19.7,S
2021-06-07T10:59:23,2000.0,19.7,S
2021-06-07T10:59:23,1100.0,19.8,B
2021-06-07T10:59:22,1800.0,19.8,B
2021-06-07T10:59:21,7900.0,19.7,S
2021-06-07T10:59:21,3000.0,19.8,B
2021-06-07T10:59:20,2000.0,19.7,S
2021-06-07T10:59:19,5400.0,19.7,S
2021-06-07T10:59:18,1000.0,19.8,B
2021-06-07T10:59:17,200.0,19.7,S
2021-06-07T10:59:17,5000.0,19.7,S
2021-06-07T10:59:14,100.0,19.7,S
2021-06-07T10:59:11,2000.0,19.7,S
2021-06-07T10:59:11,700.0,19.7,S
2021-06-07T10:59:08,100.0,19.8,B
2021-06-07T10:59:07,300.0,19.7,S
2021-06-07T10:59:06,300.0,19.8,B
2021-06-07T10:59:06,1000.0,19.7,S
2021-06-07T10:59:05,1100.0,19.8,B
2021-06-07T10:59:04,2100.0,19.7,S
2021-06-07T10:59:03,200.0,19.7,S
2021-06-07T10:59:03,400.0,19.7,S
2021-06-07T10:58:57,2000.0,19.7,S
2021-06-07T10:58:51,1000.0,19.7,S
2021-06-07T10:58:49,30000.0,19.7,S
2021-06-07T10:58:41,500.0,19.7,S
2021-06-07T10:58:40,1000.0,19.7,S
2021-06-07T10:58:39,200.0,19.8,B
2021-06-07T10:58:39,300.0,19.8,B
2021-06-07T10:58:37,200.0,19.8,B
2021-06-07T10:58:37,400.0,19.7,S
2021-06-07T10:58:36,1000.0,19.7,S
2021-06-07T10:58:35,2500.0,19.7,S
2021-06-07T10:58:33,10000.0,19.8,B
2021-06-07T10:58:33,5000.0,19.7,S
2021-06-07T10:58:30,4000.0,19.7,S
2021-06-07T10:58:30,2000.0,19.7,S
2021-06-07T10:58:29,4000.0,19.7,S
2021-06-07T10:58:27,7000.0,19.7,S
2021-06-07T10:58:25,500.0,19.7,S
2021-06-07T10:58:24,2500.0,19.7,S
2021-06-07T10:58:19,1700.0,19.7,S
2021-06-07T10:58:18,1000.0,19.7,S
2021-06-07T10:58:17,100.0,19.8,B
2021-06-07T10:58:16,100.0,19.8,B
2021-06-07T10:58:14,1000.0,19.7,S
2021-06-07T10:58:14,500.0,19.7,S
2021-06-07T10:58:13,5000.0,19.7,S
2021-06-07T10:58:11,1000.0,19.7,S
2021-06-07T10:58:11,100.0,19.7,S
2021-06-07T10:58:10,2500.0,19.7,S
2021-06-07T10:58:09,2000.0,19.7,S
2021-06-07T10:58:05,200.0,19.7,S
2021-06-07T10:58:03,1000.0,19.7,S
2021-06-07T10:57:59,100.0,19.7,S
2021-06-07T10:57:55,10300.0,19.7,S
2021-06-07T10:57:52,5100.0,19.8,B
2021-06-07T10:57:51,300.0,19.7,S
2021-06-07T10:57:50,500.0,19.7,S
2021-06-07T10:57:47,5200.0,19.7,S
2021-06-07T10:57:46,500.0,19.8,B
2021-06-07T10:57:46,1900.0,19.7,S
2021-06-07T10:57:45,300.0,19.8,B
2021-06-07T10:57:43,800.0,19.7,S
2021-06-07T10:57:41,3000.0,19.7,S
2021-06-07T10:57:40,100.0,19.7,S
2021-06-07T10:57:39,200.0,19.7,S
2021-06-07T10:57:37,100.0,19.7,S
2021-06-07T10:57:36,1000.0,19.7,S
2021-06-07T10:57:35,5100.0,19.7,S
2021-06-07T10:57:30,2000.0,19.7,S
2021-06-07T10:57:29,100100.0,19.7,S
2021-06-07T10:57:28,100.0,19.7,S
2021-06-07T10:57:25,1500.0,19.7,S
2021-06-07T10:57:23,1200.0,19.7,S
2021-06-07T10:57:22,300.0,19.7,S
2021-06-07T10:57:16,1100.0,19.7,S
2021-06-07T10:57:15,10000.0,19.7,S
2021-06-07T10:57:13,20000.0,19.8,B
2021-06-07T10:57:13,800.0,19.7,S
2021-06-07T10:57:12,5000.0,19.7,S
2021-06-07T10:57:08,5000.0,19.7,S
2021-06-07T10:57:07,100.0,19.7,S
2021-06-07T10:57:07,2000.0,19.7,S
2021-06-07T10:57:06,600.0,19.7,S
2021-06-07T10:57:05,100.0,19.7,S
2021-06-07T10:57:02,300.0,19.8,B
2021-06-07T10:57:02,10000.0,19.7,S
2021-06-07T10:56:59,3000.0,19.7,S
2021-06-07T10:56:57,1600.0,19.8,B
2021-06-07T10:56:54,2000.0,19.7,S
2021-06-07T10:56:53,500.0,19.7,S
2021-06-07T10:56:53,100.0,19.8,B
2021-06-07T10:56:52,1200.0,19.7,S
2021-06-07T10:56:50,300.0,19.7,S
2021-06-07T10:56:49,700.0,19.8,B
2021-06-07T10:56:45,300.0,19.7,S
2021-06-07T10:56:43,2800.0,19.7,S
2021-06-07T10:56:43,1000.0,19.7,S
2021-06-07T10:56:40,2000.0,19.8,B
2021-06-07T10:56:38,4800.0,19.7,S
2021-06-07T10:56:37,2000.0,19.8,B
2021-06-07T10:56:36,2000.0,19.7,S
2021-06-07T10:56:35,2000.0,19.7,S
2021-06-07T10:56:35,2500.0,19.7,S
2021-06-07T10:56:32,1000.0,19.7,S
2021-06-07T10:56:32,1500.0,19.7,S
2021-06-07T10:56:28,100.0,19.7,S
2021-06-07T10:56:28,1000.0,19.8,B
2021-06-07T10:56:28,400.0,19.8,B
2021-06-07T10:56:27,600.0,19.7,S
2021-06-07T10:56:25,600.0,19.7,S
2021-06-07T10:56:25,20800.0,19.7,S
2021-06-07T10:56:23,2600.0,19.8,S
2021-06-07T10:56:20,2000.0,19.7,S
2021-06-07T10:56:19,4000.0,19.7,S
2021-06-07T10:56:18,800.0,19.7,S
2021-06-07T10:56:16,100.0,19.8,S
2021-06-07T10:56:16,200.0,19.8,B
2021-06-07T10:56:11,1000.0,19.8,B
2021-06-07T10:56:07,300.0,19.8,B
2021-06-07T10:56:04,200.0,19.7,S
2021-06-07T10:56:02,200.0,19.7,S
2021-06-07T10:56:00,10800.0,19.7,S
2021-06-07T10:55:59,3700.0,19.8,S
2021-06-07T10:55:56,1100.0,19.8,S
2021-06-07T10:55:55,1000.0,19.8,S
2021-06-07T10:55:54,22200.0,19.8,B
2021-06-07T10:55:53,900.0,19.7,S
2021-06-07T10:55:53,4300.0,19.7,S
2021-06-07T10:55:51,1200.0,19.7,S
2021-06-07T10:55:48,100.0,19.7,S
2021-06-07T10:55:47,300.0,19.7,S
2021-06-07T10:55:47,100.0,19.7,S
2021-06-07T10:55:44,500.0,19.7,S
2021-06-07T10:55:43,100.0,19.7,S
2021-06-07T10:55:41,1500.0,19.7,S
2021-06-07T10:55:40,100.0,19.7,S
2021-06-07T10:55:39,1500.0,19.7,S
2021-06-07T10:55:39,400.0,19.7,S
2021-06-07T10:55:38,1000.0,19.7,S
2021-06-07T10:55:37,15600.0,19.7,S
2021-06-07T10:55:36,200.0,19.7,S
2021-06-07T10:55:33,800.0,19.7,S
2021-06-07T10:55:33,5000.0,19.7,S
2021-06-07T10:55:32,1100.0,19.7,S
2021-06-07T10:55:32,200.0,19.7,S
2021-06-07T10:55:29,1100.0,19.7,S
2021-06-07T10:55:27,39100.0,19.7,S
2021-06-07T10:55:26,3000.0,19.7,S
2021-06-07T10:55:25,1000.0,19.7,S
2021-06-07T10:55:23,200.0,19.7,S
2021-06-07T10:55:20,300.0,19.7,S
2021-06-07T10:55:20,100.0,19.7,S
2021-06-07T10:55:19,500.0,19.7,S
2021-06-07T10:55:17,500.0,19.8,B
2021-06-07T10:55:17,900.0,19.7,S
2021-06-07T10:55:17,1000.0,19.7,S
2021-06-07T10:55:16,12000.0,19.7,S
2021-06-07T10:55:15,200.0,19.7,S
2021-06-07T10:55:13,1200.0,19.7,S
2021-06-07T10:55:13,200.0,19.7,S
2021-06-07T10:55:12,200.0,19.7,S
2021-06-07T10:55:09,4000.0,19.7,S
2021-06-07T10:55:09,200.0,19.7,B
2021-06-07T10:55:07,1200.0,19.5,S
2021-06-07T10:55:06,335000.0,19.5,S
2021-06-07T10:55:05,5000.0,19.7,S
2021-06-07T10:55:04,4000.0,19.7,S
2021-06-07T10:55:04,6000.0,19.7,S
2021-06-07T10:55:03,20000.0,19.8,B
2021-06-07T10:55:02,10300.0,19.7,S
2021-06-07T10:55:02,1000.0,19.7,S
2021-06-07T10:55:01,12000.0,19.7,S
2021-06-07T10:55:00,300.0,19.7,S
2021-06-07T10:54:58,1200.0,19.7,S
2021-06-07T10:54:56,500.0,19.7,S
2021-06-07T10:54:55,1000.0,19.7,S
2021-06-07T10:54:55,12900.0,19.7,B
2021-06-07T10:54:54,3000.0,19.6,S
2021-06-07T10:54:53,1000.0,19.7,B
2021-06-07T10:54:52,600.0,19.7,B
2021-06-07T10:54:52,8000.0,19.6,S
2021-06-07T10:54:50,1300.0,19.6,S
2021-06-07T10:54:50,3000.0,19.6,S
2021-06-07T10:54:50,1400.0,19.7,B
2021-06-07T10:54:48,2100.0,19.7,B
2021-06-07T10:54:48,100.0,19.7,B
2021-06-07T10:54:46,6000.0,19.6,S
2021-06-07T10:54:45,500.0,19.7,S
2021-06-07T10:54:44,300.0,19.7,S
2021-06-07T10:54:44,500.0,19.7,S
2021-06-07T10:54:42,1000.0,19.7,S
2021-06-07T10:54:42,1200.0,19.7,S
2021-06-07T10:54:41,2000.0,19.7,S
2021-06-07T10:54:39,15900.0,19.7,S
2021-06-07T10:54:38,100.0,19.7,B
2021-06-07T10:54:37,1000.0,19.7,B
2021-06-07T10:54:36,5000.0,19.7,B
2021-06-07T10:54:33,1000.0,19.6,S
2021-06-07T10:54:30,1000.0,19.7,B
2021-06-07T10:54:30,900.0,19.6,S
2021-06-07T10:54:28,300.0,19.7,B
2021-06-07T10:54:27,1000.0,19.7,B
2021-06-07T10:54:26,3700.0,19.7,B
2021-06-07T10:54:24,200.0,19.7,B
2021-06-07T10:54:22,100.0,19.7,B
2021-06-07T10:54:20,2000.0,19.7,B
2021-06-07T10:54:20,10000.0,19.6,S
2021-06-07T10:54:19,200.0,19.7,B
2021-06-07T10:54:17,200.0,19.7,B
2021-06-07T10:54:16,100.0,19.7,B
2021-06-07T10:54:16,5100.0,19.7,B
2021-06-07T10:54:15,1600.0,19.6,S
2021-06-07T10:54:12,4000.0,19.7,S
2021-06-07T10:54:11,100.0,19.7,S
2021-06-07T10:54:10,1000.0,19.7,B
2021-06-07T10:54:09,100.0,19.7,B
2021-06-07T10:54:08,20000.0,19.6,S
2021-06-07T10:54:07,100.0,19.7,S
2021-06-07T10:54:05,1500.0,19.7,S
2021-06-07T10:54:04,1000.0,19.7,S
2021-06-07T10:54:03,400.0,19.7,S
2021-06-07T10:54:03,200.0,19.7,S
2021-06-07T10:54:02,4200.0,19.7,S
2021-06-07T10:54:01,100.0,19.7,S
2021-06-07T10:53:58,1200.0,19.7,S
2021-06-07T10:53:57,1000.0,19.7,S
2021-06-07T10:53:54,1500.0,19.7,S
2021-06-07T10:53:52,1000.0,19.7,S
2021-06-07T10:53:51,300.0,19.7,S
2021-06-07T10:53:47,100.0,19.7,S
2021-06-07T10:53:46,1000.0,19.8,B
2021-06-07T10:53:44,700.0,19.7,S
2021-06-07T10:53:44,400.0,19.7,S
2021-06-07T10:53:42,30000.0,19.8,B
2021-06-07T10:53:41,5000.0,19.7,S
2021-06-07T10:53:40,1000.0,19.7,S
2021-06-07T10:53:39,300.0,19.7,S
2021-06-07T10:53:38,2500.0,19.7,S
2021-06-07T10:53:36,3500.0,19.7,S
2021-06-07T10:53:34,1100.0,19.6,S
2021-06-07T10:53:32,700.0,19.7,S
2021-06-07T10:53:32,1000.0,19.7,S
2021-06-07T10:53:32,400.0,19.7,S
2021-06-07T10:53:31,100.0,19.7,S
2021-06-07T10:53:29,7900.0,19.7,S
2021-06-07T10:53:28,2500.0,19.7,S
2021-06-07T10:53:27,500.0,19.7,S
2021-06-07T10:53:25,200.0,19.7,S
2021-06-07T10:53:25,1900.0,19.7,S
2021-06-07T10:53:24,5000.0,19.8,B
2021-06-07T10:53:23,2000.0,19.7,B
2021-06-07T10:53:22,8000.0,19.7,B
2021-06-07T10:53:21,1000.0,19.6,S
2021-06-07T10:53:21,4000.0,19.6,S
2021-06-07T10:53:20,2000.0,19.6,S
2021-06-07T10:53:19,300.0,19.6,S
2021-06-07T10:53:17,300.0,19.6,S
2021-06-07T10:53:17,1400.0,19.6,S
2021-06-07T10:53:16,5400.0,19.7,B
2021-06-07T10:53:16,2000.0,19.6,S
2021-06-07T10:53:15,3900.0,19.6,S
2021-06-07T10:53:14,2400.0,19.6,S
2021-06-07T10:53:14,100.0,19.6,S
2021-06-07T10:53:13,10000.0,19.7,B
2021-06-07T10:53:12,2000.0,19.6,S
2021-06-07T10:53:12,3000.0,19.6,S
2021-06-07T10:53:11,7000.0,19.7,B
2021-06-07T10:53:10,2800.0,19.7,B
2021-06-07T10:53:10,300.0,19.6,S
2021-06-07T10:53:09,5500.0,19.7,B
2021-06-07T10:53:08,500.0,19.6,S
2021-06-07T10:53:07,4500.0,19.6,S
2021-06-07T10:53:06,100.0,19.6,S
2021-06-07T10:53:05,15000.0,19.6,S
2021-06-07T10:53:04,2500.0,19.6,S
2021-06-07T10:53:01,2000.0,19.6,S
2021-06-07T10:53:00,5400.0,19.6,S
2021-06-07T10:52:59,400.0,19.6,S
2021-06-07T10:52:58,400.0,19.6,S
2021-06-07T10:52:57,400.0,19.6,S
2021-06-07T10:52:57,500.0,19.6,S
2021-06-07T10:52:55,2000.0,19.6,S
2021-06-07T10:52:55,1000.0,19.6,S
2021-06-07T10:52:53,300.0,19.7,B
2021-06-07T10:52:52,1000.0,19.6,S
2021-06-07T10:52:50,2100.0,19.6,S
2021-06-07T10:52:49,500.0,19.6,S
2021-06-07T10:52:47,26600.0,19.6,S
2021-06-07T10:52:46,500.0,19.6,S
2021-06-07T10:52:44,1900.0,19.6,S
2021-06-07T10:52:44,25000.0,19.7,B
2021-06-07T10:52:42,800.0,19.6,S
2021-06-07T10:52:42,2200.0,19.6,S
2021-06-07T10:52:41,1500.0,19.6,S
2021-06-07T10:52:40,1000.0,19.6,S
2021-06-07T10:52:39,4100.0,19.7,B
2021-06-07T10:52:39,5000.0,19.7,B
2021-06-07T10:52:38,1000.0,19.6,S
2021-06-07T10:52:38,500.0,19.6,S
2021-06-07T10:52:36,100.0,19.7,B
2021-06-07T10:52:36,400.0,19.6,S
2021-06-07T10:52:35,5000.0,19.6,S
2021-06-07T10:52:34,2300.0,19.6,S
2021-06-07T10:52:33,10000.0,19.6,S
2021-06-07T10:52:32,3000.0,19.6,S
2021-06-07T10:52:32,1000.0,19.6,S
2021-06-07T10:52:31,1100.0,19.6,S
2021-06-07T10:52:31,5000.0,19.6,S
2021-06-07T10:52:30,300.0,19.6,S
2021-06-07T10:52:29,5700.0,19.6,S
2021-06-07T10:52:26,500.0,19.6,S
2021-06-07T10:52:24,1000.0,19.6,S
2021-06-07T10:52:22,2400.0,19.7,B
2021-06-07T10:52:21,700.0,19.6,S
2021-06-07T10:52:20,34000.0,19.6,S
2021-06-07T10:52:20,1000.0,19.6,S
2021-06-07T10:52:19,121500.0,19.6,S
2021-06-07T10:52:19,10000.0,19.6,S
2021-06-07T10:52:18,1000.0,19.6,S
2021-06-07T10:52:17,10000.0,19.6,S
2021-06-07T10:52:16,100.0,19.7,B
2021-06-07T10:52:15,700.0,19.6,S
2021-06-07T10:52:13,600.0,19.6,S
2021-06-07T10:52:12,200.0,19.7,B
2021-06-07T10:52:11,2000.0,19.7,B
2021-06-07T10:52:10,5000.0,19.6,S
2021-06-07T10:52:09,2000.0,19.6,S
2021-06-07T10:52:08,600.0,19.6,S
2021-06-07T10:52:08,600.0,19.6,S
2021-06-07T10:52:07,100.0,19.6,S
2021-06-07T10:52:06,8400.0,19.7,B
2021-06-07T10:52:05,100.0,19.7,B
2021-06-07T10:52:01,500.0,19.6,S
2021-06-07T10:52:00,3000.0,19.7,B
2021-06-07T10:51:57,100.0,19.6,S
2021-06-07T10:51:56,10000.0,19.6,S
2021-06-07T10:51:55,600.0,19.7,B
2021-06-07T10:51:51,1000.0,19.7,B
2021-06-07T10:51:49,31100.0,19.7,S
2021-06-07T10:51:48,2000.0,19.7,S
2021-06-07T10:51:47,300.0,19.7,S
2021-06-07T10:51:46,500.0,19.7,S
2021-06-07T10:51:45,600.0,19.7,S
2021-06-07T10:51:43,10000.0,19.7,S
2021-06-07T10:51:42,100.0,19.8,B
2021-06-07T10:51:41,500.0,19.7,S
2021-06-07T10:51:39,1000.0,19.7,S
2021-06-07T10:51:38,6300.0,19.7,S
2021-06-07T10:51:37,200.0,19.7,S
2021-06-07T10:51:37,200.0,19.8,B
2021-06-07T10:51:36,3100.0,19.7,S
2021-06-07T10:51:36,1800.0,19.7,S
2021-06-07T10:51:35,300.0,19.8,B
2021-06-07T10:51:33,200.0,19.7,S
2021-06-07T10:51:33,2600.0,19.7,S
2021-06-07T10:51:32,500.0,19.7,S
2021-06-07T10:51:32,4000.0,19.7,S
2021-06-07T10:51:28,7000.0,19.7,S
2021-06-07T10:51:27,300.0,19.8,B
2021-06-07T10:51:26,1000.0,19.7,S
2021-06-07T10:51:26,3000.0,19.8,B
2021-06-07T10:51:25,5200.0,19.7,S
2021-06-07T10:51:25,1000.0,19.7,S
2021-06-07T10:51:21,100.0,19.7,S
2021-06-07T10:51:18,7200.0,19.7,S
2021-06-07T10:51:17,3000.0,19.7,S
2021-06-07T10:51:16,2300.0,19.8,B
2021-06-07T10:51:13,2000.0,19.8,B
2021-06-07T10:51:11,500.0,19.8,B
2021-06-07T10:51:11,30000.0,19.7,S
2021-06-07T10:51:10,1000.0,19.7,S
2021-06-07T10:51:10,1000.0,19.8,B
2021-06-07T10:51:09,2000.0,19.8,B
2021-06-07T10:51:08,300.0,19.8,S
2021-06-07T10:51:08,36300.0,19.8,S
2021-06-07T10:51:07,3000.0,19.8,S
2021-06-07T10:51:07,6900.0,19.8,S
2021-06-07T10:51:06,2000.0,19.9,B
2021-06-07T10:51:05,3000.0,19.8,S
2021-06-07T10:51:04,1000.0,19.8,S
2021-06-07T10:51:03,20500.0,19.8,S
2021-06-07T10:51:02,1000.0,19.8,S
2021-06-07T10:51:01,1000.0,19.8,S
2021-06-07T10:51:00,200.0,19.9,B
2021-06-07T10:51:00,500.0,19.8,S
2021-06-07T10:50:57,200.0,19.9,B
2021-06-07T10:50:57,5000.0,19.8,S
2021-06-07T10:50:56,100.0,19.8,S
2021-06-07T10:50:54,100.0,19.8,S
2021-06-07T10:50:52,500.0,19.8,S
2021-06-07T10:50:50,5000.0,19.9,B
2021-06-07T10:50:50,5800.0,19.8,S
2021-06-07T10:50:49,300.0,19.8,S
2021-06-07T10:50:48,35000.0,19.8,S
2021-06-07T10:50:46,300.0,19.8,S
2021-06-07T10:50:45,2000.0,19.9,B
2021-06-07T10:50:43,2500.0,19.8,S
2021-06-07T10:50:43,1100.0,19.8,S
2021-06-07T10:50:42,100.0,19.9,B
2021-06-07T10:50:42,400.0,19.8,S
2021-06-07T10:50:41,1000.0,19.8,S
2021-06-07T10:50:40,500.0,19.8,S
2021-06-07T10:50:39,1400.0,19.8,S
2021-06-07T10:50:38,600.0,19.9,B
2021-06-07T10:50:37,1000.0,19.8,S
2021-06-07T10:50:37,500.0,19.9,B
2021-06-07T10:50:36,1500.0,19.9,B
2021-06-07T10:50:36,1000.0,19.8,S
2021-06-07T10:50:35,1900.0,19.8,S
2021-06-07T10:50:33,500.0,19.8,S
2021-06-07T10:50:29,200.0,19.8,S
2021-06-07T10:50:28,500.0,19.8,S
2021-06-07T10:50:28,200.0,19.9,B
2021-06-07T10:50:26,8000.0,19.8,S
2021-06-07T10:50:24,1000.0,19.9,B
2021-06-07T10:50:23,900.0,19.8,S
2021-06-07T10:50:22,100.0,19.9,B
2021-06-07T10:50:21,1400.0,19.8,S
2021-06-07T10:50:15,100.0,19.9,B
2021-06-07T10:50:12,1000.0,19.8,S
2021-06-07T10:50:11,100.0,19.9,B
2021-06-07T10:50:10,10000.0,19.8,S
2021-06-07T10:50:10,200.0,19.8,S
2021-06-07T10:50:07,5900.0,19.8,S
2021-06-07T10:50:06,5000.0,19.9,S
2021-06-07T10:50:00,4900.0,19.9,S
2021-06-07T10:49:56,200.0,19.8,S
2021-06-07T10:49:56,100.0,19.9,B
2021-06-07T10:49:55,400.0,19.9,S
2021-06-07T10:49:54,600.0,19.9,B
2021-06-07T10:49:53,1000.0,19.8,S
2021-06-07T10:49:52,23000.0,19.8,S
2021-06-07T10:49:52,100.0,19.9,S
2021-06-07T10:49:51,12000.0,19.9,S
2021-06-07T10:49:49,500.0,20.0,B
2021-06-07T10:49:46,4000.0,19.9,S
2021-06-07T10:49:45,2000.0,19.9,S
2021-06-07T10:49:40,50000.0,19.8,S
2021-06-07T10:49:36,1100.0,20.0,B
2021-06-07T10:49:35,6100.0,19.9,S
2021-06-07T10:49:30,3000.0,20.0,B
2021-06-07T10:49:29,500.0,19.9,S
2021-06-07T10:49:27,10000.0,19.9,S
2021-06-07T10:49:25,2000.0,19.9,S
2021-06-07T10:49:21,5700.0,19.9,S
2021-06-07T10:49:20,2500.0,20.0,B
2021-06-07T10:49:19,500.0,19.9,S
2021-06-07T10:49:19,1000.0,19.9,S
2021-06-07T10:49:15,200.0,19.9,S
2021-06-07T10:49:11,2000.0,19.9,S
2021-06-07T10:49:11,500.0,19.9,S
2021-06-07T10:49:06,100.0,19.9,S
2021-06-07T10:49:05,2000.0,19.9,S
2021-06-07T10:49:03,2300.0,19.9,S
2021-06-07T10:49:02,35000.0,19.9,S
2021-06-07T10:48:56,100.0,19.9,S
2021-06-07T10:48:56,24700.0,20.0,B
2021-06-07T10:48:55,1000.0,19.9,S
2021-06-07T10:48:52,1000.0,19.9,S
2021-06-07T10:48:52,1000.0,19.9,S
2021-06-07T10:48:45,2000.0,19.9,S
2021-06-07T10:48:40,500.0,19.9,S
2021-06-07T10:48:40,1000.0,19.9,S
2021-06-07T10:48:37,10000.0,20.0,B
2021-06-07T10:48:35,17600.0,20.0,B
2021-06-07T10:48:34,10000.0,19.9,S
2021-06-07T10:48:33,100.0,20.0,B
2021-06-07T10:48:32,2000.0,19.9,S
2021-06-07T10:48:30,12000.0,20.0,B
2021-06-07T10:48:29,500.0,20.0,B
2021-06-07T10:48:26,1900.0,19.9,S
2021-06-07T10:48:22,500.0,20.0,B
2021-06-07T10:48:22,100.0,20.0,B
2021-06-07T10:48:19,10000.0,20.0,B
2021-06-07T10:48:17,9000.0,20.0,B
2021-06-07T10:48:14,10000.0,20.0,B
2021-06-07T10:48:13,200.0,19.9,S
2021-06-07T10:48:11,10000.0,20.0,B
2021-06-07T10:48:10,2000.0,20.0,B
2021-06-07T10:48:10,100.0,20.0,B
2021-06-07T10:48:09,6000.0,20.0,B
2021-06-07T10:48:04,100.0,20.0,B
2021-06-07T10:47:59,14700.0,20.0,S
2021-06-07T10:47:58,1000.0,20.0,S
2021-06-07T10:47:57,7000.0,20.0,S
2021-06-07T10:47:56,700.0,20.0,S
2021-06-07T10:47:55,900.0,20.0,S
2021-06-07T10:47:52,600.0,20.0,S
2021-06-07T10:47:52,1000.0,20.0,S
2021-06-07T10:47:51,3500.0,20.0,S
2021-06-07T10:47:49,400.0,20.0,S
2021-06-07T10:47:48,2100.0,20.0,S
2021-06-07T10:47:47,1000.0,20.0,S
2021-06-07T10:47:46,300.0,20.0,S
2021-06-07T10:47:46,4000.0,20.0,S
2021-06-07T10:47:45,1700.0,20.0,S
2021-06-07T10:47:44,200.0,20.0,S
2021-06-07T10:47:42,4200.0,20.0,S
2021-06-07T10:47:39,2000.0,20.0,S
2021-06-07T10:47:37,3000.0,20.0,S
2021-06-07T10:47:35,1000.0,20.0,S
2021-06-07T10:47:32,1000.0,20.0,S
2021-06-07T10:47:29,2000.0,20.0,S
2021-06-07T10:47:28,1000.0,20.0,S
2021-06-07T10:47:26,1000.0,20.0,S
2021-06-07T10:47:26,300.0,20.0,S
2021-06-07T10:47:26,9000.0,20.0,S
2021-06-07T10:47:23,2200.0,20.0,S
2021-06-07T10:47:22,400.0,20.0,S
2021-06-07T10:47:18,1500.0,20.0,S
2021-06-07T10:47:17,400.0,20.1,B
