tradingTime,volume,price,side
2021-06-07T14:29:34,1100.0,72.9,S
2021-06-07T14:25:44,200.0,72.9,S
2021-06-07T14:25:20,1500.0,72.9,S
2021-06-07T14:25:20,1500.0,72.9,B
2021-06-07T14:24:15,5000.0,72.9,B
2021-06-07T14:23:00,4000.0,72.9,S
2021-06-07T14:20:44,5400.0,72.8,S
2021-06-07T14:19:54,2600.0,72.8,S
2021-06-07T14:19:36,3000.0,72.8,S
2021-06-07T14:19:09,300.0,72.8,S
2021-06-07T14:17:46,300.0,72.9,B
2021-06-07T14:17:46,4400.0,72.9,B
2021-06-07T14:14:42,5700.0,72.9,B
2021-06-07T14:14:42,100.0,72.9,B
2021-06-07T14:14:42,300.0,72.9,B
2021-06-07T14:14:42,13000.0,72.9,B
2021-06-07T14:14:42,900.0,72.9,B
2021-06-07T14:12:50,4100.0,72.8,B
2021-06-07T14:08:55,1400.0,72.8,B
2021-06-07T13:58:14,100.0,72.2,S
2021-06-07T13:57:36,200.0,72.2,S
2021-06-07T13:57:08,300.0,72.3,S
2021-06-07T13:53:06,5000.0,72.9,B
2021-06-07T13:53:02,100.0,72.3,S
2021-06-07T13:52:51,200.0,72.3,S
2021-06-07T13:52:42,1400.0,72.3,S
2021-06-07T13:52:17,700.0,72.3,S
2021-06-07T13:52:10,1200.0,72.2,S
2021-06-07T13:51:31,300.0,72.3,S
2021-06-07T13:51:29,1000.0,72.3,S
2021-06-07T13:51:17,1000.0,72.2,S
2021-06-07T13:50:48,100.0,72.3,S
2021-06-07T13:50:33,2000.0,72.3,S
2021-06-07T13:50:26,1400.0,72.2,S
2021-06-07T13:50:01,500.0,72.5,S
2021-06-07T13:49:39,500.0,72.2,S
2021-06-07T13:49:25,200.0,72.9,B
2021-06-07T13:49:10,1800.0,72.9,B
2021-06-07T13:49:04,900.0,72.4,S
2021-06-07T13:49:03,100.0,72.9,B
2021-06-07T13:48:48,1000.0,72.4,S
2021-06-07T13:47:41,700.0,73.0,B
2021-06-07T13:47:34,2000.0,73.0,B
2021-06-07T13:47:01,2100.0,73.0,B
2021-06-07T13:47:01,700.0,73.0,B
2021-06-07T13:47:01,1600.0,73.0,B
2021-06-07T13:47:01,1400.0,73.0,B
2021-06-07T13:47:01,4200.0,73.0,B
2021-06-07T13:47:00,100.0,72.5,S
2021-06-07T13:46:09,3000.0,72.5,S
2021-06-07T13:45:33,500.0,73.0,B
2021-06-07T13:45:04,100.0,73.0,B
2021-06-07T13:44:47,500.0,73.0,B
2021-06-07T13:44:37,1500.0,73.0,B
2021-06-07T13:44:37,6000.0,73.0,B
2021-06-07T13:44:36,100.0,73.0,B
2021-06-07T13:44:36,1000.0,73.0,B
2021-06-07T13:44:36,6000.0,73.0,B
2021-06-07T13:44:36,2000.0,73.0,B
2021-06-07T13:44:36,1000.0,73.0,B
2021-06-07T13:44:36,2100.0,73.0,B
2021-06-07T13:44:36,1500.0,73.0,B
2021-06-07T13:44:35,5200.0,73.0,B
2021-06-07T13:44:35,2500.0,73.0,B
2021-06-07T13:44:35,1000.0,73.0,B
2021-06-07T13:44:35,11900.0,73.0,B
2021-06-07T13:44:35,8200.0,73.0,B
2021-06-07T13:44:22,1000.0,73.0,B
2021-06-07T13:43:11,1500.0,73.0,B
2021-06-07T13:42:32,1200.0,73.0,B
2021-06-07T13:42:32,10000.0,73.0,B
2021-06-07T13:42:31,300.0,73.0,B
2021-06-07T13:42:31,2000.0,73.0,B
2021-06-07T13:42:31,22600.0,73.0,B
2021-06-07T13:42:31,700.0,72.9,B
2021-06-07T13:42:31,1000.0,72.9,B
2021-06-07T13:42:31,13400.0,72.9,B
2021-06-07T13:42:17,200.0,72.4,S
2021-06-07T13:42:16,2000.0,72.4,S
2021-06-07T13:42:12,100.0,72.4,S
2021-06-07T13:41:55,2000.0,72.4,S
2021-06-07T13:41:55,300.0,72.5,S
2021-06-07T13:41:44,3100.0,72.5,S
2021-06-07T13:41:33,10000.0,72.8,B
2021-06-07T13:41:26,100.0,72.6,B
2021-06-07T13:40:22,400.0,72.5,S
2021-06-07T13:40:16,8000.0,72.5,S
2021-06-07T13:40:16,2000.0,72.5,S
2021-06-07T13:39:47,4000.0,72.5,B
2021-06-07T13:39:44,3000.0,72.5,B
2021-06-07T13:38:15,1000.0,72.5,B
2021-06-07T13:36:58,800.0,72.9,B
2021-06-07T13:36:55,100.0,72.5,B
2021-06-07T13:36:53,2000.0,72.8,B
2021-06-07T13:36:45,3200.0,72.3,S
2021-06-07T13:36:36,2000.0,72.6,B
2021-06-07T13:36:23,1000.0,72.5,B
2021-06-07T13:36:20,500.0,72.5,B
2021-06-07T13:36:00,700.0,72.2,S
2021-06-07T13:36:00,300.0,72.3,S
2021-06-07T13:34:57,1700.0,72.5,B
2021-06-07T13:34:57,100.0,72.5,B
2021-06-07T13:34:56,800.0,72.5,B
2021-06-07T13:34:56,600.0,72.5,B
2021-06-07T13:34:56,500.0,72.5,B
2021-06-07T13:34:56,600.0,72.5,B
2021-06-07T13:34:56,2500.0,72.5,B
2021-06-07T13:34:56,1500.0,72.5,B
2021-06-07T13:34:56,1000.0,72.5,B
2021-06-07T13:34:56,700.0,72.5,B
2021-06-07T13:34:45,600.0,72.5,B
2021-06-07T13:33:44,1000.0,72.3,B
2021-06-07T13:33:06,700.0,72.0,S
2021-06-07T13:33:06,900.0,72.1,B
2021-06-07T13:33:06,200.0,72.1,B
2021-06-07T13:33:06,200.0,72.2,B
2021-06-07T13:31:51,100.0,72.2,B
2021-06-07T13:31:41,3300.0,72.2,B
2021-06-07T13:31:38,100.0,72.1,B
2021-06-07T13:31:36,200.0,72.1,B
2021-06-07T13:31:36,200.0,72.1,B
2021-06-07T13:31:19,300.0,72.1,B
2021-06-07T13:30:59,2500.0,72.1,B
2021-06-07T13:30:19,100.0,72.1,B
2021-06-07T13:29:50,100.0,72.1,B
2021-06-07T13:29:28,100.0,72.1,B
2021-06-07T13:28:11,2000.0,72.0,B
2021-06-07T13:27:24,1000.0,72.0,B
2021-06-07T13:27:18,1000.0,72.0,B
2021-06-07T13:27:08,200.0,72.0,B
2021-06-07T13:27:08,7200.0,72.0,B
2021-06-07T13:27:08,1200.0,72.0,B
2021-06-07T13:27:08,3200.0,72.0,B
2021-06-07T13:27:08,1600.0,72.0,B
2021-06-07T13:27:08,1300.0,72.0,B
2021-06-07T13:27:08,1900.0,72.0,B
2021-06-07T13:27:08,100.0,72.0,B
2021-06-07T13:27:08,500.0,72.0,B
2021-06-07T13:27:08,3100.0,72.0,B
2021-06-07T13:27:08,3500.0,72.0,B
2021-06-07T13:27:08,500.0,72.0,B
2021-06-07T13:27:08,1400.0,72.0,B
2021-06-07T13:27:08,8700.0,72.0,B
2021-06-07T13:27:07,500.0,72.0,B
2021-06-07T13:26:59,1000.0,71.8,S
2021-06-07T13:26:55,3000.0,72.0,B
2021-06-07T13:26:53,1000.0,72.0,B
2021-06-07T13:26:40,5000.0,71.8,S
2021-06-07T13:26:38,2000.0,72.0,B
2021-06-07T13:26:35,100.0,72.0,B
2021-06-07T13:26:34,200.0,72.0,B
2021-06-07T13:26:34,100.0,72.0,B
2021-06-07T13:26:28,15000.0,72.0,B
2021-06-07T13:26:05,1000.0,72.0,B
2021-06-07T13:25:58,1000.0,72.0,B
2021-06-07T13:25:52,300.0,71.9,S
2021-06-07T13:25:26,1300.0,71.9,S
2021-06-07T13:25:19,300.0,72.0,B
2021-06-07T13:25:09,1300.0,72.0,B
2021-06-07T13:25:09,1300.0,72.0,B
2021-06-07T13:25:09,4000.0,72.0,B
2021-06-07T13:25:09,2000.0,72.0,B
2021-06-07T13:25:09,6400.0,72.0,B
2021-06-07T13:25:04,100.0,72.0,B
2021-06-07T13:24:00,200.0,72.0,B
2021-06-07T13:23:54,500.0,72.0,B
2021-06-07T13:23:51,400.0,71.9,S
2021-06-07T13:23:51,500.0,72.0,B
2021-06-07T13:23:36,100.0,72.0,B
2021-06-07T13:23:23,100.0,72.0,B
2021-06-07T13:23:03,1000.0,72.0,B
2021-06-07T13:22:32,500.0,71.9,B
2021-06-07T13:22:30,400.0,72.0,B
2021-06-07T13:22:30,600.0,72.0,B
2021-06-07T13:22:26,200.0,71.9,B
2021-06-07T13:22:23,600.0,71.7,S
2021-06-07T13:22:23,400.0,71.8,B
2021-06-07T13:22:18,200.0,71.8,B
2021-06-07T13:22:16,800.0,71.8,B
2021-06-07T13:22:14,100.0,72.0,B
2021-06-07T13:22:14,600.0,72.0,B
2021-06-07T13:22:14,800.0,72.0,B
2021-06-07T13:22:14,300.0,72.0,B
2021-06-07T13:22:14,1000.0,72.0,B
2021-06-07T13:22:14,1000.0,72.0,B
2021-06-07T13:22:14,1000.0,72.0,B
2021-06-07T13:22:14,7400.0,72.0,B
2021-06-07T13:22:14,1000.0,71.9,B
2021-06-07T13:22:13,1800.0,71.9,B
2021-06-07T13:22:09,500.0,71.9,B
2021-06-07T13:22:02,1000.0,71.9,B
2021-06-07T13:21:59,300.0,71.8,B
2021-06-07T13:21:45,500.0,71.8,B
2021-06-07T13:21:41,1000.0,71.8,B
2021-06-07T13:21:25,1500.0,71.5,S
2021-06-07T13:20:21,1000.0,71.8,B
2021-06-07T13:19:59,100.0,71.5,S
2021-06-07T13:19:58,300.0,71.5,S
2021-06-07T13:19:43,2000.0,71.5,S
2021-06-07T13:19:28,4000.0,71.5,S
2021-06-07T13:19:05,400.0,71.4,S
2021-06-07T13:19:04,100.0,71.4,S
2021-06-07T13:18:37,500.0,71.4,S
2021-06-07T13:18:37,500.0,71.4,S
2021-06-07T13:18:25,500.0,71.1,S
2021-06-07T13:18:15,200.0,71.1,S
2021-06-07T13:17:49,700.0,71.1,S
2021-06-07T13:16:54,200.0,71.8,B
2021-06-07T13:16:51,7400.0,71.0,S
2021-06-07T13:16:16,2200.0,71.0,S
2021-06-07T13:16:16,5800.0,71.0,S
2021-06-07T13:15:58,1000.0,71.0,S
2021-06-07T13:15:52,300.0,71.4,S
2021-06-07T13:15:38,200.0,71.4,S
2021-06-07T13:15:26,100.0,71.4,B
2021-06-07T13:15:17,100.0,71.0,S
2021-06-07T13:14:49,1400.0,71.0,S
2021-06-07T13:14:06,11400.0,71.1,S
2021-06-07T13:13:56,1000.0,71.4,B
2021-06-07T13:13:11,1000.0,71.1,S
2021-06-07T13:12:24,1000.0,71.0,S
2021-06-07T13:12:11,100.0,71.4,B
2021-06-07T13:12:05,500.0,71.0,S
2021-06-07T13:11:57,900.0,71.0,S
2021-06-07T13:11:01,1400.0,71.0,S
2021-06-07T13:10:47,1000.0,71.4,B
2021-06-07T13:10:43,1000.0,71.0,S
2021-06-07T13:10:36,100.0,71.0,S
2021-06-07T13:10:34,2800.0,71.0,S
2021-06-07T13:10:30,500.0,70.9,S
2021-06-07T13:10:27,100.0,70.9,S
2021-06-07T13:10:01,1000.0,70.8,S
2021-06-07T13:08:54,1400.0,70.7,S
2021-06-07T13:08:47,1500.0,70.6,S
2021-06-07T13:08:43,200.0,71.0,S
2021-06-07T13:08:42,2000.0,71.0,S
2021-06-07T13:08:41,300.0,71.0,S
2021-06-07T13:08:38,100.0,71.0,S
2021-06-07T13:08:17,1500.0,70.5,S
2021-06-07T13:07:57,200.0,70.5,S
2021-06-07T13:07:48,1600.0,70.5,S
2021-06-07T13:07:48,1700.0,70.5,S
2021-06-07T13:07:48,7300.0,71.5,B
2021-06-07T13:07:44,500.0,71.5,B
2021-06-07T13:07:24,100.0,71.5,B
2021-06-07T13:07:16,1000.0,71.5,B
2021-06-07T13:06:44,1100.0,71.4,B
2021-06-07T13:06:44,100.0,70.7,S
2021-06-07T13:06:40,1000.0,70.8,S
2021-06-07T13:06:38,300.0,71.0,S
2021-06-07T13:06:38,1800.0,71.0,S
2021-06-07T13:06:34,500.0,71.0,S
2021-06-07T13:06:16,100.0,70.9,S
2021-06-07T13:06:13,300.0,70.5,S
2021-06-07T13:06:13,1000.0,70.9,S
2021-06-07T13:06:02,100.0,70.9,S
2021-06-07T13:05:49,100.0,70.9,S
2021-06-07T13:05:49,2000.0,70.5,S
2021-06-07T13:05:49,1000.0,70.5,S
2021-06-07T13:05:46,1400.0,70.5,S
2021-06-07T13:05:46,100.0,70.5,S
2021-06-07T13:05:43,800.0,70.9,S
2021-06-07T13:05:27,1000.0,71.9,B
2021-06-07T13:05:26,100.0,71.0,S
2021-06-07T13:05:23,1400.0,70.5,S
2021-06-07T13:05:23,1100.0,70.5,S
2021-06-07T13:05:23,3000.0,70.6,S
2021-06-07T13:05:23,2000.0,70.6,S
2021-06-07T13:05:23,7200.0,70.8,S
2021-06-07T13:05:23,1700.0,71.0,S
2021-06-07T13:05:09,8000.0,71.0,S
2021-06-07T13:05:08,500.0,71.4,B
2021-06-07T13:05:03,500.0,71.0,S
2021-06-07T13:05:02,100.0,71.0,S
2021-06-07T13:04:48,100.0,71.0,S
2021-06-07T13:04:44,1000.0,71.0,S
2021-06-07T13:04:40,3000.0,71.0,S
2021-06-07T13:04:39,500.0,71.0,S
2021-06-07T13:03:38,200.0,71.4,B
2021-06-07T13:03:17,200.0,71.0,S
2021-06-07T13:03:17,100.0,71.0,S
2021-06-07T13:02:21,100.0,71.4,B
2021-06-07T13:01:45,400.0,71.0,S
2021-06-07T13:01:45,600.0,71.0,S
2021-06-07T13:01:36,300.0,71.0,S
2021-06-07T13:01:27,100.0,71.0,S
2021-06-07T13:01:23,100.0,71.0,S
2021-06-07T13:01:14,200.0,71.0,S
2021-06-07T13:01:11,2700.0,71.0,S
2021-06-07T13:00:46,200.0,71.0,S
2021-06-07T13:00:23,3100.0,71.0,S
2021-06-07T13:00:17,2000.0,71.1,S
2021-06-07T13:00:15,300.0,71.4,B
2021-06-07T13:00:15,200.0,71.0,S
2021-06-07T11:33:24,6000.0,71.0,B
2021-06-07T11:32:54,1400.0,71.9,B
2021-06-07T11:32:54,1600.0,71.9,B
2021-06-07T11:32:54,7000.0,71.9,B
2021-06-07T11:32:14,100.0,71.0,B
2021-06-07T11:32:09,2000.0,71.0,B
2021-06-07T11:32:04,1000.0,71.1,B
2021-06-07T11:31:54,200.0,71.1,B
2021-06-07T11:31:44,200.0,71.1,B
2021-06-07T11:31:04,4500.0,71.7,B
2021-06-07T11:31:04,5500.0,71.7,B
2021-06-07T11:30:54,1000.0,71.5,B
2021-06-07T11:30:49,400.0,71.5,B
2021-06-07T11:30:49,300.0,71.1,B
2021-06-07T11:30:34,1400.0,71.1,B
2021-06-07T11:30:19,300.0,71.1,B
2021-06-07T11:30:06,100.0,71.1,B
2021-06-07T11:30:06,3000.0,71.1,B
2021-06-07T11:30:06,1500.0,71.1,B
2021-06-07T11:30:06,500.0,71.0,B
2021-06-07T11:30:06,200.0,70.2,S
2021-06-07T11:30:04,500.0,70.2,S
2021-06-07T11:30:03,5000.0,70.2,S
2021-06-07T11:29:55,2000.0,70.3,S
2021-06-07T11:29:26,1000.0,71.0,B
2021-06-07T11:29:23,1000.0,71.0,B
2021-06-07T11:29:16,100.0,71.0,B
2021-06-07T11:29:05,300.0,71.0,B
2021-06-07T11:29:03,3000.0,70.3,S
2021-06-07T11:28:58,300.0,71.0,S
2021-06-07T11:28:39,3100.0,70.2,S
2021-06-07T11:28:39,300.0,70.2,S
2021-06-07T11:28:39,700.0,70.2,S
2021-06-07T11:28:38,1500.0,70.2,S
2021-06-07T11:28:38,1200.0,70.2,S
2021-06-07T11:28:38,1600.0,70.2,S
2021-06-07T11:28:38,1500.0,70.2,S
2021-06-07T11:28:38,1000.0,70.2,S
2021-06-07T11:28:38,1100.0,70.2,S
2021-06-07T11:28:38,4000.0,70.2,S
2021-06-07T11:28:38,500.0,70.3,S
2021-06-07T11:28:38,2600.0,70.3,S
2021-06-07T11:28:34,300.0,70.5,S
2021-06-07T11:28:33,100.0,70.5,S
2021-06-07T11:28:19,600.0,70.5,S
2021-06-07T11:27:43,500.0,71.0,S
2021-06-07T11:27:30,100.0,71.0,S
2021-06-07T11:26:48,200.0,71.4,S
2021-06-07T11:26:27,3000.0,70.2,S
2021-06-07T11:26:07,100.0,70.3,S
2021-06-07T11:26:05,500.0,70.2,S
2021-06-07T11:25:44,700.0,70.2,S
2021-06-07T11:25:38,200.0,70.3,S
2021-06-07T11:25:02,800.0,70.2,S
2021-06-07T11:24:51,500.0,71.5,S
2021-06-07T11:24:48,1000.0,71.5,S
2021-06-07T11:24:47,3400.0,70.2,S
2021-06-07T11:24:23,2900.0,70.3,S
2021-06-07T11:24:23,3100.0,70.3,S
2021-06-07T11:24:04,100.0,70.4,S
2021-06-07T11:24:04,1000.0,70.5,S
2021-06-07T11:24:04,2400.0,70.5,S
2021-06-07T11:23:55,200.0,71.5,S
2021-06-07T11:23:52,200.0,71.5,S
2021-06-07T11:23:49,100.0,71.0,S
2021-06-07T11:23:47,100.0,71.5,S
2021-06-07T11:23:33,2000.0,71.0,S
2021-06-07T11:23:20,100.0,71.5,S
2021-06-07T11:23:19,500.0,71.5,S
2021-06-07T11:23:17,100.0,71.0,S
2021-06-07T11:23:09,3600.0,71.0,S
2021-06-07T11:23:01,4200.0,71.0,S
2021-06-07T11:22:46,1000.0,71.0,S
2021-06-07T11:22:01,10000.0,70.4,S
2021-06-07T11:22:01,100.0,71.0,S
2021-06-07T11:22:00,900.0,71.0,S
2021-06-07T11:21:48,100.0,71.0,S
2021-06-07T11:21:43,5000.0,71.9,B
2021-06-07T11:21:33,200.0,70.5,S
2021-06-07T11:21:32,800.0,71.0,S
2021-06-07T11:21:14,2100.0,70.1,S
2021-06-07T11:21:08,3000.0,70.1,S
2021-06-07T11:21:07,2400.0,70.2,S
2021-06-07T11:21:07,700.0,71.9,S
2021-06-07T11:21:07,600.0,71.5,S
2021-06-07T11:21:06,700.0,71.0,S
2021-06-07T11:20:34,300.0,71.5,S
2021-06-07T11:20:28,200.0,71.5,S
2021-06-07T11:20:16,100.0,71.0,S
2021-06-07T11:20:16,300.0,71.0,S
2021-06-07T11:20:13,100.0,71.0,S
2021-06-07T11:20:02,400.0,70.2,S
2021-06-07T11:19:49,100.0,70.2,S
2021-06-07T11:19:41,400.0,70.2,S
2021-06-07T11:19:19,700.0,70.0,S
2021-06-07T11:19:19,3500.0,70.0,S
2021-06-07T11:19:18,2300.0,70.0,S
2021-06-07T11:19:17,100.0,71.0,S
2021-06-07T11:19:14,200.0,70.0,S
2021-06-07T11:18:57,1000.0,70.0,S
2021-06-07T11:18:56,800.0,70.1,S
2021-06-07T11:18:56,3200.0,70.1,S
2021-06-07T11:18:56,1000.0,71.0,S
2021-06-07T11:18:53,1300.0,70.1,S
2021-06-07T11:18:53,700.0,70.8,S
2021-06-07T11:18:47,500.0,71.0,S
2021-06-07T11:18:45,1000.0,71.0,S
2021-06-07T11:18:41,200.0,71.0,S
2021-06-07T11:18:40,2000.0,71.0,S
2021-06-07T11:18:27,100.0,71.0,S
2021-06-07T11:18:26,3700.0,70.1,S
2021-06-07T11:18:26,300.0,70.2,S
2021-06-07T11:18:21,100.0,71.0,S
2021-06-07T11:18:16,400.0,70.2,S
2021-06-07T11:18:16,200.0,70.2,S
2021-06-07T11:18:15,200.0,71.0,S
2021-06-07T11:18:11,100.0,71.0,S
2021-06-07T11:18:10,500.0,70.2,S
2021-06-07T11:17:57,100.0,70.2,S
2021-06-07T11:17:57,200.0,70.3,S
2021-06-07T11:17:40,900.0,70.1,S
2021-06-07T11:17:33,100.0,70.1,S
2021-06-07T11:17:28,1000.0,71.0,S
2021-06-07T11:17:25,200.0,70.1,S
2021-06-07T11:17:24,600.0,70.1,S
2021-06-07T11:17:20,3000.0,70.1,S
2021-06-07T11:17:10,2700.0,70.1,S
2021-06-07T11:17:07,1300.0,71.0,S
2021-06-07T11:16:46,4000.0,70.1,S
2021-06-07T11:16:42,800.0,70.1,S
2021-06-07T11:16:28,3000.0,70.1,S
2021-06-07T11:16:27,700.0,70.2,S
2021-06-07T11:16:23,700.0,70.2,S
2021-06-07T11:16:23,400.0,71.9,S
2021-06-07T11:16:19,100.0,71.9,S
2021-06-07T11:16:14,1000.0,72.0,B
2021-06-07T11:16:10,200.0,72.0,B
2021-06-07T11:16:07,10000.0,70.1,S
2021-06-07T11:15:54,800.0,71.9,S
2021-06-07T11:15:38,5000.0,70.3,S
2021-06-07T11:15:15,1000.0,71.9,S
2021-06-07T11:14:57,8800.0,70.2,S
2021-06-07T11:14:54,2000.0,70.4,S
2021-06-07T11:14:53,2000.0,71.0,S
2021-06-07T11:14:21,100.0,71.8,S
2021-06-07T11:14:07,5400.0,71.8,S
2021-06-07T11:14:05,100.0,72.0,B
2021-06-07T11:14:05,300.0,72.0,B
2021-06-07T11:14:04,200.0,72.0,B
2021-06-07T11:13:57,1200.0,72.0,B
2021-06-07T11:13:56,200.0,71.8,S
2021-06-07T11:13:52,1000.0,72.0,B
2021-06-07T11:13:38,300.0,72.0,B
2021-06-07T11:13:38,700.0,72.0,B
2021-06-07T11:13:36,300.0,72.0,B
2021-06-07T11:13:16,800.0,70.2,S
2021-06-07T11:13:12,1000.0,72.0,B
2021-06-07T11:12:56,100.0,72.1,B
2021-06-07T11:12:54,5000.0,72.1,B
2021-06-07T11:12:46,3200.0,72.0,B
2021-06-07T11:12:46,1800.0,72.0,B
2021-06-07T11:12:43,100.0,72.0,B
2021-06-07T11:12:38,5000.0,72.0,B
2021-06-07T11:12:35,100.0,72.0,B
2021-06-07T11:12:22,700.0,70.0,S
2021-06-07T11:12:22,800.0,70.0,S
2021-06-07T11:12:21,500.0,70.0,S
2021-06-07T11:12:21,500.0,70.1,S
2021-06-07T11:12:13,8000.0,70.0,S
2021-06-07T11:11:56,500.0,72.0,B
2021-06-07T11:11:46,600.0,70.5,S
2021-06-07T11:11:45,100.0,72.0,B
2021-06-07T11:11:34,300.0,70.5,S
2021-06-07T11:11:27,500.0,72.0,B
2021-06-07T11:11:22,500.0,71.0,S
2021-06-07T11:11:18,300.0,71.0,S
2021-06-07T11:11:12,500.0,72.0,B
2021-06-07T11:11:03,400.0,71.0,S
2021-06-07T11:10:26,500.0,71.0,S
2021-06-07T11:10:04,300.0,71.0,S
2021-06-07T11:09:58,500.0,70.0,S
2021-06-07T11:09:58,1000.0,71.3,S
2021-06-07T11:09:57,1800.0,71.0,S
2021-06-07T11:09:52,200.0,70.0,S
2021-06-07T11:09:49,4000.0,70.0,S
2021-06-07T11:09:32,200.0,71.0,S
2021-06-07T11:09:26,1000.0,70.0,S
2021-06-07T11:09:26,3000.0,70.0,S
2021-06-07T11:09:18,1800.0,70.0,S
2021-06-07T11:09:18,8200.0,70.0,S
2021-06-07T11:09:14,500.0,72.0,B
2021-06-07T11:09:10,100.0,72.0,B
2021-06-07T11:08:54,400.0,71.0,S
2021-06-07T11:08:51,100.0,71.0,S
2021-06-07T11:08:49,2000.0,71.0,S
2021-06-07T11:08:42,100.0,72.0,B
2021-06-07T11:08:36,100.0,70.1,S
2021-06-07T11:08:33,100.0,72.0,B
2021-06-07T11:08:22,5000.0,72.0,B
2021-06-07T11:08:12,5900.0,70.1,S
2021-06-07T11:08:12,300.0,70.3,S
2021-06-07T11:08:12,3200.0,70.5,S
2021-06-07T11:08:12,4600.0,71.0,S
2021-06-07T11:08:01,700.0,71.0,S
2021-06-07T11:08:00,2000.0,71.1,S
2021-06-07T11:07:33,800.0,72.0,B
2021-06-07T11:07:13,3000.0,71.1,S
2021-06-07T11:07:02,500.0,71.5,S
2021-06-07T11:07:01,500.0,72.0,B
2021-06-07T11:06:59,200.0,71.5,S
2021-06-07T11:06:57,4200.0,71.5,S
2021-06-07T11:06:23,3000.0,71.6,S
2021-06-07T11:06:21,200.0,71.9,S
2021-06-07T11:05:58,800.0,71.9,S
2021-06-07T11:05:34,100.0,72.0,B
2021-06-07T11:05:23,100.0,72.0,B
2021-06-07T11:05:20,500.0,72.0,S
2021-06-07T11:05:06,1100.0,71.9,S
2021-06-07T11:04:43,200.0,72.0,S
2021-06-07T11:04:22,300.0,71.9,S
2021-06-07T11:04:10,100.0,72.0,S
2021-06-07T11:04:07,200.0,72.0,S
2021-06-07T11:04:01,300.0,71.9,S
2021-06-07T11:04:00,200.0,72.0,S
2021-06-07T11:03:58,500.0,71.9,S
2021-06-07T11:03:52,100.0,72.0,S
2021-06-07T11:03:52,3000.0,71.9,S
2021-06-07T11:03:46,2000.0,71.9,S
2021-06-07T11:03:37,300.0,71.9,S
2021-06-07T11:03:30,5000.0,71.9,S
2021-06-07T11:03:28,3000.0,71.9,S
2021-06-07T11:03:20,500.0,72.0,S
2021-06-07T11:03:19,500.0,72.0,S
2021-06-07T11:03:14,1000.0,71.9,S
2021-06-07T11:03:13,500.0,72.0,S
2021-06-07T11:03:12,1800.0,72.0,S
2021-06-07T11:02:57,2000.0,72.0,S
2021-06-07T11:02:56,1000.0,72.2,S
2021-06-07T11:02:51,1000.0,72.0,S
2021-06-07T11:02:41,500.0,72.0,S
2021-06-07T11:02:33,1000.0,72.0,S
2021-06-07T11:02:27,2300.0,72.0,S
2021-06-07T11:02:27,1200.0,72.0,S
2021-06-07T11:02:27,7200.0,72.0,S
2021-06-07T11:02:26,2800.0,72.0,S
2021-06-07T11:02:26,7100.0,72.0,S
2021-06-07T11:02:26,700.0,72.0,S
2021-06-07T11:02:26,1000.0,72.0,S
2021-06-07T11:02:26,4000.0,72.0,S
2021-06-07T11:02:26,10000.0,72.1,S
2021-06-07T11:02:26,3700.0,72.1,S
2021-06-07T11:02:01,900.0,72.2,S
2021-06-07T11:02:01,500.0,72.2,S
2021-06-07T11:01:46,1500.0,72.2,S
2021-06-07T11:01:31,200.0,72.2,S
2021-06-07T11:01:20,7300.0,72.2,S
2021-06-07T11:01:09,7800.0,72.2,S
2021-06-07T11:01:09,500.0,72.2,S
2021-06-07T11:01:08,500.0,72.2,S
2021-06-07T11:00:46,5000.0,72.5,S
2021-06-07T11:00:08,2000.0,72.3,S
2021-06-07T11:00:04,1500.0,72.4,S
2021-06-07T10:59:35,500.0,72.9,S
2021-06-07T10:59:34,9500.0,72.8,S
2021-06-07T10:59:34,4000.0,72.5,S
2021-06-07T10:59:34,4700.0,72.5,S
2021-06-07T10:59:32,1900.0,72.5,S
2021-06-07T10:59:32,2100.0,72.5,S
2021-06-07T10:58:57,300.0,72.5,S
2021-06-07T10:58:57,1100.0,72.5,S
2021-06-07T10:58:57,100.0,72.5,S
2021-06-07T10:58:57,100.0,72.5,S
2021-06-07T10:58:56,3700.0,72.5,S
2021-06-07T10:58:54,1000.0,72.5,S
2021-06-07T10:58:42,1000.0,72.5,S
2021-06-07T10:58:08,100.0,72.5,S
2021-06-07T10:58:02,2000.0,72.5,S
2021-06-07T10:57:59,5500.0,72.5,S
2021-06-07T10:57:57,500.0,73.0,B
2021-06-07T10:57:52,800.0,72.5,S
2021-06-07T10:57:38,2000.0,72.5,S
2021-06-07T10:57:38,600.0,72.5,S
2021-06-07T10:57:38,1700.0,72.5,S
2021-06-07T10:57:36,400.0,72.5,S
2021-06-07T10:57:35,2500.0,72.5,S
2021-06-07T10:57:29,100.0,73.0,B
2021-06-07T10:57:19,200.0,72.6,S
2021-06-07T10:57:07,700.0,73.0,B
2021-06-07T10:57:03,2000.0,72.5,S
2021-06-07T10:56:58,1000.0,72.5,S
2021-06-07T10:56:49,400.0,73.0,B
2021-06-07T10:56:27,400.0,72.5,S
2021-06-07T10:56:12,100.0,73.0,S
2021-06-07T10:55:44,1000.0,72.5,S
2021-06-07T10:55:44,20000.0,73.0,S
2021-06-07T10:55:28,500.0,72.5,S
2021-06-07T10:55:17,500.0,72.5,S
2021-06-07T10:54:36,10000.0,73.0,S
2021-06-07T10:54:28,2800.0,72.5,S
2021-06-07T10:54:14,700.0,72.5,S
2021-06-07T10:54:03,1100.0,72.5,S
2021-06-07T10:53:54,700.0,72.5,S
2021-06-07T10:53:51,6500.0,72.5,S
2021-06-07T10:53:36,100.0,72.8,S
2021-06-07T10:53:07,1000.0,72.5,S
2021-06-07T10:53:03,900.0,72.5,S
2021-06-07T10:53:01,900.0,72.5,S
2021-06-07T10:52:55,300.0,72.5,S
2021-06-07T10:52:49,1100.0,72.5,S
2021-06-07T10:52:49,1100.0,72.5,S
2021-06-07T10:52:49,200.0,72.6,S
2021-06-07T10:52:49,3600.0,72.6,S
2021-06-07T10:52:32,500.0,72.6,S
2021-06-07T10:52:03,700.0,72.8,S
2021-06-07T10:51:57,300.0,72.6,S
2021-06-07T10:51:57,3000.0,72.8,S
2021-06-07T10:51:30,4000.0,72.6,S
2021-06-07T10:51:02,14000.0,72.6,S
2021-06-07T10:50:55,4000.0,72.6,S
2021-06-07T10:50:20,100.0,73.0,S
2021-06-07T10:50:02,1600.0,72.6,S
2021-06-07T10:50:01,14400.0,72.7,S
2021-06-07T10:49:48,1200.0,73.1,B
2021-06-07T10:49:45,1000.0,73.1,B
2021-06-07T10:49:45,400.0,73.1,B
2021-06-07T10:49:43,300.0,73.1,B
2021-06-07T10:49:43,100.0,73.1,B
2021-06-07T10:49:43,7000.0,73.1,B
2021-06-07T10:49:28,1000.0,72.8,S
2021-06-07T10:49:05,1000.0,72.8,S
2021-06-07T10:49:03,600.0,72.8,S
2021-06-07T10:49:03,300.0,72.8,S
2021-06-07T10:49:03,1100.0,72.8,S
2021-06-07T10:49:03,600.0,72.9,S
2021-06-07T10:49:03,400.0,72.9,S
2021-06-07T10:48:50,4400.0,73.0,S
2021-06-07T10:48:39,4000.0,73.0,S
2021-06-07T10:48:13,400.0,73.0,S
2021-06-07T10:48:09,1000.0,73.0,S
2021-06-07T10:47:11,400.0,73.0,S
2021-06-07T10:47:11,7600.0,73.0,S
2021-06-07T10:47:08,3000.0,73.0,S
2021-06-07T10:46:04,200.0,73.0,S
2021-06-07T10:45:52,300.0,73.0,S
2021-06-07T10:45:50,4000.0,73.0,S
2021-06-07T10:45:18,15000.0,73.0,S
2021-06-07T10:45:05,200.0,73.0,S
2021-06-07T10:44:30,1000.0,73.0,S
2021-06-07T10:44:26,2400.0,73.0,S
2021-06-07T10:44:26,2400.0,73.0,S
2021-06-07T10:44:05,2000.0,73.0,S
2021-06-07T10:44:05,500.0,73.0,S
2021-06-07T10:43:35,500.0,73.0,S
2021-06-07T10:43:15,500.0,73.0,S
2021-06-07T10:42:56,2000.0,73.0,S
2021-06-07T10:42:54,300.0,73.0,S
2021-06-07T10:42:44,1000.0,73.2,B
2021-06-07T10:42:13,3000.0,73.0,S
2021-06-07T10:41:54,1000.0,73.0,S
2021-06-07T10:41:33,200.0,73.0,S
2021-06-07T10:41:26,500.0,73.0,S
2021-06-07T10:41:04,300.0,73.2,B
2021-06-07T10:41:02,200.0,73.0,S
2021-06-07T10:40:39,5000.0,73.0,S
2021-06-07T10:40:39,5000.0,73.0,S
2021-06-07T10:40:35,1000.0,73.3,B
2021-06-07T10:40:33,8700.0,73.3,B
2021-06-07T10:40:24,2000.0,73.0,S
2021-06-07T10:40:15,1000.0,73.0,S
2021-06-07T10:40:12,500.0,73.0,S
2021-06-07T10:39:45,3000.0,73.0,S
2021-06-07T10:39:16,1500.0,73.1,S
2021-06-07T10:39:06,100.0,73.1,S
2021-06-07T10:38:50,1000.0,73.1,S
2021-06-07T10:38:48,900.0,73.1,S
2021-06-07T10:38:34,1200.0,73.1,S
2021-06-07T10:37:24,1000.0,73.1,S
2021-06-07T10:36:54,2000.0,73.1,S
2021-06-07T10:36:36,2000.0,73.1,S
2021-06-07T10:35:52,1000.0,73.2,S
2021-06-07T10:35:33,500.0,73.3,B
2021-06-07T10:35:00,1000.0,73.2,S
2021-06-07T10:34:48,200.0,73.3,B
2021-06-07T10:34:37,20000.0,73.2,S
2021-06-07T10:33:29,500.0,73.2,S
2021-06-07T10:33:28,5300.0,73.2,S
2021-06-07T10:32:57,200.0,73.3,B
2021-06-07T10:32:50,1000.0,73.3,B
2021-06-07T10:31:39,200.0,73.2,S
2021-06-07T10:31:25,100.0,73.2,S
2021-06-07T10:31:22,1000.0,73.2,S
2021-06-07T10:31:16,5000.0,73.2,S
2021-06-07T10:31:12,2000.0,73.3,S
2021-06-07T10:30:58,2000.0,73.3,S
2021-06-07T10:30:46,10300.0,73.4,S
2021-06-07T10:30:36,2300.0,73.3,S
2021-06-07T10:30:33,1900.0,73.3,S
2021-06-07T10:30:02,500.0,73.3,S
2021-06-07T10:29:46,300.0,73.3,S
2021-06-07T10:29:43,2000.0,73.3,S
2021-06-07T10:28:35,4200.0,73.4,S
2021-06-07T10:28:28,2000.0,73.4,S
2021-06-07T10:28:27,100.0,73.4,S
2021-06-07T10:27:55,300.0,73.4,S
2021-06-07T10:23:05,200.0,73.4,S
2021-06-07T10:22:42,1000.0,73.6,B
2021-06-07T10:22:41,1400.0,73.3,S
2021-06-07T10:22:41,1800.0,73.3,S
2021-06-07T10:22:37,1300.0,73.2,S
2021-06-07T10:22:17,200.0,73.3,S
2021-06-07T10:21:34,200.0,73.5,S
2021-06-07T10:20:46,2000.0,73.2,S
2021-06-07T10:20:45,700.0,73.3,S
2021-06-07T10:20:08,100.0,73.6,B
2021-06-07T10:19:59,300.0,73.6,B
2021-06-07T10:19:02,1000.0,73.3,S
2021-06-07T10:18:52,200.0,73.3,S
2021-06-07T10:18:31,100.0,73.5,S
2021-06-07T10:18:22,2000.0,73.3,S
2021-06-07T10:16:34,300.0,73.3,S
2021-06-07T10:15:55,3000.0,73.2,S
2021-06-07T10:15:43,100.0,73.2,S
2021-06-07T10:15:20,200.0,73.3,S
2021-06-07T10:14:59,100.0,73.6,B
2021-06-07T10:14:51,1300.0,73.3,S
2021-06-07T10:14:51,1200.0,73.3,S
2021-06-07T10:14:51,3100.0,73.3,S
2021-06-07T10:14:51,4400.0,73.4,S
2021-06-07T10:14:35,1500.0,73.5,S
2021-06-07T10:14:35,100.0,73.5,S
2021-06-07T10:13:44,100.0,73.5,B
2021-06-07T10:13:23,100.0,73.4,S
2021-06-07T10:12:56,2000.0,73.3,S
2021-06-07T10:11:43,500.0,73.3,S
2021-06-07T10:11:19,100.0,73.3,S
2021-06-07T10:10:10,100.0,73.3,S
2021-06-07T10:10:10,900.0,73.5,B
2021-06-07T10:09:23,100.0,73.6,B
2021-06-07T10:08:55,1100.0,73.5,B
2021-06-07T10:08:45,400.0,73.3,S
2021-06-07T10:08:24,700.0,73.3,S
2021-06-07T10:06:18,1000.0,73.3,S
2021-06-07T10:06:10,1000.0,73.5,B
2021-06-07T10:06:03,200.0,73.3,S
2021-06-07T10:04:00,200.0,73.3,S
2021-06-07T10:03:35,2000.0,73.2,S
2021-06-07T10:03:14,200.0,73.3,S
2021-06-07T10:02:20,100.0,73.3,S
2021-06-07T10:00:45,100.0,73.2,S
2021-06-07T09:59:30,1500.0,73.2,S
2021-06-07T09:58:59,500.0,73.3,S
2021-06-07T09:57:35,1000.0,73.2,S
2021-06-07T09:56:11,100.0,73.7,S
2021-06-07T09:55:27,900.0,73.9,B
2021-06-07T09:54:41,100.0,73.3,S
2021-06-07T09:53:28,100.0,73.2,S
2021-06-07T09:53:11,6500.0,73.9,B
2021-06-07T09:52:37,100.0,73.2,S
2021-06-07T09:52:30,100.0,73.8,B
2021-06-07T09:50:42,500.0,73.1,S
2021-06-07T09:50:31,2000.0,73.1,S
2021-06-07T09:49:49,100.0,73.2,S
2021-06-07T09:45:49,600.0,73.1,S
2021-06-07T09:45:08,300.0,73.1,S
2021-06-07T09:44:26,1000.0,73.2,S
2021-06-07T09:43:05,200.0,73.9,B
2021-06-07T09:42:43,800.0,73.2,S
2021-06-07T09:42:37,3000.0,73.2,S
2021-06-07T09:42:02,200.0,73.2,S
2021-06-07T09:41:51,100.0,73.9,B
2021-06-07T09:41:47,2000.0,73.0,S
2021-06-07T09:40:28,100.0,73.0,S
2021-06-07T09:40:26,200.0,73.0,S
2021-06-07T09:39:43,100.0,73.9,B
2021-06-07T09:39:38,1000.0,73.0,B
2021-06-07T09:39:29,900.0,72.8,B
2021-06-07T09:38:55,15800.0,72.6,S
2021-06-07T09:38:55,4100.0,72.8,B
2021-06-07T09:38:17,100.0,73.0,B
2021-06-07T09:38:05,1100.0,73.9,B
2021-06-07T09:38:02,3800.0,73.9,B
2021-06-07T09:38:01,1000.0,73.8,B
2021-06-07T09:37:10,600.0,72.5,S
2021-06-07T09:37:10,600.0,72.5,S
2021-06-07T09:37:10,500.0,72.5,S
2021-06-07T09:37:10,29300.0,72.5,S
2021-06-07T09:36:34,1200.0,72.7,S
2021-06-07T09:36:22,300.0,72.7,S
2021-06-07T09:35:48,300.0,72.8,B
2021-06-07T09:35:32,2700.0,72.5,S
2021-06-07T09:35:08,17800.0,72.5,S
2021-06-07T09:35:08,5500.0,72.6,S
2021-06-07T09:35:08,300.0,72.6,S
2021-06-07T09:35:08,1600.0,72.7,S
2021-06-07T09:35:08,200.0,72.8,B
2021-06-07T09:35:08,600.0,72.8,B
2021-06-07T09:35:08,1700.0,72.8,B
2021-06-07T09:35:08,1800.0,72.8,B
2021-06-07T09:35:08,100.0,72.8,B
2021-06-07T09:35:08,400.0,72.8,B
2021-06-07T09:34:55,300.0,73.0,B
2021-06-07T09:33:52,800.0,72.8,B
2021-06-07T09:33:52,1300.0,72.8,B
2021-06-07T09:33:49,100.0,72.8,B
2021-06-07T09:33:35,500.0,72.8,B
2021-06-07T09:33:17,200.0,72.8,B
2021-06-07T09:32:48,2600.0,72.5,S
2021-06-07T09:32:48,800.0,72.6,S
2021-06-07T09:32:48,100.0,72.6,S
2021-06-07T09:32:48,500.0,72.6,S
2021-06-07T09:32:44,500.0,72.8,B
2021-06-07T09:32:42,300.0,72.8,B
2021-06-07T09:32:09,200.0,72.8,B
2021-06-07T09:32:07,300.0,72.8,B
2021-06-07T09:32:03,1500.0,72.8,B
2021-06-07T09:31:55,500.0,72.8,B
2021-06-07T09:31:52,200.0,72.8,B
2021-06-07T09:31:52,1000.0,72.8,B
2021-06-07T09:31:48,1000.0,72.8,B
2021-06-07T09:31:43,100.0,72.8,B
2021-06-07T09:31:42,400.0,72.8,B
2021-06-07T09:31:35,400.0,72.8,B
2021-06-07T09:31:31,1600.0,72.8,B
2021-06-07T09:31:30,500.0,72.8,B
2021-06-07T09:31:14,600.0,72.6,S
2021-06-07T09:31:14,400.0,72.7,S
2021-06-07T09:31:11,100.0,72.8,B
2021-06-07T09:31:11,500.0,72.8,B
2021-06-07T09:31:10,300.0,72.8,B
2021-06-07T09:31:05,200.0,72.8,B
2021-06-07T09:31:02,1000.0,72.8,B
2021-06-07T09:30:53,100.0,72.8,S
2021-06-07T09:30:51,3000.0,72.8,S
2021-06-07T09:30:44,300.0,72.8,S
2021-06-07T09:30:37,200.0,72.7,S
2021-06-07T09:30:31,5000.0,72.8,S
2021-06-07T09:30:27,1000.0,72.8,S
2021-06-07T09:30:24,900.0,72.8,S
2021-06-07T09:30:19,300.0,72.8,S
2021-06-07T09:30:15,500.0,72.8,S
2021-06-07T09:30:05,100.0,72.8,S
2021-06-07T09:30:04,200.0,72.8,S
2021-06-07T09:29:58,100.0,72.8,S
2021-06-07T09:29:54,500.0,72.8,S
2021-06-07T09:29:45,300.0,72.8,S
2021-06-07T09:29:30,300.0,72.8,S
2021-06-07T09:29:24,300.0,72.8,S
2021-06-07T09:29:22,700.0,72.6,S
2021-06-07T09:29:18,100.0,72.8,S
2021-06-07T09:29:18,200.0,72.8,S
2021-06-07T09:29:12,100.0,72.8,S
2021-06-07T09:29:05,500.0,72.8,S
2021-06-07T09:29:01,100.0,72.8,S
2021-06-07T09:28:54,100.0,72.8,S
2021-06-07T09:28:50,500.0,72.8,S
2021-06-07T09:28:43,100.0,72.8,S
2021-06-07T09:28:32,1000.0,72.8,S
2021-06-07T09:28:32,800.0,72.8,S
2021-06-07T09:28:29,100.0,72.8,S
2021-06-07T09:28:22,100.0,72.8,S
2021-06-07T09:28:17,400.0,72.8,S
2021-06-07T09:28:15,300.0,72.8,S
2021-06-07T09:28:12,100.0,73.0,S
2021-06-07T09:28:05,200.0,73.0,S
2021-06-07T09:27:59,100.0,73.0,S
2021-06-07T09:27:54,1000.0,73.0,S
2021-06-07T09:27:19,1000.0,73.0,S
2021-06-07T09:27:15,100.0,73.0,S
2021-06-07T09:27:01,200.0,72.8,S
2021-06-07T09:26:55,500.0,73.0,S
2021-06-07T09:26:53,100.0,73.0,S
2021-06-07T09:26:34,3000.0,73.0,S
2021-06-07T09:26:20,3700.0,73.0,S
2021-06-07T09:26:15,100.0,73.8,S
2021-06-07T09:26:03,20000.0,73.8,S
2021-06-07T09:25:15,200.0,73.8,S
2021-06-07T09:24:44,100.0,73.8,S
2021-06-07T09:24:28,3700.0,73.8,S
2021-06-07T09:24:27,1000.0,73.8,S
2021-06-07T09:23:55,300.0,73.8,S
2021-06-07T09:23:54,1000.0,73.8,S
2021-06-07T09:21:48,1000.0,73.8,S
2021-06-07T09:20:44,1000.0,73.8,S
2021-06-07T09:19:55,1000.0,73.8,S
2021-06-07T09:19:36,500.0,74.0,S
2021-06-07T09:18:49,2000.0,74.0,S
2021-06-07T09:17:58,4600.0,74.0,S
2021-06-07T09:17:22,800.0,74.0,S
2021-06-07T09:17:22,200.0,74.4,S
2021-06-07T09:17:21,200.0,74.4,S
2021-06-07T09:17:19,1000.0,74.4,S
2021-06-07T09:17:08,600.0,74.4,S
2021-06-07T09:16:59,16600.0,74.6,B
2021-06-07T09:16:49,3400.0,74.6,B
2021-06-07T09:15:51,3900.0,74.6,B
2021-06-07T09:15:50,100.0,74.5,B
