tradingTime,volume,price,side
2021-06-07T14:28:29,400.0,31.5,B
2021-06-07T14:27:34,400.0,31.5,B
2021-06-07T14:27:34,3000.0,31.5,B
2021-06-07T14:27:28,10000.0,31.5,B
2021-06-07T14:26:17,1000.0,31.5,B
2021-06-07T14:25:18,500.0,31.4,S
2021-06-07T14:25:00,2100.0,31.5,B
2021-06-07T14:19:50,2000.0,31.4,S
2021-06-07T14:17:31,100.0,31.45,S
2021-06-07T14:16:31,800.0,31.4,S
2021-06-07T14:11:03,500.0,31.4,S
2021-06-07T14:10:04,400.0,31.45,B
2021-06-07T14:10:04,600.0,31.45,B
2021-06-07T14:09:55,1000.0,31.3,S
2021-06-07T14:01:44,2400.0,31.45,B
2021-06-07T14:00:04,18000.0,31.4,S
2021-06-07T14:00:04,500.0,31.45,B
2021-06-07T13:58:57,300.0,31.4,S
2021-06-07T13:58:57,1600.0,31.4,B
2021-06-07T13:57:47,100.0,31.35,B
2021-06-07T13:56:30,1300.0,31.35,S
2021-06-07T13:55:06,400.0,31.4,B
2021-06-07T13:55:00,1000.0,31.4,B
2021-06-07T13:54:34,1300.0,31.4,B
2021-06-07T13:54:19,200.0,31.4,B
2021-06-07T13:54:16,2000.0,31.3,S
2021-06-07T13:54:07,3000.0,31.35,S
2021-06-07T13:53:44,100.0,31.35,S
2021-06-07T13:53:42,5000.0,31.4,B
2021-06-07T13:53:41,1000.0,31.35,S
2021-06-07T13:53:38,900.0,31.4,B
2021-06-07T13:53:33,5000.0,31.4,B
2021-06-07T13:53:20,1000.0,31.35,S
2021-06-07T13:53:20,100.0,31.4,B
2021-06-07T13:53:16,10000.0,31.4,B
2021-06-07T13:53:09,100.0,31.4,S
2021-06-07T13:53:07,1500.0,31.4,S
2021-06-07T13:53:05,600.0,31.4,S
2021-06-07T13:53:02,100.0,31.4,S
2021-06-07T13:52:55,1000.0,31.4,S
2021-06-07T13:52:54,700.0,31.35,S
2021-06-07T13:52:51,200.0,31.4,S
2021-06-07T13:52:50,300.0,31.35,S
2021-06-07T13:52:48,100.0,31.4,S
2021-06-07T13:52:46,100.0,31.35,S
2021-06-07T13:52:46,100.0,31.35,S
2021-06-07T13:52:46,700.0,31.4,S
2021-06-07T13:52:45,400.0,31.4,S
2021-06-07T13:52:45,1100.0,31.4,S
2021-06-07T13:52:45,15200.0,31.4,S
2021-06-07T13:52:45,1900.0,31.4,S
2021-06-07T13:52:45,600.0,31.4,S
2021-06-07T13:52:45,800.0,31.4,S
2021-06-07T13:52:45,1100.0,31.4,S
2021-06-07T13:52:45,500.0,31.4,S
2021-06-07T13:52:45,3400.0,31.4,S
2021-06-07T13:52:45,1300.0,31.4,S
2021-06-07T13:52:45,3800.0,31.4,S
2021-06-07T13:52:45,5200.0,31.4,S
2021-06-07T13:52:45,2500.0,31.4,S
2021-06-07T13:52:44,800.0,31.4,S
2021-06-07T13:52:44,1800.0,31.4,S
2021-06-07T13:52:44,400.0,31.4,S
2021-06-07T13:52:44,500.0,31.45,S
2021-06-07T13:52:44,100.0,31.45,S
2021-06-07T13:52:44,3700.0,31.45,S
2021-06-07T13:52:44,2200.0,31.45,S
2021-06-07T13:52:44,2000.0,31.45,S
2021-06-07T13:52:44,3800.0,31.45,S
2021-06-07T13:52:42,2000.0,31.45,S
2021-06-07T13:52:39,3000.0,31.5,S
2021-06-07T13:52:39,100.0,31.6,B
2021-06-07T13:52:39,200.0,31.6,B
2021-06-07T13:52:38,900.0,31.5,S
2021-06-07T13:52:28,2900.0,31.6,B
2021-06-07T13:52:28,500.0,31.6,B
2021-06-07T13:52:28,3900.0,31.6,B
2021-06-07T13:52:28,2100.0,31.6,B
2021-06-07T13:52:28,4400.0,31.6,B
2021-06-07T13:52:28,2000.0,31.55,S
2021-06-07T13:52:28,2800.0,31.5,S
2021-06-07T13:52:28,1400.0,31.5,S
2021-06-07T13:52:26,100.0,31.5,S
2021-06-07T13:52:24,100.0,31.5,S
2021-06-07T13:52:23,100.0,31.5,S
2021-06-07T13:52:19,500.0,31.5,S
2021-06-07T13:52:17,200.0,31.5,S
2021-06-07T13:52:14,1500.0,31.45,S
2021-06-07T13:52:14,100.0,31.5,S
2021-06-07T13:52:13,4000.0,31.45,S
2021-06-07T13:52:13,200.0,31.5,S
2021-06-07T13:52:10,1000.0,31.5,S
2021-06-07T13:52:05,1000.0,31.45,S
2021-06-07T13:51:49,2000.0,31.5,S
2021-06-07T13:51:48,2000.0,31.45,S
2021-06-07T13:51:48,600.0,31.5,S
2021-06-07T13:51:45,1000.0,31.45,S
2021-06-07T13:51:44,1100.0,31.45,S
2021-06-07T13:51:44,100.0,31.45,S
2021-06-07T13:51:43,2300.0,31.5,S
2021-06-07T13:51:43,1000.0,31.5,S
2021-06-07T13:51:41,800.0,31.5,S
2021-06-07T13:51:38,500.0,31.6,B
2021-06-07T13:51:37,1200.0,31.5,S
2021-06-07T13:51:36,100.0,31.6,B
2021-06-07T13:51:32,200.0,31.6,B
2021-06-07T13:51:22,600.0,31.45,S
2021-06-07T13:51:22,1900.0,31.45,S
2021-06-07T13:51:19,1800.0,31.45,S
2021-06-07T13:51:19,100.0,31.5,S
2021-06-07T13:51:19,2100.0,31.5,S
2021-06-07T13:51:19,3000.0,31.5,S
2021-06-07T13:51:19,100.0,31.5,S
2021-06-07T13:51:19,6300.0,31.5,S
2021-06-07T13:51:19,5300.0,31.5,S
2021-06-07T13:51:19,6100.0,31.5,S
2021-06-07T13:51:19,500.0,31.5,S
2021-06-07T13:51:19,600.0,31.5,S
2021-06-07T13:51:19,10700.0,31.5,S
2021-06-07T13:51:19,500.0,31.5,S
2021-06-07T13:51:19,1500.0,31.5,S
2021-06-07T13:51:19,200.0,31.5,S
2021-06-07T13:51:19,1200.0,31.5,S
2021-06-07T13:51:19,3600.0,31.5,S
2021-06-07T13:51:19,1100.0,31.5,S
2021-06-07T13:51:19,4300.0,31.5,S
2021-06-07T13:51:19,500.0,31.5,S
2021-06-07T13:51:18,500.0,31.5,S
2021-06-07T13:50:56,200.0,31.6,B
2021-06-07T13:50:51,1000.0,31.6,B
2021-06-07T13:50:49,100.0,31.6,B
2021-06-07T13:50:48,100.0,31.6,B
2021-06-07T13:50:46,100.0,31.5,S
2021-06-07T13:50:42,1000.0,31.5,S
2021-06-07T13:50:35,100.0,31.6,B
2021-06-07T13:50:31,1000.0,31.6,B
2021-06-07T13:50:31,300.0,31.5,S
2021-06-07T13:50:27,200.0,31.5,S
2021-06-07T13:50:24,700.0,31.5,S
2021-06-07T13:50:21,6500.0,31.5,S
2021-06-07T13:50:18,5200.0,31.5,S
2021-06-07T13:50:15,600.0,31.6,B
2021-06-07T13:50:06,200.0,31.6,B
2021-06-07T13:50:06,1400.0,31.5,S
2021-06-07T13:50:06,500.0,31.5,S
2021-06-07T13:50:06,200.0,31.5,S
2021-06-07T13:50:05,1000.0,31.5,S
2021-06-07T13:49:55,3900.0,31.6,B
2021-06-07T13:49:51,100.0,31.6,B
2021-06-07T13:49:49,200.0,31.6,B
2021-06-07T13:49:48,5000.0,31.6,B
2021-06-07T13:49:46,200.0,31.6,B
2021-06-07T13:49:45,1000.0,31.6,B
2021-06-07T13:49:44,1000.0,31.5,S
2021-06-07T13:49:40,1000.0,31.6,B
2021-06-07T13:49:39,3000.0,31.6,B
2021-06-07T13:49:39,5000.0,31.5,S
2021-06-07T13:49:37,100.0,31.6,B
2021-06-07T13:49:34,300.0,31.6,B
2021-06-07T13:49:33,200.0,31.6,B
2021-06-07T13:49:32,200.0,31.6,B
2021-06-07T13:49:30,2100.0,31.6,B
2021-06-07T13:49:29,200.0,31.5,S
2021-06-07T13:49:28,200.0,31.5,S
2021-06-07T13:49:25,300.0,31.6,B
2021-06-07T13:49:25,200.0,31.6,B
2021-06-07T13:49:23,2200.0,31.55,S
2021-06-07T13:49:22,100.0,31.6,B
2021-06-07T13:49:21,1200.0,31.6,B
2021-06-07T13:49:20,5000.0,31.6,B
2021-06-07T13:49:19,100.0,31.6,B
2021-06-07T13:49:17,1000.0,31.6,B
2021-06-07T13:49:10,300.0,31.6,B
2021-06-07T13:49:03,10000.0,31.5,S
2021-06-07T13:49:02,100.0,31.6,B
2021-06-07T13:48:57,200.0,31.6,B
2021-06-07T13:48:56,1200.0,31.6,B
2021-06-07T13:48:55,100.0,31.6,B
2021-06-07T13:48:55,100.0,31.6,B
2021-06-07T13:48:54,100.0,31.6,B
2021-06-07T13:48:53,500.0,31.6,B
2021-06-07T13:48:51,200.0,31.6,B
2021-06-07T13:48:49,400.0,31.6,B
2021-06-07T13:48:44,200.0,31.6,B
2021-06-07T13:48:43,2000.0,31.5,S
2021-06-07T13:48:43,5000.0,31.6,B
2021-06-07T13:48:39,3000.0,31.6,B
2021-06-07T13:48:34,100.0,31.6,B
2021-06-07T13:48:26,600.0,31.6,S
2021-06-07T13:48:26,300.0,31.6,S
2021-06-07T13:48:25,500.0,31.5,S
2021-06-07T13:48:17,1000.0,31.6,S
2021-06-07T13:48:17,400.0,31.6,S
2021-06-07T13:48:17,700.0,31.6,S
2021-06-07T13:48:14,200.0,31.6,S
2021-06-07T13:48:13,200.0,31.6,S
2021-06-07T13:48:04,300.0,31.6,S
2021-06-07T13:47:59,5500.0,31.7,S
2021-06-07T13:47:54,600.0,31.75,S
2021-06-07T13:47:54,100.0,31.75,S
2021-06-07T13:47:47,200.0,31.75,S
2021-06-07T13:47:43,4000.0,31.75,S
2021-06-07T13:47:30,3000.0,31.75,S
2021-06-07T13:47:28,600.0,31.6,S
2021-06-07T13:47:16,2400.0,31.6,S
2021-06-07T13:47:12,1000.0,31.5,S
2021-06-07T13:47:11,100.0,31.6,S
2021-06-07T13:47:01,400.0,31.75,S
2021-06-07T13:46:56,100.0,31.55,S
2021-06-07T13:46:54,3000.0,31.75,S
2021-06-07T13:46:45,1700.0,31.5,S
2021-06-07T13:46:44,300.0,31.5,S
2021-06-07T13:46:39,3000.0,31.75,S
2021-06-07T13:46:33,1000.0,31.7,S
2021-06-07T13:46:30,2900.0,31.5,S
2021-06-07T13:46:30,7100.0,31.5,S
2021-06-07T13:46:28,700.0,31.5,S
2021-06-07T13:46:28,200.0,31.5,S
2021-06-07T13:46:28,2800.0,31.5,S
2021-06-07T13:46:28,6300.0,31.5,S
2021-06-07T13:46:07,1800.0,31.8,B
2021-06-07T13:46:01,2200.0,31.5,S
2021-06-07T13:45:38,300.0,31.6,S
2021-06-07T13:45:34,600.0,31.5,S
2021-06-07T13:45:33,100.0,31.6,S
2021-06-07T13:45:30,500.0,31.6,S
2021-06-07T13:45:29,100.0,31.6,S
2021-06-07T13:45:23,800.0,31.5,S
2021-06-07T13:45:23,2200.0,31.5,S
2021-06-07T13:45:21,200.0,31.6,S
2021-06-07T13:45:14,100.0,31.6,S
2021-06-07T13:45:13,100.0,31.8,B
2021-06-07T13:45:10,1500.0,31.8,B
2021-06-07T13:45:08,10000.0,31.5,S
2021-06-07T13:45:06,500.0,31.7,S
2021-06-07T13:45:04,600.0,31.7,S
2021-06-07T13:44:51,100.0,31.7,S
2021-06-07T13:44:48,1300.0,31.7,S
2021-06-07T13:44:48,4000.0,31.7,S
2021-06-07T13:44:47,700.0,31.7,S
2021-06-07T13:44:43,2000.0,31.6,S
2021-06-07T13:44:28,300.0,31.7,S
2021-06-07T13:44:27,1100.0,31.55,S
2021-06-07T13:44:27,2000.0,31.6,S
2021-06-07T13:44:27,900.0,31.6,S
2021-06-07T13:44:16,8100.0,31.7,S
2021-06-07T13:44:11,100.0,31.7,S
2021-06-07T13:44:06,100.0,31.8,B
2021-06-07T13:43:59,600.0,31.8,B
2021-06-07T13:43:58,600.0,31.6,S
2021-06-07T13:43:58,500.0,31.6,S
2021-06-07T13:43:54,500.0,31.8,B
2021-06-07T13:43:29,100.0,31.8,B
2021-06-07T13:43:27,5200.0,31.8,B
2021-06-07T13:43:25,1000.0,31.85,B
2021-06-07T13:43:25,800.0,31.8,B
2021-06-07T13:42:41,1000.0,31.8,B
2021-06-07T13:42:35,2600.0,31.9,B
2021-06-07T13:42:27,1500.0,31.6,S
2021-06-07T13:42:23,300.0,31.8,B
2021-06-07T13:42:17,200.0,31.8,B
2021-06-07T13:42:14,400.0,31.8,B
2021-06-07T13:42:03,2000.0,31.5,S
2021-06-07T13:42:00,200.0,31.9,B
2021-06-07T13:41:56,4000.0,31.5,S
2021-06-07T13:41:52,1200.0,31.9,B
2021-06-07T13:41:51,9800.0,31.9,B
2021-06-07T13:41:51,4700.0,31.9,B
2021-06-07T13:41:51,5000.0,31.8,B
2021-06-07T13:41:51,500.0,31.8,B
2021-06-07T13:41:35,200.0,31.8,B
2021-06-07T13:41:22,1500.0,31.9,B
2021-06-07T13:41:21,800.0,31.5,S
2021-06-07T13:41:10,20000.0,31.9,B
2021-06-07T13:41:01,5000.0,31.8,B
2021-06-07T13:40:51,100.0,31.8,B
2021-06-07T13:40:48,1000.0,31.8,B
2021-06-07T13:40:46,1000.0,31.8,B
2021-06-07T13:40:43,300.0,31.8,B
2021-06-07T13:40:41,4700.0,31.8,B
2021-06-07T13:40:39,6100.0,31.8,B
2021-06-07T13:40:33,2000.0,31.8,B
2021-06-07T13:40:32,2000.0,31.8,B
2021-06-07T13:40:32,8300.0,31.8,B
2021-06-07T13:40:32,100.0,31.8,B
2021-06-07T13:40:32,1500.0,31.8,B
2021-06-07T13:40:25,1000.0,31.5,S
2021-06-07T13:40:23,100.0,31.7,S
2021-06-07T13:40:23,200.0,31.7,S
2021-06-07T13:39:54,200.0,31.8,B
2021-06-07T13:39:52,100.0,31.8,B
2021-06-07T13:39:43,500.0,31.8,B
2021-06-07T13:39:32,100.0,31.8,B
2021-06-07T13:39:31,100.0,31.8,B
2021-06-07T13:39:19,2300.0,31.5,B
2021-06-07T13:39:19,1000.0,31.5,B
2021-06-07T13:39:18,6700.0,31.5,B
2021-06-07T13:38:52,30000.0,31.8,B
2021-06-07T13:38:47,2000.0,31.5,B
2021-06-07T13:38:46,1000.0,31.6,B
2021-06-07T13:38:42,1000.0,31.6,B
2021-06-07T13:38:41,3000.0,31.6,B
2021-06-07T13:38:37,1200.0,31.5,B
2021-06-07T13:38:26,1000.0,31.5,B
2021-06-07T13:38:24,10000.0,31.6,B
2021-06-07T13:38:18,1000.0,31.6,B
2021-06-07T13:38:17,500.0,31.5,B
2021-06-07T13:38:12,500.0,31.5,B
2021-06-07T13:38:08,100.0,31.8,B
2021-06-07T13:37:59,1600.0,31.8,B
2021-06-07T13:37:58,200.0,31.8,B
2021-06-07T13:37:47,500.0,31.5,B
2021-06-07T13:37:43,1600.0,31.5,B
2021-06-07T13:37:39,100.0,31.8,B
2021-06-07T13:37:37,200.0,31.8,B
2021-06-07T13:37:33,10000.0,31.5,B
2021-06-07T13:37:32,5000.0,31.8,B
2021-06-07T13:37:31,2000.0,31.5,B
2021-06-07T13:37:30,300.0,31.5,B
2021-06-07T13:37:26,100.0,31.8,B
2021-06-07T13:37:07,5700.0,31.5,B
2021-06-07T13:37:04,300.0,31.5,B
2021-06-07T13:36:59,200.0,31.5,B
2021-06-07T13:36:55,3200.0,31.5,B
2021-06-07T13:36:54,600.0,31.5,B
2021-06-07T13:36:46,700.0,31.5,B
2021-06-07T13:36:44,300.0,31.5,B
2021-06-07T13:36:43,100.0,31.5,B
2021-06-07T13:36:42,1800.0,31.5,B
2021-06-07T13:36:42,700.0,31.5,B
2021-06-07T13:36:41,6400.0,31.5,B
2021-06-07T13:36:28,2000.0,31.5,B
2021-06-07T13:36:26,200.0,31.6,B
2021-06-07T13:36:16,2000.0,31.5,B
2021-06-07T13:36:14,400.0,31.5,B
2021-06-07T13:36:12,400.0,31.5,B
2021-06-07T13:36:11,500.0,31.5,B
2021-06-07T13:36:06,900.0,31.5,B
2021-06-07T13:36:06,200.0,31.5,B
2021-06-07T13:36:04,1700.0,31.5,B
2021-06-07T13:36:04,800.0,31.5,B
2021-06-07T13:36:02,1900.0,31.5,B
2021-06-07T13:36:01,2500.0,31.5,B
2021-06-07T13:36:01,500.0,31.5,B
2021-06-07T13:36:00,300.0,31.8,B
2021-06-07T13:35:59,600.0,31.8,B
2021-06-07T13:35:59,1500.0,31.5,B
2021-06-07T13:35:57,1000.0,31.8,B
2021-06-07T13:35:54,300.0,31.8,B
2021-06-07T13:35:47,1000.0,31.5,B
2021-06-07T13:35:36,300.0,31.5,B
2021-06-07T13:35:33,500.0,31.5,B
2021-06-07T13:35:23,1600.0,31.5,B
2021-06-07T13:35:23,400.0,31.5,B
2021-06-07T13:35:18,700.0,31.75,B
2021-06-07T13:35:16,100.0,31.5,B
2021-06-07T13:35:14,4900.0,31.5,B
2021-06-07T13:35:08,100.0,31.55,B
2021-06-07T13:35:07,500.0,31.55,B
2021-06-07T13:35:04,200.0,31.5,B
2021-06-07T13:35:02,1000.0,31.5,B
2021-06-07T13:34:57,8500.0,31.5,B
2021-06-07T13:34:54,200.0,31.5,B
2021-06-07T13:34:47,300.0,31.5,B
2021-06-07T13:34:45,1000.0,31.5,B
2021-06-07T13:34:44,300.0,31.5,B
2021-06-07T13:34:40,1000.0,31.5,B
2021-06-07T13:34:37,300.0,31.5,B
2021-06-07T13:34:35,100.0,31.5,B
2021-06-07T13:34:34,700.0,31.5,B
2021-06-07T13:34:34,100.0,31.5,B
2021-06-07T13:34:33,200.0,31.5,B
2021-06-07T13:34:31,100.0,31.5,B
2021-06-07T13:34:28,1000.0,31.5,B
2021-06-07T13:34:25,500.0,31.5,B
2021-06-07T13:34:19,3000.0,31.5,B
2021-06-07T13:34:10,300.0,31.5,B
2021-06-07T13:34:09,1100.0,31.5,B
2021-06-07T13:34:07,100.0,31.5,B
2021-06-07T13:34:03,1000.0,31.45,S
2021-06-07T13:33:45,300.0,31.5,B
2021-06-07T13:33:44,100.0,31.5,B
2021-06-07T13:33:42,1000.0,31.5,B
2021-06-07T13:33:42,5000.0,31.5,B
2021-06-07T13:33:40,100.0,31.5,B
2021-06-07T13:33:38,100.0,31.5,B
2021-06-07T13:33:34,300.0,31.5,B
2021-06-07T13:33:32,2000.0,31.5,B
2021-06-07T13:33:29,1000.0,31.5,B
2021-06-07T13:33:26,25500.0,31.5,B
2021-06-07T13:33:15,5000.0,31.55,B
2021-06-07T13:33:06,2600.0,31.75,B
2021-06-07T13:33:06,200.0,31.7,B
2021-06-07T13:33:06,4500.0,31.7,B
2021-06-07T13:33:06,500.0,31.65,B
2021-06-07T13:33:06,700.0,31.65,B
2021-06-07T13:33:06,7600.0,31.6,B
2021-06-07T13:33:06,3000.0,31.6,B
2021-06-07T13:33:06,1100.0,31.6,B
2021-06-07T13:33:06,1900.0,31.6,B
2021-06-07T13:33:06,1700.0,31.6,B
2021-06-07T13:33:06,6200.0,31.6,B
2021-06-07T13:33:05,1500.0,31.55,B
2021-06-07T13:33:00,100.0,31.6,B
2021-06-07T13:32:53,100.0,31.6,B
2021-06-07T13:32:51,900.0,31.6,B
2021-06-07T13:32:44,500.0,31.5,B
2021-06-07T13:32:40,1200.0,31.5,B
2021-06-07T13:32:39,500.0,31.5,B
2021-06-07T13:32:28,500.0,31.5,B
2021-06-07T13:32:26,200.0,31.6,B
2021-06-07T13:32:26,200.0,31.6,B
2021-06-07T13:32:25,7500.0,31.5,B
2021-06-07T13:32:10,800.0,31.6,B
2021-06-07T13:32:07,400.0,31.5,B
2021-06-07T13:31:53,700.0,31.6,B
2021-06-07T13:31:52,2200.0,31.5,B
2021-06-07T13:31:36,700.0,31.55,B
2021-06-07T13:31:36,2900.0,31.55,B
2021-06-07T13:31:27,5000.0,31.5,B
2021-06-07T13:31:26,6400.0,31.45,S
2021-06-07T13:31:26,3600.0,31.5,B
2021-06-07T13:31:21,100.0,31.55,B
2021-06-07T13:31:09,100.0,31.55,B
2021-06-07T13:31:00,800.0,31.55,B
2021-06-07T13:30:29,5000.0,31.45,S
2021-06-07T13:30:21,2100.0,31.5,B
2021-06-07T13:30:20,1000.0,31.5,B
2021-06-07T13:30:20,1800.0,31.5,B
2021-06-07T13:30:15,1600.0,31.5,B
2021-06-07T13:30:15,8900.0,31.5,B
2021-06-07T13:30:13,200.0,31.5,B
2021-06-07T13:30:05,200.0,31.5,B
2021-06-07T13:30:05,100.0,31.5,B
2021-06-07T13:30:00,500.0,31.5,B
2021-06-07T13:29:56,1000.0,31.45,S
2021-06-07T13:29:56,500.0,31.45,S
2021-06-07T13:29:56,1400.0,31.45,S
2021-06-07T13:29:56,7100.0,31.45,S
2021-06-07T13:29:54,5000.0,31.5,B
2021-06-07T13:29:45,4700.0,31.5,B
2021-06-07T13:29:44,2000.0,31.45,S
2021-06-07T13:29:41,200.0,31.5,B
2021-06-07T13:29:35,1000.0,31.5,B
2021-06-07T13:29:31,1200.0,31.45,S
2021-06-07T13:29:29,10200.0,31.5,B
2021-06-07T13:29:24,10000.0,31.5,B
2021-06-07T13:29:11,500.0,31.45,S
2021-06-07T13:29:10,200.0,31.45,S
2021-06-07T13:29:09,1200.0,31.5,B
2021-06-07T13:29:00,8000.0,31.5,B
2021-06-07T13:28:55,200.0,31.45,B
2021-06-07T13:28:50,1600.0,31.45,B
2021-06-07T13:28:50,1800.0,31.45,B
2021-06-07T13:28:15,1000.0,31.45,B
2021-06-07T13:28:14,100.0,31.5,B
2021-06-07T13:28:05,1000.0,31.5,B
2021-06-07T13:28:05,100.0,31.5,B
2021-06-07T13:28:05,1000.0,31.5,B
2021-06-07T13:28:03,400.0,31.45,B
2021-06-07T13:28:01,100.0,31.45,B
2021-06-07T13:28:01,10000.0,31.5,B
2021-06-07T13:27:54,300.0,31.45,B
2021-06-07T13:27:45,500.0,31.5,B
2021-06-07T13:27:28,4000.0,31.5,B
2021-06-07T13:27:25,200.0,31.1,S
2021-06-07T13:27:25,3500.0,31.1,S
2021-06-07T13:27:25,400.0,31.1,S
2021-06-07T13:27:25,300.0,31.1,S
2021-06-07T13:27:25,1700.0,31.1,S
2021-06-07T13:27:25,1300.0,31.15,S
2021-06-07T13:27:25,5800.0,31.15,S
2021-06-07T13:27:25,100.0,31.2,S
2021-06-07T13:27:25,1300.0,31.2,S
2021-06-07T13:27:25,2100.0,31.2,S
2021-06-07T13:27:25,100.0,31.2,S
2021-06-07T13:27:25,700.0,31.2,S
2021-06-07T13:27:25,2400.0,31.2,S
2021-06-07T13:27:25,100.0,31.2,S
2021-06-07T13:27:25,12000.0,31.2,S
2021-06-07T13:27:24,2000.0,31.5,B
2021-06-07T13:27:24,1600.0,31.5,B
2021-06-07T13:27:23,300.0,31.5,B
2021-06-07T13:27:20,100.0,31.5,B
2021-06-07T13:27:18,50000.0,31.2,S
2021-06-07T13:27:18,100.0,31.5,B
2021-06-07T13:27:16,1100.0,31.3,S
2021-06-07T13:27:14,8900.0,31.3,S
2021-06-07T13:27:05,1500.0,31.5,B
2021-06-07T13:26:57,400.0,31.45,B
2021-06-07T13:26:50,200.0,31.5,B
2021-06-07T13:26:43,2000.0,31.5,B
2021-06-07T13:26:43,10000.0,31.5,B
2021-06-07T13:26:34,300.0,31.45,B
2021-06-07T13:26:34,100.0,31.45,B
2021-06-07T13:26:30,100.0,31.45,B
2021-06-07T13:26:26,100.0,31.45,B
2021-06-07T13:26:26,500.0,31.45,B
2021-06-07T13:26:24,400.0,31.45,B
2021-06-07T13:26:10,10000.0,31.5,B
2021-06-07T13:26:09,300.0,31.45,B
2021-06-07T13:26:08,1500.0,31.45,B
2021-06-07T13:26:03,1000.0,31.45,B
2021-06-07T13:25:56,500.0,31.4,S
2021-06-07T13:25:54,100.0,31.45,B
2021-06-07T13:25:53,100.0,31.45,B
2021-06-07T13:25:53,2000.0,31.4,S
2021-06-07T13:25:48,3000.0,31.4,S
2021-06-07T13:25:47,200.0,31.45,B
2021-06-07T13:25:46,200.0,31.45,B
2021-06-07T13:25:39,500.0,31.45,B
2021-06-07T13:25:37,100.0,31.45,B
2021-06-07T13:25:36,300.0,31.45,B
2021-06-07T13:25:23,500.0,31.45,B
2021-06-07T13:25:19,2000.0,31.45,B
2021-06-07T13:25:18,3000.0,31.45,B
2021-06-07T13:25:17,100.0,31.45,B
2021-06-07T13:25:16,900.0,31.45,B
2021-06-07T13:25:00,300.0,31.2,S
2021-06-07T13:25:00,800.0,31.2,S
2021-06-07T13:25:00,2400.0,31.2,S
2021-06-07T13:25:00,100.0,31.25,S
2021-06-07T13:25:00,1400.0,31.25,S
2021-06-07T13:24:40,100.0,31.4,S
2021-06-07T13:24:25,2000.0,31.25,S
2021-06-07T13:24:05,900.0,31.25,S
2021-06-07T13:24:02,500.0,31.45,B
2021-06-07T13:23:58,100.0,31.4,S
2021-06-07T13:23:57,100.0,31.4,S
2021-06-07T13:23:55,500.0,31.4,S
2021-06-07T13:23:45,2400.0,31.25,S
2021-06-07T13:23:45,500.0,31.3,S
2021-06-07T13:23:41,500.0,31.3,S
2021-06-07T13:23:35,100.0,31.3,S
2021-06-07T13:23:23,500.0,31.3,S
2021-06-07T13:23:12,100.0,31.4,S
2021-06-07T13:23:10,100.0,31.45,B
2021-06-07T13:23:07,500.0,31.2,S
2021-06-07T13:23:06,100.0,31.45,B
2021-06-07T13:23:03,500.0,31.2,S
2021-06-07T13:23:02,800.0,31.45,B
2021-06-07T13:22:36,600.0,31.2,S
2021-06-07T13:22:33,500.0,31.5,B
2021-06-07T13:22:23,2700.0,31.2,S
2021-06-07T13:22:23,300.0,31.2,S
2021-06-07T13:22:22,900.0,31.25,S
2021-06-07T13:22:16,1000.0,31.5,B
2021-06-07T13:22:15,100.0,31.5,B
2021-06-07T13:22:10,400.0,31.5,B
2021-06-07T13:22:09,500.0,31.5,B
2021-06-07T13:22:01,1800.0,31.5,B
2021-06-07T13:21:44,100.0,31.2,S
2021-06-07T13:21:44,300.0,31.1,S
2021-06-07T13:21:44,2000.0,31.2,S
2021-06-07T13:21:42,1000.0,31.1,S
2021-06-07T13:21:42,3900.0,31.1,S
2021-06-07T13:21:42,200.0,31.1,S
2021-06-07T13:21:42,2500.0,31.1,S
2021-06-07T13:21:42,3400.0,31.1,S
2021-06-07T13:21:41,600.0,31.2,S
2021-06-07T13:21:37,500.0,31.2,S
2021-06-07T13:21:37,200.0,31.15,S
2021-06-07T13:21:37,1800.0,31.2,S
2021-06-07T13:21:31,1000.0,31.5,B
2021-06-07T13:21:22,300.0,31.2,S
2021-06-07T13:21:12,100.0,31.4,B
2021-06-07T13:21:01,200.0,31.4,B
2021-06-07T13:21:00,1900.0,31.25,S
2021-06-07T13:20:56,500.0,31.5,B
2021-06-07T13:20:44,1000.0,31.5,B
2021-06-07T13:20:37,200.0,31.25,S
2021-06-07T13:20:37,400.0,31.5,B
2021-06-07T13:20:36,100.0,31.3,S
2021-06-07T13:20:34,1700.0,31.5,B
2021-06-07T13:20:26,1000.0,31.4,B
2021-06-07T13:20:25,100.0,31.2,S
2021-06-07T13:20:25,500.0,31.2,S
2021-06-07T13:20:23,1000.0,31.2,S
2021-06-07T13:20:21,200.0,31.3,S
2021-06-07T13:20:12,100.0,31.3,S
2021-06-07T13:20:11,1000.0,31.3,S
2021-06-07T13:20:06,300.0,31.3,S
2021-06-07T13:20:06,500.0,31.3,S
2021-06-07T13:20:00,100.0,31.2,S
2021-06-07T13:19:58,100.0,31.2,S
2021-06-07T13:19:55,400.0,31.2,S
2021-06-07T13:19:44,100.0,31.2,S
2021-06-07T13:19:43,7000.0,31.1,S
2021-06-07T13:19:42,100.0,31.2,S
2021-06-07T13:19:29,7000.0,31.1,S
2021-06-07T13:19:27,100.0,31.3,B
2021-06-07T13:19:27,1000.0,31.3,B
2021-06-07T13:19:19,100.0,31.3,B
2021-06-07T13:19:17,300.0,31.3,B
2021-06-07T13:19:12,100.0,31.4,B
2021-06-07T13:19:11,16300.0,31.3,B
2021-06-07T13:19:06,100.0,31.2,S
2021-06-07T13:19:02,500.0,31.2,S
2021-06-07T13:19:01,200.0,31.2,S
2021-06-07T13:18:56,4500.0,31.1,S
2021-06-07T13:18:55,200.0,31.2,S
2021-06-07T13:18:55,300.0,31.2,S
2021-06-07T13:18:50,200.0,31.15,S
2021-06-07T13:18:44,600.0,31.2,S
2021-06-07T13:18:43,1000.0,31.2,S
2021-06-07T13:18:38,1300.0,31.2,S
2021-06-07T13:18:38,1900.0,31.2,S
2021-06-07T13:18:32,600.0,31.2,S
2021-06-07T13:18:29,500.0,31.2,S
2021-06-07T13:18:29,1000.0,31.2,S
2021-06-07T13:18:27,1000.0,31.3,B
2021-06-07T13:18:25,200.0,31.2,S
2021-06-07T13:18:13,400.0,31.2,S
2021-06-07T13:18:12,100.0,31.3,B
2021-06-07T13:18:01,700.0,31.3,B
2021-06-07T13:18:00,3000.0,31.3,B
2021-06-07T13:17:50,400.0,31.3,B
2021-06-07T13:17:49,4200.0,31.1,S
2021-06-07T13:17:49,5800.0,31.1,S
2021-06-07T13:17:42,4700.0,31.1,S
2021-06-07T13:17:41,2000.0,31.2,S
2021-06-07T13:17:39,500.0,31.3,B
2021-06-07T13:17:37,300.0,31.3,B
2021-06-07T13:17:35,100.0,31.2,S
2021-06-07T13:17:30,600.0,31.2,S
2021-06-07T13:17:17,800.0,31.2,S
2021-06-07T13:17:15,1000.0,31.2,S
2021-06-07T13:17:12,100.0,31.2,S
2021-06-07T13:17:00,300.0,31.2,S
2021-06-07T13:16:57,8400.0,31.1,S
2021-06-07T13:16:44,500.0,31.2,S
2021-06-07T13:16:42,5000.0,31.1,S
2021-06-07T13:16:40,100.0,31.1,S
2021-06-07T13:16:21,8000.0,31.5,B
2021-06-07T13:16:18,100.0,31.3,B
2021-06-07T13:16:18,300.0,31.3,B
2021-06-07T13:16:17,8400.0,31.1,S
2021-06-07T13:16:04,300.0,31.3,B
2021-06-07T13:16:03,200.0,31.3,B
2021-06-07T13:15:57,2000.0,31.2,S
2021-06-07T13:15:55,3000.0,31.3,B
2021-06-07T13:15:44,1000.0,31.2,S
2021-06-07T13:15:40,200.0,31.2,S
2021-06-07T13:15:39,2000.0,31.2,S
2021-06-07T13:15:33,1300.0,31.3,B
2021-06-07T13:15:32,500.0,31.2,S
2021-06-07T13:15:32,100.0,31.2,S
2021-06-07T13:15:19,100.0,31.3,B
2021-06-07T13:15:11,300.0,31.3,B
2021-06-07T13:15:06,1000.0,31.2,S
2021-06-07T13:14:56,200.0,31.5,B
2021-06-07T13:14:56,100.0,31.1,S
2021-06-07T13:14:53,600.0,31.5,B
2021-06-07T13:14:50,100.0,31.1,S
2021-06-07T13:14:50,300.0,31.1,S
2021-06-07T13:14:50,2600.0,31.1,S
2021-06-07T13:14:46,2100.0,31.5,B
2021-06-07T13:14:40,100.0,31.55,B
2021-06-07T13:14:38,2000.0,31.5,B
2021-06-07T13:14:36,5900.0,31.5,B
2021-06-07T13:14:30,400.0,31.4,B
2021-06-07T13:14:22,300.0,31.2,S
2021-06-07T13:14:14,3100.0,31.1,S
2021-06-07T13:14:14,8900.0,31.15,S
2021-06-07T13:14:14,1100.0,31.2,S
2021-06-07T13:14:11,4000.0,31.15,S
2021-06-07T13:14:10,600.0,31.1,S
2021-06-07T13:14:08,500.0,31.2,S
2021-06-07T13:14:08,400.0,31.2,S
2021-06-07T13:14:06,500.0,31.4,B
2021-06-07T13:14:00,2000.0,31.2,S
2021-06-07T13:13:56,100.0,31.4,B
2021-06-07T13:13:51,5000.0,31.2,S
2021-06-07T13:13:34,6300.0,31.3,B
2021-06-07T13:13:32,100.0,31.3,B
2021-06-07T13:13:29,3800.0,31.2,S
2021-06-07T13:13:19,10000.0,31.3,B
2021-06-07T13:13:08,200.0,31.2,S
2021-06-07T13:12:59,500.0,31.3,B
2021-06-07T13:12:55,800.0,31.3,B
2021-06-07T13:12:54,500.0,31.2,S
2021-06-07T13:12:53,300.0,31.3,B
2021-06-07T13:12:52,3300.0,31.3,B
2021-06-07T13:12:43,1000.0,31.4,B
2021-06-07T13:12:43,1200.0,31.4,B
2021-06-07T13:12:43,3800.0,31.3,B
2021-06-07T13:12:42,200.0,31.3,B
2021-06-07T13:12:33,1000.0,31.2,S
2021-06-07T13:12:24,7500.0,31.2,S
2021-06-07T13:12:22,1700.0,31.2,S
2021-06-07T13:12:12,4500.0,31.2,S
2021-06-07T13:12:11,100.0,31.2,S
2021-06-07T13:12:10,500.0,31.2,S
2021-06-07T13:12:07,1000.0,31.2,S
2021-06-07T13:12:00,100.0,31.2,S
2021-06-07T13:11:58,3000.0,31.2,S
2021-06-07T13:11:56,4200.0,31.1,S
2021-06-07T13:11:39,5000.0,31.1,S
2021-06-07T13:11:37,500.0,31.1,S
2021-06-07T13:11:36,100.0,31.2,S
2021-06-07T13:11:33,200.0,31.2,S
2021-06-07T13:11:33,4000.0,31.2,S
2021-06-07T13:11:31,200.0,31.2,S
2021-06-07T13:11:30,3800.0,31.2,S
2021-06-07T13:11:30,1000.0,31.2,S
2021-06-07T13:11:24,200.0,31.1,S
2021-06-07T13:11:22,500.0,31.2,S
2021-06-07T13:11:19,1100.0,31.2,S
2021-06-07T13:11:17,500.0,31.2,S
2021-06-07T13:11:16,5100.0,31.2,S
2021-06-07T13:11:12,200.0,31.2,S
2021-06-07T13:11:11,100.0,31.2,S
2021-06-07T13:11:10,2000.0,31.1,S
2021-06-07T13:11:10,200.0,31.2,S
2021-06-07T13:11:09,400.0,31.2,S
2021-06-07T13:11:09,300.0,31.2,S
2021-06-07T13:11:05,1000.0,31.1,S
2021-06-07T13:11:04,300.0,31.2,S
2021-06-07T13:11:02,800.0,31.2,S
2021-06-07T13:11:00,200.0,31.2,S
2021-06-07T13:10:59,100.0,31.1,S
2021-06-07T13:10:55,200.0,31.2,S
2021-06-07T13:10:51,500.0,31.3,B
2021-06-07T13:10:38,8400.0,31.1,S
2021-06-07T13:10:38,1000.0,31.15,S
2021-06-07T13:10:38,300.0,31.2,B
2021-06-07T13:10:38,6800.0,31.2,B
2021-06-07T13:10:38,100.0,31.2,B
2021-06-07T13:10:17,500.0,31.3,B
2021-06-07T13:10:15,200.0,31.2,B
2021-06-07T13:10:02,200.0,31.6,B
2021-06-07T13:10:01,1000.0,31.2,B
2021-06-07T13:09:53,8000.0,31.2,B
2021-06-07T13:09:47,3000.0,31.2,B
2021-06-07T13:09:47,1500.0,31.5,B
2021-06-07T13:09:40,200.0,31.5,B
2021-06-07T13:09:39,500.0,31.5,B
2021-06-07T13:09:34,1000.0,31.5,B
2021-06-07T13:09:34,200.0,31.5,B
2021-06-07T13:09:30,4200.0,31.6,B
2021-06-07T13:09:21,300.0,31.5,B
2021-06-07T13:09:20,1000.0,31.6,B
2021-06-07T13:09:18,10500.0,31.5,B
2021-06-07T13:09:16,200.0,31.6,B
2021-06-07T13:09:12,400.0,31.5,B
2021-06-07T13:09:11,1000.0,31.6,B
2021-06-07T13:09:10,100.0,31.5,B
2021-06-07T13:08:54,2800.0,31.4,B
2021-06-07T13:08:45,3000.0,31.2,B
2021-06-07T13:08:45,600.0,31.2,B
2021-06-07T13:08:38,1000.0,31.2,B
2021-06-07T13:08:29,100.0,31.2,B
2021-06-07T13:08:28,500.0,31.2,B
2021-06-07T13:08:26,4800.0,31.2,B
2021-06-07T13:08:26,5200.0,31.2,B
2021-06-07T13:08:24,200.0,31.55,B
2021-06-07T13:08:24,6000.0,31.5,B
2021-06-07T13:08:24,7600.0,31.5,B
2021-06-07T13:08:24,6200.0,31.3,B
2021-06-07T13:08:18,700.0,31.2,B
2021-06-07T13:08:14,100.0,31.3,B
2021-06-07T13:08:11,300.0,31.2,B
2021-06-07T13:08:08,1900.0,31.2,B
2021-06-07T13:08:02,7700.0,31.2,B
2021-06-07T13:08:00,400.0,31.2,B
2021-06-07T13:07:52,3900.0,31.2,B
2021-06-07T13:07:51,100.0,31.1,S
2021-06-07T13:07:48,100.0,31.2,B
2021-06-07T13:07:46,100.0,31.1,S
2021-06-07T13:07:43,200.0,31.2,B
2021-06-07T13:07:42,500.0,31.1,S
2021-06-07T13:07:40,1000.0,31.2,B
2021-06-07T13:07:40,200.0,31.1,S
2021-06-07T13:07:39,100.0,31.2,B
2021-06-07T13:07:37,3900.0,31.0,S
2021-06-07T13:07:36,100.0,31.2,B
2021-06-07T13:07:30,5000.0,31.3,B
2021-06-07T13:07:16,10000.0,31.0,S
2021-06-07T13:07:15,10000.0,31.2,B
2021-06-07T13:07:12,100.0,31.2,B
2021-06-07T13:07:02,10000.0,31.3,B
2021-06-07T13:07:00,100.0,31.2,B
2021-06-07T13:06:56,1400.0,31.2,B
2021-06-07T13:06:55,500.0,31.2,B
2021-06-07T13:06:55,3100.0,31.2,B
2021-06-07T13:06:51,200.0,31.2,B
2021-06-07T13:06:50,2000.0,31.1,S
2021-06-07T13:06:46,100.0,31.1,S
2021-06-07T13:06:46,1000.0,31.1,S
2021-06-07T13:06:45,1000.0,31.1,S
2021-06-07T13:06:45,200.0,31.2,B
2021-06-07T13:06:43,1300.0,31.2,B
2021-06-07T13:06:43,100.0,31.2,B
2021-06-07T13:06:43,10800.0,31.2,B
2021-06-07T13:06:43,100.0,31.2,B
2021-06-07T13:06:38,300.0,31.2,B
2021-06-07T13:06:37,400.0,31.3,B
2021-06-07T13:06:35,100.0,31.2,B
2021-06-07T13:06:23,1900.0,31.2,B
2021-06-07T13:06:23,300.0,31.2,B
2021-06-07T13:06:08,100.0,31.2,B
2021-06-07T13:05:56,200.0,31.3,B
2021-06-07T13:05:52,100.0,31.2,B
2021-06-07T13:05:48,4000.0,31.2,B
2021-06-07T13:05:44,700.0,31.2,B
2021-06-07T13:05:43,500.0,31.2,B
2021-06-07T13:05:43,300.0,31.2,B
2021-06-07T13:05:42,100.0,31.2,B
2021-06-07T13:05:39,100.0,31.3,B
2021-06-07T13:05:35,300.0,31.1,S
2021-06-07T13:05:35,1200.0,31.25,B
2021-06-07T13:05:29,24500.0,31.5,B
2021-06-07T13:05:29,1100.0,31.5,B
2021-06-07T13:05:29,1200.0,31.5,B
2021-06-07T13:05:29,9100.0,31.5,B
2021-06-07T13:05:29,100.0,31.5,B
2021-06-07T13:05:29,300.0,31.5,B
2021-06-07T13:05:29,1200.0,31.5,B
2021-06-07T13:05:29,2100.0,31.5,B
2021-06-07T13:05:28,1100.0,31.5,B
2021-06-07T13:05:28,8600.0,31.5,B
2021-06-07T13:05:28,400.0,31.5,B
2021-06-07T13:05:28,4300.0,31.5,B
2021-06-07T13:05:28,1600.0,31.5,B
2021-06-07T13:05:28,44400.0,31.5,B
2021-06-07T13:05:23,600.0,31.0,S
2021-06-07T13:05:16,500.0,31.0,S
2021-06-07T13:05:16,500.0,31.3,B
2021-06-07T13:05:15,4600.0,31.0,S
2021-06-07T13:05:15,2000.0,31.0,S
2021-06-07T13:05:15,200.0,31.0,S
2021-06-07T13:05:15,10700.0,31.0,S
2021-06-07T13:05:15,3600.0,31.0,S
2021-06-07T13:05:15,600.0,31.0,S
2021-06-07T13:05:15,300.0,31.0,S
2021-06-07T13:05:15,2000.0,31.0,S
2021-06-07T13:05:15,2000.0,31.0,S
2021-06-07T13:05:15,400.0,31.0,S
2021-06-07T13:05:15,1900.0,31.0,S
2021-06-07T13:05:15,6100.0,31.1,S
2021-06-07T13:05:15,5600.0,31.1,S
2021-06-07T13:05:11,4600.0,31.1,S
2021-06-07T13:05:04,100.0,31.4,B
2021-06-07T13:04:59,2000.0,31.1,S
2021-06-07T13:04:59,2000.0,31.1,S
2021-06-07T13:04:54,700.0,31.1,S
2021-06-07T13:04:52,100.0,31.4,B
2021-06-07T13:04:51,300.0,31.3,B
2021-06-07T13:04:44,400.0,31.2,B
2021-06-07T13:04:39,5600.0,31.1,S
2021-06-07T13:04:39,4400.0,31.1,S
2021-06-07T13:04:35,1000.0,31.2,B
2021-06-07T13:04:33,1000.0,31.2,B
2021-06-07T13:04:31,1000.0,31.1,S
2021-06-07T13:04:31,1100.0,31.2,B
2021-06-07T13:04:29,600.0,31.2,B
2021-06-07T13:04:29,400.0,31.2,B
2021-06-07T13:04:24,1900.0,31.2,B
2021-06-07T13:04:20,100.0,31.2,B
2021-06-07T13:04:15,100.0,31.2,B
2021-06-07T13:04:15,500.0,31.2,B
2021-06-07T13:04:14,200.0,31.15,S
2021-06-07T13:04:07,100.0,31.2,B
2021-06-07T13:04:07,1000.0,31.1,S
2021-06-07T13:04:06,200.0,31.1,S
2021-06-07T13:04:05,100.0,31.2,B
2021-06-07T13:03:55,300.0,31.2,B
2021-06-07T13:03:54,5100.0,31.1,S
2021-06-07T13:03:54,200.0,31.2,B
2021-06-07T13:03:54,7500.0,31.1,S
2021-06-07T13:03:53,800.0,31.2,B
2021-06-07T13:03:48,200.0,31.1,S
2021-06-07T13:03:48,100.0,31.2,B
2021-06-07T13:03:43,600.0,31.2,B
2021-06-07T13:03:41,1000.0,31.1,S
2021-06-07T13:03:28,200.0,31.2,B
2021-06-07T13:03:27,1200.0,31.1,S
2021-06-07T13:03:20,200.0,31.2,B
2021-06-07T13:03:18,4000.0,31.2,B
2021-06-07T13:03:11,100.0,31.1,S
2021-06-07T13:03:10,500.0,31.2,B
2021-06-07T13:03:00,200.0,31.2,B
2021-06-07T13:02:57,200.0,31.1,S
2021-06-07T13:02:50,500.0,31.2,B
2021-06-07T13:02:44,2000.0,31.2,B
2021-06-07T13:02:38,700.0,31.2,B
2021-06-07T13:02:34,400.0,31.2,B
2021-06-07T13:02:34,1000.0,31.2,B
2021-06-07T13:02:34,1200.0,31.2,B
2021-06-07T13:02:13,300.0,31.2,B
2021-06-07T13:02:13,100.0,31.2,B
2021-06-07T13:02:12,500.0,31.2,B
2021-06-07T13:02:05,500.0,31.2,B
2021-06-07T13:02:04,100.0,31.2,B
2021-06-07T13:02:00,300.0,31.0,S
2021-06-07T13:01:56,100.0,31.2,B
2021-06-07T13:01:51,1000.0,31.0,S
2021-06-07T13:01:51,1400.0,31.1,S
2021-06-07T13:01:48,300.0,31.1,S
2021-06-07T13:01:44,3000.0,31.2,B
2021-06-07T13:01:44,200.0,31.1,S
2021-06-07T13:01:41,2000.0,31.2,B
2021-06-07T13:01:40,1000.0,31.0,S
2021-06-07T13:01:33,700.0,31.2,B
2021-06-07T13:01:32,400.0,31.1,S
2021-06-07T13:01:21,300.0,31.2,B
2021-06-07T13:01:15,100.0,31.1,S
2021-06-07T13:01:09,300.0,31.2,B
2021-06-07T13:01:02,500.0,31.2,B
2021-06-07T13:01:01,400.0,31.0,S
2021-06-07T13:00:50,600.0,31.0,S
2021-06-07T13:00:50,200.0,31.0,S
2021-06-07T13:00:50,2200.0,31.0,S
2021-06-07T13:00:46,2000.0,31.0,S
2021-06-07T13:00:46,6000.0,31.0,S
2021-06-07T13:00:39,400.0,31.3,B
2021-06-07T13:00:39,100.0,31.3,B
2021-06-07T13:00:37,100.0,31.1,S
2021-06-07T13:00:37,2400.0,31.2,B
2021-06-07T13:00:23,100.0,31.2,B
2021-06-07T13:00:21,400.0,31.2,B
2021-06-07T13:00:19,900.0,31.1,S
2021-06-07T13:00:19,100.0,31.1,S
2021-06-07T13:00:19,500.0,31.2,B
2021-06-07T13:00:19,600.0,31.2,B
2021-06-07T13:00:17,2000.0,31.1,S
2021-06-07T13:00:17,400.0,31.2,B
2021-06-07T13:00:15,100.0,31.2,B
2021-06-07T13:00:15,100.0,31.2,B
2021-06-07T13:00:15,100.0,31.2,B
2021-06-07T13:00:15,100.0,31.2,B
2021-06-07T11:34:19,100.0,31.2,B
2021-06-07T11:34:14,100.0,31.2,B
2021-06-07T11:34:14,400.0,31.1,B
2021-06-07T11:34:09,100.0,31.1,B
2021-06-07T11:34:04,100.0,31.1,B
2021-06-07T11:34:04,600.0,31.1,B
2021-06-07T11:33:59,200.0,31.1,B
2021-06-07T11:33:54,1900.0,31.5,B
2021-06-07T11:33:44,400.0,31.3,B
2021-06-07T11:33:34,100.0,31.3,B
2021-06-07T11:33:29,500.0,31.1,B
2021-06-07T11:33:29,7000.0,31.1,B
2021-06-07T11:33:24,100.0,31.5,B
2021-06-07T11:33:14,300.0,31.1,B
2021-06-07T11:33:14,2800.0,31.0,S
2021-06-07T11:33:09,3000.0,31.0,S
2021-06-07T11:33:09,300.0,31.2,B
2021-06-07T11:33:09,60000.0,31.5,B
2021-06-07T11:33:04,400.0,31.2,B
2021-06-07T11:33:04,9800.0,31.0,S
2021-06-07T11:32:54,200.0,31.2,B
2021-06-07T11:32:44,1500.0,31.0,S
2021-06-07T11:32:34,2700.0,31.0,S
2021-06-07T11:32:34,1300.0,31.0,S
2021-06-07T11:32:29,300.0,31.0,S
2021-06-07T11:32:29,700.0,31.0,S
2021-06-07T11:32:19,5000.0,31.5,B
2021-06-07T11:32:19,1000.0,31.1,B
2021-06-07T11:32:19,1500.0,31.1,B
2021-06-07T11:32:14,15000.0,31.0,S
2021-06-07T11:32:14,200.0,31.0,S
2021-06-07T11:32:09,45000.0,31.0,S
2021-06-07T11:32:09,200.0,31.1,B
2021-06-07T11:32:04,100.0,31.1,B
2021-06-07T11:32:04,100.0,31.2,B
2021-06-07T11:31:59,500.0,31.5,B
2021-06-07T11:31:59,100.0,31.5,B
2021-06-07T11:31:49,3000.0,31.5,B
2021-06-07T11:31:49,300.0,31.1,B
2021-06-07T11:31:49,7800.0,31.05,S
2021-06-07T11:31:44,1000.0,31.05,S
2021-06-07T11:31:44,5000.0,31.0,S
2021-06-07T11:31:39,500.0,31.05,S
2021-06-07T11:31:34,100.0,31.05,S
2021-06-07T11:31:34,5000.0,31.0,S
2021-06-07T11:31:29,300.0,31.05,S
2021-06-07T11:31:24,500.0,31.1,B
2021-06-07T11:30:54,10100.0,31.0,S
2021-06-07T11:30:54,3100.0,31.0,S
2021-06-07T11:30:49,9400.0,31.0,S
2021-06-07T11:30:34,400.0,31.0,S
2021-06-07T11:30:34,700.0,31.0,S
2021-06-07T11:30:34,900.0,31.1,B
2021-06-07T11:30:29,200.0,31.1,B
2021-06-07T11:30:09,4400.0,31.5,B
2021-06-07T11:30:09,25600.0,31.5,B
2021-06-07T11:30:06,300.0,31.2,B
2021-06-07T11:30:06,700.0,31.1,B
2021-06-07T11:30:06,15000.0,30.95,S
2021-06-07T11:30:06,3900.0,30.95,S
2021-06-07T11:30:06,600.0,31.0,S
2021-06-07T11:29:54,400.0,31.0,S
2021-06-07T11:29:50,100.0,31.0,S
2021-06-07T11:29:49,1000.0,31.0,S
2021-06-07T11:29:47,500.0,30.95,S
2021-06-07T11:29:46,200.0,31.0,S
2021-06-07T11:29:45,1000.0,31.0,S
2021-06-07T11:29:44,400.0,31.0,S
2021-06-07T11:29:42,500.0,30.95,S
2021-06-07T11:29:40,500.0,31.0,S
2021-06-07T11:29:38,5600.0,30.95,S
2021-06-07T11:29:36,200.0,31.0,S
2021-06-07T11:29:35,200.0,31.0,S
2021-06-07T11:29:31,100.0,31.0,S
2021-06-07T11:29:31,200.0,31.0,S
2021-06-07T11:29:29,2000.0,30.95,S
2021-06-07T11:29:29,400.0,31.0,S
2021-06-07T11:29:29,5000.0,30.95,S
2021-06-07T11:29:21,200.0,30.95,S
2021-06-07T11:29:20,100.0,31.0,S
2021-06-07T11:29:20,100.0,31.0,S
2021-06-07T11:29:20,1500.0,31.0,S
2021-06-07T11:29:07,1000.0,31.0,S
2021-06-07T11:28:58,1000.0,31.0,S
2021-06-07T11:28:58,6400.0,31.0,S
2021-06-07T11:28:57,500.0,31.0,S
2021-06-07T11:28:43,100.0,31.0,S
2021-06-07T11:28:25,2800.0,31.0,S
2021-06-07T11:28:22,1000.0,31.1,S
2021-06-07T11:28:16,500.0,31.0,S
2021-06-07T11:28:13,15700.0,31.0,S
2021-06-07T11:28:13,1200.0,31.0,S
2021-06-07T11:28:13,3100.0,31.0,S
2021-06-07T11:28:12,500.0,31.0,S
2021-06-07T11:28:04,500.0,31.0,S
2021-06-07T11:27:56,200.0,31.4,S
2021-06-07T11:27:52,4200.0,31.4,S
2021-06-07T11:27:52,300.0,31.4,S
2021-06-07T11:27:51,5500.0,31.4,S
2021-06-07T11:27:50,1000.0,31.4,S
2021-06-07T11:27:46,13000.0,31.0,S
2021-06-07T11:27:46,1000.0,31.05,S
2021-06-07T11:27:42,1900.0,31.4,S
2021-06-07T11:27:42,100.0,31.3,S
2021-06-07T11:27:39,5300.0,31.0,S
2021-06-07T11:27:39,1500.0,31.0,S
2021-06-07T11:27:39,1000.0,31.0,S
2021-06-07T11:27:39,2200.0,31.0,S
2021-06-07T11:27:38,500.0,31.0,S
2021-06-07T11:27:21,600.0,31.3,S
2021-06-07T11:27:21,1000.0,31.0,S
2021-06-07T11:27:19,20000.0,31.0,S
2021-06-07T11:27:18,2000.0,31.1,S
2021-06-07T11:27:17,1000.0,31.2,S
2021-06-07T11:27:07,1100.0,31.2,S
2021-06-07T11:27:04,100.0,31.2,S
2021-06-07T11:27:03,100.0,31.1,S
2021-06-07T11:27:02,100.0,31.1,S
2021-06-07T11:26:45,1000.0,31.1,S
2021-06-07T11:26:29,1000.0,31.2,S
2021-06-07T11:26:28,2000.0,31.1,S
2021-06-07T11:26:23,100.0,31.2,S
2021-06-07T11:26:06,4500.0,31.0,S
2021-06-07T11:26:05,200.0,31.2,S
2021-06-07T11:26:05,900.0,31.0,S
2021-06-07T11:26:00,400.0,31.0,S
2021-06-07T11:25:59,1100.0,31.0,S
2021-06-07T11:25:58,200.0,31.0,S
2021-06-07T11:25:56,200.0,31.0,S
2021-06-07T11:25:55,800.0,31.0,S
2021-06-07T11:25:54,5000.0,30.8,S
2021-06-07T11:25:52,1100.0,30.8,S
2021-06-07T11:25:50,500.0,31.0,S
2021-06-07T11:25:49,5200.0,30.8,S
2021-06-07T11:25:49,200.0,31.0,S
2021-06-07T11:25:48,100.0,31.0,S
2021-06-07T11:25:48,8200.0,31.0,S
2021-06-07T11:25:32,500.0,31.1,S
2021-06-07T11:25:31,500.0,31.1,S
2021-06-07T11:25:30,3900.0,30.8,S
2021-06-07T11:25:30,11100.0,31.0,S
2021-06-07T11:25:23,400.0,31.0,S
2021-06-07T11:25:22,500.0,31.0,S
2021-06-07T11:25:21,3100.0,30.8,S
2021-06-07T11:25:21,7100.0,30.8,S
2021-06-07T11:25:21,600.0,30.9,S
2021-06-07T11:25:21,1000.0,30.95,S
2021-06-07T11:25:21,1100.0,31.0,S
2021-06-07T11:25:21,400.0,31.0,S
2021-06-07T11:25:21,4100.0,31.0,S
2021-06-07T11:25:21,1400.0,31.0,S
2021-06-07T11:25:21,700.0,31.0,S
2021-06-07T11:25:21,100.0,31.0,S
2021-06-07T11:25:21,400.0,31.0,S
2021-06-07T11:25:11,500.0,31.1,S
2021-06-07T11:25:09,500.0,31.0,S
2021-06-07T11:25:07,20000.0,31.0,S
2021-06-07T11:25:00,4000.0,31.0,S
2021-06-07T11:24:55,500.0,31.0,S
2021-06-07T11:24:49,1500.0,31.0,S
2021-06-07T11:24:43,3900.0,31.1,S
2021-06-07T11:24:32,400.0,31.0,S
2021-06-07T11:24:32,300.0,31.0,S
2021-06-07T11:24:28,600.0,31.05,S
2021-06-07T11:24:18,200.0,31.05,S
2021-06-07T11:24:17,300.0,31.05,S
2021-06-07T11:24:15,5000.0,31.0,S
2021-06-07T11:24:07,500.0,31.05,S
2021-06-07T11:24:06,200.0,31.05,S
2021-06-07T11:24:05,100.0,31.0,S
2021-06-07T11:24:01,100.0,31.0,S
2021-06-07T11:24:00,500.0,31.0,S
2021-06-07T11:23:56,600.0,31.0,S
2021-06-07T11:23:52,100.0,31.0,S
2021-06-07T11:23:52,1000.0,31.0,S
2021-06-07T11:23:49,300.0,31.05,S
2021-06-07T11:23:42,5000.0,31.0,S
2021-06-07T11:23:19,100.0,31.0,S
2021-06-07T11:23:18,1800.0,31.0,S
2021-06-07T11:23:14,700.0,31.0,S
2021-06-07T11:23:14,1900.0,31.0,S
2021-06-07T11:23:14,1600.0,31.0,S
2021-06-07T11:23:13,1500.0,31.0,S
2021-06-07T11:23:12,500.0,31.2,S
2021-06-07T11:23:11,100.0,31.4,S
2021-06-07T11:23:07,3000.0,31.0,S
2021-06-07T11:23:06,3000.0,31.4,S
2021-06-07T11:23:05,200.0,31.1,S
2021-06-07T11:23:03,2100.0,31.1,S
2021-06-07T11:22:54,200.0,31.0,S
2021-06-07T11:22:52,500.0,31.0,S
2021-06-07T11:22:50,300.0,31.0,S
2021-06-07T11:22:48,1000.0,31.0,S
2021-06-07T11:22:40,3000.0,31.0,S
2021-06-07T11:22:39,3000.0,31.0,S
2021-06-07T11:22:36,100.0,31.0,S
2021-06-07T11:22:32,500.0,31.0,S
2021-06-07T11:22:25,200.0,31.4,S
2021-06-07T11:22:19,1000.0,31.0,S
2021-06-07T11:22:18,5000.0,31.0,S
2021-06-07T11:22:16,800.0,31.0,S
2021-06-07T11:22:07,1000.0,31.0,S
2021-06-07T11:22:07,100.0,31.4,S
2021-06-07T11:22:03,500.0,31.0,S
2021-06-07T11:21:56,1000.0,31.0,S
2021-06-07T11:21:43,3000.0,31.0,S
2021-06-07T11:21:38,500.0,31.45,S
2021-06-07T11:21:33,3000.0,31.0,S
2021-06-07T11:21:32,1000.0,31.5,B
2021-06-07T11:21:22,1000.0,31.0,S
2021-06-07T11:21:15,100.0,31.0,S
2021-06-07T11:21:14,100.0,31.0,S
2021-06-07T11:21:09,300.0,31.5,B
2021-06-07T11:21:08,1000.0,31.05,S
2021-06-07T11:21:05,600.0,31.0,S
2021-06-07T11:21:03,500.0,31.0,S
2021-06-07T11:21:00,500.0,31.0,S
2021-06-07T11:20:54,800.0,31.0,S
2021-06-07T11:20:45,100.0,31.5,B
2021-06-07T11:20:42,200.0,31.0,S
2021-06-07T11:20:40,300.0,31.0,S
2021-06-07T11:20:36,200.0,31.5,B
2021-06-07T11:20:32,200.0,31.5,B
2021-06-07T11:20:28,400.0,30.7,S
2021-06-07T11:20:27,1000.0,30.7,S
2021-06-07T11:20:23,8700.0,30.7,S
2021-06-07T11:20:23,3000.0,30.6,S
2021-06-07T11:20:23,800.0,30.6,S
2021-06-07T11:20:23,8500.0,30.6,S
2021-06-07T11:20:20,100.0,30.7,S
2021-06-07T11:20:18,3000.0,31.5,B
2021-06-07T11:20:18,700.0,30.6,S
2021-06-07T11:20:18,1200.0,30.6,S
2021-06-07T11:20:18,2000.0,30.6,S
2021-06-07T11:20:18,2100.0,30.7,S
2021-06-07T11:20:17,100.0,30.7,S
2021-06-07T11:20:17,4500.0,30.7,S
2021-06-07T11:20:17,2500.0,30.8,S
2021-06-07T11:20:17,1900.0,31.0,S
2021-06-07T11:20:15,300.0,31.0,S
2021-06-07T11:20:15,700.0,31.1,S
2021-06-07T11:20:14,100.0,31.1,S
2021-06-07T11:20:10,800.0,31.0,S
2021-06-07T11:20:06,100.0,31.0,S
2021-06-07T11:20:06,800.0,31.1,S
2021-06-07T11:20:05,600.0,31.1,S
2021-06-07T11:20:00,15000.0,30.7,S
2021-06-07T11:19:52,100.0,31.0,S
2021-06-07T11:19:41,1000.0,30.8,S
2021-06-07T11:19:38,5000.0,30.8,S
2021-06-07T11:19:31,10500.0,30.8,S
2021-06-07T11:19:20,1000.0,31.0,S
2021-06-07T11:19:19,200.0,31.0,S
2021-06-07T11:19:17,1500.0,31.0,S
2021-06-07T11:19:12,100.0,31.0,S
2021-06-07T11:19:11,900.0,31.0,S
2021-06-07T11:19:10,1000.0,31.0,S
2021-06-07T11:19:09,500.0,31.0,S
2021-06-07T11:19:09,800.0,31.0,S
2021-06-07T11:19:07,700.0,31.0,S
2021-06-07T11:19:07,100.0,31.0,S
2021-06-07T11:19:03,200.0,31.0,S
2021-06-07T11:19:00,1000.0,31.0,S
2021-06-07T11:18:53,500.0,31.05,S
2021-06-07T11:18:51,1000.0,31.05,S
2021-06-07T11:18:48,200.0,31.1,S
2021-06-07T11:18:45,1000.0,31.05,S
2021-06-07T11:18:30,3000.0,31.05,S
2021-06-07T11:18:29,200.0,31.05,S
2021-06-07T11:18:16,2000.0,31.05,S
2021-06-07T11:18:13,2000.0,31.05,S
2021-06-07T11:18:08,3000.0,30.9,S
2021-06-07T11:18:06,100.0,31.0,S
2021-06-07T11:18:06,4200.0,31.0,S
2021-06-07T11:18:06,10800.0,31.0,S
2021-06-07T11:17:57,300.0,31.1,S
2021-06-07T11:17:57,2200.0,31.0,S
2021-06-07T11:17:57,2800.0,31.0,S
2021-06-07T11:17:55,2000.0,31.0,S
2021-06-07T11:17:49,3000.0,31.0,S
2021-06-07T11:17:49,100.0,31.0,S
2021-06-07T11:17:48,300.0,31.0,S
2021-06-07T11:17:46,100.0,31.1,S
2021-06-07T11:17:46,1000.0,31.0,S
2021-06-07T11:17:45,2000.0,31.5,B
2021-06-07T11:17:40,800.0,31.0,S
2021-06-07T11:17:40,1500.0,31.0,S
2021-06-07T11:17:39,7700.0,31.0,S
2021-06-07T11:17:37,1500.0,31.5,B
2021-06-07T11:17:35,2000.0,31.0,S
2021-06-07T11:17:35,20000.0,31.0,S
2021-06-07T11:17:34,100.0,31.0,S
2021-06-07T11:17:34,400.0,31.0,S
2021-06-07T11:17:34,3500.0,31.0,S
2021-06-07T11:17:33,4000.0,31.0,S
2021-06-07T11:17:26,1000.0,31.0,S
2021-06-07T11:17:19,2600.0,31.0,S
2021-06-07T11:17:19,3900.0,31.0,S
2021-06-07T11:17:17,100.0,31.0,S
2021-06-07T11:17:17,200.0,31.2,S
2021-06-07T11:17:15,20000.0,31.0,S
2021-06-07T11:17:07,200.0,31.2,S
2021-06-07T11:16:57,500.0,31.0,S
2021-06-07T11:16:43,500.0,31.0,S
2021-06-07T11:16:42,1000.0,31.0,S
2021-06-07T11:16:27,5000.0,31.0,S
2021-06-07T11:16:17,300.0,31.0,S
2021-06-07T11:16:13,10000.0,31.0,S
2021-06-07T11:16:13,12000.0,31.1,S
2021-06-07T11:16:09,1500.0,31.5,B
2021-06-07T11:16:08,500.0,31.5,B
2021-06-07T11:16:01,1800.0,31.0,S
2021-06-07T11:16:00,500.0,31.0,S
2021-06-07T11:15:49,500.0,31.5,B
2021-06-07T11:15:49,500.0,31.5,B
2021-06-07T11:15:38,1200.0,31.0,S
2021-06-07T11:15:32,10000.0,31.0,S
2021-06-07T11:15:30,500.0,31.2,S
2021-06-07T11:15:27,2000.0,31.5,B
2021-06-07T11:15:22,400.0,31.3,S
2021-06-07T11:15:19,100.0,31.4,B
2021-06-07T11:15:16,1400.0,31.2,S
2021-06-07T11:15:11,1000.0,31.2,S
2021-06-07T11:15:09,1000.0,31.2,S
2021-06-07T11:15:02,2800.0,31.1,S
2021-06-07T11:15:02,300.0,31.1,S
2021-06-07T11:15:00,8000.0,31.0,S
2021-06-07T11:15:00,500.0,31.05,S
2021-06-07T11:14:53,100.0,31.1,S
2021-06-07T11:14:41,500.0,31.0,S
2021-06-07T11:14:35,400.0,31.1,S
2021-06-07T11:14:31,500.0,31.0,S
2021-06-07T11:14:23,600.0,31.0,S
2021-06-07T11:14:18,800.0,31.1,S
2021-06-07T11:14:14,300.0,31.0,S
2021-06-07T11:14:02,2200.0,31.0,S
2021-06-07T11:13:58,1200.0,31.0,S
2021-06-07T11:13:51,200.0,31.0,S
2021-06-07T11:13:46,1000.0,31.1,S
2021-06-07T11:13:45,100.0,31.1,S
2021-06-07T11:13:38,200.0,31.1,S
2021-06-07T11:13:38,100.0,31.1,S
2021-06-07T11:13:23,1000.0,31.0,S
2021-06-07T11:13:17,1000.0,31.5,B
2021-06-07T11:13:14,6000.0,31.0,S
2021-06-07T11:13:11,500.0,31.0,S
2021-06-07T11:13:11,500.0,31.0,S
2021-06-07T11:13:05,200.0,31.2,S
2021-06-07T11:13:04,10000.0,31.5,B
2021-06-07T11:12:55,500.0,31.4,B
2021-06-07T11:12:48,900.0,30.8,S
2021-06-07T11:12:48,100.0,31.4,B
2021-06-07T11:12:47,300.0,31.4,B
2021-06-07T11:12:43,100.0,31.2,S
2021-06-07T11:12:33,800.0,31.0,B
2021-06-07T11:12:28,11000.0,30.6,S
2021-06-07T11:12:22,100.0,31.0,B
2021-06-07T11:12:21,1000.0,31.0,B
2021-06-07T11:12:18,20000.0,30.6,S
2021-06-07T11:12:15,500.0,31.0,B
2021-06-07T11:12:12,500.0,30.6,S
2021-06-07T11:12:11,100.0,30.6,S
2021-06-07T11:12:11,2600.0,30.6,S
2021-06-07T11:12:11,11800.0,30.6,S
2021-06-07T11:12:11,300.0,30.7,S
2021-06-07T11:12:10,500.0,31.0,B
2021-06-07T11:12:07,1000.0,30.7,S
2021-06-07T11:12:05,500.0,31.0,B
2021-06-07T11:11:58,2000.0,30.7,S
2021-06-07T11:11:58,8000.0,30.7,S
2021-06-07T11:11:56,1000.0,30.7,S
2021-06-07T11:11:49,1000.0,31.0,B
2021-06-07T11:11:37,100.0,30.6,S
2021-06-07T11:11:37,1500.0,30.6,S
2021-06-07T11:11:37,400.0,30.6,S
2021-06-07T11:11:28,1100.0,30.6,S
2021-06-07T11:11:28,900.0,30.6,S
2021-06-07T11:11:28,400.0,30.6,S
2021-06-07T11:11:28,2000.0,30.6,S
2021-06-07T11:11:28,10600.0,30.6,S
2021-06-07T11:11:27,9000.0,30.6,S
2021-06-07T11:11:22,100.0,30.6,S
2021-06-07T11:11:18,1700.0,30.6,S
2021-06-07T11:11:06,3000.0,30.6,S
2021-06-07T11:11:06,100.0,30.6,S
2021-06-07T11:11:06,4100.0,30.6,S
2021-06-07T11:11:02,3700.0,30.6,S
2021-06-07T11:11:02,200.0,30.65,S
2021-06-07T11:11:02,100.0,30.7,S
2021-06-07T11:11:00,100.0,31.5,B
2021-06-07T11:10:57,2500.0,30.9,S
2021-06-07T11:10:51,1000.0,31.4,B
2021-06-07T11:10:50,800.0,30.6,S
2021-06-07T11:10:47,7600.0,30.6,S
2021-06-07T11:10:47,500.0,30.6,S
2021-06-07T11:10:47,5200.0,30.6,S
2021-06-07T11:10:47,18600.0,30.6,S
2021-06-07T11:10:47,1800.0,30.6,S
2021-06-07T11:10:47,2800.0,30.6,S
2021-06-07T11:10:47,6900.0,30.6,S
2021-06-07T11:10:47,5200.0,30.6,S
2021-06-07T11:10:46,200.0,30.6,S
2021-06-07T11:10:46,100.0,30.6,S
2021-06-07T11:10:45,300.0,30.6,S
2021-06-07T11:10:45,200.0,30.6,S
2021-06-07T11:10:44,2000.0,30.6,S
2021-06-07T11:10:38,1500.0,30.6,S
2021-06-07T11:10:33,1000.0,30.6,S
2021-06-07T11:10:30,100.0,31.4,B
2021-06-07T11:10:28,2500.0,30.6,S
2021-06-07T11:10:24,1300.0,31.4,B
2021-06-07T11:10:23,5000.0,30.6,S
2021-06-07T11:10:20,6500.0,30.6,S
2021-06-07T11:10:19,200.0,31.0,B
2021-06-07T11:10:09,300.0,30.65,S
2021-06-07T11:09:56,1200.0,30.65,S
2021-06-07T11:09:55,8800.0,30.7,S
2021-06-07T11:09:54,100.0,31.0,B
2021-06-07T11:09:27,200.0,31.6,B
2021-06-07T11:09:19,5000.0,30.7,S
2021-06-07T11:09:19,600.0,31.0,B
2021-06-07T11:09:15,3400.0,30.7,S
2021-06-07T11:09:07,100.0,31.6,B
2021-06-07T11:09:04,7000.0,31.6,B
2021-06-07T11:09:00,300.0,31.4,B
2021-06-07T11:08:54,400.0,31.5,B
2021-06-07T11:08:48,100.0,31.0,B
2021-06-07T11:08:38,1900.0,30.6,S
2021-06-07T11:08:38,200.0,30.6,S
2021-06-07T11:08:37,1200.0,30.6,S
2021-06-07T11:08:37,6700.0,30.65,S
2021-06-07T11:08:35,500.0,30.8,S
2021-06-07T11:08:33,100.0,31.5,B
2021-06-07T11:08:32,1000.0,31.5,B
2021-06-07T11:08:27,1200.0,31.5,B
2021-06-07T11:08:27,1300.0,31.5,B
2021-06-07T11:08:22,100.0,31.0,B
2021-06-07T11:08:21,500.0,31.0,B
2021-06-07T11:08:13,100.0,31.5,B
2021-06-07T11:08:01,9000.0,30.6,S
2021-06-07T11:07:50,100.0,31.0,B
2021-06-07T11:07:43,1100.0,31.0,B
2021-06-07T11:07:42,200.0,31.5,B
2021-06-07T11:07:30,600.0,30.6,S
2021-06-07T11:07:28,2000.0,30.6,S
2021-06-07T11:07:28,5000.0,31.5,B
2021-06-07T11:07:23,1000.0,31.0,B
2021-06-07T11:07:21,100.0,31.0,B
2021-06-07T11:07:20,5000.0,30.6,S
2021-06-07T11:07:16,7200.0,31.0,B
2021-06-07T11:07:15,100.0,30.6,S
2021-06-07T11:07:14,3000.0,31.0,B
2021-06-07T11:07:02,3000.0,31.0,B
2021-06-07T11:06:56,600.0,31.0,B
2021-06-07T11:06:47,100.0,31.0,B
2021-06-07T11:06:42,2000.0,31.0,B
2021-06-07T11:06:25,800.0,30.5,S
2021-06-07T11:06:23,1500.0,30.6,S
2021-06-07T11:06:21,100.0,30.6,S
2021-06-07T11:06:21,1000.0,31.0,B
2021-06-07T11:06:20,500.0,31.0,B
2021-06-07T11:06:13,7400.0,30.6,S
2021-06-07T11:06:05,200.0,31.0,B
2021-06-07T11:05:59,200.0,30.6,S
2021-06-07T11:05:58,1500.0,30.6,S
2021-06-07T11:05:51,2700.0,30.6,S
2021-06-07T11:05:48,100.0,31.0,B
2021-06-07T11:05:48,100.0,30.6,S
2021-06-07T11:05:35,100.0,31.0,B
2021-06-07T11:05:30,1000.0,31.0,B
2021-06-07T11:05:27,500.0,31.0,B
2021-06-07T11:05:25,700.0,31.0,B
2021-06-07T11:05:18,1000.0,30.6,S
2021-06-07T11:05:13,500.0,30.6,S
2021-06-07T11:05:00,100.0,31.0,B
2021-06-07T11:05:00,500.0,31.0,B
2021-06-07T11:05:00,10800.0,30.5,S
2021-06-07T11:04:59,1200.0,30.6,S
2021-06-07T11:04:58,500.0,31.0,S
2021-06-07T11:04:54,1000.0,31.0,S
2021-06-07T11:04:51,600.0,31.0,S
2021-06-07T11:04:48,100.0,31.0,S
2021-06-07T11:04:42,31100.0,30.5,S
2021-06-07T11:04:42,33800.0,30.5,S
2021-06-07T11:04:42,3000.0,30.6,S
2021-06-07T11:04:42,15300.0,30.6,S
2021-06-07T11:04:42,4000.0,30.6,S
2021-06-07T11:04:42,7300.0,30.7,S
2021-06-07T11:04:38,200.0,31.0,S
2021-06-07T11:04:38,4300.0,30.8,S
2021-06-07T11:04:37,13000.0,31.0,S
2021-06-07T11:04:37,1000.0,31.0,S
2021-06-07T11:04:36,4500.0,31.0,S
2021-06-07T11:04:28,2000.0,31.0,S
2021-06-07T11:04:22,300.0,31.6,S
2021-06-07T11:04:18,3000.0,31.6,S
2021-06-07T11:04:17,30000.0,31.0,S
2021-06-07T11:04:11,200.0,31.0,S
2021-06-07T11:04:09,2000.0,31.0,S
2021-06-07T11:04:05,200.0,31.6,S
2021-06-07T11:03:56,100.0,31.6,S
2021-06-07T11:03:52,500.0,31.6,S
2021-06-07T11:03:52,100.0,31.6,S
2021-06-07T11:03:44,4000.0,31.6,S
2021-06-07T11:03:42,4000.0,31.0,S
2021-06-07T11:03:38,5000.0,31.0,S
2021-06-07T11:03:35,4300.0,31.0,S
2021-06-07T11:03:28,500.0,31.5,S
2021-06-07T11:03:27,700.0,31.0,S
2021-06-07T11:03:25,1000.0,31.5,S
2021-06-07T11:03:20,4500.0,31.0,S
2021-06-07T11:03:19,500.0,31.5,S
2021-06-07T11:03:18,1000.0,31.5,S
2021-06-07T11:03:01,100.0,31.5,S
2021-06-07T11:02:58,100.0,31.5,S
2021-06-07T11:02:56,200.0,31.5,S
2021-06-07T11:02:49,700.0,31.0,S
2021-06-07T11:02:49,5600.0,31.0,S
2021-06-07T11:02:49,500.0,31.0,S
2021-06-07T11:02:49,5600.0,31.0,S
2021-06-07T11:02:49,1400.0,31.0,S
2021-06-07T11:02:49,5700.0,31.0,S
2021-06-07T11:02:49,11000.0,31.0,S
2021-06-07T11:02:48,9500.0,31.0,S
2021-06-07T11:02:48,200.0,31.0,S
2021-06-07T11:02:46,1600.0,31.0,S
2021-06-07T11:02:46,8400.0,31.0,S
2021-06-07T11:02:46,1200.0,31.0,S
2021-06-07T11:02:42,200.0,31.5,S
2021-06-07T11:02:42,300.0,31.0,S
2021-06-07T11:02:42,700.0,31.0,S
2021-06-07T11:02:30,400.0,31.0,S
2021-06-07T11:02:30,300.0,31.0,S
2021-06-07T11:02:27,500.0,31.1,S
2021-06-07T11:02:24,100.0,31.5,S
2021-06-07T11:02:19,100.0,31.5,S
2021-06-07T11:02:15,200.0,31.5,S
2021-06-07T11:02:11,5000.0,31.0,S
2021-06-07T11:02:07,9000.0,31.0,S
2021-06-07T11:02:06,18000.0,31.1,S
2021-06-07T11:02:01,500.0,31.6,S
2021-06-07T11:01:48,300.0,31.5,S
2021-06-07T11:01:48,200.0,31.5,S
2021-06-07T11:01:46,100.0,31.6,S
2021-06-07T11:01:40,100.0,31.6,S
2021-06-07T11:01:36,100.0,31.6,S
2021-06-07T11:01:23,1100.0,31.1,S
2021-06-07T11:01:22,400.0,31.1,S
2021-06-07T11:01:22,200.0,31.3,S
2021-06-07T11:01:22,200.0,31.5,S
2021-06-07T11:01:17,200.0,31.5,S
2021-06-07T11:01:15,1000.0,31.0,S
2021-06-07T11:01:09,200.0,31.5,S
2021-06-07T11:01:07,500.0,31.6,S
2021-06-07T11:01:05,200.0,31.6,S
2021-06-07T11:01:04,5000.0,31.0,S
2021-06-07T11:00:57,1400.0,31.1,S
2021-06-07T11:00:55,800.0,31.0,S
2021-06-07T11:00:54,4400.0,31.0,S
2021-06-07T11:00:47,1000.0,31.6,S
2021-06-07T11:00:46,1300.0,31.0,S
2021-06-07T11:00:43,20000.0,31.6,S
2021-06-07T11:00:41,6400.0,31.0,S
2021-06-07T11:00:38,300.0,31.6,S
2021-06-07T11:00:37,1000.0,31.6,S
2021-06-07T11:00:37,200.0,31.6,S
2021-06-07T11:00:37,1000.0,31.05,S
2021-06-07T11:00:30,300.0,31.6,S
2021-06-07T11:00:22,100.0,31.05,S
2021-06-07T11:00:20,4000.0,31.0,S
2021-06-07T11:00:19,500.0,31.0,S
2021-06-07T11:00:14,1100.0,31.5,S
2021-06-07T11:00:13,500.0,31.8,S
2021-06-07T11:00:04,100.0,31.9,S
2021-06-07T11:00:01,3500.0,30.5,S
2021-06-07T11:00:00,1000.0,30.5,S
2021-06-07T11:00:00,5500.0,30.5,S
2021-06-07T11:00:00,1300.0,30.5,S
2021-06-07T11:00:00,6000.0,30.6,S
2021-06-07T10:59:59,1200.0,31.1,S
2021-06-07T10:59:58,1900.0,31.5,S
2021-06-07T10:59:58,2700.0,31.6,S
2021-06-07T10:59:48,700.0,30.6,S
2021-06-07T10:59:42,300.0,30.6,S
2021-06-07T10:59:40,17000.0,30.6,S
2021-06-07T10:59:38,36000.0,31.5,S
2021-06-07T10:59:37,5000.0,31.5,S
2021-06-07T10:59:36,2400.0,31.5,S
2021-06-07T10:59:36,600.0,31.5,S
2021-06-07T10:59:36,2300.0,31.5,S
2021-06-07T10:59:36,100.0,31.8,S
2021-06-07T10:59:33,200.0,31.9,S
2021-06-07T10:59:30,3000.0,31.9,S
2021-06-07T10:59:28,200.0,31.85,S
2021-06-07T10:59:24,2000.0,30.6,S
2021-06-07T10:59:17,5000.0,31.9,S
2021-06-07T10:59:14,1000.0,30.5,S
2021-06-07T10:59:08,2000.0,31.9,S
2021-06-07T10:59:02,2000.0,30.5,S
2021-06-07T10:59:00,12500.0,30.5,S
2021-06-07T10:58:59,200.0,31.6,S
2021-06-07T10:58:56,100.0,31.6,S
2021-06-07T10:58:52,2000.0,30.6,S
2021-06-07T10:58:47,1000.0,31.6,S
2021-06-07T10:58:44,3000.0,30.5,S
2021-06-07T10:58:40,1000.0,31.6,S
2021-06-07T10:58:39,200.0,31.6,S
2021-06-07T10:58:39,2400.0,30.6,S
2021-06-07T10:58:35,1000.0,31.6,S
2021-06-07T10:58:27,1000.0,31.6,S
2021-06-07T10:58:27,1000.0,30.6,S
2021-06-07T10:58:22,2000.0,31.6,S
2021-06-07T10:58:19,1500.0,30.6,S
2021-06-07T10:58:10,1400.0,30.6,S
2021-06-07T10:58:09,100.0,31.6,S
2021-06-07T10:58:05,100.0,31.6,S
2021-06-07T10:57:57,200.0,32.0,B
2021-06-07T10:57:57,7000.0,30.6,S
2021-06-07T10:57:53,3600.0,30.6,S
2021-06-07T10:57:52,1000.0,30.6,S
2021-06-07T10:57:52,1000.0,32.0,B
2021-06-07T10:57:50,2000.0,32.0,B
2021-06-07T10:57:50,100.0,32.0,B
2021-06-07T10:57:48,600.0,30.6,S
2021-06-07T10:57:41,1000.0,32.0,B
2021-06-07T10:57:40,1100.0,30.6,S
2021-06-07T10:57:37,1200.0,30.6,S
2021-06-07T10:57:36,3000.0,32.0,B
2021-06-07T10:57:36,100.0,32.0,B
2021-06-07T10:57:36,200.0,32.0,B
2021-06-07T10:57:35,2000.0,30.5,S
2021-06-07T10:57:35,500.0,31.9,S
2021-06-07T10:57:22,1000.0,32.0,B
2021-06-07T10:57:19,6400.0,30.5,S
2021-06-07T10:57:18,5000.0,30.6,S
2021-06-07T10:57:16,3000.0,30.5,S
2021-06-07T10:57:16,400.0,30.5,S
2021-06-07T10:57:09,1000.0,30.5,S
2021-06-07T10:57:08,200.0,32.0,B
2021-06-07T10:57:08,1000.0,32.0,B
2021-06-07T10:57:04,1300.0,30.5,S
2021-06-07T10:57:04,13700.0,30.5,S
2021-06-07T10:57:01,2000.0,32.0,B
2021-06-07T10:56:56,400.0,32.0,B
2021-06-07T10:56:56,1600.0,30.5,S
2021-06-07T10:56:54,600.0,32.0,B
2021-06-07T10:56:53,5000.0,30.5,S
2021-06-07T10:56:50,300.0,32.0,B
2021-06-07T10:56:48,1000.0,32.0,B
2021-06-07T10:56:45,1000.0,31.9,S
2021-06-07T10:56:39,300.0,30.5,S
2021-06-07T10:56:34,100.0,32.0,B
2021-06-07T10:56:34,200.0,32.0,B
2021-06-07T10:56:34,8700.0,30.5,S
2021-06-07T10:56:34,10000.0,30.5,S
2021-06-07T10:56:34,3000.0,30.5,S
2021-06-07T10:56:34,11000.0,30.5,S
2021-06-07T10:56:33,40100.0,30.5,S
2021-06-07T10:56:32,100.0,30.6,S
2021-06-07T10:56:28,2000.0,30.6,S
2021-06-07T10:56:27,1000.0,32.0,B
2021-06-07T10:56:23,200.0,32.0,B
2021-06-07T10:56:22,500.0,32.0,B
2021-06-07T10:56:21,3000.0,30.6,S
2021-06-07T10:56:20,500.0,31.0,S
2021-06-07T10:56:15,1800.0,31.0,S
2021-06-07T10:56:13,2400.0,31.0,S
2021-06-07T10:56:12,2000.0,31.0,S
2021-06-07T10:56:10,1000.0,31.5,S
2021-06-07T10:56:07,300.0,32.0,B
2021-06-07T10:56:01,1100.0,32.0,B
2021-06-07T10:55:53,500.0,32.0,S
2021-06-07T10:55:45,1500.0,31.0,S
2021-06-07T10:55:35,500.0,32.0,S
2021-06-07T10:55:23,100.0,32.0,S
2021-06-07T10:55:22,2000.0,30.6,S
2021-06-07T10:55:22,1000.0,32.0,S
2021-06-07T10:55:20,100.0,32.0,S
2021-06-07T10:55:15,6400.0,30.4,S
2021-06-07T10:55:15,13600.0,30.4,S
2021-06-07T10:55:13,4000.0,30.4,S
2021-06-07T10:55:13,13700.0,30.4,S
2021-06-07T10:55:13,200.0,30.4,S
2021-06-07T10:55:13,6500.0,30.4,S
2021-06-07T10:55:13,100.0,30.45,S
2021-06-07T10:55:13,5100.0,30.45,S
2021-06-07T10:55:13,5200.0,30.45,S
2021-06-07T10:55:12,13200.0,30.5,S
2021-06-07T10:55:10,1200.0,32.0,S
2021-06-07T10:55:06,100.0,32.0,S
2021-06-07T10:55:05,4400.0,32.0,S
2021-06-07T10:55:01,100.0,31.9,S
2021-06-07T10:54:57,1000.0,31.9,S
2021-06-07T10:54:50,300.0,31.9,S
2021-06-07T10:54:40,1000.0,30.5,S
2021-06-07T10:54:39,6800.0,30.5,S
2021-06-07T10:54:39,3200.0,30.5,S
2021-06-07T10:54:28,15000.0,30.5,S
2021-06-07T10:54:26,1000.0,30.5,S
2021-06-07T10:54:26,100.0,31.9,S
2021-06-07T10:54:22,100.0,32.0,S
2021-06-07T10:54:22,3000.0,30.5,S
2021-06-07T10:54:22,1900.0,32.0,S
2021-06-07T10:54:21,400.0,32.0,S
2021-06-07T10:54:19,5000.0,30.5,S
2021-06-07T10:54:14,5000.0,32.0,S
2021-06-07T10:54:09,200.0,32.0,S
2021-06-07T10:54:02,100.0,32.0,S
2021-06-07T10:54:00,100.0,31.2,S
2021-06-07T10:53:56,300.0,31.2,S
2021-06-07T10:53:55,12000.0,30.4,S
2021-06-07T10:53:51,1000.0,30.5,S
2021-06-07T10:53:51,400.0,32.0,S
2021-06-07T10:53:47,1300.0,30.4,S
2021-06-07T10:53:44,1000.0,30.4,S
2021-06-07T10:53:43,2200.0,30.4,S
2021-06-07T10:53:41,5000.0,30.4,S
2021-06-07T10:53:40,500.0,32.0,S
2021-06-07T10:53:39,200.0,32.0,S
2021-06-07T10:53:28,100.0,32.0,S
2021-06-07T10:53:26,100.0,30.4,S
2021-06-07T10:53:24,200.0,32.0,S
2021-06-07T10:53:22,600.0,32.0,S
2021-06-07T10:53:22,1200.0,30.4,S
2021-06-07T10:53:16,2900.0,30.4,S
2021-06-07T10:53:15,2100.0,30.4,S
2021-06-07T10:53:12,200.0,32.0,S
2021-06-07T10:53:09,100.0,32.0,S
2021-06-07T10:53:09,200.0,32.0,S
2021-06-07T10:53:01,800.0,32.0,S
2021-06-07T10:53:01,2000.0,30.45,S
2021-06-07T10:52:56,500.0,30.45,S
2021-06-07T10:52:54,200.0,30.45,S
2021-06-07T10:52:49,1800.0,30.5,S
2021-06-07T10:52:46,100.0,32.0,S
2021-06-07T10:52:45,5000.0,32.0,S
2021-06-07T10:52:42,4000.0,30.4,S
2021-06-07T10:52:42,1900.0,30.4,S
2021-06-07T10:52:42,200.0,30.4,S
2021-06-07T10:52:40,1000.0,30.4,S
2021-06-07T10:52:40,3000.0,30.4,S
2021-06-07T10:52:39,500.0,30.4,S
2021-06-07T10:52:39,500.0,30.4,S
2021-06-07T10:52:28,100.0,30.4,S
2021-06-07T10:52:27,500.0,30.4,S
2021-06-07T10:52:26,600.0,30.4,S
2021-06-07T10:52:25,100.0,30.4,S
2021-06-07T10:52:23,100.0,30.4,S
2021-06-07T10:52:23,400.0,30.4,S
2021-06-07T10:52:20,4000.0,30.4,S
2021-06-07T10:52:14,1000.0,30.4,S
2021-06-07T10:52:10,2100.0,30.4,S
2021-06-07T10:52:08,100.0,32.0,S
2021-06-07T10:52:01,600.0,30.4,S
2021-06-07T10:52:00,300.0,30.4,S
2021-06-07T10:51:59,500.0,30.4,S
2021-06-07T10:51:59,6800.0,30.4,S
2021-06-07T10:51:59,300.0,30.5,S
2021-06-07T10:51:59,200.0,30.55,S
2021-06-07T10:51:59,500.0,30.65,S
2021-06-07T10:51:59,5100.0,30.7,S
2021-06-07T10:51:59,200.0,30.9,S
2021-06-07T10:51:59,1600.0,31.0,S
2021-06-07T10:51:57,400.0,31.0,S
2021-06-07T10:51:57,2000.0,31.0,S
2021-06-07T10:51:49,500.0,32.0,S
2021-06-07T10:51:40,1000.0,32.3,S
2021-06-07T10:51:31,300.0,32.0,S
2021-06-07T10:51:29,500.0,32.0,S
2021-06-07T10:51:27,400.0,32.3,S
2021-06-07T10:51:25,400.0,32.0,S
2021-06-07T10:51:22,2000.0,31.0,S
2021-06-07T10:51:20,1000.0,32.3,S
2021-06-07T10:51:14,300.0,31.0,S
2021-06-07T10:51:13,1200.0,31.5,S
2021-06-07T10:50:57,1000.0,31.0,S
2021-06-07T10:50:56,2500.0,31.0,S
2021-06-07T10:50:55,300.0,31.9,S
2021-06-07T10:50:53,500.0,32.3,S
2021-06-07T10:50:50,30000.0,32.3,S
2021-06-07T10:50:50,100.0,32.0,S
2021-06-07T10:50:50,2000.0,32.0,S
2021-06-07T10:50:42,100.0,32.0,S
2021-06-07T10:50:40,500.0,32.0,S
2021-06-07T10:50:39,1200.0,32.0,S
2021-06-07T10:50:39,20000.0,32.0,S
2021-06-07T10:50:36,2000.0,31.0,S
2021-06-07T10:50:31,200.0,32.0,S
2021-06-07T10:50:31,1800.0,31.0,S
2021-06-07T10:50:31,200.0,31.0,S
2021-06-07T10:50:27,100.0,32.0,S
2021-06-07T10:50:26,600.0,31.0,S
2021-06-07T10:50:19,100.0,32.0,S
2021-06-07T10:50:16,100.0,32.0,S
2021-06-07T10:50:15,200.0,32.0,S
2021-06-07T10:50:12,500.0,32.0,S
2021-06-07T10:50:12,400.0,31.0,S
2021-06-07T10:50:12,1600.0,31.0,S
2021-06-07T10:50:08,1900.0,31.0,S
2021-06-07T10:50:08,2100.0,31.1,S
2021-06-07T10:50:07,5000.0,31.3,S
2021-06-07T10:50:05,700.0,31.5,S
2021-06-07T10:50:04,200.0,31.5,S
2021-06-07T10:50:04,9800.0,31.5,S
2021-06-07T10:50:02,100.0,32.0,S
2021-06-07T10:50:02,100.0,32.0,S
2021-06-07T10:49:48,500.0,32.0,S
2021-06-07T10:49:48,200.0,32.0,S
2021-06-07T10:49:48,1000.0,31.6,S
2021-06-07T10:49:45,700.0,31.6,S
2021-06-07T10:49:45,1400.0,31.6,S
2021-06-07T10:49:45,800.0,31.9,S
2021-06-07T10:49:45,500.0,31.9,S
2021-06-07T10:49:45,600.0,31.9,S
2021-06-07T10:49:42,1000.0,32.0,S
2021-06-07T10:49:40,500.0,31.95,S
2021-06-07T10:49:39,2300.0,32.0,S
2021-06-07T10:49:39,1300.0,32.0,S
2021-06-07T10:49:28,600.0,32.0,S
2021-06-07T10:49:26,100.0,32.0,S
2021-06-07T10:49:24,2000.0,32.0,S
2021-06-07T10:49:21,2400.0,32.0,S
2021-06-07T10:49:17,600.0,32.0,S
2021-06-07T10:49:13,10000.0,32.0,S
2021-06-07T10:49:06,100.0,32.3,S
2021-06-07T10:49:06,100.0,32.2,S
2021-06-07T10:49:05,7000.0,32.0,S
2021-06-07T10:49:02,300.0,32.0,S
2021-06-07T10:49:01,100.0,32.2,S
2021-06-07T10:48:56,200.0,32.0,S
2021-06-07T10:48:52,200.0,32.0,S
2021-06-07T10:48:52,1800.0,32.0,S
2021-06-07T10:48:52,100.0,32.0,S
2021-06-07T10:48:52,500.0,32.0,S
2021-06-07T10:48:52,2400.0,32.0,S
2021-06-07T10:48:50,3400.0,32.0,S
2021-06-07T10:48:48,1000.0,32.4,B
2021-06-07T10:48:48,1800.0,32.4,B
2021-06-07T10:48:48,3200.0,32.3,S
2021-06-07T10:48:43,500.0,32.3,S
2021-06-07T10:48:43,5000.0,32.1,S
2021-06-07T10:48:41,2000.0,32.3,S
2021-06-07T10:48:40,600.0,32.3,S
2021-06-07T10:48:32,500.0,32.0,S
2021-06-07T10:48:32,1100.0,32.0,S
2021-06-07T10:48:32,1200.0,32.0,S
2021-06-07T10:48:32,2200.0,32.0,S
2021-06-07T10:48:07,2200.0,32.05,S
2021-06-07T10:48:07,2400.0,32.1,S
2021-06-07T10:48:07,200.0,32.1,S
2021-06-07T10:48:07,5200.0,32.15,S
2021-06-07T10:48:06,200.0,32.5,S
2021-06-07T10:48:06,100.0,32.5,S
2021-06-07T10:48:00,100.0,32.5,S
2021-06-07T10:47:58,100.0,32.5,S
2021-06-07T10:47:52,100.0,32.5,S
2021-06-07T10:47:40,500.0,32.5,S
2021-06-07T10:47:39,2100.0,32.2,S
2021-06-07T10:47:35,10000.0,32.2,S
2021-06-07T10:47:21,200.0,32.5,S
2021-06-07T10:47:21,5300.0,32.5,S
2021-06-07T10:47:21,9700.0,32.4,S
2021-06-07T10:47:17,300.0,32.4,S
2021-06-07T10:47:17,2000.0,32.2,S
2021-06-07T10:47:12,2000.0,32.3,S
2021-06-07T10:46:59,1000.0,32.3,S
2021-06-07T10:46:51,2000.0,32.5,S
2021-06-07T10:46:51,100.0,32.5,S
2021-06-07T10:46:48,200.0,32.3,S
2021-06-07T10:46:46,3600.0,32.3,S
2021-06-07T10:46:46,10500.0,32.3,S
2021-06-07T10:46:46,5500.0,32.3,S
2021-06-07T10:46:45,400.0,32.3,S
2021-06-07T10:46:39,100.0,32.3,S
2021-06-07T10:46:39,200.0,32.3,S
2021-06-07T10:46:39,200.0,32.3,S
2021-06-07T10:46:39,1100.0,32.4,S
2021-06-07T10:46:39,5400.0,32.4,S
2021-06-07T10:46:39,1100.0,32.4,S
2021-06-07T10:46:39,900.0,32.4,S
2021-06-07T10:46:39,400.0,32.45,S
2021-06-07T10:46:39,600.0,32.45,S
2021-06-07T10:46:38,700.0,32.5,S
2021-06-07T10:46:38,6200.0,32.5,S
2021-06-07T10:46:38,6000.0,32.5,S
2021-06-07T10:46:38,600.0,32.5,S
2021-06-07T10:46:38,600.0,32.5,S
2021-06-07T10:46:37,5000.0,32.5,S
2021-06-07T10:46:37,1600.0,32.5,S
2021-06-07T10:46:37,2100.0,32.5,S
2021-06-07T10:46:37,1100.0,32.5,S
2021-06-07T10:46:37,2800.0,32.5,S
2021-06-07T10:46:37,200.0,32.5,S
2021-06-07T10:46:37,3700.0,32.5,S
2021-06-07T10:46:36,200.0,32.6,S
2021-06-07T10:46:34,600.0,32.6,S
2021-06-07T10:46:32,1500.0,32.5,S
2021-06-07T10:46:32,300.0,32.6,S
2021-06-07T10:46:24,1800.0,32.5,S
2021-06-07T10:46:24,2600.0,32.5,S
2021-06-07T10:46:24,600.0,32.5,S
2021-06-07T10:46:23,1900.0,32.5,S
2021-06-07T10:46:19,2000.0,32.6,S
2021-06-07T10:46:14,100.0,32.6,S
2021-06-07T10:46:11,5000.0,32.5,S
2021-06-07T10:46:06,5000.0,32.5,S
2021-06-07T10:46:02,300.0,32.5,S
2021-06-07T10:46:01,300.0,32.6,S
2021-06-07T10:45:54,3800.0,32.5,S
2021-06-07T10:45:54,700.0,32.5,S
2021-06-07T10:45:54,1300.0,32.5,S
2021-06-07T10:45:54,3200.0,32.5,S
2021-06-07T10:45:53,100.0,32.6,S
2021-06-07T10:45:50,100.0,32.6,S
2021-06-07T10:45:48,10000.0,32.5,S
2021-06-07T10:45:46,600.0,32.5,S
2021-06-07T10:45:43,100.0,32.5,S
2021-06-07T10:45:43,4300.0,32.5,S
2021-06-07T10:45:40,5000.0,32.6,S
2021-06-07T10:45:34,200.0,32.5,S
2021-06-07T10:45:32,1200.0,32.5,S
2021-06-07T10:45:24,300.0,32.5,S
2021-06-07T10:45:23,100.0,32.55,S
2021-06-07T10:45:22,100.0,32.6,S
2021-06-07T10:45:21,200.0,32.6,S
2021-06-07T10:45:17,100.0,32.6,S
2021-06-07T10:45:14,600.0,32.6,S
2021-06-07T10:45:04,10000.0,32.5,S
2021-06-07T10:44:57,500.0,32.6,S
2021-06-07T10:44:48,3000.0,32.6,S
2021-06-07T10:44:47,5000.0,32.55,S
2021-06-07T10:44:47,400.0,32.55,S
2021-06-07T10:44:42,100.0,32.5,S
2021-06-07T10:44:41,100.0,32.55,S
2021-06-07T10:44:40,200.0,32.55,S
2021-06-07T10:44:33,2000.0,32.5,S
2021-06-07T10:44:32,1000.0,32.55,S
2021-06-07T10:44:28,700.0,32.55,S
2021-06-07T10:44:27,400.0,32.5,S
2021-06-07T10:44:26,100.0,32.55,S
2021-06-07T10:44:26,500.0,32.55,S
2021-06-07T10:44:24,200.0,32.55,S
2021-06-07T10:44:15,400.0,32.55,S
2021-06-07T10:44:15,100.0,32.55,S
2021-06-07T10:44:00,5000.0,32.5,S
2021-06-07T10:43:58,400.0,32.55,S
2021-06-07T10:43:58,200.0,32.6,S
2021-06-07T10:43:46,2000.0,32.6,S
2021-06-07T10:43:37,1000.0,32.6,S
2021-06-07T10:43:34,600.0,32.55,S
2021-06-07T10:43:34,700.0,32.55,S
2021-06-07T10:43:34,1200.0,32.55,S
2021-06-07T10:43:31,1000.0,32.6,S
2021-06-07T10:43:13,200.0,32.6,S
2021-06-07T10:43:11,3700.0,32.65,B
2021-06-07T10:43:11,300.0,32.65,B
2021-06-07T10:43:10,300.0,32.65,B
2021-06-07T10:43:07,800.0,32.55,S
2021-06-07T10:43:03,19900.0,32.65,B
2021-06-07T10:43:03,15000.0,32.6,S
2021-06-07T10:43:03,15100.0,32.6,S
2021-06-07T10:42:49,100.0,32.55,S
2021-06-07T10:42:49,300.0,32.55,S
2021-06-07T10:42:48,1600.0,32.55,S
2021-06-07T10:42:43,2500.0,32.6,S
2021-06-07T10:42:43,500.0,32.6,S
2021-06-07T10:42:38,5000.0,32.55,S
2021-06-07T10:42:34,100.0,32.6,S
2021-06-07T10:42:23,200.0,32.6,S
2021-06-07T10:42:20,500.0,32.6,S
2021-06-07T10:42:09,200.0,32.6,S
2021-06-07T10:42:09,6400.0,32.6,S
2021-06-07T10:42:09,100.0,32.6,S
2021-06-07T10:42:09,2200.0,32.6,S
2021-06-07T10:42:09,600.0,32.6,S
2021-06-07T10:42:09,200.0,32.6,S
2021-06-07T10:42:09,4700.0,32.6,S
2021-06-07T10:42:09,500.0,32.6,S
2021-06-07T10:42:09,1700.0,32.6,S
2021-06-07T10:41:57,500.0,32.65,B
2021-06-07T10:41:56,15000.0,32.6,S
2021-06-07T10:41:54,400.0,32.65,B
2021-06-07T10:41:48,500.0,32.65,B
2021-06-07T10:41:43,2000.0,32.65,B
2021-06-07T10:41:42,500.0,32.65,B
2021-06-07T10:41:37,7100.0,32.65,B
2021-06-07T10:41:35,700.0,32.65,B
2021-06-07T10:41:34,400.0,32.65,B
2021-06-07T10:41:27,100.0,32.6,S
2021-06-07T10:41:27,100.0,32.6,S
2021-06-07T10:41:27,500.0,32.6,S
2021-06-07T10:41:21,100.0,32.65,B
2021-06-07T10:41:11,1300.0,32.6,S
2021-06-07T10:41:11,300.0,32.6,S
2021-06-07T10:41:00,400.0,32.65,B
2021-06-07T10:40:51,100.0,32.65,B
2021-06-07T10:40:50,1000.0,32.6,S
2021-06-07T10:40:50,10900.0,32.6,S
2021-06-07T10:40:50,4300.0,32.6,S
2021-06-07T10:40:50,1500.0,32.6,S
2021-06-07T10:40:50,2300.0,32.6,S
2021-06-07T10:40:46,300.0,32.6,S
2021-06-07T10:40:45,100.0,32.65,B
2021-06-07T10:40:39,100.0,32.6,S
2021-06-07T10:40:39,1500.0,32.6,S
2021-06-07T10:40:28,2000.0,32.6,S
2021-06-07T10:40:20,2000.0,32.6,S
2021-06-07T10:40:16,200.0,32.65,B
2021-06-07T10:40:08,400.0,32.65,B
2021-06-07T10:39:54,400.0,32.65,B
2021-06-07T10:39:51,500.0,32.65,B
2021-06-07T10:39:42,1500.0,32.65,B
2021-06-07T10:39:41,500.0,32.6,S
2021-06-07T10:39:39,1000.0,32.6,S
2021-06-07T10:39:36,2000.0,32.65,B
2021-06-07T10:39:28,100.0,32.65,B
2021-06-07T10:39:24,2000.0,32.6,S
2021-06-07T10:39:23,200.0,32.65,B
2021-06-07T10:39:23,200.0,32.65,B
2021-06-07T10:39:05,1000.0,32.65,S
2021-06-07T10:39:04,1500.0,32.6,S
2021-06-07T10:39:03,1000.0,32.65,S
2021-06-07T10:39:01,700.0,32.65,S
2021-06-07T10:38:56,200.0,32.6,S
2021-06-07T10:38:56,4500.0,32.6,S
2021-06-07T10:38:49,100.0,32.65,S
2021-06-07T10:38:45,1000.0,32.65,S
2021-06-07T10:38:45,200.0,32.65,S
2021-06-07T10:38:44,3500.0,32.65,S
2021-06-07T10:38:43,800.0,32.65,S
2021-06-07T10:38:34,1200.0,32.6,S
2021-06-07T10:38:16,100.0,32.65,S
2021-06-07T10:38:13,900.0,32.6,S
2021-06-07T10:38:00,1300.0,32.65,S
2021-06-07T10:37:58,300.0,32.65,S
2021-06-07T10:37:54,1500.0,32.6,S
2021-06-07T10:37:51,2000.0,32.65,S
2021-06-07T10:37:49,700.0,32.65,S
2021-06-07T10:37:45,100.0,32.65,S
2021-06-07T10:37:44,900.0,32.65,S
2021-06-07T10:37:42,100.0,32.65,S
2021-06-07T10:37:40,100.0,32.6,S
2021-06-07T10:37:38,10000.0,32.6,S
2021-06-07T10:37:24,300.0,32.65,S
2021-06-07T10:37:22,2000.0,32.6,S
2021-06-07T10:37:21,100.0,32.65,S
2021-06-07T10:37:18,1100.0,32.6,S
2021-06-07T10:37:18,900.0,32.6,S
2021-06-07T10:37:18,1000.0,32.6,S
2021-06-07T10:37:18,6100.0,32.6,S
2021-06-07T10:37:17,200.0,32.65,S
2021-06-07T10:37:14,200.0,32.65,S
2021-06-07T10:37:08,1600.0,32.6,S
2021-06-07T10:37:06,700.0,32.65,S
2021-06-07T10:36:57,200.0,32.65,S
2021-06-07T10:36:47,11900.0,32.65,S
2021-06-07T10:36:46,4200.0,32.7,B
2021-06-07T10:36:46,500.0,32.7,B
2021-06-07T10:36:43,1000.0,32.7,B
2021-06-07T10:36:36,10000.0,32.65,S
2021-06-07T10:36:32,10000.0,32.65,S
2021-06-07T10:36:22,500.0,32.65,S
2021-06-07T10:36:18,800.0,32.7,B
2021-06-07T10:36:12,18000.0,32.65,S
2021-06-07T10:36:12,500.0,32.65,S
2021-06-07T10:36:12,200.0,32.65,S
2021-06-07T10:36:12,5700.0,32.65,S
2021-06-07T10:36:10,200.0,32.65,S
2021-06-07T10:36:10,2000.0,32.65,S
2021-06-07T10:36:05,9300.0,32.65,S
2021-06-07T10:36:05,9300.0,32.65,S
2021-06-07T10:36:05,200.0,32.65,S
2021-06-07T10:36:05,1000.0,32.65,S
2021-06-07T10:36:05,200.0,32.65,S
2021-06-07T10:36:05,200.0,32.65,S
2021-06-07T10:36:05,900.0,32.65,S
2021-06-07T10:36:05,200.0,32.65,S
2021-06-07T10:36:05,900.0,32.65,S
2021-06-07T10:36:02,1000.0,32.65,S
2021-06-07T10:35:20,100.0,32.65,S
2021-06-07T10:35:14,3100.0,32.65,S
2021-06-07T10:35:12,40000.0,32.65,S
2021-06-07T10:34:54,800.0,32.65,S
2021-06-07T10:34:42,11400.0,32.65,S
2021-06-07T10:34:40,100.0,32.7,B
2021-06-07T10:34:40,3000.0,32.7,B
2021-06-07T10:34:39,700.0,32.7,B
2021-06-07T10:34:34,5000.0,32.7,B
2021-06-07T10:34:32,500.0,32.65,S
2021-06-07T10:34:31,1000.0,32.65,S
2021-06-07T10:34:31,5300.0,32.65,S
2021-06-07T10:34:30,100.0,32.65,S
2021-06-07T10:34:30,3000.0,32.65,S
2021-06-07T10:34:30,1700.0,32.65,S
2021-06-07T10:34:30,3000.0,32.65,S
2021-06-07T10:34:30,4900.0,32.65,S
2021-06-07T10:34:27,200.0,32.65,S
2021-06-07T10:34:25,3200.0,32.65,S
2021-06-07T10:34:25,1300.0,32.65,S
2021-06-07T10:34:25,300.0,32.65,S
2021-06-07T10:34:25,2900.0,32.65,S
2021-06-07T10:34:25,5200.0,32.65,S
2021-06-07T10:34:25,2100.0,32.65,S
2021-06-07T10:34:21,5000.0,32.65,S
2021-06-07T10:34:20,3300.0,32.65,S
2021-06-07T10:34:19,1000.0,32.7,B
2021-06-07T10:34:16,200.0,32.7,B
2021-06-07T10:34:08,300.0,32.7,B
2021-06-07T10:34:04,2000.0,32.65,S
2021-06-07T10:33:58,700.0,32.65,S
2021-06-07T10:33:56,200.0,32.7,B
2021-06-07T10:33:46,100.0,32.7,B
2021-06-07T10:33:43,200.0,32.65,S
2021-06-07T10:33:43,400.0,32.65,S
2021-06-07T10:33:42,100.0,32.7,B
2021-06-07T10:33:27,300.0,32.7,B
2021-06-07T10:33:23,500.0,32.7,B
2021-06-07T10:33:14,2000.0,32.65,S
2021-06-07T10:33:03,200.0,32.65,S
2021-06-07T10:32:58,700.0,32.7,B
2021-06-07T10:32:58,100.0,32.7,B
2021-06-07T10:32:54,900.0,32.7,B
2021-06-07T10:32:53,1000.0,32.7,B
2021-06-07T10:32:50,300.0,32.7,B
2021-06-07T10:32:46,600.0,32.65,S
2021-06-07T10:32:43,2000.0,32.65,S
2021-06-07T10:32:43,200.0,32.7,B
2021-06-07T10:32:40,500.0,32.65,S
2021-06-07T10:32:35,11700.0,32.65,S
2021-06-07T10:32:34,8300.0,32.65,S
2021-06-07T10:32:33,100.0,32.7,B
2021-06-07T10:32:29,800.0,32.65,S
2021-06-07T10:32:10,100.0,32.7,B
2021-06-07T10:32:08,5000.0,32.65,S
2021-06-07T10:32:02,200.0,32.65,S
2021-06-07T10:31:55,100.0,32.7,B
2021-06-07T10:31:48,200.0,32.7,B
2021-06-07T10:31:37,2000.0,32.65,S
2021-06-07T10:31:36,100.0,32.7,B
2021-06-07T10:31:31,200.0,32.7,B
2021-06-07T10:31:26,100.0,32.7,B
2021-06-07T10:31:26,4000.0,32.65,S
2021-06-07T10:31:26,4400.0,32.65,S
2021-06-07T10:31:21,4200.0,32.7,B
2021-06-07T10:31:21,2600.0,32.7,B
2021-06-07T10:31:19,500.0,32.65,S
2021-06-07T10:31:17,1000.0,32.65,S
2021-06-07T10:31:13,500.0,32.65,S
2021-06-07T10:31:13,2500.0,32.65,S
2021-06-07T10:31:13,200.0,32.65,S
2021-06-07T10:31:13,2800.0,32.65,S
2021-06-07T10:31:13,4000.0,32.65,S
2021-06-07T10:31:12,5000.0,32.7,S
2021-06-07T10:31:03,400.0,32.7,S
2021-06-07T10:31:02,2600.0,32.7,S
2021-06-07T10:30:58,300.0,32.65,S
2021-06-07T10:30:58,10000.0,32.65,S
2021-06-07T10:30:53,400.0,32.7,S
2021-06-07T10:30:52,500.0,32.7,S
2021-06-07T10:30:50,5000.0,32.65,S
2021-06-07T10:30:45,1000.0,32.7,S
2021-06-07T10:30:36,1000.0,32.65,S
2021-06-07T10:30:34,100.0,32.7,S
2021-06-07T10:30:28,200.0,32.65,S
2021-06-07T10:30:23,4800.0,32.7,S
2021-06-07T10:30:22,100.0,32.65,S
2021-06-07T10:30:16,900.0,32.7,S
2021-06-07T10:30:13,1000.0,32.7,S
2021-06-07T10:30:02,300.0,32.65,S
2021-06-07T10:29:50,1800.0,32.65,S
2021-06-07T10:29:50,2000.0,32.7,S
2021-06-07T10:29:50,1200.0,32.7,S
2021-06-07T10:29:50,200.0,32.7,S
2021-06-07T10:29:50,700.0,32.7,S
2021-06-07T10:29:50,100.0,32.7,S
2021-06-07T10:29:50,2900.0,32.7,S
2021-06-07T10:29:50,200.0,32.7,S
2021-06-07T10:29:50,700.0,32.7,S
2021-06-07T10:29:50,4800.0,32.7,S
2021-06-07T10:29:50,2600.0,32.7,S
2021-06-07T10:29:50,5000.0,32.7,S
2021-06-07T10:29:49,2800.0,32.7,S
2021-06-07T10:29:47,3500.0,32.7,S
2021-06-07T10:29:45,10000.0,32.7,S
2021-06-07T10:29:31,200.0,32.7,S
2021-06-07T10:29:27,600.0,32.75,B
2021-06-07T10:29:26,300.0,32.7,S
2021-06-07T10:29:22,10000.0,32.7,S
2021-06-07T10:29:15,100.0,32.7,S
2021-06-07T10:29:00,300.0,32.75,B
2021-06-07T10:28:58,300.0,32.7,S
2021-06-07T10:28:58,400.0,32.7,S
2021-06-07T10:28:57,500.0,32.7,S
2021-06-07T10:28:29,2000.0,32.7,S
2021-06-07T10:28:25,2000.0,32.7,S
2021-06-07T10:28:01,5000.0,32.7,S
2021-06-07T10:27:52,500.0,32.7,S
2021-06-07T10:27:52,200.0,32.7,S
2021-06-07T10:27:48,2000.0,32.7,S
2021-06-07T10:27:44,10000.0,32.7,S
2021-06-07T10:27:41,2000.0,32.7,S
2021-06-07T10:27:36,4000.0,32.7,S
2021-06-07T10:27:35,1400.0,32.75,B
2021-06-07T10:27:35,200.0,32.75,B
2021-06-07T10:27:35,400.0,32.75,B
2021-06-07T10:27:35,800.0,32.75,B
2021-06-07T10:27:34,1200.0,32.75,B
2021-06-07T10:27:34,1300.0,32.7,S
2021-06-07T10:27:32,1000.0,32.7,S
2021-06-07T10:27:31,1600.0,32.75,B
2021-06-07T10:27:18,1100.0,32.7,S
2021-06-07T10:27:10,1000.0,32.75,B
2021-06-07T10:27:05,500.0,32.7,S
2021-06-07T10:27:03,100.0,32.7,S
2021-06-07T10:26:54,200.0,32.7,S
2021-06-07T10:26:51,300.0,32.7,S
2021-06-07T10:26:47,200.0,32.75,B
2021-06-07T10:26:29,1000.0,32.7,S
2021-06-07T10:26:28,1000.0,32.75,B
2021-06-07T10:26:16,200.0,32.7,S
2021-06-07T10:26:01,100.0,32.75,B
2021-06-07T10:26:01,100.0,32.75,B
2021-06-07T10:25:58,5300.0,32.7,S
2021-06-07T10:25:51,7000.0,32.7,S
2021-06-07T10:25:48,5000.0,32.75,B
2021-06-07T10:25:43,100.0,32.75,B
2021-06-07T10:25:34,400.0,32.7,S
2021-06-07T10:25:28,200.0,32.7,S
2021-06-07T10:25:21,500.0,32.7,S
2021-06-07T10:24:34,3000.0,32.75,B
2021-06-07T10:24:33,15000.0,32.7,S
2021-06-07T10:24:27,300.0,32.75,B
2021-06-07T10:24:17,500.0,32.75,B
2021-06-07T10:24:15,200.0,32.75,B
2021-06-07T10:24:15,2000.0,32.75,B
2021-06-07T10:24:15,2700.0,32.75,B
2021-06-07T10:24:15,5100.0,32.75,B
2021-06-07T10:24:05,3000.0,32.75,B
2021-06-07T10:24:01,1500.0,32.7,S
2021-06-07T10:23:58,100.0,32.7,S
2021-06-07T10:23:58,2000.0,32.7,S
2021-06-07T10:23:57,200.0,32.75,B
2021-06-07T10:23:54,2000.0,32.75,B
2021-06-07T10:23:46,300.0,32.7,S
2021-06-07T10:23:40,100.0,32.75,B
2021-06-07T10:23:31,1000.0,32.7,S
2021-06-07T10:23:23,1000.0,32.75,B
2021-06-07T10:23:19,100.0,32.75,B
2021-06-07T10:23:17,100.0,32.75,B
2021-06-07T10:23:15,10000.0,32.7,S
2021-06-07T10:23:14,100.0,32.75,B
2021-06-07T10:23:14,1200.0,32.75,B
2021-06-07T10:23:14,600.0,32.75,B
2021-06-07T10:23:14,600.0,32.75,B
2021-06-07T10:23:14,300.0,32.75,B
2021-06-07T10:23:14,3800.0,32.75,B
2021-06-07T10:23:14,100.0,32.75,B
2021-06-07T10:23:11,30000.0,32.7,S
2021-06-07T10:23:09,400.0,32.75,B
2021-06-07T10:23:08,200.0,32.7,S
2021-06-07T10:23:06,8000.0,32.7,S
2021-06-07T10:23:05,10000.0,32.75,B
2021-06-07T10:22:51,600.0,32.7,S
2021-06-07T10:22:42,3000.0,32.7,S
2021-06-07T10:22:28,200.0,32.7,S
2021-06-07T10:22:28,500.0,32.75,B
2021-06-07T10:22:19,200.0,32.75,B
2021-06-07T10:22:19,100.0,32.7,S
2021-06-07T10:22:15,4000.0,32.7,S
2021-06-07T10:22:12,10000.0,32.75,B
2021-06-07T10:22:07,300.0,32.75,B
2021-06-07T10:21:47,2000.0,32.7,S
2021-06-07T10:21:39,5000.0,32.75,B
2021-06-07T10:21:25,200.0,32.75,B
2021-06-07T10:21:22,2000.0,32.7,S
2021-06-07T10:21:15,200.0,32.7,S
2021-06-07T10:21:05,500.0,32.75,B
2021-06-07T10:21:05,300.0,32.75,B
2021-06-07T10:21:00,600.0,32.7,S
2021-06-07T10:20:59,5000.0,32.7,S
2021-06-07T10:20:57,2000.0,32.75,B
2021-06-07T10:20:57,200.0,32.75,B
2021-06-07T10:20:53,800.0,32.75,B
2021-06-07T10:20:29,100.0,32.75,B
2021-06-07T10:20:24,1000.0,32.7,S
2021-06-07T10:20:00,5000.0,32.75,B
2021-06-07T10:19:56,900.0,32.75,B
2021-06-07T10:19:45,1000.0,32.8,B
2021-06-07T10:19:45,1000.0,32.8,B
2021-06-07T10:19:39,200.0,32.75,B
2021-06-07T10:19:39,400.0,32.75,B
2021-06-07T10:19:32,700.0,32.7,S
2021-06-07T10:19:30,2600.0,32.75,B
2021-06-07T10:19:25,1000.0,32.8,B
2021-06-07T10:19:16,300.0,32.75,B
2021-06-07T10:19:10,10000.0,32.7,S
2021-06-07T10:19:08,5600.0,32.7,S
2021-06-07T10:19:06,3000.0,32.8,B
2021-06-07T10:19:05,100.0,32.8,B
2021-06-07T10:19:04,5000.0,32.7,S
2021-06-07T10:18:57,100.0,32.75,B
2021-06-07T10:18:49,25000.0,32.8,B
2021-06-07T10:18:43,10500.0,32.8,B
2021-06-07T10:18:43,10000.0,32.7,S
2021-06-07T10:18:41,10000.0,32.7,S
2021-06-07T10:18:31,6700.0,32.8,B
2021-06-07T10:18:31,100.0,32.8,B
2021-06-07T10:18:31,1500.0,32.8,B
2021-06-07T10:18:31,500.0,32.8,B
2021-06-07T10:18:31,21400.0,32.8,B
2021-06-07T10:18:31,8400.0,32.8,B
2021-06-07T10:18:31,200.0,32.8,B
2021-06-07T10:18:31,1300.0,32.8,B
2021-06-07T10:18:31,1800.0,32.8,B
2021-06-07T10:18:31,8100.0,32.8,B
2021-06-07T10:18:25,3000.0,32.7,S
2021-06-07T10:18:24,7400.0,32.75,B
2021-06-07T10:18:24,1000.0,32.75,B
2021-06-07T10:18:10,200.0,32.75,B
2021-06-07T10:18:07,1100.0,32.7,S
2021-06-07T10:18:05,1100.0,32.7,S
2021-06-07T10:18:05,700.0,32.7,S
2021-06-07T10:18:04,8200.0,32.7,S
2021-06-07T10:18:04,300.0,32.75,B
2021-06-07T10:18:01,300.0,32.75,B
2021-06-07T10:18:00,400.0,32.7,S
2021-06-07T10:17:59,16900.0,32.75,B
2021-06-07T10:17:59,900.0,32.75,B
2021-06-07T10:17:59,2200.0,32.75,B
2021-06-07T10:17:58,100.0,32.7,S
2021-06-07T10:17:56,1200.0,32.75,B
2021-06-07T10:17:53,200.0,32.75,B
2021-06-07T10:17:43,1100.0,32.7,S
2021-06-07T10:17:43,800.0,32.7,S
2021-06-07T10:17:43,100.0,32.7,S
2021-06-07T10:17:43,3000.0,32.7,S
2021-06-07T10:17:41,20000.0,32.7,S
2021-06-07T10:17:38,400.0,32.75,B
2021-06-07T10:17:38,1500.0,32.75,B
2021-06-07T10:17:34,1000.0,32.75,B
2021-06-07T10:17:26,100.0,32.75,B
2021-06-07T10:17:19,8600.0,32.7,S
2021-06-07T10:17:19,3000.0,32.7,S
2021-06-07T10:17:19,400.0,32.7,S
2021-06-07T10:17:13,200.0,32.75,B
2021-06-07T10:17:13,300.0,32.75,B
2021-06-07T10:17:12,1000.0,32.7,S
2021-06-07T10:17:10,1000.0,32.75,B
2021-06-07T10:17:02,600.0,32.7,S
2021-06-07T10:17:02,800.0,32.7,S
2021-06-07T10:17:02,100.0,32.7,S
2021-06-07T10:17:02,3500.0,32.7,S
2021-06-07T10:17:01,4000.0,32.75,B
2021-06-07T10:16:59,8100.0,32.75,B
2021-06-07T10:16:59,1300.0,32.75,B
2021-06-07T10:16:59,7900.0,32.75,B
2021-06-07T10:16:59,7800.0,32.75,B
2021-06-07T10:16:59,7900.0,32.75,B
2021-06-07T10:16:59,1200.0,32.75,B
2021-06-07T10:16:58,15800.0,32.75,B
2021-06-07T10:16:54,200.0,32.75,B
2021-06-07T10:16:54,10000.0,32.7,S
2021-06-07T10:16:53,2000.0,32.7,S
2021-06-07T10:16:48,1400.0,32.75,B
2021-06-07T10:16:46,8400.0,32.7,S
2021-06-07T10:16:45,300.0,32.75,B
2021-06-07T10:16:44,100.0,32.7,S
2021-06-07T10:16:44,500.0,32.75,B
2021-06-07T10:16:44,1100.0,32.75,B
2021-06-07T10:16:44,1500.0,32.75,B
2021-06-07T10:16:44,2900.0,32.75,B
2021-06-07T10:16:44,2400.0,32.75,B
2021-06-07T10:16:44,7600.0,32.75,B
2021-06-07T10:16:40,300.0,32.7,S
2021-06-07T10:16:24,3800.0,32.7,S
2021-06-07T10:16:20,5000.0,32.7,S
2021-06-07T10:16:19,5000.0,32.75,B
2021-06-07T10:16:18,1000.0,32.75,B
2021-06-07T10:16:17,3000.0,32.75,B
2021-06-07T10:16:17,800.0,32.75,B
2021-06-07T10:16:12,200.0,32.7,S
2021-06-07T10:16:10,3700.0,32.7,S
2021-06-07T10:16:04,2000.0,32.75,B
2021-06-07T10:15:51,200.0,32.7,S
2021-06-07T10:15:44,400.0,32.75,B
2021-06-07T10:15:42,1000.0,32.7,S
2021-06-07T10:15:30,1500.0,32.75,B
2021-06-07T10:15:25,500.0,32.7,S
2021-06-07T10:15:24,500.0,32.7,S
2021-06-07T10:15:23,2000.0,32.75,B
2021-06-07T10:15:21,500.0,32.75,B
2021-06-07T10:15:20,500.0,32.75,B
2021-06-07T10:15:19,5000.0,32.7,S
2021-06-07T10:15:15,200.0,32.75,B
2021-06-07T10:15:11,100.0,32.75,B
2021-06-07T10:14:59,1300.0,32.75,B
2021-06-07T10:14:47,100.0,32.75,B
2021-06-07T10:14:45,10000.0,32.75,B
2021-06-07T10:14:39,5000.0,32.75,B
2021-06-07T10:14:39,500.0,32.75,B
2021-06-07T10:14:39,4500.0,32.75,B
2021-06-07T10:14:35,1800.0,32.75,B
2021-06-07T10:14:35,100.0,32.7,S
2021-06-07T10:14:32,1000.0,32.75,B
2021-06-07T10:14:25,2000.0,32.7,S
2021-06-07T10:14:18,200.0,32.7,S
2021-06-07T10:14:14,9200.0,32.7,S
2021-06-07T10:14:14,20800.0,32.7,S
2021-06-07T10:14:12,100.0,32.7,S
2021-06-07T10:14:12,1000.0,32.75,B
2021-06-07T10:14:04,700.0,32.75,B
2021-06-07T10:14:03,4000.0,32.7,S
2021-06-07T10:13:58,900.0,32.75,B
2021-06-07T10:13:54,2000.0,32.7,S
2021-06-07T10:13:54,100.0,32.75,B
2021-06-07T10:13:53,1900.0,32.75,B
2021-06-07T10:13:53,200.0,32.7,S
2021-06-07T10:13:47,200.0,32.75,B
2021-06-07T10:13:47,100.0,32.75,B
2021-06-07T10:13:45,1000.0,32.7,S
2021-06-07T10:13:39,300.0,32.75,S
2021-06-07T10:13:36,100.0,32.75,S
2021-06-07T10:13:35,5000.0,32.75,S
2021-06-07T10:13:30,4000.0,32.75,S
2021-06-07T10:13:30,100.0,32.75,S
2021-06-07T10:13:25,5000.0,32.75,S
2021-06-07T10:13:15,9000.0,32.7,S
2021-06-07T10:12:59,900.0,32.75,S
2021-06-07T10:12:56,1000.0,32.75,S
2021-06-07T10:12:50,3000.0,32.7,S
2021-06-07T10:12:49,2000.0,32.7,S
2021-06-07T10:12:49,300.0,32.75,S
2021-06-07T10:12:47,1000.0,32.75,S
2021-06-07T10:12:41,100.0,32.75,S
2021-06-07T10:12:29,4000.0,32.7,S
2021-06-07T10:12:26,100.0,32.75,S
2021-06-07T10:12:26,500.0,32.75,S
2021-06-07T10:12:26,4000.0,32.75,S
2021-06-07T10:12:26,200.0,32.75,S
2021-06-07T10:12:26,1000.0,32.75,S
2021-06-07T10:12:25,500.0,32.75,S
2021-06-07T10:12:21,200.0,32.75,S
2021-06-07T10:12:20,4800.0,32.7,S
2021-06-07T10:12:20,1500.0,32.7,S
2021-06-07T10:12:20,200.0,32.7,S
2021-06-07T10:12:20,700.0,32.7,S
2021-06-07T10:12:20,1300.0,32.7,S
2021-06-07T10:12:20,300.0,32.7,S
2021-06-07T10:12:20,1000.0,32.7,S
2021-06-07T10:12:20,800.0,32.7,S
2021-06-07T10:12:20,2100.0,32.7,S
2021-06-07T10:12:20,4300.0,32.7,S
2021-06-07T10:12:20,2100.0,32.7,S
2021-06-07T10:12:20,30900.0,32.7,S
2021-06-07T10:12:13,100.0,32.75,S
2021-06-07T10:12:06,7000.0,32.7,S
2021-06-07T10:11:55,1200.0,32.75,S
2021-06-07T10:11:52,2000.0,32.7,S
2021-06-07T10:11:42,2000.0,32.7,S
2021-06-07T10:11:39,300.0,32.75,S
2021-06-07T10:11:38,400.0,32.75,S
2021-06-07T10:11:37,1000.0,32.7,S
2021-06-07T10:11:24,6000.0,32.75,S
2021-06-07T10:11:21,1500.0,32.7,S
2021-06-07T10:11:16,300.0,32.75,S
2021-06-07T10:11:16,100.0,32.75,S
2021-06-07T10:11:04,800.0,32.75,S
2021-06-07T10:11:04,1500.0,32.7,S
2021-06-07T10:10:57,1000.0,32.7,S
2021-06-07T10:10:52,100.0,32.7,S
2021-06-07T10:10:52,6000.0,32.7,S
2021-06-07T10:10:48,100.0,32.7,S
2021-06-07T10:10:42,200.0,32.7,S
2021-06-07T10:10:35,2000.0,32.7,S
2021-06-07T10:10:25,100.0,32.75,S
2021-06-07T10:10:21,200.0,32.7,S
2021-06-07T10:10:21,600.0,32.7,S
2021-06-07T10:10:20,200.0,32.75,S
2021-06-07T10:10:20,300.0,32.75,S
2021-06-07T10:10:20,700.0,32.75,S
2021-06-07T10:10:17,200.0,32.75,S
2021-06-07T10:10:14,100.0,32.75,S
2021-06-07T10:10:04,500.0,32.8,B
2021-06-07T10:09:59,500.0,32.75,S
2021-06-07T10:09:56,600.0,32.75,S
2021-06-07T10:09:52,200.0,32.75,S
2021-06-07T10:09:49,100.0,32.75,S
2021-06-07T10:09:46,200.0,32.8,B
2021-06-07T10:09:46,100.0,32.75,S
2021-06-07T10:09:46,100.0,32.75,S
2021-06-07T10:09:45,300.0,32.75,S
2021-06-07T10:09:38,200.0,32.75,S
2021-06-07T10:09:37,1000.0,32.75,S
2021-06-07T10:09:33,800.0,32.75,S
2021-06-07T10:09:23,300.0,32.75,S
2021-06-07T10:09:23,2000.0,32.75,S
2021-06-07T10:09:10,800.0,32.75,S
2021-06-07T10:09:09,500.0,32.75,S
2021-06-07T10:09:08,200.0,32.75,S
2021-06-07T10:08:51,200.0,32.75,S
2021-06-07T10:08:49,400.0,32.75,S
2021-06-07T10:08:48,2000.0,32.75,S
2021-06-07T10:08:46,500.0,32.7,S
2021-06-07T10:08:44,1000.0,32.7,S
2021-06-07T10:08:40,5000.0,32.75,S
2021-06-07T10:08:31,10000.0,32.75,S
2021-06-07T10:08:30,100.0,32.75,S
2021-06-07T10:08:30,200.0,32.75,S
2021-06-07T10:08:26,17800.0,32.75,S
2021-06-07T10:08:26,2200.0,32.75,S
2021-06-07T10:08:19,20000.0,32.7,S
2021-06-07T10:08:19,1400.0,32.75,S
2021-06-07T10:08:17,1000.0,32.7,S
2021-06-07T10:08:12,600.0,32.7,S
2021-06-07T10:08:10,200.0,32.7,S
2021-06-07T10:08:01,300.0,32.7,S
2021-06-07T10:07:54,400.0,32.7,S
2021-06-07T10:07:51,300.0,32.7,S
2021-06-07T10:07:51,100.0,32.7,S
2021-06-07T10:07:50,100.0,32.75,S
2021-06-07T10:07:50,1000.0,32.7,S
2021-06-07T10:07:35,5000.0,32.75,S
2021-06-07T10:07:28,100.0,32.7,S
2021-06-07T10:07:27,200.0,32.7,S
2021-06-07T10:07:24,300.0,32.7,S
2021-06-07T10:07:22,300.0,32.7,S
2021-06-07T10:07:21,600.0,32.7,S
2021-06-07T10:07:18,500.0,32.75,S
2021-06-07T10:07:16,1300.0,32.75,S
2021-06-07T10:07:16,2200.0,32.75,S
2021-06-07T10:07:03,300.0,32.7,S
2021-06-07T10:06:55,200.0,32.75,S
2021-06-07T10:06:50,500.0,32.7,S
2021-06-07T10:06:47,6500.0,32.7,S
2021-06-07T10:06:42,200.0,32.75,S
2021-06-07T10:06:36,200.0,32.75,S
2021-06-07T10:06:35,1000.0,32.75,S
2021-06-07T10:06:35,700.0,32.75,S
2021-06-07T10:06:32,3600.0,32.7,S
2021-06-07T10:06:21,300.0,32.75,S
2021-06-07T10:06:17,100.0,32.7,S
2021-06-07T10:06:08,300.0,32.7,S
2021-06-07T10:05:53,3300.0,32.7,S
2021-06-07T10:05:50,1200.0,32.7,S
2021-06-07T10:05:48,500.0,32.8,B
2021-06-07T10:05:46,2000.0,32.8,B
2021-06-07T10:05:45,100.0,32.7,S
2021-06-07T10:05:42,300.0,32.75,S
2021-06-07T10:05:33,10000.0,32.7,S
2021-06-07T10:05:24,100.0,32.7,S
2021-06-07T10:05:20,800.0,32.7,S
2021-06-07T10:05:20,1400.0,32.7,S
2021-06-07T10:05:20,7800.0,32.7,S
2021-06-07T10:05:16,500.0,32.8,B
2021-06-07T10:05:13,18000.0,32.75,S
2021-06-07T10:05:10,100.0,32.75,S
2021-06-07T10:05:03,1000.0,32.75,B
2021-06-07T10:05:03,500.0,32.75,B
2021-06-07T10:04:55,2000.0,32.75,B
2021-06-07T10:04:48,300.0,32.75,B
2021-06-07T10:04:47,300.0,32.8,B
2021-06-07T10:04:47,1000.0,32.75,B
2021-06-07T10:04:40,700.0,32.75,B
2021-06-07T10:04:39,1000.0,32.75,B
2021-06-07T10:04:36,3400.0,32.75,B
2021-06-07T10:04:32,400.0,32.75,B
2021-06-07T10:04:21,2000.0,32.75,B
2021-06-07T10:04:19,300.0,32.8,B
2021-06-07T10:04:19,200.0,32.75,B
2021-06-07T10:04:17,500.0,32.75,B
2021-06-07T10:04:17,2000.0,32.75,B
2021-06-07T10:04:16,100.0,32.75,B
2021-06-07T10:04:15,300.0,32.75,B
2021-06-07T10:04:13,2000.0,32.75,B
2021-06-07T10:04:07,6600.0,32.75,B
2021-06-07T10:04:05,700.0,32.75,B
2021-06-07T10:03:58,2200.0,32.75,B
2021-06-07T10:03:58,17800.0,32.75,B
2021-06-07T10:03:48,1000.0,32.75,B
2021-06-07T10:03:45,200.0,32.7,S
2021-06-07T10:03:41,300.0,32.75,B
2021-06-07T10:03:36,300.0,32.7,S
2021-06-07T10:03:33,800.0,32.7,S
2021-06-07T10:03:33,1400.0,32.7,S
2021-06-07T10:03:21,100.0,32.7,S
2021-06-07T10:03:17,200.0,32.75,B
2021-06-07T10:03:14,500.0,32.7,S
2021-06-07T10:03:09,24000.0,32.75,B
2021-06-07T10:03:06,3400.0,32.75,B
2021-06-07T10:02:52,1000.0,32.7,S
2021-06-07T10:02:13,300.0,32.7,S
2021-06-07T10:02:09,100.0,32.75,B
2021-06-07T10:02:08,1000.0,32.7,S
2021-06-07T10:02:07,1100.0,32.75,B
2021-06-07T10:02:07,900.0,32.75,B
2021-06-07T10:01:53,4400.0,32.7,S
2021-06-07T10:01:49,2000.0,32.7,S
2021-06-07T10:01:47,200.0,32.75,B
2021-06-07T10:01:23,100.0,32.7,S
2021-06-07T10:01:23,300.0,32.7,S
2021-06-07T10:01:22,400.0,32.75,B
2021-06-07T10:01:16,100.0,32.7,S
2021-06-07T10:01:15,2100.0,32.75,B
2021-06-07T10:01:14,100.0,32.75,B
2021-06-07T10:01:08,100.0,32.7,S
2021-06-07T10:01:08,500.0,32.7,S
2021-06-07T10:01:07,200.0,32.75,B
2021-06-07T10:01:06,2100.0,32.7,S
2021-06-07T10:01:04,200.0,32.7,S
2021-06-07T10:01:03,5000.0,32.7,S
2021-06-07T10:00:53,2000.0,32.75,B
2021-06-07T10:00:44,300.0,32.75,B
2021-06-07T10:00:40,100.0,32.7,S
2021-06-07T10:00:40,500.0,32.7,S
2021-06-07T10:00:35,100.0,32.7,S
2021-06-07T10:00:31,500.0,32.75,B
2021-06-07T10:00:31,500.0,32.75,B
2021-06-07T10:00:30,300.0,32.75,B
2021-06-07T10:00:19,4000.0,32.75,B
2021-06-07T10:00:12,600.0,32.75,B
2021-06-07T10:00:05,100.0,32.75,B
2021-06-07T10:00:03,200.0,32.75,B
2021-06-07T10:00:02,1000.0,32.7,S
2021-06-07T10:00:01,1000.0,32.7,S
2021-06-07T09:59:51,200.0,32.75,B
2021-06-07T09:59:49,1000.0,32.7,S
2021-06-07T09:59:48,100.0,32.75,B
2021-06-07T09:59:45,1500.0,32.75,B
2021-06-07T09:59:44,200.0,32.75,B
2021-06-07T09:59:38,200.0,32.8,B
2021-06-07T09:59:33,2000.0,32.8,B
2021-06-07T09:59:29,800.0,32.7,S
2021-06-07T09:59:29,800.0,32.7,S
2021-06-07T09:59:29,200.0,32.7,S
2021-06-07T09:59:29,200.0,32.75,B
2021-06-07T09:59:23,1400.0,32.8,B
2021-06-07T09:59:23,1600.0,32.8,B
2021-06-07T09:59:14,300.0,32.7,S
2021-06-07T09:59:09,1000.0,32.8,B
2021-06-07T09:59:09,2700.0,32.8,B
2021-06-07T09:59:08,700.0,32.8,B
2021-06-07T09:59:08,2300.0,32.8,B
2021-06-07T09:59:08,1000.0,32.8,B
2021-06-07T09:59:08,3500.0,32.8,B
2021-06-07T09:59:08,500.0,32.75,B
2021-06-07T09:59:08,7100.0,32.75,B
2021-06-07T09:59:08,1000.0,32.75,B
2021-06-07T09:59:08,500.0,32.75,B
2021-06-07T09:59:08,1100.0,32.75,B
2021-06-07T09:59:08,4700.0,32.75,B
2021-06-07T09:59:08,6100.0,32.75,B
2021-06-07T09:59:08,2900.0,32.75,B
2021-06-07T09:59:08,1400.0,32.75,B
2021-06-07T09:59:08,1200.0,32.75,B
2021-06-07T09:59:08,1200.0,32.75,B
2021-06-07T09:59:08,11100.0,32.75,B
2021-06-07T09:58:44,1300.0,32.7,S
2021-06-07T09:58:44,9500.0,32.7,S
2021-06-07T09:58:33,300.0,32.75,B
2021-06-07T09:58:30,2100.0,32.7,S
2021-06-07T09:58:29,1100.0,32.7,S
2021-06-07T09:58:29,6000.0,32.7,S
2021-06-07T09:58:23,400.0,32.75,B
2021-06-07T09:58:22,1000.0,32.7,S
2021-06-07T09:58:20,200.0,32.7,S
2021-06-07T09:58:19,100.0,32.75,B
2021-06-07T09:58:19,4000.0,32.7,S
2021-06-07T09:58:14,100.0,32.7,S
2021-06-07T09:58:09,100.0,32.7,S
2021-06-07T09:58:01,2000.0,32.7,S
2021-06-07T09:57:55,800.0,32.75,B
2021-06-07T09:57:50,1000.0,32.7,S
2021-06-07T09:57:43,100.0,32.7,S
2021-06-07T09:57:36,100.0,32.7,S
2021-06-07T09:57:35,600.0,32.7,S
2021-06-07T09:57:30,6800.0,32.7,S
2021-06-07T09:57:26,300.0,32.7,S
2021-06-07T09:57:19,7100.0,32.7,S
2021-06-07T09:57:19,400.0,32.7,S
2021-06-07T09:57:17,2100.0,32.7,S
2021-06-07T09:57:17,300.0,32.7,S
2021-06-07T09:57:15,900.0,32.7,S
2021-06-07T09:57:13,100.0,32.7,S
2021-06-07T09:57:09,500.0,32.7,S
2021-06-07T09:57:08,1000.0,32.75,B
2021-06-07T09:57:07,500.0,32.7,S
2021-06-07T09:57:06,200.0,32.75,B
2021-06-07T09:57:04,100.0,32.7,S
2021-06-07T09:56:57,1000.0,32.75,B
2021-06-07T09:56:45,200.0,32.7,S
2021-06-07T09:56:44,500.0,32.75,B
2021-06-07T09:56:37,1000.0,32.75,B
2021-06-07T09:56:33,300.0,32.7,S
2021-06-07T09:56:31,200.0,32.75,B
2021-06-07T09:56:27,7000.0,32.7,S
2021-06-07T09:56:25,6000.0,32.7,S
2021-06-07T09:56:11,2000.0,32.75,B
2021-06-07T09:56:11,900.0,32.75,B
2021-06-07T09:56:10,300.0,32.75,B
2021-06-07T09:56:05,4000.0,32.7,S
2021-06-07T09:56:03,1000.0,32.7,S
2021-06-07T09:55:53,500.0,32.75,B
2021-06-07T09:55:49,1000.0,32.7,S
2021-06-07T09:55:48,200.0,32.7,S
2021-06-07T09:55:46,1200.0,32.7,S
2021-06-07T09:55:45,500.0,32.7,S
2021-06-07T09:55:42,200.0,32.7,S
2021-06-07T09:55:35,1000.0,32.7,S
2021-06-07T09:55:31,6400.0,32.7,S
2021-06-07T09:55:28,5000.0,32.7,S
2021-06-07T09:55:25,5000.0,32.7,S
2021-06-07T09:55:25,100.0,32.7,S
2021-06-07T09:55:24,200.0,32.7,S
2021-06-07T09:55:23,200.0,32.7,S
2021-06-07T09:55:23,4000.0,32.75,B
2021-06-07T09:55:11,800.0,32.7,S
2021-06-07T09:55:11,200.0,32.75,B
2021-06-07T09:55:09,21300.0,32.75,B
2021-06-07T09:55:09,300.0,32.75,B
2021-06-07T09:55:09,500.0,32.75,B
2021-06-07T09:55:09,14300.0,32.75,B
2021-06-07T09:55:09,3600.0,32.75,B
2021-06-07T09:55:07,300.0,32.7,S
2021-06-07T09:55:05,1400.0,32.75,B
2021-06-07T09:55:01,800.0,32.75,B
2021-06-07T09:55:00,200.0,32.7,S
2021-06-07T09:54:58,200.0,32.7,S
2021-06-07T09:54:40,200.0,32.75,B
2021-06-07T09:54:39,1000.0,32.7,S
2021-06-07T09:54:31,100.0,32.75,B
2021-06-07T09:54:30,500.0,32.7,S
2021-06-07T09:54:30,1000.0,32.7,S
2021-06-07T09:54:27,7800.0,32.7,S
2021-06-07T09:54:26,100.0,32.7,S
2021-06-07T09:54:22,200.0,32.75,B
2021-06-07T09:54:20,100.0,32.7,S
2021-06-07T09:54:03,5000.0,32.7,S
2021-06-07T09:54:03,200.0,32.7,S
2021-06-07T09:54:03,2400.0,32.7,S
2021-06-07T09:53:56,3400.0,32.7,S
2021-06-07T09:53:55,100.0,32.7,S
2021-06-07T09:53:51,200.0,32.7,S
2021-06-07T09:53:51,200.0,32.7,S
2021-06-07T09:53:51,1700.0,32.7,S
2021-06-07T09:53:46,2000.0,32.7,S
2021-06-07T09:53:40,200.0,32.7,S
2021-06-07T09:53:40,200.0,32.7,S
2021-06-07T09:53:40,400.0,32.7,S
2021-06-07T09:53:33,500.0,32.7,S
2021-06-07T09:53:33,100.0,32.7,S
2021-06-07T09:53:27,1000.0,32.65,S
2021-06-07T09:53:22,5000.0,32.65,S
2021-06-07T09:53:19,200.0,32.65,S
2021-06-07T09:53:14,500.0,32.7,S
2021-06-07T09:53:14,1000.0,32.65,S
2021-06-07T09:53:09,100.0,32.7,S
2021-06-07T09:53:03,200.0,32.7,S
2021-06-07T09:53:02,100.0,32.7,S
2021-06-07T09:52:43,2000.0,32.7,S
2021-06-07T09:52:39,1000.0,32.75,B
2021-06-07T09:52:37,4800.0,32.75,B
2021-06-07T09:52:36,500.0,32.7,S
2021-06-07T09:52:33,200.0,32.7,S
2021-06-07T09:52:26,300.0,32.7,S
2021-06-07T09:52:26,17200.0,32.7,S
2021-06-07T09:52:22,500.0,32.7,S
2021-06-07T09:52:15,200.0,32.7,S
2021-06-07T09:52:14,2000.0,32.7,S
2021-06-07T09:52:09,200.0,32.7,S
2021-06-07T09:52:06,300.0,32.7,S
2021-06-07T09:52:05,100.0,32.7,S
2021-06-07T09:52:03,1000.0,32.75,B
2021-06-07T09:52:03,2000.0,32.7,S
2021-06-07T09:52:01,2900.0,32.7,S
2021-06-07T09:51:52,1000.0,32.75,B
2021-06-07T09:51:49,200.0,32.75,B
2021-06-07T09:51:44,700.0,32.7,S
2021-06-07T09:51:32,500.0,32.7,S
2021-06-07T09:51:29,500.0,32.7,S
2021-06-07T09:51:29,900.0,32.75,B
2021-06-07T09:51:16,1000.0,32.7,S
2021-06-07T09:51:14,1700.0,32.7,S
2021-06-07T09:51:08,200.0,32.7,S
2021-06-07T09:51:03,300.0,32.7,S
2021-06-07T09:51:00,100.0,32.7,S
2021-06-07T09:50:59,500.0,32.7,S
2021-06-07T09:50:59,1000.0,32.65,S
2021-06-07T09:50:58,500.0,32.65,S
2021-06-07T09:50:57,900.0,32.7,S
2021-06-07T09:50:56,100.0,32.65,S
2021-06-07T09:50:47,100.0,32.7,S
2021-06-07T09:50:47,100.0,32.7,S
2021-06-07T09:50:43,500.0,32.65,S
2021-06-07T09:50:41,100.0,32.65,S
2021-06-07T09:50:36,600.0,32.65,S
2021-06-07T09:50:32,400.0,32.7,S
2021-06-07T09:50:28,300.0,32.65,S
2021-06-07T09:50:24,200.0,32.65,S
2021-06-07T09:50:22,300.0,32.7,S
2021-06-07T09:50:22,300.0,32.7,S
2021-06-07T09:50:21,2000.0,32.7,S
2021-06-07T09:50:20,500.0,32.7,S
2021-06-07T09:50:18,1000.0,32.7,S
2021-06-07T09:50:14,2000.0,32.7,S
2021-06-07T09:50:13,600.0,32.65,S
2021-06-07T09:50:11,2000.0,32.7,S
2021-06-07T09:50:10,300.0,32.7,S
2021-06-07T09:50:08,2000.0,32.65,S
2021-06-07T09:50:07,1400.0,32.7,S
2021-06-07T09:50:07,100.0,32.7,S
2021-06-07T09:50:07,6100.0,32.7,S
2021-06-07T09:50:06,500.0,32.7,S
2021-06-07T09:50:06,800.0,32.7,S
2021-06-07T09:50:06,11100.0,32.7,S
2021-06-07T09:49:51,500.0,32.7,S
2021-06-07T09:49:49,1000.0,32.7,S
2021-06-07T09:49:45,100.0,32.7,S
2021-06-07T09:49:41,100.0,32.7,S
2021-06-07T09:49:37,200.0,32.7,S
2021-06-07T09:49:37,600.0,32.7,S
2021-06-07T09:49:29,2000.0,32.7,S
2021-06-07T09:49:23,1100.0,32.7,S
2021-06-07T09:49:10,400.0,32.65,S
2021-06-07T09:49:04,1200.0,32.65,S
2021-06-07T09:49:04,1700.0,32.65,S
2021-06-07T09:49:04,100.0,32.7,S
2021-06-07T09:49:03,2000.0,32.65,S
2021-06-07T09:49:03,300.0,32.65,S
2021-06-07T09:49:03,400.0,32.65,S
2021-06-07T09:49:03,400.0,32.65,S
2021-06-07T09:49:02,7900.0,32.65,S
2021-06-07T09:48:55,300.0,32.7,S
2021-06-07T09:48:53,300.0,32.7,S
2021-06-07T09:48:52,300.0,32.65,S
2021-06-07T09:48:50,400.0,32.7,S
2021-06-07T09:48:43,100.0,32.7,S
2021-06-07T09:48:40,100.0,32.65,S
2021-06-07T09:48:34,1100.0,32.75,B
2021-06-07T09:48:34,1400.0,32.65,S
2021-06-07T09:48:34,1700.0,32.65,S
2021-06-07T09:48:34,1800.0,32.65,S
2021-06-07T09:48:34,2500.0,32.65,S
2021-06-07T09:48:34,12600.0,32.65,S
2021-06-07T09:48:30,5300.0,32.7,S
2021-06-07T09:48:30,700.0,32.7,S
2021-06-07T09:48:29,100.0,32.7,S
2021-06-07T09:48:25,2900.0,32.7,S
2021-06-07T09:48:15,1900.0,32.7,S
2021-06-07T09:47:54,500.0,32.7,B
2021-06-07T09:47:52,1800.0,32.75,B
2021-06-07T09:47:49,32500.0,32.7,B
2021-06-07T09:47:49,2400.0,32.7,B
2021-06-07T09:47:47,100.0,32.7,B
2021-06-07T09:47:39,300.0,32.65,S
2021-06-07T09:47:31,200.0,32.7,B
2021-06-07T09:47:29,200.0,32.7,B
2021-06-07T09:47:27,1500.0,32.65,S
2021-06-07T09:47:25,900.0,32.65,S
2021-06-07T09:47:25,8600.0,32.65,S
2021-06-07T09:47:17,600.0,32.7,B
2021-06-07T09:47:15,5000.0,32.65,S
2021-06-07T09:47:12,500.0,32.65,S
2021-06-07T09:47:08,300.0,32.65,S
2021-06-07T09:47:05,13900.0,32.65,S
2021-06-07T09:47:05,1000.0,32.65,S
2021-06-07T09:47:05,500.0,32.65,S
2021-06-07T09:47:05,14600.0,32.65,S
2021-06-07T09:46:58,300.0,32.7,B
2021-06-07T09:46:48,200.0,32.65,S
2021-06-07T09:46:46,400.0,32.65,S
2021-06-07T09:46:45,700.0,32.7,B
2021-06-07T09:46:42,200.0,32.65,S
2021-06-07T09:46:42,2000.0,32.7,B
2021-06-07T09:46:42,300.0,32.65,S
2021-06-07T09:46:41,600.0,32.65,S
2021-06-07T09:46:33,200.0,32.7,B
2021-06-07T09:46:33,2000.0,32.7,B
2021-06-07T09:46:26,20000.0,32.7,B
2021-06-07T09:46:24,1000.0,32.7,B
2021-06-07T09:46:22,1500.0,32.65,S
2021-06-07T09:46:21,100.0,32.7,B
2021-06-07T09:46:14,1500.0,32.65,S
2021-06-07T09:46:07,800.0,32.7,B
2021-06-07T09:46:05,300.0,32.7,B
2021-06-07T09:46:02,3000.0,32.7,B
2021-06-07T09:46:01,200.0,32.7,B
2021-06-07T09:45:57,1400.0,32.7,B
2021-06-07T09:45:55,2000.0,32.7,B
2021-06-07T09:45:53,200.0,32.7,B
2021-06-07T09:45:47,500.0,32.7,B
2021-06-07T09:45:44,1000.0,32.7,B
2021-06-07T09:45:43,500.0,32.7,B
2021-06-07T09:45:40,1100.0,32.7,B
2021-06-07T09:45:37,100.0,32.7,B
2021-06-07T09:45:35,1000.0,32.7,B
2021-06-07T09:45:27,200.0,32.65,S
2021-06-07T09:45:27,1500.0,32.65,S
2021-06-07T09:45:23,1000.0,32.7,B
2021-06-07T09:45:21,3000.0,32.7,B
2021-06-07T09:45:14,100.0,32.7,B
2021-06-07T09:45:08,5000.0,32.7,B
2021-06-07T09:45:02,2600.0,32.65,S
2021-06-07T09:45:02,400.0,32.65,S
2021-06-07T09:45:02,3400.0,32.65,S
2021-06-07T09:45:02,2400.0,32.65,S
2021-06-07T09:45:02,3300.0,32.65,S
2021-06-07T09:45:02,4100.0,32.65,S
2021-06-07T09:45:02,200.0,32.65,S
2021-06-07T09:45:01,3600.0,32.65,S
2021-06-07T09:44:38,500.0,32.7,B
2021-06-07T09:44:37,200.0,32.65,S
2021-06-07T09:44:34,1000.0,32.7,B
2021-06-07T09:44:29,4200.0,32.65,S
2021-06-07T09:44:29,600.0,32.7,B
2021-06-07T09:44:22,100.0,32.7,B
2021-06-07T09:44:21,1800.0,32.7,B
2021-06-07T09:44:12,1400.0,32.65,S
2021-06-07T09:44:12,2000.0,32.65,S
2021-06-07T09:44:12,1600.0,32.65,S
2021-06-07T09:44:06,500.0,32.7,B
2021-06-07T09:44:05,800.0,32.65,S
2021-06-07T09:43:57,1000.0,32.7,B
2021-06-07T09:43:57,100.0,32.7,B
2021-06-07T09:43:56,200.0,32.7,B
2021-06-07T09:43:55,400.0,32.7,B
2021-06-07T09:43:54,100.0,32.7,B
2021-06-07T09:43:54,400.0,32.65,S
2021-06-07T09:43:54,600.0,32.65,S
2021-06-07T09:43:54,500.0,32.65,S
2021-06-07T09:43:51,1000.0,32.65,S
2021-06-07T09:43:50,500.0,32.65,S
2021-06-07T09:43:49,100.0,32.7,B
2021-06-07T09:43:33,2000.0,32.65,S
2021-06-07T09:43:25,200.0,32.65,S
2021-06-07T09:43:19,200.0,32.65,S
2021-06-07T09:43:19,500.0,32.65,S
2021-06-07T09:43:17,100.0,32.65,S
2021-06-07T09:43:14,1400.0,32.65,S
2021-06-07T09:43:14,1100.0,32.65,S
2021-06-07T09:43:14,12500.0,32.65,S
2021-06-07T09:43:13,1000.0,32.65,S
2021-06-07T09:43:10,1500.0,32.7,B
2021-06-07T09:43:06,300.0,32.75,B
2021-06-07T09:43:06,9700.0,32.75,B
2021-06-07T09:43:02,2400.0,32.65,S
2021-06-07T09:43:01,12600.0,32.7,B
2021-06-07T09:43:01,100.0,32.7,B
2021-06-07T09:42:59,400.0,32.7,B
2021-06-07T09:42:57,26900.0,32.7,B
2021-06-07T09:42:52,1000.0,32.7,B
2021-06-07T09:42:50,100.0,32.65,S
2021-06-07T09:42:48,2200.0,32.7,B
2021-06-07T09:42:48,1800.0,32.65,S
2021-06-07T09:42:47,200.0,32.65,S
2021-06-07T09:42:45,1000.0,32.7,B
2021-06-07T09:42:43,1000.0,32.7,B
2021-06-07T09:42:43,100.0,32.75,B
2021-06-07T09:42:42,100.0,32.75,B
2021-06-07T09:42:42,1000.0,32.7,B
2021-06-07T09:42:40,100.0,32.7,B
2021-06-07T09:42:39,1300.0,32.75,B
2021-06-07T09:42:38,100.0,32.75,B
2021-06-07T09:42:37,900.0,32.7,B
2021-06-07T09:42:37,100.0,32.7,B
2021-06-07T09:42:34,100.0,32.7,B
2021-06-07T09:42:32,300.0,32.75,B
2021-06-07T09:42:29,2000.0,32.7,B
2021-06-07T09:42:28,300.0,32.75,B
2021-06-07T09:42:18,100.0,32.7,B
2021-06-07T09:42:08,200.0,32.75,B
2021-06-07T09:41:58,100.0,32.7,B
2021-06-07T09:41:57,8600.0,32.7,B
2021-06-07T09:41:51,300.0,32.7,B
2021-06-07T09:41:47,100.0,32.7,B
2021-06-07T09:41:43,500.0,32.65,S
2021-06-07T09:41:40,1000.0,32.65,S
2021-06-07T09:41:33,100.0,32.7,B
2021-06-07T09:41:31,1000.0,32.65,S
2021-06-07T09:41:31,1000.0,32.7,B
2021-06-07T09:41:20,100.0,32.75,B
2021-06-07T09:41:12,2200.0,32.65,S
2021-06-07T09:41:12,5600.0,32.75,B
2021-06-07T09:41:12,3800.0,32.75,B
2021-06-07T09:41:12,3000.0,32.75,B
2021-06-07T09:41:12,1100.0,32.75,B
2021-06-07T09:41:12,100.0,32.75,B
2021-06-07T09:41:12,5000.0,32.75,B
2021-06-07T09:41:12,2000.0,32.75,B
2021-06-07T09:41:11,9400.0,32.75,B
2021-06-07T09:41:09,2000.0,32.7,B
2021-06-07T09:41:04,2200.0,32.7,B
2021-06-07T09:41:04,4900.0,32.7,B
2021-06-07T09:41:03,2100.0,32.7,B
2021-06-07T09:40:55,600.0,32.65,S
2021-06-07T09:40:54,1000.0,32.7,B
2021-06-07T09:40:50,1000.0,32.7,B
2021-06-07T09:40:34,1000.0,32.7,B
2021-06-07T09:40:22,4300.0,32.7,B
2021-06-07T09:40:10,600.0,32.65,S
2021-06-07T09:39:55,3000.0,32.65,S
2021-06-07T09:39:48,3000.0,32.7,B
2021-06-07T09:39:48,1000.0,32.65,S
2021-06-07T09:39:46,3100.0,32.7,B
2021-06-07T09:39:43,300.0,32.7,B
2021-06-07T09:39:42,100.0,32.7,B
2021-06-07T09:39:42,100.0,32.7,B
2021-06-07T09:39:41,2200.0,32.7,B
2021-06-07T09:39:32,100.0,32.7,B
2021-06-07T09:39:30,2000.0,32.7,B
2021-06-07T09:39:26,100.0,32.7,B
2021-06-07T09:39:19,20200.0,32.65,S
2021-06-07T09:39:19,1100.0,32.65,S
2021-06-07T09:39:18,300.0,32.65,S
2021-06-07T09:39:18,100.0,32.65,S
2021-06-07T09:39:18,1700.0,32.65,S
2021-06-07T09:39:18,1100.0,32.65,S
2021-06-07T09:39:18,2000.0,32.65,S
2021-06-07T09:39:18,1900.0,32.65,S
2021-06-07T09:39:18,100.0,32.65,S
2021-06-07T09:39:18,100.0,32.65,S
2021-06-07T09:39:18,500.0,32.65,S
2021-06-07T09:39:18,6500.0,32.65,S
2021-06-07T09:39:18,4700.0,32.65,S
2021-06-07T09:39:18,1000.0,32.65,S
2021-06-07T09:39:18,13700.0,32.65,S
2021-06-07T09:39:16,100.0,32.75,S
2021-06-07T09:39:14,200.0,32.7,S
2021-06-07T09:39:02,1000.0,32.75,S
2021-06-07T09:39:00,200.0,32.75,S
