tradingTime,volume,price,side
2021-06-07T14:28:27,1000.0,11.45,B
2021-06-07T14:14:00,200.0,11.45,B
2021-06-07T13:53:58,3000.0,11.45,B
2021-06-07T13:53:12,400.0,11.4,S
2021-06-07T13:53:01,5000.0,11.45,B
2021-06-07T13:52:50,100.0,11.45,B
2021-06-07T13:52:10,20000.0,11.45,B
2021-06-07T13:51:48,500.0,11.45,B
2021-06-07T13:51:47,2800.0,11.4,S
2021-06-07T13:50:43,4700.0,11.45,B
2021-06-07T13:50:43,2000.0,11.45,B
2021-06-07T13:50:43,47100.0,11.45,B
2021-06-07T13:50:43,10100.0,11.45,B
2021-06-07T13:50:43,500.0,11.45,B
2021-06-07T13:50:42,6800.0,11.45,B
2021-06-07T13:50:42,22000.0,11.45,B
2021-06-07T13:50:42,15500.0,11.45,B
2021-06-07T13:50:42,200.0,11.45,B
2021-06-07T13:50:42,20700.0,11.45,B
2021-06-07T13:49:26,2000.0,11.4,S
2021-06-07T13:49:10,1000.0,11.4,S
2021-06-07T13:48:51,300.0,11.4,B
2021-06-07T13:47:49,3000.0,11.4,B
2021-06-07T13:47:14,1000.0,11.4,B
2021-06-07T13:47:14,100.0,11.4,B
2021-06-07T13:46:13,25800.0,11.4,B
2021-06-07T13:45:19,9500.0,11.35,S
2021-06-07T13:45:17,500.0,11.35,S
2021-06-07T13:42:05,96300.0,11.4,B
2021-06-07T13:41:56,5000.0,11.35,S
2021-06-07T13:40:16,200.0,11.4,B
2021-06-07T13:38:32,100.0,11.4,B
2021-06-07T13:38:26,400.0,11.4,B
2021-06-07T13:38:17,4000.0,11.35,S
2021-06-07T13:37:40,100.0,11.35,S
2021-06-07T13:35:41,2000.0,11.4,B
2021-06-07T13:35:16,2000.0,11.35,S
2021-06-07T13:34:39,100.0,11.4,B
2021-06-07T13:33:28,1100.0,11.4,B
2021-06-07T13:33:19,1000.0,11.35,S
2021-06-07T13:31:24,10300.0,11.35,S
2021-06-07T13:30:21,10000.0,11.4,B
2021-06-07T13:28:28,1000.0,11.4,B
2021-06-07T13:26:50,500.0,11.4,B
2021-06-07T13:26:47,3000.0,11.35,S
2021-06-07T13:22:11,500.0,11.35,S
2021-06-07T13:21:47,100.0,11.35,S
2021-06-07T13:21:19,7600.0,11.35,S
2021-06-07T13:21:19,2300.0,11.35,S
2021-06-07T13:21:19,7000.0,11.35,S
2021-06-07T13:21:19,3100.0,11.35,S
2021-06-07T13:18:56,1000.0,11.35,S
2021-06-07T13:17:59,1000.0,11.35,S
2021-06-07T13:17:38,7000.0,11.35,S
2021-06-07T13:16:39,500.0,11.35,S
2021-06-07T13:14:59,100.0,11.35,S
2021-06-07T13:14:54,15000.0,11.35,S
2021-06-07T13:14:16,1000.0,11.4,B
2021-06-07T13:14:12,10000.0,11.35,S
2021-06-07T13:13:27,500.0,11.4,B
2021-06-07T13:12:57,2000.0,11.35,S
2021-06-07T13:12:27,1100.0,11.35,S
2021-06-07T13:11:57,300.0,11.35,S
2021-06-07T13:11:11,1000.0,11.35,S
2021-06-07T13:10:29,300.0,11.35,B
2021-06-07T13:09:25,5000.0,11.35,B
2021-06-07T13:08:49,2000.0,11.35,B
2021-06-07T13:08:36,100.0,11.4,B
2021-06-07T13:07:47,2000.0,11.35,B
2021-06-07T13:06:34,17300.0,11.35,B
2021-06-07T13:06:32,200.0,11.35,B
2021-06-07T13:05:34,2000.0,11.35,B
2021-06-07T13:04:26,100.0,11.35,B
2021-06-07T13:04:11,3000.0,11.35,B
2021-06-07T13:04:10,500.0,11.35,B
2021-06-07T13:04:08,6300.0,11.35,B
2021-06-07T13:04:08,10100.0,11.35,B
2021-06-07T13:04:08,1200.0,11.35,B
2021-06-07T13:04:08,1600.0,11.35,B
2021-06-07T13:04:07,7300.0,11.35,B
2021-06-07T13:03:50,1000.0,11.35,B
2021-06-07T13:03:30,30000.0,11.3,S
2021-06-07T13:03:28,400.0,11.35,B
2021-06-07T13:03:27,300.0,11.35,B
2021-06-07T13:03:16,200.0,11.35,B
2021-06-07T13:00:39,800.0,11.35,B
2021-06-07T13:00:21,1600.0,11.3,S
2021-06-07T13:00:17,200.0,11.35,B
2021-06-07T13:00:15,2000.0,11.35,B
2021-06-07T11:33:54,100.0,11.35,B
2021-06-07T11:33:39,40000.0,11.3,S
2021-06-07T11:33:34,500.0,11.35,B
2021-06-07T11:33:19,100.0,11.35,B
2021-06-07T11:32:24,5200.0,11.35,B
2021-06-07T11:32:14,2000.0,11.35,B
2021-06-07T11:31:59,18100.0,11.3,S
2021-06-07T11:30:54,100.0,11.35,B
2021-06-07T11:30:54,3100.0,11.3,S
2021-06-07T11:30:54,20300.0,11.3,S
2021-06-07T11:30:54,300.0,11.3,S
2021-06-07T11:30:54,9200.0,11.3,S
2021-06-07T11:30:54,13000.0,11.35,B
2021-06-07T11:30:44,1000.0,11.3,S
2021-06-07T11:30:24,100.0,11.35,B
2021-06-07T11:30:19,1000.0,11.35,B
2021-06-07T11:30:06,2400.0,11.3,S
2021-06-07T11:30:06,6700.0,11.3,S
2021-06-07T11:30:06,3500.0,11.3,S
2021-06-07T11:30:06,600.0,11.3,S
2021-06-07T11:30:06,200.0,11.3,S
2021-06-07T11:30:06,6000.0,11.3,S
2021-06-07T11:30:06,2000.0,11.3,S
2021-06-07T11:30:06,15800.0,11.3,S
2021-06-07T11:30:06,2800.0,11.3,S
2021-06-07T11:30:06,100.0,11.35,B
2021-06-07T11:29:47,1000.0,11.3,S
2021-06-07T11:29:37,300.0,11.35,B
2021-06-07T11:29:30,100.0,11.35,B
2021-06-07T11:28:17,100.0,11.3,S
2021-06-07T11:28:09,1000.0,11.35,S
2021-06-07T11:27:38,500.0,11.35,S
2021-06-07T11:27:00,500.0,11.35,S
2021-06-07T11:26:44,200.0,11.35,S
2021-06-07T11:26:02,1000.0,11.4,B
2021-06-07T11:25:50,600.0,11.4,B
2021-06-07T11:25:03,1600.0,11.4,B
2021-06-07T11:23:36,1700.0,11.3,S
2021-06-07T11:23:35,100.0,11.3,S
2021-06-07T11:23:35,1000.0,11.3,S
2021-06-07T11:23:35,5700.0,11.3,S
2021-06-07T11:23:35,6500.0,11.35,S
2021-06-07T11:21:40,500.0,11.35,S
2021-06-07T11:21:03,100.0,11.4,S
2021-06-07T11:17:46,1000.0,11.4,S
2021-06-07T11:17:09,3000.0,11.35,S
2021-06-07T11:16:12,1000.0,11.4,S
2021-06-07T11:16:10,100.0,11.4,S
2021-06-07T11:14:21,500.0,11.35,S
2021-06-07T11:14:21,20000.0,11.35,S
2021-06-07T11:14:20,40000.0,11.35,S
2021-06-07T11:14:20,10000.0,11.35,S
2021-06-07T11:14:20,7000.0,11.35,S
2021-06-07T11:14:20,10100.0,11.35,S
2021-06-07T11:14:20,6000.0,11.35,S
2021-06-07T11:14:20,11700.0,11.35,S
2021-06-07T11:14:20,2200.0,11.35,S
2021-06-07T11:14:20,40000.0,11.4,S
2021-06-07T11:14:20,100.0,11.4,S
2021-06-07T11:14:20,5500.0,11.4,S
2021-06-07T11:14:20,1000.0,11.4,S
2021-06-07T11:14:20,6300.0,11.4,S
2021-06-07T11:14:20,10000.0,11.4,S
2021-06-07T11:14:20,6000.0,11.4,S
2021-06-07T11:14:20,1000.0,11.4,S
2021-06-07T11:14:20,200.0,11.4,S
2021-06-07T11:14:20,1100.0,11.4,S
2021-06-07T11:14:20,1500.0,11.4,S
2021-06-07T11:14:20,4000.0,11.4,S
2021-06-07T11:14:20,100.0,11.4,S
2021-06-07T11:14:20,5300.0,11.4,S
2021-06-07T11:14:20,40000.0,11.4,S
2021-06-07T11:14:20,1900.0,11.4,S
2021-06-07T11:14:20,10000.0,11.4,S
2021-06-07T11:14:20,20100.0,11.4,S
2021-06-07T11:14:20,6300.0,11.4,S
2021-06-07T11:14:20,4300.0,11.4,S
2021-06-07T11:14:20,27800.0,11.45,S
2021-06-07T11:14:05,1500.0,11.45,S
2021-06-07T11:13:52,300.0,11.5,B
2021-06-07T11:12:36,500.0,11.45,S
2021-06-07T11:12:15,10000.0,11.45,S
2021-06-07T11:12:10,300.0,11.45,S
2021-06-07T11:11:51,5800.0,11.4,S
2021-06-07T11:11:51,1100.0,11.4,S
2021-06-07T11:11:51,3100.0,11.4,S
2021-06-07T11:11:22,400.0,11.45,S
2021-06-07T11:10:52,1000.0,11.5,B
2021-06-07T11:10:46,300.0,11.45,S
2021-06-07T11:10:08,3000.0,11.45,S
2021-06-07T11:10:00,300.0,11.45,S
2021-06-07T11:09:44,25500.0,11.45,S
2021-06-07T11:08:31,2100.0,11.45,S
2021-06-07T11:08:11,300.0,11.45,S
2021-06-07T11:07:46,10000.0,11.45,S
2021-06-07T11:06:50,2000.0,11.45,S
2021-06-07T11:06:07,1700.0,11.45,S
2021-06-07T11:06:07,18300.0,11.45,S
2021-06-07T11:05:29,1000.0,11.45,S
2021-06-07T11:05:13,10000.0,11.45,S
2021-06-07T11:05:13,5000.0,11.45,S
2021-06-07T11:04:22,500.0,11.45,S
2021-06-07T11:04:02,500.0,11.45,S
2021-06-07T11:03:13,5000.0,11.45,S
2021-06-07T11:01:45,500.0,11.5,B
2021-06-07T11:01:26,400.0,11.5,B
2021-06-07T11:00:52,3000.0,11.5,B
2021-06-07T11:00:32,500.0,11.45,S
2021-06-07T11:00:30,300.0,11.45,S
2021-06-07T11:00:08,1000.0,11.5,B
2021-06-07T10:58:03,2000.0,11.5,B
2021-06-07T10:57:16,1000.0,11.5,B
2021-06-07T10:57:00,500.0,11.5,B
2021-06-07T10:56:19,100.0,11.5,S
2021-06-07T10:56:01,1000.0,11.5,S
2021-06-07T10:55:55,1000.0,11.5,S
2021-06-07T10:55:15,100.0,11.5,S
2021-06-07T10:55:02,2000.0,11.5,S
2021-06-07T10:54:20,500.0,11.5,S
2021-06-07T10:54:02,2000.0,11.5,S
2021-06-07T10:53:31,400.0,11.5,S
2021-06-07T10:53:16,100.0,11.45,S
2021-06-07T10:52:59,900.0,11.5,S
2021-06-07T10:52:58,500.0,11.5,S
2021-06-07T10:52:52,2600.0,11.5,S
2021-06-07T10:52:50,100.0,11.5,S
2021-06-07T10:52:41,1000.0,11.5,S
2021-06-07T10:52:41,2700.0,11.5,S
2021-06-07T10:52:41,500.0,11.5,S
2021-06-07T10:52:40,14600.0,11.5,S
2021-06-07T10:52:17,2000.0,11.5,S
2021-06-07T10:52:10,4000.0,11.5,S
2021-06-07T10:52:04,200.0,11.5,S
2021-06-07T10:51:57,1000.0,11.5,S
2021-06-07T10:51:33,500.0,11.5,S
2021-06-07T10:51:22,100.0,11.55,B
2021-06-07T10:50:52,10000.0,11.5,S
2021-06-07T10:50:40,600.0,11.5,S
2021-06-07T10:50:37,1000.0,11.5,S
2021-06-07T10:50:35,500.0,11.5,S
2021-06-07T10:50:27,500.0,11.5,S
2021-06-07T10:49:29,5000.0,11.5,S
2021-06-07T10:49:21,300.0,11.5,S
2021-06-07T10:48:52,1000.0,11.5,S
2021-06-07T10:48:50,300.0,11.5,S
2021-06-07T10:48:43,5000.0,11.5,S
2021-06-07T10:48:14,30000.0,11.5,S
2021-06-07T10:47:11,7000.0,11.5,S
2021-06-07T10:46:17,300.0,11.5,S
2021-06-07T10:46:11,1000.0,11.55,B
2021-06-07T10:45:20,100.0,11.5,S
2021-06-07T10:45:02,400.0,11.5,S
2021-06-07T10:44:12,5000.0,11.5,S
2021-06-07T10:43:58,400.0,11.5,S
2021-06-07T10:43:16,2100.0,11.5,S
2021-06-07T10:42:27,100.0,11.5,S
2021-06-07T10:41:59,6000.0,11.5,S
2021-06-07T10:41:59,400.0,11.5,S
2021-06-07T10:41:59,4600.0,11.5,S
2021-06-07T10:41:59,100.0,11.5,S
2021-06-07T10:41:58,300.0,11.5,S
2021-06-07T10:41:31,2000.0,11.5,S
2021-06-07T10:39:17,2500.0,11.5,B
2021-06-07T10:39:01,1000.0,11.5,B
2021-06-07T10:38:48,100.0,11.55,B
2021-06-07T10:38:30,2300.0,11.55,B
2021-06-07T10:38:18,44000.0,11.55,B
2021-06-07T10:37:40,18700.0,11.5,B
2021-06-07T10:37:05,10000.0,11.5,B
2021-06-07T10:36:58,20000.0,11.5,B
2021-06-07T10:36:20,10600.0,11.5,B
2021-06-07T10:34:42,100.0,11.5,B
2021-06-07T10:34:42,1000.0,11.5,B
2021-06-07T10:33:35,500.0,11.5,B
2021-06-07T10:33:34,2000.0,11.5,B
2021-06-07T10:33:22,4000.0,11.5,B
2021-06-07T10:32:26,2000.0,11.5,B
2021-06-07T10:32:22,800.0,11.5,B
2021-06-07T10:32:04,39700.0,11.5,B
2021-06-07T10:31:50,6000.0,11.5,B
2021-06-07T10:31:49,4300.0,11.5,B
2021-06-07T10:31:26,500.0,11.5,B
2021-06-07T10:30:49,3100.0,11.5,B
2021-06-07T10:30:35,10000.0,11.5,B
2021-06-07T10:30:34,1000.0,11.5,B
2021-06-07T10:30:19,3200.0,11.5,B
2021-06-07T10:29:23,3000.0,11.5,B
2021-06-07T10:29:23,15500.0,11.5,B
2021-06-07T10:29:23,1000.0,11.5,B
2021-06-07T10:29:00,400.0,11.5,B
2021-06-07T10:29:00,3600.0,11.5,B
2021-06-07T10:28:59,2000.0,11.5,B
2021-06-07T10:28:28,100.0,11.5,B
2021-06-07T10:27:19,100.0,11.5,B
2021-06-07T10:26:22,50000.0,11.5,B
2021-06-07T10:25:30,6300.0,11.45,S
2021-06-07T10:25:30,200.0,11.45,S
2021-06-07T10:25:30,2500.0,11.45,S
2021-06-07T10:25:30,1000.0,11.45,S
2021-06-07T10:24:44,1000.0,11.5,B
2021-06-07T10:24:39,2700.0,11.45,S
2021-06-07T10:24:17,1000.0,11.5,B
2021-06-07T10:24:14,1600.0,11.5,B
2021-06-07T10:23:45,5000.0,11.5,B
2021-06-07T10:23:15,2000.0,11.5,B
2021-06-07T10:22:48,100.0,11.5,B
2021-06-07T10:22:40,1000.0,11.5,B
2021-06-07T10:22:36,2000.0,11.5,B
2021-06-07T10:22:28,6300.0,11.45,S
2021-06-07T10:22:28,1000.0,11.45,S
2021-06-07T10:22:27,2700.0,11.45,S
2021-06-07T10:22:26,1000.0,11.5,B
2021-06-07T10:22:11,500.0,11.5,B
2021-06-07T10:22:10,1000.0,11.5,B
2021-06-07T10:21:57,5000.0,11.5,B
2021-06-07T10:21:41,9000.0,11.5,B
2021-06-07T10:21:26,5000.0,11.5,B
2021-06-07T10:21:11,100.0,11.5,B
2021-06-07T10:21:09,200.0,11.5,B
2021-06-07T10:21:03,1000.0,11.5,B
2021-06-07T10:20:37,100.0,11.5,B
2021-06-07T10:20:16,2000.0,11.45,S
2021-06-07T10:20:09,1000.0,11.5,B
2021-06-07T10:20:08,100.0,11.5,B
2021-06-07T10:19:40,3000.0,11.5,B
2021-06-07T10:19:19,100.0,11.5,B
2021-06-07T10:19:18,2100.0,11.5,B
2021-06-07T10:19:08,1000.0,11.5,B
2021-06-07T10:18:49,500.0,11.5,B
2021-06-07T10:18:42,5000.0,11.5,B
2021-06-07T10:18:22,100.0,11.5,B
2021-06-07T10:17:40,2000.0,11.5,B
2021-06-07T10:16:52,1000.0,11.5,B
2021-06-07T10:16:48,100.0,11.45,S
2021-06-07T10:16:48,1200.0,11.5,B
2021-06-07T10:15:40,2000.0,11.5,B
2021-06-07T10:13:24,800.0,11.5,B
2021-06-07T10:13:02,100.0,11.5,B
2021-06-07T10:12:49,3000.0,11.5,B
2021-06-07T10:12:22,2500.0,11.5,B
2021-06-07T10:12:22,2000.0,11.5,B
2021-06-07T10:12:22,5000.0,11.5,B
2021-06-07T10:12:21,9900.0,11.5,B
2021-06-07T10:11:20,4000.0,11.5,B
2021-06-07T10:10:56,2000.0,11.5,B
2021-06-07T10:08:27,10400.0,11.5,B
2021-06-07T10:08:23,19600.0,11.5,B
2021-06-07T10:08:19,400.0,11.5,B
2021-06-07T10:08:16,500.0,11.5,B
2021-06-07T10:08:07,1000.0,11.5,B
2021-06-07T10:07:45,300.0,11.45,S
2021-06-07T10:07:40,100.0,11.5,B
2021-06-07T10:07:16,900.0,11.45,S
2021-06-07T10:07:16,4100.0,11.45,S
2021-06-07T10:07:15,11000.0,11.5,B
2021-06-07T10:07:15,6400.0,11.5,B
2021-06-07T10:07:15,2500.0,11.5,B
2021-06-07T10:07:14,7900.0,11.5,B
2021-06-07T10:07:04,3500.0,11.5,B
2021-06-07T10:07:04,2000.0,11.5,B
2021-06-07T10:07:04,14500.0,11.5,B
2021-06-07T10:06:58,1000.0,11.5,B
2021-06-07T10:06:54,2000.0,11.5,B
2021-06-07T10:06:45,100.0,11.45,S
2021-06-07T10:05:04,800.0,11.5,B
2021-06-07T10:03:43,500.0,11.5,B
2021-06-07T10:03:43,2700.0,11.5,B
2021-06-07T10:03:43,7100.0,11.5,B
2021-06-07T10:03:43,4700.0,11.5,B
2021-06-07T10:03:26,1600.0,11.4,S
2021-06-07T10:03:26,8400.0,11.45,B
2021-06-07T10:02:17,30300.0,11.5,B
2021-06-07T10:02:17,12100.0,11.5,B
2021-06-07T10:02:17,32000.0,11.45,B
2021-06-07T10:02:17,20500.0,11.45,B
2021-06-07T10:02:17,4100.0,11.45,B
2021-06-07T10:01:35,200.0,11.4,S
2021-06-07T10:01:31,200.0,11.4,S
2021-06-07T10:01:24,1000.0,11.45,B
2021-06-07T10:01:23,500.0,11.4,S
2021-06-07T10:01:23,1200.0,11.4,S
2021-06-07T10:01:23,5200.0,11.4,S
2021-06-07T10:01:22,49800.0,11.4,S
2021-06-07T10:01:17,1000.0,11.45,B
2021-06-07T10:01:12,1000.0,11.45,B
2021-06-07T10:00:39,500.0,11.45,B
2021-06-07T10:00:26,4000.0,11.45,B
2021-06-07T09:59:37,500.0,11.4,S
2021-06-07T09:58:36,3000.0,11.45,B
2021-06-07T09:58:29,1000.0,11.4,S
2021-06-07T09:57:27,400.0,11.4,S
2021-06-07T09:57:27,300.0,11.45,B
2021-06-07T09:57:07,600.0,11.45,B
2021-06-07T09:56:08,500.0,11.4,B
2021-06-07T09:55:59,1000.0,11.4,B
2021-06-07T09:55:09,500.0,11.4,B
2021-06-07T09:54:36,1000.0,11.4,B
2021-06-07T09:54:36,2700.0,11.4,B
2021-06-07T09:54:36,1000.0,11.4,B
2021-06-07T09:54:36,2000.0,11.4,B
2021-06-07T09:54:36,16100.0,11.4,B
2021-06-07T09:54:01,2000.0,11.4,B
2021-06-07T09:53:46,800.0,11.35,S
2021-06-07T09:53:34,4200.0,11.35,S
2021-06-07T09:53:30,1300.0,11.4,B
2021-06-07T09:53:19,100.0,11.4,B
2021-06-07T09:53:14,100.0,11.35,S
2021-06-07T09:53:11,1200.0,11.4,B
2021-06-07T09:53:09,2000.0,11.35,S
2021-06-07T09:53:09,1000.0,11.4,B
2021-06-07T09:52:26,3000.0,11.4,B
2021-06-07T09:52:23,1400.0,11.4,B
2021-06-07T09:52:14,1000.0,11.4,B
2021-06-07T09:52:14,2000.0,11.4,B
2021-06-07T09:51:40,200.0,11.4,B
2021-06-07T09:51:39,500.0,11.4,B
2021-06-07T09:51:39,2000.0,11.4,B
2021-06-07T09:51:15,1000.0,11.4,B
2021-06-07T09:51:06,200.0,11.4,B
2021-06-07T09:50:39,200.0,11.4,B
2021-06-07T09:50:22,10000.0,11.4,B
2021-06-07T09:50:08,30000.0,11.4,B
2021-06-07T09:50:07,1000.0,11.4,B
2021-06-07T09:50:05,400.0,11.4,B
2021-06-07T09:49:46,900.0,11.4,B
2021-06-07T09:49:37,7200.0,11.3,S
2021-06-07T09:49:37,400.0,11.3,S
2021-06-07T09:49:37,5800.0,11.3,S
2021-06-07T09:49:37,10100.0,11.3,S
2021-06-07T09:49:37,3000.0,11.3,S
2021-06-07T09:49:37,11200.0,11.35,S
2021-06-07T09:49:37,3700.0,11.35,S
2021-06-07T09:49:37,500.0,11.35,S
2021-06-07T09:49:37,5700.0,11.35,S
2021-06-07T09:49:37,1300.0,11.35,S
2021-06-07T09:49:37,1000.0,11.35,S
2021-06-07T09:49:37,15100.0,11.35,S
2021-06-07T09:49:18,55000.0,11.4,B
2021-06-07T09:49:12,1000.0,11.4,B
2021-06-07T09:49:05,200.0,11.4,B
2021-06-07T09:48:51,5000.0,11.4,B
2021-06-07T09:48:38,19900.0,11.4,B
2021-06-07T09:47:55,100.0,11.4,B
2021-06-07T09:47:12,4300.0,11.4,B
2021-06-07T09:46:59,600.0,11.4,B
2021-06-07T09:46:59,2900.0,11.4,B
2021-06-07T09:46:43,1500.0,11.4,B
2021-06-07T09:46:40,6000.0,11.4,B
2021-06-07T09:46:39,10000.0,11.45,B
2021-06-07T09:46:38,3700.0,11.4,B
2021-06-07T09:46:22,3000.0,11.4,B
2021-06-07T09:46:07,1000.0,11.4,B
2021-06-07T09:45:40,3000.0,11.4,B
2021-06-07T09:45:35,300.0,11.45,B
2021-06-07T09:45:33,3000.0,11.4,B
2021-06-07T09:44:34,1000.0,11.4,B
2021-06-07T09:44:30,2800.0,11.45,B
2021-06-07T09:44:28,100.0,11.45,B
2021-06-07T09:44:06,200.0,11.4,B
2021-06-07T09:44:06,6000.0,11.4,B
2021-06-07T09:43:57,300.0,11.4,B
2021-06-07T09:43:17,500.0,11.4,B
2021-06-07T09:43:08,3000.0,11.35,S
2021-06-07T09:42:59,2000.0,11.4,B
2021-06-07T09:42:26,5000.0,11.4,B
2021-06-07T09:42:19,200.0,11.4,B
2021-06-07T09:41:50,13100.0,11.35,S
2021-06-07T09:41:47,500.0,11.4,B
2021-06-07T09:41:39,100.0,11.4,B
2021-06-07T09:41:32,2000.0,11.4,B
2021-06-07T09:41:21,500.0,11.4,B
2021-06-07T09:41:11,6000.0,11.4,B
2021-06-07T09:40:55,200.0,11.4,B
2021-06-07T09:40:54,5000.0,11.4,B
2021-06-07T09:40:51,8400.0,11.4,B
2021-06-07T09:40:11,200.0,11.4,B
2021-06-07T09:39:51,2000.0,11.4,B
2021-06-07T09:39:48,300.0,11.4,B
2021-06-07T09:39:43,500.0,11.4,B
2021-06-07T09:39:21,200.0,11.4,B
2021-06-07T09:39:10,2000.0,11.4,B
2021-06-07T09:38:41,2000.0,11.35,S
2021-06-07T09:38:26,100.0,11.4,B
2021-06-07T09:38:07,300.0,11.4,B
2021-06-07T09:37:51,1300.0,11.35,S
2021-06-07T09:37:43,1000.0,11.4,B
2021-06-07T09:37:29,2000.0,11.4,B
2021-06-07T09:36:47,1100.0,11.4,B
2021-06-07T09:35:08,100.0,11.4,B
2021-06-07T09:35:00,100.0,11.4,B
2021-06-07T09:34:57,1400.0,11.4,B
2021-06-07T09:34:43,10000.0,11.4,B
2021-06-07T09:34:41,38600.0,11.4,B
2021-06-07T09:34:35,5000.0,11.35,S
2021-06-07T09:34:24,1500.0,11.35,S
2021-06-07T09:34:16,200.0,11.4,B
2021-06-07T09:34:11,4900.0,11.35,S
2021-06-07T09:34:03,10000.0,11.4,B
2021-06-07T09:33:55,2000.0,11.4,B
2021-06-07T09:33:39,200.0,11.4,B
2021-06-07T09:33:16,3000.0,11.35,S
2021-06-07T09:33:01,200.0,11.4,B
2021-06-07T09:32:49,200.0,11.4,B
2021-06-07T09:32:21,500.0,11.4,B
2021-06-07T09:32:19,2000.0,11.4,B
2021-06-07T09:32:05,600.0,11.4,B
2021-06-07T09:31:51,2000.0,11.4,B
2021-06-07T09:31:27,2000.0,11.4,B
2021-06-07T09:31:09,500.0,11.4,S
2021-06-07T09:30:51,1000.0,11.4,S
2021-06-07T09:30:39,200.0,11.4,S
2021-06-07T09:30:15,100.0,11.4,S
2021-06-07T09:29:47,1000.0,11.4,S
2021-06-07T09:29:47,100.0,11.4,S
2021-06-07T09:28:34,6000.0,11.4,S
2021-06-07T09:28:23,4000.0,11.4,S
2021-06-07T09:28:09,200.0,11.4,S
2021-06-07T09:28:07,1000.0,11.4,S
2021-06-07T09:28:02,300.0,11.4,S
2021-06-07T09:27:49,500.0,11.4,S
2021-06-07T09:27:26,2000.0,11.4,S
2021-06-07T09:27:11,500.0,11.4,S
2021-06-07T09:26:57,100.0,11.4,S
2021-06-07T09:26:56,1000.0,11.4,S
2021-06-07T09:26:33,2000.0,11.4,S
2021-06-07T09:26:11,19500.0,11.4,S
2021-06-07T09:25:57,5000.0,11.45,B
2021-06-07T09:25:49,1000.0,11.4,S
2021-06-07T09:24:11,1000.0,11.4,S
2021-06-07T09:24:06,1800.0,11.4,S
2021-06-07T09:23:39,2000.0,11.4,S
2021-06-07T09:23:36,1000.0,11.4,S
2021-06-07T09:23:35,1000.0,11.45,B
2021-06-07T09:22:40,500.0,11.4,S
2021-06-07T09:22:29,5500.0,11.4,S
2021-06-07T09:21:48,1000.0,11.4,S
2021-06-07T09:21:42,1000.0,11.4,S
2021-06-07T09:21:10,100.0,11.4,S
2021-06-07T09:21:02,200.0,11.45,S
2021-06-07T09:20:50,10000.0,11.45,S
2021-06-07T09:20:45,5000.0,11.45,S
2021-06-07T09:20:29,2000.0,11.4,S
2021-06-07T09:20:29,17600.0,11.4,S
2021-06-07T09:20:21,500.0,11.5,B
2021-06-07T09:19:32,1000.0,11.45,S
2021-06-07T09:19:13,1000.0,11.4,S
2021-06-07T09:18:46,100.0,11.4,S
2021-06-07T09:17:55,200.0,11.4,S
2021-06-07T09:17:55,1000.0,11.4,S
2021-06-07T09:17:30,3300.0,11.4,S
2021-06-07T09:17:23,3500.0,11.4,S
2021-06-07T09:16:02,300.0,11.4,S
2021-06-07T09:15:51,200.0,11.4,S
2021-06-07T09:15:50,6300.0,11.4,S
2021-06-07T09:15:50,5000.0,11.5,B
2021-06-07T09:15:50,200.0,11.4,S
