tradingTime,volume,price,side
2021-06-07T14:28:36,300.0,13.5,B
2021-06-07T14:28:01,2000.0,13.45,S
2021-06-07T14:22:32,12200.0,13.45,S
2021-06-07T14:22:32,17800.0,13.45,S
2021-06-07T14:21:59,1000.0,13.45,S
2021-06-07T14:21:53,100.0,13.5,B
2021-06-07T14:21:37,200.0,13.5,B
2021-06-07T14:21:16,4500.0,13.5,B
2021-06-07T14:20:48,5000.0,13.5,B
2021-06-07T14:20:20,100.0,13.5,B
2021-06-07T14:18:59,1000.0,13.5,B
2021-06-07T14:18:59,500.0,13.5,S
2021-06-07T14:18:46,200.0,13.5,S
2021-06-07T14:17:45,300.0,13.5,S
2021-06-07T14:17:45,12000.0,13.5,S
2021-06-07T14:17:45,5900.0,13.5,S
2021-06-07T14:17:45,1800.0,13.5,S
2021-06-07T14:17:26,2000.0,13.55,B
2021-06-07T14:17:24,1000.0,13.5,S
2021-06-07T14:17:21,44800.0,13.5,S
2021-06-07T14:17:21,2700.0,13.5,S
2021-06-07T14:17:21,22100.0,13.5,S
2021-06-07T14:16:37,30000.0,13.5,S
2021-06-07T14:14:38,5000.0,13.55,B
2021-06-07T14:10:00,5000.0,13.5,S
2021-06-07T14:08:08,6800.0,13.5,S
2021-06-07T14:08:08,3200.0,13.5,S
2021-06-07T14:07:11,1000.0,13.5,S
2021-06-07T14:06:31,17400.0,13.5,S
2021-06-07T14:06:31,900.0,13.5,S
2021-06-07T14:06:31,1100.0,13.5,S
2021-06-07T14:06:31,3600.0,13.5,S
2021-06-07T14:06:31,4500.0,13.5,S
2021-06-07T14:06:31,1000.0,13.5,S
2021-06-07T14:06:31,6000.0,13.5,S
2021-06-07T14:06:31,2200.0,13.5,S
2021-06-07T14:06:31,1900.0,13.5,S
2021-06-07T14:06:31,900.0,13.5,S
2021-06-07T14:06:31,4000.0,13.5,S
2021-06-07T14:06:31,4900.0,13.5,S
2021-06-07T14:06:31,17600.0,13.5,S
2021-06-07T14:06:31,6000.0,13.5,S
2021-06-07T14:06:31,500.0,13.5,S
2021-06-07T14:06:31,3600.0,13.5,S
2021-06-07T14:06:31,700.0,13.5,S
2021-06-07T14:06:31,4900.0,13.5,S
2021-06-07T14:06:31,7600.0,13.5,S
2021-06-07T14:06:31,10000.0,13.5,S
2021-06-07T14:06:31,12000.0,13.5,S
2021-06-07T14:06:31,6800.0,13.5,S
2021-06-07T14:06:31,8400.0,13.5,S
2021-06-07T14:06:31,200.0,13.5,S
2021-06-07T14:06:31,73300.0,13.5,S
2021-06-07T14:03:01,1900.0,13.6,B
2021-06-07T14:01:55,100.0,13.6,B
2021-06-07T14:01:18,20000.0,13.6,B
2021-06-07T14:01:18,400.0,13.6,B
2021-06-07T13:59:26,1000.0,13.6,B
2021-06-07T13:57:46,1500.0,13.55,S
2021-06-07T13:57:41,1500.0,13.6,B
2021-06-07T13:57:20,5000.0,13.6,B
2021-06-07T13:54:36,5000.0,13.6,B
2021-06-07T13:54:35,200.0,13.55,S
2021-06-07T13:54:29,1600.0,13.55,S
2021-06-07T13:54:29,2500.0,13.55,S
2021-06-07T13:54:28,7000.0,13.55,S
2021-06-07T13:54:28,1500.0,13.55,S
2021-06-07T13:54:28,300.0,13.6,B
2021-06-07T13:54:23,100.0,13.6,B
2021-06-07T13:54:18,200.0,13.55,S
2021-06-07T13:54:16,900.0,13.6,B
2021-06-07T13:54:16,1200.0,13.6,B
2021-06-07T13:54:11,800.0,13.6,B
2021-06-07T13:54:10,300.0,13.55,S
2021-06-07T13:54:10,800.0,13.55,S
2021-06-07T13:54:10,2000.0,13.55,S
2021-06-07T13:54:07,1000.0,13.6,B
2021-06-07T13:54:00,20000.0,13.6,B
2021-06-07T13:53:56,100.0,13.6,B
2021-06-07T13:53:53,500.0,13.55,S
2021-06-07T13:53:51,10000.0,13.6,B
2021-06-07T13:53:48,10000.0,13.6,B
2021-06-07T13:53:42,200.0,13.6,B
2021-06-07T13:53:42,6800.0,13.6,B
2021-06-07T13:53:35,10000.0,13.6,B
2021-06-07T13:53:27,4800.0,13.55,S
2021-06-07T13:53:21,5000.0,13.55,S
2021-06-07T13:53:19,600.0,13.55,S
2021-06-07T13:53:15,1000.0,13.6,B
2021-06-07T13:53:09,100.0,13.6,B
2021-06-07T13:53:06,300.0,13.55,B
2021-06-07T13:53:05,5000.0,13.6,B
2021-06-07T13:53:04,2400.0,13.55,B
2021-06-07T13:53:02,10000.0,13.55,B
2021-06-07T13:52:43,10300.0,13.55,B
2021-06-07T13:52:42,19900.0,13.5,S
2021-06-07T13:52:42,5000.0,13.5,S
2021-06-07T13:52:42,21900.0,13.5,S
2021-06-07T13:52:42,53200.0,13.5,S
2021-06-07T13:52:40,500.0,13.55,B
2021-06-07T13:52:39,2000.0,13.55,B
2021-06-07T13:52:37,100.0,13.55,B
2021-06-07T13:52:37,2500.0,13.55,B
2021-06-07T13:52:37,10700.0,13.55,B
2021-06-07T13:52:37,100.0,13.55,B
2021-06-07T13:52:36,3600.0,13.55,B
2021-06-07T13:52:33,1800.0,13.55,B
2021-06-07T13:52:30,500.0,13.6,B
2021-06-07T13:52:27,3000.0,13.6,B
2021-06-07T13:52:22,100.0,13.6,B
2021-06-07T13:52:17,10000.0,13.55,B
2021-06-07T13:52:16,1000.0,13.55,B
2021-06-07T13:52:11,6000.0,13.6,B
2021-06-07T13:52:10,2000.0,13.55,B
2021-06-07T13:52:09,4000.0,13.6,B
2021-06-07T13:52:07,100.0,13.6,B
2021-06-07T13:52:05,700.0,13.55,B
2021-06-07T13:52:04,10000.0,13.55,B
2021-06-07T13:51:52,100.0,13.6,B
2021-06-07T13:51:52,3700.0,13.55,B
2021-06-07T13:51:52,300.0,13.55,B
2021-06-07T13:51:48,12000.0,13.6,B
2021-06-07T13:51:47,500.0,13.55,B
2021-06-07T13:51:47,400.0,13.6,B
2021-06-07T13:51:46,500.0,13.6,B
2021-06-07T13:51:36,9200.0,13.55,B
2021-06-07T13:51:31,1000.0,13.55,B
2021-06-07T13:51:31,100.0,13.55,B
2021-06-07T13:51:29,4700.0,13.55,B
2021-06-07T13:51:29,15000.0,13.55,B
2021-06-07T13:51:27,1100.0,13.55,B
2021-06-07T13:51:26,8000.0,13.55,B
2021-06-07T13:51:16,1000.0,13.55,B
2021-06-07T13:51:03,500.0,13.6,B
2021-06-07T13:50:57,1000.0,13.55,B
2021-06-07T13:50:53,3000.0,13.6,B
2021-06-07T13:50:52,500.0,13.55,B
2021-06-07T13:50:52,1800.0,13.55,B
2021-06-07T13:50:46,2000.0,13.6,B
2021-06-07T13:50:42,5000.0,13.55,B
2021-06-07T13:50:37,300.0,13.5,S
2021-06-07T13:50:37,800.0,13.5,S
2021-06-07T13:50:37,800.0,13.5,S
2021-06-07T13:50:36,28400.0,13.55,B
2021-06-07T13:50:35,2000.0,13.55,B
2021-06-07T13:50:31,2000.0,13.55,B
2021-06-07T13:50:27,11600.0,13.55,B
2021-06-07T13:50:26,500.0,13.55,B
2021-06-07T13:50:17,300.0,13.5,S
2021-06-07T13:50:10,29400.0,13.55,B
2021-06-07T13:50:08,2000.0,13.55,B
2021-06-07T13:50:08,5600.0,13.5,S
2021-06-07T13:50:07,600.0,13.55,B
2021-06-07T13:50:01,1000.0,13.55,B
2021-06-07T13:49:58,1000.0,13.55,B
2021-06-07T13:49:57,500.0,13.55,B
2021-06-07T13:49:55,4000.0,13.5,S
2021-06-07T13:49:46,1500.0,13.55,B
2021-06-07T13:49:41,8000.0,13.55,B
2021-06-07T13:49:41,2000.0,13.55,B
2021-06-07T13:49:40,1000.0,13.5,S
2021-06-07T13:49:39,2500.0,13.5,S
2021-06-07T13:49:38,500.0,13.55,B
2021-06-07T13:49:36,900.0,13.5,S
2021-06-07T13:49:30,500.0,13.55,B
2021-06-07T13:49:27,100.0,13.55,B
2021-06-07T13:49:27,100000.0,13.5,S
2021-06-07T13:49:24,200.0,13.55,B
2021-06-07T13:49:22,2300.0,13.5,S
2021-06-07T13:49:22,11000.0,13.5,S
2021-06-07T13:49:21,6700.0,13.5,S
2021-06-07T13:49:21,5000.0,13.5,S
2021-06-07T13:49:19,2000.0,13.55,B
2021-06-07T13:49:18,500.0,13.55,B
2021-06-07T13:49:12,10200.0,13.55,B
2021-06-07T13:49:06,500.0,13.55,B
2021-06-07T13:49:03,900.0,13.55,B
2021-06-07T13:48:56,1000.0,13.55,B
2021-06-07T13:48:49,1100.0,13.5,S
2021-06-07T13:48:49,2900.0,13.5,S
2021-06-07T13:48:45,2000.0,13.55,B
2021-06-07T13:48:40,500.0,13.5,S
2021-06-07T13:48:29,3200.0,13.55,B
2021-06-07T13:48:29,700.0,13.55,B
2021-06-07T13:48:25,1000.0,13.55,B
2021-06-07T13:48:22,3500.0,13.55,B
2021-06-07T13:48:22,200.0,13.55,B
2021-06-07T13:48:20,1000.0,13.55,B
2021-06-07T13:48:20,1000.0,13.55,B
2021-06-07T13:48:17,1000.0,13.55,B
2021-06-07T13:48:13,20000.0,13.5,S
2021-06-07T13:48:12,400.0,13.55,B
2021-06-07T13:48:12,3000.0,13.55,B
2021-06-07T13:48:08,5000.0,13.55,B
2021-06-07T13:48:07,2500.0,13.5,S
2021-06-07T13:48:06,9000.0,13.55,B
2021-06-07T13:48:04,200.0,13.55,B
2021-06-07T13:47:58,2700.0,13.55,B
2021-06-07T13:47:55,1100.0,13.5,S
2021-06-07T13:47:51,4000.0,13.55,B
2021-06-07T13:47:48,3000.0,13.55,B
2021-06-07T13:47:48,4900.0,13.55,B
2021-06-07T13:47:39,4000.0,13.5,S
2021-06-07T13:47:31,5000.0,13.5,S
2021-06-07T13:47:28,100.0,13.55,B
2021-06-07T13:47:23,1400.0,13.55,B
2021-06-07T13:47:23,5600.0,13.55,B
2021-06-07T13:47:00,1500.0,13.5,S
2021-06-07T13:47:00,900.0,13.5,S
2021-06-07T13:47:00,600.0,13.5,S
2021-06-07T13:47:00,8100.0,13.5,S
2021-06-07T13:47:00,400.0,13.5,S
2021-06-07T13:47:00,8000.0,13.55,B
2021-06-07T13:46:59,2000.0,13.55,B
2021-06-07T13:46:53,5000.0,13.55,B
2021-06-07T13:46:50,500.0,13.55,B
2021-06-07T13:46:46,1800.0,13.55,B
2021-06-07T13:46:46,200.0,13.55,B
2021-06-07T13:46:45,1000.0,13.55,B
2021-06-07T13:46:44,100.0,13.55,B
2021-06-07T13:46:44,800.0,13.55,B
2021-06-07T13:46:44,300.0,13.55,B
2021-06-07T13:46:40,600.0,13.55,B
2021-06-07T13:46:40,2000.0,13.55,B
2021-06-07T13:46:38,10000.0,13.55,B
2021-06-07T13:46:36,100.0,13.55,B
2021-06-07T13:46:33,3000.0,13.5,S
2021-06-07T13:46:32,1500.0,13.55,B
2021-06-07T13:46:30,5000.0,13.55,B
2021-06-07T13:46:28,1000.0,13.55,B
2021-06-07T13:46:27,3000.0,13.55,B
2021-06-07T13:46:15,3200.0,13.55,B
2021-06-07T13:46:09,2000.0,13.55,B
2021-06-07T13:45:38,3000.0,13.5,S
2021-06-07T13:45:38,100.0,13.55,B
2021-06-07T13:45:33,6000.0,13.55,B
2021-06-07T13:45:24,5000.0,13.55,B
2021-06-07T13:45:15,1000.0,13.55,B
2021-06-07T13:45:04,1000.0,13.5,S
2021-06-07T13:45:01,1500.0,13.55,B
2021-06-07T13:44:52,1000.0,13.55,B
2021-06-07T13:44:41,10000.0,13.55,B
2021-06-07T13:44:41,100.0,13.5,S
2021-06-07T13:44:28,5300.0,13.55,B
2021-06-07T13:44:22,300.0,13.55,B
2021-06-07T13:44:17,1200.0,13.5,S
2021-06-07T13:44:13,100.0,13.55,B
2021-06-07T13:44:11,1400.0,13.55,B
2021-06-07T13:44:10,600.0,13.55,B
2021-06-07T13:44:10,14400.0,13.55,B
2021-06-07T13:44:06,400.0,13.55,B
2021-06-07T13:44:03,10000.0,13.55,B
2021-06-07T13:44:00,400.0,13.55,B
2021-06-07T13:43:52,100.0,13.5,B
2021-06-07T13:43:27,100.0,13.5,B
2021-06-07T13:43:25,300.0,13.5,B
2021-06-07T13:43:17,1000.0,13.55,B
2021-06-07T13:43:01,3000.0,13.55,B
2021-06-07T13:42:47,100.0,13.55,B
2021-06-07T13:42:37,100.0,13.55,B
2021-06-07T13:42:30,900.0,13.5,B
2021-06-07T13:42:27,100.0,13.5,B
2021-06-07T13:42:27,500.0,13.5,B
2021-06-07T13:42:27,3400.0,13.5,B
2021-06-07T13:42:13,16600.0,13.5,B
2021-06-07T13:42:12,400.0,13.5,B
2021-06-07T13:42:12,2000.0,13.5,B
2021-06-07T13:42:01,500.0,13.55,B
2021-06-07T13:41:59,500.0,13.5,B
2021-06-07T13:41:59,500.0,13.5,B
2021-06-07T13:41:58,200.0,13.5,B
2021-06-07T13:41:58,9000.0,13.5,B
2021-06-07T13:41:58,21000.0,13.5,B
2021-06-07T13:41:52,500.0,13.5,B
2021-06-07T13:41:49,100.0,13.5,B
2021-06-07T13:41:48,2000.0,13.5,B
2021-06-07T13:41:47,2000.0,13.5,B
2021-06-07T13:41:44,1300.0,13.5,B
2021-06-07T13:41:42,1000.0,13.5,B
2021-06-07T13:41:42,500.0,13.5,B
2021-06-07T13:41:42,500.0,13.5,B
2021-06-07T13:41:20,500.0,13.5,B
2021-06-07T13:41:18,4000.0,13.5,B
2021-06-07T13:41:07,500.0,13.5,B
2021-06-07T13:41:01,1000.0,13.5,B
2021-06-07T13:40:52,5000.0,13.5,B
2021-06-07T13:40:49,2000.0,13.5,B
2021-06-07T13:40:48,1500.0,13.5,B
2021-06-07T13:40:43,40000.0,13.45,S
2021-06-07T13:40:42,3000.0,13.5,B
2021-06-07T13:40:41,300.0,13.5,B
2021-06-07T13:40:39,200.0,13.5,B
2021-06-07T13:40:39,2100.0,13.45,S
2021-06-07T13:40:34,6900.0,13.45,S
2021-06-07T13:40:34,100.0,13.5,B
2021-06-07T13:40:33,300.0,13.5,B
2021-06-07T13:40:33,500.0,13.5,B
2021-06-07T13:40:28,500.0,13.5,B
2021-06-07T13:40:25,100.0,13.5,B
2021-06-07T13:40:25,600.0,13.5,B
2021-06-07T13:40:24,200.0,13.5,B
2021-06-07T13:40:22,400.0,13.5,B
2021-06-07T13:40:20,5000.0,13.45,S
2021-06-07T13:40:18,300.0,13.5,B
2021-06-07T13:40:18,500.0,13.45,S
2021-06-07T13:40:14,300.0,13.5,B
2021-06-07T13:40:14,100.0,13.5,B
2021-06-07T13:40:14,200.0,13.5,B
2021-06-07T13:40:12,1000.0,13.5,B
2021-06-07T13:40:11,500.0,13.5,B
2021-06-07T13:40:08,300.0,13.45,S
2021-06-07T13:40:02,1000.0,13.5,B
2021-06-07T13:40:01,4600.0,13.45,B
2021-06-07T13:40:01,2400.0,13.45,B
2021-06-07T13:39:56,100.0,13.5,B
2021-06-07T13:39:55,2000.0,13.5,B
2021-06-07T13:39:50,200.0,13.5,B
2021-06-07T13:39:43,1000.0,13.5,B
2021-06-07T13:39:43,900.0,13.5,B
2021-06-07T13:39:40,3000.0,13.5,B
2021-06-07T13:39:37,400.0,13.5,B
2021-06-07T13:39:34,100.0,13.5,B
2021-06-07T13:39:31,2000.0,13.5,B
2021-06-07T13:39:31,200.0,13.5,B
2021-06-07T13:39:26,3000.0,13.45,B
2021-06-07T13:39:22,20000.0,13.5,B
2021-06-07T13:39:21,300.0,13.5,B
2021-06-07T13:39:11,1000.0,13.5,B
2021-06-07T13:39:06,300.0,13.5,B
2021-06-07T13:38:57,100.0,13.5,B
2021-06-07T13:38:57,1000.0,13.5,B
2021-06-07T13:38:46,100.0,13.5,B
2021-06-07T13:38:44,1000.0,13.5,B
2021-06-07T13:38:40,6000.0,13.5,B
2021-06-07T13:38:39,10000.0,13.5,B
2021-06-07T13:38:38,6300.0,13.5,B
2021-06-07T13:38:37,300.0,13.5,B
2021-06-07T13:38:35,1500.0,13.5,B
2021-06-07T13:38:33,200.0,13.5,B
2021-06-07T13:38:33,1000.0,13.5,B
2021-06-07T13:38:32,1000.0,13.5,B
2021-06-07T13:38:30,1000.0,13.5,B
2021-06-07T13:38:18,6000.0,13.45,B
2021-06-07T13:38:14,200.0,13.5,B
2021-06-07T13:38:13,500.0,13.5,B
2021-06-07T13:38:12,200.0,13.5,B
2021-06-07T13:38:08,600.0,13.5,B
2021-06-07T13:38:08,5000.0,13.45,B
2021-06-07T13:38:06,300.0,13.5,B
2021-06-07T13:38:06,200.0,13.5,B
2021-06-07T13:38:05,1000.0,13.5,B
2021-06-07T13:38:01,500.0,13.5,B
2021-06-07T13:37:59,5000.0,13.5,B
2021-06-07T13:37:56,100.0,13.5,B
2021-06-07T13:37:55,2000.0,13.5,B
2021-06-07T13:37:54,2000.0,13.45,B
2021-06-07T13:37:52,500.0,13.5,B
2021-06-07T13:37:51,2000.0,13.45,B
2021-06-07T13:37:51,200.0,13.5,B
2021-06-07T13:37:47,1000.0,13.5,B
2021-06-07T13:37:47,5600.0,13.5,B
2021-06-07T13:37:43,1000.0,13.45,B
2021-06-07T13:37:43,20000.0,13.5,B
2021-06-07T13:37:42,1000.0,13.5,B
2021-06-07T13:37:40,5000.0,13.5,B
2021-06-07T13:37:38,800.0,13.5,B
2021-06-07T13:37:33,1000.0,13.5,B
2021-06-07T13:37:28,500.0,13.5,B
2021-06-07T13:37:24,1000.0,13.5,B
2021-06-07T13:37:24,200.0,13.5,B
2021-06-07T13:37:12,1000.0,13.5,B
2021-06-07T13:37:08,500.0,13.5,B
2021-06-07T13:36:59,3000.0,13.5,B
2021-06-07T13:36:56,100.0,13.5,B
2021-06-07T13:36:48,100.0,13.5,B
2021-06-07T13:36:48,2000.0,13.5,B
2021-06-07T13:36:44,200.0,13.5,B
2021-06-07T13:36:41,30300.0,13.5,B
2021-06-07T13:36:41,200.0,13.5,B
2021-06-07T13:36:37,1000.0,13.55,B
2021-06-07T13:36:37,3300.0,13.5,B
2021-06-07T13:36:37,500.0,13.5,B
2021-06-07T13:36:37,300.0,13.5,B
2021-06-07T13:36:37,500.0,13.5,B
2021-06-07T13:36:36,400.0,13.5,B
2021-06-07T13:36:34,500.0,13.5,B
2021-06-07T13:36:28,3000.0,13.55,B
2021-06-07T13:36:25,1000.0,13.5,B
2021-06-07T13:36:12,3000.0,13.5,B
2021-06-07T13:36:09,3000.0,13.5,B
2021-06-07T13:36:00,13000.0,13.55,B
2021-06-07T13:36:00,300.0,13.55,B
2021-06-07T13:36:00,6700.0,13.55,B
2021-06-07T13:35:51,100.0,13.55,B
2021-06-07T13:35:32,200.0,13.55,B
2021-06-07T13:35:20,600.0,13.5,B
2021-06-07T13:35:20,200.0,13.55,B
2021-06-07T13:35:19,300.0,13.5,B
2021-06-07T13:35:09,600.0,13.55,B
2021-06-07T13:35:04,2000.0,13.5,B
2021-06-07T13:35:04,13500.0,13.5,B
2021-06-07T13:35:04,6200.0,13.5,B
2021-06-07T13:35:04,20000.0,13.5,B
2021-06-07T13:35:04,300.0,13.5,B
2021-06-07T13:35:03,2500.0,13.5,B
2021-06-07T13:35:02,200.0,13.5,B
2021-06-07T13:35:00,5000.0,13.5,B
2021-06-07T13:34:58,5000.0,13.5,B
2021-06-07T13:34:58,200.0,13.45,B
2021-06-07T13:34:54,200.0,13.45,B
2021-06-07T13:34:51,20800.0,13.5,B
2021-06-07T13:34:50,100.0,13.45,B
2021-06-07T13:34:48,10000.0,13.45,B
2021-06-07T13:34:41,2000.0,13.45,B
2021-06-07T13:34:40,100.0,13.45,B
2021-06-07T13:34:35,100.0,13.45,B
2021-06-07T13:34:33,500.0,13.5,B
2021-06-07T13:34:20,1000.0,13.5,B
2021-06-07T13:34:09,1000.0,13.5,B
2021-06-07T13:33:52,2000.0,13.5,B
2021-06-07T13:33:51,100.0,13.5,B
2021-06-07T13:33:48,3000.0,13.5,B
2021-06-07T13:33:44,100.0,13.4,S
2021-06-07T13:33:32,200.0,13.5,B
2021-06-07T13:33:26,300.0,13.35,S
2021-06-07T13:33:23,13100.0,13.35,S
2021-06-07T13:33:17,36700.0,13.35,S
2021-06-07T13:33:16,1300.0,13.4,S
2021-06-07T13:33:16,3900.0,13.5,B
2021-06-07T13:33:12,100.0,13.45,S
2021-06-07T13:33:04,400.0,13.35,S
2021-06-07T13:33:03,10000.0,13.3,S
2021-06-07T13:33:00,100.0,13.5,B
2021-06-07T13:32:55,5000.0,13.3,S
2021-06-07T13:32:51,900.0,13.5,B
2021-06-07T13:32:51,1000.0,13.5,B
2021-06-07T13:32:48,400.0,13.5,B
2021-06-07T13:32:45,100.0,13.5,B
2021-06-07T13:32:44,3000.0,13.5,B
2021-06-07T13:32:42,3300.0,13.3,S
2021-06-07T13:32:42,1600.0,13.3,S
2021-06-07T13:32:42,2300.0,13.3,S
2021-06-07T13:32:42,1400.0,13.3,S
2021-06-07T13:32:42,8200.0,13.3,S
2021-06-07T13:32:42,800.0,13.3,S
2021-06-07T13:32:41,3500.0,13.3,S
2021-06-07T13:32:41,8900.0,13.3,S
2021-06-07T13:32:40,100.0,13.5,B
2021-06-07T13:32:40,4000.0,13.3,S
2021-06-07T13:32:37,400.0,13.35,S
2021-06-07T13:32:37,9600.0,13.35,S
2021-06-07T13:32:28,40000.0,13.5,B
2021-06-07T13:32:26,1000.0,13.45,S
2021-06-07T13:32:26,400.0,13.35,S
2021-06-07T13:32:26,900.0,13.35,S
2021-06-07T13:32:25,1000.0,13.45,S
2021-06-07T13:32:20,1000.0,13.45,S
2021-06-07T13:32:18,1100.0,13.4,S
2021-06-07T13:32:16,88200.0,13.3,S
2021-06-07T13:32:15,1000.0,13.3,S
2021-06-07T13:32:14,1000.0,13.3,S
2021-06-07T13:32:14,1000.0,13.3,S
2021-06-07T13:32:13,500.0,13.3,S
2021-06-07T13:32:13,5000.0,13.3,S
2021-06-07T13:32:11,9300.0,13.3,S
2021-06-07T13:32:10,10600.0,13.3,S
2021-06-07T13:32:10,1200.0,13.3,S
2021-06-07T13:32:10,1000.0,13.3,S
2021-06-07T13:32:10,50000.0,13.3,S
2021-06-07T13:32:10,500.0,13.3,S
2021-06-07T13:32:09,300.0,13.3,S
2021-06-07T13:32:09,200.0,13.3,S
2021-06-07T13:32:09,1000.0,13.3,S
2021-06-07T13:32:07,1000.0,13.3,S
2021-06-07T13:32:06,1000.0,13.3,S
2021-06-07T13:31:58,5000.0,13.3,S
2021-06-07T13:31:58,100.0,13.3,S
2021-06-07T13:31:57,600.0,13.3,S
2021-06-07T13:31:55,200.0,13.3,S
2021-06-07T13:31:55,3500.0,13.3,S
2021-06-07T13:31:53,10400.0,13.3,S
2021-06-07T13:31:53,11200.0,13.3,S
2021-06-07T13:31:53,28000.0,13.3,S
2021-06-07T13:31:53,7500.0,13.3,S
2021-06-07T13:31:52,1000.0,13.3,S
2021-06-07T13:31:51,2000.0,13.3,S
2021-06-07T13:31:51,3200.0,13.3,S
2021-06-07T13:31:51,2200.0,13.3,S
2021-06-07T13:31:49,300.0,13.3,S
2021-06-07T13:31:49,12000.0,13.3,S
2021-06-07T13:31:48,100.0,13.3,S
2021-06-07T13:31:47,1200.0,13.3,S
2021-06-07T13:31:47,1000.0,13.3,S
2021-06-07T13:31:47,1000.0,13.3,S
2021-06-07T13:31:46,300.0,13.3,S
2021-06-07T13:31:45,1000.0,13.3,S
2021-06-07T13:31:45,500.0,13.3,S
2021-06-07T13:31:44,1000.0,13.3,S
2021-06-07T13:31:44,5500.0,13.3,S
2021-06-07T13:31:43,2000.0,13.3,S
2021-06-07T13:31:41,10000.0,13.3,S
2021-06-07T13:31:41,100.0,13.3,S
2021-06-07T13:31:40,3000.0,13.3,S
2021-06-07T13:31:39,30500.0,13.3,S
2021-06-07T13:31:38,900.0,13.3,S
2021-06-07T13:31:36,5000.0,13.3,S
2021-06-07T13:31:36,200.0,13.3,S
2021-06-07T13:31:36,11000.0,13.3,S
2021-06-07T13:31:36,1000.0,13.3,S
2021-06-07T13:31:35,17300.0,13.3,S
2021-06-07T13:31:34,3000.0,13.3,S
2021-06-07T13:31:34,5000.0,13.3,S
2021-06-07T13:31:34,50000.0,13.3,S
2021-06-07T13:31:33,3000.0,13.3,S
2021-06-07T13:31:33,200.0,13.3,S
2021-06-07T13:31:31,300.0,13.3,S
2021-06-07T13:31:30,1000.0,13.3,S
2021-06-07T13:31:29,2000.0,13.3,S
2021-06-07T13:31:28,8200.0,13.3,S
2021-06-07T13:31:27,500.0,13.3,S
2021-06-07T13:31:27,500.0,13.3,S
2021-06-07T13:31:27,500.0,13.3,S
2021-06-07T13:31:25,300.0,13.3,S
2021-06-07T13:31:25,400.0,13.3,S
2021-06-07T13:31:24,100.0,13.3,S
2021-06-07T13:31:21,12000.0,13.3,S
2021-06-07T13:31:21,100.0,13.3,S
2021-06-07T13:31:19,5000.0,13.3,S
2021-06-07T13:31:17,1000.0,13.3,S
2021-06-07T13:31:17,80000.0,13.3,S
2021-06-07T13:31:16,1000.0,13.3,S
2021-06-07T13:31:16,200.0,13.3,S
2021-06-07T13:31:16,4500.0,13.3,S
2021-06-07T13:31:15,100.0,13.3,S
2021-06-07T13:31:14,3500.0,13.3,S
2021-06-07T13:31:13,1000.0,13.3,S
2021-06-07T13:31:12,1800.0,13.3,S
2021-06-07T13:31:11,500.0,13.3,S
2021-06-07T13:31:06,1000.0,13.3,S
2021-06-07T13:31:05,200.0,13.3,S
2021-06-07T13:31:04,600.0,13.3,S
2021-06-07T13:31:02,2000.0,13.3,S
2021-06-07T13:30:57,1000.0,13.3,S
2021-06-07T13:30:54,5000.0,13.3,S
2021-06-07T13:30:54,400.0,13.3,S
2021-06-07T13:30:53,900.0,13.3,S
2021-06-07T13:30:52,20100.0,13.3,S
2021-06-07T13:30:52,1400.0,13.3,S
2021-06-07T13:30:52,700.0,13.3,S
2021-06-07T13:30:52,100.0,13.3,S
2021-06-07T13:30:52,20000.0,13.3,S
2021-06-07T13:30:52,4500.0,13.3,S
2021-06-07T13:30:52,2500.0,13.3,S
2021-06-07T13:30:52,700.0,13.3,S
2021-06-07T13:30:52,2000.0,13.3,S
2021-06-07T13:30:51,2000.0,13.3,S
2021-06-07T13:30:51,6100.0,13.3,S
2021-06-07T13:30:51,1200.0,13.3,S
2021-06-07T13:30:51,300.0,13.3,S
2021-06-07T13:30:51,3800.0,13.3,S
2021-06-07T13:30:51,1900.0,13.3,S
2021-06-07T13:30:51,2000.0,13.3,S
2021-06-07T13:30:51,1200.0,13.3,S
2021-06-07T13:30:51,3100.0,13.3,S
2021-06-07T13:30:51,500.0,13.3,S
2021-06-07T13:30:51,300.0,13.3,S
2021-06-07T13:30:51,1500.0,13.3,S
2021-06-07T13:30:51,1500.0,13.3,S
2021-06-07T13:30:51,1500.0,13.3,S
2021-06-07T13:30:51,8500.0,13.3,S
2021-06-07T13:30:51,6700.0,13.3,S
2021-06-07T13:30:51,5500.0,13.3,S
2021-06-07T13:30:51,4000.0,13.3,S
2021-06-07T13:30:51,1900.0,13.3,S
2021-06-07T13:30:51,1000.0,13.3,S
2021-06-07T13:30:50,2000.0,13.3,S
2021-06-07T13:30:50,4700.0,13.3,S
2021-06-07T13:30:50,14800.0,13.3,S
2021-06-07T13:30:50,3900.0,13.3,S
2021-06-07T13:30:50,3300.0,13.3,S
2021-06-07T13:30:50,500.0,13.3,S
2021-06-07T13:30:50,1700.0,13.3,S
2021-06-07T13:30:50,4000.0,13.3,S
2021-06-07T13:30:50,5100.0,13.3,S
2021-06-07T13:30:50,700.0,13.3,S
2021-06-07T13:30:50,1000.0,13.3,S
2021-06-07T13:30:50,1100.0,13.3,S
2021-06-07T13:30:49,1100.0,13.3,S
2021-06-07T13:30:49,6000.0,13.3,S
2021-06-07T13:30:49,100.0,13.3,S
2021-06-07T13:30:49,3000.0,13.3,S
2021-06-07T13:30:49,50500.0,13.3,S
2021-06-07T13:30:49,22600.0,13.3,S
2021-06-07T13:30:49,2300.0,13.3,S
2021-06-07T13:30:49,3100.0,13.3,S
2021-06-07T13:30:49,400.0,13.3,S
2021-06-07T13:30:49,1800.0,13.3,S
2021-06-07T13:30:49,5500.0,13.3,S
2021-06-07T13:30:49,200.0,13.3,S
2021-06-07T13:30:49,500.0,13.3,S
2021-06-07T13:30:49,2300.0,13.3,S
2021-06-07T13:30:49,100.0,13.3,S
2021-06-07T13:30:49,2600.0,13.3,S
2021-06-07T13:30:49,1500.0,13.3,S
2021-06-07T13:30:48,5800.0,13.3,S
2021-06-07T13:30:48,2800.0,13.3,S
2021-06-07T13:30:48,10000.0,13.3,S
2021-06-07T13:30:48,1000.0,13.3,S
2021-06-07T13:30:48,20700.0,13.3,S
2021-06-07T13:30:48,500.0,13.3,S
2021-06-07T13:30:48,8700.0,13.3,S
2021-06-07T13:30:48,25200.0,13.3,S
2021-06-07T13:30:48,2000.0,13.3,S
2021-06-07T13:30:48,2200.0,13.3,S
2021-06-07T13:30:48,1600.0,13.3,S
2021-06-07T13:30:48,2000.0,13.3,S
2021-06-07T13:30:48,2500.0,13.3,S
2021-06-07T13:30:48,24000.0,13.3,S
2021-06-07T13:30:48,1000.0,13.3,S
2021-06-07T13:30:48,5500.0,13.3,S
2021-06-07T13:30:48,2100.0,13.3,S
2021-06-07T13:30:48,4000.0,13.3,S
2021-06-07T13:30:48,3000.0,13.3,S
2021-06-07T13:30:48,600.0,13.3,S
2021-06-07T13:30:46,1000.0,13.3,S
2021-06-07T13:30:46,4800.0,13.3,S
2021-06-07T13:30:46,5500.0,13.3,S
2021-06-07T13:30:46,2600.0,13.3,S
2021-06-07T13:30:46,800.0,13.3,S
2021-06-07T13:30:46,50600.0,13.3,S
2021-06-07T13:30:46,11000.0,13.3,S
2021-06-07T13:30:46,3100.0,13.3,S
2021-06-07T13:30:46,1600.0,13.3,S
2021-06-07T13:30:46,4300.0,13.3,S
2021-06-07T13:30:46,1800.0,13.3,S
2021-06-07T13:30:46,500.0,13.3,S
2021-06-07T13:30:46,3300.0,13.3,S
2021-06-07T13:30:46,11000.0,13.3,S
2021-06-07T13:30:46,8000.0,13.3,S
2021-06-07T13:30:46,13600.0,13.3,S
2021-06-07T13:30:46,4400.0,13.3,S
2021-06-07T13:30:46,200.0,13.3,S
2021-06-07T13:30:46,600.0,13.3,S
2021-06-07T13:30:46,29000.0,13.3,S
2021-06-07T13:30:46,2000.0,13.3,S
2021-06-07T13:30:46,3300.0,13.3,S
2021-06-07T13:30:46,5200.0,13.3,S
2021-06-07T13:30:46,3800.0,13.3,S
2021-06-07T13:30:46,1200.0,13.3,S
2021-06-07T13:30:46,500.0,13.3,S
2021-06-07T13:30:46,900.0,13.3,S
2021-06-07T13:30:46,1800.0,13.3,S
2021-06-07T13:30:46,15000.0,13.3,S
2021-06-07T13:30:46,20800.0,13.3,S
2021-06-07T13:30:46,1100.0,13.3,S
2021-06-07T13:30:46,1900.0,13.3,S
2021-06-07T13:30:46,5800.0,13.3,S
2021-06-07T13:30:46,100.0,13.3,S
2021-06-07T13:30:46,2100.0,13.3,S
2021-06-07T13:30:46,10300.0,13.3,S
2021-06-07T13:30:46,3300.0,13.3,S
2021-06-07T13:30:46,13300.0,13.3,S
2021-06-07T13:30:46,6900.0,13.3,S
2021-06-07T13:30:46,3000.0,13.3,S
2021-06-07T13:30:46,1400.0,13.3,S
2021-06-07T13:30:46,11000.0,13.3,S
2021-06-07T13:30:46,700.0,13.3,S
2021-06-07T13:30:46,1700.0,13.3,S
2021-06-07T13:30:46,200.0,13.3,S
2021-06-07T13:30:46,3000.0,13.3,S
2021-06-07T13:30:46,5000.0,13.3,S
2021-06-07T13:30:46,400.0,13.3,S
2021-06-07T13:30:46,3100.0,13.3,S
2021-06-07T13:30:46,700.0,13.3,S
2021-06-07T13:30:46,4500.0,13.3,S
2021-06-07T13:30:46,600.0,13.3,S
2021-06-07T13:30:46,10400.0,13.3,S
2021-06-07T13:30:46,600.0,13.3,S
2021-06-07T13:30:45,33300.0,13.3,S
2021-06-07T13:30:45,13600.0,13.3,S
2021-06-07T13:30:45,500.0,13.3,S
2021-06-07T13:30:45,11200.0,13.3,S
2021-06-07T13:30:45,500.0,13.3,S
2021-06-07T13:30:45,1000.0,13.3,S
2021-06-07T13:30:45,6100.0,13.3,S
2021-06-07T13:30:45,500.0,13.3,S
2021-06-07T13:30:45,1900.0,13.3,S
2021-06-07T13:30:45,100.0,13.3,S
2021-06-07T13:30:45,800.0,13.3,S
2021-06-07T13:30:45,1800.0,13.3,S
2021-06-07T13:30:45,1000.0,13.3,S
2021-06-07T13:30:45,500.0,13.3,S
2021-06-07T13:30:45,6700.0,13.3,S
2021-06-07T13:30:45,5700.0,13.3,S
2021-06-07T13:30:45,1000.0,13.3,S
2021-06-07T13:30:45,11900.0,13.3,S
2021-06-07T13:30:45,200.0,13.3,S
2021-06-07T13:30:44,1500.0,13.3,S
2021-06-07T13:30:44,900.0,13.3,S
2021-06-07T13:30:44,1100.0,13.3,S
2021-06-07T13:30:44,5000.0,13.3,S
2021-06-07T13:30:44,800.0,13.3,S
2021-06-07T13:30:44,8700.0,13.3,S
2021-06-07T13:30:44,2000.0,13.3,S
2021-06-07T13:30:44,5100.0,13.3,S
2021-06-07T13:30:44,3300.0,13.3,S
2021-06-07T13:30:44,500.0,13.3,S
2021-06-07T13:30:44,3800.0,13.3,S
2021-06-07T13:30:44,1600.0,13.3,S
2021-06-07T13:30:44,800.0,13.3,S
2021-06-07T13:30:44,4800.0,13.3,S
2021-06-07T13:30:44,5600.0,13.3,S
2021-06-07T13:30:44,5400.0,13.3,S
2021-06-07T13:30:44,1400.0,13.3,S
2021-06-07T13:30:44,15000.0,13.3,S
2021-06-07T13:30:43,100.0,13.3,S
2021-06-07T13:30:43,5200.0,13.3,S
2021-06-07T13:30:43,400.0,13.3,S
2021-06-07T13:30:43,700.0,13.3,S
2021-06-07T13:30:43,4600.0,13.3,S
2021-06-07T13:30:43,2300.0,13.3,S
2021-06-07T13:30:43,3000.0,13.3,S
2021-06-07T13:30:43,5700.0,13.3,S
2021-06-07T13:30:43,13800.0,13.3,S
2021-06-07T13:30:43,5800.0,13.3,S
2021-06-07T13:30:43,300.0,13.3,S
2021-06-07T13:30:43,1000.0,13.3,S
2021-06-07T13:30:43,17600.0,13.3,S
2021-06-07T13:30:43,2000.0,13.3,S
2021-06-07T13:30:43,1200.0,13.3,S
2021-06-07T13:30:43,16500.0,13.3,S
2021-06-07T13:30:43,1500.0,13.3,S
2021-06-07T13:30:42,4500.0,13.3,S
2021-06-07T13:30:42,100.0,13.3,S
2021-06-07T13:30:42,8000.0,13.3,S
2021-06-07T13:30:42,17600.0,13.3,S
2021-06-07T13:30:42,8500.0,13.3,S
2021-06-07T13:30:42,600.0,13.3,S
2021-06-07T13:30:42,200.0,13.3,S
2021-06-07T13:30:42,300.0,13.3,S
2021-06-07T13:30:42,9200.0,13.3,S
2021-06-07T13:30:42,4000.0,13.3,S
2021-06-07T13:30:42,8600.0,13.3,S
2021-06-07T13:30:42,5200.0,13.3,S
2021-06-07T13:30:42,400.0,13.3,S
2021-06-07T13:30:42,1000.0,13.3,S
2021-06-07T13:30:42,3000.0,13.3,S
2021-06-07T13:30:42,6300.0,13.3,S
2021-06-07T13:30:42,1100.0,13.3,S
2021-06-07T13:30:42,8100.0,13.3,S
2021-06-07T13:30:42,500.0,13.3,S
2021-06-07T13:30:41,51000.0,13.3,S
2021-06-07T13:30:41,500.0,13.3,S
2021-06-07T13:30:41,28800.0,13.3,S
2021-06-07T13:30:41,300.0,13.3,S
2021-06-07T13:30:41,3200.0,13.3,S
2021-06-07T13:30:41,1200.0,13.3,S
2021-06-07T13:30:41,1000.0,13.3,S
2021-06-07T13:30:41,10400.0,13.3,S
2021-06-07T13:30:41,2500.0,13.3,S
2021-06-07T13:30:41,1100.0,13.3,S
2021-06-07T13:30:41,1100.0,13.3,S
2021-06-07T13:30:41,10300.0,13.3,S
2021-06-07T13:30:41,14200.0,13.3,S
2021-06-07T13:30:41,3300.0,13.3,S
2021-06-07T13:30:41,2000.0,13.3,S
2021-06-07T13:30:40,3200.0,13.3,S
2021-06-07T13:30:40,3000.0,13.3,S
2021-06-07T13:30:40,1200.0,13.3,S
2021-06-07T13:30:40,300.0,13.3,S
2021-06-07T13:30:40,2100.0,13.3,S
2021-06-07T13:30:40,1700.0,13.3,S
2021-06-07T13:30:40,1100.0,13.3,S
2021-06-07T13:30:40,11300.0,13.3,S
2021-06-07T13:30:40,300.0,13.3,S
2021-06-07T13:30:40,3600.0,13.3,S
2021-06-07T13:30:40,600.0,13.3,S
2021-06-07T13:30:40,2200.0,13.3,S
2021-06-07T13:30:40,1800.0,13.3,S
2021-06-07T13:30:40,800.0,13.3,S
2021-06-07T13:30:40,100.0,13.3,S
2021-06-07T13:30:40,100.0,13.3,S
2021-06-07T13:30:40,2900.0,13.3,S
2021-06-07T13:30:40,17600.0,13.3,S
2021-06-07T13:30:40,2000.0,13.3,S
2021-06-07T13:30:40,500.0,13.3,S
2021-06-07T13:30:40,2800.0,13.3,S
2021-06-07T13:30:40,1200.0,13.3,S
2021-06-07T13:30:40,200.0,13.3,S
2021-06-07T13:30:40,13200.0,13.3,S
2021-06-07T13:30:40,600.0,13.3,S
2021-06-07T13:30:40,400.0,13.3,S
2021-06-07T13:30:40,3100.0,13.3,S
2021-06-07T13:30:40,300.0,13.3,S
2021-06-07T13:30:40,18200.0,13.3,S
2021-06-07T13:30:40,2100.0,13.3,S
2021-06-07T13:30:40,2000.0,13.3,S
2021-06-07T13:30:39,2200.0,13.3,S
2021-06-07T13:30:39,6000.0,13.3,S
2021-06-07T13:30:39,1100.0,13.3,S
2021-06-07T13:30:39,2700.0,13.3,S
2021-06-07T13:30:39,8000.0,13.3,S
2021-06-07T13:30:39,4000.0,13.3,S
2021-06-07T13:30:39,300.0,13.3,S
2021-06-07T13:30:39,5600.0,13.3,S
2021-06-07T13:30:39,2900.0,13.3,S
2021-06-07T13:30:39,500.0,13.3,S
2021-06-07T13:30:39,2100.0,13.3,S
2021-06-07T13:30:39,400.0,13.3,S
2021-06-07T13:30:39,8000.0,13.3,S
2021-06-07T13:30:39,500.0,13.3,S
2021-06-07T13:30:39,11600.0,13.3,S
2021-06-07T13:30:39,213000.0,13.3,S
2021-06-07T13:30:39,100.0,13.3,S
2021-06-07T13:30:39,11600.0,13.3,S
2021-06-07T13:30:39,1400.0,13.3,S
2021-06-07T13:30:38,7000.0,13.3,S
2021-06-07T13:30:38,4900.0,13.3,S
2021-06-07T13:30:38,10800.0,13.3,S
2021-06-07T13:30:38,18200.0,13.3,S
2021-06-07T13:30:38,5200.0,13.3,S
2021-06-07T13:30:38,400.0,13.3,S
2021-06-07T13:30:38,3500.0,13.3,S
2021-06-07T13:30:38,24000.0,13.3,S
2021-06-07T13:30:38,1000.0,13.3,S
2021-06-07T13:30:38,1400.0,13.3,S
2021-06-07T13:30:38,1000.0,13.3,S
2021-06-07T13:30:38,2000.0,13.3,S
2021-06-07T13:30:38,1200.0,13.3,S
2021-06-07T13:30:38,5100.0,13.3,S
2021-06-07T13:30:38,1300.0,13.3,S
2021-06-07T13:30:38,8000.0,13.3,S
2021-06-07T13:30:38,500.0,13.3,S
2021-06-07T13:30:38,8700.0,13.3,S
2021-06-07T13:30:38,12300.0,13.3,S
2021-06-07T13:30:38,3000.0,13.3,S
2021-06-07T13:30:38,600.0,13.3,S
2021-06-07T13:30:38,500.0,13.3,S
2021-06-07T13:30:38,10800.0,13.3,S
2021-06-07T13:30:38,19600.0,13.3,S
2021-06-07T13:30:38,20000.0,13.3,S
2021-06-07T13:30:38,1700.0,13.3,S
2021-06-07T13:30:38,5100.0,13.3,S
2021-06-07T13:30:38,1100.0,13.3,S
2021-06-07T13:30:38,6800.0,13.3,S
2021-06-07T13:30:37,300.0,13.3,S
2021-06-07T13:30:37,300.0,13.3,S
2021-06-07T13:30:37,4000.0,13.3,S
2021-06-07T13:30:37,6900.0,13.3,S
2021-06-07T13:30:37,6400.0,13.3,S
2021-06-07T13:30:37,10500.0,13.3,S
2021-06-07T13:30:37,5300.0,13.3,S
2021-06-07T13:30:37,100200.0,13.3,S
2021-06-07T13:30:37,10600.0,13.3,S
2021-06-07T13:30:37,5500.0,13.3,S
2021-06-07T13:30:37,1000.0,13.3,S
2021-06-07T13:30:37,10100.0,13.3,S
2021-06-07T13:30:37,10000.0,13.3,S
2021-06-07T13:30:37,3300.0,13.3,S
2021-06-07T13:30:37,9100.0,13.3,S
2021-06-07T13:30:37,3000.0,13.3,S
2021-06-07T13:30:37,200.0,13.3,S
2021-06-07T13:30:37,8300.0,13.3,S
2021-06-07T13:30:37,12000.0,13.3,S
2021-06-07T13:30:37,500.0,13.3,S
2021-06-07T13:30:36,19000.0,13.3,S
2021-06-07T13:30:36,1700.0,13.3,S
2021-06-07T13:30:36,2300.0,13.3,S
2021-06-07T13:30:36,7000.0,13.3,S
2021-06-07T13:30:36,20200.0,13.3,S
2021-06-07T13:30:36,9500.0,13.3,S
2021-06-07T13:30:36,2100.0,13.3,S
2021-06-07T13:30:36,7100.0,13.3,S
2021-06-07T13:30:36,500.0,13.3,S
2021-06-07T13:30:36,1100.0,13.3,S
2021-06-07T13:30:36,13300.0,13.3,S
2021-06-07T13:30:36,6200.0,13.3,S
2021-06-07T13:30:36,6100.0,13.3,S
2021-06-07T13:30:36,33400.0,13.3,S
2021-06-07T13:30:34,12500.0,13.55,B
2021-06-07T13:30:33,75800.0,13.3,S
2021-06-07T13:30:33,1300.0,13.3,S
2021-06-07T13:30:33,2300.0,13.3,S
2021-06-07T13:30:33,300.0,13.3,S
2021-06-07T13:30:33,500.0,13.3,S
2021-06-07T13:30:33,2100.0,13.3,S
2021-06-07T13:30:33,1000.0,13.3,S
2021-06-07T13:30:33,1200.0,13.3,S
2021-06-07T13:30:33,300.0,13.3,S
2021-06-07T13:30:33,15600.0,13.3,S
2021-06-07T13:30:33,1600.0,13.3,S
2021-06-07T13:30:33,100.0,13.3,S
2021-06-07T13:30:33,33900.0,13.3,S
2021-06-07T13:30:33,6000.0,13.3,S
2021-06-07T13:30:33,2000.0,13.3,S
2021-06-07T13:30:32,27100.0,13.3,S
2021-06-07T13:30:32,16000.0,13.3,S
2021-06-07T13:30:32,100.0,13.3,S
2021-06-07T13:30:32,7200.0,13.3,S
2021-06-07T13:30:32,400.0,13.3,S
2021-06-07T13:30:32,1500.0,13.3,S
2021-06-07T13:30:32,200.0,13.3,S
2021-06-07T13:30:32,34900.0,13.3,S
2021-06-07T13:30:32,2500.0,13.3,S
2021-06-07T13:30:32,1400.0,13.3,S
2021-06-07T13:30:32,5700.0,13.3,S
2021-06-07T13:30:32,1300.0,13.3,S
2021-06-07T13:30:31,23300.0,13.3,S
2021-06-07T13:30:31,19200.0,13.3,S
2021-06-07T13:30:31,13500.0,13.3,S
2021-06-07T13:30:31,20300.0,13.3,S
2021-06-07T13:30:31,23900.0,13.3,S
2021-06-07T13:30:31,61500.0,13.3,S
2021-06-07T13:30:31,10500.0,13.3,S
2021-06-07T13:30:31,20000.0,13.3,S
2021-06-07T13:30:31,31300.0,13.3,S
2021-06-07T13:30:31,2000.0,13.3,S
2021-06-07T13:30:30,34000.0,13.3,S
2021-06-07T13:30:30,2000.0,13.3,S
2021-06-07T13:30:30,3100.0,13.3,S
2021-06-07T13:30:30,21000.0,13.3,S
2021-06-07T13:30:30,101500.0,13.3,S
2021-06-07T13:30:30,6000.0,13.3,S
2021-06-07T13:30:30,1700.0,13.3,S
2021-06-07T13:30:30,110400.0,13.3,S
2021-06-07T13:30:30,10000.0,13.3,S
2021-06-07T13:30:29,1500.0,13.3,S
2021-06-07T13:30:29,1100.0,13.3,S
2021-06-07T13:30:29,1100.0,13.3,S
2021-06-07T13:30:29,200.0,13.3,S
2021-06-07T13:30:29,8000.0,13.3,S
2021-06-07T13:30:29,1000.0,13.3,S
2021-06-07T13:30:29,1500.0,13.3,S
2021-06-07T13:30:29,10600.0,13.3,S
2021-06-07T13:30:29,6300.0,13.3,S
2021-06-07T13:30:29,1000.0,13.3,S
2021-06-07T13:30:29,3100.0,13.3,S
2021-06-07T13:30:29,30000.0,13.3,S
2021-06-07T13:30:29,3400.0,13.3,S
2021-06-07T13:30:29,1300.0,13.3,S
2021-06-07T13:30:29,3300.0,13.3,S
2021-06-07T13:30:29,15800.0,13.3,S
2021-06-07T13:30:29,53300.0,13.3,S
2021-06-07T13:30:29,2000.0,13.5,B
2021-06-07T13:30:28,500.0,13.5,B
2021-06-07T13:30:28,1000.0,13.5,B
2021-06-07T13:30:27,400.0,13.5,B
2021-06-07T13:30:27,16200.0,13.5,B
2021-06-07T13:30:27,2400.0,13.5,B
2021-06-07T13:30:27,500.0,13.5,B
2021-06-07T13:30:27,900.0,13.5,B
2021-06-07T13:30:25,400.0,13.5,B
2021-06-07T13:30:24,4500.0,13.5,B
2021-06-07T13:30:21,300.0,13.5,B
2021-06-07T13:30:21,2900.0,13.5,B
2021-06-07T13:30:21,500.0,13.5,B
2021-06-07T13:30:20,4400.0,13.5,B
2021-06-07T13:30:20,1000.0,13.5,B
2021-06-07T13:30:18,4100.0,13.5,B
2021-06-07T13:30:18,800.0,13.5,B
2021-06-07T13:30:18,5100.0,13.5,B
2021-06-07T13:30:18,2300.0,13.5,B
2021-06-07T13:30:18,200.0,13.5,B
2021-06-07T13:30:18,15200.0,13.5,B
2021-06-07T13:30:17,15100.0,13.5,B
2021-06-07T13:30:16,1000.0,13.5,B
2021-06-07T13:30:13,100.0,13.5,B
2021-06-07T13:30:11,10000.0,13.5,B
2021-06-07T13:30:09,10000.0,13.5,B
2021-06-07T13:30:09,12400.0,13.5,B
2021-06-07T13:30:06,2000.0,13.5,B
2021-06-07T13:30:04,1600.0,13.3,S
2021-06-07T13:30:04,2500.0,13.3,S
2021-06-07T13:30:04,2100.0,13.3,S
2021-06-07T13:30:04,13000.0,13.3,S
2021-06-07T13:30:04,300.0,13.3,S
2021-06-07T13:30:04,9500.0,13.3,S
2021-06-07T13:30:04,300.0,13.3,S
2021-06-07T13:30:04,5100.0,13.3,S
2021-06-07T13:30:04,1500.0,13.3,S
2021-06-07T13:30:04,22000.0,13.3,S
2021-06-07T13:30:04,5200.0,13.35,S
2021-06-07T13:30:04,10000.0,13.35,S
2021-06-07T13:30:04,30000.0,13.35,S
2021-06-07T13:30:04,9500.0,13.35,S
2021-06-07T13:30:04,7000.0,13.35,S
2021-06-07T13:30:04,2600.0,13.35,S
2021-06-07T13:30:04,5200.0,13.35,S
2021-06-07T13:30:04,300.0,13.35,S
2021-06-07T13:30:04,1100.0,13.35,S
2021-06-07T13:30:04,3700.0,13.35,S
2021-06-07T13:30:03,355600.0,13.35,S
2021-06-07T13:30:03,1500.0,13.35,S
2021-06-07T13:30:03,8300.0,13.35,S
2021-06-07T13:30:03,1000.0,13.35,S
2021-06-07T13:30:03,15400.0,13.35,S
2021-06-07T13:30:03,11200.0,13.35,S
2021-06-07T13:30:03,500.0,13.35,S
2021-06-07T13:30:03,54600.0,13.35,S
2021-06-07T13:30:03,5400.0,13.35,S
2021-06-07T13:30:03,2600.0,13.35,S
2021-06-07T13:30:03,19200.0,13.35,S
2021-06-07T13:30:03,100.0,13.35,S
2021-06-07T13:30:02,4300.0,13.35,S
2021-06-07T13:30:02,1000.0,13.35,S
2021-06-07T13:30:02,10200.0,13.35,S
2021-06-07T13:30:02,100.0,13.35,S
2021-06-07T13:30:02,15000.0,13.35,S
2021-06-07T13:30:02,500.0,13.35,S
2021-06-07T13:30:02,3000.0,13.35,S
2021-06-07T13:30:02,21500.0,13.35,S
2021-06-07T13:30:02,7100.0,13.35,S
2021-06-07T13:30:02,5100.0,13.35,S
2021-06-07T13:30:02,8400.0,13.35,S
2021-06-07T13:30:02,13700.0,13.35,S
2021-06-07T13:30:02,21100.0,13.4,S
2021-06-07T13:30:02,2000.0,13.4,S
2021-06-07T13:30:02,1500.0,13.4,S
2021-06-07T13:30:01,500.0,13.4,S
2021-06-07T13:30:01,1000.0,13.4,S
2021-06-07T13:30:01,800.0,13.4,S
2021-06-07T13:30:01,43000.0,13.4,S
2021-06-07T13:30:01,2100.0,13.4,S
2021-06-07T13:30:01,1000.0,13.4,S
2021-06-07T13:30:01,9500.0,13.4,S
2021-06-07T13:30:01,2100.0,13.4,S
2021-06-07T13:30:01,4500.0,13.4,S
2021-06-07T13:30:01,6300.0,13.4,S
2021-06-07T13:30:01,3400.0,13.4,S
2021-06-07T13:30:01,63400.0,13.4,S
2021-06-07T13:30:01,21000.0,13.5,B
2021-06-07T13:30:00,3000.0,13.5,B
2021-06-07T13:29:58,900.0,13.5,B
2021-06-07T13:29:56,2000.0,13.5,B
2021-06-07T13:29:55,200.0,13.5,B
2021-06-07T13:29:52,1000.0,13.5,B
2021-06-07T13:29:50,400.0,13.5,B
2021-06-07T13:29:50,4000.0,13.5,B
2021-06-07T13:29:49,1000.0,13.5,B
2021-06-07T13:29:47,1000.0,13.5,B
2021-06-07T13:29:47,30000.0,13.5,B
2021-06-07T13:29:46,1800.0,13.5,B
2021-06-07T13:29:45,1000.0,13.5,B
2021-06-07T13:29:35,6000.0,13.5,B
2021-06-07T13:29:34,200.0,13.5,B
2021-06-07T13:29:33,8000.0,13.5,B
2021-06-07T13:29:32,2700.0,13.5,B
2021-06-07T13:29:32,8100.0,13.5,B
2021-06-07T13:29:32,16900.0,13.5,B
2021-06-07T13:29:30,200.0,13.5,B
2021-06-07T13:29:29,2500.0,13.5,B
2021-06-07T13:29:28,100.0,13.5,B
2021-06-07T13:29:28,100.0,13.5,B
2021-06-07T13:29:27,1000.0,13.5,B
2021-06-07T13:29:27,600.0,13.5,B
2021-06-07T13:29:27,5400.0,13.5,B
2021-06-07T13:29:25,400.0,13.4,S
2021-06-07T13:29:25,5000.0,13.5,B
2021-06-07T13:29:24,300.0,13.5,B
2021-06-07T13:29:24,1000.0,13.5,B
2021-06-07T13:29:23,200.0,13.5,B
2021-06-07T13:29:22,2000.0,13.5,B
2021-06-07T13:29:22,12900.0,13.5,B
2021-06-07T13:29:20,5000.0,13.5,B
2021-06-07T13:29:19,200.0,13.5,B
2021-06-07T13:29:17,1100.0,13.5,B
2021-06-07T13:29:16,200.0,13.5,B
2021-06-07T13:29:11,11000.0,13.5,B
2021-06-07T13:29:10,2000.0,13.5,B
2021-06-07T13:29:08,1000.0,13.5,B
2021-06-07T13:29:02,4400.0,13.5,B
2021-06-07T13:29:02,10000.0,13.5,B
2021-06-07T13:28:57,3000.0,13.5,B
2021-06-07T13:28:57,900.0,13.5,B
2021-06-07T13:28:56,2800.0,13.5,B
2021-06-07T13:28:56,6700.0,13.5,B
2021-06-07T13:28:56,3400.0,13.5,B
2021-06-07T13:28:56,1000.0,13.5,B
2021-06-07T13:28:55,36100.0,13.5,B
2021-06-07T13:28:49,300.0,13.5,B
2021-06-07T13:28:41,4000.0,13.5,B
2021-06-07T13:28:38,1000.0,13.5,B
2021-06-07T13:28:36,3500.0,13.5,B
2021-06-07T13:28:33,1500.0,13.5,B
2021-06-07T13:28:31,9000.0,13.5,B
2021-06-07T13:28:31,500.0,13.5,B
2021-06-07T13:28:31,800.0,13.5,B
2021-06-07T13:28:28,20000.0,13.5,B
2021-06-07T13:28:25,1000.0,13.5,B
2021-06-07T13:28:24,4000.0,13.5,B
2021-06-07T13:28:22,500.0,13.5,B
2021-06-07T13:28:21,1000.0,13.5,B
2021-06-07T13:28:13,600.0,13.5,B
2021-06-07T13:28:06,1600.0,13.5,B
2021-06-07T13:28:05,10000.0,13.5,B
2021-06-07T13:28:02,500.0,13.5,B
2021-06-07T13:28:02,10000.0,13.5,B
2021-06-07T13:28:01,300.0,13.5,B
2021-06-07T13:27:58,3700.0,13.5,B
2021-06-07T13:27:55,10000.0,13.5,B
2021-06-07T13:27:54,500.0,13.5,B
2021-06-07T13:27:54,50500.0,13.5,B
2021-06-07T13:27:52,100.0,13.5,B
2021-06-07T13:27:52,100000.0,13.4,S
2021-06-07T13:27:49,2000.0,13.5,B
2021-06-07T13:27:47,8000.0,13.5,B
2021-06-07T13:27:45,8700.0,13.5,B
2021-06-07T13:27:44,500.0,13.5,B
2021-06-07T13:27:40,1000.0,13.5,B
2021-06-07T13:27:38,10200.0,13.5,B
2021-06-07T13:27:38,10000.0,13.5,B
2021-06-07T13:27:36,100.0,13.5,B
2021-06-07T13:27:31,200.0,13.5,B
2021-06-07T13:27:30,800.0,13.5,B
2021-06-07T13:27:30,4900.0,13.5,B
2021-06-07T13:27:30,2500.0,13.5,B
2021-06-07T13:27:30,2600.0,13.5,B
2021-06-07T13:27:29,1500.0,13.5,B
2021-06-07T13:27:28,800.0,13.5,B
2021-06-07T13:27:24,5000.0,13.5,B
2021-06-07T13:27:24,500.0,13.5,B
2021-06-07T13:27:24,2000.0,13.5,B
2021-06-07T13:27:17,600.0,13.5,B
2021-06-07T13:27:17,30000.0,13.5,B
2021-06-07T13:27:17,400.0,13.5,B
2021-06-07T13:27:15,400.0,13.5,B
2021-06-07T13:27:15,1000.0,13.4,S
2021-06-07T13:27:15,7900.0,13.4,S
2021-06-07T13:27:15,2000.0,13.4,S
2021-06-07T13:27:15,18400.0,13.4,S
2021-06-07T13:27:15,10500.0,13.4,S
2021-06-07T13:27:15,14900.0,13.4,S
2021-06-07T13:27:15,100.0,13.4,S
2021-06-07T13:27:15,2000.0,13.4,S
2021-06-07T13:27:15,10800.0,13.4,S
2021-06-07T13:27:14,7200.0,13.4,S
2021-06-07T13:27:14,100.0,13.4,S
2021-06-07T13:27:14,9200.0,13.4,S
2021-06-07T13:27:14,15900.0,13.4,S
2021-06-07T13:27:13,500.0,13.5,B
2021-06-07T13:27:10,5000.0,13.5,B
2021-06-07T13:27:09,2000.0,13.45,S
2021-06-07T13:27:00,1000.0,13.5,B
2021-06-07T13:26:57,2000.0,13.5,B
2021-06-07T13:26:38,1300.0,13.5,B
2021-06-07T13:26:34,200.0,13.45,S
2021-06-07T13:26:33,37000.0,13.5,B
2021-06-07T13:26:33,50000.0,13.5,B
2021-06-07T13:26:20,1000.0,13.4,S
2021-06-07T13:26:16,300.0,13.5,B
2021-06-07T13:26:13,2000.0,13.5,B
2021-06-07T13:26:08,10000.0,13.4,S
2021-06-07T13:26:05,2000.0,13.4,B
2021-06-07T13:26:02,1000.0,13.4,B
2021-06-07T13:26:02,3100.0,13.4,B
2021-06-07T13:26:01,95900.0,13.4,B
2021-06-07T13:25:58,6400.0,13.5,B
2021-06-07T13:25:58,7000.0,13.45,B
2021-06-07T13:25:56,4000.0,13.4,B
2021-06-07T13:25:54,20000.0,13.4,B
2021-06-07T13:25:53,16300.0,13.45,B
2021-06-07T13:25:53,3700.0,13.45,B
2021-06-07T13:25:51,4000.0,13.45,B
2021-06-07T13:25:51,3000.0,13.45,B
2021-06-07T13:25:50,300.0,13.45,B
2021-06-07T13:25:46,100.0,13.45,B
2021-06-07T13:25:38,5500.0,13.4,B
2021-06-07T13:25:27,400.0,13.4,B
2021-06-07T13:25:26,1000.0,13.4,B
2021-06-07T13:25:15,100.0,13.4,B
2021-06-07T13:25:13,3100.0,13.4,B
2021-06-07T13:25:11,700.0,13.4,B
2021-06-07T13:25:11,5000.0,13.4,B
2021-06-07T13:25:05,10000.0,13.35,S
2021-06-07T13:25:05,300.0,13.4,B
2021-06-07T13:25:03,1000.0,13.4,B
2021-06-07T13:25:02,300.0,13.4,B
2021-06-07T13:25:02,500.0,13.4,B
2021-06-07T13:25:01,500.0,13.4,B
2021-06-07T13:24:58,2100.0,13.4,B
2021-06-07T13:24:51,300.0,13.4,B
2021-06-07T13:24:50,300.0,13.4,B
2021-06-07T13:24:43,1000.0,13.4,B
2021-06-07T13:24:42,30000.0,13.4,B
2021-06-07T13:24:42,2300.0,13.4,B
2021-06-07T13:24:42,800.0,13.4,B
2021-06-07T13:24:41,5700.0,13.4,B
2021-06-07T13:24:33,100.0,13.4,B
2021-06-07T13:24:24,10000.0,13.4,B
2021-06-07T13:24:18,6000.0,13.4,B
2021-06-07T13:24:17,900.0,13.45,B
2021-06-07T13:24:17,9100.0,13.45,B
2021-06-07T13:24:17,1000.0,13.4,B
2021-06-07T13:24:14,4000.0,13.4,B
2021-06-07T13:24:13,300.0,13.4,B
2021-06-07T13:24:12,200.0,13.45,B
2021-06-07T13:24:11,500.0,13.4,B
2021-06-07T13:24:03,1000.0,13.45,B
2021-06-07T13:24:02,1400.0,13.45,B
2021-06-07T13:24:02,9600.0,13.45,B
2021-06-07T13:24:02,4400.0,13.45,B
2021-06-07T13:24:02,14600.0,13.45,B
2021-06-07T13:23:55,5000.0,13.4,B
2021-06-07T13:23:52,12600.0,13.45,B
2021-06-07T13:23:52,1200.0,13.45,B
2021-06-07T13:23:52,3600.0,13.45,B
2021-06-07T13:23:52,1100.0,13.45,B
2021-06-07T13:23:52,2000.0,13.45,B
2021-06-07T13:23:52,29500.0,13.45,B
2021-06-07T13:23:47,2000.0,13.4,B
2021-06-07T13:23:42,500.0,13.4,B
2021-06-07T13:23:31,200.0,13.4,B
2021-06-07T13:23:30,100.0,13.35,S
2021-06-07T13:23:28,200.0,13.4,B
2021-06-07T13:23:28,900.0,13.4,B
2021-06-07T13:23:27,1500.0,13.35,S
2021-06-07T13:23:27,22800.0,13.35,S
2021-06-07T13:23:24,1000.0,13.4,B
2021-06-07T13:23:13,50000.0,13.4,B
2021-06-07T13:23:07,1300.0,13.4,B
2021-06-07T13:23:05,300.0,13.4,B
2021-06-07T13:23:02,5400.0,13.4,B
2021-06-07T13:22:57,500.0,13.4,B
2021-06-07T13:22:52,200.0,13.4,B
2021-06-07T13:22:52,100.0,13.4,B
2021-06-07T13:22:51,2000.0,13.4,B
2021-06-07T13:22:48,600.0,13.4,B
2021-06-07T13:22:42,16600.0,13.35,S
2021-06-07T13:22:42,100.0,13.35,S
2021-06-07T13:22:42,800.0,13.35,S
2021-06-07T13:22:42,2000.0,13.4,B
2021-06-07T13:22:42,100.0,13.4,B
2021-06-07T13:22:41,3400.0,13.4,B
2021-06-07T13:22:41,4500.0,13.4,B
2021-06-07T13:22:39,200.0,13.35,S
2021-06-07T13:22:38,200.0,13.35,S
2021-06-07T13:22:37,2000.0,13.4,B
2021-06-07T13:22:34,1000.0,13.35,S
2021-06-07T13:22:33,1600.0,13.35,S
2021-06-07T13:22:31,100.0,13.4,B
2021-06-07T13:22:30,1000.0,13.4,B
2021-06-07T13:22:29,100.0,13.4,B
2021-06-07T13:22:21,1000.0,13.4,B
2021-06-07T13:22:20,100.0,13.4,B
2021-06-07T13:22:16,100.0,13.35,S
2021-06-07T13:22:16,200.0,13.4,B
2021-06-07T13:22:14,100.0,13.4,B
2021-06-07T13:22:11,800.0,13.4,B
2021-06-07T13:22:11,1700.0,13.4,B
2021-06-07T13:22:09,10000.0,13.4,B
2021-06-07T13:22:09,1000.0,13.35,S
2021-06-07T13:22:07,100.0,13.4,B
2021-06-07T13:22:05,500.0,13.35,S
2021-06-07T13:22:02,12200.0,13.35,S
2021-06-07T13:21:54,2000.0,13.4,B
2021-06-07T13:21:54,300.0,13.4,B
2021-06-07T13:21:54,100.0,13.4,B
2021-06-07T13:21:53,10000.0,13.35,S
2021-06-07T13:21:52,300.0,13.35,S
2021-06-07T13:21:46,200.0,13.4,B
2021-06-07T13:21:42,3000.0,13.4,B
2021-06-07T13:21:38,500.0,13.35,S
2021-06-07T13:21:37,200.0,13.4,B
2021-06-07T13:21:37,1000.0,13.4,B
2021-06-07T13:21:34,3000.0,13.35,S
2021-06-07T13:21:31,12000.0,13.4,B
2021-06-07T13:21:29,5000.0,13.4,B
2021-06-07T13:21:28,3000.0,13.35,S
2021-06-07T13:21:18,10000.0,13.4,B
2021-06-07T13:21:16,200.0,13.4,B
2021-06-07T13:21:14,100.0,13.4,B
2021-06-07T13:21:01,100.0,13.4,B
2021-06-07T13:20:56,10000.0,13.4,B
2021-06-07T13:20:46,3300.0,13.4,B
2021-06-07T13:20:45,6000.0,13.35,S
2021-06-07T13:20:44,400.0,13.4,B
2021-06-07T13:20:36,4000.0,13.35,S
2021-06-07T13:20:33,1100.0,13.35,S
2021-06-07T13:20:33,14900.0,13.35,S
2021-06-07T13:20:29,3000.0,13.35,S
2021-06-07T13:20:27,1000.0,13.35,S
2021-06-07T13:20:27,500.0,13.4,B
2021-06-07T13:20:26,1000.0,13.35,S
2021-06-07T13:20:25,2000.0,13.4,B
2021-06-07T13:20:20,500.0,13.4,B
2021-06-07T13:20:06,500.0,13.4,B
2021-06-07T13:20:05,2000.0,13.35,S
2021-06-07T13:20:05,1000.0,13.35,S
2021-06-07T13:20:01,5000.0,13.4,B
2021-06-07T13:19:55,500.0,13.4,B
2021-06-07T13:19:55,5000.0,13.35,S
2021-06-07T13:19:54,300.0,13.4,B
2021-06-07T13:19:54,100.0,13.4,B
2021-06-07T13:19:52,2100.0,13.4,B
2021-06-07T13:19:52,100.0,13.4,B
2021-06-07T13:19:49,10000.0,13.4,B
2021-06-07T13:19:47,5000.0,13.3,S
2021-06-07T13:19:47,3100.0,13.4,B
2021-06-07T13:19:46,2000.0,13.4,B
2021-06-07T13:19:45,400.0,13.35,S
2021-06-07T13:19:42,500.0,13.35,S
2021-06-07T13:19:41,16000.0,13.35,S
2021-06-07T13:19:41,1000.0,13.35,S
2021-06-07T13:19:36,22100.0,13.35,S
2021-06-07T13:19:26,8000.0,13.4,B
2021-06-07T13:19:24,2000.0,13.4,B
2021-06-07T13:19:21,10000.0,13.4,B
2021-06-07T13:19:21,500.0,13.4,B
2021-06-07T13:19:19,1700.0,13.4,B
2021-06-07T13:19:13,1300.0,13.4,B
2021-06-07T13:19:13,700.0,13.4,B
2021-06-07T13:19:12,2000.0,13.45,B
2021-06-07T13:19:06,10000.0,13.45,B
2021-06-07T13:19:01,3000.0,13.35,S
2021-06-07T13:18:58,500.0,13.35,S
2021-06-07T13:18:52,5000.0,13.4,B
2021-06-07T13:18:50,3300.0,13.4,B
2021-06-07T13:18:48,3500.0,13.35,S
2021-06-07T13:18:47,4400.0,13.4,B
2021-06-07T13:18:45,600.0,13.4,B
2021-06-07T13:18:44,300.0,13.4,B
2021-06-07T13:18:43,5000.0,13.4,B
2021-06-07T13:18:42,1200.0,13.4,B
2021-06-07T13:18:42,100.0,13.35,S
2021-06-07T13:18:40,400.0,13.4,B
2021-06-07T13:18:40,4600.0,13.4,B
2021-06-07T13:18:40,9000.0,13.4,B
2021-06-07T13:18:40,1000.0,13.4,B
2021-06-07T13:18:38,32000.0,13.3,S
2021-06-07T13:18:36,500.0,13.35,S
2021-06-07T13:18:32,22000.0,13.4,B
2021-06-07T13:18:31,9100.0,13.3,S
2021-06-07T13:18:31,900.0,13.35,S
2021-06-07T13:18:31,10000.0,13.35,S
2021-06-07T13:18:31,14200.0,13.35,S
2021-06-07T13:18:31,2900.0,13.35,S
2021-06-07T13:18:31,1500.0,13.35,S
2021-06-07T13:18:31,3000.0,13.35,S
2021-06-07T13:18:31,4800.0,13.35,S
2021-06-07T13:18:30,3600.0,13.35,S
2021-06-07T13:18:30,300.0,13.4,B
2021-06-07T13:18:28,1600.0,13.35,S
2021-06-07T13:18:26,36000.0,13.4,B
2021-06-07T13:18:26,500.0,13.4,B
2021-06-07T13:18:25,200.0,13.4,B
2021-06-07T13:18:22,1100.0,13.4,B
2021-06-07T13:18:19,400.0,13.4,B
2021-06-07T13:18:17,1000.0,13.4,B
2021-06-07T13:18:10,400.0,13.4,B
2021-06-07T13:18:04,30000.0,13.4,B
2021-06-07T13:17:59,1800.0,13.4,B
2021-06-07T13:17:58,8200.0,13.4,B
2021-06-07T13:17:47,2900.0,13.35,S
2021-06-07T13:17:42,4100.0,13.4,B
2021-06-07T13:17:42,7800.0,13.4,B
2021-06-07T13:17:40,100.0,13.4,B
2021-06-07T13:17:37,1000.0,13.4,B
2021-06-07T13:17:32,500.0,13.4,B
2021-06-07T13:17:30,200.0,13.4,B
2021-06-07T13:17:29,3000.0,13.35,S
2021-06-07T13:17:27,100.0,13.4,B
2021-06-07T13:17:18,300.0,13.4,B
2021-06-07T13:17:18,700.0,13.4,B
2021-06-07T13:17:17,14000.0,13.3,S
2021-06-07T13:17:17,500.0,13.3,S
2021-06-07T13:17:17,1500.0,13.3,S
2021-06-07T13:17:17,10000.0,13.35,S
2021-06-07T13:17:17,2400.0,13.35,S
2021-06-07T13:17:17,1000.0,13.35,S
2021-06-07T13:17:17,200.0,13.35,S
2021-06-07T13:17:16,5500.0,13.35,S
2021-06-07T13:17:16,8800.0,13.35,S
2021-06-07T13:17:16,200.0,13.35,S
2021-06-07T13:17:16,1300.0,13.35,S
2021-06-07T13:17:16,1400.0,13.35,S
2021-06-07T13:17:16,19500.0,13.35,S
2021-06-07T13:17:16,13100.0,13.35,S
2021-06-07T13:17:16,1400.0,13.35,S
2021-06-07T13:17:16,100.0,13.35,S
2021-06-07T13:17:16,5100.0,13.35,S
2021-06-07T13:17:15,5700.0,13.4,B
2021-06-07T13:17:14,300.0,13.4,B
2021-06-07T13:17:08,2000.0,13.35,S
2021-06-07T13:17:03,400.0,13.4,B
2021-06-07T13:17:00,1900.0,13.35,S
2021-06-07T13:16:59,1300.0,13.4,B
2021-06-07T13:16:56,200.0,13.4,B
2021-06-07T13:16:56,200.0,13.4,B
2021-06-07T13:16:55,600.0,13.4,B
2021-06-07T13:16:49,500.0,13.4,B
2021-06-07T13:16:38,200.0,13.4,B
2021-06-07T13:16:37,1000.0,13.35,S
2021-06-07T13:16:36,5000.0,13.35,S
2021-06-07T13:16:34,1000.0,13.35,S
2021-06-07T13:16:33,100.0,13.4,B
2021-06-07T13:16:31,100.0,13.4,B
2021-06-07T13:16:31,500.0,13.4,B
2021-06-07T13:16:29,5200.0,13.4,B
2021-06-07T13:16:22,300.0,13.4,B
2021-06-07T13:16:20,1000.0,13.4,B
2021-06-07T13:16:19,200.0,13.35,S
2021-06-07T13:16:14,1000.0,13.4,B
2021-06-07T13:16:06,1000.0,13.4,B
2021-06-07T13:16:04,800.0,13.4,B
2021-06-07T13:16:03,10000.0,13.4,B
2021-06-07T13:15:59,1500.0,13.35,S
2021-06-07T13:15:59,1700.0,13.4,B
2021-06-07T13:15:57,1800.0,13.4,B
2021-06-07T13:15:56,500.0,13.4,B
2021-06-07T13:15:56,800.0,13.4,B
2021-06-07T13:15:56,200.0,13.4,B
2021-06-07T13:15:52,5000.0,13.4,B
2021-06-07T13:15:50,100.0,13.4,B
2021-06-07T13:15:44,100.0,13.4,B
2021-06-07T13:15:43,100.0,13.4,B
2021-06-07T13:15:39,500.0,13.35,S
2021-06-07T13:15:39,4400.0,13.35,S
2021-06-07T13:15:39,100.0,13.35,S
2021-06-07T13:15:39,1400.0,13.35,S
2021-06-07T13:15:38,200.0,13.4,B
2021-06-07T13:15:37,9100.0,13.35,S
2021-06-07T13:15:36,1000.0,13.35,S
2021-06-07T13:15:35,700.0,13.4,B
2021-06-07T13:15:31,300.0,13.4,B
2021-06-07T13:15:23,10000.0,13.4,B
2021-06-07T13:15:22,1500.0,13.35,S
2021-06-07T13:15:21,500.0,13.4,B
2021-06-07T13:15:20,500.0,13.35,S
2021-06-07T13:15:19,600.0,13.35,S
2021-06-07T13:15:19,200.0,13.4,B
2021-06-07T13:15:14,1000.0,13.35,S
2021-06-07T13:15:13,2000.0,13.4,B
2021-06-07T13:15:08,500.0,13.4,B
2021-06-07T13:15:07,100.0,13.4,B
2021-06-07T13:15:06,2000.0,13.35,S
2021-06-07T13:15:04,1000.0,13.4,B
2021-06-07T13:14:59,200.0,13.4,B
2021-06-07T13:14:56,300.0,13.4,B
2021-06-07T13:14:56,700.0,13.4,B
2021-06-07T13:14:54,1000.0,13.4,B
2021-06-07T13:14:48,200.0,13.35,S
2021-06-07T13:14:48,300.0,13.35,S
2021-06-07T13:14:47,10000.0,13.35,S
2021-06-07T13:14:47,1300.0,13.4,B
2021-06-07T13:14:47,5000.0,13.4,B
2021-06-07T13:14:46,500.0,13.4,B
2021-06-07T13:14:46,3000.0,13.4,B
2021-06-07T13:14:43,7000.0,13.35,S
2021-06-07T13:14:37,2500.0,13.4,B
2021-06-07T13:14:37,3800.0,13.35,S
2021-06-07T13:14:37,1100.0,13.35,S
2021-06-07T13:14:37,4800.0,13.35,S
2021-06-07T13:14:37,300.0,13.35,S
2021-06-07T13:14:34,200.0,13.4,B
2021-06-07T13:14:29,4400.0,13.4,B
2021-06-07T13:14:28,1300.0,13.35,S
2021-06-07T13:14:28,10000.0,13.4,B
2021-06-07T13:14:20,1000.0,13.35,S
2021-06-07T13:14:18,2400.0,13.4,B
2021-06-07T13:14:18,2000.0,13.4,B
2021-06-07T13:14:18,3600.0,13.4,B
2021-06-07T13:14:18,300.0,13.35,S
2021-06-07T13:14:17,100.0,13.35,S
2021-06-07T13:14:13,1400.0,13.4,B
2021-06-07T13:14:13,600.0,13.4,B
2021-06-07T13:14:12,500.0,13.4,B
2021-06-07T13:14:11,600.0,13.4,B
2021-06-07T13:14:09,1300.0,13.4,B
2021-06-07T13:14:09,42100.0,13.4,B
2021-06-07T13:14:09,56600.0,13.35,S
2021-06-07T13:14:06,6000.0,13.35,S
2021-06-07T13:14:06,10000.0,13.35,S
2021-06-07T13:14:03,100.0,13.35,S
2021-06-07T13:14:02,8500.0,13.3,S
2021-06-07T13:14:02,1100.0,13.3,S
2021-06-07T13:14:02,300.0,13.3,S
2021-06-07T13:14:02,2100.0,13.3,S
2021-06-07T13:13:59,100.0,13.35,S
2021-06-07T13:13:56,200.0,13.35,S
2021-06-07T13:13:37,1600.0,13.35,S
2021-06-07T13:13:36,2000.0,13.35,S
2021-06-07T13:13:27,1000.0,13.35,S
2021-06-07T13:13:27,13600.0,13.35,S
2021-06-07T13:13:27,3900.0,13.35,S
2021-06-07T13:13:27,14900.0,13.35,S
2021-06-07T13:13:27,2200.0,13.35,S
2021-06-07T13:13:27,3200.0,13.35,S
2021-06-07T13:13:27,3000.0,13.35,S
2021-06-07T13:13:27,2900.0,13.35,S
2021-06-07T13:13:27,200.0,13.35,S
2021-06-07T13:13:27,51000.0,13.35,S
2021-06-07T13:13:27,2000.0,13.35,S
2021-06-07T13:13:27,25500.0,13.35,S
2021-06-07T13:13:17,100.0,13.4,B
2021-06-07T13:13:10,100.0,13.35,S
2021-06-07T13:13:08,1000.0,13.4,B
2021-06-07T13:13:04,1000.0,13.4,B
2021-06-07T13:13:03,1000.0,13.35,S
2021-06-07T13:12:57,100.0,13.4,B
2021-06-07T13:12:56,100.0,13.4,B
2021-06-07T13:12:49,100.0,13.4,B
2021-06-07T13:12:45,1500.0,13.35,S
2021-06-07T13:12:43,200.0,13.4,B
2021-06-07T13:12:35,1000.0,13.4,B
2021-06-07T13:12:32,7000.0,13.4,B
2021-06-07T13:12:30,300.0,13.35,S
2021-06-07T13:12:29,400.0,13.4,B
2021-06-07T13:12:27,10000.0,13.4,B
2021-06-07T13:12:26,1000.0,13.4,B
2021-06-07T13:12:20,100.0,13.4,B
2021-06-07T13:12:19,1100.0,13.4,B
2021-06-07T13:12:18,1000.0,13.4,B
2021-06-07T13:12:18,2000.0,13.4,B
2021-06-07T13:12:17,500.0,13.35,S
2021-06-07T13:12:16,500.0,13.35,S
2021-06-07T13:12:16,2000.0,13.35,S
2021-06-07T13:12:15,500.0,13.35,S
2021-06-07T13:12:12,5000.0,13.35,S
2021-06-07T13:12:12,500.0,13.35,S
2021-06-07T13:12:08,500.0,13.35,S
2021-06-07T13:12:07,500.0,13.35,S
2021-06-07T13:12:06,500.0,13.35,S
2021-06-07T13:12:02,500.0,13.35,S
2021-06-07T13:11:59,600.0,13.35,S
2021-06-07T13:11:58,500.0,13.35,S
2021-06-07T13:11:58,500.0,13.35,S
2021-06-07T13:11:57,500.0,13.35,S
2021-06-07T13:11:56,500.0,13.35,S
2021-06-07T13:11:54,200.0,13.35,S
2021-06-07T13:11:52,2800.0,13.35,S
2021-06-07T13:11:52,5000.0,13.35,S
2021-06-07T13:11:52,900.0,13.35,S
2021-06-07T13:11:52,2300.0,13.35,S
2021-06-07T13:11:51,5000.0,13.35,S
2021-06-07T13:11:50,900.0,13.4,B
2021-06-07T13:11:50,2000.0,13.4,B
2021-06-07T13:11:49,100.0,13.4,B
2021-06-07T13:11:44,500.0,13.4,B
2021-06-07T13:11:44,500.0,13.35,S
2021-06-07T13:11:41,200.0,13.35,S
2021-06-07T13:11:37,8500.0,13.35,S
2021-06-07T13:11:35,900.0,13.4,B
2021-06-07T13:11:31,2000.0,13.4,B
2021-06-07T13:11:29,300.0,13.4,B
2021-06-07T13:11:23,1000.0,13.4,B
2021-06-07T13:11:17,500.0,13.35,S
2021-06-07T13:11:17,1000.0,13.4,B
2021-06-07T13:11:12,2200.0,13.4,B
2021-06-07T13:11:12,8700.0,13.4,B
2021-06-07T13:11:12,2500.0,13.4,B
2021-06-07T13:11:12,18800.0,13.4,B
2021-06-07T13:11:11,300.0,13.35,S
2021-06-07T13:11:11,200.0,13.35,S
2021-06-07T13:11:10,2000.0,13.4,B
2021-06-07T13:11:07,100.0,13.4,B
2021-06-07T13:11:06,400.0,13.35,S
2021-06-07T13:11:05,7100.0,13.35,S
2021-06-07T13:11:05,700.0,13.4,B
2021-06-07T13:11:04,2000.0,13.35,S
2021-06-07T13:11:03,100.0,13.35,S
2021-06-07T13:10:58,2000.0,13.35,S
2021-06-07T13:10:57,2200.0,13.4,B
2021-06-07T13:10:56,15000.0,13.4,B
2021-06-07T13:10:56,2400.0,13.4,B
2021-06-07T13:10:54,200.0,13.35,S
2021-06-07T13:10:52,1000.0,13.35,S
2021-06-07T13:10:49,5000.0,13.4,B
2021-06-07T13:10:49,6000.0,13.4,B
2021-06-07T13:10:47,2000.0,13.4,B
2021-06-07T13:10:45,10000.0,13.4,B
2021-06-07T13:10:43,100.0,13.4,B
2021-06-07T13:10:41,10000.0,13.4,B
2021-06-07T13:10:38,20000.0,13.35,S
2021-06-07T13:10:37,100.0,13.4,B
2021-06-07T13:10:35,200.0,13.4,B
2021-06-07T13:10:34,2000.0,13.35,S
2021-06-07T13:10:34,2000.0,13.35,S
2021-06-07T13:10:23,1500.0,13.35,S
2021-06-07T13:10:23,8500.0,13.35,S
2021-06-07T13:10:23,300.0,13.4,B
2021-06-07T13:10:12,1000.0,13.4,B
2021-06-07T13:10:08,200.0,13.4,B
2021-06-07T13:10:02,500.0,13.4,B
2021-06-07T13:10:01,4800.0,13.35,S
2021-06-07T13:10:01,4000.0,13.35,S
2021-06-07T13:10:01,21200.0,13.35,S
2021-06-07T13:10:00,100.0,13.4,B
2021-06-07T13:09:54,300.0,13.4,B
2021-06-07T13:09:53,2000.0,13.4,B
2021-06-07T13:09:50,1000.0,13.4,B
2021-06-07T13:09:47,2600.0,13.4,B
2021-06-07T13:09:40,100.0,13.4,B
2021-06-07T13:09:38,9500.0,13.35,S
2021-06-07T13:09:37,100.0,13.4,B
2021-06-07T13:09:33,1500.0,13.4,B
2021-06-07T13:09:29,900.0,13.4,B
2021-06-07T13:09:27,1000.0,13.4,B
2021-06-07T13:09:25,5000.0,13.4,B
2021-06-07T13:09:11,1000.0,13.4,B
2021-06-07T13:09:10,500.0,13.4,B
2021-06-07T13:09:09,3400.0,13.3,S
2021-06-07T13:09:09,53700.0,13.3,S
2021-06-07T13:09:09,300.0,13.3,S
2021-06-07T13:09:09,1700.0,13.3,S
2021-06-07T13:09:09,1200.0,13.3,S
2021-06-07T13:09:09,3900.0,13.3,S
2021-06-07T13:09:09,300.0,13.3,S
2021-06-07T13:09:09,300.0,13.3,S
2021-06-07T13:09:09,700.0,13.3,S
2021-06-07T13:09:09,3800.0,13.3,S
2021-06-07T13:09:09,1000.0,13.3,S
2021-06-07T13:09:09,38500.0,13.3,S
2021-06-07T13:09:06,500.0,13.4,B
2021-06-07T13:09:05,600.0,13.35,S
2021-06-07T13:09:04,40000.0,13.35,S
2021-06-07T13:09:03,1000.0,13.4,B
2021-06-07T13:08:59,200.0,13.35,S
2021-06-07T13:08:59,1700.0,13.4,B
2021-06-07T13:08:56,900.0,13.35,S
2021-06-07T13:08:56,300.0,13.35,S
2021-06-07T13:08:55,500.0,13.35,S
2021-06-07T13:08:54,1000.0,13.4,B
2021-06-07T13:08:53,100.0,13.35,S
2021-06-07T13:08:50,100.0,13.35,S
2021-06-07T13:08:45,300.0,13.3,S
2021-06-07T13:08:45,27200.0,13.3,S
2021-06-07T13:08:43,3000.0,13.35,S
2021-06-07T13:08:31,1000.0,13.4,B
2021-06-07T13:08:30,500.0,13.4,B
2021-06-07T13:08:29,6500.0,13.3,S
2021-06-07T13:08:29,18500.0,13.3,S
2021-06-07T13:08:28,200.0,13.4,B
2021-06-07T13:08:26,1000.0,13.35,S
2021-06-07T13:08:23,5000.0,13.4,B
2021-06-07T13:08:22,100.0,13.35,S
2021-06-07T13:08:19,1200.0,13.35,S
2021-06-07T13:08:17,2100.0,13.4,B
2021-06-07T13:08:16,500.0,13.4,B
2021-06-07T13:08:15,100.0,13.4,B
2021-06-07T13:08:14,1700.0,13.35,S
2021-06-07T13:08:13,5000.0,13.35,S
2021-06-07T13:08:11,2500.0,13.35,S
2021-06-07T13:08:11,1200.0,13.35,S
2021-06-07T13:08:11,3300.0,13.35,S
2021-06-07T13:08:09,3000.0,13.35,S
2021-06-07T13:08:09,3600.0,13.35,S
2021-06-07T13:08:09,100.0,13.35,S
2021-06-07T13:08:09,1000.0,13.35,S
2021-06-07T13:08:09,600.0,13.35,S
2021-06-07T13:08:09,300.0,13.35,S
2021-06-07T13:08:09,500.0,13.35,S
2021-06-07T13:08:09,4000.0,13.35,S
2021-06-07T13:08:09,16900.0,13.35,S
2021-06-07T13:08:08,4600.0,13.35,S
2021-06-07T13:07:57,2000.0,13.35,S
2021-06-07T13:07:51,500.0,13.4,B
2021-06-07T13:07:48,1000.0,13.4,B
2021-06-07T13:07:45,200.0,13.35,S
2021-06-07T13:07:37,6000.0,13.4,B
2021-06-07T13:07:36,100.0,13.35,S
2021-06-07T13:07:33,1000.0,13.35,S
2021-06-07T13:07:26,6100.0,13.4,B
2021-06-07T13:07:24,18900.0,13.4,B
2021-06-07T13:07:24,1100.0,13.4,B
2021-06-07T13:07:20,2700.0,13.4,B
2021-06-07T13:07:20,2000.0,13.4,B
2021-06-07T13:07:19,10000.0,13.4,B
2021-06-07T13:07:14,300.0,13.4,B
2021-06-07T13:07:14,5000.0,13.4,B
2021-06-07T13:07:13,2000.0,13.4,B
2021-06-07T13:07:12,30000.0,13.4,B
2021-06-07T13:07:02,9700.0,13.4,B
2021-06-07T13:07:01,6000.0,13.4,B
2021-06-07T13:07:01,1000.0,13.4,B
2021-06-07T13:07:01,2800.0,13.4,B
2021-06-07T13:07:01,28400.0,13.4,B
2021-06-07T13:06:55,1200.0,13.4,B
2021-06-07T13:06:55,3000.0,13.4,B
2021-06-07T13:06:49,600.0,13.35,S
2021-06-07T13:06:49,1700.0,13.35,S
2021-06-07T13:06:47,3700.0,13.35,S
2021-06-07T13:06:44,2500.0,13.35,S
2021-06-07T13:06:37,600.0,13.4,B
2021-06-07T13:06:34,900.0,13.35,S
2021-06-07T13:06:33,100.0,13.4,B
2021-06-07T13:06:30,22900.0,13.35,S
2021-06-07T13:06:30,20200.0,13.3,S
2021-06-07T13:06:25,2900.0,13.4,B
2021-06-07T13:06:23,900.0,13.35,S
2021-06-07T13:06:23,100.0,13.35,S
2021-06-07T13:06:19,100.0,13.35,S
2021-06-07T13:06:16,10900.0,13.35,S
2021-06-07T13:06:14,3100.0,13.35,S
2021-06-07T13:06:13,1200.0,13.35,S
2021-06-07T13:06:13,5100.0,13.35,S
2021-06-07T13:06:11,200.0,13.45,B
2021-06-07T13:06:10,6200.0,13.35,S
2021-06-07T13:06:10,2800.0,13.4,B
2021-06-07T13:06:10,7600.0,13.4,B
2021-06-07T13:06:10,2500.0,13.4,B
2021-06-07T13:06:10,200.0,13.4,B
2021-06-07T13:06:09,2400.0,13.4,B
2021-06-07T13:06:06,5000.0,13.4,B
2021-06-07T13:06:00,4000.0,13.45,B
2021-06-07T13:05:57,43200.0,13.45,B
2021-06-07T13:05:57,2000.0,13.45,B
2021-06-07T13:05:57,9500.0,13.45,B
2021-06-07T13:05:57,17800.0,13.45,B
2021-06-07T13:05:57,4000.0,13.45,B
2021-06-07T13:05:57,200.0,13.45,B
2021-06-07T13:05:57,1600.0,13.45,B
2021-06-07T13:05:57,10500.0,13.45,B
2021-06-07T13:05:57,2600.0,13.45,B
2021-06-07T13:05:57,3200.0,13.45,B
2021-06-07T13:05:57,1000.0,13.45,B
2021-06-07T13:05:57,2500.0,13.45,B
2021-06-07T13:05:57,54800.0,13.4,B
2021-06-07T13:05:56,3100.0,13.35,S
2021-06-07T13:05:55,100.0,13.35,S
2021-06-07T13:05:55,1000.0,13.35,S
2021-06-07T13:05:55,1000.0,13.35,S
2021-06-07T13:05:52,2000.0,13.35,S
2021-06-07T13:05:49,500.0,13.35,S
2021-06-07T13:05:46,200.0,13.35,S
2021-06-07T13:05:40,2600.0,13.35,S
2021-06-07T13:05:40,500.0,13.4,B
2021-06-07T13:05:38,1000.0,13.4,B
2021-06-07T13:05:38,600.0,13.4,B
2021-06-07T13:05:36,300.0,13.4,B
2021-06-07T13:05:35,1600.0,13.4,B
2021-06-07T13:05:34,600.0,13.4,B
2021-06-07T13:05:30,15200.0,13.3,S
2021-06-07T13:05:30,8600.0,13.3,S
2021-06-07T13:05:30,200.0,13.3,S
2021-06-07T13:05:30,900.0,13.3,S
2021-06-07T13:05:30,2200.0,13.3,S
2021-06-07T13:05:30,6300.0,13.3,S
2021-06-07T13:05:30,9600.0,13.3,S
2021-06-07T13:05:30,7000.0,13.3,S
2021-06-07T13:05:25,100.0,13.4,B
2021-06-07T13:05:23,900.0,13.35,S
2021-06-07T13:05:22,200.0,13.35,S
2021-06-07T13:05:22,1100.0,13.3,S
2021-06-07T13:05:22,300.0,13.3,S
2021-06-07T13:05:22,500.0,13.3,S
2021-06-07T13:05:20,800.0,13.45,B
2021-06-07T13:05:20,3200.0,13.4,B
2021-06-07T13:05:20,10000.0,13.4,B
2021-06-07T13:05:19,1000.0,13.4,B
2021-06-07T13:05:19,3000.0,13.4,B
2021-06-07T13:05:17,1400.0,13.3,S
2021-06-07T13:05:16,3000.0,13.3,S
2021-06-07T13:05:06,200.0,13.4,B
2021-06-07T13:05:04,300.0,13.4,B
2021-06-07T13:05:03,200.0,13.4,B
2021-06-07T13:05:01,3000.0,13.3,S
2021-06-07T13:05:00,400.0,13.3,S
2021-06-07T13:04:59,1500.0,13.4,B
2021-06-07T13:04:53,1500.0,13.4,B
2021-06-07T13:04:52,1500.0,13.4,B
2021-06-07T13:04:51,1700.0,13.3,S
2021-06-07T13:04:46,300.0,13.4,B
2021-06-07T13:04:44,200.0,13.35,S
2021-06-07T13:04:42,900.0,13.4,B
2021-06-07T13:04:42,4100.0,13.4,B
2021-06-07T13:04:41,8600.0,13.35,S
2021-06-07T13:04:40,900.0,13.35,S
2021-06-07T13:04:35,1000.0,13.35,S
2021-06-07T13:04:31,15000.0,13.3,S
2021-06-07T13:04:29,2000.0,13.3,S
2021-06-07T13:04:29,4100.0,13.35,S
2021-06-07T13:04:24,10000.0,13.3,S
2021-06-07T13:04:20,500.0,13.4,B
2021-06-07T13:04:17,400.0,13.4,B
2021-06-07T13:04:16,1000.0,13.4,B
2021-06-07T13:04:14,100.0,13.35,S
2021-06-07T13:04:13,500.0,13.35,S
2021-06-07T13:04:13,600.0,13.35,S
2021-06-07T13:04:10,4800.0,13.35,S
2021-06-07T13:04:10,100.0,13.35,S
2021-06-07T13:04:09,400.0,13.3,S
2021-06-07T13:04:06,100.0,13.35,S
2021-06-07T13:04:05,700.0,13.35,S
2021-06-07T13:04:02,5300.0,13.3,S
2021-06-07T13:04:01,200.0,13.35,S
2021-06-07T13:03:59,1000.0,13.35,S
2021-06-07T13:03:58,13100.0,13.3,S
2021-06-07T13:03:58,6900.0,13.3,S
2021-06-07T13:03:57,1500.0,13.35,S
2021-06-07T13:03:56,2000.0,13.3,S
2021-06-07T13:03:55,200.0,13.4,B
2021-06-07T13:03:54,300.0,13.4,B
2021-06-07T13:03:48,700.0,13.4,B
2021-06-07T13:03:48,1200.0,13.4,B
2021-06-07T13:03:48,1900.0,13.35,S
2021-06-07T13:03:48,8100.0,13.35,S
2021-06-07T13:03:44,2000.0,13.4,B
2021-06-07T13:03:40,14900.0,13.4,B
2021-06-07T13:03:32,25000.0,13.4,B
2021-06-07T13:03:28,20000.0,13.4,B
2021-06-07T13:03:28,100.0,13.4,B
2021-06-07T13:03:28,100.0,13.4,B
2021-06-07T13:03:26,5800.0,13.3,S
2021-06-07T13:03:25,5000.0,13.4,B
2021-06-07T13:03:22,200.0,13.35,S
2021-06-07T13:03:19,600.0,13.35,S
2021-06-07T13:03:19,700.0,13.35,S
2021-06-07T13:03:13,1500.0,13.4,B
2021-06-07T13:03:12,2000.0,13.35,S
2021-06-07T13:03:11,100.0,13.4,B
2021-06-07T13:03:09,1000.0,13.35,S
2021-06-07T13:03:05,500.0,13.4,B
2021-06-07T13:03:03,1000.0,13.35,S
2021-06-07T13:02:56,5300.0,13.35,S
2021-06-07T13:02:54,200.0,13.35,S
2021-06-07T13:02:52,1400.0,13.4,B
2021-06-07T13:02:49,500.0,13.4,B
2021-06-07T13:02:46,2100.0,13.4,B
2021-06-07T13:02:46,4100.0,13.4,B
2021-06-07T13:02:46,3100.0,13.4,B
2021-06-07T13:02:46,700.0,13.4,B
2021-06-07T13:02:46,1000.0,13.4,B
2021-06-07T13:02:46,2400.0,13.4,B
2021-06-07T13:02:46,9600.0,13.4,B
2021-06-07T13:02:41,1500.0,13.4,B
2021-06-07T13:02:41,2000.0,13.4,B
2021-06-07T13:02:41,100.0,13.4,B
2021-06-07T13:02:41,1400.0,13.4,B
2021-06-07T13:02:38,400.0,13.4,B
2021-06-07T13:02:38,100.0,13.4,B
2021-06-07T13:02:37,200.0,13.4,B
2021-06-07T13:02:32,100.0,13.3,S
2021-06-07T13:02:32,1400.0,13.3,S
2021-06-07T13:02:32,3500.0,13.35,S
2021-06-07T13:02:30,1000.0,13.35,S
2021-06-07T13:02:20,100.0,13.4,B
2021-06-07T13:02:15,100.0,13.35,S
2021-06-07T13:02:13,500.0,13.4,B
2021-06-07T13:02:11,8900.0,13.35,S
2021-06-07T13:02:11,6100.0,13.35,S
2021-06-07T13:02:10,500.0,13.4,B
2021-06-07T13:02:09,400.0,13.35,S
2021-06-07T13:01:55,100.0,13.4,B
2021-06-07T13:01:53,100.0,13.4,B
2021-06-07T13:01:53,500.0,13.4,B
2021-06-07T13:01:49,800.0,13.4,B
2021-06-07T13:01:48,1000.0,13.4,B
2021-06-07T13:01:40,500.0,13.4,B
2021-06-07T13:01:40,200.0,13.4,B
2021-06-07T13:01:38,1000.0,13.4,B
2021-06-07T13:01:38,1000.0,13.4,B
2021-06-07T13:01:38,100.0,13.35,S
2021-06-07T13:01:35,600.0,13.35,S
2021-06-07T13:01:32,500.0,13.35,S
2021-06-07T13:01:31,4200.0,13.35,S
2021-06-07T13:01:29,800.0,13.35,S
2021-06-07T13:01:28,800.0,13.4,B
2021-06-07T13:01:28,100.0,13.4,B
2021-06-07T13:01:26,300.0,13.35,S
2021-06-07T13:01:25,15000.0,13.4,B
2021-06-07T13:01:25,1000.0,13.35,S
2021-06-07T13:01:24,300.0,13.35,S
2021-06-07T13:01:23,200.0,13.4,B
2021-06-07T13:01:23,1000.0,13.4,B
2021-06-07T13:01:21,100.0,13.4,B
2021-06-07T13:01:21,2100.0,13.4,B
2021-06-07T13:01:18,200.0,13.35,S
2021-06-07T13:01:17,5000.0,13.35,S
2021-06-07T13:01:15,3000.0,13.35,S
2021-06-07T13:01:14,1000.0,13.4,B
2021-06-07T13:01:10,1000.0,13.4,B
2021-06-07T13:01:09,100.0,13.4,B
2021-06-07T13:01:06,3300.0,13.35,S
2021-06-07T13:01:03,1000.0,13.35,S
2021-06-07T13:01:02,1000.0,13.4,B
2021-06-07T13:01:01,10000.0,13.35,S
2021-06-07T13:00:59,300.0,13.35,S
2021-06-07T13:00:57,500.0,13.35,S
2021-06-07T13:00:54,1200.0,13.4,B
2021-06-07T13:00:54,1500.0,13.4,B
2021-06-07T13:00:54,5000.0,13.4,B
2021-06-07T13:00:54,20000.0,13.35,S
2021-06-07T13:00:46,100.0,13.35,S
2021-06-07T13:00:46,500.0,13.4,B
2021-06-07T13:00:43,2000.0,13.4,B
2021-06-07T13:00:42,3300.0,13.4,B
2021-06-07T13:00:41,500.0,13.4,B
2021-06-07T13:00:40,500.0,13.35,S
2021-06-07T13:00:39,51800.0,13.35,S
2021-06-07T13:00:39,500.0,13.35,S
2021-06-07T13:00:31,3000.0,13.35,S
2021-06-07T13:00:25,200.0,13.35,S
2021-06-07T13:00:25,5200.0,13.35,S
2021-06-07T13:00:23,500.0,13.35,S
2021-06-07T13:00:23,500.0,13.35,S
2021-06-07T13:00:23,100.0,13.35,S
2021-06-07T13:00:23,200.0,13.35,S
2021-06-07T13:00:23,4100.0,13.35,S
2021-06-07T13:00:23,700.0,13.35,S
2021-06-07T13:00:23,2000.0,13.35,S
2021-06-07T13:00:23,4000.0,13.35,S
2021-06-07T13:00:23,2200.0,13.35,S
2021-06-07T13:00:23,3300.0,13.35,S
2021-06-07T13:00:23,600.0,13.35,S
2021-06-07T13:00:23,1000.0,13.35,S
2021-06-07T13:00:23,1500.0,13.35,S
2021-06-07T13:00:23,10100.0,13.35,S
2021-06-07T13:00:23,1100.0,13.35,S
2021-06-07T13:00:23,15000.0,13.35,S
2021-06-07T13:00:23,60100.0,13.35,S
2021-06-07T13:00:23,1800.0,13.35,S
2021-06-07T13:00:23,8000.0,13.35,S
2021-06-07T13:00:23,3300.0,13.35,S
2021-06-07T13:00:23,700.0,13.35,S
2021-06-07T13:00:23,3200.0,13.35,S
2021-06-07T13:00:23,1600.0,13.35,S
2021-06-07T13:00:23,500.0,13.35,S
2021-06-07T13:00:23,6000.0,13.35,S
2021-06-07T13:00:23,1500.0,13.35,S
2021-06-07T13:00:23,700.0,13.35,S
2021-06-07T13:00:23,18000.0,13.35,S
2021-06-07T13:00:23,7200.0,13.35,S
2021-06-07T13:00:23,9800.0,13.35,S
2021-06-07T13:00:21,200.0,13.35,S
2021-06-07T13:00:21,8400.0,13.35,S
2021-06-07T13:00:21,500.0,13.4,B
2021-06-07T13:00:21,5100.0,13.4,B
2021-06-07T13:00:21,500.0,13.4,B
2021-06-07T13:00:21,5500.0,13.4,B
2021-06-07T13:00:21,200.0,13.4,B
2021-06-07T13:00:19,200.0,13.4,B
2021-06-07T13:00:19,300.0,13.4,B
2021-06-07T13:00:19,1100.0,13.4,B
2021-06-07T13:00:19,200.0,13.4,B
2021-06-07T13:00:19,27600.0,13.4,B
2021-06-07T13:00:19,1100.0,13.4,B
2021-06-07T13:00:19,900.0,13.4,B
2021-06-07T13:00:19,1000.0,13.35,S
2021-06-07T13:00:19,3500.0,13.4,B
2021-06-07T13:00:19,2000.0,13.4,B
2021-06-07T13:00:19,400.0,13.4,B
2021-06-07T13:00:17,100.0,13.4,B
2021-06-07T13:00:17,100.0,13.4,B
2021-06-07T13:00:17,400.0,13.35,S
2021-06-07T13:00:17,2200.0,13.4,B
2021-06-07T13:00:17,300.0,13.4,B
2021-06-07T13:00:17,1300.0,13.35,S
2021-06-07T13:00:17,100.0,13.35,S
2021-06-07T13:00:17,400.0,13.35,S
2021-06-07T13:00:17,4200.0,13.35,S
2021-06-07T13:00:17,100.0,13.35,S
2021-06-07T13:00:17,1500.0,13.4,B
2021-06-07T13:00:17,6000.0,13.35,S
2021-06-07T13:00:17,2000.0,13.35,S
2021-06-07T13:00:17,600.0,13.4,B
2021-06-07T13:00:17,4000.0,13.4,B
2021-06-07T13:00:17,1400.0,13.4,B
2021-06-07T13:00:17,3000.0,13.35,S
2021-06-07T13:00:17,1700.0,13.4,B
2021-06-07T13:00:17,8800.0,13.4,B
2021-06-07T13:00:17,4200.0,13.4,B
2021-06-07T13:00:15,100.0,13.4,B
2021-06-07T13:00:15,3000.0,13.4,B
2021-06-07T13:00:15,200.0,13.4,B
2021-06-07T13:00:15,7800.0,13.35,S
2021-06-07T13:00:15,12700.0,13.4,B
2021-06-07T13:00:15,2000.0,13.4,B
2021-06-07T13:00:15,9500.0,13.35,S
2021-06-07T13:00:15,1000.0,13.35,S
2021-06-07T13:00:15,100.0,13.4,B
2021-06-07T13:00:15,5000.0,13.4,B
2021-06-07T13:00:15,1000.0,13.4,B
2021-06-07T13:00:15,14700.0,13.35,S
2021-06-07T13:00:15,29000.0,13.35,S
2021-06-07T13:00:15,22800.0,13.35,S
2021-06-07T13:00:15,11100.0,13.35,S
2021-06-07T11:34:19,1100.0,13.4,B
2021-06-07T11:34:19,300.0,13.4,B
2021-06-07T11:34:14,1000.0,13.4,B
2021-06-07T11:34:14,4800.0,13.4,B
2021-06-07T11:34:14,200.0,13.4,B
2021-06-07T11:34:14,2000.0,13.35,S
2021-06-07T11:34:14,1000.0,13.4,B
2021-06-07T11:34:09,2100.0,13.35,S
2021-06-07T11:34:09,10000.0,13.35,S
2021-06-07T11:34:09,1000.0,13.4,B
2021-06-07T11:34:04,6000.0,13.35,S
2021-06-07T11:34:04,200.0,13.35,S
2021-06-07T11:34:04,3500.0,13.4,B
2021-06-07T11:34:04,200.0,13.4,B
2021-06-07T11:34:04,200.0,13.4,B
2021-06-07T11:33:59,1000.0,13.4,B
2021-06-07T11:33:59,1000.0,13.35,S
2021-06-07T11:33:54,300.0,13.4,B
2021-06-07T11:33:54,35000.0,13.35,S
2021-06-07T11:33:54,100.0,13.35,S
2021-06-07T11:33:49,100.0,13.35,S
2021-06-07T11:33:49,10000.0,13.35,S
2021-06-07T11:33:49,100.0,13.35,S
2021-06-07T11:33:44,500.0,13.4,B
2021-06-07T11:33:39,5600.0,13.35,S
2021-06-07T11:33:39,200.0,13.4,B
2021-06-07T11:33:39,1000.0,13.4,B
2021-06-07T11:33:29,5100.0,13.4,B
2021-06-07T11:33:29,5000.0,13.4,B
2021-06-07T11:33:29,500.0,13.4,B
2021-06-07T11:33:29,800.0,13.4,B
2021-06-07T11:33:24,4000.0,13.4,B
2021-06-07T11:33:24,5600.0,13.4,B
2021-06-07T11:33:19,1700.0,13.4,B
2021-06-07T11:33:19,100.0,13.4,B
2021-06-07T11:33:14,66600.0,13.35,S
2021-06-07T11:33:14,5400.0,13.35,S
2021-06-07T11:33:14,1100.0,13.4,B
2021-06-07T11:33:14,100.0,13.4,B
2021-06-07T11:33:14,1000.0,13.4,B
2021-06-07T11:33:09,5000.0,13.4,B
2021-06-07T11:33:04,200.0,13.4,B
2021-06-07T11:33:04,1500.0,13.4,B
2021-06-07T11:33:04,1000.0,13.4,B
2021-06-07T11:33:04,500.0,13.4,B
2021-06-07T11:33:04,5000.0,13.4,B
2021-06-07T11:33:04,1700.0,13.4,B
2021-06-07T11:32:59,100.0,13.4,B
2021-06-07T11:32:59,900.0,13.4,B
2021-06-07T11:32:59,100.0,13.4,B
2021-06-07T11:32:54,500.0,13.4,B
2021-06-07T11:32:44,10000.0,13.35,S
2021-06-07T11:32:44,500.0,13.4,B
2021-06-07T11:32:39,1100.0,13.4,B
2021-06-07T11:32:39,700.0,13.4,B
2021-06-07T11:32:39,2000.0,13.35,S
2021-06-07T11:32:34,1000.0,13.35,S
2021-06-07T11:32:29,1200.0,13.4,B
2021-06-07T11:32:29,200.0,13.4,B
2021-06-07T11:32:29,200.0,13.4,B
2021-06-07T11:32:24,300.0,13.35,S
2021-06-07T11:32:19,5100.0,13.35,S
2021-06-07T11:32:19,100.0,13.4,B
2021-06-07T11:32:19,500.0,13.4,B
2021-06-07T11:32:19,600.0,13.4,B
2021-06-07T11:32:14,500.0,13.4,B
2021-06-07T11:32:14,5500.0,13.4,B
2021-06-07T11:32:14,500.0,13.4,B
2021-06-07T11:32:14,5000.0,13.35,S
2021-06-07T11:32:14,100.0,13.35,S
2021-06-07T11:32:09,500.0,13.4,B
2021-06-07T11:32:09,200.0,13.4,B
2021-06-07T11:32:04,1000.0,13.4,B
2021-06-07T11:31:59,500.0,13.4,B
2021-06-07T11:31:59,1000.0,13.4,B
2021-06-07T11:31:59,1000.0,13.35,S
2021-06-07T11:31:54,1000.0,13.4,B
2021-06-07T11:31:54,7300.0,13.35,S
2021-06-07T11:31:49,10000.0,13.4,B
2021-06-07T11:31:44,100.0,13.4,B
2021-06-07T11:31:44,7600.0,13.35,S
2021-06-07T11:31:39,1000.0,13.4,B
2021-06-07T11:31:34,1000.0,13.35,S
2021-06-07T11:31:34,10800.0,13.35,S
2021-06-07T11:31:34,2200.0,13.35,S
2021-06-07T11:31:34,200.0,13.35,S
2021-06-07T11:31:34,200.0,13.4,B
2021-06-07T11:31:34,500.0,13.4,B
2021-06-07T11:31:34,1300.0,13.4,B
2021-06-07T11:31:34,1000.0,13.4,B
2021-06-07T11:31:19,3000.0,13.4,B
2021-06-07T11:31:14,2000.0,13.35,S
2021-06-07T11:31:14,3000.0,13.4,B
2021-06-07T11:31:09,500.0,13.4,B
2021-06-07T11:31:04,1000.0,13.35,S
2021-06-07T11:31:04,500.0,13.4,B
2021-06-07T11:31:04,9300.0,13.4,B
2021-06-07T11:30:59,10000.0,13.35,S
2021-06-07T11:30:59,1000.0,13.4,B
2021-06-07T11:30:54,1000.0,13.4,B
2021-06-07T11:30:54,700.0,13.35,S
2021-06-07T11:30:54,1300.0,13.35,S
2021-06-07T11:30:54,10500.0,13.35,S
2021-06-07T11:30:54,2200.0,13.35,S
2021-06-07T11:30:54,5500.0,13.35,S
2021-06-07T11:30:54,12000.0,13.35,S
2021-06-07T11:30:54,500.0,13.35,S
2021-06-07T11:30:54,300.0,13.35,S
2021-06-07T11:30:54,100.0,13.4,B
2021-06-07T11:30:49,100.0,13.4,B
2021-06-07T11:30:49,3000.0,13.35,S
2021-06-07T11:30:49,5000.0,13.4,B
2021-06-07T11:30:44,2000.0,13.4,B
2021-06-07T11:30:39,2000.0,13.4,B
2021-06-07T11:30:34,1500.0,13.35,S
2021-06-07T11:30:34,1900.0,13.35,S
2021-06-07T11:30:34,900.0,13.4,B
2021-06-07T11:30:34,400.0,13.4,B
2021-06-07T11:30:29,1000.0,13.4,B
2021-06-07T11:30:29,1000.0,13.4,B
2021-06-07T11:30:29,2000.0,13.4,B
2021-06-07T11:30:29,10000.0,13.35,S
2021-06-07T11:30:29,700.0,13.4,B
2021-06-07T11:30:29,5000.0,13.35,S
2021-06-07T11:30:29,200.0,13.4,B
2021-06-07T11:30:19,1000.0,13.4,B
2021-06-07T11:30:19,30000.0,13.4,B
2021-06-07T11:30:19,100.0,13.4,B
2021-06-07T11:30:19,100.0,13.4,B
2021-06-07T11:30:19,2000.0,13.4,B
2021-06-07T11:30:19,800.0,13.35,S
2021-06-07T11:30:09,1600.0,13.4,B
2021-06-07T11:30:09,100.0,13.4,B
2021-06-07T11:30:09,400.0,13.4,B
2021-06-07T11:30:06,6000.0,13.4,B
2021-06-07T11:30:06,5000.0,13.4,B
2021-06-07T11:30:06,100.0,13.4,B
2021-06-07T11:30:06,1000.0,13.4,B
2021-06-07T11:30:06,500.0,13.4,B
2021-06-07T11:30:06,500.0,13.4,B
2021-06-07T11:30:04,10000.0,13.35,S
2021-06-07T11:30:04,1000.0,13.4,B
2021-06-07T11:30:02,400.0,13.4,B
2021-06-07T11:29:55,200.0,13.4,B
2021-06-07T11:29:53,1500.0,13.4,B
2021-06-07T11:29:53,1400.0,13.4,B
2021-06-07T11:29:52,1300.0,13.35,S
2021-06-07T11:29:49,1100.0,13.4,B
2021-06-07T11:29:48,2600.0,13.4,B
2021-06-07T11:29:47,1100.0,13.4,B
2021-06-07T11:29:44,100.0,13.4,B
2021-06-07T11:29:39,900.0,13.4,B
2021-06-07T11:29:37,9500.0,13.35,S
2021-06-07T11:29:35,20000.0,13.35,S
2021-06-07T11:29:33,600.0,13.4,B
2021-06-07T11:29:33,300.0,13.4,B
2021-06-07T11:29:31,1500.0,13.4,B
2021-06-07T11:29:30,10000.0,13.4,B
2021-06-07T11:29:28,1000.0,13.4,B
2021-06-07T11:29:27,300.0,13.4,B
2021-06-07T11:29:26,700.0,13.4,B
2021-06-07T11:29:23,200.0,13.4,B
2021-06-07T11:29:19,5000.0,13.4,B
2021-06-07T11:29:18,5000.0,13.4,B
2021-06-07T11:29:17,100.0,13.4,B
2021-06-07T11:29:11,1200.0,13.4,S
2021-06-07T11:29:10,2200.0,13.4,S
2021-06-07T11:29:05,3100.0,13.35,S
2021-06-07T11:28:58,5000.0,13.35,S
2021-06-07T11:28:58,100.0,13.4,S
2021-06-07T11:28:58,2000.0,13.4,S
2021-06-07T11:28:57,1200.0,13.4,S
2021-06-07T11:28:56,700.0,13.4,S
2021-06-07T11:28:54,300.0,13.4,S
2021-06-07T11:28:51,5800.0,13.4,S
2021-06-07T11:28:51,11800.0,13.35,S
2021-06-07T11:28:49,10000.0,13.4,S
2021-06-07T11:28:49,900.0,13.4,S
2021-06-07T11:28:47,1000.0,13.4,S
2021-06-07T11:28:44,500.0,13.4,S
2021-06-07T11:28:42,5000.0,13.4,S
2021-06-07T11:28:41,100.0,13.4,S
2021-06-07T11:28:39,1000.0,13.4,S
2021-06-07T11:28:34,1000.0,13.4,S
2021-06-07T11:28:34,100.0,13.35,S
2021-06-07T11:28:33,22300.0,13.4,S
2021-06-07T11:28:33,1000.0,13.4,S
2021-06-07T11:28:28,8600.0,13.35,S
2021-06-07T11:28:23,7700.0,13.4,S
2021-06-07T11:28:18,3000.0,13.4,S
2021-06-07T11:28:18,2000.0,13.4,S
2021-06-07T11:28:16,1000.0,13.4,S
2021-06-07T11:28:15,100.0,13.4,S
2021-06-07T11:28:13,2000.0,13.4,S
2021-06-07T11:28:09,1900.0,13.4,S
2021-06-07T11:28:06,20000.0,13.4,S
2021-06-07T11:28:03,1000.0,13.4,S
2021-06-07T11:28:01,400.0,13.4,S
2021-06-07T11:28:01,1100.0,13.35,S
2021-06-07T11:27:58,10000.0,13.4,S
2021-06-07T11:27:57,10000.0,13.4,S
2021-06-07T11:27:54,200.0,13.4,S
2021-06-07T11:27:44,200.0,13.4,S
2021-06-07T11:27:42,100.0,13.35,S
2021-06-07T11:27:41,2400.0,13.35,S
2021-06-07T11:27:41,5500.0,13.35,S
2021-06-07T11:27:40,7100.0,13.35,S
2021-06-07T11:27:33,500.0,13.4,S
2021-06-07T11:27:31,10000.0,13.4,S
2021-06-07T11:27:31,1700.0,13.4,S
2021-06-07T11:27:25,1000.0,13.4,S
2021-06-07T11:27:23,100.0,13.4,S
2021-06-07T11:27:20,42900.0,13.35,S
2021-06-07T11:27:20,100.0,13.35,S
2021-06-07T11:27:20,40700.0,13.35,S
2021-06-07T11:27:20,300.0,13.35,S
2021-06-07T11:27:20,6000.0,13.35,S
2021-06-07T11:27:18,200.0,13.4,S
2021-06-07T11:27:16,200.0,13.4,S
2021-06-07T11:27:15,500.0,13.4,S
2021-06-07T11:27:14,1000.0,13.4,S
2021-06-07T11:27:12,2000.0,13.4,S
2021-06-07T11:27:10,500.0,13.4,S
2021-06-07T11:27:05,100.0,13.4,S
2021-06-07T11:27:02,1000.0,13.4,S
2021-06-07T11:26:55,16800.0,13.4,S
2021-06-07T11:26:54,20000.0,13.4,S
2021-06-07T11:26:49,200.0,13.4,S
2021-06-07T11:26:44,5000.0,13.4,S
2021-06-07T11:26:44,1000.0,13.4,S
2021-06-07T11:26:41,900.0,13.35,S
2021-06-07T11:26:40,5000.0,13.4,S
2021-06-07T11:26:39,100.0,13.4,S
2021-06-07T11:26:39,300.0,13.4,S
2021-06-07T11:26:38,500.0,13.4,S
2021-06-07T11:26:37,200.0,13.4,S
2021-06-07T11:26:35,300.0,13.4,S
2021-06-07T11:26:35,8600.0,13.35,S
2021-06-07T11:26:34,2000.0,13.4,S
2021-06-07T11:26:34,2000.0,13.4,S
2021-06-07T11:26:34,300.0,13.4,S
2021-06-07T11:26:34,2000.0,13.4,S
2021-06-07T11:26:33,500.0,13.4,S
2021-06-07T11:26:32,1000.0,13.4,S
2021-06-07T11:26:30,2000.0,13.4,S
2021-06-07T11:26:30,400.0,13.4,S
2021-06-07T11:26:27,200.0,13.4,S
2021-06-07T11:26:25,6000.0,13.4,S
2021-06-07T11:26:24,5000.0,13.35,S
2021-06-07T11:26:21,400.0,13.35,S
2021-06-07T11:26:20,1000.0,13.35,S
2021-06-07T11:26:20,10000.0,13.4,S
2021-06-07T11:26:18,500.0,13.4,S
2021-06-07T11:26:16,2000.0,13.4,S
2021-06-07T11:26:14,300.0,13.4,S
2021-06-07T11:26:12,2000.0,13.4,S
2021-06-07T11:26:09,5000.0,13.4,S
2021-06-07T11:26:08,30100.0,13.4,S
2021-06-07T11:26:08,1000.0,13.4,S
2021-06-07T11:26:06,10000.0,13.4,S
2021-06-07T11:26:06,11000.0,13.35,S
2021-06-07T11:26:05,5000.0,13.4,S
2021-06-07T11:26:05,2500.0,13.4,S
2021-06-07T11:26:05,5100.0,13.35,S
2021-06-07T11:26:04,1200.0,13.4,S
2021-06-07T11:25:57,200.0,13.35,S
2021-06-07T11:25:52,500.0,13.4,S
2021-06-07T11:25:52,5000.0,13.4,S
2021-06-07T11:25:49,1000.0,13.4,S
2021-06-07T11:25:46,7000.0,13.4,S
2021-06-07T11:25:45,3000.0,13.4,S
2021-06-07T11:25:44,500.0,13.4,S
2021-06-07T11:25:40,20000.0,13.4,S
2021-06-07T11:25:39,500.0,13.4,S
2021-06-07T11:25:39,1000.0,13.4,S
2021-06-07T11:25:38,100.0,13.35,S
2021-06-07T11:25:36,500.0,13.4,S
2021-06-07T11:25:36,500.0,13.4,S
2021-06-07T11:25:31,18600.0,13.4,S
2021-06-07T11:25:30,2800.0,13.4,S
2021-06-07T11:25:30,200.0,13.4,S
2021-06-07T11:25:30,22100.0,13.4,S
2021-06-07T11:25:30,6600.0,13.4,S
2021-06-07T11:25:30,18300.0,13.4,S
2021-06-07T11:25:29,800.0,13.4,S
2021-06-07T11:25:26,200.0,13.4,S
2021-06-07T11:25:25,2000.0,13.4,S
2021-06-07T11:25:25,200700.0,13.4,S
2021-06-07T11:25:23,400.0,13.4,S
2021-06-07T11:25:23,50500.0,13.4,S
2021-06-07T11:25:22,100000.0,13.4,S
2021-06-07T11:25:21,4000.0,13.35,S
2021-06-07T11:25:20,500.0,13.35,S
2021-06-07T11:25:15,1000.0,13.4,S
2021-06-07T11:25:12,300.0,13.4,S
2021-06-07T11:25:12,5000.0,13.4,S
2021-06-07T11:25:11,1000.0,13.4,S
2021-06-07T11:25:10,900.0,13.35,S
2021-06-07T11:25:08,2000.0,13.4,S
2021-06-07T11:25:07,30000.0,13.35,S
2021-06-07T11:25:07,2000.0,13.4,S
2021-06-07T11:25:06,1000.0,13.4,S
2021-06-07T11:25:02,3000.0,13.4,S
2021-06-07T11:25:01,1000.0,13.4,S
2021-06-07T11:24:59,2000.0,13.4,S
2021-06-07T11:24:56,50000.0,13.4,S
2021-06-07T11:24:55,100.0,13.35,S
2021-06-07T11:24:54,4200.0,13.4,S
2021-06-07T11:24:53,700.0,13.4,S
2021-06-07T11:24:53,3500.0,13.4,S
2021-06-07T11:24:52,1000.0,13.4,S
2021-06-07T11:24:50,200.0,13.4,S
2021-06-07T11:24:49,5000.0,13.4,S
2021-06-07T11:24:47,200.0,13.4,S
2021-06-07T11:24:47,4000.0,13.4,S
2021-06-07T11:24:44,9000.0,13.4,S
2021-06-07T11:24:43,500.0,13.4,S
2021-06-07T11:24:42,1000.0,13.4,S
2021-06-07T11:24:38,200.0,13.4,S
2021-06-07T11:24:38,500.0,13.4,S
2021-06-07T11:24:34,2000.0,13.4,S
2021-06-07T11:24:33,100.0,13.4,S
2021-06-07T11:24:33,1000.0,13.4,S
2021-06-07T11:24:32,100.0,13.4,S
2021-06-07T11:24:32,3000.0,13.4,S
2021-06-07T11:24:31,2000.0,13.35,S
2021-06-07T11:24:31,100.0,13.4,S
2021-06-07T11:24:25,200.0,13.4,S
2021-06-07T11:24:21,200.0,13.4,S
2021-06-07T11:24:21,3300.0,13.4,S
2021-06-07T11:24:19,6000.0,13.35,S
2021-06-07T11:24:15,5000.0,13.35,S
2021-06-07T11:24:12,5000.0,13.4,S
2021-06-07T11:24:10,2600.0,13.4,S
2021-06-07T11:24:10,2500.0,13.4,S
2021-06-07T11:24:09,2100.0,13.4,S
2021-06-07T11:24:04,5000.0,13.35,S
2021-06-07T11:24:02,1000.0,13.35,S
2021-06-07T11:24:01,6000.0,13.4,S
2021-06-07T11:24:00,1000.0,13.4,S
2021-06-07T11:23:58,3100.0,13.35,S
2021-06-07T11:23:56,100.0,13.4,S
2021-06-07T11:23:56,2000.0,13.4,S
2021-06-07T11:23:56,5000.0,13.35,S
2021-06-07T11:23:55,400.0,13.4,S
2021-06-07T11:23:49,100.0,13.4,S
2021-06-07T11:23:48,100.0,13.4,S
2021-06-07T11:23:46,100.0,13.4,S
2021-06-07T11:23:41,5200.0,13.35,S
2021-06-07T11:23:38,2200.0,13.35,S
2021-06-07T11:23:37,1000.0,13.4,S
2021-06-07T11:23:33,500.0,13.4,S
2021-06-07T11:23:33,1000.0,13.4,S
2021-06-07T11:23:31,200.0,13.4,S
2021-06-07T11:23:28,10000.0,13.4,S
2021-06-07T11:23:26,100.0,13.4,S
2021-06-07T11:23:24,100.0,13.4,S
2021-06-07T11:23:22,4000.0,13.4,S
2021-06-07T11:23:20,100.0,13.35,S
2021-06-07T11:23:19,1000.0,13.4,S
2021-06-07T11:23:19,1000.0,13.4,S
2021-06-07T11:23:13,500.0,13.4,S
2021-06-07T11:23:12,1600.0,13.4,S
2021-06-07T11:23:11,1000.0,13.4,S
2021-06-07T11:23:10,15100.0,13.4,S
2021-06-07T11:23:09,100.0,13.4,S
2021-06-07T11:23:09,200.0,13.4,S
2021-06-07T11:23:08,700.0,13.4,S
2021-06-07T11:23:08,2000.0,13.4,S
2021-06-07T11:23:06,500.0,13.4,S
2021-06-07T11:23:06,500.0,13.4,S
2021-06-07T11:23:03,200.0,13.4,S
2021-06-07T11:23:02,100.0,13.35,S
2021-06-07T11:23:01,5000.0,13.35,S
2021-06-07T11:23:01,10000.0,13.4,S
2021-06-07T11:22:58,100.0,13.4,S
2021-06-07T11:22:57,1000.0,13.35,S
2021-06-07T11:22:57,200.0,13.4,S
2021-06-07T11:22:54,300.0,13.4,S
2021-06-07T11:22:53,5900.0,13.4,S
2021-06-07T11:22:52,200.0,13.4,S
2021-06-07T11:22:50,500.0,13.35,S
2021-06-07T11:22:48,500.0,13.4,S
2021-06-07T11:22:48,100.0,13.4,S
2021-06-07T11:22:48,18400.0,13.4,S
2021-06-07T11:22:47,5000.0,13.35,S
2021-06-07T11:22:47,10000.0,13.4,S
2021-06-07T11:22:46,700.0,13.35,S
2021-06-07T11:22:35,1000.0,13.4,S
2021-06-07T11:22:32,2600.0,13.35,S
2021-06-07T11:22:32,2400.0,13.35,S
2021-06-07T11:22:32,3000.0,13.35,S
2021-06-07T11:22:31,100.0,13.4,S
2021-06-07T11:22:29,300.0,13.4,S
2021-06-07T11:22:25,200.0,13.4,S
2021-06-07T11:22:22,500.0,13.4,S
2021-06-07T11:22:19,5000.0,13.4,S
2021-06-07T11:22:19,500.0,13.4,S
2021-06-07T11:22:19,2500.0,13.4,S
2021-06-07T11:22:15,10100.0,13.4,S
2021-06-07T11:22:15,300.0,13.4,S
2021-06-07T11:22:15,400.0,13.4,S
2021-06-07T11:22:11,2000.0,13.4,S
2021-06-07T11:22:09,3000.0,13.4,S
2021-06-07T11:22:03,500.0,13.4,S
2021-06-07T11:22:03,100.0,13.4,S
2021-06-07T11:22:02,300.0,13.4,S
2021-06-07T11:22:02,20000.0,13.35,S
2021-06-07T11:22:02,1000.0,13.4,S
2021-06-07T11:22:01,10100.0,13.4,S
2021-06-07T11:21:53,2000.0,13.4,S
2021-06-07T11:21:51,3000.0,13.35,S
2021-06-07T11:21:51,4200.0,13.35,S
2021-06-07T11:21:51,1200.0,13.4,S
2021-06-07T11:21:51,22400.0,13.4,S
2021-06-07T11:21:51,5000.0,13.4,S
2021-06-07T11:21:51,44200.0,13.4,S
2021-06-07T11:21:48,2600.0,13.4,S
2021-06-07T11:21:45,200.0,13.4,S
2021-06-07T11:21:45,10000.0,13.45,B
2021-06-07T11:21:43,500.0,13.4,S
2021-06-07T11:21:39,3000.0,13.4,S
2021-06-07T11:21:35,10000.0,13.45,B
2021-06-07T11:21:35,1200.0,13.45,B
2021-06-07T11:21:34,1000.0,13.45,B
2021-06-07T11:21:32,2300.0,13.45,B
2021-06-07T11:21:27,100.0,13.45,B
2021-06-07T11:21:25,5000.0,13.4,S
2021-06-07T11:21:24,1500.0,13.4,S
2021-06-07T11:21:22,5000.0,13.4,S
2021-06-07T11:21:22,3000.0,13.45,B
2021-06-07T11:21:20,20000.0,13.4,S
2021-06-07T11:21:17,2000.0,13.4,S
2021-06-07T11:21:16,6000.0,13.45,B
2021-06-07T11:21:14,3000.0,13.4,S
2021-06-07T11:21:10,2000.0,13.45,B
2021-06-07T11:21:08,100.0,13.4,S
2021-06-07T11:21:08,2500.0,13.4,S
2021-06-07T11:21:08,45400.0,13.4,S
2021-06-07T11:21:07,1000.0,13.4,S
2021-06-07T11:21:06,100.0,13.4,S
2021-06-07T11:21:06,100.0,13.4,S
2021-06-07T11:21:05,1000.0,13.4,S
2021-06-07T11:21:04,6900.0,13.35,S
2021-06-07T11:21:04,4000.0,13.35,S
2021-06-07T11:21:03,2000.0,13.4,S
2021-06-07T11:20:59,2000.0,13.4,S
2021-06-07T11:20:57,100.0,13.4,S
2021-06-07T11:20:57,100.0,13.4,S
2021-06-07T11:20:56,1500.0,13.4,S
2021-06-07T11:20:56,4400.0,13.4,S
2021-06-07T11:20:53,2000.0,13.4,S
2021-06-07T11:20:53,100.0,13.4,S
2021-06-07T11:20:52,7000.0,13.4,S
2021-06-07T11:20:49,2000.0,13.4,S
2021-06-07T11:20:44,10000.0,13.4,S
2021-06-07T11:20:41,1000.0,13.4,S
2021-06-07T11:20:39,700.0,13.4,S
2021-06-07T11:20:38,2000.0,13.35,S
2021-06-07T11:20:37,400.0,13.4,S
2021-06-07T11:20:34,2800.0,13.35,S
2021-06-07T11:20:34,100.0,13.4,S
2021-06-07T11:20:31,600.0,13.4,S
2021-06-07T11:20:31,54300.0,13.35,S
2021-06-07T11:20:31,200.0,13.4,S
2021-06-07T11:20:30,800.0,13.4,S
2021-06-07T11:20:28,2000.0,13.4,S
2021-06-07T11:20:26,1000.0,13.4,S
2021-06-07T11:20:24,200.0,13.4,S
2021-06-07T11:20:21,200.0,13.4,S
2021-06-07T11:20:20,25800.0,13.4,S
2021-06-07T11:20:15,6000.0,13.4,S
2021-06-07T11:20:13,200.0,13.4,S
2021-06-07T11:20:13,2500.0,13.4,S
2021-06-07T11:20:12,15000.0,13.35,S
2021-06-07T11:20:10,1000.0,13.4,S
2021-06-07T11:20:09,400.0,13.35,S
2021-06-07T11:20:06,8800.0,13.4,S
2021-06-07T11:20:06,3200.0,13.4,S
2021-06-07T11:20:04,100.0,13.4,S
2021-06-07T11:20:04,3000.0,13.4,S
2021-06-07T11:20:00,500.0,13.4,S
2021-06-07T11:19:55,200.0,13.4,S
2021-06-07T11:19:55,200.0,13.4,S
2021-06-07T11:19:54,8000.0,13.4,S
2021-06-07T11:19:52,18500.0,13.4,S
2021-06-07T11:19:52,500.0,13.4,S
2021-06-07T11:19:52,6800.0,13.4,S
2021-06-07T11:19:52,4200.0,13.4,S
2021-06-07T11:19:49,800.0,13.35,S
2021-06-07T11:19:47,2600.0,13.4,S
2021-06-07T11:19:46,10000.0,13.4,S
2021-06-07T11:19:45,32000.0,13.35,S
2021-06-07T11:19:42,13000.0,13.4,S
2021-06-07T11:19:41,1000.0,13.4,S
2021-06-07T11:19:40,500.0,13.4,S
2021-06-07T11:19:38,2200.0,13.4,S
2021-06-07T11:19:35,5000.0,13.4,S
2021-06-07T11:19:34,1500.0,13.4,S
2021-06-07T11:19:33,1000.0,13.4,S
2021-06-07T11:19:33,10000.0,13.4,S
2021-06-07T11:19:32,1000.0,13.4,S
2021-06-07T11:19:30,3000.0,13.35,S
2021-06-07T11:19:20,1000.0,13.4,S
2021-06-07T11:19:11,20000.0,13.35,S
2021-06-07T11:19:11,3000.0,13.4,S
2021-06-07T11:19:04,200.0,13.35,S
2021-06-07T11:19:03,5000.0,13.4,S
2021-06-07T11:18:59,1100.0,13.4,S
2021-06-07T11:18:57,1000.0,13.4,S
2021-06-07T11:18:56,3700.0,13.4,S
2021-06-07T11:18:51,100.0,13.4,S
2021-06-07T11:18:48,700.0,13.4,S
2021-06-07T11:18:47,100.0,13.35,S
2021-06-07T11:18:46,700.0,13.4,S
2021-06-07T11:18:44,4400.0,13.4,S
2021-06-07T11:18:43,200.0,13.35,S
2021-06-07T11:18:42,900.0,13.35,S
2021-06-07T11:18:41,5000.0,13.4,S
2021-06-07T11:18:41,1000.0,13.35,S
2021-06-07T11:18:41,400.0,13.4,S
2021-06-07T11:18:40,1000.0,13.4,S
2021-06-07T11:18:39,15000.0,13.4,S
2021-06-07T11:18:38,2000.0,13.4,S
2021-06-07T11:18:30,100.0,13.4,S
2021-06-07T11:18:30,3000.0,13.4,S
2021-06-07T11:18:30,1000.0,13.35,S
2021-06-07T11:18:27,1000.0,13.4,S
2021-06-07T11:18:24,1000.0,13.4,S
2021-06-07T11:18:20,21000.0,13.35,S
2021-06-07T11:18:20,800.0,13.35,S
2021-06-07T11:18:20,200.0,13.35,S
2021-06-07T11:18:20,20200.0,13.35,S
2021-06-07T11:18:20,9800.0,13.35,S
2021-06-07T11:18:19,1000.0,13.4,S
2021-06-07T11:18:17,100.0,13.4,S
2021-06-07T11:18:15,10500.0,13.4,S
2021-06-07T11:18:11,30000.0,13.4,S
2021-06-07T11:18:11,19000.0,13.4,S
2021-06-07T11:18:08,4000.0,13.4,S
2021-06-07T11:18:08,2000.0,13.35,S
2021-06-07T11:18:06,20000.0,13.4,S
2021-06-07T11:18:05,1000.0,13.4,S
2021-06-07T11:18:04,1000.0,13.4,S
2021-06-07T11:18:01,16100.0,13.35,S
2021-06-07T11:18:01,1000.0,13.4,S
2021-06-07T11:18:01,100.0,13.4,S
2021-06-07T11:17:59,1000.0,13.4,S
2021-06-07T11:17:57,500.0,13.4,S
2021-06-07T11:17:54,2200.0,13.4,S
2021-06-07T11:17:52,2000.0,13.4,S
2021-06-07T11:17:52,100.0,13.4,S
2021-06-07T11:17:49,500.0,13.4,S
2021-06-07T11:17:49,5000.0,13.4,S
2021-06-07T11:17:45,2700.0,13.35,S
2021-06-07T11:17:45,500.0,13.4,S
2021-06-07T11:17:44,100.0,13.4,S
2021-06-07T11:17:39,400.0,13.4,S
2021-06-07T11:17:38,1000.0,13.4,S
2021-06-07T11:17:37,10000.0,13.35,S
2021-06-07T11:17:35,700.0,13.4,S
2021-06-07T11:17:31,5000.0,13.4,S
2021-06-07T11:17:26,11000.0,13.4,S
2021-06-07T11:17:26,1000.0,13.4,S
2021-06-07T11:17:22,1200.0,13.35,S
2021-06-07T11:17:21,30000.0,13.4,S
2021-06-07T11:17:19,1000.0,13.4,S
2021-06-07T11:17:18,3400.0,13.35,S
2021-06-07T11:17:16,300.0,13.4,S
2021-06-07T11:17:11,100.0,13.4,S
2021-06-07T11:17:11,500.0,13.4,S
2021-06-07T11:17:11,100.0,13.4,S
2021-06-07T11:17:11,500.0,13.4,S
2021-06-07T11:17:06,5300.0,13.4,S
2021-06-07T11:17:06,2000.0,13.4,S
2021-06-07T11:17:04,15000.0,13.4,S
2021-06-07T11:17:04,2000.0,13.4,S
2021-06-07T11:17:03,2000.0,13.4,S
2021-06-07T11:17:02,5000.0,13.4,S
2021-06-07T11:17:01,3000.0,13.4,S
2021-06-07T11:16:56,100.0,13.4,S
2021-06-07T11:16:44,100.0,13.4,S
2021-06-07T11:16:41,1000.0,13.4,S
2021-06-07T11:16:41,1000.0,13.4,S
2021-06-07T11:16:29,1000.0,13.4,S
2021-06-07T11:16:27,1000.0,13.4,S
2021-06-07T11:16:26,400.0,13.4,S
2021-06-07T11:16:26,500.0,13.4,S
2021-06-07T11:16:20,500.0,13.4,S
2021-06-07T11:16:20,1700.0,13.4,S
2021-06-07T11:16:17,100.0,13.35,S
2021-06-07T11:16:17,200.0,13.35,S
2021-06-07T11:16:16,300.0,13.4,S
2021-06-07T11:16:16,15000.0,13.35,S
2021-06-07T11:16:14,1400.0,13.4,S
2021-06-07T11:16:14,1000.0,13.4,S
2021-06-07T11:16:14,100.0,13.4,S
2021-06-07T11:16:13,2000.0,13.4,S
2021-06-07T11:16:10,300.0,13.35,S
2021-06-07T11:16:09,200.0,13.4,S
2021-06-07T11:16:08,100.0,13.4,S
2021-06-07T11:16:08,100000.0,13.35,S
2021-06-07T11:16:04,100.0,13.4,S
2021-06-07T11:16:03,3200.0,13.4,S
2021-06-07T11:15:58,1000.0,13.4,S
2021-06-07T11:15:56,1200.0,13.4,S
2021-06-07T11:15:55,10000.0,13.4,S
2021-06-07T11:15:53,1800.0,13.4,S
2021-06-07T11:15:49,1600.0,13.4,S
2021-06-07T11:15:49,3000.0,13.4,S
2021-06-07T11:15:49,100.0,13.4,S
2021-06-07T11:15:45,1800.0,13.4,S
2021-06-07T11:15:45,100.0,13.4,S
2021-06-07T11:15:43,600.0,13.4,S
2021-06-07T11:15:42,5000.0,13.4,S
2021-06-07T11:15:41,100.0,13.4,S
2021-06-07T11:15:40,1400.0,13.35,S
2021-06-07T11:15:40,4600.0,13.35,S
2021-06-07T11:15:40,400.0,13.35,S
2021-06-07T11:15:36,1000.0,13.4,S
2021-06-07T11:15:36,100.0,13.4,S
2021-06-07T11:15:33,1000.0,13.4,S
2021-06-07T11:15:29,101000.0,13.4,S
2021-06-07T11:15:27,100.0,13.4,S
2021-06-07T11:15:25,200.0,13.4,S
2021-06-07T11:15:23,1000.0,13.4,S
2021-06-07T11:15:23,300.0,13.4,S
2021-06-07T11:15:22,2000.0,13.4,S
2021-06-07T11:15:20,20000.0,13.4,S
2021-06-07T11:15:18,1000.0,13.4,S
2021-06-07T11:15:16,200.0,13.4,S
2021-06-07T11:15:15,2000.0,13.4,S
2021-06-07T11:15:15,1000.0,13.4,S
2021-06-07T11:15:15,2100.0,13.4,S
2021-06-07T11:15:13,2000.0,13.4,S
2021-06-07T11:15:13,100.0,13.4,S
2021-06-07T11:15:13,10000.0,13.4,S
2021-06-07T11:15:11,1000.0,13.4,S
2021-06-07T11:15:11,100.0,13.4,S
2021-06-07T11:15:09,22100.0,13.4,S
2021-06-07T11:15:09,11100.0,13.4,S
2021-06-07T11:15:09,20600.0,13.4,S
2021-06-07T11:15:06,5000.0,13.4,S
2021-06-07T11:15:05,1000.0,13.4,S
2021-06-07T11:15:04,500.0,13.4,S
2021-06-07T11:15:02,2500.0,13.4,S
2021-06-07T11:15:02,3000.0,13.4,S
2021-06-07T11:15:01,10000.0,13.4,S
2021-06-07T11:14:54,3500.0,13.4,S
2021-06-07T11:14:52,1000.0,13.4,S
2021-06-07T11:14:51,2100.0,13.4,S
2021-06-07T11:14:51,7900.0,13.4,S
2021-06-07T11:14:50,1300.0,13.4,S
2021-06-07T11:14:49,8000.0,13.45,B
2021-06-07T11:14:47,500.0,13.4,S
2021-06-07T11:14:46,20000.0,13.4,S
2021-06-07T11:14:46,500.0,13.4,S
2021-06-07T11:14:46,2000.0,13.45,B
2021-06-07T11:14:42,200.0,13.4,S
2021-06-07T11:14:41,400.0,13.4,S
2021-06-07T11:14:41,1000.0,13.4,S
2021-06-07T11:14:41,1100.0,13.4,S
2021-06-07T11:14:39,500.0,13.45,B
2021-06-07T11:14:38,100.0,13.45,B
2021-06-07T11:14:35,200.0,13.45,B
2021-06-07T11:14:33,3000.0,13.4,S
2021-06-07T11:14:33,700.0,13.45,B
2021-06-07T11:14:31,3300.0,13.4,S
2021-06-07T11:14:23,1000.0,13.45,B
2021-06-07T11:14:22,200.0,13.4,S
2021-06-07T11:14:19,9000.0,13.4,S
2021-06-07T11:14:18,8200.0,13.4,S
2021-06-07T11:14:18,7400.0,13.4,S
2021-06-07T11:14:17,3000.0,13.45,B
2021-06-07T11:14:13,100.0,13.4,S
2021-06-07T11:14:13,5000.0,13.45,B
2021-06-07T11:14:12,3200.0,13.4,S
2021-06-07T11:14:07,300.0,13.45,B
2021-06-07T11:14:05,200.0,13.45,B
2021-06-07T11:14:05,9300.0,13.4,S
2021-06-07T11:14:05,700.0,13.4,S
2021-06-07T11:14:05,500.0,13.45,B
2021-06-07T11:14:04,400.0,13.4,S
2021-06-07T11:14:03,100.0,13.45,B
2021-06-07T11:14:03,300.0,13.4,S
2021-06-07T11:14:02,2600.0,13.45,B
2021-06-07T11:14:01,3900.0,13.4,S
2021-06-07T11:14:01,1500.0,13.45,B
2021-06-07T11:13:57,2900.0,13.45,B
2021-06-07T11:13:56,4800.0,13.4,S
2021-06-07T11:13:56,8700.0,13.4,S
2021-06-07T11:13:56,12300.0,13.4,S
2021-06-07T11:13:56,1100.0,13.4,S
2021-06-07T11:13:56,2000.0,13.4,S
2021-06-07T11:13:56,2500.0,13.4,S
2021-06-07T11:13:56,2300.0,13.4,S
2021-06-07T11:13:56,3600.0,13.4,S
2021-06-07T11:13:56,6600.0,13.4,S
2021-06-07T11:13:56,300.0,13.4,S
2021-06-07T11:13:56,3300.0,13.4,S
2021-06-07T11:13:55,3200.0,13.4,S
2021-06-07T11:13:55,1300.0,13.4,S
2021-06-07T11:13:55,500.0,13.4,S
2021-06-07T11:13:55,2100.0,13.4,S
2021-06-07T11:13:55,6200.0,13.4,S
2021-06-07T11:13:55,1100.0,13.4,S
2021-06-07T11:13:55,3000.0,13.4,S
2021-06-07T11:13:55,6000.0,13.4,S
2021-06-07T11:13:55,6500.0,13.4,S
2021-06-07T11:13:55,9600.0,13.4,S
2021-06-07T11:13:52,6000.0,13.4,S
2021-06-07T11:13:52,100.0,13.45,B
2021-06-07T11:13:51,100.0,13.4,S
2021-06-07T11:13:49,3000.0,13.4,S
2021-06-07T11:13:48,4800.0,13.4,S
2021-06-07T11:13:48,1600.0,13.45,B
2021-06-07T11:13:46,5000.0,13.4,S
2021-06-07T11:13:46,3000.0,13.4,S
2021-06-07T11:13:46,2000.0,13.45,B
2021-06-07T11:13:46,500.0,13.45,B
2021-06-07T11:13:44,10000.0,13.4,S
2021-06-07T11:13:43,200.0,13.4,S
2021-06-07T11:13:41,300.0,13.45,B
2021-06-07T11:13:38,5000.0,13.4,S
2021-06-07T11:13:35,1300.0,13.4,S
2021-06-07T11:13:35,16200.0,13.4,S
2021-06-07T11:13:35,5100.0,13.4,S
2021-06-07T11:13:35,1000.0,13.4,S
2021-06-07T11:13:35,6400.0,13.4,S
2021-06-07T11:13:33,14000.0,13.4,S
2021-06-07T11:13:26,500.0,13.4,S
2021-06-07T11:13:26,1200.0,13.4,S
2021-06-07T11:13:26,1800.0,13.4,S
2021-06-07T11:13:23,10000.0,13.4,S
2021-06-07T11:13:23,3200.0,13.4,S
2021-06-07T11:13:23,2100.0,13.4,S
2021-06-07T11:13:22,2500.0,13.4,S
2021-06-07T11:13:22,500.0,13.45,B
2021-06-07T11:13:21,700.0,13.4,S
2021-06-07T11:13:21,1400.0,13.4,S
2021-06-07T11:13:21,100.0,13.4,S
2021-06-07T11:13:21,7800.0,13.4,S
2021-06-07T11:13:19,3000.0,13.4,S
2021-06-07T11:13:16,1000.0,13.45,B
2021-06-07T11:13:14,500.0,13.4,S
2021-06-07T11:13:11,1000.0,13.4,S
2021-06-07T11:13:07,100.0,13.4,S
2021-06-07T11:13:07,900.0,13.4,S
2021-06-07T11:13:01,1000.0,13.45,S
2021-06-07T11:13:01,300.0,13.4,S
2021-06-07T11:12:57,400.0,13.4,S
2021-06-07T11:12:57,2300.0,13.4,S
2021-06-07T11:12:57,1600.0,13.4,S
2021-06-07T11:12:57,4100.0,13.4,S
2021-06-07T11:12:57,1600.0,13.4,S
2021-06-07T11:12:56,5000.0,13.45,S
2021-06-07T11:12:56,2000.0,13.45,S
2021-06-07T11:12:55,500.0,13.4,S
2021-06-07T11:12:54,9000.0,13.4,S
2021-06-07T11:12:51,700.0,13.45,S
2021-06-07T11:12:48,5000.0,13.45,S
2021-06-07T11:12:48,10000.0,13.4,S
2021-06-07T11:12:45,1000.0,13.45,S
2021-06-07T11:12:43,7000.0,13.4,S
2021-06-07T11:12:41,900.0,13.45,S
2021-06-07T11:12:36,5000.0,13.4,S
2021-06-07T11:12:35,400.0,13.45,S
2021-06-07T11:12:34,100.0,13.4,S
2021-06-07T11:12:33,18800.0,13.4,S
2021-06-07T11:12:33,17200.0,13.4,S
2021-06-07T11:12:33,4500.0,13.4,S
2021-06-07T11:12:31,1000.0,13.45,S
2021-06-07T11:12:29,3000.0,13.4,S
2021-06-07T11:12:29,4500.0,13.45,S
2021-06-07T11:12:26,100.0,13.45,S
2021-06-07T11:12:26,500.0,13.45,S
2021-06-07T11:12:21,2000.0,13.45,S
2021-06-07T11:12:20,21700.0,13.45,S
2021-06-07T11:12:19,100.0,13.4,S
2021-06-07T11:12:17,300.0,13.45,S
2021-06-07T11:12:15,15400.0,13.4,S
2021-06-07T11:12:15,1000.0,13.4,S
2021-06-07T11:12:15,9600.0,13.4,S
2021-06-07T11:12:15,7500.0,13.4,S
2021-06-07T11:12:15,500.0,13.4,S
2021-06-07T11:12:15,2000.0,13.4,S
2021-06-07T11:12:09,21500.0,13.4,S
2021-06-07T11:12:06,3000.0,13.45,S
2021-06-07T11:12:04,100.0,13.4,S
2021-06-07T11:12:03,5000.0,13.4,S
2021-06-07T11:12:00,1000.0,13.4,S
2021-06-07T11:11:57,3000.0,13.4,S
2021-06-07T11:11:55,700.0,13.45,S
2021-06-07T11:11:50,500.0,13.4,S
2021-06-07T11:11:50,1000.0,13.5,B
2021-06-07T11:11:48,20500.0,13.4,S
2021-06-07T11:11:41,18000.0,13.4,S
2021-06-07T11:11:41,10000.0,13.4,S
2021-06-07T11:11:38,1200.0,13.4,S
2021-06-07T11:11:25,1100.0,13.4,S
2021-06-07T11:11:24,500.0,13.4,S
2021-06-07T11:11:22,14000.0,13.4,S
2021-06-07T11:11:20,2000.0,13.5,B
2021-06-07T11:11:18,16000.0,13.5,B
2021-06-07T11:11:00,3000.0,13.4,S
2021-06-07T11:10:58,400.0,13.4,S
2021-06-07T11:10:57,1000.0,13.4,S
2021-06-07T11:10:56,1900.0,13.5,B
2021-06-07T11:10:55,20000.0,13.4,S
2021-06-07T11:10:55,50000.0,13.4,S
2021-06-07T11:10:50,51000.0,13.4,S
2021-06-07T11:10:45,2000.0,13.4,S
2021-06-07T11:10:44,5000.0,13.5,B
2021-06-07T11:10:42,400.0,13.4,S
2021-06-07T11:10:40,1400.0,13.4,S
2021-06-07T11:10:40,600.0,13.45,S
2021-06-07T11:10:29,10000.0,13.5,B
2021-06-07T11:10:29,800.0,13.5,B
2021-06-07T11:10:23,100.0,13.5,B
2021-06-07T11:10:22,2600.0,13.4,S
2021-06-07T11:10:22,2500.0,13.4,S
2021-06-07T11:10:21,4500.0,13.4,S
2021-06-07T11:10:18,200.0,13.5,B
2021-06-07T11:10:14,2300.0,13.4,S
2021-06-07T11:10:11,7300.0,13.5,B
2021-06-07T11:10:10,200.0,13.5,B
2021-06-07T11:10:08,100.0,13.5,B
2021-06-07T11:10:06,100.0,13.5,B
2021-06-07T11:10:05,300.0,13.4,S
2021-06-07T11:10:03,1000.0,13.5,B
2021-06-07T11:10:02,8000.0,13.4,S
2021-06-07T11:10:01,2000.0,13.5,B
2021-06-07T11:09:59,1500.0,13.4,S
2021-06-07T11:09:56,2500.0,13.4,S
2021-06-07T11:09:52,5000.0,13.4,S
2021-06-07T11:09:52,1000.0,13.4,S
2021-06-07T11:09:51,2000.0,13.5,B
2021-06-07T11:09:47,5000.0,13.5,B
2021-06-07T11:09:46,500.0,13.5,B
2021-06-07T11:09:45,100.0,13.4,S
2021-06-07T11:09:39,100.0,13.4,S
2021-06-07T11:09:38,4000.0,13.4,S
2021-06-07T11:09:38,1600.0,13.45,S
2021-06-07T11:09:36,500.0,13.5,B
2021-06-07T11:09:29,1500.0,13.4,S
2021-06-07T11:09:28,500.0,13.4,S
2021-06-07T11:09:22,4000.0,13.4,S
2021-06-07T11:09:21,2900.0,13.4,S
2021-06-07T11:09:19,5000.0,13.5,B
2021-06-07T11:09:14,100.0,13.5,B
2021-06-07T11:09:13,3000.0,13.4,S
2021-06-07T11:09:10,100.0,13.5,B
2021-06-07T11:09:09,200.0,13.5,B
2021-06-07T11:09:08,100.0,13.5,B
2021-06-07T11:09:02,11600.0,13.4,S
2021-06-07T11:09:01,400.0,13.45,S
2021-06-07T11:09:00,1000.0,13.5,B
2021-06-07T11:08:52,1000.0,13.4,S
2021-06-07T11:08:52,6700.0,13.5,B
2021-06-07T11:08:52,400.0,13.5,B
2021-06-07T11:08:49,2500.0,13.5,B
2021-06-07T11:08:46,17900.0,13.4,S
2021-06-07T11:08:45,400.0,13.45,S
2021-06-07T11:08:44,4700.0,13.5,B
2021-06-07T11:08:44,300.0,13.5,B
2021-06-07T11:08:43,3000.0,13.5,B
2021-06-07T11:08:43,2800.0,13.45,S
2021-06-07T11:08:39,500.0,13.5,B
2021-06-07T11:08:38,1000.0,13.45,S
2021-06-07T11:08:37,100.0,13.5,B
2021-06-07T11:08:36,2000.0,13.45,S
2021-06-07T11:08:36,100.0,13.5,B
2021-06-07T11:08:34,1600.0,13.5,B
2021-06-07T11:08:33,8400.0,13.5,B
2021-06-07T11:08:33,100.0,13.5,B
2021-06-07T11:08:30,1000.0,13.45,S
2021-06-07T11:08:26,600.0,13.45,S
2021-06-07T11:08:23,1500.0,13.4,S
2021-06-07T11:08:22,4800.0,13.4,S
2021-06-07T11:08:13,1000.0,13.45,S
2021-06-07T11:08:06,1000.0,13.5,B
2021-06-07T11:08:05,100.0,13.5,B
2021-06-07T11:08:02,5000.0,13.4,S
2021-06-07T11:07:53,500.0,13.5,B
2021-06-07T11:07:53,900.0,13.4,S
2021-06-07T11:07:51,2000.0,13.4,S
2021-06-07T11:07:50,10000.0,13.4,S
2021-06-07T11:07:50,500.0,13.4,S
2021-06-07T11:07:49,1000.0,13.5,B
2021-06-07T11:07:48,500.0,13.4,S
2021-06-07T11:07:47,500.0,13.4,S
2021-06-07T11:07:47,200.0,13.4,S
2021-06-07T11:07:44,4300.0,13.4,S
2021-06-07T11:07:44,1000.0,13.4,S
2021-06-07T11:07:44,700.0,13.4,S
2021-06-07T11:07:43,4000.0,13.4,S
2021-06-07T11:07:38,200.0,13.5,B
2021-06-07T11:07:38,500.0,13.5,B
2021-06-07T11:07:34,30000.0,13.5,B
2021-06-07T11:07:32,500.0,13.5,B
2021-06-07T11:07:32,100.0,13.5,B
2021-06-07T11:07:32,100.0,13.4,S
2021-06-07T11:07:29,3000.0,13.5,B
2021-06-07T11:07:29,3000.0,13.5,B
2021-06-07T11:07:23,3000.0,13.5,B
2021-06-07T11:07:19,7100.0,13.5,B
2021-06-07T11:07:18,100.0,13.5,B
2021-06-07T11:07:16,100.0,13.5,B
2021-06-07T11:07:16,100.0,13.5,B
2021-06-07T11:07:16,400.0,13.5,B
2021-06-07T11:07:16,1000.0,13.5,B
2021-06-07T11:07:16,500.0,13.4,S
2021-06-07T11:07:14,200.0,13.5,B
2021-06-07T11:06:59,100.0,13.5,B
2021-06-07T11:06:57,37000.0,13.5,B
2021-06-07T11:06:56,5000.0,13.4,S
2021-06-07T11:06:56,4700.0,13.4,S
2021-06-07T11:06:56,6000.0,13.4,S
2021-06-07T11:06:56,2500.0,13.4,S
2021-06-07T11:06:56,1100.0,13.4,S
2021-06-07T11:06:55,5700.0,13.4,S
2021-06-07T11:06:53,1000.0,13.5,B
2021-06-07T11:06:50,2000.0,13.5,B
2021-06-07T11:06:49,800.0,13.4,S
2021-06-07T11:06:48,500.0,13.45,S
2021-06-07T11:06:47,3000.0,13.45,S
2021-06-07T11:06:45,5000.0,13.45,S
2021-06-07T11:06:43,800.0,13.45,S
2021-06-07T11:06:40,200.0,13.5,B
2021-06-07T11:06:40,200.0,13.45,S
2021-06-07T11:06:38,1200.0,13.5,B
2021-06-07T11:06:37,500.0,13.45,S
2021-06-07T11:06:35,5000.0,13.4,S
2021-06-07T11:06:34,11100.0,13.5,B
2021-06-07T11:06:34,3100.0,13.5,B
2021-06-07T11:06:34,3700.0,13.5,B
2021-06-07T11:06:32,5000.0,13.4,S
2021-06-07T11:06:28,1000.0,13.45,S
2021-06-07T11:06:23,100.0,13.4,S
2021-06-07T11:06:23,1000.0,13.45,S
2021-06-07T11:06:20,18700.0,13.4,S
2021-06-07T11:06:20,1000.0,13.4,S
2021-06-07T11:06:20,10000.0,13.4,S
2021-06-07T11:06:13,10000.0,13.4,S
2021-06-07T11:06:10,3000.0,13.5,B
2021-06-07T11:06:10,10000.0,13.4,S
2021-06-07T11:06:10,1500.0,13.4,S
2021-06-07T11:06:09,10000.0,13.4,S
2021-06-07T11:06:09,100.0,13.45,S
2021-06-07T11:06:05,100.0,13.5,B
2021-06-07T11:05:53,5100.0,13.5,B
2021-06-07T11:05:53,12100.0,13.5,B
2021-06-07T11:05:53,10000.0,13.5,B
2021-06-07T11:05:53,800.0,13.5,B
2021-06-07T11:05:52,5000.0,13.4,S
2021-06-07T11:05:50,800.0,13.5,B
2021-06-07T11:05:50,21700.0,13.5,B
2021-06-07T11:05:49,200.0,13.4,S
2021-06-07T11:05:48,500.0,13.5,B
