tradingTime,volume,price,side
2021-06-07T14:19:03,3000.0,16.05,S
2021-06-07T14:19:03,2000.0,16.05,S
2021-06-07T13:53:49,200.0,16.1,B
2021-06-07T13:53:02,200.0,16.1,B
2021-06-07T13:53:01,1000.0,16.05,S
2021-06-07T13:52:52,1000.0,16.05,S
2021-06-07T13:52:39,3000.0,16.05,S
2021-06-07T13:52:34,3000.0,16.1,B
2021-06-07T13:49:28,2000.0,16.05,S
2021-06-07T13:46:37,400.0,16.1,B
2021-06-07T13:46:33,100.0,16.1,B
2021-06-07T13:45:15,1800.0,16.1,B
2021-06-07T13:45:14,900.0,16.1,B
2021-06-07T13:44:10,2600.0,16.1,B
2021-06-07T13:43:00,6000.0,16.05,S
2021-06-07T13:41:20,100.0,16.1,B
2021-06-07T13:40:06,500.0,16.1,B
2021-06-07T13:39:49,100.0,16.1,B
2021-06-07T13:38:44,500.0,16.1,B
2021-06-07T13:38:38,2000.0,16.05,S
2021-06-07T13:38:35,200.0,16.05,S
2021-06-07T13:36:42,2000.0,16.05,S
2021-06-07T13:36:01,1000.0,16.1,B
2021-06-07T13:35:59,700.0,16.05,S
2021-06-07T13:35:59,1300.0,16.05,S
2021-06-07T13:35:59,1000.0,16.05,S
2021-06-07T13:34:20,200.0,16.1,B
2021-06-07T13:32:45,2000.0,16.05,S
2021-06-07T13:32:36,2000.0,16.05,S
2021-06-07T13:28:36,1300.0,16.05,B
2021-06-07T13:27:55,100.0,16.05,B
2021-06-07T13:27:49,100.0,16.05,B
2021-06-07T13:27:22,100.0,16.05,B
2021-06-07T13:25:51,200.0,16.05,B
2021-06-07T13:25:29,100.0,16.05,B
2021-06-07T13:25:25,1000.0,16.05,B
2021-06-07T13:25:08,400.0,16.05,B
2021-06-07T13:24:01,5000.0,16.05,B
2021-06-07T13:23:45,3000.0,16.05,B
2021-06-07T13:22:11,100.0,16.05,B
2021-06-07T13:22:06,100.0,16.05,B
2021-06-07T13:21:42,200.0,16.0,S
2021-06-07T13:20:56,100.0,16.05,B
2021-06-07T13:20:43,500.0,16.05,B
2021-06-07T13:20:40,100.0,16.05,B
2021-06-07T13:18:07,300.0,16.0,B
2021-06-07T13:17:46,2700.0,16.0,B
2021-06-07T13:17:27,100.0,16.0,B
2021-06-07T13:17:00,100.0,16.0,B
2021-06-07T13:16:55,1300.0,16.0,B
2021-06-07T13:15:57,700.0,16.0,B
2021-06-07T13:15:39,100.0,15.9,S
2021-06-07T13:14:42,500.0,15.9,S
2021-06-07T13:13:10,300.0,15.9,S
2021-06-07T13:13:10,100.0,15.9,S
2021-06-07T13:13:10,2000.0,15.9,S
2021-06-07T13:10:56,300.0,15.9,S
2021-06-07T13:10:56,1700.0,15.9,S
2021-06-07T13:10:51,300.0,16.0,S
2021-06-07T13:09:52,2000.0,15.9,S
2021-06-07T13:09:48,2000.0,15.9,S
2021-06-07T13:08:58,2000.0,15.9,S
2021-06-07T13:08:54,2000.0,15.9,S
2021-06-07T13:06:52,3000.0,15.9,S
2021-06-07T13:06:52,2000.0,15.9,S
2021-06-07T13:05:51,100.0,15.9,S
2021-06-07T13:05:06,600.0,16.05,B
2021-06-07T13:04:22,2000.0,15.9,S
2021-06-07T11:33:59,2000.0,15.9,S
2021-06-07T11:33:54,300.0,15.95,S
2021-06-07T11:33:54,1700.0,16.0,S
2021-06-07T11:32:59,100.0,16.0,S
2021-06-07T11:32:24,2000.0,16.0,S
2021-06-07T11:32:04,200.0,16.1,B
2021-06-07T11:31:24,100.0,16.1,B
2021-06-07T11:30:06,2000.0,15.9,S
2021-06-07T11:30:06,2000.0,16.0,S
2021-06-07T11:30:03,2000.0,16.0,S
2021-06-07T11:28:42,100.0,16.1,B
2021-06-07T11:27:50,1000.0,16.0,S
2021-06-07T11:26:56,300.0,16.0,S
2021-06-07T11:26:42,700.0,16.0,S
2021-06-07T11:26:39,100.0,16.0,S
2021-06-07T11:26:35,100.0,16.0,S
2021-06-07T11:26:33,100.0,16.0,S
2021-06-07T11:26:30,100.0,16.0,S
2021-06-07T11:26:26,100.0,16.0,S
2021-06-07T11:25:25,5300.0,15.9,S
2021-06-07T11:25:25,14700.0,15.9,S
2021-06-07T11:25:03,500.0,16.1,B
2021-06-07T11:24:41,2000.0,16.0,S
2021-06-07T11:24:00,1500.0,16.0,S
2021-06-07T11:23:14,100.0,16.0,S
2021-06-07T11:19:45,4000.0,16.0,B
2021-06-07T11:19:20,1000.0,16.0,B
2021-06-07T11:18:16,300.0,16.0,B
2021-06-07T11:17:44,2000.0,16.0,B
2021-06-07T11:17:28,2000.0,16.0,B
2021-06-07T11:15:23,5000.0,16.0,B
2021-06-07T11:14:47,900.0,16.0,B
2021-06-07T11:14:30,5000.0,16.0,B
2021-06-07T11:14:07,400.0,16.0,B
2021-06-07T11:13:54,10000.0,16.0,B
2021-06-07T11:13:09,200.0,16.0,B
2021-06-07T11:13:01,1000.0,16.0,B
2021-06-07T11:12:29,100.0,16.0,B
2021-06-07T11:11:55,600.0,16.0,B
2021-06-07T11:11:51,7000.0,16.0,B
2021-06-07T11:11:17,100.0,16.0,B
2021-06-07T11:10:08,200.0,16.0,B
2021-06-07T11:09:00,300.0,16.0,B
2021-06-07T11:08:29,100.0,16.0,B
2021-06-07T11:08:17,200.0,16.0,B
2021-06-07T11:08:03,100.0,16.0,B
2021-06-07T11:07:50,500.0,16.0,B
2021-06-07T11:07:22,500.0,16.0,B
2021-06-07T11:07:16,1000.0,16.0,B
2021-06-07T11:07:01,200.0,16.0,B
2021-06-07T11:06:53,500.0,16.0,B
2021-06-07T11:06:48,3000.0,16.0,B
2021-06-07T11:06:12,10000.0,16.0,B
2021-06-07T11:05:27,2000.0,16.0,S
2021-06-07T11:05:20,6000.0,16.0,S
2021-06-07T11:05:20,1400.0,16.0,S
2021-06-07T11:05:20,3500.0,16.0,S
2021-06-07T11:03:54,800.0,16.0,S
2021-06-07T11:03:54,3000.0,16.0,S
2021-06-07T11:03:54,8000.0,16.0,S
2021-06-07T11:03:54,1100.0,16.0,S
2021-06-07T11:03:54,200.0,16.0,S
2021-06-07T11:03:54,100.0,16.0,S
2021-06-07T11:03:54,1100.0,16.0,S
2021-06-07T11:03:54,100.0,16.0,S
2021-06-07T11:03:54,1100.0,16.0,S
2021-06-07T11:03:54,1100.0,16.0,S
2021-06-07T11:03:54,1600.0,16.0,S
2021-06-07T11:03:53,1000.0,16.0,S
2021-06-07T11:03:53,2800.0,16.0,S
2021-06-07T11:03:45,900.0,16.0,S
2021-06-07T11:03:45,500.0,16.0,S
2021-06-07T11:03:45,600.0,16.0,S
2021-06-07T11:03:44,10000.0,16.0,S
2021-06-07T11:03:28,3000.0,16.0,S
2021-06-07T11:02:18,500.0,16.0,S
2021-06-07T11:02:02,3200.0,16.1,S
2021-06-07T10:59:57,200.0,16.15,S
2021-06-07T10:59:54,100.0,16.2,B
2021-06-07T10:59:28,1800.0,16.0,S
2021-06-07T10:59:28,5000.0,16.0,S
2021-06-07T10:59:28,2100.0,16.0,S
2021-06-07T10:59:28,1800.0,16.0,S
2021-06-07T10:59:28,8900.0,16.0,S
2021-06-07T10:59:28,400.0,16.15,S
2021-06-07T10:59:11,600.0,16.15,S
2021-06-07T10:57:18,500.0,16.2,B
2021-06-07T10:55:37,2000.0,16.2,B
2021-06-07T10:55:31,200.0,16.2,B
2021-06-07T10:54:41,1100.0,16.2,B
2021-06-07T10:53:24,1400.0,16.2,B
2021-06-07T10:53:23,2600.0,16.15,S
2021-06-07T10:52:25,1000.0,16.1,S
2021-06-07T10:52:24,200.0,16.1,S
2021-06-07T10:51:57,100.0,16.1,S
2021-06-07T10:51:04,100.0,16.1,S
2021-06-07T10:49:08,500.0,16.2,S
2021-06-07T10:48:10,3200.0,16.0,S
2021-06-07T10:48:10,2600.0,16.0,S
2021-06-07T10:48:10,2100.0,16.1,S
2021-06-07T10:48:10,3100.0,16.1,S
2021-06-07T10:48:10,4800.0,16.1,S
2021-06-07T10:48:10,1500.0,16.1,S
2021-06-07T10:48:10,2000.0,16.1,S
2021-06-07T10:48:10,31500.0,16.1,S
2021-06-07T10:48:10,4000.0,16.15,S
2021-06-07T10:48:09,100.0,16.15,S
2021-06-07T10:48:09,2300.0,16.15,S
2021-06-07T10:48:09,12800.0,16.15,S
2021-06-07T10:47:58,1600.0,16.2,S
2021-06-07T10:45:14,100.0,16.2,S
2021-06-07T10:44:56,300.0,16.2,S
2021-06-07T10:44:56,1700.0,16.2,S
2021-06-07T10:43:53,100.0,16.2,S
2021-06-07T10:43:51,200.0,16.2,S
2021-06-07T10:43:51,800.0,16.2,S
2021-06-07T10:43:51,1000.0,16.2,S
2021-06-07T10:43:46,2500.0,16.2,S
2021-06-07T10:42:23,200.0,16.25,B
2021-06-07T10:42:15,1000.0,16.25,B
2021-06-07T10:42:10,1000.0,16.25,B
2021-06-07T10:40:39,2000.0,16.2,S
2021-06-07T10:40:38,4000.0,16.2,S
2021-06-07T10:40:22,500.0,16.25,B
2021-06-07T10:40:08,100.0,16.2,S
2021-06-07T10:39:55,5000.0,16.2,S
2021-06-07T10:38:01,200.0,16.2,S
2021-06-07T10:35:51,1500.0,16.2,S
2021-06-07T10:35:42,1400.0,16.2,S
2021-06-07T10:35:42,1800.0,16.2,S
2021-06-07T10:35:39,10000.0,16.2,S
2021-06-07T10:34:37,500.0,16.2,S
2021-06-07T10:33:46,200.0,16.25,B
2021-06-07T10:33:45,1800.0,16.25,B
2021-06-07T10:33:30,600.0,16.2,S
2021-06-07T10:32:09,500.0,16.25,B
2021-06-07T10:31:41,300.0,16.2,S
2021-06-07T10:31:38,300.0,16.25,B
2021-06-07T10:31:38,700.0,16.25,B
2021-06-07T10:31:31,300.0,16.2,S
2021-06-07T10:31:26,700.0,16.25,B
2021-06-07T10:31:03,300.0,16.2,S
2021-06-07T10:30:48,600.0,16.2,S
2021-06-07T10:28:32,800.0,16.2,S
2021-06-07T10:27:47,500.0,16.2,S
2021-06-07T10:27:41,2000.0,16.2,S
2021-06-07T10:27:29,200.0,16.2,S
2021-06-07T10:26:26,300.0,16.25,B
2021-06-07T10:26:15,2000.0,16.2,S
2021-06-07T10:25:57,4500.0,16.2,S
2021-06-07T10:25:57,3400.0,16.2,S
2021-06-07T10:25:57,7300.0,16.2,S
2021-06-07T10:24:47,300.0,16.25,B
2021-06-07T10:24:47,4600.0,16.25,B
2021-06-07T10:24:47,2100.0,16.25,B
2021-06-07T10:24:17,1400.0,16.2,S
2021-06-07T10:24:15,3000.0,16.2,S
2021-06-07T10:23:58,1000.0,16.25,B
2021-06-07T10:23:54,1500.0,16.25,B
2021-06-07T10:23:33,2000.0,16.2,S
2021-06-07T10:23:15,1600.0,16.25,B
2021-06-07T10:22:59,100.0,16.25,B
2021-06-07T10:22:27,200.0,16.2,S
2021-06-07T10:22:27,100.0,16.2,S
2021-06-07T10:22:27,1700.0,16.2,S
2021-06-07T10:22:23,400.0,16.25,B
2021-06-07T10:22:16,100.0,16.25,B
2021-06-07T10:21:50,500.0,16.25,B
2021-06-07T10:20:43,500.0,16.25,B
2021-06-07T10:20:40,400.0,16.25,B
2021-06-07T10:20:40,200.0,16.25,B
2021-06-07T10:20:16,200.0,16.25,B
2021-06-07T10:20:15,100.0,16.25,B
2021-06-07T10:19:21,500.0,16.2,S
2021-06-07T10:16:54,600.0,16.25,B
2021-06-07T10:16:45,400.0,16.25,B
2021-06-07T10:16:11,2000.0,16.25,B
2021-06-07T10:16:02,300.0,16.25,B
2021-06-07T10:15:30,200.0,16.25,B
2021-06-07T10:15:15,500.0,16.2,S
2021-06-07T10:15:14,200.0,16.25,B
2021-06-07T10:14:45,100.0,16.25,S
2021-06-07T10:13:58,200.0,16.25,S
2021-06-07T10:13:16,1500.0,16.25,S
2021-06-07T10:12:30,500.0,16.25,S
2021-06-07T10:12:13,500.0,16.25,S
2021-06-07T10:11:40,300.0,16.25,S
2021-06-07T10:10:36,3000.0,16.25,S
2021-06-07T10:08:19,1900.0,16.25,S
2021-06-07T10:08:12,100.0,16.3,B
2021-06-07T10:07:54,100.0,16.3,B
2021-06-07T10:07:48,900.0,16.25,S
2021-06-07T10:07:44,2000.0,16.25,S
2021-06-07T10:06:18,500.0,16.25,S
2021-06-07T10:05:03,400.0,16.3,B
2021-06-07T10:05:00,900.0,16.25,S
2021-06-07T10:04:15,500.0,16.25,S
2021-06-07T10:04:05,500.0,16.25,S
2021-06-07T10:03:52,300.0,16.2,S
2021-06-07T10:02:09,300.0,16.25,S
2021-06-07T10:01:42,2000.0,16.2,S
2021-06-07T10:01:08,5400.0,16.2,S
2021-06-07T10:01:08,4600.0,16.2,S
2021-06-07T10:00:19,500.0,16.3,B
2021-06-07T09:59:34,10000.0,16.2,S
2021-06-07T09:59:20,300.0,16.3,B
2021-06-07T09:58:59,100.0,16.3,B
2021-06-07T09:56:25,1000.0,16.3,S
2021-06-07T09:56:08,800.0,16.3,S
2021-06-07T09:55:03,2000.0,16.3,S
2021-06-07T09:54:39,1000.0,16.3,S
2021-06-07T09:53:52,300.0,16.3,S
2021-06-07T09:53:52,2400.0,16.3,S
2021-06-07T09:53:10,500.0,16.35,B
2021-06-07T09:52:39,200.0,16.35,B
2021-06-07T09:51:25,100.0,16.35,B
2021-06-07T09:51:09,400.0,16.35,B
2021-06-07T09:51:06,20000.0,16.3,S
2021-06-07T09:50:43,1000.0,16.35,B
2021-06-07T09:50:32,1200.0,16.35,B
2021-06-07T09:48:15,600.0,16.35,S
2021-06-07T09:48:15,3100.0,16.35,S
2021-06-07T09:46:54,100.0,16.4,B
2021-06-07T09:46:14,600.0,16.35,S
2021-06-07T09:46:03,2000.0,16.35,S
2021-06-07T09:46:03,4000.0,16.4,B
2021-06-07T09:46:03,1000.0,16.4,B
2021-06-07T09:45:38,300.0,16.4,B
2021-06-07T09:43:14,300.0,16.4,B
2021-06-07T09:39:23,1000.0,16.4,S
2021-06-07T09:39:13,1000.0,16.35,S
2021-06-07T09:38:42,4600.0,16.35,S
2021-06-07T09:38:26,200.0,16.4,S
2021-06-07T09:38:16,1100.0,16.35,S
2021-06-07T09:37:51,900.0,16.3,S
2021-06-07T09:37:28,1000.0,16.2,S
2021-06-07T09:36:58,4700.0,16.2,S
2021-06-07T09:36:58,100.0,16.2,S
2021-06-07T09:36:58,100.0,16.2,S
2021-06-07T09:36:58,600.0,16.2,S
2021-06-07T09:36:57,1100.0,16.2,S
2021-06-07T09:36:57,500.0,16.25,S
2021-06-07T09:36:57,500.0,16.3,S
2021-06-07T09:36:57,4400.0,16.3,S
2021-06-07T09:36:38,200.0,16.4,S
2021-06-07T09:36:37,1800.0,16.4,S
2021-06-07T09:35:53,600.0,16.35,S
2021-06-07T09:35:46,2000.0,16.3,S
2021-06-07T09:35:00,5000.0,16.45,B
2021-06-07T09:34:55,100.0,16.4,S
2021-06-07T09:34:35,100.0,16.4,S
2021-06-07T09:34:35,400.0,16.4,S
2021-06-07T09:31:07,2000.0,16.4,S
2021-06-07T09:30:55,2000.0,16.4,S
2021-06-07T09:30:43,5000.0,16.45,S
2021-06-07T09:29:41,1000.0,16.4,S
2021-06-07T09:28:45,300.0,16.45,S
2021-06-07T09:28:33,2000.0,16.4,S
2021-06-07T09:28:13,300.0,16.45,S
2021-06-07T09:27:45,300.0,16.4,S
2021-06-07T09:27:45,700.0,16.4,S
2021-06-07T09:27:32,900.0,16.45,S
2021-06-07T09:26:20,100.0,16.45,S
2021-06-07T09:25:15,100.0,16.45,S
2021-06-07T09:24:21,2000.0,16.5,B
2021-06-07T09:24:14,300.0,16.5,B
2021-06-07T09:22:51,1000.0,16.5,B
2021-06-07T09:22:15,300.0,16.5,S
2021-06-07T09:20:46,100.0,16.5,S
2021-06-07T09:20:36,100.0,16.5,S
2021-06-07T09:19:52,100.0,16.5,S
2021-06-07T09:18:44,4200.0,16.5,S
2021-06-07T09:18:28,2000.0,16.5,S
2021-06-07T09:17:39,500.0,16.55,B
2021-06-07T09:16:17,2000.0,16.55,B
2021-06-07T09:16:14,500.0,16.55,B
