tradingTime,volume,price,side
2021-06-07T14:59:56,600.0,37.9,S
2021-06-07T14:59:31,7000.0,38.0,B
2021-06-07T14:59:16,300.0,37.9,S
2021-06-07T14:59:11,400.0,37.9,S
2021-06-07T14:59:01,300.0,37.9,S
2021-06-07T14:58:21,1800.0,37.9,B
2021-06-07T14:58:16,100.0,37.9,B
2021-06-07T14:57:51,500.0,37.9,B
2021-06-07T14:57:41,3000.0,37.9,B
2021-06-07T14:53:36,100.0,37.9,S
2021-06-07T14:53:26,1000.0,37.9,B
2021-06-07T14:53:26,100.0,37.9,S
2021-06-07T14:53:11,15000.0,37.9,S
2021-06-07T14:52:41,200.0,37.9,S
2021-06-07T14:52:21,1000.0,37.9,S
2021-06-07T14:52:16,200.0,37.9,S
2021-06-07T14:52:06,2800.0,37.9,S
2021-06-07T14:52:01,100.0,37.9,S
2021-06-07T14:51:08,100.0,37.9,S
2021-06-07T14:50:51,500.0,38.0,B
2021-06-07T14:50:48,500.0,38.0,B
2021-06-07T14:49:53,200.0,38.0,B
2021-06-07T14:49:01,1000.0,38.0,B
2021-06-07T14:48:23,200.0,37.9,S
2021-06-07T14:48:01,300.0,38.0,B
2021-06-07T14:46:46,100.0,37.9,S
2021-06-07T14:46:37,500.0,38.0,B
2021-06-07T14:45:13,100.0,37.9,S
2021-06-07T14:44:47,500.0,37.9,S
2021-06-07T14:44:41,100.0,37.9,S
2021-06-07T14:44:36,100.0,38.0,B
2021-06-07T14:44:21,2000.0,38.0,B
2021-06-07T14:44:01,1000.0,38.0,B
2021-06-07T14:44:01,500.0,37.9,S
2021-06-07T14:43:51,200.0,38.0,B
2021-06-07T14:43:46,3000.0,37.9,S
2021-06-07T14:43:46,1000.0,38.0,B
2021-06-07T14:43:31,1000.0,38.0,B
2021-06-07T14:42:51,200.0,37.9,S
2021-06-07T14:42:36,500.0,37.9,S
2021-06-07T14:42:31,400.0,38.0,B
2021-06-07T14:41:51,100.0,38.0,B
2021-06-07T14:41:31,200.0,37.9,S
2021-06-07T14:41:16,500.0,38.0,B
2021-06-07T14:41:11,100.0,37.9,S
2021-06-07T14:41:06,3000.0,37.9,S
2021-06-07T14:41:06,2000.0,37.9,S
2021-06-07T14:40:51,100.0,37.9,S
2021-06-07T14:40:46,100.0,37.9,S
2021-06-07T14:40:36,5000.0,37.9,S
2021-06-07T14:40:36,1000.0,37.9,S
2021-06-07T14:40:01,10000.0,37.9,S
2021-06-07T14:40:01,300.0,38.0,B
2021-06-07T14:39:21,700.0,38.0,B
2021-06-07T14:39:11,100.0,37.9,S
2021-06-07T14:38:51,1000.0,37.9,S
2021-06-07T14:38:31,500.0,38.0,B
2021-06-07T14:38:16,800.0,38.0,B
2021-06-07T14:37:16,100.0,38.0,B
2021-06-07T14:37:16,200.0,37.9,S
2021-06-07T14:36:31,900.0,37.9,S
2021-06-07T14:36:16,100.0,37.9,S
2021-06-07T14:36:01,100.0,37.9,S
2021-06-07T14:35:44,200.0,38.0,B
2021-06-07T14:35:36,100.0,38.0,B
2021-06-07T14:35:36,20000.0,37.9,S
2021-06-07T14:35:21,2000.0,38.0,B
2021-06-07T14:35:16,500.0,37.9,S
2021-06-07T14:35:06,1000.0,37.9,S
2021-06-07T14:34:56,1000.0,38.0,B
2021-06-07T14:34:46,100.0,37.9,S
2021-06-07T14:34:46,200.0,38.0,B
2021-06-07T14:34:36,1000.0,38.0,B
2021-06-07T14:34:31,200.0,38.0,B
2021-06-07T14:34:26,2000.0,38.0,B
2021-06-07T14:34:11,100.0,38.0,B
2021-06-07T14:33:31,100.0,38.0,B
2021-06-07T14:33:06,100.0,38.0,B
2021-06-07T14:33:01,300.0,38.0,B
2021-06-07T14:32:56,4000.0,37.9,S
2021-06-07T14:32:51,1500.0,38.0,B
2021-06-07T14:32:31,300.0,38.0,B
2021-06-07T14:32:26,500.0,38.0,B
2021-06-07T14:32:21,400.0,37.9,S
2021-06-07T14:31:31,100.0,38.0,B
2021-06-07T14:31:31,100.0,38.0,B
2021-06-07T14:31:26,200.0,38.0,B
2021-06-07T14:31:21,100.0,38.0,B
2021-06-07T14:31:16,1000.0,38.0,B
2021-06-07T14:31:11,3000.0,38.0,B
2021-06-07T14:30:51,1000.0,38.0,B
2021-06-07T14:30:46,100.0,38.0,B
2021-06-07T14:30:41,100.0,38.0,B
2021-06-07T14:30:41,500.0,37.9,S
2021-06-07T14:30:31,100.0,38.0,B
2021-06-07T14:30:26,4000.0,38.0,B
2021-06-07T14:30:21,1600.0,38.0,B
2021-06-07T14:30:21,1000.0,38.0,B
2021-06-07T14:30:16,5000.0,38.0,B
2021-06-07T14:30:11,200.0,38.0,B
2021-06-07T14:30:06,5000.0,38.0,B
2021-06-07T14:29:55,5000.0,38.0,B
2021-06-07T14:29:53,100.0,38.0,B
2021-06-07T14:29:48,1900.0,38.0,B
2021-06-07T14:29:46,300.0,38.0,B
2021-06-07T14:29:43,3000.0,38.0,B
2021-06-07T14:29:41,300.0,38.0,B
2021-06-07T14:29:38,100.0,38.0,B
2021-06-07T14:29:31,2000.0,38.0,B
2021-06-07T14:29:26,500.0,38.0,B
2021-06-07T14:29:25,400.0,38.0,B
2021-06-07T14:29:25,200.0,38.0,B
2021-06-07T14:28:56,1000.0,38.0,B
2021-06-07T14:28:08,5300.0,37.9,B
2021-06-07T14:28:04,1400.0,37.9,B
2021-06-07T14:28:00,100.0,37.9,B
2021-06-07T14:27:45,100.0,37.9,B
2021-06-07T14:27:43,100.0,37.8,S
2021-06-07T14:27:16,300.0,37.9,B
2021-06-07T14:27:15,5000.0,37.9,B
2021-06-07T14:27:06,2000.0,37.9,B
2021-06-07T14:27:03,5500.0,37.9,B
2021-06-07T14:26:57,5000.0,37.9,B
2021-06-07T14:26:56,1000.0,37.9,B
2021-06-07T14:26:49,500.0,37.9,B
2021-06-07T14:26:44,6000.0,37.9,S
2021-06-07T14:26:28,1500.0,37.9,S
2021-06-07T14:26:21,400.0,37.9,B
2021-06-07T14:26:11,100.0,37.9,B
2021-06-07T14:26:09,100.0,37.9,B
2021-06-07T14:26:00,8000.0,37.9,B
2021-06-07T14:26:00,500.0,37.9,B
2021-06-07T14:25:55,1000.0,37.9,B
2021-06-07T14:25:34,1000.0,37.9,B
2021-06-07T14:25:30,200.0,37.9,B
2021-06-07T14:25:24,900.0,37.9,B
2021-06-07T14:25:23,100.0,37.9,B
2021-06-07T14:25:18,1000.0,37.9,B
2021-06-07T14:24:54,500.0,37.9,B
2021-06-07T14:24:38,900.0,37.9,B
2021-06-07T14:24:35,500.0,38.0,B
2021-06-07T14:24:31,9900.0,38.0,B
2021-06-07T14:24:25,500.0,38.0,B
2021-06-07T14:24:23,400.0,38.0,B
2021-06-07T14:24:23,30000.0,37.9,S
2021-06-07T14:24:22,100.0,38.0,B
2021-06-07T14:24:20,300.0,38.0,B
2021-06-07T14:24:19,700.0,38.0,B
2021-06-07T14:24:19,1000.0,38.0,B
2021-06-07T14:24:02,3000.0,38.0,B
2021-06-07T14:24:00,1000.0,38.0,B
2021-06-07T14:23:59,500.0,37.9,S
2021-06-07T14:23:57,1000.0,38.0,B
2021-06-07T14:23:28,2000.0,38.0,B
2021-06-07T14:23:21,9200.0,38.0,B
2021-06-07T14:23:20,500.0,38.0,B
2021-06-07T14:23:14,500.0,38.0,B
2021-06-07T14:23:08,1000.0,38.0,B
2021-06-07T14:23:07,5000.0,37.9,S
2021-06-07T14:23:03,200.0,38.0,B
2021-06-07T14:23:03,100.0,38.0,B
2021-06-07T14:23:02,400.0,38.0,B
2021-06-07T14:22:56,200.0,38.0,B
2021-06-07T14:22:40,2000.0,38.0,B
2021-06-07T14:22:26,1400.0,38.0,B
2021-06-07T14:21:43,500.0,37.9,S
2021-06-07T14:21:34,500.0,38.0,B
2021-06-07T14:21:34,300.0,38.0,B
2021-06-07T14:21:26,1000.0,38.0,B
2021-06-07T14:21:25,900.0,38.0,B
2021-06-07T14:21:24,1000.0,38.0,B
2021-06-07T14:21:24,100.0,38.0,B
2021-06-07T14:21:20,6000.0,38.0,B
2021-06-07T14:21:16,700.0,38.0,B
2021-06-07T14:21:13,5000.0,38.0,B
2021-06-07T14:21:04,10000.0,38.0,B
2021-06-07T14:20:59,100.0,37.9,S
2021-06-07T14:20:57,500.0,38.0,B
2021-06-07T14:20:53,100.0,38.0,B
2021-06-07T14:20:53,2000.0,38.0,B
2021-06-07T14:20:48,15000.0,38.0,B
2021-06-07T14:20:43,500.0,37.9,S
2021-06-07T14:20:42,100.0,38.0,B
2021-06-07T14:20:35,1000.0,38.0,B
2021-06-07T14:20:33,100.0,38.0,B
2021-06-07T14:20:32,4000.0,38.0,B
2021-06-07T14:20:31,5000.0,38.0,B
2021-06-07T14:20:31,500.0,38.0,B
2021-06-07T14:20:26,13200.0,38.0,B
2021-06-07T14:20:14,5000.0,38.0,B
2021-06-07T14:20:14,2500.0,38.0,B
2021-06-07T14:20:13,4000.0,38.0,B
2021-06-07T14:19:58,1400.0,38.0,B
2021-06-07T14:19:34,800.0,38.0,B
2021-06-07T14:19:34,1000.0,38.0,B
2021-06-07T14:19:29,200.0,38.0,B
2021-06-07T14:19:29,2300.0,38.0,B
2021-06-07T14:19:25,1000.0,38.0,B
2021-06-07T14:19:20,5000.0,38.0,B
2021-06-07T14:19:14,100.0,38.0,B
2021-06-07T14:19:08,300.0,38.0,B
2021-06-07T14:19:04,200.0,38.0,B
2021-06-07T14:19:03,200.0,37.9,S
2021-06-07T14:18:59,1400.0,38.0,B
2021-06-07T14:18:58,1000.0,38.0,B
2021-06-07T14:18:51,100.0,37.9,S
2021-06-07T14:18:45,5000.0,38.0,B
2021-06-07T14:18:42,500.0,38.0,B
2021-06-07T14:18:41,300.0,38.0,B
2021-06-07T14:18:32,3000.0,38.0,B
2021-06-07T14:18:22,200.0,37.9,S
2021-06-07T14:18:15,2000.0,38.0,B
2021-06-07T14:18:13,200.0,37.9,S
2021-06-07T14:18:00,2000.0,37.9,S
2021-06-07T14:17:57,100.0,37.9,S
2021-06-07T14:17:42,100.0,37.9,S
2021-06-07T14:17:39,200.0,38.0,B
2021-06-07T14:17:26,3000.0,38.0,B
2021-06-07T14:17:24,2000.0,37.9,B
2021-06-07T14:17:19,200.0,37.9,B
2021-06-07T14:17:16,2600.0,37.9,B
2021-06-07T14:17:15,100.0,37.9,B
2021-06-07T14:17:11,500.0,37.9,B
2021-06-07T14:17:10,200.0,37.9,B
2021-06-07T14:17:08,10000.0,37.9,B
2021-06-07T14:16:56,100.0,37.9,B
2021-06-07T14:16:48,10000.0,37.9,B
2021-06-07T14:16:40,900.0,37.9,B
2021-06-07T14:16:35,100.0,37.9,B
2021-06-07T14:16:31,200.0,37.9,B
2021-06-07T14:16:27,800.0,37.9,B
2021-06-07T14:16:25,500.0,37.9,B
2021-06-07T14:16:21,300.0,37.9,B
2021-06-07T14:16:04,1200.0,37.9,B
2021-06-07T14:16:01,100.0,37.8,S
2021-06-07T14:15:55,200.0,37.9,B
2021-06-07T14:15:50,2500.0,37.9,B
2021-06-07T14:15:42,4000.0,37.9,B
2021-06-07T14:15:39,300.0,37.9,B
2021-06-07T14:15:35,1000.0,37.9,B
2021-06-07T14:15:33,500.0,37.9,B
2021-06-07T14:15:32,1400.0,37.9,B
2021-06-07T14:15:20,1000.0,37.9,B
2021-06-07T14:15:17,100.0,37.8,S
2021-06-07T14:15:12,3000.0,37.9,B
2021-06-07T14:15:04,1000.0,37.9,B
2021-06-07T14:14:59,100.0,37.9,B
2021-06-07T14:14:52,1000.0,37.9,B
2021-06-07T14:14:34,100.0,37.8,S
2021-06-07T14:14:24,5000.0,37.9,B
2021-06-07T14:14:23,100.0,37.8,B
2021-06-07T14:14:18,200.0,37.8,S
2021-06-07T14:14:17,7000.0,37.7,S
2021-06-07T14:14:14,700.0,37.9,B
2021-06-07T14:14:07,100.0,37.8,S
2021-06-07T14:13:53,1000.0,37.9,B
2021-06-07T14:13:43,400.0,37.7,S
2021-06-07T14:13:35,6000.0,37.7,S
2021-06-07T14:13:30,600.0,37.8,B
2021-06-07T14:13:30,1000.0,37.7,S
2021-06-07T14:13:29,400.0,37.8,B
2021-06-07T14:13:28,5100.0,37.8,B
2021-06-07T14:13:24,200.0,37.7,S
2021-06-07T14:13:24,300.0,37.8,B
2021-06-07T14:13:13,500.0,37.8,B
2021-06-07T14:13:10,100.0,37.7,S
2021-06-07T14:13:07,500.0,37.8,B
2021-06-07T14:13:03,100.0,37.8,B
2021-06-07T14:13:02,200.0,37.7,S
2021-06-07T14:12:59,1000.0,37.8,B
2021-06-07T14:12:58,200.0,37.8,B
2021-06-07T14:12:54,300.0,37.8,B
2021-06-07T14:12:53,2000.0,37.7,S
2021-06-07T14:12:51,100.0,37.8,B
2021-06-07T14:12:44,1300.0,37.8,B
2021-06-07T14:12:41,1000.0,37.8,B
2021-06-07T14:12:35,100.0,37.8,B
2021-06-07T14:12:34,500.0,37.8,B
2021-06-07T14:12:32,5100.0,37.8,S
2021-06-07T14:12:25,500.0,37.9,B
2021-06-07T14:12:22,1000.0,37.9,B
2021-06-07T14:12:18,100.0,37.9,B
2021-06-07T14:12:17,300.0,37.9,B
2021-06-07T14:12:09,1800.0,37.9,B
2021-06-07T14:12:06,100.0,37.9,B
2021-06-07T14:12:06,300.0,37.9,B
2021-06-07T14:12:04,1000.0,37.8,S
2021-06-07T14:12:04,300.0,37.9,B
2021-06-07T14:12:01,600.0,37.9,B
2021-06-07T14:12:00,10000.0,37.9,B
2021-06-07T14:11:49,100.0,37.9,B
2021-06-07T14:11:48,1000.0,37.9,B
2021-06-07T14:11:45,300.0,37.9,B
2021-06-07T14:11:33,600.0,37.9,B
2021-06-07T14:11:32,700.0,37.9,B
2021-06-07T14:11:30,1000.0,37.8,S
2021-06-07T14:11:29,200.0,37.9,B
2021-06-07T14:11:27,1000.0,37.9,B
2021-06-07T14:11:26,700.0,37.9,B
2021-06-07T14:11:22,1100.0,37.9,B
2021-06-07T14:11:20,1000.0,37.7,S
2021-06-07T14:11:12,200.0,37.9,B
2021-06-07T14:11:11,200.0,37.9,B
2021-06-07T14:11:04,1000.0,37.8,S
2021-06-07T14:11:00,2000.0,38.0,B
2021-06-07T14:10:59,1400.0,37.9,B
2021-06-07T14:10:57,2500.0,38.0,B
2021-06-07T14:10:56,500.0,37.9,S
2021-06-07T14:10:50,500.0,38.0,B
2021-06-07T14:10:49,100.0,38.0,B
2021-06-07T14:10:41,300.0,37.9,S
2021-06-07T14:10:27,400.0,37.9,S
2021-06-07T14:10:26,1000.0,38.0,B
2021-06-07T14:10:24,2000.0,38.0,B
2021-06-07T14:10:20,3000.0,38.0,B
2021-06-07T14:10:18,5000.0,38.0,B
2021-06-07T14:10:15,3000.0,38.0,B
2021-06-07T14:10:11,1000.0,37.9,S
2021-06-07T14:10:06,1000.0,38.0,B
2021-06-07T14:09:56,300.0,38.0,B
2021-06-07T14:09:56,3000.0,38.0,B
2021-06-07T14:09:51,1200.0,38.0,B
2021-06-07T14:09:49,100.0,37.9,B
2021-06-07T14:09:49,500.0,37.9,S
2021-06-07T14:09:45,100.0,38.0,B
2021-06-07T14:09:39,1500.0,38.0,B
2021-06-07T14:09:36,1000.0,38.0,B
2021-06-07T14:09:24,200.0,38.0,B
2021-06-07T14:09:21,5000.0,38.0,B
2021-06-07T14:09:19,300.0,37.9,B
2021-06-07T14:09:11,10000.0,38.0,B
2021-06-07T14:09:10,1500.0,37.8,B
2021-06-07T14:09:08,200.0,37.8,B
2021-06-07T14:09:04,1000.0,37.8,B
2021-06-07T14:09:02,200.0,37.8,B
2021-06-07T14:09:00,6900.0,37.8,B
2021-06-07T14:09:00,100.0,37.7,S
2021-06-07T14:08:56,300.0,37.7,B
2021-06-07T14:08:51,200.0,37.7,B
2021-06-07T14:08:50,300.0,37.7,B
2021-06-07T14:08:50,1000.0,37.7,B
2021-06-07T14:08:49,1300.0,37.7,B
2021-06-07T14:08:47,200.0,37.7,B
2021-06-07T14:08:46,200.0,37.7,B
2021-06-07T14:08:38,500.0,37.7,B
2021-06-07T14:08:35,700.0,37.7,B
2021-06-07T14:08:23,800.0,37.6,S
2021-06-07T14:08:18,1000.0,37.6,S
2021-06-07T14:08:15,1700.0,37.6,S
2021-06-07T14:08:11,1000.0,37.6,B
2021-06-07T14:08:03,200.0,37.6,B
2021-06-07T14:08:00,1000.0,37.6,B
2021-06-07T14:07:59,1000.0,37.6,B
2021-06-07T14:07:50,100.0,37.5,S
2021-06-07T14:07:48,200.0,37.6,B
2021-06-07T14:07:48,500.0,37.6,B
2021-06-07T14:07:45,1000.0,37.6,B
2021-06-07T14:07:39,500.0,37.6,B
2021-06-07T14:07:31,100.0,37.5,B
2021-06-07T14:07:31,200.0,37.5,B
2021-06-07T14:07:28,3000.0,37.5,B
2021-06-07T14:07:23,4000.0,37.5,B
2021-06-07T14:07:23,2000.0,37.5,B
2021-06-07T14:07:21,1000.0,37.5,B
2021-06-07T14:07:20,100.0,37.5,B
2021-06-07T14:07:17,1000.0,37.5,B
2021-06-07T14:07:11,1000.0,37.5,B
2021-06-07T14:07:11,1000.0,37.5,B
2021-06-07T14:07:05,500.0,37.5,B
2021-06-07T14:07:04,20000.0,37.5,B
2021-06-07T14:06:59,100.0,37.5,B
2021-06-07T14:06:59,100.0,37.4,S
2021-06-07T14:06:56,200.0,37.4,S
2021-06-07T14:06:48,2300.0,37.4,B
2021-06-07T14:06:44,2000.0,37.4,B
2021-06-07T14:06:41,200.0,37.4,B
2021-06-07T14:06:37,300.0,37.4,B
2021-06-07T14:06:35,200.0,37.4,B
2021-06-07T14:06:33,100.0,37.4,B
2021-06-07T14:06:32,700.0,37.4,B
2021-06-07T14:06:31,2100.0,37.4,B
2021-06-07T14:06:28,1000.0,37.3,S
2021-06-07T14:06:27,100.0,37.4,B
2021-06-07T14:06:25,200.0,37.4,B
2021-06-07T14:06:25,1000.0,37.4,B
2021-06-07T14:06:20,100.0,37.3,S
2021-06-07T14:06:18,500.0,37.3,S
2021-06-07T14:05:50,700.0,37.3,S
2021-06-07T14:05:46,100.0,37.3,B
2021-06-07T14:05:46,1000.0,37.3,B
2021-06-07T14:05:45,1000.0,37.3,B
2021-06-07T14:05:41,2000.0,37.2,S
2021-06-07T14:05:37,400.0,37.3,B
2021-06-07T14:05:31,1200.0,37.3,B
2021-06-07T14:05:25,100.0,37.2,S
2021-06-07T14:05:25,300.0,37.2,B
2021-06-07T14:05:20,100.0,37.2,B
2021-06-07T14:05:18,1000.0,37.2,B
2021-06-07T14:05:17,300.0,37.2,B
2021-06-07T14:05:10,1000.0,37.2,B
2021-06-07T14:05:09,1900.0,37.2,B
2021-06-07T14:05:06,300.0,37.2,B
2021-06-07T14:05:04,400.0,37.2,B
2021-06-07T14:05:04,1000.0,37.2,B
2021-06-07T14:05:01,200.0,37.2,B
2021-06-07T14:04:59,100.0,37.2,B
2021-06-07T14:04:56,1000.0,37.2,B
2021-06-07T14:04:53,1300.0,37.2,B
2021-06-07T14:04:50,100.0,37.2,B
2021-06-07T14:04:48,100.0,37.2,B
2021-06-07T14:04:48,1000.0,37.2,B
2021-06-07T14:04:40,500.0,37.2,B
2021-06-07T14:04:16,1400.0,37.1,B
2021-06-07T14:04:13,3000.0,37.1,B
2021-06-07T14:04:11,100.0,37.0,S
2021-06-07T14:04:03,200.0,37.1,B
2021-06-07T14:03:56,5000.0,37.1,B
2021-06-07T14:03:46,100.0,37.0,S
2021-06-07T14:03:42,500.0,37.0,B
2021-06-07T14:03:41,2500.0,37.0,B
2021-06-07T14:03:40,500.0,37.0,B
2021-06-07T14:03:39,3000.0,37.0,B
2021-06-07T14:03:38,1200.0,37.0,B
2021-06-07T14:03:37,100.0,37.0,B
2021-06-07T14:03:36,2000.0,37.0,B
2021-06-07T14:03:35,300.0,37.0,B
2021-06-07T14:03:35,5500.0,37.0,B
2021-06-07T14:03:34,500.0,37.0,B
2021-06-07T14:03:33,5000.0,37.0,B
2021-06-07T14:03:32,2700.0,37.0,B
2021-06-07T14:03:31,200.0,37.0,B
2021-06-07T14:03:30,20000.0,37.0,B
2021-06-07T14:03:30,10200.0,37.0,B
2021-06-07T14:03:27,2500.0,37.0,B
2021-06-07T14:03:27,2000.0,37.0,B
2021-06-07T14:03:26,100.0,37.0,B
2021-06-07T14:03:24,200.0,37.0,B
2021-06-07T14:03:23,100.0,37.0,B
2021-06-07T14:03:20,1800.0,37.0,B
2021-06-07T14:03:19,400.0,37.0,B
2021-06-07T14:03:18,100.0,37.0,B
2021-06-07T14:03:16,1000.0,37.0,B
2021-06-07T14:03:15,3100.0,37.0,B
2021-06-07T14:03:13,1000.0,37.0,B
2021-06-07T14:03:08,300.0,37.0,B
2021-06-07T14:03:08,500.0,37.0,B
2021-06-07T14:03:06,1000.0,37.0,B
2021-06-07T14:03:05,200.0,37.0,B
2021-06-07T14:03:04,300.0,37.0,B
2021-06-07T14:03:04,3000.0,37.0,B
2021-06-07T14:03:03,500.0,37.0,B
2021-06-07T14:03:01,100.0,37.0,B
2021-06-07T14:03:00,1000.0,37.0,B
2021-06-07T14:02:59,3000.0,37.0,B
2021-06-07T14:02:58,500.0,37.0,B
2021-06-07T14:02:55,100.0,37.0,B
2021-06-07T14:02:54,5000.0,37.0,B
2021-06-07T14:02:49,500.0,37.0,B
2021-06-07T14:02:44,300.0,37.0,B
2021-06-07T14:02:40,3000.0,37.0,B
2021-06-07T14:02:38,1200.0,37.0,B
2021-06-07T14:02:36,100.0,37.0,B
2021-06-07T14:02:35,200.0,37.0,B
2021-06-07T14:02:31,5500.0,37.0,B
2021-06-07T14:02:27,200.0,37.0,B
2021-06-07T14:02:01,500.0,37.0,B
2021-06-07T14:01:56,200.0,36.9,S
2021-06-07T14:01:54,200.0,36.9,B
2021-06-07T14:01:54,600.0,36.9,S
2021-06-07T14:01:52,400.0,36.9,S
2021-06-07T14:01:50,1000.0,36.9,B
2021-06-07T14:01:49,300.0,36.9,B
2021-06-07T14:01:48,100.0,36.9,B
2021-06-07T14:01:46,2300.0,36.9,B
2021-06-07T14:01:45,200.0,36.9,B
2021-06-07T14:01:40,500.0,36.9,B
2021-06-07T14:01:39,200.0,36.9,B
2021-06-07T14:01:38,2300.0,36.9,B
2021-06-07T14:01:36,500.0,36.9,B
2021-06-07T14:01:36,500.0,36.9,B
2021-06-07T14:01:35,1000.0,36.9,B
2021-06-07T14:01:34,500.0,36.9,B
2021-06-07T14:01:29,100.0,36.9,B
2021-06-07T14:01:28,300.0,36.9,B
2021-06-07T14:01:24,500.0,36.9,B
2021-06-07T14:01:23,1000.0,36.9,B
2021-06-07T14:01:18,5000.0,36.9,B
2021-06-07T14:00:11,100.0,36.9,B
2021-06-07T14:00:07,200.0,36.8,S
2021-06-07T14:00:01,1000.0,36.9,B
2021-06-07T13:59:00,500.0,36.8,S
2021-06-07T13:59:00,400.0,36.8,S
2021-06-07T13:58:59,1000.0,36.8,S
2021-06-07T13:58:41,400.0,36.8,S
2021-06-07T13:58:12,600.0,36.8,B
2021-06-07T13:58:10,500.0,36.8,B
2021-06-07T13:57:52,200.0,36.8,B
2021-06-07T13:57:40,500.0,36.8,B
2021-06-07T13:57:29,5700.0,36.8,B
2021-06-07T13:57:11,200.0,36.8,B
2021-06-07T13:57:05,1000.0,36.8,B
2021-06-07T13:56:58,700.0,36.8,S
2021-06-07T13:56:45,700.0,36.8,S
2021-06-07T13:56:29,300.0,36.8,S
2021-06-07T13:56:28,2000.0,36.8,S
2021-06-07T13:56:17,1400.0,36.9,B
2021-06-07T13:56:12,200.0,36.9,B
2021-06-07T13:56:08,300.0,36.9,B
2021-06-07T13:56:00,500.0,36.9,B
2021-06-07T13:55:59,3700.0,36.9,B
2021-06-07T13:55:47,100.0,36.9,B
2021-06-07T13:55:46,2000.0,36.9,S
2021-06-07T13:55:22,500.0,36.9,S
2021-06-07T13:55:17,5000.0,37.0,B
2021-06-07T13:55:12,500.0,36.9,B
2021-06-07T13:55:11,1000.0,36.9,B
2021-06-07T13:54:50,600.0,37.0,B
2021-06-07T13:54:48,1000.0,36.8,S
2021-06-07T13:54:45,4000.0,36.8,S
2021-06-07T13:54:42,2000.0,36.9,S
2021-06-07T13:54:37,1000.0,37.0,B
2021-06-07T13:54:34,2000.0,37.0,B
2021-06-07T13:54:33,100.0,36.9,S
2021-06-07T13:54:31,100.0,37.0,B
2021-06-07T13:54:23,1100.0,36.9,S
2021-06-07T13:54:21,2000.0,37.0,B
2021-06-07T13:54:20,200.0,37.0,B
2021-06-07T13:54:08,1000.0,36.9,S
2021-06-07T13:53:59,100.0,36.9,S
2021-06-07T13:53:59,17700.0,36.9,B
2021-06-07T13:53:55,200.0,36.8,S
2021-06-07T13:53:47,5700.0,36.8,S
2021-06-07T13:53:46,500.0,36.8,B
2021-06-07T13:53:45,500.0,36.8,B
2021-06-07T13:53:44,2000.0,36.8,B
2021-06-07T13:53:42,1000.0,36.8,B
2021-06-07T13:53:40,500.0,36.8,B
2021-06-07T13:53:39,200.0,36.8,B
2021-06-07T13:53:37,3000.0,36.8,B
2021-06-07T13:53:37,800.0,36.8,B
2021-06-07T13:53:36,100.0,36.8,B
2021-06-07T13:53:29,100.0,36.8,B
2021-06-07T13:53:22,2000.0,36.8,B
2021-06-07T13:53:10,1200.0,36.8,B
2021-06-07T13:53:06,17900.0,36.7,S
2021-06-07T13:53:04,900.0,36.7,B
2021-06-07T13:52:57,1000.0,36.7,B
2021-06-07T13:52:52,1900.0,36.7,B
2021-06-07T13:52:35,1300.0,36.7,B
2021-06-07T13:52:34,100.0,36.6,S
2021-06-07T13:52:31,500.0,36.7,B
2021-06-07T13:52:26,300.0,36.6,S
2021-06-07T13:52:05,2700.0,36.6,B
2021-06-07T13:52:04,1000.0,36.6,B
2021-06-07T13:51:57,2000.0,36.6,B
2021-06-07T13:51:54,200.0,36.6,B
2021-06-07T13:51:38,200.0,36.6,B
2021-06-07T13:51:32,100.0,36.5,S
2021-06-07T13:51:29,500.0,36.6,B
2021-06-07T13:51:19,400.0,36.6,B
2021-06-07T13:50:43,400.0,36.5,S
2021-06-07T13:50:33,800.0,36.6,B
2021-06-07T13:50:04,1800.0,36.5,B
2021-06-07T13:50:00,1200.0,36.5,S
2021-06-07T13:49:53,200.0,36.5,S
2021-06-07T13:49:39,1600.0,36.5,B
2021-06-07T13:49:37,200.0,36.5,B
2021-06-07T13:49:23,100.0,36.5,B
2021-06-07T13:49:16,2000.0,36.5,B
2021-06-07T13:49:15,3000.0,36.5,B
2021-06-07T13:49:08,1100.0,36.5,B
2021-06-07T13:49:07,10000.0,36.5,B
2021-06-07T13:49:03,100.0,36.5,B
2021-06-07T13:48:57,100.0,36.5,B
2021-06-07T13:48:48,300.0,36.5,B
2021-06-07T13:48:47,1000.0,36.5,B
2021-06-07T13:48:38,500.0,36.5,B
2021-06-07T13:48:34,900.0,36.5,B
2021-06-07T13:48:32,1000.0,36.5,B
2021-06-07T13:48:28,500.0,36.5,B
2021-06-07T13:48:28,500.0,36.5,B
2021-06-07T13:48:00,1000.0,36.5,B
2021-06-07T13:47:56,500.0,36.5,B
2021-06-07T13:47:52,500.0,36.5,B
2021-06-07T13:47:49,400.0,36.4,S
2021-06-07T13:47:42,5000.0,36.5,B
2021-06-07T13:47:37,2000.0,36.4,S
2021-06-07T13:46:58,1500.0,36.4,B
2021-06-07T13:46:43,1000.0,36.4,B
2021-06-07T13:46:40,500.0,36.4,B
2021-06-07T13:46:39,1000.0,36.4,B
2021-06-07T13:46:28,100.0,36.4,B
2021-06-07T13:46:26,200.0,36.4,B
2021-06-07T13:46:20,200.0,36.4,B
2021-06-07T13:46:16,200.0,36.4,B
2021-06-07T13:46:09,2000.0,36.4,B
2021-06-07T13:45:43,1000.0,36.4,B
2021-06-07T13:45:36,1000.0,36.4,B
2021-06-07T13:45:36,300.0,36.4,B
2021-06-07T13:45:34,3600.0,36.4,B
2021-06-07T13:45:28,1000.0,36.4,B
2021-06-07T13:45:06,900.0,36.4,B
2021-06-07T13:44:52,2700.0,36.3,B
2021-06-07T13:44:50,1000.0,36.3,B
2021-06-07T13:44:50,200.0,36.3,B
2021-06-07T13:44:47,1500.0,36.3,B
2021-06-07T13:44:45,300.0,36.3,B
2021-06-07T13:44:43,500.0,36.3,B
2021-06-07T13:44:40,300.0,36.3,B
2021-06-07T13:44:39,2000.0,36.2,S
2021-06-07T13:44:30,1000.0,36.3,B
2021-06-07T13:44:24,1000.0,36.3,B
2021-06-07T13:44:11,300.0,36.2,B
2021-06-07T13:43:00,600.0,36.0,S
2021-06-07T13:42:07,100.0,36.1,S
2021-06-07T13:39:00,2000.0,36.1,S
2021-06-07T13:38:51,100.0,36.2,S
2021-06-07T13:38:02,100.0,36.3,B
2021-06-07T13:38:01,5000.0,36.3,B
2021-06-07T13:36:35,900.0,36.3,B
2021-06-07T13:36:18,100.0,36.2,B
2021-06-07T13:36:01,200.0,36.3,B
2021-06-07T13:35:38,1000.0,36.1,S
2021-06-07T13:34:29,1000.0,36.3,B
2021-06-07T13:34:25,800.0,36.2,S
2021-06-07T13:33:24,300.0,36.2,S
2021-06-07T13:33:08,1000.0,36.2,S
2021-06-07T13:32:17,8000.0,36.2,S
2021-06-07T13:32:12,200.0,36.2,S
2021-06-07T13:31:02,5900.0,36.2,S
2021-06-07T13:30:53,2000.0,36.2,B
2021-06-07T13:30:29,3000.0,36.2,B
2021-06-07T13:30:26,500.0,36.2,B
2021-06-07T13:28:34,500.0,36.2,B
2021-06-07T13:28:21,500.0,36.2,B
2021-06-07T13:28:18,100.0,36.2,B
2021-06-07T13:28:17,400.0,36.2,B
2021-06-07T13:27:42,500.0,36.2,B
2021-06-07T13:25:41,200.0,36.1,S
2021-06-07T13:23:40,600.0,36.0,S
2021-06-07T13:23:36,3500.0,36.1,B
2021-06-07T13:21:41,3700.0,36.0,S
2021-06-07T13:21:37,3000.0,36.0,B
2021-06-07T13:20:38,5000.0,36.0,B
2021-06-07T13:19:58,1800.0,35.8,S
2021-06-07T13:19:47,1500.0,35.9,B
2021-06-07T13:17:21,1800.0,35.9,B
2021-06-07T13:16:32,100.0,35.8,S
2021-06-07T13:16:28,900.0,35.8,S
2021-06-07T13:15:28,300.0,35.8,B
2021-06-07T13:15:08,2800.0,35.8,B
2021-06-07T13:14:27,3300.0,35.7,S
2021-06-07T13:12:26,500.0,35.7,S
2021-06-07T13:12:08,500.0,35.7,S
2021-06-07T13:11:23,5000.0,35.7,S
2021-06-07T13:08:51,400.0,35.8,B
2021-06-07T13:06:59,100.0,35.7,S
2021-06-07T13:05:51,1000.0,35.7,S
2021-06-07T13:04:42,2000.0,35.7,S
2021-06-07T13:03:26,600.0,35.8,B
2021-06-07T13:02:12,5000.0,35.8,B
2021-06-07T13:00:15,400.0,35.8,B
2021-06-07T13:00:13,2500.0,35.8,B
2021-06-07T13:00:10,2800.0,35.8,B
2021-06-07T11:29:11,200.0,35.8,S
2021-06-07T11:28:43,1000.0,35.8,B
2021-06-07T11:28:30,1200.0,35.7,S
2021-06-07T11:26:37,1000.0,35.8,B
2021-06-07T11:26:22,200.0,35.8,B
2021-06-07T11:25:53,800.0,35.7,S
2021-06-07T11:23:56,300.0,35.7,S
2021-06-07T11:23:28,1000.0,35.7,S
2021-06-07T11:23:14,200.0,35.7,S
2021-06-07T11:22:19,5000.0,35.7,S
2021-06-07T11:20:52,300.0,35.7,S
2021-06-07T11:16:39,1000.0,35.7,S
2021-06-07T11:15:59,300.0,35.7,S
2021-06-07T11:14:47,400.0,35.7,S
2021-06-07T11:14:33,500.0,35.7,S
2021-06-07T11:14:14,100.0,35.8,B
2021-06-07T11:10:23,100.0,35.8,S
2021-06-07T11:09:41,200.0,35.8,B
2021-06-07T11:09:36,2000.0,35.8,B
2021-06-07T11:08:30,5000.0,35.8,B
2021-06-07T11:08:25,100.0,35.8,B
2021-06-07T11:07:57,500.0,35.8,B
2021-06-07T11:07:35,1000.0,35.7,S
2021-06-07T11:06:38,500.0,35.8,B
2021-06-07T11:04:53,200.0,35.7,S
2021-06-07T11:04:14,1600.0,35.7,S
2021-06-07T11:03:50,100.0,35.8,B
2021-06-07T11:02:42,3700.0,35.7,S
2021-06-07T11:01:48,200.0,35.7,S
2021-06-07T11:00:08,700.0,35.7,S
2021-06-07T10:58:32,1000.0,35.8,B
2021-06-07T10:57:16,500.0,35.8,B
2021-06-07T10:56:13,500.0,35.8,B
2021-06-07T10:55:10,4100.0,35.8,B
2021-06-07T10:54:48,10000.0,35.8,S
2021-06-07T10:54:43,2000.0,35.8,S
2021-06-07T10:53:55,2300.0,35.9,S
2021-06-07T10:52:22,100.0,36.0,B
2021-06-07T10:52:17,1000.0,36.0,B
2021-06-07T10:52:01,1000.0,35.9,S
2021-06-07T10:51:55,100.0,36.0,B
2021-06-07T10:51:22,3000.0,36.0,B
2021-06-07T10:51:22,100.0,36.0,B
2021-06-07T10:51:18,2000.0,36.0,B
2021-06-07T10:48:50,300.0,36.0,B
2021-06-07T10:48:40,500.0,35.9,S
2021-06-07T10:48:40,1000.0,35.9,S
2021-06-07T10:48:35,100.0,35.9,B
2021-06-07T10:46:52,200.0,35.9,B
2021-06-07T10:46:33,500.0,35.9,B
2021-06-07T10:46:08,5000.0,35.9,B
2021-06-07T10:45:45,300.0,35.9,B
2021-06-07T10:45:38,1000.0,35.8,S
2021-06-07T10:45:13,200.0,35.8,S
2021-06-07T10:44:38,1000.0,35.8,S
2021-06-07T10:44:15,400.0,35.8,B
2021-06-07T10:43:51,100.0,35.8,B
2021-06-07T10:41:23,500.0,35.7,S
2021-06-07T10:41:07,7000.0,35.7,S
2021-06-07T10:40:44,3900.0,35.8,S
2021-06-07T10:40:41,100.0,35.9,B
2021-06-07T10:38:49,100.0,35.8,S
2021-06-07T10:38:48,7900.0,35.8,S
2021-06-07T10:37:55,100.0,36.0,B
2021-06-07T10:37:54,300.0,36.0,B
2021-06-07T10:36:53,1200.0,36.0,S
2021-06-07T10:36:21,500.0,36.0,S
2021-06-07T10:36:09,5000.0,36.0,S
2021-06-07T10:35:47,100.0,36.0,S
2021-06-07T10:35:25,300.0,36.0,S
2021-06-07T10:34:19,1500.0,36.1,B
2021-06-07T10:33:50,1600.0,36.1,S
2021-06-07T10:33:40,200.0,36.1,S
2021-06-07T10:33:25,5000.0,36.1,S
2021-06-07T10:33:17,100.0,36.1,S
2021-06-07T10:32:28,1000.0,36.2,B
2021-06-07T10:32:05,1000.0,36.2,B
2021-06-07T10:31:03,3600.0,36.2,B
2021-06-07T10:30:53,200.0,36.2,B
2021-06-07T10:29:58,800.0,36.2,B
2021-06-07T10:29:49,500.0,36.3,B
2021-06-07T10:29:49,2300.0,36.2,S
2021-06-07T10:29:23,13300.0,36.2,S
2021-06-07T10:28:57,1000.0,36.2,S
2021-06-07T10:28:34,1800.0,36.2,S
2021-06-07T10:28:23,1500.0,36.2,S
2021-06-07T10:27:35,1400.0,36.2,S
2021-06-07T10:27:25,1000.0,36.2,S
2021-06-07T10:27:03,1000.0,36.2,S
2021-06-07T10:26:31,2000.0,36.3,B
2021-06-07T10:26:02,100.0,36.3,B
2021-06-07T10:25:26,300.0,36.2,S
2021-06-07T10:23:55,100.0,36.3,B
2021-06-07T10:23:35,100.0,36.3,S
2021-06-07T10:22:47,300.0,36.3,B
2021-06-07T10:22:45,1700.0,36.3,B
2021-06-07T10:22:42,1000.0,36.3,S
2021-06-07T10:21:53,500.0,36.3,S
2021-06-07T10:21:21,100.0,36.3,S
2021-06-07T10:21:01,1000.0,36.3,S
2021-06-07T10:20:04,300.0,36.3,S
2021-06-07T10:19:34,2000.0,36.3,S
2021-06-07T10:18:20,1000.0,36.3,S
2021-06-07T10:17:25,300.0,36.3,S
2021-06-07T10:16:24,500.0,36.3,S
2021-06-07T10:15:53,500.0,36.3,S
2021-06-07T10:15:38,100.0,36.3,S
2021-06-07T10:15:36,1000.0,36.4,B
2021-06-07T10:14:32,100.0,36.4,B
2021-06-07T10:14:23,100.0,36.4,S
2021-06-07T10:14:12,1000.0,36.4,S
2021-06-07T10:12:42,500.0,36.4,S
2021-06-07T10:10:28,200.0,36.4,S
2021-06-07T10:09:51,1000.0,36.4,S
2021-06-07T10:09:43,100.0,36.5,B
2021-06-07T10:09:41,5000.0,36.5,B
2021-06-07T10:09:21,900.0,36.4,S
2021-06-07T10:08:44,200.0,36.4,S
2021-06-07T10:08:05,200.0,36.4,S
2021-06-07T10:07:47,500.0,36.4,S
2021-06-07T10:07:37,100.0,36.4,S
2021-06-07T10:07:14,500.0,36.5,B
2021-06-07T10:06:58,500.0,36.4,S
2021-06-07T10:06:39,500.0,36.4,S
2021-06-07T10:06:19,200.0,36.4,S
2021-06-07T10:06:06,200.0,36.4,S
2021-06-07T10:06:01,300.0,36.5,B
2021-06-07T10:05:16,500.0,36.4,S
2021-06-07T10:04:42,1300.0,36.4,S
2021-06-07T10:04:27,500.0,36.4,S
2021-06-07T10:03:44,100.0,36.4,S
2021-06-07T10:03:17,200.0,36.4,S
2021-06-07T10:02:35,2000.0,36.4,S
2021-06-07T09:59:17,1000.0,36.4,S
2021-06-07T09:57:30,2800.0,36.4,B
2021-06-07T09:57:15,2000.0,36.4,B
2021-06-07T09:56:20,1000.0,36.3,S
2021-06-07T09:54:47,200.0,36.2,S
2021-06-07T09:54:12,500.0,36.3,B
2021-06-07T09:52:15,100.0,36.2,S
2021-06-07T09:52:13,6200.0,36.3,B
2021-06-07T09:52:01,500.0,36.4,B
2021-06-07T09:51:48,1600.0,36.4,S
2021-06-07T09:51:10,300.0,36.4,S
2021-06-07T09:50:21,5500.0,36.4,S
2021-06-07T09:48:03,300.0,36.4,S
2021-06-07T09:47:59,6000.0,36.5,B
2021-06-07T09:47:08,500.0,36.4,S
2021-06-07T09:47:05,100.0,36.4,S
2021-06-07T09:46:48,400.0,36.4,B
2021-06-07T09:46:33,100.0,36.4,B
2021-06-07T09:45:51,200.0,36.3,S
2021-06-07T09:44:48,500.0,36.3,S
2021-06-07T09:44:28,200.0,36.3,S
2021-06-07T09:42:22,100.0,36.3,S
2021-06-07T09:42:15,100.0,36.3,S
2021-06-07T09:41:37,100.0,36.3,S
2021-06-07T09:41:02,1000.0,36.3,S
2021-06-07T09:40:13,9500.0,36.3,S
2021-06-07T09:39:19,1000.0,36.5,S
2021-06-07T09:39:10,5000.0,36.6,S
2021-06-07T09:38:15,2000.0,36.5,S
2021-06-07T09:37:45,2000.0,36.6,B
2021-06-07T09:37:15,1100.0,36.6,S
2021-06-07T09:37:04,300.0,36.6,S
2021-06-07T09:36:53,100.0,36.6,B
2021-06-07T09:36:51,1500.0,36.6,S
2021-06-07T09:36:47,200.0,36.7,B
2021-06-07T09:36:40,200.0,36.6,S
2021-06-07T09:36:38,100.0,36.6,S
2021-06-07T09:36:26,1200.0,36.6,S
2021-06-07T09:36:19,4000.0,36.6,B
2021-06-07T09:36:16,500.0,36.5,S
2021-06-07T09:36:10,500.0,36.5,S
2021-06-07T09:35:36,3000.0,36.6,B
2021-06-07T09:34:40,500.0,36.5,S
2021-06-07T09:34:37,1000.0,36.5,S
2021-06-07T09:34:18,2100.0,36.5,S
2021-06-07T09:33:21,100.0,36.5,S
2021-06-07T09:33:16,100.0,36.6,B
2021-06-07T09:33:16,300.0,36.5,S
2021-06-07T09:33:09,100.0,36.5,S
2021-06-07T09:32:08,200.0,36.5,S
2021-06-07T09:31:52,400.0,36.5,S
2021-06-07T09:31:50,3500.0,36.6,B
2021-06-07T09:31:44,200.0,36.5,B
2021-06-07T09:31:40,400.0,36.5,S
2021-06-07T09:31:35,100.0,36.5,S
2021-06-07T09:31:27,1000.0,36.5,B
2021-06-07T09:31:16,300.0,36.4,S
2021-06-07T09:30:58,300.0,36.4,S
2021-06-07T09:30:43,1900.0,36.5,S
2021-06-07T09:30:27,500.0,36.5,S
2021-06-07T09:30:16,1000.0,36.5,S
2021-06-07T09:29:43,700.0,36.5,S
2021-06-07T09:29:37,1000.0,36.5,S
2021-06-07T09:29:12,1200.0,36.5,S
2021-06-07T09:28:52,200.0,36.5,S
2021-06-07T09:28:39,2000.0,36.6,B
2021-06-07T09:28:01,800.0,36.6,S
2021-06-07T09:28:01,1000.0,36.6,S
2021-06-07T09:27:44,4000.0,36.6,S
2021-06-07T09:27:02,200.0,36.6,S
2021-06-07T09:26:41,200.0,36.6,S
2021-06-07T09:26:23,2800.0,36.6,S
2021-06-07T09:26:19,100.0,36.7,B
2021-06-07T09:25:50,1000.0,36.7,B
2021-06-07T09:25:49,1000.0,36.6,S
2021-06-07T09:25:41,2000.0,36.7,B
2021-06-07T09:25:39,1000.0,36.7,B
2021-06-07T09:25:36,1500.0,36.6,S
2021-06-07T09:25:34,500.0,36.6,S
2021-06-07T09:25:30,100.0,36.6,S
2021-06-07T09:25:25,500.0,36.6,S
2021-06-07T09:24:17,3500.0,36.7,B
2021-06-07T09:24:16,200.0,36.7,S
2021-06-07T09:24:14,100.0,36.8,B
2021-06-07T09:24:03,500.0,36.7,S
2021-06-07T09:23:58,100.0,36.7,S
2021-06-07T09:23:52,100.0,36.7,S
2021-06-07T09:23:45,200.0,36.7,S
2021-06-07T09:23:43,300.0,36.7,S
2021-06-07T09:23:32,1700.0,36.7,B
2021-06-07T09:23:23,200.0,36.7,S
2021-06-07T09:23:16,3000.0,36.7,S
2021-06-07T09:23:14,100.0,36.7,S
2021-06-07T09:22:41,500.0,36.8,B
2021-06-07T09:21:54,200.0,36.9,B
2021-06-07T09:21:51,200.0,36.7,S
2021-06-07T09:21:33,300.0,37.0,B
2021-06-07T09:21:16,2000.0,37.0,B
2021-06-07T09:21:12,200.0,37.0,B
2021-06-07T09:21:09,2000.0,37.0,B
2021-06-07T09:20:58,200.0,37.0,B
2021-06-07T09:20:30,5000.0,37.0,B
2021-06-07T09:20:25,500.0,36.7,S
2021-06-07T09:20:21,600.0,37.0,B
2021-06-07T09:20:14,100.0,36.7,B
2021-06-07T09:20:06,1700.0,36.6,B
2021-06-07T09:19:56,300.0,36.6,B
2021-06-07T09:19:48,200.0,36.5,S
2021-06-07T09:19:47,3400.0,36.5,B
2021-06-07T09:19:25,5000.0,36.5,B
2021-06-07T09:19:25,1000.0,36.4,B
2021-06-07T09:19:16,500.0,36.4,B
2021-06-07T09:19:03,2500.0,36.3,B
2021-06-07T09:18:59,1000.0,36.2,S
2021-06-07T09:18:57,200.0,36.2,S
2021-06-07T09:18:39,200.0,36.2,S
2021-06-07T09:18:25,1000.0,36.2,S
2021-06-07T09:18:18,1000.0,36.2,B
2021-06-07T09:17:41,8000.0,36.2,B
2021-06-07T09:17:00,100.0,36.0,S
2021-06-07T09:16:34,100.0,36.1,B
2021-06-07T09:16:05,700.0,36.0,S
2021-06-07T09:15:46,900.0,36.0,S
2021-06-07T09:15:24,1000.0,36.0,S
2021-06-07T09:15:22,2100.0,36.0,B
2021-06-07T09:14:58,900.0,35.8,S
2021-06-07T09:14:52,2600.0,35.9,B
2021-06-07T09:14:26,2100.0,35.8,B
2021-06-07T09:12:53,900.0,35.7,S
2021-06-07T09:11:08,100.0,35.7,S
2021-06-07T09:08:12,1000.0,35.7,S
2021-06-07T09:07:56,200.0,35.7,S
2021-06-07T09:07:15,100.0,35.7,S
2021-06-07T09:03:18,500.0,35.7,S
2021-06-07T09:02:25,500.0,35.7,B
2021-06-07T09:01:56,100.0,35.7,B
2021-06-07T09:00:44,100.0,35.7,B
2021-06-07T09:00:42,100.0,35.7,B
2021-06-07T09:00:38,100.0,35.7,B
2021-06-07T09:00:12,400.0,36.0,B
