tradingTime,volume,price,side
2021-06-07T14:08:33,1200.0,26.85,S
2021-06-07T14:08:33,800.0,26.85,S
2021-06-07T13:53:29,1000.0,26.9,B
2021-06-07T13:53:01,1000.0,26.9,B
2021-06-07T13:52:47,200.0,26.9,B
2021-06-07T13:52:07,700.0,26.9,B
2021-06-07T13:51:53,1000.0,26.9,B
2021-06-07T13:51:06,100.0,26.85,S
2021-06-07T13:50:59,500.0,26.9,B
2021-06-07T13:50:57,800.0,26.9,B
2021-06-07T13:50:06,100.0,26.9,B
2021-06-07T13:49:59,1000.0,26.85,B
2021-06-07T13:49:46,300.0,26.85,B
2021-06-07T13:49:32,1000.0,26.9,B
2021-06-07T13:48:47,5000.0,26.9,B
2021-06-07T13:48:07,3000.0,26.9,B
2021-06-07T13:48:00,500.0,26.85,B
2021-06-07T13:47:32,100.0,26.85,B
2021-06-07T13:47:30,500.0,26.85,B
2021-06-07T13:46:38,500.0,26.85,B
2021-06-07T13:46:22,2000.0,26.85,B
2021-06-07T13:46:09,700.0,26.85,B
2021-06-07T13:45:22,500.0,26.85,B
2021-06-07T13:45:21,1000.0,26.85,B
2021-06-07T13:44:52,1000.0,26.8,S
2021-06-07T13:44:48,700.0,26.85,B
2021-06-07T13:44:38,100.0,26.8,S
2021-06-07T13:44:17,400.0,26.85,B
2021-06-07T13:43:00,1000.0,26.85,B
2021-06-07T13:42:39,500.0,26.85,B
2021-06-07T13:42:37,200.0,26.85,B
2021-06-07T13:42:33,1000.0,26.85,B
2021-06-07T13:42:18,500.0,26.8,S
2021-06-07T13:42:14,1000.0,26.8,S
2021-06-07T13:41:52,1800.0,26.85,B
2021-06-07T13:41:38,100.0,26.85,B
2021-06-07T13:40:39,200.0,26.85,B
2021-06-07T13:40:17,10000.0,26.85,B
2021-06-07T13:40:08,900.0,26.85,B
2021-06-07T13:40:08,500.0,26.85,B
2021-06-07T13:39:38,200.0,26.85,B
2021-06-07T13:37:46,100.0,26.85,B
2021-06-07T13:37:32,500.0,26.85,B
2021-06-07T13:37:28,200.0,26.85,B
2021-06-07T13:37:00,1500.0,26.8,S
2021-06-07T13:35:52,500.0,26.85,B
2021-06-07T13:35:18,1200.0,26.8,S
2021-06-07T13:35:08,500.0,26.85,B
2021-06-07T13:34:24,100.0,26.85,B
2021-06-07T13:33:36,500.0,26.8,S
2021-06-07T13:31:57,300.0,26.85,B
2021-06-07T13:31:39,3400.0,26.85,B
2021-06-07T13:31:20,500.0,26.8,S
2021-06-07T13:30:05,300.0,26.85,B
2021-06-07T13:29:57,2000.0,26.85,B
2021-06-07T13:29:19,100.0,26.85,B
2021-06-07T13:29:09,100.0,26.85,B
2021-06-07T13:28:05,200.0,26.85,B
2021-06-07T13:27:32,10000.0,26.85,B
2021-06-07T13:25:44,1000.0,26.7,S
2021-06-07T13:23:01,500.0,26.85,B
2021-06-07T13:22:50,100.0,26.7,B
2021-06-07T13:22:48,900.0,26.7,B
2021-06-07T13:22:39,200.0,26.7,B
2021-06-07T13:22:16,100.0,26.7,B
2021-06-07T13:22:00,500.0,26.65,S
2021-06-07T13:21:59,3500.0,26.65,S
2021-06-07T13:21:47,300.0,26.7,B
2021-06-07T13:21:47,100.0,26.7,B
2021-06-07T13:21:41,100.0,26.7,B
2021-06-07T13:21:37,1000.0,26.7,B
2021-06-07T13:20:47,400.0,26.7,S
2021-06-07T13:20:22,2000.0,26.7,S
2021-06-07T13:20:06,800.0,26.7,S
2021-06-07T13:20:00,1200.0,26.85,B
2021-06-07T13:20:00,4200.0,26.8,B
2021-06-07T13:19:59,300.0,26.7,S
2021-06-07T13:19:58,800.0,26.7,S
2021-06-07T13:19:49,3000.0,26.7,S
2021-06-07T13:19:46,1200.0,26.7,S
2021-06-07T13:19:02,800.0,26.7,S
2021-06-07T13:18:55,400.0,26.7,S
2021-06-07T13:18:50,300.0,26.7,S
2021-06-07T13:18:22,200.0,26.7,S
2021-06-07T13:18:19,3300.0,26.7,S
2021-06-07T13:17:51,100.0,26.7,S
2021-06-07T13:16:14,300.0,26.7,B
2021-06-07T13:15:48,800.0,26.7,B
2021-06-07T13:15:13,1000.0,26.8,B
2021-06-07T13:14:18,1200.0,26.7,B
2021-06-07T13:14:17,500.0,26.65,S
2021-06-07T13:13:26,500.0,26.7,B
2021-06-07T13:13:15,300.0,26.65,S
2021-06-07T13:11:40,200.0,26.7,S
2021-06-07T13:11:06,3000.0,26.6,S
2021-06-07T13:11:03,100.0,26.7,S
2021-06-07T13:10:27,2300.0,26.6,S
2021-06-07T13:09:50,200.0,26.65,S
2021-06-07T13:09:16,300.0,26.7,S
2021-06-07T13:08:38,1000.0,26.7,S
2021-06-07T13:08:17,500.0,26.7,S
2021-06-07T13:07:46,700.0,26.6,S
2021-06-07T13:07:16,500.0,26.7,S
2021-06-07T13:06:40,100.0,26.8,B
2021-06-07T13:06:33,2400.0,26.8,B
2021-06-07T13:06:03,100.0,26.7,S
2021-06-07T13:05:51,100.0,26.7,S
2021-06-07T13:05:51,100.0,26.7,S
2021-06-07T13:05:50,800.0,26.7,S
2021-06-07T13:04:55,200.0,26.7,S
2021-06-07T13:03:44,100.0,26.7,S
2021-06-07T13:02:54,4300.0,26.6,S
2021-06-07T13:01:54,200.0,26.7,S
2021-06-07T13:01:54,4800.0,26.7,S
2021-06-07T13:01:24,100.0,26.9,B
2021-06-07T13:01:00,1300.0,26.7,S
2021-06-07T13:00:46,500.0,26.9,B
2021-06-07T11:34:19,100.0,26.9,B
2021-06-07T11:33:59,1200.0,26.7,S
2021-06-07T11:32:24,1000.0,26.7,S
2021-06-07T11:32:19,1200.0,26.7,S
2021-06-07T11:32:14,1000.0,26.9,B
2021-06-07T11:31:29,400.0,26.9,B
2021-06-07T11:31:04,2400.0,26.7,S
2021-06-07T11:30:49,100.0,26.9,B
2021-06-07T11:29:01,100.0,26.9,B
2021-06-07T11:28:42,200.0,26.7,S
2021-06-07T11:27:45,1000.0,26.7,S
2021-06-07T11:27:41,500.0,26.9,B
2021-06-07T11:27:22,200.0,26.9,B
2021-06-07T11:26:41,900.0,26.7,S
2021-06-07T11:26:26,800.0,26.7,S
2021-06-07T11:26:16,500.0,26.9,B
2021-06-07T11:25:57,500.0,26.7,S
2021-06-07T11:25:55,100.0,26.9,B
2021-06-07T11:25:48,1000.0,26.8,S
2021-06-07T11:25:40,1900.0,26.7,S
2021-06-07T11:25:39,4100.0,26.8,S
2021-06-07T11:25:22,100.0,26.9,B
2021-06-07T11:25:03,200.0,26.9,B
2021-06-07T11:23:28,1100.0,26.9,B
2021-06-07T11:23:05,200.0,26.9,S
2021-06-07T11:23:05,200.0,26.85,S
2021-06-07T11:22:36,300.0,26.9,S
2021-06-07T11:22:31,500.0,26.9,S
2021-06-07T11:22:30,500.0,26.9,S
2021-06-07T11:21:20,2000.0,26.8,S
2021-06-07T11:21:16,100.0,26.9,S
2021-06-07T11:20:57,100.0,26.9,S
2021-06-07T11:20:33,100.0,26.9,S
2021-06-07T11:20:32,700.0,26.9,S
2021-06-07T11:20:32,700.0,26.9,S
2021-06-07T11:20:32,1100.0,26.9,S
2021-06-07T11:20:32,500.0,26.9,S
2021-06-07T11:19:45,500.0,26.9,S
2021-06-07T11:18:51,900.0,26.9,S
2021-06-07T11:18:43,700.0,26.9,S
2021-06-07T11:18:43,1100.0,26.9,S
2021-06-07T11:18:42,1100.0,26.9,S
2021-06-07T11:18:22,1000.0,26.9,S
2021-06-07T11:18:19,100.0,26.95,B
2021-06-07T11:18:12,1000.0,26.95,B
2021-06-07T11:18:02,1000.0,26.95,B
2021-06-07T11:17:49,500.0,26.9,S
2021-06-07T11:17:17,1000.0,26.9,S
2021-06-07T11:15:42,100.0,26.9,S
2021-06-07T11:15:32,2000.0,26.9,S
2021-06-07T11:15:21,300.0,26.9,S
2021-06-07T11:15:02,100.0,26.95,B
2021-06-07T11:14:22,200.0,26.9,S
2021-06-07T11:14:22,400.0,26.9,S
2021-06-07T11:14:22,300.0,26.9,S
2021-06-07T11:14:22,1500.0,26.9,S
2021-06-07T11:14:22,1600.0,26.9,S
2021-06-07T11:14:22,1600.0,26.9,S
2021-06-07T11:14:22,600.0,26.9,S
2021-06-07T11:14:22,3800.0,26.9,S
2021-06-07T11:14:21,1000.0,26.95,S
2021-06-07T11:14:20,1200.0,26.9,S
2021-06-07T11:13:58,400.0,26.95,S
2021-06-07T11:13:55,1000.0,26.95,S
2021-06-07T11:13:03,500.0,26.9,S
2021-06-07T11:13:03,1800.0,26.9,S
2021-06-07T11:12:46,300.0,26.95,S
2021-06-07T11:12:39,500.0,26.95,S
2021-06-07T11:12:33,100.0,26.9,S
2021-06-07T11:11:50,1800.0,26.9,S
2021-06-07T11:10:19,300.0,26.9,S
2021-06-07T11:09:50,2000.0,27.0,B
2021-06-07T11:09:02,200.0,27.0,B
2021-06-07T11:08:23,1900.0,26.9,S
2021-06-07T11:08:17,4000.0,26.95,S
2021-06-07T11:08:16,200.0,27.0,B
2021-06-07T11:08:04,1100.0,27.0,B
2021-06-07T11:07:22,12000.0,27.0,S
2021-06-07T11:06:07,200.0,27.0,S
2021-06-07T11:05:41,1300.0,27.0,S
2021-06-07T11:05:32,1000.0,27.0,S
2021-06-07T11:05:16,400.0,27.0,S
2021-06-07T11:05:13,100.0,27.0,S
2021-06-07T11:05:06,100.0,27.0,S
2021-06-07T11:05:03,200.0,27.0,S
2021-06-07T11:05:03,4800.0,27.0,S
2021-06-07T11:04:59,1300.0,27.0,S
2021-06-07T11:04:59,500.0,27.0,S
2021-06-07T11:04:59,8200.0,27.0,S
2021-06-07T11:04:25,500.0,27.0,S
2021-06-07T11:03:34,100.0,27.05,B
2021-06-07T11:03:25,300.0,27.0,S
2021-06-07T11:03:25,1900.0,27.0,S
2021-06-07T11:03:25,1300.0,27.0,S
2021-06-07T11:03:25,1100.0,27.0,S
2021-06-07T11:03:25,1200.0,27.0,S
2021-06-07T11:03:25,1200.0,27.0,S
2021-06-07T11:03:25,5000.0,27.0,S
2021-06-07T11:03:14,1000.0,27.05,B
2021-06-07T11:02:42,6000.0,27.0,S
2021-06-07T11:02:03,300.0,27.05,B
2021-06-07T11:02:01,100.0,27.05,B
2021-06-07T11:01:07,100.0,27.05,B
2021-06-07T11:00:34,1000.0,27.0,S
2021-06-07T11:00:34,2300.0,27.0,S
2021-06-07T11:00:34,400.0,27.0,S
2021-06-07T11:00:34,1200.0,27.0,S
2021-06-07T11:00:34,1100.0,27.0,S
2021-06-07T11:00:33,4000.0,27.0,S
2021-06-07T11:00:31,100.0,27.05,B
2021-06-07T11:00:17,5000.0,27.0,S
2021-06-07T11:00:05,500.0,27.0,S
2021-06-07T10:59:51,100.0,27.0,S
2021-06-07T10:59:49,600.0,27.0,S
2021-06-07T10:59:17,200.0,27.0,S
2021-06-07T10:59:17,1000.0,27.0,S
2021-06-07T10:58:58,400.0,27.05,B
2021-06-07T10:58:16,500.0,27.05,S
2021-06-07T10:58:15,500.0,27.05,S
2021-06-07T10:58:15,5000.0,27.05,S
2021-06-07T10:57:57,500.0,27.05,S
2021-06-07T10:56:48,2000.0,27.05,S
2021-06-07T10:56:41,500.0,27.05,S
2021-06-07T10:56:36,200.0,27.05,S
2021-06-07T10:56:16,2000.0,27.05,S
2021-06-07T10:56:11,100.0,27.1,B
2021-06-07T10:56:08,1300.0,27.05,S
2021-06-07T10:55:54,4000.0,27.05,S
2021-06-07T10:55:42,2000.0,27.05,S
2021-06-07T10:55:01,1000.0,27.05,S
2021-06-07T10:54:50,2000.0,27.05,S
2021-06-07T10:54:44,2100.0,27.05,S
2021-06-07T10:54:43,200.0,27.05,S
2021-06-07T10:54:41,1000.0,27.05,S
2021-06-07T10:54:31,200.0,27.1,B
2021-06-07T10:54:28,100.0,27.1,B
2021-06-07T10:54:26,500.0,27.1,B
2021-06-07T10:54:18,300.0,27.1,B
2021-06-07T10:54:01,200.0,27.1,B
2021-06-07T10:53:56,2200.0,27.15,B
2021-06-07T10:53:29,1500.0,27.1,B
2021-06-07T10:53:29,1500.0,27.1,B
2021-06-07T10:53:18,500.0,27.1,B
2021-06-07T10:52:53,200.0,27.1,B
2021-06-07T10:52:50,1000.0,27.05,S
2021-06-07T10:52:38,100.0,27.05,S
2021-06-07T10:51:44,100.0,27.1,B
2021-06-07T10:51:35,100.0,27.1,B
2021-06-07T10:51:33,500.0,27.05,S
2021-06-07T10:51:33,4500.0,27.05,S
2021-06-07T10:51:19,1000.0,27.05,S
2021-06-07T10:50:53,7000.0,27.05,S
2021-06-07T10:50:50,2200.0,27.1,B
2021-06-07T10:50:50,1700.0,27.1,B
2021-06-07T10:50:45,700.0,27.1,B
2021-06-07T10:50:40,800.0,27.1,B
2021-06-07T10:49:48,500.0,27.05,S
2021-06-07T10:49:46,4000.0,27.1,B
2021-06-07T10:49:30,3000.0,27.1,B
2021-06-07T10:49:25,8200.0,27.1,B
2021-06-07T10:48:58,100.0,27.1,B
2021-06-07T10:48:40,3000.0,27.1,B
2021-06-07T10:48:16,100.0,27.1,B
2021-06-07T10:47:33,200.0,27.1,B
2021-06-07T10:46:19,500.0,27.1,B
2021-06-07T10:46:05,1000.0,27.1,B
2021-06-07T10:46:02,500.0,27.1,B
2021-06-07T10:46:00,400.0,27.1,B
2021-06-07T10:45:53,200.0,27.1,B
2021-06-07T10:45:42,400.0,27.1,B
2021-06-07T10:45:34,100.0,27.1,B
2021-06-07T10:44:58,1300.0,27.05,S
2021-06-07T10:44:33,300.0,27.05,S
2021-06-07T10:44:15,1800.0,27.1,B
2021-06-07T10:43:58,700.0,27.05,S
2021-06-07T10:43:23,100.0,27.1,B
2021-06-07T10:42:18,200.0,27.1,B
2021-06-07T10:41:59,300.0,27.1,B
2021-06-07T10:41:46,100.0,27.1,S
2021-06-07T10:41:20,5000.0,27.1,S
2021-06-07T10:41:15,25000.0,27.05,S
2021-06-07T10:41:10,200.0,27.1,S
2021-06-07T10:41:00,100.0,27.1,S
2021-06-07T10:40:40,1000.0,27.05,S
2021-06-07T10:40:23,100.0,27.1,S
2021-06-07T10:40:18,500.0,27.1,S
2021-06-07T10:40:03,800.0,27.1,S
2021-06-07T10:39:59,1000.0,27.1,S
2021-06-07T10:39:55,200.0,27.1,S
2021-06-07T10:39:42,1200.0,27.15,B
2021-06-07T10:39:42,3800.0,27.1,S
2021-06-07T10:39:42,700.0,27.1,S
2021-06-07T10:39:42,3000.0,27.1,S
2021-06-07T10:39:42,2500.0,27.1,S
2021-06-07T10:39:33,2000.0,27.1,S
2021-06-07T10:39:28,1000.0,27.1,S
2021-06-07T10:39:11,4000.0,27.1,S
2021-06-07T10:39:11,100.0,27.1,S
2021-06-07T10:39:11,700.0,27.1,S
2021-06-07T10:39:11,1100.0,27.1,S
2021-06-07T10:39:11,400.0,27.1,S
2021-06-07T10:39:11,900.0,27.1,S
2021-06-07T10:39:11,800.0,27.1,S
2021-06-07T10:39:10,2000.0,27.1,S
2021-06-07T10:38:35,8000.0,27.1,S
2021-06-07T10:37:31,1000.0,27.15,B
2021-06-07T10:37:09,100.0,27.1,S
2021-06-07T10:37:00,500.0,27.15,B
2021-06-07T10:36:57,200.0,27.15,B
2021-06-07T10:36:09,2000.0,27.15,B
2021-06-07T10:35:56,400.0,27.1,S
2021-06-07T10:35:27,2000.0,27.15,B
2021-06-07T10:35:04,500.0,27.15,B
2021-06-07T10:35:04,1500.0,27.15,B
2021-06-07T10:35:02,200.0,27.1,S
2021-06-07T10:34:49,300.0,27.15,B
2021-06-07T10:34:07,200.0,27.1,S
2021-06-07T10:33:29,500.0,27.15,B
2021-06-07T10:33:04,5000.0,27.1,S
2021-06-07T10:32:43,300.0,27.15,B
2021-06-07T10:32:39,3000.0,27.1,S
2021-06-07T10:32:39,2000.0,27.1,S
2021-06-07T10:32:28,1000.0,27.1,S
2021-06-07T10:31:38,2000.0,27.1,S
2021-06-07T10:31:22,1000.0,27.1,S
2021-06-07T10:31:16,1000.0,27.1,S
2021-06-07T10:31:03,200.0,27.15,B
2021-06-07T10:30:08,500.0,27.15,B
2021-06-07T10:30:00,200.0,27.15,B
2021-06-07T10:28:41,1000.0,27.15,B
2021-06-07T10:28:12,1000.0,27.1,S
2021-06-07T10:28:01,500.0,27.15,B
2021-06-07T10:27:55,1800.0,27.15,B
2021-06-07T10:27:52,100.0,27.15,B
2021-06-07T10:27:32,5500.0,27.15,B
2021-06-07T10:27:03,100.0,27.15,B
2021-06-07T10:26:59,1000.0,27.1,S
2021-06-07T10:26:34,5000.0,27.1,S
2021-06-07T10:25:30,500.0,27.15,B
2021-06-07T10:25:28,100.0,27.15,B
2021-06-07T10:24:38,4000.0,27.1,S
2021-06-07T10:24:26,500.0,27.15,S
2021-06-07T10:24:17,100.0,27.15,S
2021-06-07T10:24:03,300.0,27.15,S
2021-06-07T10:23:57,300.0,27.15,S
2021-06-07T10:23:51,100.0,27.2,B
2021-06-07T10:23:49,1000.0,27.2,B
2021-06-07T10:23:32,1000.0,27.2,B
2021-06-07T10:23:17,200.0,27.2,B
2021-06-07T10:22:48,100.0,27.2,B
2021-06-07T10:22:32,3000.0,27.2,B
2021-06-07T10:22:19,300.0,27.15,S
2021-06-07T10:22:15,300.0,27.2,B
2021-06-07T10:21:09,500.0,27.2,B
2021-06-07T10:20:57,600.0,27.2,B
2021-06-07T10:20:55,400.0,27.2,B
2021-06-07T10:20:49,400.0,27.2,B
2021-06-07T10:20:48,200.0,27.2,B
2021-06-07T10:20:42,1000.0,27.2,B
2021-06-07T10:20:37,2500.0,27.2,B
2021-06-07T10:20:29,200.0,27.2,B
2021-06-07T10:20:16,200.0,27.2,B
2021-06-07T10:20:11,600.0,27.1,S
2021-06-07T10:20:11,6400.0,27.1,S
2021-06-07T10:20:07,100.0,27.2,B
2021-06-07T10:20:04,1000.0,27.15,S
2021-06-07T10:20:04,500.0,27.15,S
2021-06-07T10:20:04,1500.0,27.15,S
2021-06-07T10:19:45,100.0,27.2,B
2021-06-07T10:19:27,500.0,27.2,B
2021-06-07T10:19:19,500.0,27.2,B
2021-06-07T10:19:08,2000.0,27.2,B
2021-06-07T10:19:06,5000.0,27.2,B
2021-06-07T10:18:41,1000.0,27.2,B
2021-06-07T10:18:22,100.0,27.2,B
2021-06-07T10:18:14,100.0,27.2,B
2021-06-07T10:18:07,900.0,27.2,B
2021-06-07T10:18:01,100.0,27.2,B
2021-06-07T10:18:01,300.0,27.2,B
2021-06-07T10:18:00,1100.0,27.15,S
2021-06-07T10:17:29,2000.0,27.2,B
2021-06-07T10:17:07,3000.0,27.2,B
2021-06-07T10:16:58,900.0,27.15,S
2021-06-07T10:16:55,200.0,27.2,B
2021-06-07T10:16:46,5400.0,27.2,B
2021-06-07T10:16:44,300.0,27.2,B
2021-06-07T10:16:21,500.0,27.2,B
2021-06-07T10:16:17,600.0,27.2,B
2021-06-07T10:16:06,500.0,27.2,B
2021-06-07T10:15:57,300.0,27.2,B
2021-06-07T10:15:57,1000.0,27.2,B
2021-06-07T10:15:57,1000.0,27.15,S
2021-06-07T10:15:54,200.0,27.2,B
2021-06-07T10:15:20,500.0,27.2,B
2021-06-07T10:15:14,500.0,27.2,B
2021-06-07T10:14:49,300.0,27.2,B
2021-06-07T10:14:37,2000.0,27.2,B
2021-06-07T10:14:30,300.0,27.2,B
2021-06-07T10:14:22,8000.0,27.2,B
2021-06-07T10:13:59,4000.0,27.2,B
2021-06-07T10:13:38,1000.0,27.15,S
2021-06-07T10:12:56,300.0,27.2,B
2021-06-07T10:12:52,300.0,27.15,S
2021-06-07T10:12:50,100.0,27.15,S
2021-06-07T10:12:34,500.0,27.15,S
2021-06-07T10:12:26,1000.0,27.15,S
2021-06-07T10:12:26,1000.0,27.2,B
2021-06-07T10:12:15,400.0,27.2,B
2021-06-07T10:12:15,1800.0,27.2,B
2021-06-07T10:12:15,1000.0,27.2,B
2021-06-07T10:12:15,1200.0,27.2,B
2021-06-07T10:12:15,200.0,27.2,B
2021-06-07T10:12:15,100.0,27.2,B
2021-06-07T10:11:49,5000.0,27.2,B
2021-06-07T10:11:48,700.0,27.15,S
2021-06-07T10:11:48,100.0,27.15,S
2021-06-07T10:11:18,2000.0,27.2,B
2021-06-07T10:11:11,100.0,27.2,B
2021-06-07T10:11:08,300.0,27.2,B
2021-06-07T10:11:07,1000.0,27.2,B
2021-06-07T10:10:58,1000.0,27.15,S
2021-06-07T10:10:55,400.0,27.15,S
2021-06-07T10:10:45,500.0,27.2,B
2021-06-07T10:10:33,2000.0,27.2,B
2021-06-07T10:10:30,1000.0,27.15,S
2021-06-07T10:10:02,2000.0,27.2,B
2021-06-07T10:09:49,2000.0,27.15,S
2021-06-07T10:09:29,500.0,27.15,S
2021-06-07T10:09:18,1000.0,27.15,S
2021-06-07T10:09:17,1800.0,27.2,B
2021-06-07T10:09:17,2000.0,27.2,B
2021-06-07T10:09:17,1200.0,27.2,B
2021-06-07T10:09:10,100.0,27.15,S
2021-06-07T10:09:10,500.0,27.15,S
2021-06-07T10:09:07,100.0,27.15,S
2021-06-07T10:08:59,400.0,27.15,S
2021-06-07T10:08:48,2000.0,27.15,S
2021-06-07T10:08:31,200.0,27.15,S
2021-06-07T10:08:27,300.0,27.15,S
2021-06-07T10:08:10,1300.0,27.15,S
2021-06-07T10:07:21,10000.0,27.2,B
2021-06-07T10:07:04,100.0,27.1,S
2021-06-07T10:06:55,500.0,27.2,B
2021-06-07T10:06:31,1000.0,27.2,B
2021-06-07T10:06:21,300.0,27.15,B
2021-06-07T10:06:12,500.0,27.15,B
2021-06-07T10:06:08,100.0,27.15,B
2021-06-07T10:05:46,800.0,27.15,B
2021-06-07T10:05:46,1000.0,27.15,B
2021-06-07T10:05:45,800.0,27.15,B
2021-06-07T10:05:29,700.0,27.15,B
2021-06-07T10:04:39,200.0,27.2,B
2021-06-07T10:04:15,10000.0,27.1,S
2021-06-07T10:03:54,2600.0,27.15,B
2021-06-07T10:03:54,1300.0,27.15,B
2021-06-07T10:03:48,100.0,27.15,B
2021-06-07T10:03:45,1000.0,27.15,B
2021-06-07T10:03:43,500.0,27.1,S
2021-06-07T10:03:25,1000.0,27.15,B
2021-06-07T10:03:05,500.0,27.15,B
2021-06-07T10:02:18,100.0,27.15,B
2021-06-07T10:01:59,5000.0,27.1,S
2021-06-07T10:01:50,100.0,27.15,B
2021-06-07T10:01:44,200.0,27.15,B
2021-06-07T10:01:31,300.0,27.1,S
2021-06-07T10:00:48,2600.0,27.1,S
2021-06-07T09:59:48,500.0,27.1,S
2021-06-07T09:59:29,200.0,27.1,S
2021-06-07T09:59:10,500.0,27.1,S
2021-06-07T09:59:02,1100.0,27.1,B
2021-06-07T09:58:36,500.0,27.1,B
2021-06-07T09:58:31,500.0,27.1,B
2021-06-07T09:58:16,100.0,27.1,B
2021-06-07T09:58:16,400.0,27.1,B
2021-06-07T09:57:06,400.0,27.1,B
2021-06-07T09:57:06,600.0,27.1,B
2021-06-07T09:55:57,1000.0,27.1,B
2021-06-07T09:55:11,400.0,27.1,B
2021-06-07T09:54:12,3000.0,27.1,B
2021-06-07T09:53:56,10400.0,27.0,S
2021-06-07T09:53:51,1200.0,27.05,B
2021-06-07T09:53:46,900.0,27.05,B
2021-06-07T09:53:27,6600.0,27.05,B
2021-06-07T09:53:10,1000.0,27.0,S
2021-06-07T09:52:53,3000.0,27.05,B
2021-06-07T09:51:04,2000.0,27.0,S
2021-06-07T09:50:31,1500.0,27.05,B
2021-06-07T09:50:06,3000.0,27.05,S
2021-06-07T09:49:35,100.0,27.05,S
2021-06-07T09:49:30,1500.0,27.05,S
2021-06-07T09:49:08,500.0,27.05,S
2021-06-07T09:49:02,900.0,27.0,S
2021-06-07T09:49:01,900.0,27.0,S
2021-06-07T09:48:44,1000.0,27.0,S
2021-06-07T09:48:07,200.0,27.0,S
2021-06-07T09:48:06,1500.0,27.0,S
2021-06-07T09:48:03,500.0,27.0,S
2021-06-07T09:47:53,300.0,27.0,S
2021-06-07T09:46:46,1000.0,27.0,S
2021-06-07T09:45:57,500.0,27.0,S
2021-06-07T09:45:31,1700.0,26.95,S
2021-06-07T09:45:24,200.0,26.95,S
2021-06-07T09:45:03,500.0,26.95,S
2021-06-07T09:44:34,1000.0,26.95,S
2021-06-07T09:43:39,100.0,26.95,S
2021-06-07T09:43:23,2000.0,26.95,S
2021-06-07T09:43:21,500.0,26.95,S
2021-06-07T09:42:28,400.0,26.95,S
2021-06-07T09:42:09,8600.0,27.05,S
2021-06-07T09:42:05,2000.0,27.05,S
2021-06-07T09:41:32,15200.0,27.05,B
2021-06-07T09:41:32,9200.0,27.0,B
2021-06-07T09:41:32,400.0,27.0,B
2021-06-07T09:41:31,12600.0,27.0,B
2021-06-07T09:40:42,100.0,27.0,B
2021-06-07T09:40:30,100.0,27.0,B
2021-06-07T09:40:07,400.0,27.0,B
2021-06-07T09:39:46,100.0,26.9,S
2021-06-07T09:39:24,100.0,27.0,B
2021-06-07T09:39:18,100.0,26.9,S
2021-06-07T09:37:29,100.0,26.9,S
2021-06-07T09:36:06,3000.0,27.0,B
2021-06-07T09:35:57,1000.0,27.0,B
2021-06-07T09:35:36,100.0,26.95,S
2021-06-07T09:35:22,4000.0,27.0,B
2021-06-07T09:34:47,100.0,27.0,B
2021-06-07T09:34:15,800.0,26.9,S
2021-06-07T09:34:02,500.0,27.0,B
2021-06-07T09:33:54,300.0,26.9,S
2021-06-07T09:33:54,1600.0,26.9,S
2021-06-07T09:33:54,500.0,26.9,S
2021-06-07T09:33:52,500.0,27.0,B
2021-06-07T09:33:51,100.0,27.0,B
2021-06-07T09:32:58,2400.0,27.0,B
2021-06-07T09:32:58,400.0,27.0,B
2021-06-07T09:32:58,3700.0,27.0,B
2021-06-07T09:32:43,2000.0,27.0,B
2021-06-07T09:32:29,500.0,27.0,B
2021-06-07T09:32:13,200.0,27.0,B
2021-06-07T09:31:55,400.0,26.9,S
2021-06-07T09:31:35,3000.0,26.9,S
2021-06-07T09:31:25,200.0,26.9,S
2021-06-07T09:31:06,2400.0,26.9,S
2021-06-07T09:31:01,500.0,27.0,B
2021-06-07T09:30:53,2600.0,27.0,B
2021-06-07T09:30:53,500.0,27.0,B
2021-06-07T09:30:51,800.0,27.0,B
2021-06-07T09:30:49,2900.0,27.0,B
2021-06-07T09:30:32,1000.0,27.0,B
2021-06-07T09:30:20,1000.0,27.0,B
2021-06-07T09:30:06,100.0,27.0,B
2021-06-07T09:29:53,500.0,26.9,S
2021-06-07T09:29:49,600.0,27.0,B
2021-06-07T09:29:45,700.0,26.9,S
2021-06-07T09:29:43,500.0,27.0,B
2021-06-07T09:29:11,500.0,27.0,B
2021-06-07T09:28:56,300.0,27.0,B
2021-06-07T09:28:53,700.0,26.9,S
2021-06-07T09:28:53,1300.0,26.9,S
2021-06-07T09:28:33,10000.0,27.0,B
2021-06-07T09:27:51,500.0,26.9,S
2021-06-07T09:27:40,1200.0,26.9,S
2021-06-07T09:27:40,2100.0,26.9,S
2021-06-07T09:27:40,100.0,26.9,S
2021-06-07T09:27:40,2600.0,26.9,S
2021-06-07T09:27:19,2000.0,26.9,S
2021-06-07T09:27:11,1000.0,26.9,S
2021-06-07T09:26:26,100.0,26.9,S
2021-06-07T09:25:39,3400.0,26.9,S
2021-06-07T09:25:39,1700.0,26.9,S
2021-06-07T09:25:39,500.0,26.9,S
2021-06-07T09:25:39,2600.0,26.9,S
2021-06-07T09:25:39,1800.0,26.9,S
2021-06-07T09:24:32,100.0,27.0,B
2021-06-07T09:24:24,500.0,26.9,S
2021-06-07T09:23:32,300.0,26.9,S
2021-06-07T09:23:23,100.0,27.0,B
2021-06-07T09:22:01,300.0,27.0,B
2021-06-07T09:21:20,800.0,26.9,S
2021-06-07T09:21:20,200.0,26.9,S
2021-06-07T09:21:05,1000.0,27.0,B
2021-06-07T09:20:51,500.0,27.0,B
2021-06-07T09:20:24,200.0,26.9,S
2021-06-07T09:20:11,500.0,27.0,B
2021-06-07T09:19:57,2800.0,27.0,B
2021-06-07T09:19:56,1800.0,27.0,B
2021-06-07T09:19:39,100.0,27.0,B
2021-06-07T09:19:21,1000.0,27.0,B
2021-06-07T09:18:54,100.0,27.0,B
2021-06-07T09:18:39,600.0,27.0,B
2021-06-07T09:18:35,5000.0,27.0,B
2021-06-07T09:18:08,200.0,27.0,B
2021-06-07T09:17:58,500.0,27.0,B
2021-06-07T09:17:40,300.0,27.0,B
2021-06-07T09:17:31,1400.0,27.0,B
2021-06-07T09:16:08,300.0,27.0,B
2021-06-07T09:16:02,400.0,27.0,B
