tradingTime,volume,price,side
2021-06-07T14:15:55,500.0,24.6,S
2021-06-07T14:04:46,600.0,24.6,S
2021-06-07T13:55:57,2000.0,24.7,B
2021-06-07T13:54:14,1000.0,24.7,B
2021-06-07T13:53:58,2000.0,24.7,B
2021-06-07T13:53:21,500.0,24.7,S
2021-06-07T13:53:07,1300.0,24.7,S
2021-06-07T13:53:00,100.0,24.7,S
2021-06-07T13:52:55,100.0,24.7,S
2021-06-07T13:52:50,5200.0,24.6,S
2021-06-07T13:52:50,2600.0,24.6,S
2021-06-07T13:52:50,500.0,24.6,S
2021-06-07T13:52:50,2000.0,24.6,S
2021-06-07T13:52:50,1000.0,24.6,S
2021-06-07T13:52:50,2800.0,24.6,S
2021-06-07T13:52:50,100.0,24.7,S
2021-06-07T13:52:50,3000.0,24.7,S
2021-06-07T13:52:50,1000.0,24.75,S
2021-06-07T13:52:49,1800.0,24.75,S
2021-06-07T13:52:34,1000.0,24.75,S
2021-06-07T13:52:27,5000.0,24.75,S
2021-06-07T13:52:26,1500.0,24.75,S
2021-06-07T13:52:25,600.0,24.75,S
2021-06-07T13:52:24,100.0,24.75,S
2021-06-07T13:51:38,2000.0,24.7,S
2021-06-07T13:51:36,300.0,24.75,S
2021-06-07T13:51:29,200.0,24.8,B
2021-06-07T13:51:15,1800.0,24.75,S
2021-06-07T13:50:49,1200.0,24.8,B
2021-06-07T13:50:47,200.0,24.6,S
2021-06-07T13:50:47,1100.0,24.65,S
2021-06-07T13:50:47,700.0,24.65,S
2021-06-07T13:50:47,200.0,24.7,S
2021-06-07T13:50:47,200.0,24.75,S
2021-06-07T13:50:47,500.0,24.75,S
2021-06-07T13:50:47,2100.0,24.75,S
2021-06-07T13:50:19,7800.0,24.8,B
2021-06-07T13:49:44,1000.0,24.75,S
2021-06-07T13:49:39,400.0,24.75,S
2021-06-07T13:49:37,1000.0,24.75,S
2021-06-07T13:49:25,600.0,24.8,B
2021-06-07T13:49:22,2000.0,24.8,B
2021-06-07T13:49:20,100.0,24.8,B
2021-06-07T13:49:18,500.0,24.75,S
2021-06-07T13:49:16,100.0,24.8,B
2021-06-07T13:48:25,200.0,24.75,S
2021-06-07T13:48:15,300.0,24.8,B
2021-06-07T13:47:56,100.0,24.8,B
2021-06-07T13:47:55,100.0,24.8,B
2021-06-07T13:47:51,2100.0,24.75,S
2021-06-07T13:47:49,400.0,24.75,S
2021-06-07T13:47:48,4000.0,24.75,S
2021-06-07T13:47:28,5000.0,24.6,S
2021-06-07T13:47:28,2400.0,24.65,S
2021-06-07T13:47:28,2200.0,24.7,S
2021-06-07T13:47:28,400.0,24.7,S
2021-06-07T13:47:25,1000.0,24.75,S
2021-06-07T13:47:18,100.0,24.75,S
2021-06-07T13:47:11,200.0,24.75,S
2021-06-07T13:46:59,500.0,24.75,S
2021-06-07T13:46:51,400.0,24.75,S
2021-06-07T13:46:46,100.0,24.75,S
2021-06-07T13:46:44,2500.0,24.75,S
2021-06-07T13:46:25,100.0,24.8,B
2021-06-07T13:46:17,2000.0,24.8,B
2021-06-07T13:46:07,300.0,24.75,S
2021-06-07T13:46:02,200.0,24.8,B
2021-06-07T13:45:54,500.0,24.75,S
2021-06-07T13:45:53,1000.0,24.8,B
2021-06-07T13:45:38,700.0,24.8,B
2021-06-07T13:45:19,4500.0,24.8,B
2021-06-07T13:44:52,100.0,24.8,B
2021-06-07T13:44:50,3000.0,24.8,B
2021-06-07T13:44:48,5000.0,24.8,B
2021-06-07T13:44:42,600.0,24.7,S
2021-06-07T13:44:28,100.0,24.8,B
2021-06-07T13:44:09,500.0,24.8,B
2021-06-07T13:44:06,600.0,24.75,B
2021-06-07T13:44:04,100.0,24.8,B
2021-06-07T13:43:18,500.0,24.8,B
2021-06-07T13:43:11,1000.0,24.7,S
2021-06-07T13:42:48,100.0,24.7,S
2021-06-07T13:42:40,1300.0,24.7,S
2021-06-07T13:42:40,1000.0,24.7,S
2021-06-07T13:42:40,300.0,24.7,S
2021-06-07T13:42:40,2200.0,24.7,S
2021-06-07T13:42:40,2000.0,24.7,S
2021-06-07T13:42:40,1600.0,24.7,S
2021-06-07T13:42:40,1300.0,24.7,S
2021-06-07T13:42:40,1600.0,24.7,S
2021-06-07T13:42:40,3200.0,24.7,S
2021-06-07T13:42:40,2300.0,24.75,B
2021-06-07T13:42:40,2100.0,24.75,B
2021-06-07T13:42:34,100.0,24.8,B
2021-06-07T13:42:03,2400.0,24.8,B
2021-06-07T13:42:01,500.0,24.75,B
2021-06-07T13:41:48,100.0,24.7,S
2021-06-07T13:41:47,1800.0,24.75,B
2021-06-07T13:41:37,200.0,24.75,B
2021-06-07T13:41:33,1000.0,24.7,S
2021-06-07T13:41:23,200.0,24.75,B
2021-06-07T13:41:23,100.0,24.75,B
2021-06-07T13:41:21,100.0,24.75,B
2021-06-07T13:41:11,100.0,24.75,B
2021-06-07T13:41:03,2600.0,24.8,B
2021-06-07T13:40:55,10000.0,24.8,B
2021-06-07T13:40:51,100.0,24.8,B
2021-06-07T13:40:48,2300.0,24.8,B
2021-06-07T13:40:40,200.0,24.75,B
2021-06-07T13:40:32,600.0,24.75,B
2021-06-07T13:40:26,400.0,24.75,B
2021-06-07T13:40:18,1100.0,24.75,B
2021-06-07T13:40:07,400.0,24.75,B
2021-06-07T13:40:06,100.0,24.7,B
2021-06-07T13:40:03,600.0,24.75,B
2021-06-07T13:39:56,1000.0,24.75,B
2021-06-07T13:39:54,100.0,24.75,B
2021-06-07T13:39:17,1000.0,24.75,B
2021-06-07T13:38:41,500.0,24.75,B
2021-06-07T13:38:24,500.0,24.75,B
2021-06-07T13:38:18,10000.0,24.75,B
2021-06-07T13:38:03,1000.0,24.7,B
2021-06-07T13:37:56,200.0,24.7,B
2021-06-07T13:37:55,2000.0,24.7,B
2021-06-07T13:37:54,3000.0,24.7,B
2021-06-07T13:37:51,500.0,24.7,B
2021-06-07T13:37:51,2000.0,24.7,B
2021-06-07T13:37:50,100.0,24.65,S
2021-06-07T13:37:37,1000.0,24.6,S
2021-06-07T13:37:25,100.0,24.7,B
2021-06-07T13:37:24,3500.0,24.6,S
2021-06-07T13:37:24,500.0,24.65,S
2021-06-07T13:37:24,1000.0,24.65,S
2021-06-07T13:37:22,100.0,24.7,B
2021-06-07T13:37:03,500.0,24.7,B
2021-06-07T13:36:45,100.0,24.7,B
2021-06-07T13:36:44,200.0,24.6,S
2021-06-07T13:36:43,9000.0,24.7,B
2021-06-07T13:36:33,200.0,24.6,S
2021-06-07T13:36:33,8100.0,24.6,S
2021-06-07T13:36:33,200.0,24.6,S
2021-06-07T13:36:33,1500.0,24.6,S
2021-06-07T13:36:14,10000.0,24.7,B
2021-06-07T13:35:59,1300.0,24.6,B
2021-06-07T13:35:43,1000.0,24.65,B
2021-06-07T13:35:41,1000.0,24.65,B
2021-06-07T13:35:24,200.0,24.6,B
2021-06-07T13:35:21,2700.0,24.55,B
2021-06-07T13:35:21,2000.0,24.65,B
2021-06-07T13:35:20,1000.0,24.6,B
2021-06-07T13:35:18,700.0,24.6,B
2021-06-07T13:35:03,2500.0,24.6,B
2021-06-07T13:34:53,2000.0,24.6,B
2021-06-07T13:34:48,1000.0,24.6,B
2021-06-07T13:34:40,3300.0,24.6,B
2021-06-07T13:34:20,1000.0,24.6,B
2021-06-07T13:33:49,500.0,24.6,B
2021-06-07T13:33:30,3000.0,24.6,B
2021-06-07T13:33:22,300.0,24.6,B
2021-06-07T13:33:20,2000.0,24.6,B
2021-06-07T13:32:26,5000.0,24.55,B
2021-06-07T13:32:25,5000.0,24.55,B
2021-06-07T13:32:17,1000.0,24.55,B
2021-06-07T13:31:58,500.0,24.55,B
2021-06-07T13:31:47,2500.0,24.55,B
2021-06-07T13:31:36,500.0,24.5,B
2021-06-07T13:31:20,400.0,24.5,B
2021-06-07T13:31:19,400.0,24.5,B
2021-06-07T13:31:18,3900.0,24.45,S
2021-06-07T13:31:17,9200.0,24.5,B
2021-06-07T13:31:17,2700.0,24.5,B
2021-06-07T13:31:17,2800.0,24.5,B
2021-06-07T13:31:17,300.0,24.5,B
2021-06-07T13:31:15,4000.0,24.5,B
2021-06-07T13:31:09,100.0,24.5,B
2021-06-07T13:31:07,5000.0,24.5,B
2021-06-07T13:31:04,100.0,24.45,S
2021-06-07T13:31:01,700.0,24.45,S
2021-06-07T13:30:53,200.0,24.45,S
2021-06-07T13:30:53,5400.0,24.45,S
2021-06-07T13:30:21,100.0,24.5,B
2021-06-07T13:30:15,3000.0,24.5,B
2021-06-07T13:30:13,3300.0,24.5,B
2021-06-07T13:30:12,100.0,24.5,B
2021-06-07T13:30:06,500.0,24.45,S
2021-06-07T13:29:56,700.0,24.5,B
2021-06-07T13:29:53,4000.0,24.5,B
2021-06-07T13:29:47,100.0,24.5,B
2021-06-07T13:29:42,1000.0,24.5,B
2021-06-07T13:29:40,100.0,24.5,B
2021-06-07T13:29:28,2300.0,24.45,S
2021-06-07T13:29:24,200.0,24.45,S
2021-06-07T13:29:23,1000.0,24.45,S
2021-06-07T13:29:21,500.0,24.45,S
2021-06-07T13:29:20,1000.0,24.45,S
2021-06-07T13:29:11,1300.0,24.45,S
2021-06-07T13:29:09,100.0,24.45,S
2021-06-07T13:29:00,1000.0,24.45,S
2021-06-07T13:28:55,300.0,24.45,S
2021-06-07T13:28:47,100.0,24.45,S
2021-06-07T13:28:36,100.0,24.45,S
2021-06-07T13:28:25,400.0,24.45,S
2021-06-07T13:28:20,100.0,24.45,S
2021-06-07T13:28:16,20000.0,24.45,S
2021-06-07T13:28:13,800.0,24.45,S
2021-06-07T13:28:02,500.0,24.45,S
2021-06-07T13:28:01,300.0,24.45,S
2021-06-07T13:27:57,1000.0,24.5,B
2021-06-07T13:27:54,15000.0,24.45,S
2021-06-07T13:27:49,5000.0,24.45,S
2021-06-07T13:27:35,100.0,24.45,S
2021-06-07T13:27:33,2000.0,24.45,S
2021-06-07T13:27:28,500.0,24.45,S
2021-06-07T13:27:23,100.0,24.5,B
2021-06-07T13:27:18,200.0,24.5,B
2021-06-07T13:27:17,3000.0,24.5,B
2021-06-07T13:27:15,500.0,24.5,B
2021-06-07T13:27:13,2000.0,24.45,S
2021-06-07T13:27:04,5100.0,24.5,B
2021-06-07T13:27:04,500.0,24.5,B
2021-06-07T13:27:04,1400.0,24.5,B
2021-06-07T13:26:41,200.0,24.5,B
2021-06-07T13:26:34,100.0,24.5,B
2021-06-07T13:26:31,200.0,24.5,B
2021-06-07T13:26:13,5900.0,24.5,B
2021-06-07T13:26:13,4100.0,24.5,B
2021-06-07T13:25:36,400.0,24.45,B
2021-06-07T13:25:36,800.0,24.4,B
2021-06-07T13:25:24,200.0,24.45,B
2021-06-07T13:25:11,500.0,24.45,B
2021-06-07T13:24:43,100.0,24.45,B
2021-06-07T13:24:17,300.0,24.4,B
2021-06-07T13:24:16,4700.0,24.4,B
2021-06-07T13:24:06,900.0,24.4,B
2021-06-07T13:24:06,4100.0,24.4,B
2021-06-07T13:23:28,1000.0,24.4,B
2021-06-07T13:23:27,200.0,24.35,S
2021-06-07T13:23:27,1800.0,24.35,S
2021-06-07T13:23:23,2000.0,24.4,B
2021-06-07T13:23:22,2000.0,24.4,B
2021-06-07T13:23:12,100.0,24.35,S
2021-06-07T13:23:06,500.0,24.4,B
2021-06-07T13:22:28,100.0,24.35,S
2021-06-07T13:22:26,200.0,24.4,B
2021-06-07T13:22:24,1000.0,24.4,B
2021-06-07T13:22:21,1000.0,24.4,B
2021-06-07T13:22:20,700.0,24.4,B
2021-06-07T13:22:19,500.0,24.4,B
2021-06-07T13:22:16,200.0,24.4,B
2021-06-07T13:22:16,300.0,24.4,B
2021-06-07T13:22:09,1000.0,24.35,S
2021-06-07T13:22:06,1000.0,24.4,B
2021-06-07T13:22:01,100.0,24.4,B
2021-06-07T13:21:56,2300.0,24.4,B
2021-06-07T13:21:56,1500.0,24.4,B
2021-06-07T13:21:54,200.0,24.4,B
2021-06-07T13:21:53,500.0,24.4,B
2021-06-07T13:21:41,500.0,24.4,B
2021-06-07T13:21:01,400.0,24.4,B
2021-06-07T13:20:56,1000.0,24.4,B
2021-06-07T13:20:54,1000.0,24.35,B
2021-06-07T13:20:52,1200.0,24.4,B
2021-06-07T13:20:47,500.0,24.4,B
2021-06-07T13:20:46,1800.0,24.4,B
2021-06-07T13:20:26,100.0,24.35,B
2021-06-07T13:20:25,5900.0,24.4,B
2021-06-07T13:20:25,1700.0,24.4,B
2021-06-07T13:20:24,5300.0,24.4,B
2021-06-07T13:20:24,2200.0,24.4,B
2021-06-07T13:20:24,8900.0,24.4,B
2021-06-07T13:20:09,5000.0,24.4,B
2021-06-07T13:20:09,500.0,24.35,B
2021-06-07T13:20:03,100.0,24.35,B
2021-06-07T13:19:49,100.0,24.35,B
2021-06-07T13:19:49,300.0,24.35,B
2021-06-07T13:19:27,500.0,24.35,B
2021-06-07T13:19:18,100.0,24.35,B
2021-06-07T13:19:01,100.0,24.35,B
2021-06-07T13:18:36,200.0,24.35,B
2021-06-07T13:18:32,800.0,24.3,B
2021-06-07T13:18:06,1000.0,24.3,B
2021-06-07T13:17:55,500.0,24.25,B
2021-06-07T13:17:25,300.0,24.25,B
2021-06-07T13:17:12,900.0,24.3,B
2021-06-07T13:17:12,100.0,24.25,B
2021-06-07T13:17:12,500.0,24.25,B
2021-06-07T13:17:09,500.0,24.25,B
2021-06-07T13:17:06,700.0,24.25,B
2021-06-07T13:16:58,100.0,24.25,B
2021-06-07T13:16:48,100.0,24.25,S
2021-06-07T13:16:48,5000.0,24.25,S
2021-06-07T13:16:30,500.0,24.25,S
2021-06-07T13:16:20,200.0,24.25,S
2021-06-07T13:15:59,1000.0,24.25,S
2021-06-07T13:15:54,10000.0,24.25,S
2021-06-07T13:15:52,2000.0,24.2,S
2021-06-07T13:15:51,200.0,24.2,S
2021-06-07T13:15:47,1100.0,24.2,S
2021-06-07T13:15:43,1000.0,24.2,S
2021-06-07T13:15:32,1300.0,24.2,S
2021-06-07T13:15:28,4500.0,24.25,S
2021-06-07T13:15:27,200.0,24.25,S
2021-06-07T13:15:26,200.0,24.25,S
2021-06-07T13:15:25,200.0,24.25,S
2021-06-07T13:15:23,4000.0,24.25,S
2021-06-07T13:15:20,200.0,24.25,S
2021-06-07T13:15:17,5000.0,24.25,S
2021-06-07T13:15:15,200.0,24.25,S
2021-06-07T13:15:05,2800.0,24.25,S
2021-06-07T13:15:03,100.0,24.25,S
2021-06-07T13:15:01,500.0,24.25,S
2021-06-07T13:14:51,5000.0,24.25,S
2021-06-07T13:14:47,200.0,24.2,S
2021-06-07T13:14:31,200.0,24.25,S
2021-06-07T13:14:26,100.0,24.15,S
2021-06-07T13:14:26,900.0,24.2,S
2021-06-07T13:14:11,500.0,24.2,S
2021-06-07T13:13:56,1700.0,24.35,B
2021-06-07T13:13:56,2000.0,24.3,B
2021-06-07T13:13:55,1300.0,24.3,B
2021-06-07T13:13:36,3600.0,24.3,B
2021-06-07T13:13:31,2600.0,24.2,S
2021-06-07T13:13:31,400.0,24.25,S
2021-06-07T13:12:53,5000.0,24.3,B
2021-06-07T13:12:51,1000.0,24.3,B
2021-06-07T13:12:24,3000.0,24.3,B
2021-06-07T13:12:11,100.0,24.1,B
2021-06-07T13:12:06,300.0,24.1,B
2021-06-07T13:11:47,100.0,24.0,B
2021-06-07T13:11:37,9800.0,24.0,B
2021-06-07T13:11:37,200.0,24.0,B
2021-06-07T13:11:34,100.0,24.0,B
2021-06-07T13:11:31,100.0,24.1,B
2021-06-07T13:11:05,500.0,24.25,B
2021-06-07T13:10:49,1400.0,24.25,B
2021-06-07T13:10:33,100.0,24.2,B
2021-06-07T13:10:33,4900.0,24.2,B
2021-06-07T13:10:16,2000.0,24.1,B
2021-06-07T13:10:02,1000.0,24.0,B
2021-06-07T13:09:57,500.0,24.1,B
2021-06-07T13:09:30,200.0,24.0,B
2021-06-07T13:09:13,1600.0,24.1,B
2021-06-07T13:09:13,1700.0,24.0,B
2021-06-07T13:09:13,1600.0,24.0,B
2021-06-07T13:09:12,3900.0,24.0,B
2021-06-07T13:09:12,1000.0,24.0,B
2021-06-07T13:09:10,100.0,24.0,B
2021-06-07T13:09:06,100.0,24.0,B
2021-06-07T13:09:01,1000.0,24.0,B
2021-06-07T13:08:59,1000.0,24.0,B
2021-06-07T13:08:48,100.0,23.9,S
2021-06-07T13:08:45,1000.0,23.9,S
2021-06-07T13:08:28,3500.0,24.0,B
2021-06-07T13:08:20,2000.0,24.0,B
2021-06-07T13:08:00,1000.0,23.9,S
2021-06-07T13:07:54,2000.0,24.0,B
2021-06-07T13:07:40,200.0,24.0,B
2021-06-07T13:07:35,400.0,23.9,S
2021-06-07T13:07:35,6500.0,23.9,S
2021-06-07T13:07:25,400.0,23.9,S
2021-06-07T13:06:57,5000.0,23.9,S
2021-06-07T13:06:52,300.0,24.0,B
2021-06-07T13:06:46,1000.0,24.0,B
2021-06-07T13:06:44,200.0,24.0,B
2021-06-07T13:06:42,100.0,24.0,B
2021-06-07T13:06:38,1000.0,23.9,S
2021-06-07T13:06:36,600.0,23.9,S
2021-06-07T13:06:36,300.0,24.0,B
2021-06-07T13:06:32,1000.0,24.0,B
2021-06-07T13:06:11,100.0,23.9,S
2021-06-07T13:06:11,100.0,23.9,S
2021-06-07T13:06:11,100.0,23.9,S
2021-06-07T13:05:57,400.0,24.0,B
2021-06-07T13:05:52,100.0,23.9,S
2021-06-07T13:05:38,100.0,23.9,S
2021-06-07T13:05:21,300.0,23.9,S
2021-06-07T13:05:19,200.0,23.9,S
2021-06-07T13:05:12,2000.0,23.9,S
2021-06-07T13:05:10,200.0,23.9,S
2021-06-07T13:05:09,1000.0,23.8,S
2021-06-07T13:05:08,200.0,23.85,S
2021-06-07T13:05:00,2000.0,23.9,S
2021-06-07T13:04:47,300.0,23.9,S
2021-06-07T13:04:46,700.0,23.9,S
2021-06-07T13:04:42,900.0,23.9,S
2021-06-07T13:04:21,100.0,23.9,S
2021-06-07T13:04:20,300.0,23.9,S
2021-06-07T13:04:18,800.0,23.9,S
2021-06-07T13:04:15,200.0,23.9,S
2021-06-07T13:04:01,500.0,23.9,S
2021-06-07T13:03:57,200.0,23.9,S
2021-06-07T13:03:46,100.0,23.9,S
2021-06-07T13:03:22,200.0,23.9,S
2021-06-07T13:03:19,1000.0,23.9,S
2021-06-07T13:03:19,200.0,23.9,S
2021-06-07T13:03:11,1000.0,23.8,S
2021-06-07T13:02:57,100.0,23.9,S
2021-06-07T13:02:38,1000.0,23.9,S
2021-06-07T13:02:37,200.0,23.9,S
2021-06-07T13:02:28,300.0,23.9,S
2021-06-07T13:02:19,300.0,23.9,S
2021-06-07T13:02:15,800.0,23.9,S
2021-06-07T13:02:13,1000.0,24.0,B
2021-06-07T13:02:10,500.0,24.0,B
2021-06-07T13:02:05,900.0,24.0,B
2021-06-07T13:01:56,100.0,23.9,S
2021-06-07T13:01:41,100.0,23.9,S
2021-06-07T13:01:20,100.0,23.9,S
2021-06-07T13:01:11,700.0,23.9,S
2021-06-07T13:00:49,100.0,24.0,B
2021-06-07T13:00:21,100.0,24.0,B
2021-06-07T13:00:21,200.0,23.95,S
2021-06-07T13:00:17,1300.0,23.9,S
2021-06-07T13:00:17,1100.0,23.6,S
2021-06-07T13:00:17,900.0,23.6,S
2021-06-07T13:00:17,500.0,23.6,S
2021-06-07T13:00:17,1600.0,23.6,S
2021-06-07T13:00:17,5400.0,23.7,S
2021-06-07T13:00:17,3200.0,23.7,S
2021-06-07T13:00:17,2100.0,23.8,S
2021-06-07T13:00:17,200.0,23.9,S
2021-06-07T13:00:17,100.0,23.9,S
2021-06-07T13:00:17,4400.0,23.9,S
2021-06-07T13:00:15,10000.0,24.0,B
2021-06-07T13:00:15,12000.0,23.7,S
2021-06-07T13:00:15,1000.0,24.0,B
2021-06-07T11:34:19,100.0,23.9,S
2021-06-07T11:34:09,2000.0,24.0,B
2021-06-07T11:34:09,1000.0,24.0,B
2021-06-07T11:34:09,2000.0,24.0,B
2021-06-07T11:33:59,700.0,24.0,B
2021-06-07T11:33:49,1000.0,24.0,B
2021-06-07T11:33:39,400.0,24.0,B
2021-06-07T11:33:19,700.0,24.0,B
2021-06-07T11:33:14,500.0,24.0,B
2021-06-07T11:33:04,1000.0,24.0,B
2021-06-07T11:33:04,500.0,24.0,B
2021-06-07T11:33:04,3000.0,24.0,B
2021-06-07T11:32:59,200.0,24.0,B
2021-06-07T11:32:59,500.0,24.0,B
2021-06-07T11:32:59,200.0,24.0,B
2021-06-07T11:32:59,100.0,24.0,B
2021-06-07T11:32:54,100.0,24.0,B
2021-06-07T11:32:54,500.0,24.0,B
2021-06-07T11:32:44,500.0,24.0,B
2021-06-07T11:32:44,10000.0,24.0,B
2021-06-07T11:32:34,300.0,24.0,B
2021-06-07T11:32:24,100.0,24.0,B
2021-06-07T11:32:14,100.0,24.0,B
2021-06-07T11:31:54,400.0,24.0,B
2021-06-07T11:31:54,800.0,24.0,B
2021-06-07T11:31:49,500.0,23.9,S
2021-06-07T11:30:54,3000.0,24.0,B
2021-06-07T11:30:49,1000.0,24.0,B
2021-06-07T11:30:34,200.0,24.0,B
2021-06-07T11:30:29,1000.0,24.0,B
2021-06-07T11:30:19,100.0,24.0,B
2021-06-07T11:30:06,100.0,24.0,B
2021-06-07T11:29:46,2000.0,24.0,B
2021-06-07T11:29:40,1000.0,24.0,B
2021-06-07T11:29:35,300.0,24.0,B
2021-06-07T11:29:27,400.0,24.0,B
2021-06-07T11:29:06,1200.0,24.0,B
2021-06-07T11:29:05,100.0,24.0,B
2021-06-07T11:28:58,400.0,24.0,B
2021-06-07T11:28:54,1400.0,23.6,S
2021-06-07T11:28:54,500.0,23.6,S
2021-06-07T11:28:54,1100.0,23.6,S
2021-06-07T11:28:25,1000.0,24.0,B
2021-06-07T11:28:21,100.0,24.0,B
2021-06-07T11:27:36,1000.0,24.0,B
2021-06-07T11:27:32,100.0,24.0,B
2021-06-07T11:27:30,1000.0,24.0,B
2021-06-07T11:27:23,300.0,24.0,B
2021-06-07T11:26:47,500.0,24.0,B
2021-06-07T11:26:44,300.0,23.9,S
2021-06-07T11:26:41,4900.0,24.0,B
2021-06-07T11:26:38,3000.0,24.0,B
2021-06-07T11:26:22,2500.0,24.3,B
2021-06-07T11:26:13,3000.0,24.0,B
2021-06-07T11:25:38,300.0,24.0,B
2021-06-07T11:25:37,100.0,24.0,B
2021-06-07T11:25:33,200.0,24.0,B
2021-06-07T11:25:30,1000.0,23.5,S
2021-06-07T11:25:26,2700.0,24.0,B
2021-06-07T11:25:17,100.0,23.5,S
2021-06-07T11:25:17,300.0,23.6,S
2021-06-07T11:25:12,1000.0,24.0,B
2021-06-07T11:24:37,1000.0,24.0,B
2021-06-07T11:24:27,500.0,24.0,B
2021-06-07T11:24:12,100.0,24.0,B
2021-06-07T11:23:51,300.0,23.9,S
2021-06-07T11:23:18,500.0,24.0,B
2021-06-07T11:23:02,600.0,23.5,S
2021-06-07T11:23:02,600.0,23.55,S
2021-06-07T11:23:02,800.0,23.7,S
2021-06-07T11:23:02,1100.0,24.0,B
2021-06-07T11:23:01,100.0,24.05,B
2021-06-07T11:22:26,500.0,24.2,B
2021-06-07T11:22:02,500.0,24.0,B
2021-06-07T11:21:48,200.0,23.9,S
2021-06-07T11:21:22,3400.0,24.2,B
2021-06-07T11:21:21,600.0,24.2,B
2021-06-07T11:21:21,3500.0,24.2,B
2021-06-07T11:21:21,2400.0,24.0,B
2021-06-07T11:21:21,3300.0,24.0,B
2021-06-07T11:21:21,2100.0,24.0,B
2021-06-07T11:21:21,3600.0,24.0,B
2021-06-07T11:21:21,300.0,24.0,B
2021-06-07T11:21:21,2100.0,24.0,B
2021-06-07T11:21:21,2500.0,24.0,B
2021-06-07T11:21:21,1100.0,24.0,B
2021-06-07T11:21:21,25100.0,24.0,B
2021-06-07T11:21:21,100.0,24.0,B
2021-06-07T11:21:19,100.0,24.0,B
2021-06-07T11:21:12,1000.0,23.5,S
2021-06-07T11:21:10,10000.0,24.0,B
2021-06-07T11:21:08,2000.0,23.6,S
2021-06-07T11:20:39,100.0,24.0,B
2021-06-07T11:20:34,300.0,24.0,B
2021-06-07T11:20:32,100.0,24.0,B
2021-06-07T11:20:28,3000.0,24.0,B
2021-06-07T11:20:19,400.0,24.0,B
2021-06-07T11:20:15,1000.0,24.0,B
2021-06-07T11:20:10,300.0,24.0,B
2021-06-07T11:20:09,1000.0,24.0,B
2021-06-07T11:20:08,1000.0,24.0,B
2021-06-07T11:20:06,1000.0,24.0,B
2021-06-07T11:20:02,1000.0,24.0,B
2021-06-07T11:19:56,400.0,24.0,B
2021-06-07T11:19:56,1000.0,24.0,B
2021-06-07T11:19:52,1000.0,24.0,B
2021-06-07T11:19:48,700.0,24.0,B
2021-06-07T11:19:46,100.0,24.0,B
2021-06-07T11:19:45,1000.0,24.0,B
2021-06-07T11:19:24,1000.0,24.0,B
2021-06-07T11:19:03,1000.0,24.0,B
2021-06-07T11:18:56,5000.0,23.5,S
2021-06-07T11:18:39,1000.0,24.0,B
2021-06-07T11:18:38,1000.0,24.0,B
2021-06-07T11:18:25,500.0,24.0,B
2021-06-07T11:18:16,6400.0,23.6,S
2021-06-07T11:18:16,100.0,23.9,S
2021-06-07T11:18:15,3100.0,23.9,S
2021-06-07T11:18:15,900.0,23.9,S
2021-06-07T11:18:04,100.0,24.0,B
2021-06-07T11:18:00,200.0,24.0,B
2021-06-07T11:17:56,5000.0,24.0,B
2021-06-07T11:17:48,500.0,24.0,B
2021-06-07T11:17:32,1000.0,23.6,S
2021-06-07T11:16:56,20000.0,23.6,S
2021-06-07T11:16:46,2000.0,24.0,B
2021-06-07T11:16:25,1000.0,24.0,B
2021-06-07T11:16:20,5000.0,24.0,B
2021-06-07T11:16:14,500.0,24.0,B
2021-06-07T11:16:13,100.0,24.0,B
2021-06-07T11:16:11,1000.0,24.0,B
2021-06-07T11:15:57,500.0,24.0,B
2021-06-07T11:15:20,100.0,24.0,B
2021-06-07T11:15:16,100.0,24.0,B
2021-06-07T11:15:11,1000.0,24.0,B
2021-06-07T11:15:08,900.0,23.9,S
2021-06-07T11:14:37,100.0,24.0,S
2021-06-07T11:14:37,600.0,24.0,S
2021-06-07T11:14:30,100.0,24.0,S
2021-06-07T11:14:23,4000.0,24.0,S
2021-06-07T11:14:22,100.0,24.0,S
2021-06-07T11:14:04,200.0,24.0,S
2021-06-07T11:14:02,1000.0,23.9,S
2021-06-07T11:13:58,500.0,24.0,S
2021-06-07T11:13:44,1000.0,23.9,S
2021-06-07T11:13:44,200.0,23.9,S
2021-06-07T11:13:36,2100.0,24.0,S
2021-06-07T11:13:17,500.0,24.0,S
2021-06-07T11:13:15,600.0,24.0,S
2021-06-07T11:13:13,300.0,24.0,S
2021-06-07T11:13:09,1000.0,24.0,S
2021-06-07T11:12:31,400.0,24.0,S
2021-06-07T11:12:22,400.0,23.9,S
2021-06-07T11:12:15,100.0,23.9,S
2021-06-07T11:11:33,1700.0,23.0,S
2021-06-07T11:11:17,5000.0,23.0,S
2021-06-07T11:10:36,200.0,24.0,S
2021-06-07T11:10:25,300.0,24.0,S
2021-06-07T11:10:24,200.0,23.5,S
2021-06-07T11:09:57,10000.0,23.0,S
2021-06-07T11:09:45,500.0,23.9,S
2021-06-07T11:09:29,100.0,24.0,S
2021-06-07T11:09:27,3900.0,24.0,S
2021-06-07T11:08:54,1000.0,24.4,B
2021-06-07T11:08:54,1000.0,24.3,B
2021-06-07T11:08:05,300.0,24.0,S
2021-06-07T11:07:51,300.0,24.2,B
2021-06-07T11:07:47,900.0,24.0,S
2021-06-07T11:07:36,1200.0,23.9,S
2021-06-07T11:07:36,1400.0,24.2,B
2021-06-07T11:07:29,1000.0,24.2,S
2021-06-07T11:07:27,700.0,24.0,S
2021-06-07T11:07:18,2000.0,24.0,S
2021-06-07T11:07:00,16300.0,22.5,S
2021-06-07T11:07:00,5100.0,22.5,S
2021-06-07T11:07:00,8600.0,22.5,S
2021-06-07T11:06:54,100.0,23.9,S
2021-06-07T11:06:37,300.0,23.9,S
2021-06-07T11:06:37,400.0,23.9,S
2021-06-07T11:06:34,100.0,23.9,S
2021-06-07T11:06:21,100.0,24.0,S
2021-06-07T11:06:20,2000.0,22.5,S
2021-06-07T11:06:10,100.0,24.0,S
2021-06-07T11:06:02,1400.0,22.5,S
2021-06-07T11:06:02,600.0,23.0,S
2021-06-07T11:06:02,4000.0,23.0,S
2021-06-07T11:05:46,600.0,24.0,S
2021-06-07T11:05:46,5500.0,24.0,S
2021-06-07T11:05:46,600.0,24.0,S
2021-06-07T11:05:01,400.0,24.0,S
2021-06-07T11:05:01,1000.0,24.0,S
2021-06-07T11:04:54,1600.0,24.0,S
2021-06-07T11:04:38,400.0,24.0,S
2021-06-07T11:04:28,100.0,24.0,S
2021-06-07T11:04:07,1000.0,23.0,S
2021-06-07T11:04:02,500.0,24.0,S
2021-06-07T11:03:57,3000.0,24.0,S
2021-06-07T11:03:53,200.0,24.2,S
2021-06-07T11:03:50,100.0,24.2,S
2021-06-07T11:03:30,1200.0,23.0,S
2021-06-07T11:03:30,3000.0,23.0,S
2021-06-07T11:03:30,500.0,23.0,S
2021-06-07T11:03:30,2100.0,23.5,S
2021-06-07T11:03:30,100.0,24.0,S
2021-06-07T11:03:30,3100.0,24.0,S
2021-06-07T11:03:23,200.0,24.4,B
2021-06-07T11:02:57,200.0,24.4,B
2021-06-07T11:02:56,200.0,24.4,B
2021-06-07T11:02:50,200.0,24.5,B
2021-06-07T11:02:38,10000.0,24.5,B
2021-06-07T11:02:29,100.0,24.0,S
2021-06-07T11:02:16,1000.0,24.0,S
2021-06-07T11:01:54,5900.0,23.9,S
2021-06-07T11:01:46,100.0,23.9,S
2021-06-07T11:01:46,1000.0,24.4,B
2021-06-07T11:01:43,500.0,24.4,B
2021-06-07T11:01:41,3000.0,23.5,S
2021-06-07T11:01:25,200.0,24.4,B
2021-06-07T11:01:13,1000.0,24.0,S
2021-06-07T11:01:09,900.0,24.0,S
2021-06-07T11:00:49,2000.0,23.9,S
2021-06-07T11:00:30,2000.0,23.9,S
2021-06-07T11:00:15,100.0,24.4,B
2021-06-07T10:59:54,2000.0,24.5,B
2021-06-07T10:59:53,300.0,24.5,B
2021-06-07T10:59:51,900.0,24.5,B
2021-06-07T10:59:50,100.0,24.4,B
2021-06-07T10:59:42,5000.0,24.5,B
2021-06-07T10:59:38,600.0,24.4,B
2021-06-07T10:59:27,700.0,23.9,S
2021-06-07T10:59:23,500.0,23.9,S
2021-06-07T10:58:39,500.0,24.4,S
2021-06-07T10:58:22,600.0,24.4,S
2021-06-07T10:58:19,100.0,24.4,S
2021-06-07T10:58:17,2000.0,24.4,S
2021-06-07T10:58:15,2000.0,22.4,S
2021-06-07T10:57:52,500.0,22.4,S
2021-06-07T10:57:51,19500.0,22.4,S
2021-06-07T10:57:39,15500.0,22.45,S
2021-06-07T10:57:39,1800.0,23.0,S
2021-06-07T10:57:39,5600.0,23.0,S
2021-06-07T10:57:39,2200.0,23.0,S
2021-06-07T10:57:38,1500.0,23.2,S
2021-06-07T10:57:38,5000.0,23.35,S
2021-06-07T10:57:38,2500.0,23.4,S
2021-06-07T10:57:38,7900.0,23.5,S
2021-06-07T10:57:22,500.0,24.4,S
2021-06-07T10:57:19,1000.0,24.2,S
2021-06-07T10:57:19,1000.0,24.0,S
2021-06-07T10:57:16,1000.0,23.5,S
2021-06-07T10:57:12,1100.0,24.0,S
2021-06-07T10:57:00,100.0,24.0,S
2021-06-07T10:56:45,300.0,23.7,S
2021-06-07T10:56:45,600.0,23.7,S
2021-06-07T10:56:45,1800.0,23.7,S
2021-06-07T10:56:45,200.0,23.8,S
2021-06-07T10:56:45,7100.0,23.8,S
2021-06-07T10:56:43,300.0,24.0,S
2021-06-07T10:56:43,2500.0,24.0,S
2021-06-07T10:56:16,2000.0,24.4,S
2021-06-07T10:56:09,500.0,24.0,S
2021-06-07T10:56:07,200.0,24.0,S
2021-06-07T10:56:04,1600.0,24.0,S
2021-06-07T10:56:04,500.0,24.0,S
2021-06-07T10:56:04,100.0,24.2,S
2021-06-07T10:56:02,2000.0,24.0,S
2021-06-07T10:55:56,200.0,24.2,S
2021-06-07T10:55:54,500.0,24.0,S
2021-06-07T10:55:52,200.0,24.2,S
2021-06-07T10:55:49,300.0,24.2,S
2021-06-07T10:55:43,100.0,24.2,S
2021-06-07T10:55:39,6000.0,24.0,S
2021-06-07T10:55:36,200.0,24.2,S
2021-06-07T10:55:10,2000.0,24.0,S
2021-06-07T10:55:09,600.0,24.2,S
2021-06-07T10:55:06,100.0,24.2,S
2021-06-07T10:55:02,200.0,24.2,S
2021-06-07T10:54:55,500.0,24.2,S
2021-06-07T10:54:55,100.0,24.2,S
2021-06-07T10:54:27,200.0,24.8,B
2021-06-07T10:54:21,1300.0,24.8,B
2021-06-07T10:53:53,1500.0,24.0,S
2021-06-07T10:53:53,1100.0,24.0,S
2021-06-07T10:53:53,3100.0,24.0,S
2021-06-07T10:53:53,4300.0,24.0,S
2021-06-07T10:53:51,600.0,24.0,S
2021-06-07T10:53:39,1000.0,24.8,B
2021-06-07T10:53:28,6100.0,24.0,S
2021-06-07T10:53:27,200.0,24.0,S
2021-06-07T10:53:27,10300.0,24.0,S
2021-06-07T10:53:27,4400.0,24.0,S
2021-06-07T10:53:27,1600.0,24.0,S
2021-06-07T10:53:27,1600.0,24.0,S
2021-06-07T10:53:27,3300.0,24.0,S
2021-06-07T10:53:27,1800.0,24.0,S
2021-06-07T10:53:27,800.0,24.0,S
2021-06-07T10:53:27,1000.0,24.0,S
2021-06-07T10:53:27,3000.0,24.0,S
2021-06-07T10:53:27,16900.0,24.0,S
2021-06-07T10:53:24,500.0,24.2,S
2021-06-07T10:53:22,1000.0,24.2,S
2021-06-07T10:53:11,1500.0,24.2,S
2021-06-07T10:53:11,3900.0,24.3,S
2021-06-07T10:53:11,12300.0,24.4,S
2021-06-07T10:53:11,100.0,24.5,S
2021-06-07T10:53:11,2000.0,24.5,S
2021-06-07T10:53:11,6700.0,24.5,S
2021-06-07T10:53:11,7600.0,24.5,S
2021-06-07T10:53:11,500.0,24.5,S
2021-06-07T10:53:10,7000.0,24.5,S
2021-06-07T10:53:10,13400.0,24.5,S
2021-06-07T10:53:08,100.0,24.8,B
2021-06-07T10:52:49,2000.0,24.5,S
2021-06-07T10:52:46,3000.0,24.5,S
2021-06-07T10:52:46,200.0,24.8,B
2021-06-07T10:52:39,400.0,24.5,S
2021-06-07T10:52:39,700.0,24.5,S
2021-06-07T10:52:39,3900.0,24.5,S
2021-06-07T10:52:38,2000.0,24.8,B
2021-06-07T10:52:26,100.0,24.5,S
2021-06-07T10:52:26,200.0,24.5,S
2021-06-07T10:52:26,3700.0,24.55,S
2021-06-07T10:52:22,500.0,24.8,B
2021-06-07T10:52:18,100.0,24.8,B
2021-06-07T10:51:57,400.0,24.8,B
2021-06-07T10:51:41,3000.0,24.8,B
2021-06-07T10:51:38,100.0,24.7,S
2021-06-07T10:51:37,100.0,24.6,S
2021-06-07T10:51:28,100.0,24.7,S
2021-06-07T10:51:16,400.0,24.7,S
2021-06-07T10:50:59,200.0,24.8,S
2021-06-07T10:50:55,100.0,24.7,S
2021-06-07T10:50:53,100.0,24.7,S
2021-06-07T10:50:41,400.0,24.7,S
2021-06-07T10:50:32,6900.0,24.6,S
2021-06-07T10:50:32,500.0,24.6,S
2021-06-07T10:50:32,2600.0,24.6,S
2021-06-07T10:50:11,200.0,24.7,S
2021-06-07T10:50:11,1300.0,24.7,S
2021-06-07T10:50:10,100.0,24.8,S
2021-06-07T10:49:59,10000.0,24.7,S
2021-06-07T10:49:57,1000.0,24.8,S
2021-06-07T10:49:42,800.0,24.7,S
2021-06-07T10:49:42,800.0,24.7,S
2021-06-07T10:49:35,300.0,24.8,S
2021-06-07T10:49:25,1000.0,24.7,S
2021-06-07T10:49:17,200.0,24.8,S
2021-06-07T10:48:59,1700.0,24.7,S
2021-06-07T10:48:59,4100.0,24.7,S
2021-06-07T10:48:59,2000.0,24.7,S
2021-06-07T10:48:59,1700.0,24.7,S
2021-06-07T10:48:59,600.0,24.7,S
2021-06-07T10:48:59,500.0,24.7,S
2021-06-07T10:48:59,4400.0,24.7,S
2021-06-07T10:48:39,1100.0,24.8,S
2021-06-07T10:48:11,200.0,24.7,S
2021-06-07T10:48:11,11800.0,24.7,S
2021-06-07T10:46:45,100.0,24.8,S
2021-06-07T10:46:44,3000.0,24.8,S
2021-06-07T10:46:42,3000.0,24.75,S
2021-06-07T10:46:19,500.0,24.8,S
2021-06-07T10:46:19,100.0,24.8,S
2021-06-07T10:46:15,1000.0,24.75,S
2021-06-07T10:46:12,100.0,24.8,S
2021-06-07T10:45:43,200.0,24.8,S
2021-06-07T10:45:39,1000.0,24.8,S
2021-06-07T10:45:24,100.0,24.8,S
2021-06-07T10:45:17,100.0,24.8,S
2021-06-07T10:45:15,200.0,24.8,S
2021-06-07T10:45:08,1300.0,24.8,S
2021-06-07T10:45:08,3000.0,24.8,S
2021-06-07T10:45:08,1000.0,24.8,S
2021-06-07T10:45:08,100.0,24.8,S
2021-06-07T10:45:08,4400.0,24.8,S
2021-06-07T10:45:08,1000.0,24.8,S
2021-06-07T10:45:08,900.0,24.8,S
2021-06-07T10:45:08,700.0,24.8,S
2021-06-07T10:45:08,6300.0,24.8,S
2021-06-07T10:45:06,2600.0,24.8,S
2021-06-07T10:45:06,1300.0,24.8,S
2021-06-07T10:45:06,1200.0,24.8,S
2021-06-07T10:45:06,5500.0,24.8,S
2021-06-07T10:45:06,1000.0,24.8,S
2021-06-07T10:45:06,1700.0,24.8,S
2021-06-07T10:45:06,700.0,24.8,S
2021-06-07T10:45:06,6400.0,24.8,S
2021-06-07T10:45:06,900.0,24.8,S
2021-06-07T10:45:06,16600.0,24.8,S
2021-06-07T10:44:58,200.0,24.9,B
2021-06-07T10:44:58,1000.0,24.9,B
2021-06-07T10:44:42,7500.0,24.8,S
2021-06-07T10:44:36,3900.0,24.8,S
2021-06-07T10:44:36,2500.0,24.8,S
2021-06-07T10:44:36,3600.0,24.8,S
2021-06-07T10:44:33,600.0,24.8,S
2021-06-07T10:44:33,2700.0,24.8,S
2021-06-07T10:44:33,1700.0,24.8,S
2021-06-07T10:44:24,5000.0,24.8,S
2021-06-07T10:44:24,10000.0,24.85,S
2021-06-07T10:44:20,100.0,24.9,B
2021-06-07T10:44:15,1000.0,24.85,S
2021-06-07T10:44:12,1000.0,24.9,B
2021-06-07T10:44:08,2000.0,24.85,S
2021-06-07T10:43:12,800.0,24.9,B
2021-06-07T10:42:58,900.0,24.9,B
2021-06-07T10:42:51,2900.0,24.85,S
2021-06-07T10:42:50,100.0,24.85,S
2021-06-07T10:42:41,200.0,24.9,B
2021-06-07T10:42:34,500.0,24.85,S
2021-06-07T10:42:27,500.0,24.9,B
2021-06-07T10:42:24,100.0,24.9,B
2021-06-07T10:42:19,200.0,24.9,S
2021-06-07T10:42:14,3900.0,24.9,S
2021-06-07T10:42:13,2000.0,24.9,S
2021-06-07T10:41:08,13000.0,24.85,S
2021-06-07T10:41:08,200.0,24.9,S
2021-06-07T10:41:02,600.0,24.9,S
2021-06-07T10:41:00,300.0,24.9,S
2021-06-07T10:40:53,300.0,24.9,S
2021-06-07T10:40:48,500.0,24.9,S
2021-06-07T10:40:38,1000.0,24.9,S
2021-06-07T10:40:33,200.0,24.9,S
2021-06-07T10:40:32,600.0,24.85,S
2021-06-07T10:40:30,200.0,24.9,S
2021-06-07T10:40:29,7100.0,24.85,S
2021-06-07T10:40:17,2000.0,24.85,S
2021-06-07T10:40:14,400.0,24.9,S
2021-06-07T10:40:14,2700.0,24.9,S
2021-06-07T10:40:14,100.0,24.9,S
2021-06-07T10:40:14,2200.0,24.9,S
2021-06-07T10:39:45,400.0,24.95,B
2021-06-07T10:39:34,500.0,24.95,B
2021-06-07T10:39:11,4200.0,24.95,B
2021-06-07T10:38:16,400.0,24.95,B
2021-06-07T10:38:06,100.0,24.95,B
2021-06-07T10:37:41,100.0,24.9,S
2021-06-07T10:37:37,400.0,24.95,B
2021-06-07T10:37:32,1600.0,24.9,S
2021-06-07T10:37:32,600.0,24.9,S
2021-06-07T10:37:32,200.0,24.9,S
2021-06-07T10:37:32,300.0,24.9,S
2021-06-07T10:37:32,400.0,24.9,S
2021-06-07T10:37:32,2200.0,24.9,S
2021-06-07T10:37:32,1200.0,24.9,S
2021-06-07T10:37:32,300.0,24.9,S
2021-06-07T10:37:32,4000.0,24.9,S
2021-06-07T10:37:32,2300.0,24.9,S
2021-06-07T10:37:32,1900.0,24.9,S
2021-06-07T10:37:31,100.0,24.95,B
2021-06-07T10:37:27,700.0,24.9,S
2021-06-07T10:37:21,1000.0,24.9,S
2021-06-07T10:37:01,200.0,24.95,B
2021-06-07T10:37:00,1000.0,24.9,S
2021-06-07T10:36:54,700.0,24.9,S
2021-06-07T10:36:54,200.0,24.9,S
2021-06-07T10:36:54,5800.0,24.9,S
2021-06-07T10:36:54,1200.0,24.9,S
2021-06-07T10:36:54,2100.0,24.9,S
2021-06-07T10:36:49,10000.0,24.9,S
2021-06-07T10:36:43,3600.0,24.9,S
2021-06-07T10:36:43,6400.0,24.9,S
2021-06-07T10:36:30,200.0,24.95,B
2021-06-07T10:36:27,500.0,24.95,B
2021-06-07T10:36:24,100.0,24.9,S
2021-06-07T10:36:24,6500.0,24.9,S
2021-06-07T10:36:23,1500.0,24.9,S
2021-06-07T10:36:23,300.0,24.9,S
2021-06-07T10:36:23,2000.0,24.9,S
2021-06-07T10:36:23,1300.0,24.9,S
2021-06-07T10:36:23,1000.0,24.9,S
2021-06-07T10:36:23,300.0,24.9,S
2021-06-07T10:36:23,2800.0,24.9,S
2021-06-07T10:36:23,1800.0,24.9,S
2021-06-07T10:36:23,2500.0,24.9,S
2021-06-07T10:36:23,4500.0,24.9,S
2021-06-07T10:36:23,5000.0,24.9,S
2021-06-07T10:36:23,400.0,24.9,S
2021-06-07T10:36:23,1000.0,24.9,S
2021-06-07T10:36:23,900.0,24.9,S
2021-06-07T10:36:23,2300.0,24.9,S
2021-06-07T10:36:23,600.0,24.9,S
2021-06-07T10:36:23,15200.0,24.9,S
2021-06-07T10:36:08,500.0,24.9,S
2021-06-07T10:36:07,1300.0,24.95,B
2021-06-07T10:35:51,300.0,24.95,B
2021-06-07T10:35:30,300.0,24.95,B
2021-06-07T10:35:10,400.0,24.95,B
2021-06-07T10:35:06,600.0,24.9,S
2021-06-07T10:35:04,10000.0,24.9,S
2021-06-07T10:34:57,400.0,24.9,S
2021-06-07T10:34:52,1000.0,24.95,B
2021-06-07T10:34:40,300.0,24.95,B
2021-06-07T10:34:31,100.0,24.95,B
2021-06-07T10:34:00,100.0,24.95,S
2021-06-07T10:33:56,600.0,24.95,S
2021-06-07T10:33:43,200.0,24.95,S
2021-06-07T10:33:38,1000.0,24.95,S
2021-06-07T10:33:34,2000.0,24.95,S
2021-06-07T10:33:31,600.0,24.95,S
2021-06-07T10:33:23,100.0,24.95,S
2021-06-07T10:33:20,700.0,24.95,S
2021-06-07T10:33:15,1500.0,24.95,S
2021-06-07T10:33:15,2000.0,24.95,S
2021-06-07T10:33:14,400.0,25.0,B
2021-06-07T10:32:58,2000.0,25.0,B
2021-06-07T10:32:46,300.0,24.95,S
2021-06-07T10:32:46,2800.0,24.95,S
2021-06-07T10:32:46,400.0,24.95,S
2021-06-07T10:32:46,6800.0,24.95,S
2021-06-07T10:32:11,500.0,24.95,S
2021-06-07T10:32:03,300.0,25.0,B
2021-06-07T10:32:02,8000.0,24.95,S
2021-06-07T10:31:56,8000.0,24.95,S
2021-06-07T10:31:48,2100.0,25.0,B
2021-06-07T10:31:24,500.0,25.0,B
2021-06-07T10:31:22,2000.0,25.0,B
2021-06-07T10:31:16,300.0,25.0,B
2021-06-07T10:31:12,100.0,24.95,S
2021-06-07T10:30:57,100.0,25.0,B
2021-06-07T10:30:47,500.0,25.0,B
2021-06-07T10:30:19,200.0,25.0,B
2021-06-07T10:30:17,1000.0,24.95,S
2021-06-07T10:30:15,2000.0,25.0,B
2021-06-07T10:30:12,500.0,25.0,B
2021-06-07T10:30:10,7900.0,25.0,B
2021-06-07T10:30:10,3000.0,25.0,B
2021-06-07T10:30:10,1600.0,25.0,B
2021-06-07T10:30:10,2000.0,25.0,B
2021-06-07T10:30:07,100.0,25.0,B
2021-06-07T10:29:49,7000.0,24.95,S
2021-06-07T10:29:26,9700.0,24.95,S
2021-06-07T10:29:26,12300.0,24.95,S
2021-06-07T10:29:26,4200.0,24.95,S
2021-06-07T10:29:26,4300.0,24.95,S
2021-06-07T10:29:24,500.0,25.0,B
2021-06-07T10:29:22,3000.0,24.95,S
2021-06-07T10:29:12,2000.0,25.0,B
2021-06-07T10:29:09,500.0,25.0,B
2021-06-07T10:28:58,100.0,25.0,B
2021-06-07T10:28:57,100.0,25.0,B
2021-06-07T10:28:07,500.0,25.0,B
2021-06-07T10:27:59,200.0,24.95,S
2021-06-07T10:27:51,1000.0,24.95,S
2021-06-07T10:27:41,100.0,25.0,B
2021-06-07T10:27:41,100.0,25.0,B
2021-06-07T10:27:38,5000.0,24.95,S
2021-06-07T10:27:31,100.0,24.95,S
2021-06-07T10:27:11,10000.0,25.0,B
2021-06-07T10:27:11,3500.0,24.95,S
2021-06-07T10:26:57,800.0,25.0,B
2021-06-07T10:26:52,200.0,25.0,B
2021-06-07T10:26:38,500.0,25.0,B
2021-06-07T10:26:10,2300.0,24.95,S
2021-06-07T10:26:04,1000.0,25.0,B
2021-06-07T10:26:02,1000.0,25.0,B
2021-06-07T10:25:38,2100.0,25.0,B
2021-06-07T10:25:32,11000.0,25.0,B
2021-06-07T10:25:29,300.0,25.0,B
2021-06-07T10:25:29,2500.0,25.0,B
2021-06-07T10:25:28,100.0,25.0,B
2021-06-07T10:25:18,500.0,25.0,S
2021-06-07T10:25:14,3000.0,24.95,S
2021-06-07T10:25:11,2000.0,25.0,S
2021-06-07T10:25:10,100.0,25.0,S
2021-06-07T10:25:09,2900.0,25.0,S
2021-06-07T10:25:06,300.0,25.0,S
2021-06-07T10:25:06,1100.0,25.0,S
2021-06-07T10:24:54,100.0,25.0,S
2021-06-07T10:24:53,1000.0,25.0,S
2021-06-07T10:24:53,5000.0,25.0,S
2021-06-07T10:24:45,1600.0,25.0,S
2021-06-07T10:24:44,5000.0,25.0,S
2021-06-07T10:24:40,10000.0,25.0,S
2021-06-07T10:24:28,500.0,25.0,S
2021-06-07T10:24:24,500.0,25.0,S
2021-06-07T10:24:09,700.0,25.0,S
2021-06-07T10:24:08,5000.0,25.0,S
2021-06-07T10:24:08,2800.0,25.0,S
2021-06-07T10:24:08,4400.0,25.0,S
2021-06-07T10:24:08,200.0,25.0,S
2021-06-07T10:24:08,6300.0,25.0,S
2021-06-07T10:24:05,1000.0,25.0,S
2021-06-07T10:23:09,1600.0,25.0,S
2021-06-07T10:23:09,900.0,25.0,S
2021-06-07T10:23:08,500.0,25.0,S
2021-06-07T10:22:58,100.0,25.05,B
2021-06-07T10:22:46,200.0,25.0,S
2021-06-07T10:22:42,800.0,25.0,S
2021-06-07T10:22:42,1700.0,25.0,S
2021-06-07T10:22:42,1000.0,25.0,S
2021-06-07T10:22:33,14300.0,25.0,S
2021-06-07T10:22:33,300.0,25.0,S
2021-06-07T10:22:33,1100.0,25.0,S
2021-06-07T10:22:33,300.0,25.0,S
2021-06-07T10:22:33,1300.0,25.0,S
2021-06-07T10:22:33,2100.0,25.0,S
2021-06-07T10:22:33,100.0,25.0,S
2021-06-07T10:22:33,500.0,25.0,S
2021-06-07T10:22:32,1000.0,25.0,S
2021-06-07T10:22:32,1400.0,25.0,S
2021-06-07T10:22:32,4300.0,25.0,S
2021-06-07T10:22:32,7900.0,25.0,S
2021-06-07T10:22:32,1300.0,25.0,S
2021-06-07T10:22:32,500.0,25.0,S
2021-06-07T10:22:32,500.0,25.0,S
2021-06-07T10:22:32,20000.0,25.0,S
2021-06-07T10:22:32,3400.0,25.0,S
2021-06-07T10:22:32,400.0,25.0,S
2021-06-07T10:22:32,9300.0,25.0,S
2021-06-07T10:22:30,6000.0,25.0,S
2021-06-07T10:22:25,5000.0,25.0,S
2021-06-07T10:21:59,1000.0,25.0,S
2021-06-07T10:21:48,2000.0,25.1,B
2021-06-07T10:21:47,500.0,25.0,S
2021-06-07T10:21:41,6300.0,25.0,S
2021-06-07T10:21:41,3800.0,25.0,S
2021-06-07T10:21:41,1900.0,25.05,B
2021-06-07T10:21:39,2000.0,25.05,B
2021-06-07T10:21:22,100.0,25.05,B
2021-06-07T10:21:22,1900.0,25.05,B
2021-06-07T10:20:42,1000.0,25.0,S
2021-06-07T10:20:41,800.0,25.1,B
2021-06-07T10:20:04,1000.0,25.0,S
2021-06-07T10:19:55,2000.0,25.1,B
2021-06-07T10:19:38,200.0,25.05,B
2021-06-07T10:19:22,4400.0,25.0,S
2021-06-07T10:19:22,6300.0,25.0,S
2021-06-07T10:19:18,500.0,25.1,B
2021-06-07T10:18:57,1000.0,25.1,B
2021-06-07T10:18:53,1000.0,25.0,S
2021-06-07T10:18:24,1000.0,25.0,S
2021-06-07T10:18:02,3800.0,25.0,S
2021-06-07T10:17:52,500.0,25.1,B
2021-06-07T10:17:02,1000.0,25.0,S
2021-06-07T10:17:01,8100.0,25.0,S
2021-06-07T10:17:01,800.0,25.0,S
2021-06-07T10:17:00,6100.0,25.0,S
2021-06-07T10:17:00,1800.0,25.05,B
2021-06-07T10:16:53,100.0,25.0,S
2021-06-07T10:16:46,800.0,25.0,S
2021-06-07T10:16:36,200.0,25.05,B
2021-06-07T10:16:32,5000.0,25.0,S
2021-06-07T10:16:25,400.0,25.0,S
2021-06-07T10:16:18,1000.0,25.0,S
2021-06-07T10:16:11,1000.0,25.0,S
2021-06-07T10:16:07,400.0,25.0,S
2021-06-07T10:16:02,100.0,25.0,S
2021-06-07T10:15:57,600.0,25.05,B
2021-06-07T10:15:45,100.0,25.0,S
2021-06-07T10:15:44,100.0,25.05,B
2021-06-07T10:15:34,400.0,25.05,B
2021-06-07T10:15:29,5000.0,25.05,B
2021-06-07T10:15:21,4000.0,25.05,B
2021-06-07T10:15:07,2000.0,25.0,S
2021-06-07T10:14:58,1000.0,25.0,S
2021-06-07T10:14:46,100.0,25.0,S
2021-06-07T10:14:39,600.0,25.0,S
2021-06-07T10:14:39,20000.0,25.0,S
2021-06-07T10:14:38,1000.0,25.0,S
2021-06-07T10:14:30,7000.0,25.0,S
2021-06-07T10:14:20,3000.0,25.05,B
2021-06-07T10:13:58,500.0,25.0,S
2021-06-07T10:13:36,400.0,25.05,B
2021-06-07T10:13:34,100.0,25.0,S
2021-06-07T10:13:27,100.0,25.0,S
2021-06-07T10:13:09,10000.0,25.0,S
2021-06-07T10:13:06,7300.0,25.0,S
2021-06-07T10:13:03,200.0,25.0,S
2021-06-07T10:13:02,200.0,25.05,B
2021-06-07T10:12:41,1000.0,25.0,S
2021-06-07T10:12:34,500.0,25.0,S
2021-06-07T10:12:30,1000.0,25.0,S
2021-06-07T10:12:19,12700.0,25.0,S
2021-06-07T10:11:56,200.0,25.05,B
2021-06-07T10:11:53,100.0,25.0,S
2021-06-07T10:11:53,3000.0,25.0,S
2021-06-07T10:11:07,100.0,25.0,S
2021-06-07T10:11:04,2000.0,25.0,S
2021-06-07T10:11:02,200.0,25.0,S
2021-06-07T10:11:00,8000.0,25.0,S
2021-06-07T10:10:21,2000.0,25.0,S
2021-06-07T10:09:32,2000.0,25.0,S
2021-06-07T10:09:30,1000.0,25.0,S
2021-06-07T10:09:00,2000.0,25.0,S
2021-06-07T10:08:51,7800.0,25.0,S
2021-06-07T10:08:51,2200.0,25.0,S
2021-06-07T10:08:27,1000.0,25.0,S
2021-06-07T10:08:21,200.0,25.0,S
2021-06-07T10:08:13,1900.0,25.0,S
2021-06-07T10:08:06,6800.0,24.95,S
2021-06-07T10:08:06,2000.0,24.95,S
2021-06-07T10:08:06,2400.0,24.95,S
2021-06-07T10:08:06,10700.0,24.95,S
2021-06-07T10:08:06,1000.0,24.95,S
2021-06-07T10:08:06,7100.0,24.95,S
2021-06-07T10:07:58,500.0,25.0,B
2021-06-07T10:07:48,100.0,25.0,B
2021-06-07T10:07:47,500.0,24.95,S
2021-06-07T10:07:40,2000.0,25.0,B
2021-06-07T10:07:37,500.0,25.0,B
2021-06-07T10:07:25,200.0,25.0,B
2021-06-07T10:07:20,200.0,25.0,B
2021-06-07T10:07:16,1400.0,24.95,S
2021-06-07T10:07:14,5000.0,25.0,B
2021-06-07T10:07:10,500.0,25.0,B
2021-06-07T10:07:05,1100.0,25.0,B
2021-06-07T10:07:03,900.0,24.95,S
2021-06-07T10:06:59,500.0,25.0,B
2021-06-07T10:06:54,200.0,24.95,S
2021-06-07T10:06:50,300.0,25.0,B
2021-06-07T10:06:36,200.0,25.0,B
2021-06-07T10:06:26,8000.0,25.0,B
2021-06-07T10:06:19,4100.0,25.0,B
2021-06-07T10:06:03,7000.0,25.0,B
2021-06-07T10:06:03,2400.0,25.0,B
2021-06-07T10:06:03,600.0,25.0,B
2021-06-07T10:06:01,1800.0,24.95,S
2021-06-07T10:06:01,1000.0,24.95,S
2021-06-07T10:06:01,17200.0,24.95,S
2021-06-07T10:05:57,100.0,25.0,B
2021-06-07T10:05:48,300.0,25.0,B
2021-06-07T10:05:43,1000.0,25.0,B
2021-06-07T10:05:42,800.0,25.0,B
2021-06-07T10:05:42,7100.0,25.0,B
2021-06-07T10:05:42,7200.0,25.0,B
2021-06-07T10:05:42,900.0,25.0,B
2021-06-07T10:05:42,14000.0,25.0,B
2021-06-07T10:05:10,1000.0,24.95,S
2021-06-07T10:05:10,10000.0,25.0,B
2021-06-07T10:05:04,2100.0,25.0,B
2021-06-07T10:05:03,500.0,25.0,B
2021-06-07T10:04:47,300.0,25.0,B
2021-06-07T10:04:45,1100.0,25.0,B
2021-06-07T10:04:45,3900.0,25.0,B
2021-06-07T10:04:45,1600.0,25.0,B
2021-06-07T10:04:45,900.0,25.0,B
2021-06-07T10:04:45,500.0,25.0,B
2021-06-07T10:04:44,300.0,25.0,B
2021-06-07T10:04:44,1500.0,25.0,B
2021-06-07T10:04:44,1600.0,25.0,B
2021-06-07T10:04:44,13600.0,25.0,B
2021-06-07T10:04:43,200.0,24.95,S
2021-06-07T10:04:42,300.0,25.0,B
2021-06-07T10:04:37,100.0,25.0,B
2021-06-07T10:04:36,1300.0,25.0,B
2021-06-07T10:04:24,300.0,25.0,B
2021-06-07T10:04:21,1100.0,25.0,B
2021-06-07T10:04:11,2700.0,25.0,B
2021-06-07T10:03:54,500.0,25.0,B
2021-06-07T10:03:48,1000.0,25.0,B
2021-06-07T10:03:43,1600.0,24.95,S
2021-06-07T10:03:43,100.0,25.0,B
2021-06-07T10:03:43,900.0,25.0,B
2021-06-07T10:03:31,1000.0,25.0,B
2021-06-07T10:03:17,1000.0,25.0,B
2021-06-07T10:03:16,300.0,25.0,B
2021-06-07T10:03:14,1500.0,25.0,B
2021-06-07T10:03:11,400.0,25.0,B
2021-06-07T10:03:11,300.0,25.0,B
2021-06-07T10:02:53,200.0,25.0,B
2021-06-07T10:02:29,500.0,25.0,B
2021-06-07T10:02:17,200.0,25.0,B
2021-06-07T10:02:14,500.0,25.0,B
2021-06-07T10:02:07,100.0,25.0,B
2021-06-07T10:01:52,300.0,25.0,B
2021-06-07T10:01:50,100.0,25.0,B
2021-06-07T10:01:49,400.0,25.0,B
2021-06-07T10:01:45,1700.0,25.0,B
2021-06-07T10:01:35,100.0,24.95,S
2021-06-07T10:01:30,1000.0,25.0,B
2021-06-07T10:01:28,5000.0,24.95,S
2021-06-07T10:01:23,100.0,25.0,B
2021-06-07T10:01:09,1000.0,25.0,B
2021-06-07T10:00:47,700.0,25.0,B
2021-06-07T10:00:44,100.0,25.0,B
2021-06-07T10:00:25,100.0,25.0,B
2021-06-07T10:00:25,200.0,25.0,B
2021-06-07T10:00:20,200.0,25.0,B
2021-06-07T10:00:16,1000.0,25.0,B
2021-06-07T09:59:59,1000.0,24.95,S
2021-06-07T09:59:59,3000.0,25.0,B
2021-06-07T09:59:48,2500.0,25.0,B
2021-06-07T09:59:44,1400.0,24.95,S
2021-06-07T09:59:44,600.0,24.95,S
2021-06-07T09:59:39,100.0,25.0,B
2021-06-07T09:59:35,2000.0,25.0,B
2021-06-07T09:59:34,100.0,24.95,S
2021-06-07T09:59:32,200.0,25.0,B
2021-06-07T09:59:22,800.0,24.95,S
2021-06-07T09:59:22,2800.0,24.95,S
2021-06-07T09:59:21,400.0,24.95,S
2021-06-07T09:59:15,1000.0,25.0,B
2021-06-07T09:59:00,400.0,25.0,B
2021-06-07T09:58:56,2000.0,24.95,S
2021-06-07T09:58:38,100.0,25.0,B
2021-06-07T09:58:38,300.0,25.0,B
2021-06-07T09:58:38,200.0,25.0,B
2021-06-07T09:58:37,700.0,25.0,B
2021-06-07T09:58:31,100.0,25.0,B
2021-06-07T09:58:27,3000.0,25.0,B
2021-06-07T09:58:26,100.0,25.0,B
2021-06-07T09:58:18,1000.0,25.0,B
2021-06-07T09:58:14,1100.0,25.0,B
2021-06-07T09:57:57,700.0,25.0,B
2021-06-07T09:57:57,1300.0,25.0,B
2021-06-07T09:57:49,5000.0,25.0,B
2021-06-07T09:57:45,1000.0,25.0,B
2021-06-07T09:57:34,500.0,25.0,B
2021-06-07T09:57:34,100.0,25.0,B
2021-06-07T09:57:30,400.0,25.0,B
2021-06-07T09:57:27,1100.0,24.95,S
2021-06-07T09:57:27,400.0,24.95,S
2021-06-07T09:57:20,2000.0,25.0,B
2021-06-07T09:57:18,8000.0,25.0,B
2021-06-07T09:57:15,200.0,25.0,B
2021-06-07T09:57:08,2000.0,25.0,B
2021-06-07T09:56:57,100.0,25.0,B
2021-06-07T09:56:57,5000.0,25.0,B
2021-06-07T09:56:56,100.0,25.0,B
2021-06-07T09:56:49,300.0,25.0,B
2021-06-07T09:56:49,200.0,25.0,B
2021-06-07T09:56:44,200.0,25.0,B
2021-06-07T09:56:43,400.0,25.0,B
2021-06-07T09:56:35,200.0,25.0,B
2021-06-07T09:56:35,4000.0,25.0,B
2021-06-07T09:56:33,200.0,25.0,B
2021-06-07T09:56:33,300.0,25.0,B
2021-06-07T09:56:30,400.0,25.0,B
2021-06-07T09:56:29,200.0,25.0,B
2021-06-07T09:56:11,100.0,24.95,S
2021-06-07T09:56:11,2900.0,24.95,S
2021-06-07T09:56:05,100.0,25.0,B
2021-06-07T09:56:03,500.0,24.95,S
2021-06-07T09:56:03,300.0,24.95,S
2021-06-07T09:55:43,400.0,25.0,B
2021-06-07T09:55:42,1000.0,25.0,B
2021-06-07T09:55:41,100.0,25.0,B
2021-06-07T09:55:27,200.0,24.95,S
2021-06-07T09:55:15,200.0,25.0,B
2021-06-07T09:55:07,1100.0,25.0,B
2021-06-07T09:55:07,1700.0,25.0,B
2021-06-07T09:55:04,500.0,25.0,B
2021-06-07T09:54:59,500.0,25.0,B
2021-06-07T09:54:32,6400.0,25.0,B
2021-06-07T09:54:14,6000.0,25.0,B
2021-06-07T09:54:14,100.0,24.95,S
2021-06-07T09:54:12,3000.0,25.0,B
2021-06-07T09:54:00,400.0,24.95,S
2021-06-07T09:54:00,1900.0,25.0,B
2021-06-07T09:53:59,100.0,25.0,B
2021-06-07T09:53:40,200.0,25.0,B
2021-06-07T09:53:18,5000.0,25.0,B
2021-06-07T09:53:14,1400.0,25.0,B
2021-06-07T09:53:14,3600.0,25.0,B
2021-06-07T09:53:02,2000.0,25.0,B
2021-06-07T09:52:59,5000.0,25.0,B
2021-06-07T09:52:54,100.0,25.0,B
2021-06-07T09:52:48,300.0,25.0,B
2021-06-07T09:52:31,500.0,25.0,B
2021-06-07T09:52:31,5000.0,24.95,S
2021-06-07T09:52:29,200.0,25.0,B
2021-06-07T09:52:29,100.0,25.0,B
2021-06-07T09:52:24,500.0,25.0,B
2021-06-07T09:52:09,500.0,25.0,B
2021-06-07T09:52:09,2000.0,25.0,B
2021-06-07T09:52:05,2800.0,25.0,B
2021-06-07T09:52:05,100.0,25.0,B
2021-06-07T09:52:04,1100.0,25.0,B
2021-06-07T09:51:26,4500.0,24.95,S
2021-06-07T09:51:16,2500.0,24.95,S
2021-06-07T09:51:06,100.0,25.0,B
2021-06-07T09:50:54,6000.0,24.95,S
2021-06-07T09:50:39,5000.0,24.9,S
2021-06-07T09:50:31,500.0,25.0,B
2021-06-07T09:50:31,45300.0,25.0,B
2021-06-07T09:50:29,200.0,25.0,B
2021-06-07T09:50:25,20000.0,25.0,B
2021-06-07T09:50:18,200.0,24.95,S
2021-06-07T09:50:15,1000.0,24.95,S
2021-06-07T09:50:14,100.0,24.95,S
2021-06-07T09:50:13,500.0,24.95,S
2021-06-07T09:50:11,1000.0,24.95,S
2021-06-07T09:50:08,100.0,24.95,S
2021-06-07T09:50:06,1300.0,24.95,S
2021-06-07T09:49:53,100.0,24.95,S
2021-06-07T09:49:51,300.0,24.95,S
2021-06-07T09:49:49,600.0,24.95,S
2021-06-07T09:49:48,2800.0,25.0,B
2021-06-07T09:49:28,300.0,25.0,B
2021-06-07T09:49:24,1000.0,25.0,B
2021-06-07T09:49:22,400.0,24.95,S
2021-06-07T09:49:12,5000.0,25.0,B
2021-06-07T09:49:11,2700.0,24.9,S
2021-06-07T09:49:11,400.0,24.9,S
2021-06-07T09:49:11,6900.0,24.9,S
2021-06-07T09:49:10,30000.0,24.9,S
2021-06-07T09:49:07,300.0,24.95,S
2021-06-07T09:49:02,100.0,25.0,B
2021-06-07T09:48:48,2000.0,25.0,B
2021-06-07T09:48:48,200.0,24.95,S
2021-06-07T09:48:46,300.0,24.95,S
2021-06-07T09:48:39,1000.0,24.95,S
2021-06-07T09:48:35,500.0,24.95,S
2021-06-07T09:48:34,6000.0,25.0,B
2021-06-07T09:48:28,100.0,25.0,B
2021-06-07T09:48:26,500.0,24.95,S
2021-06-07T09:48:14,6900.0,25.0,B
2021-06-07T09:48:10,500.0,25.0,B
2021-06-07T09:47:54,200.0,24.95,S
2021-06-07T09:47:50,400.0,24.95,S
2021-06-07T09:47:50,3800.0,24.95,S
2021-06-07T09:47:26,400.0,24.95,S
2021-06-07T09:47:20,200.0,24.95,S
2021-06-07T09:46:48,500.0,24.95,S
2021-06-07T09:46:33,200.0,24.95,S
2021-06-07T09:46:31,300.0,24.95,S
2021-06-07T09:46:31,2000.0,24.95,S
2021-06-07T09:46:31,200.0,24.95,S
2021-06-07T09:46:30,4800.0,24.95,S
2021-06-07T09:46:13,400.0,24.95,S
2021-06-07T09:46:10,1400.0,24.95,S
2021-06-07T09:45:59,10000.0,24.95,S
2021-06-07T09:45:47,1800.0,24.9,S
2021-06-07T09:45:44,100.0,24.95,S
2021-06-07T09:45:22,200.0,24.9,S
2021-06-07T09:45:21,300.0,24.9,S
2021-06-07T09:45:15,200.0,24.95,S
2021-06-07T09:45:07,4100.0,24.95,S
2021-06-07T09:45:07,1000.0,24.95,S
2021-06-07T09:45:05,1000.0,24.95,S
2021-06-07T09:44:56,2400.0,24.9,S
2021-06-07T09:44:55,100.0,24.95,S
2021-06-07T09:44:52,100.0,24.95,S
2021-06-07T09:44:42,2500.0,24.9,S
2021-06-07T09:44:38,1000.0,24.95,S
2021-06-07T09:44:35,100.0,24.95,S
2021-06-07T09:44:22,400.0,24.95,S
2021-06-07T09:43:56,1800.0,24.9,S
2021-06-07T09:43:56,1000.0,24.9,S
2021-06-07T09:43:56,2800.0,24.9,S
2021-06-07T09:43:56,1600.0,24.9,S
2021-06-07T09:43:56,2800.0,24.9,S
2021-06-07T09:43:16,1000.0,24.9,S
2021-06-07T09:43:13,800.0,24.9,S
2021-06-07T09:43:13,100.0,24.9,S
2021-06-07T09:43:12,4100.0,24.9,S
2021-06-07T09:43:10,5000.0,24.9,S
2021-06-07T09:42:51,400.0,24.95,S
2021-06-07T09:42:24,1000.0,25.0,B
2021-06-07T09:42:07,200.0,24.95,B
2021-06-07T09:41:29,100.0,24.9,B
2021-06-07T09:41:02,2000.0,25.0,B
2021-06-07T09:41:01,600.0,24.9,B
2021-06-07T09:40:50,10600.0,25.0,B
2021-06-07T09:40:42,500.0,24.95,B
2021-06-07T09:40:38,500.0,25.0,B
2021-06-07T09:40:16,1200.0,24.9,B
2021-06-07T09:40:16,200.0,24.9,B
2021-06-07T09:40:16,1000.0,24.9,B
2021-06-07T09:40:16,2200.0,24.9,B
2021-06-07T09:40:16,1100.0,24.9,B
2021-06-07T09:40:16,2900.0,24.9,B
2021-06-07T09:40:16,21400.0,24.9,B
2021-06-07T09:40:05,1300.0,24.95,B
2021-06-07T09:40:04,300.0,24.9,B
2021-06-07T09:39:48,2000.0,24.95,B
2021-06-07T09:39:41,100.0,24.9,B
2021-06-07T09:39:35,5000.0,24.9,B
2021-06-07T09:39:34,100.0,24.9,B
2021-06-07T09:39:21,100.0,24.95,B
2021-06-07T09:39:10,100.0,24.9,B
2021-06-07T09:38:52,5000.0,24.95,B
2021-06-07T09:38:33,100.0,24.9,B
2021-06-07T09:38:30,100.0,24.95,B
2021-06-07T09:38:07,5000.0,24.95,B
2021-06-07T09:37:53,1000.0,24.9,B
2021-06-07T09:37:46,5000.0,24.9,B
2021-06-07T09:37:43,100.0,24.95,B
2021-06-07T09:37:42,11200.0,24.9,B
2021-06-07T09:37:42,800.0,24.9,B
2021-06-07T09:37:33,100.0,24.9,B
2021-06-07T09:37:28,100.0,24.9,B
2021-06-07T09:37:27,2000.0,25.0,B
2021-06-07T09:37:22,1000.0,24.9,B
2021-06-07T09:37:15,100.0,24.95,B
2021-06-07T09:37:14,500.0,24.9,B
2021-06-07T09:37:02,26400.0,25.0,B
2021-06-07T09:36:45,600.0,24.9,B
2021-06-07T09:36:45,2400.0,24.9,B
2021-06-07T09:36:43,1000.0,24.95,B
2021-06-07T09:36:30,600.0,24.9,B
2021-06-07T09:36:16,100.0,24.9,B
2021-06-07T09:36:16,2600.0,24.9,B
2021-06-07T09:36:16,400.0,24.9,B
2021-06-07T09:36:13,2200.0,24.9,B
2021-06-07T09:36:12,200.0,24.9,B
2021-06-07T09:36:06,500.0,24.95,B
2021-06-07T09:35:44,100.0,24.9,B
2021-06-07T09:35:32,500.0,24.95,B
2021-06-07T09:35:26,200.0,24.9,B
2021-06-07T09:35:24,600.0,24.9,B
2021-06-07T09:35:23,500.0,24.9,B
2021-06-07T09:35:18,15000.0,25.0,B
2021-06-07T09:35:17,5300.0,24.95,B
2021-06-07T09:35:09,1500.0,24.95,B
2021-06-07T09:35:00,200.0,24.9,B
2021-06-07T09:34:58,100.0,24.95,B
2021-06-07T09:34:53,500.0,24.9,B
2021-06-07T09:34:42,500.0,24.95,B
2021-06-07T09:34:32,2000.0,24.95,B
2021-06-07T09:34:21,100.0,24.9,B
2021-06-07T09:34:20,200.0,25.0,B
2021-06-07T09:34:10,200.0,25.0,B
2021-06-07T09:34:09,2000.0,25.0,B
2021-06-07T09:34:04,4000.0,24.95,B
2021-06-07T09:34:02,1000.0,24.95,B
2021-06-07T09:33:59,1000.0,24.95,B
2021-06-07T09:33:55,100.0,24.95,B
2021-06-07T09:33:47,500.0,24.95,B
2021-06-07T09:33:45,7000.0,24.8,S
2021-06-07T09:33:42,20000.0,24.95,B
2021-06-07T09:33:40,1000.0,24.85,S
2021-06-07T09:33:40,5000.0,24.9,B
2021-06-07T09:33:39,1000.0,24.85,S
2021-06-07T09:33:23,1500.0,24.9,S
2021-06-07T09:33:16,2000.0,24.9,S
2021-06-07T09:33:13,200.0,24.9,S
2021-06-07T09:33:13,400.0,24.9,S
2021-06-07T09:33:06,100.0,24.85,S
2021-06-07T09:32:56,300.0,24.9,S
2021-06-07T09:32:42,1000.0,24.9,S
2021-06-07T09:32:41,600.0,24.9,S
2021-06-07T09:32:41,2000.0,24.9,S
2021-06-07T09:32:34,600.0,24.9,S
2021-06-07T09:32:22,200.0,24.9,S
2021-06-07T09:32:20,100.0,24.9,S
2021-06-07T09:32:14,1000.0,24.9,S
2021-06-07T09:32:07,400.0,24.9,S
2021-06-07T09:32:05,2200.0,24.9,S
2021-06-07T09:31:58,100.0,24.9,S
2021-06-07T09:31:55,1000.0,25.0,B
2021-06-07T09:31:45,1000.0,25.0,B
2021-06-07T09:31:40,12200.0,25.0,B
2021-06-07T09:31:40,10000.0,24.9,S
2021-06-07T09:31:40,4900.0,24.9,S
2021-06-07T09:31:40,12900.0,24.9,S
2021-06-07T09:31:25,500.0,24.85,S
2021-06-07T09:31:11,1000.0,24.85,S
2021-06-07T09:31:10,2000.0,24.8,S
2021-06-07T09:31:08,300.0,24.85,S
2021-06-07T09:31:02,400.0,24.85,S
2021-06-07T09:30:53,100.0,24.9,S
2021-06-07T09:30:52,4000.0,24.8,S
2021-06-07T09:30:42,600.0,24.9,S
2021-06-07T09:30:42,6000.0,24.9,S
2021-06-07T09:30:42,3300.0,24.8,S
2021-06-07T09:30:42,300.0,24.8,S
2021-06-07T09:30:41,400.0,24.8,S
2021-06-07T09:30:40,4000.0,24.9,S
2021-06-07T09:30:25,900.0,24.9,S
2021-06-07T09:30:15,1100.0,24.9,S
2021-06-07T09:30:15,900.0,24.9,S
2021-06-07T09:30:09,1000.0,24.9,S
2021-06-07T09:30:08,2000.0,24.9,S
2021-06-07T09:30:05,600.0,24.8,S
2021-06-07T09:30:05,300.0,24.8,S
2021-06-07T09:30:05,700.0,24.8,S
2021-06-07T09:30:04,1400.0,24.8,S
2021-06-07T09:29:46,1000.0,24.9,S
2021-06-07T09:29:43,1800.0,24.9,S
2021-06-07T09:29:39,800.0,24.9,S
2021-06-07T09:29:38,2200.0,24.9,S
2021-06-07T09:29:35,200.0,24.9,S
2021-06-07T09:29:34,200.0,24.9,S
2021-06-07T09:29:29,1000.0,24.9,S
2021-06-07T09:29:29,300.0,24.9,S
2021-06-07T09:29:22,200.0,24.9,S
2021-06-07T09:29:22,500.0,24.9,S
2021-06-07T09:29:19,1000.0,24.9,S
2021-06-07T09:29:15,200.0,24.9,S
2021-06-07T09:29:15,100.0,24.9,S
2021-06-07T09:29:12,500.0,24.9,S
2021-06-07T09:29:01,100.0,24.9,S
2021-06-07T09:29:01,100.0,24.9,S
2021-06-07T09:28:59,1800.0,24.9,S
2021-06-07T09:28:58,300.0,24.9,S
2021-06-07T09:28:58,200.0,24.9,S
2021-06-07T09:28:52,100.0,24.9,S
2021-06-07T09:28:51,2000.0,24.9,S
2021-06-07T09:28:49,1000.0,24.9,S
2021-06-07T09:28:38,1000.0,24.9,S
2021-06-07T09:28:33,300.0,24.9,S
2021-06-07T09:28:31,500.0,24.9,S
2021-06-07T09:28:30,20000.0,24.9,S
2021-06-07T09:28:25,500.0,24.9,S
2021-06-07T09:28:24,100.0,24.9,S
2021-06-07T09:28:21,4700.0,24.9,S
2021-06-07T09:28:15,2000.0,24.9,S
2021-06-07T09:28:12,800.0,24.9,S
2021-06-07T09:28:05,500.0,24.9,S
2021-06-07T09:28:04,5000.0,24.9,S
2021-06-07T09:28:02,1000.0,24.9,S
2021-06-07T09:28:02,1100.0,24.9,S
2021-06-07T09:27:50,100.0,24.9,S
2021-06-07T09:27:49,900.0,24.9,S
2021-06-07T09:27:47,600.0,24.9,S
2021-06-07T09:27:43,100.0,24.9,S
2021-06-07T09:27:37,1000.0,24.9,S
2021-06-07T09:27:35,1000.0,24.9,S
2021-06-07T09:27:34,1000.0,24.9,S
2021-06-07T09:27:32,200.0,24.9,S
2021-06-07T09:27:32,100.0,24.9,S
2021-06-07T09:27:32,100.0,25.0,B
2021-06-07T09:27:28,5000.0,25.0,B
2021-06-07T09:27:19,8000.0,25.0,B
2021-06-07T09:27:14,37000.0,25.0,B
2021-06-07T09:27:10,900.0,24.9,S
2021-06-07T09:27:03,300.0,24.9,S
2021-06-07T09:27:03,2000.0,24.9,S
2021-06-07T09:27:02,200.0,24.85,S
2021-06-07T09:26:58,1000.0,24.9,S
2021-06-07T09:26:58,2000.0,24.9,S
2021-06-07T09:26:57,500.0,24.9,S
2021-06-07T09:26:53,2300.0,24.9,S
2021-06-07T09:26:53,2700.0,24.9,S
2021-06-07T09:26:39,7300.0,24.9,S
2021-06-07T09:26:31,5000.0,24.9,S
2021-06-07T09:26:29,100.0,24.9,S
2021-06-07T09:26:26,2000.0,25.0,B
2021-06-07T09:26:25,3600.0,24.9,S
2021-06-07T09:26:25,2200.0,24.9,S
2021-06-07T09:26:25,500.0,24.9,S
2021-06-07T09:26:25,3700.0,24.9,S
2021-06-07T09:26:23,2000.0,24.9,S
2021-06-07T09:26:20,500.0,25.0,B
2021-06-07T09:26:12,5000.0,24.9,S
2021-06-07T09:26:09,300.0,25.0,B
2021-06-07T09:26:08,300.0,24.9,S
2021-06-07T09:26:08,2000.0,24.9,S
2021-06-07T09:26:06,300.0,24.9,S
2021-06-07T09:26:06,4700.0,24.9,S
2021-06-07T09:26:05,10400.0,25.0,B
2021-06-07T09:25:55,5100.0,25.0,B
2021-06-07T09:25:55,900.0,25.0,B
2021-06-07T09:25:55,600.0,25.0,B
2021-06-07T09:25:54,1200.0,25.0,B
2021-06-07T09:25:54,1500.0,25.0,B
2021-06-07T09:25:54,1900.0,25.0,B
2021-06-07T09:25:54,2200.0,25.0,B
2021-06-07T09:25:54,3000.0,25.0,B
2021-06-07T09:25:54,1600.0,25.0,B
2021-06-07T09:25:54,4500.0,25.0,B
2021-06-07T09:25:54,100.0,25.0,B
2021-06-07T09:25:54,2800.0,25.0,B
2021-06-07T09:25:54,1200.0,25.0,B
2021-06-07T09:25:54,1200.0,25.0,B
2021-06-07T09:25:54,900.0,25.0,B
2021-06-07T09:25:54,100.0,25.0,B
2021-06-07T09:25:54,10400.0,25.0,B
2021-06-07T09:25:54,21100.0,25.0,B
2021-06-07T09:25:54,39700.0,25.0,B
2021-06-07T09:25:49,1000.0,25.0,B
2021-06-07T09:25:11,100.0,24.9,S
2021-06-07T09:25:06,600.0,25.0,B
2021-06-07T09:24:59,500.0,25.0,B
2021-06-07T09:24:54,700.0,25.0,B
2021-06-07T09:24:53,500.0,25.0,B
2021-06-07T09:24:46,600.0,24.9,S
2021-06-07T09:24:45,100.0,25.0,B
2021-06-07T09:24:38,5000.0,24.9,S
2021-06-07T09:24:33,200.0,25.0,B
2021-06-07T09:24:17,800.0,24.9,S
2021-06-07T09:24:15,5000.0,24.9,S
2021-06-07T09:24:10,200.0,25.0,B
2021-06-07T09:24:06,1500.0,24.9,S
2021-06-07T09:23:59,200.0,24.9,S
2021-06-07T09:23:58,1000.0,24.9,S
2021-06-07T09:23:36,8000.0,25.0,B
2021-06-07T09:23:34,4500.0,24.9,S
2021-06-07T09:23:31,9100.0,24.9,S
2021-06-07T09:23:30,2000.0,24.9,S
2021-06-07T09:23:25,800.0,24.9,S
2021-06-07T09:23:23,500.0,24.9,S
2021-06-07T09:23:22,100.0,24.9,S
2021-06-07T09:23:20,300.0,24.9,S
2021-06-07T09:23:19,4000.0,24.9,S
2021-06-07T09:23:18,100.0,24.9,S
2021-06-07T09:23:16,300.0,24.9,S
2021-06-07T09:23:15,1000.0,24.9,S
2021-06-07T09:23:11,15000.0,24.9,S
2021-06-07T09:23:10,6800.0,24.9,S
2021-06-07T09:22:53,2000.0,24.9,S
2021-06-07T09:22:51,1800.0,24.9,S
2021-06-07T09:22:45,100.0,24.9,S
2021-06-07T09:22:40,200.0,24.9,S
2021-06-07T09:22:36,700.0,24.9,S
2021-06-07T09:22:30,1300.0,24.9,S
2021-06-07T09:22:20,8000.0,25.0,B
2021-06-07T09:22:19,100.0,24.9,S
2021-06-07T09:22:12,500.0,25.0,B
2021-06-07T09:22:12,100.0,25.0,B
2021-06-07T09:22:12,100.0,25.0,B
2021-06-07T09:22:11,3000.0,24.9,S
2021-06-07T09:22:08,1100.0,25.0,B
2021-06-07T09:22:08,500.0,25.0,B
2021-06-07T09:22:05,100.0,25.0,B
2021-06-07T09:22:04,500.0,24.9,S
2021-06-07T09:21:51,800.0,24.9,S
2021-06-07T09:21:47,1000.0,24.8,S
2021-06-07T09:21:47,1200.0,24.8,S
2021-06-07T09:21:47,1300.0,24.8,S
2021-06-07T09:21:47,1500.0,24.8,S
2021-06-07T09:21:43,200.0,24.9,S
2021-06-07T09:21:34,1000.0,24.8,S
2021-06-07T09:21:20,2000.0,25.0,B
2021-06-07T09:21:18,1900.0,25.0,B
2021-06-07T09:21:11,1000.0,24.8,S
2021-06-07T09:21:09,10000.0,25.0,B
2021-06-07T09:21:04,800.0,24.9,S
2021-06-07T09:21:03,2000.0,24.9,S
2021-06-07T09:21:02,100.0,25.0,B
2021-06-07T09:21:02,100.0,24.9,S
2021-06-07T09:20:55,1100.0,24.8,S
2021-06-07T09:20:55,3900.0,24.8,S
2021-06-07T09:20:51,200.0,25.0,B
2021-06-07T09:20:51,100.0,25.0,B
2021-06-07T09:20:47,5300.0,24.7,S
2021-06-07T09:20:47,4700.0,24.8,S
2021-06-07T09:20:44,1400.0,24.8,S
2021-06-07T09:20:44,3000.0,24.9,S
2021-06-07T09:20:43,600.0,24.9,S
2021-06-07T09:20:40,500.0,25.0,B
2021-06-07T09:20:39,400.0,24.9,S
2021-06-07T09:20:29,2000.0,24.9,S
2021-06-07T09:20:21,1000.0,24.9,S
2021-06-07T09:20:09,2000.0,24.8,S
2021-06-07T09:20:08,5000.0,24.8,S
2021-06-07T09:20:02,2000.0,25.0,B
2021-06-07T09:20:00,5300.0,24.9,S
2021-06-07T09:19:56,10400.0,24.9,S
2021-06-07T09:19:56,10000.0,24.9,S
2021-06-07T09:19:54,500.0,24.8,S
2021-06-07T09:19:53,100.0,24.8,S
2021-06-07T09:19:47,900.0,24.9,S
2021-06-07T09:19:40,1000.0,24.9,S
2021-06-07T09:19:34,100.0,24.8,S
2021-06-07T09:19:28,300.0,24.8,S
2021-06-07T09:19:27,500.0,24.8,S
2021-06-07T09:19:27,500.0,24.8,S
2021-06-07T09:19:27,3300.0,24.8,S
2021-06-07T09:19:12,700.0,24.8,S
2021-06-07T09:19:09,2000.0,24.8,S
2021-06-07T09:18:52,100.0,24.8,S
2021-06-07T09:18:52,700.0,24.8,S
2021-06-07T09:18:49,2000.0,24.9,S
2021-06-07T09:18:49,500.0,24.9,S
2021-06-07T09:18:39,1000.0,24.9,S
2021-06-07T09:18:39,2000.0,24.8,S
2021-06-07T09:18:36,4000.0,24.8,S
2021-06-07T09:18:27,2000.0,24.8,S
2021-06-07T09:18:25,400.0,24.8,S
2021-06-07T09:18:23,1000.0,24.8,S
2021-06-07T09:18:23,3000.0,24.8,S
2021-06-07T09:18:20,1000.0,24.7,S
2021-06-07T09:18:14,300.0,24.8,S
2021-06-07T09:18:11,200.0,24.8,S
2021-06-07T09:18:10,500.0,24.8,S
2021-06-07T09:17:51,100.0,24.8,S
2021-06-07T09:17:43,300.0,24.8,S
2021-06-07T09:17:34,200.0,24.8,S
2021-06-07T09:17:30,800.0,24.8,S
2021-06-07T09:17:25,5000.0,24.7,S
2021-06-07T09:17:21,100.0,24.9,B
2021-06-07T09:17:17,11900.0,24.9,B
2021-06-07T09:17:17,1000.0,24.8,S
2021-06-07T09:17:16,200.0,24.8,S
2021-06-07T09:17:12,1000.0,24.8,S
2021-06-07T09:17:06,1400.0,24.7,S
2021-06-07T09:17:05,100.0,24.7,S
2021-06-07T09:17:02,1000.0,24.7,S
2021-06-07T09:17:02,400.0,24.7,S
2021-06-07T09:17:01,2100.0,24.7,S
2021-06-07T09:16:59,3000.0,24.8,S
2021-06-07T09:16:57,200.0,24.8,S
2021-06-07T09:16:56,700.0,24.8,S
2021-06-07T09:16:49,300.0,24.8,S
2021-06-07T09:16:45,100.0,24.8,S
2021-06-07T09:16:44,1000.0,24.8,S
2021-06-07T09:16:43,500.0,24.8,S
2021-06-07T09:16:42,3000.0,24.8,S
2021-06-07T09:16:37,2200.0,24.7,S
2021-06-07T09:16:33,100.0,24.8,S
2021-06-07T09:16:32,300.0,24.9,B
2021-06-07T09:16:31,300.0,24.9,B
2021-06-07T09:16:24,5000.0,24.7,S
2021-06-07T09:16:18,500.0,24.8,S
2021-06-07T09:16:13,200.0,24.9,B
2021-06-07T09:16:07,200.0,24.9,S
2021-06-07T09:16:06,200.0,24.9,S
2021-06-07T09:16:04,100.0,24.9,S
2021-06-07T09:16:04,300.0,24.9,S
2021-06-07T09:16:04,3300.0,24.9,S
2021-06-07T09:16:04,600.0,24.95,S
2021-06-07T09:16:03,3600.0,24.95,S
2021-06-07T09:16:01,100.0,25.0,B
2021-06-07T09:16:00,500.0,25.0,B
2021-06-07T09:15:56,500.0,25.0,B
2021-06-07T09:15:55,300.0,25.0,B
2021-06-07T09:15:51,100.0,25.0,B
2021-06-07T09:15:51,5000.0,25.0,B
