tradingTime,volume,price,side
2021-06-07T14:28:20,8000.0,12.9,S
2021-06-07T14:26:35,500.0,12.9,S
2021-06-07T14:26:35,7000.0,12.9,S
2021-06-07T14:26:35,2500.0,12.9,S
2021-06-07T14:17:33,100.0,12.95,B
2021-06-07T14:17:31,400.0,12.95,B
2021-06-07T14:17:26,100.0,12.95,B
2021-06-07T14:17:22,10000.0,12.9,S
2021-06-07T14:16:32,300.0,12.9,S
2021-06-07T14:15:04,1000.0,12.95,B
2021-06-07T14:12:28,1000.0,12.95,B
2021-06-07T14:09:57,3500.0,12.9,S
2021-06-07T14:08:48,30000.0,12.95,B
2021-06-07T14:08:22,200.0,12.9,S
2021-06-07T14:08:16,1000.0,12.95,B
2021-06-07T14:06:21,1000.0,12.95,B
2021-06-07T14:05:56,1000.0,12.95,B
2021-06-07T13:59:04,1000.0,12.95,B
2021-06-07T13:54:34,1000.0,12.95,B
2021-06-07T13:54:19,200.0,12.95,B
2021-06-07T13:54:18,1000.0,12.95,B
2021-06-07T13:54:13,1000.0,12.95,B
2021-06-07T13:54:12,26600.0,12.9,S
2021-06-07T13:54:07,200.0,12.95,B
2021-06-07T13:54:04,1000.0,12.9,S
2021-06-07T13:54:03,1100.0,12.95,B
2021-06-07T13:53:58,200.0,12.95,B
2021-06-07T13:53:38,300.0,12.95,S
2021-06-07T13:53:35,300.0,12.95,S
2021-06-07T13:53:35,900.0,12.95,S
2021-06-07T13:53:35,10600.0,12.95,S
2021-06-07T13:53:35,1500.0,12.95,S
2021-06-07T13:53:35,200.0,12.95,S
2021-06-07T13:53:31,500.0,13.0,B
2021-06-07T13:53:25,20000.0,12.95,S
2021-06-07T13:53:16,2500.0,12.95,S
2021-06-07T13:53:02,200.0,13.0,B
2021-06-07T13:53:02,1700.0,13.0,B
2021-06-07T13:53:01,200.0,12.95,S
2021-06-07T13:52:56,16100.0,12.95,S
2021-06-07T13:52:56,10600.0,12.95,S
2021-06-07T13:52:56,5600.0,12.95,S
2021-06-07T13:52:56,10700.0,12.95,S
2021-06-07T13:52:56,1000.0,12.95,S
2021-06-07T13:52:55,6000.0,12.95,S
2021-06-07T13:52:51,600.0,12.95,S
2021-06-07T13:52:50,2000.0,12.95,S
2021-06-07T13:52:40,3000.0,12.95,S
2021-06-07T13:52:37,300.0,13.0,B
2021-06-07T13:52:34,200.0,12.95,S
2021-06-07T13:52:32,100.0,12.95,S
2021-06-07T13:52:32,300.0,13.0,B
2021-06-07T13:52:29,5000.0,12.95,S
2021-06-07T13:52:27,400.0,13.0,B
2021-06-07T13:52:26,2300.0,12.95,S
2021-06-07T13:52:26,500.0,12.95,S
2021-06-07T13:52:26,1000.0,12.95,S
2021-06-07T13:52:26,12000.0,12.95,S
2021-06-07T13:52:26,4700.0,12.95,S
2021-06-07T13:52:23,1000.0,12.95,S
2021-06-07T13:52:14,200.0,12.95,S
2021-06-07T13:52:12,7000.0,13.0,B
2021-06-07T13:52:06,300.0,12.95,S
2021-06-07T13:52:05,2600.0,12.95,S
2021-06-07T13:52:05,600.0,12.95,S
2021-06-07T13:52:01,600.0,13.0,B
2021-06-07T13:51:54,300.0,12.95,S
2021-06-07T13:51:52,1000.0,13.0,B
2021-06-07T13:51:45,500.0,12.95,S
2021-06-07T13:51:42,200.0,12.95,S
2021-06-07T13:51:41,1000.0,12.95,S
2021-06-07T13:51:32,1000.0,12.95,S
2021-06-07T13:51:29,4900.0,12.95,S
2021-06-07T13:51:29,5100.0,12.95,S
2021-06-07T13:51:24,100.0,12.95,S
2021-06-07T13:51:21,1000.0,12.95,S
2021-06-07T13:51:06,400.0,13.0,B
2021-06-07T13:51:03,200.0,12.95,S
2021-06-07T13:50:55,1000.0,13.0,B
2021-06-07T13:50:51,100.0,13.0,B
2021-06-07T13:50:46,500.0,12.95,S
2021-06-07T13:50:34,300.0,12.95,S
2021-06-07T13:50:31,500.0,12.95,S
2021-06-07T13:50:31,15000.0,12.95,S
2021-06-07T13:50:29,500.0,13.0,B
2021-06-07T13:50:27,1000.0,12.95,S
2021-06-07T13:50:24,2000.0,12.95,S
2021-06-07T13:50:21,200.0,12.95,S
2021-06-07T13:50:18,100.0,13.0,B
2021-06-07T13:50:16,100.0,13.0,B
2021-06-07T13:50:10,1000.0,13.0,B
2021-06-07T13:50:07,2000.0,12.95,S
2021-06-07T13:50:06,200.0,12.95,S
2021-06-07T13:49:58,2000.0,12.95,S
2021-06-07T13:49:57,2500.0,12.95,S
2021-06-07T13:49:57,600.0,13.0,B
2021-06-07T13:49:53,300.0,13.0,B
2021-06-07T13:49:53,10000.0,12.95,S
2021-06-07T13:49:48,100.0,12.95,S
2021-06-07T13:49:44,6000.0,13.0,B
2021-06-07T13:49:39,10000.0,12.95,S
2021-06-07T13:49:36,300.0,12.95,S
2021-06-07T13:49:30,100.0,13.0,B
2021-06-07T13:49:28,10000.0,13.0,B
2021-06-07T13:49:22,10200.0,12.95,S
2021-06-07T13:49:20,1000.0,12.95,S
2021-06-07T13:49:12,3000.0,12.95,S
2021-06-07T13:49:10,100.0,13.0,B
2021-06-07T13:49:04,1000.0,12.95,S
2021-06-07T13:48:59,3000.0,13.0,B
2021-06-07T13:48:53,600.0,12.95,S
2021-06-07T13:48:51,100.0,13.0,B
2021-06-07T13:48:48,300.0,13.0,B
2021-06-07T13:48:48,1700.0,13.0,B
2021-06-07T13:48:46,1200.0,12.95,S
2021-06-07T13:48:40,100.0,13.0,B
2021-06-07T13:48:31,1000.0,13.0,B
2021-06-07T13:48:28,200.0,12.95,S
2021-06-07T13:48:28,1000.0,12.95,S
2021-06-07T13:48:28,300.0,12.95,S
2021-06-07T13:48:28,200.0,12.95,S
2021-06-07T13:48:20,200.0,13.0,B
2021-06-07T13:48:20,1800.0,13.0,B
2021-06-07T13:48:13,5000.0,13.0,B
2021-06-07T13:48:03,1000.0,12.95,S
2021-06-07T13:47:59,1800.0,12.95,S
2021-06-07T13:47:58,1200.0,12.95,S
2021-06-07T13:47:58,5000.0,13.0,B
2021-06-07T13:47:49,2100.0,12.95,S
2021-06-07T13:47:46,100.0,13.0,B
2021-06-07T13:47:43,100.0,13.0,B
2021-06-07T13:47:37,100.0,12.95,S
2021-06-07T13:47:37,5300.0,12.95,S
2021-06-07T13:47:37,5400.0,12.95,S
2021-06-07T13:47:36,700.0,12.95,S
2021-06-07T13:47:36,8500.0,12.95,S
2021-06-07T13:47:33,100.0,13.0,B
2021-06-07T13:47:32,200.0,13.0,B
2021-06-07T13:47:11,500.0,12.95,S
2021-06-07T13:46:45,400.0,13.0,B
2021-06-07T13:46:40,1000.0,12.95,S
2021-06-07T13:46:33,1000.0,13.0,B
2021-06-07T13:46:08,300.0,13.0,B
2021-06-07T13:46:06,200.0,13.0,B
2021-06-07T13:45:54,600.0,13.0,B
2021-06-07T13:45:22,100.0,13.0,B
2021-06-07T13:45:21,400.0,13.0,B
2021-06-07T13:45:19,4000.0,13.0,B
2021-06-07T13:45:18,200.0,13.0,B
2021-06-07T13:45:16,2000.0,13.0,B
2021-06-07T13:45:10,600.0,12.95,S
2021-06-07T13:45:04,5000.0,12.95,S
2021-06-07T13:45:03,2000.0,12.95,S
2021-06-07T13:44:52,300.0,12.95,S
2021-06-07T13:44:48,1000.0,12.95,S
2021-06-07T13:44:48,1000.0,12.95,S
2021-06-07T13:44:29,8000.0,13.0,B
2021-06-07T13:44:26,2000.0,12.95,S
2021-06-07T13:44:26,100.0,13.0,B
2021-06-07T13:44:22,200.0,13.0,B
2021-06-07T13:44:10,2000.0,13.0,B
2021-06-07T13:44:02,100.0,13.0,B
2021-06-07T13:44:00,200.0,13.0,B
2021-06-07T13:44:00,2200.0,13.0,B
2021-06-07T13:43:22,900.0,12.95,S
2021-06-07T13:43:14,600.0,13.0,B
2021-06-07T13:43:14,400.0,13.0,B
2021-06-07T13:43:11,5000.0,13.0,B
2021-06-07T13:43:11,300.0,13.0,B
2021-06-07T13:42:51,100.0,13.0,B
2021-06-07T13:42:40,100.0,12.95,S
2021-06-07T13:42:39,100.0,13.0,B
2021-06-07T13:42:35,200.0,13.0,B
2021-06-07T13:42:32,3000.0,13.0,B
2021-06-07T13:42:26,100.0,12.95,S
2021-06-07T13:42:22,100.0,13.0,B
2021-06-07T13:42:13,13000.0,12.95,S
2021-06-07T13:41:44,2000.0,13.0,B
2021-06-07T13:41:40,1000.0,13.0,B
2021-06-07T13:41:36,1100.0,13.0,B
2021-06-07T13:41:33,300.0,13.0,B
2021-06-07T13:41:00,200.0,12.95,B
2021-06-07T13:40:15,3000.0,13.0,B
2021-06-07T13:40:14,100.0,12.95,B
2021-06-07T13:40:08,900.0,13.0,B
2021-06-07T13:40:04,2000.0,13.0,B
2021-06-07T13:40:03,4200.0,12.95,B
2021-06-07T13:40:02,2800.0,12.95,B
2021-06-07T13:39:54,200.0,12.95,B
2021-06-07T13:39:47,2000.0,13.0,B
2021-06-07T13:39:46,200.0,13.0,B
2021-06-07T13:39:44,3000.0,12.95,B
2021-06-07T13:39:16,3000.0,13.0,B
2021-06-07T13:39:11,100.0,13.0,B
2021-06-07T13:38:55,100.0,12.95,B
2021-06-07T13:38:55,1500.0,12.95,B
2021-06-07T13:38:55,12400.0,12.95,B
2021-06-07T13:38:52,1000.0,12.9,S
2021-06-07T13:38:49,400.0,12.9,S
2021-06-07T13:38:43,100.0,12.95,B
2021-06-07T13:38:42,500.0,12.95,B
2021-06-07T13:38:40,100.0,12.95,B
2021-06-07T13:38:30,2100.0,12.9,S
2021-06-07T13:38:20,500.0,12.95,B
2021-06-07T13:38:15,2000.0,12.9,S
2021-06-07T13:38:08,1000.0,12.9,S
2021-06-07T13:38:04,1000.0,12.9,S
2021-06-07T13:37:53,1500.0,12.95,B
2021-06-07T13:37:49,100.0,12.95,B
2021-06-07T13:37:43,200.0,12.95,B
2021-06-07T13:37:42,600.0,12.9,S
2021-06-07T13:37:40,500.0,12.9,S
2021-06-07T13:37:40,2000.0,12.95,B
2021-06-07T13:37:32,1700.0,12.9,S
2021-06-07T13:37:18,1200.0,12.9,S
2021-06-07T13:37:15,1000.0,12.9,S
2021-06-07T13:37:12,600.0,12.9,S
2021-06-07T13:36:58,2000.0,12.9,S
2021-06-07T13:36:53,100.0,12.95,B
2021-06-07T13:36:46,200.0,12.95,B
2021-06-07T13:36:31,500.0,12.95,B
2021-06-07T13:36:03,12500.0,12.9,B
2021-06-07T13:35:48,5600.0,12.9,B
2021-06-07T13:35:48,2000.0,12.9,B
2021-06-07T13:35:48,3000.0,12.9,B
2021-06-07T13:35:48,1600.0,12.9,B
2021-06-07T13:35:48,700.0,12.9,B
2021-06-07T13:35:48,700.0,12.9,B
2021-06-07T13:35:47,6400.0,12.9,B
2021-06-07T13:35:43,100.0,12.9,B
2021-06-07T13:35:34,1000.0,12.9,B
2021-06-07T13:35:28,1500.0,12.9,B
2021-06-07T13:35:23,100.0,12.95,B
2021-06-07T13:35:18,2800.0,12.9,B
2021-06-07T13:35:08,300.0,12.95,B
2021-06-07T13:35:01,100.0,12.9,B
2021-06-07T13:34:54,500.0,12.9,B
2021-06-07T13:34:43,2000.0,12.9,B
2021-06-07T13:34:43,3000.0,12.9,B
2021-06-07T13:34:26,1500.0,12.9,B
2021-06-07T13:34:24,500.0,12.9,B
2021-06-07T13:34:07,200.0,12.9,B
2021-06-07T13:34:00,100.0,12.9,B
2021-06-07T13:33:56,800.0,12.9,B
2021-06-07T13:33:52,1000.0,12.9,B
2021-06-07T13:33:50,1200.0,12.9,B
2021-06-07T13:33:38,10500.0,12.9,B
2021-06-07T13:33:36,200.0,12.9,B
2021-06-07T13:33:27,200.0,12.9,B
2021-06-07T13:33:17,1000.0,12.9,B
2021-06-07T13:33:13,5000.0,12.9,B
2021-06-07T13:33:12,400.0,12.9,B
2021-06-07T13:33:12,10000.0,12.9,B
2021-06-07T13:33:11,100.0,12.9,B
2021-06-07T13:33:11,1000.0,12.9,B
2021-06-07T13:33:11,200.0,12.9,B
2021-06-07T13:33:11,2700.0,12.9,B
2021-06-07T13:33:10,300.0,12.9,B
2021-06-07T13:33:05,100.0,12.9,B
2021-06-07T13:33:05,500.0,12.9,B
2021-06-07T13:33:04,500.0,12.9,B
2021-06-07T13:33:03,200.0,12.9,B
2021-06-07T13:33:02,3000.0,12.9,B
2021-06-07T13:33:02,1000.0,12.9,B
2021-06-07T13:32:55,2000.0,12.85,S
2021-06-07T13:32:51,200.0,12.9,B
2021-06-07T13:32:51,100.0,12.9,B
2021-06-07T13:32:47,200.0,12.9,B
2021-06-07T13:32:39,200.0,12.9,B
2021-06-07T13:32:35,10100.0,12.9,B
2021-06-07T13:32:30,10000.0,12.9,B
2021-06-07T13:32:26,100.0,12.9,B
2021-06-07T13:31:56,100.0,12.9,B
2021-06-07T13:31:45,800.0,12.9,B
2021-06-07T13:31:44,3600.0,12.9,B
2021-06-07T13:31:41,2000.0,12.9,B
2021-06-07T13:31:36,1500.0,12.9,B
2021-06-07T13:31:32,10000.0,12.9,B
2021-06-07T13:31:27,10000.0,12.9,B
2021-06-07T13:31:26,800.0,12.9,B
2021-06-07T13:31:24,500.0,12.9,B
2021-06-07T13:31:21,100.0,12.9,B
2021-06-07T13:31:19,200.0,12.9,B
2021-06-07T13:31:19,44000.0,12.9,B
2021-06-07T13:31:17,1000.0,12.9,B
2021-06-07T13:31:16,200.0,12.9,B
2021-06-07T13:31:09,1000.0,12.9,B
2021-06-07T13:31:05,2000.0,12.9,B
2021-06-07T13:30:36,200.0,12.9,B
2021-06-07T13:30:28,2500.0,12.9,B
2021-06-07T13:30:25,3000.0,12.9,S
2021-06-07T13:30:23,500.0,12.9,S
2021-06-07T13:30:21,200.0,12.9,S
2021-06-07T13:30:08,100.0,12.9,S
2021-06-07T13:30:07,500.0,12.9,S
2021-06-07T13:30:06,2000.0,12.9,S
2021-06-07T13:29:57,100.0,12.9,S
2021-06-07T13:29:57,400.0,12.9,S
2021-06-07T13:29:57,500.0,12.9,S
2021-06-07T13:29:56,1000.0,12.9,S
2021-06-07T13:29:54,200.0,12.9,S
2021-06-07T13:29:51,500.0,12.9,S
2021-06-07T13:29:49,200.0,12.9,S
2021-06-07T13:29:49,1000.0,12.9,S
2021-06-07T13:29:48,100.0,12.9,S
2021-06-07T13:29:47,4000.0,12.9,S
2021-06-07T13:29:46,3000.0,12.85,S
2021-06-07T13:29:39,3000.0,12.9,S
2021-06-07T13:29:34,1000.0,12.9,S
2021-06-07T13:29:29,5000.0,12.9,S
2021-06-07T13:29:27,500.0,12.9,S
2021-06-07T13:29:24,200.0,12.9,S
2021-06-07T13:29:23,200.0,12.9,S
2021-06-07T13:29:17,400.0,12.9,S
2021-06-07T13:29:14,5000.0,12.9,S
2021-06-07T13:29:09,100.0,12.9,S
2021-06-07T13:29:00,3900.0,12.9,S
2021-06-07T13:28:35,500.0,12.9,S
2021-06-07T13:28:34,200.0,12.9,S
2021-06-07T13:28:28,100.0,12.9,S
2021-06-07T13:28:28,200.0,12.9,S
2021-06-07T13:28:05,2000.0,12.85,S
2021-06-07T13:28:04,1500.0,12.85,S
2021-06-07T13:28:03,33000.0,12.9,S
2021-06-07T13:28:02,4000.0,12.9,S
2021-06-07T13:27:57,200.0,12.9,S
2021-06-07T13:27:56,100.0,12.9,S
2021-06-07T13:27:54,1500.0,12.9,S
2021-06-07T13:27:50,100.0,12.9,S
2021-06-07T13:27:48,1000.0,12.9,S
2021-06-07T13:27:47,1000.0,12.85,S
2021-06-07T13:27:46,1000.0,12.9,S
2021-06-07T13:27:43,200.0,12.9,S
2021-06-07T13:27:43,100.0,12.9,S
2021-06-07T13:27:43,3100.0,12.9,S
2021-06-07T13:27:43,1200.0,12.9,S
2021-06-07T13:27:43,9000.0,12.9,S
2021-06-07T13:27:43,28300.0,12.9,S
2021-06-07T13:27:43,1500.0,12.9,S
2021-06-07T13:27:43,400.0,12.9,S
2021-06-07T13:27:43,700.0,12.9,S
2021-06-07T13:27:43,7600.0,12.9,S
2021-06-07T13:27:43,13000.0,12.9,S
2021-06-07T13:27:43,800.0,12.9,S
2021-06-07T13:27:43,100.0,12.9,S
2021-06-07T13:27:43,6100.0,12.9,S
2021-06-07T13:27:43,50900.0,12.9,S
2021-06-07T13:27:43,2800.0,12.9,S
2021-06-07T13:27:42,1100.0,12.9,S
2021-06-07T13:27:42,4600.0,12.9,S
2021-06-07T13:27:42,3600.0,12.9,S
2021-06-07T13:27:42,200.0,12.9,S
2021-06-07T13:27:42,2000.0,12.9,S
2021-06-07T13:27:42,2000.0,12.9,S
2021-06-07T13:27:42,2200.0,12.9,S
2021-06-07T13:27:42,6300.0,12.9,S
2021-06-07T13:27:42,9900.0,12.9,S
2021-06-07T13:27:42,1500.0,12.9,S
2021-06-07T13:27:42,8100.0,12.9,S
2021-06-07T13:27:42,4000.0,12.9,S
2021-06-07T13:27:42,6100.0,12.9,S
2021-06-07T13:27:42,2600.0,12.9,S
2021-06-07T13:27:41,6100.0,12.9,S
2021-06-07T13:27:41,33100.0,12.9,S
2021-06-07T13:27:41,11500.0,12.95,S
2021-06-07T13:27:41,7500.0,12.95,S
2021-06-07T13:27:41,300.0,12.95,S
2021-06-07T13:27:41,2000.0,12.95,S
2021-06-07T13:27:41,11000.0,12.95,S
2021-06-07T13:27:41,63300.0,12.95,S
2021-06-07T13:27:26,5000.0,13.0,B
2021-06-07T13:27:17,3000.0,13.0,B
2021-06-07T13:27:16,100.0,13.0,B
2021-06-07T13:26:57,1000.0,13.0,B
2021-06-07T13:26:47,1000.0,12.95,S
2021-06-07T13:26:47,5000.0,13.0,B
2021-06-07T13:26:47,200.0,13.0,B
2021-06-07T13:26:42,5000.0,13.0,B
2021-06-07T13:26:38,100.0,12.95,S
2021-06-07T13:26:34,1000.0,13.0,B
2021-06-07T13:26:33,1000.0,13.0,B
2021-06-07T13:26:29,10000.0,13.0,B
2021-06-07T13:26:26,1000.0,12.95,S
2021-06-07T13:26:24,2000.0,13.0,B
2021-06-07T13:26:22,3000.0,12.95,S
2021-06-07T13:26:12,900.0,13.0,B
2021-06-07T13:26:06,500.0,13.0,B
2021-06-07T13:26:06,500.0,13.0,B
2021-06-07T13:26:03,900.0,12.95,S
2021-06-07T13:26:02,10000.0,13.0,B
2021-06-07T13:25:57,1300.0,13.0,B
2021-06-07T13:25:56,5000.0,13.0,B
2021-06-07T13:25:56,500.0,13.0,B
2021-06-07T13:25:48,1000.0,13.0,B
2021-06-07T13:25:44,5000.0,13.0,B
2021-06-07T13:25:36,1000.0,13.0,B
2021-06-07T13:25:28,300.0,13.0,B
2021-06-07T13:25:28,1000.0,13.0,B
2021-06-07T13:25:27,1000.0,13.0,B
2021-06-07T13:25:26,500.0,13.0,B
2021-06-07T13:25:05,100.0,12.95,S
2021-06-07T13:25:01,1000.0,13.0,B
2021-06-07T13:24:42,200.0,13.0,B
2021-06-07T13:24:06,1000.0,12.95,S
2021-06-07T13:23:55,2000.0,12.95,S
2021-06-07T13:23:50,1000.0,13.0,B
2021-06-07T13:23:27,400.0,12.95,B
2021-06-07T13:23:26,10000.0,12.95,B
2021-06-07T13:23:14,400.0,12.95,B
2021-06-07T13:23:00,3000.0,12.95,B
2021-06-07T13:22:52,1000.0,12.95,B
2021-06-07T13:22:51,2000.0,12.95,B
2021-06-07T13:22:47,1000.0,13.0,B
2021-06-07T13:22:40,20000.0,12.95,B
2021-06-07T13:22:26,500.0,13.0,B
2021-06-07T13:22:16,500.0,12.95,B
2021-06-07T13:22:10,100.0,13.0,B
2021-06-07T13:22:09,2000.0,12.95,B
2021-06-07T13:22:05,1000.0,13.0,B
2021-06-07T13:22:04,100.0,12.95,B
2021-06-07T13:21:58,500.0,12.95,B
2021-06-07T13:21:58,4000.0,12.95,B
2021-06-07T13:21:58,100.0,12.95,B
2021-06-07T13:21:58,9100.0,12.95,B
2021-06-07T13:21:58,100.0,12.95,B
2021-06-07T13:21:58,5600.0,12.95,B
2021-06-07T13:21:58,2500.0,12.95,B
2021-06-07T13:21:58,12600.0,12.95,B
2021-06-07T13:21:58,900.0,12.95,B
2021-06-07T13:21:58,11500.0,12.95,B
2021-06-07T13:21:57,2000.0,12.95,B
2021-06-07T13:21:53,2000.0,12.9,S
2021-06-07T13:21:46,4500.0,12.9,S
2021-06-07T13:21:45,1000.0,12.95,B
2021-06-07T13:21:37,100.0,12.95,B
2021-06-07T13:21:37,1500.0,12.9,S
2021-06-07T13:21:36,10000.0,12.9,S
2021-06-07T13:21:01,200.0,12.9,S
2021-06-07T13:20:56,500.0,12.9,S
2021-06-07T13:20:52,300.0,12.95,B
2021-06-07T13:20:40,200.0,12.9,S
2021-06-07T13:20:38,1000.0,12.95,B
2021-06-07T13:20:37,200.0,12.9,S
2021-06-07T13:20:25,5000.0,12.95,B
2021-06-07T13:20:25,500.0,12.9,S
2021-06-07T13:20:21,500.0,12.95,B
2021-06-07T13:20:21,500.0,12.95,B
2021-06-07T13:20:19,100.0,12.95,B
2021-06-07T13:20:19,300.0,12.9,S
2021-06-07T13:20:13,200.0,12.9,S
2021-06-07T13:20:06,1000.0,12.9,S
2021-06-07T13:20:06,700.0,12.95,B
2021-06-07T13:20:06,100.0,12.95,B
2021-06-07T13:20:06,4200.0,12.95,B
2021-06-07T13:20:03,1000.0,12.9,S
2021-06-07T13:19:52,3000.0,12.95,B
2021-06-07T13:19:39,1000.0,12.95,B
2021-06-07T13:19:34,10000.0,12.9,S
2021-06-07T13:19:33,2000.0,12.95,B
2021-06-07T13:19:27,6900.0,12.9,S
2021-06-07T13:19:16,1000.0,12.95,B
2021-06-07T13:19:14,20000.0,12.9,S
2021-06-07T13:19:13,1500.0,12.9,S
2021-06-07T13:19:06,500.0,12.9,S
2021-06-07T13:19:06,20000.0,12.9,S
2021-06-07T13:19:02,2000.0,12.9,S
2021-06-07T13:19:00,1000.0,12.95,B
2021-06-07T13:18:59,10000.0,12.95,B
2021-06-07T13:18:56,100.0,12.9,S
2021-06-07T13:18:56,18000.0,12.9,S
2021-06-07T13:18:50,400.0,12.9,S
2021-06-07T13:18:47,1000.0,12.9,S
2021-06-07T13:18:42,3000.0,12.95,B
2021-06-07T13:18:41,100.0,12.95,B
2021-06-07T13:18:41,11000.0,12.95,B
2021-06-07T13:18:38,2000.0,12.9,S
2021-06-07T13:18:22,5100.0,12.95,B
2021-06-07T13:18:22,5500.0,12.95,B
2021-06-07T13:18:22,24400.0,12.95,B
2021-06-07T13:18:22,50000.0,12.95,B
2021-06-07T13:18:10,100.0,12.9,S
2021-06-07T13:18:07,1000.0,12.9,S
2021-06-07T13:18:01,400.0,12.9,S
2021-06-07T13:17:59,500.0,12.9,S
2021-06-07T13:17:52,300.0,12.9,S
2021-06-07T13:17:46,1000.0,12.95,B
2021-06-07T13:17:37,500.0,12.95,B
2021-06-07T13:17:33,1800.0,12.9,S
2021-06-07T13:17:30,500.0,12.9,S
2021-06-07T13:17:29,4600.0,12.85,S
2021-06-07T13:17:27,5400.0,12.9,S
2021-06-07T13:17:27,100.0,12.9,S
2021-06-07T13:17:19,1000.0,12.95,B
2021-06-07T13:17:19,500.0,12.9,S
2021-06-07T13:17:03,100.0,12.9,B
2021-06-07T13:17:02,1000.0,12.9,B
2021-06-07T13:16:49,10000.0,12.95,B
2021-06-07T13:16:49,1000.0,12.9,B
2021-06-07T13:16:47,4000.0,12.9,B
2021-06-07T13:16:44,1600.0,12.85,S
2021-06-07T13:16:43,1100.0,12.9,B
2021-06-07T13:16:40,1000.0,12.9,B
2021-06-07T13:16:39,100.0,12.9,B
2021-06-07T13:16:38,1000.0,12.9,B
2021-06-07T13:16:35,100.0,12.9,B
2021-06-07T13:16:30,1700.0,12.9,B
2021-06-07T13:16:28,300.0,12.9,B
2021-06-07T13:16:15,300.0,12.85,S
2021-06-07T13:16:13,15200.0,12.95,B
2021-06-07T13:16:13,1800.0,12.9,B
2021-06-07T13:16:13,13000.0,12.9,B
2021-06-07T13:16:11,300.0,12.9,B
2021-06-07T13:16:06,200.0,12.85,S
2021-06-07T13:16:05,1000.0,12.9,B
2021-06-07T13:16:05,3000.0,12.85,S
2021-06-07T13:16:04,200.0,12.9,B
2021-06-07T13:15:59,200.0,12.9,B
2021-06-07T13:15:58,200.0,12.9,B
2021-06-07T13:15:56,100.0,12.9,B
2021-06-07T13:15:55,3000.0,12.85,S
2021-06-07T13:15:54,9500.0,12.9,B
2021-06-07T13:15:35,100.0,12.9,B
2021-06-07T13:15:27,1000.0,12.85,S
2021-06-07T13:15:24,10000.0,12.9,B
2021-06-07T13:15:21,2000.0,12.9,B
2021-06-07T13:15:19,10000.0,12.9,B
2021-06-07T13:15:17,200.0,12.9,B
2021-06-07T13:15:05,200.0,12.85,S
2021-06-07T13:15:05,10000.0,12.9,B
2021-06-07T13:14:50,1000.0,12.9,B
2021-06-07T13:14:44,2000.0,12.85,S
2021-06-07T13:14:43,2000.0,12.9,B
2021-06-07T13:14:42,5000.0,12.85,S
2021-06-07T13:14:39,1500.0,12.9,B
2021-06-07T13:14:39,1000.0,12.9,B
2021-06-07T13:14:36,100.0,12.9,B
2021-06-07T13:14:29,1000.0,12.85,S
2021-06-07T13:14:29,2000.0,12.9,B
2021-06-07T13:14:26,10000.0,12.85,S
2021-06-07T13:14:25,1000.0,12.9,B
2021-06-07T13:14:22,5000.0,12.9,B
2021-06-07T13:14:18,2000.0,12.9,B
2021-06-07T13:14:04,1000.0,12.9,B
2021-06-07T13:13:20,100.0,12.9,B
2021-06-07T13:13:19,100.0,12.9,B
2021-06-07T13:12:57,1000.0,12.9,B
2021-06-07T13:12:54,1000.0,12.9,B
2021-06-07T13:12:52,100.0,12.9,B
2021-06-07T13:12:50,1000.0,12.9,B
2021-06-07T13:12:44,100.0,12.9,B
2021-06-07T13:12:43,100.0,12.85,S
2021-06-07T13:12:28,800.0,12.85,S
2021-06-07T13:12:25,100.0,12.85,S
2021-06-07T13:12:22,2000.0,12.85,S
2021-06-07T13:12:12,200.0,12.85,S
2021-06-07T13:11:57,1000.0,12.9,B
2021-06-07T13:11:48,1000.0,12.85,S
2021-06-07T13:11:47,2000.0,12.9,B
2021-06-07T13:11:47,2000.0,12.9,B
2021-06-07T13:11:46,900.0,12.9,B
2021-06-07T13:11:36,1000.0,12.9,B
2021-06-07T13:11:33,2100.0,12.9,B
2021-06-07T13:11:23,600.0,12.95,B
2021-06-07T13:11:23,4400.0,12.95,B
2021-06-07T13:11:23,900.0,12.9,B
2021-06-07T13:11:23,4100.0,12.9,B
2021-06-07T13:11:16,100.0,12.9,B
2021-06-07T13:11:16,1000.0,12.9,B
2021-06-07T13:11:13,400.0,12.85,S
2021-06-07T13:11:11,2200.0,12.85,S
2021-06-07T13:11:03,300.0,12.85,S
2021-06-07T13:10:54,4000.0,12.85,S
2021-06-07T13:10:52,3000.0,12.9,B
2021-06-07T13:10:52,15000.0,12.9,B
2021-06-07T13:10:52,1400.0,12.9,B
2021-06-07T13:10:52,30000.0,12.9,B
2021-06-07T13:10:52,3600.0,12.9,B
2021-06-07T13:10:51,1000.0,12.9,B
2021-06-07T13:10:46,100.0,12.9,B
2021-06-07T13:10:45,6800.0,12.9,B
2021-06-07T13:10:43,100.0,12.9,B
2021-06-07T13:10:38,500.0,12.9,B
2021-06-07T13:10:38,500.0,12.9,B
2021-06-07T13:10:38,1200.0,12.9,B
2021-06-07T13:10:38,100.0,12.9,B
2021-06-07T13:10:37,700.0,12.9,B
2021-06-07T13:10:35,100.0,12.9,B
2021-06-07T13:10:17,5000.0,12.9,B
2021-06-07T13:10:10,100.0,12.9,B
2021-06-07T13:09:58,1000.0,12.9,B
2021-06-07T13:09:47,3000.0,12.9,B
2021-06-07T13:09:45,200.0,12.9,B
2021-06-07T13:09:20,20000.0,12.85,S
2021-06-07T13:09:17,1000.0,12.9,B
2021-06-07T13:09:13,100.0,12.85,S
2021-06-07T13:08:53,3000.0,12.85,S
2021-06-07T13:08:49,500.0,12.9,B
2021-06-07T13:08:49,500.0,12.9,B
2021-06-07T13:08:47,200.0,12.9,B
2021-06-07T13:08:47,1000.0,12.85,S
2021-06-07T13:08:47,5000.0,12.85,S
2021-06-07T13:08:42,7000.0,12.85,S
2021-06-07T13:08:42,400.0,12.85,S
2021-06-07T13:08:42,600.0,12.85,S
2021-06-07T13:08:30,1000.0,12.9,B
2021-06-07T13:08:30,1000.0,12.85,S
2021-06-07T13:08:11,2000.0,12.85,S
2021-06-07T13:08:10,200.0,12.9,B
2021-06-07T13:08:09,800.0,12.85,S
2021-06-07T13:08:09,1000.0,12.85,S
2021-06-07T13:08:09,5000.0,12.85,S
2021-06-07T13:08:04,1000.0,12.85,S
2021-06-07T13:08:03,1000.0,12.9,B
2021-06-07T13:07:57,4500.0,12.85,S
2021-06-07T13:07:52,1000.0,12.85,S
2021-06-07T13:07:26,1000.0,12.9,B
2021-06-07T13:07:20,700.0,12.85,S
2021-06-07T13:07:17,500.0,12.85,S
2021-06-07T13:07:15,100.0,12.85,S
2021-06-07T13:07:12,300.0,12.85,S
2021-06-07T13:07:01,2200.0,12.9,B
2021-06-07T13:07:01,4100.0,12.9,B
2021-06-07T13:07:00,24900.0,12.9,B
2021-06-07T13:06:56,4100.0,12.85,B
2021-06-07T13:06:55,100.0,12.85,B
2021-06-07T13:06:52,1000.0,12.9,B
2021-06-07T13:06:42,5000.0,12.9,B
2021-06-07T13:06:41,100.0,12.9,B
2021-06-07T13:06:41,200.0,12.9,B
2021-06-07T13:06:41,3000.0,12.85,B
2021-06-07T13:06:39,2100.0,12.9,B
2021-06-07T13:06:36,4500.0,12.85,B
2021-06-07T13:06:36,500.0,12.85,B
2021-06-07T13:06:33,500.0,12.9,B
2021-06-07T13:06:33,100.0,12.9,B
2021-06-07T13:06:24,400.0,12.9,B
2021-06-07T13:06:23,500.0,12.9,B
2021-06-07T13:06:20,1000.0,12.9,B
2021-06-07T13:06:16,1000.0,12.9,B
2021-06-07T13:06:15,800.0,12.85,B
2021-06-07T13:05:57,100.0,12.85,B
2021-06-07T13:05:56,2000.0,12.85,B
2021-06-07T13:05:48,2000.0,12.85,B
2021-06-07T13:05:45,5500.0,12.85,B
2021-06-07T13:05:40,600.0,12.85,B
2021-06-07T13:05:38,1600.0,12.85,B
2021-06-07T13:05:32,200.0,12.85,B
2021-06-07T13:05:32,200.0,12.9,B
2021-06-07T13:05:31,2000.0,12.9,B
2021-06-07T13:05:31,3000.0,12.85,B
2021-06-07T13:05:28,200.0,12.9,B
2021-06-07T13:05:25,100.0,12.85,B
2021-06-07T13:05:22,100.0,12.85,B
2021-06-07T13:05:17,2000.0,12.9,B
2021-06-07T13:05:16,2000.0,12.9,B
2021-06-07T13:05:09,200.0,12.85,B
2021-06-07T13:05:06,1000.0,12.85,B
2021-06-07T13:04:59,10000.0,12.85,B
2021-06-07T13:04:52,2000.0,12.85,B
2021-06-07T13:04:52,500.0,12.85,B
2021-06-07T13:04:41,10000.0,12.85,B
2021-06-07T13:04:37,1000.0,12.85,B
2021-06-07T13:04:32,1000.0,12.9,B
2021-06-07T13:04:29,11700.0,12.85,B
2021-06-07T13:04:27,1000.0,12.85,B
2021-06-07T13:04:22,2300.0,12.8,S
2021-06-07T13:04:21,300.0,12.85,B
2021-06-07T13:04:20,400.0,12.85,B
2021-06-07T13:04:14,400.0,12.85,B
2021-06-07T13:04:14,200.0,12.85,B
2021-06-07T13:04:12,300.0,12.8,S
2021-06-07T13:04:10,100.0,12.85,B
2021-06-07T13:04:07,100.0,12.85,B
2021-06-07T13:04:07,300.0,12.85,B
2021-06-07T13:04:06,1000.0,12.8,S
2021-06-07T13:04:06,100.0,12.85,B
2021-06-07T13:04:05,200.0,12.85,B
2021-06-07T13:04:02,500.0,12.8,S
2021-06-07T13:03:59,100.0,12.85,B
2021-06-07T13:03:59,100.0,12.85,B
2021-06-07T13:03:57,100.0,12.85,B
2021-06-07T13:03:53,1000.0,12.8,S
2021-06-07T13:03:53,100.0,12.85,B
2021-06-07T13:03:48,500.0,12.85,B
2021-06-07T13:03:46,700.0,12.85,B
2021-06-07T13:03:46,500.0,12.85,B
2021-06-07T13:03:44,100.0,12.85,B
2021-06-07T13:03:43,12000.0,12.8,S
2021-06-07T13:03:43,300.0,12.85,B
2021-06-07T13:03:41,4000.0,12.85,B
2021-06-07T13:03:40,500.0,12.85,B
2021-06-07T13:03:27,800.0,12.85,B
2021-06-07T13:03:24,100.0,12.85,B
2021-06-07T13:03:24,1000.0,12.85,B
2021-06-07T13:03:18,1600.0,12.8,S
2021-06-07T13:03:16,100.0,12.85,B
2021-06-07T13:03:13,100.0,12.85,B
2021-06-07T13:03:00,500.0,12.85,B
2021-06-07T13:02:56,1200.0,12.8,S
2021-06-07T13:02:56,1500.0,12.8,S
2021-06-07T13:02:56,500.0,12.8,S
2021-06-07T13:02:56,1500.0,12.8,S
2021-06-07T13:02:56,3100.0,12.8,S
2021-06-07T13:02:55,2500.0,12.8,S
2021-06-07T13:02:55,2100.0,12.8,S
2021-06-07T13:02:55,900.0,12.8,S
2021-06-07T13:02:55,5500.0,12.8,S
2021-06-07T13:02:55,1400.0,12.8,S
2021-06-07T13:02:55,3500.0,12.8,S
2021-06-07T13:02:55,500.0,12.8,S
2021-06-07T13:02:54,800.0,12.8,S
2021-06-07T13:02:51,6000.0,12.95,B
2021-06-07T13:02:51,3100.0,12.95,B
2021-06-07T13:02:51,500.0,12.95,B
2021-06-07T13:02:51,52000.0,12.95,B
2021-06-07T13:02:51,600.0,12.95,B
2021-06-07T13:02:51,6700.0,12.95,B
2021-06-07T13:02:51,7100.0,12.9,B
2021-06-07T13:02:51,6000.0,12.9,B
2021-06-07T13:02:47,2000.0,12.8,S
2021-06-07T13:02:39,200.0,12.9,B
2021-06-07T13:02:38,500.0,12.85,B
2021-06-07T13:02:29,800.0,12.8,S
2021-06-07T13:02:29,700.0,12.85,B
2021-06-07T13:02:28,1000.0,12.85,B
2021-06-07T13:02:20,100.0,12.9,B
2021-06-07T13:02:17,300.0,12.9,B
2021-06-07T13:02:12,100.0,12.85,B
2021-06-07T13:02:09,100.0,12.9,B
2021-06-07T13:02:04,100.0,12.85,B
2021-06-07T13:02:02,1500.0,12.85,B
2021-06-07T13:01:59,500.0,12.9,B
2021-06-07T13:01:56,20000.0,12.95,B
2021-06-07T13:01:51,100.0,12.9,B
2021-06-07T13:01:38,100.0,12.9,B
2021-06-07T13:01:36,1800.0,12.9,B
2021-06-07T13:01:32,200.0,12.9,B
2021-06-07T13:01:30,300.0,12.8,S
2021-06-07T13:01:30,10000.0,12.8,S
2021-06-07T13:01:29,100.0,12.9,B
2021-06-07T13:01:25,1200.0,12.8,S
2021-06-07T13:01:25,6100.0,12.85,B
2021-06-07T13:01:24,200.0,12.9,B
2021-06-07T13:01:20,500.0,12.9,B
2021-06-07T13:01:18,4600.0,12.9,B
2021-06-07T13:01:17,300.0,12.9,B
2021-06-07T13:01:17,100.0,12.9,B
2021-06-07T13:01:15,5200.0,12.9,B
2021-06-07T13:01:15,200.0,12.9,B
2021-06-07T13:01:15,9600.0,12.9,B
2021-06-07T13:01:14,500.0,12.9,B
2021-06-07T13:01:10,1200.0,12.85,B
2021-06-07T13:01:09,500.0,12.85,B
2021-06-07T13:01:07,1000.0,12.85,B
2021-06-07T13:01:02,500.0,12.85,B
2021-06-07T13:01:01,1900.0,12.85,B
2021-06-07T13:01:00,1000.0,12.8,S
2021-06-07T13:00:55,100.0,12.85,B
2021-06-07T13:00:51,400.0,12.85,B
2021-06-07T13:00:45,200.0,12.9,B
2021-06-07T13:00:44,200.0,12.8,S
2021-06-07T13:00:40,1200.0,12.8,S
2021-06-07T13:00:39,100.0,12.8,S
2021-06-07T13:00:36,800.0,12.9,B
2021-06-07T13:00:36,200.0,12.9,B
2021-06-07T13:00:21,100.0,12.9,B
2021-06-07T13:00:21,900.0,12.8,S
2021-06-07T13:00:21,500.0,12.9,B
2021-06-07T13:00:21,100.0,12.85,B
2021-06-07T13:00:21,2000.0,12.85,B
2021-06-07T13:00:21,2000.0,12.85,B
2021-06-07T13:00:19,20900.0,12.95,B
2021-06-07T13:00:19,1600.0,12.95,B
2021-06-07T13:00:19,1600.0,12.9,B
2021-06-07T13:00:19,9900.0,12.9,B
2021-06-07T13:00:19,400.0,12.8,S
2021-06-07T13:00:17,1000.0,12.85,B
2021-06-07T13:00:17,9000.0,12.85,B
2021-06-07T13:00:15,100.0,12.85,B
2021-06-07T13:00:15,200.0,12.8,S
2021-06-07T13:00:15,500.0,12.8,S
2021-06-07T13:00:15,100.0,12.85,B
2021-06-07T11:34:14,2500.0,12.9,S
2021-06-07T11:34:14,500.0,12.85,S
2021-06-07T11:34:14,600.0,12.85,S
2021-06-07T11:34:14,1400.0,12.85,S
2021-06-07T11:34:14,100.0,12.85,S
2021-06-07T11:34:14,400.0,12.85,S
2021-06-07T11:34:09,1100.0,12.85,S
2021-06-07T11:34:04,5000.0,12.85,S
2021-06-07T11:34:04,1000.0,12.85,S
2021-06-07T11:34:04,200.0,12.8,S
2021-06-07T11:33:59,100.0,12.85,S
2021-06-07T11:33:59,100.0,12.85,S
2021-06-07T11:33:59,500.0,12.85,S
2021-06-07T11:33:59,500.0,12.85,S
2021-06-07T11:33:59,100.0,12.85,S
2021-06-07T11:33:49,3000.0,12.85,S
2021-06-07T11:33:44,3000.0,12.9,S
2021-06-07T11:33:39,3000.0,12.9,S
2021-06-07T11:33:39,5000.0,12.9,S
2021-06-07T11:33:34,500.0,12.9,S
2021-06-07T11:33:34,2000.0,12.9,S
2021-06-07T11:33:24,100.0,12.9,S
2021-06-07T11:33:19,800.0,12.9,S
2021-06-07T11:33:19,200.0,12.85,S
2021-06-07T11:33:09,400.0,12.85,S
2021-06-07T11:33:04,700.0,12.85,S
2021-06-07T11:33:04,100.0,12.85,S
2021-06-07T11:32:59,600.0,12.85,S
2021-06-07T11:32:59,700.0,12.9,S
2021-06-07T11:32:59,400.0,12.85,S
2021-06-07T11:32:59,3600.0,12.85,S
2021-06-07T11:32:54,100.0,12.9,S
2021-06-07T11:32:44,200.0,12.85,S
2021-06-07T11:32:44,100.0,12.9,S
2021-06-07T11:32:39,5000.0,12.9,S
2021-06-07T11:32:39,500.0,12.9,S
2021-06-07T11:32:39,1800.0,12.85,S
2021-06-07T11:32:39,1200.0,12.85,S
2021-06-07T11:32:34,1100.0,12.9,S
2021-06-07T11:32:29,100.0,12.9,S
2021-06-07T11:32:24,500.0,12.9,S
2021-06-07T11:32:24,200.0,12.85,S
2021-06-07T11:32:24,3000.0,12.9,S
2021-06-07T11:32:24,28500.0,12.85,S
2021-06-07T11:32:19,58600.0,12.8,S
2021-06-07T11:32:14,1000.0,12.9,S
2021-06-07T11:32:14,600.0,12.9,S
2021-06-07T11:32:14,1000.0,12.9,S
2021-06-07T11:32:09,600.0,12.85,S
2021-06-07T11:32:09,1000.0,12.85,S
2021-06-07T11:32:09,1000.0,12.9,S
2021-06-07T11:32:04,1000.0,12.9,S
2021-06-07T11:32:04,100.0,12.85,S
2021-06-07T11:31:59,1000.0,12.85,S
2021-06-07T11:31:54,200.0,12.85,S
2021-06-07T11:31:54,100.0,12.85,S
2021-06-07T11:31:49,400.0,12.85,S
2021-06-07T11:31:49,5300.0,12.85,S
2021-06-07T11:31:49,7300.0,12.85,S
2021-06-07T11:31:49,2500.0,12.85,S
2021-06-07T11:31:49,10300.0,12.85,S
2021-06-07T11:31:49,2000.0,12.85,S
2021-06-07T11:31:49,400.0,12.85,S
2021-06-07T11:31:49,1300.0,12.85,S
2021-06-07T11:31:44,100.0,12.9,S
2021-06-07T11:31:29,1000.0,12.95,B
2021-06-07T11:31:24,500.0,12.9,S
2021-06-07T11:31:14,500.0,12.9,B
2021-06-07T11:31:04,2000.0,12.85,S
2021-06-07T11:30:59,500.0,12.9,B
2021-06-07T11:30:54,6000.0,12.9,B
2021-06-07T11:30:49,2400.0,12.9,B
2021-06-07T11:30:49,3000.0,12.9,B
2021-06-07T11:30:49,600.0,12.9,B
2021-06-07T11:30:49,100.0,12.95,B
2021-06-07T11:30:44,5000.0,12.95,B
2021-06-07T11:30:34,600.0,12.9,B
2021-06-07T11:30:34,100.0,12.9,B
2021-06-07T11:30:34,600.0,12.9,B
2021-06-07T11:30:29,2100.0,12.85,S
2021-06-07T11:30:29,800.0,12.9,B
2021-06-07T11:30:19,500.0,12.95,B
2021-06-07T11:30:19,5000.0,12.95,B
2021-06-07T11:30:06,5000.0,12.95,B
2021-06-07T11:30:06,300.0,12.95,B
2021-06-07T11:30:06,2800.0,12.95,B
2021-06-07T11:30:06,2200.0,12.9,B
2021-06-07T11:30:06,200.0,12.85,S
2021-06-07T11:30:04,1600.0,12.85,S
2021-06-07T11:30:02,1000.0,12.8,S
2021-06-07T11:29:55,500.0,12.9,B
2021-06-07T11:29:55,4500.0,12.9,B
2021-06-07T11:29:55,100.0,12.85,S
2021-06-07T11:29:53,100.0,12.85,S
2021-06-07T11:29:52,1000.0,12.8,S
2021-06-07T11:29:49,5000.0,12.85,S
2021-06-07T11:29:45,100.0,12.85,S
2021-06-07T11:29:45,300.0,12.85,S
2021-06-07T11:29:40,400.0,12.85,S
2021-06-07T11:29:37,700.0,12.8,S
2021-06-07T11:29:37,3900.0,12.85,S
2021-06-07T11:29:36,400.0,12.9,B
2021-06-07T11:29:36,5600.0,12.9,B
2021-06-07T11:29:35,1400.0,12.9,B
2021-06-07T11:29:30,300.0,12.85,S
2021-06-07T11:29:29,100.0,12.85,S
2021-06-07T11:29:22,500.0,12.9,B
2021-06-07T11:29:18,200.0,12.85,S
2021-06-07T11:29:17,13500.0,12.85,S
2021-06-07T11:29:16,5000.0,12.9,B
2021-06-07T11:29:09,1600.0,12.9,B
2021-06-07T11:29:04,7900.0,12.9,B
2021-06-07T11:28:56,2000.0,12.8,S
2021-06-07T11:28:55,2500.0,12.85,S
2021-06-07T11:28:52,4600.0,12.9,B
2021-06-07T11:28:44,300.0,12.9,B
2021-06-07T11:28:40,1000.0,12.9,B
2021-06-07T11:28:39,3000.0,12.9,B
2021-06-07T11:28:34,1000.0,12.9,B
2021-06-07T11:28:33,2700.0,12.9,B
2021-06-07T11:28:31,600.0,12.9,B
2021-06-07T11:28:19,500.0,12.9,B
2021-06-07T11:28:15,900.0,12.85,S
2021-06-07T11:28:15,1100.0,12.85,S
2021-06-07T11:28:12,300.0,12.9,B
2021-06-07T11:28:11,1000.0,12.9,B
2021-06-07T11:27:54,100.0,12.9,B
2021-06-07T11:27:50,100.0,12.85,S
2021-06-07T11:27:48,200.0,12.85,S
2021-06-07T11:27:48,1200.0,12.85,S
2021-06-07T11:27:48,600.0,12.85,S
2021-06-07T11:27:38,200.0,12.85,S
2021-06-07T11:27:35,100.0,12.9,B
2021-06-07T11:27:34,20000.0,12.85,S
2021-06-07T11:27:34,8400.0,12.85,S
2021-06-07T11:27:32,1000.0,12.9,B
2021-06-07T11:27:28,4000.0,12.95,B
2021-06-07T11:27:25,19700.0,12.85,S
2021-06-07T11:27:25,13700.0,12.9,B
2021-06-07T11:27:25,100.0,12.9,B
2021-06-07T11:27:25,16500.0,12.9,B
2021-06-07T11:27:19,500.0,12.95,B
2021-06-07T11:27:11,100.0,12.9,B
2021-06-07T11:27:09,600.0,12.9,B
2021-06-07T11:27:08,1000.0,12.9,B
2021-06-07T11:27:07,20000.0,12.9,B
2021-06-07T11:27:01,200.0,12.9,B
2021-06-07T11:26:55,300.0,12.9,B
2021-06-07T11:26:49,1100.0,12.9,B
2021-06-07T11:26:47,100.0,12.9,B
2021-06-07T11:26:44,3500.0,12.9,B
2021-06-07T11:26:42,500.0,12.9,B
2021-06-07T11:26:38,500.0,12.9,B
2021-06-07T11:26:36,100.0,12.9,B
2021-06-07T11:26:35,100.0,12.9,B
2021-06-07T11:26:32,400.0,12.9,B
2021-06-07T11:26:31,100.0,12.9,B
2021-06-07T11:26:31,100.0,12.9,B
2021-06-07T11:26:25,500.0,12.9,B
2021-06-07T11:26:22,4000.0,12.9,B
2021-06-07T11:26:15,500.0,12.9,B
2021-06-07T11:26:11,100.0,12.9,B
2021-06-07T11:26:10,2000.0,12.9,B
2021-06-07T11:26:09,200.0,12.9,B
2021-06-07T11:26:08,1000.0,12.9,B
2021-06-07T11:25:59,4000.0,12.9,B
2021-06-07T11:25:56,2300.0,12.9,B
2021-06-07T11:25:50,100.0,12.9,B
2021-06-07T11:25:40,41300.0,12.9,B
2021-06-07T11:25:34,1000.0,12.9,B
2021-06-07T11:25:32,3000.0,12.85,S
2021-06-07T11:25:27,1900.0,12.9,B
2021-06-07T11:25:26,200.0,12.85,S
2021-06-07T11:25:24,2000.0,12.9,B
2021-06-07T11:25:17,200.0,12.9,B
2021-06-07T11:25:17,1200.0,12.9,B
2021-06-07T11:25:14,400.0,12.9,B
2021-06-07T11:25:12,1000.0,12.85,S
2021-06-07T11:25:12,100.0,12.9,B
2021-06-07T11:25:08,7800.0,12.9,B
2021-06-07T11:25:05,2000.0,12.85,S
2021-06-07T11:25:00,1300.0,12.9,B
2021-06-07T11:25:00,1300.0,12.9,B
2021-06-07T11:25:00,500.0,12.9,B
2021-06-07T11:25:00,25300.0,12.9,B
2021-06-07T11:25:00,16500.0,12.9,B
2021-06-07T11:25:00,29100.0,12.9,B
2021-06-07T11:24:59,26000.0,12.9,B
2021-06-07T11:24:58,1000.0,12.9,B
2021-06-07T11:24:54,10800.0,12.9,B
2021-06-07T11:24:52,2000.0,12.9,B
2021-06-07T11:24:42,1000.0,12.9,B
2021-06-07T11:24:36,1000.0,12.9,B
2021-06-07T11:24:33,100.0,12.9,B
2021-06-07T11:24:28,5000.0,12.85,S
2021-06-07T11:24:27,100.0,12.9,B
2021-06-07T11:24:21,400.0,12.85,S
2021-06-07T11:24:19,1000.0,12.85,S
2021-06-07T11:24:18,700.0,12.85,S
2021-06-07T11:24:17,500.0,12.9,B
2021-06-07T11:24:07,3000.0,12.85,S
2021-06-07T11:24:04,2000.0,12.85,S
2021-06-07T11:24:01,5000.0,12.85,S
2021-06-07T11:24:00,500.0,12.9,B
2021-06-07T11:23:58,1000.0,12.9,B
2021-06-07T11:23:55,100.0,12.9,B
2021-06-07T11:23:52,100.0,12.9,B
2021-06-07T11:23:51,12000.0,12.85,S
2021-06-07T11:23:50,500.0,12.85,S
2021-06-07T11:23:47,100.0,12.85,S
2021-06-07T11:23:47,7500.0,12.9,B
2021-06-07T11:23:38,100.0,12.9,B
2021-06-07T11:23:36,100.0,12.9,B
2021-06-07T11:23:27,2000.0,12.85,S
2021-06-07T11:23:27,2000.0,12.85,S
2021-06-07T11:23:25,5000.0,12.9,B
2021-06-07T11:23:11,100.0,12.9,B
2021-06-07T11:23:08,100.0,12.85,S
2021-06-07T11:23:08,400.0,12.85,S
2021-06-07T11:23:08,600.0,12.85,S
2021-06-07T11:23:07,500.0,12.85,S
2021-06-07T11:23:03,500.0,12.85,S
2021-06-07T11:23:01,5000.0,12.9,B
2021-06-07T11:22:56,2000.0,12.9,B
2021-06-07T11:22:54,100.0,12.9,B
2021-06-07T11:22:52,500.0,12.85,S
2021-06-07T11:22:52,10000.0,12.9,B
2021-06-07T11:22:46,500.0,12.9,B
2021-06-07T11:22:45,5000.0,12.9,B
2021-06-07T11:22:41,100.0,12.9,B
2021-06-07T11:22:32,1000.0,12.9,B
2021-06-07T11:22:31,100.0,12.9,B
2021-06-07T11:22:28,100.0,12.9,B
2021-06-07T11:22:22,4000.0,12.8,S
2021-06-07T11:22:19,2000.0,12.85,S
2021-06-07T11:21:36,2900.0,12.85,S
2021-06-07T11:21:34,100.0,12.85,S
2021-06-07T11:21:27,500.0,12.9,B
2021-06-07T11:21:26,200.0,12.9,B
2021-06-07T11:21:22,1000.0,12.9,B
2021-06-07T11:21:20,1000.0,12.9,B
2021-06-07T11:21:19,6000.0,12.9,B
2021-06-07T11:21:19,1000.0,12.85,S
2021-06-07T11:21:14,1000.0,12.9,B
2021-06-07T11:21:12,10000.0,12.9,B
2021-06-07T11:21:03,300.0,12.9,B
2021-06-07T11:20:59,100.0,12.9,B
2021-06-07T11:20:56,1000.0,12.9,B
2021-06-07T11:20:41,200.0,12.8,S
2021-06-07T11:20:40,20000.0,12.8,S
2021-06-07T11:20:36,100.0,12.85,S
2021-06-07T11:20:31,2000.0,12.8,S
2021-06-07T11:20:30,5200.0,12.8,S
2021-06-07T11:20:30,2000.0,12.8,S
2021-06-07T11:20:30,10000.0,12.8,S
2021-06-07T11:20:30,2800.0,12.8,S
2021-06-07T11:20:29,300.0,12.85,S
2021-06-07T11:20:26,500.0,12.85,S
2021-06-07T11:20:20,300.0,12.8,S
2021-06-07T11:20:19,300.0,12.9,B
2021-06-07T11:20:18,4700.0,12.85,S
2021-06-07T11:20:12,9800.0,12.8,S
2021-06-07T11:20:12,17000.0,12.8,S
2021-06-07T11:20:12,8000.0,12.8,S
2021-06-07T11:20:10,5000.0,12.85,S
2021-06-07T11:20:08,100.0,12.85,S
2021-06-07T11:20:06,5000.0,12.85,S
2021-06-07T11:20:02,1000.0,12.85,S
2021-06-07T11:20:02,100.0,12.8,S
2021-06-07T11:20:02,2800.0,12.8,S
2021-06-07T11:20:00,1000.0,12.95,B
2021-06-07T11:20:00,2000.0,12.85,S
2021-06-07T11:19:57,100.0,12.95,B
2021-06-07T11:19:55,1000.0,12.95,B
2021-06-07T11:19:55,5000.0,12.95,B
2021-06-07T11:19:48,100.0,12.9,B
2021-06-07T11:19:46,1200.0,12.9,B
2021-06-07T11:19:45,500.0,12.9,B
2021-06-07T11:19:45,2100.0,12.9,B
2021-06-07T11:19:45,2400.0,12.9,B
2021-06-07T11:19:40,100.0,12.85,S
2021-06-07T11:19:40,1000.0,12.8,S
2021-06-07T11:19:34,100.0,12.8,S
2021-06-07T11:19:33,100.0,12.8,S
2021-06-07T11:19:33,4100.0,12.8,S
2021-06-07T11:19:33,200.0,12.8,S
2021-06-07T11:19:32,5000.0,12.85,S
2021-06-07T11:19:30,1900.0,12.85,S
2021-06-07T11:19:24,200.0,12.85,S
2021-06-07T11:19:23,500.0,12.85,S
2021-06-07T11:19:15,500.0,12.85,S
2021-06-07T11:19:07,500.0,12.85,S
2021-06-07T11:19:07,1000.0,12.9,B
2021-06-07T11:19:04,700.0,12.85,S
2021-06-07T11:19:01,100.0,12.9,B
2021-06-07T11:18:56,1000.0,12.85,S
2021-06-07T11:18:52,400.0,12.9,B
2021-06-07T11:18:48,100.0,12.9,B
2021-06-07T11:18:46,100.0,12.9,B
2021-06-07T11:18:43,500.0,12.85,S
2021-06-07T11:18:40,3200.0,12.9,B
2021-06-07T11:18:30,1000.0,12.85,S
2021-06-07T11:18:25,2800.0,12.85,S
2021-06-07T11:18:24,600.0,12.85,S
2021-06-07T11:18:23,1000.0,12.85,S
2021-06-07T11:18:12,500.0,12.8,S
2021-06-07T11:18:09,2000.0,12.8,S
2021-06-07T11:18:05,1000.0,12.9,B
2021-06-07T11:18:01,1100.0,12.8,S
2021-06-07T11:18:01,2100.0,12.8,S
2021-06-07T11:18:01,500.0,12.8,S
2021-06-07T11:18:01,25200.0,12.8,S
2021-06-07T11:18:01,24300.0,12.8,S
2021-06-07T11:18:01,800.0,12.8,S
2021-06-07T11:18:01,100.0,12.8,S
2021-06-07T11:18:00,5900.0,12.8,S
2021-06-07T11:17:46,200.0,12.9,B
2021-06-07T11:17:44,200.0,12.9,B
2021-06-07T11:17:37,2000.0,12.95,B
2021-06-07T11:17:32,400.0,12.9,B
2021-06-07T11:17:16,10000.0,12.85,S
2021-06-07T11:17:15,200.0,12.9,B
2021-06-07T11:17:05,500.0,12.9,B
2021-06-07T11:17:05,1500.0,12.9,B
2021-06-07T11:17:04,2000.0,12.9,B
2021-06-07T11:16:58,100.0,12.85,S
2021-06-07T11:16:48,4000.0,12.9,B
2021-06-07T11:16:48,200.0,12.85,S
2021-06-07T11:16:42,100.0,12.9,B
2021-06-07T11:16:29,1000.0,12.85,S
2021-06-07T11:16:18,500.0,12.9,B
2021-06-07T11:16:16,60000.0,12.9,B
2021-06-07T11:16:08,100.0,12.9,B
2021-06-07T11:15:49,1000.0,12.9,B
2021-06-07T11:15:42,500.0,12.9,B
2021-06-07T11:15:31,500.0,12.9,B
2021-06-07T11:15:25,5000.0,12.9,B
2021-06-07T11:15:20,500.0,12.85,S
2021-06-07T11:15:19,1000.0,12.9,S
2021-06-07T11:15:10,500.0,12.9,S
2021-06-07T11:15:07,2000.0,12.85,S
2021-06-07T11:15:06,100.0,12.9,S
2021-06-07T11:14:57,300.0,12.9,S
2021-06-07T11:14:56,1000.0,12.9,S
2021-06-07T11:14:54,7000.0,12.9,S
2021-06-07T11:14:53,3600.0,12.85,S
2021-06-07T11:14:49,1000.0,12.9,S
2021-06-07T11:14:47,500.0,12.85,S
2021-06-07T11:14:41,1000.0,12.9,S
2021-06-07T11:14:40,1000.0,12.9,S
2021-06-07T11:14:37,100.0,12.9,S
2021-06-07T11:14:35,100.0,12.9,S
2021-06-07T11:14:30,400.0,12.9,S
2021-06-07T11:14:23,300.0,12.9,S
2021-06-07T11:14:18,3000.0,12.9,S
2021-06-07T11:14:16,20000.0,12.9,S
2021-06-07T11:14:13,500.0,12.9,S
2021-06-07T11:14:07,14500.0,12.9,S
2021-06-07T11:14:05,100.0,12.85,S
2021-06-07T11:13:57,500.0,12.9,S
2021-06-07T11:13:51,5000.0,12.95,S
2021-06-07T11:13:49,2000.0,12.85,S
2021-06-07T11:13:46,500.0,12.95,S
2021-06-07T11:13:46,500.0,12.9,S
2021-06-07T11:13:45,400.0,12.9,S
2021-06-07T11:13:42,100.0,12.95,S
2021-06-07T11:13:41,100.0,12.95,S
2021-06-07T11:13:41,2000.0,12.85,S
2021-06-07T11:13:40,1000.0,12.95,S
2021-06-07T11:13:35,100.0,12.85,S
2021-06-07T11:13:22,5000.0,12.9,S
2021-06-07T11:13:19,1000.0,12.9,S
2021-06-07T11:13:17,300.0,12.9,S
2021-06-07T11:13:17,600.0,12.8,S
2021-06-07T11:13:17,300.0,12.8,S
2021-06-07T11:13:17,100.0,12.8,S
2021-06-07T11:13:16,100.0,12.9,S
2021-06-07T11:13:15,100.0,12.9,S
2021-06-07T11:13:11,1000.0,12.8,S
2021-06-07T11:13:01,2000.0,12.9,S
2021-06-07T11:12:58,100.0,12.9,S
2021-06-07T11:12:56,1100.0,12.8,S
2021-06-07T11:12:54,100.0,12.9,S
2021-06-07T11:12:52,200.0,12.8,S
2021-06-07T11:12:44,900.0,12.9,S
2021-06-07T11:12:41,100.0,12.9,S
2021-06-07T11:12:34,200.0,13.0,B
2021-06-07T11:12:34,1800.0,13.0,B
2021-06-07T11:12:31,100.0,13.0,B
2021-06-07T11:12:30,1000.0,13.0,B
2021-06-07T11:12:28,10000.0,12.8,S
2021-06-07T11:12:21,100.0,12.95,S
2021-06-07T11:12:13,300.0,12.95,S
2021-06-07T11:12:10,100.0,12.95,S
2021-06-07T11:12:02,500.0,12.95,S
2021-06-07T11:11:59,100.0,12.95,S
2021-06-07T11:11:47,200.0,12.95,S
2021-06-07T11:11:46,400.0,12.95,S
2021-06-07T11:11:27,300.0,12.95,S
2021-06-07T11:11:18,200.0,12.95,S
2021-06-07T11:11:12,15000.0,12.8,S
2021-06-07T11:11:06,300.0,12.95,S
2021-06-07T11:11:05,5000.0,12.8,S
2021-06-07T11:11:05,100.0,12.95,S
2021-06-07T11:11:03,5000.0,12.8,S
2021-06-07T11:10:51,5000.0,13.0,B
2021-06-07T11:10:36,200.0,13.0,B
2021-06-07T11:10:36,9500.0,13.0,B
2021-06-07T11:10:35,200.0,13.0,B
2021-06-07T11:10:11,500.0,13.0,B
2021-06-07T11:10:09,5300.0,13.0,B
2021-06-07T11:10:09,1000.0,13.0,B
2021-06-07T11:10:06,500.0,13.0,B
2021-06-07T11:10:05,500.0,13.0,B
2021-06-07T11:09:56,1000.0,13.0,B
2021-06-07T11:09:54,20000.0,13.0,B
2021-06-07T11:09:47,100.0,13.0,B
2021-06-07T11:09:43,100.0,13.0,B
2021-06-07T11:09:43,3000.0,13.0,B
2021-06-07T11:09:20,500.0,13.0,B
2021-06-07T11:09:14,1900.0,13.0,B
2021-06-07T11:09:14,100.0,13.0,B
2021-06-07T11:09:04,4700.0,12.8,S
2021-06-07T11:09:04,1100.0,12.9,S
2021-06-07T11:09:04,1200.0,12.9,S
2021-06-07T11:09:00,100.0,13.0,B
2021-06-07T11:08:54,10000.0,13.0,B
2021-06-07T11:08:52,100.0,13.0,B
2021-06-07T11:08:42,100.0,13.0,B
2021-06-07T11:08:38,300.0,13.0,B
2021-06-07T11:08:37,3000.0,13.0,B
2021-06-07T11:08:18,200.0,13.0,B
2021-06-07T11:08:18,800.0,13.0,B
2021-06-07T11:08:17,14500.0,12.9,S
2021-06-07T11:08:15,2000.0,13.0,B
2021-06-07T11:08:11,1300.0,13.0,B
2021-06-07T11:08:09,1000.0,13.0,B
2021-06-07T11:08:09,2000.0,12.95,S
2021-06-07T11:08:08,10000.0,13.0,B
2021-06-07T11:08:07,1600.0,13.0,B
2021-06-07T11:08:07,700.0,13.0,B
2021-06-07T11:08:07,2100.0,13.0,B
2021-06-07T11:08:07,10600.0,13.0,B
2021-06-07T11:08:04,300.0,13.0,B
2021-06-07T11:08:00,1000.0,13.0,B
2021-06-07T11:07:53,600.0,13.0,B
2021-06-07T11:07:51,1000.0,13.0,S
2021-06-07T11:07:48,500.0,12.9,S
2021-06-07T11:07:44,7000.0,13.0,S
2021-06-07T11:07:40,100.0,13.0,S
2021-06-07T11:07:38,1000.0,13.0,S
2021-06-07T11:07:33,300.0,13.0,S
2021-06-07T11:07:27,500.0,13.0,S
2021-06-07T11:07:25,900.0,13.0,S
2021-06-07T11:07:22,500.0,13.0,S
2021-06-07T11:06:57,500.0,13.0,S
2021-06-07T11:06:40,15000.0,12.8,S
2021-06-07T11:06:23,1000.0,13.0,S
2021-06-07T11:06:21,1000.0,13.0,S
2021-06-07T11:06:20,200.0,12.8,S
2021-06-07T11:06:09,100.0,13.0,S
2021-06-07T11:06:06,9000.0,13.0,S
2021-06-07T11:06:02,100.0,13.0,S
2021-06-07T11:06:01,300.0,12.8,S
2021-06-07T11:06:00,100.0,13.0,S
2021-06-07T11:05:59,200.0,13.0,S
2021-06-07T11:05:58,200.0,13.0,S
2021-06-07T11:05:53,500.0,13.0,S
2021-06-07T11:05:49,1000.0,13.0,S
2021-06-07T11:05:48,800.0,13.0,S
2021-06-07T11:05:35,1000.0,13.0,S
2021-06-07T11:05:34,19600.0,12.8,S
2021-06-07T11:05:34,5600.0,12.8,S
2021-06-07T11:05:34,2000.0,12.8,S
2021-06-07T11:05:34,600.0,12.8,S
2021-06-07T11:05:34,2200.0,12.8,S
2021-06-07T11:05:34,2700.0,12.8,S
2021-06-07T11:05:34,7100.0,12.8,S
2021-06-07T11:05:33,3100.0,12.8,S
2021-06-07T11:05:33,300.0,12.8,S
2021-06-07T11:05:33,500.0,12.8,S
2021-06-07T11:05:33,900.0,12.8,S
2021-06-07T11:05:33,1300.0,12.8,S
2021-06-07T11:05:33,1800.0,12.8,S
2021-06-07T11:05:33,2300.0,12.8,S
2021-06-07T11:05:27,4500.0,13.0,S
2021-06-07T11:05:27,100.0,13.0,S
2021-06-07T11:05:25,2000.0,13.0,S
2021-06-07T11:05:24,1000.0,13.0,S
2021-06-07T11:05:19,200.0,13.0,S
2021-06-07T11:05:13,5000.0,12.8,S
2021-06-07T11:05:12,5000.0,12.85,S
2021-06-07T11:05:12,100.0,13.0,S
2021-06-07T11:05:07,200.0,13.0,S
2021-06-07T11:05:07,300.0,13.0,S
2021-06-07T11:05:05,200.0,12.9,S
2021-06-07T11:05:02,200.0,13.0,S
2021-06-07T11:04:58,100.0,13.0,S
2021-06-07T11:04:55,200.0,13.0,S
2021-06-07T11:04:46,500.0,13.0,S
2021-06-07T11:04:41,500.0,13.0,S
2021-06-07T11:04:39,500.0,13.0,S
2021-06-07T11:04:39,5000.0,13.0,S
2021-06-07T11:04:37,300.0,13.0,S
2021-06-07T11:04:26,1000.0,13.0,S
2021-06-07T11:04:22,600.0,13.0,S
2021-06-07T11:04:15,100.0,13.0,S
2021-06-07T11:04:14,10000.0,13.0,S
2021-06-07T11:04:07,200.0,13.0,S
2021-06-07T11:04:05,200.0,13.0,S
2021-06-07T11:04:03,200.0,13.0,S
2021-06-07T11:04:02,300.0,13.0,S
2021-06-07T11:04:01,200.0,13.0,S
2021-06-07T11:04:01,100.0,13.0,S
2021-06-07T11:04:01,1200.0,13.05,S
2021-06-07T11:03:49,22100.0,13.1,B
2021-06-07T11:03:49,14400.0,13.0,S
2021-06-07T11:03:49,63500.0,13.0,S
2021-06-07T11:03:45,100.0,13.0,S
2021-06-07T11:03:43,1000.0,13.0,S
2021-06-07T11:03:19,100.0,13.0,S
2021-06-07T11:03:19,1000.0,13.0,S
2021-06-07T11:03:17,1600.0,12.8,S
2021-06-07T11:03:08,200.0,12.8,S
2021-06-07T11:03:08,3000.0,12.8,S
2021-06-07T11:03:08,3300.0,12.8,S
2021-06-07T11:03:08,5700.0,12.8,S
2021-06-07T11:03:08,48200.0,12.8,S
2021-06-07T11:03:08,7600.0,12.85,S
2021-06-07T11:02:57,100.0,13.0,S
2021-06-07T11:02:48,700.0,13.0,S
2021-06-07T11:02:46,100.0,13.0,S
2021-06-07T11:02:44,800.0,13.0,S
2021-06-07T11:02:38,400.0,13.0,S
2021-06-07T11:02:33,600.0,13.0,S
2021-06-07T11:02:17,800.0,13.0,S
2021-06-07T11:02:12,100.0,13.0,S
2021-06-07T11:02:10,1000.0,13.0,S
2021-06-07T11:02:09,1500.0,12.85,S
2021-06-07T11:02:09,2200.0,12.85,S
2021-06-07T11:02:09,1300.0,12.85,S
2021-06-07T11:02:06,2000.0,13.0,S
2021-06-07T11:02:06,500.0,13.0,S
2021-06-07T11:02:00,1500.0,13.1,B
2021-06-07T11:01:56,200.0,13.1,B
2021-06-07T11:01:49,100.0,12.85,S
2021-06-07T11:01:49,9900.0,12.85,S
2021-06-07T11:01:49,100.0,13.1,B
2021-06-07T11:01:46,100.0,12.9,S
2021-06-07T11:01:46,100.0,12.9,S
2021-06-07T11:01:46,9800.0,12.9,S
2021-06-07T11:01:43,500.0,13.1,B
2021-06-07T11:01:41,500.0,12.9,S
2021-06-07T11:01:35,300.0,13.1,B
2021-06-07T11:01:34,2700.0,12.9,S
2021-06-07T11:01:34,100.0,12.9,S
2021-06-07T11:01:34,600.0,12.9,S
2021-06-07T11:01:34,3800.0,12.9,S
2021-06-07T11:01:34,1100.0,12.9,S
2021-06-07T11:01:34,4100.0,12.9,S
2021-06-07T11:01:34,2500.0,12.9,S
2021-06-07T11:01:34,5700.0,12.9,S
2021-06-07T11:01:34,4200.0,12.9,S
2021-06-07T11:01:34,1800.0,12.9,S
2021-06-07T11:01:34,1600.0,12.9,S
2021-06-07T11:01:34,700.0,12.9,S
2021-06-07T11:01:34,1100.0,12.9,S
2021-06-07T11:01:34,10000.0,12.9,S
2021-06-07T11:01:33,1900.0,12.9,S
2021-06-07T11:01:33,2500.0,12.95,S
2021-06-07T11:01:33,1700.0,12.95,S
2021-06-07T11:01:33,2700.0,12.95,S
2021-06-07T11:01:33,3200.0,12.95,S
2021-06-07T11:01:33,100.0,12.95,S
2021-06-07T11:01:33,100.0,12.95,S
2021-06-07T11:01:33,6500.0,12.95,S
2021-06-07T11:01:33,2700.0,13.0,S
2021-06-07T11:01:33,4700.0,13.0,S
2021-06-07T11:01:33,2100.0,13.0,S
2021-06-07T11:01:33,500.0,13.0,S
2021-06-07T11:01:33,6400.0,13.0,S
2021-06-07T11:01:33,1300.0,13.0,S
2021-06-07T11:01:32,5700.0,13.0,S
2021-06-07T11:01:32,200.0,13.0,S
2021-06-07T11:01:32,10800.0,13.0,S
2021-06-07T11:01:32,6900.0,13.0,S
2021-06-07T11:01:27,5000.0,13.0,S
2021-06-07T11:01:25,2500.0,13.05,S
2021-06-07T11:01:21,400.0,13.05,S
2021-06-07T11:01:20,400.0,13.1,B
2021-06-07T11:01:14,2500.0,13.05,S
2021-06-07T11:01:09,1000.0,13.05,S
2021-06-07T11:01:04,800.0,13.1,B
2021-06-07T11:01:01,2400.0,13.05,S
2021-06-07T11:01:00,1500.0,13.05,S
2021-06-07T11:01:00,1000.0,13.1,B
2021-06-07T11:00:57,500.0,13.1,B
2021-06-07T11:00:53,10000.0,13.1,B
2021-06-07T11:00:45,200.0,13.05,S
2021-06-07T11:00:41,200.0,13.1,B
2021-06-07T11:00:36,2000.0,13.1,B
2021-06-07T11:00:36,300.0,13.1,B
2021-06-07T11:00:36,500.0,13.1,B
2021-06-07T11:00:34,10000.0,13.1,B
2021-06-07T11:00:32,100.0,13.0,S
2021-06-07T11:00:28,2000.0,13.1,B
2021-06-07T11:00:24,200.0,13.1,B
2021-06-07T11:00:24,100.0,13.1,B
2021-06-07T11:00:21,100.0,13.0,S
2021-06-07T11:00:20,1000.0,13.0,S
2021-06-07T11:00:15,4900.0,13.0,S
2021-06-07T11:00:15,11100.0,13.0,S
2021-06-07T11:00:15,8300.0,13.0,S
2021-06-07T11:00:15,1400.0,13.0,S
2021-06-07T11:00:15,4600.0,13.0,S
2021-06-07T11:00:15,1500.0,13.0,S
2021-06-07T11:00:15,300.0,13.0,S
2021-06-07T11:00:15,3100.0,13.0,S
2021-06-07T11:00:15,4000.0,13.0,S
2021-06-07T11:00:15,900.0,13.0,S
2021-06-07T11:00:15,400.0,13.0,S
2021-06-07T11:00:13,200.0,13.1,B
2021-06-07T11:00:08,300.0,13.1,B
2021-06-07T11:00:06,100.0,13.1,B
2021-06-07T11:00:04,1000.0,13.1,B
2021-06-07T11:00:02,32500.0,13.1,B
2021-06-07T11:00:02,1000.0,13.1,B
2021-06-07T11:00:02,2100.0,13.1,B
2021-06-07T11:00:02,2000.0,13.1,B
2021-06-07T11:00:02,36100.0,13.1,B
2021-06-07T11:00:02,26300.0,13.1,B
2021-06-07T10:59:54,100.0,13.1,B
2021-06-07T10:59:53,200.0,13.1,B
2021-06-07T10:59:38,3800.0,13.1,B
2021-06-07T10:59:33,5100.0,13.1,B
2021-06-07T10:59:26,5000.0,13.1,S
2021-06-07T10:59:25,500.0,13.1,S
2021-06-07T10:59:18,5000.0,13.1,S
2021-06-07T10:59:12,3600.0,13.0,S
2021-06-07T10:59:12,3800.0,13.0,S
2021-06-07T10:59:12,1400.0,13.0,S
2021-06-07T10:59:12,15000.0,13.0,S
2021-06-07T10:59:12,4000.0,13.0,S
2021-06-07T10:59:12,10100.0,13.0,S
2021-06-07T10:59:12,1100.0,13.0,S
2021-06-07T10:59:12,400.0,13.0,S
2021-06-07T10:59:12,5400.0,13.0,S
2021-06-07T10:59:12,4600.0,13.0,S
2021-06-07T10:59:12,5500.0,13.0,S
2021-06-07T10:59:12,17800.0,13.0,S
2021-06-07T10:59:12,500.0,13.0,S
2021-06-07T10:59:12,1800.0,13.0,S
2021-06-07T10:59:12,13000.0,13.0,S
2021-06-07T10:59:08,300.0,13.1,S
2021-06-07T10:59:08,600.0,13.1,S
2021-06-07T10:59:04,100.0,13.0,S
2021-06-07T10:59:01,500.0,13.1,S
2021-06-07T10:58:52,300.0,13.1,S
2021-06-07T10:58:47,200.0,13.1,S
2021-06-07T10:58:46,1000.0,13.0,S
2021-06-07T10:58:27,800.0,13.1,S
2021-06-07T10:58:20,2000.0,13.1,S
2021-06-07T10:58:15,1000.0,13.1,S
2021-06-07T10:58:06,2000.0,13.1,S
2021-06-07T10:58:01,200.0,13.1,S
2021-06-07T10:58:01,100.0,13.1,S
2021-06-07T10:57:59,200.0,13.1,S
2021-06-07T10:57:59,100.0,13.1,S
2021-06-07T10:57:54,600.0,13.1,S
2021-06-07T10:57:52,300.0,13.1,S
2021-06-07T10:57:50,300.0,13.1,S
2021-06-07T10:57:49,300.0,13.1,S
2021-06-07T10:57:36,500.0,13.05,S
2021-06-07T10:57:33,100.0,13.1,S
2021-06-07T10:57:32,100.0,13.1,S
2021-06-07T10:57:31,100.0,13.1,S
2021-06-07T10:57:29,1900.0,13.05,S
2021-06-07T10:57:20,100.0,13.05,S
2021-06-07T10:57:19,1000.0,13.05,S
2021-06-07T10:57:15,200.0,13.1,S
2021-06-07T10:57:15,1000.0,13.1,S
2021-06-07T10:57:13,200.0,13.1,S
2021-06-07T10:57:13,700.0,13.0,S
2021-06-07T10:57:13,1100.0,13.0,S
2021-06-07T10:57:13,1000.0,13.0,S
2021-06-07T10:57:08,500.0,13.1,S
2021-06-07T10:57:07,10000.0,13.1,S
2021-06-07T10:57:05,500.0,13.1,S
2021-06-07T10:56:52,500.0,13.1,S
2021-06-07T10:56:48,1100.0,13.0,S
2021-06-07T10:56:48,2200.0,13.0,S
2021-06-07T10:56:48,6700.0,13.0,S
2021-06-07T10:56:47,1500.0,13.0,S
2021-06-07T10:56:45,1800.0,13.1,S
2021-06-07T10:56:32,200.0,13.1,S
2021-06-07T10:56:30,200.0,13.1,S
2021-06-07T10:56:28,200.0,13.05,S
2021-06-07T10:56:28,400.0,13.1,S
2021-06-07T10:56:25,3000.0,13.1,S
2021-06-07T10:56:22,10000.0,13.1,S
2021-06-07T10:56:20,100.0,13.1,S
2021-06-07T10:56:20,1000.0,13.1,S
2021-06-07T10:56:19,500.0,13.05,S
2021-06-07T10:56:18,500.0,13.1,S
2021-06-07T10:56:18,100.0,13.1,S
2021-06-07T10:55:53,2700.0,13.05,S
2021-06-07T10:55:48,100.0,13.1,S
2021-06-07T10:55:40,1000.0,13.05,S
2021-06-07T10:55:38,100.0,13.1,S
2021-06-07T10:55:36,100.0,13.1,S
2021-06-07T10:55:36,1000.0,13.1,S
2021-06-07T10:55:34,1000.0,13.1,S
2021-06-07T10:55:31,300.0,13.1,S
2021-06-07T10:55:30,3500.0,13.1,S
2021-06-07T10:55:29,2000.0,13.1,S
2021-06-07T10:55:26,1000.0,13.1,S
2021-06-07T10:55:25,200.0,13.0,S
2021-06-07T10:55:24,3000.0,13.0,S
2021-06-07T10:55:23,1000.0,13.1,S
2021-06-07T10:55:20,200.0,13.1,S
2021-06-07T10:55:19,7000.0,13.0,S
2021-06-07T10:55:16,200.0,13.1,S
2021-06-07T10:55:16,1000.0,13.1,S
2021-06-07T10:55:05,100.0,13.1,S
2021-06-07T10:54:53,2400.0,13.0,S
2021-06-07T10:54:53,7800.0,13.0,S
2021-06-07T10:54:53,2000.0,13.0,S
2021-06-07T10:54:53,5500.0,13.0,S
2021-06-07T10:54:53,600.0,13.0,S
2021-06-07T10:54:53,2300.0,13.0,S
2021-06-07T10:54:53,17800.0,13.0,S
2021-06-07T10:54:53,13100.0,13.0,S
2021-06-07T10:54:53,7600.0,13.0,S
2021-06-07T10:54:53,900.0,13.0,S
2021-06-07T10:54:50,1000.0,13.1,S
2021-06-07T10:54:48,100.0,13.0,S
2021-06-07T10:54:47,300.0,13.1,S
2021-06-07T10:54:47,100.0,13.1,S
2021-06-07T10:54:46,1500.0,13.0,S
2021-06-07T10:54:44,2000.0,13.1,S
2021-06-07T10:54:42,10000.0,13.1,S
2021-06-07T10:54:41,100.0,13.1,S
2021-06-07T10:54:31,1000.0,13.05,S
2021-06-07T10:54:28,30600.0,13.1,S
2021-06-07T10:54:23,100.0,13.1,S
2021-06-07T10:54:22,100.0,13.1,S
2021-06-07T10:54:22,1000.0,13.1,S
2021-06-07T10:54:21,30000.0,13.1,S
2021-06-07T10:54:20,500.0,13.1,S
2021-06-07T10:54:11,400.0,13.1,S
2021-06-07T10:54:11,200.0,13.1,S
2021-06-07T10:54:10,100.0,13.1,S
2021-06-07T10:54:08,1000.0,13.05,S
2021-06-07T10:54:08,3100.0,13.05,S
2021-06-07T10:54:06,500.0,13.1,S
2021-06-07T10:54:04,200.0,13.0,S
2021-06-07T10:54:04,300.0,13.0,S
2021-06-07T10:54:04,1100.0,13.0,S
2021-06-07T10:54:04,3200.0,13.0,S
2021-06-07T10:54:04,900.0,13.0,S
2021-06-07T10:54:04,4300.0,13.0,S
2021-06-07T10:54:03,700.0,13.1,S
2021-06-07T10:54:00,500.0,13.1,S
2021-06-07T10:53:52,1000.0,13.1,S
2021-06-07T10:53:51,300.0,13.1,S
2021-06-07T10:53:37,7100.0,13.0,S
2021-06-07T10:53:36,300.0,13.1,S
2021-06-07T10:53:36,100000.0,13.1,S
2021-06-07T10:53:26,400.0,13.0,S
2021-06-07T10:53:25,100000.0,13.1,S
2021-06-07T10:53:24,500.0,13.1,S
2021-06-07T10:53:24,1000.0,13.1,S
2021-06-07T10:53:22,300.0,13.1,S
2021-06-07T10:53:21,400.0,13.1,S
2021-06-07T10:53:18,100.0,13.1,S
2021-06-07T10:53:17,500.0,13.0,S
2021-06-07T10:53:16,1000.0,13.1,S
2021-06-07T10:53:16,200.0,13.1,S
2021-06-07T10:53:14,100.0,13.1,S
2021-06-07T10:53:12,100.0,13.1,S
2021-06-07T10:53:04,100.0,13.1,S
2021-06-07T10:53:01,1100.0,13.1,S
2021-06-07T10:53:01,9900.0,13.0,S
2021-06-07T10:53:01,1000.0,13.05,S
2021-06-07T10:53:00,4000.0,13.1,S
2021-06-07T10:52:57,100.0,13.1,S
2021-06-07T10:52:53,100.0,13.05,S
2021-06-07T10:52:52,2000.0,13.1,S
2021-06-07T10:52:50,50000.0,13.1,S
2021-06-07T10:52:50,3000.0,13.1,S
2021-06-07T10:52:49,700.0,13.05,S
2021-06-07T10:52:46,1000.0,13.1,S
2021-06-07T10:52:45,1000.0,13.1,S
2021-06-07T10:52:42,21100.0,13.05,S
2021-06-07T10:52:40,7200.0,13.05,S
2021-06-07T10:52:29,100.0,13.1,S
2021-06-07T10:52:29,100.0,13.1,S
2021-06-07T10:52:29,1000.0,13.1,S
2021-06-07T10:52:22,6000.0,13.05,S
2021-06-07T10:52:19,500.0,13.1,S
2021-06-07T10:52:19,100.0,13.1,S
2021-06-07T10:52:18,5200.0,13.05,S
2021-06-07T10:52:18,1000.0,13.05,S
2021-06-07T10:52:18,1300.0,13.05,S
2021-06-07T10:52:17,1800.0,13.1,S
2021-06-07T10:52:17,11100.0,13.1,S
2021-06-07T10:52:17,9800.0,13.1,S
2021-06-07T10:52:17,5300.0,13.1,S
2021-06-07T10:52:17,400.0,13.1,S
2021-06-07T10:52:17,2000.0,13.1,S
2021-06-07T10:52:17,9100.0,13.1,S
2021-06-07T10:52:17,9000.0,13.1,S
2021-06-07T10:52:17,1400.0,13.1,S
2021-06-07T10:52:16,500.0,13.1,S
2021-06-07T10:52:16,400.0,13.1,S
2021-06-07T10:52:16,5000.0,13.1,S
2021-06-07T10:52:16,900.0,13.1,S
2021-06-07T10:52:16,3500.0,13.1,S
2021-06-07T10:52:16,1000.0,13.1,S
2021-06-07T10:52:16,100.0,13.1,S
2021-06-07T10:52:16,400.0,13.1,S
2021-06-07T10:52:16,5000.0,13.1,S
2021-06-07T10:52:16,2800.0,13.1,S
2021-06-07T10:52:16,3900.0,13.1,S
2021-06-07T10:52:15,200.0,13.15,B
2021-06-07T10:52:13,2200.0,13.1,S
2021-06-07T10:52:13,200.0,13.15,B
2021-06-07T10:52:01,500.0,13.15,B
2021-06-07T10:52:00,500.0,13.1,S
2021-06-07T10:51:56,900.0,13.2,B
2021-06-07T10:51:56,600.0,13.2,B
2021-06-07T10:51:56,9300.0,13.2,B
2021-06-07T10:51:56,1000.0,13.15,B
2021-06-07T10:51:56,11100.0,13.15,B
2021-06-07T10:51:56,500.0,13.15,B
2021-06-07T10:51:56,5000.0,13.15,B
2021-06-07T10:51:56,23600.0,13.15,B
2021-06-07T10:51:36,200.0,13.1,S
2021-06-07T10:51:34,1600.0,13.1,S
2021-06-07T10:51:34,2400.0,13.1,S
2021-06-07T10:51:34,100.0,13.1,S
2021-06-07T10:51:34,1300.0,13.1,S
2021-06-07T10:51:34,3200.0,13.1,S
2021-06-07T10:51:34,2500.0,13.1,S
2021-06-07T10:51:34,200.0,13.1,S
2021-06-07T10:51:34,100.0,13.1,S
2021-06-07T10:51:34,1600.0,13.1,S
2021-06-07T10:51:32,2000.0,13.1,S
2021-06-07T10:51:25,4000.0,13.1,S
2021-06-07T10:51:19,100.0,13.15,S
2021-06-07T10:51:15,100.0,13.15,S
2021-06-07T10:50:59,400.0,13.15,S
2021-06-07T10:50:46,4000.0,13.1,S
2021-06-07T10:50:41,400.0,13.1,S
2021-06-07T10:50:34,500.0,13.15,S
2021-06-07T10:50:32,1600.0,13.1,S
2021-06-07T10:50:32,2400.0,13.1,S
2021-06-07T10:50:28,3700.0,13.15,S
2021-06-07T10:50:22,5400.0,13.1,S
2021-06-07T10:50:22,10700.0,13.1,S
2021-06-07T10:50:22,2000.0,13.1,S
2021-06-07T10:50:22,16900.0,13.1,S
2021-06-07T10:50:19,100.0,13.15,S
2021-06-07T10:50:17,600.0,13.1,S
2021-06-07T10:50:17,200.0,13.1,S
2021-06-07T10:50:17,1700.0,13.1,S
2021-06-07T10:50:16,1000.0,13.15,S
2021-06-07T10:50:06,4000.0,13.1,S
2021-06-07T10:50:05,300.0,13.15,S
2021-06-07T10:49:49,200.0,13.15,S
2021-06-07T10:49:48,100.0,13.1,S
2021-06-07T10:49:47,200.0,13.15,S
2021-06-07T10:49:46,5000.0,13.1,S
2021-06-07T10:49:46,400.0,13.15,S
2021-06-07T10:49:42,1300.0,13.1,S
2021-06-07T10:49:42,300.0,13.15,S
2021-06-07T10:49:37,5000.0,13.15,S
2021-06-07T10:49:37,900.0,13.15,S
2021-06-07T10:49:37,100.0,13.15,S
2021-06-07T10:49:35,100.0,13.15,S
2021-06-07T10:49:34,6000.0,13.15,S
2021-06-07T10:49:33,5000.0,13.1,S
2021-06-07T10:49:33,1000.0,13.15,S
2021-06-07T10:49:29,100.0,13.15,S
2021-06-07T10:49:25,300.0,13.15,S
2021-06-07T10:49:23,100.0,13.1,S
2021-06-07T10:49:22,2500.0,13.15,S
2021-06-07T10:49:18,1000.0,13.1,S
2021-06-07T10:49:10,10300.0,13.1,S
2021-06-07T10:49:08,1000.0,13.1,S
2021-06-07T10:49:08,500.0,13.1,S
2021-06-07T10:49:07,1000.0,13.1,S
2021-06-07T10:49:05,1000.0,13.15,S
2021-06-07T10:49:03,12300.0,13.1,S
2021-06-07T10:49:02,500.0,13.15,S
2021-06-07T10:48:53,300.0,13.15,S
2021-06-07T10:48:49,500.0,13.1,S
2021-06-07T10:48:47,1000.0,13.1,S
2021-06-07T10:48:45,4000.0,13.1,S
2021-06-07T10:48:41,1000.0,13.15,S
2021-06-07T10:48:35,200.0,13.15,S
2021-06-07T10:48:15,300.0,13.15,S
2021-06-07T10:48:14,6000.0,13.1,S
2021-06-07T10:48:13,1000.0,13.15,S
2021-06-07T10:48:06,3100.0,13.1,S
2021-06-07T10:48:06,1700.0,13.1,S
2021-06-07T10:48:06,5200.0,13.1,S
2021-06-07T10:48:00,500.0,13.15,S
2021-06-07T10:47:48,1000.0,13.1,S
2021-06-07T10:47:48,6400.0,13.1,S
2021-06-07T10:47:48,2600.0,13.1,S
2021-06-07T10:47:48,200.0,13.1,S
2021-06-07T10:47:48,4300.0,13.1,S
2021-06-07T10:47:48,800.0,13.1,S
2021-06-07T10:47:48,200.0,13.1,S
2021-06-07T10:47:48,700.0,13.1,S
2021-06-07T10:47:48,100.0,13.1,S
2021-06-07T10:47:48,400.0,13.1,S
2021-06-07T10:47:48,600.0,13.1,S
2021-06-07T10:47:48,200.0,13.1,S
2021-06-07T10:47:48,3000.0,13.1,S
2021-06-07T10:47:48,400.0,13.1,S
2021-06-07T10:47:48,800.0,13.1,S
2021-06-07T10:47:48,5200.0,13.1,S
2021-06-07T10:47:48,100.0,13.1,S
2021-06-07T10:47:48,2200.0,13.1,S
2021-06-07T10:47:47,2200.0,13.1,S
2021-06-07T10:47:47,1000.0,13.1,S
2021-06-07T10:47:47,100.0,13.1,S
2021-06-07T10:47:47,3400.0,13.1,S
2021-06-07T10:47:47,200.0,13.1,S
2021-06-07T10:47:47,1900.0,13.1,S
2021-06-07T10:47:47,8300.0,13.1,S
2021-06-07T10:47:47,7100.0,13.1,S
2021-06-07T10:47:47,1100.0,13.1,S
2021-06-07T10:47:47,1300.0,13.1,S
2021-06-07T10:47:47,2100.0,13.1,S
2021-06-07T10:47:47,2000.0,13.1,S
2021-06-07T10:47:47,13700.0,13.1,S
2021-06-07T10:47:46,1100.0,13.2,B
2021-06-07T10:47:39,500.0,13.2,B
2021-06-07T10:47:37,1000.0,13.2,B
2021-06-07T10:47:34,1000.0,13.2,B
2021-06-07T10:47:34,500.0,13.1,S
2021-06-07T10:47:33,2000.0,13.2,B
2021-06-07T10:47:16,1400.0,13.2,B
2021-06-07T10:47:16,61400.0,13.2,B
2021-06-07T10:47:16,1500.0,13.2,B
2021-06-07T10:47:16,12500.0,13.2,B
2021-06-07T10:47:16,14800.0,13.2,B
2021-06-07T10:47:16,2100.0,13.15,S
2021-06-07T10:47:08,100.0,13.15,S
2021-06-07T10:47:07,200.0,13.15,S
2021-06-07T10:47:06,500.0,13.15,S
2021-06-07T10:47:06,11400.0,13.1,S
2021-06-07T10:47:06,400.0,13.1,S
2021-06-07T10:47:06,2000.0,13.1,S
2021-06-07T10:47:06,5600.0,13.1,S
2021-06-07T10:47:05,600.0,13.1,S
2021-06-07T10:46:55,1000.0,13.1,S
2021-06-07T10:46:55,100.0,13.15,S
2021-06-07T10:46:55,1000.0,13.1,S
2021-06-07T10:46:55,200.0,13.2,B
2021-06-07T10:46:51,12300.0,13.2,B
2021-06-07T10:46:51,4600.0,13.15,S
2021-06-07T10:46:51,33100.0,13.15,S
2021-06-07T10:46:45,6300.0,13.1,S
2021-06-07T10:46:42,5300.0,13.1,S
2021-06-07T10:46:42,100.0,13.1,S
2021-06-07T10:46:41,9500.0,13.1,S
2021-06-07T10:46:41,500.0,13.15,S
2021-06-07T10:46:36,400.0,13.15,S
2021-06-07T10:46:34,500.0,13.15,S
2021-06-07T10:46:30,500.0,13.1,S
2021-06-07T10:46:19,1000.0,13.15,S
2021-06-07T10:46:13,5500.0,13.15,S
2021-06-07T10:46:11,9000.0,13.15,S
2021-06-07T10:46:08,1000.0,13.15,S
2021-06-07T10:46:08,25900.0,13.2,B
2021-06-07T10:46:08,700.0,13.2,B
2021-06-07T10:46:08,2500.0,13.2,B
2021-06-07T10:46:08,1800.0,13.2,B
2021-06-07T10:46:08,800.0,13.2,B
2021-06-07T10:46:07,68300.0,13.2,B
2021-06-07T10:46:07,2300.0,13.2,B
2021-06-07T10:46:06,1100.0,13.1,S
2021-06-07T10:46:05,1000.0,13.1,S
2021-06-07T10:46:02,200.0,13.1,S
2021-06-07T10:46:02,900.0,13.1,S
2021-06-07T10:46:02,8900.0,13.1,S
2021-06-07T10:46:00,100.0,13.2,B
2021-06-07T10:45:58,100.0,13.2,B
2021-06-07T10:45:58,300.0,13.2,B
2021-06-07T10:45:56,3000.0,13.1,S
2021-06-07T10:45:49,100000.0,13.2,B
2021-06-07T10:45:48,100.0,13.15,S
2021-06-07T10:45:46,200.0,13.15,S
2021-06-07T10:45:46,300.0,13.15,S
2021-06-07T10:45:43,2300.0,13.15,S
2021-06-07T10:45:34,10800.0,13.1,S
2021-06-07T10:45:34,2300.0,13.1,S
2021-06-07T10:45:34,100.0,13.1,S
2021-06-07T10:45:34,2800.0,13.1,S
2021-06-07T10:45:31,100.0,13.15,S
2021-06-07T10:45:30,100.0,13.15,S
2021-06-07T10:45:21,100.0,13.15,S
2021-06-07T10:45:16,1000.0,13.15,S
2021-06-07T10:45:14,6000.0,13.1,S
2021-06-07T10:45:08,100.0,13.15,S
2021-06-07T10:44:52,2000.0,13.1,S
2021-06-07T10:44:52,900.0,13.1,S
2021-06-07T10:44:52,2100.0,13.1,S
2021-06-07T10:44:39,200.0,13.15,S
2021-06-07T10:44:39,500.0,13.15,S
2021-06-07T10:44:29,100.0,13.15,S
2021-06-07T10:44:23,400.0,13.1,S
2021-06-07T10:44:23,1100.0,13.1,S
2021-06-07T10:44:19,400.0,13.1,S
2021-06-07T10:44:19,3700.0,13.1,S
2021-06-07T10:44:19,100.0,13.1,S
2021-06-07T10:44:19,200.0,13.1,S
2021-06-07T10:44:19,5600.0,13.1,S
2021-06-07T10:44:18,1000.0,13.1,S
2021-06-07T10:44:14,100.0,13.2,B
2021-06-07T10:44:14,200.0,13.2,B
2021-06-07T10:44:09,1000.0,13.2,B
2021-06-07T10:44:05,2400.0,13.2,B
2021-06-07T10:44:01,200.0,13.2,B
2021-06-07T10:44:01,100.0,13.2,B
2021-06-07T10:43:58,2600.0,13.1,S
2021-06-07T10:43:32,100.0,13.2,B
2021-06-07T10:43:29,100000.0,13.2,B
2021-06-07T10:43:28,100.0,13.1,S
2021-06-07T10:43:28,300.0,13.1,S
2021-06-07T10:43:28,1800.0,13.1,S
2021-06-07T10:43:28,400.0,13.1,S
2021-06-07T10:43:28,2000.0,13.1,S
2021-06-07T10:43:28,800.0,13.1,S
2021-06-07T10:43:27,200.0,13.1,S
2021-06-07T10:43:27,500.0,13.1,S
2021-06-07T10:43:27,700.0,13.1,S
2021-06-07T10:43:27,200.0,13.1,S
2021-06-07T10:43:27,8000.0,13.1,S
2021-06-07T10:43:27,1900.0,13.1,S
2021-06-07T10:43:27,400.0,13.1,S
2021-06-07T10:43:27,1000.0,13.1,S
2021-06-07T10:43:27,1700.0,13.1,S
2021-06-07T10:43:25,500.0,13.1,S
2021-06-07T10:43:19,200.0,13.2,B
2021-06-07T10:43:15,1600.0,13.2,B
2021-06-07T10:43:14,100.0,13.1,S
2021-06-07T10:43:14,400.0,13.1,S
2021-06-07T10:43:14,500.0,13.1,S
2021-06-07T10:43:14,100.0,13.1,S
2021-06-07T10:43:13,100.0,13.1,S
2021-06-07T10:43:13,3000.0,13.1,S
2021-06-07T10:43:13,5800.0,13.1,S
2021-06-07T10:43:02,100.0,13.2,B
2021-06-07T10:43:00,10000.0,13.1,S
2021-06-07T10:42:59,5000.0,13.15,S
2021-06-07T10:42:58,200.0,13.15,S
2021-06-07T10:42:49,500.0,13.15,S
2021-06-07T10:42:47,5000.0,13.15,S
2021-06-07T10:42:46,600.0,13.2,B
2021-06-07T10:42:41,3100.0,13.2,B
2021-06-07T10:42:39,1000.0,13.2,B
2021-06-07T10:42:39,10000.0,13.15,S
2021-06-07T10:42:39,800.0,13.2,S
2021-06-07T10:42:35,1000.0,13.15,S
2021-06-07T10:42:35,1000.0,13.15,S
2021-06-07T10:42:34,100.0,13.2,S
2021-06-07T10:42:32,200.0,13.2,S
2021-06-07T10:42:27,1000.0,13.15,S
2021-06-07T10:42:18,3000.0,13.15,S
2021-06-07T10:42:17,700.0,13.2,S
2021-06-07T10:42:13,3000.0,13.15,S
2021-06-07T10:42:13,300.0,13.2,S
2021-06-07T10:42:07,500.0,13.2,S
2021-06-07T10:41:58,10000.0,13.15,S
2021-06-07T10:41:55,600.0,13.15,S
2021-06-07T10:41:48,1100.0,13.2,S
2021-06-07T10:41:46,300.0,13.15,S
2021-06-07T10:41:43,100.0,13.2,S
2021-06-07T10:41:42,1000.0,13.2,S
2021-06-07T10:41:36,300.0,13.2,S
2021-06-07T10:41:35,10000.0,13.2,S
2021-06-07T10:41:35,10000.0,13.2,S
2021-06-07T10:41:31,1100.0,13.15,S
2021-06-07T10:41:27,100.0,13.15,S
2021-06-07T10:41:27,4500.0,13.1,S
2021-06-07T10:41:27,1200.0,13.1,S
2021-06-07T10:41:27,200.0,13.1,S
2021-06-07T10:41:26,4100.0,13.1,S
2021-06-07T10:41:26,400.0,13.2,S
2021-06-07T10:41:20,900.0,13.2,S
2021-06-07T10:41:18,100.0,13.2,S
2021-06-07T10:41:15,100.0,13.2,S
2021-06-07T10:41:11,700.0,13.1,S
2021-06-07T10:41:11,800.0,13.1,S
2021-06-07T10:41:11,100.0,13.1,S
2021-06-07T10:41:11,400.0,13.1,S
2021-06-07T10:41:11,1000.0,13.1,S
2021-06-07T10:41:11,100.0,13.15,S
2021-06-07T10:41:10,1100.0,13.15,S
2021-06-07T10:41:07,5000.0,13.15,S
2021-06-07T10:41:04,1000.0,13.2,S
2021-06-07T10:41:00,600.0,13.15,S
2021-06-07T10:41:00,12100.0,13.15,S
2021-06-07T10:40:56,700.0,13.2,S
2021-06-07T10:40:52,300.0,13.2,S
2021-06-07T10:40:49,5300.0,13.15,S
2021-06-07T10:40:49,4700.0,13.15,S
2021-06-07T10:40:42,3000.0,13.15,S
2021-06-07T10:40:42,10000.0,13.15,S
2021-06-07T10:40:42,10000.0,13.2,S
2021-06-07T10:40:41,100.0,13.2,S
2021-06-07T10:40:36,2000.0,13.2,S
2021-06-07T10:40:32,6000.0,13.15,S
2021-06-07T10:40:31,300.0,13.2,S
2021-06-07T10:40:28,300.0,13.2,S
2021-06-07T10:40:27,1000.0,13.2,S
2021-06-07T10:40:27,100.0,13.2,S
2021-06-07T10:40:26,100.0,13.2,S
2021-06-07T10:40:23,600.0,13.2,S
2021-06-07T10:40:22,1500.0,13.2,S
2021-06-07T10:40:14,3000.0,13.15,S
2021-06-07T10:39:49,100.0,13.15,S
2021-06-07T10:39:49,2200.0,13.15,S
2021-06-07T10:39:49,300.0,13.15,S
2021-06-07T10:39:49,200.0,13.15,S
2021-06-07T10:39:49,1200.0,13.15,S
2021-06-07T10:39:49,1400.0,13.15,S
2021-06-07T10:39:49,300.0,13.15,S
2021-06-07T10:39:49,1000.0,13.15,S
2021-06-07T10:39:49,200.0,13.15,S
2021-06-07T10:39:49,200.0,13.15,S
2021-06-07T10:39:49,3900.0,13.15,S
2021-06-07T10:39:47,1000.0,13.2,S
2021-06-07T10:39:43,1100.0,13.15,S
2021-06-07T10:39:43,400.0,13.15,S
2021-06-07T10:39:39,100.0,13.2,S
2021-06-07T10:39:28,100.0,13.2,S
2021-06-07T10:39:19,200.0,13.2,S
2021-06-07T10:39:18,100.0,13.2,S
2021-06-07T10:39:14,200.0,13.2,S
2021-06-07T10:39:14,1000.0,13.2,S
2021-06-07T10:39:13,700.0,13.2,S
2021-06-07T10:39:10,100.0,13.2,S
2021-06-07T10:39:10,200.0,13.2,S
2021-06-07T10:39:10,2600.0,13.2,S
2021-06-07T10:39:10,500.0,13.2,S
2021-06-07T10:39:09,1800.0,13.2,S
2021-06-07T10:39:09,7000.0,13.2,S
2021-06-07T10:39:09,2300.0,13.2,S
2021-06-07T10:39:09,2900.0,13.2,S
2021-06-07T10:39:09,500.0,13.2,S
2021-06-07T10:39:09,400.0,13.2,S
2021-06-07T10:39:09,300.0,13.2,S
2021-06-07T10:39:09,1700.0,13.2,S
2021-06-07T10:39:09,3200.0,13.2,S
2021-06-07T10:39:09,1100.0,13.2,S
2021-06-07T10:39:09,100.0,13.2,S
2021-06-07T10:39:09,10600.0,13.2,S
2021-06-07T10:39:09,300.0,13.2,S
2021-06-07T10:39:08,100.0,13.2,S
2021-06-07T10:39:08,300.0,13.2,S
2021-06-07T10:39:08,12000.0,13.2,S
2021-06-07T10:39:08,1500.0,13.2,S
2021-06-07T10:39:08,500.0,13.2,S
2021-06-07T10:39:08,21000.0,13.2,S
2021-06-07T10:39:08,2300.0,13.2,S
2021-06-07T10:39:08,200.0,13.2,S
2021-06-07T10:39:08,5600.0,13.2,S
2021-06-07T10:39:08,600.0,13.2,S
2021-06-07T10:39:08,4000.0,13.2,S
2021-06-07T10:39:08,400.0,13.2,S
2021-06-07T10:39:08,11200.0,13.2,S
2021-06-07T10:39:08,10600.0,13.2,S
2021-06-07T10:39:08,15000.0,13.2,S
2021-06-07T10:39:08,7300.0,13.2,S
2021-06-07T10:39:08,500.0,13.2,S
2021-06-07T10:39:08,8000.0,13.2,S
2021-06-07T10:39:07,100.0,13.2,S
2021-06-07T10:39:07,10900.0,13.2,S
2021-06-07T10:39:07,6800.0,13.2,S
2021-06-07T10:39:07,5100.0,13.2,S
2021-06-07T10:39:07,21000.0,13.2,S
2021-06-07T10:39:07,8000.0,13.2,S
2021-06-07T10:39:07,200.0,13.2,S
2021-06-07T10:39:07,3800.0,13.2,S
2021-06-07T10:39:07,200.0,13.2,S
2021-06-07T10:39:07,6600.0,13.2,S
2021-06-07T10:39:07,5700.0,13.2,S
2021-06-07T10:39:07,100.0,13.2,S
2021-06-07T10:39:07,5500.0,13.2,S
2021-06-07T10:39:07,10300.0,13.2,S
2021-06-07T10:39:07,1500.0,13.2,S
2021-06-07T10:39:07,1100.0,13.2,S
2021-06-07T10:39:07,1200.0,13.2,S
2021-06-07T10:39:07,54200.0,13.2,S
2021-06-07T10:39:06,4000.0,13.25,B
2021-06-07T10:39:06,200.0,13.2,S
2021-06-07T10:39:04,1000.0,13.2,S
2021-06-07T10:39:03,2000.0,13.2,S
2021-06-07T10:38:54,7600.0,13.2,S
2021-06-07T10:38:49,2900.0,13.25,B
2021-06-07T10:38:41,500.0,13.2,S
2021-06-07T10:38:39,2000.0,13.25,B
2021-06-07T10:38:36,1000.0,13.25,B
2021-06-07T10:38:36,8300.0,13.2,S
2021-06-07T10:38:35,5000.0,13.2,S
2021-06-07T10:38:33,100.0,13.25,B
2021-06-07T10:38:17,2000.0,13.2,S
2021-06-07T10:38:07,4000.0,13.25,B
2021-06-07T10:37:55,10000.0,13.2,S
2021-06-07T10:37:52,900.0,13.25,B
2021-06-07T10:37:48,12000.0,13.2,S
2021-06-07T10:37:43,3000.0,13.2,S
2021-06-07T10:37:43,5700.0,13.25,B
2021-06-07T10:37:40,1000.0,13.2,S
2021-06-07T10:37:38,1000.0,13.2,S
2021-06-07T10:37:32,1000.0,13.2,S
2021-06-07T10:37:27,500.0,13.25,B
2021-06-07T10:37:26,63700.0,13.2,S
2021-06-07T10:37:17,100.0,13.2,S
2021-06-07T10:37:11,700.0,13.25,B
2021-06-07T10:37:03,13500.0,13.25,B
2021-06-07T10:37:03,3200.0,13.2,S
2021-06-07T10:37:00,200.0,13.25,B
2021-06-07T10:37:00,10000.0,13.25,B
2021-06-07T10:37:00,5000.0,13.2,S
2021-06-07T10:36:59,1000.0,13.2,S
2021-06-07T10:36:58,1000.0,13.2,S
2021-06-07T10:36:55,1000.0,13.2,S
2021-06-07T10:36:53,1000.0,13.2,S
2021-06-07T10:36:47,200.0,13.25,B
2021-06-07T10:36:45,100.0,13.25,B
2021-06-07T10:36:38,300.0,13.25,B
2021-06-07T10:36:33,600.0,13.25,B
2021-06-07T10:36:19,1000.0,13.25,B
2021-06-07T10:36:17,7000.0,13.2,S
2021-06-07T10:36:12,3000.0,13.25,B
2021-06-07T10:35:56,2000.0,13.25,B
2021-06-07T10:35:53,1000.0,13.2,S
2021-06-07T10:35:43,1000.0,13.2,S
2021-06-07T10:35:42,4000.0,13.2,S
2021-06-07T10:35:29,500.0,13.25,B
2021-06-07T10:35:28,200.0,13.25,B
2021-06-07T10:35:19,5000.0,13.25,B
2021-06-07T10:35:19,1100.0,13.2,S
2021-06-07T10:35:19,900.0,13.2,S
2021-06-07T10:35:15,1000.0,13.25,B
2021-06-07T10:35:09,500.0,13.25,B
2021-06-07T10:35:07,2000.0,13.2,S
2021-06-07T10:35:07,1000.0,13.25,B
2021-06-07T10:35:07,100.0,13.25,B
2021-06-07T10:35:00,1000.0,13.2,S
2021-06-07T10:34:58,100.0,13.25,B
2021-06-07T10:34:53,100.0,13.2,S
2021-06-07T10:34:53,100.0,13.25,B
2021-06-07T10:34:49,100.0,13.25,B
2021-06-07T10:34:49,500.0,13.25,B
2021-06-07T10:34:48,200.0,13.25,B
2021-06-07T10:34:45,100.0,13.25,B
2021-06-07T10:34:45,1000.0,13.2,S
2021-06-07T10:34:44,100.0,13.25,B
2021-06-07T10:34:43,100.0,13.25,B
2021-06-07T10:34:40,500.0,13.25,B
2021-06-07T10:34:37,3000.0,13.25,B
2021-06-07T10:34:35,300.0,13.25,B
2021-06-07T10:34:35,2000.0,13.2,S
2021-06-07T10:34:31,200.0,13.25,B
2021-06-07T10:34:27,3000.0,13.25,S
2021-06-07T10:34:24,800.0,13.25,S
2021-06-07T10:34:14,100.0,13.25,S
2021-06-07T10:34:12,100.0,13.25,S
2021-06-07T10:34:10,200.0,13.25,S
2021-06-07T10:34:07,200.0,13.25,S
2021-06-07T10:34:04,500.0,13.25,S
2021-06-07T10:34:03,500.0,13.25,S
2021-06-07T10:34:03,1000.0,13.2,S
2021-06-07T10:34:03,3700.0,13.2,S
2021-06-07T10:34:03,1600.0,13.2,S
2021-06-07T10:34:02,1000.0,13.2,S
2021-06-07T10:34:02,1000.0,13.2,S
2021-06-07T10:34:02,15900.0,13.2,S
2021-06-07T10:34:02,1200.0,13.2,S
2021-06-07T10:34:02,5100.0,13.2,S
2021-06-07T10:34:02,5500.0,13.2,S
2021-06-07T10:34:02,14000.0,13.2,S
2021-06-07T10:33:58,2700.0,13.2,S
2021-06-07T10:33:58,200.0,13.2,S
2021-06-07T10:33:57,11900.0,13.2,S
2021-06-07T10:33:57,100.0,13.2,S
2021-06-07T10:33:57,1300.0,13.2,S
2021-06-07T10:33:57,2300.0,13.2,S
2021-06-07T10:33:57,500.0,13.2,S
2021-06-07T10:33:57,4100.0,13.2,S
2021-06-07T10:33:57,26900.0,13.2,S
2021-06-07T10:33:57,300.0,13.25,S
2021-06-07T10:33:51,100.0,13.25,S
2021-06-07T10:33:46,900.0,13.25,S
2021-06-07T10:33:43,500.0,13.25,S
2021-06-07T10:33:36,100.0,13.25,S
2021-06-07T10:33:34,5200.0,13.25,S
2021-06-07T10:33:29,2000.0,13.3,S
2021-06-07T10:33:15,100.0,13.3,S
2021-06-07T10:33:13,5000.0,13.25,S
2021-06-07T10:33:04,3000.0,13.25,S
2021-06-07T10:32:58,100.0,13.25,S
2021-06-07T10:32:58,100.0,13.3,S
2021-06-07T10:32:53,2400.0,13.3,S
2021-06-07T10:32:53,1500.0,13.3,S
2021-06-07T10:32:50,400.0,13.3,S
2021-06-07T10:32:41,200.0,13.3,S
2021-06-07T10:32:38,500.0,13.25,S
2021-06-07T10:32:37,1000.0,13.3,S
2021-06-07T10:32:35,20000.0,13.25,S
2021-06-07T10:32:33,4000.0,13.3,S
2021-06-07T10:32:28,1000.0,13.25,S
2021-06-07T10:32:28,200.0,13.25,S
2021-06-07T10:32:28,5500.0,13.25,S
2021-06-07T10:32:18,100.0,13.3,S
2021-06-07T10:32:14,100.0,13.3,S
2021-06-07T10:32:12,2400.0,13.25,S
2021-06-07T10:32:03,1000.0,13.3,S
2021-06-07T10:31:58,1200.0,13.3,S
2021-06-07T10:31:54,1000.0,13.25,S
2021-06-07T10:31:46,100.0,13.3,S
2021-06-07T10:31:45,100.0,13.25,S
2021-06-07T10:31:41,100.0,13.3,S
2021-06-07T10:31:38,10000.0,13.3,S
2021-06-07T10:31:36,5000.0,13.3,S
2021-06-07T10:31:19,400.0,13.3,S
2021-06-07T10:31:14,2700.0,13.3,S
2021-06-07T10:31:12,800.0,13.3,S
2021-06-07T10:31:04,500.0,13.3,S
2021-06-07T10:31:03,200.0,13.25,S
2021-06-07T10:30:53,100.0,13.3,S
2021-06-07T10:30:53,2000.0,13.3,S
2021-06-07T10:30:50,2900.0,13.3,S
2021-06-07T10:30:31,100.0,13.3,S
2021-06-07T10:30:30,200.0,13.3,S
2021-06-07T10:30:29,100.0,13.3,S
2021-06-07T10:30:26,200.0,13.25,S
2021-06-07T10:30:25,3300.0,13.25,S
2021-06-07T10:30:25,60500.0,13.25,S
2021-06-07T10:30:25,1100.0,13.25,S
2021-06-07T10:30:25,20100.0,13.25,S
2021-06-07T10:30:25,100.0,13.25,S
2021-06-07T10:30:25,1200.0,13.25,S
2021-06-07T10:30:25,1000.0,13.25,S
2021-06-07T10:30:25,2600.0,13.25,S
2021-06-07T10:30:25,4200.0,13.25,S
2021-06-07T10:30:25,5700.0,13.25,S
2021-06-07T10:30:22,100.0,13.3,S
2021-06-07T10:30:18,4000.0,13.3,S
2021-06-07T10:30:09,5400.0,13.25,S
2021-06-07T10:30:09,14600.0,13.25,S
2021-06-07T10:30:06,500.0,13.3,S
2021-06-07T10:30:04,200.0,13.3,S
2021-06-07T10:30:01,800.0,13.3,S
2021-06-07T10:29:58,100.0,13.3,S
2021-06-07T10:29:51,3100.0,13.3,S
2021-06-07T10:29:49,600.0,13.3,S
2021-06-07T10:29:47,300.0,13.25,S
2021-06-07T10:29:46,1000.0,13.3,S
2021-06-07T10:29:43,200.0,13.3,S
2021-06-07T10:29:37,200.0,13.3,S
2021-06-07T10:29:36,3000.0,13.25,S
2021-06-07T10:29:31,4900.0,13.3,S
2021-06-07T10:29:29,100.0,13.3,S
2021-06-07T10:29:26,100.0,13.3,S
2021-06-07T10:29:22,200.0,13.25,S
2021-06-07T10:29:13,5000.0,13.3,S
2021-06-07T10:29:12,200.0,13.3,S
2021-06-07T10:29:04,100.0,13.3,S
2021-06-07T10:29:02,100.0,13.3,S
2021-06-07T10:28:58,100.0,13.3,S
2021-06-07T10:28:57,1000.0,13.25,S
2021-06-07T10:28:51,1200.0,13.25,S
2021-06-07T10:28:51,1500.0,13.3,S
2021-06-07T10:28:48,15000.0,13.3,S
2021-06-07T10:28:47,800.0,13.3,S
2021-06-07T10:28:47,700.0,13.3,S
2021-06-07T10:28:44,2800.0,13.3,S
2021-06-07T10:28:42,300.0,13.3,S
2021-06-07T10:28:41,300.0,13.3,S
2021-06-07T10:28:40,200.0,13.3,S
2021-06-07T10:28:32,500.0,13.3,S
2021-06-07T10:28:30,200.0,13.3,S
2021-06-07T10:28:30,200.0,13.3,S
2021-06-07T10:28:11,3000.0,13.3,S
2021-06-07T10:28:03,2800.0,13.3,S
2021-06-07T10:27:58,1000.0,13.3,S
2021-06-07T10:27:56,1100.0,13.3,S
2021-06-07T10:27:55,100.0,13.3,S
2021-06-07T10:27:48,500.0,13.3,S
2021-06-07T10:27:44,1000.0,13.3,S
2021-06-07T10:27:34,500.0,13.3,S
2021-06-07T10:27:30,300.0,13.3,S
2021-06-07T10:27:27,500.0,13.3,S
2021-06-07T10:27:27,100.0,13.3,S
2021-06-07T10:27:27,4800.0,13.3,S
2021-06-07T10:27:27,1200.0,13.3,S
2021-06-07T10:27:27,800.0,13.3,S
2021-06-07T10:27:26,1300.0,13.3,S
2021-06-07T10:27:26,400.0,13.3,S
2021-06-07T10:27:26,20200.0,13.3,S
2021-06-07T10:27:26,200.0,13.3,S
2021-06-07T10:27:26,1500.0,13.3,S
2021-06-07T10:27:26,3300.0,13.3,S
2021-06-07T10:27:26,500.0,13.3,S
2021-06-07T10:27:26,10200.0,13.3,S
2021-06-07T10:27:26,5300.0,13.3,S
2021-06-07T10:27:26,6300.0,13.3,S
2021-06-07T10:27:26,2000.0,13.3,S
2021-06-07T10:27:26,100.0,13.3,S
2021-06-07T10:27:26,400.0,13.3,S
2021-06-07T10:27:26,1300.0,13.3,S
2021-06-07T10:27:26,1500.0,13.3,S
2021-06-07T10:27:26,4500.0,13.3,S
2021-06-07T10:27:26,100.0,13.3,S
2021-06-07T10:27:26,1600.0,13.3,S
2021-06-07T10:27:26,1400.0,13.3,S
2021-06-07T10:27:26,5700.0,13.3,S
2021-06-07T10:27:26,100.0,13.3,S
2021-06-07T10:27:26,12600.0,13.3,S
2021-06-07T10:27:26,900.0,13.3,S
2021-06-07T10:27:26,600.0,13.3,S
2021-06-07T10:27:26,2000.0,13.3,S
2021-06-07T10:27:25,30000.0,13.3,S
2021-06-07T10:27:25,2400.0,13.3,S
2021-06-07T10:27:25,300.0,13.3,S
2021-06-07T10:27:25,1200.0,13.3,S
2021-06-07T10:27:25,11400.0,13.3,S
2021-06-07T10:27:25,11000.0,13.3,S
2021-06-07T10:27:25,4600.0,13.3,S
2021-06-07T10:27:25,7600.0,13.3,S
2021-06-07T10:27:25,200.0,13.3,S
2021-06-07T10:27:25,51000.0,13.3,S
2021-06-07T10:27:25,2100.0,13.3,S
2021-06-07T10:27:25,500.0,13.3,S
2021-06-07T10:27:25,1400.0,13.3,S
2021-06-07T10:27:25,4000.0,13.3,S
2021-06-07T10:27:25,4400.0,13.3,S
2021-06-07T10:27:25,400.0,13.3,S
2021-06-07T10:27:25,600.0,13.3,S
2021-06-07T10:27:25,1400.0,13.3,S
2021-06-07T10:27:25,300.0,13.3,S
2021-06-07T10:27:25,700.0,13.3,S
2021-06-07T10:27:25,1400.0,13.3,S
2021-06-07T10:27:25,2100.0,13.3,S
2021-06-07T10:27:25,2200.0,13.3,S
2021-06-07T10:27:25,200.0,13.3,S
2021-06-07T10:27:25,4400.0,13.3,S
2021-06-07T10:27:25,5000.0,13.3,S
2021-06-07T10:27:24,900.0,13.3,S
2021-06-07T10:27:24,1200.0,13.3,S
2021-06-07T10:27:24,3600.0,13.3,S
2021-06-07T10:27:24,23800.0,13.3,S
2021-06-07T10:27:24,11000.0,13.3,S
2021-06-07T10:27:24,2800.0,13.3,S
2021-06-07T10:27:24,1900.0,13.3,S
2021-06-07T10:27:24,200.0,13.3,S
2021-06-07T10:27:24,2000.0,13.3,S
2021-06-07T10:27:24,2200.0,13.3,S
2021-06-07T10:27:24,100.0,13.3,S
2021-06-07T10:27:24,800.0,13.3,S
2021-06-07T10:27:24,300.0,13.3,S
2021-06-07T10:27:24,10500.0,13.3,S
2021-06-07T10:27:24,400.0,13.3,S
2021-06-07T10:27:24,2500.0,13.3,S
2021-06-07T10:27:24,2500.0,13.3,S
2021-06-07T10:27:24,500.0,13.3,S
2021-06-07T10:27:24,10400.0,13.3,S
2021-06-07T10:27:24,200.0,13.3,S
2021-06-07T10:27:23,10500.0,13.3,S
2021-06-07T10:27:23,1300.0,13.3,S
2021-06-07T10:27:23,4400.0,13.3,S
2021-06-07T10:27:23,1100.0,13.3,S
2021-06-07T10:27:23,100.0,13.3,S
2021-06-07T10:27:23,32500.0,13.3,S
2021-06-07T10:27:23,100.0,13.3,S
2021-06-07T10:27:23,51500.0,13.3,S
2021-06-07T10:27:17,1000.0,13.35,B
2021-06-07T10:27:11,1000.0,13.3,S
2021-06-07T10:27:10,20000.0,13.3,S
2021-06-07T10:27:09,100.0,13.35,B
2021-06-07T10:27:07,1000.0,13.35,B
2021-06-07T10:27:05,2900.0,13.35,B
2021-06-07T10:27:02,200.0,13.3,S
2021-06-07T10:27:00,1000.0,13.3,S
2021-06-07T10:26:59,6400.0,13.35,B
2021-06-07T10:26:58,3000.0,13.3,S
2021-06-07T10:26:56,3000.0,13.3,S
2021-06-07T10:26:55,5000.0,13.35,B
2021-06-07T10:26:53,100.0,13.3,S
2021-06-07T10:26:53,1000.0,13.3,S
2021-06-07T10:26:53,3900.0,13.3,S
2021-06-07T10:26:52,100.0,13.35,B
2021-06-07T10:26:49,100.0,13.3,S
2021-06-07T10:26:49,1000.0,13.35,B
2021-06-07T10:26:46,100.0,13.3,S
2021-06-07T10:26:40,500.0,13.35,B
2021-06-07T10:26:37,200.0,13.35,B
2021-06-07T10:26:36,6000.0,13.35,B
2021-06-07T10:26:34,3000.0,13.35,B
2021-06-07T10:26:34,3000.0,13.35,B
2021-06-07T10:26:27,3500.0,13.3,S
2021-06-07T10:26:27,1300.0,13.35,B
2021-06-07T10:26:19,2000.0,13.3,S
2021-06-07T10:26:12,15000.0,13.3,S
2021-06-07T10:26:09,200.0,13.35,B
2021-06-07T10:26:08,1200.0,13.35,B
2021-06-07T10:26:01,2200.0,13.3,S
2021-06-07T10:26:01,1200.0,13.3,S
2021-06-07T10:26:01,1600.0,13.3,S
2021-06-07T10:26:01,5000.0,13.3,S
2021-06-07T10:25:50,10000.0,13.3,S
2021-06-07T10:25:42,1600.0,13.3,S
2021-06-07T10:25:42,300.0,13.3,S
2021-06-07T10:25:42,8100.0,13.3,S
2021-06-07T10:25:40,2100.0,13.35,S
2021-06-07T10:25:34,200.0,13.35,S
2021-06-07T10:25:33,4000.0,13.3,S
2021-06-07T10:25:33,1300.0,13.3,S
2021-06-07T10:25:33,3200.0,13.3,S
2021-06-07T10:25:33,3000.0,13.3,S
2021-06-07T10:25:33,4900.0,13.3,S
2021-06-07T10:25:33,1000.0,13.3,S
2021-06-07T10:25:32,34600.0,13.3,S
2021-06-07T10:25:30,1000.0,13.35,S
2021-06-07T10:25:12,800.0,13.35,S
2021-06-07T10:25:11,500.0,13.3,S
2021-06-07T10:25:05,200.0,13.35,S
2021-06-07T10:24:46,2100.0,13.35,S
2021-06-07T10:24:46,4800.0,13.35,S
2021-06-07T10:24:42,1000.0,13.3,S
2021-06-07T10:24:33,1000.0,13.3,S
2021-06-07T10:24:28,100.0,13.35,S
2021-06-07T10:24:24,800.0,13.35,S
2021-06-07T10:24:23,100.0,13.35,S
2021-06-07T10:24:18,1000.0,13.35,S
2021-06-07T10:24:18,500.0,13.35,S
2021-06-07T10:24:14,300.0,13.35,S
2021-06-07T10:24:03,300.0,13.35,S
2021-06-07T10:24:01,1000.0,13.35,S
2021-06-07T10:23:59,500.0,13.35,S
2021-06-07T10:23:52,11000.0,13.3,S
2021-06-07T10:23:52,4000.0,13.3,S
2021-06-07T10:23:49,400.0,13.35,S
2021-06-07T10:23:48,100.0,13.3,S
2021-06-07T10:23:48,100.0,13.35,S
2021-06-07T10:23:39,1000.0,13.35,S
2021-06-07T10:23:38,200.0,13.3,S
2021-06-07T10:23:37,100.0,13.3,S
2021-06-07T10:23:36,20000.0,13.35,S
2021-06-07T10:23:35,5000.0,13.3,S
2021-06-07T10:23:33,1000.0,13.35,S
2021-06-07T10:23:31,5000.0,13.35,S
2021-06-07T10:23:30,2000.0,13.35,S
2021-06-07T10:23:30,10000.0,13.35,S
2021-06-07T10:23:27,7000.0,13.35,S
2021-06-07T10:23:22,100.0,13.35,S
2021-06-07T10:23:21,500.0,13.35,S
2021-06-07T10:23:18,100.0,13.35,S
2021-06-07T10:23:12,200.0,13.35,S
2021-06-07T10:23:11,100.0,13.35,S
2021-06-07T10:23:10,1000.0,13.35,S
2021-06-07T10:23:06,5000.0,13.3,S
2021-06-07T10:23:05,100.0,13.35,S
2021-06-07T10:22:51,1000.0,13.35,S
2021-06-07T10:22:42,5000.0,13.35,S
2021-06-07T10:22:36,100.0,13.35,S
2021-06-07T10:22:32,1000.0,13.3,S
2021-06-07T10:22:28,700.0,13.35,S
2021-06-07T10:22:26,2000.0,13.3,S
2021-06-07T10:22:25,100.0,13.35,S
2021-06-07T10:22:25,100.0,13.35,S
2021-06-07T10:22:23,200.0,13.35,S
2021-06-07T10:22:19,10000.0,13.3,S
2021-06-07T10:22:19,100.0,13.35,S
2021-06-07T10:22:12,10000.0,13.3,S
2021-06-07T10:22:04,400.0,13.35,S
2021-06-07T10:22:01,4700.0,13.35,S
2021-06-07T10:21:59,200.0,13.35,S
2021-06-07T10:21:59,1800.0,13.35,S
2021-06-07T10:21:57,20000.0,13.3,S
2021-06-07T10:21:57,4100.0,13.3,S
2021-06-07T10:21:57,5000.0,13.3,S
2021-06-07T10:21:57,6900.0,13.3,S
2021-06-07T10:21:51,24500.0,13.3,S
2021-06-07T10:21:51,500.0,13.3,S
2021-06-07T10:21:51,10300.0,13.3,S
2021-06-07T10:21:51,4700.0,13.3,S
2021-06-07T10:21:51,2400.0,13.3,S
2021-06-07T10:21:51,600.0,13.3,S
2021-06-07T10:21:44,1000.0,13.35,S
2021-06-07T10:21:44,400.0,13.35,S
2021-06-07T10:21:43,100.0,13.35,S
2021-06-07T10:21:38,200.0,13.35,S
2021-06-07T10:21:37,1000.0,13.35,S
2021-06-07T10:21:34,100.0,13.3,S
2021-06-07T10:21:27,200.0,13.35,S
2021-06-07T10:21:00,10100.0,13.35,S
2021-06-07T10:20:59,2100.0,13.35,S
2021-06-07T10:20:58,700.0,13.35,S
2021-06-07T10:20:57,100.0,13.35,S
2021-06-07T10:20:55,1400.0,13.35,S
2021-06-07T10:20:55,1200.0,13.35,S
2021-06-07T10:20:48,1000.0,13.35,S
2021-06-07T10:20:42,10600.0,13.35,S
2021-06-07T10:20:42,500.0,13.35,S
2021-06-07T10:20:39,2400.0,13.3,S
2021-06-07T10:20:37,10000.0,13.3,S
2021-06-07T10:20:32,1400.0,13.35,S
2021-06-07T10:20:25,100.0,13.3,S
2021-06-07T10:20:25,200.0,13.35,S
2021-06-07T10:20:24,500.0,13.35,S
2021-06-07T10:20:22,500.0,13.35,S
2021-06-07T10:20:22,200.0,13.35,S
2021-06-07T10:20:20,27500.0,13.35,S
2021-06-07T10:20:18,9300.0,13.35,S
2021-06-07T10:20:17,100.0,13.35,S
2021-06-07T10:20:16,1000.0,13.35,S
2021-06-07T10:20:15,5000.0,13.3,S
2021-06-07T10:20:10,3700.0,13.35,S
2021-06-07T10:20:09,1000.0,13.35,S
2021-06-07T10:20:08,100.0,13.35,S
2021-06-07T10:20:07,500.0,13.35,S
2021-06-07T10:20:05,400.0,13.35,S
2021-06-07T10:19:58,2000.0,13.35,S
2021-06-07T10:19:56,1000.0,13.35,S
2021-06-07T10:19:56,4000.0,13.35,S
2021-06-07T10:19:36,3000.0,13.35,S
2021-06-07T10:19:31,100.0,13.35,S
2021-06-07T10:19:30,1000.0,13.35,S
2021-06-07T10:19:28,1100.0,13.35,S
2021-06-07T10:19:19,1000.0,13.35,S
2021-06-07T10:19:19,2900.0,13.35,S
2021-06-07T10:19:19,4200.0,13.35,S
2021-06-07T10:19:19,12000.0,13.35,S
2021-06-07T10:19:18,17000.0,13.35,S
2021-06-07T10:19:16,1000.0,13.4,B
2021-06-07T10:19:07,100.0,13.35,S
2021-06-07T10:19:05,5000.0,13.35,S
2021-06-07T10:19:00,100.0,13.4,B
2021-06-07T10:18:58,1000.0,13.35,S
2021-06-07T10:18:57,200.0,13.4,B
2021-06-07T10:18:53,100.0,13.4,B
2021-06-07T10:18:53,1000.0,13.4,B
2021-06-07T10:18:53,1000.0,13.35,S
2021-06-07T10:18:52,7000.0,13.35,S
2021-06-07T10:18:51,10000.0,13.35,S
2021-06-07T10:18:44,100.0,13.35,S
2021-06-07T10:18:42,1000.0,13.35,S
2021-06-07T10:18:36,600.0,13.35,S
2021-06-07T10:18:36,1800.0,13.35,S
2021-06-07T10:18:36,600.0,13.35,S
2021-06-07T10:18:36,800.0,13.35,S
2021-06-07T10:18:35,2200.0,13.35,S
2021-06-07T10:18:35,4300.0,13.35,S
2021-06-07T10:18:35,1100.0,13.35,S
2021-06-07T10:18:35,500.0,13.35,S
2021-06-07T10:18:35,1900.0,13.35,S
2021-06-07T10:18:35,7000.0,13.35,S
2021-06-07T10:18:35,3800.0,13.35,S
2021-06-07T10:18:34,100.0,13.35,S
2021-06-07T10:18:33,100.0,13.35,S
2021-06-07T10:18:33,200.0,13.35,S
2021-06-07T10:18:32,200.0,13.35,S
2021-06-07T10:18:24,1200.0,13.4,B
2021-06-07T10:18:11,200.0,13.4,B
2021-06-07T10:18:09,1200.0,13.4,B
2021-06-07T10:18:07,10000.0,13.35,S
2021-06-07T10:18:04,10000.0,13.35,S
2021-06-07T10:17:57,2700.0,13.35,S
2021-06-07T10:17:47,1300.0,13.4,B
2021-06-07T10:17:41,7700.0,13.35,S
2021-06-07T10:17:37,17600.0,13.35,S
2021-06-07T10:17:37,1700.0,13.35,S
2021-06-07T10:17:33,400.0,13.35,S
2021-06-07T10:17:33,3600.0,13.35,S
2021-06-07T10:17:31,7200.0,13.35,S
2021-06-07T10:17:25,200.0,13.35,S
2021-06-07T10:17:22,100.0,13.4,B
2021-06-07T10:17:21,32700.0,13.35,S
2021-06-07T10:17:18,500.0,13.35,S
2021-06-07T10:17:18,500.0,13.35,S
2021-06-07T10:17:07,5000.0,13.35,S
2021-06-07T10:17:02,2900.0,13.35,S
2021-06-07T10:17:02,100.0,13.35,S
2021-06-07T10:17:01,1200.0,13.35,S
2021-06-07T10:16:59,1000.0,13.4,B
2021-06-07T10:16:57,1100.0,13.35,S
2021-06-07T10:16:43,1000.0,13.35,S
2021-06-07T10:16:42,600.0,13.4,B
2021-06-07T10:16:40,100.0,13.4,B
2021-06-07T10:16:38,600.0,13.35,S
2021-06-07T10:16:37,1000.0,13.4,B
2021-06-07T10:16:36,200.0,13.4,B
2021-06-07T10:16:36,1400.0,13.4,B
2021-06-07T10:16:25,200.0,13.4,B
2021-06-07T10:16:23,2000.0,13.35,S
2021-06-07T10:16:22,3000.0,13.4,B
2021-06-07T10:16:21,300.0,13.35,S
2021-06-07T10:16:10,100.0,13.4,B
2021-06-07T10:16:09,100.0,13.4,B
2021-06-07T10:16:08,300.0,13.4,B
2021-06-07T10:16:06,4000.0,13.35,S
2021-06-07T10:16:04,1100.0,13.4,B
2021-06-07T10:16:01,1600.0,13.35,S
2021-06-07T10:16:01,1300.0,13.35,S
2021-06-07T10:16:01,7900.0,13.35,S
2021-06-07T10:16:01,1000.0,13.35,S
2021-06-07T10:16:01,5000.0,13.35,S
2021-06-07T10:16:01,9800.0,13.35,S
2021-06-07T10:16:01,200.0,13.35,S
2021-06-07T10:16:01,3200.0,13.35,S
2021-06-07T10:16:01,7600.0,13.35,S
2021-06-07T10:16:01,1300.0,13.35,S
2021-06-07T10:16:01,5800.0,13.35,S
2021-06-07T10:16:01,3800.0,13.35,S
2021-06-07T10:16:01,3500.0,13.35,S
2021-06-07T10:16:01,6300.0,13.35,S
2021-06-07T10:16:01,14700.0,13.35,S
2021-06-07T10:16:00,500.0,13.4,B
2021-06-07T10:15:57,3000.0,13.4,B
2021-06-07T10:15:57,3000.0,13.35,S
2021-06-07T10:15:56,1000.0,13.4,B
2021-06-07T10:15:55,1000.0,13.4,B
2021-06-07T10:15:53,200.0,13.4,B
2021-06-07T10:15:52,5900.0,13.4,B
2021-06-07T10:15:51,400.0,13.4,B
2021-06-07T10:15:48,3600.0,13.35,S
2021-06-07T10:15:48,100.0,13.35,S
2021-06-07T10:15:47,500.0,13.35,S
2021-06-07T10:15:47,300.0,13.35,S
2021-06-07T10:15:47,200.0,13.35,S
2021-06-07T10:15:47,1300.0,13.35,S
2021-06-07T10:15:47,600.0,13.35,S
2021-06-07T10:15:47,1300.0,13.35,S
2021-06-07T10:15:47,8100.0,13.35,S
2021-06-07T10:15:43,1000.0,13.4,B
2021-06-07T10:15:40,1300.0,13.35,S
2021-06-07T10:15:40,300.0,13.4,B
2021-06-07T10:15:40,900.0,13.4,B
2021-06-07T10:15:37,100.0,13.4,B
2021-06-07T10:15:33,200.0,13.4,B
2021-06-07T10:15:25,200.0,13.4,B
2021-06-07T10:15:24,200.0,13.35,S
2021-06-07T10:15:22,1000.0,13.35,S
2021-06-07T10:15:21,12100.0,13.35,S
2021-06-07T10:15:21,800.0,13.35,S
2021-06-07T10:15:21,1000.0,13.4,B
2021-06-07T10:15:20,1500.0,13.4,B
2021-06-07T10:15:17,2000.0,13.35,S
2021-06-07T10:15:16,1900.0,13.4,B
2021-06-07T10:15:15,1100.0,13.35,S
2021-06-07T10:15:12,10000.0,13.4,B
2021-06-07T10:15:10,100.0,13.4,B
2021-06-07T10:15:09,5000.0,13.4,B
2021-06-07T10:15:08,600.0,13.35,S
2021-06-07T10:15:03,100.0,13.4,B
2021-06-07T10:15:03,100.0,13.4,B
2021-06-07T10:15:00,2500.0,13.4,B
2021-06-07T10:14:59,2000.0,13.35,S
2021-06-07T10:14:57,5000.0,13.35,S
2021-06-07T10:14:50,2000.0,13.4,B
2021-06-07T10:14:48,600.0,13.35,S
2021-06-07T10:14:47,200.0,13.35,S
2021-06-07T10:14:45,900.0,13.35,S
2021-06-07T10:14:44,600.0,13.4,B
2021-06-07T10:14:37,500.0,13.35,S
2021-06-07T10:14:34,500.0,13.35,S
2021-06-07T10:14:24,2000.0,13.35,S
2021-06-07T10:14:24,500.0,13.4,B
2021-06-07T10:14:18,5900.0,13.4,B
2021-06-07T10:14:18,4300.0,13.4,B
2021-06-07T10:14:16,900.0,13.35,S
2021-06-07T10:14:16,100.0,13.4,B
2021-06-07T10:14:12,1000.0,13.35,S
2021-06-07T10:14:12,1000.0,13.35,S
2021-06-07T10:14:09,100.0,13.4,B
2021-06-07T10:14:02,15000.0,13.35,S
2021-06-07T10:14:02,7200.0,13.35,S
2021-06-07T10:14:02,5200.0,13.35,S
2021-06-07T10:14:02,78900.0,13.35,S
2021-06-07T10:13:58,100.0,13.4,B
2021-06-07T10:13:56,2000.0,13.35,S
2021-06-07T10:13:54,1000.0,13.4,B
2021-06-07T10:13:53,400.0,13.4,B
2021-06-07T10:13:43,1000.0,13.35,S
2021-06-07T10:13:42,200.0,13.35,S
2021-06-07T10:13:41,1000.0,13.4,B
2021-06-07T10:13:41,1100.0,13.4,B
2021-06-07T10:13:38,400.0,13.35,S
2021-06-07T10:13:38,300.0,13.35,S
2021-06-07T10:13:38,4300.0,13.35,S
2021-06-07T10:13:38,15000.0,13.35,S
2021-06-07T10:13:38,12000.0,13.35,S
2021-06-07T10:13:30,200.0,13.4,B
2021-06-07T10:13:30,800.0,13.4,B
2021-06-07T10:13:23,1000.0,13.4,B
2021-06-07T10:13:16,300.0,13.4,B
2021-06-07T10:13:14,100.0,13.4,B
2021-06-07T10:13:10,400.0,13.4,B
2021-06-07T10:13:08,800.0,13.4,B
2021-06-07T10:13:06,100.0,13.4,B
2021-06-07T10:13:04,100.0,13.4,B
2021-06-07T10:12:54,1000.0,13.35,S
2021-06-07T10:12:53,200.0,13.4,B
2021-06-07T10:12:52,100.0,13.4,B
2021-06-07T10:12:50,30000.0,13.4,B
2021-06-07T10:12:50,600.0,13.4,B
2021-06-07T10:12:44,100.0,13.4,B
2021-06-07T10:12:42,900.0,13.35,S
2021-06-07T10:12:42,100.0,13.4,B
2021-06-07T10:12:38,1300.0,13.4,B
2021-06-07T10:12:37,100.0,13.4,B
2021-06-07T10:12:37,1000.0,13.35,S
2021-06-07T10:12:36,400.0,13.35,S
2021-06-07T10:12:34,600.0,13.35,S
2021-06-07T10:12:34,1400.0,13.35,S
2021-06-07T10:12:30,300.0,13.4,B
2021-06-07T10:12:26,100.0,13.4,B
2021-06-07T10:12:26,500.0,13.4,B
2021-06-07T10:12:25,5000.0,13.4,B
2021-06-07T10:12:24,100.0,13.35,S
2021-06-07T10:12:21,100.0,13.4,B
2021-06-07T10:12:20,500.0,13.4,B
2021-06-07T10:12:19,300.0,13.4,B
2021-06-07T10:12:18,3000.0,13.4,B
2021-06-07T10:12:15,2000.0,13.35,S
2021-06-07T10:12:13,100.0,13.4,B
2021-06-07T10:12:13,12700.0,13.35,S
2021-06-07T10:12:07,24000.0,13.4,B
2021-06-07T10:12:07,4800.0,13.4,B
2021-06-07T10:12:07,33000.0,13.4,B
2021-06-07T10:12:07,18200.0,13.4,B
2021-06-07T10:12:02,5000.0,13.4,B
2021-06-07T10:12:02,1100.0,13.4,B
2021-06-07T10:12:02,1000.0,13.4,B
2021-06-07T10:12:00,1000.0,13.35,S
2021-06-07T10:11:59,3000.0,13.35,S
2021-06-07T10:11:58,1100.0,13.4,B
2021-06-07T10:11:53,1400.0,13.35,S
2021-06-07T10:11:53,3100.0,13.35,S
2021-06-07T10:11:53,500.0,13.35,S
2021-06-07T10:11:49,500.0,13.4,B
2021-06-07T10:11:47,100.0,13.4,B
2021-06-07T10:11:42,1400.0,13.4,B
2021-06-07T10:11:34,200.0,13.4,B
2021-06-07T10:11:30,500.0,13.35,S
2021-06-07T10:11:30,1500.0,13.35,S
2021-06-07T10:11:30,1000.0,13.35,S
2021-06-07T10:11:30,6400.0,13.35,S
2021-06-07T10:11:30,200.0,13.35,S
2021-06-07T10:11:30,400.0,13.35,S
2021-06-07T10:11:25,400.0,13.4,B
2021-06-07T10:11:25,3000.0,13.35,S
2021-06-07T10:11:22,1700.0,13.4,B
2021-06-07T10:11:21,1000.0,13.35,S
2021-06-07T10:11:19,800.0,13.4,B
2021-06-07T10:11:16,500.0,13.4,B
2021-06-07T10:11:15,1000.0,13.4,B
2021-06-07T10:11:15,600.0,13.4,B
2021-06-07T10:11:15,5000.0,13.35,S
2021-06-07T10:11:02,1300.0,13.4,B
2021-06-07T10:11:02,1000.0,13.4,B
2021-06-07T10:10:56,500.0,13.4,B
2021-06-07T10:10:52,100.0,13.4,B
2021-06-07T10:10:50,300.0,13.4,B
2021-06-07T10:10:45,4000.0,13.35,S
2021-06-07T10:10:43,4000.0,13.4,B
2021-06-07T10:10:38,1000.0,13.4,B
2021-06-07T10:10:32,2000.0,13.4,B
2021-06-07T10:10:30,4500.0,13.35,S
2021-06-07T10:10:27,15000.0,13.4,B
2021-06-07T10:10:17,5000.0,13.4,B
2021-06-07T10:10:17,1000.0,13.4,B
2021-06-07T10:10:17,300.0,13.35,S
2021-06-07T10:10:15,1000.0,13.35,S
2021-06-07T10:10:14,3000.0,13.35,S
2021-06-07T10:10:12,4900.0,13.35,S
2021-06-07T10:10:12,5100.0,13.35,S
2021-06-07T10:10:11,10000.0,13.4,B
2021-06-07T10:10:08,100.0,13.4,B
2021-06-07T10:10:07,1000.0,13.4,B
2021-06-07T10:10:06,1000.0,13.4,B
2021-06-07T10:10:02,100.0,13.4,B
2021-06-07T10:10:00,400.0,13.4,B
2021-06-07T10:09:53,13700.0,13.35,S
2021-06-07T10:09:53,100.0,13.35,S
2021-06-07T10:09:53,6200.0,13.35,S
2021-06-07T10:09:52,500.0,13.4,B
2021-06-07T10:09:48,1000.0,13.4,B
2021-06-07T10:09:47,1000.0,13.4,B
2021-06-07T10:09:45,25000.0,13.4,B
2021-06-07T10:09:45,500.0,13.4,B
2021-06-07T10:09:37,100.0,13.4,B
2021-06-07T10:09:35,500.0,13.4,B
2021-06-07T10:09:33,500.0,13.4,B
2021-06-07T10:09:25,2000.0,13.4,B
2021-06-07T10:09:24,500.0,13.4,B
2021-06-07T10:09:09,1000.0,13.4,B
2021-06-07T10:09:08,100.0,13.4,B
2021-06-07T10:09:03,2000.0,13.4,B
2021-06-07T10:08:57,3000.0,13.35,S
2021-06-07T10:08:55,4000.0,13.35,S
2021-06-07T10:08:55,100.0,13.4,B
2021-06-07T10:08:50,700.0,13.35,S
2021-06-07T10:08:48,200.0,13.4,B
2021-06-07T10:08:23,50000.0,13.4,S
2021-06-07T10:08:21,100.0,13.35,S
2021-06-07T10:08:20,5000.0,13.4,S
2021-06-07T10:08:18,100.0,13.4,S
2021-06-07T10:08:18,900.0,13.35,S
2021-06-07T10:08:17,100.0,13.4,S
2021-06-07T10:08:13,200.0,13.4,S
2021-06-07T10:08:02,500.0,13.4,S
2021-06-07T10:07:57,600.0,13.4,S
2021-06-07T10:07:51,1000.0,13.4,S
2021-06-07T10:07:51,3500.0,13.4,S
2021-06-07T10:07:49,100.0,13.4,S
2021-06-07T10:07:49,200.0,13.4,S
2021-06-07T10:07:42,5000.0,13.4,S
2021-06-07T10:07:37,5000.0,13.4,S
2021-06-07T10:07:37,1000.0,13.4,S
2021-06-07T10:07:34,100.0,13.4,S
2021-06-07T10:07:34,100.0,13.4,S
2021-06-07T10:07:30,5500.0,13.4,S
2021-06-07T10:07:28,500.0,13.4,S
2021-06-07T10:07:26,5000.0,13.4,S
2021-06-07T10:07:26,300.0,13.4,S
2021-06-07T10:07:25,1500.0,13.35,S
2021-06-07T10:07:25,200.0,13.4,S
2021-06-07T10:07:16,400.0,13.4,S
2021-06-07T10:07:04,5000.0,13.4,S
2021-06-07T10:06:57,1900.0,13.4,S
2021-06-07T10:06:53,500.0,13.4,S
2021-06-07T10:06:53,10000.0,13.4,S
2021-06-07T10:06:50,100.0,13.4,S
2021-06-07T10:06:49,300.0,13.4,S
2021-06-07T10:06:48,100.0,13.4,S
2021-06-07T10:06:45,1200.0,13.35,S
2021-06-07T10:06:43,600.0,13.4,S
2021-06-07T10:06:41,20000.0,13.4,S
2021-06-07T10:06:36,200.0,13.4,S
2021-06-07T10:06:36,100.0,13.4,S
2021-06-07T10:06:35,400.0,13.4,S
2021-06-07T10:06:32,1000.0,13.4,S
2021-06-07T10:06:32,20000.0,13.4,S
2021-06-07T10:06:27,300.0,13.4,S
2021-06-07T10:06:16,300.0,13.4,S
2021-06-07T10:06:14,1000.0,13.4,S
2021-06-07T10:06:14,5000.0,13.4,S
2021-06-07T10:06:12,20300.0,13.4,S
2021-06-07T10:06:12,5500.0,13.4,S
2021-06-07T10:06:12,12100.0,13.4,S
2021-06-07T10:06:10,100.0,13.45,B
2021-06-07T10:06:07,500.0,13.4,S
2021-06-07T10:06:05,1000.0,13.4,S
2021-06-07T10:06:04,100.0,13.4,S
2021-06-07T10:06:03,20000.0,13.45,B
2021-06-07T10:06:01,2000.0,13.4,S
2021-06-07T10:06:00,500.0,13.4,S
2021-06-07T10:06:00,10000.0,13.4,S
2021-06-07T10:05:59,100.0,13.4,S
2021-06-07T10:05:55,4600.0,13.4,S
2021-06-07T10:05:55,500.0,13.4,S
2021-06-07T10:05:55,1000.0,13.4,S
2021-06-07T10:05:50,100.0,13.45,B
2021-06-07T10:05:49,5000.0,13.45,B
2021-06-07T10:05:46,100.0,13.4,S
2021-06-07T10:05:45,6000.0,13.4,S
2021-06-07T10:05:42,200.0,13.4,S
2021-06-07T10:05:42,2500.0,13.4,S
2021-06-07T10:05:39,2000.0,13.4,S
2021-06-07T10:05:38,1000.0,13.4,S
2021-06-07T10:05:38,17400.0,13.4,S
2021-06-07T10:05:33,35000.0,13.4,S
2021-06-07T10:05:32,100.0,13.4,S
2021-06-07T10:05:31,300.0,13.4,S
2021-06-07T10:05:29,800.0,13.4,S
2021-06-07T10:05:28,10000.0,13.4,S
2021-06-07T10:05:26,800.0,13.4,S
2021-06-07T10:05:20,400.0,13.4,S
2021-06-07T10:05:19,10000.0,13.4,S
2021-06-07T10:05:18,1500.0,13.35,S
2021-06-07T10:05:10,100.0,13.35,S
2021-06-07T10:05:10,100.0,13.4,S
2021-06-07T10:05:09,100.0,13.4,S
2021-06-07T10:05:08,2000.0,13.4,S
2021-06-07T10:05:07,4000.0,13.4,S
2021-06-07T10:05:06,17000.0,13.4,S
2021-06-07T10:05:03,500.0,13.4,S
2021-06-07T10:05:02,600.0,13.4,S
2021-06-07T10:04:56,4800.0,13.4,S
2021-06-07T10:04:52,300.0,13.4,S
2021-06-07T10:04:51,2500.0,13.4,S
2021-06-07T10:04:48,1000.0,13.4,S
2021-06-07T10:04:45,500.0,13.4,S
2021-06-07T10:04:43,1100.0,13.4,S
2021-06-07T10:04:42,39000.0,13.45,B
2021-06-07T10:04:42,18200.0,13.45,B
2021-06-07T10:04:42,5200.0,13.45,B
2021-06-07T10:04:42,300.0,13.45,B
2021-06-07T10:04:41,20600.0,13.45,B
2021-06-07T10:04:41,18000.0,13.45,B
2021-06-07T10:04:41,40100.0,13.4,S
2021-06-07T10:04:41,13500.0,13.4,S
2021-06-07T10:04:41,1200.0,13.4,S
2021-06-07T10:04:41,4400.0,13.4,S
2021-06-07T10:04:41,100.0,13.4,S
2021-06-07T10:04:41,1400.0,13.4,S
2021-06-07T10:04:41,5000.0,13.4,S
2021-06-07T10:04:41,1500.0,13.4,S
2021-06-07T10:04:41,1400.0,13.4,S
2021-06-07T10:04:41,38000.0,13.4,S
2021-06-07T10:04:41,23500.0,13.4,S
2021-06-07T10:04:40,7700.0,13.4,S
2021-06-07T10:04:40,600.0,13.4,S
2021-06-07T10:04:40,3000.0,13.4,S
2021-06-07T10:04:40,6000.0,13.4,S
2021-06-07T10:04:40,51300.0,13.4,S
2021-06-07T10:04:40,300.0,13.4,S
2021-06-07T10:04:39,100.0,13.4,S
2021-06-07T10:04:39,500.0,13.4,S
2021-06-07T10:04:33,100.0,13.4,S
2021-06-07T10:04:33,100.0,13.4,S
2021-06-07T10:04:31,300.0,13.4,S
2021-06-07T10:04:27,4800.0,13.4,S
2021-06-07T10:04:27,3000.0,13.4,S
2021-06-07T10:04:23,100.0,13.4,S
2021-06-07T10:04:22,2000.0,13.4,S
2021-06-07T10:04:22,100.0,13.4,S
2021-06-07T10:04:22,8000.0,13.4,S
2021-06-07T10:04:13,1000.0,13.4,S
2021-06-07T10:04:10,300.0,13.4,S
2021-06-07T10:04:09,500.0,13.4,S
2021-06-07T10:04:08,2000.0,13.4,S
2021-06-07T10:04:01,100.0,13.4,S
2021-06-07T10:03:56,100.0,13.4,S
2021-06-07T10:03:55,300.0,13.4,S
2021-06-07T10:03:53,3000.0,13.4,S
2021-06-07T10:03:52,100.0,13.4,S
2021-06-07T10:03:51,600.0,13.4,S
2021-06-07T10:03:49,500.0,13.4,S
2021-06-07T10:03:44,10000.0,13.4,S
2021-06-07T10:03:40,5000.0,13.4,S
2021-06-07T10:03:40,4200.0,13.4,S
2021-06-07T10:03:39,2000.0,13.4,S
2021-06-07T10:03:36,1000.0,13.4,S
2021-06-07T10:03:36,200.0,13.4,S
2021-06-07T10:03:33,200.0,13.4,S
2021-06-07T10:03:32,1500.0,13.4,S
2021-06-07T10:03:26,300.0,13.4,S
2021-06-07T10:03:26,200.0,13.4,S
2021-06-07T10:03:20,100.0,13.4,S
2021-06-07T10:03:19,6000.0,13.4,S
2021-06-07T10:03:18,1000.0,13.4,S
2021-06-07T10:03:16,500.0,13.4,S
2021-06-07T10:03:11,1300.0,13.35,S
2021-06-07T10:03:10,4000.0,13.4,S
2021-06-07T10:03:08,300.0,13.4,S
2021-06-07T10:03:01,500.0,13.4,S
2021-06-07T10:02:52,3800.0,13.4,S
2021-06-07T10:02:49,500.0,13.4,S
2021-06-07T10:02:47,100.0,13.4,S
2021-06-07T10:02:41,2000.0,13.4,S
2021-06-07T10:02:41,100.0,13.4,S
2021-06-07T10:02:26,300.0,13.4,S
2021-06-07T10:02:15,700.0,13.4,S
2021-06-07T10:02:13,400.0,13.4,S
2021-06-07T10:02:12,2100.0,13.4,S
2021-06-07T10:02:10,100.0,13.4,S
2021-06-07T10:02:04,2000.0,13.4,S
2021-06-07T10:02:01,1000.0,13.4,S
2021-06-07T10:02:01,10000.0,13.4,S
2021-06-07T10:01:58,10000.0,13.4,S
2021-06-07T10:01:56,5000.0,13.4,S
2021-06-07T10:01:53,100.0,13.4,S
2021-06-07T10:01:50,3000.0,13.4,S
2021-06-07T10:01:48,100.0,13.4,S
2021-06-07T10:01:47,1000.0,13.4,S
2021-06-07T10:01:47,1100.0,13.4,S
2021-06-07T10:01:47,700.0,13.4,S
2021-06-07T10:01:47,1400.0,13.4,S
2021-06-07T10:01:47,1000.0,13.4,S
2021-06-07T10:01:47,1200.0,13.4,S
2021-06-07T10:01:47,800.0,13.4,S
2021-06-07T10:01:47,1900.0,13.4,S
2021-06-07T10:01:47,1300.0,13.4,S
2021-06-07T10:01:46,200.0,13.4,S
2021-06-07T10:01:46,400.0,13.4,S
2021-06-07T10:01:46,7200.0,13.4,S
2021-06-07T10:01:46,6100.0,13.4,S
2021-06-07T10:01:46,200.0,13.4,S
2021-06-07T10:01:46,5400.0,13.4,S
2021-06-07T10:01:46,3600.0,13.4,S
2021-06-07T10:01:46,2500.0,13.4,S
2021-06-07T10:01:46,13900.0,13.4,S
2021-06-07T10:01:46,600.0,13.4,S
2021-06-07T10:01:46,600.0,13.4,S
2021-06-07T10:01:46,300.0,13.4,S
2021-06-07T10:01:46,1600.0,13.4,S
2021-06-07T10:01:46,52600.0,13.4,S
2021-06-07T10:01:46,3900.0,13.4,S
2021-06-07T10:01:46,41000.0,13.4,S
2021-06-07T10:01:46,47400.0,13.4,S
2021-06-07T10:01:44,100.0,13.45,B
2021-06-07T10:01:43,3000.0,13.4,S
2021-06-07T10:01:33,1000.0,13.4,S
2021-06-07T10:01:31,1000.0,13.4,S
2021-06-07T10:01:25,5300.0,13.45,B
2021-06-07T10:01:22,1000.0,13.45,B
2021-06-07T10:01:21,1000.0,13.4,S
2021-06-07T10:01:21,3000.0,13.4,S
2021-06-07T10:01:21,4000.0,13.4,S
2021-06-07T10:01:16,100.0,13.4,S
2021-06-07T10:01:09,10000.0,13.45,B
2021-06-07T10:01:04,13500.0,13.4,S
2021-06-07T10:01:00,500.0,13.4,S
2021-06-07T10:00:57,1500.0,13.4,S
2021-06-07T10:00:55,300.0,13.45,B
2021-06-07T10:00:53,1000.0,13.4,S
2021-06-07T10:00:49,4000.0,13.4,S
2021-06-07T10:00:49,11000.0,13.4,S
2021-06-07T10:00:36,4100.0,13.45,B
2021-06-07T10:00:34,500.0,13.4,S
2021-06-07T10:00:32,500.0,13.45,B
2021-06-07T10:00:32,3000.0,13.4,S
2021-06-07T10:00:30,2000.0,13.4,S
2021-06-07T10:00:25,2000.0,13.45,B
2021-06-07T10:00:23,4000.0,13.4,S
2021-06-07T10:00:22,100.0,13.4,S
2021-06-07T10:00:21,200.0,13.45,B
2021-06-07T10:00:20,1100.0,13.4,S
2021-06-07T10:00:17,100.0,13.45,B
2021-06-07T10:00:14,300.0,13.4,S
2021-06-07T10:00:13,10000.0,13.4,S
2021-06-07T10:00:12,1000.0,13.45,B
2021-06-07T10:00:07,2000.0,13.4,S
2021-06-07T10:00:05,100.0,13.4,S
2021-06-07T10:00:05,100.0,13.45,B
2021-06-07T09:59:55,600.0,13.4,S
2021-06-07T09:59:55,1400.0,13.4,S
2021-06-07T09:59:55,600.0,13.4,S
2021-06-07T09:59:55,100.0,13.4,S
2021-06-07T09:59:55,9300.0,13.4,S
2021-06-07T09:59:54,100.0,13.45,B
2021-06-07T09:59:53,1000.0,13.4,S
2021-06-07T09:59:53,15200.0,13.4,S
2021-06-07T09:59:53,46600.0,13.4,S
2021-06-07T09:59:53,3300.0,13.4,S
2021-06-07T09:59:53,100.0,13.4,S
2021-06-07T09:59:52,1300.0,13.4,S
2021-06-07T09:59:52,56300.0,13.4,S
2021-06-07T09:59:52,77200.0,13.4,S
