tradingTime,volume,price,side
2021-06-07T14:29:03,4900.0,22.6,S
2021-06-07T14:29:03,100.0,22.6,S
2021-06-07T14:20:35,500.0,22.6,S
2021-06-07T14:15:07,400.0,22.65,B
2021-06-07T14:12:31,400.0,22.65,B
2021-06-07T14:11:47,200.0,22.6,S
2021-06-07T14:10:04,700.0,22.6,S
2021-06-07T14:09:44,10000.0,22.65,B
2021-06-07T14:09:33,500.0,22.6,S
2021-06-07T14:08:18,400.0,22.65,B
2021-06-07T14:06:23,400.0,22.65,B
2021-06-07T13:55:42,1200.0,22.6,S
2021-06-07T13:54:31,100.0,22.6,S
2021-06-07T13:54:31,2000.0,22.6,S
2021-06-07T13:54:25,5700.0,22.65,B
2021-06-07T13:54:25,2600.0,22.65,B
2021-06-07T13:54:25,1700.0,22.65,B
2021-06-07T13:54:16,1900.0,22.65,B
2021-06-07T13:54:11,500.0,22.6,S
2021-06-07T13:53:56,1000.0,22.6,S
2021-06-07T13:53:42,200.0,22.65,B
2021-06-07T13:53:35,2000.0,22.6,S
2021-06-07T13:53:03,500.0,22.65,B
2021-06-07T13:52:39,400.0,22.65,B
2021-06-07T13:52:33,2000.0,22.65,B
2021-06-07T13:52:32,1000.0,22.6,S
2021-06-07T13:52:30,2000.0,22.65,B
2021-06-07T13:52:29,300.0,22.65,B
2021-06-07T13:52:27,1400.0,22.65,B
2021-06-07T13:52:25,3000.0,22.6,S
2021-06-07T13:52:23,4000.0,22.65,B
2021-06-07T13:52:18,1000.0,22.65,B
2021-06-07T13:52:18,1000.0,22.65,B
2021-06-07T13:52:07,600.0,22.65,B
2021-06-07T13:52:04,500.0,22.65,B
2021-06-07T13:51:59,500.0,22.65,B
2021-06-07T13:51:52,7100.0,22.6,S
2021-06-07T13:51:51,2000.0,22.65,B
2021-06-07T13:51:45,500.0,22.65,B
2021-06-07T13:51:42,500.0,22.65,B
2021-06-07T13:51:35,1000.0,22.65,B
2021-06-07T13:51:32,500.0,22.65,B
2021-06-07T13:51:32,200.0,22.65,B
2021-06-07T13:51:29,200.0,22.65,B
2021-06-07T13:51:29,500.0,22.65,B
2021-06-07T13:51:24,100.0,22.65,B
2021-06-07T13:51:20,100.0,22.6,S
2021-06-07T13:51:08,4000.0,22.65,B
2021-06-07T13:50:56,2000.0,22.65,B
2021-06-07T13:50:49,500.0,22.6,S
2021-06-07T13:50:48,800.0,22.65,B
2021-06-07T13:50:47,200.0,22.6,S
2021-06-07T13:50:47,600.0,22.6,S
2021-06-07T13:50:31,1000.0,22.65,B
2021-06-07T13:50:29,200.0,22.6,S
2021-06-07T13:50:27,500.0,22.65,B
2021-06-07T13:50:17,1800.0,22.7,B
2021-06-07T13:50:10,100.0,22.6,S
2021-06-07T13:50:08,100.0,22.65,B
2021-06-07T13:50:05,400.0,22.6,S
2021-06-07T13:50:05,200.0,22.6,S
2021-06-07T13:49:59,400.0,22.6,S
2021-06-07T13:49:58,500.0,22.6,S
2021-06-07T13:49:58,2500.0,22.6,S
2021-06-07T13:49:58,100.0,22.65,B
2021-06-07T13:49:58,2600.0,22.65,B
2021-06-07T13:49:58,500.0,22.65,B
2021-06-07T13:49:58,2700.0,22.65,B
2021-06-07T13:49:55,10000.0,22.6,S
2021-06-07T13:49:52,1000.0,22.65,B
2021-06-07T13:49:51,5000.0,22.6,S
2021-06-07T13:49:51,1000.0,22.65,B
2021-06-07T13:49:33,300.0,22.65,B
2021-06-07T13:49:31,500.0,22.65,B
2021-06-07T13:49:31,4100.0,22.65,B
2021-06-07T13:49:31,500.0,22.65,B
2021-06-07T13:49:31,1800.0,22.65,B
2021-06-07T13:49:31,3100.0,22.65,B
2021-06-07T13:49:26,500.0,22.65,B
2021-06-07T13:49:15,1000.0,22.6,S
2021-06-07T13:49:14,900.0,22.65,B
2021-06-07T13:49:12,20000.0,22.65,B
2021-06-07T13:49:10,10000.0,22.6,S
2021-06-07T13:49:02,3000.0,22.6,S
2021-06-07T13:48:56,500.0,22.6,S
2021-06-07T13:48:54,14100.0,22.65,B
2021-06-07T13:48:49,400.0,22.6,S
2021-06-07T13:48:46,500.0,22.6,S
2021-06-07T13:48:40,1400.0,22.65,B
2021-06-07T13:48:40,600.0,22.65,B
2021-06-07T13:48:29,200.0,22.65,B
2021-06-07T13:48:20,1300.0,22.65,B
2021-06-07T13:48:13,500.0,22.65,B
2021-06-07T13:48:07,100.0,22.65,B
2021-06-07T13:48:05,900.0,22.65,B
2021-06-07T13:48:05,400.0,22.6,S
2021-06-07T13:48:05,100.0,22.6,S
2021-06-07T13:48:00,1000.0,22.65,B
2021-06-07T13:47:57,500.0,22.65,B
2021-06-07T13:47:52,1200.0,22.65,B
2021-06-07T13:47:52,500.0,22.65,B
2021-06-07T13:47:49,10000.0,22.6,S
2021-06-07T13:47:48,100.0,22.65,B
2021-06-07T13:47:47,800.0,22.65,B
2021-06-07T13:47:43,100.0,22.65,B
2021-06-07T13:47:43,5000.0,22.6,S
2021-06-07T13:47:35,100.0,22.65,B
2021-06-07T13:47:34,500.0,22.6,S
2021-06-07T13:47:28,100.0,22.65,B
2021-06-07T13:47:26,1000.0,22.6,S
2021-06-07T13:47:18,100.0,22.65,B
2021-06-07T13:47:07,5000.0,22.65,B
2021-06-07T13:46:53,1400.0,22.65,B
2021-06-07T13:46:47,800.0,22.65,B
2021-06-07T13:46:33,1300.0,22.65,B
2021-06-07T13:46:27,400.0,22.6,S
2021-06-07T13:46:23,100.0,22.65,B
2021-06-07T13:46:15,500.0,22.6,S
2021-06-07T13:45:29,500.0,22.65,B
2021-06-07T13:45:28,1500.0,22.6,B
2021-06-07T13:45:24,5300.0,22.65,B
2021-06-07T13:45:24,4700.0,22.65,B
2021-06-07T13:45:19,200.0,22.65,B
2021-06-07T13:45:12,200.0,22.6,B
2021-06-07T13:45:10,300.0,22.65,B
2021-06-07T13:45:04,500.0,22.65,B
2021-06-07T13:45:00,200.0,22.65,B
2021-06-07T13:44:52,600.0,22.65,B
2021-06-07T13:44:48,2000.0,22.6,B
2021-06-07T13:44:37,1100.0,22.65,B
2021-06-07T13:44:32,6800.0,22.65,B
2021-06-07T13:44:23,10000.0,22.6,B
2021-06-07T13:44:22,300.0,22.65,B
2021-06-07T13:44:17,200.0,22.6,B
2021-06-07T13:44:16,100.0,22.65,B
2021-06-07T13:44:10,500.0,22.65,B
2021-06-07T13:44:08,1800.0,22.65,B
2021-06-07T13:43:51,2000.0,22.6,B
2021-06-07T13:43:25,5000.0,22.6,B
2021-06-07T13:43:11,500.0,22.65,B
2021-06-07T13:42:43,700.0,22.6,B
2021-06-07T13:42:43,1800.0,22.6,B
2021-06-07T13:42:42,8500.0,22.6,B
2021-06-07T13:42:41,500.0,22.65,B
2021-06-07T13:42:35,100.0,22.6,B
2021-06-07T13:42:26,300.0,22.6,B
2021-06-07T13:42:21,1700.0,22.6,B
2021-06-07T13:42:20,500.0,22.6,B
2021-06-07T13:42:17,9000.0,22.6,B
2021-06-07T13:42:13,500.0,22.55,S
2021-06-07T13:42:11,1000.0,22.6,B
2021-06-07T13:42:10,400.0,22.6,B
2021-06-07T13:42:04,2000.0,22.6,B
2021-06-07T13:42:04,3000.0,22.6,B
2021-06-07T13:42:00,3000.0,22.6,B
2021-06-07T13:41:40,600.0,22.6,B
2021-06-07T13:41:38,3000.0,22.6,B
2021-06-07T13:41:37,100.0,22.6,B
2021-06-07T13:41:26,2000.0,22.6,B
2021-06-07T13:41:21,500.0,22.6,B
2021-06-07T13:41:10,500.0,22.6,B
2021-06-07T13:41:03,300.0,22.6,B
2021-06-07T13:41:03,200.0,22.6,B
2021-06-07T13:40:55,1000.0,22.6,B
2021-06-07T13:40:51,100.0,22.6,B
2021-06-07T13:40:41,3000.0,22.6,B
2021-06-07T13:40:34,300.0,22.6,B
2021-06-07T13:40:33,2000.0,22.6,B
2021-06-07T13:40:33,1000.0,22.6,B
2021-06-07T13:40:24,4100.0,22.6,B
2021-06-07T13:40:06,100.0,22.6,B
2021-06-07T13:39:57,900.0,22.6,B
2021-06-07T13:39:56,100.0,22.6,B
2021-06-07T13:39:55,500.0,22.6,B
2021-06-07T13:39:47,400.0,22.6,B
2021-06-07T13:39:47,300.0,22.6,B
2021-06-07T13:39:46,1000.0,22.6,B
2021-06-07T13:39:37,600.0,22.6,B
2021-06-07T13:39:25,200.0,22.6,B
2021-06-07T13:39:22,300.0,22.6,B
2021-06-07T13:39:18,4000.0,22.55,S
2021-06-07T13:39:18,3200.0,22.6,B
2021-06-07T13:39:17,2900.0,22.6,B
2021-06-07T13:39:17,100.0,22.6,B
2021-06-07T13:39:11,2000.0,22.6,B
2021-06-07T13:38:55,100.0,22.6,B
2021-06-07T13:38:55,400.0,22.6,B
2021-06-07T13:38:54,2000.0,22.6,B
2021-06-07T13:38:52,1000.0,22.6,B
2021-06-07T13:38:43,300.0,22.6,B
2021-06-07T13:38:37,1000.0,22.55,S
2021-06-07T13:38:34,4000.0,22.6,B
2021-06-07T13:38:29,400.0,22.6,B
2021-06-07T13:38:24,100.0,22.6,B
2021-06-07T13:38:23,500.0,22.6,B
2021-06-07T13:38:22,600.0,22.6,B
2021-06-07T13:38:17,100.0,22.6,B
2021-06-07T13:38:16,5300.0,22.55,S
2021-06-07T13:38:14,1000.0,22.6,B
2021-06-07T13:38:06,1000.0,22.6,B
2021-06-07T13:38:02,3000.0,22.6,B
2021-06-07T13:37:40,1000.0,22.6,B
2021-06-07T13:37:37,5000.0,22.55,S
2021-06-07T13:37:33,8100.0,22.55,S
2021-06-07T13:37:30,800.0,22.6,B
2021-06-07T13:37:28,1000.0,22.6,B
2021-06-07T13:37:22,300.0,22.6,B
2021-06-07T13:37:18,2000.0,22.6,B
2021-06-07T13:37:13,500.0,22.55,S
2021-06-07T13:37:12,500.0,22.6,B
2021-06-07T13:37:08,100.0,22.6,B
2021-06-07T13:37:04,10000.0,22.6,B
2021-06-07T13:37:03,300.0,22.6,B
2021-06-07T13:36:47,3000.0,22.6,B
2021-06-07T13:36:47,400.0,22.6,B
2021-06-07T13:36:47,600.0,22.6,B
2021-06-07T13:36:45,300.0,22.6,B
2021-06-07T13:36:43,3000.0,22.6,B
2021-06-07T13:36:42,1000.0,22.6,B
2021-06-07T13:36:42,900.0,22.6,B
2021-06-07T13:36:41,2000.0,22.6,B
2021-06-07T13:36:39,1000.0,22.6,B
2021-06-07T13:36:23,1300.0,22.6,B
2021-06-07T13:36:23,200.0,22.6,B
2021-06-07T13:36:16,700.0,22.6,B
2021-06-07T13:36:14,900.0,22.6,B
2021-06-07T13:36:14,1000.0,22.6,B
2021-06-07T13:36:14,1100.0,22.6,B
2021-06-07T13:36:14,200.0,22.6,B
2021-06-07T13:36:01,1000.0,22.6,B
2021-06-07T13:35:53,1000.0,22.6,B
2021-06-07T13:35:50,2000.0,22.6,B
2021-06-07T13:35:48,2500.0,22.6,B
2021-06-07T13:35:45,2000.0,22.6,B
2021-06-07T13:35:24,600.0,22.6,B
2021-06-07T13:35:15,4000.0,22.6,B
2021-06-07T13:35:12,1900.0,22.6,B
2021-06-07T13:35:12,4100.0,22.6,B
2021-06-07T13:35:12,21200.0,22.6,B
2021-06-07T13:35:12,3000.0,22.6,B
2021-06-07T13:35:11,3600.0,22.6,B
2021-06-07T13:35:11,2400.0,22.6,B
2021-06-07T13:35:11,8000.0,22.6,B
2021-06-07T13:35:11,100.0,22.6,B
2021-06-07T13:35:11,5000.0,22.6,B
2021-06-07T13:35:11,6300.0,22.6,B
2021-06-07T13:35:11,10000.0,22.6,B
2021-06-07T13:35:11,2200.0,22.6,B
2021-06-07T13:35:11,5600.0,22.6,B
2021-06-07T13:35:10,2000.0,22.6,B
2021-06-07T13:35:07,5000.0,22.55,S
2021-06-07T13:35:07,100.0,22.6,B
2021-06-07T13:35:01,1200.0,22.6,B
2021-06-07T13:35:01,6500.0,22.6,B
2021-06-07T13:35:01,2700.0,22.6,B
2021-06-07T13:35:01,7000.0,22.6,B
2021-06-07T13:35:01,13400.0,22.6,B
2021-06-07T13:34:54,100.0,22.6,B
2021-06-07T13:34:48,1200.0,22.6,B
2021-06-07T13:34:48,1000.0,22.6,B
2021-06-07T13:34:47,4000.0,22.6,B
2021-06-07T13:34:46,3200.0,22.6,B
2021-06-07T13:34:46,6800.0,22.6,B
2021-06-07T13:34:44,4300.0,22.6,B
2021-06-07T13:34:43,1000.0,22.6,B
2021-06-07T13:34:38,900.0,22.6,B
2021-06-07T13:34:33,300.0,22.6,B
2021-06-07T13:34:31,1300.0,22.6,B
2021-06-07T13:34:26,1500.0,22.6,B
2021-06-07T13:34:25,200.0,22.6,B
2021-06-07T13:34:08,500.0,22.6,B
2021-06-07T13:34:06,5000.0,22.6,B
2021-06-07T13:34:04,300.0,22.6,B
2021-06-07T13:33:59,3000.0,22.6,B
2021-06-07T13:33:54,5000.0,22.6,B
2021-06-07T13:33:53,2000.0,22.6,B
2021-06-07T13:33:52,1000.0,22.6,B
2021-06-07T13:33:48,100.0,22.6,B
2021-06-07T13:33:44,1000.0,22.6,B
2021-06-07T13:33:43,900.0,22.6,B
2021-06-07T13:33:43,2000.0,22.6,B
2021-06-07T13:33:37,500.0,22.6,B
2021-06-07T13:33:35,2000.0,22.6,B
2021-06-07T13:33:32,3400.0,22.6,B
2021-06-07T13:33:29,2200.0,22.6,B
2021-06-07T13:33:25,100.0,22.6,B
2021-06-07T13:33:23,2300.0,22.6,B
2021-06-07T13:33:23,1300.0,22.6,B
2021-06-07T13:33:19,800.0,22.6,B
2021-06-07T13:33:19,3200.0,22.6,B
2021-06-07T13:33:12,1000.0,22.6,B
2021-06-07T13:33:11,500.0,22.6,B
2021-06-07T13:33:08,4700.0,22.6,B
2021-06-07T13:33:07,300.0,22.6,B
2021-06-07T13:33:05,100.0,22.6,B
2021-06-07T13:32:55,6300.0,22.6,B
2021-06-07T13:32:40,1100.0,22.6,B
2021-06-07T13:32:40,5000.0,22.6,B
2021-06-07T13:32:40,2500.0,22.6,B
2021-06-07T13:32:22,3000.0,22.6,B
2021-06-07T13:32:22,400.0,22.6,B
2021-06-07T13:32:22,6600.0,22.6,B
2021-06-07T13:31:38,300.0,22.6,B
2021-06-07T13:31:26,2000.0,22.6,B
2021-06-07T13:31:21,800.0,22.6,B
2021-06-07T13:31:18,1000.0,22.6,B
2021-06-07T13:31:15,100.0,22.6,B
2021-06-07T13:31:05,2000.0,22.6,B
2021-06-07T13:30:24,3200.0,22.55,B
2021-06-07T13:30:17,300.0,22.55,B
2021-06-07T13:30:06,5000.0,22.6,B
2021-06-07T13:30:00,300.0,22.6,B
2021-06-07T13:29:54,100.0,22.55,B
2021-06-07T13:29:45,500.0,22.6,B
2021-06-07T13:29:25,3000.0,22.55,B
2021-06-07T13:29:24,800.0,22.55,B
2021-06-07T13:29:23,1000.0,22.55,B
2021-06-07T13:29:23,2200.0,22.55,B
2021-06-07T13:29:23,500.0,22.55,B
2021-06-07T13:29:23,7200.0,22.55,B
2021-06-07T13:29:23,1900.0,22.55,B
2021-06-07T13:29:23,2900.0,22.55,B
2021-06-07T13:29:12,2000.0,22.55,B
2021-06-07T13:29:08,1000.0,22.55,B
2021-06-07T13:28:56,1000.0,22.55,B
2021-06-07T13:28:51,10000.0,22.55,B
2021-06-07T13:28:50,5000.0,22.5,S
2021-06-07T13:28:48,1000.0,22.55,B
2021-06-07T13:28:35,20000.0,22.55,B
2021-06-07T13:28:32,1000.0,22.55,B
2021-06-07T13:28:32,12500.0,22.55,B
2021-06-07T13:28:32,4400.0,22.55,B
2021-06-07T13:28:32,28600.0,22.55,B
2021-06-07T13:28:32,1100.0,22.55,B
2021-06-07T13:28:32,100.0,22.55,B
2021-06-07T13:28:32,2300.0,22.55,B
2021-06-07T13:28:31,1200.0,22.5,S
2021-06-07T13:28:25,200.0,22.5,S
2021-06-07T13:28:03,400.0,22.55,B
2021-06-07T13:27:57,200.0,22.55,B
2021-06-07T13:27:54,2800.0,22.5,S
2021-06-07T13:27:46,400.0,22.55,B
2021-06-07T13:27:40,20000.0,22.55,B
2021-06-07T13:27:40,300.0,22.5,S
2021-06-07T13:27:29,1500.0,22.5,S
2021-06-07T13:27:18,200.0,22.55,B
2021-06-07T13:27:05,200.0,22.5,B
2021-06-07T13:26:58,400.0,22.55,B
2021-06-07T13:26:41,200.0,22.5,B
2021-06-07T13:26:31,8200.0,22.5,B
2021-06-07T13:26:29,300.0,22.5,B
2021-06-07T13:26:29,600.0,22.5,B
2021-06-07T13:26:29,800.0,22.5,B
2021-06-07T13:26:29,1900.0,22.5,B
2021-06-07T13:26:29,1700.0,22.5,B
2021-06-07T13:26:24,800.0,22.5,B
2021-06-07T13:26:17,8800.0,22.5,B
2021-06-07T13:26:16,1000.0,22.5,B
2021-06-07T13:26:14,500.0,22.45,S
2021-06-07T13:26:07,200.0,22.5,B
2021-06-07T13:26:05,2200.0,22.5,B
2021-06-07T13:26:05,1100.0,22.5,B
2021-06-07T13:26:03,1000.0,22.5,B
2021-06-07T13:25:58,1000.0,22.5,B
2021-06-07T13:25:57,100.0,22.5,B
2021-06-07T13:25:56,200.0,22.5,B
2021-06-07T13:25:56,1000.0,22.5,B
2021-06-07T13:25:56,8800.0,22.5,B
2021-06-07T13:25:52,500.0,22.5,B
2021-06-07T13:25:48,3800.0,22.5,B
2021-06-07T13:25:48,400.0,22.5,B
2021-06-07T13:25:48,600.0,22.5,B
2021-06-07T13:25:48,500.0,22.5,B
2021-06-07T13:25:48,700.0,22.5,B
2021-06-07T13:25:42,2000.0,22.5,B
2021-06-07T13:25:38,300.0,22.5,B
2021-06-07T13:25:38,4700.0,22.5,B
2021-06-07T13:25:35,500.0,22.5,B
2021-06-07T13:25:33,100.0,22.5,B
2021-06-07T13:25:31,20000.0,22.5,B
2021-06-07T13:25:31,100.0,22.5,B
2021-06-07T13:25:28,1100.0,22.5,B
2021-06-07T13:25:20,4800.0,22.5,B
2021-06-07T13:25:20,1400.0,22.5,B
2021-06-07T13:25:20,1500.0,22.5,B
2021-06-07T13:25:20,1600.0,22.5,B
2021-06-07T13:25:20,4500.0,22.5,B
2021-06-07T13:25:20,1000.0,22.5,B
2021-06-07T13:25:20,1200.0,22.5,B
2021-06-07T13:25:20,1700.0,22.5,B
2021-06-07T13:25:20,2300.0,22.5,B
2021-06-07T13:25:20,4400.0,22.5,B
2021-06-07T13:25:20,4600.0,22.5,B
2021-06-07T13:25:20,1000.0,22.5,B
2021-06-07T13:25:19,500.0,22.5,B
2021-06-07T13:25:17,1000.0,22.5,B
2021-06-07T13:25:15,2500.0,22.5,B
2021-06-07T13:25:13,200.0,22.5,B
2021-06-07T13:25:05,200.0,22.5,B
2021-06-07T13:25:01,400.0,22.5,B
2021-06-07T13:24:58,2500.0,22.5,B
2021-06-07T13:24:53,2000.0,22.5,B
2021-06-07T13:24:50,100.0,22.5,B
2021-06-07T13:24:37,200.0,22.5,B
2021-06-07T13:24:36,2000.0,22.5,B
2021-06-07T13:24:35,1300.0,22.5,B
2021-06-07T13:24:33,1100.0,22.5,B
2021-06-07T13:24:31,2000.0,22.5,B
2021-06-07T13:24:24,900.0,22.5,B
2021-06-07T13:24:22,2000.0,22.5,B
2021-06-07T13:24:16,400.0,22.5,B
2021-06-07T13:24:09,300.0,22.5,B
2021-06-07T13:24:06,5000.0,22.5,B
2021-06-07T13:24:02,2000.0,22.5,B
2021-06-07T13:24:02,1000.0,22.5,B
2021-06-07T13:23:59,1500.0,22.5,B
2021-06-07T13:23:58,1000.0,22.5,B
2021-06-07T13:23:58,100.0,22.5,B
2021-06-07T13:23:56,600.0,22.5,B
2021-06-07T13:23:56,6400.0,22.5,B
2021-06-07T13:23:56,1000.0,22.5,B
2021-06-07T13:23:51,400.0,22.5,B
2021-06-07T13:23:45,300.0,22.5,B
2021-06-07T13:23:45,4500.0,22.5,B
2021-06-07T13:23:42,8600.0,22.5,B
2021-06-07T13:23:42,1400.0,22.5,B
2021-06-07T13:23:42,3100.0,22.5,B
2021-06-07T13:23:41,1900.0,22.5,B
2021-06-07T13:23:40,7100.0,22.5,B
2021-06-07T13:23:40,39900.0,22.5,B
2021-06-07T13:23:37,2000.0,22.5,B
2021-06-07T13:23:33,3000.0,22.5,B
2021-06-07T13:23:28,500.0,22.5,B
2021-06-07T13:23:26,500.0,22.5,B
2021-06-07T13:23:21,10000.0,22.5,B
2021-06-07T13:23:18,10000.0,22.5,B
2021-06-07T13:23:10,1000.0,22.5,B
2021-06-07T13:23:04,1000.0,22.5,B
2021-06-07T13:23:01,100.0,22.45,S
2021-06-07T13:22:56,10000.0,22.5,B
2021-06-07T13:22:47,400.0,22.5,B
2021-06-07T13:22:42,300.0,22.5,B
2021-06-07T13:22:39,200.0,22.5,B
2021-06-07T13:22:32,100.0,22.5,B
2021-06-07T13:22:32,1000.0,22.5,B
2021-06-07T13:22:29,10000.0,22.5,B
2021-06-07T13:22:12,700.0,22.5,B
2021-06-07T13:22:12,25500.0,22.5,B
2021-06-07T13:22:08,1000.0,22.5,B
2021-06-07T13:22:06,400.0,22.5,B
2021-06-07T13:22:06,100.0,22.5,B
2021-06-07T13:22:05,400.0,22.5,B
2021-06-07T13:22:02,200.0,22.5,B
2021-06-07T13:21:56,800.0,22.5,B
2021-06-07T13:21:53,100.0,22.5,B
2021-06-07T13:21:51,1000.0,22.5,B
2021-06-07T13:21:47,10000.0,22.5,B
2021-06-07T13:21:45,400.0,22.5,B
2021-06-07T13:21:44,600.0,22.5,B
2021-06-07T13:21:42,100.0,22.45,B
2021-06-07T13:21:37,100.0,22.5,B
2021-06-07T13:21:35,4800.0,22.5,B
2021-06-07T13:21:29,100.0,22.5,B
2021-06-07T13:21:21,100.0,22.5,B
2021-06-07T13:21:19,300.0,22.5,B
2021-06-07T13:20:56,1000.0,22.5,B
2021-06-07T13:20:47,5000.0,22.5,B
2021-06-07T13:20:45,1000.0,22.5,B
2021-06-07T13:20:40,10000.0,22.45,B
2021-06-07T13:20:40,400.0,22.45,B
2021-06-07T13:20:40,7200.0,22.45,B
2021-06-07T13:20:38,400.0,22.45,B
2021-06-07T13:20:38,1000.0,22.45,B
2021-06-07T13:20:34,1000.0,22.45,B
2021-06-07T13:20:30,900.0,22.45,B
2021-06-07T13:20:30,100.0,22.45,B
2021-06-07T13:20:21,2000.0,22.45,B
2021-06-07T13:20:17,100.0,22.45,B
2021-06-07T13:20:07,3700.0,22.45,B
2021-06-07T13:20:07,5000.0,22.45,B
2021-06-07T13:20:07,4000.0,22.45,B
2021-06-07T13:20:07,3000.0,22.45,B
2021-06-07T13:20:07,2000.0,22.45,B
2021-06-07T13:20:07,32300.0,22.45,B
2021-06-07T13:20:04,1000.0,22.45,B
2021-06-07T13:20:01,200.0,22.45,B
2021-06-07T13:19:43,300.0,22.4,B
2021-06-07T13:19:41,100.0,22.4,B
2021-06-07T13:19:40,3000.0,22.45,B
2021-06-07T13:19:39,400.0,22.45,B
2021-06-07T13:19:34,800.0,22.45,B
2021-06-07T13:19:31,5000.0,22.4,B
2021-06-07T13:19:17,400.0,22.45,B
2021-06-07T13:19:14,500.0,22.45,B
2021-06-07T13:19:08,200.0,22.45,B
2021-06-07T13:19:00,400.0,22.45,B
2021-06-07T13:19:00,500.0,22.45,B
2021-06-07T13:18:56,200.0,22.4,B
2021-06-07T13:18:38,200.0,22.45,B
2021-06-07T13:18:36,4000.0,22.4,B
2021-06-07T13:18:32,600.0,22.45,B
2021-06-07T13:18:17,300.0,22.4,B
2021-06-07T13:18:08,300.0,22.4,B
2021-06-07T13:18:08,2700.0,22.4,B
2021-06-07T13:18:08,7700.0,22.4,B
2021-06-07T13:18:01,3600.0,22.4,B
2021-06-07T13:18:01,700.0,22.4,B
2021-06-07T13:18:01,400.0,22.4,B
2021-06-07T13:18:01,4800.0,22.4,B
2021-06-07T13:18:01,500.0,22.4,B
2021-06-07T13:17:51,10000.0,22.4,B
2021-06-07T13:17:49,10000.0,22.4,B
2021-06-07T13:17:46,400.0,22.4,B
2021-06-07T13:17:37,4500.0,22.4,B
2021-06-07T13:17:31,300.0,22.35,B
2021-06-07T13:17:30,24700.0,22.35,B
2021-06-07T13:17:29,1000.0,22.4,B
2021-06-07T13:17:20,400.0,22.4,B
2021-06-07T13:17:18,3000.0,22.35,B
2021-06-07T13:17:14,700.0,22.35,B
2021-06-07T13:17:11,7000.0,22.35,B
2021-06-07T13:16:48,100.0,22.4,B
2021-06-07T13:16:47,1000.0,22.35,B
2021-06-07T13:16:43,400.0,22.4,B
2021-06-07T13:16:36,100.0,22.4,B
2021-06-07T13:16:28,300.0,22.35,B
2021-06-07T13:16:19,100.0,22.4,B
2021-06-07T13:16:17,500.0,22.4,B
2021-06-07T13:16:12,2000.0,22.35,B
2021-06-07T13:16:09,300.0,22.35,B
2021-06-07T13:15:48,500.0,22.35,B
2021-06-07T13:15:44,200.0,22.35,B
2021-06-07T13:15:44,100.0,22.35,B
2021-06-07T13:15:44,14900.0,22.35,B
2021-06-07T13:15:43,1700.0,22.35,B
2021-06-07T13:15:40,100.0,22.35,B
2021-06-07T13:15:36,1000.0,22.35,B
2021-06-07T13:15:33,2000.0,22.35,B
2021-06-07T13:15:33,1500.0,22.35,B
2021-06-07T13:15:31,2400.0,22.35,B
2021-06-07T13:15:26,2000.0,22.35,B
2021-06-07T13:15:24,1000.0,22.35,B
2021-06-07T13:15:23,2000.0,22.35,B
2021-06-07T13:15:21,2000.0,22.3,S
2021-06-07T13:15:17,400.0,22.35,B
2021-06-07T13:14:51,5000.0,22.35,B
2021-06-07T13:14:43,30000.0,22.35,B
2021-06-07T13:14:42,900.0,22.35,B
2021-06-07T13:14:41,100.0,22.35,B
2021-06-07T13:14:39,500.0,22.35,B
2021-06-07T13:14:25,400.0,22.35,B
2021-06-07T13:14:22,500.0,22.35,B
2021-06-07T13:14:17,200.0,22.35,B
2021-06-07T13:14:09,200.0,22.3,S
2021-06-07T13:14:05,400.0,22.35,B
2021-06-07T13:14:04,1000.0,22.3,S
2021-06-07T13:13:35,100.0,22.35,B
2021-06-07T13:13:27,5000.0,22.35,B
2021-06-07T13:13:24,200.0,22.3,S
2021-06-07T13:13:17,100.0,22.35,B
2021-06-07T13:13:09,500.0,22.3,B
2021-06-07T13:13:09,1000.0,22.35,B
2021-06-07T13:13:01,5000.0,22.3,B
2021-06-07T13:13:00,200.0,22.35,B
2021-06-07T13:12:54,400.0,22.35,B
2021-06-07T13:12:54,1100.0,22.35,B
2021-06-07T13:12:44,3000.0,22.35,B
2021-06-07T13:12:41,100.0,22.3,B
2021-06-07T13:12:02,2500.0,22.3,B
2021-06-07T13:11:59,1600.0,22.35,B
2021-06-07T13:11:47,1500.0,22.35,B
2021-06-07T13:11:40,100.0,22.35,B
2021-06-07T13:11:18,400.0,22.3,B
2021-06-07T13:11:16,400.0,22.35,B
2021-06-07T13:11:11,1000.0,22.35,B
2021-06-07T13:11:01,9900.0,22.3,B
2021-06-07T13:10:56,4000.0,22.3,B
2021-06-07T13:10:43,1000.0,22.35,B
2021-06-07T13:10:13,1000.0,22.3,B
2021-06-07T13:10:02,5200.0,22.3,B
2021-06-07T13:09:59,400.0,22.3,B
2021-06-07T13:09:47,5000.0,22.3,B
2021-06-07T13:09:47,2700.0,22.3,B
2021-06-07T13:09:47,600.0,22.3,B
2021-06-07T13:09:47,1700.0,22.3,B
2021-06-07T13:09:22,100.0,22.3,B
2021-06-07T13:09:20,400.0,22.3,B
2021-06-07T13:09:18,400.0,22.3,B
2021-06-07T13:09:15,3000.0,22.3,B
2021-06-07T13:09:15,2500.0,22.3,B
2021-06-07T13:09:15,600.0,22.3,B
2021-06-07T13:09:14,300.0,22.3,B
2021-06-07T13:09:11,500.0,22.3,B
2021-06-07T13:09:11,1100.0,22.3,B
2021-06-07T13:09:10,1200.0,22.3,B
2021-06-07T13:09:10,500.0,22.3,B
2021-06-07T13:09:05,10000.0,22.3,B
2021-06-07T13:08:49,400.0,22.3,B
2021-06-07T13:08:45,100.0,22.3,B
2021-06-07T13:08:42,500.0,22.3,B
2021-06-07T13:08:30,400.0,22.3,B
2021-06-07T13:08:28,200.0,22.3,B
2021-06-07T13:08:10,3000.0,22.25,S
2021-06-07T13:08:03,400.0,22.3,B
2021-06-07T13:07:57,100.0,22.3,B
2021-06-07T13:07:39,4000.0,22.3,B
2021-06-07T13:07:26,400.0,22.3,B
2021-06-07T13:07:15,500.0,22.25,S
2021-06-07T13:07:15,1000.0,22.25,S
2021-06-07T13:07:15,3200.0,22.25,S
2021-06-07T13:07:14,300.0,22.25,S
2021-06-07T13:07:04,1400.0,22.3,B
2021-06-07T13:06:54,500.0,22.25,S
2021-06-07T13:06:49,300.0,22.3,B
2021-06-07T13:06:49,1100.0,22.3,B
2021-06-07T13:06:45,2000.0,22.3,B
2021-06-07T13:06:39,8400.0,22.3,B
2021-06-07T13:06:36,1700.0,22.3,B
2021-06-07T13:06:34,1500.0,22.25,S
2021-06-07T13:06:34,700.0,22.3,B
2021-06-07T13:06:13,2500.0,22.3,B
2021-06-07T13:05:54,700.0,22.3,B
2021-06-07T13:05:46,100.0,22.25,S
2021-06-07T13:05:45,100.0,22.25,S
2021-06-07T13:05:31,100.0,22.25,S
2021-06-07T13:05:26,1000.0,22.3,B
2021-06-07T13:05:09,600.0,22.25,S
2021-06-07T13:05:09,100.0,22.25,S
2021-06-07T13:05:09,300.0,22.25,S
2021-06-07T13:05:07,200.0,22.25,S
2021-06-07T13:04:33,400.0,22.3,B
2021-06-07T13:04:07,800.0,22.25,S
2021-06-07T13:03:59,500.0,22.25,S
2021-06-07T13:03:53,5000.0,22.3,B
2021-06-07T13:03:49,2600.0,22.3,B
2021-06-07T13:03:48,1000.0,22.3,B
2021-06-07T13:03:35,2000.0,22.25,S
2021-06-07T13:03:32,5500.0,22.25,S
2021-06-07T13:03:32,500.0,22.25,S
2021-06-07T13:03:25,400.0,22.3,B
2021-06-07T13:03:10,400.0,22.25,S
2021-06-07T13:02:50,400.0,22.3,B
2021-06-07T13:02:49,2000.0,22.25,S
2021-06-07T13:02:28,1000.0,22.3,B
2021-06-07T13:02:22,2100.0,22.25,S
2021-06-07T13:02:16,2000.0,22.25,S
2021-06-07T13:02:15,14000.0,22.3,B
2021-06-07T13:02:10,500.0,22.25,S
2021-06-07T13:02:05,200.0,22.25,S
2021-06-07T13:02:05,500.0,22.3,B
2021-06-07T13:02:00,3200.0,22.3,B
2021-06-07T13:02:00,10800.0,22.3,B
2021-06-07T13:02:00,100.0,22.3,B
2021-06-07T13:02:00,15400.0,22.3,B
2021-06-07T13:02:00,1600.0,22.3,B
2021-06-07T13:02:00,3000.0,22.3,B
2021-06-07T13:02:00,1900.0,22.3,B
2021-06-07T13:02:00,4600.0,22.3,B
2021-06-07T13:01:59,3000.0,22.3,B
2021-06-07T13:01:56,400.0,22.25,S
2021-06-07T13:01:53,1000.0,22.3,B
2021-06-07T13:01:53,1500.0,22.3,B
2021-06-07T13:01:51,2000.0,22.3,B
2021-06-07T13:01:51,13800.0,22.3,B
2021-06-07T13:01:51,10300.0,22.3,B
2021-06-07T13:01:51,10000.0,22.3,B
2021-06-07T13:01:46,2500.0,22.3,B
2021-06-07T13:01:44,5000.0,22.25,S
2021-06-07T13:01:34,2000.0,22.3,B
2021-06-07T13:01:26,800.0,22.25,S
2021-06-07T13:01:25,400.0,22.3,B
2021-06-07T13:01:04,2000.0,22.25,S
2021-06-07T13:00:55,100.0,22.25,S
2021-06-07T13:00:53,5000.0,22.25,S
2021-06-07T13:00:49,1500.0,22.25,S
2021-06-07T13:00:44,1400.0,22.25,S
2021-06-07T13:00:36,5000.0,22.3,B
2021-06-07T13:00:19,200.0,22.25,S
2021-06-07T13:00:17,1000.0,22.25,S
2021-06-07T13:00:17,500.0,22.25,S
2021-06-07T13:00:15,100.0,22.25,S
2021-06-07T13:00:15,500.0,22.3,B
2021-06-07T11:34:14,100.0,22.25,B
2021-06-07T11:34:14,300.0,22.25,B
2021-06-07T11:34:09,500.0,22.25,B
2021-06-07T11:33:44,600.0,22.3,B
2021-06-07T11:33:39,1200.0,22.3,B
2021-06-07T11:33:29,1000.0,22.25,B
2021-06-07T11:33:29,3500.0,22.25,B
2021-06-07T11:33:24,500.0,22.25,B
2021-06-07T11:33:24,1000.0,22.25,B
2021-06-07T11:33:19,400.0,22.3,B
2021-06-07T11:32:49,3900.0,22.25,B
2021-06-07T11:32:44,1000.0,22.25,B
2021-06-07T11:32:44,500.0,22.2,S
2021-06-07T11:32:29,28300.0,22.3,B
2021-06-07T11:32:29,200.0,22.25,B
2021-06-07T11:32:29,600.0,22.25,B
2021-06-07T11:32:29,20900.0,22.25,B
2021-06-07T11:32:24,1000.0,22.25,B
2021-06-07T11:32:19,700.0,22.2,S
2021-06-07T11:32:14,100.0,22.2,S
2021-06-07T11:32:14,300.0,22.2,S
2021-06-07T11:32:14,800.0,22.2,S
2021-06-07T11:32:04,3000.0,22.2,S
2021-06-07T11:32:04,400.0,22.2,S
2021-06-07T11:31:59,200.0,22.2,S
2021-06-07T11:31:59,2000.0,22.15,S
2021-06-07T11:31:34,300.0,22.25,B
2021-06-07T11:31:29,15000.0,22.25,B
2021-06-07T11:31:29,400.0,22.25,B
2021-06-07T11:31:24,100.0,22.25,B
2021-06-07T11:31:14,31000.0,22.25,B
2021-06-07T11:31:14,2000.0,22.2,S
2021-06-07T11:30:54,1000.0,22.2,S
2021-06-07T11:30:54,100.0,22.2,S
2021-06-07T11:30:54,500.0,22.2,S
2021-06-07T11:30:54,1000.0,22.2,S
2021-06-07T11:30:49,100.0,22.2,S
2021-06-07T11:30:49,10000.0,22.2,S
2021-06-07T11:30:39,2200.0,22.2,S
2021-06-07T11:30:39,2000.0,22.2,S
2021-06-07T11:30:29,200.0,22.2,S
2021-06-07T11:30:24,300.0,22.2,S
2021-06-07T11:30:19,500.0,22.2,S
2021-06-07T11:30:09,1800.0,22.2,S
2021-06-07T11:30:06,2300.0,22.2,S
2021-06-07T11:30:06,1000.0,22.2,S
2021-06-07T11:30:06,800.0,22.2,S
2021-06-07T11:30:06,100.0,22.15,S
2021-06-07T11:30:06,2000.0,22.2,S
2021-06-07T11:30:06,900.0,22.2,S
2021-06-07T11:30:06,1600.0,22.15,S
2021-06-07T11:29:55,100.0,22.2,S
2021-06-07T11:29:55,300.0,22.2,S
2021-06-07T11:29:53,200.0,22.2,S
2021-06-07T11:29:47,100.0,22.15,S
2021-06-07T11:29:43,200.0,22.2,S
2021-06-07T11:29:42,100.0,22.2,S
2021-06-07T11:29:39,100.0,22.2,S
2021-06-07T11:29:27,5000.0,22.2,S
2021-06-07T11:29:26,500.0,22.2,S
2021-06-07T11:29:23,2000.0,22.2,S
2021-06-07T11:29:12,200.0,22.2,S
2021-06-07T11:29:06,1000.0,22.15,S
2021-06-07T11:29:02,1000.0,22.2,S
2021-06-07T11:28:50,2000.0,22.2,S
2021-06-07T11:28:40,200.0,22.2,S
2021-06-07T11:28:38,100.0,22.2,S
2021-06-07T11:28:30,100.0,22.2,S
2021-06-07T11:28:21,2000.0,22.2,S
2021-06-07T11:28:13,500.0,22.2,S
2021-06-07T11:28:09,14600.0,22.2,S
2021-06-07T11:28:08,200.0,22.2,S
2021-06-07T11:27:52,2000.0,22.2,S
2021-06-07T11:27:43,2000.0,22.2,S
2021-06-07T11:27:31,100.0,22.2,S
2021-06-07T11:27:31,5100.0,22.2,S
2021-06-07T11:27:31,1100.0,22.2,S
2021-06-07T11:27:31,2800.0,22.2,S
2021-06-07T11:27:31,100.0,22.2,S
2021-06-07T11:27:30,13300.0,22.2,S
2021-06-07T11:27:29,1600.0,22.3,B
2021-06-07T11:27:24,900.0,22.25,B
2021-06-07T11:27:17,1000.0,22.25,B
2021-06-07T11:27:09,200.0,22.25,B
2021-06-07T11:27:03,100.0,22.25,B
2021-06-07T11:26:48,3000.0,22.25,B
2021-06-07T11:26:45,4000.0,22.25,B
2021-06-07T11:26:30,300.0,22.25,B
2021-06-07T11:26:23,10100.0,22.25,B
2021-06-07T11:26:22,1000.0,22.25,B
2021-06-07T11:26:20,1200.0,22.2,S
2021-06-07T11:26:10,2000.0,22.2,S
2021-06-07T11:26:07,400.0,22.2,S
2021-06-07T11:26:07,100.0,22.25,B
2021-06-07T11:25:57,1700.0,22.25,B
2021-06-07T11:25:56,100.0,22.2,S
2021-06-07T11:25:38,500.0,22.2,S
2021-06-07T11:25:24,100.0,22.25,B
2021-06-07T11:25:18,100.0,22.25,B
2021-06-07T11:25:18,1000.0,22.25,B
2021-06-07T11:25:15,100.0,22.25,B
2021-06-07T11:25:14,1000.0,22.25,B
2021-06-07T11:25:02,500.0,22.25,B
2021-06-07T11:24:52,800.0,22.25,B
2021-06-07T11:24:21,1000.0,22.2,S
2021-06-07T11:24:05,10000.0,22.2,S
2021-06-07T11:23:31,1000.0,22.25,B
2021-06-07T11:23:07,2000.0,22.25,B
2021-06-07T11:22:58,200.0,22.25,B
2021-06-07T11:22:58,5000.0,22.2,S
2021-06-07T11:22:58,200.0,22.25,B
2021-06-07T11:22:45,2000.0,22.25,B
2021-06-07T11:22:36,2000.0,22.25,B
2021-06-07T11:22:01,100.0,22.25,B
2021-06-07T11:22:01,2000.0,22.2,S
2021-06-07T11:21:51,2000.0,22.2,S
2021-06-07T11:21:51,500.0,22.2,S
2021-06-07T11:21:45,3900.0,22.25,B
2021-06-07T11:21:25,1500.0,22.25,B
2021-06-07T11:21:23,1000.0,22.25,B
2021-06-07T11:21:12,200.0,22.25,B
2021-06-07T11:21:09,100.0,22.25,B
2021-06-07T11:20:51,100.0,22.25,B
2021-06-07T11:20:36,400.0,22.2,S
2021-06-07T11:20:05,3000.0,22.25,B
2021-06-07T11:19:55,1000.0,22.2,S
2021-06-07T11:19:45,2000.0,22.2,S
2021-06-07T11:19:23,2000.0,22.25,B
2021-06-07T11:19:11,100.0,22.25,B
2021-06-07T11:19:07,900.0,22.25,B
2021-06-07T11:19:00,4800.0,22.25,B
2021-06-07T11:18:48,200.0,22.25,B
2021-06-07T11:18:43,200.0,22.2,S
2021-06-07T11:18:38,1000.0,22.25,B
2021-06-07T11:18:26,1600.0,22.2,S
2021-06-07T11:18:26,2000.0,22.2,S
2021-06-07T11:18:17,100.0,22.25,B
2021-06-07T11:18:02,3000.0,22.3,B
2021-06-07T11:17:52,6100.0,22.3,B
2021-06-07T11:17:49,100000.0,22.2,S
2021-06-07T11:17:34,1000.0,22.3,B
2021-06-07T11:17:33,1000.0,22.3,B
2021-06-07T11:17:26,500.0,22.3,B
2021-06-07T11:17:26,1000.0,22.25,B
2021-06-07T11:17:21,200.0,22.25,B
2021-06-07T11:17:17,100.0,22.25,B
2021-06-07T11:17:04,1000.0,22.25,B
2021-06-07T11:16:49,1600.0,22.25,B
2021-06-07T11:16:25,100.0,22.25,S
2021-06-07T11:16:15,2600.0,22.2,S
2021-06-07T11:16:14,1600.0,22.2,S
2021-06-07T11:16:13,500.0,22.25,S
2021-06-07T11:16:00,2000.0,22.25,S
2021-06-07T11:15:48,200.0,22.25,S
2021-06-07T11:15:43,1000.0,22.2,S
2021-06-07T11:15:41,1000.0,22.25,S
2021-06-07T11:15:36,1000.0,22.25,S
2021-06-07T11:15:25,6300.0,22.25,S
2021-06-07T11:15:23,100.0,22.25,S
2021-06-07T11:15:20,500.0,22.3,B
2021-06-07T11:15:20,400.0,22.3,B
2021-06-07T11:15:15,2000.0,22.3,B
2021-06-07T11:15:11,1500.0,22.3,B
2021-06-07T11:15:02,500.0,22.25,S
2021-06-07T11:15:01,1000.0,22.3,B
2021-06-07T11:15:00,900.0,22.3,B
2021-06-07T11:14:57,1000.0,22.3,B
2021-06-07T11:14:57,1800.0,22.25,S
2021-06-07T11:14:57,400.0,22.25,S
2021-06-07T11:14:50,400.0,22.25,S
2021-06-07T11:14:47,1000.0,22.25,S
2021-06-07T11:14:40,400.0,22.25,S
2021-06-07T11:14:30,100.0,22.25,S
2021-06-07T11:14:24,1500.0,22.25,S
2021-06-07T11:14:22,100.0,22.25,S
2021-06-07T11:14:21,2000.0,22.1,S
2021-06-07T11:14:18,100.0,22.25,S
2021-06-07T11:14:12,2200.0,22.1,S
2021-06-07T11:14:12,400.0,22.1,S
2021-06-07T11:14:12,7400.0,22.1,S
2021-06-07T11:14:12,1100.0,22.1,S
2021-06-07T11:14:11,100.0,22.1,S
2021-06-07T11:14:11,2200.0,22.1,S
2021-06-07T11:14:11,300.0,22.1,S
2021-06-07T11:14:11,3000.0,22.1,S
2021-06-07T11:14:11,500.0,22.1,S
2021-06-07T11:14:11,9200.0,22.1,S
2021-06-07T11:14:11,5000.0,22.1,S
2021-06-07T11:14:11,200.0,22.1,S
2021-06-07T11:14:11,2900.0,22.1,S
2021-06-07T11:14:11,17500.0,22.1,S
2021-06-07T11:14:11,12900.0,22.1,S
2021-06-07T11:14:11,300.0,22.1,S
2021-06-07T11:14:11,1200.0,22.1,S
2021-06-07T11:14:11,2800.0,22.1,S
2021-06-07T11:14:11,1100.0,22.1,S
2021-06-07T11:14:11,37200.0,22.1,S
2021-06-07T11:14:11,27500.0,22.15,S
2021-06-07T11:14:07,1000.0,22.2,S
2021-06-07T11:13:59,800.0,22.2,S
2021-06-07T11:13:59,200.0,22.2,S
2021-06-07T11:13:52,900.0,22.25,S
2021-06-07T11:13:50,400.0,22.25,S
2021-06-07T11:13:49,500.0,22.25,S
2021-06-07T11:13:49,1000.0,22.25,S
2021-06-07T11:13:43,4000.0,22.25,S
2021-06-07T11:13:41,2000.0,22.15,S
2021-06-07T11:13:37,100.0,22.25,S
2021-06-07T11:13:37,1000.0,22.25,S
2021-06-07T11:13:36,500.0,22.25,S
2021-06-07T11:13:23,5000.0,22.25,S
2021-06-07T11:13:22,1000.0,22.3,B
2021-06-07T11:13:17,100.0,22.3,B
2021-06-07T11:13:15,1900.0,22.3,B
2021-06-07T11:13:11,1000.0,22.25,S
2021-06-07T11:13:10,2000.0,22.3,B
2021-06-07T11:12:54,1700.0,22.25,S
2021-06-07T11:12:39,700.0,22.15,S
2021-06-07T11:12:39,3000.0,22.15,S
2021-06-07T11:12:39,100.0,22.2,S
2021-06-07T11:12:39,900.0,22.2,S
2021-06-07T11:12:39,3100.0,22.2,S
2021-06-07T11:12:39,9100.0,22.2,S
2021-06-07T11:12:39,5100.0,22.2,S
2021-06-07T11:12:39,19100.0,22.2,S
2021-06-07T11:12:39,400.0,22.2,S
2021-06-07T11:12:39,18500.0,22.2,S
2021-06-07T11:12:36,500.0,22.25,S
2021-06-07T11:12:31,400.0,22.25,S
2021-06-07T11:11:57,100.0,22.25,S
2021-06-07T11:11:49,100.0,22.25,S
2021-06-07T11:11:47,500.0,22.3,B
2021-06-07T11:11:27,1000.0,22.3,B
2021-06-07T11:11:15,1000.0,22.3,B
2021-06-07T11:11:03,300.0,22.3,B
2021-06-07T11:11:01,1000.0,22.3,B
2021-06-07T11:10:55,1000.0,22.2,S
2021-06-07T11:10:51,1000.0,22.2,S
2021-06-07T11:10:50,600.0,22.2,S
2021-06-07T11:10:50,500.0,22.3,B
2021-06-07T11:10:45,300.0,22.2,S
2021-06-07T11:10:22,500.0,22.3,B
2021-06-07T11:10:13,300.0,22.2,S
2021-06-07T11:10:10,300.0,22.25,S
2021-06-07T11:10:07,500.0,22.25,S
2021-06-07T11:10:05,1000.0,22.3,B
2021-06-07T11:09:43,100.0,22.3,B
2021-06-07T11:09:30,100.0,22.25,S
2021-06-07T11:09:26,500.0,22.3,B
2021-06-07T11:09:14,1300.0,22.3,B
2021-06-07T11:09:07,500.0,22.3,B
2021-06-07T11:09:05,4000.0,22.3,B
2021-06-07T11:08:56,1000.0,22.3,B
2021-06-07T11:08:54,1000.0,22.3,B
2021-06-07T11:08:35,1000.0,22.3,S
2021-06-07T11:08:32,500.0,22.3,S
2021-06-07T11:08:27,200.0,22.3,S
2021-06-07T11:08:16,500.0,22.3,S
2021-06-07T11:08:16,1100.0,22.2,S
2021-06-07T11:08:16,900.0,22.2,S
2021-06-07T11:08:13,1000.0,22.3,S
2021-06-07T11:08:05,5000.0,22.2,S
2021-06-07T11:08:04,4000.0,22.2,S
2021-06-07T11:07:52,1000.0,22.3,S
2021-06-07T11:07:50,1000.0,22.3,S
2021-06-07T11:07:38,1000.0,22.3,S
2021-06-07T11:07:36,4400.0,22.3,S
2021-06-07T11:07:32,1900.0,22.2,S
2021-06-07T11:07:32,100.0,22.3,S
2021-06-07T11:07:01,1000.0,22.2,S
2021-06-07T11:06:57,9400.0,22.2,S
2021-06-07T11:06:57,1300.0,22.2,S
2021-06-07T11:06:57,500.0,22.2,S
2021-06-07T11:06:56,8800.0,22.2,S
2021-06-07T11:06:55,300.0,22.2,S
2021-06-07T11:06:55,200.0,22.2,S
2021-06-07T11:06:40,2000.0,22.3,S
2021-06-07T11:06:36,100.0,22.3,S
2021-06-07T11:06:21,100.0,22.3,S
2021-06-07T11:06:19,11600.0,22.2,S
2021-06-07T11:05:18,100.0,22.3,S
2021-06-07T11:05:13,2000.0,22.3,S
2021-06-07T11:05:08,100.0,22.3,S
2021-06-07T11:05:00,1000.0,22.2,S
2021-06-07T11:04:51,1000.0,22.2,S
2021-06-07T11:04:46,2800.0,22.2,S
2021-06-07T11:04:43,900.0,22.3,S
2021-06-07T11:04:41,500.0,22.3,S
2021-06-07T11:04:40,300.0,22.2,S
2021-06-07T11:04:33,2000.0,22.3,S
2021-06-07T11:04:31,200.0,22.3,S
2021-06-07T11:04:07,700.0,22.2,S
2021-06-07T11:03:52,300.0,22.3,S
2021-06-07T11:03:44,100.0,22.4,S
2021-06-07T11:03:39,600.0,22.2,S
2021-06-07T11:03:39,1700.0,22.2,S
2021-06-07T11:03:39,3000.0,22.2,S
2021-06-07T11:03:39,500.0,22.25,S
2021-06-07T11:03:39,3200.0,22.25,S
2021-06-07T11:03:36,1000.0,22.45,B
2021-06-07T11:03:32,200.0,22.3,S
2021-06-07T11:03:20,700.0,22.25,S
2021-06-07T11:03:10,300.0,22.3,S
2021-06-07T11:03:09,300.0,22.4,S
2021-06-07T11:02:50,100.0,22.5,B
2021-06-07T11:02:15,2000.0,22.25,S
2021-06-07T11:02:07,100.0,22.45,B
2021-06-07T11:02:07,400.0,22.45,B
2021-06-07T11:02:01,5300.0,22.25,S
2021-06-07T11:02:01,1100.0,22.25,S
2021-06-07T11:02:01,5300.0,22.3,S
2021-06-07T11:02:01,3300.0,22.3,S
2021-06-07T11:01:41,100.0,22.45,B
2021-06-07T11:01:32,500.0,22.3,S
2021-06-07T11:01:30,400.0,22.45,B
2021-06-07T11:01:29,1000.0,22.45,B
2021-06-07T11:01:04,100.0,22.45,B
2021-06-07T11:01:01,400.0,22.45,B
2021-06-07T11:00:42,2900.0,22.3,S
2021-06-07T11:00:42,7100.0,22.3,S
2021-06-07T11:00:40,200.0,22.35,S
2021-06-07T11:00:35,800.0,22.35,S
2021-06-07T11:00:28,500.0,22.45,S
2021-06-07T10:59:36,200.0,22.3,S
2021-06-07T10:59:36,1000.0,22.4,S
2021-06-07T10:59:10,1000.0,22.3,S
2021-06-07T10:59:01,1000.0,22.45,S
2021-06-07T10:58:43,2000.0,22.3,S
2021-06-07T10:58:31,100.0,22.3,S
2021-06-07T10:58:15,1000.0,22.45,S
2021-06-07T10:58:08,3000.0,22.3,S
2021-06-07T10:57:52,200.0,22.3,S
2021-06-07T10:57:44,2000.0,22.3,S
2021-06-07T10:57:20,400.0,22.5,B
2021-06-07T10:57:17,10000.0,22.5,B
2021-06-07T10:57:01,200.0,22.3,S
2021-06-07T10:57:01,700.0,22.3,S
2021-06-07T10:56:52,50000.0,22.3,S
2021-06-07T10:56:49,1000.0,22.5,B
2021-06-07T10:56:30,600.0,22.45,S
2021-06-07T10:56:28,100.0,22.5,B
2021-06-07T10:56:27,5300.0,22.4,S
2021-06-07T10:56:24,1200.0,22.3,S
2021-06-07T10:56:24,1300.0,22.3,S
2021-06-07T10:56:21,500.0,22.3,S
2021-06-07T10:56:15,2000.0,22.3,S
2021-06-07T10:56:15,1000.0,22.4,S
2021-06-07T10:56:05,1000.0,22.3,S
2021-06-07T10:56:03,500.0,22.4,S
2021-06-07T10:55:58,100.0,22.4,S
2021-06-07T10:55:55,1400.0,22.4,S
2021-06-07T10:55:50,200.0,22.3,S
2021-06-07T10:55:42,200.0,22.5,B
2021-06-07T10:55:42,8900.0,22.5,B
2021-06-07T10:55:39,100.0,22.45,S
2021-06-07T10:55:36,1000.0,22.3,S
2021-06-07T10:55:29,800.0,22.45,S
2021-06-07T10:55:10,400.0,22.3,S
2021-06-07T10:55:00,500.0,22.45,S
2021-06-07T10:54:45,1500.0,22.5,B
2021-06-07T10:54:43,2000.0,22.5,B
2021-06-07T10:54:42,2100.0,22.3,S
2021-06-07T10:54:24,100.0,22.3,S
2021-06-07T10:54:07,3000.0,22.5,B
2021-06-07T10:54:06,1200.0,22.5,B
2021-06-07T10:54:03,2000.0,22.3,S
2021-06-07T10:54:03,600.0,22.5,B
2021-06-07T10:54:02,4500.0,22.5,B
2021-06-07T10:53:55,4400.0,22.5,B
2021-06-07T10:53:31,8500.0,22.3,S
2021-06-07T10:53:31,5100.0,22.3,S
2021-06-07T10:53:31,10000.0,22.3,S
2021-06-07T10:53:31,300.0,22.35,S
2021-06-07T10:53:31,500.0,22.35,S
2021-06-07T10:53:31,2700.0,22.35,S
2021-06-07T10:53:31,2500.0,22.35,S
2021-06-07T10:53:31,1000.0,22.35,S
2021-06-07T10:53:30,1800.0,22.35,S
2021-06-07T10:53:30,100.0,22.35,S
2021-06-07T10:53:30,2500.0,22.35,S
2021-06-07T10:53:30,1200.0,22.4,S
2021-06-07T10:53:30,300.0,22.4,S
2021-06-07T10:53:30,300.0,22.4,S
2021-06-07T10:53:30,5100.0,22.4,S
2021-06-07T10:53:30,300.0,22.4,S
2021-06-07T10:53:30,7800.0,22.4,S
2021-06-07T10:53:27,5000.0,22.4,S
2021-06-07T10:53:24,500.0,22.5,B
2021-06-07T10:53:00,1000.0,22.5,B
2021-06-07T10:52:59,10000.0,22.4,S
2021-06-07T10:52:46,1000.0,22.5,B
2021-06-07T10:52:37,100.0,22.4,S
2021-06-07T10:52:29,13000.0,22.4,S
2021-06-07T10:52:25,200.0,22.5,B
2021-06-07T10:52:09,200.0,22.5,S
2021-06-07T10:52:01,100.0,22.5,S
2021-06-07T10:51:57,2000.0,22.5,S
2021-06-07T10:51:57,100.0,22.45,S
2021-06-07T10:51:44,300.0,22.5,S
2021-06-07T10:51:29,17600.0,22.45,S
2021-06-07T10:51:29,2400.0,22.45,S
2021-06-07T10:51:28,5100.0,22.5,S
2021-06-07T10:51:28,1000.0,22.5,S
2021-06-07T10:51:28,1100.0,22.5,S
2021-06-07T10:51:28,100.0,22.5,S
2021-06-07T10:51:28,4800.0,22.5,S
2021-06-07T10:51:28,6000.0,22.5,S
2021-06-07T10:50:57,500.0,22.5,S
2021-06-07T10:50:53,300.0,22.55,S
2021-06-07T10:50:53,1400.0,22.5,S
2021-06-07T10:50:52,1600.0,22.5,S
2021-06-07T10:50:48,1300.0,22.55,S
2021-06-07T10:50:36,600.0,22.55,S
2021-06-07T10:50:34,2000.0,22.55,S
2021-06-07T10:50:11,100.0,22.55,S
2021-06-07T10:50:04,1000.0,22.55,S
2021-06-07T10:49:58,100.0,22.5,S
2021-06-07T10:49:57,2800.0,22.5,S
2021-06-07T10:49:57,7200.0,22.5,S
2021-06-07T10:49:53,1000.0,22.55,S
2021-06-07T10:49:48,300.0,22.5,S
2021-06-07T10:49:43,1000.0,22.5,S
2021-06-07T10:49:43,11300.0,22.5,S
2021-06-07T10:49:43,3300.0,22.5,S
2021-06-07T10:49:43,300.0,22.5,S
2021-06-07T10:49:43,8900.0,22.5,S
2021-06-07T10:49:43,2500.0,22.5,S
2021-06-07T10:49:43,1100.0,22.5,S
2021-06-07T10:49:43,900.0,22.5,S
2021-06-07T10:49:43,100.0,22.5,S
2021-06-07T10:49:43,8700.0,22.5,S
2021-06-07T10:49:43,7600.0,22.5,S
2021-06-07T10:49:43,13500.0,22.5,S
2021-06-07T10:49:43,100.0,22.5,S
2021-06-07T10:49:43,11400.0,22.5,S
2021-06-07T10:49:43,11000.0,22.5,S
2021-06-07T10:49:43,18300.0,22.5,S
2021-06-07T10:49:21,1300.0,22.55,S
2021-06-07T10:49:21,5400.0,22.5,S
2021-06-07T10:49:20,1400.0,22.5,S
2021-06-07T10:49:19,500.0,22.5,S
2021-06-07T10:49:17,13400.0,22.5,S
2021-06-07T10:49:05,5000.0,22.55,S
2021-06-07T10:48:49,200.0,22.55,S
2021-06-07T10:48:47,10000.0,22.55,S
2021-06-07T10:48:40,500.0,22.55,S
2021-06-07T10:48:16,5000.0,22.55,S
2021-06-07T10:48:06,1000.0,22.5,S
2021-06-07T10:48:00,1000.0,22.5,S
2021-06-07T10:47:30,8000.0,22.55,S
2021-06-07T10:47:20,300.0,22.5,S
2021-06-07T10:47:10,500.0,22.55,S
2021-06-07T10:47:04,500.0,22.55,S
2021-06-07T10:46:44,200.0,22.55,S
2021-06-07T10:46:39,100.0,22.55,S
2021-06-07T10:46:20,3000.0,22.55,S
2021-06-07T10:46:20,7000.0,22.55,S
2021-06-07T10:46:17,500.0,22.5,S
2021-06-07T10:46:07,100.0,22.55,S
2021-06-07T10:46:07,12000.0,22.55,S
2021-06-07T10:45:53,100.0,22.5,S
2021-06-07T10:45:49,200.0,22.55,S
2021-06-07T10:45:46,300.0,22.5,S
2021-06-07T10:45:32,10000.0,22.5,S
2021-06-07T10:45:17,900.0,22.55,S
2021-06-07T10:44:42,1000.0,22.5,S
2021-06-07T10:44:32,5000.0,22.5,S
2021-06-07T10:44:28,300.0,22.5,S
2021-06-07T10:44:15,1500.0,22.5,S
2021-06-07T10:44:15,1000.0,22.5,S
2021-06-07T10:44:14,1100.0,22.5,S
2021-06-07T10:44:14,1300.0,22.5,S
2021-06-07T10:44:14,15100.0,22.5,S
2021-06-07T10:44:03,3100.0,22.55,S
2021-06-07T10:44:03,1900.0,22.55,S
2021-06-07T10:43:57,100.0,22.55,S
2021-06-07T10:43:20,5000.0,22.55,S
2021-06-07T10:42:21,1000.0,22.6,B
2021-06-07T10:42:09,600.0,22.6,B
2021-06-07T10:42:06,10000.0,22.55,S
2021-06-07T10:41:57,100.0,22.6,B
2021-06-07T10:41:57,1000.0,22.55,S
2021-06-07T10:41:35,8000.0,22.6,B
2021-06-07T10:41:20,600.0,22.55,S
2021-06-07T10:41:20,400.0,22.55,S
2021-06-07T10:41:13,500.0,22.6,B
2021-06-07T10:41:07,3400.0,22.55,S
2021-06-07T10:41:07,3600.0,22.55,S
2021-06-07T10:41:05,500.0,22.55,S
2021-06-07T10:40:58,1000.0,22.55,S
2021-06-07T10:40:53,300.0,22.6,B
2021-06-07T10:40:34,200.0,22.6,B
2021-06-07T10:40:31,1000.0,22.55,S
2021-06-07T10:40:22,5000.0,22.55,S
2021-06-07T10:40:17,100.0,22.6,B
2021-06-07T10:40:09,4000.0,22.55,S
2021-06-07T10:40:07,100.0,22.6,B
2021-06-07T10:40:06,1000.0,22.55,S
2021-06-07T10:40:02,1000.0,22.55,S
2021-06-07T10:39:59,500.0,22.6,B
2021-06-07T10:39:55,500.0,22.6,B
2021-06-07T10:39:54,500.0,22.6,B
2021-06-07T10:39:52,1400.0,22.6,B
2021-06-07T10:39:49,500.0,22.6,B
2021-06-07T10:39:43,600.0,22.55,S
2021-06-07T10:39:41,500.0,22.6,B
2021-06-07T10:39:40,500.0,22.55,S
2021-06-07T10:39:39,500.0,22.6,B
2021-06-07T10:39:39,5000.0,22.55,S
2021-06-07T10:39:32,1000.0,22.6,B
2021-06-07T10:39:23,200.0,22.6,B
2021-06-07T10:38:52,5000.0,22.6,B
2021-06-07T10:38:36,1000.0,22.55,S
2021-06-07T10:38:35,10000.0,22.55,S
2021-06-07T10:38:23,1000.0,22.6,B
2021-06-07T10:38:22,1100.0,22.6,B
2021-06-07T10:38:22,1000.0,22.6,B
2021-06-07T10:38:18,1000.0,22.6,B
2021-06-07T10:38:12,1000.0,22.6,B
2021-06-07T10:38:01,200.0,22.55,S
2021-06-07T10:37:52,1000.0,22.55,S
2021-06-07T10:37:49,200.0,22.6,B
2021-06-07T10:37:36,6500.0,22.55,S
2021-06-07T10:37:36,1700.0,22.55,S
2021-06-07T10:37:36,1800.0,22.55,S
2021-06-07T10:37:36,500.0,22.55,S
2021-06-07T10:37:36,3000.0,22.55,S
2021-06-07T10:37:36,16500.0,22.55,S
2021-06-07T10:37:22,5600.0,22.6,B
2021-06-07T10:37:22,1500.0,22.6,B
2021-06-07T10:37:22,12900.0,22.6,B
2021-06-07T10:37:10,100.0,22.6,B
2021-06-07T10:37:09,2000.0,22.55,S
2021-06-07T10:37:04,500.0,22.6,B
2021-06-07T10:37:03,4000.0,22.6,B
2021-06-07T10:37:00,1100.0,22.55,S
2021-06-07T10:36:58,500.0,22.6,B
2021-06-07T10:36:57,500.0,22.6,B
2021-06-07T10:36:56,2000.0,22.55,S
2021-06-07T10:36:55,500.0,22.6,B
2021-06-07T10:36:41,800.0,22.6,B
2021-06-07T10:36:39,100.0,22.6,B
2021-06-07T10:36:31,5000.0,22.55,S
2021-06-07T10:36:27,1000.0,22.6,B
2021-06-07T10:36:19,800.0,22.6,B
2021-06-07T10:35:33,100.0,22.6,B
2021-06-07T10:35:32,2000.0,22.6,B
2021-06-07T10:35:30,100.0,22.6,S
2021-06-07T10:35:29,200.0,22.6,S
2021-06-07T10:35:16,4000.0,22.55,S
2021-06-07T10:35:12,200.0,22.6,S
2021-06-07T10:34:48,500.0,22.6,S
2021-06-07T10:34:47,500.0,22.6,S
2021-06-07T10:34:44,500.0,22.6,S
2021-06-07T10:34:43,400.0,22.6,S
2021-06-07T10:34:41,500.0,22.6,S
2021-06-07T10:34:41,500.0,22.55,S
2021-06-07T10:34:38,500.0,22.6,S
2021-06-07T10:34:37,500.0,22.6,S
2021-06-07T10:34:35,100.0,22.6,S
2021-06-07T10:34:35,1000.0,22.55,S
2021-06-07T10:34:32,100.0,22.6,S
2021-06-07T10:34:29,500.0,22.6,S
2021-06-07T10:34:14,700.0,22.6,S
2021-06-07T10:34:11,200.0,22.6,S
2021-06-07T10:34:07,500.0,22.6,S
2021-06-07T10:33:52,500.0,22.55,S
2021-06-07T10:33:33,100.0,22.6,S
2021-06-07T10:33:31,300.0,22.6,S
2021-06-07T10:33:26,500.0,22.6,S
2021-06-07T10:33:05,500.0,22.6,S
2021-06-07T10:33:01,500.0,22.6,S
2021-06-07T10:32:58,400.0,22.6,S
2021-06-07T10:32:58,100.0,22.6,S
2021-06-07T10:32:30,500.0,22.6,S
2021-06-07T10:32:17,100.0,22.6,S
2021-06-07T10:32:15,2000.0,22.6,S
2021-06-07T10:32:08,1000.0,22.55,S
2021-06-07T10:32:03,1000.0,22.6,S
2021-06-07T10:31:19,500.0,22.6,S
2021-06-07T10:31:16,100.0,22.55,S
2021-06-07T10:31:09,2000.0,22.6,S
2021-06-07T10:30:57,13600.0,22.6,S
2021-06-07T10:30:53,100.0,22.6,S
2021-06-07T10:30:45,900.0,22.6,S
2021-06-07T10:30:39,4800.0,22.6,S
2021-06-07T10:30:25,5000.0,22.6,S
2021-06-07T10:30:22,1000.0,22.6,S
2021-06-07T10:30:17,1600.0,22.7,B
2021-06-07T10:30:13,3200.0,22.6,S
2021-06-07T10:30:00,2000.0,22.6,S
2021-06-07T10:30:00,2700.0,22.6,S
2021-06-07T10:29:13,200.0,22.7,B
2021-06-07T10:29:12,2100.0,22.7,B
2021-06-07T10:28:48,300.0,22.6,S
2021-06-07T10:28:30,800.0,22.7,B
2021-06-07T10:27:56,2000.0,22.6,S
2021-06-07T10:27:17,200.0,22.6,S
2021-06-07T10:27:13,4000.0,22.6,S
2021-06-07T10:27:10,1000.0,22.65,B
2021-06-07T10:27:00,1200.0,22.6,S
2021-06-07T10:26:50,5100.0,22.6,S
2021-06-07T10:26:49,500.0,22.6,S
2021-06-07T10:26:32,400.0,22.7,B
2021-06-07T10:26:32,900.0,22.7,B
2021-06-07T10:26:28,200.0,22.6,S
2021-06-07T10:26:28,200.0,22.7,B
2021-06-07T10:26:28,4800.0,22.7,B
2021-06-07T10:26:24,200.0,22.6,S
2021-06-07T10:26:18,10000.0,22.6,S
2021-06-07T10:26:00,300.0,22.7,B
2021-06-07T10:25:50,1000.0,22.6,S
2021-06-07T10:25:50,3000.0,22.6,S
2021-06-07T10:25:49,300.0,22.7,B
2021-06-07T10:25:41,2000.0,22.6,S
2021-06-07T10:25:16,1100.0,22.6,S
2021-06-07T10:25:16,900.0,22.6,S
2021-06-07T10:24:40,1000.0,22.6,S
2021-06-07T10:24:37,100.0,22.6,S
2021-06-07T10:24:29,5000.0,22.6,S
2021-06-07T10:24:28,1000.0,22.6,S
2021-06-07T10:24:18,200.0,22.6,S
2021-06-07T10:24:18,300.0,22.6,S
2021-06-07T10:24:07,1000.0,22.7,B
2021-06-07T10:24:05,300.0,22.7,B
2021-06-07T10:23:30,1000.0,22.6,S
2021-06-07T10:23:18,700.0,22.7,B
2021-06-07T10:23:16,1000.0,22.7,B
2021-06-07T10:22:47,700.0,22.7,B
2021-06-07T10:22:39,100.0,22.6,S
2021-06-07T10:22:33,1000.0,22.7,B
2021-06-07T10:22:32,1900.0,22.6,S
2021-06-07T10:22:32,100.0,22.6,S
2021-06-07T10:22:31,500.0,22.6,S
2021-06-07T10:22:31,5000.0,22.6,S
2021-06-07T10:22:20,500.0,22.6,S
2021-06-07T10:22:08,100.0,22.7,B
2021-06-07T10:21:54,200.0,22.6,S
2021-06-07T10:21:51,1000.0,22.7,B
2021-06-07T10:21:41,1000.0,22.7,B
2021-06-07T10:21:35,100.0,22.7,B
2021-06-07T10:21:24,1200.0,22.6,S
2021-06-07T10:20:55,500.0,22.6,S
2021-06-07T10:20:55,200.0,22.65,S
2021-06-07T10:20:55,200.0,22.7,B
2021-06-07T10:20:54,800.0,22.7,B
2021-06-07T10:20:48,10000.0,22.6,S
2021-06-07T10:20:42,5500.0,22.7,B
2021-06-07T10:20:38,500.0,22.7,B
2021-06-07T10:20:25,200.0,22.7,B
2021-06-07T10:20:23,100.0,22.7,B
2021-06-07T10:20:18,200.0,22.7,B
2021-06-07T10:20:16,300.0,22.7,B
2021-06-07T10:19:41,10000.0,22.6,S
2021-06-07T10:19:36,5000.0,22.6,S
2021-06-07T10:19:28,7500.0,22.7,B
2021-06-07T10:19:06,300.0,22.7,B
2021-06-07T10:18:59,2000.0,22.7,B
2021-06-07T10:18:33,700.0,22.7,B
2021-06-07T10:18:31,1000.0,22.7,B
2021-06-07T10:18:30,1000.0,22.7,B
2021-06-07T10:18:24,500.0,22.7,B
2021-06-07T10:18:20,400.0,22.7,B
2021-06-07T10:18:16,500.0,22.6,S
2021-06-07T10:18:15,5000.0,22.6,S
2021-06-07T10:18:12,10000.0,22.7,S
2021-06-07T10:18:10,2200.0,22.6,S
2021-06-07T10:18:07,10000.0,22.7,S
2021-06-07T10:18:03,900.0,22.65,S
2021-06-07T10:18:02,1000.0,22.7,S
2021-06-07T10:17:58,200.0,22.7,S
2021-06-07T10:17:54,10000.0,22.7,S
2021-06-07T10:17:39,100.0,22.7,S
2021-06-07T10:17:36,3000.0,22.7,S
2021-06-07T10:17:30,19300.0,22.6,S
2021-06-07T10:17:30,100.0,22.6,S
2021-06-07T10:17:30,7400.0,22.6,S
2021-06-07T10:17:30,1700.0,22.6,S
2021-06-07T10:17:30,6000.0,22.6,S
2021-06-07T10:17:30,1100.0,22.6,S
2021-06-07T10:17:30,15300.0,22.6,S
2021-06-07T10:17:30,10700.0,22.6,S
2021-06-07T10:17:30,1300.0,22.65,S
2021-06-07T10:17:29,100.0,22.7,S
2021-06-07T10:17:11,500.0,22.6,S
2021-06-07T10:16:37,200.0,22.6,S
2021-06-07T10:16:23,700.0,22.7,S
2021-06-07T10:16:23,1900.0,22.7,S
2021-06-07T10:16:23,1000.0,22.7,S
2021-06-07T10:16:21,1100.0,22.7,S
2021-06-07T10:16:20,500.0,22.6,S
2021-06-07T10:16:10,200.0,22.7,S
2021-06-07T10:16:09,1000.0,22.7,S
2021-06-07T10:16:06,600.0,22.7,S
2021-06-07T10:15:57,1000.0,22.7,S
2021-06-07T10:15:54,3000.0,22.7,S
2021-06-07T10:15:26,500.0,22.7,S
2021-06-07T10:15:24,200.0,22.7,S
2021-06-07T10:15:22,500.0,22.7,S
2021-06-07T10:15:19,500.0,22.7,S
2021-06-07T10:15:17,700.0,22.7,S
2021-06-07T10:15:03,900.0,22.7,S
2021-06-07T10:15:03,100.0,22.65,S
2021-06-07T10:14:59,300.0,22.65,S
2021-06-07T10:14:51,100.0,22.6,S
2021-06-07T10:14:45,2000.0,22.6,S
2021-06-07T10:14:30,10000.0,22.6,S
2021-06-07T10:14:21,500.0,22.7,S
2021-06-07T10:14:20,300.0,22.7,S
2021-06-07T10:14:16,600.0,22.7,S
2021-06-07T10:14:13,1000.0,22.7,S
2021-06-07T10:14:12,1300.0,22.6,S
2021-06-07T10:14:10,1000.0,22.7,S
2021-06-07T10:14:00,300.0,22.7,S
2021-06-07T10:14:00,700.0,22.7,S
2021-06-07T10:13:54,1000.0,22.7,S
2021-06-07T10:13:39,100.0,22.7,S
2021-06-07T10:13:39,200.0,22.7,S
2021-06-07T10:13:33,10000.0,22.6,S
2021-06-07T10:13:19,300.0,22.6,S
2021-06-07T10:13:16,300.0,22.7,S
2021-06-07T10:13:12,3800.0,22.6,S
2021-06-07T10:13:11,2000.0,22.6,S
2021-06-07T10:13:11,6000.0,22.6,S
2021-06-07T10:13:11,1500.0,22.6,S
2021-06-07T10:13:11,64500.0,22.6,S
2021-06-07T10:13:11,12600.0,22.65,S
2021-06-07T10:13:11,800.0,22.65,S
2021-06-07T10:13:11,600.0,22.65,S
2021-06-07T10:13:11,3300.0,22.65,S
2021-06-07T10:13:11,3000.0,22.65,S
2021-06-07T10:13:11,7500.0,22.7,S
2021-06-07T10:13:11,800.0,22.7,S
2021-06-07T10:13:11,200.0,22.7,S
2021-06-07T10:13:11,1600.0,22.7,S
2021-06-07T10:13:11,1100.0,22.7,S
2021-06-07T10:13:11,600.0,22.7,S
2021-06-07T10:13:11,1900.0,22.7,S
2021-06-07T10:13:10,8200.0,22.7,S
2021-06-07T10:13:05,100.0,22.7,S
2021-06-07T10:12:57,400.0,22.7,S
2021-06-07T10:12:49,200.0,22.7,S
2021-06-07T10:12:38,800.0,22.75,B
2021-06-07T10:12:38,6100.0,22.75,B
2021-06-07T10:12:38,6100.0,22.75,B
2021-06-07T10:12:32,2000.0,22.7,S
2021-06-07T10:12:21,1900.0,22.75,B
2021-06-07T10:12:21,7200.0,22.75,B
2021-06-07T10:12:21,1000.0,22.75,B
2021-06-07T10:12:21,1000.0,22.75,B
2021-06-07T10:12:21,20000.0,22.75,B
2021-06-07T10:12:21,2000.0,22.75,B
2021-06-07T10:12:21,1400.0,22.75,B
2021-06-07T10:12:21,10000.0,22.75,B
2021-06-07T10:12:21,1000.0,22.75,B
2021-06-07T10:12:21,700.0,22.75,B
2021-06-07T10:12:21,3800.0,22.75,B
2021-06-07T10:12:16,200.0,22.7,S
2021-06-07T10:12:06,1100.0,22.7,S
2021-06-07T10:12:06,900.0,22.7,S
2021-06-07T10:12:03,300.0,22.7,S
2021-06-07T10:12:00,300.0,22.7,S
2021-06-07T10:11:57,200.0,22.75,B
2021-06-07T10:11:57,3000.0,22.7,S
2021-06-07T10:11:56,500.0,22.7,S
2021-06-07T10:11:56,4900.0,22.7,S
2021-06-07T10:11:56,5800.0,22.7,S
2021-06-07T10:11:56,400.0,22.7,S
2021-06-07T10:11:56,8400.0,22.7,S
2021-06-07T10:11:52,900.0,22.7,S
2021-06-07T10:11:46,5000.0,22.75,B
2021-06-07T10:11:43,900.0,22.7,S
2021-06-07T10:11:42,2200.0,22.7,S
2021-06-07T10:11:28,38800.0,22.7,S
2021-06-07T10:11:16,7300.0,22.7,S
2021-06-07T10:11:16,400.0,22.7,S
2021-06-07T10:11:16,1000.0,22.7,S
2021-06-07T10:11:16,3300.0,22.7,S
2021-06-07T10:10:55,300.0,22.7,S
2021-06-07T10:10:55,500.0,22.7,S
2021-06-07T10:10:55,9200.0,22.7,S
2021-06-07T10:10:34,800.0,22.7,S
2021-06-07T10:10:34,500.0,22.7,S
2021-06-07T10:10:34,700.0,22.7,S
2021-06-07T10:10:33,300.0,22.75,B
2021-06-07T10:10:26,400.0,22.7,S
2021-06-07T10:10:21,500.0,22.7,S
2021-06-07T10:10:12,8500.0,22.75,B
2021-06-07T10:10:06,600.0,22.7,S
2021-06-07T10:10:05,1400.0,22.7,S
2021-06-07T10:09:59,3000.0,22.7,S
2021-06-07T10:09:42,1000.0,22.75,B
2021-06-07T10:09:41,1000.0,22.7,S
2021-06-07T10:09:28,1000.0,22.7,S
2021-06-07T10:09:24,500.0,22.7,S
2021-06-07T10:09:08,100.0,22.75,S
2021-06-07T10:09:04,2000.0,22.7,S
2021-06-07T10:08:57,800.0,22.75,S
2021-06-07T10:08:51,300.0,22.7,S
2021-06-07T10:08:50,200.0,22.75,S
2021-06-07T10:08:40,2000.0,22.7,S
2021-06-07T10:08:31,1000.0,22.75,S
2021-06-07T10:08:27,500.0,22.75,S
2021-06-07T10:08:16,1000.0,22.7,S
2021-06-07T10:08:15,2000.0,22.7,S
2021-06-07T10:08:04,100.0,22.75,S
2021-06-07T10:08:02,500.0,22.7,S
2021-06-07T10:08:01,800.0,22.75,S
2021-06-07T10:07:57,5000.0,22.7,S
2021-06-07T10:07:51,300.0,22.75,S
2021-06-07T10:07:44,200.0,22.75,S
2021-06-07T10:07:34,3100.0,22.75,S
2021-06-07T10:07:31,700.0,22.75,S
2021-06-07T10:07:22,700.0,22.7,S
2021-06-07T10:07:21,600.0,22.75,S
2021-06-07T10:07:21,400.0,22.75,S
2021-06-07T10:07:14,100.0,22.75,S
2021-06-07T10:07:10,100.0,22.7,S
2021-06-07T10:07:08,700.0,22.75,S
2021-06-07T10:07:05,3000.0,22.7,S
2021-06-07T10:07:03,3000.0,22.7,S
2021-06-07T10:06:56,200.0,22.75,S
2021-06-07T10:06:49,100.0,22.75,S
2021-06-07T10:06:40,500.0,22.7,S
2021-06-07T10:06:32,600.0,22.75,S
2021-06-07T10:06:32,3100.0,22.75,S
2021-06-07T10:06:31,100.0,22.75,S
2021-06-07T10:06:31,2000.0,22.7,S
2021-06-07T10:06:26,300.0,22.75,S
2021-06-07T10:06:19,300.0,22.75,S
2021-06-07T10:06:12,1000.0,22.7,S
2021-06-07T10:06:04,100.0,22.7,S
2021-06-07T10:05:57,400.0,22.75,S
2021-06-07T10:05:55,700.0,22.7,S
2021-06-07T10:05:50,200.0,22.75,S
2021-06-07T10:05:50,1600.0,22.7,S
2021-06-07T10:05:44,3000.0,22.7,S
2021-06-07T10:05:42,100.0,22.75,S
2021-06-07T10:05:33,300.0,22.7,S
2021-06-07T10:05:33,1500.0,22.7,S
2021-06-07T10:05:33,1200.0,22.7,S
2021-06-07T10:05:31,700.0,22.75,S
2021-06-07T10:05:31,200.0,22.75,S
2021-06-07T10:05:26,3000.0,22.7,S
2021-06-07T10:05:16,1000.0,22.75,S
2021-06-07T10:05:15,700.0,22.7,S
2021-06-07T10:04:56,2000.0,22.75,S
2021-06-07T10:04:52,1000.0,22.75,S
2021-06-07T10:04:40,100.0,22.75,S
2021-06-07T10:04:37,100.0,22.75,S
2021-06-07T10:04:30,100.0,22.7,S
2021-06-07T10:04:28,300.0,22.75,S
2021-06-07T10:04:21,800.0,22.7,S
2021-06-07T10:04:21,500.0,22.75,S
2021-06-07T10:04:20,5000.0,22.75,S
2021-06-07T10:04:18,5000.0,22.7,S
2021-06-07T10:04:14,20000.0,22.7,S
2021-06-07T10:04:11,500.0,22.75,S
2021-06-07T10:04:09,3700.0,22.75,S
2021-06-07T10:04:08,400.0,22.75,S
2021-06-07T10:04:08,600.0,22.75,S
2021-06-07T10:03:57,500.0,22.75,S
2021-06-07T10:03:30,2000.0,22.75,S
2021-06-07T10:03:08,600.0,22.7,S
2021-06-07T10:03:02,1000.0,22.75,S
2021-06-07T10:02:46,100.0,22.75,S
2021-06-07T10:02:38,200.0,22.75,S
2021-06-07T10:02:16,1000.0,22.7,S
2021-06-07T10:02:13,100.0,22.8,B
2021-06-07T10:02:13,500.0,22.75,S
2021-06-07T10:02:12,500.0,22.75,S
2021-06-07T10:02:07,1300.0,22.8,B
2021-06-07T10:01:50,9000.0,22.8,B
2021-06-07T10:01:50,500.0,22.75,S
2021-06-07T10:01:48,900.0,22.75,S
2021-06-07T10:01:40,200.0,22.8,B
2021-06-07T10:01:28,100.0,22.75,S
2021-06-07T10:01:28,900.0,22.75,S
2021-06-07T10:01:14,500.0,22.75,S
2021-06-07T10:01:09,2000.0,22.75,S
2021-06-07T10:01:02,800.0,22.75,S
2021-06-07T10:01:02,100.0,22.8,B
2021-06-07T10:00:55,200.0,22.8,B
2021-06-07T10:00:55,1400.0,22.8,B
2021-06-07T10:00:35,900.0,22.8,B
2021-06-07T10:00:34,1300.0,22.8,B
2021-06-07T10:00:30,1100.0,22.8,B
2021-06-07T10:00:23,200.0,22.8,B
2021-06-07T10:00:18,1000.0,22.8,B
2021-06-07T10:00:17,400.0,22.75,S
2021-06-07T10:00:17,100.0,22.75,S
2021-06-07T10:00:09,500.0,22.8,B
2021-06-07T10:00:05,1000.0,22.8,B
2021-06-07T10:00:02,800.0,22.8,B
2021-06-07T10:00:00,1000.0,22.8,B
2021-06-07T09:59:56,300.0,22.75,S
2021-06-07T09:59:51,8000.0,22.8,B
2021-06-07T09:59:51,4800.0,22.7,S
2021-06-07T09:59:51,200.0,22.75,S
2021-06-07T09:59:47,1700.0,22.8,B
2021-06-07T09:59:45,4800.0,22.75,S
2021-06-07T09:59:37,200.0,22.75,S
2021-06-07T09:59:35,4000.0,22.75,S
2021-06-07T09:59:30,200.0,22.8,B
2021-06-07T09:59:06,100.0,22.7,S
2021-06-07T09:58:50,200.0,22.8,B
2021-06-07T09:58:45,13800.0,22.8,B
2021-06-07T09:58:38,100.0,22.75,S
2021-06-07T09:58:33,200.0,22.75,S
2021-06-07T09:58:26,500.0,22.7,S
2021-06-07T09:58:14,100.0,22.75,S
2021-06-07T09:58:13,500.0,22.75,S
2021-06-07T09:58:09,20000.0,22.8,B
2021-06-07T09:57:58,200.0,22.75,S
2021-06-07T09:57:47,100.0,22.8,B
2021-06-07T09:57:47,1000.0,22.7,S
2021-06-07T09:57:41,1000.0,22.8,B
2021-06-07T09:57:30,100.0,22.75,S
2021-06-07T09:57:24,100.0,22.75,S
2021-06-07T09:57:22,100.0,22.75,S
2021-06-07T09:57:09,100.0,22.75,S
2021-06-07T09:57:08,100.0,22.75,S
2021-06-07T09:57:04,500.0,22.75,S
2021-06-07T09:57:02,100.0,22.8,B
2021-06-07T09:56:57,100.0,22.8,B
2021-06-07T09:56:53,2000.0,22.8,B
2021-06-07T09:56:52,1500.0,22.75,S
2021-06-07T09:56:52,100.0,22.75,S
2021-06-07T09:56:52,3400.0,22.75,S
2021-06-07T09:56:51,300.0,22.8,B
2021-06-07T09:56:36,500.0,22.8,B
2021-06-07T09:56:32,200.0,22.8,B
2021-06-07T09:56:32,500.0,22.75,S
2021-06-07T09:56:20,1000.0,22.8,B
2021-06-07T09:56:16,500.0,22.8,B
2021-06-07T09:56:14,500.0,22.8,B
2021-06-07T09:56:13,200.0,22.8,B
2021-06-07T09:56:11,1500.0,22.8,B
2021-06-07T09:56:09,3000.0,22.8,B
2021-06-07T09:56:08,1000.0,22.8,B
2021-06-07T09:56:05,2000.0,22.8,B
2021-06-07T09:56:01,2800.0,22.75,S
2021-06-07T09:56:01,1000.0,22.75,S
2021-06-07T09:56:01,16200.0,22.75,S
2021-06-07T09:55:50,5000.0,22.8,B
2021-06-07T09:55:38,2100.0,22.75,S
2021-06-07T09:55:38,5400.0,22.75,S
2021-06-07T09:55:38,700.0,22.75,S
2021-06-07T09:55:33,500.0,22.75,S
2021-06-07T09:55:30,400.0,22.8,B
2021-06-07T09:55:27,800.0,22.8,B
2021-06-07T09:55:20,1000.0,22.8,B
2021-06-07T09:55:04,1000.0,22.8,B
2021-06-07T09:55:00,200.0,22.8,B
2021-06-07T09:54:40,9100.0,22.8,B
2021-06-07T09:54:37,200.0,22.8,B
2021-06-07T09:54:36,2000.0,22.8,B
2021-06-07T09:54:36,2000.0,22.8,B
2021-06-07T09:54:34,1000.0,22.75,S
2021-06-07T09:54:32,400.0,22.8,B
2021-06-07T09:54:32,100.0,22.8,B
2021-06-07T09:54:32,100.0,22.8,B
2021-06-07T09:54:31,2000.0,22.8,B
2021-06-07T09:54:28,100.0,22.75,S
2021-06-07T09:54:25,200.0,22.8,B
2021-06-07T09:54:25,100.0,22.8,B
2021-06-07T09:54:20,100.0,22.75,S
2021-06-07T09:54:18,5000.0,22.75,S
2021-06-07T09:54:04,100.0,22.8,B
2021-06-07T09:53:52,1200.0,22.8,B
2021-06-07T09:53:48,2000.0,22.8,B
2021-06-07T09:53:32,700.0,22.8,B
2021-06-07T09:53:28,1500.0,22.8,B
2021-06-07T09:53:25,100.0,22.8,B
2021-06-07T09:53:24,100.0,22.8,B
2021-06-07T09:53:16,200.0,22.8,B
2021-06-07T09:53:02,100.0,22.8,B
2021-06-07T09:52:42,1000.0,22.8,B
2021-06-07T09:52:40,100.0,22.8,B
2021-06-07T09:52:38,700.0,22.8,S
2021-06-07T09:52:31,200.0,22.8,S
2021-06-07T09:52:28,500.0,22.8,S
2021-06-07T09:52:21,1000.0,22.8,S
2021-06-07T09:52:15,1000.0,22.8,S
2021-06-07T09:52:13,100.0,22.8,S
2021-06-07T09:52:08,400.0,22.8,S
2021-06-07T09:52:07,100.0,22.8,S
2021-06-07T09:51:59,2000.0,22.8,S
2021-06-07T09:51:58,100.0,22.85,B
2021-06-07T09:51:55,100.0,22.85,B
2021-06-07T09:51:54,1000.0,22.8,S
2021-06-07T09:51:48,1000.0,22.85,B
2021-06-07T09:51:26,500.0,22.8,S
2021-06-07T09:51:18,2500.0,22.8,S
2021-06-07T09:51:18,1500.0,22.8,S
2021-06-07T09:51:04,300.0,22.8,S
2021-06-07T09:51:03,1900.0,22.8,S
2021-06-07T09:51:01,3000.0,22.8,S
2021-06-07T09:50:49,100.0,22.8,S
2021-06-07T09:50:43,1300.0,22.8,S
2021-06-07T09:50:40,100.0,22.8,S
2021-06-07T09:50:35,100.0,22.8,S
2021-06-07T09:50:25,100.0,22.8,S
2021-06-07T09:50:17,100.0,22.75,S
2021-06-07T09:50:14,1000.0,22.8,S
2021-06-07T09:50:12,500.0,22.8,S
2021-06-07T09:50:07,5000.0,22.8,S
2021-06-07T09:50:06,1000.0,22.8,S
2021-06-07T09:50:03,100.0,22.8,S
2021-06-07T09:50:01,5000.0,22.8,S
2021-06-07T09:49:58,1400.0,22.8,S
2021-06-07T09:49:58,1600.0,22.8,S
2021-06-07T09:49:56,500.0,22.8,S
2021-06-07T09:49:51,100.0,22.8,S
2021-06-07T09:49:50,9000.0,22.8,S
2021-06-07T09:49:47,20000.0,22.8,S
2021-06-07T09:49:46,2000.0,22.8,S
2021-06-07T09:49:38,100.0,22.8,S
2021-06-07T09:49:35,5000.0,22.8,S
2021-06-07T09:49:31,2000.0,22.8,S
2021-06-07T09:49:25,1000.0,22.8,S
2021-06-07T09:49:21,4400.0,22.8,S
2021-06-07T09:49:20,4600.0,22.8,S
2021-06-07T09:49:12,1900.0,22.8,S
2021-06-07T09:49:12,500.0,22.8,S
2021-06-07T09:49:10,100.0,22.8,S
2021-06-07T09:49:04,500.0,22.8,S
2021-06-07T09:49:03,100.0,22.8,S
2021-06-07T09:49:01,100.0,22.8,S
2021-06-07T09:49:00,100.0,22.8,S
2021-06-07T09:48:59,100.0,22.8,S
2021-06-07T09:48:52,500.0,22.75,S
2021-06-07T09:48:51,100.0,22.8,S
2021-06-07T09:48:46,100.0,22.8,S
2021-06-07T09:48:45,1000.0,22.8,S
2021-06-07T09:48:32,200.0,22.8,S
2021-06-07T09:48:19,300.0,22.8,S
2021-06-07T09:48:15,500.0,22.8,S
2021-06-07T09:48:10,1800.0,22.8,S
2021-06-07T09:47:55,10000.0,22.8,S
2021-06-07T09:47:49,2000.0,22.8,S
2021-06-07T09:47:48,1100.0,22.8,S
2021-06-07T09:47:24,200.0,22.8,S
2021-06-07T09:47:22,500.0,22.8,S
2021-06-07T09:47:20,1000.0,22.8,S
2021-06-07T09:47:20,1000.0,22.8,S
2021-06-07T09:47:17,100.0,22.8,S
2021-06-07T09:47:14,1000.0,22.8,S
2021-06-07T09:47:11,1000.0,22.8,S
2021-06-07T09:47:01,1000.0,22.8,S
2021-06-07T09:46:57,100.0,22.8,S
2021-06-07T09:46:52,100.0,22.8,S
2021-06-07T09:46:52,1200.0,22.8,S
2021-06-07T09:46:51,200.0,22.8,S
2021-06-07T09:46:51,3300.0,22.8,S
2021-06-07T09:46:51,2900.0,22.8,S
2021-06-07T09:46:51,2000.0,22.8,S
2021-06-07T09:46:51,2300.0,22.8,S
2021-06-07T09:46:51,1700.0,22.8,S
2021-06-07T09:46:51,5500.0,22.8,S
2021-06-07T09:46:51,2000.0,22.8,S
2021-06-07T09:46:51,2500.0,22.8,S
2021-06-07T09:46:51,12300.0,22.8,S
2021-06-07T09:46:51,5000.0,22.8,S
2021-06-07T09:46:51,2000.0,22.8,S
2021-06-07T09:46:51,3500.0,22.8,S
2021-06-07T09:46:51,8300.0,22.8,S
2021-06-07T09:46:51,5200.0,22.8,S
2021-06-07T09:46:51,1100.0,22.8,S
2021-06-07T09:46:50,3800.0,22.8,S
2021-06-07T09:46:50,2100.0,22.8,S
2021-06-07T09:46:50,3000.0,22.8,S
2021-06-07T09:46:50,14400.0,22.8,S
2021-06-07T09:46:50,2200.0,22.8,S
2021-06-07T09:46:50,28200.0,22.8,S
2021-06-07T09:46:50,19400.0,22.8,S
2021-06-07T09:46:50,3000.0,22.8,S
2021-06-07T09:46:50,200.0,22.8,S
2021-06-07T09:46:50,10400.0,22.8,S
2021-06-07T09:46:50,2000.0,22.8,S
2021-06-07T09:46:50,7100.0,22.8,S
2021-06-07T09:46:50,2000.0,22.8,S
2021-06-07T09:46:50,4200.0,22.8,S
2021-06-07T09:46:50,500.0,22.8,S
2021-06-07T09:46:50,1200.0,22.8,S
2021-06-07T09:46:50,500.0,22.8,S
2021-06-07T09:46:50,6500.0,22.8,S
2021-06-07T09:46:50,900.0,22.8,S
2021-06-07T09:46:50,7100.0,22.8,S
2021-06-07T09:46:50,12000.0,22.8,S
2021-06-07T09:46:50,10400.0,22.8,S
2021-06-07T09:46:49,500.0,22.8,S
2021-06-07T09:46:49,10300.0,22.8,S
2021-06-07T09:46:35,200.0,22.85,B
2021-06-07T09:46:26,200.0,22.8,S
2021-06-07T09:46:24,4400.0,22.85,B
2021-06-07T09:46:22,500.0,22.85,B
2021-06-07T09:46:19,1000.0,22.8,S
2021-06-07T09:46:18,10000.0,22.85,B
2021-06-07T09:46:14,200.0,22.85,B
2021-06-07T09:46:12,500.0,22.8,S
2021-06-07T09:45:53,500.0,22.8,S
2021-06-07T09:45:52,500.0,22.85,B
2021-06-07T09:45:42,3000.0,22.85,B
2021-06-07T09:45:39,100.0,22.85,B
2021-06-07T09:45:37,500.0,22.85,B
2021-06-07T09:45:28,100.0,22.85,B
2021-06-07T09:45:23,200.0,22.8,S
2021-06-07T09:45:23,1400.0,22.85,B
2021-06-07T09:45:22,200.0,22.85,B
2021-06-07T09:45:22,3700.0,22.9,B
2021-06-07T09:45:20,1000.0,22.9,B
2021-06-07T09:45:18,300.0,22.85,B
2021-06-07T09:45:15,100.0,22.85,B
2021-06-07T09:45:13,7200.0,22.9,B
2021-06-07T09:45:13,200.0,22.85,B
2021-06-07T09:45:13,1600.0,22.85,B
2021-06-07T09:45:10,1000.0,22.85,B
2021-06-07T09:44:41,900.0,22.85,B
2021-06-07T09:44:39,1000.0,22.8,S
2021-06-07T09:44:14,700.0,22.85,B
2021-06-07T09:44:13,1300.0,22.85,B
2021-06-07T09:44:00,100.0,22.85,B
2021-06-07T09:43:48,100.0,22.85,S
2021-06-07T09:43:40,600.0,22.85,S
2021-06-07T09:43:33,100.0,22.85,S
2021-06-07T09:43:20,6600.0,22.85,S
2021-06-07T09:43:20,2200.0,22.85,S
2021-06-07T09:43:19,1200.0,22.85,S
2021-06-07T09:43:18,1300.0,22.85,S
2021-06-07T09:43:06,3000.0,22.85,S
2021-06-07T09:43:06,100.0,22.8,S
2021-06-07T09:43:03,6000.0,22.85,S
2021-06-07T09:42:55,500.0,22.85,S
2021-06-07T09:42:53,100.0,22.85,S
2021-06-07T09:42:52,200.0,22.85,S
2021-06-07T09:42:48,1000.0,22.85,S
2021-06-07T09:42:48,10000.0,22.85,S
2021-06-07T09:42:47,500.0,22.85,S
2021-06-07T09:42:45,500.0,22.85,S
2021-06-07T09:42:39,2000.0,22.85,S
2021-06-07T09:42:38,2000.0,22.85,S
2021-06-07T09:42:24,1000.0,22.8,S
2021-06-07T09:42:23,500.0,22.85,S
2021-06-07T09:42:23,200.0,22.85,S
2021-06-07T09:42:15,200.0,22.85,S
2021-06-07T09:42:15,1000.0,22.85,S
2021-06-07T09:42:10,1200.0,22.85,S
2021-06-07T09:42:08,1000.0,22.85,S
2021-06-07T09:42:04,100.0,22.85,S
2021-06-07T09:42:02,100.0,22.85,S
2021-06-07T09:42:00,1800.0,22.85,S
2021-06-07T09:42:00,8100.0,22.85,S
2021-06-07T09:41:55,100.0,22.85,S
2021-06-07T09:41:53,200.0,22.85,S
2021-06-07T09:41:45,1000.0,22.85,S
2021-06-07T09:41:37,500.0,22.85,S
2021-06-07T09:41:29,100.0,22.85,S
2021-06-07T09:41:28,3000.0,22.9,B
2021-06-07T09:41:26,200.0,22.8,S
2021-06-07T09:41:22,100.0,22.85,S
2021-06-07T09:41:21,2000.0,22.85,S
2021-06-07T09:41:19,1300.0,22.85,S
2021-06-07T09:41:07,5000.0,22.9,B
2021-06-07T09:41:07,100.0,22.9,B
2021-06-07T09:41:06,600.0,22.85,S
2021-06-07T09:40:58,1800.0,22.85,S
2021-06-07T09:40:56,500.0,22.85,S
2021-06-07T09:40:50,200.0,22.85,S
2021-06-07T09:40:46,3900.0,22.85,S
2021-06-07T09:40:45,200.0,22.85,S
2021-06-07T09:40:37,1000.0,22.85,S
2021-06-07T09:40:36,1000.0,22.9,B
2021-06-07T09:40:35,1000.0,22.9,B
2021-06-07T09:40:34,100.0,22.9,B
2021-06-07T09:40:20,700.0,22.9,B
2021-06-07T09:40:20,100.0,22.9,B
2021-06-07T09:40:20,5200.0,22.9,B
2021-06-07T09:40:17,500.0,22.8,S
2021-06-07T09:40:17,100.0,22.85,S
2021-06-07T09:40:16,1000.0,22.85,S
2021-06-07T09:40:11,100.0,22.85,S
2021-06-07T09:40:11,2000.0,22.85,S
2021-06-07T09:40:05,600.0,22.85,S
2021-06-07T09:40:04,100.0,22.85,S
2021-06-07T09:40:03,1000.0,22.85,S
2021-06-07T09:40:03,500.0,22.85,S
2021-06-07T09:40:01,100.0,22.85,S
2021-06-07T09:39:57,200.0,22.8,S
2021-06-07T09:39:57,1000.0,22.85,S
2021-06-07T09:39:56,1500.0,22.85,S
2021-06-07T09:39:48,100.0,22.85,S
2021-06-07T09:39:46,700.0,22.85,S
2021-06-07T09:39:42,100.0,22.85,S
2021-06-07T09:39:39,100.0,22.85,S
2021-06-07T09:39:36,4000.0,22.85,S
2021-06-07T09:39:32,500.0,22.9,B
2021-06-07T09:39:24,300.0,22.9,B
2021-06-07T09:39:24,1400.0,22.9,B
2021-06-07T09:39:22,400.0,22.9,B
2021-06-07T09:39:21,1900.0,22.85,S
2021-06-07T09:39:21,1000.0,22.85,S
2021-06-07T09:39:13,2000.0,22.8,S
2021-06-07T09:39:13,1000.0,22.85,S
2021-06-07T09:39:13,300.0,22.85,S
2021-06-07T09:39:13,1700.0,22.85,S
2021-06-07T09:39:13,1600.0,22.85,S
2021-06-07T09:39:13,1100.0,22.85,S
2021-06-07T09:39:13,700.0,22.85,S
2021-06-07T09:39:12,6000.0,22.85,S
2021-06-07T09:38:59,1100.0,22.85,S
2021-06-07T09:38:54,3300.0,22.85,S
2021-06-07T09:38:53,2000.0,22.9,B
2021-06-07T09:38:51,500.0,22.85,S
2021-06-07T09:38:49,5000.0,22.85,S
2021-06-07T09:38:43,1000.0,22.9,B
2021-06-07T09:38:31,13000.0,22.85,S
2021-06-07T09:38:28,100.0,22.85,S
2021-06-07T09:38:24,300.0,22.85,S
2021-06-07T09:38:19,1000.0,22.85,S
2021-06-07T09:38:18,100.0,22.9,B
2021-06-07T09:38:14,1000.0,22.9,B
2021-06-07T09:38:14,300.0,22.9,B
2021-06-07T09:38:02,100.0,22.85,S
2021-06-07T09:38:02,100.0,22.9,B
2021-06-07T09:38:02,100.0,22.9,B
2021-06-07T09:37:56,3500.0,22.9,B
2021-06-07T09:37:54,100.0,22.9,B
2021-06-07T09:37:47,100.0,22.9,B
2021-06-07T09:37:45,1900.0,22.85,S
2021-06-07T09:37:37,100.0,22.85,S
2021-06-07T09:37:36,500.0,22.85,S
2021-06-07T09:37:33,500.0,22.85,S
2021-06-07T09:37:32,100.0,22.9,B
2021-06-07T09:37:31,10000.0,22.85,S
2021-06-07T09:37:23,300.0,22.85,S
2021-06-07T09:37:06,100.0,22.9,B
2021-06-07T09:37:05,1200.0,22.85,S
2021-06-07T09:37:04,100.0,22.9,B
2021-06-07T09:37:02,100.0,22.85,S
2021-06-07T09:36:59,500.0,22.85,S
2021-06-07T09:36:59,500.0,22.85,S
2021-06-07T09:36:58,2000.0,22.85,S
2021-06-07T09:36:47,500.0,22.85,S
2021-06-07T09:36:46,500.0,22.85,S
2021-06-07T09:36:43,200.0,22.9,B
2021-06-07T09:36:32,1000.0,22.9,B
2021-06-07T09:36:24,1000.0,22.85,S
2021-06-07T09:36:16,1000.0,22.85,S
2021-06-07T09:36:10,100.0,22.85,S
2021-06-07T09:36:05,5000.0,22.85,S
2021-06-07T09:35:54,300.0,22.9,B
2021-06-07T09:35:44,1000.0,22.85,S
2021-06-07T09:35:37,16000.0,22.9,B
2021-06-07T09:35:35,100.0,22.85,S
2021-06-07T09:35:05,900.0,22.9,B
2021-06-07T09:35:02,4700.0,22.9,B
2021-06-07T09:34:47,200.0,22.85,B
2021-06-07T09:34:45,11000.0,22.9,B
2021-06-07T09:34:15,300.0,22.85,B
2021-06-07T09:34:14,1000.0,22.85,B
2021-06-07T09:34:10,300.0,22.85,B
2021-06-07T09:34:04,3000.0,22.85,B
2021-06-07T09:34:00,5000.0,22.85,B
2021-06-07T09:34:00,2100.0,22.9,B
2021-06-07T09:33:56,1700.0,22.9,B
2021-06-07T09:33:54,1500.0,22.9,B
2021-06-07T09:33:54,6800.0,22.9,B
2021-06-07T09:33:54,100.0,22.9,B
2021-06-07T09:33:54,1000.0,22.9,B
2021-06-07T09:33:54,5300.0,22.9,B
2021-06-07T09:33:54,5300.0,22.9,B
2021-06-07T09:33:51,1200.0,22.85,B
2021-06-07T09:33:37,1000.0,22.9,B
2021-06-07T09:33:31,100.0,22.9,B
2021-06-07T09:33:26,100.0,22.85,B
2021-06-07T09:33:17,500.0,22.85,B
2021-06-07T09:33:13,2300.0,22.9,B
2021-06-07T09:33:13,2100.0,22.9,B
2021-06-07T09:33:13,300.0,22.9,B
2021-06-07T09:33:13,1300.0,22.9,B
2021-06-07T09:33:13,1000.0,22.9,B
2021-06-07T09:33:10,100.0,22.9,B
2021-06-07T09:32:50,1000.0,22.85,B
2021-06-07T09:32:45,100.0,22.9,B
2021-06-07T09:32:38,2000.0,22.9,B
2021-06-07T09:32:34,1000.0,22.9,B
2021-06-07T09:32:27,10000.0,22.85,B
2021-06-07T09:32:23,1500.0,22.9,B
2021-06-07T09:32:23,1000.0,22.85,B
2021-06-07T09:32:13,300.0,22.85,B
2021-06-07T09:32:13,100.0,22.85,B
2021-06-07T09:32:12,200.0,22.9,B
2021-06-07T09:32:05,2000.0,22.85,B
2021-06-07T09:31:59,200.0,22.85,B
2021-06-07T09:31:58,1600.0,22.9,B
2021-06-07T09:31:58,4100.0,22.9,B
2021-06-07T09:31:58,2200.0,22.9,B
2021-06-07T09:31:57,2100.0,22.9,B
2021-06-07T09:31:55,100.0,22.9,B
2021-06-07T09:31:52,4000.0,22.85,B
2021-06-07T09:31:51,200.0,22.85,B
2021-06-07T09:31:49,3400.0,22.85,B
2021-06-07T09:31:41,1000.0,22.85,B
2021-06-07T09:31:41,1000.0,22.85,B
2021-06-07T09:31:34,5000.0,22.9,B
2021-06-07T09:31:25,1800.0,22.85,B
2021-06-07T09:31:24,200.0,22.85,B
2021-06-07T09:31:23,300.0,22.85,B
2021-06-07T09:31:20,500.0,22.85,B
2021-06-07T09:31:14,500.0,22.9,B
2021-06-07T09:31:08,5000.0,22.9,B
2021-06-07T09:31:02,1000.0,22.85,B
2021-06-07T09:30:56,500.0,22.9,B
2021-06-07T09:30:53,1200.0,22.9,B
2021-06-07T09:30:51,5000.0,22.85,B
2021-06-07T09:30:48,800.0,22.85,B
2021-06-07T09:30:47,3000.0,22.85,B
2021-06-07T09:30:46,6000.0,22.9,B
2021-06-07T09:30:46,500.0,22.9,B
2021-06-07T09:30:46,13500.0,22.9,B
2021-06-07T09:30:40,500.0,22.9,B
2021-06-07T09:30:38,100.0,22.85,B
2021-06-07T09:30:37,1000.0,22.9,B
2021-06-07T09:30:32,6000.0,22.9,B
2021-06-07T09:30:30,13000.0,22.9,B
2021-06-07T09:30:27,1000.0,22.85,B
2021-06-07T09:30:25,4900.0,22.85,B
2021-06-07T09:30:20,10000.0,22.85,B
2021-06-07T09:30:04,5000.0,22.9,B
2021-06-07T09:30:00,2000.0,22.9,B
2021-06-07T09:29:58,600.0,22.85,B
2021-06-07T09:29:55,100.0,22.85,B
2021-06-07T09:29:48,900.0,22.9,B
2021-06-07T09:29:48,200.0,22.9,B
2021-06-07T09:29:46,500.0,22.9,B
2021-06-07T09:29:40,1000.0,22.85,B
2021-06-07T09:29:39,1000.0,22.9,B
2021-06-07T09:29:36,100.0,22.85,B
2021-06-07T09:29:26,1000.0,22.8,B
2021-06-07T09:29:17,100.0,22.85,B
2021-06-07T09:29:15,5000.0,22.8,B
2021-06-07T09:29:10,700.0,22.9,B
2021-06-07T09:29:10,500.0,22.9,B
2021-06-07T09:29:07,1000.0,22.9,B
2021-06-07T09:29:02,1500.0,22.9,B
2021-06-07T09:28:51,600.0,22.8,B
2021-06-07T09:28:51,1000.0,22.8,B
2021-06-07T09:28:51,3500.0,22.8,B
2021-06-07T09:28:47,2000.0,22.9,B
2021-06-07T09:28:47,3000.0,22.9,B
2021-06-07T09:28:43,200.0,22.9,B
2021-06-07T09:28:43,2000.0,22.9,B
2021-06-07T09:28:40,900.0,22.8,B
2021-06-07T09:28:35,1000.0,22.9,B
2021-06-07T09:28:32,5000.0,22.9,B
2021-06-07T09:28:25,3000.0,22.9,B
2021-06-07T09:28:24,1000.0,22.85,B
2021-06-07T09:28:19,2000.0,22.85,B
2021-06-07T09:28:18,100.0,22.85,B
2021-06-07T09:28:14,200.0,22.85,B
2021-06-07T09:28:05,1700.0,22.8,B
2021-06-07T09:28:05,8300.0,22.8,B
2021-06-07T09:28:03,500.0,22.9,B
2021-06-07T09:28:03,1000.0,22.9,B
2021-06-07T09:27:54,500.0,22.9,B
2021-06-07T09:27:54,1400.0,22.85,B
2021-06-07T09:27:51,100.0,22.85,B
2021-06-07T09:27:49,300.0,22.9,B
2021-06-07T09:27:49,400.0,22.9,B
2021-06-07T09:27:48,9600.0,22.9,B
2021-06-07T09:27:47,200.0,22.9,B
2021-06-07T09:27:47,500.0,22.9,B
2021-06-07T09:27:40,500.0,22.9,B
2021-06-07T09:27:39,300.0,22.85,B
2021-06-07T09:27:36,2300.0,22.9,B
2021-06-07T09:27:34,4700.0,22.85,B
2021-06-07T09:27:22,1800.0,22.9,B
2021-06-07T09:27:20,200.0,22.9,B
2021-06-07T09:27:19,3100.0,22.9,B
2021-06-07T09:27:17,1100.0,22.9,B
2021-06-07T09:27:10,8300.0,22.95,B
2021-06-07T09:27:05,20000.0,22.95,B
2021-06-07T09:27:04,1400.0,22.95,B
2021-06-07T09:27:04,200.0,22.85,B
2021-06-07T09:27:03,300.0,22.85,B
2021-06-07T09:27:03,200.0,22.85,B
2021-06-07T09:27:00,100.0,22.9,B
2021-06-07T09:26:59,500.0,22.9,B
2021-06-07T09:26:59,300.0,22.9,B
2021-06-07T09:26:59,400.0,22.9,B
2021-06-07T09:26:57,1000.0,22.9,B
2021-06-07T09:26:55,300.0,22.95,B
2021-06-07T09:26:54,2000.0,22.9,B
2021-06-07T09:26:54,100.0,22.9,B
2021-06-07T09:26:52,10000.0,22.95,B
2021-06-07T09:26:51,2000.0,22.95,B
2021-06-07T09:26:49,500.0,22.95,B
2021-06-07T09:26:47,2000.0,22.9,B
2021-06-07T09:26:46,100.0,22.9,B
2021-06-07T09:26:46,2000.0,22.9,B
2021-06-07T09:26:44,6300.0,22.9,B
2021-06-07T09:26:42,400.0,22.8,B
2021-06-07T09:26:41,100.0,22.75,S
2021-06-07T09:26:40,5800.0,22.8,B
2021-06-07T09:26:34,2000.0,22.75,S
2021-06-07T09:26:34,14700.0,22.8,B
2021-06-07T09:26:34,300.0,22.75,S
2021-06-07T09:26:29,1000.0,22.8,B
2021-06-07T09:26:28,1500.0,22.8,B
2021-06-07T09:26:28,3400.0,22.8,B
2021-06-07T09:26:28,600.0,22.8,B
2021-06-07T09:26:28,17000.0,22.8,B
2021-06-07T09:26:25,100.0,22.9,B
2021-06-07T09:26:25,100.0,22.8,B
2021-06-07T09:26:25,1000.0,22.8,B
2021-06-07T09:26:21,500.0,22.95,B
2021-06-07T09:26:15,900.0,22.9,B
2021-06-07T09:26:15,200.0,22.9,B
2021-06-07T09:26:14,100.0,22.9,B
2021-06-07T09:26:14,200.0,22.9,B
2021-06-07T09:26:09,100.0,22.9,B
2021-06-07T09:26:09,200.0,22.9,B
2021-06-07T09:26:08,2000.0,22.9,B
2021-06-07T09:26:08,1000.0,22.9,B
2021-06-07T09:26:06,300.0,22.9,B
2021-06-07T09:26:06,3400.0,22.95,B
2021-06-07T09:26:06,500.0,22.9,B
2021-06-07T09:26:06,2100.0,22.9,B
2021-06-07T09:26:06,1000.0,22.9,B
2021-06-07T09:26:06,1200.0,22.9,B
2021-06-07T09:26:06,700.0,22.9,B
2021-06-07T09:26:06,100.0,22.9,B
2021-06-07T09:26:05,1000.0,22.9,B
2021-06-07T09:26:03,200.0,22.85,B
2021-06-07T09:26:01,1000.0,22.9,B
2021-06-07T09:26:01,100.0,22.9,B
2021-06-07T09:26:01,500.0,22.9,B
2021-06-07T09:26:00,300.0,22.9,B
2021-06-07T09:26:00,2600.0,22.9,B
2021-06-07T09:25:58,100.0,22.85,B
2021-06-07T09:25:53,500.0,22.8,B
2021-06-07T09:25:52,9000.0,22.9,B
2021-06-07T09:25:51,400.0,22.9,B
2021-06-07T09:25:51,100.0,22.85,B
2021-06-07T09:25:50,2600.0,22.9,B
2021-06-07T09:25:50,200.0,22.9,B
2021-06-07T09:25:50,200.0,22.9,B
2021-06-07T09:25:49,100.0,22.8,B
2021-06-07T09:25:43,2500.0,22.9,B
2021-06-07T09:25:43,200.0,22.8,B
2021-06-07T09:25:41,2000.0,22.9,B
2021-06-07T09:25:36,700.0,22.85,B
2021-06-07T09:25:28,100.0,22.9,B
2021-06-07T09:25:27,1700.0,22.9,B
2021-06-07T09:25:25,2200.0,22.9,B
2021-06-07T09:25:25,800.0,22.85,B
2021-06-07T09:25:25,200.0,22.8,B
2021-06-07T09:25:19,3200.0,22.9,B
2021-06-07T09:25:14,2000.0,22.85,B
2021-06-07T09:25:08,2200.0,22.8,B
2021-06-07T09:25:07,800.0,22.8,B
2021-06-07T09:25:07,9500.0,22.8,B
2021-06-07T09:25:06,2100.0,22.9,B
2021-06-07T09:25:05,200.0,22.9,B
2021-06-07T09:24:59,300.0,22.8,B
2021-06-07T09:24:56,200.0,22.9,B
2021-06-07T09:24:56,8200.0,22.9,B
2021-06-07T09:24:56,200.0,22.9,B
2021-06-07T09:24:55,1400.0,22.9,B
2021-06-07T09:24:54,100.0,22.85,B
2021-06-07T09:24:52,2000.0,22.9,B
2021-06-07T09:24:46,2800.0,22.9,B
2021-06-07T09:24:42,200.0,22.85,B
2021-06-07T09:24:42,10000.0,22.85,B
2021-06-07T09:24:30,1000.0,22.85,B
2021-06-07T09:24:28,5000.0,22.85,B
2021-06-07T09:24:25,100.0,22.85,B
2021-06-07T09:24:22,100.0,22.85,B
2021-06-07T09:24:21,100.0,22.8,B
2021-06-07T09:24:20,300.0,22.85,B
2021-06-07T09:24:19,100.0,22.85,B
2021-06-07T09:24:19,100.0,22.8,B
2021-06-07T09:24:19,400.0,22.8,B
2021-06-07T09:24:18,100.0,22.85,B
2021-06-07T09:24:11,2000.0,22.9,B
2021-06-07T09:24:07,1400.0,22.9,B
2021-06-07T09:24:06,2000.0,22.9,B
2021-06-07T09:24:04,500.0,22.9,B
2021-06-07T09:24:01,1000.0,22.9,B
2021-06-07T09:24:00,1000.0,22.8,B
2021-06-07T09:24:00,10000.0,22.9,B
2021-06-07T09:23:58,100.0,22.85,B
2021-06-07T09:23:54,100.0,22.85,B
2021-06-07T09:23:46,5000.0,22.9,B
2021-06-07T09:23:40,100.0,22.8,B
2021-06-07T09:23:40,500.0,22.8,B
2021-06-07T09:23:34,3000.0,22.9,B
2021-06-07T09:23:33,100.0,22.8,B
2021-06-07T09:23:32,100.0,22.8,B
2021-06-07T09:23:32,500.0,22.8,B
2021-06-07T09:23:31,300.0,22.8,B
2021-06-07T09:23:30,8700.0,22.8,B
2021-06-07T09:23:26,200.0,22.9,B
2021-06-07T09:23:23,500.0,22.9,B
2021-06-07T09:23:23,400.0,22.9,B
2021-06-07T09:23:23,1000.0,22.9,B
2021-06-07T09:23:23,400.0,22.9,B
2021-06-07T09:23:20,200.0,23.0,B
2021-06-07T09:23:20,2900.0,23.0,B
2021-06-07T09:23:20,19500.0,23.0,B
2021-06-07T09:23:20,7400.0,22.95,B
2021-06-07T09:23:17,100.0,22.9,B
2021-06-07T09:23:17,300.0,22.9,B
2021-06-07T09:23:15,400.0,22.9,B
2021-06-07T09:23:12,900.0,22.9,B
2021-06-07T09:23:11,500.0,22.9,B
2021-06-07T09:23:09,500.0,22.9,B
2021-06-07T09:23:09,1000.0,22.9,B
2021-06-07T09:23:08,1100.0,22.9,B
2021-06-07T09:23:07,600.0,22.9,B
2021-06-07T09:23:07,100.0,22.9,B
2021-06-07T09:23:05,5000.0,22.9,B
2021-06-07T09:23:05,200.0,22.9,B
2021-06-07T09:23:00,200.0,22.9,B
2021-06-07T09:22:58,1000.0,22.95,B
2021-06-07T09:22:57,100.0,22.9,B
2021-06-07T09:22:57,100.0,22.9,B
2021-06-07T09:22:57,4000.0,22.9,B
2021-06-07T09:22:57,13000.0,22.9,B
2021-06-07T09:22:57,4000.0,22.9,B
2021-06-07T09:22:57,10300.0,22.9,B
2021-06-07T09:22:50,100.0,22.8,B
2021-06-07T09:22:49,300.0,22.8,B
2021-06-07T09:22:44,14000.0,22.8,B
2021-06-07T09:22:44,3300.0,22.75,B
2021-06-07T09:22:40,600.0,22.8,B
2021-06-07T09:22:34,500.0,22.75,B
2021-06-07T09:22:31,500.0,22.75,B
2021-06-07T09:22:31,200.0,22.8,B
2021-06-07T09:22:30,100.0,22.75,B
2021-06-07T09:22:29,5000.0,22.8,B
2021-06-07T09:22:28,1000.0,22.7,B
2021-06-07T09:22:21,100.0,22.75,B
2021-06-07T09:22:21,100.0,22.75,B
2021-06-07T09:22:20,200.0,22.7,B
2021-06-07T09:22:18,500.0,22.7,B
2021-06-07T09:22:15,1000.0,22.7,B
2021-06-07T09:22:14,5000.0,22.7,B
2021-06-07T09:22:13,4000.0,22.9,B
2021-06-07T09:22:13,1400.0,22.9,B
2021-06-07T09:22:09,3500.0,22.7,B
2021-06-07T09:22:09,5000.0,22.7,B
2021-06-07T09:22:06,2000.0,22.7,B
2021-06-07T09:22:02,8000.0,22.7,B
2021-06-07T09:22:01,3000.0,22.7,B
2021-06-07T09:21:57,8100.0,22.9,B
2021-06-07T09:21:57,1300.0,22.9,B
2021-06-07T09:21:57,200.0,22.9,B
2021-06-07T09:21:57,5500.0,22.9,B
2021-06-07T09:21:57,2000.0,22.9,B
2021-06-07T09:21:57,2000.0,22.9,B
2021-06-07T09:21:57,5400.0,22.9,B
2021-06-07T09:21:57,100.0,22.9,B
2021-06-07T09:21:57,5000.0,22.85,B
2021-06-07T09:21:57,4000.0,22.85,B
2021-06-07T09:21:57,12800.0,22.85,B
2021-06-07T09:21:57,15000.0,22.8,B
2021-06-07T09:21:57,200.0,22.8,B
2021-06-07T09:21:57,1500.0,22.8,B
2021-06-07T09:21:57,3200.0,22.8,B
2021-06-07T09:21:57,3700.0,22.65,B
2021-06-07T09:21:56,2000.0,22.65,B
2021-06-07T09:21:54,2500.0,22.65,B
2021-06-07T09:21:53,200.0,22.65,B
2021-06-07T09:21:43,300.0,22.65,B
2021-06-07T09:21:38,1500.0,22.65,B
2021-06-07T09:21:34,23000.0,22.8,B
2021-06-07T09:21:34,6500.0,22.8,B
2021-06-07T09:21:34,1500.0,22.8,B
2021-06-07T09:21:34,800.0,22.8,B
2021-06-07T09:21:34,4100.0,22.75,B
2021-06-07T09:21:33,100.0,22.7,B
2021-06-07T09:21:29,1000.0,22.75,B
2021-06-07T09:21:24,900.0,22.7,B
2021-06-07T09:21:24,100.0,22.65,B
2021-06-07T09:21:19,23500.0,22.7,B
2021-06-07T09:21:18,3000.0,22.7,B
2021-06-07T09:21:18,500.0,22.7,B
2021-06-07T09:21:14,16300.0,22.6,B
2021-06-07T09:21:07,8400.0,22.7,B
2021-06-07T09:21:07,3000.0,22.7,B
2021-06-07T09:21:04,1000.0,22.65,B
2021-06-07T09:21:02,5100.0,22.65,B
2021-06-07T09:21:01,800.0,22.7,B
2021-06-07T09:21:00,5000.0,22.7,B
2021-06-07T09:20:57,100.0,22.65,B
2021-06-07T09:20:54,3000.0,22.7,B
2021-06-07T09:20:52,5000.0,22.7,B
2021-06-07T09:20:50,1000.0,22.65,B
2021-06-07T09:20:46,5000.0,22.65,B
2021-06-07T09:20:40,100.0,22.6,B
2021-06-07T09:20:39,1500.0,22.65,B
2021-06-07T09:20:37,100.0,22.6,B
2021-06-07T09:20:36,100.0,22.6,B
2021-06-07T09:20:34,200.0,22.6,B
2021-06-07T09:20:29,1000.0,22.6,B
2021-06-07T09:20:29,800.0,22.6,B
2021-06-07T09:20:28,1700.0,22.65,B
2021-06-07T09:20:26,2200.0,22.6,B
2021-06-07T09:20:25,1000.0,22.6,B
2021-06-07T09:20:24,100.0,22.6,B
2021-06-07T09:20:22,5500.0,22.6,B
2021-06-07T09:20:20,200.0,22.6,B
2021-06-07T09:20:16,100.0,22.6,B
2021-06-07T09:20:13,300.0,22.6,B
2021-06-07T09:20:12,100.0,22.6,B
2021-06-07T09:20:11,300.0,22.6,B
2021-06-07T09:20:08,900.0,22.65,B
2021-06-07T09:20:08,200.0,22.6,B
2021-06-07T09:20:08,1000.0,22.6,B
2021-06-07T09:20:05,300.0,22.6,B
2021-06-07T09:20:05,10000.0,22.6,B
2021-06-07T09:20:04,700.0,22.65,B
2021-06-07T09:19:56,5000.0,22.65,B
2021-06-07T09:19:56,100.0,22.6,B
2021-06-07T09:19:55,100.0,22.6,B
2021-06-07T09:19:52,200.0,22.6,B
2021-06-07T09:19:51,200.0,22.55,B
2021-06-07T09:19:49,200.0,22.55,B
2021-06-07T09:19:48,2000.0,22.6,B
2021-06-07T09:19:48,900.0,22.6,B
2021-06-07T09:19:45,100.0,22.6,B
2021-06-07T09:19:44,100.0,22.6,B
2021-06-07T09:19:44,400.0,22.6,B
2021-06-07T09:19:44,10400.0,22.6,B
2021-06-07T09:19:44,300.0,22.6,B
2021-06-07T09:19:44,17800.0,22.6,B
2021-06-07T09:19:43,5000.0,22.6,B
2021-06-07T09:19:39,5000.0,22.55,B
2021-06-07T09:19:39,100.0,22.55,B
2021-06-07T09:19:37,600.0,22.55,B
2021-06-07T09:19:35,700.0,22.55,B
2021-06-07T09:19:35,400.0,22.55,B
2021-06-07T09:19:34,5000.0,22.55,B
2021-06-07T09:19:33,100.0,22.6,B
2021-06-07T09:19:33,2100.0,22.55,B
2021-06-07T09:19:31,9000.0,22.55,B
2021-06-07T09:19:23,100.0,22.6,B
2021-06-07T09:19:23,1200.0,22.5,S
2021-06-07T09:19:22,2000.0,22.6,B
2021-06-07T09:19:19,100.0,22.5,S
2021-06-07T09:19:16,2400.0,22.6,B
2021-06-07T09:19:16,400.0,22.6,B
2021-06-07T09:19:16,1100.0,22.6,B
2021-06-07T09:19:16,4500.0,22.6,B
2021-06-07T09:19:16,11800.0,22.55,B
2021-06-07T09:19:14,200.0,22.5,S
2021-06-07T09:19:14,200.0,22.5,S
2021-06-07T09:19:12,1000.0,22.5,S
2021-06-07T09:19:06,1000.0,22.55,B
2021-06-07T09:19:06,100.0,22.5,S
2021-06-07T09:19:06,500.0,22.55,B
2021-06-07T09:19:01,3000.0,22.55,B
2021-06-07T09:19:00,500.0,22.55,B
2021-06-07T09:18:58,100.0,22.5,S
2021-06-07T09:18:58,300.0,22.5,S
2021-06-07T09:18:57,400.0,22.55,B
2021-06-07T09:18:57,1000.0,22.5,S
2021-06-07T09:18:49,3000.0,22.55,B
2021-06-07T09:18:47,100.0,22.5,S
2021-06-07T09:18:45,600.0,22.6,B
2021-06-07T09:18:45,400.0,22.55,B
2021-06-07T09:18:43,300.0,22.55,B
2021-06-07T09:18:42,5000.0,22.5,S
2021-06-07T09:18:41,400.0,22.55,B
2021-06-07T09:18:40,10000.0,22.55,B
2021-06-07T09:18:36,9000.0,22.5,S
2021-06-07T09:18:31,700.0,22.5,S
2021-06-07T09:18:31,1000.0,22.5,S
2021-06-07T09:18:31,100.0,22.5,S
2021-06-07T09:18:26,1000.0,22.5,S
2021-06-07T09:18:21,100.0,22.5,S
2021-06-07T09:18:16,100.0,22.5,S
2021-06-07T09:18:14,300.0,22.5,S
2021-06-07T09:18:04,300.0,22.5,S
2021-06-07T09:18:01,500.0,22.5,B
2021-06-07T09:18:01,1100.0,22.5,B
2021-06-07T09:18:01,11800.0,22.5,B
2021-06-07T09:18:01,100.0,22.5,B
2021-06-07T09:18:00,500.0,22.5,B
2021-06-07T09:18:00,1000.0,22.5,B
2021-06-07T09:18:00,10800.0,22.5,B
2021-06-07T09:17:52,2000.0,22.5,B
2021-06-07T09:17:52,4000.0,22.5,B
2021-06-07T09:17:52,500.0,22.45,B
2021-06-07T09:17:51,500.0,22.5,B
2021-06-07T09:17:44,10000.0,22.5,B
2021-06-07T09:17:43,4300.0,22.5,B
2021-06-07T09:17:43,400.0,22.5,B
2021-06-07T09:17:43,700.0,22.5,B
2021-06-07T09:17:43,2500.0,22.5,B
2021-06-07T09:17:43,1100.0,22.5,B
2021-06-07T09:17:43,18400.0,22.5,B
2021-06-07T09:17:43,100.0,22.5,B
2021-06-07T09:17:42,2000.0,22.5,B
2021-06-07T09:17:42,20500.0,22.5,B
2021-06-07T09:17:41,2300.0,22.45,B
2021-06-07T09:17:30,12500.0,22.45,B
2021-06-07T09:17:24,20000.0,22.45,B
2021-06-07T09:17:22,1000.0,22.4,B
2021-06-07T09:17:15,10000.0,22.45,B
2021-06-07T09:17:01,8800.0,22.35,S
2021-06-07T09:17:01,16700.0,22.35,S
2021-06-07T09:16:59,8000.0,22.4,B
2021-06-07T09:16:58,5000.0,22.4,B
2021-06-07T09:16:54,300.0,22.35,S
2021-06-07T09:16:52,2000.0,22.4,B
2021-06-07T09:16:51,100.0,22.4,B
2021-06-07T09:16:48,500.0,22.4,B
2021-06-07T09:16:45,6000.0,22.35,S
2021-06-07T09:16:44,100.0,22.35,S
2021-06-07T09:16:43,1000.0,22.35,S
2021-06-07T09:16:43,5000.0,22.4,B
2021-06-07T09:16:34,100.0,22.35,S
2021-06-07T09:16:34,1000.0,22.4,B
2021-06-07T09:16:31,100.0,22.35,S
2021-06-07T09:16:15,5200.0,22.35,B
2021-06-07T09:16:15,1300.0,22.35,B
2021-06-07T09:16:15,1000.0,22.35,B
2021-06-07T09:16:14,200.0,22.35,B
2021-06-07T09:16:02,4200.0,22.35,B
2021-06-07T09:16:01,3000.0,22.3,B
2021-06-07T09:15:58,100.0,22.3,B
2021-06-07T09:15:57,1000.0,22.3,B
2021-06-07T09:15:51,500.0,22.2,S
2021-06-07T09:15:51,100.0,22.3,B
2021-06-07T09:15:50,500.0,22.3,B
