tradingTime,volume,price,side
2021-06-07T14:29:40,700.0,14.9,B
2021-06-07T14:28:33,100.0,14.9,B
2021-06-07T14:27:55,500.0,14.8,S
2021-06-07T14:26:44,300.0,14.8,S
2021-06-07T14:25:27,700.0,14.8,S
2021-06-07T14:25:12,1000.0,14.8,S
2021-06-07T14:19:58,2000.0,14.8,S
2021-06-07T14:16:48,3000.0,14.8,S
2021-06-07T14:13:41,3100.0,14.9,B
2021-06-07T14:09:43,1000.0,14.9,B
2021-06-07T14:07:07,200.0,14.9,B
2021-06-07T14:06:30,1300.0,14.9,S
2021-06-07T14:06:19,6000.0,14.9,B
2021-06-07T14:06:06,100.0,14.8,S
2021-06-07T14:06:04,15000.0,14.9,B
2021-06-07T14:05:51,9500.0,14.8,S
2021-06-07T14:04:46,2000.0,14.8,B
2021-06-07T14:04:19,2000.0,14.8,B
2021-06-07T14:04:07,100.0,14.8,B
2021-06-07T14:03:44,14000.0,14.7,B
2021-06-07T14:03:35,100.0,14.5,S
2021-06-07T14:03:26,100000.0,14.5,S
2021-06-07T14:03:17,200000.0,14.5,S
2021-06-07T14:02:49,18000.0,14.6,S
2021-06-07T14:02:18,25000.0,14.6,S
2021-06-07T14:01:28,25000.0,14.6,S
2021-06-07T14:01:21,25000.0,14.6,S
2021-06-07T14:01:09,50000.0,14.6,S
2021-06-07T14:00:29,1900.0,14.7,B
2021-06-07T14:00:25,100.0,14.6,S
2021-06-07T13:57:09,1600.0,14.8,B
2021-06-07T13:55:57,500.0,14.8,B
2021-06-07T13:53:59,5000.0,14.6,S
2021-06-07T13:53:41,100.0,14.8,B
2021-06-07T13:53:40,1000.0,14.7,S
2021-06-07T13:53:10,800.0,14.8,B
2021-06-07T13:50:47,100.0,14.9,B
2021-06-07T13:49:42,1900.0,14.9,B
2021-06-07T13:48:52,100.0,14.9,B
2021-06-07T13:48:06,1000.0,14.8,S
2021-06-07T13:47:48,6000.0,14.8,S
2021-06-07T13:47:44,6000.0,14.8,S
2021-06-07T13:47:31,600.0,14.9,B
2021-06-07T13:45:59,500.0,14.9,B
2021-06-07T13:45:54,2200.0,14.9,B
2021-06-07T13:45:24,1700.0,14.9,B
2021-06-07T13:45:15,400.0,14.8,B
2021-06-07T13:45:09,3000.0,14.8,B
2021-06-07T13:45:01,5000.0,14.8,B
2021-06-07T13:44:13,5000.0,14.8,B
2021-06-07T13:44:06,5000.0,14.8,B
2021-06-07T13:42:26,200.0,14.8,B
2021-06-07T13:40:06,5000.0,14.8,B
2021-06-07T13:40:01,5000.0,14.8,B
2021-06-07T13:39:28,500.0,14.6,S
2021-06-07T13:38:48,3300.0,14.7,S
2021-06-07T13:38:26,500.0,14.7,B
2021-06-07T13:38:06,5000.0,14.7,B
2021-06-07T13:37:03,2000.0,14.7,B
2021-06-07T13:35:51,500.0,14.7,B
2021-06-07T13:35:44,5000.0,14.7,B
2021-06-07T13:35:36,5000.0,14.7,B
2021-06-07T13:34:46,2000.0,14.7,B
2021-06-07T13:34:28,2000.0,14.7,B
2021-06-07T13:33:31,300.0,14.7,B
2021-06-07T13:33:06,800.0,14.7,B
2021-06-07T13:32:54,500.0,14.7,B
2021-06-07T13:32:12,100.0,14.7,B
2021-06-07T13:31:52,3000.0,14.7,B
2021-06-07T13:31:23,3000.0,14.6,S
2021-06-07T13:31:20,100.0,14.6,S
2021-06-07T13:29:20,4400.0,14.6,B
2021-06-07T13:29:11,5000.0,14.6,B
2021-06-07T13:29:04,15000.0,14.5,S
2021-06-07T13:29:01,2000.0,14.5,S
2021-06-07T13:28:47,3000.0,14.6,B
2021-06-07T13:28:28,9000.0,14.6,B
2021-06-07T13:27:52,100.0,14.6,B
2021-06-07T13:25:56,500.0,14.6,B
2021-06-07T13:25:18,2000.0,14.6,B
2021-06-07T13:24:55,10000.0,14.6,B
2021-06-07T13:24:22,900.0,14.6,B
2021-06-07T13:23:43,11000.0,14.6,B
2021-06-07T13:20:51,400.0,14.6,B
2021-06-07T13:20:45,400.0,14.5,S
2021-06-07T13:20:34,5000.0,14.6,B
2021-06-07T13:20:25,5000.0,14.5,S
2021-06-07T13:20:21,15000.0,14.5,S
2021-06-07T13:19:18,2000.0,14.5,S
2021-06-07T13:19:02,100.0,14.5,S
2021-06-07T13:18:56,500.0,14.5,S
2021-06-07T13:18:17,1000.0,14.5,S
2021-06-07T13:18:01,5000.0,14.6,B
2021-06-07T13:16:37,6300.0,14.5,S
2021-06-07T13:16:32,2000.0,14.5,S
2021-06-07T13:15:03,700.0,14.5,S
2021-06-07T13:14:26,1600.0,14.5,S
2021-06-07T13:10:29,100.0,14.5,S
2021-06-07T13:10:12,1500.0,14.5,B
2021-06-07T13:09:24,1000.0,14.5,B
2021-06-07T13:09:10,5000.0,14.5,B
2021-06-07T13:08:38,8000.0,14.5,B
2021-06-07T13:08:26,300.0,14.5,B
2021-06-07T13:07:47,100.0,14.5,B
2021-06-07T13:07:45,16500.0,14.5,B
2021-06-07T13:07:38,3000.0,14.5,S
2021-06-07T13:07:31,100.0,14.6,B
2021-06-07T13:07:09,4000.0,14.5,S
2021-06-07T13:06:33,100.0,14.6,B
2021-06-07T13:06:32,10000.0,14.5,S
2021-06-07T13:06:20,5000.0,14.6,B
2021-06-07T13:06:14,500.0,14.6,B
2021-06-07T13:05:57,100.0,14.6,B
2021-06-07T13:05:24,2400.0,14.5,S
2021-06-07T13:04:24,100.0,14.6,B
2021-06-07T13:01:56,1000.0,14.5,S
2021-06-07T13:01:25,25000.0,14.5,S
2021-06-07T13:01:04,6000.0,14.5,S
2021-06-07T13:00:21,300.0,14.6,B
2021-06-07T13:00:21,1000.0,14.5,S
2021-06-07T13:00:10,10000.0,14.6,B
2021-06-07T13:00:05,2000.0,14.6,B
2021-06-07T11:28:44,500.0,14.5,S
2021-06-07T11:28:01,3300.0,14.5,B
2021-06-07T11:27:58,5500.0,14.5,S
2021-06-07T11:27:48,10000.0,14.5,S
2021-06-07T11:27:36,5000.0,14.5,S
2021-06-07T11:27:28,5000.0,14.5,S
2021-06-07T11:27:23,5000.0,14.5,S
2021-06-07T11:27:20,1700.0,14.6,S
2021-06-07T11:27:13,5000.0,14.5,S
2021-06-07T11:27:00,5000.0,14.5,S
2021-06-07T11:25:41,1700.0,14.7,B
2021-06-07T11:25:15,100.0,14.7,B
2021-06-07T11:25:14,500.0,14.6,S
2021-06-07T11:24:54,1200.0,14.6,B
2021-06-07T11:24:37,1900.0,14.5,S
2021-06-07T11:24:26,4400.0,14.5,S
2021-06-07T11:23:54,100.0,14.6,B
2021-06-07T11:23:12,400.0,14.6,B
2021-06-07T11:22:21,100.0,14.6,B
2021-06-07T11:21:57,500.0,14.6,B
2021-06-07T11:21:23,1500.0,14.6,B
2021-06-07T11:20:34,2500.0,14.6,B
2021-06-07T11:20:27,1600.0,14.6,B
2021-06-07T11:19:53,10000.0,14.6,B
2021-06-07T11:19:22,2500.0,14.6,B
2021-06-07T11:18:38,5900.0,14.6,B
2021-06-07T11:18:15,10000.0,14.6,B
2021-06-07T11:17:49,3000.0,14.6,B
2021-06-07T11:17:29,700.0,14.6,B
2021-06-07T11:17:13,1500.0,14.6,B
2021-06-07T11:16:47,10000.0,14.6,B
2021-06-07T11:16:40,20000.0,14.6,B
2021-06-07T11:16:26,10000.0,14.5,S
2021-06-07T11:16:17,10000.0,14.5,S
2021-06-07T11:16:08,4000.0,14.6,B
2021-06-07T11:16:04,10000.0,14.5,S
2021-06-07T11:15:41,3800.0,14.6,B
2021-06-07T11:15:11,500.0,14.6,B
2021-06-07T11:15:05,100.0,14.6,B
2021-06-07T11:14:47,2200.0,14.6,B
2021-06-07T11:14:40,1000.0,14.6,B
2021-06-07T11:14:18,1200.0,14.6,B
2021-06-07T11:13:29,300.0,14.6,B
2021-06-07T11:12:48,1000.0,14.6,B
2021-06-07T11:12:40,100.0,14.6,B
2021-06-07T11:11:20,2000.0,14.6,B
2021-06-07T11:10:19,100.0,14.6,B
2021-06-07T11:09:09,300.0,14.5,S
2021-06-07T11:07:36,100.0,14.5,S
2021-06-07T11:06:40,2000.0,14.6,B
2021-06-07T11:06:16,500.0,14.6,B
2021-06-07T11:06:16,1000.0,14.6,B
2021-06-07T11:06:12,1000.0,14.6,B
2021-06-07T11:05:19,1800.0,14.6,B
2021-06-07T11:04:59,200.0,14.6,B
2021-06-07T11:04:41,5000.0,14.5,S
2021-06-07T11:04:27,600.0,14.5,S
2021-06-07T11:04:12,6100.0,14.6,S
2021-06-07T11:03:59,10000.0,14.6,S
2021-06-07T11:02:33,700.0,14.6,S
2021-06-07T11:02:19,15000.0,14.6,S
2021-06-07T11:02:01,5000.0,14.6,S
2021-06-07T11:01:33,1900.0,14.7,B
2021-06-07T11:01:32,1500.0,14.7,S
2021-06-07T11:01:11,7000.0,14.7,S
2021-06-07T11:00:42,2000.0,14.7,S
2021-06-07T11:00:36,700.0,14.7,S
2021-06-07T11:00:30,500.0,14.7,S
2021-06-07T10:59:25,2000.0,14.7,S
2021-06-07T10:58:40,6500.0,14.7,B
2021-06-07T10:56:53,1000.0,14.7,S
2021-06-07T10:56:08,1000.0,14.7,S
2021-06-07T10:56:03,1000.0,14.7,B
2021-06-07T10:55:53,800.0,14.6,S
2021-06-07T10:55:46,5000.0,14.6,S
2021-06-07T10:55:43,1500.0,14.6,S
2021-06-07T10:55:36,2500.0,14.6,S
2021-06-07T10:55:21,1800.0,14.7,B
2021-06-07T10:55:17,2000.0,14.6,S
2021-06-07T10:54:37,1000.0,14.6,S
2021-06-07T10:54:25,100.0,14.6,S
2021-06-07T10:54:05,600.0,14.6,S
2021-06-07T10:53:57,10000.0,14.6,S
2021-06-07T10:53:48,2500.0,14.6,S
2021-06-07T10:53:16,900.0,14.6,S
2021-06-07T10:53:05,4400.0,14.6,S
2021-06-07T10:51:26,300.0,14.6,S
2021-06-07T10:50:55,2000.0,14.6,S
2021-06-07T10:50:18,100.0,14.6,S
2021-06-07T10:49:49,1500.0,14.6,S
2021-06-07T10:49:29,1100.0,14.7,B
2021-06-07T10:49:22,32400.0,14.7,B
2021-06-07T10:49:11,10000.0,14.7,S
2021-06-07T10:48:59,3000.0,14.7,S
2021-06-07T10:48:16,200.0,14.7,S
2021-06-07T10:48:15,1200.0,14.8,B
2021-06-07T10:46:30,1000.0,14.7,S
2021-06-07T10:46:11,1500.0,14.7,S
2021-06-07T10:45:55,100.0,14.8,B
2021-06-07T10:45:45,1000.0,14.7,S
2021-06-07T10:45:37,200.0,14.7,S
2021-06-07T10:45:36,4000.0,14.7,S
2021-06-07T10:45:30,1000.0,14.7,S
2021-06-07T10:44:39,500.0,14.7,S
2021-06-07T10:44:25,100.0,14.8,B
2021-06-07T10:43:23,100.0,14.8,B
2021-06-07T10:43:15,100.0,14.8,B
2021-06-07T10:43:01,600.0,14.8,B
2021-06-07T10:42:55,500.0,14.8,B
2021-06-07T10:42:38,500.0,14.8,B
2021-06-07T10:42:11,2100.0,14.8,S
2021-06-07T10:42:05,1000.0,14.8,S
2021-06-07T10:41:42,3000.0,14.8,S
2021-06-07T10:41:06,5500.0,14.8,S
2021-06-07T10:40:33,4000.0,14.8,S
2021-06-07T10:39:59,200.0,14.8,S
2021-06-07T10:39:47,4500.0,14.8,S
2021-06-07T10:38:38,1000.0,14.8,S
2021-06-07T10:37:15,3500.0,14.8,S
2021-06-07T10:36:39,200.0,14.8,B
2021-06-07T10:36:29,300.0,14.8,B
2021-06-07T10:36:02,1500.0,14.8,B
2021-06-07T10:34:59,1400.0,14.8,S
2021-06-07T10:34:04,5900.0,14.8,S
2021-06-07T10:33:35,200.0,14.8,S
2021-06-07T10:33:32,2500.0,14.8,S
2021-06-07T10:33:29,800.0,14.8,S
2021-06-07T10:33:23,5000.0,14.8,S
2021-06-07T10:33:18,6000.0,14.8,S
2021-06-07T10:33:10,13200.0,14.8,S
2021-06-07T10:32:58,100.0,14.8,S
2021-06-07T10:32:48,700.0,14.8,S
2021-06-07T10:32:43,10000.0,14.8,S
2021-06-07T10:31:06,700.0,14.8,S
2021-06-07T10:30:59,500.0,14.9,B
2021-06-07T10:30:20,500.0,14.8,S
2021-06-07T10:29:03,1000.0,14.8,S
2021-06-07T10:28:00,2000.0,14.8,S
2021-06-07T10:27:38,1000.0,14.8,S
2021-06-07T10:26:35,3000.0,14.8,S
2021-06-07T10:25:13,300.0,15.0,B
2021-06-07T10:24:31,2000.0,15.0,B
2021-06-07T10:23:26,100.0,15.0,B
2021-06-07T10:23:02,9800.0,14.8,S
2021-06-07T10:22:42,25100.0,14.9,S
2021-06-07T10:22:40,300.0,15.0,B
2021-06-07T10:20:13,100.0,15.0,B
2021-06-07T10:20:03,3000.0,14.9,S
2021-06-07T10:20:00,1800.0,14.9,S
2021-06-07T10:19:52,700.0,14.9,S
2021-06-07T10:19:38,2500.0,14.9,S
2021-06-07T10:19:29,1000.0,14.9,S
2021-06-07T10:18:39,500.0,15.0,B
2021-06-07T10:17:43,1200.0,15.0,S
2021-06-07T10:17:14,3900.0,15.0,S
2021-06-07T10:16:23,1000.0,15.0,S
2021-06-07T10:15:03,1500.0,15.0,S
2021-06-07T10:14:54,7000.0,15.0,B
2021-06-07T10:14:21,100.0,15.0,B
2021-06-07T10:14:18,1000.0,14.9,S
2021-06-07T10:12:56,13000.0,14.9,S
2021-06-07T10:12:07,2000.0,14.9,S
2021-06-07T10:11:50,500.0,14.9,S
2021-06-07T10:10:12,900.0,14.9,S
2021-06-07T10:08:45,5300.0,15.0,S
2021-06-07T10:08:17,5700.0,15.0,B
2021-06-07T10:07:15,10000.0,14.9,S
2021-06-07T10:07:03,200.0,15.0,B
2021-06-07T10:06:18,300.0,15.0,S
2021-06-07T10:05:58,100.0,15.1,B
2021-06-07T10:05:52,200.0,15.0,S
2021-06-07T10:05:14,1000.0,15.0,S
2021-06-07T10:05:10,1000.0,15.0,S
2021-06-07T10:05:04,1000.0,15.0,S
2021-06-07T10:05:00,100.0,15.1,B
2021-06-07T10:04:59,200.0,15.0,S
2021-06-07T10:04:40,5200.0,15.0,S
2021-06-07T10:04:19,600.0,15.0,S
2021-06-07T10:04:16,100.0,15.0,S
2021-06-07T10:03:01,500.0,15.0,S
2021-06-07T10:01:03,1300.0,15.0,S
2021-06-07T09:59:22,200.0,15.0,S
2021-06-07T09:59:10,1900.0,15.0,S
2021-06-07T09:58:59,700.0,15.0,B
2021-06-07T09:58:26,1000.0,15.0,B
2021-06-07T09:57:51,9400.0,15.0,B
2021-06-07T09:56:38,500.0,15.0,S
2021-06-07T09:55:46,400.0,15.0,S
2021-06-07T09:55:17,1000.0,15.0,S
2021-06-07T09:54:43,1600.0,15.1,B
2021-06-07T09:54:37,2000.0,15.0,S
2021-06-07T09:51:48,100.0,15.1,B
2021-06-07T09:51:38,3800.0,15.0,S
2021-06-07T09:51:10,3000.0,15.0,S
2021-06-07T09:50:36,1000.0,15.0,S
2021-06-07T09:50:24,100.0,15.0,S
2021-06-07T09:49:54,200.0,15.0,S
2021-06-07T09:49:38,3900.0,15.0,B
2021-06-07T09:48:58,100.0,15.0,B
2021-06-07T09:48:36,1100.0,15.0,B
2021-06-07T09:48:18,5000.0,15.0,B
2021-06-07T09:47:10,100.0,15.0,B
2021-06-07T09:46:55,1300.0,14.9,S
2021-06-07T09:46:27,300.0,14.9,S
2021-06-07T09:46:19,1000.0,14.9,S
2021-06-07T09:45:10,4100.0,14.9,S
2021-06-07T09:45:06,1000.0,14.9,B
2021-06-07T09:45:05,2000.0,14.8,S
2021-06-07T09:44:58,100.0,14.9,B
2021-06-07T09:44:46,9600.0,14.9,B
2021-06-07T09:44:24,1000.0,14.9,S
2021-06-07T09:44:17,100.0,14.9,S
2021-06-07T09:43:45,6000.0,14.9,S
2021-06-07T09:43:27,700.0,14.9,S
2021-06-07T09:43:24,1000.0,15.0,B
2021-06-07T09:41:12,100.0,15.0,B
2021-06-07T09:40:25,7100.0,14.9,S
2021-06-07T09:40:17,2900.0,14.9,B
2021-06-07T09:39:40,2700.0,14.9,B
2021-06-07T09:39:39,100.0,14.9,B
2021-06-07T09:39:03,7500.0,14.9,S
2021-06-07T09:38:59,45000.0,14.9,S
2021-06-07T09:38:41,100.0,15.0,S
2021-06-07T09:38:02,300.0,15.1,B
2021-06-07T09:37:49,100.0,15.1,B
2021-06-07T09:35:00,1000.0,15.1,B
2021-06-07T09:34:38,2200.0,15.1,B
2021-06-07T09:33:56,300.0,15.1,B
2021-06-07T09:32:31,2100.0,15.1,S
2021-06-07T09:32:18,5000.0,15.1,S
2021-06-07T09:31:30,1500.0,15.1,S
2021-06-07T09:31:13,100.0,15.2,B
2021-06-07T09:30:55,2000.0,15.1,S
2021-06-07T09:30:38,100.0,15.2,B
2021-06-07T09:29:57,2000.0,15.1,S
2021-06-07T09:28:41,100.0,15.2,B
2021-06-07T09:28:30,15000.0,15.1,S
2021-06-07T09:28:07,5000.0,15.1,S
2021-06-07T09:28:02,100.0,15.1,S
2021-06-07T09:27:57,100.0,15.2,B
2021-06-07T09:27:47,15000.0,15.1,S
2021-06-07T09:27:19,17300.0,15.1,B
2021-06-07T09:27:18,3000.0,15.0,B
2021-06-07T09:27:12,1000.0,15.0,B
2021-06-07T09:26:58,1300.0,15.0,B
2021-06-07T09:26:29,3000.0,15.0,B
2021-06-07T09:26:21,700.0,15.0,S
2021-06-07T09:26:20,1000.0,15.0,S
2021-06-07T09:25:36,900.0,15.0,S
2021-06-07T09:25:33,1000.0,15.0,B
2021-06-07T09:25:32,2000.0,15.0,B
2021-06-07T09:25:20,26000.0,15.0,B
2021-06-07T09:25:14,100.0,15.0,B
2021-06-07T09:24:53,100.0,15.0,B
2021-06-07T09:24:46,200.0,14.9,S
2021-06-07T09:23:49,300.0,15.0,B
2021-06-07T09:23:45,500.0,14.9,S
2021-06-07T09:23:11,200.0,15.0,B
2021-06-07T09:23:05,500.0,15.0,B
2021-06-07T09:22:45,100.0,15.0,B
2021-06-07T09:22:44,200.0,15.0,B
2021-06-07T09:22:31,1000.0,15.0,B
2021-06-07T09:22:24,300.0,15.0,B
2021-06-07T09:22:17,1000.0,15.0,B
2021-06-07T09:22:11,100.0,15.0,B
2021-06-07T09:21:39,100.0,15.0,B
2021-06-07T09:21:32,2000.0,15.0,B
2021-06-07T09:20:30,600.0,15.0,B
2021-06-07T09:20:29,400.0,15.1,B
2021-06-07T09:18:41,200.0,15.1,B
2021-06-07T09:17:40,5000.0,15.2,B
2021-06-07T09:16:05,10000.0,15.2,B
2021-06-07T09:16:02,2200.0,15.0,S
2021-06-07T09:15:39,100.0,15.1,B
2021-06-07T09:15:06,400.0,15.1,B
2021-06-07T09:15:03,300.0,15.1,B
2021-06-07T09:14:37,100.0,15.1,B
2021-06-07T09:14:24,8500.0,15.1,S
2021-06-07T09:13:54,1000.0,15.1,S
2021-06-07T09:12:14,300.0,15.2,S
2021-06-07T09:10:32,1000.0,15.3,B
2021-06-07T09:09:27,300.0,15.3,B
2021-06-07T09:08:48,200.0,15.2,B
2021-06-07T09:08:21,200.0,15.3,B
2021-06-07T09:08:07,200.0,15.3,B
2021-06-07T09:06:13,500.0,15.3,B
2021-06-07T09:06:08,100.0,15.3,B
2021-06-07T09:05:37,10000.0,15.3,B
2021-06-07T09:05:25,5900.0,15.3,B
2021-06-07T09:05:01,2900.0,15.2,B
2021-06-07T09:04:25,200.0,15.2,B
2021-06-07T09:04:05,6000.0,15.1,B
2021-06-07T09:03:29,1400.0,15.1,B
2021-06-07T09:03:25,1900.0,15.1,B
2021-06-07T09:02:41,5000.0,15.1,B
2021-06-07T09:02:10,100.0,15.1,B
2021-06-07T09:01:17,1200.0,15.0,S
2021-06-07T09:00:20,100.0,14.9,S
2021-06-07T09:00:20,2000.0,14.9,S
2021-06-07T09:00:08,1000.0,15.1,B
