tradingTime,volume,price,side
2021-06-07T13:54:33,300.0,46.4,B
2021-06-07T13:53:10,200.0,46.4,S
2021-06-07T13:47:30,2000.0,46.4,S
2021-06-07T13:33:44,1000.0,46.4,B
2021-06-07T13:32:36,300.0,46.4,B
2021-06-07T13:32:15,2500.0,46.4,B
2021-06-07T13:31:34,3000.0,46.4,S
2021-06-07T13:31:24,4200.0,46.4,S
2021-06-07T13:29:31,500.0,46.4,S
2021-06-07T13:27:50,2300.0,46.5,B
2021-06-07T13:27:38,2000.0,46.55,B
2021-06-07T13:27:01,1600.0,46.55,B
2021-06-07T13:26:49,2400.0,46.55,B
2021-06-07T13:26:47,2000.0,46.5,S
2021-06-07T13:25:26,3000.0,46.55,B
2021-06-07T13:24:21,1700.0,46.55,B
2021-06-07T13:24:14,1200.0,46.55,B
2021-06-07T13:23:02,3500.0,46.55,B
2021-06-07T13:22:42,1500.0,46.55,B
2021-06-07T13:22:16,200.0,46.55,B
2021-06-07T13:22:01,2500.0,46.55,B
2021-06-07T13:20:05,2200.0,46.55,B
2021-06-07T13:19:23,1800.0,46.55,B
2021-06-07T13:18:52,2000.0,46.55,B
2021-06-07T13:18:01,3000.0,46.55,S
2021-06-07T13:14:56,2000.0,46.55,S
2021-06-07T13:14:47,2500.0,46.55,S
2021-06-07T13:14:23,3000.0,46.55,S
2021-06-07T13:14:14,2500.0,46.55,S
2021-06-07T13:07:38,2000.0,46.6,S
2021-06-07T13:07:15,1000.0,46.5,S
2021-06-07T13:07:12,200.0,46.6,S
2021-06-07T13:07:00,200.0,46.6,S
2021-06-07T13:06:50,100.0,46.6,S
2021-06-07T13:06:47,1000.0,46.5,S
2021-06-07T13:05:23,1000.0,46.5,S
2021-06-07T11:34:14,500.0,46.5,S
2021-06-07T11:34:14,200.0,46.5,S
2021-06-07T11:34:14,1800.0,46.6,S
2021-06-07T11:33:04,1800.0,46.7,B
2021-06-07T11:31:44,2000.0,46.5,B
2021-06-07T11:28:24,2000.0,46.5,B
2021-06-07T11:27:30,200.0,46.5,B
2021-06-07T11:27:19,100.0,46.5,B
2021-06-07T11:24:36,2600.0,46.5,S
2021-06-07T11:24:08,1400.0,46.7,B
2021-06-07T11:24:02,2500.0,46.7,B
2021-06-07T11:22:16,2800.0,46.7,B
2021-06-07T11:22:10,3200.0,46.5,S
2021-06-07T11:21:23,2000.0,46.5,S
2021-06-07T11:19:42,3000.0,46.7,B
2021-06-07T11:19:23,2500.0,46.7,B
2021-06-07T11:17:26,200.0,46.7,B
2021-06-07T11:15:39,2800.0,46.7,B
2021-06-07T11:15:36,2000.0,46.5,S
2021-06-07T11:14:29,200.0,46.5,S
2021-06-07T11:14:21,1900.0,46.7,B
2021-06-07T11:14:21,1500.0,46.7,B
2021-06-07T11:13:59,1700.0,46.7,B
2021-06-07T11:13:49,1800.0,46.7,B
2021-06-07T11:11:00,5000.0,46.7,B
2021-06-07T11:10:50,200.0,46.7,B
2021-06-07T11:10:32,3200.0,46.7,B
2021-06-07T11:10:23,700.0,46.5,S
2021-06-07T11:08:48,500.0,46.5,S
2021-06-07T11:06:57,1000.0,46.7,B
2021-06-07T11:05:53,200.0,46.6,S
2021-06-07T11:04:07,500.0,46.6,S
2021-06-07T11:02:06,1500.0,46.7,B
2021-06-07T11:01:05,1000.0,46.7,B
2021-06-07T11:00:55,500.0,46.7,B
2021-06-07T11:00:48,4100.0,46.7,B
2021-06-07T11:00:00,500.0,46.6,S
2021-06-07T10:59:35,500.0,46.6,S
2021-06-07T10:58:16,2500.0,46.7,B
2021-06-07T10:56:56,4000.0,46.7,B
2021-06-07T10:56:45,200.0,46.7,B
2021-06-07T10:55:13,3000.0,46.7,B
2021-06-07T10:54:37,2000.0,46.7,B
2021-06-07T10:53:43,500.0,46.6,S
2021-06-07T10:52:47,200.0,46.7,B
2021-06-07T10:52:21,1500.0,46.7,B
2021-06-07T10:46:45,3600.0,46.7,B
2021-06-07T10:46:39,500.0,46.7,B
2021-06-07T10:46:30,3500.0,46.7,B
2021-06-07T10:46:19,2500.0,46.7,B
2021-06-07T10:42:01,1400.0,46.6,S
2021-06-07T10:41:06,1000.0,46.7,B
2021-06-07T10:35:28,200.0,46.7,B
2021-06-07T10:34:52,1500.0,46.7,B
2021-06-07T10:30:05,200.0,46.7,B
2021-06-07T10:29:43,2000.0,46.7,B
2021-06-07T10:24:45,2600.0,46.7,B
2021-06-07T10:23:32,1700.0,46.7,B
2021-06-07T10:21:51,2300.0,46.7,B
2021-06-07T10:20:03,2600.0,46.7,B
2021-06-07T10:19:40,2500.0,46.7,B
2021-06-07T10:19:14,100.0,46.7,B
2021-06-07T10:18:53,2000.0,46.7,B
2021-06-07T10:18:33,3400.0,46.7,B
2021-06-07T10:18:32,100.0,46.7,B
2021-06-07T10:17:50,2500.0,46.7,B
2021-06-07T10:13:47,3000.0,46.7,B
2021-06-07T10:13:15,100.0,46.7,B
2021-06-07T10:13:05,1400.0,46.7,B
2021-06-07T10:12:00,2600.0,46.7,B
2021-06-07T10:11:40,300.0,46.7,B
2021-06-07T10:10:58,100.0,46.7,B
2021-06-07T10:10:43,2900.0,46.7,B
2021-06-07T10:10:10,200.0,46.7,B
2021-06-07T10:09:37,3500.0,46.7,B
2021-06-07T10:09:24,1500.0,46.7,B
2021-06-07T10:07:56,1000.0,46.7,B
2021-06-07T10:07:47,200.0,46.7,B
2021-06-07T10:07:35,2000.0,46.7,B
2021-06-07T10:07:31,100.0,46.6,S
2021-06-07T10:07:07,200.0,46.7,B
2021-06-07T10:06:56,3600.0,46.7,B
2021-06-07T10:05:08,2500.0,46.7,B
2021-06-07T10:05:01,100.0,46.7,B
2021-06-07T10:04:40,1200.0,46.7,B
2021-06-07T10:03:52,3500.0,46.7,B
2021-06-07T10:03:06,1600.0,46.7,B
2021-06-07T10:02:49,1700.0,46.7,B
2021-06-07T10:02:32,300.0,46.7,B
2021-06-07T10:02:13,200.0,46.7,B
2021-06-07T10:01:50,2000.0,46.7,B
2021-06-07T10:01:43,200.0,46.7,B
2021-06-07T10:00:53,3000.0,46.7,B
2021-06-07T10:00:28,2000.0,46.7,B
2021-06-07T09:59:23,200.0,46.7,B
2021-06-07T09:59:03,2300.0,46.7,B
2021-06-07T09:58:52,200.0,46.7,B
2021-06-07T09:57:42,200.0,46.7,B
2021-06-07T09:57:28,300.0,46.7,B
2021-06-07T09:57:18,1800.0,46.7,B
2021-06-07T09:56:44,3500.0,46.7,B
2021-06-07T09:56:14,200.0,46.7,B
2021-06-07T09:56:05,1400.0,46.7,B
2021-06-07T09:55:46,2600.0,46.7,B
2021-06-07T09:55:40,100.0,46.7,B
2021-06-07T09:53:36,300.0,46.7,B
2021-06-07T09:53:11,200.0,46.7,B
2021-06-07T09:52:51,1300.0,46.7,B
2021-06-07T09:52:21,2000.0,46.7,B
2021-06-07T09:52:08,200.0,46.7,B
2021-06-07T09:51:58,1200.0,46.7,B
2021-06-07T09:51:16,4000.0,46.7,B
2021-06-07T09:51:12,4200.0,46.7,B
2021-06-07T09:50:16,2500.0,46.7,B
2021-06-07T09:50:09,300.0,46.7,B
2021-06-07T09:49:35,300.0,46.7,B
2021-06-07T09:48:51,300.0,46.7,B
2021-06-07T09:48:39,3000.0,46.7,B
2021-06-07T09:47:56,1500.0,46.7,B
2021-06-07T09:47:42,400.0,46.7,B
2021-06-07T09:47:23,400.0,46.7,B
2021-06-07T09:46:15,200.0,46.7,B
2021-06-07T09:46:07,3500.0,46.7,B
2021-06-07T09:45:59,2000.0,46.7,B
2021-06-07T09:45:51,300.0,46.7,B
2021-06-07T09:45:47,200.0,46.7,B
2021-06-07T09:44:28,400.0,46.7,B
2021-06-07T09:43:52,1000.0,46.7,B
2021-06-07T09:42:28,1200.0,46.7,B
2021-06-07T09:39:13,100.0,46.7,B
2021-06-07T09:38:58,1500.0,46.7,B
2021-06-07T09:38:39,300.0,46.7,B
2021-06-07T09:38:05,1000.0,46.7,B
2021-06-07T09:38:00,1000.0,46.7,B
2021-06-07T09:35:23,500.0,46.7,B
2021-06-07T09:34:20,1500.0,46.7,B
2021-06-07T09:32:36,1000.0,46.7,B
2021-06-07T09:30:53,200.0,46.8,B
2021-06-07T09:30:21,2500.0,46.8,B
2021-06-07T09:28:53,200.0,46.8,B
2021-06-07T09:28:09,1400.0,46.8,B
2021-06-07T09:26:37,500.0,46.8,B
2021-06-07T09:25:49,2000.0,46.8,B
2021-06-07T09:24:21,300.0,46.7,S
2021-06-07T09:21:55,1500.0,46.7,S
2021-06-07T09:20:44,2000.0,46.8,B
2021-06-07T09:19:51,1000.0,46.7,S
2021-06-07T09:19:29,200.0,46.8,B
