tradingTime,volume,price,side
2021-06-07T14:24:51,600.0,111.3,S
2021-06-07T14:24:51,2400.0,111.3,B
2021-06-07T14:22:27,600.0,111.3,B
2021-06-07T14:15:09,500.0,111.3,B
2021-06-07T14:12:32,500.0,111.3,B
2021-06-07T14:08:20,500.0,111.3,B
2021-06-07T14:06:26,300.0,111.3,B
2021-06-07T14:06:26,200.0,111.2,B
2021-06-07T14:04:14,100.0,111.3,B
2021-06-07T13:54:42,1300.0,111.0,B
2021-06-07T13:54:25,1200.0,111.0,B
2021-06-07T13:54:16,100.0,111.0,B
2021-06-07T13:54:15,400.0,111.0,B
2021-06-07T13:54:11,600.0,111.0,B
2021-06-07T13:53:04,100.0,111.0,B
2021-06-07T13:52:51,100.0,111.0,B
2021-06-07T13:52:44,1200.0,110.8,S
2021-06-07T13:52:40,900.0,111.0,B
2021-06-07T13:52:22,100.0,111.0,B
2021-06-07T13:51:54,2800.0,111.0,B
2021-06-07T13:51:24,5000.0,111.0,S
2021-06-07T13:50:55,100.0,111.3,B
2021-06-07T13:49:17,4000.0,111.3,B
2021-06-07T13:49:06,100.0,111.0,S
2021-06-07T13:49:03,1000.0,111.3,B
2021-06-07T13:48:43,700.0,111.0,S
2021-06-07T13:47:59,500.0,110.5,S
2021-06-07T13:47:59,200.0,110.5,S
2021-06-07T13:47:48,100.0,111.0,S
2021-06-07T13:47:23,1100.0,111.0,S
2021-06-07T13:47:23,3800.0,111.0,S
2021-06-07T13:47:16,2500.0,111.4,B
2021-06-07T13:47:15,3000.0,111.4,B
2021-06-07T13:46:41,1200.0,111.0,S
2021-06-07T13:46:41,100.0,111.3,B
2021-06-07T13:46:23,100.0,111.3,S
2021-06-07T13:45:24,400.0,111.3,S
2021-06-07T13:45:24,200.0,111.3,S
2021-06-07T13:45:24,2700.0,111.3,S
2021-06-07T13:44:33,100.0,111.4,S
2021-06-07T13:44:00,2400.0,111.4,S
2021-06-07T13:43:58,5000.0,111.5,S
2021-06-07T13:43:53,500.0,111.8,B
2021-06-07T13:42:53,100.0,111.5,S
2021-06-07T13:41:41,500.0,111.8,B
2021-06-07T13:41:38,300.0,111.5,S
2021-06-07T13:40:49,1800.0,111.5,S
2021-06-07T13:40:49,200.0,111.5,S
2021-06-07T13:40:49,3000.0,111.5,S
2021-06-07T13:37:56,100.0,111.5,S
2021-06-07T13:37:52,2400.0,111.5,S
2021-06-07T13:37:12,1000.0,111.5,S
2021-06-07T13:36:54,200.0,111.3,S
2021-06-07T13:36:43,100.0,111.5,S
2021-06-07T13:36:40,5000.0,111.4,S
2021-06-07T13:36:39,5000.0,111.4,S
2021-06-07T13:36:35,100.0,111.5,S
2021-06-07T13:35:47,100.0,111.5,S
2021-06-07T13:34:04,1500.0,111.5,S
2021-06-07T13:33:04,5000.0,111.4,S
2021-06-07T13:31:42,1200.0,111.8,B
2021-06-07T13:31:36,300.0,111.5,B
2021-06-07T13:31:27,100.0,111.5,B
2021-06-07T13:31:22,500.0,111.5,B
2021-06-07T13:31:07,1500.0,111.5,B
2021-06-07T13:31:03,1300.0,111.4,S
2021-06-07T13:30:00,1200.0,111.4,S
2021-06-07T13:29:45,3000.0,111.4,S
2021-06-07T13:29:37,1300.0,111.4,S
2021-06-07T13:29:34,100.0,111.4,S
2021-06-07T13:29:28,1000.0,111.4,S
2021-06-07T13:28:59,1200.0,111.4,S
2021-06-07T13:28:44,1000.0,111.4,S
2021-06-07T13:28:42,500.0,111.5,B
2021-06-07T13:28:42,800.0,111.5,B
2021-06-07T13:28:21,1000.0,111.4,S
2021-06-07T13:28:17,4000.0,111.4,S
2021-06-07T13:28:16,1200.0,111.5,B
2021-06-07T13:27:59,1300.0,111.5,B
2021-06-07T13:27:54,5000.0,111.4,S
2021-06-07T13:27:46,500.0,111.5,B
2021-06-07T13:27:17,500.0,111.5,B
2021-06-07T13:26:58,500.0,111.5,B
2021-06-07T13:26:54,400.0,111.5,B
2021-06-07T13:26:46,4000.0,111.4,B
2021-06-07T13:26:35,1000.0,111.4,B
2021-06-07T13:26:30,300.0,111.5,B
2021-06-07T13:26:22,1000.0,111.5,B
2021-06-07T13:26:17,600.0,111.5,B
2021-06-07T13:26:14,600.0,111.5,B
2021-06-07T13:25:48,500.0,111.5,B
2021-06-07T13:25:43,10000.0,111.4,B
2021-06-07T13:25:13,200.0,111.2,S
2021-06-07T13:25:11,1000.0,111.5,B
2021-06-07T13:25:01,500.0,111.5,B
2021-06-07T13:23:52,300.0,111.5,B
2021-06-07T13:23:51,200.0,111.5,B
2021-06-07T13:23:50,500.0,111.4,B
2021-06-07T13:23:41,200.0,111.3,B
2021-06-07T13:23:23,100.0,111.3,B
2021-06-07T13:23:17,1700.0,111.3,B
2021-06-07T13:23:12,1200.0,111.3,B
2021-06-07T13:23:02,500.0,111.3,B
2021-06-07T13:22:48,500.0,111.3,B
2021-06-07T13:22:31,1000.0,111.3,B
2021-06-07T13:22:16,1000.0,111.3,B
2021-06-07T13:22:06,500.0,111.3,B
2021-06-07T13:21:54,1000.0,111.3,B
2021-06-07T13:21:46,500.0,111.3,B
2021-06-07T13:21:39,100.0,111.3,B
2021-06-07T13:20:56,2400.0,111.2,B
2021-06-07T13:20:40,500.0,111.2,B
2021-06-07T13:20:38,1000.0,110.5,S
2021-06-07T13:20:20,1000.0,111.2,B
2021-06-07T13:20:07,100.0,111.2,B
2021-06-07T13:19:57,900.0,111.2,B
2021-06-07T13:19:57,100.0,111.0,S
2021-06-07T13:19:40,500.0,111.0,S
2021-06-07T13:19:33,1000.0,111.0,S
2021-06-07T13:19:32,100.0,111.0,S
2021-06-07T13:19:17,500.0,111.0,S
2021-06-07T13:19:14,500.0,111.0,S
2021-06-07T13:19:00,500.0,111.0,S
2021-06-07T13:18:47,7200.0,111.0,S
2021-06-07T13:18:31,100.0,111.2,B
2021-06-07T13:18:26,100.0,111.0,S
2021-06-07T13:18:00,3500.0,111.0,B
2021-06-07T13:17:46,500.0,110.8,B
2021-06-07T13:17:22,500.0,110.8,B
2021-06-07T13:16:55,3000.0,110.8,B
2021-06-07T13:16:43,500.0,111.0,B
2021-06-07T13:16:02,3000.0,111.0,B
2021-06-07T13:15:41,300.0,111.0,B
2021-06-07T13:15:36,400.0,111.0,B
2021-06-07T13:15:27,1400.0,111.0,B
2021-06-07T13:15:27,500.0,111.0,B
2021-06-07T13:15:27,200.0,111.0,B
2021-06-07T13:15:26,12900.0,111.0,B
2021-06-07T13:15:17,1000.0,110.8,B
2021-06-07T13:14:25,500.0,110.8,B
2021-06-07T13:14:24,5000.0,110.5,S
2021-06-07T13:14:06,500.0,110.8,B
2021-06-07T13:13:59,100.0,110.5,S
2021-06-07T13:13:49,100.0,110.5,S
2021-06-07T13:13:24,300.0,110.5,B
2021-06-07T13:13:04,100.0,110.5,B
2021-06-07T13:12:55,300.0,110.8,B
2021-06-07T13:12:55,200.0,110.6,B
2021-06-07T13:12:41,100.0,110.6,B
2021-06-07T13:12:22,5000.0,110.6,B
2021-06-07T13:12:13,800.0,110.5,B
2021-06-07T13:12:13,1400.0,110.5,B
2021-06-07T13:11:57,3000.0,110.4,B
2021-06-07T13:11:16,500.0,110.5,B
2021-06-07T13:11:13,4800.0,110.5,B
2021-06-07T13:11:13,2300.0,110.5,B
2021-06-07T13:11:13,3000.0,110.5,B
2021-06-07T13:11:13,4900.0,110.4,B
2021-06-07T13:11:10,2000.0,110.3,S
2021-06-07T13:10:23,2000.0,110.3,S
2021-06-07T13:09:59,500.0,110.4,B
2021-06-07T13:09:18,500.0,110.4,B
2021-06-07T13:08:49,500.0,110.4,B
2021-06-07T13:08:39,5000.0,110.3,S
2021-06-07T13:08:30,500.0,110.4,B
2021-06-07T13:08:13,5000.0,110.3,B
2021-06-07T13:08:04,300.0,110.4,B
2021-06-07T13:08:04,200.0,110.4,B
2021-06-07T13:08:02,100.0,110.3,B
2021-06-07T13:08:01,1900.0,110.3,B
2021-06-07T13:07:27,500.0,110.4,B
2021-06-07T13:06:54,100.0,110.3,B
2021-06-07T13:05:43,400.0,110.3,B
2021-06-07T13:04:43,1000.0,110.3,B
2021-06-07T13:04:33,500.0,110.4,B
2021-06-07T13:04:30,500.0,110.4,B
2021-06-07T13:04:16,100.0,110.3,B
2021-06-07T13:04:13,2600.0,110.4,B
2021-06-07T13:03:49,100.0,110.4,B
2021-06-07T13:03:48,300.0,110.4,B
2021-06-07T13:03:44,100.0,110.3,B
2021-06-07T13:03:42,5400.0,110.3,B
2021-06-07T13:03:26,500.0,110.3,B
2021-06-07T13:02:57,500.0,110.2,S
2021-06-07T13:01:38,100.0,110.3,B
2021-06-07T13:01:30,100.0,110.3,B
2021-06-07T13:01:24,200.0,110.3,B
2021-06-07T13:01:23,100.0,110.3,B
2021-06-07T13:01:00,200.0,110.3,B
2021-06-07T13:00:59,100.0,110.3,B
2021-06-07T13:00:15,100.0,110.3,B
2021-06-07T13:00:15,1900.0,110.3,B
2021-06-07T11:34:19,1900.0,110.3,B
2021-06-07T11:33:44,100.0,110.2,S
2021-06-07T11:33:39,1500.0,110.3,B
2021-06-07T11:33:34,400.0,110.3,B
2021-06-07T11:33:29,5000.0,110.3,B
2021-06-07T11:33:19,500.0,110.3,B
2021-06-07T11:32:04,500.0,110.3,B
2021-06-07T11:31:29,500.0,110.3,B
2021-06-07T11:31:29,600.0,110.3,B
2021-06-07T11:30:19,100.0,110.3,B
2021-06-07T11:30:06,100.0,110.2,B
2021-06-07T11:30:06,100.0,110.3,B
2021-06-07T11:30:06,200.0,110.3,B
2021-06-07T11:28:58,100.0,110.3,B
2021-06-07T11:28:56,200.0,110.3,B
2021-06-07T11:28:54,200.0,110.1,S
2021-06-07T11:27:30,100.0,110.3,B
2021-06-07T11:27:29,2000.0,110.3,B
2021-06-07T11:26:06,100.0,110.2,B
2021-06-07T11:25:40,1000.0,110.3,B
2021-06-07T11:24:50,1000.0,110.3,B
2021-06-07T11:24:41,200.0,110.1,S
2021-06-07T11:22:41,700.0,110.3,B
2021-06-07T11:22:33,100.0,110.1,S
2021-06-07T11:19:55,200.0,110.3,B
2021-06-07T11:19:47,5000.0,110.3,B
2021-06-07T11:19:43,600.0,110.3,B
2021-06-07T11:18:59,100.0,110.3,B
2021-06-07T11:18:59,500.0,110.3,B
2021-06-07T11:18:58,8600.0,110.2,B
2021-06-07T11:18:53,100.0,110.2,B
2021-06-07T11:18:46,200.0,110.1,S
2021-06-07T11:18:33,100.0,110.1,S
2021-06-07T11:16:50,2000.0,110.2,B
2021-06-07T11:16:03,100.0,110.1,B
2021-06-07T11:15:20,500.0,110.2,B
2021-06-07T11:15:16,1000.0,110.2,B
2021-06-07T11:14:57,500.0,110.2,B
2021-06-07T11:14:50,500.0,110.2,B
2021-06-07T11:14:40,500.0,110.2,B
2021-06-07T11:14:15,1000.0,110.2,B
2021-06-07T11:13:41,5000.0,110.2,B
2021-06-07T11:13:38,1000.0,110.0,S
2021-06-07T11:13:38,2500.0,110.0,S
2021-06-07T11:13:38,1500.0,110.0,S
2021-06-07T11:13:14,200.0,110.1,B
2021-06-07T11:12:31,500.0,110.1,B
2021-06-07T11:11:50,200.0,110.1,B
2021-06-07T11:10:13,200.0,110.0,S
2021-06-07T11:10:04,1500.0,110.1,B
2021-06-07T11:10:03,100.0,110.1,B
2021-06-07T11:10:00,700.0,110.0,S
2021-06-07T11:10:00,4300.0,110.0,S
2021-06-07T11:09:51,100.0,110.0,S
2021-06-07T11:09:00,5000.0,110.1,S
2021-06-07T11:08:35,100.0,110.1,S
2021-06-07T11:08:01,1000.0,110.1,S
2021-06-07T11:06:59,100.0,110.1,S
2021-06-07T11:06:07,100.0,110.1,S
2021-06-07T11:05:42,100.0,110.1,S
2021-06-07T11:04:10,900.0,110.0,S
2021-06-07T11:03:42,100.0,110.0,S
2021-06-07T11:03:35,16400.0,110.1,S
2021-06-07T11:03:19,900.0,110.0,S
2021-06-07T11:02:35,100.0,110.1,S
2021-06-07T11:02:18,100.0,110.0,S
2021-06-07T11:02:17,100.0,110.1,S
2021-06-07T11:01:48,4400.0,110.2,S
2021-06-07T11:01:21,100.0,110.3,B
2021-06-07T11:01:01,500.0,110.5,B
2021-06-07T11:00:46,500.0,110.3,B
2021-06-07T10:58:02,100.0,110.2,B
2021-06-07T10:57:20,500.0,110.5,B
2021-06-07T10:56:57,1000.0,110.5,B
2021-06-07T10:56:47,100.0,110.5,B
2021-06-07T10:56:05,100.0,110.5,B
2021-06-07T10:55:27,1000.0,110.5,B
2021-06-07T10:55:23,5000.0,110.2,B
2021-06-07T10:55:05,100.0,110.2,B
2021-06-07T10:55:00,600.0,109.9,S
2021-06-07T10:55:00,2400.0,109.9,S
2021-06-07T10:54:22,1500.0,110.0,S
2021-06-07T10:54:20,1000.0,110.0,S
2021-06-07T10:54:02,100.0,110.0,S
2021-06-07T10:53:29,500.0,110.0,S
2021-06-07T10:52:10,200.0,109.9,S
2021-06-07T10:51:25,1000.0,110.2,B
2021-06-07T10:51:13,300.0,109.9,S
2021-06-07T10:50:38,100.0,109.9,S
2021-06-07T10:50:09,1000.0,109.8,S
2021-06-07T10:50:08,200.0,109.8,S
2021-06-07T10:49:55,300.0,109.9,S
2021-06-07T10:49:55,4300.0,109.9,S
2021-06-07T10:49:48,200.0,110.0,B
2021-06-07T10:49:48,200.0,110.0,B
2021-06-07T10:49:07,1000.0,110.2,B
2021-06-07T10:48:35,200.0,110.2,B
2021-06-07T10:48:05,5000.0,109.9,S
2021-06-07T10:47:34,200.0,109.9,S
2021-06-07T10:46:59,300.0,110.2,B
2021-06-07T10:46:37,1100.0,110.2,B
2021-06-07T10:45:00,6700.0,110.2,B
2021-06-07T10:45:00,2000.0,110.0,B
2021-06-07T10:44:44,100.0,109.9,B
2021-06-07T10:44:36,200.0,109.9,B
2021-06-07T10:44:15,100.0,109.8,S
2021-06-07T10:40:45,500.0,109.8,S
2021-06-07T10:40:28,200.0,109.8,S
2021-06-07T10:40:18,1000.0,109.7,S
2021-06-07T10:39:45,100.0,109.8,S
2021-06-07T10:38:16,2000.0,109.7,S
2021-06-07T10:37:24,300.0,109.7,S
2021-06-07T10:37:09,1900.0,109.7,S
2021-06-07T10:36:56,20000.0,110.5,B
2021-06-07T10:36:56,200.0,109.6,S
2021-06-07T10:36:21,4300.0,109.6,S
2021-06-07T10:36:16,3000.0,109.6,S
2021-06-07T10:36:11,2700.0,109.6,S
2021-06-07T10:36:10,100.0,109.6,S
2021-06-07T10:36:02,200.0,109.6,S
2021-06-07T10:35:44,200.0,109.6,S
2021-06-07T10:35:13,500.0,109.5,S
2021-06-07T10:35:12,700.0,109.7,B
2021-06-07T10:35:06,100.0,109.6,S
2021-06-07T10:34:11,2600.0,109.9,B
2021-06-07T10:34:11,17400.0,109.9,B
2021-06-07T10:34:07,100.0,109.6,S
2021-06-07T10:33:34,300.0,109.6,S
2021-06-07T10:33:34,100.0,109.6,S
2021-06-07T10:31:37,200.0,109.5,S
2021-06-07T10:31:07,100.0,109.5,S
2021-06-07T10:30:19,100.0,109.6,S
2021-06-07T10:30:12,200.0,109.6,S
2021-06-07T10:29:43,200.0,109.6,S
2021-06-07T10:29:36,500.0,109.7,B
2021-06-07T10:28:11,300.0,109.6,S
2021-06-07T10:25:43,300.0,109.5,B
2021-06-07T10:24:49,600.0,109.7,B
2021-06-07T10:24:49,2000.0,109.6,B
2021-06-07T10:24:49,400.0,109.2,B
2021-06-07T10:24:33,100.0,109.2,B
2021-06-07T10:24:29,700.0,109.2,B
2021-06-07T10:24:14,200.0,109.2,B
2021-06-07T10:23:57,300.0,109.2,B
2021-06-07T10:23:35,300.0,109.2,B
2021-06-07T10:23:19,2000.0,109.2,B
2021-06-07T10:23:17,1000.0,109.2,B
2021-06-07T10:22:23,400.0,109.6,B
2021-06-07T10:22:23,100.0,109.5,B
2021-06-07T10:22:23,1500.0,109.5,B
2021-06-07T10:22:03,300.0,109.5,B
2021-06-07T10:21:44,300.0,109.5,B
2021-06-07T10:21:03,5000.0,109.5,B
2021-06-07T10:20:03,3000.0,109.5,B
2021-06-07T10:19:46,700.0,109.1,S
2021-06-07T10:19:36,3300.0,109.2,B
2021-06-07T10:19:28,100.0,109.2,B
2021-06-07T10:19:09,300.0,109.2,B
2021-06-07T10:19:09,100.0,109.2,B
2021-06-07T10:19:08,300.0,109.2,B
2021-06-07T10:17:18,100.0,109.1,B
2021-06-07T10:15:24,2000.0,109.2,B
2021-06-07T10:15:18,3000.0,109.1,B
2021-06-07T10:14:14,100.0,109.1,B
2021-06-07T10:14:03,100.0,109.0,B
2021-06-07T10:13:08,100.0,109.0,B
2021-06-07T10:12:25,300.0,109.0,B
2021-06-07T10:11:55,3300.0,109.0,B
2021-06-07T10:11:53,300.0,109.0,B
2021-06-07T10:11:47,900.0,109.1,B
2021-06-07T10:11:47,300.0,109.1,B
2021-06-07T10:11:22,100.0,109.0,B
2021-06-07T10:10:59,1800.0,109.0,B
2021-06-07T10:10:42,300.0,109.0,B
2021-06-07T10:10:21,200.0,109.0,B
2021-06-07T10:08:58,1000.0,109.0,B
2021-06-07T10:08:45,1800.0,109.0,B
2021-06-07T10:08:21,1000.0,109.1,B
2021-06-07T10:07:48,100.0,109.0,B
2021-06-07T10:07:48,200.0,109.0,B
2021-06-07T10:07:48,1900.0,109.0,B
2021-06-07T10:07:42,100.0,108.8,B
2021-06-07T10:07:24,900.0,108.8,B
2021-06-07T10:07:20,1000.0,109.0,B
2021-06-07T10:06:59,200.0,109.0,B
2021-06-07T10:06:41,700.0,108.8,B
2021-06-07T10:06:36,1100.0,109.0,B
2021-06-07T10:05:57,900.0,108.8,B
2021-06-07T10:05:16,900.0,108.9,B
2021-06-07T10:03:40,8000.0,109.0,B
2021-06-07T10:03:19,6100.0,108.8,B
2021-06-07T10:03:14,1400.0,108.8,B
2021-06-07T10:03:14,200.0,108.7,S
2021-06-07T10:03:13,500.0,108.7,S
2021-06-07T10:01:33,100.0,108.8,B
2021-06-07T10:01:28,500.0,108.8,B
2021-06-07T10:01:25,100.0,108.7,S
2021-06-07T10:00:01,1400.0,108.8,B
2021-06-07T09:59:28,100.0,108.7,S
2021-06-07T09:58:24,100.0,108.7,S
2021-06-07T09:56:31,200.0,108.7,S
2021-06-07T09:56:31,1000.0,108.7,S
2021-06-07T09:56:31,3800.0,108.7,S
2021-06-07T09:56:16,100.0,108.7,S
2021-06-07T09:55:38,200.0,108.7,S
2021-06-07T09:51:53,1600.0,108.7,B
2021-06-07T09:51:48,200.0,108.7,B
2021-06-07T09:51:32,2000.0,108.7,B
2021-06-07T09:51:09,4800.0,108.7,B
2021-06-07T09:51:09,200.0,108.7,B
2021-06-07T09:50:14,200.0,108.7,B
2021-06-07T09:49:57,100.0,108.7,B
2021-06-07T09:49:56,200.0,108.7,B
2021-06-07T09:49:56,5000.0,108.6,S
2021-06-07T09:49:46,100.0,108.7,B
2021-06-07T09:49:41,100.0,108.6,S
2021-06-07T09:49:32,1400.0,108.7,B
2021-06-07T09:47:53,900.0,108.6,S
2021-06-07T09:47:53,100.0,108.6,S
2021-06-07T09:47:45,800.0,108.7,B
2021-06-07T09:46:53,1000.0,108.6,S
2021-06-07T09:45:40,200.0,108.6,S
2021-06-07T09:45:14,1000.0,108.6,S
2021-06-07T09:44:52,1000.0,108.6,S
2021-06-07T09:43:31,2000.0,108.7,B
2021-06-07T09:43:17,600.0,108.6,B
2021-06-07T09:42:53,1000.0,108.5,B
2021-06-07T09:41:31,100.0,108.4,B
2021-06-07T09:41:30,100.0,108.4,B
2021-06-07T09:41:09,100.0,108.3,S
2021-06-07T09:40:42,600.0,108.3,S
2021-06-07T09:40:42,1900.0,108.3,S
2021-06-07T09:40:10,2000.0,108.3,S
2021-06-07T09:39:33,5000.0,108.6,B
2021-06-07T09:39:23,100.0,108.4,B
2021-06-07T09:39:09,200.0,108.4,B
2021-06-07T09:39:04,700.0,108.4,B
2021-06-07T09:39:02,300.0,108.4,B
2021-06-07T09:38:47,500.0,108.3,S
2021-06-07T09:37:51,5000.0,108.4,B
2021-06-07T09:36:11,200.0,108.4,B
2021-06-07T09:35:50,2000.0,108.4,B
2021-06-07T09:35:34,900.0,108.3,B
2021-06-07T09:35:08,2000.0,108.3,B
2021-06-07T09:35:00,1000.0,108.3,B
2021-06-07T09:34:49,100.0,108.3,B
2021-06-07T09:34:14,1000.0,108.3,B
2021-06-07T09:32:39,1000.0,108.3,B
2021-06-07T09:32:31,800.0,108.3,B
2021-06-07T09:31:32,700.0,108.2,B
2021-06-07T09:31:20,5000.0,108.2,B
2021-06-07T09:31:18,100.0,108.1,S
2021-06-07T09:31:14,1000.0,108.1,S
2021-06-07T09:30:50,900.0,108.1,S
2021-06-07T09:30:20,1600.0,108.1,S
2021-06-07T09:29:54,500.0,108.1,S
2021-06-07T09:28:33,1000.0,108.0,S
2021-06-07T09:28:11,2000.0,108.0,S
2021-06-07T09:26:29,1700.0,108.0,B
2021-06-07T09:26:15,3500.0,108.0,B
2021-06-07T09:26:15,200.0,108.1,B
2021-06-07T09:26:01,500.0,108.0,B
2021-06-07T09:25:32,1400.0,108.0,B
2021-06-07T09:25:31,3600.0,108.0,B
2021-06-07T09:25:30,100.0,108.0,B
2021-06-07T09:24:33,2700.0,108.0,B
2021-06-07T09:24:13,1800.0,108.0,B
2021-06-07T09:24:07,900.0,108.0,B
2021-06-07T09:23:34,500.0,108.0,B
2021-06-07T09:23:25,1000.0,108.0,B
2021-06-07T09:23:19,1500.0,108.0,B
2021-06-07T09:22:55,200.0,108.0,B
2021-06-07T09:22:46,100.0,108.0,B
2021-06-07T09:22:36,600.0,108.0,B
2021-06-07T09:22:30,1300.0,108.2,B
2021-06-07T09:22:30,1700.0,108.0,B
2021-06-07T09:22:16,1900.0,108.0,B
2021-06-07T09:22:06,800.0,108.0,B
2021-06-07T09:22:05,700.0,108.0,B
2021-06-07T09:22:00,800.0,108.0,B
2021-06-07T09:22:00,2300.0,108.0,B
2021-06-07T09:21:54,2000.0,108.0,B
2021-06-07T09:21:36,1000.0,108.0,B
2021-06-07T09:21:05,200.0,108.0,B
2021-06-07T09:21:02,500.0,108.0,B
2021-06-07T09:20:57,200.0,108.0,B
2021-06-07T09:20:48,1000.0,108.0,B
2021-06-07T09:20:36,1000.0,108.0,B
2021-06-07T09:20:20,200.0,108.0,B
2021-06-07T09:20:09,800.0,108.0,B
2021-06-07T09:19:34,100.0,108.0,B
2021-06-07T09:19:09,1000.0,108.0,B
2021-06-07T09:18:54,1000.0,108.0,B
2021-06-07T09:18:43,1200.0,108.0,B
2021-06-07T09:18:43,1800.0,107.8,S
2021-06-07T09:18:38,200.0,107.8,B
2021-06-07T09:17:25,5000.0,107.6,B
2021-06-07T09:17:13,5000.0,107.5,S
2021-06-07T09:17:01,5000.0,107.5,S
2021-06-07T09:17:00,500.0,107.6,B
2021-06-07T09:16:59,1000.0,107.6,B
