tradingTime,volume,price,side
2021-06-17T14:29:46,1400.0,10.2,B
2021-06-17T14:29:12,100.0,10.2,B
2021-06-17T14:28:16,13000.0,10.1,S
2021-06-17T14:28:07,200.0,10.2,B
2021-06-17T14:27:20,1000.0,10.2,B
2021-06-17T14:27:00,100.0,10.2,B
2021-06-17T14:26:54,100.0,10.2,S
2021-06-17T14:26:00,500.0,10.2,S
2021-06-17T14:24:33,100.0,10.2,B
2021-06-17T14:24:26,900.0,10.2,S
2021-06-17T14:24:25,100.0,10.2,S
2021-06-17T14:24:08,200.0,10.3,B
2021-06-17T14:23:09,3500.0,10.1,S
2021-06-17T14:23:04,2000.0,10.2,S
2021-06-17T14:22:37,5700.0,10.2,S
2021-06-17T14:22:36,13300.0,10.2,S
2021-06-17T14:19:23,100.0,10.3,B
2021-06-17T14:18:29,6000.0,10.2,S
2021-06-17T14:15:48,6900.0,10.3,B
2021-06-17T14:15:34,200.0,10.3,B
2021-06-17T14:14:57,12600.0,10.3,B
2021-06-17T14:14:56,200.0,10.2,S
2021-06-17T14:14:46,100.0,10.3,B
2021-06-17T14:14:18,1000.0,10.2,S
2021-06-17T14:13:58,200.0,10.2,S
2021-06-17T14:11:07,4000.0,10.2,S
2021-06-17T14:11:01,600.0,10.2,S
2021-06-17T14:10:55,10000.0,10.2,S
2021-06-17T14:10:03,100.0,10.2,S
2021-06-17T14:09:30,36300.0,10.2,B
2021-06-17T14:06:18,200.0,10.1,S
2021-06-17T14:05:32,800.0,10.1,S
2021-06-17T14:04:47,1700.0,10.2,B
2021-06-17T14:03:26,100.0,10.2,B
2021-06-17T14:02:42,100.0,10.2,B
2021-06-17T14:02:26,300.0,10.2,B
2021-06-17T14:02:02,100.0,10.2,B
2021-06-17T14:01:58,1000.0,10.2,B
2021-06-17T13:59:41,500.0,10.1,S
2021-06-17T13:59:12,1000.0,10.2,B
2021-06-17T13:58:41,300.0,10.2,B
2021-06-17T13:57:03,400.0,10.2,B
2021-06-17T13:56:16,4000.0,10.2,B
2021-06-17T13:56:09,4400.0,10.2,B
2021-06-17T13:56:03,1000.0,10.2,B
2021-06-17T13:55:52,1000.0,10.2,B
2021-06-17T13:55:28,500.0,10.1,S
2021-06-17T13:54:58,1500.0,10.1,S
2021-06-17T13:54:50,800.0,10.1,S
2021-06-17T13:53:39,700.0,10.1,S
2021-06-17T13:53:20,3000.0,10.2,B
2021-06-17T13:52:51,1000.0,10.2,B
2021-06-17T13:51:23,1000.0,10.2,B
2021-06-17T13:50:52,5000.0,10.2,B
2021-06-17T13:50:36,500.0,10.2,B
2021-06-17T13:49:29,100.0,10.2,B
2021-06-17T13:49:06,500.0,10.2,B
2021-06-17T13:48:43,1000.0,10.2,B
2021-06-17T13:48:24,200.0,10.2,B
2021-06-17T13:48:24,600.0,10.2,B
2021-06-17T13:48:22,100.0,10.2,B
2021-06-17T13:48:14,10000.0,10.2,B
2021-06-17T13:47:51,10000.0,10.2,B
2021-06-17T13:47:41,100.0,10.2,B
2021-06-17T13:46:43,100.0,10.2,B
2021-06-17T13:45:44,1000.0,10.1,S
2021-06-17T13:43:38,100.0,10.2,B
2021-06-17T13:43:15,3000.0,10.2,B
2021-06-17T13:42:49,100.0,10.2,B
2021-06-17T13:42:29,1000.0,10.2,B
2021-06-17T13:42:23,500.0,10.2,B
2021-06-17T13:40:21,8400.0,10.2,B
2021-06-17T13:38:50,1000.0,10.2,B
2021-06-17T13:38:01,1000.0,10.2,B
2021-06-17T13:35:47,1000.0,10.2,B
2021-06-17T13:35:26,300.0,10.2,B
2021-06-17T13:34:32,100.0,10.2,B
2021-06-17T13:33:34,100.0,10.2,B
2021-06-17T13:33:16,500.0,10.2,B
2021-06-17T13:32:42,500.0,10.2,B
2021-06-17T13:31:09,9100.0,10.2,S
2021-06-17T13:30:52,500.0,10.2,S
2021-06-17T13:30:32,900.0,10.2,S
2021-06-17T13:29:19,5300.0,10.2,B
2021-06-17T13:28:58,14700.0,10.2,S
2021-06-17T13:28:44,500.0,10.2,S
2021-06-17T13:27:30,1000.0,10.2,S
2021-06-17T13:27:26,700.0,10.2,B
2021-06-17T13:27:10,4300.0,10.2,B
2021-06-17T13:26:56,4700.0,10.2,B
2021-06-17T13:26:53,30000.0,10.1,S
2021-06-17T13:26:33,4500.0,10.1,S
2021-06-17T13:25:17,400.0,10.2,S
2021-06-17T13:24:47,9000.0,10.2,S
2021-06-17T13:24:39,3300.0,10.2,S
2021-06-17T13:24:14,500.0,10.2,S
2021-06-17T13:23:53,1400.0,10.2,S
2021-06-17T13:23:45,1000.0,10.2,S
2021-06-17T13:22:51,40000.0,10.2,S
2021-06-17T13:22:40,2000.0,10.2,S
2021-06-17T13:22:13,2000.0,10.2,S
2021-06-17T13:21:16,1000.0,10.2,S
2021-06-17T13:17:27,500.0,10.2,S
2021-06-17T13:16:06,2000.0,10.2,S
2021-06-17T13:14:30,51000.0,10.2,S
2021-06-17T13:13:45,1200.0,10.3,B
2021-06-17T13:13:36,500.0,10.2,S
2021-06-17T13:11:07,100.0,10.2,S
2021-06-17T13:10:08,700.0,10.2,S
2021-06-17T13:09:57,3600.0,10.2,S
2021-06-17T13:09:38,10000.0,10.2,S
2021-06-17T13:08:17,3000.0,10.2,S
2021-06-17T13:07:22,2000.0,10.2,S
2021-06-17T13:06:21,2000.0,10.2,S
2021-06-17T13:05:44,1000.0,10.2,S
2021-06-17T13:04:08,1000.0,10.2,S
2021-06-17T13:03:58,1100.0,10.3,B
2021-06-17T13:00:10,200.0,10.2,S
2021-06-17T13:00:08,900.0,10.2,S
2021-06-17T13:00:08,1000.0,10.2,S
2021-06-17T13:00:05,500.0,10.2,S
2021-06-17T11:29:17,2000.0,10.2,S
2021-06-17T11:28:23,2000.0,10.2,S
2021-06-17T11:27:15,200.0,10.2,S
2021-06-17T11:27:12,100.0,10.2,S
2021-06-17T11:23:17,100.0,10.2,S
2021-06-17T11:22:49,3500.0,10.2,S
2021-06-17T11:21:11,1000.0,10.2,S
2021-06-17T11:20:45,100.0,10.2,S
2021-06-17T11:19:28,4300.0,10.2,S
2021-06-17T11:18:40,1000.0,10.2,S
2021-06-17T11:18:09,100.0,10.2,S
2021-06-17T11:16:50,900.0,10.2,S
2021-06-17T11:14:26,600.0,10.2,S
2021-06-17T11:13:44,100.0,10.2,S
2021-06-17T11:11:29,500.0,10.2,S
2021-06-17T11:10:48,700.0,10.2,S
2021-06-17T11:09:18,100.0,10.2,S
2021-06-17T11:08:31,10000.0,10.2,S
2021-06-17T11:04:39,31400.0,10.2,S
2021-06-17T11:04:13,5000.0,10.2,B
2021-06-17T11:03:46,1500.0,10.2,B
2021-06-17T11:02:34,13100.0,10.2,S
2021-06-17T11:02:07,10000.0,10.2,S
2021-06-17T10:57:26,200.0,10.2,S
2021-06-17T10:55:01,600.0,10.2,S
2021-06-17T10:53:01,2000.0,10.3,B
2021-06-17T10:51:04,50000.0,10.2,S
2021-06-17T10:50:04,100.0,10.2,S
2021-06-17T10:49:23,100.0,10.2,S
2021-06-17T10:47:54,2000.0,10.3,B
2021-06-17T10:44:52,1000.0,10.3,B
2021-06-17T10:43:21,400.0,10.3,B
2021-06-17T10:42:20,10000.0,10.2,S
2021-06-17T10:41:57,2000.0,10.2,S
2021-06-17T10:41:41,200.0,10.2,S
2021-06-17T10:41:30,2000.0,10.2,S
2021-06-17T10:40:40,1500.0,10.2,S
2021-06-17T10:40:02,2600.0,10.2,S
2021-06-17T10:40:01,1000.0,10.2,S
2021-06-17T10:38:34,300.0,10.2,S
2021-06-17T10:38:26,100.0,10.2,S
2021-06-17T10:37:08,200.0,10.3,B
2021-06-17T10:35:48,500.0,10.3,B
2021-06-17T10:35:33,1000.0,10.2,S
2021-06-17T10:34:55,400.0,10.2,S
2021-06-17T10:31:14,7000.0,10.2,S
2021-06-17T10:30:54,3000.0,10.2,S
2021-06-17T10:30:51,200.0,10.2,S
2021-06-17T10:28:24,2000.0,10.2,S
2021-06-17T10:27:53,500.0,10.2,S
2021-06-17T10:25:48,100.0,10.2,S
2021-06-17T10:25:21,400.0,10.2,S
2021-06-17T10:23:26,300.0,10.2,S
2021-06-17T10:22:24,2000.0,10.2,S
2021-06-17T10:18:55,400.0,10.2,S
2021-06-17T10:17:28,200.0,10.2,S
2021-06-17T10:16:41,10000.0,10.2,S
2021-06-17T10:14:36,300.0,10.2,S
2021-06-17T10:12:45,10000.0,10.2,S
2021-06-17T10:09:51,2400.0,10.2,B
2021-06-17T10:09:46,500.0,10.2,B
2021-06-17T10:08:56,500.0,10.1,S
2021-06-17T10:08:28,200.0,10.2,B
2021-06-17T10:06:46,3000.0,10.2,B
2021-06-17T10:06:34,3000.0,10.2,B
2021-06-17T10:04:55,1000.0,10.2,B
2021-06-17T10:04:31,5800.0,10.2,B
2021-06-17T10:02:51,700.0,10.2,S
2021-06-17T10:02:30,1200.0,10.2,B
2021-06-17T10:02:22,3800.0,10.2,S
2021-06-17T10:02:10,1000.0,10.2,B
2021-06-17T10:02:04,1000.0,10.2,B
2021-06-17T10:01:51,1000.0,10.2,B
2021-06-17T10:01:44,300.0,10.2,B
2021-06-17T10:01:31,1000.0,10.2,B
2021-06-17T10:00:41,200.0,10.2,B
2021-06-17T10:00:15,1500.0,10.2,B
2021-06-17T09:59:12,1000.0,10.2,B
2021-06-17T09:58:19,1000.0,10.2,B
2021-06-17T09:57:59,16000.0,10.2,S
2021-06-17T09:57:49,100.0,10.3,B
2021-06-17T09:56:55,2000.0,10.3,B
2021-06-17T09:55:38,5000.0,10.2,S
2021-06-17T09:55:31,100.0,10.3,B
2021-06-17T09:52:34,1300.0,10.2,S
2021-06-17T09:50:25,300.0,10.2,S
2021-06-17T09:48:44,5800.0,10.2,S
2021-06-17T09:47:54,200.0,10.2,S
2021-06-17T09:46:46,100.0,10.2,S
2021-06-17T09:46:35,100.0,10.2,S
2021-06-17T09:44:46,500.0,10.2,S
2021-06-17T09:43:37,1500.0,10.2,S
2021-06-17T09:43:04,200.0,10.2,S
2021-06-17T09:42:43,5000.0,10.2,S
2021-06-17T09:42:36,100.0,10.2,S
2021-06-17T09:42:06,2600.0,10.2,S
2021-06-17T09:41:25,8200.0,10.2,S
2021-06-17T09:40:56,500.0,10.2,S
2021-06-17T09:40:29,100.0,10.2,S
2021-06-17T09:35:15,500.0,10.3,B
2021-06-17T09:33:46,2000.0,10.3,B
2021-06-17T09:33:42,200.0,10.3,B
2021-06-17T09:32:51,5000.0,10.3,B
2021-06-17T09:31:22,100.0,10.2,S
2021-06-17T09:29:18,200.0,10.3,B
2021-06-17T09:28:40,300.0,10.3,B
2021-06-17T09:28:12,2000.0,10.3,B
2021-06-17T09:27:18,500.0,10.3,B
2021-06-17T09:27:05,1100.0,10.2,S
2021-06-17T09:24:19,300.0,10.2,S
2021-06-17T09:24:10,700.0,10.2,S
2021-06-17T09:23:27,500.0,10.2,B
2021-06-17T09:23:22,100.0,10.2,B
2021-06-17T09:23:19,3000.0,10.2,B
2021-06-17T09:23:15,2000.0,10.2,B
2021-06-17T09:23:12,500.0,10.2,B
2021-06-17T09:22:56,1000.0,10.2,B
2021-06-17T09:22:51,500.0,10.2,B
2021-06-17T09:22:30,500.0,10.2,B
2021-06-17T09:22:24,100.0,10.2,B
2021-06-17T09:21:56,500.0,10.2,B
2021-06-17T09:20:55,2000.0,10.2,B
2021-06-17T09:20:12,200.0,10.2,B
2021-06-17T09:20:10,1000.0,10.2,B
2021-06-17T09:17:59,300.0,10.2,B
2021-06-17T09:17:56,6700.0,10.2,B
2021-06-17T09:17:53,800.0,10.2,S
2021-06-17T09:17:38,2000.0,10.2,S
2021-06-17T09:15:49,200.0,10.3,B
2021-06-17T09:15:26,1000.0,10.3,B
2021-06-17T09:09:24,100.0,10.3,B
2021-06-17T09:08:46,100.0,10.3,S
2021-06-17T09:08:27,200.0,10.3,B
2021-06-17T09:07:53,700.0,10.3,S
2021-06-17T09:07:47,300.0,10.3,S
2021-06-17T09:06:38.44,800.0,10.3,B
2021-06-17T09:05:21.063,1000.0,10.3,S
2021-06-17T09:05:19.251,18500.0,10.3,S
2021-06-17T09:04:42,100.0,10.3,S
2021-06-17T09:04:42,1000.0,10.3,S
2021-06-17T09:04:34,7400.0,10.3,S
2021-06-17T09:04:30,100.0,10.3,S
