tradingTime,volume,price,side
2021-06-17T14:29:51,5000.0,10.5,B
2021-06-17T14:29:47,16600.0,10.5,B
2021-06-17T14:29:31,1500.0,10.5,B
2021-06-17T14:29:23,600.0,10.4,S
2021-06-17T14:29:21,300.0,10.4,S
2021-06-17T14:29:20,3200.0,10.5,B
2021-06-17T14:29:15,1000.0,10.5,B
2021-06-17T14:29:11,200.0,10.5,B
2021-06-17T14:29:06,100.0,10.5,B
2021-06-17T14:28:55,5400.0,10.5,B
2021-06-17T14:28:52,100.0,10.5,B
2021-06-17T14:28:47,1000.0,10.5,B
2021-06-17T14:28:22,10000.0,10.5,B
2021-06-17T14:28:16,1000.0,10.5,B
2021-06-17T14:28:14,200.0,10.5,B
2021-06-17T14:27:58,100.0,10.5,B
2021-06-17T14:27:56,200.0,10.5,B
2021-06-17T14:27:54,100.0,10.5,B
2021-06-17T14:27:51,100.0,10.5,B
2021-06-17T14:27:50,10000.0,10.5,B
2021-06-17T14:27:49,500.0,10.5,B
2021-06-17T14:27:48,1000.0,10.5,B
2021-06-17T14:27:44,15300.0,10.5,B
2021-06-17T14:27:41,100.0,10.6,B
2021-06-17T14:27:35,10000.0,10.5,S
2021-06-17T14:27:34,50000.0,10.5,S
2021-06-17T14:27:34,1000.0,10.6,B
2021-06-17T14:27:26,50000.0,10.5,S
2021-06-17T14:27:14,2000.0,10.5,S
2021-06-17T14:27:08,100.0,10.5,S
2021-06-17T14:27:01,1400.0,10.6,B
2021-06-17T14:26:55,100.0,10.6,B
2021-06-17T14:26:50,300.0,10.6,B
2021-06-17T14:26:25,2500.0,10.6,B
2021-06-17T14:26:20,20400.0,10.5,S
2021-06-17T14:26:19,700.0,10.6,B
2021-06-17T14:26:14,2000.0,10.6,B
2021-06-17T14:26:14,2000.0,10.6,B
2021-06-17T14:26:03,100.0,10.6,B
2021-06-17T14:25:43,500.0,10.6,B
2021-06-17T14:25:38,2700.0,10.6,B
2021-06-17T14:25:32,500.0,10.6,B
2021-06-17T14:25:16,6000.0,10.6,B
2021-06-17T14:25:11,2000.0,10.6,B
2021-06-17T14:25:05,20000.0,10.5,S
2021-06-17T14:25:04,1200.0,10.6,B
2021-06-17T14:25:01,30100.0,10.6,B
2021-06-17T14:24:44,5000.0,10.6,B
2021-06-17T14:24:39,5000.0,10.6,B
2021-06-17T14:24:35,3500.0,10.6,B
2021-06-17T14:24:18,10000.0,10.6,B
2021-06-17T14:24:16,1000.0,10.6,B
2021-06-17T14:24:15,2500.0,10.6,B
2021-06-17T14:24:14,3000.0,10.6,B
2021-06-17T14:24:09,118400.0,10.6,S
2021-06-17T14:24:08,400.0,10.6,S
2021-06-17T14:24:06,1000.0,10.6,S
2021-06-17T14:23:59,400.0,10.6,S
2021-06-17T14:23:58,3000.0,10.6,S
2021-06-17T14:23:57,1000.0,10.6,S
2021-06-17T14:23:53,100.0,10.6,S
2021-06-17T14:23:48,500.0,10.6,S
2021-06-17T14:23:47,2000.0,10.7,B
2021-06-17T14:23:39,400.0,10.7,B
2021-06-17T14:23:31,5200.0,10.6,S
2021-06-17T14:23:31,2000.0,10.6,S
2021-06-17T14:23:31,1000.0,10.7,B
2021-06-17T14:23:23,2400.0,10.7,B
2021-06-17T14:23:21,3000.0,10.7,B
2021-06-17T14:23:18,100.0,10.6,S
2021-06-17T14:23:16,1000.0,10.6,S
2021-06-17T14:23:07,5000.0,10.6,S
2021-06-17T14:23:07,500.0,10.7,B
2021-06-17T14:23:04,1000.0,10.7,B
2021-06-17T14:23:03,600.0,10.7,B
2021-06-17T14:22:59,3000.0,10.6,S
2021-06-17T14:22:55,1000.0,10.7,B
2021-06-17T14:22:55,100.0,10.6,S
2021-06-17T14:22:52,11000.0,10.7,B
2021-06-17T14:22:52,200.0,10.7,B
2021-06-17T14:22:49,500.0,10.7,B
2021-06-17T14:22:48,100.0,10.7,B
2021-06-17T14:22:47,100.0,10.6,S
2021-06-17T14:22:39,200.0,10.7,B
2021-06-17T14:22:36,10000.0,10.7,B
2021-06-17T14:22:31,2000.0,10.7,B
2021-06-17T14:22:28,1000.0,10.7,B
2021-06-17T14:22:25,100.0,10.6,S
2021-06-17T14:22:25,5000.0,10.7,B
2021-06-17T14:22:20,5000.0,10.7,B
2021-06-17T14:22:09,2000.0,10.7,B
2021-06-17T14:22:08,200.0,10.7,B
2021-06-17T14:22:04,500.0,10.6,S
2021-06-17T14:21:57,3200.0,10.7,B
2021-06-17T14:21:41,100.0,10.7,B
2021-06-17T14:21:31,1000.0,10.7,B
2021-06-17T14:21:17,10000.0,10.7,B
2021-06-17T14:21:10,1000.0,10.6,S
2021-06-17T14:21:08,600.0,10.6,S
2021-06-17T14:21:08,37900.0,10.7,B
2021-06-17T14:20:59,10000.0,10.6,S
2021-06-17T14:20:58,300.0,10.6,S
2021-06-17T14:20:57,2000.0,10.6,S
2021-06-17T14:20:56,300.0,10.6,S
2021-06-17T14:20:55,600.0,10.6,S
2021-06-17T14:20:36,100.0,10.6,S
2021-06-17T14:20:28,20500.0,10.6,B
2021-06-17T14:20:21,1700.0,10.6,B
2021-06-17T14:20:21,1000.0,10.6,B
2021-06-17T14:20:19,45000.0,10.6,B
2021-06-17T14:20:19,1700.0,10.6,B
2021-06-17T14:20:16,2000.0,10.6,B
2021-06-17T14:20:15,400.0,10.6,B
2021-06-17T14:20:13,7000.0,10.6,B
2021-06-17T14:20:09,2000.0,10.6,B
2021-06-17T14:20:08,30500.0,10.6,B
2021-06-17T14:20:05,500.0,10.6,B
2021-06-17T14:20:04,3000.0,10.6,B
2021-06-17T14:20:03,10000.0,10.6,B
2021-06-17T14:20:02,35000.0,10.6,B
2021-06-17T14:20:01,300.0,10.6,B
2021-06-17T14:20:00,900.0,10.5,S
2021-06-17T14:19:58,10000.0,10.6,B
2021-06-17T14:19:56,10000.0,10.6,B
2021-06-17T14:19:54,500.0,10.6,B
2021-06-17T14:19:50,300.0,10.6,B
2021-06-17T14:19:43,600.0,10.5,S
2021-06-17T14:19:43,1000.0,10.6,B
2021-06-17T14:19:41,100.0,10.6,B
2021-06-17T14:19:39,5000.0,10.6,B
2021-06-17T14:19:37,400.0,10.6,B
2021-06-17T14:19:35,2200.0,10.6,B
2021-06-17T14:19:32,15000.0,10.6,B
2021-06-17T14:19:31,6700.0,10.6,B
2021-06-17T14:19:27,1500.0,10.6,B
2021-06-17T14:19:25,6000.0,10.6,B
2021-06-17T14:19:22,1600.0,10.6,B
2021-06-17T14:19:19,11000.0,10.6,B
2021-06-17T14:19:19,8000.0,10.6,B
2021-06-17T14:19:16,400.0,10.6,B
2021-06-17T14:19:11,2300.0,10.5,S
2021-06-17T14:19:10,200.0,10.6,B
2021-06-17T14:19:04,52000.0,10.6,B
2021-06-17T14:18:58,4000.0,10.6,B
2021-06-17T14:18:57,1200.0,10.6,B
2021-06-17T14:18:56,4500.0,10.6,B
2021-06-17T14:18:54,2500.0,10.6,B
2021-06-17T14:18:45,300.0,10.6,B
2021-06-17T14:18:44,200.0,10.6,B
2021-06-17T14:18:38,500.0,10.6,B
2021-06-17T14:18:37,1000.0,10.6,B
2021-06-17T14:18:36,15000.0,10.6,B
2021-06-17T14:18:35,1000.0,10.5,S
2021-06-17T14:18:34,100.0,10.6,B
2021-06-17T14:18:32,1000.0,10.6,B
2021-06-17T14:18:29,5000.0,10.6,B
2021-06-17T14:18:25,100.0,10.5,S
2021-06-17T14:18:13,4500.0,10.6,B
2021-06-17T14:18:04,300.0,10.5,S
2021-06-17T14:17:45,500.0,10.5,S
2021-06-17T14:17:44,100.0,10.5,S
2021-06-17T14:17:36,900.0,10.5,S
2021-06-17T14:17:36,275000.0,10.5,S
2021-06-17T14:17:33,100.0,10.5,B
2021-06-17T14:17:33,600.0,10.5,B
2021-06-17T14:17:29,5000.0,10.5,B
2021-06-17T14:17:28,500.0,10.5,B
2021-06-17T14:17:23,20000.0,10.5,B
2021-06-17T14:17:20,3400.0,10.5,B
2021-06-17T14:17:16,3000.0,10.5,B
2021-06-17T14:17:05,5000.0,10.5,B
2021-06-17T14:17:00,11000.0,10.5,B
2021-06-17T14:16:58,6000.0,10.5,B
2021-06-17T14:16:56,200.0,10.5,B
2021-06-17T14:16:51,200.0,10.5,B
2021-06-17T14:16:48,5100.0,10.5,B
2021-06-17T14:16:44,900.0,10.5,B
2021-06-17T14:16:41,500.0,10.5,B
2021-06-17T14:16:41,800.0,10.5,B
2021-06-17T14:16:39,500.0,10.5,B
2021-06-17T14:16:38,300.0,10.5,B
2021-06-17T14:16:36,8100.0,10.5,B
2021-06-17T14:16:36,3600.0,10.5,B
2021-06-17T14:16:33,100.0,10.5,B
2021-06-17T14:16:30,1000.0,10.5,B
2021-06-17T14:16:28,500.0,10.5,B
2021-06-17T14:16:23,1100.0,10.5,B
2021-06-17T14:16:22,500.0,10.5,B
2021-06-17T14:16:19,2200.0,10.5,B
2021-06-17T14:16:17,200.0,10.5,B
2021-06-17T14:16:11,500.0,10.5,B
2021-06-17T14:16:08,200.0,10.5,B
2021-06-17T14:16:02,300.0,10.5,B
2021-06-17T14:15:57,500.0,10.5,B
2021-06-17T14:15:55,1000.0,10.5,B
2021-06-17T14:15:47,900.0,10.5,B
2021-06-17T14:15:39,500.0,10.5,B
2021-06-17T14:15:28,2000.0,10.5,B
2021-06-17T14:15:16,500.0,10.5,B
2021-06-17T14:15:06,500.0,10.5,B
2021-06-17T14:15:03,200.0,10.4,S
2021-06-17T14:15:02,10000.0,10.5,B
2021-06-17T14:14:49,2900.0,10.5,B
2021-06-17T14:14:42,100.0,10.4,S
2021-06-17T14:14:41,3200.0,10.5,B
2021-06-17T14:14:16,300.0,10.5,B
2021-06-17T14:14:16,300.0,10.5,B
2021-06-17T14:14:00,1000.0,10.5,B
2021-06-17T14:13:56,20000.0,10.5,B
2021-06-17T14:13:49,2000.0,10.4,S
2021-06-17T14:13:44,5000.0,10.4,S
2021-06-17T14:13:35,9400.0,10.4,S
2021-06-17T14:13:32,1000.0,10.4,S
2021-06-17T14:12:56,2000.0,10.4,S
2021-06-17T14:12:48,5000.0,10.4,S
2021-06-17T14:12:45,1000.0,10.5,B
2021-06-17T14:12:31,50000.0,10.4,S
2021-06-17T14:12:11,1000.0,10.4,S
2021-06-17T14:10:51,1000.0,10.4,S
2021-06-17T14:10:49,1000.0,10.5,B
2021-06-17T14:10:33,100.0,10.4,S
2021-06-17T14:10:22,9500.0,10.4,B
2021-06-17T14:10:21,8000.0,10.4,B
2021-06-17T14:10:20,12000.0,10.4,B
2021-06-17T14:10:20,800.0,10.4,B
2021-06-17T14:10:17,90000.0,10.4,B
2021-06-17T14:10:06,27000.0,10.4,B
2021-06-17T14:10:02,9000.0,10.4,B
2021-06-17T14:09:54,1000.0,10.4,B
2021-06-17T14:09:48,500.0,10.4,B
2021-06-17T14:09:37,2000.0,10.4,B
2021-06-17T14:09:30,100.0,10.4,B
2021-06-17T14:09:15,42300.0,10.4,B
2021-06-17T14:09:07,2500.0,10.4,B
2021-06-17T14:08:59,500.0,10.4,B
2021-06-17T14:08:58,500.0,10.4,B
2021-06-17T14:08:50,15000.0,10.4,B
2021-06-17T14:08:35,200.0,10.4,B
2021-06-17T14:08:30,8000.0,10.4,B
2021-06-17T14:08:27,200.0,10.4,B
2021-06-17T14:08:26,7100.0,10.4,B
2021-06-17T14:08:23,10000.0,10.4,B
2021-06-17T14:08:19,24800.0,10.4,B
2021-06-17T14:08:19,1300.0,10.4,B
2021-06-17T14:08:08,7900.0,10.4,B
2021-06-17T14:07:45,1000.0,10.4,B
2021-06-17T14:06:53,400.0,10.3,S
2021-06-17T14:06:50,600.0,10.3,S
2021-06-17T14:06:44,400.0,10.3,S
2021-06-17T14:06:43,10000.0,10.3,B
2021-06-17T14:06:41,100.0,10.3,B
2021-06-17T14:06:37,1000.0,10.3,B
2021-06-17T14:06:34,138500.0,10.3,S
2021-06-17T14:06:30,500.0,10.4,B
2021-06-17T14:06:16,500.0,10.3,S
2021-06-17T14:06:15,1000.0,10.4,B
2021-06-17T14:06:13,100.0,10.4,B
2021-06-17T14:06:13,26000.0,10.4,B
2021-06-17T14:06:11,700.0,10.4,B
2021-06-17T14:06:07,100.0,10.3,S
2021-06-17T14:06:00,500.0,10.4,B
2021-06-17T14:05:52,1000.0,10.4,B
2021-06-17T14:05:43,2000.0,10.4,B
2021-06-17T14:05:41,1500.0,10.4,B
2021-06-17T14:05:34,1000.0,10.3,S
2021-06-17T14:05:27,2000.0,10.4,B
2021-06-17T14:05:26,6000.0,10.4,B
2021-06-17T14:05:06,2000.0,10.4,B
2021-06-17T14:05:03,500.0,10.4,B
2021-06-17T14:04:55,1000.0,10.4,B
2021-06-17T14:04:54,1500.0,10.3,S
2021-06-17T14:04:29,500.0,10.4,B
2021-06-17T14:04:26,1000.0,10.4,B
2021-06-17T14:04:15,500.0,10.4,B
2021-06-17T14:03:46,10000.0,10.4,B
2021-06-17T14:03:39,200.0,10.4,B
2021-06-17T14:03:26,2000.0,10.4,B
2021-06-17T14:02:43,3300.0,10.4,B
2021-06-17T14:02:41,700.0,10.3,S
2021-06-17T14:02:39,2000.0,10.3,S
2021-06-17T14:02:34,500.0,10.4,B
2021-06-17T14:02:16,25600.0,10.3,B
2021-06-17T14:02:09,1000.0,10.3,B
2021-06-17T14:02:06,1000.0,10.3,B
2021-06-17T14:02:05,10000.0,10.3,B
2021-06-17T14:02:01,1500.0,10.3,B
2021-06-17T14:02:01,25000.0,10.3,B
2021-06-17T14:01:58,5500.0,10.3,B
2021-06-17T14:01:55,200.0,10.3,B
2021-06-17T14:01:51,40000.0,10.3,B
2021-06-17T14:01:44,1000.0,10.3,B
2021-06-17T14:01:42,500.0,10.3,B
2021-06-17T14:01:24,1000.0,10.3,B
2021-06-17T14:01:16,1500.0,10.3,B
2021-06-17T14:01:12,100.0,10.3,B
2021-06-17T14:01:01,1000.0,10.3,B
2021-06-17T14:01:00,1000.0,10.3,B
2021-06-17T14:00:58,700.0,10.3,B
2021-06-17T14:00:50,700.0,10.3,B
2021-06-17T14:00:46,200.0,10.3,B
2021-06-17T14:00:16,5000.0,10.3,B
2021-06-17T14:00:14,1000.0,10.3,B
2021-06-17T14:00:06,800.0,10.3,B
2021-06-17T13:59:39,300.0,10.3,B
2021-06-17T13:59:29,500.0,10.3,B
2021-06-17T13:59:18,1000.0,10.3,B
2021-06-17T13:58:55,1000.0,10.3,B
2021-06-17T13:58:48,1000.0,10.3,B
2021-06-17T13:58:18,4900.0,10.2,S
2021-06-17T13:58:10,200.0,10.3,B
2021-06-17T13:58:04,400.0,10.3,B
2021-06-17T13:57:56,100.0,10.3,B
2021-06-17T13:57:43,100.0,10.3,B
2021-06-17T13:57:39,600.0,10.3,B
2021-06-17T13:57:36,800.0,10.3,B
2021-06-17T13:57:34,100.0,10.3,B
2021-06-17T13:57:27,50000.0,10.3,B
2021-06-17T13:57:25,600.0,10.3,B
2021-06-17T13:57:07,25600.0,10.2,S
2021-06-17T13:57:06,10000.0,10.3,B
2021-06-17T13:56:55,10000.0,10.3,B
2021-06-17T13:56:29,600.0,10.3,B
2021-06-17T13:56:01,7000.0,10.3,B
2021-06-17T13:55:57,5000.0,10.3,B
2021-06-17T13:55:15,1000.0,10.2,S
2021-06-17T13:54:51,2200.0,10.2,S
2021-06-17T13:53:59,100.0,10.3,B
2021-06-17T13:53:50,2000.0,10.2,S
2021-06-17T13:52:51,100.0,10.2,S
2021-06-17T13:52:26,5000.0,10.2,S
2021-06-17T13:52:18,2000.0,10.2,S
2021-06-17T13:50:53,2000.0,10.2,S
2021-06-17T13:50:37,500.0,10.2,S
2021-06-17T13:50:12,2000.0,10.2,S
2021-06-17T13:49:57,3000.0,10.2,S
2021-06-17T13:49:08,400.0,10.2,S
2021-06-17T13:49:05,3000.0,10.2,S
2021-06-17T13:47:32,200.0,10.2,S
2021-06-17T13:47:19,700.0,10.2,S
2021-06-17T13:46:43,1000.0,10.2,S
2021-06-17T13:46:34,1000.0,10.3,B
2021-06-17T13:46:18,100.0,10.2,S
2021-06-17T13:45:49,5000.0,10.3,B
2021-06-17T13:45:02,1000.0,10.2,S
2021-06-17T13:43:55,1000.0,10.2,S
2021-06-17T13:43:45,12000.0,10.2,S
2021-06-17T13:41:51,300.0,10.3,B
2021-06-17T13:40:54,25200.0,10.2,S
2021-06-17T13:39:49,500.0,10.3,B
2021-06-17T13:39:17,2000.0,10.3,B
2021-06-17T13:38:41,1000.0,10.3,B
2021-06-17T13:37:52,2000.0,10.3,B
2021-06-17T13:37:43,1000.0,10.3,B
2021-06-17T13:37:16,1800.0,10.2,S
2021-06-17T13:36:16,5000.0,10.2,S
2021-06-17T13:36:06,500.0,10.3,B
2021-06-17T13:36:03,200.0,10.2,S
2021-06-17T13:35:39,1000.0,10.2,S
2021-06-17T13:35:19,16600.0,10.2,S
2021-06-17T13:34:37,2000.0,10.2,S
2021-06-17T13:34:02,2000.0,10.2,S
2021-06-17T13:33:50,2100.0,10.2,S
2021-06-17T13:33:50,1500.0,10.2,S
2021-06-17T13:33:46,100.0,10.2,S
2021-06-17T13:33:18,20000.0,10.2,S
2021-06-17T13:32:56,1000.0,10.3,B
2021-06-17T13:31:40,500.0,10.2,S
2021-06-17T13:30:53,2000.0,10.2,S
2021-06-17T13:30:15,5000.0,10.2,S
2021-06-17T13:30:07,1000.0,10.2,S
2021-06-17T13:29:57,3000.0,10.2,S
2021-06-17T13:29:32,7000.0,10.2,S
2021-06-17T13:29:16,100.0,10.3,B
2021-06-17T13:29:12,200.0,10.2,S
2021-06-17T13:27:41,41000.0,10.2,S
2021-06-17T13:26:35,1000.0,10.3,B
2021-06-17T13:26:21,1500.0,10.3,B
2021-06-17T13:26:09,7100.0,10.3,S
2021-06-17T13:25:54,500.0,10.3,S
2021-06-17T13:25:52,100.0,10.3,S
2021-06-17T13:25:50,100.0,10.3,S
2021-06-17T13:25:45,2000.0,10.3,S
2021-06-17T13:25:42,4200.0,10.3,B
2021-06-17T13:25:35,500.0,10.3,S
2021-06-17T13:25:32,5000.0,10.3,S
2021-06-17T13:25:31,1000.0,10.3,S
2021-06-17T13:25:27,2500.0,10.3,S
2021-06-17T13:25:14,2000.0,10.3,S
2021-06-17T13:25:09,5000.0,10.3,S
2021-06-17T13:25:06,1000.0,10.3,S
2021-06-17T13:24:52,5000.0,10.3,S
2021-06-17T13:24:32,3300.0,10.3,B
2021-06-17T13:24:32,100.0,10.3,B
2021-06-17T13:24:30,2000.0,10.3,B
2021-06-17T13:24:26,1000.0,10.3,B
2021-06-17T13:24:24,200.0,10.3,B
2021-06-17T13:24:17,1000.0,10.3,B
2021-06-17T13:24:12,100.0,10.3,B
2021-06-17T13:24:01,2000.0,10.3,B
2021-06-17T13:23:56,600.0,10.3,B
2021-06-17T13:23:50,200.0,10.3,B
2021-06-17T13:23:49,50500.0,10.3,B
2021-06-17T13:23:46,100.0,10.3,B
2021-06-17T13:23:35,100.0,10.2,S
2021-06-17T13:23:18,20000.0,10.3,B
2021-06-17T13:23:14,10000.0,10.3,B
2021-06-17T13:22:58,300.0,10.2,S
2021-06-17T13:22:51,1500.0,10.3,B
2021-06-17T13:22:51,100.0,10.3,B
2021-06-17T13:22:40,600.0,10.3,B
2021-06-17T13:22:32,500.0,10.3,B
2021-06-17T13:22:32,3100.0,10.2,S
2021-06-17T13:22:23,1000.0,10.2,S
2021-06-17T13:22:15,100.0,10.3,B
2021-06-17T13:22:03,100.0,10.3,B
2021-06-17T13:21:19,1000.0,10.3,B
2021-06-17T13:21:00,300.0,10.3,B
2021-06-17T13:20:50,300.0,10.3,B
2021-06-17T13:20:36,1000.0,10.3,B
2021-06-17T13:20:30,3000.0,10.3,B
2021-06-17T13:20:10,500.0,10.3,B
2021-06-17T13:20:04,1300.0,10.3,B
2021-06-17T13:20:03,1000.0,10.3,B
2021-06-17T13:19:59,1000.0,10.3,B
2021-06-17T13:19:53,13000.0,10.3,B
2021-06-17T13:19:39,500.0,10.3,B
2021-06-17T13:19:26,4000.0,10.3,B
2021-06-17T13:19:15,500.0,10.3,B
2021-06-17T13:19:00,1000.0,10.3,B
2021-06-17T13:18:39,1900.0,10.3,B
2021-06-17T13:18:38,1000.0,10.3,B
2021-06-17T13:18:32,1900.0,10.3,B
2021-06-17T13:18:31,8100.0,10.3,B
2021-06-17T13:18:28,13300.0,10.3,B
2021-06-17T13:18:13,200.0,10.3,B
2021-06-17T13:18:12,2400.0,10.3,B
2021-06-17T13:18:05,100.0,10.2,S
2021-06-17T13:18:04,1000.0,10.3,B
2021-06-17T13:17:53,1400.0,10.3,B
2021-06-17T13:17:49,700.0,10.3,B
2021-06-17T13:17:46,900.0,10.3,B
2021-06-17T13:17:43,200.0,10.3,B
2021-06-17T13:17:36,5000.0,10.3,B
2021-06-17T13:17:21,100.0,10.3,B
2021-06-17T13:17:08,30500.0,10.3,B
2021-06-17T13:16:56,300.0,10.3,B
2021-06-17T13:16:51,1000.0,10.3,B
2021-06-17T13:16:44,1000.0,10.3,B
2021-06-17T13:15:53,100.0,10.3,B
2021-06-17T13:11:57,1000.0,10.2,S
2021-06-17T13:11:46,300.0,10.2,S
2021-06-17T13:11:33,1000.0,10.2,S
2021-06-17T13:10:53,5000.0,10.2,S
2021-06-17T13:10:45,3000.0,10.3,B
2021-06-17T13:10:12,100.0,10.2,S
2021-06-17T13:09:40,1000.0,10.3,B
2021-06-17T13:09:39,1000.0,10.3,B
2021-06-17T13:09:37,1000.0,10.2,S
2021-06-17T13:09:19,100.0,10.3,B
2021-06-17T13:09:14,200.0,10.3,B
2021-06-17T13:08:58,200.0,10.2,S
2021-06-17T13:08:45,100.0,10.3,B
2021-06-17T13:06:51,9000.0,10.2,S
2021-06-17T13:06:39,100.0,10.3,B
2021-06-17T13:06:26,1700.0,10.2,S
2021-06-17T13:05:20,100.0,10.2,S
2021-06-17T13:05:16,2700.0,10.2,S
2021-06-17T13:04:12,7300.0,10.2,S
2021-06-17T13:03:37,1000.0,10.2,S
2021-06-17T13:03:20,4600.0,10.2,S
2021-06-17T13:02:46,5000.0,10.2,S
2021-06-17T13:02:36,2000.0,10.3,B
2021-06-17T13:01:59,1000.0,10.2,S
2021-06-17T13:01:35,1000.0,10.2,S
2021-06-17T13:01:25,500.0,10.2,S
2021-06-17T13:00:51,500.0,10.2,S
2021-06-17T13:00:10,100.0,10.2,S
2021-06-17T13:00:08,500.0,10.2,S
2021-06-17T13:00:07,100.0,10.2,S
2021-06-17T13:00:02,5000.0,10.2,S
2021-06-17T11:29:45,2900.0,10.2,B
2021-06-17T11:29:32,100.0,10.2,B
2021-06-17T11:29:12,3000.0,10.2,B
2021-06-17T11:29:01,1000.0,10.2,B
2021-06-17T11:28:50,200.0,10.2,B
2021-06-17T11:28:38,1000.0,10.2,B
2021-06-17T11:28:33,100.0,10.2,B
2021-06-17T11:28:21,1200.0,10.2,B
2021-06-17T11:28:17,1000.0,10.2,B
2021-06-17T11:27:58,800.0,10.2,B
2021-06-17T11:27:44,200.0,10.2,B
2021-06-17T11:27:23,3500.0,10.2,B
2021-06-17T11:27:19,9000.0,10.2,S
2021-06-17T11:26:48,5000.0,10.2,S
2021-06-17T11:26:43,20000.0,10.2,S
2021-06-17T11:25:58,5000.0,10.2,S
2021-06-17T11:25:57,200.0,10.2,S
2021-06-17T11:25:42,1000.0,10.2,S
2021-06-17T11:25:04,3000.0,10.2,S
2021-06-17T11:24:10,30000.0,10.2,B
2021-06-17T11:23:58,1700.0,10.2,B
2021-06-17T11:23:13,100.0,10.2,B
2021-06-17T11:22:39,100.0,10.2,B
2021-06-17T11:22:30,500.0,10.2,B
2021-06-17T11:22:18,4000.0,10.2,B
2021-06-17T11:22:00,10000.0,10.1,S
2021-06-17T11:21:51,6700.0,10.2,B
2021-06-17T11:21:19,100.0,10.2,B
2021-06-17T11:20:30,100.0,10.1,S
2021-06-17T11:18:47,100.0,10.1,S
2021-06-17T11:18:27,500.0,10.2,B
2021-06-17T11:17:59,100.0,10.2,B
2021-06-17T11:17:54,6000.0,10.1,S
2021-06-17T11:17:17,200.0,10.1,S
2021-06-17T11:17:16,2800.0,10.1,S
2021-06-17T11:17:08,1300.0,10.2,S
2021-06-17T11:16:50,100.0,10.2,S
2021-06-17T11:16:38,4000.0,10.2,S
2021-06-17T11:15:25,300.0,10.2,B
2021-06-17T11:15:04,500.0,10.2,B
2021-06-17T11:15:01,2200.0,10.2,B
2021-06-17T11:14:58,800.0,10.2,B
2021-06-17T11:14:15,200.0,10.2,B
2021-06-17T11:13:52,9300.0,10.2,B
2021-06-17T11:13:44,5000.0,10.2,S
2021-06-17T11:13:40,179000.0,10.2,S
2021-06-17T11:13:36,1000.0,10.2,S
2021-06-17T11:13:29,100.0,10.2,S
2021-06-17T11:12:12,1000.0,10.2,S
2021-06-17T11:12:00,1000.0,10.2,S
2021-06-17T11:11:59,16000.0,10.2,S
2021-06-17T11:10:07,1000.0,10.3,B
2021-06-17T11:09:58,1000.0,10.3,B
2021-06-17T11:09:37,1000.0,10.3,B
2021-06-17T11:09:29,1400.0,10.2,S
2021-06-17T11:09:19,1000.0,10.3,B
2021-06-17T11:08:36,5000.0,10.2,S
2021-06-17T11:08:23,5000.0,10.2,S
2021-06-17T11:07:16,100.0,10.2,S
2021-06-17T11:07:02,100.0,10.3,B
2021-06-17T11:06:56,200.0,10.2,S
2021-06-17T11:06:45,5000.0,10.2,S
2021-06-17T11:06:31,1000.0,10.2,S
2021-06-17T11:06:19,500.0,10.3,B
2021-06-17T11:06:08,1700.0,10.2,S
2021-06-17T11:06:03,1000.0,10.2,S
2021-06-17T11:05:32,2000.0,10.3,B
2021-06-17T11:04:58,2000.0,10.2,S
2021-06-17T11:02:28,1000.0,10.2,S
2021-06-17T11:01:03,1000.0,10.3,B
2021-06-17T11:00:55,2000.0,10.3,B
2021-06-17T11:00:45,6000.0,10.3,B
2021-06-17T11:00:30,200.0,10.3,B
2021-06-17T11:00:11,1000.0,10.3,B
2021-06-17T10:59:50,1400.0,10.3,B
2021-06-17T10:59:31,200.0,10.2,S
2021-06-17T10:59:09,6300.0,10.2,S
2021-06-17T10:59:05,1000.0,10.2,S
2021-06-17T10:58:41,400.0,10.2,S
2021-06-17T10:58:18,100.0,10.2,S
2021-06-17T10:58:11,100.0,10.2,S
2021-06-17T10:57:06,200.0,10.2,S
2021-06-17T10:56:47,7000.0,10.2,S
2021-06-17T10:54:11,2000.0,10.2,S
2021-06-17T10:53:30,100.0,10.3,B
2021-06-17T10:53:14,2500.0,10.3,B
2021-06-17T10:53:10,500.0,10.2,S
2021-06-17T10:52:15,1000.0,10.2,S
2021-06-17T10:52:02,500.0,10.3,B
2021-06-17T10:51:40,500.0,10.3,B
2021-06-17T10:51:33,100.0,10.3,B
2021-06-17T10:51:05,1000.0,10.3,B
2021-06-17T10:51:02,100.0,10.2,S
2021-06-17T10:50:45,100.0,10.2,S
2021-06-17T10:49:52,500.0,10.2,S
2021-06-17T10:49:21,1000.0,10.2,S
2021-06-17T10:47:18,300.0,10.3,B
2021-06-17T10:46:38,100.0,10.3,B
2021-06-17T10:46:27,500.0,10.3,B
2021-06-17T10:45:36,1200.0,10.2,S
2021-06-17T10:45:26,15000.0,10.2,S
2021-06-17T10:45:02,100.0,10.2,S
2021-06-17T10:44:13,100.0,10.2,S
2021-06-17T10:44:01,5000.0,10.3,B
2021-06-17T10:43:35,1900.0,10.2,S
2021-06-17T10:43:24,1000.0,10.2,S
2021-06-17T10:43:22,100.0,10.2,S
2021-06-17T10:43:17,100.0,10.2,S
2021-06-17T10:43:15,3000.0,10.2,S
2021-06-17T10:43:12,100.0,10.2,S
2021-06-17T10:43:08,1300.0,10.3,B
2021-06-17T10:42:34,900.0,10.2,S
2021-06-17T10:41:32,200.0,10.3,B
2021-06-17T10:41:24,1500.0,10.2,S
2021-06-17T10:41:18,100.0,10.3,B
2021-06-17T10:40:06,100.0,10.3,B
2021-06-17T10:39:59,2000.0,10.2,S
2021-06-17T10:39:36,40000.0,10.2,S
2021-06-17T10:39:31,1500.0,10.3,B
2021-06-17T10:39:23,100.0,10.3,B
2021-06-17T10:38:33,1000.0,10.3,B
2021-06-17T10:37:58,100.0,10.3,B
2021-06-17T10:37:49,1100.0,10.2,S
2021-06-17T10:36:55,1000.0,10.3,B
2021-06-17T10:36:52,200.0,10.3,B
2021-06-17T10:36:45,3000.0,10.3,B
2021-06-17T10:36:12,500.0,10.3,B
2021-06-17T10:36:08,1300.0,10.3,B
2021-06-17T10:35:58,1900.0,10.3,B
2021-06-17T10:35:58,1500.0,10.2,S
2021-06-17T10:35:54,5500.0,10.3,B
2021-06-17T10:35:51,1000.0,10.3,B
2021-06-17T10:35:49,3000.0,10.3,B
2021-06-17T10:35:40,400.0,10.3,B
2021-06-17T10:34:43,600.0,10.3,B
2021-06-17T10:34:36,1000.0,10.3,B
2021-06-17T10:34:25,500.0,10.3,B
2021-06-17T10:34:23,2000.0,10.3,B
2021-06-17T10:34:14,600.0,10.3,B
2021-06-17T10:34:12,5000.0,10.3,B
2021-06-17T10:33:47,500.0,10.3,B
2021-06-17T10:33:40,500.0,10.3,B
2021-06-17T10:33:31,2000.0,10.3,B
2021-06-17T10:33:29,1000.0,10.3,B
2021-06-17T10:33:17,1000.0,10.3,B
2021-06-17T10:33:17,6600.0,10.3,B
2021-06-17T10:32:58,200.0,10.3,S
2021-06-17T10:32:45,19700.0,10.3,B
2021-06-17T10:32:35,1000.0,10.3,B
2021-06-17T10:32:33,29300.0,10.3,B
2021-06-17T10:32:18,3000.0,10.4,B
2021-06-17T10:32:07,5000.0,10.3,S
2021-06-17T10:31:55,41700.0,10.3,B
2021-06-17T10:31:38,2000.0,10.3,B
2021-06-17T10:31:37,100.0,10.3,B
2021-06-17T10:31:25,5000.0,10.3,B
2021-06-17T10:31:21,200.0,10.3,B
2021-06-17T10:31:15,100.0,10.3,B
2021-06-17T10:31:11,2900.0,10.3,S
2021-06-17T10:31:04,100.0,10.3,S
2021-06-17T10:31:03,1000.0,10.4,B
2021-06-17T10:31:01,5000.0,10.3,S
2021-06-17T10:30:46,5000.0,10.3,S
2021-06-17T10:30:19,1000.0,10.4,B
2021-06-17T10:30:17,4000.0,10.3,S
2021-06-17T10:29:52,100.0,10.3,S
2021-06-17T10:29:46,100.0,10.3,S
2021-06-17T10:29:01,4800.0,10.3,S
2021-06-17T10:29:00,500.0,10.3,B
2021-06-17T10:28:49,2000.0,10.3,B
2021-06-17T10:28:46,10000.0,10.3,B
2021-06-17T10:28:38,1500.0,10.3,B
2021-06-17T10:28:36,1200.0,10.3,B
2021-06-17T10:28:34,300.0,10.3,B
2021-06-17T10:28:33,200.0,10.3,B
2021-06-17T10:28:29,300.0,10.3,B
2021-06-17T10:28:27,200.0,10.3,B
2021-06-17T10:28:21,100.0,10.3,B
2021-06-17T10:28:10,4000.0,10.3,B
2021-06-17T10:28:08,5000.0,10.3,B
2021-06-17T10:27:59,1000.0,10.3,B
2021-06-17T10:27:58,4000.0,10.3,B
2021-06-17T10:27:57,200.0,10.3,B
2021-06-17T10:27:50,100.0,10.3,B
2021-06-17T10:27:41,500.0,10.3,B
2021-06-17T10:27:40,10000.0,10.3,B
2021-06-17T10:27:39,500.0,10.3,B
2021-06-17T10:27:38,3000.0,10.3,B
2021-06-17T10:27:35,2000.0,10.3,B
2021-06-17T10:27:31,500.0,10.3,B
2021-06-17T10:27:28,2000.0,10.3,B
2021-06-17T10:27:21,1000.0,10.3,B
2021-06-17T10:27:20,600.0,10.3,B
2021-06-17T10:27:16,800.0,10.3,B
2021-06-17T10:27:16,3800.0,10.3,B
2021-06-17T10:27:11,100.0,10.3,B
2021-06-17T10:27:05,600.0,10.3,B
2021-06-17T10:26:54,1000.0,10.3,B
2021-06-17T10:26:53,10000.0,10.3,B
2021-06-17T10:26:50,100.0,10.3,B
2021-06-17T10:26:47,100000.0,10.3,B
2021-06-17T10:26:46,500.0,10.3,B
2021-06-17T10:26:28,500.0,10.3,B
2021-06-17T10:26:18,3000.0,10.3,B
2021-06-17T10:26:18,500.0,10.3,B
2021-06-17T10:26:11,2000.0,10.3,B
2021-06-17T10:25:52,7000.0,10.2,S
2021-06-17T10:25:44,5000.0,10.3,B
2021-06-17T10:25:29,30000.0,10.3,B
2021-06-17T10:25:16,2000.0,10.3,B
2021-06-17T10:25:05,2000.0,10.3,B
2021-06-17T10:25:00,100.0,10.2,S
2021-06-17T10:24:57,2000.0,10.3,B
2021-06-17T10:24:28,200.0,10.3,B
2021-06-17T10:23:39,1500.0,10.3,B
2021-06-17T10:23:12,1000.0,10.3,B
2021-06-17T10:23:09,100.0,10.3,B
2021-06-17T10:22:42,1000.0,10.3,B
2021-06-17T10:22:30,400.0,10.3,B
2021-06-17T10:21:55,5000.0,10.3,B
2021-06-17T10:20:49,500.0,10.3,B
2021-06-17T10:20:41,5000.0,10.3,B
2021-06-17T10:20:09,1000.0,10.3,B
2021-06-17T10:19:33,5000.0,10.3,B
2021-06-17T10:19:15,100.0,10.3,B
2021-06-17T10:19:10,1100.0,10.2,S
2021-06-17T10:18:57,30000.0,10.3,B
2021-06-17T10:18:24,100.0,10.3,B
2021-06-17T10:17:29,1500.0,10.2,S
2021-06-17T10:16:52,100.0,10.2,S
2021-06-17T10:16:49,9000.0,10.2,S
2021-06-17T10:16:45,300.0,10.2,S
2021-06-17T10:16:25,500.0,10.2,S
2021-06-17T10:15:54,100.0,10.2,S
2021-06-17T10:14:37,100.0,10.2,B
2021-06-17T10:14:10,100.0,10.2,B
2021-06-17T10:14:05,1200.0,10.2,B
2021-06-17T10:13:50,100.0,10.2,B
2021-06-17T10:13:13,9500.0,10.2,B
2021-06-17T10:12:49,500.0,10.2,B
2021-06-17T10:12:19,1900.0,10.2,B
2021-06-17T10:11:58,1000.0,10.2,B
2021-06-17T10:11:37,500.0,10.2,B
2021-06-17T10:10:14,2000.0,10.2,B
2021-06-17T10:09:32,1900.0,10.2,B
2021-06-17T10:09:22,1200.0,10.2,B
2021-06-17T10:09:19,12000.0,10.2,S
2021-06-17T10:09:13,2000.0,10.2,S
2021-06-17T10:08:56,1000.0,10.2,S
2021-06-17T10:08:52,5000.0,10.2,S
2021-06-17T10:08:51,200.0,10.2,S
2021-06-17T10:08:44,1000.0,10.2,S
2021-06-17T10:08:44,300.0,10.2,S
2021-06-17T10:08:36,100.0,10.2,S
2021-06-17T10:08:36,1400.0,10.2,S
2021-06-17T10:08:28,200.0,10.2,S
2021-06-17T10:08:28,1000.0,10.2,S
2021-06-17T10:08:28,1500.0,10.2,S
2021-06-17T10:08:28,200.0,10.2,S
2021-06-17T10:06:34,200.0,10.2,S
2021-06-17T10:06:30,2000.0,10.2,S
2021-06-17T10:05:41,100.0,10.2,S
2021-06-17T10:04:55,2000.0,10.2,S
2021-06-17T10:04:55,2400.0,10.2,S
2021-06-17T10:04:30,300.0,10.2,S
2021-06-17T10:04:21,600.0,10.2,B
2021-06-17T10:03:49,12000.0,10.1,S
2021-06-17T10:03:44,300.0,10.2,S
2021-06-17T10:03:27,200.0,10.2,S
2021-06-17T10:03:26,1000.0,10.2,S
2021-06-17T10:03:00,1500.0,10.2,S
2021-06-17T10:02:44,4000.0,10.2,B
2021-06-17T10:01:16,200.0,10.2,S
2021-06-17T10:01:16,2300.0,10.2,S
2021-06-17T10:00:52,2700.0,10.2,B
2021-06-17T10:00:43,3000.0,10.2,B
2021-06-17T10:00:17,500.0,10.2,B
2021-06-17T10:00:12,5000.0,10.2,B
2021-06-17T10:00:00,1200.0,10.2,B
2021-06-17T09:59:48,1800.0,10.2,S
2021-06-17T09:59:40,1200.0,10.2,B
2021-06-17T09:59:39,100.0,10.2,B
2021-06-17T09:59:32,1500.0,10.2,B
2021-06-17T09:59:31,200.0,10.2,B
2021-06-17T09:59:16,2000.0,10.2,B
2021-06-17T09:59:04,300.0,10.2,B
2021-06-17T09:58:44,1000.0,10.2,B
2021-06-17T09:58:33,2000.0,10.2,B
2021-06-17T09:58:15,5600.0,10.2,S
2021-06-17T09:57:37,1300.0,10.2,S
2021-06-17T09:57:29,16100.0,10.2,S
2021-06-17T09:57:15,100.0,10.2,B
2021-06-17T09:57:07,200.0,10.2,B
2021-06-17T09:57:00,1000.0,10.1,S
2021-06-17T09:56:59,3000.0,10.2,B
2021-06-17T09:56:42,1500.0,10.2,B
2021-06-17T09:56:38,100.0,10.2,B
2021-06-17T09:56:25,2000.0,10.2,B
2021-06-17T09:56:23,10000.0,10.2,B
2021-06-17T09:56:15,68000.0,10.2,B
2021-06-17T09:56:10,1000.0,10.2,B
2021-06-17T09:56:10,1000.0,10.2,B
2021-06-17T09:56:07,1000.0,10.2,B
2021-06-17T09:55:42,400.0,10.2,B
2021-06-17T09:55:35,38100.0,10.2,B
2021-06-17T09:55:27,1000.0,10.2,B
2021-06-17T09:54:01,1300.0,10.1,S
2021-06-17T09:52:58,100.0,10.1,S
2021-06-17T09:52:38,3600.0,10.1,S
2021-06-17T09:51:45,500.0,10.1,S
2021-06-17T09:51:41,100.0,10.1,S
2021-06-17T09:51:38,1500.0,10.1,S
2021-06-17T09:51:30,100.0,10.1,S
2021-06-17T09:49:58,100.0,10.1,S
2021-06-17T09:49:36,15200.0,10.1,S
2021-06-17T09:49:05,2200.0,10.1,S
2021-06-17T09:48:58,2000.0,10.1,S
2021-06-17T09:48:35,400.0,10.2,B
2021-06-17T09:47:54,100.0,10.2,B
2021-06-17T09:47:46,1000.0,10.2,B
2021-06-17T09:47:40,100.0,10.2,B
2021-06-17T09:46:46,100.0,10.2,B
2021-06-17T09:46:22,1000.0,10.2,B
2021-06-17T09:45:40,200.0,10.2,B
2021-06-17T09:44:22,2000.0,10.1,S
2021-06-17T09:44:11,10000.0,10.1,S
2021-06-17T09:43:39,100.0,10.1,S
2021-06-17T09:43:19,200.0,10.1,S
2021-06-17T09:43:01,1000.0,10.1,S
2021-06-17T09:42:47,3000.0,10.1,S
2021-06-17T09:42:08,2000.0,10.2,B
2021-06-17T09:42:03,1000.0,10.1,S
2021-06-17T09:41:54,5000.0,10.2,B
2021-06-17T09:41:50,200.0,10.2,B
2021-06-17T09:41:47,100.0,10.2,B
2021-06-17T09:41:36,500.0,10.2,B
2021-06-17T09:41:14,1500.0,10.2,B
2021-06-17T09:41:08,8600.0,10.2,S
2021-06-17T09:41:06,400.0,10.2,S
2021-06-17T09:41:05,20000.0,10.2,S
2021-06-17T09:40:45,1000.0,10.2,S
2021-06-17T09:40:31,500.0,10.2,S
2021-06-17T09:40:29,2900.0,10.2,S
2021-06-17T09:40:28,1000.0,10.2,S
2021-06-17T09:40:19,5000.0,10.2,S
2021-06-17T09:40:17,1000.0,10.2,S
2021-06-17T09:40:16,200.0,10.2,S
2021-06-17T09:40:12,17100.0,10.2,S
2021-06-17T09:40:08,3000.0,10.2,S
2021-06-17T09:39:59,6000.0,10.2,S
2021-06-17T09:39:48,4000.0,10.2,S
2021-06-17T09:39:04,2000.0,10.2,S
2021-06-17T09:38:50,1000.0,10.2,S
2021-06-17T09:38:41,10000.0,10.3,B
2021-06-17T09:37:57,200.0,10.3,B
2021-06-17T09:37:37,300.0,10.3,B
2021-06-17T09:37:29,200.0,10.3,B
2021-06-17T09:37:25,100.0,10.2,S
2021-06-17T09:37:24,500.0,10.2,S
2021-06-17T09:37:11,44300.0,10.2,S
2021-06-17T09:37:11,4000.0,10.2,B
2021-06-17T09:37:07,100.0,10.2,B
2021-06-17T09:37:01,7500.0,10.1,S
2021-06-17T09:36:41,10000.0,10.2,B
2021-06-17T09:36:30,2000.0,10.2,B
2021-06-17T09:36:27,1000.0,10.2,B
2021-06-17T09:36:08,900.0,10.2,B
2021-06-17T09:36:06,1000.0,10.2,B
2021-06-17T09:35:47,4000.0,10.2,B
2021-06-17T09:35:26,10000.0,10.1,S
2021-06-17T09:35:17,200.0,10.2,B
2021-06-17T09:34:57,5000.0,10.2,B
2021-06-17T09:34:48,500.0,10.2,B
2021-06-17T09:34:36,1000.0,10.2,B
2021-06-17T09:34:32,5000.0,10.1,S
2021-06-17T09:34:12,500.0,10.2,B
2021-06-17T09:33:58,13100.0,10.2,B
2021-06-17T09:33:15,900.0,10.2,B
2021-06-17T09:33:02,1500.0,10.2,B
2021-06-17T09:32:31,5000.0,10.2,B
2021-06-17T09:32:15,100.0,10.2,B
2021-06-17T09:32:05,400.0,10.2,B
2021-06-17T09:32:03,1400.0,10.2,B
2021-06-17T09:32:02,1000.0,10.2,B
2021-06-17T09:32:01,200.0,10.2,B
2021-06-17T09:32:00,100.0,10.2,B
2021-06-17T09:31:55,1000.0,10.2,B
2021-06-17T09:31:51,1300.0,10.2,B
2021-06-17T09:31:42,500.0,10.2,B
2021-06-17T09:31:37,3400.0,10.2,B
2021-06-17T09:31:30,500.0,10.2,B
2021-06-17T09:30:34,13000.0,10.2,B
2021-06-17T09:30:21,2500.0,10.1,S
2021-06-17T09:29:09,200.0,10.1,S
2021-06-17T09:29:04,300.0,10.1,S
2021-06-17T09:29:02,900.0,10.2,B
2021-06-17T09:29:01,7100.0,10.1,S
2021-06-17T09:28:46,34200.0,10.1,S
2021-06-17T09:28:33,1000.0,10.1,S
2021-06-17T09:28:24,200.0,10.1,S
2021-06-17T09:28:03,100.0,10.1,S
2021-06-17T09:27:45,100.0,10.1,S
2021-06-17T09:27:43,1000.0,10.1,S
2021-06-17T09:27:13,20000.0,10.0,S
2021-06-17T09:27:08,11800.0,10.1,B
2021-06-17T09:26:55,5000.0,10.1,B
2021-06-17T09:26:53,100.0,10.1,B
2021-06-17T09:26:41,200.0,10.1,B
2021-06-17T09:26:38,2000.0,10.1,B
2021-06-17T09:26:32,1000.0,10.1,B
2021-06-17T09:26:13,100.0,10.1,B
2021-06-17T09:25:57,5000.0,10.0,S
2021-06-17T09:25:52,900.0,10.1,B
2021-06-17T09:25:51,8000.0,10.1,B
2021-06-17T09:25:46,6500.0,10.0,S
2021-06-17T09:25:46,100.0,10.1,B
2021-06-17T09:25:19,2000.0,10.1,B
2021-06-17T09:25:08,100.0,10.1,B
2021-06-17T09:25:00,1800.0,10.1,B
2021-06-17T09:24:56,1000.0,10.0,S
2021-06-17T09:24:48,200.0,10.1,B
2021-06-17T09:24:45,300.0,10.1,B
2021-06-17T09:24:43,300.0,10.1,B
2021-06-17T09:23:54,3000.0,10.1,B
2021-06-17T09:23:17,2600.0,10.0,S
2021-06-17T09:23:14,900.0,10.1,B
2021-06-17T09:23:13,5000.0,10.1,B
2021-06-17T09:23:03,100.0,10.0,S
2021-06-17T09:22:47,400.0,10.0,S
2021-06-17T09:22:25,2200.0,10.1,B
2021-06-17T09:22:09,7000.0,10.1,B
2021-06-17T09:21:48,1000.0,10.1,B
2021-06-17T09:21:43,600.0,10.0,S
2021-06-17T09:21:39,100.0,10.1,B
2021-06-17T09:21:09,1000.0,10.1,B
2021-06-17T09:21:08,800.0,10.1,B
2021-06-17T09:20:55,10300.0,10.1,S
2021-06-17T09:20:54,500.0,10.1,S
2021-06-17T09:20:43,2000.0,10.1,S
2021-06-17T09:20:36,500.0,10.1,S
2021-06-17T09:20:24,200.0,10.1,S
2021-06-17T09:20:12,500.0,10.1,S
2021-06-17T09:20:08,1000.0,10.1,S
2021-06-17T09:20:06,7400.0,10.1,B
2021-06-17T09:20:06,4400.0,10.1,B
2021-06-17T09:20:04,1000.0,10.0,S
2021-06-17T09:19:21,10000.0,10.1,B
2021-06-17T09:19:02,1000.0,10.1,B
2021-06-17T09:19:02,1000.0,10.1,B
2021-06-17T09:18:57,300.0,10.1,B
2021-06-17T09:17:46,3200.0,10.1,B
2021-06-17T09:17:44,200.0,10.1,B
2021-06-17T09:17:32,2500.0,10.1,B
2021-06-17T09:17:19,5000.0,10.1,B
2021-06-17T09:17:11,1000.0,10.1,B
2021-06-17T09:17:07,10000.0,10.1,B
2021-06-17T09:16:57,10300.0,10.1,B
2021-06-17T09:16:46,1000.0,10.0,S
2021-06-17T09:15:47,1000.0,10.1,B
2021-06-17T09:15:43,1000.0,10.1,B
2021-06-17T09:15:25,4000.0,10.1,B
2021-06-17T09:15:01,1000.0,10.0,S
2021-06-17T09:14:32,5200.0,10.0,S
2021-06-17T09:14:10,800.0,10.0,S
2021-06-17T09:13:39,5200.0,10.0,S
2021-06-17T09:13:36,600.0,10.0,S
2021-06-17T09:13:31,1200.0,10.0,S
2021-06-17T09:13:08,2300.0,10.0,B
2021-06-17T09:13:04,300.0,10.0,B
2021-06-17T09:12:58,1000.0,10.0,B
2021-06-17T09:12:57,100.0,10.0,B
2021-06-17T09:12:51,1000.0,10.0,B
2021-06-17T09:12:40,2000.0,10.0,B
2021-06-17T09:12:40,800.0,10.0,B
2021-06-17T09:12:35,100.0,10.0,B
2021-06-17T09:12:31,5000.0,10.0,B
2021-06-17T09:12:28,2000.0,10.0,B
2021-06-17T09:12:23,10000.0,10.0,B
2021-06-17T09:12:22,10000.0,10.0,B
2021-06-17T09:12:13,500.0,10.0,B
2021-06-17T09:12:08,200.0,10.0,B
2021-06-17T09:12:07,8100.0,10.0,S
2021-06-17T09:12:05,5000.0,10.0,S
2021-06-17T09:12:01,200.0,10.0,S
2021-06-17T09:12:00,20700.0,10.0,S
2021-06-17T09:11:59,100.0,10.0,S
2021-06-17T09:11:54,7000.0,10.0,S
2021-06-17T09:11:53,5000.0,10.0,S
2021-06-17T09:11:45,5000.0,10.0,S
2021-06-17T09:11:45,1000.0,10.0,S
2021-06-17T09:11:41,2000.0,10.0,S
2021-06-17T09:11:34,8000.0,10.0,S
2021-06-17T09:11:31,600.0,10.0,S
2021-06-17T09:11:29,2000.0,10.0,S
2021-06-17T09:11:27,1000.0,10.1,B
2021-06-17T09:11:24,10000.0,10.0,S
2021-06-17T09:11:11,100.0,10.0,S
2021-06-17T09:11:01,100.0,10.1,B
2021-06-17T09:10:55,200.0,10.0,S
2021-06-17T09:10:42,800.0,10.0,S
2021-06-17T09:10:40,300.0,10.0,S
2021-06-17T09:10:36,1000.0,10.0,S
2021-06-17T09:10:16,7000.0,10.0,S
2021-06-17T09:10:12,57700.0,10.0,S
2021-06-17T09:10:06,10000.0,10.0,S
2021-06-17T09:09:56,5000.0,10.0,S
2021-06-17T09:09:39,3000.0,10.0,S
2021-06-17T09:09:32,10000.0,10.1,B
2021-06-17T09:08:51,1000.0,10.1,B
2021-06-17T09:08:46,1400.0,10.1,B
2021-06-17T09:08:40,1000.0,10.1,B
2021-06-17T09:08:09,300.0,10.1,B
2021-06-17T09:07:34.645,2000.0,10.0,S
2021-06-17T09:07:23.144,2000.0,10.1,B
2021-06-17T09:07:16.504,200.0,10.0,S
2021-06-17T09:06:43.565,800.0,10.1,B
2021-06-17T09:06:41.737,5000.0,10.1,B
2021-06-17T09:05:56.002,400.0,10.1,B
2021-06-17T09:05:19.251,40200.0,10.1,B
2021-06-17T09:04:42,1000.0,10.1,B
2021-06-17T09:04:38,1000.0,10.1,B
2021-06-17T09:04:34,200.0,10.1,B
2021-06-17T09:04:34,2100.0,10.1,B
2021-06-17T09:04:30,5000.0,10.4,B
