tradingTime,volume,price,side
2021-06-17T14:30:24,500.0,46.0,B
2021-06-17T14:30:19,1000.0,46.0,B
2021-06-17T14:30:19,500.0,46.0,B
2021-06-17T14:30:19,500.0,46.0,B
2021-06-17T14:30:19,9000.0,46.0,B
2021-06-17T14:30:14,500.0,45.95,S
2021-06-17T14:30:04,100.0,46.0,B
2021-06-17T14:29:42,300.0,46.0,B
2021-06-17T14:29:32,100.0,45.95,S
2021-06-17T14:29:27,400.0,45.9,S
2021-06-17T14:29:27,100.0,45.95,S
2021-06-17T14:29:25,9500.0,45.95,S
2021-06-17T14:29:19,100.0,46.0,B
2021-06-17T14:28:59,1700.0,45.95,S
2021-06-17T14:28:52,200.0,45.95,B
2021-06-17T14:28:48,100.0,45.95,B
2021-06-17T14:28:36,400.0,45.95,B
2021-06-17T14:28:16,1000.0,45.95,B
2021-06-17T14:28:16,1000.0,45.95,B
2021-06-17T14:28:16,10100.0,45.95,B
2021-06-17T14:28:16,100.0,45.95,B
2021-06-17T14:27:37,100.0,45.95,B
2021-06-17T14:27:28,900.0,45.95,B
2021-06-17T14:27:23,400.0,45.95,B
2021-06-17T14:27:03,100.0,45.95,B
2021-06-17T14:27:03,1800.0,45.95,B
2021-06-17T14:26:52,5000.0,45.95,B
2021-06-17T14:26:41,100.0,45.95,B
2021-06-17T14:26:41,100.0,45.95,B
2021-06-17T14:26:38,400.0,45.95,B
2021-06-17T14:26:28,1000.0,45.95,B
2021-06-17T14:26:09,100.0,45.95,S
2021-06-17T14:26:08,100.0,45.95,S
2021-06-17T14:26:04,100.0,45.95,S
2021-06-17T14:26:02,400.0,45.95,S
2021-06-17T14:25:07,200.0,46.0,B
2021-06-17T14:24:39,200.0,45.95,B
2021-06-17T14:24:38,100.0,45.95,B
2021-06-17T14:24:22,5000.0,45.95,B
2021-06-17T14:24:20,200.0,45.9,S
2021-06-17T14:24:09,300.0,45.9,S
2021-06-17T14:24:03,100.0,45.95,B
2021-06-17T14:23:51,300.0,45.9,S
2021-06-17T14:22:50,100.0,45.9,S
2021-06-17T14:22:26,3000.0,45.95,B
2021-06-17T14:22:15,500.0,45.95,B
2021-06-17T14:21:37,100.0,45.95,B
2021-06-17T14:21:24,100.0,45.9,S
2021-06-17T14:21:23,900.0,45.95,B
2021-06-17T14:21:23,3000.0,45.95,B
2021-06-17T14:21:08,1500.0,45.9,S
2021-06-17T14:20:35,1000.0,45.95,B
2021-06-17T14:20:22,800.0,45.9,S
2021-06-17T14:20:14,300.0,45.95,S
2021-06-17T14:19:36,100.0,46.0,B
2021-06-17T14:18:51,1100.0,46.0,B
2021-06-17T14:18:38,100.0,45.95,S
2021-06-17T14:18:10,500.0,46.0,B
2021-06-17T14:17:55,3000.0,46.0,B
2021-06-17T14:17:29,11500.0,46.0,B
2021-06-17T14:17:06,200.0,45.9,S
2021-06-17T14:16:56,400.0,45.9,S
2021-06-17T14:16:37,1000.0,45.95,B
2021-06-17T14:16:31,200.0,45.9,B
2021-06-17T14:16:26,500.0,45.9,B
2021-06-17T14:16:22,1900.0,45.9,B
2021-06-17T14:16:22,600.0,45.9,B
2021-06-17T14:16:22,300.0,45.9,B
2021-06-17T14:16:22,1600.0,45.9,B
2021-06-17T14:16:22,1700.0,45.9,B
2021-06-17T14:16:22,1200.0,45.9,B
2021-06-17T14:16:07,200.0,45.9,B
2021-06-17T14:16:03,2000.0,45.9,B
2021-06-17T14:15:58,500.0,45.85,S
2021-06-17T14:15:56,500.0,45.9,B
2021-06-17T14:15:46,1100.0,45.9,B
2021-06-17T14:15:46,900.0,45.9,B
2021-06-17T14:15:42,500.0,45.9,B
2021-06-17T14:15:40,3000.0,45.9,B
2021-06-17T14:14:58,200.0,45.9,B
2021-06-17T14:14:47,300.0,45.9,B
2021-06-17T14:14:35,3000.0,45.9,B
2021-06-17T14:14:29,500.0,45.9,B
2021-06-17T14:14:15,300.0,45.9,B
2021-06-17T14:14:14,100.0,45.85,S
2021-06-17T14:13:57,1000.0,45.9,B
2021-06-17T14:13:38,100.0,45.9,B
2021-06-17T14:13:08,1000.0,45.9,B
2021-06-17T14:13:05,100.0,45.85,S
2021-06-17T14:12:17,100.0,45.9,B
2021-06-17T14:12:14,100.0,45.9,B
2021-06-17T14:10:40,1000.0,45.9,B
2021-06-17T14:10:28,100.0,45.85,S
2021-06-17T14:10:13,1000.0,45.9,B
2021-06-17T14:08:52,100.0,45.85,S
2021-06-17T14:08:36,1000.0,45.9,B
2021-06-17T14:08:22,1000.0,45.9,B
2021-06-17T14:08:14,1000.0,45.85,S
2021-06-17T14:07:39,500.0,45.85,S
2021-06-17T14:07:37,300.0,45.9,B
2021-06-17T14:07:16,100.0,45.9,B
2021-06-17T14:06:05,100.0,45.9,B
2021-06-17T14:05:46,200.0,45.9,B
2021-06-17T14:05:35,2200.0,45.9,B
2021-06-17T14:05:03,1100.0,45.85,S
2021-06-17T14:04:56,100.0,45.85,S
2021-06-17T14:04:39,700.0,45.85,B
2021-06-17T14:04:16,500.0,45.85,B
2021-06-17T14:03:55,400.0,45.9,B
2021-06-17T14:03:55,600.0,45.9,B
2021-06-17T14:03:55,4600.0,45.9,B
2021-06-17T14:03:42,600.0,45.8,S
2021-06-17T14:03:21,4900.0,45.8,S
2021-06-17T14:03:21,100.0,45.85,S
2021-06-17T14:03:14,1000.0,45.85,S
2021-06-17T14:03:04,100.0,45.85,S
2021-06-17T14:03:02,400.0,45.9,B
2021-06-17T14:02:40,500.0,45.85,S
2021-06-17T14:02:35,300.0,45.85,S
2021-06-17T14:01:58,2000.0,45.85,B
2021-06-17T14:01:13,300.0,45.9,B
2021-06-17T14:00:51,200.0,45.9,B
2021-06-17T14:00:39,100.0,45.9,B
2021-06-17T14:00:12,100.0,45.9,B
2021-06-17T13:59:45,700.0,45.9,S
2021-06-17T13:59:39,100.0,45.95,B
2021-06-17T13:59:33,100.0,45.9,S
2021-06-17T13:59:24,4400.0,45.9,S
2021-06-17T13:59:19,300.0,45.9,S
2021-06-17T13:59:18,100.0,45.95,B
2021-06-17T13:59:14,1500.0,45.9,S
2021-06-17T13:59:09,200.0,45.9,S
2021-06-17T13:58:45,1800.0,45.9,S
2021-06-17T13:58:43,2000.0,45.95,B
2021-06-17T13:58:36,200.0,45.9,S
2021-06-17T13:58:33,3000.0,45.95,B
2021-06-17T13:58:31,100.0,45.9,S
2021-06-17T13:56:28,500.0,45.95,B
2021-06-17T13:56:26,200.0,45.9,S
2021-06-17T13:56:11,800.0,45.9,B
2021-06-17T13:55:52,500.0,45.85,B
2021-06-17T13:55:15,200.0,45.8,B
2021-06-17T13:55:13,500.0,45.8,B
2021-06-17T13:55:07,100.0,45.8,B
2021-06-17T13:54:57,4000.0,45.8,B
2021-06-17T13:53:58,1000.0,45.8,B
2021-06-17T13:53:52,1000.0,45.8,B
2021-06-17T13:53:18,2200.0,45.8,B
2021-06-17T13:53:16,200.0,45.8,B
2021-06-17T13:53:13,1000.0,45.8,B
2021-06-17T13:52:52,100.0,45.8,B
2021-06-17T13:52:39,300.0,45.8,B
2021-06-17T13:52:38,1000.0,45.8,B
2021-06-17T13:52:32,1000.0,45.8,B
2021-06-17T13:52:15,5100.0,45.8,B
2021-06-17T13:51:53,20000.0,45.8,B
2021-06-17T13:51:12,200.0,45.8,B
2021-06-17T13:51:12,800.0,45.8,B
2021-06-17T13:51:06,100.0,45.8,B
2021-06-17T13:50:37,1000.0,45.8,B
2021-06-17T13:50:17,11300.0,45.75,S
2021-06-17T13:50:17,200.0,45.75,S
2021-06-17T13:50:17,2800.0,45.75,S
2021-06-17T13:50:17,1200.0,45.75,S
2021-06-17T13:50:17,700.0,45.75,S
2021-06-17T13:50:17,300.0,45.75,S
2021-06-17T13:50:17,300.0,45.75,S
2021-06-17T13:50:17,800.0,45.75,S
2021-06-17T13:49:43,100.0,45.8,B
2021-06-17T13:49:05,1000.0,45.8,B
2021-06-17T13:48:49,41100.0,45.8,S
2021-06-17T13:48:43,400.0,45.9,B
2021-06-17T13:48:43,16500.0,45.9,B
2021-06-17T13:48:43,16000.0,45.9,B
2021-06-17T13:48:32,1500.0,45.85,B
2021-06-17T13:48:28,100.0,45.85,B
2021-06-17T13:48:08,100.0,45.85,B
2021-06-17T13:48:03,100.0,45.85,B
2021-06-17T13:47:52,100.0,45.85,B
2021-06-17T13:47:48,100.0,45.8,S
2021-06-17T13:47:41,100.0,45.85,B
2021-06-17T13:47:30,200.0,45.85,B
2021-06-17T13:46:54,200.0,45.85,B
2021-06-17T13:46:33,2000.0,45.8,S
2021-06-17T13:46:28,200.0,45.85,B
2021-06-17T13:45:52,3400.0,45.8,B
2021-06-17T13:45:47,1500.0,45.8,B
2021-06-17T13:45:43,5000.0,45.8,B
2021-06-17T13:45:41,100.0,45.8,B
2021-06-17T13:45:34,100.0,45.8,B
2021-06-17T13:45:21,100.0,45.8,B
2021-06-17T13:45:17,1000.0,45.8,B
2021-06-17T13:44:58,600.0,45.8,B
2021-06-17T13:44:46,3700.0,45.8,S
2021-06-17T13:44:46,500.0,45.8,S
2021-06-17T13:44:46,10200.0,45.8,S
2021-06-17T13:44:46,200.0,45.8,S
2021-06-17T13:43:07,500.0,45.8,S
2021-06-17T13:42:57,100.0,45.85,B
2021-06-17T13:42:53,300.0,45.85,B
2021-06-17T13:42:23,1200.0,45.8,B
2021-06-17T13:42:22,100.0,45.8,B
2021-06-17T13:42:18,1000.0,45.8,B
2021-06-17T13:42:08,500.0,45.8,B
2021-06-17T13:41:59,5000.0,45.8,B
2021-06-17T13:41:41,100.0,45.8,S
2021-06-17T13:41:40,3200.0,45.8,S
2021-06-17T13:41:37,1000.0,45.8,S
2021-06-17T13:40:24,1300.0,45.8,S
2021-06-17T13:40:24,400.0,45.8,S
2021-06-17T13:40:24,6000.0,45.8,S
2021-06-17T13:40:24,1600.0,45.8,S
2021-06-17T13:40:24,4300.0,45.8,S
2021-06-17T13:40:24,200.0,45.8,S
2021-06-17T13:40:24,600.0,45.8,S
2021-06-17T13:40:24,1300.0,45.8,S
2021-06-17T13:40:24,900.0,45.8,S
2021-06-17T13:40:24,8400.0,45.85,S
2021-06-17T13:39:52,1800.0,45.85,B
2021-06-17T13:39:49,100.0,45.85,B
2021-06-17T13:38:58,500.0,45.85,B
2021-06-17T13:38:32,300.0,45.85,B
2021-06-17T13:38:01,500.0,45.85,B
2021-06-17T13:37:33,400.0,45.85,B
2021-06-17T13:37:16,300.0,45.8,S
2021-06-17T13:37:11,500.0,45.85,B
2021-06-17T13:37:11,1000.0,45.85,B
2021-06-17T13:37:10,3500.0,45.85,B
2021-06-17T13:37:04,300.0,45.8,S
2021-06-17T13:36:59,100.0,45.85,B
2021-06-17T13:36:20,300.0,45.85,B
2021-06-17T13:36:19,3300.0,45.85,B
2021-06-17T13:36:13,2000.0,45.85,B
2021-06-17T13:36:07,4700.0,45.85,B
2021-06-17T13:35:35,100.0,45.85,B
2021-06-17T13:34:59,800.0,45.85,S
2021-06-17T13:34:58,5900.0,45.85,S
2021-06-17T13:34:55,200.0,45.85,S
2021-06-17T13:33:58,500.0,45.85,S
2021-06-17T13:33:23,12400.0,45.85,S
2021-06-17T13:33:23,100.0,45.9,B
2021-06-17T13:32:48,800.0,45.9,B
2021-06-17T13:32:13,200.0,45.9,S
2021-06-17T13:32:04,1000.0,45.85,S
2021-06-17T13:31:53,700.0,45.85,S
2021-06-17T13:31:53,200.0,45.9,S
2021-06-17T13:31:53,2100.0,45.9,S
2021-06-17T13:31:53,2000.0,45.9,S
2021-06-17T13:31:48,500.0,45.9,S
2021-06-17T13:31:37,1000.0,45.9,S
2021-06-17T13:31:13,500.0,45.9,S
2021-06-17T13:31:06,1000.0,45.9,S
2021-06-17T13:31:06,5900.0,45.9,S
2021-06-17T13:30:45,2000.0,45.9,S
2021-06-17T13:30:41,200.0,45.9,S
2021-06-17T13:30:29,500.0,45.9,S
2021-06-17T13:30:17,3200.0,45.9,S
2021-06-17T13:30:17,1000.0,45.9,S
2021-06-17T13:30:17,2500.0,45.9,S
2021-06-17T13:30:11,5000.0,45.9,S
2021-06-17T13:30:05,100.0,45.95,B
2021-06-17T13:30:02,1000.0,45.9,S
2021-06-17T13:29:50,3000.0,45.9,S
2021-06-17T13:29:26,100.0,45.95,B
2021-06-17T13:29:16,900.0,45.95,S
2021-06-17T13:29:16,500.0,45.95,S
2021-06-17T13:29:16,11100.0,45.95,S
2021-06-17T13:29:09,42000.0,45.95,S
2021-06-17T13:28:58,200.0,45.95,S
2021-06-17T13:28:57,5000.0,45.95,S
2021-06-17T13:28:51,4000.0,45.95,S
2021-06-17T13:28:51,1000.0,45.95,S
2021-06-17T13:28:51,100.0,45.95,S
2021-06-17T13:28:40,100.0,46.0,B
2021-06-17T13:28:31,100.0,46.0,B
2021-06-17T13:28:27,500.0,45.95,S
2021-06-17T13:28:25,1500.0,45.95,S
2021-06-17T13:28:22,1000.0,46.0,B
2021-06-17T13:28:16,100.0,46.0,B
2021-06-17T13:27:56,100.0,46.0,S
2021-06-17T13:27:53,2800.0,46.0,S
2021-06-17T13:27:52,500.0,46.0,S
2021-06-17T13:27:51,200.0,46.0,S
2021-06-17T13:27:50,1000.0,46.0,S
2021-06-17T13:27:40,300.0,46.0,S
2021-06-17T13:27:39,300.0,46.0,S
2021-06-17T13:27:35,2100.0,46.0,S
2021-06-17T13:27:29,2000.0,46.0,S
2021-06-17T13:27:25,1000.0,46.1,B
2021-06-17T13:27:24,100.0,46.1,B
2021-06-17T13:27:18,100.0,46.0,S
2021-06-17T13:27:08,500.0,46.1,B
2021-06-17T13:27:02,200.0,46.1,B
2021-06-17T13:26:52,800.0,46.1,B
2021-06-17T13:26:00,400.0,46.1,S
2021-06-17T13:25:59,400.0,46.1,S
2021-06-17T13:25:57,100.0,46.1,S
2021-06-17T13:25:52,700.0,46.1,S
2021-06-17T13:25:49,1000.0,46.1,S
2021-06-17T13:25:49,1000.0,46.1,S
2021-06-17T13:25:44,100.0,46.1,S
2021-06-17T13:25:42,300.0,46.1,S
2021-06-17T13:25:40,400.0,46.1,S
2021-06-17T13:25:40,3000.0,46.1,S
2021-06-17T13:25:37,100.0,46.1,S
2021-06-17T13:25:24,1000.0,46.1,S
2021-06-17T13:25:23,4000.0,46.1,B
2021-06-17T13:25:21,100.0,46.1,B
2021-06-17T13:25:00,400.0,46.1,B
2021-06-17T13:24:59,500.0,46.1,B
2021-06-17T13:24:57,300.0,46.1,B
2021-06-17T13:24:57,7000.0,46.1,B
2021-06-17T13:24:57,1000.0,46.1,B
2021-06-17T13:24:57,1500.0,46.1,B
2021-06-17T13:24:57,2000.0,46.1,B
2021-06-17T13:24:57,300.0,46.1,B
2021-06-17T13:24:57,2600.0,46.1,B
2021-06-17T13:24:57,4400.0,46.1,B
2021-06-17T13:24:57,2600.0,46.1,B
2021-06-17T13:24:57,5400.0,46.1,B
2021-06-17T13:24:57,9400.0,46.0,B
2021-06-17T13:24:54,100.0,45.95,S
2021-06-17T13:24:49,11000.0,45.95,S
2021-06-17T13:24:49,5000.0,46.0,B
2021-06-17T13:24:35,500.0,46.0,B
2021-06-17T13:24:31,1500.0,46.0,B
2021-06-17T13:24:30,1000.0,46.0,B
2021-06-17T13:24:09,300.0,46.0,B
2021-06-17T13:24:06,200.0,46.0,B
2021-06-17T13:24:03,3000.0,46.0,B
2021-06-17T13:23:47,900.0,46.0,B
2021-06-17T13:23:21,1000.0,46.0,B
2021-06-17T13:23:16,3000.0,46.0,B
2021-06-17T13:23:12,2800.0,46.1,B
2021-06-17T13:23:12,500.0,46.1,B
2021-06-17T13:23:12,5200.0,46.1,B
2021-06-17T13:23:12,300.0,46.1,B
2021-06-17T13:23:12,5400.0,46.1,B
2021-06-17T13:23:12,1000.0,46.1,B
2021-06-17T13:23:12,4800.0,46.1,B
2021-06-17T13:23:06,100.0,46.0,B
2021-06-17T13:23:00,33000.0,46.0,B
2021-06-17T13:22:56,500.0,46.0,B
2021-06-17T13:22:52,11400.0,46.0,B
2021-06-17T13:22:49,1800.0,46.0,B
2021-06-17T13:22:45,600.0,46.1,B
2021-06-17T13:22:45,900.0,46.1,B
2021-06-17T13:22:45,1500.0,46.1,B
2021-06-17T13:22:45,1200.0,46.1,B
2021-06-17T13:22:45,10300.0,46.1,B
2021-06-17T13:22:45,300.0,46.1,B
2021-06-17T13:22:28,300.0,46.0,B
2021-06-17T13:22:28,6000.0,46.0,B
2021-06-17T13:22:28,10200.0,46.0,B
2021-06-17T13:22:28,1200.0,46.0,B
2021-06-17T13:22:28,15200.0,46.0,B
2021-06-17T13:22:28,1200.0,46.0,B
2021-06-17T13:22:15,600.0,46.0,B
2021-06-17T13:21:23,600.0,46.1,B
2021-06-17T13:21:22,1400.0,46.1,B
2021-06-17T13:21:17,100.0,46.1,B
2021-06-17T13:21:14,200.0,46.1,B
2021-06-17T13:21:05,600.0,46.0,B
2021-06-17T13:21:05,1500.0,46.0,B
2021-06-17T13:21:00,500.0,46.1,B
2021-06-17T13:20:11,3800.0,46.1,B
2021-06-17T13:20:11,6200.0,46.05,B
2021-06-17T13:20:00,300.0,46.0,B
2021-06-17T13:19:59,30200.0,46.0,B
2021-06-17T13:19:57,200.0,46.0,B
2021-06-17T13:19:52,100.0,46.0,B
2021-06-17T13:19:48,2000.0,46.0,B
2021-06-17T13:19:38,5000.0,46.0,B
2021-06-17T13:19:30,500.0,46.0,B
2021-06-17T13:19:29,1000.0,46.0,B
2021-06-17T13:19:28,200.0,46.0,B
2021-06-17T13:19:24,200.0,46.0,B
2021-06-17T13:19:24,500.0,46.0,B
2021-06-17T13:19:18,1000.0,46.0,B
2021-06-17T13:19:17,19900.0,46.0,B
2021-06-17T13:19:15,1500.0,46.0,B
2021-06-17T13:19:12,5000.0,46.0,B
2021-06-17T13:19:08,100.0,46.0,B
2021-06-17T13:19:08,500.0,46.0,B
2021-06-17T13:19:01,5000.0,46.0,B
2021-06-17T13:18:57,100.0,46.0,B
2021-06-17T13:18:56,15000.0,46.0,B
2021-06-17T13:18:55,100.0,46.0,B
2021-06-17T13:18:54,2000.0,46.0,B
2021-06-17T13:18:16,1500.0,46.0,B
2021-06-17T13:18:11,100.0,46.0,B
2021-06-17T13:18:08,900.0,46.0,B
2021-06-17T13:18:02,700.0,45.95,S
2021-06-17T13:17:56,100.0,46.0,B
2021-06-17T13:17:46,300.0,46.0,B
2021-06-17T13:17:43,12000.0,46.0,B
2021-06-17T13:17:35,10000.0,46.0,B
2021-06-17T13:17:32,200.0,46.0,B
2021-06-17T13:17:27,100.0,46.0,B
2021-06-17T13:17:26,1200.0,45.95,S
2021-06-17T13:17:24,500.0,46.0,B
2021-06-17T13:16:45,200.0,46.0,B
2021-06-17T13:16:44,500.0,46.0,B
2021-06-17T13:16:34,100.0,46.0,B
2021-06-17T13:16:21,100.0,46.0,B
2021-06-17T13:16:01,4400.0,45.95,S
2021-06-17T13:15:58,12700.0,46.0,B
2021-06-17T13:14:57,3300.0,46.0,S
2021-06-17T13:14:34,200.0,46.0,S
2021-06-17T13:14:03,500.0,46.0,S
2021-06-17T13:13:50,100.0,46.0,S
2021-06-17T13:13:50,5000.0,46.0,S
2021-06-17T13:13:49,6700.0,46.0,S
2021-06-17T13:13:44,500.0,46.0,S
2021-06-17T13:13:37,700.0,46.0,S
2021-06-17T13:13:28,100.0,46.0,S
2021-06-17T13:13:24,1000.0,46.0,S
2021-06-17T13:13:15,100.0,46.0,B
2021-06-17T13:13:15,400.0,46.0,B
2021-06-17T13:12:47,500.0,46.0,B
2021-06-17T13:12:40,6100.0,46.0,B
2021-06-17T13:12:40,100.0,46.0,B
2021-06-17T13:12:40,3500.0,46.0,B
2021-06-17T13:12:40,1100.0,46.0,B
2021-06-17T13:12:40,600.0,46.0,B
2021-06-17T13:12:40,12000.0,46.0,B
2021-06-17T13:12:40,9500.0,46.0,B
2021-06-17T13:12:40,6400.0,46.0,B
2021-06-17T13:12:40,500.0,46.0,B
2021-06-17T13:12:40,10200.0,46.0,B
2021-06-17T13:12:40,10700.0,46.0,B
2021-06-17T13:12:40,1600.0,46.0,B
2021-06-17T13:12:40,14800.0,46.0,B
2021-06-17T13:12:33,1000.0,45.95,S
2021-06-17T13:12:21,300.0,46.0,B
2021-06-17T13:12:14,1000.0,46.0,B
2021-06-17T13:12:11,500.0,46.0,B
2021-06-17T13:12:08,3000.0,45.95,S
2021-06-17T13:12:06,8000.0,46.0,B
2021-06-17T13:11:59,900.0,46.0,B
2021-06-17T13:11:56,1000.0,46.0,B
2021-06-17T13:11:49,400.0,46.0,B
2021-06-17T13:11:40,100.0,46.0,B
2021-06-17T13:11:17,1000.0,46.0,B
2021-06-17T13:11:17,100.0,46.0,B
2021-06-17T13:10:52,5200.0,46.0,B
2021-06-17T13:10:38,1500.0,45.95,B
2021-06-17T13:10:34,10000.0,45.95,B
2021-06-17T13:10:34,10000.0,45.95,B
2021-06-17T13:10:21,100.0,45.95,B
2021-06-17T13:10:19,500.0,45.95,B
2021-06-17T13:10:16,1000.0,45.95,B
2021-06-17T13:09:50,1000.0,45.95,B
2021-06-17T13:09:31,500.0,45.95,B
2021-06-17T13:09:31,600.0,45.95,B
2021-06-17T13:09:13,7000.0,45.95,B
2021-06-17T13:09:05,200.0,45.95,B
2021-06-17T13:09:04,100.0,45.95,B
2021-06-17T13:08:54,3600.0,45.95,B
2021-06-17T13:08:54,700.0,45.95,B
2021-06-17T13:08:26,300.0,45.95,B
2021-06-17T13:08:12,100.0,45.95,B
2021-06-17T13:08:02,100.0,45.95,B
2021-06-17T13:08:01,200.0,45.95,B
2021-06-17T13:06:57,9100.0,45.9,B
2021-06-17T13:06:56,100.0,45.9,B
2021-06-17T13:06:44,1000.0,45.9,B
2021-06-17T13:06:25,200.0,45.9,B
2021-06-17T13:06:18,500.0,45.9,B
2021-06-17T13:06:07,3000.0,45.9,B
2021-06-17T13:06:03,1000.0,45.9,B
2021-06-17T13:05:57,5000.0,45.9,B
2021-06-17T13:05:56,100.0,45.9,B
2021-06-17T13:05:54,300.0,45.9,B
2021-06-17T13:05:41,1600.0,45.9,B
2021-06-17T13:05:41,100.0,45.9,B
2021-06-17T13:05:16,1600.0,45.85,B
2021-06-17T13:05:07,10000.0,45.85,B
2021-06-17T13:04:54,5000.0,45.85,B
2021-06-17T13:04:44,3000.0,45.85,B
2021-06-17T13:04:40,300.0,45.85,B
2021-06-17T13:04:31,3000.0,45.85,B
2021-06-17T13:04:19,900.0,45.85,B
2021-06-17T13:04:04,500.0,45.8,S
2021-06-17T13:04:03,100.0,45.85,B
2021-06-17T13:04:03,200.0,45.85,B
2021-06-17T13:04:03,300.0,45.85,B
2021-06-17T13:03:54,1000.0,45.8,S
2021-06-17T13:03:39,7100.0,45.8,B
2021-06-17T13:03:19,600.0,45.8,B
2021-06-17T13:03:19,9400.0,45.8,B
2021-06-17T13:03:08,7100.0,45.8,B
2021-06-17T13:03:07,1900.0,45.8,B
2021-06-17T13:02:54,2000.0,45.8,B
2021-06-17T13:02:42,500.0,45.8,B
2021-06-17T13:01:44,2000.0,45.8,B
2021-06-17T13:01:19,300.0,45.75,S
2021-06-17T13:01:16,300.0,45.75,S
2021-06-17T13:01:13,1000.0,45.75,S
2021-06-17T13:01:03,300.0,45.75,S
2021-06-17T13:01:02,100.0,45.8,B
2021-06-17T13:00:54,100.0,45.8,B
2021-06-17T13:00:39,200.0,45.8,B
2021-06-17T13:00:38,1400.0,45.8,B
2021-06-17T13:00:36,300.0,45.8,B
2021-06-17T13:00:35,600.0,45.8,B
2021-06-17T13:00:32,500.0,45.8,B
2021-06-17T13:00:29,100.0,45.8,B
2021-06-17T13:00:29,1000.0,45.8,B
2021-06-17T13:00:28,500.0,45.8,B
2021-06-17T13:00:25,100.0,45.75,S
2021-06-17T13:00:25,100.0,45.8,B
2021-06-17T11:29:38,100.0,45.75,S
2021-06-17T11:28:40,1000.0,45.75,S
2021-06-17T11:28:16,500.0,45.8,B
2021-06-17T11:27:25,500.0,45.8,B
2021-06-17T11:26:45,300.0,45.75,S
2021-06-17T11:26:37,100.0,45.8,B
2021-06-17T11:26:11,1600.0,45.8,B
2021-06-17T11:25:54,400.0,45.75,S
2021-06-17T11:25:41,300.0,45.75,S
2021-06-17T11:25:38,200.0,45.8,B
2021-06-17T11:25:29,1000.0,45.75,S
2021-06-17T11:24:55,100.0,45.8,B
2021-06-17T11:24:55,200.0,45.8,B
2021-06-17T11:24:33,400.0,45.8,B
2021-06-17T11:24:26,500.0,45.8,B
2021-06-17T11:24:14,800.0,45.8,B
2021-06-17T11:24:14,200.0,45.8,B
2021-06-17T11:23:55,1600.0,45.8,B
2021-06-17T11:23:55,1400.0,45.8,B
2021-06-17T11:23:17,3500.0,45.75,B
2021-06-17T11:22:37,6000.0,45.75,B
2021-06-17T11:22:02,600.0,45.75,S
2021-06-17T11:21:39,100.0,45.8,B
2021-06-17T11:21:28,400.0,45.75,B
2021-06-17T11:20:48,500.0,45.75,B
2021-06-17T11:19:54,500.0,45.75,B
2021-06-17T11:19:19,200.0,45.75,B
2021-06-17T11:19:18,500.0,45.75,B
2021-06-17T11:19:03,800.0,45.7,S
2021-06-17T11:18:49,300.0,45.75,B
2021-06-17T11:17:49,500.0,45.7,S
2021-06-17T11:17:44,200.0,45.7,S
2021-06-17T11:17:29,100.0,45.7,S
2021-06-17T11:17:18,1000.0,45.7,S
2021-06-17T11:17:11,2300.0,45.8,B
2021-06-17T11:16:50,9300.0,45.7,S
2021-06-17T11:16:50,20700.0,45.7,S
2021-06-17T11:16:11,300.0,45.75,S
2021-06-17T11:15:48,300.0,45.8,B
2021-06-17T11:15:26,5000.0,45.75,S
2021-06-17T11:15:26,5000.0,45.75,S
2021-06-17T11:15:24,200.0,45.8,B
2021-06-17T11:15:21,1000.0,45.8,B
2021-06-17T11:14:22,1800.0,45.8,B
2021-06-17T11:14:04,200.0,45.75,S
2021-06-17T11:14:03,200.0,45.8,B
2021-06-17T11:13:55,2000.0,45.75,S
2021-06-17T11:13:44,500.0,45.75,S
2021-06-17T11:13:38,1100.0,45.75,S
2021-06-17T11:13:38,600.0,45.75,S
2021-06-17T11:13:36,1100.0,45.8,B
2021-06-17T11:13:29,500.0,45.75,S
2021-06-17T11:13:26,100.0,45.8,B
2021-06-17T11:12:24,300.0,45.8,B
2021-06-17T11:12:09,1000.0,45.8,B
2021-06-17T11:11:47,3400.0,45.8,S
2021-06-17T11:11:22,500.0,45.8,S
2021-06-17T11:10:55,200.0,45.8,S
2021-06-17T11:10:28,500.0,45.8,S
2021-06-17T11:10:15,3000.0,45.8,S
2021-06-17T11:10:07,1500.0,45.8,S
2021-06-17T11:09:54,500.0,45.8,S
2021-06-17T11:09:15,100.0,45.8,S
2021-06-17T11:09:10,500.0,45.8,S
2021-06-17T11:09:02,500.0,45.8,S
2021-06-17T11:08:53,100.0,45.8,S
2021-06-17T11:08:41,600.0,45.8,S
2021-06-17T11:08:26,500.0,45.8,S
2021-06-17T11:08:11,100.0,45.8,S
2021-06-17T11:07:48,100.0,45.8,S
2021-06-17T11:07:42,500.0,45.8,S
2021-06-17T11:07:41,1000.0,45.8,S
2021-06-17T11:07:31,2800.0,45.8,B
2021-06-17T11:07:27,2700.0,45.8,B
2021-06-17T11:07:14,100.0,45.75,S
2021-06-17T11:07:14,100.0,45.75,S
2021-06-17T11:07:09,800.0,45.75,S
2021-06-17T11:07:06,100.0,45.8,B
2021-06-17T11:06:59,300.0,45.75,S
2021-06-17T11:06:44,4200.0,45.75,S
2021-06-17T11:06:36,2400.0,45.75,S
2021-06-17T11:06:19,400.0,45.8,B
2021-06-17T11:06:19,2600.0,45.8,B
2021-06-17T11:06:07,1000.0,45.8,B
2021-06-17T11:06:07,6400.0,45.8,B
2021-06-17T11:06:03,10000.0,45.8,B
2021-06-17T11:05:58,100.0,45.8,B
2021-06-17T11:05:50,1100.0,45.8,B
2021-06-17T11:05:41,2000.0,45.75,S
2021-06-17T11:05:18,200.0,45.8,B
2021-06-17T11:05:16,200.0,45.75,S
2021-06-17T11:04:08,1000.0,45.8,S
2021-06-17T11:04:08,1000.0,45.8,S
2021-06-17T11:04:08,5300.0,45.8,S
2021-06-17T11:03:48,3400.0,45.8,S
2021-06-17T11:03:48,500.0,45.8,S
2021-06-17T11:03:48,200.0,45.8,S
2021-06-17T11:03:38,100.0,45.8,S
2021-06-17T11:03:24,800.0,45.85,B
2021-06-17T11:03:13,200.0,45.8,S
2021-06-17T11:03:03,600.0,45.8,S
2021-06-17T11:03:03,100.0,45.8,S
2021-06-17T11:03:03,3100.0,45.8,S
2021-06-17T11:02:47,3000.0,45.8,S
2021-06-17T11:02:39,1000.0,45.8,S
2021-06-17T11:02:32,800.0,45.8,S
2021-06-17T11:02:12,500.0,45.85,B
2021-06-17T11:02:11,1000.0,45.85,B
2021-06-17T11:02:09,300.0,45.85,B
2021-06-17T11:01:57,2700.0,45.8,S
2021-06-17T11:01:43,5000.0,45.85,B
2021-06-17T11:01:42,300.0,45.8,S
2021-06-17T11:01:23,300.0,45.8,S
2021-06-17T11:00:40,200.0,45.8,S
2021-06-17T11:00:28,600.0,45.8,S
2021-06-17T11:00:25,2000.0,45.85,B
2021-06-17T11:00:14,800.0,45.85,B
2021-06-17T11:00:04,1000.0,45.8,S
2021-06-17T11:00:02,400.0,45.85,B
2021-06-17T10:59:49,1200.0,45.85,B
2021-06-17T10:59:49,1800.0,45.85,B
2021-06-17T10:59:24,100.0,45.85,B
2021-06-17T10:59:14,200.0,45.85,B
2021-06-17T10:59:00,200.0,45.85,B
2021-06-17T10:58:56,1000.0,45.85,B
2021-06-17T10:58:56,600.0,45.8,S
2021-06-17T10:58:48,3000.0,45.85,B
2021-06-17T10:58:39,200.0,45.85,B
2021-06-17T10:57:58,200.0,45.85,S
2021-06-17T10:57:51,500.0,45.8,S
2021-06-17T10:57:43,600.0,45.8,S
2021-06-17T10:57:29,2000.0,45.8,S
2021-06-17T10:57:09,1000.0,45.8,S
2021-06-17T10:57:06,1300.0,45.85,B
2021-06-17T10:56:26,3100.0,45.8,S
2021-06-17T10:56:06,200.0,45.9,B
2021-06-17T10:56:03,1100.0,45.85,S
2021-06-17T10:55:57,1500.0,45.85,S
2021-06-17T10:55:51,1200.0,45.85,S
2021-06-17T10:55:50,100.0,45.85,S
2021-06-17T10:55:36,200.0,45.85,S
2021-06-17T10:55:18,1000.0,45.85,S
2021-06-17T10:55:14,8800.0,45.85,S
2021-06-17T10:55:09,100.0,45.9,B
2021-06-17T10:54:46,100.0,45.9,B
2021-06-17T10:54:42,100.0,45.85,S
2021-06-17T10:54:33,100.0,45.9,B
2021-06-17T10:54:20,1000.0,45.9,B
2021-06-17T10:54:19,1500.0,45.85,S
2021-06-17T10:53:14,2400.0,45.9,B
2021-06-17T10:53:04,2500.0,45.85,S
2021-06-17T10:53:01,800.0,45.9,B
2021-06-17T10:53:01,400.0,45.9,B
2021-06-17T10:52:50,1200.0,45.9,B
2021-06-17T10:52:36,1200.0,45.9,B
2021-06-17T10:52:05,5000.0,45.9,S
2021-06-17T10:52:03,1000.0,45.9,S
2021-06-17T10:52:03,4000.0,45.9,S
2021-06-17T10:51:59,1000.0,45.9,S
2021-06-17T10:51:59,1200.0,45.9,S
2021-06-17T10:51:58,13800.0,45.9,S
2021-06-17T10:51:47,300.0,45.9,S
2021-06-17T10:51:28,1000.0,45.9,S
2021-06-17T10:51:17,400.0,45.9,S
2021-06-17T10:51:10,2000.0,45.95,B
2021-06-17T10:51:09,4000.0,45.9,S
2021-06-17T10:51:04,1000.0,45.9,S
2021-06-17T10:51:04,600.0,45.9,S
2021-06-17T10:51:04,400.0,45.9,S
2021-06-17T10:51:04,800.0,45.9,S
2021-06-17T10:50:59,500.0,45.9,S
2021-06-17T10:50:57,2600.0,45.9,S
2021-06-17T10:50:27,1500.0,45.9,S
2021-06-17T10:50:21,4300.0,45.9,S
2021-06-17T10:50:20,700.0,45.9,S
2021-06-17T10:50:17,1300.0,45.9,S
2021-06-17T10:50:13,1000.0,45.95,B
2021-06-17T10:49:57,10000.0,45.95,B
2021-06-17T10:49:44,100.0,45.9,S
2021-06-17T10:49:40,100.0,45.95,B
2021-06-17T10:49:36,500.0,45.95,B
2021-06-17T10:49:20,100.0,45.95,S
2021-06-17T10:49:20,500.0,45.95,S
2021-06-17T10:49:20,600.0,45.95,S
2021-06-17T10:49:20,4000.0,45.95,S
2021-06-17T10:49:20,1500.0,45.95,S
2021-06-17T10:49:20,6600.0,45.95,S
2021-06-17T10:49:06,200.0,45.95,S
2021-06-17T10:48:52,1500.0,45.95,S
2021-06-17T10:48:18,500.0,45.95,S
2021-06-17T10:48:04,1500.0,45.95,S
2021-06-17T10:48:04,100.0,45.95,S
2021-06-17T10:48:03,1000.0,45.95,S
2021-06-17T10:48:01,2000.0,45.95,S
2021-06-17T10:47:55,5000.0,46.0,B
2021-06-17T10:47:54,1000.0,45.95,S
2021-06-17T10:47:51,900.0,45.95,S
2021-06-17T10:47:42,1800.0,45.95,S
2021-06-17T10:47:04,100.0,45.95,S
2021-06-17T10:47:04,2000.0,45.95,S
2021-06-17T10:47:02,300.0,45.95,S
2021-06-17T10:47:01,100.0,45.95,S
2021-06-17T10:46:49,200.0,45.95,S
2021-06-17T10:46:46,2000.0,45.95,S
2021-06-17T10:46:44,1000.0,45.95,S
2021-06-17T10:46:31,800.0,45.95,S
2021-06-17T10:46:28,1000.0,45.95,S
2021-06-17T10:46:18,500.0,45.95,S
2021-06-17T10:45:33,1000.0,45.95,S
2021-06-17T10:45:30,1100.0,45.95,S
2021-06-17T10:45:11,100.0,46.0,B
2021-06-17T10:45:00,300.0,46.0,B
2021-06-17T10:44:32,100.0,46.0,B
2021-06-17T10:44:25,500.0,46.0,B
2021-06-17T10:44:25,1000.0,46.0,B
2021-06-17T10:44:22,100.0,46.0,B
2021-06-17T10:44:09,500.0,46.0,B
2021-06-17T10:43:25,100.0,46.0,B
2021-06-17T10:43:23,1000.0,45.95,S
2021-06-17T10:43:02,500.0,46.0,B
2021-06-17T10:42:47,1500.0,46.0,S
2021-06-17T10:42:47,200.0,46.0,S
2021-06-17T10:42:44,3100.0,46.0,S
2021-06-17T10:42:43,100.0,46.0,S
2021-06-17T10:42:40,100.0,46.0,S
2021-06-17T10:42:34,2900.0,46.0,S
2021-06-17T10:42:34,200.0,46.0,S
2021-06-17T10:42:34,100.0,46.0,S
2021-06-17T10:42:34,400.0,46.0,S
2021-06-17T10:42:34,12300.0,46.0,S
2021-06-17T10:42:34,100.0,46.0,S
2021-06-17T10:42:33,8200.0,46.0,S
2021-06-17T10:42:30,200.0,46.0,S
2021-06-17T10:42:30,1500.0,46.0,S
2021-06-17T10:42:30,8500.0,46.0,S
2021-06-17T10:42:23,100.0,46.05,B
2021-06-17T10:42:22,100.0,46.0,S
2021-06-17T10:42:15,500.0,46.0,S
2021-06-17T10:42:15,1000.0,46.0,S
2021-06-17T10:42:13,2000.0,46.0,S
2021-06-17T10:42:02,2000.0,46.0,S
2021-06-17T10:42:01,100.0,46.0,S
2021-06-17T10:41:56,500.0,46.05,B
2021-06-17T10:41:33,300.0,46.05,B
2021-06-17T10:41:31,1000.0,46.0,S
2021-06-17T10:41:23,100.0,46.0,S
2021-06-17T10:41:19,600.0,46.0,S
2021-06-17T10:41:00,500.0,46.0,S
2021-06-17T10:40:56,600.0,46.0,S
2021-06-17T10:40:50,1000.0,46.0,S
2021-06-17T10:40:33,100.0,46.0,S
2021-06-17T10:40:32,900.0,46.05,S
2021-06-17T10:40:29,1000.0,46.05,S
2021-06-17T10:40:24,100.0,46.0,S
2021-06-17T10:40:10,27000.0,46.05,S
2021-06-17T10:40:10,800.0,46.05,S
2021-06-17T10:40:08,400.0,46.05,S
2021-06-17T10:40:03,1000.0,46.05,S
2021-06-17T10:39:59,3700.0,46.05,S
2021-06-17T10:39:57,1500.0,46.1,B
2021-06-17T10:39:48,7000.0,46.05,S
2021-06-17T10:39:46,100.0,46.05,S
2021-06-17T10:39:41,1000.0,46.05,S
2021-06-17T10:39:36,100.0,46.05,S
2021-06-17T10:39:16,2000.0,46.05,S
2021-06-17T10:38:54,2000.0,46.1,B
2021-06-17T10:38:39,500.0,46.1,B
2021-06-17T10:38:30,700.0,46.1,B
2021-06-17T10:38:27,500.0,46.05,S
2021-06-17T10:37:53,1300.0,46.1,B
2021-06-17T10:37:05,100.0,46.1,B
2021-06-17T10:36:46,1000.0,46.1,B
2021-06-17T10:36:20,100.0,46.05,S
2021-06-17T10:35:58,700.0,46.05,S
2021-06-17T10:35:58,7300.0,46.05,S
2021-06-17T10:35:54,1000.0,46.05,S
2021-06-17T10:35:54,1000.0,46.1,B
2021-06-17T10:34:43,1200.0,46.1,S
2021-06-17T10:34:38,500.0,46.15,B
2021-06-17T10:34:32,400.0,46.1,S
2021-06-17T10:34:22,3600.0,46.1,S
2021-06-17T10:34:17,100.0,46.1,S
2021-06-17T10:34:15,4000.0,46.1,S
2021-06-17T10:34:06,3300.0,46.1,S
2021-06-17T10:33:58,17900.0,46.1,S
2021-06-17T10:33:46,600.0,46.1,B
2021-06-17T10:33:43,200.0,46.1,B
2021-06-17T10:33:41,800.0,46.1,B
2021-06-17T10:33:40,500.0,46.1,B
2021-06-17T10:33:39,200.0,46.1,B
2021-06-17T10:33:38,300.0,46.1,B
2021-06-17T10:33:34,1700.0,46.1,B
2021-06-17T10:33:32,2400.0,46.1,B
2021-06-17T10:33:31,300.0,46.1,B
2021-06-17T10:33:23,500.0,46.1,B
2021-06-17T10:33:20,1300.0,46.1,B
2021-06-17T10:33:18,2000.0,46.1,B
2021-06-17T10:33:17,100.0,46.1,B
2021-06-17T10:33:15,100.0,46.1,B
2021-06-17T10:33:12,1500.0,46.1,B
2021-06-17T10:33:11,500.0,46.1,B
2021-06-17T10:33:09,1400.0,46.1,B
2021-06-17T10:33:05,600.0,46.1,B
2021-06-17T10:33:03,200.0,46.1,B
2021-06-17T10:32:59,4000.0,46.1,B
2021-06-17T10:32:55,3600.0,46.1,B
2021-06-17T10:32:55,200.0,46.1,B
2021-06-17T10:32:55,1400.0,46.1,B
2021-06-17T10:32:52,200.0,46.05,S
2021-06-17T10:32:45,500.0,46.1,B
2021-06-17T10:32:45,300.0,46.05,S
2021-06-17T10:32:27,800.0,46.1,B
2021-06-17T10:32:24,500.0,46.1,B
2021-06-17T10:32:03,100.0,46.05,S
2021-06-17T10:31:57,100.0,46.1,B
2021-06-17T10:31:37,500.0,46.1,B
2021-06-17T10:31:01,100.0,46.1,S
2021-06-17T10:30:50,5000.0,46.1,S
2021-06-17T10:30:45,12600.0,46.1,S
2021-06-17T10:30:44,100.0,46.15,B
2021-06-17T10:30:43,200.0,46.1,S
2021-06-17T10:30:42,200.0,46.15,B
2021-06-17T10:30:24,1000.0,46.1,S
2021-06-17T10:30:21,500.0,46.15,B
2021-06-17T10:30:14,200.0,46.15,B
2021-06-17T10:30:14,5100.0,46.15,B
2021-06-17T10:30:12,300.0,46.1,S
2021-06-17T10:30:03,100.0,46.15,B
2021-06-17T10:29:44,100.0,46.15,B
2021-06-17T10:28:58,5000.0,46.15,B
2021-06-17T10:28:58,200.0,46.1,S
2021-06-17T10:28:58,300.0,46.1,S
2021-06-17T10:28:26,200.0,46.1,S
2021-06-17T10:28:25,500.0,46.15,B
2021-06-17T10:28:14,1800.0,46.1,S
2021-06-17T10:28:14,300.0,46.1,S
2021-06-17T10:28:13,400.0,46.1,S
2021-06-17T10:27:57,4600.0,46.15,B
2021-06-17T10:27:57,400.0,46.15,B
2021-06-17T10:27:54,300.0,46.1,S
2021-06-17T10:27:54,1700.0,46.1,S
2021-06-17T10:27:47,700.0,46.15,B
2021-06-17T10:27:47,1300.0,46.15,B
2021-06-17T10:27:33,10000.0,46.15,B
2021-06-17T10:27:05,2000.0,46.15,B
2021-06-17T10:26:35,3000.0,46.15,S
2021-06-17T10:26:28,3700.0,46.15,S
2021-06-17T10:26:19,20000.0,46.1,S
2021-06-17T10:26:09,1000.0,46.15,S
2021-06-17T10:26:05,3000.0,46.15,S
2021-06-17T10:26:04,200.0,46.15,S
2021-06-17T10:25:56,3400.0,46.2,B
2021-06-17T10:25:56,1600.0,46.2,B
2021-06-17T10:25:52,400.0,46.15,S
2021-06-17T10:25:46,200.0,46.15,S
2021-06-17T10:25:42,200.0,46.15,S
2021-06-17T10:25:35,1500.0,46.15,S
2021-06-17T10:25:33,1000.0,46.15,S
2021-06-17T10:25:29,100.0,46.15,S
2021-06-17T10:25:21,1000.0,46.15,S
2021-06-17T10:25:08,100.0,46.15,S
2021-06-17T10:24:54,3000.0,46.15,B
2021-06-17T10:24:52,1200.0,46.15,B
2021-06-17T10:24:52,1400.0,46.15,B
2021-06-17T10:24:52,1200.0,46.15,B
2021-06-17T10:24:41,100.0,46.15,B
2021-06-17T10:24:16,200.0,46.15,S
2021-06-17T10:24:03,400.0,46.15,S
2021-06-17T10:23:57,900.0,46.15,S
2021-06-17T10:23:41,500.0,46.2,B
2021-06-17T10:23:26,100.0,46.15,S
2021-06-17T10:23:08,200.0,46.15,S
2021-06-17T10:22:52,100.0,46.15,S
2021-06-17T10:22:40,100.0,46.2,B
2021-06-17T10:22:21,1000.0,46.2,B
2021-06-17T10:22:02,4000.0,46.2,S
2021-06-17T10:21:59,200.0,46.2,S
2021-06-17T10:21:58,500.0,46.2,S
2021-06-17T10:21:50,100.0,46.2,S
2021-06-17T10:21:39,1000.0,46.2,S
2021-06-17T10:21:38,1000.0,46.2,S
2021-06-17T10:21:17,600.0,46.2,S
2021-06-17T10:21:11,2400.0,46.2,S
2021-06-17T10:20:42,1000.0,46.2,S
2021-06-17T10:20:39,100.0,46.2,S
2021-06-17T10:20:38,900.0,46.2,S
2021-06-17T10:20:37,10000.0,46.2,S
2021-06-17T10:20:18,3000.0,46.25,B
2021-06-17T10:20:02,1000.0,46.2,S
2021-06-17T10:19:56,1000.0,46.2,S
2021-06-17T10:19:52,1000.0,46.2,S
2021-06-17T10:19:45,1000.0,46.2,S
2021-06-17T10:19:45,500.0,46.2,S
2021-06-17T10:19:40,300.0,46.2,S
2021-06-17T10:19:35,900.0,46.2,S
2021-06-17T10:19:32,1500.0,46.2,B
2021-06-17T10:19:27,2000.0,46.2,B
2021-06-17T10:19:27,600.0,46.2,B
2021-06-17T10:19:27,400.0,46.2,B
2021-06-17T10:19:27,700.0,46.2,B
2021-06-17T10:19:27,1300.0,46.2,B
2021-06-17T10:19:20,5000.0,46.2,B
2021-06-17T10:19:18,100.0,46.2,B
2021-06-17T10:19:14,200.0,46.2,B
2021-06-17T10:19:14,200.0,46.2,B
2021-06-17T10:19:14,1500.0,46.2,B
2021-06-17T10:19:14,200.0,46.2,B
2021-06-17T10:19:14,2300.0,46.2,B
2021-06-17T10:19:14,200.0,46.2,B
2021-06-17T10:19:14,900.0,46.2,B
2021-06-17T10:19:12,2000.0,46.2,B
2021-06-17T10:19:06,800.0,46.2,B
2021-06-17T10:18:35,5000.0,46.2,B
2021-06-17T10:18:32,100.0,46.15,S
2021-06-17T10:18:11,400.0,46.1,S
2021-06-17T10:17:45,2000.0,46.1,S
2021-06-17T10:17:40,800.0,46.1,S
2021-06-17T10:17:40,200.0,46.15,S
2021-06-17T10:17:35,13500.0,46.2,B
2021-06-17T10:17:26,200.0,46.1,S
2021-06-17T10:17:21,4600.0,46.2,B
2021-06-17T10:17:10,400.0,46.1,S
2021-06-17T10:16:34,2000.0,46.1,S
2021-06-17T10:16:12,300.0,46.1,S
2021-06-17T10:15:49,400.0,46.1,B
2021-06-17T10:15:48,100.0,46.1,B
2021-06-17T10:15:43,100.0,46.1,B
2021-06-17T10:15:40,3100.0,46.1,B
2021-06-17T10:15:34,300.0,46.1,B
2021-06-17T10:15:34,500.0,46.1,B
2021-06-17T10:15:34,3100.0,46.1,B
2021-06-17T10:15:34,1400.0,46.1,B
2021-06-17T10:15:31,5000.0,46.1,B
2021-06-17T10:15:30,300.0,46.1,B
2021-06-17T10:15:26,500.0,46.1,B
2021-06-17T10:15:15,200.0,46.1,B
2021-06-17T10:15:02,5000.0,46.1,B
2021-06-17T10:14:59,100.0,46.05,S
2021-06-17T10:14:54,1300.0,46.05,S
2021-06-17T10:14:51,10000.0,46.1,B
2021-06-17T10:14:38,500.0,46.1,B
2021-06-17T10:14:24,200.0,46.1,B
2021-06-17T10:14:20,200.0,46.05,S
2021-06-17T10:14:06,500.0,46.1,B
2021-06-17T10:14:04,100.0,46.1,B
2021-06-17T10:13:48,1600.0,46.1,B
2021-06-17T10:13:48,400.0,46.1,B
2021-06-17T10:13:46,200.0,46.05,S
2021-06-17T10:13:40,500.0,46.1,B
2021-06-17T10:13:40,100.0,46.1,B
2021-06-17T10:13:40,1400.0,46.1,B
2021-06-17T10:13:39,200.0,46.1,B
2021-06-17T10:13:38,800.0,46.1,B
2021-06-17T10:13:33,100.0,46.05,S
2021-06-17T10:13:11,1000.0,46.05,S
2021-06-17T10:12:57,1500.0,46.1,B
2021-06-17T10:12:46,600.0,46.0,S
2021-06-17T10:12:46,5100.0,46.05,S
2021-06-17T10:12:27,500.0,46.05,S
2021-06-17T10:12:19,1700.0,46.0,S
2021-06-17T10:12:13,500.0,46.0,S
2021-06-17T10:11:47,6400.0,46.1,B
2021-06-17T10:11:47,3100.0,46.05,B
2021-06-17T10:11:47,500.0,46.05,B
2021-06-17T10:11:44,100.0,46.0,S
2021-06-17T10:11:43,500.0,46.0,S
2021-06-17T10:11:35,1000.0,46.0,B
2021-06-17T10:11:23,200.0,46.0,B
2021-06-17T10:11:16,200.0,46.0,B
2021-06-17T10:11:16,500.0,46.0,B
2021-06-17T10:11:16,600.0,46.0,B
2021-06-17T10:11:16,1300.0,46.0,B
2021-06-17T10:11:16,5000.0,46.0,B
2021-06-17T10:11:16,5100.0,46.0,B
2021-06-17T10:11:16,400.0,46.0,B
2021-06-17T10:11:11,1000.0,46.0,B
2021-06-17T10:10:57,5000.0,46.0,B
2021-06-17T10:10:43,20000.0,46.0,B
2021-06-17T10:10:35,500.0,46.0,B
2021-06-17T10:10:33,500.0,46.0,B
2021-06-17T10:10:28,600.0,46.0,B
2021-06-17T10:10:27,100.0,46.0,B
2021-06-17T10:10:22,100.0,46.0,B
2021-06-17T10:10:11,1000.0,46.0,B
2021-06-17T10:10:11,200.0,46.0,B
2021-06-17T10:09:39,400.0,46.0,B
2021-06-17T10:09:35,300.0,46.0,B
2021-06-17T10:09:35,2400.0,46.0,B
2021-06-17T10:09:35,500.0,46.0,B
2021-06-17T10:09:35,2100.0,46.0,B
2021-06-17T10:09:27,10000.0,46.0,B
2021-06-17T10:09:22,3100.0,46.0,B
2021-06-17T10:09:15,3000.0,46.0,B
2021-06-17T10:09:15,200.0,46.0,B
2021-06-17T10:09:01,2100.0,46.0,B
2021-06-17T10:08:55,500.0,46.0,B
2021-06-17T10:08:52,10000.0,45.95,S
2021-06-17T10:08:44,200.0,46.0,B
2021-06-17T10:08:44,2000.0,46.0,B
2021-06-17T10:08:40,1000.0,46.0,S
2021-06-17T10:08:40,2200.0,46.0,S
2021-06-17T10:08:40,5300.0,46.0,S
2021-06-17T10:08:40,1200.0,46.0,S
2021-06-17T10:08:40,5700.0,46.0,S
2021-06-17T10:08:40,4000.0,46.0,S
2021-06-17T10:08:32,5000.0,46.05,B
2021-06-17T10:08:32,200.0,46.05,B
2021-06-17T10:08:24,2000.0,46.05,S
2021-06-17T10:07:00,1000.0,46.05,S
2021-06-17T10:07:00,700.0,46.0,S
2021-06-17T10:07:00,400.0,46.0,S
2021-06-17T10:07:00,200.0,46.0,S
2021-06-17T10:07:00,100.0,46.0,S
2021-06-17T10:07:00,1200.0,46.0,S
2021-06-17T10:06:50,200.0,46.0,S
2021-06-17T10:06:49,100.0,46.05,S
2021-06-17T10:06:47,200.0,46.0,S
2021-06-17T10:06:47,2500.0,46.0,S
2021-06-17T10:06:47,600.0,46.0,S
2021-06-17T10:06:47,2000.0,46.0,S
2021-06-17T10:06:47,20200.0,46.0,S
2021-06-17T10:06:47,2200.0,46.0,S
2021-06-17T10:06:47,1000.0,46.0,S
2021-06-17T10:06:47,10500.0,46.0,S
2021-06-17T10:06:47,1400.0,46.0,S
2021-06-17T10:06:47,5100.0,46.0,S
2021-06-17T10:06:47,3800.0,46.0,S
2021-06-17T10:06:47,7000.0,46.0,S
2021-06-17T10:06:47,500.0,46.0,S
2021-06-17T10:06:47,4700.0,46.0,S
2021-06-17T10:06:38,1000.0,46.0,S
2021-06-17T10:06:38,3000.0,46.1,B
2021-06-17T10:06:34,300.0,46.0,S
2021-06-17T10:06:34,200.0,46.0,S
2021-06-17T10:06:30,100.0,46.0,S
2021-06-17T10:06:30,200.0,46.0,S
2021-06-17T10:06:30,3000.0,46.0,S
2021-06-17T10:06:26,800.0,46.0,S
2021-06-17T10:06:26,4100.0,46.05,S
2021-06-17T10:05:42,100.0,46.1,B
2021-06-17T10:05:30,5000.0,46.05,S
2021-06-17T10:05:26,1000.0,46.1,B
2021-06-17T10:05:17,100.0,46.1,S
2021-06-17T10:05:17,1000.0,46.1,S
2021-06-17T10:05:17,8800.0,46.1,S
2021-06-17T10:05:11,100.0,46.1,S
2021-06-17T10:05:07,200.0,46.15,B
2021-06-17T10:05:05,3000.0,46.1,S
2021-06-17T10:04:57,5000.0,46.15,B
2021-06-17T10:04:51,100.0,46.15,S
2021-06-17T10:04:38,3700.0,46.15,S
2021-06-17T10:04:37,300.0,46.15,S
2021-06-17T10:04:36,300.0,46.15,S
2021-06-17T10:04:14,400.0,46.15,S
2021-06-17T10:04:10,5000.0,46.2,B
2021-06-17T10:03:51,2300.0,46.2,S
2021-06-17T10:03:51,1300.0,46.25,B
2021-06-17T10:03:50,8700.0,46.25,B
2021-06-17T10:03:49,3000.0,46.2,S
2021-06-17T10:03:47,300.0,46.2,S
2021-06-17T10:03:38,1000.0,46.2,S
2021-06-17T10:03:36,10000.0,46.2,S
2021-06-17T10:03:32,500.0,46.2,S
2021-06-17T10:03:32,1500.0,46.25,B
2021-06-17T10:03:07,1900.0,46.25,S
2021-06-17T10:03:02,1000.0,46.25,S
2021-06-17T10:02:49,3000.0,46.2,S
2021-06-17T10:02:47,200.0,46.2,S
2021-06-17T10:02:44,100.0,46.25,S
2021-06-17T10:02:38,800.0,46.25,B
2021-06-17T10:02:37,1000.0,46.2,S
2021-06-17T10:02:36,500.0,46.2,S
2021-06-17T10:02:35,5000.0,46.2,S
2021-06-17T10:02:33,500.0,46.2,S
2021-06-17T10:02:31,2000.0,46.2,S
2021-06-17T10:02:27,1000.0,46.2,S
2021-06-17T10:02:27,100.0,46.2,S
2021-06-17T10:02:26,100.0,46.2,S
2021-06-17T10:02:17,100.0,46.2,S
2021-06-17T10:02:15,4000.0,46.2,S
2021-06-17T10:02:13,300.0,46.25,S
2021-06-17T10:02:09,100.0,46.3,B
2021-06-17T10:02:01,1000.0,46.2,S
2021-06-17T10:01:57,300.0,46.2,S
2021-06-17T10:01:52,100.0,46.2,S
2021-06-17T10:01:49,200.0,46.3,B
2021-06-17T10:01:47,900.0,46.3,B
2021-06-17T10:01:47,1000.0,46.3,B
2021-06-17T10:01:47,100.0,46.25,S
2021-06-17T10:01:45,100.0,46.2,S
2021-06-17T10:01:31,3000.0,46.3,B
2021-06-17T10:01:23,600.0,46.2,S
2021-06-17T10:01:17,5000.0,46.2,S
2021-06-17T10:01:03,400.0,46.3,S
2021-06-17T10:01:03,4600.0,46.3,S
2021-06-17T10:01:02,500.0,46.3,S
2021-06-17T10:00:57,500.0,46.3,S
2021-06-17T10:00:50,400.0,46.3,S
2021-06-17T10:00:44,200.0,46.3,S
2021-06-17T10:00:42,100.0,46.3,S
2021-06-17T10:00:41,1000.0,46.3,S
2021-06-17T10:00:40,1000.0,46.3,S
2021-06-17T10:00:37,800.0,46.3,S
2021-06-17T10:00:36,1000.0,46.3,S
2021-06-17T10:00:35,1000.0,46.3,S
2021-06-17T10:00:35,200.0,46.3,S
2021-06-17T10:00:29,100.0,46.3,S
2021-06-17T10:00:27,500.0,46.3,S
2021-06-17T10:00:26,100.0,46.3,S
2021-06-17T10:00:25,100.0,46.3,S
2021-06-17T10:00:25,100.0,46.3,S
2021-06-17T10:00:18,5000.0,46.3,S
2021-06-17T10:00:15,500.0,46.3,S
2021-06-17T10:00:14,1000.0,46.3,S
2021-06-17T10:00:14,2000.0,46.3,S
2021-06-17T10:00:14,3500.0,46.35,B
2021-06-17T10:00:14,5000.0,46.3,S
2021-06-17T10:00:05,1800.0,46.3,S
2021-06-17T10:00:01,200.0,46.3,S
2021-06-17T10:00:00,100.0,46.3,S
2021-06-17T09:59:57,6800.0,46.3,S
2021-06-17T09:59:51,1000.0,46.3,S
2021-06-17T09:59:47,100.0,46.3,S
2021-06-17T09:59:46,100.0,46.3,S
2021-06-17T09:59:43,100.0,46.3,S
2021-06-17T09:59:40,100.0,46.35,B
2021-06-17T09:59:40,2000.0,46.3,B
2021-06-17T09:59:36,500.0,46.3,B
2021-06-17T09:59:35,1900.0,46.3,B
2021-06-17T09:59:30,300.0,46.25,S
2021-06-17T09:59:28,800.0,46.3,B
2021-06-17T09:59:26,500.0,46.3,B
2021-06-17T09:59:25,4500.0,46.3,B
2021-06-17T09:59:25,1000.0,46.3,B
2021-06-17T09:59:21,200.0,46.3,B
2021-06-17T09:59:17,600.0,46.3,B
2021-06-17T09:59:17,1600.0,46.3,B
2021-06-17T09:59:17,300.0,46.3,B
2021-06-17T09:59:17,2200.0,46.3,B
2021-06-17T09:59:17,5300.0,46.3,B
2021-06-17T09:59:14,200.0,46.3,B
2021-06-17T09:59:14,1000.0,46.3,B
2021-06-17T09:59:07,5000.0,46.3,B
2021-06-17T09:59:07,100.0,46.3,B
2021-06-17T09:59:05,1000.0,46.25,S
2021-06-17T09:59:05,5000.0,46.25,S
2021-06-17T09:59:03,100.0,46.3,B
2021-06-17T09:59:02,300.0,46.3,B
2021-06-17T09:59:01,1400.0,46.3,B
2021-06-17T09:59:01,1200.0,46.3,B
2021-06-17T09:59:01,2400.0,46.3,B
2021-06-17T09:58:58,200.0,46.3,B
2021-06-17T09:58:56,1700.0,46.3,B
2021-06-17T09:58:55,400.0,46.25,S
2021-06-17T09:58:49,5000.0,46.3,B
2021-06-17T09:58:43,200.0,46.3,B
2021-06-17T09:58:37,5000.0,46.3,B
2021-06-17T09:58:33,10000.0,46.25,B
2021-06-17T09:58:30,5000.0,46.2,S
2021-06-17T09:58:25,200.0,46.25,B
2021-06-17T09:58:21,100.0,46.2,S
2021-06-17T09:58:20,100.0,46.25,B
2021-06-17T09:58:14,1000.0,46.25,B
2021-06-17T09:58:13,500.0,46.2,S
2021-06-17T09:58:09,2000.0,46.1,S
2021-06-17T09:58:04,200.0,46.2,B
2021-06-17T09:58:04,500.0,46.2,B
2021-06-17T09:58:04,5900.0,46.2,B
2021-06-17T09:58:04,100.0,46.2,B
2021-06-17T09:58:04,600.0,46.2,B
2021-06-17T09:58:04,300.0,46.2,B
2021-06-17T09:58:04,1300.0,46.2,B
2021-06-17T09:58:04,1100.0,46.2,B
2021-06-17T09:58:04,1300.0,46.2,B
2021-06-17T09:58:04,10200.0,46.2,B
2021-06-17T09:58:04,8900.0,46.2,B
2021-06-17T09:58:04,3000.0,46.2,B
2021-06-17T09:58:04,100.0,46.2,B
2021-06-17T09:58:03,15700.0,46.2,B
2021-06-17T09:58:00,2000.0,46.15,B
2021-06-17T09:57:59,10000.0,46.15,B
2021-06-17T09:57:57,1000.0,46.1,S
2021-06-17T09:57:54,1000.0,46.1,S
2021-06-17T09:57:53,4000.0,46.15,B
2021-06-17T09:57:51,100.0,46.1,S
2021-06-17T09:57:32,600.0,46.1,S
2021-06-17T09:57:27,500.0,46.1,S
2021-06-17T09:57:26,100.0,46.1,B
2021-06-17T09:57:25,1000.0,46.1,B
2021-06-17T09:57:19,200.0,46.1,B
2021-06-17T09:57:19,5000.0,46.15,B
2021-06-17T09:57:18,5700.0,46.1,B
2021-06-17T09:57:14,1000.0,46.1,B
2021-06-17T09:57:14,1200.0,46.1,B
2021-06-17T09:57:14,2000.0,46.1,B
2021-06-17T09:57:14,1800.0,46.1,B
2021-06-17T09:57:10,500.0,46.1,B
2021-06-17T09:57:08,100.0,46.1,B
2021-06-17T09:57:08,1000.0,46.1,B
2021-06-17T09:57:06,100.0,46.1,B
2021-06-17T09:57:06,1300.0,46.1,B
2021-06-17T09:57:06,100.0,46.1,B
2021-06-17T09:57:02,1000.0,46.1,B
2021-06-17T09:57:02,2900.0,46.1,B
2021-06-17T09:57:02,1600.0,46.1,B
2021-06-17T09:56:58,900.0,46.1,B
2021-06-17T09:56:56,4900.0,46.1,B
2021-06-17T09:56:56,400.0,46.1,B
2021-06-17T09:56:56,4700.0,46.1,B
2021-06-17T09:56:55,2700.0,46.05,S
2021-06-17T09:56:53,2500.0,46.1,B
2021-06-17T09:56:52,100.0,46.05,S
2021-06-17T09:56:48,1100.0,46.1,B
2021-06-17T09:56:44,100.0,46.05,S
2021-06-17T09:56:42,1100.0,46.1,B
2021-06-17T09:56:36,500.0,46.1,B
2021-06-17T09:56:33,3000.0,46.1,B
2021-06-17T09:56:30,5000.0,46.0,S
2021-06-17T09:56:27,1000.0,46.1,B
2021-06-17T09:56:27,500.0,46.0,S
2021-06-17T09:56:21,500.0,46.1,B
2021-06-17T09:56:21,400.0,46.1,B
2021-06-17T09:56:21,3900.0,46.1,B
2021-06-17T09:56:21,900.0,46.05,B
2021-06-17T09:56:21,100.0,46.05,B
2021-06-17T09:56:21,4200.0,46.05,B
2021-06-17T09:56:18,200.0,46.0,S
2021-06-17T09:56:09,100.0,46.0,S
2021-06-17T09:56:07,400.0,46.0,S
2021-06-17T09:56:07,3000.0,46.0,S
2021-06-17T09:55:57,1000.0,46.0,S
2021-06-17T09:55:49,100.0,46.0,S
2021-06-17T09:55:49,7800.0,46.05,B
2021-06-17T09:55:49,2200.0,46.05,B
2021-06-17T09:55:46,300.0,46.0,S
2021-06-17T09:55:40,300.0,46.0,S
2021-06-17T09:55:38,2200.0,46.0,S
2021-06-17T09:55:37,100.0,46.0,S
2021-06-17T09:55:30,1000.0,46.0,S
2021-06-17T09:55:23,200.0,46.0,S
2021-06-17T09:55:22,100.0,46.0,S
2021-06-17T09:55:21,100.0,46.0,S
2021-06-17T09:55:20,1000.0,46.0,S
2021-06-17T09:55:20,100.0,46.0,S
2021-06-17T09:55:10,800.0,46.0,B
2021-06-17T09:55:10,700.0,46.0,B
2021-06-17T09:55:09,1700.0,46.0,B
2021-06-17T09:55:08,500.0,46.0,B
2021-06-17T09:55:08,200.0,46.0,B
2021-06-17T09:55:07,800.0,46.0,B
2021-06-17T09:55:06,1000.0,46.0,B
2021-06-17T09:55:06,9900.0,46.0,B
2021-06-17T09:55:06,1200.0,46.0,B
2021-06-17T09:55:06,100.0,46.0,B
2021-06-17T09:55:03,100.0,46.0,B
2021-06-17T09:55:01,700.0,46.0,B
2021-06-17T09:55:01,300.0,46.0,B
2021-06-17T09:55:01,200.0,46.0,B
2021-06-17T09:55:01,300.0,46.0,B
2021-06-17T09:55:01,1900.0,46.0,B
2021-06-17T09:55:01,1600.0,46.0,B
2021-06-17T09:55:01,1000.0,46.0,B
2021-06-17T09:55:00,2500.0,46.0,B
2021-06-17T09:55:00,200.0,46.0,B
2021-06-17T09:55:00,17300.0,46.0,B
2021-06-17T09:54:58,2100.0,46.0,B
2021-06-17T09:54:53,5000.0,46.0,B
2021-06-17T09:54:53,500.0,46.0,B
2021-06-17T09:54:48,6900.0,46.0,B
2021-06-17T09:54:48,1600.0,46.0,B
2021-06-17T09:54:47,5000.0,46.0,B
2021-06-17T09:54:45,600.0,46.0,B
2021-06-17T09:54:45,1100.0,46.0,B
2021-06-17T09:54:45,300.0,46.0,B
2021-06-17T09:54:43,300.0,46.0,B
2021-06-17T09:54:43,200.0,46.0,B
2021-06-17T09:54:36,5000.0,46.0,B
2021-06-17T09:54:33,2000.0,45.95,S
2021-06-17T09:54:33,1100.0,46.0,B
2021-06-17T09:54:30,1000.0,46.0,B
2021-06-17T09:54:30,13200.0,46.0,B
2021-06-17T09:54:30,100.0,46.0,B
2021-06-17T09:54:30,2100.0,46.0,B
2021-06-17T09:54:30,1600.0,46.0,B
2021-06-17T09:54:30,400.0,46.0,B
2021-06-17T09:54:30,5000.0,46.0,B
2021-06-17T09:54:30,5100.0,46.0,B
2021-06-17T09:54:30,4100.0,46.0,B
2021-06-17T09:54:30,600.0,46.0,B
2021-06-17T09:54:30,4600.0,46.0,B
2021-06-17T09:54:29,2000.0,46.0,B
2021-06-17T09:54:28,500.0,46.0,B
2021-06-17T09:54:28,1000.0,46.0,B
2021-06-17T09:54:28,800.0,46.0,B
2021-06-17T09:54:28,6100.0,46.0,B
2021-06-17T09:54:28,1400.0,46.0,B
2021-06-17T09:54:28,5000.0,46.0,B
2021-06-17T09:54:28,7200.0,46.0,B
2021-06-17T09:54:25,500.0,46.0,B
2021-06-17T09:54:13,100.0,46.0,B
2021-06-17T09:54:12,3100.0,46.0,B
2021-06-17T09:54:12,4600.0,46.0,B
2021-06-17T09:54:12,3300.0,46.0,B
2021-06-17T09:54:12,5200.0,46.0,B
2021-06-17T09:54:12,8300.0,46.0,B
2021-06-17T09:54:10,500.0,46.0,B
2021-06-17T09:54:10,15000.0,46.0,B
2021-06-17T09:54:04,2000.0,46.0,B
2021-06-17T09:54:03,1400.0,46.0,B
2021-06-17T09:54:02,100.0,46.0,B
2021-06-17T09:53:57,2000.0,46.0,B
2021-06-17T09:53:54,300.0,45.95,S
2021-06-17T09:53:53,2400.0,46.0,B
2021-06-17T09:53:36,1000.0,46.0,B
2021-06-17T09:53:36,2400.0,46.0,B
2021-06-17T09:53:36,1200.0,46.0,B
2021-06-17T09:53:36,1300.0,46.0,B
2021-06-17T09:53:36,900.0,46.0,B
2021-06-17T09:53:36,1600.0,46.0,B
2021-06-17T09:53:36,3100.0,46.0,B
2021-06-17T09:53:36,300.0,46.0,B
2021-06-17T09:53:36,12200.0,46.0,B
2021-06-17T09:53:33,1000.0,45.95,B
2021-06-17T09:53:29,300.0,45.9,B
2021-06-17T09:53:28,100.0,45.9,B
2021-06-17T09:53:24,200.0,45.95,B
2021-06-17T09:53:22,11200.0,45.9,B
2021-06-17T09:53:22,500.0,45.9,B
2021-06-17T09:53:22,3000.0,45.9,B
2021-06-17T09:53:22,700.0,45.9,B
2021-06-17T09:53:22,25600.0,45.9,B
2021-06-17T09:53:16,100.0,45.85,B
2021-06-17T09:53:16,5500.0,45.85,B
2021-06-17T09:53:14,3700.0,45.85,B
2021-06-17T09:53:08,500.0,45.85,B
2021-06-17T09:53:07,500.0,45.85,B
2021-06-17T09:53:06,100.0,45.8,S
2021-06-17T09:53:03,400.0,45.8,S
2021-06-17T09:52:53,400.0,45.85,B
2021-06-17T09:52:53,400.0,45.8,B
2021-06-17T09:52:53,100.0,45.8,B
2021-06-17T09:52:43,500.0,45.8,B
2021-06-17T09:52:33,100.0,45.8,B
2021-06-17T09:52:33,2000.0,45.8,B
2021-06-17T09:52:33,4100.0,45.8,B
2021-06-17T09:52:32,200.0,45.75,B
2021-06-17T09:52:29,100.0,45.8,B
2021-06-17T09:52:29,23900.0,45.8,B
2021-06-17T09:52:24,2300.0,45.8,B
2021-06-17T09:52:20,1700.0,45.8,B
2021-06-17T09:52:20,700.0,45.8,B
2021-06-17T09:52:20,12900.0,45.8,B
2021-06-17T09:52:20,100.0,45.8,B
2021-06-17T09:52:20,5400.0,45.8,B
2021-06-17T09:52:20,9300.0,45.8,B
2021-06-17T09:52:15,2000.0,45.8,B
2021-06-17T09:52:13,4000.0,45.75,B
2021-06-17T09:52:12,500.0,45.8,B
2021-06-17T09:52:09,14200.0,45.8,B
2021-06-17T09:52:08,1000.0,45.75,B
2021-06-17T09:52:03,6000.0,45.8,B
2021-06-17T09:51:58,500.0,45.8,B
2021-06-17T09:51:51,500.0,45.8,B
2021-06-17T09:51:35,5000.0,45.7,S
2021-06-17T09:51:33,400.0,45.7,S
2021-06-17T09:51:27,400.0,45.7,B
2021-06-17T09:51:21,1600.0,45.7,B
2021-06-17T09:51:21,4400.0,45.7,B
2021-06-17T09:51:21,600.0,45.7,B
2021-06-17T09:51:21,4600.0,45.7,B
2021-06-17T09:51:16,300.0,45.7,B
2021-06-17T09:51:15,4600.0,45.7,B
2021-06-17T09:51:13,2000.0,45.7,B
2021-06-17T09:51:12,1000.0,45.7,B
2021-06-17T09:51:01,100.0,45.65,S
2021-06-17T09:51:00,10000.0,45.7,B
2021-06-17T09:50:56,20000.0,45.7,B
2021-06-17T09:50:53,5000.0,45.7,B
2021-06-17T09:50:43,1000.0,45.65,S
2021-06-17T09:50:27,10000.0,45.7,B
2021-06-17T09:49:55,100.0,45.7,B
2021-06-17T09:49:34,500.0,45.6,S
2021-06-17T09:49:30,600.0,45.6,S
2021-06-17T09:49:12,100.0,45.6,S
2021-06-17T09:49:09,500.0,45.6,S
2021-06-17T09:49:09,3000.0,45.6,S
2021-06-17T09:49:03,500.0,45.6,S
2021-06-17T09:48:47,2000.0,45.6,S
2021-06-17T09:48:34,100.0,45.7,B
2021-06-17T09:48:30,1000.0,45.6,S
2021-06-17T09:48:26,100.0,45.6,S
2021-06-17T09:48:26,2400.0,45.6,S
2021-06-17T09:48:26,1600.0,45.6,S
2021-06-17T09:48:25,500.0,45.7,B
2021-06-17T09:48:22,200.0,45.6,S
2021-06-17T09:48:20,27200.0,45.7,B
2021-06-17T09:48:20,2400.0,45.7,B
2021-06-17T09:48:20,400.0,45.7,B
2021-06-17T09:48:18,100.0,45.6,S
2021-06-17T09:48:17,1000.0,45.7,B
2021-06-17T09:48:13,300.0,45.6,S
2021-06-17T09:48:09,4000.0,45.6,S
2021-06-17T09:48:09,100.0,45.6,S
2021-06-17T09:47:58,1000.0,45.6,S
2021-06-17T09:47:54,1000.0,45.6,S
2021-06-17T09:47:46,2100.0,45.6,S
2021-06-17T09:47:38,600.0,45.6,S
2021-06-17T09:47:37,300.0,45.6,S
2021-06-17T09:47:34,2000.0,45.6,S
2021-06-17T09:47:25,5900.0,45.6,S
2021-06-17T09:47:23,300.0,45.6,S
2021-06-17T09:47:22,100.0,45.6,S
2021-06-17T09:47:18,200.0,45.5,S
2021-06-17T09:47:03,5000.0,45.5,S
2021-06-17T09:46:54,1000.0,45.5,S
2021-06-17T09:46:46,1000.0,45.5,S
2021-06-17T09:46:43,900.0,45.6,S
2021-06-17T09:46:42,100.0,45.6,S
2021-06-17T09:46:42,300.0,45.6,S
2021-06-17T09:46:41,300.0,45.6,S
2021-06-17T09:46:40,600.0,45.6,S
2021-06-17T09:46:36,1000.0,45.6,S
2021-06-17T09:46:28,10700.0,45.6,S
2021-06-17T09:46:21,5000.0,45.6,S
2021-06-17T09:46:08,100.0,45.6,S
2021-06-17T09:46:05,200.0,45.6,S
2021-06-17T09:45:58,10000.0,45.6,S
2021-06-17T09:45:55,500.0,45.6,S
2021-06-17T09:45:54,400.0,45.7,B
2021-06-17T09:45:53,1100.0,45.7,B
2021-06-17T09:45:45,200.0,45.6,S
2021-06-17T09:45:42,500.0,45.6,S
2021-06-17T09:45:41,1700.0,45.6,S
2021-06-17T09:45:40,1300.0,45.6,S
2021-06-17T09:45:26,200.0,45.6,S
2021-06-17T09:45:18,100.0,45.7,B
2021-06-17T09:45:15,100.0,45.6,S
2021-06-17T09:44:48,500.0,45.6,S
2021-06-17T09:44:47,500.0,45.6,S
2021-06-17T09:44:46,400.0,45.6,S
2021-06-17T09:44:40,100.0,45.6,S
2021-06-17T09:44:40,500.0,45.6,S
2021-06-17T09:44:29,100.0,45.7,B
2021-06-17T09:44:27,5000.0,45.6,S
2021-06-17T09:44:25,2000.0,45.6,S
2021-06-17T09:44:24,100.0,45.7,B
2021-06-17T09:44:21,200.0,45.7,B
2021-06-17T09:44:10,100.0,45.7,B
2021-06-17T09:43:55,1000.0,45.6,S
2021-06-17T09:43:40,500.0,45.6,S
2021-06-17T09:43:31,500.0,45.6,S
2021-06-17T09:43:29,3500.0,45.6,S
2021-06-17T09:43:26,500.0,45.6,S
2021-06-17T09:43:24,1000.0,45.6,S
2021-06-17T09:43:05,1000.0,45.5,S
2021-06-17T09:43:05,2000.0,45.7,S
2021-06-17T09:43:01,1000.0,45.5,S
2021-06-17T09:43:00,800.0,45.5,S
2021-06-17T09:42:56,5000.0,45.7,S
2021-06-17T09:42:53,500.0,45.6,S
2021-06-17T09:42:52,100.0,45.6,S
2021-06-17T09:42:52,800.0,45.6,S
2021-06-17T09:42:51,900.0,45.6,S
2021-06-17T09:42:51,2000.0,45.6,S
2021-06-17T09:42:48,200.0,45.6,S
2021-06-17T09:42:44,600.0,45.6,S
2021-06-17T09:42:44,200.0,45.6,S
2021-06-17T09:42:44,38800.0,45.6,S
2021-06-17T09:42:37,500.0,45.6,S
2021-06-17T09:42:36,2000.0,45.7,S
2021-06-17T09:42:26,300.0,45.6,S
2021-06-17T09:42:23,100.0,45.6,S
2021-06-17T09:42:18,1000.0,45.6,S
2021-06-17T09:42:14,5000.0,45.7,S
2021-06-17T09:42:10,300.0,45.6,S
2021-06-17T09:41:59,2000.0,45.6,S
2021-06-17T09:41:58,700.0,45.7,S
2021-06-17T09:41:49,2900.0,45.6,S
2021-06-17T09:41:45,100.0,45.7,S
2021-06-17T09:41:39,300.0,45.6,S
2021-06-17T09:41:36,500.0,45.7,S
2021-06-17T09:41:36,5000.0,45.7,S
2021-06-17T09:41:16,5500.0,45.8,B
2021-06-17T09:41:06,5000.0,45.6,S
2021-06-17T09:41:02,5000.0,45.8,B
2021-06-17T09:40:53,5900.0,45.8,B
2021-06-17T09:40:52,100.0,45.7,S
2021-06-17T09:40:52,5000.0,45.8,B
2021-06-17T09:40:49,300.0,45.8,B
2021-06-17T09:40:43,3200.0,45.6,S
2021-06-17T09:40:43,5000.0,45.7,S
2021-06-17T09:40:42,8500.0,45.7,S
2021-06-17T09:40:35,800.0,45.8,B
2021-06-17T09:40:28,700.0,45.8,B
2021-06-17T09:40:28,1100.0,45.8,B
2021-06-17T09:40:23,600.0,45.8,B
2021-06-17T09:40:21,500.0,45.8,B
2021-06-17T09:40:18,200.0,45.8,B
2021-06-17T09:39:53,20000.0,45.8,B
2021-06-17T09:39:51,5200.0,45.8,B
2021-06-17T09:39:49,1000.0,45.8,B
2021-06-17T09:39:47,300.0,45.7,S
2021-06-17T09:39:41,900.0,45.8,S
2021-06-17T09:39:34,100.0,45.8,S
2021-06-17T09:39:30,200.0,45.9,S
2021-06-17T09:39:29,800.0,45.9,S
2021-06-17T09:39:22,13200.0,45.7,S
2021-06-17T09:39:21,700.0,45.8,S
2021-06-17T09:39:20,10000.0,45.8,S
2021-06-17T09:39:17,2000.0,45.95,B
2021-06-17T09:39:15,500.0,45.9,S
2021-06-17T09:39:15,100.0,45.9,S
2021-06-17T09:39:13,2000.0,45.9,S
2021-06-17T09:39:10,1000.0,45.95,B
2021-06-17T09:39:03,200.0,45.95,B
2021-06-17T09:39:00,2000.0,45.9,S
2021-06-17T09:38:58,900.0,45.9,S
2021-06-17T09:38:58,100.0,45.8,S
2021-06-17T09:38:49,600.0,45.8,S
2021-06-17T09:38:45,1000.0,45.8,S
2021-06-17T09:38:43,200.0,45.9,S
2021-06-17T09:38:42,1400.0,45.9,S
2021-06-17T09:38:41,4100.0,45.9,S
2021-06-17T09:38:41,2100.0,45.9,S
2021-06-17T09:38:40,400.0,45.9,S
2021-06-17T09:38:40,400.0,45.9,S
2021-06-17T09:38:40,13000.0,45.9,S
2021-06-17T09:38:39,200.0,45.9,S
2021-06-17T09:38:28,4400.0,46.0,B
2021-06-17T09:38:28,1100.0,46.0,B
2021-06-17T09:38:28,100.0,46.0,B
2021-06-17T09:38:28,1100.0,46.0,B
2021-06-17T09:38:28,300.0,46.0,B
2021-06-17T09:38:28,7700.0,46.0,B
2021-06-17T09:38:26,200.0,45.9,S
2021-06-17T09:38:20,1000.0,45.95,B
2021-06-17T09:38:19,100.0,45.9,S
2021-06-17T09:38:15,3000.0,45.9,S
2021-06-17T09:38:12,500.0,45.95,B
2021-06-17T09:38:05,100.0,45.95,B
2021-06-17T09:38:00,3000.0,45.9,S
2021-06-17T09:37:56,4100.0,46.0,B
2021-06-17T09:37:56,100.0,46.0,B
2021-06-17T09:37:56,100.0,46.0,B
2021-06-17T09:37:56,100.0,46.0,B
2021-06-17T09:37:56,600.0,46.0,B
2021-06-17T09:37:52,1300.0,45.9,S
2021-06-17T09:37:50,3200.0,46.0,B
2021-06-17T09:37:46,5100.0,46.0,B
2021-06-17T09:37:46,500.0,46.0,B
2021-06-17T09:37:46,5100.0,46.0,B
2021-06-17T09:37:46,2200.0,46.0,B
2021-06-17T09:37:46,700.0,46.0,B
2021-06-17T09:37:46,1200.0,46.0,B
2021-06-17T09:37:45,600.0,46.0,B
2021-06-17T09:37:45,10000.0,45.9,S
2021-06-17T09:37:41,400.0,46.0,B
2021-06-17T09:37:40,1000.0,45.95,B
2021-06-17T09:37:38,3000.0,45.95,B
2021-06-17T09:37:31,100.0,45.95,B
2021-06-17T09:37:30,100.0,46.0,B
2021-06-17T09:37:28,4300.0,46.0,B
2021-06-17T09:37:23,1000.0,45.9,S
2021-06-17T09:37:23,1000.0,45.95,B
2021-06-17T09:37:10,200.0,46.0,B
2021-06-17T09:37:09,300.0,46.0,B
2021-06-17T09:37:05,1700.0,45.95,B
2021-06-17T09:37:04,3300.0,45.95,B
2021-06-17T09:37:02,100.0,45.95,B
2021-06-17T09:37:00,1000.0,45.95,B
2021-06-17T09:36:49,200.0,46.0,B
2021-06-17T09:36:47,2300.0,45.95,B
2021-06-17T09:36:34,10000.0,45.9,S
2021-06-17T09:36:30,4500.0,46.0,B
2021-06-17T09:36:30,1200.0,45.95,B
2021-06-17T09:36:20,100.0,45.95,B
2021-06-17T09:36:14,100.0,45.95,B
2021-06-17T09:36:14,2000.0,46.0,B
2021-06-17T09:36:14,100.0,45.95,B
2021-06-17T09:35:26,400.0,46.0,B
2021-06-17T09:35:20,10000.0,45.9,S
2021-06-17T09:35:15,100.0,46.0,B
2021-06-17T09:35:09,100.0,45.9,S
2021-06-17T09:35:07,200.0,46.0,B
2021-06-17T09:35:04,4700.0,46.0,B
2021-06-17T09:35:01,5500.0,46.0,B
2021-06-17T09:34:58,500.0,45.9,S
2021-06-17T09:34:53,1600.0,46.0,B
2021-06-17T09:34:50,200.0,45.9,S
2021-06-17T09:34:47,1000.0,45.9,S
2021-06-17T09:34:39,5000.0,46.0,B
2021-06-17T09:34:32,100.0,45.9,S
2021-06-17T09:34:31,1000.0,45.9,S
2021-06-17T09:34:30,500.0,46.0,B
2021-06-17T09:34:23,100.0,45.9,S
2021-06-17T09:34:17,100.0,46.0,B
2021-06-17T09:34:05,1000.0,45.9,S
2021-06-17T09:33:59,700.0,45.8,S
2021-06-17T09:33:51,100.0,46.0,B
2021-06-17T09:33:49,15000.0,45.6,S
2021-06-17T09:33:47,1000.0,45.9,S
2021-06-17T09:33:47,100.0,45.9,S
2021-06-17T09:33:44,100.0,45.8,S
2021-06-17T09:33:31,1000.0,46.0,B
2021-06-17T09:33:29,1000.0,46.0,B
2021-06-17T09:33:29,100.0,46.0,B
2021-06-17T09:33:29,1900.0,45.95,B
2021-06-17T09:33:27,2000.0,45.6,B
2021-06-17T09:33:27,1000.0,45.7,B
2021-06-17T09:33:27,1000.0,45.7,B
2021-06-17T09:33:27,2500.0,45.7,B
2021-06-17T09:33:20,100.0,45.8,B
2021-06-17T09:33:09,500.0,45.9,B
2021-06-17T09:33:08,1600.0,45.8,B
2021-06-17T09:32:52,600.0,45.7,B
2021-06-17T09:32:48,1100.0,45.7,B
2021-06-17T09:32:45,1600.0,45.7,B
2021-06-17T09:32:45,100.0,45.7,B
2021-06-17T09:32:33,1000.0,45.7,B
2021-06-17T09:32:22,600.0,45.6,B
2021-06-17T09:32:22,1400.0,45.7,B
2021-06-17T09:32:21,3600.0,45.7,B
2021-06-17T09:32:20,500.0,45.6,B
2021-06-17T09:32:13,5000.0,45.7,B
2021-06-17T09:32:09,5000.0,45.7,B
2021-06-17T09:32:04,2000.0,45.5,B
2021-06-17T09:32:04,3000.0,45.5,B
2021-06-17T09:31:48,300.0,45.5,B
2021-06-17T09:31:44,4300.0,45.5,B
2021-06-17T09:31:40,100.0,45.5,B
2021-06-17T09:31:40,400.0,45.5,B
2021-06-17T09:31:35,500.0,45.5,B
2021-06-17T09:31:32,2600.0,45.6,B
2021-06-17T09:31:18,100.0,45.5,B
2021-06-17T09:31:09,100.0,45.6,B
2021-06-17T09:31:06,800.0,45.5,B
2021-06-17T09:31:05,100.0,45.4,B
2021-06-17T09:31:03,1000.0,45.5,B
2021-06-17T09:31:00,100.0,45.4,B
2021-06-17T09:30:57,100.0,45.45,B
2021-06-17T09:30:38,1900.0,45.4,B
2021-06-17T09:30:38,1500.0,45.5,B
2021-06-17T09:30:38,1800.0,45.5,B
2021-06-17T09:30:37,800.0,45.5,B
2021-06-17T09:30:28,400.0,45.4,B
2021-06-17T09:30:27,1600.0,45.4,B
2021-06-17T09:30:26,5000.0,45.5,B
2021-06-17T09:30:22,500.0,45.4,B
2021-06-17T09:30:15,200.0,45.4,B
2021-06-17T09:30:13,300.0,45.4,B
2021-06-17T09:30:11,600.0,45.4,B
2021-06-17T09:30:03,300.0,45.4,B
2021-06-17T09:30:01,1000.0,45.35,B
2021-06-17T09:29:59,900.0,45.35,B
2021-06-17T09:29:55,100.0,45.35,B
2021-06-17T09:29:44,200.0,45.4,B
2021-06-17T09:29:37,100.0,45.35,B
2021-06-17T09:29:29,100.0,45.3,S
2021-06-17T09:29:18,100.0,45.3,S
2021-06-17T09:29:09,4500.0,45.3,B
2021-06-17T09:29:03,2400.0,45.3,B
2021-06-17T09:29:03,300.0,45.3,B
2021-06-17T09:29:03,17200.0,45.3,B
2021-06-17T09:29:00,500.0,45.3,B
2021-06-17T09:28:59,300.0,45.3,B
2021-06-17T09:28:56,5000.0,45.3,B
2021-06-17T09:28:55,300.0,45.3,B
2021-06-17T09:28:46,100.0,45.3,B
2021-06-17T09:28:43,500.0,45.3,B
2021-06-17T09:28:42,500.0,45.25,B
2021-06-17T09:28:36,500.0,45.25,B
2021-06-17T09:28:18,200.0,45.2,B
2021-06-17T09:28:02,2000.0,45.2,B
2021-06-17T09:27:59,900.0,45.2,B
2021-06-17T09:27:56,100.0,45.2,B
2021-06-17T09:27:30,1900.0,45.1,S
2021-06-17T09:27:30,100.0,45.2,B
2021-06-17T09:27:30,1000.0,45.2,B
2021-06-17T09:27:23,2400.0,45.2,B
2021-06-17T09:27:05,100.0,45.2,B
2021-06-17T09:26:40,200.0,45.1,B
2021-06-17T09:26:27,8000.0,45.0,S
2021-06-17T09:26:20,100.0,45.1,B
2021-06-17T09:26:20,800.0,45.1,B
2021-06-17T09:26:16,200.0,45.1,B
2021-06-17T09:26:13,6000.0,45.2,B
2021-06-17T09:25:58,100.0,45.1,B
2021-06-17T09:25:50,100.0,45.1,B
2021-06-17T09:25:46,200.0,45.1,B
2021-06-17T09:25:36,100.0,45.1,B
2021-06-17T09:25:27,200.0,45.1,B
2021-06-17T09:25:24,3600.0,45.1,B
2021-06-17T09:25:23,100.0,45.1,B
2021-06-17T09:25:23,300.0,45.1,B
2021-06-17T09:25:18,600.0,45.1,B
2021-06-17T09:25:17,600.0,45.1,B
2021-06-17T09:25:17,1000.0,45.1,B
2021-06-17T09:25:06,300.0,45.2,B
2021-06-17T09:25:03,1200.0,45.3,B
2021-06-17T09:25:03,2300.0,45.3,B
2021-06-17T09:25:03,3000.0,45.3,B
2021-06-17T09:25:03,3500.0,45.3,B
2021-06-17T09:25:01,200.0,45.2,B
2021-06-17T09:24:58,2000.0,45.0,S
2021-06-17T09:24:22,4100.0,45.2,B
2021-06-17T09:23:58,2500.0,45.0,B
2021-06-17T09:23:52,4900.0,45.0,B
2021-06-17T09:23:52,5100.0,45.0,B
2021-06-17T09:23:22,100.0,45.0,B
2021-06-17T09:23:04,500.0,45.0,B
2021-06-17T09:22:47,100.0,45.0,B
2021-06-17T09:22:42,2200.0,45.0,B
2021-06-17T09:22:28,3000.0,45.0,B
2021-06-17T09:22:13,200.0,45.0,B
2021-06-17T09:22:13,300.0,45.0,B
2021-06-17T09:21:45,200.0,45.0,B
2021-06-17T09:21:43,2500.0,45.2,B
2021-06-17T09:21:41,1000.0,45.0,B
2021-06-17T09:21:33,500.0,45.0,B
2021-06-17T09:21:24,100.0,45.0,B
2021-06-17T09:21:23,500.0,45.0,B
2021-06-17T09:21:23,100.0,45.0,B
2021-06-17T09:21:23,5000.0,45.0,B
2021-06-17T09:21:19,200.0,45.0,B
2021-06-17T09:21:18,100.0,45.0,B
2021-06-17T09:21:17,200.0,45.0,B
2021-06-17T09:21:16,400.0,45.0,B
2021-06-17T09:21:14,1000.0,45.0,B
2021-06-17T09:21:13,100.0,45.0,B
2021-06-17T09:21:12,3000.0,45.0,B
2021-06-17T09:21:08,5000.0,45.0,B
2021-06-17T09:21:08,100.0,45.0,B
2021-06-17T09:20:53,1000.0,45.0,B
2021-06-17T09:20:49,100.0,45.0,B
2021-06-17T09:20:40,200.0,45.0,B
2021-06-17T09:20:36,200.0,45.0,B
2021-06-17T09:20:31,100.0,45.0,B
2021-06-17T09:20:30,500.0,45.0,B
2021-06-17T09:20:30,100.0,45.0,B
2021-06-17T09:20:30,2700.0,45.0,B
2021-06-17T09:20:18,1000.0,45.0,B
2021-06-17T09:20:12,500.0,45.0,B
2021-06-17T09:20:12,500.0,44.95,B
2021-06-17T09:20:10,300.0,44.95,B
2021-06-17T09:20:08,5000.0,44.9,B
2021-06-17T09:20:06,1800.0,44.9,B
2021-06-17T09:19:20,100.0,44.9,B
2021-06-17T09:19:15,500.0,44.9,B
2021-06-17T09:19:06,1800.0,44.9,B
2021-06-17T09:19:02,100.0,44.95,B
2021-06-17T09:18:55,500.0,44.9,B
2021-06-17T09:18:55,100.0,44.95,B
2021-06-17T09:18:53,1000.0,45.2,B
2021-06-17T09:18:50,500.0,45.0,B
2021-06-17T09:18:47,1700.0,45.0,B
2021-06-17T09:18:47,4100.0,45.0,B
2021-06-17T09:18:47,1100.0,44.95,B
2021-06-17T09:18:47,3100.0,44.95,B
2021-06-17T09:18:43,200.0,44.9,B
2021-06-17T09:18:31,100.0,44.9,B
2021-06-17T09:18:01,5000.0,44.95,B
2021-06-17T09:17:29,200.0,44.9,S
2021-06-17T09:17:23,5000.0,44.65,S
2021-06-17T09:17:23,1600.0,44.65,S
2021-06-17T09:17:23,400.0,44.65,S
2021-06-17T09:17:23,500.0,44.8,S
2021-06-17T09:17:22,1000.0,44.95,B
2021-06-17T09:17:20,100.0,44.95,S
2021-06-17T09:17:11,200.0,45.0,B
2021-06-17T09:16:58,100.0,44.65,B
2021-06-17T09:16:56,100.0,44.65,B
2021-06-17T09:16:45,100.0,44.65,S
2021-06-17T09:16:42,5000.0,44.65,S
2021-06-17T09:16:39,700.0,44.65,S
2021-06-17T09:16:38,400.0,45.0,S
2021-06-17T09:16:27,100.0,45.0,S
2021-06-17T09:16:27,1500.0,45.3,B
2021-06-17T09:16:24,100.0,44.65,B
