tradingTime,volume,price,side
2021-06-17T14:29:52,14400.0,10.3,S
2021-06-17T14:28:56,500.0,10.3,S
2021-06-17T14:28:40,2000.0,10.3,S
2021-06-17T14:28:07,5000.0,10.3,S
2021-06-17T14:27:48,5000.0,10.3,S
2021-06-17T14:27:43,1000.0,10.3,S
2021-06-17T14:27:38,600.0,10.3,S
2021-06-17T14:27:35,500.0,10.4,B
2021-06-17T14:27:18,3000.0,10.3,S
2021-06-17T14:25:47,1000.0,10.4,B
2021-06-17T14:25:28,6800.0,10.3,S
2021-06-17T14:24:55,500.0,10.4,B
2021-06-17T14:24:03,6000.0,10.3,S
2021-06-17T14:24:02,1200.0,10.3,S
2021-06-17T14:23:37,1000.0,10.3,S
2021-06-17T14:23:30,100.0,10.3,S
2021-06-17T14:23:21,6000.0,10.3,S
2021-06-17T14:23:19,20000.0,10.3,S
2021-06-17T14:23:04,36000.0,10.3,S
2021-06-17T14:22:35,10000.0,10.3,S
2021-06-17T14:22:30,1500.0,10.3,S
2021-06-17T14:21:04,10000.0,10.3,S
2021-06-17T14:20:56,3000.0,10.3,S
2021-06-17T14:20:45,1000.0,10.3,S
2021-06-17T14:20:41,3000.0,10.3,S
2021-06-17T14:20:40,2000.0,10.3,S
2021-06-17T14:20:38,1500.0,10.3,S
2021-06-17T14:19:53,400.0,10.3,S
2021-06-17T14:19:52,5500.0,10.3,S
2021-06-17T14:19:38,10000.0,10.3,S
2021-06-17T14:19:25,3000.0,10.3,S
2021-06-17T14:18:29,7200.0,10.3,S
2021-06-17T14:18:13,700.0,10.3,S
2021-06-17T14:17:36,2000.0,10.3,S
2021-06-17T14:17:24,1000.0,10.4,B
2021-06-17T14:17:04,1000.0,10.3,S
2021-06-17T14:15:56,3000.0,10.3,S
2021-06-17T14:15:45,6000.0,10.3,S
2021-06-17T14:15:22,400.0,10.3,S
2021-06-17T14:14:30,2500.0,10.3,S
2021-06-17T14:14:20,4500.0,10.3,S
2021-06-17T14:14:13,1000.0,10.3,S
2021-06-17T14:14:09,2000.0,10.3,S
2021-06-17T14:13:11,22800.0,10.3,S
2021-06-17T14:13:07,2000.0,10.4,B
2021-06-17T14:11:42,5000.0,10.4,B
2021-06-17T14:11:16,500.0,10.4,B
2021-06-17T14:11:10,100.0,10.4,B
2021-06-17T14:11:07,700.0,10.3,S
2021-06-17T14:10:48,19000.0,10.4,B
2021-06-17T14:10:45,200.0,10.4,B
2021-06-17T14:10:04,8600.0,10.4,B
2021-06-17T14:09:27,100.0,10.4,B
2021-06-17T14:08:54,1000.0,10.4,B
2021-06-17T14:08:27,100.0,10.4,B
2021-06-17T14:08:19,200.0,10.3,S
2021-06-17T14:07:52,5000.0,10.3,S
2021-06-17T14:07:34,100.0,10.3,S
2021-06-17T14:07:10,5000.0,10.3,S
2021-06-17T14:06:24,100.0,10.4,B
2021-06-17T14:06:06,2000.0,10.3,S
2021-06-17T14:05:43,1000.0,10.3,S
2021-06-17T14:05:37,100.0,10.3,S
2021-06-17T14:05:20,1000.0,10.3,S
2021-06-17T14:04:19,600.0,10.3,S
2021-06-17T14:04:13,1000.0,10.3,S
2021-06-17T14:03:57,1000.0,10.3,S
2021-06-17T14:03:37,7000.0,10.3,S
2021-06-17T14:03:34,1000.0,10.3,S
2021-06-17T14:03:31,800.0,10.3,S
2021-06-17T14:02:53,300.0,10.3,S
2021-06-17T14:02:46,7000.0,10.3,S
2021-06-17T14:01:20,100.0,10.4,B
2021-06-17T14:01:10,12000.0,10.3,S
2021-06-17T14:00:46,1000.0,10.4,B
2021-06-17T13:59:43,5000.0,10.3,S
2021-06-17T13:59:16,5000.0,10.3,S
2021-06-17T13:59:13,1300.0,10.3,S
2021-06-17T13:59:07,7000.0,10.3,S
2021-06-17T13:58:49,10000.0,10.3,S
2021-06-17T13:58:48,3000.0,10.3,S
2021-06-17T13:57:59,2000.0,10.3,S
2021-06-17T13:57:44,500.0,10.3,S
2021-06-17T13:57:35,1100.0,10.3,S
2021-06-17T13:57:34,10000.0,10.3,S
2021-06-17T13:57:08,200.0,10.3,S
2021-06-17T13:56:55,200.0,10.4,B
2021-06-17T13:56:34,200.0,10.3,S
2021-06-17T13:56:26,23300.0,10.3,S
2021-06-17T13:56:06,4400.0,10.3,S
2021-06-17T13:53:50,100.0,10.3,S
2021-06-17T13:53:39,400.0,10.3,S
2021-06-17T13:52:46,1500.0,10.3,S
2021-06-17T13:52:21,500.0,10.3,S
2021-06-17T13:52:21,1000.0,10.3,S
2021-06-17T13:51:57,2000.0,10.3,S
2021-06-17T13:51:47,7000.0,10.3,S
2021-06-17T13:51:28,2000.0,10.3,S
2021-06-17T13:51:24,1500.0,10.3,S
2021-06-17T13:50:32,500.0,10.3,S
2021-06-17T13:50:22,500.0,10.3,S
2021-06-17T13:49:17,100.0,10.3,S
2021-06-17T13:48:50,1000.0,10.3,S
2021-06-17T13:47:10,400.0,10.3,S
2021-06-17T13:46:59,700.0,10.3,S
2021-06-17T13:46:32,2000.0,10.3,S
2021-06-17T13:46:22,200.0,10.3,S
2021-06-17T13:46:19,5000.0,10.3,S
2021-06-17T13:46:18,1000.0,10.3,S
2021-06-17T13:46:17,200.0,10.3,S
2021-06-17T13:45:30,100.0,10.3,S
2021-06-17T13:45:14,20200.0,10.3,S
2021-06-17T13:44:35,5400.0,10.3,S
2021-06-17T13:43:37,1000.0,10.3,S
2021-06-17T13:43:26,1000.0,10.3,S
2021-06-17T13:40:42,200.0,10.3,S
2021-06-17T13:39:08,1000.0,10.3,S
2021-06-17T13:38:58,500.0,10.3,S
2021-06-17T13:38:58,1500.0,10.3,S
2021-06-17T13:38:36,100.0,10.3,S
2021-06-17T13:37:57,5000.0,10.3,S
2021-06-17T13:37:49,300.0,10.4,B
2021-06-17T13:37:21,100.0,10.4,B
2021-06-17T13:37:01,100.0,10.3,S
2021-06-17T13:35:47,1000.0,10.3,S
2021-06-17T13:35:36,20000.0,10.3,S
2021-06-17T13:35:06,1000.0,10.4,B
2021-06-17T13:34:48,100.0,10.4,B
2021-06-17T13:34:16,100.0,10.4,B
2021-06-17T13:33:13,100.0,10.4,B
2021-06-17T13:33:08,500.0,10.3,S
2021-06-17T13:33:06,5000.0,10.3,S
2021-06-17T13:32:47,5000.0,10.3,S
2021-06-17T13:31:58,1000.0,10.3,S
2021-06-17T13:31:07,1700.0,10.3,S
2021-06-17T13:30:39,5000.0,10.3,S
2021-06-17T13:30:15,5000.0,10.3,S
2021-06-17T13:30:14,300.0,10.4,B
2021-06-17T13:29:36,200.0,10.4,B
2021-06-17T13:28:14,300.0,10.4,B
2021-06-17T13:27:22,900.0,10.4,B
2021-06-17T13:27:08,200.0,10.4,B
2021-06-17T13:26:59,500.0,10.4,B
2021-06-17T13:26:31,100.0,10.3,S
2021-06-17T13:24:45,400.0,10.4,B
2021-06-17T13:24:26,300.0,10.4,B
2021-06-17T13:23:42,500.0,10.4,B
2021-06-17T13:23:39,800.0,10.3,S
2021-06-17T13:23:28,1000.0,10.3,S
2021-06-17T13:21:03,1000.0,10.3,S
2021-06-17T13:20:53,100.0,10.3,S
2021-06-17T13:20:21,5000.0,10.3,S
2021-06-17T13:20:19,100.0,10.4,B
2021-06-17T13:20:12,1000.0,10.4,B
2021-06-17T13:19:28,100.0,10.4,B
2021-06-17T13:18:04,1500.0,10.4,B
2021-06-17T13:17:41,6000.0,10.4,B
2021-06-17T13:17:27,1000.0,10.4,B
2021-06-17T13:17:06,3000.0,10.4,B
2021-06-17T13:17:03,2000.0,10.4,B
2021-06-17T13:17:01,2400.0,10.3,S
2021-06-17T13:16:53,2600.0,10.4,B
2021-06-17T13:16:29,300.0,10.4,B
2021-06-17T13:16:21,100.0,10.3,S
2021-06-17T13:15:32,2500.0,10.3,S
2021-06-17T13:14:45,9000.0,10.3,S
2021-06-17T13:14:20,100.0,10.3,S
2021-06-17T13:13:22,11000.0,10.3,S
2021-06-17T13:13:09,3900.0,10.3,S
2021-06-17T13:12:56,100.0,10.4,B
2021-06-17T13:12:11,100.0,10.3,S
2021-06-17T13:11:52,1000.0,10.4,B
2021-06-17T13:11:00,200.0,10.4,B
2021-06-17T13:10:44,100.0,10.4,B
2021-06-17T13:10:24,100.0,10.4,B
2021-06-17T13:10:12,300.0,10.3,S
2021-06-17T13:09:45,20000.0,10.3,S
2021-06-17T13:09:25,1000.0,10.3,S
2021-06-17T13:08:56,1200.0,10.3,S
2021-06-17T13:08:55,23900.0,10.4,B
2021-06-17T13:07:59,4000.0,10.3,S
2021-06-17T13:06:34,5000.0,10.3,S
2021-06-17T13:06:00,3000.0,10.3,S
2021-06-17T13:05:38,100.0,10.3,S
2021-06-17T13:03:19,100.0,10.3,S
2021-06-17T13:02:22,10000.0,10.3,S
2021-06-17T13:00:08,2000.0,10.3,S
2021-06-17T13:00:02,200.0,10.4,B
2021-06-17T13:00:02,2000.0,10.4,B
2021-06-17T13:00:02,2000.0,10.4,B
2021-06-17T11:30:01,1400.0,10.4,B
2021-06-17T11:29:06,200.0,10.4,B
2021-06-17T11:28:52,300.0,10.3,S
2021-06-17T11:26:52,100.0,10.4,B
2021-06-17T11:26:13,9100.0,10.3,S
2021-06-17T11:26:08,500.0,10.3,B
2021-06-17T11:26:00,300.0,10.3,B
2021-06-17T11:25:41,2000.0,10.3,B
2021-06-17T11:25:33,10000.0,10.3,B
2021-06-17T11:25:24,300.0,10.3,B
2021-06-17T11:24:55,5000.0,10.3,B
2021-06-17T11:24:33,5000.0,10.3,B
2021-06-17T11:23:49,200.0,10.3,B
2021-06-17T11:23:40,1000.0,10.3,B
2021-06-17T11:23:36,3000.0,10.3,B
2021-06-17T11:23:13,100.0,10.3,B
2021-06-17T11:23:02,5000.0,10.3,B
2021-06-17T11:22:54,20500.0,10.3,S
2021-06-17T11:22:45,100.0,10.3,S
2021-06-17T11:21:47,500.0,10.3,S
2021-06-17T11:21:01,100.0,10.3,S
2021-06-17T11:20:54,1000.0,10.3,S
2021-06-17T11:20:53,300.0,10.3,S
2021-06-17T11:20:53,200.0,10.3,S
2021-06-17T11:19:44,5000.0,10.3,S
2021-06-17T11:19:36,300.0,10.3,S
2021-06-17T11:19:27,200.0,10.3,S
2021-06-17T11:19:09,300.0,10.3,B
2021-06-17T11:18:59,3000.0,10.3,B
2021-06-17T11:18:20,300.0,10.3,B
2021-06-17T11:17:48,1000.0,10.3,B
2021-06-17T11:17:24,1000.0,10.3,B
2021-06-17T11:17:09,100.0,10.3,B
2021-06-17T11:17:08,1000.0,10.3,B
2021-06-17T11:16:55,12000.0,10.3,B
2021-06-17T11:16:50,1300.0,10.3,B
2021-06-17T11:16:38,1000.0,10.3,B
2021-06-17T11:14:39,6100.0,10.3,B
2021-06-17T11:14:35,100.0,10.4,B
2021-06-17T11:14:26,1300.0,10.3,S
2021-06-17T11:13:53,10000.0,10.3,S
2021-06-17T11:13:29,4000.0,10.3,S
2021-06-17T11:11:35,100.0,10.3,S
2021-06-17T11:11:26,10000.0,10.3,S
2021-06-17T11:09:20,3400.0,10.3,B
2021-06-17T11:09:03,1500.0,10.3,B
2021-06-17T11:08:50,500.0,10.3,B
2021-06-17T11:08:45,3000.0,10.3,B
2021-06-17T11:08:40,200.0,10.3,B
2021-06-17T11:08:21,19500.0,10.3,B
2021-06-17T11:08:10,2000.0,10.3,B
2021-06-17T11:07:48,500.0,10.3,B
2021-06-17T11:07:41,100.0,10.3,B
2021-06-17T11:07:39,200.0,10.3,B
2021-06-17T11:07:34,1400.0,10.3,B
2021-06-17T11:07:32,40600.0,10.3,B
2021-06-17T11:06:59,200.0,10.3,B
2021-06-17T11:06:33,4000.0,10.3,B
2021-06-17T11:06:18,3000.0,10.3,B
2021-06-17T11:06:10,3000.0,10.3,B
2021-06-17T11:05:54,6000.0,10.3,B
2021-06-17T11:05:34,1000.0,10.3,B
2021-06-17T11:05:13,1000.0,10.3,B
2021-06-17T11:05:12,500.0,10.3,B
2021-06-17T11:05:02,3000.0,10.3,B
2021-06-17T11:04:07,200.0,10.2,S
2021-06-17T11:03:06,200.0,10.3,B
2021-06-17T11:03:03,100.0,10.3,B
2021-06-17T11:02:52,3000.0,10.3,B
2021-06-17T11:02:51,1000.0,10.3,B
2021-06-17T11:02:02,500.0,10.3,B
2021-06-17T11:01:11,1000.0,10.3,B
2021-06-17T11:01:00,300.0,10.3,B
2021-06-17T11:00:53,100.0,10.3,B
2021-06-17T11:00:52,2500.0,10.3,B
2021-06-17T11:00:31,200.0,10.3,B
2021-06-17T11:00:19,1000.0,10.3,B
2021-06-17T10:58:46,100.0,10.3,B
2021-06-17T10:58:38,1000.0,10.3,B
2021-06-17T10:58:17,200.0,10.3,B
2021-06-17T10:58:16,8600.0,10.3,S
2021-06-17T10:57:46,4400.0,10.3,B
2021-06-17T10:57:39,400.0,10.3,B
2021-06-17T10:57:39,100.0,10.3,B
2021-06-17T10:57:35,20000.0,10.3,B
2021-06-17T10:57:32,500.0,10.3,B
2021-06-17T10:57:00,100.0,10.3,B
2021-06-17T10:56:34,1000.0,10.3,B
2021-06-17T10:56:32,100.0,10.3,B
2021-06-17T10:56:23,100.0,10.3,B
2021-06-17T10:56:19,1600.0,10.3,B
2021-06-17T10:55:13,2000.0,10.3,B
2021-06-17T10:54:40,6300.0,10.3,S
2021-06-17T10:53:43,6500.0,10.3,S
2021-06-17T10:53:41,100.0,10.3,S
2021-06-17T10:53:14,5000.0,10.3,S
2021-06-17T10:51:17,10000.0,10.3,S
2021-06-17T10:50:23,20000.0,10.3,S
2021-06-17T10:49:55,20000.0,10.3,S
2021-06-17T10:49:39,1100.0,10.3,S
2021-06-17T10:49:35,20000.0,10.3,S
2021-06-17T10:49:10,20000.0,10.3,S
2021-06-17T10:48:04,100.0,10.4,B
2021-06-17T10:47:57,1000.0,10.3,S
2021-06-17T10:47:29,20000.0,10.3,S
2021-06-17T10:46:49,2000.0,10.3,S
2021-06-17T10:46:43,400.0,10.3,S
2021-06-17T10:45:22,900.0,10.3,S
2021-06-17T10:44:27,100.0,10.3,S
2021-06-17T10:42:40,2000.0,10.4,B
2021-06-17T10:42:33,100.0,10.3,S
2021-06-17T10:42:32,2000.0,10.3,S
2021-06-17T10:41:56,2000.0,10.3,S
2021-06-17T10:40:42,35000.0,10.3,S
2021-06-17T10:40:15,5000.0,10.3,S
2021-06-17T10:38:46,900.0,10.3,S
2021-06-17T10:38:38,7800.0,10.3,S
2021-06-17T10:37:46,700.0,10.3,S
2021-06-17T10:36:28,15000.0,10.3,S
2021-06-17T10:36:08,30000.0,10.3,S
2021-06-17T10:35:53,3000.0,10.3,S
2021-06-17T10:35:44,16000.0,10.3,B
2021-06-17T10:35:16,500.0,10.3,B
2021-06-17T10:35:12,5000.0,10.3,B
2021-06-17T10:34:51,500.0,10.3,B
2021-06-17T10:34:34,5000.0,10.3,B
2021-06-17T10:34:29,1000.0,10.3,B
2021-06-17T10:34:26,300.0,10.3,B
2021-06-17T10:34:14,1300.0,10.3,B
2021-06-17T10:33:50,800.0,10.3,B
2021-06-17T10:33:27,300.0,10.3,B
2021-06-17T10:33:24,30000.0,10.3,B
2021-06-17T10:33:12,1000.0,10.3,B
2021-06-17T10:32:52,500.0,10.3,B
2021-06-17T10:32:47,1000.0,10.3,B
2021-06-17T10:32:45,1000.0,10.3,B
2021-06-17T10:32:34,300.0,10.3,S
2021-06-17T10:32:24,200.0,10.3,B
2021-06-17T10:32:19,4800.0,10.3,S
2021-06-17T10:32:10,5000.0,10.3,S
2021-06-17T10:31:59,8000.0,10.3,S
2021-06-17T10:31:46,6000.0,10.3,S
2021-06-17T10:31:19,1000.0,10.3,S
2021-06-17T10:30:41,5000.0,10.3,S
2021-06-17T10:30:09,300.0,10.4,B
2021-06-17T10:29:22,2000.0,10.3,S
2021-06-17T10:27:53,1000.0,10.3,S
2021-06-17T10:27:09,100.0,10.3,S
2021-06-17T10:27:08,1000.0,10.4,B
2021-06-17T10:26:37,10000.0,10.3,S
2021-06-17T10:26:10,100.0,10.3,S
2021-06-17T10:26:10,1000.0,10.3,S
2021-06-17T10:24:58,4000.0,10.3,S
2021-06-17T10:24:54,1000.0,10.4,B
2021-06-17T10:24:41,600.0,10.4,B
2021-06-17T10:24:25,1000.0,10.4,B
2021-06-17T10:23:55,1000.0,10.4,B
2021-06-17T10:23:34,1000.0,10.4,B
2021-06-17T10:23:05,15000.0,10.3,S
2021-06-17T10:22:42,1000.0,10.3,S
2021-06-17T10:22:26,200.0,10.3,S
2021-06-17T10:22:21,100.0,10.4,B
2021-06-17T10:21:57,1000.0,10.3,S
2021-06-17T10:21:12,700.0,10.3,S
2021-06-17T10:21:10,2000.0,10.3,S
2021-06-17T10:19:44,10000.0,10.3,S
2021-06-17T10:19:28,5000.0,10.3,S
2021-06-17T10:19:17,1100.0,10.4,B
2021-06-17T10:18:42,3000.0,10.3,S
2021-06-17T10:18:10,1000.0,10.3,S
2021-06-17T10:17:47,5300.0,10.2,S
2021-06-17T10:17:47,400.0,10.3,B
2021-06-17T10:17:37,31900.0,10.3,S
2021-06-17T10:17:06,1300.0,10.3,S
2021-06-17T10:16:45,2000.0,10.3,S
2021-06-17T10:16:35,500.0,10.4,B
2021-06-17T10:15:53,2000.0,10.3,S
2021-06-17T10:15:52,5000.0,10.3,S
2021-06-17T10:14:26,5000.0,10.3,S
2021-06-17T10:13:35,10000.0,10.3,S
2021-06-17T10:12:48,100.0,10.3,S
2021-06-17T10:12:38,200.0,10.3,S
2021-06-17T10:12:20,500.0,10.3,S
2021-06-17T10:11:32,200.0,10.3,S
2021-06-17T10:11:15,100.0,10.3,S
2021-06-17T10:11:14,1000.0,10.3,S
2021-06-17T10:10:22,500.0,10.3,S
2021-06-17T10:10:02,1300.0,10.3,S
2021-06-17T10:09:50,1000.0,10.3,B
2021-06-17T10:09:45,100.0,10.3,B
2021-06-17T10:09:08,1000.0,10.3,B
2021-06-17T10:09:03,200.0,10.3,B
2021-06-17T10:08:48,1000.0,10.3,B
2021-06-17T10:08:44,500.0,10.3,B
2021-06-17T10:08:40,1300.0,10.3,S
2021-06-17T10:08:32,7800.0,10.3,S
2021-06-17T10:08:28,1000.0,10.3,S
2021-06-17T10:07:06,5000.0,10.3,S
2021-06-17T10:06:40,2000.0,10.3,S
2021-06-17T10:06:40,500.0,10.3,S
2021-06-17T10:06:40,100.0,10.3,S
2021-06-17T10:06:34,1000.0,10.3,S
2021-06-17T10:06:30,1600.0,10.3,S
2021-06-17T10:05:35,15000.0,10.3,S
2021-06-17T10:05:23,500.0,10.3,S
2021-06-17T10:02:27,500.0,10.3,S
2021-06-17T10:01:36,1300.0,10.3,S
2021-06-17T10:00:40,1000.0,10.3,S
2021-06-17T10:00:36,300.0,10.3,S
2021-06-17T10:00:30,300.0,10.3,S
2021-06-17T10:00:06,300.0,10.3,S
2021-06-17T09:59:30,1000.0,10.3,S
2021-06-17T09:58:46,1200.0,10.4,B
2021-06-17T09:57:59,100.0,10.4,B
2021-06-17T09:57:35,1000.0,10.4,B
2021-06-17T09:56:47,200.0,10.3,S
2021-06-17T09:56:12,2900.0,10.3,B
2021-06-17T09:56:04,300.0,10.3,B
2021-06-17T09:55:57,3000.0,10.3,B
2021-06-17T09:55:47,2000.0,10.3,B
2021-06-17T09:54:32,900.0,10.3,B
2021-06-17T09:54:28,3000.0,10.3,B
2021-06-17T09:54:08,500.0,10.3,B
2021-06-17T09:53:23,800.0,10.3,B
2021-06-17T09:52:51,5000.0,10.3,B
2021-06-17T09:52:36,200.0,10.3,B
2021-06-17T09:51:45,1000.0,10.3,B
2021-06-17T09:51:31,300.0,10.3,B
2021-06-17T09:50:28,1000.0,10.3,B
2021-06-17T09:49:38,600.0,10.3,B
2021-06-17T09:49:37,100.0,10.3,B
2021-06-17T09:49:34,500.0,10.3,S
2021-06-17T09:49:02,500.0,10.3,S
2021-06-17T09:48:28,15000.0,10.3,S
2021-06-17T09:47:10,500.0,10.3,S
2021-06-17T09:46:38,4800.0,10.3,S
2021-06-17T09:46:38,400.0,10.3,S
2021-06-17T09:46:23,200.0,10.3,S
2021-06-17T09:45:55,1000.0,10.3,S
2021-06-17T09:45:36,400.0,10.3,S
2021-06-17T09:45:24,3000.0,10.3,S
2021-06-17T09:45:08,200.0,10.3,S
2021-06-17T09:44:52,5000.0,10.3,S
2021-06-17T09:44:05,100.0,10.3,B
2021-06-17T09:43:53,1600.0,10.3,B
2021-06-17T09:43:45,2100.0,10.3,B
2021-06-17T09:43:24,500.0,10.3,B
2021-06-17T09:43:23,5000.0,10.3,B
2021-06-17T09:43:07,2500.0,10.3,B
2021-06-17T09:42:05,9700.0,10.3,B
2021-06-17T09:42:02,7000.0,10.2,S
2021-06-17T09:41:48,10000.0,10.3,B
2021-06-17T09:41:12,100.0,10.3,B
2021-06-17T09:40:54,300.0,10.2,S
2021-06-17T09:40:08,1000.0,10.3,B
2021-06-17T09:39:38,100.0,10.3,B
2021-06-17T09:39:30,500.0,10.3,B
2021-06-17T09:39:25,5000.0,10.3,B
2021-06-17T09:38:44,2000.0,10.3,B
2021-06-17T09:38:19,200.0,10.3,B
2021-06-17T09:38:12,5000.0,10.3,B
2021-06-17T09:37:45,1000.0,10.3,B
2021-06-17T09:37:31,1000.0,10.3,B
2021-06-17T09:37:25,3000.0,10.3,B
2021-06-17T09:36:57,200.0,10.3,B
2021-06-17T09:36:51,2000.0,10.3,B
2021-06-17T09:36:48,300.0,10.3,B
2021-06-17T09:36:44,59800.0,10.3,B
2021-06-17T09:34:53,500.0,10.3,S
2021-06-17T09:33:33,7000.0,10.3,B
2021-06-17T09:33:32,100.0,10.3,B
2021-06-17T09:33:27,1000.0,10.3,B
2021-06-17T09:33:19,5000.0,10.3,B
2021-06-17T09:33:13,100.0,10.3,B
2021-06-17T09:33:04,5000.0,10.3,B
2021-06-17T09:33:03,1000.0,10.3,B
2021-06-17T09:32:51,100000.0,10.3,B
2021-06-17T09:32:38,10400.0,10.3,B
2021-06-17T09:32:22,2000.0,10.3,B
2021-06-17T09:31:53,2000.0,10.3,B
2021-06-17T09:31:47,5000.0,10.3,B
2021-06-17T09:31:42,900.0,10.3,B
2021-06-17T09:31:11,1000.0,10.3,B
2021-06-17T09:30:25,1500.0,10.2,S
2021-06-17T09:30:12,1000.0,10.2,S
2021-06-17T09:29:45,200.0,10.2,S
2021-06-17T09:29:34,3000.0,10.2,S
2021-06-17T09:29:32,100.0,10.3,B
2021-06-17T09:29:24,1000.0,10.3,B
2021-06-17T09:29:04,100.0,10.2,S
2021-06-17T09:27:30,200.0,10.2,S
2021-06-17T09:27:14,1000.0,10.2,S
2021-06-17T09:26:36,100.0,10.2,S
2021-06-17T09:26:23,2000.0,10.2,S
2021-06-17T09:26:03,3000.0,10.2,S
2021-06-17T09:25:40,51200.0,10.2,S
2021-06-17T09:25:16,1000.0,10.2,S
2021-06-17T09:24:30,1000.0,10.2,S
2021-06-17T09:23:49,1600.0,10.2,S
2021-06-17T09:23:39,10000.0,10.3,B
2021-06-17T09:22:42,100.0,10.3,B
2021-06-17T09:22:36,1000.0,10.2,S
2021-06-17T09:22:29,100.0,10.2,S
2021-06-17T09:22:23,200.0,10.2,S
2021-06-17T09:21:51,400.0,10.2,S
2021-06-17T09:21:36,3000.0,10.2,S
2021-06-17T09:21:10,100.0,10.2,S
2021-06-17T09:21:00,1000.0,10.2,S
2021-06-17T09:20:49,2000.0,10.2,S
2021-06-17T09:20:18,96300.0,10.2,B
2021-06-17T09:20:18,1000.0,10.2,B
2021-06-17T09:20:18,10000.0,10.2,B
2021-06-17T09:19:13,3500.0,10.2,B
2021-06-17T09:19:04,1200.0,10.2,B
2021-06-17T09:18:50,5000.0,10.2,B
2021-06-17T09:18:39,9000.0,10.2,B
2021-06-17T09:17:51,2000.0,10.2,B
2021-06-17T09:17:49,8000.0,10.2,B
2021-06-17T09:17:48,200.0,10.2,B
2021-06-17T09:17:45,400.0,10.2,B
2021-06-17T09:17:22,3000.0,10.2,B
2021-06-17T09:17:18,50000.0,10.2,B
2021-06-17T09:16:52,4000.0,10.2,B
2021-06-17T09:16:38,500.0,10.2,B
2021-06-17T09:16:33,300.0,10.2,B
2021-06-17T09:16:23,100.0,10.2,B
2021-06-17T09:16:14,1700.0,10.2,B
2021-06-17T09:15:56,400.0,10.2,B
2021-06-17T09:15:36,100.0,10.2,B
2021-06-17T09:15:28,5000.0,10.2,B
2021-06-17T09:14:34,600.0,10.2,B
2021-06-17T09:14:14,500.0,10.2,B
2021-06-17T09:14:12,10000.0,10.2,B
2021-06-17T09:14:02,500.0,10.2,B
2021-06-17T09:13:59,700.0,10.2,B
2021-06-17T09:13:54,1500.0,10.2,B
2021-06-17T09:13:29,100.0,10.2,B
2021-06-17T09:13:02,1000.0,10.2,B
2021-06-17T09:13:01,7300.0,10.2,S
2021-06-17T09:12:20,5000.0,10.2,S
2021-06-17T09:12:14,8100.0,10.2,S
2021-06-17T09:12:14,1400.0,10.2,B
2021-06-17T09:12:11,500.0,10.2,B
2021-06-17T09:12:10,200.0,10.1,S
2021-06-17T09:12:09,40000.0,10.2,B
2021-06-17T09:10:55,1000.0,10.2,S
2021-06-17T09:10:53,20000.0,10.2,S
2021-06-17T09:10:43,1000.0,10.2,S
2021-06-17T09:10:43,1000.0,10.2,S
2021-06-17T09:10:42,20000.0,10.2,B
2021-06-17T09:10:40,1800.0,10.2,B
2021-06-17T09:10:30,200.0,10.2,B
2021-06-17T09:10:29,100.0,10.2,B
2021-06-17T09:10:23,1000.0,10.2,B
2021-06-17T09:10:20,5000.0,10.2,B
2021-06-17T09:10:16,10000.0,10.2,B
2021-06-17T09:09:56,1000.0,10.1,S
2021-06-17T09:09:36,1000.0,10.1,S
2021-06-17T09:09:29,2000.0,10.2,B
2021-06-17T09:09:26,1000.0,10.2,B
2021-06-17T09:09:23,2000.0,10.2,B
2021-06-17T09:09:21,1500.0,10.1,S
2021-06-17T09:09:15,300.0,10.2,B
2021-06-17T09:09:09,100.0,10.2,B
2021-06-17T09:08:33,200.0,10.1,B
2021-06-17T09:08:26,2000.0,10.1,B
2021-06-17T09:08:26,5000.0,10.1,B
2021-06-17T09:08:23,2000.0,10.1,B
2021-06-17T09:08:22,3000.0,10.1,B
2021-06-17T09:08:21,87800.0,10.1,S
2021-06-17T09:08:03,50000.0,10.2,S
2021-06-17T09:07:53,100000.0,10.2,S
2021-06-17T09:07:40.071,300.0,10.3,B
2021-06-17T09:07:01.863,2000.0,10.3,B
2021-06-17T09:05:52.939,200.0,10.3,B
2021-06-17T09:05:19.501,36000.0,10.3,S
2021-06-17T09:04:38,1100.0,10.4,B
2021-06-17T09:04:38,500.0,10.4,B
2021-06-17T09:04:34,300.0,10.4,B
2021-06-17T09:04:34,3700.0,10.4,B
