tradingTime,volume,price,side
2021-06-17T14:30:24,2000.0,51.0,B
2021-06-17T14:30:24,200.0,51.0,B
2021-06-17T14:30:09,300.0,50.9,S
2021-06-17T14:29:59,10000.0,51.0,B
2021-06-17T14:29:55,100.0,51.0,B
2021-06-17T14:29:49,100.0,50.9,S
2021-06-17T14:29:47,2000.0,50.9,S
2021-06-17T14:29:45,1500.0,51.0,B
2021-06-17T14:29:42,200.0,51.0,B
2021-06-17T14:29:40,10000.0,51.0,B
2021-06-17T14:29:34,1500.0,51.0,B
2021-06-17T14:29:32,1000.0,50.9,S
2021-06-17T14:29:24,100.0,51.0,B
2021-06-17T14:29:24,500.0,51.0,B
2021-06-17T14:29:10,1000.0,50.9,B
2021-06-17T14:29:09,200.0,50.9,B
2021-06-17T14:29:05,200.0,50.9,B
2021-06-17T14:29:05,100.0,50.9,B
2021-06-17T14:28:56,1000.0,50.9,B
2021-06-17T14:28:54,500.0,50.9,B
2021-06-17T14:28:54,400.0,50.9,B
2021-06-17T14:28:49,300.0,50.9,B
2021-06-17T14:28:47,200.0,50.9,B
2021-06-17T14:28:46,200.0,50.9,B
2021-06-17T14:28:44,500.0,50.9,B
2021-06-17T14:28:44,500.0,50.8,S
2021-06-17T14:28:43,500.0,50.9,B
2021-06-17T14:28:42,1900.0,50.8,S
2021-06-17T14:28:42,1300.0,50.8,S
2021-06-17T14:28:42,300.0,50.8,S
2021-06-17T14:28:42,2400.0,50.8,S
2021-06-17T14:28:42,8600.0,50.8,S
2021-06-17T14:28:42,1100.0,50.8,S
2021-06-17T14:28:41,300.0,50.9,B
2021-06-17T14:28:38,600.0,50.9,B
2021-06-17T14:28:36,100.0,50.9,B
2021-06-17T14:28:36,500.0,50.9,B
2021-06-17T14:28:34,100.0,50.9,B
2021-06-17T14:28:32,500.0,50.9,B
2021-06-17T14:28:27,1000.0,50.9,B
2021-06-17T14:28:27,100.0,50.8,S
2021-06-17T14:28:10,1000.0,50.9,B
2021-06-17T14:28:07,400.0,50.9,B
2021-06-17T14:28:04,500.0,50.9,B
2021-06-17T14:27:59,500.0,50.9,B
2021-06-17T14:27:58,100.0,50.9,B
2021-06-17T14:27:58,300.0,50.9,B
2021-06-17T14:27:49,800.0,50.9,B
2021-06-17T14:27:46,1000.0,50.9,B
2021-06-17T14:27:39,300.0,50.9,B
2021-06-17T14:27:38,200.0,50.8,S
2021-06-17T14:27:32,20000.0,51.0,B
2021-06-17T14:27:32,1500.0,50.9,B
2021-06-17T14:27:30,400.0,50.9,B
2021-06-17T14:27:28,600.0,50.9,B
2021-06-17T14:27:27,200.0,50.9,B
2021-06-17T14:27:26,100.0,50.9,B
2021-06-17T14:27:22,1000.0,50.8,S
2021-06-17T14:27:22,2500.0,51.0,B
2021-06-17T14:27:10,1500.0,50.9,B
2021-06-17T14:27:07,700.0,50.9,B
2021-06-17T14:27:06,2900.0,50.9,B
2021-06-17T14:27:03,1000.0,50.9,B
2021-06-17T14:27:03,600.0,50.9,B
2021-06-17T14:27:00,500.0,50.9,B
2021-06-17T14:27:00,900.0,50.8,S
2021-06-17T14:27:00,800.0,50.8,S
2021-06-17T14:27:00,400.0,50.8,S
2021-06-17T14:26:59,2900.0,50.8,S
2021-06-17T14:26:59,300.0,50.8,S
2021-06-17T14:26:58,400.0,50.9,B
2021-06-17T14:26:50,1900.0,50.9,B
2021-06-17T14:26:48,500.0,50.9,B
2021-06-17T14:26:45,500.0,50.9,B
2021-06-17T14:26:42,100.0,50.9,B
2021-06-17T14:26:42,1000.0,50.8,S
2021-06-17T14:26:41,1200.0,50.8,S
2021-06-17T14:26:41,3500.0,50.8,S
2021-06-17T14:26:41,28300.0,50.8,S
2021-06-17T14:26:40,1000.0,50.9,B
2021-06-17T14:26:35,400.0,50.9,B
2021-06-17T14:26:33,2000.0,50.9,B
2021-06-17T14:26:32,100.0,50.9,B
2021-06-17T14:26:27,30000.0,50.9,B
2021-06-17T14:26:11,1000.0,50.9,B
2021-06-17T14:26:09,500.0,50.9,B
2021-06-17T14:26:09,100.0,50.9,B
2021-06-17T14:26:05,500.0,50.9,B
2021-06-17T14:26:02,3000.0,50.9,B
2021-06-17T14:26:02,1500.0,50.9,B
2021-06-17T14:26:01,500.0,50.9,B
2021-06-17T14:26:00,200.0,50.9,B
2021-06-17T14:25:58,1300.0,50.9,B
2021-06-17T14:25:57,100.0,50.9,B
2021-06-17T14:25:52,1000.0,50.9,B
2021-06-17T14:25:51,400.0,50.8,S
2021-06-17T14:25:49,1000.0,50.9,B
2021-06-17T14:25:48,400.0,50.9,B
2021-06-17T14:25:47,2000.0,50.9,B
2021-06-17T14:25:44,300.0,50.9,B
2021-06-17T14:25:43,100.0,50.9,B
2021-06-17T14:25:39,10000.0,50.8,S
2021-06-17T14:25:39,100.0,50.9,B
2021-06-17T14:25:39,200.0,50.9,B
2021-06-17T14:25:36,10000.0,50.9,B
2021-06-17T14:25:34,300.0,50.9,B
2021-06-17T14:25:33,500.0,50.9,B
2021-06-17T14:25:30,400.0,50.9,B
2021-06-17T14:25:29,10000.0,50.9,B
2021-06-17T14:25:27,300.0,50.9,B
2021-06-17T14:25:26,5000.0,50.9,B
2021-06-17T14:25:24,200.0,50.9,B
2021-06-17T14:25:21,300.0,50.9,B
2021-06-17T14:25:09,1000.0,50.9,S
2021-06-17T14:25:07,200.0,50.9,S
2021-06-17T14:25:06,100.0,50.9,S
2021-06-17T14:25:06,200.0,50.9,S
2021-06-17T14:25:06,2000.0,50.9,S
2021-06-17T14:25:06,3000.0,50.9,S
2021-06-17T14:25:06,1500.0,50.9,S
2021-06-17T14:25:06,3100.0,50.9,S
2021-06-17T14:25:06,2300.0,50.9,S
2021-06-17T14:25:06,700.0,50.9,S
2021-06-17T14:25:06,600.0,50.9,S
2021-06-17T14:25:06,4600.0,50.9,S
2021-06-17T14:25:06,1800.0,50.9,S
2021-06-17T14:25:06,10200.0,50.9,S
2021-06-17T14:25:06,500.0,50.9,S
2021-06-17T14:25:06,4600.0,50.9,S
2021-06-17T14:25:06,2300.0,50.9,S
2021-06-17T14:25:06,2600.0,50.9,S
2021-06-17T14:25:03,1000.0,51.0,B
2021-06-17T14:24:59,100.0,51.0,B
2021-06-17T14:24:59,100.0,51.0,B
2021-06-17T14:24:53,800.0,50.9,S
2021-06-17T14:24:50,1000.0,51.0,B
2021-06-17T14:24:50,17800.0,51.0,B
2021-06-17T14:24:46,100.0,51.0,B
2021-06-17T14:24:44,900.0,51.0,B
2021-06-17T14:24:40,1000.0,50.9,S
2021-06-17T14:24:40,300.0,51.0,B
2021-06-17T14:24:39,10000.0,51.0,B
2021-06-17T14:24:38,500.0,51.0,B
2021-06-17T14:24:31,2000.0,51.0,B
2021-06-17T14:24:30,5000.0,51.0,B
2021-06-17T14:24:26,1000.0,51.0,B
2021-06-17T14:24:25,500.0,51.0,B
2021-06-17T14:24:25,300.0,51.0,B
2021-06-17T14:24:22,100.0,51.0,B
2021-06-17T14:24:02,100.0,51.0,B
2021-06-17T14:23:57,3000.0,51.0,B
2021-06-17T14:23:53,100.0,51.0,B
2021-06-17T14:23:51,200.0,51.0,B
2021-06-17T14:23:49,500.0,51.0,B
2021-06-17T14:23:47,3000.0,51.0,B
2021-06-17T14:23:47,1000.0,51.0,B
2021-06-17T14:23:42,200.0,51.0,B
2021-06-17T14:23:41,200.0,51.0,B
2021-06-17T14:23:40,300.0,50.9,S
2021-06-17T14:23:38,500.0,51.0,B
2021-06-17T14:23:38,3000.0,51.0,B
2021-06-17T14:23:36,1000.0,51.0,B
2021-06-17T14:23:36,500.0,51.0,B
2021-06-17T14:23:36,100.0,51.0,B
2021-06-17T14:23:34,300.0,51.0,B
2021-06-17T14:23:31,5000.0,51.0,B
2021-06-17T14:23:28,1000.0,51.0,B
2021-06-17T14:23:23,200.0,51.0,B
2021-06-17T14:23:16,4200.0,51.0,B
2021-06-17T14:23:14,100.0,51.0,B
2021-06-17T14:23:04,600.0,51.0,B
2021-06-17T14:22:57,200.0,51.0,B
2021-06-17T14:22:56,100.0,51.0,B
2021-06-17T14:22:54,100.0,51.0,B
2021-06-17T14:22:53,10000.0,51.0,B
2021-06-17T14:22:51,200.0,51.0,B
2021-06-17T14:22:50,100.0,51.0,B
2021-06-17T14:22:50,400.0,51.0,B
2021-06-17T14:22:50,100.0,51.0,B
2021-06-17T14:22:50,400.0,51.0,B
2021-06-17T14:22:49,1000.0,50.9,S
2021-06-17T14:22:48,1000.0,50.9,S
2021-06-17T14:22:44,600.0,51.0,B
2021-06-17T14:22:44,400.0,51.0,B
2021-06-17T14:22:43,200.0,51.0,B
2021-06-17T14:22:43,300.0,51.0,B
2021-06-17T14:22:40,200.0,51.0,B
2021-06-17T14:22:40,200.0,51.0,B
2021-06-17T14:22:38,300.0,51.0,B
2021-06-17T14:22:37,900.0,51.0,B
2021-06-17T14:22:33,500.0,51.0,B
2021-06-17T14:22:33,8700.0,50.9,S
2021-06-17T14:22:33,1300.0,50.9,S
2021-06-17T14:22:31,3800.0,51.0,B
2021-06-17T14:22:31,900.0,51.0,B
2021-06-17T14:22:31,2000.0,51.0,B
2021-06-17T14:22:25,5000.0,51.0,B
2021-06-17T14:22:25,1000.0,51.0,B
2021-06-17T14:22:24,100.0,51.0,B
2021-06-17T14:22:21,600.0,50.9,S
2021-06-17T14:22:21,300.0,51.0,B
2021-06-17T14:22:20,1000.0,51.0,B
2021-06-17T14:22:20,300.0,51.0,B
2021-06-17T14:22:15,1300.0,51.0,B
2021-06-17T14:22:11,200.0,51.0,B
2021-06-17T14:22:11,1100.0,51.0,B
2021-06-17T14:22:08,300.0,51.0,B
2021-06-17T14:22:05,10000.0,50.9,S
2021-06-17T14:22:05,1000.0,51.0,B
2021-06-17T14:21:59,1000.0,51.0,B
2021-06-17T14:21:52,100.0,51.0,B
2021-06-17T14:21:52,300.0,51.0,B
2021-06-17T14:21:51,10000.0,51.0,B
2021-06-17T14:21:50,2500.0,50.9,S
2021-06-17T14:21:50,6000.0,50.9,S
2021-06-17T14:21:50,1900.0,50.9,S
2021-06-17T14:21:49,500.0,51.0,B
2021-06-17T14:21:38,900.0,51.0,B
2021-06-17T14:21:31,7000.0,51.0,B
2021-06-17T14:21:28,300.0,51.0,B
2021-06-17T14:21:25,1000.0,50.9,S
2021-06-17T14:21:21,14300.0,51.0,B
2021-06-17T14:21:20,3500.0,51.0,B
2021-06-17T14:21:20,100.0,50.9,S
2021-06-17T14:21:10,100.0,50.9,S
2021-06-17T14:21:03,7500.0,50.9,S
2021-06-17T14:20:40,2900.0,50.9,S
2021-06-17T14:20:40,1100.0,50.9,S
2021-06-17T14:20:39,200.0,50.9,S
2021-06-17T14:20:38,1800.0,51.0,B
2021-06-17T14:20:38,800.0,51.0,B
2021-06-17T14:20:38,3400.0,51.0,B
2021-06-17T14:20:32,500.0,50.9,S
2021-06-17T14:20:29,2300.0,51.0,B
2021-06-17T14:20:25,1800.0,50.9,S
2021-06-17T14:20:25,1200.0,50.9,S
2021-06-17T14:20:19,100.0,50.9,S
2021-06-17T14:20:15,1500.0,51.0,B
2021-06-17T14:20:13,4600.0,50.9,B
2021-06-17T14:20:13,500.0,50.9,B
2021-06-17T14:20:12,1500.0,50.9,B
2021-06-17T14:20:12,2200.0,50.9,B
2021-06-17T14:20:07,2700.0,50.9,B
2021-06-17T14:20:05,8000.0,50.9,B
2021-06-17T14:20:05,100.0,50.9,B
2021-06-17T14:20:05,1900.0,50.9,B
2021-06-17T14:20:05,100.0,50.9,B
2021-06-17T14:20:05,1500.0,50.9,B
2021-06-17T14:20:05,500.0,50.9,B
2021-06-17T14:20:03,1000.0,50.9,B
2021-06-17T14:20:03,5000.0,50.9,B
2021-06-17T14:20:02,7800.0,50.9,B
2021-06-17T14:20:02,100.0,50.9,B
2021-06-17T14:20:00,100.0,50.9,B
2021-06-17T14:19:57,500.0,50.9,B
2021-06-17T14:19:56,100.0,50.9,B
2021-06-17T14:19:55,300.0,50.9,B
2021-06-17T14:19:53,5000.0,50.9,B
2021-06-17T14:19:52,17000.0,50.9,B
2021-06-17T14:19:48,2000.0,50.9,B
2021-06-17T14:19:43,100.0,50.9,B
2021-06-17T14:19:42,300.0,50.9,B
2021-06-17T14:19:41,1000.0,50.9,B
2021-06-17T14:19:40,14400.0,50.9,B
2021-06-17T14:19:38,200.0,50.9,B
2021-06-17T14:19:38,5100.0,50.9,B
2021-06-17T14:19:36,600.0,50.9,B
2021-06-17T14:19:35,100.0,50.9,B
2021-06-17T14:19:35,300.0,50.9,B
2021-06-17T14:19:34,100.0,50.9,B
2021-06-17T14:19:29,300.0,50.9,B
2021-06-17T14:19:24,100.0,50.9,B
2021-06-17T14:19:23,2000.0,50.9,B
2021-06-17T14:19:19,1200.0,50.9,B
2021-06-17T14:19:19,2000.0,50.9,B
2021-06-17T14:19:19,4000.0,50.9,B
2021-06-17T14:19:08,500.0,50.9,B
2021-06-17T14:19:04,100.0,50.9,B
2021-06-17T14:19:00,600.0,50.9,B
2021-06-17T14:19:00,400.0,50.9,B
2021-06-17T14:19:00,200.0,50.9,B
2021-06-17T14:18:56,2000.0,50.9,B
2021-06-17T14:18:54,100.0,50.8,S
2021-06-17T14:18:48,800.0,50.8,B
2021-06-17T14:18:45,500.0,50.9,B
2021-06-17T14:18:38,2700.0,50.8,B
2021-06-17T14:18:38,800.0,50.8,B
2021-06-17T14:18:38,4200.0,50.8,B
2021-06-17T14:18:38,1500.0,50.8,B
2021-06-17T14:18:38,4000.0,50.8,B
2021-06-17T14:18:36,5300.0,50.8,B
2021-06-17T14:18:36,1300.0,50.8,B
2021-06-17T14:18:21,1700.0,50.8,B
2021-06-17T14:18:20,700.0,50.7,S
2021-06-17T14:18:20,200.0,50.7,S
2021-06-17T14:18:20,200.0,50.7,S
2021-06-17T14:18:20,1900.0,50.7,S
2021-06-17T14:18:16,200.0,50.8,B
2021-06-17T14:18:16,3700.0,50.8,B
2021-06-17T14:18:16,1100.0,50.8,B
2021-06-17T14:18:16,31400.0,50.8,B
2021-06-17T14:18:11,300.0,50.8,B
2021-06-17T14:18:11,100.0,50.8,B
2021-06-17T14:18:09,200.0,50.8,B
2021-06-17T14:18:08,500.0,50.8,B
2021-06-17T14:18:08,100.0,50.7,S
2021-06-17T14:18:06,1000.0,50.7,S
2021-06-17T14:18:03,8000.0,50.8,B
2021-06-17T14:17:58,500.0,50.8,B
2021-06-17T14:17:58,200.0,50.8,B
2021-06-17T14:17:56,2000.0,50.8,B
2021-06-17T14:17:55,100.0,50.8,B
2021-06-17T14:17:45,5000.0,50.8,B
2021-06-17T14:17:44,600.0,50.8,B
2021-06-17T14:17:43,12800.0,50.8,B
2021-06-17T14:17:42,600.0,50.8,B
2021-06-17T14:17:42,6600.0,50.8,B
2021-06-17T14:17:36,20900.0,50.8,B
2021-06-17T14:17:36,20000.0,50.8,B
2021-06-17T14:17:35,500.0,50.8,B
2021-06-17T14:17:33,10000.0,50.8,B
2021-06-17T14:17:22,900.0,50.8,B
2021-06-17T14:17:20,200.0,50.7,S
2021-06-17T14:17:20,400.0,50.7,S
2021-06-17T14:17:20,1400.0,50.7,S
2021-06-17T14:17:19,3000.0,50.8,B
2021-06-17T14:17:17,100.0,50.7,S
2021-06-17T14:17:10,1000.0,50.8,B
2021-06-17T14:17:10,100.0,50.8,B
2021-06-17T14:17:10,700.0,50.8,B
2021-06-17T14:17:09,400.0,50.8,B
2021-06-17T14:17:09,1800.0,50.7,S
2021-06-17T14:17:09,200.0,50.7,S
2021-06-17T14:17:07,2000.0,50.8,B
2021-06-17T14:17:03,1300.0,50.7,S
2021-06-17T14:17:03,5100.0,50.7,S
2021-06-17T14:16:54,500.0,50.8,B
2021-06-17T14:16:54,100.0,50.8,B
2021-06-17T14:16:53,500.0,50.8,B
2021-06-17T14:16:52,2000.0,50.8,B
2021-06-17T14:16:49,1000.0,50.7,S
2021-06-17T14:16:48,500.0,50.8,B
2021-06-17T14:16:45,20000.0,50.7,S
2021-06-17T14:16:41,5000.0,50.7,S
2021-06-17T14:16:39,500.0,50.8,B
2021-06-17T14:16:38,400.0,50.8,B
2021-06-17T14:16:30,2000.0,50.7,B
2021-06-17T14:16:28,100.0,50.7,B
2021-06-17T14:16:28,6000.0,50.7,B
2021-06-17T14:16:26,200.0,50.7,B
2021-06-17T14:16:25,100.0,50.7,B
2021-06-17T14:16:23,200.0,50.8,B
2021-06-17T14:16:22,100.0,50.8,B
2021-06-17T14:16:20,3100.0,50.7,B
2021-06-17T14:16:18,500.0,50.7,B
2021-06-17T14:16:15,200.0,50.8,B
2021-06-17T14:16:10,8100.0,50.8,B
2021-06-17T14:16:08,100.0,50.7,B
2021-06-17T14:16:00,5000.0,50.7,B
2021-06-17T14:16:00,500.0,50.7,B
2021-06-17T14:16:00,1700.0,50.8,B
2021-06-17T14:15:59,500.0,50.8,B
2021-06-17T14:15:52,13600.0,50.7,B
2021-06-17T14:15:50,2500.0,50.7,S
2021-06-17T14:15:47,200.0,50.7,S
2021-06-17T14:15:46,1000.0,50.7,S
2021-06-17T14:15:46,2000.0,50.7,S
2021-06-17T14:15:46,1400.0,50.7,S
2021-06-17T14:15:46,5700.0,50.7,S
2021-06-17T14:15:46,3200.0,50.7,S
2021-06-17T14:15:46,1000.0,50.7,S
2021-06-17T14:15:45,700.0,50.7,S
2021-06-17T14:15:45,400.0,50.7,S
2021-06-17T14:15:45,13700.0,50.7,S
2021-06-17T14:15:45,4600.0,50.7,S
2021-06-17T14:15:44,500.0,50.7,S
2021-06-17T14:15:42,4000.0,50.8,B
2021-06-17T14:15:41,1500.0,50.7,S
2021-06-17T14:15:41,1700.0,50.7,S
2021-06-17T14:15:41,6800.0,50.7,S
2021-06-17T14:15:40,1000.0,50.8,B
2021-06-17T14:15:39,14500.0,50.8,B
2021-06-17T14:15:35,200.0,50.8,B
2021-06-17T14:15:35,2100.0,50.7,S
2021-06-17T14:15:33,500.0,50.8,B
2021-06-17T14:15:32,700.0,50.8,B
2021-06-17T14:15:30,300.0,50.8,B
2021-06-17T14:15:27,5000.0,50.8,B
2021-06-17T14:15:24,10000.0,50.8,B
2021-06-17T14:15:16,100.0,50.8,B
2021-06-17T14:15:11,500.0,50.7,S
2021-06-17T14:15:06,1000.0,50.8,B
2021-06-17T14:15:05,2000.0,50.7,S
2021-06-17T14:15:01,500.0,50.8,B
2021-06-17T14:15:00,100.0,50.8,B
2021-06-17T14:14:58,100.0,50.8,B
2021-06-17T14:14:57,6000.0,50.8,B
2021-06-17T14:14:56,500.0,50.7,S
2021-06-17T14:14:55,100.0,50.8,B
2021-06-17T14:14:54,1000.0,50.8,B
2021-06-17T14:14:52,500.0,50.8,B
2021-06-17T14:14:50,5000.0,50.8,B
2021-06-17T14:14:49,100.0,50.8,B
2021-06-17T14:14:46,500.0,50.8,B
2021-06-17T14:14:44,100.0,50.8,B
2021-06-17T14:14:37,300.0,50.8,B
2021-06-17T14:14:35,6000.0,50.8,B
2021-06-17T14:14:35,100.0,50.8,B
2021-06-17T14:14:33,100.0,50.8,B
2021-06-17T14:14:31,500.0,50.8,B
2021-06-17T14:14:31,1000.0,50.8,B
2021-06-17T14:14:25,1400.0,50.8,B
2021-06-17T14:14:22,5000.0,50.8,B
2021-06-17T14:14:21,300.0,50.7,S
2021-06-17T14:14:21,1000.0,50.7,S
2021-06-17T14:14:18,1000.0,50.8,B
2021-06-17T14:14:17,10000.0,50.8,B
2021-06-17T14:14:16,100.0,50.8,B
2021-06-17T14:14:14,200.0,50.8,B
2021-06-17T14:14:13,100.0,50.8,B
2021-06-17T14:14:12,1000.0,50.8,B
2021-06-17T14:14:10,6800.0,50.8,B
2021-06-17T14:14:10,1400.0,50.8,B
2021-06-17T14:14:07,100.0,50.8,B
2021-06-17T14:14:05,200.0,50.8,B
2021-06-17T14:14:00,4000.0,50.8,B
2021-06-17T14:13:59,1000.0,50.8,B
2021-06-17T14:13:58,100.0,50.8,B
2021-06-17T14:13:56,500.0,50.8,B
2021-06-17T14:13:53,2000.0,50.8,B
2021-06-17T14:13:51,500.0,50.8,B
2021-06-17T14:13:51,200.0,50.8,B
2021-06-17T14:13:49,10000.0,50.8,B
2021-06-17T14:13:49,20000.0,50.8,B
2021-06-17T14:13:48,2000.0,50.8,B
2021-06-17T14:13:47,1000.0,50.8,B
2021-06-17T14:13:45,1800.0,50.8,B
2021-06-17T14:13:43,10000.0,50.8,B
2021-06-17T14:13:42,100.0,50.7,S
2021-06-17T14:13:39,100.0,50.8,B
2021-06-17T14:13:38,10000.0,50.8,B
2021-06-17T14:13:37,1100.0,50.8,B
2021-06-17T14:13:37,10000.0,50.8,B
2021-06-17T14:13:35,900.0,50.8,B
2021-06-17T14:13:35,1000.0,50.8,B
2021-06-17T14:13:34,1000.0,50.8,B
2021-06-17T14:13:34,2100.0,50.8,B
2021-06-17T14:13:33,100.0,50.8,B
2021-06-17T14:13:32,6000.0,50.8,B
2021-06-17T14:13:32,20000.0,50.7,S
2021-06-17T14:13:30,400.0,50.8,B
2021-06-17T14:13:29,5000.0,50.8,B
2021-06-17T14:13:29,100.0,50.8,B
2021-06-17T14:13:27,100.0,50.8,B
2021-06-17T14:13:26,800.0,50.8,B
2021-06-17T14:13:25,500.0,50.8,B
2021-06-17T14:13:24,200.0,50.8,B
2021-06-17T14:13:24,100.0,50.8,B
2021-06-17T14:13:22,100.0,50.8,B
2021-06-17T14:13:18,300.0,50.8,B
2021-06-17T14:13:15,300.0,50.8,B
2021-06-17T14:13:15,300.0,50.8,B
2021-06-17T14:13:14,10000.0,50.8,B
2021-06-17T14:13:14,100.0,50.8,B
2021-06-17T14:13:13,300.0,50.8,B
2021-06-17T14:13:12,900.0,50.8,B
2021-06-17T14:13:12,1000.0,50.8,B
2021-06-17T14:13:09,100.0,50.8,B
2021-06-17T14:13:09,500.0,50.8,B
2021-06-17T14:13:08,20000.0,50.8,B
2021-06-17T14:13:05,700.0,50.8,B
2021-06-17T14:13:05,1000.0,50.8,B
2021-06-17T14:13:01,1000.0,50.8,B
2021-06-17T14:13:00,6000.0,50.8,B
2021-06-17T14:12:58,2000.0,50.8,B
2021-06-17T14:12:57,5000.0,50.8,B
2021-06-17T14:12:53,200.0,50.8,B
2021-06-17T14:12:53,700.0,50.8,B
2021-06-17T14:12:52,1000.0,50.8,B
2021-06-17T14:12:49,3000.0,50.7,S
2021-06-17T14:12:49,1100.0,50.8,B
2021-06-17T14:12:44,200.0,50.8,B
2021-06-17T14:12:42,1000.0,50.8,B
2021-06-17T14:12:40,1000.0,50.8,B
2021-06-17T14:12:38,800.0,50.8,B
2021-06-17T14:12:38,2000.0,50.8,B
2021-06-17T14:12:32,1000.0,50.9,B
2021-06-17T14:12:32,1200.0,50.8,B
2021-06-17T14:12:17,10000.0,50.8,B
2021-06-17T14:12:16,5800.0,50.7,S
2021-06-17T14:12:07,100.0,50.7,S
2021-06-17T14:12:03,11500.0,50.8,B
2021-06-17T14:11:59,3900.0,50.8,B
2021-06-17T14:11:58,2900.0,50.8,B
2021-06-17T14:11:58,28100.0,50.8,B
2021-06-17T14:11:58,100.0,50.8,B
2021-06-17T14:11:57,4900.0,50.8,B
2021-06-17T14:11:51,300.0,50.6,S
2021-06-17T14:11:50,17300.0,50.7,B
2021-06-17T14:11:50,14700.0,50.7,B
2021-06-17T14:11:50,5200.0,50.7,B
2021-06-17T14:11:50,1000.0,50.7,B
2021-06-17T14:11:50,1800.0,50.7,B
2021-06-17T14:11:50,100.0,50.7,B
2021-06-17T14:11:49,1100.0,50.7,B
2021-06-17T14:11:49,1100.0,50.7,B
2021-06-17T14:11:49,7800.0,50.7,B
2021-06-17T14:11:47,6000.0,50.7,B
2021-06-17T14:11:47,5100.0,50.7,B
2021-06-17T14:11:46,200.0,50.7,B
2021-06-17T14:11:44,1000.0,50.7,B
2021-06-17T14:11:43,1000.0,50.7,B
2021-06-17T14:11:43,1000.0,50.7,B
2021-06-17T14:11:30,2000.0,50.7,B
2021-06-17T14:11:27,100.0,50.6,S
2021-06-17T14:11:27,1000.0,50.6,S
2021-06-17T14:11:24,2200.0,50.7,B
2021-06-17T14:11:23,500.0,50.6,B
2021-06-17T14:11:19,1700.0,50.7,B
2021-06-17T14:11:15,1000.0,50.6,B
2021-06-17T14:11:13,200.0,50.6,B
2021-06-17T14:11:13,100.0,50.6,B
2021-06-17T14:11:13,900.0,50.6,B
2021-06-17T14:11:13,300.0,50.6,B
2021-06-17T14:11:13,300.0,50.6,B
2021-06-17T14:11:13,1600.0,50.6,B
2021-06-17T14:11:13,12300.0,50.6,B
2021-06-17T14:11:12,1400.0,50.6,B
2021-06-17T14:11:12,4500.0,50.6,B
2021-06-17T14:11:12,2200.0,50.6,B
2021-06-17T14:11:12,1900.0,50.6,B
2021-06-17T14:11:02,800.0,50.5,B
2021-06-17T14:10:57,200.0,50.6,B
2021-06-17T14:10:55,500.0,50.5,B
2021-06-17T14:10:53,200.0,50.5,B
2021-06-17T14:10:53,1000.0,50.5,B
2021-06-17T14:10:51,2500.0,50.5,B
2021-06-17T14:10:51,300.0,50.5,B
2021-06-17T14:10:51,25500.0,50.5,B
2021-06-17T14:10:41,500.0,50.5,B
2021-06-17T14:10:33,20000.0,50.5,B
2021-06-17T14:10:26,100.0,50.5,B
2021-06-17T14:10:26,17400.0,50.5,B
2021-06-17T14:10:26,500.0,50.5,B
2021-06-17T14:10:26,3200.0,50.5,B
2021-06-17T14:10:26,5200.0,50.5,B
2021-06-17T14:10:26,1000.0,50.5,B
2021-06-17T14:10:25,1000.0,50.5,B
2021-06-17T14:10:25,20600.0,50.5,B
2021-06-17T14:10:25,18200.0,50.5,B
2021-06-17T14:10:25,1200.0,50.5,B
2021-06-17T14:10:25,300.0,50.5,B
2021-06-17T14:10:25,12100.0,50.5,B
2021-06-17T14:10:25,19200.0,50.5,B
2021-06-17T14:10:24,7800.0,50.4,S
2021-06-17T14:10:19,20000.0,50.4,S
2021-06-17T14:10:06,1200.0,50.4,B
2021-06-17T14:09:58,2500.0,50.4,B
2021-06-17T14:09:57,1500.0,50.4,B
2021-06-17T14:09:57,500.0,50.4,B
2021-06-17T14:09:55,2000.0,50.4,B
2021-06-17T14:09:50,1500.0,50.4,B
2021-06-17T14:09:48,100.0,50.4,B
2021-06-17T14:09:48,500.0,50.4,B
2021-06-17T14:09:48,1400.0,50.4,B
2021-06-17T14:09:43,200.0,50.4,B
2021-06-17T14:09:43,5000.0,50.4,B
2021-06-17T14:09:33,8000.0,50.4,B
2021-06-17T14:09:31,400.0,50.4,B
2021-06-17T14:09:30,300.0,50.4,B
2021-06-17T14:09:21,100.0,50.4,B
2021-06-17T14:09:17,1000.0,50.4,B
2021-06-17T14:09:15,5000.0,50.4,B
2021-06-17T14:09:12,100.0,50.4,B
2021-06-17T14:09:07,200.0,50.4,B
2021-06-17T14:09:06,100.0,50.4,B
2021-06-17T14:09:01,500.0,50.4,B
2021-06-17T14:08:48,1000.0,50.4,B
2021-06-17T14:08:43,20000.0,50.2,S
2021-06-17T14:08:38,20000.0,50.3,S
2021-06-17T14:08:36,100.0,50.4,B
2021-06-17T14:08:36,20000.0,50.2,S
2021-06-17T14:08:31,23700.0,50.3,B
2021-06-17T14:08:31,2000.0,50.3,B
2021-06-17T14:08:30,3900.0,50.3,B
2021-06-17T14:08:30,3600.0,50.3,B
2021-06-17T14:08:30,300.0,50.3,B
2021-06-17T14:08:30,1100.0,50.3,B
2021-06-17T14:08:19,1600.0,50.3,B
2021-06-17T14:08:19,400.0,50.3,B
2021-06-17T14:08:12,600.0,50.3,B
2021-06-17T14:08:12,300.0,50.3,B
2021-06-17T14:08:12,4100.0,50.3,B
2021-06-17T14:08:03,800.0,50.3,B
2021-06-17T14:07:51,5300.0,50.2,S
2021-06-17T14:07:48,5000.0,50.3,B
2021-06-17T14:07:41,17400.0,50.3,B
2021-06-17T14:07:30,2000.0,50.2,B
2021-06-17T14:07:28,6200.0,50.2,B
2021-06-17T14:07:28,15000.0,50.2,B
2021-06-17T14:07:27,300.0,50.2,B
2021-06-17T14:07:24,12000.0,50.2,B
2021-06-17T14:07:21,1000.0,50.2,B
2021-06-17T14:07:20,100.0,50.2,B
2021-06-17T14:07:20,100.0,50.2,B
2021-06-17T14:07:16,4000.0,50.2,B
2021-06-17T14:07:13,100.0,50.2,B
2021-06-17T14:07:08,4000.0,50.2,B
2021-06-17T14:07:05,100.0,50.2,B
2021-06-17T14:07:05,45000.0,50.2,B
2021-06-17T14:07:04,500.0,50.2,B
2021-06-17T14:06:58,200.0,50.2,B
2021-06-17T14:06:57,100.0,50.2,B
2021-06-17T14:06:56,3000.0,50.2,B
2021-06-17T14:06:55,100.0,50.2,B
2021-06-17T14:06:53,200.0,50.2,B
2021-06-17T14:06:52,3600.0,50.2,B
2021-06-17T14:06:52,500.0,50.2,B
2021-06-17T14:06:52,5900.0,50.2,B
2021-06-17T14:06:47,200.0,50.2,B
2021-06-17T14:06:46,20000.0,50.2,B
2021-06-17T14:06:39,14800.0,50.2,B
2021-06-17T14:06:39,1200.0,50.2,B
2021-06-17T14:06:39,4000.0,50.2,B
2021-06-17T14:06:30,5000.0,50.2,B
2021-06-17T14:06:30,5000.0,50.1,S
2021-06-17T14:06:25,500.0,50.2,B
2021-06-17T14:06:23,3000.0,50.2,B
2021-06-17T14:06:18,1500.0,50.2,B
2021-06-17T14:06:08,600.0,50.2,B
2021-06-17T14:06:08,200.0,50.1,S
2021-06-17T14:06:08,3000.0,50.2,B
2021-06-17T14:06:07,200.0,50.2,B
2021-06-17T14:06:06,100.0,50.2,B
2021-06-17T14:06:00,300.0,50.2,B
2021-06-17T14:05:58,100.0,50.2,B
2021-06-17T14:05:57,100.0,50.1,S
2021-06-17T14:05:56,30300.0,50.2,B
2021-06-17T14:05:49,400.0,50.2,B
2021-06-17T14:05:37,100.0,50.2,B
2021-06-17T14:05:32,20000.0,50.2,B
2021-06-17T14:05:28,200.0,50.1,S
2021-06-17T14:05:23,100.0,50.2,B
2021-06-17T14:05:15,2200.0,50.1,S
2021-06-17T14:04:42,300.0,50.1,S
2021-06-17T14:04:39,4000.0,50.2,B
2021-06-17T14:04:31,1000.0,50.2,B
2021-06-17T14:04:27,5000.0,50.2,B
2021-06-17T14:04:27,200.0,50.2,B
2021-06-17T14:04:26,400.0,50.2,B
2021-06-17T14:04:22,5000.0,50.1,S
2021-06-17T14:04:22,1300.0,50.2,B
2021-06-17T14:04:17,100.0,50.2,B
2021-06-17T14:04:12,200.0,50.2,B
2021-06-17T14:04:11,400.0,50.2,B
2021-06-17T14:03:52,400.0,50.2,B
2021-06-17T14:03:42,700.0,50.2,B
2021-06-17T14:03:34,700.0,50.1,S
2021-06-17T14:03:34,400.0,50.2,B
2021-06-17T14:03:32,1300.0,50.2,B
2021-06-17T14:03:28,900.0,50.2,B
2021-06-17T14:02:57,5000.0,50.1,B
2021-06-17T14:02:54,200.0,50.1,B
2021-06-17T14:02:52,2500.0,50.1,B
2021-06-17T14:02:51,4000.0,50.1,B
2021-06-17T14:02:48,27900.0,50.1,B
2021-06-17T14:02:48,100.0,50.1,B
2021-06-17T14:02:48,1000.0,50.1,B
2021-06-17T14:02:48,44800.0,50.1,B
2021-06-17T14:02:48,1000.0,50.0,S
2021-06-17T14:02:24,1000.0,50.0,S
2021-06-17T14:02:23,100.0,50.1,B
2021-06-17T14:02:16,300.0,50.0,S
2021-06-17T14:02:14,5000.0,50.1,B
2021-06-17T14:02:09,100.0,50.0,S
2021-06-17T14:02:09,2600.0,50.0,S
2021-06-17T14:02:09,200.0,50.0,S
2021-06-17T14:02:09,7100.0,50.0,S
2021-06-17T14:02:08,200.0,50.1,B
2021-06-17T14:02:03,20000.0,50.1,B
2021-06-17T14:01:54,5000.0,50.0,S
2021-06-17T14:01:53,2400.0,50.0,S
2021-06-17T14:01:53,2600.0,50.0,S
2021-06-17T14:01:48,300.0,50.0,S
2021-06-17T14:01:48,1800.0,50.0,S
2021-06-17T14:01:48,500.0,50.0,S
2021-06-17T14:01:48,1000.0,50.0,S
2021-06-17T14:01:48,500.0,50.0,S
2021-06-17T14:01:48,200.0,50.0,S
2021-06-17T14:01:48,200.0,50.0,S
2021-06-17T14:01:48,5000.0,50.0,S
2021-06-17T14:01:48,8200.0,50.0,S
2021-06-17T14:01:48,100.0,50.0,S
2021-06-17T14:01:48,100.0,50.0,S
2021-06-17T14:01:48,12100.0,50.0,S
2021-06-17T14:01:48,300.0,50.0,S
2021-06-17T14:01:48,200.0,50.0,S
2021-06-17T14:01:48,1700.0,50.0,S
2021-06-17T14:01:48,100.0,50.0,S
2021-06-17T14:01:48,200.0,50.0,S
2021-06-17T14:01:48,5500.0,50.0,S
2021-06-17T14:01:39,100.0,50.0,S
2021-06-17T14:01:22,200.0,50.0,S
2021-06-17T14:01:22,700.0,50.0,S
2021-06-17T14:01:22,800.0,50.0,S
2021-06-17T14:01:21,100.0,50.0,S
2021-06-17T14:01:21,200.0,50.0,S
2021-06-17T14:01:21,800.0,50.0,S
2021-06-17T14:01:21,3400.0,50.0,S
2021-06-17T14:01:21,700.0,50.0,S
2021-06-17T14:01:21,7300.0,50.0,S
2021-06-17T14:01:17,300.0,50.0,S
2021-06-17T14:01:13,300.0,50.0,S
2021-06-17T14:01:08,1000.0,50.0,S
2021-06-17T14:00:56,1000.0,50.0,S
2021-06-17T14:00:36,3000.0,50.0,S
2021-06-17T14:00:35,300.0,50.1,B
2021-06-17T14:00:30,300.0,50.1,B
2021-06-17T14:00:28,100.0,50.1,B
2021-06-17T14:00:23,5000.0,50.0,S
2021-06-17T14:00:23,4400.0,50.0,S
2021-06-17T14:00:23,2600.0,50.0,S
2021-06-17T14:00:23,400.0,50.0,S
2021-06-17T14:00:23,200.0,50.0,S
2021-06-17T14:00:23,5100.0,50.0,S
2021-06-17T14:00:23,7300.0,50.0,S
2021-06-17T14:00:20,100.0,50.1,B
2021-06-17T14:00:05,2500.0,50.0,S
2021-06-17T14:00:04,3000.0,50.0,S
2021-06-17T13:59:50,200.0,50.0,B
2021-06-17T13:59:49,100.0,50.0,B
2021-06-17T13:59:48,200.0,50.0,B
2021-06-17T13:59:45,200.0,50.0,B
2021-06-17T13:59:45,300.0,50.0,B
2021-06-17T13:59:45,1000.0,50.0,B
2021-06-17T13:59:42,200.0,50.0,B
2021-06-17T13:59:42,5000.0,50.0,B
2021-06-17T13:59:39,1000.0,50.0,B
2021-06-17T13:59:36,100.0,50.0,B
2021-06-17T13:59:30,5000.0,50.0,B
2021-06-17T13:59:30,2000.0,50.0,B
2021-06-17T13:59:28,300.0,50.0,B
2021-06-17T13:59:27,700.0,50.0,B
2021-06-17T13:59:26,2500.0,50.0,B
2021-06-17T13:59:23,5000.0,50.0,B
2021-06-17T13:59:21,500.0,50.0,B
2021-06-17T13:59:19,800.0,50.0,B
2021-06-17T13:59:19,1200.0,50.0,B
2021-06-17T13:59:14,10000.0,50.0,B
2021-06-17T13:59:10,7400.0,50.0,B
2021-06-17T13:59:07,2000.0,50.0,B
2021-06-17T13:59:05,300.0,50.0,B
2021-06-17T13:58:57,300.0,50.0,B
2021-06-17T13:58:55,100.0,50.0,B
2021-06-17T13:58:51,25000.0,50.0,B
2021-06-17T13:58:49,100.0,50.0,B
2021-06-17T13:58:49,100.0,50.0,B
2021-06-17T13:58:38,200.0,50.0,B
2021-06-17T13:58:34,100.0,50.0,B
2021-06-17T13:58:34,2500.0,50.0,B
2021-06-17T13:58:34,100.0,50.0,B
2021-06-17T13:58:33,300.0,50.0,B
2021-06-17T13:58:33,200.0,50.0,B
2021-06-17T13:58:32,2000.0,50.0,B
2021-06-17T13:58:24,200.0,50.0,B
2021-06-17T13:58:23,3000.0,49.95,S
2021-06-17T13:58:18,2000.0,50.0,B
2021-06-17T13:58:17,400.0,50.0,B
2021-06-17T13:58:16,1000.0,50.0,B
2021-06-17T13:58:14,8600.0,50.0,B
2021-06-17T13:58:11,1500.0,50.0,B
2021-06-17T13:58:10,100.0,50.0,B
2021-06-17T13:58:09,3000.0,50.0,B
2021-06-17T13:58:09,2000.0,50.0,B
2021-06-17T13:58:09,200.0,50.0,B
2021-06-17T13:58:07,100.0,50.0,B
2021-06-17T13:58:07,500.0,50.0,B
2021-06-17T13:58:07,1000.0,50.0,B
2021-06-17T13:58:06,1000.0,50.0,B
2021-06-17T13:58:03,1000.0,50.0,B
2021-06-17T13:58:01,2000.0,50.0,B
2021-06-17T13:58:01,500.0,50.0,B
2021-06-17T13:57:59,1000.0,50.0,B
2021-06-17T13:57:59,200.0,50.0,B
2021-06-17T13:57:57,3900.0,50.0,B
2021-06-17T13:57:56,2000.0,50.0,B
2021-06-17T13:57:50,10000.0,50.0,B
2021-06-17T13:57:48,1000.0,50.1,B
2021-06-17T13:57:41,3500.0,50.0,B
2021-06-17T13:57:40,1000.0,50.0,B
2021-06-17T13:57:38,2000.0,50.0,B
2021-06-17T13:57:35,400.0,50.0,B
2021-06-17T13:57:34,400.0,50.0,B
2021-06-17T13:57:34,1700.0,50.0,B
2021-06-17T13:57:34,3300.0,50.0,B
2021-06-17T13:57:32,100.0,50.0,B
2021-06-17T13:57:29,100.0,50.0,B
2021-06-17T13:57:29,3100.0,50.0,B
2021-06-17T13:57:27,5500.0,50.0,B
2021-06-17T13:57:27,100.0,50.0,B
2021-06-17T13:57:24,100.0,50.0,B
2021-06-17T13:57:22,100.0,50.0,B
2021-06-17T13:57:17,4000.0,50.0,B
2021-06-17T13:57:12,2000.0,50.0,B
2021-06-17T13:57:09,100.0,50.0,S
2021-06-17T13:57:09,11000.0,50.0,S
2021-06-17T13:57:09,100.0,50.0,S
2021-06-17T13:57:08,9000.0,50.0,S
2021-06-17T13:57:06,1600.0,50.0,S
2021-06-17T13:57:06,1800.0,50.0,S
2021-06-17T13:57:06,400.0,50.0,S
2021-06-17T13:57:06,1300.0,50.0,S
2021-06-17T13:57:04,800.0,50.0,S
2021-06-17T13:57:04,1000.0,50.0,S
2021-06-17T13:57:04,3200.0,50.0,S
2021-06-17T13:57:04,400.0,50.1,B
2021-06-17T13:56:55,1000.0,50.0,S
2021-06-17T13:56:55,4500.0,50.0,S
2021-06-17T13:56:50,3000.0,50.0,S
2021-06-17T13:56:50,5000.0,50.1,B
2021-06-17T13:56:49,2000.0,50.0,S
2021-06-17T13:56:48,300.0,50.0,S
2021-06-17T13:56:42,3000.0,50.0,S
2021-06-17T13:56:41,300.0,50.0,S
2021-06-17T13:56:41,1000.0,50.0,S
2021-06-17T13:56:41,300.0,50.0,S
2021-06-17T13:56:41,1600.0,50.0,S
2021-06-17T13:56:41,100.0,50.0,S
2021-06-17T13:56:41,700.0,50.0,S
2021-06-17T13:56:40,5000.0,50.0,S
2021-06-17T13:56:36,100.0,50.0,S
2021-06-17T13:56:35,1200.0,50.0,S
2021-06-17T13:56:34,8800.0,50.0,S
2021-06-17T13:56:30,15900.0,50.0,S
2021-06-17T13:56:30,1100.0,50.0,S
2021-06-17T13:56:30,600.0,50.0,S
2021-06-17T13:56:30,500.0,50.0,S
2021-06-17T13:56:30,500.0,50.0,S
2021-06-17T13:56:30,500.0,50.0,S
2021-06-17T13:56:30,900.0,50.0,S
2021-06-17T13:56:30,1000.0,50.0,S
2021-06-17T13:56:30,1700.0,50.0,S
2021-06-17T13:56:29,5900.0,50.0,S
2021-06-17T13:56:29,2900.0,50.0,S
2021-06-17T13:56:29,1800.0,50.0,S
2021-06-17T13:56:29,10100.0,50.0,S
2021-06-17T13:56:29,2100.0,50.0,S
2021-06-17T13:56:29,1800.0,50.0,S
2021-06-17T13:56:29,800.0,50.0,S
2021-06-17T13:56:29,200.0,50.0,S
2021-06-17T13:56:29,1000.0,50.0,S
2021-06-17T13:56:29,1900.0,50.0,S
2021-06-17T13:56:29,2200.0,50.0,S
2021-06-17T13:56:29,200.0,50.0,S
2021-06-17T13:56:29,7200.0,50.0,S
2021-06-17T13:56:29,1200.0,50.0,S
2021-06-17T13:56:29,1000.0,50.0,S
2021-06-17T13:56:29,5500.0,50.0,S
2021-06-17T13:56:29,1100.0,50.0,S
2021-06-17T13:56:29,1300.0,50.0,S
2021-06-17T13:56:29,15300.0,50.0,S
2021-06-17T13:56:22,2000.0,50.0,S
2021-06-17T13:56:20,1200.0,50.1,B
2021-06-17T13:56:16,9900.0,50.0,S
2021-06-17T13:56:15,1100.0,50.0,S
2021-06-17T13:56:15,400.0,50.0,S
2021-06-17T13:56:15,2000.0,50.0,S
2021-06-17T13:56:15,700.0,50.0,S
2021-06-17T13:56:15,700.0,50.0,S
2021-06-17T13:56:15,400.0,50.0,S
2021-06-17T13:56:15,1000.0,50.0,S
2021-06-17T13:56:15,200.0,50.0,S
2021-06-17T13:56:15,16400.0,50.0,S
2021-06-17T13:56:15,100.0,50.0,S
2021-06-17T13:56:15,2500.0,50.0,S
2021-06-17T13:56:15,1100.0,50.0,S
2021-06-17T13:56:15,900.0,50.0,S
2021-06-17T13:56:15,6200.0,50.0,S
2021-06-17T13:56:09,500.0,50.1,B
2021-06-17T13:56:07,10000.0,50.0,S
2021-06-17T13:56:06,2000.0,50.0,S
2021-06-17T13:55:53,4100.0,50.1,B
2021-06-17T13:55:48,100.0,50.1,B
2021-06-17T13:55:48,3000.0,50.1,B
2021-06-17T13:55:46,200.0,50.1,B
2021-06-17T13:55:45,300.0,50.1,B
2021-06-17T13:55:39,300.0,50.1,B
2021-06-17T13:55:36,2000.0,50.0,S
2021-06-17T13:55:34,300.0,50.1,B
2021-06-17T13:55:30,2500.0,50.0,S
2021-06-17T13:55:30,300.0,50.1,B
2021-06-17T13:55:26,5000.0,50.1,B
2021-06-17T13:55:24,500.0,50.1,B
2021-06-17T13:55:21,500.0,50.1,B
2021-06-17T13:55:15,200.0,50.1,B
2021-06-17T13:55:09,300.0,50.1,B
2021-06-17T13:55:07,200.0,50.1,B
2021-06-17T13:55:03,300.0,50.1,B
2021-06-17T13:55:03,1000.0,50.1,B
2021-06-17T13:55:03,37400.0,50.0,S
2021-06-17T13:55:03,6500.0,50.0,S
2021-06-17T13:55:03,4100.0,50.0,S
2021-06-17T13:55:03,2000.0,50.0,S
2021-06-17T13:55:02,200.0,50.1,B
2021-06-17T13:55:01,500.0,50.1,B
2021-06-17T13:54:59,100.0,50.0,S
2021-06-17T13:54:54,300.0,50.1,B
2021-06-17T13:54:53,12100.0,50.1,B
2021-06-17T13:53:55,1000.0,50.1,S
2021-06-17T13:53:55,1000.0,50.2,B
2021-06-17T13:53:54,7900.0,50.1,S
2021-06-17T13:53:54,3200.0,50.1,S
2021-06-17T13:53:54,300.0,50.1,S
2021-06-17T13:53:54,400.0,50.1,S
2021-06-17T13:53:54,2100.0,50.1,S
2021-06-17T13:53:54,400.0,50.1,S
2021-06-17T13:53:54,1300.0,50.1,S
2021-06-17T13:53:54,3000.0,50.1,S
2021-06-17T13:53:54,1400.0,50.1,S
2021-06-17T13:53:52,15000.0,50.1,S
2021-06-17T13:53:34,3000.0,50.1,S
2021-06-17T13:53:29,100.0,50.2,B
2021-06-17T13:53:27,2000.0,50.2,B
2021-06-17T13:53:16,20000.0,50.1,S
2021-06-17T13:52:57,100.0,50.2,B
2021-06-17T13:52:56,17700.0,50.1,S
2021-06-17T13:52:56,600.0,50.1,S
2021-06-17T13:52:56,8500.0,50.1,S
2021-06-17T13:52:56,2000.0,50.1,S
2021-06-17T13:52:56,21200.0,50.1,S
2021-06-17T13:52:55,100.0,50.2,B
2021-06-17T13:52:54,2500.0,50.1,S
2021-06-17T13:52:53,300.0,50.2,B
2021-06-17T13:52:53,100.0,50.2,B
2021-06-17T13:52:49,500.0,50.2,B
2021-06-17T13:52:47,200.0,50.2,B
2021-06-17T13:52:46,700.0,50.1,S
2021-06-17T13:52:46,2900.0,50.1,S
2021-06-17T13:52:46,34300.0,50.1,S
2021-06-17T13:52:45,100.0,50.1,S
2021-06-17T13:52:45,600.0,50.1,S
2021-06-17T13:52:45,6900.0,50.1,S
2021-06-17T13:52:45,4500.0,50.1,S
2021-06-17T13:52:42,500.0,50.2,B
2021-06-17T13:52:40,2000.0,50.2,B
2021-06-17T13:52:38,100.0,50.2,B
2021-06-17T13:52:36,1000.0,50.2,B
2021-06-17T13:52:33,1000.0,50.2,B
2021-06-17T13:52:25,100.0,50.2,B
2021-06-17T13:52:21,100.0,50.2,B
2021-06-17T13:52:20,2000.0,50.2,B
2021-06-17T13:52:16,1000.0,50.2,B
2021-06-17T13:52:15,1000.0,50.2,B
2021-06-17T13:52:02,2300.0,50.2,B
2021-06-17T13:52:02,1000.0,50.2,B
2021-06-17T13:51:54,100.0,50.2,B
2021-06-17T13:51:46,500.0,50.2,B
2021-06-17T13:51:42,200.0,50.2,B
2021-06-17T13:51:41,2100.0,50.2,B
2021-06-17T13:51:38,100.0,50.2,B
2021-06-17T13:51:34,1500.0,50.1,S
2021-06-17T13:51:34,500.0,50.2,B
2021-06-17T13:51:30,100.0,50.2,B
2021-06-17T13:51:26,100.0,50.2,B
2021-06-17T13:51:24,500.0,50.2,B
2021-06-17T13:51:22,500.0,50.2,S
2021-06-17T13:51:19,1000.0,50.2,S
2021-06-17T13:51:18,1100.0,50.2,S
2021-06-17T13:51:16,6000.0,50.2,S
2021-06-17T13:51:16,1200.0,50.2,S
2021-06-17T13:51:15,2000.0,50.3,B
2021-06-17T13:51:13,17700.0,50.2,S
2021-06-17T13:50:58,17700.0,50.2,S
2021-06-17T13:50:47,100.0,50.3,B
2021-06-17T13:50:45,4000.0,50.2,S
2021-06-17T13:50:38,21000.0,50.2,S
2021-06-17T13:50:32,100.0,50.2,S
2021-06-17T13:50:27,1000.0,50.2,S
2021-06-17T13:50:27,8100.0,50.2,S
2021-06-17T13:50:27,30500.0,50.2,S
2021-06-17T13:50:27,1200.0,50.2,S
2021-06-17T13:50:27,35000.0,50.2,S
2021-06-17T13:50:26,5400.0,50.2,S
2021-06-17T13:50:26,2000.0,50.3,B
2021-06-17T13:50:21,5000.0,50.2,S
2021-06-17T13:50:13,100.0,50.2,S
2021-06-17T13:49:53,3000.0,50.2,B
2021-06-17T13:49:48,100.0,50.2,B
2021-06-17T13:49:48,200.0,50.2,B
2021-06-17T13:49:48,7500.0,50.2,B
2021-06-17T13:49:38,10000.0,50.2,B
2021-06-17T13:49:37,2000.0,50.2,B
2021-06-17T13:49:34,1200.0,50.1,S
2021-06-17T13:49:34,800.0,50.1,S
2021-06-17T13:49:34,3000.0,50.2,B
2021-06-17T13:49:34,1200.0,50.2,B
2021-06-17T13:49:33,200.0,50.2,B
2021-06-17T13:49:31,1000.0,50.1,S
2021-06-17T13:49:30,200.0,50.2,B
2021-06-17T13:49:28,200.0,50.2,B
2021-06-17T13:49:27,700.0,50.2,B
2021-06-17T13:49:25,10000.0,50.2,B
2021-06-17T13:49:24,200.0,50.2,B
2021-06-17T13:49:21,900.0,50.2,B
2021-06-17T13:49:21,600.0,50.2,B
2021-06-17T13:49:16,10000.0,50.2,S
2021-06-17T13:49:14,1000.0,50.2,S
2021-06-17T13:49:14,4200.0,50.2,S
2021-06-17T13:49:05,5100.0,50.2,S
2021-06-17T13:49:05,1000.0,50.2,S
2021-06-17T13:49:05,2300.0,50.2,S
2021-06-17T13:48:55,200.0,50.3,B
2021-06-17T13:48:52,2600.0,50.3,B
2021-06-17T13:48:52,400.0,50.3,B
2021-06-17T13:48:51,7500.0,50.2,B
2021-06-17T13:48:51,100.0,50.2,B
2021-06-17T13:48:43,8000.0,50.2,B
2021-06-17T13:48:40,100.0,50.2,B
2021-06-17T13:48:38,100.0,50.2,B
2021-06-17T13:48:37,2000.0,50.2,B
2021-06-17T13:48:28,600.0,50.2,B
2021-06-17T13:48:28,7200.0,50.2,B
2021-06-17T13:48:26,5000.0,50.2,B
2021-06-17T13:48:19,1200.0,50.2,B
2021-06-17T13:48:18,2000.0,50.2,B
2021-06-17T13:48:14,2000.0,50.2,B
2021-06-17T13:48:13,100.0,50.2,B
2021-06-17T13:48:09,3500.0,50.2,B
2021-06-17T13:48:03,300.0,50.2,B
2021-06-17T13:48:03,1000.0,50.2,B
2021-06-17T13:48:02,100.0,50.2,B
2021-06-17T13:47:51,200.0,50.2,B
2021-06-17T13:47:46,100.0,50.2,B
2021-06-17T13:47:42,8500.0,50.2,B
2021-06-17T13:47:41,1000.0,50.2,B
2021-06-17T13:47:37,700.0,50.2,B
2021-06-17T13:47:37,100.0,50.2,B
2021-06-17T13:47:31,100.0,50.2,B
2021-06-17T13:47:23,2000.0,50.2,B
2021-06-17T13:47:23,1000.0,50.2,B
2021-06-17T13:47:21,2000.0,50.2,B
2021-06-17T13:47:20,1000.0,50.2,B
2021-06-17T13:47:16,1100.0,50.2,B
2021-06-17T13:47:13,1000.0,50.2,B
2021-06-17T13:47:09,200.0,50.2,B
2021-06-17T13:47:09,400.0,50.2,B
2021-06-17T13:47:07,2000.0,50.2,B
2021-06-17T13:47:06,100.0,50.2,B
2021-06-17T13:46:58,1000.0,50.2,B
2021-06-17T13:46:54,200.0,50.2,B
2021-06-17T13:46:52,7700.0,50.2,B
2021-06-17T13:46:51,5000.0,50.2,B
2021-06-17T13:46:48,600.0,50.2,B
2021-06-17T13:46:44,100.0,50.2,B
2021-06-17T13:46:42,400.0,50.2,B
2021-06-17T13:46:39,4100.0,50.2,B
2021-06-17T13:46:38,2900.0,50.2,B
2021-06-17T13:46:33,600.0,50.2,B
2021-06-17T13:46:32,200.0,50.2,B
2021-06-17T13:46:32,300.0,50.2,B
2021-06-17T13:46:32,5200.0,50.2,B
2021-06-17T13:46:32,3000.0,50.2,B
2021-06-17T13:46:32,5200.0,50.2,B
2021-06-17T13:46:30,100.0,50.2,B
2021-06-17T13:46:30,1000.0,50.2,B
2021-06-17T13:46:28,1000.0,50.2,B
2021-06-17T13:46:18,200.0,50.2,B
2021-06-17T13:46:08,3400.0,50.2,B
2021-06-17T13:46:03,25000.0,50.2,B
2021-06-17T13:46:01,100.0,50.2,B
2021-06-17T13:45:57,300.0,50.2,B
2021-06-17T13:45:49,100.0,50.2,B
2021-06-17T13:45:44,7000.0,50.2,B
2021-06-17T13:45:37,100.0,50.1,S
2021-06-17T13:45:36,7000.0,50.2,B
2021-06-17T13:45:34,300.0,50.2,B
2021-06-17T13:45:27,1000.0,50.2,B
2021-06-17T13:45:11,1000.0,50.2,B
2021-06-17T13:45:08,100.0,50.2,B
2021-06-17T13:45:07,100.0,50.2,B
2021-06-17T13:45:01,15000.0,50.1,S
2021-06-17T13:44:59,5100.0,50.2,B
2021-06-17T13:44:46,1000.0,50.2,B
2021-06-17T13:44:45,200.0,50.1,S
2021-06-17T13:44:35,1400.0,50.1,B
2021-06-17T13:44:35,32100.0,50.1,B
2021-06-17T13:44:34,200.0,50.1,B
2021-06-17T13:44:27,300.0,50.1,B
2021-06-17T13:44:27,1000.0,50.1,B
2021-06-17T13:44:20,100.0,50.1,B
2021-06-17T13:44:18,1000.0,50.1,B
2021-06-17T13:44:17,200.0,50.1,B
2021-06-17T13:44:16,10000.0,50.1,B
2021-06-17T13:44:16,7000.0,50.1,B
2021-06-17T13:44:08,2000.0,50.1,B
2021-06-17T13:44:07,500.0,50.1,B
2021-06-17T13:44:06,500.0,50.1,B
2021-06-17T13:44:05,1000.0,50.1,B
2021-06-17T13:44:02,5000.0,50.1,B
2021-06-17T13:43:57,500.0,50.1,B
2021-06-17T13:43:54,1000.0,50.1,B
2021-06-17T13:43:50,500.0,50.1,B
2021-06-17T13:43:50,2000.0,50.0,S
2021-06-17T13:43:48,10000.0,50.1,B
2021-06-17T13:43:47,3000.0,50.1,B
2021-06-17T13:43:46,1000.0,50.1,B
2021-06-17T13:43:37,400.0,50.1,B
2021-06-17T13:43:32,200.0,50.1,B
2021-06-17T13:43:31,100.0,50.0,S
2021-06-17T13:43:21,100.0,50.1,B
2021-06-17T13:42:55,500.0,50.0,S
2021-06-17T13:42:54,500.0,50.0,S
2021-06-17T13:42:54,1500.0,50.1,B
2021-06-17T13:42:32,700.0,50.1,B
2021-06-17T13:42:16,20000.0,49.95,S
2021-06-17T13:42:13,1000.0,50.0,S
2021-06-17T13:42:11,500.0,50.1,B
2021-06-17T13:42:09,8200.0,50.0,B
2021-06-17T13:42:06,1000.0,50.0,B
2021-06-17T13:42:05,300.0,50.0,B
2021-06-17T13:42:01,500.0,50.0,B
2021-06-17T13:41:59,200.0,50.0,B
2021-06-17T13:41:58,1200.0,50.0,B
2021-06-17T13:41:57,2000.0,50.0,B
2021-06-17T13:41:56,5000.0,50.0,B
2021-06-17T13:41:52,5000.0,50.0,B
2021-06-17T13:41:52,10000.0,50.0,B
2021-06-17T13:41:51,1000.0,50.0,B
2021-06-17T13:41:49,1700.0,50.0,B
2021-06-17T13:41:46,300.0,50.0,B
2021-06-17T13:41:44,100.0,50.0,B
2021-06-17T13:41:44,100.0,50.0,B
2021-06-17T13:41:43,800.0,50.0,B
2021-06-17T13:41:42,100.0,50.0,B
2021-06-17T13:41:42,10000.0,50.0,B
2021-06-17T13:41:40,1000.0,50.0,B
2021-06-17T13:41:39,100.0,50.0,B
2021-06-17T13:41:37,200.0,50.0,B
2021-06-17T13:41:37,100.0,50.0,B
2021-06-17T13:41:37,5000.0,50.0,B
2021-06-17T13:41:36,4300.0,50.0,B
2021-06-17T13:41:33,500.0,50.0,B
2021-06-17T13:41:28,20000.0,50.0,S
2021-06-17T13:41:28,4000.0,50.0,S
2021-06-17T13:41:27,20700.0,50.0,S
2021-06-17T13:41:18,200.0,50.1,B
2021-06-17T13:41:11,100.0,50.1,B
2021-06-17T13:41:07,700.0,50.0,B
2021-06-17T13:41:07,37700.0,50.0,B
2021-06-17T13:41:03,1000.0,50.0,B
2021-06-17T13:41:02,300.0,50.0,B
2021-06-17T13:41:02,100.0,50.0,B
2021-06-17T13:40:59,100.0,50.0,B
2021-06-17T13:40:59,200.0,50.0,B
2021-06-17T13:40:58,500.0,50.0,B
2021-06-17T13:40:55,200.0,50.0,B
2021-06-17T13:40:52,1000.0,50.0,B
2021-06-17T13:40:51,1000.0,50.0,B
2021-06-17T13:40:44,5000.0,50.0,B
2021-06-17T13:40:42,2000.0,50.0,B
2021-06-17T13:40:42,500.0,50.0,B
2021-06-17T13:40:40,5000.0,50.0,B
2021-06-17T13:40:39,100.0,50.0,B
2021-06-17T13:40:38,1000.0,50.0,B
2021-06-17T13:40:36,2000.0,50.0,B
2021-06-17T13:40:32,500.0,50.0,B
2021-06-17T13:40:26,200.0,50.0,B
2021-06-17T13:40:25,1000.0,50.0,B
2021-06-17T13:40:24,100.0,50.0,B
2021-06-17T13:40:21,1000.0,50.0,B
2021-06-17T13:40:21,100.0,50.0,B
2021-06-17T13:40:14,9400.0,50.0,B
2021-06-17T13:40:13,41600.0,50.0,B
2021-06-17T13:40:13,20000.0,50.0,B
2021-06-17T13:40:12,200.0,50.0,B
2021-06-17T13:40:04,400.0,50.0,B
2021-06-17T13:39:55,1100.0,50.0,B
2021-06-17T13:39:55,100.0,50.0,B
2021-06-17T13:39:54,100.0,49.95,S
2021-06-17T13:39:52,500.0,50.0,B
2021-06-17T13:39:52,500.0,50.0,B
2021-06-17T13:39:52,500.0,50.0,B
2021-06-17T13:39:49,500.0,50.0,S
2021-06-17T13:39:49,3300.0,50.0,S
2021-06-17T13:39:49,3000.0,50.0,S
2021-06-17T13:39:49,1200.0,50.0,S
2021-06-17T13:39:49,700.0,50.0,S
2021-06-17T13:39:49,2300.0,50.0,S
2021-06-17T13:39:49,6900.0,50.0,S
2021-06-17T13:39:49,5000.0,50.0,S
2021-06-17T13:39:49,16200.0,50.0,S
2021-06-17T13:39:48,5000.0,50.1,B
2021-06-17T13:39:46,2100.0,50.1,B
2021-06-17T13:39:46,1500.0,50.0,S
2021-06-17T13:39:42,500.0,50.1,B
2021-06-17T13:39:42,300.0,50.1,B
2021-06-17T13:39:41,5000.0,50.0,S
2021-06-17T13:39:36,500.0,50.1,B
2021-06-17T13:39:35,5000.0,50.1,B
2021-06-17T13:39:34,300.0,50.1,B
2021-06-17T13:39:31,4400.0,50.1,B
2021-06-17T13:39:31,2000.0,50.1,B
2021-06-17T13:39:31,100.0,50.1,B
2021-06-17T13:39:30,100.0,50.1,B
2021-06-17T13:39:30,100.0,50.1,B
2021-06-17T13:39:26,100.0,50.0,S
2021-06-17T13:39:20,200.0,50.1,B
2021-06-17T13:39:11,700.0,50.1,B
2021-06-17T13:39:03,100.0,50.1,B
2021-06-17T13:38:45,200.0,50.1,B
2021-06-17T13:38:45,500.0,50.0,B
2021-06-17T13:38:45,200.0,50.0,B
2021-06-17T13:38:44,5000.0,50.0,B
2021-06-17T13:38:41,8200.0,50.0,B
2021-06-17T13:38:38,1000.0,50.0,B
2021-06-17T13:38:34,6600.0,50.0,B
2021-06-17T13:38:34,13400.0,50.0,B
2021-06-17T13:38:33,600.0,50.0,B
2021-06-17T13:38:26,800.0,50.0,B
2021-06-17T13:38:26,200.0,50.0,B
2021-06-17T13:38:24,100.0,50.0,B
2021-06-17T13:38:20,900.0,50.0,B
2021-06-17T13:38:15,100.0,50.0,B
2021-06-17T13:38:09,500.0,50.0,B
2021-06-17T13:38:06,1000.0,50.0,B
2021-06-17T13:38:00,400.0,50.0,B
2021-06-17T13:38:00,500.0,50.0,B
2021-06-17T13:37:53,100.0,49.9,S
2021-06-17T13:37:48,1500.0,50.0,B
2021-06-17T13:37:41,3400.0,50.0,B
2021-06-17T13:37:34,1000.0,49.9,S
2021-06-17T13:37:27,1000.0,50.0,B
2021-06-17T13:37:04,100.0,50.0,B
2021-06-17T13:37:03,500.0,50.0,B
2021-06-17T13:36:57,900.0,49.9,S
2021-06-17T13:36:55,500.0,50.0,B
2021-06-17T13:36:47,500.0,50.0,B
2021-06-17T13:36:29,600.0,50.0,B
2021-06-17T13:36:26,900.0,50.0,B
2021-06-17T13:35:46,200.0,50.0,B
2021-06-17T13:35:46,2000.0,50.0,B
2021-06-17T13:35:44,100.0,49.9,B
2021-06-17T13:35:38,100.0,49.85,S
2021-06-17T13:35:38,1500.0,49.85,S
2021-06-17T13:35:36,700.0,49.9,B
2021-06-17T13:35:27,100.0,49.9,B
2021-06-17T13:35:25,900.0,49.9,B
2021-06-17T13:35:19,100.0,49.9,B
2021-06-17T13:35:16,1700.0,50.0,B
2021-06-17T13:35:16,1300.0,49.9,B
2021-06-17T13:35:09,2900.0,49.8,S
2021-06-17T13:35:08,2100.0,49.8,S
2021-06-17T13:35:05,500.0,49.9,B
2021-06-17T13:35:03,500.0,49.9,B
2021-06-17T13:35:01,100.0,49.9,B
2021-06-17T13:34:58,3600.0,49.8,S
2021-06-17T13:34:58,2800.0,49.8,S
2021-06-17T13:34:58,800.0,49.8,S
2021-06-17T13:34:56,17100.0,49.85,S
2021-06-17T13:34:56,3200.0,49.85,S
2021-06-17T13:34:56,10000.0,49.85,S
2021-06-17T13:34:56,500.0,49.85,S
2021-06-17T13:34:56,12000.0,49.85,S
2021-06-17T13:34:54,200.0,49.9,B
2021-06-17T13:34:51,2000.0,49.9,B
2021-06-17T13:34:50,1000.0,49.9,B
2021-06-17T13:34:47,1200.0,49.9,B
2021-06-17T13:34:46,100.0,49.9,B
2021-06-17T13:34:36,5000.0,49.9,B
2021-06-17T13:34:32,200.0,49.9,B
2021-06-17T13:34:26,10000.0,49.9,B
2021-06-17T13:34:25,2000.0,49.9,B
2021-06-17T13:34:20,500.0,49.9,B
2021-06-17T13:34:20,2500.0,49.9,B
2021-06-17T13:34:20,200.0,49.9,B
2021-06-17T13:34:13,5000.0,49.85,S
2021-06-17T13:34:13,2000.0,49.85,S
2021-06-17T13:34:09,3000.0,49.9,B
2021-06-17T13:34:08,2000.0,49.9,B
2021-06-17T13:34:08,1000.0,49.9,B
2021-06-17T13:34:04,100.0,49.85,S
2021-06-17T13:34:03,5000.0,49.8,S
2021-06-17T13:34:03,21700.0,49.8,S
2021-06-17T13:34:03,600.0,49.8,S
2021-06-17T13:34:03,10000.0,49.8,S
2021-06-17T13:34:03,2600.0,49.8,S
2021-06-17T13:34:03,1000.0,49.8,S
2021-06-17T13:34:03,100.0,49.8,S
2021-06-17T13:34:03,5300.0,49.8,S
2021-06-17T13:34:03,300.0,49.8,S
2021-06-17T13:34:03,3800.0,49.8,S
2021-06-17T13:34:03,8900.0,49.8,S
2021-06-17T13:34:03,200.0,49.8,S
2021-06-17T13:34:03,400.0,49.8,S
2021-06-17T13:34:03,900.0,49.8,S
2021-06-17T13:34:03,3500.0,49.8,S
2021-06-17T13:34:03,8200.0,49.8,S
2021-06-17T13:34:03,500.0,49.8,S
2021-06-17T13:34:02,2000.0,49.8,S
2021-06-17T13:34:02,17500.0,49.8,S
2021-06-17T13:34:02,200.0,49.8,S
2021-06-17T13:34:02,900.0,49.8,S
2021-06-17T13:34:02,1700.0,49.8,S
2021-06-17T13:34:02,4100.0,49.8,S
2021-06-17T13:34:02,1500.0,49.8,S
2021-06-17T13:34:02,6000.0,49.8,S
2021-06-17T13:34:02,2600.0,49.8,S
2021-06-17T13:34:02,1600.0,49.8,S
2021-06-17T13:34:02,100.0,49.8,S
2021-06-17T13:34:02,1000.0,49.8,S
2021-06-17T13:34:02,200.0,49.8,S
2021-06-17T13:34:02,300.0,49.8,S
2021-06-17T13:34:02,3800.0,49.8,S
2021-06-17T13:34:02,1700.0,49.8,S
2021-06-17T13:34:02,600.0,49.8,S
2021-06-17T13:34:02,3000.0,49.8,S
2021-06-17T13:34:02,200.0,49.8,S
2021-06-17T13:34:02,5700.0,49.8,S
2021-06-17T13:34:02,7000.0,49.8,S
2021-06-17T13:34:02,9000.0,49.8,S
2021-06-17T13:34:02,100.0,49.8,S
2021-06-17T13:34:02,10200.0,49.8,S
2021-06-17T13:34:02,800.0,49.8,S
2021-06-17T13:34:02,1200.0,49.8,S
2021-06-17T13:34:02,300.0,49.8,S
2021-06-17T13:34:01,200.0,49.8,S
2021-06-17T13:34:01,20100.0,49.8,S
2021-06-17T13:34:01,23400.0,49.85,S
2021-06-17T13:33:58,100.0,49.85,S
2021-06-17T13:33:58,1000.0,49.9,B
2021-06-17T13:33:57,10000.0,49.9,B
2021-06-17T13:33:44,10000.0,49.9,B
2021-06-17T13:33:44,3000.0,49.9,B
2021-06-17T13:33:23,25500.0,49.85,B
2021-06-17T13:33:22,200.0,49.85,B
2021-06-17T13:33:20,1000.0,49.85,B
2021-06-17T13:33:19,2000.0,49.85,B
2021-06-17T13:33:16,100.0,49.85,B
2021-06-17T13:33:14,2000.0,49.85,B
2021-06-17T13:33:14,2100.0,49.8,S
2021-06-17T13:33:09,700.0,49.85,B
2021-06-17T13:33:09,3600.0,49.85,B
2021-06-17T13:33:08,8300.0,49.85,B
2021-06-17T13:33:08,2000.0,49.85,B
2021-06-17T13:33:06,100.0,49.85,B
2021-06-17T13:33:06,3000.0,49.85,B
2021-06-17T13:33:05,100.0,49.85,B
2021-06-17T13:33:04,500.0,49.85,B
2021-06-17T13:33:04,1000.0,49.8,S
2021-06-17T13:33:04,100.0,49.85,B
2021-06-17T13:33:00,2000.0,49.85,B
2021-06-17T13:32:58,500.0,49.85,B
2021-06-17T13:32:58,1800.0,49.8,S
2021-06-17T13:32:58,1000.0,49.85,B
2021-06-17T13:32:56,100.0,49.85,B
2021-06-17T13:32:56,1300.0,49.85,B
2021-06-17T13:32:56,500.0,49.85,B
2021-06-17T13:32:52,100.0,49.85,B
2021-06-17T13:32:49,100.0,49.85,B
2021-06-17T13:32:48,1000.0,49.85,B
2021-06-17T13:32:44,100.0,49.85,B
2021-06-17T13:32:44,5000.0,49.85,B
2021-06-17T13:32:42,1000.0,49.85,B
2021-06-17T13:32:42,500.0,49.85,B
2021-06-17T13:32:39,1700.0,49.85,B
2021-06-17T13:32:39,1000.0,49.85,B
2021-06-17T13:32:37,4000.0,49.85,B
2021-06-17T13:32:37,1000.0,49.8,S
2021-06-17T13:32:36,6000.0,49.85,B
2021-06-17T13:32:36,1000.0,49.85,B
2021-06-17T13:32:33,500.0,49.85,B
2021-06-17T13:32:31,500.0,49.85,S
2021-06-17T13:32:30,700.0,49.85,S
2021-06-17T13:32:30,100.0,49.85,S
2021-06-17T13:32:27,1000.0,49.85,S
2021-06-17T13:32:27,200.0,49.85,S
2021-06-17T13:32:26,100.0,49.85,S
2021-06-17T13:32:25,400.0,49.85,S
2021-06-17T13:32:25,200.0,49.85,S
2021-06-17T13:32:23,1000.0,49.85,S
2021-06-17T13:32:23,1500.0,49.85,S
2021-06-17T13:32:21,500.0,49.85,S
2021-06-17T13:32:21,200.0,49.85,S
2021-06-17T13:32:21,200.0,49.85,S
2021-06-17T13:32:20,100.0,49.85,S
2021-06-17T13:32:20,200.0,49.85,S
2021-06-17T13:32:20,1000.0,49.85,S
2021-06-17T13:32:20,200.0,49.85,S
2021-06-17T13:32:20,200.0,49.85,S
2021-06-17T13:32:19,13700.0,49.85,S
2021-06-17T13:32:18,1000.0,49.9,B
2021-06-17T13:32:18,500.0,49.9,B
2021-06-17T13:32:17,1000.0,49.9,B
2021-06-17T13:32:17,100.0,49.9,B
2021-06-17T13:32:13,3300.0,49.9,B
2021-06-17T13:32:11,1000.0,49.9,B
2021-06-17T13:32:07,100.0,49.9,B
2021-06-17T13:32:07,200.0,49.9,B
2021-06-17T13:32:07,100.0,49.9,B
2021-06-17T13:32:04,1400.0,49.9,B
2021-06-17T13:32:02,600.0,49.9,B
2021-06-17T13:32:02,1100.0,49.9,B
2021-06-17T13:32:02,2900.0,49.9,B
2021-06-17T13:32:02,200.0,49.9,B
2021-06-17T13:32:02,7400.0,49.9,B
2021-06-17T13:32:00,500.0,49.9,B
2021-06-17T13:32:00,1000.0,49.9,B
2021-06-17T13:32:00,100.0,49.9,B
2021-06-17T13:31:53,200.0,49.9,B
2021-06-17T13:31:53,1200.0,49.9,B
2021-06-17T13:31:51,1000.0,49.9,B
2021-06-17T13:31:51,800.0,49.9,B
2021-06-17T13:31:50,600.0,49.9,B
2021-06-17T13:31:45,100.0,49.9,B
2021-06-17T13:31:43,1000.0,49.9,B
2021-06-17T13:31:40,100.0,49.9,B
2021-06-17T13:31:38,2000.0,49.9,B
2021-06-17T13:31:38,200.0,49.9,B
2021-06-17T13:31:38,100.0,49.85,S
2021-06-17T13:31:38,1400.0,49.85,S
2021-06-17T13:31:38,1000.0,49.85,S
2021-06-17T13:31:38,1100.0,49.85,S
2021-06-17T13:31:38,200.0,49.85,S
2021-06-17T13:31:37,800.0,49.85,S
2021-06-17T13:31:37,3000.0,49.85,S
2021-06-17T13:31:37,2400.0,49.85,S
2021-06-17T13:31:36,100.0,49.9,B
2021-06-17T13:31:36,500.0,49.9,B
2021-06-17T13:31:36,600.0,49.9,B
2021-06-17T13:31:36,100.0,49.9,B
2021-06-17T13:31:35,100.0,49.9,B
2021-06-17T13:31:33,200.0,49.9,B
2021-06-17T13:31:31,200.0,49.9,B
2021-06-17T13:31:29,3000.0,49.9,B
2021-06-17T13:31:27,1000.0,49.9,B
2021-06-17T13:31:26,3000.0,49.9,B
2021-06-17T13:31:25,300.0,49.9,B
2021-06-17T13:31:21,500.0,49.9,B
2021-06-17T13:31:20,500.0,49.9,B
2021-06-17T13:31:20,100.0,49.9,B
2021-06-17T13:31:19,100.0,49.9,B
2021-06-17T13:31:19,100.0,49.9,B
2021-06-17T13:31:17,500.0,49.9,B
2021-06-17T13:31:15,200.0,49.9,B
2021-06-17T13:31:15,5000.0,49.9,B
2021-06-17T13:31:13,200.0,49.9,B
2021-06-17T13:31:12,1000.0,49.9,B
2021-06-17T13:31:12,1000.0,49.9,B
2021-06-17T13:31:11,22800.0,49.9,B
2021-06-17T13:31:09,7400.0,49.9,B
2021-06-17T13:31:09,100.0,49.9,B
2021-06-17T13:31:09,2000.0,49.9,B
2021-06-17T13:31:07,300.0,49.9,B
2021-06-17T13:31:07,500.0,49.9,B
2021-06-17T13:31:07,400.0,49.9,B
2021-06-17T13:31:06,200.0,49.9,B
2021-06-17T13:31:02,200.0,49.9,B
2021-06-17T13:31:02,200.0,49.9,B
2021-06-17T13:31:01,100.0,49.9,B
2021-06-17T13:30:58,100.0,49.9,B
2021-06-17T13:30:55,1000.0,49.9,B
2021-06-17T13:30:50,500.0,49.9,B
2021-06-17T13:30:46,10000.0,49.9,B
2021-06-17T13:30:45,200.0,49.9,B
2021-06-17T13:30:43,100.0,49.9,B
2021-06-17T13:30:42,200.0,49.9,B
2021-06-17T13:30:41,500.0,49.9,B
2021-06-17T13:30:41,4000.0,49.9,B
2021-06-17T13:30:36,400.0,49.9,B
2021-06-17T13:30:36,5000.0,49.9,B
2021-06-17T13:30:36,500.0,49.9,B
2021-06-17T13:30:36,12000.0,49.9,B
2021-06-17T13:30:31,5000.0,49.9,B
2021-06-17T13:30:29,100.0,49.9,B
2021-06-17T13:30:27,1000.0,49.9,B
2021-06-17T13:30:26,100.0,49.9,B
2021-06-17T13:30:25,200.0,49.9,B
2021-06-17T13:30:24,200.0,49.9,B
2021-06-17T13:30:22,500.0,49.9,B
2021-06-17T13:30:19,1000.0,49.9,B
2021-06-17T13:30:17,100.0,49.9,B
2021-06-17T13:30:15,4500.0,49.9,B
2021-06-17T13:30:15,200.0,49.9,B
2021-06-17T13:30:15,800.0,49.9,B
2021-06-17T13:30:14,1000.0,49.9,B
2021-06-17T13:30:13,1000.0,49.9,B
2021-06-17T13:30:13,200.0,49.9,B
2021-06-17T13:30:11,100.0,49.9,B
2021-06-17T13:30:11,200.0,49.9,B
2021-06-17T13:30:09,1300.0,49.85,S
2021-06-17T13:30:09,100.0,49.85,S
2021-06-17T13:30:09,1600.0,49.85,S
2021-06-17T13:30:07,1200.0,49.9,B
2021-06-17T13:30:03,300.0,49.9,B
2021-06-17T13:30:02,800.0,49.85,S
2021-06-17T13:30:01,2000.0,49.9,B
2021-06-17T13:30:01,100.0,49.9,B
2021-06-17T13:29:59,1100.0,49.9,B
2021-06-17T13:29:59,400.0,49.9,B
2021-06-17T13:29:52,500.0,49.9,B
2021-06-17T13:29:51,100.0,49.9,B
2021-06-17T13:29:49,1000.0,49.9,B
2021-06-17T13:29:49,500.0,49.9,B
2021-06-17T13:29:49,300.0,49.9,B
2021-06-17T13:29:48,2000.0,49.9,B
2021-06-17T13:29:46,3100.0,49.9,B
2021-06-17T13:29:46,200.0,49.9,B
2021-06-17T13:29:44,400.0,49.85,S
2021-06-17T13:29:44,1500.0,49.9,B
2021-06-17T13:29:39,100.0,49.9,B
2021-06-17T13:29:37,100.0,49.9,B
2021-06-17T13:29:36,700.0,49.9,B
2021-06-17T13:29:36,100.0,49.9,B
2021-06-17T13:29:35,700.0,49.9,B
2021-06-17T13:29:33,100.0,49.9,B
2021-06-17T13:29:28,100.0,49.9,B
2021-06-17T13:29:26,300.0,49.9,B
2021-06-17T13:29:25,1000.0,49.9,B
2021-06-17T13:29:24,500.0,49.9,B
2021-06-17T13:29:22,100.0,49.9,B
2021-06-17T13:29:20,100.0,49.9,B
2021-06-17T13:29:19,200.0,49.9,B
2021-06-17T13:29:18,100.0,49.9,B
2021-06-17T13:29:17,100.0,49.9,B
2021-06-17T13:29:15,100.0,49.9,B
2021-06-17T13:29:14,100.0,49.9,B
2021-06-17T13:29:14,100.0,49.9,B
2021-06-17T13:29:13,100.0,49.9,B
2021-06-17T13:29:13,500.0,49.9,B
2021-06-17T13:29:12,100.0,49.9,B
2021-06-17T13:29:12,2000.0,49.9,B
2021-06-17T13:29:12,100.0,49.9,B
2021-06-17T13:29:11,200.0,49.9,B
2021-06-17T13:29:11,1000.0,49.9,B
2021-06-17T13:29:10,100.0,49.9,B
2021-06-17T13:29:06,200.0,49.9,B
2021-06-17T13:29:02,500.0,49.9,B
2021-06-17T13:29:00,1000.0,49.9,B
2021-06-17T13:28:59,200.0,49.9,B
2021-06-17T13:28:59,1000.0,49.9,B
2021-06-17T13:28:59,1000.0,49.9,B
2021-06-17T13:28:57,300.0,49.9,B
2021-06-17T13:28:56,38100.0,49.9,B
2021-06-17T13:28:56,400.0,49.8,S
2021-06-17T13:28:56,5000.0,49.8,S
2021-06-17T13:28:56,200.0,49.8,S
2021-06-17T13:28:56,3000.0,49.85,S
2021-06-17T13:28:56,6700.0,49.85,S
2021-06-17T13:28:56,800.0,49.85,S
2021-06-17T13:28:56,500.0,49.85,S
2021-06-17T13:28:56,100.0,49.9,B
2021-06-17T13:28:54,100.0,49.9,S
2021-06-17T13:28:53,500.0,49.9,S
2021-06-17T13:28:53,100.0,49.9,S
2021-06-17T13:28:51,500.0,49.9,S
2021-06-17T13:28:46,200.0,49.9,S
2021-06-17T13:28:44,2800.0,49.9,S
2021-06-17T13:28:44,100.0,49.9,S
2021-06-17T13:28:44,10400.0,49.9,S
2021-06-17T13:28:44,1300.0,49.9,S
2021-06-17T13:28:44,100.0,49.9,S
2021-06-17T13:28:44,5200.0,49.9,S
2021-06-17T13:28:44,4800.0,49.9,S
2021-06-17T13:28:44,500.0,49.9,S
2021-06-17T13:28:44,14700.0,49.9,S
2021-06-17T13:28:44,800.0,49.9,S
2021-06-17T13:28:44,5100.0,49.9,S
2021-06-17T13:28:44,700.0,49.9,S
2021-06-17T13:28:42,11600.0,49.9,S
2021-06-17T13:28:42,1000.0,49.9,S
2021-06-17T13:28:42,200.0,50.0,B
2021-06-17T13:28:40,1000.0,50.0,B
2021-06-17T13:28:40,5100.0,50.0,B
2021-06-17T13:28:40,6100.0,49.9,S
2021-06-17T13:28:40,21400.0,49.9,S
2021-06-17T13:28:38,500.0,50.0,B
2021-06-17T13:28:34,100.0,50.0,B
2021-06-17T13:28:33,500.0,49.9,S
2021-06-17T13:28:31,500.0,50.0,B
2021-06-17T13:28:31,100.0,50.0,B
2021-06-17T13:28:29,2000.0,50.0,B
2021-06-17T13:28:29,1000.0,50.0,B
2021-06-17T13:28:29,30200.0,49.9,S
2021-06-17T13:28:29,1100.0,49.9,S
2021-06-17T13:28:29,13400.0,49.9,S
2021-06-17T13:28:28,100.0,50.0,B
2021-06-17T13:28:27,200.0,50.0,B
2021-06-17T13:28:25,10000.0,50.0,B
2021-06-17T13:28:21,200.0,50.0,B
2021-06-17T13:28:21,10000.0,50.0,B
2021-06-17T13:28:16,200.0,50.0,B
2021-06-17T13:28:16,4500.0,50.0,B
2021-06-17T13:28:15,100.0,50.0,B
2021-06-17T13:28:14,200.0,50.0,B
2021-06-17T13:28:12,8000.0,50.0,B
2021-06-17T13:28:10,100.0,50.0,B
2021-06-17T13:28:08,1000.0,50.0,B
2021-06-17T13:28:08,500.0,50.0,B
2021-06-17T13:28:07,1000.0,50.0,B
2021-06-17T13:28:06,400.0,50.0,B
2021-06-17T13:28:05,5000.0,50.0,B
2021-06-17T13:28:02,8700.0,50.0,B
2021-06-17T13:28:02,200.0,50.0,B
2021-06-17T13:28:00,200.0,50.0,B
2021-06-17T13:27:58,500.0,50.0,B
2021-06-17T13:27:58,100.0,50.0,B
2021-06-17T13:27:56,1000.0,50.0,B
2021-06-17T13:27:52,400.0,50.0,B
2021-06-17T13:27:52,1000.0,50.0,B
2021-06-17T13:27:51,1000.0,50.0,B
2021-06-17T13:27:41,5000.0,50.0,B
2021-06-17T13:27:40,100.0,50.0,B
2021-06-17T13:27:40,1000.0,50.0,B
2021-06-17T13:27:39,3000.0,50.0,B
2021-06-17T13:27:37,100.0,50.0,B
2021-06-17T13:27:37,12100.0,50.0,B
2021-06-17T13:27:36,2100.0,49.95,S
2021-06-17T13:27:35,4500.0,49.95,S
2021-06-17T13:27:35,1100.0,49.95,S
2021-06-17T13:27:29,1000.0,49.95,S
2021-06-17T13:27:29,200.0,49.95,S
2021-06-17T13:27:28,1100.0,49.95,S
2021-06-17T13:27:27,500.0,50.0,B
2021-06-17T13:27:24,200.0,50.0,B
2021-06-17T13:27:23,1000.0,50.0,B
2021-06-17T13:27:21,2000.0,50.0,B
2021-06-17T13:27:20,1000.0,50.0,B
2021-06-17T13:27:18,100.0,50.0,B
2021-06-17T13:27:17,800.0,50.0,B
2021-06-17T13:27:16,800.0,49.95,S
2021-06-17T13:27:15,1000.0,50.0,B
2021-06-17T13:27:12,600.0,50.0,B
2021-06-17T13:27:10,5100.0,50.0,B
2021-06-17T13:27:07,500.0,50.0,B
2021-06-17T13:27:05,1000.0,50.0,B
2021-06-17T13:27:04,500.0,50.0,B
2021-06-17T13:27:03,100.0,50.0,B
2021-06-17T13:27:01,100.0,50.0,B
2021-06-17T13:26:59,200.0,50.0,B
2021-06-17T13:26:58,100.0,50.0,B
2021-06-17T13:26:56,2200.0,50.0,B
2021-06-17T13:26:56,700.0,50.0,B
2021-06-17T13:26:54,4000.0,50.0,B
2021-06-17T13:26:52,100.0,50.0,B
2021-06-17T13:26:51,1000.0,50.0,S
2021-06-17T13:26:51,500.0,50.0,S
2021-06-17T13:26:51,100.0,50.0,S
2021-06-17T13:26:50,2000.0,50.0,S
2021-06-17T13:26:50,1500.0,50.0,S
2021-06-17T13:26:48,500.0,50.0,S
2021-06-17T13:26:48,100.0,50.0,S
2021-06-17T13:26:45,100.0,50.0,S
2021-06-17T13:26:45,3600.0,50.0,S
2021-06-17T13:26:45,300.0,50.0,S
2021-06-17T13:26:45,2400.0,50.0,S
2021-06-17T13:26:40,15000.0,50.2,B
2021-06-17T13:26:40,5000.0,50.1,S
2021-06-17T13:26:38,5800.0,50.1,S
2021-06-17T13:26:31,500.0,50.1,S
2021-06-17T13:26:30,5000.0,50.1,S
2021-06-17T13:26:26,500.0,50.1,S
2021-06-17T13:26:26,30000.0,50.1,S
2021-06-17T13:26:25,5000.0,49.95,S
2021-06-17T13:26:24,200.0,50.1,S
2021-06-17T13:26:19,1000.0,50.1,S
2021-06-17T13:26:16,100.0,50.1,S
2021-06-17T13:26:15,2000.0,50.1,S
2021-06-17T13:26:15,500.0,50.2,B
2021-06-17T13:26:15,400.0,50.1,S
2021-06-17T13:26:14,200.0,50.2,B
2021-06-17T13:26:11,4300.0,50.2,B
2021-06-17T13:26:09,100.0,50.1,S
2021-06-17T13:26:09,19000.0,50.2,B
2021-06-17T13:26:07,100.0,50.0,S
2021-06-17T13:26:07,100.0,50.0,S
2021-06-17T13:26:07,3600.0,50.0,S
2021-06-17T13:26:07,100.0,50.0,S
2021-06-17T13:26:07,1100.0,50.0,S
2021-06-17T13:26:07,900.0,50.0,S
2021-06-17T13:26:07,900.0,50.0,S
2021-06-17T13:26:07,7000.0,50.0,S
2021-06-17T13:26:07,7200.0,50.0,S
2021-06-17T13:26:07,300.0,50.0,S
2021-06-17T13:26:07,700.0,50.0,S
2021-06-17T13:26:07,100.0,50.0,S
2021-06-17T13:26:07,21100.0,50.0,S
2021-06-17T13:26:07,300.0,50.0,S
2021-06-17T13:26:07,700.0,50.0,S
2021-06-17T13:26:07,2400.0,50.0,S
2021-06-17T13:26:07,200.0,50.0,S
2021-06-17T13:26:07,400.0,50.0,S
2021-06-17T13:26:07,4700.0,50.0,S
2021-06-17T13:26:07,2300.0,50.0,S
2021-06-17T13:26:07,1300.0,50.0,S
2021-06-17T13:26:07,1100.0,50.0,S
2021-06-17T13:26:07,1100.0,50.0,S
2021-06-17T13:26:06,5800.0,50.0,S
2021-06-17T13:26:06,4000.0,50.0,S
2021-06-17T13:26:06,1500.0,50.0,S
2021-06-17T13:26:06,10000.0,50.0,S
2021-06-17T13:26:06,1300.0,50.0,S
2021-06-17T13:26:06,300.0,50.0,S
2021-06-17T13:26:06,2800.0,50.0,S
2021-06-17T13:26:06,1400.0,50.0,S
2021-06-17T13:26:06,900.0,50.0,S
2021-06-17T13:26:05,5400.0,50.0,S
2021-06-17T13:26:05,1000.0,50.0,S
2021-06-17T13:26:05,800.0,50.0,S
2021-06-17T13:26:05,1100.0,50.0,S
2021-06-17T13:26:05,3100.0,50.0,S
2021-06-17T13:26:05,2000.0,50.0,S
2021-06-17T13:26:05,4900.0,50.0,S
2021-06-17T13:26:05,500.0,50.1,S
2021-06-17T13:26:05,200.0,50.1,S
2021-06-17T13:26:05,4200.0,50.1,S
2021-06-17T13:26:05,5700.0,50.1,S
2021-06-17T13:26:05,300.0,50.1,S
2021-06-17T13:26:05,1500.0,50.1,S
2021-06-17T13:26:05,300.0,50.1,S
2021-06-17T13:26:05,10400.0,50.1,S
2021-06-17T13:26:04,12500.0,50.1,S
2021-06-17T13:26:03,1200.0,50.2,B
2021-06-17T13:25:59,1200.0,50.2,B
2021-06-17T13:25:57,1800.0,50.2,B
2021-06-17T13:25:56,8100.0,50.1,S
2021-06-17T13:25:56,300.0,50.1,S
2021-06-17T13:25:56,1100.0,50.1,S
2021-06-17T13:25:56,200.0,50.1,S
2021-06-17T13:25:56,700.0,50.1,S
2021-06-17T13:25:56,100.0,50.1,S
2021-06-17T13:25:56,700.0,50.1,S
2021-06-17T13:25:56,9300.0,50.1,S
2021-06-17T13:25:54,800.0,50.2,B
2021-06-17T13:25:52,500.0,50.2,B
2021-06-17T13:25:49,100.0,50.2,B
2021-06-17T13:25:47,3400.0,50.2,B
2021-06-17T13:25:47,100.0,50.2,B
2021-06-17T13:25:42,5000.0,50.2,B
2021-06-17T13:25:37,100.0,50.2,B
2021-06-17T13:25:36,200.0,50.2,B
2021-06-17T13:25:35,1900.0,50.2,B
2021-06-17T13:25:35,200.0,50.2,B
2021-06-17T13:25:34,400.0,50.2,B
2021-06-17T13:25:31,1000.0,50.2,B
2021-06-17T13:25:30,5000.0,50.2,B
2021-06-17T13:25:30,100.0,50.2,B
2021-06-17T13:25:23,1100.0,50.2,S
2021-06-17T13:25:23,100.0,50.2,S
2021-06-17T13:25:20,2000.0,50.2,S
2021-06-17T13:25:17,500.0,50.1,S
2021-06-17T13:25:16,1000.0,50.2,S
2021-06-17T13:25:16,1700.0,50.2,S
2021-06-17T13:25:16,800.0,50.2,S
2021-06-17T13:25:16,6500.0,50.2,S
2021-06-17T13:25:16,6800.0,50.2,S
2021-06-17T13:25:14,200.0,50.3,S
2021-06-17T13:25:12,2400.0,50.3,S
2021-06-17T13:25:12,100.0,50.3,S
2021-06-17T13:25:07,200.0,50.3,S
2021-06-17T13:25:07,100.0,50.3,S
2021-06-17T13:25:06,2000.0,50.3,S
2021-06-17T13:25:04,200.0,50.2,S
2021-06-17T13:25:04,100.0,50.3,S
2021-06-17T13:25:04,1500.0,50.3,S
2021-06-17T13:25:03,100.0,50.3,S
2021-06-17T13:25:01,2400.0,50.3,S
2021-06-17T13:25:01,10000.0,50.3,S
2021-06-17T13:25:00,500.0,50.3,S
2021-06-17T13:24:58,100.0,50.3,S
2021-06-17T13:24:56,200.0,50.3,S
2021-06-17T13:24:56,500.0,50.3,S
2021-06-17T13:24:54,200.0,50.3,S
2021-06-17T13:24:51,100.0,50.3,S
2021-06-17T13:24:48,2000.0,50.3,S
2021-06-17T13:24:46,2000.0,50.3,S
2021-06-17T13:24:46,900.0,50.3,S
2021-06-17T13:24:44,8000.0,50.3,S
2021-06-17T13:24:42,3500.0,50.3,S
2021-06-17T13:24:42,1500.0,50.3,S
2021-06-17T13:24:40,300.0,50.3,S
2021-06-17T13:24:37,200.0,50.3,S
2021-06-17T13:24:35,500.0,50.3,S
2021-06-17T13:24:34,5000.0,50.3,S
2021-06-17T13:24:34,1700.0,50.3,S
2021-06-17T13:24:26,100.0,50.3,S
2021-06-17T13:24:25,2000.0,50.3,S
2021-06-17T13:24:25,300.0,50.2,S
2021-06-17T13:24:24,100.0,50.3,S
2021-06-17T13:24:22,2000.0,50.3,S
2021-06-17T13:24:21,2000.0,50.3,S
2021-06-17T13:24:20,1000.0,50.3,S
2021-06-17T13:24:18,100.0,50.3,S
2021-06-17T13:24:11,2400.0,50.1,S
2021-06-17T13:24:09,100.0,50.3,S
2021-06-17T13:24:03,500.0,50.3,S
2021-06-17T13:24:01,1000.0,50.3,S
2021-06-17T13:23:59,2400.0,50.1,S
2021-06-17T13:23:58,400.0,50.3,S
2021-06-17T13:23:54,1000.0,50.2,S
2021-06-17T13:23:54,200.0,50.2,S
2021-06-17T13:23:54,400.0,50.2,S
2021-06-17T13:23:54,4100.0,50.2,S
2021-06-17T13:23:54,5000.0,50.2,S
2021-06-17T13:23:54,100.0,50.2,S
2021-06-17T13:23:54,200.0,50.2,S
2021-06-17T13:23:54,400.0,50.2,S
2021-06-17T13:23:54,200.0,50.2,S
2021-06-17T13:23:53,3400.0,50.2,S
2021-06-17T13:23:53,400.0,50.3,S
2021-06-17T13:23:52,400.0,50.2,S
2021-06-17T13:23:52,200.0,50.2,S
2021-06-17T13:23:51,1800.0,50.2,S
2021-06-17T13:23:50,500.0,50.3,S
2021-06-17T13:23:49,700.0,50.3,S
2021-06-17T13:23:46,2000.0,50.3,S
2021-06-17T13:23:43,5000.0,50.3,S
2021-06-17T13:23:43,100.0,50.3,S
2021-06-17T13:23:42,400.0,50.3,S
2021-06-17T13:23:41,5000.0,50.3,S
2021-06-17T13:23:40,100.0,50.3,S
2021-06-17T13:23:40,2400.0,50.3,S
2021-06-17T13:23:39,1000.0,50.3,S
2021-06-17T13:23:37,12000.0,50.3,S
2021-06-17T13:23:35,7500.0,50.3,S
2021-06-17T13:23:34,5100.0,50.3,S
2021-06-17T13:23:29,1600.0,50.2,S
2021-06-17T13:23:27,2000.0,50.3,S
2021-06-17T13:23:26,100.0,50.3,S
2021-06-17T13:23:25,1000.0,50.3,S
2021-06-17T13:23:24,2000.0,50.3,S
2021-06-17T13:23:23,200.0,50.2,S
2021-06-17T13:23:23,1300.0,50.2,S
2021-06-17T13:23:23,100.0,50.2,S
2021-06-17T13:23:22,1000.0,50.3,S
2021-06-17T13:23:21,2000.0,50.3,S
2021-06-17T13:23:20,1000.0,50.3,S
2021-06-17T13:23:18,300.0,50.3,S
2021-06-17T13:23:17,1600.0,50.2,S
2021-06-17T13:23:16,100.0,50.3,S
2021-06-17T13:23:15,300.0,50.3,S
2021-06-17T13:23:14,100.0,50.3,S
2021-06-17T13:23:13,200.0,50.3,S
2021-06-17T13:23:11,1400.0,50.2,S
2021-06-17T13:23:11,1000.0,50.2,S
2021-06-17T13:23:11,100.0,50.2,S
2021-06-17T13:23:11,2200.0,50.2,S
2021-06-17T13:23:11,100.0,50.2,S
2021-06-17T13:23:11,600.0,50.2,S
2021-06-17T13:23:11,4400.0,50.2,S
2021-06-17T13:23:11,4300.0,50.2,S
2021-06-17T13:23:11,1100.0,50.2,S
2021-06-17T13:23:10,200.0,50.3,S
2021-06-17T13:23:09,1600.0,50.2,S
2021-06-17T13:23:07,7500.0,50.3,S
2021-06-17T13:23:07,3700.0,50.3,S
2021-06-17T13:23:07,100.0,50.3,S
2021-06-17T13:23:06,400.0,50.3,S
2021-06-17T13:23:04,100.0,50.3,S
2021-06-17T13:23:03,5400.0,50.3,S
2021-06-17T13:23:03,400.0,50.3,S
2021-06-17T13:23:02,200.0,50.3,S
2021-06-17T13:23:01,1000.0,50.3,S
2021-06-17T13:23:00,200.0,50.2,S
2021-06-17T13:22:59,4000.0,50.3,S
2021-06-17T13:22:58,500.0,50.3,S
2021-06-17T13:22:58,2400.0,50.3,S
2021-06-17T13:22:57,200.0,50.3,S
2021-06-17T13:22:56,100.0,50.3,S
2021-06-17T13:22:56,500.0,50.3,S
2021-06-17T13:22:56,2000.0,50.3,S
2021-06-17T13:22:53,1200.0,50.3,S
2021-06-17T13:22:52,1000.0,50.3,S
2021-06-17T13:22:50,1600.0,50.2,S
2021-06-17T13:22:49,100.0,50.3,S
2021-06-17T13:22:48,1000.0,50.3,S
2021-06-17T13:22:48,600.0,50.3,S
2021-06-17T13:22:48,9200.0,50.3,S
2021-06-17T13:22:48,11200.0,50.3,S
2021-06-17T13:22:48,1000.0,50.3,S
2021-06-17T13:22:48,1400.0,50.3,S
2021-06-17T13:22:48,100.0,50.3,S
2021-06-17T13:22:47,1700.0,50.3,S
2021-06-17T13:22:45,500.0,50.4,B
2021-06-17T13:22:43,4500.0,50.3,S
2021-06-17T13:22:40,300.0,50.4,B
2021-06-17T13:22:39,1600.0,50.3,S
2021-06-17T13:22:36,1600.0,50.4,B
2021-06-17T13:22:36,3000.0,50.4,B
2021-06-17T13:22:35,3900.0,50.4,B
2021-06-17T13:22:34,1200.0,50.4,B
2021-06-17T13:22:32,1300.0,50.4,B
2021-06-17T13:22:30,1100.0,50.4,B
2021-06-17T13:22:26,1000.0,50.4,B
2021-06-17T13:22:24,100.0,50.4,B
2021-06-17T13:22:22,1600.0,50.3,S
2021-06-17T13:22:18,5000.0,50.4,B
2021-06-17T13:22:17,500.0,50.4,B
2021-06-17T13:22:15,800.0,50.3,S
2021-06-17T13:22:15,400.0,50.3,S
2021-06-17T13:22:15,1800.0,50.3,S
2021-06-17T13:22:10,1600.0,50.3,S
2021-06-17T13:22:08,100.0,50.4,B
2021-06-17T13:22:07,500.0,50.5,B
2021-06-17T13:22:06,52700.0,50.5,B
2021-06-17T13:21:23,3000.0,50.5,B
2021-06-17T13:21:22,7100.0,50.3,B
2021-06-17T13:21:22,1900.0,50.4,B
2021-06-17T13:21:21,2000.0,50.5,B
2021-06-17T13:21:20,500.0,50.5,B
2021-06-17T13:21:20,1000.0,50.5,B
2021-06-17T13:21:19,200.0,50.5,B
2021-06-17T13:21:14,1200.0,50.5,B
2021-06-17T13:21:13,2000.0,50.5,B
2021-06-17T13:21:12,200.0,50.4,B
2021-06-17T13:21:11,200.0,50.4,B
2021-06-17T13:21:10,100.0,50.4,B
2021-06-17T13:21:09,39500.0,50.4,B
2021-06-17T13:21:09,500.0,50.4,B
2021-06-17T13:21:06,300.0,50.3,B
2021-06-17T13:21:06,500.0,50.3,B
2021-06-17T13:21:06,2200.0,50.3,B
2021-06-17T13:21:04,200.0,50.4,B
2021-06-17T13:21:03,3000.0,50.4,B
2021-06-17T13:21:02,500.0,50.4,B
2021-06-17T13:21:00,5000.0,50.4,B
2021-06-17T13:20:57,2000.0,50.5,B
2021-06-17T13:20:53,3000.0,50.5,B
2021-06-17T13:20:36,5000.0,50.5,B
2021-06-17T13:20:31,2000.0,50.5,B
2021-06-17T13:20:31,1500.0,50.2,S
2021-06-17T13:20:31,12300.0,50.5,B
2021-06-17T13:20:31,7700.0,50.3,B
2021-06-17T13:20:30,2000.0,50.3,B
2021-06-17T13:20:29,100.0,50.3,B
2021-06-17T13:20:29,100.0,50.3,B
2021-06-17T13:20:29,1000.0,50.3,B
2021-06-17T13:20:28,300.0,50.3,B
2021-06-17T13:20:27,1300.0,50.3,B
2021-06-17T13:20:26,500.0,50.3,B
2021-06-17T13:20:25,200.0,50.3,B
2021-06-17T13:20:22,1000.0,50.3,B
2021-06-17T13:20:21,100.0,50.3,B
2021-06-17T13:20:21,100.0,50.3,B
2021-06-17T13:20:20,1300.0,50.3,B
2021-06-17T13:20:17,200.0,50.3,B
2021-06-17T13:20:16,3000.0,50.3,B
2021-06-17T13:20:16,6000.0,50.3,B
2021-06-17T13:20:09,500.0,50.3,B
2021-06-17T13:20:08,2500.0,50.3,B
2021-06-17T13:20:08,200.0,50.3,B
2021-06-17T13:20:07,300.0,50.3,B
2021-06-17T13:20:06,300.0,50.3,B
2021-06-17T13:20:05,100.0,50.3,B
2021-06-17T13:20:04,1000.0,50.3,B
2021-06-17T13:20:03,200.0,50.3,B
2021-06-17T13:20:02,500.0,50.3,B
2021-06-17T13:20:02,1800.0,50.3,B
2021-06-17T13:20:00,1000.0,50.3,S
2021-06-17T13:20:00,3000.0,50.3,S
2021-06-17T13:19:59,500.0,50.3,S
2021-06-17T13:19:58,100.0,50.3,S
2021-06-17T13:19:57,7000.0,50.3,S
2021-06-17T13:19:57,100.0,50.3,S
2021-06-17T13:19:56,10200.0,50.3,S
2021-06-17T13:19:56,800.0,50.3,S
2021-06-17T13:19:56,100.0,50.3,S
2021-06-17T13:19:56,1400.0,50.3,S
2021-06-17T13:19:56,1000.0,50.3,S
2021-06-17T13:19:56,2500.0,50.3,S
2021-06-17T13:19:56,2000.0,50.5,B
2021-06-17T13:19:55,1000.0,50.5,B
2021-06-17T13:19:55,2000.0,50.5,B
2021-06-17T13:19:55,200.0,50.5,B
2021-06-17T13:19:50,900.0,50.5,B
2021-06-17T13:19:47,2000.0,50.5,B
2021-06-17T13:19:46,100.0,50.5,B
2021-06-17T13:19:45,100.0,50.5,B
2021-06-17T13:19:44,1000.0,50.5,B
2021-06-17T13:19:42,100.0,50.5,B
2021-06-17T13:19:35,2000.0,50.5,B
2021-06-17T13:19:35,4900.0,50.5,B
2021-06-17T13:19:32,300.0,50.5,B
2021-06-17T13:19:30,200.0,50.5,B
2021-06-17T13:19:30,2000.0,50.5,B
2021-06-17T13:19:29,500.0,50.5,B
2021-06-17T13:19:29,1000.0,50.5,B
2021-06-17T13:19:28,300.0,50.5,B
2021-06-17T13:19:27,100.0,50.5,B
2021-06-17T13:19:27,100.0,50.5,B
2021-06-17T13:19:26,1100.0,50.5,B
2021-06-17T13:19:24,2500.0,50.5,B
2021-06-17T13:19:24,8000.0,50.5,B
2021-06-17T13:19:23,800.0,50.4,S
2021-06-17T13:19:23,700.0,50.4,S
2021-06-17T13:19:23,500.0,50.4,S
2021-06-17T13:19:21,800.0,50.5,B
2021-06-17T13:19:21,100.0,50.5,B
2021-06-17T13:19:18,2400.0,50.5,B
2021-06-17T13:19:16,1000.0,50.5,B
2021-06-17T13:19:16,2000.0,50.5,B
2021-06-17T13:19:15,2000.0,50.5,B
2021-06-17T13:19:14,200.0,50.5,B
2021-06-17T13:19:14,1500.0,50.5,B
2021-06-17T13:19:14,700.0,50.5,B
2021-06-17T13:19:14,800.0,50.5,B
2021-06-17T13:19:14,1300.0,50.5,B
2021-06-17T13:19:14,1900.0,50.5,B
2021-06-17T13:19:08,100.0,50.6,B
2021-06-17T13:19:04,100.0,50.6,B
2021-06-17T13:18:59,4100.0,50.5,B
2021-06-17T13:18:59,500.0,50.5,B
2021-06-17T13:18:59,400.0,50.5,B
2021-06-17T13:18:57,1000.0,50.6,B
2021-06-17T13:18:56,700.0,50.6,B
2021-06-17T13:18:52,500.0,50.6,B
2021-06-17T13:18:45,100.0,50.6,B
2021-06-17T13:18:42,1200.0,50.6,B
2021-06-17T13:18:42,1900.0,50.5,B
2021-06-17T13:18:39,300.0,50.5,B
2021-06-17T13:18:34,100.0,50.5,S
2021-06-17T13:18:33,1600.0,50.5,S
2021-06-17T13:18:33,6100.0,50.5,S
2021-06-17T13:18:30,200.0,50.6,B
2021-06-17T13:18:29,400.0,50.7,B
2021-06-17T13:18:23,5100.0,50.6,B
2021-06-17T13:18:23,1500.0,50.6,B
2021-06-17T13:18:23,100.0,50.6,B
2021-06-17T13:18:22,38800.0,50.6,B
2021-06-17T13:18:22,3000.0,50.5,S
2021-06-17T13:18:21,200.0,50.5,S
2021-06-17T13:18:19,50100.0,50.5,S
2021-06-17T13:18:14,8800.0,50.5,S
2021-06-17T13:18:13,400.0,50.5,S
2021-06-17T13:18:11,2200.0,50.5,S
2021-06-17T13:18:11,300.0,50.5,S
2021-06-17T13:18:11,5500.0,50.5,S
2021-06-17T13:18:10,1000.0,50.6,B
2021-06-17T13:18:08,1100.0,50.6,B
2021-06-17T13:18:08,200.0,50.6,B
2021-06-17T13:18:07,3000.0,50.6,B
2021-06-17T13:18:04,12500.0,50.6,B
2021-06-17T13:18:04,300.0,50.6,B
2021-06-17T13:18:02,100.0,50.5,S
2021-06-17T13:18:00,100.0,50.6,B
2021-06-17T13:18:00,2000.0,50.6,B
2021-06-17T13:18:00,200.0,50.6,B
2021-06-17T13:17:57,200.0,50.6,B
2021-06-17T13:17:51,300.0,50.6,B
2021-06-17T13:17:49,100.0,50.6,B
2021-06-17T13:17:47,200.0,50.6,B
2021-06-17T13:17:46,1000.0,50.6,B
2021-06-17T13:17:46,3800.0,50.6,B
2021-06-17T13:17:45,2000.0,50.6,B
2021-06-17T13:17:45,200.0,50.6,B
2021-06-17T13:17:45,1000.0,50.6,B
2021-06-17T13:17:44,200.0,50.6,B
2021-06-17T13:17:42,500.0,50.6,B
2021-06-17T13:17:41,1200.0,50.6,B
2021-06-17T13:17:41,500.0,50.6,B
2021-06-17T13:17:40,100.0,50.6,B
2021-06-17T13:17:39,10000.0,50.6,B
2021-06-17T13:17:38,300.0,50.6,B
2021-06-17T13:17:38,15700.0,50.2,S
2021-06-17T13:17:38,1100.0,50.3,S
2021-06-17T13:17:38,100.0,50.3,S
2021-06-17T13:17:38,3400.0,50.3,S
2021-06-17T13:17:38,2900.0,50.3,S
2021-06-17T13:17:38,3700.0,50.3,S
2021-06-17T13:17:38,3300.0,50.3,S
2021-06-17T13:17:38,5500.0,50.3,S
2021-06-17T13:17:38,1600.0,50.3,S
2021-06-17T13:17:38,11500.0,50.3,S
2021-06-17T13:17:38,6500.0,50.3,S
2021-06-17T13:17:38,4000.0,50.3,S
2021-06-17T13:17:38,5100.0,50.3,S
2021-06-17T13:17:38,1000.0,50.4,S
2021-06-17T13:17:38,1100.0,50.4,S
2021-06-17T13:17:38,1300.0,50.4,S
2021-06-17T13:17:38,4200.0,50.4,S
2021-06-17T13:17:38,900.0,50.5,S
2021-06-17T13:17:38,200.0,50.5,S
2021-06-17T13:17:37,1400.0,50.5,S
2021-06-17T13:17:37,100.0,50.5,S
2021-06-17T13:17:37,1800.0,50.5,S
2021-06-17T13:17:37,300.0,50.5,S
2021-06-17T13:17:37,2000.0,50.5,S
2021-06-17T13:17:37,400.0,50.5,S
2021-06-17T13:17:37,500.0,50.5,S
2021-06-17T13:17:37,3200.0,50.5,S
2021-06-17T13:17:37,17200.0,50.5,S
2021-06-17T13:17:35,100.0,50.6,B
2021-06-17T13:17:34,100.0,50.6,B
2021-06-17T13:17:33,2000.0,50.6,B
2021-06-17T13:17:32,500.0,50.6,B
2021-06-17T13:17:31,2100.0,50.6,B
2021-06-17T13:17:30,1500.0,50.6,B
2021-06-17T13:17:29,2100.0,50.6,B
2021-06-17T13:17:28,500.0,50.6,B
2021-06-17T13:17:27,500.0,50.6,B
2021-06-17T13:17:26,100.0,50.6,B
2021-06-17T13:17:23,900.0,50.6,B
2021-06-17T13:17:23,10000.0,50.6,B
2021-06-17T13:17:20,300.0,50.6,B
2021-06-17T13:17:19,100.0,50.6,B
2021-06-17T13:17:19,5000.0,50.6,B
2021-06-17T13:17:18,700.0,50.6,B
2021-06-17T13:17:17,300.0,50.6,B
2021-06-17T13:17:15,5000.0,50.6,B
2021-06-17T13:17:14,3000.0,50.6,B
2021-06-17T13:17:11,2000.0,50.6,B
2021-06-17T13:17:08,1000.0,50.6,B
2021-06-17T13:17:04,1000.0,50.6,B
2021-06-17T13:17:04,700.0,50.5,S
2021-06-17T13:17:03,3300.0,50.5,S
2021-06-17T13:16:58,7000.0,50.6,B
2021-06-17T13:16:48,100.0,50.6,B
2021-06-17T13:16:47,10000.0,50.6,B
2021-06-17T13:16:47,100.0,50.6,B
2021-06-17T13:16:45,5000.0,50.6,B
2021-06-17T13:16:45,15600.0,50.6,B
2021-06-17T13:16:45,1100.0,50.6,B
2021-06-17T13:16:45,5300.0,50.6,B
2021-06-17T13:16:39,400.0,50.5,S
2021-06-17T13:16:39,400.0,50.5,S
2021-06-17T13:16:39,4200.0,50.5,S
2021-06-17T13:16:38,5000.0,50.6,B
2021-06-17T13:16:36,37800.0,50.5,S
2021-06-17T13:16:36,1400.0,50.5,S
2021-06-17T13:16:36,200.0,50.5,S
2021-06-17T13:16:36,4200.0,50.5,S
2021-06-17T13:16:36,7100.0,50.5,S
2021-06-17T13:16:36,4400.0,50.5,S
2021-06-17T13:16:36,300.0,50.5,S
2021-06-17T13:16:36,8500.0,50.5,S
2021-06-17T13:16:36,6300.0,50.5,S
2021-06-17T13:16:36,1300.0,50.5,S
2021-06-17T13:16:35,2400.0,50.5,S
2021-06-17T13:16:35,26100.0,50.5,S
2021-06-17T13:16:33,500.0,50.6,B
2021-06-17T13:16:25,500.0,50.6,B
2021-06-17T13:16:25,5000.0,50.6,B
2021-06-17T13:16:20,50000.0,50.6,B
2021-06-17T13:16:18,2000.0,50.6,B
2021-06-17T13:16:18,2700.0,50.6,B
2021-06-17T13:16:18,2300.0,50.6,B
2021-06-17T13:16:10,200.0,50.5,B
2021-06-17T13:16:10,100.0,50.6,B
2021-06-17T13:16:06,10000.0,50.6,B
2021-06-17T13:16:01,100.0,50.6,B
2021-06-17T13:15:56,5000.0,50.5,B
2021-06-17T13:15:56,200.0,50.6,B
2021-06-17T13:15:50,2700.0,50.6,B
2021-06-17T13:15:46,500.0,50.5,B
2021-06-17T13:15:42,9200.0,50.5,B
2021-06-17T13:15:42,300.0,50.5,B
2021-06-17T13:15:42,1000.0,50.5,B
2021-06-17T13:15:40,10000.0,50.5,B
2021-06-17T13:15:39,2000.0,50.5,B
2021-06-17T13:15:39,3000.0,50.5,B
2021-06-17T13:15:39,100.0,50.5,B
2021-06-17T13:15:35,2200.0,50.5,B
2021-06-17T13:15:33,100.0,50.5,B
2021-06-17T13:15:32,100.0,50.5,B
2021-06-17T13:15:31,2900.0,50.5,B
2021-06-17T13:15:31,7700.0,50.5,B
2021-06-17T13:15:31,3500.0,50.4,S
2021-06-17T13:15:31,1600.0,50.4,S
2021-06-17T13:15:31,2500.0,50.4,S
2021-06-17T13:15:31,100.0,50.4,S
2021-06-17T13:15:30,11300.0,50.4,S
2021-06-17T13:15:30,1500.0,50.4,S
2021-06-17T13:15:30,500.0,50.5,B
2021-06-17T13:15:29,100.0,50.5,B
2021-06-17T13:15:29,100.0,50.5,B
2021-06-17T13:15:28,1400.0,50.5,B
2021-06-17T13:15:27,2000.0,50.5,B
2021-06-17T13:15:27,3000.0,50.5,B
2021-06-17T13:15:27,1000.0,50.5,B
2021-06-17T13:15:23,100.0,50.5,B
2021-06-17T13:15:22,1200.0,50.5,B
2021-06-17T13:15:22,700.0,50.5,B
2021-06-17T13:15:22,300.0,50.5,B
2021-06-17T13:15:21,100.0,50.5,B
2021-06-17T13:15:21,800.0,50.5,B
2021-06-17T13:15:21,7300.0,50.5,B
2021-06-17T13:15:21,100.0,50.5,B
2021-06-17T13:15:21,1500.0,50.5,B
2021-06-17T13:15:21,10200.0,50.5,B
2021-06-17T13:15:21,600.0,50.5,B
2021-06-17T13:15:21,10500.0,50.5,B
2021-06-17T13:15:21,1100.0,50.5,B
2021-06-17T13:15:21,300.0,50.5,B
2021-06-17T13:15:21,200.0,50.5,B
2021-06-17T13:15:21,3100.0,50.5,B
2021-06-17T13:15:21,600.0,50.5,B
2021-06-17T13:15:20,41600.0,50.5,B
2021-06-17T13:15:20,500.0,50.5,B
2021-06-17T13:15:19,1000.0,50.5,B
2021-06-17T13:15:19,10000.0,50.5,B
2021-06-17T13:15:18,1200.0,50.5,B
2021-06-17T13:15:15,11500.0,50.5,B
2021-06-17T13:15:15,400.0,50.5,B
2021-06-17T13:15:13,100.0,50.5,B
2021-06-17T13:15:12,16700.0,50.5,B
2021-06-17T13:15:11,1000.0,50.5,B
2021-06-17T13:15:10,500.0,50.5,B
2021-06-17T13:15:09,200.0,50.5,B
2021-06-17T13:15:06,300.0,50.5,B
2021-06-17T13:15:06,2600.0,50.5,B
2021-06-17T13:15:06,2000.0,50.5,B
2021-06-17T13:15:03,500.0,50.5,B
2021-06-17T13:15:02,300.0,50.5,B
2021-06-17T13:15:01,300.0,50.5,B
2021-06-17T13:14:58,500.0,50.5,B
2021-06-17T13:14:57,300.0,50.5,B
2021-06-17T13:14:55,200.0,50.5,B
2021-06-17T13:14:55,3000.0,50.5,B
2021-06-17T13:14:54,9800.0,50.5,B
2021-06-17T13:14:54,100.0,50.5,B
2021-06-17T13:14:53,1200.0,50.5,B
2021-06-17T13:14:52,6000.0,50.5,B
2021-06-17T13:14:47,2000.0,50.5,B
2021-06-17T13:14:43,100.0,50.5,B
2021-06-17T13:14:43,400.0,50.5,B
2021-06-17T13:14:39,4000.0,50.5,B
2021-06-17T13:14:38,1000.0,50.5,B
2021-06-17T13:14:37,200.0,50.5,B
2021-06-17T13:14:27,1500.0,50.5,B
2021-06-17T13:14:20,2800.0,50.5,B
2021-06-17T13:14:20,300.0,50.5,B
2021-06-17T13:14:20,46900.0,50.5,B
2021-06-17T13:14:19,15200.0,50.4,B
2021-06-17T13:14:16,1000.0,50.4,B
2021-06-17T13:14:16,30000.0,50.4,B
2021-06-17T13:14:12,8400.0,50.4,B
2021-06-17T13:14:10,1700.0,50.4,B
2021-06-17T13:14:10,4200.0,50.4,B
2021-06-17T13:14:09,200.0,50.4,B
2021-06-17T13:14:08,6000.0,50.4,B
2021-06-17T13:14:08,7100.0,50.4,B
2021-06-17T13:14:07,1000.0,50.4,B
2021-06-17T13:14:03,1500.0,50.4,B
2021-06-17T13:14:03,3000.0,50.4,B
2021-06-17T13:14:03,2000.0,50.4,B
2021-06-17T13:13:58,200.0,50.4,B
2021-06-17T13:13:58,5100.0,50.4,B
2021-06-17T13:13:57,300.0,50.4,B
2021-06-17T13:13:53,3000.0,50.4,B
2021-06-17T13:13:52,5000.0,50.4,B
2021-06-17T13:13:51,300.0,50.4,B
2021-06-17T13:13:50,400.0,50.4,B
2021-06-17T13:13:50,300.0,50.4,B
2021-06-17T13:13:49,500.0,50.4,B
2021-06-17T13:13:45,1000.0,50.4,B
2021-06-17T13:13:41,1000.0,50.4,B
2021-06-17T13:13:40,300.0,50.4,B
2021-06-17T13:13:39,900.0,50.4,B
2021-06-17T13:13:39,100.0,50.4,B
2021-06-17T13:13:34,10000.0,50.4,B
2021-06-17T13:13:26,400.0,50.4,B
2021-06-17T13:13:26,500.0,50.4,B
2021-06-17T13:13:26,18900.0,50.4,B
2021-06-17T13:13:26,3100.0,50.4,B
2021-06-17T13:13:26,300.0,50.4,B
2021-06-17T13:13:24,4500.0,50.4,B
2021-06-17T13:13:03,100.0,50.4,B
2021-06-17T13:13:02,8600.0,50.4,B
2021-06-17T13:12:53,100.0,50.3,B
2021-06-17T13:12:42,100.0,50.4,B
2021-06-17T13:12:40,8200.0,50.4,B
2021-06-17T13:12:40,800.0,50.4,B
2021-06-17T13:12:40,11000.0,50.4,B
2021-06-17T13:12:29,500.0,50.3,B
2021-06-17T13:12:26,100.0,50.4,B
2021-06-17T13:12:21,300.0,50.3,B
2021-06-17T13:12:21,3000.0,50.3,B
2021-06-17T13:12:19,1000.0,50.3,B
2021-06-17T13:12:14,2000.0,50.3,B
2021-06-17T13:12:11,5000.0,50.3,B
2021-06-17T13:12:11,200.0,50.3,B
2021-06-17T13:12:09,10000.0,50.3,B
2021-06-17T13:12:08,500.0,50.3,B
2021-06-17T13:12:05,6000.0,50.3,B
2021-06-17T13:12:02,100.0,50.3,B
2021-06-17T13:12:02,1000.0,50.3,B
2021-06-17T13:12:02,500.0,50.3,B
2021-06-17T13:12:01,200.0,50.3,B
2021-06-17T13:12:00,11200.0,50.3,B
2021-06-17T13:11:59,100.0,50.3,B
2021-06-17T13:11:58,100.0,50.3,B
2021-06-17T13:11:58,900.0,50.3,B
2021-06-17T13:11:51,1000.0,50.3,B
2021-06-17T13:11:49,2000.0,50.3,B
2021-06-17T13:11:49,100.0,50.3,B
2021-06-17T13:11:46,100.0,50.3,B
2021-06-17T13:11:44,100.0,50.3,B
2021-06-17T13:11:43,500.0,50.3,B
2021-06-17T13:11:42,300.0,50.3,B
2021-06-17T13:11:42,500.0,50.3,B
2021-06-17T13:11:38,1000.0,50.3,B
2021-06-17T13:11:37,400.0,50.3,B
2021-06-17T13:11:36,20000.0,50.3,B
2021-06-17T13:11:35,200.0,50.3,B
2021-06-17T13:11:35,100.0,50.3,B
2021-06-17T13:11:35,5700.0,50.3,B
2021-06-17T13:11:35,200.0,50.3,B
2021-06-17T13:11:34,5700.0,50.3,B
2021-06-17T13:11:33,1000.0,50.3,B
2021-06-17T13:11:32,1000.0,50.3,B
2021-06-17T13:11:32,2000.0,50.4,B
2021-06-17T13:11:27,3300.0,50.3,B
2021-06-17T13:11:25,200.0,50.3,B
2021-06-17T13:11:24,1000.0,50.3,B
2021-06-17T13:11:23,1000.0,50.3,B
2021-06-17T13:11:16,10000.0,50.3,B
2021-06-17T13:11:14,3000.0,50.3,B
2021-06-17T13:11:11,5000.0,50.3,B
2021-06-17T13:11:03,1600.0,50.3,B
2021-06-17T13:11:03,1700.0,50.3,B
2021-06-17T13:11:03,9200.0,50.3,B
2021-06-17T13:11:03,500.0,50.3,B
2021-06-17T13:11:03,100.0,50.2,B
2021-06-17T13:10:52,6100.0,50.3,B
2021-06-17T13:10:52,3900.0,50.3,B
2021-06-17T13:10:50,2000.0,50.2,B
2021-06-17T13:10:49,9200.0,50.2,B
2021-06-17T13:10:47,200.0,50.2,B
2021-06-17T13:10:44,2000.0,50.2,B
2021-06-17T13:10:44,1000.0,50.2,B
2021-06-17T13:10:42,1000.0,50.2,B
2021-06-17T13:10:40,400.0,50.2,B
2021-06-17T13:10:39,100.0,50.2,B
2021-06-17T13:10:38,4000.0,50.1,S
2021-06-17T13:10:37,2000.0,50.2,B
2021-06-17T13:10:30,200.0,50.2,B
2021-06-17T13:10:29,1000.0,50.2,B
2021-06-17T13:10:28,1000.0,50.2,B
2021-06-17T13:10:22,500.0,50.2,B
2021-06-17T13:10:22,2000.0,50.2,B
2021-06-17T13:10:18,5000.0,50.2,B
2021-06-17T13:10:18,500.0,50.2,B
2021-06-17T13:10:13,2300.0,50.2,B
2021-06-17T13:10:07,500.0,50.2,B
2021-06-17T13:10:03,1100.0,50.2,B
2021-06-17T13:10:03,100.0,50.2,B
2021-06-17T13:10:03,800.0,50.2,B
2021-06-17T13:10:02,200.0,50.2,B
2021-06-17T13:09:57,20000.0,50.2,B
2021-06-17T13:09:55,200.0,50.1,B
2021-06-17T13:09:54,3000.0,50.1,B
2021-06-17T13:09:52,32000.0,50.1,B
2021-06-17T13:09:52,2000.0,50.1,B
2021-06-17T13:09:50,100.0,50.1,B
2021-06-17T13:09:48,1000.0,50.1,B
2021-06-17T13:09:48,500.0,50.1,B
2021-06-17T13:09:48,7600.0,50.1,B
2021-06-17T13:09:47,100.0,50.1,B
2021-06-17T13:09:44,2800.0,50.2,B
2021-06-17T13:09:44,7200.0,50.2,B
2021-06-17T13:09:43,4000.0,50.1,B
2021-06-17T13:09:43,1000.0,50.1,B
2021-06-17T13:09:41,4000.0,50.2,B
2021-06-17T13:09:36,10000.0,50.2,B
2021-06-17T13:09:34,200.0,50.2,B
2021-06-17T13:09:31,5000.0,50.2,B
2021-06-17T13:09:29,50000.0,50.0,S
2021-06-17T13:09:29,1000.0,50.2,B
2021-06-17T13:09:28,800.0,50.1,B
2021-06-17T13:09:27,3000.0,50.1,B
2021-06-17T13:09:27,2600.0,50.1,B
2021-06-17T13:09:27,700.0,50.1,B
2021-06-17T13:09:27,1700.0,50.1,B
2021-06-17T13:09:27,1200.0,50.1,B
2021-06-17T13:09:27,2200.0,50.1,B
2021-06-17T13:09:26,100.0,50.1,B
2021-06-17T13:09:23,500.0,50.1,B
2021-06-17T13:09:23,800.0,50.1,B
2021-06-17T13:09:23,1100.0,50.1,B
2021-06-17T13:09:22,1100.0,50.1,B
2021-06-17T13:09:22,8000.0,50.1,B
2021-06-17T13:09:08,300.0,50.1,B
2021-06-17T13:08:58,500.0,50.0,B
2021-06-17T13:08:58,600.0,50.0,B
2021-06-17T13:08:58,200.0,50.0,B
2021-06-17T13:08:58,800.0,50.0,B
2021-06-17T13:08:58,8800.0,50.0,B
2021-06-17T13:08:58,200.0,50.0,B
2021-06-17T13:08:58,700.0,50.0,B
2021-06-17T13:08:58,400.0,50.0,B
2021-06-17T13:08:58,3500.0,50.0,B
2021-06-17T13:08:58,100.0,50.0,B
2021-06-17T13:08:58,600.0,50.0,B
2021-06-17T13:08:58,4200.0,50.0,B
2021-06-17T13:08:58,10500.0,50.0,B
2021-06-17T13:08:58,6100.0,50.0,B
2021-06-17T13:08:58,900.0,50.0,B
2021-06-17T13:08:58,700.0,50.0,B
2021-06-17T13:08:58,10900.0,50.0,B
2021-06-17T13:08:58,1200.0,50.0,B
2021-06-17T13:08:58,3000.0,50.0,B
2021-06-17T13:08:58,1100.0,50.0,B
2021-06-17T13:08:58,600.0,50.0,B
2021-06-17T13:08:57,500.0,50.0,B
2021-06-17T13:08:57,2100.0,50.0,B
2021-06-17T13:08:57,2800.0,50.0,B
2021-06-17T13:08:57,7900.0,50.0,B
2021-06-17T13:08:55,3000.0,49.95,B
2021-06-17T13:08:55,100.0,49.95,B
2021-06-17T13:08:52,100.0,49.95,B
2021-06-17T13:08:46,5800.0,49.9,B
2021-06-17T13:08:46,900.0,49.9,B
2021-06-17T13:08:46,500.0,49.9,B
2021-06-17T13:08:45,4200.0,49.9,B
2021-06-17T13:08:45,100.0,49.9,B
2021-06-17T13:08:45,400.0,49.9,B
2021-06-17T13:08:44,300.0,49.9,B
2021-06-17T13:08:44,5000.0,49.9,B
2021-06-17T13:08:42,600.0,49.9,B
2021-06-17T13:08:41,500.0,49.9,B
2021-06-17T13:08:40,400.0,49.9,B
2021-06-17T13:08:39,5000.0,49.9,B
2021-06-17T13:08:37,500.0,49.9,B
2021-06-17T13:08:37,3000.0,49.9,B
2021-06-17T13:08:37,500.0,49.9,B
2021-06-17T13:08:36,1500.0,49.9,B
2021-06-17T13:08:34,1000.0,49.9,B
2021-06-17T13:08:32,100.0,49.9,B
2021-06-17T13:08:29,5000.0,49.9,B
2021-06-17T13:08:27,1000.0,49.9,B
2021-06-17T13:08:26,5500.0,49.9,B
2021-06-17T13:08:22,3000.0,49.9,B
2021-06-17T13:08:21,1000.0,49.9,B
2021-06-17T13:08:20,3000.0,49.9,B
2021-06-17T13:08:12,600.0,49.9,B
2021-06-17T13:08:12,800.0,49.85,B
2021-06-17T13:08:12,1100.0,49.85,B
2021-06-17T13:08:12,29100.0,49.85,B
2021-06-17T13:08:11,100.0,49.85,B
2021-06-17T13:08:10,1200.0,49.85,B
2021-06-17T13:08:04,1000.0,49.85,B
2021-06-17T13:07:52,20000.0,49.85,B
2021-06-17T13:07:49,1500.0,49.8,B
2021-06-17T13:07:49,800.0,49.8,B
2021-06-17T13:07:49,400.0,49.8,B
2021-06-17T13:07:49,600.0,49.8,B
2021-06-17T13:07:48,2900.0,49.8,B
2021-06-17T13:07:48,2100.0,49.8,B
2021-06-17T13:07:48,2900.0,49.8,B
2021-06-17T13:07:45,6000.0,49.8,B
2021-06-17T13:07:44,5000.0,49.8,B
2021-06-17T13:07:40,1000.0,49.8,B
2021-06-17T13:07:38,100.0,49.8,B
2021-06-17T13:07:34,14500.0,49.75,S
2021-06-17T13:07:31,100.0,49.8,B
2021-06-17T13:07:28,300.0,49.8,B
2021-06-17T13:07:25,1300.0,49.75,B
2021-06-17T13:07:23,2000.0,49.8,B
2021-06-17T13:07:22,100000.0,49.8,B
2021-06-17T13:07:22,5000.0,49.75,B
2021-06-17T13:07:21,1000.0,49.75,B
2021-06-17T13:07:20,2000.0,49.75,B
2021-06-17T13:07:20,100.0,49.75,B
2021-06-17T13:07:19,2000.0,49.75,B
2021-06-17T13:07:18,100.0,49.75,B
2021-06-17T13:07:18,1000.0,49.75,B
2021-06-17T13:07:17,500.0,49.75,B
2021-06-17T13:07:16,4000.0,49.75,B
2021-06-17T13:07:16,3000.0,49.75,B
2021-06-17T13:07:16,5000.0,49.75,B
2021-06-17T13:07:15,300.0,49.7,S
2021-06-17T13:07:14,300.0,49.75,B
2021-06-17T13:07:14,200.0,49.75,B
2021-06-17T13:07:13,1000.0,49.75,B
2021-06-17T13:07:13,4000.0,49.75,B
2021-06-17T13:07:12,1100.0,49.75,B
2021-06-17T13:07:12,500.0,49.75,B
2021-06-17T13:07:11,2000.0,49.75,B
2021-06-17T13:07:10,500.0,49.75,B
2021-06-17T13:07:08,500.0,49.75,B
2021-06-17T13:07:07,3000.0,49.7,S
2021-06-17T13:07:06,10800.0,49.75,B
2021-06-17T13:07:02,3000.0,49.75,B
2021-06-17T13:07:01,2000.0,49.75,B
2021-06-17T13:07:01,2100.0,49.75,B
2021-06-17T13:07:00,1000.0,49.75,B
2021-06-17T13:07:00,500.0,49.75,B
2021-06-17T13:06:59,200.0,49.75,B
2021-06-17T13:06:58,1200.0,49.75,B
2021-06-17T13:06:56,200.0,49.75,B
2021-06-17T13:06:56,3700.0,49.75,B
2021-06-17T13:06:53,100.0,49.75,B
2021-06-17T13:06:53,500.0,49.75,B
2021-06-17T13:06:52,1000.0,49.75,B
2021-06-17T13:06:52,800.0,49.75,B
2021-06-17T13:06:52,8000.0,49.75,B
2021-06-17T13:06:48,200.0,49.75,B
2021-06-17T13:06:44,100.0,49.75,B
2021-06-17T13:06:44,200.0,49.75,B
2021-06-17T13:06:43,10000.0,49.75,B
2021-06-17T13:06:43,300.0,49.75,B
2021-06-17T13:06:41,300.0,49.75,B
2021-06-17T13:06:41,100.0,49.75,B
2021-06-17T13:06:41,600.0,49.75,B
2021-06-17T13:06:40,1000.0,49.75,B
2021-06-17T13:06:39,200.0,49.75,B
2021-06-17T13:06:39,1000.0,49.75,B
2021-06-17T13:06:35,400.0,49.75,B
2021-06-17T13:06:34,500.0,49.75,B
2021-06-17T13:06:33,300.0,49.75,B
2021-06-17T13:06:32,2000.0,49.75,B
2021-06-17T13:06:32,5000.0,49.75,B
2021-06-17T13:06:31,1000.0,49.75,B
2021-06-17T13:06:30,200.0,49.75,B
2021-06-17T13:06:29,20000.0,49.75,B
2021-06-17T13:06:28,500.0,49.75,B
2021-06-17T13:06:20,800.0,49.75,B
2021-06-17T13:06:17,500.0,49.75,B
2021-06-17T13:06:16,300.0,49.75,B
2021-06-17T13:06:16,100.0,49.75,B
2021-06-17T13:06:11,100.0,49.75,B
2021-06-17T13:06:06,5100.0,49.7,B
2021-06-17T13:06:04,500.0,49.7,B
2021-06-17T13:06:03,300.0,49.7,B
2021-06-17T13:06:03,2800.0,49.7,B
2021-06-17T13:06:03,500.0,49.7,B
2021-06-17T13:06:00,10000.0,49.7,B
2021-06-17T13:05:57,200.0,49.7,B
2021-06-17T13:05:56,3000.0,49.7,B
2021-06-17T13:05:53,100.0,49.7,B
2021-06-17T13:05:53,500.0,49.7,B
2021-06-17T13:05:53,1000.0,49.7,B
2021-06-17T13:05:49,500.0,49.7,B
2021-06-17T13:05:48,5000.0,49.7,B
2021-06-17T13:05:48,5000.0,49.7,B
2021-06-17T13:05:46,1000.0,49.7,B
2021-06-17T13:05:45,1000.0,49.7,B
2021-06-17T13:05:45,1100.0,49.7,B
2021-06-17T13:05:45,5000.0,49.7,B
2021-06-17T13:05:44,200.0,49.7,B
2021-06-17T13:05:44,500.0,49.7,B
2021-06-17T13:05:42,500.0,49.7,B
2021-06-17T13:05:42,2000.0,49.7,B
2021-06-17T13:05:38,500.0,49.7,B
2021-06-17T13:05:38,5800.0,49.7,B
2021-06-17T13:05:38,4200.0,49.7,B
2021-06-17T13:05:38,200.0,49.7,B
2021-06-17T13:05:38,8000.0,49.7,B
2021-06-17T13:05:36,6000.0,49.7,B
2021-06-17T13:05:34,300.0,49.7,B
2021-06-17T13:05:32,2300.0,49.7,B
2021-06-17T13:05:32,3000.0,49.7,B
2021-06-17T13:05:26,100.0,49.7,B
2021-06-17T13:05:23,100.0,49.7,B
2021-06-17T13:05:21,800.0,49.7,B
2021-06-17T13:05:21,99200.0,49.7,B
2021-06-17T13:05:20,500.0,49.7,B
2021-06-17T13:05:20,100.0,49.7,B
2021-06-17T13:05:18,100.0,49.7,B
2021-06-17T13:05:15,3400.0,49.7,B
2021-06-17T13:05:12,3000.0,49.65,S
2021-06-17T13:05:10,100.0,49.7,B
2021-06-17T13:05:10,2900.0,49.7,B
2021-06-17T13:05:09,200.0,49.7,B
2021-06-17T13:05:09,500.0,49.7,B
2021-06-17T13:05:05,300.0,49.7,B
2021-06-17T13:05:02,10000.0,49.7,B
2021-06-17T13:05:02,4000.0,49.65,S
2021-06-17T13:05:01,100.0,49.7,B
2021-06-17T13:05:01,200.0,49.7,B
2021-06-17T13:05:01,6500.0,49.7,B
2021-06-17T13:04:59,200.0,49.7,B
2021-06-17T13:04:58,200.0,49.7,B
2021-06-17T13:04:58,20000.0,49.7,B
2021-06-17T13:04:57,200.0,49.7,B
2021-06-17T13:04:55,1000.0,49.7,B
2021-06-17T13:04:55,700.0,49.7,B
2021-06-17T13:04:52,5000.0,49.7,B
2021-06-17T13:04:50,1000.0,49.7,B
2021-06-17T13:04:48,300.0,49.7,B
2021-06-17T13:04:44,100.0,49.7,B
2021-06-17T13:04:43,2400.0,49.7,B
2021-06-17T13:04:40,200.0,49.7,B
2021-06-17T13:04:38,400.0,49.7,B
2021-06-17T13:04:38,200.0,49.7,B
2021-06-17T13:04:37,2400.0,49.7,B
2021-06-17T13:04:35,1000.0,49.7,B
2021-06-17T13:04:32,500.0,49.7,B
2021-06-17T13:04:32,200.0,49.7,B
2021-06-17T13:04:31,2400.0,49.7,B
2021-06-17T13:04:30,200.0,49.7,B
2021-06-17T13:04:28,500.0,49.7,B
2021-06-17T13:04:24,700.0,49.7,B
2021-06-17T13:04:24,700.0,49.7,B
2021-06-17T13:04:23,1000.0,49.65,S
2021-06-17T13:04:22,300.0,49.65,S
2021-06-17T13:04:22,100.0,49.65,S
2021-06-17T13:04:21,1000.0,49.65,S
2021-06-17T13:04:20,500.0,49.7,B
2021-06-17T13:04:19,4500.0,49.7,B
2021-06-17T13:04:17,2300.0,49.7,B
2021-06-17T13:04:15,2300.0,49.7,B
2021-06-17T13:04:15,300.0,49.65,S
2021-06-17T13:04:15,49700.0,49.65,S
2021-06-17T13:04:13,500.0,49.7,B
2021-06-17T13:04:12,3000.0,49.7,B
2021-06-17T13:04:10,2900.0,49.65,S
2021-06-17T13:04:10,24000.0,49.65,S
2021-06-17T13:04:10,800.0,49.65,S
2021-06-17T13:04:10,1000.0,49.65,S
2021-06-17T13:04:10,1000.0,49.65,S
2021-06-17T13:04:10,16000.0,49.65,S
2021-06-17T13:04:10,2900.0,49.65,S
2021-06-17T13:04:10,1400.0,49.65,S
2021-06-17T13:04:09,2400.0,49.7,B
2021-06-17T13:04:06,200.0,49.7,B
2021-06-17T13:04:03,3000.0,49.7,B
2021-06-17T13:03:55,1600.0,49.7,B
2021-06-17T13:03:50,200.0,49.65,B
2021-06-17T13:03:50,100.0,49.65,B
2021-06-17T13:03:47,900.0,49.65,B
2021-06-17T13:03:47,700.0,49.65,B
2021-06-17T13:03:47,300.0,49.65,B
2021-06-17T13:03:47,100.0,49.65,B
2021-06-17T13:03:46,8400.0,49.65,B
2021-06-17T13:03:46,200.0,49.65,B
2021-06-17T13:03:44,20000.0,49.65,B
2021-06-17T13:03:43,5000.0,49.65,B
2021-06-17T13:03:39,300.0,49.65,B
2021-06-17T13:03:39,300.0,49.65,B
2021-06-17T13:03:39,100.0,49.65,B
2021-06-17T13:03:39,100.0,49.65,B
2021-06-17T13:03:38,100.0,49.65,B
2021-06-17T13:03:35,5300.0,49.65,B
2021-06-17T13:03:34,10000.0,49.65,B
2021-06-17T13:03:33,500.0,49.65,B
2021-06-17T13:03:32,100.0,49.65,B
2021-06-17T13:03:32,900.0,49.65,B
2021-06-17T13:03:31,1000.0,49.65,B
2021-06-17T13:03:29,300.0,49.65,B
2021-06-17T13:03:29,100.0,49.65,B
2021-06-17T13:03:29,400.0,49.65,B
2021-06-17T13:03:28,1000.0,49.65,B
2021-06-17T13:03:20,1000.0,49.65,B
2021-06-17T13:03:17,500.0,49.65,B
2021-06-17T13:03:11,500.0,49.65,B
2021-06-17T13:03:11,500.0,49.65,B
2021-06-17T13:03:08,100.0,49.65,B
2021-06-17T13:03:03,100.0,49.65,B
2021-06-17T13:03:01,500.0,49.65,B
2021-06-17T13:02:57,500.0,49.65,B
2021-06-17T13:02:54,600.0,49.65,B
2021-06-17T13:02:54,9000.0,49.65,B
2021-06-17T13:02:50,500.0,49.65,B
2021-06-17T13:02:49,500.0,49.65,B
2021-06-17T13:02:44,500.0,49.65,B
2021-06-17T13:02:44,200.0,49.6,S
2021-06-17T13:02:42,2000.0,49.65,B
2021-06-17T13:02:41,1000.0,49.65,B
2021-06-17T13:02:37,1000.0,49.65,B
2021-06-17T13:02:32,100.0,49.65,B
2021-06-17T13:02:32,200.0,49.65,B
2021-06-17T13:02:29,500.0,49.65,B
2021-06-17T13:02:28,1000.0,49.65,B
2021-06-17T13:02:25,200.0,49.65,B
2021-06-17T13:02:24,1400.0,49.65,B
2021-06-17T13:02:18,400.0,49.6,S
2021-06-17T13:02:18,500.0,49.65,S
2021-06-17T13:02:09,100.0,49.65,S
2021-06-17T13:02:05,2000.0,49.65,S
2021-06-17T13:02:05,500.0,49.65,S
2021-06-17T13:02:03,100.0,49.6,S
2021-06-17T13:02:00,100.0,49.65,S
2021-06-17T13:01:58,100.0,49.65,S
2021-06-17T13:01:55,5100.0,49.65,S
2021-06-17T13:01:52,20900.0,49.65,S
2021-06-17T13:01:48,200.0,49.65,S
2021-06-17T13:01:44,200.0,49.65,S
2021-06-17T13:01:40,100.0,49.65,S
2021-06-17T13:01:37,200.0,49.65,S
2021-06-17T13:01:37,1200.0,49.65,S
2021-06-17T13:01:36,50000.0,49.65,S
2021-06-17T13:01:33,3500.0,49.65,S
2021-06-17T13:01:31,1600.0,49.65,S
2021-06-17T13:01:31,11500.0,49.65,S
2021-06-17T13:01:31,5100.0,49.65,S
2021-06-17T13:01:31,3000.0,49.65,S
2021-06-17T13:01:31,3800.0,49.65,S
2021-06-17T13:01:28,3000.0,49.7,B
2021-06-17T13:01:27,100.0,49.7,B
2021-06-17T13:01:27,100.0,49.7,B
2021-06-17T13:01:26,900.0,49.7,B
2021-06-17T13:01:25,300.0,49.7,B
2021-06-17T13:01:24,400.0,49.7,B
2021-06-17T13:01:21,100.0,49.7,B
2021-06-17T13:01:21,100.0,49.7,B
2021-06-17T13:01:21,100.0,49.7,B
2021-06-17T13:01:21,2000.0,49.7,B
2021-06-17T13:01:20,1000.0,49.7,B
2021-06-17T13:01:19,600.0,49.7,B
2021-06-17T13:01:18,400.0,49.7,B
2021-06-17T13:01:17,1000.0,49.7,B
2021-06-17T13:01:15,200.0,49.7,B
2021-06-17T13:01:13,500.0,49.7,B
2021-06-17T13:01:12,500.0,49.7,B
2021-06-17T13:01:12,100.0,49.7,B
2021-06-17T13:01:12,200.0,49.7,B
2021-06-17T13:01:12,3000.0,49.65,S
2021-06-17T13:01:11,2000.0,49.7,B
2021-06-17T13:01:11,500.0,49.7,B
2021-06-17T13:01:10,200.0,49.7,B
2021-06-17T13:01:10,100.0,49.7,B
2021-06-17T13:01:07,5000.0,49.7,B
2021-06-17T13:01:07,100.0,49.7,B
2021-06-17T13:01:07,1000.0,49.7,B
2021-06-17T13:01:05,500.0,49.7,B
2021-06-17T13:01:04,200.0,49.7,B
2021-06-17T13:01:04,100.0,49.7,B
2021-06-17T13:01:03,700.0,49.7,B
2021-06-17T13:01:03,300.0,49.7,B
2021-06-17T13:01:03,100.0,49.7,B
2021-06-17T13:01:03,1500.0,49.7,B
2021-06-17T13:01:02,200.0,49.7,B
2021-06-17T13:01:02,100.0,49.7,B
2021-06-17T13:01:02,200.0,49.7,B
2021-06-17T13:01:01,400.0,49.7,B
2021-06-17T13:01:01,2400.0,49.7,B
2021-06-17T13:01:00,100.0,49.7,B
2021-06-17T13:01:00,200.0,49.7,B
2021-06-17T13:00:59,200.0,49.65,S
2021-06-17T13:00:58,200.0,49.7,B
2021-06-17T13:00:57,2200.0,49.7,B
2021-06-17T13:00:57,100.0,49.7,B
2021-06-17T13:00:56,100.0,49.7,B
2021-06-17T13:00:56,2000.0,49.65,S
2021-06-17T13:00:56,1600.0,49.7,B
2021-06-17T13:00:55,600.0,49.7,B
2021-06-17T13:00:54,100.0,49.7,B
2021-06-17T13:00:46,100.0,49.7,B
2021-06-17T13:00:46,1000.0,49.7,B
2021-06-17T13:00:44,100.0,49.7,B
2021-06-17T13:00:44,38000.0,49.7,B
2021-06-17T13:00:44,5600.0,49.7,B
2021-06-17T13:00:44,200.0,49.7,B
2021-06-17T13:00:44,5000.0,49.7,B
2021-06-17T13:00:44,8200.0,49.7,B
2021-06-17T13:00:44,200.0,49.7,B
2021-06-17T13:00:42,400.0,49.6,S
2021-06-17T13:00:42,2100.0,49.6,S
2021-06-17T13:00:42,600.0,49.6,S
2021-06-17T13:00:42,500.0,49.6,S
2021-06-17T13:00:42,800.0,49.6,S
2021-06-17T13:00:42,600.0,49.6,S
2021-06-17T13:00:41,2000.0,49.65,S
2021-06-17T13:00:41,6000.0,49.65,S
2021-06-17T13:00:40,100.0,49.7,B
2021-06-17T13:00:40,3000.0,49.7,B
2021-06-17T13:00:40,1000.0,49.7,B
2021-06-17T13:00:40,100.0,49.7,B
2021-06-17T13:00:39,10000.0,49.7,B
2021-06-17T13:00:39,100.0,49.7,B
2021-06-17T13:00:39,2000.0,49.65,S
2021-06-17T13:00:39,500.0,49.65,S
2021-06-17T13:00:39,400.0,49.65,S
2021-06-17T13:00:39,1000.0,49.65,S
2021-06-17T13:00:39,500.0,49.65,S
2021-06-17T13:00:38,900.0,49.65,S
2021-06-17T13:00:38,700.0,49.65,S
2021-06-17T13:00:38,500.0,49.65,S
2021-06-17T13:00:38,2000.0,49.65,S
2021-06-17T13:00:36,100.0,49.65,S
2021-06-17T13:00:36,300.0,49.65,S
2021-06-17T13:00:36,2000.0,49.65,S
2021-06-17T13:00:36,800.0,49.7,B
2021-06-17T13:00:36,100.0,49.7,B
2021-06-17T13:00:36,900.0,49.7,B
2021-06-17T13:00:36,300.0,49.65,S
2021-06-17T13:00:36,500.0,49.65,S
2021-06-17T13:00:36,1000.0,49.65,S
2021-06-17T13:00:36,200.0,49.65,S
2021-06-17T13:00:36,200.0,49.65,S
2021-06-17T13:00:36,800.0,49.6,S
2021-06-17T13:00:36,100.0,49.6,S
2021-06-17T13:00:36,5400.0,49.6,S
2021-06-17T13:00:36,5500.0,49.6,S
2021-06-17T13:00:36,1100.0,49.6,S
2021-06-17T13:00:36,300.0,49.6,S
2021-06-17T13:00:36,600.0,49.6,S
2021-06-17T13:00:36,200.0,49.6,S
2021-06-17T13:00:36,1000.0,49.6,S
2021-06-17T13:00:36,500.0,49.65,S
2021-06-17T13:00:35,200.0,49.65,S
2021-06-17T13:00:35,2000.0,49.65,S
2021-06-17T13:00:35,100.0,49.65,S
2021-06-17T13:00:35,5000.0,49.6,S
2021-06-17T13:00:35,700.0,49.6,S
2021-06-17T13:00:35,300.0,49.6,S
2021-06-17T13:00:35,1000.0,49.6,S
2021-06-17T13:00:35,3500.0,49.6,S
2021-06-17T13:00:35,800.0,49.65,S
2021-06-17T13:00:35,2000.0,49.65,S
2021-06-17T13:00:33,100.0,49.65,S
2021-06-17T13:00:33,2000.0,49.6,S
2021-06-17T13:00:33,100.0,49.65,S
2021-06-17T13:00:33,3000.0,49.6,S
2021-06-17T13:00:33,2800.0,49.6,S
2021-06-17T13:00:33,300.0,49.6,S
2021-06-17T13:00:33,3900.0,49.6,S
2021-06-17T13:00:32,300.0,49.65,S
2021-06-17T13:00:32,100.0,49.65,S
2021-06-17T13:00:32,100.0,49.65,S
2021-06-17T13:00:32,100.0,49.65,S
2021-06-17T13:00:31,100.0,49.65,S
2021-06-17T13:00:31,100.0,49.65,S
2021-06-17T13:00:31,10000.0,49.65,S
2021-06-17T13:00:31,100.0,49.65,S
2021-06-17T13:00:31,200.0,49.65,S
2021-06-17T13:00:30,1000.0,49.65,S
2021-06-17T13:00:30,100.0,49.65,S
2021-06-17T13:00:30,100.0,49.65,S
2021-06-17T13:00:30,3400.0,49.65,S
2021-06-17T13:00:28,16400.0,49.65,S
2021-06-17T13:00:28,200.0,49.65,S
2021-06-17T13:00:28,1300.0,49.7,B
2021-06-17T13:00:28,1600.0,49.7,B
2021-06-17T13:00:28,3000.0,49.7,B
2021-06-17T13:00:28,200.0,49.7,B
2021-06-17T13:00:28,10100.0,49.7,B
2021-06-17T13:00:28,20100.0,49.65,S
2021-06-17T13:00:28,200.0,49.65,S
2021-06-17T13:00:25,200.0,49.65,S
2021-06-17T13:00:25,100.0,49.65,S
2021-06-17T13:00:25,1000.0,49.65,S
2021-06-17T13:00:25,900.0,49.65,S
2021-06-17T13:00:25,30000.0,49.65,S
2021-06-17T13:00:25,500.0,49.65,S
2021-06-17T13:00:25,1200.0,49.65,S
2021-06-17T13:00:25,100.0,49.65,S
2021-06-17T13:00:25,2000.0,49.65,S
2021-06-17T13:00:25,3000.0,49.65,S
2021-06-17T13:00:25,600.0,49.65,S
2021-06-17T13:00:25,1000.0,49.65,S
2021-06-17T13:00:25,600.0,49.65,S
2021-06-17T13:00:25,3100.0,49.65,S
2021-06-17T13:00:25,1800.0,49.65,S
2021-06-17T13:00:25,10000.0,49.65,S
2021-06-17T13:00:25,2300.0,49.65,S
2021-06-17T13:00:25,100.0,49.7,B
2021-06-17T11:30:07,100.0,49.7,B
2021-06-17T11:30:07,100.0,49.7,B
2021-06-17T11:30:06,500.0,49.7,B
2021-06-17T11:30:02,300.0,49.65,S
2021-06-17T11:30:02,3000.0,49.65,S
2021-06-17T11:29:34,100.0,49.7,B
2021-06-17T11:29:32,5500.0,49.65,B
2021-06-17T11:29:32,300.0,49.65,B
2021-06-17T11:29:27,100.0,49.65,B
2021-06-17T11:29:27,1000.0,49.65,B
2021-06-17T11:29:26,1000.0,49.65,B
2021-06-17T11:29:25,300.0,49.65,B
2021-06-17T11:29:24,500.0,49.65,B
2021-06-17T11:29:22,5000.0,49.65,B
2021-06-17T11:29:20,300.0,49.65,B
2021-06-17T11:29:19,1000.0,49.65,S
2021-06-17T11:29:19,900.0,49.65,S
2021-06-17T11:29:19,4100.0,49.65,S
2021-06-17T11:29:12,100.0,49.7,B
2021-06-17T11:29:10,100.0,49.7,B
2021-06-17T11:29:06,500.0,49.65,S
2021-06-17T11:29:03,300.0,49.7,B
2021-06-17T11:29:03,200.0,49.7,B
2021-06-17T11:28:52,1800.0,49.7,B
2021-06-17T11:28:51,1800.0,49.65,S
2021-06-17T11:28:51,600.0,49.65,S
2021-06-17T11:28:51,2600.0,49.65,S
2021-06-17T11:28:51,3000.0,49.7,B
2021-06-17T11:28:37,1000.0,49.7,B
2021-06-17T11:28:28,5000.0,49.7,B
2021-06-17T11:28:26,600.0,49.65,B
2021-06-17T11:28:26,800.0,49.65,B
2021-06-17T11:28:26,19300.0,49.65,B
2021-06-17T11:28:26,2700.0,49.65,B
2021-06-17T11:28:26,1000.0,49.65,B
2021-06-17T11:28:26,700.0,49.65,B
2021-06-17T11:28:25,500.0,49.65,B
2021-06-17T11:28:25,500.0,49.65,B
2021-06-17T11:28:23,200.0,49.65,B
2021-06-17T11:28:23,200.0,49.65,B
2021-06-17T11:28:21,2000.0,49.65,B
2021-06-17T11:28:20,2000.0,49.65,B
2021-06-17T11:28:19,100.0,49.65,B
2021-06-17T11:28:19,3500.0,49.65,B
2021-06-17T11:28:17,3000.0,49.65,B
2021-06-17T11:28:17,9100.0,49.65,B
2021-06-17T11:28:17,6900.0,49.65,B
2021-06-17T11:28:17,200.0,49.65,B
2021-06-17T11:28:17,200.0,49.65,B
2021-06-17T11:28:16,1200.0,49.65,B
2021-06-17T11:28:16,200.0,49.65,B
2021-06-17T11:28:16,100.0,49.65,B
2021-06-17T11:28:16,200.0,49.65,B
2021-06-17T11:28:15,300.0,49.65,B
2021-06-17T11:28:14,100.0,49.65,B
2021-06-17T11:28:12,200.0,49.65,B
2021-06-17T11:28:11,200.0,49.65,B
2021-06-17T11:28:09,5000.0,49.65,B
2021-06-17T11:28:09,10000.0,49.65,B
2021-06-17T11:28:04,100.0,49.65,B
2021-06-17T11:28:01,200.0,49.65,B
2021-06-17T11:28:00,100.0,49.65,B
2021-06-17T11:27:59,500.0,49.65,B
2021-06-17T11:27:58,1000.0,49.65,B
2021-06-17T11:27:57,500.0,49.65,B
2021-06-17T11:27:56,100.0,49.65,B
2021-06-17T11:27:53,1000.0,49.65,B
2021-06-17T11:27:53,100.0,49.65,B
2021-06-17T11:27:53,1000.0,49.65,B
2021-06-17T11:27:52,200.0,49.65,B
2021-06-17T11:27:48,100.0,49.65,B
2021-06-17T11:27:46,2500.0,49.65,B
2021-06-17T11:27:44,1000.0,49.65,B
2021-06-17T11:27:43,500.0,49.65,B
2021-06-17T11:27:40,200.0,49.6,S
2021-06-17T11:27:40,5000.0,49.65,B
2021-06-17T11:27:39,100.0,49.65,B
2021-06-17T11:27:38,700.0,49.65,B
2021-06-17T11:27:36,100.0,49.65,B
2021-06-17T11:27:36,900.0,49.65,B
2021-06-17T11:27:34,500.0,49.65,B
2021-06-17T11:27:32,10000.0,49.65,B
2021-06-17T11:27:31,100.0,49.65,B
2021-06-17T11:27:29,100.0,49.65,B
2021-06-17T11:27:29,5000.0,49.65,B
2021-06-17T11:27:25,10000.0,49.65,B
2021-06-17T11:27:23,2000.0,49.65,B
2021-06-17T11:27:22,1000.0,49.6,S
2021-06-17T11:27:21,6000.0,49.65,B
2021-06-17T11:27:18,100.0,49.65,B
2021-06-17T11:27:17,2000.0,49.65,B
2021-06-17T11:27:15,1000.0,49.65,B
2021-06-17T11:27:14,200.0,49.65,B
2021-06-17T11:27:12,3700.0,49.65,B
2021-06-17T11:27:10,200.0,49.65,B
2021-06-17T11:27:10,100.0,49.65,B
2021-06-17T11:27:08,1000.0,49.65,B
2021-06-17T11:27:07,500.0,49.65,B
2021-06-17T11:27:06,500.0,49.6,S
2021-06-17T11:27:06,1000.0,49.65,B
2021-06-17T11:27:06,600.0,49.65,B
2021-06-17T11:27:04,200.0,49.65,B
2021-06-17T11:27:01,1000.0,49.65,B
2021-06-17T11:26:54,3000.0,49.65,B
2021-06-17T11:26:53,23200.0,49.65,B
2021-06-17T11:26:52,1000.0,49.65,B
2021-06-17T11:26:51,300.0,49.65,B
2021-06-17T11:26:50,100.0,49.65,B
2021-06-17T11:26:49,500.0,49.65,B
2021-06-17T11:26:49,2000.0,49.65,B
2021-06-17T11:26:47,2000.0,49.65,B
2021-06-17T11:26:45,100.0,49.65,B
2021-06-17T11:26:45,1000.0,49.65,B
2021-06-17T11:26:42,100.0,49.65,B
2021-06-17T11:26:36,200.0,49.65,B
2021-06-17T11:26:35,700.0,49.65,B
2021-06-17T11:26:31,1000.0,49.65,B
2021-06-17T11:26:27,400.0,49.65,B
