tradingTime,volume,price,side
2021-06-17T14:27:10,1900.0,6.09,B
2021-06-17T14:25:36,200.0,6.09,S
2021-06-17T14:25:36,800.0,6.09,S
2021-06-17T14:24:20,1300.0,6.09,B
2021-06-17T14:24:05,100.0,6.09,B
2021-06-17T14:23:07,10000.0,6.09,B
2021-06-17T14:21:57,1000.0,6.09,B
2021-06-17T14:21:23,100.0,6.09,B
2021-06-17T14:20:35,100.0,6.09,B
2021-06-17T14:18:51,17700.0,6.09,B
2021-06-17T14:18:51,26200.0,6.09,B
2021-06-17T14:18:51,100.0,6.09,B
2021-06-17T14:18:51,1200.0,6.09,B
2021-06-17T14:18:51,3000.0,6.08,B
2021-06-17T14:18:51,800.0,6.08,B
2021-06-17T14:18:51,1000.0,6.08,B
2021-06-17T14:18:49,800.0,6.08,B
2021-06-17T14:18:23,200.0,6.08,B
2021-06-17T14:17:50,5000.0,6.08,B
2021-06-17T14:17:22,100.0,6.08,B
2021-06-17T14:16:32,300.0,6.08,B
2021-06-17T14:16:00,100.0,6.08,B
2021-06-17T14:13:19,1000.0,6.08,B
2021-06-17T14:12:32,100.0,6.08,B
2021-06-17T14:09:03,600.0,6.05,S
2021-06-17T14:08:44,900.0,6.05,S
2021-06-17T14:08:01,4500.0,6.08,B
2021-06-17T14:07:48,100.0,6.08,B
2021-06-17T14:07:23,1300.0,6.08,B
2021-06-17T14:06:29,10000.0,6.08,B
2021-06-17T14:06:26,100.0,6.04,S
2021-06-17T14:06:25,400.0,6.08,B
2021-06-17T14:06:25,9600.0,6.08,B
2021-06-17T14:06:00,200.0,6.04,S
2021-06-17T14:05:49,100.0,6.05,S
2021-06-17T14:05:36,1700.0,6.05,S
2021-06-17T14:05:35,13800.0,6.05,S
2021-06-17T14:05:13,1500.0,6.07,B
2021-06-17T14:04:14,200.0,6.05,S
2021-06-17T14:03:54,100.0,6.07,S
2021-06-17T14:03:54,200.0,6.07,S
2021-06-17T14:03:05,200.0,6.07,B
2021-06-17T14:02:47,700.0,6.05,B
2021-06-17T14:02:39,100.0,6.05,B
2021-06-17T14:01:49,300.0,6.05,B
2021-06-17T14:01:06,1700.0,6.05,S
2021-06-17T14:01:06,13400.0,6.05,S
2021-06-17T14:01:06,2700.0,6.06,S
2021-06-17T14:01:06,1100.0,6.07,S
2021-06-17T14:00:21,400.0,6.07,S
2021-06-17T13:59:54,100.0,6.08,B
2021-06-17T13:59:37,500.0,6.07,S
2021-06-17T13:59:21,200.0,6.08,B
2021-06-17T13:58:55,200.0,6.08,B
2021-06-17T13:57:52,100.0,6.08,B
2021-06-17T13:57:15,100.0,6.08,B
2021-06-17T13:56:49,5000.0,6.08,B
2021-06-17T13:56:19,4300.0,6.07,B
2021-06-17T13:53:54,200.0,6.07,S
2021-06-17T13:50:11,5300.0,6.07,B
2021-06-17T13:49:48,3000.0,6.07,B
2021-06-17T13:49:11,100.0,6.07,B
2021-06-17T13:48:34,2000.0,6.07,B
2021-06-17T13:48:19,400.0,6.06,S
2021-06-17T13:44:32,2300.0,6.06,B
2021-06-17T13:43:52,2300.0,6.05,B
2021-06-17T13:43:29,200.0,6.05,B
2021-06-17T13:43:28,2000.0,6.05,B
2021-06-17T13:43:23,1000.0,6.05,B
2021-06-17T13:42:04,200.0,6.06,B
2021-06-17T13:41:25,100.0,6.06,B
2021-06-17T13:40:49,100.0,6.06,B
2021-06-17T13:38:42,700.0,6.06,S
2021-06-17T13:36:32,1500.0,6.06,S
2021-06-17T13:34:11,300.0,6.06,B
2021-06-17T13:33:58,200.0,6.04,S
2021-06-17T13:33:39,2000.0,6.04,S
2021-06-17T13:32:55,300.0,6.04,S
2021-06-17T13:31:09,200.0,6.04,S
2021-06-17T13:30:19,1600.0,6.04,S
2021-06-17T13:30:19,3700.0,6.04,S
2021-06-17T13:30:19,1400.0,6.04,S
2021-06-17T13:30:19,3300.0,6.05,S
2021-06-17T13:29:20,1000.0,6.07,S
2021-06-17T13:26:31,3000.0,6.07,S
2021-06-17T13:24:30,200.0,6.08,B
2021-06-17T13:22:40,300.0,6.08,B
2021-06-17T13:22:17,200.0,6.07,B
2021-06-17T13:21:13,1000.0,6.07,B
2021-06-17T13:17:15,100.0,6.08,B
2021-06-17T13:17:01,100.0,6.08,B
2021-06-17T13:15:46,300.0,6.08,B
2021-06-17T13:15:16,500.0,6.08,B
2021-06-17T13:14:53,500.0,6.08,B
2021-06-17T13:13:59,100.0,6.05,S
2021-06-17T13:13:59,3100.0,6.05,S
2021-06-17T13:13:59,600.0,6.05,S
2021-06-17T13:13:59,100.0,6.05,S
2021-06-17T13:13:59,4800.0,6.05,S
2021-06-17T13:13:59,900.0,6.06,S
2021-06-17T13:13:58,400.0,6.07,S
2021-06-17T13:13:13,100.0,6.07,S
2021-06-17T13:12:11,400.0,6.08,S
2021-06-17T13:12:09,800.0,6.08,S
2021-06-17T13:11:30,100.0,6.08,S
2021-06-17T13:10:51,100.0,6.08,S
2021-06-17T13:09:55,3000.0,6.08,S
2021-06-17T13:08:15,200.0,6.08,S
2021-06-17T13:07:39,1300.0,6.08,S
2021-06-17T13:07:39,4400.0,6.08,S
2021-06-17T13:05:56,100.0,6.08,S
2021-06-17T13:04:15,3500.0,6.08,S
2021-06-17T13:03:39,700.0,6.08,S
2021-06-17T13:01:06,100.0,6.08,B
2021-06-17T13:01:05,100.0,6.08,B
2021-06-17T13:01:02,200.0,6.08,B
2021-06-17T13:00:54,800.0,6.08,B
2021-06-17T13:00:36,200.0,6.08,B
2021-06-17T13:00:36,1500.0,6.08,B
2021-06-17T13:00:32,100.0,6.08,B
2021-06-17T13:00:29,300.0,6.08,B
2021-06-17T13:00:28,100.0,6.08,B
2021-06-17T11:29:27,600.0,6.08,B
2021-06-17T11:29:27,2400.0,6.08,B
2021-06-17T11:28:31,500.0,6.08,B
2021-06-17T11:27:15,100.0,6.08,B
2021-06-17T11:26:31,100.0,6.07,S
2021-06-17T11:25:32,10000.0,6.06,S
2021-06-17T11:24:24,10200.0,6.08,B
2021-06-17T11:23:13,100.0,6.08,B
2021-06-17T11:22:19,500.0,6.08,B
2021-06-17T11:22:10,1100.0,6.08,B
2021-06-17T11:21:45,2500.0,6.08,B
2021-06-17T11:21:42,2000.0,6.06,S
2021-06-17T11:21:14,3200.0,6.08,B
2021-06-17T11:21:14,3200.0,6.08,B
2021-06-17T11:21:14,100.0,6.07,B
2021-06-17T11:21:14,900.0,6.07,B
2021-06-17T11:21:14,2600.0,6.07,B
2021-06-17T11:21:11,1000.0,6.06,S
2021-06-17T11:21:11,12000.0,6.06,S
2021-06-17T11:20:52,1000.0,6.07,B
2021-06-17T11:19:33,1000.0,6.07,B
2021-06-17T11:19:15,500.0,6.07,B
2021-06-17T11:19:04,500.0,6.07,B
2021-06-17T11:18:49,12000.0,6.07,B
2021-06-17T11:18:42,4500.0,6.06,S
2021-06-17T11:18:34,1000.0,6.07,B
2021-06-17T11:17:59,2500.0,6.07,B
2021-06-17T11:17:59,17500.0,6.07,B
2021-06-17T11:17:52,100.0,6.07,B
2021-06-17T11:17:11,3000.0,6.07,B
2021-06-17T11:15:41,900.0,6.07,B
2021-06-17T11:14:51,100.0,6.07,B
2021-06-17T11:13:46,400.0,6.07,B
2021-06-17T11:13:29,2100.0,6.06,B
2021-06-17T11:13:29,500.0,6.05,S
2021-06-17T11:12:08,7900.0,6.05,B
2021-06-17T11:11:00,100.0,6.04,S
2021-06-17T11:10:31,1000.0,6.05,B
2021-06-17T11:07:54,1000.0,6.05,B
2021-06-17T11:06:58,400.0,6.05,B
2021-06-17T11:05:56,900.0,6.05,S
2021-06-17T11:05:42,8000.0,6.05,S
2021-06-17T11:04:26,2200.0,6.05,S
2021-06-17T11:04:11,700.0,6.05,S
2021-06-17T11:03:47,100.0,6.05,S
2021-06-17T11:00:02,300.0,6.05,S
2021-06-17T11:00:01,5700.0,6.05,S
2021-06-17T10:59:59,600.0,6.05,S
2021-06-17T10:58:18,100.0,6.05,S
2021-06-17T10:54:27,600.0,6.05,S
2021-06-17T10:54:24,100.0,6.05,S
2021-06-17T10:53:21,100.0,6.05,S
2021-06-17T10:48:40,2000.0,6.07,B
2021-06-17T10:48:06,2700.0,6.05,S
2021-06-17T10:45:33,200.0,6.07,B
2021-06-17T10:44:56,1700.0,6.07,B
2021-06-17T10:44:21,300.0,6.06,S
2021-06-17T10:44:16,200.0,6.07,B
2021-06-17T10:44:14,100.0,6.07,B
2021-06-17T10:43:49,300.0,6.07,B
2021-06-17T10:43:46,1800.0,6.03,S
2021-06-17T10:43:46,200.0,6.03,S
2021-06-17T10:43:46,1500.0,6.04,S
2021-06-17T10:43:46,300.0,6.06,S
2021-06-17T10:42:14,100.0,6.07,B
2021-06-17T10:40:35,5000.0,6.08,B
2021-06-17T10:38:25,200.0,6.08,B
2021-06-17T10:35:40,200.0,6.07,B
2021-06-17T10:34:51,500.0,6.07,S
2021-06-17T10:34:03,1500.0,6.08,S
2021-06-17T10:33:01,100.0,6.08,S
2021-06-17T10:32:41,4000.0,6.08,S
2021-06-17T10:32:26,100.0,6.08,S
2021-06-17T10:32:10,5000.0,6.08,S
2021-06-17T10:32:07,400.0,6.08,S
2021-06-17T10:29:41,200.0,6.09,S
2021-06-17T10:29:33,100.0,6.08,S
2021-06-17T10:28:59,6300.0,6.09,S
2021-06-17T10:28:46,4000.0,6.09,S
2021-06-17T10:28:28,200.0,6.09,S
2021-06-17T10:27:40,16900.0,6.09,B
2021-06-17T10:27:28,100.0,6.08,S
2021-06-17T10:26:53,200.0,6.09,B
2021-06-17T10:26:31,9300.0,6.09,B
2021-06-17T10:26:29,200.0,6.08,S
2021-06-17T10:26:06,100.0,6.08,S
2021-06-17T10:25:34,100.0,6.09,B
2021-06-17T10:25:29,100.0,6.08,S
2021-06-17T10:24:41,100.0,6.08,S
2021-06-17T10:24:40,100.0,6.08,S
2021-06-17T10:24:38,100.0,6.08,S
2021-06-17T10:24:33,100.0,6.08,S
2021-06-17T10:22:31,10800.0,6.08,S
2021-06-17T10:21:56,5800.0,6.08,B
2021-06-17T10:21:47,100.0,6.08,B
2021-06-17T10:21:21,200.0,6.07,S
2021-06-17T10:19:50,500.0,6.05,B
2021-06-17T10:19:34,200.0,6.05,S
2021-06-17T10:19:31,100.0,6.07,B
2021-06-17T10:18:57,3100.0,6.08,B
2021-06-17T10:18:57,600.0,6.08,B
2021-06-17T10:18:57,5600.0,6.08,B
2021-06-17T10:18:57,700.0,6.06,B
2021-06-17T10:18:43,1400.0,6.05,B
2021-06-17T10:17:17,100.0,6.06,B
2021-06-17T10:17:14,100.0,6.04,S
2021-06-17T10:16:53,500.0,6.04,S
2021-06-17T10:16:51,4700.0,6.04,S
2021-06-17T10:16:47,500.0,6.04,S
2021-06-17T10:16:11,500.0,6.04,S
2021-06-17T10:16:08,500.0,6.05,B
2021-06-17T10:15:32,300.0,6.06,S
2021-06-17T10:15:27,100.0,6.06,S
2021-06-17T10:15:24,1500.0,6.06,S
2021-06-17T10:15:24,1100.0,6.05,S
2021-06-17T10:15:24,500.0,6.05,S
2021-06-17T10:15:10,3000.0,6.05,S
2021-06-17T10:14:27,200.0,6.05,S
2021-06-17T10:14:10,3500.0,6.05,S
2021-06-17T10:14:04,300.0,6.06,B
2021-06-17T10:13:56,7700.0,6.05,S
2021-06-17T10:13:24,2000.0,6.06,S
2021-06-17T10:13:11,300.0,6.08,S
2021-06-17T10:11:07,100.0,6.08,S
2021-06-17T10:10:50,100.0,6.09,B
2021-06-17T10:10:25,100.0,6.09,B
2021-06-17T10:10:22,400.0,6.09,B
2021-06-17T10:10:22,600.0,6.09,B
2021-06-17T10:09:35,100.0,6.08,S
2021-06-17T10:09:10,100.0,6.08,S
2021-06-17T10:08:44,100.0,6.08,S
2021-06-17T10:08:36,200.0,6.08,S
2021-06-17T10:08:36,500.0,6.08,S
2021-06-17T10:08:36,200.0,6.1,B
2021-06-17T10:07:12,100.0,6.08,S
2021-06-17T10:06:59,100.0,6.08,S
2021-06-17T10:06:49,400.0,6.1,B
2021-06-17T10:06:42,100.0,6.06,S
2021-06-17T10:06:40,4800.0,6.06,S
2021-06-17T10:06:34,100.0,6.1,B
2021-06-17T10:06:30,5000.0,6.1,B
2021-06-17T10:05:06,7600.0,6.06,B
2021-06-17T10:04:58,1000.0,6.05,S
2021-06-17T10:04:40,300.0,6.06,B
2021-06-17T10:04:31,4000.0,6.06,B
2021-06-17T10:04:31,2000.0,6.06,B
2021-06-17T10:04:20,6100.0,6.06,S
2021-06-17T10:03:51,1100.0,6.06,B
2021-06-17T10:03:41,2000.0,6.06,B
2021-06-17T10:03:28,5000.0,6.05,S
2021-06-17T10:03:07,1000.0,6.05,S
2021-06-17T10:02:39,2000.0,6.05,B
2021-06-17T10:02:39,12000.0,6.05,B
2021-06-17T10:02:23,2200.0,6.05,B
2021-06-17T10:02:17,300.0,6.05,B
2021-06-17T10:02:02,2000.0,6.05,B
2021-06-17T10:01:55,5000.0,6.05,B
2021-06-17T10:01:52,200.0,6.05,B
2021-06-17T10:01:49,1000.0,6.04,S
2021-06-17T10:01:34,1000.0,6.05,B
2021-06-17T10:01:34,100.0,6.05,B
2021-06-17T10:01:23,3000.0,6.05,B
2021-06-17T10:01:14,3900.0,6.05,B
2021-06-17T10:01:14,2000.0,6.05,B
2021-06-17T10:01:04,500.0,6.05,B
2021-06-17T10:00:39,500.0,6.04,S
2021-06-17T09:59:56,1600.0,6.05,B
2021-06-17T09:59:56,400.0,6.04,B
2021-06-17T09:59:55,100.0,6.03,S
2021-06-17T09:59:39,3000.0,6.05,B
2021-06-17T09:59:14,1000.0,6.03,B
2021-06-17T09:59:02,100.0,6.02,S
2021-06-17T09:58:41,400.0,6.02,B
2021-06-17T09:58:39,100.0,6.02,B
2021-06-17T09:57:43,9300.0,6.0,B
2021-06-17T09:57:19,200.0,6.0,B
2021-06-17T09:57:17,12700.0,6.0,B
2021-06-17T09:56:06,5000.0,5.99,S
2021-06-17T09:56:01,300.0,6.0,B
2021-06-17T09:56:01,3800.0,6.0,B
2021-06-17T09:56:01,5000.0,6.0,B
2021-06-17T09:56:01,500.0,6.0,B
2021-06-17T09:56:01,400.0,6.0,B
2021-06-17T09:56:01,900.0,6.0,B
2021-06-17T09:56:01,17400.0,6.0,B
2021-06-17T09:55:52,2300.0,6.0,B
2021-06-17T09:55:43,400.0,6.0,B
2021-06-17T09:55:38,300.0,6.0,B
2021-06-17T09:55:28,1200.0,6.0,B
2021-06-17T09:55:25,3000.0,6.0,B
2021-06-17T09:54:49,20000.0,6.0,B
2021-06-17T09:54:32,3000.0,5.99,B
2021-06-17T09:54:05,300.0,5.99,B
2021-06-17T09:54:02,200.0,5.99,B
2021-06-17T09:53:48,5200.0,5.99,B
2021-06-17T09:53:40,200.0,5.97,S
2021-06-17T09:53:36,1400.0,5.97,S
2021-06-17T09:53:33,1700.0,5.97,S
2021-06-17T09:53:33,1700.0,5.97,S
2021-06-17T09:53:33,1500.0,5.98,S
2021-06-17T09:53:33,2100.0,5.98,S
2021-06-17T09:53:32,1400.0,5.98,S
2021-06-17T09:53:29,3100.0,5.99,B
2021-06-17T09:53:23,15000.0,5.98,S
2021-06-17T09:53:10,300.0,5.99,B
2021-06-17T09:52:47,100.0,5.98,B
2021-06-17T09:52:23,3000.0,5.98,B
2021-06-17T09:52:22,15000.0,5.97,S
2021-06-17T09:52:11,100.0,5.98,B
2021-06-17T09:52:05,5900.0,5.98,B
2021-06-17T09:51:55,1900.0,5.98,B
2021-06-17T09:51:54,1800.0,5.98,B
2021-06-17T09:51:51,1200.0,5.98,B
2021-06-17T09:51:42,2000.0,5.98,B
2021-06-17T09:51:29,600.0,5.98,B
2021-06-17T09:51:26,2800.0,5.98,B
2021-06-17T09:51:01,100.0,5.97,S
2021-06-17T09:50:57,800.0,5.98,B
2021-06-17T09:50:24,5500.0,5.97,B
2021-06-17T09:50:15,600.0,5.97,B
2021-06-17T09:50:15,10000.0,5.97,B
2021-06-17T09:50:10,200.0,5.97,B
2021-06-17T09:49:53,5700.0,5.97,B
2021-06-17T09:49:47,4800.0,5.96,B
2021-06-17T09:49:38,10000.0,5.96,B
2021-06-17T09:49:37,2000.0,5.96,B
2021-06-17T09:49:34,20000.0,5.96,B
2021-06-17T09:49:17,3300.0,5.95,B
2021-06-17T09:49:07,4900.0,5.95,B
2021-06-17T09:49:07,1800.0,5.95,B
2021-06-17T09:48:34,1000.0,5.92,B
2021-06-17T09:48:34,100.0,5.92,B
2021-06-17T09:48:05,100.0,5.92,B
2021-06-17T09:47:44,2600.0,5.92,B
2021-06-17T09:47:22,2400.0,5.92,B
2021-06-17T09:46:46,100.0,5.91,B
2021-06-17T09:46:45,300.0,5.91,B
2021-06-17T09:46:08,500.0,5.91,B
2021-06-17T09:45:37,500.0,5.91,B
2021-06-17T09:45:34,1300.0,5.91,B
2021-06-17T09:44:10,100.0,5.9,B
2021-06-17T09:44:10,2300.0,5.9,B
2021-06-17T09:44:10,1500.0,5.9,B
2021-06-17T09:44:08,200.0,5.9,B
2021-06-17T09:43:51,2400.0,5.9,B
2021-06-17T09:43:36,1000.0,5.9,B
2021-06-17T09:43:27,12000.0,5.9,B
2021-06-17T09:43:10,500.0,5.9,B
2021-06-17T09:42:34,5000.0,5.9,B
2021-06-17T09:42:25,500.0,5.9,B
2021-06-17T09:42:21,100.0,5.9,B
2021-06-17T09:41:06,3000.0,5.9,B
2021-06-17T09:40:19,1000.0,5.88,S
2021-06-17T09:39:16,1000.0,5.88,S
2021-06-17T09:38:28,200.0,5.88,S
2021-06-17T09:35:43,500.0,5.88,B
2021-06-17T09:34:47,7000.0,5.88,B
2021-06-17T09:34:30,200.0,5.88,B
2021-06-17T09:33:48,2000.0,5.88,B
2021-06-17T09:33:03,2000.0,5.88,B
2021-06-17T09:32:31,300.0,5.88,B
2021-06-17T09:31:43,5000.0,5.88,B
2021-06-17T09:31:32,2000.0,5.88,B
2021-06-17T09:31:13,8000.0,5.88,B
2021-06-17T09:30:31,1000.0,5.87,B
2021-06-17T09:30:20,1000.0,5.87,B
2021-06-17T09:30:15,300.0,5.87,B
2021-06-17T09:30:13,300.0,5.87,B
2021-06-17T09:30:07,100.0,5.87,B
2021-06-17T09:29:28,600.0,5.87,B
2021-06-17T09:29:03,2000.0,5.87,B
2021-06-17T09:26:53,14500.0,5.86,B
2021-06-17T09:26:14,800.0,5.85,S
2021-06-17T09:26:14,200.0,5.85,S
2021-06-17T09:26:13,7200.0,5.85,S
2021-06-17T09:24:53,16900.0,5.86,B
2021-06-17T09:24:20,200.0,5.86,S
2021-06-17T09:23:35,1900.0,5.86,S
2021-06-17T09:21:33,100.0,5.87,S
2021-06-17T09:17:38,100.0,5.88,B
2021-06-17T09:15:55,500.0,5.85,S
2021-06-17T09:15:55,4500.0,5.85,S
