tradingTime,volume,price,side
2021-06-17T14:30:09,1000.0,38.95,B
2021-06-17T14:30:01,400.0,38.95,B
2021-06-17T14:29:51,600.0,38.9,S
2021-06-17T14:29:49,200.0,38.95,B
2021-06-17T14:27:36,200.0,38.95,B
2021-06-17T14:27:11,100.0,38.95,B
2021-06-17T14:26:42,100.0,38.95,B
2021-06-17T14:25:11,100.0,38.95,B
2021-06-17T14:24:46,100.0,38.95,B
2021-06-17T14:24:05,3800.0,38.9,B
2021-06-17T14:23:29,1500.0,38.9,B
2021-06-17T14:22:58,400.0,38.9,B
2021-06-17T14:22:47,100.0,38.85,B
2021-06-17T14:21:43,100.0,38.8,S
2021-06-17T14:21:34,200.0,38.85,B
2021-06-17T14:19:46,400.0,38.8,B
2021-06-17T14:19:34,100.0,38.8,B
2021-06-17T14:19:33,300.0,38.8,B
2021-06-17T14:18:56,300.0,38.8,B
2021-06-17T14:18:27,1600.0,38.8,B
2021-06-17T14:17:26,100.0,38.7,S
2021-06-17T14:16:38,100.0,38.75,B
2021-06-17T14:16:26,200.0,38.75,B
2021-06-17T14:15:00,1700.0,38.8,B
2021-06-17T14:14:52,1000.0,38.8,B
2021-06-17T14:14:43,1400.0,38.7,B
2021-06-17T14:14:10,100.0,38.7,B
2021-06-17T14:12:47,100.0,38.6,S
2021-06-17T14:11:53,500.0,38.6,S
2021-06-17T14:11:18,300.0,38.8,B
2021-06-17T14:10:30,6200.0,38.6,S
2021-06-17T14:10:30,800.0,38.6,S
2021-06-17T14:09:51,400.0,38.8,B
2021-06-17T14:08:03,100.0,38.8,B
2021-06-17T14:07:05,300.0,38.6,S
2021-06-17T14:06:13,600.0,38.8,B
2021-06-17T14:06:05,300.0,38.7,S
2021-06-17T14:06:04,200.0,38.7,S
2021-06-17T14:04:56,300.0,38.7,S
2021-06-17T14:03:02,600.0,38.7,B
2021-06-17T14:02:57,200.0,38.7,B
2021-06-17T14:02:16,1000.0,38.6,S
2021-06-17T14:01:43,100.0,38.7,B
2021-06-17T14:01:08,100.0,38.7,B
2021-06-17T14:00:52,200.0,38.7,S
2021-06-17T13:57:37,600.0,38.6,S
2021-06-17T13:57:37,400.0,38.7,S
2021-06-17T13:56:06,100.0,38.9,B
2021-06-17T13:55:45,300.0,38.9,B
2021-06-17T13:53:35,600.0,38.9,B
2021-06-17T13:53:29,2500.0,38.8,S
2021-06-17T13:53:29,200.0,38.8,S
2021-06-17T13:53:29,1700.0,38.8,S
2021-06-17T13:51:49,100.0,38.9,B
2021-06-17T13:49:43,500.0,38.9,B
2021-06-17T13:48:54,1000.0,38.9,B
2021-06-17T13:48:37,200.0,38.9,B
2021-06-17T13:47:34,300.0,38.9,B
2021-06-17T13:46:44,700.0,38.9,B
2021-06-17T13:45:33,300.0,38.8,B
2021-06-17T13:43:04,2500.0,38.8,B
2021-06-17T13:43:00,500.0,38.6,S
2021-06-17T13:42:23,500.0,38.6,S
2021-06-17T13:42:02,6000.0,38.6,S
2021-06-17T13:39:42,200.0,38.75,S
2021-06-17T13:39:42,1000.0,38.75,S
2021-06-17T13:37:18,200.0,38.8,B
2021-06-17T13:36:30,200.0,38.8,B
2021-06-17T13:36:14,500.0,38.8,S
2021-06-17T13:36:14,1200.0,38.8,S
2021-06-17T13:36:14,300.0,38.8,S
2021-06-17T13:35:59,100.0,38.8,S
2021-06-17T13:35:50,200.0,38.8,S
2021-06-17T13:35:29,800.0,38.8,S
2021-06-17T13:35:29,1200.0,38.8,S
2021-06-17T13:35:05,100.0,38.8,S
2021-06-17T13:34:38,1000.0,38.8,S
2021-06-17T13:34:34,1100.0,38.85,B
2021-06-17T13:33:39,1000.0,38.8,S
2021-06-17T13:33:04,200.0,38.85,B
2021-06-17T13:32:54,100.0,38.8,S
2021-06-17T13:32:24,1000.0,38.85,B
2021-06-17T13:32:04,1800.0,38.8,S
2021-06-17T13:31:39,100.0,38.85,S
2021-06-17T13:28:16,400.0,38.8,S
2021-06-17T13:27:41,100.0,38.8,S
2021-06-17T13:25:35,100.0,39.0,S
2021-06-17T13:25:03,2000.0,38.9,S
2021-06-17T13:19:56,2000.0,39.05,B
2021-06-17T13:18:32,500.0,39.05,B
2021-06-17T13:17:45,1000.0,38.8,S
2021-06-17T13:17:31,1000.0,38.8,S
2021-06-17T13:17:31,1000.0,38.8,S
2021-06-17T13:17:27,100.0,39.05,B
2021-06-17T13:16:21,300.0,38.85,S
2021-06-17T13:14:58,4300.0,38.85,S
2021-06-17T13:14:58,900.0,38.85,S
2021-06-17T13:14:58,1800.0,38.85,S
2021-06-17T13:14:14,200.0,39.0,B
2021-06-17T13:14:02,1000.0,39.0,B
2021-06-17T13:13:30,3000.0,39.0,B
2021-06-17T13:13:11,1000.0,38.9,S
2021-06-17T13:13:06,1300.0,38.9,S
2021-06-17T13:12:55,2700.0,38.9,S
2021-06-17T13:12:52,300.0,39.0,B
2021-06-17T13:12:42,100.0,39.0,B
2021-06-17T13:12:11,200.0,39.0,B
2021-06-17T13:09:18,100.0,39.0,B
2021-06-17T13:09:08,400.0,39.0,B
2021-06-17T13:08:49,200.0,39.0,B
2021-06-17T13:08:33,400.0,39.0,B
2021-06-17T13:07:55,500.0,39.0,B
2021-06-17T13:06:59,500.0,39.0,B
2021-06-17T13:05:45,5000.0,39.0,B
2021-06-17T13:05:38,500.0,39.0,B
2021-06-17T13:04:52,400.0,39.0,B
2021-06-17T13:04:03,100.0,39.0,B
2021-06-17T13:01:07,100.0,39.0,B
2021-06-17T13:01:07,100.0,39.0,B
2021-06-17T13:00:40,100.0,39.0,B
2021-06-17T13:00:32,100.0,38.85,S
2021-06-17T11:29:47,200.0,39.0,B
2021-06-17T11:28:42,400.0,38.9,S
2021-06-17T11:28:01,100.0,38.95,S
2021-06-17T11:27:10,2000.0,39.0,S
2021-06-17T11:26:52,100.0,39.0,S
2021-06-17T11:26:49,800.0,39.0,B
2021-06-17T11:26:49,7100.0,39.0,B
2021-06-17T11:26:27,300.0,38.95,S
2021-06-17T11:25:55,2000.0,39.0,B
2021-06-17T11:25:24,500.0,39.0,B
2021-06-17T11:25:15,2800.0,39.0,B
2021-06-17T11:24:46,1200.0,38.95,B
2021-06-17T11:24:18,1500.0,38.9,B
2021-06-17T11:24:18,700.0,38.9,B
2021-06-17T11:23:42,500.0,38.9,B
2021-06-17T11:22:23,100.0,38.9,B
2021-06-17T11:22:13,100.0,38.9,B
2021-06-17T11:21:42,100.0,38.9,S
2021-06-17T11:21:24,500.0,38.95,B
2021-06-17T11:16:52,200.0,38.95,B
2021-06-17T11:16:13,200.0,38.95,B
2021-06-17T11:14:45,1200.0,38.9,B
2021-06-17T11:13:54,300.0,38.9,B
2021-06-17T11:13:36,200.0,38.9,B
2021-06-17T11:12:15,700.0,38.9,B
2021-06-17T11:09:59,500.0,38.9,B
2021-06-17T11:08:56,3000.0,38.9,S
2021-06-17T11:08:56,2000.0,38.9,S
2021-06-17T11:08:56,300.0,38.9,S
2021-06-17T11:08:56,1400.0,38.9,S
2021-06-17T11:08:56,1600.0,38.9,S
2021-06-17T11:08:01,1000.0,38.95,S
2021-06-17T11:07:22,1000.0,38.95,S
2021-06-17T11:06:01,700.0,39.0,B
2021-06-17T11:04:08,1000.0,39.0,B
2021-06-17T11:03:44,700.0,39.0,S
2021-06-17T11:03:10,900.0,39.0,S
2021-06-17T11:03:05,200.0,39.0,B
2021-06-17T11:03:05,600.0,39.0,B
2021-06-17T11:03:05,2600.0,39.0,B
2021-06-17T11:02:56,500.0,38.95,B
2021-06-17T11:02:33,1000.0,38.95,B
2021-06-17T11:02:04,2000.0,38.95,S
2021-06-17T11:01:25,100.0,39.0,B
2021-06-17T10:59:51,400.0,39.0,B
2021-06-17T10:58:41,500.0,38.9,S
2021-06-17T10:58:38,100.0,39.0,B
2021-06-17T10:58:11,2000.0,39.0,B
2021-06-17T10:57:34,100.0,39.0,S
2021-06-17T10:57:21,4800.0,39.05,S
2021-06-17T10:57:12,200.0,39.0,S
2021-06-17T10:57:09,10800.0,39.0,S
2021-06-17T10:57:09,8900.0,39.0,S
2021-06-17T10:56:27,2000.0,39.05,S
2021-06-17T10:56:17,1000.0,39.05,S
2021-06-17T10:56:03,200.0,39.05,S
2021-06-17T10:56:03,1000.0,39.05,S
2021-06-17T10:56:01,1200.0,39.05,S
2021-06-17T10:55:36,300.0,39.05,S
2021-06-17T10:55:18,300.0,39.05,S
2021-06-17T10:54:14,1100.0,39.1,S
2021-06-17T10:53:48,900.0,39.1,B
2021-06-17T10:53:47,100.0,39.1,B
2021-06-17T10:53:04,200.0,39.1,S
2021-06-17T10:51:42,3000.0,39.1,S
2021-06-17T10:50:59,100.0,39.1,S
2021-06-17T10:50:24,400.0,39.1,S
2021-06-17T10:50:23,100.0,39.1,S
2021-06-17T10:50:21,100.0,39.15,B
2021-06-17T10:50:06,1400.0,39.1,S
2021-06-17T10:49:51,500.0,39.1,S
2021-06-17T10:49:12,1000.0,39.1,S
2021-06-17T10:47:01,100.0,39.1,S
2021-06-17T10:45:01,1000.0,39.05,S
2021-06-17T10:43:15,1100.0,39.0,B
2021-06-17T10:43:13,100.0,39.0,B
2021-06-17T10:42:48,300.0,39.0,B
2021-06-17T10:41:58,300.0,39.0,B
2021-06-17T10:41:14,4400.0,39.0,S
2021-06-17T10:40:55,100.0,39.0,S
2021-06-17T10:40:45,1000.0,39.0,S
2021-06-17T10:40:29,300.0,39.0,S
2021-06-17T10:40:24,100.0,39.0,S
2021-06-17T10:40:08,100.0,39.0,S
2021-06-17T10:38:48,2000.0,39.0,S
2021-06-17T10:38:33,1700.0,39.0,B
2021-06-17T10:37:39,1400.0,39.0,B
2021-06-17T10:37:36,100.0,38.95,B
2021-06-17T10:37:21,700.0,38.95,S
2021-06-17T10:36:30,100.0,39.0,S
2021-06-17T10:36:27,1000.0,39.0,S
2021-06-17T10:36:23,1000.0,39.0,S
2021-06-17T10:36:20,1500.0,39.0,S
2021-06-17T10:36:20,1000.0,39.0,S
2021-06-17T10:36:20,500.0,39.05,S
2021-06-17T10:35:54,1600.0,39.0,S
2021-06-17T10:35:54,500.0,39.0,S
2021-06-17T10:35:27,200.0,39.05,S
2021-06-17T10:35:23,2000.0,39.05,S
2021-06-17T10:34:49,1000.0,39.05,S
2021-06-17T10:34:47,800.0,39.25,S
2021-06-17T10:34:06,200.0,39.3,B
2021-06-17T10:33:42,400.0,39.3,B
2021-06-17T10:33:29,100.0,39.3,B
2021-06-17T10:33:27,100.0,39.3,B
2021-06-17T10:33:19,3000.0,39.35,B
2021-06-17T10:33:18,200.0,39.35,B
2021-06-17T10:33:18,100.0,39.3,B
2021-06-17T10:33:04,1000.0,39.3,B
2021-06-17T10:32:56,5000.0,39.3,B
2021-06-17T10:32:41,4000.0,39.3,B
2021-06-17T10:32:34,100.0,39.3,B
2021-06-17T10:32:07,3100.0,39.35,B
2021-06-17T10:32:06,4800.0,39.3,B
2021-06-17T10:32:04,100.0,39.3,B
2021-06-17T10:31:53,200.0,39.3,B
2021-06-17T10:31:35,500.0,39.3,B
2021-06-17T10:31:25,200.0,39.25,B
2021-06-17T10:30:30,500.0,39.25,S
2021-06-17T10:29:36,100.0,39.3,B
2021-06-17T10:28:38,1100.0,39.3,S
2021-06-17T10:28:35,2000.0,39.35,B
2021-06-17T10:28:35,500.0,39.3,S
2021-06-17T10:28:33,300.0,39.3,S
2021-06-17T10:28:10,1700.0,39.3,S
2021-06-17T10:27:54,1900.0,39.3,S
2021-06-17T10:27:54,100.0,39.3,S
2021-06-17T10:27:01,500.0,39.3,S
2021-06-17T10:26:49,800.0,39.1,S
2021-06-17T10:26:43,100.0,39.3,B
2021-06-17T10:26:41,300.0,39.3,B
2021-06-17T10:25:57,300.0,39.3,S
2021-06-17T10:24:58,6000.0,39.0,S
2021-06-17T10:24:58,5000.0,39.0,S
2021-06-17T10:24:58,600.0,39.0,S
2021-06-17T10:24:57,400.0,39.0,S
2021-06-17T10:24:52,1000.0,39.3,S
2021-06-17T10:24:29,2500.0,39.3,B
2021-06-17T10:24:26,300.0,39.0,S
2021-06-17T10:23:52,1000.0,39.3,B
2021-06-17T10:23:39,1000.0,39.0,S
2021-06-17T10:23:15,500.0,39.0,S
2021-06-17T10:23:06,100.0,39.0,S
2021-06-17T10:22:57,500.0,39.0,S
2021-06-17T10:22:56,400.0,39.2,B
2021-06-17T10:22:46,2300.0,39.0,S
2021-06-17T10:22:34,900.0,39.0,S
2021-06-17T10:22:33,100.0,39.0,S
2021-06-17T10:22:26,1500.0,39.0,S
2021-06-17T10:22:14,500.0,39.0,S
2021-06-17T10:22:12,100.0,39.0,S
2021-06-17T10:21:44,3500.0,39.0,B
2021-06-17T10:20:37,100.0,39.0,B
2021-06-17T10:20:32,2400.0,39.0,B
2021-06-17T10:20:31,200.0,38.95,S
2021-06-17T10:20:31,800.0,38.95,S
2021-06-17T10:19:53,2000.0,39.0,B
2021-06-17T10:19:52,400.0,38.95,S
2021-06-17T10:19:45,1000.0,39.0,B
2021-06-17T10:19:32,700.0,39.0,B
2021-06-17T10:19:32,300.0,39.0,B
2021-06-17T10:19:27,3000.0,39.0,B
2021-06-17T10:19:25,5000.0,39.0,B
2021-06-17T10:18:43,400.0,39.0,B
2021-06-17T10:18:21,100.0,38.95,B
2021-06-17T10:17:55,300.0,38.95,B
2021-06-17T10:17:52,300.0,38.9,S
2021-06-17T10:17:49,100.0,38.95,B
2021-06-17T10:17:41,1000.0,38.95,B
2021-06-17T10:17:38,1300.0,38.95,S
2021-06-17T10:17:38,3000.0,39.0,B
2021-06-17T10:17:24,500.0,39.0,B
2021-06-17T10:17:13,2000.0,38.95,S
2021-06-17T10:17:12,500.0,38.95,S
2021-06-17T10:17:12,100.0,39.0,B
2021-06-17T10:17:05,200.0,39.0,B
2021-06-17T10:16:57,200.0,39.0,B
2021-06-17T10:16:33,500.0,38.9,S
2021-06-17T10:16:32,300.0,38.95,B
2021-06-17T10:16:31,600.0,38.95,B
2021-06-17T10:16:25,200.0,38.95,B
2021-06-17T10:16:11,600.0,38.95,S
2021-06-17T10:15:59,1000.0,39.0,B
2021-06-17T10:15:54,1000.0,38.9,S
2021-06-17T10:15:46,1000.0,38.9,S
2021-06-17T10:15:34,1300.0,38.9,S
2021-06-17T10:15:27,4000.0,38.9,S
2021-06-17T10:15:25,4000.0,39.0,B
2021-06-17T10:15:20,1000.0,39.0,B
2021-06-17T10:15:01,100.0,39.0,B
2021-06-17T10:14:55,100.0,39.0,B
2021-06-17T10:14:31,300.0,39.0,S
2021-06-17T10:14:30,1000.0,39.0,S
2021-06-17T10:14:14,400.0,39.0,S
2021-06-17T10:14:14,700.0,39.0,S
2021-06-17T10:14:06,100.0,39.2,S
2021-06-17T10:13:52,300.0,39.3,B
2021-06-17T10:13:28,300.0,39.2,S
2021-06-17T10:13:20,500.0,39.3,B
2021-06-17T10:13:16,1300.0,39.2,S
2021-06-17T10:12:59,100.0,39.2,B
2021-06-17T10:12:59,200.0,39.1,B
2021-06-17T10:12:44,1000.0,39.1,S
2021-06-17T10:12:25,500.0,39.3,B
2021-06-17T10:12:21,400.0,39.0,B
2021-06-17T10:12:06,1000.0,39.0,B
2021-06-17T10:12:02,1800.0,39.0,B
2021-06-17T10:11:42,400.0,39.0,B
2021-06-17T10:11:39,2600.0,39.0,B
2021-06-17T10:11:38,1000.0,39.0,B
2021-06-17T10:11:36,100.0,38.9,B
2021-06-17T10:11:16,1000.0,38.9,B
2021-06-17T10:10:59,5800.0,39.0,B
2021-06-17T10:10:59,200.0,39.0,B
2021-06-17T10:10:59,4100.0,39.0,B
2021-06-17T10:10:59,2000.0,39.0,B
2021-06-17T10:10:59,10600.0,39.0,B
2021-06-17T10:10:59,1800.0,38.95,B
2021-06-17T10:10:59,5500.0,38.9,B
2021-06-17T10:10:33,1000.0,38.85,S
2021-06-17T10:10:28,3000.0,38.85,B
2021-06-17T10:10:27,1000.0,38.85,B
2021-06-17T10:10:26,3900.0,38.85,B
2021-06-17T10:10:26,200.0,38.8,B
2021-06-17T10:10:26,500.0,38.8,B
2021-06-17T10:10:26,1300.0,38.8,B
2021-06-17T10:10:26,5400.0,38.8,B
2021-06-17T10:10:26,1200.0,38.75,B
2021-06-17T10:10:22,4100.0,38.7,S
2021-06-17T10:09:50,900.0,38.7,B
2021-06-17T10:09:48,1700.0,38.7,B
2021-06-17T10:09:48,900.0,38.7,B
2021-06-17T10:09:48,1200.0,38.65,B
2021-06-17T10:09:35,100.0,38.6,B
2021-06-17T10:09:05,1300.0,38.6,S
2021-06-17T10:08:48,200.0,38.6,S
2021-06-17T10:08:44,300.0,38.6,B
2021-06-17T10:08:44,100.0,38.5,S
2021-06-17T10:08:40,700.0,38.6,S
2021-06-17T10:08:36,100.0,38.6,B
2021-06-17T10:08:36,200.0,38.6,B
2021-06-17T10:08:36,300.0,38.6,B
2021-06-17T10:08:36,500.0,38.5,S
2021-06-17T10:08:28,4500.0,38.5,B
2021-06-17T10:08:28,200.0,38.5,B
2021-06-17T10:08:24,900.0,38.45,B
2021-06-17T10:07:04,200.0,38.45,B
2021-06-17T10:07:00,300.0,38.2,S
2021-06-17T10:06:49,100.0,38.2,S
2021-06-17T10:06:40,1000.0,38.45,B
2021-06-17T10:06:34,2000.0,38.45,B
2021-06-17T10:06:30,100.0,38.2,B
2021-06-17T10:04:22,2200.0,38.0,S
2021-06-17T10:03:58,1000.0,38.0,S
2021-06-17T10:03:24,2000.0,38.2,B
2021-06-17T10:03:20,8000.0,38.0,S
2021-06-17T10:03:13,1000.0,38.2,B
2021-06-17T10:02:57,1300.0,38.2,B
2021-06-17T10:02:50,1900.0,38.5,B
2021-06-17T10:02:50,1400.0,38.5,B
2021-06-17T10:02:50,1500.0,38.5,B
2021-06-17T10:02:50,1000.0,38.3,B
2021-06-17T10:02:50,700.0,38.3,B
2021-06-17T10:02:50,400.0,38.25,B
2021-06-17T10:02:50,2100.0,38.2,B
2021-06-17T10:02:16,500.0,38.15,B
2021-06-17T10:01:46,700.0,38.15,B
2021-06-17T10:01:20,300.0,38.1,B
2021-06-17T10:01:16,1000.0,38.0,S
2021-06-17T10:01:11,2500.0,38.1,B
2021-06-17T10:01:00,200.0,38.1,B
2021-06-17T10:01:00,700.0,38.05,B
2021-06-17T10:01:00,600.0,38.05,B
2021-06-17T10:00:20,500.0,38.0,B
2021-06-17T10:00:20,1100.0,38.0,B
2021-06-17T10:00:20,1300.0,38.0,B
2021-06-17T10:00:20,2000.0,38.0,B
2021-06-17T10:00:20,3000.0,38.0,B
2021-06-17T10:00:20,2700.0,38.0,B
2021-06-17T10:00:20,900.0,38.0,B
2021-06-17T10:00:20,200.0,38.0,B
2021-06-17T10:00:20,1100.0,38.0,B
2021-06-17T10:00:20,13200.0,38.0,B
2021-06-17T10:00:15,1000.0,38.0,B
2021-06-17T10:00:02,4500.0,37.9,S
2021-06-17T09:59:40,5000.0,38.0,B
2021-06-17T09:59:08,700.0,38.0,B
2021-06-17T09:58:27,3000.0,37.95,B
2021-06-17T09:58:27,100.0,37.95,B
2021-06-17T09:58:20,200.0,37.95,B
2021-06-17T09:58:13,2300.0,37.95,B
2021-06-17T09:58:10,2000.0,37.95,S
2021-06-17T09:58:09,300.0,38.0,B
2021-06-17T09:58:00,300.0,38.0,B
2021-06-17T09:57:59,300.0,37.95,S
2021-06-17T09:57:37,1000.0,37.95,S
2021-06-17T09:56:56,300.0,38.0,B
2021-06-17T09:55:41,500.0,38.0,B
2021-06-17T09:55:19,1500.0,37.95,B
2021-06-17T09:51:51,5800.0,38.0,B
2021-06-17T09:51:51,200.0,37.95,B
2021-06-17T09:51:51,1500.0,37.95,B
2021-06-17T09:51:18,3000.0,37.8,S
2021-06-17T09:51:01,100.0,37.95,B
2021-06-17T09:49:47,1000.0,37.9,S
2021-06-17T09:49:11,1000.0,37.95,B
2021-06-17T09:48:23,1500.0,37.9,S
2021-06-17T09:48:23,500.0,37.9,S
2021-06-17T09:47:54,1000.0,37.95,S
2021-06-17T09:47:31,1100.0,38.0,B
2021-06-17T09:47:26,1200.0,37.95,B
2021-06-17T09:46:45,100.0,37.95,S
2021-06-17T09:46:10,300.0,37.95,S
2021-06-17T09:46:08,100.0,38.0,B
2021-06-17T09:45:47,1300.0,37.95,S
2021-06-17T09:45:04,5000.0,38.0,S
2021-06-17T09:43:29,1000.0,38.0,S
2021-06-17T09:43:10,5700.0,38.0,S
2021-06-17T09:43:05,100.0,38.0,S
2021-06-17T09:42:17,1700.0,38.0,B
2021-06-17T09:42:09,1000.0,38.0,B
2021-06-17T09:41:47,1700.0,38.0,B
2021-06-17T09:41:47,300.0,38.0,B
2021-06-17T09:41:33,1000.0,38.0,B
2021-06-17T09:40:12,1500.0,38.0,B
2021-06-17T09:39:54,100.0,38.0,B
2021-06-17T09:39:22,2000.0,38.0,B
2021-06-17T09:39:19,3800.0,37.95,S
2021-06-17T09:39:06,1000.0,38.0,B
2021-06-17T09:38:55,1000.0,37.95,S
2021-06-17T09:38:33,4100.0,38.0,B
2021-06-17T09:38:27,1000.0,37.95,S
2021-06-17T09:38:23,500.0,38.0,B
2021-06-17T09:38:13,900.0,37.95,S
2021-06-17T09:38:13,300.0,37.95,S
2021-06-17T09:38:04,2000.0,37.95,S
2021-06-17T09:36:45,500.0,37.95,S
2021-06-17T09:36:11,2000.0,38.0,B
2021-06-17T09:35:58,3000.0,38.0,B
2021-06-17T09:35:37,1000.0,37.95,B
2021-06-17T09:35:25,1000.0,38.0,B
2021-06-17T09:34:54,1600.0,38.0,B
2021-06-17T09:34:54,800.0,37.95,B
2021-06-17T09:34:48,1000.0,37.95,B
2021-06-17T09:30:23,1500.0,37.9,B
2021-06-17T09:30:17,300.0,37.7,B
2021-06-17T09:29:41,800.0,37.7,B
2021-06-17T09:29:41,200.0,37.7,B
2021-06-17T09:29:36,300.0,37.7,B
2021-06-17T09:29:03,2000.0,37.7,B
2021-06-17T09:28:19,1000.0,37.7,B
2021-06-17T09:27:48,100.0,37.7,B
2021-06-17T09:27:28,3600.0,37.7,B
2021-06-17T09:26:49,2000.0,37.7,B
2021-06-17T09:24:57,100.0,37.4,B
2021-06-17T09:24:56,200.0,37.4,B
2021-06-17T09:24:53,200.0,37.4,B
2021-06-17T09:24:18,1000.0,37.4,B
2021-06-17T09:22:39,500.0,37.4,B
2021-06-17T09:20:12,700.0,37.2,S
2021-06-17T09:20:12,500.0,37.2,S
2021-06-17T09:20:12,200.0,37.4,S
2021-06-17T09:19:03,200.0,37.2,S
2021-06-17T09:17:57,100.0,37.4,B
2021-06-17T09:17:38,100.0,37.4,B
2021-06-17T09:17:24,200.0,37.4,B
2021-06-17T09:15:55,100.0,37.5,B
