tradingTime,volume,price,side
2021-06-17T14:30:04,500.0,94.0,S
2021-06-17T14:29:55,2000.0,94.0,S
2021-06-17T14:29:28,200.0,94.0,S
2021-06-17T14:29:27,1000.0,94.1,B
2021-06-17T14:28:46,1000.0,94.0,S
2021-06-17T14:28:18,100.0,94.1,B
2021-06-17T14:27:54,100.0,94.1,S
2021-06-17T14:27:45,4700.0,94.1,S
2021-06-17T14:27:13,1000.0,94.1,S
2021-06-17T14:27:07,100.0,94.1,S
2021-06-17T14:26:29,500.0,94.1,S
2021-06-17T14:26:13,100.0,94.2,B
2021-06-17T14:26:08,100.0,94.2,B
2021-06-17T14:25:27,300.0,94.2,B
2021-06-17T14:25:19,400.0,94.2,B
2021-06-17T14:24:42,600.0,94.2,B
2021-06-17T14:24:18,1300.0,94.2,B
2021-06-17T14:24:08,100.0,94.2,B
2021-06-17T14:23:42,200.0,94.2,B
2021-06-17T14:23:40,100.0,94.2,B
2021-06-17T14:23:39,200.0,94.1,S
2021-06-17T14:23:12,5100.0,94.2,S
2021-06-17T14:23:12,700.0,94.2,S
2021-06-17T14:23:12,800.0,94.2,S
2021-06-17T14:22:52,1000.0,94.4,B
2021-06-17T14:22:51,200.0,94.4,B
2021-06-17T14:21:01,3400.0,94.5,B
2021-06-17T14:21:01,1700.0,94.5,B
2021-06-17T14:21:01,2000.0,94.5,B
2021-06-17T14:21:01,100.0,94.5,B
2021-06-17T14:21:01,100.0,94.5,B
2021-06-17T14:21:01,600.0,94.5,B
2021-06-17T14:21:01,11700.0,94.5,B
2021-06-17T14:20:38,200.0,94.5,B
2021-06-17T14:20:38,1100.0,94.5,B
2021-06-17T14:20:38,1200.0,94.5,B
2021-06-17T14:20:38,100.0,94.4,B
2021-06-17T14:20:37,2200.0,94.4,B
2021-06-17T14:20:22,3200.0,94.2,S
2021-06-17T14:20:21,3000.0,94.4,B
2021-06-17T14:20:01,1600.0,94.4,B
2021-06-17T14:18:38,1000.0,94.4,B
2021-06-17T14:18:14,100.0,94.4,B
2021-06-17T14:17:54,2500.0,94.5,B
2021-06-17T14:17:49,500.0,94.4,S
2021-06-17T14:17:32,200.0,94.5,B
2021-06-17T14:16:53,700.0,94.4,B
2021-06-17T14:16:53,1800.0,94.4,B
2021-06-17T14:16:40,4000.0,94.4,B
2021-06-17T14:16:32,100.0,94.4,B
2021-06-17T14:16:26,100.0,94.3,S
2021-06-17T14:16:12,400.0,94.4,B
2021-06-17T14:15:56,3200.0,94.4,S
2021-06-17T14:15:54,1000.0,94.5,B
2021-06-17T14:15:25,500.0,94.4,B
2021-06-17T14:15:23,4300.0,94.4,B
2021-06-17T14:15:22,6500.0,94.4,B
2021-06-17T14:15:22,2800.0,94.4,B
2021-06-17T14:15:22,2500.0,94.4,B
2021-06-17T14:15:22,2900.0,94.3,B
2021-06-17T14:15:22,4000.0,94.3,B
2021-06-17T14:15:22,100.0,94.3,B
2021-06-17T14:15:22,3200.0,94.3,B
2021-06-17T14:15:16,200.0,94.2,S
2021-06-17T14:15:16,100.0,94.3,B
2021-06-17T14:14:56,200.0,94.2,S
2021-06-17T14:14:48,1000.0,94.3,B
2021-06-17T14:14:28,500.0,94.2,S
2021-06-17T14:14:10,1400.0,94.2,B
2021-06-17T14:14:03,500.0,94.2,B
2021-06-17T14:14:01,1000.0,94.2,B
2021-06-17T14:13:55,2400.0,94.2,B
2021-06-17T14:13:46,1200.0,94.2,B
2021-06-17T14:13:43,700.0,94.2,B
2021-06-17T14:13:39,100.0,94.2,B
2021-06-17T14:13:39,400.0,94.2,B
2021-06-17T14:13:30,1200.0,94.2,B
2021-06-17T14:13:15,1000.0,94.2,B
2021-06-17T14:12:51,500.0,94.2,B
2021-06-17T14:12:39,100.0,94.2,B
2021-06-17T14:12:34,1000.0,94.2,B
2021-06-17T14:12:21,200.0,94.2,B
2021-06-17T14:11:47,500.0,94.2,B
2021-06-17T14:11:46,300.0,94.2,B
2021-06-17T14:11:46,600.0,94.2,B
2021-06-17T14:11:46,100.0,94.2,B
2021-06-17T14:11:02,300.0,94.2,B
2021-06-17T14:11:02,300.0,94.2,B
2021-06-17T14:11:02,400.0,94.2,B
2021-06-17T14:10:42,1200.0,94.2,B
2021-06-17T14:10:42,100.0,94.2,B
2021-06-17T14:10:42,300.0,94.2,B
2021-06-17T14:10:42,100.0,94.2,B
2021-06-17T14:10:41,3300.0,94.2,B
2021-06-17T14:10:17,300.0,94.2,B
2021-06-17T14:10:16,1000.0,94.2,B
2021-06-17T14:10:06,300.0,94.1,S
2021-06-17T14:09:59,2400.0,94.2,B
2021-06-17T14:09:30,1000.0,94.2,B
2021-06-17T14:09:18,400.0,94.1,S
2021-06-17T14:09:13,4700.0,94.2,B
2021-06-17T14:09:04,500.0,94.1,S
2021-06-17T14:09:02,100.0,94.1,S
2021-06-17T14:08:54,5000.0,94.2,B
2021-06-17T14:08:46,1000.0,94.2,B
2021-06-17T14:08:39,2000.0,94.1,S
2021-06-17T14:08:14,100.0,94.1,S
2021-06-17T14:07:58,1000.0,94.2,B
2021-06-17T14:07:41,100.0,94.2,B
2021-06-17T14:07:37,7000.0,94.2,B
2021-06-17T14:07:35,100.0,94.1,S
2021-06-17T14:07:32,1000.0,94.2,B
2021-06-17T14:07:30,2400.0,94.2,B
2021-06-17T14:07:30,100.0,94.2,B
2021-06-17T14:07:30,500.0,94.2,B
2021-06-17T14:07:30,5200.0,94.2,B
2021-06-17T14:07:30,1800.0,94.2,B
2021-06-17T14:07:21,2000.0,94.1,S
2021-06-17T14:07:13,700.0,94.2,B
2021-06-17T14:07:11,1000.0,94.2,B
2021-06-17T14:07:07,200.0,94.1,S
2021-06-17T14:07:05,200.0,94.2,B
2021-06-17T14:07:03,500.0,94.2,B
2021-06-17T14:07:03,300.0,94.2,B
2021-06-17T14:06:29,2000.0,94.2,B
2021-06-17T14:06:26,1000.0,94.2,B
2021-06-17T14:06:08,200.0,94.2,B
2021-06-17T14:05:57,100.0,94.2,B
2021-06-17T14:05:42,800.0,94.2,B
2021-06-17T14:05:42,100.0,94.2,B
2021-06-17T14:05:42,100.0,94.2,B
2021-06-17T14:05:36,100.0,94.2,B
2021-06-17T14:05:32,500.0,94.1,S
2021-06-17T14:04:57,600.0,94.2,B
2021-06-17T14:04:56,400.0,94.2,B
2021-06-17T14:04:34,500.0,94.1,S
2021-06-17T14:04:26,11800.0,94.1,B
2021-06-17T14:04:17,300.0,94.1,B
2021-06-17T14:04:16,400.0,94.0,S
2021-06-17T14:04:12,1000.0,94.1,B
2021-06-17T14:04:02,500.0,94.1,B
2021-06-17T14:03:23,1000.0,94.1,B
2021-06-17T14:03:19,100.0,94.0,S
2021-06-17T14:02:57,800.0,94.0,S
2021-06-17T14:02:54,300.0,94.0,S
2021-06-17T14:02:40,1000.0,94.1,B
2021-06-17T14:02:40,2000.0,94.0,S
2021-06-17T14:01:55,100.0,94.0,S
2021-06-17T14:01:53,1000.0,94.1,B
2021-06-17T14:01:45,100.0,94.0,S
2021-06-17T14:01:16,1000.0,94.0,S
2021-06-17T14:01:12,1000.0,94.1,B
2021-06-17T14:00:23,1000.0,94.1,B
2021-06-17T14:00:22,1000.0,94.1,B
2021-06-17T14:00:12,6000.0,94.1,B
2021-06-17T13:59:50,200.0,94.1,B
2021-06-17T13:59:37,1000.0,94.1,B
2021-06-17T13:59:24,100.0,94.0,S
2021-06-17T13:59:03,100.0,94.0,S
2021-06-17T13:58:51,3000.0,94.0,S
2021-06-17T13:58:48,1000.0,94.1,B
2021-06-17T13:58:28,200.0,94.0,S
2021-06-17T13:58:27,800.0,94.0,B
2021-06-17T13:58:27,2800.0,94.0,B
2021-06-17T13:58:27,700.0,94.0,B
2021-06-17T13:58:12,300.0,94.0,B
2021-06-17T13:58:09,1000.0,94.0,B
2021-06-17T13:58:04,1000.0,94.0,B
2021-06-17T13:57:47,800.0,94.0,B
2021-06-17T13:57:47,200.0,94.0,B
2021-06-17T13:57:22,300.0,94.0,B
2021-06-17T13:57:22,100.0,94.0,B
2021-06-17T13:57:22,500.0,94.0,B
2021-06-17T13:57:22,100.0,94.0,B
2021-06-17T13:57:14,100.0,94.0,B
2021-06-17T13:56:31,1000.0,94.0,B
2021-06-17T13:56:10,100.0,93.9,S
2021-06-17T13:55:57,5000.0,93.9,S
2021-06-17T13:55:52,500.0,94.0,B
2021-06-17T13:55:48,1000.0,94.0,B
2021-06-17T13:55:46,1000.0,94.0,B
2021-06-17T13:55:03,1000.0,94.0,B
2021-06-17T13:54:59,300.0,94.0,B
2021-06-17T13:53:32,900.0,94.0,B
2021-06-17T13:53:32,100.0,94.0,B
2021-06-17T13:52:56,500.0,94.0,B
2021-06-17T13:52:46,1000.0,94.0,B
2021-06-17T13:52:00,1000.0,94.0,B
2021-06-17T13:51:48,3000.0,94.0,B
2021-06-17T13:51:29,100.0,93.9,B
2021-06-17T13:51:19,100.0,94.0,B
2021-06-17T13:51:16,1000.0,94.0,B
2021-06-17T13:50:50,700.0,94.0,B
2021-06-17T13:50:50,500.0,94.0,B
2021-06-17T13:50:50,3300.0,94.0,B
2021-06-17T13:50:50,5200.0,94.0,B
2021-06-17T13:50:50,300.0,94.0,B
2021-06-17T13:50:43,100.0,94.0,B
2021-06-17T13:50:32,1000.0,94.0,B
2021-06-17T13:50:07,2300.0,94.0,B
2021-06-17T13:50:07,1200.0,94.0,B
2021-06-17T13:50:07,700.0,94.0,B
2021-06-17T13:50:07,5300.0,94.0,B
2021-06-17T13:50:07,200.0,94.0,B
2021-06-17T13:50:07,800.0,94.0,B
2021-06-17T13:50:07,1900.0,94.0,B
2021-06-17T13:50:07,1600.0,94.0,B
2021-06-17T13:50:07,1200.0,94.0,B
2021-06-17T13:50:07,5500.0,94.0,B
2021-06-17T13:50:07,100.0,94.0,B
2021-06-17T13:50:07,800.0,94.0,B
2021-06-17T13:50:07,400.0,94.0,B
2021-06-17T13:50:07,1500.0,94.0,B
2021-06-17T13:50:07,8500.0,94.0,B
2021-06-17T13:50:07,3600.0,94.0,B
2021-06-17T13:50:07,3000.0,94.0,B
2021-06-17T13:50:07,11400.0,94.0,B
2021-06-17T13:50:05,2000.0,93.8,S
2021-06-17T13:49:59,200.0,93.9,B
2021-06-17T13:49:57,500.0,93.8,S
2021-06-17T13:49:49,1400.0,93.9,B
2021-06-17T13:49:45,1000.0,93.9,B
2021-06-17T13:49:43,800.0,93.9,S
2021-06-17T13:48:58,1000.0,94.0,B
2021-06-17T13:48:46,200.0,93.9,S
2021-06-17T13:48:28,10000.0,93.9,S
2021-06-17T13:48:03,100.0,93.9,B
2021-06-17T13:48:02,100.0,93.9,B
2021-06-17T13:47:55,5000.0,93.9,B
2021-06-17T13:47:30,1000.0,93.9,B
2021-06-17T13:47:27,1000.0,93.9,B
2021-06-17T13:47:25,200.0,93.9,B
2021-06-17T13:47:19,1500.0,93.9,B
2021-06-17T13:47:17,100.0,93.9,B
2021-06-17T13:47:09,800.0,93.8,S
2021-06-17T13:46:54,2600.0,93.9,B
2021-06-17T13:46:44,1000.0,93.9,B
2021-06-17T13:46:43,100.0,93.9,B
2021-06-17T13:46:42,300.0,93.9,B
2021-06-17T13:46:11,1400.0,93.9,B
2021-06-17T13:45:57,1000.0,93.9,B
2021-06-17T13:45:44,1000.0,93.8,S
2021-06-17T13:45:11,1000.0,93.9,B
2021-06-17T13:44:45,500.0,93.9,B
2021-06-17T13:44:26,1000.0,93.9,B
2021-06-17T13:44:13,800.0,93.8,S
2021-06-17T13:44:04,100.0,93.9,B
2021-06-17T13:43:40,1000.0,93.9,B
2021-06-17T13:43:38,500.0,93.9,B
2021-06-17T13:43:37,500.0,93.9,B
2021-06-17T13:43:17,200.0,93.8,B
2021-06-17T13:42:56,1000.0,93.8,B
2021-06-17T13:42:54,100.0,93.8,B
2021-06-17T13:42:52,200.0,93.8,B
2021-06-17T13:42:08,1000.0,93.9,B
2021-06-17T13:41:23,500.0,93.9,B
2021-06-17T13:41:23,400.0,93.9,B
2021-06-17T13:41:23,1000.0,93.9,B
2021-06-17T13:41:12,500.0,93.6,S
2021-06-17T13:40:51,500.0,93.9,B
2021-06-17T13:40:38,2500.0,93.6,S
2021-06-17T13:40:38,400.0,93.9,B
2021-06-17T13:40:38,500.0,93.9,B
2021-06-17T13:39:51,900.0,93.9,B
2021-06-17T13:39:46,300.0,93.9,B
2021-06-17T13:39:33,100.0,93.8,B
2021-06-17T13:39:13,400.0,93.8,S
2021-06-17T13:39:08,100.0,93.9,B
2021-06-17T13:39:08,800.0,93.9,B
2021-06-17T13:38:44,300.0,93.8,S
2021-06-17T13:38:20,200.0,93.8,B
2021-06-17T13:37:35,900.0,93.8,B
2021-06-17T13:37:21,900.0,93.8,B
2021-06-17T13:37:11,400.0,93.8,B
2021-06-17T13:37:04,300.0,93.8,S
2021-06-17T13:37:03,300.0,93.8,S
2021-06-17T13:37:00,500.0,93.8,S
2021-06-17T13:36:50,700.0,93.9,B
2021-06-17T13:36:50,200.0,93.9,B
2021-06-17T13:36:49,400.0,93.8,S
2021-06-17T13:36:35,100.0,93.8,S
2021-06-17T13:35:49,600.0,93.8,B
2021-06-17T13:35:19,900.0,93.8,B
2021-06-17T13:35:07,100.0,93.7,S
2021-06-17T13:34:45,800.0,93.7,S
2021-06-17T13:34:32,900.0,93.8,B
2021-06-17T13:33:58,100.0,93.7,S
2021-06-17T13:33:46,1000.0,93.8,B
2021-06-17T13:33:42,100.0,93.7,S
2021-06-17T13:33:23,200.0,93.7,S
2021-06-17T13:33:03,100.0,93.7,B
2021-06-17T13:32:36,2000.0,93.7,B
2021-06-17T13:32:18,1000.0,93.7,B
2021-06-17T13:31:43,400.0,93.7,S
2021-06-17T13:31:33,1000.0,93.8,B
2021-06-17T13:31:13,100.0,93.7,S
2021-06-17T13:31:12,100.0,93.8,S
2021-06-17T13:31:11,900.0,93.8,S
2021-06-17T13:31:11,6000.0,93.8,S
2021-06-17T13:30:45,1000.0,93.8,S
2021-06-17T13:30:45,1000.0,93.8,S
2021-06-17T13:30:44,1000.0,93.9,B
2021-06-17T13:30:37,200.0,93.9,B
2021-06-17T13:30:17,1100.0,93.9,B
2021-06-17T13:30:02,1000.0,93.9,B
2021-06-17T13:29:13,1000.0,93.9,B
2021-06-17T13:29:06,100.0,93.9,B
2021-06-17T13:29:04,1400.0,93.9,B
2021-06-17T13:28:39,1000.0,94.0,B
2021-06-17T13:28:28,1000.0,93.9,S
2021-06-17T13:28:09,500.0,93.9,S
2021-06-17T13:27:43,1000.0,93.9,S
2021-06-17T13:27:40,500.0,93.9,S
2021-06-17T13:27:25,1000.0,93.9,S
2021-06-17T13:27:12,600.0,94.0,B
2021-06-17T13:27:04,400.0,93.9,S
2021-06-17T13:26:56,1000.0,94.0,B
2021-06-17T13:26:47,700.0,94.0,B
2021-06-17T13:26:29,4000.0,93.9,S
2021-06-17T13:26:28,1000.0,93.9,S
2021-06-17T13:26:26,100.0,93.9,S
2021-06-17T13:26:15,1100.0,93.9,S
2021-06-17T13:25:27,1000.0,94.0,B
2021-06-17T13:25:14,100.0,94.0,B
2021-06-17T13:24:48,1000.0,94.0,B
2021-06-17T13:24:36,300.0,93.9,S
2021-06-17T13:24:34,200.0,93.9,S
2021-06-17T13:24:26,200.0,94.0,B
2021-06-17T13:24:03,2000.0,93.9,S
2021-06-17T13:23:56,1000.0,94.0,B
2021-06-17T13:23:17,1300.0,94.0,S
2021-06-17T13:23:15,1000.0,94.1,S
2021-06-17T13:22:52,500.0,94.1,S
2021-06-17T13:22:49,2000.0,94.1,S
2021-06-17T13:22:35,500.0,94.1,S
2021-06-17T13:22:33,1000.0,94.1,S
2021-06-17T13:22:30,1700.0,94.1,S
2021-06-17T13:22:30,1000.0,94.2,B
2021-06-17T13:22:21,200.0,94.2,B
2021-06-17T13:22:19,500.0,94.1,S
2021-06-17T13:22:14,400.0,94.1,S
2021-06-17T13:22:07,1000.0,94.1,S
2021-06-17T13:21:21,200.0,94.2,B
2021-06-17T13:21:21,300.0,94.2,B
2021-06-17T13:21:15,100.0,94.2,B
2021-06-17T13:21:10,1100.0,94.2,B
2021-06-17T13:21:03,400.0,94.1,S
2021-06-17T13:21:03,100.0,94.1,S
2021-06-17T13:21:00,1000.0,94.2,B
2021-06-17T13:20:59,1000.0,94.2,B
2021-06-17T13:20:51,100.0,94.2,B
2021-06-17T13:20:22,4500.0,94.2,B
2021-06-17T13:19:55,500.0,94.1,B
2021-06-17T13:19:45,100.0,94.1,B
2021-06-17T13:19:45,3000.0,94.1,B
2021-06-17T13:19:43,500.0,94.0,S
2021-06-17T13:19:24,1000.0,94.1,B
2021-06-17T13:18:37,100.0,94.0,S
2021-06-17T13:18:36,300.0,94.1,B
2021-06-17T13:18:36,700.0,94.1,B
2021-06-17T13:18:24,500.0,94.1,B
2021-06-17T13:18:22,200.0,94.1,B
2021-06-17T13:18:21,2000.0,94.0,S
2021-06-17T13:18:08,500.0,94.0,S
2021-06-17T13:18:02,1000.0,94.1,B
2021-06-17T13:17:51,900.0,94.1,B
2021-06-17T13:17:49,1200.0,94.1,B
2021-06-17T13:17:19,400.0,94.0,B
2021-06-17T13:16:52,3100.0,94.0,B
2021-06-17T13:16:52,500.0,94.0,B
2021-06-17T13:16:52,600.0,94.0,B
2021-06-17T13:16:51,100.0,94.0,B
2021-06-17T13:16:51,1700.0,94.0,B
2021-06-17T13:16:51,700.0,94.0,B
2021-06-17T13:16:51,3100.0,94.0,B
2021-06-17T13:16:51,1100.0,94.0,B
2021-06-17T13:16:51,3000.0,94.0,B
2021-06-17T13:16:51,500.0,94.0,B
2021-06-17T13:16:51,600.0,94.0,B
2021-06-17T13:16:51,1800.0,94.0,B
2021-06-17T13:16:51,1000.0,94.0,B
2021-06-17T13:16:51,1000.0,94.0,B
2021-06-17T13:16:51,1000.0,94.0,B
2021-06-17T13:16:51,300.0,94.0,B
2021-06-17T13:16:51,500.0,94.0,B
2021-06-17T13:16:51,600.0,94.0,B
2021-06-17T13:16:51,200.0,94.0,B
2021-06-17T13:16:51,2900.0,94.0,B
2021-06-17T13:16:51,1600.0,94.0,B
2021-06-17T13:16:51,200.0,94.0,B
2021-06-17T13:16:50,800.0,94.0,B
2021-06-17T13:16:50,500.0,94.0,B
2021-06-17T13:16:50,500.0,94.0,B
2021-06-17T13:16:50,1200.0,94.0,B
2021-06-17T13:16:50,2100.0,94.0,B
2021-06-17T13:16:50,200.0,94.0,B
2021-06-17T13:16:50,1100.0,94.0,B
2021-06-17T13:16:50,500.0,94.0,B
2021-06-17T13:16:50,2100.0,94.0,B
2021-06-17T13:16:50,1500.0,94.0,B
2021-06-17T13:16:50,700.0,94.0,B
2021-06-17T13:16:50,5400.0,94.0,B
2021-06-17T13:16:49,400.0,94.0,B
2021-06-17T13:16:49,1200.0,94.0,B
2021-06-17T13:16:49,6000.0,94.0,B
2021-06-17T13:16:49,2100.0,94.0,B
2021-06-17T13:16:49,3900.0,94.0,B
2021-06-17T13:16:49,100.0,94.0,B
2021-06-17T13:16:49,1400.0,94.0,B
2021-06-17T13:16:49,25100.0,94.0,B
2021-06-17T13:16:49,500.0,94.0,B
2021-06-17T13:16:49,3800.0,94.0,B
2021-06-17T13:16:49,2200.0,94.0,B
2021-06-17T13:16:48,2000.0,94.0,B
2021-06-17T13:16:48,5200.0,94.0,B
2021-06-17T13:16:48,400.0,94.0,B
2021-06-17T13:16:48,2600.0,94.0,B
2021-06-17T13:16:48,200.0,94.0,B
2021-06-17T13:16:48,900.0,94.0,B
2021-06-17T13:16:48,200.0,94.0,B
2021-06-17T13:16:48,3000.0,94.0,B
2021-06-17T13:16:48,700.0,94.0,B
2021-06-17T13:16:48,400.0,94.0,B
2021-06-17T13:16:48,3300.0,94.0,B
2021-06-17T13:16:09,100.0,93.9,B
2021-06-17T13:15:37,900.0,93.9,B
2021-06-17T13:15:37,2000.0,93.9,B
2021-06-17T13:15:37,200.0,93.9,B
2021-06-17T13:15:37,100.0,93.9,B
2021-06-17T13:15:37,1900.0,93.9,B
2021-06-17T13:15:34,900.0,93.9,B
2021-06-17T13:15:12,3000.0,93.9,B
2021-06-17T13:14:58,1000.0,93.8,S
2021-06-17T13:14:50,4000.0,93.8,S
2021-06-17T13:14:47,900.0,93.9,B
2021-06-17T13:14:30,100.0,93.8,S
2021-06-17T13:14:08,1000.0,93.9,B
2021-06-17T13:14:05,900.0,93.9,B
2021-06-17T13:13:58,1000.0,93.9,B
2021-06-17T13:13:49,10000.0,93.9,B
2021-06-17T13:13:43,2000.0,93.9,B
2021-06-17T13:13:43,1000.0,93.8,S
2021-06-17T13:13:28,900.0,93.9,B
2021-06-17T13:12:58,100.0,93.8,S
2021-06-17T13:12:45,800.0,93.9,B
2021-06-17T13:12:32,900.0,93.9,B
2021-06-17T13:12:08,300.0,93.9,B
2021-06-17T13:11:45,900.0,93.9,B
2021-06-17T13:11:42,100.0,93.9,B
2021-06-17T13:11:02,600.0,93.9,B
2021-06-17T13:11:02,100.0,93.9,B
2021-06-17T13:11:01,200.0,93.9,B
2021-06-17T13:10:54,400.0,93.8,S
2021-06-17T13:10:42,300.0,93.8,S
2021-06-17T13:10:07,1300.0,93.8,B
2021-06-17T13:09:58,100.0,93.8,B
2021-06-17T13:09:54,100.0,93.8,B
2021-06-17T13:09:34,900.0,93.8,B
2021-06-17T13:09:31,400.0,93.8,B
2021-06-17T13:08:55,3000.0,93.8,B
2021-06-17T13:08:45,900.0,93.8,B
2021-06-17T13:08:42,1000.0,93.8,B
2021-06-17T13:08:41,300.0,93.8,B
2021-06-17T13:08:04,200.0,93.8,B
2021-06-17T13:08:03,10000.0,93.8,B
2021-06-17T13:07:49,10000.0,93.8,B
2021-06-17T13:07:11,800.0,93.8,B
2021-06-17T13:07:11,100.0,93.7,S
2021-06-17T13:06:26,900.0,93.8,B
2021-06-17T13:05:46,200.0,93.6,S
2021-06-17T13:05:44,900.0,93.8,B
2021-06-17T13:04:54,900.0,93.8,B
2021-06-17T13:04:38,2000.0,93.8,B
2021-06-17T13:04:34,300.0,93.6,S
2021-06-17T13:04:17,600.0,93.8,B
2021-06-17T13:04:10,900.0,93.8,B
2021-06-17T13:04:03,400.0,93.8,B
2021-06-17T13:03:59,500.0,93.6,S
2021-06-17T13:03:29,1000.0,93.6,S
2021-06-17T13:03:27,300.0,93.8,B
2021-06-17T13:03:27,500.0,93.8,B
2021-06-17T13:03:25,100.0,93.8,B
2021-06-17T13:02:50,5900.0,93.8,B
2021-06-17T13:02:50,1100.0,93.8,B
2021-06-17T13:02:50,1100.0,93.8,B
2021-06-17T13:02:50,200.0,93.8,B
2021-06-17T13:02:50,1100.0,93.8,B
2021-06-17T13:02:50,200.0,93.7,B
2021-06-17T13:02:50,700.0,93.7,B
2021-06-17T13:02:50,7700.0,93.7,B
2021-06-17T13:02:40,900.0,93.7,B
2021-06-17T13:02:18,100.0,93.7,B
2021-06-17T13:02:00,1000.0,93.7,B
2021-06-17T13:01:46,100.0,93.6,S
2021-06-17T13:01:41,500.0,93.6,B
2021-06-17T13:01:35,100.0,93.6,B
2021-06-17T13:01:23,200.0,93.6,B
2021-06-17T13:01:23,400.0,93.6,B
2021-06-17T13:01:04,200.0,93.6,B
2021-06-17T13:00:58,300.0,93.6,B
2021-06-17T13:00:41,2000.0,93.6,B
2021-06-17T13:00:40,100.0,93.5,S
2021-06-17T13:00:38,100.0,93.6,B
2021-06-17T13:00:32,3000.0,93.6,B
2021-06-17T13:00:31,200.0,93.6,B
2021-06-17T13:00:28,100.0,93.5,S
2021-06-17T13:00:25,600.0,93.5,S
2021-06-17T13:00:25,300.0,93.6,B
2021-06-17T11:29:30,300.0,93.6,S
2021-06-17T11:28:36,200.0,93.6,B
2021-06-17T11:28:17,3600.0,93.7,B
2021-06-17T11:28:02,2700.0,93.7,B
2021-06-17T11:27:22,1000.0,93.7,B
2021-06-17T11:27:21,1000.0,93.7,B
2021-06-17T11:27:21,1600.0,93.7,B
2021-06-17T11:26:43,1300.0,93.7,B
2021-06-17T11:26:38,100.0,93.6,B
2021-06-17T11:26:07,1100.0,93.7,B
2021-06-17T11:26:07,200.0,93.7,B
2021-06-17T11:25:49,300.0,93.6,S
2021-06-17T11:25:26,900.0,93.7,B
2021-06-17T11:25:26,400.0,93.7,B
2021-06-17T11:24:48,1300.0,93.7,B
2021-06-17T11:24:06,1300.0,93.7,B
2021-06-17T11:23:52,100.0,93.6,S
2021-06-17T11:23:25,900.0,93.6,B
2021-06-17T11:22:42,1300.0,93.6,B
2021-06-17T11:22:04,1300.0,93.6,B
2021-06-17T11:21:29,100.0,93.6,B
2021-06-17T11:21:25,1300.0,93.6,B
2021-06-17T11:20:57,200.0,93.6,S
2021-06-17T11:20:57,1700.0,93.6,S
2021-06-17T11:20:57,400.0,93.6,S
2021-06-17T11:20:50,600.0,93.6,S
2021-06-17T11:20:50,400.0,93.6,S
2021-06-17T11:20:42,1300.0,93.7,B
2021-06-17T11:20:01,1300.0,93.7,B
2021-06-17T11:19:21,1300.0,93.7,B
2021-06-17T11:18:41,200.0,93.6,B
2021-06-17T11:18:41,900.0,93.6,B
2021-06-17T11:17:59,1100.0,93.6,B
2021-06-17T11:17:59,200.0,93.6,B
2021-06-17T11:17:56,100.0,93.6,B
2021-06-17T11:17:45,200.0,93.6,B
2021-06-17T11:17:22,1300.0,93.6,B
2021-06-17T11:17:15,2000.0,93.6,B
2021-06-17T11:16:50,300.0,93.6,B
2021-06-17T11:16:50,1000.0,93.6,B
2021-06-17T11:16:38,500.0,93.5,S
2021-06-17T11:15:59,100.0,93.5,B
2021-06-17T11:15:55,1000.0,93.5,B
2021-06-17T11:15:17,1300.0,93.5,B
2021-06-17T11:14:45,900.0,93.5,S
2021-06-17T11:14:38,400.0,93.5,B
2021-06-17T11:14:27,1000.0,93.5,B
2021-06-17T11:14:04,700.0,93.4,S
2021-06-17T11:13:58,2000.0,93.5,B
2021-06-17T11:13:58,1300.0,93.5,B
2021-06-17T11:13:49,100.0,93.5,B
2021-06-17T11:13:40,300.0,93.5,B
2021-06-17T11:13:36,1300.0,93.5,B
2021-06-17T11:12:34,1300.0,93.5,B
2021-06-17T11:11:54,1300.0,93.5,B
2021-06-17T11:11:13,1300.0,93.5,B
2021-06-17T11:10:51,500.0,93.4,S
2021-06-17T11:10:44,100.0,93.5,B
2021-06-17T11:10:31,1300.0,93.5,B
2021-06-17T11:09:56,300.0,93.4,S
2021-06-17T11:09:55,1300.0,93.5,B
2021-06-17T11:09:44,600.0,93.4,S
2021-06-17T11:09:28,200.0,93.5,B
2021-06-17T11:09:23,100.0,93.4,S
2021-06-17T11:09:13,1300.0,93.6,B
2021-06-17T11:09:08,200.0,93.5,S
2021-06-17T11:09:01,200.0,93.5,S
2021-06-17T11:08:54,100.0,93.5,B
2021-06-17T11:08:48,900.0,93.5,S
2021-06-17T11:08:33,100.0,93.5,B
2021-06-17T11:08:31,300.0,93.5,B
2021-06-17T11:08:05,200.0,93.5,S
2021-06-17T11:07:52,1300.0,93.6,B
2021-06-17T11:07:12,1300.0,93.6,B
2021-06-17T11:07:03,1600.0,93.5,S
2021-06-17T11:07:03,200.0,93.5,S
2021-06-17T11:07:03,17100.0,93.5,S
2021-06-17T11:06:31,1300.0,93.7,B
2021-06-17T11:06:14,1700.0,93.5,S
2021-06-17T11:06:08,800.0,93.5,S
2021-06-17T11:05:53,1300.0,93.7,B
2021-06-17T11:05:22,600.0,93.7,S
2021-06-17T11:05:21,500.0,93.7,S
2021-06-17T11:05:08,100.0,93.7,B
2021-06-17T11:04:26,1200.0,93.8,B
2021-06-17T11:04:25,1000.0,93.5,S
2021-06-17T11:03:48,100.0,93.8,B
2021-06-17T11:03:48,1200.0,93.8,B
2021-06-17T11:03:37,100.0,93.7,S
2021-06-17T11:03:26,100.0,93.8,B
2021-06-17T11:03:06,1100.0,93.7,B
2021-06-17T11:02:49,500.0,93.6,S
2021-06-17T11:02:49,500.0,93.6,S
2021-06-17T11:02:28,1200.0,93.8,B
2021-06-17T11:02:18,3000.0,93.6,S
2021-06-17T11:01:46,1000.0,93.6,B
2021-06-17T11:01:34,200.0,93.6,B
2021-06-17T11:01:25,200.0,93.6,S
2021-06-17T11:01:23,3100.0,93.6,S
2021-06-17T11:01:23,2000.0,93.6,S
2021-06-17T11:01:23,2800.0,93.6,S
2021-06-17T11:01:23,700.0,93.7,S
2021-06-17T11:01:11,600.0,93.7,S
2021-06-17T11:01:06,600.0,93.8,B
2021-06-17T11:01:04,600.0,93.8,B
2021-06-17T11:00:58,100.0,93.8,B
2021-06-17T11:00:54,300.0,93.7,S
2021-06-17T11:00:51,300.0,93.8,B
2021-06-17T11:00:51,1600.0,93.8,B
2021-06-17T11:00:26,1200.0,93.8,B
2021-06-17T11:00:12,1000.0,93.8,B
2021-06-17T10:59:58,500.0,93.7,S
2021-06-17T10:59:47,1200.0,93.8,B
2021-06-17T10:59:02,200.0,93.6,S
2021-06-17T10:59:02,2000.0,93.6,S
2021-06-17T10:59:01,1800.0,93.6,S
2021-06-17T10:59:00,5000.0,93.6,S
2021-06-17T10:58:56,1000.0,93.8,B
2021-06-17T10:58:56,300.0,93.7,B
2021-06-17T10:58:25,1200.0,93.7,B
2021-06-17T10:57:48,100.0,93.8,B
2021-06-17T10:57:42,1200.0,93.8,B
2021-06-17T10:57:40,1000.0,93.8,B
2021-06-17T10:57:23,1000.0,93.8,B
2021-06-17T10:57:16,600.0,93.6,S
2021-06-17T10:57:08,200.0,93.8,B
2021-06-17T10:57:01,1200.0,93.8,B
2021-06-17T10:56:48,200.0,93.8,B
2021-06-17T10:56:28,100.0,93.8,B
2021-06-17T10:56:21,1200.0,93.8,B
2021-06-17T10:56:07,200.0,93.8,B
2021-06-17T10:55:59,500.0,93.6,S
2021-06-17T10:55:45,3000.0,93.8,B
2021-06-17T10:55:41,1200.0,93.8,B
2021-06-17T10:55:03,1200.0,93.8,B
2021-06-17T10:54:20,1200.0,93.8,B
2021-06-17T10:54:19,300.0,93.6,S
2021-06-17T10:54:18,200.0,93.6,S
2021-06-17T10:54:05,1000.0,93.6,S
2021-06-17T10:54:00,100.0,93.6,S
2021-06-17T10:53:53,900.0,93.6,S
2021-06-17T10:53:52,10000.0,93.8,B
2021-06-17T10:53:44,600.0,93.7,B
2021-06-17T10:53:40,400.0,93.6,S
2021-06-17T10:53:39,1200.0,93.7,B
2021-06-17T10:53:12,2000.0,93.7,B
2021-06-17T10:53:11,200.0,93.6,B
2021-06-17T10:53:10,2000.0,93.5,S
2021-06-17T10:53:07,1700.0,93.6,B
2021-06-17T10:53:04,2000.0,93.5,S
2021-06-17T10:53:03,2900.0,93.6,B
2021-06-17T10:53:00,100.0,93.6,B
2021-06-17T10:52:58,1200.0,93.6,B
2021-06-17T10:52:49,500.0,93.6,B
2021-06-17T10:52:34,3000.0,93.6,B
2021-06-17T10:52:31,500.0,93.5,S
2021-06-17T10:52:13,1000.0,93.5,S
2021-06-17T10:52:04,1000.0,93.5,B
2021-06-17T10:52:01,100.0,93.5,B
2021-06-17T10:51:38,2200.0,93.5,B
2021-06-17T10:51:26,200.0,93.4,S
2021-06-17T10:51:15,100.0,93.5,B
2021-06-17T10:51:11,1800.0,93.5,B
2021-06-17T10:50:50,1200.0,93.5,B
2021-06-17T10:50:30,100.0,93.4,S
2021-06-17T10:50:29,400.0,93.5,B
2021-06-17T10:50:27,200.0,93.5,B
2021-06-17T10:50:09,1200.0,93.5,B
2021-06-17T10:50:02,1000.0,93.5,S
2021-06-17T10:50:02,500.0,93.5,S
2021-06-17T10:50:01,7300.0,93.5,S
2021-06-17T10:49:55,2000.0,93.6,B
2021-06-17T10:49:53,1000.0,93.5,S
2021-06-17T10:49:51,10000.0,93.5,S
2021-06-17T10:49:41,600.0,93.6,B
2021-06-17T10:49:40,100.0,93.5,S
2021-06-17T10:49:37,2000.0,93.6,B
2021-06-17T10:49:35,1200.0,93.6,B
2021-06-17T10:49:26,4000.0,93.5,S
2021-06-17T10:49:18,300.0,93.6,B
2021-06-17T10:49:09,2000.0,93.5,S
2021-06-17T10:48:57,900.0,93.7,B
2021-06-17T10:48:53,400.0,93.6,B
2021-06-17T10:48:44,100.0,93.6,B
2021-06-17T10:48:19,100.0,93.6,B
2021-06-17T10:48:10,1200.0,93.6,B
2021-06-17T10:47:54,100.0,93.7,S
2021-06-17T10:47:51,6000.0,93.5,S
2021-06-17T10:47:51,200.0,93.5,S
2021-06-17T10:47:51,13800.0,93.5,S
2021-06-17T10:47:50,100.0,93.8,B
2021-06-17T10:47:41,100.0,93.6,S
2021-06-17T10:47:34,1200.0,93.8,B
2021-06-17T10:47:34,10000.0,93.6,S
2021-06-17T10:47:10,900.0,93.8,S
2021-06-17T10:46:57,500.0,93.8,B
2021-06-17T10:46:52,800.0,93.8,B
2021-06-17T10:46:42,10000.0,93.6,S
2021-06-17T10:46:38,5000.0,93.8,B
2021-06-17T10:46:34,300.0,93.8,B
2021-06-17T10:46:26,700.0,93.8,S
2021-06-17T10:46:24,900.0,93.8,S
2021-06-17T10:46:13,400.0,93.8,B
2021-06-17T10:46:12,300.0,93.8,B
2021-06-17T10:45:52,300.0,93.8,S
2021-06-17T10:45:35,500.0,93.9,B
2021-06-17T10:45:32,1200.0,93.9,B
2021-06-17T10:45:17,300.0,93.9,B
2021-06-17T10:45:17,300.0,93.9,B
2021-06-17T10:45:15,1000.0,93.8,S
2021-06-17T10:44:52,1100.0,93.9,B
2021-06-17T10:44:51,100.0,93.9,B
2021-06-17T10:44:38,2000.0,94.0,B
2021-06-17T10:44:32,100.0,93.9,B
2021-06-17T10:44:30,1000.0,93.9,B
2021-06-17T10:44:13,1200.0,93.9,B
2021-06-17T10:44:12,5000.0,94.0,B
2021-06-17T10:44:10,700.0,93.9,B
2021-06-17T10:44:07,100.0,93.8,S
2021-06-17T10:44:06,500.0,93.9,B
2021-06-17T10:44:04,500.0,93.9,B
2021-06-17T10:43:56,200.0,93.8,S
2021-06-17T10:43:47,100.0,93.9,B
2021-06-17T10:43:45,100.0,93.9,B
2021-06-17T10:43:33,400.0,93.9,B
2021-06-17T10:43:33,400.0,93.9,B
2021-06-17T10:43:32,200.0,93.8,S
2021-06-17T10:43:31,200.0,93.8,S
2021-06-17T10:43:31,1200.0,93.9,B
2021-06-17T10:43:16,18400.0,93.6,S
2021-06-17T10:43:16,1000.0,93.7,S
2021-06-17T10:43:16,3200.0,93.7,S
2021-06-17T10:43:16,1000.0,93.7,S
2021-06-17T10:43:15,6400.0,93.8,S
2021-06-17T10:43:13,2000.0,93.9,B
2021-06-17T10:43:07,200.0,93.9,B
2021-06-17T10:42:52,100.0,93.8,S
2021-06-17T10:42:50,1200.0,93.9,S
2021-06-17T10:42:39,100.0,93.9,S
2021-06-17T10:42:16,500.0,94.0,B
2021-06-17T10:42:14,1000.0,94.0,B
2021-06-17T10:42:11,100.0,94.0,B
2021-06-17T10:42:09,1200.0,94.0,B
2021-06-17T10:42:03,100.0,94.0,B
2021-06-17T10:42:03,900.0,94.0,B
2021-06-17T10:41:48,1200.0,94.0,B
2021-06-17T10:41:30,1200.0,94.0,B
2021-06-17T10:41:28,2000.0,93.8,S
2021-06-17T10:41:24,1300.0,94.0,B
2021-06-17T10:41:21,1600.0,94.0,B
2021-06-17T10:40:50,1200.0,94.0,B
2021-06-17T10:40:37,1000.0,94.0,B
2021-06-17T10:40:28,200.0,94.0,B
2021-06-17T10:40:28,400.0,94.0,B
2021-06-17T10:40:27,700.0,93.8,S
2021-06-17T10:40:25,500.0,94.0,B
2021-06-17T10:40:24,300.0,94.0,B
2021-06-17T10:40:16,200.0,94.0,B
2021-06-17T10:40:09,100.0,94.0,B
2021-06-17T10:40:09,1100.0,94.0,B
2021-06-17T10:39:59,1000.0,94.0,B
2021-06-17T10:39:54,100.0,93.8,S
2021-06-17T10:39:45,500.0,94.0,B
2021-06-17T10:39:38,1000.0,94.0,B
2021-06-17T10:39:31,1200.0,94.0,B
2021-06-17T10:39:15,100.0,93.8,S
2021-06-17T10:39:14,300.0,94.0,B
2021-06-17T10:39:10,1000.0,94.0,B
2021-06-17T10:38:44,1700.0,94.0,B
2021-06-17T10:38:30,800.0,94.0,B
2021-06-17T10:38:30,1200.0,94.0,B
2021-06-17T10:38:28,800.0,94.0,B
2021-06-17T10:38:04,300.0,94.0,B
2021-06-17T10:38:04,100.0,94.0,B
2021-06-17T10:37:52,300.0,94.0,B
2021-06-17T10:37:51,400.0,94.0,B
2021-06-17T10:37:51,1100.0,94.0,B
2021-06-17T10:37:51,2500.0,94.0,B
2021-06-17T10:37:42,500.0,94.0,B
2021-06-17T10:37:32,2500.0,94.0,B
2021-06-17T10:37:32,5500.0,94.0,B
2021-06-17T10:37:32,2000.0,94.0,B
2021-06-17T10:37:24,1200.0,94.0,B
2021-06-17T10:37:24,1000.0,94.0,B
2021-06-17T10:37:24,500.0,94.0,B
2021-06-17T10:37:08,500.0,94.0,B
2021-06-17T10:36:54,100.0,93.9,S
2021-06-17T10:36:50,1400.0,94.0,B
2021-06-17T10:36:50,100.0,93.9,S
2021-06-17T10:36:50,300.0,93.9,S
2021-06-17T10:36:50,1200.0,93.9,S
2021-06-17T10:36:45,400.0,93.8,S
2021-06-17T10:36:37,100.0,93.9,S
2021-06-17T10:36:37,100.0,93.9,S
2021-06-17T10:36:37,900.0,93.9,S
2021-06-17T10:36:20,400.0,93.9,S
2021-06-17T10:36:20,600.0,93.9,S
2021-06-17T10:36:05,600.0,94.0,B
2021-06-17T10:36:05,600.0,94.0,B
2021-06-17T10:36:01,500.0,94.0,B
2021-06-17T10:35:56,1000.0,94.0,B
2021-06-17T10:35:48,500.0,94.0,B
2021-06-17T10:35:48,1100.0,94.0,B
2021-06-17T10:35:48,500.0,94.0,B
2021-06-17T10:35:48,100.0,94.0,B
2021-06-17T10:35:47,3300.0,94.0,B
2021-06-17T10:35:44,500.0,94.0,B
2021-06-17T10:35:42,200.0,93.9,S
2021-06-17T10:35:41,500.0,93.9,S
2021-06-17T10:35:41,100.0,94.0,B
2021-06-17T10:35:40,200.0,93.9,S
2021-06-17T10:35:35,100.0,94.0,B
2021-06-17T10:35:30,100.0,93.9,S
2021-06-17T10:35:29,100.0,94.0,B
2021-06-17T10:35:25,900.0,94.0,B
2021-06-17T10:35:25,100.0,94.0,B
2021-06-17T10:35:24,2000.0,94.0,B
2021-06-17T10:35:20,1500.0,93.9,S
2021-06-17T10:35:16,600.0,94.0,B
2021-06-17T10:35:15,900.0,94.0,B
2021-06-17T10:35:02,1500.0,94.0,B
2021-06-17T10:34:57,100.0,93.9,B
2021-06-17T10:34:51,500.0,93.6,S
2021-06-17T10:34:46,200.0,94.0,B
2021-06-17T10:34:46,100.0,94.0,B
2021-06-17T10:34:46,300.0,94.0,B
2021-06-17T10:34:46,200.0,94.0,B
2021-06-17T10:34:46,200.0,93.9,B
2021-06-17T10:34:44,1700.0,93.9,B
2021-06-17T10:34:42,2000.0,93.9,B
2021-06-17T10:34:36,800.0,93.9,B
2021-06-17T10:34:19,100.0,93.6,B
2021-06-17T10:34:15,100.0,93.6,B
2021-06-17T10:34:13,600.0,93.9,B
2021-06-17T10:34:13,400.0,93.9,B
2021-06-17T10:34:08,2000.0,93.6,B
2021-06-17T10:33:54,100.0,93.6,B
2021-06-17T10:33:52,4000.0,93.6,B
2021-06-17T10:33:38,900.0,93.6,B
2021-06-17T10:33:36,200.0,93.5,B
2021-06-17T10:33:31,2800.0,93.4,S
2021-06-17T10:33:31,600.0,93.4,S
2021-06-17T10:33:31,1600.0,93.4,S
2021-06-17T10:33:28,1000.0,93.5,B
2021-06-17T10:33:19,400.0,93.9,B
2021-06-17T10:33:19,1000.0,93.8,B
2021-06-17T10:33:19,200.0,93.8,B
2021-06-17T10:33:19,2100.0,93.7,B
2021-06-17T10:33:19,300.0,93.5,B
2021-06-17T10:33:19,3000.0,93.5,B
2021-06-17T10:33:18,5000.0,93.5,B
2021-06-17T10:33:17,500.0,93.5,B
2021-06-17T10:33:17,2000.0,93.5,B
2021-06-17T10:33:13,600.0,93.5,B
2021-06-17T10:33:13,100.0,93.5,B
2021-06-17T10:33:13,300.0,93.5,B
2021-06-17T10:33:05,200.0,93.5,B
2021-06-17T10:33:05,100.0,93.5,B
2021-06-17T10:33:05,200.0,93.5,B
2021-06-17T10:33:05,1500.0,93.5,B
2021-06-17T10:33:04,100.0,93.5,B
2021-06-17T10:33:03,1000.0,93.5,B
2021-06-17T10:32:54,1200.0,93.5,B
2021-06-17T10:32:47,4700.0,93.2,S
2021-06-17T10:32:47,300.0,93.3,S
2021-06-17T10:32:37,200.0,93.5,B
2021-06-17T10:32:37,100.0,93.5,B
2021-06-17T10:32:16,100.0,93.3,B
2021-06-17T10:32:16,1000.0,93.5,B
2021-06-17T10:32:10,200.0,93.3,B
2021-06-17T10:32:06,900.0,93.5,B
2021-06-17T10:32:05,1700.0,93.5,B
2021-06-17T10:32:05,4100.0,93.5,B
2021-06-17T10:32:05,200.0,93.5,B
2021-06-17T10:32:05,3100.0,93.4,B
2021-06-17T10:32:05,200.0,93.4,B
2021-06-17T10:32:02,500.0,93.3,B
2021-06-17T10:32:01,300.0,93.3,B
2021-06-17T10:31:43,200.0,93.2,S
2021-06-17T10:31:28,200.0,93.2,B
2021-06-17T10:31:25,4500.0,93.2,B
2021-06-17T10:31:25,100.0,93.2,B
2021-06-17T10:31:24,1200.0,93.2,B
2021-06-17T10:31:21,100.0,93.1,S
2021-06-17T10:31:15,800.0,93.2,B
2021-06-17T10:31:13,500.0,93.2,B
2021-06-17T10:31:12,100.0,93.1,S
2021-06-17T10:31:01,1000.0,93.1,B
2021-06-17T10:31:01,300.0,93.1,B
2021-06-17T10:31:01,100.0,93.1,B
2021-06-17T10:31:01,100.0,93.1,B
2021-06-17T10:30:56,1000.0,93.0,B
2021-06-17T10:30:47,100.0,93.0,B
2021-06-17T10:30:31,300.0,93.0,B
2021-06-17T10:30:31,100.0,93.0,B
2021-06-17T10:30:30,2000.0,93.0,B
2021-06-17T10:30:30,200.0,93.0,B
2021-06-17T10:30:28,4000.0,93.0,B
2021-06-17T10:30:28,1400.0,93.0,B
2021-06-17T10:30:28,200.0,93.0,B
2021-06-17T10:30:28,6000.0,93.0,B
2021-06-17T10:30:28,4000.0,93.0,B
2021-06-17T10:30:28,700.0,93.0,B
2021-06-17T10:30:28,2700.0,93.0,B
2021-06-17T10:30:28,200.0,93.0,B
2021-06-17T10:30:28,3200.0,93.0,B
2021-06-17T10:30:11,50000.0,93.0,B
2021-06-17T10:30:10,400.0,92.9,S
2021-06-17T10:30:09,100.0,92.9,S
2021-06-17T10:29:56,20000.0,93.0,B
2021-06-17T10:29:55,1700.0,93.0,B
2021-06-17T10:29:44,500.0,93.0,B
2021-06-17T10:29:44,1900.0,93.0,B
2021-06-17T10:29:44,700.0,93.0,B
2021-06-17T10:29:44,1000.0,93.0,B
2021-06-17T10:29:44,3200.0,93.0,B
2021-06-17T10:29:44,1100.0,93.0,B
2021-06-17T10:29:44,11600.0,93.0,B
2021-06-17T10:29:44,100.0,92.7,B
2021-06-17T10:29:31,1000.0,93.0,B
2021-06-17T10:29:20,200.0,92.9,B
2021-06-17T10:29:20,500.0,92.9,B
2021-06-17T10:29:20,300.0,92.8,B
2021-06-17T10:29:19,100.0,92.6,B
2021-06-17T10:29:05,1500.0,92.6,B
2021-06-17T10:29:05,500.0,92.6,B
2021-06-17T10:28:52,600.0,92.5,B
2021-06-17T10:28:52,1300.0,92.5,B
2021-06-17T10:28:36,900.0,92.5,B
2021-06-17T10:28:36,100.0,92.5,B
2021-06-17T10:28:36,700.0,92.5,B
2021-06-17T10:28:35,1200.0,92.5,B
2021-06-17T10:28:35,2200.0,92.5,B
2021-06-17T10:28:35,100.0,92.5,B
2021-06-17T10:28:35,200.0,92.5,B
2021-06-17T10:28:35,2100.0,92.5,B
2021-06-17T10:28:35,2500.0,92.5,B
2021-06-17T10:27:53,1000.0,92.4,B
2021-06-17T10:27:21,500.0,92.1,S
2021-06-17T10:27:16,1000.0,92.2,B
2021-06-17T10:27:06,200.0,92.1,B
2021-06-17T10:27:06,200.0,92.1,B
2021-06-17T10:27:04,3000.0,92.0,S
2021-06-17T10:27:03,200.0,92.0,S
2021-06-17T10:26:54,200.0,92.0,S
2021-06-17T10:26:53,200.0,92.0,S
2021-06-17T10:26:50,1200.0,92.0,B
2021-06-17T10:26:50,2500.0,92.0,B
2021-06-17T10:26:37,600.0,92.0,B
2021-06-17T10:26:37,200.0,92.0,B
2021-06-17T10:26:37,300.0,92.0,B
2021-06-17T10:26:32,1700.0,92.0,B
2021-06-17T10:26:32,300.0,92.0,B
2021-06-17T10:26:19,200.0,92.0,B
2021-06-17T10:25:54,1100.0,92.0,B
2021-06-17T10:25:37,300.0,91.8,S
2021-06-17T10:25:18,1000.0,92.0,B
2021-06-17T10:25:17,100.0,92.0,B
2021-06-17T10:25:07,300.0,91.9,S
2021-06-17T10:25:07,700.0,91.9,S
2021-06-17T10:24:33,400.0,91.9,B
2021-06-17T10:24:13,400.0,91.9,B
2021-06-17T10:24:04,2000.0,91.8,S
2021-06-17T10:23:56,1100.0,91.9,B
2021-06-17T10:23:12,1100.0,91.9,B
2021-06-17T10:22:35,1100.0,91.9,B
2021-06-17T10:21:55,100.0,91.8,S
2021-06-17T10:21:54,800.0,91.9,B
2021-06-17T10:21:54,100.0,91.9,B
2021-06-17T10:21:54,100.0,91.9,B
2021-06-17T10:21:53,100.0,91.9,B
2021-06-17T10:21:12,400.0,91.8,B
2021-06-17T10:20:32,100.0,91.8,B
2021-06-17T10:20:32,1000.0,91.8,B
2021-06-17T10:20:24,1000.0,91.8,B
2021-06-17T10:19:50,1100.0,91.8,B
2021-06-17T10:19:10,1100.0,91.8,B
2021-06-17T10:18:29,200.0,91.8,B
2021-06-17T10:18:29,900.0,91.8,B
2021-06-17T10:18:15,400.0,91.8,B
2021-06-17T10:17:50,1100.0,91.8,B
2021-06-17T10:17:05,700.0,91.8,B
2021-06-17T10:17:05,400.0,91.8,B
2021-06-17T10:16:51,400.0,91.7,B
2021-06-17T10:16:26,1100.0,91.7,B
2021-06-17T10:15:57,100.0,91.7,S
2021-06-17T10:15:45,1000.0,91.7,B
2021-06-17T10:15:07,700.0,91.7,B
2021-06-17T10:15:07,400.0,91.7,B
2021-06-17T10:14:46,100.0,91.6,S
2021-06-17T10:14:27,1100.0,91.7,B
2021-06-17T10:14:16,700.0,91.7,B
2021-06-17T10:14:04,1000.0,91.6,S
2021-06-17T10:13:46,1100.0,91.7,B
2021-06-17T10:13:05,100.0,91.6,B
2021-06-17T10:12:44,900.0,91.6,S
2021-06-17T10:12:31,800.0,91.6,B
2021-06-17T10:12:24,1000.0,91.5,B
2021-06-17T10:11:56,2000.0,91.6,B
2021-06-17T10:11:40,1000.0,91.6,B
2021-06-17T10:11:39,1000.0,91.4,S
2021-06-17T10:11:30,100.0,91.6,B
2021-06-17T10:11:10,1500.0,91.5,B
2021-06-17T10:10:24,900.0,91.4,B
2021-06-17T10:10:16,600.0,91.4,B
2021-06-17T10:09:42,100.0,91.4,S
2021-06-17T10:09:41,300.0,91.4,S
2021-06-17T10:09:26,1600.0,91.4,B
2021-06-17T10:09:13,600.0,91.4,B
2021-06-17T10:08:40,1600.0,91.4,B
2021-06-17T10:08:32,100.0,91.4,S
2021-06-17T10:08:32,300.0,91.4,S
2021-06-17T10:08:32,3000.0,91.4,S
2021-06-17T10:08:32,4100.0,91.4,S
2021-06-17T10:08:32,300.0,91.5,S
2021-06-17T10:08:24,1300.0,91.5,B
2021-06-17T10:06:40,2000.0,91.4,S
2021-06-17T10:06:38,1600.0,91.5,B
2021-06-17T10:05:30,1300.0,91.5,B
2021-06-17T10:05:19,100.0,91.5,B
2021-06-17T10:05:17,1600.0,91.5,B
2021-06-17T10:05:09,1000.0,91.5,B
2021-06-17T10:04:38,2000.0,91.5,B
2021-06-17T10:04:17,1600.0,91.5,B
2021-06-17T10:04:15,20000.0,91.5,B
2021-06-17T10:03:32,1000.0,91.5,B
2021-06-17T10:03:20,1600.0,91.5,B
2021-06-17T10:02:20,100.0,91.4,S
2021-06-17T10:02:19,1600.0,91.4,S
2021-06-17T10:01:50,2000.0,91.5,B
2021-06-17T10:01:31,2500.0,91.5,B
2021-06-17T10:01:24,100.0,91.5,B
2021-06-17T10:01:19,1600.0,91.5,B
2021-06-17T10:00:27,200.0,91.5,B
2021-06-17T10:00:20,1600.0,91.5,B
2021-06-17T09:59:28,900.0,91.5,B
2021-06-17T09:59:25,1600.0,91.5,B
2021-06-17T09:59:25,500.0,91.5,B
2021-06-17T09:59:12,700.0,91.5,B
2021-06-17T09:58:39,200.0,91.3,S
2021-06-17T09:58:30,500.0,91.5,B
2021-06-17T09:58:21,900.0,91.3,B
2021-06-17T09:57:39,200.0,91.3,B
2021-06-17T09:57:38,500.0,91.2,B
2021-06-17T09:57:22,100.0,91.2,B
2021-06-17T09:57:22,1500.0,91.2,B
2021-06-17T09:56:22,1600.0,91.2,B
2021-06-17T09:56:00,300.0,91.2,B
2021-06-17T09:55:25,1600.0,91.2,B
2021-06-17T09:54:42,100.0,91.0,S
2021-06-17T09:54:08,500.0,91.0,B
2021-06-17T09:53:52,1800.0,91.0,B
2021-06-17T09:53:45,100.0,91.0,B
2021-06-17T09:53:43,3000.0,91.0,B
2021-06-17T09:53:40,3000.0,91.0,B
2021-06-17T09:53:33,500.0,91.0,B
2021-06-17T09:53:26,1600.0,91.0,B
2021-06-17T09:52:53,500.0,91.0,B
2021-06-17T09:52:35,2000.0,91.0,B
2021-06-17T09:52:28,1600.0,91.0,B
2021-06-17T09:52:10,300.0,91.0,B
2021-06-17T09:52:05,200.0,90.9,S
2021-06-17T09:52:05,1000.0,90.9,S
2021-06-17T09:52:05,800.0,90.9,S
2021-06-17T09:52:05,200.0,91.0,B
2021-06-17T09:51:48,300.0,91.0,B
2021-06-17T09:51:41,300.0,91.0,B
2021-06-17T09:51:38,300.0,91.0,B
2021-06-17T09:51:30,1600.0,91.0,B
2021-06-17T09:51:15,200.0,91.0,B
2021-06-17T09:51:01,800.0,90.9,S
2021-06-17T09:50:59,300.0,90.9,S
2021-06-17T09:50:55,200.0,91.0,B
2021-06-17T09:50:49,500.0,91.0,B
2021-06-17T09:50:29,800.0,90.9,B
2021-06-17T09:50:28,700.0,90.9,B
2021-06-17T09:49:53,1500.0,90.8,S
2021-06-17T09:49:34,1000.0,90.9,S
2021-06-17T09:49:29,1600.0,91.0,B
2021-06-17T09:49:28,100.0,91.0,B
2021-06-17T09:49:11,100.0,91.0,B
2021-06-17T09:49:05,200.0,91.0,B
2021-06-17T09:48:32,1600.0,91.0,B
2021-06-17T09:48:12,1000.0,91.0,B
2021-06-17T09:48:07,1000.0,91.0,B
2021-06-17T09:48:04,100.0,91.0,B
2021-06-17T09:48:02,1000.0,91.0,B
2021-06-17T09:47:43,900.0,91.0,B
2021-06-17T09:47:37,700.0,91.0,B
2021-06-17T09:47:30,1600.0,91.0,B
2021-06-17T09:47:26,200.0,91.0,B
2021-06-17T09:47:23,200.0,91.0,B
2021-06-17T09:47:19,1200.0,91.0,B
2021-06-17T09:47:00,200.0,90.8,S
2021-06-17T09:46:58,1000.0,90.8,S
2021-06-17T09:46:57,800.0,90.8,S
2021-06-17T09:46:57,300.0,90.8,S
2021-06-17T09:46:57,1000.0,90.8,S
2021-06-17T09:46:57,900.0,90.8,S
2021-06-17T09:46:57,300.0,90.8,S
2021-06-17T09:46:56,1300.0,90.8,S
2021-06-17T09:46:56,400.0,90.8,S
2021-06-17T09:46:56,2100.0,90.8,S
2021-06-17T09:46:56,300.0,90.8,S
2021-06-17T09:46:56,400.0,90.8,S
2021-06-17T09:46:56,900.0,90.8,S
2021-06-17T09:46:56,1700.0,90.8,S
2021-06-17T09:46:56,800.0,90.8,S
2021-06-17T09:46:56,1000.0,90.8,S
2021-06-17T09:46:56,2000.0,90.8,S
2021-06-17T09:46:56,300.0,90.8,S
2021-06-17T09:46:56,3800.0,90.8,S
2021-06-17T09:46:42,100.0,91.0,B
2021-06-17T09:46:21,100.0,91.0,B
2021-06-17T09:46:20,1200.0,91.0,B
2021-06-17T09:46:17,900.0,91.0,B
2021-06-17T09:46:09,500.0,91.0,B
2021-06-17T09:46:08,500.0,91.0,B
2021-06-17T09:45:44,1000.0,91.0,B
2021-06-17T09:45:44,1000.0,91.0,B
2021-06-17T09:45:23,1200.0,91.0,B
2021-06-17T09:45:04,200.0,91.0,S
2021-06-17T09:45:02,200.0,91.0,S
2021-06-17T09:44:52,500.0,91.0,S
2021-06-17T09:44:48,500.0,91.0,S
2021-06-17T09:44:29,1200.0,91.0,S
2021-06-17T09:44:26,1000.0,91.0,S
2021-06-17T09:44:20,100.0,91.0,S
2021-06-17T09:44:15,900.0,91.0,S
2021-06-17T09:43:54,1300.0,91.0,S
2021-06-17T09:43:47,200.0,91.0,S
2021-06-17T09:43:42,800.0,91.0,S
2021-06-17T09:43:42,11800.0,91.0,S
2021-06-17T09:43:29,200.0,91.2,B
2021-06-17T09:43:26,300.0,91.2,B
2021-06-17T09:43:18,1100.0,91.2,B
2021-06-17T09:42:49,100.0,91.0,S
2021-06-17T09:42:49,1300.0,91.2,S
2021-06-17T09:42:37,1300.0,91.2,S
2021-06-17T09:42:12,1000.0,91.2,S
2021-06-17T09:41:51,1300.0,91.4,S
2021-06-17T09:41:38,200.0,91.0,S
2021-06-17T09:41:32,100.0,91.3,S
2021-06-17T09:41:29,700.0,91.0,S
2021-06-17T09:41:29,1100.0,91.0,S
2021-06-17T09:41:29,8100.0,91.0,S
2021-06-17T09:41:29,4100.0,91.2,S
2021-06-17T09:41:23,200.0,91.2,S
2021-06-17T09:41:00,3000.0,91.3,S
2021-06-17T09:40:56,100.0,91.3,S
2021-06-17T09:40:53,1300.0,91.3,S
2021-06-17T09:40:02,500.0,91.3,S
2021-06-17T09:40:01,1000.0,91.3,S
2021-06-17T09:39:52,1300.0,91.3,S
2021-06-17T09:39:48,1300.0,91.3,S
2021-06-17T09:39:45,200.0,91.2,S
2021-06-17T09:39:44,700.0,91.3,S
2021-06-17T09:39:13,1000.0,91.3,S
2021-06-17T09:39:07,100.0,91.3,S
2021-06-17T09:39:07,800.0,91.3,S
2021-06-17T09:39:07,2200.0,91.3,S
2021-06-17T09:38:58,1000.0,91.5,B
2021-06-17T09:38:56,300.0,91.5,B
2021-06-17T09:38:48,200.0,91.4,S
2021-06-17T09:38:47,300.0,91.3,S
2021-06-17T09:38:47,100.0,91.3,S
2021-06-17T09:38:40,100.0,91.4,S
2021-06-17T09:38:24,1500.0,91.3,S
2021-06-17T09:38:13,1200.0,91.4,S
2021-06-17T09:38:02,100.0,91.4,S
2021-06-17T09:37:44,100.0,91.5,B
2021-06-17T09:37:43,1200.0,91.5,B
2021-06-17T09:37:41,1000.0,91.4,S
2021-06-17T09:37:38,100.0,91.4,S
2021-06-17T09:37:30,3800.0,91.5,B
2021-06-17T09:37:17,500.0,91.5,B
2021-06-17T09:37:02,400.0,91.5,B
2021-06-17T09:37:01,3700.0,91.4,S
2021-06-17T09:37:01,100.0,91.4,S
2021-06-17T09:37:01,400.0,91.4,S
2021-06-17T09:37:00,800.0,91.4,S
2021-06-17T09:36:57,100.0,91.4,S
2021-06-17T09:36:54,1200.0,91.5,B
2021-06-17T09:36:53,100.0,91.4,S
2021-06-17T09:36:38,300.0,91.5,B
2021-06-17T09:36:22,1300.0,91.4,S
2021-06-17T09:36:22,1200.0,91.4,S
2021-06-17T09:36:09,1000.0,91.5,B
2021-06-17T09:35:54,1000.0,91.5,B
2021-06-17T09:35:52,100.0,91.5,B
2021-06-17T09:35:27,100.0,91.5,B
2021-06-17T09:35:19,100.0,91.5,B
2021-06-17T09:35:18,600.0,91.5,B
2021-06-17T09:34:39,100.0,91.4,B
2021-06-17T09:34:17,600.0,91.5,B
2021-06-17T09:34:10,100.0,91.4,B
2021-06-17T09:33:53,200.0,91.5,B
2021-06-17T09:33:44,100.0,91.5,B
2021-06-17T09:33:39,200.0,91.5,B
2021-06-17T09:33:20,800.0,91.5,B
2021-06-17T09:32:32,100.0,91.4,B
2021-06-17T09:31:52,100.0,91.3,B
2021-06-17T09:31:36,100.0,91.2,B
2021-06-17T09:31:21,100.0,91.2,B
2021-06-17T09:30:47,2000.0,91.2,B
2021-06-17T09:30:16,2000.0,91.0,B
2021-06-17T09:29:41,100.0,91.0,B
2021-06-17T09:29:40,500.0,91.0,B
2021-06-17T09:29:36,800.0,91.0,B
2021-06-17T09:29:35,3600.0,91.0,B
2021-06-17T09:29:35,400.0,91.0,B
2021-06-17T09:29:34,2000.0,91.0,B
2021-06-17T09:29:25,1100.0,91.0,B
2021-06-17T09:29:23,100.0,91.0,B
2021-06-17T09:29:17,1000.0,91.0,B
2021-06-17T09:29:03,100.0,91.0,B
2021-06-17T09:28:59,200.0,91.0,B
2021-06-17T09:28:56,9700.0,91.0,B
2021-06-17T09:28:53,100.0,90.9,S
2021-06-17T09:28:50,1000.0,91.0,B
2021-06-17T09:28:50,1300.0,91.0,B
2021-06-17T09:28:50,500.0,91.0,B
2021-06-17T09:28:49,200.0,91.0,B
2021-06-17T09:28:40,1000.0,91.0,B
2021-06-17T09:28:38,2500.0,91.0,B
2021-06-17T09:28:36,2000.0,91.0,B
2021-06-17T09:28:33,100.0,90.9,S
2021-06-17T09:28:31,400.0,91.0,B
2021-06-17T09:28:30,2000.0,91.0,B
2021-06-17T09:28:28,200.0,91.0,B
2021-06-17T09:27:57,1000.0,91.0,B
2021-06-17T09:27:56,200.0,91.0,B
2021-06-17T09:27:46,100.0,90.9,S
2021-06-17T09:27:23,100.0,90.9,B
2021-06-17T09:27:23,300.0,90.8,B
2021-06-17T09:27:09,500.0,90.8,B
2021-06-17T09:27:00,100.0,90.8,B
2021-06-17T09:26:53,200.0,90.8,B
2021-06-17T09:26:31,100.0,90.8,B
2021-06-17T09:26:19,200.0,90.8,B
2021-06-17T09:26:10,500.0,90.8,B
2021-06-17T09:25:50,200.0,90.8,B
2021-06-17T09:25:46,500.0,90.8,B
2021-06-17T09:25:22,100.0,90.8,B
2021-06-17T09:25:22,200.0,90.8,B
2021-06-17T09:25:10,500.0,90.8,B
2021-06-17T09:24:51,1600.0,90.9,B
2021-06-17T09:24:39,100.0,90.9,B
2021-06-17T09:24:34,300.0,90.9,B
2021-06-17T09:24:26,300.0,90.9,B
2021-06-17T09:24:26,2700.0,90.9,B
2021-06-17T09:24:26,200.0,90.9,B
2021-06-17T09:24:25,700.0,90.9,B
2021-06-17T09:23:58,2000.0,90.9,B
2021-06-17T09:23:38,2000.0,90.9,B
2021-06-17T09:23:13,100.0,90.7,S
2021-06-17T09:22:58,500.0,90.5,S
2021-06-17T09:21:37,100.0,90.5,S
2021-06-17T09:21:37,300.0,90.5,S
2021-06-17T09:21:37,600.0,90.6,S
2021-06-17T09:21:18,500.0,90.9,S
2021-06-17T09:21:05,200.0,90.9,S
2021-06-17T09:20:56,100.0,90.9,S
2021-06-17T09:20:51,100.0,90.9,S
2021-06-17T09:20:47,100.0,90.6,S
2021-06-17T09:20:46,8500.0,90.6,S
2021-06-17T09:20:45,10000.0,90.9,S
2021-06-17T09:20:34,500.0,90.9,S
2021-06-17T09:20:30,200.0,90.9,S
2021-06-17T09:20:28,1200.0,90.9,S
2021-06-17T09:20:18,500.0,90.8,S
2021-06-17T09:20:10,1100.0,90.8,S
2021-06-17T09:20:06,1000.0,90.9,S
2021-06-17T09:19:22,100.0,90.9,S
2021-06-17T09:19:11,100.0,90.9,S
2021-06-17T09:19:06,1600.0,90.9,S
2021-06-17T09:19:06,8100.0,90.9,S
2021-06-17T09:18:52,100.0,91.0,B
2021-06-17T09:18:37,1000.0,91.0,B
2021-06-17T09:18:04,500.0,91.0,B
2021-06-17T09:17:45,400.0,91.0,B
2021-06-17T09:17:40,600.0,91.0,B
2021-06-17T09:17:26,100.0,90.9,S
2021-06-17T09:17:18,1000.0,91.0,B
2021-06-17T09:17:17,500.0,90.9,S
2021-06-17T09:17:17,2000.0,90.9,S
2021-06-17T09:17:02,5000.0,90.9,S
2021-06-17T09:16:38,1000.0,90.9,B
2021-06-17T09:16:32,200.0,90.9,B
2021-06-17T09:15:55,700.0,90.9,S
