tradingTime,volume,price,side
2021-06-17T14:29:51,1000.0,22.6,B
2021-06-17T14:29:51,1800.0,22.6,B
2021-06-17T14:29:47,1000.0,22.6,B
2021-06-17T14:29:40,100.0,22.6,B
2021-06-17T14:29:32,100.0,22.6,B
2021-06-17T14:29:31,2000.0,22.6,B
2021-06-17T14:29:11,3000.0,22.6,B
2021-06-17T14:29:00,3000.0,22.6,B
2021-06-17T14:28:39,18800.0,22.6,B
2021-06-17T14:28:19,20000.0,22.6,B
2021-06-17T14:27:25,300.0,22.6,B
2021-06-17T14:27:12,200.0,22.6,B
2021-06-17T14:25:57,2000.0,22.55,S
2021-06-17T14:25:50,20000.0,22.6,B
2021-06-17T14:25:07,1000.0,22.55,S
2021-06-17T14:24:44,8800.0,22.6,B
2021-06-17T14:24:14,500.0,22.6,B
2021-06-17T14:23:39,400.0,22.55,B
2021-06-17T14:23:37,500.0,22.55,B
2021-06-17T14:23:16,500.0,22.55,B
2021-06-17T14:23:07,400.0,22.5,S
2021-06-17T14:23:00,100.0,22.55,B
2021-06-17T14:22:46,200.0,22.55,B
2021-06-17T14:22:38,100.0,22.55,B
2021-06-17T14:22:36,800.0,22.5,S
2021-06-17T14:22:35,1000.0,22.55,B
2021-06-17T14:22:28,500.0,22.55,B
2021-06-17T14:22:21,3000.0,22.55,B
2021-06-17T14:22:09,600.0,22.5,S
2021-06-17T14:21:38,2900.0,22.5,S
2021-06-17T14:21:37,100.0,22.55,B
2021-06-17T14:21:19,3000.0,22.55,S
2021-06-17T14:21:16,3300.0,22.5,S
2021-06-17T14:21:15,8400.0,22.5,S
2021-06-17T14:20:59,400.0,22.5,S
2021-06-17T14:20:58,300.0,22.5,S
2021-06-17T14:20:58,6100.0,22.5,S
2021-06-17T14:20:58,2500.0,22.5,S
2021-06-17T14:20:57,700.0,22.5,S
2021-06-17T14:20:57,100.0,22.5,S
2021-06-17T14:20:57,600.0,22.5,S
2021-06-17T14:20:57,500.0,22.5,S
2021-06-17T14:20:57,300.0,22.5,S
2021-06-17T14:20:57,500.0,22.5,S
2021-06-17T14:20:57,18000.0,22.5,S
2021-06-17T14:20:55,100.0,22.55,S
2021-06-17T14:20:39,3200.0,22.5,S
2021-06-17T14:20:39,1100.0,22.5,S
2021-06-17T14:20:39,1500.0,22.5,S
2021-06-17T14:20:38,2700.0,22.5,S
2021-06-17T14:20:34,800.0,22.5,S
2021-06-17T14:20:34,5200.0,22.5,S
2021-06-17T14:20:34,4200.0,22.5,S
2021-06-17T14:20:34,9800.0,22.5,S
2021-06-17T14:20:26,500.0,22.55,S
2021-06-17T14:20:26,1000.0,22.55,S
2021-06-17T14:20:22,20000.0,22.55,S
2021-06-17T14:20:20,20000.0,22.6,B
2021-06-17T14:20:10,800.0,22.55,S
2021-06-17T14:20:10,600.0,22.55,S
2021-06-17T14:20:01,1000.0,22.55,S
2021-06-17T14:20:01,200.0,22.55,S
2021-06-17T14:19:40,300.0,22.55,S
2021-06-17T14:19:40,1000.0,22.55,S
2021-06-17T14:19:40,1100.0,22.55,S
2021-06-17T14:19:40,3800.0,22.55,S
2021-06-17T14:19:31,1200.0,22.55,S
2021-06-17T14:19:31,200.0,22.55,S
2021-06-17T14:19:31,300.0,22.55,S
2021-06-17T14:19:31,1000.0,22.55,S
2021-06-17T14:19:29,7300.0,22.55,S
2021-06-17T14:19:24,10000.0,22.55,S
2021-06-17T14:19:10,600.0,22.55,S
2021-06-17T14:19:10,9400.0,22.55,S
2021-06-17T14:19:08,1000.0,22.55,S
2021-06-17T14:18:38,2500.0,22.55,S
2021-06-17T14:18:20,1700.0,22.6,B
2021-06-17T14:18:08,1000.0,22.55,S
2021-06-17T14:18:03,10000.0,22.55,S
2021-06-17T14:17:54,200.0,22.6,B
2021-06-17T14:17:45,1600.0,22.6,B
2021-06-17T14:17:36,3300.0,22.55,S
2021-06-17T14:17:28,10000.0,22.6,B
2021-06-17T14:17:24,500.0,22.6,B
2021-06-17T14:17:09,3200.0,22.55,S
2021-06-17T14:17:03,3000.0,22.6,B
2021-06-17T14:16:53,5000.0,22.6,B
2021-06-17T14:16:51,6700.0,22.55,S
2021-06-17T14:16:51,3300.0,22.55,S
2021-06-17T14:16:35,1000.0,22.55,S
2021-06-17T14:16:26,5000.0,22.6,B
2021-06-17T14:16:22,100.0,22.6,B
2021-06-17T14:15:44,100.0,22.6,B
2021-06-17T14:15:38,200.0,22.55,S
2021-06-17T14:15:19,900.0,22.6,B
2021-06-17T14:15:09,400.0,22.55,S
2021-06-17T14:14:37,2000.0,22.6,B
2021-06-17T14:14:28,100.0,22.55,S
2021-06-17T14:14:05,200.0,22.55,S
2021-06-17T14:13:52,100.0,22.6,B
2021-06-17T14:13:35,600.0,22.55,S
2021-06-17T14:13:33,400.0,22.6,B
2021-06-17T14:13:15,1600.0,22.6,B
2021-06-17T14:13:11,700.0,22.6,B
2021-06-17T14:13:07,800.0,22.55,S
2021-06-17T14:12:49,2000.0,22.6,B
2021-06-17T14:12:48,1900.0,22.55,S
2021-06-17T14:12:39,100.0,22.55,S
2021-06-17T14:12:09,700.0,22.55,S
2021-06-17T14:11:39,1600.0,22.55,S
2021-06-17T14:11:39,2000.0,22.6,B
2021-06-17T14:11:27,100.0,22.6,S
2021-06-17T14:11:26,1000.0,22.6,S
2021-06-17T14:11:26,3000.0,22.6,S
2021-06-17T14:11:11,500.0,22.6,B
2021-06-17T14:11:11,2700.0,22.6,B
2021-06-17T14:11:11,700.0,22.6,B
2021-06-17T14:11:07,100.0,22.55,S
2021-06-17T14:10:54,100.0,22.6,B
2021-06-17T14:10:38,800.0,22.55,S
2021-06-17T14:10:28,3000.0,22.6,B
2021-06-17T14:10:21,900.0,22.6,B
2021-06-17T14:10:08,300.0,22.55,S
2021-06-17T14:09:52,1500.0,22.6,B
2021-06-17T14:09:39,200.0,22.55,S
2021-06-17T14:09:11,800.0,22.6,B
2021-06-17T14:09:07,600.0,22.55,S
2021-06-17T14:08:51,3000.0,22.6,B
2021-06-17T14:08:42,100.0,22.6,B
2021-06-17T14:08:40,100.0,22.55,S
2021-06-17T14:08:07,600.0,22.55,S
2021-06-17T14:07:38,3300.0,22.55,S
2021-06-17T14:07:31,5000.0,22.6,S
2021-06-17T14:07:30,9000.0,22.6,S
2021-06-17T14:07:07,2600.0,22.6,S
2021-06-17T14:06:50,3000.0,22.6,S
2021-06-17T14:06:50,7000.0,22.6,S
2021-06-17T14:06:36,3400.0,22.6,S
2021-06-17T14:06:31,900.0,22.6,S
2021-06-17T14:06:30,1700.0,22.6,S
2021-06-17T14:06:30,100.0,22.6,S
2021-06-17T14:06:30,3200.0,22.6,S
2021-06-17T14:06:21,300.0,22.6,S
2021-06-17T14:06:16,200.0,22.6,S
2021-06-17T14:06:13,100.0,22.6,S
2021-06-17T14:06:10,300.0,22.6,S
2021-06-17T14:06:07,100.0,22.6,S
2021-06-17T14:06:05,200.0,22.6,S
2021-06-17T14:06:04,10000.0,22.6,S
2021-06-17T14:05:53,100.0,22.6,S
2021-06-17T14:05:51,400.0,22.6,S
2021-06-17T14:05:46,300.0,22.6,S
2021-06-17T14:05:10,200.0,22.6,S
2021-06-17T14:05:01,1000.0,22.6,S
2021-06-17T14:04:36,200.0,22.6,S
2021-06-17T14:04:19,100.0,22.65,B
2021-06-17T14:04:09,1000.0,22.6,S
2021-06-17T14:04:08,100.0,22.6,S
2021-06-17T14:03:39,400.0,22.6,S
2021-06-17T14:03:35,5000.0,22.6,S
2021-06-17T14:03:14,600.0,22.6,S
2021-06-17T14:03:07,1400.0,22.6,S
2021-06-17T14:02:55,200.0,22.6,S
2021-06-17T14:02:54,500.0,22.6,S
2021-06-17T14:02:40,100.0,22.6,B
2021-06-17T14:02:39,100.0,22.6,B
2021-06-17T14:02:39,6400.0,22.55,S
2021-06-17T14:02:31,20000.0,22.6,B
2021-06-17T14:02:26,7100.0,22.6,B
2021-06-17T14:02:18,100.0,22.6,B
2021-06-17T14:02:08,2000.0,22.55,S
2021-06-17T14:02:02,3000.0,22.6,B
2021-06-17T14:01:53,1700.0,22.6,B
2021-06-17T14:01:39,700.0,22.55,S
2021-06-17T14:01:38,5000.0,22.6,B
2021-06-17T14:01:36,3000.0,22.6,B
2021-06-17T14:01:14,200.0,22.6,B
2021-06-17T14:01:11,3400.0,22.55,S
2021-06-17T14:00:51,1000.0,22.6,B
2021-06-17T14:00:51,5400.0,22.6,B
2021-06-17T14:00:50,10000.0,22.6,B
2021-06-17T14:00:50,800.0,22.6,B
2021-06-17T14:00:07,200.0,22.55,S
2021-06-17T14:00:04,200.0,22.6,B
2021-06-17T13:59:45,1000.0,22.55,S
2021-06-17T13:58:34,200.0,22.55,S
2021-06-17T13:58:07,1100.0,22.55,S
2021-06-17T13:57:59,1800.0,22.6,B
2021-06-17T13:57:39,500.0,22.6,B
2021-06-17T13:57:36,3500.0,22.55,S
2021-06-17T13:57:05,100.0,22.55,S
2021-06-17T13:56:55,500.0,22.55,S
2021-06-17T13:56:36,100.0,22.55,S
2021-06-17T13:56:05,900.0,22.55,S
2021-06-17T13:55:51,100.0,22.6,B
2021-06-17T13:55:35,400.0,22.55,S
2021-06-17T13:55:34,4000.0,22.6,B
2021-06-17T13:55:13,1000.0,22.6,B
2021-06-17T13:55:06,600.0,22.55,S
2021-06-17T13:55:06,500.0,22.6,B
2021-06-17T13:54:53,1000.0,22.6,S
2021-06-17T13:54:53,100.0,22.6,S
2021-06-17T13:54:46,300.0,22.6,B
2021-06-17T13:54:46,1900.0,22.55,S
2021-06-17T13:53:37,300.0,22.6,S
2021-06-17T13:53:08,1700.0,22.6,S
2021-06-17T13:53:02,100.0,22.6,S
2021-06-17T13:53:00,7800.0,22.6,B
2021-06-17T13:53:00,100.0,22.55,S
2021-06-17T13:52:47,300.0,22.55,S
2021-06-17T13:52:38,300.0,22.55,S
2021-06-17T13:52:07,900.0,22.55,S
2021-06-17T13:52:07,1000.0,22.6,B
2021-06-17T13:51:53,100.0,22.6,S
2021-06-17T13:51:53,1000.0,22.6,S
2021-06-17T13:51:53,100.0,22.6,S
2021-06-17T13:51:38,2800.0,22.55,S
2021-06-17T13:51:38,200.0,22.6,S
2021-06-17T13:51:38,500.0,22.6,S
2021-06-17T13:51:20,4500.0,22.6,S
2021-06-17T13:51:20,5500.0,22.6,S
2021-06-17T13:51:13,2400.0,22.65,B
2021-06-17T13:51:08,700.0,22.6,S
2021-06-17T13:51:08,3400.0,22.6,S
2021-06-17T13:51:02,1000.0,22.65,B
2021-06-17T13:50:56,10000.0,22.6,S
2021-06-17T13:50:40,700.0,22.6,S
2021-06-17T13:50:39,10000.0,22.6,S
2021-06-17T13:50:18,200.0,22.65,S
2021-06-17T13:50:11,3500.0,22.6,S
2021-06-17T13:49:43,2500.0,22.65,S
2021-06-17T13:49:41,500.0,22.65,S
2021-06-17T13:49:37,2200.0,22.65,S
2021-06-17T13:49:09,1000.0,22.7,B
2021-06-17T13:49:08,200.0,22.65,S
2021-06-17T13:49:03,10000.0,22.65,S
2021-06-17T13:48:36,900.0,22.65,S
2021-06-17T13:48:36,500.0,22.7,B
2021-06-17T13:48:27,4000.0,22.7,B
2021-06-17T13:48:14,500.0,22.7,B
2021-06-17T13:48:06,100.0,22.65,S
2021-06-17T13:47:39,200.0,22.65,S
2021-06-17T13:47:08,1400.0,22.65,S
2021-06-17T13:46:55,5000.0,22.7,B
2021-06-17T13:46:52,1600.0,22.65,B
2021-06-17T13:46:50,400.0,22.65,B
2021-06-17T13:46:33,400.0,22.65,B
2021-06-17T13:46:08,200.0,22.6,S
2021-06-17T13:45:37,1200.0,22.6,S
2021-06-17T13:45:08,3200.0,22.6,S
2021-06-17T13:45:07,3000.0,22.7,B
2021-06-17T13:44:42,1500.0,22.65,S
2021-06-17T13:44:42,8500.0,22.65,S
2021-06-17T13:44:38,1200.0,22.65,S
2021-06-17T13:44:34,5000.0,22.65,S
2021-06-17T13:44:12,1000.0,22.7,B
2021-06-17T13:44:12,4900.0,22.7,B
2021-06-17T13:44:08,100.0,22.65,S
2021-06-17T13:43:38,500.0,22.65,S
2021-06-17T13:43:27,700.0,22.65,S
2021-06-17T13:43:09,1800.0,22.65,S
2021-06-17T13:42:39,1300.0,22.65,B
2021-06-17T13:42:38,1300.0,22.65,B
2021-06-17T13:42:37,6500.0,22.65,B
2021-06-17T13:42:26,5000.0,22.65,B
2021-06-17T13:42:11,500.0,22.65,B
2021-06-17T13:42:08,400.0,22.6,S
2021-06-17T13:42:03,1000.0,22.65,B
2021-06-17T13:41:37,2000.0,22.6,S
2021-06-17T13:41:08,400.0,22.6,S
2021-06-17T13:40:38,2000.0,22.6,S
2021-06-17T13:40:09,2000.0,22.6,S
2021-06-17T13:40:09,3600.0,22.6,S
2021-06-17T13:40:07,4400.0,22.65,B
2021-06-17T13:39:42,11000.0,22.6,B
2021-06-17T13:39:42,7200.0,22.6,B
2021-06-17T13:39:36,100.0,22.55,S
2021-06-17T13:39:23,200.0,22.6,B
2021-06-17T13:39:22,200.0,22.6,B
2021-06-17T13:39:09,400.0,22.55,S
2021-06-17T13:38:45,1200.0,22.6,B
2021-06-17T13:38:37,1000.0,22.55,S
2021-06-17T13:38:20,2000.0,22.6,B
2021-06-17T13:38:08,3100.0,22.55,S
2021-06-17T13:37:47,15500.0,22.55,B
2021-06-17T13:37:37,100.0,22.5,S
2021-06-17T13:37:37,200.0,22.5,S
2021-06-17T13:37:26,500.0,22.55,B
2021-06-17T13:37:07,800.0,22.5,S
2021-06-17T13:36:38,4200.0,22.5,S
2021-06-17T13:36:20,1700.0,22.5,S
2021-06-17T13:36:20,8300.0,22.5,S
2021-06-17T13:36:09,1000.0,22.5,S
2021-06-17T13:36:07,200.0,22.5,S
2021-06-17T13:36:03,5500.0,22.5,S
2021-06-17T13:36:03,800.0,22.5,S
2021-06-17T13:36:03,1100.0,22.5,S
2021-06-17T13:36:03,2600.0,22.5,S
2021-06-17T13:35:52,500.0,22.5,S
2021-06-17T13:35:41,600.0,22.5,S
2021-06-17T13:35:10,3000.0,22.5,S
2021-06-17T13:34:42,600.0,22.5,S
2021-06-17T13:34:42,100.0,22.5,S
2021-06-17T13:34:42,2000.0,22.5,S
2021-06-17T13:34:42,500.0,22.5,S
2021-06-17T13:34:42,6800.0,22.5,S
2021-06-17T13:34:38,3400.0,22.5,S
2021-06-17T13:34:37,1900.0,22.5,S
2021-06-17T13:34:25,5000.0,22.5,S
2021-06-17T13:34:21,18100.0,22.5,S
2021-06-17T13:34:21,1900.0,22.5,S
2021-06-17T13:34:12,700.0,22.5,S
2021-06-17T13:34:08,1000.0,22.55,S
2021-06-17T13:33:38,3500.0,22.5,S
2021-06-17T13:33:25,5000.0,22.6,B
2021-06-17T13:33:23,4000.0,22.55,S
2021-06-17T13:33:23,1000.0,22.55,S
2021-06-17T13:33:23,4300.0,22.55,S
2021-06-17T13:33:06,3300.0,22.55,S
2021-06-17T13:32:41,1900.0,22.6,S
2021-06-17T13:32:37,4900.0,22.6,S
2021-06-17T13:32:36,10000.0,22.6,S
2021-06-17T13:32:30,500.0,22.6,S
2021-06-17T13:32:09,20000.0,22.6,S
2021-06-17T13:32:08,4000.0,22.6,S
2021-06-17T13:31:49,15700.0,22.6,S
2021-06-17T13:31:49,4300.0,22.6,S
2021-06-17T13:31:38,200.0,22.6,S
2021-06-17T13:31:07,1200.0,22.6,S
2021-06-17T13:30:37,4300.0,22.6,S
2021-06-17T13:30:32,2000.0,22.65,B
2021-06-17T13:30:13,4400.0,22.6,S
2021-06-17T13:30:13,400.0,22.6,S
2021-06-17T13:30:13,15200.0,22.6,S
2021-06-17T13:30:08,1100.0,22.6,S
2021-06-17T13:30:02,600.0,22.65,S
2021-06-17T13:30:00,300.0,22.7,B
2021-06-17T13:29:48,200.0,22.65,S
2021-06-17T13:29:37,5200.0,22.65,S
2021-06-17T13:29:17,500.0,22.7,S
2021-06-17T13:29:17,1200.0,22.7,S
2021-06-17T13:29:17,3600.0,22.7,S
2021-06-17T13:29:17,4100.0,22.7,S
2021-06-17T13:29:13,10000.0,22.7,S
2021-06-17T13:29:11,1400.0,22.7,S
2021-06-17T13:29:08,5200.0,22.7,S
2021-06-17T13:28:53,15000.0,22.7,S
2021-06-17T13:28:37,5900.0,22.7,S
2021-06-17T13:28:32,5500.0,22.8,B
2021-06-17T13:28:27,500.0,22.8,B
2021-06-17T13:28:23,200.0,22.8,B
2021-06-17T13:28:06,28400.0,22.8,B
2021-06-17T13:28:06,600.0,22.75,B
2021-06-17T13:27:38,300.0,22.7,S
2021-06-17T13:27:09,1900.0,22.7,S
2021-06-17T13:26:56,9400.0,22.75,S
2021-06-17T13:26:56,200.0,22.8,B
2021-06-17T13:26:10,100.0,22.8,B
2021-06-17T13:25:41,200.0,22.75,S
2021-06-17T13:25:09,1000.0,22.75,S
2021-06-17T13:24:53,300.0,22.8,S
2021-06-17T13:24:49,500.0,22.8,S
2021-06-17T13:24:46,2100.0,22.75,S
2021-06-17T13:24:46,800.0,22.75,S
2021-06-17T13:24:31,200.0,22.8,S
2021-06-17T13:24:31,1300.0,22.8,S
2021-06-17T13:24:27,100.0,22.85,B
2021-06-17T13:24:23,800.0,22.85,B
2021-06-17T13:24:23,100.0,22.85,B
2021-06-17T13:24:22,1100.0,22.85,B
2021-06-17T13:24:19,200.0,22.8,S
2021-06-17T13:24:15,400.0,22.8,S
2021-06-17T13:24:14,3000.0,22.8,S
2021-06-17T13:24:14,5500.0,22.8,S
2021-06-17T13:24:14,1100.0,22.8,S
2021-06-17T13:24:14,400.0,22.8,S
2021-06-17T13:24:03,2000.0,22.85,B
2021-06-17T13:23:53,500.0,22.85,B
2021-06-17T13:23:43,600.0,22.8,S
2021-06-17T13:23:13,2900.0,22.8,S
2021-06-17T13:23:10,100.0,22.85,S
2021-06-17T13:22:57,3000.0,22.85,S
2021-06-17T13:22:53,3300.0,22.85,S
2021-06-17T13:22:50,3000.0,22.85,S
2021-06-17T13:22:45,200.0,22.85,S
2021-06-17T13:22:43,100.0,22.85,S
2021-06-17T13:22:32,800.0,22.85,S
2021-06-17T13:22:32,1000.0,22.85,S
2021-06-17T13:22:32,3200.0,22.85,S
2021-06-17T13:22:30,500.0,22.85,S
2021-06-17T13:22:18,300.0,22.85,S
2021-06-17T13:21:51,100.0,22.85,S
2021-06-17T13:21:20,200.0,22.85,S
2021-06-17T13:21:15,3100.0,22.85,S
2021-06-17T13:21:02,200.0,22.85,S
2021-06-17T13:21:00,200.0,22.9,B
2021-06-17T13:21:00,5000.0,22.9,B
2021-06-17T13:20:47,4300.0,22.85,S
2021-06-17T13:20:47,1900.0,22.85,S
2021-06-17T13:20:47,3800.0,22.9,B
2021-06-17T13:20:45,700.0,22.85,S
2021-06-17T13:20:09,3500.0,22.85,S
2021-06-17T13:19:46,10000.0,22.9,B
2021-06-17T13:19:46,5000.0,22.85,S
2021-06-17T13:19:39,2700.0,22.85,S
2021-06-17T13:19:24,300.0,22.85,S
2021-06-17T13:19:08,1000.0,22.85,S
2021-06-17T13:19:08,400.0,22.85,S
2021-06-17T13:19:08,6100.0,22.85,S
2021-06-17T13:19:04,500.0,22.8,S
2021-06-17T13:19:04,500.0,22.85,S
2021-06-17T13:19:02,5000.0,22.85,S
2021-06-17T13:18:51,1000.0,22.85,S
2021-06-17T13:18:42,2400.0,22.85,S
2021-06-17T13:18:38,1600.0,22.85,S
2021-06-17T13:18:15,1000.0,22.9,B
2021-06-17T13:18:08,4900.0,22.8,S
2021-06-17T13:18:08,300.0,22.9,B
2021-06-17T13:18:06,2000.0,22.9,B
2021-06-17T13:17:54,1000.0,22.9,B
2021-06-17T13:17:47,8000.0,22.9,B
2021-06-17T13:17:41,3200.0,22.85,S
2021-06-17T13:17:41,10000.0,22.9,B
2021-06-17T13:17:40,2600.0,22.9,B
2021-06-17T13:17:28,3800.0,22.9,S
2021-06-17T13:17:23,200.0,22.9,S
2021-06-17T13:17:20,10000.0,22.9,S
2021-06-17T13:17:20,1700.0,22.85,S
2021-06-17T13:17:15,300.0,22.9,S
2021-06-17T13:16:57,2700.0,22.9,S
2021-06-17T13:16:44,5700.0,22.85,S
2021-06-17T13:16:35,100.0,22.9,S
2021-06-17T13:16:26,700.0,22.9,S
2021-06-17T13:16:25,8900.0,22.9,S
2021-06-17T13:16:25,1100.0,22.9,S
2021-06-17T13:16:18,200.0,22.9,S
2021-06-17T13:16:16,1000.0,22.9,S
2021-06-17T13:16:14,2700.0,22.9,S
2021-06-17T13:16:14,2000.0,22.9,S
2021-06-17T13:16:12,10000.0,22.9,S
2021-06-17T13:16:09,900.0,22.9,S
2021-06-17T13:16:07,1000.0,22.9,S
2021-06-17T13:16:00,2000.0,22.9,S
2021-06-17T13:15:39,2600.0,22.9,S
2021-06-17T13:15:25,3000.0,22.95,B
2021-06-17T13:15:23,2500.0,22.95,B
2021-06-17T13:15:23,5000.0,22.95,B
2021-06-17T13:15:08,2700.0,22.9,B
2021-06-17T13:14:44,5000.0,22.85,S
2021-06-17T13:14:40,3100.0,22.85,S
2021-06-17T13:14:35,500.0,22.95,B
2021-06-17T13:14:33,5000.0,22.9,B
2021-06-17T13:14:22,100.0,22.9,B
2021-06-17T13:14:21,2000.0,22.9,B
2021-06-17T13:14:19,1300.0,22.9,B
2021-06-17T13:14:19,100.0,22.9,B
2021-06-17T13:14:12,5000.0,22.9,B
2021-06-17T13:14:07,5200.0,22.85,B
2021-06-17T13:14:07,200.0,22.85,B
2021-06-17T13:14:04,2000.0,22.9,B
2021-06-17T13:13:59,1500.0,22.9,B
2021-06-17T13:13:52,5000.0,22.85,B
2021-06-17T13:13:52,2500.0,22.9,B
2021-06-17T13:13:45,11000.0,22.9,B
2021-06-17T13:13:42,700.0,22.85,B
2021-06-17T13:13:39,5500.0,22.9,B
2021-06-17T13:13:23,2000.0,22.9,B
2021-06-17T13:13:17,1700.0,22.8,S
2021-06-17T13:12:59,500.0,22.85,B
2021-06-17T13:12:56,600.0,22.85,B
2021-06-17T13:12:49,1400.0,22.85,B
2021-06-17T13:12:40,2000.0,22.85,B
2021-06-17T13:12:40,1500.0,22.85,B
2021-06-17T13:12:37,2500.0,22.8,S
2021-06-17T13:12:28,100.0,22.85,B
2021-06-17T13:12:23,1500.0,22.85,B
2021-06-17T13:12:17,1000.0,22.8,B
2021-06-17T13:12:08,2900.0,22.8,B
2021-06-17T13:12:08,5400.0,22.8,B
2021-06-17T13:12:06,500.0,22.8,B
2021-06-17T13:12:04,1000.0,22.85,B
2021-06-17T13:12:03,300.0,22.85,B
2021-06-17T13:11:48,100.0,22.8,B
2021-06-17T13:11:48,2000.0,22.8,B
2021-06-17T13:11:42,500.0,22.7,S
2021-06-17T13:11:38,10000.0,22.8,B
2021-06-17T13:11:37,24100.0,22.7,S
2021-06-17T13:11:37,3000.0,22.8,B
2021-06-17T13:11:36,2000.0,22.8,B
2021-06-17T13:11:10,5000.0,22.7,B
2021-06-17T13:11:09,9500.0,22.7,B
2021-06-17T13:11:08,700.0,22.7,B
2021-06-17T13:11:08,1800.0,22.7,B
2021-06-17T13:11:08,80900.0,22.7,B
2021-06-17T13:11:08,500.0,22.7,B
2021-06-17T13:11:07,100.0,22.7,B
2021-06-17T13:11:06,20000.0,22.7,B
2021-06-17T13:11:05,2000.0,22.7,B
2021-06-17T13:10:56,1000.0,22.7,B
2021-06-17T13:10:51,2000.0,22.7,B
2021-06-17T13:10:48,30000.0,22.7,B
2021-06-17T13:10:40,1600.0,22.7,B
2021-06-17T13:10:38,3000.0,22.65,S
2021-06-17T13:10:37,10000.0,22.7,B
2021-06-17T13:10:09,15000.0,22.65,B
2021-06-17T13:09:43,1800.0,22.65,B
2021-06-17T13:09:39,9900.0,22.65,B
2021-06-17T13:09:39,100.0,22.65,B
2021-06-17T13:09:39,600.0,22.65,B
2021-06-17T13:09:39,62400.0,22.65,B
2021-06-17T13:09:34,300.0,22.65,B
2021-06-17T13:09:19,4600.0,22.65,B
2021-06-17T13:09:19,2300.0,22.65,B
2021-06-17T13:09:11,2300.0,22.6,S
2021-06-17T13:08:58,500.0,22.65,B
2021-06-17T13:08:38,11300.0,22.6,S
2021-06-17T13:08:31,700.0,22.6,B
2021-06-17T13:08:29,3000.0,22.6,B
2021-06-17T13:08:11,100.0,22.6,B
2021-06-17T13:08:07,11100.0,22.55,S
2021-06-17T13:08:07,2000.0,22.6,B
2021-06-17T13:08:05,10000.0,22.6,B
2021-06-17T13:08:04,30000.0,22.6,B
2021-06-17T13:07:50,4000.0,22.6,B
2021-06-17T13:07:49,800.0,22.6,B
2021-06-17T13:07:45,50000.0,22.6,B
2021-06-17T13:07:38,700.0,22.55,S
2021-06-17T13:07:29,1700.0,22.6,B
2021-06-17T13:07:16,500.0,22.6,B
2021-06-17T13:07:07,1400.0,22.55,S
2021-06-17T13:07:03,300.0,22.6,B
2021-06-17T13:06:44,5000.0,22.6,B
2021-06-17T13:06:39,100.0,22.6,B
2021-06-17T13:06:38,1700.0,22.55,S
2021-06-17T13:06:32,200.0,22.55,S
2021-06-17T13:06:17,8000.0,22.6,B
2021-06-17T13:06:10,700.0,22.55,S
2021-06-17T13:05:41,300.0,22.55,S
2021-06-17T13:05:37,2500.0,22.55,S
2021-06-17T13:05:37,1100.0,22.55,S
2021-06-17T13:05:07,1700.0,22.55,S
2021-06-17T13:04:55,6300.0,22.55,B
2021-06-17T13:04:40,1800.0,22.55,B
2021-06-17T13:04:38,700.0,22.5,S
2021-06-17T13:04:24,500.0,22.55,B
2021-06-17T13:04:22,500.0,22.55,B
2021-06-17T13:04:09,2500.0,22.5,S
2021-06-17T13:03:58,10000.0,22.55,B
2021-06-17T13:03:54,500.0,22.55,B
2021-06-17T13:03:39,2000.0,22.5,S
2021-06-17T13:03:07,700.0,22.5,S
2021-06-17T13:03:07,9400.0,22.5,S
2021-06-17T13:02:59,2000.0,22.55,B
2021-06-17T13:02:57,20000.0,22.55,B
2021-06-17T13:02:54,5000.0,22.55,B
2021-06-17T13:02:51,400.0,22.55,B
2021-06-17T13:02:42,10000.0,22.55,B
2021-06-17T13:02:40,3500.0,22.5,S
2021-06-17T13:02:40,10000.0,22.5,S
2021-06-17T13:02:28,100.0,22.55,B
2021-06-17T13:02:24,50000.0,22.55,B
2021-06-17T13:02:11,200.0,22.5,S
2021-06-17T13:01:40,1000.0,22.5,B
2021-06-17T13:01:24,5100.0,22.5,B
2021-06-17T13:00:47,800.0,22.5,B
2021-06-17T13:00:46,600.0,22.5,B
2021-06-17T13:00:41,8000.0,22.5,B
2021-06-17T13:00:40,3000.0,22.5,B
2021-06-17T13:00:40,100.0,22.5,B
2021-06-17T13:00:38,3900.0,22.45,S
2021-06-17T13:00:38,2000.0,22.5,B
2021-06-17T13:00:36,100.0,22.5,B
2021-06-17T13:00:36,100.0,22.5,B
2021-06-17T13:00:35,700.0,22.5,B
2021-06-17T13:00:35,100.0,22.5,B
2021-06-17T13:00:33,5300.0,22.5,B
2021-06-17T13:00:32,100.0,22.5,B
2021-06-17T13:00:32,100.0,22.5,B
2021-06-17T13:00:31,1000.0,22.5,B
2021-06-17T13:00:29,1000.0,22.5,B
2021-06-17T13:00:25,13500.0,22.5,B
2021-06-17T13:00:25,3000.0,22.5,B
2021-06-17T13:00:25,1000.0,22.5,B
2021-06-17T13:00:25,100.0,22.5,B
2021-06-17T13:00:25,100.0,22.5,B
2021-06-17T13:00:25,1000.0,22.5,B
2021-06-17T11:30:07,9900.0,22.5,B
2021-06-17T11:30:07,300.0,22.5,S
2021-06-17T11:29:32,2400.0,22.5,S
2021-06-17T11:29:04,8900.0,22.5,S
2021-06-17T11:29:02,3100.0,22.45,S
2021-06-17T11:28:59,1000.0,22.5,B
2021-06-17T11:28:48,12000.0,22.5,B
2021-06-17T11:28:32,2900.0,22.45,S
2021-06-17T11:28:28,1500.0,22.45,S
2021-06-17T11:28:26,10000.0,22.5,B
2021-06-17T11:28:09,3000.0,22.5,B
2021-06-17T11:28:02,100.0,22.45,S
2021-06-17T11:27:32,700.0,22.45,S
2021-06-17T11:27:02,3500.0,22.45,S
2021-06-17T11:26:40,600.0,22.45,S
2021-06-17T11:26:38,1100.0,22.45,S
2021-06-17T11:26:34,16000.0,22.5,B
2021-06-17T11:26:13,200.0,22.5,B
2021-06-17T11:26:10,2300.0,22.45,S
2021-06-17T11:26:04,3300.0,22.5,B
2021-06-17T11:25:49,2000.0,22.5,B
2021-06-17T11:25:38,9900.0,22.45,S
2021-06-17T11:25:28,10000.0,22.5,S
2021-06-17T11:25:27,34700.0,22.5,S
2021-06-17T11:25:15,5000.0,22.5,S
2021-06-17T11:23:41,100.0,22.5,S
2021-06-17T11:23:09,900.0,22.5,S
2021-06-17T11:22:39,4500.0,22.5,S
2021-06-17T11:22:29,11200.0,22.5,S
2021-06-17T11:22:29,8800.0,22.5,S
2021-06-17T11:22:09,2600.0,22.5,S
2021-06-17T11:22:01,200.0,22.5,S
2021-06-17T11:21:45,10000.0,22.5,S
2021-06-17T11:21:39,3100.0,22.5,S
2021-06-17T11:21:28,5500.0,22.5,S
2021-06-17T11:21:20,10000.0,22.5,S
2021-06-17T11:21:15,200.0,22.5,S
2021-06-17T11:21:11,100.0,22.5,S
2021-06-17T11:20:39,500.0,22.5,S
2021-06-17T11:20:29,200.0,22.5,S
2021-06-17T11:20:08,100.0,22.5,S
2021-06-17T11:19:37,500.0,22.5,S
2021-06-17T11:19:03,2500.0,22.5,S
2021-06-17T11:17:41,400.0,22.5,S
2021-06-17T11:17:29,400.0,22.5,S
2021-06-17T11:17:28,500.0,22.5,S
2021-06-17T11:17:11,1400.0,22.5,S
2021-06-17T11:16:52,6500.0,22.5,S
2021-06-17T11:16:52,200.0,22.5,S
2021-06-17T11:16:50,500.0,22.5,S
2021-06-17T11:16:08,2600.0,22.5,S
2021-06-17T11:15:49,7200.0,22.5,B
2021-06-17T11:15:38,2000.0,22.5,B
2021-06-17T11:15:37,1800.0,22.45,S
2021-06-17T11:15:36,1600.0,22.5,B
2021-06-17T11:15:36,400.0,22.5,B
2021-06-17T11:15:17,900.0,22.5,B
2021-06-17T11:15:17,2100.0,22.5,B
2021-06-17T11:15:08,1100.0,22.45,S
2021-06-17T11:15:03,5000.0,22.5,B
2021-06-17T11:14:59,5000.0,22.5,B
2021-06-17T11:14:40,600.0,22.45,S
2021-06-17T11:14:08,3000.0,22.45,S
2021-06-17T11:13:57,400.0,22.5,B
2021-06-17T11:13:53,1000.0,22.5,B
2021-06-17T11:13:44,3400.0,22.45,S
2021-06-17T11:13:44,200.0,22.45,S
2021-06-17T11:13:44,10000.0,22.5,B
2021-06-17T11:13:36,6800.0,22.5,B
2021-06-17T11:13:36,10000.0,22.5,B
2021-06-17T11:13:29,300.0,22.45,S
2021-06-17T11:12:38,1600.0,22.45,S
2021-06-17T11:12:36,100.0,22.45,S
2021-06-17T11:12:08,8000.0,22.5,B
2021-06-17T11:11:08,200.0,22.45,S
2021-06-17T11:10:35,1000.0,22.45,S
2021-06-17T11:10:27,5000.0,22.5,B
2021-06-17T11:10:18,100.0,22.45,S
2021-06-17T11:10:12,100.0,22.45,S
2021-06-17T11:09:39,800.0,22.45,S
2021-06-17T11:09:28,3000.0,22.5,B
2021-06-17T11:09:13,1000.0,22.45,S
2021-06-17T11:08:38,400.0,22.45,S
2021-06-17T11:08:19,2000.0,22.5,B
2021-06-17T11:07:42,300.0,22.45,S
2021-06-17T11:06:10,100.0,22.45,S
2021-06-17T11:06:06,200.0,22.5,B
2021-06-17T11:05:42,500.0,22.45,S
2021-06-17T11:05:08,200.0,22.45,S
2021-06-17T11:04:57,1000.0,22.5,B
2021-06-17T11:04:36,300.0,22.45,S
2021-06-17T11:04:08,800.0,22.45,S
2021-06-17T11:04:06,1000.0,22.5,B
2021-06-17T11:03:37,4000.0,22.5,B
2021-06-17T11:03:11,100.0,22.45,S
2021-06-17T11:03:08,200.0,22.45,S
2021-06-17T11:02:41,1200.0,22.45,S
2021-06-17T11:02:30,300.0,22.45,S
2021-06-17T11:02:21,5000.0,22.5,B
2021-06-17T11:02:11,700.0,22.45,S
2021-06-17T11:02:00,1000.0,22.5,B
2021-06-17T11:01:56,1000.0,22.5,B
2021-06-17T11:01:53,400.0,22.45,S
2021-06-17T11:01:39,600.0,22.45,S
2021-06-17T11:01:35,500.0,22.5,B
2021-06-17T11:01:29,1000.0,22.45,S
2021-06-17T11:01:08,1100.0,22.45,S
2021-06-17T11:01:02,800.0,22.5,B
2021-06-17T11:01:02,100.0,22.5,B
2021-06-17T11:01:01,4100.0,22.5,B
2021-06-17T11:00:55,500.0,22.45,S
2021-06-17T11:00:48,100.0,22.45,S
2021-06-17T11:00:41,300.0,22.45,S
2021-06-17T11:00:38,800.0,22.5,B
2021-06-17T11:00:08,1800.0,22.45,S
2021-06-17T10:59:58,100.0,22.45,S
2021-06-17T10:59:42,9200.0,22.45,S
2021-06-17T10:59:30,15000.0,22.45,B
2021-06-17T10:59:16,30000.0,22.45,B
2021-06-17T10:59:10,1000.0,22.45,B
2021-06-17T10:59:09,100.0,22.4,S
2021-06-17T10:58:46,500.0,22.4,S
2021-06-17T10:58:43,100.0,22.4,S
2021-06-17T10:58:09,500.0,22.4,S
2021-06-17T10:57:38,1100.0,22.4,S
2021-06-17T10:57:38,1500.0,22.4,S
2021-06-17T10:57:38,200.0,22.4,S
2021-06-17T10:57:26,10000.0,22.45,B
2021-06-17T10:57:08,4200.0,22.4,S
2021-06-17T10:56:38,1100.0,22.4,S
2021-06-17T10:56:36,20000.0,22.45,B
2021-06-17T10:56:10,500.0,22.4,S
2021-06-17T10:56:10,5300.0,22.4,S
2021-06-17T10:55:50,1000.0,22.45,S
2021-06-17T10:55:50,100.0,22.45,S
2021-06-17T10:55:50,1300.0,22.45,S
2021-06-17T10:55:50,4500.0,22.45,S
2021-06-17T10:55:50,1100.0,22.45,S
2021-06-17T10:55:50,300.0,22.45,S
2021-06-17T10:55:50,400.0,22.45,S
2021-06-17T10:55:50,2100.0,22.45,S
2021-06-17T10:55:50,900.0,22.45,S
2021-06-17T10:55:50,500.0,22.45,S
2021-06-17T10:55:50,16800.0,22.45,S
2021-06-17T10:55:38,400.0,22.45,S
2021-06-17T10:55:21,2000.0,22.45,S
2021-06-17T10:55:17,100.0,22.45,S
2021-06-17T10:54:41,100.0,22.45,S
2021-06-17T10:54:06,600.0,22.45,S
2021-06-17T10:53:52,3000.0,22.5,B
2021-06-17T10:53:22,100.0,22.5,B
2021-06-17T10:53:07,200.0,22.45,S
2021-06-17T10:52:38,1000.0,22.5,B
2021-06-17T10:51:38,200.0,22.45,S
2021-06-17T10:51:30,1000.0,22.5,B
2021-06-17T10:50:02,100.0,22.45,S
2021-06-17T10:49:38,400.0,22.45,S
2021-06-17T10:49:26,2000.0,22.45,S
2021-06-17T10:49:06,200.0,22.45,S
2021-06-17T10:48:50,1000.0,22.45,S
2021-06-17T10:48:39,100.0,22.45,S
2021-06-17T10:48:04,600.0,22.45,S
2021-06-17T10:47:54,1000.0,22.45,S
2021-06-17T10:47:41,2100.0,22.45,S
2021-06-17T10:47:06,300.0,22.45,S
2021-06-17T10:47:04,10000.0,22.5,B
2021-06-17T10:47:01,200.0,22.5,B
2021-06-17T10:46:46,1500.0,22.5,B
2021-06-17T10:46:29,400.0,22.5,B
2021-06-17T10:45:38,100.0,22.45,S
2021-06-17T10:45:05,500.0,22.5,B
2021-06-17T10:44:39,200.0,22.45,S
2021-06-17T10:44:14,1000.0,22.45,S
2021-06-17T10:44:11,200.0,22.45,S
2021-06-17T10:43:51,1000.0,22.45,S
2021-06-17T10:43:42,400.0,22.45,S
2021-06-17T10:43:08,2000.0,22.45,S
2021-06-17T10:43:00,5000.0,22.5,B
2021-06-17T10:42:39,400.0,22.45,S
2021-06-17T10:42:32,5000.0,22.5,B
2021-06-17T10:42:09,2200.0,22.45,S
2021-06-17T10:42:00,300.0,22.5,B
2021-06-17T10:41:48,10000.0,22.5,B
2021-06-17T10:41:46,1000.0,22.5,B
2021-06-17T10:41:38,100.0,22.45,S
2021-06-17T10:41:25,200.0,22.45,S
2021-06-17T10:41:08,500.0,22.45,S
2021-06-17T10:40:52,2000.0,22.5,B
2021-06-17T10:40:40,600.0,22.45,S
2021-06-17T10:40:17,500.0,22.5,B
2021-06-17T10:40:10,2500.0,22.45,S
2021-06-17T10:39:38,12600.0,22.45,S
2021-06-17T10:39:31,1000.0,22.5,B
2021-06-17T10:39:31,4700.0,22.5,B
2021-06-17T10:39:27,6000.0,22.45,S
2021-06-17T10:39:24,50000.0,22.5,B
2021-06-17T10:39:15,1000.0,22.5,B
2021-06-17T10:39:09,600.0,22.45,S
2021-06-17T10:38:45,1000.0,22.5,B
2021-06-17T10:38:37,2400.0,22.45,S
2021-06-17T10:38:30,2000.0,22.5,B
2021-06-17T10:38:18,1000.0,22.5,B
2021-06-17T10:38:13,400.0,22.45,S
2021-06-17T10:38:10,6700.0,22.5,B
2021-06-17T10:38:09,2000.0,22.5,B
2021-06-17T10:37:55,100.0,22.5,B
2021-06-17T10:37:38,2100.0,22.45,S
2021-06-17T10:37:16,1000.0,22.5,B
2021-06-17T10:37:09,9300.0,22.45,S
2021-06-17T10:37:08,200.0,22.5,B
2021-06-17T10:36:59,20000.0,22.5,B
2021-06-17T10:36:51,100.0,22.5,B
2021-06-17T10:36:50,100.0,22.5,B
2021-06-17T10:36:45,3000.0,22.5,B
2021-06-17T10:36:40,13100.0,22.45,S
2021-06-17T10:36:38,500.0,22.5,B
2021-06-17T10:36:33,10000.0,22.5,B
2021-06-17T10:36:30,100.0,22.5,B
2021-06-17T10:36:23,15000.0,22.5,B
2021-06-17T10:36:19,23000.0,22.45,S
2021-06-17T10:36:19,21000.0,22.45,S
2021-06-17T10:36:19,6000.0,22.45,S
2021-06-17T10:36:10,400.0,22.45,S
2021-06-17T10:35:38,2000.0,22.45,S
2021-06-17T10:35:19,7300.0,22.45,S
2021-06-17T10:35:18,500.0,22.5,B
2021-06-17T10:35:16,100.0,22.5,B
2021-06-17T10:35:10,2100.0,22.45,S
2021-06-17T10:34:43,10000.0,22.5,B
2021-06-17T10:34:38,700.0,22.45,S
2021-06-17T10:34:20,100.0,22.5,B
2021-06-17T10:34:15,2000.0,22.5,B
2021-06-17T10:34:09,400.0,22.45,S
2021-06-17T10:34:05,1000.0,22.5,B
2021-06-17T10:33:47,1000.0,22.5,B
2021-06-17T10:33:40,1100.0,22.45,S
2021-06-17T10:33:20,5600.0,22.45,S
2021-06-17T10:33:18,100.0,22.5,B
2021-06-17T10:33:01,10000.0,22.5,B
2021-06-17T10:32:51,3000.0,22.45,S
2021-06-17T10:32:34,15000.0,22.5,B
2021-06-17T10:32:05,15000.0,22.5,B
2021-06-17T10:31:39,200.0,22.45,S
2021-06-17T10:31:09,1100.0,22.45,S
2021-06-17T10:30:40,4300.0,22.45,S
2021-06-17T10:30:37,1000.0,22.5,B
2021-06-17T10:30:35,500.0,22.5,B
2021-06-17T10:30:21,8400.0,22.45,S
2021-06-17T10:30:10,13400.0,22.45,S
2021-06-17T10:29:31,6200.0,22.45,B
2021-06-17T10:29:31,1000.0,22.45,B
2021-06-17T10:29:31,60200.0,22.45,B
2021-06-17T10:29:15,100.0,22.4,S
2021-06-17T10:28:38,800.0,22.4,S
2021-06-17T10:28:08,4400.0,22.4,S
2021-06-17T10:27:40,3000.0,22.4,S
2021-06-17T10:27:40,12400.0,22.4,S
2021-06-17T10:27:40,2300.0,22.4,S
2021-06-17T10:27:40,3300.0,22.4,S
2021-06-17T10:27:38,1200.0,22.4,S
2021-06-17T10:27:31,5000.0,22.45,B
2021-06-17T10:27:08,1000.0,22.4,S
2021-06-17T10:26:57,5000.0,22.45,B
2021-06-17T10:26:39,200.0,22.4,S
2021-06-17T10:26:08,1200.0,22.4,S
2021-06-17T10:25:42,5000.0,22.45,B
2021-06-17T10:25:38,1200.0,22.4,S
2021-06-17T10:25:11,400.0,22.4,S
2021-06-17T10:25:11,600.0,22.4,S
2021-06-17T10:25:10,1500.0,22.4,S
2021-06-17T10:25:07,3500.0,22.45,B
2021-06-17T10:24:38,1300.0,22.4,S
2021-06-17T10:24:38,700.0,22.4,S
2021-06-17T10:24:26,10000.0,22.45,B
2021-06-17T10:23:40,200.0,22.4,S
2021-06-17T10:23:08,1000.0,22.4,S
2021-06-17T10:22:43,1000.0,22.4,S
2021-06-17T10:22:40,4000.0,22.4,S
2021-06-17T10:22:23,800.0,22.45,B
2021-06-17T10:22:23,19200.0,22.45,B
2021-06-17T10:22:07,300.0,22.4,S
2021-06-17T10:21:40,1600.0,22.4,S
2021-06-17T10:21:08,8100.0,22.4,S
2021-06-17T10:20:39,40000.0,22.4,S
2021-06-17T10:20:37,500.0,22.4,S
2021-06-17T10:20:09,2700.0,22.4,S
2021-06-17T10:19:38,8200.0,22.4,S
2021-06-17T10:19:38,600.0,22.4,S
2021-06-17T10:19:37,3400.0,22.4,S
2021-06-17T10:19:35,1500.0,22.45,B
2021-06-17T10:19:31,40000.0,22.4,S
2021-06-17T10:19:30,1000.0,22.45,B
2021-06-17T10:19:08,400.0,22.4,S
2021-06-17T10:18:57,1000.0,22.4,S
2021-06-17T10:18:50,1000.0,22.45,B
2021-06-17T10:18:29,100.0,22.4,S
2021-06-17T10:18:11,200.0,22.4,S
2021-06-17T10:17:40,1000.0,22.4,S
2021-06-17T10:17:19,5000.0,22.4,S
2021-06-17T10:17:06,100.0,22.4,S
2021-06-17T10:16:38,900.0,22.4,S
2021-06-17T10:16:07,2100.0,22.4,B
2021-06-17T10:16:05,2500.0,22.4,B
2021-06-17T10:15:47,300.0,22.4,S
2021-06-17T10:15:38,2000.0,22.4,S
2021-06-17T10:15:38,200.0,22.4,S
2021-06-17T10:15:38,6000.0,22.4,S
2021-06-17T10:15:38,2000.0,22.4,S
2021-06-17T10:15:09,2600.0,22.4,S
2021-06-17T10:15:09,3600.0,22.4,S
2021-06-17T10:15:09,2400.0,22.4,S
2021-06-17T10:15:09,42500.0,22.4,S
2021-06-17T10:15:02,100.0,22.45,B
2021-06-17T10:14:52,9000.0,22.45,B
2021-06-17T10:14:37,4000.0,22.4,S
2021-06-17T10:14:10,15000.0,22.45,B
2021-06-17T10:14:09,100.0,22.4,S
2021-06-17T10:14:06,5000.0,22.45,B
2021-06-17T10:13:51,200.0,22.45,B
2021-06-17T10:13:40,100.0,22.45,B
2021-06-17T10:13:38,500.0,22.4,S
2021-06-17T10:13:14,1000.0,22.4,S
2021-06-17T10:13:08,1800.0,22.4,S
2021-06-17T10:12:54,5000.0,22.45,B
2021-06-17T10:12:38,4400.0,22.4,S
2021-06-17T10:12:07,2200.0,22.4,S
2021-06-17T10:12:07,20000.0,22.45,B
2021-06-17T10:11:40,600.0,22.45,B
2021-06-17T10:11:39,9400.0,22.45,B
2021-06-17T10:11:38,1000.0,22.4,S
2021-06-17T10:11:22,5000.0,22.4,S
2021-06-17T10:11:18,100.0,22.4,S
2021-06-17T10:11:18,100.0,22.45,B
2021-06-17T10:11:07,200.0,22.4,S
2021-06-17T10:10:45,400.0,22.4,S
2021-06-17T10:10:43,700.0,22.4,S
2021-06-17T10:10:20,2000.0,22.4,S
2021-06-17T10:10:10,1500.0,22.4,S
2021-06-17T10:09:44,7900.0,22.4,S
2021-06-17T10:09:07,100.0,22.4,S
2021-06-17T10:08:50,400.0,22.4,S
2021-06-17T10:08:50,100.0,22.4,S
2021-06-17T10:08:50,200.0,22.4,S
2021-06-17T10:08:50,200.0,22.4,S
2021-06-17T10:08:36,2000.0,22.4,S
2021-06-17T10:08:28,400.0,22.4,S
2021-06-17T10:07:07,200.0,22.4,S
2021-06-17T10:07:06,2000.0,22.4,S
2021-06-17T10:06:40,1000.0,22.4,S
2021-06-17T10:06:40,5000.0,22.45,B
2021-06-17T10:06:34,100.0,22.4,S
2021-06-17T10:05:39,600.0,22.4,S
2021-06-17T10:05:23,100.0,22.45,B
2021-06-17T10:05:07,700.0,22.4,S
2021-06-17T10:05:07,1000.0,22.4,S
2021-06-17T10:05:07,1600.0,22.4,S
2021-06-17T10:04:45,900.0,22.4,B
2021-06-17T10:04:39,100.0,22.4,B
2021-06-17T10:04:38,15000.0,22.4,B
2021-06-17T10:04:38,300.0,22.35,S
2021-06-17T10:04:36,200.0,22.4,B
2021-06-17T10:04:23,1000.0,22.4,B
2021-06-17T10:04:23,200.0,22.4,B
2021-06-17T10:04:13,100.0,22.4,B
2021-06-17T10:04:09,500.0,22.35,S
2021-06-17T10:03:52,1000.0,22.4,B
2021-06-17T10:03:41,1900.0,22.35,S
2021-06-17T10:03:17,3500.0,22.4,B
2021-06-17T10:03:13,5000.0,22.4,B
2021-06-17T10:03:12,200.0,22.35,S
2021-06-17T10:03:11,1000.0,22.4,B
2021-06-17T10:02:47,200.0,22.4,B
2021-06-17T10:02:43,1000.0,22.4,B
2021-06-17T10:02:09,100.0,22.35,S
2021-06-17T10:01:59,500.0,22.35,S
2021-06-17T10:01:36,100.0,22.35,S
2021-06-17T10:01:09,500.0,22.35,S
2021-06-17T10:00:48,500.0,22.35,S
2021-06-17T10:00:39,2000.0,22.4,B
2021-06-17T10:00:10,200.0,22.35,S
2021-06-17T09:59:38,100.0,22.35,S
2021-06-17T09:59:15,900.0,22.35,S
2021-06-17T09:58:36,4200.0,22.4,B
2021-06-17T09:58:36,300.0,22.35,S
2021-06-17T09:58:34,100.0,22.4,B
2021-06-17T09:58:30,200.0,22.4,B
2021-06-17T09:58:18,200.0,22.4,B
2021-06-17T09:58:07,1300.0,22.35,S
2021-06-17T09:57:59,4000.0,22.4,B
2021-06-17T09:57:49,200.0,22.4,B
2021-06-17T09:57:41,1000.0,22.4,B
2021-06-17T09:57:41,1000.0,22.4,B
2021-06-17T09:57:36,600.0,22.35,S
2021-06-17T09:57:30,900.0,22.4,B
2021-06-17T09:57:30,1100.0,22.4,B
2021-06-17T09:57:26,1000.0,22.4,B
2021-06-17T09:56:45,10000.0,22.4,B
2021-06-17T09:56:43,9000.0,22.4,B
2021-06-17T09:56:39,600.0,22.4,B
2021-06-17T09:56:14,1000.0,22.4,B
2021-06-17T09:55:56,200.0,22.4,B
2021-06-17T09:55:34,1000.0,22.4,B
2021-06-17T09:54:58,500.0,22.4,B
2021-06-17T09:54:57,2000.0,22.4,B
2021-06-17T09:54:53,500.0,22.4,B
2021-06-17T09:54:52,200.0,22.4,B
2021-06-17T09:54:48,100.0,22.4,B
2021-06-17T09:54:44,1000.0,22.4,B
2021-06-17T09:54:20,100.0,22.4,B
2021-06-17T09:54:09,300.0,22.4,B
2021-06-17T09:53:45,100.0,22.4,B
2021-06-17T09:53:40,1500.0,22.4,B
2021-06-17T09:53:32,300.0,22.4,B
2021-06-17T09:53:12,500.0,22.4,B
2021-06-17T09:53:11,100.0,22.4,B
2021-06-17T09:52:56,500.0,22.4,B
2021-06-17T09:52:44,5000.0,22.4,B
2021-06-17T09:52:03,600.0,22.4,B
2021-06-17T09:51:55,2900.0,22.35,S
2021-06-17T09:51:53,300.0,22.4,B
2021-06-17T09:51:51,2000.0,22.4,B
2021-06-17T09:50:24,1000.0,22.4,S
2021-06-17T09:50:24,3200.0,22.4,S
2021-06-17T09:50:24,500.0,22.4,S
2021-06-17T09:49:38,10000.0,22.45,B
2021-06-17T09:49:32,3000.0,22.4,S
2021-06-17T09:49:30,200.0,22.4,S
2021-06-17T09:49:11,100.0,22.4,S
2021-06-17T09:48:56,6000.0,22.4,S
2021-06-17T09:48:54,3000.0,22.4,S
2021-06-17T09:48:50,3000.0,22.4,S
2021-06-17T09:48:35,1000.0,22.4,S
2021-06-17T09:48:05,7100.0,22.4,S
2021-06-17T09:47:47,1000.0,22.4,S
2021-06-17T09:47:34,1000.0,22.45,B
2021-06-17T09:47:08,300.0,22.45,B
2021-06-17T09:46:58,300.0,22.45,B
2021-06-17T09:46:58,1000.0,22.45,B
2021-06-17T09:46:27,7300.0,22.45,B
2021-06-17T09:46:25,2700.0,22.45,B
2021-06-17T09:45:59,3500.0,22.45,B
2021-06-17T09:45:48,400.0,22.45,B
2021-06-17T09:45:46,300.0,22.45,B
2021-06-17T09:44:58,1000.0,22.45,S
2021-06-17T09:44:18,1200.0,22.4,S
2021-06-17T09:44:18,2500.0,22.4,S
2021-06-17T09:44:18,500.0,22.4,S
2021-06-17T09:44:18,200.0,22.4,S
2021-06-17T09:44:18,5600.0,22.45,S
2021-06-17T09:43:48,100.0,22.5,B
2021-06-17T09:43:46,20000.0,22.45,S
2021-06-17T09:43:33,5000.0,22.45,S
2021-06-17T09:43:29,4700.0,22.45,S
2021-06-17T09:43:14,11000.0,22.45,S
2021-06-17T09:42:49,10000.0,22.45,S
2021-06-17T09:42:47,1000.0,22.5,S
2021-06-17T09:42:21,7800.0,22.5,S
2021-06-17T09:42:02,100.0,22.5,S
2021-06-17T09:41:55,3000.0,22.6,B
2021-06-17T09:41:52,300.0,22.55,S
2021-06-17T09:41:42,10000.0,22.5,S
2021-06-17T09:41:19,10000.0,22.5,S
2021-06-17T09:41:03,5000.0,22.5,S
2021-06-17T09:40:45,2800.0,22.55,S
2021-06-17T09:40:23,2500.0,22.55,S
2021-06-17T09:40:19,100.0,22.6,B
2021-06-17T09:40:12,100.0,22.6,B
2021-06-17T09:39:51,300.0,22.55,S
2021-06-17T09:39:46,1000.0,22.6,B
2021-06-17T09:39:41,100.0,22.6,B
2021-06-17T09:39:29,100.0,22.55,S
2021-06-17T09:39:29,500.0,22.55,S
2021-06-17T09:38:28,1000.0,22.6,B
2021-06-17T09:37:45,8900.0,22.6,B
2021-06-17T09:37:33,10000.0,22.6,B
2021-06-17T09:37:26,100.0,22.6,B
2021-06-17T09:36:20,2000.0,22.6,B
2021-06-17T09:36:18,500.0,22.5,B
2021-06-17T09:36:11,500.0,22.5,B
2021-06-17T09:36:03,100.0,22.5,B
2021-06-17T09:35:48,100.0,22.5,B
2021-06-17T09:35:08,400.0,22.5,B
2021-06-17T09:34:56,500.0,22.5,B
2021-06-17T09:33:53,600.0,22.5,B
2021-06-17T09:33:53,3000.0,22.5,B
2021-06-17T09:33:52,14700.0,22.5,B
2021-06-17T09:33:31,500.0,22.5,B
2021-06-17T09:33:00,10000.0,22.45,B
2021-06-17T09:32:47,100.0,22.45,B
2021-06-17T09:32:44,200.0,22.45,B
2021-06-17T09:32:43,4000.0,22.45,B
2021-06-17T09:32:27,200.0,22.45,B
2021-06-17T09:32:14,5000.0,22.45,B
2021-06-17T09:31:37,300.0,22.45,B
2021-06-17T09:31:19,5000.0,22.45,B
2021-06-17T09:30:39,100.0,22.4,B
2021-06-17T09:30:35,1600.0,22.4,B
2021-06-17T09:30:22,100.0,22.4,B
2021-06-17T09:30:18,1000.0,22.4,B
2021-06-17T09:30:03,1000.0,22.35,B
2021-06-17T09:29:42,1000.0,22.4,B
2021-06-17T09:29:21,9600.0,22.35,B
2021-06-17T09:29:19,100.0,22.35,B
2021-06-17T09:29:09,500.0,22.3,S
2021-06-17T09:28:57,100.0,22.35,B
2021-06-17T09:28:48,200.0,22.35,B
2021-06-17T09:28:36,1000.0,22.3,S
2021-06-17T09:28:35,10000.0,22.35,B
2021-06-17T09:27:48,10000.0,22.3,B
2021-06-17T09:27:42,2000.0,22.3,B
2021-06-17T09:27:42,700.0,22.3,B
2021-06-17T09:27:41,2800.0,22.3,B
2021-06-17T09:27:41,200.0,22.3,B
2021-06-17T09:27:23,100.0,22.3,B
2021-06-17T09:26:58,200.0,22.25,S
2021-06-17T09:26:58,1000.0,22.3,B
2021-06-17T09:26:56,100.0,22.3,B
2021-06-17T09:26:36,5000.0,22.25,S
2021-06-17T09:26:33,200.0,22.25,S
2021-06-17T09:26:32,1000.0,22.3,B
2021-06-17T09:26:23,400.0,22.25,S
2021-06-17T09:26:19,400.0,22.3,B
2021-06-17T09:25:45,5000.0,22.25,S
2021-06-17T09:25:43,20000.0,22.3,B
2021-06-17T09:25:42,100.0,22.3,B
2021-06-17T09:25:32,100.0,22.3,B
2021-06-17T09:25:15,2000.0,22.3,B
2021-06-17T09:25:01,3000.0,22.3,B
2021-06-17T09:24:54,200.0,22.3,B
2021-06-17T09:24:41,100.0,22.25,S
2021-06-17T09:24:33,200.0,22.3,B
2021-06-17T09:24:30,100.0,22.25,S
2021-06-17T09:24:29,100.0,22.3,B
2021-06-17T09:24:25,8000.0,22.25,S
2021-06-17T09:24:22,300.0,22.3,B
2021-06-17T09:24:13,500.0,22.3,B
2021-06-17T09:24:03,500.0,22.25,S
2021-06-17T09:24:02,100.0,22.3,B
2021-06-17T09:23:58,200.0,22.3,B
2021-06-17T09:23:30,2000.0,22.3,B
2021-06-17T09:23:22,4000.0,22.25,S
2021-06-17T09:23:19,100.0,22.3,B
2021-06-17T09:23:04,5000.0,22.3,B
2021-06-17T09:22:49,1000.0,22.3,B
2021-06-17T09:22:40,1000.0,22.3,B
2021-06-17T09:22:03,400.0,22.3,B
2021-06-17T09:20:45,2300.0,22.25,S
2021-06-17T09:20:06,100.0,22.25,S
2021-06-17T09:19:03,2500.0,22.25,S
2021-06-17T09:19:00,100.0,22.3,B
2021-06-17T09:18:42,14400.0,22.2,S
2021-06-17T09:18:35,100.0,22.2,S
2021-06-17T09:18:35,4000.0,22.2,S
2021-06-17T09:18:35,31500.0,22.2,S
2021-06-17T09:18:26,200.0,22.3,B
2021-06-17T09:18:21,100.0,22.3,B
2021-06-17T09:18:07,4900.0,22.3,S
2021-06-17T09:18:04,100.0,22.3,S
2021-06-17T09:17:37,1300.0,22.3,S
2021-06-17T09:17:36,3700.0,22.3,S
2021-06-17T09:16:39,6300.0,22.3,B
2021-06-17T09:16:00,1000.0,22.3,B
2021-06-17T09:15:58,900.0,22.3,B
