tradingTime,volume,price,side
2021-06-17T14:19:03,1000.0,11.85,S
2021-06-17T14:09:34,300.0,11.85,S
2021-06-17T14:09:04,1800.0,11.85,S
2021-06-17T13:59:50,2500.0,11.85,S
2021-06-17T13:56:19,300.0,11.85,S
2021-06-17T13:44:55,300.0,11.85,S
2021-06-17T13:36:51,1000.0,11.85,S
2021-06-17T13:35:42,200.0,11.85,S
2021-06-17T13:35:41,1900.0,11.85,S
2021-06-17T13:07:45,15000.0,11.85,S
2021-06-17T13:04:29,500.0,11.85,S
2021-06-17T13:03:39,400.0,11.85,S
2021-06-17T13:01:29,300.0,11.85,S
2021-06-17T13:00:56,300.0,11.85,S
2021-06-17T13:00:36,100.0,11.85,S
2021-06-17T13:00:31,2000.0,11.85,S
2021-06-17T13:00:31,2000.0,11.85,S
2021-06-17T11:27:43,100.0,11.85,S
2021-06-17T11:26:40,500.0,11.85,S
2021-06-17T11:22:22,100.0,11.85,S
2021-06-17T11:22:13,100.0,11.85,S
2021-06-17T11:19:56,900.0,11.85,S
2021-06-17T11:19:56,29100.0,11.85,S
2021-06-17T11:10:57,400.0,11.85,S
2021-06-17T11:10:57,600.0,11.85,S
2021-06-17T11:10:57,14000.0,11.85,S
2021-06-17T11:10:39,300.0,11.85,S
2021-06-17T11:02:00,1000.0,11.85,S
2021-06-17T11:01:53,1700.0,11.85,B
2021-06-17T11:01:49,100.0,11.85,B
2021-06-17T11:01:37,1000.0,11.85,B
2021-06-17T11:01:25,3200.0,11.85,B
2021-06-17T11:01:11,100.0,11.85,B
2021-06-17T11:01:07,1000.0,11.85,B
2021-06-17T11:01:03,100.0,11.85,B
2021-06-17T11:00:58,1500.0,11.85,B
2021-06-17T11:00:57,1000.0,11.85,B
2021-06-17T11:00:56,100.0,11.85,B
2021-06-17T11:00:50,1900.0,11.85,B
2021-06-17T11:00:42,400.0,11.85,B
2021-06-17T11:00:25,600.0,11.85,B
2021-06-17T11:00:14,1000.0,11.85,B
2021-06-17T10:59:46,800.0,11.85,B
2021-06-17T10:59:29,100.0,11.85,B
2021-06-17T10:59:20,8400.0,11.85,B
2021-06-17T10:58:53,500.0,11.85,B
2021-06-17T10:58:39,100.0,11.85,B
2021-06-17T10:58:31,1000.0,11.85,B
2021-06-17T10:58:27,500.0,11.85,B
2021-06-17T10:58:15,100.0,11.85,B
2021-06-17T10:57:45,1000.0,11.85,B
2021-06-17T10:57:19,2000.0,11.85,B
2021-06-17T10:56:59,1000.0,11.85,B
2021-06-17T10:56:48,1000.0,11.85,B
2021-06-17T10:56:26,200.0,11.85,B
2021-06-17T10:56:15,200.0,11.85,B
2021-06-17T10:56:06,1000.0,11.85,B
2021-06-17T10:55:57,3000.0,11.85,B
2021-06-17T10:55:25,1000.0,11.85,S
2021-06-17T10:55:03,5300.0,11.85,S
2021-06-17T10:55:03,1600.0,11.85,S
2021-06-17T10:55:03,1700.0,11.85,S
2021-06-17T10:55:03,10200.0,11.85,S
2021-06-17T10:55:03,5000.0,11.85,S
2021-06-17T10:55:03,1300.0,11.85,S
2021-06-17T10:55:03,1000.0,11.85,S
2021-06-17T10:55:02,2600.0,11.85,S
2021-06-17T10:54:27,100.0,11.85,S
2021-06-17T10:50:34,100.0,11.85,B
2021-06-17T10:50:26,1000.0,11.85,B
2021-06-17T10:50:21,1000.0,11.85,B
2021-06-17T10:50:12,100.0,11.85,B
2021-06-17T10:50:07,3000.0,11.85,B
2021-06-17T10:50:02,100.0,11.85,B
2021-06-17T10:49:56,300.0,11.85,B
2021-06-17T10:49:04,100.0,11.85,S
2021-06-17T10:49:01,4300.0,11.85,S
2021-06-17T10:48:13,200.0,11.85,B
2021-06-17T10:47:51,200.0,11.85,B
2021-06-17T10:47:50,1100.0,11.85,B
2021-06-17T10:47:50,1000.0,11.8,S
2021-06-17T10:47:47,15000.0,11.85,B
2021-06-17T10:47:31,900.0,11.85,B
2021-06-17T10:47:28,2000.0,11.85,B
2021-06-17T10:46:51,1000.0,11.85,B
2021-06-17T10:46:22,500.0,11.85,B
2021-06-17T10:46:17,500.0,11.85,B
2021-06-17T10:46:04,800.0,11.85,B
2021-06-17T10:45:37,200.0,11.85,B
2021-06-17T10:45:22,1000.0,11.85,B
2021-06-17T10:45:10,500.0,11.85,B
2021-06-17T10:45:08,900.0,11.85,B
2021-06-17T10:45:02,1000.0,11.85,B
2021-06-17T10:45:01,1000.0,11.85,B
2021-06-17T10:44:51,100.0,11.85,S
2021-06-17T10:44:45,2000.0,11.85,S
2021-06-17T10:44:43,18500.0,11.85,S
2021-06-17T10:43:44,500.0,11.85,B
2021-06-17T10:43:35,100.0,11.85,B
2021-06-17T10:43:32,300.0,11.85,B
2021-06-17T10:43:23,15000.0,11.85,B
2021-06-17T10:43:11,300.0,11.85,B
2021-06-17T10:42:36,5000.0,11.85,B
2021-06-17T10:41:59,1000.0,11.85,B
2021-06-17T10:41:09,700.0,11.85,S
2021-06-17T10:41:08,1600.0,11.85,S
2021-06-17T10:41:04,500.0,11.85,S
2021-06-17T10:41:04,1400.0,11.85,S
2021-06-17T10:40:57,1000.0,11.85,S
2021-06-17T10:40:53,500.0,11.85,S
2021-06-17T10:39:58,2900.0,11.85,B
2021-06-17T10:39:51,5000.0,11.85,B
2021-06-17T10:39:48,1000.0,11.8,S
2021-06-17T10:39:41,300.0,11.85,B
2021-06-17T10:39:06,3000.0,11.85,B
2021-06-17T10:38:39,200.0,11.85,B
2021-06-17T10:38:26,100.0,11.85,B
2021-06-17T10:38:13,300.0,11.85,B
2021-06-17T10:37:57,1000.0,11.85,B
2021-06-17T10:37:51,600.0,11.85,B
2021-06-17T10:37:42,3000.0,11.85,B
2021-06-17T10:37:39,3000.0,11.85,B
2021-06-17T10:37:38,5800.0,11.85,B
2021-06-17T10:37:34,5700.0,11.85,B
2021-06-17T10:37:34,300.0,11.85,B
2021-06-17T10:37:29,1400.0,11.85,B
2021-06-17T10:37:02,3000.0,11.85,B
2021-06-17T10:36:54,3000.0,11.85,B
2021-06-17T10:36:50,1000.0,11.85,B
2021-06-17T10:36:36,1000.0,11.85,B
2021-06-17T10:36:12,600.0,11.85,B
2021-06-17T10:36:07,1000.0,11.85,B
2021-06-17T10:35:56,2000.0,11.85,B
2021-06-17T10:35:43,100.0,11.85,B
2021-06-17T10:35:21,200.0,11.85,B
2021-06-17T10:35:10,500.0,11.8,S
2021-06-17T10:34:41,800.0,11.85,B
2021-06-17T10:33:00,900.0,11.85,S
2021-06-17T10:33:00,500.0,11.85,S
2021-06-17T10:33:00,4800.0,11.85,S
2021-06-17T10:31:26,500.0,11.85,S
2021-06-17T10:31:26,3400.0,11.85,S
2021-06-17T10:30:46,100.0,11.85,S
2021-06-17T10:29:42,2000.0,11.85,S
2021-06-17T10:29:37,600.0,11.85,S
2021-06-17T10:28:26,3600.0,11.85,S
2021-06-17T10:28:26,6400.0,11.85,S
2021-06-17T10:27:46,700.0,11.85,S
2021-06-17T10:27:12,5000.0,11.85,S
2021-06-17T10:25:45,10000.0,11.8,S
2021-06-17T10:25:38,1800.0,11.85,B
2021-06-17T10:25:20,5000.0,11.85,B
2021-06-17T10:24:52,900.0,11.85,B
2021-06-17T10:24:48,800.0,11.85,B
2021-06-17T10:24:46,1000.0,11.85,B
2021-06-17T10:24:31,100.0,11.85,B
2021-06-17T10:24:02,600.0,11.85,S
2021-06-17T10:23:51,300.0,11.85,S
2021-06-17T10:23:48,1200.0,11.85,S
2021-06-17T10:23:31,800.0,11.85,B
2021-06-17T10:23:28,9400.0,11.85,S
2021-06-17T10:22:41,2700.0,11.85,S
2021-06-17T10:22:41,300.0,11.85,S
2021-06-17T10:22:41,14600.0,11.85,S
2021-06-17T10:22:41,2000.0,11.85,S
2021-06-17T10:22:41,18400.0,11.85,S
2021-06-17T10:22:41,500.0,11.85,S
2021-06-17T10:22:41,11500.0,11.85,S
2021-06-17T10:22:21,1000.0,11.85,S
2021-06-17T10:20:55,200.0,11.85,S
2021-06-17T10:20:34,400.0,11.85,S
2021-06-17T10:19:42,10000.0,11.85,S
2021-06-17T10:18:36,2000.0,11.85,S
2021-06-17T10:18:19,100.0,11.85,S
2021-06-17T10:18:12,2000.0,11.85,S
2021-06-17T10:17:10,1500.0,11.85,S
2021-06-17T10:17:04,900.0,11.85,S
2021-06-17T10:17:03,100.0,11.85,S
2021-06-17T10:16:25,200.0,11.85,S
2021-06-17T10:13:51,100.0,11.85,S
2021-06-17T10:13:21,100.0,11.85,S
2021-06-17T10:13:10,100.0,11.85,S
2021-06-17T10:12:24,100.0,11.85,S
2021-06-17T10:12:01,7500.0,11.85,B
2021-06-17T10:12:01,3500.0,11.85,B
2021-06-17T10:11:45,1500.0,11.85,B
2021-06-17T10:11:20,2900.0,11.85,B
2021-06-17T10:11:11,200.0,11.85,B
2021-06-17T10:11:07,4000.0,11.85,B
2021-06-17T10:10:41,100.0,11.85,S
2021-06-17T10:10:41,3100.0,11.85,S
2021-06-17T10:10:41,13900.0,11.85,S
2021-06-17T10:10:41,5400.0,11.85,S
2021-06-17T10:10:41,400.0,11.85,S
2021-06-17T10:10:41,1100.0,11.85,S
2021-06-17T10:10:41,10000.0,11.85,S
2021-06-17T10:10:41,1200.0,11.85,S
2021-06-17T10:10:41,21000.0,11.85,S
2021-06-17T10:10:41,700.0,11.85,S
2021-06-17T10:10:41,3000.0,11.85,S
2021-06-17T10:10:41,7600.0,11.85,S
2021-06-17T10:08:44,500.0,11.85,S
2021-06-17T10:08:36,500.0,11.85,S
2021-06-17T10:08:36,1000.0,11.85,S
2021-06-17T10:08:32,100.0,11.85,S
2021-06-17T10:08:28,300.0,11.85,S
2021-06-17T10:06:40,600.0,11.85,B
2021-06-17T10:06:40,4400.0,11.85,B
2021-06-17T10:06:40,800.0,11.85,B
2021-06-17T10:06:40,200.0,11.85,B
2021-06-17T10:06:40,100.0,11.8,S
2021-06-17T10:06:40,200.0,11.85,B
2021-06-17T10:06:38,1000.0,11.85,B
2021-06-17T10:06:38,3000.0,11.85,B
2021-06-17T10:06:34,1000.0,11.85,B
2021-06-17T10:06:30,100.0,11.85,B
2021-06-17T10:06:30,500.0,11.85,B
2021-06-17T10:05:32,2000.0,11.85,B
2021-06-17T10:05:29,1000.0,11.85,B
2021-06-17T10:05:26,1000.0,11.85,B
2021-06-17T10:05:17,500.0,11.85,B
2021-06-17T10:05:00,2300.0,11.85,B
2021-06-17T10:04:56,100.0,11.85,B
2021-06-17T10:04:54,3000.0,11.85,B
2021-06-17T10:04:36,2200.0,11.85,B
2021-06-17T10:04:31,900.0,11.85,B
2021-06-17T10:04:09,10200.0,11.85,B
2021-06-17T10:04:03,400.0,11.85,B
2021-06-17T10:04:03,500.0,11.85,B
2021-06-17T10:03:39,1000.0,11.85,B
2021-06-17T10:03:31,100.0,11.85,B
2021-06-17T10:03:24,200.0,11.85,B
2021-06-17T10:03:00,900.0,11.85,B
2021-06-17T10:02:47,200.0,11.85,B
2021-06-17T10:02:20,1000.0,11.85,B
2021-06-17T10:02:19,200.0,11.85,B
2021-06-17T10:02:17,2300.0,11.85,B
2021-06-17T10:02:17,1700.0,11.85,B
2021-06-17T10:02:06,100.0,11.85,B
2021-06-17T10:01:43,100.0,11.85,B
2021-06-17T10:01:43,500.0,11.85,B
2021-06-17T10:01:35,5000.0,11.85,B
2021-06-17T10:01:29,200.0,11.85,B
2021-06-17T10:01:26,1700.0,11.85,B
2021-06-17T10:01:24,400.0,11.85,B
2021-06-17T10:01:14,900.0,11.85,B
2021-06-17T10:01:10,400.0,11.85,B
2021-06-17T10:00:48,1000.0,11.85,B
2021-06-17T10:00:43,200.0,11.85,B
2021-06-17T10:00:40,1000.0,11.8,S
2021-06-17T10:00:28,700.0,11.85,B
2021-06-17T10:00:27,700.0,11.8,S
2021-06-17T10:00:26,2300.0,11.85,B
2021-06-17T10:00:26,200.0,11.85,B
2021-06-17T10:00:21,100.0,11.8,S
2021-06-17T10:00:06,500.0,11.8,S
2021-06-17T09:59:38,500.0,11.8,S
2021-06-17T09:59:38,500.0,11.85,B
2021-06-17T09:59:22,800.0,11.85,B
2021-06-17T09:59:22,5100.0,11.85,B
2021-06-17T09:59:22,10000.0,11.85,B
2021-06-17T09:59:22,100.0,11.85,B
2021-06-17T09:59:22,1800.0,11.85,B
2021-06-17T09:59:22,1300.0,11.85,B
2021-06-17T09:59:22,900.0,11.85,B
2021-06-17T09:59:17,1000.0,11.8,S
2021-06-17T09:58:48,500.0,11.85,B
2021-06-17T09:58:46,1000.0,11.85,B
2021-06-17T09:58:46,500.0,11.85,B
2021-06-17T09:58:31,1000.0,11.85,B
2021-06-17T09:58:20,1000.0,11.85,B
2021-06-17T09:58:19,10900.0,11.85,B
2021-06-17T09:58:16,3300.0,11.85,B
2021-06-17T09:58:16,1000.0,11.85,B
2021-06-17T09:57:38,100.0,11.85,B
2021-06-17T09:57:29,100.0,11.85,B
2021-06-17T09:57:28,1000.0,11.8,S
2021-06-17T09:57:11,200.0,11.85,B
2021-06-17T09:56:52,200.0,11.85,B
2021-06-17T09:56:50,2000.0,11.85,B
2021-06-17T09:56:50,100.0,11.85,B
2021-06-17T09:56:47,200.0,11.85,B
2021-06-17T09:56:47,1000.0,11.8,S
2021-06-17T09:56:05,200.0,11.85,B
2021-06-17T09:55:57,500.0,11.85,B
2021-06-17T09:55:38,500.0,11.8,S
2021-06-17T09:55:37,1000.0,11.8,S
2021-06-17T09:55:24,100.0,11.85,B
2021-06-17T09:55:03,100.0,11.8,S
2021-06-17T09:54:44,5000.0,11.85,B
2021-06-17T09:54:41,2000.0,11.8,S
2021-06-17T09:54:30,1300.0,11.85,B
2021-06-17T09:54:27,200.0,11.8,S
2021-06-17T09:54:15,100.0,11.8,B
2021-06-17T09:54:10,1100.0,11.8,B
2021-06-17T09:54:04,200.0,11.8,B
2021-06-17T09:54:04,10000.0,11.8,B
2021-06-17T09:53:54,100.0,11.8,B
2021-06-17T09:53:48,500.0,11.8,B
2021-06-17T09:53:46,300.0,11.8,B
2021-06-17T09:53:43,5000.0,11.8,B
2021-06-17T09:53:42,100.0,11.8,B
2021-06-17T09:53:40,200.0,11.8,B
2021-06-17T09:53:14,600.0,11.8,S
2021-06-17T09:53:14,100.0,11.8,S
2021-06-17T09:53:14,11800.0,11.8,S
2021-06-17T09:53:14,25400.0,11.8,S
2021-06-17T09:53:14,1100.0,11.8,S
2021-06-17T09:53:14,4400.0,11.8,S
2021-06-17T09:53:14,1200.0,11.8,S
2021-06-17T09:53:14,7000.0,11.8,S
2021-06-17T09:53:14,100.0,11.8,S
2021-06-17T09:53:14,1200.0,11.8,S
2021-06-17T09:53:14,100.0,11.8,S
2021-06-17T09:53:14,2000.0,11.8,S
2021-06-17T09:52:29,900.0,11.8,S
2021-06-17T09:52:06,300.0,11.8,S
2021-06-17T09:52:06,200.0,11.8,S
2021-06-17T09:51:47,1000.0,11.8,S
2021-06-17T09:51:46,600.0,11.85,B
2021-06-17T09:51:02,500.0,11.8,S
2021-06-17T09:50:45,100.0,11.8,S
2021-06-17T09:50:43,100.0,11.85,B
2021-06-17T09:50:40,11000.0,11.85,B
2021-06-17T09:50:32,500.0,11.85,B
2021-06-17T09:50:21,200.0,11.85,B
2021-06-17T09:50:09,100.0,11.85,B
2021-06-17T09:50:08,100.0,11.85,B
2021-06-17T09:49:50,100.0,11.85,B
2021-06-17T09:49:46,300.0,11.85,B
2021-06-17T09:49:44,1500.0,11.85,B
2021-06-17T09:49:38,300.0,11.85,B
2021-06-17T09:49:38,2700.0,11.85,B
2021-06-17T09:49:36,2000.0,11.8,S
2021-06-17T09:49:34,200.0,11.8,S
2021-06-17T09:49:33,400.0,11.85,B
2021-06-17T09:49:32,1200.0,11.8,S
2021-06-17T09:49:22,1000.0,11.8,S
2021-06-17T09:49:19,3600.0,11.85,B
2021-06-17T09:49:18,500.0,11.85,B
2021-06-17T09:49:08,500.0,11.8,S
2021-06-17T09:48:58,19000.0,11.85,B
2021-06-17T09:48:57,200.0,11.85,B
2021-06-17T09:48:23,500.0,11.85,B
2021-06-17T09:48:15,2000.0,11.8,S
2021-06-17T09:48:04,10000.0,11.8,S
2021-06-17T09:47:43,100.0,11.85,B
2021-06-17T09:47:25,1000.0,11.8,S
2021-06-17T09:47:23,3000.0,11.8,S
2021-06-17T09:47:06,1000.0,11.85,B
2021-06-17T09:47:05,200.0,11.85,B
2021-06-17T09:46:54,2000.0,11.85,B
2021-06-17T09:46:52,200.0,11.85,B
2021-06-17T09:46:45,500.0,11.8,S
2021-06-17T09:46:45,5000.0,11.85,B
2021-06-17T09:46:18,300.0,11.85,B
2021-06-17T09:46:18,1500.0,11.85,B
2021-06-17T09:46:17,3500.0,11.85,B
2021-06-17T09:46:17,3100.0,11.85,B
2021-06-17T09:46:06,100.0,11.85,B
2021-06-17T09:45:57,1000.0,11.85,B
2021-06-17T09:45:55,1000.0,11.85,B
2021-06-17T09:45:49,700.0,11.85,B
2021-06-17T09:45:48,200.0,11.8,S
2021-06-17T09:45:40,200.0,11.85,B
2021-06-17T09:45:28,200.0,11.85,B
2021-06-17T09:45:19,200.0,11.85,B
2021-06-17T09:45:15,1000.0,11.85,B
2021-06-17T09:45:08,500.0,11.85,B
2021-06-17T09:45:05,1300.0,11.85,B
2021-06-17T09:45:01,1000.0,11.85,B
2021-06-17T09:44:50,500.0,11.85,B
2021-06-17T09:44:34,100.0,11.85,B
2021-06-17T09:44:20,1000.0,11.85,B
2021-06-17T09:44:18,1000.0,11.85,B
2021-06-17T09:43:51,100.0,11.85,B
2021-06-17T09:43:48,100.0,11.85,B
2021-06-17T09:43:25,2000.0,11.85,B
2021-06-17T09:42:43,1300.0,11.85,S
2021-06-17T09:42:41,700.0,11.85,S
2021-06-17T09:42:37,500.0,11.85,S
2021-06-17T09:42:19,100.0,11.85,S
2021-06-17T09:42:14,2000.0,11.85,S
2021-06-17T09:42:09,800.0,11.85,S
2021-06-17T09:42:06,100.0,11.85,S
2021-06-17T09:41:47,100.0,11.85,S
2021-06-17T09:41:47,2000.0,11.85,S
2021-06-17T09:41:45,500.0,11.85,S
2021-06-17T09:41:42,100.0,11.85,S
2021-06-17T09:41:32,400.0,11.85,S
2021-06-17T09:41:26,300.0,11.85,S
2021-06-17T09:41:20,300.0,11.85,S
2021-06-17T09:41:19,1800.0,11.85,S
2021-06-17T09:41:04,100.0,11.85,S
2021-06-17T09:41:04,1300.0,11.85,S
2021-06-17T09:41:04,3700.0,11.85,S
2021-06-17T09:40:57,1300.0,11.85,S
2021-06-17T09:40:53,600.0,11.85,S
2021-06-17T09:40:52,100.0,11.85,S
2021-06-17T09:40:50,7000.0,11.85,S
2021-06-17T09:40:42,200.0,11.85,S
2021-06-17T09:40:22,1900.0,11.85,S
2021-06-17T09:40:22,500.0,11.85,S
2021-06-17T09:40:22,600.0,11.85,S
2021-06-17T09:40:12,5000.0,11.85,S
2021-06-17T09:39:55,45400.0,11.85,S
2021-06-17T09:39:48,1000.0,11.85,S
2021-06-17T09:39:34,2000.0,11.85,S
2021-06-17T09:39:34,100.0,11.85,S
2021-06-17T09:39:24,100.0,11.85,S
2021-06-17T09:39:19,200.0,11.85,S
2021-06-17T09:39:07,300.0,11.85,S
2021-06-17T09:39:02,300.0,11.85,S
2021-06-17T09:38:58,10000.0,11.85,S
2021-06-17T09:38:56,100.0,11.85,S
2021-06-17T09:38:41,1000.0,11.85,S
2021-06-17T09:38:39,100.0,11.85,S
2021-06-17T09:38:35,3000.0,11.85,S
2021-06-17T09:38:30,2000.0,11.85,S
2021-06-17T09:38:23,100.0,11.85,S
2021-06-17T09:38:22,500.0,11.85,S
2021-06-17T09:38:18,700.0,11.85,S
2021-06-17T09:38:09,5000.0,11.85,S
2021-06-17T09:38:08,100.0,11.85,S
2021-06-17T09:38:00,800.0,11.85,S
2021-06-17T09:37:51,1800.0,11.85,S
2021-06-17T09:37:42,100.0,11.85,S
2021-06-17T09:37:38,1700.0,11.85,S
2021-06-17T09:37:37,1500.0,11.85,S
2021-06-17T09:37:33,3600.0,11.85,S
2021-06-17T09:37:30,200.0,11.85,S
2021-06-17T09:37:28,2300.0,11.85,S
2021-06-17T09:37:27,2000.0,11.85,S
2021-06-17T09:37:26,800.0,11.85,S
2021-06-17T09:37:19,600.0,11.85,S
2021-06-17T09:37:18,2000.0,11.85,S
2021-06-17T09:37:18,800.0,11.85,S
2021-06-17T09:37:18,3500.0,11.85,S
2021-06-17T09:37:17,10000.0,11.85,S
2021-06-17T09:36:56,300.0,11.85,S
2021-06-17T09:36:36,4200.0,11.85,B
2021-06-17T09:36:36,200.0,11.85,B
2021-06-17T09:36:36,3700.0,11.85,B
2021-06-17T09:36:36,8700.0,11.85,B
2021-06-17T09:36:36,300.0,11.85,B
2021-06-17T09:36:36,11600.0,11.85,B
2021-06-17T09:36:36,1100.0,11.85,B
2021-06-17T09:36:36,100.0,11.85,B
2021-06-17T09:36:36,8900.0,11.85,B
2021-06-17T09:36:36,5000.0,11.85,B
2021-06-17T09:36:36,5000.0,11.85,B
2021-06-17T09:36:36,11400.0,11.85,B
2021-06-17T09:36:36,200.0,11.85,B
2021-06-17T09:36:36,12200.0,11.85,B
2021-06-17T09:36:36,300.0,11.85,B
2021-06-17T09:36:36,2400.0,11.85,B
2021-06-17T09:36:36,3800.0,11.85,B
2021-06-17T09:36:36,3600.0,11.85,B
2021-06-17T09:36:36,1500.0,11.85,B
2021-06-17T09:36:35,5200.0,11.85,B
2021-06-17T09:36:35,200.0,11.85,B
2021-06-17T09:36:35,1000.0,11.85,B
2021-06-17T09:36:35,10200.0,11.85,B
2021-06-17T09:36:35,12000.0,11.85,B
2021-06-17T09:36:35,400.0,11.85,B
2021-06-17T09:36:35,1100.0,11.85,B
2021-06-17T09:36:35,15700.0,11.85,B
2021-06-17T09:36:35,8400.0,11.85,B
2021-06-17T09:36:30,100.0,11.85,B
2021-06-17T09:36:28,2600.0,11.85,B
2021-06-17T09:36:21,1000.0,11.8,S
2021-06-17T09:36:18,400.0,11.85,B
2021-06-17T09:36:14,3000.0,11.85,B
2021-06-17T09:36:13,1000.0,11.85,B
2021-06-17T09:35:57,1000.0,11.85,B
2021-06-17T09:35:54,1000.0,11.85,B
2021-06-17T09:35:51,500.0,11.85,B
2021-06-17T09:35:51,3700.0,11.85,B
2021-06-17T09:35:16,1000.0,11.85,B
2021-06-17T09:35:13,200.0,11.85,B
2021-06-17T09:35:13,1000.0,11.8,S
2021-06-17T09:35:10,300.0,11.8,S
2021-06-17T09:35:06,1000.0,11.85,B
2021-06-17T09:34:58,500.0,11.85,B
2021-06-17T09:34:53,100.0,11.8,S
2021-06-17T09:34:51,200.0,11.85,B
2021-06-17T09:34:42,200.0,11.8,S
2021-06-17T09:34:37,10000.0,11.85,B
2021-06-17T09:34:31,100.0,11.8,S
2021-06-17T09:34:22,100.0,11.85,B
2021-06-17T09:34:08,300.0,11.85,B
2021-06-17T09:34:06,100.0,11.85,B
2021-06-17T09:34:02,8000.0,11.85,B
2021-06-17T09:34:01,1000.0,11.8,S
2021-06-17T09:33:57,800.0,11.8,S
2021-06-17T09:33:57,10000.0,11.8,S
2021-06-17T09:33:56,600.0,11.85,B
2021-06-17T09:33:55,100.0,11.85,B
2021-06-17T09:33:50,100.0,11.85,B
2021-06-17T09:33:46,200.0,11.85,B
2021-06-17T09:33:41,3000.0,11.85,B
2021-06-17T09:33:39,6100.0,11.85,B
2021-06-17T09:33:38,1000.0,11.85,B
2021-06-17T09:33:36,5100.0,11.85,B
2021-06-17T09:33:35,2400.0,11.85,B
2021-06-17T09:33:35,1000.0,11.85,B
2021-06-17T09:33:35,3800.0,11.85,B
2021-06-17T09:33:35,300.0,11.85,B
2021-06-17T09:33:25,1500.0,11.85,B
2021-06-17T09:33:17,200.0,11.85,B
2021-06-17T09:33:17,1200.0,11.85,B
2021-06-17T09:33:17,18700.0,11.85,B
2021-06-17T09:33:17,3500.0,11.85,B
2021-06-17T09:33:17,2500.0,11.85,B
2021-06-17T09:33:17,1300.0,11.85,B
2021-06-17T09:33:17,600.0,11.85,B
2021-06-17T09:33:15,2500.0,11.85,B
2021-06-17T09:33:15,2300.0,11.85,B
2021-06-17T09:33:05,500.0,11.85,B
2021-06-17T09:33:04,2600.0,11.85,B
2021-06-17T09:33:04,700.0,11.85,B
2021-06-17T09:33:04,1700.0,11.85,B
2021-06-17T09:32:52,2000.0,11.85,B
2021-06-17T09:32:52,1000.0,11.85,B
2021-06-17T09:32:51,2400.0,11.85,B
2021-06-17T09:32:45,100.0,11.85,B
2021-06-17T09:32:40,900.0,11.85,B
2021-06-17T09:32:39,800.0,11.85,B
2021-06-17T09:32:38,22500.0,11.85,B
2021-06-17T09:32:33,100.0,11.85,B
2021-06-17T09:32:03,2000.0,11.85,B
2021-06-17T09:32:01,2900.0,11.8,B
2021-06-17T09:31:59,200.0,11.8,B
2021-06-17T09:31:59,1900.0,11.85,B
2021-06-17T09:31:59,500.0,11.85,B
2021-06-17T09:31:59,1300.0,11.85,B
2021-06-17T09:31:58,400.0,11.8,B
2021-06-17T09:31:58,200.0,11.8,B
2021-06-17T09:31:57,200.0,11.8,B
2021-06-17T09:31:54,3600.0,11.85,B
2021-06-17T09:31:51,300.0,11.8,B
2021-06-17T09:31:48,300.0,11.8,B
2021-06-17T09:31:46,100.0,11.8,B
2021-06-17T09:31:46,1500.0,11.8,B
2021-06-17T09:31:40,2000.0,11.8,B
2021-06-17T09:31:40,200.0,11.8,B
2021-06-17T09:31:40,500.0,11.8,B
2021-06-17T09:31:38,300.0,11.8,B
2021-06-17T09:31:37,200.0,11.8,B
2021-06-17T09:31:35,1000.0,11.8,B
2021-06-17T09:31:35,5000.0,11.8,B
2021-06-17T09:31:28,400.0,11.8,B
2021-06-17T09:31:28,300.0,11.8,B
2021-06-17T09:31:27,600.0,11.8,B
2021-06-17T09:31:25,4000.0,11.8,B
2021-06-17T09:31:24,9600.0,11.8,B
2021-06-17T09:31:24,600.0,11.8,B
2021-06-17T09:31:24,20500.0,11.8,B
2021-06-17T09:31:23,1000.0,11.8,B
2021-06-17T09:31:22,400.0,11.8,B
2021-06-17T09:31:21,1600.0,11.8,B
2021-06-17T09:31:21,1000.0,11.8,B
2021-06-17T09:31:21,3500.0,11.8,B
2021-06-17T09:31:20,1300.0,11.8,B
2021-06-17T09:31:16,5000.0,11.8,B
2021-06-17T09:31:15,10000.0,11.8,B
2021-06-17T09:31:15,100.0,11.8,B
2021-06-17T09:31:15,500.0,11.8,B
2021-06-17T09:31:11,2000.0,11.8,B
2021-06-17T09:31:11,2500.0,11.8,B
2021-06-17T09:31:10,100.0,11.8,B
2021-06-17T09:31:07,3000.0,11.8,B
2021-06-17T09:31:00,400.0,11.8,B
2021-06-17T09:30:51,1000.0,11.8,B
2021-06-17T09:30:45,200.0,11.8,B
2021-06-17T09:30:36,200.0,11.8,B
2021-06-17T09:30:34,100.0,11.8,B
2021-06-17T09:30:32,200.0,11.8,B
2021-06-17T09:30:27,100.0,11.8,B
2021-06-17T09:30:17,1000.0,11.8,B
2021-06-17T09:30:10,2000.0,11.8,B
2021-06-17T09:30:05,1000.0,11.8,B
2021-06-17T09:30:00,2500.0,11.75,B
2021-06-17T09:29:54,300.0,11.75,B
2021-06-17T09:29:49,100.0,11.75,B
2021-06-17T09:29:48,1000.0,11.75,B
2021-06-17T09:29:44,17300.0,11.75,B
2021-06-17T09:29:35,500.0,11.7,B
2021-06-17T09:29:33,500.0,11.7,B
2021-06-17T09:29:09,200.0,11.7,B
2021-06-17T09:29:08,200.0,11.7,B
2021-06-17T09:29:06,100.0,11.7,B
2021-06-17T09:28:58,43000.0,11.7,B
2021-06-17T09:28:52,2000.0,11.7,B
2021-06-17T09:28:42,5000.0,11.65,S
2021-06-17T09:28:36,100.0,11.65,S
2021-06-17T09:28:31,2000.0,11.7,B
2021-06-17T09:28:30,1000.0,11.7,B
2021-06-17T09:28:25,200.0,11.7,B
2021-06-17T09:28:15,5000.0,11.7,B
2021-06-17T09:28:10,200.0,11.7,B
2021-06-17T09:28:01,2600.0,11.65,B
2021-06-17T09:28:01,2500.0,11.65,B
2021-06-17T09:27:54,7900.0,11.65,B
2021-06-17T09:27:47,300.0,11.65,B
2021-06-17T09:27:20,10000.0,11.6,B
2021-06-17T09:27:02,1200.0,11.6,B
2021-06-17T09:26:50,5000.0,11.6,B
2021-06-17T09:26:49,300.0,11.65,B
2021-06-17T09:26:41,100.0,11.6,B
2021-06-17T09:26:33,500.0,11.6,B
2021-06-17T09:26:25,1200.0,11.6,B
2021-06-17T09:26:25,25200.0,11.6,B
2021-06-17T09:26:25,200.0,11.6,B
2021-06-17T09:26:25,300.0,11.6,B
2021-06-17T09:26:25,400.0,11.6,B
2021-06-17T09:26:25,22000.0,11.6,B
2021-06-17T09:26:25,15300.0,11.6,B
2021-06-17T09:26:23,100.0,11.6,B
2021-06-17T09:26:19,3000.0,11.6,B
2021-06-17T09:26:16,1000.0,11.6,B
2021-06-17T09:25:45,2100.0,11.6,B
2021-06-17T09:25:45,400.0,11.6,B
2021-06-17T09:25:40,500.0,11.55,S
2021-06-17T09:25:34,500.0,11.6,B
2021-06-17T09:25:34,500.0,11.6,B
2021-06-17T09:25:05,900.0,11.55,B
2021-06-17T09:24:51,200.0,11.55,B
2021-06-17T09:24:48,1000.0,11.55,B
2021-06-17T09:24:42,7400.0,11.55,B
2021-06-17T09:24:33,100.0,11.55,B
2021-06-17T09:24:22,3500.0,11.55,B
2021-06-17T09:24:19,1900.0,11.55,B
2021-06-17T09:24:16,5000.0,11.55,B
2021-06-17T09:24:12,1900.0,11.5,S
2021-06-17T09:24:10,2000.0,11.55,B
2021-06-17T09:24:06,600.0,11.55,B
2021-06-17T09:23:46,300.0,11.5,S
2021-06-17T09:23:45,200.0,11.55,B
2021-06-17T09:23:45,500.0,11.5,S
2021-06-17T09:23:43,1700.0,11.55,B
2021-06-17T09:23:43,800.0,11.55,B
2021-06-17T09:23:40,500.0,11.55,B
2021-06-17T09:23:39,300.0,11.55,B
2021-06-17T09:23:32,4000.0,11.55,B
2021-06-17T09:23:30,9000.0,11.5,S
2021-06-17T09:23:21,500.0,11.55,B
2021-06-17T09:23:19,500.0,11.5,S
2021-06-17T09:23:17,100.0,11.55,B
2021-06-17T09:23:12,1400.0,11.55,B
2021-06-17T09:23:06,1700.0,11.5,S
2021-06-17T09:23:03,1000.0,11.55,B
2021-06-17T09:22:49,200.0,11.55,B
2021-06-17T09:22:47,1500.0,11.55,B
2021-06-17T09:22:17,200.0,11.55,B
2021-06-17T09:22:17,1000.0,11.55,B
2021-06-17T09:22:06,100.0,11.55,B
2021-06-17T09:21:54,2700.0,11.55,B
2021-06-17T09:21:37,5600.0,11.55,B
2021-06-17T09:21:26,500.0,11.55,B
2021-06-17T09:21:22,5000.0,11.5,B
2021-06-17T09:21:20,2500.0,11.5,B
2021-06-17T09:21:05,200.0,11.5,B
2021-06-17T09:20:40,500.0,11.5,B
2021-06-17T09:20:39,300.0,11.5,B
2021-06-17T09:20:38,500.0,11.5,B
2021-06-17T09:20:34,100.0,11.5,B
2021-06-17T09:20:29,2000.0,11.55,B
2021-06-17T09:20:24,500.0,11.55,B
2021-06-17T09:20:18,400.0,11.5,B
2021-06-17T09:20:18,3100.0,11.5,B
2021-06-17T09:20:18,500.0,11.5,B
2021-06-17T09:20:16,400.0,11.5,B
2021-06-17T09:20:16,500.0,11.5,B
2021-06-17T09:20:12,500.0,11.5,B
2021-06-17T09:20:12,100.0,11.5,B
2021-06-17T09:20:12,1000.0,11.5,B
2021-06-17T09:20:12,200.0,11.5,B
2021-06-17T09:20:10,200.0,11.5,B
2021-06-17T09:20:08,100.0,11.5,B
2021-06-17T09:20:06,500.0,11.5,B
2021-06-17T09:20:06,500.0,11.5,B
2021-06-17T09:19:22,1000.0,11.5,B
2021-06-17T09:19:13,2000.0,11.5,B
2021-06-17T09:19:05,100.0,11.5,B
2021-06-17T09:18:56,1000.0,11.55,B
2021-06-17T09:18:54,1800.0,11.4,S
2021-06-17T09:18:34,600.0,11.55,B
2021-06-17T09:18:34,2400.0,11.55,B
2021-06-17T09:18:34,2800.0,11.55,B
2021-06-17T09:18:31,5000.0,11.55,B
2021-06-17T09:18:20,1500.0,11.5,S
2021-06-17T09:18:19,400.0,11.4,S
2021-06-17T09:18:13,100.0,11.5,S
2021-06-17T09:18:11,2000.0,11.5,S
2021-06-17T09:18:03,1500.0,11.5,S
2021-06-17T09:18:03,1500.0,11.5,S
2021-06-17T09:18:02,2000.0,11.55,B
2021-06-17T09:17:42,500.0,11.5,S
2021-06-17T09:17:33,400.0,11.5,S
2021-06-17T09:17:28,2000.0,11.5,S
2021-06-17T09:17:22,3000.0,11.5,S
2021-06-17T09:17:10,500.0,11.5,S
2021-06-17T09:17:03,100.0,11.55,B
2021-06-17T09:17:02,1500.0,11.5,S
2021-06-17T09:16:58,2000.0,11.5,S
2021-06-17T09:16:54,900.0,11.55,B
2021-06-17T09:16:52,1000.0,11.5,S
2021-06-17T09:16:49,500.0,11.5,S
2021-06-17T09:16:49,500.0,11.5,S
2021-06-17T09:16:47,4300.0,11.55,B
2021-06-17T09:16:35,3000.0,11.55,B
2021-06-17T09:16:32,1200.0,11.5,B
2021-06-17T09:16:24,2000.0,11.5,B
2021-06-17T09:16:24,4000.0,11.5,B
2021-06-17T09:16:09,6000.0,11.5,B
2021-06-17T09:16:07,6000.0,11.5,B
