tradingTime,volume,price,side
2021-06-17T14:30:24,2000.0,21.4,B
2021-06-17T14:30:01,300.0,21.4,B
2021-06-17T14:29:55,500.0,21.4,B
2021-06-17T14:29:28,500.0,21.35,S
2021-06-17T14:29:20,500.0,21.4,B
2021-06-17T14:28:06,200.0,21.35,S
2021-06-17T14:27:51,1000.0,21.35,S
2021-06-17T14:26:44,1000.0,21.35,S
2021-06-17T14:26:40,700.0,21.4,B
2021-06-17T14:26:04,100.0,21.35,S
2021-06-17T14:25:19,200.0,21.35,S
2021-06-17T14:25:01,1000.0,21.4,B
2021-06-17T14:24:55,3000.0,21.4,S
2021-06-17T14:24:54,9700.0,21.4,S
2021-06-17T14:24:44,300.0,21.4,S
2021-06-17T14:24:44,200.0,21.4,S
2021-06-17T14:24:26,300.0,21.4,S
2021-06-17T14:23:54,5000.0,21.4,S
2021-06-17T14:22:46,100.0,21.45,B
2021-06-17T14:22:12,2200.0,21.4,S
2021-06-17T14:21:59,1000.0,21.4,S
2021-06-17T14:21:24,300.0,21.45,B
2021-06-17T14:21:08,700.0,21.4,S
2021-06-17T14:20:52,500.0,21.4,S
2021-06-17T14:20:16,300.0,21.4,S
2021-06-17T14:20:09,400.0,21.4,S
2021-06-17T14:19:42,400.0,21.35,S
2021-06-17T14:19:42,2300.0,21.35,S
2021-06-17T14:19:42,300.0,21.4,S
2021-06-17T14:19:36,300.0,21.4,B
2021-06-17T14:19:23,300.0,21.35,S
2021-06-17T14:19:06,800.0,21.4,S
2021-06-17T14:19:05,100.0,21.4,S
2021-06-17T14:18:59,100.0,21.4,S
2021-06-17T14:18:35,1200.0,21.35,S
2021-06-17T14:18:31,200.0,21.4,B
2021-06-17T14:18:21,400.0,21.4,B
2021-06-17T14:18:13,2000.0,21.4,S
2021-06-17T14:18:13,100.0,21.4,S
2021-06-17T14:18:13,2600.0,21.4,S
2021-06-17T14:18:13,4700.0,21.4,S
2021-06-17T14:18:06,200.0,21.45,B
2021-06-17T14:17:56,400.0,21.45,B
2021-06-17T14:17:44,300.0,21.4,S
2021-06-17T14:17:43,700.0,21.4,S
2021-06-17T14:17:28,500.0,21.45,B
2021-06-17T14:16:55,700.0,21.45,B
2021-06-17T14:16:55,800.0,21.45,B
2021-06-17T14:16:32,1100.0,21.4,S
2021-06-17T14:16:25,5000.0,21.45,B
2021-06-17T14:16:20,1200.0,21.45,B
2021-06-17T14:16:17,19000.0,21.4,S
2021-06-17T14:15:53,100.0,21.45,B
2021-06-17T14:15:10,600.0,21.45,B
2021-06-17T14:14:59,800.0,21.45,B
2021-06-17T14:14:49,2900.0,21.4,S
2021-06-17T14:14:46,2300.0,21.45,B
2021-06-17T14:14:43,500.0,21.4,S
2021-06-17T14:14:34,3200.0,21.45,B
2021-06-17T14:14:34,1600.0,21.45,B
2021-06-17T14:14:34,100.0,21.45,B
2021-06-17T14:14:34,600.0,21.45,B
2021-06-17T14:14:34,4500.0,21.45,B
2021-06-17T14:14:22,1100.0,21.4,S
2021-06-17T14:14:22,300.0,21.45,B
2021-06-17T14:14:18,300.0,21.45,B
2021-06-17T14:14:09,5000.0,21.45,B
2021-06-17T14:14:07,1500.0,21.45,B
2021-06-17T14:14:03,100.0,21.45,B
2021-06-17T14:13:49,200.0,21.45,B
2021-06-17T14:13:27,1000.0,21.45,B
2021-06-17T14:12:39,500.0,21.4,S
2021-06-17T14:12:13,1900.0,21.4,S
2021-06-17T14:12:07,500.0,21.45,B
2021-06-17T14:12:07,800.0,21.45,B
2021-06-17T14:12:07,1200.0,21.45,B
2021-06-17T14:11:52,1000.0,21.4,S
2021-06-17T14:10:49,5000.0,21.4,S
2021-06-17T14:10:34,2000.0,21.4,S
2021-06-17T14:10:21,1000.0,21.4,S
2021-06-17T14:10:19,900.0,21.4,S
2021-06-17T14:10:04,1200.0,21.4,S
2021-06-17T14:09:26,10000.0,21.4,S
2021-06-17T14:08:15,500.0,21.4,S
2021-06-17T14:08:05,200.0,21.45,B
2021-06-17T14:08:01,500.0,21.4,S
2021-06-17T14:08:01,600.0,21.4,S
2021-06-17T14:08:00,100.0,21.4,S
2021-06-17T14:07:55,100.0,21.45,B
2021-06-17T14:07:31,200.0,21.45,B
2021-06-17T14:05:52,100.0,21.45,B
2021-06-17T14:05:52,1200.0,21.4,S
2021-06-17T14:05:09,300.0,21.4,S
2021-06-17T14:05:09,1100.0,21.4,S
2021-06-17T14:05:09,8600.0,21.4,S
2021-06-17T14:03:52,500.0,21.4,S
2021-06-17T14:03:44,1000.0,21.4,S
2021-06-17T14:03:42,1200.0,21.4,S
2021-06-17T14:03:39,100.0,21.4,S
2021-06-17T14:02:14,1500.0,21.4,S
2021-06-17T14:01:51,2000.0,21.4,S
2021-06-17T14:01:41,1100.0,21.4,S
2021-06-17T14:01:11,300.0,21.4,S
2021-06-17T14:01:04,1000.0,21.45,B
2021-06-17T14:01:02,4700.0,21.4,S
2021-06-17T13:59:50,300.0,21.4,S
2021-06-17T13:59:39,5000.0,21.4,S
2021-06-17T13:59:39,1100.0,21.4,S
2021-06-17T13:59:26,6000.0,21.4,S
2021-06-17T13:57:40,1100.0,21.4,S
2021-06-17T13:57:12,900.0,21.45,B
2021-06-17T13:57:11,1000.0,21.4,S
2021-06-17T13:56:41,2000.0,21.4,S
2021-06-17T13:55:52,500.0,21.4,S
2021-06-17T13:55:32,1100.0,21.4,S
2021-06-17T13:53:42,1000.0,21.4,B
2021-06-17T13:53:34,400.0,21.4,B
2021-06-17T13:53:29,1100.0,21.3,S
2021-06-17T13:53:09,1000.0,21.4,B
2021-06-17T13:52:32,800.0,21.4,B
2021-06-17T13:51:20,1200.0,21.3,S
2021-06-17T13:50:53,4000.0,21.3,S
2021-06-17T13:50:43,9800.0,21.4,B
2021-06-17T13:50:43,8400.0,21.35,B
2021-06-17T13:50:20,1000.0,21.3,B
2021-06-17T13:50:12,900.0,21.3,B
2021-06-17T13:50:11,300.0,21.3,B
2021-06-17T13:49:53,200.0,21.3,B
2021-06-17T13:49:43,3000.0,21.3,B
2021-06-17T13:49:15,100.0,21.3,B
2021-06-17T13:49:12,300.0,21.25,S
2021-06-17T13:49:12,800.0,21.25,S
2021-06-17T13:48:28,100.0,21.3,B
2021-06-17T13:48:04,500.0,21.3,B
2021-06-17T13:48:04,3000.0,21.3,B
2021-06-17T13:47:25,2100.0,21.3,B
2021-06-17T13:47:23,3400.0,21.35,B
2021-06-17T13:47:23,300.0,21.3,B
2021-06-17T13:47:11,800.0,21.3,S
2021-06-17T13:46:58,300.0,21.3,S
2021-06-17T13:46:58,700.0,21.3,S
2021-06-17T13:46:43,100.0,21.35,B
2021-06-17T13:46:21,500.0,21.3,S
2021-06-17T13:46:12,1800.0,21.3,S
2021-06-17T13:46:12,200.0,21.3,S
2021-06-17T13:45:32,5000.0,21.3,S
2021-06-17T13:45:08,2500.0,21.3,S
2021-06-17T13:45:08,6400.0,21.3,S
2021-06-17T13:45:06,1100.0,21.3,S
2021-06-17T13:44:07,3200.0,21.3,S
2021-06-17T13:44:05,5000.0,21.3,S
2021-06-17T13:44:05,200.0,21.3,S
2021-06-17T13:44:05,1100.0,21.3,S
2021-06-17T13:44:05,500.0,21.3,S
2021-06-17T13:43:12,200.0,21.35,B
2021-06-17T13:43:00,1200.0,21.3,S
2021-06-17T13:42:50,8100.0,21.35,B
2021-06-17T13:42:50,6900.0,21.35,B
2021-06-17T13:42:41,20600.0,21.3,S
2021-06-17T13:42:41,1800.0,21.3,S
2021-06-17T13:42:41,2000.0,21.3,S
2021-06-17T13:42:41,2400.0,21.3,S
2021-06-17T13:42:41,700.0,21.3,S
2021-06-17T13:42:41,1500.0,21.3,S
2021-06-17T13:42:41,1000.0,21.3,S
2021-06-17T13:42:29,900.0,21.35,B
2021-06-17T13:42:26,100.0,21.3,S
2021-06-17T13:42:15,2000.0,21.35,B
2021-06-17T13:42:01,2000.0,21.3,S
2021-06-17T13:41:55,2400.0,21.35,B
2021-06-17T13:41:42,1000.0,21.35,B
2021-06-17T13:41:17,100.0,21.3,S
2021-06-17T13:40:52,1100.0,21.3,S
2021-06-17T13:39:52,100.0,21.35,B
2021-06-17T13:39:46,1000.0,21.35,B
2021-06-17T13:39:36,2000.0,21.3,S
2021-06-17T13:39:36,400.0,21.35,B
2021-06-17T13:39:12,500.0,21.35,B
2021-06-17T13:38:50,600.0,21.35,B
2021-06-17T13:38:46,200.0,21.3,S
2021-06-17T13:38:46,900.0,21.3,S
2021-06-17T13:38:35,100.0,21.35,B
2021-06-17T13:37:42,500.0,21.35,S
2021-06-17T13:37:40,700.0,21.35,S
2021-06-17T13:37:22,200.0,21.4,B
2021-06-17T13:37:18,900.0,21.35,B
2021-06-17T13:37:08,1600.0,21.35,S
2021-06-17T13:36:45,1100.0,21.35,S
2021-06-17T13:36:40,200.0,21.35,S
2021-06-17T13:36:31,300.0,21.35,S
2021-06-17T13:35:51,400.0,21.35,S
2021-06-17T13:35:41,200.0,21.35,S
2021-06-17T13:35:39,1000.0,21.35,S
2021-06-17T13:35:36,500.0,21.4,B
2021-06-17T13:35:13,100.0,21.35,B
2021-06-17T13:35:10,200.0,21.35,B
2021-06-17T13:34:36,1100.0,21.3,S
2021-06-17T13:34:12,4900.0,21.35,B
2021-06-17T13:32:36,2500.0,21.3,B
2021-06-17T13:32:28,1100.0,21.25,S
2021-06-17T13:32:21,700.0,21.3,B
2021-06-17T13:31:55,200.0,21.3,B
2021-06-17T13:31:24,200.0,21.3,B
2021-06-17T13:31:06,2300.0,21.3,S
2021-06-17T13:31:06,5200.0,21.3,S
2021-06-17T13:31:06,1500.0,21.3,S
2021-06-17T13:31:06,4200.0,21.3,S
2021-06-17T13:31:05,11300.0,21.3,S
2021-06-17T13:31:05,1500.0,21.3,S
2021-06-17T13:31:05,5000.0,21.3,S
2021-06-17T13:31:05,1000.0,21.3,S
2021-06-17T13:31:05,200.0,21.3,S
2021-06-17T13:31:05,1300.0,21.3,S
2021-06-17T13:31:05,900.0,21.3,S
2021-06-17T13:31:05,700.0,21.35,S
2021-06-17T13:31:05,1300.0,21.35,S
2021-06-17T13:31:05,5400.0,21.35,S
2021-06-17T13:31:05,2600.0,21.35,S
2021-06-17T13:31:05,3000.0,21.35,S
2021-06-17T13:30:36,1000.0,21.35,S
2021-06-17T13:30:30,200.0,21.35,S
2021-06-17T13:30:22,1100.0,21.35,S
2021-06-17T13:30:19,300.0,21.35,S
2021-06-17T13:29:56,300.0,21.35,S
2021-06-17T13:29:25,1400.0,21.35,S
2021-06-17T13:28:59,1600.0,21.4,S
2021-06-17T13:28:59,2100.0,21.4,S
2021-06-17T13:28:44,1000.0,21.4,S
2021-06-17T13:28:36,400.0,21.45,B
2021-06-17T13:28:34,2200.0,21.4,S
2021-06-17T13:28:27,500.0,21.4,S
2021-06-17T13:28:27,10000.0,21.4,S
2021-06-17T13:28:00,200.0,21.4,S
2021-06-17T13:27:09,200.0,21.45,B
2021-06-17T13:27:00,9000.0,21.4,S
2021-06-17T13:26:26,2800.0,21.45,S
2021-06-17T13:26:26,200.0,21.4,S
2021-06-17T13:26:22,1000.0,21.45,S
2021-06-17T13:26:14,100.0,21.45,S
2021-06-17T13:26:09,500.0,21.4,S
2021-06-17T13:25:21,300.0,21.45,S
2021-06-17T13:25:16,100.0,21.45,S
2021-06-17T13:25:14,500.0,21.45,S
2021-06-17T13:25:07,900.0,21.45,S
2021-06-17T13:25:01,1100.0,21.45,S
2021-06-17T13:24:40,2100.0,21.45,S
2021-06-17T13:24:36,200.0,21.5,B
2021-06-17T13:24:33,500.0,21.45,S
2021-06-17T13:24:30,200.0,21.45,S
2021-06-17T13:24:30,300.0,21.45,S
2021-06-17T13:24:29,700.0,21.45,S
2021-06-17T13:24:20,300.0,21.45,S
2021-06-17T13:23:42,1800.0,21.45,S
2021-06-17T13:23:39,600.0,21.5,B
2021-06-17T13:23:23,200.0,21.45,S
2021-06-17T13:22:51,5000.0,21.5,B
2021-06-17T13:22:29,500.0,21.45,S
2021-06-17T13:22:21,5000.0,21.45,S
2021-06-17T13:22:18,1200.0,21.45,S
2021-06-17T13:22:16,400.0,21.5,B
2021-06-17T13:21:23,200.0,21.45,S
2021-06-17T13:21:23,2000.0,21.5,B
2021-06-17T13:21:21,1000.0,21.45,S
2021-06-17T13:21:16,200.0,21.5,B
2021-06-17T13:21:10,100.0,21.45,S
2021-06-17T13:20:56,5000.0,21.45,S
2021-06-17T13:20:24,3700.0,21.45,S
2021-06-17T13:20:24,1000.0,21.45,S
2021-06-17T13:20:24,5300.0,21.45,S
2021-06-17T13:19:59,1200.0,21.45,S
2021-06-17T13:19:46,4000.0,21.45,S
2021-06-17T13:19:42,500.0,21.45,S
2021-06-17T13:19:29,200.0,21.45,S
2021-06-17T13:19:24,1700.0,21.45,S
2021-06-17T13:19:03,5000.0,21.45,S
2021-06-17T13:18:21,500.0,21.45,S
2021-06-17T13:17:48,1000.0,21.45,S
2021-06-17T13:17:48,200.0,21.45,S
2021-06-17T13:17:36,100.0,21.5,B
2021-06-17T13:17:11,100.0,21.5,B
2021-06-17T13:16:58,100.0,21.5,B
2021-06-17T13:16:43,600.0,21.5,B
2021-06-17T13:16:16,200.0,21.5,B
2021-06-17T13:16:16,3300.0,21.45,S
2021-06-17T13:15:40,1100.0,21.45,S
2021-06-17T13:15:27,100.0,21.5,B
2021-06-17T13:15:19,100.0,21.5,B
2021-06-17T13:15:15,200.0,21.45,S
2021-06-17T13:15:06,100.0,21.5,B
2021-06-17T13:15:01,1500.0,21.5,B
2021-06-17T13:15:01,1200.0,21.5,B
2021-06-17T13:14:50,1000.0,21.5,B
2021-06-17T13:14:36,100.0,21.5,B
2021-06-17T13:14:31,2300.0,21.5,B
2021-06-17T13:14:31,300.0,21.5,B
2021-06-17T13:14:21,1000.0,21.5,B
2021-06-17T13:14:07,200.0,21.5,B
2021-06-17T13:14:03,500.0,21.45,S
2021-06-17T13:13:47,100.0,21.5,B
2021-06-17T13:13:45,100.0,21.5,B
2021-06-17T13:13:39,1100.0,21.45,S
2021-06-17T13:13:33,900.0,21.5,B
2021-06-17T13:13:28,600.0,21.5,B
2021-06-17T13:13:12,700.0,21.45,S
2021-06-17T13:12:17,1400.0,21.5,B
2021-06-17T13:12:05,500.0,21.5,B
2021-06-17T13:11:56,3800.0,21.5,B
2021-06-17T13:11:56,7800.0,21.5,B
2021-06-17T13:11:54,400.0,21.5,B
2021-06-17T13:11:37,100.0,21.5,B
2021-06-17T13:11:36,2500.0,21.5,B
2021-06-17T13:11:30,1100.0,21.45,S
2021-06-17T13:11:01,2000.0,21.5,B
2021-06-17T13:10:27,200.0,21.5,B
2021-06-17T13:09:37,200.0,21.45,S
2021-06-17T13:09:26,6100.0,21.45,S
2021-06-17T13:08:55,1800.0,21.5,B
2021-06-17T13:08:16,5000.0,21.5,B
2021-06-17T13:08:07,1000.0,21.45,S
2021-06-17T13:07:14,1100.0,21.45,S
2021-06-17T13:07:07,3300.0,21.45,S
2021-06-17T13:06:53,5500.0,21.45,S
2021-06-17T13:05:05,1200.0,21.45,S
2021-06-17T13:03:57,200.0,21.5,B
2021-06-17T13:03:16,8500.0,21.45,B
2021-06-17T13:03:13,400.0,21.45,B
2021-06-17T13:03:11,100.0,21.45,B
2021-06-17T13:03:04,5000.0,21.45,B
2021-06-17T13:03:02,1100.0,21.4,S
2021-06-17T13:02:51,100.0,21.45,B
2021-06-17T13:01:29,200.0,21.45,B
2021-06-17T13:01:24,100.0,21.45,B
2021-06-17T13:01:20,200.0,21.45,B
2021-06-17T13:01:18,500.0,21.45,B
2021-06-17T13:01:14,5000.0,21.45,B
2021-06-17T13:01:11,500.0,21.45,B
2021-06-17T13:01:11,1100.0,21.4,S
2021-06-17T13:00:59,100.0,21.45,B
2021-06-17T13:00:59,4400.0,21.45,B
2021-06-17T13:00:59,2000.0,21.45,B
2021-06-17T13:00:59,1500.0,21.45,B
2021-06-17T13:00:57,5000.0,21.45,B
2021-06-17T13:00:47,300.0,21.45,B
2021-06-17T13:00:40,1000.0,21.4,S
2021-06-17T13:00:29,100.0,21.45,B
2021-06-17T13:00:28,2000.0,21.45,B
2021-06-17T13:00:25,500.0,21.45,B
2021-06-17T13:00:25,5200.0,21.45,B
2021-06-17T11:30:07,1000.0,21.45,B
2021-06-17T11:28:30,200.0,21.45,B
2021-06-17T11:28:22,4000.0,21.45,B
2021-06-17T11:28:17,400.0,21.4,S
2021-06-17T11:27:26,500.0,21.4,B
2021-06-17T11:26:22,1100.0,21.35,S
2021-06-17T11:26:13,2100.0,21.4,B
2021-06-17T11:25:38,200.0,21.4,B
2021-06-17T11:25:33,200.0,21.4,B
2021-06-17T11:25:01,200.0,21.35,S
2021-06-17T11:24:17,1100.0,21.35,S
2021-06-17T11:23:54,1500.0,21.45,B
2021-06-17T11:23:54,1500.0,21.45,B
2021-06-17T11:23:29,2000.0,21.35,S
2021-06-17T11:22:58,300.0,21.35,S
2021-06-17T11:22:06,1200.0,21.35,S
2021-06-17T11:22:05,100.0,21.4,B
2021-06-17T11:21:46,5000.0,21.4,B
2021-06-17T11:21:13,4100.0,21.4,S
2021-06-17T11:20:57,200.0,21.4,S
2021-06-17T11:20:48,100.0,21.4,S
2021-06-17T11:20:48,600.0,21.4,S
2021-06-17T11:20:48,9400.0,21.4,S
2021-06-17T11:20:28,1000.0,21.4,S
2021-06-17T11:20:04,2000.0,21.4,S
2021-06-17T11:19:56,1100.0,21.4,S
2021-06-17T11:19:49,500.0,21.4,S
2021-06-17T11:18:47,100.0,21.4,S
2021-06-17T11:18:46,100.0,21.4,S
2021-06-17T11:18:13,600.0,21.4,S
2021-06-17T11:18:10,200.0,21.4,S
2021-06-17T11:17:48,1200.0,21.4,S
2021-06-17T11:17:44,300.0,21.45,B
2021-06-17T11:17:40,2700.0,21.4,B
2021-06-17T11:17:26,200.0,21.4,B
2021-06-17T11:17:26,200.0,21.4,B
2021-06-17T11:17:19,1000.0,21.4,B
2021-06-17T11:17:15,200.0,21.4,B
2021-06-17T11:16:50,300.0,21.4,B
2021-06-17T11:16:18,400.0,21.35,S
2021-06-17T11:15:44,300.0,21.35,B
2021-06-17T11:15:42,800.0,21.35,S
2021-06-17T11:15:31,500.0,21.35,S
2021-06-17T11:15:22,800.0,21.35,B
2021-06-17T11:15:19,1000.0,21.35,B
2021-06-17T11:14:44,3200.0,21.35,B
2021-06-17T11:14:43,800.0,21.35,B
2021-06-17T11:14:41,4200.0,21.35,S
2021-06-17T11:14:06,1800.0,21.35,B
2021-06-17T11:13:44,100.0,21.3,S
2021-06-17T11:13:44,1000.0,21.3,S
2021-06-17T11:13:44,100.0,21.3,S
2021-06-17T11:13:36,700.0,21.35,S
2021-06-17T11:13:36,1500.0,21.35,S
2021-06-17T11:13:29,100.0,21.35,S
2021-06-17T11:12:39,100.0,21.35,S
2021-06-17T11:12:33,3000.0,21.35,S
2021-06-17T11:11:56,1000.0,21.35,S
2021-06-17T11:11:49,100.0,21.35,S
2021-06-17T11:11:48,500.0,21.4,B
2021-06-17T11:11:46,400.0,21.4,B
2021-06-17T11:11:46,300.0,21.4,B
2021-06-17T11:11:28,1000.0,21.35,S
2021-06-17T11:11:28,100.0,21.35,S
2021-06-17T11:11:19,2000.0,21.4,B
2021-06-17T11:11:08,7700.0,21.4,S
2021-06-17T11:11:07,1500.0,21.4,S
2021-06-17T11:11:00,500.0,21.4,S
2021-06-17T11:10:55,100.0,21.4,S
2021-06-17T11:10:40,500.0,21.4,S
2021-06-17T11:10:39,5000.0,21.4,S
2021-06-17T11:10:30,20000.0,21.4,S
2021-06-17T11:10:22,1000.0,21.4,S
2021-06-17T11:10:18,4000.0,21.4,S
2021-06-17T11:10:15,5000.0,21.4,S
2021-06-17T11:10:10,2000.0,21.45,B
2021-06-17T11:09:38,1000.0,21.4,S
2021-06-17T11:09:27,1000.0,21.45,B
2021-06-17T11:09:24,900.0,21.4,S
2021-06-17T11:09:24,200.0,21.4,S
2021-06-17T11:08:35,1000.0,21.45,B
2021-06-17T11:08:32,100.0,21.45,B
2021-06-17T11:08:17,300.0,21.45,B
2021-06-17T11:07:56,15000.0,21.45,S
2021-06-17T11:07:55,5000.0,21.45,S
2021-06-17T11:07:51,100.0,21.45,S
2021-06-17T11:07:26,100.0,21.45,S
2021-06-17T11:07:25,500.0,21.45,S
2021-06-17T11:07:14,1200.0,21.45,S
2021-06-17T11:06:59,5000.0,21.45,S
2021-06-17T11:06:53,1400.0,21.5,B
2021-06-17T11:06:50,1000.0,21.5,B
2021-06-17T11:06:36,5000.0,21.45,S
2021-06-17T11:06:36,100.0,21.5,B
2021-06-17T11:06:35,6000.0,21.5,B
2021-06-17T11:06:35,3000.0,21.5,B
2021-06-17T11:06:30,1000.0,21.5,B
2021-06-17T11:06:17,4000.0,21.5,B
2021-06-17T11:06:01,2000.0,21.5,B
2021-06-17T11:05:14,200.0,21.5,B
2021-06-17T11:05:08,1100.0,21.45,S
2021-06-17T11:05:08,1000.0,21.5,B
2021-06-17T11:05:06,300.0,21.5,B
2021-06-17T11:05:05,1000.0,21.5,B
2021-06-17T11:05:04,500.0,21.5,B
2021-06-17T11:04:51,2000.0,21.5,B
2021-06-17T11:04:45,100.0,21.5,B
2021-06-17T11:04:32,100.0,21.5,B
2021-06-17T11:04:30,500.0,21.55,B
2021-06-17T11:04:24,500.0,21.55,B
2021-06-17T11:04:23,1700.0,21.5,S
2021-06-17T11:04:03,500.0,21.55,B
2021-06-17T11:03:59,3400.0,21.5,S
2021-06-17T11:03:59,1600.0,21.5,S
2021-06-17T11:03:53,1000.0,21.5,S
2021-06-17T11:03:48,100.0,21.5,S
2021-06-17T11:03:48,100.0,21.55,B
2021-06-17T11:03:40,1000.0,21.55,B
2021-06-17T11:03:38,1000.0,21.5,S
2021-06-17T11:03:32,100.0,21.55,B
2021-06-17T11:03:19,100.0,21.55,B
2021-06-17T11:03:13,1100.0,21.55,B
2021-06-17T11:03:06,200.0,21.55,B
2021-06-17T11:03:03,1100.0,21.5,S
2021-06-17T11:03:03,3900.0,21.55,B
2021-06-17T11:03:03,100.0,21.55,B
2021-06-17T11:03:03,6000.0,21.55,B
2021-06-17T11:02:58,3900.0,21.5,S
2021-06-17T11:02:58,2700.0,21.5,S
2021-06-17T11:02:47,100.0,21.55,B
2021-06-17T11:02:42,1100.0,21.55,B
2021-06-17T11:02:38,200.0,21.55,B
2021-06-17T11:02:30,1500.0,21.5,S
2021-06-17T11:02:30,100.0,21.55,B
2021-06-17T11:02:28,100.0,21.55,B
2021-06-17T11:02:22,1000.0,21.55,B
2021-06-17T11:02:04,100.0,21.55,B
2021-06-17T11:02:03,200.0,21.5,S
2021-06-17T11:01:51,4000.0,21.5,S
2021-06-17T11:01:40,1000.0,21.5,S
2021-06-17T11:01:37,9000.0,21.5,S
2021-06-17T11:01:31,4000.0,21.55,B
2021-06-17T11:01:29,500.0,21.55,B
2021-06-17T11:01:28,500.0,21.55,B
2021-06-17T11:01:23,500.0,21.55,B
2021-06-17T11:01:07,1000.0,21.5,S
2021-06-17T11:00:57,1000.0,21.5,S
2021-06-17T11:00:56,10000.0,21.5,S
2021-06-17T11:00:49,1200.0,21.5,S
2021-06-17T10:59:50,100.0,21.5,S
2021-06-17T10:59:43,1000.0,21.5,S
2021-06-17T10:59:33,100.0,21.5,S
2021-06-17T10:59:32,900.0,21.55,B
2021-06-17T10:59:32,1100.0,21.55,B
2021-06-17T10:59:24,300.0,21.5,S
2021-06-17T10:59:06,6000.0,21.5,B
2021-06-17T10:59:06,100.0,21.5,B
2021-06-17T10:59:05,400.0,21.5,B
2021-06-17T10:59:02,800.0,21.5,B
2021-06-17T10:58:51,5200.0,21.5,B
2021-06-17T10:58:51,2800.0,21.5,B
2021-06-17T10:58:43,1200.0,21.45,S
2021-06-17T10:58:39,1000.0,21.5,B
2021-06-17T10:58:30,1500.0,21.5,B
2021-06-17T10:58:30,700.0,21.5,B
2021-06-17T10:58:29,1000.0,21.5,B
2021-06-17T10:58:27,1200.0,21.5,B
2021-06-17T10:58:13,1100.0,21.5,B
2021-06-17T10:58:10,100.0,21.5,B
2021-06-17T10:58:10,400.0,21.5,B
2021-06-17T10:58:08,1900.0,21.5,B
2021-06-17T10:58:07,5000.0,21.45,S
2021-06-17T10:58:06,5000.0,21.45,S
2021-06-17T10:57:59,2500.0,21.5,B
2021-06-17T10:57:58,1000.0,21.5,B
2021-06-17T10:57:57,1100.0,21.5,B
2021-06-17T10:57:57,3600.0,21.5,B
2021-06-17T10:57:57,300.0,21.5,B
2021-06-17T10:57:31,2000.0,21.5,B
2021-06-17T10:57:29,1900.0,21.5,B
2021-06-17T10:57:26,1000.0,21.5,B
2021-06-17T10:57:24,100.0,21.5,B
2021-06-17T10:57:21,2500.0,21.5,B
2021-06-17T10:57:14,100.0,21.5,B
2021-06-17T10:57:09,100.0,21.5,B
2021-06-17T10:57:03,100.0,21.5,B
2021-06-17T10:56:54,900.0,21.5,S
2021-06-17T10:56:52,100.0,21.5,S
2021-06-17T10:56:50,12000.0,21.5,S
2021-06-17T10:56:40,1100.0,21.5,S
2021-06-17T10:56:27,1000.0,21.5,B
2021-06-17T10:56:27,5000.0,21.5,B
2021-06-17T10:56:26,300.0,21.5,B
2021-06-17T10:56:26,200.0,21.5,B
2021-06-17T10:56:24,7700.0,21.5,B
2021-06-17T10:56:18,10000.0,21.5,B
2021-06-17T10:55:51,1500.0,21.5,B
2021-06-17T10:55:51,200.0,21.45,S
2021-06-17T10:55:39,900.0,21.5,B
2021-06-17T10:55:38,200.0,21.45,S
2021-06-17T10:55:38,500.0,21.5,B
2021-06-17T10:55:27,2000.0,21.5,B
2021-06-17T10:55:14,700.0,21.5,B
2021-06-17T10:55:14,3300.0,21.5,B
2021-06-17T10:54:28,1200.0,21.45,S
2021-06-17T10:53:47,1000.0,21.45,S
2021-06-17T10:53:31,100.0,21.45,S
2021-06-17T10:53:27,1000.0,21.45,S
2021-06-17T10:53:21,200.0,21.5,B
2021-06-17T10:53:14,100.0,21.45,S
2021-06-17T10:53:11,5700.0,21.5,B
2021-06-17T10:52:38,3200.0,21.45,B
2021-06-17T10:52:38,100.0,21.45,B
2021-06-17T10:52:38,1400.0,21.45,B
2021-06-17T10:52:11,800.0,21.45,B
2021-06-17T10:52:00,1200.0,21.45,B
2021-06-17T10:51:59,300.0,21.45,B
2021-06-17T10:51:58,600.0,21.5,B
2021-06-17T10:51:52,2700.0,21.45,B
2021-06-17T10:51:38,2600.0,21.45,B
2021-06-17T10:51:27,3000.0,21.45,B
2021-06-17T10:51:22,10000.0,21.45,B
2021-06-17T10:50:56,400.0,21.45,B
2021-06-17T10:50:56,2000.0,21.4,S
2021-06-17T10:50:55,2000.0,21.45,B
2021-06-17T10:50:50,1500.0,21.45,B
2021-06-17T10:50:07,1800.0,21.45,B
2021-06-17T10:50:05,1100.0,21.4,B
2021-06-17T10:50:04,400.0,21.4,B
2021-06-17T10:50:00,500.0,21.4,S
2021-06-17T10:49:57,100.0,21.4,S
2021-06-17T10:49:52,200.0,21.4,B
2021-06-17T10:49:52,3200.0,21.4,B
2021-06-17T10:49:52,100.0,21.4,B
2021-06-17T10:49:52,1500.0,21.4,B
2021-06-17T10:49:39,1000.0,21.4,B
2021-06-17T10:49:36,5000.0,21.4,B
2021-06-17T10:49:36,1900.0,21.4,B
2021-06-17T10:49:25,1000.0,21.4,B
2021-06-17T10:49:21,200.0,21.4,B
2021-06-17T10:49:21,100.0,21.4,B
2021-06-17T10:49:18,200.0,21.4,B
2021-06-17T10:49:17,100.0,21.4,B
2021-06-17T10:48:56,200.0,21.4,B
2021-06-17T10:48:50,3300.0,21.4,B
2021-06-17T10:48:44,200.0,21.4,B
2021-06-17T10:48:41,1100.0,21.35,S
2021-06-17T10:48:35,2000.0,21.4,B
2021-06-17T10:48:15,200.0,21.4,B
2021-06-17T10:48:12,5000.0,21.4,B
2021-06-17T10:48:08,5000.0,21.35,S
2021-06-17T10:48:06,500.0,21.4,B
2021-06-17T10:48:02,800.0,21.35,S
2021-06-17T10:48:02,300.0,21.35,S
2021-06-17T10:47:59,1800.0,21.4,B
2021-06-17T10:47:52,5000.0,21.4,B
2021-06-17T10:47:51,1700.0,21.4,B
2021-06-17T10:47:51,100.0,21.35,B
2021-06-17T10:47:47,100.0,21.35,B
2021-06-17T10:47:40,900.0,21.35,B
2021-06-17T10:47:40,600.0,21.35,B
2021-06-17T10:47:36,100.0,21.35,B
2021-06-17T10:47:36,100.0,21.35,B
2021-06-17T10:47:27,1000.0,21.35,B
2021-06-17T10:47:26,2400.0,21.35,B
2021-06-17T10:47:17,2000.0,21.35,B
2021-06-17T10:47:16,2000.0,21.35,B
2021-06-17T10:47:11,600.0,21.35,B
2021-06-17T10:47:03,900.0,21.35,B
2021-06-17T10:47:03,500.0,21.35,B
2021-06-17T10:46:58,5000.0,21.3,S
2021-06-17T10:46:53,5000.0,21.35,B
2021-06-17T10:46:51,3200.0,21.35,B
2021-06-17T10:46:46,500.0,21.35,B
2021-06-17T10:46:33,200.0,21.35,B
2021-06-17T10:46:32,1000.0,21.35,B
2021-06-17T10:46:32,100.0,21.35,B
2021-06-17T10:46:19,200.0,21.35,B
2021-06-17T10:46:06,100.0,21.35,B
2021-06-17T10:45:59,100.0,21.3,B
2021-06-17T10:45:59,200.0,21.3,B
2021-06-17T10:45:56,400.0,21.3,B
2021-06-17T10:45:54,1200.0,21.25,S
2021-06-17T10:45:54,10000.0,21.3,B
2021-06-17T10:45:49,1600.0,21.3,B
2021-06-17T10:45:49,3400.0,21.3,B
2021-06-17T10:45:46,500.0,21.3,B
2021-06-17T10:45:43,1300.0,21.3,B
2021-06-17T10:45:32,200.0,21.3,B
2021-06-17T10:45:26,200.0,21.25,S
2021-06-17T10:45:17,6900.0,21.25,B
2021-06-17T10:45:17,500.0,21.25,B
2021-06-17T10:45:17,4000.0,21.25,B
2021-06-17T10:45:09,100.0,21.25,B
2021-06-17T10:45:09,8600.0,21.25,B
2021-06-17T10:45:09,1400.0,21.25,B
2021-06-17T10:44:21,300.0,21.25,B
2021-06-17T10:43:50,1100.0,21.2,B
2021-06-17T10:43:28,500.0,21.25,B
2021-06-17T10:43:23,20900.0,21.2,B
2021-06-17T10:43:23,2000.0,21.2,B
2021-06-17T10:43:23,2000.0,21.2,B
2021-06-17T10:43:20,300.0,21.2,B
2021-06-17T10:43:18,1000.0,21.2,B
2021-06-17T10:43:15,500.0,21.2,B
2021-06-17T10:43:15,1000.0,21.2,B
2021-06-17T10:43:14,100.0,21.2,B
2021-06-17T10:43:07,1000.0,21.2,B
2021-06-17T10:43:07,2000.0,21.2,B
2021-06-17T10:43:03,100.0,21.2,B
2021-06-17T10:43:02,300.0,21.2,B
2021-06-17T10:43:00,10000.0,21.2,B
2021-06-17T10:42:59,2000.0,21.2,B
2021-06-17T10:42:44,2000.0,21.2,B
2021-06-17T10:42:39,500.0,21.2,B
2021-06-17T10:42:37,500.0,21.2,B
2021-06-17T10:42:30,2000.0,21.2,B
2021-06-17T10:42:29,300.0,21.2,B
2021-06-17T10:42:26,300.0,21.2,B
2021-06-17T10:41:49,200.0,21.2,B
2021-06-17T10:41:47,1100.0,21.15,S
2021-06-17T10:41:46,500.0,21.2,B
2021-06-17T10:41:45,500.0,21.2,B
2021-06-17T10:41:31,2000.0,21.2,B
2021-06-17T10:41:19,500.0,21.2,B
2021-06-17T10:40:30,100.0,21.15,B
2021-06-17T10:40:08,600.0,21.15,B
2021-06-17T10:40:04,1000.0,21.15,B
2021-06-17T10:40:02,500.0,21.15,B
2021-06-17T10:39:58,5000.0,21.15,B
2021-06-17T10:39:53,5000.0,21.15,B
2021-06-17T10:39:44,500.0,21.15,B
2021-06-17T10:39:44,1100.0,21.1,S
2021-06-17T10:39:40,1000.0,21.15,B
2021-06-17T10:39:39,400.0,21.15,B
2021-06-17T10:39:37,500.0,21.15,B
2021-06-17T10:39:29,200.0,21.15,B
2021-06-17T10:39:19,3000.0,21.15,B
2021-06-17T10:39:09,500.0,21.15,B
2021-06-17T10:39:06,5000.0,21.15,B
2021-06-17T10:37:51,100.0,21.15,B
2021-06-17T10:37:45,1500.0,21.1,S
2021-06-17T10:37:41,300.0,21.15,B
2021-06-17T10:37:41,1100.0,21.1,S
2021-06-17T10:37:14,600.0,21.15,B
2021-06-17T10:37:00,100.0,21.1,B
2021-06-17T10:36:45,1000.0,21.15,B
2021-06-17T10:36:37,100.0,21.1,B
2021-06-17T10:36:06,1000.0,21.1,B
2021-06-17T10:36:02,300.0,21.0,S
2021-06-17T10:35:41,30000.0,21.1,B
2021-06-17T10:35:40,1100.0,21.0,S
2021-06-17T10:35:19,3000.0,21.1,B
2021-06-17T10:35:11,300.0,21.0,S
2021-06-17T10:34:49,100.0,21.0,S
2021-06-17T10:34:45,6000.0,21.0,S
2021-06-17T10:33:58,100.0,21.0,B
2021-06-17T10:33:40,9900.0,21.0,B
2021-06-17T10:33:40,500.0,21.0,B
2021-06-17T10:33:40,1100.0,20.95,S
2021-06-17T10:32:52,700.0,21.0,B
2021-06-17T10:32:26,1200.0,21.0,B
2021-06-17T10:32:18,100.0,21.0,B
2021-06-17T10:32:13,5700.0,21.0,B
2021-06-17T10:32:01,1400.0,21.0,B
2021-06-17T10:32:01,600.0,21.0,B
2021-06-17T10:31:55,1000.0,21.0,B
2021-06-17T10:31:45,1000.0,21.0,B
2021-06-17T10:31:28,1100.0,20.95,S
2021-06-17T10:31:18,20000.0,21.0,B
2021-06-17T10:30:50,200.0,21.0,B
2021-06-17T10:30:47,1000.0,20.95,S
2021-06-17T10:30:42,300.0,21.0,B
2021-06-17T10:30:19,2000.0,21.0,B
2021-06-17T10:30:05,300.0,21.0,B
2021-06-17T10:29:33,600.0,20.95,S
2021-06-17T10:29:33,1100.0,20.95,S
2021-06-17T10:29:31,500.0,20.95,S
2021-06-17T10:29:13,500.0,20.95,S
2021-06-17T10:27:59,1200.0,20.95,S
2021-06-17T10:27:49,100.0,21.0,B
2021-06-17T10:27:35,100.0,21.0,B
2021-06-17T10:27:31,500.0,21.0,B
2021-06-17T10:27:25,1100.0,20.95,S
2021-06-17T10:27:24,3000.0,21.0,B
2021-06-17T10:27:10,500.0,21.0,B
2021-06-17T10:26:34,2000.0,21.0,B
2021-06-17T10:26:24,8400.0,20.95,S
2021-06-17T10:26:13,600.0,21.0,B
2021-06-17T10:26:13,1400.0,21.0,B
2021-06-17T10:26:06,500.0,21.0,B
2021-06-17T10:25:31,2000.0,21.0,B
2021-06-17T10:25:17,1200.0,20.95,S
2021-06-17T10:25:16,500.0,21.0,B
2021-06-17T10:25:10,500.0,21.0,B
2021-06-17T10:24:57,2000.0,21.0,B
2021-06-17T10:24:52,19600.0,21.0,S
2021-06-17T10:24:34,10000.0,21.0,S
2021-06-17T10:24:25,9000.0,21.0,S
2021-06-17T10:24:24,4000.0,21.0,S
2021-06-17T10:24:01,1000.0,21.0,B
2021-06-17T10:24:00,5000.0,21.0,B
2021-06-17T10:23:59,400.0,21.0,B
2021-06-17T10:23:14,400.0,20.95,S
2021-06-17T10:23:06,1000.0,21.0,S
2021-06-17T10:23:05,12600.0,21.0,S
2021-06-17T10:23:04,1200.0,21.0,S
2021-06-17T10:22:30,2400.0,21.0,S
2021-06-17T10:22:17,100.0,21.0,S
2021-06-17T10:21:52,1500.0,21.0,B
2021-06-17T10:21:52,100.0,21.0,B
2021-06-17T10:21:52,300.0,21.0,B
2021-06-17T10:21:52,900.0,21.0,B
2021-06-17T10:21:49,2000.0,21.0,B
2021-06-17T10:21:46,1000.0,21.0,B
2021-06-17T10:21:46,1000.0,21.0,B
2021-06-17T10:21:43,500.0,21.0,B
2021-06-17T10:21:39,500.0,21.0,B
2021-06-17T10:21:21,2900.0,21.0,B
2021-06-17T10:21:14,400.0,21.0,B
2021-06-17T10:21:05,100.0,21.0,B
2021-06-17T10:21:05,100.0,21.0,B
2021-06-17T10:21:03,5000.0,21.0,B
2021-06-17T10:21:02,1100.0,20.95,S
2021-06-17T10:20:56,500.0,21.0,B
2021-06-17T10:20:52,1000.0,21.0,B
2021-06-17T10:20:42,200.0,21.0,B
2021-06-17T10:20:34,1000.0,21.0,B
2021-06-17T10:20:19,1100.0,21.0,B
2021-06-17T10:20:00,5000.0,21.0,B
2021-06-17T10:19:50,1000.0,21.0,B
2021-06-17T10:19:15,500.0,21.0,B
2021-06-17T10:18:57,1100.0,20.95,S
2021-06-17T10:18:50,1000.0,21.0,B
2021-06-17T10:18:19,200.0,21.0,B
2021-06-17T10:18:13,2100.0,21.0,B
2021-06-17T10:18:13,900.0,21.0,B
2021-06-17T10:17:37,100.0,20.95,S
2021-06-17T10:16:56,100.0,20.95,S
2021-06-17T10:16:56,1000.0,20.95,S
2021-06-17T10:16:39,500.0,21.0,B
2021-06-17T10:16:34,400.0,21.0,B
2021-06-17T10:16:16,100.0,21.0,B
2021-06-17T10:16:04,4000.0,20.95,S
2021-06-17T10:15:53,1000.0,21.0,B
2021-06-17T10:14:56,1100.0,20.95,S
2021-06-17T10:14:54,100.0,21.0,B
2021-06-17T10:14:44,2000.0,20.95,S
2021-06-17T10:14:26,100.0,20.95,S
2021-06-17T10:13:58,200.0,20.95,S
2021-06-17T10:13:48,3000.0,21.0,B
2021-06-17T10:13:16,4700.0,21.0,B
2021-06-17T10:13:16,500.0,21.0,B
2021-06-17T10:13:16,4800.0,21.0,B
2021-06-17T10:13:16,200.0,21.0,B
2021-06-17T10:13:15,500.0,21.0,B
2021-06-17T10:13:15,200.0,21.0,B
2021-06-17T10:13:15,200.0,21.0,B
2021-06-17T10:13:15,1100.0,21.0,B
2021-06-17T10:13:14,1000.0,21.0,B
2021-06-17T10:12:46,200.0,21.0,B
2021-06-17T10:12:44,1200.0,20.95,S
2021-06-17T10:12:44,200.0,21.0,B
2021-06-17T10:12:33,100.0,20.95,S
2021-06-17T10:12:32,5000.0,21.0,B
2021-06-17T10:12:21,3000.0,21.0,B
2021-06-17T10:11:50,2000.0,21.0,B
2021-06-17T10:11:13,400.0,20.95,S
2021-06-17T10:11:03,1000.0,21.0,B
2021-06-17T10:11:02,500.0,20.95,S
2021-06-17T10:10:43,1100.0,20.95,S
2021-06-17T10:09:05,1400.0,20.95,B
2021-06-17T10:09:03,2000.0,20.95,B
2021-06-17T10:08:48,1000.0,20.95,B
2021-06-17T10:08:44,500.0,20.95,B
2021-06-17T10:08:44,500.0,20.9,S
2021-06-17T10:08:44,600.0,20.9,S
2021-06-17T10:08:44,500.0,20.9,S
2021-06-17T10:08:40,2000.0,20.95,B
2021-06-17T10:08:32,100.0,20.95,B
2021-06-17T10:08:32,100.0,20.9,S
2021-06-17T10:08:28,300.0,20.95,B
2021-06-17T10:07:08,100.0,20.95,B
2021-06-17T10:06:46,1200.0,20.95,B
2021-06-17T10:06:46,800.0,20.95,B
2021-06-17T10:06:40,100.0,20.95,B
2021-06-17T10:06:40,100.0,20.9,S
2021-06-17T10:06:40,1900.0,20.9,S
2021-06-17T10:06:40,1100.0,20.9,S
2021-06-17T10:06:40,1000.0,20.95,B
2021-06-17T10:06:40,600.0,20.95,B
2021-06-17T10:06:30,200.0,20.95,B
2021-06-17T10:06:30,100.0,20.95,B
2021-06-17T10:06:30,500.0,20.95,B
2021-06-17T10:05:05,200.0,20.95,B
2021-06-17T10:05:05,100.0,20.95,B
2021-06-17T10:04:52,1000.0,20.95,B
2021-06-17T10:04:40,400.0,20.95,S
2021-06-17T10:04:33,100.0,21.0,B
2021-06-17T10:04:33,1000.0,20.95,S
2021-06-17T10:04:33,1500.0,20.95,S
2021-06-17T10:04:33,2500.0,20.95,S
2021-06-17T10:04:24,200.0,20.95,S
2021-06-17T10:04:24,900.0,20.95,S
2021-06-17T10:04:21,100.0,20.95,S
2021-06-17T10:03:49,100.0,21.0,B
2021-06-17T10:03:02,1000.0,21.0,B
2021-06-17T10:02:59,500.0,20.95,S
2021-06-17T10:02:22,1100.0,20.95,S
2021-06-17T10:02:17,2500.0,20.95,S
2021-06-17T10:02:17,1000.0,21.0,B
2021-06-17T10:02:17,100.0,21.0,B
2021-06-17T10:01:35,100.0,21.0,B
2021-06-17T10:00:21,1100.0,20.95,S
2021-06-17T10:00:15,1000.0,21.0,B
2021-06-17T09:59:36,200.0,20.95,S
2021-06-17T09:59:25,100.0,21.0,B
2021-06-17T09:59:03,1500.0,20.95,S
2021-06-17T09:58:47,2000.0,20.95,S
2021-06-17T09:58:43,1000.0,21.0,B
2021-06-17T09:58:11,1200.0,20.95,S
2021-06-17T09:57:52,1000.0,21.0,B
2021-06-17T09:57:39,200.0,21.0,B
2021-06-17T09:57:38,100.0,21.0,B
2021-06-17T09:57:32,600.0,21.0,B
2021-06-17T09:56:45,300.0,21.0,B
2021-06-17T09:56:38,2000.0,21.0,B
2021-06-17T09:56:18,100.0,21.0,B
2021-06-17T09:56:13,1400.0,21.0,B
2021-06-17T09:56:13,100.0,21.0,B
2021-06-17T09:56:10,1100.0,20.95,S
2021-06-17T09:55:59,500.0,20.95,S
2021-06-17T09:55:50,5000.0,21.0,B
2021-06-17T09:55:42,200.0,21.0,B
2021-06-17T09:55:04,1000.0,21.0,B
2021-06-17T09:54:07,20000.0,20.95,B
2021-06-17T09:54:05,1100.0,20.9,S
2021-06-17T09:54:04,2000.0,20.95,B
2021-06-17T09:53:47,700.0,20.95,B
2021-06-17T09:52:56,5000.0,20.95,B
2021-06-17T09:52:53,500.0,20.95,B
2021-06-17T09:52:28,3000.0,20.95,B
2021-06-17T09:52:25,5900.0,20.9,S
2021-06-17T09:52:12,3400.0,20.9,S
2021-06-17T09:52:12,4800.0,20.9,S
2021-06-17T09:52:12,100.0,20.9,S
2021-06-17T09:52:12,5800.0,20.9,S
2021-06-17T09:52:04,500.0,20.9,S
2021-06-17T09:52:04,400.0,20.9,S
2021-06-17T09:52:04,200.0,20.9,S
2021-06-17T09:51:51,1300.0,20.9,S
2021-06-17T09:51:34,500.0,20.9,S
2021-06-17T09:51:33,500.0,20.9,S
2021-06-17T09:51:00,1000.0,20.9,S
2021-06-17T09:50:57,500.0,20.95,B
2021-06-17T09:50:49,1500.0,20.9,S
2021-06-17T09:49:53,1200.0,20.9,S
2021-06-17T09:49:22,1800.0,20.95,B
2021-06-17T09:48:58,2000.0,20.95,B
2021-06-17T09:48:56,1200.0,20.9,S
2021-06-17T09:48:56,700.0,20.9,S
2021-06-17T09:48:56,2300.0,20.9,S
2021-06-17T09:48:16,2000.0,20.95,B
2021-06-17T09:48:09,2200.0,20.9,S
2021-06-17T09:48:07,200.0,20.9,S
2021-06-17T09:48:07,300.0,20.9,S
2021-06-17T09:48:07,500.0,20.9,S
2021-06-17T09:48:07,100.0,20.9,S
2021-06-17T09:48:07,200.0,20.9,S
2021-06-17T09:47:38,500.0,20.95,B
2021-06-17T09:47:25,500.0,20.9,S
2021-06-17T09:47:21,1800.0,20.9,S
2021-06-17T09:47:21,700.0,20.9,S
2021-06-17T09:47:21,3600.0,20.9,S
2021-06-17T09:47:16,2000.0,20.9,S
2021-06-17T09:46:58,100.0,20.9,S
2021-06-17T09:46:18,400.0,20.95,S
2021-06-17T09:46:18,3000.0,21.0,B
2021-06-17T09:46:18,1200.0,20.95,S
2021-06-17T09:46:18,1100.0,20.95,S
2021-06-17T09:46:14,200.0,21.0,B
2021-06-17T09:46:05,100.0,21.0,B
2021-06-17T09:45:48,100.0,21.0,S
2021-06-17T09:45:41,1000.0,20.9,S
2021-06-17T09:45:23,100.0,21.0,S
2021-06-17T09:45:06,5000.0,21.0,S
2021-06-17T09:45:00,100.0,21.0,S
2021-06-17T09:44:55,500.0,21.0,S
2021-06-17T09:44:53,500.0,21.0,S
2021-06-17T09:44:22,5000.0,21.0,S
2021-06-17T09:44:18,7200.0,21.0,S
2021-06-17T09:44:18,1000.0,21.0,S
2021-06-17T09:44:18,13600.0,21.0,S
2021-06-17T09:44:18,1800.0,21.0,S
2021-06-17T09:44:18,1100.0,21.0,S
2021-06-17T09:44:18,600.0,21.0,S
2021-06-17T09:44:18,2400.0,21.0,S
2021-06-17T09:44:18,200.0,21.0,S
2021-06-17T09:44:18,800.0,21.0,S
2021-06-17T09:44:18,1700.0,21.0,S
2021-06-17T09:44:14,500.0,21.0,S
2021-06-17T09:44:09,1000.0,21.0,S
2021-06-17T09:44:08,1800.0,21.0,S
2021-06-17T09:44:08,2800.0,21.0,S
2021-06-17T09:44:08,5400.0,21.0,S
2021-06-17T09:43:51,200.0,21.1,B
2021-06-17T09:43:45,15000.0,21.0,S
2021-06-17T09:42:09,3000.0,21.1,S
2021-06-17T09:42:02,7500.0,21.15,S
2021-06-17T09:41:55,100.0,21.1,S
2021-06-17T09:41:12,600.0,21.1,S
2021-06-17T09:41:04,300.0,21.1,S
2021-06-17T09:41:00,500.0,21.1,S
2021-06-17T09:40:51,200.0,21.1,S
2021-06-17T09:40:39,200.0,21.1,S
2021-06-17T09:40:22,100.0,21.1,S
2021-06-17T09:40:05,100.0,21.05,S
2021-06-17T09:39:53,35400.0,21.0,S
2021-06-17T09:39:53,500.0,21.0,S
2021-06-17T09:39:53,5500.0,21.0,S
2021-06-17T09:39:52,1100.0,21.0,S
2021-06-17T09:39:52,900.0,21.0,S
2021-06-17T09:39:52,6600.0,21.05,S
2021-06-17T09:39:50,3400.0,21.1,S
2021-06-17T09:39:50,600.0,21.1,S
2021-06-17T09:39:25,5000.0,21.15,S
2021-06-17T09:39:23,800.0,21.1,S
2021-06-17T09:38:43,4200.0,21.1,S
2021-06-17T09:38:43,300.0,21.1,S
2021-06-17T09:38:30,1000.0,21.1,S
2021-06-17T09:37:36,700.0,21.1,S
2021-06-17T09:37:33,3200.0,21.1,S
2021-06-17T09:36:45,600.0,21.1,S
2021-06-17T09:36:45,600.0,21.15,B
2021-06-17T09:36:43,500.0,21.15,B
2021-06-17T09:36:39,600.0,21.15,B
2021-06-17T09:36:39,3200.0,21.15,B
2021-06-17T09:36:30,100.0,21.15,B
2021-06-17T09:36:21,1000.0,21.15,B
2021-06-17T09:36:21,100.0,21.15,B
2021-06-17T09:36:20,200.0,21.15,B
2021-06-17T09:36:20,200.0,21.15,B
2021-06-17T09:36:20,1600.0,21.15,B
2021-06-17T09:35:41,1400.0,21.15,B
2021-06-17T09:35:37,100.0,21.15,B
2021-06-17T09:35:33,2000.0,21.1,S
2021-06-17T09:35:26,100.0,21.15,B
2021-06-17T09:35:18,700.0,21.15,B
2021-06-17T09:35:09,2400.0,21.15,S
2021-06-17T09:35:04,100.0,21.15,S
2021-06-17T09:34:43,200.0,21.15,S
2021-06-17T09:34:42,600.0,21.15,S
2021-06-17T09:34:37,100.0,21.15,S
2021-06-17T09:34:35,500.0,21.15,S
2021-06-17T09:34:05,100.0,21.2,B
2021-06-17T09:34:04,500.0,21.2,B
2021-06-17T09:33:57,300.0,21.2,B
2021-06-17T09:33:20,200.0,21.2,B
2021-06-17T09:32:33,200.0,21.2,B
2021-06-17T09:32:29,1100.0,21.1,S
2021-06-17T09:32:25,300.0,21.2,B
2021-06-17T09:32:01,10000.0,21.2,B
2021-06-17T09:31:56,1000.0,21.2,B
2021-06-17T09:31:52,16000.0,21.2,B
2021-06-17T09:31:37,100.0,21.2,B
2021-06-17T09:31:29,6600.0,21.1,S
2021-06-17T09:31:27,1000.0,21.2,B
2021-06-17T09:30:55,4000.0,21.1,S
2021-06-17T09:30:45,100.0,21.2,B
2021-06-17T09:30:37,1000.0,21.2,B
2021-06-17T09:30:26,1100.0,21.1,B
2021-06-17T09:29:47,5000.0,21.2,B
2021-06-17T09:29:45,5000.0,21.2,B
2021-06-17T09:29:13,2600.0,21.1,B
2021-06-17T09:29:09,400.0,21.1,B
2021-06-17T09:29:01,5000.0,21.0,S
2021-06-17T09:28:47,500.0,21.2,B
2021-06-17T09:28:31,3000.0,21.0,S
2021-06-17T09:28:17,800.0,21.0,S
2021-06-17T09:28:14,1200.0,21.0,S
2021-06-17T09:27:50,2000.0,21.0,B
2021-06-17T09:27:49,200.0,21.0,B
2021-06-17T09:27:48,6000.0,21.0,B
2021-06-17T09:27:37,500.0,21.0,B
2021-06-17T09:27:33,500.0,21.0,B
2021-06-17T09:27:30,200.0,21.0,B
2021-06-17T09:27:23,3400.0,21.0,B
2021-06-17T09:27:19,100.0,21.0,B
2021-06-17T09:27:11,2000.0,21.0,B
2021-06-17T09:27:03,100.0,21.0,B
2021-06-17T09:26:18,500.0,21.0,B
2021-06-17T09:26:14,200.0,20.9,S
2021-06-17T09:26:14,1000.0,20.9,S
2021-06-17T09:25:31,5000.0,20.9,S
2021-06-17T09:25:30,100.0,21.0,B
2021-06-17T09:25:18,300.0,20.9,S
2021-06-17T09:25:01,100.0,20.9,S
2021-06-17T09:24:48,3000.0,20.9,S
2021-06-17T09:24:24,2000.0,20.9,S
2021-06-17T09:24:00,100.0,21.0,B
2021-06-17T09:24:00,1100.0,20.9,S
2021-06-17T09:23:58,100.0,21.0,B
2021-06-17T09:22:54,1000.0,21.2,B
2021-06-17T09:22:28,100.0,21.0,B
2021-06-17T09:21:54,1200.0,20.9,B
2021-06-17T09:21:46,100.0,20.9,B
2021-06-17T09:21:34,1300.0,20.9,B
2021-06-17T09:21:28,5000.0,20.8,S
2021-06-17T09:21:01,400.0,20.8,S
2021-06-17T09:21:01,600.0,20.8,S
2021-06-17T09:21:00,1000.0,20.9,B
2021-06-17T09:20:56,2000.0,20.9,B
2021-06-17T09:20:42,500.0,20.8,S
2021-06-17T09:20:37,2000.0,20.9,B
2021-06-17T09:20:34,100.0,20.9,B
2021-06-17T09:20:28,1000.0,20.9,B
2021-06-17T09:20:27,1000.0,20.9,B
2021-06-17T09:20:18,1500.0,20.9,B
2021-06-17T09:20:18,1500.0,20.9,B
2021-06-17T09:20:18,1000.0,20.9,B
2021-06-17T09:20:18,1000.0,20.9,B
2021-06-17T09:20:18,5000.0,20.8,S
2021-06-17T09:20:18,200.0,20.9,B
2021-06-17T09:20:18,1000.0,20.9,B
2021-06-17T09:20:12,500.0,20.85,S
2021-06-17T09:20:10,100.0,20.9,B
2021-06-17T09:20:06,4600.0,20.9,B
2021-06-17T09:19:24,5400.0,20.9,B
2021-06-17T09:19:17,2200.0,20.8,S
2021-06-17T09:19:06,3000.0,20.9,B
2021-06-17T09:19:01,2000.0,20.9,B
2021-06-17T09:18:55,200.0,20.9,B
2021-06-17T09:18:54,700.0,20.9,B
2021-06-17T09:18:37,100.0,20.9,B
2021-06-17T09:18:27,1200.0,20.9,B
2021-06-17T09:17:57,800.0,20.9,B
2021-06-17T09:17:56,2000.0,20.8,S
2021-06-17T09:17:35,400.0,20.9,S
2021-06-17T09:17:11,1300.0,20.8,S
2021-06-17T09:17:10,1000.0,21.0,B
2021-06-17T09:17:03,200.0,20.9,B
2021-06-17T09:17:01,2500.0,20.9,B
2021-06-17T09:16:55,500.0,20.8,S
2021-06-17T09:16:39,400.0,20.8,S
2021-06-17T09:16:38,100.0,20.9,B
2021-06-17T09:16:37,100.0,20.9,B
2021-06-17T09:16:37,9800.0,20.8,S
2021-06-17T09:16:10,100.0,20.9,B
2021-06-17T09:15:58,1000.0,20.9,B
