tradingTime,volume,price,side
2021-06-17T14:29:10,500.0,17.3,B
2021-06-17T14:20:12,10000.0,17.3,B
2021-06-17T14:11:08,11000.0,17.25,B
2021-06-17T14:10:26,2200.0,17.2,S
2021-06-17T14:10:26,2200.0,17.2,S
2021-06-17T14:10:09,9900.0,17.3,S
2021-06-17T14:09:58,9100.0,17.3,S
2021-06-17T14:09:29,1000.0,17.35,B
2021-06-17T14:08:58,6900.0,17.3,B
2021-06-17T14:08:38,8000.0,17.2,S
2021-06-17T13:54:54,2700.0,17.2,S
2021-06-17T13:54:50,10900.0,17.2,S
2021-06-17T13:49:40,1100.0,17.2,S
2021-06-17T13:49:34,1000.0,17.3,B
2021-06-17T13:48:03,100.0,17.3,B
2021-06-17T13:46:57,10000.0,17.3,B
2021-06-17T13:46:03,2100.0,17.2,B
2021-06-17T13:40:18,2200.0,17.1,B
2021-06-17T13:39:34,7800.0,17.1,S
2021-06-17T13:39:26,20000.0,17.1,S
2021-06-17T13:38:23,100.0,17.2,B
2021-06-17T13:37:10,13800.0,17.2,S
2021-06-17T13:36:59,15300.0,17.25,S
2021-06-17T13:36:50,9700.0,17.25,B
2021-06-17T13:29:13,10000.0,17.2,S
2021-06-17T13:28:55,5000.0,17.3,B
2021-06-17T13:28:44,10000.0,17.25,B
2021-06-17T13:28:36,1800.0,17.2,B
2021-06-17T13:28:14,13200.0,17.1,S
2021-06-17T13:27:53,14000.0,17.1,S
2021-06-17T13:27:01,19400.0,17.2,S
2021-06-17T13:26:56,300.0,17.25,B
2021-06-17T13:26:11,500.0,17.25,B
2021-06-17T13:23:25,10600.0,17.2,B
2021-06-17T13:23:20,14100.0,17.2,B
2021-06-17T13:22:05,12300.0,17.2,B
2021-06-17T13:19:51,2000.0,17.15,B
2021-06-17T13:18:39,5000.0,17.15,B
2021-06-17T13:17:57,5000.0,17.15,B
2021-06-17T13:16:43,2400.0,17.1,S
2021-06-17T13:13:30,500.0,17.1,S
2021-06-17T13:12:59,600.0,17.15,B
2021-06-17T13:05:46,300.0,17.1,B
2021-06-17T13:05:40,700.0,17.1,B
2021-06-17T13:05:32,1000.0,17.1,B
2021-06-17T13:05:17,500.0,17.1,B
2021-06-17T13:04:17,200.0,17.1,B
2021-06-17T13:04:06,100.0,17.1,B
2021-06-17T13:03:50,100.0,17.1,B
2021-06-17T13:03:33,12100.0,17.1,S
2021-06-17T13:00:38,500.0,17.1,S
2021-06-17T11:27:52,200.0,17.1,S
2021-06-17T11:25:12,10000.0,17.1,S
2021-06-17T11:19:48,7400.0,17.15,S
2021-06-17T11:19:39,200.0,17.2,B
2021-06-17T11:18:57,100.0,17.2,B
2021-06-17T11:18:54,200.0,17.2,B
2021-06-17T11:18:51,900.0,17.2,B
2021-06-17T11:18:40,500.0,17.2,B
2021-06-17T11:18:30,200.0,17.2,B
2021-06-17T11:18:30,100.0,17.15,S
2021-06-17T11:18:21,1100.0,17.2,B
2021-06-17T11:18:06,400.0,17.2,B
2021-06-17T11:17:58,200.0,17.2,B
2021-06-17T11:17:45,300.0,17.2,B
2021-06-17T11:17:36,200.0,17.2,B
2021-06-17T11:17:25,400.0,17.2,B
2021-06-17T11:17:12,300.0,17.2,B
2021-06-17T11:17:06,100.0,17.2,B
2021-06-17T11:16:52,100.0,17.2,B
2021-06-17T11:16:52,700.0,17.2,B
2021-06-17T11:16:50,100.0,17.2,B
2021-06-17T11:15:56,300.0,17.2,B
2021-06-17T11:15:47,200.0,17.2,B
2021-06-17T11:06:03,3300.0,17.15,B
2021-06-17T11:05:32,1000.0,17.15,B
2021-06-17T11:02:42,10300.0,17.15,S
2021-06-17T10:59:31,1400.0,17.2,B
2021-06-17T10:58:17,5000.0,17.2,B
2021-06-17T10:55:52,3900.0,17.15,B
2021-06-17T10:52:45,4700.0,17.1,B
2021-06-17T10:49:18,12500.0,17.1,S
2021-06-17T10:48:12,2200.0,17.15,S
2021-06-17T10:48:09,6400.0,17.15,S
2021-06-17T10:44:56,9900.0,17.15,B
2021-06-17T10:40:56,100.0,17.1,S
2021-06-17T10:40:27,1000.0,17.15,B
2021-06-17T10:39:31,3100.0,17.1,B
2021-06-17T10:37:57,2400.0,17.05,B
2021-06-17T10:37:19,2900.0,17.0,S
2021-06-17T10:37:19,100.0,17.0,S
2021-06-17T10:35:16,5000.0,17.0,S
2021-06-17T10:29:37,5000.0,17.05,B
2021-06-17T10:28:23,3600.0,17.05,S
2021-06-17T10:22:48,100.0,17.05,S
2021-06-17T10:22:25,13600.0,17.05,S
2021-06-17T10:22:05,5000.0,17.1,B
2021-06-17T10:18:38,9300.0,17.1,S
2021-06-17T10:18:25,12100.0,17.1,B
2021-06-17T10:15:14,500.0,17.0,B
2021-06-17T10:15:14,8000.0,17.0,B
2021-06-17T10:10:38,8700.0,17.0,B
2021-06-17T10:10:38,1300.0,17.0,B
2021-06-17T10:10:14,13600.0,16.9,S
2021-06-17T10:09:28,10000.0,17.0,B
2021-06-17T10:07:06,12000.0,16.9,S
2021-06-17T10:06:56,2800.0,17.0,B
2021-06-17T10:06:56,7200.0,16.95,B
2021-06-17T10:06:34,2200.0,16.9,B
2021-06-17T10:05:41,9400.0,16.9,S
2021-06-17T10:04:30,11600.0,16.9,B
2021-06-17T10:04:30,9000.0,16.85,B
2021-06-17T10:03:52,3300.0,16.7,B
2021-06-17T10:03:34,8400.0,16.65,B
2021-06-17T10:03:28,100.0,16.6,B
2021-06-17T10:02:56,5700.0,16.6,S
2021-06-17T10:01:16,9500.0,16.6,B
2021-06-17T10:01:14,1000.0,16.6,B
2021-06-17T10:00:15,4000.0,16.5,S
2021-06-17T09:59:45,1000.0,16.6,S
2021-06-17T09:59:36,5500.0,16.6,S
2021-06-17T09:59:00,1500.0,16.65,B
2021-06-17T09:58:59,10000.0,16.6,S
2021-06-17T09:57:59,3300.0,16.65,S
2021-06-17T09:56:06,100.0,16.7,B
2021-06-17T09:55:23,100.0,16.7,B
2021-06-17T09:54:45,4400.0,16.7,B
2021-06-17T09:54:43,1000.0,16.7,S
2021-06-17T09:54:43,100.0,16.7,S
2021-06-17T09:54:42,1000.0,16.7,S
2021-06-17T09:49:23,17000.0,16.7,S
2021-06-17T09:48:55,10000.0,16.75,S
2021-06-17T09:48:46,20000.0,16.75,S
2021-06-17T09:47:37,500.0,16.8,S
2021-06-17T09:43:40,10000.0,16.9,B
2021-06-17T09:41:39,5200.0,16.9,S
2021-06-17T09:35:57,24800.0,16.9,B
2021-06-17T09:35:48,1100.0,16.8,S
2021-06-17T09:35:13,1000.0,16.8,S
2021-06-17T09:35:05,3000.0,16.85,B
2021-06-17T09:34:03,600.0,16.85,B
2021-06-17T09:33:38,300.0,16.85,B
2021-06-17T09:31:33,1300.0,16.8,S
2021-06-17T09:30:13,1300.0,16.85,B
2021-06-17T09:28:42,5000.0,16.85,B
2021-06-17T09:27:50,30000.0,16.85,B
2021-06-17T09:27:46,10000.0,16.8,S
2021-06-17T09:27:13,200.0,16.8,S
2021-06-17T09:26:59,100.0,16.8,S
2021-06-17T09:26:52,1300.0,16.8,S
2021-06-17T09:25:40,14900.0,16.8,S
2021-06-17T09:25:32,100.0,16.8,B
2021-06-17T09:25:31,100.0,16.75,S
2021-06-17T09:24:45,1000.0,16.75,S
2021-06-17T09:22:25,17900.0,16.75,S
2021-06-17T09:20:04,1000.0,16.85,B
2021-06-17T09:19:21,500.0,16.8,B
2021-06-17T09:19:15,10000.0,16.8,B
2021-06-17T09:18:30,9500.0,16.8,S
2021-06-17T09:17:46,17000.0,16.8,S
2021-06-17T09:16:17,10000.0,16.85,B
