tradingTime,volume,price,side
2021-06-17T14:29:57,100.0,42.2,S
2021-06-17T14:29:56,80000.0,42.3,B
2021-06-17T14:29:55,600.0,42.2,B
2021-06-17T14:29:55,5000.0,42.0,S
2021-06-17T14:29:52,19000.0,42.2,B
2021-06-17T14:29:51,300.0,42.2,B
2021-06-17T14:29:49,5000.0,42.2,B
2021-06-17T14:29:47,1300.0,42.2,S
2021-06-17T14:29:47,1100.0,42.2,S
2021-06-17T14:29:40,1000.0,42.2,S
2021-06-17T14:29:33,60000.0,42.0,S
2021-06-17T14:29:22,200.0,42.2,S
2021-06-17T14:29:14,2000.0,42.3,B
2021-06-17T14:29:06,13000.0,42.2,S
2021-06-17T14:28:54,4000.0,42.2,S
2021-06-17T14:28:54,100.0,42.3,B
2021-06-17T14:28:41,500.0,42.3,B
2021-06-17T14:28:40,50000.0,42.2,S
2021-06-17T14:28:38,400.0,42.2,B
2021-06-17T14:28:27,800.0,42.2,B
2021-06-17T14:28:24,200.0,42.2,S
2021-06-17T14:28:22,2000.0,42.2,B
2021-06-17T14:28:18,200.0,42.1,S
2021-06-17T14:28:04,2000.0,42.1,S
2021-06-17T14:27:51,50000.0,42.1,S
2021-06-17T14:27:43,1500.0,42.2,S
2021-06-17T14:27:37,100.0,42.2,S
2021-06-17T14:27:36,100.0,42.3,B
2021-06-17T14:27:30,2000.0,42.2,S
2021-06-17T14:27:29,4000.0,42.3,B
2021-06-17T14:27:11,1000.0,42.3,B
2021-06-17T14:27:01,20000.0,42.3,B
2021-06-17T14:27:00,200.0,42.2,B
2021-06-17T14:26:37,1000.0,42.2,B
2021-06-17T14:26:27,100.0,42.2,B
2021-06-17T14:26:22,100.0,42.2,B
2021-06-17T14:26:17,600.0,42.2,B
2021-06-17T14:26:13,100.0,42.2,B
2021-06-17T14:26:09,200.0,42.2,B
2021-06-17T14:26:08,100.0,42.2,B
2021-06-17T14:26:02,20000.0,42.2,B
2021-06-17T14:26:01,1000.0,42.1,S
2021-06-17T14:26:00,700.0,42.2,B
2021-06-17T14:25:57,5000.0,42.2,B
2021-06-17T14:25:55,100.0,42.1,S
2021-06-17T14:25:53,100.0,42.2,B
2021-06-17T14:25:46,200.0,42.1,S
2021-06-17T14:25:21,100.0,42.1,S
2021-06-17T14:25:19,300.0,42.1,S
2021-06-17T14:24:59,1000.0,42.1,S
2021-06-17T14:24:47,300.0,42.1,S
2021-06-17T14:24:08,200.0,42.1,S
2021-06-17T14:23:55,700.0,42.1,S
2021-06-17T14:23:30,700.0,42.1,S
2021-06-17T14:23:02,100.0,42.1,S
2021-06-17T14:23:01,2000.0,42.1,S
2021-06-17T14:22:32,7100.0,42.1,S
2021-06-17T14:22:28,100.0,42.1,B
2021-06-17T14:22:16,300.0,42.1,B
2021-06-17T14:22:11,100.0,42.1,B
2021-06-17T14:22:07,72400.0,42.1,B
2021-06-17T14:22:01,100.0,42.3,S
2021-06-17T14:21:56,5800.0,42.3,S
2021-06-17T14:21:41,300.0,42.3,S
2021-06-17T14:21:30,3000.0,42.2,S
2021-06-17T14:21:26,100.0,42.3,S
2021-06-17T14:21:19,500.0,42.3,S
2021-06-17T14:21:18,3600.0,42.3,S
2021-06-17T14:21:11,200.0,42.4,B
2021-06-17T14:21:10,300.0,42.3,S
2021-06-17T14:21:08,200.0,42.3,S
2021-06-17T14:20:59,5000.0,42.3,S
2021-06-17T14:20:49,4500.0,42.3,S
2021-06-17T14:20:42,500.0,42.3,S
2021-06-17T14:20:37,7700.0,42.3,B
2021-06-17T14:20:35,200.0,42.3,B
2021-06-17T14:20:32,20000.0,42.3,B
2021-06-17T14:20:29,3000.0,42.3,B
2021-06-17T14:20:25,200.0,42.3,B
2021-06-17T14:20:20,6000.0,42.3,B
2021-06-17T14:20:08,900.0,42.3,B
2021-06-17T14:20:05,500.0,42.2,S
2021-06-17T14:20:00,600.0,42.3,B
2021-06-17T14:19:40,100.0,42.3,B
2021-06-17T14:19:32,100.0,42.2,S
2021-06-17T14:19:29,1300.0,42.2,S
2021-06-17T14:19:26,100.0,42.2,S
2021-06-17T14:19:25,50000.0,42.3,B
2021-06-17T14:19:25,100.0,42.2,S
2021-06-17T14:19:12,100.0,42.2,S
2021-06-17T14:19:08,700.0,42.3,B
2021-06-17T14:19:00,500.0,42.3,B
2021-06-17T14:18:56,500.0,42.2,S
2021-06-17T14:18:51,100.0,42.3,B
2021-06-17T14:18:45,40000.0,42.3,B
2021-06-17T14:18:37,300.0,42.2,S
2021-06-17T14:18:16,1400.0,42.3,B
2021-06-17T14:18:08,1000.0,42.3,B
2021-06-17T14:18:04,400.0,42.3,B
2021-06-17T14:18:03,10000.0,42.2,S
2021-06-17T14:17:56,500.0,42.2,S
2021-06-17T14:17:48,20000.0,42.3,B
2021-06-17T14:17:46,20000.0,42.3,B
2021-06-17T14:17:33,2000.0,42.3,B
2021-06-17T14:17:14,500.0,42.3,B
2021-06-17T14:17:10,500.0,42.2,S
2021-06-17T14:17:04,300.0,42.3,B
2021-06-17T14:16:55,5000.0,42.3,B
2021-06-17T14:16:54,1000.0,42.2,S
2021-06-17T14:16:51,100.0,42.3,B
2021-06-17T14:16:44,500.0,42.2,S
2021-06-17T14:16:15,500.0,42.3,B
2021-06-17T14:16:11,200.0,42.3,B
2021-06-17T14:16:06,300.0,42.3,B
2021-06-17T14:15:58,200.0,42.3,B
2021-06-17T14:15:52,2800.0,42.3,S
2021-06-17T14:15:44,100.0,42.3,S
2021-06-17T14:15:43,200.0,42.3,S
2021-06-17T14:15:39,500.0,42.3,S
2021-06-17T14:15:34,1000.0,42.3,S
2021-06-17T14:15:31,1400.0,42.3,B
2021-06-17T14:14:58,17100.0,42.3,B
2021-06-17T14:14:54,3400.0,42.3,B
2021-06-17T14:14:30,40100.0,42.3,B
2021-06-17T14:14:25,200.0,42.2,B
2021-06-17T14:14:25,700.0,42.2,B
2021-06-17T14:14:23,10000.0,42.2,B
2021-06-17T14:14:15,5000.0,42.2,B
2021-06-17T14:14:03,43000.0,42.2,B
2021-06-17T14:13:45,2000.0,42.1,S
2021-06-17T14:13:41,100.0,42.2,B
2021-06-17T14:13:24,3100.0,42.1,B
2021-06-17T14:13:22,2000.0,42.1,B
2021-06-17T14:13:15,40000.0,42.1,B
2021-06-17T14:13:09,1000.0,42.0,S
2021-06-17T14:13:08,500.0,42.0,S
2021-06-17T14:13:03,2000.0,42.0,S
2021-06-17T14:12:58,4000.0,42.0,S
2021-06-17T14:12:52,100.0,42.0,S
2021-06-17T14:12:51,800.0,42.0,S
2021-06-17T14:12:51,15400.0,42.0,B
2021-06-17T14:12:43,200.0,42.0,B
2021-06-17T14:12:43,1000.0,42.0,B
2021-06-17T14:12:42,40000.0,42.0,B
2021-06-17T14:12:36,40000.0,42.0,B
2021-06-17T14:12:27,40000.0,42.0,B
2021-06-17T14:12:23,100.0,41.9,S
2021-06-17T14:12:21,6200.0,42.0,B
2021-06-17T14:12:19,33800.0,42.0,B
2021-06-17T14:12:07,3000.0,41.9,B
2021-06-17T14:12:05,23000.0,41.9,B
2021-06-17T14:11:45,1000.0,41.8,S
2021-06-17T14:11:44,20000.0,41.9,B
2021-06-17T14:11:26,1000.0,41.8,S
2021-06-17T14:11:23,1000.0,41.8,S
2021-06-17T14:11:04,10000.0,41.7,S
2021-06-17T14:10:59,2600.0,41.8,B
2021-06-17T14:10:37,17400.0,41.8,B
2021-06-17T14:10:24,700.0,41.8,S
2021-06-17T14:10:21,500.0,41.8,S
2021-06-17T14:10:19,1000.0,41.8,S
2021-06-17T14:09:57,500.0,41.8,S
2021-06-17T14:09:40,1000.0,41.8,S
2021-06-17T14:09:40,500.0,41.8,S
2021-06-17T14:09:29,200.0,41.8,S
2021-06-17T14:09:26,26900.0,41.8,B
2021-06-17T14:09:07,200.0,41.8,B
2021-06-17T14:09:06,14200.0,41.7,S
2021-06-17T14:09:03,20000.0,41.6,S
2021-06-17T14:08:51,2000.0,41.7,B
2021-06-17T14:08:34,1800.0,41.6,S
2021-06-17T14:08:30,1000.0,41.6,S
2021-06-17T14:08:29,100.0,41.7,B
2021-06-17T14:08:04,100.0,41.6,S
2021-06-17T14:07:56,4400.0,41.7,B
2021-06-17T14:07:28,1400.0,41.6,S
2021-06-17T14:07:21,300.0,41.6,S
2021-06-17T14:07:08,2000.0,41.6,S
2021-06-17T14:07:06,100.0,41.6,S
2021-06-17T14:06:54,500.0,41.6,S
2021-06-17T14:06:50,2000.0,41.6,S
2021-06-17T14:06:08,21800.0,41.6,S
2021-06-17T14:06:02,100.0,41.7,B
2021-06-17T14:05:58,500.0,41.7,B
2021-06-17T14:05:27,2000.0,41.7,B
2021-06-17T14:05:25,3000.0,41.7,B
2021-06-17T14:05:24,200.0,41.7,B
2021-06-17T14:05:23,500.0,41.7,B
2021-06-17T14:05:17,1100.0,41.7,B
2021-06-17T14:05:16,5000.0,41.7,B
2021-06-17T14:04:54,900.0,41.7,S
2021-06-17T14:04:53,4100.0,41.7,S
2021-06-17T14:04:29,100.0,41.7,B
2021-06-17T14:04:12,1000.0,41.7,B
2021-06-17T14:04:11,100.0,41.7,B
2021-06-17T14:04:08,500.0,41.7,B
2021-06-17T14:03:50,400.0,41.7,B
2021-06-17T14:03:47,6000.0,41.7,S
2021-06-17T14:03:33,500.0,41.7,S
2021-06-17T14:03:31,4000.0,41.7,S
2021-06-17T14:03:19,600.0,41.7,S
2021-06-17T14:02:36,500.0,41.7,S
2021-06-17T14:01:53,1500.0,41.7,S
2021-06-17T14:01:43,200.0,41.7,S
2021-06-17T14:01:42,1300.0,41.8,B
2021-06-17T14:01:20,17000.0,41.7,S
2021-06-17T14:01:16,1600.0,41.7,S
2021-06-17T14:00:48,15000.0,41.7,S
2021-06-17T14:00:37,200.0,41.7,S
2021-06-17T14:00:07,1000.0,41.8,B
2021-06-17T14:00:03,1000.0,41.7,S
2021-06-17T14:00:02,10000.0,41.8,B
2021-06-17T13:59:54,1000.0,41.7,S
2021-06-17T13:59:24,1000.0,41.8,B
2021-06-17T13:59:16,3700.0,41.8,B
2021-06-17T13:59:04,100.0,41.8,B
2021-06-17T13:58:37,5000.0,41.7,S
2021-06-17T13:58:28,500.0,41.8,B
2021-06-17T13:58:12,300.0,41.8,B
2021-06-17T13:57:59,700.0,41.7,S
2021-06-17T13:57:56,6600.0,41.8,S
2021-06-17T13:57:55,20000.0,41.8,S
2021-06-17T13:57:53,200.0,41.9,B
2021-06-17T13:57:44,3000.0,41.8,S
2021-06-17T13:57:32,1000.0,41.8,S
2021-06-17T13:57:23,2200.0,41.8,S
2021-06-17T13:57:08,100.0,41.9,B
2021-06-17T13:57:01,100.0,41.9,B
2021-06-17T13:56:59,15500.0,41.9,B
2021-06-17T13:56:46,4700.0,41.9,B
2021-06-17T13:56:43,100.0,41.9,B
2021-06-17T13:56:34,5200.0,41.8,S
2021-06-17T13:56:12,500.0,41.9,B
2021-06-17T13:56:07,1000.0,41.8,S
2021-06-17T13:55:48,400.0,41.9,B
2021-06-17T13:55:35,1000.0,41.8,S
2021-06-17T13:55:30,600.0,41.9,B
2021-06-17T13:55:30,700.0,41.8,S
2021-06-17T13:55:28,300.0,41.8,S
2021-06-17T13:55:12,3100.0,41.8,S
2021-06-17T13:54:01,10200.0,41.9,S
2021-06-17T13:54:00,5000.0,41.9,S
2021-06-17T13:53:50,10000.0,41.9,S
2021-06-17T13:53:45,4100.0,41.9,S
2021-06-17T13:53:41,500.0,41.9,S
2021-06-17T13:53:30,3000.0,41.9,S
2021-06-17T13:53:24,10000.0,41.9,S
2021-06-17T13:53:12,20000.0,41.9,S
2021-06-17T13:53:10,100.0,41.9,S
2021-06-17T13:53:08,100.0,41.9,S
2021-06-17T13:53:00,1500.0,41.9,S
2021-06-17T13:52:51,200.0,41.9,S
2021-06-17T13:52:50,10000.0,41.9,S
2021-06-17T13:52:00,2000.0,42.0,B
2021-06-17T13:51:55,20000.0,41.9,S
2021-06-17T13:51:48,200.0,41.9,S
2021-06-17T13:51:25,100.0,41.9,S
2021-06-17T13:51:06,5000.0,42.0,B
2021-06-17T13:50:51,500.0,42.0,B
2021-06-17T13:50:26,100.0,41.9,S
2021-06-17T13:50:25,500.0,41.9,S
2021-06-17T13:50:10,1000.0,41.9,S
2021-06-17T13:50:02,1000.0,42.0,B
2021-06-17T13:50:01,500.0,42.0,B
2021-06-17T13:49:59,1000.0,41.9,S
2021-06-17T13:49:48,1000.0,41.9,S
2021-06-17T13:49:35,12400.0,41.9,B
2021-06-17T13:49:34,20000.0,41.9,B
2021-06-17T13:49:30,500.0,41.8,S
2021-06-17T13:49:24,1900.0,41.9,B
2021-06-17T13:49:22,800.0,41.9,B
2021-06-17T13:49:08,2000.0,41.9,B
2021-06-17T13:48:59,17400.0,41.9,B
2021-06-17T13:48:58,2000.0,41.9,B
2021-06-17T13:48:45,1000.0,41.8,S
2021-06-17T13:48:37,300.0,41.9,B
2021-06-17T13:48:36,500.0,41.8,S
2021-06-17T13:48:31,2500.0,41.9,B
2021-06-17T13:48:24,500.0,41.9,B
2021-06-17T13:48:22,1000.0,41.9,B
2021-06-17T13:48:22,500.0,41.9,B
2021-06-17T13:47:09,2000.0,41.9,B
2021-06-17T13:47:07,2100.0,41.9,B
2021-06-17T13:46:41,100.0,41.9,B
2021-06-17T13:46:27,300.0,41.9,B
2021-06-17T13:46:22,2000.0,41.9,B
2021-06-17T13:46:08,500.0,41.8,S
2021-06-17T13:46:07,3000.0,41.8,S
2021-06-17T13:45:50,500.0,41.9,B
2021-06-17T13:45:39,2000.0,41.8,S
2021-06-17T13:45:36,200.0,41.9,B
2021-06-17T13:45:33,1000.0,41.8,S
2021-06-17T13:45:27,100.0,41.8,S
2021-06-17T13:45:18,1000.0,41.8,S
2021-06-17T13:45:14,2000.0,41.8,S
2021-06-17T13:45:07,10000.0,41.8,S
2021-06-17T13:44:58,500.0,41.9,B
2021-06-17T13:44:52,1000.0,41.8,S
2021-06-17T13:44:47,1000.0,41.9,B
2021-06-17T13:44:18,2500.0,41.8,S
2021-06-17T13:44:09,8400.0,41.8,S
2021-06-17T13:44:07,10000.0,41.8,B
2021-06-17T13:43:53,300.0,41.8,B
2021-06-17T13:43:04,1000.0,41.8,B
2021-06-17T13:43:03,2000.0,41.8,B
2021-06-17T13:43:03,3000.0,41.8,B
2021-06-17T13:43:02,200.0,41.8,B
2021-06-17T13:42:50,1500.0,41.8,S
2021-06-17T13:42:35,700.0,41.8,B
2021-06-17T13:42:33,15000.0,41.8,B
2021-06-17T13:42:23,500.0,41.7,S
2021-06-17T13:42:22,100.0,41.7,S
2021-06-17T13:42:22,100.0,41.7,S
2021-06-17T13:42:14,200.0,41.8,B
2021-06-17T13:42:03,2300.0,41.8,B
2021-06-17T13:41:54,3300.0,41.8,B
2021-06-17T13:41:51,1000.0,41.8,B
2021-06-17T13:41:50,1000.0,41.8,B
2021-06-17T13:41:22,2000.0,41.8,B
2021-06-17T13:41:14,1000.0,41.8,B
2021-06-17T13:41:08,1000.0,41.7,S
2021-06-17T13:41:03,100.0,41.7,S
2021-06-17T13:40:57,5000.0,41.7,S
2021-06-17T13:40:46,2200.0,41.7,S
2021-06-17T13:40:36,2000.0,41.7,S
2021-06-17T13:40:24,12200.0,41.8,B
2021-06-17T13:40:23,100.0,41.8,B
2021-06-17T13:40:20,2000.0,41.7,S
2021-06-17T13:39:51,800.0,41.7,B
2021-06-17T13:39:49,20000.0,41.7,B
2021-06-17T13:39:40,200.0,41.7,B
2021-06-17T13:39:30,1000.0,41.7,B
2021-06-17T13:39:13,500.0,41.7,B
2021-06-17T13:38:37,400.0,41.7,B
2021-06-17T13:38:34,3000.0,41.5,S
2021-06-17T13:38:01,46000.0,41.6,S
2021-06-17T13:37:46,1500.0,41.6,S
2021-06-17T13:37:36,1000.0,41.7,S
2021-06-17T13:37:25,500.0,41.8,B
2021-06-17T13:37:00,500.0,41.8,B
2021-06-17T13:36:52,1000.0,41.8,B
2021-06-17T13:36:40,200.0,41.8,B
2021-06-17T13:36:39,1000.0,41.8,B
2021-06-17T13:36:24,300.0,41.8,B
2021-06-17T13:35:59,500.0,41.8,B
2021-06-17T13:35:39,1500.0,41.7,B
2021-06-17T13:35:30,1000.0,41.6,S
2021-06-17T13:35:25,100.0,41.7,B
2021-06-17T13:35:16,1000.0,41.6,S
2021-06-17T13:34:58,400.0,41.7,B
2021-06-17T13:34:46,1000.0,41.7,B
2021-06-17T13:34:45,1000.0,41.6,S
2021-06-17T13:34:39,300.0,41.6,S
2021-06-17T13:34:20,9000.0,41.6,B
2021-06-17T13:34:16,300.0,41.5,S
2021-06-17T13:33:48,2000.0,41.6,B
2021-06-17T13:33:38,1300.0,41.6,B
2021-06-17T13:33:25,300.0,41.6,B
2021-06-17T13:33:19,5000.0,41.5,S
2021-06-17T13:33:09,100.0,41.5,S
2021-06-17T13:32:50,4000.0,41.5,S
2021-06-17T13:32:47,100.0,41.6,B
2021-06-17T13:32:22,3000.0,41.6,B
2021-06-17T13:32:02,100.0,41.5,S
2021-06-17T13:31:47,600.0,41.6,B
2021-06-17T13:31:32,2000.0,41.6,B
2021-06-17T13:31:14,100.0,41.6,B
2021-06-17T13:31:03,900.0,41.5,S
2021-06-17T13:30:58,100.0,41.5,S
2021-06-17T13:30:51,500.0,41.5,S
2021-06-17T13:30:46,300.0,41.5,S
2021-06-17T13:30:45,2800.0,41.5,S
2021-06-17T13:30:29,100.0,41.4,S
2021-06-17T13:30:21,1000.0,41.4,B
2021-06-17T13:30:15,1000.0,41.4,B
2021-06-17T13:30:14,4000.0,41.3,S
2021-06-17T13:29:52,100.0,41.4,B
2021-06-17T13:29:50,1300.0,41.4,S
2021-06-17T13:29:39,500.0,41.5,B
2021-06-17T13:29:16,500.0,41.5,B
2021-06-17T13:29:10,500.0,41.5,B
2021-06-17T13:28:59,200.0,41.5,B
2021-06-17T13:28:33,500.0,41.4,S
2021-06-17T13:28:25,100.0,41.3,S
2021-06-17T13:28:25,5900.0,41.3,S
2021-06-17T13:28:18,2000.0,41.3,B
2021-06-17T13:28:16,200.0,41.3,B
2021-06-17T13:28:13,500.0,41.3,B
2021-06-17T13:28:09,16000.0,41.3,S
2021-06-17T13:27:55,900.0,41.5,B
2021-06-17T13:27:54,100.0,41.5,S
2021-06-17T13:27:52,30000.0,41.4,S
2021-06-17T13:27:51,6000.0,41.5,S
2021-06-17T13:27:36,3000.0,41.5,S
2021-06-17T13:27:10,1500.0,41.5,S
2021-06-17T13:27:08,1000.0,41.5,S
2021-06-17T13:27:03,800.0,41.5,S
2021-06-17T13:26:50,2200.0,41.5,S
2021-06-17T13:26:47,800.0,41.5,S
2021-06-17T13:26:40,26300.0,41.5,S
2021-06-17T13:26:30,2000.0,41.6,B
2021-06-17T13:26:29,2000.0,41.5,S
2021-06-17T13:26:26,100.0,41.6,B
2021-06-17T13:26:22,100.0,41.6,B
2021-06-17T13:26:21,1600.0,41.6,B
2021-06-17T13:26:17,5000.0,41.6,B
2021-06-17T13:26:16,1400.0,41.6,S
2021-06-17T13:26:13,5000.0,41.6,S
2021-06-17T13:26:01,1000.0,41.6,S
2021-06-17T13:25:51,3000.0,41.6,S
2021-06-17T13:25:46,1200.0,41.7,B
2021-06-17T13:25:45,500.0,41.7,B
2021-06-17T13:25:40,100.0,41.7,B
2021-06-17T13:25:36,2400.0,41.7,S
2021-06-17T13:25:30,30000.0,41.7,S
2021-06-17T13:25:30,800.0,41.7,S
2021-06-17T13:25:29,500.0,41.7,S
2021-06-17T13:25:29,100.0,41.8,B
2021-06-17T13:25:14,1000.0,41.7,S
2021-06-17T13:25:07,5000.0,41.7,S
2021-06-17T13:25:04,200.0,41.8,B
2021-06-17T13:25:02,12500.0,41.7,S
2021-06-17T13:25:02,1000.0,41.7,S
2021-06-17T13:24:56,1100.0,41.7,S
2021-06-17T13:24:52,400.0,41.7,S
2021-06-17T13:24:45,100.0,41.8,B
2021-06-17T13:24:31,200.0,41.8,B
2021-06-17T13:24:25,800.0,41.8,B
2021-06-17T13:24:19,100.0,41.8,B
2021-06-17T13:24:17,800.0,41.8,B
2021-06-17T13:24:12,5000.0,41.8,B
2021-06-17T13:23:59,500.0,41.8,B
2021-06-17T13:23:37,100.0,41.8,B
2021-06-17T13:23:30,500.0,41.7,S
2021-06-17T13:23:26,100.0,41.7,S
2021-06-17T13:23:22,100.0,41.7,S
2021-06-17T13:23:07,2500.0,41.8,S
2021-06-17T13:22:52,100.0,41.9,S
2021-06-17T13:22:48,200.0,42.0,B
2021-06-17T13:22:32,1000.0,42.0,B
2021-06-17T13:22:12,5000.0,42.0,B
2021-06-17T13:22:08,4300.0,42.0,B
2021-06-17T13:20:54,100.0,42.1,B
2021-06-17T13:20:50,2000.0,42.0,S
2021-06-17T13:20:47,5000.0,42.0,S
2021-06-17T13:20:42,400.0,42.1,B
2021-06-17T13:20:42,8000.0,42.0,S
2021-06-17T13:20:40,600.0,42.0,S
2021-06-17T13:20:21,1000.0,42.0,S
2021-06-17T13:20:03,1000.0,42.0,S
2021-06-17T13:20:02,500.0,42.0,S
2021-06-17T13:20:01,2000.0,42.0,S
2021-06-17T13:19:58,2600.0,42.0,B
2021-06-17T13:19:55,5000.0,42.0,B
2021-06-17T13:19:52,2400.0,42.0,S
2021-06-17T13:19:48,3000.0,42.0,S
2021-06-17T13:19:40,1100.0,42.0,B
2021-06-17T13:19:38,18900.0,42.0,B
2021-06-17T13:19:32,16000.0,42.1,B
2021-06-17T13:19:32,500.0,42.1,B
2021-06-17T13:19:32,3000.0,42.0,S
2021-06-17T13:19:28,2000.0,42.1,B
2021-06-17T13:19:18,3000.0,42.1,B
2021-06-17T13:19:16,5000.0,42.1,B
2021-06-17T13:19:15,3100.0,42.1,B
2021-06-17T13:19:14,1300.0,42.1,B
2021-06-17T13:19:08,5000.0,42.1,B
2021-06-17T13:19:00,100.0,42.2,B
2021-06-17T13:18:56,200.0,42.2,B
2021-06-17T13:18:47,1000.0,42.2,B
2021-06-17T13:18:36,20000.0,42.2,B
2021-06-17T13:18:31,20000.0,42.1,B
2021-06-17T13:18:30,200.0,42.0,B
2021-06-17T13:18:24,500.0,42.0,B
2021-06-17T13:18:20,20500.0,42.0,B
2021-06-17T13:18:15,20000.0,42.0,B
2021-06-17T13:18:07,200.0,42.0,B
2021-06-17T13:17:54,10000.0,42.0,B
2021-06-17T13:17:53,900.0,42.0,B
2021-06-17T13:17:19,100.0,42.0,B
2021-06-17T13:17:17,300.0,42.0,B
2021-06-17T13:17:06,100.0,42.0,B
2021-06-17T13:16:40,300.0,42.0,B
2021-06-17T13:16:21,2200.0,41.5,S
2021-06-17T13:16:20,200.0,41.5,B
2021-06-17T13:16:18,500.0,41.5,B
2021-06-17T13:16:17,10000.0,41.5,B
2021-06-17T13:16:15,1200.0,41.5,B
2021-06-17T13:16:15,300.0,41.4,S
2021-06-17T13:16:14,200.0,41.5,B
2021-06-17T13:16:12,100.0,41.5,B
2021-06-17T13:15:59,500.0,41.5,B
2021-06-17T13:15:54,9100.0,41.5,S
2021-06-17T13:15:53,50000.0,41.5,S
2021-06-17T13:15:39,2900.0,42.2,S
2021-06-17T13:15:39,2000.0,42.3,B
2021-06-17T13:15:37,100.0,42.2,S
2021-06-17T13:15:36,100.0,42.2,S
2021-06-17T13:15:20,800.0,42.2,S
2021-06-17T13:15:15,500.0,42.2,S
2021-06-17T13:15:07,100.0,42.2,S
2021-06-17T13:15:02,19200.0,42.2,B
2021-06-17T13:14:44,800.0,42.2,B
2021-06-17T13:14:40,1000.0,42.2,B
2021-06-17T13:14:37,500.0,42.1,S
2021-06-17T13:14:33,5000.0,42.2,B
2021-06-17T13:14:28,100.0,42.2,B
2021-06-17T13:14:25,1000.0,42.2,B
2021-06-17T13:14:08,10000.0,42.2,B
2021-06-17T13:14:07,100.0,42.2,B
2021-06-17T13:14:04,100.0,42.2,B
2021-06-17T13:13:59,5000.0,42.2,B
2021-06-17T13:13:55,2700.0,42.2,B
2021-06-17T13:13:53,500.0,42.3,B
2021-06-17T13:13:51,500.0,42.3,B
2021-06-17T13:13:50,300.0,42.2,S
2021-06-17T13:13:45,100.0,42.3,B
2021-06-17T13:13:28,8000.0,42.3,B
2021-06-17T13:13:15,5500.0,42.2,B
2021-06-17T13:13:15,10000.0,42.0,S
2021-06-17T13:13:15,600.0,42.1,B
2021-06-17T13:13:12,3100.0,42.1,B
2021-06-17T13:13:09,1200.0,42.1,S
2021-06-17T13:13:08,2000.0,42.2,B
2021-06-17T13:13:04,2600.0,42.1,B
2021-06-17T13:12:59,600.0,42.1,B
2021-06-17T13:12:57,2000.0,42.0,S
2021-06-17T13:12:52,1000.0,42.1,B
2021-06-17T13:12:44,3000.0,42.1,B
2021-06-17T13:12:40,5000.0,42.1,B
2021-06-17T13:12:27,100.0,42.1,B
2021-06-17T13:12:27,1000.0,42.1,B
2021-06-17T13:12:22,500.0,42.0,S
2021-06-17T13:12:17,2000.0,42.0,S
2021-06-17T13:12:15,100.0,42.1,B
2021-06-17T13:12:15,300.0,42.1,B
2021-06-17T13:12:09,1000.0,42.0,S
2021-06-17T13:12:09,1000.0,42.1,B
2021-06-17T13:12:06,1000.0,42.0,S
2021-06-17T13:12:05,3000.0,42.1,B
2021-06-17T13:11:56,9400.0,42.0,B
2021-06-17T13:11:52,12000.0,42.0,B
2021-06-17T13:11:52,800.0,42.0,B
2021-06-17T13:11:50,300.0,41.9,S
2021-06-17T13:11:48,11400.0,42.0,B
2021-06-17T13:11:46,300.0,42.0,B
2021-06-17T13:11:46,20000.0,42.0,B
2021-06-17T13:11:42,10000.0,42.0,B
2021-06-17T13:11:38,2000.0,42.0,B
2021-06-17T13:11:33,5000.0,42.0,B
2021-06-17T13:11:29,10000.0,42.0,B
2021-06-17T13:11:19,200.0,42.0,B
2021-06-17T13:11:19,5000.0,41.9,S
2021-06-17T13:11:18,600.0,42.0,B
2021-06-17T13:11:17,100.0,42.0,B
2021-06-17T13:11:12,4000.0,42.0,B
2021-06-17T13:11:08,200.0,41.9,S
2021-06-17T13:11:06,10000.0,42.0,B
2021-06-17T13:11:04,100.0,42.0,B
2021-06-17T13:10:58,10000.0,42.0,B
2021-06-17T13:10:48,20000.0,42.0,B
2021-06-17T13:10:47,500.0,41.9,S
2021-06-17T13:10:46,20000.0,42.0,B
2021-06-17T13:10:45,100.0,41.9,S
2021-06-17T13:10:42,100.0,41.9,S
2021-06-17T13:10:35,100.0,42.0,B
2021-06-17T13:10:29,500.0,42.0,B
2021-06-17T13:10:24,100.0,41.9,S
2021-06-17T13:10:22,8900.0,41.9,S
2021-06-17T13:10:22,100.0,41.9,B
2021-06-17T13:10:21,20500.0,41.9,B
2021-06-17T13:10:17,2000.0,41.9,B
2021-06-17T13:10:13,800.0,41.9,B
2021-06-17T13:10:09,500.0,41.9,B
2021-06-17T13:10:08,53900.0,41.9,B
2021-06-17T13:10:07,500.0,41.8,B
2021-06-17T13:10:02,500.0,41.8,B
2021-06-17T13:09:54,1000.0,41.8,B
2021-06-17T13:09:54,3500.0,41.8,S
2021-06-17T13:09:52,1000.0,41.8,S
2021-06-17T13:09:51,5000.0,41.9,B
2021-06-17T13:09:43,500.0,41.8,S
2021-06-17T13:09:40,600.0,41.9,B
2021-06-17T13:09:32,1000.0,41.9,B
2021-06-17T13:09:26,5000.0,41.8,S
2021-06-17T13:09:19,3000.0,41.9,B
2021-06-17T13:09:19,2000.0,41.9,B
2021-06-17T13:09:15,100.0,41.9,B
2021-06-17T13:09:07,4300.0,41.9,B
2021-06-17T13:08:54,5400.0,41.8,B
2021-06-17T13:08:41,20000.0,41.8,B
2021-06-17T13:08:40,20000.0,41.8,B
2021-06-17T13:08:38,6600.0,41.8,B
2021-06-17T13:08:38,13400.0,41.8,B
2021-06-17T13:08:36,20000.0,41.7,B
2021-06-17T13:08:32,1000.0,41.6,B
2021-06-17T13:08:28,1800.0,41.6,B
2021-06-17T13:08:16,200.0,41.6,B
2021-06-17T13:08:15,500.0,41.6,B
2021-06-17T13:08:12,100.0,41.6,B
2021-06-17T13:08:08,200.0,41.6,B
2021-06-17T13:08:08,100.0,41.6,B
2021-06-17T13:08:05,200.0,41.6,B
2021-06-17T13:07:57,48000.0,41.6,B
2021-06-17T13:07:56,1000.0,41.5,S
2021-06-17T13:07:48,100.0,41.5,B
2021-06-17T13:07:47,25900.0,41.5,B
2021-06-17T13:07:45,800.0,41.5,B
2021-06-17T13:07:45,100.0,41.5,B
2021-06-17T13:07:44,1000.0,41.5,B
2021-06-17T13:07:42,48000.0,41.5,B
2021-06-17T13:07:41,200.0,41.4,S
2021-06-17T13:07:41,500.0,41.5,B
2021-06-17T13:07:38,1000.0,41.5,B
2021-06-17T13:07:38,3000.0,41.5,B
2021-06-17T13:07:37,20000.0,41.5,B
2021-06-17T13:07:32,200.0,41.5,B
2021-06-17T13:07:27,500.0,41.5,B
2021-06-17T13:07:24,500.0,41.5,B
2021-06-17T13:07:20,1300.0,41.5,B
2021-06-17T13:07:17,200.0,41.5,B
2021-06-17T13:07:14,100.0,41.5,B
2021-06-17T13:07:13,3000.0,41.5,B
2021-06-17T13:07:03,1000.0,41.5,B
2021-06-17T13:06:58,100.0,41.4,S
2021-06-17T13:06:45,25000.0,41.4,B
2021-06-17T13:06:40,200.0,41.4,B
2021-06-17T13:06:31,48000.0,41.4,B
2021-06-17T13:06:19,1200.0,41.4,B
2021-06-17T13:06:15,48000.0,41.4,B
2021-06-17T13:06:02,100.0,41.3,B
2021-06-17T13:05:42,500.0,41.2,S
2021-06-17T13:04:55,20000.0,41.2,S
2021-06-17T13:04:47,400.0,41.2,S
2021-06-17T13:04:35,10000.0,41.2,S
2021-06-17T13:04:29,100.0,41.3,B
2021-06-17T13:04:26,1000.0,41.3,B
2021-06-17T13:04:08,500.0,41.3,B
2021-06-17T13:04:05,300.0,41.2,S
2021-06-17T13:03:53,100.0,41.3,B
2021-06-17T13:03:43,1500.0,41.3,B
2021-06-17T13:03:32,100.0,41.3,B
2021-06-17T13:03:08,300.0,41.2,S
2021-06-17T13:03:06,300.0,41.3,B
2021-06-17T13:02:21,100.0,41.2,S
2021-06-17T13:01:19,300.0,41.3,B
2021-06-17T13:01:07,22000.0,41.2,S
2021-06-17T13:01:02,100.0,41.3,B
2021-06-17T13:00:51,1000.0,41.3,B
2021-06-17T13:00:44,100.0,41.3,B
2021-06-17T13:00:38,400.0,41.3,B
2021-06-17T13:00:35,300.0,41.2,S
2021-06-17T13:00:12,100.0,41.3,B
2021-06-17T13:00:10,300.0,41.3,B
2021-06-17T13:00:10,10000.0,41.3,B
2021-06-17T13:00:08,400.0,41.3,B
2021-06-17T13:00:05,300.0,41.3,B
2021-06-17T13:00:03,200.0,41.3,B
2021-06-17T13:00:03,1100.0,41.2,S
2021-06-17T13:00:02,1000.0,41.3,B
2021-06-17T13:00:02,11000.0,41.3,B
2021-06-17T13:00:02,4100.0,41.2,S
2021-06-17T13:00:02,1000.0,41.3,B
2021-06-17T11:29:36,3000.0,41.3,B
2021-06-17T11:29:19,500.0,41.3,B
2021-06-17T11:29:16,5000.0,41.2,S
2021-06-17T11:28:03,1000.0,41.2,S
2021-06-17T11:27:19,8000.0,41.2,S
2021-06-17T11:27:00,100.0,41.3,B
2021-06-17T11:26:58,800.0,41.3,B
2021-06-17T11:26:37,2400.0,41.3,B
2021-06-17T11:26:34,5000.0,41.3,B
2021-06-17T11:26:34,200.0,41.3,B
2021-06-17T11:26:31,1000.0,41.2,S
2021-06-17T11:26:30,100.0,41.2,S
2021-06-17T11:26:03,1000.0,41.3,B
2021-06-17T11:25:48,400.0,41.3,B
2021-06-17T11:25:47,600.0,41.3,B
2021-06-17T11:25:47,100.0,41.3,B
2021-06-17T11:25:25,2000.0,41.3,B
2021-06-17T11:25:24,500.0,41.3,B
2021-06-17T11:25:16,5000.0,41.2,S
2021-06-17T11:25:13,4000.0,41.3,B
2021-06-17T11:25:10,200.0,41.3,B
2021-06-17T11:24:43,19800.0,41.3,B
2021-06-17T11:24:18,5000.0,41.2,S
2021-06-17T11:24:09,13900.0,41.2,S
2021-06-17T11:23:36,300.0,41.2,S
2021-06-17T11:23:27,400.0,41.2,S
2021-06-17T11:22:53,1000.0,41.2,S
2021-06-17T11:22:02,2000.0,41.2,S
2021-06-17T11:22:01,2000.0,41.3,B
2021-06-17T11:21:44,400.0,41.2,S
2021-06-17T11:21:17,1000.0,41.2,S
2021-06-17T11:21:05,4000.0,41.2,S
2021-06-17T11:20:20,2000.0,41.2,S
2021-06-17T11:19:53,100.0,41.3,B
2021-06-17T11:19:36,4000.0,41.2,S
2021-06-17T11:19:24,600.0,41.3,B
2021-06-17T11:19:23,100.0,41.3,B
2021-06-17T11:19:10,2000.0,41.3,B
2021-06-17T11:18:59,3000.0,41.3,B
2021-06-17T11:18:54,1000.0,41.3,B
2021-06-17T11:18:51,5000.0,41.3,B
2021-06-17T11:18:42,1600.0,41.3,B
2021-06-17T11:18:31,2000.0,41.2,S
2021-06-17T11:18:11,15000.0,41.3,B
2021-06-17T11:17:49,4000.0,41.2,S
2021-06-17T11:17:30,2000.0,41.2,S
2021-06-17T11:17:25,600.0,41.2,S
2021-06-17T11:16:52,1000.0,41.2,S
2021-06-17T11:16:38,4000.0,41.2,S
2021-06-17T11:16:38,100.0,41.2,S
2021-06-17T11:15:58,4000.0,41.2,S
2021-06-17T11:15:38,9300.0,41.2,B
2021-06-17T11:15:06,3000.0,41.1,S
2021-06-17T11:15:04,11000.0,41.1,S
2021-06-17T11:14:49,300.0,41.1,S
2021-06-17T11:14:31,300.0,41.2,B
2021-06-17T11:14:28,2000.0,41.2,B
2021-06-17T11:14:17,1000.0,41.2,B
2021-06-17T11:14:11,1600.0,41.2,B
2021-06-17T11:14:01,200.0,41.2,B
2021-06-17T11:13:51,100.0,41.1,S
2021-06-17T11:13:44,47200.0,41.2,S
2021-06-17T11:13:38,1400.0,41.3,B
2021-06-17T11:13:38,15600.0,41.3,S
2021-06-17T11:13:36,4000.0,41.3,S
2021-06-17T11:13:36,2000.0,41.3,S
2021-06-17T11:13:36,100.0,41.4,B
2021-06-17T11:13:29,800.0,41.4,B
2021-06-17T11:13:26,8300.0,41.4,B
2021-06-17T11:13:26,500.0,41.3,S
2021-06-17T11:13:26,1000.0,41.3,S
2021-06-17T11:12:36,2000.0,41.3,B
2021-06-17T11:12:35,4100.0,41.3,B
2021-06-17T11:12:17,1400.0,41.3,B
2021-06-17T11:12:02,100.0,41.3,S
2021-06-17T11:11:42,500.0,41.3,S
2021-06-17T11:11:10,500.0,41.3,B
2021-06-17T11:10:41,24100.0,41.4,B
2021-06-17T11:10:36,2000.0,41.3,B
2021-06-17T11:10:27,200.0,41.2,S
2021-06-17T11:10:19,400.0,41.3,B
2021-06-17T11:10:14,2000.0,41.2,S
2021-06-17T11:09:56,1000.0,41.3,B
2021-06-17T11:09:41,1000.0,41.2,S
2021-06-17T11:09:40,600.0,41.2,S
2021-06-17T11:09:16,500.0,41.2,S
2021-06-17T11:09:05,7000.0,41.2,S
2021-06-17T11:08:59,10000.0,41.2,S
2021-06-17T11:08:56,100.0,41.3,B
2021-06-17T11:08:38,2000.0,41.2,S
2021-06-17T11:08:28,300.0,41.3,S
2021-06-17T11:08:28,300.0,41.4,B
2021-06-17T11:08:27,200.0,41.4,B
2021-06-17T11:08:26,100.0,41.4,B
2021-06-17T11:08:20,100.0,41.4,B
2021-06-17T11:08:17,500.0,41.4,B
2021-06-17T11:08:05,500.0,41.4,B
2021-06-17T11:07:54,3700.0,41.2,S
2021-06-17T11:07:37,1000.0,41.2,S
2021-06-17T11:07:25,7600.0,41.2,S
2021-06-17T11:07:17,500.0,41.3,S
2021-06-17T11:07:09,1000.0,41.4,B
2021-06-17T11:07:09,10000.0,41.3,S
2021-06-17T11:05:58,1000.0,41.4,B
2021-06-17T11:05:47,1000.0,41.3,S
2021-06-17T11:05:28,100.0,41.4,B
2021-06-17T11:05:06,100.0,41.4,B
2021-06-17T11:04:50,600.0,41.4,B
2021-06-17T11:04:42,300.0,41.4,B
2021-06-17T11:04:40,1700.0,41.4,B
2021-06-17T11:04:23,200.0,41.4,B
2021-06-17T11:04:11,200.0,41.3,S
2021-06-17T11:03:59,500.0,41.2,S
2021-06-17T11:03:57,12000.0,41.4,B
2021-06-17T11:03:37,2000.0,41.2,S
2021-06-17T11:03:31,5000.0,41.2,S
2021-06-17T11:03:28,1000.0,41.3,B
2021-06-17T11:03:22,3000.0,41.3,B
2021-06-17T11:03:12,100.0,41.2,S
2021-06-17T11:03:02,500.0,41.2,S
2021-06-17T11:02:51,2800.0,41.2,S
2021-06-17T11:02:28,500.0,41.2,B
2021-06-17T11:02:25,3700.0,41.2,S
2021-06-17T11:01:59,500.0,41.2,B
2021-06-17T11:01:34,100.0,41.1,S
2021-06-17T11:01:08,100.0,41.1,S
2021-06-17T11:01:06,200.0,41.1,S
2021-06-17T11:00:59,200.0,41.1,S
2021-06-17T11:00:54,700.0,41.1,B
2021-06-17T11:00:46,300.0,41.1,B
2021-06-17T11:00:33,3000.0,41.0,S
2021-06-17T11:00:20,2000.0,41.1,B
2021-06-17T11:00:12,600.0,41.0,S
2021-06-17T10:59:58,10000.0,41.0,S
2021-06-17T10:59:51,1100.0,41.1,B
2021-06-17T10:59:50,2000.0,41.1,B
2021-06-17T10:59:47,1000.0,41.0,S
2021-06-17T10:59:31,1000.0,41.0,S
2021-06-17T10:59:30,1000.0,41.0,S
2021-06-17T10:59:09,500.0,41.1,B
2021-06-17T10:59:07,100.0,41.1,B
2021-06-17T10:58:43,2100.0,41.1,S
2021-06-17T10:58:27,400.0,41.2,B
2021-06-17T10:58:18,100.0,41.2,B
2021-06-17T10:58:16,800.0,41.1,S
2021-06-17T10:58:13,2000.0,41.2,B
2021-06-17T10:58:12,200.0,41.2,B
2021-06-17T10:58:07,10000.0,41.1,S
2021-06-17T10:58:06,100.0,41.2,B
2021-06-17T10:58:05,8000.0,41.1,S
2021-06-17T10:57:55,900.0,41.2,B
2021-06-17T10:57:54,27600.0,41.1,S
2021-06-17T10:57:53,200.0,41.2,S
2021-06-17T10:57:32,800.0,41.1,S
2021-06-17T10:57:21,2000.0,41.1,S
2021-06-17T10:57:04,47300.0,41.1,S
2021-06-17T10:56:53,100.0,41.3,B
2021-06-17T10:56:45,700.0,41.3,B
2021-06-17T10:56:31,100.0,41.3,B
2021-06-17T10:56:22,100.0,41.3,B
2021-06-17T10:56:18,500.0,41.3,B
2021-06-17T10:56:07,3000.0,41.2,S
2021-06-17T10:55:59,200.0,41.2,S
2021-06-17T10:55:36,100.0,41.3,B
2021-06-17T10:55:29,1000.0,41.3,B
2021-06-17T10:55:24,1000.0,41.3,B
2021-06-17T10:55:11,2000.0,41.3,B
2021-06-17T10:55:09,300.0,41.3,B
2021-06-17T10:54:45,100.0,41.3,B
2021-06-17T10:54:40,1000.0,41.3,B
2021-06-17T10:54:36,100.0,41.3,B
2021-06-17T10:54:34,48100.0,41.2,S
2021-06-17T10:54:32,5500.0,41.3,S
2021-06-17T10:54:31,1300.0,41.3,S
2021-06-17T10:54:24,2300.0,41.3,S
2021-06-17T10:54:16,10000.0,41.3,S
2021-06-17T10:54:11,5000.0,41.3,S
2021-06-17T10:54:02,22000.0,41.3,S
2021-06-17T10:53:59,2000.0,41.4,B
2021-06-17T10:53:32,100.0,41.3,S
2021-06-17T10:53:31,300.0,41.4,B
2021-06-17T10:53:17,500.0,41.3,S
2021-06-17T10:53:14,200.0,41.4,B
2021-06-17T10:53:12,1500.0,41.4,B
2021-06-17T10:53:03,34100.0,41.4,S
2021-06-17T10:53:00,300.0,41.5,B
2021-06-17T10:52:56,2000.0,41.4,S
2021-06-17T10:52:54,4000.0,41.4,S
2021-06-17T10:52:49,2100.0,41.4,S
2021-06-17T10:52:43,200.0,41.4,S
2021-06-17T10:52:28,4000.0,41.4,S
2021-06-17T10:52:24,6000.0,41.4,S
2021-06-17T10:52:14,1000.0,41.4,S
2021-06-17T10:52:14,2000.0,41.4,S
2021-06-17T10:51:51,300.0,41.4,S
2021-06-17T10:51:19,3000.0,41.4,S
2021-06-17T10:51:01,4200.0,41.4,S
2021-06-17T10:51:00,100.0,41.4,S
2021-06-17T10:50:45,700.0,41.4,S
2021-06-17T10:50:39,400.0,41.5,B
2021-06-17T10:50:31,100.0,41.5,B
2021-06-17T10:50:08,1500.0,41.5,B
2021-06-17T10:50:03,500.0,41.5,B
2021-06-17T10:49:58,400.0,41.5,B
2021-06-17T10:49:57,3000.0,41.5,B
2021-06-17T10:49:47,1000.0,41.5,B
2021-06-17T10:49:39,100.0,41.5,B
2021-06-17T10:49:32,1000.0,41.5,B
2021-06-17T10:49:27,100.0,41.5,B
2021-06-17T10:49:26,100.0,41.5,B
2021-06-17T10:49:25,500.0,41.5,B
2021-06-17T10:49:12,400.0,41.5,B
2021-06-17T10:48:58,1000.0,41.5,B
2021-06-17T10:48:58,2000.0,41.5,B
2021-06-17T10:48:45,500.0,41.5,B
2021-06-17T10:48:38,400.0,41.5,B
2021-06-17T10:48:32,12900.0,41.5,B
2021-06-17T10:48:28,1000.0,41.5,B
2021-06-17T10:48:27,5800.0,41.5,B
2021-06-17T10:48:20,500.0,41.5,B
2021-06-17T10:48:16,5000.0,41.5,B
2021-06-17T10:48:11,500.0,41.5,B
2021-06-17T10:48:06,100.0,41.5,B
2021-06-17T10:47:55,100.0,41.5,B
2021-06-17T10:47:39,300.0,41.5,S
2021-06-17T10:47:24,100.0,41.5,S
2021-06-17T10:47:09,20000.0,41.5,S
2021-06-17T10:47:01,1000.0,41.5,S
2021-06-17T10:46:51,100.0,41.6,B
2021-06-17T10:46:50,500.0,41.6,B
2021-06-17T10:46:42,200.0,41.6,B
2021-06-17T10:46:32,5000.0,41.6,B
2021-06-17T10:46:30,2600.0,41.6,B
2021-06-17T10:46:25,500.0,41.6,B
2021-06-17T10:46:14,100.0,41.6,B
2021-06-17T10:46:09,3300.0,41.6,B
2021-06-17T10:45:57,100.0,41.6,B
2021-06-17T10:45:55,500.0,41.5,S
2021-06-17T10:45:27,1000.0,41.6,B
2021-06-17T10:45:05,500.0,41.6,B
2021-06-17T10:43:51,500.0,41.5,S
2021-06-17T10:43:47,100.0,41.6,B
2021-06-17T10:43:37,100.0,41.6,B
2021-06-17T10:43:20,2000.0,41.5,S
2021-06-17T10:43:05,1000.0,41.6,B
2021-06-17T10:42:43,500.0,41.6,B
2021-06-17T10:42:37,19600.0,41.5,S
2021-06-17T10:42:32,100.0,41.6,B
2021-06-17T10:42:26,500.0,41.6,B
2021-06-17T10:42:06,100.0,41.6,S
2021-06-17T10:42:02,21000.0,41.7,B
2021-06-17T10:42:00,1200.0,41.7,B
2021-06-17T10:41:58,400.0,41.7,B
2021-06-17T10:40:48,200.0,41.7,B
2021-06-17T10:40:45,300.0,41.7,B
2021-06-17T10:40:38,100.0,41.7,B
2021-06-17T10:40:35,100.0,41.7,B
2021-06-17T10:40:33,100.0,41.7,B
2021-06-17T10:40:32,200.0,41.7,B
2021-06-17T10:40:21,100.0,41.7,B
2021-06-17T10:39:49,100.0,41.7,B
2021-06-17T10:39:43,1800.0,41.7,S
2021-06-17T10:39:38,8200.0,41.7,B
2021-06-17T10:39:35,5000.0,41.5,S
2021-06-17T10:39:31,300.0,41.6,S
2021-06-17T10:39:22,200.0,41.5,S
2021-06-17T10:39:03,200.0,41.7,B
2021-06-17T10:38:48,2100.0,41.7,B
2021-06-17T10:38:37,2500.0,41.7,B
2021-06-17T10:38:22,2000.0,41.5,B
2021-06-17T10:38:13,500.0,41.5,B
2021-06-17T10:38:10,500.0,41.5,B
2021-06-17T10:38:10,1000.0,41.5,B
2021-06-17T10:38:08,3000.0,41.5,B
2021-06-17T10:37:58,1000.0,41.5,B
2021-06-17T10:37:24,100.0,41.4,S
2021-06-17T10:37:21,6600.0,41.4,S
2021-06-17T10:36:52,100.0,41.4,S
2021-06-17T10:36:46,100.0,41.5,B
2021-06-17T10:36:40,1000.0,41.5,B
2021-06-17T10:36:37,2000.0,41.5,B
2021-06-17T10:36:37,500.0,41.5,B
2021-06-17T10:36:31,1700.0,41.4,S
2021-06-17T10:36:27,100.0,41.5,B
2021-06-17T10:36:22,500.0,41.5,B
2021-06-17T10:36:17,100.0,41.5,B
2021-06-17T10:36:14,500.0,41.4,S
2021-06-17T10:36:12,100.0,41.5,B
2021-06-17T10:36:11,400.0,41.5,B
2021-06-17T10:36:10,100.0,41.5,B
2021-06-17T10:36:02,100.0,41.5,B
2021-06-17T10:35:46,300.0,41.5,B
2021-06-17T10:35:44,500.0,41.5,B
2021-06-17T10:35:44,200.0,41.5,B
2021-06-17T10:35:36,500.0,41.5,B
2021-06-17T10:35:35,6000.0,41.5,S
2021-06-17T10:35:18,10000.0,41.5,S
2021-06-17T10:35:17,500.0,41.5,S
2021-06-17T10:35:10,100.0,41.6,B
2021-06-17T10:35:08,1300.0,41.6,S
2021-06-17T10:35:08,200.0,41.6,S
2021-06-17T10:35:07,700.0,41.6,S
2021-06-17T10:35:03,500.0,41.7,B
2021-06-17T10:35:00,500.0,41.7,B
2021-06-17T10:34:59,1800.0,41.6,S
2021-06-17T10:34:58,2000.0,41.7,B
2021-06-17T10:34:51,5100.0,41.7,S
2021-06-17T10:34:47,40000.0,41.7,S
2021-06-17T10:34:34,300.0,41.8,B
2021-06-17T10:34:31,3000.0,41.7,S
2021-06-17T10:34:26,500.0,41.8,B
2021-06-17T10:34:25,500.0,41.8,B
2021-06-17T10:34:23,2600.0,41.8,S
2021-06-17T10:34:22,20000.0,41.9,B
2021-06-17T10:34:13,100.0,41.9,B
2021-06-17T10:34:12,500.0,41.9,B
2021-06-17T10:34:12,3800.0,41.9,B
2021-06-17T10:34:09,700.0,41.9,S
2021-06-17T10:33:58,500.0,42.0,B
2021-06-17T10:33:58,200.0,42.0,B
2021-06-17T10:33:57,5000.0,41.9,S
2021-06-17T10:33:47,200.0,42.0,B
2021-06-17T10:33:38,3000.0,42.0,B
2021-06-17T10:33:36,800.0,42.0,B
2021-06-17T10:33:35,500.0,41.9,S
2021-06-17T10:33:33,3200.0,42.0,B
2021-06-17T10:33:31,2000.0,42.0,B
2021-06-17T10:33:30,5000.0,42.0,B
2021-06-17T10:33:27,100.0,42.0,B
2021-06-17T10:33:24,3000.0,42.0,B
2021-06-17T10:33:19,4900.0,42.0,B
2021-06-17T10:33:18,1500.0,41.9,S
2021-06-17T10:33:18,500.0,42.0,B
2021-06-17T10:33:09,10000.0,42.0,B
2021-06-17T10:33:06,100.0,41.9,S
2021-06-17T10:33:03,1800.0,41.9,S
2021-06-17T10:33:01,600.0,41.9,B
2021-06-17T10:33:00,500.0,41.9,B
2021-06-17T10:32:55,100.0,41.9,B
2021-06-17T10:32:52,500.0,41.9,B
2021-06-17T10:32:52,4500.0,41.9,B
2021-06-17T10:32:44,300.0,41.9,B
2021-06-17T10:32:31,5100.0,41.8,B
2021-06-17T10:32:25,4300.0,41.8,B
2021-06-17T10:32:20,100.0,41.8,B
2021-06-17T10:32:16,4000.0,41.7,S
2021-06-17T10:32:15,4000.0,41.8,B
2021-06-17T10:32:10,2000.0,41.8,B
2021-06-17T10:31:57,200.0,41.7,B
2021-06-17T10:31:44,800.0,41.7,S
2021-06-17T10:31:42,200.0,41.7,S
2021-06-17T10:31:37,500.0,41.6,S
2021-06-17T10:31:35,200.0,41.7,B
2021-06-17T10:31:24,1000.0,41.6,S
2021-06-17T10:31:21,20800.0,41.8,B
2021-06-17T10:31:15,2900.0,41.6,B
2021-06-17T10:31:12,200.0,41.5,S
2021-06-17T10:31:00,1000.0,41.5,S
2021-06-17T10:30:50,4000.0,41.6,B
2021-06-17T10:30:49,1000.0,41.5,B
2021-06-17T10:30:48,1000.0,41.5,B
2021-06-17T10:30:43,2000.0,41.5,B
2021-06-17T10:30:41,5000.0,41.5,B
2021-06-17T10:30:41,100.0,41.4,S
2021-06-17T10:30:39,300.0,41.5,B
2021-06-17T10:30:36,500.0,41.5,B
2021-06-17T10:30:31,500.0,41.5,B
2021-06-17T10:30:30,500.0,41.5,B
2021-06-17T10:30:28,200.0,41.5,B
2021-06-17T10:30:27,10000.0,41.5,B
2021-06-17T10:30:21,1800.0,41.5,B
2021-06-17T10:30:19,600.0,41.5,B
2021-06-17T10:30:18,5000.0,41.5,B
2021-06-17T10:30:17,900.0,41.5,B
2021-06-17T10:30:13,20500.0,41.5,B
2021-06-17T10:30:09,3000.0,41.5,B
2021-06-17T10:30:08,500.0,41.5,B
2021-06-17T10:30:01,1700.0,41.5,B
2021-06-17T10:29:46,500.0,41.5,B
2021-06-17T10:29:44,2000.0,41.5,B
2021-06-17T10:29:42,500.0,41.5,B
2021-06-17T10:29:41,3000.0,41.5,B
2021-06-17T10:29:41,300.0,41.5,B
2021-06-17T10:29:41,200.0,41.5,B
2021-06-17T10:29:35,300.0,41.5,B
2021-06-17T10:29:29,400.0,41.5,B
2021-06-17T10:29:15,1000.0,41.5,B
2021-06-17T10:29:14,1000.0,41.5,B
2021-06-17T10:29:08,2000.0,41.5,B
2021-06-17T10:29:05,5000.0,41.5,B
2021-06-17T10:29:05,3200.0,41.5,B
2021-06-17T10:29:01,300.0,41.5,B
2021-06-17T10:28:56,2000.0,41.5,B
2021-06-17T10:28:55,500.0,41.5,B
2021-06-17T10:28:53,15000.0,41.5,B
2021-06-17T10:28:49,3000.0,41.5,B
2021-06-17T10:28:48,100.0,41.5,B
2021-06-17T10:28:46,2000.0,41.5,B
2021-06-17T10:28:43,5000.0,41.5,B
2021-06-17T10:28:38,500.0,41.5,B
2021-06-17T10:28:35,30300.0,41.5,B
2021-06-17T10:28:26,200.0,41.5,B
2021-06-17T10:28:19,500.0,41.4,S
2021-06-17T10:28:19,200.0,41.5,B
2021-06-17T10:28:11,200.0,41.5,B
2021-06-17T10:27:57,100.0,41.5,B
2021-06-17T10:27:56,600.0,41.5,B
2021-06-17T10:27:40,200.0,41.5,B
2021-06-17T10:27:31,400.0,41.5,B
2021-06-17T10:27:29,4000.0,41.5,B
2021-06-17T10:27:20,200.0,41.5,B
2021-06-17T10:27:02,1200.0,41.4,S
2021-06-17T10:26:54,1000.0,41.5,B
2021-06-17T10:26:51,200.0,41.4,S
2021-06-17T10:26:47,100.0,41.5,B
2021-06-17T10:26:38,100.0,41.5,B
2021-06-17T10:26:05,500.0,41.5,B
2021-06-17T10:25:52,900.0,41.5,B
2021-06-17T10:25:52,500.0,41.5,B
2021-06-17T10:25:48,500.0,41.4,S
2021-06-17T10:25:43,300.0,41.5,B
2021-06-17T10:25:38,1000.0,41.5,B
2021-06-17T10:25:21,300.0,41.5,B
2021-06-17T10:25:13,200.0,41.5,B
2021-06-17T10:25:11,200.0,41.4,S
2021-06-17T10:24:54,100.0,41.5,B
2021-06-17T10:24:52,100.0,41.4,S
2021-06-17T10:24:49,2000.0,41.4,S
2021-06-17T10:24:22,16000.0,41.4,B
2021-06-17T10:24:16,100.0,41.4,B
2021-06-17T10:24:00,100.0,41.4,B
2021-06-17T10:23:55,100.0,41.4,B
2021-06-17T10:23:50,500.0,41.3,S
2021-06-17T10:23:48,2000.0,41.3,S
2021-06-17T10:23:27,2000.0,41.3,S
2021-06-17T10:23:12,1000.0,41.4,B
2021-06-17T10:22:40,2000.0,41.2,S
2021-06-17T10:22:35,1600.0,41.4,B
2021-06-17T10:22:30,3700.0,41.4,B
2021-06-17T10:22:30,26300.0,41.4,B
2021-06-17T10:22:25,1800.0,41.2,S
2021-06-17T10:22:23,1000.0,41.3,S
2021-06-17T10:22:16,10000.0,41.4,B
2021-06-17T10:22:11,50000.0,41.3,B
2021-06-17T10:22:04,1000.0,41.2,S
2021-06-17T10:22:01,1000.0,41.3,B
2021-06-17T10:21:55,500.0,41.2,S
2021-06-17T10:21:54,1000.0,41.3,B
2021-06-17T10:21:50,100.0,41.2,S
2021-06-17T10:21:02,1100.0,41.2,S
2021-06-17T10:20:53,40000.0,41.3,B
2021-06-17T10:20:48,100.0,41.2,S
2021-06-17T10:20:35,3000.0,41.2,S
2021-06-17T10:20:26,200.0,41.2,S
2021-06-17T10:20:20,100.0,41.2,S
2021-06-17T10:20:07,300.0,41.2,S
2021-06-17T10:20:02,1000.0,41.2,S
2021-06-17T10:19:40,4600.0,41.2,B
2021-06-17T10:19:40,1500.0,41.2,B
2021-06-17T10:19:30,100.0,41.2,B
2021-06-17T10:19:18,1000.0,41.2,B
2021-06-17T10:19:17,100.0,41.2,B
2021-06-17T10:19:11,200.0,41.2,B
2021-06-17T10:19:11,200.0,41.2,B
2021-06-17T10:18:52,500.0,41.2,B
2021-06-17T10:18:46,400.0,41.2,B
2021-06-17T10:18:36,700.0,41.2,B
2021-06-17T10:18:35,8000.0,41.2,B
2021-06-17T10:18:19,100.0,41.2,S
2021-06-17T10:18:05,300.0,41.3,B
2021-06-17T10:18:01,300.0,41.2,S
2021-06-17T10:18:00,100.0,41.2,S
2021-06-17T10:17:58,1200.0,41.2,S
2021-06-17T10:17:42,1100.0,41.2,S
2021-06-17T10:17:41,200.0,41.2,S
2021-06-17T10:17:34,1000.0,41.2,S
2021-06-17T10:17:25,1600.0,41.2,S
2021-06-17T10:17:22,500.0,41.2,S
2021-06-17T10:17:19,100.0,41.2,S
2021-06-17T10:17:04,1000.0,41.2,S
2021-06-17T10:16:47,17800.0,41.2,S
2021-06-17T10:16:42,100.0,41.2,S
2021-06-17T10:16:24,100.0,41.2,S
2021-06-17T10:16:23,1000.0,41.2,S
2021-06-17T10:16:21,2000.0,41.2,S
2021-06-17T10:16:17,3800.0,41.2,S
2021-06-17T10:16:16,1000.0,41.2,S
2021-06-17T10:16:01,1000.0,41.2,S
2021-06-17T10:15:49,100.0,41.2,S
2021-06-17T10:15:44,100.0,41.2,S
2021-06-17T10:15:35,300.0,41.2,S
2021-06-17T10:15:34,1200.0,41.2,S
2021-06-17T10:15:24,100.0,41.2,S
2021-06-17T10:15:08,5000.0,41.2,S
2021-06-17T10:15:05,200.0,41.3,B
2021-06-17T10:15:00,400.0,41.2,S
2021-06-17T10:14:54,2000.0,41.2,S
2021-06-17T10:14:38,100.0,41.2,S
2021-06-17T10:14:21,1500.0,41.2,S
2021-06-17T10:14:20,100.0,41.2,S
2021-06-17T10:14:20,500.0,41.2,S
2021-06-17T10:14:14,600.0,41.2,S
2021-06-17T10:14:10,23000.0,41.2,S
2021-06-17T10:14:06,1000.0,41.2,S
2021-06-17T10:14:00,100.0,41.2,S
2021-06-17T10:13:58,2000.0,41.2,S
2021-06-17T10:13:53,1000.0,41.2,S
2021-06-17T10:13:49,1000.0,41.2,S
2021-06-17T10:13:47,3000.0,41.3,B
2021-06-17T10:13:43,200.0,41.3,B
2021-06-17T10:13:41,700.0,41.3,B
2021-06-17T10:13:21,100.0,41.2,S
2021-06-17T10:13:19,400.0,41.2,S
2021-06-17T10:13:14,5000.0,41.2,S
2021-06-17T10:13:13,500.0,41.2,S
2021-06-17T10:12:59,4000.0,41.2,S
2021-06-17T10:12:54,500.0,41.3,B
2021-06-17T10:12:52,100.0,41.3,B
2021-06-17T10:12:41,100.0,41.3,B
2021-06-17T10:12:28,300.0,41.3,B
2021-06-17T10:12:28,100.0,41.2,S
2021-06-17T10:12:24,100.0,41.3,B
2021-06-17T10:12:11,500.0,41.3,B
2021-06-17T10:12:04,8000.0,41.2,S
2021-06-17T10:12:02,300.0,41.3,B
2021-06-17T10:11:48,100.0,41.2,S
2021-06-17T10:11:45,2000.0,41.2,S
2021-06-17T10:11:35,100.0,41.3,B
2021-06-17T10:11:10,200.0,41.3,B
2021-06-17T10:11:09,1000.0,41.3,B
2021-06-17T10:11:05,2000.0,41.3,B
2021-06-17T10:10:47,300.0,41.3,B
2021-06-17T10:10:41,1000.0,41.3,B
2021-06-17T10:10:35,1000.0,41.3,B
2021-06-17T10:10:34,2000.0,41.2,S
2021-06-17T10:10:30,1000.0,41.3,B
2021-06-17T10:10:29,100.0,41.2,S
2021-06-17T10:10:25,100.0,41.3,B
2021-06-17T10:10:00,5000.0,41.2,S
2021-06-17T10:09:57,200.0,41.3,S
2021-06-17T10:09:45,2000.0,41.3,S
2021-06-17T10:09:38,500.0,41.3,S
2021-06-17T10:09:25,300.0,41.3,S
2021-06-17T10:09:03,1000.0,41.3,B
2021-06-17T10:08:56,700.0,41.3,B
2021-06-17T10:08:55,2000.0,41.3,S
2021-06-17T10:08:51,600.0,41.3,S
2021-06-17T10:08:48,100.0,41.3,S
2021-06-17T10:08:44,800.0,41.3,S
2021-06-17T10:08:44,500.0,41.3,S
2021-06-17T10:08:40,1000.0,41.3,S
2021-06-17T10:08:40,20000.0,41.4,B
2021-06-17T10:08:40,16900.0,41.3,S
2021-06-17T10:08:40,1000.0,41.4,B
2021-06-17T10:08:32,1500.0,41.4,B
2021-06-17T10:08:24,100.0,41.3,S
2021-06-17T10:08:24,100.0,41.3,S
2021-06-17T10:08:24,7400.0,41.3,S
2021-06-17T10:08:24,500.0,41.3,S
2021-06-17T10:08:24,1000.0,41.3,S
2021-06-17T10:07:08,100.0,41.3,S
2021-06-17T10:07:07,100.0,41.3,S
2021-06-17T10:07:00,1000.0,41.3,S
2021-06-17T10:06:47,1200.0,41.3,B
2021-06-17T10:06:47,1300.0,41.3,S
2021-06-17T10:06:46,200.0,41.3,S
2021-06-17T10:06:42,1300.0,41.3,S
2021-06-17T10:06:40,9200.0,41.3,B
2021-06-17T10:06:40,1000.0,41.3,B
2021-06-17T10:06:40,500.0,41.3,B
2021-06-17T10:06:40,1000.0,41.3,B
2021-06-17T10:06:40,600.0,41.3,B
2021-06-17T10:06:40,2000.0,41.3,B
2021-06-17T10:06:38,10000.0,41.3,B
2021-06-17T10:06:38,3000.0,41.3,B
2021-06-17T10:06:34,2000.0,41.3,B
2021-06-17T10:06:30,1000.0,41.3,B
2021-06-17T10:05:48,2000.0,41.2,S
2021-06-17T10:05:42,100.0,41.3,B
2021-06-17T10:05:11,500.0,41.3,B
2021-06-17T10:05:10,4000.0,41.3,B
2021-06-17T10:05:08,100.0,41.3,B
2021-06-17T10:05:07,400.0,41.2,S
2021-06-17T10:04:50,3000.0,41.3,B
2021-06-17T10:04:38,500.0,41.3,B
2021-06-17T10:04:08,100.0,41.3,B
2021-06-17T10:04:02,20000.0,41.3,B
2021-06-17T10:04:00,300.0,41.3,B
2021-06-17T10:03:50,500.0,41.3,B
2021-06-17T10:03:39,500.0,41.2,S
2021-06-17T10:03:28,1000.0,41.3,B
2021-06-17T10:03:13,200.0,41.3,B
2021-06-17T10:02:55,2200.0,41.3,B
2021-06-17T10:02:53,200.0,41.3,B
2021-06-17T10:02:35,300.0,41.3,B
2021-06-17T10:01:50,500.0,41.3,B
2021-06-17T10:01:47,200.0,41.2,S
2021-06-17T10:01:44,400.0,41.2,S
2021-06-17T10:01:35,10000.0,41.2,S
2021-06-17T10:01:32,300.0,41.2,S
2021-06-17T10:01:24,4300.0,41.2,S
2021-06-17T10:01:17,2000.0,41.2,S
2021-06-17T10:01:10,200.0,41.3,B
2021-06-17T10:01:03,4000.0,41.3,B
2021-06-17T10:00:53,4000.0,41.3,B
2021-06-17T10:00:28,1000.0,41.2,S
2021-06-17T10:00:26,300.0,41.3,B
2021-06-17T10:00:19,1000.0,41.2,S
2021-06-17T10:00:17,100.0,41.3,B
2021-06-17T10:00:01,100.0,41.2,S
2021-06-17T10:00:00,3000.0,41.3,B
2021-06-17T09:59:42,500.0,41.3,B
2021-06-17T09:59:34,100.0,41.2,S
2021-06-17T09:59:15,100.0,41.2,B
2021-06-17T09:59:15,200.0,41.2,B
2021-06-17T09:59:13,100.0,41.2,S
2021-06-17T09:59:13,500.0,41.2,S
2021-06-17T09:59:12,100.0,41.2,B
2021-06-17T09:59:12,2500.0,41.1,S
2021-06-17T09:59:11,1000.0,41.2,B
2021-06-17T09:59:03,2000.0,41.2,B
2021-06-17T09:58:56,3000.0,41.2,B
2021-06-17T09:58:51,500.0,41.2,B
2021-06-17T09:58:46,1700.0,41.2,S
2021-06-17T09:58:46,500.0,41.2,S
2021-06-17T09:58:39,300.0,41.2,S
2021-06-17T09:58:29,100.0,41.2,S
2021-06-17T09:58:03,3000.0,41.2,S
2021-06-17T09:57:59,100.0,41.3,B
2021-06-17T09:57:48,1000.0,41.3,B
2021-06-17T09:57:37,500.0,41.3,B
2021-06-17T09:57:34,500.0,41.3,B
2021-06-17T09:57:25,100.0,41.3,B
2021-06-17T09:57:17,800.0,41.3,B
2021-06-17T09:57:12,300.0,41.2,B
2021-06-17T09:57:06,700.0,41.2,B
2021-06-17T09:57:03,2300.0,41.2,B
2021-06-17T09:56:58,500.0,41.3,B
2021-06-17T09:56:56,300.0,41.2,S
2021-06-17T09:56:46,500.0,41.2,S
2021-06-17T09:56:37,600.0,41.2,S
2021-06-17T09:56:25,2000.0,41.2,B
2021-06-17T09:56:11,100.0,41.2,B
2021-06-17T09:56:07,400.0,41.2,B
2021-06-17T09:55:59,100.0,41.2,B
2021-06-17T09:55:48,1000.0,41.2,B
2021-06-17T09:55:47,3600.0,41.1,S
2021-06-17T09:55:44,500.0,41.2,B
2021-06-17T09:55:44,100.0,41.1,S
2021-06-17T09:55:32,500.0,41.2,B
2021-06-17T09:55:25,200.0,41.2,B
2021-06-17T09:55:24,1000.0,41.2,B
2021-06-17T09:55:16,100.0,41.2,B
2021-06-17T09:54:53,1000.0,41.2,B
2021-06-17T09:54:50,200.0,41.2,S
2021-06-17T09:54:50,900.0,41.3,B
2021-06-17T09:54:47,1600.0,41.3,B
2021-06-17T09:54:42,100.0,41.3,B
2021-06-17T09:54:40,500.0,41.3,B
2021-06-17T09:54:38,1000.0,41.3,B
2021-06-17T09:54:27,10100.0,41.3,B
2021-06-17T09:54:22,500.0,41.3,B
2021-06-17T09:54:08,1000.0,41.3,B
2021-06-17T09:53:48,400.0,41.3,B
2021-06-17T09:53:42,1000.0,41.3,B
2021-06-17T09:53:33,10000.0,41.3,B
2021-06-17T09:53:24,3000.0,41.3,B
2021-06-17T09:53:23,20000.0,41.3,B
2021-06-17T09:53:18,20000.0,41.2,B
2021-06-17T09:53:13,20000.0,41.1,B
2021-06-17T09:53:11,100.0,41.0,S
2021-06-17T09:53:09,100.0,40.9,S
2021-06-17T09:53:08,20000.0,41.1,B
2021-06-17T09:53:07,1900.0,41.0,B
2021-06-17T09:53:03,20000.0,41.0,B
2021-06-17T09:53:02,500.0,41.0,B
2021-06-17T09:52:55,100.0,41.0,B
2021-06-17T09:52:49,300.0,41.0,B
2021-06-17T09:52:39,500.0,41.0,B
2021-06-17T09:52:38,1000.0,41.0,B
2021-06-17T09:52:37,100.0,41.0,B
2021-06-17T09:52:36,1500.0,41.0,B
2021-06-17T09:52:34,500.0,41.0,B
2021-06-17T09:52:29,1000.0,41.0,B
2021-06-17T09:52:28,100.0,41.0,B
2021-06-17T09:52:26,100.0,41.0,B
2021-06-17T09:52:25,200.0,41.0,B
2021-06-17T09:52:24,4000.0,41.0,B
2021-06-17T09:52:20,1000.0,41.0,B
2021-06-17T09:52:18,3000.0,41.0,B
2021-06-17T09:52:12,300.0,41.0,B
2021-06-17T09:52:12,600.0,41.0,B
2021-06-17T09:52:10,2000.0,41.0,B
2021-06-17T09:52:09,1000.0,41.0,B
2021-06-17T09:52:08,20000.0,41.0,B
2021-06-17T09:52:06,400.0,40.9,S
2021-06-17T09:52:04,300.0,41.0,B
2021-06-17T09:51:36,100.0,40.9,S
2021-06-17T09:51:02,200.0,40.9,S
2021-06-17T09:50:59,600.0,41.0,B
2021-06-17T09:50:45,6000.0,41.0,B
2021-06-17T09:50:40,2000.0,41.0,B
2021-06-17T09:50:39,1500.0,41.0,B
2021-06-17T09:50:33,1500.0,41.0,B
2021-06-17T09:50:32,5000.0,40.9,S
2021-06-17T09:50:30,2000.0,41.0,B
2021-06-17T09:50:27,500.0,41.0,B
2021-06-17T09:50:20,2000.0,41.0,B
2021-06-17T09:50:19,500.0,41.0,B
2021-06-17T09:50:18,6000.0,41.0,B
2021-06-17T09:50:18,2300.0,41.0,B
2021-06-17T09:50:06,5000.0,40.9,S
2021-06-17T09:50:06,200.0,41.0,B
2021-06-17T09:50:06,200.0,41.0,B
2021-06-17T09:50:03,300.0,41.0,B
2021-06-17T09:49:55,1400.0,41.0,B
2021-06-17T09:49:40,2000.0,41.0,B
2021-06-17T09:49:38,700.0,40.9,S
2021-06-17T09:49:37,200.0,41.0,B
2021-06-17T09:49:35,100.0,41.0,B
2021-06-17T09:49:34,5000.0,40.9,S
2021-06-17T09:49:32,300.0,41.0,B
2021-06-17T09:49:19,4800.0,41.0,S
2021-06-17T09:49:14,1000.0,41.0,S
2021-06-17T09:49:12,100.0,41.0,S
2021-06-17T09:49:09,7300.0,41.0,S
2021-06-17T09:49:08,1000.0,41.0,S
2021-06-17T09:49:07,500.0,41.0,S
2021-06-17T09:49:04,5000.0,41.0,S
2021-06-17T09:49:03,2200.0,41.0,S
2021-06-17T09:49:02,3000.0,41.1,B
2021-06-17T09:49:01,400.0,41.0,S
2021-06-17T09:48:59,1000.0,41.0,S
2021-06-17T09:48:53,500.0,41.0,S
2021-06-17T09:48:51,100.0,41.0,S
2021-06-17T09:48:50,300.0,41.0,S
2021-06-17T09:48:44,400.0,41.0,S
2021-06-17T09:48:43,100.0,41.0,S
2021-06-17T09:48:37,100.0,41.0,S
2021-06-17T09:48:35,2900.0,41.0,S
2021-06-17T09:48:27,500.0,41.0,S
2021-06-17T09:48:18,1000.0,41.0,S
2021-06-17T09:48:12,100.0,41.0,S
2021-06-17T09:48:10,500.0,41.0,S
2021-06-17T09:48:08,300.0,41.0,S
2021-06-17T09:48:06,800.0,41.0,S
2021-06-17T09:48:04,1500.0,41.0,S
2021-06-17T09:48:02,3500.0,41.0,S
2021-06-17T09:47:59,500.0,41.0,S
2021-06-17T09:47:49,2100.0,41.0,S
2021-06-17T09:47:14,300.0,41.0,S
2021-06-17T09:47:08,600.0,41.0,S
2021-06-17T09:47:08,100.0,41.0,S
2021-06-17T09:47:00,2000.0,41.0,S
2021-06-17T09:46:54,1000.0,41.0,S
2021-06-17T09:46:43,400.0,41.0,S
2021-06-17T09:46:42,500.0,41.0,S
2021-06-17T09:46:40,300.0,41.0,S
2021-06-17T09:46:29,2000.0,41.0,S
2021-06-17T09:46:27,3000.0,41.0,S
2021-06-17T09:46:21,2000.0,41.0,S
2021-06-17T09:46:18,1700.0,41.0,S
2021-06-17T09:46:16,100.0,41.0,S
2021-06-17T09:45:58,500.0,41.0,S
2021-06-17T09:45:48,100.0,41.0,S
2021-06-17T09:45:33,19700.0,41.0,S
2021-06-17T09:45:26,50000.0,41.0,B
2021-06-17T09:45:18,100.0,41.0,B
2021-06-17T09:45:16,20000.0,41.0,B
2021-06-17T09:45:08,100.0,41.0,B
2021-06-17T09:44:44,1800.0,40.9,S
2021-06-17T09:44:39,1000.0,41.0,B
2021-06-17T09:44:38,10000.0,40.9,S
2021-06-17T09:44:36,3100.0,40.9,S
2021-06-17T09:44:27,100.0,41.0,B
2021-06-17T09:44:14,300.0,41.0,B
2021-06-17T09:44:03,500.0,41.0,B
2021-06-17T09:44:02,100.0,40.9,S
2021-06-17T09:43:55,300.0,40.9,S
2021-06-17T09:43:51,3500.0,41.0,B
2021-06-17T09:43:43,900.0,41.0,B
2021-06-17T09:43:37,10000.0,40.9,S
2021-06-17T09:43:37,1500.0,40.9,S
2021-06-17T09:43:27,500.0,40.9,S
2021-06-17T09:43:08,1000.0,41.0,B
2021-06-17T09:43:03,2000.0,41.0,B
2021-06-17T09:42:21,1800.0,40.9,S
2021-06-17T09:42:10,2300.0,41.0,B
2021-06-17T09:42:09,100.0,40.9,S
2021-06-17T09:42:08,500.0,40.8,S
2021-06-17T09:42:07,1000.0,40.8,S
2021-06-17T09:41:55,2000.0,40.8,S
2021-06-17T09:41:51,4000.0,40.8,S
2021-06-17T09:41:50,2400.0,40.8,S
2021-06-17T09:41:47,200.0,40.8,S
2021-06-17T09:41:44,20000.0,40.8,S
2021-06-17T09:41:42,16100.0,40.8,S
2021-06-17T09:41:40,2000.0,40.8,S
2021-06-17T09:41:38,1300.0,40.8,S
2021-06-17T09:41:36,100.0,40.8,S
2021-06-17T09:41:29,900.0,40.8,S
2021-06-17T09:41:25,100.0,40.8,S
2021-06-17T09:41:23,100.0,40.8,S
2021-06-17T09:41:21,1000.0,40.8,S
2021-06-17T09:41:16,1000.0,40.9,B
2021-06-17T09:41:14,49200.0,40.9,S
2021-06-17T09:41:13,200.0,41.0,B
2021-06-17T09:41:12,100.0,41.0,B
2021-06-17T09:41:11,1000.0,41.0,B
2021-06-17T09:41:07,100.0,41.0,S
2021-06-17T09:41:06,10100.0,41.0,S
2021-06-17T09:41:05,500.0,41.0,S
2021-06-17T09:41:04,5000.0,41.0,S
2021-06-17T09:41:02,200.0,41.0,S
2021-06-17T09:40:58,9000.0,41.0,S
2021-06-17T09:40:58,300.0,41.1,B
2021-06-17T09:40:57,17200.0,41.0,S
2021-06-17T09:40:57,2000.0,41.0,S
2021-06-17T09:40:54,100000.0,41.0,S
2021-06-17T09:40:51,500.0,41.1,B
2021-06-17T09:40:49,2000.0,41.0,S
2021-06-17T09:40:43,1500.0,41.0,S
2021-06-17T09:40:43,2000.0,41.0,S
2021-06-17T09:40:40,1000.0,41.0,S
2021-06-17T09:40:36,200.0,41.1,B
2021-06-17T09:40:31,1000.0,41.1,B
2021-06-17T09:40:29,2000.0,41.1,B
2021-06-17T09:40:27,3800.0,41.0,S
2021-06-17T09:40:27,19700.0,41.1,B
2021-06-17T09:40:26,800.0,41.1,S
2021-06-17T09:40:23,200.0,41.1,S
2021-06-17T09:40:23,4600.0,41.1,S
2021-06-17T09:40:19,800.0,41.1,S
2021-06-17T09:40:16,400.0,41.1,S
2021-06-17T09:40:14,200.0,41.2,B
2021-06-17T09:40:13,5000.0,41.1,S
2021-06-17T09:40:10,200.0,41.1,S
2021-06-17T09:40:09,400.0,41.1,S
2021-06-17T09:40:08,200.0,41.2,B
2021-06-17T09:40:07,2000.0,41.1,S
2021-06-17T09:40:00,200.0,41.1,S
2021-06-17T09:40:00,1000.0,41.1,S
2021-06-17T09:39:53,5000.0,41.1,S
2021-06-17T09:39:48,2000.0,41.0,S
2021-06-17T09:39:39,200.0,41.1,S
2021-06-17T09:39:34,17300.0,41.2,B
2021-06-17T09:39:31,300.0,41.2,S
2021-06-17T09:39:28,500.0,41.2,S
2021-06-17T09:39:27,18900.0,41.2,B
2021-06-17T09:39:24,100.0,41.1,B
2021-06-17T09:39:24,100.0,41.1,S
2021-06-17T09:39:20,30100.0,41.0,S
2021-06-17T09:39:20,100.0,41.2,B
2021-06-17T09:39:18,1000.0,41.1,S
2021-06-17T09:39:11,100.0,41.2,S
2021-06-17T09:39:10,1200.0,41.3,B
2021-06-17T09:39:09,1000.0,41.2,S
2021-06-17T09:39:08,20000.0,41.2,S
2021-06-17T09:39:07,20000.0,41.3,B
2021-06-17T09:39:06,200.0,41.2,S
2021-06-17T09:39:03,20000.0,41.2,S
2021-06-17T09:39:00,500.0,41.3,B
2021-06-17T09:39:00,100.0,41.3,B
2021-06-17T09:38:58,14500.0,41.2,S
2021-06-17T09:38:57,300.0,41.3,B
2021-06-17T09:38:57,500.0,41.3,B
2021-06-17T09:38:51,12500.0,41.3,B
2021-06-17T09:38:50,200.0,41.4,B
2021-06-17T09:38:49,3000.0,41.3,S
2021-06-17T09:38:49,1000.0,41.4,B
2021-06-17T09:38:47,8000.0,41.3,S
2021-06-17T09:38:45,200.0,41.4,B
2021-06-17T09:38:40,600.0,41.4,B
2021-06-17T09:38:40,10200.0,41.4,B
2021-06-17T09:38:39,1000.0,41.4,S
2021-06-17T09:38:39,200.0,41.4,S
2021-06-17T09:38:38,1000.0,41.5,B
2021-06-17T09:38:38,10000.0,41.4,S
2021-06-17T09:38:35,800.0,41.4,S
2021-06-17T09:38:33,3000.0,41.4,S
2021-06-17T09:38:31,4500.0,41.4,S
2021-06-17T09:38:31,10000.0,41.4,S
2021-06-17T09:38:30,5000.0,41.4,S
2021-06-17T09:38:30,500.0,41.5,B
2021-06-17T09:38:28,27000.0,41.4,S
2021-06-17T09:38:25,100.0,41.4,S
2021-06-17T09:38:23,1100.0,41.5,B
2021-06-17T09:38:15,15000.0,41.4,S
2021-06-17T09:38:13,2200.0,41.5,B
2021-06-17T09:38:11,2000.0,41.5,B
2021-06-17T09:38:08,2000.0,41.5,B
2021-06-17T09:38:06,1400.0,41.5,B
2021-06-17T09:38:00,5000.0,41.5,B
2021-06-17T09:37:59,100.0,41.5,B
2021-06-17T09:37:56,100.0,41.5,B
2021-06-17T09:37:56,100.0,41.5,B
2021-06-17T09:37:52,800.0,41.5,B
2021-06-17T09:37:51,2800.0,41.5,B
2021-06-17T09:37:50,500.0,41.5,B
2021-06-17T09:37:49,200.0,41.5,B
2021-06-17T09:37:47,100.0,41.5,B
2021-06-17T09:37:46,600.0,41.5,B
2021-06-17T09:37:36,500.0,41.5,B
2021-06-17T09:37:35,4000.0,41.5,B
2021-06-17T09:37:35,800.0,41.5,B
2021-06-17T09:37:34,2000.0,41.5,B
2021-06-17T09:37:27,800.0,41.5,B
2021-06-17T09:37:26,500.0,41.5,B
2021-06-17T09:37:24,5000.0,41.5,B
2021-06-17T09:37:21,100.0,41.5,B
2021-06-17T09:37:19,19300.0,41.5,B
2021-06-17T09:37:16,4200.0,41.4,S
2021-06-17T09:37:14,4600.0,41.5,B
2021-06-17T09:37:09,5700.0,41.5,B
2021-06-17T09:37:03,50000.0,41.5,B
2021-06-17T09:37:02,500.0,41.4,S
2021-06-17T09:36:58,1000.0,41.5,B
2021-06-17T09:36:47,400.0,41.5,B
2021-06-17T09:36:39,500.0,41.5,B
2021-06-17T09:36:36,800.0,41.5,B
2021-06-17T09:36:35,500.0,41.5,B
2021-06-17T09:36:34,200.0,41.5,B
2021-06-17T09:36:24,200.0,41.5,B
2021-06-17T09:36:19,200.0,41.5,B
2021-06-17T09:36:08,2000.0,41.5,B
2021-06-17T09:36:08,1000.0,41.4,S
2021-06-17T09:36:05,1500.0,41.5,B
2021-06-17T09:36:04,300.0,41.5,B
2021-06-17T09:36:00,300.0,41.5,B
2021-06-17T09:35:59,100.0,41.5,B
2021-06-17T09:35:56,5200.0,41.5,B
2021-06-17T09:35:51,300.0,41.4,S
2021-06-17T09:35:48,200.0,41.5,B
2021-06-17T09:35:38,2000.0,41.5,B
2021-06-17T09:35:29,100.0,41.4,S
2021-06-17T09:35:28,700.0,41.5,B
2021-06-17T09:35:25,2900.0,41.5,B
2021-06-17T09:35:16,200.0,41.5,B
2021-06-17T09:35:11,500.0,41.4,S
2021-06-17T09:34:58,1000.0,41.4,S
2021-06-17T09:34:56,10000.0,41.4,S
2021-06-17T09:34:49,1000.0,41.4,S
2021-06-17T09:34:46,400.0,41.4,S
2021-06-17T09:34:39,1500.0,41.4,B
2021-06-17T09:34:39,300.0,41.4,B
2021-06-17T09:34:34,20000.0,41.4,B
2021-06-17T09:34:33,1100.0,41.4,B
2021-06-17T09:34:32,200.0,41.4,B
2021-06-17T09:34:30,300.0,41.4,B
2021-06-17T09:34:29,1000.0,41.4,B
2021-06-17T09:34:28,20000.0,41.4,B
2021-06-17T09:34:20,900.0,41.3,S
2021-06-17T09:34:17,200.0,41.4,B
2021-06-17T09:34:13,24700.0,41.4,B
2021-06-17T09:33:48,30000.0,41.3,S
2021-06-17T09:33:48,100.0,41.4,B
2021-06-17T09:33:35,12600.0,41.3,B
2021-06-17T09:33:34,400.0,41.3,B
2021-06-17T09:33:22,800.0,41.3,B
2021-06-17T09:33:15,200.0,41.3,B
2021-06-17T09:33:10,100.0,41.2,S
2021-06-17T09:33:06,300.0,41.2,S
2021-06-17T09:33:06,900.0,41.2,B
2021-06-17T09:33:03,4000.0,41.2,B
2021-06-17T09:32:57,1000.0,41.2,B
2021-06-17T09:32:57,100.0,41.2,B
2021-06-17T09:32:51,1300.0,41.2,B
2021-06-17T09:32:48,500.0,41.2,B
2021-06-17T09:32:47,1400.0,41.2,B
2021-06-17T09:32:46,1400.0,41.2,B
2021-06-17T09:32:45,1200.0,41.2,B
2021-06-17T09:32:44,400.0,41.2,B
2021-06-17T09:32:43,300.0,41.2,B
2021-06-17T09:32:39,1300.0,41.2,B
2021-06-17T09:32:35,3000.0,41.2,B
2021-06-17T09:32:29,5100.0,41.2,B
2021-06-17T09:32:21,100.0,41.2,B
2021-06-17T09:32:13,1000.0,41.2,B
2021-06-17T09:32:10,300.0,41.1,S
2021-06-17T09:31:58,1700.0,41.1,S
2021-06-17T09:31:57,200.0,41.1,S
2021-06-17T09:31:50,2900.0,41.1,B
2021-06-17T09:31:45,1500.0,41.0,S
2021-06-17T09:31:42,100.0,41.1,B
2021-06-17T09:31:42,300.0,41.1,B
2021-06-17T09:31:41,2000.0,41.1,B
2021-06-17T09:31:35,300.0,41.0,S
2021-06-17T09:31:33,100.0,41.0,S
2021-06-17T09:31:23,5800.0,41.1,B
2021-06-17T09:31:21,500.0,40.9,S
2021-06-17T09:31:18,500.0,41.0,B
2021-06-17T09:31:13,300.0,41.0,B
2021-06-17T09:31:12,1000.0,40.9,S
2021-06-17T09:31:10,100.0,41.0,B
2021-06-17T09:31:09,10200.0,41.0,B
2021-06-17T09:31:08,600.0,41.0,B
2021-06-17T09:31:04,100.0,41.0,B
2021-06-17T09:31:02,600.0,41.0,B
2021-06-17T09:31:00,100.0,41.0,B
2021-06-17T09:30:58,500.0,41.0,B
2021-06-17T09:30:56,100.0,41.0,B
2021-06-17T09:30:55,2500.0,41.0,B
2021-06-17T09:30:54,1000.0,40.9,S
2021-06-17T09:30:53,500.0,41.0,B
2021-06-17T09:30:53,1000.0,40.9,S
2021-06-17T09:30:52,500.0,41.0,B
2021-06-17T09:30:45,800.0,41.0,B
2021-06-17T09:30:45,400.0,41.0,B
2021-06-17T09:30:45,1000.0,40.9,S
2021-06-17T09:30:41,800.0,41.0,B
2021-06-17T09:30:32,500.0,41.0,B
2021-06-17T09:30:30,100.0,41.0,B
2021-06-17T09:30:25,100.0,41.0,B
2021-06-17T09:30:24,25700.0,41.0,S
2021-06-17T09:30:23,10000.0,41.0,S
2021-06-17T09:30:08,100.0,41.1,B
2021-06-17T09:30:06,5000.0,41.0,S
2021-06-17T09:30:03,5000.0,41.0,S
2021-06-17T09:30:01,100.0,41.1,B
2021-06-17T09:29:59,10000.0,41.0,S
2021-06-17T09:29:58,200.0,41.0,S
2021-06-17T09:29:57,400.0,41.1,B
2021-06-17T09:29:57,500.0,41.1,S
2021-06-17T09:29:54,7000.0,41.0,S
2021-06-17T09:29:52,300.0,41.1,S
2021-06-17T09:29:50,500.0,41.1,S
2021-06-17T09:29:45,1000.0,41.1,S
2021-06-17T09:29:38,4000.0,41.1,S
2021-06-17T09:29:36,100.0,41.2,B
2021-06-17T09:29:35,500.0,41.1,S
2021-06-17T09:29:22,1000.0,41.1,S
2021-06-17T09:29:21,500.0,41.1,S
2021-06-17T09:29:10,1300.0,41.1,S
2021-06-17T09:29:08,400.0,41.1,S
2021-06-17T09:28:56,200.0,41.1,S
2021-06-17T09:28:50,5000.0,41.2,B
2021-06-17T09:28:40,100.0,41.2,B
2021-06-17T09:28:38,300.0,41.2,B
2021-06-17T09:28:30,1700.0,41.2,S
2021-06-17T09:28:28,15000.0,41.2,S
2021-06-17T09:28:20,300.0,41.3,B
2021-06-17T09:28:16,2000.0,41.3,B
2021-06-17T09:28:11,1000.0,41.3,B
2021-06-17T09:28:03,19100.0,41.3,S
2021-06-17T09:27:59,500.0,41.4,B
2021-06-17T09:27:56,1600.0,41.3,S
2021-06-17T09:27:53,1100.0,41.3,S
2021-06-17T09:27:43,100.0,41.3,S
2021-06-17T09:27:40,1000.0,41.4,B
2021-06-17T09:27:39,100.0,41.4,B
2021-06-17T09:27:27,2300.0,41.3,S
2021-06-17T09:27:25,500.0,41.3,S
2021-06-17T09:27:15,200.0,41.3,S
2021-06-17T09:27:13,500.0,41.4,B
2021-06-17T09:27:12,200.0,41.3,B
2021-06-17T09:27:11,100.0,41.3,B
2021-06-17T09:27:07,3000.0,41.3,B
2021-06-17T09:27:03,200.0,41.3,S
2021-06-17T09:26:55,100.0,41.4,B
2021-06-17T09:26:48,1000.0,41.4,B
2021-06-17T09:26:42,20000.0,41.2,S
2021-06-17T09:26:37,2000.0,41.4,B
2021-06-17T09:26:34,400.0,41.3,S
2021-06-17T09:26:29,900.0,41.4,B
2021-06-17T09:26:29,5000.0,41.4,B
2021-06-17T09:26:24,10000.0,41.2,S
2021-06-17T09:26:24,6200.0,41.4,B
2021-06-17T09:26:23,200.0,41.3,S
2021-06-17T09:26:21,200.0,41.3,B
2021-06-17T09:26:20,100.0,41.3,B
2021-06-17T09:26:19,100.0,41.3,B
2021-06-17T09:26:16,600.0,41.3,S
2021-06-17T09:26:08,1500.0,41.3,B
2021-06-17T09:26:08,1000.0,41.3,B
2021-06-17T09:26:06,1000.0,41.3,B
2021-06-17T09:26:06,500.0,41.3,S
2021-06-17T09:26:05,1000.0,41.4,B
2021-06-17T09:26:02,2500.0,41.3,B
2021-06-17T09:26:02,1000.0,41.3,B
2021-06-17T09:26:01,500.0,41.3,B
2021-06-17T09:25:50,900.0,41.3,B
2021-06-17T09:25:47,300.0,41.3,B
2021-06-17T09:25:47,1000.0,41.2,S
2021-06-17T09:25:40,100.0,41.3,B
2021-06-17T09:25:36,100.0,41.2,S
2021-06-17T09:25:34,700.0,41.2,S
2021-06-17T09:25:34,200.0,41.3,B
2021-06-17T09:25:32,100.0,41.3,B
2021-06-17T09:25:31,100.0,41.3,B
2021-06-17T09:25:24,500.0,41.2,S
2021-06-17T09:25:22,500.0,41.3,B
2021-06-17T09:25:20,200.0,41.2,S
2021-06-17T09:25:17,700.0,41.3,B
2021-06-17T09:25:03,2000.0,41.3,B
2021-06-17T09:24:56,500.0,41.1,B
2021-06-17T09:24:56,3900.0,41.1,B
2021-06-17T09:24:53,500.0,41.0,S
2021-06-17T09:24:51,3000.0,41.0,S
2021-06-17T09:24:45,1000.0,41.0,S
2021-06-17T09:24:22,20000.0,41.0,S
2021-06-17T09:24:18,8000.0,41.0,B
2021-06-17T09:24:16,3900.0,41.0,B
2021-06-17T09:24:15,10000.0,41.0,B
2021-06-17T09:24:14,5000.0,41.0,B
2021-06-17T09:24:12,600.0,41.0,B
2021-06-17T09:24:11,1000.0,41.0,B
2021-06-17T09:24:07,300.0,41.0,B
2021-06-17T09:24:04,5000.0,41.0,B
2021-06-17T09:24:03,200.0,41.0,B
2021-06-17T09:24:03,200.0,41.0,B
2021-06-17T09:23:44,200.0,41.0,B
2021-06-17T09:23:29,500.0,40.9,S
2021-06-17T09:23:25,100.0,40.9,S
2021-06-17T09:23:21,3000.0,40.9,S
2021-06-17T09:23:20,200.0,41.0,B
2021-06-17T09:23:02,1100.0,40.9,S
2021-06-17T09:22:50,1700.0,40.9,B
2021-06-17T09:22:49,1100.0,40.9,B
2021-06-17T09:22:45,30000.0,40.9,B
2021-06-17T09:22:45,100.0,40.9,B
2021-06-17T09:22:43,6400.0,40.8,S
2021-06-17T09:22:36,100.0,40.8,S
2021-06-17T09:22:27,1100.0,40.8,S
2021-06-17T09:22:25,1300.0,40.8,S
2021-06-17T09:22:23,200.0,40.9,B
2021-06-17T09:22:22,500.0,40.9,B
2021-06-17T09:22:05,2000.0,40.9,B
2021-06-17T09:22:03,100.0,40.8,S
2021-06-17T09:22:02,1600.0,40.8,S
2021-06-17T09:21:56,200.0,40.8,S
2021-06-17T09:21:32,2000.0,40.8,S
2021-06-17T09:21:30,2900.0,40.8,S
2021-06-17T09:21:28,1500.0,40.8,S
2021-06-17T09:21:27,200.0,40.8,S
2021-06-17T09:21:21,1200.0,40.8,S
2021-06-17T09:21:20,200.0,40.8,S
2021-06-17T09:21:11,13300.0,40.8,B
2021-06-17T09:21:11,500.0,40.8,B
2021-06-17T09:21:08,100.0,40.8,B
2021-06-17T09:21:06,100.0,40.8,B
2021-06-17T09:21:06,100.0,40.8,B
2021-06-17T09:20:49,1000.0,40.8,B
2021-06-17T09:20:45,200.0,40.8,B
2021-06-17T09:20:44,200.0,40.7,S
2021-06-17T09:20:43,2000.0,40.7,S
2021-06-17T09:20:39,20000.0,40.8,B
2021-06-17T09:20:37,1000.0,40.8,B
2021-06-17T09:20:35,500.0,40.8,B
2021-06-17T09:20:33,100.0,40.7,S
2021-06-17T09:20:30,500.0,40.8,B
2021-06-17T09:20:28,500.0,40.8,B
2021-06-17T09:20:28,100.0,40.8,B
2021-06-17T09:20:24,1500.0,40.8,B
2021-06-17T09:20:19,1500.0,40.8,B
2021-06-17T09:20:18,500.0,40.8,B
2021-06-17T09:20:18,1000.0,40.8,B
2021-06-17T09:20:18,300.0,40.8,B
2021-06-17T09:20:18,100.0,40.8,B
2021-06-17T09:20:18,800.0,40.7,S
2021-06-17T09:20:16,200.0,40.8,B
2021-06-17T09:20:16,100.0,40.8,B
2021-06-17T09:20:12,2000.0,40.8,B
2021-06-17T09:20:12,1400.0,40.8,B
2021-06-17T09:20:12,1000.0,40.8,B
2021-06-17T09:20:12,700.0,40.8,B
2021-06-17T09:20:12,2000.0,40.8,B
2021-06-17T09:20:12,1000.0,40.8,B
2021-06-17T09:20:12,100.0,40.8,B
2021-06-17T09:20:12,300.0,40.7,S
2021-06-17T09:20:12,100.0,40.8,B
2021-06-17T09:20:08,100.0,40.8,B
2021-06-17T09:20:04,1000.0,40.8,B
2021-06-17T09:19:26,2000.0,40.7,S
2021-06-17T09:19:17,1700.0,40.8,B
2021-06-17T09:19:10,900.0,40.8,B
2021-06-17T09:19:01,500.0,40.7,S
2021-06-17T09:18:57,100.0,40.7,B
2021-06-17T09:18:55,1700.0,40.7,B
2021-06-17T09:18:53,1000.0,40.7,B
2021-06-17T09:18:50,500.0,40.7,B
2021-06-17T09:18:49,600.0,40.7,B
2021-06-17T09:18:48,400.0,40.7,B
2021-06-17T09:18:46,100.0,40.7,B
2021-06-17T09:18:46,100.0,40.7,B
2021-06-17T09:18:42,10300.0,40.7,S
2021-06-17T09:18:38,100.0,40.7,S
2021-06-17T09:18:36,400.0,40.8,B
2021-06-17T09:18:36,3200.0,40.7,B
2021-06-17T09:18:34,2700.0,40.7,B
2021-06-17T09:18:30,200.0,40.7,B
2021-06-17T09:18:29,200.0,40.7,B
2021-06-17T09:18:27,10000.0,40.7,B
2021-06-17T09:18:25,1000.0,40.7,B
2021-06-17T09:18:21,1000.0,40.7,B
2021-06-17T09:18:13,100.0,40.7,B
2021-06-17T09:18:12,2300.0,40.6,S
2021-06-17T09:18:06,300.0,40.7,B
2021-06-17T09:18:01,1200.0,40.6,S
2021-06-17T09:17:59,4200.0,40.6,S
2021-06-17T09:17:59,9200.0,40.7,B
2021-06-17T09:17:57,100.0,40.6,S
2021-06-17T09:17:56,15100.0,40.6,S
2021-06-17T09:17:48,1000.0,40.6,S
2021-06-17T09:17:46,500.0,40.6,S
2021-06-17T09:17:38,1000.0,40.6,S
2021-06-17T09:17:35,2000.0,40.7,B
2021-06-17T09:17:34,500.0,40.6,S
2021-06-17T09:17:33,6500.0,40.6,S
2021-06-17T09:17:31,1000.0,40.6,S
2021-06-17T09:17:31,200.0,40.6,S
2021-06-17T09:17:23,3000.0,40.6,S
2021-06-17T09:17:20,400.0,40.6,S
2021-06-17T09:17:17,100.0,40.6,S
2021-06-17T09:17:13,1900.0,40.6,B
2021-06-17T09:17:10,5000.0,40.6,B
2021-06-17T09:17:09,200.0,40.6,B
2021-06-17T09:17:09,5600.0,40.5,S
2021-06-17T09:17:06,500.0,40.6,B
2021-06-17T09:17:06,1000.0,40.6,B
2021-06-17T09:17:04,6000.0,40.5,S
2021-06-17T09:17:02,1000.0,40.6,B
2021-06-17T09:17:01,1000.0,40.6,B
2021-06-17T09:16:59,100.0,40.6,B
2021-06-17T09:16:56,1000.0,40.6,B
2021-06-17T09:16:55,1600.0,40.6,B
2021-06-17T09:16:53,5000.0,40.6,B
2021-06-17T09:16:52,1000.0,40.6,B
2021-06-17T09:16:50,500.0,40.5,S
2021-06-17T09:16:50,1000.0,40.6,B
2021-06-17T09:16:46,2000.0,40.6,B
2021-06-17T09:16:43,1000.0,40.6,B
2021-06-17T09:16:42,500.0,40.6,B
2021-06-17T09:16:40,1000.0,40.6,B
2021-06-17T09:16:37,500.0,40.6,B
2021-06-17T09:16:36,100.0,40.6,B
2021-06-17T09:16:32,500.0,40.6,B
2021-06-17T09:16:31,500.0,40.5,S
2021-06-17T09:16:28,200.0,40.6,B
2021-06-17T09:16:28,300.0,40.6,B
2021-06-17T09:16:28,1000.0,40.5,S
2021-06-17T09:16:28,1000.0,40.6,B
2021-06-17T09:16:26,5000.0,40.6,B
2021-06-17T09:16:24,1000.0,40.6,B
2021-06-17T09:16:24,100.0,40.6,B
2021-06-17T09:16:18,100.0,40.6,B
2021-06-17T09:16:18,1000.0,40.6,B
2021-06-17T09:16:17,5000.0,40.6,B
2021-06-17T09:16:12,100.0,40.6,B
2021-06-17T09:16:12,800.0,40.6,B
2021-06-17T09:16:11,5000.0,40.6,B
2021-06-17T09:15:53,2000.0,40.6,B
2021-06-17T09:15:46,1000.0,40.5,S
2021-06-17T09:15:41,500.0,40.5,S
2021-06-17T09:15:31,100.0,40.5,S
2021-06-17T09:15:29,200.0,40.5,S
2021-06-17T09:15:26,3000.0,40.6,B
2021-06-17T09:15:19,10000.0,40.5,S
2021-06-17T09:15:17,500.0,40.5,S
2021-06-17T09:15:16,800.0,40.6,B
2021-06-17T09:15:11,1000.0,40.5,S
2021-06-17T09:15:05,300.0,40.5,S
2021-06-17T09:15:02,500.0,40.5,S
2021-06-17T09:15:02,2000.0,40.6,B
2021-06-17T09:14:59,700.0,40.5,S
2021-06-17T09:14:53,600.0,40.5,S
2021-06-17T09:14:46,100.0,40.5,S
2021-06-17T09:14:42,3500.0,40.5,S
2021-06-17T09:14:33,14000.0,40.4,S
2021-06-17T09:14:32,1600.0,40.5,B
2021-06-17T09:14:25,200.0,40.5,B
2021-06-17T09:14:21,800.0,40.4,S
2021-06-17T09:14:17,3000.0,40.5,B
2021-06-17T09:14:16,700.0,40.5,B
2021-06-17T09:14:15,500.0,40.5,B
2021-06-17T09:14:06,200.0,40.5,B
2021-06-17T09:14:05,100.0,40.5,B
2021-06-17T09:14:05,600.0,40.5,B
2021-06-17T09:14:00,200.0,40.5,B
2021-06-17T09:13:56,100.0,40.5,B
2021-06-17T09:13:53,2300.0,40.5,B
2021-06-17T09:13:44,700.0,40.5,B
2021-06-17T09:13:43,1800.0,40.5,B
2021-06-17T09:13:43,100.0,40.5,B
2021-06-17T09:13:40,300.0,40.5,B
2021-06-17T09:13:39,4400.0,40.5,S
2021-06-17T09:13:30,400.0,40.5,S
2021-06-17T09:13:28,300.0,40.5,S
2021-06-17T09:13:25,100.0,40.5,S
2021-06-17T09:13:18,300.0,40.5,S
2021-06-17T09:13:18,400.0,40.5,S
2021-06-17T09:13:17,2000.0,40.5,S
2021-06-17T09:13:16,2000.0,40.5,S
2021-06-17T09:13:05,700.0,40.5,S
2021-06-17T09:13:04,300.0,40.6,B
2021-06-17T09:12:57,4800.0,40.5,B
2021-06-17T09:12:56,100.0,40.5,B
2021-06-17T09:12:55,1000.0,40.5,B
2021-06-17T09:12:51,1000.0,40.5,B
2021-06-17T09:12:47,100.0,40.5,B
2021-06-17T09:12:39,500.0,40.5,B
2021-06-17T09:12:38,100.0,40.5,B
2021-06-17T09:12:38,2000.0,40.5,B
2021-06-17T09:12:36,100.0,40.5,B
2021-06-17T09:12:34,100.0,40.5,B
2021-06-17T09:12:30,200.0,40.5,B
2021-06-17T09:12:25,700.0,40.5,B
2021-06-17T09:12:18,500.0,40.5,B
2021-06-17T09:12:17,10000.0,40.5,B
2021-06-17T09:12:15,1000.0,40.5,B
2021-06-17T09:12:13,300.0,40.5,B
2021-06-17T09:12:09,1000.0,40.5,B
2021-06-17T09:12:08,500.0,40.5,B
2021-06-17T09:12:07,100.0,40.5,B
2021-06-17T09:12:06,8000.0,40.4,S
2021-06-17T09:12:00,10000.0,40.5,B
2021-06-17T09:11:59,1800.0,40.5,B
2021-06-17T09:11:58,2100.0,40.4,S
2021-06-17T09:11:47,500.0,40.4,S
2021-06-17T09:11:42,1000.0,40.4,S
2021-06-17T09:11:39,1000.0,40.5,B
2021-06-17T09:11:36,800.0,40.5,B
2021-06-17T09:11:34,3000.0,40.5,B
2021-06-17T09:11:25,500.0,40.5,B
2021-06-17T09:11:19,2000.0,40.5,B
2021-06-17T09:11:17,500.0,40.5,B
2021-06-17T09:11:12,3000.0,40.5,B
2021-06-17T09:11:11,1000.0,40.4,S
2021-06-17T09:11:11,2000.0,40.4,S
2021-06-17T09:11:08,1000.0,40.4,S
2021-06-17T09:11:06,400.0,40.4,S
2021-06-17T09:11:03,200.0,40.5,B
2021-06-17T09:11:01,400.0,40.5,B
2021-06-17T09:10:48,500.0,40.5,B
2021-06-17T09:10:46,2000.0,40.4,S
2021-06-17T09:10:45,100.0,40.5,B
2021-06-17T09:10:39,400.0,40.3,S
2021-06-17T09:10:36,500.0,40.5,B
2021-06-17T09:10:36,1500.0,40.5,B
2021-06-17T09:10:35,100.0,40.4,B
2021-06-17T09:10:31,100.0,40.4,B
2021-06-17T09:10:29,7500.0,40.4,B
2021-06-17T09:10:24,5000.0,40.5,B
2021-06-17T09:10:23,200.0,40.5,B
2021-06-17T09:10:22,2000.0,40.5,B
2021-06-17T09:10:20,500.0,40.5,B
2021-06-17T09:10:19,1000.0,40.5,B
2021-06-17T09:10:13,1000.0,40.5,B
2021-06-17T09:10:10,200.0,40.5,B
2021-06-17T09:10:09,78900.0,40.3,S
2021-06-17T09:10:07,2500.0,40.5,S
2021-06-17T09:10:05,500.0,40.5,S
2021-06-17T09:10:03,6300.0,40.5,S
2021-06-17T09:09:59,100.0,40.5,S
2021-06-17T09:09:59,2000.0,40.5,S
2021-06-17T09:09:56,1400.0,40.5,B
2021-06-17T09:09:54,1000.0,40.5,B
2021-06-17T09:09:52,100.0,40.5,B
2021-06-17T09:09:50,700.0,40.5,B
2021-06-17T09:09:49,1000.0,40.5,S
2021-06-17T09:09:44,800.0,40.5,S
2021-06-17T09:09:43,2200.0,40.5,S
2021-06-17T09:09:42,300.0,40.6,B
2021-06-17T09:09:41,400.0,40.5,S
2021-06-17T09:09:38,600.0,40.5,S
2021-06-17T09:09:34,1900.0,40.5,S
2021-06-17T09:09:32,14900.0,40.5,S
2021-06-17T09:09:31,300.0,40.5,S
2021-06-17T09:09:31,1000.0,40.5,S
2021-06-17T09:09:28,2000.0,40.5,B
2021-06-17T09:09:26,500.0,40.5,B
2021-06-17T09:09:24,300.0,40.5,B
2021-06-17T09:09:23,2000.0,40.5,B
2021-06-17T09:09:22,2000.0,40.5,B
2021-06-17T09:09:18,1000.0,40.5,B
2021-06-17T09:09:18,100.0,40.4,S
2021-06-17T09:09:16,1600.0,40.5,B
2021-06-17T09:09:16,700.0,40.4,S
2021-06-17T09:09:13,500.0,40.5,S
2021-06-17T09:09:10,1500.0,40.5,B
2021-06-17T09:09:07,100.0,40.5,B
2021-06-17T09:09:05,200.0,40.4,S
2021-06-17T09:09:04,500.0,40.5,S
2021-06-17T09:08:56,100.0,40.5,S
2021-06-17T09:08:50,4000.0,40.4,S
2021-06-17T09:08:46,2800.0,40.4,S
2021-06-17T09:08:43,1000.0,40.3,S
2021-06-17T09:08:41,3000.0,40.4,B
2021-06-17T09:08:40,500.0,40.4,B
2021-06-17T09:08:39,500.0,40.4,B
2021-06-17T09:08:38,100.0,40.4,B
2021-06-17T09:08:38,4100.0,40.4,B
2021-06-17T09:08:36,2300.0,40.4,B
2021-06-17T09:08:34,100.0,40.4,S
2021-06-17T09:08:34,2700.0,40.4,S
2021-06-17T09:08:31,1300.0,40.5,B
2021-06-17T09:08:27,1500.0,40.4,S
2021-06-17T09:08:20,400.0,40.4,S
2021-06-17T09:08:19,1000.0,40.4,B
2021-06-17T09:08:18,1000.0,40.4,B
2021-06-17T09:08:17,2000.0,40.4,B
2021-06-17T09:08:16,200.0,40.4,B
2021-06-17T09:08:14,100.0,40.3,S
2021-06-17T09:08:14,100.0,40.4,B
2021-06-17T09:08:10,300.0,40.3,S
2021-06-17T09:08:09,5000.0,40.4,B
2021-06-17T09:08:09,2000.0,40.4,B
2021-06-17T09:08:08,900.0,40.4,B
2021-06-17T09:08:03,100.0,40.4,B
2021-06-17T09:08:01,100.0,40.3,S
2021-06-17T09:07:56,2000.0,40.4,B
2021-06-17T09:07:55,3000.0,40.3,S
2021-06-17T09:07:53,5500.0,40.3,S
2021-06-17T09:07:52,300.0,40.3,S
2021-06-17T09:07:47,100.0,40.3,B
2021-06-17T09:07:43,100.0,40.3,B
2021-06-17T09:07:42,100.0,40.3,B
2021-06-17T09:07:38.209,600.0,40.2,S
2021-06-17T09:07:36.317,200.0,40.3,B
2021-06-17T09:07:31.067,100.0,40.3,S
2021-06-17T09:07:30.738,900.0,40.3,B
2021-06-17T09:07:26.145,1000.0,40.2,S
2021-06-17T09:07:24.738,100.0,40.2,S
2021-06-17T09:07:21.801,1000.0,40.2,S
2021-06-17T09:07:19.801,100.0,40.2,S
2021-06-17T09:07:18.269,1000.0,40.3,B
2021-06-17T09:07:17.176,200.0,40.2,S
2021-06-17T09:07:05.238,3700.0,40.2,S
2021-06-17T09:07:02.753,1500.0,40.2,S
2021-06-17T09:06:58.8,300.0,40.3,B
2021-06-17T09:06:57.128,500.0,40.3,B
2021-06-17T09:06:55.034,900.0,40.2,S
2021-06-17T09:06:54.628,2100.0,40.3,B
2021-06-17T09:06:52.003,1000.0,40.2,S
2021-06-17T09:06:51.659,300.0,40.3,B
2021-06-17T09:06:49.066,600.0,40.2,S
2021-06-17T09:06:48.597,1100.0,40.2,S
2021-06-17T09:06:43.675,100.0,40.2,S
2021-06-17T09:06:39.206,5000.0,40.3,B
2021-06-17T09:06:38.737,2600.0,40.2,B
2021-06-17T09:06:33.893,12500.0,40.2,S
2021-06-17T09:06:07.518,600.0,40.2,S
2021-06-17T09:06:05.518,1000.0,40.2,B
2021-06-17T09:06:04.971,400.0,40.2,B
2021-06-17T09:06:01.486,3000.0,40.2,S
2021-06-17T09:06:01.424,1200.0,40.2,S
2021-06-17T09:05:58.689,500.0,40.2,B
2021-06-17T09:05:57.439,700.0,40.2,B
2021-06-17T09:05:55.674,300.0,40.1,S
2021-06-17T09:05:55.142,100.0,40.2,B
2021-06-17T09:05:54.58,600.0,40.1,S
2021-06-17T09:05:53.642,1000.0,40.1,S
2021-06-17T09:05:52.517,500.0,40.2,B
2021-06-17T09:05:50.97,1000.0,40.2,B
2021-06-17T09:05:50.892,1700.0,40.1,S
2021-06-17T09:05:50.111,200.0,40.2,B
2021-06-17T09:05:49.533,400.0,40.2,B
2021-06-17T09:05:48.752,300.0,40.2,B
2021-06-17T09:05:47.095,1000.0,40.2,B
2021-06-17T09:05:45.455,500.0,40.1,S
2021-06-17T09:05:42.517,100.0,40.2,B
2021-06-17T09:05:41.97,3000.0,40.1,S
2021-06-17T09:05:39.033,500.0,40.2,B
2021-06-17T09:05:37.704,5000.0,40.2,B
2021-06-17T09:05:36.548,400.0,40.1,S
2021-06-17T09:05:35.095,4200.0,40.1,S
2021-06-17T09:05:31.47,200.0,40.2,B
2021-06-17T09:05:28.626,3500.0,40.1,S
2021-06-17T09:05:27.642,2000.0,40.2,B
2021-06-17T09:05:26.017,200.0,40.2,B
2021-06-17T09:05:25.235,4800.0,40.2,B
2021-06-17T09:05:24.579,100.0,40.2,B
2021-06-17T09:05:23.579,100.0,40.2,B
2021-06-17T09:05:20.845,3300.0,40.1,S
2021-06-17T09:05:20.798,1000.0,40.1,S
2021-06-17T09:05:19.595,2000.0,40.2,B
2021-06-17T09:05:18.532,180400.0,40.1,S
2021-06-17T09:04:42,300.0,41.0,B
2021-06-17T09:04:42,300.0,41.0,B
2021-06-17T09:04:38,300.0,41.0,B
2021-06-17T09:04:38,1700.0,41.0,B
2021-06-17T09:04:38,100.0,41.0,B
2021-06-17T09:04:38,12300.0,41.0,B
2021-06-17T09:04:38,300.0,41.0,B
2021-06-17T09:04:38,4100.0,41.0,S
2021-06-17T09:04:38,4700.0,41.5,B
2021-06-17T09:04:34,36000.0,37.4,S
2021-06-17T09:04:34,100.0,41.5,B
2021-06-17T09:04:34,4000.0,41.5,B
2021-06-17T09:04:30,500.0,41.5,B
2021-06-17T09:01:54,5500.0,41.5,B
