tradingTime,volume,price,side
2021-06-17T14:30:04,200.0,16.95,S
2021-06-17T14:30:02,600.0,17.0,B
2021-06-17T14:30:02,1400.0,17.0,B
2021-06-17T14:29:47,200.0,16.95,S
2021-06-17T14:29:24,600.0,17.0,B
2021-06-17T14:29:10,1000.0,17.0,B
2021-06-17T14:29:07,500.0,16.95,B
2021-06-17T14:28:44,100.0,16.95,B
2021-06-17T14:28:44,4400.0,16.95,B
2021-06-17T14:28:44,3200.0,16.95,B
2021-06-17T14:28:44,5600.0,16.95,B
2021-06-17T14:28:44,4500.0,16.95,B
2021-06-17T14:28:44,11200.0,16.95,B
2021-06-17T14:28:44,2400.0,16.95,B
2021-06-17T14:28:44,16200.0,16.9,B
2021-06-17T14:28:44,15800.0,16.9,B
2021-06-17T14:28:43,7800.0,16.85,S
2021-06-17T14:28:43,2000.0,16.85,S
2021-06-17T14:28:43,200.0,16.85,S
2021-06-17T14:27:38,2000.0,16.85,S
2021-06-17T14:26:55,100.0,16.85,S
2021-06-17T14:25:49,5800.0,16.85,S
2021-06-17T14:25:49,9400.0,16.85,S
2021-06-17T14:24:13,600.0,16.85,S
2021-06-17T14:22:15,400.0,16.9,B
2021-06-17T14:21:18,200.0,16.9,B
2021-06-17T14:21:16,1300.0,16.9,B
2021-06-17T14:20:56,300.0,16.9,B
2021-06-17T14:20:02,200.0,16.9,B
2021-06-17T14:19:43,2600.0,16.9,B
2021-06-17T14:17:24,300.0,16.9,B
2021-06-17T14:16:40,1500.0,16.9,B
2021-06-17T14:16:24,1000.0,16.9,B
2021-06-17T14:16:17,100.0,16.9,B
2021-06-17T14:16:03,1500.0,16.9,B
2021-06-17T14:16:03,700.0,16.9,B
2021-06-17T14:16:03,800.0,16.85,S
2021-06-17T14:15:46,200.0,16.85,S
2021-06-17T14:14:47,100.0,16.9,B
2021-06-17T14:14:27,200.0,16.9,B
2021-06-17T14:14:12,1900.0,16.9,B
2021-06-17T14:13:40,1000.0,16.9,B
2021-06-17T14:12:38,3000.0,16.8,S
2021-06-17T14:11:27,500.0,16.9,B
2021-06-17T14:10:39,900.0,16.85,S
2021-06-17T14:09:46,100.0,16.85,S
2021-06-17T14:09:36,200.0,16.85,S
2021-06-17T14:09:15,2000.0,16.85,S
2021-06-17T14:08:31,500.0,16.9,B
2021-06-17T14:07:10,200.0,16.9,B
2021-06-17T14:06:04,100.0,16.9,B
2021-06-17T14:05:44,100.0,16.9,B
2021-06-17T14:03:20,1600.0,16.9,S
2021-06-17T14:02:50,200.0,16.95,B
2021-06-17T14:02:47,200.0,16.95,B
2021-06-17T14:02:21,10000.0,16.9,S
2021-06-17T14:01:44,400.0,16.95,B
2021-06-17T14:01:44,800.0,16.95,B
2021-06-17T14:01:44,2800.0,16.95,B
2021-06-17T14:01:22,1500.0,16.9,S
2021-06-17T14:00:33,500.0,16.95,B
2021-06-17T13:59:35,300.0,16.95,B
2021-06-17T13:57:55,1700.0,16.95,B
2021-06-17T13:55:43,7600.0,16.95,B
2021-06-17T13:55:30,500.0,16.95,B
2021-06-17T13:55:12,2100.0,16.9,B
2021-06-17T13:54:49,1000.0,16.9,B
2021-06-17T13:53:55,1100.0,16.9,B
2021-06-17T13:53:07,1900.0,16.9,B
2021-06-17T13:52:01,100.0,16.85,S
2021-06-17T13:52:00,100.0,16.85,S
2021-06-17T13:51:16,400.0,16.9,B
2021-06-17T13:51:15,500.0,16.9,B
2021-06-17T13:50:00,1300.0,16.9,S
2021-06-17T13:50:00,3700.0,16.9,S
2021-06-17T13:49:42,100.0,16.9,S
2021-06-17T13:48:08,500.0,16.95,B
2021-06-17T13:47:47,600.0,16.9,B
2021-06-17T13:47:47,500.0,16.9,B
2021-06-17T13:47:47,1000.0,16.9,B
2021-06-17T13:47:47,1200.0,16.9,B
2021-06-17T13:47:47,3100.0,16.9,B
2021-06-17T13:47:47,2600.0,16.9,B
2021-06-17T13:47:47,13800.0,16.9,B
2021-06-17T13:47:47,3400.0,16.9,B
2021-06-17T13:47:31,200.0,16.9,B
2021-06-17T13:47:31,100.0,16.9,B
2021-06-17T13:44:33,19900.0,16.85,B
2021-06-17T13:44:33,100.0,16.8,B
2021-06-17T13:44:27,100.0,16.8,B
2021-06-17T13:44:11,100.0,16.8,B
2021-06-17T13:44:05,200.0,16.8,B
2021-06-17T13:43:57,100.0,16.8,B
2021-06-17T13:43:53,900.0,16.75,S
2021-06-17T13:43:48,100.0,16.8,B
2021-06-17T13:41:40,300.0,16.8,B
2021-06-17T13:39:46,200.0,16.7,B
2021-06-17T13:39:46,3100.0,16.7,B
2021-06-17T13:37:01,100.0,16.7,B
2021-06-17T13:37:00,100.0,16.7,B
2021-06-17T13:32:04,100.0,16.7,B
2021-06-17T13:29:20,1000.0,16.7,B
2021-06-17T13:28:25,300.0,16.7,S
2021-06-17T13:28:04,1200.0,16.7,S
2021-06-17T13:27:35,3000.0,16.7,S
2021-06-17T13:27:21,800.0,16.8,S
2021-06-17T13:27:18,7300.0,16.8,S
2021-06-17T13:26:15,500.0,16.85,S
2021-06-17T13:25:50,800.0,16.9,B
2021-06-17T13:25:46,500.0,16.85,S
2021-06-17T13:25:27,2000.0,16.85,S
2021-06-17T13:24:52,4000.0,16.9,S
2021-06-17T13:24:47,1000.0,16.85,S
2021-06-17T13:24:23,100.0,16.9,S
2021-06-17T13:24:13,1000.0,16.85,S
2021-06-17T13:24:02,5000.0,16.9,S
2021-06-17T13:22:21,1900.0,16.9,S
2021-06-17T13:21:18,4400.0,16.9,S
2021-06-17T13:19:39,2000.0,16.9,S
2021-06-17T13:18:37,100.0,16.9,S
2021-06-17T13:18:26,5300.0,16.9,S
2021-06-17T13:18:15,300.0,16.95,B
2021-06-17T13:18:13,5000.0,16.95,B
2021-06-17T13:17:10,300.0,16.95,B
2021-06-17T13:16:11,2000.0,17.0,B
2021-06-17T13:14:58,500.0,16.8,S
2021-06-17T13:14:53,1300.0,16.9,B
2021-06-17T13:14:53,1000.0,16.9,B
2021-06-17T13:14:53,200.0,16.9,B
2021-06-17T13:14:53,2400.0,16.9,B
2021-06-17T13:14:53,100.0,16.9,B
2021-06-17T13:14:38,100.0,16.9,B
2021-06-17T13:14:22,1000.0,16.8,B
2021-06-17T13:13:41,400.0,16.8,B
2021-06-17T13:13:31,2000.0,16.9,B
2021-06-17T13:13:24,1800.0,16.8,B
2021-06-17T13:13:24,11100.0,16.8,B
2021-06-17T13:13:24,1000.0,16.8,B
2021-06-17T13:13:24,6900.0,16.8,B
2021-06-17T13:12:22,500.0,16.75,B
2021-06-17T13:12:21,100.0,16.75,B
2021-06-17T13:11:54,2300.0,16.75,B
2021-06-17T13:11:54,2700.0,16.75,B
2021-06-17T13:10:40,100.0,16.75,B
2021-06-17T13:10:31,200.0,16.75,B
2021-06-17T13:10:31,300.0,16.75,B
2021-06-17T13:10:03,200.0,16.75,B
2021-06-17T13:09:11,1300.0,16.7,B
2021-06-17T13:08:48,10000.0,16.7,B
2021-06-17T13:08:12,800.0,16.7,B
2021-06-17T13:08:06,2500.0,16.7,B
2021-06-17T13:07:52,200.0,16.7,B
2021-06-17T13:07:45,700.0,16.7,B
2021-06-17T13:06:56,2000.0,16.7,B
2021-06-17T13:06:52,200.0,16.65,S
2021-06-17T13:06:37,300.0,16.7,B
2021-06-17T13:06:31,100.0,16.7,B
2021-06-17T13:06:19,3000.0,16.65,B
2021-06-17T13:06:14,1000.0,16.65,B
2021-06-17T13:06:14,200.0,16.65,B
2021-06-17T13:06:13,100.0,16.65,B
2021-06-17T13:06:12,2000.0,16.65,B
2021-06-17T13:05:46,100.0,16.65,B
2021-06-17T13:04:13,500.0,16.65,B
2021-06-17T13:02:28,1000.0,16.6,B
2021-06-17T13:00:48,100.0,16.6,B
2021-06-17T13:00:36,100.0,16.55,S
2021-06-17T13:00:36,10000.0,16.55,S
2021-06-17T13:00:31,200.0,16.6,B
2021-06-17T13:00:28,1000.0,16.6,B
2021-06-17T11:27:20,200.0,16.6,B
2021-06-17T11:26:43,200.0,16.6,B
2021-06-17T11:25:41,200.0,16.6,B
2021-06-17T11:25:08,200.0,16.6,B
2021-06-17T11:22:35,100.0,16.6,S
2021-06-17T11:21:59,200.0,16.6,B
2021-06-17T11:19:37,300.0,16.6,B
2021-06-17T11:18:16,3000.0,16.55,S
2021-06-17T11:18:01,100.0,16.65,S
2021-06-17T11:17:11,3000.0,16.65,S
2021-06-17T11:17:08,500.0,16.65,S
2021-06-17T11:16:53,400.0,16.65,S
2021-06-17T11:16:52,1000.0,16.65,B
2021-06-17T11:16:20,1000.0,16.6,S
2021-06-17T11:15:26,500.0,16.6,S
2021-06-17T11:14:01,200.0,16.7,B
2021-06-17T11:13:44,2000.0,16.7,B
2021-06-17T11:13:44,1000.0,16.7,B
2021-06-17T11:13:40,16200.0,16.6,S
2021-06-17T11:13:40,3800.0,16.6,S
2021-06-17T11:13:40,100.0,16.6,S
2021-06-17T11:13:29,1000.0,16.7,B
2021-06-17T11:11:09,1300.0,16.7,B
2021-06-17T11:10:57,100.0,16.6,S
2021-06-17T11:10:45,500.0,16.7,B
2021-06-17T11:10:43,500.0,16.7,B
2021-06-17T11:10:38,2300.0,16.7,B
2021-06-17T11:08:33,900.0,16.7,B
2021-06-17T11:08:19,2000.0,16.65,B
2021-06-17T11:07:39,1000.0,16.6,S
2021-06-17T11:07:06,1000.0,16.6,S
2021-06-17T11:06:10,500.0,16.6,S
2021-06-17T11:05:04,8900.0,16.6,B
2021-06-17T11:04:41,1000.0,16.6,B
2021-06-17T11:04:25,100.0,16.55,S
2021-06-17T11:03:57,500.0,16.6,B
2021-06-17T11:03:35,1100.0,16.6,B
2021-06-17T11:03:00,3000.0,16.55,S
2021-06-17T11:02:42,100.0,16.6,B
2021-06-17T11:01:47,2000.0,16.6,B
2021-06-17T11:00:36,2700.0,16.6,B
2021-06-17T11:00:08,5100.0,16.6,S
2021-06-17T10:59:50,400.0,16.7,B
2021-06-17T10:59:43,1000.0,16.7,B
2021-06-17T10:59:05,2000.0,16.7,B
2021-06-17T10:58:12,2000.0,16.7,B
2021-06-17T10:57:54,2000.0,16.6,S
2021-06-17T10:57:51,2200.0,16.5,S
2021-06-17T10:57:51,1000.0,16.5,S
2021-06-17T10:57:50,200.0,16.5,S
2021-06-17T10:57:44,1600.0,16.6,S
2021-06-17T10:57:38,5400.0,16.6,B
2021-06-17T10:56:59,1300.0,16.6,B
2021-06-17T10:56:28,5000.0,16.6,B
2021-06-17T10:56:06,400.0,16.65,B
2021-06-17T10:56:03,100.0,16.65,B
2021-06-17T10:56:01,100.0,16.6,S
2021-06-17T10:55:59,2100.0,16.65,B
2021-06-17T10:55:48,900.0,16.6,B
2021-06-17T10:55:48,100.0,16.6,B
2021-06-17T10:55:39,1000.0,16.6,B
2021-06-17T10:55:25,1500.0,16.65,B
2021-06-17T10:55:07,500.0,16.6,B
2021-06-17T10:55:07,1500.0,16.6,B
2021-06-17T10:55:07,3000.0,16.6,B
2021-06-17T10:54:45,500.0,16.55,S
2021-06-17T10:54:45,2300.0,16.55,S
2021-06-17T10:54:34,2200.0,16.55,S
2021-06-17T10:54:28,10000.0,16.55,S
2021-06-17T10:54:03,300.0,16.6,B
2021-06-17T10:53:50,1000.0,16.6,B
2021-06-17T10:53:37,5000.0,16.6,B
2021-06-17T10:53:27,4000.0,16.6,B
2021-06-17T10:52:14,1500.0,16.6,B
2021-06-17T10:51:59,10100.0,16.55,B
2021-06-17T10:50:56,3000.0,16.55,B
2021-06-17T10:49:30,500.0,16.55,B
2021-06-17T10:48:46,2000.0,16.55,B
2021-06-17T10:48:33,2600.0,16.4,S
2021-06-17T10:48:25,5000.0,16.5,B
2021-06-17T10:47:54,200.0,16.5,S
2021-06-17T10:47:10,5000.0,16.55,B
2021-06-17T10:46:38,200.0,16.55,B
2021-06-17T10:45:44,100.0,16.55,B
2021-06-17T10:44:58,500.0,16.55,B
2021-06-17T10:44:38,100.0,16.55,B
2021-06-17T10:44:12,3000.0,16.55,B
2021-06-17T10:43:05,1700.0,16.55,B
2021-06-17T10:43:05,1000.0,16.55,B
2021-06-17T10:43:05,300.0,16.55,B
2021-06-17T10:43:05,500.0,16.55,B
2021-06-17T10:43:05,900.0,16.55,B
2021-06-17T10:43:05,700.0,16.5,B
2021-06-17T10:43:05,4900.0,16.5,B
2021-06-17T10:42:09,700.0,16.5,B
2021-06-17T10:42:08,300.0,16.45,B
2021-06-17T10:42:08,1300.0,16.45,B
2021-06-17T10:40:46,1000.0,16.4,S
2021-06-17T10:40:40,1000.0,16.4,S
2021-06-17T10:40:10,1000.0,16.4,S
2021-06-17T10:39:10,1000.0,16.4,S
2021-06-17T10:38:56,2000.0,16.4,S
2021-06-17T10:38:56,700.0,16.4,S
2021-06-17T10:38:56,2300.0,16.4,S
2021-06-17T10:38:39,100.0,16.4,S
2021-06-17T10:38:25,5000.0,16.4,S
2021-06-17T10:37:40,200.0,16.4,S
2021-06-17T10:35:06,300.0,16.4,S
2021-06-17T10:35:04,500.0,16.4,S
2021-06-17T10:34:51,500.0,16.4,S
2021-06-17T10:33:05,3000.0,16.4,S
2021-06-17T10:32:24,200.0,16.45,B
2021-06-17T10:31:58,2500.0,16.45,B
2021-06-17T10:30:30,10000.0,16.45,B
2021-06-17T10:30:25,100.0,16.4,S
2021-06-17T10:29:17,100.0,16.45,B
2021-06-17T10:28:05,100.0,16.4,S
2021-06-17T10:27:54,4000.0,16.4,S
2021-06-17T10:26:40,1000.0,16.45,B
2021-06-17T10:26:29,400.0,16.45,B
2021-06-17T10:23:56,1500.0,16.45,B
2021-06-17T10:23:49,500.0,16.45,B
2021-06-17T10:23:44,100.0,16.4,S
2021-06-17T10:22:07,200.0,16.4,S
2021-06-17T10:21:58,400.0,16.4,S
2021-06-17T10:21:40,100.0,16.4,S
2021-06-17T10:21:40,300.0,16.4,S
2021-06-17T10:21:02,1300.0,16.4,S
2021-06-17T10:20:36,1000.0,16.4,S
2021-06-17T10:20:32,400.0,16.4,B
2021-06-17T10:20:25,300.0,16.3,S
2021-06-17T10:20:24,4000.0,16.3,S
2021-06-17T10:20:15,3000.0,16.4,B
2021-06-17T10:19:52,500.0,16.3,S
2021-06-17T10:19:19,1000.0,16.3,S
2021-06-17T10:18:43,200.0,16.3,S
2021-06-17T10:17:50,300.0,16.3,S
2021-06-17T10:16:52,1400.0,16.3,S
2021-06-17T10:16:07,2000.0,16.3,S
2021-06-17T10:15:04,3000.0,16.3,S
2021-06-17T10:14:22,1100.0,16.3,S
2021-06-17T10:14:19,200.0,16.3,S
2021-06-17T10:13:52,7000.0,16.25,S
2021-06-17T10:13:38,200.0,16.35,B
2021-06-17T10:13:38,1700.0,16.35,B
2021-06-17T10:13:38,28500.0,16.35,B
2021-06-17T10:13:37,4500.0,16.3,B
2021-06-17T10:13:36,800.0,16.3,B
2021-06-17T10:13:36,200.0,16.3,B
2021-06-17T10:13:24,1000.0,16.3,B
2021-06-17T10:13:14,500.0,16.3,B
2021-06-17T10:12:24,5000.0,16.3,B
2021-06-17T10:12:18,100.0,16.3,B
2021-06-17T10:12:07,400.0,16.3,S
2021-06-17T10:12:05,5000.0,16.3,S
2021-06-17T10:12:05,500.0,16.3,S
2021-06-17T10:11:59,1300.0,16.3,S
2021-06-17T10:11:39,2300.0,16.3,S
2021-06-17T10:11:38,1100.0,16.3,S
2021-06-17T10:11:38,100.0,16.3,S
2021-06-17T10:11:38,1100.0,16.3,S
2021-06-17T10:11:38,500.0,16.3,S
2021-06-17T10:11:38,10200.0,16.3,S
2021-06-17T10:11:38,300.0,16.3,S
2021-06-17T10:11:38,1500.0,16.3,S
2021-06-17T10:11:38,1300.0,16.3,S
2021-06-17T10:11:38,700.0,16.3,S
2021-06-17T10:11:38,200.0,16.3,S
2021-06-17T10:11:38,500.0,16.3,S
2021-06-17T10:11:38,200.0,16.3,S
2021-06-17T10:10:47,1000.0,16.3,S
2021-06-17T10:10:38,200.0,16.3,S
2021-06-17T10:10:31,2000.0,16.3,S
2021-06-17T10:08:51,2000.0,16.3,S
2021-06-17T10:08:48,100.0,16.35,B
2021-06-17T10:08:48,1700.0,16.3,S
2021-06-17T10:08:28,5000.0,16.35,B
2021-06-17T10:08:24,100.0,16.35,B
2021-06-17T10:06:40,5000.0,16.35,B
2021-06-17T10:06:40,100.0,16.35,B
2021-06-17T10:06:34,500.0,16.35,S
2021-06-17T10:06:30,500.0,16.35,S
2021-06-17T10:04:45,10000.0,16.35,S
2021-06-17T10:04:21,800.0,16.4,B
2021-06-17T10:04:13,200.0,16.4,S
2021-06-17T10:03:51,200.0,16.35,S
2021-06-17T10:03:21,100.0,16.35,S
2021-06-17T10:02:39,600.0,16.35,S
2021-06-17T10:02:39,5600.0,16.35,S
2021-06-17T10:02:39,1000.0,16.35,S
2021-06-17T10:02:39,1500.0,16.4,S
2021-06-17T10:02:39,1300.0,16.4,S
2021-06-17T10:01:57,1300.0,16.45,B
2021-06-17T10:01:27,200.0,16.45,B
2021-06-17T10:01:11,100.0,16.4,S
2021-06-17T09:59:46,2800.0,16.4,B
2021-06-17T09:59:46,2200.0,16.4,B
2021-06-17T09:59:40,100.0,16.35,S
2021-06-17T09:59:08,2300.0,16.35,S
2021-06-17T09:58:02,700.0,16.35,B
2021-06-17T09:58:00,2700.0,16.35,B
2021-06-17T09:57:52,500.0,16.35,B
2021-06-17T09:57:42,600.0,16.35,B
2021-06-17T09:57:28,200.0,16.35,B
2021-06-17T09:56:57,2000.0,16.35,B
2021-06-17T09:56:54,200.0,16.3,S
2021-06-17T09:56:19,100.0,16.35,B
2021-06-17T09:54:42,100.0,16.3,S
2021-06-17T09:54:34,500.0,16.35,B
2021-06-17T09:54:30,500.0,16.3,S
2021-06-17T09:53:54,700.0,16.35,B
2021-06-17T09:53:32,100.0,16.35,B
2021-06-17T09:53:29,700.0,16.35,B
2021-06-17T09:53:24,800.0,16.35,B
2021-06-17T09:52:57,1300.0,16.35,B
2021-06-17T09:52:35,200.0,16.35,B
2021-06-17T09:52:33,100.0,16.3,S
2021-06-17T09:52:33,2700.0,16.3,S
2021-06-17T09:52:33,1200.0,16.3,S
2021-06-17T09:52:31,300.0,16.3,S
2021-06-17T09:52:01,200.0,16.3,S
2021-06-17T09:51:55,200.0,16.3,S
2021-06-17T09:51:29,1100.0,16.3,S
2021-06-17T09:51:29,1900.0,16.3,S
2021-06-17T09:50:36,500.0,16.3,S
2021-06-17T09:49:30,500.0,16.35,S
2021-06-17T09:49:19,100.0,16.35,S
2021-06-17T09:49:06,1000.0,16.35,S
2021-06-17T09:48:53,900.0,16.35,B
2021-06-17T09:48:34,500.0,16.35,B
2021-06-17T09:46:52,100.0,16.4,B
2021-06-17T09:46:42,200.0,16.4,B
2021-06-17T09:44:00,4600.0,16.4,S
2021-06-17T09:43:50,1000.0,16.4,S
2021-06-17T09:42:52,500.0,16.4,S
2021-06-17T09:42:37,200.0,16.4,S
2021-06-17T09:41:53,200.0,16.45,S
2021-06-17T09:40:09,4000.0,16.4,S
2021-06-17T09:39:57,3000.0,16.4,S
2021-06-17T09:39:48,10000.0,16.5,B
2021-06-17T09:39:24,3200.0,16.3,S
2021-06-17T09:39:24,1800.0,16.4,S
2021-06-17T09:38:33,200.0,16.4,S
2021-06-17T09:37:57,5000.0,16.5,B
2021-06-17T09:37:49,500.0,16.4,B
2021-06-17T09:36:34,1500.0,16.4,B
2021-06-17T09:36:32,1000.0,16.4,B
2021-06-17T09:36:30,100.0,16.4,B
2021-06-17T09:36:19,1000.0,16.4,B
2021-06-17T09:35:38,500.0,16.4,B
2021-06-17T09:35:38,5000.0,16.4,B
2021-06-17T09:35:19,5000.0,16.35,B
2021-06-17T09:35:17,1000.0,16.35,B
2021-06-17T09:35:13,3500.0,16.3,S
2021-06-17T09:35:08,1000.0,16.3,S
2021-06-17T09:34:21,1000.0,16.35,B
2021-06-17T09:34:17,1100.0,16.3,S
2021-06-17T09:34:17,200.0,16.3,S
2021-06-17T09:34:17,3700.0,16.3,S
2021-06-17T09:34:12,200.0,16.3,S
2021-06-17T09:33:50,300.0,16.3,S
2021-06-17T09:33:41,1000.0,16.35,B
2021-06-17T09:33:31,600.0,16.3,S
2021-06-17T09:33:31,500.0,16.3,S
2021-06-17T09:33:31,500.0,16.3,S
2021-06-17T09:33:31,1400.0,16.3,S
2021-06-17T09:32:14,2000.0,16.3,S
2021-06-17T09:32:11,3000.0,16.4,B
2021-06-17T09:32:07,1000.0,16.35,B
2021-06-17T09:31:17,100.0,16.35,B
2021-06-17T09:31:03,100.0,16.3,S
2021-06-17T09:30:58,100.0,16.3,S
2021-06-17T09:30:35,500.0,16.3,S
2021-06-17T09:30:35,4000.0,16.3,S
2021-06-17T09:30:30,100.0,16.35,B
2021-06-17T09:30:17,100.0,16.35,B
2021-06-17T09:30:10,500.0,16.35,B
2021-06-17T09:29:51,100.0,16.35,B
2021-06-17T09:28:55,600.0,16.35,B
2021-06-17T09:28:33,200.0,16.3,B
2021-06-17T09:28:25,1000.0,16.3,B
2021-06-17T09:28:16,300.0,16.3,B
2021-06-17T09:27:39,17000.0,16.3,B
2021-06-17T09:27:37,100.0,16.2,S
2021-06-17T09:27:23,300.0,16.2,S
2021-06-17T09:27:20,2800.0,16.2,S
2021-06-17T09:27:07,500.0,16.25,S
2021-06-17T09:27:07,1700.0,16.2,S
2021-06-17T09:27:07,400.0,16.2,S
2021-06-17T09:26:47,100.0,16.25,S
2021-06-17T09:26:38,200.0,16.3,B
2021-06-17T09:26:25,100.0,16.3,B
2021-06-17T09:26:21,500.0,16.3,B
2021-06-17T09:26:08,700.0,16.25,S
2021-06-17T09:26:08,1700.0,16.25,S
2021-06-17T09:26:08,300.0,16.25,S
2021-06-17T09:26:06,200.0,16.25,S
2021-06-17T09:26:01,300.0,16.3,B
2021-06-17T09:25:22,2000.0,16.3,B
2021-06-17T09:24:56,100.0,16.25,S
2021-06-17T09:24:51,100.0,16.3,B
2021-06-17T09:24:29,2500.0,16.25,S
2021-06-17T09:24:27,800.0,16.3,B
2021-06-17T09:23:53,200.0,16.3,B
2021-06-17T09:23:31,100.0,16.3,B
2021-06-17T09:23:23,500.0,16.3,S
2021-06-17T09:23:20,100.0,16.25,S
2021-06-17T09:23:10,3000.0,16.25,S
2021-06-17T09:21:25,600.0,16.25,S
2021-06-17T09:20:34,4900.0,16.1,S
2021-06-17T09:20:34,2500.0,16.1,S
2021-06-17T09:20:34,10300.0,16.1,S
2021-06-17T09:20:34,37300.0,16.1,S
2021-06-17T09:20:18,3400.0,16.15,S
2021-06-17T09:20:18,2000.0,16.15,S
2021-06-17T09:20:18,4000.0,16.15,S
2021-06-17T09:20:18,200.0,16.15,S
2021-06-17T09:20:18,900.0,16.15,S
2021-06-17T09:20:18,400.0,16.15,S
2021-06-17T09:20:18,300.0,16.2,S
2021-06-17T09:20:18,1100.0,16.2,S
2021-06-17T09:20:18,27700.0,16.2,S
2021-06-17T09:20:18,100.0,16.2,S
2021-06-17T09:20:18,2100.0,16.2,S
2021-06-17T09:20:18,1200.0,16.2,S
2021-06-17T09:20:18,6600.0,16.2,S
2021-06-17T09:20:10,100.0,16.3,S
2021-06-17T09:20:04,200.0,16.3,S
2021-06-17T09:20:04,300.0,16.3,S
2021-06-17T09:19:02,200.0,16.3,S
2021-06-17T09:18:39,500.0,16.25,S
2021-06-17T09:17:35,100.0,16.2,S
2021-06-17T09:16:42,2000.0,16.15,S
2021-06-17T09:16:28,100.0,16.15,S
