tradingTime,volume,price,side
2021-06-17T14:29:49,200.0,13.7,B
2021-06-17T14:29:38,500.0,13.7,B
2021-06-17T14:29:21,3000.0,13.65,S
2021-06-17T14:29:09,200.0,13.7,B
2021-06-17T14:28:27,1000.0,13.7,B
2021-06-17T14:28:16,3000.0,13.7,B
2021-06-17T14:27:40,1100.0,13.7,B
2021-06-17T14:26:50,100.0,13.7,B
2021-06-17T14:26:50,900.0,13.7,B
2021-06-17T14:26:28,300.0,13.65,S
2021-06-17T14:26:14,10000.0,13.7,B
2021-06-17T14:25:48,100.0,13.65,S
2021-06-17T14:25:43,2500.0,13.7,B
2021-06-17T14:24:56,1000.0,13.65,B
2021-06-17T14:24:39,5000.0,13.7,B
2021-06-17T14:24:30,3000.0,13.65,B
2021-06-17T14:24:25,100.0,13.6,S
2021-06-17T14:24:25,6900.0,13.6,S
2021-06-17T14:24:19,5700.0,13.65,B
2021-06-17T14:24:12,21400.0,13.6,S
2021-06-17T14:23:56,36000.0,13.6,S
2021-06-17T14:23:56,5500.0,13.6,S
2021-06-17T14:23:22,100.0,13.65,B
2021-06-17T14:23:01,2000.0,13.65,B
2021-06-17T14:22:46,500.0,13.65,B
2021-06-17T14:22:33,300.0,13.65,B
2021-06-17T14:22:00,1000.0,13.6,S
2021-06-17T14:21:45,5000.0,13.65,B
2021-06-17T14:21:43,500.0,13.65,B
2021-06-17T14:21:39,5000.0,13.65,B
2021-06-17T14:21:32,200.0,13.65,B
2021-06-17T14:21:31,1000.0,13.65,B
2021-06-17T14:21:20,1000.0,13.65,B
2021-06-17T14:21:06,200.0,13.65,B
2021-06-17T14:20:53,5000.0,13.65,B
2021-06-17T14:19:41,100.0,13.65,B
2021-06-17T14:19:35,500.0,13.65,B
2021-06-17T14:19:27,500.0,13.65,B
2021-06-17T14:19:21,1000.0,13.65,S
2021-06-17T14:19:18,400.0,13.65,S
2021-06-17T14:18:53,300.0,13.65,S
2021-06-17T14:18:14,200.0,13.7,B
2021-06-17T14:17:56,2000.0,13.7,B
2021-06-17T14:17:46,7000.0,13.7,B
2021-06-17T14:17:36,3000.0,13.7,B
2021-06-17T14:15:13,30000.0,13.7,B
2021-06-17T14:15:12,2200.0,13.65,S
2021-06-17T14:15:06,100.0,13.65,S
2021-06-17T14:14:48,100.0,13.7,B
2021-06-17T14:14:35,3700.0,13.7,B
2021-06-17T14:14:29,2700.0,13.7,S
2021-06-17T14:14:28,300.0,13.7,S
2021-06-17T14:14:28,600.0,13.7,S
2021-06-17T14:14:28,4100.0,13.7,S
2021-06-17T14:14:22,300.0,13.7,S
2021-06-17T14:13:48,7900.0,13.75,S
2021-06-17T14:13:29,5000.0,13.75,S
2021-06-17T14:13:13,3000.0,13.75,S
2021-06-17T14:13:13,1000.0,13.75,S
2021-06-17T14:13:08,5000.0,13.8,B
2021-06-17T14:12:22,4600.0,13.8,B
2021-06-17T14:11:42,5000.0,13.75,S
2021-06-17T14:11:11,100.0,13.8,B
2021-06-17T14:10:38,1200.0,13.8,S
2021-06-17T14:09:39,1000.0,13.9,B
2021-06-17T14:09:23,500.0,13.75,S
2021-06-17T14:09:05,500.0,13.9,B
2021-06-17T14:08:40,10000.0,13.9,B
2021-06-17T14:08:30,3600.0,13.8,B
2021-06-17T14:08:30,2700.0,13.8,B
2021-06-17T14:08:15,800.0,13.8,B
2021-06-17T14:07:40,1000.0,13.8,B
2021-06-17T14:07:36,200.0,13.8,B
2021-06-17T14:06:37,5000.0,13.8,B
2021-06-17T14:06:37,10200.0,13.75,S
2021-06-17T14:06:08,300.0,13.75,B
2021-06-17T14:06:07,2000.0,13.75,B
2021-06-17T14:06:04,3000.0,13.75,B
2021-06-17T14:05:45,2000.0,13.75,S
2021-06-17T14:05:43,100.0,13.75,S
2021-06-17T14:05:34,300.0,13.75,S
2021-06-17T14:05:05,700.0,13.75,B
2021-06-17T14:04:31,2000.0,13.75,B
2021-06-17T14:04:19,2000.0,13.75,B
2021-06-17T14:04:17,14800.0,13.75,B
2021-06-17T14:03:58,2400.0,13.7,B
2021-06-17T14:03:52,200.0,13.7,B
2021-06-17T14:03:36,1500.0,13.7,B
2021-06-17T14:03:21,700.0,13.7,B
2021-06-17T14:03:20,1200.0,13.7,B
2021-06-17T14:02:48,500.0,13.65,B
2021-06-17T14:02:39,800.0,13.65,B
2021-06-17T14:02:36,700.0,13.65,B
2021-06-17T14:02:33,5000.0,13.65,B
2021-06-17T14:02:21,800.0,13.65,B
2021-06-17T14:02:17,500.0,13.65,B
2021-06-17T14:02:14,500.0,13.65,B
2021-06-17T14:02:08,1400.0,13.65,B
2021-06-17T14:02:07,1000.0,13.65,B
2021-06-17T14:01:21,26000.0,13.6,B
2021-06-17T14:00:10,1500.0,13.5,S
2021-06-17T13:59:57,5000.0,13.5,S
2021-06-17T13:59:46,6000.0,13.5,S
2021-06-17T13:59:41,200.0,13.55,B
2021-06-17T13:59:18,23800.0,13.5,B
2021-06-17T13:59:12,2000.0,13.4,B
2021-06-17T13:59:11,3600.0,13.4,B
2021-06-17T13:59:06,400.0,13.4,S
2021-06-17T13:59:06,3200.0,13.4,S
2021-06-17T13:58:43,5000.0,13.5,B
2021-06-17T13:58:38,500.0,13.5,B
2021-06-17T13:58:33,200.0,13.5,B
2021-06-17T13:58:26,1100.0,13.4,S
2021-06-17T13:58:22,1000.0,13.5,B
2021-06-17T13:58:20,900.0,13.5,B
2021-06-17T13:58:15,1500.0,13.4,S
2021-06-17T13:58:09,100.0,13.5,B
2021-06-17T13:57:49,400.0,13.4,B
2021-06-17T13:57:40,4900.0,13.3,S
2021-06-17T13:57:40,100.0,13.35,S
2021-06-17T13:57:40,5000.0,13.4,B
2021-06-17T13:57:27,1500.0,13.4,B
2021-06-17T13:57:23,5500.0,13.4,B
2021-06-17T13:57:17,500.0,13.4,B
2021-06-17T13:57:16,900.0,13.4,B
2021-06-17T13:57:06,100.0,13.4,B
2021-06-17T13:57:00,5000.0,13.4,B
2021-06-17T13:56:55,3000.0,13.4,B
2021-06-17T13:56:55,1000.0,13.4,B
2021-06-17T13:56:49,1000.0,13.4,B
2021-06-17T13:56:25,7700.0,13.3,B
2021-06-17T13:56:25,1000.0,13.3,B
2021-06-17T13:56:21,2000.0,13.3,B
2021-06-17T13:56:20,2000.0,13.3,B
2021-06-17T13:56:19,1000.0,13.3,B
2021-06-17T13:56:09,2000.0,13.3,B
2021-06-17T13:56:07,3000.0,13.3,B
2021-06-17T13:56:02,1000.0,13.3,B
2021-06-17T13:56:02,1000.0,13.3,B
2021-06-17T13:56:01,1000.0,13.3,B
2021-06-17T13:55:59,1500.0,13.3,B
2021-06-17T13:55:52,5000.0,13.3,B
2021-06-17T13:55:46,600.0,13.3,B
2021-06-17T13:55:45,400.0,13.3,B
2021-06-17T13:55:39,400.0,13.3,B
2021-06-17T13:55:37,1300.0,13.3,B
2021-06-17T13:55:35,3000.0,13.3,B
2021-06-17T13:55:23,200.0,13.3,B
2021-06-17T13:55:22,1000.0,13.3,B
2021-06-17T13:55:20,100.0,13.3,B
2021-06-17T13:55:17,4000.0,13.3,B
2021-06-17T13:55:16,300.0,13.3,B
2021-06-17T13:55:10,1000.0,13.3,B
2021-06-17T13:54:59,200.0,13.3,B
2021-06-17T13:54:55,1000.0,13.3,B
2021-06-17T13:54:54,1000.0,13.3,B
2021-06-17T13:54:50,1300.0,13.3,B
2021-06-17T13:54:46,7200.0,13.3,B
2021-06-17T13:53:55,100.0,13.3,B
2021-06-17T13:53:51,1000.0,13.3,B
2021-06-17T13:53:30,3000.0,13.25,S
2021-06-17T13:53:30,2000.0,13.25,S
2021-06-17T13:53:06,3000.0,13.25,S
2021-06-17T13:52:46,27500.0,13.25,B
2021-06-17T13:52:21,900.0,13.2,B
2021-06-17T13:52:07,100.0,13.2,B
2021-06-17T13:51:59,600.0,13.2,B
2021-06-17T13:51:43,100.0,13.2,B
2021-06-17T13:51:43,4000.0,13.2,B
2021-06-17T13:51:43,100.0,13.2,B
2021-06-17T13:51:38,1000.0,13.2,S
2021-06-17T13:51:32,200.0,13.2,S
2021-06-17T13:51:31,300.0,13.25,B
2021-06-17T13:51:25,200.0,13.25,B
2021-06-17T13:51:08,2000.0,13.25,B
2021-06-17T13:51:05,200.0,13.2,B
2021-06-17T13:51:03,200.0,13.2,B
2021-06-17T13:51:01,2000.0,13.2,B
2021-06-17T13:50:34,2000.0,13.3,B
2021-06-17T13:50:26,5300.0,13.3,B
2021-06-17T13:50:22,100.0,13.05,S
2021-06-17T13:49:36,100.0,13.0,B
2021-06-17T13:49:30,5000.0,13.0,B
2021-06-17T13:49:26,10000.0,13.0,B
2021-06-17T13:49:24,1000.0,13.0,B
2021-06-17T13:49:23,400.0,13.0,B
2021-06-17T13:49:21,500.0,13.0,B
2021-06-17T13:49:16,2000.0,13.0,B
2021-06-17T13:49:11,3000.0,13.0,B
2021-06-17T13:49:09,100.0,13.0,B
2021-06-17T13:49:06,20000.0,13.0,B
2021-06-17T13:49:03,100.0,13.0,B
2021-06-17T13:49:02,100.0,13.0,B
2021-06-17T13:48:58,1000.0,13.0,B
2021-06-17T13:48:57,400.0,13.0,B
2021-06-17T13:48:38,3200.0,13.0,B
2021-06-17T13:48:32,1000.0,13.0,B
2021-06-17T13:48:30,1500.0,12.9,S
2021-06-17T13:48:22,500.0,13.0,B
2021-06-17T13:48:19,100.0,13.0,B
2021-06-17T13:48:18,600.0,13.0,B
2021-06-17T13:48:04,200.0,13.0,B
2021-06-17T13:47:56,1000.0,13.0,B
2021-06-17T13:47:54,100.0,13.0,B
2021-06-17T13:47:47,2000.0,12.9,S
2021-06-17T13:47:42,1400.0,13.0,B
2021-06-17T13:47:30,200.0,13.0,B
2021-06-17T13:47:21,300.0,13.0,B
2021-06-17T13:47:09,200.0,13.0,B
2021-06-17T13:47:01,300.0,13.0,S
2021-06-17T13:46:56,500.0,13.0,S
2021-06-17T13:46:56,200.0,13.0,S
2021-06-17T13:46:52,1000.0,13.0,S
2021-06-17T13:46:52,200.0,13.0,S
2021-06-17T13:46:52,400.0,13.0,S
2021-06-17T13:46:52,12500.0,13.0,S
2021-06-17T13:46:52,33200.0,13.0,S
2021-06-17T13:46:52,300.0,13.0,S
2021-06-17T13:46:52,4000.0,13.0,S
2021-06-17T13:46:52,1700.0,13.0,S
2021-06-17T13:46:52,200.0,13.0,S
2021-06-17T13:46:52,600.0,13.0,S
2021-06-17T13:46:52,81300.0,13.1,S
2021-06-17T13:46:51,100.0,13.2,B
2021-06-17T13:46:42,100000.0,13.15,S
2021-06-17T13:46:41,5000.0,13.15,S
2021-06-17T13:46:37,1000.0,13.2,B
2021-06-17T13:46:37,100.0,13.2,B
2021-06-17T13:46:28,3600.0,13.2,S
2021-06-17T13:46:27,100.0,13.3,B
2021-06-17T13:46:14,1200.0,13.2,S
2021-06-17T13:46:14,800.0,13.2,S
2021-06-17T13:46:01,10000.0,13.3,B
2021-06-17T13:46:01,2000.0,13.3,B
2021-06-17T13:46:00,5000.0,13.3,B
2021-06-17T13:45:57,3200.0,13.3,S
2021-06-17T13:45:57,200.0,13.3,S
2021-06-17T13:45:57,30700.0,13.3,S
2021-06-17T13:45:23,7000.0,13.3,S
2021-06-17T13:45:16,5000.0,13.3,S
2021-06-17T13:45:11,1000.0,13.4,B
2021-06-17T13:45:02,2000.0,13.3,S
2021-06-17T13:45:01,2000.0,13.35,S
2021-06-17T13:44:56,600.0,13.4,B
2021-06-17T13:44:54,3000.0,13.4,B
2021-06-17T13:44:50,100.0,13.4,B
2021-06-17T13:44:49,200.0,13.4,B
2021-06-17T13:44:45,30000.0,13.4,B
2021-06-17T13:44:41,200.0,13.4,S
2021-06-17T13:44:39,30200.0,13.4,S
2021-06-17T13:44:35,11200.0,13.5,B
2021-06-17T13:44:19,16700.0,13.4,S
2021-06-17T13:44:10,1000.0,13.4,S
2021-06-17T13:44:02,1000.0,13.5,B
2021-06-17T13:43:53,2000.0,13.5,B
2021-06-17T13:43:53,200.0,13.5,B
2021-06-17T13:43:50,5000.0,13.5,B
2021-06-17T13:43:48,7000.0,13.5,B
2021-06-17T13:43:48,1100.0,13.5,B
2021-06-17T13:43:35,5000.0,13.5,S
2021-06-17T13:43:34,1500.0,13.5,S
2021-06-17T13:43:25,2000.0,13.6,B
2021-06-17T13:43:23,2900.0,13.5,S
2021-06-17T13:42:54,900.0,13.6,B
2021-06-17T13:42:53,1100.0,13.6,B
2021-06-17T13:42:52,1000.0,13.6,B
2021-06-17T13:42:42,1900.0,13.6,B
2021-06-17T13:42:39,100.0,13.6,B
2021-06-17T13:42:34,2000.0,13.6,S
2021-06-17T13:42:34,300.0,13.6,S
2021-06-17T13:42:34,5700.0,13.6,S
2021-06-17T13:42:21,3000.0,13.65,B
2021-06-17T13:42:04,1700.0,13.65,S
2021-06-17T13:41:54,10000.0,13.65,S
2021-06-17T13:41:37,2000.0,13.7,B
2021-06-17T13:41:34,1000.0,13.7,B
2021-06-17T13:41:32,5300.0,13.65,B
2021-06-17T13:41:27,100.0,13.6,S
2021-06-17T13:41:13,100.0,13.7,B
2021-06-17T13:41:00,20000.0,13.7,B
2021-06-17T13:40:59,400.0,13.65,S
2021-06-17T13:40:58,200.0,13.7,B
2021-06-17T13:40:58,1000.0,13.7,B
2021-06-17T13:40:55,100.0,13.7,B
2021-06-17T13:40:32,1300.0,13.7,S
2021-06-17T13:40:32,400.0,13.7,S
2021-06-17T13:40:32,8400.0,13.7,S
2021-06-17T13:40:32,2000.0,13.7,S
2021-06-17T13:40:32,500.0,13.7,S
2021-06-17T13:40:32,5500.0,13.7,S
2021-06-17T13:40:29,1300.0,13.7,S
2021-06-17T13:40:24,500.0,13.75,B
2021-06-17T13:40:23,200.0,13.75,B
2021-06-17T13:40:13,6900.0,13.7,S
2021-06-17T13:40:13,100.0,13.7,S
2021-06-17T13:40:10,1000.0,13.75,B
2021-06-17T13:39:17,400.0,13.75,S
2021-06-17T13:39:17,500.0,13.75,S
2021-06-17T13:39:17,4100.0,13.75,S
2021-06-17T13:39:17,300.0,13.75,S
2021-06-17T13:39:17,2000.0,13.75,S
2021-06-17T13:39:17,22000.0,13.75,S
2021-06-17T13:39:08,100.0,13.8,B
2021-06-17T13:39:01,3000.0,13.75,S
2021-06-17T13:38:55,800.0,13.8,S
2021-06-17T13:38:55,2300.0,13.8,S
2021-06-17T13:38:55,9000.0,13.8,S
2021-06-17T13:38:55,400.0,13.8,S
2021-06-17T13:38:54,200.0,13.8,S
2021-06-17T13:38:54,6000.0,13.8,S
2021-06-17T13:38:54,1200.0,13.8,S
2021-06-17T13:38:54,4300.0,13.8,S
2021-06-17T13:38:54,300.0,13.8,S
2021-06-17T13:38:42,3000.0,13.85,S
2021-06-17T13:38:30,8500.0,13.8,S
2021-06-17T13:38:30,1700.0,13.85,S
2021-06-17T13:38:30,10000.0,13.85,S
2021-06-17T13:38:29,19800.0,13.85,S
2021-06-17T13:38:10,10000.0,13.9,B
2021-06-17T13:37:46,10000.0,13.85,S
2021-06-17T13:37:18,5200.0,13.85,S
2021-06-17T13:37:18,4400.0,13.85,S
2021-06-17T13:37:18,400.0,13.85,S
2021-06-17T13:33:32,5000.0,13.9,B
2021-06-17T13:33:06,10000.0,13.9,B
2021-06-17T13:32:58,1000.0,13.9,B
2021-06-17T13:32:21,1400.0,13.9,S
2021-06-17T13:32:21,1200.0,13.9,S
2021-06-17T13:32:20,21300.0,13.9,S
2021-06-17T13:32:12,500.0,13.9,S
2021-06-17T13:31:35,300.0,13.9,S
2021-06-17T13:31:18,600.0,13.95,B
2021-06-17T13:31:12,5000.0,13.95,B
2021-06-17T13:30:37,3200.0,13.95,S
2021-06-17T13:30:21,17300.0,13.95,B
2021-06-17T13:29:19,16200.0,13.95,S
2021-06-17T13:29:09,400.0,14.0,B
2021-06-17T13:28:32,1000.0,14.0,S
2021-06-17T13:28:30,1500.0,14.0,S
2021-06-17T13:28:25,1000.0,14.0,S
2021-06-17T13:27:45,4700.0,14.0,S
2021-06-17T13:26:34,20000.0,14.05,B
2021-06-17T13:25:42,200.0,14.05,B
2021-06-17T13:25:23,10000.0,14.05,B
2021-06-17T13:24:34,100.0,14.05,S
2021-06-17T13:23:39,500.0,14.05,S
2021-06-17T13:23:28,1000.0,14.05,S
2021-06-17T13:23:00,500.0,14.05,S
2021-06-17T13:22:24,500.0,14.05,S
2021-06-17T13:22:19,100.0,14.05,S
2021-06-17T13:22:17,500.0,14.05,S
2021-06-17T13:21:09,5000.0,14.1,B
2021-06-17T13:21:02,5000.0,14.1,B
2021-06-17T13:20:56,500.0,14.1,B
2021-06-17T13:20:47,10000.0,14.1,B
2021-06-17T13:19:55,500.0,14.1,B
2021-06-17T13:19:01,8300.0,14.05,B
2021-06-17T13:18:46,1000.0,14.05,B
2021-06-17T13:18:37,1000.0,14.05,B
2021-06-17T13:18:16,100.0,14.05,B
2021-06-17T13:18:05,3000.0,14.0,S
2021-06-17T13:17:35,700.0,14.05,B
2021-06-17T13:17:32,500.0,14.05,B
2021-06-17T13:16:57,20000.0,14.05,B
2021-06-17T13:16:45,10000.0,14.05,B
2021-06-17T13:16:31,10000.0,14.05,B
2021-06-17T13:15:50,1000.0,14.05,B
2021-06-17T13:15:39,900.0,14.0,B
2021-06-17T13:15:24,13200.0,14.0,B
2021-06-17T13:15:06,6000.0,14.0,B
2021-06-17T13:14:25,9100.0,14.0,S
2021-06-17T13:14:23,300.0,14.0,S
2021-06-17T13:11:59,12800.0,14.0,B
2021-06-17T13:11:29,300.0,14.0,B
2021-06-17T13:11:05,1000.0,14.0,S
2021-06-17T13:10:57,100.0,14.0,S
2021-06-17T13:10:48,500.0,14.0,S
2021-06-17T13:10:40,400.0,14.0,S
2021-06-17T13:09:53,10000.0,14.0,S
2021-06-17T13:09:26,1000.0,14.05,B
2021-06-17T13:09:15,500.0,14.05,B
2021-06-17T13:09:08,200.0,14.05,B
2021-06-17T13:09:02,1000.0,14.0,S
2021-06-17T13:08:58,100.0,14.05,B
2021-06-17T13:08:14,3000.0,14.0,S
2021-06-17T13:07:34,100.0,14.0,B
2021-06-17T13:07:34,13600.0,14.0,B
2021-06-17T13:06:53,500.0,14.0,B
2021-06-17T13:06:43,500.0,14.0,B
2021-06-17T13:06:26,2000.0,14.0,B
2021-06-17T13:06:13,800.0,14.0,B
2021-06-17T13:06:13,1200.0,14.0,B
2021-06-17T13:06:06,1000.0,14.0,B
2021-06-17T13:05:57,100.0,14.0,B
2021-06-17T13:05:44,100.0,14.0,B
2021-06-17T13:05:36,100.0,14.0,B
2021-06-17T13:05:04,3200.0,14.0,B
2021-06-17T13:04:01,2000.0,14.0,B
2021-06-17T13:03:58,6000.0,14.0,B
2021-06-17T13:02:52,100.0,14.0,B
2021-06-17T13:00:32,200.0,14.0,B
2021-06-17T13:00:31,4200.0,14.0,B
2021-06-17T13:00:28,200.0,14.0,B
2021-06-17T13:00:25,600.0,14.0,B
2021-06-17T13:00:25,200.0,13.95,S
2021-06-17T11:30:07,400.0,14.0,B
2021-06-17T11:28:21,400.0,14.0,B
2021-06-17T11:27:36,2900.0,14.0,B
2021-06-17T11:27:36,1000.0,14.0,B
2021-06-17T11:27:35,6100.0,14.0,B
2021-06-17T11:26:58,100.0,13.95,S
2021-06-17T11:23:15,100.0,13.95,B
2021-06-17T11:23:13,6000.0,13.95,B
2021-06-17T11:21:26,10000.0,13.95,B
2021-06-17T11:21:14,100.0,13.9,S
2021-06-17T11:21:09,2000.0,13.95,B
2021-06-17T11:21:09,500.0,13.95,B
2021-06-17T11:21:00,200.0,13.95,B
2021-06-17T11:20:54,400.0,13.95,B
2021-06-17T11:20:54,4600.0,13.95,B
2021-06-17T11:20:40,2000.0,13.95,B
2021-06-17T11:20:31,1000.0,13.95,B
2021-06-17T11:17:09,5300.0,13.9,B
2021-06-17T11:17:09,900.0,13.9,B
2021-06-17T11:16:07,100.0,13.85,S
2021-06-17T11:16:07,4900.0,13.85,S
2021-06-17T11:14:53,200.0,13.9,B
2021-06-17T11:12:22,100.0,13.85,B
2021-06-17T11:12:18,100.0,13.85,B
2021-06-17T11:12:17,400.0,13.85,B
2021-06-17T11:11:47,900.0,13.85,S
2021-06-17T11:11:19,1000.0,13.85,S
2021-06-17T11:10:45,400.0,13.85,S
2021-06-17T11:10:21,1900.0,13.85,B
2021-06-17T11:10:17,12300.0,13.85,B
2021-06-17T11:09:35,10000.0,13.85,B
2021-06-17T11:08:49,10000.0,13.85,B
2021-06-17T11:08:36,1000.0,13.85,B
2021-06-17T11:08:27,100.0,13.85,B
2021-06-17T11:07:59,500.0,13.85,B
2021-06-17T11:07:49,29300.0,13.85,S
2021-06-17T11:07:24,100.0,13.9,B
2021-06-17T11:07:12,1000.0,13.9,B
2021-06-17T11:06:18,1000.0,13.9,B
2021-06-17T11:05:59,1000.0,13.9,B
2021-06-17T11:05:04,1500.0,13.9,B
2021-06-17T11:04:57,1000.0,13.9,B
2021-06-17T11:04:08,1000.0,13.9,B
2021-06-17T11:04:01,10000.0,13.9,B
2021-06-17T11:03:43,1000.0,13.9,B
2021-06-17T11:02:53,5000.0,13.9,B
2021-06-17T11:02:47,3000.0,13.9,B
2021-06-17T11:02:13,3200.0,13.9,B
2021-06-17T11:02:03,6800.0,13.9,B
2021-06-17T11:01:33,1000.0,13.9,B
2021-06-17T11:01:23,1300.0,13.9,S
2021-06-17T11:01:23,3500.0,13.9,S
2021-06-17T11:01:23,20400.0,13.9,S
2021-06-17T11:01:23,1800.0,13.9,S
2021-06-17T11:01:22,5200.0,13.9,S
2021-06-17T11:01:14,30000.0,13.9,S
2021-06-17T11:00:30,100.0,13.95,B
2021-06-17T11:00:13,200.0,13.95,B
2021-06-17T10:59:48,100.0,13.95,B
2021-06-17T10:58:14,3400.0,13.95,B
2021-06-17T10:58:14,5000.0,13.95,B
2021-06-17T10:58:14,1600.0,13.95,B
2021-06-17T10:56:20,100.0,13.95,B
2021-06-17T10:55:02,2000.0,13.95,B
2021-06-17T10:54:16,3100.0,13.95,B
2021-06-17T10:53:53,200.0,13.95,B
2021-06-17T10:53:43,700.0,13.95,B
2021-06-17T10:53:20,100.0,13.95,B
2021-06-17T10:52:13,10000.0,13.95,B
2021-06-17T10:51:57,1000.0,13.95,B
2021-06-17T10:50:06,27000.0,13.95,S
2021-06-17T10:49:49,300.0,13.95,S
2021-06-17T10:48:39,1000.0,14.0,B
2021-06-17T10:46:53,200.0,14.0,B
2021-06-17T10:46:37,2700.0,14.0,S
2021-06-17T10:46:37,3000.0,14.0,S
2021-06-17T10:46:37,2000.0,14.0,S
2021-06-17T10:46:32,500.0,14.0,S
2021-06-17T10:46:31,100.0,14.0,S
2021-06-17T10:46:17,500.0,14.0,S
2021-06-17T10:45:59,1000.0,14.0,S
2021-06-17T10:45:48,900.0,14.0,S
2021-06-17T10:45:48,600.0,14.0,S
2021-06-17T10:45:47,500.0,14.0,S
2021-06-17T10:44:43,900.0,14.0,S
2021-06-17T10:44:25,100.0,14.0,S
2021-06-17T10:44:19,2000.0,14.0,S
2021-06-17T10:43:36,100.0,14.05,B
2021-06-17T10:43:28,3000.0,14.0,S
2021-06-17T10:43:06,300.0,14.0,S
2021-06-17T10:42:54,1400.0,14.05,B
2021-06-17T10:42:54,600.0,14.05,B
2021-06-17T10:42:49,2000.0,14.05,B
2021-06-17T10:42:30,400.0,14.05,B
2021-06-17T10:42:30,500.0,14.05,B
2021-06-17T10:42:05,2000.0,14.05,B
2021-06-17T10:42:03,300.0,14.05,B
2021-06-17T10:41:33,8300.0,14.05,S
2021-06-17T10:41:00,1400.0,14.05,B
2021-06-17T10:40:51,2200.0,14.05,B
2021-06-17T10:40:41,2500.0,14.05,B
2021-06-17T10:40:35,500.0,14.05,B
2021-06-17T10:40:26,5800.0,14.05,B
2021-06-17T10:40:25,12000.0,14.05,B
2021-06-17T10:40:06,600.0,14.05,B
2021-06-17T10:39:42,800.0,14.05,B
2021-06-17T10:39:34,3000.0,14.05,B
2021-06-17T10:39:30,7000.0,14.05,B
2021-06-17T10:39:10,300.0,14.05,B
2021-06-17T10:38:50,1700.0,14.05,B
2021-06-17T10:38:26,1000.0,14.05,B
2021-06-17T10:37:33,5700.0,14.05,B
2021-06-17T10:37:04,300.0,14.05,B
2021-06-17T10:37:04,11100.0,14.05,B
2021-06-17T10:36:55,3900.0,14.05,B
2021-06-17T10:36:54,2800.0,14.05,B
2021-06-17T10:35:29,10000.0,14.05,B
2021-06-17T10:35:24,10000.0,14.05,B
2021-06-17T10:34:32,200.0,14.05,B
2021-06-17T10:34:02,600.0,14.05,B
2021-06-17T10:33:31,100.0,14.0,S
2021-06-17T10:33:11,1000.0,14.05,B
2021-06-17T10:32:19,300.0,14.05,B
2021-06-17T10:31:55,100.0,14.0,S
2021-06-17T10:31:52,2300.0,14.0,S
2021-06-17T10:31:03,1200.0,14.0,S
2021-06-17T10:30:31,8800.0,14.0,S
2021-06-17T10:29:09,1000.0,14.0,B
2021-06-17T10:29:07,1000.0,14.0,B
2021-06-17T10:28:41,1000.0,14.0,B
2021-06-17T10:28:41,1000.0,14.0,B
2021-06-17T10:28:40,9800.0,14.0,B
2021-06-17T10:28:21,200.0,14.0,B
2021-06-17T10:27:43,200.0,14.0,B
2021-06-17T10:27:19,35000.0,13.95,S
2021-06-17T10:26:47,500.0,14.0,B
2021-06-17T10:26:28,300.0,14.0,B
2021-06-17T10:25:44,300.0,14.0,B
2021-06-17T10:25:18,1200.0,14.0,B
2021-06-17T10:25:11,9700.0,14.0,B
2021-06-17T10:25:11,300.0,14.0,B
2021-06-17T10:25:06,500.0,14.0,B
2021-06-17T10:24:38,200.0,14.0,B
2021-06-17T10:24:35,1000.0,14.0,B
2021-06-17T10:24:04,500.0,14.0,B
2021-06-17T10:23:41,1600.0,14.0,B
2021-06-17T10:23:32,7000.0,14.0,B
2021-06-17T10:23:26,7000.0,14.0,B
2021-06-17T10:22:42,1000.0,14.0,B
2021-06-17T10:22:41,400.0,13.9,S
2021-06-17T10:20:35,4500.0,13.9,B
2021-06-17T10:20:32,600.0,13.9,B
2021-06-17T10:20:12,100.0,13.9,B
2021-06-17T10:19:56,1000.0,13.9,B
2021-06-17T10:19:56,500.0,13.9,B
2021-06-17T10:19:09,200.0,13.9,B
2021-06-17T10:18:50,100.0,13.9,S
2021-06-17T10:18:49,300.0,13.9,S
2021-06-17T10:18:49,8100.0,13.9,S
2021-06-17T10:18:49,1000.0,13.95,S
2021-06-17T10:18:03,2000.0,14.0,B
2021-06-17T10:18:03,3000.0,14.0,B
2021-06-17T10:18:02,200.0,13.95,B
2021-06-17T10:17:52,33000.0,13.95,S
2021-06-17T10:17:45,100.0,14.0,B
2021-06-17T10:17:35,1000.0,14.0,B
2021-06-17T10:17:10,100.0,14.0,B
2021-06-17T10:16:05,3000.0,14.0,B
2021-06-17T10:15:37,19600.0,14.0,S
2021-06-17T10:15:08,2500.0,14.0,S
2021-06-17T10:15:08,200.0,14.0,S
2021-06-17T10:15:08,15100.0,14.0,S
2021-06-17T10:15:08,2200.0,14.0,S
2021-06-17T10:14:52,100.0,14.05,S
2021-06-17T10:14:22,900.0,14.05,B
2021-06-17T10:13:41,1000.0,14.05,S
2021-06-17T10:12:46,5000.0,14.0,S
2021-06-17T10:12:44,2000.0,14.05,S
2021-06-17T10:11:58,4500.0,14.0,S
2021-06-17T10:11:55,7100.0,14.05,B
2021-06-17T10:11:31,200.0,14.05,B
2021-06-17T10:11:28,500.0,14.05,B
2021-06-17T10:11:13,9000.0,14.05,S
2021-06-17T10:11:13,34600.0,14.05,S
2021-06-17T10:11:10,1000.0,14.1,B
2021-06-17T10:10:35,300.0,14.1,B
2021-06-17T10:10:24,2000.0,14.1,B
2021-06-17T10:10:04,1000.0,14.1,B
2021-06-17T10:10:03,7500.0,14.1,B
2021-06-17T10:10:03,2500.0,14.1,B
2021-06-17T10:09:28,5200.0,14.1,B
2021-06-17T10:08:48,500.0,14.1,S
2021-06-17T10:08:48,2100.0,14.1,S
2021-06-17T10:08:48,4700.0,14.1,S
2021-06-17T10:08:44,300.0,14.15,B
2021-06-17T10:07:09,100.0,14.15,B
2021-06-17T10:06:53,300.0,14.15,B
2021-06-17T10:06:38,100.0,14.15,S
2021-06-17T10:06:34,100.0,14.15,S
2021-06-17T10:06:34,15900.0,14.15,S
2021-06-17T10:06:34,1000.0,14.15,S
2021-06-17T10:06:34,100.0,14.2,B
2021-06-17T10:06:30,5000.0,14.2,B
2021-06-17T10:05:39,400.0,14.2,B
2021-06-17T10:05:39,1000.0,14.2,B
2021-06-17T10:05:39,1200.0,14.2,B
2021-06-17T10:05:25,300.0,14.2,B
2021-06-17T10:05:22,1200.0,14.15,S
2021-06-17T10:05:20,100.0,14.15,S
2021-06-17T10:05:17,100.0,14.15,S
2021-06-17T10:05:07,9900.0,14.15,B
2021-06-17T10:05:07,8200.0,14.15,B
2021-06-17T10:04:46,400.0,14.15,B
2021-06-17T10:04:38,500.0,14.15,B
2021-06-17T10:04:33,700.0,14.1,S
2021-06-17T10:04:05,1500.0,14.15,B
2021-06-17T10:03:52,1300.0,14.15,B
2021-06-17T10:03:24,1100.0,14.15,S
2021-06-17T10:03:24,7500.0,14.15,S
2021-06-17T10:03:13,100.0,14.2,B
2021-06-17T10:02:50,100.0,14.2,B
2021-06-17T10:02:36,200.0,14.2,B
2021-06-17T10:02:36,5200.0,14.2,B
2021-06-17T10:02:36,300.0,14.2,B
2021-06-17T10:02:25,9300.0,14.15,S
2021-06-17T10:02:01,900.0,14.15,S
2021-06-17T10:01:45,100.0,14.15,S
2021-06-17T10:01:35,4200.0,14.15,B
2021-06-17T10:01:29,700.0,14.15,B
2021-06-17T10:01:11,300.0,14.15,B
2021-06-17T10:01:06,1000.0,14.15,B
2021-06-17T10:01:02,100.0,14.15,B
2021-06-17T10:00:57,300.0,14.15,B
2021-06-17T10:00:43,20000.0,14.15,B
2021-06-17T10:00:18,1000.0,14.1,S
2021-06-17T09:59:13,400.0,14.1,B
2021-06-17T09:59:11,100.0,14.1,B
2021-06-17T09:58:50,9200.0,14.1,B
2021-06-17T09:58:50,1100.0,14.1,B
2021-06-17T09:58:50,19700.0,14.1,B
2021-06-17T09:58:28,11800.0,14.1,B
2021-06-17T09:58:25,7000.0,14.1,B
2021-06-17T09:58:19,6000.0,14.1,B
2021-06-17T09:58:14,1500.0,14.1,B
2021-06-17T09:58:13,7000.0,14.1,B
2021-06-17T09:58:02,600.0,14.1,B
2021-06-17T09:57:55,5000.0,14.1,B
2021-06-17T09:57:47,5000.0,14.1,B
2021-06-17T09:57:00,9500.0,14.05,B
2021-06-17T09:56:53,2400.0,14.05,B
2021-06-17T09:56:50,10000.0,14.05,B
2021-06-17T09:56:25,2200.0,14.05,B
2021-06-17T09:56:10,1000.0,14.05,B
2021-06-17T09:56:08,100.0,14.05,B
2021-06-17T09:55:47,500.0,14.05,B
2021-06-17T09:54:45,3300.0,14.0,B
2021-06-17T09:54:45,11100.0,14.0,B
2021-06-17T09:54:41,1000.0,14.0,B
2021-06-17T09:54:37,14100.0,14.0,B
2021-06-17T09:53:46,5000.0,14.0,B
2021-06-17T09:53:30,1600.0,13.95,B
2021-06-17T09:53:27,7800.0,13.95,B
2021-06-17T09:53:23,2000.0,13.95,B
2021-06-17T09:53:10,5000.0,13.95,B
2021-06-17T09:53:10,2000.0,13.95,B
2021-06-17T09:53:05,1000.0,13.9,S
2021-06-17T09:52:05,2100.0,13.9,B
2021-06-17T09:52:04,2000.0,13.8,S
2021-06-17T09:51:55,2000.0,13.8,S
2021-06-17T09:51:13,2000.0,13.8,S
2021-06-17T09:50:51,100.0,13.8,S
2021-06-17T09:50:51,10000.0,13.8,S
2021-06-17T09:50:45,500.0,13.8,S
2021-06-17T09:49:57,1000.0,13.8,B
2021-06-17T09:49:43,5000.0,13.9,B
2021-06-17T09:49:34,500.0,13.8,B
2021-06-17T09:49:33,100.0,13.8,B
2021-06-17T09:49:26,5000.0,13.8,B
2021-06-17T09:49:23,100.0,13.8,B
2021-06-17T09:49:23,100.0,13.8,B
2021-06-17T09:49:22,900.0,13.8,S
2021-06-17T09:49:16,1000.0,13.8,S
2021-06-17T09:49:09,400.0,13.8,S
2021-06-17T09:49:07,200.0,13.8,S
2021-06-17T09:49:07,1900.0,13.8,S
2021-06-17T09:49:07,2000.0,13.8,S
2021-06-17T09:48:46,5000.0,13.8,S
2021-06-17T09:48:39,1000.0,13.8,S
2021-06-17T09:48:34,5000.0,13.95,B
2021-06-17T09:48:34,600.0,13.9,B
2021-06-17T09:48:12,1000.0,13.9,B
2021-06-17T09:48:07,1000.0,13.9,B
2021-06-17T09:48:00,4600.0,13.8,S
2021-06-17T09:48:00,700.0,13.8,S
2021-06-17T09:47:59,4700.0,13.8,S
2021-06-17T09:47:58,1000.0,13.8,S
2021-06-17T09:47:56,1400.0,13.8,S
2021-06-17T09:47:56,1500.0,13.8,S
2021-06-17T09:47:56,100.0,13.8,S
2021-06-17T09:47:34,35000.0,13.8,S
2021-06-17T09:47:32,100.0,13.9,S
2021-06-17T09:47:26,5000.0,13.8,S
2021-06-17T09:47:23,10000.0,13.9,S
2021-06-17T09:47:23,15000.0,13.8,S
2021-06-17T09:47:23,2000.0,13.9,S
2021-06-17T09:47:23,4700.0,13.9,S
2021-06-17T09:47:23,1100.0,13.9,S
2021-06-17T09:47:23,1200.0,13.9,S
2021-06-17T09:47:23,1000.0,13.9,S
2021-06-17T09:47:23,6200.0,13.9,S
2021-06-17T09:46:58,4400.0,13.9,S
2021-06-17T09:46:58,200.0,13.95,B
2021-06-17T09:46:41,500.0,13.95,B
2021-06-17T09:46:14,300.0,13.95,S
2021-06-17T09:46:10,500.0,13.95,S
2021-06-17T09:46:10,100.0,13.95,S
2021-06-17T09:46:04,30500.0,13.9,S
2021-06-17T09:45:48,6700.0,13.95,S
2021-06-17T09:45:46,100.0,14.0,S
2021-06-17T09:45:35,200.0,14.0,S
2021-06-17T09:45:23,1000.0,14.0,S
2021-06-17T09:45:21,2300.0,14.0,S
2021-06-17T09:45:06,2000.0,14.0,S
2021-06-17T09:45:05,20000.0,13.95,S
2021-06-17T09:44:58,100.0,14.0,S
2021-06-17T09:44:52,1000.0,14.0,S
2021-06-17T09:44:51,600.0,14.0,S
2021-06-17T09:44:48,7700.0,13.95,S
2021-06-17T09:44:47,1000.0,14.0,S
2021-06-17T09:44:40,2000.0,14.0,S
2021-06-17T09:44:38,16000.0,13.95,S
2021-06-17T09:44:38,2500.0,13.95,S
2021-06-17T09:44:38,1800.0,13.95,S
2021-06-17T09:44:38,9700.0,14.0,S
2021-06-17T09:44:05,200.0,14.0,S
2021-06-17T09:44:05,32700.0,14.0,S
2021-06-17T09:44:04,6300.0,14.0,S
2021-06-17T09:44:04,10800.0,14.0,S
2021-06-17T09:43:48,5000.0,14.05,S
2021-06-17T09:43:48,1000.0,14.0,S
2021-06-17T09:43:44,2100.0,14.05,S
2021-06-17T09:43:37,500.0,14.1,S
2021-06-17T09:43:37,2000.0,14.1,S
2021-06-17T09:43:27,12700.0,14.05,S
2021-06-17T09:43:25,100.0,14.1,S
2021-06-17T09:43:25,1000.0,14.1,S
2021-06-17T09:43:24,12100.0,14.1,S
2021-06-17T09:43:22,600.0,14.1,S
2021-06-17T09:43:08,2000.0,14.1,S
2021-06-17T09:43:06,100.0,14.1,S
2021-06-17T09:43:06,7000.0,14.1,S
2021-06-17T09:43:02,100.0,14.15,S
2021-06-17T09:43:02,200.0,14.15,S
2021-06-17T09:42:56,2900.0,14.1,S
2021-06-17T09:42:56,2000.0,14.1,S
2021-06-17T09:42:56,10600.0,14.1,S
2021-06-17T09:42:56,6500.0,14.1,S
2021-06-17T09:42:56,15000.0,14.1,S
2021-06-17T09:42:56,6000.0,14.1,S
2021-06-17T09:42:56,7000.0,14.1,S
2021-06-17T09:42:48,100.0,14.15,S
2021-06-17T09:42:45,2200.0,14.15,S
2021-06-17T09:42:44,14000.0,14.15,S
2021-06-17T09:42:25,300.0,14.25,B
2021-06-17T09:42:20,1000.0,14.25,B
2021-06-17T09:42:15,10000.0,14.25,B
2021-06-17T09:42:11,6500.0,14.25,B
2021-06-17T09:42:06,200.0,14.25,B
2021-06-17T09:42:00,50000.0,14.25,B
2021-06-17T09:41:49,20700.0,14.25,B
2021-06-17T09:41:49,200.0,14.15,S
2021-06-17T09:41:48,5000.0,14.15,S
2021-06-17T09:41:48,38200.0,14.15,S
2021-06-17T09:41:48,500.0,14.2,S
2021-06-17T09:41:43,500.0,14.2,S
2021-06-17T09:41:32,1000.0,14.2,S
2021-06-17T09:41:28,1000.0,14.2,S
2021-06-17T09:41:27,3700.0,14.2,S
2021-06-17T09:41:26,27600.0,14.2,S
2021-06-17T09:41:21,1000.0,14.3,B
2021-06-17T09:41:14,500.0,14.3,B
2021-06-17T09:41:14,28900.0,14.2,S
2021-06-17T09:41:14,1100.0,14.25,B
2021-06-17T09:41:12,500.0,14.25,B
2021-06-17T09:41:11,2000.0,14.3,B
2021-06-17T09:41:10,400.0,14.25,B
2021-06-17T09:41:06,5000.0,14.25,B
2021-06-17T09:41:03,16700.0,14.25,B
2021-06-17T09:40:56,500.0,14.3,B
2021-06-17T09:40:38,200.0,14.25,B
2021-06-17T09:40:29,300.0,14.3,B
2021-06-17T09:40:29,200.0,14.25,B
2021-06-17T09:40:14,5000.0,14.25,B
2021-06-17T09:40:05,100.0,14.25,B
2021-06-17T09:40:03,100.0,14.3,B
2021-06-17T09:40:01,1000.0,14.3,B
2021-06-17T09:40:01,800.0,14.3,B
2021-06-17T09:39:55,100.0,14.25,B
2021-06-17T09:39:53,10000.0,14.3,B
2021-06-17T09:39:48,20000.0,14.3,B
2021-06-17T09:39:36,600.0,14.25,B
2021-06-17T09:39:34,9900.0,14.25,B
2021-06-17T09:39:07,500.0,14.25,B
2021-06-17T09:39:07,17400.0,14.25,B
2021-06-17T09:38:56,5000.0,14.2,S
2021-06-17T09:38:42,300.0,14.2,S
2021-06-17T09:38:39,100.0,14.2,S
2021-06-17T09:38:37,1300.0,14.25,B
2021-06-17T09:38:35,600.0,14.2,S
2021-06-17T09:38:15,800.0,14.2,S
2021-06-17T09:38:15,42300.0,14.2,S
2021-06-17T09:38:15,10900.0,14.2,S
2021-06-17T09:38:15,100.0,14.15,S
2021-06-17T09:38:02,100.0,14.15,B
2021-06-17T09:38:00,10000.0,14.2,B
2021-06-17T09:37:58,6700.0,14.15,B
2021-06-17T09:37:51,20000.0,14.2,B
2021-06-17T09:37:44,2400.0,14.15,B
2021-06-17T09:37:31,4600.0,14.15,B
2021-06-17T09:37:22,1000.0,14.2,B
2021-06-17T09:37:15,10000.0,14.2,B
2021-06-17T09:37:07,10000.0,14.2,B
2021-06-17T09:36:40,100.0,14.15,B
2021-06-17T09:36:34,10000.0,14.15,B
2021-06-17T09:36:30,100.0,14.15,B
2021-06-17T09:36:04,100.0,14.15,B
2021-06-17T09:35:51,10400.0,14.15,B
2021-06-17T09:35:35,300.0,14.1,S
2021-06-17T09:35:34,8300.0,14.1,S
2021-06-17T09:35:34,1400.0,14.1,S
2021-06-17T09:35:32,900.0,14.15,B
2021-06-17T09:35:09,1900.0,14.15,B
2021-06-17T09:35:08,5000.0,14.15,B
2021-06-17T09:35:06,2000.0,14.15,B
2021-06-17T09:35:05,200.0,14.15,B
2021-06-17T09:34:57,10000.0,14.15,B
2021-06-17T09:34:48,200.0,14.15,B
2021-06-17T09:34:47,100.0,14.15,B
2021-06-17T09:34:46,300.0,14.15,B
2021-06-17T09:34:45,700.0,14.15,B
2021-06-17T09:34:43,100.0,14.15,B
2021-06-17T09:34:41,500.0,14.15,B
2021-06-17T09:34:39,100.0,14.15,B
2021-06-17T09:34:37,1000.0,14.15,B
2021-06-17T09:34:37,200.0,14.15,B
2021-06-17T09:34:32,100.0,14.15,B
2021-06-17T09:34:26,1000.0,14.15,B
2021-06-17T09:34:21,600.0,14.15,B
2021-06-17T09:34:19,2000.0,14.15,B
2021-06-17T09:34:10,20000.0,14.15,B
2021-06-17T09:34:08,200.0,14.15,B
2021-06-17T09:34:00,1600.0,14.15,B
2021-06-17T09:33:42,500.0,14.15,B
2021-06-17T09:33:34,400.0,14.15,B
2021-06-17T09:33:28,200.0,14.15,B
2021-06-17T09:33:25,1000.0,14.15,B
2021-06-17T09:33:25,1100.0,14.15,B
2021-06-17T09:33:24,1900.0,14.15,B
2021-06-17T09:32:51,200.0,14.15,B
2021-06-17T09:32:50,300.0,14.15,B
2021-06-17T09:32:48,1000.0,14.15,B
2021-06-17T09:32:47,200.0,14.15,B
2021-06-17T09:32:43,3000.0,14.15,B
2021-06-17T09:32:35,1000.0,14.15,B
2021-06-17T09:32:31,1500.0,14.15,B
2021-06-17T09:32:22,1000.0,14.15,B
2021-06-17T09:32:16,1000.0,14.15,B
2021-06-17T09:32:02,500.0,14.1,S
2021-06-17T09:32:00,10000.0,14.15,B
2021-06-17T09:31:56,10000.0,14.15,B
2021-06-17T09:31:41,1000.0,14.1,S
2021-06-17T09:31:27,10000.0,14.15,B
2021-06-17T09:30:51,3100.0,14.1,B
2021-06-17T09:30:13,100.0,14.1,B
2021-06-17T09:30:08,10000.0,14.1,B
2021-06-17T09:30:05,500.0,14.15,B
2021-06-17T09:29:56,500.0,14.1,B
2021-06-17T09:29:29,100.0,14.1,B
2021-06-17T09:29:29,31300.0,14.1,B
2021-06-17T09:29:10,800.0,14.1,B
2021-06-17T09:28:58,1000.0,14.1,B
2021-06-17T09:28:56,500.0,14.1,B
2021-06-17T09:28:55,3000.0,14.1,B
2021-06-17T09:28:54,500.0,14.1,B
2021-06-17T09:28:53,700.0,14.1,B
2021-06-17T09:28:52,200.0,14.05,S
2021-06-17T09:28:42,1900.0,14.1,B
2021-06-17T09:28:36,1600.0,14.1,B
2021-06-17T09:28:31,200.0,14.1,B
2021-06-17T09:28:29,3000.0,14.1,B
2021-06-17T09:28:12,7000.0,14.1,B
2021-06-17T09:27:51,1000.0,14.1,S
2021-06-17T09:27:43,1600.0,14.1,S
2021-06-17T09:27:39,100.0,14.1,S
2021-06-17T09:27:38,7100.0,14.1,S
2021-06-17T09:27:37,300.0,14.15,B
2021-06-17T09:27:34,500.0,14.15,B
2021-06-17T09:27:09,200.0,14.15,B
2021-06-17T09:27:00,100.0,14.15,B
2021-06-17T09:26:40,200.0,14.1,S
2021-06-17T09:26:40,8300.0,14.1,S
2021-06-17T09:26:40,2500.0,14.1,S
2021-06-17T09:25:51,1100.0,14.1,B
2021-06-17T09:25:51,1400.0,14.1,B
2021-06-17T09:25:46,100.0,14.1,B
2021-06-17T09:25:32,500.0,14.1,B
2021-06-17T09:25:28,9100.0,14.0,S
2021-06-17T09:25:28,4000.0,14.0,S
2021-06-17T09:25:28,12100.0,14.0,S
2021-06-17T09:25:28,10800.0,14.05,S
2021-06-17T09:25:27,1000.0,14.05,S
2021-06-17T09:25:27,2100.0,14.05,S
2021-06-17T09:25:27,10900.0,14.1,B
2021-06-17T09:25:27,600.0,14.15,B
2021-06-17T09:25:25,7500.0,14.1,B
2021-06-17T09:25:19,100.0,14.1,B
2021-06-17T09:25:19,1000.0,14.1,B
2021-06-17T09:24:44,200.0,14.1,B
2021-06-17T09:24:25,300.0,14.1,B
2021-06-17T09:24:11,29500.0,14.15,B
2021-06-17T09:24:11,500.0,14.1,B
2021-06-17T09:23:53,200.0,14.1,B
2021-06-17T09:23:50,200.0,14.05,S
2021-06-17T09:23:45,1000.0,14.0,S
2021-06-17T09:23:30,4800.0,14.05,S
2021-06-17T09:23:27,1300.0,14.1,B
2021-06-17T09:23:27,4700.0,14.1,B
2021-06-17T09:23:20,7000.0,14.1,B
2021-06-17T09:23:16,500.0,14.1,B
2021-06-17T09:23:15,7000.0,14.1,B
2021-06-17T09:23:14,1000.0,14.1,B
2021-06-17T09:23:04,200.0,14.1,B
2021-06-17T09:23:03,400.0,14.1,B
2021-06-17T09:23:02,600.0,14.05,B
2021-06-17T09:22:46,1000.0,14.1,B
2021-06-17T09:22:45,1000.0,14.05,B
2021-06-17T09:22:45,5000.0,14.0,S
2021-06-17T09:22:44,100.0,14.0,S
2021-06-17T09:22:38,1000.0,14.05,B
2021-06-17T09:22:30,200.0,14.1,B
2021-06-17T09:22:20,100.0,14.1,B
2021-06-17T09:22:03,1000.0,14.0,S
2021-06-17T09:21:46,25000.0,14.1,B
2021-06-17T09:21:33,6700.0,14.0,S
2021-06-17T09:21:32,30000.0,14.1,B
2021-06-17T09:21:06,3800.0,14.0,S
2021-06-17T09:21:05,200.0,14.0,S
2021-06-17T09:21:04,100.0,14.0,S
2021-06-17T09:21:04,1000.0,14.0,S
2021-06-17T09:21:02,1000.0,14.0,S
2021-06-17T09:21:01,100.0,14.0,S
2021-06-17T09:21:00,800.0,14.0,S
2021-06-17T09:20:57,100.0,14.0,S
2021-06-17T09:20:46,100.0,14.0,S
2021-06-17T09:20:42,1000.0,14.0,S
2021-06-17T09:20:38,1100.0,14.0,S
2021-06-17T09:20:38,1600.0,14.0,S
2021-06-17T09:20:38,19100.0,14.0,S
2021-06-17T09:20:32,200.0,14.1,B
2021-06-17T09:20:32,5300.0,14.05,B
2021-06-17T09:20:30,1000.0,14.05,B
2021-06-17T09:20:24,400.0,14.05,B
2021-06-17T09:20:19,5100.0,14.0,S
2021-06-17T09:20:19,22500.0,14.0,S
2021-06-17T09:20:19,10000.0,14.0,S
2021-06-17T09:20:19,12400.0,14.0,S
2021-06-17T09:20:18,1000.0,14.05,B
2021-06-17T09:20:18,1000.0,14.05,B
2021-06-17T09:20:06,1000.0,14.0,S
2021-06-17T09:20:06,10000.0,14.05,B
2021-06-17T09:20:06,11600.0,14.0,S
2021-06-17T09:20:06,5000.0,14.0,S
2021-06-17T09:20:04,2600.0,14.0,B
2021-06-17T09:19:22,5300.0,14.0,B
2021-06-17T09:19:22,4700.0,14.0,B
2021-06-17T09:19:13,200.0,13.95,S
2021-06-17T09:19:12,5000.0,14.0,B
2021-06-17T09:19:11,50000.0,14.0,B
2021-06-17T09:19:06,500.0,13.95,S
2021-06-17T09:18:58,2000.0,14.0,B
2021-06-17T09:18:54,200.0,14.0,B
2021-06-17T09:18:46,2700.0,13.95,S
2021-06-17T09:18:39,2300.0,13.95,S
2021-06-17T09:18:31,1900.0,13.9,S
2021-06-17T09:18:31,3100.0,13.9,S
2021-06-17T09:18:31,14000.0,14.0,B
2021-06-17T09:18:28,1400.0,13.95,S
2021-06-17T09:18:25,600.0,13.95,S
2021-06-17T09:18:25,2200.0,13.95,S
2021-06-17T09:18:24,36000.0,13.95,S
2021-06-17T09:18:21,1000.0,14.0,B
2021-06-17T09:18:15,1000.0,14.0,B
2021-06-17T09:18:13,1500.0,14.0,B
2021-06-17T09:17:57,2000.0,14.0,B
2021-06-17T09:17:53,200.0,14.0,B
2021-06-17T09:17:53,500.0,14.0,B
2021-06-17T09:17:49,2000.0,14.0,B
2021-06-17T09:17:46,1000.0,14.0,B
2021-06-17T09:17:29,500.0,14.0,B
2021-06-17T09:17:21,500.0,14.0,B
2021-06-17T09:17:20,19500.0,13.95,B
2021-06-17T09:17:17,5000.0,13.95,B
2021-06-17T09:17:16,2400.0,13.9,B
2021-06-17T09:17:15,500.0,13.9,B
2021-06-17T09:17:07,5000.0,13.9,B
2021-06-17T09:17:03,1000.0,13.9,B
2021-06-17T09:17:02,200.0,13.9,B
2021-06-17T09:17:01,500.0,13.9,B
2021-06-17T09:16:52,5000.0,13.9,B
2021-06-17T09:16:50,200.0,13.9,B
2021-06-17T09:16:49,200.0,13.9,B
2021-06-17T09:16:48,100000.0,13.9,B
2021-06-17T09:16:46,500.0,13.9,B
2021-06-17T09:16:44,200.0,13.8,S
2021-06-17T09:16:42,200.0,13.9,B
2021-06-17T09:16:37,10000.0,13.9,B
2021-06-17T09:16:36,3000.0,13.9,B
2021-06-17T09:16:35,1000.0,13.9,B
2021-06-17T09:16:26,1000.0,13.9,B
2021-06-17T09:16:25,11200.0,13.9,B
2021-06-17T09:16:21,50000.0,13.9,B
2021-06-17T09:16:11,5000.0,13.8,B
2021-06-17T09:16:07,12400.0,13.8,B
2021-06-17T09:16:06,1000.0,13.8,B
2021-06-17T09:16:02,500.0,13.8,B
