tradingTime,volume,price,side
2021-06-17T14:52:39,300.0,17.5,B
2021-06-17T14:52:37,17800.0,17.5,B
2021-06-17T14:52:12,100.0,17.6,B
2021-06-17T14:50:59,2700.0,17.5,B
2021-06-17T14:50:59,5000.0,17.5,B
2021-06-17T14:50:34,5000.0,17.5,B
2021-06-17T14:50:24,100.0,17.5,B
2021-06-17T14:50:09,10000.0,17.5,B
2021-06-17T14:50:02,500.0,17.5,B
2021-06-17T14:49:54,100.0,17.5,B
2021-06-17T14:49:54,5100.0,17.5,B
2021-06-17T14:49:47,5000.0,17.5,B
2021-06-17T14:49:04,5000.0,17.5,B
2021-06-17T14:49:02,300.0,17.5,B
2021-06-17T14:48:19,400.0,17.5,B
2021-06-17T14:48:09,300.0,17.5,B
2021-06-17T14:47:59,100.0,17.5,B
2021-06-17T14:47:11,1100.0,17.5,S
2021-06-17T14:46:54,200.0,17.5,B
2021-06-17T14:46:54,400.0,17.5,B
2021-06-17T14:46:49,1000.0,17.5,B
2021-06-17T14:46:44,200.0,17.5,B
2021-06-17T14:46:44,3100.0,17.5,B
2021-06-17T14:46:39,200.0,17.5,B
2021-06-17T14:46:34,200.0,17.5,B
2021-06-17T14:46:19,20000.0,17.5,B
2021-06-17T14:45:34,500.0,17.5,B
2021-06-17T14:45:29,4000.0,17.5,B
2021-06-17T14:44:44,1000.0,17.5,B
2021-06-17T14:44:39,1500.0,17.5,B
2021-06-17T14:44:39,100.0,17.5,B
2021-06-17T14:44:24,200.0,17.5,B
2021-06-17T14:44:21,500.0,17.5,B
2021-06-17T14:44:14,300.0,17.5,B
2021-06-17T14:44:04,6600.0,17.5,S
2021-06-17T14:43:39,6600.0,17.5,B
2021-06-17T14:43:19,5000.0,17.5,B
2021-06-17T14:43:14,1000.0,17.5,B
2021-06-17T14:43:09,300.0,17.5,B
2021-06-17T14:43:09,10000.0,17.4,S
2021-06-17T14:42:53,200.0,17.5,B
2021-06-17T14:42:44,3500.0,17.5,B
2021-06-17T14:42:44,300.0,17.5,B
2021-06-17T14:42:44,1000.0,17.5,B
2021-06-17T14:42:44,200.0,17.5,B
2021-06-17T14:42:29,1000.0,17.5,B
2021-06-17T14:42:23,1000.0,17.5,B
2021-06-17T14:42:06,2000.0,17.5,B
2021-06-17T14:42:03,300.0,17.5,B
2021-06-17T14:41:39,900.0,17.5,B
2021-06-17T14:41:34,5000.0,17.5,B
2021-06-17T14:41:29,300.0,17.5,B
2021-06-17T14:41:29,11400.0,17.5,S
2021-06-17T14:41:04,1600.0,17.5,S
2021-06-17T14:40:59,3000.0,17.5,B
2021-06-17T14:40:54,200.0,17.4,S
2021-06-17T14:40:54,300.0,17.5,B
2021-06-17T14:40:39,200.0,17.5,B
2021-06-17T14:40:34,8000.0,17.5,B
2021-06-17T14:40:30,5000.0,17.5,B
2021-06-17T14:40:04,1000.0,17.5,B
2021-06-17T14:39:54,400.0,17.5,B
2021-06-17T14:39:49,5000.0,17.5,B
2021-06-17T14:39:44,1000.0,17.5,B
2021-06-17T14:39:39,300.0,17.5,B
2021-06-17T14:39:34,3000.0,17.5,B
2021-06-17T14:39:24,100.0,17.5,B
2021-06-17T14:39:14,12100.0,17.5,S
2021-06-17T14:39:04,1000.0,17.6,B
2021-06-17T14:38:19,1600.0,17.6,B
2021-06-17T14:37:54,1500.0,17.6,B
2021-06-17T14:37:19,1000.0,17.5,S
2021-06-17T14:37:04,20000.0,17.5,S
2021-06-17T14:36:39,5000.0,17.6,B
2021-06-17T14:35:34,10000.0,17.6,B
2021-06-17T14:35:09,5000.0,17.6,B
2021-06-17T14:33:44,2000.0,17.5,S
2021-06-17T14:32:44,200.0,17.5,S
2021-06-17T14:32:09,400.0,17.5,S
2021-06-17T14:30:09,100.0,17.5,S
2021-06-17T14:29:40,20000.0,17.5,S
2021-06-17T14:29:13,300.0,17.6,B
2021-06-17T14:28:52,600.0,17.6,B
2021-06-17T14:28:04,100.0,17.6,B
2021-06-17T14:27:59,1000.0,17.5,S
2021-06-17T14:27:45,100.0,17.6,B
2021-06-17T14:27:25,1700.0,17.6,B
2021-06-17T14:27:24,100.0,17.6,B
2021-06-17T14:26:54,400.0,17.5,S
2021-06-17T14:26:30,20000.0,17.5,S
2021-06-17T14:26:24,200.0,17.6,B
2021-06-17T14:26:03,200.0,17.6,B
2021-06-17T14:25:53,3000.0,17.5,S
2021-06-17T14:25:38,100.0,17.6,B
2021-06-17T14:25:18,200.0,17.6,B
2021-06-17T14:25:08,2000.0,17.6,B
2021-06-17T14:25:07,300.0,17.6,B
2021-06-17T14:25:06,30000.0,17.5,S
2021-06-17T14:25:03,1000.0,17.6,B
2021-06-17T14:24:52,100.0,17.6,B
2021-06-17T14:24:50,2500.0,17.6,B
2021-06-17T14:24:35,300.0,17.6,B
2021-06-17T14:24:30,600.0,17.6,B
2021-06-17T14:24:09,200.0,17.6,B
2021-06-17T14:23:59,700.0,17.6,B
2021-06-17T14:23:55,300.0,17.6,B
2021-06-17T14:23:53,500.0,17.6,B
2021-06-17T14:23:41,100.0,17.6,B
2021-06-17T14:23:38,9300.0,17.6,B
2021-06-17T14:23:22,900.0,17.6,B
2021-06-17T14:23:10,1000.0,17.6,B
2021-06-17T14:22:48,200.0,17.6,B
2021-06-17T14:22:40,100.0,17.6,B
2021-06-17T14:22:19,3000.0,17.6,B
2021-06-17T14:21:52,30000.0,17.5,S
2021-06-17T14:21:46,30000.0,17.5,S
2021-06-17T14:21:44,300.0,17.6,B
2021-06-17T14:21:38,14500.0,17.6,S
2021-06-17T14:21:37,500.0,17.7,B
2021-06-17T14:21:16,600.0,17.7,B
2021-06-17T14:20:50,2000.0,17.7,B
2021-06-17T14:20:44,3000.0,17.7,B
2021-06-17T14:20:36,100.0,17.7,B
2021-06-17T14:20:11,200.0,17.7,B
2021-06-17T14:19:52,100.0,17.7,B
2021-06-17T14:19:43,100.0,17.7,B
2021-06-17T14:19:35,2100.0,17.7,B
2021-06-17T14:19:04,1000.0,17.7,B
2021-06-17T14:19:02,2000.0,17.6,S
2021-06-17T14:18:45,5800.0,17.6,B
2021-06-17T14:18:41,200.0,17.6,B
2021-06-17T14:18:38,600.0,17.6,B
2021-06-17T14:18:36,1100.0,17.6,B
2021-06-17T14:18:36,1000.0,17.6,B
2021-06-17T14:18:24,1000.0,17.6,B
2021-06-17T14:18:20,800.0,17.6,B
2021-06-17T14:18:09,4200.0,17.6,B
2021-06-17T14:18:06,200.0,17.6,B
2021-06-17T14:18:02,15000.0,17.6,B
2021-06-17T14:18:01,20000.0,17.6,B
2021-06-17T14:17:52,7000.0,17.5,S
2021-06-17T14:17:50,1500.0,17.6,B
2021-06-17T14:17:49,2000.0,17.6,B
2021-06-17T14:17:43,2000.0,17.5,S
2021-06-17T14:17:33,200.0,17.6,B
2021-06-17T14:16:46,1000.0,17.6,B
2021-06-17T14:16:11,300.0,17.5,S
2021-06-17T14:15:46,100.0,17.6,B
2021-06-17T14:15:18,1000.0,17.6,B
2021-06-17T14:15:03,1700.0,17.5,S
2021-06-17T14:14:18,200.0,17.5,B
2021-06-17T14:14:01,7000.0,17.5,B
2021-06-17T14:13:55,1000.0,17.5,B
2021-06-17T14:13:41,4500.0,17.5,B
2021-06-17T14:13:29,200.0,17.5,B
2021-06-17T14:13:17,15000.0,17.5,B
2021-06-17T14:13:04,100.0,17.5,B
2021-06-17T14:12:49,300.0,17.5,B
2021-06-17T14:12:47,100.0,17.5,B
2021-06-17T14:12:38,5000.0,17.5,B
2021-06-17T14:12:26,4500.0,17.5,B
2021-06-17T14:12:23,32100.0,17.5,B
2021-06-17T14:11:23,100.0,17.5,S
2021-06-17T14:10:34,6900.0,17.5,S
2021-06-17T14:10:33,1900.0,17.5,B
2021-06-17T14:10:24,6000.0,17.5,B
2021-06-17T14:10:23,300.0,17.5,B
2021-06-17T14:09:58,1000.0,17.5,B
2021-06-17T14:09:55,300.0,17.5,B
2021-06-17T14:09:53,200.0,17.5,B
2021-06-17T14:09:52,100.0,17.5,B
2021-06-17T14:09:51,500.0,17.5,B
2021-06-17T14:09:44,3000.0,17.5,B
2021-06-17T14:09:37,10100.0,17.5,B
2021-06-17T14:09:12,10000.0,17.5,B
2021-06-17T14:09:09,1000.0,17.5,B
2021-06-17T14:09:04,1500.0,17.5,B
2021-06-17T14:09:02,1000.0,17.5,B
2021-06-17T14:08:36,5000.0,17.5,B
2021-06-17T14:08:35,600.0,17.5,B
2021-06-17T14:08:32,2000.0,17.5,B
2021-06-17T14:08:03,400.0,17.5,B
2021-06-17T14:08:01,4000.0,17.5,B
2021-06-17T14:07:51,1000.0,17.5,B
2021-06-17T14:07:21,20000.0,17.5,B
2021-06-17T14:07:19,15200.0,17.5,S
2021-06-17T14:06:08,2000.0,17.5,S
2021-06-17T14:05:39,4300.0,17.5,S
2021-06-17T14:05:33,2300.0,17.5,B
2021-06-17T14:05:26,3000.0,17.5,B
2021-06-17T14:05:25,300.0,17.5,B
2021-06-17T14:05:21,1000.0,17.5,B
2021-06-17T14:05:19,200.0,17.5,B
2021-06-17T14:05:03,1000.0,17.5,B
2021-06-17T14:04:59,1000.0,17.5,B
2021-06-17T14:04:57,1000.0,17.5,B
2021-06-17T14:04:42,1000.0,17.5,B
2021-06-17T14:04:36,200.0,17.5,B
2021-06-17T14:04:34,1000.0,17.5,B
2021-06-17T14:04:28,100.0,17.5,B
2021-06-17T14:04:13,2000.0,17.5,B
2021-06-17T14:04:08,100.0,17.5,B
2021-06-17T14:04:02,2000.0,17.5,B
2021-06-17T14:03:52,1500.0,17.5,B
2021-06-17T14:03:51,200.0,17.5,B
2021-06-17T14:03:47,6000.0,17.5,B
2021-06-17T14:03:44,1000.0,17.5,B
2021-06-17T14:03:36,1000.0,17.5,B
2021-06-17T14:03:28,500.0,17.5,B
2021-06-17T14:03:14,18800.0,17.5,S
2021-06-17T14:02:43,2000.0,17.5,S
2021-06-17T14:02:21,2000.0,17.5,S
2021-06-17T14:01:54,400.0,17.5,S
2021-06-17T14:01:50,4700.0,17.5,B
2021-06-17T14:01:39,100.0,17.5,B
2021-06-17T14:01:31,5000.0,17.5,B
2021-06-17T14:01:25,500.0,17.5,B
2021-06-17T14:01:24,200.0,17.5,B
2021-06-17T14:01:01,100.0,17.5,B
2021-06-17T14:00:52,1000.0,17.5,B
2021-06-17T14:00:28,2500.0,17.5,B
2021-06-17T14:00:25,200.0,17.5,B
2021-06-17T14:00:23,2000.0,17.5,B
2021-06-17T14:00:19,1500.0,17.5,B
2021-06-17T14:00:16,3000.0,17.5,B
2021-06-17T14:00:15,5000.0,17.5,B
2021-06-17T14:00:12,400.0,17.5,B
2021-06-17T14:00:12,200.0,17.5,B
2021-06-17T14:00:05,2000.0,17.5,B
2021-06-17T13:59:56,12500.0,17.5,S
2021-06-17T13:58:59,4000.0,17.5,B
2021-06-17T13:58:52,3600.0,17.5,B
2021-06-17T13:58:52,1000.0,17.5,B
2021-06-17T13:58:46,300.0,17.5,B
2021-06-17T13:58:42,1000.0,17.5,B
2021-06-17T13:58:32,100.0,17.5,B
2021-06-17T13:58:28,100.0,17.5,B
2021-06-17T13:58:23,1000.0,17.5,B
2021-06-17T13:58:22,10000.0,17.5,B
2021-06-17T13:58:20,1000.0,17.5,B
2021-06-17T13:58:12,18800.0,17.5,S
2021-06-17T13:57:51,100.0,17.5,B
2021-06-17T13:57:48,5000.0,17.5,B
2021-06-17T13:57:46,10000.0,17.5,B
2021-06-17T13:57:45,500.0,17.5,B
2021-06-17T13:57:38,500.0,17.5,B
2021-06-17T13:57:31,1000.0,17.5,B
2021-06-17T13:57:27,1200.0,17.5,B
2021-06-17T13:57:25,300.0,17.5,B
2021-06-17T13:57:09,700.0,17.5,B
2021-06-17T13:57:07,1200.0,17.5,B
2021-06-17T13:56:59,100.0,17.5,B
2021-06-17T13:56:58,500.0,17.5,B
2021-06-17T13:56:41,100.0,17.5,B
2021-06-17T13:56:20,100.0,17.5,B
2021-06-17T13:56:14,100.0,17.5,B
2021-06-17T13:56:05,200.0,17.5,B
2021-06-17T13:55:54,18400.0,17.5,S
2021-06-17T13:55:34,30000.0,17.5,S
2021-06-17T13:55:32,200.0,17.6,B
2021-06-17T13:55:30,30000.0,17.5,S
2021-06-17T13:55:17,300.0,17.6,B
2021-06-17T13:53:21,2100.0,17.5,S
2021-06-17T13:53:14,3000.0,17.5,S
2021-06-17T13:51:46,1000.0,17.5,S
2021-06-17T13:51:36,100.0,17.6,B
2021-06-17T13:51:09,400.0,17.6,B
2021-06-17T13:50:48,200.0,17.6,B
2021-06-17T13:50:41,100.0,17.6,B
2021-06-17T13:50:24,100.0,17.6,B
2021-06-17T13:50:18,1200.0,17.5,S
2021-06-17T13:50:11,6900.0,17.6,B
2021-06-17T13:49:03,100.0,17.6,B
2021-06-17T13:48:38,100.0,17.6,B
2021-06-17T13:48:28,100.0,17.5,S
2021-06-17T13:47:57,2000.0,17.5,S
2021-06-17T13:47:51,1400.0,17.5,B
2021-06-17T13:47:36,2000.0,17.5,B
2021-06-17T13:47:35,400.0,17.5,B
2021-06-17T13:47:33,15000.0,17.5,B
2021-06-17T13:47:17,100.0,17.5,B
2021-06-17T13:47:07,2200.0,17.5,B
2021-06-17T13:47:07,19900.0,17.5,S
2021-06-17T13:46:21,1000.0,17.6,B
2021-06-17T13:46:00,1500.0,17.6,B
2021-06-17T13:44:38,14000.0,17.6,B
2021-06-17T13:44:06,200.0,17.6,B
2021-06-17T13:43:32,1000.0,17.6,B
2021-06-17T13:42:44,1000.0,17.5,S
2021-06-17T13:41:53,100.0,17.5,S
2021-06-17T13:41:44,600.0,17.6,B
2021-06-17T13:41:39,200.0,17.5,S
2021-06-17T13:40:35,700.0,17.5,S
2021-06-17T13:40:27,6000.0,17.5,S
2021-06-17T13:39:55,11100.0,17.5,S
2021-06-17T13:39:52,2000.0,17.5,B
2021-06-17T13:39:45,2300.0,17.5,B
2021-06-17T13:39:36,200.0,17.5,B
2021-06-17T13:39:36,1000.0,17.5,B
2021-06-17T13:39:22,5000.0,17.5,B
2021-06-17T13:39:13,1000.0,17.5,B
2021-06-17T13:38:56,300.0,17.5,B
2021-06-17T13:38:10,100.0,17.5,B
2021-06-17T13:37:54,3000.0,17.5,B
2021-06-17T13:37:23,500.0,17.5,B
2021-06-17T13:37:05,3000.0,17.5,B
2021-06-17T13:36:37,300.0,17.5,B
2021-06-17T13:36:25,200.0,17.5,B
2021-06-17T13:36:22,1200.0,17.5,B
2021-06-17T13:35:13,500.0,17.5,B
2021-06-17T13:35:01,500.0,17.5,B
2021-06-17T13:34:50,5000.0,17.5,B
2021-06-17T13:34:38,500.0,17.5,B
2021-06-17T13:34:34,300.0,17.5,B
2021-06-17T13:33:06,1000.0,17.5,B
2021-06-17T13:32:32,500.0,17.5,B
2021-06-17T13:32:04,1000.0,17.5,B
2021-06-17T13:31:59,100.0,17.5,B
2021-06-17T13:31:32,100.0,17.5,B
2021-06-17T13:30:47,200.0,17.5,B
2021-06-17T13:30:43,300.0,17.5,B
2021-06-17T13:30:22,400.0,17.5,S
2021-06-17T13:29:59,400.0,17.5,B
2021-06-17T13:29:51,200.0,17.5,S
2021-06-17T13:29:25,2000.0,17.5,S
2021-06-17T13:29:14,10000.0,17.5,S
2021-06-17T13:28:58,4000.0,17.5,S
2021-06-17T13:27:41,500.0,17.6,B
2021-06-17T13:27:04,100.0,17.6,B
2021-06-17T13:27:02,100.0,17.5,S
2021-06-17T13:25:30,30000.0,17.5,S
2021-06-17T13:25:08,2800.0,17.6,B
2021-06-17T13:24:38,300.0,17.6,B
2021-06-17T13:24:24,50000.0,17.6,B
2021-06-17T13:24:22,100.0,17.5,S
2021-06-17T13:24:08,500.0,17.5,S
2021-06-17T13:22:44,10000.0,17.5,S
2021-06-17T13:22:39,5000.0,17.6,B
2021-06-17T13:22:26,30000.0,17.5,S
2021-06-17T13:22:20,20400.0,17.5,S
2021-06-17T13:21:03,100.0,17.6,B
2021-06-17T13:20:54,100.0,17.6,B
2021-06-17T13:20:36,100.0,17.6,B
2021-06-17T13:20:06,200.0,17.6,B
2021-06-17T13:19:29,10000.0,17.6,B
2021-06-17T13:19:18,500.0,17.6,B
2021-06-17T13:19:15,1200.0,17.6,B
2021-06-17T13:19:08,2000.0,17.6,B
2021-06-17T13:19:02,500.0,17.6,B
2021-06-17T13:18:52,5000.0,17.6,B
2021-06-17T13:18:45,1000.0,17.6,B
2021-06-17T13:18:37,7000.0,17.6,B
2021-06-17T13:18:20,800.0,17.6,B
2021-06-17T13:18:17,500.0,17.6,B
2021-06-17T13:18:05,100.0,17.6,B
2021-06-17T13:17:42,300.0,17.6,B
2021-06-17T13:17:24,3000.0,17.6,B
2021-06-17T13:17:23,1000.0,17.6,B
2021-06-17T13:17:13,300.0,17.6,B
2021-06-17T13:17:12,200.0,17.6,B
2021-06-17T13:16:56,400.0,17.6,B
2021-06-17T13:16:40,100.0,17.6,B
2021-06-17T13:16:37,1800.0,17.6,B
2021-06-17T13:16:13,700.0,17.6,B
2021-06-17T13:15:44,400.0,17.6,B
2021-06-17T13:15:15,100.0,17.6,B
2021-06-17T13:14:45,3000.0,17.6,B
2021-06-17T13:14:13,1500.0,17.5,S
2021-06-17T13:13:40,16900.0,17.6,S
2021-06-17T13:12:51,4300.0,17.6,B
2021-06-17T13:12:46,10000.0,17.6,B
2021-06-17T13:12:32,300.0,17.6,B
2021-06-17T13:12:27,3000.0,17.6,B
2021-06-17T13:12:11,400.0,17.6,B
2021-06-17T13:11:41,3000.0,17.6,B
2021-06-17T13:11:30,1500.0,17.6,B
2021-06-17T13:11:18,100.0,17.6,B
2021-06-17T13:11:06,2000.0,17.6,B
2021-06-17T13:09:58,400.0,17.6,B
2021-06-17T13:09:38,1500.0,17.6,B
2021-06-17T13:09:36,3000.0,17.6,B
2021-06-17T13:09:34,40000.0,17.5,S
2021-06-17T13:09:34,1000.0,17.6,B
2021-06-17T13:09:22,100.0,17.6,B
2021-06-17T13:09:12,2000.0,17.6,B
2021-06-17T13:08:49,1000.0,17.6,B
2021-06-17T13:08:47,4600.0,17.6,B
2021-06-17T13:08:39,800.0,17.6,B
2021-06-17T13:08:38,1600.0,17.6,B
2021-06-17T13:08:00,6000.0,17.6,B
2021-06-17T13:07:22,2000.0,17.6,B
2021-06-17T13:07:16,3000.0,17.6,B
2021-06-17T13:07:08,200.0,17.6,B
2021-06-17T13:07:07,3000.0,17.6,B
2021-06-17T13:07:05,3000.0,17.6,B
2021-06-17T13:07:00,2000.0,17.6,B
2021-06-17T13:06:38,2000.0,17.6,B
2021-06-17T13:06:09,100.0,17.5,S
2021-06-17T13:04:55,200.0,17.5,S
2021-06-17T13:04:19,40000.0,17.5,S
2021-06-17T13:04:12,2200.0,17.6,S
2021-06-17T13:04:10,200.0,17.6,S
2021-06-17T13:03:28,100.0,17.6,S
2021-06-17T13:03:17,30000.0,17.6,S
2021-06-17T13:02:27,600.0,17.6,S
2021-06-17T13:01:38,600.0,17.6,S
2021-06-17T13:01:27,4400.0,17.6,B
2021-06-17T13:01:23,3000.0,17.6,B
2021-06-17T13:01:20,200.0,17.6,B
2021-06-17T13:01:07,5000.0,17.6,B
2021-06-17T13:01:01,5000.0,17.6,B
2021-06-17T13:00:28,500.0,17.6,B
2021-06-17T13:00:23,500.0,17.6,B
2021-06-17T13:00:21,300.0,17.6,B
2021-06-17T13:00:19,500.0,17.6,B
2021-06-17T13:00:15,600.0,17.6,B
2021-06-17T13:00:15,1300.0,17.6,B
2021-06-17T11:30:03,5000.0,17.6,B
2021-06-17T11:29:59,1000.0,17.6,B
2021-06-17T11:28:42,4600.0,17.5,S
2021-06-17T11:28:02,5000.0,17.5,S
2021-06-17T11:27:25,1000.0,17.6,B
2021-06-17T11:27:02,1000.0,17.5,S
2021-06-17T11:26:28,5000.0,17.5,S
2021-06-17T11:26:16,6000.0,17.6,B
2021-06-17T11:26:04,20000.0,17.5,S
2021-06-17T11:25:48,1000.0,17.5,S
2021-06-17T11:25:45,5000.0,17.5,S
2021-06-17T11:25:40,100.0,17.6,B
2021-06-17T11:25:28,10000.0,17.5,S
2021-06-17T11:24:53,1500.0,17.6,B
2021-06-17T11:24:49,200.0,17.6,B
2021-06-17T11:24:29,100.0,17.6,B
2021-06-17T11:24:29,1000.0,17.6,B
2021-06-17T11:23:36,200.0,17.6,B
2021-06-17T11:23:30,500.0,17.6,B
2021-06-17T11:23:13,600.0,17.6,B
2021-06-17T11:23:02,100.0,17.6,B
2021-06-17T11:22:46,600.0,17.6,B
2021-06-17T11:21:57,1000.0,17.6,B
2021-06-17T11:21:55,1000.0,17.6,B
2021-06-17T11:21:47,1000.0,17.6,B
2021-06-17T11:21:35,2000.0,17.6,B
2021-06-17T11:21:28,5000.0,17.6,B
2021-06-17T11:21:05,12500.0,17.6,B
2021-06-17T11:20:26,1200.0,17.6,B
2021-06-17T11:20:20,1400.0,17.6,B
2021-06-17T11:20:00,700.0,17.6,B
2021-06-17T11:19:39,3200.0,17.6,B
2021-06-17T11:19:20,500.0,17.6,B
2021-06-17T11:18:20,200.0,17.6,B
2021-06-17T11:17:23,3500.0,17.5,B
2021-06-17T11:17:22,200.0,17.5,B
2021-06-17T11:17:13,100.0,17.5,B
2021-06-17T11:17:11,16200.0,17.5,S
2021-06-17T11:17:06,100.0,17.5,S
2021-06-17T11:15:08,30000.0,17.5,S
2021-06-17T11:14:26,30000.0,17.5,S
2021-06-17T11:13:44,1400.0,17.6,S
2021-06-17T11:13:44,100.0,17.6,S
2021-06-17T11:13:44,1000.0,17.6,S
2021-06-17T11:13:40,10000.0,17.6,S
2021-06-17T11:13:38,100.0,17.6,S
2021-06-17T11:13:36,100.0,17.6,S
2021-06-17T11:13:36,400.0,17.6,S
2021-06-17T11:13:29,100.0,17.6,S
2021-06-17T11:13:26,100.0,17.6,S
2021-06-17T11:13:26,1000.0,17.6,S
2021-06-17T11:12:21,20000.0,17.6,S
2021-06-17T11:12:12,100.0,17.7,B
2021-06-17T11:11:51,1000.0,17.7,B
2021-06-17T11:11:43,10000.0,17.7,B
2021-06-17T11:11:19,300.0,17.7,B
2021-06-17T11:11:15,100.0,17.7,B
2021-06-17T11:11:02,4000.0,17.7,B
2021-06-17T11:11:01,100.0,17.7,B
2021-06-17T11:10:32,400.0,17.7,B
2021-06-17T11:10:01,1000.0,17.7,B
2021-06-17T11:09:37,500.0,17.6,S
2021-06-17T11:09:13,100.0,17.6,S
2021-06-17T11:09:07,4600.0,17.6,S
2021-06-17T11:08:53,200.0,17.6,B
2021-06-17T11:08:53,100.0,17.6,B
2021-06-17T11:08:52,1000.0,17.6,B
2021-06-17T11:08:24,200.0,17.6,B
2021-06-17T11:08:14,2100.0,17.6,S
2021-06-17T11:07:05,30000.0,17.5,S
2021-06-17T11:06:58,1000.0,17.6,B
2021-06-17T11:06:54,800.0,17.6,B
2021-06-17T11:06:47,10000.0,17.6,B
2021-06-17T11:06:43,500.0,17.6,B
2021-06-17T11:06:23,1000.0,17.6,B
2021-06-17T11:06:03,1000.0,17.6,B
2021-06-17T11:05:49,100.0,17.6,B
2021-06-17T11:05:24,400.0,17.6,B
2021-06-17T11:05:21,100.0,17.6,B
2021-06-17T11:05:01,100.0,17.6,B
2021-06-17T11:04:26,100.0,17.6,B
2021-06-17T11:04:25,200.0,17.6,B
2021-06-17T11:04:13,300.0,17.6,B
2021-06-17T11:03:59,1100.0,17.6,B
2021-06-17T11:03:59,100.0,17.6,B
2021-06-17T11:03:56,1400.0,17.6,S
2021-06-17T11:03:38,1000.0,17.6,B
2021-06-17T11:03:30,30000.0,17.5,S
2021-06-17T11:03:23,100.0,17.6,S
2021-06-17T11:03:13,100.0,17.6,S
2021-06-17T11:03:03,100.0,17.6,S
2021-06-17T11:02:58,19200.0,17.6,B
2021-06-17T11:02:44,500.0,17.6,B
2021-06-17T11:02:31,3000.0,17.6,B
2021-06-17T11:02:26,500.0,17.6,B
2021-06-17T11:02:24,400.0,17.6,B
2021-06-17T11:02:20,400.0,17.6,S
2021-06-17T11:02:15,100.0,17.6,S
2021-06-17T11:02:14,3000.0,17.7,B
2021-06-17T11:02:04,1000.0,17.6,S
2021-06-17T11:02:02,200.0,17.6,S
2021-06-17T11:01:46,6000.0,17.6,S
2021-06-17T11:01:28,30000.0,17.6,S
2021-06-17T11:01:20,100.0,17.6,S
2021-06-17T11:01:09,500.0,17.6,S
2021-06-17T11:01:04,100.0,17.6,S
2021-06-17T11:00:56,100.0,17.6,S
2021-06-17T11:00:40,100.0,17.6,S
2021-06-17T11:00:36,200.0,17.6,S
2021-06-17T11:00:25,1000.0,17.6,S
2021-06-17T11:00:21,100.0,17.6,S
2021-06-17T11:00:08,700.0,17.6,B
2021-06-17T11:00:07,200.0,17.6,B
2021-06-17T11:00:05,500.0,17.6,B
2021-06-17T11:00:01,1000.0,17.6,S
2021-06-17T10:59:58,1000.0,17.7,B
2021-06-17T10:59:51,1000.0,17.6,S
2021-06-17T10:59:48,1000.0,17.7,B
2021-06-17T10:59:48,300.0,17.7,B
2021-06-17T10:59:46,30000.0,17.6,S
2021-06-17T10:59:41,400.0,17.7,B
2021-06-17T10:59:38,1000.0,17.7,S
2021-06-17T10:59:37,1500.0,17.7,S
2021-06-17T10:59:24,30000.0,17.7,S
2021-06-17T10:59:20,4800.0,17.8,S
2021-06-17T10:59:16,1000.0,17.9,B
2021-06-17T10:59:13,1000.0,17.8,S
2021-06-17T10:59:06,500.0,17.9,B
2021-06-17T10:59:03,1000.0,17.8,S
2021-06-17T10:59:01,500.0,17.8,S
2021-06-17T10:59:00,1000.0,17.8,S
2021-06-17T10:58:49,4000.0,17.8,S
2021-06-17T10:58:48,800.0,17.8,S
2021-06-17T10:58:41,200.0,17.8,B
2021-06-17T10:58:39,900.0,17.8,B
2021-06-17T10:58:38,1000.0,17.8,S
2021-06-17T10:58:36,2000.0,17.8,S
2021-06-17T10:58:35,5500.0,17.9,B
2021-06-17T10:58:31,1000.0,17.9,B
2021-06-17T10:58:29,30000.0,17.8,S
2021-06-17T10:58:24,600.0,17.8,S
2021-06-17T10:58:18,1000.0,17.8,S
2021-06-17T10:58:16,1300.0,17.8,S
2021-06-17T10:58:11,1000.0,17.9,B
2021-06-17T10:57:59,100.0,17.8,S
2021-06-17T10:57:56,100.0,17.8,S
2021-06-17T10:57:46,1200.0,17.8,B
2021-06-17T10:57:41,10000.0,17.8,B
2021-06-17T10:57:35,34700.0,17.8,B
2021-06-17T10:57:32,1100.0,17.8,B
2021-06-17T10:57:29,500.0,17.8,B
2021-06-17T10:57:26,10000.0,17.8,B
2021-06-17T10:57:24,50000.0,17.7,S
2021-06-17T10:57:23,900.0,17.8,S
2021-06-17T10:57:23,5000.0,17.8,S
2021-06-17T10:57:22,160000.0,17.9,B
2021-06-17T10:57:21,2500.0,17.8,B
2021-06-17T10:57:20,1800.0,17.8,B
2021-06-17T10:57:19,50000.0,17.7,S
2021-06-17T10:57:19,1000.0,17.8,B
2021-06-17T10:57:18,10000.0,17.8,B
2021-06-17T10:57:14,5000.0,17.8,B
2021-06-17T10:57:14,2000.0,17.8,B
2021-06-17T10:57:09,2800.0,17.8,B
2021-06-17T10:57:07,1500.0,17.8,B
2021-06-17T10:57:05,100.0,17.8,B
2021-06-17T10:57:05,1000.0,17.8,B
2021-06-17T10:57:04,10000.0,17.8,B
2021-06-17T10:57:03,3300.0,17.8,B
2021-06-17T10:57:03,4000.0,17.8,B
2021-06-17T10:57:01,13000.0,17.8,B
2021-06-17T10:57:01,10000.0,17.8,B
2021-06-17T10:57:00,500.0,17.8,B
2021-06-17T10:56:59,20000.0,17.8,B
2021-06-17T10:56:58,100.0,17.8,B
2021-06-17T10:56:57,1000.0,17.8,B
2021-06-17T10:56:56,2400.0,17.8,B
2021-06-17T10:56:54,1000.0,17.8,B
2021-06-17T10:56:53,200.0,17.8,B
2021-06-17T10:56:52,1000.0,17.8,B
2021-06-17T10:56:51,200.0,17.8,B
2021-06-17T10:56:48,3300.0,17.8,B
2021-06-17T10:56:48,300.0,17.8,B
2021-06-17T10:56:47,100.0,17.8,B
2021-06-17T10:56:45,5000.0,17.8,B
2021-06-17T10:56:40,500.0,17.8,B
2021-06-17T10:56:35,3000.0,17.8,B
2021-06-17T10:56:28,5300.0,17.8,B
2021-06-17T10:56:28,500.0,17.8,B
2021-06-17T10:56:24,300.0,17.8,B
2021-06-17T10:56:23,1000.0,17.8,B
2021-06-17T10:56:22,200.0,17.8,B
2021-06-17T10:56:21,500.0,17.8,B
2021-06-17T10:56:20,5000.0,17.8,B
2021-06-17T10:56:16,10000.0,17.8,B
2021-06-17T10:56:14,100.0,17.8,B
2021-06-17T10:56:10,21900.0,17.8,B
2021-06-17T10:56:08,5000.0,17.8,B
2021-06-17T10:56:01,6600.0,17.8,B
2021-06-17T10:55:56,2000.0,17.8,B
2021-06-17T10:55:54,1000.0,17.8,B
2021-06-17T10:55:50,500.0,17.7,S
2021-06-17T10:55:50,3000.0,17.8,B
2021-06-17T10:55:31,500.0,17.7,S
2021-06-17T10:55:27,100.0,17.7,S
2021-06-17T10:55:25,1300.0,17.7,B
2021-06-17T10:55:24,1000.0,17.7,B
2021-06-17T10:55:23,400.0,17.7,B
2021-06-17T10:55:21,1000.0,17.7,B
2021-06-17T10:55:21,9100.0,17.7,B
2021-06-17T10:55:17,500.0,17.7,B
2021-06-17T10:55:15,5000.0,17.7,B
2021-06-17T10:55:11,8000.0,17.7,B
2021-06-17T10:55:11,100.0,17.7,B
2021-06-17T10:55:09,2000.0,17.7,B
2021-06-17T10:55:09,1000.0,17.7,B
2021-06-17T10:55:08,700.0,17.7,B
2021-06-17T10:55:07,4300.0,17.7,B
2021-06-17T10:55:04,1500.0,17.7,B
2021-06-17T10:55:03,100.0,17.7,B
2021-06-17T10:55:03,3000.0,17.7,B
2021-06-17T10:55:01,2500.0,17.7,B
2021-06-17T10:54:59,3000.0,17.7,B
2021-06-17T10:54:59,600.0,17.7,B
2021-06-17T10:54:58,3100.0,17.7,B
2021-06-17T10:54:57,300.0,17.7,B
2021-06-17T10:54:56,2000.0,17.7,B
2021-06-17T10:54:53,15300.0,17.7,B
2021-06-17T10:54:50,11500.0,17.7,B
2021-06-17T10:54:49,6000.0,17.7,B
2021-06-17T10:54:46,1000.0,17.7,B
2021-06-17T10:54:46,5000.0,17.7,B
2021-06-17T10:54:45,1000.0,17.7,B
2021-06-17T10:54:44,1000.0,17.7,B
2021-06-17T10:54:43,2300.0,17.7,B
2021-06-17T10:54:40,20000.0,17.7,B
2021-06-17T10:54:38,50000.0,17.7,B
2021-06-17T10:54:37,1000.0,17.7,B
2021-06-17T10:54:24,300.0,17.6,S
2021-06-17T10:54:24,1000.0,17.6,S
2021-06-17T10:54:16,1400.0,17.6,B
2021-06-17T10:54:15,10000.0,17.6,B
2021-06-17T10:54:14,6200.0,17.6,B
2021-06-17T10:54:11,2000.0,17.6,B
2021-06-17T10:54:11,7900.0,17.6,B
2021-06-17T10:54:10,2000.0,17.6,B
2021-06-17T10:54:06,100.0,17.6,B
2021-06-17T10:54:06,10000.0,17.6,B
2021-06-17T10:54:05,500.0,17.6,B
2021-06-17T10:54:04,1600.0,17.6,B
2021-06-17T10:54:04,2300.0,17.6,B
2021-06-17T10:54:03,1000.0,17.6,B
2021-06-17T10:54:03,30000.0,17.6,B
2021-06-17T10:54:01,10000.0,17.6,B
2021-06-17T10:54:00,10000.0,17.6,B
2021-06-17T10:53:59,1000.0,17.6,B
2021-06-17T10:53:56,500.0,17.6,B
2021-06-17T10:53:55,500.0,17.6,B
2021-06-17T10:53:55,4000.0,17.6,B
2021-06-17T10:53:53,13000.0,17.6,B
2021-06-17T10:53:53,1000.0,17.6,B
2021-06-17T10:53:53,100.0,17.6,B
2021-06-17T10:53:52,100.0,17.6,B
2021-06-17T10:53:50,3600.0,17.6,B
2021-06-17T10:53:50,500.0,17.6,B
2021-06-17T10:53:47,2000.0,17.6,B
2021-06-17T10:53:36,5000.0,17.6,B
2021-06-17T10:53:29,2000.0,17.6,B
2021-06-17T10:53:27,500.0,17.5,S
2021-06-17T10:53:25,5700.0,17.5,S
2021-06-17T10:53:18,10000.0,17.5,S
2021-06-17T10:53:14,100.0,17.5,S
2021-06-17T10:53:04,24400.0,17.5,B
2021-06-17T10:53:03,18400.0,17.5,B
2021-06-17T10:53:02,1000.0,17.5,B
2021-06-17T10:53:01,2400.0,17.5,B
2021-06-17T10:53:00,1000.0,17.5,B
2021-06-17T10:53:00,1000.0,17.5,B
2021-06-17T10:52:58,10000.0,17.5,B
2021-06-17T10:52:54,300.0,17.5,B
2021-06-17T10:52:52,500.0,17.5,B
2021-06-17T10:52:49,2800.0,17.5,B
2021-06-17T10:52:47,5000.0,17.5,B
2021-06-17T10:52:46,5000.0,17.5,B
2021-06-17T10:52:42,5000.0,17.5,B
2021-06-17T10:52:40,3000.0,17.5,B
2021-06-17T10:52:38,2400.0,17.5,B
2021-06-17T10:52:37,2500.0,17.5,B
2021-06-17T10:52:15,300.0,17.5,B
2021-06-17T10:51:53,200.0,17.5,B
2021-06-17T10:51:48,100.0,17.5,B
2021-06-17T10:51:47,500.0,17.5,B
2021-06-17T10:51:40,1000.0,17.5,B
2021-06-17T10:51:35,300.0,17.4,S
2021-06-17T10:51:30,2000.0,17.4,B
2021-06-17T10:51:22,200.0,17.4,B
2021-06-17T10:51:21,500.0,17.4,B
2021-06-17T10:51:15,1000.0,17.4,B
2021-06-17T10:50:59,3000.0,17.4,B
2021-06-17T10:50:59,300.0,17.4,B
2021-06-17T10:50:51,3000.0,17.4,B
2021-06-17T10:50:39,100.0,17.4,B
2021-06-17T10:50:37,20700.0,17.4,S
2021-06-17T10:50:13,3400.0,17.4,S
2021-06-17T10:50:13,10000.0,17.4,B
2021-06-17T10:50:12,15900.0,17.4,B
2021-06-17T10:50:12,100.0,17.4,B
2021-06-17T10:50:08,20000.0,17.4,B
2021-06-17T10:50:01,17000.0,17.4,B
2021-06-17T10:49:59,500.0,17.4,B
2021-06-17T10:49:46,200.0,17.4,B
2021-06-17T10:49:36,1000.0,17.4,B
2021-06-17T10:49:34,1100.0,17.4,B
2021-06-17T10:49:26,1000.0,17.4,B
2021-06-17T10:49:18,500.0,17.4,B
2021-06-17T10:49:11,500.0,17.4,B
2021-06-17T10:49:05,4000.0,17.4,B
2021-06-17T10:48:58,300.0,17.4,B
2021-06-17T10:48:51,200.0,17.4,B
2021-06-17T10:48:33,3000.0,17.4,B
2021-06-17T10:48:19,500.0,17.3,S
2021-06-17T10:48:01,1000.0,17.3,S
2021-06-17T10:47:51,200.0,17.3,S
2021-06-17T10:47:45,400.0,17.3,S
2021-06-17T10:47:41,12000.0,17.3,S
2021-06-17T10:47:20,6000.0,17.3,S
2021-06-17T10:46:09,1500.0,17.3,B
2021-06-17T10:45:57,900.0,17.3,B
2021-06-17T10:45:54,500.0,17.3,B
2021-06-17T10:45:48,300.0,17.3,B
2021-06-17T10:45:31,3900.0,17.3,S
2021-06-17T10:45:24,5000.0,17.3,S
2021-06-17T10:44:40,300.0,17.3,B
2021-06-17T10:44:37,500.0,17.3,B
2021-06-17T10:44:17,40000.0,17.3,B
2021-06-17T10:43:51,1000.0,17.3,B
2021-06-17T10:43:11,400.0,17.3,B
2021-06-17T10:43:00,200.0,17.2,S
2021-06-17T10:42:41,1000.0,17.3,B
2021-06-17T10:42:36,2200.0,17.2,S
2021-06-17T10:42:22,3000.0,17.2,S
2021-06-17T10:41:41,100.0,17.3,B
2021-06-17T10:41:39,500.0,17.3,B
2021-06-17T10:41:37,300.0,17.3,B
2021-06-17T10:41:28,200.0,17.3,B
2021-06-17T10:40:05,200.0,17.3,B
2021-06-17T10:39:17,1900.0,17.3,B
2021-06-17T10:38:54,1400.0,17.2,S
2021-06-17T10:38:18,1000.0,17.3,B
2021-06-17T10:37:57,500.0,17.3,B
2021-06-17T10:37:39,500.0,17.2,S
2021-06-17T10:37:28,3000.0,17.2,S
2021-06-17T10:37:24,2100.0,17.2,S
2021-06-17T10:37:07,2000.0,17.3,B
2021-06-17T10:36:37,300.0,17.3,B
2021-06-17T10:35:28,200.0,17.3,B
2021-06-17T10:34:58,500.0,17.3,B
2021-06-17T10:33:51,1300.0,17.2,S
2021-06-17T10:33:26,600.0,17.2,S
2021-06-17T10:30:37,2300.0,17.2,S
2021-06-17T10:29:54,500.0,17.3,B
2021-06-17T10:29:46,3900.0,17.3,B
2021-06-17T10:29:26,5000.0,17.3,B
2021-06-17T10:28:35,100.0,17.2,S
2021-06-17T10:28:22,100.0,17.2,S
2021-06-17T10:27:54,2400.0,17.2,S
2021-06-17T10:27:34,1000.0,17.2,S
2021-06-17T10:26:57,1000.0,17.2,S
2021-06-17T10:26:52,1500.0,17.2,S
2021-06-17T10:26:01,1300.0,17.2,S
2021-06-17T10:25:38,10000.0,17.2,S
2021-06-17T10:24:49,1000.0,17.3,B
2021-06-17T10:24:44,1000.0,17.3,B
2021-06-17T10:24:03,1000.0,17.3,B
2021-06-17T10:23:53,200.0,17.3,B
2021-06-17T10:23:35,500.0,17.3,B
2021-06-17T10:23:15,500.0,17.3,B
2021-06-17T10:22:22,200.0,17.3,B
2021-06-17T10:21:17,100.0,17.3,B
2021-06-17T10:21:14,1000.0,17.3,B
2021-06-17T10:21:05,300.0,17.3,B
2021-06-17T10:20:25,200.0,17.3,B
2021-06-17T10:20:19,5000.0,17.3,B
2021-06-17T10:20:02,1000.0,17.3,B
2021-06-17T10:19:09,500.0,17.3,B
2021-06-17T10:18:43,200.0,17.3,B
2021-06-17T10:18:35,5000.0,17.3,B
2021-06-17T10:18:20,5000.0,17.2,S
2021-06-17T10:18:19,5000.0,17.3,B
2021-06-17T10:16:59,600.0,17.3,B
2021-06-17T10:16:31,1000.0,17.3,B
2021-06-17T10:16:24,200.0,17.3,B
2021-06-17T10:15:44,200.0,17.3,B
2021-06-17T10:15:32,3000.0,17.3,B
2021-06-17T10:14:15,200.0,17.3,B
2021-06-17T10:13:50,500.0,17.3,B
2021-06-17T10:12:47,900.0,17.3,B
2021-06-17T10:12:13,1000.0,17.2,S
2021-06-17T10:11:37,200.0,17.3,B
2021-06-17T10:11:36,500.0,17.3,B
2021-06-17T10:11:16,1500.0,17.3,B
2021-06-17T10:11:05,200.0,17.3,B
2021-06-17T10:10:58,6000.0,17.2,S
2021-06-17T10:10:43,10000.0,17.3,B
2021-06-17T10:10:41,300.0,17.3,B
2021-06-17T10:10:01,500.0,17.3,B
2021-06-17T10:09:46,100.0,17.3,B
2021-06-17T10:08:44,200.0,17.3,B
2021-06-17T10:08:36,100.0,17.3,B
2021-06-17T10:07:06,3000.0,17.3,B
2021-06-17T10:06:57,200.0,17.3,B
2021-06-17T10:06:46,300.0,17.3,B
2021-06-17T10:06:34,2000.0,17.3,B
2021-06-17T10:06:30,2000.0,17.3,B
2021-06-17T10:05:19,1800.0,17.3,B
2021-06-17T10:05:05,1000.0,17.3,B
2021-06-17T10:05:01,1000.0,17.3,B
2021-06-17T10:04:26,1000.0,17.3,B
2021-06-17T10:04:24,200.0,17.3,B
2021-06-17T10:03:42,300.0,17.3,B
2021-06-17T10:03:41,400.0,17.3,B
2021-06-17T10:02:57,200.0,17.3,B
2021-06-17T10:01:11,900.0,17.3,B
2021-06-17T10:00:25,2000.0,17.3,B
2021-06-17T10:00:08,300.0,17.3,B
2021-06-17T09:59:47,10000.0,17.3,B
2021-06-17T09:59:39,5800.0,17.3,B
2021-06-17T09:58:55,2000.0,17.3,B
2021-06-17T09:58:23,100.0,17.3,B
2021-06-17T09:58:11,100.0,17.3,B
2021-06-17T09:58:09,1000.0,17.2,S
2021-06-17T09:57:19,1000.0,17.3,B
2021-06-17T09:56:06,10000.0,17.2,S
2021-06-17T09:56:05,500.0,17.3,B
2021-06-17T09:56:03,20000.0,17.2,S
2021-06-17T09:55:56,200.0,17.2,S
2021-06-17T09:55:34,500.0,17.2,S
2021-06-17T09:52:59,300.0,17.2,S
2021-06-17T09:52:44,600.0,17.3,B
2021-06-17T09:52:31,5000.0,17.2,S
2021-06-17T09:52:16,1000.0,17.2,S
2021-06-17T09:51:29,100.0,17.2,S
2021-06-17T09:50:36,4000.0,17.2,S
2021-06-17T09:50:17,10000.0,17.3,B
2021-06-17T09:50:13,2000.0,17.3,B
2021-06-17T09:50:09,200.0,17.2,S
2021-06-17T09:49:05,800.0,17.2,S
2021-06-17T09:47:54,10000.0,17.2,S
2021-06-17T09:47:44,2000.0,17.3,B
2021-06-17T09:47:43,100.0,17.2,S
2021-06-17T09:46:36,200.0,17.3,B
2021-06-17T09:46:09,300.0,17.2,S
2021-06-17T09:44:49,2000.0,17.2,S
2021-06-17T09:44:34,200.0,17.2,S
2021-06-17T09:44:13,500.0,17.2,S
2021-06-17T09:43:55,100.0,17.2,S
2021-06-17T09:43:25,100.0,17.2,S
2021-06-17T09:43:23,100.0,17.2,S
2021-06-17T09:43:20,1000.0,17.2,S
2021-06-17T09:43:19,3800.0,17.2,S
2021-06-17T09:42:23,5000.0,17.2,S
2021-06-17T09:41:59,5000.0,17.2,S
2021-06-17T09:41:49,6000.0,17.2,S
2021-06-17T09:41:40,3000.0,17.2,S
2021-06-17T09:41:36,400.0,17.2,S
2021-06-17T09:41:18,3000.0,17.2,S
2021-06-17T09:41:08,2000.0,17.3,B
2021-06-17T09:40:56,10000.0,17.2,S
2021-06-17T09:40:54,100.0,17.3,B
2021-06-17T09:40:38,600.0,17.3,S
2021-06-17T09:40:14,400.0,17.3,S
2021-06-17T09:39:15,2000.0,17.2,S
2021-06-17T09:38:32,600.0,17.2,S
2021-06-17T09:38:22,100.0,17.4,B
2021-06-17T09:37:38,500.0,17.2,S
2021-06-17T09:36:17,200.0,17.2,S
2021-06-17T09:35:33,5000.0,17.2,S
2021-06-17T09:34:21,100.0,17.3,B
2021-06-17T09:34:06,200.0,17.3,B
2021-06-17T09:33:53,200.0,17.3,B
2021-06-17T09:33:50,300.0,17.3,B
2021-06-17T09:33:38,5000.0,17.3,B
2021-06-17T09:33:31,1000.0,17.3,B
2021-06-17T09:33:03,1000.0,17.3,B
2021-06-17T09:32:53,600.0,17.2,S
2021-06-17T09:32:01,200.0,17.2,B
2021-06-17T09:31:57,1000.0,17.2,B
2021-06-17T09:31:54,500.0,17.2,B
2021-06-17T09:31:52,1000.0,17.2,B
2021-06-17T09:31:45,100.0,17.2,B
2021-06-17T09:31:33,1000.0,17.2,B
2021-06-17T09:31:23,1000.0,17.2,B
2021-06-17T09:31:19,100.0,17.2,B
2021-06-17T09:31:17,100.0,17.2,B
2021-06-17T09:31:13,1000.0,17.2,B
2021-06-17T09:31:12,100.0,17.2,B
2021-06-17T09:31:05,500.0,17.2,B
2021-06-17T09:31:04,200.0,17.2,B
2021-06-17T09:30:55,200.0,17.2,B
2021-06-17T09:30:54,700.0,17.2,B
2021-06-17T09:30:53,2000.0,17.2,B
2021-06-17T09:30:50,100.0,17.2,B
2021-06-17T09:30:33,200.0,17.2,B
2021-06-17T09:30:22,1000.0,17.2,B
2021-06-17T09:30:21,700.0,17.2,B
2021-06-17T09:30:14,100.0,17.2,B
2021-06-17T09:30:07,1000.0,17.1,S
2021-06-17T09:29:43,900.0,17.2,B
2021-06-17T09:29:24,300.0,17.2,B
2021-06-17T09:28:59,23000.0,17.1,S
2021-06-17T09:28:57,300.0,17.1,S
2021-06-17T09:28:33,1000.0,17.1,S
2021-06-17T09:28:29,500.0,17.2,B
2021-06-17T09:27:51,100.0,17.2,B
2021-06-17T09:27:23,1000.0,17.2,B
2021-06-17T09:26:58,300.0,17.2,B
2021-06-17T09:26:49,1000.0,17.2,B
2021-06-17T09:26:28,100.0,17.2,B
2021-06-17T09:26:18,700.0,17.2,B
2021-06-17T09:26:00,8800.0,17.2,B
2021-06-17T09:25:49,1000.0,17.2,B
2021-06-17T09:25:33,5000.0,17.1,S
2021-06-17T09:25:27,600.0,17.2,B
2021-06-17T09:25:24,500.0,17.2,B
2021-06-17T09:25:19,500.0,17.2,B
2021-06-17T09:24:51,700.0,17.2,B
2021-06-17T09:24:50,400.0,17.2,B
2021-06-17T09:24:35,200.0,17.2,B
2021-06-17T09:24:27,200.0,17.2,B
2021-06-17T09:24:11,100.0,17.2,B
2021-06-17T09:23:46,7500.0,17.2,B
2021-06-17T09:23:39,500.0,17.2,B
2021-06-17T09:23:00,5000.0,17.2,B
2021-06-17T09:22:56,100.0,17.2,B
2021-06-17T09:22:42,2200.0,17.2,B
2021-06-17T09:21:52,600.0,17.2,B
2021-06-17T09:21:29,500.0,17.2,B
2021-06-17T09:20:55,1000.0,17.2,B
2021-06-17T09:20:12,9200.0,17.1,S
2021-06-17T09:20:06,3000.0,17.1,S
2021-06-17T09:18:56,100.0,17.1,S
2021-06-17T09:18:29,6100.0,17.1,S
2021-06-17T09:18:18,4000.0,17.1,S
2021-06-17T09:18:10,1000.0,17.1,S
2021-06-17T09:17:37,5000.0,17.1,S
2021-06-17T09:17:11,1800.0,17.1,S
2021-06-17T09:16:56,600.0,17.1,B
2021-06-17T09:16:43,5000.0,17.1,B
2021-06-17T09:16:34,100.0,17.1,B
2021-06-17T09:16:14,100.0,17.1,B
2021-06-17T09:16:10,100.0,17.1,B
2021-06-17T09:15:56,400.0,17.1,B
2021-06-17T09:15:11,2000.0,17.1,B
2021-06-17T09:14:33,1900.0,17.1,S
2021-06-17T09:14:31,200.0,17.1,S
2021-06-17T09:14:14,13400.0,17.0,S
2021-06-17T09:13:55,4600.0,17.1,S
2021-06-17T09:13:42,100.0,17.1,B
2021-06-17T09:13:20,100.0,17.1,B
2021-06-17T09:13:13,200.0,17.1,B
2021-06-17T09:12:43,1000.0,17.1,B
2021-06-17T09:12:42,30000.0,17.0,S
2021-06-17T09:11:48,3500.0,17.1,B
2021-06-17T09:11:46,1200.0,17.1,B
2021-06-17T09:11:45,500.0,17.0,S
2021-06-17T09:11:34,500.0,17.0,S
2021-06-17T09:11:20,100.0,17.0,S
2021-06-17T09:11:08,2000.0,17.1,B
2021-06-17T09:11:08,500.0,17.1,B
2021-06-17T09:10:52,500.0,17.1,B
2021-06-17T09:10:47,200.0,17.1,B
2021-06-17T09:10:39,100.0,17.1,B
2021-06-17T09:10:39,2000.0,17.1,B
2021-06-17T09:10:23,500.0,17.1,B
2021-06-17T09:10:21,500.0,17.1,B
2021-06-17T09:09:54,100.0,17.1,B
2021-06-17T09:09:49,400.0,17.1,B
2021-06-17T09:09:42,3000.0,17.0,S
2021-06-17T09:09:20,1000.0,17.1,B
2021-06-17T09:09:16,2100.0,17.1,B
2021-06-17T09:08:40,100.0,17.1,B
2021-06-17T09:08:39,3000.0,17.0,S
2021-06-17T09:08:33,7200.0,17.0,S
2021-06-17T09:08:25,300.0,17.0,S
2021-06-17T09:07:33.942,10000.0,17.0,S
2021-06-17T09:07:33.332,2700.0,17.1,S
2021-06-17T09:07:21.879,900.0,17.1,S
2021-06-17T09:07:21.644,6200.0,17.1,S
2021-06-17T09:06:33.909,46300.0,17.1,S
2021-06-17T09:06:04.377,2000.0,17.2,B
2021-06-17T09:05:29.829,500.0,17.2,B
2021-06-17T09:05:22.282,18400.0,17.2,S
2021-06-17T09:04:38,300.0,17.3,B
2021-06-17T09:04:30,100.0,17.3,B
2021-06-17T09:01:54,100.0,17.3,B
