tradingTime,volume,price,side
2021-06-17T14:29:59,200.0,47.4,S
2021-06-17T14:29:58,5900.0,47.5,S
2021-06-17T14:29:47,200.0,47.55,B
2021-06-17T14:29:42,300.0,47.5,S
2021-06-17T14:29:40,100.0,47.5,S
2021-06-17T14:29:40,100.0,47.55,B
2021-06-17T14:29:17,100.0,47.55,B
2021-06-17T14:28:44,200.0,47.5,S
2021-06-17T14:28:44,500.0,47.55,B
2021-06-17T14:28:19,100.0,47.5,S
2021-06-17T14:28:10,100.0,47.55,B
2021-06-17T14:27:59,500.0,47.5,S
2021-06-17T14:27:32,100.0,47.5,S
2021-06-17T14:27:25,1700.0,47.5,S
2021-06-17T14:26:45,200.0,47.5,S
2021-06-17T14:25:18,900.0,47.6,B
2021-06-17T14:25:12,200.0,47.4,S
2021-06-17T14:24:59,100.0,47.35,B
2021-06-17T14:24:35,200.0,47.35,S
2021-06-17T14:24:08,100.0,47.35,S
2021-06-17T14:24:08,2500.0,47.6,B
2021-06-17T14:24:08,3200.0,47.6,B
2021-06-17T14:24:07,1200.0,47.5,B
2021-06-17T14:24:07,7200.0,47.5,B
2021-06-17T14:24:05,200.0,47.4,B
2021-06-17T14:24:03,3000.0,47.4,B
2021-06-17T14:23:30,500.0,47.4,B
2021-06-17T14:23:29,400.0,47.35,B
2021-06-17T14:23:28,100.0,47.3,S
2021-06-17T14:21:31,200.0,47.3,B
2021-06-17T14:20:12,4000.0,47.3,B
2021-06-17T14:19:38,2400.0,47.0,S
2021-06-17T14:19:00,700.0,47.0,B
2021-06-17T14:19:00,2500.0,47.0,B
2021-06-17T14:18:52,400.0,47.0,B
2021-06-17T14:18:38,500.0,47.0,B
2021-06-17T14:18:25,500.0,47.0,B
2021-06-17T14:18:23,100.0,47.0,B
2021-06-17T14:18:16,900.0,47.0,B
2021-06-17T14:18:16,9100.0,47.0,B
2021-06-17T14:17:57,1000.0,47.0,B
2021-06-17T14:17:49,3000.0,47.0,B
2021-06-17T14:17:32,500.0,47.0,B
2021-06-17T14:17:05,1000.0,47.0,B
2021-06-17T14:16:20,500.0,46.85,S
2021-06-17T14:16:05,100.0,46.9,S
2021-06-17T14:14:08,500.0,46.85,S
2021-06-17T14:13:28,100.0,46.85,S
2021-06-17T14:13:13,2100.0,46.8,S
2021-06-17T14:13:13,3000.0,46.8,S
2021-06-17T14:13:12,1000.0,46.8,S
2021-06-17T14:13:12,300.0,46.8,S
2021-06-17T14:13:12,23600.0,46.8,S
2021-06-17T14:13:10,7000.0,46.85,B
2021-06-17T14:13:03,10000.0,46.85,B
2021-06-17T14:13:03,1000.0,46.85,B
2021-06-17T14:13:02,900.0,46.85,B
2021-06-17T14:13:00,500.0,46.85,B
2021-06-17T14:12:17,600.0,46.85,S
2021-06-17T14:12:17,500.0,46.85,S
2021-06-17T14:12:16,1600.0,46.85,S
2021-06-17T14:12:16,1000.0,46.85,S
2021-06-17T14:12:16,1100.0,46.85,S
2021-06-17T14:12:16,23300.0,46.85,S
2021-06-17T14:12:09,3000.0,47.0,B
2021-06-17T14:11:51,100.0,47.0,B
2021-06-17T14:11:50,100.0,47.0,B
2021-06-17T14:11:42,100.0,47.0,B
2021-06-17T14:11:36,1200.0,47.0,B
2021-06-17T14:11:27,500.0,47.0,B
2021-06-17T14:11:06,900.0,47.05,S
2021-06-17T14:11:02,100.0,47.0,S
2021-06-17T14:10:59,2000.0,47.0,S
2021-06-17T14:10:59,3600.0,47.0,S
2021-06-17T14:10:59,4300.0,47.0,S
2021-06-17T14:10:09,200.0,47.0,S
2021-06-17T14:09:44,1000.0,47.0,B
2021-06-17T14:09:44,500.0,47.0,B
2021-06-17T14:09:06,1100.0,47.0,B
2021-06-17T14:09:05,500.0,46.9,S
2021-06-17T14:09:05,5000.0,47.0,B
2021-06-17T14:09:04,600.0,47.0,B
2021-06-17T14:08:53,200.0,46.95,S
2021-06-17T14:08:45,2000.0,47.0,B
2021-06-17T14:08:41,2000.0,47.0,B
2021-06-17T14:08:30,2000.0,47.0,B
2021-06-17T14:08:19,1000.0,47.0,B
2021-06-17T14:08:19,200.0,47.0,B
2021-06-17T14:08:19,800.0,47.0,B
2021-06-17T14:08:16,6500.0,46.9,S
2021-06-17T14:06:54,2000.0,46.95,B
2021-06-17T14:06:36,100.0,46.9,S
2021-06-17T14:05:46,800.0,46.9,S
2021-06-17T14:05:46,100.0,46.9,S
2021-06-17T14:05:46,100.0,46.9,S
2021-06-17T14:05:17,300.0,46.9,B
2021-06-17T14:04:57,2000.0,46.85,S
2021-06-17T14:04:47,900.0,46.85,S
2021-06-17T14:04:47,600.0,46.85,S
2021-06-17T14:04:45,300.0,46.9,B
2021-06-17T14:04:39,100.0,46.9,B
2021-06-17T14:04:20,200.0,46.9,B
2021-06-17T14:04:08,100.0,46.9,S
2021-06-17T14:04:05,2500.0,46.9,S
2021-06-17T14:03:46,500.0,46.95,B
2021-06-17T14:03:42,400.0,46.95,S
2021-06-17T14:03:40,1500.0,46.95,S
2021-06-17T14:03:14,1000.0,47.0,B
2021-06-17T14:03:14,200.0,47.0,B
2021-06-17T14:02:51,500.0,46.95,S
2021-06-17T14:02:50,2500.0,47.0,B
2021-06-17T14:02:18,300.0,46.9,S
2021-06-17T14:01:46,2500.0,47.0,B
2021-06-17T14:01:39,1200.0,47.0,B
2021-06-17T14:01:36,500.0,47.0,B
2021-06-17T14:01:31,100.0,46.9,S
2021-06-17T14:01:25,1400.0,46.9,S
2021-06-17T14:01:25,100.0,46.9,S
2021-06-17T14:01:23,1000.0,46.9,S
2021-06-17T14:01:23,2300.0,46.9,S
2021-06-17T14:01:03,4800.0,47.0,B
2021-06-17T14:00:44,6500.0,47.0,S
2021-06-17T14:00:44,100.0,47.0,S
2021-06-17T14:00:31,1000.0,47.3,B
2021-06-17T14:00:28,100.0,47.0,B
2021-06-17T14:00:21,100.0,47.0,B
2021-06-17T14:00:11,2000.0,47.0,B
2021-06-17T14:00:05,2000.0,47.0,B
2021-06-17T13:59:57,4200.0,46.95,B
2021-06-17T13:59:57,500.0,46.95,S
2021-06-17T13:59:53,10000.0,47.0,B
2021-06-17T13:59:51,1000.0,47.0,B
2021-06-17T13:59:47,400.0,46.95,S
2021-06-17T13:59:41,300.0,47.0,B
2021-06-17T13:59:33,800.0,47.0,S
2021-06-17T13:59:29,4800.0,47.0,S
2021-06-17T13:59:23,100.0,47.0,S
2021-06-17T13:59:15,6300.0,47.0,B
2021-06-17T13:58:56,200.0,47.0,B
2021-06-17T13:58:39,200.0,47.0,B
2021-06-17T13:58:28,100.0,47.0,B
2021-06-17T13:58:22,200.0,47.0,S
2021-06-17T13:58:21,700.0,47.0,S
2021-06-17T13:58:21,200.0,47.0,S
2021-06-17T13:58:21,1500.0,47.0,S
2021-06-17T13:58:21,1100.0,47.0,S
2021-06-17T13:58:21,12400.0,47.0,S
2021-06-17T13:58:21,100.0,47.05,S
2021-06-17T13:58:09,900.0,47.0,S
2021-06-17T13:58:09,12100.0,47.0,S
2021-06-17T13:58:09,500.0,47.0,S
2021-06-17T13:58:09,5000.0,47.0,S
2021-06-17T13:58:09,100.0,47.0,S
2021-06-17T13:58:09,1400.0,47.25,S
2021-06-17T13:58:04,2100.0,47.0,S
2021-06-17T13:58:04,1500.0,47.0,S
2021-06-17T13:58:04,3600.0,47.0,S
2021-06-17T13:58:04,600.0,47.0,S
2021-06-17T13:58:04,1000.0,47.0,S
2021-06-17T13:58:04,2600.0,47.0,S
2021-06-17T13:58:04,8600.0,47.0,S
2021-06-17T13:57:48,2000.0,47.2,S
2021-06-17T13:57:45,100.0,47.3,B
2021-06-17T13:57:43,1500.0,47.05,S
2021-06-17T13:57:43,1500.0,47.1,S
2021-06-17T13:57:43,300.0,47.1,S
2021-06-17T13:57:43,2200.0,47.1,S
2021-06-17T13:57:43,1300.0,47.1,S
2021-06-17T13:57:36,8800.0,47.15,S
2021-06-17T13:57:35,1500.0,47.2,S
2021-06-17T13:57:35,6300.0,47.2,S
2021-06-17T13:57:35,100.0,47.25,S
2021-06-17T13:57:35,8300.0,47.25,S
2021-06-17T13:57:23,400.0,47.3,B
2021-06-17T13:57:02,2000.0,47.3,B
2021-06-17T13:56:43,400.0,47.3,B
2021-06-17T13:56:41,2000.0,47.3,B
2021-06-17T13:56:33,2000.0,47.3,B
2021-06-17T13:56:26,100.0,47.3,B
2021-06-17T13:56:25,200.0,47.3,B
2021-06-17T13:56:20,500.0,47.3,B
2021-06-17T13:56:18,100.0,47.3,B
2021-06-17T13:56:12,1000.0,47.3,S
2021-06-17T13:56:12,800.0,47.3,S
2021-06-17T13:56:12,1300.0,47.3,S
2021-06-17T13:56:12,2700.0,47.3,S
2021-06-17T13:56:12,500.0,47.3,S
2021-06-17T13:56:12,8000.0,47.3,S
2021-06-17T13:55:30,200.0,47.4,B
2021-06-17T13:55:07,100.0,47.3,S
2021-06-17T13:54:53,2000.0,47.4,B
2021-06-17T13:54:51,100.0,47.4,B
2021-06-17T13:54:51,5000.0,47.4,B
2021-06-17T13:53:50,100.0,47.3,S
2021-06-17T13:53:50,100.0,47.4,S
2021-06-17T13:53:50,1600.0,47.4,S
2021-06-17T13:53:48,1000.0,47.5,S
2021-06-17T13:53:29,500.0,47.5,B
2021-06-17T13:53:21,2000.0,47.6,B
2021-06-17T13:53:19,1800.0,47.5,B
2021-06-17T13:53:15,100.0,47.4,S
2021-06-17T13:53:15,200.0,47.5,B
2021-06-17T13:53:09,200.0,47.5,B
2021-06-17T13:53:04,1000.0,47.4,S
2021-06-17T13:53:03,500.0,47.5,B
2021-06-17T13:52:52,100.0,47.5,S
2021-06-17T13:52:51,100.0,47.5,S
2021-06-17T13:52:51,700.0,47.5,S
2021-06-17T13:52:51,6600.0,47.5,S
2021-06-17T13:52:50,1400.0,47.6,B
2021-06-17T13:52:49,1000.0,47.5,S
2021-06-17T13:52:45,2000.0,47.6,B
2021-06-17T13:52:45,1000.0,47.5,S
2021-06-17T13:52:41,1000.0,47.5,S
2021-06-17T13:52:38,2000.0,47.6,B
2021-06-17T13:52:38,1000.0,47.5,S
2021-06-17T13:52:14,4000.0,47.5,S
2021-06-17T13:52:14,1000.0,47.6,B
2021-06-17T13:52:13,600.0,47.6,B
2021-06-17T13:51:59,2000.0,47.6,B
2021-06-17T13:51:47,900.0,47.6,B
2021-06-17T13:51:12,100.0,47.6,B
2021-06-17T13:50:38,2000.0,47.6,B
2021-06-17T13:50:29,500.0,47.6,B
2021-06-17T13:50:16,200.0,47.6,B
2021-06-17T13:50:14,500.0,47.5,S
2021-06-17T13:50:09,2000.0,47.6,B
2021-06-17T13:50:08,500.0,47.6,B
2021-06-17T13:49:58,2000.0,47.6,B
2021-06-17T13:49:57,500.0,47.6,B
2021-06-17T13:49:45,1000.0,47.7,B
2021-06-17T13:49:44,2000.0,47.6,B
2021-06-17T13:49:44,1000.0,47.6,B
2021-06-17T13:49:35,1000.0,47.5,S
2021-06-17T13:49:31,200.0,47.5,S
2021-06-17T13:49:26,1000.0,47.6,B
2021-06-17T13:49:24,1000.0,47.6,B
2021-06-17T13:49:19,1000.0,47.6,B
2021-06-17T13:49:18,200.0,47.6,B
2021-06-17T13:49:16,200.0,47.6,B
2021-06-17T13:49:01,1000.0,47.6,B
2021-06-17T13:48:58,1900.0,47.6,B
2021-06-17T13:48:47,1000.0,47.6,B
2021-06-17T13:48:43,1000.0,47.6,B
2021-06-17T13:48:38,1000.0,47.6,B
2021-06-17T13:48:22,1000.0,47.6,B
2021-06-17T13:48:14,100.0,47.6,B
2021-06-17T13:47:12,2000.0,47.8,B
2021-06-17T13:47:09,2000.0,47.6,B
2021-06-17T13:47:01,1000.0,47.6,B
2021-06-17T13:46:59,1000.0,47.6,B
2021-06-17T13:46:51,1700.0,47.3,S
2021-06-17T13:46:51,800.0,47.45,B
2021-06-17T13:46:48,5000.0,47.7,B
2021-06-17T13:46:46,400.0,47.6,B
2021-06-17T13:46:46,600.0,47.6,B
2021-06-17T13:46:43,1000.0,47.45,B
2021-06-17T13:46:39,1000.0,47.45,B
2021-06-17T13:46:39,100.0,47.4,B
2021-06-17T13:46:39,2200.0,47.4,B
2021-06-17T13:46:39,200.0,47.4,B
2021-06-17T13:46:04,100.0,47.4,B
2021-06-17T13:45:58,1200.0,47.4,S
2021-06-17T13:45:52,300.0,47.4,S
2021-06-17T13:45:52,1000.0,47.4,S
2021-06-17T13:45:51,1300.0,47.4,S
2021-06-17T13:45:44,2800.0,47.45,S
2021-06-17T13:45:43,2800.0,47.5,B
2021-06-17T13:45:39,700.0,47.5,B
2021-06-17T13:45:37,2000.0,47.5,B
2021-06-17T13:45:30,100.0,47.5,B
2021-06-17T13:45:30,100.0,47.5,B
2021-06-17T13:45:27,200.0,47.5,B
2021-06-17T13:45:22,200.0,47.5,B
2021-06-17T13:44:37,1000.0,47.5,B
2021-06-17T13:44:34,200.0,47.5,B
2021-06-17T13:44:34,800.0,47.45,B
2021-06-17T13:44:32,1000.0,47.45,B
2021-06-17T13:44:14,100.0,47.45,B
2021-06-17T13:44:02,3100.0,47.45,S
2021-06-17T13:43:14,100.0,47.5,B
2021-06-17T13:42:59,500.0,47.5,B
2021-06-17T13:42:57,5200.0,47.5,B
2021-06-17T13:42:54,100.0,47.4,S
2021-06-17T13:42:53,2000.0,47.45,B
2021-06-17T13:42:47,100.0,47.45,B
2021-06-17T13:42:39,500.0,47.45,B
2021-06-17T13:42:18,1400.0,47.45,S
2021-06-17T13:42:18,1000.0,47.45,S
2021-06-17T13:42:09,100.0,47.5,B
2021-06-17T13:41:48,1000.0,47.5,B
2021-06-17T13:41:38,300.0,47.5,B
2021-06-17T13:41:28,100.0,47.5,S
2021-06-17T13:41:21,200.0,47.5,S
2021-06-17T13:41:21,4800.0,47.5,S
2021-06-17T13:41:14,200.0,47.5,S
2021-06-17T13:41:08,200.0,47.5,S
2021-06-17T13:40:58,1000.0,47.5,S
2021-06-17T13:40:29,1000.0,47.5,S
2021-06-17T13:40:22,1000.0,47.6,B
2021-06-17T13:40:02,5000.0,47.5,S
2021-06-17T13:39:44,3700.0,47.5,B
2021-06-17T13:39:42,1000.0,47.45,S
2021-06-17T13:39:26,300.0,47.5,B
2021-06-17T13:39:21,900.0,47.5,B
2021-06-17T13:39:04,5000.0,47.5,S
2021-06-17T13:39:04,900.0,47.5,S
2021-06-17T13:39:04,1000.0,47.5,S
2021-06-17T13:39:04,8200.0,47.5,S
2021-06-17T13:38:38,1800.0,47.6,S
2021-06-17T13:38:38,6800.0,47.65,S
2021-06-17T13:38:31,1000.0,47.75,S
2021-06-17T13:37:37,900.0,47.8,S
2021-06-17T13:37:36,500.0,47.85,B
2021-06-17T13:37:33,1000.0,47.8,S
2021-06-17T13:37:09,100.0,47.85,B
2021-06-17T13:37:09,1000.0,47.8,S
2021-06-17T13:36:51,500.0,47.85,B
2021-06-17T13:36:24,9500.0,47.85,B
2021-06-17T13:36:24,300.0,47.8,B
2021-06-17T13:36:06,100.0,47.8,B
2021-06-17T13:35:47,3400.0,47.75,S
2021-06-17T13:34:59,3300.0,47.75,B
2021-06-17T13:34:59,7300.0,47.7,B
2021-06-17T13:34:55,1000.0,47.5,S
2021-06-17T13:34:49,300.0,47.65,B
2021-06-17T13:34:32,100.0,47.65,B
2021-06-17T13:33:58,100.0,47.65,B
2021-06-17T13:33:53,100.0,47.65,B
2021-06-17T13:33:48,1000.0,47.65,B
2021-06-17T13:33:44,1200.0,47.65,B
2021-06-17T13:33:36,1000.0,47.65,B
2021-06-17T13:33:30,1000.0,47.65,B
2021-06-17T13:33:09,900.0,47.65,S
2021-06-17T13:33:06,1000.0,47.5,S
2021-06-17T13:32:49,500.0,47.5,S
2021-06-17T13:32:25,1000.0,47.75,B
2021-06-17T13:32:22,5000.0,47.7,B
2021-06-17T13:32:07,9700.0,47.55,S
2021-06-17T13:31:38,1300.0,47.6,S
2021-06-17T13:31:35,5000.0,47.6,S
2021-06-17T13:31:32,3000.0,47.7,B
2021-06-17T13:30:56,100.0,47.7,B
2021-06-17T13:30:44,1000.0,47.7,S
2021-06-17T13:30:43,1000.0,47.8,B
2021-06-17T13:30:35,2000.0,47.6,S
2021-06-17T13:30:25,1000.0,47.7,S
2021-06-17T13:30:15,1000.0,47.8,B
2021-06-17T13:30:13,1500.0,47.7,S
2021-06-17T13:30:00,700.0,47.7,S
2021-06-17T13:30:00,5000.0,47.8,B
2021-06-17T13:29:36,100.0,47.75,S
2021-06-17T13:29:32,500.0,47.8,B
2021-06-17T13:29:22,3000.0,47.8,B
2021-06-17T13:29:21,500.0,47.8,B
2021-06-17T13:28:39,200.0,47.8,S
2021-06-17T13:28:39,100.0,47.8,S
2021-06-17T13:28:39,700.0,47.8,S
2021-06-17T13:28:08,2500.0,47.8,S
2021-06-17T13:28:08,300.0,47.8,S
2021-06-17T13:28:08,200.0,47.8,S
2021-06-17T13:28:08,2000.0,47.8,S
2021-06-17T13:27:39,200.0,47.85,S
2021-06-17T13:27:17,100.0,47.85,S
2021-06-17T13:27:14,100.0,47.85,S
2021-06-17T13:27:04,800.0,47.85,S
2021-06-17T13:27:03,1000.0,47.85,S
2021-06-17T13:26:54,5000.0,47.85,S
2021-06-17T13:26:43,200.0,47.85,S
2021-06-17T13:26:38,1000.0,47.9,B
2021-06-17T13:26:18,1000.0,47.85,S
2021-06-17T13:26:10,1000.0,47.9,B
2021-06-17T13:25:46,1000.0,47.85,S
2021-06-17T13:25:31,1000.0,47.9,B
2021-06-17T13:25:16,1000.0,47.9,B
2021-06-17T13:24:52,1100.0,47.85,S
2021-06-17T13:24:27,1000.0,47.85,S
2021-06-17T13:24:22,1000.0,47.85,S
2021-06-17T13:23:17,5000.0,47.9,B
2021-06-17T13:23:03,1000.0,47.8,S
2021-06-17T13:22:45,200.0,47.85,S
2021-06-17T13:22:36,1000.0,47.8,S
2021-06-17T13:22:17,12000.0,47.8,S
2021-06-17T13:21:22,400.0,47.8,S
2021-06-17T13:21:21,500.0,47.9,B
2021-06-17T13:21:15,1000.0,47.85,S
2021-06-17T13:21:11,3900.0,47.8,S
2021-06-17T13:20:16,1000.0,47.8,S
2021-06-17T13:20:08,1200.0,47.8,S
2021-06-17T13:20:05,1000.0,47.9,B
2021-06-17T13:19:52,1000.0,47.9,B
2021-06-17T13:19:48,1500.0,47.9,B
2021-06-17T13:19:31,400.0,47.9,S
2021-06-17T13:19:24,5000.0,47.9,S
2021-06-17T13:19:08,3400.0,47.9,S
2021-06-17T13:18:50,400.0,47.9,S
2021-06-17T13:18:47,1500.0,47.9,S
2021-06-17T13:18:42,5000.0,47.95,B
2021-06-17T13:17:55,1000.0,47.95,S
2021-06-17T13:17:28,700.0,47.95,S
2021-06-17T13:17:27,500.0,47.95,S
2021-06-17T13:17:18,500.0,48.0,B
2021-06-17T13:17:10,100.0,47.95,S
2021-06-17T13:16:41,100.0,47.95,S
2021-06-17T13:16:39,300.0,47.95,S
2021-06-17T13:16:29,100.0,47.95,S
2021-06-17T13:16:13,1500.0,47.95,S
2021-06-17T13:16:13,600.0,48.0,B
2021-06-17T13:16:13,500.0,48.0,B
2021-06-17T13:16:13,1200.0,48.0,B
2021-06-17T13:16:13,700.0,48.0,B
2021-06-17T13:16:13,1200.0,48.0,B
2021-06-17T13:16:13,2100.0,48.0,B
2021-06-17T13:16:12,13700.0,48.0,B
2021-06-17T13:16:01,600.0,47.95,S
2021-06-17T13:15:56,100.0,47.95,S
2021-06-17T13:15:56,200.0,47.95,S
2021-06-17T13:15:53,100.0,48.0,B
2021-06-17T13:15:35,3000.0,47.95,S
2021-06-17T13:15:27,300.0,47.95,S
2021-06-17T13:15:06,9500.0,47.95,S
2021-06-17T13:14:37,100.0,47.95,B
2021-06-17T13:14:30,500.0,47.95,B
2021-06-17T13:14:29,7100.0,47.95,B
2021-06-17T13:14:05,300.0,47.95,B
2021-06-17T13:14:03,100.0,47.95,B
2021-06-17T13:13:36,1400.0,47.95,B
2021-06-17T13:13:36,400.0,47.95,B
2021-06-17T13:12:40,700.0,47.9,S
2021-06-17T13:12:21,100.0,47.95,S
2021-06-17T13:12:11,100.0,47.95,B
2021-06-17T13:12:01,100.0,47.95,B
2021-06-17T13:11:51,10000.0,48.0,B
2021-06-17T13:11:50,900.0,47.95,B
2021-06-17T13:11:40,200.0,47.9,S
2021-06-17T13:11:38,4300.0,47.95,B
2021-06-17T13:11:22,4400.0,47.95,B
2021-06-17T13:10:46,700.0,47.95,S
2021-06-17T13:10:45,1600.0,47.95,S
2021-06-17T13:10:40,1000.0,47.95,S
2021-06-17T13:10:34,100.0,48.0,B
2021-06-17T13:10:25,1000.0,47.95,S
2021-06-17T13:10:21,2300.0,48.0,B
2021-06-17T13:10:16,100.0,47.95,S
2021-06-17T13:10:11,10000.0,47.95,S
2021-06-17T13:09:58,2000.0,47.95,S
2021-06-17T13:09:54,100.0,48.0,B
2021-06-17T13:09:44,2000.0,47.95,S
2021-06-17T13:09:41,1000.0,48.0,B
2021-06-17T13:09:36,1400.0,47.95,S
2021-06-17T13:09:35,100.0,47.95,S
2021-06-17T13:09:11,200.0,48.0,B
2021-06-17T13:08:39,100.0,47.95,S
2021-06-17T13:08:37,400.0,48.0,B
2021-06-17T13:08:33,1000.0,47.95,S
2021-06-17T13:08:20,200.0,47.95,B
2021-06-17T13:08:20,11800.0,47.95,B
2021-06-17T13:08:14,500.0,47.9,S
2021-06-17T13:08:07,1300.0,47.9,S
2021-06-17T13:08:03,1000.0,47.95,B
2021-06-17T13:07:56,5000.0,47.9,S
2021-06-17T13:07:49,1700.0,47.9,B
2021-06-17T13:07:40,5000.0,47.9,B
2021-06-17T13:07:31,2000.0,47.9,B
2021-06-17T13:07:28,1000.0,47.9,B
2021-06-17T13:07:22,400.0,47.9,B
2021-06-17T13:06:57,1500.0,47.9,B
2021-06-17T13:06:14,1700.0,47.9,B
2021-06-17T13:06:14,100.0,47.9,B
2021-06-17T13:06:14,1100.0,47.9,B
2021-06-17T13:06:14,600.0,47.9,B
2021-06-17T13:06:14,100.0,47.9,B
2021-06-17T13:06:14,1200.0,47.9,B
2021-06-17T13:06:14,1500.0,47.9,B
2021-06-17T13:06:14,600.0,47.9,B
2021-06-17T13:06:14,400.0,47.9,B
2021-06-17T13:06:14,2700.0,47.9,B
2021-06-17T13:05:47,1000.0,47.8,B
2021-06-17T13:05:39,9000.0,47.8,B
2021-06-17T13:05:28,400.0,47.8,B
2021-06-17T13:05:28,700.0,47.8,B
2021-06-17T13:05:28,100.0,47.8,B
2021-06-17T13:05:28,300.0,47.8,B
2021-06-17T13:05:28,3600.0,47.8,B
2021-06-17T13:05:28,3500.0,47.8,B
2021-06-17T13:05:28,600.0,47.8,B
2021-06-17T13:05:28,400.0,47.8,B
2021-06-17T13:05:28,400.0,47.7,B
2021-06-17T13:05:23,5000.0,47.7,B
2021-06-17T13:05:10,5000.0,47.7,B
2021-06-17T13:05:09,2400.0,47.65,B
2021-06-17T13:05:09,1100.0,47.65,B
2021-06-17T13:04:54,1000.0,47.6,S
2021-06-17T13:04:54,200.0,47.6,S
2021-06-17T13:04:54,600.0,47.6,S
2021-06-17T13:04:54,3900.0,47.6,B
2021-06-17T13:04:54,1000.0,47.6,B
2021-06-17T13:04:53,2500.0,47.6,B
2021-06-17T13:04:52,100.0,47.6,B
2021-06-17T13:04:37,10000.0,47.6,B
2021-06-17T13:03:54,2000.0,47.6,B
2021-06-17T13:03:52,6000.0,47.55,B
2021-06-17T13:03:47,300.0,47.5,B
2021-06-17T13:03:46,600.0,47.5,B
2021-06-17T13:03:34,1000.0,47.5,B
2021-06-17T13:03:34,100.0,47.5,B
2021-06-17T13:03:34,8900.0,47.5,B
2021-06-17T13:03:30,4900.0,47.5,B
2021-06-17T13:03:30,2000.0,47.5,B
2021-06-17T13:03:30,7800.0,47.5,B
2021-06-17T13:03:25,4200.0,47.5,B
2021-06-17T13:03:15,500.0,47.5,B
2021-06-17T13:03:15,3200.0,47.5,B
2021-06-17T13:03:15,300.0,47.5,B
2021-06-17T13:03:13,2600.0,47.5,B
2021-06-17T13:03:08,800.0,47.45,S
2021-06-17T13:03:07,3500.0,47.5,B
2021-06-17T13:03:03,200.0,47.5,B
2021-06-17T13:03:02,900.0,47.5,B
2021-06-17T13:02:38,400.0,47.5,B
2021-06-17T13:02:38,300.0,47.5,B
2021-06-17T13:02:38,1400.0,47.5,B
2021-06-17T13:02:38,500.0,47.5,B
2021-06-17T13:02:38,2000.0,47.5,B
2021-06-17T13:02:38,15400.0,47.5,B
2021-06-17T13:02:11,100.0,47.45,S
2021-06-17T13:01:37,9700.0,47.45,B
2021-06-17T13:01:26,100.0,47.4,B
2021-06-17T13:01:24,100.0,47.4,B
2021-06-17T13:01:23,100.0,47.4,B
2021-06-17T13:01:22,200.0,47.4,B
2021-06-17T13:01:18,200.0,47.4,B
2021-06-17T13:01:17,100.0,47.4,B
2021-06-17T13:01:02,300.0,47.4,B
2021-06-17T13:01:01,1000.0,47.4,B
2021-06-17T13:00:44,500.0,47.4,B
2021-06-17T13:00:41,100.0,47.4,B
2021-06-17T13:00:36,2000.0,47.45,B
2021-06-17T13:00:36,300.0,47.4,B
2021-06-17T13:00:32,100.0,47.4,B
2021-06-17T13:00:32,500.0,47.4,B
2021-06-17T13:00:32,600.0,47.4,B
2021-06-17T13:00:32,100.0,47.4,B
2021-06-17T13:00:30,1200.0,47.35,S
2021-06-17T13:00:30,200.0,47.4,B
2021-06-17T13:00:30,4800.0,47.4,B
2021-06-17T13:00:29,100.0,47.35,S
2021-06-17T13:00:28,100.0,47.4,B
2021-06-17T13:00:28,100.0,47.4,B
2021-06-17T11:30:07,300.0,47.3,S
2021-06-17T11:29:20,500.0,47.3,S
2021-06-17T11:29:17,500.0,47.3,S
2021-06-17T11:28:50,2000.0,47.3,S
2021-06-17T11:28:45,2500.0,47.35,B
2021-06-17T11:28:09,300.0,47.3,S
2021-06-17T11:26:38,2700.0,47.3,B
2021-06-17T11:26:27,2000.0,47.3,B
2021-06-17T11:26:19,1000.0,47.3,B
2021-06-17T11:25:40,200.0,47.25,S
2021-06-17T11:25:33,3900.0,47.3,B
2021-06-17T11:23:47,300.0,47.25,S
2021-06-17T11:23:37,600.0,47.25,S
2021-06-17T11:23:35,500.0,47.25,S
2021-06-17T11:23:12,2000.0,47.25,S
2021-06-17T11:22:29,1000.0,47.25,S
2021-06-17T11:21:24,200.0,47.25,S
2021-06-17T11:21:22,2000.0,47.25,S
2021-06-17T11:20:15,2000.0,47.25,S
2021-06-17T11:19:57,200.0,47.3,B
2021-06-17T11:19:25,4500.0,47.25,B
2021-06-17T11:19:23,1900.0,47.2,B
2021-06-17T11:19:18,3300.0,47.2,S
2021-06-17T11:19:07,100.0,47.25,B
2021-06-17T11:19:03,700.0,47.2,B
2021-06-17T11:18:17,500.0,47.15,S
2021-06-17T11:18:04,200.0,47.2,B
2021-06-17T11:17:18,500.0,47.2,B
2021-06-17T11:17:11,300.0,47.2,B
2021-06-17T11:17:09,500.0,47.2,B
2021-06-17T11:15:51,1000.0,47.2,B
2021-06-17T11:15:12,500.0,47.15,S
2021-06-17T11:14:28,100.0,47.2,B
2021-06-17T11:14:07,4500.0,47.2,B
2021-06-17T11:13:49,200.0,47.2,B
2021-06-17T11:13:44,1000.0,47.2,B
2021-06-17T11:13:38,100.0,47.2,S
2021-06-17T11:13:29,100.0,47.2,S
2021-06-17T11:13:26,2000.0,47.2,S
2021-06-17T11:12:21,1000.0,47.2,S
2021-06-17T11:12:21,600.0,47.2,S
2021-06-17T11:12:21,200.0,47.2,S
2021-06-17T11:12:20,200.0,47.2,S
2021-06-17T11:10:58,100.0,47.2,S
2021-06-17T11:10:09,100.0,47.2,S
2021-06-17T11:09:40,300.0,47.2,S
2021-06-17T11:09:40,700.0,47.2,S
2021-06-17T11:09:03,300.0,47.2,S
2021-06-17T11:08:26,4000.0,47.2,S
2021-06-17T11:07:48,500.0,47.3,B
2021-06-17T11:07:22,3000.0,47.2,S
2021-06-17T11:07:13,100.0,47.3,B
2021-06-17T11:06:40,100.0,47.3,B
2021-06-17T11:06:34,5000.0,47.3,B
2021-06-17T11:06:31,100.0,47.3,B
2021-06-17T11:06:28,7000.0,47.3,B
2021-06-17T11:06:15,1000.0,47.3,S
2021-06-17T11:06:11,2200.0,47.3,S
2021-06-17T11:06:11,4000.0,47.3,S
2021-06-17T11:05:43,1000.0,47.35,S
2021-06-17T11:05:41,700.0,47.45,B
2021-06-17T11:05:41,300.0,47.45,B
2021-06-17T11:05:41,3000.0,47.4,B
2021-06-17T11:05:18,5000.0,47.4,B
2021-06-17T11:05:08,500.0,47.35,B
2021-06-17T11:04:25,1000.0,47.35,B
2021-06-17T11:04:13,900.0,47.35,B
2021-06-17T11:04:03,1600.0,47.35,S
2021-06-17T11:03:41,200.0,47.35,S
2021-06-17T11:03:20,300.0,47.4,B
2021-06-17T11:03:03,3200.0,47.35,B
2021-06-17T11:03:00,300.0,47.3,S
2021-06-17T11:02:52,400.0,47.35,B
2021-06-17T11:02:47,1000.0,47.3,S
2021-06-17T11:02:38,100.0,47.35,B
2021-06-17T11:02:20,600.0,47.3,S
2021-06-17T11:02:14,1300.0,47.35,B
2021-06-17T11:02:14,8700.0,47.35,B
2021-06-17T11:02:04,700.0,47.3,S
2021-06-17T11:01:27,100.0,47.3,S
2021-06-17T11:01:26,5000.0,47.3,B
2021-06-17T11:01:00,1000.0,47.2,S
2021-06-17T11:00:39,500.0,47.2,S
2021-06-17T10:59:56,500.0,47.2,S
2021-06-17T10:58:11,100.0,47.3,B
2021-06-17T10:58:11,100.0,47.15,B
2021-06-17T10:58:00,1000.0,47.1,S
2021-06-17T10:57:31,900.0,47.1,S
2021-06-17T10:57:31,3200.0,47.1,S
2021-06-17T10:57:31,900.0,47.15,S
2021-06-17T10:57:01,8000.0,47.15,S
2021-06-17T10:57:01,100.0,47.2,S
2021-06-17T10:56:56,600.0,47.35,B
2021-06-17T10:56:46,100.0,47.35,B
2021-06-17T10:56:23,200.0,47.35,B
2021-06-17T10:55:06,200.0,47.35,B
2021-06-17T10:54:45,100.0,47.35,B
2021-06-17T10:54:41,300.0,47.35,B
2021-06-17T10:54:34,2000.0,47.2,S
2021-06-17T10:54:13,2000.0,47.35,B
2021-06-17T10:53:39,100.0,47.4,B
2021-06-17T10:53:34,300.0,47.4,B
2021-06-17T10:52:49,1300.0,47.4,B
2021-06-17T10:52:24,3400.0,47.35,B
2021-06-17T10:52:24,100.0,47.3,B
2021-06-17T10:51:45,2600.0,47.15,B
2021-06-17T10:51:13,200.0,47.15,B
2021-06-17T10:50:51,1000.0,47.15,B
2021-06-17T10:50:16,100.0,47.1,S
2021-06-17T10:50:15,1000.0,47.15,B
2021-06-17T10:50:02,2000.0,47.1,S
2021-06-17T10:50:02,3000.0,47.1,S
2021-06-17T10:49:15,100.0,47.1,S
2021-06-17T10:49:13,200.0,47.15,S
2021-06-17T10:49:06,200.0,47.2,B
2021-06-17T10:48:54,10000.0,47.1,S
2021-06-17T10:48:45,400.0,47.3,B
2021-06-17T10:48:30,4600.0,47.3,S
2021-06-17T10:48:06,600.0,47.4,B
2021-06-17T10:48:06,4400.0,47.4,B
2021-06-17T10:48:03,400.0,47.3,B
2021-06-17T10:47:54,600.0,47.3,S
2021-06-17T10:47:43,700.0,47.35,B
2021-06-17T10:47:01,5300.0,47.35,B
2021-06-17T10:47:00,400.0,47.3,S
2021-06-17T10:46:42,100.0,47.3,S
2021-06-17T10:46:33,300.0,47.35,B
2021-06-17T10:46:13,1000.0,47.3,S
2021-06-17T10:46:09,200.0,47.35,B
2021-06-17T10:45:50,1000.0,47.35,S
2021-06-17T10:45:43,100.0,47.35,S
2021-06-17T10:45:36,500.0,47.35,S
2021-06-17T10:45:20,300.0,47.35,S
2021-06-17T10:44:49,100.0,47.35,B
2021-06-17T10:44:45,500.0,47.35,B
2021-06-17T10:44:38,600.0,47.35,B
2021-06-17T10:44:17,1000.0,47.35,B
2021-06-17T10:44:15,1200.0,47.35,B
2021-06-17T10:44:11,500.0,47.35,B
2021-06-17T10:43:23,52500.0,47.4,B
2021-06-17T10:43:16,1100.0,47.35,B
2021-06-17T10:43:09,1000.0,47.35,B
2021-06-17T10:42:39,19200.0,47.3,B
2021-06-17T10:42:33,100.0,47.2,S
2021-06-17T10:42:29,200.0,47.2,S
2021-06-17T10:42:26,800.0,47.2,S
2021-06-17T10:42:20,500.0,47.2,S
2021-06-17T10:41:43,1600.0,47.2,B
2021-06-17T10:41:23,1000.0,47.1,S
2021-06-17T10:41:22,1000.0,47.1,S
2021-06-17T10:41:19,2000.0,47.1,S
2021-06-17T10:40:51,1000.0,47.1,S
2021-06-17T10:40:30,200.0,47.1,S
2021-06-17T10:40:20,1000.0,47.1,S
2021-06-17T10:40:18,100.0,47.2,B
2021-06-17T10:40:14,100.0,47.25,B
2021-06-17T10:40:03,100.0,47.2,B
2021-06-17T10:39:54,500.0,47.2,B
2021-06-17T10:39:46,900.0,47.2,B
2021-06-17T10:39:46,6500.0,47.2,B
2021-06-17T10:39:34,300.0,47.1,S
2021-06-17T10:39:31,1000.0,47.2,B
2021-06-17T10:38:53,500.0,47.2,B
2021-06-17T10:38:51,2000.0,47.1,S
2021-06-17T10:38:43,2500.0,47.2,S
2021-06-17T10:38:34,2000.0,47.2,S
2021-06-17T10:38:30,400.0,47.2,S
2021-06-17T10:38:28,2200.0,47.2,S
2021-06-17T10:38:22,1000.0,47.2,S
2021-06-17T10:38:18,5400.0,47.3,B
2021-06-17T10:38:11,100.0,47.2,S
2021-06-17T10:38:10,100.0,47.2,S
2021-06-17T10:38:08,2000.0,47.3,B
2021-06-17T10:38:04,400.0,47.3,B
2021-06-17T10:37:38,100.0,47.2,S
2021-06-17T10:37:38,1900.0,47.2,S
2021-06-17T10:37:09,300.0,47.3,S
2021-06-17T10:37:04,100.0,47.2,S
2021-06-17T10:36:58,500.0,47.3,S
2021-06-17T10:36:50,2600.0,47.3,S
2021-06-17T10:36:45,500.0,47.3,S
2021-06-17T10:36:45,2000.0,47.3,S
2021-06-17T10:36:34,500.0,47.3,S
2021-06-17T10:36:34,500.0,47.3,S
2021-06-17T10:36:15,1000.0,47.3,S
2021-06-17T10:36:00,5000.0,47.4,B
2021-06-17T10:35:33,2400.0,47.4,S
2021-06-17T10:35:26,1000.0,47.4,S
2021-06-17T10:34:20,2800.0,47.45,S
2021-06-17T10:34:07,200.0,47.5,B
2021-06-17T10:34:01,200.0,47.5,B
2021-06-17T10:33:50,3400.0,47.5,B
2021-06-17T10:33:45,200.0,47.5,B
2021-06-17T10:33:44,5000.0,47.45,S
2021-06-17T10:33:15,500.0,47.5,B
2021-06-17T10:33:00,500.0,47.45,S
2021-06-17T10:32:41,2600.0,47.5,B
2021-06-17T10:32:40,1000.0,47.4,S
2021-06-17T10:32:09,5000.0,47.4,S
2021-06-17T10:32:05,1000.0,47.45,S
2021-06-17T10:31:53,1000.0,47.5,B
2021-06-17T10:31:53,1000.0,47.5,B
2021-06-17T10:31:43,800.0,47.5,B
2021-06-17T10:31:43,2200.0,47.5,B
2021-06-17T10:31:43,400.0,47.45,S
2021-06-17T10:31:10,400.0,47.45,S
2021-06-17T10:31:09,200.0,47.45,S
2021-06-17T10:31:08,2000.0,47.4,S
2021-06-17T10:31:01,400.0,47.45,S
2021-06-17T10:30:22,100.0,47.4,S
2021-06-17T10:30:21,6000.0,47.5,B
2021-06-17T10:30:19,100.0,47.4,S
2021-06-17T10:30:16,2000.0,47.5,B
2021-06-17T10:30:12,200.0,47.4,S
2021-06-17T10:30:07,200.0,47.5,B
2021-06-17T10:29:50,300.0,47.4,S
2021-06-17T10:29:37,2400.0,47.4,B
2021-06-17T10:29:37,2000.0,47.45,B
2021-06-17T10:29:37,1200.0,47.45,B
2021-06-17T10:29:30,300.0,47.4,B
2021-06-17T10:29:26,100.0,47.4,B
2021-06-17T10:29:26,100.0,47.4,B
2021-06-17T10:29:17,200.0,47.45,B
2021-06-17T10:29:17,2000.0,47.4,B
2021-06-17T10:29:15,5100.0,47.4,B
2021-06-17T10:28:59,1100.0,47.4,B
2021-06-17T10:28:58,1000.0,47.4,B
2021-06-17T10:28:38,2300.0,47.4,B
2021-06-17T10:28:26,1200.0,47.4,B
2021-06-17T10:28:23,500.0,47.3,S
2021-06-17T10:28:19,500.0,47.4,B
2021-06-17T10:28:16,800.0,47.4,B
2021-06-17T10:27:54,100.0,47.4,B
2021-06-17T10:27:28,100.0,47.4,B
2021-06-17T10:27:15,100.0,47.4,B
2021-06-17T10:27:12,300.0,47.4,B
2021-06-17T10:26:59,4000.0,47.2,S
2021-06-17T10:26:54,3000.0,47.3,B
2021-06-17T10:26:53,1500.0,47.2,S
2021-06-17T10:26:45,400.0,47.4,B
2021-06-17T10:26:41,200.0,47.2,B
2021-06-17T10:26:28,200.0,47.2,B
2021-06-17T10:26:26,200.0,47.2,B
2021-06-17T10:26:20,1000.0,47.2,B
2021-06-17T10:25:54,100.0,47.2,S
2021-06-17T10:25:54,900.0,47.2,S
2021-06-17T10:25:54,500.0,47.2,S
2021-06-17T10:25:52,37100.0,47.2,S
2021-06-17T10:25:49,1000.0,47.4,B
2021-06-17T10:25:20,100.0,47.3,B
2021-06-17T10:25:10,100.0,47.3,B
2021-06-17T10:25:08,3500.0,47.2,S
2021-06-17T10:25:06,200.0,47.3,B
2021-06-17T10:25:06,800.0,47.3,B
2021-06-17T10:24:43,100.0,47.3,B
2021-06-17T10:24:15,200.0,47.4,S
2021-06-17T10:24:15,500.0,47.4,S
2021-06-17T10:24:11,3300.0,47.4,B
2021-06-17T10:24:09,100.0,47.3,S
2021-06-17T10:24:06,3000.0,47.4,B
2021-06-17T10:24:05,500.0,47.3,S
2021-06-17T10:24:01,600.0,47.3,S
2021-06-17T10:24:01,200.0,47.4,B
2021-06-17T10:23:57,100.0,47.3,S
2021-06-17T10:23:57,4000.0,47.3,S
2021-06-17T10:23:56,500.0,47.3,S
2021-06-17T10:23:56,200.0,47.3,S
2021-06-17T10:23:36,1100.0,47.3,S
2021-06-17T10:23:25,1000.0,47.3,S
2021-06-17T10:23:11,1000.0,47.3,S
2021-06-17T10:23:10,400.0,47.4,S
2021-06-17T10:23:09,200.0,47.4,S
2021-06-17T10:22:57,100.0,47.45,S
2021-06-17T10:22:52,700.0,47.4,S
2021-06-17T10:22:52,2300.0,47.4,S
2021-06-17T10:22:49,100.0,47.45,S
2021-06-17T10:22:11,1000.0,47.5,B
2021-06-17T10:22:06,200.0,47.5,B
2021-06-17T10:21:56,500.0,47.5,S
2021-06-17T10:21:53,100.0,47.5,S
2021-06-17T10:21:52,5000.0,47.5,S
2021-06-17T10:21:46,300.0,47.5,S
2021-06-17T10:21:44,3000.0,47.5,S
2021-06-17T10:21:42,300.0,47.4,S
2021-06-17T10:21:40,100.0,47.5,S
2021-06-17T10:21:39,400.0,47.5,S
2021-06-17T10:21:38,3000.0,47.5,S
2021-06-17T10:21:34,500.0,47.5,S
2021-06-17T10:21:34,1500.0,47.5,S
2021-06-17T10:21:34,900.0,47.5,S
2021-06-17T10:21:34,3000.0,47.5,S
2021-06-17T10:21:34,5900.0,47.6,B
2021-06-17T10:21:32,100.0,47.6,B
2021-06-17T10:21:32,100.0,47.5,S
2021-06-17T10:21:29,3000.0,47.5,S
2021-06-17T10:21:28,4000.0,47.5,S
2021-06-17T10:21:26,100.0,47.5,S
2021-06-17T10:21:25,200.0,47.6,B
2021-06-17T10:21:09,500.0,47.5,S
2021-06-17T10:21:03,400.0,47.6,S
2021-06-17T10:21:02,200.0,47.6,S
2021-06-17T10:20:46,300.0,47.6,S
2021-06-17T10:20:42,100.0,47.6,S
2021-06-17T10:20:36,500.0,47.6,S
2021-06-17T10:20:32,200.0,47.6,S
2021-06-17T10:20:26,500.0,47.7,S
2021-06-17T10:20:06,2600.0,47.7,S
2021-06-17T10:19:43,100.0,47.75,S
2021-06-17T10:19:35,500.0,47.75,S
2021-06-17T10:19:33,1400.0,47.8,S
2021-06-17T10:19:32,100.0,47.8,S
2021-06-17T10:19:23,100.0,47.8,S
2021-06-17T10:19:15,100.0,47.8,S
2021-06-17T10:19:06,1000.0,47.9,B
2021-06-17T10:19:06,500.0,47.9,B
2021-06-17T10:18:51,100.0,47.9,B
2021-06-17T10:18:41,1200.0,47.9,S
2021-06-17T10:18:41,100.0,47.9,S
2021-06-17T10:18:41,500.0,47.9,S
2021-06-17T10:18:40,3100.0,47.9,S
2021-06-17T10:18:38,2000.0,47.9,S
2021-06-17T10:18:32,100.0,48.0,B
2021-06-17T10:18:16,100.0,48.0,B
2021-06-17T10:18:14,100.0,47.9,S
2021-06-17T10:18:12,100.0,47.9,S
2021-06-17T10:18:12,1000.0,47.9,S
2021-06-17T10:18:11,1000.0,47.9,S
2021-06-17T10:18:10,500.0,48.0,B
2021-06-17T10:18:10,2100.0,47.9,S
2021-06-17T10:18:05,100.0,47.9,B
2021-06-17T10:18:03,600.0,47.9,B
2021-06-17T10:18:03,2600.0,47.9,B
2021-06-17T10:18:00,3000.0,47.7,S
2021-06-17T10:17:56,1000.0,47.9,B
2021-06-17T10:17:41,1000.0,47.9,B
2021-06-17T10:17:38,1900.0,47.9,B
2021-06-17T10:17:30,500.0,47.9,B
2021-06-17T10:17:17,500.0,47.9,S
2021-06-17T10:17:16,19000.0,48.0,B
2021-06-17T10:17:14,1000.0,48.0,B
2021-06-17T10:17:12,500.0,47.9,S
2021-06-17T10:16:56,100.0,48.0,B
2021-06-17T10:16:54,1400.0,48.0,B
2021-06-17T10:16:50,700.0,47.9,B
2021-06-17T10:16:42,2100.0,48.0,B
2021-06-17T10:16:36,500.0,48.0,B
2021-06-17T10:16:31,1000.0,48.0,B
2021-06-17T10:16:24,500.0,47.6,S
2021-06-17T10:16:19,100.0,48.0,B
2021-06-17T10:16:17,300.0,48.0,B
2021-06-17T10:16:16,5900.0,48.0,B
2021-06-17T10:16:16,1900.0,48.0,B
2021-06-17T10:16:16,3100.0,48.0,B
2021-06-17T10:16:16,1000.0,47.9,S
2021-06-17T10:16:15,1000.0,48.0,B
2021-06-17T10:16:15,1400.0,48.0,B
2021-06-17T10:16:13,1000.0,48.0,B
2021-06-17T10:16:11,100.0,48.0,B
2021-06-17T10:16:10,3000.0,48.0,B
2021-06-17T10:16:05,1000.0,48.0,B
2021-06-17T10:16:04,500.0,48.0,B
2021-06-17T10:16:04,500.0,48.0,B
2021-06-17T10:16:02,200.0,48.0,B
2021-06-17T10:16:02,200.0,47.9,S
2021-06-17T10:16:00,500.0,48.0,B
2021-06-17T10:16:00,5000.0,48.0,B
2021-06-17T10:15:58,1000.0,48.0,B
2021-06-17T10:15:58,8300.0,48.0,B
2021-06-17T10:15:58,100.0,48.0,B
2021-06-17T10:15:56,200.0,47.9,S
2021-06-17T10:15:53,1000.0,47.9,S
2021-06-17T10:15:51,1000.0,48.0,B
2021-06-17T10:15:50,12100.0,48.0,B
2021-06-17T10:15:49,400.0,48.0,B
2021-06-17T10:15:48,300.0,48.0,B
2021-06-17T10:15:46,700.0,48.0,B
2021-06-17T10:15:43,3000.0,48.0,B
2021-06-17T10:15:40,1900.0,48.0,B
2021-06-17T10:15:40,200.0,48.0,B
2021-06-17T10:15:40,200.0,48.0,B
2021-06-17T10:15:40,200.0,48.0,B
2021-06-17T10:15:40,1000.0,48.0,B
2021-06-17T10:15:39,1000.0,47.9,S
2021-06-17T10:15:32,400.0,48.0,B
2021-06-17T10:15:31,500.0,47.9,B
2021-06-17T10:15:30,300.0,48.0,B
2021-06-17T10:15:27,100.0,47.9,B
2021-06-17T10:15:27,400.0,47.9,B
2021-06-17T10:15:25,2000.0,48.0,B
2021-06-17T10:15:24,200.0,47.9,B
2021-06-17T10:15:24,3900.0,47.9,B
2021-06-17T10:15:24,600.0,47.9,B
2021-06-17T10:15:20,1000.0,47.5,B
2021-06-17T10:15:15,4100.0,47.9,B
2021-06-17T10:15:15,200.0,47.8,B
2021-06-17T10:15:14,700.0,47.7,B
2021-06-17T10:15:10,1500.0,47.7,B
2021-06-17T10:15:10,100.0,47.6,B
2021-06-17T10:15:07,7400.0,47.6,B
2021-06-17T10:15:05,5000.0,47.5,B
2021-06-17T10:15:03,700.0,47.5,B
2021-06-17T10:15:03,1500.0,47.5,B
2021-06-17T10:14:59,1000.0,47.5,B
2021-06-17T10:14:57,4500.0,47.5,B
2021-06-17T10:14:56,1100.0,47.5,B
2021-06-17T10:14:54,2000.0,47.5,B
2021-06-17T10:14:47,6000.0,47.5,B
2021-06-17T10:14:44,1000.0,47.5,B
2021-06-17T10:14:41,1000.0,47.4,S
2021-06-17T10:14:40,100.0,47.4,B
2021-06-17T10:14:34,1100.0,47.4,B
2021-06-17T10:14:34,1400.0,47.4,B
2021-06-17T10:14:28,2000.0,47.4,B
2021-06-17T10:14:26,5000.0,47.4,B
2021-06-17T10:14:25,200.0,47.5,B
2021-06-17T10:14:25,2000.0,47.5,B
2021-06-17T10:14:25,500.0,47.4,B
2021-06-17T10:14:10,100.0,47.4,B
2021-06-17T10:14:09,1500.0,47.4,B
2021-06-17T10:14:06,1000.0,47.4,B
2021-06-17T10:14:06,1500.0,47.4,B
2021-06-17T10:14:02,1000.0,47.3,S
2021-06-17T10:14:00,4400.0,47.4,B
2021-06-17T10:13:55,200.0,47.4,B
2021-06-17T10:13:55,100.0,47.4,B
2021-06-17T10:13:54,2100.0,47.3,B
2021-06-17T10:13:52,800.0,47.3,B
2021-06-17T10:13:47,1500.0,47.3,B
2021-06-17T10:13:47,100.0,47.3,B
2021-06-17T10:13:46,1000.0,47.3,B
2021-06-17T10:13:40,2700.0,47.2,S
2021-06-17T10:13:37,1000.0,47.2,S
2021-06-17T10:13:36,1200.0,47.3,B
2021-06-17T10:13:36,700.0,47.3,B
2021-06-17T10:13:35,1000.0,47.3,B
2021-06-17T10:13:34,6500.0,47.2,S
2021-06-17T10:13:33,500.0,47.3,B
2021-06-17T10:13:29,1000.0,47.2,S
2021-06-17T10:13:29,200.0,47.2,B
2021-06-17T10:13:27,200.0,47.2,B
2021-06-17T10:13:27,7300.0,47.2,B
2021-06-17T10:13:16,400.0,47.2,B
2021-06-17T10:13:16,1000.0,47.2,B
2021-06-17T10:13:16,600.0,47.1,B
2021-06-17T10:13:16,3000.0,47.1,B
2021-06-17T10:13:12,3100.0,47.1,B
2021-06-17T10:13:09,3000.0,47.0,S
2021-06-17T10:13:01,400.0,47.1,B
2021-06-17T10:13:00,3000.0,47.0,S
2021-06-17T10:13:00,500.0,47.1,B
2021-06-17T10:12:54,2000.0,47.05,B
2021-06-17T10:12:52,500.0,47.05,B
2021-06-17T10:12:52,300.0,47.0,S
2021-06-17T10:12:51,600.0,47.0,S
2021-06-17T10:12:43,100.0,47.0,B
2021-06-17T10:12:33,200.0,47.0,B
2021-06-17T10:12:33,100.0,47.0,B
2021-06-17T10:12:33,500.0,47.05,B
2021-06-17T10:12:32,100.0,47.0,B
2021-06-17T10:12:32,1000.0,47.0,B
2021-06-17T10:12:30,100.0,47.0,B
2021-06-17T10:12:29,1000.0,47.0,B
2021-06-17T10:12:20,800.0,47.0,B
2021-06-17T10:12:19,200.0,47.0,B
2021-06-17T10:12:19,300.0,47.0,B
2021-06-17T10:12:19,2500.0,47.0,B
2021-06-17T10:12:15,10000.0,47.0,B
2021-06-17T10:12:13,10000.0,47.0,B
2021-06-17T10:12:13,20000.0,47.0,B
2021-06-17T10:12:12,1000.0,47.0,B
2021-06-17T10:12:12,200.0,47.0,B
2021-06-17T10:12:09,1000.0,47.0,B
2021-06-17T10:12:06,200.0,47.0,B
2021-06-17T10:12:05,3000.0,46.9,S
2021-06-17T10:12:05,5900.0,47.0,B
2021-06-17T10:12:04,2400.0,47.0,B
2021-06-17T10:11:58,2700.0,47.0,B
2021-06-17T10:11:58,7300.0,47.0,B
2021-06-17T10:11:55,1000.0,47.0,B
2021-06-17T10:11:51,200.0,47.0,B
2021-06-17T10:11:51,1400.0,47.0,B
2021-06-17T10:11:51,2000.0,46.9,S
2021-06-17T10:11:48,3400.0,47.0,B
2021-06-17T10:11:48,1600.0,47.0,B
2021-06-17T10:11:43,200.0,47.0,B
2021-06-17T10:11:43,400.0,47.0,B
2021-06-17T10:11:43,100.0,47.0,B
2021-06-17T10:11:43,2300.0,47.0,B
2021-06-17T10:11:43,1000.0,47.0,B
2021-06-17T10:11:40,100.0,46.9,S
2021-06-17T10:11:39,5000.0,47.0,B
2021-06-17T10:11:38,200.0,46.9,S
2021-06-17T10:11:37,2000.0,46.9,S
2021-06-17T10:11:37,10100.0,47.0,B
2021-06-17T10:11:37,11800.0,47.0,B
2021-06-17T10:11:37,300.0,47.0,B
2021-06-17T10:11:36,1200.0,47.0,B
2021-06-17T10:11:36,6600.0,47.0,B
2021-06-17T10:11:29,2000.0,47.0,B
2021-06-17T10:11:28,200.0,47.0,B
2021-06-17T10:11:27,3000.0,46.9,S
2021-06-17T10:11:19,12300.0,46.9,B
2021-06-17T10:11:19,3000.0,46.9,B
2021-06-17T10:11:17,100.0,46.85,B
2021-06-17T10:11:10,2200.0,46.9,B
2021-06-17T10:11:02,500.0,46.85,B
2021-06-17T10:11:00,1500.0,46.8,S
2021-06-17T10:10:48,7400.0,46.8,B
2021-06-17T10:10:48,5600.0,46.8,B
2021-06-17T10:10:45,800.0,46.8,B
2021-06-17T10:10:45,3100.0,46.8,B
2021-06-17T10:10:43,400.0,46.8,B
2021-06-17T10:10:28,20000.0,46.8,B
2021-06-17T10:10:26,2000.0,46.8,B
2021-06-17T10:10:26,2000.0,46.8,B
2021-06-17T10:10:21,300.0,46.7,S
2021-06-17T10:10:10,5200.0,46.8,B
2021-06-17T10:10:10,700.0,46.8,B
2021-06-17T10:10:01,1700.0,46.7,S
2021-06-17T10:10:01,800.0,46.75,S
2021-06-17T10:09:52,5300.0,46.8,B
2021-06-17T10:09:50,2000.0,46.7,S
2021-06-17T10:09:49,200.0,46.75,B
2021-06-17T10:09:48,900.0,46.75,B
2021-06-17T10:09:47,100.0,46.75,B
2021-06-17T10:09:45,500.0,46.7,S
2021-06-17T10:09:35,1000.0,46.75,B
2021-06-17T10:09:35,1100.0,46.75,B
2021-06-17T10:09:23,1000.0,46.7,S
2021-06-17T10:09:18,300.0,46.75,B
2021-06-17T10:09:18,500.0,46.75,B
2021-06-17T10:09:15,1100.0,46.75,B
2021-06-17T10:09:13,200.0,46.7,S
2021-06-17T10:09:05,2000.0,46.75,B
2021-06-17T10:09:01,2200.0,46.7,S
2021-06-17T10:09:01,600.0,46.75,B
2021-06-17T10:09:00,1200.0,46.75,B
2021-06-17T10:08:59,500.0,46.75,B
2021-06-17T10:08:44,400.0,46.7,S
2021-06-17T10:08:44,500.0,46.7,S
2021-06-17T10:08:44,3000.0,46.7,B
2021-06-17T10:08:44,1000.0,46.7,B
2021-06-17T10:08:44,6200.0,46.7,B
2021-06-17T10:08:44,14100.0,46.7,B
2021-06-17T10:08:44,1300.0,46.6,B
2021-06-17T10:08:44,15900.0,46.6,B
2021-06-17T10:08:40,2400.0,46.5,B
2021-06-17T10:08:40,100.0,46.5,B
2021-06-17T10:08:32,600.0,46.5,B
2021-06-17T10:08:32,5000.0,46.5,B
2021-06-17T10:08:32,500.0,46.5,B
2021-06-17T10:08:32,100.0,46.5,B
2021-06-17T10:08:32,2100.0,46.5,B
2021-06-17T10:08:32,1000.0,46.5,S
2021-06-17T10:08:28,2000.0,46.5,S
2021-06-17T10:08:28,300.0,46.5,S
2021-06-17T10:08:28,800.0,46.5,S
2021-06-17T10:08:28,4200.0,46.5,S
2021-06-17T10:08:24,300.0,46.6,B
2021-06-17T10:08:24,100.0,46.5,S
2021-06-17T10:08:24,3200.0,46.6,B
2021-06-17T10:08:24,5500.0,46.6,B
2021-06-17T10:08:24,11300.0,46.6,B
2021-06-17T10:07:12,1000.0,46.5,S
2021-06-17T10:07:05,17000.0,46.6,B
2021-06-17T10:07:00,2000.0,46.5,S
2021-06-17T10:06:59,100.0,46.55,B
2021-06-17T10:06:55,500.0,46.5,S
2021-06-17T10:06:50,800.0,46.5,S
2021-06-17T10:06:49,300.0,46.5,S
2021-06-17T10:06:49,4400.0,46.6,B
2021-06-17T10:06:47,900.0,46.6,B
2021-06-17T10:06:40,5000.0,46.5,S
2021-06-17T10:06:40,500.0,46.5,S
2021-06-17T10:06:40,200.0,46.5,S
2021-06-17T10:06:40,100.0,46.6,B
2021-06-17T10:06:40,500.0,46.6,B
2021-06-17T10:06:40,800.0,46.6,B
2021-06-17T10:06:40,500.0,46.5,S
2021-06-17T10:06:40,300.0,46.5,B
2021-06-17T10:06:40,5000.0,46.5,B
2021-06-17T10:06:40,2200.0,46.5,B
2021-06-17T10:06:34,5000.0,46.5,B
2021-06-17T10:06:34,2000.0,46.5,B
2021-06-17T10:06:34,10000.0,46.5,B
2021-06-17T10:06:34,4700.0,46.5,B
2021-06-17T10:06:30,1000.0,46.5,S
2021-06-17T10:06:30,3000.0,46.5,S
2021-06-17T10:06:26,2000.0,46.5,S
2021-06-17T10:05:43,200.0,46.5,S
2021-06-17T10:05:41,100.0,46.5,S
2021-06-17T10:05:40,10000.0,46.5,S
2021-06-17T10:05:36,2500.0,46.5,S
2021-06-17T10:05:34,100.0,46.5,S
2021-06-17T10:05:32,2000.0,46.5,B
2021-06-17T10:05:26,2900.0,46.5,B
2021-06-17T10:05:26,2000.0,46.5,B
2021-06-17T10:05:22,200.0,46.5,B
2021-06-17T10:05:22,100.0,46.5,B
2021-06-17T10:05:22,700.0,46.5,B
2021-06-17T10:05:20,500.0,46.5,B
2021-06-17T10:05:19,2300.0,46.5,B
2021-06-17T10:05:19,1500.0,46.5,B
2021-06-17T10:05:17,200.0,46.5,B
2021-06-17T10:05:17,1000.0,46.5,B
2021-06-17T10:05:13,100.0,46.3,S
2021-06-17T10:05:11,3000.0,46.5,B
2021-06-17T10:05:10,20000.0,46.5,B
2021-06-17T10:05:06,3000.0,46.5,B
2021-06-17T10:05:06,2800.0,46.5,B
2021-06-17T10:05:04,5500.0,46.5,B
2021-06-17T10:05:04,600.0,46.5,B
2021-06-17T10:05:04,2200.0,46.5,B
2021-06-17T10:05:04,5500.0,46.5,B
2021-06-17T10:05:04,800.0,46.5,B
2021-06-17T10:05:04,1000.0,46.5,B
2021-06-17T10:05:04,3400.0,46.5,B
2021-06-17T10:05:03,10200.0,46.3,S
2021-06-17T10:04:58,200.0,46.45,B
2021-06-17T10:04:54,19000.0,46.5,B
2021-06-17T10:04:54,500.0,46.5,B
2021-06-17T10:04:52,30000.0,46.5,B
2021-06-17T10:04:50,5800.0,46.5,B
2021-06-17T10:04:43,18000.0,46.5,B
2021-06-17T10:04:43,200.0,46.45,B
2021-06-17T10:04:40,200.0,46.4,S
2021-06-17T10:04:39,3000.0,46.5,B
2021-06-17T10:04:38,1900.0,46.5,B
2021-06-17T10:04:38,1500.0,46.5,B
2021-06-17T10:04:38,6600.0,46.5,B
2021-06-17T10:04:36,1200.0,46.5,B
2021-06-17T10:04:30,4000.0,46.5,B
2021-06-17T10:04:24,5000.0,46.4,S
2021-06-17T10:04:24,100.0,46.4,S
2021-06-17T10:04:11,3000.0,46.45,B
2021-06-17T10:04:11,5300.0,46.4,B
2021-06-17T10:04:05,16500.0,46.2,S
2021-06-17T10:04:00,200.0,46.4,B
2021-06-17T10:04:00,100.0,46.4,B
2021-06-17T10:03:59,1000.0,46.3,S
2021-06-17T10:03:58,200.0,46.4,B
2021-06-17T10:03:55,100.0,46.3,S
2021-06-17T10:03:51,100.0,46.3,B
2021-06-17T10:03:43,3000.0,46.4,B
2021-06-17T10:03:39,5000.0,46.3,B
2021-06-17T10:03:38,2000.0,46.3,B
2021-06-17T10:03:28,1000.0,46.3,B
2021-06-17T10:03:22,700.0,46.3,B
2021-06-17T10:03:19,500.0,46.3,B
2021-06-17T10:03:19,2500.0,46.4,B
2021-06-17T10:03:18,1400.0,46.3,B
2021-06-17T10:03:07,200.0,46.3,B
2021-06-17T10:03:02,1200.0,46.2,B
2021-06-17T10:02:59,1100.0,46.2,B
2021-06-17T10:02:56,1500.0,46.2,B
2021-06-17T10:02:52,1000.0,46.2,B
2021-06-17T10:02:49,6900.0,46.2,B
2021-06-17T10:02:41,500.0,46.2,B
2021-06-17T10:02:35,10000.0,46.2,S
2021-06-17T10:02:32,1000.0,46.2,S
2021-06-17T10:02:32,3500.0,46.2,S
2021-06-17T10:02:31,100.0,46.4,B
2021-06-17T10:02:30,100.0,46.4,B
2021-06-17T10:02:29,5000.0,46.3,B
2021-06-17T10:02:17,4900.0,46.4,B
2021-06-17T10:02:17,900.0,46.35,B
2021-06-17T10:02:17,100.0,46.3,B
2021-06-17T10:02:17,4100.0,46.3,B
2021-06-17T10:02:11,1100.0,46.2,S
2021-06-17T10:02:09,8000.0,46.3,B
2021-06-17T10:02:06,1900.0,46.25,S
2021-06-17T10:02:03,1000.0,46.25,S
2021-06-17T10:02:03,4800.0,46.3,B
2021-06-17T10:02:01,10000.0,46.3,B
2021-06-17T10:01:58,200.0,46.3,B
2021-06-17T10:01:58,3800.0,46.3,B
2021-06-17T10:01:51,500.0,46.3,B
2021-06-17T10:01:48,8000.0,46.3,B
2021-06-17T10:01:47,100.0,46.3,B
2021-06-17T10:01:46,300.0,46.3,B
2021-06-17T10:01:44,1000.0,46.3,B
2021-06-17T10:01:39,4900.0,46.3,B
2021-06-17T10:01:37,500.0,46.3,B
2021-06-17T10:01:35,200.0,46.3,B
2021-06-17T10:01:32,6000.0,46.3,B
2021-06-17T10:01:32,1000.0,46.3,B
2021-06-17T10:01:29,15000.0,46.15,S
2021-06-17T10:01:28,900.0,46.3,B
2021-06-17T10:01:24,200.0,46.3,B
2021-06-17T10:01:24,2000.0,46.3,B
2021-06-17T10:01:24,19000.0,46.3,B
2021-06-17T10:01:18,3000.0,46.3,B
2021-06-17T10:01:17,2000.0,46.2,S
2021-06-17T10:01:16,2000.0,46.3,B
2021-06-17T10:01:14,2900.0,46.3,B
2021-06-17T10:01:09,1500.0,46.3,B
2021-06-17T10:01:08,1500.0,46.3,B
2021-06-17T10:01:04,2000.0,46.3,B
2021-06-17T10:01:04,1500.0,46.3,B
2021-06-17T10:01:04,1000.0,46.25,S
2021-06-17T10:00:59,2500.0,46.3,B
2021-06-17T10:00:56,200.0,46.3,B
2021-06-17T10:00:52,1000.0,46.3,B
2021-06-17T10:00:46,5000.0,46.3,B
2021-06-17T10:00:36,3000.0,46.3,B
2021-06-17T10:00:29,300.0,46.25,B
2021-06-17T10:00:27,900.0,46.25,B
2021-06-17T10:00:27,1000.0,46.2,B
2021-06-17T10:00:22,100.0,46.2,B
2021-06-17T10:00:21,200.0,46.2,B
2021-06-17T10:00:21,10400.0,46.2,B
2021-06-17T10:00:21,11100.0,46.2,B
2021-06-17T10:00:21,3500.0,46.2,B
2021-06-17T10:00:21,800.0,46.2,B
2021-06-17T10:00:21,17300.0,46.1,B
2021-06-17T10:00:20,100.0,46.05,S
2021-06-17T10:00:19,1000.0,46.1,B
2021-06-17T10:00:18,100.0,46.05,S
2021-06-17T10:00:01,3100.0,46.1,B
2021-06-17T10:00:00,100.0,46.0,S
2021-06-17T09:59:51,400.0,46.0,B
2021-06-17T09:59:48,1000.0,46.05,B
2021-06-17T09:59:48,100.0,46.0,B
2021-06-17T09:59:48,600.0,46.0,B
2021-06-17T09:59:47,5600.0,46.0,B
2021-06-17T09:59:42,3000.0,46.0,B
2021-06-17T09:59:42,100.0,46.0,B
2021-06-17T09:59:41,2200.0,46.0,B
2021-06-17T09:59:36,100.0,45.95,S
2021-06-17T09:59:34,900.0,46.0,B
2021-06-17T09:59:34,1100.0,46.0,B
2021-06-17T09:59:29,1000.0,45.9,B
2021-06-17T09:59:29,1100.0,46.0,B
2021-06-17T09:59:28,2100.0,46.0,B
2021-06-17T09:59:26,8300.0,46.0,B
2021-06-17T09:59:25,2500.0,46.0,B
2021-06-17T09:59:25,2500.0,46.0,B
2021-06-17T09:59:14,3000.0,46.0,B
2021-06-17T09:59:12,100.0,45.9,B
2021-06-17T09:59:12,30000.0,46.0,B
2021-06-17T09:59:11,1000.0,46.0,B
2021-06-17T09:59:08,2000.0,46.0,B
2021-06-17T09:59:06,1800.0,46.0,B
2021-06-17T09:59:06,3500.0,46.0,B
2021-06-17T09:59:06,200.0,46.0,B
2021-06-17T09:59:06,4500.0,46.0,B
2021-06-17T09:59:05,5000.0,46.0,B
2021-06-17T09:59:05,2100.0,46.0,B
2021-06-17T09:59:05,1700.0,46.0,B
2021-06-17T09:59:05,2800.0,46.0,B
2021-06-17T09:59:04,500.0,45.9,B
2021-06-17T09:58:58,1000.0,45.9,B
2021-06-17T09:58:57,500.0,45.9,B
2021-06-17T09:58:49,4700.0,46.0,B
2021-06-17T09:58:47,700.0,46.0,B
2021-06-17T09:58:47,5100.0,46.0,B
2021-06-17T09:58:47,24200.0,46.0,B
2021-06-17T09:58:46,800.0,46.0,B
2021-06-17T09:58:44,3000.0,46.0,B
2021-06-17T09:58:44,6200.0,45.8,S
2021-06-17T09:58:44,3800.0,45.8,S
2021-06-17T09:58:43,5000.0,46.0,B
2021-06-17T09:58:43,5000.0,46.0,B
2021-06-17T09:58:42,7000.0,46.0,B
2021-06-17T09:58:33,5000.0,46.0,B
2021-06-17T09:58:32,6100.0,46.0,B
2021-06-17T09:58:31,5000.0,45.95,S
2021-06-17T09:58:28,4800.0,46.0,B
2021-06-17T09:58:25,5000.0,46.0,B
2021-06-17T09:58:20,5000.0,45.9,S
2021-06-17T09:58:19,2000.0,45.9,S
2021-06-17T09:58:18,1300.0,45.95,B
2021-06-17T09:58:16,200.0,45.95,B
2021-06-17T09:58:16,2000.0,45.95,B
2021-06-17T09:58:16,4000.0,45.95,B
2021-06-17T09:58:08,10000.0,45.9,S
2021-06-17T09:58:02,500.0,45.9,S
2021-06-17T09:57:58,500.0,45.9,S
2021-06-17T09:57:52,31400.0,45.9,B
2021-06-17T09:57:52,4000.0,45.9,B
2021-06-17T09:57:51,1400.0,45.9,B
2021-06-17T09:57:51,5100.0,45.9,B
2021-06-17T09:57:51,15300.0,45.85,B
2021-06-17T09:57:51,1000.0,45.85,B
2021-06-17T09:57:51,500.0,45.8,B
2021-06-17T09:57:51,9900.0,45.8,B
2021-06-17T09:57:45,100.0,45.8,B
2021-06-17T09:57:45,4700.0,45.8,B
2021-06-17T09:57:45,100.0,45.8,B
2021-06-17T09:57:45,8100.0,45.8,B
2021-06-17T09:57:45,1100.0,45.8,B
2021-06-17T09:57:45,1000.0,45.8,B
2021-06-17T09:57:36,3400.0,45.8,B
2021-06-17T09:57:36,1300.0,45.8,B
2021-06-17T09:57:36,3000.0,45.8,B
2021-06-17T09:57:36,2700.0,45.8,B
2021-06-17T09:57:30,300.0,45.7,S
2021-06-17T09:57:19,300.0,45.7,B
2021-06-17T09:57:15,1700.0,45.7,B
2021-06-17T09:57:15,300.0,45.7,B
2021-06-17T09:57:13,2200.0,45.7,B
2021-06-17T09:57:12,5700.0,45.7,B
2021-06-17T09:57:03,1800.0,45.7,B
2021-06-17T09:57:02,200.0,45.65,S
2021-06-17T09:57:00,1800.0,45.7,B
2021-06-17T09:56:59,100.0,45.7,B
2021-06-17T09:56:59,4100.0,45.7,B
2021-06-17T09:56:58,100.0,45.7,B
2021-06-17T09:56:57,2000.0,45.7,B
2021-06-17T09:56:54,5000.0,45.7,B
2021-06-17T09:56:43,3000.0,45.7,B
2021-06-17T09:56:40,5000.0,45.7,B
2021-06-17T09:56:34,400.0,45.7,B
2021-06-17T09:56:23,300.0,45.7,B
2021-06-17T09:56:21,10000.0,45.7,B
2021-06-17T09:56:19,2000.0,45.65,S
2021-06-17T09:56:04,700.0,45.6,B
2021-06-17T09:56:00,1000.0,45.6,B
2021-06-17T09:55:55,700.0,45.6,B
2021-06-17T09:55:44,1600.0,45.6,B
2021-06-17T09:55:27,2500.0,45.6,B
2021-06-17T09:55:22,800.0,45.6,B
2021-06-17T09:55:16,500.0,45.5,S
2021-06-17T09:54:59,100.0,45.5,B
2021-06-17T09:54:58,1600.0,45.5,B
2021-06-17T09:54:58,200.0,45.5,B
2021-06-17T09:54:39,100.0,45.5,B
2021-06-17T09:54:39,900.0,45.5,B
2021-06-17T09:54:27,300.0,45.5,B
2021-06-17T09:54:18,100.0,45.4,S
2021-06-17T09:54:16,900.0,45.4,S
2021-06-17T09:53:52,5200.0,45.4,B
2021-06-17T09:53:21,100.0,45.3,B
2021-06-17T09:53:07,1000.0,45.3,B
2021-06-17T09:53:07,100.0,45.2,S
2021-06-17T09:53:03,100.0,45.3,B
2021-06-17T09:52:58,2200.0,45.4,B
2021-06-17T09:52:50,400.0,45.3,B
2021-06-17T09:52:49,100.0,45.3,B
2021-06-17T09:52:34,100.0,45.3,S
2021-06-17T09:52:31,500.0,45.3,S
2021-06-17T09:52:28,200.0,45.3,S
2021-06-17T09:52:27,500.0,45.3,S
2021-06-17T09:52:26,100.0,45.3,S
2021-06-17T09:52:18,500.0,45.3,S
2021-06-17T09:52:10,2000.0,45.3,S
2021-06-17T09:52:00,1000.0,45.3,S
2021-06-17T09:51:55,1100.0,45.3,S
2021-06-17T09:51:55,500.0,45.3,S
2021-06-17T09:51:55,500.0,45.3,S
2021-06-17T09:51:55,2600.0,45.3,S
2021-06-17T09:51:47,3000.0,45.4,B
2021-06-17T09:51:26,300.0,45.4,B
2021-06-17T09:50:38,1500.0,45.3,B
2021-06-17T09:50:12,1000.0,45.3,B
2021-06-17T09:50:08,100.0,45.3,B
2021-06-17T09:50:03,400.0,45.3,S
2021-06-17T09:49:29,1000.0,45.4,B
2021-06-17T09:49:24,300.0,45.2,S
2021-06-17T09:49:24,1100.0,45.2,S
2021-06-17T09:49:07,200.0,45.4,B
2021-06-17T09:48:39,3900.0,45.2,S
2021-06-17T09:48:28,100.0,45.4,B
2021-06-17T09:48:02,2500.0,45.4,B
2021-06-17T09:47:56,1600.0,45.3,S
2021-06-17T09:47:56,1400.0,45.3,S
2021-06-17T09:47:52,100.0,45.3,S
2021-06-17T09:47:49,1000.0,45.3,S
2021-06-17T09:47:20,200.0,45.3,S
2021-06-17T09:46:25,1000.0,45.3,S
2021-06-17T09:46:20,600.0,45.4,S
2021-06-17T09:46:20,300.0,45.4,S
2021-06-17T09:46:20,200.0,45.4,S
2021-06-17T09:46:19,12000.0,45.4,S
2021-06-17T09:46:08,100.0,45.45,S
2021-06-17T09:46:07,2500.0,45.5,S
2021-06-17T09:45:50,100.0,45.5,S
2021-06-17T09:45:40,10000.0,45.5,S
2021-06-17T09:45:26,2000.0,45.5,S
2021-06-17T09:45:23,1000.0,45.5,S
2021-06-17T09:45:23,3000.0,45.5,S
2021-06-17T09:45:02,10000.0,45.7,B
2021-06-17T09:45:01,25000.0,45.5,S
2021-06-17T09:44:58,200.0,45.7,B
2021-06-17T09:44:26,2500.0,45.7,B
2021-06-17T09:43:58,100.0,45.7,B
2021-06-17T09:43:54,800.0,45.8,B
2021-06-17T09:43:54,9200.0,45.8,B
2021-06-17T09:43:53,2500.0,45.6,S
2021-06-17T09:43:48,200.0,45.6,S
2021-06-17T09:43:37,100.0,45.7,S
2021-06-17T09:43:27,300.0,45.7,S
2021-06-17T09:43:01,4300.0,45.8,B
2021-06-17T09:43:01,1500.0,45.75,S
2021-06-17T09:43:01,3000.0,45.7,S
2021-06-17T09:43:01,1000.0,45.7,S
2021-06-17T09:43:00,200.0,45.7,S
2021-06-17T09:42:56,1000.0,45.7,S
2021-06-17T09:42:35,10000.0,45.7,S
2021-06-17T09:42:27,1000.0,45.6,S
2021-06-17T09:42:21,200.0,45.6,S
2021-06-17T09:42:20,300.0,45.6,S
2021-06-17T09:42:19,200.0,45.6,S
2021-06-17T09:42:15,5000.0,45.6,S
2021-06-17T09:42:01,1000.0,45.6,S
2021-06-17T09:41:47,200.0,45.6,S
2021-06-17T09:41:46,600.0,45.6,S
2021-06-17T09:41:45,300.0,45.6,S
2021-06-17T09:41:43,700.0,45.6,S
2021-06-17T09:41:43,3000.0,45.6,S
2021-06-17T09:41:43,600.0,45.6,S
2021-06-17T09:41:33,100.0,45.7,S
2021-06-17T09:41:18,500.0,45.65,S
2021-06-17T09:41:14,3800.0,45.6,S
2021-06-17T09:41:08,4100.0,45.7,S
2021-06-17T09:41:04,200.0,45.65,S
2021-06-17T09:40:50,100.0,45.7,S
2021-06-17T09:40:44,800.0,45.6,S
2021-06-17T09:40:44,19200.0,45.6,S
2021-06-17T09:40:42,100.0,45.7,S
2021-06-17T09:40:15,2000.0,45.8,B
2021-06-17T09:40:05,500.0,45.8,B
2021-06-17T09:40:02,3000.0,45.65,S
2021-06-17T09:40:02,400.0,45.65,S
2021-06-17T09:39:49,2000.0,45.7,S
2021-06-17T09:39:44,2000.0,45.8,B
2021-06-17T09:39:29,500.0,45.7,S
2021-06-17T09:39:29,1000.0,45.7,S
2021-06-17T09:39:23,300.0,45.7,S
2021-06-17T09:39:21,200.0,45.7,S
2021-06-17T09:38:30,1000.0,45.65,S
2021-06-17T09:38:29,500.0,45.65,S
2021-06-17T09:38:26,1500.0,45.8,B
2021-06-17T09:38:20,300.0,45.7,B
2021-06-17T09:38:20,300.0,45.7,B
2021-06-17T09:38:19,400.0,45.7,B
2021-06-17T09:38:18,1000.0,45.7,B
2021-06-17T09:38:04,500.0,45.8,B
2021-06-17T09:37:55,2000.0,45.8,B
2021-06-17T09:37:39,100.0,45.7,B
2021-06-17T09:37:30,3000.0,45.8,B
2021-06-17T09:37:22,300.0,45.7,B
2021-06-17T09:37:02,100.0,45.7,B
2021-06-17T09:37:02,100.0,45.7,B
2021-06-17T09:37:01,5800.0,45.7,B
2021-06-17T09:36:40,500.0,45.7,B
2021-06-17T09:36:28,500.0,45.7,B
2021-06-17T09:36:02,500.0,45.7,B
2021-06-17T09:36:02,800.0,45.7,B
2021-06-17T09:36:01,200.0,45.7,B
2021-06-17T09:35:37,500.0,45.65,S
2021-06-17T09:35:11,400.0,45.65,B
2021-06-17T09:34:58,2800.0,45.65,B
2021-06-17T09:34:43,500.0,45.65,B
2021-06-17T09:34:21,900.0,45.6,B
2021-06-17T09:34:19,100.0,45.6,B
2021-06-17T09:34:13,1000.0,45.6,B
2021-06-17T09:34:10,500.0,45.7,B
2021-06-17T09:34:04,200.0,45.6,B
2021-06-17T09:34:04,100.0,45.6,B
2021-06-17T09:34:01,100.0,45.6,B
2021-06-17T09:33:59,200.0,45.6,B
2021-06-17T09:33:57,700.0,45.6,B
2021-06-17T09:33:55,5000.0,45.6,B
2021-06-17T09:33:43,300.0,45.6,B
2021-06-17T09:33:43,200.0,45.6,B
2021-06-17T09:33:41,200.0,45.6,B
2021-06-17T09:33:35,4000.0,45.6,B
2021-06-17T09:33:26,2000.0,45.5,S
2021-06-17T09:33:17,1000.0,45.6,B
2021-06-17T09:33:10,4000.0,45.5,S
2021-06-17T09:33:07,500.0,45.6,B
2021-06-17T09:33:06,400.0,45.6,B
2021-06-17T09:32:45,900.0,45.6,B
2021-06-17T09:32:31,600.0,45.5,B
2021-06-17T09:32:15,900.0,45.6,B
2021-06-17T09:32:02,3100.0,45.6,B
2021-06-17T09:31:33,1300.0,45.5,B
2021-06-17T09:31:15,9000.0,45.6,B
2021-06-17T09:31:03,3300.0,45.5,B
2021-06-17T09:31:02,5000.0,45.5,B
2021-06-17T09:31:00,200.0,45.4,B
2021-06-17T09:30:45,800.0,45.5,B
2021-06-17T09:30:44,200.0,45.4,B
2021-06-17T09:30:38,1900.0,45.4,B
2021-06-17T09:30:25,1600.0,45.4,B
2021-06-17T09:30:25,400.0,45.4,B
2021-06-17T09:30:23,1300.0,45.4,B
2021-06-17T09:30:20,2000.0,45.4,B
2021-06-17T09:30:18,1100.0,45.4,B
2021-06-17T09:30:18,900.0,45.4,B
2021-06-17T09:30:13,400.0,45.4,B
2021-06-17T09:30:13,2400.0,45.4,B
2021-06-17T09:30:08,200.0,45.4,B
2021-06-17T09:29:56,1000.0,45.4,B
2021-06-17T09:29:41,5000.0,45.4,B
2021-06-17T09:29:40,5500.0,45.4,B
2021-06-17T09:29:29,16100.0,45.4,B
2021-06-17T09:29:18,7800.0,45.4,B
2021-06-17T09:29:12,400.0,45.4,B
2021-06-17T09:29:11,3000.0,45.4,B
2021-06-17T09:29:11,1000.0,45.4,B
2021-06-17T09:28:43,200.0,45.3,B
2021-06-17T09:28:42,2500.0,45.3,B
2021-06-17T09:28:30,500.0,45.3,B
2021-06-17T09:28:30,5000.0,45.25,S
2021-06-17T09:28:09,500.0,45.25,B
2021-06-17T09:28:01,1000.0,45.2,B
2021-06-17T09:27:34,400.0,45.2,B
2021-06-17T09:27:03,500.0,45.2,B
2021-06-17T09:26:48,200.0,45.1,S
2021-06-17T09:26:45,1700.0,45.1,S
2021-06-17T09:26:33,500.0,45.1,B
2021-06-17T09:26:31,3000.0,45.0,S
2021-06-17T09:26:20,500.0,45.1,B
2021-06-17T09:26:20,2500.0,45.1,B
2021-06-17T09:26:19,200.0,45.05,S
2021-06-17T09:26:14,500.0,45.05,S
2021-06-17T09:25:55,5000.0,45.05,S
2021-06-17T09:25:49,300.0,45.05,S
2021-06-17T09:25:45,1300.0,45.0,S
2021-06-17T09:25:19,500.0,45.0,S
2021-06-17T09:25:18,100.0,45.0,S
2021-06-17T09:24:59,1800.0,45.0,S
2021-06-17T09:24:27,1300.0,45.0,S
2021-06-17T09:24:22,500.0,45.0,S
2021-06-17T09:24:14,2400.0,45.0,S
2021-06-17T09:24:14,600.0,45.0,S
2021-06-17T09:23:59,500.0,45.0,S
2021-06-17T09:23:57,1000.0,45.0,S
2021-06-17T09:23:35,4000.0,45.0,S
2021-06-17T09:23:20,100.0,45.0,S
2021-06-17T09:23:17,200.0,45.0,S
2021-06-17T09:23:13,1700.0,45.0,S
2021-06-17T09:22:59,100.0,45.0,S
2021-06-17T09:22:59,900.0,45.0,S
2021-06-17T09:22:55,200.0,45.0,S
2021-06-17T09:22:51,400.0,45.0,S
2021-06-17T09:22:49,500.0,45.0,S
2021-06-17T09:22:47,500.0,45.0,S
2021-06-17T09:22:39,600.0,45.0,S
2021-06-17T09:22:28,500.0,45.0,S
2021-06-17T09:22:14,100.0,45.0,S
2021-06-17T09:22:03,200.0,45.0,S
2021-06-17T09:22:01,1600.0,45.0,S
2021-06-17T09:21:48,500.0,45.0,S
2021-06-17T09:21:42,2000.0,45.0,S
2021-06-17T09:21:30,2000.0,45.0,S
2021-06-17T09:21:29,700.0,45.1,B
2021-06-17T09:21:21,500.0,45.0,S
2021-06-17T09:21:11,13800.0,44.8,S
2021-06-17T09:21:11,600.0,44.9,S
2021-06-17T09:21:11,6600.0,45.0,S
2021-06-17T09:21:08,100.0,45.0,S
2021-06-17T09:21:06,300.0,45.0,S
2021-06-17T09:20:53,1000.0,45.0,S
2021-06-17T09:20:42,300.0,45.0,S
2021-06-17T09:20:37,200.0,45.0,S
2021-06-17T09:20:37,800.0,45.0,S
2021-06-17T09:20:31,200.0,45.0,S
2021-06-17T09:20:24,100.0,45.0,S
2021-06-17T09:20:22,100.0,45.1,B
2021-06-17T09:20:18,2200.0,45.0,S
2021-06-17T09:20:12,9000.0,45.0,S
2021-06-17T09:20:12,500.0,45.0,S
2021-06-17T09:20:12,400.0,45.0,S
2021-06-17T09:20:10,800.0,45.0,S
2021-06-17T09:20:08,100.0,45.0,S
2021-06-17T09:19:26,3000.0,45.0,S
2021-06-17T09:19:05,4000.0,45.0,S
2021-06-17T09:19:03,1000.0,45.0,S
2021-06-17T09:18:46,1000.0,45.0,S
2021-06-17T09:18:30,200.0,45.0,S
2021-06-17T09:18:26,100.0,45.0,S
2021-06-17T09:18:19,400.0,45.0,S
2021-06-17T09:18:03,1500.0,45.0,S
2021-06-17T09:17:57,100.0,45.1,S
2021-06-17T09:17:29,100.0,45.3,B
2021-06-17T09:17:16,200.0,45.3,S
2021-06-17T09:17:13,700.0,45.3,S
2021-06-17T09:17:06,600.0,45.3,B
2021-06-17T09:16:48,4500.0,45.3,B
