tradingTime,volume,price,side
2021-06-30T13:18:07,200.0,13.95,B
2021-06-30T13:17:55,200.0,13.95,B
2021-06-30T13:17:13,100.0,13.9,S
2021-06-30T13:17:11,5000.0,13.9,S
2021-06-30T13:16:34,4400.0,13.95,B
2021-06-30T13:16:30,2000.0,13.9,S
2021-06-30T13:16:10,3000.0,13.9,S
2021-06-30T13:15:53,1300.0,13.9,S
2021-06-30T13:15:51,3700.0,13.9,S
2021-06-30T13:15:48,4300.0,13.9,S
2021-06-30T13:15:32,700.0,13.9,S
2021-06-30T13:15:31,200.0,13.9,S
2021-06-30T13:14:23,600.0,13.9,S
2021-06-30T13:14:23,400.0,13.9,S
2021-06-30T13:14:11,100.0,13.9,S
2021-06-30T13:14:00,1500.0,13.95,B
2021-06-30T13:13:32,500.0,13.9,S
2021-06-30T13:13:21,500.0,13.95,B
2021-06-30T13:12:56,100.0,13.9,S
2021-06-30T13:12:24,500.0,13.9,S
2021-06-30T13:12:14,500.0,13.9,S
2021-06-30T13:12:02,1000.0,13.9,S
2021-06-30T13:11:43,400.0,13.9,S
2021-06-30T13:11:34,1000.0,13.9,S
2021-06-30T13:10:26,100.0,13.9,S
2021-06-30T13:10:19,100.0,13.95,B
2021-06-30T13:10:16,2100.0,13.9,S
2021-06-30T13:09:34,1000.0,13.9,S
2021-06-30T13:09:34,100.0,13.9,S
2021-06-30T13:09:17,100.0,13.9,S
2021-06-30T13:08:03,200.0,13.9,S
2021-06-30T13:07:41,500.0,13.9,S
2021-06-30T13:06:20,200.0,13.95,B
2021-06-30T13:05:10,100.0,13.9,S
2021-06-30T13:04:43,200.0,13.95,B
2021-06-30T13:04:25,600.0,13.95,B
2021-06-30T13:04:08,100.0,13.95,B
2021-06-30T13:03:25,500.0,13.95,B
2021-06-30T13:02:35,5000.0,13.9,S
2021-06-30T13:01:51,200.0,13.95,S
2021-06-30T13:01:27,1000.0,13.95,S
2021-06-30T13:01:19,700.0,14.0,B
2021-06-30T13:01:19,300.0,13.95,S
2021-06-30T13:01:08,100.0,13.95,S
2021-06-30T13:01:05,100.0,13.95,S
2021-06-30T13:01:05,1900.0,13.95,S
2021-06-30T13:00:55,5000.0,13.95,S
2021-06-30T13:00:55,100.0,13.95,S
2021-06-30T13:00:55,100.0,13.95,S
2021-06-30T13:00:55,2900.0,13.95,S
2021-06-30T13:00:50,3000.0,13.95,S
2021-06-30T13:00:43,1000.0,14.0,B
2021-06-30T13:00:30,3500.0,13.95,S
2021-06-30T13:00:28,200.0,13.95,S
2021-06-30T13:00:20,500.0,13.95,S
2021-06-30T13:00:12,500.0,13.95,S
2021-06-30T13:00:12,500.0,13.95,S
2021-06-30T13:00:12,100.0,13.95,S
2021-06-30T13:00:12,100.0,13.95,S
2021-06-30T11:29:53,600.0,13.95,S
2021-06-30T11:29:30,900.0,13.95,S
2021-06-30T11:27:59,400.0,13.95,S
2021-06-30T11:26:31,2000.0,13.95,S
2021-06-30T11:26:18,2000.0,13.95,B
2021-06-30T11:26:18,6400.0,13.95,B
2021-06-30T11:26:16,1000.0,13.95,B
2021-06-30T11:26:03,100.0,13.95,B
2021-06-30T11:25:18,300.0,13.95,B
2021-06-30T11:25:15,300.0,13.95,B
2021-06-30T11:24:05,100.0,13.95,B
2021-06-30T11:23:21,100.0,13.95,B
2021-06-30T11:22:31,3500.0,13.95,B
2021-06-30T11:22:11,1500.0,13.9,S
2021-06-30T11:19:19,3300.0,13.95,B
2021-06-30T11:18:23,200.0,13.95,B
2021-06-30T11:17:36,700.0,13.95,B
2021-06-30T11:16:40,3000.0,13.95,B
2021-06-30T11:16:38,500.0,13.9,S
2021-06-30T11:16:36,100.0,13.95,B
2021-06-30T11:16:22,500.0,13.95,B
2021-06-30T11:15:44,500.0,13.95,B
2021-06-30T11:15:42,10000.0,13.95,B
2021-06-30T11:15:10,700.0,13.95,B
2021-06-30T11:14:35,8200.0,13.95,B
2021-06-30T11:14:17,200.0,13.95,B
2021-06-30T11:13:26,4000.0,13.95,B
2021-06-30T11:12:54,5200.0,13.9,S
2021-06-30T11:12:54,1800.0,13.9,S
2021-06-30T11:12:39,500.0,13.95,B
2021-06-30T11:12:19,500.0,13.95,B
2021-06-30T11:11:52,10600.0,13.95,S
2021-06-30T11:11:50,4000.0,13.95,S
2021-06-30T11:11:46,100.0,13.95,S
2021-06-30T11:11:09,700.0,13.95,S
2021-06-30T11:11:06,5000.0,13.95,S
2021-06-30T11:11:02,1000.0,13.95,S
2021-06-30T11:11:00,1000.0,13.95,S
2021-06-30T11:10:36,500.0,13.95,S
2021-06-30T11:09:37,1000.0,14.0,B
2021-06-30T11:09:36,100.0,14.0,B
2021-06-30T11:09:34,500.0,13.95,S
2021-06-30T11:09:33,100.0,14.0,B
2021-06-30T11:08:57,100.0,14.0,B
2021-06-30T11:08:09,5000.0,14.0,B
2021-06-30T11:08:07,400.0,14.0,B
2021-06-30T11:07:52,100.0,14.0,B
2021-06-30T11:07:50,900.0,14.0,B
2021-06-30T11:07:41,100.0,14.0,B
2021-06-30T11:07:19,2500.0,14.0,B
2021-06-30T11:06:51,4400.0,13.95,S
2021-06-30T11:06:51,500.0,13.95,S
2021-06-30T11:06:51,100.0,13.95,S
2021-06-30T11:06:49,400.0,13.95,S
2021-06-30T11:06:16,700.0,13.95,S
2021-06-30T11:05:15,200.0,14.0,B
2021-06-30T11:05:14,1000.0,14.0,B
2021-06-30T11:05:10,2000.0,14.0,B
2021-06-30T11:05:09,500.0,13.95,S
2021-06-30T11:03:38,1500.0,14.0,B
2021-06-30T11:03:19,200.0,13.95,S
2021-06-30T11:01:28,2200.0,13.95,S
2021-06-30T11:01:28,100.0,13.95,S
2021-06-30T11:01:28,7700.0,13.95,S
2021-06-30T10:59:58,3000.0,13.95,B
2021-06-30T10:59:58,18200.0,13.95,B
2021-06-30T10:58:46,500.0,13.95,B
2021-06-30T10:58:28,200.0,13.95,B
2021-06-30T10:58:14,300.0,13.95,B
2021-06-30T10:57:36,200.0,13.95,B
2021-06-30T10:56:51,100.0,13.9,S
2021-06-30T10:56:45,1800.0,13.9,S
2021-06-30T10:56:45,2100.0,13.9,S
2021-06-30T10:56:45,500.0,13.9,S
2021-06-30T10:56:45,10000.0,13.95,B
2021-06-30T10:56:33,1000.0,13.9,S
2021-06-30T10:55:57,1000.0,13.9,S
2021-06-30T10:55:11,1800.0,13.9,S
2021-06-30T10:55:11,500.0,13.9,S
2021-06-30T10:55:11,500.0,13.9,S
2021-06-30T10:55:09,2200.0,13.9,S
2021-06-30T10:54:18,8300.0,13.9,S
2021-06-30T10:54:18,1100.0,13.9,S
2021-06-30T10:54:18,600.0,13.9,S
2021-06-30T10:53:08,1400.0,13.9,S
2021-06-30T10:53:07,600.0,13.9,S
2021-06-30T10:53:05,1000.0,13.9,S
2021-06-30T10:52:53,2900.0,13.9,S
2021-06-30T10:52:51,2000.0,13.9,S
2021-06-30T10:52:23,2200.0,13.9,B
2021-06-30T10:52:22,600.0,13.9,B
2021-06-30T10:52:10,200.0,13.9,B
2021-06-30T10:51:42,700.0,13.9,S
2021-06-30T10:51:42,1300.0,13.9,S
2021-06-30T10:50:53,200.0,13.9,B
2021-06-30T10:50:38,400.0,13.9,B
2021-06-30T10:50:37,100.0,13.9,B
2021-06-30T10:50:25,5000.0,13.85,S
2021-06-30T10:50:23,600.0,13.85,S
2021-06-30T10:50:23,100.0,13.85,S
2021-06-30T10:50:20,300.0,13.9,B
2021-06-30T10:50:13,500.0,13.9,B
2021-06-30T10:50:13,10000.0,13.9,B
2021-06-30T10:49:56,100.0,13.9,B
2021-06-30T10:49:25,600.0,13.9,B
2021-06-30T10:49:20,200.0,13.9,S
2021-06-30T10:49:20,200.0,13.9,S
2021-06-30T10:49:20,1600.0,13.9,S
2021-06-30T10:49:20,10000.0,13.9,S
2021-06-30T10:49:20,200.0,13.9,S
2021-06-30T10:49:20,300.0,13.9,S
2021-06-30T10:49:20,1900.0,13.9,S
2021-06-30T10:49:20,3500.0,13.9,S
2021-06-30T10:49:20,1100.0,13.9,S
2021-06-30T10:49:20,1000.0,13.9,S
2021-06-30T10:49:20,3800.0,13.9,S
2021-06-30T10:49:20,13400.0,13.9,S
2021-06-30T10:49:20,1000.0,13.9,S
2021-06-30T10:49:20,3500.0,13.9,S
2021-06-30T10:49:20,4700.0,13.9,S
2021-06-30T10:49:20,1500.0,13.9,S
2021-06-30T10:49:20,2500.0,13.9,S
2021-06-30T10:49:20,13500.0,13.9,S
2021-06-30T10:49:20,900.0,13.9,S
2021-06-30T10:49:20,7200.0,13.9,S
2021-06-30T10:49:20,1400.0,13.9,S
2021-06-30T10:48:57,100.0,13.95,B
2021-06-30T10:48:36,300.0,13.95,S
2021-06-30T10:48:36,5100.0,13.95,S
2021-06-30T10:47:55,4000.0,13.95,S
2021-06-30T10:46:41,6000.0,13.95,B
2021-06-30T10:46:24,1500.0,13.95,B
2021-06-30T10:46:22,1000.0,13.95,B
2021-06-30T10:46:20,500.0,13.95,B
2021-06-30T10:46:08,500.0,13.95,B
2021-06-30T10:46:08,500.0,13.95,B
2021-06-30T10:45:32,5000.0,13.95,B
2021-06-30T10:45:28,300.0,13.95,B
2021-06-30T10:45:23,100.0,13.95,B
2021-06-30T10:44:58,400.0,13.95,B
2021-06-30T10:44:17,100.0,13.95,B
2021-06-30T10:43:57,500.0,13.95,B
2021-06-30T10:43:54,1000.0,13.95,B
2021-06-30T10:43:21,200.0,13.95,B
2021-06-30T10:43:01,1000.0,13.95,B
2021-06-30T10:42:29,100.0,13.95,B
2021-06-30T10:41:22,100.0,13.95,B
2021-06-30T10:41:07,600.0,13.95,B
2021-06-30T10:40:46,200.0,13.95,B
2021-06-30T10:40:28,800.0,13.95,B
2021-06-30T10:40:11,200.0,13.95,S
2021-06-30T10:39:47,400.0,13.95,B
2021-06-30T10:39:34,800.0,13.95,B
2021-06-30T10:39:31,1000.0,13.95,B
2021-06-30T10:39:27,500.0,13.95,B
2021-06-30T10:39:23,2000.0,13.95,B
2021-06-30T10:38:45,100.0,13.95,B
2021-06-30T10:38:20,400.0,13.95,B
2021-06-30T10:38:08,700.0,13.9,S
2021-06-30T10:37:35,800.0,13.9,S
2021-06-30T10:37:35,3200.0,13.9,S
2021-06-30T10:37:09,3700.0,13.95,B
2021-06-30T10:37:06,200.0,13.95,B
2021-06-30T10:37:05,500.0,13.95,B
2021-06-30T10:36:12,2000.0,13.95,B
2021-06-30T10:36:05,6200.0,13.95,B
2021-06-30T10:36:02,10000.0,13.95,B
2021-06-30T10:34:16,2600.0,13.95,B
2021-06-30T10:33:49,9800.0,13.95,B
2021-06-30T10:33:49,4800.0,13.95,B
2021-06-30T10:33:40,100.0,13.9,S
2021-06-30T10:32:45,100.0,13.9,S
2021-06-30T10:31:40,400.0,13.9,S
2021-06-30T10:29:48,200.0,13.9,S
2021-06-30T10:29:42,2000.0,13.9,S
2021-06-30T10:28:50,1600.0,13.9,S
2021-06-30T10:28:42,500.0,13.95,B
2021-06-30T10:28:17,200.0,13.95,B
2021-06-30T10:28:04,100.0,13.95,B
2021-06-30T10:27:49,600.0,13.95,B
2021-06-30T10:27:49,2700.0,13.95,B
2021-06-30T10:27:20,1000.0,13.95,B
2021-06-30T10:27:16,100.0,13.9,S
2021-06-30T10:26:56,100.0,13.95,B
2021-06-30T10:26:18,2300.0,13.9,S
2021-06-30T10:25:26,1000.0,13.95,B
2021-06-30T10:24:56,200.0,13.9,S
2021-06-30T10:24:41,700.0,13.9,S
2021-06-30T10:24:18,100.0,13.95,B
2021-06-30T10:24:05,9300.0,13.9,S
2021-06-30T10:24:05,1200.0,13.9,S
2021-06-30T10:24:05,2200.0,13.9,S
2021-06-30T10:24:05,600.0,13.9,S
2021-06-30T10:24:05,200.0,13.9,S
2021-06-30T10:24:05,19500.0,13.9,S
2021-06-30T10:23:45,1000.0,13.95,B
2021-06-30T10:23:30,2900.0,13.95,S
2021-06-30T10:23:09,2000.0,13.95,S
2021-06-30T10:22:51,2100.0,13.95,B
2021-06-30T10:22:51,3200.0,13.95,B
2021-06-30T10:22:40,800.0,13.95,B
2021-06-30T10:22:22,100.0,13.95,B
2021-06-30T10:21:47,10000.0,13.95,B
2021-06-30T10:21:29,6000.0,13.95,B
2021-06-30T10:21:18,100.0,13.9,S
2021-06-30T10:21:18,2500.0,13.9,S
2021-06-30T10:20:49,1000.0,13.9,S
2021-06-30T10:20:49,9500.0,13.95,B
2021-06-30T10:20:31,100.0,13.95,B
2021-06-30T10:20:01,100.0,13.95,B
2021-06-30T10:19:43,1000.0,13.95,B
2021-06-30T10:19:29,200.0,13.95,B
2021-06-30T10:19:15,100.0,13.9,S
2021-06-30T10:19:03,5000.0,13.95,B
2021-06-30T10:18:40,2000.0,13.95,B
2021-06-30T10:18:28,100.0,13.95,B
2021-06-30T10:18:27,300.0,13.9,S
2021-06-30T10:18:19,2000.0,13.95,B
2021-06-30T10:17:14,10000.0,13.9,S
2021-06-30T10:17:04,1900.0,13.9,S
2021-06-30T10:17:04,2000.0,13.9,S
2021-06-30T10:17:04,500.0,13.9,S
2021-06-30T10:17:04,2600.0,13.9,S
2021-06-30T10:16:59,1000.0,13.9,S
2021-06-30T10:16:57,800.0,13.9,S
2021-06-30T10:16:53,5000.0,13.9,S
2021-06-30T10:16:30,200.0,13.9,S
2021-06-30T10:16:24,500.0,13.9,S
2021-06-30T10:16:21,300.0,13.9,S
2021-06-30T10:16:20,1000.0,13.9,S
2021-06-30T10:16:20,100.0,13.95,B
2021-06-30T10:16:15,400.0,13.9,S
2021-06-30T10:16:10,100.0,13.9,S
2021-06-30T10:15:30,1000.0,13.9,S
2021-06-30T10:15:22,3000.0,13.9,S
2021-06-30T10:15:21,100.0,13.9,S
2021-06-30T10:14:57,2500.0,13.9,S
2021-06-30T10:14:56,500.0,13.9,S
2021-06-30T10:14:53,1000.0,13.9,S
2021-06-30T10:14:53,1600.0,13.9,S
2021-06-30T10:14:35,4000.0,13.9,S
2021-06-30T10:14:17,600.0,13.9,S
2021-06-30T10:14:17,400.0,13.9,S
2021-06-30T10:14:07,300.0,13.95,B
2021-06-30T10:13:33,100.0,13.95,B
2021-06-30T10:12:46,300.0,13.95,B
2021-06-30T10:12:46,500.0,13.9,S
2021-06-30T10:12:44,200.0,13.9,S
2021-06-30T10:12:41,1000.0,13.9,S
2021-06-30T10:12:31,100.0,13.9,S
2021-06-30T10:12:15,1200.0,13.9,S
2021-06-30T10:11:40,100.0,13.95,B
2021-06-30T10:11:33,100.0,13.95,B
2021-06-30T10:11:30,100.0,13.9,S
2021-06-30T10:11:30,200.0,13.9,S
2021-06-30T10:11:29,100.0,13.95,B
2021-06-30T10:11:13,200.0,13.95,B
2021-06-30T10:11:12,100.0,13.95,B
2021-06-30T10:11:07,100.0,13.9,S
2021-06-30T10:10:29,300.0,13.95,B
2021-06-30T10:10:18,500.0,13.95,B
2021-06-30T10:10:15,200.0,13.95,B
2021-06-30T10:09:42,600.0,13.95,S
2021-06-30T10:09:42,2500.0,13.95,S
2021-06-30T10:09:42,2700.0,13.95,S
2021-06-30T10:09:14,8700.0,13.95,S
2021-06-30T10:09:14,1300.0,13.95,S
2021-06-30T10:09:14,10000.0,13.95,S
2021-06-30T10:08:51,1000.0,13.95,S
2021-06-30T10:08:17,100.0,13.95,S
2021-06-30T10:08:16,300.0,13.95,S
2021-06-30T10:08:06,300.0,13.95,S
2021-06-30T10:08:03,100.0,13.95,S
2021-06-30T10:07:26,9100.0,13.95,S
2021-06-30T10:07:26,1400.0,13.95,S
2021-06-30T10:07:24,3600.0,13.95,S
2021-06-30T10:07:01,700.0,13.95,S
2021-06-30T10:07:01,400.0,13.95,S
2021-06-30T10:06:57,700.0,13.95,S
2021-06-30T10:06:22,100.0,13.95,S
2021-06-30T10:05:24,2000.0,13.95,S
2021-06-30T10:05:21,100.0,13.95,S
2021-06-30T10:05:21,700.0,13.95,S
2021-06-30T10:05:21,4300.0,13.95,S
2021-06-30T10:05:21,1200.0,13.95,S
2021-06-30T10:05:21,100.0,13.95,S
2021-06-30T10:05:21,3600.0,13.95,S
2021-06-30T10:05:18,100.0,13.95,S
2021-06-30T10:04:55,100.0,13.95,S
2021-06-30T10:04:41,1000.0,14.0,B
2021-06-30T10:04:33,200.0,13.95,S
2021-06-30T10:04:30,1400.0,13.95,S
2021-06-30T10:04:30,2100.0,13.95,S
2021-06-30T10:04:30,600.0,13.95,S
2021-06-30T10:04:19,3200.0,14.0,B
2021-06-30T10:04:15,100.0,13.95,S
2021-06-30T10:03:01,4000.0,13.95,S
2021-06-30T10:01:02,9000.0,13.95,S
2021-06-30T10:00:51,6000.0,14.0,B
2021-06-30T10:00:41,2000.0,14.0,B
2021-06-30T10:00:33,1000.0,14.0,B
2021-06-30T10:00:20,100.0,14.0,B
2021-06-30T09:59:53,200.0,14.0,B
2021-06-30T09:59:53,200.0,14.0,B
2021-06-30T09:59:19,1500.0,14.0,B
2021-06-30T09:58:50,500.0,14.0,B
2021-06-30T09:58:48,400.0,14.0,B
2021-06-30T09:58:37,1000.0,14.0,B
2021-06-30T09:58:29,1000.0,14.0,B
2021-06-30T09:58:29,4000.0,14.0,B
2021-06-30T09:57:50,100.0,14.0,B
2021-06-30T09:57:44,300.0,14.0,B
2021-06-30T09:57:34,500.0,14.0,B
2021-06-30T09:57:27,2000.0,14.0,B
2021-06-30T09:57:15,1000.0,14.0,B
2021-06-30T09:56:47,200.0,14.0,B
2021-06-30T09:56:44,100.0,14.0,B
2021-06-30T09:56:03,200.0,14.0,S
2021-06-30T09:55:57,1100.0,14.0,S
2021-06-30T09:55:57,1000.0,14.0,S
2021-06-30T09:55:31,10000.0,14.0,B
2021-06-30T09:55:09,200.0,14.0,B
2021-06-30T09:55:04,100.0,14.0,B
2021-06-30T09:54:52,1500.0,14.0,S
2021-06-30T09:54:52,5200.0,14.0,S
2021-06-30T09:54:52,20000.0,14.0,S
2021-06-30T09:54:35,5000.0,14.0,S
2021-06-30T09:54:24,2000.0,14.0,S
2021-06-30T09:54:21,500.0,14.0,S
2021-06-30T09:53:39,500.0,14.0,S
2021-06-30T09:53:32,100.0,14.0,S
2021-06-30T09:53:03,700.0,14.0,S
2021-06-30T09:52:58,1500.0,14.0,S
2021-06-30T09:51:44,800.0,14.0,S
2021-06-30T09:51:33,3600.0,14.0,S
2021-06-30T09:51:32,2300.0,14.0,S
2021-06-30T09:50:57,3500.0,14.0,S
2021-06-30T09:50:54,1000.0,14.0,S
2021-06-30T09:50:47,100.0,14.0,S
2021-06-30T09:50:32,500.0,14.0,S
2021-06-30T09:50:28,300.0,14.0,S
2021-06-30T09:50:28,1700.0,14.0,S
2021-06-30T09:49:58,100.0,14.0,S
2021-06-30T09:49:21,500.0,14.0,S
2021-06-30T09:49:12,100.0,14.0,S
2021-06-30T09:48:48,100.0,14.0,S
2021-06-30T09:48:48,100.0,14.0,S
2021-06-30T09:48:48,1800.0,14.0,S
2021-06-30T09:48:10,1800.0,14.0,S
2021-06-30T09:47:34,1000.0,14.0,S
2021-06-30T09:47:21,100.0,14.0,S
2021-06-30T09:47:17,6700.0,14.0,S
2021-06-30T09:46:49,3000.0,14.0,S
2021-06-30T09:46:48,100.0,14.0,S
2021-06-30T09:45:41,1000.0,14.05,B
2021-06-30T09:45:26,500.0,14.05,B
2021-06-30T09:44:42,600.0,14.0,S
2021-06-30T09:44:37,500.0,14.0,S
2021-06-30T09:44:27,4000.0,14.0,S
2021-06-30T09:44:26,300.0,14.0,S
2021-06-30T09:44:26,1800.0,14.0,S
2021-06-30T09:44:26,600.0,14.0,S
2021-06-30T09:44:07,2300.0,14.0,S
2021-06-30T09:44:07,3500.0,14.0,S
2021-06-30T09:44:07,4200.0,14.0,S
2021-06-30T09:43:39,300.0,14.0,S
2021-06-30T09:43:39,11900.0,14.0,S
2021-06-30T09:43:39,200.0,14.0,S
2021-06-30T09:43:39,500.0,14.0,S
2021-06-30T09:43:39,7100.0,14.0,S
2021-06-30T09:43:26,2500.0,14.0,S
2021-06-30T09:43:26,3100.0,14.0,S
2021-06-30T09:43:26,100.0,14.0,S
2021-06-30T09:43:26,800.0,14.0,S
2021-06-30T09:43:26,600.0,14.0,S
2021-06-30T09:43:26,2200.0,14.0,S
2021-06-30T09:43:16,2000.0,14.0,S
2021-06-30T09:42:56,5000.0,14.0,S
2021-06-30T09:42:49,100.0,14.0,S
2021-06-30T09:42:34,100.0,14.0,S
2021-06-30T09:42:32,800.0,14.0,S
2021-06-30T09:42:17,6000.0,14.0,S
2021-06-30T09:42:12,100.0,14.0,S
2021-06-30T09:42:09,1000.0,14.05,B
2021-06-30T09:42:01,200.0,14.05,B
2021-06-30T09:41:52,500.0,14.05,B
2021-06-30T09:40:49,2000.0,14.0,S
2021-06-30T09:40:46,100.0,14.0,S
2021-06-30T09:40:37,4000.0,14.0,S
2021-06-30T09:40:32,500.0,14.0,S
2021-06-30T09:40:20,500.0,14.0,S
2021-06-30T09:40:19,5200.0,14.05,B
2021-06-30T09:40:16,200.0,14.0,S
2021-06-30T09:39:32,4000.0,14.0,S
2021-06-30T09:38:33,1000.0,14.0,S
2021-06-30T09:38:24,500.0,14.05,B
2021-06-30T09:38:12,100.0,14.0,S
2021-06-30T09:38:01,500.0,14.05,B
2021-06-30T09:37:57,100.0,14.05,B
2021-06-30T09:37:50,3000.0,14.05,B
2021-06-30T09:37:48,600.0,14.05,B
2021-06-30T09:37:48,200.0,14.05,B
2021-06-30T09:37:48,200.0,14.05,B
2021-06-30T09:37:28,2000.0,14.05,B
2021-06-30T09:36:42,1400.0,14.05,B
2021-06-30T09:36:38,1000.0,14.05,B
2021-06-30T09:36:35,500.0,14.05,B
2021-06-30T09:36:09,200.0,14.05,B
2021-06-30T09:36:06,1000.0,14.05,B
2021-06-30T09:35:59,400.0,14.05,B
2021-06-30T09:35:53,500.0,14.05,B
2021-06-30T09:34:59,1000.0,14.05,B
2021-06-30T09:34:52,500.0,14.0,S
2021-06-30T09:34:48,2000.0,14.05,B
2021-06-30T09:34:42,500.0,14.05,B
2021-06-30T09:32:57,1000.0,14.05,B
2021-06-30T09:32:42,100.0,14.0,S
2021-06-30T09:32:29,3400.0,14.05,B
2021-06-30T09:32:19,300.0,14.0,S
2021-06-30T09:32:08,100.0,14.0,S
2021-06-30T09:32:08,6900.0,14.0,S
2021-06-30T09:31:09,100.0,14.05,B
2021-06-30T09:31:06,800.0,14.05,B
2021-06-30T09:31:00,4000.0,14.05,B
2021-06-30T09:30:50,2000.0,14.05,B
2021-06-30T09:30:31,500.0,14.0,S
2021-06-30T09:30:25,200.0,14.05,S
2021-06-30T09:30:24,5800.0,14.05,S
2021-06-30T09:30:21,1000.0,14.05,S
2021-06-30T09:30:14,300.0,14.05,S
2021-06-30T09:30:07,100.0,14.05,S
2021-06-30T09:29:49,2000.0,14.05,S
2021-06-30T09:29:49,100.0,14.05,S
2021-06-30T09:29:49,900.0,14.05,S
2021-06-30T09:29:43,100.0,14.05,S
2021-06-30T09:29:43,4400.0,14.05,S
2021-06-30T09:29:05,1000.0,14.05,S
2021-06-30T09:26:28,200.0,14.05,B
2021-06-30T09:26:25,100.0,14.05,B
2021-06-30T09:26:01,500.0,14.05,B
2021-06-30T09:25:47,400.0,14.05,B
2021-06-30T09:25:40,500.0,14.0,S
2021-06-30T09:25:26,100.0,14.05,B
2021-06-30T09:25:11,500.0,14.0,S
2021-06-30T09:25:09,5000.0,14.0,S
2021-06-30T09:25:05,1000.0,14.0,S
2021-06-30T09:24:01,2100.0,14.0,S
2021-06-30T09:24:01,2000.0,14.0,S
2021-06-30T09:24:01,6000.0,14.0,S
2021-06-30T09:24:01,300.0,14.0,S
2021-06-30T09:24:01,2700.0,14.0,S
2021-06-30T09:23:47,200.0,14.05,B
2021-06-30T09:23:42,100.0,14.05,B
2021-06-30T09:23:28,4300.0,14.05,B
2021-06-30T09:23:02,1900.0,14.05,B
2021-06-30T09:22:19,3000.0,14.05,S
2021-06-30T09:22:09,4200.0,14.05,S
2021-06-30T09:21:27,200.0,14.1,B
2021-06-30T09:21:13,300.0,14.05,S
2021-06-30T09:20:40,500.0,14.05,S
2021-06-30T09:20:31,400.0,14.1,B
2021-06-30T09:20:31,9600.0,14.1,B
2021-06-30T09:19:54,1000.0,14.05,S
2021-06-30T09:19:52,1000.0,14.05,S
2021-06-30T09:19:06,100.0,14.05,B
2021-06-30T09:19:06,400.0,14.05,B
2021-06-30T09:19:06,1200.0,14.0,S
2021-06-30T09:19:06,2200.0,14.0,S
2021-06-30T09:19:04,100.0,14.0,S
2021-06-30T09:19:04,200.0,14.0,S
2021-06-30T09:19:04,300.0,14.0,S
2021-06-30T09:19:03,100.0,14.0,S
2021-06-30T09:19:01,500.0,14.0,S
2021-06-30T09:18:58,400.0,14.0,S
2021-06-30T09:18:58,200.0,14.0,S
2021-06-30T09:18:25,2000.0,14.0,S
2021-06-30T09:17:24,600.0,14.0,S
2021-06-30T09:17:11,600.0,14.0,S
2021-06-30T09:16:14,100.0,14.0,S
2021-06-30T09:16:12,1600.0,14.0,S
2021-06-30T09:16:12,1000.0,14.0,S
2021-06-30T09:16:12,1100.0,14.0,S
2021-06-30T09:16:12,4200.0,14.0,S
2021-06-30T09:16:12,3100.0,14.0,S
