tradingTime,volume,price,side
2021-06-30T13:20:31,1000.0,51.1,S
2021-06-30T13:20:27,400.0,51.1,S
2021-06-30T13:20:10,500.0,51.1,S
2021-06-30T13:20:05,200.0,51.2,B
2021-06-30T13:19:56,200.0,51.2,B
2021-06-30T13:19:56,100.0,51.2,B
2021-06-30T13:19:55,400.0,51.2,B
2021-06-30T13:19:54,1100.0,51.2,B
2021-06-30T13:19:50,1000.0,51.2,B
2021-06-30T13:19:21,2900.0,51.2,B
2021-06-30T13:19:12,300.0,51.2,B
2021-06-30T13:19:04,3000.0,51.3,B
2021-06-30T13:18:47,2500.0,51.2,B
2021-06-30T13:18:42,2000.0,51.2,B
2021-06-30T13:18:16,800.0,51.3,B
2021-06-30T13:18:12,300.0,51.1,S
2021-06-30T13:18:10,700.0,51.3,B
2021-06-30T13:17:57,1000.0,51.0,S
2021-06-30T13:17:57,11000.0,51.3,B
2021-06-30T13:17:46,2000.0,51.3,B
2021-06-30T13:17:46,5800.0,51.3,B
2021-06-30T13:17:46,100.0,51.2,B
2021-06-30T13:17:46,100.0,51.2,B
2021-06-30T13:17:46,2000.0,51.2,B
2021-06-30T13:17:35,100.0,51.0,S
2021-06-30T13:17:26,300.0,51.2,B
2021-06-30T13:17:26,800.0,51.2,B
2021-06-30T13:17:26,6500.0,51.2,B
2021-06-30T13:17:26,1000.0,51.2,B
2021-06-30T13:17:26,5200.0,51.1,B
2021-06-30T13:17:26,6200.0,51.1,B
2021-06-30T13:16:56,2500.0,51.0,B
2021-06-30T13:16:56,10700.0,51.0,B
2021-06-30T13:16:44,1700.0,51.0,B
2021-06-30T13:16:44,2300.0,51.0,B
2021-06-30T13:16:34,1000.0,50.9,S
2021-06-30T13:16:31,700.0,51.0,B
2021-06-30T13:16:31,300.0,51.0,B
2021-06-30T13:16:30,1000.0,51.0,B
2021-06-30T13:16:18,300.0,51.0,B
2021-06-30T13:16:04,400.0,51.0,B
2021-06-30T13:16:04,2000.0,51.0,B
2021-06-30T13:16:04,1200.0,51.0,B
2021-06-30T13:16:04,1000.0,50.9,B
2021-06-30T13:16:03,5400.0,50.9,B
2021-06-30T13:15:37,1000.0,50.8,B
2021-06-30T13:15:37,1000.0,50.8,B
2021-06-30T13:15:30,1900.0,50.8,B
2021-06-30T13:15:27,500.0,50.8,B
2021-06-30T13:15:18,100.0,50.8,B
2021-06-30T13:15:17,3000.0,50.8,B
2021-06-30T13:15:07,100.0,50.8,B
2021-06-30T13:14:40,600.0,50.8,B
2021-06-30T13:14:40,1900.0,50.8,B
2021-06-30T13:14:40,2500.0,50.7,B
2021-06-30T13:14:22,100.0,50.7,B
2021-06-30T13:14:12,300.0,50.7,B
2021-06-30T13:14:00,1000.0,50.5,B
2021-06-30T13:14:00,700.0,50.5,B
2021-06-30T13:13:54,500.0,50.7,B
2021-06-30T13:13:49,1000.0,50.5,B
2021-06-30T13:13:46,100.0,50.5,B
2021-06-30T13:13:45,600.0,50.7,B
2021-06-30T13:13:45,1200.0,50.7,B
2021-06-30T13:13:45,5900.0,50.7,B
2021-06-30T13:13:32,300.0,50.5,B
2021-06-30T13:13:30,1000.0,50.5,B
2021-06-30T13:13:30,300.0,50.7,B
2021-06-30T13:13:29,1000.0,50.6,B
2021-06-30T13:13:29,6000.0,50.5,B
2021-06-30T13:13:27,1000.0,50.5,B
2021-06-30T13:13:18,100.0,50.5,B
2021-06-30T13:13:15,1000.0,50.5,B
2021-06-30T13:13:12,1400.0,50.5,B
2021-06-30T13:13:12,10600.0,50.5,B
2021-06-30T13:13:10,4400.0,50.2,S
2021-06-30T13:13:10,5900.0,50.3,S
2021-06-30T13:13:10,1600.0,50.3,S
2021-06-30T13:13:10,3100.0,50.3,S
2021-06-30T13:13:10,600.0,50.3,S
2021-06-30T13:13:10,10100.0,50.3,S
2021-06-30T13:13:10,2100.0,50.4,S
2021-06-30T13:13:10,3000.0,50.4,S
2021-06-30T13:13:10,6600.0,50.4,S
2021-06-30T13:13:10,12600.0,50.4,S
2021-06-30T13:13:08,1000.0,50.5,B
2021-06-30T13:13:06,500.0,50.5,B
2021-06-30T13:13:05,200.0,50.5,B
2021-06-30T13:13:03,8500.0,50.5,B
2021-06-30T13:12:59,5000.0,50.5,B
2021-06-30T13:12:57,1400.0,50.4,S
2021-06-30T13:12:50,5200.0,50.4,S
2021-06-30T13:12:47,400.0,50.5,B
2021-06-30T13:12:47,2000.0,50.5,B
2021-06-30T13:12:37,500.0,50.4,B
2021-06-30T13:12:28,1800.0,50.4,B
2021-06-30T13:12:26,21600.0,50.4,B
2021-06-30T13:12:24,2000.0,50.3,S
2021-06-30T13:12:21,100.0,50.4,B
2021-06-30T13:12:19,100.0,50.4,B
2021-06-30T13:12:17,1000.0,50.4,B
2021-06-30T13:12:14,7000.0,50.4,B
2021-06-30T13:12:06,1000.0,50.4,B
2021-06-30T13:12:02,29800.0,50.4,B
2021-06-30T13:11:55,500.0,50.4,B
2021-06-30T13:11:53,200.0,50.3,S
2021-06-30T13:11:51,1000.0,50.3,S
2021-06-30T13:11:51,500.0,50.3,S
2021-06-30T13:11:51,3400.0,50.3,S
2021-06-30T13:11:51,100.0,50.3,S
2021-06-30T13:11:40,1000.0,50.3,S
2021-06-30T13:11:26,300.0,50.3,S
2021-06-30T13:11:19,300.0,50.3,S
2021-06-30T13:11:18,10000.0,50.2,S
2021-06-30T13:11:16,11100.0,50.2,S
2021-06-30T13:11:16,1600.0,50.2,S
2021-06-30T13:11:16,8500.0,50.2,S
2021-06-30T13:11:16,300.0,50.3,S
2021-06-30T13:11:16,100.0,50.3,S
2021-06-30T13:11:16,1200.0,50.3,S
2021-06-30T13:11:16,300.0,50.3,S
2021-06-30T13:11:16,5800.0,50.3,S
2021-06-30T13:11:16,7100.0,50.3,S
2021-06-30T13:11:16,400.0,50.3,S
2021-06-30T13:11:16,800.0,50.3,S
2021-06-30T13:11:16,2100.0,50.3,S
2021-06-30T13:11:16,700.0,50.3,S
2021-06-30T13:11:15,10000.0,50.3,S
2021-06-30T13:11:07,1000.0,50.4,S
2021-06-30T13:10:58,400.0,50.3,S
2021-06-30T13:10:58,100.0,50.4,S
2021-06-30T13:10:51,200.0,50.4,S
2021-06-30T13:10:45,100.0,50.4,S
2021-06-30T13:10:43,200.0,50.4,S
2021-06-30T13:10:43,300.0,50.4,S
2021-06-30T13:10:43,1500.0,50.4,S
2021-06-30T13:10:39,100.0,50.4,S
2021-06-30T13:10:38,500.0,50.4,S
2021-06-30T13:10:35,600.0,50.4,S
2021-06-30T13:10:34,1200.0,50.5,B
2021-06-30T13:10:32,1400.0,50.4,S
2021-06-30T13:10:30,100.0,50.4,S
2021-06-30T13:10:27,10000.0,50.4,S
2021-06-30T13:10:26,5000.0,50.4,S
2021-06-30T13:10:25,100.0,50.4,S
2021-06-30T13:10:25,1100.0,50.4,S
2021-06-30T13:10:24,5300.0,50.4,S
2021-06-30T13:10:21,600.0,50.4,S
2021-06-30T13:10:21,900.0,50.4,S
2021-06-30T13:10:21,600.0,50.4,S
2021-06-30T13:10:21,2000.0,50.4,S
2021-06-30T13:10:21,200.0,50.4,S
2021-06-30T13:10:21,2300.0,50.4,S
2021-06-30T13:10:21,1500.0,50.4,S
2021-06-30T13:10:21,5700.0,50.4,S
2021-06-30T13:10:21,2200.0,50.4,S
2021-06-30T13:10:20,5800.0,50.4,S
2021-06-30T13:10:20,1100.0,50.4,S
2021-06-30T13:10:20,3900.0,50.4,S
2021-06-30T13:10:20,100.0,50.4,S
2021-06-30T13:10:19,700.0,50.4,S
2021-06-30T13:10:19,300.0,50.4,S
2021-06-30T13:10:19,300.0,50.4,S
2021-06-30T13:10:19,8600.0,50.4,S
2021-06-30T13:10:17,500.0,50.5,B
2021-06-30T13:10:15,1000.0,50.5,B
2021-06-30T13:10:15,400.0,50.5,B
2021-06-30T13:10:14,200.0,50.5,B
2021-06-30T13:10:11,3900.0,50.5,B
2021-06-30T13:10:11,1100.0,50.5,B
2021-06-30T13:10:10,2200.0,50.4,S
2021-06-30T13:10:04,100.0,50.5,B
2021-06-30T13:10:03,10000.0,50.4,S
2021-06-30T13:09:58,1000.0,50.5,B
2021-06-30T13:09:53,100.0,50.5,B
2021-06-30T13:09:52,100.0,50.4,S
2021-06-30T13:09:49,1000.0,50.5,B
2021-06-30T13:09:47,100.0,50.5,B
2021-06-30T13:09:43,200.0,50.5,B
2021-06-30T13:09:33,200.0,50.5,B
2021-06-30T13:09:33,1000.0,50.5,B
2021-06-30T13:09:24,1000.0,50.5,B
2021-06-30T13:09:21,1000.0,50.5,B
2021-06-30T13:09:18,27800.0,50.5,B
2021-06-30T13:09:16,200.0,50.5,B
2021-06-30T13:09:10,1000.0,50.5,B
2021-06-30T13:09:08,2000.0,50.5,B
2021-06-30T13:09:02,100.0,50.5,B
2021-06-30T13:09:01,100.0,50.5,B
2021-06-30T13:08:56,1000.0,50.5,B
2021-06-30T13:08:52,200.0,50.4,S
2021-06-30T13:08:49,300.0,50.5,B
2021-06-30T13:08:39,500.0,50.5,B
2021-06-30T13:08:30,100.0,50.5,B
2021-06-30T13:08:29,1000.0,50.5,S
2021-06-30T13:08:25,100.0,50.5,S
2021-06-30T13:08:24,500.0,50.5,S
2021-06-30T13:08:23,200.0,50.4,S
2021-06-30T13:08:23,3200.0,50.4,S
2021-06-30T13:07:58,400.0,50.5,S
2021-06-30T13:07:56,1000.0,50.4,S
2021-06-30T13:07:56,5000.0,50.5,S
2021-06-30T13:07:53,100.0,50.5,S
2021-06-30T13:07:52,800.0,50.4,S
2021-06-30T13:07:52,2200.0,50.4,S
2021-06-30T13:07:41,1000.0,50.5,S
2021-06-30T13:07:33,300.0,50.5,S
2021-06-30T13:07:29,2900.0,50.5,S
2021-06-30T13:07:29,500.0,50.5,S
2021-06-30T13:07:29,200.0,50.5,S
2021-06-30T13:07:29,2300.0,50.5,S
2021-06-30T13:07:29,1100.0,50.5,S
2021-06-30T13:07:29,4900.0,50.5,S
2021-06-30T13:07:29,2400.0,50.5,S
2021-06-30T13:07:29,500.0,50.5,S
2021-06-30T13:07:29,2000.0,50.5,S
2021-06-30T13:07:29,500.0,50.5,S
2021-06-30T13:07:29,2500.0,50.5,S
2021-06-30T13:07:29,5400.0,50.5,S
2021-06-30T13:07:29,800.0,50.5,S
2021-06-30T13:07:29,6800.0,50.5,S
2021-06-30T13:07:29,20300.0,50.5,S
2021-06-30T13:07:29,2000.0,50.5,S
2021-06-30T13:07:29,1000.0,50.5,S
2021-06-30T13:07:28,24700.0,50.5,S
2021-06-30T13:07:24,100.0,50.6,B
2021-06-30T13:06:52,200.0,50.6,S
2021-06-30T13:06:51,8300.0,50.6,S
2021-06-30T13:06:51,2000.0,50.6,S
2021-06-30T13:06:51,100.0,50.6,S
2021-06-30T13:06:51,1500.0,50.6,S
2021-06-30T13:06:51,4200.0,50.6,S
2021-06-30T13:06:51,14500.0,50.6,S
2021-06-30T13:06:51,400.0,50.6,S
2021-06-30T13:06:51,17800.0,50.6,S
2021-06-30T13:06:49,1000.0,50.7,S
2021-06-30T13:06:45,1100.0,50.7,S
2021-06-30T13:06:27,500.0,50.7,S
2021-06-30T13:06:27,1700.0,50.7,S
2021-06-30T13:06:23,200.0,50.7,S
2021-06-30T13:06:23,2500.0,50.7,S
2021-06-30T13:06:23,700.0,50.7,S
2021-06-30T13:05:38,2000.0,50.7,S
2021-06-30T13:05:25,500.0,50.7,S
2021-06-30T13:05:25,1500.0,50.7,S
2021-06-30T13:05:10,400.0,50.7,S
2021-06-30T13:05:00,4900.0,50.8,B
2021-06-30T13:04:49,1000.0,50.9,B
2021-06-30T13:04:48,100.0,50.8,B
2021-06-30T13:04:36,5000.0,50.7,S
2021-06-30T13:04:33,100.0,50.7,S
2021-06-30T13:04:33,3100.0,50.8,S
2021-06-30T13:04:33,800.0,50.8,S
2021-06-30T13:04:33,6000.0,50.8,S
2021-06-30T13:04:15,5000.0,50.8,S
2021-06-30T13:04:09,4000.0,50.9,B
2021-06-30T13:03:59,500.0,50.8,S
2021-06-30T13:03:21,600.0,50.8,S
2021-06-30T13:02:55,800.0,50.9,S
2021-06-30T13:02:26,500.0,50.9,S
2021-06-30T13:02:15,1000.0,50.9,S
2021-06-30T13:01:56,900.0,50.9,S
2021-06-30T13:00:55,100.0,50.9,B
2021-06-30T13:00:36,100.0,50.9,B
2021-06-30T13:00:27,200.0,51.0,B
2021-06-30T13:00:26,300.0,50.9,B
2021-06-30T13:00:22,800.0,50.9,B
2021-06-30T13:00:22,3200.0,51.1,B
2021-06-30T13:00:22,1300.0,51.0,B
2021-06-30T13:00:22,200.0,50.9,B
2021-06-30T13:00:14,600.0,50.9,B
2021-06-30T13:00:12,9000.0,50.8,S
2021-06-30T13:00:12,300.0,50.9,B
2021-06-30T11:30:02,1500.0,50.9,S
2021-06-30T11:30:01,7600.0,50.9,S
2021-06-30T11:29:56,700.0,51.0,B
2021-06-30T11:29:39,3000.0,51.0,B
2021-06-30T11:29:36,200.0,51.0,S
2021-06-30T11:29:21,1800.0,51.0,B
2021-06-30T11:29:19,200.0,51.0,B
2021-06-30T11:29:19,500.0,51.0,B
2021-06-30T11:29:19,200.0,51.0,B
2021-06-30T11:29:03,1000.0,51.0,B
2021-06-30T11:28:58,6100.0,51.0,B
2021-06-30T11:28:58,8900.0,51.0,B
2021-06-30T11:28:41,1100.0,51.0,B
2021-06-30T11:27:42,1000.0,50.9,S
2021-06-30T11:25:44,100.0,51.0,B
2021-06-30T11:25:44,500.0,51.0,B
2021-06-30T11:25:32,900.0,51.0,S
2021-06-30T11:25:32,200.0,51.0,S
2021-06-30T11:25:11,500.0,51.0,S
2021-06-30T11:24:38,2300.0,51.0,B
2021-06-30T11:24:31,2800.0,51.0,S
2021-06-30T11:23:56,100.0,51.0,S
2021-06-30T11:23:41,500.0,51.0,S
2021-06-30T11:23:31,400.0,51.0,B
2021-06-30T11:23:26,200.0,51.0,B
2021-06-30T11:23:09,400.0,51.0,S
2021-06-30T11:23:02,2000.0,51.0,S
2021-06-30T11:23:01,10000.0,51.1,B
2021-06-30T11:22:36,700.0,51.0,S
2021-06-30T11:22:22,1000.0,51.0,B
2021-06-30T11:22:22,3000.0,51.0,B
2021-06-30T11:22:22,10900.0,51.0,B
2021-06-30T11:21:51,10000.0,51.0,B
2021-06-30T11:21:00,5000.0,51.0,B
2021-06-30T11:20:52,12000.0,51.0,B
2021-06-30T11:20:37,800.0,50.9,B
2021-06-30T11:20:25,3300.0,50.9,B
2021-06-30T11:19:32,5000.0,50.8,B
2021-06-30T11:19:19,200.0,50.8,B
2021-06-30T11:19:08,4700.0,50.8,B
2021-06-30T11:19:04,3000.0,50.8,B
2021-06-30T11:18:36,3500.0,50.8,B
2021-06-30T11:18:27,300.0,50.8,B
2021-06-30T11:18:01,100.0,50.7,S
2021-06-30T11:17:52,100.0,50.7,S
2021-06-30T11:17:34,1000.0,50.8,B
2021-06-30T11:17:28,200.0,50.8,B
2021-06-30T11:17:28,1000.0,50.8,B
2021-06-30T11:17:23,300.0,50.8,B
2021-06-30T11:17:05,700.0,50.8,B
2021-06-30T11:16:33,500.0,50.7,S
2021-06-30T11:15:59,1000.0,50.7,S
2021-06-30T11:15:55,200.0,50.8,B
2021-06-30T11:15:51,800.0,50.7,S
2021-06-30T11:15:51,9200.0,50.7,S
2021-06-30T11:15:46,1000.0,50.8,B
2021-06-30T11:15:04,600.0,50.7,S
2021-06-30T11:15:00,500.0,50.7,S
2021-06-30T11:14:58,300.0,50.8,B
2021-06-30T11:14:45,100.0,50.8,B
2021-06-30T11:14:36,200.0,50.7,S
2021-06-30T11:14:11,6800.0,50.8,S
2021-06-30T11:14:07,300.0,50.8,S
2021-06-30T11:13:21,200.0,50.9,S
2021-06-30T11:13:18,1000.0,50.9,S
2021-06-30T11:13:01,500.0,50.8,S
2021-06-30T11:13:00,700.0,51.0,B
2021-06-30T11:12:36,200.0,50.9,B
2021-06-30T11:12:29,1000.0,50.8,S
2021-06-30T11:12:26,100.0,50.9,B
2021-06-30T11:12:13,100.0,50.9,B
2021-06-30T11:12:12,100.0,50.9,B
2021-06-30T11:12:11,1800.0,50.9,S
2021-06-30T11:11:59,500.0,50.9,S
2021-06-30T11:11:57,10000.0,50.9,S
2021-06-30T11:11:19,2000.0,50.9,S
2021-06-30T11:11:16,2000.0,50.9,S
2021-06-30T11:10:48,2000.0,50.9,S
2021-06-30T11:10:37,4000.0,50.9,S
2021-06-30T11:10:26,900.0,51.0,B
2021-06-30T11:10:23,200.0,51.0,B
2021-06-30T11:10:18,100.0,51.0,B
2021-06-30T11:10:04,100.0,51.0,B
2021-06-30T11:09:52,300.0,51.0,B
2021-06-30T11:09:52,10600.0,51.0,B
2021-06-30T11:09:37,3000.0,50.9,S
2021-06-30T11:09:37,2000.0,50.9,S
2021-06-30T11:08:42,100.0,51.0,B
2021-06-30T11:08:36,5000.0,51.0,B
2021-06-30T11:08:28,3000.0,51.0,B
2021-06-30T11:08:08,3000.0,50.9,S
2021-06-30T11:07:55,3000.0,50.9,S
2021-06-30T11:07:52,6100.0,50.9,B
2021-06-30T11:07:46,400.0,50.9,B
2021-06-30T11:07:44,500.0,50.9,B
2021-06-30T11:07:32,1100.0,50.9,S
2021-06-30T11:07:09,300.0,50.9,S
2021-06-30T11:06:58,2000.0,51.0,S
2021-06-30T11:06:57,300.0,51.0,S
2021-06-30T11:06:57,3600.0,51.0,S
2021-06-30T11:06:57,12100.0,51.0,S
2021-06-30T11:06:57,100.0,51.0,S
2021-06-30T11:06:57,1600.0,51.0,S
2021-06-30T11:06:34,500.0,51.0,S
2021-06-30T11:06:16,100.0,51.1,B
2021-06-30T11:06:03,1500.0,51.0,S
2021-06-30T11:05:56,500.0,51.0,S
2021-06-30T11:05:47,10000.0,51.3,B
2021-06-30T11:05:43,100.0,51.1,B
2021-06-30T11:05:32,95000.0,51.1,S
2021-06-30T11:05:30,1000.0,51.2,S
2021-06-30T11:05:10,900.0,51.3,B
2021-06-30T11:05:09,500.0,51.3,B
2021-06-30T11:05:09,4000.0,51.2,S
2021-06-30T11:04:54,100.0,51.3,B
2021-06-30T11:04:47,1000.0,51.2,S
2021-06-30T11:04:42,200.0,51.3,B
2021-06-30T11:04:09,4100.0,51.3,B
2021-06-30T11:04:07,500.0,51.3,B
2021-06-30T11:03:35,1700.0,51.3,S
2021-06-30T11:03:32,10000.0,51.3,S
2021-06-30T11:03:20,900.0,51.3,S
2021-06-30T11:03:16,100.0,51.4,B
2021-06-30T11:03:12,100.0,51.3,S
2021-06-30T11:02:49,500.0,51.4,B
2021-06-30T11:02:46,500.0,51.3,S
2021-06-30T11:02:36,100.0,51.3,S
2021-06-30T11:02:32,3900.0,51.3,S
2021-06-30T11:02:32,500.0,51.4,B
2021-06-30T11:02:30,1300.0,51.3,S
2021-06-30T11:02:30,1200.0,51.3,S
2021-06-30T11:02:29,600.0,51.4,B
2021-06-30T11:02:23,100.0,51.4,B
2021-06-30T11:02:18,100.0,51.4,B
2021-06-30T11:02:17,100.0,51.4,B
2021-06-30T11:02:07,100.0,51.3,S
2021-06-30T11:01:57,6000.0,51.3,S
2021-06-30T11:01:52,100.0,51.4,B
2021-06-30T11:01:45,2300.0,51.4,B
2021-06-30T11:01:37,200.0,51.4,B
2021-06-30T11:01:31,1000.0,51.3,S
2021-06-30T11:01:29,2000.0,51.3,S
2021-06-30T11:01:29,3000.0,51.3,S
2021-06-30T11:01:29,1900.0,51.4,B
2021-06-30T11:01:10,500.0,51.4,B
2021-06-30T11:01:08,2500.0,51.3,B
2021-06-30T11:01:04,4000.0,51.3,B
2021-06-30T11:01:00,2000.0,51.3,B
2021-06-30T11:00:54,8000.0,51.3,B
2021-06-30T11:00:54,200.0,51.3,B
2021-06-30T11:00:53,2500.0,51.3,B
2021-06-30T11:00:50,500.0,51.3,B
2021-06-30T11:00:38,2000.0,51.3,B
2021-06-30T11:00:37,3400.0,51.3,B
2021-06-30T11:00:34,800.0,51.2,S
2021-06-30T11:00:33,1100.0,51.3,B
2021-06-30T11:00:19,20000.0,51.3,B
2021-06-30T11:00:16,2000.0,51.2,S
2021-06-30T11:00:10,2000.0,51.3,B
2021-06-30T11:00:08,500.0,51.2,S
2021-06-30T11:00:02,100.0,51.2,S
2021-06-30T10:59:55,1000.0,51.3,B
2021-06-30T10:59:55,1500.0,51.3,B
2021-06-30T10:59:55,200.0,51.3,B
2021-06-30T10:59:53,2000.0,51.3,B
2021-06-30T10:59:51,2000.0,51.3,B
2021-06-30T10:59:47,700.0,51.2,S
2021-06-30T10:59:36,100.0,51.3,B
2021-06-30T10:59:29,500.0,51.3,B
2021-06-30T10:59:27,200.0,51.3,B
2021-06-30T10:59:21,500.0,51.3,B
2021-06-30T10:59:15,100.0,51.3,B
2021-06-30T10:59:09,500.0,51.2,S
2021-06-30T10:58:57,300.0,51.2,B
2021-06-30T10:58:57,200.0,51.2,B
2021-06-30T10:58:56,800.0,51.2,B
2021-06-30T10:58:56,3000.0,51.2,B
2021-06-30T10:58:56,3500.0,51.2,B
2021-06-30T10:58:56,1200.0,51.2,B
2021-06-30T10:58:56,13600.0,51.2,B
2021-06-30T10:58:56,8000.0,51.2,B
2021-06-30T10:58:48,100.0,51.1,S
2021-06-30T10:58:31,20000.0,51.1,S
2021-06-30T10:58:23,200.0,51.1,S
2021-06-30T10:58:18,200.0,51.1,S
2021-06-30T10:58:00,1000.0,51.1,S
2021-06-30T10:57:58,100.0,51.1,S
2021-06-30T10:57:47,1200.0,51.2,B
2021-06-30T10:57:44,100.0,51.1,S
2021-06-30T10:57:36,2000.0,51.1,S
2021-06-30T10:57:30,200.0,51.1,B
2021-06-30T10:57:30,13600.0,51.1,B
2021-06-30T10:57:25,600.0,51.1,B
2021-06-30T10:57:15,1000.0,51.1,B
2021-06-30T10:57:08,3000.0,51.1,B
2021-06-30T10:57:00,100.0,51.1,B
2021-06-30T10:56:57,100.0,51.1,B
2021-06-30T10:56:50,500.0,51.1,B
2021-06-30T10:56:39,200.0,51.1,B
2021-06-30T10:56:33,2000.0,51.1,B
2021-06-30T10:56:29,2600.0,51.1,B
2021-06-30T10:56:24,100.0,51.1,B
2021-06-30T10:56:15,500.0,51.1,B
2021-06-30T10:56:08,100.0,51.1,B
2021-06-30T10:55:39,2000.0,51.1,B
2021-06-30T10:55:36,300.0,51.0,S
2021-06-30T10:55:36,700.0,51.0,S
2021-06-30T10:55:34,5000.0,51.1,B
2021-06-30T10:55:22,500.0,51.0,B
2021-06-30T10:55:22,200.0,51.0,B
2021-06-30T10:55:11,2000.0,51.0,B
2021-06-30T10:55:08,2500.0,51.0,B
2021-06-30T10:54:59,100.0,51.0,S
2021-06-30T10:54:58,100.0,51.0,S
2021-06-30T10:54:43,9000.0,51.1,B
2021-06-30T10:54:43,500.0,51.1,B
2021-06-30T10:54:42,3500.0,51.1,B
2021-06-30T10:54:34,100.0,51.0,B
2021-06-30T10:54:29,100.0,51.0,B
2021-06-30T10:54:28,2000.0,51.0,B
2021-06-30T10:54:24,200.0,51.0,B
2021-06-30T10:54:16,5000.0,51.0,B
2021-06-30T10:54:02,2000.0,51.0,B
2021-06-30T10:53:59,100.0,51.0,B
2021-06-30T10:53:59,100.0,51.0,B
2021-06-30T10:53:57,900.0,51.0,B
2021-06-30T10:53:54,100.0,51.0,B
2021-06-30T10:53:38,1000.0,51.0,B
2021-06-30T10:53:34,2000.0,51.0,B
2021-06-30T10:53:19,900.0,51.0,B
2021-06-30T10:53:18,1100.0,51.0,B
2021-06-30T10:53:09,2000.0,51.0,B
2021-06-30T10:53:02,400.0,51.0,S
2021-06-30T10:53:02,11600.0,51.0,S
2021-06-30T10:52:52,1000.0,51.0,S
2021-06-30T10:52:47,1600.0,51.0,S
2021-06-30T10:52:47,400.0,51.1,B
2021-06-30T10:52:47,100.0,51.1,B
2021-06-30T10:52:31,2300.0,51.0,S
2021-06-30T10:52:26,100.0,51.1,B
2021-06-30T10:51:33,1000.0,51.1,B
2021-06-30T10:51:18,2000.0,51.1,B
2021-06-30T10:51:11,1000.0,51.1,B
2021-06-30T10:51:04,800.0,51.1,S
2021-06-30T10:51:04,300.0,51.1,S
2021-06-30T10:50:56,5000.0,51.1,S
2021-06-30T10:50:51,900.0,51.1,S
2021-06-30T10:50:38,500.0,51.1,B
2021-06-30T10:50:22,3200.0,51.1,B
2021-06-30T10:50:22,1300.0,51.1,S
2021-06-30T10:50:06,900.0,51.2,B
2021-06-30T10:50:06,5100.0,51.2,B
2021-06-30T10:49:58,3900.0,51.2,B
2021-06-30T10:49:37,6000.0,51.2,B
2021-06-30T10:49:22,4700.0,51.2,B
2021-06-30T10:49:22,10000.0,51.2,B
2021-06-30T10:49:22,3500.0,51.2,B
2021-06-30T10:49:05,200.0,51.1,S
2021-06-30T10:49:05,5000.0,51.1,S
2021-06-30T10:49:03,10000.0,51.1,S
2021-06-30T10:48:57,5600.0,51.1,S
2021-06-30T10:48:53,200.0,51.1,S
2021-06-30T10:48:39,500.0,51.1,S
2021-06-30T10:48:39,1000.0,51.1,S
2021-06-30T10:48:35,1700.0,51.2,B
2021-06-30T10:48:35,100.0,51.1,S
2021-06-30T10:48:34,200.0,51.1,S
2021-06-30T10:48:33,100.0,51.1,S
2021-06-30T10:48:32,600.0,51.1,S
2021-06-30T10:48:30,900.0,51.1,S
2021-06-30T10:48:29,200.0,51.1,S
2021-06-30T10:48:17,300.0,51.1,S
2021-06-30T10:48:15,2700.0,51.1,S
2021-06-30T10:48:11,500.0,51.1,S
2021-06-30T10:48:01,7900.0,51.0,S
2021-06-30T10:48:01,100.0,51.1,S
2021-06-30T10:48:00,2000.0,51.1,S
2021-06-30T10:47:44,1000.0,51.1,S
2021-06-30T10:47:43,100.0,51.2,B
2021-06-30T10:47:34,100.0,51.1,S
2021-06-30T10:47:32,19900.0,51.1,S
2021-06-30T10:47:27,700.0,51.2,B
2021-06-30T10:47:27,1000.0,51.2,B
2021-06-30T10:47:26,1000.0,51.2,B
2021-06-30T10:47:22,300.0,51.1,S
2021-06-30T10:47:22,2000.0,51.1,S
2021-06-30T10:47:13,100.0,51.1,S
2021-06-30T10:46:59,6700.0,51.1,B
2021-06-30T10:46:59,1900.0,51.1,B
2021-06-30T10:46:59,100.0,51.1,B
2021-06-30T10:46:59,200.0,51.1,B
2021-06-30T10:46:59,3100.0,51.1,B
2021-06-30T10:46:54,800.0,51.1,B
2021-06-30T10:46:50,200.0,51.1,B
2021-06-30T10:46:45,100.0,51.0,S
2021-06-30T10:46:42,1300.0,51.1,B
2021-06-30T10:46:42,1400.0,51.1,B
2021-06-30T10:46:31,2800.0,51.1,B
2021-06-30T10:46:30,1200.0,51.1,B
2021-06-30T10:46:15,1800.0,51.1,B
2021-06-30T10:46:12,500.0,51.1,B
2021-06-30T10:46:12,500.0,51.1,B
2021-06-30T10:46:02,200.0,51.1,B
2021-06-30T10:45:57,500.0,51.0,S
2021-06-30T10:45:52,100.0,51.0,S
2021-06-30T10:45:50,900.0,51.0,S
2021-06-30T10:45:45,500.0,51.0,B
2021-06-30T10:45:45,1400.0,51.0,B
2021-06-30T10:45:45,15400.0,51.0,B
2021-06-30T10:45:45,800.0,51.0,B
2021-06-30T10:45:45,7100.0,51.0,B
2021-06-30T10:45:45,700.0,51.0,B
2021-06-30T10:45:43,6000.0,51.0,B
2021-06-30T10:45:43,1400.0,51.0,B
2021-06-30T10:45:43,5700.0,51.0,B
2021-06-30T10:45:30,400.0,51.0,B
2021-06-30T10:45:30,500.0,51.0,B
2021-06-30T10:45:25,900.0,51.0,B
2021-06-30T10:45:24,5000.0,51.0,B
2021-06-30T10:45:11,700.0,51.0,B
2021-06-30T10:45:11,5300.0,51.0,B
2021-06-30T10:45:08,500.0,51.0,B
2021-06-30T10:45:01,2000.0,51.0,B
2021-06-30T10:44:54,300.0,51.0,B
2021-06-30T10:44:52,2100.0,51.0,B
2021-06-30T10:44:52,1000.0,51.0,B
2021-06-30T10:44:52,5900.0,51.0,B
2021-06-30T10:44:50,1000.0,51.0,B
2021-06-30T10:44:31,100.0,51.0,B
2021-06-30T10:44:31,200.0,51.0,B
2021-06-30T10:44:16,5000.0,51.0,B
2021-06-30T10:43:38,1300.0,51.0,B
2021-06-30T10:43:35,700.0,51.0,B
2021-06-30T10:43:17,1000.0,51.0,B
2021-06-30T10:43:16,2000.0,50.9,S
2021-06-30T10:43:10,2000.0,50.9,S
2021-06-30T10:43:01,2500.0,50.9,B
2021-06-30T10:43:01,1000.0,50.9,B
2021-06-30T10:43:01,300.0,50.9,B
2021-06-30T10:43:01,4900.0,50.9,B
2021-06-30T10:43:01,2100.0,50.9,B
2021-06-30T10:43:01,16600.0,50.9,B
2021-06-30T10:43:01,10000.0,50.9,B
2021-06-30T10:43:01,11400.0,50.9,B
2021-06-30T10:42:52,600.0,50.8,S
2021-06-30T10:42:36,5000.0,50.9,B
2021-06-30T10:42:32,100.0,50.8,S
2021-06-30T10:42:12,3000.0,50.8,S
2021-06-30T10:41:52,300.0,50.8,S
2021-06-30T10:41:52,2700.0,50.8,S
2021-06-30T10:41:36,18000.0,50.8,S
2021-06-30T10:41:27,1000.0,50.9,B
2021-06-30T10:41:24,300.0,50.9,B
2021-06-30T10:40:47,1100.0,50.8,B
2021-06-30T10:40:47,1100.0,50.8,B
2021-06-30T10:40:47,2900.0,50.8,B
2021-06-30T10:40:44,2600.0,50.8,B
2021-06-30T10:40:44,7400.0,50.8,B
2021-06-30T10:40:42,7200.0,50.8,B
2021-06-30T10:40:42,2800.0,50.8,B
2021-06-30T10:40:36,50000.0,50.6,S
2021-06-30T10:40:29,15000.0,50.8,B
2021-06-30T10:40:27,9000.0,50.8,B
2021-06-30T10:40:16,200.0,50.8,B
2021-06-30T10:40:00,3500.0,50.7,S
2021-06-30T10:39:45,1000.0,50.7,B
2021-06-30T10:39:42,1000.0,50.7,B
2021-06-30T10:39:42,16900.0,50.7,B
2021-06-30T10:39:13,100.0,50.6,S
2021-06-30T10:39:10,1500.0,50.6,S
2021-06-30T10:39:03,100.0,50.6,B
2021-06-30T10:39:02,1000.0,50.6,B
2021-06-30T10:39:02,1200.0,50.6,B
2021-06-30T10:39:02,6800.0,50.6,B
2021-06-30T10:38:56,19800.0,50.6,B
2021-06-30T10:38:44,100.0,50.6,B
2021-06-30T10:38:35,1600.0,50.6,B
2021-06-30T10:38:35,400.0,50.6,B
2021-06-30T10:38:20,11000.0,50.6,B
2021-06-30T10:37:53,1000.0,50.5,S
2021-06-30T10:37:46,500.0,50.5,S
2021-06-30T10:37:30,200.0,50.5,S
2021-06-30T10:37:30,200.0,50.5,S
2021-06-30T10:37:07,6000.0,50.5,S
2021-06-30T10:36:49,100.0,50.5,S
2021-06-30T10:36:48,1000.0,50.4,S
2021-06-30T10:36:48,4100.0,50.4,S
2021-06-30T10:36:48,1700.0,50.4,S
2021-06-30T10:36:48,400.0,50.4,S
2021-06-30T10:36:48,1200.0,50.4,S
2021-06-30T10:36:48,2200.0,50.4,S
2021-06-30T10:36:48,1900.0,50.4,S
2021-06-30T10:36:47,1100.0,50.4,S
2021-06-30T10:36:47,500.0,50.4,S
2021-06-30T10:36:47,3400.0,50.4,S
2021-06-30T10:36:47,2000.0,50.4,S
2021-06-30T10:36:47,5100.0,50.4,S
2021-06-30T10:36:47,5100.0,50.4,S
2021-06-30T10:36:47,200.0,50.5,S
2021-06-30T10:36:47,20100.0,50.5,S
2021-06-30T10:36:25,300.0,50.5,S
2021-06-30T10:36:19,1100.0,50.5,S
2021-06-30T10:36:11,100.0,50.5,S
2021-06-30T10:36:05,2100.0,50.5,S
2021-06-30T10:35:55,300.0,50.5,S
2021-06-30T10:35:55,2700.0,50.5,S
2021-06-30T10:35:47,8100.0,50.6,B
2021-06-30T10:35:47,2400.0,50.6,B
2021-06-30T10:35:46,2500.0,50.5,S
2021-06-30T10:35:37,2000.0,50.5,S
2021-06-30T10:35:32,3500.0,50.5,S
2021-06-30T10:35:26,3000.0,50.5,S
2021-06-30T10:35:26,1500.0,50.5,S
2021-06-30T10:35:26,15500.0,50.5,S
2021-06-30T10:35:20,200.0,50.5,S
2021-06-30T10:35:12,500.0,50.6,B
2021-06-30T10:35:08,100.0,50.5,S
2021-06-30T10:35:04,200.0,50.5,S
2021-06-30T10:34:52,200.0,50.5,S
2021-06-30T10:34:43,2000.0,50.5,S
2021-06-30T10:34:43,600.0,50.5,S
2021-06-30T10:34:28,300.0,50.5,S
2021-06-30T10:34:28,2700.0,50.5,S
2021-06-30T10:34:16,100.0,50.5,S
2021-06-30T10:33:36,100.0,50.5,S
2021-06-30T10:33:29,3000.0,50.5,B
2021-06-30T10:33:26,3000.0,50.5,B
2021-06-30T10:33:26,7900.0,50.5,B
2021-06-30T10:33:22,600.0,50.5,B
2021-06-30T10:33:12,700.0,50.5,B
2021-06-30T10:32:45,800.0,50.5,B
2021-06-30T10:32:42,100.0,50.5,B
2021-06-30T10:32:39,800.0,50.5,B
2021-06-30T10:32:23,200.0,50.5,S
2021-06-30T10:32:23,500.0,50.5,S
2021-06-30T10:32:21,4400.0,50.5,S
2021-06-30T10:32:14,100.0,50.5,S
2021-06-30T10:32:12,100.0,50.5,S
2021-06-30T10:31:55,2200.0,50.5,B
2021-06-30T10:31:46,400.0,50.5,B
2021-06-30T10:31:36,1000.0,50.5,B
2021-06-30T10:31:36,400.0,50.5,B
2021-06-30T10:31:33,1000.0,50.5,B
2021-06-30T10:31:33,500.0,50.5,B
2021-06-30T10:31:29,300.0,50.5,B
2021-06-30T10:31:17,500.0,50.5,B
2021-06-30T10:31:11,200.0,50.5,B
2021-06-30T10:31:08,1000.0,50.5,B
2021-06-30T10:31:02,800.0,50.5,S
2021-06-30T10:30:29,1000.0,50.5,S
2021-06-30T10:30:27,800.0,50.5,S
2021-06-30T10:30:20,5000.0,50.4,S
2021-06-30T10:30:19,400.0,50.5,S
2021-06-30T10:30:19,1000.0,50.5,S
2021-06-30T10:30:18,3600.0,50.5,S
2021-06-30T10:30:11,2500.0,50.5,S
2021-06-30T10:30:00,1500.0,50.5,S
2021-06-30T10:29:48,200.0,50.5,S
2021-06-30T10:29:27,5000.0,50.5,S
2021-06-30T10:29:24,100.0,50.6,B
2021-06-30T10:27:39,3000.0,50.6,B
2021-06-30T10:27:24,1900.0,50.6,B
2021-06-30T10:27:19,300.0,50.6,B
2021-06-30T10:27:14,200.0,50.6,S
2021-06-30T10:27:12,1300.0,50.6,S
2021-06-30T10:27:12,600.0,50.6,S
2021-06-30T10:27:12,300.0,50.6,S
2021-06-30T10:27:12,4500.0,50.6,S
2021-06-30T10:27:11,500.0,50.6,S
2021-06-30T10:27:11,100.0,50.7,B
2021-06-30T10:27:03,1000.0,50.6,S
2021-06-30T10:26:59,2000.0,50.6,S
2021-06-30T10:26:52,500.0,50.6,S
2021-06-30T10:26:51,8500.0,50.7,B
2021-06-30T10:26:47,5500.0,50.6,S
2021-06-30T10:26:47,2000.0,50.6,S
2021-06-30T10:26:38,2500.0,50.6,S
2021-06-30T10:26:29,3000.0,50.6,S
2021-06-30T10:26:26,10000.0,50.6,S
2021-06-30T10:26:00,500.0,50.6,S
2021-06-30T10:25:18,100.0,50.7,B
2021-06-30T10:25:06,2100.0,50.6,S
2021-06-30T10:24:55,500.0,50.6,S
2021-06-30T10:24:12,2000.0,50.6,S
2021-06-30T10:23:35,1000.0,50.7,B
2021-06-30T10:23:27,500.0,50.7,S
2021-06-30T10:23:20,1000.0,50.7,S
2021-06-30T10:23:09,500.0,50.7,S
2021-06-30T10:23:09,2500.0,50.7,S
2021-06-30T10:23:06,100.0,50.7,S
2021-06-30T10:22:44,100.0,50.7,S
2021-06-30T10:22:44,100.0,50.7,S
2021-06-30T10:22:44,300.0,50.7,S
2021-06-30T10:22:03,100.0,50.8,B
2021-06-30T10:22:03,100.0,50.8,B
2021-06-30T10:21:54,500.0,50.8,B
2021-06-30T10:21:38,200.0,50.8,S
2021-06-30T10:21:32,4200.0,50.8,S
2021-06-30T10:21:32,100.0,50.8,S
2021-06-30T10:21:21,500.0,50.8,S
2021-06-30T10:20:30,300.0,50.8,S
2021-06-30T10:20:30,2700.0,50.8,S
2021-06-30T10:20:21,1000.0,50.8,S
2021-06-30T10:19:58,3000.0,50.8,S
2021-06-30T10:19:26,100.0,50.8,S
2021-06-30T10:19:23,600.0,50.8,S
2021-06-30T10:19:22,100.0,50.8,S
2021-06-30T10:19:18,500.0,50.8,B
2021-06-30T10:19:17,2700.0,50.8,B
2021-06-30T10:19:17,2800.0,50.8,B
2021-06-30T10:19:06,3700.0,50.8,B
2021-06-30T10:19:00,10000.0,50.7,S
2021-06-30T10:18:57,3400.0,50.8,B
2021-06-30T10:18:45,400.0,50.8,B
2021-06-30T10:18:42,700.0,50.8,B
2021-06-30T10:18:42,100.0,50.8,B
2021-06-30T10:18:42,5800.0,50.8,B
2021-06-30T10:18:32,100.0,50.7,S
2021-06-30T10:18:19,3600.0,50.8,B
2021-06-30T10:18:19,1000.0,50.8,B
2021-06-30T10:18:19,800.0,50.8,B
2021-06-30T10:18:10,100.0,50.8,B
2021-06-30T10:18:00,300.0,50.8,B
2021-06-30T10:17:57,800.0,50.8,B
2021-06-30T10:17:51,200.0,50.8,B
2021-06-30T10:17:30,300.0,50.8,B
2021-06-30T10:17:19,200.0,50.8,B
2021-06-30T10:16:33,300.0,50.7,B
2021-06-30T10:16:30,300.0,50.7,B
2021-06-30T10:16:21,3700.0,50.7,B
2021-06-30T10:16:10,300.0,50.6,S
2021-06-30T10:16:06,900.0,50.8,B
2021-06-30T10:15:55,100.0,50.7,S
2021-06-30T10:15:40,600.0,50.8,B
2021-06-30T10:15:36,3400.0,50.6,S
2021-06-30T10:15:02,500.0,50.6,S
2021-06-30T10:14:52,2000.0,50.6,S
2021-06-30T10:14:48,1400.0,50.8,B
2021-06-30T10:14:48,500.0,50.8,B
2021-06-30T10:14:48,1200.0,50.8,B
2021-06-30T10:14:48,900.0,50.7,B
2021-06-30T10:14:48,7000.0,50.7,B
2021-06-30T10:14:45,500.0,50.6,S
2021-06-30T10:14:42,300.0,50.6,S
2021-06-30T10:14:40,1000.0,50.6,S
2021-06-30T10:14:38,1000.0,50.6,S
2021-06-30T10:14:37,10000.0,50.6,S
2021-06-30T10:14:24,1200.0,50.6,B
2021-06-30T10:14:11,200.0,50.6,B
2021-06-30T10:14:09,100.0,50.6,B
2021-06-30T10:13:59,1600.0,50.5,B
2021-06-30T10:13:56,500.0,50.5,B
2021-06-30T10:13:53,1000.0,50.5,B
2021-06-30T10:13:51,100.0,50.5,B
2021-06-30T10:13:47,3000.0,50.5,B
2021-06-30T10:13:41,400.0,50.5,S
2021-06-30T10:13:40,5800.0,50.5,S
2021-06-30T10:13:40,8200.0,50.5,S
2021-06-30T10:13:31,1200.0,50.6,S
2021-06-30T10:13:31,100.0,50.6,S
2021-06-30T10:13:13,1000.0,50.6,S
2021-06-30T10:13:09,500.0,50.6,B
2021-06-30T10:12:59,500.0,50.6,B
2021-06-30T10:12:57,200.0,50.6,B
2021-06-30T10:12:56,1100.0,50.6,B
2021-06-30T10:12:37,400.0,50.5,B
2021-06-30T10:12:31,1000.0,50.5,S
2021-06-30T10:12:25,400.0,50.6,S
2021-06-30T10:12:14,2400.0,50.4,S
2021-06-30T10:12:14,600.0,50.4,S
2021-06-30T10:12:12,200.0,50.5,S
2021-06-30T10:12:09,1200.0,50.5,S
2021-06-30T10:12:06,1000.0,50.6,S
2021-06-30T10:11:57,1000.0,50.4,S
2021-06-30T10:11:57,7300.0,50.4,S
2021-06-30T10:11:57,300.0,50.5,S
2021-06-30T10:11:57,1200.0,50.5,S
2021-06-30T10:11:57,10200.0,50.6,S
2021-06-30T10:11:50,100.0,50.6,S
2021-06-30T10:11:46,1000.0,50.6,B
2021-06-30T10:11:46,5700.0,50.6,B
2021-06-30T10:11:34,900.0,50.6,B
2021-06-30T10:11:32,100.0,50.5,S
2021-06-30T10:11:07,100.0,50.6,B
2021-06-30T10:10:46,100.0,50.6,S
2021-06-30T10:10:24,19000.0,50.7,B
2021-06-30T10:10:21,1100.0,50.5,S
2021-06-30T10:10:21,6600.0,50.5,S
2021-06-30T10:10:20,1000.0,50.6,S
2021-06-30T10:10:03,100.0,50.7,S
2021-06-30T10:10:00,3000.0,50.6,S
2021-06-30T10:09:59,1000.0,50.7,S
2021-06-30T10:09:59,100.0,50.7,S
2021-06-30T10:09:43,1000.0,50.7,S
2021-06-30T10:09:43,900.0,50.7,S
2021-06-30T10:09:43,13100.0,50.7,S
2021-06-30T10:09:27,300.0,50.7,S
2021-06-30T10:09:21,100.0,50.8,B
2021-06-30T10:09:02,8400.0,50.7,S
2021-06-30T10:08:53,3200.0,50.8,B
2021-06-30T10:08:42,1700.0,50.8,B
2021-06-30T10:08:02,300.0,50.8,B
2021-06-30T10:07:54,2000.0,50.8,B
2021-06-30T10:07:49,1400.0,50.8,B
2021-06-30T10:07:39,1000.0,50.8,B
2021-06-30T10:07:34,3100.0,50.7,S
2021-06-30T10:07:31,1400.0,50.8,B
2021-06-30T10:07:19,100.0,50.8,S
2021-06-30T10:07:09,40000.0,50.7,S
2021-06-30T10:07:07,6200.0,50.8,S
2021-06-30T10:07:05,200.0,50.8,S
2021-06-30T10:07:00,5800.0,51.0,B
2021-06-30T10:07:00,100.0,51.0,B
2021-06-30T10:07:00,2000.0,51.0,B
2021-06-30T10:07:00,2100.0,51.0,B
2021-06-30T10:07:00,9100.0,51.0,B
2021-06-30T10:07:00,800.0,51.0,B
2021-06-30T10:07:00,3800.0,50.9,B
2021-06-30T10:07:00,4300.0,50.9,B
2021-06-30T10:06:52,5000.0,50.8,S
2021-06-30T10:06:42,1500.0,50.8,S
2021-06-30T10:06:35,600.0,50.8,S
2021-06-30T10:06:35,3000.0,50.8,S
2021-06-30T10:06:24,100.0,50.9,B
2021-06-30T10:06:22,1000.0,50.8,S
2021-06-30T10:06:05,2500.0,50.8,S
2021-06-30T10:06:02,100.0,50.8,S
2021-06-30T10:05:58,300.0,50.8,B
2021-06-30T10:05:57,100.0,50.8,B
2021-06-30T10:05:46,100.0,50.8,B
2021-06-30T10:05:24,5100.0,50.8,B
2021-06-30T10:05:24,2500.0,50.8,B
2021-06-30T10:05:24,700.0,50.8,B
2021-06-30T10:05:21,100.0,50.8,B
2021-06-30T10:05:19,2000.0,50.8,B
2021-06-30T10:05:15,5000.0,50.8,B
2021-06-30T10:04:37,100.0,50.8,B
2021-06-30T10:04:34,5000.0,50.7,S
2021-06-30T10:04:06,100.0,50.8,B
2021-06-30T10:04:03,500.0,50.7,S
2021-06-30T10:04:00,700.0,50.8,B
2021-06-30T10:03:44,600.0,50.8,B
2021-06-30T10:03:36,100.0,50.7,S
2021-06-30T10:03:35,500.0,50.8,B
2021-06-30T10:03:34,100.0,50.7,S
2021-06-30T10:03:20,1100.0,50.7,S
2021-06-30T10:02:58,1000.0,50.7,S
2021-06-30T10:02:55,1500.0,50.7,B
2021-06-30T10:02:48,1200.0,50.7,B
2021-06-30T10:02:48,6000.0,50.7,B
2021-06-30T10:02:48,5400.0,50.5,B
2021-06-30T10:02:48,2000.0,50.4,B
2021-06-30T10:02:48,1800.0,50.4,B
2021-06-30T10:02:45,1000.0,50.4,B
2021-06-30T10:02:41,600.0,50.4,B
2021-06-30T10:02:40,1500.0,50.4,B
2021-06-30T10:02:35,6000.0,50.4,S
2021-06-30T10:02:35,500.0,50.4,S
2021-06-30T10:02:34,100.0,50.4,S
2021-06-30T10:02:34,3000.0,50.4,S
2021-06-30T10:02:34,500.0,50.4,S
2021-06-30T10:02:34,2500.0,50.4,S
2021-06-30T10:02:34,8100.0,50.4,S
2021-06-30T10:02:32,9700.0,50.6,B
2021-06-30T10:02:31,200.0,50.5,B
2021-06-30T10:02:25,1000.0,50.5,B
2021-06-30T10:02:23,100.0,50.5,B
2021-06-30T10:02:20,1000.0,50.5,S
2021-06-30T10:02:19,500.0,50.4,S
2021-06-30T10:02:16,5000.0,50.5,S
2021-06-30T10:02:15,10400.0,50.6,B
2021-06-30T10:02:14,200.0,50.5,S
2021-06-30T10:02:13,1000.0,50.6,B
2021-06-30T10:02:09,1000.0,50.6,B
2021-06-30T10:02:08,100.0,50.5,S
2021-06-30T10:02:03,200.0,50.5,B
2021-06-30T10:01:56,10700.0,50.5,B
2021-06-30T10:01:50,300.0,50.5,S
2021-06-30T10:01:42,200.0,50.5,S
2021-06-30T10:01:42,800.0,50.5,S
2021-06-30T10:01:35,200.0,50.5,S
2021-06-30T10:01:30,12800.0,50.5,S
2021-06-30T10:01:19,1200.0,50.5,S
2021-06-30T10:01:14,100.0,50.6,B
2021-06-30T10:00:59,200.0,50.6,B
2021-06-30T10:00:59,300.0,50.6,B
2021-06-30T10:00:51,2400.0,50.6,B
2021-06-30T10:00:44,100.0,50.6,B
2021-06-30T10:00:43,200.0,50.6,B
2021-06-30T10:00:40,6000.0,50.6,B
2021-06-30T10:00:36,100.0,50.6,B
2021-06-30T10:00:32,1000.0,50.6,S
2021-06-30T10:00:30,1500.0,50.6,S
2021-06-30T10:00:29,9700.0,50.6,S
2021-06-30T10:00:27,500.0,50.6,S
2021-06-30T10:00:27,200.0,50.6,S
2021-06-30T10:00:27,800.0,50.6,S
2021-06-30T10:00:14,200.0,50.6,S
2021-06-30T10:00:14,900.0,50.6,S
2021-06-30T10:00:05,6200.0,50.6,S
2021-06-30T10:00:02,1500.0,50.7,B
2021-06-30T10:00:02,5000.0,50.6,S
2021-06-30T09:59:54,100.0,50.7,B
2021-06-30T09:59:41,600.0,50.6,S
2021-06-30T09:59:32,6500.0,50.7,B
2021-06-30T09:59:26,500.0,50.6,S
2021-06-30T09:59:26,100.0,50.7,B
2021-06-30T09:59:23,500.0,50.7,B
2021-06-30T09:59:20,3200.0,50.7,B
2021-06-30T09:59:15,200.0,50.7,B
2021-06-30T09:59:02,1000.0,50.7,B
2021-06-30T09:58:59,200.0,50.7,B
2021-06-30T09:58:57,1000.0,50.7,B
2021-06-30T09:58:56,1000.0,50.7,B
2021-06-30T09:58:56,4600.0,50.6,S
2021-06-30T09:58:56,100.0,50.6,S
2021-06-30T09:58:56,4900.0,50.6,S
2021-06-30T09:58:55,500.0,50.6,S
2021-06-30T09:58:55,9900.0,50.6,S
2021-06-30T09:58:22,100.0,50.7,S
2021-06-30T09:58:19,500.0,50.7,S
2021-06-30T09:58:11,2500.0,50.7,S
2021-06-30T09:58:10,1500.0,50.7,S
2021-06-30T09:58:10,2600.0,50.7,S
2021-06-30T09:58:08,2000.0,50.8,B
2021-06-30T09:58:06,500.0,50.7,S
2021-06-30T09:57:56,100.0,50.8,B
2021-06-30T09:57:54,1000.0,50.8,B
2021-06-30T09:57:47,100.0,50.7,S
2021-06-30T09:57:42,8000.0,50.8,B
2021-06-30T09:57:41,1700.0,50.8,S
2021-06-30T09:57:30,2200.0,50.7,S
2021-06-30T09:57:30,17800.0,50.7,S
2021-06-30T09:57:23,500.0,50.8,S
2021-06-30T09:57:23,200.0,50.8,S
2021-06-30T09:57:22,7700.0,50.8,S
2021-06-30T09:57:22,4400.0,50.8,S
2021-06-30T09:57:22,3000.0,50.8,S
2021-06-30T09:57:07,8300.0,50.8,S
2021-06-30T09:57:07,1700.0,50.9,B
2021-06-30T09:57:03,300.0,50.9,B
2021-06-30T09:56:49,1100.0,50.9,B
2021-06-30T09:56:49,2100.0,50.9,B
2021-06-30T09:56:49,2000.0,50.9,B
2021-06-30T09:56:48,1000.0,50.8,S
2021-06-30T09:56:48,9000.0,50.8,S
2021-06-30T09:56:47,3000.0,50.9,B
2021-06-30T09:56:17,300.0,50.9,B
2021-06-30T09:56:14,1700.0,50.8,S
2021-06-30T09:56:01,4000.0,50.8,S
2021-06-30T09:56:01,1000.0,50.8,S
2021-06-30T09:56:01,1000.0,50.8,S
2021-06-30T09:56:01,10000.0,50.8,S
2021-06-30T09:55:52,3300.0,50.9,B
2021-06-30T09:55:29,100.0,50.9,B
2021-06-30T09:55:25,100.0,50.9,B
2021-06-30T09:55:24,300.0,50.9,B
2021-06-30T09:55:14,300.0,50.9,S
2021-06-30T09:55:10,1600.0,50.9,S
2021-06-30T09:55:02,100.0,50.9,S
2021-06-30T09:54:44,2000.0,51.0,B
2021-06-30T09:54:43,100.0,50.9,S
2021-06-30T09:54:12,4000.0,50.9,S
2021-06-30T09:54:08,500.0,51.0,B
2021-06-30T09:53:37,3400.0,50.9,S
2021-06-30T09:53:37,14600.0,50.9,S
2021-06-30T09:53:37,6800.0,51.0,S
2021-06-30T09:53:30,10000.0,51.0,S
2021-06-30T09:53:28,300.0,51.1,B
2021-06-30T09:53:21,1000.0,51.0,S
2021-06-30T09:53:21,400.0,51.1,B
2021-06-30T09:53:15,100.0,51.0,S
2021-06-30T09:53:13,100.0,51.0,S
2021-06-30T09:52:57,2700.0,51.0,S
2021-06-30T09:52:38,800.0,51.1,B
2021-06-30T09:52:30,300.0,51.1,B
2021-06-30T09:52:23,5000.0,51.0,S
2021-06-30T09:52:12,100.0,51.1,B
2021-06-30T09:52:10,5800.0,51.1,B
2021-06-30T09:52:02,500.0,51.1,B
2021-06-30T09:51:55,1000.0,51.0,S
2021-06-30T09:51:53,1800.0,51.1,B
2021-06-30T09:51:51,100.0,51.1,B
2021-06-30T09:51:42,400.0,51.1,S
2021-06-30T09:51:31,900.0,51.2,B
2021-06-30T09:51:26,500.0,51.2,B
2021-06-30T09:51:24,4000.0,50.9,S
2021-06-30T09:51:24,600.0,51.0,S
2021-06-30T09:51:24,400.0,51.0,S
2021-06-30T09:51:16,5900.0,51.2,S
2021-06-30T09:51:09,200.0,51.3,B
2021-06-30T09:51:03,1000.0,51.2,S
2021-06-30T09:50:53,600.0,51.2,S
2021-06-30T09:50:51,10000.0,51.2,S
2021-06-30T09:50:47,2200.0,51.3,B
2021-06-30T09:50:47,200.0,51.2,S
2021-06-30T09:50:37,100.0,51.2,S
2021-06-30T09:50:34,1000.0,51.2,S
2021-06-30T09:50:27,4400.0,51.2,B
2021-06-30T09:50:27,23000.0,51.2,B
2021-06-30T09:50:27,5800.0,51.2,B
2021-06-30T09:50:27,3800.0,51.2,B
2021-06-30T09:50:27,200.0,51.2,B
2021-06-30T09:50:27,3400.0,51.2,B
2021-06-30T09:50:27,1000.0,51.2,B
2021-06-30T09:50:27,2600.0,51.2,B
2021-06-30T09:50:27,12800.0,51.1,B
2021-06-30T09:50:27,1100.0,51.1,B
2021-06-30T09:50:26,17900.0,51.1,B
2021-06-30T09:50:22,1400.0,51.0,B
2021-06-30T09:50:20,1000.0,50.9,S
2021-06-30T09:50:16,400.0,50.9,S
2021-06-30T09:50:10,9000.0,51.0,B
2021-06-30T09:50:03,2000.0,51.0,B
2021-06-30T09:49:57,100.0,50.9,S
2021-06-30T09:49:55,1900.0,50.9,S
2021-06-30T09:49:54,4100.0,50.9,S
2021-06-30T09:49:28,200.0,50.9,S
2021-06-30T09:49:28,100.0,51.0,S
2021-06-30T09:49:27,17700.0,50.9,S
2021-06-30T09:49:27,12300.0,50.9,S
2021-06-30T09:49:25,700.0,51.0,S
2021-06-30T09:49:17,300.0,51.0,S
2021-06-30T09:49:17,700.0,51.0,S
2021-06-30T09:49:14,1400.0,51.0,S
2021-06-30T09:49:14,1000.0,51.0,S
2021-06-30T09:49:11,500.0,51.0,S
2021-06-30T09:49:08,100.0,51.0,S
2021-06-30T09:49:08,400.0,51.0,S
2021-06-30T09:48:54,6700.0,51.0,S
2021-06-30T09:48:54,3800.0,51.0,S
2021-06-30T09:48:51,2000.0,51.1,B
2021-06-30T09:48:48,500.0,51.0,S
2021-06-30T09:48:31,2000.0,51.0,S
2021-06-30T09:48:27,2000.0,51.1,B
2021-06-30T09:48:17,500.0,51.0,B
2021-06-30T09:48:16,200.0,51.0,B
2021-06-30T09:48:12,1000.0,51.0,B
2021-06-30T09:48:10,600.0,51.0,B
2021-06-30T09:48:06,16100.0,51.0,B
2021-06-30T09:48:06,3000.0,51.0,B
2021-06-30T09:48:06,10000.0,51.0,B
2021-06-30T09:48:01,1000.0,51.0,B
2021-06-30T09:47:53,2700.0,51.0,B
2021-06-30T09:47:53,1200.0,51.0,B
2021-06-30T09:47:53,23500.0,51.0,B
2021-06-30T09:47:49,1000.0,51.0,B
2021-06-30T09:47:43,1000.0,51.0,B
2021-06-30T09:47:27,700.0,51.0,B
2021-06-30T09:47:27,2300.0,51.0,B
2021-06-30T09:47:22,200.0,50.9,S
2021-06-30T09:47:19,11000.0,51.0,B
2021-06-30T09:47:18,500.0,50.9,S
2021-06-30T09:47:03,2000.0,51.0,B
2021-06-30T09:46:54,8900.0,50.9,S
2021-06-30T09:46:54,6100.0,50.9,S
2021-06-30T09:46:52,10300.0,51.0,B
2021-06-30T09:46:47,100.0,51.0,B
2021-06-30T09:46:41,300.0,50.9,S
2021-06-30T09:46:37,500.0,51.0,B
2021-06-30T09:46:18,1000.0,51.0,B
2021-06-30T09:46:03,300.0,50.9,S
2021-06-30T09:46:03,5000.0,51.0,B
2021-06-30T09:46:02,500.0,51.0,B
2021-06-30T09:46:01,5000.0,51.0,B
2021-06-30T09:45:55,500.0,51.0,B
2021-06-30T09:45:50,1500.0,51.0,B
2021-06-30T09:45:46,100.0,51.0,B
2021-06-30T09:45:46,100.0,51.0,B
2021-06-30T09:45:44,1000.0,51.0,B
2021-06-30T09:45:32,1000.0,51.0,B
2021-06-30T09:45:30,600.0,51.0,B
2021-06-30T09:45:28,200.0,51.0,B
2021-06-30T09:45:26,500.0,51.0,B
2021-06-30T09:45:22,1000.0,51.0,B
2021-06-30T09:45:10,1000.0,51.0,B
2021-06-30T09:44:59,1100.0,51.0,S
2021-06-30T09:44:59,200.0,51.0,S
2021-06-30T09:44:59,1100.0,51.0,S
2021-06-30T09:44:59,2300.0,51.0,S
2021-06-30T09:44:59,3000.0,51.0,S
2021-06-30T09:44:58,4600.0,51.0,S
2021-06-30T09:44:51,300.0,51.1,B
2021-06-30T09:44:45,200.0,51.1,B
2021-06-30T09:44:37,1000.0,51.1,B
2021-06-30T09:44:29,1200.0,51.1,B
2021-06-30T09:44:24,1200.0,51.1,B
2021-06-30T09:44:21,100.0,51.1,B
2021-06-30T09:44:12,3100.0,51.1,B
2021-06-30T09:44:04,5000.0,51.0,S
2021-06-30T09:43:59,400.0,51.1,B
2021-06-30T09:43:44,3000.0,51.0,S
2021-06-30T09:43:43,100.0,51.0,S
2021-06-30T09:43:39,300.0,51.0,S
2021-06-30T09:43:35,1000.0,51.1,B
2021-06-30T09:43:28,1200.0,51.0,S
2021-06-30T09:43:27,300.0,51.0,B
2021-06-30T09:43:27,2700.0,51.0,B
2021-06-30T09:43:27,1300.0,51.0,B
2021-06-30T09:43:24,600.0,51.0,B
2021-06-30T09:43:22,1900.0,51.0,B
2021-06-30T09:43:22,200.0,51.0,B
2021-06-30T09:43:21,1000.0,51.0,B
2021-06-30T09:43:20,500.0,51.0,B
2021-06-30T09:43:20,1000.0,51.0,B
2021-06-30T09:43:12,200.0,51.0,S
2021-06-30T09:43:10,300.0,51.0,S
2021-06-30T09:43:10,100.0,51.0,S
2021-06-30T09:43:00,100.0,51.0,S
2021-06-30T09:42:59,300.0,51.0,S
2021-06-30T09:42:59,500.0,51.0,S
2021-06-30T09:42:55,1500.0,51.0,S
2021-06-30T09:42:55,2300.0,51.0,S
2021-06-30T09:42:55,10600.0,51.0,S
2021-06-30T09:42:55,7900.0,51.0,S
2021-06-30T09:42:55,12100.0,51.0,S
2021-06-30T09:42:51,1000.0,51.1,B
2021-06-30T09:42:49,100.0,51.1,B
2021-06-30T09:42:40,100.0,51.0,S
2021-06-30T09:42:39,100.0,51.0,S
2021-06-30T09:42:34,100.0,51.1,B
2021-06-30T09:42:18,100.0,51.0,S
2021-06-30T09:42:08,2000.0,51.0,B
2021-06-30T09:42:00,500.0,51.0,B
2021-06-30T09:41:48,15000.0,50.9,S
2021-06-30T09:41:47,700.0,51.0,B
2021-06-30T09:41:47,5200.0,51.0,B
2021-06-30T09:41:47,5800.0,51.0,B
2021-06-30T09:41:47,2200.0,51.0,B
2021-06-30T09:41:47,400.0,51.0,B
2021-06-30T09:41:47,2200.0,51.0,B
2021-06-30T09:41:47,1000.0,51.0,B
2021-06-30T09:41:47,1000.0,51.0,B
2021-06-30T09:41:47,5100.0,51.0,B
2021-06-30T09:41:46,5100.0,51.0,B
2021-06-30T09:41:46,4800.0,51.0,B
2021-06-30T09:41:43,600.0,51.0,B
2021-06-30T09:41:43,1900.0,51.0,B
2021-06-30T09:41:40,5000.0,51.0,B
2021-06-30T09:41:23,500.0,51.0,B
2021-06-30T09:41:16,300.0,51.0,B
2021-06-30T09:41:15,2000.0,50.9,S
2021-06-30T09:41:03,100.0,51.0,B
2021-06-30T09:41:01,2900.0,51.0,B
2021-06-30T09:40:57,100.0,50.9,S
2021-06-30T09:40:46,1000.0,51.0,B
2021-06-30T09:40:46,100.0,50.9,S
2021-06-30T09:40:37,1000.0,51.0,B
2021-06-30T09:40:32,100.0,51.0,B
2021-06-30T09:40:28,1000.0,51.0,B
2021-06-30T09:40:27,100.0,50.9,S
2021-06-30T09:40:25,16000.0,50.9,S
2021-06-30T09:40:24,100.0,51.0,B
2021-06-30T09:40:23,100.0,50.9,S
2021-06-30T09:40:23,900.0,50.9,S
2021-06-30T09:40:07,2000.0,51.0,B
2021-06-30T09:39:55,1700.0,50.9,S
2021-06-30T09:39:38,100.0,51.0,B
2021-06-30T09:39:34,200.0,50.9,S
2021-06-30T09:39:26,4000.0,50.8,S
2021-06-30T09:39:26,5000.0,50.8,S
2021-06-30T09:39:26,1300.0,50.8,S
2021-06-30T09:39:26,9700.0,50.8,S
2021-06-30T09:39:16,300.0,50.9,B
2021-06-30T09:39:12,100.0,50.9,B
2021-06-30T09:39:11,100.0,50.9,B
2021-06-30T09:39:03,1500.0,50.9,B
2021-06-30T09:39:03,6500.0,50.9,B
2021-06-30T09:38:54,5500.0,50.9,S
2021-06-30T09:38:48,1300.0,50.8,S
2021-06-30T09:38:48,100.0,50.9,S
2021-06-30T09:38:48,18600.0,50.9,S
2021-06-30T09:38:40,100.0,50.9,S
2021-06-30T09:38:36,2000.0,50.9,S
2021-06-30T09:38:19,2000.0,50.9,B
2021-06-30T09:38:14,3500.0,50.9,B
2021-06-30T09:38:14,500.0,50.9,B
2021-06-30T09:38:13,5700.0,50.9,B
2021-06-30T09:38:12,4000.0,50.9,B
2021-06-30T09:37:57,16200.0,50.8,S
2021-06-30T09:37:57,1300.0,50.8,S
2021-06-30T09:37:57,2500.0,50.8,S
2021-06-30T09:37:47,3000.0,50.9,B
2021-06-30T09:37:46,9300.0,50.9,B
2021-06-30T09:37:41,100.0,50.9,B
2021-06-30T09:37:30,1900.0,50.9,B
2021-06-30T09:37:30,1000.0,50.9,B
2021-06-30T09:37:30,300.0,50.8,S
2021-06-30T09:37:28,100.0,50.9,B
2021-06-30T09:37:22,300.0,50.8,S
2021-06-30T09:37:11,3000.0,50.8,S
2021-06-30T09:37:10,1300.0,50.8,S
2021-06-30T09:37:06,200.0,50.9,B
2021-06-30T09:37:01,3600.0,50.8,S
2021-06-30T09:36:47,500.0,50.8,S
2021-06-30T09:36:47,800.0,50.8,S
2021-06-30T09:36:46,1500.0,50.9,B
2021-06-30T09:36:45,300.0,50.9,B
2021-06-30T09:36:42,300.0,50.8,S
2021-06-30T09:36:28,600.0,50.8,S
2021-06-30T09:36:22,200.0,50.9,B
2021-06-30T09:36:14,1000.0,50.9,B
2021-06-30T09:36:13,2000.0,50.8,S
2021-06-30T09:35:53,100.0,50.8,S
2021-06-30T09:35:45,1000.0,50.9,B
2021-06-30T09:35:44,200.0,50.9,B
2021-06-30T09:35:40,400.0,50.9,B
2021-06-30T09:35:38,1000.0,50.9,B
2021-06-30T09:35:34,1000.0,50.9,B
2021-06-30T09:35:28,300.0,50.9,S
2021-06-30T09:35:22,2200.0,50.9,S
2021-06-30T09:35:17,1000.0,50.9,S
2021-06-30T09:35:01,2000.0,50.9,S
2021-06-30T09:35:00,100.0,50.9,S
2021-06-30T09:34:59,10000.0,50.9,S
2021-06-30T09:34:56,100.0,50.9,S
2021-06-30T09:34:53,300.0,50.9,S
2021-06-30T09:34:53,700.0,50.9,S
2021-06-30T09:34:46,5000.0,50.9,S
2021-06-30T09:34:45,1300.0,50.9,S
2021-06-30T09:34:42,1000.0,50.9,S
2021-06-30T09:34:39,200.0,50.9,S
2021-06-30T09:34:27,1200.0,50.9,S
2021-06-30T09:34:20,1000.0,50.9,S
2021-06-30T09:34:19,5000.0,50.9,S
2021-06-30T09:34:17,4000.0,51.0,B
2021-06-30T09:34:17,1000.0,50.9,S
2021-06-30T09:34:16,30000.0,50.8,S
2021-06-30T09:34:07,1500.0,50.8,S
2021-06-30T09:34:04,100.0,50.9,S
2021-06-30T09:34:00,2000.0,50.8,S
2021-06-30T09:34:00,18800.0,50.9,S
2021-06-30T09:33:51,10000.0,50.9,S
2021-06-30T09:33:50,100.0,50.9,S
2021-06-30T09:33:39,200.0,50.9,B
2021-06-30T09:33:37,2200.0,50.9,B
2021-06-30T09:33:36,1000.0,50.9,B
2021-06-30T09:33:35,19300.0,50.9,B
2021-06-30T09:33:27,1000.0,50.8,S
2021-06-30T09:33:24,7500.0,50.8,S
2021-06-30T09:33:24,2400.0,50.8,S
2021-06-30T09:33:17,4600.0,50.8,S
2021-06-30T09:33:12,1000.0,50.8,S
2021-06-30T09:33:01,600.0,50.8,S
2021-06-30T09:33:01,100.0,50.8,S
2021-06-30T09:32:50,500.0,50.9,B
2021-06-30T09:32:37,1000.0,50.9,B
2021-06-30T09:32:33,1100.0,50.8,S
2021-06-30T09:32:22,500.0,50.9,B
2021-06-30T09:32:11,2000.0,50.9,B
2021-06-30T09:32:03,10000.0,50.9,B
2021-06-30T09:31:45,300.0,50.9,B
2021-06-30T09:31:43,1000.0,50.9,B
2021-06-30T09:31:43,5000.0,51.0,B
2021-06-30T09:31:39,100.0,50.9,S
2021-06-30T09:31:28,30000.0,51.0,B
2021-06-30T09:31:24,200.0,50.8,S
2021-06-30T09:31:22,1400.0,51.0,B
2021-06-30T09:31:21,300.0,51.0,B
2021-06-30T09:31:21,10600.0,51.0,B
2021-06-30T09:31:19,100.0,50.9,S
2021-06-30T09:31:19,2400.0,50.9,S
2021-06-30T09:31:13,200.0,50.9,S
2021-06-30T09:31:10,200.0,51.0,B
2021-06-30T09:30:58,300.0,50.8,S
2021-06-30T09:30:36,900.0,51.0,B
2021-06-30T09:30:36,500.0,51.0,B
2021-06-30T09:30:36,5600.0,51.0,B
2021-06-30T09:30:36,400.0,51.0,B
2021-06-30T09:30:36,2600.0,51.0,B
2021-06-30T09:30:30,500.0,50.8,S
2021-06-30T09:30:29,500.0,50.8,S
2021-06-30T09:30:19,500.0,50.8,S
2021-06-30T09:30:10,5000.0,50.8,S
2021-06-30T09:30:08,1800.0,51.0,B
2021-06-30T09:30:08,3200.0,51.0,B
2021-06-30T09:30:03,100.0,51.0,B
2021-06-30T09:29:55,10400.0,50.8,S
2021-06-30T09:29:47,100.0,51.0,B
2021-06-30T09:29:44,500.0,51.0,B
2021-06-30T09:29:41,100.0,51.0,B
2021-06-30T09:29:38,100.0,51.0,B
2021-06-30T09:29:36,10000.0,51.0,B
2021-06-30T09:29:34,2000.0,50.9,B
2021-06-30T09:29:25,200.0,50.9,S
2021-06-30T09:29:19,100.0,50.8,S
2021-06-30T09:29:16,200.0,51.0,B
2021-06-30T09:28:59,1000.0,50.7,S
2021-06-30T09:28:58,2800.0,51.0,B
2021-06-30T09:28:54,500.0,51.0,S
2021-06-30T09:28:52,3900.0,51.0,S
2021-06-30T09:28:50,1000.0,51.0,S
2021-06-30T09:28:49,300.0,51.0,S
2021-06-30T09:28:48,10900.0,51.0,S
2021-06-30T09:28:48,5400.0,51.0,S
2021-06-30T09:28:46,1000.0,51.0,S
2021-06-30T09:28:44,1000.0,51.1,B
2021-06-30T09:28:44,5800.0,51.0,S
2021-06-30T09:28:44,1500.0,51.0,S
2021-06-30T09:28:44,1000.0,51.0,S
2021-06-30T09:28:44,5200.0,51.0,S
2021-06-30T09:28:44,100.0,51.0,S
2021-06-30T09:28:43,5700.0,51.0,S
2021-06-30T09:28:42,400.0,51.0,S
2021-06-30T09:28:40,500.0,51.0,S
2021-06-30T09:28:39,500.0,51.0,S
2021-06-30T09:28:39,2000.0,51.1,B
2021-06-30T09:28:37,2000.0,51.0,S
2021-06-30T09:28:34,200.0,51.0,S
2021-06-30T09:28:32,10000.0,51.0,S
2021-06-30T09:28:29,8600.0,51.0,S
2021-06-30T09:28:27,400.0,51.1,B
2021-06-30T09:28:26,23600.0,51.0,S
2021-06-30T09:28:20,15000.0,51.0,S
2021-06-30T09:28:09,200.0,51.0,S
2021-06-30T09:28:02,600.0,51.1,S
2021-06-30T09:27:59,100.0,51.1,S
2021-06-30T09:27:52,7100.0,51.1,S
2021-06-30T09:27:49,2000.0,51.1,S
2021-06-30T09:27:46,500.0,51.1,S
2021-06-30T09:27:44,1000.0,51.1,S
2021-06-30T09:27:44,1000.0,51.1,S
2021-06-30T09:27:41,1000.0,51.2,B
2021-06-30T09:27:40,400.0,51.1,S
2021-06-30T09:27:37,400.0,51.1,S
2021-06-30T09:27:37,500.0,51.1,S
2021-06-30T09:27:37,1800.0,51.1,S
2021-06-30T09:27:29,100.0,51.1,S
2021-06-30T09:27:21,100.0,51.1,S
2021-06-30T09:27:16,200.0,51.1,S
2021-06-30T09:27:14,300.0,51.1,S
2021-06-30T09:27:14,500.0,51.1,S
2021-06-30T09:27:10,600.0,51.1,S
2021-06-30T09:27:08,300.0,51.1,S
2021-06-30T09:27:08,1000.0,51.1,S
2021-06-30T09:27:07,600.0,51.1,S
2021-06-30T09:27:04,600.0,51.1,S
2021-06-30T09:27:01,200.0,51.1,S
2021-06-30T09:26:55,18700.0,51.4,B
2021-06-30T09:26:55,18700.0,51.4,B
2021-06-30T09:26:55,23000.0,51.3,S
2021-06-30T09:26:55,23000.0,51.1,S
2021-06-30T09:26:54,100.0,51.0,S
2021-06-30T09:26:53,500.0,51.1,S
2021-06-30T09:26:53,1000.0,51.0,S
2021-06-30T09:26:38,300.0,51.1,S
2021-06-30T09:26:28,2600.0,51.0,S
2021-06-30T09:26:22,500.0,51.0,S
2021-06-30T09:26:20,25000.0,51.1,S
2021-06-30T09:26:20,6200.0,51.1,S
2021-06-30T09:26:20,3000.0,51.3,S
2021-06-30T09:26:08,6100.0,51.4,B
2021-06-30T09:26:04,500.0,51.4,S
2021-06-30T09:26:03,300.0,51.1,S
2021-06-30T09:26:00,700.0,51.4,S
2021-06-30T09:25:56,2000.0,51.4,S
2021-06-30T09:25:54,100.0,51.4,S
2021-06-30T09:25:54,100.0,51.4,S
2021-06-30T09:25:49,900.0,51.4,S
2021-06-30T09:25:49,100.0,51.3,S
2021-06-30T09:25:36,1000.0,51.5,B
2021-06-30T09:25:32,1000.0,51.5,B
2021-06-30T09:25:25,200.0,51.0,S
2021-06-30T09:25:23,8300.0,51.5,B
2021-06-30T09:25:23,3000.0,51.5,B
2021-06-30T09:25:23,500.0,51.4,B
2021-06-30T09:25:22,3200.0,51.3,B
2021-06-30T09:25:21,900.0,51.2,B
2021-06-30T09:25:21,800.0,51.2,B
2021-06-30T09:25:18,5000.0,51.0,B
2021-06-30T09:25:18,100.0,51.0,B
2021-06-30T09:25:10,22000.0,51.0,B
2021-06-30T09:25:08,71000.0,51.0,B
2021-06-30T09:25:08,10000.0,51.0,B
2021-06-30T09:25:03,1000.0,51.0,B
2021-06-30T09:24:58,2000.0,51.0,B
2021-06-30T09:24:58,1100.0,51.0,B
2021-06-30T09:24:58,9100.0,51.0,B
2021-06-30T09:24:57,42000.0,51.0,B
2021-06-30T09:24:57,7400.0,51.0,B
2021-06-30T09:24:57,2000.0,51.0,B
2021-06-30T09:24:57,1500.0,51.0,B
2021-06-30T09:24:57,8700.0,51.0,B
2021-06-30T09:24:57,3800.0,51.0,B
2021-06-30T09:24:57,12000.0,51.0,B
2021-06-30T09:24:57,22600.0,51.0,B
2021-06-30T09:24:44,2000.0,50.9,B
2021-06-30T09:24:40,2000.0,50.7,B
2021-06-30T09:24:27,100.0,50.9,B
2021-06-30T09:24:17,200.0,50.6,B
2021-06-30T09:24:17,5000.0,50.9,B
2021-06-30T09:24:16,11000.0,50.6,B
2021-06-30T09:24:16,600.0,50.6,B
2021-06-30T09:24:15,1800.0,50.6,B
2021-06-30T09:24:12,2000.0,50.5,S
2021-06-30T09:24:07,1600.0,50.5,S
2021-06-30T09:24:03,5100.0,50.6,B
2021-06-30T09:23:55,1000.0,50.5,B
2021-06-30T09:23:49,500.0,50.5,B
2021-06-30T09:23:37,3000.0,50.5,B
2021-06-30T09:23:36,4200.0,50.5,B
2021-06-30T09:23:30,2000.0,50.5,B
2021-06-30T09:23:26,6000.0,50.5,B
2021-06-30T09:23:24,1500.0,50.5,B
2021-06-30T09:23:23,100.0,50.5,B
2021-06-30T09:23:22,200.0,50.5,B
2021-06-30T09:23:21,300.0,50.5,B
2021-06-30T09:23:21,500.0,50.5,B
2021-06-30T09:23:18,600.0,50.5,B
2021-06-30T09:23:15,2000.0,50.5,B
2021-06-30T09:23:10,2500.0,50.4,S
2021-06-30T09:22:57,200.0,50.5,B
2021-06-30T09:22:57,4100.0,50.5,B
2021-06-30T09:22:54,5000.0,50.4,S
2021-06-30T09:22:49,1000.0,50.5,B
2021-06-30T09:22:47,300.0,50.4,B
2021-06-30T09:22:47,2700.0,50.4,B
2021-06-30T09:22:41,300.0,50.4,B
2021-06-30T09:22:41,2700.0,50.4,B
2021-06-30T09:22:28,100.0,50.4,B
2021-06-30T09:22:28,10000.0,50.4,B
2021-06-30T09:22:19,5000.0,50.4,B
2021-06-30T09:22:09,20000.0,50.4,B
2021-06-30T09:21:57,1000.0,50.3,S
2021-06-30T09:21:54,3000.0,50.4,B
2021-06-30T09:21:51,3400.0,50.3,S
2021-06-30T09:21:41,100.0,50.3,S
2021-06-30T09:21:40,2500.0,50.4,B
2021-06-30T09:21:18,100.0,50.3,B
2021-06-30T09:21:16,6000.0,50.3,B
2021-06-30T09:21:13,4000.0,50.3,B
2021-06-30T09:21:12,1000.0,50.3,B
2021-06-30T09:21:07,9000.0,50.3,B
2021-06-30T09:21:07,1000.0,50.3,B
2021-06-30T09:21:06,700.0,50.3,B
2021-06-30T09:21:05,200.0,50.3,B
2021-06-30T09:21:04,5000.0,50.3,B
2021-06-30T09:20:59,900.0,50.3,B
2021-06-30T09:20:58,100.0,50.3,B
2021-06-30T09:20:56,4000.0,50.3,B
2021-06-30T09:20:52,200.0,50.3,B
2021-06-30T09:20:49,200.0,50.3,B
2021-06-30T09:20:48,2000.0,50.3,B
2021-06-30T09:20:44,500.0,50.3,B
2021-06-30T09:20:42,200.0,50.3,B
2021-06-30T09:20:40,700.0,50.3,B
2021-06-30T09:20:40,2000.0,50.3,B
2021-06-30T09:20:39,1000.0,50.3,B
2021-06-30T09:20:36,1000.0,50.3,B
2021-06-30T09:20:33,3000.0,50.3,B
2021-06-30T09:20:28,200.0,50.3,B
2021-06-30T09:20:27,1000.0,50.3,B
2021-06-30T09:20:26,100.0,50.3,B
2021-06-30T09:20:19,200.0,50.3,B
2021-06-30T09:20:07,3200.0,50.3,B
2021-06-30T09:20:07,8500.0,50.3,B
2021-06-30T09:19:47,500.0,50.3,B
2021-06-30T09:19:45,7500.0,50.3,B
2021-06-30T09:19:27,400.0,50.3,B
2021-06-30T09:19:21,400.0,50.2,S
2021-06-30T09:19:20,2300.0,50.2,S
2021-06-30T09:19:20,1000.0,50.2,S
2021-06-30T09:19:17,100.0,50.2,S
2021-06-30T09:19:17,4600.0,50.2,S
2021-06-30T09:19:12,100.0,50.2,S
2021-06-30T09:18:57,17300.0,50.3,B
2021-06-30T09:18:50,8000.0,50.2,B
2021-06-30T09:18:34,300.0,50.2,B
2021-06-30T09:18:33,700.0,50.2,B
2021-06-30T09:18:33,6900.0,50.2,B
2021-06-30T09:18:31,400.0,50.2,B
2021-06-30T09:18:27,200.0,50.2,B
2021-06-30T09:18:22,100.0,50.2,B
2021-06-30T09:18:16,3400.0,50.2,B
2021-06-30T09:18:08,1000.0,50.1,S
2021-06-30T09:17:58,600.0,50.2,B
2021-06-30T09:17:57,2000.0,50.2,B
2021-06-30T09:17:51,300.0,50.2,B
2021-06-30T09:17:48,100.0,50.2,B
2021-06-30T09:17:42,4500.0,50.2,B
2021-06-30T09:17:39,500.0,50.2,B
2021-06-30T09:17:36,2000.0,50.2,B
2021-06-30T09:17:30,200.0,50.2,B
2021-06-30T09:17:30,100.0,50.2,B
2021-06-30T09:17:26,1000.0,50.2,B
2021-06-30T09:17:25,300.0,50.2,B
2021-06-30T09:17:16,1000.0,50.2,B
2021-06-30T09:17:13,200.0,50.2,B
2021-06-30T09:17:02,1000.0,50.2,B
2021-06-30T09:17:00,1700.0,50.2,B
2021-06-30T09:17:00,1100.0,50.2,B
2021-06-30T09:16:52,3700.0,50.2,B
2021-06-30T09:16:48,500.0,50.2,B
2021-06-30T09:16:43,10000.0,50.2,S
2021-06-30T09:16:42,1000.0,50.2,S
2021-06-30T09:16:37,1200.0,50.2,S
2021-06-30T09:16:34,1000.0,50.3,B
2021-06-30T09:16:32,500.0,50.3,B
2021-06-30T09:16:25,3000.0,50.2,S
2021-06-30T09:16:22,700.0,50.2,S
2021-06-30T09:16:20,200.0,50.2,S
2021-06-30T09:16:20,3000.0,50.2,S
2021-06-30T09:16:18,2000.0,50.2,S
2021-06-30T09:16:14,100.0,50.2,S
2021-06-30T09:16:12,400.0,50.2,S
2021-06-30T09:15:59,200.0,50.2,B
2021-06-30T09:15:59,7100.0,50.2,B
2021-06-30T09:15:54,1000.0,50.1,S
2021-06-30T09:15:54,4600.0,50.1,S
2021-06-30T09:15:54,1000.0,50.2,B
