tradingTime,volume,price,side
2021-06-30T13:20:18,15000.0,10.85,S
2021-06-30T13:19:59,300.0,10.85,S
2021-06-30T13:19:30,5000.0,10.85,S
2021-06-30T13:19:25,5000.0,10.85,S
2021-06-30T13:19:21,5000.0,10.85,S
2021-06-30T13:19:15,1200.0,10.85,S
2021-06-30T13:17:47,100.0,10.85,S
2021-06-30T13:17:42,100.0,10.9,B
2021-06-30T13:17:34,300.0,10.9,B
2021-06-30T13:17:26,2500.0,10.9,B
2021-06-30T13:16:53,100.0,10.9,B
2021-06-30T13:16:31,1000.0,10.85,S
2021-06-30T13:16:18,700.0,10.9,B
2021-06-30T13:16:00,5300.0,10.9,B
2021-06-30T13:15:45,100.0,10.85,S
2021-06-30T13:15:11,4600.0,10.9,B
2021-06-30T13:14:34,500.0,10.85,S
2021-06-30T13:14:29,10000.0,10.85,S
2021-06-30T13:14:18,5000.0,10.9,B
2021-06-30T13:14:16,13900.0,10.85,S
2021-06-30T13:14:12,1000.0,10.9,B
2021-06-30T13:14:11,5000.0,10.9,B
2021-06-30T13:14:03,3200.0,10.85,S
2021-06-30T13:14:03,700.0,10.85,S
2021-06-30T13:14:03,3000.0,10.85,S
2021-06-30T13:14:03,1000.0,10.85,S
2021-06-30T13:14:03,6600.0,10.85,S
2021-06-30T13:14:03,300.0,10.85,S
2021-06-30T13:14:03,15300.0,10.85,S
2021-06-30T13:14:03,19900.0,10.85,S
2021-06-30T13:13:46,100.0,10.9,B
2021-06-30T13:13:26,500.0,10.9,B
2021-06-30T13:12:35,500.0,10.9,B
2021-06-30T13:12:34,200.0,10.85,S
2021-06-30T13:11:57,500.0,10.9,B
2021-06-30T13:11:46,100.0,10.9,B
2021-06-30T13:11:34,700.0,10.9,B
2021-06-30T13:11:30,5000.0,10.9,B
2021-06-30T13:11:22,500.0,10.9,B
2021-06-30T13:11:13,2000.0,10.9,S
2021-06-30T13:10:45,500.0,10.9,S
2021-06-30T13:10:24,300.0,10.9,S
2021-06-30T13:10:01,4000.0,10.9,S
2021-06-30T13:09:32,1000.0,10.9,S
2021-06-30T13:09:32,1100.0,10.9,S
2021-06-30T13:09:32,600.0,10.9,S
2021-06-30T13:09:32,4600.0,10.9,S
2021-06-30T13:09:21,300.0,10.9,S
2021-06-30T13:09:04,14000.0,10.9,S
2021-06-30T13:08:58,2800.0,10.9,S
2021-06-30T13:08:58,2200.0,10.9,S
2021-06-30T13:08:43,100.0,10.95,B
2021-06-30T13:08:15,1000.0,10.9,S
2021-06-30T13:08:08,100.0,10.9,S
2021-06-30T13:07:47,200.0,10.9,S
2021-06-30T13:07:19,12900.0,10.9,S
2021-06-30T13:07:18,3500.0,10.9,S
2021-06-30T13:07:18,500.0,10.9,S
2021-06-30T13:07:17,100.0,10.95,B
2021-06-30T13:06:27,100.0,10.95,B
2021-06-30T13:05:37,50000.0,10.95,B
2021-06-30T13:05:34,100.0,10.95,B
2021-06-30T13:05:29,600.0,10.95,B
2021-06-30T13:04:59,100.0,10.95,B
2021-06-30T13:04:03,7100.0,11.0,B
2021-06-30T13:04:03,100.0,11.0,B
2021-06-30T13:04:03,15200.0,11.0,B
2021-06-30T13:04:03,12700.0,11.0,B
2021-06-30T13:04:03,3200.0,11.0,B
2021-06-30T13:04:03,23700.0,11.0,B
2021-06-30T13:04:03,17400.0,11.0,B
2021-06-30T13:04:03,700.0,11.0,B
2021-06-30T13:04:03,4000.0,11.0,B
2021-06-30T13:04:03,1700.0,11.0,B
2021-06-30T13:04:03,1300.0,11.0,B
2021-06-30T13:04:03,10000.0,11.0,B
2021-06-30T13:04:03,2000.0,11.0,B
2021-06-30T13:04:03,8200.0,11.0,B
2021-06-30T13:04:03,18000.0,11.0,B
2021-06-30T13:04:03,30500.0,11.0,B
2021-06-30T13:04:02,6000.0,11.0,B
2021-06-30T13:04:02,5500.0,11.0,B
2021-06-30T13:04:02,5000.0,11.0,B
2021-06-30T13:04:02,35900.0,11.0,B
2021-06-30T13:04:02,8700.0,11.0,B
2021-06-30T13:04:02,28400.0,11.0,B
2021-06-30T13:04:02,26100.0,11.0,B
2021-06-30T13:04:02,2200.0,11.0,B
2021-06-30T13:04:02,500.0,11.0,B
2021-06-30T13:04:02,18700.0,11.0,B
2021-06-30T13:04:02,9500.0,10.95,S
2021-06-30T13:04:02,500.0,10.95,S
2021-06-30T13:03:31,5000.0,11.0,B
2021-06-30T13:03:31,1200.0,10.95,S
2021-06-30T13:03:09,5000.0,10.95,S
2021-06-30T13:03:01,2000.0,10.95,S
2021-06-30T13:02:58,1000.0,10.95,S
2021-06-30T13:02:55,100.0,10.95,S
2021-06-30T13:02:00,1500.0,10.95,S
2021-06-30T13:02:00,6000.0,10.95,S
2021-06-30T13:01:40,2600.0,10.95,S
2021-06-30T13:01:15,6000.0,10.95,S
2021-06-30T13:01:08,4500.0,10.95,S
2021-06-30T13:00:50,200.0,10.95,S
2021-06-30T13:00:32,400.0,10.95,S
2021-06-30T13:00:28,300.0,10.95,S
2021-06-30T13:00:28,500.0,10.95,S
2021-06-30T13:00:25,500.0,11.0,B
2021-06-30T13:00:22,200.0,11.0,B
2021-06-30T13:00:22,400.0,10.95,S
2021-06-30T13:00:22,2000.0,10.95,S
2021-06-30T13:00:14,100.0,10.95,S
2021-06-30T13:00:12,100.0,11.0,B
2021-06-30T13:00:12,30000.0,10.95,S
2021-06-30T13:00:12,7000.0,10.95,S
2021-06-30T13:00:12,400.0,10.95,S
2021-06-30T11:30:13,7700.0,10.95,S
2021-06-30T11:30:03,20000.0,10.95,B
2021-06-30T11:30:03,6000.0,10.95,B
2021-06-30T11:30:03,53400.0,10.95,B
2021-06-30T11:29:46,300.0,10.9,B
2021-06-30T11:29:42,100.0,10.9,B
2021-06-30T11:29:09,500.0,10.9,B
2021-06-30T11:28:49,1000.0,10.9,B
2021-06-30T11:28:40,100.0,10.9,B
2021-06-30T11:28:33,100.0,10.9,B
2021-06-30T11:28:25,500.0,10.9,B
2021-06-30T11:28:17,300.0,10.9,B
2021-06-30T11:28:12,2000.0,10.9,B
2021-06-30T11:28:03,2300.0,10.9,B
2021-06-30T11:28:01,18000.0,10.9,B
2021-06-30T11:27:48,200.0,10.9,B
2021-06-30T11:27:36,7200.0,10.85,S
2021-06-30T11:27:36,2000.0,10.85,S
2021-06-30T11:27:34,800.0,10.85,S
2021-06-30T11:27:28,10000.0,10.85,S
2021-06-30T11:27:17,3900.0,10.85,S
2021-06-30T11:27:17,6100.0,10.9,S
2021-06-30T11:26:39,260000.0,10.85,S
2021-06-30T11:26:18,326300.0,10.85,S
2021-06-30T11:26:18,1000.0,10.85,S
2021-06-30T11:26:18,14200.0,10.85,S
2021-06-30T11:26:18,1000.0,10.85,S
2021-06-30T11:26:18,16000.0,10.85,S
2021-06-30T11:26:18,1200.0,10.85,S
2021-06-30T11:26:18,200.0,10.85,S
2021-06-30T11:26:18,2400.0,10.85,S
2021-06-30T11:26:18,2300.0,10.85,S
2021-06-30T11:26:18,22300.0,10.85,S
2021-06-30T11:26:18,500.0,10.85,S
2021-06-30T11:26:18,6600.0,10.85,S
2021-06-30T11:26:18,300.0,10.85,S
2021-06-30T11:26:18,1500.0,10.85,S
2021-06-30T11:26:18,700.0,10.85,S
2021-06-30T11:26:17,1000.0,10.85,S
2021-06-30T11:26:17,2000.0,10.85,S
2021-06-30T11:26:17,4400.0,10.85,S
2021-06-30T11:26:17,6600.0,10.85,S
2021-06-30T11:26:17,3400.0,10.85,S
2021-06-30T11:26:17,200.0,10.85,S
2021-06-30T11:26:17,1400.0,10.85,S
2021-06-30T11:26:17,400.0,10.85,S
2021-06-30T11:26:17,1800.0,10.85,S
2021-06-30T11:26:17,1000.0,10.85,S
2021-06-30T11:26:17,12000.0,10.85,S
2021-06-30T11:26:17,6000.0,10.85,S
2021-06-30T11:26:17,4100.0,10.85,S
2021-06-30T11:26:17,1200.0,10.85,S
2021-06-30T11:26:17,800.0,10.85,S
2021-06-30T11:26:17,300.0,10.85,S
2021-06-30T11:26:16,56900.0,10.85,S
2021-06-30T11:26:02,700.0,10.85,S
2021-06-30T11:26:02,3000.0,10.85,S
2021-06-30T11:26:02,18400.0,10.85,S
2021-06-30T11:26:02,1000.0,10.85,S
2021-06-30T11:26:02,100.0,10.85,S
2021-06-30T11:26:02,400.0,10.85,S
2021-06-30T11:26:02,300.0,10.85,S
2021-06-30T11:26:02,1400.0,10.85,S
2021-06-30T11:26:02,10400.0,10.85,S
2021-06-30T11:26:02,5600.0,10.85,S
2021-06-30T11:26:02,600.0,10.85,S
2021-06-30T11:26:02,1300.0,10.85,S
2021-06-30T11:26:02,200.0,10.85,S
2021-06-30T11:26:02,100.0,10.85,S
2021-06-30T11:26:02,400.0,10.85,S
2021-06-30T11:26:02,200.0,10.85,S
2021-06-30T11:26:01,1600.0,10.85,S
2021-06-30T11:26:01,5200.0,10.85,S
2021-06-30T11:26:01,300.0,10.85,S
2021-06-30T11:26:01,2500.0,10.85,S
2021-06-30T11:26:01,1200.0,10.85,S
2021-06-30T11:26:01,6000.0,10.85,S
2021-06-30T11:26:01,1600.0,10.85,S
2021-06-30T11:26:01,2500.0,10.9,S
2021-06-30T11:26:01,2300.0,10.9,S
2021-06-30T11:26:01,1700.0,10.9,S
2021-06-30T11:26:01,3900.0,10.9,S
2021-06-30T11:26:01,23900.0,10.9,S
2021-06-30T11:26:01,800.0,10.9,S
2021-06-30T11:26:01,1600.0,10.9,S
2021-06-30T11:26:01,5500.0,10.9,S
2021-06-30T11:26:01,200.0,10.9,S
2021-06-30T11:26:01,12300.0,10.9,S
2021-06-30T11:26:01,5100.0,10.9,S
2021-06-30T11:26:01,1400.0,10.9,S
2021-06-30T11:25:59,200.0,10.9,S
2021-06-30T11:25:59,11800.0,10.9,S
2021-06-30T11:25:59,2600.0,10.9,S
2021-06-30T11:25:59,11500.0,10.9,S
2021-06-30T11:25:59,9500.0,10.9,S
2021-06-30T11:25:59,300.0,10.9,S
2021-06-30T11:25:59,5500.0,10.9,S
2021-06-30T11:25:59,500.0,10.9,S
2021-06-30T11:25:59,26000.0,10.9,S
2021-06-30T11:25:59,2600.0,10.9,S
2021-06-30T11:25:59,112500.0,10.9,S
2021-06-30T11:25:59,3700.0,10.9,S
2021-06-30T11:25:59,11200.0,10.9,S
2021-06-30T11:25:59,13400.0,10.9,S
2021-06-30T11:25:59,1500.0,10.9,S
2021-06-30T11:25:59,24100.0,10.9,S
2021-06-30T11:25:59,4200.0,10.9,S
2021-06-30T11:25:59,51000.0,10.9,S
2021-06-30T11:25:59,15200.0,10.9,S
2021-06-30T11:25:59,2300.0,10.9,S
2021-06-30T11:25:59,5700.0,10.9,S
2021-06-30T11:25:59,1000.0,10.9,S
2021-06-30T11:25:59,1200.0,10.9,S
2021-06-30T11:25:59,4800.0,10.9,S
2021-06-30T11:25:59,12000.0,10.9,S
2021-06-30T11:25:59,12900.0,10.9,S
2021-06-30T11:25:59,4000.0,10.9,S
2021-06-30T11:25:59,25100.0,10.9,S
2021-06-30T11:25:57,600.0,10.95,S
2021-06-30T11:25:48,300.0,10.95,S
2021-06-30T11:25:39,25600.0,10.95,S
2021-06-30T11:25:39,500.0,10.95,S
2021-06-30T11:25:39,33900.0,10.95,S
2021-06-30T11:25:12,200.0,10.95,S
2021-06-30T11:25:02,800.0,10.95,S
2021-06-30T11:24:51,700.0,10.95,S
2021-06-30T11:24:12,1000.0,10.95,S
2021-06-30T11:23:50,4800.0,10.95,S
2021-06-30T11:22:12,500.0,10.95,S
2021-06-30T11:22:11,1400.0,10.95,S
2021-06-30T11:22:11,200.0,10.95,S
2021-06-30T11:22:11,14000.0,10.95,S
2021-06-30T11:22:11,3100.0,10.95,S
2021-06-30T11:22:11,1300.0,10.95,S
2021-06-30T11:22:02,2000.0,10.95,S
2021-06-30T11:21:49,2400.0,10.95,S
2021-06-30T11:21:49,5300.0,10.95,S
2021-06-30T11:21:49,8800.0,10.95,S
2021-06-30T11:21:41,100.0,10.95,S
2021-06-30T11:21:38,3000.0,10.95,S
2021-06-30T11:21:13,4000.0,10.95,S
2021-06-30T11:21:00,5000.0,10.95,S
2021-06-30T11:20:58,10000.0,10.95,S
2021-06-30T11:20:52,1000.0,10.95,S
2021-06-30T11:20:09,3000.0,10.95,S
2021-06-30T11:19:48,10000.0,10.95,S
2021-06-30T11:19:37,10000.0,11.0,B
2021-06-30T11:18:56,3000.0,10.95,S
2021-06-30T11:18:46,5000.0,10.95,S
2021-06-30T11:18:36,16300.0,11.0,B
2021-06-30T11:18:36,300.0,11.0,B
2021-06-30T11:18:36,6000.0,11.0,B
2021-06-30T11:18:36,1600.0,11.0,B
2021-06-30T11:18:36,800.0,11.0,B
2021-06-30T11:18:36,300.0,11.0,B
2021-06-30T11:18:36,17100.0,11.0,B
2021-06-30T11:18:36,6600.0,11.0,B
2021-06-30T11:18:32,5000.0,10.95,S
2021-06-30T11:18:19,10000.0,10.95,S
2021-06-30T11:18:06,1000.0,10.95,S
2021-06-30T11:18:05,8000.0,10.95,S
2021-06-30T11:18:05,3000.0,10.95,S
2021-06-30T11:18:01,1800.0,10.95,S
2021-06-30T11:17:34,10000.0,10.95,S
2021-06-30T11:17:18,1000.0,10.95,S
2021-06-30T11:17:12,1000.0,10.95,S
2021-06-30T11:17:12,2000.0,10.95,S
2021-06-30T11:16:28,5000.0,10.95,S
2021-06-30T11:16:11,3000.0,10.95,S
2021-06-30T11:15:46,4000.0,10.95,S
2021-06-30T11:15:41,5000.0,10.95,S
2021-06-30T11:15:26,100.0,11.0,B
2021-06-30T11:15:18,100.0,11.0,B
2021-06-30T11:15:15,10000.0,10.95,S
2021-06-30T11:15:04,700.0,11.0,B
2021-06-30T11:14:33,4500.0,11.0,B
2021-06-30T11:14:33,300.0,10.95,S
2021-06-30T11:14:07,10000.0,10.95,S
2021-06-30T11:14:02,7200.0,10.95,S
2021-06-30T11:14:02,2800.0,10.95,S
2021-06-30T11:13:43,10000.0,10.95,S
2021-06-30T11:13:40,9000.0,10.95,S
2021-06-30T11:13:28,10000.0,10.95,S
2021-06-30T11:12:39,1000.0,10.95,S
2021-06-30T11:12:23,1000.0,10.95,S
2021-06-30T11:12:20,200.0,10.95,S
2021-06-30T11:12:17,13300.0,10.95,S
2021-06-30T11:11:20,3000.0,10.95,S
2021-06-30T11:10:51,300.0,10.95,S
2021-06-30T11:10:39,5000.0,10.95,S
2021-06-30T11:10:24,17000.0,10.95,S
2021-06-30T11:10:12,100.0,10.95,S
2021-06-30T11:10:02,900.0,10.95,S
2021-06-30T11:09:30,10000.0,10.95,S
2021-06-30T11:09:05,2000.0,11.0,B
2021-06-30T11:08:50,500.0,11.0,B
2021-06-30T11:08:42,400.0,11.0,B
2021-06-30T11:08:40,500.0,11.0,B
2021-06-30T11:08:13,400.0,11.0,B
2021-06-30T11:08:10,900.0,11.0,B
2021-06-30T11:08:04,5900.0,11.0,B
2021-06-30T11:08:04,1000.0,11.0,B
2021-06-30T11:08:04,400.0,11.0,B
2021-06-30T11:08:04,100.0,11.0,B
2021-06-30T11:08:04,1100.0,11.0,B
2021-06-30T11:07:42,500.0,11.0,B
2021-06-30T11:07:32,6900.0,10.95,S
2021-06-30T11:07:17,1500.0,10.95,S
2021-06-30T11:07:12,300.0,11.0,B
2021-06-30T11:07:12,1000.0,11.0,B
2021-06-30T11:07:12,100.0,11.0,B
2021-06-30T11:06:51,300.0,11.0,B
2021-06-30T11:06:04,2000.0,11.0,B
2021-06-30T11:05:25,500.0,11.0,B
2021-06-30T11:05:22,2000.0,11.0,B
2021-06-30T11:05:00,100.0,11.0,B
2021-06-30T11:04:52,2200.0,11.0,B
2021-06-30T11:04:52,15900.0,11.0,B
2021-06-30T11:04:36,100.0,11.0,B
2021-06-30T11:04:22,10000.0,10.95,S
2021-06-30T11:04:15,200.0,11.0,B
2021-06-30T11:04:10,600.0,10.95,S
2021-06-30T11:04:05,100.0,10.95,S
2021-06-30T11:03:31,100.0,10.95,S
2021-06-30T11:03:17,500.0,11.0,B
2021-06-30T11:02:41,200.0,11.0,B
2021-06-30T11:02:25,500.0,11.0,B
2021-06-30T11:02:22,5000.0,11.0,B
2021-06-30T11:02:08,200.0,11.0,B
2021-06-30T11:02:01,1000.0,11.0,B
2021-06-30T11:01:58,2000.0,11.0,B
2021-06-30T11:01:44,10000.0,11.0,B
2021-06-30T11:01:42,3500.0,11.0,B
2021-06-30T11:01:39,200.0,11.0,B
2021-06-30T11:01:28,500.0,11.0,B
2021-06-30T11:01:22,200.0,11.0,B
2021-06-30T11:01:21,2000.0,11.0,B
2021-06-30T11:01:10,1600.0,11.0,B
2021-06-30T11:01:10,1000.0,11.0,B
2021-06-30T11:01:05,1300.0,11.0,B
2021-06-30T11:01:05,100.0,11.0,B
2021-06-30T11:01:05,5000.0,11.0,B
2021-06-30T11:01:05,2700.0,11.0,B
2021-06-30T11:01:05,900.0,11.0,B
2021-06-30T11:01:05,300.0,11.0,B
2021-06-30T11:00:58,3300.0,11.0,B
2021-06-30T11:00:58,100.0,11.0,B
2021-06-30T11:00:58,2700.0,11.0,B
2021-06-30T11:00:58,12700.0,11.0,B
2021-06-30T11:00:30,4000.0,11.0,B
2021-06-30T11:00:29,2300.0,11.0,B
2021-06-30T11:00:29,12700.0,11.0,B
2021-06-30T11:00:26,1000.0,11.0,B
2021-06-30T11:00:24,1000.0,11.0,B
2021-06-30T11:00:21,20000.0,10.95,S
2021-06-30T10:59:59,500.0,11.0,B
2021-06-30T10:59:19,500.0,11.0,B
2021-06-30T10:59:15,1000.0,11.0,B
2021-06-30T10:58:54,1000.0,11.0,B
2021-06-30T10:58:40,6000.0,11.0,B
2021-06-30T10:58:32,2300.0,11.0,B
2021-06-30T10:58:32,200.0,11.0,B
2021-06-30T10:58:32,2500.0,11.0,B
2021-06-30T10:58:29,200.0,11.0,B
2021-06-30T10:58:24,5000.0,11.0,B
2021-06-30T10:58:19,200.0,11.0,B
2021-06-30T10:58:09,6000.0,11.0,B
2021-06-30T10:58:00,1000.0,11.0,B
2021-06-30T10:57:51,1300.0,11.0,B
2021-06-30T10:57:51,8700.0,11.0,B
2021-06-30T10:57:47,100.0,11.0,B
2021-06-30T10:57:40,3600.0,11.0,B
2021-06-30T10:57:39,1000.0,11.0,B
2021-06-30T10:57:31,2000.0,10.95,S
2021-06-30T10:57:30,2000.0,11.0,B
2021-06-30T10:57:27,500.0,11.0,B
2021-06-30T10:57:27,1000.0,11.0,B
2021-06-30T10:57:21,5000.0,11.0,B
2021-06-30T10:57:14,1000.0,11.0,B
2021-06-30T10:57:13,100.0,11.0,B
2021-06-30T10:57:12,3200.0,11.0,B
2021-06-30T10:57:11,1800.0,11.0,B
2021-06-30T10:56:59,1000.0,11.0,B
2021-06-30T10:56:57,8000.0,11.0,B
2021-06-30T10:56:55,200.0,11.0,B
2021-06-30T10:56:46,100.0,11.0,B
2021-06-30T10:56:36,5000.0,11.0,B
2021-06-30T10:56:36,3200.0,11.0,B
2021-06-30T10:56:36,1100.0,11.0,B
2021-06-30T10:56:36,700.0,11.0,B
2021-06-30T10:56:20,500.0,11.0,B
2021-06-30T10:56:17,800.0,11.0,B
2021-06-30T10:56:17,1000.0,11.0,B
2021-06-30T10:56:11,10000.0,10.95,S
2021-06-30T10:56:07,1000.0,11.0,B
2021-06-30T10:56:04,3000.0,11.0,B
2021-06-30T10:55:59,2000.0,10.95,S
2021-06-30T10:55:59,7800.0,11.0,B
2021-06-30T10:55:59,500.0,11.0,B
2021-06-30T10:55:59,1200.0,11.0,B
2021-06-30T10:55:59,13300.0,11.0,B
2021-06-30T10:55:59,600.0,11.0,B
2021-06-30T10:55:59,3600.0,11.0,B
2021-06-30T10:55:59,2600.0,11.0,B
2021-06-30T10:55:58,5700.0,11.0,B
2021-06-30T10:55:58,6300.0,11.0,B
2021-06-30T10:55:58,400.0,11.0,B
2021-06-30T10:55:58,7800.0,11.0,B
2021-06-30T10:55:58,1800.0,11.0,B
2021-06-30T10:55:58,3300.0,11.0,B
2021-06-30T10:55:58,1000.0,11.0,B
2021-06-30T10:55:58,2000.0,11.0,B
2021-06-30T10:55:58,2100.0,11.0,B
2021-06-30T10:55:58,100.0,11.0,B
2021-06-30T10:55:58,3400.0,11.0,B
2021-06-30T10:55:58,2100.0,11.0,B
2021-06-30T10:55:58,2400.0,11.0,B
2021-06-30T10:55:46,200.0,10.95,S
2021-06-30T10:55:27,200.0,11.0,B
2021-06-30T10:55:26,1000.0,11.0,B
2021-06-30T10:55:21,5900.0,11.0,B
2021-06-30T10:55:21,500.0,11.0,B
2021-06-30T10:55:21,3300.0,11.0,B
2021-06-30T10:55:19,1200.0,11.0,B
2021-06-30T10:55:19,5000.0,11.0,B
2021-06-30T10:55:19,400.0,11.0,B
2021-06-30T10:55:19,6100.0,11.0,B
2021-06-30T10:55:19,4800.0,11.0,B
2021-06-30T10:55:19,700.0,11.0,B
2021-06-30T10:55:19,1400.0,11.0,B
2021-06-30T10:55:19,10700.0,11.0,B
2021-06-30T10:55:04,3300.0,11.0,B
2021-06-30T10:55:04,5200.0,11.0,B
2021-06-30T10:55:04,1000.0,11.0,B
2021-06-30T10:55:04,200.0,11.0,B
2021-06-30T10:55:04,7000.0,11.0,B
2021-06-30T10:55:04,33300.0,11.0,B
2021-06-30T10:54:46,1500.0,10.95,S
2021-06-30T10:54:30,200.0,11.0,B
2021-06-30T10:54:29,300.0,11.0,B
2021-06-30T10:54:21,200.0,11.0,B
2021-06-30T10:54:13,200.0,10.95,S
2021-06-30T10:54:13,5200.0,11.0,B
2021-06-30T10:54:13,1500.0,11.0,B
2021-06-30T10:54:13,1700.0,11.0,B
2021-06-30T10:54:13,100.0,11.0,B
2021-06-30T10:54:13,500.0,11.0,B
2021-06-30T10:54:13,1000.0,11.0,B
2021-06-30T10:54:13,400.0,11.0,B
2021-06-30T10:54:13,6200.0,11.0,B
2021-06-30T10:54:13,3200.0,11.0,B
2021-06-30T10:54:03,2500.0,11.0,B
2021-06-30T10:54:03,1800.0,11.0,B
2021-06-30T10:54:03,600.0,11.0,B
2021-06-30T10:54:02,4100.0,11.0,B
2021-06-30T10:53:50,1500.0,11.0,B
2021-06-30T10:53:19,3500.0,11.0,B
2021-06-30T10:52:47,1800.0,10.95,S
2021-06-30T10:52:42,400.0,11.0,B
2021-06-30T10:52:38,600.0,10.95,S
2021-06-30T10:52:29,100.0,11.0,B
2021-06-30T10:52:29,2900.0,11.0,B
2021-06-30T10:52:01,500.0,11.0,B
2021-06-30T10:51:35,100.0,11.0,B
2021-06-30T10:51:22,1000.0,11.0,B
2021-06-30T10:50:45,200.0,11.0,B
2021-06-30T10:50:38,800.0,11.0,B
2021-06-30T10:50:32,1300.0,11.0,B
2021-06-30T10:50:32,900.0,11.0,B
2021-06-30T10:50:32,2600.0,11.0,B
2021-06-30T10:50:20,1200.0,11.0,B
2021-06-30T10:50:20,800.0,11.0,B
2021-06-30T10:50:16,1500.0,10.95,S
2021-06-30T10:49:45,100.0,11.0,B
2021-06-30T10:49:43,100.0,11.0,B
2021-06-30T10:49:29,1200.0,10.95,S
2021-06-30T10:49:20,5000.0,11.0,B
2021-06-30T10:49:17,500.0,10.95,S
2021-06-30T10:49:05,1000.0,10.95,S
2021-06-30T10:48:48,200.0,10.95,S
2021-06-30T10:48:35,2000.0,10.95,S
2021-06-30T10:48:25,500.0,11.0,B
2021-06-30T10:48:18,2300.0,11.0,B
2021-06-30T10:47:39,100.0,10.95,S
2021-06-30T10:47:29,2000.0,10.95,S
2021-06-30T10:47:22,1300.0,11.0,B
2021-06-30T10:47:02,1500.0,10.95,S
2021-06-30T10:46:54,1300.0,11.0,B
2021-06-30T10:46:54,300.0,11.0,B
2021-06-30T10:46:54,12500.0,11.0,B
2021-06-30T10:46:54,12100.0,11.0,B
2021-06-30T10:46:54,1800.0,11.0,B
2021-06-30T10:46:42,10000.0,11.0,B
2021-06-30T10:46:30,3000.0,11.0,B
2021-06-30T10:46:24,7000.0,11.0,B
2021-06-30T10:46:24,600.0,11.0,B
2021-06-30T10:46:24,2400.0,11.0,B
2021-06-30T10:46:23,400.0,10.95,S
2021-06-30T10:46:23,100.0,10.95,S
2021-06-30T10:46:20,500.0,10.95,S
2021-06-30T10:45:51,100.0,10.95,S
2021-06-30T10:45:49,500.0,10.95,S
2021-06-30T10:44:52,100.0,10.95,S
2021-06-30T10:44:32,1000.0,10.95,S
2021-06-30T10:44:31,2000.0,10.95,S
2021-06-30T10:44:27,50000.0,10.95,S
2021-06-30T10:44:25,9400.0,10.95,S
2021-06-30T10:44:08,5000.0,10.95,B
2021-06-30T10:44:06,200.0,10.95,B
2021-06-30T10:43:55,9100.0,10.95,B
2021-06-30T10:43:42,800.0,10.9,S
2021-06-30T10:43:35,500.0,10.95,B
2021-06-30T10:43:35,4400.0,10.95,B
2021-06-30T10:43:35,6400.0,10.95,B
2021-06-30T10:43:35,1200.0,10.95,B
2021-06-30T10:43:35,3200.0,10.95,B
2021-06-30T10:43:35,1700.0,10.95,B
2021-06-30T10:43:34,20500.0,10.95,B
2021-06-30T10:43:34,3300.0,10.95,B
2021-06-30T10:43:34,1300.0,10.95,B
2021-06-30T10:43:34,21400.0,10.95,B
2021-06-30T10:43:29,500.0,10.95,B
2021-06-30T10:43:22,100.0,10.95,B
2021-06-30T10:43:22,1000.0,10.95,B
2021-06-30T10:43:21,1700.0,10.95,B
2021-06-30T10:43:12,29000.0,10.95,B
2021-06-30T10:42:58,2000.0,10.95,B
2021-06-30T10:42:52,1000.0,10.95,B
2021-06-30T10:42:38,2000.0,10.95,B
2021-06-30T10:42:36,400.0,10.95,B
2021-06-30T10:42:36,22000.0,10.95,B
2021-06-30T10:42:30,500.0,10.9,S
2021-06-30T10:42:27,19400.0,10.95,B
2021-06-30T10:42:27,700.0,10.95,B
2021-06-30T10:42:25,500.0,10.95,B
2021-06-30T10:42:25,4000.0,10.95,B
2021-06-30T10:42:25,6400.0,10.95,B
2021-06-30T10:42:25,100.0,10.95,B
2021-06-30T10:42:25,6900.0,10.95,B
2021-06-30T10:42:25,12000.0,10.95,B
2021-06-30T10:42:17,1000.0,10.95,B
2021-06-30T10:42:11,500.0,10.95,B
2021-06-30T10:42:09,2300.0,10.95,B
2021-06-30T10:42:09,10500.0,10.95,B
2021-06-30T10:42:09,2100.0,10.95,B
2021-06-30T10:42:09,30100.0,10.95,B
2021-06-30T10:42:09,5000.0,10.9,S
2021-06-30T10:41:27,13200.0,10.95,B
2021-06-30T10:40:47,2000.0,10.95,B
2021-06-30T10:40:30,5000.0,10.95,B
2021-06-30T10:40:06,1600.0,10.9,S
2021-06-30T10:40:06,19400.0,10.9,S
2021-06-30T10:40:01,200.0,10.9,S
2021-06-30T10:39:12,6000.0,10.9,S
2021-06-30T10:39:11,400.0,10.9,S
2021-06-30T10:39:08,100.0,10.9,S
2021-06-30T10:39:00,2000.0,10.9,S
2021-06-30T10:38:51,100.0,10.9,S
2021-06-30T10:38:31,2500.0,10.9,S
2021-06-30T10:38:27,2000.0,10.95,B
2021-06-30T10:38:23,1000.0,10.9,S
2021-06-30T10:38:15,1000.0,10.9,S
2021-06-30T10:38:02,1000.0,10.9,S
2021-06-30T10:38:01,200.0,10.9,S
2021-06-30T10:37:56,1000.0,10.9,S
2021-06-30T10:37:14,3000.0,10.9,S
2021-06-30T10:36:31,20000.0,10.95,B
2021-06-30T10:36:01,100.0,10.9,S
2021-06-30T10:35:47,500.0,10.95,B
2021-06-30T10:35:30,200.0,10.95,B
2021-06-30T10:35:14,1900.0,10.9,S
2021-06-30T10:35:09,100.0,10.95,B
2021-06-30T10:35:03,1000.0,10.9,S
2021-06-30T10:34:57,100.0,10.9,S
2021-06-30T10:34:56,1000.0,10.9,S
2021-06-30T10:34:55,1000.0,10.9,S
2021-06-30T10:34:36,700.0,10.9,S
2021-06-30T10:34:33,100.0,10.9,S
2021-06-30T10:33:54,7400.0,10.9,S
2021-06-30T10:33:51,100.0,10.9,S
2021-06-30T10:33:43,600.0,10.9,S
2021-06-30T10:33:22,2000.0,10.9,S
2021-06-30T10:32:21,200.0,10.9,S
2021-06-30T10:31:57,4200.0,10.9,S
2021-06-30T10:31:57,5800.0,10.9,S
2021-06-30T10:31:50,1500.0,10.9,S
2021-06-30T10:31:40,1000.0,10.9,S
2021-06-30T10:31:25,500.0,10.9,S
2021-06-30T10:30:52,2200.0,10.9,S
2021-06-30T10:30:42,5000.0,10.9,S
2021-06-30T10:30:42,2900.0,10.9,S
2021-06-30T10:30:30,1500.0,10.9,S
2021-06-30T10:30:07,1500.0,10.9,S
2021-06-30T10:29:53,2000.0,10.9,S
2021-06-30T10:29:41,400.0,10.9,S
2021-06-30T10:29:29,400.0,10.9,S
2021-06-30T10:28:48,2000.0,10.9,S
2021-06-30T10:28:41,400.0,10.9,S
2021-06-30T10:28:07,400.0,10.95,B
2021-06-30T10:27:55,2000.0,10.9,S
2021-06-30T10:27:51,500.0,10.9,S
2021-06-30T10:27:46,600.0,10.9,S
2021-06-30T10:26:48,10000.0,10.9,S
2021-06-30T10:26:33,200.0,10.95,B
2021-06-30T10:26:13,100.0,10.95,B
2021-06-30T10:26:00,3000.0,10.9,S
2021-06-30T10:25:57,2000.0,10.9,S
2021-06-30T10:25:20,3000.0,10.9,S
2021-06-30T10:25:17,4000.0,10.9,S
2021-06-30T10:24:57,100.0,10.95,B
2021-06-30T10:24:52,1000.0,10.9,S
2021-06-30T10:24:39,200.0,10.9,S
2021-06-30T10:24:18,400.0,10.9,S
2021-06-30T10:23:47,1400.0,10.9,S
2021-06-30T10:23:47,1200.0,10.9,S
2021-06-30T10:23:47,2000.0,10.9,S
2021-06-30T10:23:45,5000.0,10.9,S
2021-06-30T10:23:42,100.0,10.9,S
2021-06-30T10:23:39,4600.0,10.9,S
2021-06-30T10:23:34,300.0,10.9,S
2021-06-30T10:23:34,4600.0,10.9,S
2021-06-30T10:23:29,1200.0,10.95,B
2021-06-30T10:23:20,500.0,10.9,S
2021-06-30T10:23:18,4600.0,10.9,S
2021-06-30T10:22:59,200.0,10.9,S
2021-06-30T10:22:49,100.0,10.9,S
2021-06-30T10:22:47,10000.0,10.9,S
2021-06-30T10:22:42,1000.0,10.9,S
2021-06-30T10:22:30,500.0,10.9,S
2021-06-30T10:22:25,200.0,10.9,S
2021-06-30T10:21:57,500.0,10.9,S
2021-06-30T10:21:54,500.0,10.9,S
2021-06-30T10:21:35,2000.0,10.9,S
2021-06-30T10:21:22,9000.0,10.9,S
2021-06-30T10:21:14,1000.0,10.9,B
2021-06-30T10:21:10,500.0,10.9,B
2021-06-30T10:21:07,5800.0,10.9,B
2021-06-30T10:20:55,5000.0,10.9,B
2021-06-30T10:20:32,3000.0,10.9,S
2021-06-30T10:20:15,500.0,10.9,S
2021-06-30T10:20:06,500.0,10.9,S
2021-06-30T10:20:03,1300.0,10.9,B
2021-06-30T10:19:48,3700.0,10.9,S
2021-06-30T10:19:29,500.0,10.9,S
2021-06-30T10:19:28,900.0,10.9,S
2021-06-30T10:19:27,200.0,10.9,S
2021-06-30T10:19:27,3200.0,10.9,S
2021-06-30T10:19:07,2000.0,10.9,S
2021-06-30T10:18:59,2000.0,10.9,S
2021-06-30T10:18:49,2000.0,10.9,S
2021-06-30T10:18:46,32900.0,10.9,S
2021-06-30T10:18:46,100.0,10.9,S
2021-06-30T10:18:45,7000.0,10.9,S
2021-06-30T10:18:13,300.0,10.9,S
2021-06-30T10:18:09,3000.0,10.9,S
2021-06-30T10:18:08,5900.0,10.9,S
2021-06-30T10:17:51,3000.0,10.9,S
2021-06-30T10:17:42,13500.0,10.9,S
2021-06-30T10:17:42,600.0,10.9,S
2021-06-30T10:17:42,700.0,10.9,S
2021-06-30T10:17:42,5200.0,10.9,S
2021-06-30T10:17:23,1000.0,10.9,S
2021-06-30T10:17:09,1000.0,10.9,S
2021-06-30T10:16:10,6000.0,10.9,S
2021-06-30T10:15:22,30000.0,10.95,B
2021-06-30T10:15:19,1500.0,10.85,S
2021-06-30T10:15:09,20000.0,10.9,B
2021-06-30T10:14:58,100.0,10.9,B
2021-06-30T10:14:55,1000.0,10.9,B
2021-06-30T10:14:22,1000.0,10.9,B
2021-06-30T10:14:11,1000.0,10.85,S
2021-06-30T10:14:00,1000.0,10.85,S
2021-06-30T10:14:00,8100.0,10.85,S
2021-06-30T10:14:00,100.0,10.9,S
2021-06-30T10:14:00,1000.0,10.9,S
2021-06-30T10:14:00,4300.0,10.9,S
2021-06-30T10:14:00,1900.0,10.9,S
2021-06-30T10:14:00,600.0,10.9,S
2021-06-30T10:14:00,600.0,10.9,S
2021-06-30T10:14:00,2400.0,10.9,S
2021-06-30T10:13:57,3000.0,10.9,S
2021-06-30T10:13:52,100.0,10.9,S
2021-06-30T10:13:47,16500.0,10.9,S
2021-06-30T10:13:42,2400.0,10.9,S
2021-06-30T10:13:42,10100.0,10.9,S
2021-06-30T10:13:34,5000.0,10.9,S
2021-06-30T10:13:22,10000.0,10.9,S
2021-06-30T10:13:21,3000.0,10.9,S
2021-06-30T10:13:19,400.0,10.95,B
2021-06-30T10:13:09,200.0,10.9,S
2021-06-30T10:13:06,300.0,10.9,S
2021-06-30T10:13:02,2000.0,10.9,S
2021-06-30T10:12:56,2400.0,10.9,S
2021-06-30T10:12:54,400.0,10.9,S
2021-06-30T10:12:52,400.0,10.9,S
2021-06-30T10:12:52,2000.0,10.9,S
2021-06-30T10:12:44,5000.0,10.9,S
2021-06-30T10:12:34,1000.0,10.9,S
2021-06-30T10:12:18,13000.0,10.9,S
2021-06-30T10:12:17,1000.0,10.9,S
2021-06-30T10:12:14,5000.0,10.9,S
2021-06-30T10:12:09,1000.0,10.9,S
2021-06-30T10:11:52,1000.0,10.9,S
2021-06-30T10:11:39,7600.0,10.9,S
2021-06-30T10:11:39,1600.0,10.9,S
2021-06-30T10:11:39,3100.0,10.9,S
2021-06-30T10:11:39,200.0,10.9,S
2021-06-30T10:11:39,500.0,10.9,S
2021-06-30T10:11:10,10000.0,10.9,S
2021-06-30T10:10:38,6100.0,10.9,S
2021-06-30T10:10:30,200.0,10.9,S
2021-06-30T10:10:08,100.0,10.9,S
2021-06-30T10:10:00,10000.0,10.9,S
2021-06-30T10:09:46,500.0,10.9,S
2021-06-30T10:09:43,1000.0,10.95,B
2021-06-30T10:09:24,1000.0,10.9,S
2021-06-30T10:09:21,300.0,10.95,B
2021-06-30T10:09:14,500.0,10.9,S
2021-06-30T10:09:09,100.0,10.95,B
2021-06-30T10:08:50,300.0,10.9,S
2021-06-30T10:08:47,6000.0,10.9,S
2021-06-30T10:08:32,500.0,10.9,S
2021-06-30T10:07:35,200.0,10.9,S
2021-06-30T10:07:32,200.0,10.9,S
2021-06-30T10:07:23,1200.0,10.9,S
2021-06-30T10:07:23,5000.0,10.9,S
2021-06-30T10:07:17,10000.0,10.9,S
2021-06-30T10:07:10,1000.0,10.9,S
2021-06-30T10:06:11,3900.0,10.9,S
2021-06-30T10:06:05,5000.0,10.95,B
2021-06-30T10:06:01,3000.0,10.9,S
2021-06-30T10:05:21,3500.0,10.9,S
2021-06-30T10:04:49,1200.0,10.9,S
2021-06-30T10:04:29,500.0,10.95,B
2021-06-30T10:04:24,200.0,10.95,B
2021-06-30T10:04:23,500.0,10.9,S
2021-06-30T10:04:16,100.0,10.95,B
2021-06-30T10:04:15,100.0,10.9,S
2021-06-30T10:04:10,2000.0,10.95,B
2021-06-30T10:03:59,100.0,10.95,B
2021-06-30T10:03:43,500.0,10.95,B
2021-06-30T10:02:57,500.0,10.95,B
2021-06-30T10:02:56,500.0,10.9,S
2021-06-30T10:02:36,1000.0,10.95,B
2021-06-30T10:02:23,100.0,10.9,S
2021-06-30T10:02:02,200.0,10.95,B
2021-06-30T10:01:59,300.0,10.95,B
2021-06-30T10:01:59,3000.0,10.9,S
2021-06-30T10:01:53,1000.0,10.95,B
2021-06-30T10:01:30,5000.0,10.95,B
2021-06-30T10:01:30,4500.0,10.95,B
2021-06-30T10:01:15,1000.0,10.95,B
2021-06-30T10:01:09,100.0,10.9,S
2021-06-30T10:00:01,2000.0,10.95,B
2021-06-30T10:00:00,200.0,10.9,S
2021-06-30T09:59:51,400.0,10.95,B
2021-06-30T09:59:51,5600.0,10.95,B
2021-06-30T09:59:33,3000.0,10.9,S
2021-06-30T09:59:27,1800.0,10.9,S
2021-06-30T09:58:41,1000.0,10.9,B
2021-06-30T09:58:32,6600.0,10.9,B
2021-06-30T09:58:32,1400.0,10.9,B
2021-06-30T09:58:32,800.0,10.9,B
2021-06-30T09:58:31,2500.0,10.9,B
2021-06-30T09:58:31,19800.0,10.9,B
2021-06-30T09:58:31,4300.0,10.9,B
2021-06-30T09:58:31,200.0,10.9,B
2021-06-30T09:58:31,6400.0,10.9,B
2021-06-30T09:58:31,5600.0,10.9,B
2021-06-30T09:58:31,26000.0,10.9,B
2021-06-30T09:58:31,1000.0,10.9,B
2021-06-30T09:58:31,9400.0,10.9,B
2021-06-30T09:58:25,1000.0,10.9,B
2021-06-30T09:58:17,20000.0,10.9,B
2021-06-30T09:58:14,100.0,10.9,B
2021-06-30T09:58:08,1400.0,10.9,B
2021-06-30T09:58:08,100.0,10.9,B
2021-06-30T09:58:08,1000.0,10.9,B
2021-06-30T09:58:08,7500.0,10.9,B
2021-06-30T09:58:07,5000.0,10.9,B
2021-06-30T09:57:59,300.0,10.9,B
2021-06-30T09:57:59,500.0,10.9,B
2021-06-30T09:57:59,1000.0,10.9,B
2021-06-30T09:57:57,600.0,10.9,B
2021-06-30T09:57:56,500.0,10.9,B
2021-06-30T09:57:44,500.0,10.9,B
2021-06-30T09:57:44,300.0,10.9,B
2021-06-30T09:57:40,300.0,10.9,B
2021-06-30T09:57:37,300.0,10.9,B
2021-06-30T09:57:34,700.0,10.9,B
2021-06-30T09:57:24,2000.0,10.9,B
2021-06-30T09:57:24,100.0,10.9,B
2021-06-30T09:57:24,20000.0,10.9,B
2021-06-30T09:57:23,18000.0,10.9,B
2021-06-30T09:57:20,1200.0,10.9,B
2021-06-30T09:56:53,100.0,10.9,B
2021-06-30T09:56:26,1000.0,10.9,B
2021-06-30T09:56:19,5000.0,10.9,B
2021-06-30T09:55:59,400.0,10.9,B
2021-06-30T09:55:59,2800.0,10.9,B
2021-06-30T09:55:59,100.0,10.9,B
2021-06-30T09:55:59,600.0,10.9,B
2021-06-30T09:55:49,3000.0,10.9,B
2021-06-30T09:55:47,100.0,10.9,B
2021-06-30T09:55:44,2300.0,10.9,B
2021-06-30T09:55:44,700.0,10.9,B
2021-06-30T09:55:43,2000.0,10.9,B
2021-06-30T09:55:36,1000.0,10.9,B
2021-06-30T09:55:15,300.0,10.9,B
2021-06-30T09:55:09,100.0,10.9,B
2021-06-30T09:54:55,4600.0,10.85,S
2021-06-30T09:54:49,1500.0,10.9,B
2021-06-30T09:54:47,2000.0,10.9,B
2021-06-30T09:54:31,200.0,10.9,B
2021-06-30T09:54:02,2000.0,10.85,S
2021-06-30T09:53:41,500.0,10.9,B
2021-06-30T09:53:27,6000.0,10.9,B
2021-06-30T09:53:22,3000.0,10.9,B
2021-06-30T09:53:11,1000.0,10.9,B
2021-06-30T09:53:10,1000.0,10.9,B
2021-06-30T09:53:04,500.0,10.9,B
2021-06-30T09:53:02,2000.0,10.85,S
2021-06-30T09:52:53,1000.0,10.9,B
2021-06-30T09:52:33,1500.0,10.9,B
2021-06-30T09:52:11,600.0,10.9,B
2021-06-30T09:51:58,100.0,10.9,B
2021-06-30T09:51:50,500.0,10.9,B
2021-06-30T09:51:47,1000.0,10.85,S
2021-06-30T09:51:44,100.0,10.9,B
2021-06-30T09:51:42,100.0,10.85,S
2021-06-30T09:51:38,400.0,10.9,B
2021-06-30T09:51:12,3000.0,10.9,B
2021-06-30T09:50:54,500.0,10.85,S
2021-06-30T09:50:31,200.0,10.85,S
2021-06-30T09:50:31,100.0,10.9,B
2021-06-30T09:50:28,1000.0,10.9,B
2021-06-30T09:50:04,700.0,10.85,S
2021-06-30T09:49:47,1100.0,10.9,B
2021-06-30T09:49:46,5000.0,10.85,S
2021-06-30T09:49:16,19200.0,10.85,S
2021-06-30T09:49:15,18300.0,10.85,S
2021-06-30T09:49:10,300.0,10.85,S
2021-06-30T09:48:10,5000.0,10.85,S
2021-06-30T09:48:05,900.0,10.9,B
2021-06-30T09:47:54,100.0,10.9,B
2021-06-30T09:47:54,200.0,10.9,B
2021-06-30T09:47:43,2900.0,10.9,B
2021-06-30T09:47:09,1300.0,10.9,B
2021-06-30T09:47:06,500.0,10.9,B
2021-06-30T09:46:59,3500.0,10.85,S
2021-06-30T09:46:43,100.0,10.9,B
2021-06-30T09:46:41,1100.0,10.85,S
2021-06-30T09:46:41,900.0,10.85,S
2021-06-30T09:46:33,100.0,10.85,S
2021-06-30T09:46:09,2900.0,10.85,S
2021-06-30T09:45:52,900.0,10.9,B
2021-06-30T09:45:49,200.0,10.85,S
2021-06-30T09:45:40,10000.0,10.9,B
2021-06-30T09:45:32,5000.0,10.85,S
2021-06-30T09:45:28,300.0,10.85,S
2021-06-30T09:45:28,200.0,10.85,S
2021-06-30T09:44:41,1000.0,10.9,B
2021-06-30T09:44:39,1000.0,10.9,B
2021-06-30T09:44:36,1000.0,10.85,S
2021-06-30T09:44:18,200.0,10.85,S
2021-06-30T09:44:07,5000.0,10.85,S
2021-06-30T09:43:48,1400.0,10.85,S
2021-06-30T09:43:47,3600.0,10.85,S
2021-06-30T09:43:40,300.0,10.9,B
2021-06-30T09:43:36,2000.0,10.85,S
2021-06-30T09:43:34,1000.0,10.9,B
2021-06-30T09:43:16,700.0,10.85,S
2021-06-30T09:43:07,1400.0,10.85,S
2021-06-30T09:43:03,1000.0,10.85,S
2021-06-30T09:42:57,200.0,10.85,S
2021-06-30T09:42:16,1500.0,10.85,S
2021-06-30T09:42:12,10000.0,10.85,S
2021-06-30T09:41:56,6000.0,10.85,S
2021-06-30T09:41:50,1000.0,10.9,B
2021-06-30T09:41:45,1000.0,10.85,S
2021-06-30T09:41:16,1000.0,10.9,B
2021-06-30T09:41:00,1800.0,10.9,B
2021-06-30T09:40:05,100.0,10.85,S
2021-06-30T09:39:50,1000.0,10.9,B
2021-06-30T09:38:52,10000.0,10.9,B
2021-06-30T09:38:46,100.0,10.9,B
2021-06-30T09:38:46,500.0,10.85,S
2021-06-30T09:38:45,1800.0,10.85,S
2021-06-30T09:38:04,200.0,10.85,S
2021-06-30T09:37:58,1000.0,10.85,S
2021-06-30T09:37:34,5000.0,10.85,S
2021-06-30T09:37:09,1000.0,10.85,S
2021-06-30T09:37:01,1000.0,10.85,S
2021-06-30T09:36:59,1200.0,10.85,S
2021-06-30T09:36:48,5000.0,10.85,S
2021-06-30T09:36:41,50000.0,10.85,S
2021-06-30T09:36:38,100.0,10.9,B
2021-06-30T09:35:58,5000.0,10.85,S
2021-06-30T09:35:50,100.0,10.9,B
2021-06-30T09:35:48,3000.0,10.85,S
2021-06-30T09:35:38,1000.0,10.9,B
2021-06-30T09:35:32,2500.0,10.9,B
2021-06-30T09:35:13,200.0,10.85,S
2021-06-30T09:35:07,100.0,10.9,B
2021-06-30T09:35:06,500.0,10.9,B
2021-06-30T09:34:56,200.0,10.9,B
2021-06-30T09:34:42,1000.0,10.9,B
2021-06-30T09:34:26,100.0,10.9,B
2021-06-30T09:34:15,200.0,10.9,B
2021-06-30T09:34:01,1000.0,10.85,S
2021-06-30T09:33:55,400.0,10.9,B
2021-06-30T09:33:51,100.0,10.9,B
2021-06-30T09:33:48,7200.0,10.9,B
2021-06-30T09:33:33,100.0,10.9,B
2021-06-30T09:33:31,100.0,10.9,B
2021-06-30T09:33:30,1000.0,10.85,S
2021-06-30T09:33:05,1000.0,10.9,B
2021-06-30T09:32:59,2000.0,10.85,S
2021-06-30T09:32:58,100.0,10.9,B
2021-06-30T09:32:57,300.0,10.9,B
2021-06-30T09:32:51,1000.0,10.9,B
2021-06-30T09:32:43,100.0,10.9,B
2021-06-30T09:32:39,300.0,10.9,B
2021-06-30T09:32:30,1000.0,10.9,B
2021-06-30T09:32:01,4400.0,10.85,S
2021-06-30T09:31:48,1200.0,10.9,B
2021-06-30T09:31:26,100.0,10.9,B
2021-06-30T09:31:19,300.0,10.85,S
2021-06-30T09:31:16,300.0,10.9,B
2021-06-30T09:31:11,200.0,10.85,S
2021-06-30T09:31:03,100.0,10.9,B
2021-06-30T09:30:41,100.0,10.85,S
2021-06-30T09:30:32,400.0,10.85,S
2021-06-30T09:30:25,10000.0,10.85,S
2021-06-30T09:30:21,100.0,10.9,B
2021-06-30T09:30:11,2000.0,10.85,S
2021-06-30T09:29:55,2100.0,10.85,S
2021-06-30T09:29:13,1400.0,10.85,S
2021-06-30T09:29:03,2000.0,10.9,B
2021-06-30T09:28:17,5000.0,10.9,B
2021-06-30T09:28:12,100.0,10.85,S
2021-06-30T09:28:04,100.0,10.85,S
2021-06-30T09:28:02,100.0,10.9,B
2021-06-30T09:27:44,300.0,10.9,B
2021-06-30T09:27:19,1300.0,10.85,S
2021-06-30T09:27:18,200.0,10.85,S
2021-06-30T09:27:18,1000.0,10.9,B
2021-06-30T09:27:16,5000.0,10.9,B
2021-06-30T09:27:16,100.0,10.9,B
2021-06-30T09:27:14,1100.0,10.9,B
2021-06-30T09:26:53,100.0,10.85,S
2021-06-30T09:26:28,300.0,10.9,B
2021-06-30T09:26:04,300.0,10.85,S
2021-06-30T09:26:02,500.0,10.85,S
2021-06-30T09:26:02,5900.0,10.85,S
2021-06-30T09:26:02,3000.0,10.9,B
2021-06-30T09:25:51,5000.0,10.9,B
2021-06-30T09:25:40,2000.0,10.9,B
2021-06-30T09:25:33,200.0,10.9,B
2021-06-30T09:25:32,4600.0,10.9,B
2021-06-30T09:25:04,2100.0,10.9,B
2021-06-30T09:24:47,5000.0,10.85,S
2021-06-30T09:24:40,100.0,10.9,B
2021-06-30T09:24:36,1000.0,10.9,B
2021-06-30T09:24:36,100.0,10.95,B
2021-06-30T09:24:29,4000.0,10.9,B
2021-06-30T09:24:24,1000.0,10.9,B
2021-06-30T09:24:23,500.0,10.9,B
2021-06-30T09:24:00,3300.0,10.9,S
2021-06-30T09:23:59,11700.0,10.9,S
2021-06-30T09:23:42,200.0,10.9,S
2021-06-30T09:23:38,700.0,10.9,S
2021-06-30T09:23:24,1800.0,10.9,S
2021-06-30T09:23:18,5000.0,10.9,S
2021-06-30T09:23:18,5000.0,10.9,S
2021-06-30T09:23:11,1000.0,10.9,S
2021-06-30T09:23:03,1000.0,10.9,S
2021-06-30T09:21:48,6000.0,10.9,S
2021-06-30T09:21:48,3000.0,10.9,S
2021-06-30T09:21:41,700.0,10.95,B
2021-06-30T09:21:38,6200.0,10.9,S
2021-06-30T09:21:38,1000.0,10.9,S
2021-06-30T09:21:38,22800.0,10.9,S
2021-06-30T09:21:10,10000.0,10.9,S
2021-06-30T09:20:53,5000.0,10.9,S
2021-06-30T09:20:45,2000.0,10.9,S
2021-06-30T09:19:54,500.0,10.95,S
2021-06-30T09:19:47,10000.0,10.9,S
2021-06-30T09:19:44,400.0,10.9,S
2021-06-30T09:19:05,2000.0,10.95,B
2021-06-30T09:18:31,4000.0,10.9,S
2021-06-30T09:18:07,1000.0,11.0,B
2021-06-30T09:17:46,100.0,10.9,S
2021-06-30T09:17:46,300.0,10.9,S
2021-06-30T09:17:18,10000.0,10.9,S
2021-06-30T09:15:48,3000.0,11.0,B
2021-06-30T09:15:37,3500.0,10.9,S
2021-06-30T09:15:37,5800.0,10.9,S
2021-06-30T09:15:37,200.0,10.9,S
2021-06-30T09:15:37,1300.0,10.9,S
2021-06-30T09:15:37,1000.0,10.9,S
2021-06-30T09:15:37,2600.0,10.9,S
