tradingTime,volume,price,side
2021-06-30T13:20:28,100.0,42.1,B
2021-06-30T13:20:25,100.0,42.1,B
2021-06-30T13:20:10,3000.0,42.1,B
2021-06-30T13:20:10,200.0,42.1,B
2021-06-30T13:20:09,200.0,42.1,B
2021-06-30T13:20:07,500.0,42.1,B
2021-06-30T13:19:56,1300.0,42.1,S
2021-06-30T13:19:56,1500.0,42.1,S
2021-06-30T13:19:56,500.0,42.1,S
2021-06-30T13:19:55,2000.0,42.15,B
2021-06-30T13:19:36,1000.0,42.15,B
2021-06-30T13:19:12,100.0,42.1,S
2021-06-30T13:19:06,1400.0,42.1,B
2021-06-30T13:19:05,1500.0,42.1,B
2021-06-30T13:19:02,900.0,42.1,B
2021-06-30T13:19:02,600.0,42.1,B
2021-06-30T13:19:02,400.0,42.1,B
2021-06-30T13:19:02,1000.0,42.1,B
2021-06-30T13:19:02,5000.0,42.1,B
2021-06-30T13:18:53,500.0,42.1,B
2021-06-30T13:18:51,100.0,42.1,B
2021-06-30T13:18:31,200.0,42.1,B
2021-06-30T13:18:24,500.0,42.1,B
2021-06-30T13:18:20,500.0,42.1,B
2021-06-30T13:18:18,200.0,42.1,B
2021-06-30T13:18:15,100.0,42.05,S
2021-06-30T13:18:04,1500.0,42.1,B
2021-06-30T13:18:03,400.0,42.05,S
2021-06-30T13:18:01,100.0,42.05,S
2021-06-30T13:17:52,100.0,42.1,B
2021-06-30T13:17:47,8500.0,42.1,B
2021-06-30T13:17:47,100.0,42.1,B
2021-06-30T13:17:46,1000.0,42.1,B
2021-06-30T13:17:46,100.0,42.05,S
2021-06-30T13:17:39,1000.0,42.05,S
2021-06-30T13:17:37,800.0,42.05,S
2021-06-30T13:17:37,300.0,42.05,S
2021-06-30T13:17:37,600.0,42.05,S
2021-06-30T13:17:36,500.0,42.1,B
2021-06-30T13:17:32,500.0,42.1,B
2021-06-30T13:17:22,4000.0,42.05,S
2021-06-30T13:17:18,8600.0,42.1,B
2021-06-30T13:17:11,100.0,42.1,B
2021-06-30T13:17:11,9000.0,42.1,B
2021-06-30T13:17:11,2500.0,42.1,B
2021-06-30T13:17:10,2000.0,42.1,B
2021-06-30T13:16:49,3000.0,42.1,B
2021-06-30T13:16:48,100.0,42.1,B
2021-06-30T13:16:30,7000.0,42.0,S
2021-06-30T13:16:27,200.0,42.0,S
2021-06-30T13:16:26,2000.0,42.0,S
2021-06-30T13:16:26,1800.0,42.1,B
2021-06-30T13:16:26,5000.0,42.0,S
2021-06-30T13:16:24,200.0,42.05,B
2021-06-30T13:16:21,5000.0,42.05,B
2021-06-30T13:16:17,500.0,42.05,B
2021-06-30T13:16:14,700.0,42.0,S
2021-06-30T13:16:13,1000.0,42.0,S
2021-06-30T13:16:13,500.0,42.0,S
2021-06-30T13:16:09,1000.0,42.05,B
2021-06-30T13:15:58,1000.0,42.0,S
2021-06-30T13:15:57,2000.0,42.0,S
2021-06-30T13:15:53,1000.0,42.05,B
2021-06-30T13:15:47,100.0,42.0,S
2021-06-30T13:15:40,100.0,42.0,B
2021-06-30T13:15:29,3000.0,42.05,B
2021-06-30T13:15:25,2500.0,42.0,B
2021-06-30T13:15:25,5500.0,42.0,B
2021-06-30T13:15:25,4100.0,42.0,B
2021-06-30T13:15:24,100.0,41.95,S
2021-06-30T13:15:24,100.0,42.0,B
2021-06-30T13:15:23,100.0,42.0,B
2021-06-30T13:15:13,5000.0,42.0,B
2021-06-30T13:15:12,500.0,42.0,B
2021-06-30T13:15:10,1000.0,41.95,S
2021-06-30T13:14:55,100.0,41.95,S
2021-06-30T13:14:54,1000.0,42.0,B
2021-06-30T13:14:53,1200.0,42.0,B
2021-06-30T13:14:53,8600.0,42.0,B
2021-06-30T13:14:53,200.0,42.0,B
2021-06-30T13:14:50,100.0,41.95,S
2021-06-30T13:14:43,100.0,42.0,B
2021-06-30T13:14:38,1600.0,42.0,B
2021-06-30T13:14:35,4000.0,41.95,S
2021-06-30T13:14:20,5000.0,41.95,B
2021-06-30T13:14:19,1000.0,41.95,B
2021-06-30T13:13:53,2000.0,41.95,B
2021-06-30T13:13:53,700.0,41.95,B
2021-06-30T13:13:53,2900.0,41.95,B
2021-06-30T13:13:53,8500.0,41.95,B
2021-06-30T13:13:53,1000.0,41.95,B
2021-06-30T13:13:52,2800.0,41.95,B
2021-06-30T13:13:51,200.0,41.95,B
2021-06-30T13:13:51,200.0,41.95,B
2021-06-30T13:13:50,400.0,41.95,B
2021-06-30T13:13:48,1000.0,41.95,B
2021-06-30T13:13:42,500.0,41.95,B
2021-06-30T13:13:30,100.0,41.95,B
2021-06-30T13:13:29,100.0,41.95,B
2021-06-30T13:13:23,400.0,41.9,S
2021-06-30T13:13:18,300.0,41.9,S
2021-06-30T13:13:15,1000.0,41.95,B
2021-06-30T13:12:55,1000.0,41.9,S
2021-06-30T13:12:53,1700.0,41.9,S
2021-06-30T13:12:49,100.0,41.95,B
2021-06-30T13:12:29,500.0,41.9,S
2021-06-30T13:12:16,100.0,41.9,S
2021-06-30T13:12:10,100.0,41.95,S
2021-06-30T13:11:53,1000.0,41.9,S
2021-06-30T13:11:48,100.0,41.95,S
2021-06-30T13:11:37,2700.0,41.9,S
2021-06-30T13:11:37,300.0,41.9,S
2021-06-30T13:11:37,500.0,41.9,S
2021-06-30T13:11:37,200.0,41.9,S
2021-06-30T13:11:37,100.0,41.9,S
2021-06-30T13:11:37,1400.0,41.9,S
2021-06-30T13:11:37,5900.0,41.9,S
2021-06-30T13:11:37,600.0,41.9,S
2021-06-30T13:11:37,1100.0,41.9,S
2021-06-30T13:11:37,600.0,41.9,S
2021-06-30T13:11:37,100.0,41.9,S
2021-06-30T13:11:37,200.0,41.9,S
2021-06-30T13:11:37,600.0,41.9,S
2021-06-30T13:11:37,2200.0,41.9,S
2021-06-30T13:11:37,300.0,41.9,S
2021-06-30T13:11:37,22200.0,41.9,S
2021-06-30T13:11:37,20100.0,41.9,S
2021-06-30T13:11:37,800.0,41.95,S
2021-06-30T13:11:36,100.0,41.95,S
2021-06-30T13:11:36,10000.0,41.95,S
2021-06-30T13:11:28,5000.0,41.95,S
2021-06-30T13:11:26,1600.0,41.95,S
2021-06-30T13:11:09,100.0,41.95,S
2021-06-30T13:11:00,500.0,41.95,S
2021-06-30T13:10:58,2900.0,41.95,S
2021-06-30T13:10:32,1000.0,41.95,S
2021-06-30T13:10:30,1000.0,42.0,B
2021-06-30T13:10:30,3000.0,41.95,S
2021-06-30T13:10:27,200.0,42.0,B
2021-06-30T13:10:25,600.0,41.95,S
2021-06-30T13:10:25,10100.0,41.95,S
2021-06-30T13:10:03,3000.0,42.0,B
2021-06-30T13:09:40,200.0,42.0,S
2021-06-30T13:09:30,100.0,42.0,S
2021-06-30T13:09:25,100.0,42.0,S
2021-06-30T13:09:24,500.0,42.0,S
2021-06-30T13:09:09,1000.0,42.0,S
2021-06-30T13:09:04,3500.0,42.0,S
2021-06-30T13:09:02,400.0,42.0,S
2021-06-30T13:09:00,100.0,42.0,S
2021-06-30T13:08:55,500.0,42.05,B
2021-06-30T13:08:51,1600.0,42.0,S
2021-06-30T13:08:51,100.0,42.0,S
2021-06-30T13:08:51,2500.0,42.0,S
2021-06-30T13:08:51,8000.0,42.0,S
2021-06-30T13:08:51,2000.0,42.0,S
2021-06-30T13:08:50,800.0,42.0,S
2021-06-30T13:08:40,900.0,42.0,S
2021-06-30T13:08:40,3100.0,42.0,S
2021-06-30T13:08:40,600.0,42.0,S
2021-06-30T13:08:40,1300.0,42.0,S
2021-06-30T13:08:40,5100.0,42.0,S
2021-06-30T13:08:40,5000.0,42.0,S
2021-06-30T13:08:29,1000.0,42.0,S
2021-06-30T13:08:27,5000.0,42.0,S
2021-06-30T13:08:26,300.0,42.0,S
2021-06-30T13:08:23,200.0,42.0,S
2021-06-30T13:08:22,3000.0,42.0,S
2021-06-30T13:08:20,2000.0,42.0,S
2021-06-30T13:07:57,1000.0,42.0,S
2021-06-30T13:07:57,500.0,42.0,S
2021-06-30T13:07:41,100.0,42.0,S
2021-06-30T13:07:40,100.0,42.0,S
2021-06-30T13:07:31,1000.0,42.0,S
2021-06-30T13:07:19,10000.0,42.0,S
2021-06-30T13:07:19,5200.0,42.0,S
2021-06-30T13:07:19,100.0,42.0,S
2021-06-30T13:07:19,3100.0,42.0,S
2021-06-30T13:07:19,200.0,42.0,S
2021-06-30T13:07:18,800.0,42.0,S
2021-06-30T13:07:18,6900.0,42.0,S
2021-06-30T13:07:18,4000.0,42.0,S
2021-06-30T13:07:16,100.0,42.0,S
2021-06-30T13:07:16,100.0,42.0,S
2021-06-30T13:07:10,200.0,42.0,S
2021-06-30T13:07:07,1000.0,42.0,S
2021-06-30T13:07:00,400.0,42.0,S
2021-06-30T13:07:00,500.0,42.0,S
2021-06-30T13:06:54,1900.0,42.0,S
2021-06-30T13:06:50,200.0,42.0,S
2021-06-30T13:06:39,15000.0,42.0,S
2021-06-30T13:06:38,5000.0,42.0,S
2021-06-30T13:06:23,3000.0,42.0,S
2021-06-30T13:06:08,1000.0,42.0,S
2021-06-30T13:06:01,100.0,42.05,B
2021-06-30T13:05:55,2000.0,42.0,S
2021-06-30T13:05:52,200.0,42.0,S
2021-06-30T13:05:39,100.0,42.05,B
2021-06-30T13:04:34,500.0,42.05,B
2021-06-30T13:04:25,500.0,42.05,B
2021-06-30T13:04:18,200.0,42.05,B
2021-06-30T13:03:59,5000.0,42.0,S
2021-06-30T13:03:55,100.0,42.05,S
2021-06-30T13:03:51,9400.0,42.0,S
2021-06-30T13:03:51,10700.0,42.0,S
2021-06-30T13:03:51,300.0,42.0,S
2021-06-30T13:03:51,9300.0,42.0,S
2021-06-30T13:03:51,300.0,42.0,S
2021-06-30T13:03:47,100.0,42.0,S
2021-06-30T13:03:31,800.0,42.0,S
2021-06-30T13:03:31,1400.0,42.0,S
2021-06-30T13:03:18,2000.0,42.0,S
2021-06-30T13:03:14,600.0,42.0,S
2021-06-30T13:03:14,800.0,42.0,S
2021-06-30T13:03:14,500.0,42.0,S
2021-06-30T13:03:14,1500.0,42.0,S
2021-06-30T13:03:14,6600.0,42.0,S
2021-06-30T13:03:12,1000.0,42.1,B
2021-06-30T13:03:09,2800.0,42.0,S
2021-06-30T13:03:09,2800.0,42.0,S
2021-06-30T13:03:09,2300.0,42.0,S
2021-06-30T13:03:09,1800.0,42.0,S
2021-06-30T13:03:09,400.0,42.0,S
2021-06-30T13:03:09,1200.0,42.0,S
2021-06-30T13:03:09,1100.0,42.0,S
2021-06-30T13:03:09,10100.0,42.0,S
2021-06-30T13:03:02,3200.0,42.0,S
2021-06-30T13:03:02,1000.0,42.0,S
2021-06-30T13:03:01,8800.0,42.0,S
2021-06-30T13:02:58,200.0,42.0,S
2021-06-30T13:02:48,600.0,42.1,B
2021-06-30T13:02:45,3900.0,42.0,S
2021-06-30T13:02:45,3100.0,42.0,S
2021-06-30T13:02:45,200.0,42.0,S
2021-06-30T13:02:44,2200.0,42.0,S
2021-06-30T13:02:44,3700.0,42.0,S
2021-06-30T13:02:44,4000.0,42.0,S
2021-06-30T13:02:44,900.0,42.0,S
2021-06-30T13:02:44,2000.0,42.0,S
2021-06-30T13:02:00,20600.0,42.0,S
2021-06-30T13:02:00,500.0,42.0,S
2021-06-30T13:02:00,1000.0,42.0,S
2021-06-30T13:02:00,1100.0,42.0,S
2021-06-30T13:02:00,100.0,42.0,S
2021-06-30T13:02:00,1600.0,42.0,S
2021-06-30T13:02:00,2900.0,42.05,S
2021-06-30T13:02:00,6000.0,42.05,S
2021-06-30T13:02:00,8200.0,42.05,S
2021-06-30T13:01:41,3000.0,42.05,S
2021-06-30T13:01:39,300.0,42.1,B
2021-06-30T13:01:31,200.0,42.1,B
2021-06-30T13:01:19,300.0,42.1,B
2021-06-30T13:01:12,200.0,42.05,S
2021-06-30T13:01:10,1000.0,42.1,B
2021-06-30T13:01:05,500.0,42.1,B
2021-06-30T13:01:00,1000.0,42.1,B
2021-06-30T13:00:55,100.0,42.1,B
2021-06-30T13:00:55,100.0,42.1,B
2021-06-30T13:00:55,500.0,42.1,B
2021-06-30T13:00:48,600.0,42.1,B
2021-06-30T13:00:38,300.0,42.1,B
2021-06-30T13:00:36,100.0,42.1,B
2021-06-30T13:00:27,1000.0,42.05,S
2021-06-30T13:00:26,200.0,42.1,B
2021-06-30T13:00:24,200.0,42.1,B
2021-06-30T13:00:22,500.0,42.1,B
2021-06-30T13:00:22,1000.0,42.1,B
2021-06-30T13:00:20,300.0,42.1,B
2021-06-30T13:00:20,200.0,42.1,B
2021-06-30T13:00:14,1200.0,42.1,B
2021-06-30T13:00:14,1000.0,42.1,B
2021-06-30T13:00:14,100.0,42.1,B
2021-06-30T13:00:12,300.0,42.05,S
2021-06-30T13:00:12,200.0,42.1,B
2021-06-30T13:00:12,100.0,42.1,B
2021-06-30T13:00:12,1800.0,42.1,B
2021-06-30T13:00:12,400.0,42.1,B
2021-06-30T13:00:12,100.0,42.1,B
2021-06-30T13:00:12,200.0,42.1,B
2021-06-30T13:00:12,1000.0,42.1,B
2021-06-30T11:30:13,200.0,42.1,B
2021-06-30T11:30:13,500.0,42.1,B
2021-06-30T11:30:13,2500.0,42.1,B
2021-06-30T11:29:56,1000.0,42.1,B
2021-06-30T11:29:53,200.0,42.05,S
2021-06-30T11:29:53,300.0,42.05,S
2021-06-30T11:29:34,2500.0,42.1,B
2021-06-30T11:29:26,100.0,42.05,S
2021-06-30T11:28:36,300.0,42.1,B
2021-06-30T11:27:44,100.0,42.1,B
2021-06-30T11:27:38,200.0,42.1,B
2021-06-30T11:27:31,200.0,42.1,B
2021-06-30T11:27:28,500.0,42.1,S
2021-06-30T11:27:25,1400.0,42.1,S
2021-06-30T11:27:25,2000.0,42.1,S
2021-06-30T11:27:25,1700.0,42.1,S
2021-06-30T11:27:25,1000.0,42.1,S
2021-06-30T11:27:25,800.0,42.1,S
2021-06-30T11:27:25,1000.0,42.1,S
2021-06-30T11:27:25,20800.0,42.1,S
2021-06-30T11:27:25,1200.0,42.1,S
2021-06-30T11:27:25,800.0,42.1,S
2021-06-30T11:27:25,1600.0,42.1,S
2021-06-30T11:27:25,10500.0,42.1,S
2021-06-30T11:27:21,400.0,42.1,S
2021-06-30T11:27:03,1000.0,42.1,S
2021-06-30T11:26:53,800.0,42.1,S
2021-06-30T11:26:46,1000.0,42.1,S
2021-06-30T11:26:31,1000.0,42.15,B
2021-06-30T11:26:22,300.0,42.15,B
2021-06-30T11:26:09,300.0,42.15,B
2021-06-30T11:25:53,400.0,42.15,B
2021-06-30T11:25:48,100.0,42.15,B
2021-06-30T11:25:37,1000.0,42.15,B
2021-06-30T11:25:37,1300.0,42.15,B
2021-06-30T11:24:46,100.0,42.15,B
2021-06-30T11:24:23,500.0,42.15,B
2021-06-30T11:24:18,800.0,42.15,B
2021-06-30T11:24:17,400.0,42.15,B
2021-06-30T11:24:12,2000.0,42.15,B
2021-06-30T11:24:05,500.0,42.15,B
2021-06-30T11:24:01,2500.0,42.15,B
2021-06-30T11:24:01,600.0,42.15,B
2021-06-30T11:23:59,100.0,42.15,B
2021-06-30T11:23:52,3300.0,42.15,S
2021-06-30T11:23:38,1000.0,42.15,S
2021-06-30T11:23:36,2000.0,42.15,S
2021-06-30T11:23:23,600.0,42.15,S
2021-06-30T11:23:03,100.0,42.15,S
2021-06-30T11:22:35,1100.0,42.15,S
2021-06-30T11:22:33,600.0,42.15,S
2021-06-30T11:22:26,7000.0,42.15,S
2021-06-30T11:22:21,400.0,42.15,B
2021-06-30T11:22:10,2000.0,42.15,S
2021-06-30T11:22:00,1900.0,42.1,S
2021-06-30T11:22:00,400.0,42.1,S
2021-06-30T11:22:00,1000.0,42.1,S
2021-06-30T11:21:58,1700.0,42.1,S
2021-06-30T11:21:38,1000.0,42.15,B
2021-06-30T11:21:34,200.0,42.15,B
2021-06-30T11:21:21,700.0,42.1,S
2021-06-30T11:21:21,2400.0,42.15,B
2021-06-30T11:21:16,2000.0,42.15,B
2021-06-30T11:21:11,500.0,42.15,B
2021-06-30T11:20:38,200.0,42.1,S
2021-06-30T11:20:25,2800.0,42.1,S
2021-06-30T11:20:25,200.0,42.15,S
2021-06-30T11:20:22,300.0,42.15,S
2021-06-30T11:20:16,700.0,42.15,B
2021-06-30T11:20:07,300.0,42.1,S
2021-06-30T11:20:06,200.0,42.1,S
2021-06-30T11:20:04,1600.0,42.2,B
2021-06-30T11:20:03,2000.0,42.15,B
2021-06-30T11:19:58,200.0,42.15,B
2021-06-30T11:19:54,1800.0,42.15,S
2021-06-30T11:19:45,1000.0,42.2,B
2021-06-30T11:19:42,500.0,42.2,B
2021-06-30T11:18:48,400.0,42.15,S
2021-06-30T11:18:40,1300.0,42.15,B
2021-06-30T11:18:29,700.0,42.15,B
2021-06-30T11:18:23,100.0,42.15,B
2021-06-30T11:18:12,2000.0,42.15,B
2021-06-30T11:18:05,700.0,42.15,B
2021-06-30T11:18:01,4200.0,42.15,S
2021-06-30T11:17:56,3500.0,42.15,S
2021-06-30T11:17:56,1500.0,42.15,S
2021-06-30T11:17:28,300.0,42.15,S
2021-06-30T11:17:19,1000.0,42.2,B
2021-06-30T11:16:58,5000.0,42.15,S
2021-06-30T11:16:54,100.0,42.15,S
2021-06-30T11:16:42,500.0,42.2,B
2021-06-30T11:16:32,1000.0,42.2,B
2021-06-30T11:16:28,100.0,42.2,B
2021-06-30T11:16:13,200.0,42.2,B
2021-06-30T11:16:06,100.0,42.15,S
2021-06-30T11:16:05,2000.0,42.25,B
2021-06-30T11:16:01,5000.0,42.25,B
2021-06-30T11:16:00,100.0,42.2,B
2021-06-30T11:15:54,100.0,42.2,B
2021-06-30T11:15:52,3000.0,42.2,B
2021-06-30T11:15:44,400.0,42.2,B
2021-06-30T11:15:36,200.0,42.2,S
2021-06-30T11:15:36,800.0,42.2,S
2021-06-30T11:15:27,600.0,42.2,S
2021-06-30T11:15:27,1200.0,42.2,S
2021-06-30T11:15:27,800.0,42.2,S
2021-06-30T11:15:18,1300.0,42.2,S
2021-06-30T11:15:15,200.0,42.2,S
2021-06-30T11:15:11,100.0,42.2,S
2021-06-30T11:14:42,100.0,42.2,S
2021-06-30T11:14:10,100.0,42.2,S
2021-06-30T11:14:08,800.0,42.2,S
2021-06-30T11:14:08,200.0,42.2,S
2021-06-30T11:13:46,100.0,42.2,S
2021-06-30T11:13:46,3700.0,42.2,S
2021-06-30T11:13:46,2400.0,42.2,S
2021-06-30T11:13:46,10500.0,42.2,S
2021-06-30T11:13:46,3300.0,42.2,S
2021-06-30T11:13:43,1000.0,42.2,S
2021-06-30T11:13:41,4600.0,42.2,S
2021-06-30T11:13:38,100.0,42.2,S
2021-06-30T11:13:27,3000.0,42.2,S
2021-06-30T11:13:27,5000.0,42.2,S
2021-06-30T11:13:23,1000.0,42.2,S
2021-06-30T11:13:07,10000.0,42.2,S
2021-06-30T11:13:02,100.0,42.2,S
2021-06-30T11:12:52,1300.0,42.2,S
2021-06-30T11:12:47,700.0,42.2,S
2021-06-30T11:12:47,4300.0,42.2,S
2021-06-30T11:12:32,1500.0,42.2,S
2021-06-30T11:12:11,1000.0,42.2,S
2021-06-30T11:12:02,100.0,42.25,B
2021-06-30T11:12:02,2800.0,42.2,S
2021-06-30T11:12:02,4200.0,42.2,S
2021-06-30T11:11:38,2000.0,42.2,S
2021-06-30T11:11:26,2000.0,42.25,B
2021-06-30T11:11:18,500.0,42.25,B
2021-06-30T11:11:13,100.0,42.2,S
2021-06-30T11:11:09,200.0,42.25,B
2021-06-30T11:10:58,700.0,42.2,S
2021-06-30T11:10:58,500.0,42.2,S
2021-06-30T11:10:58,700.0,42.2,S
2021-06-30T11:10:58,600.0,42.2,S
2021-06-30T11:10:58,500.0,42.2,S
2021-06-30T11:10:58,200.0,42.2,S
2021-06-30T11:10:58,800.0,42.2,S
2021-06-30T11:10:58,1100.0,42.2,S
2021-06-30T11:10:58,1600.0,42.2,S
2021-06-30T11:10:58,3300.0,42.2,S
2021-06-30T11:10:15,200.0,42.25,S
2021-06-30T11:10:11,200.0,42.3,B
2021-06-30T11:09:58,900.0,42.3,B
2021-06-30T11:09:55,500.0,42.3,B
2021-06-30T11:09:45,100.0,42.3,B
2021-06-30T11:09:38,900.0,42.2,S
2021-06-30T11:09:38,2800.0,42.2,S
2021-06-30T11:09:32,1100.0,42.3,B
2021-06-30T11:09:30,8000.0,42.25,S
2021-06-30T11:09:26,2100.0,42.25,S
2021-06-30T11:09:26,1400.0,42.25,S
2021-06-30T11:09:26,1000.0,42.25,S
2021-06-30T11:09:26,200.0,42.25,S
2021-06-30T11:09:26,12100.0,42.25,S
2021-06-30T11:09:26,8100.0,42.25,S
2021-06-30T11:09:00,200.0,42.3,S
2021-06-30T11:09:00,2000.0,42.3,S
2021-06-30T11:09:00,200.0,42.3,S
2021-06-30T11:09:00,100.0,42.3,S
2021-06-30T11:09:00,2600.0,42.3,S
2021-06-30T11:08:55,200.0,42.3,S
2021-06-30T11:08:53,100.0,42.3,S
2021-06-30T11:08:52,100.0,42.3,S
2021-06-30T11:08:48,400.0,42.3,S
2021-06-30T11:08:45,600.0,42.3,S
2021-06-30T11:08:45,1900.0,42.3,S
2021-06-30T11:08:45,200.0,42.3,S
2021-06-30T11:08:45,900.0,42.3,S
2021-06-30T11:08:36,2000.0,42.3,S
2021-06-30T11:08:28,700.0,42.3,S
2021-06-30T11:08:28,8900.0,42.3,S
2021-06-30T11:08:24,700.0,42.3,S
2021-06-30T11:08:23,300.0,42.3,S
2021-06-30T11:08:01,1300.0,42.3,S
2021-06-30T11:07:55,7000.0,42.3,S
2021-06-30T11:07:50,100.0,42.3,S
2021-06-30T11:07:49,300.0,42.35,B
2021-06-30T11:07:38,700.0,42.35,B
2021-06-30T11:07:36,30300.0,42.3,S
2021-06-30T11:07:35,3500.0,42.3,S
2021-06-30T11:07:34,1000.0,42.3,S
2021-06-30T11:07:22,400.0,42.3,S
2021-06-30T11:07:15,500.0,42.35,B
2021-06-30T11:06:58,2400.0,42.3,S
2021-06-30T11:06:58,2800.0,42.3,S
2021-06-30T11:06:58,100.0,42.35,S
2021-06-30T11:06:57,1700.0,42.35,S
2021-06-30T11:06:52,5200.0,42.35,S
2021-06-30T11:06:52,1000.0,42.35,S
2021-06-30T11:06:48,2000.0,42.35,S
2021-06-30T11:06:46,1000.0,42.35,S
2021-06-30T11:06:43,13500.0,42.35,S
2021-06-30T11:06:41,3000.0,42.35,S
2021-06-30T11:06:25,8600.0,42.35,S
2021-06-30T11:06:16,400.0,42.35,S
2021-06-30T11:06:12,15200.0,42.35,S
2021-06-30T11:05:54,1000.0,42.35,S
2021-06-30T11:05:51,10000.0,42.35,S
2021-06-30T11:05:46,300.0,42.4,B
2021-06-30T11:05:45,12000.0,42.35,S
2021-06-30T11:05:40,500.0,42.4,B
2021-06-30T11:05:36,1500.0,42.35,S
2021-06-30T11:05:32,100.0,42.4,B
2021-06-30T11:05:10,100.0,42.4,B
2021-06-30T11:05:03,3000.0,42.35,S
2021-06-30T11:04:51,100.0,42.4,B
2021-06-30T11:04:03,4500.0,42.4,B
2021-06-30T11:03:55,1000.0,42.35,S
2021-06-30T11:03:54,4700.0,42.4,B
2021-06-30T11:03:47,1300.0,42.4,B
2021-06-30T11:03:47,200.0,42.4,B
2021-06-30T11:03:46,4600.0,42.4,B
2021-06-30T11:03:35,5800.0,42.4,B
2021-06-30T11:03:35,3000.0,42.35,S
2021-06-30T11:03:34,100.0,42.4,B
2021-06-30T11:03:33,100.0,42.4,B
2021-06-30T11:03:32,200.0,42.4,B
2021-06-30T11:03:31,500.0,42.4,B
2021-06-30T11:03:19,1000.0,42.4,B
2021-06-30T11:02:20,100.0,42.4,B
2021-06-30T11:02:17,9200.0,42.4,B
2021-06-30T11:02:17,6400.0,42.4,B
2021-06-30T11:02:17,100.0,42.4,B
2021-06-30T11:02:17,4300.0,42.4,B
2021-06-30T11:02:11,300.0,42.4,B
2021-06-30T11:02:11,2000.0,42.4,B
2021-06-30T11:02:06,500.0,42.4,B
2021-06-30T11:01:57,300.0,42.4,B
2021-06-30T11:01:36,2000.0,42.4,B
2021-06-30T11:01:29,5100.0,42.4,B
2021-06-30T11:01:25,300.0,42.4,B
2021-06-30T11:01:20,5400.0,42.4,B
2021-06-30T11:01:12,6600.0,42.4,B
2021-06-30T11:01:05,5800.0,42.4,B
2021-06-30T11:00:44,300.0,42.4,B
2021-06-30T11:00:36,3900.0,42.4,B
2021-06-30T11:00:27,4100.0,42.4,B
2021-06-30T11:00:20,6300.0,42.4,B
2021-06-30T11:00:10,10000.0,42.35,S
2021-06-30T11:00:10,7300.0,42.4,B
2021-06-30T10:59:55,100.0,42.35,S
2021-06-30T10:59:50,500.0,42.35,B
2021-06-30T10:59:47,3000.0,42.35,B
2021-06-30T10:59:40,100.0,42.35,B
2021-06-30T10:59:36,1000.0,42.35,B
2021-06-30T10:59:31,1000.0,42.35,B
2021-06-30T10:59:29,1000.0,42.35,B
2021-06-30T10:59:29,1300.0,42.35,B
2021-06-30T10:59:27,400.0,42.35,B
2021-06-30T10:59:21,500.0,42.35,B
2021-06-30T10:59:18,4900.0,42.35,B
2021-06-30T10:59:04,7300.0,42.35,B
2021-06-30T10:59:02,100.0,42.35,B
2021-06-30T10:59:00,400.0,42.3,S
2021-06-30T10:58:57,5600.0,42.35,B
2021-06-30T10:58:31,200.0,42.35,B
2021-06-30T10:58:28,900.0,42.3,S
2021-06-30T10:58:25,1000.0,42.3,S
2021-06-30T10:57:51,5000.0,42.3,S
2021-06-30T10:57:45,200.0,42.35,B
2021-06-30T10:57:41,2000.0,42.3,S
2021-06-30T10:57:39,300.0,42.3,S
2021-06-30T10:57:22,1300.0,42.3,S
2021-06-30T10:57:22,500.0,42.3,S
2021-06-30T10:57:20,2000.0,42.3,S
2021-06-30T10:57:18,400.0,42.3,S
2021-06-30T10:56:57,2000.0,42.3,S
2021-06-30T10:56:51,100.0,42.3,S
2021-06-30T10:56:45,2000.0,42.35,B
2021-06-30T10:56:36,100.0,42.3,S
2021-06-30T10:56:11,5000.0,42.35,B
2021-06-30T10:55:52,7000.0,42.35,B
2021-06-30T10:55:43,10300.0,42.3,B
2021-06-30T10:55:43,4800.0,42.3,B
2021-06-30T10:55:40,200.0,42.3,B
2021-06-30T10:55:22,200.0,42.3,B
2021-06-30T10:55:12,100.0,42.3,B
2021-06-30T10:54:41,6900.0,42.3,S
2021-06-30T10:54:40,2000.0,42.35,B
2021-06-30T10:54:39,200.0,42.35,B
2021-06-30T10:54:36,3000.0,42.3,S
2021-06-30T10:54:29,8200.0,42.3,S
2021-06-30T10:54:19,10000.0,42.3,S
2021-06-30T10:54:10,2000.0,42.35,B
2021-06-30T10:54:07,1900.0,42.3,S
2021-06-30T10:54:07,4400.0,42.3,S
2021-06-30T10:53:53,11400.0,42.3,S
2021-06-30T10:53:50,1500.0,42.35,B
2021-06-30T10:52:54,300.0,42.35,B
2021-06-30T10:52:44,3000.0,42.35,B
2021-06-30T10:52:43,200.0,42.35,B
2021-06-30T10:52:43,800.0,42.3,S
2021-06-30T10:52:43,100.0,42.3,S
2021-06-30T10:52:43,2500.0,42.3,S
2021-06-30T10:52:43,600.0,42.3,S
2021-06-30T10:52:43,4500.0,42.3,S
2021-06-30T10:52:34,9700.0,42.3,S
2021-06-30T10:52:23,600.0,42.3,S
2021-06-30T10:52:23,300.0,42.3,S
2021-06-30T10:52:23,1100.0,42.3,S
2021-06-30T10:52:14,2000.0,42.35,B
2021-06-30T10:52:14,1000.0,42.35,B
2021-06-30T10:52:05,100.0,42.35,B
2021-06-30T10:52:02,900.0,42.3,S
2021-06-30T10:52:02,3000.0,42.3,S
2021-06-30T10:52:01,1000.0,42.3,S
2021-06-30T10:52:01,2500.0,42.3,S
2021-06-30T10:52:01,600.0,42.3,S
2021-06-30T10:52:01,3100.0,42.3,S
2021-06-30T10:51:12,1000.0,42.35,B
2021-06-30T10:51:10,5000.0,42.3,S
2021-06-30T10:51:07,400.0,42.3,S
2021-06-30T10:51:07,300.0,42.35,B
2021-06-30T10:51:00,500.0,42.3,S
2021-06-30T10:50:33,200.0,42.3,S
2021-06-30T10:50:32,100.0,42.35,B
2021-06-30T10:50:28,100.0,42.35,B
2021-06-30T10:50:23,500.0,42.35,B
2021-06-30T10:50:20,1000.0,42.35,B
2021-06-30T10:50:17,700.0,42.35,B
2021-06-30T10:50:16,600.0,42.35,B
2021-06-30T10:49:58,1000.0,42.35,B
2021-06-30T10:49:51,1000.0,42.35,B
2021-06-30T10:49:24,500.0,42.35,B
2021-06-30T10:49:24,300.0,42.35,B
2021-06-30T10:49:02,200.0,42.35,S
2021-06-30T10:49:02,4700.0,42.35,S
2021-06-30T10:49:02,100.0,42.35,S
2021-06-30T10:49:02,2400.0,42.35,S
2021-06-30T10:49:02,400.0,42.35,S
2021-06-30T10:48:50,200.0,42.4,B
2021-06-30T10:48:46,500.0,42.35,S
2021-06-30T10:48:42,400.0,42.4,B
2021-06-30T10:48:37,9200.0,42.35,S
2021-06-30T10:48:36,100.0,42.35,S
2021-06-30T10:48:34,1000.0,42.4,B
2021-06-30T10:48:33,100.0,42.35,S
2021-06-30T10:48:31,100.0,42.4,B
2021-06-30T10:47:18,100.0,42.4,B
2021-06-30T10:47:12,100.0,42.35,S
2021-06-30T10:47:10,1000.0,42.35,S
2021-06-30T10:46:42,400.0,42.35,B
2021-06-30T10:46:39,1000.0,42.35,B
2021-06-30T10:46:37,600.0,42.35,B
2021-06-30T10:46:37,300.0,42.35,B
2021-06-30T10:46:36,300.0,42.35,B
2021-06-30T10:46:34,1000.0,42.35,B
2021-06-30T10:46:31,500.0,42.35,B
2021-06-30T10:46:04,500.0,42.35,B
2021-06-30T10:45:56,500.0,42.35,B
2021-06-30T10:45:43,100.0,42.35,B
2021-06-30T10:45:41,500.0,42.35,B
2021-06-30T10:45:38,1000.0,42.35,B
2021-06-30T10:45:36,2500.0,42.35,B
2021-06-30T10:45:19,100.0,42.35,B
2021-06-30T10:44:57,200.0,42.35,B
2021-06-30T10:44:52,400.0,42.35,B
2021-06-30T10:44:47,7500.0,42.35,S
2021-06-30T10:44:24,10000.0,42.35,S
2021-06-30T10:44:00,1000.0,42.35,S
2021-06-30T10:43:41,10700.0,42.35,B
2021-06-30T10:43:38,200.0,42.3,S
2021-06-30T10:43:38,1900.0,42.3,S
2021-06-30T10:43:38,400.0,42.3,S
2021-06-30T10:43:38,300.0,42.3,S
2021-06-30T10:43:38,3500.0,42.3,S
2021-06-30T10:43:38,4200.0,42.3,S
2021-06-30T10:43:38,1300.0,42.3,S
2021-06-30T10:43:37,1600.0,42.3,S
2021-06-30T10:43:37,4500.0,42.3,S
2021-06-30T10:43:37,2100.0,42.3,S
2021-06-30T10:43:36,100.0,42.35,B
2021-06-30T10:43:22,100.0,42.3,S
2021-06-30T10:42:54,1000.0,42.3,S
2021-06-30T10:42:52,7000.0,42.35,B
2021-06-30T10:42:20,1000.0,42.35,B
2021-06-30T10:42:11,1100.0,42.3,S
2021-06-30T10:42:11,3500.0,42.3,S
2021-06-30T10:42:11,5400.0,42.3,S
2021-06-30T10:42:11,1800.0,42.3,S
2021-06-30T10:42:11,200.0,42.3,S
2021-06-30T10:42:02,200.0,42.35,B
2021-06-30T10:41:56,200.0,42.35,B
2021-06-30T10:41:52,600.0,42.3,S
2021-06-30T10:41:52,900.0,42.3,S
2021-06-30T10:41:52,10900.0,42.3,S
2021-06-30T10:41:48,100.0,42.35,B
2021-06-30T10:41:30,900.0,42.35,B
2021-06-30T10:41:27,100.0,42.3,S
2021-06-30T10:41:06,200.0,42.3,S
2021-06-30T10:40:52,100.0,42.35,S
2021-06-30T10:40:42,300.0,42.3,S
2021-06-30T10:40:42,200.0,42.3,S
2021-06-30T10:40:42,800.0,42.3,S
2021-06-30T10:40:42,4700.0,42.3,S
2021-06-30T10:40:40,700.0,42.35,S
2021-06-30T10:40:37,400.0,42.4,B
2021-06-30T10:40:36,2600.0,42.4,B
2021-06-30T10:40:36,13800.0,42.4,B
2021-06-30T10:40:36,12500.0,42.4,B
2021-06-30T10:40:36,1100.0,42.4,B
2021-06-30T10:40:30,2000.0,42.35,S
2021-06-30T10:40:15,500.0,42.35,B
2021-06-30T10:40:12,1800.0,42.35,B
2021-06-30T10:40:07,200.0,42.35,B
2021-06-30T10:39:47,100.0,42.35,S
2021-06-30T10:39:34,400.0,42.35,S
2021-06-30T10:39:34,500.0,42.35,S
2021-06-30T10:39:34,25500.0,42.35,S
2021-06-30T10:39:34,54400.0,42.35,S
2021-06-30T10:39:34,2700.0,42.35,S
2021-06-30T10:39:34,1500.0,42.35,S
2021-06-30T10:39:34,15000.0,42.35,S
2021-06-30T10:39:29,200.0,42.4,B
2021-06-30T10:39:29,1000.0,42.4,B
2021-06-30T10:39:25,400.0,42.4,B
2021-06-30T10:39:16,500.0,42.4,B
2021-06-30T10:39:02,100.0,42.4,B
2021-06-30T10:39:00,500.0,42.4,B
2021-06-30T10:38:52,100.0,42.4,B
2021-06-30T10:38:48,300.0,42.4,B
2021-06-30T10:38:08,500.0,42.4,B
2021-06-30T10:38:08,500.0,42.4,B
2021-06-30T10:38:06,200.0,42.4,B
2021-06-30T10:38:05,300.0,42.4,B
2021-06-30T10:38:01,500.0,42.4,B
2021-06-30T10:37:46,700.0,42.4,S
2021-06-30T10:37:46,2900.0,42.4,S
2021-06-30T10:37:44,1900.0,42.4,S
2021-06-30T10:37:44,4000.0,42.4,S
2021-06-30T10:37:44,1500.0,42.4,S
2021-06-30T10:37:44,500.0,42.4,S
2021-06-30T10:37:44,700.0,42.4,S
2021-06-30T10:37:44,1300.0,42.4,S
2021-06-30T10:37:44,100.0,42.4,S
2021-06-30T10:37:44,900.0,42.4,S
2021-06-30T10:37:44,1900.0,42.4,S
2021-06-30T10:37:44,100.0,42.4,S
2021-06-30T10:37:44,38500.0,42.4,S
2021-06-30T10:37:16,1200.0,42.4,S
2021-06-30T10:36:40,1500.0,42.45,B
2021-06-30T10:36:35,1000.0,42.4,S
2021-06-30T10:36:32,4000.0,42.4,S
2021-06-30T10:36:28,2000.0,42.45,B
2021-06-30T10:36:22,2000.0,42.45,B
2021-06-30T10:36:17,600.0,42.4,S
2021-06-30T10:36:15,11800.0,42.45,B
2021-06-30T10:36:15,17000.0,42.45,B
2021-06-30T10:36:15,1500.0,42.45,B
2021-06-30T10:36:15,200.0,42.45,B
2021-06-30T10:36:15,12500.0,42.45,B
2021-06-30T10:36:11,16100.0,42.4,S
2021-06-30T10:36:11,500.0,42.4,S
2021-06-30T10:36:11,3400.0,42.4,S
2021-06-30T10:35:54,200.0,42.4,S
2021-06-30T10:35:44,2200.0,42.4,S
2021-06-30T10:35:29,200.0,42.45,B
2021-06-30T10:35:27,1000.0,42.4,S
2021-06-30T10:35:13,500.0,42.45,B
2021-06-30T10:35:10,1000.0,42.45,B
2021-06-30T10:34:54,300.0,42.45,B
2021-06-30T10:34:38,400.0,42.45,B
2021-06-30T10:34:19,1000.0,42.45,B
2021-06-30T10:34:18,100.0,42.45,B
2021-06-30T10:34:15,300.0,42.45,B
2021-06-30T10:33:55,1300.0,42.4,S
2021-06-30T10:33:55,1100.0,42.4,S
2021-06-30T10:33:55,2600.0,42.4,S
2021-06-30T10:33:52,19200.0,42.45,S
2021-06-30T10:33:43,100.0,42.45,S
2021-06-30T10:33:40,2000.0,42.5,B
2021-06-30T10:33:37,600.0,42.5,B
2021-06-30T10:33:36,500.0,42.45,S
2021-06-30T10:33:32,300.0,42.45,S
2021-06-30T10:33:32,100.0,42.45,S
2021-06-30T10:33:00,10000.0,42.5,B
2021-06-30T10:32:59,500.0,42.45,S
2021-06-30T10:32:59,1000.0,42.45,S
2021-06-30T10:32:49,700.0,42.45,S
2021-06-30T10:32:44,1000.0,42.45,S
2021-06-30T10:32:42,200.0,42.4,S
2021-06-30T10:32:23,1600.0,42.4,S
2021-06-30T10:32:22,4000.0,42.5,B
2021-06-30T10:32:21,1100.0,42.5,B
2021-06-30T10:32:17,3900.0,42.4,S
2021-06-30T10:32:12,2800.0,42.5,B
2021-06-30T10:32:10,100.0,42.45,S
2021-06-30T10:32:05,400.0,42.45,B
2021-06-30T10:32:00,100.0,42.45,B
2021-06-30T10:31:59,200.0,42.45,B
2021-06-30T10:31:50,1500.0,42.45,S
2021-06-30T10:31:49,900.0,42.45,S
2021-06-30T10:31:48,3000.0,42.45,B
2021-06-30T10:31:47,100.0,42.45,B
2021-06-30T10:31:40,200.0,42.45,B
2021-06-30T10:31:39,100.0,42.45,B
2021-06-30T10:31:37,3000.0,42.45,B
2021-06-30T10:31:37,200.0,42.45,B
2021-06-30T10:31:36,500.0,42.45,B
2021-06-30T10:31:33,300.0,42.45,B
2021-06-30T10:31:31,1000.0,42.45,B
2021-06-30T10:31:29,5000.0,42.45,B
2021-06-30T10:31:20,1000.0,42.45,B
2021-06-30T10:31:08,200.0,42.45,B
2021-06-30T10:31:01,200.0,42.45,B
2021-06-30T10:31:01,400.0,42.45,B
2021-06-30T10:30:47,300.0,42.4,S
2021-06-30T10:30:34,300.0,42.45,B
2021-06-30T10:30:23,500.0,42.4,S
2021-06-30T10:30:14,100.0,42.45,S
2021-06-30T10:30:08,100.0,42.5,B
2021-06-30T10:30:08,4000.0,42.5,B
2021-06-30T10:30:03,200.0,42.4,S
2021-06-30T10:30:02,300.0,42.5,B
2021-06-30T10:29:59,400.0,42.5,B
2021-06-30T10:29:58,800.0,42.5,B
2021-06-30T10:29:45,200.0,42.5,B
2021-06-30T10:29:41,100.0,42.4,S
2021-06-30T10:29:38,3000.0,42.5,B
2021-06-30T10:29:23,1500.0,42.5,B
2021-06-30T10:29:21,1900.0,42.35,S
2021-06-30T10:29:11,5000.0,42.5,B
2021-06-30T10:29:04,700.0,42.5,B
2021-06-30T10:29:03,500.0,42.5,B
2021-06-30T10:29:02,200.0,42.5,B
2021-06-30T10:29:02,1300.0,42.5,B
2021-06-30T10:29:01,300.0,42.5,B
2021-06-30T10:28:49,1800.0,42.5,B
2021-06-30T10:28:49,700.0,42.5,B
2021-06-30T10:28:49,100.0,42.5,B
2021-06-30T10:28:49,1900.0,42.5,B
2021-06-30T10:28:49,1100.0,42.5,B
2021-06-30T10:28:49,4400.0,42.5,B
2021-06-30T10:28:48,2300.0,42.5,B
2021-06-30T10:28:45,500.0,42.5,B
2021-06-30T10:28:40,500.0,42.5,B
2021-06-30T10:28:33,1700.0,42.35,S
2021-06-30T10:28:30,2000.0,42.5,B
2021-06-30T10:28:27,6000.0,42.5,B
2021-06-30T10:27:59,50000.0,42.5,B
2021-06-30T10:27:51,23200.0,42.5,B
2021-06-30T10:27:51,11300.0,42.5,B
2021-06-30T10:27:51,2000.0,42.5,B
2021-06-30T10:27:51,200.0,42.5,B
2021-06-30T10:27:51,3000.0,42.5,B
2021-06-30T10:27:51,2300.0,42.5,B
2021-06-30T10:27:51,4400.0,42.5,B
2021-06-30T10:27:51,1100.0,42.5,B
2021-06-30T10:27:50,500.0,42.5,B
2021-06-30T10:27:50,5000.0,42.5,B
2021-06-30T10:27:50,11000.0,42.5,B
2021-06-30T10:27:50,21700.0,42.5,B
2021-06-30T10:27:50,5500.0,42.5,B
2021-06-30T10:27:50,1100.0,42.5,B
2021-06-30T10:27:50,7700.0,42.5,B
2021-06-30T10:27:38,2000.0,42.5,B
2021-06-30T10:27:38,10600.0,42.5,B
2021-06-30T10:27:38,4100.0,42.5,B
2021-06-30T10:27:38,1000.0,42.5,B
2021-06-30T10:27:38,200.0,42.5,B
2021-06-30T10:27:38,25900.0,42.5,B
2021-06-30T10:27:38,1500.0,42.45,B
2021-06-30T10:27:38,600.0,42.45,B
2021-06-30T10:27:38,4100.0,42.45,B
2021-06-30T10:27:26,200.0,42.35,S
2021-06-30T10:27:23,500.0,42.35,S
2021-06-30T10:27:17,100.0,42.35,S
2021-06-30T10:27:12,2500.0,42.45,B
2021-06-30T10:27:12,11300.0,42.45,B
2021-06-30T10:27:12,600.0,42.45,B
2021-06-30T10:27:12,11300.0,42.45,B
2021-06-30T10:27:12,12500.0,42.45,B
2021-06-30T10:27:12,8600.0,42.45,B
2021-06-30T10:27:11,200.0,42.4,B
2021-06-30T10:27:11,3000.0,42.4,B
2021-06-30T10:27:05,1000.0,42.35,B
2021-06-30T10:27:03,100.0,42.35,B
2021-06-30T10:27:02,4000.0,42.35,B
2021-06-30T10:27:01,1000.0,42.35,S
2021-06-30T10:26:47,2000.0,42.35,B
2021-06-30T10:26:46,500.0,42.35,S
2021-06-30T10:26:46,800.0,42.35,S
2021-06-30T10:26:41,10000.0,42.45,B
2021-06-30T10:26:40,1700.0,42.4,B
2021-06-30T10:26:40,1300.0,42.4,B
2021-06-30T10:26:40,1000.0,42.4,B
2021-06-30T10:26:40,1400.0,42.4,B
2021-06-30T10:26:40,1800.0,42.4,B
2021-06-30T10:26:40,500.0,42.4,B
2021-06-30T10:26:40,3000.0,42.4,B
2021-06-30T10:26:40,8300.0,42.4,B
2021-06-30T10:26:40,2300.0,42.4,B
2021-06-30T10:26:40,2500.0,42.4,B
2021-06-30T10:26:40,14900.0,42.4,B
2021-06-30T10:26:40,1000.0,42.4,B
2021-06-30T10:26:39,100.0,42.4,B
2021-06-30T10:26:39,10200.0,42.4,B
2021-06-30T10:26:37,600.0,42.35,S
2021-06-30T10:26:26,500.0,42.35,S
2021-06-30T10:26:21,1000.0,42.35,S
2021-06-30T10:26:20,1000.0,42.35,S
2021-06-30T10:26:15,200.0,42.35,S
2021-06-30T10:26:08,900.0,42.4,B
2021-06-30T10:25:52,200.0,42.35,S
2021-06-30T10:25:43,100.0,42.35,S
2021-06-30T10:25:32,1100.0,42.35,B
2021-06-30T10:25:29,100.0,42.35,B
2021-06-30T10:25:28,200.0,42.35,B
2021-06-30T10:25:28,1300.0,42.35,B
2021-06-30T10:25:22,900.0,42.35,B
2021-06-30T10:25:11,6500.0,42.35,B
2021-06-30T10:25:11,3800.0,42.35,B
2021-06-30T10:25:11,1500.0,42.35,B
2021-06-30T10:25:11,18200.0,42.35,B
2021-06-30T10:25:00,200.0,42.3,S
2021-06-30T10:24:59,300.0,42.35,B
2021-06-30T10:24:51,100.0,42.3,S
2021-06-30T10:24:49,2100.0,42.35,B
2021-06-30T10:24:31,500.0,42.3,S
2021-06-30T10:24:28,100.0,42.35,B
2021-06-30T10:24:25,1000.0,42.3,S
2021-06-30T10:24:23,600.0,42.35,B
2021-06-30T10:24:05,2000.0,42.35,B
2021-06-30T10:24:04,300.0,42.3,S
2021-06-30T10:24:04,600.0,42.3,S
2021-06-30T10:24:00,100.0,42.3,S
2021-06-30T10:23:42,200.0,42.3,S
2021-06-30T10:23:39,100.0,42.3,S
2021-06-30T10:23:37,2400.0,42.3,S
2021-06-30T10:23:34,10000.0,42.35,B
2021-06-30T10:23:32,3700.0,42.3,S
2021-06-30T10:23:21,200.0,42.3,S
2021-06-30T10:23:03,100.0,42.3,S
2021-06-30T10:22:59,100.0,42.3,S
2021-06-30T10:22:42,1000.0,42.3,S
2021-06-30T10:22:29,300.0,42.3,S
2021-06-30T10:22:22,100.0,42.3,S
2021-06-30T10:22:09,600.0,42.3,S
2021-06-30T10:21:58,500.0,42.3,S
2021-06-30T10:21:58,200.0,42.35,B
2021-06-30T10:21:52,100.0,42.35,B
2021-06-30T10:21:46,300.0,42.3,S
2021-06-30T10:21:42,100.0,42.3,S
2021-06-30T10:21:32,1000.0,42.3,S
2021-06-30T10:21:23,1400.0,42.3,S
2021-06-30T10:21:14,400.0,42.3,S
2021-06-30T10:21:10,5000.0,42.3,S
2021-06-30T10:21:04,700.0,42.3,B
2021-06-30T10:20:49,200.0,42.3,B
2021-06-30T10:20:36,100.0,42.3,B
2021-06-30T10:20:35,700.0,42.3,B
2021-06-30T10:20:23,2000.0,42.3,B
2021-06-30T10:20:23,800.0,42.3,B
2021-06-30T10:20:23,400.0,42.3,B
2021-06-30T10:20:23,1100.0,42.3,B
2021-06-30T10:20:23,1500.0,42.3,B
2021-06-30T10:20:23,700.0,42.3,B
2021-06-30T10:20:09,500.0,42.3,B
2021-06-30T10:20:04,2000.0,42.3,B
2021-06-30T10:19:55,1600.0,42.3,B
2021-06-30T10:19:52,200.0,42.3,B
2021-06-30T10:19:47,200.0,42.3,B
2021-06-30T10:19:41,100.0,42.3,B
2021-06-30T10:19:31,600.0,42.3,S
2021-06-30T10:19:31,200.0,42.3,S
2021-06-30T10:19:28,1100.0,42.3,S
2021-06-30T10:19:28,100.0,42.3,S
2021-06-30T10:19:28,500.0,42.3,S
2021-06-30T10:19:28,2200.0,42.3,S
2021-06-30T10:19:28,100.0,42.3,S
2021-06-30T10:19:18,100.0,42.3,S
2021-06-30T10:19:01,500.0,42.3,S
2021-06-30T10:18:32,200.0,42.3,B
2021-06-30T10:18:32,400.0,42.3,B
2021-06-30T10:18:30,500.0,42.3,B
2021-06-30T10:18:27,1500.0,42.3,B
2021-06-30T10:18:27,1100.0,42.3,B
2021-06-30T10:18:27,5800.0,42.3,B
2021-06-30T10:18:14,500.0,42.3,B
2021-06-30T10:18:10,100.0,42.3,B
2021-06-30T10:18:10,1000.0,42.3,B
2021-06-30T10:18:09,12800.0,42.3,B
2021-06-30T10:18:09,1000.0,42.3,B
2021-06-30T10:18:09,3700.0,42.3,B
2021-06-30T10:18:03,9100.0,42.25,S
2021-06-30T10:17:48,500.0,42.3,B
2021-06-30T10:17:34,300.0,42.3,B
2021-06-30T10:17:29,200.0,42.3,B
2021-06-30T10:17:27,100.0,42.25,S
2021-06-30T10:17:23,300.0,42.25,S
2021-06-30T10:17:23,300.0,42.3,B
2021-06-30T10:17:21,800.0,42.3,B
2021-06-30T10:17:10,600.0,42.25,S
2021-06-30T10:16:59,500.0,42.25,S
2021-06-30T10:16:56,200.0,42.25,S
2021-06-30T10:16:51,100.0,42.25,S
2021-06-30T10:16:51,100.0,42.25,S
2021-06-30T10:16:47,2800.0,42.25,S
2021-06-30T10:16:47,900.0,42.25,S
2021-06-30T10:16:31,400.0,42.25,B
2021-06-30T10:16:17,6500.0,42.3,B
2021-06-30T10:16:15,2500.0,42.25,B
2021-06-30T10:16:09,100.0,42.25,B
2021-06-30T10:15:57,2500.0,42.2,S
2021-06-30T10:15:57,300.0,42.2,S
2021-06-30T10:15:57,6400.0,42.2,S
2021-06-30T10:15:57,800.0,42.2,S
2021-06-30T10:15:51,100.0,42.2,S
2021-06-30T10:15:45,1000.0,42.2,S
2021-06-30T10:15:41,200.0,42.2,S
2021-06-30T10:15:41,1800.0,42.2,S
2021-06-30T10:15:39,600.0,42.2,S
2021-06-30T10:15:39,400.0,42.2,S
2021-06-30T10:15:29,100.0,42.2,S
2021-06-30T10:15:13,500.0,42.2,S
2021-06-30T10:15:09,200.0,42.2,S
2021-06-30T10:15:09,1800.0,42.2,S
2021-06-30T10:15:08,2600.0,42.35,B
2021-06-30T10:15:08,1700.0,42.35,B
2021-06-30T10:15:08,1100.0,42.3,B
2021-06-30T10:15:08,2000.0,42.3,B
2021-06-30T10:15:08,400.0,42.3,B
2021-06-30T10:15:08,100.0,42.3,B
2021-06-30T10:15:08,2100.0,42.3,B
2021-06-30T10:15:08,200.0,42.3,B
2021-06-30T10:15:07,500.0,42.25,S
2021-06-30T10:15:01,3000.0,42.2,S
2021-06-30T10:14:42,200.0,42.2,S
2021-06-30T10:14:42,1400.0,42.2,S
2021-06-30T10:14:42,8400.0,42.2,S
2021-06-30T10:14:42,300.0,42.3,B
2021-06-30T10:14:35,2100.0,42.2,S
2021-06-30T10:14:35,1100.0,42.2,S
2021-06-30T10:14:35,1800.0,42.25,S
2021-06-30T10:14:32,100.0,42.3,B
2021-06-30T10:14:18,2000.0,42.3,B
2021-06-30T10:14:17,500.0,42.25,S
2021-06-30T10:14:09,100.0,42.3,B
2021-06-30T10:14:07,1100.0,42.25,S
2021-06-30T10:14:05,2000.0,42.25,S
2021-06-30T10:14:05,2200.0,42.25,S
2021-06-30T10:14:05,200.0,42.25,S
2021-06-30T10:14:05,100.0,42.25,S
2021-06-30T10:13:57,100.0,42.3,B
2021-06-30T10:13:53,100.0,42.3,B
2021-06-30T10:13:37,1000.0,42.3,S
2021-06-30T10:13:34,500.0,42.35,B
2021-06-30T10:13:27,2000.0,42.35,S
2021-06-30T10:13:27,500.0,42.35,S
2021-06-30T10:13:25,500.0,42.35,S
2021-06-30T10:13:21,300.0,42.3,S
2021-06-30T10:13:21,1500.0,42.3,S
2021-06-30T10:13:21,300.0,42.3,S
2021-06-30T10:13:21,2500.0,42.3,S
2021-06-30T10:13:21,2500.0,42.3,S
2021-06-30T10:13:21,2100.0,42.3,S
2021-06-30T10:13:21,1400.0,42.3,S
2021-06-30T10:13:21,900.0,42.35,S
2021-06-30T10:13:21,3500.0,42.35,S
2021-06-30T10:13:15,500.0,42.35,S
2021-06-30T10:13:14,500.0,42.35,S
2021-06-30T10:13:14,100.0,42.4,B
2021-06-30T10:13:09,200.0,42.4,B
2021-06-30T10:13:04,100.0,42.35,S
2021-06-30T10:13:04,500.0,42.35,S
2021-06-30T10:13:01,300.0,42.4,B
2021-06-30T10:12:55,1200.0,42.35,S
2021-06-30T10:12:54,200.0,42.4,B
2021-06-30T10:12:52,4200.0,42.35,S
2021-06-30T10:12:49,300.0,42.4,S
2021-06-30T10:12:36,600.0,42.4,S
2021-06-30T10:12:36,1100.0,42.4,S
2021-06-30T10:12:36,1700.0,42.4,S
2021-06-30T10:12:36,2100.0,42.4,S
2021-06-30T10:12:33,1700.0,42.4,S
2021-06-30T10:12:33,1200.0,42.4,S
2021-06-30T10:12:33,2100.0,42.4,S
2021-06-30T10:12:33,5000.0,42.4,S
2021-06-30T10:12:31,1000.0,42.4,S
2021-06-30T10:12:26,100.0,42.45,B
2021-06-30T10:12:25,1000.0,42.45,B
2021-06-30T10:12:23,1000.0,42.45,B
2021-06-30T10:12:15,500.0,42.45,B
2021-06-30T10:12:12,100.0,42.45,B
2021-06-30T10:12:12,100.0,42.45,B
2021-06-30T10:12:07,5900.0,42.45,S
2021-06-30T10:12:04,2400.0,42.5,B
2021-06-30T10:12:02,500.0,42.45,S
2021-06-30T10:12:02,3700.0,42.45,S
2021-06-30T10:12:01,10000.0,42.45,S
2021-06-30T10:12:00,100.0,42.5,B
2021-06-30T10:11:58,6000.0,42.45,S
2021-06-30T10:11:55,2000.0,42.45,S
2021-06-30T10:11:51,1200.0,42.45,S
2021-06-30T10:11:34,100.0,42.5,B
2021-06-30T10:11:24,4000.0,42.5,B
2021-06-30T10:11:15,1000.0,42.5,S
2021-06-30T10:11:07,100.0,42.5,S
2021-06-30T10:11:07,16500.0,42.5,S
2021-06-30T10:11:07,2000.0,42.5,S
2021-06-30T10:11:01,1000.0,42.5,S
2021-06-30T10:10:59,600.0,42.5,S
2021-06-30T10:10:55,2200.0,42.5,S
2021-06-30T10:10:55,100.0,42.5,S
2021-06-30T10:10:55,3200.0,42.5,S
2021-06-30T10:10:55,100.0,42.5,S
2021-06-30T10:10:50,300.0,42.5,S
2021-06-30T10:10:48,100.0,42.5,S
2021-06-30T10:10:46,1200.0,42.5,S
2021-06-30T10:10:45,100.0,42.5,S
2021-06-30T10:10:42,300.0,42.5,S
2021-06-30T10:10:36,1000.0,42.5,S
2021-06-30T10:10:28,300.0,42.5,S
2021-06-30T10:10:27,200.0,42.5,S
2021-06-30T10:10:21,7000.0,42.5,S
2021-06-30T10:10:20,1000.0,42.5,S
2021-06-30T10:10:15,3000.0,42.5,S
2021-06-30T10:10:07,300.0,42.5,S
2021-06-30T10:10:05,100.0,42.5,S
2021-06-30T10:10:05,1200.0,42.5,S
2021-06-30T10:10:03,400.0,42.5,B
2021-06-30T10:10:03,300.0,42.5,B
2021-06-30T10:10:02,100.0,42.5,B
2021-06-30T10:10:00,500.0,42.5,B
2021-06-30T10:09:59,100.0,42.5,B
2021-06-30T10:09:48,2000.0,42.5,B
2021-06-30T10:09:48,3400.0,42.5,B
2021-06-30T10:09:46,800.0,42.5,B
2021-06-30T10:09:44,100.0,42.5,B
2021-06-30T10:09:43,100.0,42.5,B
2021-06-30T10:09:42,1700.0,42.55,B
2021-06-30T10:09:42,100.0,42.5,B
2021-06-30T10:09:37,400.0,42.5,B
2021-06-30T10:09:35,1900.0,42.5,B
2021-06-30T10:09:35,700.0,42.5,B
2021-06-30T10:09:32,100.0,42.5,B
2021-06-30T10:09:31,1000.0,42.5,B
2021-06-30T10:09:27,600.0,42.5,B
2021-06-30T10:09:26,100.0,42.5,B
2021-06-30T10:09:12,10000.0,42.5,B
2021-06-30T10:09:12,4500.0,42.5,B
2021-06-30T10:09:12,1100.0,42.5,B
2021-06-30T10:09:12,400.0,42.5,B
2021-06-30T10:09:12,2400.0,42.5,B
2021-06-30T10:09:12,900.0,42.5,B
2021-06-30T10:09:12,700.0,42.5,B
2021-06-30T10:09:11,1000.0,42.5,B
2021-06-30T10:09:10,100.0,42.5,B
2021-06-30T10:09:07,1400.0,42.5,B
2021-06-30T10:09:07,500.0,42.5,B
2021-06-30T10:09:07,3100.0,42.5,B
2021-06-30T10:09:06,3500.0,42.5,B
2021-06-30T10:09:06,2600.0,42.5,B
2021-06-30T10:09:02,2100.0,42.5,B
2021-06-30T10:08:57,100.0,42.5,B
2021-06-30T10:08:48,700.0,42.5,B
2021-06-30T10:08:45,3300.0,42.5,B
2021-06-30T10:08:42,1000.0,42.5,B
2021-06-30T10:08:42,3000.0,42.5,B
2021-06-30T10:08:41,5000.0,42.5,B
2021-06-30T10:08:39,1800.0,42.5,B
2021-06-30T10:08:37,1000.0,42.5,B
2021-06-30T10:08:37,2500.0,42.5,B
2021-06-30T10:08:31,2000.0,42.5,B
2021-06-30T10:08:28,500.0,42.5,B
2021-06-30T10:08:28,1000.0,42.5,B
2021-06-30T10:08:27,1600.0,42.5,B
2021-06-30T10:08:26,800.0,42.5,B
2021-06-30T10:08:25,200.0,42.5,B
2021-06-30T10:08:24,500.0,42.5,B
2021-06-30T10:08:19,8200.0,42.5,B
2021-06-30T10:08:19,100.0,42.5,B
2021-06-30T10:08:19,1700.0,42.5,B
2021-06-30T10:08:16,400.0,42.5,B
2021-06-30T10:08:16,100.0,42.5,B
2021-06-30T10:08:16,8100.0,42.5,B
2021-06-30T10:08:16,1300.0,42.5,B
2021-06-30T10:08:16,4000.0,42.5,B
2021-06-30T10:08:15,300.0,42.5,B
2021-06-30T10:08:15,1200.0,42.5,B
2021-06-30T10:08:15,2500.0,42.5,B
2021-06-30T10:08:15,200.0,42.5,B
2021-06-30T10:08:14,1900.0,42.5,B
2021-06-30T10:08:14,500.0,42.5,B
2021-06-30T10:08:11,3000.0,42.45,S
2021-06-30T10:08:09,1000.0,42.5,B
2021-06-30T10:08:07,2000.0,42.5,B
2021-06-30T10:08:01,100.0,42.5,B
2021-06-30T10:07:59,100.0,42.5,B
2021-06-30T10:07:57,5100.0,42.5,B
2021-06-30T10:07:57,1800.0,42.5,B
2021-06-30T10:07:57,1100.0,42.5,B
2021-06-30T10:07:57,1000.0,42.5,B
2021-06-30T10:07:57,2200.0,42.5,B
2021-06-30T10:07:55,1000.0,42.5,B
2021-06-30T10:07:55,1100.0,42.5,B
2021-06-30T10:07:55,100.0,42.5,B
2021-06-30T10:07:55,15600.0,42.5,B
2021-06-30T10:07:54,500.0,42.45,S
2021-06-30T10:07:49,300.0,42.5,B
2021-06-30T10:07:42,200.0,42.5,B
2021-06-30T10:07:42,200.0,42.5,B
2021-06-30T10:07:40,1000.0,42.5,B
2021-06-30T10:07:37,600.0,42.5,B
2021-06-30T10:07:36,2200.0,42.5,B
2021-06-30T10:07:36,2900.0,42.5,B
2021-06-30T10:07:35,1000.0,42.5,B
2021-06-30T10:07:35,100.0,42.45,S
2021-06-30T10:07:32,2800.0,42.5,B
2021-06-30T10:07:32,2800.0,42.5,B
2021-06-30T10:07:32,400.0,42.5,B
2021-06-30T10:07:32,1200.0,42.5,B
2021-06-30T10:07:32,900.0,42.5,B
2021-06-30T10:07:23,7300.0,42.5,B
2021-06-30T10:07:22,600.0,42.45,S
2021-06-30T10:07:21,2500.0,42.45,S
2021-06-30T10:07:19,700.0,42.5,B
2021-06-30T10:07:19,1000.0,42.5,B
2021-06-30T10:07:18,5100.0,42.5,B
2021-06-30T10:07:17,1000.0,42.5,B
2021-06-30T10:07:14,2000.0,42.45,S
2021-06-30T10:07:11,1000.0,42.45,S
2021-06-30T10:07:05,400.0,42.45,S
2021-06-30T10:07:05,300.0,42.5,B
2021-06-30T10:07:00,1300.0,42.5,B
2021-06-30T10:07:00,300.0,42.5,B
2021-06-30T10:06:58,100.0,42.45,S
2021-06-30T10:06:56,200.0,42.45,S
2021-06-30T10:06:53,2500.0,42.5,B
2021-06-30T10:06:53,900.0,42.5,B
2021-06-30T10:06:52,20000.0,42.45,S
2021-06-30T10:06:50,1300.0,42.5,B
2021-06-30T10:06:39,1100.0,42.5,B
2021-06-30T10:06:37,3100.0,42.5,B
2021-06-30T10:06:37,4300.0,42.5,B
2021-06-30T10:06:37,4000.0,42.5,B
2021-06-30T10:06:35,300.0,42.5,B
2021-06-30T10:06:33,6600.0,42.5,B
2021-06-30T10:06:33,200.0,42.45,S
2021-06-30T10:06:32,8300.0,42.5,B
2021-06-30T10:06:32,100.0,42.5,B
2021-06-30T10:06:30,2000.0,42.5,B
2021-06-30T10:06:30,100.0,42.45,S
2021-06-30T10:06:28,500.0,42.45,S
2021-06-30T10:06:27,1000.0,42.5,B
2021-06-30T10:06:27,7700.0,42.5,B
2021-06-30T10:06:26,300.0,42.5,B
2021-06-30T10:06:24,2000.0,42.45,S
2021-06-30T10:06:21,4100.0,42.5,B
2021-06-30T10:06:21,4800.0,42.5,B
2021-06-30T10:06:21,2100.0,42.5,B
2021-06-30T10:06:19,4300.0,42.5,B
2021-06-30T10:06:19,700.0,42.5,B
2021-06-30T10:06:18,1000.0,42.5,B
2021-06-30T10:06:17,500.0,42.5,B
2021-06-30T10:06:15,4400.0,42.5,B
2021-06-30T10:06:14,400.0,42.5,B
2021-06-30T10:06:12,400.0,42.5,B
2021-06-30T10:06:10,8900.0,42.45,S
2021-06-30T10:06:10,1100.0,42.45,S
2021-06-30T10:06:08,1100.0,42.45,S
2021-06-30T10:06:08,100.0,42.45,S
2021-06-30T10:06:08,800.0,42.45,S
2021-06-30T10:06:07,300.0,42.5,B
2021-06-30T10:06:04,4000.0,42.5,B
2021-06-30T10:06:03,6700.0,42.5,B
2021-06-30T10:06:03,2800.0,42.5,B
2021-06-30T10:06:02,100.0,42.45,S
2021-06-30T10:05:59,15000.0,42.45,S
2021-06-30T10:05:58,5900.0,42.5,B
2021-06-30T10:05:58,7800.0,42.5,B
2021-06-30T10:05:57,4000.0,42.5,B
2021-06-30T10:05:56,600.0,42.5,B
2021-06-30T10:05:49,100.0,42.5,B
2021-06-30T10:05:48,5000.0,42.45,S
2021-06-30T10:05:44,1000.0,42.45,S
2021-06-30T10:05:43,5100.0,42.5,B
2021-06-30T10:05:42,1000.0,42.5,B
2021-06-30T10:05:42,6800.0,42.5,B
2021-06-30T10:05:42,300.0,42.5,B
2021-06-30T10:05:41,200.0,42.5,B
2021-06-30T10:05:39,700.0,42.5,B
2021-06-30T10:05:38,1000.0,42.5,B
2021-06-30T10:05:37,1300.0,42.5,B
2021-06-30T10:05:37,5900.0,42.5,B
2021-06-30T10:05:36,1000.0,42.5,B
2021-06-30T10:05:31,4000.0,42.5,B
2021-06-30T10:05:31,20000.0,42.5,B
2021-06-30T10:05:29,7600.0,42.5,B
2021-06-30T10:05:27,200.0,42.45,S
2021-06-30T10:05:24,1000.0,42.5,B
2021-06-30T10:05:24,500.0,42.45,S
2021-06-30T10:05:24,200.0,42.5,B
2021-06-30T10:05:22,7500.0,42.5,B
2021-06-30T10:05:22,500.0,42.5,B
2021-06-30T10:05:21,3000.0,42.5,B
2021-06-30T10:05:15,200.0,42.45,S
2021-06-30T10:05:15,6800.0,42.5,B
2021-06-30T10:05:15,100.0,42.5,B
2021-06-30T10:05:13,10000.0,42.5,B
2021-06-30T10:05:10,6100.0,42.45,S
2021-06-30T10:05:09,34300.0,42.5,B
2021-06-30T10:05:05,4800.0,42.5,B
2021-06-30T10:05:00,6300.0,42.5,B
2021-06-30T10:04:59,15000.0,42.5,B
2021-06-30T10:04:57,8900.0,42.5,B
2021-06-30T10:04:56,1000.0,42.5,B
2021-06-30T10:04:51,6700.0,42.5,B
2021-06-30T10:04:50,1200.0,42.5,B
2021-06-30T10:04:43,1700.0,42.5,B
2021-06-30T10:04:43,5000.0,42.5,B
2021-06-30T10:04:43,600.0,42.5,B
2021-06-30T10:04:43,600.0,42.5,B
2021-06-30T10:04:43,200.0,42.5,B
2021-06-30T10:04:43,5600.0,42.5,B
2021-06-30T10:04:43,900.0,42.5,B
2021-06-30T10:04:43,1100.0,42.5,B
2021-06-30T10:04:43,700.0,42.5,B
2021-06-30T10:04:43,300.0,42.5,B
2021-06-30T10:04:40,2000.0,42.5,B
2021-06-30T10:04:37,7400.0,42.5,B
2021-06-30T10:04:34,8200.0,42.5,B
2021-06-30T10:04:34,900.0,42.5,B
2021-06-30T10:04:33,6400.0,42.5,B
2021-06-30T10:04:33,500.0,42.5,B
2021-06-30T10:04:30,2000.0,42.5,B
2021-06-30T10:04:26,300.0,42.5,B
2021-06-30T10:04:22,8500.0,42.5,B
2021-06-30T10:04:22,1000.0,42.45,S
2021-06-30T10:04:21,100.0,42.5,B
2021-06-30T10:04:17,7400.0,42.5,B
2021-06-30T10:04:17,300.0,42.5,B
2021-06-30T10:04:12,7900.0,42.5,B
2021-06-30T10:04:10,100.0,42.5,B
2021-06-30T10:04:06,200.0,42.5,B
2021-06-30T10:04:03,200.0,42.5,B
2021-06-30T10:04:02,1200.0,42.45,S
2021-06-30T10:04:02,100.0,42.45,S
2021-06-30T10:04:02,2700.0,42.45,S
2021-06-30T10:04:01,100.0,42.5,B
2021-06-30T10:04:00,1000.0,42.45,S
2021-06-30T10:04:00,2000.0,42.5,B
2021-06-30T10:03:57,5000.0,42.5,B
2021-06-30T10:03:57,6500.0,42.5,B
2021-06-30T10:03:53,9900.0,42.5,B
2021-06-30T10:03:44,3000.0,42.5,B
2021-06-30T10:03:43,200.0,42.5,B
2021-06-30T10:03:43,100.0,42.5,B
2021-06-30T10:03:41,100.0,42.5,B
2021-06-30T10:03:40,8200.0,42.5,B
2021-06-30T10:03:39,800.0,42.5,B
2021-06-30T10:03:38,200.0,42.5,B
2021-06-30T10:03:37,100.0,42.5,B
2021-06-30T10:03:36,1000.0,42.5,B
2021-06-30T10:03:30,500.0,42.45,S
2021-06-30T10:03:27,5700.0,42.5,B
2021-06-30T10:03:25,5000.0,42.5,B
2021-06-30T10:03:24,900.0,42.5,B
2021-06-30T10:03:24,1000.0,42.5,B
2021-06-30T10:03:23,12900.0,42.5,B
2021-06-30T10:03:21,5000.0,42.5,B
2021-06-30T10:03:19,6200.0,42.5,B
2021-06-30T10:03:18,1200.0,42.5,B
2021-06-30T10:03:16,100.0,42.5,B
2021-06-30T10:03:16,5000.0,42.5,B
2021-06-30T10:03:16,6700.0,42.5,B
2021-06-30T10:03:11,6400.0,42.5,B
2021-06-30T10:03:11,900.0,42.5,B
2021-06-30T10:03:05,100.0,42.5,B
2021-06-30T10:03:02,200.0,42.5,B
2021-06-30T10:02:55,9300.0,42.5,B
2021-06-30T10:02:53,100500.0,42.5,B
2021-06-30T10:02:45,100.0,42.5,B
2021-06-30T10:02:42,7400.0,42.5,B
2021-06-30T10:02:41,1000.0,42.5,B
2021-06-30T10:02:40,500.0,42.45,S
2021-06-30T10:02:39,1000.0,42.5,B
2021-06-30T10:02:36,2000.0,42.45,S
2021-06-30T10:02:35,700.0,42.5,B
2021-06-30T10:02:34,1300.0,42.5,B
2021-06-30T10:02:31,1500.0,42.5,B
2021-06-30T10:02:31,4800.0,42.5,B
2021-06-30T10:02:29,3000.0,42.45,S
2021-06-30T10:02:26,2000.0,42.5,B
2021-06-30T10:02:26,500.0,42.45,S
2021-06-30T10:02:25,200.0,42.45,S
2021-06-30T10:02:23,6700.0,42.5,B
2021-06-30T10:02:23,200.0,42.45,S
2021-06-30T10:02:23,8500.0,42.5,B
2021-06-30T10:02:23,100.0,42.5,B
2021-06-30T10:02:19,7500.0,42.5,B
2021-06-30T10:02:17,200.0,42.45,S
2021-06-30T10:02:15,5000.0,42.5,B
2021-06-30T10:02:13,1000.0,42.5,B
2021-06-30T10:02:09,700.0,42.45,S
2021-06-30T10:02:04,1000.0,42.45,S
2021-06-30T10:02:02,1000.0,42.45,S
2021-06-30T10:01:57,1200.0,42.5,B
2021-06-30T10:01:57,1100.0,42.5,B
2021-06-30T10:01:57,5200.0,42.5,B
2021-06-30T10:01:57,1000.0,42.5,B
2021-06-30T10:01:56,2000.0,42.45,S
2021-06-30T10:01:54,300.0,42.45,S
2021-06-30T10:01:51,1100.0,42.5,B
2021-06-30T10:01:48,100.0,42.45,S
2021-06-30T10:01:42,400.0,42.45,S
2021-06-30T10:01:37,500.0,42.45,S
2021-06-30T10:01:35,25000.0,42.4,S
2021-06-30T10:01:33,10000.0,42.5,B
2021-06-30T10:01:30,600.0,42.45,B
2021-06-30T10:01:28,1000.0,42.45,B
2021-06-30T10:01:25,900.0,42.45,B
2021-06-30T10:01:25,200.0,42.45,B
2021-06-30T10:01:23,2900.0,42.45,B
2021-06-30T10:01:20,300.0,42.4,S
2021-06-30T10:01:20,800.0,42.45,B
2021-06-30T10:01:19,7700.0,42.45,B
2021-06-30T10:01:14,200.0,42.4,S
2021-06-30T10:01:14,300.0,42.45,B
2021-06-30T10:01:14,500.0,42.45,B
2021-06-30T10:01:14,1000.0,42.45,B
2021-06-30T10:01:14,3100.0,42.45,B
2021-06-30T10:01:14,600.0,42.45,B
2021-06-30T10:01:14,300.0,42.45,B
2021-06-30T10:01:13,2600.0,42.45,B
2021-06-30T10:01:06,200.0,42.45,B
2021-06-30T10:01:06,1100.0,42.45,B
2021-06-30T10:01:06,1000.0,42.45,B
2021-06-30T10:01:06,4600.0,42.45,B
2021-06-30T10:01:01,50000.0,42.45,B
2021-06-30T10:01:00,1000.0,42.4,S
2021-06-30T10:00:57,100.0,42.4,S
2021-06-30T10:00:54,2000.0,42.4,S
2021-06-30T10:00:54,400.0,42.4,S
2021-06-30T10:00:49,7100.0,42.45,B
2021-06-30T10:00:49,100.0,42.4,S
2021-06-30T10:00:43,5000.0,42.4,S
2021-06-30T10:00:43,5000.0,42.4,S
2021-06-30T10:00:42,1000.0,42.4,S
2021-06-30T10:00:41,300.0,42.4,S
2021-06-30T10:00:41,1900.0,42.45,B
2021-06-30T10:00:41,800.0,42.45,B
2021-06-30T10:00:41,4200.0,42.45,B
2021-06-30T10:00:37,100.0,42.4,S
2021-06-30T10:00:35,2000.0,42.4,B
2021-06-30T10:00:35,1100.0,42.45,B
2021-06-30T10:00:32,1000.0,42.4,B
2021-06-30T10:00:30,500.0,42.4,B
2021-06-30T10:00:30,100.0,42.4,B
2021-06-30T10:00:25,200.0,42.4,B
2021-06-30T10:00:25,700.0,42.4,B
2021-06-30T10:00:25,600.0,42.4,B
2021-06-30T10:00:25,1000.0,42.4,B
2021-06-30T10:00:19,1500.0,42.4,B
2021-06-30T10:00:05,100.0,42.4,B
2021-06-30T10:00:02,2000.0,42.4,B
2021-06-30T10:00:01,500.0,42.4,B
2021-06-30T09:59:56,1000.0,42.4,B
2021-06-30T09:59:53,2500.0,42.4,B
2021-06-30T09:59:45,400.0,42.4,B
2021-06-30T09:59:41,500.0,42.4,B
2021-06-30T09:59:41,3100.0,42.4,B
2021-06-30T09:59:41,7400.0,42.4,B
2021-06-30T09:59:40,100.0,42.4,B
2021-06-30T09:59:37,100.0,42.4,B
2021-06-30T09:59:36,2000.0,42.35,S
2021-06-30T09:59:32,500.0,42.4,B
2021-06-30T09:59:24,4300.0,42.4,B
2021-06-30T09:59:24,300.0,42.4,B
2021-06-30T09:59:24,2400.0,42.4,B
2021-06-30T09:59:23,100.0,42.4,B
2021-06-30T09:59:23,1000.0,42.4,B
2021-06-30T09:59:19,200.0,42.4,B
2021-06-30T09:59:17,400.0,42.35,S
2021-06-30T09:59:15,500.0,42.4,B
2021-06-30T09:59:12,500.0,42.4,B
2021-06-30T09:59:06,1000.0,42.4,B
2021-06-30T09:59:06,4000.0,42.4,B
2021-06-30T09:59:05,8800.0,42.4,B
2021-06-30T09:59:05,200.0,42.4,B
2021-06-30T09:59:01,100.0,42.4,B
2021-06-30T09:58:52,7100.0,42.4,B
2021-06-30T09:58:50,9400.0,42.4,B
2021-06-30T09:58:50,300.0,42.4,B
2021-06-30T09:58:50,6300.0,42.4,B
2021-06-30T09:58:43,6600.0,42.4,B
2021-06-30T09:58:43,1000.0,42.35,S
2021-06-30T09:58:38,6900.0,42.4,B
2021-06-30T09:58:32,4300.0,42.4,B
2021-06-30T09:58:32,500.0,42.4,B
2021-06-30T09:58:32,1800.0,42.4,B
2021-06-30T09:58:29,2200.0,42.35,S
2021-06-30T09:58:27,200.0,42.4,B
2021-06-30T09:58:25,8600.0,42.4,B
2021-06-30T09:58:24,2000.0,42.35,B
2021-06-30T09:58:23,100.0,42.4,B
2021-06-30T09:58:21,1500.0,42.4,B
2021-06-30T09:58:18,200.0,42.4,B
2021-06-30T09:58:18,2800.0,42.4,B
2021-06-30T09:58:16,100.0,42.4,B
2021-06-30T09:58:15,300.0,42.35,B
2021-06-30T09:58:12,8100.0,42.4,B
2021-06-30T09:58:05,6400.0,42.4,B
2021-06-30T09:58:00,900.0,42.35,S
2021-06-30T09:57:59,100.0,42.35,S
2021-06-30T09:57:53,1000.0,42.35,S
2021-06-30T09:57:47,6000.0,42.3,S
2021-06-30T09:57:45,200.0,42.35,S
2021-06-30T09:57:44,1000.0,42.35,S
2021-06-30T09:57:44,100.0,42.35,S
2021-06-30T09:57:44,5900.0,42.35,S
2021-06-30T09:57:42,1000.0,42.35,S
2021-06-30T09:57:42,13100.0,42.35,S
2021-06-30T09:57:39,1300.0,42.35,B
2021-06-30T09:57:39,1700.0,42.35,B
2021-06-30T09:57:38,1700.0,42.35,B
2021-06-30T09:57:37,1000.0,42.3,S
2021-06-30T09:57:34,5300.0,42.35,B
2021-06-30T09:57:31,2300.0,42.35,B
2021-06-30T09:57:28,1000.0,42.35,B
2021-06-30T09:57:23,9100.0,42.35,B
2021-06-30T09:57:17,5000.0,42.35,B
2021-06-30T09:57:14,8200.0,42.35,B
2021-06-30T09:57:09,100.0,42.35,B
2021-06-30T09:57:00,1000.0,42.3,B
2021-06-30T09:56:54,500.0,42.35,B
2021-06-30T09:56:47,3000.0,42.3,B
2021-06-30T09:56:45,900.0,42.3,B
2021-06-30T09:56:45,200.0,42.3,B
2021-06-30T09:56:44,1000.0,42.3,B
2021-06-30T09:56:43,500.0,42.35,B
2021-06-30T09:56:37,5100.0,42.3,B
2021-06-30T09:56:37,2100.0,42.3,B
2021-06-30T09:56:36,2500.0,42.3,B
2021-06-30T09:56:36,200.0,42.3,B
2021-06-30T09:56:32,1000.0,42.3,B
2021-06-30T09:56:32,900.0,42.3,B
2021-06-30T09:56:31,2100.0,42.3,B
2021-06-30T09:56:30,400.0,42.3,B
2021-06-30T09:56:30,500.0,42.3,B
2021-06-30T09:56:26,100.0,42.3,B
2021-06-30T09:56:25,1900.0,42.3,B
2021-06-30T09:56:19,1900.0,42.3,B
2021-06-30T09:56:17,7900.0,42.3,B
2021-06-30T09:56:14,300.0,42.3,B
2021-06-30T09:56:12,700.0,42.3,B
2021-06-30T09:56:12,2100.0,42.3,B
2021-06-30T09:56:07,15000.0,42.3,B
2021-06-30T09:56:04,200.0,42.3,B
2021-06-30T09:56:02,3500.0,42.3,B
2021-06-30T09:56:02,3600.0,42.3,B
2021-06-30T09:56:01,500.0,42.3,B
2021-06-30T09:55:58,600.0,42.3,B
2021-06-30T09:55:58,1400.0,42.3,B
2021-06-30T09:55:58,400.0,42.3,B
2021-06-30T09:55:58,3900.0,42.3,B
2021-06-30T09:55:58,1700.0,42.3,B
2021-06-30T09:55:51,300.0,42.3,B
2021-06-30T09:55:50,6800.0,42.3,B
2021-06-30T09:55:47,200.0,42.3,B
2021-06-30T09:55:47,1000.0,42.25,S
2021-06-30T09:55:45,6700.0,42.3,B
2021-06-30T09:55:39,500.0,42.3,B
2021-06-30T09:55:39,500.0,42.3,B
2021-06-30T09:55:36,1000.0,42.25,S
2021-06-30T09:55:31,1000.0,42.25,S
2021-06-30T09:55:23,100.0,42.3,B
2021-06-30T09:55:21,500.0,42.3,B
2021-06-30T09:55:19,200.0,42.25,B
2021-06-30T09:55:17,200.0,42.25,B
2021-06-30T09:55:14,700.0,42.25,B
2021-06-30T09:55:12,4500.0,42.25,B
2021-06-30T09:55:08,200.0,42.25,B
2021-06-30T09:55:08,1400.0,42.25,B
2021-06-30T09:55:07,400.0,42.25,B
2021-06-30T09:54:55,1000.0,42.25,S
2021-06-30T09:54:54,2300.0,42.25,S
2021-06-30T09:54:52,800.0,42.25,S
2021-06-30T09:54:52,200.0,42.25,S
2021-06-30T09:54:50,100.0,42.25,S
2021-06-30T09:54:50,200.0,42.3,B
2021-06-30T09:54:44,2000.0,42.25,S
2021-06-30T09:54:44,100.0,42.3,B
2021-06-30T09:54:43,1900.0,42.25,S
2021-06-30T09:54:42,2100.0,42.3,B
2021-06-30T09:54:39,5000.0,42.25,S
2021-06-30T09:54:38,3000.0,42.3,B
2021-06-30T09:54:32,200.0,42.25,S
2021-06-30T09:54:29,1000.0,42.3,B
2021-06-30T09:54:19,500.0,42.25,S
2021-06-30T09:54:02,1000.0,42.3,B
2021-06-30T09:54:01,400.0,42.3,B
2021-06-30T09:53:53,1000.0,42.3,B
2021-06-30T09:53:50,1000.0,42.3,B
2021-06-30T09:53:34,800.0,42.3,B
2021-06-30T09:53:32,500.0,42.3,B
2021-06-30T09:53:30,9300.0,42.3,S
2021-06-30T09:53:30,2500.0,42.3,S
2021-06-30T09:53:30,300.0,42.3,S
2021-06-30T09:53:30,300.0,42.3,S
2021-06-30T09:53:30,700.0,42.3,S
2021-06-30T09:53:28,200.0,42.3,S
2021-06-30T09:53:08,100.0,42.3,S
2021-06-30T09:53:07,500.0,42.3,S
2021-06-30T09:53:06,200.0,42.35,B
2021-06-30T09:53:05,800.0,42.3,S
2021-06-30T09:53:04,500.0,42.3,S
2021-06-30T09:53:04,2000.0,42.3,S
2021-06-30T09:53:03,100.0,42.35,B
2021-06-30T09:53:00,1000.0,42.35,B
2021-06-30T09:52:51,300.0,42.35,S
2021-06-30T09:52:45,400.0,42.35,S
2021-06-30T09:52:42,300.0,42.35,S
2021-06-30T09:52:38,1400.0,42.35,S
2021-06-30T09:52:38,700.0,42.35,S
2021-06-30T09:52:38,1500.0,42.35,S
2021-06-30T09:52:37,100.0,42.35,S
2021-06-30T09:52:37,1400.0,42.35,S
2021-06-30T09:52:34,100.0,42.4,B
2021-06-30T09:52:34,20000.0,42.35,S
2021-06-30T09:52:33,300.0,42.4,B
2021-06-30T09:52:31,500.0,42.35,S
2021-06-30T09:52:28,500.0,42.35,S
2021-06-30T09:52:18,9200.0,42.4,B
2021-06-30T09:52:18,100.0,42.4,B
2021-06-30T09:52:18,6700.0,42.4,B
2021-06-30T09:52:10,7000.0,42.35,S
2021-06-30T09:52:10,1500.0,42.35,S
2021-06-30T09:52:10,100.0,42.35,S
2021-06-30T09:52:08,1400.0,42.35,S
2021-06-30T09:52:08,1200.0,42.4,B
2021-06-30T09:51:59,200.0,42.4,B
2021-06-30T09:51:54,100.0,42.35,S
2021-06-30T09:51:53,10000.0,42.4,B
2021-06-30T09:51:51,1500.0,42.4,B
2021-06-30T09:51:48,300.0,42.4,B
2021-06-30T09:51:39,1000.0,42.4,S
2021-06-30T09:51:38,300.0,42.4,S
2021-06-30T09:51:34,500.0,42.4,S
2021-06-30T09:51:32,4000.0,42.4,S
2021-06-30T09:51:32,900.0,42.4,S
2021-06-30T09:51:32,1000.0,42.4,S
2021-06-30T09:51:31,800.0,42.4,S
2021-06-30T09:51:31,3000.0,42.4,S
2021-06-30T09:51:26,100.0,42.45,B
2021-06-30T09:51:25,100.0,42.4,S
2021-06-30T09:51:24,400.0,42.45,B
2021-06-30T09:51:21,500.0,42.4,S
2021-06-30T09:51:18,1100.0,42.4,S
2021-06-30T09:51:14,1000.0,42.4,S
2021-06-30T09:51:12,300.0,42.4,S
2021-06-30T09:51:11,200.0,42.4,S
2021-06-30T09:51:08,100.0,42.45,B
2021-06-30T09:51:04,100.0,42.45,B
2021-06-30T09:51:03,500.0,42.4,S
2021-06-30T09:50:57,200.0,42.4,S
2021-06-30T09:50:56,3600.0,42.4,S
2021-06-30T09:50:56,1500.0,42.4,S
2021-06-30T09:50:56,3000.0,42.4,S
2021-06-30T09:50:56,2000.0,42.4,S
2021-06-30T09:50:49,500.0,42.45,B
2021-06-30T09:50:37,500.0,42.4,S
2021-06-30T09:50:37,10100.0,42.4,S
2021-06-30T09:50:37,1600.0,42.4,S
2021-06-30T09:50:37,3400.0,42.4,S
2021-06-30T09:50:37,2000.0,42.4,S
2021-06-30T09:50:37,2800.0,42.4,S
2021-06-30T09:50:37,9600.0,42.4,S
2021-06-30T09:50:34,100.0,42.4,S
2021-06-30T09:50:28,500.0,42.45,B
2021-06-30T09:50:26,100.0,42.4,S
2021-06-30T09:50:22,100.0,42.45,B
2021-06-30T09:50:21,400.0,42.4,S
2021-06-30T09:50:21,2500.0,42.4,S
2021-06-30T09:50:21,6000.0,42.4,S
2021-06-30T09:50:21,9300.0,42.4,S
2021-06-30T09:50:20,4200.0,42.45,B
2021-06-30T09:50:17,200.0,42.45,B
2021-06-30T09:50:15,300.0,42.45,B
2021-06-30T09:50:15,6100.0,42.45,B
2021-06-30T09:50:13,1000.0,42.4,S
2021-06-30T09:50:01,2000.0,42.4,S
2021-06-30T09:49:58,1000.0,42.45,B
2021-06-30T09:49:57,200.0,42.45,B
2021-06-30T09:49:54,100.0,42.4,S
2021-06-30T09:49:50,7900.0,42.45,B
2021-06-30T09:49:49,5000.0,42.45,B
2021-06-30T09:49:47,100.0,42.45,B
2021-06-30T09:49:46,200.0,42.45,B
2021-06-30T09:49:37,6700.0,42.45,B
2021-06-30T09:49:36,1700.0,42.45,B
2021-06-30T09:49:34,9600.0,42.45,B
2021-06-30T09:49:34,48400.0,42.45,B
2021-06-30T09:49:32,4600.0,42.45,B
2021-06-30T09:49:28,100.0,42.4,B
2021-06-30T09:49:28,1800.0,42.4,B
2021-06-30T09:49:28,18100.0,42.4,B
2021-06-30T09:49:27,1000.0,42.45,B
2021-06-30T09:49:23,200.0,42.45,B
2021-06-30T09:49:22,400.0,42.4,B
2021-06-30T09:49:21,1400.0,42.45,B
2021-06-30T09:49:19,3700.0,42.45,B
2021-06-30T09:49:16,400.0,42.4,B
2021-06-30T09:49:13,200.0,42.45,B
2021-06-30T09:49:10,1000.0,42.4,B
2021-06-30T09:49:09,500.0,42.4,B
2021-06-30T09:49:07,5000.0,42.4,B
2021-06-30T09:49:07,200.0,42.4,B
2021-06-30T09:49:03,700.0,42.4,B
2021-06-30T09:49:00,6600.0,42.45,B
2021-06-30T09:49:00,3400.0,42.4,B
2021-06-30T09:49:00,1000.0,42.4,B
2021-06-30T09:49:00,4600.0,42.4,B
2021-06-30T09:49:00,100.0,42.4,B
2021-06-30T09:48:59,300.0,42.4,B
2021-06-30T09:48:59,200.0,42.4,B
2021-06-30T09:48:59,1500.0,42.4,B
2021-06-30T09:48:59,3000.0,42.4,B
2021-06-30T09:48:59,1000.0,42.4,B
2021-06-30T09:48:57,1000.0,42.4,B
2021-06-30T09:48:57,100.0,42.4,B
2021-06-30T09:48:56,1000.0,42.4,B
2021-06-30T09:48:54,1300.0,42.4,B
2021-06-30T09:48:54,1200.0,42.4,B
2021-06-30T09:48:54,500.0,42.4,B
2021-06-30T09:48:53,6200.0,42.35,S
2021-06-30T09:48:53,2900.0,42.35,S
2021-06-30T09:48:48,1300.0,42.4,B
2021-06-30T09:48:46,500.0,42.4,B
2021-06-30T09:48:46,1900.0,42.4,B
2021-06-30T09:48:46,10000.0,42.4,B
2021-06-30T09:48:46,1100.0,42.4,B
2021-06-30T09:48:46,13000.0,42.4,B
2021-06-30T09:48:46,200.0,42.4,B
2021-06-30T09:48:45,10300.0,42.4,B
2021-06-30T09:48:45,6700.0,42.4,B
2021-06-30T09:48:45,6300.0,42.4,B
2021-06-30T09:48:43,500.0,42.4,B
2021-06-30T09:48:36,1000.0,42.4,B
2021-06-30T09:48:31,100.0,42.4,B
2021-06-30T09:48:29,5000.0,42.35,S
2021-06-30T09:48:27,100.0,42.4,B
2021-06-30T09:48:27,300.0,42.4,B
2021-06-30T09:48:23,700.0,42.4,B
2021-06-30T09:48:23,1500.0,42.4,B
2021-06-30T09:48:22,100.0,42.4,B
2021-06-30T09:48:18,1000.0,42.4,B
2021-06-30T09:48:15,500.0,42.4,B
2021-06-30T09:48:14,200.0,42.4,B
2021-06-30T09:48:13,500.0,42.4,B
2021-06-30T09:48:10,1000.0,42.4,B
2021-06-30T09:48:06,1000.0,42.4,B
2021-06-30T09:48:06,200.0,42.35,S
2021-06-30T09:48:05,800.0,42.4,B
2021-06-30T09:48:05,200.0,42.4,B
2021-06-30T09:48:00,200.0,42.4,B
2021-06-30T09:47:58,700.0,42.4,B
2021-06-30T09:47:57,5000.0,42.4,B
2021-06-30T09:47:54,7400.0,42.4,B
2021-06-30T09:47:52,9900.0,42.4,B
2021-06-30T09:47:46,6700.0,42.4,B
2021-06-30T09:47:43,1600.0,42.35,S
2021-06-30T09:47:38,15800.0,42.4,B
2021-06-30T09:47:37,100.0,42.35,S
2021-06-30T09:47:37,200.0,42.4,B
2021-06-30T09:47:36,6400.0,42.4,B
2021-06-30T09:47:32,1000.0,42.35,S
2021-06-30T09:47:32,500.0,42.4,B
2021-06-30T09:47:31,5000.0,42.4,B
2021-06-30T09:47:27,600.0,42.35,S
2021-06-30T09:47:26,7800.0,42.4,B
2021-06-30T09:47:26,100.0,42.4,B
2021-06-30T09:47:22,1000.0,42.4,B
2021-06-30T09:47:20,300.0,42.4,B
2021-06-30T09:47:16,7400.0,42.4,B
2021-06-30T09:47:09,2700.0,42.4,B
2021-06-30T09:47:08,1000.0,42.35,S
2021-06-30T09:47:07,200.0,42.35,S
2021-06-30T09:47:06,100.0,42.4,B
2021-06-30T09:47:06,5100.0,42.4,B
2021-06-30T09:47:05,1000.0,42.4,B
2021-06-30T09:47:03,10000.0,42.35,S
2021-06-30T09:47:03,3000.0,42.4,B
2021-06-30T09:46:53,200.0,42.35,B
2021-06-30T09:46:52,200.0,42.4,B
2021-06-30T09:46:51,300.0,42.4,B
2021-06-30T09:46:39,500.0,42.4,B
2021-06-30T09:46:30,200.0,42.35,B
2021-06-30T09:46:28,2100.0,42.35,B
2021-06-30T09:46:28,11300.0,42.35,B
2021-06-30T09:46:28,7800.0,42.35,B
2021-06-30T09:46:24,800.0,42.35,B
2021-06-30T09:46:21,8000.0,42.35,B
2021-06-30T09:46:19,5000.0,42.35,B
2021-06-30T09:46:19,100.0,42.35,B
2021-06-30T09:46:17,200.0,42.35,B
2021-06-30T09:46:16,200.0,42.35,B
2021-06-30T09:46:08,100.0,42.35,B
2021-06-30T09:46:07,100.0,42.35,B
2021-06-30T09:46:03,200.0,42.35,B
2021-06-30T09:46:03,400.0,42.35,B
2021-06-30T09:46:02,1000.0,42.35,B
2021-06-30T09:46:01,5400.0,42.35,B
2021-06-30T09:45:51,5200.0,42.35,B
2021-06-30T09:45:51,2700.0,42.35,B
2021-06-30T09:45:44,300.0,42.35,B
2021-06-30T09:45:43,700.0,42.35,B
2021-06-30T09:45:34,500.0,42.3,S
2021-06-30T09:45:34,8200.0,42.35,B
2021-06-30T09:45:34,100.0,42.35,B
2021-06-30T09:45:32,100.0,42.3,S
2021-06-30T09:45:31,1000.0,42.3,S
2021-06-30T09:45:26,500.0,42.3,S
2021-06-30T09:45:26,500.0,42.3,S
2021-06-30T09:45:25,7400.0,42.35,B
2021-06-30T09:45:22,100.0,42.3,S
2021-06-30T09:45:21,500.0,42.35,B
2021-06-30T09:45:19,800.0,42.3,S
2021-06-30T09:45:19,200.0,42.3,S
2021-06-30T09:45:17,6500.0,42.35,B
2021-06-30T09:45:06,100.0,42.3,S
2021-06-30T09:45:05,7500.0,42.35,B
2021-06-30T09:45:03,13800.0,42.35,B
2021-06-30T09:45:02,100.0,42.3,S
2021-06-30T09:44:59,500.0,42.35,B
2021-06-30T09:44:57,100.0,42.3,S
2021-06-30T09:44:47,300.0,42.3,S
2021-06-30T09:44:36,1000.0,42.35,B
2021-06-30T09:44:35,2000.0,42.35,B
2021-06-30T09:44:33,100.0,42.35,B
2021-06-30T09:44:29,100.0,42.3,S
2021-06-30T09:44:25,200.0,42.3,S
2021-06-30T09:44:21,12100.0,42.35,B
2021-06-30T09:44:20,9300.0,42.3,B
2021-06-30T09:44:12,200.0,42.25,B
2021-06-30T09:44:07,400.0,42.25,B
2021-06-30T09:44:06,500.0,42.3,B
2021-06-30T09:44:03,1100.0,42.3,B
2021-06-30T09:43:59,10000.0,42.3,B
2021-06-30T09:43:59,2000.0,42.3,B
2021-06-30T09:43:59,600.0,42.3,B
2021-06-30T09:43:59,300.0,42.3,B
2021-06-30T09:43:58,1500.0,42.3,B
2021-06-30T09:43:57,100.0,42.3,B
2021-06-30T09:43:57,5000.0,42.2,S
2021-06-30T09:43:52,3000.0,42.3,B
2021-06-30T09:43:52,100.0,42.3,B
2021-06-30T09:43:52,3000.0,42.3,B
2021-06-30T09:43:49,500.0,42.3,B
2021-06-30T09:43:48,2000.0,42.3,B
2021-06-30T09:43:48,5000.0,42.3,B
2021-06-30T09:43:48,300.0,42.3,B
2021-06-30T09:43:48,900.0,42.3,B
2021-06-30T09:43:46,200.0,42.3,B
2021-06-30T09:43:45,5000.0,42.3,B
2021-06-30T09:43:45,1500.0,42.3,B
2021-06-30T09:43:40,3500.0,42.3,B
2021-06-30T09:43:40,500.0,42.3,B
2021-06-30T09:43:40,1000.0,42.3,B
2021-06-30T09:43:39,1400.0,42.3,B
2021-06-30T09:43:39,500.0,42.3,B
2021-06-30T09:43:39,2000.0,42.3,B
2021-06-30T09:43:38,3000.0,42.3,B
2021-06-30T09:43:36,100.0,42.3,B
2021-06-30T09:43:36,6900.0,42.3,B
2021-06-30T09:43:36,100.0,42.3,B
2021-06-30T09:43:36,500.0,42.3,B
2021-06-30T09:43:34,4000.0,42.3,B
2021-06-30T09:43:34,200.0,42.3,B
2021-06-30T09:43:31,100.0,42.3,B
2021-06-30T09:43:22,4800.0,42.3,B
2021-06-30T09:43:16,2500.0,42.3,B
2021-06-30T09:43:15,1300.0,42.3,B
2021-06-30T09:43:14,100.0,42.3,B
2021-06-30T09:43:12,7700.0,42.3,B
2021-06-30T09:43:10,300.0,42.3,B
2021-06-30T09:43:08,300.0,42.2,S
2021-06-30T09:43:08,1000.0,42.3,B
2021-06-30T09:43:08,3000.0,42.3,B
2021-06-30T09:43:06,200.0,42.25,S
2021-06-30T09:43:06,3000.0,42.3,B
2021-06-30T09:43:05,2000.0,42.3,B
2021-06-30T09:43:04,1000.0,42.3,B
2021-06-30T09:43:03,300.0,42.3,B
2021-06-30T09:42:56,7500.0,42.3,B
2021-06-30T09:42:55,8000.0,42.3,B
2021-06-30T09:42:54,2000.0,42.3,B
2021-06-30T09:42:52,30600.0,42.3,B
2021-06-30T09:42:50,100.0,42.3,B
2021-06-30T09:42:49,200.0,42.3,B
2021-06-30T09:42:44,1000.0,42.3,B
2021-06-30T09:42:40,10000.0,42.3,B
2021-06-30T09:42:29,2000.0,42.3,B
2021-06-30T09:42:23,3000.0,42.3,B
2021-06-30T09:42:23,10000.0,42.2,B
2021-06-30T09:42:22,200.0,42.2,B
2021-06-30T09:42:21,100.0,42.2,B
2021-06-30T09:42:18,200.0,42.2,B
2021-06-30T09:42:16,700.0,42.2,B
2021-06-30T09:42:16,100.0,42.2,B
2021-06-30T09:42:14,300.0,42.2,B
2021-06-30T09:42:14,200.0,42.2,B
2021-06-30T09:42:12,1500.0,42.2,B
2021-06-30T09:42:09,2000.0,42.2,B
2021-06-30T09:42:08,300.0,42.2,B
2021-06-30T09:42:06,1000.0,42.2,B
2021-06-30T09:42:01,5700.0,42.2,B
2021-06-30T09:41:56,2400.0,42.2,B
2021-06-30T09:41:56,300.0,42.2,B
2021-06-30T09:41:56,1000.0,42.15,B
2021-06-30T09:41:55,200.0,42.2,B
2021-06-30T09:41:53,4000.0,42.2,B
2021-06-30T09:41:51,600.0,42.2,B
2021-06-30T09:41:45,1000.0,42.15,B
2021-06-30T09:41:43,100.0,42.2,B
2021-06-30T09:41:41,11000.0,42.2,B
2021-06-30T09:41:41,9000.0,42.2,B
2021-06-30T09:41:30,200.0,42.15,B
2021-06-30T09:41:28,100.0,42.15,B
2021-06-30T09:41:28,100.0,42.15,B
2021-06-30T09:41:28,3500.0,42.15,B
2021-06-30T09:41:28,4000.0,42.15,B
2021-06-30T09:41:26,200.0,42.15,B
2021-06-30T09:41:22,1700.0,42.15,B
2021-06-30T09:41:22,100.0,42.15,B
2021-06-30T09:41:20,10000.0,42.1,S
2021-06-30T09:41:18,3000.0,42.15,B
2021-06-30T09:41:17,2000.0,42.15,B
2021-06-30T09:41:16,7100.0,42.15,B
2021-06-30T09:41:11,7400.0,42.15,B
2021-06-30T09:41:05,300.0,42.15,B
2021-06-30T09:41:03,1000.0,42.15,B
2021-06-30T09:40:56,500.0,42.15,B
2021-06-30T09:40:39,500.0,42.1,B
2021-06-30T09:40:38,2000.0,42.15,B
2021-06-30T09:40:38,3500.0,42.15,B
2021-06-30T09:40:38,1100.0,42.1,B
2021-06-30T09:40:34,17500.0,42.1,B
2021-06-30T09:40:29,1000.0,42.1,B
2021-06-30T09:40:26,2500.0,42.1,B
2021-06-30T09:40:26,1700.0,42.1,B
2021-06-30T09:40:25,600.0,42.05,S
2021-06-30T09:40:23,100.0,42.1,B
2021-06-30T09:40:19,3500.0,42.1,B
2021-06-30T09:40:19,1000.0,42.1,B
2021-06-30T09:40:16,1000.0,42.1,B
2021-06-30T09:40:15,1000.0,42.1,B
2021-06-30T09:40:14,1800.0,42.1,B
2021-06-30T09:40:14,5500.0,42.1,B
2021-06-30T09:40:14,1300.0,42.1,B
2021-06-30T09:40:13,1000.0,42.1,B
2021-06-30T09:40:10,700.0,42.05,S
2021-06-30T09:40:10,1000.0,42.1,B
2021-06-30T09:40:08,2000.0,42.1,B
2021-06-30T09:40:03,600.0,42.1,B
2021-06-30T09:40:01,1000.0,42.1,B
2021-06-30T09:40:01,500.0,42.1,B
2021-06-30T09:40:01,9000.0,42.1,B
2021-06-30T09:40:00,10900.0,42.0,S
2021-06-30T09:39:58,10000.0,42.0,S
2021-06-30T09:39:51,1000.0,42.0,S
2021-06-30T09:39:49,3000.0,42.05,S
2021-06-30T09:39:49,200.0,42.05,S
2021-06-30T09:39:47,100.0,42.05,S
2021-06-30T09:39:46,7900.0,42.05,S
2021-06-30T09:39:46,300.0,42.05,S
2021-06-30T09:39:38,200.0,42.05,S
2021-06-30T09:39:34,10300.0,42.05,S
2021-06-30T09:39:32,2400.0,42.1,B
2021-06-30T09:39:30,200.0,42.05,B
2021-06-30T09:39:24,100.0,42.1,B
2021-06-30T09:39:24,300.0,42.1,B
2021-06-30T09:39:21,2000.0,42.1,B
2021-06-30T09:39:02,800.0,42.0,S
2021-06-30T09:39:02,6400.0,42.0,S
2021-06-30T09:38:54,5400.0,42.0,B
2021-06-30T09:38:53,2000.0,42.0,B
2021-06-30T09:38:50,1000.0,42.0,B
2021-06-30T09:38:50,1600.0,42.0,B
2021-06-30T09:38:50,300.0,42.0,B
2021-06-30T09:38:50,2000.0,42.0,B
2021-06-30T09:38:49,16100.0,42.0,B
2021-06-30T09:38:49,7200.0,42.0,B
2021-06-30T09:38:48,3700.0,42.0,B
2021-06-30T09:38:48,200.0,42.0,B
2021-06-30T09:38:48,700.0,42.0,B
2021-06-30T09:38:47,7400.0,42.0,B
2021-06-30T09:38:46,1000.0,42.0,B
2021-06-30T09:38:46,900.0,42.0,B
2021-06-30T09:38:45,3500.0,42.0,B
2021-06-30T09:38:45,1200.0,42.0,B
2021-06-30T09:38:44,7400.0,42.0,B
2021-06-30T09:38:41,1500.0,42.0,B
2021-06-30T09:38:40,800.0,42.0,B
2021-06-30T09:38:40,400.0,42.0,B
2021-06-30T09:38:38,5000.0,42.0,B
2021-06-30T09:38:38,5200.0,42.0,B
2021-06-30T09:38:34,10000.0,42.0,B
2021-06-30T09:38:34,500.0,42.0,B
2021-06-30T09:38:33,2200.0,42.0,B
2021-06-30T09:38:31,300.0,42.0,B
2021-06-30T09:38:31,9000.0,42.0,B
2021-06-30T09:38:28,70100.0,42.0,B
2021-06-30T09:38:28,2800.0,42.0,B
2021-06-30T09:38:28,16000.0,42.0,B
2021-06-30T09:38:28,8100.0,42.0,B
2021-06-30T09:38:28,100.0,42.0,B
2021-06-30T09:38:28,6300.0,42.0,B
2021-06-30T09:38:28,72500.0,42.0,B
2021-06-30T09:38:28,100.0,41.95,S
2021-06-30T09:38:27,3500.0,42.0,B
2021-06-30T09:38:26,100.0,42.0,B
2021-06-30T09:38:26,2000.0,42.0,B
2021-06-30T09:38:26,500.0,42.0,B
2021-06-30T09:38:21,5500.0,42.0,B
2021-06-30T09:38:19,200.0,42.0,B
2021-06-30T09:38:19,7400.0,42.0,B
2021-06-30T09:38:18,500.0,42.0,B
2021-06-30T09:38:18,65400.0,42.0,B
2021-06-30T09:38:18,100.0,42.0,B
2021-06-30T09:38:18,134500.0,42.0,B
2021-06-30T09:38:17,1000.0,42.0,B
2021-06-30T09:38:16,100.0,42.0,B
2021-06-30T09:38:14,2200.0,42.0,B
2021-06-30T09:38:12,200.0,42.0,B
2021-06-30T09:38:08,5000.0,42.0,B
2021-06-30T09:38:07,200.0,42.0,B
2021-06-30T09:38:06,100.0,42.0,B
2021-06-30T09:38:04,8200.0,42.0,B
2021-06-30T09:38:02,100.0,42.0,B
2021-06-30T09:38:01,5800.0,42.0,B
2021-06-30T09:38:01,3500.0,42.0,B
2021-06-30T09:37:56,3400.0,42.0,B
2021-06-30T09:37:54,1000.0,42.0,B
2021-06-30T09:37:53,30000.0,42.0,B
2021-06-30T09:37:50,1000.0,42.0,B
2021-06-30T09:37:49,200.0,42.0,B
2021-06-30T09:37:49,2500.0,41.95,S
2021-06-30T09:37:44,500.0,42.0,B
2021-06-30T09:37:43,3000.0,42.0,B
2021-06-30T09:37:38,1000.0,42.0,B
2021-06-30T09:37:35,12300.0,42.0,B
2021-06-30T09:37:17,15100.0,42.0,B
2021-06-30T09:37:16,200.0,41.95,S
2021-06-30T09:37:12,1000.0,41.95,S
2021-06-30T09:37:07,7700.0,42.0,B
2021-06-30T09:36:56,700.0,41.95,S
2021-06-30T09:36:56,5800.0,42.0,B
2021-06-30T09:36:56,200.0,42.0,B
2021-06-30T09:36:48,100.0,42.0,B
2021-06-30T09:36:46,6800.0,42.0,B
2021-06-30T09:36:45,300.0,42.0,B
2021-06-30T09:36:28,7500.0,42.0,B
2021-06-30T09:36:25,5000.0,42.0,B
2021-06-30T09:36:24,200.0,41.95,S
2021-06-30T09:36:21,200.0,41.95,S
2021-06-30T09:36:17,5300.0,42.0,B
2021-06-30T09:35:57,1000.0,41.95,S
2021-06-30T09:35:57,1600.0,41.95,S
2021-06-30T09:35:49,300.0,41.95,S
2021-06-30T09:35:40,1000.0,41.95,S
2021-06-30T09:35:29,100.0,41.95,B
2021-06-30T09:35:28,1000.0,42.0,B
2021-06-30T09:35:25,1000.0,41.95,B
2021-06-30T09:35:25,7600.0,41.95,B
2021-06-30T09:35:21,10000.0,41.95,B
2021-06-30T09:35:20,200.0,41.9,S
2021-06-30T09:35:07,2400.0,41.95,B
2021-06-30T09:35:07,1000.0,41.95,B
2021-06-30T09:35:07,6600.0,41.95,B
2021-06-30T09:35:06,200.0,41.9,S
2021-06-30T09:35:04,400.0,41.9,S
2021-06-30T09:35:04,1200.0,41.9,S
2021-06-30T09:34:55,6000.0,41.9,B
2021-06-30T09:34:53,200.0,41.9,B
2021-06-30T09:34:52,700.0,41.95,B
2021-06-30T09:34:51,300.0,41.95,B
2021-06-30T09:34:44,1400.0,41.9,B
2021-06-30T09:34:44,2700.0,41.9,B
2021-06-30T09:34:42,200.0,41.9,B
2021-06-30T09:34:38,600.0,41.9,B
2021-06-30T09:34:38,200.0,41.9,B
2021-06-30T09:34:38,9200.0,41.9,B
2021-06-30T09:34:34,5600.0,41.9,B
2021-06-30T09:34:34,14400.0,41.9,B
2021-06-30T09:34:30,2000.0,41.9,B
2021-06-30T09:34:29,1000.0,41.9,B
2021-06-30T09:34:27,200.0,41.9,B
2021-06-30T09:34:25,5000.0,41.9,B
2021-06-30T09:34:19,3100.0,41.85,S
2021-06-30T09:34:12,5000.0,41.9,B
2021-06-30T09:34:12,100.0,41.9,B
2021-06-30T09:34:11,2000.0,41.9,B
2021-06-30T09:34:01,200.0,41.85,S
2021-06-30T09:34:01,1000.0,41.85,S
2021-06-30T09:33:55,100.0,41.9,B
2021-06-30T09:33:55,100.0,41.85,S
2021-06-30T09:33:55,6000.0,41.85,S
2021-06-30T09:33:53,500.0,41.85,S
2021-06-30T09:33:50,200.0,41.85,S
2021-06-30T09:33:26,200.0,41.9,B
2021-06-30T09:33:26,5000.0,41.85,S
2021-06-30T09:33:25,100.0,41.85,S
2021-06-30T09:33:16,200.0,41.85,S
2021-06-30T09:33:16,400.0,41.85,S
2021-06-30T09:33:12,2600.0,41.9,B
2021-06-30T09:33:08,100.0,41.9,B
2021-06-30T09:33:08,1000.0,41.85,S
2021-06-30T09:32:57,5000.0,41.85,S
2021-06-30T09:32:57,100.0,41.85,S
2021-06-30T09:32:57,200.0,41.85,S
2021-06-30T09:32:57,9600.0,41.85,S
2021-06-30T09:32:54,100.0,41.9,B
2021-06-30T09:32:54,300.0,41.9,B
2021-06-30T09:32:52,100.0,41.9,B
2021-06-30T09:32:47,100.0,41.9,B
2021-06-30T09:32:43,1500.0,41.85,S
2021-06-30T09:32:39,500.0,41.9,B
2021-06-30T09:32:36,5000.0,41.85,S
2021-06-30T09:32:35,500.0,41.9,B
2021-06-30T09:32:32,100.0,41.9,B
2021-06-30T09:32:27,600.0,41.9,B
2021-06-30T09:32:24,100.0,41.9,B
2021-06-30T09:32:22,500.0,41.85,S
2021-06-30T09:32:22,300.0,41.9,B
2021-06-30T09:32:19,500.0,41.9,B
2021-06-30T09:32:18,200.0,41.9,B
2021-06-30T09:32:17,200.0,41.9,B
2021-06-30T09:32:15,4000.0,41.9,B
2021-06-30T09:32:13,1000.0,41.9,B
2021-06-30T09:32:04,2100.0,41.9,B
2021-06-30T09:32:03,1200.0,41.9,B
2021-06-30T09:32:00,200.0,41.9,B
2021-06-30T09:32:00,300.0,41.9,B
2021-06-30T09:31:56,500.0,41.9,B
2021-06-30T09:31:56,1000.0,41.9,B
2021-06-30T09:31:55,2500.0,41.9,S
2021-06-30T09:31:54,100.0,41.9,S
2021-06-30T09:31:53,400.0,41.9,S
2021-06-30T09:31:53,100.0,41.9,S
2021-06-30T09:31:49,400.0,41.9,S
2021-06-30T09:31:46,100.0,41.9,S
2021-06-30T09:31:45,500.0,41.9,S
2021-06-30T09:31:45,200.0,41.9,S
2021-06-30T09:31:43,2000.0,41.9,S
2021-06-30T09:31:43,300.0,41.9,S
2021-06-30T09:31:41,100.0,41.9,S
2021-06-30T09:31:39,1000.0,41.9,S
2021-06-30T09:31:39,700.0,41.9,S
2021-06-30T09:31:34,1000.0,41.9,S
2021-06-30T09:31:33,200.0,41.9,S
2021-06-30T09:31:33,2500.0,41.9,S
2021-06-30T09:31:31,17200.0,41.9,S
2021-06-30T09:31:31,2000.0,41.9,S
2021-06-30T09:31:31,500.0,41.9,S
2021-06-30T09:31:30,7500.0,41.9,S
2021-06-30T09:31:25,10000.0,41.95,B
2021-06-30T09:31:20,5000.0,41.9,S
2021-06-30T09:31:15,2000.0,41.9,S
2021-06-30T09:31:13,500.0,41.95,B
2021-06-30T09:31:11,1000.0,41.9,S
2021-06-30T09:31:10,700.0,41.9,S
2021-06-30T09:31:10,200.0,41.9,S
2021-06-30T09:31:10,1200.0,41.9,S
2021-06-30T09:31:10,1900.0,41.9,S
2021-06-30T09:31:04,2000.0,41.9,S
2021-06-30T09:30:56,8400.0,41.9,S
2021-06-30T09:30:56,200.0,41.9,S
2021-06-30T09:30:56,7600.0,41.9,S
2021-06-30T09:30:49,500.0,41.95,B
2021-06-30T09:30:39,900.0,41.95,B
2021-06-30T09:30:38,1000.0,41.9,S
2021-06-30T09:30:34,100.0,41.95,B
2021-06-30T09:30:25,1000.0,41.95,B
2021-06-30T09:30:23,1500.0,41.9,S
2021-06-30T09:30:19,500.0,41.95,B
2021-06-30T09:30:14,100.0,41.95,B
2021-06-30T09:30:14,8700.0,41.9,S
2021-06-30T09:30:11,1000.0,41.95,B
2021-06-30T09:30:11,100.0,41.9,S
2021-06-30T09:29:59,100.0,41.95,B
2021-06-30T09:29:56,1000.0,41.9,S
2021-06-30T09:29:55,100.0,41.95,B
2021-06-30T09:29:54,100.0,41.95,B
2021-06-30T09:29:44,1000.0,41.9,S
2021-06-30T09:29:39,1000.0,41.9,S
2021-06-30T09:29:39,500.0,41.95,B
2021-06-30T09:29:35,5000.0,41.9,S
2021-06-30T09:29:32,1000.0,41.9,S
2021-06-30T09:29:26,300.0,41.95,B
2021-06-30T09:29:19,100.0,41.95,B
2021-06-30T09:29:17,100.0,41.95,B
2021-06-30T09:29:16,500.0,41.95,B
2021-06-30T09:29:06,1000.0,41.9,S
2021-06-30T09:28:56,500.0,41.95,B
2021-06-30T09:28:49,500.0,41.95,B
2021-06-30T09:28:48,100.0,41.9,S
2021-06-30T09:28:47,1000.0,41.9,S
2021-06-30T09:28:47,200.0,41.95,B
2021-06-30T09:28:38,100.0,41.95,B
2021-06-30T09:28:28,6200.0,41.95,B
2021-06-30T09:28:28,300.0,41.95,B
2021-06-30T09:28:20,300.0,42.0,B
2021-06-30T09:28:20,1000.0,42.0,B
2021-06-30T09:28:20,2400.0,42.0,B
2021-06-30T09:28:20,500.0,42.0,B
2021-06-30T09:28:19,5800.0,42.0,B
2021-06-30T09:28:17,100.0,41.95,B
2021-06-30T09:28:11,800.0,41.95,S
2021-06-30T09:28:06,1400.0,41.95,S
2021-06-30T09:28:03,2100.0,41.95,S
2021-06-30T09:27:59,2000.0,41.95,S
2021-06-30T09:27:57,1400.0,41.95,S
2021-06-30T09:27:54,100.0,41.95,S
2021-06-30T09:27:50,900.0,42.0,B
2021-06-30T09:27:47,3000.0,41.9,S
2021-06-30T09:27:46,22000.0,41.9,S
2021-06-30T09:27:41,300.0,41.95,S
2021-06-30T09:27:41,200.0,41.95,S
2021-06-30T09:27:41,2500.0,41.95,S
2021-06-30T09:27:37,5000.0,42.0,B
2021-06-30T09:27:29,300.0,42.0,B
2021-06-30T09:27:29,2800.0,42.0,B
2021-06-30T09:27:29,66900.0,42.0,B
2021-06-30T09:27:21,500.0,41.95,S
2021-06-30T09:27:19,200.0,41.95,S
2021-06-30T09:27:11,700.0,41.95,S
2021-06-30T09:27:10,100.0,41.95,S
2021-06-30T09:27:08,1500.0,41.95,S
2021-06-30T09:27:02,3000.0,42.0,B
2021-06-30T09:27:01,100.0,41.95,S
2021-06-30T09:26:59,1000.0,41.95,S
2021-06-30T09:26:57,10000.0,42.0,B
2021-06-30T09:26:46,4800.0,41.95,S
2021-06-30T09:26:46,2000.0,41.95,S
2021-06-30T09:26:38,700.0,41.95,S
2021-06-30T09:26:32,200.0,41.95,S
2021-06-30T09:26:27,3300.0,42.0,B
2021-06-30T09:26:24,1000.0,41.95,S
2021-06-30T09:26:04,900.0,41.95,S
2021-06-30T09:26:03,10100.0,41.95,S
2021-06-30T09:26:03,100.0,42.0,B
2021-06-30T09:25:59,200.0,42.0,B
2021-06-30T09:25:57,500.0,42.0,B
2021-06-30T09:25:47,300.0,42.0,B
2021-06-30T09:25:45,500.0,42.0,B
2021-06-30T09:25:35,1000.0,42.0,B
2021-06-30T09:25:33,200.0,41.9,S
2021-06-30T09:25:33,49800.0,41.9,S
2021-06-30T09:25:31,500.0,42.0,B
2021-06-30T09:25:30,2700.0,41.95,S
2021-06-30T09:25:24,1000.0,41.95,S
2021-06-30T09:25:20,2200.0,41.95,B
2021-06-30T09:25:18,12000.0,41.95,B
2021-06-30T09:25:18,1000.0,41.95,B
2021-06-30T09:25:05,1000.0,41.9,S
2021-06-30T09:25:04,1500.0,41.95,B
2021-06-30T09:24:52,500.0,41.9,S
2021-06-30T09:24:49,100.0,41.9,S
2021-06-30T09:24:40,100.0,41.9,B
2021-06-30T09:24:28,1000.0,41.9,B
2021-06-30T09:24:28,200.0,41.9,B
2021-06-30T09:24:28,200.0,41.9,B
2021-06-30T09:24:28,2800.0,41.9,B
2021-06-30T09:24:28,4000.0,41.9,B
2021-06-30T09:24:27,2000.0,41.9,B
2021-06-30T09:24:27,4100.0,41.9,B
2021-06-30T09:24:26,1100.0,41.85,S
2021-06-30T09:24:16,100.0,41.85,S
2021-06-30T09:24:07,500.0,41.85,S
2021-06-30T09:24:07,1000.0,41.85,S
2021-06-30T09:24:02,900.0,41.85,B
2021-06-30T09:23:59,100.0,41.85,B
2021-06-30T09:23:55,6800.0,41.85,B
2021-06-30T09:23:46,1100.0,41.85,B
2021-06-30T09:23:46,1000.0,41.85,B
2021-06-30T09:23:42,500.0,41.85,B
2021-06-30T09:23:37,500.0,41.85,B
2021-06-30T09:23:30,100.0,41.85,B
2021-06-30T09:23:28,2000.0,41.85,B
2021-06-30T09:23:26,300.0,41.85,B
2021-06-30T09:23:24,100.0,41.8,S
2021-06-30T09:23:24,100.0,41.85,B
2021-06-30T09:23:10,200.0,41.85,B
2021-06-30T09:23:10,4000.0,41.85,B
2021-06-30T09:22:51,500.0,41.8,B
2021-06-30T09:22:51,500.0,41.85,B
2021-06-30T09:22:48,200.0,41.8,B
2021-06-30T09:22:48,300.0,41.8,B
2021-06-30T09:22:43,2700.0,41.8,B
2021-06-30T09:22:39,3000.0,41.85,B
2021-06-30T09:22:28,2000.0,41.8,B
2021-06-30T09:22:24,600.0,41.8,B
2021-06-30T09:22:14,2500.0,41.75,S
2021-06-30T09:22:08,1900.0,41.8,B
2021-06-30T09:22:04,100.0,41.8,B
2021-06-30T09:21:59,1900.0,41.8,B
2021-06-30T09:21:58,200.0,41.8,B
2021-06-30T09:21:57,400.0,41.8,B
2021-06-30T09:21:56,200.0,41.8,B
2021-06-30T09:21:54,1100.0,41.8,B
2021-06-30T09:21:44,300.0,41.8,B
2021-06-30T09:21:42,200.0,41.8,B
2021-06-30T09:21:39,500.0,41.7,S
2021-06-30T09:21:39,2000.0,41.7,S
2021-06-30T09:21:39,200.0,41.7,S
2021-06-30T09:21:39,500.0,41.7,S
2021-06-30T09:21:39,600.0,41.7,S
2021-06-30T09:21:39,700.0,41.7,S
2021-06-30T09:21:39,5700.0,41.7,S
2021-06-30T09:21:34,100.0,41.85,B
2021-06-30T09:21:30,100.0,41.85,B
2021-06-30T09:21:27,300.0,41.8,B
2021-06-30T09:21:22,100.0,41.85,B
2021-06-30T09:21:22,1200.0,41.75,S
2021-06-30T09:21:22,2800.0,41.8,S
2021-06-30T09:21:16,500.0,41.8,S
2021-06-30T09:21:14,600.0,41.8,S
2021-06-30T09:21:12,200.0,41.8,S
2021-06-30T09:21:05,1000.0,41.8,S
2021-06-30T09:21:04,6100.0,41.8,S
2021-06-30T09:21:04,100.0,41.8,S
2021-06-30T09:21:02,2000.0,41.8,S
2021-06-30T09:21:01,300.0,41.8,S
2021-06-30T09:21:01,5500.0,41.8,S
2021-06-30T09:20:56,600.0,41.8,S
2021-06-30T09:20:54,4800.0,41.8,S
2021-06-30T09:20:53,900.0,41.85,B
2021-06-30T09:20:44,100.0,41.8,S
2021-06-30T09:20:39,1000.0,41.8,S
2021-06-30T09:20:33,100.0,41.8,S
2021-06-30T09:20:29,500.0,41.8,S
2021-06-30T09:20:25,500.0,41.85,B
2021-06-30T09:20:25,1800.0,41.8,S
2021-06-30T09:20:19,200.0,41.8,S
2021-06-30T09:20:19,1400.0,41.8,S
2021-06-30T09:20:15,400.0,41.8,S
2021-06-30T09:20:14,2000.0,41.8,S
2021-06-30T09:20:14,100.0,41.85,B
2021-06-30T09:20:14,500.0,41.8,S
2021-06-30T09:20:11,2000.0,41.85,B
2021-06-30T09:19:57,10000.0,41.8,S
2021-06-30T09:19:49,500.0,41.85,S
2021-06-30T09:19:47,200.0,41.85,S
2021-06-30T09:19:37,100.0,41.85,S
2021-06-30T09:19:37,1000.0,41.85,S
2021-06-30T09:19:26,100.0,41.85,S
2021-06-30T09:19:26,300.0,41.85,S
2021-06-30T09:19:21,400.0,41.8,S
2021-06-30T09:19:20,100.0,41.8,S
2021-06-30T09:19:19,1000.0,41.8,S
2021-06-30T09:19:19,6100.0,41.8,S
2021-06-30T09:19:19,2300.0,41.8,S
2021-06-30T09:19:19,500.0,41.8,S
2021-06-30T09:19:19,19600.0,41.8,S
2021-06-30T09:19:05,1000.0,41.9,B
2021-06-30T09:19:03,500.0,41.9,B
2021-06-30T09:18:42,500.0,41.8,S
2021-06-30T09:18:42,500.0,41.8,S
2021-06-30T09:18:35,900.0,41.9,S
2021-06-30T09:18:34,500.0,41.95,B
2021-06-30T09:18:31,100.0,41.9,S
2021-06-30T09:18:26,300.0,41.9,S
2021-06-30T09:18:26,7700.0,41.9,S
2021-06-30T09:18:25,700.0,41.9,S
2021-06-30T09:18:24,1000.0,41.9,S
2021-06-30T09:18:08,1500.0,41.9,S
2021-06-30T09:18:05,200.0,41.95,B
2021-06-30T09:17:45,100.0,41.95,B
2021-06-30T09:17:39,100.0,41.95,B
2021-06-30T09:17:30,65100.0,41.95,S
2021-06-30T09:17:30,1000.0,41.95,S
2021-06-30T09:17:26,400.0,42.0,B
2021-06-30T09:17:23,1000.0,42.0,B
2021-06-30T09:17:15,100.0,41.95,S
2021-06-30T09:16:52,100.0,42.0,B
2021-06-30T09:16:51,500.0,42.0,B
2021-06-30T09:16:50,2000.0,42.0,B
2021-06-30T09:16:44,2500.0,42.0,B
2021-06-30T09:16:42,1000.0,42.0,B
2021-06-30T09:16:34,100.0,42.0,B
2021-06-30T09:16:22,500.0,42.0,B
2021-06-30T09:16:16,100.0,42.0,S
2021-06-30T09:16:14,100.0,42.0,S
2021-06-30T09:16:13,2000.0,42.0,S
2021-06-30T09:16:12,500.0,42.0,S
2021-06-30T09:16:12,1000.0,42.0,S
2021-06-30T09:16:10,3000.0,42.0,S
2021-06-30T09:16:08,1500.0,42.0,S
2021-06-30T09:16:04,2000.0,42.0,S
2021-06-30T09:16:03,800.0,42.0,S
2021-06-30T09:15:54,1000.0,42.0,S
2021-06-30T09:15:51,6000.0,42.0,S
2021-06-30T09:15:51,400.0,42.05,B
2021-06-30T09:15:40,5000.0,42.0,S
2021-06-30T09:15:39,100.0,42.0,B
2021-06-30T09:15:37,100.0,42.05,B
