tradingTime,volume,price,side
2021-06-30T13:20:21,500.0,7.39,B
2021-06-30T13:20:13,100.0,7.39,S
2021-06-30T13:20:11,300.0,7.39,S
2021-06-30T13:20:08,1500.0,7.4,B
2021-06-30T13:19:50,100.0,7.39,S
2021-06-30T13:19:46,1400.0,7.39,S
2021-06-30T13:19:44,3900.0,7.4,B
2021-06-30T13:19:29,5000.0,7.4,B
2021-06-30T13:19:19,200.0,7.4,B
2021-06-30T13:19:12,3000.0,7.4,B
2021-06-30T13:19:12,2000.0,7.39,S
2021-06-30T13:19:09,100.0,7.39,S
2021-06-30T13:19:01,1000.0,7.39,S
2021-06-30T13:18:41,800.0,7.39,B
2021-06-30T13:18:37,200.0,7.38,B
2021-06-30T13:18:18,5000.0,7.38,B
2021-06-30T13:18:09,200.0,7.38,B
2021-06-30T13:18:00,200.0,7.38,B
2021-06-30T13:17:44,100.0,7.36,S
2021-06-30T13:17:37,2000.0,7.38,B
2021-06-30T13:17:33,1000.0,7.38,B
2021-06-30T13:17:18,1500.0,7.38,B
2021-06-30T13:17:17,4700.0,7.36,S
2021-06-30T13:17:16,5300.0,7.36,S
2021-06-30T13:17:11,1000.0,7.38,B
2021-06-30T13:17:10,5000.0,7.38,B
2021-06-30T13:17:09,1500.0,7.38,B
2021-06-30T13:16:56,4000.0,7.38,B
2021-06-30T13:16:50,200.0,7.38,B
2021-06-30T13:16:46,100.0,7.38,S
2021-06-30T13:16:38,200.0,7.38,S
2021-06-30T13:16:36,5000.0,7.37,S
2021-06-30T13:16:34,3000.0,7.37,S
2021-06-30T13:16:31,100.0,7.38,S
2021-06-30T13:16:25,1000.0,7.38,S
2021-06-30T13:16:20,4100.0,7.38,S
2021-06-30T13:16:18,3900.0,7.38,S
2021-06-30T13:16:18,2000.0,7.39,B
2021-06-30T13:16:17,3000.0,7.39,B
2021-06-30T13:16:16,6000.0,7.39,B
2021-06-30T13:16:08,100.0,7.38,S
2021-06-30T13:16:06,700.0,7.39,B
2021-06-30T13:16:05,2000.0,7.38,S
2021-06-30T13:15:57,400.0,7.39,B
2021-06-30T13:15:56,3100.0,7.39,B
2021-06-30T13:15:47,5000.0,7.38,S
2021-06-30T13:15:43,100.0,7.38,S
2021-06-30T13:15:43,100.0,7.38,S
2021-06-30T13:15:41,1000.0,7.39,B
2021-06-30T13:15:40,500.0,7.38,S
2021-06-30T13:15:35,10000.0,7.38,S
2021-06-30T13:15:31,5000.0,7.39,B
2021-06-30T13:15:30,3700.0,7.38,S
2021-06-30T13:15:19,100.0,7.38,S
2021-06-30T13:15:10,200.0,7.38,S
2021-06-30T13:15:00,400.0,7.39,B
2021-06-30T13:14:54,700.0,7.39,S
2021-06-30T13:14:53,100.0,7.38,S
2021-06-30T13:14:47,11100.0,7.39,S
2021-06-30T13:14:43,1000.0,7.4,B
2021-06-30T13:14:43,1000.0,7.4,B
2021-06-30T13:14:36,6000.0,7.4,B
2021-06-30T13:14:36,4000.0,7.4,B
2021-06-30T13:14:17,5000.0,7.4,S
2021-06-30T13:14:12,1600.0,7.4,S
2021-06-30T13:14:09,100.0,7.4,S
2021-06-30T13:13:44,200.0,7.4,S
2021-06-30T13:13:29,100.0,7.4,S
2021-06-30T13:13:23,1000.0,7.4,S
2021-06-30T13:13:22,2700.0,7.4,S
2021-06-30T13:13:22,200.0,7.4,S
2021-06-30T13:13:22,600.0,7.4,S
2021-06-30T13:13:21,2000.0,7.4,S
2021-06-30T13:13:18,2800.0,7.4,S
2021-06-30T13:13:18,1000.0,7.4,S
2021-06-30T13:13:18,10000.0,7.4,S
2021-06-30T13:13:18,400.0,7.4,S
2021-06-30T13:13:17,5800.0,7.4,S
2021-06-30T13:13:17,100.0,7.41,B
2021-06-30T13:13:16,1000.0,7.4,S
2021-06-30T13:13:12,44400.0,7.4,S
2021-06-30T13:13:12,1000.0,7.4,S
2021-06-30T13:13:08,100.0,7.41,B
2021-06-30T13:13:08,2900.0,7.4,S
2021-06-30T13:12:38,32000.0,7.4,S
2021-06-30T13:12:35,10000.0,7.4,S
2021-06-30T13:12:29,5300.0,7.4,S
2021-06-30T13:12:29,2300.0,7.4,S
2021-06-30T13:12:29,600.0,7.4,S
2021-06-30T13:12:29,23400.0,7.4,S
2021-06-30T13:12:29,2000.0,7.4,S
2021-06-30T13:12:28,200.0,7.4,S
2021-06-30T13:12:28,500.0,7.4,S
2021-06-30T13:12:28,4000.0,7.4,S
2021-06-30T13:12:28,200.0,7.4,S
2021-06-30T13:12:28,3700.0,7.4,S
2021-06-30T13:12:28,400.0,7.4,S
2021-06-30T13:12:28,1800.0,7.4,S
2021-06-30T13:12:28,2400.0,7.4,S
2021-06-30T13:12:28,18200.0,7.4,S
2021-06-30T13:12:24,10000.0,7.4,S
2021-06-30T13:12:16,300.0,7.4,S
2021-06-30T13:12:11,13600.0,7.4,S
2021-06-30T13:12:10,300.0,7.41,B
2021-06-30T13:12:09,2000.0,7.41,B
2021-06-30T13:12:05,500.0,7.4,S
2021-06-30T13:12:04,100.0,7.41,B
2021-06-30T13:12:04,15000.0,7.4,S
2021-06-30T13:12:03,200.0,7.41,B
2021-06-30T13:12:00,2000.0,7.41,B
2021-06-30T13:11:59,1600.0,7.41,B
2021-06-30T13:11:46,200.0,7.41,B
2021-06-30T13:11:40,1300.0,7.42,B
2021-06-30T13:11:35,500.0,7.41,B
2021-06-30T13:11:33,5000.0,7.42,B
2021-06-30T13:11:27,100.0,7.41,B
2021-06-30T13:11:20,3000.0,7.42,B
2021-06-30T13:11:20,5000.0,7.4,S
2021-06-30T13:11:18,22100.0,7.42,B
2021-06-30T13:11:18,7900.0,7.42,B
2021-06-30T13:11:11,1000.0,7.4,S
2021-06-30T13:11:07,10000.0,7.4,S
2021-06-30T13:11:04,200.0,7.4,S
2021-06-30T13:11:02,5000.0,7.42,B
2021-06-30T13:10:58,500.0,7.42,B
2021-06-30T13:10:57,1300.0,7.41,S
2021-06-30T13:10:55,8700.0,7.41,S
2021-06-30T13:10:41,100.0,7.42,B
2021-06-30T13:10:39,2000.0,7.42,B
2021-06-30T13:10:38,100.0,7.41,S
2021-06-30T13:10:37,3000.0,7.41,S
2021-06-30T13:10:36,100.0,7.41,S
2021-06-30T13:10:32,200.0,7.41,S
2021-06-30T13:10:32,500.0,7.41,S
2021-06-30T13:10:25,5000.0,7.41,S
2021-06-30T13:10:25,2000.0,7.42,B
2021-06-30T13:10:24,700.0,7.42,B
2021-06-30T13:10:23,1000.0,7.42,B
2021-06-30T13:10:23,500.0,7.41,S
2021-06-30T13:10:20,300.0,7.42,B
2021-06-30T13:10:20,2000.0,7.41,S
2021-06-30T13:10:14,400.0,7.41,S
2021-06-30T13:10:03,200.0,7.41,S
2021-06-30T13:10:01,200.0,7.42,B
2021-06-30T13:10:00,500.0,7.41,S
2021-06-30T13:09:56,10000.0,7.41,S
2021-06-30T13:09:47,1200.0,7.41,S
2021-06-30T13:09:35,8000.0,7.41,S
2021-06-30T13:09:35,1000.0,7.42,S
2021-06-30T13:09:35,1000.0,7.42,S
2021-06-30T13:09:34,500.0,7.42,S
2021-06-30T13:09:25,1500.0,7.42,S
2021-06-30T13:09:25,1000.0,7.42,S
2021-06-30T13:09:25,100.0,7.42,S
2021-06-30T13:09:25,1100.0,7.42,S
2021-06-30T13:09:25,5100.0,7.42,S
2021-06-30T13:09:25,3000.0,7.42,S
2021-06-30T13:09:25,2200.0,7.42,S
2021-06-30T13:09:21,200.0,7.43,S
2021-06-30T13:09:08,400.0,7.43,S
2021-06-30T13:09:01,2000.0,7.44,S
2021-06-30T13:08:52,100.0,7.44,S
2021-06-30T13:08:45,4200.0,7.44,S
2021-06-30T13:08:44,5000.0,7.45,B
2021-06-30T13:08:36,4000.0,7.45,S
2021-06-30T13:08:33,500.0,7.44,S
2021-06-30T13:08:28,5000.0,7.44,S
2021-06-30T13:08:26,72700.0,7.45,S
2021-06-30T13:08:23,200.0,7.45,S
2021-06-30T13:08:21,30000.0,7.44,S
2021-06-30T13:08:20,18000.0,7.44,S
2021-06-30T13:08:19,600.0,7.45,S
2021-06-30T13:08:19,7000.0,7.45,S
2021-06-30T13:08:19,1100.0,7.45,S
2021-06-30T13:08:19,5400.0,7.45,S
2021-06-30T13:08:19,1400.0,7.45,S
2021-06-30T13:08:19,4200.0,7.45,S
2021-06-30T13:08:19,2800.0,7.45,S
2021-06-30T13:08:19,700.0,7.45,S
2021-06-30T13:08:05,100.0,7.46,S
2021-06-30T13:08:00,500.0,7.45,S
2021-06-30T13:07:58,400.0,7.46,S
2021-06-30T13:07:57,1000.0,7.45,S
2021-06-30T13:07:56,100.0,7.46,S
2021-06-30T13:07:53,400.0,7.46,S
2021-06-30T13:07:41,100.0,7.46,S
2021-06-30T13:07:37,400.0,7.46,S
2021-06-30T13:07:30,2000.0,7.46,S
2021-06-30T13:07:30,23400.0,7.46,S
2021-06-30T13:07:23,1600.0,7.47,B
2021-06-30T13:07:03,300.0,7.47,S
2021-06-30T13:06:50,200.0,7.47,S
2021-06-30T13:06:50,6000.0,7.47,S
2021-06-30T13:06:50,300.0,7.47,S
2021-06-30T13:06:50,1200.0,7.48,B
2021-06-30T13:06:45,200.0,7.48,B
2021-06-30T13:06:43,500.0,7.48,B
2021-06-30T13:06:43,100.0,7.48,B
2021-06-30T13:06:42,3600.0,7.47,S
2021-06-30T13:06:41,1200.0,7.48,B
2021-06-30T13:06:41,300.0,7.48,B
2021-06-30T13:06:39,100.0,7.47,S
2021-06-30T13:06:37,900.0,7.47,S
2021-06-30T13:06:36,2000.0,7.48,B
2021-06-30T13:06:23,700.0,7.48,B
2021-06-30T13:06:20,3000.0,7.48,B
2021-06-30T13:06:18,200.0,7.48,B
2021-06-30T13:06:10,3800.0,7.48,B
2021-06-30T13:06:06,5700.0,7.48,B
2021-06-30T13:05:51,11000.0,7.48,B
2021-06-30T13:05:42,600.0,7.47,S
2021-06-30T13:05:34,500.0,7.47,S
2021-06-30T13:05:33,2600.0,7.48,B
2021-06-30T13:05:25,300.0,7.48,B
2021-06-30T13:05:22,400.0,7.48,B
2021-06-30T13:05:21,2400.0,7.48,B
2021-06-30T13:05:10,800.0,7.48,B
2021-06-30T13:05:10,19300.0,7.47,S
2021-06-30T13:05:06,100.0,7.47,S
2021-06-30T13:05:03,7000.0,7.48,B
2021-06-30T13:04:59,600.0,7.48,B
2021-06-30T13:04:51,3000.0,7.47,S
2021-06-30T13:04:49,6600.0,7.48,B
2021-06-30T13:04:49,500.0,7.48,B
2021-06-30T13:04:43,500.0,7.48,B
2021-06-30T13:04:37,6000.0,7.48,B
2021-06-30T13:04:36,10000.0,7.48,B
2021-06-30T13:04:34,13700.0,7.48,B
2021-06-30T13:04:33,300.0,7.47,S
2021-06-30T13:04:24,25000.0,7.47,S
2021-06-30T13:04:21,2200.0,7.48,B
2021-06-30T13:04:16,7100.0,7.48,B
2021-06-30T13:04:15,2000.0,7.48,B
2021-06-30T13:04:06,300.0,7.48,B
2021-06-30T13:03:51,7300.0,7.48,B
2021-06-30T13:03:51,100.0,7.47,S
2021-06-30T13:03:51,5400.0,7.47,S
2021-06-30T13:03:51,7200.0,7.47,S
2021-06-30T13:03:48,1000.0,7.47,B
2021-06-30T13:03:40,500.0,7.46,S
2021-06-30T13:03:38,3200.0,7.47,B
2021-06-30T13:03:30,100.0,7.46,S
2021-06-30T13:03:25,2400.0,7.46,S
2021-06-30T13:03:24,900.0,7.46,B
2021-06-30T13:03:24,19700.0,7.46,B
2021-06-30T13:03:24,300.0,7.46,B
2021-06-30T13:03:22,4900.0,7.46,B
2021-06-30T13:03:20,200.0,7.46,B
2021-06-30T13:03:18,500.0,7.45,S
2021-06-30T13:03:14,200.0,7.46,B
2021-06-30T13:02:52,200.0,7.45,B
2021-06-30T13:02:50,100.0,7.45,B
2021-06-30T13:02:50,200.0,7.45,B
2021-06-30T13:02:48,100.0,7.45,B
2021-06-30T13:02:48,500.0,7.45,B
2021-06-30T13:02:36,100.0,7.45,B
2021-06-30T13:02:18,200.0,7.45,B
2021-06-30T13:02:18,600.0,7.46,B
2021-06-30T13:02:16,4600.0,7.46,B
2021-06-30T13:02:16,2300.0,7.46,B
2021-06-30T13:02:08,200.0,7.45,B
2021-06-30T13:02:08,1800.0,7.45,B
2021-06-30T13:02:00,30000.0,7.45,B
2021-06-30T13:01:56,1000.0,7.45,B
2021-06-30T13:01:54,500.0,7.45,B
2021-06-30T13:01:51,100.0,7.45,B
2021-06-30T13:01:49,6900.0,7.45,B
2021-06-30T13:01:45,5000.0,7.45,B
2021-06-30T13:01:39,2500.0,7.45,B
2021-06-30T13:01:37,100.0,7.45,B
2021-06-30T13:01:29,40200.0,7.45,B
2021-06-30T13:01:27,32600.0,7.45,B
2021-06-30T13:01:26,9100.0,7.45,B
2021-06-30T13:01:26,100.0,7.44,B
2021-06-30T13:01:19,5000.0,7.45,B
2021-06-30T13:01:17,10000.0,7.45,B
2021-06-30T13:01:13,1500.0,7.45,B
2021-06-30T13:01:12,3000.0,7.45,B
2021-06-30T13:01:10,5000.0,7.45,B
2021-06-30T13:01:10,300.0,7.44,B
2021-06-30T13:01:08,1000.0,7.45,B
2021-06-30T13:01:05,500.0,7.44,B
2021-06-30T13:00:58,29500.0,7.44,B
2021-06-30T13:00:55,100.0,7.44,B
2021-06-30T13:00:55,500.0,7.44,B
2021-06-30T13:00:55,100.0,7.44,B
2021-06-30T13:00:53,20000.0,7.44,B
2021-06-30T13:00:53,2000.0,7.44,B
2021-06-30T13:00:50,600.0,7.44,B
2021-06-30T13:00:43,6300.0,7.44,B
2021-06-30T13:00:43,5000.0,7.44,B
2021-06-30T13:00:42,5000.0,7.44,B
2021-06-30T13:00:38,500.0,7.45,B
2021-06-30T13:00:36,2000.0,7.44,B
2021-06-30T13:00:36,400.0,7.45,B
2021-06-30T13:00:33,400.0,7.44,B
2021-06-30T13:00:30,1000.0,7.44,B
2021-06-30T13:00:28,100.0,7.44,B
2021-06-30T13:00:28,1000.0,7.44,B
2021-06-30T13:00:27,2900.0,7.45,B
2021-06-30T13:00:27,1000.0,7.44,B
2021-06-30T13:00:27,34000.0,7.45,B
2021-06-30T13:00:26,10000.0,7.44,B
2021-06-30T13:00:26,3400.0,7.44,B
2021-06-30T13:00:26,100.0,7.44,B
2021-06-30T13:00:25,2000.0,7.44,B
2021-06-30T13:00:25,5000.0,7.44,B
2021-06-30T13:00:24,3800.0,7.44,B
2021-06-30T13:00:23,3800.0,7.45,B
2021-06-30T13:00:22,4000.0,7.44,B
2021-06-30T13:00:22,1400.0,7.45,B
2021-06-30T13:00:22,1000.0,7.44,B
2021-06-30T13:00:22,100.0,7.44,B
2021-06-30T13:00:22,300.0,7.44,B
2021-06-30T13:00:20,200.0,7.44,B
2021-06-30T13:00:20,2000.0,7.44,B
2021-06-30T13:00:20,500.0,7.44,B
2021-06-30T13:00:20,5000.0,7.44,B
2021-06-30T13:00:20,200.0,7.44,B
2021-06-30T13:00:14,100.0,7.44,B
2021-06-30T13:00:14,2000.0,7.44,B
2021-06-30T13:00:12,200.0,7.44,B
2021-06-30T13:00:12,1000.0,7.44,B
2021-06-30T13:00:12,1500.0,7.44,B
2021-06-30T13:00:12,100.0,7.44,B
2021-06-30T13:00:12,1000.0,7.44,B
2021-06-30T13:00:12,1500.0,7.44,B
2021-06-30T13:00:12,5000.0,7.44,B
2021-06-30T13:00:12,67400.0,7.44,B
2021-06-30T13:00:12,100.0,7.43,B
2021-06-30T13:00:12,4100.0,7.41,S
2021-06-30T13:00:12,900.0,7.41,S
2021-06-30T13:00:12,26200.0,7.44,B
2021-06-30T11:30:13,15000.0,7.4,S
2021-06-30T11:30:08,1000.0,7.42,B
2021-06-30T11:30:08,1000.0,7.42,B
2021-06-30T11:30:08,400.0,7.41,S
2021-06-30T11:30:08,1500.0,7.41,S
2021-06-30T11:30:08,10000.0,7.41,B
2021-06-30T11:30:03,500.0,7.4,S
2021-06-30T11:30:03,5000.0,7.4,S
2021-06-30T11:30:01,100.0,7.4,S
2021-06-30T11:29:53,2000.0,7.4,S
2021-06-30T11:29:52,3000.0,7.4,S
2021-06-30T11:29:43,3800.0,7.4,S
2021-06-30T11:29:41,6200.0,7.4,S
2021-06-30T11:29:32,3300.0,7.4,S
2021-06-30T11:29:29,500.0,7.4,S
2021-06-30T11:29:29,500.0,7.42,B
2021-06-30T11:29:10,2000.0,7.4,B
2021-06-30T11:29:04,6500.0,7.39,B
2021-06-30T11:29:03,600.0,7.39,S
2021-06-30T11:29:03,300.0,7.39,S
2021-06-30T11:29:03,21500.0,7.39,S
2021-06-30T11:29:01,100.0,7.4,B
2021-06-30T11:28:59,10000.0,7.4,B
2021-06-30T11:28:52,700.0,7.4,B
2021-06-30T11:28:50,5000.0,7.4,B
2021-06-30T11:28:50,5900.0,7.4,B
2021-06-30T11:28:41,100.0,7.4,B
2021-06-30T11:28:39,1200.0,7.4,S
2021-06-30T11:28:39,7800.0,7.4,S
2021-06-30T11:28:36,100.0,7.4,S
2021-06-30T11:28:36,4900.0,7.4,S
2021-06-30T11:28:33,30000.0,7.4,S
2021-06-30T11:28:30,1500.0,7.44,B
2021-06-30T11:28:29,3000.0,7.44,B
2021-06-30T11:28:28,2000.0,7.44,B
2021-06-30T11:28:28,3500.0,7.44,B
2021-06-30T11:28:28,4000.0,7.44,B
2021-06-30T11:28:28,10300.0,7.44,B
2021-06-30T11:28:28,17100.0,7.44,B
2021-06-30T11:28:28,15800.0,7.43,B
2021-06-30T11:28:28,26500.0,7.43,B
2021-06-30T11:28:26,19300.0,7.4,S
2021-06-30T11:28:26,10700.0,7.4,S
2021-06-30T11:28:26,3000.0,7.4,S
2021-06-30T11:28:25,800.0,7.42,B
2021-06-30T11:28:23,500.0,7.4,S
2021-06-30T11:28:23,500.0,7.42,B
2021-06-30T11:28:17,600.0,7.41,B
2021-06-30T11:28:06,100.0,7.41,S
2021-06-30T11:28:00,7200.0,7.4,S
2021-06-30T11:28:00,100.0,7.4,S
2021-06-30T11:28:00,500.0,7.4,S
2021-06-30T11:28:00,2200.0,7.4,S
2021-06-30T11:27:54,100.0,7.42,S
2021-06-30T11:27:50,5000.0,7.43,B
2021-06-30T11:27:48,500.0,7.43,B
2021-06-30T11:27:47,2000.0,7.43,B
2021-06-30T11:27:43,200.0,7.43,B
2021-06-30T11:27:43,500.0,7.43,B
2021-06-30T11:27:34,3900.0,7.43,B
2021-06-30T11:27:32,500.0,7.43,B
2021-06-30T11:27:28,12000.0,7.43,S
2021-06-30T11:27:28,300.0,7.44,B
2021-06-30T11:27:19,300.0,7.44,B
2021-06-30T11:27:18,2000.0,7.44,B
2021-06-30T11:27:16,300.0,7.44,B
2021-06-30T11:27:12,1000.0,7.44,S
2021-06-30T11:27:11,10000.0,7.44,S
2021-06-30T11:27:03,1000.0,7.45,B
2021-06-30T11:27:00,100.0,7.45,B
2021-06-30T11:27:00,700.0,7.45,B
2021-06-30T11:27:00,100.0,7.45,B
2021-06-30T11:26:59,200.0,7.45,B
2021-06-30T11:26:52,3600.0,7.45,B
2021-06-30T11:26:49,13400.0,7.45,B
2021-06-30T11:26:48,1000.0,7.45,B
2021-06-30T11:26:46,17200.0,7.45,B
2021-06-30T11:26:46,200.0,7.45,B
2021-06-30T11:26:45,26900.0,7.45,S
2021-06-30T11:26:36,12200.0,7.48,B
2021-06-30T11:26:31,3900.0,7.47,B
2021-06-30T11:26:28,700.0,7.46,B
2021-06-30T11:26:23,500.0,7.46,B
2021-06-30T11:26:22,100.0,7.46,B
2021-06-30T11:26:22,1600.0,7.46,S
2021-06-30T11:26:22,400.0,7.48,B
2021-06-30T11:26:21,300.0,7.48,B
2021-06-30T11:26:20,700.0,7.48,B
2021-06-30T11:26:18,5000.0,7.48,B
2021-06-30T11:26:14,10000.0,7.45,S
2021-06-30T11:26:06,200.0,7.48,B
2021-06-30T11:26:02,1300.0,7.47,B
2021-06-30T11:25:58,7000.0,7.47,B
2021-06-30T11:25:57,2000.0,7.46,B
2021-06-30T11:25:56,4000.0,7.46,B
2021-06-30T11:25:53,3400.0,7.45,S
2021-06-30T11:25:50,1500.0,7.47,B
2021-06-30T11:25:50,2400.0,7.47,B
2021-06-30T11:25:47,300.0,7.46,B
2021-06-30T11:25:47,200.0,7.46,B
2021-06-30T11:25:46,7700.0,7.46,B
2021-06-30T11:25:43,5000.0,7.45,S
2021-06-30T11:25:43,7000.0,7.46,S
2021-06-30T11:25:29,5000.0,7.47,B
2021-06-30T11:25:28,500.0,7.47,B
2021-06-30T11:25:21,1000.0,7.47,B
2021-06-30T11:25:18,5000.0,7.47,B
2021-06-30T11:25:18,800.0,7.45,S
2021-06-30T11:25:18,200.0,7.46,S
2021-06-30T11:25:16,100.0,7.46,S
2021-06-30T11:25:15,500.0,7.46,S
2021-06-30T11:25:14,200.0,7.46,S
2021-06-30T11:25:03,5500.0,7.47,B
2021-06-30T11:24:56,600.0,7.45,S
2021-06-30T11:24:45,11500.0,7.45,B
2021-06-30T11:24:45,300.0,7.45,B
2021-06-30T11:24:45,500.0,7.45,B
2021-06-30T11:24:45,1700.0,7.45,B
2021-06-30T11:24:45,1400.0,7.45,B
2021-06-30T11:24:45,2000.0,7.45,B
2021-06-30T11:24:45,4900.0,7.45,B
2021-06-30T11:24:42,500.0,7.45,B
2021-06-30T11:24:40,4400.0,7.45,B
2021-06-30T11:24:40,8000.0,7.45,B
2021-06-30T11:24:35,5000.0,7.45,B
2021-06-30T11:24:31,100.0,7.45,B
2021-06-30T11:24:29,5000.0,7.43,S
2021-06-30T11:24:25,10000.0,7.43,S
2021-06-30T11:24:23,200.0,7.44,B
2021-06-30T11:24:23,100.0,7.43,S
2021-06-30T11:24:20,10800.0,7.45,B
2021-06-30T11:24:20,100.0,7.45,B
2021-06-30T11:24:18,37100.0,7.45,B
2021-06-30T11:24:17,800.0,7.44,B
2021-06-30T11:24:13,1000.0,7.44,B
2021-06-30T11:24:13,1600.0,7.44,B
2021-06-30T11:24:13,2000.0,7.44,B
2021-06-30T11:24:09,300.0,7.43,S
2021-06-30T11:24:03,3000.0,7.43,S
2021-06-30T11:23:58,6600.0,7.43,B
2021-06-30T11:23:57,3000.0,7.43,B
2021-06-30T11:23:55,200.0,7.43,B
2021-06-30T11:23:55,4000.0,7.43,B
2021-06-30T11:23:49,10000.0,7.42,S
2021-06-30T11:23:41,200.0,7.43,B
2021-06-30T11:23:36,7000.0,7.43,B
2021-06-30T11:23:35,300.0,7.43,B
2021-06-30T11:23:31,1000.0,7.43,B
2021-06-30T11:23:31,100.0,7.4,S
2021-06-30T11:23:31,2000.0,7.4,S
2021-06-30T11:23:31,500.0,7.4,S
2021-06-30T11:23:24,10000.0,7.43,B
2021-06-30T11:23:23,3000.0,7.4,S
2021-06-30T11:23:22,800.0,7.43,B
2021-06-30T11:23:18,400.0,7.43,S
2021-06-30T11:23:18,600.0,7.43,S
2021-06-30T11:23:14,5000.0,7.45,B
2021-06-30T11:23:09,1200.0,7.45,B
2021-06-30T11:23:07,3700.0,7.4,S
2021-06-30T11:23:07,1200.0,7.4,S
2021-06-30T11:23:07,3100.0,7.4,S
2021-06-30T11:23:04,5000.0,7.4,S
2021-06-30T11:23:02,15000.0,7.45,B
2021-06-30T11:23:02,19400.0,7.45,B
2021-06-30T11:23:02,1900.0,7.44,B
2021-06-30T11:23:00,2000.0,7.44,B
2021-06-30T11:22:48,100.0,7.42,B
2021-06-30T11:22:47,100.0,7.4,S
2021-06-30T11:22:46,5000.0,7.45,B
2021-06-30T11:22:43,900.0,7.4,S
2021-06-30T11:22:36,1000.0,7.45,B
2021-06-30T11:22:34,1000.0,7.4,S
2021-06-30T11:22:32,1000.0,7.42,S
2021-06-30T11:22:32,5000.0,7.45,B
2021-06-30T11:22:31,100.0,7.4,S
2021-06-30T11:22:28,20000.0,7.45,B
2021-06-30T11:22:24,200.0,7.39,S
2021-06-30T11:22:24,400.0,7.4,B
2021-06-30T11:22:22,5800.0,7.39,S
2021-06-30T11:22:22,100.0,7.4,B
2021-06-30T11:22:18,20000.0,7.4,B
2021-06-30T11:22:15,1000.0,7.4,B
2021-06-30T11:22:10,100.0,7.4,B
2021-06-30T11:22:10,80000.0,7.4,B
2021-06-30T11:22:07,1000.0,7.4,B
2021-06-30T11:22:06,500.0,7.4,S
2021-06-30T11:22:05,1300.0,7.4,S
2021-06-30T11:22:03,70000.0,7.4,S
2021-06-30T11:22:03,2200.0,7.4,S
2021-06-30T11:22:02,400.0,7.4,S
2021-06-30T11:22:02,100.0,7.4,S
2021-06-30T11:22:02,67300.0,7.4,S
2021-06-30T11:22:02,7100.0,7.4,S
2021-06-30T11:22:02,1000.0,7.41,S
2021-06-30T11:22:02,4000.0,7.41,S
2021-06-30T11:22:02,5000.0,7.41,S
2021-06-30T11:22:02,3900.0,7.42,S
2021-06-30T11:22:02,20000.0,7.42,S
2021-06-30T11:22:02,1000.0,7.42,S
2021-06-30T11:22:02,94600.0,7.42,S
2021-06-30T11:22:02,2300.0,7.43,B
2021-06-30T11:22:01,4000.0,7.45,B
2021-06-30T11:22:00,100.0,7.43,B
2021-06-30T11:21:58,500.0,7.42,S
2021-06-30T11:21:58,1000.0,7.43,B
2021-06-30T11:21:54,2000.0,7.43,S
2021-06-30T11:21:53,100.0,7.43,S
2021-06-30T11:21:49,2500.0,7.45,B
2021-06-30T11:21:49,5500.0,7.45,B
2021-06-30T11:21:47,3000.0,7.42,S
2021-06-30T11:21:41,500.0,7.42,S
2021-06-30T11:21:38,5200.0,7.45,B
2021-06-30T11:21:38,11000.0,7.45,B
2021-06-30T11:21:37,50100.0,7.45,B
2021-06-30T11:21:37,10100.0,7.45,B
2021-06-30T11:21:37,10000.0,7.44,B
2021-06-30T11:21:37,11200.0,7.44,B
2021-06-30T11:21:37,1200.0,7.43,B
2021-06-30T11:21:37,1200.0,7.43,B
2021-06-30T11:21:34,2000.0,7.42,B
2021-06-30T11:21:32,2000.0,7.42,B
2021-06-30T11:21:29,3000.0,7.42,B
2021-06-30T11:21:26,2000.0,7.41,S
2021-06-30T11:21:19,2200.0,7.41,S
2021-06-30T11:21:19,3800.0,7.42,B
2021-06-30T11:21:19,1100.0,7.42,B
2021-06-30T11:21:19,100.0,7.42,B
2021-06-30T11:21:18,7400.0,7.41,B
2021-06-30T11:21:13,800.0,7.41,B
2021-06-30T11:21:01,1000.0,7.41,B
2021-06-30T11:20:58,200.0,7.4,S
2021-06-30T11:20:58,1000.0,7.41,B
2021-06-30T11:20:56,900.0,7.4,B
2021-06-30T11:20:56,11000.0,7.4,B
2021-06-30T11:20:56,17000.0,7.4,B
2021-06-30T11:20:56,2900.0,7.4,B
2021-06-30T11:20:56,9300.0,7.4,B
2021-06-30T11:20:56,100.0,7.4,B
2021-06-30T11:20:56,53000.0,7.4,B
2021-06-30T11:20:56,5000.0,7.4,B
2021-06-30T11:20:56,11800.0,7.4,B
2021-06-30T11:20:55,400.0,7.4,B
2021-06-30T11:20:54,100.0,7.39,S
2021-06-30T11:20:54,300.0,7.4,B
2021-06-30T11:20:54,4700.0,7.4,B
2021-06-30T11:20:54,13000.0,7.4,B
2021-06-30T11:20:48,3000.0,7.4,B
2021-06-30T11:20:41,1500.0,7.4,B
2021-06-30T11:20:36,900.0,7.39,S
2021-06-30T11:20:36,20500.0,7.39,S
2021-06-30T11:20:35,10300.0,7.39,S
2021-06-30T11:20:33,5000.0,7.39,S
2021-06-30T11:20:31,10000.0,7.37,S
2021-06-30T11:20:30,7700.0,7.4,B
2021-06-30T11:20:30,12300.0,7.4,B
2021-06-30T11:20:28,10000.0,7.39,B
2021-06-30T11:20:26,1000.0,7.39,B
2021-06-30T11:20:26,100.0,7.39,B
2021-06-30T11:20:20,7000.0,7.39,B
2021-06-30T11:20:18,5000.0,7.39,B
2021-06-30T11:20:18,1000.0,7.39,B
2021-06-30T11:20:11,3400.0,7.39,B
2021-06-30T11:20:11,200.0,7.39,B
2021-06-30T11:20:11,2200.0,7.39,B
2021-06-30T11:20:11,200.0,7.38,B
2021-06-30T11:20:09,100.0,7.37,S
2021-06-30T11:20:09,800.0,7.38,B
2021-06-30T11:20:08,900.0,7.38,S
2021-06-30T11:20:06,8100.0,7.38,S
2021-06-30T11:20:01,500.0,7.38,S
2021-06-30T11:19:58,100.0,7.38,S
2021-06-30T11:19:57,400.0,7.38,S
2021-06-30T11:19:54,100.0,7.38,S
2021-06-30T11:19:54,2000.0,7.38,B
2021-06-30T11:19:54,38900.0,7.38,B
2021-06-30T11:19:54,500.0,7.36,S
2021-06-30T11:19:53,3000.0,7.37,B
2021-06-30T11:19:48,4500.0,7.37,S
2021-06-30T11:19:48,6500.0,7.37,B
2021-06-30T11:19:42,200.0,7.37,B
2021-06-30T11:19:39,3000.0,7.37,B
2021-06-30T11:19:37,2000.0,7.38,B
2021-06-30T11:19:37,200.0,7.38,B
2021-06-30T11:19:37,600.0,7.37,B
2021-06-30T11:19:37,2200.0,7.37,B
2021-06-30T11:19:36,10000.0,7.37,B
2021-06-30T11:19:29,100.0,7.37,B
2021-06-30T11:19:27,2600.0,7.35,S
2021-06-30T11:19:27,3400.0,7.36,S
2021-06-30T11:19:25,400.0,7.37,B
2021-06-30T11:19:19,8200.0,7.37,B
2021-06-30T11:19:17,15000.0,7.37,B
2021-06-30T11:19:15,2000.0,7.37,B
2021-06-30T11:19:12,100.0,7.37,B
2021-06-30T11:19:12,15600.0,7.37,B
2021-06-30T11:19:12,3300.0,7.37,B
2021-06-30T11:19:07,1000.0,7.37,B
2021-06-30T11:19:04,1000.0,7.35,S
2021-06-30T11:18:59,900.0,7.37,B
2021-06-30T11:18:59,100.0,7.36,B
2021-06-30T11:18:46,10000.0,7.35,S
2021-06-30T11:18:46,100.0,7.37,B
2021-06-30T11:18:43,100.0,7.35,S
2021-06-30T11:18:41,100.0,7.35,S
2021-06-30T11:18:41,100.0,7.35,S
2021-06-30T11:18:36,2500.0,7.35,S
2021-06-30T11:18:36,100.0,7.35,S
2021-06-30T11:18:34,4800.0,7.37,B
2021-06-30T11:18:34,200.0,7.36,B
2021-06-30T11:18:30,7200.0,7.35,B
2021-06-30T11:18:30,2500.0,7.35,B
2021-06-30T11:18:30,17600.0,7.35,B
2021-06-30T11:18:27,200.0,7.34,S
2021-06-30T11:18:25,3000.0,7.35,B
2021-06-30T11:18:22,10000.0,7.35,B
2021-06-30T11:18:22,200.0,7.35,B
2021-06-30T11:18:21,5000.0,7.35,B
2021-06-30T11:18:18,100.0,7.34,B
2021-06-30T11:18:16,200.0,7.35,B
2021-06-30T11:18:16,4800.0,7.35,B
2021-06-30T11:18:16,1000.0,7.34,B
2021-06-30T11:18:16,300.0,7.34,B
2021-06-30T11:18:12,400.0,7.34,B
2021-06-30T11:18:09,1000.0,7.34,B
2021-06-30T11:18:06,1600.0,7.34,B
2021-06-30T11:18:04,400.0,7.34,B
2021-06-30T11:17:51,2800.0,7.34,B
2021-06-30T11:17:51,200.0,7.34,B
2021-06-30T11:17:46,200.0,7.33,S
2021-06-30T11:17:46,1600.0,7.33,B
2021-06-30T11:17:45,2300.0,7.32,S
2021-06-30T11:17:43,200.0,7.32,B
2021-06-30T11:17:38,3800.0,7.32,B
2021-06-30T11:17:36,1000.0,7.32,B
2021-06-30T11:17:34,100.0,7.32,B
2021-06-30T11:17:34,800.0,7.32,B
2021-06-30T11:17:31,200.0,7.31,B
2021-06-30T11:17:23,5000.0,7.32,B
2021-06-30T11:17:11,900.0,7.3,B
2021-06-30T11:17:07,2000.0,7.32,B
2021-06-30T11:17:07,2700.0,7.3,B
2021-06-30T11:17:07,700.0,7.3,B
2021-06-30T11:17:07,200.0,7.3,B
2021-06-30T11:17:07,200.0,7.3,B
2021-06-30T11:17:07,300.0,7.3,B
2021-06-30T11:17:07,2100.0,7.3,B
2021-06-30T11:17:07,6500.0,7.3,B
2021-06-30T11:17:05,900.0,7.3,B
2021-06-30T11:17:05,10600.0,7.3,B
2021-06-30T11:16:58,200.0,7.3,B
2021-06-30T11:16:58,5600.0,7.3,B
2021-06-30T11:16:54,4800.0,7.3,B
2021-06-30T11:16:51,1000.0,7.3,B
2021-06-30T11:16:50,200.0,7.3,B
2021-06-30T11:16:45,1200.0,7.3,B
2021-06-30T11:16:45,800.0,7.3,B
2021-06-30T11:16:44,700.0,7.3,B
2021-06-30T11:16:44,2300.0,7.3,B
2021-06-30T11:16:44,6600.0,7.29,B
2021-06-30T11:16:43,100.0,7.29,B
2021-06-30T11:16:42,2000.0,7.29,B
2021-06-30T11:16:32,200.0,7.29,B
2021-06-30T11:16:30,100.0,7.28,S
2021-06-30T11:16:26,500.0,7.28,S
2021-06-30T11:16:22,8100.0,7.28,B
2021-06-30T11:16:21,5400.0,7.28,B
2021-06-30T11:16:19,3800.0,7.28,B
2021-06-30T11:16:19,7000.0,7.28,B
2021-06-30T11:16:18,900.0,7.28,B
2021-06-30T11:16:18,200.0,7.28,B
2021-06-30T11:16:16,200.0,7.28,B
2021-06-30T11:16:13,3000.0,7.28,B
2021-06-30T11:16:11,1000.0,7.28,B
2021-06-30T11:16:09,10000.0,7.28,B
2021-06-30T11:16:08,1800.0,7.27,S
2021-06-30T11:16:06,600.0,7.28,B
2021-06-30T11:16:06,100.0,7.28,B
2021-06-30T11:15:55,1000.0,7.27,B
2021-06-30T11:15:55,2000.0,7.27,B
2021-06-30T11:15:39,400.0,7.26,B
2021-06-30T11:15:39,8000.0,7.26,B
2021-06-30T11:15:39,4000.0,7.26,B
2021-06-30T11:15:39,100.0,7.26,B
2021-06-30T11:15:36,10000.0,7.26,B
2021-06-30T11:15:35,10000.0,7.26,B
2021-06-30T11:15:22,4300.0,7.25,S
2021-06-30T11:15:21,10000.0,7.25,B
2021-06-30T11:15:20,600.0,7.25,B
2021-06-30T11:15:18,10000.0,7.25,B
2021-06-30T11:15:15,200.0,7.25,B
2021-06-30T11:15:12,300.0,7.25,B
2021-06-30T11:15:09,500.0,7.25,B
2021-06-30T11:15:08,100.0,7.25,B
2021-06-30T11:14:56,17300.0,7.25,B
2021-06-30T11:14:56,1600.0,7.25,B
2021-06-30T11:14:56,1100.0,7.25,B
2021-06-30T11:14:52,3900.0,7.25,B
2021-06-30T11:14:52,600.0,7.25,B
2021-06-30T11:14:44,1000.0,7.24,B
2021-06-30T11:14:42,10000.0,7.24,B
2021-06-30T11:14:41,300.0,7.24,B
2021-06-30T11:14:40,5000.0,7.24,B
2021-06-30T11:14:40,5000.0,7.23,S
2021-06-30T11:14:27,10000.0,7.23,S
2021-06-30T11:14:18,4900.0,7.23,B
2021-06-30T11:14:18,9300.0,7.23,B
2021-06-30T11:11:53,2000.0,7.22,S
2021-06-30T11:10:54,1200.0,7.22,S
2021-06-30T11:09:51,2000.0,7.22,S
2021-06-30T11:09:35,2000.0,7.23,B
2021-06-30T11:09:05,100.0,7.23,B
2021-06-30T11:08:02,300.0,7.23,B
2021-06-30T11:08:00,3000.0,7.22,S
2021-06-30T11:07:37,900.0,7.23,B
2021-06-30T11:06:52,3000.0,7.23,B
2021-06-30T11:06:15,3000.0,7.23,B
2021-06-30T11:05:46,30000.0,7.23,B
2021-06-30T11:04:52,1000.0,7.23,B
2021-06-30T11:04:40,2000.0,7.22,S
2021-06-30T11:04:34,1000.0,7.22,S
2021-06-30T11:04:27,10000.0,7.22,S
2021-06-30T11:04:25,100.0,7.22,S
2021-06-30T11:03:54,3000.0,7.22,S
2021-06-30T11:03:40,800.0,7.22,S
2021-06-30T11:03:29,12000.0,7.22,B
2021-06-30T11:03:29,5700.0,7.22,B
2021-06-30T11:03:29,6700.0,7.22,B
2021-06-30T11:02:43,5000.0,7.22,B
2021-06-30T11:02:04,9000.0,7.22,B
2021-06-30T11:01:37,11000.0,7.2,S
2021-06-30T11:01:37,1200.0,7.2,S
2021-06-30T11:01:37,500.0,7.2,S
2021-06-30T11:01:37,30400.0,7.2,S
2021-06-30T11:01:37,200.0,7.2,S
2021-06-30T11:01:37,1600.0,7.2,S
2021-06-30T11:01:37,100.0,7.2,S
2021-06-30T11:01:36,500.0,7.2,S
2021-06-30T11:01:36,200.0,7.2,S
2021-06-30T11:01:36,5600.0,7.2,S
2021-06-30T11:01:36,1200.0,7.2,S
2021-06-30T11:01:22,1000.0,7.21,B
2021-06-30T11:01:08,1000.0,7.21,S
2021-06-30T11:00:44,400.0,7.21,B
2021-06-30T10:59:57,100.0,7.21,B
2021-06-30T10:59:50,500.0,7.21,S
2021-06-30T10:59:43,800.0,7.21,S
2021-06-30T10:59:41,2000.0,7.21,S
2021-06-30T10:59:41,1200.0,7.21,S
2021-06-30T10:59:27,100.0,7.21,S
2021-06-30T10:58:12,500.0,7.21,B
2021-06-30T10:57:54,300.0,7.21,B
2021-06-30T10:57:51,300.0,7.21,B
2021-06-30T10:57:47,4500.0,7.21,S
2021-06-30T10:55:57,5000.0,7.2,S
2021-06-30T10:54:34,100.0,7.22,B
2021-06-30T10:53:39,100.0,7.22,B
2021-06-30T10:53:32,300.0,7.21,B
2021-06-30T10:53:27,500.0,7.21,B
2021-06-30T10:53:21,100.0,7.21,B
2021-06-30T10:53:14,800.0,7.21,B
2021-06-30T10:52:57,900.0,7.21,S
2021-06-30T10:52:47,13400.0,7.22,B
2021-06-30T10:52:25,100.0,7.21,S
2021-06-30T10:52:00,6200.0,7.22,B
2021-06-30T10:52:00,3800.0,7.22,B
2021-06-30T10:51:58,200.0,7.21,S
2021-06-30T10:51:41,3300.0,7.21,S
2021-06-30T10:51:27,600.0,7.21,B
2021-06-30T10:51:19,1000.0,7.21,B
2021-06-30T10:51:18,400.0,7.21,S
2021-06-30T10:51:07,100.0,7.21,B
2021-06-30T10:51:07,100.0,7.21,S
2021-06-30T10:50:51,900.0,7.21,B
2021-06-30T10:50:45,500.0,7.21,B
2021-06-30T10:50:30,100.0,7.21,B
2021-06-30T10:50:23,500.0,7.21,B
2021-06-30T10:50:20,500.0,7.21,B
2021-06-30T10:49:58,400.0,7.21,B
2021-06-30T10:49:53,100.0,7.21,B
2021-06-30T10:49:34,200.0,7.21,B
2021-06-30T10:49:27,3900.0,7.21,S
2021-06-30T10:49:26,1100.0,7.22,B
2021-06-30T10:49:14,200.0,7.21,S
2021-06-30T10:47:51,100.0,7.21,S
2021-06-30T10:47:02,1200.0,7.21,B
2021-06-30T10:46:56,1100.0,7.21,B
2021-06-30T10:46:55,500.0,7.21,B
2021-06-30T10:46:47,100.0,7.21,B
2021-06-30T10:46:42,100.0,7.21,B
2021-06-30T10:46:38,2000.0,7.21,B
2021-06-30T10:46:34,100.0,7.21,B
2021-06-30T10:46:31,200.0,7.21,B
2021-06-30T10:46:14,100.0,7.21,S
2021-06-30T10:46:11,4600.0,7.21,S
2021-06-30T10:45:54,900.0,7.21,B
2021-06-30T10:45:32,200.0,7.21,B
2021-06-30T10:45:25,100.0,7.21,B
2021-06-30T10:45:17,200.0,7.21,B
2021-06-30T10:45:09,200.0,7.21,B
2021-06-30T10:45:09,1000.0,7.21,B
2021-06-30T10:45:00,5000.0,7.21,B
2021-06-30T10:44:57,100.0,7.21,B
2021-06-30T10:44:42,2300.0,7.21,B
2021-06-30T10:44:40,7700.0,7.21,B
2021-06-30T10:43:52,800.0,7.21,S
2021-06-30T10:42:12,2000.0,7.21,S
2021-06-30T10:41:37,500.0,7.21,S
2021-06-30T10:40:26,6500.0,7.2,S
2021-06-30T10:40:26,6300.0,7.2,S
2021-06-30T10:40:26,1000.0,7.2,S
2021-06-30T10:40:26,600.0,7.2,S
2021-06-30T10:40:26,4000.0,7.2,S
2021-06-30T10:40:26,16100.0,7.2,S
2021-06-30T10:40:04,1200.0,7.21,S
2021-06-30T10:39:17,1000.0,7.21,S
2021-06-30T10:39:01,400.0,7.22,B
2021-06-30T10:38:13,20000.0,7.21,S
2021-06-30T10:37:46,1500.0,7.21,S
2021-06-30T10:37:36,1000.0,7.22,B
2021-06-30T10:36:00,1200.0,7.22,S
2021-06-30T10:35:55,8900.0,7.22,S
2021-06-30T10:34:48,2900.0,7.22,B
2021-06-30T10:34:45,1000.0,7.22,B
2021-06-30T10:34:36,10000.0,7.22,B
2021-06-30T10:34:03,100.0,7.22,B
2021-06-30T10:33:59,300.0,7.22,S
2021-06-30T10:33:51,400.0,7.21,S
2021-06-30T10:33:27,2000.0,7.22,B
2021-06-30T10:33:27,9800.0,7.22,B
2021-06-30T10:33:22,300.0,7.22,B
2021-06-30T10:32:53,2000.0,7.22,B
2021-06-30T10:32:49,8500.0,7.22,B
2021-06-30T10:32:08,19400.0,7.22,S
2021-06-30T10:31:55,200.0,7.22,S
2021-06-30T10:31:31,2900.0,7.22,B
2021-06-30T10:30:56,5500.0,7.22,B
2021-06-30T10:30:27,100.0,7.22,S
2021-06-30T10:30:25,4000.0,7.22,S
2021-06-30T10:30:09,5000.0,7.22,S
2021-06-30T10:29:46,300.0,7.22,S
2021-06-30T10:29:41,1000.0,7.22,B
2021-06-30T10:29:41,700.0,7.22,B
2021-06-30T10:29:41,39500.0,7.22,B
2021-06-30T10:29:04,700.0,7.21,B
2021-06-30T10:28:48,100.0,7.21,B
2021-06-30T10:28:45,100.0,7.21,B
2021-06-30T10:28:28,400.0,7.2,S
2021-06-30T10:28:14,100.0,7.21,S
2021-06-30T10:28:12,1000.0,7.21,S
2021-06-30T10:27:51,10800.0,7.21,B
2021-06-30T10:27:50,3000.0,7.21,B
2021-06-30T10:27:43,9700.0,7.2,S
2021-06-30T10:27:42,1000.0,7.21,B
2021-06-30T10:27:08,3000.0,7.21,S
2021-06-30T10:27:08,3700.0,7.21,S
2021-06-30T10:26:53,25000.0,7.21,S
2021-06-30T10:26:27,600.0,7.22,B
2021-06-30T10:25:32,2800.0,7.22,B
2021-06-30T10:25:28,2000.0,7.21,S
2021-06-30T10:25:18,2000.0,7.21,S
2021-06-30T10:25:07,8000.0,7.21,S
2021-06-30T10:25:04,1000.0,7.21,S
2021-06-30T10:24:35,1000.0,7.21,S
2021-06-30T10:24:00,200.0,7.22,B
2021-06-30T10:23:56,500.0,7.21,S
2021-06-30T10:23:54,600.0,7.22,B
2021-06-30T10:23:45,600.0,7.22,B
2021-06-30T10:22:43,500.0,7.22,B
2021-06-30T10:22:27,5300.0,7.22,B
2021-06-30T10:22:04,500.0,7.21,S
2021-06-30T10:21:47,1100.0,7.21,S
2021-06-30T10:21:32,700.0,7.21,S
2021-06-30T10:20:22,500.0,7.22,B
2021-06-30T10:20:07,500.0,7.22,B
2021-06-30T10:19:56,17700.0,7.22,S
2021-06-30T10:19:52,8000.0,7.22,S
2021-06-30T10:19:24,200.0,7.22,S
2021-06-30T10:18:59,2000.0,7.22,S
2021-06-30T10:17:25,700.0,7.22,S
2021-06-30T10:17:18,2000.0,7.23,B
2021-06-30T10:16:56,2000.0,7.22,S
2021-06-30T10:16:51,100.0,7.23,B
2021-06-30T10:16:09,800.0,7.22,S
2021-06-30T10:15:34,1000.0,7.22,B
2021-06-30T10:15:34,2400.0,7.22,B
2021-06-30T10:15:33,2000.0,7.22,B
2021-06-30T10:15:26,100.0,7.22,B
2021-06-30T10:15:25,300.0,7.21,S
2021-06-30T10:15:16,700.0,7.22,B
2021-06-30T10:15:13,1100.0,7.22,B
2021-06-30T10:15:07,900.0,7.22,B
2021-06-30T10:14:54,300.0,7.22,B
2021-06-30T10:14:52,1000.0,7.22,B
2021-06-30T10:14:44,2000.0,7.22,B
2021-06-30T10:14:30,4300.0,7.22,B
2021-06-30T10:14:30,2200.0,7.22,B
2021-06-30T10:14:30,23500.0,7.22,B
2021-06-30T10:14:27,500.0,7.22,B
2021-06-30T10:14:16,200.0,7.22,B
2021-06-30T10:14:12,1000.0,7.22,B
2021-06-30T10:13:56,2000.0,7.22,B
2021-06-30T10:13:47,2300.0,7.22,B
2021-06-30T10:13:47,200.0,7.22,B
2021-06-30T10:13:47,500.0,7.22,B
2021-06-30T10:13:43,500.0,7.22,B
2021-06-30T10:13:31,1000.0,7.22,B
2021-06-30T10:13:18,100.0,7.22,B
2021-06-30T10:13:14,100.0,7.22,B
2021-06-30T10:12:30,900.0,7.21,B
2021-06-30T10:12:20,2100.0,7.21,B
2021-06-30T10:12:20,500.0,7.21,B
2021-06-30T10:12:20,200.0,7.21,B
2021-06-30T10:12:18,100.0,7.21,B
2021-06-30T10:12:17,300.0,7.2,S
2021-06-30T10:12:13,100.0,7.21,B
2021-06-30T10:11:42,100.0,7.21,B
2021-06-30T10:11:36,1000.0,7.21,B
2021-06-30T10:11:13,1000.0,7.21,B
2021-06-30T10:11:10,2000.0,7.2,S
2021-06-30T10:10:41,300.0,7.21,B
2021-06-30T10:10:35,2000.0,7.2,S
2021-06-30T10:10:33,2000.0,7.21,B
2021-06-30T10:10:18,5000.0,7.21,B
2021-06-30T10:10:17,200.0,7.2,S
2021-06-30T10:10:14,5000.0,7.2,S
2021-06-30T10:10:00,1500.0,7.2,S
2021-06-30T10:09:48,100.0,7.2,S
2021-06-30T10:09:34,800.0,7.2,S
2021-06-30T10:09:28,300.0,7.2,S
2021-06-30T10:09:28,7600.0,7.2,S
2021-06-30T10:09:26,100.0,7.2,S
2021-06-30T10:09:20,2000.0,7.2,S
2021-06-30T10:09:14,10300.0,7.2,B
2021-06-30T10:09:12,100.0,7.2,B
2021-06-30T10:09:11,4500.0,7.2,B
2021-06-30T10:09:00,3600.0,7.2,B
2021-06-30T10:08:54,1000.0,7.2,B
2021-06-30T10:08:53,2000.0,7.2,B
2021-06-30T10:08:50,5800.0,7.2,B
2021-06-30T10:08:42,4000.0,7.19,S
2021-06-30T10:08:39,4500.0,7.2,B
2021-06-30T10:08:30,3000.0,7.2,B
2021-06-30T10:08:10,300.0,7.2,B
2021-06-30T10:08:00,5000.0,7.2,B
2021-06-30T10:07:23,400.0,7.2,B
2021-06-30T10:07:13,4500.0,7.2,B
2021-06-30T10:06:52,1000.0,7.2,B
2021-06-30T10:06:36,3000.0,7.19,S
2021-06-30T10:06:19,500.0,7.19,S
2021-06-30T10:06:08,300.0,7.19,S
2021-06-30T10:06:04,5200.0,7.19,B
2021-06-30T10:06:03,100.0,7.19,B
2021-06-30T10:06:02,3500.0,7.19,B
2021-06-30T10:05:59,7000.0,7.19,B
2021-06-30T10:05:59,600.0,7.18,S
2021-06-30T10:05:59,2000.0,7.18,S
2021-06-30T10:05:59,3100.0,7.18,S
2021-06-30T10:05:59,5500.0,7.18,S
2021-06-30T10:05:59,1300.0,7.18,S
2021-06-30T10:05:59,5500.0,7.18,S
2021-06-30T10:05:59,2000.0,7.18,S
2021-06-30T10:05:59,5800.0,7.18,S
2021-06-30T10:05:59,2200.0,7.18,S
2021-06-30T10:05:58,700.0,7.18,S
2021-06-30T10:05:52,100.0,7.19,B
2021-06-30T10:05:51,600.0,7.19,B
2021-06-30T10:05:49,100.0,7.19,B
2021-06-30T10:05:47,100.0,7.19,B
2021-06-30T10:05:34,500.0,7.19,B
2021-06-30T10:05:27,500.0,7.19,B
2021-06-30T10:05:26,100.0,7.18,S
2021-06-30T10:05:23,300.0,7.19,B
2021-06-30T10:05:18,200.0,7.18,S
2021-06-30T10:05:09,500.0,7.19,B
2021-06-30T10:05:00,2000.0,7.18,S
2021-06-30T10:04:59,200.0,7.19,B
2021-06-30T10:04:49,2000.0,7.18,S
2021-06-30T10:04:26,100.0,7.18,B
2021-06-30T10:04:25,500.0,7.18,B
2021-06-30T10:04:15,500.0,7.18,B
2021-06-30T10:04:15,1500.0,7.18,B
2021-06-30T10:04:13,400.0,7.18,B
2021-06-30T10:04:10,10000.0,7.18,B
2021-06-30T10:03:57,200.0,7.18,B
2021-06-30T10:03:56,200.0,7.18,B
2021-06-30T10:03:54,100.0,7.18,B
2021-06-30T10:03:39,300.0,7.18,B
2021-06-30T10:03:38,5100.0,7.18,B
2021-06-30T10:03:37,1000.0,7.18,B
2021-06-30T10:03:35,1000.0,7.18,B
2021-06-30T10:03:34,500.0,7.18,B
2021-06-30T10:03:33,2000.0,7.18,B
2021-06-30T10:03:22,200.0,7.18,B
2021-06-30T10:03:09,2000.0,7.18,B
2021-06-30T10:03:06,100.0,7.18,B
2021-06-30T10:03:05,1000.0,7.18,B
2021-06-30T10:03:05,300.0,7.18,B
2021-06-30T10:02:54,2000.0,7.18,S
2021-06-30T10:02:51,200.0,7.18,S
2021-06-30T10:02:50,100.0,7.18,S
2021-06-30T10:02:47,100.0,7.18,S
2021-06-30T10:02:46,100.0,7.18,S
2021-06-30T10:02:45,1000.0,7.18,S
2021-06-30T10:02:43,500.0,7.18,S
2021-06-30T10:02:41,8100.0,7.18,S
2021-06-30T10:02:36,300.0,7.19,B
2021-06-30T10:02:34,2900.0,7.18,B
2021-06-30T10:02:25,1300.0,7.18,B
2021-06-30T10:02:23,200.0,7.18,S
2021-06-30T10:02:16,5000.0,7.18,S
2021-06-30T10:02:15,2600.0,7.18,S
2021-06-30T10:02:15,1400.0,7.18,S
2021-06-30T10:02:15,8600.0,7.18,S
2021-06-30T10:02:14,3000.0,7.19,B
2021-06-30T10:02:14,3000.0,7.18,S
2021-06-30T10:02:09,1000.0,7.19,B
2021-06-30T10:02:03,1000.0,7.19,B
2021-06-30T10:01:58,2000.0,7.18,S
2021-06-30T10:01:58,10000.0,7.18,S
2021-06-30T10:01:57,200.0,7.19,B
2021-06-30T10:01:56,200.0,7.19,B
2021-06-30T10:01:54,500.0,7.19,B
2021-06-30T10:01:52,200.0,7.19,B
2021-06-30T10:01:51,12400.0,7.18,S
2021-06-30T10:01:51,300.0,7.19,B
2021-06-30T10:01:42,500.0,7.19,B
2021-06-30T10:01:39,100.0,7.19,B
2021-06-30T10:01:30,500.0,7.19,S
2021-06-30T10:01:30,1000.0,7.19,S
2021-06-30T10:01:30,300.0,7.19,S
2021-06-30T10:01:30,3300.0,7.19,S
2021-06-30T10:01:30,1900.0,7.19,S
2021-06-30T10:01:25,200.0,7.2,B
2021-06-30T10:01:22,5300.0,7.19,S
2021-06-30T10:01:22,4600.0,7.19,S
2021-06-30T10:01:21,100.0,7.2,B
2021-06-30T10:01:19,100.0,7.19,S
2021-06-30T10:01:13,1800.0,7.2,B
2021-06-30T10:01:12,100.0,7.2,B
2021-06-30T10:01:04,100.0,7.2,B
2021-06-30T10:00:44,5000.0,7.2,B
2021-06-30T10:00:42,200.0,7.2,B
2021-06-30T10:00:33,2200.0,7.19,S
2021-06-30T10:00:27,1000.0,7.2,S
2021-06-30T10:00:12,900.0,7.2,S
2021-06-30T10:00:12,1000.0,7.2,S
2021-06-30T10:00:12,3300.0,7.2,S
2021-06-30T10:00:12,300.0,7.2,S
2021-06-30T10:00:12,2400.0,7.2,S
2021-06-30T10:00:12,1000.0,7.2,S
2021-06-30T10:00:12,2400.0,7.2,S
2021-06-30T10:00:12,4400.0,7.2,S
2021-06-30T10:00:12,900.0,7.2,S
2021-06-30T10:00:11,1000.0,7.2,S
2021-06-30T10:00:11,3400.0,7.2,S
2021-06-30T10:00:01,1000.0,7.2,S
2021-06-30T09:59:49,1500.0,7.2,S
2021-06-30T09:59:44,3000.0,7.2,S
2021-06-30T09:59:40,6000.0,7.2,S
2021-06-30T09:59:18,100.0,7.2,S
2021-06-30T09:59:15,3000.0,7.2,S
2021-06-30T09:59:08,3200.0,7.2,S
2021-06-30T09:59:08,1500.0,7.2,S
2021-06-30T09:59:08,100.0,7.2,S
2021-06-30T09:59:08,100.0,7.2,S
2021-06-30T09:59:08,1000.0,7.2,S
2021-06-30T09:59:08,2200.0,7.2,S
2021-06-30T09:59:08,7700.0,7.2,S
2021-06-30T09:59:08,18400.0,7.2,S
2021-06-30T09:59:08,1800.0,7.2,S
2021-06-30T09:59:08,2500.0,7.2,S
2021-06-30T09:59:08,800.0,7.2,S
2021-06-30T09:59:08,200.0,7.2,S
2021-06-30T09:59:08,25100.0,7.2,S
2021-06-30T09:59:08,5100.0,7.2,S
2021-06-30T09:59:08,1300.0,7.2,S
2021-06-30T09:59:08,2300.0,7.21,S
2021-06-30T09:59:08,5000.0,7.21,S
2021-06-30T09:59:08,700.0,7.21,S
2021-06-30T09:59:08,2100.0,7.21,S
2021-06-30T09:59:07,10000.0,7.21,S
2021-06-30T09:59:07,8900.0,7.21,S
2021-06-30T09:58:59,300.0,7.22,B
2021-06-30T09:58:48,100.0,7.22,B
2021-06-30T09:58:29,300.0,7.22,B
2021-06-30T09:58:06,200.0,7.22,B
2021-06-30T09:57:35,800.0,7.22,B
2021-06-30T09:56:49,400.0,7.22,B
2021-06-30T09:55:49,100.0,7.22,B
2021-06-30T09:55:49,200.0,7.22,B
2021-06-30T09:55:35,4500.0,7.22,B
2021-06-30T09:55:27,2000.0,7.21,S
2021-06-30T09:55:02,2000.0,7.21,S
2021-06-30T09:54:52,2600.0,7.22,B
2021-06-30T09:54:24,1000.0,7.22,B
2021-06-30T09:54:13,1400.0,7.21,B
2021-06-30T09:54:04,2000.0,7.21,B
2021-06-30T09:53:56,500.0,7.21,B
2021-06-30T09:53:48,200.0,7.21,B
2021-06-30T09:53:22,9000.0,7.21,B
2021-06-30T09:53:10,3800.0,7.21,S
2021-06-30T09:53:10,9400.0,7.21,S
2021-06-30T09:53:10,7900.0,7.21,S
2021-06-30T09:53:10,2300.0,7.21,S
2021-06-30T09:53:10,300.0,7.21,S
2021-06-30T09:53:10,2700.0,7.21,S
2021-06-30T09:53:10,1100.0,7.21,S
2021-06-30T09:53:09,11400.0,7.21,S
2021-06-30T09:52:50,100.0,7.22,B
2021-06-30T09:52:01,300.0,7.22,B
2021-06-30T09:51:52,500.0,7.22,B
2021-06-30T09:51:44,1000.0,7.22,B
2021-06-30T09:51:35,500.0,7.22,B
2021-06-30T09:51:07,500.0,7.22,B
2021-06-30T09:51:00,200.0,7.22,B
2021-06-30T09:50:42,500.0,7.22,B
2021-06-30T09:50:39,500.0,7.22,B
2021-06-30T09:50:28,400.0,7.22,B
2021-06-30T09:50:08,100.0,7.22,B
2021-06-30T09:49:40,500.0,7.22,S
2021-06-30T09:49:27,2500.0,7.22,S
2021-06-30T09:49:19,1000.0,7.21,S
2021-06-30T09:49:14,400.0,7.22,S
2021-06-30T09:49:13,2000.0,7.22,S
2021-06-30T09:48:51,200.0,7.22,S
2021-06-30T09:48:46,600.0,7.22,S
2021-06-30T09:48:06,3500.0,7.22,B
2021-06-30T09:47:43,10000.0,7.22,B
2021-06-30T09:47:32,5200.0,7.22,B
2021-06-30T09:46:39,100.0,7.21,S
2021-06-30T09:46:38,100.0,7.22,B
2021-06-30T09:46:29,3300.0,7.22,B
2021-06-30T09:46:29,6700.0,7.22,B
2021-06-30T09:46:22,700.0,7.22,B
2021-06-30T09:46:09,2000.0,7.22,B
2021-06-30T09:46:03,600.0,7.22,B
2021-06-30T09:45:22,6800.0,7.22,B
2021-06-30T09:45:08,3800.0,7.22,S
2021-06-30T09:44:55,3400.0,7.22,S
2021-06-30T09:44:55,700.0,7.22,S
2021-06-30T09:44:55,900.0,7.22,S
2021-06-30T09:44:01,2000.0,7.22,S
2021-06-30T09:43:48,1000.0,7.22,S
2021-06-30T09:43:48,300.0,7.23,B
2021-06-30T09:43:48,300.0,7.23,B
2021-06-30T09:43:47,1000.0,7.22,S
2021-06-30T09:42:34,900.0,7.22,S
2021-06-30T09:42:34,300.0,7.22,S
2021-06-30T09:42:34,3800.0,7.22,S
2021-06-30T09:42:34,100.0,7.22,S
2021-06-30T09:42:34,13400.0,7.22,S
2021-06-30T09:42:31,900.0,7.22,S
2021-06-30T09:42:04,1000.0,7.22,S
2021-06-30T09:42:01,200.0,7.23,B
2021-06-30T09:42:01,2600.0,7.22,S
2021-06-30T09:41:43,100.0,7.23,B
2021-06-30T09:41:32,200.0,7.22,S
2021-06-30T09:41:32,300.0,7.22,S
2021-06-30T09:41:31,9500.0,7.22,S
2021-06-30T09:41:30,100.0,7.23,B
2021-06-30T09:41:28,100.0,7.23,B
2021-06-30T09:41:17,400.0,7.23,B
2021-06-30T09:40:44,100.0,7.23,B
2021-06-30T09:40:41,7600.0,7.23,B
2021-06-30T09:40:37,1000.0,7.22,S
2021-06-30T09:40:20,5000.0,7.23,B
2021-06-30T09:40:10,100.0,7.23,S
2021-06-30T09:40:03,7200.0,7.23,S
2021-06-30T09:39:25,800.0,7.23,B
2021-06-30T09:39:25,4600.0,7.23,B
2021-06-30T09:38:43,5000.0,7.23,B
2021-06-30T09:38:01,400.0,7.23,B
2021-06-30T09:37:56,100.0,7.22,S
2021-06-30T09:37:42,200.0,7.23,B
2021-06-30T09:37:27,100.0,7.23,B
2021-06-30T09:37:07,1000.0,7.22,S
2021-06-30T09:36:38,17000.0,7.22,S
2021-06-30T09:36:36,900.0,7.23,B
2021-06-30T09:36:26,5000.0,7.23,B
2021-06-30T09:36:08,500.0,7.23,B
2021-06-30T09:35:35,3100.0,7.23,S
2021-06-30T09:35:35,200.0,7.23,S
2021-06-30T09:35:35,5000.0,7.23,S
2021-06-30T09:35:35,3400.0,7.23,S
2021-06-30T09:35:35,500.0,7.23,S
2021-06-30T09:35:35,200.0,7.23,S
2021-06-30T09:35:34,400.0,7.23,S
2021-06-30T09:34:49,300.0,7.23,S
2021-06-30T09:34:34,60000.0,7.23,S
2021-06-30T09:34:07,100.0,7.25,B
2021-06-30T09:33:44,400.0,7.25,B
2021-06-30T09:33:44,9600.0,7.25,B
2021-06-30T09:33:33,6900.0,7.24,S
2021-06-30T09:33:19,100.0,7.25,B
2021-06-30T09:32:05,500.0,7.25,B
2021-06-30T09:31:24,5000.0,7.25,B
2021-06-30T09:31:12,2000.0,7.24,S
2021-06-30T09:30:41,600.0,7.24,S
2021-06-30T09:30:31,2000.0,7.25,S
2021-06-30T09:30:11,200.0,7.26,B
2021-06-30T09:29:57,7000.0,7.25,S
2021-06-30T09:29:49,200.0,7.26,S
2021-06-30T09:29:30,3000.0,7.26,S
2021-06-30T09:28:30,3500.0,7.26,S
2021-06-30T09:27:35,500.0,7.26,S
2021-06-30T09:26:58,500.0,7.26,B
2021-06-30T09:26:58,4800.0,7.26,B
2021-06-30T09:26:57,5000.0,7.26,B
2021-06-30T09:26:55,1000.0,7.25,S
2021-06-30T09:26:28,100.0,7.26,B
2021-06-30T09:26:23,1000.0,7.25,S
2021-06-30T09:26:09,100.0,7.26,S
2021-06-30T09:24:58,1000.0,7.25,S
2021-06-30T09:24:45,1500.0,7.25,S
2021-06-30T09:24:41,2900.0,7.25,S
2021-06-30T09:24:08,2000.0,7.25,B
2021-06-30T09:23:34,4600.0,7.25,B
2021-06-30T09:23:18,1000.0,7.25,B
2021-06-30T09:23:18,3000.0,7.25,B
2021-06-30T09:23:11,3900.0,7.23,S
2021-06-30T09:23:11,100.0,7.24,S
2021-06-30T09:21:34,2400.0,7.23,B
2021-06-30T09:21:22,3500.0,7.23,B
2021-06-30T09:21:21,300.0,7.22,S
2021-06-30T09:20:46,4000.0,7.22,S
2021-06-30T09:19:40,1000.0,7.22,S
2021-06-30T09:19:20,2000.0,7.22,S
2021-06-30T09:19:05,100.0,7.23,B
2021-06-30T09:18:54,4500.0,7.23,B
2021-06-30T09:18:36,300.0,7.23,B
2021-06-30T09:18:09,200.0,7.23,B
2021-06-30T09:17:22,6000.0,7.25,B
2021-06-30T09:16:56,100.0,7.23,B
2021-06-30T09:16:52,800.0,7.23,B
2021-06-30T09:16:44,30000.0,7.22,S
2021-06-30T09:16:31,5000.0,7.23,B
2021-06-30T09:16:22,200.0,7.23,B
2021-06-30T09:15:48,500.0,7.23,B
