tradingTime,volume,price,side
2021-06-30T13:20:09,1000.0,15.3,S
2021-06-30T13:20:07,200.0,15.3,S
2021-06-30T13:19:15,600.0,15.3,S
2021-06-30T13:18:14,400.0,15.3,S
2021-06-30T13:17:32,100.0,15.3,S
2021-06-30T13:17:26,500.0,15.3,S
2021-06-30T13:17:13,200.0,15.3,S
2021-06-30T13:15:53,200.0,15.3,S
2021-06-30T13:15:29,10000.0,15.3,S
2021-06-30T13:15:00,1100.0,15.3,S
2021-06-30T13:14:47,300.0,15.4,B
2021-06-30T13:14:10,300.0,15.4,B
2021-06-30T13:13:55,3200.0,15.3,S
2021-06-30T13:13:42,300.0,15.3,S
2021-06-30T13:13:30,200.0,15.3,S
2021-06-30T13:13:13,10000.0,15.3,S
2021-06-30T13:13:12,1000.0,15.3,S
2021-06-30T13:13:00,5000.0,15.3,S
2021-06-30T13:12:13,200.0,15.3,S
2021-06-30T13:11:59,500.0,15.3,S
2021-06-30T13:11:47,1000.0,15.3,S
2021-06-30T13:11:33,8000.0,15.3,S
2021-06-30T13:11:29,400.0,15.3,S
2021-06-30T13:11:27,30000.0,15.3,S
2021-06-30T13:11:22,500.0,15.3,S
2021-06-30T13:11:08,1100.0,15.3,S
2021-06-30T13:11:04,1000.0,15.3,S
2021-06-30T13:11:01,1000.0,15.3,S
2021-06-30T13:10:54,1300.0,15.3,S
2021-06-30T13:10:32,4000.0,15.3,S
2021-06-30T13:10:04,500.0,15.3,S
2021-06-30T13:09:20,1000.0,15.3,S
2021-06-30T13:07:11,1000.0,15.4,B
2021-06-30T13:06:16,100.0,15.4,B
2021-06-30T13:05:08,2700.0,15.4,B
2021-06-30T13:04:51,100.0,15.4,B
2021-06-30T13:03:05,300.0,15.4,B
2021-06-30T13:00:22,100.0,15.3,S
2021-06-30T13:00:22,1200.0,15.3,S
2021-06-30T13:00:16,700.0,15.3,S
2021-06-30T11:29:39,2000.0,15.3,S
2021-06-30T11:28:39,7700.0,15.3,S
2021-06-30T11:28:21,1500.0,15.3,S
2021-06-30T11:28:14,300.0,15.3,S
2021-06-30T11:27:51,1500.0,15.3,S
2021-06-30T11:27:37,500.0,15.3,S
2021-06-30T11:26:53,300.0,15.3,S
2021-06-30T11:24:23,5000.0,15.3,S
2021-06-30T11:19:02,4000.0,15.4,B
2021-06-30T11:16:06,1000.0,15.3,S
2021-06-30T11:14:36,100.0,15.3,S
2021-06-30T11:13:16,1500.0,15.3,S
2021-06-30T11:11:43,2000.0,15.4,B
2021-06-30T11:11:24,100.0,15.4,B
2021-06-30T11:11:16,1800.0,15.4,B
2021-06-30T11:09:48,100.0,15.4,B
2021-06-30T11:09:06,3000.0,15.4,B
2021-06-30T11:07:36,2000.0,15.4,B
2021-06-30T11:06:32,100.0,15.4,B
2021-06-30T11:06:25,1900.0,15.4,B
2021-06-30T11:05:35,1400.0,15.4,B
2021-06-30T11:04:59,200.0,15.4,B
2021-06-30T11:03:57,200.0,15.4,B
2021-06-30T11:03:55,1800.0,15.4,S
2021-06-30T11:03:44,22200.0,15.4,S
2021-06-30T11:03:34,1000.0,15.4,S
2021-06-30T11:02:32,700.0,15.5,B
2021-06-30T11:02:17,100.0,15.5,B
2021-06-30T11:01:32,3400.0,15.5,B
2021-06-30T11:00:35,100.0,15.5,B
2021-06-30T11:00:05,800.0,15.5,B
2021-06-30T10:59:49,1000.0,15.5,B
2021-06-30T10:59:32,3000.0,15.5,B
2021-06-30T10:59:25,1000.0,15.5,B
2021-06-30T10:59:13,500.0,15.5,B
2021-06-30T10:59:10,10000.0,15.5,B
2021-06-30T10:58:46,400.0,15.5,B
2021-06-30T10:58:44,9000.0,15.5,B
2021-06-30T10:58:39,100.0,15.5,B
2021-06-30T10:58:28,40000.0,15.5,B
2021-06-30T10:57:44,40000.0,15.5,B
2021-06-30T10:57:34,100.0,15.4,S
2021-06-30T10:56:57,9700.0,15.4,B
2021-06-30T10:56:51,500.0,15.4,B
2021-06-30T10:56:40,700.0,15.4,B
2021-06-30T10:56:40,1800.0,15.4,B
2021-06-30T10:56:39,100.0,15.4,B
2021-06-30T10:56:38,5000.0,15.4,B
2021-06-30T10:56:38,2000.0,15.4,B
2021-06-30T10:56:22,100.0,15.4,B
2021-06-30T10:56:14,500.0,15.4,B
2021-06-30T10:56:12,200.0,15.4,B
2021-06-30T10:56:04,600.0,15.4,B
2021-06-30T10:55:50,200.0,15.4,B
2021-06-30T10:55:44,500.0,15.4,B
2021-06-30T10:55:40,2000.0,15.4,B
2021-06-30T10:55:38,100.0,15.4,B
2021-06-30T10:55:30,1000.0,15.4,B
2021-06-30T10:55:28,100.0,15.4,B
2021-06-30T10:55:19,2000.0,15.4,B
2021-06-30T10:55:12,1000.0,15.4,B
2021-06-30T10:55:11,100.0,15.4,B
2021-06-30T10:55:05,5000.0,15.4,B
2021-06-30T10:54:32,10000.0,15.4,B
2021-06-30T10:54:32,500.0,15.4,B
2021-06-30T10:54:27,1000.0,15.4,B
2021-06-30T10:54:18,1000.0,15.4,B
2021-06-30T10:54:17,1000.0,15.4,B
2021-06-30T10:54:14,100.0,15.4,B
2021-06-30T10:54:12,1000.0,15.4,B
2021-06-30T10:54:10,300.0,15.4,B
2021-06-30T10:54:03,7000.0,15.4,B
2021-06-30T10:54:02,3500.0,15.4,B
2021-06-30T10:54:01,300.0,15.4,B
2021-06-30T10:53:42,5200.0,15.4,B
2021-06-30T10:53:29,300.0,15.4,B
2021-06-30T10:53:14,1400.0,15.4,B
2021-06-30T10:53:09,1000.0,15.4,B
2021-06-30T10:53:01,1000.0,15.4,B
2021-06-30T10:52:54,3400.0,15.4,B
2021-06-30T10:52:44,5000.0,15.4,B
2021-06-30T10:52:34,200.0,15.4,B
2021-06-30T10:52:32,100.0,15.4,B
2021-06-30T10:52:22,500.0,15.4,B
2021-06-30T10:52:15,9000.0,15.4,B
2021-06-30T10:52:14,500.0,15.3,S
2021-06-30T10:52:10,800.0,15.4,B
2021-06-30T10:52:04,4000.0,15.4,B
2021-06-30T10:52:00,100.0,15.4,B
2021-06-30T10:51:33,600.0,15.4,B
2021-06-30T10:51:25,4800.0,15.4,B
2021-06-30T10:51:20,100.0,15.3,S
2021-06-30T10:51:15,200.0,15.4,B
2021-06-30T10:51:00,200.0,15.3,S
2021-06-30T10:49:58,100.0,15.3,S
2021-06-30T10:48:14,1000.0,15.3,S
2021-06-30T10:47:46,5000.0,15.4,B
2021-06-30T10:47:27,500.0,15.3,S
2021-06-30T10:46:54,900.0,15.3,B
2021-06-30T10:46:50,500.0,15.3,B
2021-06-30T10:46:29,200.0,15.3,B
2021-06-30T10:46:26,9000.0,15.3,B
2021-06-30T10:46:20,2000.0,15.3,B
2021-06-30T10:46:14,100.0,15.3,B
2021-06-30T10:46:12,5000.0,15.3,B
2021-06-30T10:45:58,1100.0,15.3,B
2021-06-30T10:45:55,200.0,15.3,B
2021-06-30T10:45:46,100.0,15.3,B
2021-06-30T10:45:39,1500.0,15.3,B
2021-06-30T10:45:36,20000.0,15.3,B
2021-06-30T10:45:28,200.0,15.3,B
2021-06-30T10:45:14,600.0,15.3,B
2021-06-30T10:45:11,700.0,15.3,B
2021-06-30T10:44:57,1000.0,15.3,B
2021-06-30T10:44:53,1600.0,15.3,B
2021-06-30T10:44:26,4000.0,15.3,B
2021-06-30T10:44:04,300.0,15.3,B
2021-06-30T10:44:02,100.0,15.2,S
2021-06-30T10:43:48,1000.0,15.3,B
2021-06-30T10:43:33,100.0,15.3,B
2021-06-30T10:43:22,200.0,15.3,B
2021-06-30T10:43:16,1500.0,15.3,B
2021-06-30T10:42:50,500.0,15.3,B
2021-06-30T10:42:38,1000.0,15.3,B
2021-06-30T10:42:37,200.0,15.3,B
2021-06-30T10:42:29,100.0,15.3,B
2021-06-30T10:41:49,5100.0,15.3,S
2021-06-30T10:41:27,1000.0,15.3,S
2021-06-30T10:41:09,2500.0,15.3,S
2021-06-30T10:40:52,100.0,15.3,S
2021-06-30T10:40:16,100.0,15.3,S
2021-06-30T10:40:07,4200.0,15.3,B
2021-06-30T10:39:46,200.0,15.3,B
2021-06-30T10:39:44,1000.0,15.3,B
2021-06-30T10:39:14,500.0,15.3,B
2021-06-30T10:38:15,500.0,15.3,B
2021-06-30T10:38:02,900.0,15.3,B
2021-06-30T10:37:53,21000.0,15.3,B
2021-06-30T10:37:44,100.0,15.3,B
2021-06-30T10:36:50,100.0,15.3,B
2021-06-30T10:36:32,100.0,15.3,B
2021-06-30T10:36:28,100.0,15.3,B
2021-06-30T10:36:26,100.0,15.3,B
2021-06-30T10:36:05,300.0,15.3,B
2021-06-30T10:35:10,5000.0,15.3,B
2021-06-30T10:34:57,2100.0,15.3,B
2021-06-30T10:34:25,1000.0,15.3,B
2021-06-30T10:33:45,1000.0,15.3,B
2021-06-30T10:33:25,19400.0,15.3,B
2021-06-30T10:33:23,6000.0,15.3,S
2021-06-30T10:33:15,30000.0,15.3,S
2021-06-30T10:33:13,2300.0,15.4,B
2021-06-30T10:33:05,100.0,15.3,S
2021-06-30T10:32:50,100.0,15.3,S
2021-06-30T10:32:47,400.0,15.3,S
2021-06-30T10:32:43,400.0,15.3,S
2021-06-30T10:32:37,16300.0,15.3,S
2021-06-30T10:32:33,5000.0,15.3,S
2021-06-30T10:32:29,300.0,15.3,S
2021-06-30T10:32:17,200.0,15.3,S
2021-06-30T10:31:55,500.0,15.3,S
2021-06-30T10:31:33,32000.0,15.3,S
2021-06-30T10:31:26,29500.0,15.3,S
2021-06-30T10:31:14,2300.0,15.3,S
2021-06-30T10:31:13,4800.0,15.4,B
2021-06-30T10:31:01,1000.0,15.4,B
2021-06-30T10:29:53,200.0,15.4,B
2021-06-30T10:29:47,500.0,15.4,B
2021-06-30T10:29:36,1000.0,15.4,B
2021-06-30T10:29:24,1600.0,15.4,B
2021-06-30T10:29:24,200.0,15.3,S
2021-06-30T10:27:53,2000.0,15.3,S
2021-06-30T10:27:49,500.0,15.4,B
2021-06-30T10:27:46,100.0,15.3,S
2021-06-30T10:27:37,100.0,15.4,B
2021-06-30T10:26:52,5000.0,15.3,S
2021-06-30T10:26:49,1000.0,15.4,B
2021-06-30T10:24:45,15000.0,15.3,S
2021-06-30T10:23:07,2000.0,15.3,S
2021-06-30T10:22:57,300.0,15.3,S
2021-06-30T10:21:57,4700.0,15.3,S
2021-06-30T10:21:42,700.0,15.4,B
2021-06-30T10:21:42,200.0,15.4,B
2021-06-30T10:21:26,1000.0,15.3,S
2021-06-30T10:21:17,100.0,15.4,B
2021-06-30T10:20:33,100.0,15.4,B
2021-06-30T10:19:56,100.0,15.4,B
2021-06-30T10:17:06,700.0,15.4,B
2021-06-30T10:16:28,100.0,15.4,B
2021-06-30T10:16:08,100.0,15.4,B
2021-06-30T10:16:00,700.0,15.4,B
2021-06-30T10:14:18,100.0,15.4,B
2021-06-30T10:13:09,1000.0,15.4,B
2021-06-30T10:13:06,2000.0,15.3,S
2021-06-30T10:12:52,6000.0,15.3,S
2021-06-30T10:12:43,3000.0,15.3,S
2021-06-30T10:12:32,500.0,15.3,S
2021-06-30T10:12:00,700.0,15.3,S
2021-06-30T10:11:55,1000.0,15.3,S
2021-06-30T10:11:22,700.0,15.3,S
2021-06-30T10:09:55,1000.0,15.3,S
2021-06-30T10:09:51,1000.0,15.3,S
2021-06-30T10:09:37,5000.0,15.3,S
2021-06-30T10:09:10,3000.0,15.4,B
2021-06-30T10:05:59,200.0,15.4,B
2021-06-30T10:05:22,1300.0,15.4,B
2021-06-30T10:05:22,100.0,15.4,B
2021-06-30T10:05:20,1000.0,15.4,B
2021-06-30T10:04:52,200.0,15.4,B
2021-06-30T10:03:49,100.0,15.4,B
2021-06-30T10:03:14,2000.0,15.4,B
2021-06-30T10:03:06,100.0,15.4,B
2021-06-30T10:02:56,200.0,15.4,B
2021-06-30T10:02:48,200.0,15.4,B
2021-06-30T10:01:47,100.0,15.4,B
2021-06-30T10:01:46,2000.0,15.4,B
2021-06-30T10:00:54,100.0,15.4,B
2021-06-30T10:00:42,100.0,15.4,B
2021-06-30T10:00:21,300.0,15.4,B
2021-06-30T09:59:22,2000.0,15.4,B
2021-06-30T09:58:57,1900.0,15.4,S
2021-06-30T09:58:29,5000.0,15.4,S
2021-06-30T09:58:09,200.0,15.5,B
2021-06-30T09:57:20,2000.0,15.5,B
2021-06-30T09:56:40,400.0,15.4,S
2021-06-30T09:56:16,4300.0,15.4,B
2021-06-30T09:56:05,2500.0,15.4,B
2021-06-30T09:56:04,500.0,15.4,B
2021-06-30T09:55:32,2000.0,15.4,B
2021-06-30T09:55:22,1000.0,15.4,B
2021-06-30T09:55:04,8000.0,15.4,B
2021-06-30T09:54:30,400.0,15.4,B
2021-06-30T09:54:19,200.0,15.4,B
2021-06-30T09:53:49,200.0,15.4,B
2021-06-30T09:53:33,700.0,15.4,B
2021-06-30T09:53:05,1500.0,15.4,B
2021-06-30T09:53:00,1000.0,15.4,B
2021-06-30T09:52:46,1200.0,15.4,B
2021-06-30T09:52:38,2000.0,15.4,S
2021-06-30T09:52:37,300.0,15.4,S
2021-06-30T09:52:30,5000.0,15.4,S
2021-06-30T09:52:19,500.0,15.4,S
2021-06-30T09:51:59,1000.0,15.4,S
2021-06-30T09:51:53,1000.0,15.4,S
2021-06-30T09:50:17,200.0,15.4,S
2021-06-30T09:50:12,300.0,15.4,S
2021-06-30T09:49:03,200.0,15.4,S
2021-06-30T09:48:59,200.0,15.4,B
2021-06-30T09:48:44,100.0,15.4,S
2021-06-30T09:48:36,1900.0,15.4,S
2021-06-30T09:48:13,500.0,15.3,S
2021-06-30T09:47:54,100.0,15.3,S
2021-06-30T09:47:15,100.0,15.3,S
2021-06-30T09:46:54,100.0,15.3,S
2021-06-30T09:46:42,10000.0,15.4,B
2021-06-30T09:45:41,1000.0,15.4,B
2021-06-30T09:44:00,500.0,15.4,B
2021-06-30T09:43:40,1000.0,15.4,B
2021-06-30T09:43:32,100.0,15.3,S
2021-06-30T09:43:21,800.0,15.4,B
2021-06-30T09:41:28,200.0,15.3,S
2021-06-30T09:41:22,100.0,15.4,B
2021-06-30T09:41:21,100.0,15.4,B
2021-06-30T09:40:52,100.0,15.4,B
2021-06-30T09:40:34,1000.0,15.4,B
2021-06-30T09:40:23,100.0,15.4,B
2021-06-30T09:40:09,200.0,15.4,B
2021-06-30T09:40:03,400.0,15.4,B
2021-06-30T09:39:54,2000.0,15.4,B
2021-06-30T09:39:50,100.0,15.4,B
2021-06-30T09:39:46,100.0,15.4,B
2021-06-30T09:39:28,2300.0,15.4,S
2021-06-30T09:39:28,1900.0,15.4,S
2021-06-30T09:39:12,17800.0,15.4,B
2021-06-30T09:37:29,10000.0,15.4,B
2021-06-30T09:36:45,100.0,15.4,B
2021-06-30T09:36:39,1000.0,15.3,S
2021-06-30T09:36:01,100.0,15.3,S
2021-06-30T09:35:55,1000.0,15.4,B
2021-06-30T09:35:36,100.0,15.4,B
2021-06-30T09:35:22,2000.0,15.4,B
2021-06-30T09:34:45,15000.0,15.4,S
2021-06-30T09:34:32,1700.0,15.4,S
2021-06-30T09:34:04,20000.0,15.4,S
2021-06-30T09:33:19,500.0,15.5,B
2021-06-30T09:32:22,200.0,15.5,B
2021-06-30T09:31:56,1000.0,15.4,S
2021-06-30T09:31:43,2000.0,15.4,S
2021-06-30T09:30:41,5000.0,15.4,S
2021-06-30T09:30:21,4500.0,15.4,S
2021-06-30T09:30:20,1400.0,15.4,S
2021-06-30T09:29:43,200.0,15.4,S
2021-06-30T09:29:29,3000.0,15.4,S
2021-06-30T09:29:04,900.0,15.4,S
2021-06-30T09:27:41,300.0,15.4,S
2021-06-30T09:27:21,1500.0,15.4,S
2021-06-30T09:26:59,7000.0,15.4,S
2021-06-30T09:26:45,100.0,15.4,S
2021-06-30T09:26:44,100.0,15.5,B
2021-06-30T09:26:03,600.0,15.4,S
2021-06-30T09:24:45,10000.0,15.4,S
2021-06-30T09:24:32,200.0,15.4,S
2021-06-30T09:24:30,1000.0,15.5,B
2021-06-30T09:23:16,200.0,15.5,B
2021-06-30T09:23:07,200.0,15.5,B
2021-06-30T09:22:55,1000.0,15.5,B
2021-06-30T09:22:36,400.0,15.5,B
2021-06-30T09:21:33,10000.0,15.4,S
2021-06-30T09:21:29,2600.0,15.4,S
2021-06-30T09:20:51,200.0,15.4,S
2021-06-30T09:20:17,3000.0,15.4,S
2021-06-30T09:19:40,100.0,15.4,S
2021-06-30T09:18:59,5000.0,15.4,S
2021-06-30T09:18:54,10000.0,15.4,S
2021-06-30T09:18:37,2000.0,15.4,S
2021-06-30T09:18:14,100.0,15.4,S
2021-06-30T09:17:57,500.0,15.4,S
2021-06-30T09:17:23,1000.0,15.4,S
2021-06-30T09:17:00,2300.0,15.4,S
2021-06-30T09:16:56,300.0,15.4,B
2021-06-30T09:16:49,2000.0,15.4,B
2021-06-30T09:16:48,1000.0,15.4,B
2021-06-30T09:16:33,2000.0,15.4,B
2021-06-30T09:16:17,200.0,15.4,B
2021-06-30T09:16:15,700.0,15.4,B
2021-06-30T09:16:12,800.0,15.4,B
2021-06-30T09:15:53,100.0,15.4,B
2021-06-30T09:15:39,100.0,15.4,B
2021-06-30T09:15:24,1000.0,15.4,B
2021-06-30T09:15:18,1600.0,15.4,B
2021-06-30T09:15:09,10000.0,15.4,B
2021-06-30T09:14:48,27900.0,15.4,B
2021-06-30T09:14:44,500.0,15.5,B
2021-06-30T09:14:30,2000.0,15.5,S
2021-06-30T09:14:21,14800.0,15.5,B
2021-06-30T09:13:57,1000.0,15.5,B
2021-06-30T09:13:26,10000.0,15.5,B
2021-06-30T09:13:14,500.0,15.4,S
2021-06-30T09:12:45,300.0,15.5,B
2021-06-30T09:12:24,1000.0,15.5,B
2021-06-30T09:12:12,1300.0,15.5,B
2021-06-30T09:09:54,100.0,15.5,B
2021-06-30T09:09:32,1000.0,15.5,B
2021-06-30T09:09:25,100.0,15.5,B
2021-06-30T09:08:49,2400.0,15.5,B
2021-06-30T09:07:46,1200.0,15.5,S
2021-06-30T09:07:12,1000.0,15.5,S
2021-06-30T09:07:08,2000.0,15.5,S
2021-06-30T09:06:58,4000.0,15.5,S
2021-06-30T09:06:46,5000.0,15.5,S
2021-06-30T09:06:01,500.0,15.5,S
2021-06-30T09:05:47,20000.0,15.5,S
2021-06-30T09:05:39,1000.0,15.5,S
2021-06-30T09:05:16,100.0,15.5,S
2021-06-30T09:05:02,1000.0,15.6,B
2021-06-30T09:04:59,100.0,15.6,B
2021-06-30T09:04:51,100.0,15.6,B
2021-06-30T09:04:48,100.0,15.6,B
2021-06-30T09:04:47,1600.0,15.6,B
2021-06-30T09:03:30,300.0,15.6,B
2021-06-30T09:02:23,1000.0,15.5,S
2021-06-30T09:02:03,2100.0,15.5,S
2021-06-30T09:01:56,300.0,15.5,B
2021-06-30T09:01:48,2000.0,15.5,B
2021-06-30T09:01:34,800.0,15.5,B
2021-06-30T09:01:27,300.0,15.5,B
2021-06-30T09:01:26,600.0,15.5,B
2021-06-30T09:01:11,100.0,15.5,B
2021-06-30T09:01:08,1000.0,15.5,B
2021-06-30T09:01:02,400.0,15.5,B
2021-06-30T09:01:00,300.0,15.4,S
2021-06-30T09:00:57,700.0,15.5,S
2021-06-30T09:00:51,4300.0,15.5,B
2021-06-30T09:00:40,300.0,15.5,B
2021-06-30T09:00:38,1000.0,15.4,S
2021-06-30T09:00:34,700.0,15.5,B
2021-06-30T09:00:32,200.0,15.5,B
2021-06-30T09:00:26,100.0,15.4,S
2021-06-30T09:00:14,100.0,15.4,S
