tradingTime,volume,price,side
2021-06-30T13:20:10,800.0,17.6,S
2021-06-30T13:19:51,500.0,17.6,S
2021-06-30T13:19:16,500.0,17.6,S
2021-06-30T13:18:49,1000.0,17.6,S
2021-06-30T13:17:37,100.0,17.6,S
2021-06-30T13:17:11,2600.0,17.6,B
2021-06-30T13:16:58,700.0,17.55,B
2021-06-30T13:16:53,3000.0,17.5,S
2021-06-30T13:16:30,100.0,17.55,B
2021-06-30T13:15:51,500.0,17.55,B
2021-06-30T13:15:31,900.0,17.5,S
2021-06-30T13:15:09,100.0,17.5,S
2021-06-30T13:14:31,500.0,17.5,S
2021-06-30T13:13:57,500.0,17.5,S
2021-06-30T13:13:27,100.0,17.5,S
2021-06-30T13:12:52,1000.0,17.5,S
2021-06-30T13:12:16,1000.0,17.55,S
2021-06-30T13:12:14,200.0,17.55,S
2021-06-30T13:11:13,800.0,17.55,S
2021-06-30T13:11:01,500.0,17.55,S
2021-06-30T13:09:12,100.0,17.6,B
2021-06-30T13:09:08,300.0,17.6,B
2021-06-30T13:07:48,2700.0,17.6,S
2021-06-30T13:07:13,100.0,17.6,S
2021-06-30T13:07:06,400.0,17.6,S
2021-06-30T13:07:05,2000.0,17.6,S
2021-06-30T13:05:10,100.0,17.6,S
2021-06-30T13:05:10,2900.0,17.6,S
2021-06-30T13:02:56,3800.0,17.65,S
2021-06-30T13:01:41,200.0,17.65,B
2021-06-30T13:01:19,100.0,17.65,B
2021-06-30T13:00:57,100.0,17.65,B
2021-06-30T13:00:40,900.0,17.65,B
2021-06-30T13:00:22,900.0,17.65,B
2021-06-30T11:29:39,2000.0,17.65,B
2021-06-30T11:29:38,300.0,17.65,B
2021-06-30T11:28:46,500.0,17.65,B
2021-06-30T11:28:46,6700.0,17.65,S
2021-06-30T11:25:46,200.0,17.65,S
2021-06-30T11:25:43,500.0,17.7,B
2021-06-30T11:24:42,100.0,17.7,B
2021-06-30T11:24:34,400.0,17.7,B
2021-06-30T11:24:34,1600.0,17.7,B
2021-06-30T11:24:16,1000.0,17.65,S
2021-06-30T11:22:22,2300.0,17.65,S
2021-06-30T11:21:15,100.0,17.7,B
2021-06-30T11:19:54,400.0,17.7,B
2021-06-30T11:19:39,1000.0,17.7,S
2021-06-30T11:18:32,500.0,17.7,S
2021-06-30T11:18:31,3900.0,17.7,S
2021-06-30T11:18:01,1400.0,17.75,S
2021-06-30T11:18:01,100.0,17.75,S
2021-06-30T11:18:01,200.0,17.75,S
2021-06-30T11:17:45,1000.0,17.75,S
2021-06-30T11:17:31,200.0,17.75,S
2021-06-30T11:11:13,200.0,17.8,B
2021-06-30T11:10:50,500.0,17.8,S
2021-06-30T11:10:17,1500.0,17.8,S
2021-06-30T11:10:07,5000.0,17.8,S
2021-06-30T11:09:52,1000.0,17.8,S
2021-06-30T11:07:32,100.0,17.8,S
2021-06-30T11:07:21,2000.0,17.8,S
2021-06-30T11:06:51,600.0,17.8,S
2021-06-30T11:05:15,300.0,17.9,B
2021-06-30T11:03:12,200.0,17.9,B
2021-06-30T11:02:26,4700.0,17.9,S
2021-06-30T11:01:10,100.0,17.9,S
2021-06-30T11:00:39,1000.0,17.95,B
2021-06-30T11:00:16,1000.0,17.9,S
2021-06-30T10:59:52,100.0,17.9,S
2021-06-30T10:59:47,4900.0,17.9,S
2021-06-30T10:58:05,5000.0,17.9,S
2021-06-30T10:57:05,1500.0,17.9,S
2021-06-30T10:56:57,100.0,17.9,S
2021-06-30T10:56:38,200.0,17.9,S
2021-06-30T10:55:44,5100.0,17.9,S
2021-06-30T10:55:09,200.0,17.9,S
2021-06-30T10:53:36,300.0,17.9,S
2021-06-30T10:53:05,900.0,17.95,B
2021-06-30T10:52:46,400.0,17.9,S
2021-06-30T10:51:16,200.0,17.9,S
2021-06-30T10:48:13,100.0,17.9,S
2021-06-30T10:48:11,1000.0,17.9,S
2021-06-30T10:46:49,1000.0,17.9,S
2021-06-30T10:46:05,300.0,17.9,B
2021-06-30T10:46:05,100.0,17.9,B
2021-06-30T10:46:05,100.0,17.9,B
2021-06-30T10:46:05,200.0,17.9,B
2021-06-30T10:46:05,400.0,17.9,B
2021-06-30T10:46:05,200.0,17.85,B
2021-06-30T10:45:59,2000.0,17.8,S
2021-06-30T10:44:36,800.0,17.8,S
2021-06-30T10:43:36,300.0,17.8,S
2021-06-30T10:43:22,400.0,17.8,S
2021-06-30T10:42:58,5000.0,17.8,S
2021-06-30T10:42:23,300.0,17.8,S
2021-06-30T10:40:41,500.0,17.8,S
2021-06-30T10:40:02,100.0,17.8,S
2021-06-30T10:39:34,1000.0,17.8,S
2021-06-30T10:39:29,2700.0,17.8,B
2021-06-30T10:38:58,2400.0,17.8,B
2021-06-30T10:38:26,300.0,17.8,B
2021-06-30T10:38:17,200.0,17.8,B
2021-06-30T10:37:02,200.0,17.8,B
2021-06-30T10:36:23,200.0,17.8,B
2021-06-30T10:35:54,300.0,17.75,S
2021-06-30T10:35:32,100.0,17.75,S
2021-06-30T10:35:20,300.0,17.8,B
2021-06-30T10:35:12,500.0,17.8,B
2021-06-30T10:35:07,1100.0,17.8,B
2021-06-30T10:34:48,100.0,17.8,B
2021-06-30T10:33:44,100.0,17.8,B
2021-06-30T10:33:07,800.0,17.8,B
2021-06-30T10:33:07,200.0,17.8,B
2021-06-30T10:32:42,200.0,17.8,B
2021-06-30T10:31:59,300.0,17.8,B
2021-06-30T10:31:07,1900.0,17.8,B
2021-06-30T10:31:07,100.0,17.8,B
2021-06-30T10:28:38,100.0,17.8,B
2021-06-30T10:27:28,2700.0,17.8,B
2021-06-30T10:26:29,1100.0,17.8,B
2021-06-30T10:26:26,1200.0,17.8,B
2021-06-30T10:25:35,200.0,17.8,B
2021-06-30T10:25:24,500.0,17.8,B
2021-06-30T10:23:44,500.0,17.8,B
2021-06-30T10:23:42,300.0,17.8,B
2021-06-30T10:23:34,300.0,17.8,S
2021-06-30T10:22:24,1700.0,17.8,B
2021-06-30T10:22:17,100.0,17.75,S
2021-06-30T10:22:05,700.0,17.8,S
2021-06-30T10:21:05,500.0,17.8,B
2021-06-30T10:21:05,1900.0,17.8,B
2021-06-30T10:20:23,100.0,17.75,S
2021-06-30T10:19:48,200.0,17.75,S
2021-06-30T10:17:59,800.0,17.75,S
2021-06-30T10:17:12,600.0,17.8,B
2021-06-30T10:17:12,400.0,17.8,B
2021-06-30T10:16:22,500.0,17.8,B
2021-06-30T10:16:18,100.0,17.8,B
2021-06-30T10:16:18,3400.0,17.8,B
2021-06-30T10:15:39,1000.0,17.8,B
2021-06-30T10:15:36,1000.0,17.8,B
2021-06-30T10:14:27,100.0,17.8,B
2021-06-30T10:14:22,300.0,17.8,B
2021-06-30T10:13:44,2000.0,17.8,B
2021-06-30T10:13:14,500.0,17.6,S
2021-06-30T10:13:09,500.0,17.6,S
2021-06-30T10:12:26,200.0,17.6,S
2021-06-30T10:11:13,500.0,17.5,S
2021-06-30T10:11:11,700.0,17.5,S
2021-06-30T10:11:03,400.0,17.5,S
2021-06-30T10:10:18,1500.0,17.5,S
2021-06-30T10:10:18,100.0,17.5,S
2021-06-30T10:10:18,900.0,17.6,S
2021-06-30T10:10:18,100.0,17.6,S
2021-06-30T10:10:18,400.0,17.7,S
2021-06-30T10:10:18,2000.0,17.8,S
2021-06-30T10:10:09,500.0,17.85,S
2021-06-30T10:09:54,500.0,17.85,S
2021-06-30T10:09:20,100.0,17.9,B
2021-06-30T10:09:11,1100.0,17.9,S
2021-06-30T10:09:07,1100.0,17.9,S
2021-06-30T10:08:45,100.0,17.95,B
2021-06-30T10:08:42,100.0,17.9,S
2021-06-30T10:08:30,3000.0,17.9,S
2021-06-30T10:08:25,5000.0,17.9,S
2021-06-30T10:07:57,200.0,17.95,B
2021-06-30T10:07:47,300.0,17.95,B
2021-06-30T10:07:35,500.0,18.0,B
2021-06-30T10:07:23,2000.0,18.0,B
2021-06-30T10:07:23,2000.0,17.9,S
2021-06-30T10:07:23,600.0,17.95,S
2021-06-30T10:07:23,300.0,17.95,S
2021-06-30T10:07:23,1100.0,17.95,S
2021-06-30T10:07:23,200.0,18.0,B
2021-06-30T10:07:07,10000.0,18.0,B
2021-06-30T10:06:37,800.0,18.0,S
2021-06-30T10:06:20,2400.0,18.0,S
2021-06-30T10:06:15,1900.0,18.0,S
2021-06-30T10:06:15,100.0,18.0,S
2021-06-30T10:06:05,100.0,18.0,S
2021-06-30T10:05:59,9000.0,18.0,S
2021-06-30T10:05:44,100.0,18.0,S
2021-06-30T10:05:42,500.0,18.0,S
2021-06-30T10:05:24,100.0,18.0,S
2021-06-30T10:04:57,2000.0,18.0,S
2021-06-30T10:04:54,300.0,18.0,S
2021-06-30T10:04:54,700.0,18.0,S
2021-06-30T10:04:52,900.0,18.0,S
2021-06-30T10:04:52,14100.0,18.0,S
2021-06-30T10:04:33,100.0,18.0,S
2021-06-30T10:04:14,1000.0,18.0,S
2021-06-30T10:04:06,900.0,18.0,S
2021-06-30T10:04:04,400.0,18.0,S
2021-06-30T10:04:04,7900.0,18.0,S
2021-06-30T10:04:04,1000.0,18.0,S
2021-06-30T10:04:04,1000.0,18.0,S
2021-06-30T10:03:54,600.0,18.0,S
2021-06-30T10:03:40,1000.0,18.0,S
2021-06-30T10:03:28,100.0,18.0,S
2021-06-30T10:03:27,900.0,18.0,S
2021-06-30T10:03:25,500.0,18.0,S
2021-06-30T10:03:05,300.0,18.0,S
2021-06-30T10:03:05,600.0,18.0,S
2021-06-30T10:03:00,1000.0,18.0,S
2021-06-30T10:02:51,1500.0,18.0,S
2021-06-30T10:02:46,300.0,18.0,S
2021-06-30T10:02:23,100.0,18.0,S
2021-06-30T10:02:15,5000.0,18.0,S
2021-06-30T10:01:53,100.0,18.0,S
2021-06-30T10:01:30,1000.0,18.0,S
2021-06-30T10:01:22,800.0,18.05,B
2021-06-30T10:01:10,100.0,18.0,S
2021-06-30T10:00:43,500.0,18.0,S
2021-06-30T09:59:24,1000.0,18.05,B
2021-06-30T09:59:19,500.0,18.05,B
2021-06-30T09:58:32,200.0,18.05,S
2021-06-30T09:58:29,1900.0,18.05,S
2021-06-30T09:58:29,3100.0,18.05,S
2021-06-30T09:58:04,300.0,18.05,S
2021-06-30T09:58:04,1300.0,18.05,S
2021-06-30T09:58:04,2400.0,18.05,S
2021-06-30T09:56:14,100.0,18.1,B
2021-06-30T09:54:57,1000.0,18.1,B
2021-06-30T09:54:29,900.0,18.1,B
2021-06-30T09:54:28,2100.0,18.1,B
2021-06-30T09:54:27,800.0,18.1,B
2021-06-30T09:53:04,100.0,18.1,B
2021-06-30T09:53:03,100.0,18.1,B
2021-06-30T09:53:00,2000.0,18.1,B
2021-06-30T09:52:27,300.0,18.1,B
2021-06-30T09:51:42,100.0,18.1,B
2021-06-30T09:51:40,400.0,18.1,B
2021-06-30T09:49:58,100.0,18.1,B
2021-06-30T09:49:56,200.0,18.05,S
2021-06-30T09:49:54,100.0,18.05,S
2021-06-30T09:49:37,400.0,18.05,S
2021-06-30T09:49:32,100.0,18.05,S
2021-06-30T09:49:25,100.0,18.05,S
2021-06-30T09:49:24,900.0,18.05,S
2021-06-30T09:49:23,100.0,18.05,S
2021-06-30T09:49:12,600.0,18.05,B
2021-06-30T09:48:59,300.0,18.05,B
2021-06-30T09:48:36,400.0,18.05,B
2021-06-30T09:48:30,200.0,18.05,B
2021-06-30T09:48:23,100.0,18.05,B
2021-06-30T09:48:05,600.0,18.1,B
2021-06-30T09:48:05,4400.0,18.1,B
2021-06-30T09:47:51,100.0,18.0,S
2021-06-30T09:47:26,300.0,18.05,S
2021-06-30T09:46:31,900.0,18.05,B
2021-06-30T09:46:31,100.0,18.05,B
2021-06-30T09:46:03,3000.0,18.05,B
2021-06-30T09:45:52,200.0,18.0,S
2021-06-30T09:45:43,500.0,18.05,B
2021-06-30T09:45:43,1500.0,18.05,B
2021-06-30T09:45:32,1000.0,18.05,B
2021-06-30T09:45:28,1000.0,18.05,B
2021-06-30T09:45:28,200.0,18.05,B
2021-06-30T09:45:22,1000.0,18.0,S
2021-06-30T09:44:46,1200.0,18.0,S
2021-06-30T09:44:33,1400.0,18.0,S
2021-06-30T09:44:33,200.0,18.0,S
2021-06-30T09:44:28,100.0,18.0,S
2021-06-30T09:43:41,1000.0,18.0,S
2021-06-30T09:43:12,400.0,18.0,S
2021-06-30T09:43:08,1000.0,18.0,S
2021-06-30T09:43:03,5000.0,18.05,B
2021-06-30T09:42:51,100.0,18.05,B
2021-06-30T09:42:28,1200.0,18.0,S
2021-06-30T09:42:21,200.0,18.05,B
2021-06-30T09:42:04,5000.0,18.05,B
2021-06-30T09:42:04,400.0,18.0,S
2021-06-30T09:42:03,1400.0,18.0,S
2021-06-30T09:41:56,100.0,18.05,B
2021-06-30T09:41:48,1000.0,18.0,S
2021-06-30T09:41:43,500.0,18.0,S
2021-06-30T09:41:20,200.0,18.0,S
2021-06-30T09:41:16,1000.0,18.05,B
2021-06-30T09:40:56,500.0,18.05,B
2021-06-30T09:40:54,100.0,18.0,S
2021-06-30T09:40:54,100.0,18.0,S
2021-06-30T09:40:38,1000.0,18.0,S
2021-06-30T09:40:27,500.0,18.0,S
2021-06-30T09:40:23,1000.0,18.0,S
2021-06-30T09:40:21,900.0,18.0,S
2021-06-30T09:40:05,1000.0,18.05,B
2021-06-30T09:39:55,1000.0,18.0,S
2021-06-30T09:39:49,100.0,18.0,S
2021-06-30T09:39:47,500.0,18.0,S
2021-06-30T09:39:32,100.0,18.0,S
2021-06-30T09:39:26,100.0,18.0,S
2021-06-30T09:39:25,500.0,18.0,S
2021-06-30T09:39:00,200.0,18.0,S
2021-06-30T09:38:56,1500.0,18.05,B
2021-06-30T09:37:56,100.0,18.05,B
2021-06-30T09:37:15,200.0,18.0,S
2021-06-30T09:37:08,500.0,18.0,S
2021-06-30T09:36:52,1000.0,18.0,S
2021-06-30T09:36:36,200.0,18.0,S
2021-06-30T09:36:26,100.0,18.0,S
2021-06-30T09:36:23,600.0,18.05,B
2021-06-30T09:35:59,800.0,18.0,S
2021-06-30T09:35:26,3400.0,18.05,B
2021-06-30T09:35:26,200.0,18.05,B
2021-06-30T09:35:11,100.0,18.05,B
2021-06-30T09:35:07,300.0,18.05,B
2021-06-30T09:35:07,1200.0,18.05,B
2021-06-30T09:35:07,1400.0,18.0,S
2021-06-30T09:35:07,900.0,18.0,S
2021-06-30T09:34:52,500.0,18.05,B
2021-06-30T09:34:42,100.0,18.05,B
2021-06-30T09:34:42,100.0,18.05,B
2021-06-30T09:34:42,100.0,18.05,B
2021-06-30T09:34:42,4900.0,18.05,B
2021-06-30T09:34:16,200.0,18.05,B
2021-06-30T09:34:01,1000.0,18.05,B
2021-06-30T09:34:00,1000.0,18.0,S
2021-06-30T09:33:25,1000.0,18.05,S
2021-06-30T09:33:23,600.0,18.05,S
2021-06-30T09:33:12,400.0,18.05,S
2021-06-30T09:33:05,100.0,18.1,B
2021-06-30T09:33:00,300.0,18.0,S
2021-06-30T09:32:39,800.0,18.0,S
2021-06-30T09:32:39,3000.0,18.05,B
2021-06-30T09:32:36,900.0,18.0,S
2021-06-30T09:32:34,200.0,18.0,S
2021-06-30T09:32:08,500.0,18.0,S
2021-06-30T09:31:41,100.0,18.0,S
2021-06-30T09:31:16,100.0,18.0,S
2021-06-30T09:31:10,2600.0,18.05,S
2021-06-30T09:30:55,2000.0,18.05,B
2021-06-30T09:30:44,700.0,18.05,S
2021-06-30T09:30:26,100.0,18.05,S
2021-06-30T09:30:25,100.0,18.1,B
2021-06-30T09:30:16,100.0,18.05,S
2021-06-30T09:30:15,100.0,18.05,S
2021-06-30T09:30:11,500.0,18.1,B
2021-06-30T09:29:49,100.0,18.1,B
2021-06-30T09:29:40,400.0,18.0,S
2021-06-30T09:28:57,600.0,18.1,S
2021-06-30T09:28:49,200.0,18.1,S
2021-06-30T09:28:28,9700.0,18.0,S
2021-06-30T09:28:19,300.0,18.15,B
2021-06-30T09:28:19,700.0,18.15,B
2021-06-30T09:28:15,1100.0,18.1,B
2021-06-30T09:28:14,5000.0,18.0,S
2021-06-30T09:27:51,300.0,18.1,B
2021-06-30T09:27:46,600.0,18.15,B
2021-06-30T09:27:44,200.0,18.1,B
2021-06-30T09:27:41,1200.0,18.15,B
2021-06-30T09:27:41,1700.0,18.15,B
2021-06-30T09:27:41,2100.0,18.15,B
2021-06-30T09:27:40,500.0,18.1,B
2021-06-30T09:27:31,500.0,18.1,S
2021-06-30T09:27:19,200.0,18.1,S
2021-06-30T09:27:12,100.0,18.1,S
2021-06-30T09:27:08,400.0,18.1,S
2021-06-30T09:27:08,5000.0,18.1,S
2021-06-30T09:27:07,200.0,18.1,S
2021-06-30T09:27:06,300.0,18.1,S
2021-06-30T09:27:03,200.0,18.1,S
2021-06-30T09:26:57,700.0,18.1,S
2021-06-30T09:26:35,300.0,18.15,B
2021-06-30T09:26:24,9300.0,18.1,S
2021-06-30T09:26:24,700.0,18.1,S
2021-06-30T09:26:11,3000.0,18.15,B
2021-06-30T09:26:03,300.0,18.15,B
2021-06-30T09:25:51,1100.0,18.15,B
2021-06-30T09:25:51,1400.0,18.15,B
2021-06-30T09:25:35,200.0,18.1,S
2021-06-30T09:25:18,100.0,18.1,S
2021-06-30T09:25:13,2000.0,18.15,B
2021-06-30T09:25:11,100.0,18.1,S
2021-06-30T09:25:04,4000.0,18.15,B
2021-06-30T09:24:51,100.0,18.1,S
2021-06-30T09:24:45,500.0,18.15,B
2021-06-30T09:24:43,100.0,18.1,S
2021-06-30T09:24:41,200.0,18.1,S
2021-06-30T09:24:36,800.0,18.1,S
2021-06-30T09:24:34,100.0,18.1,S
2021-06-30T09:24:26,200.0,18.1,S
2021-06-30T09:24:16,500.0,18.1,S
2021-06-30T09:23:55,500.0,18.1,S
2021-06-30T09:23:46,4000.0,18.1,S
2021-06-30T09:23:34,500.0,18.1,S
2021-06-30T09:23:18,1400.0,18.15,B
2021-06-30T09:23:10,600.0,18.15,B
2021-06-30T09:22:53,3000.0,18.05,S
2021-06-30T09:22:47,5000.0,18.1,S
2021-06-30T09:22:31,900.0,18.15,B
2021-06-30T09:22:28,100.0,18.1,S
2021-06-30T09:22:25,2000.0,18.1,S
2021-06-30T09:22:10,3000.0,18.1,S
2021-06-30T09:22:09,100.0,18.15,B
2021-06-30T09:21:56,500.0,18.1,S
2021-06-30T09:21:53,1000.0,18.1,S
2021-06-30T09:21:48,400.0,18.1,S
2021-06-30T09:21:47,3000.0,18.1,S
2021-06-30T09:21:44,100.0,18.1,S
2021-06-30T09:21:22,5400.0,18.1,B
2021-06-30T09:20:56,200.0,18.1,B
2021-06-30T09:20:42,200.0,18.1,B
2021-06-30T09:20:41,1000.0,18.1,B
2021-06-30T09:20:19,100.0,18.1,S
2021-06-30T09:20:18,100.0,18.1,S
2021-06-30T09:20:01,1000.0,18.2,B
2021-06-30T09:19:57,4300.0,18.1,S
2021-06-30T09:19:46,100.0,18.2,B
2021-06-30T09:19:37,100.0,18.1,S
2021-06-30T09:19:18,1000.0,18.2,B
2021-06-30T09:19:00,600.0,18.2,S
2021-06-30T09:18:59,200.0,18.2,S
2021-06-30T09:18:45,100.0,18.2,S
2021-06-30T09:18:40,100.0,18.2,S
2021-06-30T09:18:35,100.0,18.25,B
2021-06-30T09:18:31,200.0,18.25,B
2021-06-30T09:18:28,1500.0,18.1,S
2021-06-30T09:18:25,200.0,18.2,S
2021-06-30T09:18:11,1000.0,18.2,S
2021-06-30T09:17:49,200.0,18.2,S
2021-06-30T09:17:26,6700.0,18.1,S
2021-06-30T09:17:16,2000.0,18.3,B
2021-06-30T09:17:11,500.0,18.1,S
2021-06-30T09:16:54,2000.0,18.3,B
2021-06-30T09:16:48,1200.0,18.0,S
2021-06-30T09:16:33,100.0,18.3,B
2021-06-30T09:16:20,1300.0,18.3,B
2021-06-30T09:16:20,600.0,18.3,B
2021-06-30T09:16:12,500.0,18.0,S
2021-06-30T09:15:49,100.0,18.3,B
