tradingTime,volume,price,side
2021-06-30T13:20:15,2600.0,45.7,B
2021-06-30T13:19:55,500.0,45.7,B
2021-06-30T13:19:53,1000.0,45.7,B
2021-06-30T13:19:48,400.0,45.7,B
2021-06-30T13:19:41,200.0,45.7,B
2021-06-30T13:19:26,1000.0,45.7,B
2021-06-30T13:19:22,1000.0,45.7,B
2021-06-30T13:19:19,500.0,45.7,B
2021-06-30T13:19:14,200.0,45.7,B
2021-06-30T13:19:12,1000.0,45.7,B
2021-06-30T13:18:52,5400.0,45.65,B
2021-06-30T13:18:46,400.0,45.65,B
2021-06-30T13:18:46,1000.0,45.6,S
2021-06-30T13:17:27,1000.0,45.6,B
2021-06-30T13:17:26,100.0,45.6,B
2021-06-30T13:17:06,500.0,45.55,S
2021-06-30T13:14:54,1000.0,45.5,S
2021-06-30T13:14:48,2000.0,45.5,S
2021-06-30T13:14:44,2000.0,45.5,S
2021-06-30T13:14:39,5000.0,45.55,B
2021-06-30T13:14:18,400.0,45.5,S
2021-06-30T13:14:09,2000.0,45.5,S
2021-06-30T13:13:42,1100.0,45.5,S
2021-06-30T13:13:42,2100.0,45.5,S
2021-06-30T13:13:42,1600.0,45.5,S
2021-06-30T13:13:42,2000.0,45.5,S
2021-06-30T13:13:42,100.0,45.5,S
2021-06-30T13:13:42,1100.0,45.5,S
2021-06-30T13:13:32,1000.0,45.5,S
2021-06-30T13:13:30,400.0,45.5,S
2021-06-30T13:13:30,100.0,45.5,S
2021-06-30T13:13:30,100.0,45.5,S
2021-06-30T13:13:13,100.0,45.55,B
2021-06-30T13:13:12,500.0,45.5,S
2021-06-30T13:12:24,3000.0,45.5,S
2021-06-30T13:12:11,2000.0,45.5,S
2021-06-30T13:11:59,4400.0,45.5,S
2021-06-30T13:11:58,600.0,45.5,S
2021-06-30T13:11:45,500.0,45.5,S
2021-06-30T13:11:13,100.0,45.5,S
2021-06-30T13:10:49,500.0,45.6,B
2021-06-30T13:10:49,1200.0,45.5,S
2021-06-30T13:10:49,1300.0,45.5,S
2021-06-30T13:10:49,4200.0,45.5,S
2021-06-30T13:10:49,1100.0,45.55,S
2021-06-30T13:10:49,200.0,45.55,S
2021-06-30T13:10:49,2000.0,45.55,S
2021-06-30T13:10:32,200.0,45.6,S
2021-06-30T13:10:32,1000.0,45.6,S
2021-06-30T13:10:32,1000.0,45.6,S
2021-06-30T13:10:32,1100.0,45.6,S
2021-06-30T13:10:32,28100.0,45.6,S
2021-06-30T13:10:29,1300.0,45.6,S
2021-06-30T13:10:12,1000.0,45.6,S
2021-06-30T13:09:47,20000.0,45.6,S
2021-06-30T13:09:22,2000.0,45.6,S
2021-06-30T13:08:56,400.0,45.6,S
2021-06-30T13:08:40,1300.0,45.6,S
2021-06-30T13:08:25,17400.0,45.6,S
2021-06-30T13:08:25,3000.0,45.6,S
2021-06-30T13:08:25,1100.0,45.6,S
2021-06-30T13:08:25,3500.0,45.6,S
2021-06-30T13:07:41,200.0,45.65,S
2021-06-30T13:07:41,2200.0,45.65,S
2021-06-30T13:07:16,3900.0,45.65,S
2021-06-30T13:07:16,1100.0,45.65,S
2021-06-30T13:06:43,600.0,45.7,S
2021-06-30T13:06:41,5000.0,45.7,S
2021-06-30T13:06:17,600.0,45.7,S
2021-06-30T13:06:13,500.0,45.7,S
2021-06-30T13:05:57,100.0,45.7,S
2021-06-30T13:05:44,500.0,45.7,S
2021-06-30T13:05:10,1000.0,45.7,S
2021-06-30T13:04:59,4500.0,45.7,S
2021-06-30T13:04:59,500.0,45.75,S
2021-06-30T13:04:12,10500.0,45.85,B
2021-06-30T13:04:12,3400.0,45.8,B
2021-06-30T13:02:58,1000.0,45.7,S
2021-06-30T13:02:53,800.0,45.8,B
2021-06-30T13:02:23,200.0,45.8,B
2021-06-30T13:00:48,900.0,45.8,B
2021-06-30T13:00:22,500.0,45.8,B
2021-06-30T13:00:12,200.0,45.8,B
2021-06-30T11:29:43,5000.0,45.8,B
2021-06-30T11:29:19,4700.0,45.7,S
2021-06-30T11:29:18,300.0,45.75,S
2021-06-30T11:28:40,200.0,45.75,B
2021-06-30T11:28:10,200.0,45.7,S
2021-06-30T11:27:19,1000.0,45.7,S
2021-06-30T11:27:14,5000.0,45.75,B
2021-06-30T11:27:10,5000.0,45.7,S
2021-06-30T11:26:40,300.0,45.7,S
2021-06-30T11:24:43,4100.0,45.7,S
2021-06-30T11:23:47,2700.0,45.7,S
2021-06-30T11:23:47,1000.0,45.7,S
2021-06-30T11:23:46,500.0,45.7,S
2021-06-30T11:23:44,1600.0,45.7,S
2021-06-30T11:23:44,3400.0,45.7,S
2021-06-30T11:23:06,4800.0,45.75,S
2021-06-30T11:22:05,300.0,45.75,S
2021-06-30T11:21:31,100.0,45.75,S
2021-06-30T11:18:42,100.0,45.7,S
2021-06-30T11:17:49,500.0,45.75,S
2021-06-30T11:17:26,2000.0,45.75,S
2021-06-30T11:17:07,1400.0,45.7,S
2021-06-30T11:16:38,100.0,45.75,B
2021-06-30T11:16:18,1000.0,45.75,B
2021-06-30T11:16:06,1000.0,45.75,S
2021-06-30T11:15:46,1500.0,45.75,B
2021-06-30T11:15:26,300.0,45.75,S
2021-06-30T11:15:26,400.0,45.75,S
2021-06-30T11:15:12,1600.0,45.75,B
2021-06-30T11:14:52,200.0,45.7,S
2021-06-30T11:14:48,200.0,45.75,B
2021-06-30T11:14:10,200.0,45.7,S
2021-06-30T11:13:50,100.0,45.7,S
2021-06-30T11:12:54,100.0,45.75,B
2021-06-30T11:12:48,200.0,45.75,S
2021-06-30T11:12:48,2900.0,45.75,S
2021-06-30T11:12:31,500.0,45.8,B
2021-06-30T11:12:01,1200.0,45.8,S
2021-06-30T11:11:55,1000.0,45.8,S
2021-06-30T11:11:14,300.0,45.8,S
2021-06-30T11:11:04,300.0,45.85,B
2021-06-30T11:10:11,1000.0,45.8,S
2021-06-30T11:09:48,400.0,45.9,B
2021-06-30T11:09:41,2100.0,45.9,B
2021-06-30T11:09:41,1000.0,45.9,B
2021-06-30T11:09:41,6900.0,45.9,B
2021-06-30T11:09:06,1100.0,45.9,B
2021-06-30T11:07:43,300.0,45.9,B
2021-06-30T11:05:37,4000.0,45.8,S
2021-06-30T11:04:54,800.0,45.8,S
2021-06-30T11:04:49,100.0,45.9,B
2021-06-30T11:04:42,200.0,45.9,B
2021-06-30T11:03:47,100.0,45.9,B
2021-06-30T11:02:49,100.0,45.9,B
2021-06-30T11:01:55,100.0,45.9,B
2021-06-30T11:01:25,100.0,45.8,B
2021-06-30T11:01:25,100.0,45.8,B
2021-06-30T11:01:13,100.0,45.8,B
2021-06-30T11:00:44,5000.0,45.8,B
2021-06-30T11:00:10,200.0,45.8,B
2021-06-30T10:59:58,100.0,45.8,B
2021-06-30T10:59:52,200.0,45.75,S
2021-06-30T10:59:46,300.0,45.8,B
2021-06-30T10:58:58,200.0,45.8,S
2021-06-30T10:58:57,3900.0,45.8,S
2021-06-30T10:58:36,500.0,45.9,B
2021-06-30T10:58:09,100.0,45.9,B
2021-06-30T10:57:39,900.0,45.9,S
2021-06-30T10:57:39,7200.0,45.9,S
2021-06-30T10:56:49,100.0,45.95,B
2021-06-30T10:56:16,100.0,45.95,B
2021-06-30T10:55:03,4200.0,45.9,B
2021-06-30T10:54:21,1500.0,45.9,B
2021-06-30T10:54:08,500.0,45.9,B
2021-06-30T10:53:09,500.0,45.9,S
2021-06-30T10:53:02,600.0,45.8,S
2021-06-30T10:52:57,500.0,45.9,B
2021-06-30T10:52:26,1000.0,45.8,S
2021-06-30T10:51:59,800.0,45.8,B
2021-06-30T10:51:14,1000.0,45.8,B
2021-06-30T10:50:32,200.0,45.8,B
2021-06-30T10:47:27,800.0,45.7,S
2021-06-30T10:47:27,2200.0,45.7,S
2021-06-30T10:47:21,100.0,45.95,B
2021-06-30T10:47:21,3600.0,45.95,B
2021-06-30T10:47:15,1000.0,45.8,S
2021-06-30T10:47:10,500.0,45.8,S
2021-06-30T10:46:12,100.0,45.8,S
2021-06-30T10:45:14,1000.0,45.8,S
2021-06-30T10:45:09,500.0,45.8,S
2021-06-30T10:44:54,1000.0,45.8,S
2021-06-30T10:44:44,100.0,45.8,S
2021-06-30T10:44:32,1000.0,45.8,S
2021-06-30T10:43:07,200.0,45.8,S
2021-06-30T10:42:58,5000.0,45.85,B
2021-06-30T10:42:42,1200.0,45.8,S
2021-06-30T10:42:30,400.0,45.8,S
2021-06-30T10:41:17,1000.0,45.8,S
2021-06-30T10:40:28,600.0,45.8,S
2021-06-30T10:40:09,100.0,45.8,S
2021-06-30T10:40:07,100.0,45.8,S
2021-06-30T10:39:27,500.0,45.8,B
2021-06-30T10:39:08,400.0,45.7,B
2021-06-30T10:38:45,100.0,45.7,B
2021-06-30T10:38:15,2800.0,45.7,S
2021-06-30T10:38:15,700.0,45.7,S
2021-06-30T10:38:15,200.0,45.7,S
2021-06-30T10:38:15,600.0,45.7,S
2021-06-30T10:38:07,400.0,45.7,S
2021-06-30T10:38:07,9600.0,45.7,S
2021-06-30T10:37:09,2000.0,45.8,B
2021-06-30T10:36:32,100.0,45.8,B
2021-06-30T10:36:22,200.0,45.7,S
2021-06-30T10:35:41,500.0,45.7,S
2021-06-30T10:35:08,400.0,45.7,S
2021-06-30T10:34:43,2700.0,45.7,S
2021-06-30T10:34:31,200.0,45.85,B
2021-06-30T10:34:28,6900.0,45.7,S
2021-06-30T10:34:28,18100.0,45.75,S
2021-06-30T10:34:28,200.0,45.8,S
2021-06-30T10:34:28,3900.0,45.8,S
2021-06-30T10:34:28,900.0,45.8,S
2021-06-30T10:33:47,200.0,45.85,B
2021-06-30T10:33:21,200.0,45.85,B
2021-06-30T10:33:19,300.0,45.8,S
2021-06-30T10:32:17,100.0,45.85,B
2021-06-30T10:32:07,300.0,45.85,S
2021-06-30T10:32:07,1000.0,45.85,S
2021-06-30T10:32:05,3200.0,45.9,S
2021-06-30T10:31:47,500.0,45.95,S
2021-06-30T10:31:44,2000.0,45.95,B
2021-06-30T10:31:42,10300.0,45.95,B
2021-06-30T10:30:58,500.0,45.95,B
2021-06-30T10:30:30,2000.0,45.95,B
2021-06-30T10:30:25,200.0,45.9,B
2021-06-30T10:30:08,100.0,45.9,S
2021-06-30T10:30:07,3000.0,45.95,B
2021-06-30T10:28:48,200.0,45.95,B
2021-06-30T10:27:12,100.0,45.95,B
2021-06-30T10:26:53,200.0,45.95,B
2021-06-30T10:26:44,100.0,45.95,B
2021-06-30T10:26:43,10000.0,45.95,B
2021-06-30T10:26:40,200.0,45.85,S
2021-06-30T10:26:29,100.0,45.9,B
2021-06-30T10:26:12,100.0,45.9,B
2021-06-30T10:25:55,100.0,45.9,B
2021-06-30T10:25:42,100.0,45.9,B
2021-06-30T10:24:53,200.0,45.85,S
2021-06-30T10:24:44,500.0,45.95,B
2021-06-30T10:24:41,100.0,45.95,B
2021-06-30T10:23:31,300.0,45.95,B
2021-06-30T10:23:28,100.0,45.95,B
2021-06-30T10:22:51,10000.0,45.95,B
2021-06-30T10:22:09,500.0,45.95,B
2021-06-30T10:21:41,200.0,45.85,S
2021-06-30T10:19:26,300.0,45.85,B
2021-06-30T10:19:24,400.0,45.85,B
2021-06-30T10:19:09,3200.0,45.85,B
2021-06-30T10:19:06,100.0,45.85,B
2021-06-30T10:18:43,100.0,45.85,S
2021-06-30T10:18:39,2000.0,45.85,S
2021-06-30T10:18:35,4200.0,45.9,S
2021-06-30T10:18:23,1700.0,45.95,B
2021-06-30T10:18:12,5800.0,45.9,B
2021-06-30T10:17:49,4800.0,45.8,B
2021-06-30T10:17:48,500.0,45.8,B
2021-06-30T10:17:46,1000.0,45.8,B
2021-06-30T10:17:18,2000.0,45.75,S
2021-06-30T10:16:54,2000.0,45.75,B
2021-06-30T10:16:28,100.0,45.7,S
2021-06-30T10:15:34,100.0,45.7,B
2021-06-30T10:15:34,3100.0,45.7,B
2021-06-30T10:15:22,400.0,45.7,B
2021-06-30T10:15:20,3000.0,45.6,S
2021-06-30T10:14:44,2000.0,45.7,B
2021-06-30T10:14:05,1400.0,45.7,B
2021-06-30T10:13:33,700.0,45.7,S
2021-06-30T10:13:31,1000.0,45.7,S
2021-06-30T10:13:25,4200.0,45.7,S
2021-06-30T10:13:09,500.0,45.7,S
2021-06-30T10:12:51,4900.0,45.7,S
2021-06-30T10:12:25,500.0,45.7,S
2021-06-30T10:11:51,300.0,45.6,S
2021-06-30T10:11:51,200.0,45.6,S
2021-06-30T10:11:07,100.0,45.8,B
2021-06-30T10:11:03,300.0,45.6,S
2021-06-30T10:11:03,1300.0,45.6,S
2021-06-30T10:10:55,100.0,45.8,S
2021-06-30T10:10:44,800.0,45.6,S
2021-06-30T10:10:44,700.0,45.6,S
2021-06-30T10:10:41,500.0,45.65,S
2021-06-30T10:10:05,1000.0,45.8,S
2021-06-30T10:09:46,1100.0,45.6,S
2021-06-30T10:09:46,1000.0,45.6,S
2021-06-30T10:09:46,700.0,45.65,S
2021-06-30T10:09:46,300.0,45.65,S
2021-06-30T10:09:45,600.0,45.7,S
2021-06-30T10:09:45,100.0,45.7,S
2021-06-30T10:09:45,2800.0,45.7,S
2021-06-30T10:09:45,500.0,45.7,S
2021-06-30T10:09:45,2900.0,45.7,S
2021-06-30T10:09:25,100.0,45.85,B
2021-06-30T10:09:07,100.0,45.85,B
2021-06-30T10:08:51,300.0,45.9,S
2021-06-30T10:08:50,700.0,45.9,S
2021-06-30T10:08:36,800.0,45.9,S
2021-06-30T10:08:30,1000.0,45.9,S
2021-06-30T10:08:21,10000.0,45.9,S
2021-06-30T10:08:14,100.0,45.95,B
2021-06-30T10:08:12,5000.0,45.9,S
2021-06-30T10:07:51,1100.0,45.9,S
2021-06-30T10:07:37,100.0,45.95,B
2021-06-30T10:07:28,100.0,45.95,B
2021-06-30T10:06:54,100.0,45.95,B
2021-06-30T10:06:35,200.0,45.95,S
2021-06-30T10:06:30,200.0,45.95,S
2021-06-30T10:06:08,500.0,45.95,S
2021-06-30T10:05:48,1000.0,45.95,S
2021-06-30T10:05:41,100.0,46.0,S
2021-06-30T10:05:37,5700.0,46.0,S
2021-06-30T10:05:27,300.0,45.95,S
2021-06-30T10:05:19,300.0,46.0,S
2021-06-30T10:04:56,1200.0,46.0,S
2021-06-30T10:04:56,500.0,46.0,S
2021-06-30T10:04:48,200.0,46.0,S
2021-06-30T10:04:43,100.0,46.0,S
2021-06-30T10:04:38,500.0,46.0,S
2021-06-30T10:03:45,200.0,46.0,S
2021-06-30T10:03:41,500.0,46.0,S
2021-06-30T10:03:41,1000.0,46.0,S
2021-06-30T10:03:16,100.0,46.0,S
2021-06-30T10:02:43,4300.0,46.0,B
2021-06-30T10:02:32,100.0,46.0,B
2021-06-30T10:02:19,1000.0,46.0,B
2021-06-30T10:02:07,100.0,46.0,B
2021-06-30T10:01:52,2000.0,45.95,S
2021-06-30T10:01:30,100.0,46.0,B
2021-06-30T10:01:11,100.0,46.0,B
2021-06-30T10:01:07,800.0,45.95,B
2021-06-30T10:00:49,100.0,45.95,B
2021-06-30T10:00:47,100.0,45.95,B
2021-06-30T10:00:21,4700.0,46.0,B
2021-06-30T10:00:21,1000.0,46.0,B
2021-06-30T10:00:21,100.0,46.0,B
2021-06-30T10:00:21,35000.0,46.0,B
2021-06-30T10:00:21,300.0,45.95,B
2021-06-30T10:00:21,8900.0,45.95,B
2021-06-30T09:59:44,200.0,45.9,S
2021-06-30T09:59:12,5300.0,45.9,B
2021-06-30T09:58:26,100.0,45.9,B
2021-06-30T09:58:21,2000.0,45.8,S
2021-06-30T09:57:46,100.0,45.8,S
2021-06-30T09:57:39,1000.0,45.9,B
2021-06-30T09:57:07,100.0,45.8,S
2021-06-30T09:57:03,500.0,45.9,B
2021-06-30T09:56:59,300.0,45.9,B
2021-06-30T09:56:49,400.0,45.8,S
2021-06-30T09:56:49,100.0,45.8,S
2021-06-30T09:56:26,100.0,45.9,S
2021-06-30T09:56:26,3000.0,45.9,S
2021-06-30T09:56:26,2100.0,45.9,S
2021-06-30T09:56:26,1000.0,45.9,S
2021-06-30T09:56:25,1200.0,45.9,S
2021-06-30T09:56:21,200.0,45.95,B
2021-06-30T09:56:11,100.0,45.9,S
2021-06-30T09:55:51,200.0,45.95,B
2021-06-30T09:55:50,1000.0,45.9,S
2021-06-30T09:55:08,200.0,45.95,S
2021-06-30T09:54:55,200.0,45.9,S
2021-06-30T09:54:52,2200.0,46.0,B
2021-06-30T09:54:43,200.0,45.95,B
2021-06-30T09:53:28,200.0,46.0,B
2021-06-30T09:53:05,700.0,46.0,S
2021-06-30T09:53:02,100.0,46.0,S
2021-06-30T09:52:57,800.0,46.0,S
2021-06-30T09:52:52,2200.0,46.0,S
2021-06-30T09:52:52,8500.0,46.0,S
2021-06-30T09:52:52,1100.0,46.0,S
2021-06-30T09:52:52,2000.0,46.0,S
2021-06-30T09:52:52,2100.0,46.0,S
2021-06-30T09:52:52,3100.0,46.0,S
2021-06-30T09:52:52,1200.0,46.0,S
2021-06-30T09:52:52,1700.0,46.0,S
2021-06-30T09:52:52,1200.0,46.0,S
2021-06-30T09:52:52,200.0,46.0,S
2021-06-30T09:52:52,12900.0,46.0,S
2021-06-30T09:52:52,100.0,46.0,S
2021-06-30T09:52:52,2500.0,46.0,S
2021-06-30T09:52:52,2200.0,46.0,S
2021-06-30T09:52:52,6000.0,46.0,S
2021-06-30T09:52:52,200.0,46.0,S
2021-06-30T09:52:52,7300.0,46.0,S
2021-06-30T09:52:52,200.0,46.0,S
2021-06-30T09:52:52,1500.0,46.0,S
2021-06-30T09:52:52,4000.0,46.0,S
2021-06-30T09:52:52,2800.0,46.0,S
2021-06-30T09:52:51,1800.0,46.1,S
2021-06-30T09:52:38,300.0,46.1,S
2021-06-30T09:52:38,200.0,46.1,S
2021-06-30T09:52:11,1000.0,46.1,S
2021-06-30T09:51:43,1000.0,46.1,S
2021-06-30T09:51:32,1000.0,46.15,B
2021-06-30T09:51:20,2800.0,46.1,S
2021-06-30T09:51:07,900.0,46.1,S
2021-06-30T09:51:06,1400.0,46.15,B
2021-06-30T09:51:04,100.0,46.15,B
2021-06-30T09:51:01,3800.0,46.1,S
2021-06-30T09:50:51,5000.0,46.1,S
2021-06-30T09:50:41,1200.0,46.15,B
2021-06-30T09:50:27,300.0,46.1,S
2021-06-30T09:50:08,1800.0,46.15,B
2021-06-30T09:49:58,300.0,46.1,B
2021-06-30T09:49:53,2000.0,46.1,B
2021-06-30T09:49:30,700.0,46.1,S
2021-06-30T09:49:25,600.0,46.15,B
2021-06-30T09:49:23,300.0,46.1,B
2021-06-30T09:49:09,1000.0,46.1,B
2021-06-30T09:48:56,5300.0,46.15,B
2021-06-30T09:48:56,1300.0,46.15,B
2021-06-30T09:48:56,13400.0,46.15,B
2021-06-30T09:48:36,500.0,46.05,S
2021-06-30T09:48:30,10000.0,46.1,B
2021-06-30T09:47:56,100.0,46.0,S
2021-06-30T09:47:43,1000.0,46.1,B
2021-06-30T09:47:06,500.0,46.1,B
2021-06-30T09:46:48,300.0,46.1,B
2021-06-30T09:46:43,1000.0,46.1,B
2021-06-30T09:46:34,1000.0,46.1,B
2021-06-30T09:46:28,1600.0,46.1,B
2021-06-30T09:46:28,1400.0,46.1,B
2021-06-30T09:46:11,100.0,46.0,S
2021-06-30T09:46:08,4600.0,46.1,S
2021-06-30T09:46:00,2000.0,46.1,S
2021-06-30T09:45:47,5000.0,46.1,S
2021-06-30T09:45:44,1200.0,46.1,S
2021-06-30T09:45:36,1900.0,46.1,S
2021-06-30T09:45:36,1600.0,46.1,S
2021-06-30T09:45:36,1500.0,46.1,S
2021-06-30T09:45:22,2000.0,46.1,S
2021-06-30T09:45:19,400.0,46.1,S
2021-06-30T09:45:19,100.0,46.1,S
2021-06-30T09:43:48,200.0,46.15,B
2021-06-30T09:43:27,1500.0,46.15,B
2021-06-30T09:43:24,200.0,46.15,B
2021-06-30T09:43:20,2400.0,46.15,S
2021-06-30T09:43:12,500.0,46.15,S
2021-06-30T09:43:10,100.0,46.15,S
2021-06-30T09:42:32,400.0,46.15,S
2021-06-30T09:42:21,100.0,46.2,B
2021-06-30T09:42:14,5000.0,46.2,B
2021-06-30T09:41:59,300.0,46.15,S
2021-06-30T09:41:51,100.0,46.2,B
2021-06-30T09:41:35,500.0,46.2,B
2021-06-30T09:41:30,2000.0,46.2,B
2021-06-30T09:41:28,500.0,46.2,B
2021-06-30T09:41:15,1000.0,46.15,S
2021-06-30T09:40:49,100.0,46.2,B
2021-06-30T09:40:36,100.0,46.2,B
2021-06-30T09:40:15,1500.0,46.2,S
2021-06-30T09:40:01,100.0,46.2,S
2021-06-30T09:39:58,200.0,46.2,S
2021-06-30T09:39:47,2200.0,46.2,S
2021-06-30T09:39:33,100.0,46.3,B
2021-06-30T09:39:33,1300.0,46.2,S
2021-06-30T09:39:20,700.0,46.2,S
2021-06-30T09:39:20,1400.0,46.2,S
2021-06-30T09:39:20,800.0,46.2,S
2021-06-30T09:39:20,700.0,46.2,S
2021-06-30T09:39:20,1400.0,46.2,S
2021-06-30T09:39:19,4600.0,46.3,B
2021-06-30T09:39:14,5000.0,46.2,S
2021-06-30T09:39:08,1000.0,46.2,S
2021-06-30T09:39:00,100.0,46.25,B
2021-06-30T09:38:50,3000.0,46.2,S
2021-06-30T09:38:46,2000.0,46.25,B
2021-06-30T09:38:38,100.0,46.25,S
2021-06-30T09:38:28,500.0,46.25,S
2021-06-30T09:38:26,100.0,46.25,S
2021-06-30T09:38:16,1000.0,46.25,S
2021-06-30T09:38:07,700.0,46.3,B
2021-06-30T09:38:07,2300.0,46.3,B
2021-06-30T09:38:00,100.0,46.3,B
2021-06-30T09:38:00,1000.0,46.3,B
2021-06-30T09:37:56,6600.0,46.3,B
2021-06-30T09:37:55,100.0,46.3,B
2021-06-30T09:37:45,500.0,46.2,S
2021-06-30T09:37:42,2500.0,46.3,B
2021-06-30T09:37:31,2700.0,46.3,B
2021-06-30T09:37:31,500.0,46.3,B
2021-06-30T09:37:31,1300.0,46.3,B
2021-06-30T09:37:29,200.0,46.3,B
2021-06-30T09:37:17,200.0,46.3,B
2021-06-30T09:37:07,7000.0,46.3,B
2021-06-30T09:37:00,100.0,46.3,B
2021-06-30T09:36:48,100.0,46.3,B
2021-06-30T09:36:46,500.0,46.3,B
2021-06-30T09:36:33,600.0,46.3,B
2021-06-30T09:36:33,4400.0,46.3,B
2021-06-30T09:36:28,1500.0,46.3,B
2021-06-30T09:36:28,100.0,46.3,B
2021-06-30T09:36:28,100.0,46.3,B
2021-06-30T09:36:25,500.0,46.3,B
2021-06-30T09:36:23,1000.0,46.3,B
2021-06-30T09:36:11,500.0,46.3,B
2021-06-30T09:36:07,500.0,46.3,B
2021-06-30T09:36:01,100.0,46.25,S
2021-06-30T09:36:00,300.0,46.25,S
2021-06-30T09:35:55,1000.0,46.3,B
2021-06-30T09:35:36,1400.0,46.3,S
2021-06-30T09:35:25,500.0,46.3,S
2021-06-30T09:35:21,600.0,46.35,S
2021-06-30T09:35:18,2500.0,46.3,S
2021-06-30T09:35:18,2100.0,46.3,S
2021-06-30T09:35:11,1000.0,46.3,S
2021-06-30T09:35:09,500.0,46.3,S
2021-06-30T09:35:07,1000.0,46.4,B
2021-06-30T09:35:04,700.0,46.3,S
2021-06-30T09:35:04,4000.0,46.3,S
2021-06-30T09:35:04,100.0,46.3,S
2021-06-30T09:34:56,1000.0,46.3,S
2021-06-30T09:34:52,5000.0,46.3,S
2021-06-30T09:34:31,1000.0,46.3,S
2021-06-30T09:34:18,200.0,46.4,B
2021-06-30T09:34:14,1000.0,46.3,S
2021-06-30T09:34:12,300.0,46.35,B
2021-06-30T09:34:10,200.0,46.35,B
2021-06-30T09:34:07,1000.0,46.35,B
2021-06-30T09:34:00,100.0,46.3,S
2021-06-30T09:33:58,100.0,46.4,B
2021-06-30T09:33:56,1900.0,46.4,B
2021-06-30T09:33:56,400.0,46.3,S
2021-06-30T09:33:53,5000.0,46.3,S
2021-06-30T09:33:30,1000.0,46.3,S
2021-06-30T09:33:16,200.0,46.35,B
2021-06-30T09:33:16,700.0,46.35,B
2021-06-30T09:33:05,1200.0,46.3,S
2021-06-30T09:32:50,400.0,46.3,S
2021-06-30T09:32:45,100.0,46.3,S
2021-06-30T09:32:40,3000.0,46.3,S
2021-06-30T09:32:39,500.0,46.35,B
2021-06-30T09:32:31,3200.0,46.3,S
2021-06-30T09:32:29,9300.0,46.3,B
2021-06-30T09:32:22,100.0,46.3,B
2021-06-30T09:32:20,500.0,46.2,S
2021-06-30T09:32:19,1600.0,46.3,B
2021-06-30T09:32:18,10100.0,46.3,B
2021-06-30T09:32:18,22300.0,46.3,B
2021-06-30T09:32:15,20000.0,46.2,S
2021-06-30T09:32:13,1000.0,46.25,S
2021-06-30T09:32:11,100.0,46.25,S
2021-06-30T09:32:03,900.0,46.3,B
2021-06-30T09:31:57,500.0,46.25,S
2021-06-30T09:31:40,100.0,46.2,S
2021-06-30T09:31:35,1400.0,46.3,B
2021-06-30T09:31:25,4000.0,46.2,S
2021-06-30T09:31:10,5000.0,46.2,S
2021-06-30T09:30:53,300.0,46.3,B
2021-06-30T09:30:53,1500.0,46.25,S
2021-06-30T09:30:47,100.0,46.3,B
2021-06-30T09:30:38,300.0,46.3,B
2021-06-30T09:30:35,100.0,46.3,S
2021-06-30T09:30:30,10000.0,46.4,B
2021-06-30T09:30:25,2300.0,46.4,B
2021-06-30T09:30:25,700.0,46.3,S
2021-06-30T09:30:24,100.0,46.3,S
2021-06-30T09:30:17,1000.0,46.3,S
2021-06-30T09:30:15,2400.0,46.3,S
2021-06-30T09:30:15,500.0,46.3,S
2021-06-30T09:30:14,400.0,46.3,S
2021-06-30T09:30:13,1000.0,46.3,S
2021-06-30T09:30:12,2500.0,46.3,S
2021-06-30T09:29:54,100.0,46.3,S
2021-06-30T09:29:54,7900.0,46.3,S
2021-06-30T09:29:45,200.0,46.4,S
2021-06-30T09:29:43,2900.0,46.3,S
2021-06-30T09:29:41,100.0,46.45,B
2021-06-30T09:29:40,100.0,46.4,S
2021-06-30T09:29:38,3000.0,46.3,S
2021-06-30T09:29:23,5000.0,46.4,S
2021-06-30T09:29:20,20000.0,46.5,B
2021-06-30T09:29:05,100.0,46.4,S
2021-06-30T09:29:03,200.0,46.4,S
2021-06-30T09:29:03,6900.0,46.45,B
2021-06-30T09:28:59,2000.0,46.45,B
2021-06-30T09:28:54,300.0,46.4,S
2021-06-30T09:28:53,1000.0,46.45,B
2021-06-30T09:28:50,500.0,46.45,B
2021-06-30T09:28:42,5000.0,46.45,B
2021-06-30T09:28:40,200.0,46.45,S
2021-06-30T09:28:32,200.0,46.5,B
2021-06-30T09:28:30,100.0,46.5,B
2021-06-30T09:28:29,500.0,46.5,B
2021-06-30T09:28:29,3600.0,46.5,B
2021-06-30T09:28:28,200.0,46.5,B
2021-06-30T09:28:24,1200.0,46.5,B
2021-06-30T09:28:20,200.0,46.4,S
2021-06-30T09:28:18,1000.0,46.4,S
2021-06-30T09:28:15,300.0,46.5,B
2021-06-30T09:28:14,1000.0,46.5,B
2021-06-30T09:28:09,1000.0,46.5,B
2021-06-30T09:28:08,500.0,46.4,S
2021-06-30T09:28:02,1000.0,46.4,S
2021-06-30T09:27:49,300.0,46.4,B
2021-06-30T09:27:47,1500.0,46.5,B
2021-06-30T09:27:43,200.0,46.5,B
2021-06-30T09:27:31,100.0,46.3,B
2021-06-30T09:27:26,8800.0,46.5,B
2021-06-30T09:27:26,6200.0,46.5,B
2021-06-30T09:27:26,5000.0,46.45,B
2021-06-30T09:27:24,4400.0,46.5,B
2021-06-30T09:27:24,1100.0,46.5,B
2021-06-30T09:27:19,5000.0,46.3,B
2021-06-30T09:27:16,200.0,46.5,B
2021-06-30T09:27:14,200.0,46.3,B
2021-06-30T09:27:12,2800.0,46.5,B
2021-06-30T09:27:10,100.0,46.45,B
2021-06-30T09:27:08,1000.0,46.5,B
2021-06-30T09:27:04,500.0,46.3,B
2021-06-30T09:27:03,1100.0,46.5,B
2021-06-30T09:27:03,1400.0,46.5,B
2021-06-30T09:27:01,1000.0,46.3,B
2021-06-30T09:26:58,500.0,46.3,B
2021-06-30T09:26:53,1000.0,46.45,B
2021-06-30T09:26:51,2700.0,46.45,B
2021-06-30T09:26:51,1100.0,46.4,B
2021-06-30T09:26:51,1200.0,46.4,B
2021-06-30T09:26:51,100.0,46.3,B
2021-06-30T09:26:51,100.0,46.3,B
2021-06-30T09:26:51,300.0,46.3,B
2021-06-30T09:26:50,4400.0,46.3,B
2021-06-30T09:26:37,100.0,46.2,S
2021-06-30T09:26:37,300.0,46.3,B
2021-06-30T09:26:34,100.0,46.3,B
2021-06-30T09:26:28,300.0,46.2,S
2021-06-30T09:25:57,800.0,46.2,B
2021-06-30T09:25:46,200.0,46.2,B
2021-06-30T09:25:46,200.0,46.2,B
2021-06-30T09:25:46,5600.0,46.2,B
2021-06-30T09:25:46,100.0,46.2,B
2021-06-30T09:25:46,3100.0,46.2,B
2021-06-30T09:25:43,100.0,46.2,B
2021-06-30T09:25:39,100.0,46.2,B
2021-06-30T09:25:32,5000.0,46.2,B
2021-06-30T09:25:29,1000.0,46.2,B
2021-06-30T09:25:18,400.0,46.2,B
2021-06-30T09:25:18,5300.0,46.2,B
2021-06-30T09:25:14,1000.0,46.2,B
2021-06-30T09:25:13,400.0,46.2,B
2021-06-30T09:25:02,1000.0,46.2,B
2021-06-30T09:24:45,200.0,46.2,B
2021-06-30T09:24:41,1000.0,46.15,S
2021-06-30T09:24:36,100.0,46.15,S
2021-06-30T09:24:36,900.0,46.15,S
2021-06-30T09:24:29,16500.0,46.2,B
2021-06-30T09:24:29,200.0,46.15,S
2021-06-30T09:24:29,1800.0,46.15,S
2021-06-30T09:24:17,100.0,46.15,S
2021-06-30T09:23:56,200.0,46.15,S
2021-06-30T09:23:32,100.0,46.15,B
2021-06-30T09:23:30,1000.0,46.1,S
2021-06-30T09:23:27,200.0,46.15,B
2021-06-30T09:23:18,200.0,46.1,S
2021-06-30T09:23:18,3800.0,46.2,B
2021-06-30T09:23:18,1000.0,46.2,B
2021-06-30T09:23:16,2000.0,46.15,B
2021-06-30T09:23:11,2000.0,46.15,B
2021-06-30T09:22:47,1000.0,46.15,B
2021-06-30T09:22:47,1000.0,46.15,B
2021-06-30T09:22:45,300.0,46.15,B
2021-06-30T09:22:38,500.0,46.15,B
2021-06-30T09:22:38,700.0,46.15,B
2021-06-30T09:22:38,1500.0,46.15,B
2021-06-30T09:22:19,100.0,46.1,S
2021-06-30T09:22:13,3000.0,46.1,S
2021-06-30T09:22:10,400.0,46.15,B
2021-06-30T09:22:06,200.0,46.1,S
2021-06-30T09:21:54,500.0,46.1,S
2021-06-30T09:21:47,800.0,46.1,S
2021-06-30T09:21:34,400.0,46.1,S
2021-06-30T09:21:22,300.0,46.1,S
2021-06-30T09:21:08,900.0,46.1,B
2021-06-30T09:21:00,5000.0,46.1,B
2021-06-30T09:20:56,100.0,46.0,S
2021-06-30T09:20:55,200.0,46.1,B
2021-06-30T09:20:42,300.0,46.0,S
2021-06-30T09:20:39,500.0,46.1,B
2021-06-30T09:20:35,300.0,46.1,B
2021-06-30T09:20:34,500.0,46.0,S
2021-06-30T09:20:29,500.0,46.1,B
2021-06-30T09:20:20,2000.0,46.0,S
2021-06-30T09:20:13,2500.0,46.1,B
2021-06-30T09:20:13,5000.0,46.1,B
2021-06-30T09:20:04,1800.0,46.0,S
2021-06-30T09:19:59,100.0,46.1,B
2021-06-30T09:19:57,1800.0,46.1,B
2021-06-30T09:19:53,5000.0,46.1,B
2021-06-30T09:19:47,200.0,46.0,S
2021-06-30T09:19:42,5000.0,46.1,B
2021-06-30T09:19:42,2000.0,46.0,S
2021-06-30T09:19:35,300.0,46.0,B
2021-06-30T09:19:31,200.0,46.1,B
2021-06-30T09:19:25,1000.0,46.0,B
2021-06-30T09:19:20,1000.0,46.0,B
2021-06-30T09:19:18,200.0,46.0,B
2021-06-30T09:19:18,1000.0,46.0,B
2021-06-30T09:19:14,1500.0,46.1,B
2021-06-30T09:18:59,100.0,46.0,B
2021-06-30T09:18:59,2000.0,46.1,B
2021-06-30T09:18:55,2000.0,46.1,B
2021-06-30T09:18:49,1300.0,46.0,B
2021-06-30T09:18:45,3000.0,46.0,B
2021-06-30T09:18:44,500.0,45.9,S
2021-06-30T09:18:43,1200.0,46.0,B
2021-06-30T09:18:43,600.0,46.0,B
2021-06-30T09:18:42,5200.0,46.0,B
2021-06-30T09:18:42,100.0,46.0,B
2021-06-30T09:18:42,800.0,46.0,B
2021-06-30T09:18:34,2400.0,46.0,B
2021-06-30T09:18:26,200.0,46.0,B
2021-06-30T09:18:25,1000.0,46.0,B
2021-06-30T09:18:20,4000.0,46.0,B
2021-06-30T09:18:17,3000.0,46.0,B
2021-06-30T09:18:17,200.0,46.0,B
2021-06-30T09:18:17,3000.0,45.9,S
2021-06-30T09:18:17,100.0,46.0,B
2021-06-30T09:18:11,7000.0,46.0,B
2021-06-30T09:18:08,2200.0,46.0,S
2021-06-30T09:18:06,1000.0,46.0,S
2021-06-30T09:18:04,2000.0,46.1,B
2021-06-30T09:18:03,200.0,46.0,S
2021-06-30T09:17:59,100.0,46.1,B
2021-06-30T09:17:57,2700.0,46.0,S
2021-06-30T09:17:55,6300.0,46.0,S
2021-06-30T09:17:47,700.0,46.0,S
2021-06-30T09:17:45,500.0,46.0,B
2021-06-30T09:17:41,300.0,46.0,B
2021-06-30T09:17:34,500.0,46.0,B
2021-06-30T09:17:33,3200.0,46.0,B
2021-06-30T09:17:32,500.0,45.9,S
2021-06-30T09:17:30,2000.0,46.0,B
2021-06-30T09:17:30,300.0,46.0,B
2021-06-30T09:17:18,800.0,46.0,B
2021-06-30T09:17:02,400.0,46.0,B
2021-06-30T09:16:58,200.0,46.0,B
2021-06-30T09:16:56,400.0,46.0,B
2021-06-30T09:16:46,1000.0,46.0,B
2021-06-30T09:16:43,100.0,46.0,B
2021-06-30T09:16:37,300.0,46.0,S
2021-06-30T09:16:37,100.0,46.1,B
2021-06-30T09:16:35,600.0,46.0,S
2021-06-30T09:16:35,1000.0,46.0,S
2021-06-30T09:16:24,500.0,46.1,B
2021-06-30T09:16:21,3000.0,46.0,S
2021-06-30T09:16:12,200.0,46.0,B
2021-06-30T09:16:09,100.0,46.0,B
2021-06-30T09:16:08,15400.0,46.0,B
2021-06-30T09:16:08,1000.0,46.0,B
2021-06-30T09:16:08,11000.0,46.0,B
2021-06-30T09:16:08,2300.0,46.0,B
2021-06-30T09:15:54,300.0,46.0,B
2021-06-30T09:15:54,1100.0,46.0,B
2021-06-30T09:15:54,1100.0,46.0,B
2021-06-30T09:15:54,2500.0,46.0,B
2021-06-30T09:15:40,200.0,45.5,S
