tradingTime,volume,price,side
2021-06-30T13:21:32,200.0,119.8,B
2021-06-30T13:21:23,1000.0,119.8,B
2021-06-30T13:21:19,300.0,119.8,B
2021-06-30T13:20:56,500.0,119.8,B
2021-06-30T13:20:22,100.0,119.7,S
2021-06-30T13:20:21,100.0,119.7,S
2021-06-30T13:20:16,500.0,119.8,B
2021-06-30T13:20:12,2000.0,119.7,S
2021-06-30T13:20:02,200.0,119.8,B
2021-06-30T13:20:01,600.0,119.8,B
2021-06-30T13:19:57,100.0,119.8,B
2021-06-30T13:19:55,300.0,119.8,B
2021-06-30T13:19:54,300.0,119.8,B
2021-06-30T13:19:44,200.0,119.8,B
2021-06-30T13:19:25,100.0,119.8,B
2021-06-30T13:19:21,100.0,119.7,S
2021-06-30T13:19:06,3600.0,119.8,S
2021-06-30T13:18:50,500.0,119.8,B
2021-06-30T13:18:50,300.0,119.8,B
2021-06-30T13:18:46,2800.0,119.7,S
2021-06-30T13:18:43,1000.0,119.7,S
2021-06-30T13:18:43,100.0,119.7,S
2021-06-30T13:18:43,300.0,119.7,S
2021-06-30T13:18:43,5800.0,119.7,S
2021-06-30T13:18:42,200.0,119.8,B
2021-06-30T13:18:36,300.0,119.8,B
2021-06-30T13:18:36,2400.0,119.8,B
2021-06-30T13:18:36,1600.0,119.8,B
2021-06-30T13:18:35,1000.0,119.8,B
2021-06-30T13:18:35,200.0,119.8,B
2021-06-30T13:18:26,100.0,119.8,B
2021-06-30T13:18:24,700.0,119.7,S
2021-06-30T13:18:24,500.0,119.7,S
2021-06-30T13:18:18,100.0,119.8,B
2021-06-30T13:18:09,300.0,119.8,B
2021-06-30T13:18:05,300.0,119.7,S
2021-06-30T13:17:55,100.0,119.8,B
2021-06-30T13:17:54,200.0,119.8,B
2021-06-30T13:17:52,2000.0,119.8,B
2021-06-30T13:17:51,600.0,119.8,B
2021-06-30T13:17:47,400.0,119.8,B
2021-06-30T13:17:44,200.0,119.8,B
2021-06-30T13:17:39,1000.0,119.7,S
2021-06-30T13:17:29,1000.0,119.8,B
2021-06-30T13:17:18,100.0,119.7,S
2021-06-30T13:17:09,500.0,119.7,S
2021-06-30T13:16:21,2300.0,119.7,B
2021-06-30T13:16:14,300.0,119.7,S
2021-06-30T13:16:13,1400.0,119.7,S
2021-06-30T13:16:09,100.0,119.7,S
2021-06-30T13:16:04,1300.0,119.8,B
2021-06-30T13:16:04,1400.0,119.7,S
2021-06-30T13:15:56,300.0,119.7,S
2021-06-30T13:15:56,200.0,119.7,S
2021-06-30T13:15:51,100.0,119.8,B
2021-06-30T13:15:49,1000.0,119.7,S
2021-06-30T13:15:47,600.0,119.8,B
2021-06-30T13:15:46,200.0,119.8,B
2021-06-30T13:15:43,1000.0,119.8,B
2021-06-30T13:15:43,300.0,119.8,B
2021-06-30T13:15:41,2800.0,119.7,S
2021-06-30T13:15:32,500.0,119.7,S
2021-06-30T13:15:32,1600.0,119.7,S
2021-06-30T13:15:32,700.0,119.7,S
2021-06-30T13:15:32,2200.0,119.7,S
2021-06-30T13:15:30,2000.0,119.7,S
2021-06-30T13:15:24,1000.0,119.8,B
2021-06-30T13:15:18,3000.0,119.7,S
2021-06-30T13:15:16,1000.0,119.8,B
2021-06-30T13:15:12,1500.0,119.7,S
2021-06-30T13:15:10,200.0,119.8,B
2021-06-30T13:15:10,2900.0,119.8,B
2021-06-30T13:15:09,1000.0,119.9,B
2021-06-30T13:15:07,1400.0,119.8,B
2021-06-30T13:15:06,600.0,119.8,B
2021-06-30T13:15:04,300.0,119.8,B
2021-06-30T13:15:01,900.0,119.8,B
2021-06-30T13:14:56,1000.0,119.8,B
2021-06-30T13:14:47,1000.0,119.8,B
2021-06-30T13:14:40,100.0,119.7,S
2021-06-30T13:14:39,1000.0,119.7,S
2021-06-30T13:14:37,100.0,119.8,B
2021-06-30T13:14:30,10000.0,119.7,B
2021-06-30T13:14:27,400.0,119.7,B
2021-06-30T13:14:26,500.0,119.7,B
2021-06-30T13:14:18,1500.0,119.7,B
2021-06-30T13:14:12,1000.0,119.7,B
2021-06-30T13:14:06,8000.0,119.7,B
2021-06-30T13:14:06,1800.0,119.7,B
2021-06-30T13:14:05,2100.0,119.7,B
2021-06-30T13:14:05,20100.0,119.7,B
2021-06-30T13:14:04,1000.0,119.3,S
2021-06-30T13:14:02,1300.0,119.5,B
2021-06-30T13:14:00,1000.0,119.5,B
2021-06-30T13:13:52,100.0,119.5,B
2021-06-30T13:13:51,100.0,119.5,B
2021-06-30T13:13:50,500.0,119.5,B
2021-06-30T13:13:48,1800.0,119.5,B
2021-06-30T13:13:48,100.0,119.5,B
2021-06-30T13:13:47,100.0,119.5,B
2021-06-30T13:13:42,1000.0,119.5,S
2021-06-30T13:13:39,200.0,119.5,S
2021-06-30T13:13:36,300.0,119.5,S
2021-06-30T13:13:32,8400.0,119.5,S
2021-06-30T13:13:32,1000.0,119.5,S
2021-06-30T13:13:31,600.0,119.5,S
2021-06-30T13:13:29,1700.0,119.5,S
2021-06-30T13:13:26,1000.0,119.5,S
2021-06-30T13:13:26,3000.0,119.4,S
2021-06-30T13:13:21,100.0,119.5,S
2021-06-30T13:13:18,300.0,119.5,S
2021-06-30T13:13:16,100.0,119.5,S
2021-06-30T13:13:12,700.0,119.4,S
2021-06-30T13:13:12,300.0,119.4,S
2021-06-30T13:13:10,1300.0,119.5,S
2021-06-30T13:13:08,100.0,119.5,S
2021-06-30T13:13:00,4000.0,119.5,S
2021-06-30T13:12:59,1400.0,119.5,S
2021-06-30T13:12:52,5000.0,119.5,S
2021-06-30T13:12:50,200.0,119.5,S
2021-06-30T13:12:50,1300.0,119.5,S
2021-06-30T13:12:50,100.0,119.5,S
2021-06-30T13:12:46,14900.0,119.5,S
2021-06-30T13:12:46,400.0,119.5,S
2021-06-30T13:12:45,5500.0,119.5,S
2021-06-30T13:12:44,200.0,119.5,S
2021-06-30T13:12:40,200.0,119.5,S
2021-06-30T13:12:38,5000.0,119.5,S
2021-06-30T13:12:38,200.0,119.6,B
2021-06-30T13:12:27,1000.0,119.6,B
2021-06-30T13:12:24,200.0,119.6,B
2021-06-30T13:12:17,100.0,119.6,B
2021-06-30T13:12:15,1800.0,119.6,B
2021-06-30T13:12:11,300.0,119.7,B
2021-06-30T13:12:11,9300.0,119.6,B
2021-06-30T13:12:11,400.0,119.6,B
2021-06-30T13:12:09,200.0,119.6,S
2021-06-30T13:12:03,1300.0,119.6,S
2021-06-30T13:11:58,300.0,119.6,S
2021-06-30T13:11:56,500.0,119.6,S
2021-06-30T13:11:49,1000.0,119.6,S
2021-06-30T13:11:49,100.0,119.6,S
2021-06-30T13:11:46,400.0,119.6,S
2021-06-30T13:11:44,2000.0,119.5,S
2021-06-30T13:11:35,200.0,119.6,S
2021-06-30T13:11:33,200.0,119.6,S
2021-06-30T13:11:32,200.0,119.6,S
2021-06-30T13:11:31,1300.0,119.6,S
2021-06-30T13:11:27,200.0,119.6,S
2021-06-30T13:11:20,100.0,119.6,S
2021-06-30T13:11:17,100.0,119.6,S
2021-06-30T13:11:11,200.0,119.6,S
2021-06-30T13:11:11,200.0,119.6,S
2021-06-30T13:11:11,3600.0,119.6,S
2021-06-30T13:11:11,200.0,119.6,S
2021-06-30T13:11:11,2200.0,119.6,S
2021-06-30T13:11:11,600.0,119.6,S
2021-06-30T13:11:11,200.0,119.6,S
2021-06-30T13:11:11,500.0,119.6,S
2021-06-30T13:11:11,1100.0,119.6,S
2021-06-30T13:11:11,1000.0,119.7,S
2021-06-30T13:11:10,3700.0,119.7,S
2021-06-30T13:11:02,200.0,119.8,B
2021-06-30T13:10:55,5000.0,119.7,S
2021-06-30T13:10:53,100.0,119.8,B
2021-06-30T13:10:45,400.0,119.7,S
2021-06-30T13:10:43,1200.0,119.7,S
2021-06-30T13:10:39,2000.0,119.8,S
2021-06-30T13:10:33,1000.0,119.7,S
2021-06-30T13:10:33,100.0,119.7,S
2021-06-30T13:10:33,1900.0,119.7,S
2021-06-30T13:10:32,1600.0,119.8,S
2021-06-30T13:10:30,4400.0,119.8,S
2021-06-30T13:10:30,4000.0,119.8,S
2021-06-30T13:10:26,100.0,119.8,S
2021-06-30T13:10:25,400.0,119.8,S
2021-06-30T13:10:23,100.0,119.8,S
2021-06-30T13:10:21,300.0,119.8,S
2021-06-30T13:10:17,200.0,119.9,B
2021-06-30T13:10:17,2800.0,119.8,S
2021-06-30T13:10:17,1000.0,119.8,S
2021-06-30T13:09:49,500.0,119.8,S
2021-06-30T13:09:49,3200.0,119.8,S
2021-06-30T13:09:48,200.0,119.8,S
2021-06-30T13:09:46,100.0,119.9,B
2021-06-30T13:09:45,200.0,119.9,B
2021-06-30T13:09:40,5000.0,119.8,S
2021-06-30T13:09:40,200.0,119.8,S
2021-06-30T13:09:39,2000.0,119.8,S
2021-06-30T13:09:36,100.0,119.9,B
2021-06-30T13:09:34,600.0,119.9,B
2021-06-30T13:09:31,3800.0,119.9,B
2021-06-30T13:09:30,4800.0,119.7,S
2021-06-30T13:09:30,500.0,119.8,S
2021-06-30T13:09:30,10800.0,119.8,S
2021-06-30T13:09:30,1300.0,119.8,S
2021-06-30T13:09:30,100.0,119.8,S
2021-06-30T13:09:30,3100.0,119.8,S
2021-06-30T13:09:30,3100.0,119.8,S
2021-06-30T13:09:30,3200.0,119.8,S
2021-06-30T13:09:30,300.0,119.8,S
2021-06-30T13:09:29,100.0,119.8,S
2021-06-30T13:09:29,3000.0,119.8,S
2021-06-30T13:09:27,200.0,119.9,B
2021-06-30T13:09:21,400.0,119.9,B
2021-06-30T13:09:08,500.0,119.8,S
2021-06-30T13:09:05,200.0,119.8,S
2021-06-30T13:08:55,300.0,119.9,S
2021-06-30T13:08:54,100.0,119.9,S
2021-06-30T13:08:54,1600.0,119.9,S
2021-06-30T13:08:54,700.0,119.9,S
2021-06-30T13:08:54,100.0,119.9,S
2021-06-30T13:08:54,700.0,119.9,S
2021-06-30T13:08:54,9600.0,119.9,S
2021-06-30T13:08:53,9400.0,119.9,S
2021-06-30T13:08:52,200.0,120.0,B
2021-06-30T13:08:42,100.0,120.0,B
2021-06-30T13:08:38,2000.0,119.9,S
2021-06-30T13:08:24,2900.0,120.0,B
2021-06-30T13:08:21,200.0,119.9,S
2021-06-30T13:08:20,100.0,119.9,S
2021-06-30T13:08:19,300.0,119.9,S
2021-06-30T13:08:03,200.0,119.9,S
2021-06-30T13:07:59,100.0,120.0,B
2021-06-30T13:07:59,100.0,120.0,B
2021-06-30T13:07:41,100.0,120.0,B
2021-06-30T13:07:34,200.0,120.0,B
2021-06-30T13:07:26,500.0,120.0,S
2021-06-30T13:07:17,200.0,120.0,S
2021-06-30T13:07:13,200.0,120.0,S
2021-06-30T13:07:13,700.0,120.0,S
2021-06-30T13:07:12,100.0,120.0,S
2021-06-30T13:07:12,100.0,120.2,B
2021-06-30T13:07:08,300.0,120.2,B
2021-06-30T13:06:56,10700.0,120.0,S
2021-06-30T13:06:55,9300.0,120.0,S
2021-06-30T13:06:53,500.0,120.0,S
2021-06-30T13:06:48,1000.0,120.2,B
2021-06-30T13:06:45,100.0,120.2,B
2021-06-30T13:06:43,200.0,120.2,B
2021-06-30T13:06:35,5000.0,120.0,S
2021-06-30T13:06:27,100.0,120.2,B
2021-06-30T13:06:26,2900.0,120.0,S
2021-06-30T13:06:26,1500.0,120.0,S
2021-06-30T13:06:26,4700.0,120.0,S
2021-06-30T13:06:21,1400.0,120.3,B
2021-06-30T13:06:19,200.0,120.2,B
2021-06-30T13:06:17,100.0,120.2,B
2021-06-30T13:06:12,5000.0,120.0,S
2021-06-30T13:06:01,100.0,120.2,B
2021-06-30T13:05:49,2100.0,120.2,B
2021-06-30T13:05:46,1400.0,120.2,B
2021-06-30T13:05:39,100.0,120.2,B
2021-06-30T13:05:34,500.0,120.0,S
2021-06-30T13:05:19,400.0,120.2,S
2021-06-30T13:05:13,300.0,120.2,S
2021-06-30T13:05:10,100.0,120.2,S
2021-06-30T13:05:10,200.0,120.2,S
2021-06-30T13:05:10,100.0,120.2,S
2021-06-30T13:05:01,1000.0,120.2,S
2021-06-30T13:04:53,100.0,120.3,S
2021-06-30T13:04:50,100.0,120.3,S
2021-06-30T13:04:36,100.0,120.3,B
2021-06-30T13:04:27,100.0,120.4,B
2021-06-30T13:04:27,1100.0,120.4,B
2021-06-30T13:04:27,600.0,120.4,B
2021-06-30T13:04:27,4500.0,120.4,B
2021-06-30T13:04:27,18500.0,120.4,B
2021-06-30T13:04:24,200.0,120.3,S
2021-06-30T13:04:20,1000.0,120.2,S
2021-06-30T13:04:20,1000.0,120.3,S
2021-06-30T13:04:08,300.0,120.3,S
2021-06-30T13:04:07,100.0,120.4,B
2021-06-30T13:04:02,100.0,120.3,S
2021-06-30T13:04:01,100.0,120.4,B
2021-06-30T13:03:59,300.0,120.4,B
2021-06-30T13:03:30,9900.0,120.4,B
2021-06-30T13:03:30,600.0,120.4,B
2021-06-30T13:03:30,100.0,120.4,B
2021-06-30T13:03:30,400.0,120.4,B
2021-06-30T13:03:30,500.0,120.4,B
2021-06-30T13:03:28,100.0,120.4,B
2021-06-30T13:03:18,600.0,120.3,B
2021-06-30T13:03:18,100.0,120.3,B
2021-06-30T13:03:14,2000.0,120.3,B
2021-06-30T13:03:12,300.0,120.3,B
2021-06-30T13:03:10,100.0,120.3,B
2021-06-30T13:03:10,900.0,120.3,B
2021-06-30T13:03:10,3000.0,120.3,B
2021-06-30T13:03:10,700.0,120.3,B
2021-06-30T13:03:10,700.0,120.3,B
2021-06-30T13:03:10,2000.0,120.3,B
2021-06-30T13:03:10,100.0,120.3,B
2021-06-30T13:03:10,7400.0,120.3,B
2021-06-30T13:03:10,3200.0,120.3,B
2021-06-30T13:03:10,3800.0,120.3,B
2021-06-30T13:03:10,13700.0,120.3,B
2021-06-30T13:03:10,1600.0,120.3,B
2021-06-30T13:03:10,700.0,120.3,B
2021-06-30T13:03:10,7000.0,120.3,B
2021-06-30T13:03:09,200.0,120.2,B
2021-06-30T13:03:06,600.0,120.2,B
2021-06-30T13:03:03,1800.0,120.0,S
2021-06-30T13:03:02,100.0,120.2,B
2021-06-30T13:03:00,5000.0,120.0,S
2021-06-30T13:02:58,600.0,120.0,S
2021-06-30T13:02:56,5800.0,120.3,B
2021-06-30T13:02:56,500.0,120.3,B
2021-06-30T13:02:56,800.0,120.3,B
2021-06-30T13:02:56,1000.0,120.3,B
2021-06-30T13:02:56,100.0,120.3,B
2021-06-30T13:02:56,6500.0,120.3,B
2021-06-30T13:02:56,500.0,120.3,B
2021-06-30T13:02:56,18700.0,120.3,B
2021-06-30T13:02:56,4000.0,120.2,B
2021-06-30T13:02:56,2000.0,120.2,B
2021-06-30T13:02:56,3600.0,120.2,B
2021-06-30T13:02:56,200.0,120.2,B
2021-06-30T13:02:56,2400.0,120.2,B
2021-06-30T13:02:56,200.0,120.2,B
2021-06-30T13:02:55,2700.0,120.2,B
2021-06-30T13:02:50,900.0,120.0,S
2021-06-30T13:02:50,300.0,120.0,S
2021-06-30T13:02:50,400.0,120.0,S
2021-06-30T13:02:48,200.0,120.2,B
2021-06-30T13:02:47,200.0,120.0,S
2021-06-30T13:02:46,100.0,120.2,B
2021-06-30T13:02:35,100.0,120.1,S
2021-06-30T13:02:31,100.0,120.0,S
2021-06-30T13:02:12,300.0,120.2,B
2021-06-30T13:02:08,1000.0,120.0,S
2021-06-30T13:02:04,100.0,120.2,B
2021-06-30T13:01:37,300.0,120.2,B
2021-06-30T13:01:37,100.0,120.2,B
2021-06-30T13:01:37,100.0,120.2,B
2021-06-30T13:01:37,39100.0,120.2,B
2021-06-30T13:01:37,100.0,120.2,B
2021-06-30T13:01:37,10300.0,120.1,S
2021-06-30T13:01:27,1500.0,120.0,S
2021-06-30T13:01:25,200.0,120.0,S
2021-06-30T13:01:17,300.0,120.0,S
2021-06-30T13:01:16,600.0,120.0,S
2021-06-30T13:01:16,500.0,120.0,S
2021-06-30T13:01:15,1500.0,119.9,S
2021-06-30T13:01:14,1400.0,120.0,S
2021-06-30T13:01:12,800.0,120.0,S
2021-06-30T13:01:12,300.0,120.0,S
2021-06-30T13:01:10,200.0,120.0,S
2021-06-30T13:01:08,3000.0,120.0,S
2021-06-30T13:00:52,200.0,120.0,S
2021-06-30T13:00:45,300.0,119.9,S
2021-06-30T13:00:45,700.0,119.9,S
2021-06-30T13:00:42,100.0,120.0,S
2021-06-30T13:00:36,300.0,120.0,S
2021-06-30T13:00:32,500.0,120.0,S
2021-06-30T13:00:28,800.0,120.0,S
2021-06-30T13:00:27,400.0,119.9,S
2021-06-30T13:00:26,600.0,120.0,S
2021-06-30T13:00:25,200.0,120.0,S
2021-06-30T13:00:25,500.0,120.0,S
2021-06-30T13:00:25,500.0,120.0,S
2021-06-30T13:00:24,200.0,120.0,S
2021-06-30T13:00:22,3600.0,120.0,S
2021-06-30T13:00:20,300.0,120.0,S
2021-06-30T13:00:14,500.0,120.0,S
2021-06-30T13:00:12,400.0,120.0,S
2021-06-30T13:00:12,2700.0,120.0,S
2021-06-30T13:00:12,100.0,119.9,S
2021-06-30T13:00:12,1600.0,119.9,S
2021-06-30T13:00:12,500.0,119.9,S
2021-06-30T13:00:12,1100.0,119.9,S
2021-06-30T13:00:12,1000.0,119.9,S
2021-06-30T13:00:12,300.0,119.9,S
2021-06-30T13:00:12,1500.0,119.9,S
2021-06-30T11:30:06,100.0,120.0,B
2021-06-30T11:29:59,100.0,120.0,B
2021-06-30T11:29:59,100.0,120.0,B
2021-06-30T11:29:55,200.0,120.0,B
2021-06-30T11:29:49,100.0,120.0,B
2021-06-30T11:29:32,100.0,119.9,S
2021-06-30T11:29:09,700.0,119.9,S
2021-06-30T11:29:06,300.0,120.2,B
2021-06-30T11:29:00,100.0,120.2,B
2021-06-30T11:28:36,200.0,120.2,B
2021-06-30T11:28:36,10800.0,120.2,B
2021-06-30T11:28:36,2000.0,120.2,B
2021-06-30T11:28:36,1300.0,120.2,B
2021-06-30T11:28:36,6900.0,120.2,B
2021-06-30T11:28:27,100.0,120.2,B
2021-06-30T11:28:25,300.0,120.2,B
2021-06-30T11:28:16,200.0,120.2,B
2021-06-30T11:28:16,100.0,120.0,B
2021-06-30T11:28:09,200.0,120.0,B
2021-06-30T11:28:02,500.0,120.0,S
2021-06-30T11:28:02,5500.0,120.0,S
2021-06-30T11:28:02,300.0,120.0,S
2021-06-30T11:28:02,700.0,120.0,S
2021-06-30T11:28:02,11400.0,120.0,S
2021-06-30T11:28:02,200.0,120.0,S
2021-06-30T11:28:02,11100.0,120.0,S
2021-06-30T11:27:56,100.0,120.2,B
2021-06-30T11:27:50,400.0,120.1,S
2021-06-30T11:27:42,200.0,120.2,B
2021-06-30T11:27:40,500.0,120.2,B
2021-06-30T11:27:38,200.0,120.2,B
2021-06-30T11:27:30,300.0,120.2,B
2021-06-30T11:27:28,300.0,120.1,S
2021-06-30T11:27:25,200.0,120.2,B
2021-06-30T11:27:23,1000.0,120.1,S
2021-06-30T11:27:21,7000.0,120.1,S
2021-06-30T11:27:18,300.0,120.2,B
2021-06-30T11:27:18,100.0,120.2,B
2021-06-30T11:27:18,700.0,120.2,B
2021-06-30T11:27:18,300.0,120.2,B
2021-06-30T11:27:18,2600.0,120.2,B
2021-06-30T11:27:17,5300.0,120.2,B
2021-06-30T11:27:14,1100.0,120.2,B
2021-06-30T11:27:03,1300.0,120.2,B
2021-06-30T11:26:59,9000.0,120.2,B
2021-06-30T11:26:53,100.0,120.2,B
2021-06-30T11:26:45,9000.0,120.2,B
2021-06-30T11:26:33,200.0,120.1,S
2021-06-30T11:26:26,9000.0,120.2,B
2021-06-30T11:26:23,100.0,120.2,B
2021-06-30T11:26:22,200.0,120.2,B
2021-06-30T11:26:14,9000.0,120.2,B
2021-06-30T11:26:03,100.0,120.2,B
2021-06-30T11:25:56,300.0,120.2,B
2021-06-30T11:25:53,9000.0,120.2,B
2021-06-30T11:25:53,100.0,120.1,B
2021-06-30T11:25:40,200.0,120.2,B
2021-06-30T11:25:37,4800.0,120.2,B
2021-06-30T11:25:37,3500.0,120.2,B
2021-06-30T11:25:37,200.0,120.2,B
2021-06-30T11:25:37,500.0,120.2,B
2021-06-30T11:25:32,200.0,120.2,B
2021-06-30T11:25:28,400.0,120.2,B
2021-06-30T11:25:24,200.0,120.2,B
2021-06-30T11:25:24,100.0,120.1,B
2021-06-30T11:25:24,100.0,120.0,S
2021-06-30T11:25:11,900.0,120.2,B
2021-06-30T11:25:11,500.0,120.2,B
2021-06-30T11:25:11,1100.0,120.2,B
2021-06-30T11:25:11,3200.0,120.2,B
2021-06-30T11:25:11,3300.0,120.2,B
2021-06-30T11:25:02,200.0,120.1,B
2021-06-30T11:25:02,200.0,120.0,S
2021-06-30T11:24:54,100.0,120.1,S
2021-06-30T11:24:50,600.0,120.2,B
2021-06-30T11:24:50,500.0,120.2,B
2021-06-30T11:24:50,300.0,120.2,B
2021-06-30T11:24:50,2900.0,120.2,B
2021-06-30T11:24:50,4200.0,120.2,B
2021-06-30T11:24:50,500.0,120.1,B
2021-06-30T11:24:36,100.0,120.1,B
2021-06-30T11:24:13,2000.0,120.0,S
2021-06-30T11:24:09,1700.0,120.2,B
2021-06-30T11:24:09,4600.0,120.2,B
2021-06-30T11:24:09,1100.0,120.2,B
2021-06-30T11:24:09,1600.0,120.2,B
2021-06-30T11:24:08,300.0,120.2,B
2021-06-30T11:24:08,1600.0,120.1,S
2021-06-30T11:24:07,300.0,120.2,B
2021-06-30T11:24:01,1100.0,120.1,S
2021-06-30T11:23:54,9000.0,120.2,B
2021-06-30T11:23:51,100.0,120.1,S
2021-06-30T11:23:49,100.0,120.2,B
2021-06-30T11:23:49,200.0,120.1,S
2021-06-30T11:23:41,200.0,120.2,B
2021-06-30T11:23:28,500.0,120.2,B
2021-06-30T11:23:27,300.0,120.2,B
2021-06-30T11:23:25,400.0,120.2,B
2021-06-30T11:23:22,200.0,120.2,B
2021-06-30T11:23:15,200.0,120.2,B
2021-06-30T11:23:11,1000.0,120.1,S
2021-06-30T11:22:49,300.0,120.2,B
2021-06-30T11:22:49,100.0,120.2,B
2021-06-30T11:22:32,1000.0,120.2,B
2021-06-30T11:22:30,2900.0,120.1,S
2021-06-30T11:22:25,1000.0,120.1,S
2021-06-30T11:22:22,600.0,120.2,B
2021-06-30T11:22:22,100.0,120.2,B
2021-06-30T11:22:17,600.0,120.1,B
2021-06-30T11:22:17,1200.0,120.1,B
2021-06-30T11:22:15,500.0,120.0,S
2021-06-30T11:22:09,200.0,120.1,B
2021-06-30T11:22:09,3200.0,120.1,B
2021-06-30T11:22:05,200.0,120.0,S
2021-06-30T11:21:35,2700.0,120.0,S
2021-06-30T11:21:34,9000.0,120.1,B
2021-06-30T11:21:26,300.0,120.1,B
2021-06-30T11:21:19,4100.0,120.0,S
2021-06-30T11:21:19,500.0,120.0,S
2021-06-30T11:21:19,15400.0,120.0,S
2021-06-30T11:21:18,500.0,120.1,B
2021-06-30T11:21:15,100.0,120.1,B
2021-06-30T11:21:13,3000.0,120.2,B
2021-06-30T11:21:13,200.0,120.1,B
2021-06-30T11:20:58,200.0,120.1,B
2021-06-30T11:20:44,200.0,120.0,S
2021-06-30T11:20:44,900.0,120.0,S
2021-06-30T11:20:43,300.0,120.1,B
2021-06-30T11:20:42,300.0,120.0,S
2021-06-30T11:20:37,100.0,120.1,B
2021-06-30T11:20:36,100.0,120.1,B
2021-06-30T11:20:35,1000.0,120.0,S
2021-06-30T11:20:30,100.0,120.1,S
2021-06-30T11:20:28,100.0,120.1,S
2021-06-30T11:20:16,200.0,120.1,S
2021-06-30T11:20:06,600.0,120.0,S
2021-06-30T11:20:06,400.0,120.1,S
2021-06-30T11:19:56,2000.0,120.1,S
2021-06-30T11:19:53,100.0,120.1,S
2021-06-30T11:19:33,1000.0,120.1,S
2021-06-30T11:19:29,100.0,120.1,S
2021-06-30T11:19:29,600.0,120.1,B
2021-06-30T11:19:29,5100.0,120.1,B
2021-06-30T11:19:21,2800.0,120.0,S
2021-06-30T11:19:18,100.0,120.0,S
2021-06-30T11:19:17,300.0,120.1,B
2021-06-30T11:19:17,200.0,120.1,B
2021-06-30T11:19:13,9000.0,120.1,B
2021-06-30T11:19:10,900.0,120.0,S
2021-06-30T11:19:10,100.0,120.0,S
2021-06-30T11:19:08,100.0,120.1,B
2021-06-30T11:19:04,1000.0,120.0,S
2021-06-30T11:18:55,5000.0,120.0,S
2021-06-30T11:18:53,100.0,120.0,S
2021-06-30T11:18:43,100.0,120.1,B
2021-06-30T11:18:41,1200.0,120.0,B
2021-06-30T11:18:40,100.0,120.0,B
2021-06-30T11:18:38,100.0,120.0,B
2021-06-30T11:18:36,3000.0,120.0,B
2021-06-30T11:18:26,200.0,120.0,S
2021-06-30T11:18:26,2400.0,120.0,S
2021-06-30T11:18:22,800.0,120.0,S
2021-06-30T11:18:21,5100.0,120.1,B
2021-06-30T11:18:15,200.0,120.1,B
2021-06-30T11:18:09,3200.0,120.0,B
2021-06-30T11:18:05,300.0,120.0,S
2021-06-30T11:18:05,100.0,120.0,S
2021-06-30T11:18:05,300.0,120.0,S
2021-06-30T11:18:05,500.0,120.0,S
2021-06-30T11:18:05,11200.0,120.0,S
2021-06-30T11:18:04,4400.0,120.0,S
2021-06-30T11:17:56,2000.0,120.1,B
2021-06-30T11:17:55,1000.0,120.0,S
2021-06-30T11:17:19,900.0,120.0,S
2021-06-30T11:17:19,200.0,120.1,S
2021-06-30T11:17:19,900.0,120.1,S
2021-06-30T11:17:19,200.0,120.1,S
2021-06-30T11:17:17,500.0,120.1,S
2021-06-30T11:17:12,200.0,120.2,B
2021-06-30T11:17:09,100.0,120.2,B
2021-06-30T11:17:05,300.0,120.2,B
2021-06-30T11:17:05,1000.0,120.1,S
2021-06-30T11:17:05,100.0,120.2,B
2021-06-30T11:17:01,1000.0,120.2,B
2021-06-30T11:16:39,5000.0,120.1,S
2021-06-30T11:16:38,100.0,120.2,B
2021-06-30T11:16:33,500.0,120.2,B
2021-06-30T11:16:32,200.0,120.2,B
2021-06-30T11:16:06,300.0,120.2,B
2021-06-30T11:16:05,300.0,120.2,B
2021-06-30T11:16:05,1100.0,120.2,B
2021-06-30T11:16:01,5000.0,120.1,S
2021-06-30T11:15:44,300.0,120.2,B
2021-06-30T11:15:43,100.0,120.1,S
2021-06-30T11:15:41,1000.0,120.1,S
2021-06-30T11:15:37,1000.0,120.1,S
2021-06-30T11:15:29,2500.0,120.1,B
2021-06-30T11:15:29,4600.0,120.1,B
2021-06-30T11:15:12,9000.0,120.1,B
2021-06-30T11:15:11,200.0,120.1,B
2021-06-30T11:15:10,3000.0,120.0,S
2021-06-30T11:15:10,2000.0,120.0,S
2021-06-30T11:15:09,200.0,120.1,B
2021-06-30T11:15:04,100.0,120.1,B
2021-06-30T11:15:03,100.0,120.1,B
2021-06-30T11:14:56,200.0,120.1,B
2021-06-30T11:14:56,9000.0,120.1,B
2021-06-30T11:14:54,400.0,120.1,B
2021-06-30T11:14:51,100.0,120.1,B
2021-06-30T11:14:46,300.0,120.1,B
2021-06-30T11:14:40,200.0,120.1,B
2021-06-30T11:14:36,200.0,120.1,B
2021-06-30T11:14:36,100.0,120.1,B
2021-06-30T11:14:35,200.0,120.1,B
2021-06-30T11:14:28,200.0,120.1,B
2021-06-30T11:14:23,500.0,120.1,B
2021-06-30T11:14:23,200.0,120.1,B
2021-06-30T11:14:22,200.0,120.0,S
2021-06-30T11:14:07,100.0,120.1,B
2021-06-30T11:13:59,100.0,120.1,B
2021-06-30T11:13:51,8600.0,120.0,S
2021-06-30T11:13:51,200.0,120.0,S
2021-06-30T11:13:51,6200.0,120.0,S
2021-06-30T11:13:40,1000.0,120.0,S
2021-06-30T11:13:32,100.0,120.2,B
2021-06-30T11:13:31,7600.0,120.0,S
2021-06-30T11:13:29,2400.0,120.1,S
2021-06-30T11:13:29,11800.0,120.1,S
2021-06-30T11:13:29,2700.0,120.1,S
2021-06-30T11:13:28,500.0,120.1,S
2021-06-30T11:13:28,100.0,120.2,B
2021-06-30T11:13:24,200.0,120.2,B
2021-06-30T11:13:23,100.0,120.1,S
2021-06-30T11:13:23,100.0,120.2,B
2021-06-30T11:13:18,5000.0,120.2,B
2021-06-30T11:13:11,100.0,120.2,B
2021-06-30T11:13:08,900.0,120.2,B
2021-06-30T11:13:08,2000.0,120.2,B
2021-06-30T11:13:07,100.0,120.2,B
2021-06-30T11:13:02,400.0,120.2,B
2021-06-30T11:13:00,300.0,120.2,B
2021-06-30T11:12:52,200.0,120.2,B
2021-06-30T11:12:47,600.0,120.2,B
2021-06-30T11:12:39,500.0,120.1,S
2021-06-30T11:12:35,200.0,120.2,B
2021-06-30T11:12:33,100.0,120.2,B
2021-06-30T11:12:32,2000.0,120.2,B
2021-06-30T11:12:29,1000.0,120.1,S
2021-06-30T11:12:25,100.0,120.2,B
2021-06-30T11:12:16,2200.0,120.1,S
2021-06-30T11:12:13,100.0,120.2,B
2021-06-30T11:12:07,200.0,120.2,B
2021-06-30T11:12:01,100.0,120.2,B
2021-06-30T11:11:54,100.0,120.2,S
2021-06-30T11:11:41,300.0,120.3,B
2021-06-30T11:11:29,100.0,120.3,B
2021-06-30T11:11:28,300.0,120.2,S
2021-06-30T11:11:24,100.0,120.2,S
2021-06-30T11:11:11,100.0,120.3,B
2021-06-30T11:11:08,2400.0,120.2,S
2021-06-30T11:11:08,3600.0,120.2,S
2021-06-30T11:11:00,100.0,120.2,S
2021-06-30T11:11:00,500.0,120.2,S
2021-06-30T11:10:58,300.0,120.3,B
2021-06-30T11:10:51,100.0,120.2,S
2021-06-30T11:10:50,200.0,120.3,B
2021-06-30T11:10:47,100.0,120.2,S
2021-06-30T11:10:47,1000.0,120.2,S
2021-06-30T11:10:46,100.0,120.2,S
2021-06-30T11:10:44,200.0,120.3,B
2021-06-30T11:10:36,600.0,120.3,B
2021-06-30T11:10:36,2900.0,120.2,S
2021-06-30T11:10:32,1500.0,120.3,B
2021-06-30T11:10:32,100.0,120.3,B
2021-06-30T11:10:32,400.0,120.3,B
2021-06-30T11:10:29,900.0,120.2,S
2021-06-30T11:10:29,100.0,120.2,S
2021-06-30T11:10:26,300.0,120.2,S
2021-06-30T11:10:26,100.0,120.2,S
2021-06-30T11:10:26,300.0,120.2,S
2021-06-30T11:10:18,100.0,120.2,S
2021-06-30T11:10:11,200.0,120.2,S
2021-06-30T11:10:09,300.0,120.2,S
2021-06-30T11:09:41,100.0,120.2,S
2021-06-30T11:09:41,2000.0,120.3,B
2021-06-30T11:09:28,100.0,120.3,B
2021-06-30T11:09:26,200.0,120.3,B
2021-06-30T11:09:08,500.0,120.3,B
2021-06-30T11:09:04,300.0,120.3,B
2021-06-30T11:08:57,200.0,120.3,B
2021-06-30T11:08:53,100.0,120.3,B
2021-06-30T11:08:48,200.0,120.3,B
2021-06-30T11:08:33,100.0,120.3,B
2021-06-30T11:08:33,100.0,120.3,B
2021-06-30T11:08:32,500.0,120.2,S
2021-06-30T11:08:30,400.0,120.2,S
2021-06-30T11:08:30,400.0,120.3,B
2021-06-30T11:08:20,100.0,120.2,S
2021-06-30T11:08:10,300.0,120.2,S
2021-06-30T11:08:00,100.0,120.2,S
2021-06-30T11:07:43,100.0,120.2,S
2021-06-30T11:07:38,1000.0,120.2,S
2021-06-30T11:07:36,200.0,120.2,S
2021-06-30T11:07:34,200.0,120.2,S
2021-06-30T11:07:32,400.0,120.2,S
2021-06-30T11:07:32,100.0,120.3,B
2021-06-30T11:07:21,1000.0,120.2,S
2021-06-30T11:07:17,300.0,120.2,B
2021-06-30T11:07:15,1900.0,120.2,B
2021-06-30T11:07:15,1300.0,120.2,B
2021-06-30T11:07:11,1000.0,120.1,S
2021-06-30T11:07:07,4000.0,120.2,B
2021-06-30T11:07:07,100.0,120.2,B
2021-06-30T11:07:06,900.0,120.2,B
2021-06-30T11:07:05,400.0,120.1,S
2021-06-30T11:07:01,2400.0,120.2,B
2021-06-30T11:07:01,1700.0,120.2,B
2021-06-30T11:07:01,600.0,120.2,B
2021-06-30T11:07:01,500.0,120.2,B
2021-06-30T11:07:01,3800.0,120.2,B
2021-06-30T11:07:00,1100.0,120.1,S
2021-06-30T11:06:59,2100.0,120.1,S
2021-06-30T11:06:58,100.0,120.2,B
2021-06-30T11:06:52,400.0,120.2,B
2021-06-30T11:06:52,200.0,120.2,B
2021-06-30T11:06:52,2000.0,120.2,B
2021-06-30T11:06:52,500.0,120.2,B
2021-06-30T11:06:52,1900.0,120.2,B
2021-06-30T11:06:51,300.0,120.2,B
2021-06-30T11:06:48,200.0,120.2,B
2021-06-30T11:06:48,9000.0,120.2,B
2021-06-30T11:06:39,5000.0,120.2,B
2021-06-30T11:06:36,200.0,120.2,B
2021-06-30T11:06:35,5000.0,120.2,B
2021-06-30T11:06:28,200.0,120.2,B
2021-06-30T11:06:28,200.0,120.2,B
2021-06-30T11:06:28,1200.0,120.2,B
2021-06-30T11:06:28,1600.0,120.2,B
2021-06-30T11:06:22,200.0,120.1,S
2021-06-30T11:06:20,400.0,120.2,B
2021-06-30T11:06:15,400.0,120.1,S
2021-06-30T11:06:15,200.0,120.1,S
2021-06-30T11:06:04,300.0,120.1,B
2021-06-30T11:06:00,400.0,120.0,S
2021-06-30T11:06:00,300.0,120.0,S
2021-06-30T11:06:00,900.0,120.0,S
2021-06-30T11:05:55,200.0,120.1,B
2021-06-30T11:05:54,300.0,120.1,B
2021-06-30T11:05:54,1000.0,120.1,B
2021-06-30T11:05:54,3800.0,120.1,B
2021-06-30T11:05:45,200.0,120.1,B
2021-06-30T11:05:44,1800.0,120.1,B
2021-06-30T11:05:27,200.0,120.1,B
2021-06-30T11:05:22,100.0,120.1,B
2021-06-30T11:05:13,400.0,120.1,S
2021-06-30T11:05:00,300.0,120.2,B
2021-06-30T11:04:56,2000.0,120.1,S
2021-06-30T11:04:51,100.0,120.2,B
2021-06-30T11:04:42,200.0,120.2,B
2021-06-30T11:04:34,100.0,120.1,S
2021-06-30T11:04:34,400.0,120.2,B
2021-06-30T11:04:27,7700.0,120.1,B
2021-06-30T11:04:27,200.0,120.1,B
2021-06-30T11:04:22,1700.0,120.1,B
2021-06-30T11:04:19,400.0,120.1,B
2021-06-30T11:04:13,2000.0,120.0,S
2021-06-30T11:04:03,5000.0,120.2,B
2021-06-30T11:03:59,2400.0,120.0,S
2021-06-30T11:03:59,10000.0,120.0,S
2021-06-30T11:03:59,700.0,120.0,S
2021-06-30T11:03:59,200.0,120.0,S
2021-06-30T11:03:59,6700.0,120.0,S
2021-06-30T11:03:54,17500.0,120.1,S
2021-06-30T11:03:50,100.0,120.2,B
2021-06-30T11:03:47,500.0,120.2,B
2021-06-30T11:03:40,300.0,120.2,B
2021-06-30T11:03:22,100.0,120.2,S
2021-06-30T11:03:20,400.0,120.2,S
2021-06-30T11:03:20,400.0,120.2,S
2021-06-30T11:03:20,800.0,120.2,S
2021-06-30T11:03:20,2800.0,120.3,B
2021-06-30T11:03:16,200.0,120.2,S
2021-06-30T11:03:16,200.0,120.2,S
2021-06-30T11:03:16,3000.0,120.2,S
2021-06-30T11:03:12,500.0,120.2,S
2021-06-30T11:02:46,200.0,120.3,B
2021-06-30T11:02:41,1000.0,120.2,S
2021-06-30T11:02:41,300.0,120.2,S
2021-06-30T11:02:39,300.0,120.3,B
2021-06-30T11:02:33,2000.0,120.2,S
2021-06-30T11:02:23,200.0,120.3,B
2021-06-30T11:02:20,200.0,120.3,B
2021-06-30T11:02:18,100.0,120.3,B
2021-06-30T11:02:17,1200.0,120.2,S
2021-06-30T11:02:17,5100.0,120.2,S
2021-06-30T11:02:17,13700.0,120.2,S
2021-06-30T11:02:12,100.0,120.3,B
2021-06-30T11:02:08,500.0,120.3,B
2021-06-30T11:01:58,100.0,120.2,S
2021-06-30T11:01:58,3200.0,120.2,S
2021-06-30T11:01:54,1300.0,120.3,B
2021-06-30T11:01:54,400.0,120.3,B
2021-06-30T11:01:54,3000.0,120.3,B
2021-06-30T11:01:54,1200.0,120.3,B
2021-06-30T11:01:54,2000.0,120.3,B
2021-06-30T11:01:54,2100.0,120.3,B
2021-06-30T11:01:54,500.0,120.2,S
2021-06-30T11:01:50,100.0,120.3,B
2021-06-30T11:01:50,300.0,120.3,B
2021-06-30T11:01:42,500.0,120.2,S
2021-06-30T11:01:39,100.0,120.2,S
2021-06-30T11:01:30,300.0,120.2,S
2021-06-30T11:01:20,200.0,120.2,S
2021-06-30T11:01:16,100.0,120.3,B
2021-06-30T11:01:06,300.0,120.3,B
2021-06-30T11:00:55,1000.0,120.2,S
2021-06-30T11:00:49,100.0,120.2,S
2021-06-30T11:00:45,100.0,120.3,B
2021-06-30T11:00:39,100.0,120.2,S
2021-06-30T11:00:33,200.0,120.3,B
2021-06-30T11:00:27,300.0,120.3,B
2021-06-30T11:00:26,900.0,120.3,B
2021-06-30T11:00:26,400.0,120.3,B
2021-06-30T11:00:17,200.0,120.3,B
2021-06-30T11:00:05,500.0,120.2,S
2021-06-30T11:00:04,100.0,120.3,B
2021-06-30T11:00:04,100.0,120.2,B
2021-06-30T11:00:02,800.0,120.2,B
2021-06-30T11:00:02,1100.0,120.2,B
2021-06-30T11:00:02,900.0,120.2,B
2021-06-30T11:00:02,100.0,120.2,B
2021-06-30T11:00:02,100.0,120.2,B
2021-06-30T11:00:01,700.0,120.2,B
2021-06-30T11:00:01,600.0,120.2,B
2021-06-30T11:00:01,2000.0,120.2,B
2021-06-30T11:00:01,2600.0,120.2,B
2021-06-30T10:59:57,9500.0,120.2,B
2021-06-30T10:59:47,100.0,120.1,S
2021-06-30T10:59:47,100.0,120.2,B
2021-06-30T10:59:42,200.0,120.2,B
2021-06-30T10:59:42,9000.0,120.2,B
2021-06-30T10:59:31,500.0,120.2,B
2021-06-30T10:59:15,300.0,120.2,B
2021-06-30T10:59:00,200.0,120.2,B
2021-06-30T10:58:46,300.0,120.2,B
2021-06-30T10:58:44,200.0,120.2,B
2021-06-30T10:58:42,100.0,120.2,B
2021-06-30T10:58:42,5000.0,120.1,S
2021-06-30T10:58:32,100.0,120.2,B
2021-06-30T10:58:20,200.0,120.2,B
2021-06-30T10:58:19,200.0,120.2,B
2021-06-30T10:58:18,100.0,120.1,S
2021-06-30T10:58:09,200.0,120.2,B
2021-06-30T10:58:08,100.0,120.1,S
2021-06-30T10:58:00,200.0,120.1,S
2021-06-30T10:57:51,400.0,120.1,B
2021-06-30T10:57:51,400.0,120.1,B
2021-06-30T10:57:45,400.0,120.1,B
2021-06-30T10:57:41,100.0,120.1,B
2021-06-30T10:57:22,500.0,120.1,B
2021-06-30T10:57:15,1000.0,120.0,S
2021-06-30T10:57:11,100.0,120.1,B
2021-06-30T10:57:03,2500.0,120.1,B
2021-06-30T10:57:03,1500.0,120.1,B
2021-06-30T10:56:51,100.0,120.0,S
2021-06-30T10:56:45,8000.0,120.1,B
2021-06-30T10:56:44,4600.0,120.0,S
2021-06-30T10:56:40,100.0,120.1,B
2021-06-30T10:56:34,200.0,120.1,B
2021-06-30T10:56:22,100.0,120.1,B
2021-06-30T10:56:17,1000.0,120.1,B
2021-06-30T10:56:12,600.0,120.0,S
2021-06-30T10:56:12,1600.0,120.0,S
2021-06-30T10:56:10,300.0,120.1,B
2021-06-30T10:56:09,100.0,120.1,B
2021-06-30T10:56:09,200.0,120.1,B
2021-06-30T10:56:09,200.0,120.1,B
2021-06-30T10:56:04,2000.0,120.1,B
2021-06-30T10:55:49,500.0,120.1,B
2021-06-30T10:55:46,400.0,120.0,S
2021-06-30T10:55:41,300.0,120.0,S
2021-06-30T10:55:14,1000.0,120.0,S
2021-06-30T10:55:14,200.0,120.1,B
2021-06-30T10:55:11,500.0,120.0,S
2021-06-30T10:55:06,100.0,120.1,B
2021-06-30T10:54:53,500.0,120.1,B
2021-06-30T10:54:40,13000.0,120.0,S
2021-06-30T10:54:40,1400.0,120.0,S
2021-06-30T10:54:39,5600.0,120.0,S
2021-06-30T10:54:35,100.0,120.1,B
2021-06-30T10:54:35,20000.0,120.0,S
2021-06-30T10:54:31,700.0,120.1,S
2021-06-30T10:54:31,100.0,120.1,S
2021-06-30T10:54:31,300.0,120.1,S
2021-06-30T10:54:31,5000.0,120.1,S
2021-06-30T10:54:31,2200.0,120.1,S
2021-06-30T10:54:29,1000.0,120.1,S
2021-06-30T10:54:21,200.0,120.2,B
2021-06-30T10:54:17,300.0,120.2,B
2021-06-30T10:54:16,2500.0,120.2,B
2021-06-30T10:54:06,300.0,120.2,B
2021-06-30T10:54:03,300.0,120.2,B
2021-06-30T10:54:02,200.0,120.2,B
2021-06-30T10:53:45,100.0,120.1,S
2021-06-30T10:53:38,400.0,120.2,B
2021-06-30T10:53:21,5000.0,120.1,S
2021-06-30T10:53:08,4000.0,120.1,S
2021-06-30T10:53:05,1600.0,120.2,B
2021-06-30T10:53:05,5000.0,120.2,B
2021-06-30T10:53:05,1300.0,120.2,B
2021-06-30T10:53:05,2900.0,120.2,B
2021-06-30T10:53:05,1500.0,120.2,B
2021-06-30T10:53:05,9100.0,120.2,B
2021-06-30T10:52:45,300.0,120.1,S
2021-06-30T10:52:39,100.0,120.2,B
2021-06-30T10:52:38,700.0,120.1,S
2021-06-30T10:52:38,700.0,120.1,S
2021-06-30T10:52:34,300.0,120.2,B
2021-06-30T10:52:34,100.0,120.2,B
2021-06-30T10:52:31,1000.0,120.2,B
2021-06-30T10:52:23,900.0,120.2,B
2021-06-30T10:52:13,300.0,120.2,B
2021-06-30T10:52:09,200.0,120.2,B
2021-06-30T10:52:05,100.0,120.2,B
2021-06-30T10:51:56,1000.0,120.2,B
2021-06-30T10:51:50,200.0,120.2,B
2021-06-30T10:51:46,300.0,120.2,B
2021-06-30T10:51:34,200.0,120.2,B
2021-06-30T10:51:31,200.0,120.2,B
2021-06-30T10:51:31,200.0,120.2,B
2021-06-30T10:51:31,100.0,120.2,B
2021-06-30T10:51:30,100.0,120.1,S
2021-06-30T10:51:26,100.0,120.1,S
2021-06-30T10:51:20,100.0,120.1,S
2021-06-30T10:51:15,100.0,120.1,S
2021-06-30T10:51:04,100.0,120.1,S
2021-06-30T10:50:56,300.0,120.1,S
2021-06-30T10:50:34,500.0,120.1,B
2021-06-30T10:50:34,300.0,120.1,B
2021-06-30T10:50:34,8900.0,120.1,B
2021-06-30T10:50:32,300.0,120.1,B
2021-06-30T10:50:28,100.0,120.1,B
2021-06-30T10:50:18,4000.0,120.1,B
2021-06-30T10:50:18,5400.0,120.1,B
2021-06-30T10:50:18,100.0,120.1,B
2021-06-30T10:50:18,9500.0,120.1,B
2021-06-30T10:50:01,500.0,120.0,S
2021-06-30T10:49:55,200.0,120.1,B
2021-06-30T10:49:51,1200.0,120.0,S
2021-06-30T10:49:49,300.0,120.1,B
2021-06-30T10:49:45,1700.0,120.1,B
2021-06-30T10:49:45,100.0,120.1,B
2021-06-30T10:49:44,1100.0,120.1,B
2021-06-30T10:49:41,200.0,120.1,B
2021-06-30T10:49:27,100.0,120.1,B
2021-06-30T10:49:25,600.0,120.1,B
2021-06-30T10:49:25,200.0,120.1,B
2021-06-30T10:48:57,100.0,120.1,B
2021-06-30T10:48:51,500.0,120.0,S
2021-06-30T10:48:47,100.0,120.0,S
2021-06-30T10:48:46,500.0,120.0,B
2021-06-30T10:48:43,300.0,120.1,B
2021-06-30T10:48:43,500.0,120.1,B
2021-06-30T10:48:43,500.0,120.1,B
2021-06-30T10:48:43,1100.0,120.1,B
2021-06-30T10:48:43,600.0,120.1,B
2021-06-30T10:48:42,1000.0,120.0,B
2021-06-30T10:48:39,1000.0,120.0,B
2021-06-30T10:48:37,2000.0,120.0,B
2021-06-30T10:48:35,200.0,120.0,B
2021-06-30T10:48:30,100.0,120.0,B
2021-06-30T10:48:27,1000.0,120.0,B
2021-06-30T10:48:24,1400.0,120.0,B
2021-06-30T10:48:23,500.0,120.0,B
2021-06-30T10:48:23,800.0,120.0,B
2021-06-30T10:48:22,10300.0,120.0,B
2021-06-30T10:48:22,4000.0,120.0,B
2021-06-30T10:48:22,1000.0,120.0,B
2021-06-30T10:48:22,2000.0,120.0,B
2021-06-30T10:48:22,1700.0,120.0,B
2021-06-30T10:48:22,200.0,120.0,B
2021-06-30T10:48:22,600.0,120.0,B
2021-06-30T10:48:22,700.0,120.0,B
2021-06-30T10:48:22,300.0,120.0,B
2021-06-30T10:48:22,1300.0,120.0,B
2021-06-30T10:48:22,900.0,120.0,B
2021-06-30T10:48:22,100.0,120.0,B
2021-06-30T10:48:22,3100.0,120.0,B
2021-06-30T10:48:22,3800.0,120.0,B
2021-06-30T10:48:21,100.0,120.0,B
2021-06-30T10:48:21,700.0,120.0,B
2021-06-30T10:48:21,500.0,120.0,B
2021-06-30T10:48:21,100.0,120.0,B
2021-06-30T10:48:21,100.0,120.0,B
2021-06-30T10:48:21,2100.0,120.0,B
2021-06-30T10:48:21,4100.0,120.0,B
2021-06-30T10:48:21,700.0,120.0,B
2021-06-30T10:48:19,100.0,120.0,B
2021-06-30T10:48:19,1200.0,120.0,B
2021-06-30T10:48:19,1500.0,120.0,B
2021-06-30T10:48:19,16100.0,120.0,B
2021-06-30T10:48:15,100.0,120.0,B
2021-06-30T10:48:09,200.0,120.0,B
2021-06-30T10:47:57,100.0,120.0,B
2021-06-30T10:47:54,9000.0,120.0,B
2021-06-30T10:47:51,500.0,120.0,B
2021-06-30T10:47:47,400.0,120.0,B
2021-06-30T10:47:43,6400.0,120.0,B
2021-06-30T10:47:43,1900.0,120.0,B
2021-06-30T10:47:43,200.0,120.0,B
2021-06-30T10:47:42,500.0,120.0,B
2021-06-30T10:47:37,200.0,120.0,B
2021-06-30T10:47:35,100.0,120.0,B
2021-06-30T10:47:35,100.0,120.0,B
2021-06-30T10:47:34,1000.0,120.0,B
2021-06-30T10:47:34,2200.0,120.0,B
2021-06-30T10:47:34,500.0,120.0,B
2021-06-30T10:47:34,4300.0,120.0,B
2021-06-30T10:47:34,1500.0,120.0,B
2021-06-30T10:47:32,2200.0,120.0,B
2021-06-30T10:47:32,1300.0,120.0,B
2021-06-30T10:47:32,1200.0,120.0,B
2021-06-30T10:47:32,2000.0,120.0,B
2021-06-30T10:47:32,100.0,120.0,B
2021-06-30T10:47:32,2200.0,120.0,B
2021-06-30T10:47:29,400.0,119.9,S
2021-06-30T10:47:27,100.0,120.0,B
2021-06-30T10:47:26,100.0,120.0,B
2021-06-30T10:47:25,500.0,120.0,B
2021-06-30T10:47:22,10000.0,119.9,S
2021-06-30T10:47:20,1000.0,120.0,B
2021-06-30T10:47:20,900.0,120.0,B
2021-06-30T10:47:20,800.0,120.0,B
2021-06-30T10:47:20,400.0,120.0,B
2021-06-30T10:47:20,900.0,120.0,B
2021-06-30T10:47:20,300.0,120.0,B
2021-06-30T10:47:20,1500.0,120.0,B
2021-06-30T10:47:20,700.0,120.0,B
2021-06-30T10:47:20,3500.0,120.0,B
2021-06-30T10:47:16,2900.0,120.0,B
2021-06-30T10:47:16,1000.0,120.0,B
2021-06-30T10:47:16,100.0,120.0,B
2021-06-30T10:47:15,5000.0,120.0,B
2021-06-30T10:47:15,500.0,120.0,B
2021-06-30T10:47:12,200.0,120.0,B
2021-06-30T10:47:12,800.0,120.0,B
2021-06-30T10:47:10,200.0,120.0,B
2021-06-30T10:47:10,500.0,120.0,B
2021-06-30T10:47:08,1300.0,120.0,B
2021-06-30T10:47:08,2900.0,120.0,B
2021-06-30T10:47:08,200.0,120.0,B
2021-06-30T10:47:08,4600.0,120.0,B
2021-06-30T10:47:08,200.0,120.0,B
2021-06-30T10:47:05,8000.0,120.0,B
2021-06-30T10:47:00,200.0,120.0,B
2021-06-30T10:47:00,1000.0,119.9,S
2021-06-30T10:46:55,100.0,120.0,B
2021-06-30T10:46:55,9000.0,120.0,B
2021-06-30T10:46:49,3000.0,120.0,B
2021-06-30T10:46:46,200.0,120.0,B
2021-06-30T10:46:45,9000.0,120.0,B
2021-06-30T10:46:31,3100.0,120.0,B
2021-06-30T10:46:31,1800.0,120.0,B
2021-06-30T10:46:31,4100.0,120.0,B
2021-06-30T10:46:29,1000.0,119.9,S
2021-06-30T10:46:26,300.0,120.0,B
2021-06-30T10:46:26,100.0,119.9,S
2021-06-30T10:46:24,100.0,120.0,B
2021-06-30T10:46:23,1000.0,120.0,B
2021-06-30T10:46:18,1000.0,119.9,S
2021-06-30T10:46:16,700.0,120.0,B
2021-06-30T10:46:16,1300.0,120.0,B
2021-06-30T10:46:16,2000.0,120.0,B
2021-06-30T10:46:16,700.0,120.0,B
2021-06-30T10:46:16,4300.0,120.0,B
2021-06-30T10:46:11,500.0,119.9,S
2021-06-30T10:46:08,200.0,120.0,B
2021-06-30T10:46:08,200.0,120.0,B
2021-06-30T10:46:08,2200.0,120.0,B
2021-06-30T10:46:07,600.0,120.0,B
2021-06-30T10:46:07,1800.0,120.0,B
2021-06-30T10:46:04,3000.0,120.0,B
2021-06-30T10:46:00,200.0,120.0,B
2021-06-30T10:45:56,200.0,120.0,B
2021-06-30T10:45:55,1700.0,120.0,B
2021-06-30T10:45:55,3500.0,120.0,B
2021-06-30T10:45:55,3800.0,120.0,B
2021-06-30T10:45:41,200.0,119.9,S
2021-06-30T10:45:39,8600.0,120.0,B
2021-06-30T10:45:39,400.0,120.0,B
2021-06-30T10:45:36,300.0,120.0,B
2021-06-30T10:45:28,200.0,120.0,B
2021-06-30T10:45:25,200.0,120.0,B
2021-06-30T10:45:20,100.0,120.0,B
2021-06-30T10:45:13,400.0,120.0,B
2021-06-30T10:45:12,100.0,120.0,B
2021-06-30T10:45:09,3400.0,120.0,B
2021-06-30T10:45:09,1400.0,120.0,B
2021-06-30T10:45:09,5300.0,120.0,B
2021-06-30T10:45:09,2100.0,120.0,B
2021-06-30T10:45:09,1500.0,120.0,B
2021-06-30T10:45:09,800.0,120.0,B
2021-06-30T10:45:09,800.0,120.0,B
2021-06-30T10:45:09,4700.0,120.0,B
2021-06-30T10:45:06,400.0,119.9,S
2021-06-30T10:45:02,500.0,119.9,S
2021-06-30T10:44:54,100.0,120.0,B
2021-06-30T10:44:54,4100.0,119.9,S
2021-06-30T10:44:54,900.0,119.9,S
2021-06-30T10:44:47,1000.0,119.9,S
2021-06-30T10:44:47,400.0,119.9,S
2021-06-30T10:44:40,500.0,120.0,B
2021-06-30T10:44:40,100.0,119.9,S
2021-06-30T10:44:19,5000.0,119.9,S
2021-06-30T10:44:12,100.0,119.9,S
2021-06-30T10:44:07,200.0,120.0,B
2021-06-30T10:44:04,1000.0,120.0,B
2021-06-30T10:44:04,300.0,119.9,S
2021-06-30T10:44:02,500.0,120.0,B
2021-06-30T10:44:00,100.0,120.0,B
2021-06-30T10:43:58,1000.0,120.0,B
2021-06-30T10:43:58,500.0,120.0,B
2021-06-30T10:43:52,100.0,120.0,B
2021-06-30T10:43:51,500.0,120.0,B
2021-06-30T10:43:51,100.0,120.0,B
2021-06-30T10:43:51,900.0,120.0,B
2021-06-30T10:43:48,10000.0,119.9,S
2021-06-30T10:43:47,200.0,120.0,B
2021-06-30T10:43:39,200.0,120.0,B
2021-06-30T10:43:37,1400.0,119.9,S
2021-06-30T10:43:35,300.0,120.0,B
2021-06-30T10:43:22,200.0,120.0,B
2021-06-30T10:43:21,100.0,120.0,B
2021-06-30T10:43:17,100.0,120.0,B
2021-06-30T10:43:15,100.0,120.0,B
2021-06-30T10:43:15,200.0,120.0,B
2021-06-30T10:43:13,200.0,120.0,B
2021-06-30T10:43:09,500.0,120.0,B
2021-06-30T10:43:09,500.0,120.0,B
2021-06-30T10:43:05,1700.0,120.0,B
2021-06-30T10:43:01,100.0,120.0,B
2021-06-30T10:42:43,100.0,120.0,B
2021-06-30T10:42:40,200.0,119.9,S
2021-06-30T10:42:38,100.0,119.9,S
2021-06-30T10:42:34,400.0,120.0,B
2021-06-30T10:42:34,300.0,120.0,B
2021-06-30T10:42:29,200.0,120.0,B
2021-06-30T10:42:25,1000.0,120.0,B
2021-06-30T10:42:25,4000.0,120.0,B
2021-06-30T10:42:20,200.0,120.0,B
2021-06-30T10:42:19,100.0,120.0,B
2021-06-30T10:42:00,100.0,120.0,B
2021-06-30T10:41:53,200.0,120.0,B
2021-06-30T10:41:52,200.0,120.0,B
2021-06-30T10:41:49,1200.0,120.0,B
2021-06-30T10:41:48,100.0,120.0,B
2021-06-30T10:41:43,1500.0,120.0,B
2021-06-30T10:41:39,300.0,120.0,B
2021-06-30T10:41:33,100.0,119.9,S
2021-06-30T10:41:30,100.0,120.0,B
2021-06-30T10:41:30,1000.0,119.9,S
2021-06-30T10:41:30,300.0,119.9,S
2021-06-30T10:41:30,700.0,119.9,S
2021-06-30T10:41:28,300.0,120.0,B
2021-06-30T10:41:24,200.0,120.0,B
2021-06-30T10:41:24,300.0,119.9,S
2021-06-30T10:41:22,100.0,120.0,B
2021-06-30T10:41:18,100.0,120.0,B
2021-06-30T10:41:14,200.0,120.0,B
2021-06-30T10:41:13,1000.0,120.0,B
2021-06-30T10:41:11,100.0,119.9,S
2021-06-30T10:41:07,500.0,120.0,B
2021-06-30T10:41:06,300.0,120.0,B
2021-06-30T10:40:49,300.0,120.0,B
2021-06-30T10:40:47,100.0,120.0,B
2021-06-30T10:40:38,2000.0,119.9,S
2021-06-30T10:40:36,1000.0,119.9,S
2021-06-30T10:40:26,200.0,120.0,B
2021-06-30T10:40:25,200.0,119.9,S
2021-06-30T10:40:20,100.0,120.0,B
2021-06-30T10:40:16,100.0,120.0,B
2021-06-30T10:40:14,100.0,119.9,S
2021-06-30T10:40:10,700.0,119.9,S
2021-06-30T10:40:10,200.0,119.9,S
2021-06-30T10:40:10,1100.0,119.9,S
2021-06-30T10:40:09,100.0,120.0,B
2021-06-30T10:39:55,500.0,119.9,S
2021-06-30T10:39:55,100.0,120.0,B
2021-06-30T10:39:47,1000.0,120.0,B
2021-06-30T10:39:42,500.0,119.9,S
2021-06-30T10:39:39,700.0,119.9,S
2021-06-30T10:39:39,6000.0,119.9,S
2021-06-30T10:39:27,2000.0,119.9,S
2021-06-30T10:39:23,1000.0,119.9,S
2021-06-30T10:39:19,400.0,120.0,B
2021-06-30T10:39:15,8000.0,119.9,S
2021-06-30T10:39:03,100.0,119.9,S
2021-06-30T10:39:03,300.0,120.0,B
2021-06-30T10:38:56,700.0,120.0,B
2021-06-30T10:38:54,100.0,119.9,S
2021-06-30T10:38:48,1000.0,119.9,S
2021-06-30T10:38:45,400.0,119.9,S
2021-06-30T10:38:17,500.0,119.9,S
2021-06-30T10:38:14,300.0,119.9,S
2021-06-30T10:38:13,500.0,119.9,B
2021-06-30T10:38:13,3200.0,119.9,B
2021-06-30T10:38:12,700.0,119.9,B
2021-06-30T10:37:59,3400.0,119.9,B
2021-06-30T10:37:59,1500.0,119.9,B
2021-06-30T10:37:59,400.0,119.9,B
2021-06-30T10:37:59,3700.0,119.9,B
2021-06-30T10:37:54,10000.0,119.8,S
2021-06-30T10:37:51,300.0,119.9,B
2021-06-30T10:37:49,200.0,119.8,S
2021-06-30T10:37:48,100.0,119.9,B
2021-06-30T10:37:41,100.0,119.9,B
2021-06-30T10:37:40,1300.0,119.9,B
2021-06-30T10:37:40,3300.0,119.9,B
2021-06-30T10:37:40,4400.0,119.9,B
2021-06-30T10:37:31,1000.0,119.9,B
2021-06-30T10:37:27,200.0,119.9,B
2021-06-30T10:37:24,6500.0,119.9,B
2021-06-30T10:37:24,1400.0,119.9,B
2021-06-30T10:37:23,1100.0,119.9,B
2021-06-30T10:37:14,300.0,119.9,B
2021-06-30T10:37:09,9000.0,119.9,B
2021-06-30T10:37:05,200.0,119.9,B
2021-06-30T10:37:02,300.0,119.8,S
2021-06-30T10:37:01,200.0,119.9,B
2021-06-30T10:36:53,200.0,119.8,S
2021-06-30T10:36:50,1300.0,119.9,B
2021-06-30T10:36:50,500.0,119.9,B
2021-06-30T10:36:50,2400.0,119.9,B
2021-06-30T10:36:50,2000.0,119.9,B
2021-06-30T10:36:50,2800.0,119.9,B
2021-06-30T10:36:48,300.0,119.8,S
2021-06-30T10:36:44,500.0,119.9,B
2021-06-30T10:36:34,3000.0,119.8,S
2021-06-30T10:36:21,100.0,119.8,S
2021-06-30T10:36:21,9000.0,119.9,B
2021-06-30T10:36:10,100.0,119.8,S
2021-06-30T10:35:54,1000.0,119.8,S
2021-06-30T10:35:40,1000.0,119.8,S
2021-06-30T10:35:39,200.0,119.9,B
2021-06-30T10:35:37,100.0,119.9,B
2021-06-30T10:35:36,1000.0,119.8,S
2021-06-30T10:35:08,100.0,119.9,B
2021-06-30T10:35:04,1700.0,119.8,S
2021-06-30T10:35:02,300.0,119.9,B
2021-06-30T10:34:51,200.0,119.9,B
2021-06-30T10:34:45,400.0,119.8,S
2021-06-30T10:34:43,400.0,119.9,B
2021-06-30T10:34:34,1000.0,119.8,B
2021-06-30T10:34:32,1400.0,119.7,S
2021-06-30T10:34:32,6600.0,119.7,S
2021-06-30T10:34:32,9100.0,119.8,S
2021-06-30T10:34:32,700.0,119.8,S
2021-06-30T10:34:32,800.0,119.8,S
2021-06-30T10:34:32,100.0,119.8,S
2021-06-30T10:34:32,100.0,119.8,S
2021-06-30T10:34:32,8200.0,119.8,S
2021-06-30T10:34:22,200.0,119.8,S
2021-06-30T10:34:18,200.0,119.9,B
2021-06-30T10:34:17,100.0,119.8,S
2021-06-30T10:34:13,100.0,119.8,S
2021-06-30T10:34:12,1000.0,119.8,S
2021-06-30T10:34:03,100.0,119.9,B
2021-06-30T10:33:40,5000.0,119.8,S
2021-06-30T10:33:39,100.0,119.9,B
2021-06-30T10:33:26,300.0,119.9,B
2021-06-30T10:33:10,400.0,119.9,B
2021-06-30T10:33:01,4100.0,119.9,B
2021-06-30T10:33:01,700.0,119.9,B
2021-06-30T10:33:00,300.0,119.9,B
2021-06-30T10:32:59,200.0,119.9,B
2021-06-30T10:32:54,2900.0,119.8,S
2021-06-30T10:32:49,100.0,119.9,B
2021-06-30T10:32:42,200.0,119.9,B
2021-06-30T10:32:36,4100.0,119.9,B
2021-06-30T10:32:35,700.0,119.9,B
2021-06-30T10:32:32,100.0,119.9,B
2021-06-30T10:32:32,600.0,119.9,B
2021-06-30T10:32:10,2500.0,119.8,S
2021-06-30T10:32:03,1800.0,119.9,B
2021-06-30T10:32:03,100.0,119.9,B
2021-06-30T10:32:00,5900.0,119.9,B
2021-06-30T10:31:44,200.0,119.9,B
2021-06-30T10:31:42,6100.0,119.9,B
2021-06-30T10:31:42,1400.0,119.9,B
2021-06-30T10:31:42,1300.0,119.9,B
2021-06-30T10:31:38,300.0,119.9,B
2021-06-30T10:31:32,100.0,119.9,B
2021-06-30T10:31:20,9000.0,119.9,B
2021-06-30T10:31:12,200.0,119.9,B
2021-06-30T10:31:08,3200.0,119.9,B
2021-06-30T10:31:08,5800.0,119.9,B
2021-06-30T10:31:07,4200.0,119.8,S
2021-06-30T10:31:07,800.0,119.8,S
2021-06-30T10:31:06,200.0,119.8,S
2021-06-30T10:31:06,100.0,119.9,B
2021-06-30T10:31:02,1000.0,119.9,B
2021-06-30T10:31:02,100.0,119.9,B
2021-06-30T10:30:58,500.0,119.8,S
2021-06-30T10:30:49,9000.0,119.9,B
2021-06-30T10:30:48,400.0,119.9,B
2021-06-30T10:30:35,100.0,119.8,S
2021-06-30T10:30:34,200.0,119.9,B
2021-06-30T10:30:34,700.0,119.9,B
2021-06-30T10:30:34,3800.0,119.9,B
2021-06-30T10:30:34,800.0,119.9,B
2021-06-30T10:30:33,3700.0,119.9,B
2021-06-30T10:30:31,100.0,119.9,B
2021-06-30T10:30:29,600.0,119.9,B
2021-06-30T10:30:22,1000.0,119.9,B
2021-06-30T10:30:20,100.0,119.9,B
2021-06-30T10:30:03,500.0,119.8,S
2021-06-30T10:30:03,3000.0,119.8,S
2021-06-30T10:29:57,300.0,119.9,B
2021-06-30T10:29:57,200.0,119.9,B
2021-06-30T10:29:57,100.0,119.9,B
2021-06-30T10:29:57,100.0,119.9,B
2021-06-30T10:29:57,400.0,119.9,B
2021-06-30T10:29:57,1000.0,119.9,B
2021-06-30T10:29:56,500.0,119.9,B
2021-06-30T10:29:56,400.0,119.9,B
2021-06-30T10:29:56,2000.0,119.9,B
2021-06-30T10:29:56,100.0,119.9,B
2021-06-30T10:29:56,1500.0,119.9,B
2021-06-30T10:29:56,200.0,119.9,B
2021-06-30T10:29:56,1700.0,119.9,B
2021-06-30T10:29:55,700.0,119.9,B
2021-06-30T10:29:55,800.0,119.9,B
2021-06-30T10:29:53,200.0,119.8,S
2021-06-30T10:29:53,1000.0,119.9,B
2021-06-30T10:29:33,100.0,119.9,B
2021-06-30T10:29:25,200.0,119.9,B
2021-06-30T10:29:18,100.0,119.9,B
2021-06-30T10:29:12,1000.0,119.9,B
2021-06-30T10:29:12,100.0,119.9,B
2021-06-30T10:29:10,1500.0,119.9,B
2021-06-30T10:29:08,300.0,119.9,B
2021-06-30T10:28:58,200.0,119.9,B
2021-06-30T10:28:58,100.0,119.9,B
2021-06-30T10:28:50,900.0,119.9,B
2021-06-30T10:28:48,300.0,119.9,B
2021-06-30T10:28:30,300.0,119.9,B
2021-06-30T10:28:29,200.0,119.9,B
2021-06-30T10:28:28,200.0,119.8,S
2021-06-30T10:28:21,600.0,119.9,B
2021-06-30T10:28:05,200.0,119.9,B
2021-06-30T10:27:58,100.0,119.9,B
2021-06-30T10:27:53,100.0,119.9,B
2021-06-30T10:27:42,100.0,119.9,S
2021-06-30T10:27:42,200.0,119.9,S
2021-06-30T10:27:42,5000.0,119.9,S
2021-06-30T10:27:42,17300.0,119.9,S
2021-06-30T10:27:42,700.0,119.9,S
2021-06-30T10:27:42,1100.0,119.9,S
2021-06-30T10:27:42,3500.0,119.9,S
2021-06-30T10:27:42,6300.0,119.9,S
2021-06-30T10:27:39,200.0,119.9,S
2021-06-30T10:27:33,800.0,119.9,S
2021-06-30T10:27:28,2000.0,119.9,S
2021-06-30T10:27:20,500.0,119.9,S
2021-06-30T10:27:17,100.0,119.9,S
2021-06-30T10:27:09,100.0,119.9,S
2021-06-30T10:26:59,1000.0,119.9,S
2021-06-30T10:26:59,500.0,119.9,S
2021-06-30T10:26:57,200.0,119.9,S
2021-06-30T10:26:56,200.0,119.9,S
2021-06-30T10:26:55,100.0,120.0,B
2021-06-30T10:26:46,300.0,120.0,B
2021-06-30T10:26:40,100.0,120.0,B
2021-06-30T10:26:37,100.0,119.9,S
2021-06-30T10:26:27,10000.0,119.9,S
2021-06-30T10:26:24,200.0,120.0,B
2021-06-30T10:26:22,500.0,119.9,S
2021-06-30T10:26:18,500.0,120.0,B
2021-06-30T10:26:01,1000.0,119.9,S
2021-06-30T10:25:51,3900.0,119.9,S
2021-06-30T10:25:50,100.0,119.9,S
2021-06-30T10:25:28,900.0,119.9,S
2021-06-30T10:25:20,1000.0,119.9,S
2021-06-30T10:25:14,200.0,119.9,S
2021-06-30T10:25:14,100.0,119.9,S
2021-06-30T10:25:13,100.0,119.9,S
2021-06-30T10:25:13,1600.0,119.9,S
2021-06-30T10:25:06,300.0,120.0,B
2021-06-30T10:25:03,400.0,119.9,S
2021-06-30T10:25:03,100.0,119.9,S
2021-06-30T10:24:46,400.0,119.9,S
2021-06-30T10:24:40,200.0,119.9,S
2021-06-30T10:24:40,300.0,119.9,B
2021-06-30T10:24:40,300.0,119.9,B
2021-06-30T10:24:33,3000.0,119.9,B
2021-06-30T10:24:32,200.0,119.9,B
2021-06-30T10:24:24,7200.0,119.9,S
2021-06-30T10:24:23,500.0,119.9,S
2021-06-30T10:24:20,200.0,120.0,B
2021-06-30T10:24:18,200.0,119.9,S
2021-06-30T10:24:10,100.0,119.9,S
2021-06-30T10:24:09,500.0,120.0,B
2021-06-30T10:24:07,1000.0,119.9,S
2021-06-30T10:23:58,100.0,119.9,S
2021-06-30T10:23:58,200.0,119.9,S
2021-06-30T10:23:50,100.0,119.9,S
2021-06-30T10:23:49,300.0,119.9,S
2021-06-30T10:23:42,4200.0,119.9,S
2021-06-30T10:23:42,800.0,119.9,S
2021-06-30T10:23:32,200.0,119.9,S
2021-06-30T10:23:28,200.0,119.9,S
2021-06-30T10:23:07,200.0,119.9,S
2021-06-30T10:23:01,300.0,119.9,S
2021-06-30T10:22:59,200.0,119.9,S
2021-06-30T10:22:59,1800.0,119.9,S
2021-06-30T10:22:57,100.0,120.0,B
2021-06-30T10:22:49,5000.0,119.9,S
2021-06-30T10:22:47,100.0,120.0,B
2021-06-30T10:22:47,7400.0,119.9,S
2021-06-30T10:22:47,2600.0,119.9,S
2021-06-30T10:22:46,100.0,120.0,B
2021-06-30T10:22:45,200.0,120.0,B
2021-06-30T10:22:43,400.0,119.9,S
2021-06-30T10:22:43,200.0,119.9,S
2021-06-30T10:22:43,300.0,119.9,S
2021-06-30T10:22:42,1100.0,119.9,S
2021-06-30T10:22:32,300.0,120.0,B
2021-06-30T10:22:26,300.0,120.0,B
2021-06-30T10:22:22,500.0,119.9,S
2021-06-30T10:22:21,100.0,120.0,B
2021-06-30T10:22:20,200.0,120.0,B
2021-06-30T10:22:20,200.0,120.0,B
2021-06-30T10:21:59,600.0,120.0,B
2021-06-30T10:21:57,10000.0,119.9,S
2021-06-30T10:21:47,100.0,119.9,S
2021-06-30T10:21:44,1000.0,119.9,S
2021-06-30T10:21:35,500.0,119.9,S
2021-06-30T10:21:32,3500.0,120.0,B
2021-06-30T10:21:32,500.0,119.9,S
2021-06-30T10:21:18,100.0,119.9,S
2021-06-30T10:21:18,200.0,119.9,S
2021-06-30T10:21:18,100.0,119.9,S
2021-06-30T10:21:05,200.0,119.9,S
2021-06-30T10:21:04,800.0,120.0,B
2021-06-30T10:20:59,200.0,120.0,B
2021-06-30T10:20:51,100.0,120.0,B
2021-06-30T10:20:46,100.0,120.0,B
2021-06-30T10:20:35,1000.0,120.0,B
2021-06-30T10:20:32,300.0,120.0,B
2021-06-30T10:20:27,300.0,120.0,B
2021-06-30T10:20:18,100.0,120.0,B
2021-06-30T10:20:18,200.0,120.0,B
2021-06-30T10:20:05,200.0,120.0,B
2021-06-30T10:20:03,300.0,119.9,S
2021-06-30T10:20:00,100.0,119.9,S
2021-06-30T10:19:49,400.0,120.0,B
2021-06-30T10:19:48,1200.0,119.9,S
2021-06-30T10:19:33,400.0,119.9,S
2021-06-30T10:19:29,2000.0,119.9,S
2021-06-30T10:19:19,2000.0,119.9,S
2021-06-30T10:19:15,100.0,120.0,B
2021-06-30T10:18:59,400.0,119.9,S
2021-06-30T10:18:56,2000.0,119.9,S
2021-06-30T10:18:50,500.0,119.9,S
2021-06-30T10:18:29,100.0,119.9,S
2021-06-30T10:18:28,300.0,120.0,B
2021-06-30T10:18:13,200.0,120.0,B
2021-06-30T10:18:06,500.0,119.9,S
2021-06-30T10:17:54,1500.0,119.9,S
2021-06-30T10:17:51,200.0,120.0,B
2021-06-30T10:17:48,300.0,119.9,S
2021-06-30T10:17:48,100.0,119.9,S
2021-06-30T10:17:40,600.0,120.0,B
2021-06-30T10:17:27,100.0,119.9,B
2021-06-30T10:17:25,500.0,119.8,S
2021-06-30T10:17:25,300.0,119.9,B
2021-06-30T10:17:17,800.0,119.8,S
2021-06-30T10:17:17,600.0,119.9,B
2021-06-30T10:17:17,2000.0,119.9,B
2021-06-30T10:17:17,1000.0,119.9,B
2021-06-30T10:17:17,200.0,119.9,B
2021-06-30T10:17:16,700.0,119.9,B
2021-06-30T10:17:16,3500.0,119.9,B
2021-06-30T10:17:16,1700.0,119.9,B
2021-06-30T10:17:13,100.0,119.9,B
2021-06-30T10:17:10,3000.0,119.9,B
2021-06-30T10:17:09,1100.0,119.9,B
2021-06-30T10:17:09,1600.0,119.9,B
2021-06-30T10:17:09,200.0,119.9,B
2021-06-30T10:17:09,200.0,119.9,B
2021-06-30T10:17:09,300.0,119.9,B
2021-06-30T10:17:09,1100.0,119.9,B
2021-06-30T10:17:09,500.0,119.9,B
2021-06-30T10:17:09,1700.0,119.9,B
2021-06-30T10:17:09,1700.0,119.9,B
2021-06-30T10:17:09,100.0,119.9,B
2021-06-30T10:17:09,500.0,119.9,B
2021-06-30T10:17:04,3000.0,119.9,B
2021-06-30T10:16:57,200.0,119.9,B
2021-06-30T10:16:41,100.0,119.9,B
2021-06-30T10:16:31,200.0,119.9,B
2021-06-30T10:16:30,1000.0,119.8,S
2021-06-30T10:16:21,300.0,119.9,B
2021-06-30T10:16:20,100.0,119.9,B
2021-06-30T10:16:18,200.0,119.9,B
2021-06-30T10:16:17,300.0,119.8,S
2021-06-30T10:16:14,100.0,119.9,B
2021-06-30T10:16:10,500.0,119.9,B
2021-06-30T10:16:06,200.0,119.9,B
2021-06-30T10:16:06,300.0,119.9,B
2021-06-30T10:15:52,500.0,119.9,B
2021-06-30T10:15:47,100.0,119.9,B
2021-06-30T10:15:45,100.0,119.9,B
2021-06-30T10:15:42,800.0,119.8,S
2021-06-30T10:15:42,200.0,119.8,S
2021-06-30T10:15:40,100.0,119.9,B
2021-06-30T10:15:38,300.0,119.9,B
2021-06-30T10:15:32,500.0,119.9,B
2021-06-30T10:15:32,300.0,119.9,B
2021-06-30T10:15:31,100.0,119.9,B
2021-06-30T10:15:24,100.0,119.9,B
2021-06-30T10:15:16,200.0,119.9,B
2021-06-30T10:15:13,200.0,119.9,B
2021-06-30T10:15:10,100.0,119.9,B
2021-06-30T10:14:48,200.0,119.9,B
2021-06-30T10:14:45,2600.0,119.9,B
2021-06-30T10:14:39,100.0,119.9,B
2021-06-30T10:14:27,300.0,119.9,B
2021-06-30T10:14:26,100.0,119.9,B
2021-06-30T10:14:17,300.0,119.9,B
2021-06-30T10:14:16,200.0,119.8,S
2021-06-30T10:14:09,400.0,119.9,B
2021-06-30T10:14:09,100.0,119.9,B
2021-06-30T10:14:05,100.0,119.8,S
2021-06-30T10:14:00,500.0,119.8,S
2021-06-30T10:13:59,200.0,119.9,B
2021-06-30T10:13:52,2000.0,119.8,B
2021-06-30T10:13:51,200.0,119.8,B
2021-06-30T10:13:43,200.0,119.8,B
2021-06-30T10:13:37,100.0,119.8,B
2021-06-30T10:13:36,2600.0,119.8,B
2021-06-30T10:13:34,100.0,119.8,B
2021-06-30T10:13:25,5000.0,119.8,B
2021-06-30T10:13:25,900.0,119.8,B
2021-06-30T10:13:25,400.0,119.8,B
2021-06-30T10:13:24,200.0,119.8,B
2021-06-30T10:13:23,100.0,119.8,B
2021-06-30T10:13:23,400.0,119.8,B
2021-06-30T10:13:07,4700.0,119.8,B
2021-06-30T10:13:07,300.0,119.8,B
2021-06-30T10:13:06,100.0,119.8,B
2021-06-30T10:13:06,100.0,119.8,B
2021-06-30T10:12:59,1700.0,119.8,B
2021-06-30T10:12:59,1300.0,119.8,B
2021-06-30T10:12:58,2000.0,119.8,B
2021-06-30T10:12:57,200.0,119.8,B
2021-06-30T10:12:52,800.0,119.8,B
2021-06-30T10:12:47,2000.0,119.8,B
2021-06-30T10:12:41,300.0,119.8,B
2021-06-30T10:12:41,2000.0,119.8,B
2021-06-30T10:12:41,4300.0,119.8,B
2021-06-30T10:12:40,1200.0,119.8,B
2021-06-30T10:12:30,300.0,119.8,B
2021-06-30T10:12:27,200.0,119.7,S
2021-06-30T10:12:15,2000.0,119.8,B
2021-06-30T10:12:12,2000.0,119.7,S
2021-06-30T10:12:09,1000.0,119.7,S
2021-06-30T10:12:05,300.0,119.8,B
2021-06-30T10:11:57,300.0,119.8,B
2021-06-30T10:11:53,100.0,119.7,S
2021-06-30T10:11:52,200.0,119.8,B
2021-06-30T10:11:50,1000.0,119.7,S
2021-06-30T10:11:49,1000.0,119.7,S
2021-06-30T10:11:49,100.0,119.8,B
2021-06-30T10:11:40,1000.0,119.7,B
2021-06-30T10:11:35,1000.0,119.7,B
2021-06-30T10:11:33,100.0,119.7,B
2021-06-30T10:11:30,3000.0,119.6,S
2021-06-30T10:11:29,100.0,119.7,B
2021-06-30T10:11:29,300.0,119.7,B
2021-06-30T10:11:29,500.0,119.6,S
2021-06-30T10:11:29,600.0,119.7,B
2021-06-30T10:11:29,1400.0,119.7,B
2021-06-30T10:11:27,300.0,119.7,B
2021-06-30T10:11:26,200.0,119.7,B
2021-06-30T10:11:24,700.0,119.7,B
2021-06-30T10:11:07,500.0,119.7,B
2021-06-30T10:11:07,100.0,119.7,B
2021-06-30T10:11:06,200.0,119.6,S
2021-06-30T10:11:03,100.0,119.6,S
2021-06-30T10:10:49,300.0,119.7,B
2021-06-30T10:10:36,1500.0,119.6,S
2021-06-30T10:10:32,100.0,119.7,B
2021-06-30T10:10:24,500.0,119.7,B
2021-06-30T10:10:19,500.0,119.7,B
2021-06-30T10:10:18,200.0,119.7,B
2021-06-30T10:10:05,200.0,119.7,S
2021-06-30T10:10:02,800.0,119.7,S
2021-06-30T10:09:52,300.0,119.8,B
2021-06-30T10:09:46,7000.0,119.6,S
2021-06-30T10:09:46,200.0,119.7,B
2021-06-30T10:09:42,5000.0,119.6,S
2021-06-30T10:09:27,200.0,119.7,B
2021-06-30T10:09:24,100.0,119.7,B
2021-06-30T10:09:19,200.0,119.6,S
2021-06-30T10:09:14,600.0,119.7,B
2021-06-30T10:09:00,2700.0,119.6,S
2021-06-30T10:08:54,1000.0,119.6,S
2021-06-30T10:08:50,100.0,119.6,S
2021-06-30T10:08:33,100.0,119.7,S
2021-06-30T10:08:31,100.0,119.7,S
2021-06-30T10:08:29,1200.0,119.5,S
2021-06-30T10:08:29,8800.0,119.5,S
2021-06-30T10:08:28,1300.0,119.6,S
2021-06-30T10:08:28,200.0,119.7,S
2021-06-30T10:08:19,1100.0,119.7,B
2021-06-30T10:08:18,1000.0,119.6,S
2021-06-30T10:08:08,2000.0,119.5,S
2021-06-30T10:08:06,100.0,119.7,B
2021-06-30T10:08:06,1500.0,119.5,S
2021-06-30T10:08:03,1000.0,119.5,S
2021-06-30T10:07:55,1000.0,119.6,S
2021-06-30T10:07:53,300.0,119.7,B
2021-06-30T10:07:53,400.0,119.6,S
2021-06-30T10:07:53,1200.0,119.6,S
2021-06-30T10:07:51,1000.0,119.5,S
2021-06-30T10:07:46,1000.0,119.6,S
2021-06-30T10:07:45,100.0,119.6,S
2021-06-30T10:07:39,500.0,119.6,S
2021-06-30T10:07:39,300.0,119.6,S
2021-06-30T10:07:38,200.0,119.6,S
2021-06-30T10:07:37,1000.0,119.5,S
2021-06-30T10:07:31,500.0,119.5,S
2021-06-30T10:07:30,100.0,119.6,S
2021-06-30T10:07:28,1700.0,119.6,S
2021-06-30T10:07:27,500.0,119.6,S
2021-06-30T10:07:19,100.0,119.6,S
2021-06-30T10:07:17,100.0,119.6,S
2021-06-30T10:07:12,800.0,119.6,S
2021-06-30T10:07:12,200.0,119.6,S
2021-06-30T10:07:11,200.0,119.6,S
2021-06-30T10:07:06,500.0,119.7,B
2021-06-30T10:07:06,100.0,119.6,S
2021-06-30T10:07:00,100.0,119.6,S
2021-06-30T10:06:54,10000.0,119.6,S
2021-06-30T10:06:50,500.0,119.6,S
2021-06-30T10:06:47,400.0,119.6,S
2021-06-30T10:06:37,500.0,119.6,S
2021-06-30T10:06:36,1500.0,119.6,S
2021-06-30T10:06:36,500.0,119.6,S
2021-06-30T10:06:35,100.0,119.6,S
2021-06-30T10:06:33,1200.0,119.6,S
2021-06-30T10:06:33,1700.0,119.6,S
2021-06-30T10:06:27,700.0,119.7,B
2021-06-30T10:06:27,100.0,119.7,B
2021-06-30T10:06:26,1000.0,119.6,S
2021-06-30T10:06:14,200.0,119.8,B
2021-06-30T10:06:08,500.0,119.6,S
2021-06-30T10:06:06,500.0,119.8,B
2021-06-30T10:06:03,200.0,119.8,B
2021-06-30T10:05:56,100.0,119.8,B
2021-06-30T10:05:49,200.0,119.8,B
2021-06-30T10:05:44,100.0,119.6,S
2021-06-30T10:05:43,300.0,119.8,S
2021-06-30T10:05:34,200.0,119.9,S
2021-06-30T10:05:33,5300.0,119.6,S
2021-06-30T10:05:30,200.0,119.9,S
2021-06-30T10:05:27,900.0,119.6,S
2021-06-30T10:05:22,500.0,119.6,S
2021-06-30T10:05:20,300.0,119.9,S
2021-06-30T10:05:20,100.0,119.9,S
2021-06-30T10:05:09,2300.0,119.6,S
2021-06-30T10:05:09,600.0,119.6,S
2021-06-30T10:05:08,3000.0,119.6,S
2021-06-30T10:05:08,1100.0,119.6,S
2021-06-30T10:05:08,1000.0,119.7,S
2021-06-30T10:05:08,3900.0,119.7,S
2021-06-30T10:05:08,3300.0,119.7,S
2021-06-30T10:05:08,200.0,119.8,S
2021-06-30T10:05:08,100.0,119.8,S
2021-06-30T10:05:08,100.0,119.8,S
2021-06-30T10:05:08,700.0,119.8,S
2021-06-30T10:05:08,100.0,119.8,S
2021-06-30T10:05:08,600.0,119.8,S
2021-06-30T10:05:08,1400.0,119.8,S
2021-06-30T10:05:08,200.0,119.8,S
2021-06-30T10:05:08,700.0,119.8,S
2021-06-30T10:05:08,1800.0,119.8,S
2021-06-30T10:05:08,200.0,119.9,S
2021-06-30T10:05:07,2600.0,119.9,S
2021-06-30T10:05:05,1400.0,120.0,B
2021-06-30T10:05:01,200.0,119.9,S
2021-06-30T10:05:00,1100.0,119.9,S
2021-06-30T10:04:59,200.0,120.0,B
2021-06-30T10:04:54,100.0,120.0,B
2021-06-30T10:04:50,1000.0,119.9,S
2021-06-30T10:04:43,400.0,120.0,B
2021-06-30T10:04:43,6900.0,119.8,S
2021-06-30T10:04:37,500.0,119.9,S
2021-06-30T10:04:34,1000.0,119.8,S
2021-06-30T10:04:34,1000.0,119.8,S
2021-06-30T10:04:33,300.0,119.9,S
2021-06-30T10:04:33,600.0,119.9,S
2021-06-30T10:04:30,200.0,119.9,S
2021-06-30T10:04:28,100.0,120.0,B
2021-06-30T10:04:23,1400.0,119.9,S
2021-06-30T10:04:23,100.0,119.9,S
2021-06-30T10:04:21,1000.0,120.0,B
2021-06-30T10:04:17,10000.0,119.9,S
2021-06-30T10:04:15,1500.0,119.9,S
2021-06-30T10:04:11,500.0,119.9,S
2021-06-30T10:04:10,200.0,120.0,B
2021-06-30T10:04:06,400.0,120.0,B
2021-06-30T10:04:04,500.0,120.0,B
2021-06-30T10:04:00,1500.0,119.9,S
2021-06-30T10:04:00,1000.0,119.9,S
2021-06-30T10:03:54,100.0,120.0,B
2021-06-30T10:03:46,100.0,120.0,B
2021-06-30T10:03:42,300.0,120.0,B
2021-06-30T10:03:40,200.0,120.0,B
2021-06-30T10:03:39,500.0,119.9,S
2021-06-30T10:03:39,1000.0,119.9,S
2021-06-30T10:03:35,500.0,119.9,S
2021-06-30T10:03:33,200.0,120.0,B
2021-06-30T10:03:28,600.0,120.0,B
2021-06-30T10:03:25,700.0,119.9,S
2021-06-30T10:03:24,100.0,120.0,B
2021-06-30T10:03:21,100.0,120.0,B
2021-06-30T10:03:20,300.0,120.0,B
2021-06-30T10:03:20,200.0,120.0,B
2021-06-30T10:03:17,5500.0,119.9,S
2021-06-30T10:03:15,7100.0,119.9,S
2021-06-30T10:03:15,200.0,119.9,S
2021-06-30T10:03:15,800.0,119.9,S
2021-06-30T10:03:10,200.0,120.0,B
2021-06-30T10:03:00,1400.0,120.0,S
2021-06-30T10:02:59,500.0,120.0,S
2021-06-30T10:02:56,300.0,120.0,S
2021-06-30T10:02:56,400.0,120.1,B
2021-06-30T10:02:56,100.0,120.1,B
2021-06-30T10:02:55,1100.0,120.0,S
2021-06-30T10:02:54,400.0,120.0,S
2021-06-30T10:02:53,1000.0,120.0,S
2021-06-30T10:02:50,900.0,120.0,S
2021-06-30T10:02:50,500.0,120.0,S
2021-06-30T10:02:43,5000.0,120.0,S
2021-06-30T10:02:39,2100.0,120.0,S
2021-06-30T10:02:27,600.0,120.0,S
2021-06-30T10:02:23,1800.0,120.0,S
2021-06-30T10:02:23,4200.0,120.0,S
2021-06-30T10:02:23,1000.0,120.0,S
2021-06-30T10:02:19,1000.0,120.1,B
2021-06-30T10:02:18,400.0,120.1,B
2021-06-30T10:02:16,200.0,120.1,B
2021-06-30T10:02:15,1700.0,120.0,S
2021-06-30T10:02:15,200.0,120.0,S
2021-06-30T10:02:15,600.0,120.0,S
2021-06-30T10:01:59,100.0,120.1,B
2021-06-30T10:01:53,9000.0,120.0,S
2021-06-30T10:01:50,200.0,120.1,B
2021-06-30T10:01:49,100.0,120.1,B
2021-06-30T10:01:43,500.0,120.0,S
2021-06-30T10:01:38,300.0,120.1,S
2021-06-30T10:01:30,200.0,120.1,S
2021-06-30T10:01:27,800.0,120.1,S
2021-06-30T10:01:21,1000.0,120.0,S
2021-06-30T10:01:17,100.0,120.1,B
2021-06-30T10:01:15,500.0,120.1,B
2021-06-30T10:01:13,2000.0,120.1,B
2021-06-30T10:01:07,2000.0,120.1,B
2021-06-30T10:01:07,200.0,120.1,B
2021-06-30T10:01:06,200.0,120.1,B
2021-06-30T10:01:06,600.0,120.1,B
2021-06-30T10:01:06,1300.0,120.1,B
2021-06-30T10:01:06,1000.0,120.1,B
2021-06-30T10:01:06,3200.0,120.1,B
2021-06-30T10:00:58,200.0,120.1,B
2021-06-30T10:00:56,200.0,120.1,B
2021-06-30T10:00:54,4100.0,120.1,B
2021-06-30T10:00:54,200.0,120.1,B
2021-06-30T10:00:51,500.0,120.1,B
2021-06-30T10:00:50,2000.0,120.0,S
2021-06-30T10:00:49,400.0,120.1,B
2021-06-30T10:00:44,100.0,120.1,B
2021-06-30T10:00:44,200.0,120.1,B
2021-06-30T10:00:44,100.0,120.1,B
2021-06-30T10:00:42,200.0,120.1,B
2021-06-30T10:00:42,4100.0,120.1,B
2021-06-30T10:00:41,100.0,120.1,B
2021-06-30T10:00:34,100.0,120.1,B
2021-06-30T10:00:32,100.0,120.1,B
2021-06-30T10:00:27,700.0,120.1,B
2021-06-30T10:00:25,1000.0,120.0,S
2021-06-30T10:00:24,400.0,120.1,B
2021-06-30T10:00:24,100.0,120.1,B
2021-06-30T10:00:23,300.0,120.1,B
2021-06-30T10:00:23,600.0,120.1,B
2021-06-30T10:00:23,300.0,120.1,B
2021-06-30T10:00:23,2600.0,120.1,B
2021-06-30T10:00:22,100.0,120.0,S
2021-06-30T10:00:20,100.0,120.1,B
2021-06-30T10:00:19,300.0,120.1,B
2021-06-30T10:00:05,200.0,120.1,B
2021-06-30T09:59:58,400.0,120.0,S
2021-06-30T09:59:54,800.0,120.1,B
2021-06-30T09:59:47,100.0,120.1,B
2021-06-30T09:59:36,300.0,120.1,B
2021-06-30T09:59:35,300.0,120.1,B
2021-06-30T09:59:33,1000.0,120.0,S
2021-06-30T09:59:29,700.0,120.1,B
2021-06-30T09:59:28,700.0,120.0,S
2021-06-30T09:59:27,200.0,120.1,B
2021-06-30T09:59:15,700.0,120.0,S
2021-06-30T09:59:09,3000.0,120.1,B
2021-06-30T09:59:07,100.0,120.0,S
2021-06-30T09:59:06,1000.0,120.1,B
2021-06-30T09:59:05,100.0,120.1,B
2021-06-30T09:59:02,5000.0,120.0,S
2021-06-30T09:59:02,100.0,120.0,S
2021-06-30T09:59:02,900.0,120.0,S
2021-06-30T09:58:59,200.0,120.1,B
2021-06-30T09:58:46,3500.0,120.0,S
2021-06-30T09:58:43,200.0,120.1,B
2021-06-30T09:58:43,300.0,120.1,B
2021-06-30T09:58:42,7000.0,120.0,S
2021-06-30T09:58:41,400.0,120.0,S
2021-06-30T09:58:39,500.0,120.0,S
2021-06-30T09:58:33,1000.0,120.0,S
2021-06-30T09:58:26,1000.0,120.1,B
2021-06-30T09:58:26,1000.0,120.0,S
2021-06-30T09:58:22,3500.0,120.1,B
2021-06-30T09:58:22,1000.0,120.0,S
2021-06-30T09:58:18,3500.0,120.0,S
2021-06-30T09:58:14,2000.0,120.1,B
2021-06-30T09:58:10,300.0,120.1,B
2021-06-30T09:58:09,4200.0,120.0,S
2021-06-30T09:58:07,500.0,120.0,S
2021-06-30T09:57:53,200.0,120.0,S
2021-06-30T09:57:50,200.0,120.1,B
2021-06-30T09:57:43,100.0,120.1,B
2021-06-30T09:57:40,800.0,120.0,S
2021-06-30T09:57:38,700.0,120.1,B
2021-06-30T09:57:29,300.0,120.1,B
2021-06-30T09:57:26,200.0,120.1,B
2021-06-30T09:57:24,100.0,120.1,B
2021-06-30T09:57:24,200.0,120.1,B
2021-06-30T09:57:12,100.0,120.1,B
2021-06-30T09:57:11,1000.0,120.1,B
2021-06-30T09:57:11,200.0,120.1,B
2021-06-30T09:56:59,100.0,120.1,B
2021-06-30T09:56:48,1000.0,120.0,S
2021-06-30T09:56:47,700.0,120.0,S
2021-06-30T09:56:47,1300.0,120.0,S
2021-06-30T09:56:44,100.0,120.1,B
2021-06-30T09:56:39,3000.0,120.1,B
2021-06-30T09:56:38,500.0,120.1,B
2021-06-30T09:56:38,500.0,120.0,S
2021-06-30T09:56:33,1000.0,120.1,B
2021-06-30T09:56:21,500.0,120.0,S
2021-06-30T09:56:17,100.0,120.1,B
2021-06-30T09:56:14,100.0,120.1,B
2021-06-30T09:56:13,1000.0,120.1,B
2021-06-30T09:56:07,200.0,120.1,B
2021-06-30T09:56:04,100.0,120.1,B
2021-06-30T09:56:01,2000.0,120.1,B
2021-06-30T09:55:44,2600.0,120.1,B
2021-06-30T09:55:44,100.0,120.1,B
2021-06-30T09:55:44,800.0,120.1,B
2021-06-30T09:55:40,100.0,120.1,B
2021-06-30T09:55:29,10000.0,120.1,B
2021-06-30T09:55:26,100.0,120.0,S
2021-06-30T09:55:25,200.0,120.1,B
2021-06-30T09:55:25,3300.0,120.0,S
2021-06-30T09:55:21,300.0,120.0,S
2021-06-30T09:55:19,300.0,120.1,B
2021-06-30T09:55:15,300.0,120.0,S
2021-06-30T09:55:13,200.0,120.0,B
2021-06-30T09:55:00,3000.0,120.0,B
2021-06-30T09:54:57,1500.0,120.0,B
2021-06-30T09:54:52,1200.0,119.9,S
2021-06-30T09:54:52,100.0,119.9,S
2021-06-30T09:54:52,2300.0,119.9,S
2021-06-30T09:54:49,100.0,120.0,B
2021-06-30T09:54:43,400.0,120.0,B
2021-06-30T09:54:42,1000.0,120.0,B
2021-06-30T09:54:39,500.0,120.0,B
2021-06-30T09:54:38,400.0,120.0,B
2021-06-30T09:54:38,100.0,120.0,B
2021-06-30T09:54:37,200.0,120.0,B
2021-06-30T09:54:35,800.0,120.0,B
2021-06-30T09:54:32,100.0,120.0,B
2021-06-30T09:54:32,400.0,120.0,B
2021-06-30T09:54:31,200.0,120.0,B
2021-06-30T09:54:23,100.0,120.0,B
2021-06-30T09:54:17,600.0,120.0,B
2021-06-30T09:54:17,1700.0,120.0,B
2021-06-30T09:54:17,400.0,120.0,B
2021-06-30T09:54:17,200.0,120.0,B
2021-06-30T09:54:14,1600.0,120.0,B
2021-06-30T09:54:11,2000.0,120.0,B
2021-06-30T09:54:09,200.0,120.0,B
2021-06-30T09:54:08,100.0,120.0,B
2021-06-30T09:53:57,100.0,120.0,B
2021-06-30T09:53:45,100.0,119.9,S
2021-06-30T09:53:45,100.0,120.0,B
2021-06-30T09:53:44,200.0,120.0,B
2021-06-30T09:53:41,5000.0,119.9,S
2021-06-30T09:53:41,500.0,120.0,B
2021-06-30T09:53:36,2000.0,120.0,B
2021-06-30T09:53:33,3000.0,119.9,S
2021-06-30T09:53:23,500.0,119.9,S
2021-06-30T09:53:22,300.0,120.0,B
2021-06-30T09:53:21,200.0,120.0,B
2021-06-30T09:53:16,200.0,120.0,B
2021-06-30T09:53:15,100.0,120.0,B
2021-06-30T09:53:12,300.0,120.0,B
2021-06-30T09:53:05,100.0,120.0,S
2021-06-30T09:52:57,700.0,120.0,S
2021-06-30T09:52:53,200.0,120.0,S
2021-06-30T09:52:53,100.0,120.0,S
2021-06-30T09:52:50,500.0,120.0,S
2021-06-30T09:52:44,100.0,120.1,B
2021-06-30T09:52:38,400.0,120.0,S
2021-06-30T09:52:34,1000.0,120.0,S
2021-06-30T09:52:32,500.0,120.1,B
2021-06-30T09:52:31,1400.0,120.0,S
2021-06-30T09:52:20,400.0,120.0,S
2021-06-30T09:52:15,500.0,120.0,B
2021-06-30T09:52:11,3600.0,120.0,B
2021-06-30T09:52:03,1000.0,120.0,B
2021-06-30T09:52:03,100.0,120.0,B
2021-06-30T09:52:01,200.0,120.0,B
2021-06-30T09:51:59,2000.0,120.0,B
2021-06-30T09:51:55,2900.0,120.0,S
2021-06-30T09:51:54,1000.0,120.0,S
2021-06-30T09:51:53,500.0,120.0,S
2021-06-30T09:51:50,500.0,120.0,S
2021-06-30T09:51:40,2000.0,120.0,S
2021-06-30T09:51:38,800.0,120.0,S
2021-06-30T09:51:37,1000.0,120.0,S
2021-06-30T09:51:36,100.0,120.0,S
2021-06-30T09:51:33,500.0,120.0,S
2021-06-30T09:51:33,1000.0,120.0,S
2021-06-30T09:51:31,1000.0,120.0,S
2021-06-30T09:51:27,100.0,120.0,S
2021-06-30T09:51:26,1000.0,120.0,S
2021-06-30T09:51:18,200.0,120.0,S
2021-06-30T09:51:17,500.0,120.1,B
2021-06-30T09:51:17,400.0,120.0,S
2021-06-30T09:51:12,1000.0,120.0,S
2021-06-30T09:51:09,200.0,120.1,B
2021-06-30T09:51:09,200.0,120.1,B
2021-06-30T09:51:08,3000.0,120.0,S
2021-06-30T09:51:07,100.0,120.0,S
2021-06-30T09:51:06,300.0,120.1,B
2021-06-30T09:51:04,1000.0,120.0,S
2021-06-30T09:51:00,100.0,120.1,B
2021-06-30T09:51:00,200.0,120.1,B
2021-06-30T09:50:57,2300.0,120.0,S
2021-06-30T09:50:52,200.0,120.0,S
2021-06-30T09:50:49,1500.0,120.0,S
2021-06-30T09:50:47,500.0,120.0,S
2021-06-30T09:50:39,2400.0,119.9,S
2021-06-30T09:50:37,200.0,119.9,S
2021-06-30T09:50:36,1000.0,119.8,S
2021-06-30T09:50:36,1500.0,119.9,S
2021-06-30T09:50:33,15900.0,119.9,S
2021-06-30T09:50:29,500.0,120.0,S
2021-06-30T09:50:26,400.0,120.2,B
2021-06-30T09:50:25,100.0,120.0,S
2021-06-30T09:50:20,100.0,120.1,S
2021-06-30T09:50:18,300.0,120.0,S
2021-06-30T09:50:16,700.0,119.9,S
2021-06-30T09:50:16,100.0,119.9,S
2021-06-30T09:50:16,1200.0,119.9,S
2021-06-30T09:50:13,1000.0,119.9,S
2021-06-30T09:50:13,2100.0,119.9,S
2021-06-30T09:50:13,200.0,119.9,S
2021-06-30T09:50:13,16700.0,119.9,S
2021-06-30T09:50:07,500.0,120.0,B
2021-06-30T09:50:06,400.0,120.0,B
2021-06-30T09:50:03,1200.0,120.0,B
2021-06-30T09:50:03,1400.0,120.0,B
2021-06-30T09:50:03,300.0,120.0,B
2021-06-30T09:50:01,700.0,120.0,B
2021-06-30T09:49:57,7000.0,119.9,S
2021-06-30T09:49:45,100.0,119.9,S
2021-06-30T09:49:42,4500.0,119.9,S
2021-06-30T09:49:41,1000.0,119.9,S
2021-06-30T09:49:40,200.0,120.0,B
2021-06-30T09:49:36,4300.0,120.0,B
2021-06-30T09:49:34,500.0,119.9,S
2021-06-30T09:49:32,100.0,120.0,B
2021-06-30T09:49:28,1000.0,120.0,B
2021-06-30T09:49:25,100.0,119.9,S
2021-06-30T09:49:24,400.0,120.0,S
2021-06-30T09:49:22,200.0,120.0,S
2021-06-30T09:49:14,100.0,120.0,S
2021-06-30T09:49:14,1200.0,120.0,S
2021-06-30T09:49:11,100.0,120.0,S
2021-06-30T09:49:11,200.0,120.0,S
2021-06-30T09:49:10,3100.0,119.9,S
2021-06-30T09:49:10,1000.0,120.0,S
2021-06-30T09:49:10,300.0,120.0,S
2021-06-30T09:49:10,1000.0,120.0,S
2021-06-30T09:49:10,2800.0,120.0,S
2021-06-30T09:49:10,200.0,120.0,S
2021-06-30T09:49:10,3300.0,120.1,S
2021-06-30T09:49:10,1600.0,120.1,S
2021-06-30T09:49:09,400.0,120.1,S
2021-06-30T09:49:09,6100.0,120.1,S
2021-06-30T09:49:09,900.0,120.2,S
2021-06-30T09:49:03,500.0,120.3,B
2021-06-30T09:48:59,200.0,120.3,B
2021-06-30T09:48:58,200.0,120.3,B
2021-06-30T09:48:54,100.0,120.2,S
2021-06-30T09:48:39,300.0,120.3,B
2021-06-30T09:48:29,200.0,120.3,B
2021-06-30T09:48:29,100.0,120.3,B
2021-06-30T09:48:26,100.0,120.3,B
2021-06-30T09:48:21,100.0,120.3,B
2021-06-30T09:48:19,400.0,120.3,B
2021-06-30T09:48:19,3000.0,120.1,S
2021-06-30T09:48:14,200.0,120.3,B
2021-06-30T09:48:14,100.0,120.3,B
2021-06-30T09:48:14,100.0,120.3,B
2021-06-30T09:48:13,100.0,120.2,S
2021-06-30T09:48:12,200.0,120.2,S
2021-06-30T09:48:06,100.0,120.2,B
2021-06-30T09:48:06,400.0,120.2,B
2021-06-30T09:48:06,1900.0,120.2,B
2021-06-30T09:48:06,1200.0,120.2,B
2021-06-30T09:48:06,2300.0,120.2,B
2021-06-30T09:48:06,2000.0,120.2,B
2021-06-30T09:48:01,100.0,120.2,B
2021-06-30T09:47:58,4500.0,120.1,S
2021-06-30T09:47:54,100.0,120.1,S
2021-06-30T09:47:54,100.0,120.2,B
2021-06-30T09:47:46,600.0,120.1,B
2021-06-30T09:47:46,1200.0,120.1,B
2021-06-30T09:47:40,100.0,120.1,B
2021-06-30T09:47:39,500.0,120.1,B
2021-06-30T09:47:37,200.0,120.1,B
2021-06-30T09:47:37,200.0,120.1,B
2021-06-30T09:47:36,3000.0,120.1,B
2021-06-30T09:47:36,5700.0,120.0,S
2021-06-30T09:47:36,24300.0,120.0,S
2021-06-30T09:47:24,400.0,120.1,B
2021-06-30T09:47:22,600.0,120.0,S
2021-06-30T09:47:20,400.0,120.1,B
2021-06-30T09:47:15,1000.0,120.1,B
2021-06-30T09:47:05,100.0,120.1,B
2021-06-30T09:47:02,1600.0,120.0,B
2021-06-30T09:47:02,4300.0,120.0,B
2021-06-30T09:47:02,9400.0,120.0,B
2021-06-30T09:47:02,1000.0,120.0,B
2021-06-30T09:47:02,5100.0,120.0,B
2021-06-30T09:47:01,1700.0,120.0,B
2021-06-30T09:47:01,4000.0,120.0,B
2021-06-30T09:47:01,400.0,120.0,B
2021-06-30T09:47:01,600.0,120.0,B
2021-06-30T09:47:01,400.0,120.0,B
2021-06-30T09:47:01,2700.0,120.0,B
2021-06-30T09:47:01,900.0,120.0,B
2021-06-30T09:47:01,6400.0,120.0,B
2021-06-30T09:47:01,500.0,120.0,B
2021-06-30T09:47:01,400.0,120.0,B
2021-06-30T09:47:01,5000.0,120.0,B
2021-06-30T09:47:01,300.0,120.0,B
2021-06-30T09:47:01,2500.0,120.0,B
2021-06-30T09:47:01,800.0,120.0,B
2021-06-30T09:47:01,1500.0,120.0,B
2021-06-30T09:47:01,17300.0,120.0,B
2021-06-30T09:47:01,1500.0,120.0,B
2021-06-30T09:47:01,3400.0,120.0,B
2021-06-30T09:47:01,1200.0,120.0,B
2021-06-30T09:47:01,6600.0,120.0,B
2021-06-30T09:47:01,500.0,120.0,B
2021-06-30T09:47:01,4200.0,120.0,B
2021-06-30T09:46:51,500.0,120.0,B
2021-06-30T09:46:51,200.0,120.0,B
2021-06-30T09:46:47,4700.0,120.0,B
2021-06-30T09:46:47,100.0,120.0,B
2021-06-30T09:46:47,200.0,120.0,B
2021-06-30T09:46:47,500.0,120.0,B
2021-06-30T09:46:47,1500.0,120.0,B
2021-06-30T09:46:47,200.0,120.0,B
2021-06-30T09:46:46,1800.0,120.0,B
2021-06-30T09:46:44,100.0,120.0,B
2021-06-30T09:46:42,200.0,120.0,B
2021-06-30T09:46:34,400.0,120.0,B
2021-06-30T09:46:34,1600.0,120.0,B
2021-06-30T09:46:34,1000.0,120.0,B
2021-06-30T09:46:33,11000.0,120.0,B
2021-06-30T09:46:33,400.0,120.0,B
2021-06-30T09:46:27,2000.0,120.0,B
2021-06-30T09:46:23,900.0,120.0,B
2021-06-30T09:46:19,500.0,120.0,B
2021-06-30T09:46:17,100.0,120.0,B
2021-06-30T09:46:16,300.0,119.9,S
2021-06-30T09:46:16,200.0,120.0,B
2021-06-30T09:46:12,4700.0,120.0,B
2021-06-30T09:46:12,900.0,120.0,B
2021-06-30T09:46:12,1500.0,120.0,B
2021-06-30T09:46:12,2000.0,120.0,B
2021-06-30T09:46:12,1500.0,120.0,B
2021-06-30T09:46:12,100.0,120.0,B
2021-06-30T09:46:12,500.0,120.0,B
2021-06-30T09:46:12,4400.0,120.0,B
2021-06-30T09:46:08,800.0,120.0,B
2021-06-30T09:46:06,200.0,120.0,B
2021-06-30T09:46:03,8800.0,120.0,B
2021-06-30T09:46:03,2000.0,120.0,B
2021-06-30T09:45:57,100.0,120.0,B
2021-06-30T09:45:55,5000.0,120.0,B
2021-06-30T09:45:54,200.0,120.0,B
2021-06-30T09:45:50,100.0,120.0,B
2021-06-30T09:45:49,200.0,120.0,B
2021-06-30T09:45:49,1000.0,120.0,B
2021-06-30T09:45:45,2100.0,120.0,B
2021-06-30T09:45:38,3400.0,120.0,B
2021-06-30T09:45:38,1600.0,120.0,B
2021-06-30T09:45:38,300.0,120.0,B
2021-06-30T09:45:37,3700.0,120.0,B
2021-06-30T09:45:37,500.0,120.0,B
2021-06-30T09:45:35,300.0,119.9,B
2021-06-30T09:45:32,1000.0,119.9,B
2021-06-30T09:45:32,100.0,119.9,B
2021-06-30T09:45:19,1100.0,120.0,B
2021-06-30T09:45:19,700.0,120.0,B
2021-06-30T09:45:19,1000.0,120.0,B
2021-06-30T09:45:19,200.0,120.0,B
2021-06-30T09:45:18,1100.0,119.9,B
2021-06-30T09:45:11,100.0,119.9,B
2021-06-30T09:45:11,100.0,119.9,B
2021-06-30T09:45:10,400.0,119.9,B
2021-06-30T09:45:09,1000.0,119.9,B
2021-06-30T09:45:08,200.0,119.9,B
2021-06-30T09:45:02,800.0,120.0,B
2021-06-30T09:45:02,1000.0,119.9,B
2021-06-30T09:45:02,2500.0,119.9,B
2021-06-30T09:44:59,500.0,119.8,S
2021-06-30T09:44:59,200.0,119.9,B
2021-06-30T09:44:52,100.0,119.8,S
2021-06-30T09:44:52,900.0,119.8,S
2021-06-30T09:44:49,500.0,119.9,B
2021-06-30T09:44:47,100.0,119.8,S
2021-06-30T09:44:45,500.0,119.9,B
2021-06-30T09:44:45,3100.0,119.9,B
2021-06-30T09:44:45,100.0,119.9,B
2021-06-30T09:44:45,1100.0,119.9,B
2021-06-30T09:44:45,5800.0,119.9,B
2021-06-30T09:44:42,2500.0,119.9,B
2021-06-30T09:44:40,300.0,119.9,B
2021-06-30T09:44:39,500.0,119.9,B
2021-06-30T09:44:36,600.0,119.9,B
2021-06-30T09:44:35,10000.0,119.9,B
2021-06-30T09:44:30,500.0,119.9,B
2021-06-30T09:44:29,200.0,119.9,B
2021-06-30T09:44:28,4000.0,119.9,B
2021-06-30T09:44:07,400.0,119.9,B
2021-06-30T09:44:01,2400.0,119.9,B
2021-06-30T09:43:47,5000.0,119.8,S
2021-06-30T09:43:46,1000.0,119.8,S
2021-06-30T09:43:44,1000.0,119.8,S
2021-06-30T09:43:42,500.0,119.9,B
2021-06-30T09:43:24,500.0,119.8,S
2021-06-30T09:43:16,500.0,119.8,B
2021-06-30T09:43:08,200.0,119.8,B
2021-06-30T09:43:05,800.0,119.8,B
2021-06-30T09:43:01,400.0,119.8,B
2021-06-30T09:43:01,100.0,119.8,B
2021-06-30T09:43:00,200.0,119.8,B
2021-06-30T09:42:59,500.0,119.8,B
2021-06-30T09:42:58,800.0,119.8,B
2021-06-30T09:42:54,200.0,119.8,B
2021-06-30T09:42:50,100.0,119.8,B
2021-06-30T09:42:50,100.0,119.8,B
2021-06-30T09:42:49,100.0,119.8,B
2021-06-30T09:42:49,100.0,119.8,B
2021-06-30T09:42:46,200.0,119.9,B
2021-06-30T09:42:45,800.0,119.8,B
2021-06-30T09:42:36,400.0,119.8,B
2021-06-30T09:42:35,2000.0,119.8,B
2021-06-30T09:42:35,400.0,119.7,S
2021-06-30T09:42:32,300.0,119.8,B
2021-06-30T09:42:30,5900.0,119.8,B
2021-06-30T09:42:30,19100.0,119.8,B
2021-06-30T09:42:30,500.0,119.7,S
2021-06-30T09:42:26,300.0,119.8,B
2021-06-30T09:42:26,100.0,119.7,S
2021-06-30T09:42:20,200.0,119.8,B
2021-06-30T09:42:19,5000.0,119.8,B
2021-06-30T09:42:18,500.0,119.8,B
2021-06-30T09:42:14,300.0,119.8,B
2021-06-30T09:42:12,400.0,119.8,B
2021-06-30T09:42:06,100.0,119.8,B
2021-06-30T09:42:04,100.0,119.8,B
2021-06-30T09:42:01,1000.0,119.8,B
2021-06-30T09:42:00,400.0,119.8,B
2021-06-30T09:41:56,3000.0,119.8,B
2021-06-30T09:41:50,200.0,119.8,B
2021-06-30T09:41:36,500.0,119.8,B
2021-06-30T09:41:35,200.0,119.8,B
2021-06-30T09:41:33,400.0,119.8,B
2021-06-30T09:41:23,200.0,119.8,B
2021-06-30T09:41:11,1400.0,119.8,B
2021-06-30T09:41:11,600.0,119.8,B
2021-06-30T09:41:05,1000.0,119.7,S
2021-06-30T09:40:54,200.0,119.8,B
2021-06-30T09:40:54,200.0,119.8,B
2021-06-30T09:40:53,100.0,119.7,S
2021-06-30T09:40:50,500.0,119.7,S
2021-06-30T09:40:46,2500.0,119.8,B
2021-06-30T09:40:46,1000.0,119.8,B
2021-06-30T09:40:43,200.0,119.8,B
2021-06-30T09:40:32,300.0,119.7,S
2021-06-30T09:40:25,1800.0,119.8,B
2021-06-30T09:40:21,700.0,119.7,S
2021-06-30T09:40:08,500.0,119.8,B
2021-06-30T09:40:08,100.0,119.7,S
2021-06-30T09:40:01,200.0,119.8,B
2021-06-30T09:40:00,3100.0,119.8,B
2021-06-30T09:39:59,1000.0,119.7,S
2021-06-30T09:39:58,1000.0,119.8,B
2021-06-30T09:39:58,500.0,119.7,S
2021-06-30T09:39:58,500.0,119.8,B
2021-06-30T09:39:55,1700.0,119.8,B
2021-06-30T09:39:44,500.0,119.7,S
2021-06-30T09:38:55,100.0,119.7,S
2021-06-30T09:38:40,800.0,119.8,B
2021-06-30T09:38:40,200.0,119.8,B
2021-06-30T09:38:38,1000.0,119.8,B
2021-06-30T09:38:35,500.0,119.7,B
2021-06-30T09:38:33,200.0,119.8,B
2021-06-30T09:38:33,200.0,119.8,B
2021-06-30T09:38:31,100.0,119.7,B
2021-06-30T09:38:27,1000.0,119.7,B
2021-06-30T09:38:25,100.0,119.7,B
2021-06-30T09:38:25,300.0,119.6,S
2021-06-30T09:38:14,200.0,119.7,B
2021-06-30T09:38:14,300.0,119.7,B
2021-06-30T09:38:07,1000.0,119.7,B
2021-06-30T09:38:05,700.0,119.7,B
2021-06-30T09:38:04,1000.0,119.6,S
2021-06-30T09:38:04,500.0,119.7,B
2021-06-30T09:38:04,100.0,119.6,S
2021-06-30T09:37:58,100.0,119.6,S
2021-06-30T09:37:53,500.0,119.7,B
2021-06-30T09:37:50,200.0,119.6,S
2021-06-30T09:37:49,800.0,119.6,S
2021-06-30T09:37:49,200.0,119.6,S
2021-06-30T09:37:44,3000.0,119.6,S
2021-06-30T09:37:41,100.0,119.6,S
2021-06-30T09:37:39,900.0,119.6,S
2021-06-30T09:37:35,1000.0,119.6,S
2021-06-30T09:37:31,4300.0,119.6,S
2021-06-30T09:37:30,400.0,119.6,S
2021-06-30T09:37:25,100.0,119.6,S
2021-06-30T09:37:23,300.0,119.6,S
2021-06-30T09:37:23,400.0,119.6,S
2021-06-30T09:37:23,100.0,119.6,S
2021-06-30T09:37:23,1300.0,119.6,S
2021-06-30T09:37:23,500.0,119.6,S
2021-06-30T09:37:22,1600.0,119.6,S
2021-06-30T09:37:21,200.0,119.7,B
2021-06-30T09:36:54,2500.0,119.6,S
2021-06-30T09:36:53,800.0,119.6,S
2021-06-30T09:36:48,100.0,119.7,B
2021-06-30T09:36:39,100.0,119.6,S
2021-06-30T09:36:36,100.0,119.7,B
2021-06-30T09:36:24,5000.0,119.6,S
2021-06-30T09:36:23,400.0,119.6,B
2021-06-30T09:36:08,1000.0,119.6,B
2021-06-30T09:36:03,5100.0,119.7,B
2021-06-30T09:36:03,2000.0,119.7,B
2021-06-30T09:36:03,2900.0,119.7,B
2021-06-30T09:36:01,300.0,119.7,B
2021-06-30T09:36:01,4100.0,119.6,B
2021-06-30T09:36:01,2000.0,119.6,B
2021-06-30T09:36:00,3600.0,119.6,B
2021-06-30T09:35:55,1700.0,119.6,B
2021-06-30T09:35:45,200.0,119.6,B
2021-06-30T09:35:41,500.0,119.5,S
2021-06-30T09:35:41,3800.0,119.6,B
2021-06-30T09:35:40,500.0,119.6,B
2021-06-30T09:35:35,200.0,119.6,B
2021-06-30T09:35:33,100.0,119.5,S
2021-06-30T09:35:19,100.0,119.6,B
2021-06-30T09:35:07,200.0,119.6,B
2021-06-30T09:35:07,1000.0,119.6,B
2021-06-30T09:35:01,100.0,119.6,B
2021-06-30T09:34:42,100.0,119.6,B
2021-06-30T09:34:39,2000.0,119.6,B
2021-06-30T09:34:16,200.0,119.5,S
2021-06-30T09:34:07,400.0,119.6,B
2021-06-30T09:34:07,100.0,119.5,B
2021-06-30T09:33:55,100.0,119.5,B
2021-06-30T09:33:51,400.0,119.5,B
2021-06-30T09:33:49,1600.0,119.5,B
2021-06-30T09:33:38,300.0,119.4,S
2021-06-30T09:33:21,3600.0,119.6,B
2021-06-30T09:33:21,4600.0,119.6,B
2021-06-30T09:33:21,11800.0,119.6,B
2021-06-30T09:33:14,700.0,119.3,S
2021-06-30T09:33:07,500.0,119.3,S
2021-06-30T09:33:04,800.0,119.5,B
2021-06-30T09:33:04,400.0,119.5,B
2021-06-30T09:33:04,1300.0,119.5,B
2021-06-30T09:33:04,6500.0,119.5,B
2021-06-30T09:32:59,100.0,119.4,B
2021-06-30T09:32:57,300.0,119.4,B
2021-06-30T09:32:57,100.0,119.3,S
2021-06-30T09:32:54,200.0,119.4,B
2021-06-30T09:32:48,3000.0,119.5,B
2021-06-30T09:32:47,9000.0,119.5,B
2021-06-30T09:32:43,400.0,119.3,S
2021-06-30T09:32:42,600.0,119.3,S
2021-06-30T09:32:42,2400.0,119.3,S
2021-06-30T09:32:41,2000.0,119.3,S
2021-06-30T09:32:36,100.0,119.3,S
2021-06-30T09:32:36,800.0,119.3,S
2021-06-30T09:32:30,300.0,119.4,B
2021-06-30T09:32:24,2600.0,119.5,B
2021-06-30T09:32:24,400.0,119.5,B
2021-06-30T09:32:24,1600.0,119.5,B
2021-06-30T09:32:24,4400.0,119.5,B
2021-06-30T09:32:05,700.0,119.4,B
2021-06-30T09:32:01,200.0,119.4,B
2021-06-30T09:31:59,100.0,119.4,B
2021-06-30T09:31:54,300.0,119.4,B
2021-06-30T09:31:33,200.0,119.4,B
2021-06-30T09:31:31,500.0,119.4,B
2021-06-30T09:31:06,300.0,119.4,B
2021-06-30T09:30:58,100.0,119.4,B
2021-06-30T09:30:53,800.0,119.4,B
2021-06-30T09:30:49,100.0,119.4,B
2021-06-30T09:30:49,100.0,119.4,B
2021-06-30T09:30:45,1500.0,119.3,S
2021-06-30T09:30:40,200.0,119.4,B
2021-06-30T09:30:31,100.0,119.4,B
2021-06-30T09:30:31,1000.0,119.3,B
2021-06-30T09:30:30,600.0,119.3,B
2021-06-30T09:30:25,200.0,119.4,B
2021-06-30T09:30:14,200.0,119.4,B
2021-06-30T09:29:56,200.0,119.4,B
2021-06-30T09:29:52,1300.0,119.4,B
2021-06-30T09:29:52,3000.0,119.3,B
2021-06-30T09:29:51,700.0,119.3,B
2021-06-30T09:29:47,200.0,119.3,B
2021-06-30T09:29:43,200.0,119.3,S
2021-06-30T09:29:24,400.0,119.4,B
2021-06-30T09:29:23,500.0,119.2,S
2021-06-30T09:29:20,1400.0,119.3,S
2021-06-30T09:29:15,1800.0,119.3,S
2021-06-30T09:29:15,100.0,119.3,S
2021-06-30T09:29:15,1000.0,119.3,S
2021-06-30T09:29:15,5700.0,119.3,S
2021-06-30T09:28:46,2500.0,119.3,S
2021-06-30T09:28:39,1000.0,119.3,S
2021-06-30T09:28:37,100.0,119.3,S
2021-06-30T09:28:24,1000.0,119.3,S
2021-06-30T09:28:11,1000.0,119.3,S
2021-06-30T09:28:09,6000.0,119.3,S
2021-06-30T09:28:09,100.0,119.4,B
2021-06-30T09:28:02,300.0,119.4,B
2021-06-30T09:28:02,300.0,119.4,B
2021-06-30T09:28:01,1000.0,119.3,S
2021-06-30T09:27:49,100.0,119.3,B
2021-06-30T09:27:40,200.0,119.4,B
2021-06-30T09:27:40,9300.0,119.4,B
2021-06-30T09:27:39,600.0,119.2,S
2021-06-30T09:27:33,200.0,119.3,B
2021-06-30T09:27:24,1800.0,119.3,B
2021-06-30T09:27:24,500.0,119.3,B
2021-06-30T09:27:19,500.0,119.3,B
2021-06-30T09:27:16,100.0,119.4,B
2021-06-30T09:27:11,600.0,119.4,B
2021-06-30T09:27:10,10000.0,119.4,B
2021-06-30T09:27:08,100.0,119.0,S
2021-06-30T09:27:05,100.0,119.0,S
2021-06-30T09:27:04,2100.0,119.0,S
2021-06-30T09:27:04,6400.0,119.0,S
2021-06-30T09:27:04,1000.0,119.0,S
2021-06-30T09:27:04,1800.0,119.0,S
2021-06-30T09:27:04,1100.0,119.0,S
2021-06-30T09:27:04,3000.0,119.0,S
2021-06-30T09:27:04,1100.0,119.0,S
2021-06-30T09:27:03,6200.0,119.0,S
2021-06-30T09:27:03,5400.0,119.1,S
2021-06-30T09:27:03,3200.0,119.1,S
2021-06-30T09:27:03,4100.0,119.1,S
2021-06-30T09:27:03,2600.0,119.1,S
2021-06-30T09:27:01,1000.0,119.1,S
2021-06-30T09:27:01,1000.0,119.2,S
2021-06-30T09:26:58,100.0,119.2,S
2021-06-30T09:26:57,600.0,119.2,S
2021-06-30T09:26:54,600.0,119.2,S
2021-06-30T09:26:54,1500.0,119.2,S
2021-06-30T09:26:54,500.0,119.2,S
2021-06-30T09:26:54,7400.0,119.2,S
2021-06-30T09:26:51,1000.0,119.4,B
2021-06-30T09:26:47,600.0,119.2,S
2021-06-30T09:26:47,200.0,119.3,B
2021-06-30T09:26:37,100.0,119.2,S
2021-06-30T09:26:36,1100.0,119.3,B
2021-06-30T09:26:32,100.0,119.3,B
2021-06-30T09:26:31,1000.0,119.2,S
2021-06-30T09:26:25,200.0,119.2,S
2021-06-30T09:26:21,100.0,119.3,S
2021-06-30T09:26:10,100.0,119.2,S
2021-06-30T09:26:09,200.0,119.4,S
2021-06-30T09:25:58,5200.0,119.2,S
2021-06-30T09:25:57,100.0,119.4,S
2021-06-30T09:25:51,5000.0,119.3,S
2021-06-30T09:25:48,300.0,119.5,B
2021-06-30T09:25:31,1000.0,119.4,S
2021-06-30T09:25:21,200.0,119.5,B
2021-06-30T09:25:12,100.0,119.5,B
2021-06-30T09:25:10,10000.0,119.4,S
2021-06-30T09:25:10,300.0,119.5,S
2021-06-30T09:25:09,800.0,119.5,S
2021-06-30T09:25:05,600.0,119.5,S
2021-06-30T09:25:05,300.0,119.5,S
2021-06-30T09:25:05,9100.0,119.5,S
2021-06-30T09:24:58,1000.0,119.5,S
2021-06-30T09:24:46,500.0,119.5,S
2021-06-30T09:24:41,2300.0,119.6,S
2021-06-30T09:24:36,500.0,119.5,S
2021-06-30T09:24:31,300.0,119.5,S
2021-06-30T09:24:24,100.0,119.5,S
2021-06-30T09:24:20,1000.0,119.5,S
2021-06-30T09:24:16,100.0,119.5,S
2021-06-30T09:24:13,500.0,119.7,B
2021-06-30T09:23:59,100.0,119.5,S
2021-06-30T09:23:58,400.0,119.5,S
2021-06-30T09:23:57,300.0,119.5,S
2021-06-30T09:23:34,500.0,119.5,B
2021-06-30T09:23:32,100.0,119.7,B
2021-06-30T09:23:23,800.0,119.5,B
2021-06-30T09:23:18,2000.0,119.5,B
2021-06-30T09:23:10,200.0,119.5,B
2021-06-30T09:23:01,2000.0,119.5,B
2021-06-30T09:23:01,500.0,119.5,B
2021-06-30T09:22:49,1000.0,119.5,B
2021-06-30T09:22:47,200.0,119.5,B
2021-06-30T09:22:41,200.0,119.7,B
2021-06-30T09:22:35,100.0,119.5,B
2021-06-30T09:22:31,5500.0,119.7,B
2021-06-30T09:22:31,4500.0,119.7,B
2021-06-30T09:22:28,200.0,119.6,B
2021-06-30T09:22:24,4800.0,119.5,B
2021-06-30T09:22:16,600.0,119.5,B
2021-06-30T09:22:13,200.0,119.5,B
2021-06-30T09:22:10,500.0,119.1,S
2021-06-30T09:22:05,1500.0,119.5,B
2021-06-30T09:22:05,500.0,119.5,B
2021-06-30T09:21:41,200.0,119.5,B
2021-06-30T09:21:41,4800.0,119.5,B
2021-06-30T09:21:41,200.0,119.5,B
2021-06-30T09:21:01,1000.0,119.1,S
2021-06-30T09:20:55,200.0,119.5,B
2021-06-30T09:20:54,200.0,119.5,B
2021-06-30T09:20:32,4700.0,119.5,B
2021-06-30T09:20:32,600.0,119.5,B
2021-06-30T09:20:32,6300.0,119.5,B
2021-06-30T09:20:32,2000.0,119.2,B
2021-06-30T09:20:31,1400.0,119.2,B
2021-06-30T09:20:31,1000.0,119.0,S
2021-06-30T09:20:29,300.0,119.0,S
2021-06-30T09:20:15,100.0,119.0,S
2021-06-30T09:20:15,100.0,119.2,B
2021-06-30T09:20:10,1000.0,119.0,S
2021-06-30T09:20:02,500.0,119.0,B
2021-06-30T09:19:59,100.0,119.2,B
2021-06-30T09:19:53,1300.0,119.0,B
2021-06-30T09:19:53,700.0,119.0,B
2021-06-30T09:19:53,800.0,119.0,B
2021-06-30T09:19:49,100.0,119.0,B
2021-06-30T09:19:47,200.0,119.0,B
2021-06-30T09:19:40,200.0,119.0,B
2021-06-30T09:19:35,200.0,119.0,B
2021-06-30T09:19:34,200.0,119.0,B
2021-06-30T09:19:33,1000.0,119.0,B
2021-06-30T09:19:30,400.0,119.0,B
2021-06-30T09:19:22,100.0,119.0,B
2021-06-30T09:19:15,400.0,119.0,B
2021-06-30T09:19:15,100.0,119.0,B
2021-06-30T09:19:15,3800.0,119.0,B
2021-06-30T09:19:08,200.0,119.0,B
2021-06-30T09:19:08,200.0,119.0,B
2021-06-30T09:19:00,100.0,118.9,S
2021-06-30T09:18:44,100.0,119.0,B
2021-06-30T09:18:43,2800.0,119.0,B
2021-06-30T09:18:40,200.0,119.0,B
2021-06-30T09:18:38,1000.0,118.9,S
2021-06-30T09:18:38,100.0,118.9,S
2021-06-30T09:18:33,900.0,119.0,B
2021-06-30T09:18:24,200.0,119.0,B
2021-06-30T09:18:14,2000.0,119.0,B
2021-06-30T09:18:13,100.0,119.0,B
2021-06-30T09:18:12,200.0,119.0,B
2021-06-30T09:18:08,3400.0,119.0,B
2021-06-30T09:17:46,200.0,119.0,B
2021-06-30T09:17:41,1000.0,119.0,B
2021-06-30T09:17:35,100.0,119.0,B
2021-06-30T09:17:10,2300.0,118.8,S
2021-06-30T09:17:04,500.0,118.8,S
2021-06-30T09:16:59,100.0,118.8,S
2021-06-30T09:16:36,100.0,118.7,S
2021-06-30T09:16:36,500.0,119.0,B
2021-06-30T09:16:28,2000.0,119.0,B
2021-06-30T09:16:16,100.0,118.7,S
2021-06-30T09:16:06,10000.0,119.0,B
2021-06-30T09:16:01,100.0,118.9,B
2021-06-30T09:15:56,500.0,118.7,S
2021-06-30T09:15:53,200.0,119.0,B
