tradingTime,volume,price,side
2021-06-30T13:21:46,100.0,44.8,S
2021-06-30T13:21:41,300.0,44.9,B
2021-06-30T13:21:30,100.0,44.8,S
2021-06-30T13:21:05,500.0,44.8,S
2021-06-30T13:21:03,500.0,44.9,B
2021-06-30T13:21:01,100.0,44.9,B
2021-06-30T13:20:52,33000.0,45.0,B
2021-06-30T13:20:49,200.0,44.9,B
2021-06-30T13:20:46,500.0,44.9,B
2021-06-30T13:20:45,100.0,44.9,B
2021-06-30T13:20:37,5000.0,44.9,B
2021-06-30T13:20:32,1800.0,44.9,B
2021-06-30T13:20:24,100.0,44.9,B
2021-06-30T13:20:21,3000.0,44.9,B
2021-06-30T13:20:15,1000.0,44.9,S
2021-06-30T13:19:49,1000.0,44.9,S
2021-06-30T13:19:44,600.0,44.9,S
2021-06-30T13:19:42,100.0,44.9,B
2021-06-30T13:19:32,1000.0,44.9,B
2021-06-30T13:19:28,500.0,44.9,B
2021-06-30T13:19:24,2000.0,44.9,B
2021-06-30T13:19:19,100.0,44.9,B
2021-06-30T13:19:18,2100.0,44.9,B
2021-06-30T13:19:11,15000.0,44.9,B
2021-06-30T13:19:07,35000.0,44.9,B
2021-06-30T13:19:01,1000.0,44.9,B
2021-06-30T13:18:51,1000.0,44.9,B
2021-06-30T13:18:46,400.0,44.9,B
2021-06-30T13:18:43,500.0,44.8,S
2021-06-30T13:18:30,5600.0,44.8,B
2021-06-30T13:18:27,2400.0,44.8,B
2021-06-30T13:18:12,3200.0,44.8,B
2021-06-30T13:18:10,10000.0,44.8,B
2021-06-30T13:18:05,100.0,44.7,S
2021-06-30T13:18:04,2000.0,44.8,B
2021-06-30T13:17:57,500.0,44.7,S
2021-06-30T13:17:49,200.0,44.8,B
2021-06-30T13:17:44,500.0,44.7,S
2021-06-30T13:17:42,3000.0,44.7,S
2021-06-30T13:17:31,3600.0,44.7,B
2021-06-30T13:17:23,100.0,44.7,B
2021-06-30T13:17:21,5000.0,44.7,B
2021-06-30T13:17:21,3800.0,44.7,S
2021-06-30T13:17:16,1000.0,44.7,B
2021-06-30T13:17:16,200.0,44.7,B
2021-06-30T13:17:10,300.0,44.7,B
2021-06-30T13:17:07,2000.0,44.7,B
2021-06-30T13:17:05,1000.0,44.7,B
2021-06-30T13:17:05,1500.0,44.7,B
2021-06-30T13:16:58,100.0,44.7,B
2021-06-30T13:16:57,100.0,44.7,B
2021-06-30T13:16:56,3000.0,44.7,B
2021-06-30T13:16:50,100.0,44.7,B
2021-06-30T13:16:44,200.0,44.7,B
2021-06-30T13:16:41,200.0,44.7,B
2021-06-30T13:16:37,200.0,44.7,B
2021-06-30T13:16:35,200.0,44.7,B
2021-06-30T13:16:20,400.0,44.6,S
2021-06-30T13:16:05,14500.0,44.5,S
2021-06-30T13:16:01,700.0,44.6,B
2021-06-30T13:16:00,500.0,44.6,B
2021-06-30T13:15:59,100.0,44.6,B
2021-06-30T13:15:59,900.0,44.6,B
2021-06-30T13:15:57,4000.0,44.6,B
2021-06-30T13:15:55,100.0,44.6,B
2021-06-30T13:15:53,1000.0,44.6,B
2021-06-30T13:15:50,20000.0,44.5,S
2021-06-30T13:15:49,1000.0,44.6,B
2021-06-30T13:15:47,100.0,44.6,B
2021-06-30T13:15:46,100.0,44.6,B
2021-06-30T13:15:40,100.0,44.6,B
2021-06-30T13:15:39,100.0,44.6,B
2021-06-30T13:15:37,1000.0,44.6,B
2021-06-30T13:15:35,1600.0,44.6,B
2021-06-30T13:15:27,500.0,44.6,B
2021-06-30T13:15:23,100.0,44.5,S
2021-06-30T13:15:23,27800.0,44.5,S
2021-06-30T13:15:21,100.0,44.6,B
2021-06-30T13:15:21,3000.0,44.5,S
2021-06-30T13:15:17,200.0,44.6,B
2021-06-30T13:15:15,1100.0,44.6,B
2021-06-30T13:15:15,700.0,44.5,S
2021-06-30T13:15:05,500.0,44.5,S
2021-06-30T13:15:01,100.0,44.6,B
2021-06-30T13:14:58,3000.0,44.5,S
2021-06-30T13:14:51,100.0,44.6,B
2021-06-30T13:14:43,500.0,44.5,S
2021-06-30T13:14:40,500.0,44.6,B
2021-06-30T13:14:37,200.0,44.6,B
2021-06-30T13:14:37,2000.0,44.6,B
2021-06-30T13:14:28,100.0,44.5,S
2021-06-30T13:13:58,500.0,44.5,S
2021-06-30T13:13:58,10000.0,44.5,S
2021-06-30T13:13:57,100.0,44.6,B
2021-06-30T13:13:44,100.0,44.6,B
2021-06-30T13:13:42,1000.0,44.5,S
2021-06-30T13:13:40,500.0,44.6,B
2021-06-30T13:13:34,300.0,44.6,B
2021-06-30T13:13:32,6000.0,44.5,S
2021-06-30T13:13:31,1000.0,44.5,S
2021-06-30T13:13:30,10000.0,44.5,S
2021-06-30T13:13:29,100.0,44.6,B
2021-06-30T13:13:27,1000.0,44.5,S
2021-06-30T13:13:23,500.0,44.6,B
2021-06-30T13:13:22,2400.0,44.6,B
2021-06-30T13:13:21,100.0,44.6,B
2021-06-30T13:13:17,200.0,44.6,B
2021-06-30T13:13:16,100.0,44.6,B
2021-06-30T13:13:16,200.0,44.6,B
2021-06-30T13:13:06,200.0,44.6,B
2021-06-30T13:13:02,500.0,44.6,B
2021-06-30T13:13:01,2000.0,44.5,S
2021-06-30T13:13:01,1000.0,44.6,B
2021-06-30T13:12:50,1000.0,44.6,S
2021-06-30T13:12:45,6000.0,44.5,S
2021-06-30T13:12:42,1000.0,44.6,S
2021-06-30T13:12:38,100.0,44.6,S
2021-06-30T13:12:35,100.0,44.7,B
2021-06-30T13:12:32,2000.0,44.5,S
2021-06-30T13:12:30,1000.0,44.6,S
2021-06-30T13:12:23,200.0,44.6,B
2021-06-30T13:12:20,100.0,44.6,B
2021-06-30T13:12:19,1800.0,44.6,S
2021-06-30T13:12:19,500.0,44.6,S
2021-06-30T13:12:18,1500.0,44.6,B
2021-06-30T13:12:17,400.0,44.6,B
2021-06-30T13:12:11,100.0,44.6,B
2021-06-30T13:12:07,400.0,44.6,B
2021-06-30T13:12:06,2000.0,44.6,B
2021-06-30T13:12:03,100.0,44.6,B
2021-06-30T13:12:03,200.0,44.6,B
2021-06-30T13:12:02,200.0,44.6,B
2021-06-30T13:11:59,100.0,44.6,B
2021-06-30T13:11:56,2000.0,44.6,S
2021-06-30T13:11:50,2500.0,44.6,S
2021-06-30T13:11:47,1000.0,44.6,S
2021-06-30T13:11:45,1500.0,44.6,S
2021-06-30T13:11:35,500.0,44.6,S
2021-06-30T13:11:33,2000.0,44.6,S
2021-06-30T13:11:30,100.0,44.6,S
2021-06-30T13:11:25,600.0,44.6,S
2021-06-30T13:11:21,1000.0,44.6,S
2021-06-30T13:11:09,400.0,44.6,S
2021-06-30T13:11:08,4800.0,44.6,S
2021-06-30T13:11:06,200.0,44.6,S
2021-06-30T13:10:56,7300.0,44.6,S
2021-06-30T13:10:50,200.0,44.7,B
2021-06-30T13:10:50,1000.0,44.6,S
2021-06-30T13:10:41,100.0,44.6,S
2021-06-30T13:10:40,3000.0,44.6,S
2021-06-30T13:10:38,300.0,44.6,S
2021-06-30T13:10:33,1000.0,44.6,S
2021-06-30T13:10:07,10900.0,44.6,B
2021-06-30T13:10:02,5000.0,44.5,S
2021-06-30T13:10:00,200.0,44.6,B
2021-06-30T13:09:55,1200.0,44.6,B
2021-06-30T13:09:49,3000.0,44.5,S
2021-06-30T13:09:45,9000.0,44.6,B
2021-06-30T13:09:44,100.0,44.5,S
2021-06-30T13:09:40,100.0,44.6,B
2021-06-30T13:09:31,3100.0,44.5,S
2021-06-30T13:09:25,300.0,44.5,S
2021-06-30T13:09:14,1000.0,44.5,S
2021-06-30T13:09:13,500.0,44.5,S
2021-06-30T13:09:13,900.0,44.6,B
2021-06-30T13:09:11,300.0,44.6,B
2021-06-30T13:09:03,300.0,44.6,B
2021-06-30T13:09:01,2000.0,44.6,B
2021-06-30T13:08:59,900.0,44.6,B
2021-06-30T13:08:58,100.0,44.6,B
2021-06-30T13:08:45,3400.0,44.6,S
2021-06-30T13:08:39,1700.0,44.6,S
2021-06-30T13:08:38,200.0,44.6,S
2021-06-30T13:08:36,300.0,44.6,S
2021-06-30T13:08:34,5000.0,44.6,S
2021-06-30T13:08:29,2100.0,44.6,B
2021-06-30T13:08:25,300.0,44.6,B
2021-06-30T13:08:24,300.0,44.6,B
2021-06-30T13:08:23,200.0,44.6,B
2021-06-30T13:08:17,200.0,44.6,B
2021-06-30T13:08:16,200.0,44.6,B
2021-06-30T13:08:16,200.0,44.6,B
2021-06-30T13:08:01,100.0,44.6,B
2021-06-30T13:07:55,2400.0,44.6,S
2021-06-30T13:07:51,3000.0,44.6,S
2021-06-30T13:07:35,300.0,44.6,S
2021-06-30T13:07:12,3300.0,44.5,S
2021-06-30T13:07:07,1100.0,44.5,S
2021-06-30T13:07:05,10000.0,44.8,B
2021-06-30T13:07:04,2000.0,44.5,S
2021-06-30T13:06:51,500.0,44.5,S
2021-06-30T13:06:51,15000.0,44.5,S
2021-06-30T13:06:46,2000.0,44.6,S
2021-06-30T13:06:45,100.0,44.6,S
2021-06-30T13:06:43,1000.0,44.7,B
2021-06-30T13:06:41,2000.0,44.6,S
2021-06-30T13:06:33,30000.0,44.5,S
2021-06-30T13:06:32,2000.0,44.5,S
2021-06-30T13:06:31,2000.0,44.5,S
2021-06-30T13:06:28,100.0,44.7,B
2021-06-30T13:06:28,5000.0,44.5,S
2021-06-30T13:06:00,100000.0,44.5,S
2021-06-30T13:05:55,10000.0,44.6,S
2021-06-30T13:05:53,3000.0,44.6,S
2021-06-30T13:05:47,2400.0,44.6,S
2021-06-30T13:05:42,2500.0,44.6,S
2021-06-30T13:05:36,12500.0,44.6,S
2021-06-30T13:05:30,12000.0,44.6,S
2021-06-30T13:05:24,29600.0,44.6,S
2021-06-30T13:05:19,5000.0,44.6,S
2021-06-30T13:05:03,6000.0,44.6,S
2021-06-30T13:05:00,1000.0,44.6,S
2021-06-30T13:04:59,55000.0,44.6,S
2021-06-30T13:04:55,10000.0,44.7,B
2021-06-30T13:04:49,1000.0,44.7,B
2021-06-30T13:04:42,2100.0,44.7,B
2021-06-30T13:04:39,4700.0,44.7,B
2021-06-30T13:04:36,10000.0,44.7,S
2021-06-30T13:04:32,1000.0,44.7,S
2021-06-30T13:04:30,500.0,44.7,S
2021-06-30T13:04:20,27100.0,44.7,S
2021-06-30T13:04:13,200.0,44.7,S
2021-06-30T13:04:04,600.0,44.7,S
2021-06-30T13:03:50,29500.0,44.7,S
2021-06-30T13:03:47,500.0,44.8,B
2021-06-30T13:03:41,1500.0,44.8,B
2021-06-30T13:03:40,200.0,44.8,B
2021-06-30T13:03:35,1000.0,44.7,S
2021-06-30T13:03:28,30000.0,44.7,S
2021-06-30T13:03:24,100.0,44.8,B
2021-06-30T13:03:18,1700.0,44.8,S
2021-06-30T13:03:15,2000.0,44.8,S
2021-06-30T13:03:00,2000.0,44.8,S
2021-06-30T13:02:58,1000.0,44.8,S
2021-06-30T13:02:58,500.0,44.8,S
2021-06-30T13:02:52,1000.0,44.8,S
2021-06-30T13:02:45,200.0,44.8,S
2021-06-30T13:02:45,20000.0,44.8,S
2021-06-30T13:02:38,700.0,44.8,S
2021-06-30T13:02:27,2000.0,44.8,S
2021-06-30T13:02:25,100.0,44.9,B
2021-06-30T13:02:13,100.0,44.9,B
2021-06-30T13:02:08,500.0,44.8,S
2021-06-30T13:02:08,400.0,44.8,S
2021-06-30T13:02:03,100.0,44.9,B
2021-06-30T13:02:00,1000.0,44.8,S
2021-06-30T13:01:27,100.0,44.9,B
2021-06-30T13:01:26,100.0,44.8,S
2021-06-30T13:01:25,200.0,44.8,S
2021-06-30T13:01:10,100.0,44.9,B
2021-06-30T13:00:47,1100.0,44.8,S
2021-06-30T13:00:12,1500.0,44.8,S
2021-06-30T13:00:08,100.0,44.8,S
2021-06-30T13:00:04,1300.0,44.8,S
2021-06-30T13:00:04,200.0,44.8,S
2021-06-30T13:00:02,2100.0,44.8,B
2021-06-30T13:00:01,5200.0,44.8,B
2021-06-30T13:00:01,100.0,44.8,B
2021-06-30T11:29:54,100.0,44.8,B
2021-06-30T11:29:46,500.0,44.7,S
2021-06-30T11:29:46,100.0,44.8,B
2021-06-30T11:29:32,100.0,44.8,B
2021-06-30T11:28:50,200.0,44.8,S
2021-06-30T11:28:39,1000.0,44.7,S
2021-06-30T11:28:36,500.0,44.8,B
2021-06-30T11:28:34,200.0,44.8,B
2021-06-30T11:28:12,200.0,44.8,B
2021-06-30T11:28:11,200.0,44.8,B
2021-06-30T11:27:52,200.0,44.7,S
2021-06-30T11:27:50,600.0,44.7,S
2021-06-30T11:27:38,1000.0,44.7,S
2021-06-30T11:27:32,300.0,44.7,S
2021-06-30T11:27:25,5000.0,44.7,S
2021-06-30T11:27:24,500.0,44.7,S
2021-06-30T11:26:53,400.0,44.7,S
2021-06-30T11:26:43,3300.0,44.7,S
2021-06-30T11:26:31,1000.0,44.7,S
2021-06-30T11:26:30,1500.0,44.8,B
2021-06-30T11:26:15,500.0,44.8,B
2021-06-30T11:25:56,2000.0,44.8,B
2021-06-30T11:25:54,300.0,44.8,B
2021-06-30T11:25:48,100.0,44.8,B
2021-06-30T11:25:37,300.0,44.8,B
2021-06-30T11:25:36,100.0,44.8,B
2021-06-30T11:25:35,7200.0,44.8,B
2021-06-30T11:25:32,5000.0,44.8,S
2021-06-30T11:25:29,200.0,44.8,S
2021-06-30T11:25:27,200.0,44.8,S
2021-06-30T11:25:08,500.0,44.8,S
2021-06-30T11:25:01,500.0,44.8,S
2021-06-30T11:24:26,1100.0,44.8,S
2021-06-30T11:23:39,500.0,44.8,S
2021-06-30T11:23:36,400.0,44.8,B
2021-06-30T11:23:31,200.0,44.8,B
2021-06-30T11:23:24,2900.0,44.8,B
2021-06-30T11:23:24,1400.0,44.7,S
2021-06-30T11:23:23,100.0,44.8,B
2021-06-30T11:23:18,200.0,44.8,B
2021-06-30T11:23:12,100.0,44.8,B
2021-06-30T11:23:10,1100.0,44.8,B
2021-06-30T11:22:54,400.0,44.8,B
2021-06-30T11:22:48,500.0,44.8,B
2021-06-30T11:22:46,400.0,44.8,B
2021-06-30T11:22:44,100.0,44.8,B
2021-06-30T11:22:43,100.0,44.8,B
2021-06-30T11:22:41,1000.0,44.8,B
2021-06-30T11:22:39,500.0,44.7,S
2021-06-30T11:22:34,1000.0,44.7,S
2021-06-30T11:22:33,100.0,44.8,B
2021-06-30T11:22:32,2000.0,44.7,S
2021-06-30T11:22:25,100.0,44.7,S
2021-06-30T11:22:18,1000.0,44.7,S
2021-06-30T11:22:17,700.0,44.8,B
2021-06-30T11:22:17,400.0,44.8,B
2021-06-30T11:22:15,2200.0,44.8,B
2021-06-30T11:22:13,100.0,44.8,B
2021-06-30T11:22:11,200.0,44.8,B
2021-06-30T11:22:11,700.0,44.8,B
2021-06-30T11:22:07,2000.0,44.8,B
2021-06-30T11:21:56,1000.0,44.8,B
2021-06-30T11:21:56,500.0,44.8,B
2021-06-30T11:21:54,300.0,44.8,B
2021-06-30T11:21:53,200.0,44.8,B
2021-06-30T11:21:51,500.0,44.8,B
2021-06-30T11:21:46,2000.0,44.8,B
2021-06-30T11:21:34,3000.0,44.8,B
2021-06-30T11:21:33,3000.0,44.8,B
2021-06-30T11:21:31,1000.0,44.8,B
2021-06-30T11:21:29,100.0,44.8,B
2021-06-30T11:21:26,2000.0,44.7,S
2021-06-30T11:21:19,800.0,44.8,B
2021-06-30T11:21:15,100.0,44.8,B
2021-06-30T11:21:10,100.0,44.8,B
2021-06-30T11:20:57,100.0,44.8,B
2021-06-30T11:20:52,100.0,44.7,S
2021-06-30T11:20:39,100.0,44.8,B
2021-06-30T11:20:20,100.0,44.8,B
2021-06-30T11:20:17,400.0,44.7,S
2021-06-30T11:20:13,200.0,44.8,B
2021-06-30T11:20:12,2000.0,44.7,S
2021-06-30T11:20:09,500.0,44.8,B
2021-06-30T11:20:00,300.0,44.8,B
2021-06-30T11:19:30,500.0,44.7,S
2021-06-30T11:19:06,500.0,44.7,S
2021-06-30T11:18:57,300.0,44.8,B
2021-06-30T11:18:46,700.0,44.8,B
2021-06-30T11:18:42,100.0,44.8,B
2021-06-30T11:18:39,100.0,44.8,B
2021-06-30T11:18:33,4000.0,44.8,B
2021-06-30T11:18:22,100.0,44.8,B
2021-06-30T11:18:06,600.0,44.8,B
2021-06-30T11:18:04,1000.0,44.7,S
2021-06-30T11:17:55,500.0,44.7,S
2021-06-30T11:17:41,1000.0,44.8,B
2021-06-30T11:17:31,200.0,44.8,B
2021-06-30T11:17:30,100.0,44.8,B
2021-06-30T11:17:26,100.0,44.8,B
2021-06-30T11:17:25,100.0,44.8,B
2021-06-30T11:17:19,500.0,44.8,B
2021-06-30T11:17:17,2300.0,44.7,S
2021-06-30T11:17:12,100.0,44.8,B
2021-06-30T11:17:08,200.0,44.8,B
2021-06-30T11:16:58,200.0,44.8,B
2021-06-30T11:16:57,800.0,44.8,B
2021-06-30T11:16:53,200.0,44.8,B
2021-06-30T11:16:53,500.0,44.8,B
2021-06-30T11:16:48,200.0,44.8,B
2021-06-30T11:16:42,200.0,44.8,B
2021-06-30T11:16:42,200.0,44.8,B
2021-06-30T11:16:33,300.0,44.8,B
2021-06-30T11:16:28,300.0,44.8,B
2021-06-30T11:16:24,5000.0,44.7,S
2021-06-30T11:16:18,100.0,44.8,S
2021-06-30T11:16:11,1300.0,44.8,S
2021-06-30T11:15:59,2700.0,44.8,S
2021-06-30T11:15:58,20300.0,44.8,S
2021-06-30T11:15:58,1100.0,44.8,S
2021-06-30T11:15:56,3000.0,44.8,S
2021-06-30T11:15:52,4500.0,44.8,S
2021-06-30T11:15:49,300.0,44.8,S
2021-06-30T11:15:32,500.0,44.8,S
2021-06-30T11:15:30,100.0,44.8,S
2021-06-30T11:15:29,100.0,44.9,B
2021-06-30T11:15:17,2500.0,44.9,B
2021-06-30T11:15:12,100.0,44.9,B
2021-06-30T11:15:10,500.0,44.9,B
2021-06-30T11:15:08,100.0,44.9,B
2021-06-30T11:14:52,100.0,44.9,B
2021-06-30T11:14:37,500.0,44.9,B
2021-06-30T11:14:33,100.0,44.9,B
2021-06-30T11:14:20,2000.0,44.9,B
2021-06-30T11:14:16,3000.0,44.8,S
2021-06-30T11:14:06,1500.0,44.8,S
2021-06-30T11:14:04,1300.0,44.8,S
2021-06-30T11:14:01,6000.0,44.8,S
2021-06-30T11:13:57,2000.0,44.8,S
2021-06-30T11:13:50,1000.0,44.8,S
2021-06-30T11:13:48,100.0,44.8,S
2021-06-30T11:13:38,10000.0,44.8,S
2021-06-30T11:13:29,23000.0,44.8,S
2021-06-30T11:13:21,5000.0,44.8,S
2021-06-30T11:13:11,500.0,44.8,S
2021-06-30T11:13:11,1100.0,44.8,S
2021-06-30T11:12:54,200.0,44.8,S
2021-06-30T11:12:48,2000.0,44.8,S
2021-06-30T11:12:25,10000.0,44.8,S
2021-06-30T11:11:52,3500.0,44.8,S
2021-06-30T11:11:43,1000.0,44.8,S
2021-06-30T11:11:43,200.0,44.8,S
2021-06-30T11:11:38,100.0,44.9,B
2021-06-30T11:11:22,300.0,44.9,B
2021-06-30T11:11:22,500.0,44.9,B
2021-06-30T11:11:21,5800.0,44.9,S
2021-06-30T11:11:18,400.0,44.9,S
2021-06-30T11:11:09,200.0,44.9,S
2021-06-30T11:11:06,200.0,44.9,S
2021-06-30T11:10:57,200.0,44.9,S
2021-06-30T11:10:49,500.0,44.8,S
2021-06-30T11:10:31,600.0,44.9,B
2021-06-30T11:10:26,100.0,44.9,B
2021-06-30T11:10:24,100.0,44.9,B
2021-06-30T11:10:18,600.0,44.9,B
2021-06-30T11:10:18,9000.0,44.9,B
2021-06-30T11:10:16,100.0,44.8,S
2021-06-30T11:10:15,5000.0,44.8,S
2021-06-30T11:09:44,500.0,44.9,B
2021-06-30T11:09:38,5000.0,44.9,B
2021-06-30T11:09:37,1100.0,44.8,S
2021-06-30T11:09:36,10000.0,44.9,B
2021-06-30T11:09:12,1000.0,44.9,B
2021-06-30T11:09:11,100.0,44.9,B
2021-06-30T11:09:03,2000.0,44.8,S
2021-06-30T11:08:54,300.0,44.9,B
2021-06-30T11:08:45,14600.0,44.9,B
2021-06-30T11:08:42,21200.0,44.9,S
2021-06-30T11:08:27,400.0,44.9,S
2021-06-30T11:08:23,2000.0,44.9,S
2021-06-30T11:08:08,1300.0,44.9,S
2021-06-30T11:07:38,1000.0,45.0,B
2021-06-30T11:07:37,300.0,44.9,S
2021-06-30T11:07:30,1000.0,44.9,S
2021-06-30T11:06:36,100.0,45.0,B
2021-06-30T11:06:34,100.0,44.9,S
2021-06-30T11:06:22,1000.0,45.0,B
2021-06-30T11:06:16,200.0,45.0,B
2021-06-30T11:06:11,500.0,44.9,S
2021-06-30T11:06:04,500.0,44.9,S
2021-06-30T11:05:51,400.0,44.9,S
2021-06-30T11:05:44,200.0,44.9,B
2021-06-30T11:05:40,200.0,44.9,B
2021-06-30T11:05:40,100.0,44.9,B
2021-06-30T11:05:39,200.0,44.9,B
2021-06-30T11:05:35,400.0,44.9,B
2021-06-30T11:05:29,100.0,44.9,B
2021-06-30T11:05:26,800.0,44.9,S
2021-06-30T11:05:22,1000.0,44.9,S
2021-06-30T11:05:17,200.0,44.9,S
2021-06-30T11:05:07,200.0,44.9,B
2021-06-30T11:04:58,100.0,44.9,B
2021-06-30T11:04:42,1000.0,44.9,B
2021-06-30T11:04:39,1100.0,44.9,B
2021-06-30T11:04:34,100.0,44.9,B
2021-06-30T11:04:27,200.0,44.9,B
2021-06-30T11:04:26,500.0,44.9,B
2021-06-30T11:04:19,3100.0,44.9,B
2021-06-30T11:04:15,100.0,44.8,S
2021-06-30T11:04:08,100.0,44.9,B
2021-06-30T11:04:05,100.0,44.9,B
2021-06-30T11:04:01,100.0,44.9,B
2021-06-30T11:03:59,100.0,44.9,B
2021-06-30T11:03:57,24000.0,44.9,S
2021-06-30T11:03:50,100.0,45.0,B
2021-06-30T11:03:49,300.0,44.9,S
2021-06-30T11:03:44,1300.0,44.9,S
2021-06-30T11:03:41,500.0,44.9,S
2021-06-30T11:03:39,300.0,45.0,B
2021-06-30T11:03:37,200.0,45.0,B
2021-06-30T11:03:34,100.0,45.0,B
2021-06-30T11:03:31,100.0,45.0,B
2021-06-30T11:03:31,100.0,45.0,B
2021-06-30T11:03:30,200.0,45.0,B
2021-06-30T11:03:26,3000.0,45.0,S
2021-06-30T11:03:25,500.0,45.0,S
2021-06-30T11:03:16,100.0,45.1,B
2021-06-30T11:03:16,5700.0,45.0,S
2021-06-30T11:03:16,1000.0,45.0,S
2021-06-30T11:03:16,100.0,45.1,B
2021-06-30T11:03:16,10000.0,45.0,S
2021-06-30T11:03:16,100.0,45.0,S
2021-06-30T11:02:53,50000.0,45.0,S
2021-06-30T11:02:45,3000.0,45.1,B
2021-06-30T11:02:44,100.0,45.1,B
2021-06-30T11:02:23,200.0,45.1,B
2021-06-30T11:02:17,1500.0,45.1,B
2021-06-30T11:02:16,100.0,45.0,S
2021-06-30T11:02:11,500.0,45.1,B
2021-06-30T11:02:04,300.0,45.1,B
2021-06-30T11:02:03,500.0,45.1,B
2021-06-30T11:01:58,500.0,45.1,B
2021-06-30T11:01:56,100.0,45.1,B
2021-06-30T11:01:55,100.0,45.1,B
2021-06-30T11:01:52,500.0,45.1,B
2021-06-30T11:01:47,100.0,45.1,B
2021-06-30T11:01:46,900.0,45.1,B
2021-06-30T11:01:45,100.0,45.1,B
2021-06-30T11:01:42,100.0,45.1,B
2021-06-30T11:01:40,100.0,45.1,B
2021-06-30T11:01:36,4400.0,45.1,S
2021-06-30T11:01:31,100.0,45.2,B
2021-06-30T11:01:23,1000.0,45.1,S
2021-06-30T11:01:21,500.0,45.1,S
2021-06-30T11:01:18,1000.0,45.1,S
2021-06-30T11:01:09,100.0,45.1,S
2021-06-30T11:01:08,1100.0,45.1,S
2021-06-30T11:01:06,400.0,45.2,B
2021-06-30T11:00:45,2600.0,45.1,B
2021-06-30T11:00:45,100.0,45.1,B
2021-06-30T11:00:40,300.0,45.1,B
2021-06-30T11:00:39,500.0,45.1,B
2021-06-30T11:00:35,100.0,45.1,B
2021-06-30T11:00:33,400.0,45.1,B
2021-06-30T11:00:32,1100.0,45.1,B
2021-06-30T11:00:31,300.0,45.1,B
2021-06-30T11:00:31,600.0,45.1,B
2021-06-30T11:00:29,100.0,45.1,B
2021-06-30T11:00:23,1700.0,45.1,B
2021-06-30T11:00:19,1000.0,45.1,B
2021-06-30T11:00:15,2500.0,45.1,B
2021-06-30T11:00:12,300.0,45.1,B
2021-06-30T11:00:08,3000.0,45.1,B
2021-06-30T11:00:06,200.0,45.1,B
2021-06-30T10:59:59,2000.0,45.1,B
2021-06-30T10:59:58,100.0,45.1,B
2021-06-30T10:59:55,500.0,45.1,B
2021-06-30T10:59:53,1000.0,45.1,B
2021-06-30T10:59:53,1800.0,45.1,B
2021-06-30T10:59:52,500.0,45.1,B
2021-06-30T10:59:37,2000.0,45.1,B
2021-06-30T10:59:26,100.0,45.1,B
2021-06-30T10:59:25,6100.0,45.1,B
2021-06-30T10:59:15,1000.0,45.1,B
2021-06-30T10:59:11,300.0,45.0,S
2021-06-30T10:59:01,1000.0,45.0,S
2021-06-30T10:59:00,3000.0,45.1,B
2021-06-30T10:58:58,500.0,45.0,S
2021-06-30T10:58:28,500.0,45.0,S
2021-06-30T10:58:24,2000.0,45.0,S
2021-06-30T10:58:15,1000.0,45.0,S
2021-06-30T10:58:04,3000.0,45.0,S
2021-06-30T10:57:57,100.0,45.0,S
2021-06-30T10:57:54,5200.0,45.0,B
2021-06-30T10:57:53,500.0,45.0,B
2021-06-30T10:57:50,300.0,45.0,B
2021-06-30T10:57:48,100.0,45.0,B
2021-06-30T10:57:43,300.0,45.0,B
2021-06-30T10:57:41,500.0,45.0,B
2021-06-30T10:57:25,400.0,45.0,B
2021-06-30T10:57:21,100.0,45.0,B
2021-06-30T10:57:20,2000.0,45.0,B
2021-06-30T10:57:20,10000.0,45.0,B
2021-06-30T10:57:08,1000.0,45.0,B
2021-06-30T10:56:54,1000.0,44.9,S
2021-06-30T10:56:36,1500.0,45.0,B
2021-06-30T10:56:36,400.0,44.9,S
2021-06-30T10:56:34,2000.0,45.0,B
2021-06-30T10:56:31,100.0,45.0,B
2021-06-30T10:56:24,300.0,45.0,B
2021-06-30T10:56:24,100.0,45.0,B
2021-06-30T10:56:20,1000.0,45.0,B
2021-06-30T10:56:19,100.0,45.0,B
2021-06-30T10:56:15,20300.0,45.0,S
2021-06-30T10:56:15,1000.0,45.1,B
2021-06-30T10:56:08,4000.0,45.0,S
2021-06-30T10:56:07,1000.0,45.0,S
2021-06-30T10:56:07,500.0,45.0,S
2021-06-30T10:55:54,200.0,45.0,S
2021-06-30T10:55:45,2000.0,45.0,S
2021-06-30T10:55:41,500.0,45.0,S
2021-06-30T10:55:23,4300.0,45.0,B
2021-06-30T10:55:21,300.0,45.0,B
2021-06-30T10:55:19,200.0,45.0,B
2021-06-30T10:55:12,500.0,45.0,B
2021-06-30T10:55:11,300.0,45.0,B
2021-06-30T10:55:07,300.0,45.0,B
2021-06-30T10:55:01,2000.0,45.0,B
2021-06-30T10:54:59,100.0,45.0,B
2021-06-30T10:54:56,300.0,45.0,B
2021-06-30T10:54:56,100.0,45.0,B
2021-06-30T10:54:55,11600.0,45.0,S
2021-06-30T10:54:53,800.0,45.1,B
2021-06-30T10:54:46,1100.0,45.0,S
2021-06-30T10:54:37,100.0,45.1,B
2021-06-30T10:54:27,1300.0,45.1,B
2021-06-30T10:54:16,500.0,45.0,S
2021-06-30T10:54:13,1500.0,45.1,B
2021-06-30T10:53:47,20000.0,45.1,B
2021-06-30T10:53:46,300.0,45.0,B
2021-06-30T10:53:44,400.0,45.0,B
2021-06-30T10:53:40,100.0,45.0,B
2021-06-30T10:53:38,1100.0,44.9,S
2021-06-30T10:53:36,4000.0,45.0,B
2021-06-30T10:53:29,100.0,45.0,B
2021-06-30T10:53:21,2000.0,45.0,B
2021-06-30T10:53:20,100.0,45.0,B
2021-06-30T10:53:19,400.0,45.0,B
2021-06-30T10:53:16,1000.0,45.0,B
2021-06-30T10:53:14,100.0,45.0,B
2021-06-30T10:53:14,200.0,45.0,B
2021-06-30T10:53:13,300.0,45.0,B
2021-06-30T10:53:02,1000.0,45.0,B
2021-06-30T10:53:02,500.0,45.0,B
2021-06-30T10:52:59,8200.0,45.0,S
2021-06-30T10:52:46,2000.0,45.1,B
2021-06-30T10:52:39,1000.0,45.0,S
2021-06-30T10:52:20,100.0,45.0,S
2021-06-30T10:52:08,4800.0,45.0,B
2021-06-30T10:51:59,80000.0,45.0,B
2021-06-30T10:51:52,500.0,44.9,S
2021-06-30T10:51:26,1300.0,44.9,S
2021-06-30T10:51:22,100.0,44.9,B
2021-06-30T10:51:20,100.0,44.9,B
2021-06-30T10:51:17,1200.0,44.9,S
2021-06-30T10:50:59,100.0,44.9,S
2021-06-30T10:50:55,8700.0,44.9,B
2021-06-30T10:50:53,6000.0,44.9,B
2021-06-30T10:50:52,3400.0,44.9,B
2021-06-30T10:50:46,100.0,44.9,B
2021-06-30T10:50:33,1000.0,44.8,S
2021-06-30T10:50:28,300.0,44.9,B
2021-06-30T10:50:25,1000.0,44.9,B
2021-06-30T10:50:23,2000.0,44.9,B
2021-06-30T10:49:50,2400.0,44.9,B
2021-06-30T10:49:41,200.0,44.8,S
2021-06-30T10:49:29,500.0,44.8,S
2021-06-30T10:49:19,200.0,44.9,B
2021-06-30T10:49:12,700.0,44.8,S
2021-06-30T10:48:55,200.0,44.8,S
2021-06-30T10:48:35,100.0,44.8,S
2021-06-30T10:48:33,2000.0,44.8,S
2021-06-30T10:48:27,1000.0,44.8,S
2021-06-30T10:48:26,1100.0,44.8,S
2021-06-30T10:48:01,1000.0,44.8,B
2021-06-30T10:47:59,100.0,44.8,B
2021-06-30T10:47:55,600.0,44.8,B
2021-06-30T10:47:51,100.0,44.8,B
2021-06-30T10:47:47,700.0,44.8,B
2021-06-30T10:47:46,1000.0,44.8,B
2021-06-30T10:47:44,1600.0,44.8,S
2021-06-30T10:47:43,4900.0,44.8,S
2021-06-30T10:47:31,5000.0,44.8,S
2021-06-30T10:47:26,1000.0,44.8,S
2021-06-30T10:47:22,1000.0,44.8,S
2021-06-30T10:47:17,10000.0,44.8,S
2021-06-30T10:47:07,500.0,44.8,S
2021-06-30T10:46:59,100.0,44.8,S
2021-06-30T10:46:46,1000.0,44.8,S
2021-06-30T10:46:40,3000.0,44.8,S
2021-06-30T10:46:19,1000.0,44.8,S
2021-06-30T10:46:17,1500.0,44.8,S
2021-06-30T10:46:16,200.0,44.9,B
2021-06-30T10:46:02,3000.0,44.8,S
2021-06-30T10:45:42,500.0,44.8,S
2021-06-30T10:45:33,300.0,44.8,S
2021-06-30T10:45:12,1000.0,44.8,B
2021-06-30T10:45:11,1000.0,44.8,B
2021-06-30T10:45:07,17700.0,44.8,B
2021-06-30T10:45:04,200.0,44.8,B
2021-06-30T10:45:03,100.0,44.8,B
2021-06-30T10:44:59,200.0,44.8,B
2021-06-30T10:44:56,400.0,44.8,B
2021-06-30T10:44:47,500.0,44.8,B
2021-06-30T10:44:45,400.0,44.7,S
2021-06-30T10:44:42,8200.0,44.8,B
2021-06-30T10:44:37,6000.0,44.8,B
2021-06-30T10:44:36,100.0,44.8,B
2021-06-30T10:44:35,800.0,44.8,B
2021-06-30T10:44:22,2900.0,44.8,B
2021-06-30T10:44:20,5000.0,44.8,B
2021-06-30T10:44:18,100.0,44.8,B
2021-06-30T10:44:16,300.0,44.8,B
2021-06-30T10:44:15,300.0,44.8,B
2021-06-30T10:44:12,1000.0,44.7,S
2021-06-30T10:44:01,7000.0,44.8,B
2021-06-30T10:43:51,100.0,44.7,S
2021-06-30T10:43:46,1000.0,44.8,B
2021-06-30T10:43:28,100.0,44.8,B
2021-06-30T10:42:57,1000.0,44.7,S
2021-06-30T10:42:40,1000.0,44.7,S
2021-06-30T10:42:34,100.0,44.8,B
2021-06-30T10:42:23,500.0,44.7,S
2021-06-30T10:42:07,200.0,44.7,S
2021-06-30T10:42:06,1000.0,44.7,S
2021-06-30T10:42:02,200.0,44.8,B
2021-06-30T10:41:45,100.0,44.7,S
2021-06-30T10:41:43,500.0,44.7,S
2021-06-30T10:40:41,800.0,44.7,S
2021-06-30T10:40:01,500.0,44.7,S
2021-06-30T10:40:00,1100.0,44.7,S
2021-06-30T10:39:52,500.0,44.8,B
2021-06-30T10:39:49,200.0,44.7,S
2021-06-30T10:39:44,300.0,44.7,S
2021-06-30T10:39:34,3000.0,44.7,S
2021-06-30T10:39:25,200.0,44.7,S
2021-06-30T10:39:20,10000.0,44.7,S
2021-06-30T10:39:08,3000.0,44.7,S
2021-06-30T10:38:56,2000.0,44.7,S
2021-06-30T10:38:13,9600.0,44.7,S
2021-06-30T10:38:12,100.0,44.8,B
2021-06-30T10:37:52,1000.0,44.7,S
2021-06-30T10:37:41,5000.0,44.7,S
2021-06-30T10:37:39,500.0,44.7,S
2021-06-30T10:37:28,600.0,44.7,S
2021-06-30T10:37:14,100.0,44.7,S
2021-06-30T10:37:08,700.0,44.7,B
2021-06-30T10:37:07,100.0,44.7,B
2021-06-30T10:37:02,5000.0,44.7,B
2021-06-30T10:36:57,100.0,44.7,B
2021-06-30T10:36:49,10000.0,44.6,S
2021-06-30T10:36:41,2000.0,44.7,B
2021-06-30T10:36:41,5000.0,44.7,B
2021-06-30T10:36:28,100.0,44.7,B
2021-06-30T10:36:22,1000.0,44.7,B
2021-06-30T10:36:18,300.0,44.7,B
2021-06-30T10:36:12,100.0,44.7,B
2021-06-30T10:36:11,400.0,44.7,B
2021-06-30T10:36:10,200.0,44.7,B
2021-06-30T10:36:10,500.0,44.6,S
2021-06-30T10:36:07,400.0,44.7,B
2021-06-30T10:36:04,10000.0,44.7,B
2021-06-30T10:35:47,200.0,44.7,B
2021-06-30T10:35:47,100.0,44.7,B
2021-06-30T10:35:46,1000.0,44.6,S
2021-06-30T10:35:44,500.0,44.7,B
2021-06-30T10:35:40,100.0,44.7,B
2021-06-30T10:35:34,200.0,44.7,B
2021-06-30T10:35:33,600.0,44.7,B
2021-06-30T10:35:27,5000.0,44.7,B
2021-06-30T10:35:26,900.0,44.7,B
2021-06-30T10:35:26,100.0,44.7,B
2021-06-30T10:35:22,200.0,44.7,B
2021-06-30T10:35:17,500.0,44.6,S
2021-06-30T10:35:12,100.0,44.7,B
2021-06-30T10:35:10,1500.0,44.7,B
2021-06-30T10:35:09,300.0,44.7,B
2021-06-30T10:35:04,1000.0,44.7,B
2021-06-30T10:35:01,500.0,44.7,B
2021-06-30T10:34:58,100.0,44.7,B
2021-06-30T10:34:55,100.0,44.7,B
2021-06-30T10:34:55,400.0,44.7,B
2021-06-30T10:34:54,500.0,44.7,B
2021-06-30T10:34:51,4000.0,44.7,B
2021-06-30T10:34:40,400.0,44.7,B
2021-06-30T10:34:39,500.0,44.7,B
2021-06-30T10:34:38,100.0,44.7,B
2021-06-30T10:34:30,500.0,44.7,B
2021-06-30T10:34:22,1000.0,44.7,B
2021-06-30T10:34:15,100.0,44.7,B
2021-06-30T10:34:06,2000.0,44.7,B
2021-06-30T10:33:54,3000.0,44.7,B
2021-06-30T10:33:53,300.0,44.7,B
2021-06-30T10:33:49,2000.0,44.7,B
2021-06-30T10:33:40,2000.0,44.7,B
2021-06-30T10:33:37,1100.0,44.6,S
2021-06-30T10:33:36,1000.0,44.6,S
2021-06-30T10:33:36,1500.0,44.7,B
2021-06-30T10:33:35,100.0,44.7,B
2021-06-30T10:33:13,1600.0,44.7,B
2021-06-30T10:33:12,3500.0,44.7,B
2021-06-30T10:33:07,100.0,44.7,B
2021-06-30T10:33:06,2000.0,44.7,B
2021-06-30T10:32:57,500.0,44.7,B
2021-06-30T10:32:55,400.0,44.6,S
2021-06-30T10:32:54,200.0,44.7,B
2021-06-30T10:32:48,1600.0,44.7,B
2021-06-30T10:32:46,800.0,44.7,B
2021-06-30T10:32:40,200.0,44.7,B
2021-06-30T10:32:03,1000.0,44.7,B
2021-06-30T10:31:54,200.0,44.6,S
2021-06-30T10:31:54,500.0,44.6,S
2021-06-30T10:31:40,100.0,44.6,S
2021-06-30T10:31:39,100.0,44.7,B
2021-06-30T10:31:31,1000.0,44.6,S
2021-06-30T10:31:16,100.0,44.6,S
2021-06-30T10:30:50,4000.0,44.6,S
2021-06-30T10:30:33,500.0,44.6,S
2021-06-30T10:30:17,1000.0,44.6,S
2021-06-30T10:30:08,3000.0,44.6,S
2021-06-30T10:30:08,7000.0,44.6,S
2021-06-30T10:30:00,6000.0,44.6,S
2021-06-30T10:29:56,900.0,44.6,S
2021-06-30T10:29:50,2000.0,44.6,S
2021-06-30T10:29:32,500.0,44.6,S
2021-06-30T10:29:24,1000.0,44.6,S
2021-06-30T10:29:17,100.0,44.6,S
2021-06-30T10:29:08,200.0,44.6,S
2021-06-30T10:29:04,2200.0,44.7,B
2021-06-30T10:29:02,500.0,44.7,B
2021-06-30T10:29:01,13200.0,44.6,S
2021-06-30T10:28:40,1600.0,44.6,S
2021-06-30T10:28:32,1000.0,44.6,S
2021-06-30T10:28:30,2300.0,44.6,S
2021-06-30T10:28:29,2000.0,44.6,S
2021-06-30T10:28:15,500.0,44.6,S
2021-06-30T10:28:14,1000.0,44.7,B
2021-06-30T10:28:12,100.0,44.6,S
2021-06-30T10:28:10,500.0,44.6,S
2021-06-30T10:28:08,9000.0,44.6,S
2021-06-30T10:27:57,38000.0,44.6,S
2021-06-30T10:27:56,100.0,44.7,B
2021-06-30T10:27:52,2000.0,44.7,B
2021-06-30T10:27:52,4700.0,44.6,S
2021-06-30T10:27:47,5000.0,44.6,S
2021-06-30T10:27:45,500.0,44.7,B
2021-06-30T10:27:41,2000.0,44.6,S
2021-06-30T10:27:37,7000.0,44.6,S
2021-06-30T10:27:31,26000.0,44.6,S
2021-06-30T10:27:23,500.0,44.7,B
2021-06-30T10:27:17,1100.0,44.6,S
2021-06-30T10:26:55,1000.0,44.6,S
2021-06-30T10:26:47,100.0,44.7,B
2021-06-30T10:26:39,400.0,44.7,B
2021-06-30T10:26:37,10000.0,44.7,B
2021-06-30T10:26:26,2000.0,44.6,S
2021-06-30T10:26:23,100.0,44.7,B
2021-06-30T10:26:22,1000.0,44.7,B
2021-06-30T10:26:20,2000.0,44.6,S
2021-06-30T10:26:15,200.0,44.7,B
2021-06-30T10:26:15,900.0,44.7,B
2021-06-30T10:26:07,300.0,44.7,B
2021-06-30T10:25:55,1000.0,44.7,B
2021-06-30T10:25:49,400.0,44.7,B
2021-06-30T10:25:48,500.0,44.6,S
2021-06-30T10:25:47,100.0,44.6,S
2021-06-30T10:25:46,200.0,44.7,B
2021-06-30T10:25:43,100.0,44.7,B
2021-06-30T10:25:41,2200.0,44.7,S
2021-06-30T10:25:34,100.0,44.7,S
2021-06-30T10:25:26,1000.0,44.7,S
2021-06-30T10:25:21,1000.0,44.7,S
2021-06-30T10:25:21,2000.0,44.7,S
2021-06-30T10:25:18,12600.0,44.7,S
2021-06-30T10:25:10,1000.0,44.7,S
2021-06-30T10:24:53,300.0,44.7,S
2021-06-30T10:24:49,600.0,44.7,S
2021-06-30T10:24:45,400.0,44.8,B
2021-06-30T10:24:30,2000.0,44.8,B
2021-06-30T10:24:27,2000.0,44.7,S
2021-06-30T10:24:20,400.0,44.7,S
2021-06-30T10:24:14,8000.0,44.8,B
2021-06-30T10:23:40,200.0,44.8,B
2021-06-30T10:23:29,100.0,44.8,B
2021-06-30T10:23:26,500.0,44.7,S
2021-06-30T10:23:03,1000.0,44.7,S
2021-06-30T10:22:59,800.0,44.8,B
2021-06-30T10:22:52,6000.0,44.7,S
2021-06-30T10:22:51,200.0,44.7,S
2021-06-30T10:22:40,100.0,44.8,B
2021-06-30T10:22:39,200.0,44.8,B
2021-06-30T10:22:27,200.0,44.7,S
2021-06-30T10:22:23,900.0,44.8,B
2021-06-30T10:22:21,500.0,44.8,B
2021-06-30T10:22:14,100.0,44.8,B
2021-06-30T10:21:55,300.0,44.8,B
2021-06-30T10:21:49,400.0,44.7,B
2021-06-30T10:21:45,100.0,44.6,S
2021-06-30T10:21:44,200.0,44.7,B
2021-06-30T10:21:43,200.0,44.7,B
2021-06-30T10:21:42,200.0,44.7,B
2021-06-30T10:21:41,500.0,44.7,B
2021-06-30T10:21:39,200.0,44.7,B
2021-06-30T10:21:35,100.0,44.7,B
2021-06-30T10:21:32,100.0,44.7,B
2021-06-30T10:21:29,100.0,44.7,B
2021-06-30T10:21:27,100.0,44.7,B
2021-06-30T10:21:21,300.0,44.7,B
2021-06-30T10:21:20,100.0,44.7,B
2021-06-30T10:21:18,1000.0,44.7,B
2021-06-30T10:21:17,100.0,44.7,B
2021-06-30T10:21:06,1000.0,44.7,B
2021-06-30T10:21:04,400.0,44.6,S
2021-06-30T10:21:03,100.0,44.7,B
2021-06-30T10:21:02,1000.0,44.7,B
2021-06-30T10:21:00,300.0,44.7,B
2021-06-30T10:20:59,100.0,44.7,B
2021-06-30T10:20:56,1000.0,44.6,S
2021-06-30T10:20:55,500.0,44.7,B
2021-06-30T10:20:54,200.0,44.7,S
2021-06-30T10:20:54,3200.0,44.7,S
2021-06-30T10:20:53,7300.0,44.7,S
2021-06-30T10:20:40,20000.0,44.7,S
2021-06-30T10:20:35,1300.0,44.8,B
2021-06-30T10:20:19,500.0,44.7,S
2021-06-30T10:19:41,2000.0,44.7,S
2021-06-30T10:19:29,600.0,44.7,B
2021-06-30T10:19:27,100.0,44.7,B
2021-06-30T10:19:24,5000.0,44.7,B
2021-06-30T10:19:24,100.0,44.7,B
2021-06-30T10:19:24,100.0,44.7,B
2021-06-30T10:19:22,100.0,44.7,B
2021-06-30T10:19:21,500.0,44.7,B
2021-06-30T10:19:19,2300.0,44.7,B
2021-06-30T10:19:11,500.0,44.7,B
2021-06-30T10:19:08,7000.0,44.7,B
2021-06-30T10:19:07,200.0,44.7,B
2021-06-30T10:19:03,300.0,44.7,B
2021-06-30T10:18:56,100.0,44.7,B
2021-06-30T10:18:54,200.0,44.6,S
2021-06-30T10:18:49,1200.0,44.7,B
2021-06-30T10:18:43,1500.0,44.7,B
2021-06-30T10:18:42,500.0,44.6,S
2021-06-30T10:18:40,200.0,44.7,B
2021-06-30T10:18:38,500.0,44.7,B
2021-06-30T10:18:34,300.0,44.7,B
2021-06-30T10:18:33,200.0,44.7,B
2021-06-30T10:18:32,200.0,44.7,B
2021-06-30T10:18:30,500.0,44.7,B
2021-06-30T10:18:28,500.0,44.6,S
2021-06-30T10:18:27,10000.0,44.6,S
2021-06-30T10:18:22,500.0,44.7,B
2021-06-30T10:18:21,1000.0,44.7,B
2021-06-30T10:18:17,1000.0,44.7,B
2021-06-30T10:18:16,3500.0,44.7,B
2021-06-30T10:18:09,100.0,44.7,B
2021-06-30T10:18:08,500.0,44.7,B
2021-06-30T10:18:06,10000.0,44.6,S
2021-06-30T10:18:02,100.0,44.7,B
2021-06-30T10:17:59,1000.0,44.7,B
2021-06-30T10:17:58,1000.0,44.7,B
2021-06-30T10:17:55,1000.0,44.7,B
2021-06-30T10:17:51,1000.0,44.7,B
2021-06-30T10:17:51,100.0,44.7,B
2021-06-30T10:17:49,20400.0,44.6,S
2021-06-30T10:17:48,500.0,44.7,B
2021-06-30T10:17:47,500.0,44.7,B
2021-06-30T10:17:45,100.0,44.7,B
2021-06-30T10:17:42,100.0,44.7,B
2021-06-30T10:17:38,200.0,44.7,B
2021-06-30T10:17:26,300.0,44.7,B
2021-06-30T10:17:22,100.0,44.7,B
2021-06-30T10:17:22,100.0,44.7,B
2021-06-30T10:17:19,100.0,44.7,B
2021-06-30T10:17:19,100.0,44.7,B
2021-06-30T10:17:18,200.0,44.7,B
2021-06-30T10:17:14,100.0,44.7,B
2021-06-30T10:17:13,100.0,44.7,B
2021-06-30T10:17:10,100.0,44.7,B
2021-06-30T10:17:04,7000.0,44.7,B
2021-06-30T10:17:02,100.0,44.7,B
2021-06-30T10:17:00,4000.0,44.7,B
2021-06-30T10:16:54,100.0,44.7,B
2021-06-30T10:16:54,400.0,44.7,B
2021-06-30T10:16:52,5200.0,44.7,B
2021-06-30T10:16:50,200.0,44.6,S
2021-06-30T10:16:47,600.0,44.7,B
2021-06-30T10:16:43,1000.0,44.6,S
2021-06-30T10:16:37,1100.0,44.7,B
2021-06-30T10:16:29,100.0,44.7,B
2021-06-30T10:16:27,800.0,44.6,S
2021-06-30T10:16:26,100.0,44.7,B
2021-06-30T10:16:20,500.0,44.6,S
2021-06-30T10:16:20,1300.0,44.6,S
2021-06-30T10:16:12,2600.0,44.7,B
2021-06-30T10:16:12,100.0,44.7,B
2021-06-30T10:16:09,1000.0,44.7,B
2021-06-30T10:16:07,100.0,44.7,B
2021-06-30T10:16:05,1500.0,44.6,S
2021-06-30T10:16:02,1000.0,44.7,B
2021-06-30T10:16:02,100.0,44.7,B
2021-06-30T10:16:01,1400.0,44.7,B
2021-06-30T10:16:00,2000.0,44.7,B
2021-06-30T10:15:53,100.0,44.7,B
2021-06-30T10:15:51,700.0,44.7,B
2021-06-30T10:15:49,900.0,44.7,B
2021-06-30T10:15:45,1000.0,44.7,B
2021-06-30T10:15:45,100.0,44.7,B
2021-06-30T10:15:44,500.0,44.7,B
2021-06-30T10:15:39,1000.0,44.7,B
2021-06-30T10:15:37,300.0,44.7,B
2021-06-30T10:15:36,100.0,44.7,B
2021-06-30T10:15:34,300.0,44.7,B
2021-06-30T10:15:34,300.0,44.7,B
2021-06-30T10:15:31,2000.0,44.7,B
2021-06-30T10:15:29,100.0,44.7,B
2021-06-30T10:15:24,500.0,44.7,B
2021-06-30T10:15:23,2000.0,44.7,B
2021-06-30T10:15:18,100.0,44.7,B
2021-06-30T10:15:16,100.0,44.7,B
2021-06-30T10:15:04,800.0,44.7,B
2021-06-30T10:14:56,200.0,44.6,S
2021-06-30T10:14:47,200.0,44.7,B
2021-06-30T10:14:45,500.0,44.7,B
2021-06-30T10:14:37,300.0,44.7,B
2021-06-30T10:14:35,1000.0,44.6,S
2021-06-30T10:14:33,9000.0,44.7,S
2021-06-30T10:14:32,100.0,44.7,S
2021-06-30T10:14:31,1400.0,44.7,S
2021-06-30T10:14:23,5000.0,44.7,S
2021-06-30T10:14:18,200.0,44.7,S
2021-06-30T10:14:15,500.0,44.7,S
2021-06-30T10:14:14,15000.0,44.7,S
2021-06-30T10:14:12,11600.0,44.7,S
2021-06-30T10:14:11,18800.0,44.7,S
2021-06-30T10:14:01,100.0,44.8,B
2021-06-30T10:13:59,200.0,44.8,B
2021-06-30T10:13:57,600.0,44.8,B
2021-06-30T10:13:57,15000.0,44.7,S
2021-06-30T10:13:53,1000.0,44.8,B
2021-06-30T10:13:36,100.0,44.8,B
2021-06-30T10:13:32,1000.0,44.7,S
2021-06-30T10:13:29,500.0,44.8,B
2021-06-30T10:13:20,1600.0,44.8,B
2021-06-30T10:13:19,100.0,44.8,B
2021-06-30T10:13:12,200.0,44.8,B
2021-06-30T10:13:12,500.0,44.8,B
2021-06-30T10:13:09,300.0,44.8,B
2021-06-30T10:13:05,1000.0,44.8,B
2021-06-30T10:13:00,200.0,44.8,B
2021-06-30T10:12:58,200.0,44.8,B
2021-06-30T10:12:32,15200.0,44.8,S
2021-06-30T10:12:31,1000.0,44.8,S
2021-06-30T10:12:29,1600.0,44.8,S
2021-06-30T10:12:29,10000.0,44.9,B
2021-06-30T10:12:28,1100.0,44.8,S
2021-06-30T10:12:27,600.0,44.8,S
2021-06-30T10:12:26,2100.0,44.8,S
2021-06-30T10:12:21,3300.0,44.8,S
2021-06-30T10:12:19,63000.0,44.8,S
2021-06-30T10:12:15,30000.0,44.8,S
2021-06-30T10:12:15,200.0,44.8,S
2021-06-30T10:12:07,200.0,44.8,S
2021-06-30T10:12:06,5000.0,44.8,S
2021-06-30T10:12:05,1300.0,44.8,S
2021-06-30T10:12:03,2000.0,44.8,S
2021-06-30T10:11:36,500.0,44.8,S
2021-06-30T10:11:23,600.0,44.9,B
2021-06-30T10:10:59,100.0,44.9,B
2021-06-30T10:10:48,900.0,44.9,B
2021-06-30T10:10:44,300.0,44.9,B
2021-06-30T10:10:38,100.0,44.8,S
2021-06-30T10:10:30,300.0,44.8,S
2021-06-30T10:10:21,1000.0,44.8,S
2021-06-30T10:10:14,10200.0,44.8,S
2021-06-30T10:10:13,1000.0,44.9,B
2021-06-30T10:10:10,10000.0,44.9,B
2021-06-30T10:10:00,1700.0,44.8,S
2021-06-30T10:09:55,300.0,44.8,S
2021-06-30T10:09:54,200.0,44.9,B
2021-06-30T10:09:44,800.0,44.9,B
2021-06-30T10:09:26,1000.0,44.8,S
2021-06-30T10:09:22,3900.0,44.9,B
2021-06-30T10:09:14,200.0,44.8,S
2021-06-30T10:09:14,500.0,44.8,S
2021-06-30T10:09:06,400.0,44.8,S
2021-06-30T10:09:00,200.0,44.8,S
2021-06-30T10:08:58,4300.0,44.8,S
2021-06-30T10:08:20,300.0,44.8,S
2021-06-30T10:08:15,500.0,44.9,B
2021-06-30T10:08:14,1000.0,44.8,S
2021-06-30T10:08:13,2000.0,44.8,S
2021-06-30T10:07:57,800.0,44.8,S
2021-06-30T10:07:54,100.0,44.9,B
2021-06-30T10:07:36,7500.0,44.9,B
2021-06-30T10:07:22,10000.0,44.8,S
2021-06-30T10:07:21,100.0,44.9,B
2021-06-30T10:07:03,400.0,44.8,S
2021-06-30T10:06:51,400.0,44.8,S
2021-06-30T10:06:44,1000.0,44.8,S
2021-06-30T10:06:28,500.0,44.9,B
2021-06-30T10:06:07,1000.0,44.8,S
2021-06-30T10:06:03,200.0,44.9,B
2021-06-30T10:05:51,100.0,44.9,B
2021-06-30T10:05:45,200.0,44.9,B
2021-06-30T10:05:44,3200.0,44.9,B
2021-06-30T10:05:43,200.0,44.9,B
2021-06-30T10:05:38,200.0,44.9,B
2021-06-30T10:05:36,200.0,44.9,B
2021-06-30T10:05:34,400.0,44.9,B
2021-06-30T10:05:28,4600.0,44.9,B
2021-06-30T10:05:19,100.0,44.9,B
2021-06-30T10:05:04,100.0,44.9,B
2021-06-30T10:05:00,500.0,44.9,B
2021-06-30T10:04:52,100.0,44.9,B
2021-06-30T10:04:41,100.0,44.9,B
2021-06-30T10:04:28,500.0,44.8,S
2021-06-30T10:04:22,800.0,45.0,B
2021-06-30T10:04:21,200.0,44.9,B
2021-06-30T10:04:19,4300.0,44.9,B
2021-06-30T10:04:11,500.0,44.9,S
2021-06-30T10:04:09,100.0,44.9,S
2021-06-30T10:04:09,500.0,44.9,S
2021-06-30T10:04:08,100.0,45.0,B
2021-06-30T10:04:06,10000.0,44.9,S
2021-06-30T10:04:00,1100.0,44.9,S
2021-06-30T10:03:57,1000.0,44.9,S
2021-06-30T10:03:57,1500.0,44.9,S
2021-06-30T10:03:56,500.0,44.9,S
2021-06-30T10:03:55,1400.0,44.9,S
2021-06-30T10:03:53,10000.0,44.9,S
2021-06-30T10:03:52,5000.0,44.9,S
2021-06-30T10:03:51,1000.0,44.9,S
2021-06-30T10:03:49,1000.0,44.9,S
2021-06-30T10:03:49,4300.0,44.9,S
2021-06-30T10:03:47,15100.0,44.9,S
2021-06-30T10:03:39,2000.0,44.9,S
2021-06-30T10:03:30,19900.0,44.9,S
2021-06-30T10:03:25,8200.0,44.9,S
2021-06-30T10:03:10,2000.0,44.9,S
2021-06-30T10:03:10,500.0,44.9,S
2021-06-30T10:03:02,10000.0,44.9,S
2021-06-30T10:02:58,500.0,44.9,S
2021-06-30T10:02:54,900.0,44.9,S
2021-06-30T10:02:39,200.0,44.9,S
2021-06-30T10:02:32,2000.0,44.9,S
2021-06-30T10:02:29,14600.0,44.9,S
2021-06-30T10:02:07,500.0,44.9,S
2021-06-30T10:01:58,500.0,44.9,S
2021-06-30T10:01:55,400.0,45.0,B
2021-06-30T10:01:53,1000.0,44.9,S
2021-06-30T10:01:52,5000.0,44.9,S
2021-06-30T10:01:39,200.0,44.9,S
2021-06-30T10:01:29,600.0,45.0,B
2021-06-30T10:01:28,400.0,45.0,B
2021-06-30T10:01:25,500.0,45.0,B
2021-06-30T10:01:19,5600.0,45.0,S
2021-06-30T10:01:18,39600.0,45.0,S
2021-06-30T10:01:13,3000.0,45.0,S
2021-06-30T10:01:01,500.0,45.0,S
2021-06-30T10:01:01,1200.0,45.0,S
2021-06-30T10:00:53,100.0,45.0,S
2021-06-30T10:00:43,1000.0,45.0,S
2021-06-30T10:00:39,1000.0,45.0,S
2021-06-30T10:00:36,1000.0,45.0,S
2021-06-30T10:00:31,100.0,45.0,S
2021-06-30T10:00:27,1000.0,45.0,S
2021-06-30T10:00:27,10000.0,45.1,B
2021-06-30T10:00:25,10000.0,45.0,S
2021-06-30T10:00:21,600.0,45.0,S
2021-06-30T10:00:20,1000.0,45.0,S
2021-06-30T10:00:10,3100.0,45.0,S
2021-06-30T09:59:57,2000.0,45.0,S
2021-06-30T09:59:54,1800.0,45.0,S
2021-06-30T09:59:49,1200.0,45.0,S
2021-06-30T09:59:46,1000.0,45.0,S
2021-06-30T09:59:45,500.0,45.0,S
2021-06-30T09:59:37,1000.0,45.0,S
2021-06-30T09:59:32,1000.0,45.0,S
2021-06-30T09:59:26,1000.0,45.0,S
2021-06-30T09:59:20,100.0,45.0,S
2021-06-30T09:58:50,5500.0,45.0,S
2021-06-30T09:58:33,1100.0,45.1,B
2021-06-30T09:58:27,500.0,45.1,B
2021-06-30T09:58:21,2500.0,45.0,S
2021-06-30T09:58:18,2000.0,45.1,B
2021-06-30T09:58:18,100.0,45.1,B
2021-06-30T09:58:03,500.0,45.1,B
2021-06-30T09:57:53,1100.0,45.0,S
2021-06-30T09:57:39,1100.0,45.0,S
2021-06-30T09:57:29,1000.0,45.1,B
2021-06-30T09:57:24,2700.0,45.0,S
2021-06-30T09:57:23,500.0,45.0,S
2021-06-30T09:56:48,5200.0,45.0,S
2021-06-30T09:56:43,300.0,45.0,S
2021-06-30T09:56:41,1000.0,45.0,S
2021-06-30T09:56:40,200.0,45.0,S
2021-06-30T09:56:22,100.0,45.0,S
2021-06-30T09:56:11,200.0,45.1,B
2021-06-30T09:55:54,10000.0,45.0,S
2021-06-30T09:55:47,100.0,45.1,B
2021-06-30T09:55:40,100.0,45.1,B
2021-06-30T09:55:39,500.0,45.0,S
2021-06-30T09:55:32,1000.0,45.0,S
2021-06-30T09:55:25,100.0,45.1,B
2021-06-30T09:55:22,35000.0,45.0,S
2021-06-30T09:55:19,2000.0,45.0,S
2021-06-30T09:55:02,100.0,45.1,B
2021-06-30T09:55:00,400.0,45.0,S
2021-06-30T09:54:54,1000.0,45.0,S
2021-06-30T09:54:37,500.0,45.0,S
2021-06-30T09:54:17,2000.0,45.0,S
2021-06-30T09:54:17,1000.0,45.1,B
2021-06-30T09:54:14,100.0,45.1,B
2021-06-30T09:54:05,10000.0,45.0,S
2021-06-30T09:54:01,100.0,45.1,B
2021-06-30T09:53:53,300.0,45.1,B
2021-06-30T09:53:50,100.0,45.1,B
2021-06-30T09:53:49,700.0,45.1,B
2021-06-30T09:53:48,300.0,45.1,B
2021-06-30T09:53:48,400.0,45.1,B
2021-06-30T09:53:43,200.0,45.1,B
2021-06-30T09:53:42,26000.0,45.1,B
2021-06-30T09:53:39,200.0,45.1,B
2021-06-30T09:53:34,1200.0,45.1,S
2021-06-30T09:53:25,3000.0,45.1,S
2021-06-30T09:53:25,1000.0,45.1,S
2021-06-30T09:53:22,5000.0,45.1,S
2021-06-30T09:53:20,200.0,45.1,S
2021-06-30T09:53:10,100.0,45.2,B
2021-06-30T09:53:02,400.0,45.1,S
2021-06-30T09:53:01,21800.0,45.1,S
2021-06-30T09:52:56,10000.0,45.1,S
2021-06-30T09:52:48,600.0,45.1,S
2021-06-30T09:52:46,300.0,45.2,B
2021-06-30T09:52:38,500.0,45.1,S
2021-06-30T09:52:36,1000.0,45.2,B
2021-06-30T09:52:28,1000.0,45.2,B
2021-06-30T09:52:23,100.0,45.2,B
2021-06-30T09:52:23,100.0,45.2,B
2021-06-30T09:52:16,2100.0,45.2,B
2021-06-30T09:52:13,400.0,45.2,B
2021-06-30T09:52:13,4900.0,45.1,S
2021-06-30T09:52:12,1000.0,45.2,B
2021-06-30T09:51:56,500.0,45.2,B
2021-06-30T09:51:54,2500.0,45.2,B
2021-06-30T09:51:34,1000.0,45.2,B
2021-06-30T09:51:24,100.0,45.2,B
2021-06-30T09:51:21,1100.0,45.2,B
2021-06-30T09:51:18,1600.0,45.2,B
2021-06-30T09:51:18,1100.0,45.1,S
2021-06-30T09:51:15,400.0,45.2,B
2021-06-30T09:51:09,1500.0,45.2,B
2021-06-30T09:51:06,100.0,45.2,B
2021-06-30T09:51:00,500.0,45.2,B
2021-06-30T09:50:56,200.0,45.2,B
2021-06-30T09:50:53,1000.0,45.2,B
2021-06-30T09:50:52,14900.0,45.2,B
2021-06-30T09:50:37,200.0,45.2,S
2021-06-30T09:50:29,2000.0,45.3,B
2021-06-30T09:50:26,17700.0,45.3,B
2021-06-30T09:50:24,200.0,45.2,S
2021-06-30T09:50:18,200.0,45.2,S
2021-06-30T09:50:16,500.0,45.2,S
2021-06-30T09:50:13,100.0,45.3,B
2021-06-30T09:49:56,2400.0,45.2,S
2021-06-30T09:49:54,500.0,45.3,B
2021-06-30T09:49:51,500.0,45.2,S
2021-06-30T09:49:36,4500.0,45.2,S
2021-06-30T09:49:36,13600.0,45.2,S
2021-06-30T09:49:34,1000.0,45.2,B
2021-06-30T09:49:28,1200.0,45.2,B
2021-06-30T09:49:11,5200.0,45.2,B
2021-06-30T09:49:11,1000.0,45.1,S
2021-06-30T09:49:01,400.0,45.2,B
2021-06-30T09:48:48,1700.0,45.2,B
2021-06-30T09:48:44,1000.0,45.1,S
2021-06-30T09:48:25,100.0,45.1,S
2021-06-30T09:48:16,3000.0,45.1,S
2021-06-30T09:47:54,300.0,45.1,S
2021-06-30T09:47:54,1500.0,45.1,S
2021-06-30T09:47:46,100.0,45.1,S
2021-06-30T09:47:32,4000.0,45.1,S
2021-06-30T09:47:27,500.0,45.1,S
2021-06-30T09:47:19,2500.0,45.2,B
2021-06-30T09:47:04,200.0,45.1,S
2021-06-30T09:47:04,800.0,45.1,S
2021-06-30T09:46:43,500.0,45.1,S
2021-06-30T09:46:31,100.0,45.1,S
2021-06-30T09:46:18,200.0,45.1,S
2021-06-30T09:46:08,100.0,45.1,S
2021-06-30T09:46:03,100.0,45.1,S
2021-06-30T09:45:32,500.0,45.1,S
2021-06-30T09:45:31,300.0,45.1,S
2021-06-30T09:45:01,1000.0,45.1,S
2021-06-30T09:44:57,1000.0,45.1,S
2021-06-30T09:44:38,1500.0,45.1,B
2021-06-30T09:44:36,10000.0,45.1,B
2021-06-30T09:44:33,500.0,45.1,B
2021-06-30T09:44:30,500.0,45.1,B
2021-06-30T09:44:27,100.0,45.1,B
2021-06-30T09:44:21,100.0,45.1,B
2021-06-30T09:44:19,300.0,45.1,B
2021-06-30T09:44:19,800.0,45.1,B
2021-06-30T09:44:16,1000.0,45.1,B
2021-06-30T09:44:07,300.0,45.1,B
2021-06-30T09:43:54,500.0,45.0,S
2021-06-30T09:43:48,200.0,45.0,S
2021-06-30T09:43:39,1000.0,45.1,B
2021-06-30T09:43:31,100.0,45.0,S
2021-06-30T09:43:31,200.0,45.0,S
2021-06-30T09:43:21,1000.0,45.0,S
2021-06-30T09:43:12,100.0,45.0,S
2021-06-30T09:43:08,400.0,45.0,S
2021-06-30T09:43:08,200.0,45.0,S
2021-06-30T09:43:05,1300.0,45.0,S
2021-06-30T09:43:03,2300.0,45.0,S
2021-06-30T09:42:53,100.0,45.0,S
2021-06-30T09:42:50,1100.0,45.0,S
2021-06-30T09:42:38,100.0,45.0,S
2021-06-30T09:42:36,11000.0,45.0,S
2021-06-30T09:42:34,2900.0,45.0,S
2021-06-30T09:41:59,600.0,45.0,S
2021-06-30T09:41:56,300.0,45.0,S
2021-06-30T09:41:41,200.0,45.0,S
2021-06-30T09:41:26,3500.0,45.0,S
2021-06-30T09:41:23,500.0,45.0,S
2021-06-30T09:41:13,500.0,45.1,B
2021-06-30T09:41:11,400.0,45.1,B
2021-06-30T09:40:46,500.0,45.0,S
2021-06-30T09:40:43,1000.0,45.0,S
2021-06-30T09:40:34,100.0,45.1,B
2021-06-30T09:40:27,8500.0,45.0,S
2021-06-30T09:40:09,100.0,45.1,B
2021-06-30T09:39:55,1100.0,45.0,S
2021-06-30T09:39:50,200.0,45.0,S
2021-06-30T09:39:48,100.0,45.0,S
2021-06-30T09:39:43,100.0,45.0,S
2021-06-30T09:39:34,100.0,45.0,S
2021-06-30T09:39:23,100.0,45.0,S
2021-06-30T09:39:21,100.0,45.0,S
2021-06-30T09:39:17,100.0,45.0,S
2021-06-30T09:39:11,200.0,45.0,B
2021-06-30T09:39:10,200.0,45.0,B
2021-06-30T09:39:10,600.0,45.0,B
2021-06-30T09:39:07,5000.0,44.9,S
2021-06-30T09:39:02,600.0,45.0,S
2021-06-30T09:38:54,2200.0,45.1,B
2021-06-30T09:38:36,2000.0,45.0,S
2021-06-30T09:38:32,10000.0,45.1,B
2021-06-30T09:38:31,1000.0,45.0,S
2021-06-30T09:38:25,500.0,45.0,S
2021-06-30T09:38:25,2400.0,45.0,S
2021-06-30T09:38:24,1000.0,45.0,S
2021-06-30T09:38:21,300.0,45.0,S
2021-06-30T09:38:04,500.0,45.0,B
2021-06-30T09:38:04,1000.0,44.9,S
2021-06-30T09:37:57,600.0,45.0,S
2021-06-30T09:37:49,100.0,45.0,S
2021-06-30T09:37:41,10000.0,45.0,S
2021-06-30T09:37:40,1000.0,45.0,S
2021-06-30T09:37:36,200.0,45.0,S
2021-06-30T09:37:12,2000.0,45.0,S
2021-06-30T09:36:58,2000.0,45.0,S
2021-06-30T09:36:38,1300.0,45.1,B
2021-06-30T09:36:35,700.0,45.0,S
2021-06-30T09:36:28,1100.0,45.0,S
2021-06-30T09:36:26,15400.0,45.0,S
2021-06-30T09:36:25,3000.0,45.0,S
2021-06-30T09:36:07,200.0,45.0,S
2021-06-30T09:36:03,500.0,45.0,S
2021-06-30T09:36:01,300.0,45.0,B
2021-06-30T09:36:01,1000.0,45.0,B
2021-06-30T09:35:54,500.0,45.0,B
2021-06-30T09:35:52,1700.0,45.0,B
2021-06-30T09:35:51,100.0,45.0,B
2021-06-30T09:35:49,500.0,45.0,B
2021-06-30T09:35:42,100.0,45.0,B
2021-06-30T09:35:34,400.0,45.0,S
2021-06-30T09:35:14,5000.0,45.0,B
2021-06-30T09:35:13,500.0,45.0,B
2021-06-30T09:35:04,1000.0,45.0,B
2021-06-30T09:34:49,4000.0,44.9,S
2021-06-30T09:34:44,10300.0,44.9,S
2021-06-30T09:34:42,1500.0,44.9,S
2021-06-30T09:34:39,100.0,44.9,S
2021-06-30T09:34:22,1000.0,44.9,S
2021-06-30T09:34:18,200.0,44.9,S
2021-06-30T09:33:42,500.0,44.9,S
2021-06-30T09:33:38,100.0,45.0,B
2021-06-30T09:33:36,100.0,45.0,B
2021-06-30T09:33:35,100.0,45.0,B
2021-06-30T09:33:16,300.0,45.0,B
2021-06-30T09:33:05,3200.0,44.9,S
2021-06-30T09:32:55,300.0,45.0,B
2021-06-30T09:32:53,4500.0,44.9,S
2021-06-30T09:32:33,500.0,44.9,S
2021-06-30T09:32:33,100.0,45.0,B
2021-06-30T09:32:16,1000.0,44.9,S
2021-06-30T09:32:13,300.0,45.0,B
2021-06-30T09:32:11,200.0,45.0,B
2021-06-30T09:32:07,400.0,45.0,B
2021-06-30T09:32:04,700.0,45.0,B
2021-06-30T09:32:04,100.0,45.0,B
2021-06-30T09:32:00,500.0,45.0,B
2021-06-30T09:31:55,100.0,45.0,B
2021-06-30T09:31:42,100.0,45.0,B
2021-06-30T09:31:31,600.0,45.0,S
2021-06-30T09:31:26,1000.0,45.1,B
2021-06-30T09:31:26,1100.0,45.0,B
2021-06-30T09:31:24,500.0,45.0,B
2021-06-30T09:31:20,5000.0,45.0,S
2021-06-30T09:31:19,400.0,45.0,S
2021-06-30T09:31:06,2500.0,45.0,S
2021-06-30T09:30:56,5000.0,45.0,S
2021-06-30T09:30:52,100.0,45.1,B
2021-06-30T09:30:50,100.0,45.1,B
2021-06-30T09:30:48,600.0,45.0,S
2021-06-30T09:30:46,20000.0,45.0,S
2021-06-30T09:30:41,5000.0,45.0,S
2021-06-30T09:30:40,300.0,45.0,S
2021-06-30T09:30:38,100.0,45.1,B
2021-06-30T09:30:32,900.0,45.0,S
2021-06-30T09:30:30,20000.0,45.2,B
2021-06-30T09:30:28,500.0,45.0,S
2021-06-30T09:30:24,100.0,45.1,B
2021-06-30T09:30:21,100.0,45.1,B
2021-06-30T09:30:16,1800.0,45.1,B
2021-06-30T09:30:08,1100.0,45.1,S
2021-06-30T09:30:04,200.0,45.2,B
2021-06-30T09:29:59,100.0,45.1,S
2021-06-30T09:29:57,1000.0,45.2,B
2021-06-30T09:29:55,600.0,45.2,B
2021-06-30T09:29:47,100.0,45.2,B
2021-06-30T09:29:42,5000.0,45.2,B
2021-06-30T09:29:25,700.0,45.2,S
2021-06-30T09:29:22,2300.0,45.2,S
2021-06-30T09:29:21,100.0,45.2,S
2021-06-30T09:29:13,500.0,45.2,S
2021-06-30T09:29:11,500.0,45.2,S
2021-06-30T09:28:59,300.0,45.2,S
2021-06-30T09:28:56,500.0,45.2,S
2021-06-30T09:28:54,200.0,45.3,B
2021-06-30T09:28:50,500.0,45.3,B
2021-06-30T09:28:46,400.0,45.2,S
2021-06-30T09:28:45,1000.0,45.2,B
2021-06-30T09:28:44,1000.0,45.2,B
2021-06-30T09:28:41,600.0,45.2,S
2021-06-30T09:28:40,100.0,45.3,B
2021-06-30T09:28:37,100.0,45.2,S
2021-06-30T09:28:36,900.0,45.2,S
2021-06-30T09:28:28,300.0,45.2,S
2021-06-30T09:28:28,100.0,45.2,S
2021-06-30T09:28:27,100.0,45.2,S
2021-06-30T09:28:24,2000.0,45.2,S
2021-06-30T09:28:23,3500.0,45.2,S
2021-06-30T09:28:22,1100.0,45.2,S
2021-06-30T09:28:22,200.0,45.2,S
2021-06-30T09:28:21,1500.0,45.2,S
2021-06-30T09:28:18,3000.0,45.2,S
2021-06-30T09:28:15,5000.0,45.2,S
2021-06-30T09:28:15,400.0,45.2,S
2021-06-30T09:28:02,1000.0,45.2,S
2021-06-30T09:27:09,100.0,45.2,B
2021-06-30T09:27:06,300.0,45.2,B
2021-06-30T09:27:05,200.0,45.2,B
2021-06-30T09:26:55,100.0,45.2,B
2021-06-30T09:26:55,500.0,45.2,B
2021-06-30T09:26:53,400.0,45.2,B
2021-06-30T09:26:38,200.0,45.2,B
2021-06-30T09:26:34,500.0,45.1,S
2021-06-30T09:26:33,2000.0,45.2,B
2021-06-30T09:26:31,200.0,45.2,B
2021-06-30T09:26:21,5000.0,45.2,B
2021-06-30T09:26:18,2500.0,45.2,B
2021-06-30T09:26:10,300.0,45.1,B
2021-06-30T09:26:04,700.0,45.1,B
2021-06-30T09:25:59,1700.0,45.1,B
2021-06-30T09:25:57,200.0,45.0,S
2021-06-30T09:25:54,1100.0,45.1,B
2021-06-30T09:25:54,2900.0,45.1,B
2021-06-30T09:25:44,200.0,45.1,B
2021-06-30T09:25:43,200.0,45.1,B
2021-06-30T09:25:42,100.0,45.1,B
2021-06-30T09:25:41,100.0,45.1,B
2021-06-30T09:25:36,2000.0,45.1,B
2021-06-30T09:25:30,18000.0,45.1,B
2021-06-30T09:25:26,900.0,45.0,S
2021-06-30T09:25:14,500.0,45.0,S
2021-06-30T09:25:13,19600.0,45.0,B
2021-06-30T09:25:07,5000.0,44.9,S
2021-06-30T09:24:54,100.0,44.9,S
2021-06-30T09:24:53,500.0,44.9,S
2021-06-30T09:24:46,2000.0,44.9,S
2021-06-30T09:24:34,400.0,44.9,S
2021-06-30T09:24:30,1000.0,44.9,S
2021-06-30T09:24:29,1100.0,44.9,S
2021-06-30T09:24:28,2000.0,44.9,B
2021-06-30T09:24:21,800.0,44.8,S
2021-06-30T09:24:17,100.0,44.9,B
2021-06-30T09:24:13,500.0,44.8,S
2021-06-30T09:24:04,100.0,44.9,B
2021-06-30T09:24:03,500.0,44.9,B
2021-06-30T09:24:00,100.0,44.9,B
2021-06-30T09:23:59,100.0,44.8,S
2021-06-30T09:23:53,400.0,44.9,B
2021-06-30T09:23:51,300.0,44.9,B
2021-06-30T09:23:48,1000.0,44.8,S
2021-06-30T09:23:47,200.0,44.9,B
2021-06-30T09:23:46,100.0,44.9,B
2021-06-30T09:23:45,500.0,44.9,B
2021-06-30T09:23:44,1500.0,44.9,B
2021-06-30T09:23:42,500.0,44.9,B
2021-06-30T09:23:36,9000.0,45.0,B
2021-06-30T09:23:36,600.0,44.9,B
2021-06-30T09:23:33,2000.0,44.9,B
2021-06-30T09:23:31,1000.0,44.9,B
2021-06-30T09:23:31,3400.0,44.8,S
2021-06-30T09:23:29,400.0,44.9,B
2021-06-30T09:23:28,200.0,44.9,B
2021-06-30T09:23:26,5000.0,44.9,B
2021-06-30T09:23:21,200.0,44.9,B
2021-06-30T09:23:14,200.0,44.9,B
2021-06-30T09:23:08,100.0,44.9,B
2021-06-30T09:23:01,100.0,44.9,B
2021-06-30T09:22:58,100.0,44.9,B
2021-06-30T09:22:57,300.0,44.9,B
2021-06-30T09:22:55,100.0,44.9,B
2021-06-30T09:22:53,600.0,44.9,B
2021-06-30T09:22:52,3000.0,44.8,S
2021-06-30T09:22:48,100.0,44.9,B
2021-06-30T09:22:47,100.0,44.9,B
2021-06-30T09:22:45,2000.0,44.9,B
2021-06-30T09:22:43,100.0,44.9,B
2021-06-30T09:22:39,300.0,44.9,B
2021-06-30T09:22:36,100.0,44.9,B
2021-06-30T09:22:34,100.0,44.9,B
2021-06-30T09:22:33,2100.0,44.9,B
2021-06-30T09:22:31,300.0,44.9,B
2021-06-30T09:22:28,100.0,44.9,B
2021-06-30T09:22:16,1000.0,44.9,B
2021-06-30T09:22:15,23000.0,44.8,S
2021-06-30T09:22:13,600.0,44.9,B
2021-06-30T09:22:11,1000.0,44.9,B
2021-06-30T09:22:10,700.0,44.9,B
2021-06-30T09:22:08,300.0,44.9,B
2021-06-30T09:22:07,1000.0,44.8,S
2021-06-30T09:22:06,100.0,44.9,B
2021-06-30T09:22:01,600.0,44.9,B
2021-06-30T09:22:01,500.0,44.9,B
2021-06-30T09:21:59,200.0,44.9,B
2021-06-30T09:21:59,300.0,44.9,B
2021-06-30T09:21:56,3100.0,44.9,B
2021-06-30T09:21:52,200.0,44.9,B
2021-06-30T09:21:51,1000.0,44.9,B
2021-06-30T09:21:50,1400.0,44.9,B
2021-06-30T09:21:48,100.0,44.9,B
2021-06-30T09:21:44,2800.0,44.9,B
2021-06-30T09:21:41,1100.0,44.9,S
2021-06-30T09:21:35,100.0,44.9,S
2021-06-30T09:21:20,100.0,44.9,S
2021-06-30T09:21:18,100.0,44.9,B
2021-06-30T09:21:17,1000.0,44.9,B
2021-06-30T09:21:16,300.0,44.9,B
2021-06-30T09:21:16,1000.0,44.9,B
2021-06-30T09:21:15,100.0,44.9,B
2021-06-30T09:21:14,900.0,44.9,B
2021-06-30T09:21:10,300.0,44.9,B
2021-06-30T09:21:08,200.0,44.9,B
2021-06-30T09:21:05,100.0,44.9,B
2021-06-30T09:21:04,1000.0,44.8,S
2021-06-30T09:21:00,5000.0,44.9,B
2021-06-30T09:20:58,1000.0,44.9,B
2021-06-30T09:20:53,300.0,44.9,B
2021-06-30T09:20:50,200.0,44.9,B
2021-06-30T09:20:48,100.0,44.9,B
2021-06-30T09:20:38,1000.0,44.9,B
2021-06-30T09:20:37,2700.0,44.9,S
2021-06-30T09:20:33,800.0,45.0,B
2021-06-30T09:20:26,1700.0,44.9,S
2021-06-30T09:20:25,300.0,44.9,B
2021-06-30T09:20:22,100.0,44.9,B
2021-06-30T09:20:21,900.0,44.9,B
2021-06-30T09:20:18,1900.0,44.9,B
2021-06-30T09:20:14,2700.0,44.9,B
2021-06-30T09:19:39,100.0,44.9,S
2021-06-30T09:19:39,100.0,44.9,B
2021-06-30T09:19:38,1500.0,44.9,B
2021-06-30T09:19:38,500.0,44.9,B
2021-06-30T09:19:37,2000.0,44.9,B
2021-06-30T09:19:35,1000.0,44.8,S
2021-06-30T09:19:35,500.0,44.9,B
2021-06-30T09:19:34,3400.0,44.9,B
2021-06-30T09:19:31,100.0,44.9,B
2021-06-30T09:19:28,700.0,44.8,S
2021-06-30T09:19:28,500.0,44.9,B
2021-06-30T09:19:26,100.0,44.9,B
2021-06-30T09:19:24,500.0,44.9,B
2021-06-30T09:19:22,200.0,44.9,B
2021-06-30T09:19:18,100.0,44.9,B
2021-06-30T09:19:14,1000.0,44.9,B
2021-06-30T09:19:05,300.0,44.9,B
2021-06-30T09:19:03,300.0,44.9,B
2021-06-30T09:19:00,10000.0,44.9,B
2021-06-30T09:18:54,500.0,44.9,B
2021-06-30T09:18:50,200.0,44.9,B
2021-06-30T09:18:43,500.0,44.9,B
2021-06-30T09:18:40,200.0,44.8,S
2021-06-30T09:18:34,1000.0,44.9,B
2021-06-30T09:18:26,600.0,44.9,B
2021-06-30T09:18:24,1000.0,44.9,B
2021-06-30T09:18:14,1000.0,44.8,S
2021-06-30T09:18:08,2100.0,44.8,S
2021-06-30T09:18:01,1900.0,44.8,S
2021-06-30T09:17:56,200.0,44.8,S
2021-06-30T09:17:55,1000.0,44.9,B
2021-06-30T09:17:48,2300.0,44.8,S
2021-06-30T09:17:42,6700.0,44.9,B
2021-06-30T09:17:38,500.0,44.8,S
2021-06-30T09:17:30,4200.0,44.8,S
2021-06-30T09:17:27,1000.0,44.8,S
2021-06-30T09:17:24,100.0,44.8,S
2021-06-30T09:17:19,200.0,44.9,B
2021-06-30T09:17:14,200.0,44.8,S
2021-06-30T09:17:11,300.0,44.8,S
2021-06-30T09:17:10,500.0,44.8,S
2021-06-30T09:17:06,500.0,44.8,S
2021-06-30T09:17:01,1800.0,44.9,B
2021-06-30T09:16:56,60000.0,44.7,S
2021-06-30T09:16:47,2000.0,44.8,S
2021-06-30T09:16:38,200.0,44.8,S
2021-06-30T09:16:34,6000.0,44.7,S
2021-06-30T09:16:33,2300.0,44.8,B
2021-06-30T09:16:25,200.0,44.8,B
2021-06-30T09:16:24,500.0,44.8,B
2021-06-30T09:16:20,300.0,44.8,B
2021-06-30T09:16:14,1200.0,44.7,S
2021-06-30T09:16:14,500.0,44.8,B
2021-06-30T09:16:11,100.0,44.8,B
2021-06-30T09:16:10,300.0,44.7,S
2021-06-30T09:16:06,200.0,44.8,B
2021-06-30T09:16:05,500.0,44.8,B
2021-06-30T09:16:00,100.0,44.8,B
2021-06-30T09:16:00,1000.0,44.8,B
2021-06-30T09:15:58,100.0,44.8,B
2021-06-30T09:15:57,200.0,44.8,B
2021-06-30T09:15:53,200.0,44.8,B
2021-06-30T09:15:51,100.0,44.8,B
2021-06-30T09:15:50,700.0,44.8,B
2021-06-30T09:15:49,100.0,44.8,B
2021-06-30T09:15:45,200.0,44.8,B
2021-06-30T09:15:43,2000.0,44.8,B
2021-06-30T09:15:39,300.0,44.8,B
2021-06-30T09:15:34,100.0,44.8,B
2021-06-30T09:15:31,100.0,44.8,B
2021-06-30T09:15:30,300.0,44.8,B
2021-06-30T09:15:23,100.0,44.8,B
2021-06-30T09:15:20,1100.0,44.7,S
2021-06-30T09:15:09,1000.0,44.8,B
2021-06-30T09:14:57,1000.0,44.8,B
2021-06-30T09:14:57,100.0,44.8,B
2021-06-30T09:14:45,500.0,44.7,S
2021-06-30T09:14:45,500.0,44.8,B
2021-06-30T09:14:43,2100.0,44.8,S
2021-06-30T09:14:41,2000.0,44.8,S
2021-06-30T09:14:26,6000.0,44.8,S
2021-06-30T09:14:21,100.0,44.9,B
2021-06-30T09:14:20,100.0,44.9,B
2021-06-30T09:14:19,1000.0,44.8,S
2021-06-30T09:14:10,100.0,44.9,B
2021-06-30T09:14:04,600.0,44.8,S
2021-06-30T09:14:02,15000.0,44.9,B
2021-06-30T09:14:02,37000.0,44.8,S
2021-06-30T09:13:49,2600.0,44.9,S
2021-06-30T09:13:42,5100.0,45.0,B
2021-06-30T09:13:37,11000.0,44.9,S
2021-06-30T09:13:29,700.0,44.9,S
2021-06-30T09:13:24,500.0,44.9,S
2021-06-30T09:13:14,500.0,45.0,B
2021-06-30T09:13:14,200.0,45.0,B
2021-06-30T09:13:13,1000.0,44.9,S
2021-06-30T09:13:08,500.0,45.0,B
2021-06-30T09:13:06,100.0,45.0,B
2021-06-30T09:13:02,100.0,45.0,B
2021-06-30T09:13:00,100.0,45.0,B
2021-06-30T09:12:59,900.0,45.0,S
2021-06-30T09:12:56,5700.0,45.0,S
2021-06-30T09:12:43,2000.0,45.0,S
2021-06-30T09:12:23,500.0,45.1,S
2021-06-30T09:12:14,8000.0,45.0,S
2021-06-30T09:12:14,1100.0,45.0,S
2021-06-30T09:12:13,500.0,45.0,S
2021-06-30T09:12:02,200.0,45.0,S
2021-06-30T09:11:44,8000.0,45.0,S
2021-06-30T09:11:39,100.0,45.1,S
2021-06-30T09:11:28,500.0,45.1,B
2021-06-30T09:11:26,100.0,45.1,B
2021-06-30T09:11:21,500.0,45.1,B
2021-06-30T09:11:20,5200.0,45.0,S
2021-06-30T09:11:07,500.0,45.0,S
2021-06-30T09:11:05,1000.0,45.0,S
2021-06-30T09:11:00,500.0,45.0,S
2021-06-30T09:11:00,300.0,45.1,B
2021-06-30T09:10:29,200.0,45.0,S
2021-06-30T09:10:13,6600.0,45.0,B
2021-06-30T09:10:11,100.0,45.0,B
2021-06-30T09:10:06,300.0,45.0,B
2021-06-30T09:10:06,700.0,45.0,S
2021-06-30T09:10:01,200.0,45.0,B
2021-06-30T09:10:00,500.0,44.9,S
2021-06-30T09:09:56,500.0,45.0,B
2021-06-30T09:09:54,200.0,45.0,B
2021-06-30T09:09:41,1000.0,45.0,B
2021-06-30T09:09:41,2000.0,44.9,S
2021-06-30T09:09:39,100.0,45.0,B
2021-06-30T09:09:34,1000.0,45.0,B
2021-06-30T09:09:30,3000.0,45.0,B
2021-06-30T09:09:22,200.0,45.0,B
2021-06-30T09:09:20,10000.0,45.0,B
2021-06-30T09:09:09,1100.0,45.0,B
2021-06-30T09:08:58,1000.0,44.9,S
2021-06-30T09:08:57,200.0,45.0,B
2021-06-30T09:08:50,200.0,45.0,B
2021-06-30T09:08:45,1500.0,44.9,S
2021-06-30T09:08:32,2000.0,44.9,S
2021-06-30T09:07:53,3000.0,44.8,S
2021-06-30T09:07:52,1900.0,44.9,S
2021-06-30T09:07:50,2700.0,44.8,S
2021-06-30T09:07:48,100.0,44.9,B
2021-06-30T09:07:37,400.0,44.8,S
2021-06-30T09:07:36,2400.0,44.9,B
2021-06-30T09:07:30,100.0,44.9,B
2021-06-30T09:07:28,1000.0,44.8,S
2021-06-30T09:07:27,2000.0,44.8,S
2021-06-30T09:07:20,100.0,44.9,B
2021-06-30T09:07:12,400.0,44.8,S
2021-06-30T09:06:59,2000.0,44.8,S
2021-06-30T09:06:50,1100.0,44.7,S
2021-06-30T09:06:50,1000.0,44.8,S
2021-06-30T09:06:47,100.0,44.8,S
2021-06-30T09:06:45,100.0,44.8,S
2021-06-30T09:06:43,5000.0,44.8,S
2021-06-30T09:06:32,1400.0,44.8,S
2021-06-30T09:06:25,2000.0,44.8,S
2021-06-30T09:06:23,100.0,44.8,S
2021-06-30T09:06:10,2000.0,44.8,S
2021-06-30T09:06:04,10000.0,44.8,S
2021-06-30T09:05:58,300.0,44.8,S
2021-06-30T09:05:57,200.0,44.9,B
2021-06-30T09:05:57,15000.0,44.8,S
2021-06-30T09:05:46,600.0,44.8,S
2021-06-30T09:05:29,100.0,44.8,S
2021-06-30T09:05:23,800.0,44.8,S
2021-06-30T09:05:16,500.0,44.8,S
2021-06-30T09:05:15,100.0,44.8,B
2021-06-30T09:05:13,900.0,44.8,S
2021-06-30T09:05:11,100.0,44.8,S
2021-06-30T09:05:09,100.0,44.8,S
2021-06-30T09:05:04,100.0,44.9,B
2021-06-30T09:05:02,2200.0,44.8,S
2021-06-30T09:04:53,2900.0,44.8,S
2021-06-30T09:04:46,200.0,45.0,B
2021-06-30T09:04:45,500.0,45.0,B
2021-06-30T09:04:45,1000.0,44.8,S
2021-06-30T09:04:37,1500.0,45.0,B
2021-06-30T09:04:29,100.0,45.0,B
2021-06-30T09:04:26,2000.0,45.0,B
2021-06-30T09:04:25,700.0,44.9,S
2021-06-30T09:04:24,1000.0,44.9,S
2021-06-30T09:04:16,200.0,45.0,B
2021-06-30T09:04:11,300.0,45.0,B
2021-06-30T09:04:09,300.0,45.0,B
2021-06-30T09:04:00,19300.0,45.0,B
2021-06-30T09:03:53,2100.0,45.0,S
2021-06-30T09:03:45,200.0,45.0,S
2021-06-30T09:03:24,100.0,45.0,S
2021-06-30T09:02:54,500.0,45.0,S
2021-06-30T09:02:43,100.0,45.2,B
2021-06-30T09:02:37,1000.0,45.0,S
2021-06-30T09:02:30,500.0,45.2,B
2021-06-30T09:02:28,200.0,45.2,B
2021-06-30T09:02:05,400.0,45.2,B
2021-06-30T09:01:58,6600.0,45.0,S
2021-06-30T09:01:10,800.0,45.2,B
2021-06-30T09:01:03,1000.0,45.2,B
2021-06-30T09:00:40,100.0,45.0,S
2021-06-30T09:00:38,500.0,45.0,S
2021-06-30T09:00:38,1500.0,45.2,B
2021-06-30T09:00:36,3400.0,45.2,B
2021-06-30T09:00:36,200.0,45.3,S
2021-06-30T09:00:32,100.0,45.3,S
2021-06-30T09:00:30,800.0,45.3,S
2021-06-30T09:00:26,600.0,45.2,S
2021-06-30T09:00:16,200.0,45.2,S
