tradingTime,volume,price,side
2021-06-30T13:21:36,400.0,67.5,B
2021-06-30T13:21:32,100.0,67.4,S
2021-06-30T13:21:10,11700.0,67.5,B
2021-06-30T13:21:10,1100.0,67.5,B
2021-06-30T13:21:10,400.0,67.5,B
2021-06-30T13:21:10,3000.0,67.5,B
2021-06-30T13:21:10,1800.0,67.5,B
2021-06-30T13:21:10,1500.0,67.5,B
2021-06-30T13:21:05,2000.0,67.5,B
2021-06-30T13:21:04,200.0,67.5,B
2021-06-30T13:20:45,300.0,67.5,B
2021-06-30T13:20:36,300.0,67.5,B
2021-06-30T13:20:35,2100.0,67.5,B
2021-06-30T13:20:27,800.0,67.5,S
2021-06-30T13:20:27,500.0,67.5,S
2021-06-30T13:20:23,100.0,67.5,S
2021-06-30T13:20:23,1000.0,67.5,S
2021-06-30T13:20:20,100.0,67.5,S
2021-06-30T13:20:18,40900.0,67.5,S
2021-06-30T13:20:15,10000.0,67.5,S
2021-06-30T13:20:07,100.0,67.5,B
2021-06-30T13:20:07,600.0,67.5,B
2021-06-30T13:20:07,34000.0,67.5,B
2021-06-30T13:20:07,15300.0,67.5,B
2021-06-30T13:19:40,5600.0,67.5,B
2021-06-30T13:19:40,500.0,67.5,B
2021-06-30T13:19:40,5100.0,67.5,B
2021-06-30T13:19:40,3500.0,67.5,B
2021-06-30T13:19:40,13100.0,67.5,B
2021-06-30T13:19:40,8500.0,67.5,B
2021-06-30T13:19:40,500.0,67.5,B
2021-06-30T13:19:40,600.0,67.5,B
2021-06-30T13:19:40,1800.0,67.5,B
2021-06-30T13:19:40,800.0,67.5,B
2021-06-30T13:19:40,5000.0,67.5,B
2021-06-30T13:19:40,5000.0,67.5,B
2021-06-30T13:19:21,15300.0,67.5,B
2021-06-30T13:19:21,3700.0,67.5,B
2021-06-30T13:19:21,81000.0,67.5,B
2021-06-30T13:19:12,100.0,67.4,S
2021-06-30T13:19:07,600.0,67.4,S
2021-06-30T13:19:00,3000.0,67.4,S
2021-06-30T13:18:40,200.0,67.4,S
2021-06-30T13:18:35,400.0,67.4,S
2021-06-30T13:18:34,700.0,67.4,S
2021-06-30T13:18:34,400.0,67.4,S
2021-06-30T13:18:28,2000.0,67.4,S
2021-06-30T13:18:27,500.0,67.5,B
2021-06-30T13:18:25,200.0,67.4,S
2021-06-30T13:18:18,400.0,67.4,S
2021-06-30T13:18:16,100.0,67.4,B
2021-06-30T13:18:15,800.0,67.4,B
2021-06-30T13:18:13,2900.0,67.4,B
2021-06-30T13:18:12,100.0,67.4,B
2021-06-30T13:18:10,1000.0,67.5,B
2021-06-30T13:18:10,800.0,67.4,B
2021-06-30T13:18:10,100.0,67.4,B
2021-06-30T13:18:08,4000.0,67.4,B
2021-06-30T13:18:07,41800.0,67.5,B
2021-06-30T13:18:07,700.0,67.5,B
2021-06-30T13:18:07,28800.0,67.5,B
2021-06-30T13:18:07,1800.0,67.4,B
2021-06-30T13:18:07,1000.0,67.4,B
2021-06-30T13:18:07,200.0,67.4,B
2021-06-30T13:18:06,1000.0,67.4,B
2021-06-30T13:18:06,1000.0,67.4,B
2021-06-30T13:18:06,7400.0,67.4,B
2021-06-30T13:18:06,1000.0,67.4,B
2021-06-30T13:18:06,1500.0,67.4,B
2021-06-30T13:18:06,2100.0,67.4,B
2021-06-30T13:18:06,11700.0,67.4,B
2021-06-30T13:18:02,3800.0,67.4,B
2021-06-30T13:18:02,400.0,67.4,B
2021-06-30T13:18:02,800.0,67.4,B
2021-06-30T13:18:01,1200.0,67.4,B
2021-06-30T13:18:01,1800.0,67.4,B
2021-06-30T13:18:01,600.0,67.4,B
2021-06-30T13:18:01,3200.0,67.4,B
2021-06-30T13:18:00,13200.0,67.4,B
2021-06-30T13:17:45,1000.0,67.4,B
2021-06-30T13:17:44,100.0,67.4,B
2021-06-30T13:17:44,200.0,67.3,S
2021-06-30T13:17:37,2000.0,67.4,B
2021-06-30T13:17:37,3100.0,67.4,B
2021-06-30T13:17:36,400.0,67.4,B
2021-06-30T13:17:36,3900.0,67.4,B
2021-06-30T13:17:36,800.0,67.3,S
2021-06-30T13:17:36,400.0,67.4,B
2021-06-30T13:17:34,1000.0,67.4,B
2021-06-30T13:17:33,1700.0,67.4,B
2021-06-30T13:17:33,1600.0,67.4,B
2021-06-30T13:17:33,100.0,67.4,B
2021-06-30T13:17:32,1100.0,67.4,B
2021-06-30T13:17:31,500.0,67.4,B
2021-06-30T13:17:29,2100.0,67.4,B
2021-06-30T13:17:29,1000.0,67.4,B
2021-06-30T13:17:29,400.0,67.4,B
2021-06-30T13:17:29,100.0,67.4,B
2021-06-30T13:17:28,400.0,67.4,B
2021-06-30T13:17:01,200.0,67.4,B
2021-06-30T13:16:56,100.0,67.4,B
2021-06-30T13:16:56,900.0,67.4,B
2021-06-30T13:16:54,4800.0,67.4,B
2021-06-30T13:16:50,7400.0,67.4,B
2021-06-30T13:16:34,5000.0,67.4,B
2021-06-30T13:16:26,5500.0,67.4,B
2021-06-30T13:16:26,200.0,67.3,S
2021-06-30T13:16:20,100.0,67.4,B
2021-06-30T13:16:20,2000.0,67.4,B
2021-06-30T13:16:15,100.0,67.4,B
2021-06-30T13:16:08,50000.0,67.4,B
2021-06-30T13:16:08,100.0,67.3,S
2021-06-30T13:16:06,2000.0,67.4,B
2021-06-30T13:16:04,4400.0,67.4,B
2021-06-30T13:16:04,1500.0,67.4,B
2021-06-30T13:15:59,800.0,67.3,S
2021-06-30T13:15:54,1000.0,67.4,B
2021-06-30T13:15:54,100.0,67.4,B
2021-06-30T13:15:51,2500.0,67.3,S
2021-06-30T13:15:51,1500.0,67.3,S
2021-06-30T13:15:49,500.0,67.4,B
2021-06-30T13:15:48,100.0,67.3,S
2021-06-30T13:15:45,3000.0,67.3,S
2021-06-30T13:15:45,4700.0,67.4,B
2021-06-30T13:15:44,3300.0,67.4,B
2021-06-30T13:15:41,500.0,67.3,S
2021-06-30T13:15:37,100.0,67.3,S
2021-06-30T13:15:25,3300.0,67.4,B
2021-06-30T13:15:25,1500.0,67.4,B
2021-06-30T13:15:20,300.0,67.3,S
2021-06-30T13:15:17,3300.0,67.4,B
2021-06-30T13:15:13,100.0,67.3,S
2021-06-30T13:15:12,1800.0,67.3,S
2021-06-30T13:15:12,100.0,67.4,B
2021-06-30T13:15:09,3300.0,67.4,B
2021-06-30T13:15:09,500.0,67.3,B
2021-06-30T13:15:07,100.0,67.3,B
2021-06-30T13:15:07,800.0,67.4,B
2021-06-30T13:15:06,2700.0,67.3,B
2021-06-30T13:15:06,6500.0,67.3,B
2021-06-30T13:15:00,400.0,67.3,B
2021-06-30T13:14:59,3000.0,67.3,B
2021-06-30T13:14:58,3200.0,67.3,B
2021-06-30T13:14:58,2500.0,67.3,B
2021-06-30T13:14:57,3300.0,67.3,B
2021-06-30T13:14:57,4700.0,67.3,B
2021-06-30T13:14:56,200.0,67.3,B
2021-06-30T13:14:54,8300.0,67.3,B
2021-06-30T13:14:54,4500.0,67.3,B
2021-06-30T13:14:54,3800.0,67.3,B
2021-06-30T13:14:54,1100.0,67.3,B
2021-06-30T13:14:53,3300.0,67.3,B
2021-06-30T13:14:53,4000.0,67.3,B
2021-06-30T13:14:50,100.0,67.3,B
2021-06-30T13:14:49,200.0,67.3,B
2021-06-30T13:14:49,200.0,67.3,B
2021-06-30T13:14:40,200.0,67.3,B
2021-06-30T13:14:39,3000.0,67.3,B
2021-06-30T13:14:38,5100.0,67.3,B
2021-06-30T13:14:35,17000.0,67.3,B
2021-06-30T13:14:31,200.0,67.3,B
2021-06-30T13:14:27,10000.0,67.3,B
2021-06-30T13:14:25,1000.0,67.3,B
2021-06-30T13:14:16,4300.0,67.3,B
2021-06-30T13:14:15,100.0,67.2,S
2021-06-30T13:14:13,30000.0,67.3,B
2021-06-30T13:14:09,500.0,67.2,S
2021-06-30T13:14:00,20100.0,67.3,B
2021-06-30T13:13:57,300.0,67.3,B
2021-06-30T13:13:53,5000.0,67.3,B
2021-06-30T13:13:52,1300.0,67.3,B
2021-06-30T13:13:52,8700.0,67.3,B
2021-06-30T13:13:44,100.0,67.2,S
2021-06-30T13:13:43,3300.0,67.3,B
2021-06-30T13:13:36,200.0,67.2,S
2021-06-30T13:13:32,600.0,67.2,S
2021-06-30T13:13:29,100.0,67.3,S
2021-06-30T13:13:29,5500.0,67.3,S
2021-06-30T13:13:27,100.0,67.2,S
2021-06-30T13:13:27,900.0,67.2,S
2021-06-30T13:13:26,3300.0,67.3,S
2021-06-30T13:13:24,3000.0,67.2,S
2021-06-30T13:13:22,300.0,67.3,S
2021-06-30T13:13:15,5000.0,67.3,S
2021-06-30T13:13:03,200.0,67.2,S
2021-06-30T13:13:00,5300.0,67.3,S
2021-06-30T13:12:53,1000.0,67.2,S
2021-06-30T13:12:50,1000.0,67.3,S
2021-06-30T13:12:49,4100.0,67.3,S
2021-06-30T13:12:47,3600.0,67.3,S
2021-06-30T13:12:42,600.0,67.3,S
2021-06-30T13:12:37,900.0,67.3,S
2021-06-30T13:12:37,100.0,67.3,S
2021-06-30T13:12:37,600.0,67.3,S
2021-06-30T13:12:37,2500.0,67.3,S
2021-06-30T13:12:37,6300.0,67.3,S
2021-06-30T13:12:37,500.0,67.3,S
2021-06-30T13:12:37,1100.0,67.3,S
2021-06-30T13:12:37,10000.0,67.3,S
2021-06-30T13:12:35,3800.0,67.3,S
2021-06-30T13:12:35,18900.0,67.3,S
2021-06-30T13:12:35,800.0,67.3,S
2021-06-30T13:12:35,155500.0,67.3,S
2021-06-30T13:12:34,3000.0,67.3,S
2021-06-30T13:12:32,200.0,67.4,B
2021-06-30T13:12:29,15000.0,67.4,B
2021-06-30T13:12:28,3300.0,67.4,B
2021-06-30T13:12:21,200.0,67.3,S
2021-06-30T13:12:19,100.0,67.4,B
2021-06-30T13:12:09,100.0,67.4,B
2021-06-30T13:12:07,4300.0,67.4,S
2021-06-30T13:12:00,500.0,67.4,S
2021-06-30T13:11:51,600.0,67.4,S
2021-06-30T13:11:50,3300.0,67.4,S
2021-06-30T13:11:43,500.0,67.4,S
2021-06-30T13:11:32,4100.0,67.4,S
2021-06-30T13:11:25,1300.0,67.4,S
2021-06-30T13:11:23,600.0,67.4,S
2021-06-30T13:11:11,100.0,67.4,S
2021-06-30T13:11:10,500.0,67.4,S
2021-06-30T13:11:06,100.0,67.3,S
2021-06-30T13:11:01,100.0,67.4,S
2021-06-30T13:11:01,600.0,67.4,S
2021-06-30T13:11:00,700.0,67.4,S
2021-06-30T13:10:58,100.0,67.4,S
2021-06-30T13:10:57,1500.0,67.4,S
2021-06-30T13:10:57,1500.0,67.4,S
2021-06-30T13:10:52,400.0,67.4,S
2021-06-30T13:10:52,600.0,67.4,S
2021-06-30T13:10:52,2300.0,67.4,S
2021-06-30T13:10:52,4100.0,67.4,S
2021-06-30T13:10:52,300.0,67.4,S
2021-06-30T13:10:52,2200.0,67.4,S
2021-06-30T13:10:51,400.0,67.4,S
2021-06-30T13:10:51,3100.0,67.4,S
2021-06-30T13:10:51,186600.0,67.4,S
2021-06-30T13:10:51,600.0,67.4,S
2021-06-30T13:10:43,3000.0,67.4,S
2021-06-30T13:10:33,5100.0,67.5,S
2021-06-30T13:10:25,200.0,67.4,S
2021-06-30T13:10:00,2100.0,67.5,S
2021-06-30T13:10:00,400.0,67.5,S
2021-06-30T13:10:00,1500.0,67.5,S
2021-06-30T13:09:59,200.0,67.5,S
2021-06-30T13:09:59,1600.0,67.5,S
2021-06-30T13:09:59,1500.0,67.5,S
2021-06-30T13:09:59,11200.0,67.5,S
2021-06-30T13:09:59,1200.0,67.5,S
2021-06-30T13:09:59,2000.0,67.5,S
2021-06-30T13:09:59,5400.0,67.5,S
2021-06-30T13:09:59,1000.0,67.5,S
2021-06-30T13:09:59,3100.0,67.5,S
2021-06-30T13:09:59,500.0,67.5,S
2021-06-30T13:09:59,900.0,67.5,S
2021-06-30T13:09:59,100.0,67.5,S
2021-06-30T13:09:59,1100.0,67.5,S
2021-06-30T13:09:59,3900.0,67.5,S
2021-06-30T13:09:58,100.0,67.5,S
2021-06-30T13:09:58,2800.0,67.5,S
2021-06-30T13:09:58,4400.0,67.5,S
2021-06-30T13:09:58,800.0,67.5,S
2021-06-30T13:09:58,500.0,67.5,S
2021-06-30T13:09:58,2000.0,67.5,S
2021-06-30T13:09:58,1500.0,67.5,S
2021-06-30T13:09:58,700.0,67.5,S
2021-06-30T13:09:58,16500.0,67.5,S
2021-06-30T13:09:58,30000.0,67.5,S
2021-06-30T13:09:48,600.0,67.5,S
2021-06-30T13:09:48,1000.0,67.5,S
2021-06-30T13:09:44,2000.0,67.5,S
2021-06-30T13:09:43,150000.0,67.5,S
2021-06-30T13:09:38,1500.0,67.5,S
2021-06-30T13:09:38,1500.0,67.5,S
2021-06-30T13:09:14,300.0,67.6,B
2021-06-30T13:09:02,6500.0,67.6,S
2021-06-30T13:08:44,100.0,67.6,S
2021-06-30T13:08:44,1300.0,67.6,S
2021-06-30T13:08:43,600.0,67.6,S
2021-06-30T13:08:42,600.0,67.6,S
2021-06-30T13:08:40,500.0,67.6,S
2021-06-30T13:08:38,100.0,67.6,S
2021-06-30T13:08:36,5800.0,67.6,S
2021-06-30T13:08:36,1100.0,67.6,S
2021-06-30T13:08:36,200.0,67.6,S
2021-06-30T13:08:36,2500.0,67.6,S
2021-06-30T13:08:36,1000.0,67.6,S
2021-06-30T13:08:36,8700.0,67.6,S
2021-06-30T13:08:36,100.0,67.6,S
2021-06-30T13:08:35,10400.0,67.6,S
2021-06-30T13:08:34,400.0,67.6,S
2021-06-30T13:08:32,3000.0,67.6,S
2021-06-30T13:08:25,2000.0,67.6,S
2021-06-30T13:08:21,400.0,67.6,S
2021-06-30T13:08:19,100.0,67.6,S
2021-06-30T13:08:08,100.0,67.6,S
2021-06-30T13:08:07,2000.0,67.6,S
2021-06-30T13:08:02,200.0,67.6,S
2021-06-30T13:07:57,900.0,67.6,S
2021-06-30T13:07:57,6700.0,67.7,B
2021-06-30T13:07:57,500.0,67.6,S
2021-06-30T13:07:55,100.0,67.7,B
2021-06-30T13:07:53,200.0,67.6,S
2021-06-30T13:07:47,3000.0,67.6,S
2021-06-30T13:07:47,100.0,67.6,S
2021-06-30T13:07:39,1000.0,67.6,S
2021-06-30T13:07:35,800.0,67.6,S
2021-06-30T13:07:34,100.0,67.6,S
2021-06-30T13:07:28,200.0,67.6,S
2021-06-30T13:07:22,100.0,67.6,S
2021-06-30T13:07:22,4000.0,67.6,S
2021-06-30T13:07:20,300.0,67.6,S
2021-06-30T13:07:16,300.0,67.6,S
2021-06-30T13:07:16,100.0,67.6,S
2021-06-30T13:07:10,1400.0,67.6,S
2021-06-30T13:07:10,300.0,67.6,S
2021-06-30T13:07:07,600.0,67.6,S
2021-06-30T13:07:00,7000.0,67.6,S
2021-06-30T13:07:00,600.0,67.6,S
2021-06-30T13:07:00,1100.0,67.6,S
2021-06-30T13:06:59,200.0,67.6,S
2021-06-30T13:06:57,3000.0,67.6,S
2021-06-30T13:06:54,200.0,67.6,S
2021-06-30T13:06:50,5000.0,67.6,S
2021-06-30T13:06:49,700.0,67.6,S
2021-06-30T13:06:49,100.0,67.6,S
2021-06-30T13:06:49,1000.0,67.6,S
2021-06-30T13:06:44,100.0,67.6,S
2021-06-30T13:06:42,200.0,67.6,S
2021-06-30T13:06:41,900.0,67.6,S
2021-06-30T13:06:38,100.0,67.6,S
2021-06-30T13:06:37,200.0,67.6,S
2021-06-30T13:06:37,3600.0,67.6,S
2021-06-30T13:06:36,600.0,67.6,S
2021-06-30T13:06:27,1200.0,67.6,S
2021-06-30T13:06:26,500.0,67.6,S
2021-06-30T13:06:25,200.0,67.6,S
2021-06-30T13:06:17,500.0,67.6,S
2021-06-30T13:06:16,1000.0,67.6,S
2021-06-30T13:06:15,3000.0,67.6,S
2021-06-30T13:06:11,6000.0,67.6,S
2021-06-30T13:06:10,400.0,67.6,S
2021-06-30T13:06:06,1000.0,67.6,S
2021-06-30T13:06:00,5000.0,67.6,S
2021-06-30T13:05:53,1400.0,67.6,S
2021-06-30T13:05:53,1000.0,67.6,S
2021-06-30T13:05:51,5000.0,67.6,S
2021-06-30T13:05:48,100.0,67.6,S
2021-06-30T13:05:40,300.0,67.6,S
2021-06-30T13:05:40,300.0,67.6,S
2021-06-30T13:05:39,300.0,67.6,S
2021-06-30T13:05:34,100.0,67.6,S
2021-06-30T13:05:32,300.0,67.6,S
2021-06-30T13:05:31,600.0,67.6,S
2021-06-30T13:05:31,2500.0,67.6,S
2021-06-30T13:05:30,1900.0,67.6,S
2021-06-30T13:05:25,600.0,67.6,S
2021-06-30T13:05:23,100.0,67.6,S
2021-06-30T13:05:16,3000.0,67.6,S
2021-06-30T13:05:15,500.0,67.6,S
2021-06-30T13:05:02,100.0,67.6,S
2021-06-30T13:04:51,500.0,67.6,S
2021-06-30T13:04:45,200.0,67.6,S
2021-06-30T13:04:36,1000.0,67.6,S
2021-06-30T13:04:35,100.0,67.6,S
2021-06-30T13:04:29,200.0,67.6,S
2021-06-30T13:04:25,600.0,67.6,S
2021-06-30T13:04:20,1000.0,67.6,S
2021-06-30T13:04:12,5000.0,67.6,S
2021-06-30T13:03:59,200.0,67.6,S
2021-06-30T13:03:50,1200.0,67.6,S
2021-06-30T13:03:43,400.0,67.6,S
2021-06-30T13:03:42,200.0,67.6,S
2021-06-30T13:03:42,100.0,67.6,S
2021-06-30T13:03:40,6000.0,67.6,S
2021-06-30T13:03:34,1000.0,67.6,S
2021-06-30T13:03:33,500.0,67.6,S
2021-06-30T13:03:31,30000.0,67.6,S
2021-06-30T13:03:30,200.0,67.6,S
2021-06-30T13:03:21,1000.0,67.6,S
2021-06-30T13:03:14,200.0,67.6,S
2021-06-30T13:03:06,1000.0,67.6,S
2021-06-30T13:03:01,100.0,67.6,S
2021-06-30T13:02:56,15100.0,67.7,B
2021-06-30T13:02:56,100.0,67.6,S
2021-06-30T13:02:56,8000.0,67.7,B
2021-06-30T13:02:52,600.0,67.6,S
2021-06-30T13:02:50,400.0,67.6,S
2021-06-30T13:02:36,100.0,67.6,S
2021-06-30T13:02:33,2000.0,67.6,S
2021-06-30T13:02:23,1000.0,67.7,B
2021-06-30T13:02:21,500.0,67.6,S
2021-06-30T13:02:20,10000.0,67.6,S
2021-06-30T13:02:07,200.0,67.6,S
2021-06-30T13:02:04,100.0,67.6,S
2021-06-30T13:02:00,200.0,67.6,S
2021-06-30T13:01:56,1000.0,67.6,S
2021-06-30T13:01:51,500.0,67.6,S
2021-06-30T13:01:49,1000.0,67.6,S
2021-06-30T13:01:46,5000.0,67.6,S
2021-06-30T13:01:39,5000.0,67.6,S
2021-06-30T13:01:29,100.0,67.6,S
2021-06-30T13:01:16,600.0,67.6,S
2021-06-30T13:01:13,200.0,67.6,S
2021-06-30T13:01:13,200.0,67.6,S
2021-06-30T13:01:10,1500.0,67.7,B
2021-06-30T13:01:08,10000.0,67.7,B
2021-06-30T13:01:05,13000.0,67.7,B
2021-06-30T13:01:00,10200.0,67.7,B
2021-06-30T13:01:00,22600.0,67.7,B
2021-06-30T13:01:00,1500.0,67.7,B
2021-06-30T13:01:00,100.0,67.7,B
2021-06-30T13:01:00,7700.0,67.7,B
2021-06-30T13:00:55,200.0,67.6,S
2021-06-30T13:00:52,300.0,67.6,S
2021-06-30T13:00:46,100.0,67.6,S
2021-06-30T13:00:42,1000.0,67.6,S
2021-06-30T13:00:33,100.0,67.6,S
2021-06-30T13:00:30,200.0,67.7,B
2021-06-30T13:00:28,500.0,67.6,S
2021-06-30T13:00:28,1000.0,67.6,S
2021-06-30T13:00:22,5000.0,67.6,S
2021-06-30T13:00:22,100.0,67.6,S
2021-06-30T13:00:22,300.0,67.6,S
2021-06-30T13:00:20,400.0,67.6,S
2021-06-30T13:00:14,400.0,67.7,B
2021-06-30T13:00:14,1500.0,67.7,B
2021-06-30T13:00:14,300.0,67.6,S
2021-06-30T13:00:12,200.0,67.6,S
2021-06-30T13:00:12,4500.0,67.6,S
2021-06-30T11:30:13,3000.0,67.6,S
2021-06-30T11:30:06,500.0,67.6,S
2021-06-30T11:29:38,100.0,67.6,S
2021-06-30T11:29:29,400.0,67.6,B
2021-06-30T11:29:29,300.0,67.6,B
2021-06-30T11:29:28,400.0,67.6,B
2021-06-30T11:29:11,300.0,67.6,S
2021-06-30T11:29:04,2000.0,67.6,B
2021-06-30T11:29:01,1600.0,67.6,B
2021-06-30T11:28:52,8600.0,67.6,B
2021-06-30T11:28:52,1400.0,67.6,B
2021-06-30T11:28:35,300.0,67.5,S
2021-06-30T11:28:02,200.0,67.6,B
2021-06-30T11:27:50,1000.0,67.6,B
2021-06-30T11:27:43,2600.0,67.6,S
2021-06-30T11:27:38,100.0,67.6,B
2021-06-30T11:27:34,22600.0,67.6,B
2021-06-30T11:27:31,300.0,67.5,S
2021-06-30T11:27:31,800.0,67.5,S
2021-06-30T11:27:25,5100.0,67.6,B
2021-06-30T11:27:25,44900.0,67.6,B
2021-06-30T11:27:23,5600.0,67.5,S
2021-06-30T11:27:19,5300.0,67.6,B
2021-06-30T11:27:19,44700.0,67.6,B
2021-06-30T11:27:14,7400.0,67.6,B
2021-06-30T11:27:10,200.0,67.6,B
2021-06-30T11:27:09,11700.0,67.6,B
2021-06-30T11:27:09,12800.0,67.6,B
2021-06-30T11:27:09,2600.0,67.6,B
2021-06-30T11:27:09,22900.0,67.6,B
2021-06-30T11:26:59,100.0,67.6,B
2021-06-30T11:26:51,6500.0,67.6,B
2021-06-30T11:26:49,400.0,67.5,S
2021-06-30T11:26:41,3500.0,67.6,B
2021-06-30T11:26:31,5000.0,67.6,B
2021-06-30T11:25:47,4600.0,67.6,S
2021-06-30T11:25:46,57400.0,67.6,S
2021-06-30T11:25:39,100.0,67.6,S
2021-06-30T11:25:38,1200.0,67.6,S
2021-06-30T11:25:38,1000.0,67.6,S
2021-06-30T11:25:36,900.0,67.6,S
2021-06-30T11:25:28,200.0,67.6,S
2021-06-30T11:25:24,100.0,67.6,S
2021-06-30T11:25:18,1000.0,67.6,S
2021-06-30T11:25:16,500.0,67.6,S
2021-06-30T11:25:09,100.0,67.6,S
2021-06-30T11:25:08,100.0,67.6,S
2021-06-30T11:25:07,400.0,67.6,S
2021-06-30T11:24:59,600.0,67.6,S
2021-06-30T11:24:58,700.0,67.6,S
2021-06-30T11:24:51,3000.0,67.6,S
2021-06-30T11:24:50,3700.0,67.6,S
2021-06-30T11:24:45,300.0,67.6,S
2021-06-30T11:24:43,600.0,67.6,B
2021-06-30T11:24:43,2400.0,67.6,B
2021-06-30T11:24:42,2000.0,67.6,B
2021-06-30T11:24:42,200.0,67.6,B
2021-06-30T11:24:42,1700.0,67.6,B
2021-06-30T11:24:42,4100.0,67.6,B
2021-06-30T11:24:42,1500.0,67.6,B
2021-06-30T11:24:42,2500.0,67.6,B
2021-06-30T11:24:42,2000.0,67.6,B
2021-06-30T11:24:42,1100.0,67.6,B
2021-06-30T11:24:42,15600.0,67.6,B
2021-06-30T11:24:36,800.0,67.5,S
2021-06-30T11:24:36,1000.0,67.5,S
2021-06-30T11:24:12,400.0,67.6,B
2021-06-30T11:24:08,500.0,67.6,B
2021-06-30T11:23:23,12000.0,67.6,B
2021-06-30T11:23:18,1000.0,67.6,B
2021-06-30T11:23:02,7000.0,67.6,B
2021-06-30T11:22:58,1300.0,67.6,B
2021-06-30T11:22:51,15000.0,67.6,B
2021-06-30T11:22:47,5500.0,67.6,B
2021-06-30T11:22:33,500.0,67.6,B
2021-06-30T11:22:31,4800.0,67.6,B
2021-06-30T11:22:28,100.0,67.6,B
2021-06-30T11:22:21,11500.0,67.6,B
2021-06-30T11:22:20,10000.0,67.6,B
2021-06-30T11:22:13,5500.0,67.6,B
2021-06-30T11:22:07,100.0,67.6,B
2021-06-30T11:22:02,3700.0,67.6,B
2021-06-30T11:21:56,10000.0,67.6,B
2021-06-30T11:21:34,100.0,67.6,B
2021-06-30T11:21:28,1000.0,67.6,B
2021-06-30T11:21:19,500.0,67.6,B
2021-06-30T11:21:15,100.0,67.6,S
2021-06-30T11:21:13,200.0,67.6,S
2021-06-30T11:21:07,60100.0,67.6,S
2021-06-30T11:21:06,13000.0,67.7,B
2021-06-30T11:20:58,400.0,67.7,B
2021-06-30T11:20:54,100.0,67.7,B
2021-06-30T11:20:28,10000.0,67.7,B
2021-06-30T11:20:22,50000.0,67.7,B
2021-06-30T11:20:18,1300.0,67.6,S
2021-06-30T11:20:00,38200.0,67.7,B
2021-06-30T11:20:00,18500.0,67.7,B
2021-06-30T11:20:00,2200.0,67.7,B
2021-06-30T11:20:00,1500.0,67.6,B
2021-06-30T11:19:59,21200.0,67.6,B
2021-06-30T11:19:59,3400.0,67.6,B
2021-06-30T11:19:59,15000.0,67.6,B
2021-06-30T11:19:51,200.0,67.5,S
2021-06-30T11:19:43,500.0,67.6,B
2021-06-30T11:19:42,1000.0,67.5,S
2021-06-30T11:19:04,200.0,67.6,B
2021-06-30T11:18:57,700.0,67.6,B
2021-06-30T11:18:48,7000.0,67.6,B
2021-06-30T11:18:46,400.0,67.6,B
2021-06-30T11:18:40,10000.0,67.6,B
2021-06-30T11:18:08,400.0,67.6,B
2021-06-30T11:18:08,100.0,67.6,B
2021-06-30T11:17:38,1700.0,67.6,B
2021-06-30T11:17:31,1000.0,67.6,B
2021-06-30T11:17:28,1400.0,67.6,S
2021-06-30T11:17:15,100.0,67.6,S
2021-06-30T11:17:13,100.0,67.6,S
2021-06-30T11:17:09,1000.0,67.6,S
2021-06-30T11:16:43,200.0,67.6,S
2021-06-30T11:16:40,300.0,67.6,S
2021-06-30T11:16:38,1000.0,67.6,S
2021-06-30T11:16:32,1800.0,67.6,B
2021-06-30T11:16:32,5000.0,67.6,B
2021-06-30T11:16:18,400.0,67.7,B
2021-06-30T11:16:18,2000.0,67.7,B
2021-06-30T11:16:18,1500.0,67.7,B
2021-06-30T11:16:18,200.0,67.7,B
2021-06-30T11:16:18,40900.0,67.7,B
2021-06-30T11:16:18,200.0,67.6,B
2021-06-30T11:16:18,20200.0,67.6,B
2021-06-30T11:16:18,200.0,67.6,B
2021-06-30T11:16:17,34400.0,67.6,B
2021-06-30T11:16:04,10000.0,67.6,B
2021-06-30T11:15:59,500.0,67.6,B
2021-06-30T11:15:55,1000.0,67.6,B
2021-06-30T11:15:21,45000.0,67.6,B
2021-06-30T11:15:17,55000.0,67.6,B
2021-06-30T11:15:12,500.0,67.6,B
2021-06-30T11:15:12,100.0,67.6,B
2021-06-30T11:15:09,1100.0,67.6,B
2021-06-30T11:15:04,500.0,67.6,B
2021-06-30T11:15:04,3500.0,67.6,B
2021-06-30T11:14:58,400.0,67.6,S
2021-06-30T11:14:57,100.0,67.6,B
2021-06-30T11:14:52,400.0,67.6,S
2021-06-30T11:14:45,100.0,67.6,B
2021-06-30T11:14:39,32000.0,67.7,B
2021-06-30T11:14:39,2200.0,67.7,B
2021-06-30T11:14:39,9100.0,67.7,B
2021-06-30T11:14:39,100.0,67.7,B
2021-06-30T11:14:37,46600.0,67.7,B
2021-06-30T11:14:30,22400.0,67.6,S
2021-06-30T11:14:25,400.0,67.6,B
2021-06-30T11:14:21,5100.0,67.6,B
2021-06-30T11:14:21,72100.0,67.6,B
2021-06-30T11:14:17,2000.0,67.6,B
2021-06-30T11:14:02,25900.0,67.6,S
2021-06-30T11:13:43,300.0,67.6,S
2021-06-30T11:13:41,400.0,67.6,S
2021-06-30T11:13:38,1600.0,67.6,S
2021-06-30T11:13:34,2200.0,67.6,S
2021-06-30T11:13:31,8400.0,67.6,S
2021-06-30T11:13:28,11000.0,67.6,B
2021-06-30T11:13:28,200.0,67.6,B
2021-06-30T11:13:08,1000.0,67.6,S
2021-06-30T11:12:51,100.0,67.6,S
2021-06-30T11:12:44,200.0,67.6,S
2021-06-30T11:12:42,500.0,67.6,S
2021-06-30T11:12:36,1400.0,67.6,S
2021-06-30T11:12:36,2500.0,67.6,S
2021-06-30T11:12:31,7000.0,67.6,S
2021-06-30T11:12:13,100.0,67.6,S
2021-06-30T11:12:06,600.0,67.6,S
2021-06-30T11:12:02,100.0,67.6,S
2021-06-30T11:11:59,600.0,67.6,S
2021-06-30T11:11:59,2500.0,67.6,S
2021-06-30T11:11:56,600.0,67.6,S
2021-06-30T11:11:48,3200.0,67.6,S
2021-06-30T11:11:42,800.0,67.6,B
2021-06-30T11:11:42,15200.0,67.6,B
2021-06-30T11:11:34,4000.0,67.6,B
2021-06-30T11:11:31,1000.0,67.6,S
2021-06-30T11:11:30,200.0,67.6,S
2021-06-30T11:11:24,1100.0,67.6,S
2021-06-30T11:11:07,200.0,67.6,S
2021-06-30T11:11:06,300.0,67.6,S
2021-06-30T11:11:05,200.0,67.6,S
2021-06-30T11:11:01,1000.0,67.6,S
2021-06-30T11:11:00,1700.0,67.6,S
2021-06-30T11:10:58,1300.0,67.6,S
2021-06-30T11:10:51,2000.0,67.6,B
2021-06-30T11:10:51,3200.0,67.6,B
2021-06-30T11:10:51,2800.0,67.6,B
2021-06-30T11:10:51,500.0,67.6,B
2021-06-30T11:10:51,6700.0,67.6,B
2021-06-30T11:10:50,100.0,67.6,B
2021-06-30T11:10:50,100.0,67.6,B
2021-06-30T11:10:41,10000.0,67.6,B
2021-06-30T11:10:37,1000.0,67.6,B
2021-06-30T11:10:17,1200.0,67.6,B
2021-06-30T11:10:13,100.0,67.6,B
2021-06-30T11:10:12,600.0,67.6,S
2021-06-30T11:09:54,100.0,67.6,S
2021-06-30T11:09:48,600.0,67.6,S
2021-06-30T11:09:47,400.0,67.6,S
2021-06-30T11:09:42,400.0,67.6,B
2021-06-30T11:09:41,3000.0,67.6,B
2021-06-30T11:09:41,2000.0,67.5,S
2021-06-30T11:09:39,2000.0,67.5,S
2021-06-30T11:09:32,900.0,67.6,B
2021-06-30T11:09:29,2000.0,67.6,B
2021-06-30T11:09:16,800.0,67.6,S
2021-06-30T11:09:11,21600.0,67.6,B
2021-06-30T11:09:11,7600.0,67.6,B
2021-06-30T11:09:10,300.0,67.5,S
2021-06-30T11:08:57,8000.0,67.6,B
2021-06-30T11:08:48,2800.0,67.6,B
2021-06-30T11:08:48,2200.0,67.6,B
2021-06-30T11:08:45,100.0,67.6,B
2021-06-30T11:08:45,100.0,67.5,S
2021-06-30T11:08:42,500.0,67.5,S
2021-06-30T11:08:30,2000.0,67.6,B
2021-06-30T11:08:29,4100.0,67.6,B
2021-06-30T11:08:13,100.0,67.6,B
2021-06-30T11:07:22,12100.0,67.6,B
2021-06-30T11:07:15,100.0,67.6,B
2021-06-30T11:07:15,5500.0,67.6,B
2021-06-30T11:07:15,200.0,67.6,B
2021-06-30T11:07:15,1700.0,67.6,B
2021-06-30T11:07:15,300.0,67.6,B
2021-06-30T11:07:15,600.0,67.6,B
2021-06-30T11:07:15,1700.0,67.6,B
2021-06-30T11:06:41,1200.0,67.6,B
2021-06-30T11:06:03,400.0,67.6,B
2021-06-30T11:05:40,100.0,67.6,B
2021-06-30T11:05:34,2000.0,67.6,B
2021-06-30T11:05:32,1000.0,67.6,B
2021-06-30T11:04:45,1600.0,67.6,B
2021-06-30T11:04:45,3400.0,67.6,B
2021-06-30T11:04:27,500.0,67.6,B
2021-06-30T11:04:25,5000.0,67.6,B
2021-06-30T11:04:21,500.0,67.6,B
2021-06-30T11:04:03,20900.0,67.6,B
2021-06-30T11:03:55,600.0,67.6,B
2021-06-30T11:03:35,76900.0,67.7,B
2021-06-30T11:03:35,100.0,67.6,B
2021-06-30T11:03:34,27000.0,67.6,B
2021-06-30T11:03:31,100.0,67.6,S
2021-06-30T11:03:30,800.0,67.6,S
2021-06-30T11:03:26,100.0,67.6,S
2021-06-30T11:03:16,1300.0,67.6,S
2021-06-30T11:03:16,1100.0,67.6,S
2021-06-30T11:03:16,200.0,67.6,S
2021-06-30T11:03:12,25200.0,67.7,B
2021-06-30T11:03:12,27700.0,67.7,B
2021-06-30T11:03:12,800.0,67.6,B
2021-06-30T11:03:12,200.0,67.6,B
2021-06-30T11:03:12,46100.0,67.6,B
2021-06-30T11:02:22,4000.0,67.6,B
2021-06-30T11:02:16,100.0,67.6,B
2021-06-30T11:01:55,1000.0,67.6,B
2021-06-30T11:01:50,3500.0,67.6,B
2021-06-30T11:01:42,20400.0,67.6,S
2021-06-30T11:01:10,3500.0,67.7,B
2021-06-30T11:01:05,100.0,67.6,S
2021-06-30T11:01:04,100.0,67.6,S
2021-06-30T11:00:57,600.0,67.6,S
2021-06-30T11:00:57,200.0,67.6,S
2021-06-30T11:00:56,600.0,67.7,B
2021-06-30T11:00:51,3100.0,67.6,B
2021-06-30T11:00:49,1100.0,67.6,B
2021-06-30T11:00:49,300.0,67.7,B
2021-06-30T11:00:48,100.0,67.6,B
2021-06-30T11:00:43,10000.0,67.7,B
2021-06-30T11:00:41,7100.0,67.6,B
2021-06-30T11:00:41,200.0,67.6,B
2021-06-30T11:00:40,13700.0,67.6,B
2021-06-30T11:00:40,400.0,67.6,B
2021-06-30T11:00:39,600.0,67.6,B
2021-06-30T11:00:31,1000.0,67.6,B
2021-06-30T11:00:30,1500.0,67.6,B
2021-06-30T11:00:30,2500.0,67.6,B
2021-06-30T11:00:27,50000.0,67.6,B
2021-06-30T11:00:15,4000.0,67.6,B
2021-06-30T11:00:08,1000.0,67.6,B
2021-06-30T11:00:05,7000.0,67.6,B
2021-06-30T11:00:00,5000.0,67.6,B
2021-06-30T10:59:52,3000.0,67.6,B
2021-06-30T10:59:49,100.0,67.6,B
2021-06-30T10:59:27,400.0,67.6,B
2021-06-30T10:59:23,200.0,67.6,S
2021-06-30T10:59:23,41400.0,67.6,S
2021-06-30T10:59:23,2600.0,67.7,B
2021-06-30T10:58:59,100.0,67.6,S
2021-06-30T10:58:52,600.0,67.6,S
2021-06-30T10:58:49,600.0,67.7,B
2021-06-30T10:58:46,500.0,67.7,B
2021-06-30T10:58:45,3000.0,67.6,S
2021-06-30T10:58:39,15400.0,67.6,S
2021-06-30T10:58:30,200.0,67.6,B
2021-06-30T10:58:30,76900.0,67.6,B
2021-06-30T10:57:51,1000.0,67.6,B
2021-06-30T10:57:45,500.0,67.5,S
2021-06-30T10:57:41,5000.0,67.6,B
2021-06-30T10:57:39,50000.0,67.6,B
2021-06-30T10:57:38,100.0,67.6,B
2021-06-30T10:57:34,1000.0,67.6,B
2021-06-30T10:57:30,3700.0,67.6,B
2021-06-30T10:57:26,1000.0,67.6,B
2021-06-30T10:57:09,1000.0,67.6,B
2021-06-30T10:57:08,100.0,67.6,B
2021-06-30T10:56:57,400.0,67.6,B
2021-06-30T10:56:55,2300.0,67.6,B
2021-06-30T10:56:16,600.0,67.6,B
2021-06-30T10:56:11,200.0,67.6,B
2021-06-30T10:56:08,200.0,67.6,B
2021-06-30T10:55:46,1500.0,67.6,B
2021-06-30T10:55:44,1000.0,67.6,B
2021-06-30T10:55:41,2000.0,67.6,B
2021-06-30T10:55:38,900.0,67.5,S
2021-06-30T10:55:22,200.0,67.6,B
2021-06-30T10:55:16,100.0,67.6,B
2021-06-30T10:55:11,1000.0,67.5,S
2021-06-30T10:55:07,5000.0,67.6,B
2021-06-30T10:55:02,700.0,67.6,B
2021-06-30T10:54:42,700.0,67.6,B
2021-06-30T10:54:34,20000.0,67.6,B
2021-06-30T10:54:17,30000.0,67.6,B
2021-06-30T10:54:06,200.0,67.6,B
2021-06-30T10:54:01,5000.0,67.6,B
2021-06-30T10:53:59,500.0,67.6,B
2021-06-30T10:53:57,200.0,67.6,B
2021-06-30T10:53:53,500.0,67.6,B
2021-06-30T10:53:48,4000.0,67.6,S
2021-06-30T10:53:48,15300.0,67.6,S
2021-06-30T10:53:32,500.0,67.7,B
2021-06-30T10:53:27,100.0,67.6,S
2021-06-30T10:53:02,36600.0,67.6,B
2021-06-30T10:52:50,400.0,67.6,B
2021-06-30T10:52:50,200.0,67.6,B
2021-06-30T10:52:47,5100.0,67.6,B
2021-06-30T10:52:39,100.0,67.6,S
2021-06-30T10:52:39,6700.0,67.6,S
2021-06-30T10:52:39,300.0,67.6,S
2021-06-30T10:52:39,20600.0,67.6,S
2021-06-30T10:51:59,3000.0,67.7,B
2021-06-30T10:51:48,100.0,67.7,B
2021-06-30T10:51:46,4000.0,67.7,S
2021-06-30T10:51:46,3300.0,67.7,S
2021-06-30T10:51:24,1000.0,67.8,B
2021-06-30T10:51:24,500.0,67.8,B
2021-06-30T10:50:28,500.0,67.8,B
2021-06-30T10:50:16,2000.0,67.7,S
2021-06-30T10:49:58,1000.0,67.7,S
2021-06-30T10:49:53,1000.0,67.7,S
2021-06-30T10:49:51,4000.0,67.8,B
2021-06-30T10:49:51,6000.0,67.8,B
2021-06-30T10:49:51,2800.0,67.8,B
2021-06-30T10:49:51,2000.0,67.8,B
2021-06-30T10:49:51,35200.0,67.8,B
2021-06-30T10:49:47,100.0,67.7,B
2021-06-30T10:49:45,1600.0,67.7,B
2021-06-30T10:49:45,1600.0,67.7,B
2021-06-30T10:49:40,300.0,67.7,B
2021-06-30T10:49:29,50000.0,67.7,B
2021-06-30T10:49:27,2000.0,67.7,B
2021-06-30T10:49:25,500.0,67.6,S
2021-06-30T10:49:23,400.0,67.6,S
2021-06-30T10:49:22,10000.0,67.7,B
2021-06-30T10:49:08,100.0,67.6,S
2021-06-30T10:48:42,600.0,67.6,B
2021-06-30T10:48:31,16600.0,67.7,B
2021-06-30T10:48:31,1000.0,67.7,B
2021-06-30T10:48:31,20800.0,67.7,B
2021-06-30T10:48:30,61600.0,67.7,B
2021-06-30T10:48:25,100.0,67.6,B
2021-06-30T10:48:24,100.0,67.6,B
2021-06-30T10:48:24,1000.0,67.6,B
2021-06-30T10:48:07,500.0,67.6,B
2021-06-30T10:48:00,6800.0,67.5,S
2021-06-30T10:48:00,500.0,67.5,S
2021-06-30T10:47:59,2700.0,67.5,S
2021-06-30T10:47:51,300.0,67.6,B
2021-06-30T10:47:46,300.0,67.6,B
2021-06-30T10:47:37,100.0,67.6,B
2021-06-30T10:47:32,4000.0,67.6,B
2021-06-30T10:47:29,5000.0,67.6,B
2021-06-30T10:47:10,300.0,67.6,B
2021-06-30T10:47:05,200.0,67.6,B
2021-06-30T10:46:55,2100.0,67.6,B
2021-06-30T10:46:47,1200.0,67.6,B
2021-06-30T10:46:31,500.0,67.6,S
2021-06-30T10:46:31,2400.0,67.6,S
2021-06-30T10:46:18,1000.0,67.7,B
2021-06-30T10:46:05,800.0,67.6,S
2021-06-30T10:46:01,300.0,67.7,B
2021-06-30T10:45:43,100.0,67.7,B
2021-06-30T10:45:25,1000.0,67.7,B
2021-06-30T10:45:20,5000.0,67.7,B
2021-06-30T10:45:19,100.0,67.7,B
2021-06-30T10:45:17,50000.0,67.7,B
2021-06-30T10:45:15,1100.0,67.7,B
2021-06-30T10:45:07,4700.0,67.7,B
2021-06-30T10:44:59,400.0,67.7,B
2021-06-30T10:44:52,3700.0,67.7,B
2021-06-30T10:44:50,100.0,67.7,B
2021-06-30T10:44:36,500.0,67.7,B
2021-06-30T10:44:36,2000.0,67.6,B
2021-06-30T10:44:36,600.0,67.6,B
2021-06-30T10:44:28,400.0,67.6,B
2021-06-30T10:44:25,1500.0,67.6,B
2021-06-30T10:44:23,2500.0,67.6,B
2021-06-30T10:44:12,2000.0,67.6,B
2021-06-30T10:44:06,1000.0,67.6,B
2021-06-30T10:43:59,3800.0,67.7,B
2021-06-30T10:43:59,46200.0,67.7,B
2021-06-30T10:43:55,100.0,67.6,B
2021-06-30T10:43:39,3000.0,67.5,S
2021-06-30T10:43:35,10000.0,67.6,B
2021-06-30T10:43:17,1500.0,67.6,B
2021-06-30T10:43:13,600.0,67.6,B
2021-06-30T10:43:07,5500.0,67.6,B
2021-06-30T10:43:01,500.0,67.6,B
2021-06-30T10:43:01,400.0,67.6,B
2021-06-30T10:42:47,300.0,67.6,B
2021-06-30T10:42:40,100.0,67.6,B
2021-06-30T10:42:15,10000.0,67.6,B
2021-06-30T10:42:07,200.0,67.6,B
2021-06-30T10:41:53,2000.0,67.5,S
2021-06-30T10:41:43,4700.0,67.6,B
2021-06-30T10:41:18,500.0,67.6,B
2021-06-30T10:41:07,8500.0,67.6,S
2021-06-30T10:41:07,19000.0,67.6,S
2021-06-30T10:41:07,1300.0,67.6,S
2021-06-30T10:41:03,3800.0,67.7,B
2021-06-30T10:41:03,1900.0,67.7,B
2021-06-30T10:41:03,4300.0,67.7,B
2021-06-30T10:41:03,50000.0,67.7,B
2021-06-30T10:40:44,200.0,67.7,B
2021-06-30T10:40:41,200.0,67.7,B
2021-06-30T10:40:39,5300.0,67.7,S
2021-06-30T10:40:25,1900.0,67.7,S
2021-06-30T10:40:13,50000.0,67.8,B
2021-06-30T10:40:03,300.0,67.8,B
2021-06-30T10:39:53,2000.0,67.8,B
2021-06-30T10:39:53,2000.0,67.8,B
2021-06-30T10:39:47,10000.0,67.8,B
2021-06-30T10:39:40,400.0,67.8,B
2021-06-30T10:39:34,1000.0,67.8,B
2021-06-30T10:39:32,10000.0,67.8,B
2021-06-30T10:39:31,900.0,67.6,S
2021-06-30T10:39:31,100.0,67.7,B
2021-06-30T10:39:29,30000.0,67.8,B
2021-06-30T10:39:23,200.0,67.7,B
2021-06-30T10:39:22,500.0,67.7,B
2021-06-30T10:39:19,300.0,67.7,B
2021-06-30T10:39:08,1000.0,67.7,B
2021-06-30T10:39:04,300.0,67.7,B
2021-06-30T10:39:04,5100.0,67.7,B
2021-06-30T10:39:04,200.0,67.7,B
2021-06-30T10:39:04,200.0,67.7,B
2021-06-30T10:39:04,15000.0,67.7,B
2021-06-30T10:39:02,100.0,67.7,B
2021-06-30T10:38:58,2700.0,67.6,S
2021-06-30T10:38:54,5000.0,67.7,B
2021-06-30T10:38:52,300.0,67.7,B
2021-06-30T10:38:48,1200.0,67.6,S
2021-06-30T10:38:45,3000.0,67.7,B
2021-06-30T10:38:45,500.0,67.7,B
2021-06-30T10:38:44,1000.0,67.7,B
2021-06-30T10:38:41,2000.0,67.7,B
2021-06-30T10:38:31,100.0,67.7,B
2021-06-30T10:38:31,100.0,67.7,B
2021-06-30T10:38:31,49900.0,67.7,B
2021-06-30T10:38:27,1000.0,67.7,B
2021-06-30T10:38:14,7400.0,67.7,B
2021-06-30T10:38:06,100.0,67.6,S
2021-06-30T10:38:01,4200.0,67.7,B
2021-06-30T10:37:52,200.0,67.7,B
2021-06-30T10:37:46,100.0,67.7,B
2021-06-30T10:37:39,6000.0,67.7,B
2021-06-30T10:37:38,4000.0,67.7,B
2021-06-30T10:37:38,2000.0,67.6,S
2021-06-30T10:37:24,300.0,67.6,S
2021-06-30T10:37:24,40000.0,67.7,B
2021-06-30T10:37:18,100.0,67.7,B
2021-06-30T10:37:13,200.0,67.7,B
2021-06-30T10:37:01,1900.0,67.7,B
2021-06-30T10:36:58,700.0,67.7,B
2021-06-30T10:36:32,50000.0,67.7,B
2021-06-30T10:36:11,900.0,67.7,B
2021-06-30T10:36:08,5000.0,67.7,B
2021-06-30T10:35:59,400.0,67.5,B
2021-06-30T10:35:55,300.0,67.6,S
2021-06-30T10:35:55,700.0,67.6,S
2021-06-30T10:35:53,4800.0,67.7,B
2021-06-30T10:35:53,9900.0,67.7,B
2021-06-30T10:35:53,2000.0,67.6,B
2021-06-30T10:35:53,33300.0,67.6,B
2021-06-30T10:35:51,100.0,67.5,S
2021-06-30T10:35:50,5000.0,67.5,S
2021-06-30T10:35:47,5000.0,67.5,S
2021-06-30T10:35:46,200.0,67.4,S
2021-06-30T10:35:39,1600.0,67.4,S
2021-06-30T10:35:34,1000.0,67.6,B
2021-06-30T10:35:24,12000.0,67.6,B
2021-06-30T10:35:24,1500.0,67.4,S
2021-06-30T10:35:18,10000.0,67.4,S
2021-06-30T10:35:14,100.0,67.6,B
2021-06-30T10:35:11,10000.0,67.6,B
2021-06-30T10:35:09,3700.0,67.6,B
2021-06-30T10:34:55,20400.0,67.6,B
2021-06-30T10:34:55,1100.0,67.6,B
2021-06-30T10:34:55,7300.0,67.6,B
2021-06-30T10:34:55,10100.0,67.6,B
2021-06-30T10:34:55,2300.0,67.6,B
2021-06-30T10:34:55,200.0,67.6,B
2021-06-30T10:34:55,2100.0,67.6,B
2021-06-30T10:34:55,17400.0,67.6,B
2021-06-30T10:34:55,800.0,67.5,B
2021-06-30T10:34:55,16200.0,67.5,B
2021-06-30T10:34:55,1000.0,67.5,B
2021-06-30T10:34:55,1100.0,67.5,B
2021-06-30T10:34:54,20000.0,67.5,B
2021-06-30T10:34:53,500.0,67.5,B
2021-06-30T10:34:32,5000.0,67.5,B
2021-06-30T10:34:27,50000.0,67.5,B
2021-06-30T10:34:06,100.0,67.4,S
2021-06-30T10:34:06,1500.0,67.5,B
2021-06-30T10:34:00,1000.0,67.4,S
2021-06-30T10:33:57,200.0,67.5,B
2021-06-30T10:33:56,44600.0,67.5,B
2021-06-30T10:33:56,4900.0,67.5,B
2021-06-30T10:33:56,500.0,67.5,B
2021-06-30T10:33:49,2600.0,67.5,B
2021-06-30T10:33:48,400.0,67.5,B
2021-06-30T10:33:47,400.0,67.4,S
2021-06-30T10:33:37,3000.0,67.4,S
2021-06-30T10:33:26,2200.0,67.4,S
2021-06-30T10:33:26,900.0,67.4,S
2021-06-30T10:33:26,16900.0,67.4,S
2021-06-30T10:33:05,2200.0,67.5,B
2021-06-30T10:32:55,300.0,67.4,S
2021-06-30T10:32:49,2000.0,67.4,S
2021-06-30T10:32:48,1500.0,67.5,S
2021-06-30T10:32:45,200.0,67.5,S
2021-06-30T10:32:45,2000.0,67.6,B
2021-06-30T10:32:41,15200.0,67.5,B
2021-06-30T10:32:41,1300.0,67.5,B
2021-06-30T10:32:41,1000.0,67.5,B
2021-06-30T10:32:41,500.0,67.5,B
2021-06-30T10:32:41,1700.0,67.5,B
2021-06-30T10:32:41,1000.0,67.5,B
2021-06-30T10:32:41,27600.0,67.5,B
2021-06-30T10:32:12,90300.0,67.5,B
2021-06-30T10:32:12,3500.0,67.5,B
2021-06-30T10:32:12,700.0,67.5,B
2021-06-30T10:32:12,900.0,67.5,B
2021-06-30T10:32:12,4600.0,67.5,B
2021-06-30T10:32:00,100.0,67.4,S
2021-06-30T10:31:49,100.0,67.4,S
2021-06-30T10:31:49,400.0,67.5,B
2021-06-30T10:31:42,1100.0,67.4,B
2021-06-30T10:31:39,100.0,67.4,B
2021-06-30T10:31:34,7500.0,67.4,B
2021-06-30T10:31:33,200.0,67.4,B
2021-06-30T10:31:31,700.0,67.4,B
2021-06-30T10:31:14,5000.0,67.4,B
2021-06-30T10:31:14,25000.0,67.4,B
2021-06-30T10:31:06,5000.0,67.4,B
2021-06-30T10:30:58,300.0,67.4,B
2021-06-30T10:30:54,500.0,67.4,B
2021-06-30T10:30:52,2800.0,67.4,B
2021-06-30T10:30:52,47200.0,67.4,B
2021-06-30T10:30:44,400.0,67.3,S
2021-06-30T10:30:22,100.0,67.4,S
2021-06-30T10:30:22,22700.0,67.4,S
2021-06-30T10:30:14,1000.0,67.4,S
2021-06-30T10:30:13,100.0,67.4,S
2021-06-30T10:30:12,100.0,67.4,S
2021-06-30T10:30:10,400.0,67.4,S
2021-06-30T10:30:03,1000.0,67.4,S
2021-06-30T10:30:03,800.0,67.4,S
2021-06-30T10:30:03,2300.0,67.4,S
2021-06-30T10:29:59,100.0,67.4,S
2021-06-30T10:29:53,800.0,67.5,B
2021-06-30T10:29:53,1200.0,67.5,B
2021-06-30T10:29:53,1600.0,67.5,B
2021-06-30T10:29:53,1400.0,67.5,B
2021-06-30T10:29:50,3900.0,67.4,B
2021-06-30T10:29:50,2000.0,67.4,B
2021-06-30T10:29:50,4000.0,67.4,B
2021-06-30T10:29:50,1800.0,67.4,B
2021-06-30T10:29:50,9800.0,67.4,B
2021-06-30T10:29:45,1000.0,67.4,B
2021-06-30T10:29:42,100.0,67.3,S
2021-06-30T10:29:35,100.0,67.4,B
2021-06-30T10:29:30,400.0,67.3,S
2021-06-30T10:29:29,100.0,67.3,S
2021-06-30T10:29:22,3000.0,67.3,S
2021-06-30T10:29:20,700.0,67.3,S
2021-06-30T10:29:12,5000.0,67.3,S
2021-06-30T10:29:02,100.0,67.3,S
2021-06-30T10:29:01,100.0,67.3,S
2021-06-30T10:28:54,1100.0,67.3,S
2021-06-30T10:28:53,800.0,67.3,S
2021-06-30T10:28:45,100.0,67.3,S
2021-06-30T10:28:45,13100.0,67.4,B
2021-06-30T10:28:44,2400.0,67.4,B
2021-06-30T10:28:44,3300.0,67.4,B
2021-06-30T10:28:44,200.0,67.4,B
2021-06-30T10:28:44,14000.0,67.4,B
2021-06-30T10:28:44,600.0,67.4,B
2021-06-30T10:28:44,400.0,67.4,B
2021-06-30T10:28:44,2500.0,67.4,B
2021-06-30T10:28:44,2000.0,67.4,B
2021-06-30T10:28:44,100.0,67.4,B
2021-06-30T10:28:44,1000.0,67.4,B
2021-06-30T10:28:44,2000.0,67.4,B
2021-06-30T10:28:44,8400.0,67.4,B
2021-06-30T10:28:43,700.0,67.4,B
2021-06-30T10:28:41,10000.0,67.4,B
2021-06-30T10:28:37,1000.0,67.3,S
2021-06-30T10:28:27,10000.0,67.4,B
2021-06-30T10:28:17,10000.0,67.4,B
2021-06-30T10:28:01,400.0,67.3,S
2021-06-30T10:27:53,4000.0,67.4,B
2021-06-30T10:27:47,100.0,67.4,B
2021-06-30T10:27:47,400.0,67.4,B
2021-06-30T10:26:51,1500.0,67.4,B
2021-06-30T10:26:46,100.0,67.3,S
2021-06-30T10:26:44,1000.0,67.4,B
2021-06-30T10:26:43,100.0,67.3,S
2021-06-30T10:26:39,900.0,67.3,S
2021-06-30T10:26:31,6200.0,67.3,S
2021-06-30T10:26:02,3000.0,67.4,B
2021-06-30T10:26:01,200.0,67.4,B
2021-06-30T10:26:00,10000.0,67.4,B
2021-06-30T10:25:52,100.0,67.3,S
2021-06-30T10:25:39,2500.0,67.4,B
2021-06-30T10:25:39,4500.0,67.4,B
2021-06-30T10:25:16,300.0,67.4,B
2021-06-30T10:24:53,300.0,67.4,B
2021-06-30T10:24:37,1000.0,67.4,B
2021-06-30T10:24:25,2000.0,67.4,B
2021-06-30T10:24:25,8000.0,67.4,B
2021-06-30T10:23:50,200.0,67.4,B
2021-06-30T10:23:49,1000.0,67.4,B
2021-06-30T10:23:49,9000.0,67.4,B
2021-06-30T10:23:48,100.0,67.4,B
2021-06-30T10:23:45,300.0,67.3,S
2021-06-30T10:23:37,700.0,67.4,B
2021-06-30T10:23:29,400.0,67.4,B
2021-06-30T10:23:27,200.0,67.4,B
2021-06-30T10:23:18,10000.0,67.4,B
2021-06-30T10:23:09,5000.0,67.4,B
2021-06-30T10:22:17,300.0,67.4,B
2021-06-30T10:22:15,700.0,67.4,B
2021-06-30T10:22:14,200.0,67.4,B
2021-06-30T10:22:13,1000.0,67.4,B
2021-06-30T10:21:57,3000.0,67.4,B
2021-06-30T10:21:54,100.0,67.4,B
2021-06-30T10:21:46,5000.0,67.4,B
2021-06-30T10:21:35,2000.0,67.4,B
2021-06-30T10:21:34,200.0,67.4,B
2021-06-30T10:21:23,45000.0,67.4,B
2021-06-30T10:21:20,55000.0,67.4,B
2021-06-30T10:21:12,100.0,67.4,B
2021-06-30T10:21:10,100000.0,67.4,B
2021-06-30T10:21:02,100.0,67.4,B
2021-06-30T10:20:56,3200.0,67.4,B
2021-06-30T10:20:46,100.0,67.4,B
2021-06-30T10:20:44,200.0,67.4,S
2021-06-30T10:20:44,29500.0,67.4,S
2021-06-30T10:20:39,200.0,67.4,S
2021-06-30T10:20:20,200.0,67.4,S
2021-06-30T10:20:11,1500.0,67.4,S
2021-06-30T10:20:09,300.0,67.4,S
2021-06-30T10:20:02,10000.0,67.4,S
2021-06-30T10:19:59,200.0,67.4,S
2021-06-30T10:19:45,500.0,67.4,S
2021-06-30T10:19:35,100.0,67.4,S
2021-06-30T10:19:29,2700.0,67.5,B
2021-06-30T10:19:27,1000.0,67.4,S
2021-06-30T10:19:18,600.0,67.4,S
2021-06-30T10:19:09,200.0,67.5,B
2021-06-30T10:18:54,400.0,67.4,S
2021-06-30T10:18:45,3000.0,67.4,S
2021-06-30T10:18:35,20100.0,67.4,S
2021-06-30T10:18:32,300.0,67.4,S
2021-06-30T10:18:24,2600.0,67.4,S
2021-06-30T10:18:19,300.0,67.4,B
2021-06-30T10:18:13,17700.0,67.4,B
2021-06-30T10:18:10,2000.0,67.4,B
2021-06-30T10:18:06,100.0,67.3,S
2021-06-30T10:18:06,200.0,67.4,B
2021-06-30T10:18:03,200.0,67.4,B
2021-06-30T10:18:03,300.0,67.4,B
2021-06-30T10:17:59,1000.0,67.3,S
2021-06-30T10:17:46,5000.0,67.4,B
2021-06-30T10:17:35,1000.0,67.4,B
2021-06-30T10:17:16,5800.0,67.4,B
2021-06-30T10:17:16,3500.0,67.4,B
2021-06-30T10:17:16,700.0,67.4,B
2021-06-30T10:17:16,800.0,67.4,B
2021-06-30T10:17:16,29700.0,67.4,B
2021-06-30T10:17:16,100.0,67.4,B
2021-06-30T10:17:16,100.0,67.4,B
2021-06-30T10:17:16,7800.0,67.4,B
2021-06-30T10:17:16,1500.0,67.4,B
2021-06-30T10:17:14,100.0,67.4,B
2021-06-30T10:17:10,1500.0,67.4,B
2021-06-30T10:17:08,100.0,67.4,B
2021-06-30T10:17:02,300.0,67.4,B
2021-06-30T10:17:01,100.0,67.4,B
2021-06-30T10:16:51,50000.0,67.4,B
2021-06-30T10:16:46,100.0,67.4,B
2021-06-30T10:16:44,3000.0,67.4,B
2021-06-30T10:16:30,100.0,67.4,B
2021-06-30T10:16:20,100.0,67.4,B
2021-06-30T10:16:05,100.0,67.4,B
2021-06-30T10:16:01,100.0,67.4,B
2021-06-30T10:15:54,100.0,67.4,B
2021-06-30T10:15:05,100.0,67.3,S
2021-06-30T10:14:55,1000.0,67.3,S
2021-06-30T10:14:48,100.0,67.4,B
2021-06-30T10:14:36,100.0,67.3,S
2021-06-30T10:14:32,500.0,67.4,B
2021-06-30T10:13:50,50000.0,67.4,B
2021-06-30T10:13:47,100.0,67.3,S
2021-06-30T10:13:41,500.0,67.3,S
2021-06-30T10:13:40,500.0,67.4,B
2021-06-30T10:13:18,300.0,67.3,S
2021-06-30T10:13:18,100.0,67.4,B
2021-06-30T10:13:11,100.0,67.3,S
2021-06-30T10:13:04,800.0,67.3,S
2021-06-30T10:12:58,300.0,67.3,B
2021-06-30T10:12:56,5800.0,67.3,B
2021-06-30T10:12:52,2200.0,67.3,B
2021-06-30T10:12:48,11300.0,67.3,B
2021-06-30T10:12:48,7900.0,67.3,B
2021-06-30T10:12:48,200.0,67.3,B
2021-06-30T10:12:48,9500.0,67.3,B
2021-06-30T10:12:48,5600.0,67.3,B
2021-06-30T10:12:48,800.0,67.3,B
2021-06-30T10:12:48,3600.0,67.3,B
2021-06-30T10:12:47,100.0,67.3,B
2021-06-30T10:12:44,15000.0,67.3,B
2021-06-30T10:12:37,50000.0,67.3,B
2021-06-30T10:12:36,1300.0,67.3,B
2021-06-30T10:12:34,25000.0,67.3,B
2021-06-30T10:12:20,100.0,67.3,B
2021-06-30T10:12:14,400.0,67.3,B
2021-06-30T10:12:09,1000.0,67.3,B
2021-06-30T10:11:57,500.0,67.3,B
2021-06-30T10:11:52,1000.0,67.3,B
2021-06-30T10:11:47,100.0,67.3,B
2021-06-30T10:11:40,700.0,67.3,B
2021-06-30T10:11:38,100000.0,67.3,B
2021-06-30T10:11:36,1000.0,67.3,B
2021-06-30T10:11:35,100.0,67.3,B
2021-06-30T10:11:33,300.0,67.2,S
2021-06-30T10:11:13,1000.0,67.3,B
2021-06-30T10:11:07,1600.0,67.3,B
2021-06-30T10:10:53,300.0,67.3,S
2021-06-30T10:10:53,700.0,67.3,S
2021-06-30T10:10:53,2100.0,67.3,S
2021-06-30T10:10:53,300.0,67.3,S
2021-06-30T10:10:53,4900.0,67.3,S
2021-06-30T10:10:52,1200.0,67.3,S
2021-06-30T10:10:52,300.0,67.3,S
2021-06-30T10:10:52,400.0,67.3,S
2021-06-30T10:10:52,300.0,67.3,S
2021-06-30T10:10:52,100.0,67.3,S
2021-06-30T10:10:52,700.0,67.3,S
2021-06-30T10:10:52,6000.0,67.3,S
2021-06-30T10:10:52,400.0,67.3,S
2021-06-30T10:10:52,9200.0,67.3,S
2021-06-30T10:10:51,6000.0,67.3,S
2021-06-30T10:10:51,100.0,67.3,S
2021-06-30T10:10:51,100.0,67.3,S
2021-06-30T10:10:51,300.0,67.3,S
2021-06-30T10:10:47,2000.0,67.4,B
2021-06-30T10:10:45,2700.0,67.3,S
2021-06-30T10:10:45,100.0,67.3,S
2021-06-30T10:10:45,1600.0,67.3,S
2021-06-30T10:10:45,2700.0,67.3,S
2021-06-30T10:10:45,100200.0,67.3,S
2021-06-30T10:10:45,2200.0,67.3,S
2021-06-30T10:10:44,200.0,67.3,S
2021-06-30T10:10:44,900.0,67.3,S
2021-06-30T10:10:44,41900.0,67.3,S
2021-06-30T10:10:44,47500.0,67.3,S
2021-06-30T10:10:33,200.0,67.4,B
2021-06-30T10:10:22,2900.0,67.4,B
2021-06-30T10:10:09,100.0,67.4,S
2021-06-30T10:10:02,3000.0,67.4,S
2021-06-30T10:10:00,1000.0,67.4,S
2021-06-30T10:09:59,2000.0,67.4,S
2021-06-30T10:09:59,400.0,67.4,S
2021-06-30T10:09:40,300.0,67.5,B
2021-06-30T10:09:29,200.0,67.5,B
2021-06-30T10:09:07,200.0,67.5,B
2021-06-30T10:08:59,100.0,67.4,S
2021-06-30T10:08:50,1300.0,67.4,S
2021-06-30T10:08:44,100.0,67.4,S
2021-06-30T10:08:42,600.0,67.5,B
2021-06-30T10:08:41,2600.0,67.4,S
2021-06-30T10:08:41,2000.0,67.4,S
2021-06-30T10:08:41,4000.0,67.4,S
2021-06-30T10:08:41,400.0,67.5,B
2021-06-30T10:08:37,700.0,67.4,S
2021-06-30T10:08:28,3500.0,67.4,S
2021-06-30T10:08:28,1200.0,67.4,S
2021-06-30T10:08:24,100.0,67.5,B
2021-06-30T10:08:23,400.0,67.5,B
2021-06-30T10:07:42,100.0,67.5,B
2021-06-30T10:07:41,500.0,67.4,S
2021-06-30T10:07:14,300.0,67.5,B
2021-06-30T10:06:32,200.0,67.5,B
2021-06-30T10:06:29,300.0,67.4,S
2021-06-30T10:06:05,100.0,67.4,S
2021-06-30T10:05:51,100.0,67.4,S
2021-06-30T10:05:44,700.0,67.4,S
2021-06-30T10:05:36,5000.0,67.4,S
2021-06-30T10:05:14,1000.0,67.5,B
2021-06-30T10:05:02,300.0,67.4,S
2021-06-30T10:05:00,500.0,67.5,B
2021-06-30T10:04:46,300.0,67.5,B
2021-06-30T10:04:42,400.0,67.4,S
2021-06-30T10:04:42,400.0,67.4,S
2021-06-30T10:04:34,100.0,67.4,S
2021-06-30T10:04:34,4700.0,67.4,S
2021-06-30T10:04:34,700.0,67.4,S
2021-06-30T10:04:33,100.0,67.4,S
2021-06-30T10:04:28,100.0,67.4,S
2021-06-30T10:04:26,700.0,67.4,S
2021-06-30T10:04:25,4700.0,67.4,S
2021-06-30T10:04:22,200.0,67.4,S
2021-06-30T10:04:15,700.0,67.4,S
2021-06-30T10:04:14,4700.0,67.4,S
2021-06-30T10:04:12,100.0,67.4,S
2021-06-30T10:04:11,300.0,67.4,S
2021-06-30T10:04:01,2600.0,67.4,S
2021-06-30T10:04:01,2100.0,67.4,S
2021-06-30T10:03:57,500.0,67.4,S
2021-06-30T10:03:57,300.0,67.4,S
2021-06-30T10:03:57,2300.0,67.4,S
2021-06-30T10:03:56,100.0,67.4,S
2021-06-30T10:03:49,500.0,67.4,S
2021-06-30T10:03:46,16100.0,67.4,S
2021-06-30T10:03:46,200.0,67.4,S
2021-06-30T10:03:45,1000.0,67.4,S
2021-06-30T10:03:45,3700.0,67.4,S
2021-06-30T10:03:45,700.0,67.4,S
2021-06-30T10:03:42,100.0,67.4,S
2021-06-30T10:03:37,4700.0,67.4,S
2021-06-30T10:03:10,300.0,67.4,S
2021-06-30T10:02:50,200.0,67.4,S
2021-06-30T10:02:43,1500.0,67.4,S
2021-06-30T10:02:34,100.0,67.4,S
2021-06-30T10:02:11,300.0,67.4,S
2021-06-30T10:01:58,100.0,67.4,S
2021-06-30T10:01:52,1200.0,67.4,S
2021-06-30T10:00:47,200.0,67.4,S
2021-06-30T10:00:44,5000.0,67.5,B
2021-06-30T10:00:44,400.0,67.4,S
2021-06-30T10:00:42,100.0,67.4,S
2021-06-30T10:00:34,1000.0,67.4,S
2021-06-30T10:00:33,5000.0,67.5,B
2021-06-30T10:00:27,100.0,67.4,S
2021-06-30T10:00:16,800.0,67.4,S
2021-06-30T10:00:04,5400.0,67.4,S
2021-06-30T09:59:54,36000.0,67.4,S
2021-06-30T09:59:45,5000.0,67.5,B
2021-06-30T09:59:44,100.0,67.4,S
2021-06-30T09:59:43,500.0,67.5,B
2021-06-30T09:59:40,10000.0,67.5,B
2021-06-30T09:59:25,8500.0,67.5,B
2021-06-30T09:59:23,100.0,67.4,S
2021-06-30T09:59:18,10000.0,67.5,B
2021-06-30T09:59:15,1000.0,67.4,B
2021-06-30T09:59:06,40200.0,67.5,B
2021-06-30T09:59:06,1900.0,67.5,B
2021-06-30T09:59:06,7900.0,67.5,B
2021-06-30T09:59:02,500.0,67.5,B
2021-06-30T09:59:02,1400.0,67.5,B
2021-06-30T09:59:02,2500.0,67.5,B
2021-06-30T09:59:02,300.0,67.5,B
2021-06-30T09:59:02,1900.0,67.5,B
2021-06-30T09:59:02,2200.0,67.4,B
2021-06-30T09:59:02,1200.0,67.4,B
2021-06-30T09:58:45,6200.0,67.4,B
2021-06-30T09:58:43,1500.0,67.4,B
2021-06-30T09:58:42,600.0,67.4,B
2021-06-30T09:58:38,41900.0,67.4,B
2021-06-30T09:58:36,8700.0,67.3,S
2021-06-30T09:58:36,600.0,67.3,S
2021-06-30T09:58:35,700.0,67.3,S
2021-06-30T09:58:29,3000.0,67.4,B
2021-06-30T09:58:18,100.0,67.3,S
2021-06-30T09:58:07,800.0,67.4,B
2021-06-30T09:57:59,100.0,67.4,B
2021-06-30T09:57:57,5000.0,67.4,B
2021-06-30T09:57:45,200.0,67.4,B
2021-06-30T09:57:43,200.0,67.4,B
2021-06-30T09:57:34,300.0,67.4,B
2021-06-30T09:57:14,500.0,67.4,B
2021-06-30T09:57:11,38500.0,67.4,B
2021-06-30T09:57:11,2500.0,67.4,B
2021-06-30T09:57:10,9000.0,67.4,B
2021-06-30T09:56:59,100.0,67.4,B
2021-06-30T09:56:53,100.0,67.4,B
2021-06-30T09:56:52,400.0,67.4,B
2021-06-30T09:56:52,100.0,67.4,B
2021-06-30T09:56:52,900.0,67.4,B
2021-06-30T09:56:47,600.0,67.4,S
2021-06-30T09:56:44,500.0,67.4,S
2021-06-30T09:56:35,1400.0,67.4,S
2021-06-30T09:56:34,100.0,67.4,S
2021-06-30T09:56:34,600.0,67.4,S
2021-06-30T09:56:32,2100.0,67.4,S
2021-06-30T09:56:30,1100.0,67.4,S
2021-06-30T09:56:30,500.0,67.4,S
2021-06-30T09:56:30,1400.0,67.4,S
2021-06-30T09:56:27,3600.0,67.4,S
2021-06-30T09:56:26,13400.0,67.4,S
2021-06-30T09:56:26,400.0,67.4,S
2021-06-30T09:56:26,3600.0,67.4,S
2021-06-30T09:56:25,800.0,67.4,S
2021-06-30T09:56:25,100.0,67.4,S
2021-06-30T09:56:24,300.0,67.4,S
2021-06-30T09:56:24,200.0,67.4,S
2021-06-30T09:56:24,1200.0,67.4,S
2021-06-30T09:56:24,100.0,67.4,S
2021-06-30T09:56:24,800.0,67.4,S
2021-06-30T09:56:24,2000.0,67.4,S
2021-06-30T09:56:23,1100.0,67.4,S
2021-06-30T09:56:23,1600.0,67.4,S
2021-06-30T09:56:23,1000.0,67.4,S
2021-06-30T09:56:23,1200.0,67.4,S
2021-06-30T09:56:23,100.0,67.4,S
2021-06-30T09:56:22,9500.0,67.4,S
2021-06-30T09:56:19,20000.0,67.4,S
2021-06-30T09:56:17,200.0,67.4,S
2021-06-30T09:56:06,1400.0,67.4,S
2021-06-30T09:55:57,600.0,67.4,S
2021-06-30T09:55:53,1900.0,67.4,S
2021-06-30T09:55:53,6200.0,67.4,S
2021-06-30T09:55:53,1700.0,67.4,S
2021-06-30T09:55:50,100.0,67.4,S
2021-06-30T09:55:50,3000.0,67.4,S
2021-06-30T09:55:49,1500.0,67.4,S
2021-06-30T09:55:43,900.0,67.4,S
2021-06-30T09:55:42,300.0,67.4,S
2021-06-30T09:55:42,2700.0,67.4,S
2021-06-30T09:55:42,100.0,67.4,S
2021-06-30T09:55:42,1300.0,67.4,S
2021-06-30T09:55:42,8600.0,67.4,S
2021-06-30T09:55:42,100.0,67.4,S
2021-06-30T09:55:41,1200.0,67.4,S
2021-06-30T09:55:41,5500.0,67.4,S
2021-06-30T09:55:41,300.0,67.4,S
2021-06-30T09:55:41,10200.0,67.4,S
2021-06-30T09:55:33,3200.0,67.4,S
2021-06-30T09:55:33,1300.0,67.4,S
2021-06-30T09:55:33,2000.0,67.4,S
2021-06-30T09:55:32,2300.0,67.4,S
2021-06-30T09:54:38,500.0,67.4,S
2021-06-30T09:54:35,300.0,67.4,S
2021-06-30T09:54:32,400.0,67.4,S
2021-06-30T09:54:31,3600.0,67.4,S
2021-06-30T09:54:23,24600.0,67.4,S
2021-06-30T09:54:19,2000.0,67.5,B
2021-06-30T09:54:11,100.0,67.4,S
2021-06-30T09:54:05,300.0,67.5,B
2021-06-30T09:54:05,100.0,67.5,B
2021-06-30T09:53:30,500.0,67.5,B
2021-06-30T09:53:30,5000.0,67.5,B
2021-06-30T09:53:28,300.0,67.5,B
2021-06-30T09:53:16,6000.0,67.5,B
2021-06-30T09:53:08,3000.0,67.5,B
2021-06-30T09:53:07,100.0,67.5,B
2021-06-30T09:53:06,100.0,67.5,S
2021-06-30T09:53:00,2000.0,67.5,S
2021-06-30T09:52:53,10000.0,67.5,S
2021-06-30T09:52:42,2800.0,67.5,S
2021-06-30T09:52:37,20000.0,67.6,B
2021-06-30T09:52:34,100.0,67.5,S
2021-06-30T09:52:34,100.0,67.5,B
2021-06-30T09:52:30,300.0,67.5,B
2021-06-30T09:52:28,1000.0,67.5,B
2021-06-30T09:52:19,1000.0,67.5,B
2021-06-30T09:52:19,1000.0,67.5,B
2021-06-30T09:51:59,7000.0,67.5,S
2021-06-30T09:51:58,400.0,67.5,S
2021-06-30T09:51:53,100.0,67.5,B
2021-06-30T09:51:52,52500.0,67.5,B
2021-06-30T09:51:47,1000.0,67.5,B
2021-06-30T09:51:26,10000.0,67.5,S
2021-06-30T09:51:21,50000.0,67.5,S
2021-06-30T09:51:20,7000.0,67.5,S
2021-06-30T09:51:20,52500.0,67.5,S
2021-06-30T09:51:20,10000.0,67.6,B
2021-06-30T09:51:09,400.0,67.5,B
2021-06-30T09:51:06,200.0,67.5,B
2021-06-30T09:51:04,400.0,67.5,B
2021-06-30T09:51:03,5000.0,67.6,B
2021-06-30T09:51:03,100.0,67.5,B
2021-06-30T09:51:03,1500.0,67.5,B
2021-06-30T09:51:02,1000.0,67.5,B
2021-06-30T09:51:02,2000.0,67.5,B
2021-06-30T09:50:58,1400.0,67.5,B
2021-06-30T09:50:57,3000.0,67.5,B
2021-06-30T09:50:55,10000.0,67.5,B
2021-06-30T09:50:54,100.0,67.5,B
2021-06-30T09:50:51,600.0,67.5,B
2021-06-30T09:50:51,9000.0,67.5,B
2021-06-30T09:50:51,20500.0,67.5,B
2021-06-30T09:50:47,1000.0,67.4,S
2021-06-30T09:50:34,2000.0,67.5,B
2021-06-30T09:50:29,60000.0,67.5,B
2021-06-30T09:50:22,1000.0,67.5,B
2021-06-30T09:50:17,2000.0,67.5,B
2021-06-30T09:50:16,17600.0,67.5,B
2021-06-30T09:50:16,600.0,67.5,B
2021-06-30T09:50:08,2400.0,67.5,B
2021-06-30T09:50:07,300.0,67.5,B
2021-06-30T09:50:07,1600.0,67.5,B
2021-06-30T09:50:03,500.0,67.5,B
2021-06-30T09:49:57,1000.0,67.5,B
2021-06-30T09:49:53,200.0,67.5,B
2021-06-30T09:49:51,200.0,67.5,B
2021-06-30T09:49:49,400.0,67.5,B
2021-06-30T09:49:30,100.0,67.5,B
2021-06-30T09:49:22,8500.0,67.5,S
2021-06-30T09:49:16,600.0,67.5,S
2021-06-30T09:49:14,100.0,67.5,S
2021-06-30T09:49:11,5000.0,67.5,S
2021-06-30T09:49:10,1700.0,67.5,S
2021-06-30T09:49:10,500.0,67.5,S
2021-06-30T09:49:07,300.0,67.5,S
2021-06-30T09:49:03,200.0,67.5,S
2021-06-30T09:49:03,2800.0,67.5,S
2021-06-30T09:48:57,100.0,67.5,S
2021-06-30T09:48:57,2000.0,67.5,S
2021-06-30T09:48:54,20000.0,67.5,S
2021-06-30T09:48:52,300.0,67.5,S
2021-06-30T09:48:50,2000.0,67.6,B
2021-06-30T09:48:48,1000.0,67.5,S
2021-06-30T09:48:44,2500.0,67.5,S
2021-06-30T09:48:39,200.0,67.6,B
2021-06-30T09:48:32,200.0,67.5,S
2021-06-30T09:48:30,300.0,67.5,S
2021-06-30T09:48:23,1900.0,67.5,B
2021-06-30T09:48:23,2000.0,67.5,B
2021-06-30T09:48:22,9000.0,67.6,B
2021-06-30T09:48:17,13000.0,67.5,B
2021-06-30T09:48:15,100.0,67.5,B
2021-06-30T09:48:14,1000.0,67.6,B
2021-06-30T09:48:13,100.0,67.5,B
2021-06-30T09:48:10,400.0,67.5,B
2021-06-30T09:48:10,17300.0,67.5,B
2021-06-30T09:48:10,69300.0,67.5,B
2021-06-30T09:48:06,800.0,67.5,B
2021-06-30T09:48:06,1000.0,67.4,S
2021-06-30T09:47:59,1000.0,67.5,B
2021-06-30T09:47:48,100.0,67.5,S
2021-06-30T09:47:44,1700.0,67.5,S
2021-06-30T09:47:41,1000.0,67.5,S
2021-06-30T09:47:39,300.0,67.5,S
2021-06-30T09:47:38,50000.0,67.5,S
2021-06-30T09:47:37,33200.0,67.5,S
2021-06-30T09:47:32,2300.0,67.5,B
2021-06-30T09:47:22,100.0,67.5,B
2021-06-30T09:47:22,1500.0,67.5,B
2021-06-30T09:47:22,14200.0,67.5,B
2021-06-30T09:47:17,100.0,67.5,B
2021-06-30T09:47:08,100.0,67.5,S
2021-06-30T09:47:07,200.0,67.5,S
2021-06-30T09:47:06,200.0,67.5,S
2021-06-30T09:46:54,1000.0,67.5,S
2021-06-30T09:46:52,5300.0,67.5,S
2021-06-30T09:46:52,5000.0,67.5,S
2021-06-30T09:46:51,800.0,67.5,S
2021-06-30T09:46:51,1100.0,67.5,S
2021-06-30T09:46:51,2900.0,67.5,S
2021-06-30T09:46:51,200.0,67.5,S
2021-06-30T09:46:44,1400.0,67.5,S
2021-06-30T09:46:44,1500.0,67.5,S
2021-06-30T09:46:36,5600.0,67.5,S
2021-06-30T09:46:36,4000.0,67.5,S
2021-06-30T09:46:36,300.0,67.5,S
2021-06-30T09:46:36,1500.0,67.5,S
2021-06-30T09:46:36,6500.0,67.5,S
2021-06-30T09:46:36,1000.0,67.5,S
2021-06-30T09:46:34,1100.0,67.5,S
2021-06-30T09:46:34,500.0,67.6,B
2021-06-30T09:46:19,1500.0,67.6,B
2021-06-30T09:46:19,3000.0,67.5,S
2021-06-30T09:46:18,100.0,67.5,S
2021-06-30T09:46:14,20000.0,67.5,S
2021-06-30T09:46:11,300.0,67.5,S
2021-06-30T09:46:10,900.0,67.5,S
2021-06-30T09:46:03,100.0,67.5,S
2021-06-30T09:46:02,100.0,67.5,S
2021-06-30T09:45:58,200.0,67.5,S
2021-06-30T09:45:55,1200.0,67.5,S
2021-06-30T09:45:54,1000.0,67.5,S
2021-06-30T09:45:53,400.0,67.5,S
2021-06-30T09:45:51,1400.0,67.5,S
2021-06-30T09:45:49,400.0,67.5,S
2021-06-30T09:45:48,8400.0,67.5,S
2021-06-30T09:45:48,200.0,67.6,B
2021-06-30T09:45:47,3300.0,67.6,B
2021-06-30T09:45:47,1700.0,67.6,B
2021-06-30T09:45:46,3000.0,67.5,S
2021-06-30T09:45:41,1400.0,67.5,B
2021-06-30T09:45:41,900.0,67.5,B
2021-06-30T09:45:41,1000.0,67.5,B
2021-06-30T09:45:41,53900.0,67.5,B
2021-06-30T09:45:41,2300.0,67.5,B
2021-06-30T09:45:39,200.0,67.5,B
2021-06-30T09:45:26,400.0,67.5,B
2021-06-30T09:45:22,300.0,67.5,B
2021-06-30T09:45:21,200.0,67.5,B
2021-06-30T09:45:20,1000.0,67.5,B
2021-06-30T09:45:15,100.0,67.5,B
2021-06-30T09:45:13,300.0,67.5,B
2021-06-30T09:45:13,4800.0,67.5,B
2021-06-30T09:45:13,2000.0,67.5,B
2021-06-30T09:45:13,300.0,67.5,B
2021-06-30T09:45:13,300.0,67.5,B
2021-06-30T09:45:12,3700.0,67.5,B
2021-06-30T09:45:12,700.0,67.5,B
2021-06-30T09:45:11,18200.0,67.5,B
2021-06-30T09:45:02,400.0,67.5,B
2021-06-30T09:44:59,500.0,67.5,B
2021-06-30T09:44:47,7400.0,67.5,B
2021-06-30T09:44:46,500.0,67.5,B
2021-06-30T09:44:42,300.0,67.5,B
2021-06-30T09:44:37,100.0,67.5,B
2021-06-30T09:44:16,50000.0,67.5,B
2021-06-30T09:44:12,300.0,67.5,B
2021-06-30T09:44:09,400.0,67.5,B
2021-06-30T09:44:07,300.0,67.5,B
2021-06-30T09:44:06,500.0,67.5,B
2021-06-30T09:44:02,100.0,67.5,B
2021-06-30T09:44:01,1000.0,67.5,B
2021-06-30T09:43:57,700.0,67.5,B
2021-06-30T09:43:54,100.0,67.5,B
2021-06-30T09:43:52,500.0,67.5,B
2021-06-30T09:43:48,2000.0,67.5,B
2021-06-30T09:43:48,19700.0,67.5,B
2021-06-30T09:43:44,5500.0,67.5,B
2021-06-30T09:43:43,5300.0,67.5,B
2021-06-30T09:43:42,4000.0,67.5,B
2021-06-30T09:43:34,100.0,67.5,B
2021-06-30T09:43:28,600.0,67.4,S
2021-06-30T09:43:28,600.0,67.5,B
2021-06-30T09:43:24,100.0,67.4,S
2021-06-30T09:43:21,4500.0,67.4,S
2021-06-30T09:43:19,1300.0,67.4,S
2021-06-30T09:43:16,30200.0,67.5,S
2021-06-30T09:43:12,9000.0,67.5,S
2021-06-30T09:43:10,200.0,67.5,S
2021-06-30T09:43:08,200.0,67.5,S
2021-06-30T09:43:06,60000.0,67.5,S
2021-06-30T09:43:01,1500.0,67.5,S
2021-06-30T09:43:00,200.0,67.5,S
2021-06-30T09:42:55,10000.0,67.5,S
2021-06-30T09:42:45,300.0,67.5,S
2021-06-30T09:42:36,2000.0,67.5,S
2021-06-30T09:42:33,200.0,67.5,S
2021-06-30T09:42:29,13600.0,67.5,B
2021-06-30T09:42:26,200.0,67.5,B
2021-06-30T09:42:21,1500.0,67.5,B
2021-06-30T09:42:21,100.0,67.5,B
2021-06-30T09:42:21,700.0,67.5,B
2021-06-30T09:42:20,89000.0,67.5,B
2021-06-30T09:42:18,1500.0,67.5,B
2021-06-30T09:42:15,300.0,67.5,B
2021-06-30T09:42:12,10000.0,67.5,B
2021-06-30T09:42:09,100.0,67.4,S
2021-06-30T09:42:06,100.0,67.4,S
2021-06-30T09:42:01,800.0,67.4,S
2021-06-30T09:41:59,1100.0,67.4,S
2021-06-30T09:41:55,5500.0,67.5,B
2021-06-30T09:41:53,200.0,67.4,S
2021-06-30T09:41:53,7500.0,67.4,S
2021-06-30T09:41:46,1800.0,67.5,B
2021-06-30T09:41:45,4400.0,67.5,B
2021-06-30T09:41:45,45600.0,67.5,B
2021-06-30T09:41:35,400.0,67.4,S
2021-06-30T09:41:32,400.0,67.4,S
2021-06-30T09:41:21,3300.0,67.5,B
2021-06-30T09:41:06,100.0,67.4,S
2021-06-30T09:41:00,200.0,67.5,B
2021-06-30T09:40:57,800.0,67.4,S
2021-06-30T09:40:53,100.0,67.4,S
2021-06-30T09:40:51,500.0,67.5,B
2021-06-30T09:40:51,300.0,67.5,B
2021-06-30T09:40:51,4700.0,67.5,B
2021-06-30T09:40:50,500.0,67.5,B
2021-06-30T09:40:46,1000.0,67.5,B
2021-06-30T09:40:43,3000.0,67.5,B
2021-06-30T09:40:42,200.0,67.5,B
2021-06-30T09:40:38,100.0,67.4,S
2021-06-30T09:40:37,100.0,67.4,S
2021-06-30T09:40:31,700.0,67.4,S
2021-06-30T09:40:29,1000.0,67.4,S
2021-06-30T09:40:28,200.0,67.4,S
2021-06-30T09:40:25,5000.0,67.5,B
2021-06-30T09:40:23,2000.0,67.5,B
2021-06-30T09:40:22,5000.0,67.5,B
2021-06-30T09:39:53,100.0,67.5,B
2021-06-30T09:39:50,100.0,67.4,S
2021-06-30T09:39:46,100.0,67.4,B
2021-06-30T09:39:44,1200.0,67.4,B
2021-06-30T09:39:40,700.0,67.4,B
2021-06-30T09:39:34,5000.0,67.5,B
2021-06-30T09:39:17,200.0,67.4,B
2021-06-30T09:39:16,100.0,67.4,B
2021-06-30T09:39:13,400.0,67.3,S
2021-06-30T09:39:09,1600.0,67.3,S
2021-06-30T09:39:07,100.0,67.3,S
2021-06-30T09:39:03,3000.0,67.4,B
2021-06-30T09:39:02,10700.0,67.3,S
2021-06-30T09:39:01,400.0,67.4,B
2021-06-30T09:39:00,400.0,67.4,B
2021-06-30T09:38:59,300.0,67.4,B
2021-06-30T09:38:59,600.0,67.4,B
2021-06-30T09:38:56,100.0,67.4,B
2021-06-30T09:38:56,500.0,67.3,S
2021-06-30T09:38:55,5000.0,67.4,B
2021-06-30T09:38:50,3200.0,67.4,B
2021-06-30T09:38:50,500.0,67.3,S
2021-06-30T09:38:43,3700.0,67.4,B
2021-06-30T09:38:38,200.0,67.4,B
2021-06-30T09:38:35,600.0,67.3,S
2021-06-30T09:38:32,200.0,67.4,B
2021-06-30T09:38:28,4000.0,67.4,B
2021-06-30T09:38:26,400.0,67.3,S
2021-06-30T09:38:21,600.0,67.3,S
2021-06-30T09:38:19,600.0,67.4,B
2021-06-30T09:38:19,100.0,67.4,B
2021-06-30T09:38:17,2700.0,67.3,S
2021-06-30T09:38:16,100.0,67.4,B
2021-06-30T09:38:14,4500.0,67.3,S
2021-06-30T09:38:12,100.0,67.3,S
2021-06-30T09:38:09,18000.0,67.4,B
2021-06-30T09:38:05,700.0,67.3,S
2021-06-30T09:38:04,100.0,67.3,S
2021-06-30T09:37:58,5000.0,67.4,B
2021-06-30T09:37:54,1100.0,67.3,S
2021-06-30T09:37:49,500.0,67.4,B
2021-06-30T09:37:44,7400.0,67.4,B
2021-06-30T09:37:36,200.0,67.3,S
2021-06-30T09:37:34,500.0,67.4,B
2021-06-30T09:37:29,1500.0,67.4,B
2021-06-30T09:37:22,100.0,67.3,S
2021-06-30T09:37:16,100.0,67.4,B
2021-06-30T09:37:15,100.0,67.4,B
2021-06-30T09:37:14,800.0,67.4,B
2021-06-30T09:37:10,300.0,67.3,S
2021-06-30T09:37:03,2000.0,67.4,B
2021-06-30T09:36:53,300.0,67.3,S
2021-06-30T09:36:46,2000.0,67.4,B
2021-06-30T09:36:35,300.0,67.3,S
2021-06-30T09:36:30,100.0,67.4,B
2021-06-30T09:36:27,500.0,67.3,S
2021-06-30T09:36:27,500.0,67.3,S
2021-06-30T09:36:27,1400.0,67.3,S
2021-06-30T09:36:25,200.0,67.3,S
2021-06-30T09:36:24,100.0,67.3,S
2021-06-30T09:36:24,100.0,67.4,B
2021-06-30T09:36:21,16500.0,67.4,B
2021-06-30T09:36:20,100.0,67.3,S
2021-06-30T09:36:19,1300.0,67.4,B
2021-06-30T09:36:18,800.0,67.4,B
2021-06-30T09:36:12,1000.0,67.4,B
2021-06-30T09:35:58,400.0,67.4,B
2021-06-30T09:35:53,100.0,67.4,B
2021-06-30T09:35:46,100.0,67.3,S
2021-06-30T09:35:40,1000.0,67.4,B
2021-06-30T09:35:40,100.0,67.3,S
2021-06-30T09:35:38,100.0,67.3,S
2021-06-30T09:35:32,400.0,67.4,B
2021-06-30T09:35:31,900.0,67.4,B
2021-06-30T09:35:31,1000.0,67.4,B
2021-06-30T09:35:18,100.0,67.4,B
2021-06-30T09:35:18,100.0,67.3,S
2021-06-30T09:35:07,300.0,67.4,B
2021-06-30T09:35:07,800.0,67.4,B
2021-06-30T09:35:01,300.0,67.3,S
2021-06-30T09:34:55,100.0,67.4,B
2021-06-30T09:34:55,2400.0,67.3,S
2021-06-30T09:34:48,16500.0,67.4,B
2021-06-30T09:34:42,100.0,67.3,S
2021-06-30T09:34:34,900.0,67.4,B
2021-06-30T09:34:22,100.0,67.4,B
2021-06-30T09:34:21,200.0,67.4,B
2021-06-30T09:34:20,100.0,67.4,B
2021-06-30T09:34:18,400.0,67.4,B
2021-06-30T09:34:07,500.0,67.4,B
2021-06-30T09:34:07,500.0,67.4,B
2021-06-30T09:33:56,100.0,67.4,B
2021-06-30T09:33:55,300.0,67.3,S
2021-06-30T09:33:53,400.0,67.3,S
2021-06-30T09:33:50,300.0,67.4,B
2021-06-30T09:33:48,300.0,67.4,B
2021-06-30T09:33:47,2000.0,67.4,B
2021-06-30T09:33:38,500.0,67.1,S
2021-06-30T09:33:33,3600.0,67.4,B
2021-06-30T09:33:21,300.0,67.1,S
2021-06-30T09:33:17,2400.0,67.1,S
2021-06-30T09:33:15,200.0,67.4,B
2021-06-30T09:33:14,100.0,67.1,S
2021-06-30T09:33:11,16500.0,67.4,B
2021-06-30T09:33:08,700.0,67.1,S
2021-06-30T09:33:04,5200.0,67.1,S
2021-06-30T09:33:02,100.0,67.1,S
2021-06-30T09:32:59,800.0,67.1,S
2021-06-30T09:32:59,200.0,67.1,S
2021-06-30T09:32:58,900.0,67.1,S
2021-06-30T09:32:58,200.0,67.1,S
2021-06-30T09:32:57,500.0,67.2,B
2021-06-30T09:32:57,200.0,67.2,B
2021-06-30T09:32:56,100.0,67.2,B
2021-06-30T09:32:55,100.0,67.2,B
2021-06-30T09:32:54,13000.0,67.1,S
2021-06-30T09:32:53,100.0,67.1,S
2021-06-30T09:32:53,1600.0,67.1,S
2021-06-30T09:32:51,400.0,67.1,S
2021-06-30T09:32:48,100.0,67.2,S
2021-06-30T09:32:47,100.0,67.2,S
2021-06-30T09:32:47,7200.0,67.2,S
2021-06-30T09:32:47,100.0,67.2,S
2021-06-30T09:32:47,27500.0,67.2,S
2021-06-30T09:32:47,51900.0,67.2,S
2021-06-30T09:32:46,9100.0,67.2,S
2021-06-30T09:32:46,2300.0,67.2,S
2021-06-30T09:32:46,400.0,67.3,S
2021-06-30T09:32:46,3200.0,67.3,S
2021-06-30T09:32:42,300.0,67.3,S
2021-06-30T09:32:40,2400.0,67.3,S
2021-06-30T09:32:40,1200.0,67.3,S
2021-06-30T09:32:40,300.0,67.3,S
2021-06-30T09:32:40,1200.0,67.3,S
2021-06-30T09:32:40,9800.0,67.3,S
2021-06-30T09:32:40,1500.0,67.3,S
2021-06-30T09:32:40,300.0,67.3,S
2021-06-30T09:32:40,2000.0,67.3,S
2021-06-30T09:32:40,3800.0,67.3,S
2021-06-30T09:32:40,3200.0,67.3,S
2021-06-30T09:32:40,2600.0,67.3,S
2021-06-30T09:32:40,71700.0,67.3,S
2021-06-30T09:32:35,100.0,67.4,B
2021-06-30T09:32:33,200.0,67.3,S
2021-06-30T09:32:33,100.0,67.4,B
2021-06-30T09:32:32,100.0,67.3,S
2021-06-30T09:32:29,200.0,67.3,S
2021-06-30T09:32:27,100.0,67.4,B
2021-06-30T09:32:25,200.0,67.4,B
2021-06-30T09:32:25,1100.0,67.4,B
2021-06-30T09:32:23,300.0,67.4,B
2021-06-30T09:32:22,600.0,67.3,S
2021-06-30T09:32:22,800.0,67.4,B
2021-06-30T09:32:17,600.0,67.3,S
2021-06-30T09:32:16,4100.0,67.3,S
2021-06-30T09:32:15,300.0,67.4,B
2021-06-30T09:32:14,100.0,67.3,S
2021-06-30T09:32:14,200.0,67.3,S
2021-06-30T09:32:13,100.0,67.4,B
2021-06-30T09:32:11,400.0,67.3,S
2021-06-30T09:32:10,1000.0,67.4,S
2021-06-30T09:32:09,2600.0,67.4,S
2021-06-30T09:32:09,800.0,67.4,S
2021-06-30T09:32:09,100.0,67.4,S
2021-06-30T09:32:09,100.0,67.4,S
2021-06-30T09:32:09,100.0,67.4,S
2021-06-30T09:32:09,100.0,67.4,S
2021-06-30T09:32:09,1900.0,67.4,S
2021-06-30T09:32:09,1000.0,67.4,S
2021-06-30T09:32:09,2000.0,67.4,S
2021-06-30T09:32:09,1700.0,67.4,S
2021-06-30T09:32:09,20700.0,67.4,S
2021-06-30T09:32:07,500.0,67.5,B
2021-06-30T09:32:07,300.0,67.4,S
2021-06-30T09:32:05,1500.0,67.4,S
2021-06-30T09:32:05,3000.0,67.4,S
2021-06-30T09:32:00,2000.0,67.4,S
2021-06-30T09:31:59,10000.0,67.4,S
2021-06-30T09:31:57,20000.0,67.4,S
2021-06-30T09:31:54,600.0,67.4,S
2021-06-30T09:31:53,7000.0,67.4,S
2021-06-30T09:31:53,3200.0,67.4,S
2021-06-30T09:31:53,3200.0,67.4,S
2021-06-30T09:31:47,4400.0,67.4,S
2021-06-30T09:31:45,200.0,67.4,S
2021-06-30T09:31:43,100.0,67.4,S
2021-06-30T09:31:43,100.0,67.4,S
2021-06-30T09:31:42,10300.0,67.4,S
2021-06-30T09:31:39,1600.0,67.4,S
2021-06-30T09:31:39,500.0,67.5,B
2021-06-30T09:31:37,1000.0,67.4,S
2021-06-30T09:31:36,100.0,67.5,S
2021-06-30T09:31:35,700.0,67.5,S
2021-06-30T09:31:35,200.0,67.5,S
2021-06-30T09:31:35,2900.0,67.5,S
2021-06-30T09:31:35,200.0,67.5,S
2021-06-30T09:31:35,9000.0,67.5,S
2021-06-30T09:31:35,13200.0,67.5,S
2021-06-30T09:31:35,9400.0,67.5,S
2021-06-30T09:31:35,27000.0,67.5,S
2021-06-30T09:31:35,7000.0,67.5,S
2021-06-30T09:31:35,300.0,67.5,S
2021-06-30T09:31:32,10700.0,67.5,S
2021-06-30T09:31:32,100.0,67.5,S
2021-06-30T09:31:32,7200.0,67.5,S
2021-06-30T09:31:23,200.0,67.6,S
2021-06-30T09:31:21,100.0,67.5,S
2021-06-30T09:31:20,100.0,67.6,S
2021-06-30T09:31:15,900.0,67.5,S
2021-06-30T09:31:11,6000.0,67.6,S
2021-06-30T09:31:10,300.0,67.7,B
2021-06-30T09:31:01,300.0,67.6,S
2021-06-30T09:30:59,100.0,67.6,S
2021-06-30T09:30:58,400.0,67.7,S
2021-06-30T09:30:58,200.0,67.7,S
2021-06-30T09:30:55,2500.0,67.7,S
2021-06-30T09:30:53,100.0,67.7,S
2021-06-30T09:30:52,800.0,67.6,S
2021-06-30T09:30:49,100.0,67.8,B
2021-06-30T09:30:48,4500.0,67.6,S
2021-06-30T09:30:47,900.0,67.8,B
2021-06-30T09:30:44,100.0,67.7,S
2021-06-30T09:30:41,6300.0,67.7,S
2021-06-30T09:30:41,23700.0,67.7,S
2021-06-30T09:30:41,500.0,67.8,B
2021-06-30T09:30:40,700.0,67.7,S
2021-06-30T09:30:38,400.0,67.7,S
2021-06-30T09:30:34,100.0,67.7,S
2021-06-30T09:30:34,5000.0,67.7,S
2021-06-30T09:30:33,100.0,67.7,S
2021-06-30T09:30:30,2300.0,67.8,S
2021-06-30T09:30:30,700.0,67.7,S
2021-06-30T09:30:29,300.0,67.8,S
2021-06-30T09:30:28,400.0,67.8,S
2021-06-30T09:30:25,600.0,67.8,S
2021-06-30T09:30:25,1100.0,67.8,S
2021-06-30T09:30:25,1300.0,67.8,S
2021-06-30T09:30:25,2700.0,67.8,S
2021-06-30T09:30:25,2300.0,67.8,S
2021-06-30T09:30:25,25600.0,67.8,S
2021-06-30T09:30:24,700.0,67.8,S
2021-06-30T09:30:20,4900.0,67.8,S
2021-06-30T09:30:16,500.0,67.8,S
2021-06-30T09:30:15,5000.0,67.9,B
2021-06-30T09:30:13,32500.0,67.9,B
2021-06-30T09:30:13,200.0,68.0,B
2021-06-30T09:30:10,200.0,67.9,B
2021-06-30T09:30:09,100.0,67.9,B
2021-06-30T09:30:09,2200.0,67.9,B
2021-06-30T09:30:08,1200.0,67.8,S
2021-06-30T09:29:59,8000.0,67.9,B
2021-06-30T09:29:58,100.0,67.9,B
2021-06-30T09:29:52,100.0,67.8,S
2021-06-30T09:29:51,100.0,67.8,S
2021-06-30T09:29:48,100.0,67.9,B
2021-06-30T09:29:46,500.0,67.9,B
2021-06-30T09:29:45,1000.0,67.9,S
2021-06-30T09:29:45,800.0,67.8,S
2021-06-30T09:29:40,2900.0,67.9,S
2021-06-30T09:29:39,1000.0,67.9,S
2021-06-30T09:29:38,4900.0,67.9,S
2021-06-30T09:29:35,300.0,67.9,S
2021-06-30T09:29:29,800.0,67.9,S
2021-06-30T09:29:15,200.0,67.9,S
2021-06-30T09:28:58,600.0,67.9,S
2021-06-30T09:28:53,100.0,68.0,B
2021-06-30T09:28:52,300.0,67.9,S
2021-06-30T09:28:51,4000.0,68.0,B
2021-06-30T09:28:46,2200.0,67.8,S
2021-06-30T09:28:45,400.0,67.8,S
2021-06-30T09:28:40,15000.0,67.8,S
2021-06-30T09:28:39,3300.0,67.8,S
2021-06-30T09:28:36,100.0,68.0,B
2021-06-30T09:28:35,100.0,67.8,S
2021-06-30T09:28:32,100000.0,68.0,B
2021-06-30T09:28:32,400.0,67.8,S
2021-06-30T09:28:31,300.0,67.8,S
2021-06-30T09:28:29,700.0,67.9,B
2021-06-30T09:28:28,200.0,67.9,B
2021-06-30T09:28:24,3300.0,67.8,S
2021-06-30T09:28:24,2300.0,68.0,B
2021-06-30T09:28:24,100.0,67.9,B
2021-06-30T09:28:19,100.0,67.8,S
2021-06-30T09:28:19,400.0,67.8,S
2021-06-30T09:28:18,100.0,67.8,S
2021-06-30T09:28:16,15000.0,68.0,B
2021-06-30T09:28:12,700.0,67.8,S
2021-06-30T09:28:11,3300.0,67.8,S
2021-06-30T09:28:11,1000.0,67.9,B
2021-06-30T09:28:08,300.0,67.8,S
2021-06-30T09:28:07,400.0,67.8,S
2021-06-30T09:28:04,5000.0,68.0,B
2021-06-30T09:28:01,2200.0,67.8,S
2021-06-30T09:28:01,3300.0,67.8,S
2021-06-30T09:27:52,15000.0,68.0,B
2021-06-30T09:27:46,100.0,67.8,B
2021-06-30T09:27:41,100.0,67.8,B
2021-06-30T09:27:40,200.0,67.8,B
2021-06-30T09:27:39,1100.0,67.8,B
2021-06-30T09:27:37,100.0,67.9,B
2021-06-30T09:27:36,100.0,67.9,B
2021-06-30T09:27:36,900.0,67.9,B
2021-06-30T09:27:35,500.0,67.8,B
2021-06-30T09:27:31,1900.0,67.8,B
2021-06-30T09:27:31,7900.0,67.8,B
2021-06-30T09:27:29,1000.0,67.5,S
2021-06-30T09:27:29,100.0,67.9,B
2021-06-30T09:27:29,700.0,67.5,S
2021-06-30T09:27:26,3800.0,67.5,S
2021-06-30T09:27:25,300.0,67.5,S
2021-06-30T09:27:24,100.0,67.5,S
2021-06-30T09:27:22,1500.0,67.5,S
2021-06-30T09:27:22,5400.0,67.5,S
2021-06-30T09:27:22,100.0,67.6,S
2021-06-30T09:27:22,500.0,67.7,S
2021-06-30T09:27:21,4400.0,67.6,S
2021-06-30T09:27:21,100.0,67.6,S
2021-06-30T09:27:21,2000.0,67.6,S
2021-06-30T09:27:21,5300.0,67.6,S
2021-06-30T09:27:21,2200.0,67.6,S
2021-06-30T09:27:21,500.0,67.6,S
2021-06-30T09:27:21,2800.0,67.6,S
2021-06-30T09:27:21,100.0,67.7,S
2021-06-30T09:27:21,1100.0,67.7,S
2021-06-30T09:27:21,11500.0,67.7,S
2021-06-30T09:27:19,2300.0,67.7,S
2021-06-30T09:27:18,200.0,67.7,S
2021-06-30T09:27:18,100.0,67.7,S
2021-06-30T09:27:18,600.0,67.7,S
2021-06-30T09:27:18,300.0,67.8,B
2021-06-30T09:27:16,200.0,67.8,B
2021-06-30T09:27:16,50000.0,68.0,B
2021-06-30T09:27:14,70300.0,68.0,B
2021-06-30T09:27:14,9200.0,68.0,B
2021-06-30T09:27:14,120500.0,68.0,B
2021-06-30T09:27:14,300.0,67.9,B
2021-06-30T09:27:12,5600.0,67.7,S
2021-06-30T09:27:12,3700.0,67.7,S
2021-06-30T09:27:12,4700.0,67.7,S
2021-06-30T09:27:12,1000.0,67.7,S
2021-06-30T09:27:12,400.0,67.7,S
2021-06-30T09:27:11,100.0,67.7,S
2021-06-30T09:27:10,6300.0,67.7,S
2021-06-30T09:27:10,200.0,67.8,B
2021-06-30T09:27:10,2000.0,67.9,B
2021-06-30T09:27:08,1500.0,67.7,S
2021-06-30T09:27:07,300.0,67.8,B
2021-06-30T09:27:06,500.0,67.8,B
2021-06-30T09:27:06,100.0,67.8,B
2021-06-30T09:27:06,100.0,67.8,B
2021-06-30T09:27:02,100000.0,67.9,B
2021-06-30T09:27:01,3300.0,67.7,S
2021-06-30T09:27:01,700.0,67.7,S
2021-06-30T09:26:58,100.0,67.8,B
2021-06-30T09:26:57,1800.0,67.8,B
2021-06-30T09:26:55,10000.0,67.8,B
2021-06-30T09:26:54,2000.0,67.8,B
2021-06-30T09:26:53,2900.0,67.7,S
2021-06-30T09:26:53,700.0,67.7,S
2021-06-30T09:26:53,100.0,67.7,S
2021-06-30T09:26:51,800.0,67.7,S
2021-06-30T09:26:48,500.0,67.7,S
2021-06-30T09:26:47,100.0,67.7,S
2021-06-30T09:26:44,5000.0,67.8,B
2021-06-30T09:26:36,25000.0,67.8,B
2021-06-30T09:26:35,600.0,67.7,S
2021-06-30T09:26:35,5000.0,67.8,B
2021-06-30T09:26:34,1000.0,67.8,B
2021-06-30T09:26:31,300.0,67.8,B
2021-06-30T09:26:28,300.0,67.7,S
2021-06-30T09:26:25,4500.0,67.7,S
2021-06-30T09:26:19,2000.0,67.7,B
2021-06-30T09:26:15,30000.0,67.8,B
2021-06-30T09:26:01,200.0,67.8,B
2021-06-30T09:26:01,100.0,67.7,B
2021-06-30T09:26:00,200.0,67.8,B
2021-06-30T09:25:58,100.0,67.7,B
2021-06-30T09:25:58,100.0,67.7,B
2021-06-30T09:25:57,500.0,67.7,B
2021-06-30T09:25:56,600.0,67.7,B
2021-06-30T09:25:54,100.0,67.7,B
2021-06-30T09:25:53,1000.0,67.7,B
2021-06-30T09:25:50,1200.0,67.7,B
2021-06-30T09:25:49,3600.0,67.7,B
2021-06-30T09:25:49,400.0,67.8,B
2021-06-30T09:25:48,3800.0,67.7,B
2021-06-30T09:25:47,1000.0,67.7,B
2021-06-30T09:25:46,7300.0,67.8,B
2021-06-30T09:25:44,1500.0,67.7,B
2021-06-30T09:25:44,1600.0,67.7,B
2021-06-30T09:25:44,5100.0,67.7,B
2021-06-30T09:25:42,7000.0,67.7,B
2021-06-30T09:25:42,14900.0,67.7,B
2021-06-30T09:25:42,2600.0,67.7,B
2021-06-30T09:25:42,100.0,67.7,B
2021-06-30T09:25:41,25400.0,67.7,B
2021-06-30T09:25:39,300.0,67.7,B
2021-06-30T09:25:38,45600.0,67.7,B
2021-06-30T09:25:37,1000.0,67.7,B
2021-06-30T09:25:36,300.0,67.7,B
2021-06-30T09:25:33,10000.0,67.7,B
2021-06-30T09:25:33,200.0,67.7,B
2021-06-30T09:25:33,100.0,67.7,B
2021-06-30T09:25:31,2000.0,67.7,B
2021-06-30T09:25:30,2000.0,67.7,B
2021-06-30T09:25:29,200.0,67.7,B
2021-06-30T09:25:28,100.0,67.7,B
2021-06-30T09:25:25,2000.0,67.7,B
2021-06-30T09:25:24,5000.0,67.7,B
2021-06-30T09:25:22,100.0,67.7,B
2021-06-30T09:25:18,500.0,67.7,B
2021-06-30T09:25:16,30000.0,67.7,B
2021-06-30T09:25:03,30700.0,67.7,B
2021-06-30T09:25:03,3600.0,67.6,B
2021-06-30T09:25:03,1200.0,67.6,B
2021-06-30T09:25:03,100.0,67.6,B
2021-06-30T09:25:03,800.0,67.6,B
2021-06-30T09:25:03,11900.0,67.6,B
2021-06-30T09:25:03,200.0,67.6,B
2021-06-30T09:25:02,1500.0,67.6,B
2021-06-30T09:25:01,200.0,67.6,B
2021-06-30T09:25:00,100.0,67.6,B
2021-06-30T09:24:54,3000.0,67.6,B
2021-06-30T09:24:53,3000.0,67.6,B
2021-06-30T09:24:53,1000.0,67.6,B
2021-06-30T09:24:51,20000.0,67.6,B
2021-06-30T09:24:49,100.0,67.6,B
2021-06-30T09:24:49,300.0,67.6,B
2021-06-30T09:24:48,500.0,67.6,B
2021-06-30T09:24:41,6000.0,67.6,B
2021-06-30T09:24:41,1000.0,67.6,B
2021-06-30T09:24:36,1000.0,67.6,B
2021-06-30T09:24:36,100.0,67.6,B
2021-06-30T09:24:31,100.0,67.6,B
2021-06-30T09:24:29,1000.0,67.6,B
2021-06-30T09:24:28,1000.0,67.6,B
2021-06-30T09:24:27,100.0,67.6,B
2021-06-30T09:24:25,100.0,67.6,B
2021-06-30T09:24:24,4000.0,67.6,B
2021-06-30T09:24:18,1500.0,67.6,B
2021-06-30T09:24:17,900.0,67.6,B
2021-06-30T09:24:17,5000.0,67.6,B
2021-06-30T09:24:10,50000.0,67.6,B
2021-06-30T09:24:04,3000.0,67.6,B
2021-06-30T09:24:01,200.0,67.6,B
2021-06-30T09:23:55,100.0,67.5,S
2021-06-30T09:23:43,100.0,67.5,S
2021-06-30T09:23:37,700.0,67.5,B
2021-06-30T09:23:37,500.0,67.5,B
2021-06-30T09:23:32,300.0,67.5,B
2021-06-30T09:23:30,5000.0,67.5,B
2021-06-30T09:23:29,100.0,67.5,B
2021-06-30T09:23:26,500.0,67.5,B
2021-06-30T09:23:24,100.0,67.5,B
2021-06-30T09:23:24,900.0,67.5,B
2021-06-30T09:23:24,1500.0,67.5,B
2021-06-30T09:23:21,1000.0,67.5,B
2021-06-30T09:23:21,300.0,67.5,B
2021-06-30T09:23:16,1000.0,67.5,B
2021-06-30T09:23:16,300.0,67.5,B
2021-06-30T09:23:14,200.0,67.5,B
2021-06-30T09:23:14,2800.0,67.5,B
2021-06-30T09:23:14,1000.0,67.5,B
2021-06-30T09:23:14,2000.0,67.5,B
2021-06-30T09:23:14,300.0,67.5,B
2021-06-30T09:23:14,300.0,67.5,B
2021-06-30T09:23:14,700.0,67.5,B
2021-06-30T09:23:14,200.0,67.5,B
2021-06-30T09:23:13,300.0,67.5,B
2021-06-30T09:23:13,300.0,67.5,B
2021-06-30T09:23:13,800.0,67.5,B
2021-06-30T09:23:13,7700.0,67.5,B
2021-06-30T09:23:10,100.0,67.4,S
2021-06-30T09:23:10,200.0,67.5,B
2021-06-30T09:23:08,2000.0,67.5,B
2021-06-30T09:23:07,200.0,67.5,B
2021-06-30T09:23:02,2000.0,67.5,B
2021-06-30T09:23:01,1000.0,67.5,B
2021-06-30T09:22:57,1000.0,67.5,B
2021-06-30T09:22:45,3500.0,67.5,B
2021-06-30T09:22:35,200.0,67.5,B
2021-06-30T09:22:25,100.0,67.5,B
2021-06-30T09:22:25,10000.0,67.5,B
2021-06-30T09:22:23,500.0,67.5,B
2021-06-30T09:22:22,300.0,67.4,S
2021-06-30T09:22:19,300.0,67.5,B
2021-06-30T09:22:19,200.0,67.5,B
2021-06-30T09:22:16,700.0,67.5,B
2021-06-30T09:22:15,200.0,67.4,S
2021-06-30T09:22:14,100.0,67.4,S
2021-06-30T09:22:13,2400.0,67.4,S
2021-06-30T09:22:12,800.0,67.5,B
2021-06-30T09:22:11,2000.0,67.5,B
2021-06-30T09:22:10,600.0,67.4,S
2021-06-30T09:22:09,1600.0,67.4,S
2021-06-30T09:22:08,2000.0,67.5,B
2021-06-30T09:22:06,100.0,67.5,B
2021-06-30T09:22:03,4200.0,67.4,S
2021-06-30T09:22:02,11000.0,67.4,S
2021-06-30T09:21:59,1300.0,67.5,B
2021-06-30T09:21:58,100.0,67.5,B
2021-06-30T09:21:57,200.0,67.5,B
2021-06-30T09:21:57,100.0,67.5,B
2021-06-30T09:21:56,23200.0,67.4,S
2021-06-30T09:21:52,300.0,67.5,B
2021-06-30T09:21:51,200.0,67.5,B
2021-06-30T09:21:44,100.0,67.5,S
2021-06-30T09:21:44,1200.0,67.5,S
2021-06-30T09:21:42,300.0,67.5,S
2021-06-30T09:21:40,1400.0,67.5,S
2021-06-30T09:21:34,1000.0,67.5,S
2021-06-30T09:21:34,100.0,67.5,S
2021-06-30T09:21:33,1600.0,67.5,S
2021-06-30T09:21:29,100.0,67.5,S
2021-06-30T09:21:25,500.0,67.5,S
2021-06-30T09:21:24,2000.0,67.5,S
2021-06-30T09:21:22,1600.0,67.5,S
2021-06-30T09:21:22,2600.0,67.5,S
2021-06-30T09:21:19,1400.0,67.6,B
2021-06-30T09:21:12,400.0,67.5,B
2021-06-30T09:21:11,100.0,67.5,B
2021-06-30T09:21:10,500.0,67.6,B
2021-06-30T09:21:07,13700.0,67.6,B
2021-06-30T09:21:07,6300.0,67.5,B
2021-06-30T09:21:03,3500.0,67.5,B
2021-06-30T09:20:58,50000.0,67.6,B
2021-06-30T09:20:58,200.0,67.5,B
2021-06-30T09:20:58,700.0,67.5,B
2021-06-30T09:20:57,800.0,67.6,B
2021-06-30T09:20:56,300.0,67.5,B
2021-06-30T09:20:53,1700.0,67.5,B
2021-06-30T09:20:52,5000.0,67.5,B
2021-06-30T09:20:52,100.0,67.4,S
2021-06-30T09:20:51,1000.0,67.5,B
2021-06-30T09:20:51,100.0,67.5,B
2021-06-30T09:20:50,1300.0,67.5,B
2021-06-30T09:20:48,100.0,67.5,B
2021-06-30T09:20:41,3000.0,67.5,B
2021-06-30T09:20:36,100.0,67.5,B
2021-06-30T09:20:23,200.0,67.4,S
2021-06-30T09:20:18,5000.0,67.5,B
2021-06-30T09:20:17,400.0,67.4,S
2021-06-30T09:20:16,1600.0,67.4,S
2021-06-30T09:20:10,9000.0,67.4,S
2021-06-30T09:20:09,11000.0,67.4,S
2021-06-30T09:20:01,6300.0,67.5,B
2021-06-30T09:20:01,3700.0,67.5,B
2021-06-30T09:19:55,100.0,67.4,B
2021-06-30T09:19:53,12100.0,67.5,B
2021-06-30T09:19:53,16000.0,67.5,B
2021-06-30T09:19:53,1100.0,67.5,B
2021-06-30T09:19:53,2500.0,67.5,B
2021-06-30T09:19:53,1600.0,67.5,B
2021-06-30T09:19:53,66200.0,67.5,B
2021-06-30T09:19:52,500.0,67.4,B
2021-06-30T09:19:49,100.0,67.4,B
2021-06-30T09:19:47,600.0,67.3,S
2021-06-30T09:19:46,900.0,67.4,B
2021-06-30T09:19:44,1000.0,67.4,B
2021-06-30T09:19:42,500.0,67.4,B
2021-06-30T09:19:42,300.0,67.4,B
2021-06-30T09:19:40,3000.0,67.4,B
2021-06-30T09:19:40,4100.0,67.3,S
2021-06-30T09:19:39,100.0,67.3,S
2021-06-30T09:19:39,300.0,67.4,B
2021-06-30T09:19:35,2700.0,67.4,B
2021-06-30T09:19:34,1000.0,67.3,B
2021-06-30T09:19:32,100.0,67.4,B
2021-06-30T09:19:25,500.0,67.4,B
2021-06-30T09:19:20,86400.0,67.5,B
2021-06-30T09:19:20,5100.0,67.4,B
2021-06-30T09:19:20,5300.0,67.4,B
2021-06-30T09:19:20,2400.0,67.4,B
2021-06-30T09:19:20,800.0,67.4,B
2021-06-30T09:19:09,100.0,67.4,B
2021-06-30T09:19:08,500.0,67.3,B
2021-06-30T09:19:06,900.0,67.4,B
2021-06-30T09:19:05,100.0,67.4,B
2021-06-30T09:19:00,2700.0,67.3,B
2021-06-30T09:19:00,300.0,67.4,B
2021-06-30T09:18:58,500.0,67.3,B
2021-06-30T09:18:58,500.0,67.4,B
2021-06-30T09:18:50,18000.0,67.3,B
2021-06-30T09:18:50,1000.0,67.3,B
2021-06-30T09:18:50,300.0,67.3,B
2021-06-30T09:18:49,3300.0,67.3,B
2021-06-30T09:18:44,300.0,67.3,B
2021-06-30T09:18:43,500.0,67.3,S
2021-06-30T09:18:40,1200.0,67.3,S
2021-06-30T09:18:40,200.0,67.3,S
2021-06-30T09:18:40,3200.0,67.3,S
2021-06-30T09:18:40,1000.0,67.3,S
2021-06-30T09:18:40,1500.0,67.3,S
2021-06-30T09:18:39,800.0,67.3,S
2021-06-30T09:18:39,7900.0,67.3,S
2021-06-30T09:18:38,300.0,67.4,B
2021-06-30T09:18:37,400.0,67.4,B
2021-06-30T09:18:37,6400.0,67.4,B
2021-06-30T09:18:36,300.0,67.4,B
2021-06-30T09:18:36,200.0,67.5,B
2021-06-30T09:18:33,200.0,67.4,B
2021-06-30T09:18:30,7200.0,67.4,B
2021-06-30T09:18:29,1200.0,67.4,B
2021-06-30T09:18:29,2000.0,67.4,B
2021-06-30T09:18:26,1900.0,67.4,B
2021-06-30T09:18:25,100000.0,67.5,B
2021-06-30T09:18:24,900.0,67.4,B
2021-06-30T09:18:24,100.0,67.4,B
2021-06-30T09:18:24,7100.0,67.4,B
2021-06-30T09:18:24,40000.0,67.4,B
2021-06-30T09:18:21,1000.0,67.4,B
2021-06-30T09:18:18,200.0,67.4,B
2021-06-30T09:18:16,5000.0,67.4,B
2021-06-30T09:18:08,100.0,67.4,B
2021-06-30T09:18:04,1000.0,67.4,B
2021-06-30T09:18:01,400.0,67.4,B
2021-06-30T09:17:55,3700.0,67.4,B
2021-06-30T09:17:46,300.0,67.4,B
2021-06-30T09:17:43,1000.0,67.4,B
2021-06-30T09:17:42,600.0,67.3,B
2021-06-30T09:17:40,5000.0,67.4,B
2021-06-30T09:17:40,4700.0,67.3,B
2021-06-30T09:17:36,300.0,67.3,B
2021-06-30T09:17:35,1000.0,67.3,B
2021-06-30T09:17:35,3000.0,67.3,B
2021-06-30T09:17:30,600.0,67.3,B
2021-06-30T09:17:28,4500.0,67.3,S
2021-06-30T09:17:22,100.0,67.3,S
2021-06-30T09:16:58,500.0,67.3,S
2021-06-30T09:16:55,100.0,67.3,B
2021-06-30T09:16:54,100.0,67.3,B
2021-06-30T09:16:54,1000.0,67.3,B
2021-06-30T09:16:52,900.0,67.3,B
2021-06-30T09:16:52,6000.0,67.3,B
2021-06-30T09:16:51,10000.0,67.3,B
2021-06-30T09:16:51,200.0,67.2,B
2021-06-30T09:16:51,30300.0,67.2,B
2021-06-30T09:16:42,200.0,67.2,S
2021-06-30T09:16:41,124300.0,67.4,B
2021-06-30T09:16:41,2000.0,67.4,B
2021-06-30T09:16:40,73700.0,67.3,B
2021-06-30T09:16:29,3000.0,67.3,B
2021-06-30T09:16:25,50600.0,67.3,B
2021-06-30T09:16:24,300.0,67.3,B
2021-06-30T09:16:23,500.0,67.3,B
2021-06-30T09:16:09,46600.0,67.3,B
2021-06-30T09:16:09,100.0,67.2,B
2021-06-30T09:16:09,8500.0,67.2,B
2021-06-30T09:16:09,1500.0,67.2,B
2021-06-30T09:16:09,2500.0,67.2,B
2021-06-30T09:16:09,500.0,67.2,B
2021-06-30T09:16:09,29100.0,67.2,B
2021-06-30T09:16:09,11200.0,67.2,B
2021-06-30T09:16:08,4700.0,67.1,S
2021-06-30T09:16:07,200.0,67.1,S
2021-06-30T09:16:01,1200.0,67.2,B
2021-06-30T09:16:01,600.0,67.1,B
2021-06-30T09:15:54,1600.0,67.1,S
2021-06-30T09:15:53,100.0,67.1,S
2021-06-30T09:15:51,800.0,67.1,S
2021-06-30T09:15:47,50000.0,67.2,B
2021-06-30T09:15:44,100.0,67.0,S
2021-06-30T09:15:44,700.0,67.0,S
