tradingTime,volume,price,side
2021-06-04T14:59:50,1000.0,12.9,S
2021-06-04T14:59:40,2000.0,12.9,S
2021-06-04T14:59:35,100.0,13.0,B
2021-06-04T14:59:35,11200.0,12.9,S
2021-06-04T14:59:20,400.0,12.9,B
2021-06-04T14:59:15,7200.0,12.8,S
2021-06-04T14:59:15,38400.0,12.8,S
2021-06-04T14:58:55,3600.0,13.0,B
2021-06-04T14:58:53,300.0,13.0,B
2021-06-04T14:58:45,1000.0,13.0,B
2021-06-04T14:58:10,200.0,13.0,B
2021-06-04T14:58:10,6700.0,12.9,S
2021-06-04T14:58:00,11000.0,12.9,S
2021-06-04T14:57:50,300.0,13.0,B
2021-06-04T14:57:20,100.0,13.0,B
2021-06-04T14:57:10,1000.0,13.0,B
2021-06-04T14:57:05,5000.0,13.0,B
2021-06-04T14:56:50,300.0,13.0,B
2021-06-04T14:55:50,200.0,13.0,B
2021-06-04T14:55:45,2000.0,13.0,B
2021-06-04T14:54:50,300.0,13.0,B
2021-06-04T14:54:30,2000.0,13.0,B
2021-06-04T14:53:30,100.0,13.0,B
2021-06-04T14:53:05,2000.0,13.0,B
2021-06-04T14:52:10,200.0,13.0,B
2021-06-04T14:51:20,4000.0,13.1,B
2021-06-04T14:51:15,2600.0,13.0,B
2021-06-04T14:50:50,5000.0,13.0,S
2021-06-04T14:49:50,7000.0,13.0,S
2021-06-04T14:49:05,3800.0,13.0,S
2021-06-04T14:49:05,100.0,13.0,B
2021-06-04T14:48:35,1300.0,13.0,B
2021-06-04T14:48:10,10000.0,13.0,B
2021-06-04T14:48:00,100.0,13.0,B
2021-06-04T14:47:35,100.0,13.0,B
2021-06-04T14:47:35,300.0,12.9,S
2021-06-04T14:47:15,2000.0,13.0,B
2021-06-04T14:46:40,100.0,13.0,B
2021-06-04T14:46:35,2000.0,13.0,B
2021-06-04T14:46:32,5000.0,13.0,B
2021-06-04T14:46:15,200.0,13.0,B
2021-06-04T14:46:00,200.0,13.0,B
2021-06-04T14:45:30,1000.0,13.0,B
2021-06-04T14:45:05,8000.0,12.9,S
2021-06-04T14:44:35,200.0,13.0,B
2021-06-04T14:44:15,200.0,13.0,B
2021-06-04T14:43:45,800.0,13.0,B
2021-06-04T14:42:50,1000.0,13.0,B
2021-06-04T14:42:45,100.0,13.0,B
2021-06-04T14:42:25,2000.0,13.0,B
2021-06-04T14:42:20,100.0,13.0,B
2021-06-04T14:42:15,300.0,13.0,B
2021-06-04T14:41:54,3000.0,13.0,B
2021-06-04T14:41:42,100.0,13.0,B
2021-06-04T14:41:40,100.0,13.0,B
2021-06-04T14:40:00,700.0,13.0,B
2021-06-04T14:40:00,1000.0,13.0,B
2021-06-04T14:39:45,1500.0,13.0,S
2021-06-04T14:39:40,500.0,13.0,S
2021-06-04T14:39:40,1000.0,13.0,B
2021-06-04T14:39:15,500.0,13.0,S
2021-06-04T14:39:15,4000.0,13.0,S
2021-06-04T14:39:10,300.0,13.1,B
2021-06-04T14:38:55,10000.0,13.0,S
2021-06-04T14:38:35,3600.0,13.0,S
2021-06-04T14:38:05,1300.0,13.0,S
2021-06-04T14:37:50,200.0,13.0,S
2021-06-04T14:37:25,10000.0,13.0,S
2021-06-04T14:37:15,700.0,13.1,B
2021-06-04T14:36:10,2000.0,13.0,S
2021-06-04T14:35:25,500.0,13.0,S
2021-06-04T14:35:15,10000.0,13.1,B
2021-06-04T14:35:09,8000.0,13.0,S
2021-06-04T14:34:25,4000.0,13.0,S
2021-06-04T14:34:10,600.0,13.0,S
2021-06-04T14:34:00,400.0,13.0,S
2021-06-04T14:33:50,100.0,13.1,B
2021-06-04T14:33:15,1000.0,13.0,S
2021-06-04T14:32:45,500.0,13.0,S
2021-06-04T14:32:20,100.0,13.0,S
2021-06-04T14:31:14,500.0,13.0,S
2021-06-04T14:31:05,500.0,13.0,S
2021-06-04T14:30:50,500.0,13.1,B
2021-06-04T14:30:25,1000.0,13.0,S
2021-06-04T14:29:57,100.0,13.0,S
2021-06-04T14:29:56,100.0,13.0,S
2021-06-04T14:29:42,5000.0,13.0,S
2021-06-04T14:29:38,500.0,13.0,S
2021-06-04T14:29:24,1000.0,13.1,B
2021-06-04T14:29:18,46600.0,13.1,B
2021-06-04T14:29:16,300.0,13.0,S
2021-06-04T14:28:51,800.0,13.0,S
2021-06-04T14:28:35,900.0,13.0,S
2021-06-04T14:28:29,500.0,13.0,S
2021-06-04T14:28:28,1200.0,13.0,B
2021-06-04T14:28:14,700.0,13.0,B
2021-06-04T14:28:11,100.0,13.0,B
2021-06-04T14:28:05,100.0,13.0,B
2021-06-04T14:27:30,10000.0,13.1,B
2021-06-04T14:27:24,4200.0,13.0,S
2021-06-04T14:27:23,100.0,13.0,S
2021-06-04T14:27:13,22000.0,13.0,S
2021-06-04T14:27:08,1000.0,13.0,S
2021-06-04T14:26:58,200.0,13.0,S
2021-06-04T14:26:55,3000.0,13.0,S
2021-06-04T14:26:52,200.0,13.0,S
2021-06-04T14:26:45,1100.0,13.0,S
2021-06-04T14:26:39,200.0,13.0,S
2021-06-04T14:26:38,200.0,13.1,B
2021-06-04T14:26:30,1000.0,13.0,S
2021-06-04T14:25:41,6000.0,13.0,S
2021-06-04T14:25:40,1900.0,13.0,S
2021-06-04T14:25:30,100.0,13.0,S
2021-06-04T14:25:25,900.0,13.1,B
2021-06-04T14:25:08,2500.0,13.0,S
2021-06-04T14:25:02,1900.0,13.1,B
2021-06-04T14:24:48,2000.0,13.0,S
2021-06-04T14:24:31,400.0,13.0,S
2021-06-04T14:24:20,100.0,13.1,B
2021-06-04T14:24:02,300.0,13.1,B
2021-06-04T14:23:37,1500.0,13.0,S
2021-06-04T14:23:18,300.0,13.1,B
2021-06-04T14:22:57,200.0,13.0,S
2021-06-04T14:22:44,2000.0,13.0,S
2021-06-04T14:22:36,1000.0,13.0,S
2021-06-04T14:22:30,500.0,13.0,S
2021-06-04T14:21:53,500.0,13.0,S
2021-06-04T14:21:36,2000.0,13.0,S
2021-06-04T14:21:11,200.0,13.0,S
2021-06-04T14:21:08,500.0,13.0,S
2021-06-04T14:20:49,4000.0,13.0,S
2021-06-04T14:20:32,500.0,13.0,S
2021-06-04T14:20:18,12000.0,13.0,S
2021-06-04T14:20:16,100.0,13.1,B
2021-06-04T14:19:49,1000.0,13.1,B
2021-06-04T14:19:36,500.0,13.1,B
2021-06-04T14:19:22,100.0,13.1,B
2021-06-04T14:19:05,100.0,13.1,B
2021-06-04T14:18:47,300.0,13.1,S
2021-06-04T14:18:46,2700.0,13.1,B
2021-06-04T14:18:42,500.0,13.0,S
2021-06-04T14:18:38,1000.0,13.1,B
2021-06-04T14:18:33,2000.0,13.1,B
2021-06-04T14:18:32,500.0,13.1,B
2021-06-04T14:18:19,3000.0,13.1,B
2021-06-04T14:18:13,1900.0,13.0,S
2021-06-04T14:17:55,1000.0,13.1,B
2021-06-04T14:17:45,3400.0,13.0,S
2021-06-04T14:17:33,600.0,13.1,B
2021-06-04T14:17:09,5500.0,13.0,S
2021-06-04T14:17:08,1000.0,13.1,B
2021-06-04T14:17:07,200.0,13.1,B
2021-06-04T14:17:02,2000.0,13.1,B
2021-06-04T14:16:39,10000.0,13.1,B
2021-06-04T14:16:36,100.0,13.1,B
2021-06-04T14:15:11,300.0,13.1,B
2021-06-04T14:15:04,2000.0,13.1,B
2021-06-04T14:15:02,500.0,13.1,B
2021-06-04T14:14:33,100.0,13.1,B
2021-06-04T14:14:30,100.0,13.1,B
2021-06-04T14:14:07,400.0,13.1,B
2021-06-04T14:13:57,200.0,13.0,S
2021-06-04T14:13:46,2300.0,13.1,B
2021-06-04T14:13:42,3000.0,13.1,B
2021-06-04T14:13:12,1000.0,13.1,B
2021-06-04T14:13:06,300.0,13.1,S
2021-06-04T14:12:38,400.0,13.1,S
2021-06-04T14:12:26,1000.0,13.1,B
2021-06-04T14:12:22,200.0,13.1,B
2021-06-04T14:12:13,300.0,13.1,B
2021-06-04T14:12:08,500.0,13.1,B
2021-06-04T14:12:01,500.0,13.1,B
2021-06-04T14:11:57,4000.0,13.1,B
2021-06-04T14:11:55,20000.0,13.0,S
2021-06-04T14:11:42,1000.0,13.1,B
2021-06-04T14:11:06,5000.0,13.1,B
2021-06-04T14:10:56,100.0,13.1,B
2021-06-04T14:10:54,300.0,13.1,B
2021-06-04T14:10:43,2000.0,13.1,B
2021-06-04T14:10:18,100.0,13.1,B
2021-06-04T14:10:16,2000.0,13.1,B
2021-06-04T14:10:11,1500.0,13.1,B
2021-06-04T14:09:59,21700.0,13.1,B
2021-06-04T14:09:08,500.0,13.2,B
2021-06-04T14:08:17,2000.0,13.1,S
2021-06-04T14:07:48,3000.0,13.1,S
2021-06-04T14:05:20,10000.0,13.1,S
2021-06-04T14:05:16,100.0,13.1,S
2021-06-04T14:04:54,100.0,13.1,S
2021-06-04T14:04:48,200.0,13.2,B
2021-06-04T14:03:55,1000.0,13.1,S
2021-06-04T14:03:47,100.0,13.2,B
2021-06-04T14:03:24,400.0,13.2,B
2021-06-04T14:03:06,400.0,13.1,S
2021-06-04T14:02:35,200.0,13.1,S
2021-06-04T14:02:24,1000.0,13.1,S
2021-06-04T14:02:21,1800.0,13.1,S
2021-06-04T14:02:18,1000.0,13.1,S
2021-06-04T14:02:18,100.0,13.2,B
2021-06-04T14:02:17,9000.0,13.1,S
2021-06-04T14:02:02,1000.0,13.1,S
2021-06-04T14:01:45,3000.0,13.1,S
2021-06-04T14:00:50,200.0,13.2,B
2021-06-04T14:00:16,2000.0,13.2,B
2021-06-04T14:00:15,20000.0,13.1,S
2021-06-04T14:00:02,7400.0,13.2,B
2021-06-04T13:59:50,1400.0,13.2,B
2021-06-04T13:58:34,100.0,13.2,B
2021-06-04T13:58:31,500.0,13.2,B
2021-06-04T13:58:28,1000.0,13.2,B
2021-06-04T13:58:15,200.0,13.2,B
2021-06-04T13:58:09,1000.0,13.2,B
2021-06-04T13:58:05,3000.0,13.2,B
2021-06-04T13:57:52,300.0,13.2,B
2021-06-04T13:57:43,100.0,13.2,B
2021-06-04T13:57:23,40800.0,13.2,S
2021-06-04T13:57:03,400.0,13.3,B
2021-06-04T13:57:02,2400.0,13.3,B
2021-06-04T13:56:58,2200.0,13.3,S
2021-06-04T13:56:35,1800.0,13.3,B
2021-06-04T13:56:00,500.0,13.3,B
2021-06-04T13:55:07,100.0,13.3,B
2021-06-04T13:55:05,1400.0,13.3,S
2021-06-04T13:55:03,2000.0,13.3,S
2021-06-04T13:55:02,600.0,13.3,S
2021-06-04T13:54:37,1000.0,13.3,S
2021-06-04T13:53:32,500.0,13.3,S
2021-06-04T13:53:26,100.0,13.4,B
2021-06-04T13:53:05,5000.0,13.4,B
2021-06-04T13:52:55,100.0,13.3,S
2021-06-04T13:52:43,100.0,13.4,B
2021-06-04T13:52:17,5000.0,13.4,B
2021-06-04T13:52:08,1000.0,13.3,S
2021-06-04T13:51:57,200.0,13.3,S
2021-06-04T13:51:54,500.0,13.2,S
2021-06-04T13:51:29,200.0,13.3,B
2021-06-04T13:51:25,500.0,13.3,B
2021-06-04T13:51:23,4200.0,13.3,B
2021-06-04T13:51:18,500.0,13.4,B
2021-06-04T13:51:00,2000.0,13.4,B
2021-06-04T13:50:44,100.0,13.4,B
2021-06-04T13:49:43,1500.0,13.4,B
2021-06-04T13:49:10,100.0,13.4,B
2021-06-04T13:49:01,100.0,13.4,B
2021-06-04T13:48:53,900.0,13.3,S
2021-06-04T13:48:38,100.0,13.4,B
2021-06-04T13:48:22,1000.0,13.4,B
2021-06-04T13:48:21,100.0,13.3,S
2021-06-04T13:48:16,500.0,13.3,S
2021-06-04T13:47:27,100.0,13.3,S
2021-06-04T13:46:36,1600.0,13.4,S
2021-06-04T13:46:33,500.0,13.4,S
2021-06-04T13:46:24,1000.0,13.4,S
2021-06-04T13:46:16,5000.0,13.4,S
2021-06-04T13:46:14,400.0,13.4,S
2021-06-04T13:46:07,500.0,13.4,S
2021-06-04T13:45:55,1000.0,13.4,S
2021-06-04T13:45:55,300.0,13.4,S
2021-06-04T13:45:15,9000.0,13.4,S
2021-06-04T13:45:07,1500.0,13.4,S
2021-06-04T13:44:59,2000.0,13.4,S
2021-06-04T13:44:50,3000.0,13.4,S
2021-06-04T13:44:10,200.0,13.5,B
2021-06-04T13:44:05,3300.0,13.5,B
2021-06-04T13:43:34,100.0,13.5,B
2021-06-04T13:42:43,1800.0,13.5,B
2021-06-04T13:42:17,500.0,13.5,B
2021-06-04T13:42:15,3000.0,13.4,S
2021-06-04T13:41:47,400.0,13.5,B
2021-06-04T13:41:43,2000.0,13.4,S
2021-06-04T13:41:33,700.0,13.5,B
2021-06-04T13:41:26,600.0,13.5,B
2021-06-04T13:41:02,1000.0,13.5,B
2021-06-04T13:40:56,1700.0,13.4,B
2021-06-04T13:40:54,500.0,13.4,B
2021-06-04T13:40:53,1000.0,13.4,B
2021-06-04T13:39:22,200.0,13.4,S
2021-06-04T13:39:22,1800.0,13.4,B
2021-06-04T13:38:41,16400.0,13.2,S
2021-06-04T13:38:21,20300.0,13.2,S
2021-06-04T13:38:17,300.0,13.4,B
2021-06-04T13:38:05,500.0,13.4,B
2021-06-04T13:37:35,100.0,13.4,B
2021-06-04T13:37:25,3000.0,13.4,B
2021-06-04T13:37:20,1000.0,13.4,B
2021-06-04T13:37:20,15500.0,13.4,B
2021-06-04T13:36:43,1000.0,13.4,S
2021-06-04T13:36:43,100.0,13.5,B
2021-06-04T13:36:41,5500.0,13.5,B
2021-06-04T13:36:37,4000.0,13.5,B
2021-06-04T13:36:36,500.0,13.5,B
2021-06-04T13:36:35,2000.0,13.5,B
2021-06-04T13:35:58,300.0,13.5,B
2021-06-04T13:35:13,2100.0,13.4,S
2021-06-04T13:34:55,200.0,13.4,S
2021-06-04T13:34:48,400.0,13.4,S
2021-06-04T13:34:16,29700.0,13.4,B
2021-06-04T13:34:12,10000.0,13.4,B
2021-06-04T13:33:39,1500.0,13.2,S
2021-06-04T13:33:31,2000.0,13.4,B
2021-06-04T13:33:13,1000.0,13.2,S
2021-06-04T13:32:50,10000.0,13.4,B
2021-06-04T13:32:38,1800.0,13.3,S
2021-06-04T13:32:29,4200.0,13.3,B
2021-06-04T13:32:27,1000.0,13.2,S
2021-06-04T13:32:06,8000.0,13.2,S
2021-06-04T13:32:05,500.0,13.2,S
2021-06-04T13:32:00,1000.0,13.2,S
2021-06-04T13:31:51,1000.0,13.3,B
2021-06-04T13:31:41,300.0,13.2,S
2021-06-04T13:31:23,100.0,13.2,B
2021-06-04T13:31:13,100.0,13.3,B
2021-06-04T13:31:05,100.0,13.3,B
2021-06-04T13:30:23,24100.0,13.3,B
2021-06-04T13:30:12,100.0,13.3,S
2021-06-04T13:30:08,1000.0,13.4,B
2021-06-04T13:29:27,900.0,13.4,B
2021-06-04T13:28:55,1000.0,13.4,B
2021-06-04T13:28:43,200.0,13.4,B
2021-06-04T13:27:49,500.0,13.4,B
2021-06-04T13:27:45,100.0,13.4,B
2021-06-04T13:27:17,100.0,13.4,B
2021-06-04T13:26:37,300.0,13.4,B
2021-06-04T13:26:21,9000.0,13.4,B
2021-06-04T13:25:56,100.0,13.4,B
2021-06-04T13:25:50,800.0,13.4,B
2021-06-04T13:25:20,700.0,13.4,B
2021-06-04T13:25:12,5000.0,13.4,B
2021-06-04T13:25:06,1500.0,13.4,B
2021-06-04T13:25:05,100.0,13.3,S
2021-06-04T13:24:38,2000.0,13.4,B
2021-06-04T13:24:06,100.0,13.4,B
2021-06-04T13:23:58,1000.0,13.4,B
2021-06-04T13:23:56,3500.0,13.3,S
2021-06-04T13:23:32,1000.0,13.3,S
2021-06-04T13:23:29,3700.0,13.3,B
2021-06-04T13:23:07,1300.0,13.1,B
2021-06-04T13:23:04,500.0,13.1,B
2021-06-04T13:22:50,100.0,13.1,B
2021-06-04T13:22:47,200.0,13.1,B
2021-06-04T13:22:47,6900.0,13.1,B
2021-06-04T13:22:41,100.0,13.3,B
2021-06-04T13:22:35,2500.0,13.3,B
2021-06-04T13:22:10,200.0,13.2,S
2021-06-04T13:21:59,300.0,13.2,B
2021-06-04T13:21:46,200.0,13.2,B
2021-06-04T13:21:24,200.0,13.1,S
2021-06-04T13:20:50,1900.0,13.1,B
2021-06-04T13:20:29,200.0,13.1,B
2021-06-04T13:20:26,200.0,13.1,B
2021-06-04T13:19:54,100.0,13.1,B
2021-06-04T13:19:45,5000.0,13.1,B
2021-06-04T13:19:45,200.0,13.1,B
2021-06-04T13:19:36,100.0,13.1,B
2021-06-04T13:18:50,1200.0,13.0,B
2021-06-04T13:18:45,200.0,13.0,B
2021-06-04T13:18:41,300.0,13.0,B
2021-06-04T13:18:32,6200.0,13.0,S
2021-06-04T13:18:24,100.0,13.0,S
2021-06-04T13:18:23,100.0,13.0,S
2021-06-04T13:18:22,500.0,13.0,S
2021-06-04T13:18:19,2600.0,13.0,S
2021-06-04T13:18:00,100.0,13.0,S
2021-06-04T13:17:41,300.0,13.0,S
2021-06-04T13:17:40,5000.0,13.1,B
2021-06-04T13:17:34,6000.0,13.0,S
2021-06-04T13:17:20,200.0,13.1,B
2021-06-04T13:17:15,2300.0,13.1,S
2021-06-04T13:17:05,5000.0,13.1,S
2021-06-04T13:17:03,1000.0,13.1,S
2021-06-04T13:16:58,200.0,13.1,S
2021-06-04T13:16:54,400.0,13.1,S
2021-06-04T13:16:47,200.0,13.1,S
2021-06-04T13:16:20,100.0,13.2,B
2021-06-04T13:16:16,300.0,13.2,S
2021-06-04T13:16:02,2000.0,13.3,B
2021-06-04T13:16:01,200.0,13.3,B
2021-06-04T13:15:48,300.0,13.3,S
2021-06-04T13:15:29,400.0,13.3,S
2021-06-04T13:15:05,200.0,13.4,B
2021-06-04T13:14:08,200.0,13.4,B
2021-06-04T13:14:02,3400.0,13.4,S
2021-06-04T13:13:56,1100.0,13.4,S
2021-06-04T13:13:54,500.0,13.4,S
2021-06-04T13:13:52,2600.0,13.4,S
2021-06-04T13:13:51,2000.0,13.4,S
2021-06-04T13:13:46,1000.0,13.4,S
2021-06-04T13:13:46,800.0,13.4,S
2021-06-04T13:13:43,10000.0,13.4,S
2021-06-04T13:13:36,500.0,13.4,S
2021-06-04T13:13:28,3000.0,13.4,S
2021-06-04T13:13:22,22400.0,13.4,S
2021-06-04T13:13:19,1000.0,13.4,S
2021-06-04T13:13:09,100.0,13.4,S
2021-06-04T13:13:02,600.0,13.4,S
2021-06-04T13:12:53,3900.0,13.4,S
2021-06-04T13:12:34,300.0,13.4,S
2021-06-04T13:12:05,100.0,13.4,S
2021-06-04T13:11:49,200.0,13.5,B
2021-06-04T13:11:43,100.0,13.4,S
2021-06-04T13:11:11,500.0,13.4,S
2021-06-04T13:11:09,100.0,13.5,B
2021-06-04T13:11:03,100.0,13.5,B
2021-06-04T13:10:50,1100.0,13.5,B
2021-06-04T13:10:43,100.0,13.5,B
2021-06-04T13:10:22,2000.0,13.5,B
2021-06-04T13:10:20,500.0,13.4,S
2021-06-04T13:10:19,200.0,13.5,B
2021-06-04T13:10:17,600.0,13.5,B
2021-06-04T13:10:05,3000.0,13.5,B
2021-06-04T13:10:02,1000.0,13.4,S
2021-06-04T13:09:44,300.0,13.4,S
2021-06-04T13:08:47,6900.0,13.4,S
2021-06-04T13:08:35,5000.0,13.4,B
2021-06-04T13:08:21,100.0,13.4,B
2021-06-04T13:08:15,8000.0,13.3,B
2021-06-04T13:08:08,400.0,13.1,S
2021-06-04T13:07:56,8100.0,13.1,B
2021-06-04T13:07:55,10000.0,13.1,B
2021-06-04T13:07:33,100.0,13.0,S
2021-06-04T13:07:18,9700.0,13.0,S
2021-06-04T13:07:13,1000.0,13.0,B
2021-06-04T13:07:03,2000.0,13.0,B
2021-06-04T13:06:59,200.0,13.0,B
2021-06-04T13:06:50,1100.0,13.0,B
2021-06-04T13:06:43,3000.0,13.0,B
2021-06-04T13:06:21,100.0,12.9,S
2021-06-04T13:05:45,3600.0,12.9,S
2021-06-04T13:05:41,300.0,12.9,B
2021-06-04T13:05:37,5000.0,12.9,B
2021-06-04T13:05:14,4700.0,12.9,B
2021-06-04T13:05:04,3700.0,12.8,B
2021-06-04T13:04:56,1600.0,12.7,S
2021-06-04T13:04:53,2000.0,12.8,B
2021-06-04T13:04:50,3700.0,12.8,B
2021-06-04T13:04:40,100.0,12.8,B
2021-06-04T13:04:31,200.0,12.8,B
2021-06-04T13:04:10,200.0,12.8,B
2021-06-04T13:04:06,500.0,12.7,S
2021-06-04T13:03:59,1000.0,12.8,B
2021-06-04T13:03:56,500.0,12.7,S
2021-06-04T13:03:53,200.0,12.8,B
2021-06-04T13:03:44,1000.0,12.8,B
2021-06-04T13:03:37,100.0,12.7,S
2021-06-04T13:03:36,2700.0,12.7,S
2021-06-04T13:03:16,100.0,12.8,B
2021-06-04T13:03:10,3000.0,12.8,B
2021-06-04T13:02:56,400.0,12.7,S
2021-06-04T13:02:53,1000.0,12.8,B
2021-06-04T13:02:51,5000.0,12.7,S
2021-06-04T13:02:35,100.0,12.8,B
2021-06-04T13:02:21,200.0,12.8,S
2021-06-04T13:01:57,400.0,12.8,B
2021-06-04T13:01:57,100.0,12.8,B
2021-06-04T13:01:47,200.0,12.8,B
2021-06-04T13:01:33,100.0,12.7,S
2021-06-04T13:01:30,100.0,12.7,S
2021-06-04T13:01:29,3000.0,12.8,B
2021-06-04T13:00:51,200.0,12.7,S
2021-06-04T13:00:47,100.0,12.7,S
2021-06-04T13:00:36,1500.0,12.6,S
2021-06-04T13:00:36,5000.0,12.6,S
2021-06-04T13:00:32,2800.0,12.6,S
2021-06-04T13:00:26,4500.0,12.6,S
2021-06-04T13:00:24,2500.0,12.6,S
2021-06-04T13:00:20,800.0,12.6,S
2021-06-04T13:00:13,1900.0,12.6,S
2021-06-04T13:00:10,39200.0,12.6,S
2021-06-04T13:00:08,10500.0,12.7,S
2021-06-04T11:29:33,400.0,12.6,S
2021-06-04T11:29:25,800.0,12.7,B
2021-06-04T11:29:24,5000.0,12.7,B
2021-06-04T11:29:22,200.0,12.7,B
2021-06-04T11:29:19,100.0,12.7,B
2021-06-04T11:29:14,500.0,12.7,B
2021-06-04T11:29:08,1100.0,12.6,S
2021-06-04T11:29:01,200.0,12.6,S
2021-06-04T11:28:52,100.0,12.6,S
2021-06-04T11:28:52,1000.0,12.6,S
2021-06-04T11:28:46,1000.0,12.6,S
2021-06-04T11:28:46,9000.0,12.5,S
2021-06-04T11:28:41,15000.0,12.6,B
2021-06-04T11:28:34,100.0,12.6,B
2021-06-04T11:28:30,1000.0,12.6,B
2021-06-04T11:28:27,200.0,12.5,S
2021-06-04T11:28:27,2000.0,12.6,B
2021-06-04T11:28:24,200.0,12.6,B
2021-06-04T11:28:19,100.0,12.6,B
2021-06-04T11:28:15,100.0,12.6,B
2021-06-04T11:28:09,2000.0,12.6,B
2021-06-04T11:28:07,800.0,12.6,B
2021-06-04T11:28:05,200.0,12.6,S
2021-06-04T11:28:02,300.0,12.6,S
2021-06-04T11:28:00,200.0,12.6,B
2021-06-04T11:27:57,19800.0,12.6,S
2021-06-04T11:27:56,6300.0,12.6,S
2021-06-04T11:27:50,2000.0,12.7,B
2021-06-04T11:27:44,900.0,12.7,B
2021-06-04T11:27:43,4500.0,12.6,S
2021-06-04T11:27:36,1000.0,12.6,S
2021-06-04T11:27:33,1000.0,12.7,B
2021-06-04T11:27:28,1000.0,12.7,B
2021-06-04T11:27:24,100.0,12.7,B
2021-06-04T11:27:22,300.0,12.7,B
2021-06-04T11:27:20,300.0,12.7,B
2021-06-04T11:27:19,2000.0,12.7,B
2021-06-04T11:27:18,500.0,12.7,B
2021-06-04T11:27:12,200.0,12.7,B
2021-06-04T11:27:02,100.0,12.7,B
2021-06-04T11:26:49,2000.0,12.7,S
2021-06-04T11:26:47,1000.0,12.7,S
2021-06-04T11:26:42,100.0,12.7,S
2021-06-04T11:26:40,7200.0,12.7,S
2021-06-04T11:26:32,100.0,12.7,S
2021-06-04T11:26:31,300.0,12.7,S
2021-06-04T11:26:30,8800.0,12.7,S
2021-06-04T11:26:29,200.0,12.7,S
2021-06-04T11:26:28,1000.0,12.7,S
2021-06-04T11:26:26,10900.0,12.7,S
2021-06-04T11:26:17,5000.0,12.7,S
2021-06-04T11:26:06,3300.0,12.7,S
2021-06-04T11:26:00,1000.0,12.7,S
2021-06-04T11:26:00,100.0,12.8,B
2021-06-04T11:25:46,4000.0,12.7,S
2021-06-04T11:25:39,300.0,12.8,B
2021-06-04T11:25:38,100.0,12.8,B
2021-06-04T11:25:36,5000.0,12.7,S
2021-06-04T11:25:34,300.0,12.7,S
2021-06-04T11:25:21,1000.0,12.8,B
2021-06-04T11:25:19,1000.0,12.8,B
2021-06-04T11:25:18,300.0,12.8,B
2021-06-04T11:25:16,500.0,12.7,S
2021-06-04T11:25:15,500.0,12.8,B
2021-06-04T11:25:13,1200.0,12.8,B
2021-06-04T11:25:12,500.0,12.7,S
2021-06-04T11:25:09,800.0,12.8,B
2021-06-04T11:24:56,4000.0,12.8,B
2021-06-04T11:24:55,1000.0,12.8,B
2021-06-04T11:24:53,2000.0,12.8,B
2021-06-04T11:24:46,100.0,12.8,B
2021-06-04T11:24:35,100.0,12.8,B
2021-06-04T11:24:32,300.0,12.8,B
2021-06-04T11:24:31,2000.0,12.7,S
2021-06-04T11:24:30,1100.0,12.7,S
2021-06-04T11:24:27,20500.0,12.8,B
2021-06-04T11:24:25,1000.0,12.9,B
2021-06-04T11:24:22,1000.0,12.8,S
2021-06-04T11:24:18,5000.0,12.8,S
2021-06-04T11:24:16,15000.0,12.8,S
2021-06-04T11:24:07,5000.0,12.8,S
2021-06-04T11:24:02,1000.0,12.8,S
2021-06-04T11:23:45,15600.0,12.8,S
2021-06-04T11:23:43,1300.0,12.8,S
2021-06-04T11:23:37,100.0,12.8,S
2021-06-04T11:23:30,600.0,12.9,B
2021-06-04T11:23:18,5000.0,12.8,S
2021-06-04T11:23:16,2000.0,12.8,S
2021-06-04T11:23:14,3000.0,12.9,B
2021-06-04T11:23:08,100.0,12.9,B
2021-06-04T11:23:07,1000.0,12.9,B
2021-06-04T11:22:59,1000.0,12.9,B
2021-06-04T11:22:46,500.0,12.9,B
2021-06-04T11:22:35,200.0,12.8,S
2021-06-04T11:22:34,10000.0,12.8,S
2021-06-04T11:22:16,6400.0,12.9,S
2021-06-04T11:22:13,300.0,12.9,S
2021-06-04T11:22:02,200.0,12.9,S
2021-06-04T11:21:49,2400.0,12.9,S
2021-06-04T11:21:35,400.0,13.0,B
2021-06-04T11:21:30,5000.0,12.9,S
2021-06-04T11:21:25,100.0,12.9,S
2021-06-04T11:21:17,5000.0,12.9,S
2021-06-04T11:21:06,10000.0,12.9,S
2021-06-04T11:20:39,700.0,13.0,B
2021-06-04T11:20:37,2000.0,12.9,S
2021-06-04T11:20:20,10000.0,13.0,B
2021-06-04T11:20:20,30000.0,12.9,S
2021-06-04T11:20:17,200.0,13.0,B
2021-06-04T11:20:11,200.0,13.0,B
2021-06-04T11:20:09,20000.0,12.9,S
2021-06-04T11:20:02,3000.0,13.0,S
2021-06-04T11:20:01,8000.0,13.0,S
2021-06-04T11:19:53,10000.0,13.0,S
2021-06-04T11:19:44,200.0,13.1,B
2021-06-04T11:19:42,10000.0,13.0,S
2021-06-04T11:19:37,1000.0,13.0,S
2021-06-04T11:19:32,100.0,13.1,B
2021-06-04T11:19:29,1000.0,13.1,B
2021-06-04T11:19:22,5000.0,13.0,S
2021-06-04T11:19:21,15000.0,13.0,S
2021-06-04T11:19:18,4000.0,13.1,B
2021-06-04T11:19:16,1000.0,13.0,S
2021-06-04T11:19:05,8800.0,13.0,S
2021-06-04T11:18:47,500.0,13.1,B
2021-06-04T11:18:37,1000.0,13.0,S
2021-06-04T11:18:28,100.0,13.1,B
2021-06-04T11:18:28,9500.0,13.0,S
2021-06-04T11:18:18,200.0,13.1,B
2021-06-04T11:18:12,100.0,13.1,B
2021-06-04T11:17:56,800.0,13.1,B
2021-06-04T11:17:55,4500.0,13.0,S
2021-06-04T11:17:41,200.0,13.1,B
2021-06-04T11:17:30,200.0,13.1,B
2021-06-04T11:17:21,300.0,13.1,B
2021-06-04T11:17:21,100.0,13.1,B
2021-06-04T11:17:11,1500.0,13.1,S
2021-06-04T11:17:02,100.0,13.1,B
2021-06-04T11:16:41,3400.0,13.1,S
2021-06-04T11:16:26,400.0,13.2,B
2021-06-04T11:16:16,600.0,13.1,S
2021-06-04T11:16:14,2000.0,13.1,S
2021-06-04T11:15:59,6000.0,13.1,S
2021-06-04T11:15:41,6000.0,13.2,B
2021-06-04T11:15:17,100.0,13.1,S
2021-06-04T11:15:01,1000.0,13.2,B
2021-06-04T11:15:00,7100.0,13.2,B
2021-06-04T11:14:55,5000.0,13.1,S
2021-06-04T11:14:54,3300.0,13.1,S
2021-06-04T11:14:48,200.0,13.1,S
2021-06-04T11:14:44,5000.0,13.1,S
2021-06-04T11:14:21,500.0,13.1,S
2021-06-04T11:14:19,5000.0,13.1,S
2021-06-04T11:14:08,500.0,13.1,S
2021-06-04T11:13:47,700.0,13.1,S
2021-06-04T11:13:42,5000.0,13.2,B
2021-06-04T11:13:33,1000.0,13.1,S
2021-06-04T11:13:32,300.0,13.2,B
2021-06-04T11:13:25,100.0,13.2,B
2021-06-04T11:13:10,1000.0,13.2,B
2021-06-04T11:12:57,300.0,13.2,B
2021-06-04T11:12:48,2700.0,13.2,B
2021-06-04T11:12:40,4800.0,13.1,S
2021-06-04T11:12:25,1100.0,13.2,B
2021-06-04T11:12:00,1400.0,13.2,S
2021-06-04T11:11:31,2800.0,13.2,B
2021-06-04T11:11:15,10000.0,13.2,B
2021-06-04T11:11:10,400.0,13.2,B
2021-06-04T11:10:48,500.0,13.2,B
2021-06-04T11:10:40,2000.0,13.2,B
2021-06-04T11:10:31,3000.0,13.2,B
2021-06-04T11:10:24,300.0,13.2,B
2021-06-04T11:10:09,2700.0,13.2,S
2021-06-04T11:10:03,100.0,13.2,S
2021-06-04T11:09:52,100.0,13.2,S
2021-06-04T11:09:48,100.0,13.2,B
2021-06-04T11:09:33,500.0,13.2,B
2021-06-04T11:09:10,300.0,13.2,B
2021-06-04T11:09:08,500.0,13.2,B
2021-06-04T11:09:02,500.0,13.2,B
2021-06-04T11:08:53,1000.0,13.1,S
2021-06-04T11:08:53,100.0,13.2,B
2021-06-04T11:08:44,8700.0,13.2,S
2021-06-04T11:08:41,500.0,13.3,B
2021-06-04T11:08:37,100.0,13.3,B
2021-06-04T11:08:31,1900.0,13.3,B
2021-06-04T11:08:31,2000.0,13.2,S
2021-06-04T11:08:23,200.0,13.3,B
2021-06-04T11:08:01,500.0,13.3,B
2021-06-04T11:07:38,8000.0,13.2,S
2021-06-04T11:07:21,1000.0,13.4,B
2021-06-04T11:07:19,100.0,13.3,S
2021-06-04T11:07:04,800.0,13.3,B
2021-06-04T11:06:51,1000.0,13.3,B
2021-06-04T11:06:50,100.0,13.3,B
2021-06-04T11:06:43,500.0,13.3,B
2021-06-04T11:06:40,1000.0,13.3,B
2021-06-04T11:06:36,500.0,13.3,B
2021-06-04T11:06:34,1200.0,13.3,B
2021-06-04T11:06:16,1300.0,13.4,B
2021-06-04T11:06:11,200.0,13.3,S
2021-06-04T11:06:06,200.0,13.3,S
2021-06-04T11:05:51,1800.0,13.3,S
2021-06-04T11:05:12,1000.0,13.4,B
2021-06-04T11:05:07,200.0,13.4,B
2021-06-04T11:05:06,500.0,13.4,B
2021-06-04T11:05:05,500.0,13.4,B
2021-06-04T11:04:54,100.0,13.4,B
2021-06-04T11:04:50,100.0,13.4,B
2021-06-04T11:04:40,3000.0,13.4,B
2021-06-04T11:04:24,7000.0,13.3,B
2021-06-04T11:04:16,100.0,13.3,B
2021-06-04T11:04:02,100.0,13.3,B
2021-06-04T11:04:01,100.0,13.3,B
2021-06-04T11:03:04,600.0,13.2,B
2021-06-04T11:02:57,1000.0,13.2,B
2021-06-04T11:02:52,1200.0,13.2,B
2021-06-04T11:02:43,5000.0,13.2,B
2021-06-04T11:02:41,200.0,13.2,B
2021-06-04T11:02:32,100.0,13.2,B
2021-06-04T11:02:27,4000.0,13.1,S
2021-06-04T11:02:27,1300.0,13.2,B
2021-06-04T11:02:17,200.0,13.2,B
2021-06-04T11:02:17,100.0,13.1,S
2021-06-04T11:01:51,500.0,13.1,S
2021-06-04T11:01:48,1100.0,13.1,S
2021-06-04T11:01:45,2000.0,13.1,B
2021-06-04T11:01:42,100.0,13.1,B
2021-06-04T11:01:42,1200.0,13.1,B
2021-06-04T11:01:39,15600.0,13.1,S
2021-06-04T11:01:34,1500.0,13.1,S
2021-06-04T11:01:30,400.0,13.1,S
2021-06-04T11:01:27,1200.0,13.1,S
2021-06-04T11:01:24,1500.0,13.1,B
2021-06-04T11:01:23,3000.0,13.1,B
2021-06-04T11:01:20,5000.0,13.1,B
2021-06-04T11:01:19,100.0,13.1,B
2021-06-04T11:01:18,100.0,13.1,B
2021-06-04T11:01:10,200.0,13.1,B
2021-06-04T11:01:09,5000.0,13.1,B
2021-06-04T11:01:09,100.0,13.1,B
2021-06-04T11:01:00,500.0,13.1,B
2021-06-04T11:00:53,1000.0,13.1,B
2021-06-04T11:00:49,5100.0,13.1,B
2021-06-04T11:00:45,100.0,13.1,B
2021-06-04T11:00:39,500.0,13.1,B
2021-06-04T11:00:34,1000.0,13.1,B
2021-06-04T11:00:29,300.0,13.1,B
2021-06-04T11:00:24,100.0,13.1,B
2021-06-04T11:00:11,300.0,13.0,S
2021-06-04T11:00:10,100.0,13.0,B
2021-06-04T11:00:09,2000.0,13.0,B
2021-06-04T11:00:08,200.0,13.0,B
2021-06-04T11:00:00,100.0,13.0,B
2021-06-04T11:00:00,300.0,13.0,B
2021-06-04T10:59:59,500.0,13.0,B
2021-06-04T10:59:53,200.0,12.9,S
2021-06-04T10:59:47,2000.0,13.0,B
2021-06-04T10:59:37,200.0,13.0,B
2021-06-04T10:59:31,2000.0,13.0,B
2021-06-04T10:59:30,10000.0,13.0,B
2021-06-04T10:59:26,300.0,13.0,B
2021-06-04T10:59:24,500.0,12.9,S
2021-06-04T10:59:21,2000.0,13.0,B
2021-06-04T10:59:12,1000.0,12.9,S
2021-06-04T10:58:50,300.0,13.0,B
2021-06-04T10:58:50,300.0,13.0,B
2021-06-04T10:58:42,6200.0,13.0,B
2021-06-04T10:58:28,2000.0,13.0,B
2021-06-04T10:58:23,5000.0,12.9,S
2021-06-04T10:58:19,3000.0,13.0,B
2021-06-04T10:58:19,100.0,13.0,B
2021-06-04T10:58:14,6000.0,12.9,S
2021-06-04T10:58:11,6900.0,12.9,S
2021-06-04T10:58:10,2000.0,12.9,S
2021-06-04T10:58:07,1000.0,13.0,B
2021-06-04T10:58:05,1000.0,13.0,B
2021-06-04T10:58:03,400.0,13.0,B
2021-06-04T10:58:01,5000.0,13.0,B
2021-06-04T10:58:01,1300.0,13.0,B
2021-06-04T10:58:00,500.0,13.0,S
2021-06-04T10:57:55,200.0,13.0,S
2021-06-04T10:57:53,5600.0,13.0,B
2021-06-04T10:57:51,100.0,13.0,B
2021-06-04T10:57:50,3100.0,13.0,B
2021-06-04T10:57:49,2500.0,13.0,B
2021-06-04T10:57:45,1300.0,12.9,S
2021-06-04T10:57:45,400.0,13.0,B
2021-06-04T10:57:42,100.0,13.0,B
2021-06-04T10:57:42,200.0,13.0,B
2021-06-04T10:57:41,600.0,13.0,B
2021-06-04T10:57:34,400.0,13.0,B
2021-06-04T10:57:31,7900.0,13.0,B
2021-06-04T10:57:30,300.0,13.0,S
2021-06-04T10:57:27,100.0,13.0,S
2021-06-04T10:57:27,5300.0,13.1,B
2021-06-04T10:57:20,1000.0,13.0,S
2021-06-04T10:57:17,1700.0,13.0,B
2021-06-04T10:57:15,100.0,13.0,B
2021-06-04T10:57:11,1000.0,13.0,B
2021-06-04T10:57:11,300.0,13.0,B
2021-06-04T10:57:10,200.0,13.0,B
2021-06-04T10:57:05,16800.0,13.0,B
2021-06-04T10:57:01,100.0,13.1,B
2021-06-04T10:56:55,200.0,13.1,B
2021-06-04T10:56:47,3000.0,13.0,S
2021-06-04T10:56:46,1000.0,13.0,S
2021-06-04T10:56:40,1000.0,13.1,B
2021-06-04T10:56:36,1400.0,13.0,S
2021-06-04T10:56:31,1600.0,13.1,B
2021-06-04T10:56:27,2200.0,13.0,S
2021-06-04T10:56:15,1800.0,13.0,S
2021-06-04T10:56:12,9000.0,13.1,B
2021-06-04T10:56:11,500.0,13.1,B
2021-06-04T10:56:10,8000.0,13.0,S
2021-06-04T10:56:07,8000.0,13.0,S
2021-06-04T10:55:57,8300.0,13.1,B
2021-06-04T10:55:50,8100.0,13.0,B
2021-06-04T10:55:50,1000.0,13.0,B
2021-06-04T10:55:49,11900.0,13.0,B
2021-06-04T10:55:46,4600.0,13.0,S
2021-06-04T10:55:41,300.0,13.0,S
2021-06-04T10:55:35,600.0,13.0,S
2021-06-04T10:55:30,2000.0,13.1,B
2021-06-04T10:55:20,6300.0,13.1,B
2021-06-04T10:55:05,400.0,13.2,B
2021-06-04T10:55:04,3700.0,13.1,B
2021-06-04T10:55:03,1000.0,13.0,B
2021-06-04T10:55:00,1000.0,13.0,B
2021-06-04T10:54:59,200.0,13.0,B
2021-06-04T10:54:57,3000.0,13.0,B
2021-06-04T10:54:56,1000.0,13.0,B
2021-06-04T10:54:55,11000.0,13.0,B
2021-06-04T10:54:51,7100.0,13.0,S
2021-06-04T10:54:46,1000.0,13.2,B
2021-06-04T10:54:45,100.0,13.1,B
2021-06-04T10:54:40,700.0,13.0,S
2021-06-04T10:54:38,1000.0,13.1,S
2021-06-04T10:54:38,2600.0,13.0,S
2021-06-04T10:54:36,100.0,13.2,B
2021-06-04T10:54:30,21800.0,13.0,S
2021-06-04T10:54:30,1100.0,13.1,S
2021-06-04T10:54:19,600.0,13.2,S
2021-06-04T10:54:17,6600.0,13.2,S
2021-06-04T10:54:12,3000.0,13.4,B
2021-06-04T10:54:00,500.0,13.3,B
2021-06-04T10:53:59,800.0,13.3,B
2021-06-04T10:53:57,100.0,13.3,B
2021-06-04T10:53:56,100.0,13.3,B
2021-06-04T10:53:55,2800.0,13.3,S
2021-06-04T10:53:54,3000.0,13.3,S
2021-06-04T10:53:52,1000.0,13.3,S
2021-06-04T10:53:35,700.0,13.4,B
2021-06-04T10:53:32,700.0,13.4,S
2021-06-04T10:53:32,800.0,13.4,S
2021-06-04T10:53:31,5000.0,13.4,S
2021-06-04T10:53:30,200.0,13.4,S
2021-06-04T10:53:28,400.0,13.4,S
2021-06-04T10:52:56,100.0,13.4,S
2021-06-04T10:52:48,3000.0,13.4,S
2021-06-04T10:52:41,4000.0,13.5,B
2021-06-04T10:52:41,8000.0,13.4,S
2021-06-04T10:52:30,27500.0,13.4,S
2021-06-04T10:52:27,2200.0,13.5,S
2021-06-04T10:52:27,3000.0,13.5,S
2021-06-04T10:52:19,600.0,13.5,S
2021-06-04T10:52:16,2000.0,13.5,S
2021-06-04T10:52:14,10000.0,13.5,S
2021-06-04T10:52:09,2300.0,13.5,S
2021-06-04T10:51:55,8800.0,13.5,S
2021-06-04T10:51:52,10000.0,13.5,S
2021-06-04T10:51:41,1600.0,13.5,S
2021-06-04T10:51:39,300.0,13.6,B
2021-06-04T10:51:37,100.0,13.5,S
2021-06-04T10:51:32,5000.0,13.6,B
2021-06-04T10:51:12,22100.0,13.6,S
2021-06-04T10:51:10,2100.0,13.6,S
2021-06-04T10:51:07,200.0,13.6,S
2021-06-04T10:50:57,600.0,13.6,S
2021-06-04T10:50:22,300.0,13.6,S
2021-06-04T10:50:19,100.0,13.6,S
2021-06-04T10:50:12,10000.0,13.6,S
2021-06-04T10:49:31,100.0,13.6,S
2021-06-04T10:49:29,500.0,13.7,B
2021-06-04T10:49:10,500.0,13.7,B
2021-06-04T10:48:22,10000.0,13.7,B
2021-06-04T10:48:16,700.0,13.6,S
2021-06-04T10:47:29,100.0,13.6,S
2021-06-04T10:47:25,2400.0,13.6,S
2021-06-04T10:47:12,300.0,13.7,B
2021-06-04T10:46:51,100.0,13.6,S
2021-06-04T10:46:42,100.0,13.6,S
2021-06-04T10:46:20,5000.0,13.6,S
2021-06-04T10:46:14,5000.0,13.8,B
2021-06-04T10:46:09,4800.0,13.7,S
2021-06-04T10:45:42,200.0,13.7,S
2021-06-04T10:45:18,10300.0,13.7,S
2021-06-04T10:45:15,1000.0,13.7,S
2021-06-04T10:45:10,3200.0,13.7,S
2021-06-04T10:45:00,1000.0,13.7,S
2021-06-04T10:44:56,5000.0,13.7,S
2021-06-04T10:44:41,1000.0,13.7,S
2021-06-04T10:44:37,2000.0,13.8,B
2021-06-04T10:44:36,20000.0,13.7,S
2021-06-04T10:43:58,100.0,13.8,B
2021-06-04T10:43:50,200.0,13.8,B
2021-06-04T10:43:39,1000.0,13.8,B
2021-06-04T10:43:13,800.0,13.8,B
2021-06-04T10:42:52,400.0,13.8,B
2021-06-04T10:42:41,400.0,13.8,B
2021-06-04T10:42:07,1500.0,13.8,B
2021-06-04T10:41:50,500.0,13.8,B
2021-06-04T10:41:42,100.0,13.8,B
2021-06-04T10:41:20,3400.0,13.8,B
2021-06-04T10:41:06,100.0,13.8,B
2021-06-04T10:40:55,2000.0,13.8,B
2021-06-04T10:40:22,500.0,13.8,B
2021-06-04T10:39:56,100.0,13.8,B
2021-06-04T10:39:32,500.0,13.8,B
2021-06-04T10:38:36,500.0,13.8,B
2021-06-04T10:38:31,800.0,13.8,B
2021-06-04T10:37:39,2100.0,13.8,B
2021-06-04T10:36:19,100.0,13.8,B
2021-06-04T10:35:43,500.0,13.8,B
2021-06-04T10:35:26,500.0,13.8,B
2021-06-04T10:34:25,100.0,13.8,B
2021-06-04T10:34:13,200.0,13.8,B
2021-06-04T10:33:38,1000.0,13.8,B
2021-06-04T10:33:19,400.0,13.7,S
2021-06-04T10:33:04,100.0,13.8,B
2021-06-04T10:33:03,500.0,13.8,B
2021-06-04T10:32:44,100.0,13.7,S
2021-06-04T10:32:41,100.0,13.7,S
2021-06-04T10:32:18,100.0,13.7,S
2021-06-04T10:32:01,5000.0,13.7,S
2021-06-04T10:31:51,500.0,13.7,S
2021-06-04T10:31:25,200.0,13.7,S
2021-06-04T10:30:33,5000.0,13.7,S
2021-06-04T10:30:27,4000.0,13.8,B
2021-06-04T10:30:24,6000.0,13.7,S
2021-06-04T10:30:07,1000.0,13.7,S
2021-06-04T10:30:06,200.0,13.8,B
2021-06-04T10:29:51,5000.0,13.8,B
2021-06-04T10:29:45,300.0,13.8,B
2021-06-04T10:28:55,600.0,13.8,B
2021-06-04T10:28:07,900.0,13.8,B
2021-06-04T10:28:03,4900.0,13.7,S
2021-06-04T10:27:53,10000.0,13.7,S
2021-06-04T10:27:34,100.0,13.8,B
2021-06-04T10:27:33,2000.0,13.7,S
2021-06-04T10:27:29,1000.0,13.7,S
2021-06-04T10:27:13,100.0,13.8,B
2021-06-04T10:26:28,700.0,13.8,B
2021-06-04T10:26:23,800.0,13.8,B
2021-06-04T10:26:19,800.0,13.8,S
2021-06-04T10:26:17,500.0,13.8,S
2021-06-04T10:26:13,4400.0,13.8,S
2021-06-04T10:26:05,2000.0,13.8,S
2021-06-04T10:25:53,500.0,13.8,S
2021-06-04T10:25:42,26000.0,13.8,S
2021-06-04T10:25:30,200.0,13.8,S
2021-06-04T10:24:09,500.0,13.8,S
2021-06-04T10:23:41,300.0,13.8,S
2021-06-04T10:23:33,900.0,13.8,S
2021-06-04T10:23:21,13800.0,13.8,S
2021-06-04T10:23:03,200.0,13.8,S
2021-06-04T10:22:58,1000.0,13.8,S
2021-06-04T10:22:35,5000.0,13.8,S
2021-06-04T10:22:18,5000.0,13.8,S
2021-06-04T10:21:17,100.0,13.8,S
2021-06-04T10:21:09,1100.0,13.9,B
2021-06-04T10:20:26,100.0,13.8,S
2021-06-04T10:20:12,2000.0,13.9,B
2021-06-04T10:20:06,3000.0,13.9,B
2021-06-04T10:19:55,100.0,13.9,B
2021-06-04T10:19:52,1000.0,13.9,B
2021-06-04T10:19:43,3400.0,13.9,S
2021-06-04T10:19:40,200.0,13.9,S
2021-06-04T10:19:35,100.0,14.0,B
2021-06-04T10:19:21,2000.0,13.9,S
2021-06-04T10:19:00,200.0,13.9,S
2021-06-04T10:18:49,1000.0,13.9,B
2021-06-04T10:18:34,100.0,13.9,B
2021-06-04T10:18:31,2000.0,13.9,B
2021-06-04T10:18:22,200.0,13.9,S
2021-06-04T10:18:18,2000.0,13.9,S
2021-06-04T10:17:28,100.0,13.9,S
2021-06-04T10:17:25,1000.0,13.9,S
2021-06-04T10:16:58,10000.0,13.8,S
2021-06-04T10:16:45,900.0,13.9,B
2021-06-04T10:16:42,700.0,13.8,S
2021-06-04T10:16:40,500.0,13.9,B
2021-06-04T10:16:39,600.0,13.9,B
2021-06-04T10:16:24,100.0,13.9,S
2021-06-04T10:16:19,300.0,13.9,B
2021-06-04T10:16:17,100.0,13.9,B
2021-06-04T10:16:13,5000.0,13.9,B
2021-06-04T10:15:36,100.0,13.9,B
2021-06-04T10:15:26,1000.0,13.9,B
2021-06-04T10:15:18,3000.0,13.9,B
2021-06-04T10:14:38,600.0,13.9,B
2021-06-04T10:14:26,600.0,13.8,S
2021-06-04T10:14:00,300.0,13.9,B
2021-06-04T10:13:39,200.0,13.9,B
2021-06-04T10:13:10,500.0,13.9,B
2021-06-04T10:13:09,2000.0,13.9,B
2021-06-04T10:12:23,1600.0,13.9,B
2021-06-04T10:12:20,400.0,13.9,B
2021-06-04T10:12:11,400.0,13.9,B
2021-06-04T10:12:03,1100.0,13.9,B
2021-06-04T10:11:20,100.0,13.9,B
2021-06-04T10:11:14,1700.0,13.8,S
2021-06-04T10:10:55,200.0,13.9,B
2021-06-04T10:10:50,100.0,13.9,B
2021-06-04T10:10:37,1000.0,13.9,B
2021-06-04T10:10:24,5200.0,13.9,S
2021-06-04T10:10:17,300.0,14.0,B
2021-06-04T10:10:16,6400.0,13.9,S
2021-06-04T10:10:11,100.0,13.9,S
2021-06-04T10:09:40,300.0,13.9,S
2021-06-04T10:09:23,8000.0,13.9,S
2021-06-04T10:08:43,2000.0,13.9,S
2021-06-04T10:08:23,1000.0,13.9,S
2021-06-04T10:08:17,7100.0,13.9,S
2021-06-04T10:07:44,100.0,13.9,S
2021-06-04T10:07:27,100.0,14.0,B
2021-06-04T10:07:22,200.0,13.9,S
2021-06-04T10:07:20,400.0,14.0,B
2021-06-04T10:06:46,500.0,14.0,B
2021-06-04T10:06:32,900.0,14.0,B
2021-06-04T10:06:32,500.0,14.0,B
2021-06-04T10:06:04,3000.0,14.0,B
2021-06-04T10:05:57,7200.0,14.0,B
2021-06-04T10:05:55,3300.0,14.0,S
2021-06-04T10:05:40,1100.0,14.0,S
2021-06-04T10:05:37,700.0,14.0,S
2021-06-04T10:05:33,500.0,14.0,S
2021-06-04T10:05:31,60000.0,14.0,S
2021-06-04T10:04:34,1000.0,14.0,S
2021-06-04T10:04:27,1000.0,14.0,S
2021-06-04T10:04:06,20000.0,14.0,S
2021-06-04T10:04:06,1000.0,14.0,S
2021-06-04T10:04:00,200.0,14.0,S
2021-06-04T10:03:39,100.0,14.0,S
2021-06-04T10:03:34,3000.0,14.0,S
2021-06-04T10:03:23,500.0,14.0,S
2021-06-04T10:02:48,100.0,14.0,S
2021-06-04T10:02:26,3000.0,14.0,S
2021-06-04T10:02:21,600.0,14.1,B
2021-06-04T10:02:03,7000.0,14.0,S
2021-06-04T10:01:57,400.0,14.1,B
2021-06-04T10:01:45,100.0,14.1,B
2021-06-04T10:00:47,1500.0,14.0,S
2021-06-04T10:00:20,4000.0,14.0,S
2021-06-04T10:00:00,2000.0,14.0,S
2021-06-04T09:59:41,10000.0,14.1,B
2021-06-04T09:59:40,1000.0,14.0,S
2021-06-04T09:58:47,300.0,14.1,B
2021-06-04T09:58:42,300.0,14.0,S
2021-06-04T09:58:17,100.0,14.0,S
2021-06-04T09:58:16,100.0,14.0,S
2021-06-04T09:58:12,22000.0,14.0,B
2021-06-04T09:57:57,600.0,14.0,B
2021-06-04T09:57:46,400.0,13.9,S
2021-06-04T09:57:43,4200.0,14.0,B
2021-06-04T09:57:42,9000.0,14.0,B
2021-06-04T09:57:06,200.0,13.9,S
2021-06-04T09:56:49,3500.0,14.0,B
2021-06-04T09:56:47,1800.0,13.9,S
2021-06-04T09:55:00,200.0,14.0,B
2021-06-04T09:54:59,500.0,13.9,S
2021-06-04T09:54:53,100.0,14.0,B
2021-06-04T09:54:41,100.0,14.0,B
2021-06-04T09:54:37,5000.0,14.0,B
2021-06-04T09:54:36,400.0,14.0,B
2021-06-04T09:54:31,300.0,14.0,B
2021-06-04T09:54:28,1000.0,14.0,B
2021-06-04T09:53:49,1000.0,14.0,B
2021-06-04T09:53:48,2000.0,14.0,B
2021-06-04T09:53:25,14100.0,14.0,S
2021-06-04T09:53:20,2000.0,14.0,S
2021-06-04T09:53:16,500.0,14.0,S
2021-06-04T09:53:08,100.0,14.0,S
2021-06-04T09:52:58,10000.0,14.0,S
2021-06-04T09:52:51,500.0,14.0,S
2021-06-04T09:52:38,200.0,14.0,S
2021-06-04T09:52:34,500.0,14.0,S
2021-06-04T09:52:18,500.0,14.0,S
2021-06-04T09:51:58,300.0,14.0,S
2021-06-04T09:51:45,10000.0,14.0,S
2021-06-04T09:51:05,1800.0,14.1,B
2021-06-04T09:50:44,2000.0,14.1,B
2021-06-04T09:50:43,500.0,14.0,S
2021-06-04T09:50:36,300.0,14.0,S
2021-06-04T09:50:33,3000.0,14.0,S
2021-06-04T09:50:27,300.0,14.0,S
2021-06-04T09:50:13,200.0,14.0,S
2021-06-04T09:49:09,200.0,14.0,S
2021-06-04T09:49:02,500.0,14.0,S
2021-06-04T09:48:16,1000.0,14.0,S
2021-06-04T09:47:54,200.0,14.0,S
2021-06-04T09:47:50,5400.0,14.0,S
2021-06-04T09:46:37,1000.0,14.0,S
2021-06-04T09:46:31,1000.0,14.0,S
2021-06-04T09:46:21,5500.0,14.0,B
2021-06-04T09:46:17,1000.0,14.0,B
2021-06-04T09:46:13,200.0,14.0,B
2021-06-04T09:46:04,700.0,14.0,B
2021-06-04T09:46:01,8100.0,14.0,B
2021-06-04T09:45:50,500.0,14.0,B
2021-06-04T09:45:44,300.0,14.0,B
2021-06-04T09:45:36,500.0,14.0,B
2021-06-04T09:45:32,100.0,14.0,B
2021-06-04T09:45:25,14300.0,14.0,S
2021-06-04T09:45:21,1000.0,14.0,S
2021-06-04T09:45:20,100.0,14.1,B
2021-06-04T09:45:16,4000.0,14.0,S
2021-06-04T09:45:12,100.0,14.0,S
2021-06-04T09:45:03,400.0,14.1,B
2021-06-04T09:44:56,200.0,14.0,S
2021-06-04T09:44:25,1000.0,14.1,B
2021-06-04T09:44:15,1000.0,14.1,B
2021-06-04T09:43:26,1000.0,14.1,B
2021-06-04T09:43:11,200.0,14.0,S
2021-06-04T09:43:07,100.0,14.0,S
2021-06-04T09:42:55,2300.0,14.0,B
2021-06-04T09:42:51,300.0,14.0,B
2021-06-04T09:42:40,2500.0,14.0,B
2021-06-04T09:42:39,1200.0,13.9,S
2021-06-04T09:42:05,2000.0,14.0,B
2021-06-04T09:41:48,5000.0,14.0,B
2021-06-04T09:41:13,100.0,14.0,B
2021-06-04T09:41:10,100.0,14.0,B
2021-06-04T09:41:07,1000.0,14.0,B
2021-06-04T09:41:07,1200.0,14.0,B
2021-06-04T09:41:04,100.0,14.0,B
2021-06-04T09:40:56,300.0,14.0,B
2021-06-04T09:40:51,3000.0,13.9,S
2021-06-04T09:40:48,500.0,14.0,B
2021-06-04T09:40:44,2000.0,14.0,B
2021-06-04T09:40:36,200.0,14.0,B
2021-06-04T09:40:35,100.0,14.0,B
2021-06-04T09:40:28,2000.0,14.0,B
2021-06-04T09:40:23,6000.0,14.0,B
2021-06-04T09:40:22,100.0,14.0,B
2021-06-04T09:40:19,800.0,14.0,B
2021-06-04T09:40:10,100.0,14.0,B
2021-06-04T09:40:03,500.0,14.0,B
2021-06-04T09:39:58,7000.0,14.0,B
2021-06-04T09:39:54,3000.0,14.0,B
2021-06-04T09:39:51,500.0,14.0,B
2021-06-04T09:39:50,4300.0,14.0,B
2021-06-04T09:39:34,2000.0,14.0,B
2021-06-04T09:39:32,10000.0,14.0,B
2021-06-04T09:39:27,100.0,14.0,B
2021-06-04T09:39:20,6700.0,14.0,B
2021-06-04T09:38:51,3300.0,14.0,B
2021-06-04T09:38:31,400.0,14.0,B
2021-06-04T09:38:21,200.0,14.0,B
2021-06-04T09:38:19,200.0,13.9,S
2021-06-04T09:38:11,200.0,14.0,B
2021-06-04T09:38:09,200.0,14.0,B
2021-06-04T09:38:04,700.0,14.0,B
2021-06-04T09:38:02,800.0,14.0,B
2021-06-04T09:37:50,900.0,14.0,B
2021-06-04T09:37:49,100.0,14.0,B
2021-06-04T09:37:48,100.0,14.0,B
2021-06-04T09:37:38,200.0,14.0,B
2021-06-04T09:37:32,2000.0,14.0,B
2021-06-04T09:37:19,500.0,13.9,S
2021-06-04T09:37:15,500.0,13.9,S
2021-06-04T09:37:08,9500.0,13.9,B
2021-06-04T09:37:00,2000.0,13.9,B
2021-06-04T09:36:48,300.0,13.8,S
2021-06-04T09:36:16,200.0,13.8,S
2021-06-04T09:36:08,10300.0,13.8,B
2021-06-04T09:36:07,200.0,13.8,B
2021-06-04T09:36:06,100.0,13.8,B
2021-06-04T09:36:00,500.0,13.8,B
2021-06-04T09:35:59,1000.0,13.8,B
2021-06-04T09:35:50,7700.0,13.8,B
2021-06-04T09:35:49,14500.0,13.8,B
2021-06-04T09:34:29,100.0,13.8,B
2021-06-04T09:34:20,800.0,13.8,B
2021-06-04T09:34:13,500.0,13.8,B
2021-06-04T09:34:13,10500.0,13.8,B
2021-06-04T09:33:50,8000.0,13.7,S
2021-06-04T09:33:37,100.0,13.8,B
2021-06-04T09:33:30,1000.0,13.8,B
2021-06-04T09:33:29,1000.0,13.7,S
2021-06-04T09:33:25,300.0,13.8,B
2021-06-04T09:33:14,700.0,13.7,S
2021-06-04T09:33:00,2000.0,13.8,B
2021-06-04T09:32:53,3500.0,13.7,S
2021-06-04T09:32:42,100.0,13.7,S
2021-06-04T09:32:31,200.0,13.7,S
2021-06-04T09:32:28,7200.0,13.8,B
2021-06-04T09:32:20,100.0,13.8,B
2021-06-04T09:32:14,1000.0,13.8,B
2021-06-04T09:32:06,200.0,13.7,S
2021-06-04T09:31:59,500.0,13.8,B
2021-06-04T09:31:50,300.0,13.8,B
2021-06-04T09:31:42,500.0,13.8,B
2021-06-04T09:31:40,500.0,13.8,B
2021-06-04T09:31:38,1000.0,13.8,B
2021-06-04T09:31:32,400.0,13.8,B
2021-06-04T09:31:29,200.0,13.8,B
2021-06-04T09:31:26,1000.0,13.8,B
2021-06-04T09:31:20,300.0,13.8,B
2021-06-04T09:31:13,5500.0,13.8,B
2021-06-04T09:31:09,5000.0,13.8,B
2021-06-04T09:31:07,3000.0,13.8,B
2021-06-04T09:30:58,20000.0,13.8,B
2021-06-04T09:30:43,300.0,13.8,B
2021-06-04T09:30:38,600.0,13.7,S
2021-06-04T09:30:15,5000.0,13.8,B
2021-06-04T09:30:08,1000.0,13.8,B
2021-06-04T09:30:05,3500.0,13.7,S
2021-06-04T09:29:57,1600.0,13.8,B
2021-06-04T09:29:51,3700.0,13.8,B
2021-06-04T09:29:42,1000.0,13.8,B
2021-06-04T09:29:36,1000.0,13.7,S
2021-06-04T09:29:10,500.0,13.7,S
2021-06-04T09:29:03,900.0,13.8,B
2021-06-04T09:28:52,10000.0,13.7,S
2021-06-04T09:27:56,1000.0,13.7,S
2021-06-04T09:27:54,100.0,13.7,S
2021-06-04T09:27:49,200.0,13.7,S
2021-06-04T09:27:34,1000.0,13.7,S
2021-06-04T09:27:30,500.0,13.7,S
2021-06-04T09:27:29,500.0,13.8,B
2021-06-04T09:27:17,100.0,13.7,S
2021-06-04T09:27:00,1200.0,13.7,S
2021-06-04T09:26:57,2000.0,13.8,B
2021-06-04T09:26:52,300.0,13.7,S
2021-06-04T09:26:52,2000.0,13.8,B
2021-06-04T09:26:27,2000.0,13.7,S
2021-06-04T09:26:12,3100.0,13.7,S
2021-06-04T09:26:02,800.0,13.8,B
2021-06-04T09:25:51,20000.0,13.7,S
2021-06-04T09:25:50,7300.0,13.8,B
2021-06-04T09:25:37,800.0,13.8,B
2021-06-04T09:25:11,2000.0,13.7,S
2021-06-04T09:25:05,1500.0,13.8,B
2021-06-04T09:24:58,100.0,13.7,S
2021-06-04T09:24:56,100.0,13.7,S
2021-06-04T09:24:54,100.0,13.8,B
2021-06-04T09:24:44,6000.0,13.8,B
2021-06-04T09:24:43,2000.0,13.7,S
2021-06-04T09:24:28,200.0,13.8,B
2021-06-04T09:24:18,1000.0,13.7,S
2021-06-04T09:24:12,600.0,13.8,B
2021-06-04T09:24:11,500.0,13.8,B
2021-06-04T09:24:09,100.0,13.8,B
2021-06-04T09:24:07,100.0,13.8,B
2021-06-04T09:24:07,1000.0,13.7,S
2021-06-04T09:24:05,600.0,13.7,S
2021-06-04T09:24:01,1100.0,13.7,S
2021-06-04T09:23:53,800.0,13.8,B
2021-06-04T09:23:44,1000.0,13.8,B
2021-06-04T09:23:23,100.0,13.8,B
2021-06-04T09:23:22,100.0,13.7,S
2021-06-04T09:23:18,400.0,13.8,B
2021-06-04T09:23:04,100.0,13.8,B
2021-06-04T09:23:01,500.0,13.8,B
2021-06-04T09:22:56,500.0,13.8,B
2021-06-04T09:22:49,1000.0,13.8,B
2021-06-04T09:22:46,2000.0,13.8,B
2021-06-04T09:22:42,100.0,13.8,B
2021-06-04T09:22:35,100.0,13.8,B
2021-06-04T09:22:27,300.0,13.8,B
2021-06-04T09:22:16,100.0,13.8,B
2021-06-04T09:22:09,700.0,13.8,B
2021-06-04T09:22:02,200.0,13.8,B
2021-06-04T09:21:59,500.0,13.8,B
2021-06-04T09:21:59,300.0,13.8,B
2021-06-04T09:21:54,200.0,13.8,B
2021-06-04T09:21:52,800.0,13.8,B
2021-06-04T09:21:48,700.0,13.8,B
2021-06-04T09:21:47,200.0,13.8,S
2021-06-04T09:21:41,3000.0,13.8,S
2021-06-04T09:21:37,2200.0,13.8,S
2021-06-04T09:21:36,100.0,13.8,S
2021-06-04T09:21:31,3200.0,13.8,S
2021-06-04T09:21:29,500.0,13.9,B
2021-06-04T09:21:22,200.0,13.8,S
2021-06-04T09:21:19,1000.0,13.8,S
2021-06-04T09:21:16,300.0,13.8,S
2021-06-04T09:21:12,2000.0,13.8,S
2021-06-04T09:21:10,500.0,13.8,S
2021-06-04T09:21:08,500.0,13.8,S
2021-06-04T09:20:58,1300.0,13.8,S
2021-06-04T09:20:57,3000.0,13.8,S
2021-06-04T09:20:46,600.0,13.8,S
2021-06-04T09:20:44,100.0,13.9,B
2021-06-04T09:20:42,1600.0,13.8,S
2021-06-04T09:20:31,300.0,13.8,S
2021-06-04T09:20:13,200.0,13.8,S
2021-06-04T09:20:11,600.0,13.9,B
2021-06-04T09:20:11,4000.0,13.8,S
2021-06-04T09:20:06,1000.0,13.9,B
2021-06-04T09:19:52,100.0,13.9,B
2021-06-04T09:19:49,2000.0,13.9,B
2021-06-04T09:19:46,200.0,13.8,S
2021-06-04T09:19:34,800.0,13.9,B
2021-06-04T09:19:20,10000.0,13.9,B
2021-06-04T09:19:20,400.0,13.8,S
2021-06-04T09:19:18,100.0,13.8,S
2021-06-04T09:19:03,1200.0,13.8,S
2021-06-04T09:18:58,1000.0,13.8,S
2021-06-04T09:18:58,3000.0,13.8,S
2021-06-04T09:18:54,1000.0,13.8,S
2021-06-04T09:18:47,1000.0,13.8,S
2021-06-04T09:18:33,3000.0,13.8,S
2021-06-04T09:18:26,8000.0,13.8,S
2021-06-04T09:18:23,4300.0,13.8,S
2021-06-04T09:18:18,1000.0,13.9,B
2021-06-04T09:18:13,3000.0,13.8,S
2021-06-04T09:18:10,600.0,13.9,B
2021-06-04T09:18:10,2500.0,13.9,B
2021-06-04T09:18:10,1900.0,13.8,S
2021-06-04T09:18:10,2500.0,13.8,S
2021-06-04T09:18:06,1000.0,13.9,B
2021-06-04T09:18:06,400.0,13.9,B
2021-06-04T09:18:06,500.0,13.9,B
2021-06-04T09:17:52,6000.0,13.9,S
2021-06-04T09:17:50,500.0,13.9,S
2021-06-04T09:17:36,3900.0,13.9,S
2021-06-04T09:17:19,2000.0,13.9,S
2021-06-04T09:17:18,500.0,13.9,S
2021-06-04T09:17:09,2000.0,13.9,S
2021-06-04T09:17:03,5200.0,13.9,S
2021-06-04T09:16:39,1000.0,13.9,S
2021-06-04T09:16:35,1000.0,14.0,B
2021-06-04T09:16:35,2000.0,13.9,S
2021-06-04T09:16:33,1000.0,13.9,S
2021-06-04T09:16:20,2500.0,14.0,B
2021-06-04T09:16:13,7400.0,14.0,S
2021-06-04T09:16:07,1000.0,14.0,S
2021-06-04T09:16:05,1000.0,14.0,S
2021-06-04T09:16:04,2000.0,14.0,S
2021-06-04T09:15:58,2800.0,14.0,S
2021-06-04T09:15:56,10000.0,14.0,S
2021-06-04T09:15:50,1000.0,14.0,S
2021-06-04T09:15:49,17500.0,14.1,B
2021-06-04T09:15:45,1000.0,14.0,S
2021-06-04T09:15:41,6000.0,14.0,S
2021-06-04T09:15:39,500.0,14.1,B
2021-06-04T09:15:34,200.0,14.0,S
2021-06-04T09:15:32,10000.0,14.0,S
2021-06-04T09:15:28,1000.0,14.0,S
2021-06-04T09:15:28,1000.0,14.1,B
2021-06-04T09:15:18,1000.0,14.0,S
2021-06-04T09:15:16,500.0,14.1,B
2021-06-04T09:15:12,15100.0,14.1,S
2021-06-04T09:15:06,13000.0,14.1,S
2021-06-04T09:15:02,1000.0,14.2,B
2021-06-04T09:14:45,600.0,14.2,S
2021-06-04T09:14:42,15000.0,14.2,S
2021-06-04T09:14:38,300.0,14.2,S
2021-06-04T09:14:35,500.0,14.2,S
2021-06-04T09:14:31,200.0,14.2,S
2021-06-04T09:14:21,2000.0,14.3,B
2021-06-04T09:14:10,800.0,14.3,B
2021-06-04T09:14:09,3000.0,14.2,S
2021-06-04T09:14:03,100.0,14.3,B
2021-06-04T09:14:00,1000.0,14.3,S
2021-06-04T09:13:59,12100.0,14.3,S
2021-06-04T09:13:54,100.0,14.3,S
2021-06-04T09:13:46,5000.0,14.3,S
2021-06-04T09:13:31,500.0,14.3,S
2021-06-04T09:13:28,500.0,14.3,S
2021-06-04T09:13:23,6000.0,14.3,S
2021-06-04T09:13:20,300.0,14.3,S
2021-06-04T09:13:18,1500.0,14.3,S
2021-06-04T09:13:03,2000.0,14.4,B
2021-06-04T09:13:00,5000.0,14.3,S
2021-06-04T09:12:43,100.0,14.3,S
2021-06-04T09:12:40,3000.0,14.3,S
2021-06-04T09:12:40,200.0,14.3,S
2021-06-04T09:12:30,100.0,14.3,S
2021-06-04T09:12:23,2000.0,14.3,S
2021-06-04T09:12:22,200.0,14.3,S
2021-06-04T09:12:08,3000.0,14.3,S
2021-06-04T09:12:01,1000.0,14.3,S
2021-06-04T09:11:41,900.0,14.3,S
2021-06-04T09:11:40,20000.0,14.3,S
2021-06-04T09:11:34,4800.0,14.3,S
2021-06-04T09:11:19,5000.0,14.3,S
2021-06-04T09:11:14,1200.0,14.3,B
2021-06-04T09:11:13,700.0,14.3,S
2021-06-04T09:11:13,9300.0,14.3,S
2021-06-04T09:10:56,20000.0,14.2,S
2021-06-04T09:10:50,1900.0,14.3,B
2021-06-04T09:10:39,2500.0,14.3,B
2021-06-04T09:10:38,1000.0,14.2,S
2021-06-04T09:10:32,400.0,14.3,B
2021-06-04T09:10:28,200.0,14.3,B
2021-06-04T09:10:24,100.0,14.3,B
2021-06-04T09:10:22,1800.0,14.3,B
2021-06-04T09:10:21,1900.0,14.3,S
2021-06-04T09:10:08,500.0,14.4,B
2021-06-04T09:10:07,200.0,14.3,B
2021-06-04T09:10:02,300.0,14.3,B
2021-06-04T09:10:00,600.0,14.3,B
2021-06-04T09:09:59,8600.0,14.3,B
2021-06-04T09:09:53,200.0,14.3,S
2021-06-04T09:09:44,1800.0,14.3,S
2021-06-04T09:09:32,10000.0,14.3,S
2021-06-04T09:09:29,1700.0,14.4,B
2021-06-04T09:09:21,1000.0,14.4,B
2021-06-04T09:09:18,400.0,14.4,B
2021-06-04T09:09:12,700.0,14.4,B
2021-06-04T09:09:06,500.0,14.4,B
2021-06-04T09:09:05,200.0,14.4,B
2021-06-04T09:09:04,200.0,14.4,B
2021-06-04T09:09:01,1200.0,14.4,S
2021-06-04T09:08:57,200.0,14.4,B
2021-06-04T09:08:56,100.0,14.5,B
2021-06-04T09:08:56,4600.0,14.5,B
2021-06-04T09:08:54,600.0,14.4,B
2021-06-04T09:08:53,1000.0,14.4,B
2021-06-04T09:08:52,500.0,14.4,B
2021-06-04T09:08:50,200.0,14.4,B
2021-06-04T09:08:49,1100.0,14.4,S
2021-06-04T09:08:44,200.0,14.5,B
2021-06-04T09:08:42,10600.0,14.5,B
2021-06-04T09:08:41,1000.0,14.4,S
2021-06-04T09:08:34,3000.0,14.4,S
2021-06-04T09:08:30,7000.0,14.5,B
2021-06-04T09:08:23,1500.0,14.5,B
2021-06-04T09:08:23,1400.0,14.4,S
2021-06-04T09:08:21,5600.0,14.4,S
2021-06-04T09:08:21,1000.0,14.4,S
2021-06-04T09:08:20,1000.0,14.4,S
2021-06-04T09:08:19,3000.0,14.4,S
2021-06-04T09:08:15,3000.0,14.4,S
2021-06-04T09:08:10,1000.0,14.4,S
2021-06-04T09:08:08,7400.0,14.4,S
2021-06-04T09:08:04,3300.0,14.3,S
2021-06-04T09:08:02,500.0,14.4,B
2021-06-04T09:07:51,5000.0,14.3,S
2021-06-04T09:07:46,200.0,14.4,B
2021-06-04T09:07:39,5500.0,14.4,B
2021-06-04T09:07:31,500.0,14.3,S
2021-06-04T09:07:29,6500.0,14.3,B
2021-06-04T09:07:20,100.0,14.2,S
2021-06-04T09:07:09,3300.0,14.2,S
2021-06-04T09:06:57,400.0,14.2,S
2021-06-04T09:06:42,100.0,14.2,S
2021-06-04T09:06:41,900.0,14.2,S
2021-06-04T09:06:40,2500.0,14.2,S
2021-06-04T09:06:33,400.0,14.3,B
2021-06-04T09:06:31,100.0,14.2,B
2021-06-04T09:06:30,3000.0,14.2,B
2021-06-04T09:06:28,100.0,14.1,S
2021-06-04T09:06:11,1000.0,14.2,B
2021-06-04T09:06:06,100.0,14.2,B
2021-06-04T09:05:54,200.0,14.2,B
2021-06-04T09:05:54,100.0,14.2,B
2021-06-04T09:05:51,7000.0,14.1,S
2021-06-04T09:05:48,200.0,14.2,B
2021-06-04T09:05:40,500.0,14.2,B
2021-06-04T09:05:39,200.0,14.2,B
2021-06-04T09:05:36,500.0,14.1,S
2021-06-04T09:05:19,1000.0,14.1,S
2021-06-04T09:05:12,400.0,14.2,B
2021-06-04T09:05:12,1400.0,14.1,S
2021-06-04T09:04:51,100.0,14.1,B
2021-06-04T09:04:49,1000.0,14.0,S
2021-06-04T09:04:46,800.0,14.1,B
2021-06-04T09:04:41,100.0,14.1,S
2021-06-04T09:04:12,1200.0,14.1,S
2021-06-04T09:03:57,1000.0,14.0,S
2021-06-04T09:03:45,8000.0,14.0,S
2021-06-04T09:03:32,1000.0,14.1,S
2021-06-04T09:03:23,100.0,14.0,S
2021-06-04T09:03:17,200.0,14.0,B
2021-06-04T09:03:15,500.0,14.0,B
2021-06-04T09:03:10,1000.0,14.0,B
2021-06-04T09:03:10,200.0,14.0,B
2021-06-04T09:03:06,300.0,14.0,B
2021-06-04T09:02:59,1400.0,14.0,B
2021-06-04T09:02:58,1000.0,14.0,B
2021-06-04T09:02:58,100.0,14.0,B
2021-06-04T09:02:52,6000.0,14.0,B
2021-06-04T09:02:49,1100.0,14.0,B
2021-06-04T09:02:46,100.0,14.0,B
2021-06-04T09:02:42,4700.0,13.9,S
2021-06-04T09:02:34,300.0,14.0,B
2021-06-04T09:02:29,2000.0,14.0,B
2021-06-04T09:02:24,1000.0,14.0,B
2021-06-04T09:02:20,100.0,14.0,B
2021-06-04T09:02:16,2000.0,14.0,B
2021-06-04T09:02:11,500.0,14.0,B
2021-06-04T09:02:11,1200.0,14.0,B
2021-06-04T09:02:10,100.0,14.0,B
2021-06-04T09:02:03,1000.0,14.0,B
2021-06-04T09:01:59,3000.0,14.0,B
2021-06-04T09:01:58,1000.0,14.0,B
2021-06-04T09:01:46,2000.0,14.0,B
2021-06-04T09:01:42,100.0,14.0,B
2021-06-04T09:01:37,400.0,14.0,B
2021-06-04T09:01:21,5600.0,14.0,S
2021-06-04T09:01:20,2000.0,14.2,S
2021-06-04T09:01:19,200.0,14.2,S
2021-06-04T09:00:56,100.0,14.0,S
2021-06-04T09:00:52,500.0,14.0,B
2021-06-04T09:00:52,100.0,14.0,B
2021-06-04T09:00:50,900.0,14.0,B
2021-06-04T09:00:48,100.0,13.9,S
2021-06-04T09:00:40,600.0,14.0,B
2021-06-04T09:00:38,300.0,14.0,B
2021-06-04T09:00:26,300.0,13.9,S
2021-06-04T09:00:04,100.0,14.5,B
