tradingTime,volume,price,side
2021-06-04T14:26:40,7500.0,11.1,S
2021-06-04T14:26:40,900.0,11.1,S
2021-06-04T14:26:40,11100.0,11.1,S
2021-06-04T14:26:40,1200.0,11.1,S
2021-06-04T14:26:40,21100.0,11.1,S
2021-06-04T14:23:11,200.0,11.15,B
2021-06-04T14:23:07,100.0,11.15,B
2021-06-04T14:22:54,100.0,11.15,B
2021-06-04T14:22:51,1600.0,11.1,S
2021-06-04T14:22:42,300.0,11.15,B
2021-06-04T14:22:27,100.0,11.15,B
2021-06-04T14:22:17,2600.0,11.15,B
2021-06-04T14:20:55,300.0,11.15,B
2021-06-04T14:20:06,200.0,11.1,S
2021-06-04T14:19:02,300.0,11.1,S
2021-06-04T14:18:34,200.0,11.15,B
2021-06-04T14:18:05,700.0,11.15,B
2021-06-04T14:17:02,100.0,11.15,B
2021-06-04T14:17:00,300.0,11.15,B
2021-06-04T14:16:53,1000.0,11.15,B
2021-06-04T14:16:49,100.0,11.15,B
2021-06-04T14:16:40,3600.0,11.15,B
2021-06-04T14:15:46,7400.0,11.15,B
2021-06-04T14:15:38,300.0,11.15,B
2021-06-04T14:13:47,4000.0,11.15,B
2021-06-04T14:13:42,1500.0,11.15,B
2021-06-04T14:13:10,1000.0,11.15,B
2021-06-04T14:13:02,100.0,11.15,B
2021-06-04T14:12:59,1200.0,11.1,S
2021-06-04T14:11:51,200.0,11.15,B
2021-06-04T14:10:39,6500.0,11.15,B
2021-06-04T14:10:05,1600.0,11.15,B
2021-06-04T14:09:51,100.0,11.15,B
2021-06-04T14:09:42,500.0,11.15,B
2021-06-04T14:08:59,1000.0,11.15,B
2021-06-04T14:08:31,2500.0,11.15,B
2021-06-04T14:08:26,500.0,11.15,B
2021-06-04T14:06:42,300.0,11.15,S
2021-06-04T14:06:26,2000.0,11.15,S
2021-06-04T14:06:25,7800.0,11.15,S
2021-06-04T14:05:42,100.0,11.15,S
2021-06-04T14:04:50,800.0,11.15,S
2021-06-04T14:04:49,2000.0,11.2,B
2021-06-04T14:04:31,800.0,11.2,B
2021-06-04T14:03:43,1800.0,11.15,S
2021-06-04T14:02:34,2400.0,11.15,B
2021-06-04T14:02:28,500.0,11.15,B
2021-06-04T14:02:22,500.0,11.15,B
2021-06-04T14:02:04,800.0,11.15,B
2021-06-04T14:02:01,2000.0,11.15,B
2021-06-04T14:01:30,100.0,11.15,B
2021-06-04T14:01:27,2000.0,11.15,B
2021-06-04T14:01:25,400.0,11.15,B
2021-06-04T14:01:02,1300.0,11.15,B
2021-06-04T14:00:38,1000.0,11.15,B
2021-06-04T14:00:36,800.0,11.1,S
2021-06-04T14:00:25,100.0,11.15,B
2021-06-04T13:59:11,400.0,11.15,B
2021-06-04T13:58:09,4000.0,11.15,B
2021-06-04T13:57:58,5900.0,11.15,S
2021-06-04T13:57:54,1000.0,11.15,S
2021-06-04T13:57:05,100.0,11.15,S
2021-06-04T13:57:03,200.0,11.15,S
2021-06-04T13:57:02,100.0,11.15,S
2021-06-04T13:56:50,200.0,11.15,S
2021-06-04T13:56:50,700.0,11.15,S
2021-06-04T13:56:47,500.0,11.15,S
2021-06-04T13:55:50,100.0,11.15,S
2021-06-04T13:55:24,200.0,11.2,B
2021-06-04T13:54:15,1000.0,11.15,B
2021-06-04T13:54:11,1800.0,11.15,B
2021-06-04T13:54:11,3000.0,11.15,B
2021-06-04T13:54:10,3900.0,11.15,B
2021-06-04T13:53:33,400.0,11.15,B
2021-06-04T13:53:33,300.0,11.15,B
2021-06-04T13:53:33,1700.0,11.15,B
2021-06-04T13:53:12,300.0,11.15,B
2021-06-04T13:52:56,400.0,11.15,B
2021-06-04T13:52:51,700.0,11.1,S
2021-06-04T13:52:41,100.0,11.15,B
2021-06-04T13:50:52,600.0,11.15,B
2021-06-04T13:50:39,1500.0,11.15,B
2021-06-04T13:50:22,400.0,11.15,B
2021-06-04T13:50:03,800.0,11.15,B
2021-06-04T13:49:35,100.0,11.15,B
2021-06-04T13:49:23,100.0,11.15,B
2021-06-04T13:48:25,200.0,11.15,B
2021-06-04T13:48:22,100.0,11.15,B
2021-06-04T13:48:18,1000.0,11.15,B
2021-06-04T13:47:31,2000.0,11.15,B
2021-06-04T13:47:16,100.0,11.15,B
2021-06-04T13:46:13,400.0,11.15,B
2021-06-04T13:45:53,5000.0,11.15,B
2021-06-04T13:45:51,500.0,11.1,S
2021-06-04T13:45:49,100.0,11.15,B
2021-06-04T13:45:41,200.0,11.15,B
2021-06-04T13:45:41,900.0,11.15,B
2021-06-04T13:44:55,1500.0,11.15,B
2021-06-04T13:44:49,2000.0,11.15,B
2021-06-04T13:44:45,2000.0,11.15,B
2021-06-04T13:44:41,1000.0,11.15,B
2021-06-04T13:44:40,100.0,11.15,B
2021-06-04T13:44:37,100.0,11.15,B
2021-06-04T13:44:35,500.0,11.15,B
2021-06-04T13:44:25,300.0,11.15,B
2021-06-04T13:44:20,100.0,11.15,B
2021-06-04T13:44:16,2000.0,11.15,B
2021-06-04T13:43:57,1000.0,11.15,B
2021-06-04T13:43:49,200.0,11.15,B
2021-06-04T13:43:29,500.0,11.15,B
2021-06-04T13:43:23,1000.0,11.15,B
2021-06-04T13:43:12,8000.0,11.1,S
2021-06-04T13:43:10,5000.0,11.15,B
2021-06-04T13:43:08,100.0,11.15,B
2021-06-04T13:42:57,500.0,11.1,S
2021-06-04T13:42:27,200.0,11.1,S
2021-06-04T13:41:28,200.0,11.1,B
2021-06-04T13:41:11,1500.0,11.1,B
2021-06-04T13:41:07,1000.0,11.1,B
2021-06-04T13:40:42,100.0,11.0,S
2021-06-04T13:40:41,500.0,11.1,B
2021-06-04T13:40:27,1000.0,11.1,B
2021-06-04T13:40:26,1000.0,11.1,B
2021-06-04T13:40:13,2000.0,11.1,B
2021-06-04T13:40:09,100.0,11.1,B
2021-06-04T13:40:00,5000.0,11.1,B
2021-06-04T13:39:45,300.0,11.1,B
2021-06-04T13:39:38,3000.0,11.1,B
2021-06-04T13:39:37,700.0,11.1,B
2021-06-04T13:39:16,4000.0,11.1,B
2021-06-04T13:39:08,1000.0,11.1,B
2021-06-04T13:39:00,1300.0,11.1,B
2021-06-04T13:38:59,1000.0,11.1,B
2021-06-04T13:38:42,1000.0,11.1,B
2021-06-04T13:38:19,200.0,11.1,B
2021-06-04T13:37:51,200.0,11.0,S
2021-06-04T13:37:44,200.0,11.0,S
2021-06-04T13:37:23,5000.0,11.1,B
2021-06-04T13:37:22,1000.0,11.1,B
2021-06-04T13:37:19,500.0,11.0,S
2021-06-04T13:37:18,300.0,11.0,S
2021-06-04T13:37:10,400.0,11.0,S
2021-06-04T13:36:57,600.0,11.0,B
2021-06-04T13:36:46,800.0,11.0,B
2021-06-04T13:36:25,23400.0,11.1,B
2021-06-04T13:36:25,200.0,11.1,B
2021-06-04T13:36:25,6400.0,11.1,B
2021-06-04T13:36:04,300.0,11.0,B
2021-06-04T13:36:02,2000.0,11.0,B
2021-06-04T13:36:02,700.0,11.0,B
2021-06-04T13:35:10,100.0,11.0,B
2021-06-04T13:35:01,100.0,11.0,B
2021-06-04T13:34:47,500.0,11.0,B
2021-06-04T13:34:46,100.0,11.0,B
2021-06-04T13:34:28,100.0,11.0,B
2021-06-04T13:34:27,3000.0,11.0,B
2021-06-04T13:34:27,2000.0,11.0,B
2021-06-04T13:34:26,500.0,11.0,B
2021-06-04T13:34:23,2500.0,11.0,B
2021-06-04T13:34:07,400.0,11.0,B
2021-06-04T13:33:59,1000.0,11.0,B
2021-06-04T13:33:51,1000.0,11.0,B
2021-06-04T13:33:40,3000.0,11.0,B
2021-06-04T13:33:35,4000.0,11.0,B
2021-06-04T13:33:18,1500.0,11.0,B
2021-06-04T13:33:18,14500.0,11.0,B
2021-06-04T13:33:18,500.0,11.0,B
2021-06-04T13:32:59,900.0,11.0,B
2021-06-04T13:32:54,200.0,11.0,B
2021-06-04T13:32:53,300.0,11.0,B
2021-06-04T13:32:51,1000.0,11.0,B
2021-06-04T13:32:26,5000.0,11.0,B
2021-06-04T13:32:25,200.0,11.0,B
2021-06-04T13:32:21,300.0,11.0,B
2021-06-04T13:31:55,300.0,11.0,B
2021-06-04T13:31:49,3400.0,11.0,B
2021-06-04T13:31:49,900.0,11.0,B
2021-06-04T13:31:49,3400.0,11.0,B
2021-06-04T13:31:49,2300.0,11.0,B
2021-06-04T13:31:47,700.0,11.0,B
2021-06-04T13:31:19,200.0,11.0,B
2021-06-04T13:31:18,500.0,10.95,B
2021-06-04T13:30:47,100.0,10.95,B
2021-06-04T13:30:23,2000.0,10.95,B
2021-06-04T13:30:23,2500.0,10.95,B
2021-06-04T13:30:22,3200.0,10.95,B
2021-06-04T13:30:22,500.0,10.95,B
2021-06-04T13:30:22,1300.0,10.95,B
2021-06-04T13:30:22,400.0,10.95,B
2021-06-04T13:30:22,2300.0,10.95,B
2021-06-04T13:30:22,300.0,10.95,B
2021-06-04T13:30:22,3700.0,10.95,B
2021-06-04T13:30:18,1000.0,10.95,B
2021-06-04T13:30:14,500.0,10.95,B
2021-06-04T13:30:10,300.0,10.95,B
2021-06-04T13:30:10,4000.0,10.95,B
2021-06-04T13:30:09,1500.0,10.95,B
2021-06-04T13:30:09,3400.0,10.95,B
2021-06-04T13:30:08,10000.0,10.95,B
2021-06-04T13:30:05,100.0,10.95,B
2021-06-04T13:29:44,10000.0,10.95,B
2021-06-04T13:29:43,300.0,10.95,B
2021-06-04T13:29:31,100.0,10.95,B
2021-06-04T13:27:16,1000.0,10.9,B
2021-06-04T13:27:06,500.0,10.9,B
2021-06-04T13:27:05,100.0,10.9,B
2021-06-04T13:26:34,28900.0,10.9,B
2021-06-04T13:26:34,1100.0,10.9,B
2021-06-04T13:26:28,5000.0,10.9,B
2021-06-04T13:26:20,1000.0,10.9,B
2021-06-04T13:26:00,200.0,10.9,B
2021-06-04T13:25:05,1600.0,10.9,B
2021-06-04T13:25:01,1000.0,10.9,B
2021-06-04T13:24:59,1000.0,10.9,B
2021-06-04T13:24:38,200.0,10.9,B
2021-06-04T13:24:24,100.0,10.9,B
2021-06-04T13:23:57,1000.0,10.9,B
2021-06-04T13:23:36,8900.0,10.9,B
2021-06-04T13:23:26,5000.0,10.9,B
2021-06-04T13:23:25,400.0,10.85,S
2021-06-04T13:23:24,3100.0,10.9,B
2021-06-04T13:23:24,300.0,10.9,B
2021-06-04T13:23:23,1600.0,10.9,B
2021-06-04T13:23:23,300.0,10.9,B
2021-06-04T13:23:20,100.0,10.9,B
2021-06-04T13:23:01,100.0,10.9,B
2021-06-04T13:23:01,900.0,10.9,B
2021-06-04T13:22:52,5000.0,10.9,B
2021-06-04T13:22:37,1000.0,10.9,B
2021-06-04T13:22:25,100.0,10.9,B
2021-06-04T13:22:09,1000.0,10.85,S
2021-06-04T13:22:00,200.0,10.9,B
2021-06-04T13:21:48,1000.0,10.9,B
2021-06-04T13:21:45,200.0,10.9,B
2021-06-04T13:21:41,2000.0,10.9,B
2021-06-04T13:21:39,1500.0,10.9,B
2021-06-04T13:21:35,5000.0,10.9,B
2021-06-04T13:21:17,30000.0,10.9,B
2021-06-04T13:21:09,6700.0,10.85,S
2021-06-04T13:21:06,1500.0,10.9,B
2021-06-04T13:21:01,100.0,10.9,B
2021-06-04T13:20:46,600.0,10.9,B
2021-06-04T13:20:22,100.0,10.9,B
2021-06-04T13:20:20,800.0,10.9,B
2021-06-04T13:20:02,5000.0,10.9,B
2021-06-04T13:20:00,100.0,10.9,B
2021-06-04T13:20:00,500.0,10.9,B
2021-06-04T13:20:00,600.0,10.9,B
2021-06-04T13:19:51,2000.0,10.9,B
2021-06-04T13:18:58,400.0,10.9,B
2021-06-04T13:18:56,400.0,10.9,B
2021-06-04T13:18:52,800.0,10.9,B
2021-06-04T13:18:30,3000.0,10.9,B
2021-06-04T13:18:14,2000.0,10.9,B
2021-06-04T13:18:13,600.0,10.9,B
2021-06-04T13:18:11,1000.0,10.9,B
2021-06-04T13:18:10,600.0,10.9,B
2021-06-04T13:18:07,10000.0,10.9,B
2021-06-04T13:17:50,200.0,10.9,B
2021-06-04T13:17:50,1700.0,10.9,B
2021-06-04T13:17:40,5000.0,10.85,S
2021-06-04T13:17:37,500.0,10.85,S
2021-06-04T13:17:20,100.0,10.9,B
2021-06-04T13:17:03,10000.0,10.9,B
2021-06-04T13:17:02,5000.0,10.9,B
2021-06-04T13:16:27,1000.0,10.85,S
2021-06-04T13:16:22,3100.0,10.9,B
2021-06-04T13:16:20,1000.0,10.9,B
2021-06-04T13:16:09,1400.0,10.9,B
2021-06-04T13:15:50,500.0,10.85,S
2021-06-04T13:15:42,2000.0,10.85,S
2021-06-04T13:15:20,1000.0,10.9,B
2021-06-04T13:15:15,4000.0,10.9,B
2021-06-04T13:14:56,1000.0,10.85,S
2021-06-04T13:14:48,200.0,10.85,S
2021-06-04T13:14:23,2000.0,10.9,B
2021-06-04T13:14:23,3000.0,10.9,B
2021-06-04T13:13:41,900.0,10.9,B
2021-06-04T13:13:39,2000.0,10.85,S
2021-06-04T13:13:39,2300.0,10.85,S
2021-06-04T13:12:53,900.0,10.85,S
2021-06-04T13:12:45,6800.0,10.85,S
2021-06-04T13:12:34,100.0,10.9,B
2021-06-04T13:12:30,2100.0,10.85,S
2021-06-04T13:12:05,3000.0,10.9,B
2021-06-04T13:11:23,6000.0,10.85,S
2021-06-04T13:11:08,33100.0,10.9,B
2021-06-04T13:11:04,1000.0,10.9,B
2021-06-04T13:10:50,2000.0,10.9,B
2021-06-04T13:10:04,100.0,10.9,B
2021-06-04T13:09:35,500.0,10.85,S
2021-06-04T13:09:23,1000.0,10.85,S
2021-06-04T13:08:26,200.0,10.9,S
2021-06-04T13:07:31,500.0,10.85,S
2021-06-04T13:07:31,100.0,10.9,S
2021-06-04T13:07:27,500.0,10.9,S
2021-06-04T13:07:08,1400.0,10.9,S
2021-06-04T13:07:01,2000.0,10.9,S
2021-06-04T13:05:34,500.0,10.85,S
2021-06-04T13:05:06,500.0,10.9,S
2021-06-04T13:04:55,1700.0,10.95,B
2021-06-04T13:04:55,1300.0,10.9,S
2021-06-04T13:04:49,200.0,10.9,S
2021-06-04T13:04:16,300.0,10.95,B
2021-06-04T13:04:09,700.0,10.95,B
2021-06-04T13:04:03,500.0,10.85,S
2021-06-04T13:04:00,100.0,10.9,S
2021-06-04T13:03:45,1800.0,10.9,S
2021-06-04T13:03:42,1000.0,10.9,S
2021-06-04T13:03:37,500.0,10.9,S
2021-06-04T13:03:30,100.0,10.9,S
2021-06-04T13:03:28,300.0,10.9,S
2021-06-04T13:03:19,1000.0,10.9,S
2021-06-04T13:03:15,6200.0,10.9,S
2021-06-04T13:03:15,10100.0,10.9,S
2021-06-04T13:03:09,300.0,10.95,B
2021-06-04T13:01:42,200.0,10.95,B
2021-06-04T13:01:29,100.0,10.95,B
2021-06-04T13:01:29,300.0,10.9,S
2021-06-04T13:00:53,1000.0,10.9,S
2021-06-04T13:00:51,1000.0,10.9,S
2021-06-04T13:00:24,500.0,10.9,S
2021-06-04T13:00:16,200.0,10.95,B
2021-06-04T13:00:16,200.0,10.95,B
2021-06-04T11:30:59,300.0,10.95,S
2021-06-04T11:30:54,1000.0,10.95,S
2021-06-04T11:30:54,2000.0,10.9,S
2021-06-04T11:30:54,100.0,10.95,S
2021-06-04T11:30:54,1100.0,10.95,S
2021-06-04T11:30:07,300.0,10.95,B
2021-06-04T11:29:15,100.0,10.95,B
2021-06-04T11:28:38,200.0,10.9,S
2021-06-04T11:28:21,2000.0,10.95,B
2021-06-04T11:28:12,300.0,10.9,S
2021-06-04T11:27:43,600.0,10.95,B
2021-06-04T11:27:41,1000.0,10.9,S
2021-06-04T11:27:29,900.0,10.9,S
2021-06-04T11:27:00,4300.0,11.0,B
2021-06-04T11:27:00,700.0,10.95,B
2021-06-04T11:26:07,9000.0,10.95,B
2021-06-04T11:26:05,1000.0,10.95,B
2021-06-04T11:25:35,3700.0,10.8,S
2021-06-04T11:25:31,200.0,11.0,B
2021-06-04T11:25:29,1000.0,10.95,B
2021-06-04T11:25:26,1000.0,10.95,B
2021-06-04T11:25:20,4000.0,10.95,B
2021-06-04T11:24:49,500.0,10.95,B
2021-06-04T11:24:49,1000.0,10.95,B
2021-06-04T11:24:49,9900.0,10.95,B
2021-06-04T11:23:27,100.0,10.95,S
2021-06-04T11:22:51,1000.0,10.95,S
2021-06-04T11:22:46,300.0,10.95,S
2021-06-04T11:22:14,4300.0,10.8,S
2021-06-04T11:22:14,1000.0,10.8,S
2021-06-04T11:22:14,300.0,10.8,S
2021-06-04T11:22:14,14200.0,10.8,S
2021-06-04T11:22:14,3100.0,10.8,S
2021-06-04T11:22:14,100.0,10.8,S
2021-06-04T11:22:14,4800.0,10.8,S
2021-06-04T11:22:11,1500.0,10.95,S
2021-06-04T11:22:10,3100.0,10.9,S
2021-06-04T11:22:08,8400.0,10.9,S
2021-06-04T11:21:52,1100.0,10.95,S
2021-06-04T11:21:46,100.0,10.9,S
2021-06-04T11:21:42,100.0,10.9,S
2021-06-04T11:21:36,2000.0,10.9,S
2021-06-04T11:21:36,1000.0,10.9,S
2021-06-04T11:21:35,100.0,10.95,S
2021-06-04T11:21:16,300.0,10.95,S
2021-06-04T11:20:55,200.0,10.95,S
2021-06-04T11:20:13,100.0,10.95,S
2021-06-04T11:20:13,4600.0,10.95,S
2021-06-04T11:19:31,1000.0,10.9,S
2021-06-04T11:19:28,100.0,10.95,S
2021-06-04T11:19:10,100.0,10.95,S
2021-06-04T11:19:02,200.0,10.95,S
2021-06-04T11:18:58,600.0,10.95,S
2021-06-04T11:18:39,2200.0,10.9,S
2021-06-04T11:18:39,800.0,10.9,S
2021-06-04T11:18:37,1000.0,10.95,S
2021-06-04T11:18:09,1000.0,10.9,S
2021-06-04T11:18:02,700.0,11.0,B
2021-06-04T11:17:55,1000.0,10.95,S
2021-06-04T11:17:53,1700.0,11.0,B
2021-06-04T11:17:46,5000.0,11.0,B
2021-06-04T11:17:31,300.0,11.0,B
2021-06-04T11:17:28,700.0,11.0,B
2021-06-04T11:17:19,800.0,11.0,B
2021-06-04T11:17:17,31400.0,11.0,B
2021-06-04T11:16:24,100.0,11.0,B
2021-06-04T11:16:17,500.0,11.0,B
2021-06-04T11:15:52,2000.0,11.0,S
2021-06-04T11:15:41,100.0,11.0,S
2021-06-04T11:15:12,1000.0,11.0,S
2021-06-04T11:15:09,2000.0,11.0,S
2021-06-04T11:15:07,200.0,11.0,S
2021-06-04T11:15:05,5000.0,11.0,S
2021-06-04T11:15:00,200.0,10.95,S
2021-06-04T11:14:41,300.0,11.0,S
2021-06-04T11:14:33,300.0,11.0,S
2021-06-04T11:14:23,500.0,11.0,S
2021-06-04T11:14:15,2000.0,11.0,S
2021-06-04T11:14:14,9000.0,11.0,S
2021-06-04T11:14:14,1400.0,11.0,S
2021-06-04T11:14:14,1000.0,11.0,S
2021-06-04T11:14:13,3300.0,11.0,S
2021-06-04T11:14:13,17800.0,11.0,S
2021-06-04T11:14:13,5800.0,11.0,S
2021-06-04T11:14:04,100.0,11.15,B
2021-06-04T11:13:47,17000.0,11.15,B
2021-06-04T11:13:32,1100.0,11.0,S
2021-06-04T11:13:32,500.0,11.0,S
2021-06-04T11:13:32,400.0,11.0,S
2021-06-04T11:13:25,200.0,11.1,S
2021-06-04T11:13:13,8600.0,11.0,S
2021-06-04T11:12:55,10000.0,11.15,B
2021-06-04T11:12:45,100.0,11.0,S
2021-06-04T11:12:23,1000.0,11.05,S
2021-06-04T11:12:13,100.0,11.0,S
2021-06-04T11:12:08,100.0,11.05,S
2021-06-04T11:12:07,1000.0,11.0,S
2021-06-04T11:12:07,3000.0,11.0,S
2021-06-04T11:12:07,100.0,11.0,S
2021-06-04T11:12:07,1100.0,11.0,S
2021-06-04T11:12:06,1800.0,11.0,S
2021-06-04T11:11:59,2000.0,11.0,S
2021-06-04T11:11:20,20000.0,11.0,S
2021-06-04T11:11:09,1000.0,11.15,B
2021-06-04T11:10:56,200.0,11.1,S
2021-06-04T11:10:10,100.0,11.15,B
2021-06-04T11:09:58,800.0,11.0,S
2021-06-04T11:09:58,600.0,11.0,S
2021-06-04T11:09:58,2500.0,11.0,S
2021-06-04T11:09:58,1300.0,11.0,S
2021-06-04T11:09:58,1100.0,11.0,S
2021-06-04T11:09:57,3500.0,11.0,S
2021-06-04T11:09:57,700.0,11.0,S
2021-06-04T11:09:57,8200.0,11.0,S
2021-06-04T11:09:57,2600.0,11.0,S
2021-06-04T11:09:57,5800.0,11.0,S
2021-06-04T11:09:57,2300.0,11.0,S
2021-06-04T11:09:57,1100.0,11.0,S
2021-06-04T11:09:57,5100.0,11.0,S
2021-06-04T11:09:57,2200.0,11.0,S
2021-06-04T11:09:57,100.0,11.0,S
2021-06-04T11:09:57,5400.0,11.0,S
2021-06-04T11:09:57,5200.0,11.05,S
2021-06-04T11:09:57,3500.0,11.05,S
2021-06-04T11:09:57,5300.0,11.05,S
2021-06-04T11:09:57,1500.0,11.1,S
2021-06-04T11:09:57,1100.0,11.1,S
2021-06-04T11:09:57,300.0,11.1,S
2021-06-04T11:09:57,5500.0,11.1,S
2021-06-04T11:09:57,2200.0,11.1,S
2021-06-04T11:09:57,800.0,11.1,S
2021-06-04T11:09:56,6400.0,11.1,S
2021-06-04T11:09:54,4400.0,11.1,S
2021-06-04T11:09:54,11300.0,11.1,S
2021-06-04T11:09:54,1000.0,11.1,S
2021-06-04T11:09:54,5100.0,11.1,S
2021-06-04T11:09:53,4200.0,11.1,S
2021-06-04T11:09:48,2000.0,11.1,S
2021-06-04T11:09:10,1500.0,11.15,B
2021-06-04T11:09:10,200.0,11.15,B
2021-06-04T11:09:10,3300.0,11.15,B
2021-06-04T11:07:44,500.0,11.15,S
2021-06-04T11:07:35,100.0,11.15,S
2021-06-04T11:07:32,1000.0,11.15,S
2021-06-04T11:07:29,10000.0,11.15,S
2021-06-04T11:07:26,500.0,11.15,S
2021-06-04T11:06:33,100.0,11.15,S
2021-06-04T11:06:15,1000.0,11.15,S
2021-06-04T11:06:03,1500.0,11.15,S
2021-06-04T11:05:40,1800.0,11.15,S
2021-06-04T11:05:35,200.0,11.15,S
2021-06-04T11:05:27,1500.0,11.1,S
2021-06-04T11:05:27,100.0,11.1,S
2021-06-04T11:05:27,3400.0,11.1,S
2021-06-04T11:05:24,100.0,11.15,S
2021-06-04T11:05:24,2100.0,11.15,S
2021-06-04T11:05:24,1700.0,11.15,S
2021-06-04T11:05:23,1300.0,11.15,S
2021-06-04T11:05:23,3500.0,11.15,S
2021-06-04T11:05:23,200.0,11.15,S
2021-06-04T11:05:21,4500.0,11.2,B
2021-06-04T11:05:21,6500.0,11.2,B
2021-06-04T11:04:42,300.0,11.15,S
2021-06-04T11:04:42,100.0,11.15,S
2021-06-04T11:04:42,1100.0,11.15,S
2021-06-04T11:04:36,500.0,11.15,S
2021-06-04T11:04:30,100.0,11.15,S
2021-06-04T11:04:14,200.0,11.2,B
2021-06-04T11:03:48,3600.0,11.15,S
2021-06-04T11:03:48,200.0,11.15,S
2021-06-04T11:03:48,1100.0,11.15,S
2021-06-04T11:03:47,200.0,11.15,S
2021-06-04T11:03:47,3000.0,11.15,S
2021-06-04T11:03:47,3500.0,11.15,S
2021-06-04T11:03:47,7800.0,11.15,S
2021-06-04T11:03:43,1000.0,11.15,S
2021-06-04T11:03:30,2900.0,11.2,B
2021-06-04T11:03:30,4100.0,11.2,B
2021-06-04T11:03:30,5700.0,11.2,B
2021-06-04T11:03:10,2000.0,11.15,S
2021-06-04T11:03:05,500.0,11.2,B
2021-06-04T11:02:56,800.0,11.2,B
2021-06-04T11:02:44,2000.0,11.15,S
2021-06-04T11:02:12,31900.0,11.2,B
2021-06-04T11:02:11,3000.0,11.15,S
2021-06-04T11:01:55,300.0,11.15,S
2021-06-04T11:01:54,10000.0,11.2,B
2021-06-04T11:01:42,300.0,11.2,B
2021-06-04T11:00:51,2000.0,11.2,B
2021-06-04T11:00:17,1000.0,11.15,S
2021-06-04T11:00:09,900.0,11.2,S
2021-06-04T10:59:43,100.0,11.2,S
2021-06-04T10:59:31,100.0,11.2,S
2021-06-04T10:59:18,100.0,11.15,S
2021-06-04T10:58:51,3000.0,11.2,S
2021-06-04T10:58:50,100.0,11.2,S
2021-06-04T10:58:49,8000.0,11.2,S
2021-06-04T10:58:46,1000.0,11.2,S
2021-06-04T10:58:44,1000.0,11.2,S
2021-06-04T10:58:16,3000.0,11.25,B
2021-06-04T10:58:14,2900.0,11.2,S
2021-06-04T10:58:14,300.0,11.2,S
2021-06-04T10:58:14,6800.0,11.2,S
2021-06-04T10:58:00,1000.0,11.2,S
2021-06-04T10:57:42,1000.0,11.2,S
2021-06-04T10:56:37,500.0,11.2,S
2021-06-04T10:56:27,5000.0,11.2,S
2021-06-04T10:55:52,100.0,11.2,S
2021-06-04T10:55:38,11300.0,11.25,B
2021-06-04T10:54:46,200.0,11.2,S
2021-06-04T10:54:35,500.0,11.25,B
2021-06-04T10:54:05,3000.0,11.2,S
2021-06-04T10:54:05,5500.0,11.2,S
2021-06-04T10:54:05,500.0,11.2,S
2021-06-04T10:53:20,1000.0,11.2,S
2021-06-04T10:53:19,10000.0,11.2,S
2021-06-04T10:53:06,2000.0,11.2,S
2021-06-04T10:53:05,500.0,11.2,S
2021-06-04T10:53:03,3000.0,11.2,S
2021-06-04T10:52:51,500.0,11.2,S
2021-06-04T10:52:45,300.0,11.2,S
2021-06-04T10:52:25,2000.0,11.2,S
2021-06-04T10:52:09,40000.0,11.25,B
2021-06-04T10:52:05,100.0,11.2,S
2021-06-04T10:51:42,1000.0,11.2,S
2021-06-04T10:51:28,700.0,11.2,S
2021-06-04T10:51:24,1500.0,11.2,S
2021-06-04T10:51:18,3500.0,11.25,B
2021-06-04T10:51:17,500.0,11.2,S
2021-06-04T10:50:10,100.0,11.2,S
2021-06-04T10:48:46,2800.0,11.25,B
2021-06-04T10:47:52,9600.0,11.25,B
2021-06-04T10:47:44,1200.0,11.2,S
2021-06-04T10:47:44,200.0,11.2,S
2021-06-04T10:47:44,600.0,11.2,S
2021-06-04T10:47:07,1600.0,11.25,B
2021-06-04T10:46:28,900.0,11.2,S
2021-06-04T10:46:00,20000.0,11.2,S
2021-06-04T10:45:55,100.0,11.25,B
2021-06-04T10:45:49,5000.0,11.2,S
2021-06-04T10:45:35,13600.0,11.25,B
2021-06-04T10:45:03,3200.0,11.2,S
2021-06-04T10:45:03,800.0,11.2,S
2021-06-04T10:45:03,200.0,11.2,S
2021-06-04T10:45:03,1800.0,11.2,S
2021-06-04T10:45:02,7600.0,11.2,S
2021-06-04T10:45:02,12400.0,11.2,S
2021-06-04T10:44:46,20000.0,11.2,S
2021-06-04T10:44:35,100.0,11.2,S
2021-06-04T10:44:34,100.0,11.25,B
2021-06-04T10:44:13,4000.0,11.25,B
2021-06-04T10:44:11,1000.0,11.2,S
2021-06-04T10:43:54,2800.0,11.2,S
2021-06-04T10:43:26,500.0,11.2,S
2021-06-04T10:43:22,400.0,11.2,S
2021-06-04T10:42:28,100.0,11.2,S
2021-06-04T10:42:28,10000.0,11.2,S
2021-06-04T10:42:21,400.0,11.2,S
2021-06-04T10:42:11,100.0,11.2,S
2021-06-04T10:41:47,4000.0,11.2,S
2021-06-04T10:41:26,1500.0,11.2,S
2021-06-04T10:41:20,1300.0,11.2,S
2021-06-04T10:41:02,1500.0,11.2,S
2021-06-04T10:40:52,1200.0,11.2,S
2021-06-04T10:38:43,2200.0,11.2,S
2021-06-04T10:38:43,7800.0,11.2,S
2021-06-04T10:38:30,5000.0,11.2,S
2021-06-04T10:38:22,800.0,11.2,S
2021-06-04T10:38:18,100.0,11.2,S
2021-06-04T10:38:08,10200.0,11.25,B
2021-06-04T10:36:11,100.0,11.25,B
2021-06-04T10:36:10,500.0,11.2,S
2021-06-04T10:36:07,100.0,11.25,B
2021-06-04T10:35:55,1000.0,11.25,B
2021-06-04T10:35:25,3400.0,11.2,S
2021-06-04T10:35:25,1000.0,11.2,S
2021-06-04T10:35:24,1600.0,11.2,S
2021-06-04T10:34:37,5000.0,11.2,S
2021-06-04T10:34:04,1400.0,11.25,B
2021-06-04T10:34:03,800.0,11.2,S
2021-06-04T10:33:38,100.0,11.2,S
2021-06-04T10:33:11,300.0,11.2,S
2021-06-04T10:32:45,500.0,11.2,S
2021-06-04T10:32:35,100.0,11.25,B
2021-06-04T10:32:20,2000.0,11.2,S
2021-06-04T10:32:16,1000.0,11.2,S
2021-06-04T10:31:43,500.0,11.25,B
2021-06-04T10:31:37,200.0,11.2,S
2021-06-04T10:30:57,14000.0,11.2,S
2021-06-04T10:30:57,1000.0,11.2,S
2021-06-04T10:30:53,1000.0,11.2,S
2021-06-04T10:30:43,100.0,11.2,S
2021-06-04T10:30:36,100.0,11.2,S
2021-06-04T10:30:36,1000.0,11.2,S
2021-06-04T10:30:24,1000.0,11.2,S
2021-06-04T10:30:16,100.0,11.2,S
2021-06-04T10:30:14,400.0,11.2,S
2021-06-04T10:30:13,200.0,11.2,S
2021-06-04T10:29:54,24300.0,11.2,S
2021-06-04T10:29:53,5000.0,11.25,B
2021-06-04T10:29:40,100.0,11.25,B
2021-06-04T10:29:27,2000.0,11.2,S
2021-06-04T10:29:15,200.0,11.25,B
2021-06-04T10:29:12,2900.0,11.25,B
2021-06-04T10:29:04,500.0,11.25,B
2021-06-04T10:29:01,4900.0,11.2,S
2021-06-04T10:29:01,500.0,11.2,S
2021-06-04T10:28:58,100.0,11.2,S
2021-06-04T10:28:56,300.0,11.2,S
2021-06-04T10:28:35,12700.0,11.2,S
2021-06-04T10:28:35,500.0,11.2,S
2021-06-04T10:28:35,2000.0,11.2,S
2021-06-04T10:28:35,12000.0,11.2,S
2021-06-04T10:28:35,8200.0,11.2,S
2021-06-04T10:28:35,900.0,11.2,S
2021-06-04T10:28:35,2100.0,11.2,S
2021-06-04T10:28:33,5800.0,11.2,S
2021-06-04T10:28:32,500.0,11.25,B
2021-06-04T10:28:18,1000.0,11.25,B
2021-06-04T10:28:11,2000.0,11.25,B
2021-06-04T10:27:36,1800.0,11.25,B
2021-06-04T10:27:34,200.0,11.25,B
2021-06-04T10:27:31,900.0,11.25,B
2021-06-04T10:27:25,100.0,11.25,B
2021-06-04T10:27:15,1000.0,11.25,B
2021-06-04T10:27:11,100.0,11.25,B
2021-06-04T10:26:54,1000.0,11.25,B
2021-06-04T10:26:36,5000.0,11.25,B
2021-06-04T10:26:06,10000.0,11.25,B
2021-06-04T10:26:04,2000.0,11.25,B
2021-06-04T10:25:47,500.0,11.25,S
2021-06-04T10:25:44,500.0,11.25,S
2021-06-04T10:25:41,700.0,11.25,S
2021-06-04T10:25:19,200.0,11.25,S
2021-06-04T10:25:02,5000.0,11.25,S
2021-06-04T10:25:02,10000.0,11.25,S
2021-06-04T10:24:56,100.0,11.25,S
2021-06-04T10:24:53,2000.0,11.25,S
2021-06-04T10:24:33,100.0,11.25,S
2021-06-04T10:24:32,500.0,11.25,S
2021-06-04T10:24:05,2000.0,11.25,S
2021-06-04T10:23:44,1500.0,11.25,S
2021-06-04T10:23:38,1000.0,11.25,S
2021-06-04T10:23:38,1000.0,11.25,S
2021-06-04T10:23:30,100.0,11.25,S
2021-06-04T10:23:30,2200.0,11.2,S
2021-06-04T10:23:29,5400.0,11.2,S
2021-06-04T10:23:29,3300.0,11.2,S
2021-06-04T10:23:29,3400.0,11.2,S
2021-06-04T10:23:29,1200.0,11.2,S
2021-06-04T10:23:29,700.0,11.2,S
2021-06-04T10:23:29,3000.0,11.2,S
2021-06-04T10:23:29,1300.0,11.2,S
2021-06-04T10:23:29,100.0,11.2,S
2021-06-04T10:23:29,29400.0,11.2,S
2021-06-04T10:22:28,1100.0,11.25,S
2021-06-04T10:22:08,1000.0,11.25,S
2021-06-04T10:22:05,10000.0,11.25,S
2021-06-04T10:21:55,2000.0,11.25,S
2021-06-04T10:21:49,200.0,11.25,S
2021-06-04T10:21:38,100.0,11.25,S
2021-06-04T10:21:32,2500.0,11.25,S
2021-06-04T10:21:25,3300.0,11.2,S
2021-06-04T10:21:11,1000.0,11.25,S
2021-06-04T10:20:38,500.0,11.2,S
2021-06-04T10:20:31,100.0,11.25,S
2021-06-04T10:20:24,1000.0,11.25,S
2021-06-04T10:20:15,1100.0,11.25,S
2021-06-04T10:20:06,100.0,11.25,S
2021-06-04T10:19:56,100.0,11.3,B
2021-06-04T10:19:49,500.0,11.25,S
2021-06-04T10:19:29,3600.0,11.2,S
2021-06-04T10:19:16,100.0,11.2,S
2021-06-04T10:19:09,2000.0,11.2,S
2021-06-04T10:19:03,26000.0,11.2,S
2021-06-04T10:18:45,1400.0,11.25,S
2021-06-04T10:18:35,3000.0,11.25,B
2021-06-04T10:18:23,3000.0,11.25,B
2021-06-04T10:17:59,100.0,11.25,B
2021-06-04T10:17:57,1000.0,11.25,B
2021-06-04T10:17:27,500.0,11.25,B
2021-06-04T10:17:25,500.0,11.25,B
2021-06-04T10:17:17,1000.0,11.25,B
2021-06-04T10:16:44,100.0,11.2,S
2021-06-04T10:16:23,5000.0,11.2,S
2021-06-04T10:16:20,3000.0,11.2,S
2021-06-04T10:16:06,5900.0,11.3,B
2021-06-04T10:16:06,1200.0,11.3,B
2021-06-04T10:16:06,4700.0,11.3,B
2021-06-04T10:16:06,2900.0,11.3,B
2021-06-04T10:16:06,3000.0,11.3,B
2021-06-04T10:16:06,10000.0,11.3,B
2021-06-04T10:16:06,500.0,11.3,B
2021-06-04T10:16:06,300.0,11.3,B
2021-06-04T10:16:06,3100.0,11.3,B
2021-06-04T10:16:06,1500.0,11.3,B
2021-06-04T10:16:06,1000.0,11.3,B
2021-06-04T10:16:06,7900.0,11.3,B
2021-06-04T10:16:06,17800.0,11.3,B
2021-06-04T10:16:06,19800.0,11.25,B
2021-06-04T10:16:06,7100.0,11.25,B
2021-06-04T10:16:06,500.0,11.25,B
2021-06-04T10:16:05,12800.0,11.25,B
2021-06-04T10:15:53,1000.0,11.2,S
2021-06-04T10:15:41,5000.0,11.2,S
2021-06-04T10:15:39,1700.0,11.25,B
2021-06-04T10:15:32,1000.0,11.2,S
2021-06-04T10:15:31,100.0,11.25,B
2021-06-04T10:15:14,100.0,11.25,B
2021-06-04T10:14:54,3000.0,11.25,B
2021-06-04T10:14:53,1000.0,11.25,B
2021-06-04T10:14:51,1000.0,11.25,B
2021-06-04T10:14:18,12000.0,11.2,S
2021-06-04T10:14:15,100.0,11.2,S
2021-06-04T10:14:11,6200.0,11.25,B
2021-06-04T10:14:11,10000.0,11.25,B
2021-06-04T10:14:04,5000.0,11.2,S
2021-06-04T10:14:01,300.0,11.2,S
2021-06-04T10:14:01,500.0,11.2,S
2021-06-04T10:13:59,5800.0,11.2,S
2021-06-04T10:13:57,1000.0,11.25,B
2021-06-04T10:13:40,10000.0,11.2,S
2021-06-04T10:13:12,1000.0,11.25,B
2021-06-04T10:12:59,500.0,11.25,B
2021-06-04T10:12:46,1000.0,11.25,B
2021-06-04T10:12:44,6300.0,11.25,B
2021-06-04T10:12:44,1000.0,11.25,B
2021-06-04T10:12:44,11700.0,11.25,B
2021-06-04T10:12:35,1000.0,11.2,S
2021-06-04T10:11:49,800.0,11.2,S
2021-06-04T10:11:46,100.0,11.25,B
2021-06-04T10:11:45,1000.0,11.25,B
2021-06-04T10:11:36,2000.0,11.2,S
2021-06-04T10:11:22,100.0,11.25,B
2021-06-04T10:11:21,5000.0,11.25,B
2021-06-04T10:11:21,26300.0,11.25,B
2021-06-04T10:11:12,200.0,11.25,B
2021-06-04T10:11:06,1100.0,11.25,B
2021-06-04T10:10:55,100.0,11.2,S
2021-06-04T10:10:51,100.0,11.25,B
2021-06-04T10:10:39,2000.0,11.2,S
2021-06-04T10:10:39,7800.0,11.2,S
2021-06-04T10:10:17,500.0,11.2,S
2021-06-04T10:10:15,2000.0,11.2,S
2021-06-04T10:10:11,500.0,11.2,S
2021-06-04T10:09:58,1000.0,11.2,S
2021-06-04T10:09:38,5000.0,11.2,S
2021-06-04T10:09:37,800.0,11.2,S
2021-06-04T10:09:37,400.0,11.2,S
2021-06-04T10:09:19,100.0,11.2,S
2021-06-04T10:09:07,2000.0,11.2,S
2021-06-04T10:08:59,600.0,11.2,S
2021-06-04T10:08:58,800.0,11.2,S
2021-06-04T10:08:54,100.0,11.2,S
2021-06-04T10:08:51,7700.0,11.2,S
2021-06-04T10:08:35,100.0,11.2,S
2021-06-04T10:08:26,500.0,11.2,S
2021-06-04T10:08:25,5100.0,11.2,S
2021-06-04T10:08:17,3000.0,11.2,S
2021-06-04T10:08:10,100.0,11.25,B
2021-06-04T10:08:09,1000.0,11.25,B
2021-06-04T10:07:54,5000.0,11.25,B
2021-06-04T10:07:53,2000.0,11.25,B
2021-06-04T10:07:48,4900.0,11.2,S
2021-06-04T10:07:48,1000.0,11.2,S
2021-06-04T10:07:42,100.0,11.25,B
2021-06-04T10:07:16,300.0,11.25,B
2021-06-04T10:07:12,5000.0,11.25,B
2021-06-04T10:07:09,10000.0,11.2,S
2021-06-04T10:07:07,100.0,11.2,S
2021-06-04T10:07:05,2000.0,11.2,S
2021-06-04T10:06:57,1100.0,11.2,S
2021-06-04T10:06:36,100.0,11.2,S
2021-06-04T10:06:36,2000.0,11.2,S
2021-06-04T10:06:26,100.0,11.2,S
2021-06-04T10:06:24,3000.0,11.2,S
2021-06-04T10:06:22,500.0,11.2,S
2021-06-04T10:06:18,10500.0,11.2,S
2021-06-04T10:06:15,23800.0,11.2,S
2021-06-04T10:06:11,2000.0,11.3,B
2021-06-04T10:06:04,100.0,11.25,B
2021-06-04T10:06:03,100.0,11.2,S
2021-06-04T10:06:02,12000.0,11.3,B
2021-06-04T10:06:01,200.0,11.25,B
2021-06-04T10:05:37,900.0,11.25,B
2021-06-04T10:05:37,1000.0,11.25,B
2021-06-04T10:05:04,2000.0,11.2,S
2021-06-04T10:05:04,2700.0,11.3,B
2021-06-04T10:05:03,7300.0,11.3,B
2021-06-04T10:05:01,200.0,11.3,B
2021-06-04T10:04:59,1000.0,11.3,B
2021-06-04T10:04:28,58400.0,11.3,B
2021-06-04T10:04:28,6300.0,11.25,B
2021-06-04T10:04:28,10500.0,11.25,B
2021-06-04T10:04:28,24800.0,11.25,B
2021-06-04T10:03:55,2500.0,11.25,B
2021-06-04T10:03:53,5000.0,11.2,S
2021-06-04T10:03:41,5500.0,11.25,B
2021-06-04T10:03:36,700.0,11.25,B
2021-06-04T10:03:36,26500.0,11.25,B
2021-06-04T10:03:27,1000.0,11.2,S
2021-06-04T10:03:20,100.0,11.25,S
2021-06-04T10:03:16,1900.0,11.25,S
2021-06-04T10:02:49,1000.0,11.25,S
2021-06-04T10:02:49,16700.0,11.2,S
2021-06-04T10:02:49,600.0,11.2,S
2021-06-04T10:02:46,1000.0,11.2,S
2021-06-04T10:02:46,800.0,11.2,S
2021-06-04T10:02:42,400.0,11.2,S
2021-06-04T10:02:38,200.0,11.2,S
2021-06-04T10:02:35,200.0,11.2,S
2021-06-04T10:02:29,1700.0,11.2,S
2021-06-04T10:02:17,2000.0,11.2,S
2021-06-04T10:01:57,2000.0,11.2,S
2021-06-04T10:01:54,200.0,11.2,S
2021-06-04T10:01:54,3600.0,11.2,S
2021-06-04T10:01:53,2200.0,11.2,S
2021-06-04T10:01:53,6900.0,11.2,S
2021-06-04T10:01:47,200.0,11.2,S
2021-06-04T10:01:39,200.0,11.25,S
2021-06-04T10:01:36,200.0,11.25,S
2021-06-04T10:01:16,100.0,11.25,S
2021-06-04T10:01:09,5000.0,11.2,S
2021-06-04T10:00:52,400.0,11.25,S
2021-06-04T10:00:39,100.0,11.25,S
2021-06-04T10:00:33,400.0,11.25,S
2021-06-04T10:00:29,1000.0,11.25,S
2021-06-04T10:00:26,2000.0,11.25,S
2021-06-04T10:00:13,500.0,11.25,S
2021-06-04T10:00:10,500.0,11.25,S
2021-06-04T10:00:00,4000.0,11.25,S
2021-06-04T09:59:49,100.0,11.2,S
2021-06-04T09:59:43,1000.0,11.2,S
2021-06-04T09:59:41,2500.0,11.2,S
2021-06-04T09:59:41,22400.0,11.2,S
2021-06-04T09:59:41,24300.0,11.2,S
2021-06-04T09:59:37,2000.0,11.25,S
2021-06-04T09:59:05,2000.0,11.25,S
2021-06-04T09:59:02,2000.0,11.25,S
2021-06-04T09:58:52,500.0,11.25,S
2021-06-04T09:58:38,2000.0,11.25,S
2021-06-04T09:58:35,1000.0,11.25,S
2021-06-04T09:58:30,400.0,11.25,S
2021-06-04T09:58:26,1000.0,11.25,S
2021-06-04T09:58:23,1800.0,11.25,S
2021-06-04T09:58:15,400.0,11.25,S
2021-06-04T09:57:52,1000.0,11.25,S
2021-06-04T09:57:43,2000.0,11.25,S
2021-06-04T09:57:42,800.0,11.25,S
2021-06-04T09:57:39,2000.0,11.2,S
2021-06-04T09:57:16,100.0,11.25,S
2021-06-04T09:57:09,500.0,11.25,S
2021-06-04T09:57:08,200.0,11.25,S
2021-06-04T09:56:48,5500.0,11.2,S
2021-06-04T09:56:48,3900.0,11.2,S
2021-06-04T09:56:48,4100.0,11.2,S
2021-06-04T09:56:48,12600.0,11.25,S
2021-06-04T09:56:48,100.0,11.25,S
2021-06-04T09:56:48,3800.0,11.25,S
2021-06-04T09:56:44,1000.0,11.25,S
2021-06-04T09:56:40,200.0,11.25,S
2021-06-04T09:56:32,1000.0,11.3,B
2021-06-04T09:56:26,1000.0,11.3,B
2021-06-04T09:56:24,1000.0,11.3,B
2021-06-04T09:56:11,200.0,11.25,S
2021-06-04T09:55:59,200.0,11.3,B
2021-06-04T09:55:58,800.0,11.25,S
2021-06-04T09:55:55,1000.0,11.3,B
2021-06-04T09:55:41,3400.0,11.25,S
2021-06-04T09:55:36,500.0,11.25,S
2021-06-04T09:55:31,1000.0,11.25,S
2021-06-04T09:55:31,200.0,11.25,S
2021-06-04T09:55:31,1000.0,11.25,S
2021-06-04T09:55:31,8100.0,11.25,S
2021-06-04T09:55:31,4000.0,11.25,S
2021-06-04T09:55:31,400.0,11.25,S
2021-06-04T09:55:31,3000.0,11.25,S
2021-06-04T09:55:31,8800.0,11.25,S
2021-06-04T09:55:31,3200.0,11.25,S
2021-06-04T09:55:31,11000.0,11.25,S
2021-06-04T09:55:31,500.0,11.25,S
2021-06-04T09:55:31,4900.0,11.25,S
2021-06-04T09:55:24,200.0,11.25,S
2021-06-04T09:55:09,100.0,11.25,S
2021-06-04T09:55:01,400.0,11.25,S
2021-06-04T09:54:17,300.0,11.3,B
2021-06-04T09:54:16,10000.0,11.25,S
2021-06-04T09:53:48,1000.0,11.25,S
2021-06-04T09:53:39,300.0,11.25,S
2021-06-04T09:53:34,1000.0,11.3,B
2021-06-04T09:53:17,10000.0,11.25,S
2021-06-04T09:53:11,400.0,11.3,B
2021-06-04T09:53:05,800.0,11.3,B
2021-06-04T09:53:05,2500.0,11.3,B
2021-06-04T09:53:05,2000.0,11.3,B
2021-06-04T09:53:05,1500.0,11.3,B
2021-06-04T09:53:05,3200.0,11.3,B
2021-06-04T09:53:01,200.0,11.25,S
2021-06-04T09:53:00,100.0,11.25,S
2021-06-04T09:52:56,100.0,11.3,B
2021-06-04T09:52:52,2000.0,11.3,B
2021-06-04T09:52:34,500.0,11.25,S
2021-06-04T09:52:27,2000.0,11.3,B
2021-06-04T09:52:27,100.0,11.3,B
2021-06-04T09:52:27,700.0,11.3,B
2021-06-04T09:52:27,700.0,11.3,B
2021-06-04T09:52:26,100.0,11.3,B
2021-06-04T09:51:58,2000.0,11.25,S
2021-06-04T09:51:54,200.0,11.3,B
2021-06-04T09:51:28,1000.0,11.3,B
2021-06-04T09:51:26,3000.0,11.3,B
2021-06-04T09:51:26,6000.0,11.3,B
2021-06-04T09:51:22,1000.0,11.3,B
2021-06-04T09:51:17,1000.0,11.25,S
2021-06-04T09:51:15,1000.0,11.3,B
2021-06-04T09:50:59,100.0,11.3,B
2021-06-04T09:50:59,1300.0,11.3,B
2021-06-04T09:50:52,7000.0,11.3,B
2021-06-04T09:50:32,1000.0,11.2,S
2021-06-04T09:50:30,2000.0,11.2,S
2021-06-04T09:50:29,1500.0,11.2,S
2021-06-04T09:50:26,2000.0,11.2,S
2021-06-04T09:50:21,5200.0,11.2,S
2021-06-04T09:50:20,2500.0,11.2,S
2021-06-04T09:50:18,1000.0,11.2,S
2021-06-04T09:50:17,900.0,11.2,S
2021-06-04T09:50:17,9300.0,11.2,S
2021-06-04T09:50:16,1500.0,11.2,S
2021-06-04T09:50:16,3300.0,11.2,S
2021-06-04T09:50:16,1200.0,11.2,S
2021-06-04T09:50:16,1000.0,11.2,S
2021-06-04T09:50:16,1100.0,11.2,S
2021-06-04T09:50:16,2100.0,11.2,S
2021-06-04T09:50:16,5100.0,11.2,S
2021-06-04T09:50:16,16200.0,11.2,S
2021-06-04T09:50:16,2800.0,11.2,S
2021-06-04T09:50:16,5600.0,11.2,S
2021-06-04T09:50:16,100.0,11.2,S
2021-06-04T09:50:16,11500.0,11.2,S
2021-06-04T09:50:07,6000.0,11.3,B
2021-06-04T09:50:00,1500.0,11.25,S
2021-06-04T09:49:59,100.0,11.25,S
2021-06-04T09:49:53,1000.0,11.25,S
2021-06-04T09:49:52,3000.0,11.25,S
2021-06-04T09:49:52,1000.0,11.25,S
2021-06-04T09:49:52,700.0,11.25,S
2021-06-04T09:49:35,2300.0,11.25,S
2021-06-04T09:49:34,700.0,11.25,S
2021-06-04T09:49:31,200.0,11.25,S
2021-06-04T09:49:29,100.0,11.25,S
2021-06-04T09:49:23,200.0,11.3,B
2021-06-04T09:49:22,200.0,11.25,S
2021-06-04T09:49:08,25600.0,11.25,S
2021-06-04T09:49:06,4500.0,11.25,S
2021-06-04T09:49:03,300.0,11.25,S
2021-06-04T09:48:59,100.0,11.3,B
2021-06-04T09:48:52,5100.0,11.3,B
2021-06-04T09:48:52,5200.0,11.3,B
2021-06-04T09:48:50,2000.0,11.3,B
2021-06-04T09:48:38,1000.0,11.25,S
2021-06-04T09:48:34,400.0,11.3,B
2021-06-04T09:48:28,500.0,11.25,S
2021-06-04T09:48:23,1800.0,11.3,B
2021-06-04T09:48:03,2000.0,11.3,B
2021-06-04T09:47:53,3800.0,11.25,S
2021-06-04T09:47:52,200.0,11.25,S
2021-06-04T09:47:47,1000.0,11.3,B
2021-06-04T09:47:34,100.0,11.3,B
2021-06-04T09:47:16,2000.0,11.3,B
2021-06-04T09:47:04,500.0,11.25,S
2021-06-04T09:46:56,3500.0,11.25,S
2021-06-04T09:46:37,100.0,11.3,B
2021-06-04T09:46:31,200.0,11.3,B
2021-06-04T09:46:26,1000.0,11.25,S
2021-06-04T09:46:24,100.0,11.25,S
2021-06-04T09:46:17,2600.0,11.25,S
2021-06-04T09:46:04,500.0,11.3,B
2021-06-04T09:45:48,2600.0,11.25,S
2021-06-04T09:45:48,3000.0,11.3,B
2021-06-04T09:45:45,1500.0,11.25,S
2021-06-04T09:45:26,2000.0,11.25,S
2021-06-04T09:45:20,500.0,11.25,S
2021-06-04T09:45:17,2000.0,11.3,B
2021-06-04T09:45:13,500.0,11.25,S
2021-06-04T09:44:36,1000.0,11.3,B
2021-06-04T09:44:27,100.0,11.2,S
2021-06-04T09:44:05,1500.0,11.2,S
2021-06-04T09:44:05,1300.0,11.2,S
2021-06-04T09:44:05,2400.0,11.2,S
2021-06-04T09:44:05,4500.0,11.2,S
2021-06-04T09:44:05,1000.0,11.25,S
2021-06-04T09:44:05,100.0,11.25,S
2021-06-04T09:44:05,9800.0,11.25,S
2021-06-04T09:44:05,1500.0,11.25,S
2021-06-04T09:44:04,1000.0,11.3,B
2021-06-04T09:43:59,1000.0,11.25,S
2021-06-04T09:43:50,500.0,11.25,S
2021-06-04T09:43:39,4800.0,11.25,S
2021-06-04T09:43:39,600.0,11.3,B
2021-06-04T09:43:17,900.0,11.3,B
2021-06-04T09:43:12,3000.0,11.3,B
2021-06-04T09:43:05,10000.0,11.3,B
2021-06-04T09:42:52,2900.0,11.25,S
2021-06-04T09:42:51,1000.0,11.25,S
2021-06-04T09:42:48,100.0,11.25,S
2021-06-04T09:42:48,500.0,11.25,S
2021-06-04T09:42:34,1200.0,11.25,S
2021-06-04T09:42:34,1000.0,11.25,S
2021-06-04T09:42:28,500.0,11.25,S
2021-06-04T09:42:23,700.0,11.25,S
2021-06-04T09:42:23,22600.0,11.25,S
2021-06-04T09:42:23,2500.0,11.25,S
2021-06-04T09:42:21,500.0,11.3,B
2021-06-04T09:42:16,1000.0,11.25,S
2021-06-04T09:42:14,100.0,11.3,B
2021-06-04T09:42:10,100.0,11.3,B
2021-06-04T09:41:50,100.0,11.25,S
2021-06-04T09:41:44,2000.0,11.25,S
2021-06-04T09:41:34,2000.0,11.3,B
2021-06-04T09:41:27,1000.0,11.25,S
2021-06-04T09:41:02,800.0,11.25,S
2021-06-04T09:40:41,8000.0,11.3,B
2021-06-04T09:40:38,100.0,11.3,B
2021-06-04T09:40:28,10000.0,11.25,S
2021-06-04T09:40:28,1800.0,11.3,B
2021-06-04T09:40:20,100.0,11.3,B
2021-06-04T09:40:13,500.0,11.3,B
2021-06-04T09:40:11,1900.0,11.3,B
2021-06-04T09:39:58,2000.0,11.25,S
2021-06-04T09:39:45,300.0,11.3,B
2021-06-04T09:39:32,5500.0,11.25,S
2021-06-04T09:39:24,10500.0,11.25,S
2021-06-04T09:39:15,100.0,11.25,S
2021-06-04T09:39:05,4200.0,11.25,S
2021-06-04T09:39:04,900.0,11.25,S
2021-06-04T09:39:04,13000.0,11.25,S
2021-06-04T09:39:04,100.0,11.25,S
2021-06-04T09:39:03,8400.0,11.25,S
2021-06-04T09:38:56,300.0,11.3,B
2021-06-04T09:38:56,2000.0,11.3,B
2021-06-04T09:38:55,8300.0,11.3,B
2021-06-04T09:38:42,12600.0,11.25,S
2021-06-04T09:38:41,2400.0,11.25,S
2021-06-04T09:38:39,700.0,11.3,B
2021-06-04T09:38:38,1000.0,11.25,S
2021-06-04T09:38:30,1000.0,11.25,S
2021-06-04T09:38:00,500.0,11.25,S
2021-06-04T09:37:43,3500.0,11.3,B
2021-06-04T09:37:29,1100.0,11.25,S
2021-06-04T09:37:28,1400.0,11.3,B
2021-06-04T09:37:28,1000.0,11.3,B
2021-06-04T09:37:25,3000.0,11.25,S
2021-06-04T09:37:19,800.0,11.25,S
2021-06-04T09:37:19,4200.0,11.3,B
2021-06-04T09:37:19,1000.0,11.25,S
2021-06-04T09:37:04,100.0,11.25,S
2021-06-04T09:37:03,1600.0,11.25,S
2021-06-04T09:36:51,100.0,11.25,S
2021-06-04T09:36:50,5000.0,11.25,S
2021-06-04T09:36:38,300.0,11.25,S
2021-06-04T09:36:37,1000.0,11.3,B
2021-06-04T09:36:33,1000.0,11.25,S
2021-06-04T09:36:31,2000.0,11.3,B
2021-06-04T09:36:30,1000.0,11.25,S
2021-06-04T09:36:19,2000.0,11.3,B
2021-06-04T09:36:14,1000.0,11.25,S
2021-06-04T09:35:40,400.0,11.25,S
2021-06-04T09:34:36,119100.0,11.25,S
2021-06-04T09:34:30,35000.0,11.3,B
2021-06-04T09:34:20,2300.0,11.3,B
2021-06-04T09:34:15,1000.0,11.25,S
2021-06-04T09:34:14,1800.0,11.25,S
2021-06-04T09:34:14,1500.0,11.25,S
2021-06-04T09:34:13,11700.0,11.25,S
2021-06-04T09:34:09,100.0,11.25,S
2021-06-04T09:34:00,2000.0,11.25,S
2021-06-04T09:33:32,2000.0,11.3,B
2021-06-04T09:33:20,500.0,11.25,S
2021-06-04T09:33:07,100.0,11.25,S
2021-06-04T09:32:48,1000.0,11.25,S
2021-06-04T09:32:48,600.0,11.3,B
2021-06-04T09:32:45,100.0,11.25,S
2021-06-04T09:32:40,100.0,11.3,B
2021-06-04T09:32:30,2100.0,11.25,S
2021-06-04T09:32:30,1000.0,11.25,S
2021-06-04T09:32:30,800.0,11.25,S
2021-06-04T09:32:30,1300.0,11.25,S
2021-06-04T09:32:30,100.0,11.25,S
2021-06-04T09:32:30,4700.0,11.25,S
2021-06-04T09:32:29,5000.0,11.3,B
2021-06-04T09:32:09,2000.0,11.3,B
2021-06-04T09:32:02,1000.0,11.3,B
2021-06-04T09:31:56,600.0,11.3,B
2021-06-04T09:31:51,1000.0,11.25,S
2021-06-04T09:31:46,300.0,11.3,B
2021-06-04T09:31:44,1100.0,11.25,S
2021-06-04T09:31:37,200.0,11.3,B
2021-06-04T09:31:34,8300.0,11.3,B
2021-06-04T09:31:32,100.0,11.3,B
2021-06-04T09:31:29,200.0,11.3,B
2021-06-04T09:31:25,200.0,11.3,B
2021-06-04T09:31:19,2000.0,11.25,S
2021-06-04T09:31:17,100.0,11.3,B
2021-06-04T09:31:03,300.0,11.3,B
2021-06-04T09:31:03,700.0,11.3,B
2021-06-04T09:30:51,200.0,11.25,S
2021-06-04T09:30:45,6300.0,11.3,B
2021-06-04T09:30:36,2900.0,11.3,B
2021-06-04T09:30:27,200.0,11.25,S
2021-06-04T09:30:19,100.0,11.3,B
2021-06-04T09:29:52,1000.0,11.25,S
2021-06-04T09:29:47,300.0,11.25,S
2021-06-04T09:29:34,500.0,11.25,S
2021-06-04T09:29:26,2000.0,11.25,S
2021-06-04T09:29:23,800.0,11.3,B
2021-06-04T09:29:20,200.0,11.3,B
2021-06-04T09:29:12,1000.0,11.3,B
2021-06-04T09:29:08,500.0,11.25,S
2021-06-04T09:29:04,100.0,11.25,S
2021-06-04T09:28:52,600.0,11.3,B
2021-06-04T09:28:52,400.0,11.25,S
2021-06-04T09:28:50,100.0,11.25,S
2021-06-04T09:28:47,100.0,11.3,B
2021-06-04T09:28:45,700.0,11.3,B
2021-06-04T09:28:37,200.0,11.2,S
2021-06-04T09:28:32,1000.0,11.3,B
2021-06-04T09:28:32,100.0,11.25,S
2021-06-04T09:28:26,300.0,11.25,S
2021-06-04T09:28:18,100.0,11.3,B
2021-06-04T09:28:18,600.0,11.2,S
2021-06-04T09:28:13,5000.0,11.3,B
2021-06-04T09:28:08,300.0,11.2,S
2021-06-04T09:28:07,1000.0,11.2,S
2021-06-04T09:28:04,100.0,11.3,B
2021-06-04T09:27:51,1400.0,11.3,B
2021-06-04T09:27:49,1000.0,11.25,S
2021-06-04T09:27:48,600.0,11.25,S
2021-06-04T09:27:45,900.0,11.2,S
2021-06-04T09:27:45,9100.0,11.2,S
2021-06-04T09:27:41,1000.0,11.25,S
2021-06-04T09:27:41,300.0,11.25,S
2021-06-04T09:27:41,2700.0,11.2,S
2021-06-04T09:27:41,900.0,11.2,S
2021-06-04T09:27:40,400.0,11.2,S
2021-06-04T09:27:39,200.0,11.25,S
2021-06-04T09:27:39,1300.0,11.25,S
2021-06-04T09:27:34,2000.0,11.3,B
2021-06-04T09:27:33,300.0,11.3,B
2021-06-04T09:27:32,4800.0,11.3,B
2021-06-04T09:27:30,400.0,11.3,B
2021-06-04T09:27:23,2000.0,11.3,B
2021-06-04T09:27:20,1000.0,11.25,S
2021-06-04T09:27:10,100.0,11.25,S
2021-06-04T09:27:09,400.0,11.3,B
2021-06-04T09:27:08,200.0,11.3,B
2021-06-04T09:27:07,500.0,11.3,B
2021-06-04T09:27:00,5000.0,11.3,B
2021-06-04T09:26:59,500.0,11.3,B
2021-06-04T09:26:59,300.0,11.2,S
2021-06-04T09:26:53,100.0,11.25,S
2021-06-04T09:26:50,600.0,11.25,S
2021-06-04T09:26:45,5000.0,11.3,B
2021-06-04T09:26:44,4400.0,11.25,S
2021-06-04T09:26:39,100.0,11.25,S
2021-06-04T09:26:24,2900.0,11.25,S
2021-06-04T09:26:14,100.0,11.25,S
2021-06-04T09:26:11,1000.0,11.3,B
2021-06-04T09:26:09,500.0,11.3,B
2021-06-04T09:26:06,5000.0,11.2,S
2021-06-04T09:25:56,100.0,11.3,B
2021-06-04T09:25:54,3000.0,11.3,B
2021-06-04T09:25:51,300.0,11.3,B
2021-06-04T09:25:50,100.0,11.3,B
2021-06-04T09:25:42,1100.0,11.2,S
2021-06-04T09:25:42,2900.0,11.2,S
2021-06-04T09:25:42,10000.0,11.25,S
2021-06-04T09:25:42,6000.0,11.25,S
2021-06-04T09:25:41,1000.0,11.3,B
2021-06-04T09:25:39,100.0,11.25,S
2021-06-04T09:25:26,100.0,11.3,B
2021-06-04T09:25:24,2200.0,11.3,B
2021-06-04T09:25:18,500.0,11.25,S
2021-06-04T09:25:15,2000.0,11.3,B
2021-06-04T09:25:09,400.0,11.3,B
2021-06-04T09:25:06,1000.0,11.25,S
2021-06-04T09:25:01,1500.0,11.3,B
2021-06-04T09:24:57,3000.0,11.3,B
2021-06-04T09:24:48,1000.0,11.3,B
2021-06-04T09:24:40,800.0,11.3,B
2021-06-04T09:24:40,100.0,11.3,B
2021-06-04T09:24:35,2000.0,11.25,S
2021-06-04T09:24:29,1000.0,11.3,B
2021-06-04T09:24:25,100.0,11.3,B
2021-06-04T09:24:23,100.0,11.3,B
2021-06-04T09:24:19,300.0,11.3,B
2021-06-04T09:24:12,2000.0,11.3,B
2021-06-04T09:24:02,200.0,11.25,S
2021-06-04T09:23:57,2300.0,11.3,B
2021-06-04T09:23:51,2700.0,11.3,B
2021-06-04T09:23:45,300.0,11.25,S
2021-06-04T09:23:42,5000.0,11.3,B
2021-06-04T09:23:40,100.0,11.3,B
2021-06-04T09:23:38,300.0,11.3,B
2021-06-04T09:23:27,100.0,11.3,B
2021-06-04T09:23:20,100.0,11.3,B
2021-06-04T09:23:15,200.0,11.3,B
2021-06-04T09:23:15,7400.0,11.3,B
2021-06-04T09:23:12,1000.0,11.3,B
2021-06-04T09:23:03,3000.0,11.35,B
2021-06-04T09:22:58,6800.0,11.3,B
2021-06-04T09:22:55,1500.0,11.3,B
2021-06-04T09:22:52,2000.0,11.3,B
2021-06-04T09:22:49,1600.0,11.3,B
2021-06-04T09:22:49,500.0,11.3,B
2021-06-04T09:22:48,4000.0,11.3,B
2021-06-04T09:22:42,400.0,11.3,B
2021-06-04T09:22:37,200.0,11.3,B
2021-06-04T09:22:30,9900.0,11.3,B
2021-06-04T09:22:30,1000.0,11.3,B
2021-06-04T09:22:28,200.0,11.3,B
2021-06-04T09:22:22,200.0,11.3,S
2021-06-04T09:22:21,1600.0,11.3,S
2021-06-04T09:22:21,15400.0,11.3,S
2021-06-04T09:22:17,5200.0,11.3,S
2021-06-04T09:22:12,3000.0,11.35,B
2021-06-04T09:22:07,600.0,11.3,S
2021-06-04T09:21:54,1500.0,11.35,B
2021-06-04T09:21:54,50000.0,11.35,B
2021-06-04T09:21:53,500.0,11.3,S
2021-06-04T09:21:51,10000.0,11.3,S
2021-06-04T09:21:49,5000.0,11.2,S
2021-06-04T09:21:49,1000.0,11.3,S
2021-06-04T09:21:48,2000.0,11.3,S
2021-06-04T09:21:42,1100.0,11.3,S
2021-06-04T09:21:41,100.0,11.3,S
2021-06-04T09:21:35,500.0,11.3,S
2021-06-04T09:21:31,2000.0,11.3,S
2021-06-04T09:21:30,100.0,11.3,S
2021-06-04T09:21:12,3000.0,11.25,S
2021-06-04T09:20:51,700.0,11.3,S
2021-06-04T09:20:48,1000.0,11.3,S
2021-06-04T09:20:47,3500.0,11.35,B
2021-06-04T09:20:44,200.0,11.3,S
2021-06-04T09:20:44,300.0,11.3,S
2021-06-04T09:20:44,5000.0,11.3,S
2021-06-04T09:20:37,2000.0,11.3,S
2021-06-04T09:20:36,400.0,11.3,S
2021-06-04T09:20:33,10000.0,11.3,S
2021-06-04T09:20:33,1000.0,11.3,S
2021-06-04T09:20:32,500.0,11.3,S
2021-06-04T09:20:26,8700.0,11.3,S
2021-06-04T09:20:25,100.0,11.3,S
2021-06-04T09:20:16,700.0,11.3,S
2021-06-04T09:20:13,3000.0,11.3,S
2021-06-04T09:20:11,200.0,11.3,S
2021-06-04T09:20:10,100.0,11.3,S
2021-06-04T09:20:10,2000.0,11.3,S
2021-06-04T09:20:05,3000.0,11.3,S
2021-06-04T09:20:01,100.0,11.3,S
2021-06-04T09:19:55,100.0,11.3,S
2021-06-04T09:19:54,200.0,11.3,S
2021-06-04T09:19:49,500.0,11.3,S
2021-06-04T09:19:47,4000.0,11.3,S
2021-06-04T09:19:46,1000.0,11.3,S
2021-06-04T09:19:41,6000.0,11.3,S
2021-06-04T09:19:40,100.0,11.3,S
2021-06-04T09:19:40,900.0,11.3,S
2021-06-04T09:19:40,4000.0,11.3,S
2021-06-04T09:19:39,100.0,11.3,S
2021-06-04T09:19:39,10000.0,11.3,S
2021-06-04T09:19:39,1000.0,11.3,S
2021-06-04T09:19:38,200.0,11.3,S
2021-06-04T09:19:34,10000.0,11.3,S
2021-06-04T09:19:34,1000.0,11.3,S
2021-06-04T09:19:32,2000.0,11.3,S
2021-06-04T09:19:22,1000.0,11.3,S
2021-06-04T09:19:20,300.0,11.2,S
2021-06-04T09:19:16,400.0,11.3,S
2021-06-04T09:19:16,500.0,11.2,S
2021-06-04T09:19:10,1000.0,11.2,S
2021-06-04T09:19:06,500.0,11.2,S
2021-06-04T09:19:03,100.0,11.3,S
2021-06-04T09:19:02,5400.0,11.3,S
2021-06-04T09:19:01,300.0,11.3,S
2021-06-04T09:19:00,500.0,11.3,S
2021-06-04T09:18:56,200.0,11.3,S
2021-06-04T09:18:54,9000.0,11.3,S
2021-06-04T09:18:53,100.0,11.3,S
2021-06-04T09:18:46,5000.0,11.3,S
2021-06-04T09:18:43,2000.0,11.3,S
2021-06-04T09:18:41,1100.0,11.3,S
2021-06-04T09:18:40,2000.0,11.3,S
2021-06-04T09:18:39,5000.0,11.3,S
2021-06-04T09:18:37,200.0,11.3,S
2021-06-04T09:18:36,200.0,11.2,S
2021-06-04T09:18:34,5000.0,11.3,S
2021-06-04T09:18:32,600.0,11.3,S
2021-06-04T09:18:32,400.0,11.3,S
2021-06-04T09:18:31,2000.0,11.3,S
2021-06-04T09:18:27,300.0,11.3,S
2021-06-04T09:18:24,2000.0,11.3,S
2021-06-04T09:18:15,100.0,11.3,S
2021-06-04T09:18:14,1000.0,11.3,S
2021-06-04T09:18:13,200.0,11.3,S
2021-06-04T09:18:11,100.0,11.3,S
2021-06-04T09:18:10,100.0,11.3,S
2021-06-04T09:18:06,300.0,11.3,S
2021-06-04T09:18:06,2200.0,11.3,S
2021-06-04T09:18:06,300.0,11.3,S
2021-06-04T09:18:06,100.0,11.3,S
2021-06-04T09:18:06,900.0,11.3,S
2021-06-04T09:18:06,900.0,11.3,S
2021-06-04T09:18:06,600.0,11.3,S
2021-06-04T09:18:06,100.0,11.3,S
2021-06-04T09:18:06,300.0,11.3,S
2021-06-04T09:18:06,6100.0,11.3,S
2021-06-04T09:18:06,100.0,11.3,S
2021-06-04T09:18:06,200.0,11.3,S
2021-06-04T09:17:52,500.0,11.3,S
2021-06-04T09:17:52,500.0,11.2,S
2021-06-04T09:17:36,100.0,11.3,S
2021-06-04T09:17:19,1600.0,11.3,S
2021-06-04T09:17:18,100.0,11.3,S
2021-06-04T09:17:15,900.0,11.3,S
2021-06-04T09:17:10,1000.0,11.3,S
2021-06-04T09:17:06,100.0,11.3,S
2021-06-04T09:17:03,8600.0,11.35,B
2021-06-04T09:17:00,100.0,11.3,S
2021-06-04T09:17:00,4300.0,11.3,S
2021-06-04T09:17:00,1700.0,11.3,S
2021-06-04T09:17:00,3100.0,11.3,S
2021-06-04T09:17:00,4400.0,11.3,S
2021-06-04T09:16:55,8500.0,11.3,S
2021-06-04T09:16:55,1000.0,11.3,S
2021-06-04T09:16:54,100.0,11.3,S
2021-06-04T09:16:54,2300.0,11.35,B
2021-06-04T09:16:53,200.0,11.3,S
2021-06-04T09:16:51,1500.0,11.35,B
2021-06-04T09:16:47,4500.0,11.35,B
2021-06-04T09:16:46,2000.0,11.35,B
2021-06-04T09:16:41,800.0,11.35,B
2021-06-04T09:16:41,2000.0,11.35,B
2021-06-04T09:16:40,1100.0,11.3,S
2021-06-04T09:16:39,900.0,11.3,S
2021-06-04T09:16:26,2600.0,11.35,B
2021-06-04T09:16:25,10000.0,11.35,B
2021-06-04T09:16:21,2000.0,11.35,B
2021-06-04T09:16:18,1000.0,11.35,B
2021-06-04T09:16:14,1000.0,11.3,S
2021-06-04T09:16:09,10000.0,11.35,B
2021-06-04T09:15:58,200.0,11.3,S
2021-06-04T09:15:55,2000.0,11.35,B
2021-06-04T09:15:53,3600.0,11.3,S
2021-06-04T09:15:53,2400.0,11.3,S
2021-06-04T09:15:44,2500.0,11.35,B
2021-06-04T09:15:42,1400.0,11.3,S
2021-06-04T09:15:41,500.0,11.3,S
2021-06-04T09:15:41,200.0,11.35,B
2021-06-04T09:15:41,2000.0,11.35,B
2021-06-04T09:15:41,500.0,11.35,B
2021-06-04T09:15:41,500.0,11.3,S
2021-06-04T09:15:41,100.0,11.35,B
2021-06-04T09:15:41,1000.0,11.35,B
2021-06-04T09:15:40,200.0,11.35,B
