tradingTime,volume,price,side
2021-06-04T14:27:02,500.0,17.8,B
2021-06-04T14:23:44,500.0,17.8,B
2021-06-04T14:23:17,23800.0,17.75,S
2021-06-04T14:23:17,2000.0,17.75,S
2021-06-04T14:23:17,200.0,17.75,S
2021-06-04T14:23:17,14000.0,17.75,S
2021-06-04T14:23:10,500.0,17.8,B
2021-06-04T14:22:42,500.0,17.8,B
2021-06-04T14:22:35,100.0,17.8,B
2021-06-04T14:21:53,400.0,17.8,B
2021-06-04T14:21:40,100.0,17.8,B
2021-06-04T14:20:53,100.0,17.8,B
2021-06-04T14:20:50,300.0,17.8,B
2021-06-04T14:20:37,1000.0,17.8,B
2021-06-04T14:20:10,100.0,17.75,S
2021-06-04T14:20:10,200.0,17.8,B
2021-06-04T14:20:01,200.0,17.75,S
2021-06-04T14:19:14,100.0,17.8,B
2021-06-04T14:18:50,6000.0,17.75,S
2021-06-04T14:18:43,25200.0,17.75,S
2021-06-04T14:17:41,100.0,17.75,B
2021-06-04T14:16:29,3000.0,17.75,B
2021-06-04T14:15:36,1000.0,17.75,B
2021-06-04T14:15:33,1600.0,17.75,B
2021-06-04T14:15:33,4400.0,17.75,B
2021-06-04T14:15:33,600.0,17.75,B
2021-06-04T14:15:33,3600.0,17.75,B
2021-06-04T14:15:33,1000.0,17.75,B
2021-06-04T14:15:33,12900.0,17.75,B
2021-06-04T14:15:15,100.0,17.75,B
2021-06-04T14:15:05,10000.0,17.75,B
2021-06-04T14:14:13,1000.0,17.75,B
2021-06-04T14:13:47,200.0,17.7,S
2021-06-04T14:13:13,4000.0,17.75,B
2021-06-04T14:12:08,10000.0,17.75,B
2021-06-04T14:12:06,200.0,17.7,S
2021-06-04T14:11:17,1000.0,17.7,S
2021-06-04T14:10:41,300.0,17.7,S
2021-06-04T14:10:35,2000.0,17.75,B
2021-06-04T14:10:33,500.0,17.75,B
2021-06-04T14:09:31,100.0,17.75,B
2021-06-04T14:09:31,2300.0,17.7,S
2021-06-04T14:09:31,4200.0,17.7,S
2021-06-04T14:09:29,2000.0,17.7,S
2021-06-04T14:09:24,2000.0,17.75,B
2021-06-04T14:09:21,200.0,17.75,B
2021-06-04T14:09:20,1000.0,17.75,B
2021-06-04T14:09:02,900.0,17.75,B
2021-06-04T14:08:58,1000.0,17.75,B
2021-06-04T14:08:33,100.0,17.75,B
2021-06-04T14:08:30,400.0,17.75,B
2021-06-04T14:08:25,1000.0,17.75,B
2021-06-04T14:08:02,500.0,17.75,B
2021-06-04T14:08:00,100.0,17.7,S
2021-06-04T14:07:58,2000.0,17.75,B
2021-06-04T14:07:23,500.0,17.75,B
2021-06-04T14:07:01,1000.0,17.75,B
2021-06-04T14:06:02,600.0,17.75,B
2021-06-04T14:05:42,7300.0,17.75,B
2021-06-04T14:05:02,500.0,17.75,B
2021-06-04T14:04:28,100.0,17.75,B
2021-06-04T14:04:28,100.0,17.7,S
2021-06-04T14:04:22,5000.0,17.75,B
2021-06-04T14:04:10,100.0,17.75,B
2021-06-04T14:04:00,100.0,17.7,S
2021-06-04T14:03:59,4100.0,17.75,B
2021-06-04T14:03:55,200.0,17.75,B
2021-06-04T14:03:47,500.0,17.7,S
2021-06-04T14:03:26,200.0,17.75,B
2021-06-04T14:02:25,700.0,17.7,S
2021-06-04T14:02:06,500.0,17.75,B
2021-06-04T14:01:56,500.0,17.75,B
2021-06-04T14:01:54,100.0,17.75,B
2021-06-04T14:01:33,300.0,17.75,B
2021-06-04T14:01:27,500.0,17.75,B
2021-06-04T14:01:12,1000.0,17.7,S
2021-06-04T14:00:46,300.0,17.75,B
2021-06-04T14:00:34,1000.0,17.7,S
2021-06-04T14:00:18,2000.0,17.75,B
2021-06-04T14:00:14,200.0,17.75,B
2021-06-04T13:59:40,2200.0,17.75,B
2021-06-04T13:59:38,1000.0,17.7,S
2021-06-04T13:59:37,100.0,17.75,B
2021-06-04T13:59:25,500.0,17.75,B
2021-06-04T13:59:22,100.0,17.75,B
2021-06-04T13:59:17,100.0,17.75,B
2021-06-04T13:59:16,8600.0,17.75,B
2021-06-04T13:59:10,1000.0,17.75,B
2021-06-04T13:58:56,2000.0,17.75,B
2021-06-04T13:58:33,2000.0,17.75,B
2021-06-04T13:57:19,500.0,17.75,B
2021-06-04T13:57:16,400.0,17.75,B
2021-06-04T13:57:15,5000.0,17.75,B
2021-06-04T13:57:02,400.0,17.75,B
2021-06-04T13:56:38,1000.0,17.75,B
2021-06-04T13:56:35,200.0,17.75,B
2021-06-04T13:56:18,100.0,17.75,B
2021-06-04T13:56:13,500.0,17.75,B
2021-06-04T13:56:05,800.0,17.75,B
2021-06-04T13:55:33,100.0,17.75,S
2021-06-04T13:55:17,1800.0,17.75,S
2021-06-04T13:54:59,300.0,17.8,B
2021-06-04T13:54:44,10400.0,17.8,B
2021-06-04T13:54:44,19800.0,17.8,B
2021-06-04T13:54:42,18200.0,17.75,S
2021-06-04T13:54:26,500.0,17.8,B
2021-06-04T13:54:21,500.0,17.8,B
2021-06-04T13:54:01,600.0,17.8,B
2021-06-04T13:53:19,2000.0,17.8,B
2021-06-04T13:53:11,1000.0,17.8,B
2021-06-04T13:53:11,500.0,17.8,B
2021-06-04T13:53:06,300.0,17.8,B
2021-06-04T13:53:05,5800.0,17.65,S
2021-06-04T13:53:05,1600.0,17.7,S
2021-06-04T13:53:05,8700.0,17.7,S
2021-06-04T13:53:05,1000.0,17.7,S
2021-06-04T13:53:05,1000.0,17.7,S
2021-06-04T13:53:05,100.0,17.7,S
2021-06-04T13:53:05,1100.0,17.7,S
2021-06-04T13:53:05,9700.0,17.7,S
2021-06-04T13:53:05,100.0,17.7,S
2021-06-04T13:53:05,1200.0,17.7,S
2021-06-04T13:53:05,7600.0,17.7,S
2021-06-04T13:53:04,400.0,17.7,S
2021-06-04T13:53:04,3000.0,17.7,S
2021-06-04T13:53:04,200.0,17.7,S
2021-06-04T13:53:04,4100.0,17.7,S
2021-06-04T13:53:04,400.0,17.7,S
2021-06-04T13:53:04,700.0,17.7,S
2021-06-04T13:53:04,1200.0,17.7,S
2021-06-04T13:53:04,10400.0,17.7,S
2021-06-04T13:53:04,600.0,17.7,S
2021-06-04T13:53:03,400.0,17.7,S
2021-06-04T13:53:03,3600.0,17.7,S
2021-06-04T13:53:03,100.0,17.7,S
2021-06-04T13:53:03,30900.0,17.7,S
2021-06-04T13:53:03,500.0,17.75,S
2021-06-04T13:53:03,200.0,17.75,S
2021-06-04T13:53:03,4200.0,17.75,S
2021-06-04T13:53:03,1200.0,17.8,B
2021-06-04T13:53:00,2800.0,17.8,B
2021-06-04T13:52:51,200.0,17.8,B
2021-06-04T13:52:49,1300.0,17.75,S
2021-06-04T13:52:49,1600.0,17.75,S
2021-06-04T13:52:49,1600.0,17.75,S
2021-06-04T13:52:49,1000.0,17.75,S
2021-06-04T13:52:49,5200.0,17.75,S
2021-06-04T13:52:49,1000.0,17.75,S
2021-06-04T13:52:48,200.0,17.75,S
2021-06-04T13:52:48,43000.0,17.75,S
2021-06-04T13:52:48,1000.0,17.75,S
2021-06-04T13:52:39,1200.0,17.85,B
2021-06-04T13:52:39,1800.0,17.8,B
2021-06-04T13:52:07,1000.0,17.8,B
2021-06-04T13:51:27,1000.0,17.75,S
2021-06-04T13:51:27,1500.0,17.75,S
2021-06-04T13:51:27,6200.0,17.75,S
2021-06-04T13:51:27,13000.0,17.75,S
2021-06-04T13:51:26,43300.0,17.75,S
2021-06-04T13:51:14,2200.0,17.8,B
2021-06-04T13:51:12,800.0,17.8,B
2021-06-04T13:51:11,500.0,17.8,B
2021-06-04T13:51:09,100.0,17.75,S
2021-06-04T13:50:41,1300.0,17.8,B
2021-06-04T13:50:28,10000.0,17.8,B
2021-06-04T13:50:22,500.0,17.8,B
2021-06-04T13:49:59,1900.0,17.8,B
2021-06-04T13:49:54,100.0,17.8,B
2021-06-04T13:49:50,50000.0,17.75,S
2021-06-04T13:49:32,100.0,17.8,B
2021-06-04T13:49:19,2100.0,17.8,B
2021-06-04T13:48:43,1000.0,17.75,S
2021-06-04T13:48:36,5000.0,17.8,B
2021-06-04T13:48:27,1000.0,17.8,B
2021-06-04T13:48:10,100.0,17.8,B
2021-06-04T13:47:53,2000.0,17.8,B
2021-06-04T13:47:18,500.0,17.8,B
2021-06-04T13:47:15,400.0,17.8,B
2021-06-04T13:47:02,600.0,17.8,B
2021-06-04T13:46:53,500.0,17.8,B
2021-06-04T13:46:42,300.0,17.8,B
2021-06-04T13:46:13,500.0,17.8,B
2021-06-04T13:46:09,1000.0,17.8,B
2021-06-04T13:45:30,200.0,17.8,B
2021-06-04T13:45:18,500.0,17.8,B
2021-06-04T13:44:51,2000.0,17.8,S
2021-06-04T13:44:45,500.0,17.8,S
2021-06-04T13:44:45,4700.0,17.8,S
2021-06-04T13:44:36,1000.0,17.8,S
2021-06-04T13:44:36,2000.0,17.8,S
2021-06-04T13:44:35,100.0,17.85,B
2021-06-04T13:44:27,3500.0,17.8,S
2021-06-04T13:43:54,200.0,17.8,S
2021-06-04T13:43:53,200.0,17.8,S
2021-06-04T13:43:49,6000.0,17.8,S
2021-06-04T13:42:55,10400.0,17.8,B
2021-06-04T13:42:41,900.0,17.8,B
2021-06-04T13:42:32,1000.0,17.8,B
2021-06-04T13:42:23,200.0,17.75,S
2021-06-04T13:42:20,10000.0,17.8,B
2021-06-04T13:42:05,3000.0,17.8,B
2021-06-04T13:42:03,100.0,17.8,B
2021-06-04T13:41:58,1000.0,17.8,B
2021-06-04T13:41:55,3000.0,17.8,B
2021-06-04T13:41:43,1700.0,17.8,B
2021-06-04T13:41:23,100.0,17.8,B
2021-06-04T13:40:54,200.0,17.8,S
2021-06-04T13:40:51,500.0,17.8,S
2021-06-04T13:40:50,5000.0,17.8,S
2021-06-04T13:40:40,500.0,17.8,S
2021-06-04T13:40:39,24500.0,17.8,S
2021-06-04T13:40:39,5000.0,17.8,S
2021-06-04T13:40:38,3300.0,17.85,B
2021-06-04T13:40:25,300.0,17.85,B
2021-06-04T13:40:23,200.0,17.8,S
2021-06-04T13:39:57,4100.0,17.8,S
2021-06-04T13:39:10,1500.0,17.85,B
2021-06-04T13:39:10,3300.0,17.85,B
2021-06-04T13:39:07,100.0,17.85,B
2021-06-04T13:38:25,4000.0,17.85,B
2021-06-04T13:38:10,2000.0,17.85,B
2021-06-04T13:37:48,1000.0,17.85,B
2021-06-04T13:37:31,100.0,17.85,B
2021-06-04T13:37:15,1000.0,17.85,B
2021-06-04T13:37:13,1200.0,17.8,S
2021-06-04T13:37:13,3800.0,17.8,S
2021-06-04T13:36:58,200.0,17.85,B
2021-06-04T13:36:38,200.0,17.8,S
2021-06-04T13:36:36,1000.0,17.85,B
2021-06-04T13:36:35,500.0,17.85,B
2021-06-04T13:36:02,5000.0,17.8,S
2021-06-04T13:35:46,100.0,17.8,S
2021-06-04T13:35:06,3000.0,17.85,B
2021-06-04T13:35:06,3000.0,17.85,B
2021-06-04T13:34:25,100.0,17.85,B
2021-06-04T13:34:06,2000.0,17.85,B
2021-06-04T13:33:59,100.0,17.85,B
2021-06-04T13:33:52,1000.0,17.85,B
2021-06-04T13:33:23,10000.0,17.8,S
2021-06-04T13:33:08,200.0,17.85,B
2021-06-04T13:33:04,500.0,17.8,B
2021-06-04T13:32:50,2000.0,17.8,B
2021-06-04T13:32:50,1200.0,17.8,B
2021-06-04T13:32:50,3700.0,17.8,B
2021-06-04T13:32:48,10000.0,17.75,S
2021-06-04T13:32:46,1000.0,17.8,B
2021-06-04T13:32:37,1000.0,17.8,B
2021-06-04T13:31:58,3000.0,17.8,B
2021-06-04T13:31:50,1000.0,17.8,B
2021-06-04T13:31:43,600.0,17.8,B
2021-06-04T13:31:43,1000.0,17.8,B
2021-06-04T13:31:41,7900.0,17.8,B
2021-06-04T13:31:17,2100.0,17.8,B
2021-06-04T13:31:15,200.0,17.8,B
2021-06-04T13:31:10,1100.0,17.8,B
2021-06-04T13:31:01,1000.0,17.8,B
2021-06-04T13:30:54,1000.0,17.8,B
2021-06-04T13:30:53,300.0,17.8,B
2021-06-04T13:30:52,1000.0,17.8,B
2021-06-04T13:30:44,2000.0,17.8,B
2021-06-04T13:30:28,5700.0,17.8,B
2021-06-04T13:30:28,1000.0,17.8,B
2021-06-04T13:30:25,1000.0,17.8,B
2021-06-04T13:30:21,1000.0,17.8,B
2021-06-04T13:29:22,500.0,17.8,B
2021-06-04T13:29:00,300.0,17.8,B
2021-06-04T13:28:49,300.0,17.8,B
2021-06-04T13:28:39,100.0,17.8,B
2021-06-04T13:28:37,9000.0,17.75,S
2021-06-04T13:28:30,1000.0,17.8,B
2021-06-04T13:28:07,20000.0,17.8,B
2021-06-04T13:27:56,1000.0,17.8,B
2021-06-04T13:27:46,10000.0,17.8,B
2021-06-04T13:27:35,500.0,17.8,B
2021-06-04T13:27:30,2600.0,17.75,S
2021-06-04T13:27:24,200.0,17.75,S
2021-06-04T13:27:24,700.0,17.75,S
2021-06-04T13:27:17,700.0,17.8,B
2021-06-04T13:27:14,2000.0,17.8,B
2021-06-04T13:27:07,100.0,17.8,B
2021-06-04T13:27:06,2000.0,17.8,B
2021-06-04T13:27:03,2000.0,17.8,B
2021-06-04T13:27:02,100.0,17.8,B
2021-06-04T13:27:01,1400.0,17.8,B
2021-06-04T13:26:59,20000.0,17.8,B
2021-06-04T13:26:58,1000.0,17.8,B
2021-06-04T13:26:52,500.0,17.8,B
2021-06-04T13:26:49,1300.0,17.75,S
2021-06-04T13:26:46,100.0,17.8,B
2021-06-04T13:26:44,500.0,17.75,S
2021-06-04T13:26:27,1000.0,17.8,B
2021-06-04T13:26:17,3300.0,17.8,B
2021-06-04T13:26:17,1500.0,17.8,B
2021-06-04T13:26:14,300.0,17.8,B
2021-06-04T13:26:11,100.0,17.8,B
2021-06-04T13:26:07,300.0,17.8,B
2021-06-04T13:25:53,2000.0,17.8,B
2021-06-04T13:25:40,1000.0,17.8,B
2021-06-04T13:25:30,500.0,17.8,B
2021-06-04T13:25:28,4300.0,17.8,B
2021-06-04T13:25:18,300.0,17.8,B
2021-06-04T13:24:59,500.0,17.8,B
2021-06-04T13:24:57,1000.0,17.8,B
2021-06-04T13:24:46,400.0,17.8,B
2021-06-04T13:24:40,2000.0,17.75,S
2021-06-04T13:24:38,1000.0,17.8,B
2021-06-04T13:24:36,100.0,17.8,B
2021-06-04T13:24:29,500.0,17.8,B
2021-06-04T13:24:15,5000.0,17.75,S
2021-06-04T13:24:11,500.0,17.8,B
2021-06-04T13:24:03,2000.0,17.8,B
2021-06-04T13:24:02,1000.0,17.8,B
2021-06-04T13:23:58,500.0,17.8,B
2021-06-04T13:23:24,5000.0,17.8,B
2021-06-04T13:23:20,300.0,17.8,B
2021-06-04T13:23:04,200.0,17.8,B
2021-06-04T13:23:00,500.0,17.8,B
2021-06-04T13:22:52,5000.0,17.8,B
2021-06-04T13:22:45,1000.0,17.8,B
2021-06-04T13:22:43,1000.0,17.8,B
2021-06-04T13:22:27,2000.0,17.8,B
2021-06-04T13:22:23,300.0,17.8,B
2021-06-04T13:22:20,200.0,17.8,B
2021-06-04T13:22:16,13000.0,17.8,B
2021-06-04T13:22:01,3300.0,17.8,B
2021-06-04T13:21:48,100.0,17.8,B
2021-06-04T13:21:32,100.0,17.8,B
2021-06-04T13:21:20,3500.0,17.8,B
2021-06-04T13:21:06,20000.0,17.8,B
2021-06-04T13:21:01,2000.0,17.8,B
2021-06-04T13:20:58,500.0,17.75,S
2021-06-04T13:20:56,300.0,17.8,B
2021-06-04T13:20:34,2400.0,17.8,B
2021-06-04T13:20:10,400.0,17.8,B
2021-06-04T13:19:55,2300.0,17.8,B
2021-06-04T13:19:55,500.0,17.8,B
2021-06-04T13:19:55,2200.0,17.8,B
2021-06-04T13:19:50,1000.0,17.8,B
2021-06-04T13:19:36,1000.0,17.8,B
2021-06-04T13:19:35,2900.0,17.75,S
2021-06-04T13:19:35,1400.0,17.75,S
2021-06-04T13:19:35,1800.0,17.75,S
2021-06-04T13:19:35,2600.0,17.75,S
2021-06-04T13:19:35,18300.0,17.75,S
2021-06-04T13:19:17,100.0,17.75,S
2021-06-04T13:19:15,300.0,17.8,B
2021-06-04T13:18:59,4000.0,17.8,B
2021-06-04T13:18:44,500.0,17.8,B
2021-06-04T13:18:25,10000.0,17.75,S
2021-06-04T13:17:40,200.0,17.8,B
2021-06-04T13:17:35,10000.0,17.8,B
2021-06-04T13:16:52,4900.0,17.8,B
2021-06-04T13:15:13,500.0,17.75,S
2021-06-04T13:15:12,2000.0,17.8,B
2021-06-04T13:14:59,8000.0,17.75,S
2021-06-04T13:14:36,1000.0,17.8,B
2021-06-04T13:14:35,9500.0,17.75,S
2021-06-04T13:13:51,400.0,17.75,S
2021-06-04T13:13:37,2000.0,17.8,B
2021-06-04T13:13:20,1800.0,17.75,S
2021-06-04T13:13:08,2000.0,17.8,B
2021-06-04T13:12:57,300.0,17.8,B
2021-06-04T13:12:39,500.0,17.75,S
2021-06-04T13:12:39,4500.0,17.75,S
2021-06-04T13:12:31,1000.0,17.75,S
2021-06-04T13:12:19,500.0,17.8,B
2021-06-04T13:11:58,500.0,17.8,B
2021-06-04T13:11:53,1300.0,17.75,S
2021-06-04T13:11:09,500.0,17.8,S
2021-06-04T13:10:33,6400.0,17.75,S
2021-06-04T13:10:14,9300.0,17.8,S
2021-06-04T13:10:04,5000.0,17.8,S
2021-06-04T13:09:57,10000.0,17.8,S
2021-06-04T13:09:53,400.0,17.75,S
2021-06-04T13:09:34,100.0,17.8,S
2021-06-04T13:09:34,800.0,17.8,S
2021-06-04T13:09:31,17200.0,17.8,S
2021-06-04T13:08:55,1500.0,17.75,S
2021-06-04T13:08:50,3000.0,17.75,S
2021-06-04T13:08:47,5200.0,17.8,S
2021-06-04T13:08:47,1200.0,17.8,S
2021-06-04T13:08:47,700.0,17.8,S
2021-06-04T13:08:47,1400.0,17.8,S
2021-06-04T13:08:47,1000.0,17.8,S
2021-06-04T13:08:47,36400.0,17.8,S
2021-06-04T13:08:47,1400.0,17.8,S
2021-06-04T13:08:47,3400.0,17.8,S
2021-06-04T13:08:46,1400.0,17.8,S
2021-06-04T13:08:46,5400.0,17.8,S
2021-06-04T13:08:46,8500.0,17.8,S
2021-06-04T13:08:46,2600.0,17.8,S
2021-06-04T13:08:46,5500.0,17.8,S
2021-06-04T13:08:46,5000.0,17.8,S
2021-06-04T13:08:46,18400.0,17.8,S
2021-06-04T13:08:39,10000.0,17.8,S
2021-06-04T13:08:38,3000.0,17.8,S
2021-06-04T13:08:09,1000.0,17.8,S
2021-06-04T13:08:00,6600.0,17.8,S
2021-06-04T13:07:55,700.0,17.8,S
2021-06-04T13:07:55,600.0,17.8,S
2021-06-04T13:07:49,200.0,17.8,S
2021-06-04T13:07:46,2000.0,17.85,B
2021-06-04T13:07:18,200.0,17.8,S
2021-06-04T13:07:16,600.0,17.8,S
2021-06-04T13:07:16,2400.0,17.8,S
2021-06-04T13:06:56,2000.0,17.85,B
2021-06-04T13:06:50,200.0,17.8,S
2021-06-04T13:06:46,8200.0,17.8,S
2021-06-04T13:06:46,300.0,17.8,S
2021-06-04T13:06:46,1600.0,17.8,S
2021-06-04T13:06:46,2600.0,17.8,S
2021-06-04T13:06:46,700.0,17.8,S
2021-06-04T13:06:46,5000.0,17.8,S
2021-06-04T13:06:46,2000.0,17.8,S
2021-06-04T13:06:46,2200.0,17.8,S
2021-06-04T13:06:46,7000.0,17.8,S
2021-06-04T13:06:46,600.0,17.8,S
2021-06-04T13:06:46,1100.0,17.8,S
2021-06-04T13:06:45,300.0,17.8,S
2021-06-04T13:06:45,4100.0,17.8,S
2021-06-04T13:06:45,3300.0,17.8,S
2021-06-04T13:06:45,14500.0,17.8,S
2021-06-04T13:06:45,2900.0,17.8,S
2021-06-04T13:06:45,300.0,17.8,S
2021-06-04T13:06:45,2900.0,17.8,S
2021-06-04T13:06:45,400.0,17.8,S
2021-06-04T13:06:45,48000.0,17.8,S
2021-06-04T13:06:28,400.0,17.8,S
2021-06-04T13:06:22,1000.0,17.8,S
2021-06-04T13:06:14,1000.0,17.85,B
2021-06-04T13:06:01,500.0,17.8,S
2021-06-04T13:05:56,1100.0,17.8,S
2021-06-04T13:05:56,800.0,17.8,S
2021-06-04T13:05:56,200.0,17.8,S
2021-06-04T13:05:55,8900.0,17.8,S
2021-06-04T13:05:20,500.0,17.8,S
2021-06-04T13:05:05,5000.0,17.8,S
2021-06-04T13:04:39,2100.0,17.8,S
2021-06-04T13:04:39,100.0,17.8,S
2021-06-04T13:04:39,2800.0,17.8,S
2021-06-04T13:04:04,2500.0,17.8,S
2021-06-04T13:03:53,400.0,17.85,B
2021-06-04T13:03:44,2000.0,17.85,B
2021-06-04T13:03:16,500.0,17.85,B
2021-06-04T13:03:09,1200.0,17.8,S
2021-06-04T13:03:03,1000.0,17.8,S
2021-06-04T13:03:02,100.0,17.8,S
2021-06-04T13:03:02,400.0,17.8,S
2021-06-04T13:02:52,300.0,17.85,B
2021-06-04T13:02:42,2000.0,17.8,S
2021-06-04T13:01:38,200.0,17.8,S
2021-06-04T13:01:38,300.0,17.8,S
2021-06-04T13:01:35,300.0,17.8,S
2021-06-04T13:01:12,800.0,17.85,B
2021-06-04T13:00:20,400.0,17.8,S
2021-06-04T13:00:20,100.0,17.8,S
2021-06-04T13:00:20,10400.0,17.8,S
2021-06-04T13:00:20,400.0,17.8,S
2021-06-04T13:00:20,30700.0,17.8,S
2021-06-04T13:00:16,100.0,17.8,S
2021-06-04T13:00:16,200.0,17.8,S
2021-06-04T13:00:14,4600.0,17.8,S
2021-06-04T13:00:14,300.0,17.8,S
2021-06-04T13:00:14,100.0,17.8,S
2021-06-04T11:31:04,2500.0,17.8,S
2021-06-04T11:30:59,100.0,17.85,S
2021-06-04T11:30:54,200.0,17.85,S
2021-06-04T11:30:54,2500.0,17.85,S
2021-06-04T11:30:44,500.0,17.85,S
2021-06-04T11:30:34,6700.0,17.85,S
2021-06-04T11:29:50,100.0,17.85,S
2021-06-04T11:29:15,14900.0,17.85,S
2021-06-04T11:29:02,10000.0,17.8,S
2021-06-04T11:29:00,100.0,17.85,S
2021-06-04T11:29:00,5000.0,17.85,S
2021-06-04T11:28:53,1900.0,17.85,S
2021-06-04T11:28:53,23400.0,17.85,S
2021-06-04T11:28:53,3800.0,17.85,S
2021-06-04T11:28:53,3500.0,17.85,S
2021-06-04T11:28:53,1000.0,17.85,S
2021-06-04T11:28:53,6200.0,17.85,S
2021-06-04T11:28:53,4900.0,17.85,S
2021-06-04T11:28:53,33800.0,17.85,S
2021-06-04T11:28:53,2000.0,17.85,S
2021-06-04T11:28:53,500.0,17.85,S
2021-06-04T11:28:53,500.0,17.85,S
2021-06-04T11:28:53,15700.0,17.85,S
2021-06-04T11:28:53,14000.0,17.85,S
2021-06-04T11:28:53,2100.0,17.85,S
2021-06-04T11:28:53,5500.0,17.85,S
2021-06-04T11:28:53,1000.0,17.85,S
2021-06-04T11:28:53,8300.0,17.85,S
2021-06-04T11:28:53,20300.0,17.85,S
2021-06-04T11:28:53,400.0,17.85,S
2021-06-04T11:28:53,51200.0,17.85,S
2021-06-04T11:28:46,500.0,17.85,S
2021-06-04T11:28:24,500.0,17.9,B
2021-06-04T11:28:17,5000.0,17.85,S
2021-06-04T11:28:02,10000.0,17.9,B
2021-06-04T11:27:52,3000.0,17.85,S
2021-06-04T11:27:32,1700.0,17.9,B
2021-06-04T11:27:20,20000.0,17.9,B
2021-06-04T11:27:01,2000.0,17.85,S
2021-06-04T11:26:34,2000.0,17.85,S
2021-06-04T11:25:19,200.0,17.85,S
2021-06-04T11:25:07,1900.0,17.85,S
2021-06-04T11:24:54,200.0,17.9,B
2021-06-04T11:24:35,2500.0,17.85,S
2021-06-04T11:24:20,12000.0,17.85,S
2021-06-04T11:23:38,500.0,17.85,S
2021-06-04T11:23:33,100.0,17.85,S
2021-06-04T11:22:53,6000.0,17.85,S
2021-06-04T11:22:43,3000.0,17.85,S
2021-06-04T11:22:37,2000.0,17.85,S
2021-06-04T11:22:32,5000.0,17.85,S
2021-06-04T11:22:30,800.0,17.85,S
2021-06-04T11:22:24,100.0,17.85,S
2021-06-04T11:21:55,5000.0,17.85,S
2021-06-04T11:21:49,100.0,17.9,B
2021-06-04T11:21:39,3300.0,17.9,B
2021-06-04T11:21:36,6000.0,17.85,S
2021-06-04T11:21:31,20000.0,17.85,S
2021-06-04T11:21:19,5000.0,17.85,S
2021-06-04T11:21:16,500.0,17.9,B
2021-06-04T11:19:02,200.0,17.9,B
2021-06-04T11:18:55,1000.0,17.85,S
2021-06-04T11:18:33,10000.0,17.9,S
2021-06-04T11:18:28,300.0,17.85,S
2021-06-04T11:17:47,2000.0,17.9,S
2021-06-04T11:17:45,1000.0,17.85,S
2021-06-04T11:17:40,3300.0,17.9,S
2021-06-04T11:17:17,5000.0,17.85,S
2021-06-04T11:16:57,200.0,17.9,S
2021-06-04T11:16:28,100.0,17.9,S
2021-06-04T11:15:32,2100.0,17.9,S
2021-06-04T11:15:32,1200.0,17.9,S
2021-06-04T11:15:29,100.0,17.9,S
2021-06-04T11:14:33,2900.0,17.9,S
2021-06-04T11:14:26,2000.0,17.9,S
2021-06-04T11:14:18,500.0,17.9,S
2021-06-04T11:14:17,500.0,17.9,S
2021-06-04T11:14:11,2100.0,17.9,S
2021-06-04T11:14:04,400.0,17.9,S
2021-06-04T11:13:59,2000.0,17.9,S
2021-06-04T11:13:55,1000.0,17.9,S
2021-06-04T11:13:31,5000.0,17.95,B
2021-06-04T11:13:26,3500.0,17.9,S
2021-06-04T11:13:24,10000.0,17.9,S
2021-06-04T11:13:13,3000.0,17.9,S
2021-06-04T11:13:04,1500.0,17.9,S
2021-06-04T11:13:03,2000.0,17.9,S
2021-06-04T11:12:54,10000.0,17.9,S
2021-06-04T11:12:54,10000.0,17.9,S
2021-06-04T11:12:16,2700.0,17.9,S
2021-06-04T11:12:16,7300.0,17.9,S
2021-06-04T11:12:09,100.0,17.9,S
2021-06-04T11:12:00,100.0,17.9,S
2021-06-04T11:11:38,2000.0,17.9,S
2021-06-04T11:11:28,600.0,17.9,S
2021-06-04T11:11:27,400.0,17.9,S
2021-06-04T11:11:15,5000.0,17.9,S
2021-06-04T11:11:12,1000.0,17.9,S
2021-06-04T11:10:48,800.0,17.9,S
2021-06-04T11:10:46,100.0,17.9,S
2021-06-04T11:10:34,500.0,17.9,S
2021-06-04T11:09:41,3000.0,17.9,S
2021-06-04T11:09:25,900.0,17.9,S
2021-06-04T11:09:05,1700.0,17.9,S
2021-06-04T11:08:34,2000.0,17.9,S
2021-06-04T11:08:28,20600.0,17.9,S
2021-06-04T11:08:28,100.0,17.9,S
2021-06-04T11:08:28,19300.0,17.9,S
2021-06-04T11:08:25,100.0,17.9,S
2021-06-04T11:08:23,10000.0,17.9,S
2021-06-04T11:07:07,5000.0,17.9,S
2021-06-04T11:07:05,19000.0,17.9,S
2021-06-04T11:07:05,300.0,17.9,S
2021-06-04T11:07:03,1000.0,17.9,S
2021-06-04T11:06:49,3000.0,17.9,S
2021-06-04T11:06:49,1200.0,17.9,S
2021-06-04T11:06:49,5800.0,17.9,S
2021-06-04T11:06:48,1000.0,17.9,S
2021-06-04T11:06:46,300.0,17.9,S
2021-06-04T11:06:44,200.0,17.9,S
2021-06-04T11:06:30,600.0,17.9,S
2021-06-04T11:06:06,500.0,17.9,S
2021-06-04T11:06:06,1200.0,17.9,S
2021-06-04T11:06:06,3300.0,17.9,S
2021-06-04T11:05:59,2900.0,17.9,S
2021-06-04T11:05:59,1100.0,17.9,S
2021-06-04T11:05:41,6000.0,17.9,S
2021-06-04T11:05:37,5000.0,17.9,S
2021-06-04T11:05:34,400.0,17.9,S
2021-06-04T11:05:34,1200.0,17.9,S
2021-06-04T11:05:34,100.0,17.9,S
2021-06-04T11:05:33,3100.0,17.9,S
2021-06-04T11:05:33,200.0,17.9,S
2021-06-04T11:05:27,300.0,17.9,S
2021-06-04T11:05:03,10000.0,17.9,S
2021-06-04T11:04:54,300.0,17.95,B
2021-06-04T11:04:24,10600.0,17.9,S
2021-06-04T11:04:24,2000.0,17.9,S
2021-06-04T11:04:24,1800.0,17.9,S
2021-06-04T11:04:24,5600.0,17.9,S
2021-06-04T11:04:16,10000.0,17.9,S
2021-06-04T11:04:04,100.0,17.95,B
2021-06-04T11:03:48,10000.0,17.9,S
2021-06-04T11:03:11,3300.0,17.95,S
2021-06-04T11:03:07,3000.0,17.95,S
2021-06-04T11:03:04,400.0,17.95,S
2021-06-04T11:03:00,1500.0,17.95,S
2021-06-04T11:02:53,10000.0,17.9,S
2021-06-04T11:00:41,800.0,17.95,S
2021-06-04T11:00:40,200.0,17.95,S
2021-06-04T11:00:10,200.0,17.9,S
2021-06-04T11:00:01,100.0,17.95,S
2021-06-04T10:59:41,14300.0,17.95,S
2021-06-04T10:59:20,200.0,18.0,B
2021-06-04T10:59:09,400.0,17.95,S
2021-06-04T10:58:57,30000.0,17.95,S
2021-06-04T10:58:56,1000.0,17.95,S
2021-06-04T10:58:51,500.0,18.0,B
2021-06-04T10:58:17,200.0,17.95,S
2021-06-04T10:58:16,6000.0,17.95,S
2021-06-04T10:58:07,500.0,17.95,S
2021-06-04T10:57:52,300.0,17.95,S
2021-06-04T10:57:29,1100.0,18.0,B
2021-06-04T10:57:29,500.0,18.0,B
2021-06-04T10:57:29,400.0,18.0,B
2021-06-04T10:57:18,2100.0,18.0,B
2021-06-04T10:56:51,500.0,17.95,S
2021-06-04T10:56:43,2000.0,18.0,B
2021-06-04T10:56:29,8000.0,17.95,S
2021-06-04T10:56:13,100.0,18.0,B
2021-06-04T10:56:07,5000.0,17.95,S
2021-06-04T10:55:39,4000.0,18.0,B
2021-06-04T10:55:13,2100.0,17.95,S
2021-06-04T10:54:58,900.0,17.95,S
2021-06-04T10:54:37,1400.0,18.0,B
2021-06-04T10:54:34,100.0,17.95,S
2021-06-04T10:54:22,5000.0,18.0,B
2021-06-04T10:54:17,100.0,18.0,B
2021-06-04T10:53:52,5000.0,18.0,B
2021-06-04T10:53:08,1000.0,18.0,B
2021-06-04T10:53:01,18000.0,17.9,S
2021-06-04T10:52:40,1800.0,18.0,B
2021-06-04T10:52:40,1000.0,18.0,B
2021-06-04T10:52:40,500.0,18.0,B
2021-06-04T10:52:38,500.0,18.0,B
2021-06-04T10:52:22,10000.0,17.95,S
2021-06-04T10:52:16,3000.0,17.95,S
2021-06-04T10:51:56,200.0,17.95,S
2021-06-04T10:51:24,3800.0,17.95,S
2021-06-04T10:50:46,100.0,17.95,S
2021-06-04T10:50:04,100.0,17.95,S
2021-06-04T10:49:58,300.0,17.95,S
2021-06-04T10:49:56,700.0,17.95,S
2021-06-04T10:49:27,8700.0,17.95,S
2021-06-04T10:49:23,3800.0,17.95,S
2021-06-04T10:49:23,1200.0,17.95,S
2021-06-04T10:49:20,3000.0,18.0,B
2021-06-04T10:48:58,300.0,18.0,B
2021-06-04T10:48:03,1000.0,17.95,S
2021-06-04T10:48:01,500.0,18.0,B
2021-06-04T10:47:38,1000.0,17.95,S
2021-06-04T10:47:34,1500.0,17.95,S
2021-06-04T10:47:01,300.0,18.0,B
2021-06-04T10:46:30,1400.0,17.95,S
2021-06-04T10:44:11,1000.0,17.95,S
2021-06-04T10:44:02,100.0,17.95,S
2021-06-04T10:43:45,1000.0,18.0,B
2021-06-04T10:43:32,3900.0,17.95,S
2021-06-04T10:43:25,1000.0,17.95,S
2021-06-04T10:43:24,5000.0,17.9,S
2021-06-04T10:43:04,200.0,17.95,S
2021-06-04T10:42:55,500.0,17.95,S
2021-06-04T10:41:11,1000.0,17.95,S
2021-06-04T10:40:50,400.0,17.9,S
2021-06-04T10:40:32,5000.0,17.95,S
2021-06-04T10:40:31,13200.0,17.95,S
2021-06-04T10:39:58,1300.0,17.95,S
2021-06-04T10:39:12,5000.0,17.95,S
2021-06-04T10:39:00,200.0,17.95,S
2021-06-04T10:38:41,400.0,17.95,S
2021-06-04T10:38:35,200.0,17.95,S
2021-06-04T10:38:31,1000.0,17.95,S
2021-06-04T10:38:26,10700.0,17.95,S
2021-06-04T10:37:55,100.0,17.95,S
2021-06-04T10:36:34,3000.0,17.9,S
2021-06-04T10:36:34,1000.0,17.95,S
2021-06-04T10:36:06,5700.0,17.9,S
2021-06-04T10:35:52,100.0,18.0,B
2021-06-04T10:35:30,3000.0,17.95,S
2021-06-04T10:34:45,10000.0,18.0,B
2021-06-04T10:34:30,5000.0,17.95,S
2021-06-04T10:34:05,600.0,17.95,S
2021-06-04T10:34:04,500.0,17.95,S
2021-06-04T10:33:48,200.0,17.95,S
2021-06-04T10:33:43,900.0,17.95,S
2021-06-04T10:33:10,1100.0,17.95,S
2021-06-04T10:33:09,1000.0,17.95,S
2021-06-04T10:32:51,1000.0,17.95,S
2021-06-04T10:32:47,2600.0,17.95,S
2021-06-04T10:32:34,700.0,18.0,B
2021-06-04T10:32:32,500.0,17.95,S
2021-06-04T10:32:23,10000.0,17.9,S
2021-06-04T10:32:21,10000.0,18.0,B
2021-06-04T10:32:20,3000.0,17.9,S
2021-06-04T10:31:59,100.0,17.95,S
2021-06-04T10:31:52,300.0,18.0,B
2021-06-04T10:31:42,900.0,18.0,B
2021-06-04T10:31:40,200.0,17.95,S
2021-06-04T10:31:20,10000.0,18.0,B
2021-06-04T10:30:57,20000.0,18.0,B
2021-06-04T10:30:55,1000.0,17.95,S
2021-06-04T10:30:46,500.0,17.95,S
2021-06-04T10:29:29,1000.0,17.95,S
2021-06-04T10:29:16,1000.0,17.95,S
2021-06-04T10:29:11,500.0,17.95,S
2021-06-04T10:29:01,10000.0,18.0,B
2021-06-04T10:28:40,500.0,17.95,S
2021-06-04T10:28:39,100.0,17.95,S
2021-06-04T10:28:33,1000.0,17.95,S
2021-06-04T10:28:08,1000.0,17.95,S
2021-06-04T10:27:55,1000.0,17.95,S
2021-06-04T10:27:39,500.0,17.95,S
2021-06-04T10:27:28,100.0,17.9,S
2021-06-04T10:27:28,100.0,17.95,S
2021-06-04T10:27:09,2300.0,17.95,S
2021-06-04T10:26:30,5000.0,17.95,S
2021-06-04T10:25:40,100.0,17.95,S
2021-06-04T10:25:24,100.0,17.9,S
2021-06-04T10:25:20,1100.0,17.95,S
2021-06-04T10:24:38,500.0,18.0,B
2021-06-04T10:24:33,7000.0,18.0,B
2021-06-04T10:24:22,100.0,17.95,S
2021-06-04T10:23:56,1400.0,17.95,S
2021-06-04T10:23:32,20000.0,18.0,B
2021-06-04T10:23:11,700.0,18.0,B
2021-06-04T10:23:02,300.0,18.0,B
2021-06-04T10:22:55,3000.0,18.0,B
2021-06-04T10:22:46,5000.0,17.95,S
2021-06-04T10:22:35,300.0,18.0,B
2021-06-04T10:22:08,10000.0,18.0,B
2021-06-04T10:22:05,300.0,18.0,B
2021-06-04T10:21:55,200.0,18.0,B
2021-06-04T10:21:38,5000.0,18.0,B
2021-06-04T10:21:36,300.0,18.0,B
2021-06-04T10:21:11,800.0,18.0,S
2021-06-04T10:20:24,1000.0,18.0,S
2021-06-04T10:20:11,2000.0,18.0,S
2021-06-04T10:19:48,100.0,18.0,S
2021-06-04T10:19:04,500.0,18.0,S
2021-06-04T10:19:02,6800.0,17.9,S
2021-06-04T10:19:02,8500.0,17.95,S
2021-06-04T10:19:02,600.0,17.95,S
2021-06-04T10:19:02,2000.0,17.95,S
2021-06-04T10:19:01,3800.0,17.95,S
2021-06-04T10:19:01,1900.0,17.95,S
2021-06-04T10:19:01,1900.0,17.95,S
2021-06-04T10:19:01,2100.0,17.95,S
2021-06-04T10:19:01,3200.0,17.95,S
2021-06-04T10:19:01,1100.0,17.95,S
2021-06-04T10:19:01,2000.0,17.95,S
2021-06-04T10:19:01,100.0,17.95,S
2021-06-04T10:19:01,8500.0,17.95,S
2021-06-04T10:19:01,200.0,17.95,S
2021-06-04T10:19:01,3000.0,17.95,S
2021-06-04T10:19:01,3300.0,17.95,S
2021-06-04T10:19:01,25700.0,17.95,S
2021-06-04T10:18:48,500.0,18.0,S
2021-06-04T10:18:32,400.0,18.0,S
2021-06-04T10:18:29,2000.0,18.0,S
2021-06-04T10:18:12,100.0,18.0,S
2021-06-04T10:18:02,200.0,17.95,S
2021-06-04T10:17:58,1000.0,18.0,S
2021-06-04T10:17:58,19000.0,18.0,S
2021-06-04T10:17:18,200.0,18.0,S
2021-06-04T10:16:51,100.0,18.0,S
2021-06-04T10:16:50,1000.0,18.0,S
2021-06-04T10:16:21,2000.0,17.95,S
2021-06-04T10:16:21,1000.0,18.0,S
2021-06-04T10:16:16,5000.0,17.95,S
2021-06-04T10:15:46,100.0,17.95,S
2021-06-04T10:15:36,500.0,18.0,S
2021-06-04T10:15:29,800.0,17.95,S
2021-06-04T10:15:29,100.0,17.95,S
2021-06-04T10:15:06,300.0,18.0,S
2021-06-04T10:15:02,1100.0,18.0,S
2021-06-04T10:14:57,1200.0,18.0,S
2021-06-04T10:14:54,5000.0,18.05,B
2021-06-04T10:14:44,100.0,18.05,B
2021-06-04T10:14:43,3300.0,18.05,B
2021-06-04T10:14:39,100.0,18.0,S
2021-06-04T10:14:25,500.0,18.0,S
2021-06-04T10:14:20,1000.0,18.0,S
2021-06-04T10:14:11,1200.0,18.0,S
2021-06-04T10:13:56,16300.0,18.0,S
2021-06-04T10:13:56,9800.0,18.0,S
2021-06-04T10:13:56,3000.0,18.0,B
2021-06-04T10:13:56,11900.0,18.0,B
2021-06-04T10:13:56,2500.0,18.0,B
2021-06-04T10:13:56,5400.0,18.0,B
2021-06-04T10:13:56,8800.0,18.0,B
2021-06-04T10:13:56,400.0,18.0,B
2021-06-04T10:13:55,7900.0,18.0,B
2021-06-04T10:13:47,2000.0,18.0,B
2021-06-04T10:13:13,600.0,18.0,B
2021-06-04T10:13:13,200.0,18.0,B
2021-06-04T10:13:13,4200.0,18.0,B
2021-06-04T10:12:46,2100.0,18.0,B
2021-06-04T10:12:46,900.0,18.0,B
2021-06-04T10:12:41,2000.0,17.95,S
2021-06-04T10:12:34,1500.0,17.95,S
2021-06-04T10:12:26,2000.0,18.0,B
2021-06-04T10:12:18,14000.0,17.95,S
2021-06-04T10:11:09,1900.0,17.95,S
2021-06-04T10:10:58,100.0,18.0,B
2021-06-04T10:10:50,3000.0,17.95,S
2021-06-04T10:10:39,500.0,18.0,B
2021-06-04T10:10:05,2300.0,18.0,B
2021-06-04T10:10:05,200.0,18.0,B
2021-06-04T10:10:05,1000.0,18.0,B
2021-06-04T10:10:05,300.0,18.0,B
2021-06-04T10:10:05,46200.0,18.0,B
2021-06-04T10:09:58,4000.0,17.95,S
2021-06-04T10:09:10,100.0,17.95,S
2021-06-04T10:09:01,2100.0,17.95,S
2021-06-04T10:08:48,200.0,17.95,S
2021-06-04T10:08:02,10000.0,18.0,B
2021-06-04T10:07:59,1000.0,17.95,S
2021-06-04T10:07:23,100.0,17.95,S
2021-06-04T10:07:09,500.0,17.95,S
2021-06-04T10:07:01,200.0,17.95,S
2021-06-04T10:06:47,3000.0,17.95,S
2021-06-04T10:06:39,200.0,17.95,S
2021-06-04T10:06:29,3300.0,18.0,B
2021-06-04T10:06:16,3000.0,17.95,S
2021-06-04T10:06:13,100.0,17.95,S
2021-06-04T10:05:58,2000.0,17.95,S
2021-06-04T10:04:49,3000.0,17.95,B
2021-06-04T10:04:32,800.0,18.0,B
2021-06-04T10:04:31,9900.0,18.0,B
2021-06-04T10:04:31,6000.0,18.0,B
2021-06-04T10:04:31,3300.0,18.0,B
2021-06-04T10:04:19,200.0,17.95,B
2021-06-04T10:03:42,5000.0,17.95,B
2021-06-04T10:03:30,200.0,17.95,B
2021-06-04T10:03:05,100.0,17.95,B
2021-06-04T10:03:03,2500.0,17.95,B
2021-06-04T10:02:38,200.0,17.95,B
2021-06-04T10:02:16,4000.0,17.95,B
2021-06-04T10:01:53,2000.0,17.95,B
2021-06-04T10:01:35,100.0,18.0,B
2021-06-04T10:01:32,500.0,17.95,B
2021-06-04T10:01:30,100.0,17.95,B
2021-06-04T10:01:22,1500.0,18.0,B
2021-06-04T10:01:19,3700.0,17.95,B
2021-06-04T10:01:13,500.0,17.95,B
2021-06-04T10:01:09,5000.0,17.95,B
2021-06-04T10:00:43,800.0,18.0,B
2021-06-04T10:00:39,1000.0,17.9,S
2021-06-04T10:00:29,100.0,18.0,B
2021-06-04T10:00:21,20000.0,18.0,B
2021-06-04T10:00:02,300.0,17.9,S
2021-06-04T09:59:55,200.0,17.95,B
2021-06-04T09:59:46,100.0,17.95,B
2021-06-04T09:59:45,2000.0,17.95,B
2021-06-04T09:59:00,200.0,17.9,S
2021-06-04T09:58:33,100.0,17.9,S
2021-06-04T09:58:25,200.0,17.95,B
2021-06-04T09:58:21,16000.0,17.9,S
2021-06-04T09:57:50,2000.0,17.9,S
2021-06-04T09:57:46,1700.0,17.95,B
2021-06-04T09:57:46,300.0,17.95,B
2021-06-04T09:57:39,100.0,17.9,S
2021-06-04T09:57:39,300.0,17.9,S
2021-06-04T09:57:21,1000.0,17.9,S
2021-06-04T09:56:48,300.0,17.95,B
2021-06-04T09:56:40,1000.0,17.9,S
2021-06-04T09:56:31,600.0,17.95,B
2021-06-04T09:56:31,2400.0,17.95,B
2021-06-04T09:56:22,100.0,17.9,S
2021-06-04T09:56:17,5000.0,17.9,S
2021-06-04T09:55:39,4700.0,17.9,S
2021-06-04T09:55:28,200.0,17.95,B
2021-06-04T09:55:25,200.0,17.9,S
2021-06-04T09:55:12,500.0,17.9,S
2021-06-04T09:55:09,4900.0,17.9,S
2021-06-04T09:55:01,100.0,17.9,S
2021-06-04T09:54:56,1000.0,17.9,S
2021-06-04T09:54:50,500.0,17.85,S
2021-06-04T09:54:39,1100.0,17.85,S
2021-06-04T09:54:34,1000.0,17.85,S
2021-06-04T09:54:12,2000.0,17.85,S
2021-06-04T09:54:11,100.0,17.85,S
2021-06-04T09:53:57,200.0,17.9,S
2021-06-04T09:53:25,100.0,17.85,S
2021-06-04T09:53:15,300.0,17.9,S
2021-06-04T09:52:57,5100.0,17.9,S
2021-06-04T09:52:56,200.0,17.9,S
2021-06-04T09:52:45,1000.0,17.9,S
2021-06-04T09:52:32,300.0,17.9,S
2021-06-04T09:52:25,1700.0,17.9,S
2021-06-04T09:52:17,100.0,17.9,S
2021-06-04T09:52:02,600.0,17.9,S
2021-06-04T09:51:57,1000.0,17.9,S
2021-06-04T09:51:54,200.0,17.9,S
2021-06-04T09:51:36,500.0,17.9,S
2021-06-04T09:51:34,1000.0,17.9,S
2021-06-04T09:50:43,2200.0,17.9,B
2021-06-04T09:50:43,1600.0,17.9,B
2021-06-04T09:50:43,5600.0,17.9,B
2021-06-04T09:50:30,500.0,17.85,S
2021-06-04T09:50:08,500.0,17.85,S
2021-06-04T09:50:07,100.0,17.85,S
2021-06-04T09:50:02,2000.0,17.85,S
2021-06-04T09:49:40,1500.0,17.85,S
2021-06-04T09:49:34,900.0,17.9,B
2021-06-04T09:49:25,2000.0,17.9,B
2021-06-04T09:49:03,200.0,17.85,S
2021-06-04T09:48:59,600.0,17.85,S
2021-06-04T09:48:40,100.0,17.85,S
2021-06-04T09:48:31,500.0,17.85,S
2021-06-04T09:48:00,4400.0,17.85,S
2021-06-04T09:47:54,1000.0,17.85,S
2021-06-04T09:47:53,100.0,17.9,B
2021-06-04T09:47:48,2000.0,17.85,S
2021-06-04T09:47:28,800.0,17.9,B
2021-06-04T09:47:28,3000.0,17.9,B
2021-06-04T09:47:28,3300.0,17.9,B
2021-06-04T09:47:28,1000.0,17.9,B
2021-06-04T09:47:28,1000.0,17.9,B
2021-06-04T09:47:28,2600.0,17.9,B
2021-06-04T09:47:28,7000.0,17.9,B
2021-06-04T09:47:27,31300.0,17.9,B
2021-06-04T09:47:05,5000.0,17.85,S
2021-06-04T09:47:05,1500.0,17.85,S
2021-06-04T09:46:01,3100.0,17.85,S
2021-06-04T09:46:00,2000.0,17.9,B
2021-06-04T09:45:45,200.0,17.9,B
2021-06-04T09:44:58,7000.0,17.85,S
2021-06-04T09:44:53,10000.0,17.85,S
2021-06-04T09:44:49,1500.0,17.85,S
2021-06-04T09:44:45,1000.0,17.85,S
2021-06-04T09:44:33,300.0,17.85,S
2021-06-04T09:44:32,200.0,17.85,S
2021-06-04T09:44:16,200.0,17.85,S
2021-06-04T09:44:13,5000.0,17.85,S
2021-06-04T09:44:03,1000.0,17.85,S
2021-06-04T09:44:00,900.0,17.85,S
2021-06-04T09:43:55,100.0,17.9,B
2021-06-04T09:43:11,700.0,17.85,S
2021-06-04T09:42:55,9200.0,17.85,S
2021-06-04T09:42:48,8300.0,17.85,S
2021-06-04T09:42:48,3500.0,17.85,S
2021-06-04T09:42:47,8200.0,17.85,S
2021-06-04T09:42:43,100.0,17.85,S
2021-06-04T09:42:31,200.0,17.85,S
2021-06-04T09:42:27,500.0,17.85,S
2021-06-04T09:42:19,500.0,17.9,B
2021-06-04T09:42:08,5000.0,17.85,S
2021-06-04T09:42:01,5000.0,17.85,S
2021-06-04T09:41:32,100.0,17.9,B
2021-06-04T09:41:24,3000.0,17.85,S
2021-06-04T09:41:20,10000.0,17.9,B
2021-06-04T09:41:19,1000.0,17.85,S
2021-06-04T09:41:00,1000.0,17.85,S
2021-06-04T09:40:47,300.0,17.85,S
2021-06-04T09:40:42,1000.0,17.85,S
2021-06-04T09:40:36,4000.0,17.85,S
2021-06-04T09:40:17,500.0,17.85,S
2021-06-04T09:40:13,600.0,17.85,S
2021-06-04T09:40:02,200.0,17.85,S
2021-06-04T09:39:44,2000.0,17.85,S
2021-06-04T09:39:40,100.0,17.85,S
2021-06-04T09:39:19,700.0,17.85,S
2021-06-04T09:39:17,500.0,17.85,S
2021-06-04T09:39:17,5500.0,17.85,S
2021-06-04T09:39:17,700.0,17.85,S
2021-06-04T09:39:17,2800.0,17.85,S
2021-06-04T09:39:15,100.0,17.85,S
2021-06-04T09:39:10,1000.0,17.85,S
2021-06-04T09:39:09,2000.0,17.85,S
2021-06-04T09:39:08,1000.0,17.85,S
2021-06-04T09:38:42,2000.0,17.85,S
2021-06-04T09:38:23,100.0,17.85,S
2021-06-04T09:38:19,300.0,17.85,S
2021-06-04T09:38:18,600.0,17.85,S
2021-06-04T09:38:06,200.0,17.85,S
2021-06-04T09:38:01,100.0,17.85,S
2021-06-04T09:37:59,1000.0,17.85,S
2021-06-04T09:37:46,500.0,17.85,S
2021-06-04T09:37:44,1000.0,17.85,S
2021-06-04T09:37:03,37300.0,17.85,S
2021-06-04T09:37:01,2000.0,17.8,S
2021-06-04T09:36:55,10000.0,17.85,S
2021-06-04T09:36:37,500.0,17.8,S
2021-06-04T09:36:35,5200.0,17.85,S
2021-06-04T09:34:28,300.0,17.8,S
2021-06-04T09:34:26,5700.0,17.85,S
2021-06-04T09:34:24,500.0,17.85,S
2021-06-04T09:34:23,500.0,17.85,S
2021-06-04T09:34:19,4300.0,17.85,S
2021-06-04T09:34:11,500.0,17.85,S
2021-06-04T09:34:06,2400.0,17.85,S
2021-06-04T09:33:48,100.0,17.85,S
2021-06-04T09:33:44,10000.0,17.85,S
2021-06-04T09:33:21,3300.0,17.85,S
2021-06-04T09:33:13,1000.0,17.85,S
2021-06-04T09:33:04,2700.0,17.85,S
2021-06-04T09:33:04,4600.0,17.85,S
2021-06-04T09:33:04,500.0,17.85,S
2021-06-04T09:33:04,2700.0,17.85,S
2021-06-04T09:33:04,15300.0,17.85,S
2021-06-04T09:32:57,900.0,17.8,S
2021-06-04T09:32:54,300.0,17.85,S
2021-06-04T09:32:41,500.0,17.8,S
2021-06-04T09:32:27,200.0,17.85,S
2021-06-04T09:32:03,1000.0,17.8,S
2021-06-04T09:31:48,1000.0,17.8,S
2021-06-04T09:31:12,2600.0,17.85,S
2021-06-04T09:30:49,5000.0,17.8,S
2021-06-04T09:30:48,2000.0,17.85,S
2021-06-04T09:30:21,300.0,17.85,S
2021-06-04T09:30:01,2000.0,17.85,S
2021-06-04T09:29:59,10000.0,17.85,S
2021-06-04T09:29:58,300.0,17.8,S
2021-06-04T09:29:54,500.0,17.85,S
2021-06-04T09:29:40,300.0,17.85,S
2021-06-04T09:29:30,100.0,17.8,S
2021-06-04T09:29:27,600.0,17.8,S
2021-06-04T09:29:27,200.0,17.85,S
2021-06-04T09:29:22,100.0,17.85,S
2021-06-04T09:29:20,500.0,17.85,S
2021-06-04T09:28:50,100.0,17.85,S
2021-06-04T09:28:18,1200.0,17.8,S
2021-06-04T09:28:18,3800.0,17.8,S
2021-06-04T09:28:17,500.0,17.85,S
2021-06-04T09:28:13,1400.0,17.85,S
2021-06-04T09:28:05,100.0,17.85,S
2021-06-04T09:28:05,2000.0,17.9,B
2021-06-04T09:27:55,700.0,17.8,S
2021-06-04T09:27:55,53300.0,17.8,S
2021-06-04T09:27:55,3300.0,17.8,S
2021-06-04T09:27:55,1200.0,17.8,S
2021-06-04T09:27:54,67900.0,17.8,S
2021-06-04T09:27:46,2000.0,17.9,B
2021-06-04T09:27:44,3000.0,17.9,B
2021-06-04T09:27:39,9200.0,17.9,B
2021-06-04T09:27:38,100.0,17.9,B
2021-06-04T09:27:30,8400.0,18.0,B
2021-06-04T09:27:30,3000.0,17.95,B
2021-06-04T09:27:30,9200.0,17.95,B
2021-06-04T09:27:30,9400.0,17.95,B
2021-06-04T09:27:25,14000.0,17.9,B
2021-06-04T09:27:09,500.0,17.9,B
2021-06-04T09:26:58,200.0,17.9,B
2021-06-04T09:26:49,500.0,17.9,B
2021-06-04T09:26:42,11000.0,17.8,S
2021-06-04T09:26:42,29000.0,17.8,S
2021-06-04T09:26:29,900.0,17.9,B
2021-06-04T09:26:16,1200.0,17.85,S
2021-06-04T09:26:14,500.0,17.85,S
2021-06-04T09:26:10,200.0,17.9,B
2021-06-04T09:26:10,600.0,17.85,S
2021-06-04T09:25:51,300.0,17.9,B
2021-06-04T09:25:16,10000.0,17.85,S
2021-06-04T09:25:02,100.0,17.95,B
2021-06-04T09:24:46,1500.0,17.9,S
2021-06-04T09:24:22,5000.0,17.95,B
2021-06-04T09:24:16,6000.0,17.9,S
2021-06-04T09:24:14,200.0,17.85,S
2021-06-04T09:23:57,100.0,17.9,S
2021-06-04T09:23:56,1700.0,17.85,S
2021-06-04T09:23:56,3300.0,17.85,S
2021-06-04T09:23:42,100.0,17.9,S
2021-06-04T09:23:41,400.0,17.9,S
2021-06-04T09:22:54,200.0,17.9,S
2021-06-04T09:22:44,1000.0,17.9,S
2021-06-04T09:22:44,700.0,17.9,S
2021-06-04T09:22:36,5700.0,17.9,S
2021-06-04T09:22:20,1000.0,17.9,S
2021-06-04T09:22:15,7000.0,17.9,S
2021-06-04T09:22:11,400.0,17.9,S
2021-06-04T09:22:04,1700.0,17.9,S
2021-06-04T09:22:02,300.0,17.9,S
2021-06-04T09:22:02,3000.0,17.9,S
2021-06-04T09:21:48,300.0,17.9,S
2021-06-04T09:21:31,35000.0,17.85,S
2021-06-04T09:21:31,6000.0,17.85,S
2021-06-04T09:21:27,1000.0,17.9,S
2021-06-04T09:21:26,100.0,17.9,S
2021-06-04T09:20:59,1000.0,17.9,S
2021-06-04T09:20:56,1000.0,17.9,S
2021-06-04T09:20:53,1000.0,17.95,B
2021-06-04T09:20:51,1000.0,17.9,S
2021-06-04T09:20:48,300.0,17.9,S
2021-06-04T09:20:44,100.0,17.9,S
2021-06-04T09:20:41,100.0,17.95,B
2021-06-04T09:20:31,500.0,17.9,S
2021-06-04T09:20:30,300.0,17.9,S
2021-06-04T09:20:26,1000.0,17.9,S
2021-06-04T09:20:21,200.0,17.9,S
2021-06-04T09:20:21,4700.0,17.9,S
2021-06-04T09:20:15,1000.0,17.95,B
2021-06-04T09:20:00,10000.0,17.9,S
2021-06-04T09:19:54,300.0,17.9,S
2021-06-04T09:19:42,9400.0,17.9,S
2021-06-04T09:19:41,200.0,17.9,S
2021-06-04T09:19:38,300.0,17.9,S
2021-06-04T09:19:36,500.0,17.9,S
2021-06-04T09:19:24,2000.0,17.85,S
2021-06-04T09:19:12,3600.0,17.9,S
2021-06-04T09:18:45,200.0,17.9,S
2021-06-04T09:18:41,1000.0,17.9,S
2021-06-04T09:18:39,2000.0,18.0,B
2021-06-04T09:18:28,600.0,17.9,S
2021-06-04T09:18:20,1000.0,17.9,S
2021-06-04T09:18:19,500.0,17.95,B
2021-06-04T09:18:11,5900.0,17.9,S
2021-06-04T09:18:06,2100.0,17.95,B
2021-06-04T09:18:06,7900.0,17.95,B
2021-06-04T09:17:52,1000.0,17.9,S
2021-06-04T09:17:16,3000.0,17.9,S
2021-06-04T09:16:45,200.0,17.9,S
2021-06-04T09:16:28,1000.0,17.9,S
2021-06-04T09:16:21,300.0,17.9,S
2021-06-04T09:16:21,200.0,17.9,S
2021-06-04T09:16:21,300.0,17.9,S
2021-06-04T09:16:12,2900.0,17.9,S
2021-06-04T09:16:12,100.0,17.95,S
2021-06-04T09:15:55,1100.0,18.0,S
2021-06-04T09:15:46,700.0,18.0,S
2021-06-04T09:15:41,11100.0,18.05,S
2021-06-04T09:15:41,5000.0,18.05,S
