tradingTime,volume,price,side
2021-06-04T14:22:50,200.0,3.14,S
2021-06-04T14:22:40,100.0,3.14,S
2021-06-04T14:22:40,800.0,3.14,S
2021-06-04T14:22:14,400.0,3.14,S
2021-06-04T14:20:11,2000.0,3.14,S
2021-06-04T14:19:55,400.0,3.14,S
2021-06-04T14:18:12,5000.0,3.14,S
2021-06-04T14:18:10,3000.0,3.14,S
2021-06-04T14:17:25,2100.0,3.14,S
2021-06-04T14:17:20,200.0,3.14,S
2021-06-04T14:17:20,5000.0,3.14,S
2021-06-04T14:17:15,300.0,3.14,S
2021-06-04T14:17:07,600.0,3.14,S
2021-06-04T14:16:49,3000.0,3.14,S
2021-06-04T14:16:40,1100.0,3.14,S
2021-06-04T14:16:04,200.0,3.14,S
2021-06-04T14:15:43,900.0,3.14,S
2021-06-04T14:13:05,100.0,3.14,S
2021-06-04T14:11:40,100.0,3.14,S
2021-06-04T14:11:15,3000.0,3.14,S
2021-06-04T14:11:15,500.0,3.14,S
2021-06-04T14:11:15,6200.0,3.14,S
2021-06-04T14:11:15,4700.0,3.14,S
2021-06-04T14:11:15,100.0,3.14,S
2021-06-04T14:11:15,4200.0,3.14,S
2021-06-04T14:11:14,14700.0,3.14,S
2021-06-04T14:11:14,7000.0,3.14,S
2021-06-04T14:11:14,9600.0,3.14,S
2021-06-04T14:11:13,6800.0,3.14,S
2021-06-04T14:11:13,3200.0,3.14,S
2021-06-04T14:10:14,100.0,3.14,S
2021-06-04T14:07:56,24900.0,3.14,S
2021-06-04T14:07:56,41900.0,3.14,S
2021-06-04T14:07:56,3400.0,3.14,S
2021-06-04T14:07:56,3100.0,3.14,S
2021-06-04T14:07:56,1400.0,3.14,S
2021-06-04T14:07:56,2000.0,3.14,S
2021-06-04T14:07:56,9100.0,3.14,S
2021-06-04T14:07:56,1600.0,3.14,S
2021-06-04T14:07:56,5300.0,3.14,S
2021-06-04T14:07:56,1000.0,3.14,S
2021-06-04T14:07:56,4100.0,3.14,S
2021-06-04T14:07:56,400.0,3.14,S
2021-06-04T14:07:56,200.0,3.14,S
2021-06-04T14:07:56,10500.0,3.14,S
2021-06-04T14:07:56,5000.0,3.14,S
2021-06-04T14:07:56,36100.0,3.14,S
2021-06-04T14:07:45,1000.0,3.14,S
2021-06-04T14:06:47,1900.0,3.14,S
2021-06-04T14:03:40,100.0,3.14,S
2021-06-04T14:01:32,1300.0,3.14,S
2021-06-04T14:00:56,100.0,3.14,S
2021-06-04T13:58:49,400.0,3.14,S
2021-06-04T13:58:46,3000.0,3.14,S
2021-06-04T13:58:07,100.0,3.14,S
2021-06-04T13:57:52,2000.0,3.14,S
2021-06-04T13:56:46,100.0,3.14,S
2021-06-04T13:54:27,6800.0,3.14,S
2021-06-04T13:53:44,1000.0,3.14,S
2021-06-04T13:53:36,3100.0,3.14,S
2021-06-04T13:53:25,700.0,3.14,S
2021-06-04T13:51:13,3000.0,3.14,S
2021-06-04T13:49:19,300.0,3.14,S
2021-06-04T13:48:09,700.0,3.14,S
2021-06-04T13:47:35,13000.0,3.14,S
2021-06-04T13:47:26,2000.0,3.14,S
2021-06-04T13:47:12,3400.0,3.14,S
2021-06-04T13:47:12,100.0,3.14,S
2021-06-04T13:47:12,6100.0,3.14,S
2021-06-04T13:47:11,11900.0,3.14,S
2021-06-04T13:47:11,13500.0,3.14,S
2021-06-04T13:47:11,5000.0,3.14,S
2021-06-04T13:45:37,1000.0,3.14,S
2021-06-04T13:45:29,11000.0,3.14,S
2021-06-04T13:44:39,5500.0,3.14,S
2021-06-04T13:44:39,1700.0,3.14,S
2021-06-04T13:44:35,2000.0,3.14,S
2021-06-04T13:44:25,4000.0,3.14,S
2021-06-04T13:44:00,1700.0,3.14,S
2021-06-04T13:43:31,40600.0,3.14,S
2021-06-04T13:43:31,7400.0,3.14,S
2021-06-04T13:42:46,300.0,3.14,S
2021-06-04T13:42:41,50000.0,3.14,S
2021-06-04T13:42:13,20000.0,3.14,S
2021-06-04T13:41:14,56800.0,3.14,S
2021-06-04T13:40:36,100.0,3.14,S
2021-06-04T13:39:51,500.0,3.14,S
2021-06-04T13:39:47,300.0,3.14,S
2021-06-04T13:39:41,100.0,3.14,S
2021-06-04T13:39:37,100.0,3.14,S
2021-06-04T13:38:09,7000.0,3.14,S
2021-06-04T13:35:29,1000.0,3.14,S
2021-06-04T13:35:24,8000.0,3.14,S
2021-06-04T13:35:01,500.0,3.14,S
2021-06-04T13:34:18,500.0,3.14,S
2021-06-04T13:33:50,200.0,3.14,S
2021-06-04T13:32:15,100.0,3.14,S
2021-06-04T13:32:11,700.0,3.14,S
2021-06-04T13:32:10,3200.0,3.14,S
2021-06-04T13:32:10,2500.0,3.14,S
2021-06-04T13:32:10,1900.0,3.14,S
2021-06-04T13:32:10,10300.0,3.14,S
2021-06-04T13:32:10,2100.0,3.14,S
2021-06-04T13:31:13,1000.0,3.14,S
2021-06-04T13:31:05,12000.0,3.14,S
2021-06-04T13:30:55,100.0,3.14,S
2021-06-04T13:30:54,25800.0,3.14,S
2021-06-04T13:29:53,1000.0,3.14,S
2021-06-04T13:29:46,5000.0,3.14,S
2021-06-04T13:29:37,100.0,3.14,S
2021-06-04T13:28:02,1000.0,3.14,S
2021-06-04T13:27:21,600.0,3.14,S
2021-06-04T13:27:21,6400.0,3.14,S
2021-06-04T13:26:27,1000.0,3.14,S
2021-06-04T13:26:24,10300.0,3.14,S
2021-06-04T13:25:54,21900.0,3.14,S
2021-06-04T13:25:54,38100.0,3.14,S
2021-06-04T13:25:50,400.0,3.14,S
2021-06-04T13:25:32,21800.0,3.14,S
2021-06-04T13:25:10,100.0,3.14,S
2021-06-04T13:24:55,18000.0,3.14,S
2021-06-04T13:24:43,900.0,3.14,S
2021-06-04T13:24:36,2000.0,3.14,S
2021-06-04T13:24:34,4000.0,3.14,S
2021-06-04T13:24:28,35000.0,3.14,S
2021-06-04T13:22:25,400.0,3.14,S
2021-06-04T13:21:52,300.0,3.14,S
2021-06-04T13:21:32,2000.0,3.14,S
2021-06-04T13:21:16,1000.0,3.14,S
2021-06-04T13:21:11,100.0,3.14,S
2021-06-04T13:21:06,2200.0,3.14,S
2021-06-04T13:20:31,200.0,3.14,S
2021-06-04T13:20:13,5300.0,3.14,S
2021-06-04T13:20:06,500.0,3.14,S
2021-06-04T13:20:06,9500.0,3.14,S
2021-06-04T13:20:05,100.0,3.14,S
2021-06-04T13:19:59,200.0,3.14,S
2021-06-04T13:19:54,1400.0,3.14,S
2021-06-04T13:18:48,500.0,3.14,S
2021-06-04T13:18:13,2500.0,3.14,S
2021-06-04T13:18:11,500.0,3.14,S
2021-06-04T13:17:48,1000.0,3.14,S
2021-06-04T13:17:48,900.0,3.14,S
2021-06-04T13:17:48,400.0,3.14,S
2021-06-04T13:17:48,2700.0,3.14,S
2021-06-04T13:17:48,800.0,3.14,S
2021-06-04T13:17:47,8600.0,3.14,S
2021-06-04T13:17:38,400.0,3.14,S
2021-06-04T13:17:28,100.0,3.14,S
2021-06-04T13:17:22,200.0,3.14,S
2021-06-04T13:16:48,3000.0,3.14,S
2021-06-04T13:16:36,100.0,3.14,S
2021-06-04T13:16:23,200.0,3.14,S
2021-06-04T13:15:49,300.0,3.14,S
2021-06-04T13:14:02,2100.0,3.14,S
2021-06-04T13:13:58,100.0,3.14,S
2021-06-04T13:13:57,7500.0,3.14,S
2021-06-04T13:13:57,4500.0,3.14,S
2021-06-04T13:13:56,7000.0,3.14,S
2021-06-04T13:13:54,100.0,3.14,S
2021-06-04T13:13:45,300.0,3.14,S
2021-06-04T13:13:41,700.0,3.14,S
2021-06-04T13:13:09,1400.0,3.14,S
2021-06-04T13:12:39,1000.0,3.14,S
2021-06-04T13:12:29,3400.0,3.14,S
2021-06-04T13:12:28,3600.0,3.14,S
2021-06-04T13:11:34,100.0,3.14,S
2021-06-04T13:11:30,200.0,3.14,S
2021-06-04T13:10:48,300.0,3.14,S
2021-06-04T13:10:11,200.0,3.14,S
2021-06-04T13:09:46,1000.0,3.14,S
2021-06-04T13:09:35,600.0,3.14,S
2021-06-04T13:09:31,300.0,3.14,S
2021-06-04T13:09:12,1000.0,3.14,S
2021-06-04T13:08:46,2500.0,3.14,S
2021-06-04T13:08:42,10000.0,3.14,S
2021-06-04T13:08:40,700.0,3.14,S
2021-06-04T13:08:38,600.0,3.14,S
2021-06-04T13:08:13,1100.0,3.14,S
2021-06-04T13:08:13,600.0,3.14,S
2021-06-04T13:08:04,500.0,3.14,S
2021-06-04T13:07:39,1000.0,3.14,S
2021-06-04T13:07:04,1000.0,3.14,S
2021-06-04T13:06:56,10000.0,3.14,S
2021-06-04T13:06:14,500.0,3.14,S
2021-06-04T13:05:56,3400.0,3.14,S
2021-06-04T13:05:42,5900.0,3.14,S
2021-06-04T13:05:42,4300.0,3.14,S
2021-06-04T13:05:41,5800.0,3.14,S
2021-06-04T13:05:41,1500.0,3.14,S
2021-06-04T13:05:41,5000.0,3.14,S
2021-06-04T13:05:41,1200.0,3.14,S
2021-06-04T13:05:41,3300.0,3.14,S
2021-06-04T13:05:41,11800.0,3.14,S
2021-06-04T13:05:41,9200.0,3.14,S
2021-06-04T13:05:41,5200.0,3.14,S
2021-06-04T13:05:41,11800.0,3.14,S
2021-06-04T13:05:39,2100.0,3.14,S
2021-06-04T13:05:39,6400.0,3.14,S
2021-06-04T13:05:33,200.0,3.14,S
2021-06-04T13:05:21,800.0,3.14,S
2021-06-04T13:05:20,1500.0,3.14,S
2021-06-04T13:05:16,500.0,3.14,S
2021-06-04T13:05:08,100.0,3.14,S
2021-06-04T13:05:06,1600.0,3.14,S
2021-06-04T13:04:57,1600.0,3.14,S
2021-06-04T13:04:29,800.0,3.14,S
2021-06-04T13:04:25,2100.0,3.14,S
2021-06-04T13:04:14,5000.0,3.14,S
2021-06-04T13:03:45,1500.0,3.14,S
2021-06-04T13:03:37,3000.0,3.14,S
2021-06-04T13:03:29,2100.0,3.14,S
2021-06-04T13:03:26,600.0,3.14,S
2021-06-04T13:03:26,2500.0,3.14,S
2021-06-04T13:03:13,400.0,3.14,S
2021-06-04T13:03:07,700.0,3.14,S
2021-06-04T13:02:54,2000.0,3.14,S
2021-06-04T13:02:49,1000.0,3.14,S
2021-06-04T13:02:49,1900.0,3.14,S
2021-06-04T13:02:09,200.0,3.14,S
2021-06-04T13:01:47,1100.0,3.14,S
2021-06-04T13:01:38,500.0,3.14,S
2021-06-04T13:01:30,300.0,3.14,S
2021-06-04T13:01:23,3000.0,3.14,S
2021-06-04T13:00:26,1000.0,3.14,S
2021-06-04T13:00:22,1000.0,3.14,S
2021-06-04T13:00:16,11900.0,3.14,S
2021-06-04T13:00:14,2000.0,3.14,S
2021-06-04T13:00:14,10000.0,3.14,S
2021-06-04T13:00:14,1400.0,3.14,S
2021-06-04T13:00:13,300.0,3.14,S
2021-06-04T13:00:13,15600.0,3.14,S
2021-06-04T13:00:13,6900.0,3.14,S
2021-06-04T13:00:13,10100.0,3.14,S
2021-06-04T13:00:13,1600.0,3.14,S
2021-06-04T13:00:13,46000.0,3.14,S
2021-06-04T13:00:13,200.0,3.14,S
2021-06-04T11:31:04,300.0,3.14,S
2021-06-04T11:30:59,500.0,3.14,S
2021-06-04T11:30:54,5300.0,3.14,S
2021-06-04T11:30:09,1600.0,3.14,S
2021-06-04T11:29:45,500.0,3.14,S
2021-06-04T11:29:07,1000.0,3.14,S
2021-06-04T11:29:01,9000.0,3.14,S
2021-06-04T11:28:32,200.0,3.14,S
2021-06-04T11:28:12,200.0,3.14,S
2021-06-04T11:28:09,200.0,3.14,S
2021-06-04T11:28:01,20000.0,3.14,S
2021-06-04T11:27:45,67500.0,3.14,S
2021-06-04T11:27:41,300.0,3.14,S
2021-06-04T11:27:13,1000.0,3.14,S
2021-06-04T11:26:52,15000.0,3.14,S
2021-06-04T11:26:49,1000.0,3.14,S
2021-06-04T11:26:37,100.0,3.14,S
2021-06-04T11:26:07,1100.0,3.14,S
2021-06-04T11:25:54,900.0,3.14,S
2021-06-04T11:25:25,300.0,3.14,S
2021-06-04T11:25:16,1500.0,3.14,S
2021-06-04T11:24:48,1000.0,3.14,S
2021-06-04T11:24:45,1000.0,3.14,S
2021-06-04T11:24:35,1000.0,3.14,S
2021-06-04T11:24:28,2000.0,3.14,S
2021-06-04T11:23:59,3000.0,3.14,S
2021-06-04T11:23:11,200.0,3.14,S
2021-06-04T11:22:53,1600.0,3.14,S
2021-06-04T11:22:35,10000.0,3.14,S
2021-06-04T11:22:18,100.0,3.14,S
2021-06-04T11:21:48,5000.0,3.14,S
2021-06-04T11:21:23,100.0,3.14,S
2021-06-04T11:21:22,700.0,3.14,S
2021-06-04T11:21:22,300.0,3.14,S
2021-06-04T11:21:22,19700.0,3.14,S
2021-06-04T11:21:18,200.0,3.14,S
2021-06-04T11:21:13,1000.0,3.14,S
2021-06-04T11:20:38,300.0,3.14,S
2021-06-04T11:20:05,100.0,3.14,S
2021-06-04T11:19:33,100.0,3.14,S
2021-06-04T11:18:45,10000.0,3.14,S
2021-06-04T11:18:43,500.0,3.14,S
2021-06-04T11:18:40,20100.0,3.14,S
2021-06-04T11:18:40,11300.0,3.14,S
2021-06-04T11:18:40,18600.0,3.14,S
2021-06-04T11:18:14,100.0,3.14,S
2021-06-04T11:18:12,200.0,3.14,S
2021-06-04T11:18:11,300.0,3.14,S
2021-06-04T11:18:03,2100.0,3.14,S
2021-06-04T11:18:03,1400.0,3.14,S
2021-06-04T11:18:03,6500.0,3.14,S
2021-06-04T11:18:00,100.0,3.14,S
2021-06-04T11:17:50,300.0,3.14,S
2021-06-04T11:17:21,5000.0,3.14,S
2021-06-04T11:17:00,9000.0,3.14,S
2021-06-04T11:17:00,18100.0,3.14,S
2021-06-04T11:16:54,10000.0,3.14,S
2021-06-04T11:16:35,13400.0,3.14,S
2021-06-04T11:16:29,5000.0,3.14,S
2021-06-04T11:15:45,500.0,3.14,S
2021-06-04T11:14:29,2000.0,3.14,S
2021-06-04T11:14:08,500.0,3.14,S
2021-06-04T11:14:03,2000.0,3.14,S
2021-06-04T11:13:59,24200.0,3.14,S
2021-06-04T11:13:59,5800.0,3.14,S
2021-06-04T11:13:57,1000.0,3.14,S
2021-06-04T11:12:33,300.0,3.14,S
2021-06-04T11:11:53,4000.0,3.14,S
2021-06-04T11:11:50,200.0,3.14,S
2021-06-04T11:11:47,1000.0,3.14,S
2021-06-04T11:11:44,15000.0,3.14,S
2021-06-04T11:11:14,500.0,3.14,S
2021-06-04T11:09:48,300.0,3.14,S
2021-06-04T11:09:10,3300.0,3.14,S
2021-06-04T11:08:59,300.0,3.14,S
2021-06-04T11:08:56,500.0,3.14,S
2021-06-04T11:07:33,20000.0,3.14,S
2021-06-04T11:07:31,100.0,3.14,S
2021-06-04T11:07:13,300.0,3.14,S
2021-06-04T11:06:48,600.0,3.14,S
2021-06-04T11:06:40,1000.0,3.14,S
2021-06-04T11:06:24,200.0,3.14,S
2021-06-04T11:06:11,300.0,3.14,S
2021-06-04T11:06:00,3000.0,3.14,S
2021-06-04T11:04:22,100.0,3.14,S
2021-06-04T11:04:20,100.0,3.14,S
2021-06-04T11:03:23,400.0,3.14,S
2021-06-04T11:02:21,200.0,3.14,S
2021-06-04T11:02:15,100.0,3.14,S
2021-06-04T11:02:01,3000.0,3.14,S
2021-06-04T11:00:59,100.0,3.14,S
2021-06-04T11:00:45,7300.0,3.14,S
2021-06-04T11:00:07,1500.0,3.14,S
2021-06-04T11:00:00,600.0,3.14,S
2021-06-04T10:59:53,1000.0,3.14,S
2021-06-04T10:59:36,200.0,3.14,S
2021-06-04T10:58:56,5000.0,3.14,S
2021-06-04T10:58:03,200.0,3.14,S
2021-06-04T10:57:51,2100.0,3.14,S
2021-06-04T10:57:24,3000.0,3.14,S
2021-06-04T10:57:09,5000.0,3.14,S
2021-06-04T10:56:02,4000.0,3.14,S
2021-06-04T10:55:39,2000.0,3.14,S
2021-06-04T10:55:03,2000.0,3.14,S
2021-06-04T10:54:48,200.0,3.14,S
2021-06-04T10:54:37,200.0,3.14,S
2021-06-04T10:54:21,700.0,3.14,S
2021-06-04T10:54:10,300.0,3.14,S
2021-06-04T10:53:51,2000.0,3.14,S
2021-06-04T10:53:08,300.0,3.14,S
2021-06-04T10:53:04,10000.0,3.14,S
2021-06-04T10:52:26,800.0,3.14,S
2021-06-04T10:52:09,200.0,3.14,S
2021-06-04T10:52:06,100.0,3.14,S
2021-06-04T10:52:00,200.0,3.14,S
2021-06-04T10:51:47,100.0,3.14,S
2021-06-04T10:51:04,3000.0,3.14,S
2021-06-04T10:50:43,500.0,3.14,S
2021-06-04T10:50:40,300.0,3.14,S
2021-06-04T10:50:34,200.0,3.14,S
2021-06-04T10:49:57,100.0,3.14,S
2021-06-04T10:49:17,5000.0,3.14,S
2021-06-04T10:48:56,7200.0,3.14,S
2021-06-04T10:48:55,3000.0,3.14,S
2021-06-04T10:48:55,14000.0,3.14,S
2021-06-04T10:48:55,55800.0,3.14,S
2021-06-04T10:48:20,1000.0,3.14,S
2021-06-04T10:48:15,400.0,3.14,S
2021-06-04T10:48:05,200.0,3.14,S
2021-06-04T10:47:50,13100.0,3.14,S
2021-06-04T10:47:50,3900.0,3.14,S
2021-06-04T10:47:49,16800.0,3.14,S
2021-06-04T10:47:49,8000.0,3.14,S
2021-06-04T10:47:49,6300.0,3.14,S
2021-06-04T10:47:49,36600.0,3.14,S
2021-06-04T10:47:49,10100.0,3.14,S
2021-06-04T10:47:49,300.0,3.14,S
2021-06-04T10:47:49,101200.0,3.14,S
2021-06-04T10:47:49,500.0,3.14,S
2021-06-04T10:47:49,13000.0,3.14,S
2021-06-04T10:47:49,2200.0,3.14,S
2021-06-04T10:47:49,22000.0,3.14,S
2021-06-04T10:47:49,11800.0,3.14,S
2021-06-04T10:47:49,64200.0,3.14,S
2021-06-04T10:47:49,30600.0,3.14,S
2021-06-04T10:47:49,1000.0,3.14,S
2021-06-04T10:47:49,9100.0,3.14,S
2021-06-04T10:47:49,500.0,3.14,S
2021-06-04T10:47:49,15000.0,3.14,S
2021-06-04T10:47:49,1400.0,3.14,S
2021-06-04T10:47:49,22300.0,3.14,S
2021-06-04T10:47:49,65000.0,3.14,S
2021-06-04T10:47:49,34400.0,3.14,S
2021-06-04T10:47:48,10700.0,3.14,S
2021-06-04T10:47:20,200.0,3.14,S
2021-06-04T10:46:46,200.0,3.14,S
2021-06-04T10:45:13,1000.0,3.14,S
2021-06-04T10:44:33,1500.0,3.14,S
2021-06-04T10:44:33,5600.0,3.14,S
2021-06-04T10:44:33,2300.0,3.14,S
2021-06-04T10:44:33,5500.0,3.14,S
2021-06-04T10:43:49,100.0,3.14,S
2021-06-04T10:43:40,1000.0,3.14,S
2021-06-04T10:43:21,2600.0,3.14,S
2021-06-04T10:42:59,7800.0,3.14,S
2021-06-04T10:42:59,2200.0,3.14,S
2021-06-04T10:42:54,100.0,3.14,S
2021-06-04T10:42:51,3300.0,3.14,S
2021-06-04T10:42:51,6700.0,3.14,S
2021-06-04T10:42:30,10000.0,3.14,S
2021-06-04T10:42:20,20000.0,3.14,S
2021-06-04T10:42:13,900.0,3.14,S
2021-06-04T10:42:09,100.0,3.14,S
2021-06-04T10:41:30,500.0,3.14,S
2021-06-04T10:41:02,1000.0,3.14,S
2021-06-04T10:41:02,1000.0,3.14,S
2021-06-04T10:40:18,100.0,3.14,S
2021-06-04T10:40:13,2000.0,3.14,S
2021-06-04T10:39:41,400.0,3.14,S
2021-06-04T10:39:14,4000.0,3.14,S
2021-06-04T10:39:10,1000.0,3.14,S
2021-06-04T10:38:08,1000.0,3.14,S
2021-06-04T10:37:54,1000.0,3.14,S
2021-06-04T10:36:26,3000.0,3.14,S
2021-06-04T10:35:26,500.0,3.14,S
2021-06-04T10:34:22,1600.0,3.14,S
2021-06-04T10:34:21,2500.0,3.14,S
2021-06-04T10:34:14,5000.0,3.14,S
2021-06-04T10:33:42,1000.0,3.14,S
2021-06-04T10:33:34,5000.0,3.14,S
2021-06-04T10:33:16,2000.0,3.14,S
2021-06-04T10:32:59,100.0,3.14,S
2021-06-04T10:32:52,1000.0,3.14,S
2021-06-04T10:32:37,200.0,3.14,S
2021-06-04T10:32:24,5000.0,3.14,S
2021-06-04T10:32:08,500.0,3.14,S
2021-06-04T10:30:58,20000.0,3.14,S
2021-06-04T10:30:39,300.0,3.14,S
2021-06-04T10:29:48,200.0,3.14,S
2021-06-04T10:29:39,7000.0,3.14,S
2021-06-04T10:29:32,20000.0,3.14,S
2021-06-04T10:29:01,10000.0,3.14,S
2021-06-04T10:27:35,2000.0,3.14,S
2021-06-04T10:27:33,300.0,3.14,S
2021-06-04T10:27:22,400.0,3.14,S
2021-06-04T10:27:22,400.0,3.14,S
2021-06-04T10:27:11,100.0,3.14,S
2021-06-04T10:26:58,700.0,3.14,S
2021-06-04T10:26:39,300.0,3.14,S
2021-06-04T10:26:01,100.0,3.14,S
2021-06-04T10:25:18,1200.0,3.14,S
2021-06-04T10:25:13,200.0,3.14,S
2021-06-04T10:24:38,12900.0,3.14,S
2021-06-04T10:24:38,600.0,3.14,S
2021-06-04T10:23:34,200.0,3.14,S
2021-06-04T10:23:01,200.0,3.14,S
2021-06-04T10:23:01,4200.0,3.14,S
2021-06-04T10:21:50,5000.0,3.14,S
2021-06-04T10:21:36,200.0,3.14,S
2021-06-04T10:21:30,200.0,3.14,S
2021-06-04T10:21:05,5000.0,3.14,S
2021-06-04T10:20:37,1000.0,3.14,S
2021-06-04T10:20:34,500.0,3.14,S
2021-06-04T10:20:22,2300.0,3.14,S
2021-06-04T10:19:27,2000.0,3.14,S
2021-06-04T10:18:19,1400.0,3.14,S
2021-06-04T10:18:19,5000.0,3.14,S
2021-06-04T10:18:19,12000.0,3.14,S
2021-06-04T10:18:19,31600.0,3.14,S
2021-06-04T10:18:14,1100.0,3.14,S
2021-06-04T10:17:45,2000.0,3.14,S
2021-06-04T10:16:38,1000.0,3.14,S
2021-06-04T10:16:27,400.0,3.14,S
2021-06-04T10:16:26,200.0,3.14,S
2021-06-04T10:16:11,1000.0,3.14,S
2021-06-04T10:15:39,1000.0,3.14,S
2021-06-04T10:15:28,6200.0,3.14,S
2021-06-04T10:15:27,5900.0,3.14,S
2021-06-04T10:15:27,7000.0,3.14,S
2021-06-04T10:15:27,7100.0,3.14,S
2021-06-04T10:15:25,900.0,3.14,S
2021-06-04T10:15:00,700.0,3.14,S
2021-06-04T10:14:47,20000.0,3.14,S
2021-06-04T10:14:47,100.0,3.14,S
2021-06-04T10:14:33,700.0,3.14,S
2021-06-04T10:14:07,1000.0,3.14,S
2021-06-04T10:14:02,300.0,3.14,S
2021-06-04T10:13:10,47500.0,3.14,S
2021-06-04T10:12:51,2400.0,3.14,S
2021-06-04T10:12:39,100.0,3.14,S
2021-06-04T10:12:20,1100.0,3.14,S
2021-06-04T10:11:09,100.0,3.14,S
2021-06-04T10:09:56,13300.0,3.14,S
2021-06-04T10:09:03,4800.0,3.14,S
2021-06-04T10:08:43,600.0,3.14,S
2021-06-04T10:08:36,2100.0,3.14,S
2021-06-04T10:07:55,100.0,3.14,S
2021-06-04T10:07:37,200.0,3.14,S
2021-06-04T10:07:20,500.0,3.14,S
2021-06-04T10:07:19,100.0,3.14,S
2021-06-04T10:06:06,100.0,3.14,S
2021-06-04T10:05:53,100.0,3.14,S
2021-06-04T10:05:11,1200.0,3.14,S
2021-06-04T10:05:09,300.0,3.14,S
2021-06-04T10:05:04,600.0,3.14,S
2021-06-04T10:03:05,4700.0,3.14,S
2021-06-04T10:01:43,800.0,3.14,S
2021-06-04T10:01:18,100.0,3.14,S
2021-06-04T10:00:44,1000.0,3.14,S
2021-06-04T10:00:32,4000.0,3.14,S
2021-06-04T10:00:19,1000.0,3.14,S
2021-06-04T10:00:08,3400.0,3.14,S
2021-06-04T10:00:06,100.0,3.14,S
2021-06-04T09:59:57,100.0,3.14,S
2021-06-04T09:59:38,200.0,3.14,S
2021-06-04T09:59:29,100.0,3.14,S
2021-06-04T09:59:10,1200.0,3.14,S
2021-06-04T09:59:02,10000.0,3.14,S
2021-06-04T09:58:32,8000.0,3.14,S
2021-06-04T09:58:19,7000.0,3.14,S
2021-06-04T09:57:24,800.0,3.14,S
2021-06-04T09:57:10,1000.0,3.14,S
2021-06-04T09:56:42,200.0,3.14,S
2021-06-04T09:56:24,300.0,3.14,S
2021-06-04T09:56:03,100.0,3.14,S
2021-06-04T09:56:00,2100.0,3.14,S
2021-06-04T09:55:49,3000.0,3.14,S
2021-06-04T09:55:41,100.0,3.14,S
2021-06-04T09:55:07,600.0,3.14,S
2021-06-04T09:54:52,5000.0,3.14,S
2021-06-04T09:54:35,400.0,3.14,S
2021-06-04T09:54:09,300.0,3.14,S
2021-06-04T09:54:06,1000.0,3.14,S
2021-06-04T09:53:59,300.0,3.14,S
2021-06-04T09:53:57,2000.0,3.14,S
2021-06-04T09:53:25,3000.0,3.14,S
2021-06-04T09:53:17,800.0,3.14,S
2021-06-04T09:53:04,5000.0,3.14,S
2021-06-04T09:53:02,100.0,3.14,S
2021-06-04T09:52:50,10000.0,3.14,S
2021-06-04T09:52:27,1000.0,3.14,S
2021-06-04T09:51:43,5000.0,3.14,S
2021-06-04T09:51:29,500.0,3.14,S
2021-06-04T09:51:19,3000.0,3.14,S
2021-06-04T09:51:14,200.0,3.14,S
2021-06-04T09:51:02,100.0,3.14,S
2021-06-04T09:50:40,2000.0,3.14,S
2021-06-04T09:50:35,100.0,3.14,S
2021-06-04T09:50:01,100.0,3.14,S
2021-06-04T09:49:52,15000.0,3.14,S
2021-06-04T09:49:36,3800.0,3.14,S
2021-06-04T09:49:28,200.0,3.14,S
2021-06-04T09:49:05,3000.0,3.14,S
2021-06-04T09:49:01,400.0,3.14,S
2021-06-04T09:48:49,600.0,3.14,S
2021-06-04T09:48:16,3000.0,3.14,S
2021-06-04T09:48:03,2000.0,3.14,S
2021-06-04T09:47:51,1400.0,3.14,S
2021-06-04T09:47:48,6400.0,3.14,S
2021-06-04T09:47:42,1000.0,3.14,S
2021-06-04T09:46:44,10000.0,3.14,S
2021-06-04T09:46:42,900.0,3.14,S
2021-06-04T09:46:35,6000.0,3.14,S
2021-06-04T09:46:35,17000.0,3.14,S
2021-06-04T09:46:35,2000.0,3.14,S
2021-06-04T09:46:34,12100.0,3.14,S
2021-06-04T09:46:29,2500.0,3.14,S
2021-06-04T09:46:22,500.0,3.14,S
2021-06-04T09:46:22,300.0,3.14,S
2021-06-04T09:46:22,6900.0,3.14,S
2021-06-04T09:46:17,500.0,3.14,S
2021-06-04T09:46:15,29000.0,3.14,S
2021-06-04T09:46:00,200.0,3.14,S
2021-06-04T09:45:43,22000.0,3.14,S
2021-06-04T09:45:13,300.0,3.14,S
2021-06-04T09:45:09,38000.0,3.14,S
2021-06-04T09:44:47,200.0,3.14,S
2021-06-04T09:44:45,300.0,3.14,S
2021-06-04T09:44:22,200.0,3.14,S
2021-06-04T09:44:08,2100.0,3.14,S
2021-06-04T09:44:08,3000.0,3.14,S
2021-06-04T09:44:08,10000.0,3.14,S
2021-06-04T09:44:08,700.0,3.14,S
2021-06-04T09:44:08,800.0,3.14,S
2021-06-04T09:44:08,1400.0,3.14,S
2021-06-04T09:44:08,19200.0,3.14,S
2021-06-04T09:43:58,500.0,3.14,S
2021-06-04T09:43:55,5000.0,3.14,S
2021-06-04T09:43:53,1300.0,3.14,S
2021-06-04T09:43:34,500.0,3.14,S
2021-06-04T09:43:12,100.0,3.14,S
2021-06-04T09:42:58,1000.0,3.14,S
2021-06-04T09:42:52,100.0,3.14,S
2021-06-04T09:42:48,2500.0,3.14,S
2021-06-04T09:42:40,8000.0,3.14,S
2021-06-04T09:42:34,3000.0,3.14,S
2021-06-04T09:42:31,5800.0,3.14,S
2021-06-04T09:42:09,400.0,3.14,S
2021-06-04T09:41:46,100.0,3.14,S
2021-06-04T09:41:45,100.0,3.14,S
2021-06-04T09:41:33,5900.0,3.14,S
2021-06-04T09:41:27,400.0,3.14,S
2021-06-04T09:41:26,4000.0,3.14,S
2021-06-04T09:41:26,10900.0,3.14,S
2021-06-04T09:41:26,15500.0,3.14,S
2021-06-04T09:41:24,3000.0,3.14,S
2021-06-04T09:41:18,26900.0,3.14,S
2021-06-04T09:41:18,600.0,3.14,S
2021-06-04T09:40:57,1000.0,3.14,S
2021-06-04T09:40:56,100.0,3.14,S
2021-06-04T09:40:24,25000.0,3.14,S
2021-06-04T09:40:22,300.0,3.14,S
2021-06-04T09:40:21,100.0,3.14,S
2021-06-04T09:40:17,600.0,3.14,S
2021-06-04T09:40:13,3000.0,3.14,S
2021-06-04T09:40:13,6700.0,3.14,S
2021-06-04T09:40:05,1000.0,3.14,S
2021-06-04T09:39:58,300.0,3.14,S
2021-06-04T09:39:47,500.0,3.14,S
2021-06-04T09:39:41,100.0,3.14,S
2021-06-04T09:39:37,600.0,3.14,S
2021-06-04T09:39:24,300.0,3.14,S
2021-06-04T09:39:20,100.0,3.14,S
2021-06-04T09:39:19,2000.0,3.14,S
2021-06-04T09:38:40,12000.0,3.14,S
2021-06-04T09:38:40,1000.0,3.14,S
2021-06-04T09:38:39,600.0,3.14,S
2021-06-04T09:38:32,100.0,3.14,S
2021-06-04T09:38:15,5600.0,3.14,S
2021-06-04T09:38:11,200.0,3.14,S
2021-06-04T09:38:09,2000.0,3.14,S
2021-06-04T09:38:06,500.0,3.14,S
2021-06-04T09:37:57,8300.0,3.14,S
2021-06-04T09:37:57,800.0,3.14,S
2021-06-04T09:37:57,1400.0,3.14,S
2021-06-04T09:37:57,13600.0,3.14,S
2021-06-04T09:37:57,12500.0,3.14,S
2021-06-04T09:37:54,5000.0,3.14,S
2021-06-04T09:37:50,200.0,3.14,S
2021-06-04T09:37:46,4700.0,3.14,S
2021-06-04T09:37:46,300.0,3.14,S
2021-06-04T09:37:45,5000.0,3.14,S
2021-06-04T09:37:45,2000.0,3.14,S
2021-06-04T09:37:33,2000.0,3.14,S
2021-06-04T09:37:33,400.0,3.14,S
2021-06-04T09:37:32,1000.0,3.14,S
2021-06-04T09:37:29,100.0,3.14,S
2021-06-04T09:37:26,4000.0,3.14,S
2021-06-04T09:37:12,3900.0,3.14,S
2021-06-04T09:37:11,10600.0,3.14,S
2021-06-04T09:37:00,100.0,3.14,S
2021-06-04T09:36:58,5000.0,3.14,S
2021-06-04T09:36:58,3000.0,3.14,S
2021-06-04T09:36:55,2000.0,3.14,S
2021-06-04T09:36:52,36000.0,3.14,S
2021-06-04T09:36:48,300.0,3.14,S
2021-06-04T09:36:45,800.0,3.14,S
2021-06-04T09:36:32,100.0,3.14,S
2021-06-04T09:36:31,300.0,3.14,S
2021-06-04T09:36:16,1000.0,3.14,S
2021-06-04T09:36:16,1200.0,3.14,S
2021-06-04T09:36:00,100.0,3.14,S
2021-06-04T09:35:50,2000.0,3.14,S
2021-06-04T09:35:48,300.0,3.14,S
2021-06-04T09:34:36,119700.0,3.14,S
2021-06-04T09:34:32,2000.0,3.14,S
2021-06-04T09:34:32,100.0,3.14,S
2021-06-04T09:34:30,100.0,3.14,B
2021-06-04T09:34:25,100.0,3.14,B
2021-06-04T09:34:24,100.0,3.14,B
2021-06-04T09:34:21,100.0,3.14,B
2021-06-04T09:34:20,800.0,3.14,B
2021-06-04T09:34:11,200.0,3.14,B
2021-06-04T09:34:03,100.0,3.14,B
2021-06-04T09:34:03,100.0,3.14,B
2021-06-04T09:34:02,1200.0,3.14,B
2021-06-04T09:34:02,500.0,3.14,B
2021-06-04T09:34:01,2000.0,3.14,B
2021-06-04T09:33:56,4100.0,3.14,B
2021-06-04T09:33:55,10000.0,3.14,B
2021-06-04T09:33:55,85900.0,3.14,B
2021-06-04T09:33:50,10000.0,3.14,B
2021-06-04T09:33:48,2000.0,3.14,B
2021-06-04T09:33:45,8000.0,3.14,B
2021-06-04T09:33:36,600.0,3.14,B
2021-06-04T09:33:25,100.0,3.14,B
2021-06-04T09:33:22,500.0,3.14,B
2021-06-04T09:33:08,10000.0,3.14,B
2021-06-04T09:33:08,300.0,3.14,B
2021-06-04T09:33:05,1000.0,3.14,B
2021-06-04T09:32:57,1000.0,3.14,B
2021-06-04T09:32:52,1200.0,3.14,B
2021-06-04T09:32:52,100.0,3.14,B
2021-06-04T09:32:51,200.0,3.14,B
2021-06-04T09:32:48,600.0,3.14,B
2021-06-04T09:32:47,100.0,3.14,B
2021-06-04T09:32:40,2000.0,3.14,B
2021-06-04T09:32:33,10000.0,3.14,B
2021-06-04T09:32:29,4700.0,3.14,B
2021-06-04T09:32:29,6800.0,3.14,B
2021-06-04T09:32:29,3800.0,3.14,B
2021-06-04T09:32:29,22400.0,3.14,B
2021-06-04T09:32:29,62300.0,3.14,B
2021-06-04T09:32:27,2000.0,3.14,B
2021-06-04T09:32:16,13000.0,3.14,B
2021-06-04T09:32:14,100.0,3.14,B
2021-06-04T09:32:13,3300.0,3.14,B
2021-06-04T09:32:08,20000.0,3.14,B
2021-06-04T09:32:07,3000.0,3.14,B
2021-06-04T09:31:57,27700.0,3.14,B
2021-06-04T09:31:57,3000.0,3.14,B
2021-06-04T09:31:57,1300.0,3.14,B
2021-06-04T09:31:57,1000.0,3.14,B
2021-06-04T09:31:56,400.0,3.14,B
2021-06-04T09:31:52,500.0,3.14,B
2021-06-04T09:31:44,100.0,3.14,B
2021-06-04T09:31:43,5000.0,3.14,B
2021-06-04T09:31:37,2000.0,3.14,B
2021-06-04T09:31:33,2000.0,3.14,B
2021-06-04T09:31:30,300.0,3.14,B
2021-06-04T09:31:27,1000.0,3.14,B
2021-06-04T09:31:27,5000.0,3.14,B
2021-06-04T09:31:22,1000.0,3.14,B
2021-06-04T09:31:18,100.0,3.14,B
2021-06-04T09:31:16,100.0,3.14,B
2021-06-04T09:31:11,41000.0,3.14,B
2021-06-04T09:31:07,400.0,3.14,B
2021-06-04T09:31:05,36000.0,3.14,B
2021-06-04T09:31:05,3000.0,3.14,B
2021-06-04T09:31:04,3000.0,3.14,B
2021-06-04T09:31:03,5000.0,3.14,B
2021-06-04T09:31:03,5000.0,3.14,B
2021-06-04T09:30:49,500.0,3.14,B
2021-06-04T09:30:45,57000.0,3.14,B
2021-06-04T09:30:42,2000.0,3.14,B
2021-06-04T09:30:41,10000.0,3.14,B
2021-06-04T09:30:41,1700.0,3.14,B
2021-06-04T09:30:41,16100.0,3.14,B
2021-06-04T09:30:39,3900.0,3.14,B
2021-06-04T09:30:35,2000.0,3.14,B
2021-06-04T09:30:31,8700.0,3.14,B
2021-06-04T09:30:28,4200.0,3.14,B
2021-06-04T09:30:19,1000.0,3.14,B
2021-06-04T09:30:12,100.0,3.14,B
2021-06-04T09:30:06,3400.0,3.14,B
2021-06-04T09:30:06,40100.0,3.14,B
2021-06-04T09:30:06,5000.0,3.14,B
2021-06-04T09:30:06,4200.0,3.14,B
2021-06-04T09:30:06,62600.0,3.14,B
2021-06-04T09:30:06,1100.0,3.14,B
2021-06-04T09:30:06,15400.0,3.14,B
2021-06-04T09:30:06,10100.0,3.14,B
2021-06-04T09:30:05,33800.0,3.14,B
2021-06-04T09:30:05,20500.0,3.14,B
2021-06-04T09:30:05,5100.0,3.14,B
2021-06-04T09:30:05,30000.0,3.14,B
2021-06-04T09:30:05,20800.0,3.14,B
2021-06-04T09:30:05,2100.0,3.14,B
2021-06-04T09:30:05,5800.0,3.14,B
2021-06-04T09:30:02,5000.0,3.14,B
2021-06-04T09:30:00,1000.0,3.14,B
2021-06-04T09:29:52,500.0,3.14,B
2021-06-04T09:29:47,200.0,3.14,B
2021-06-04T09:29:33,18000.0,3.14,B
2021-06-04T09:29:29,1000.0,3.14,B
2021-06-04T09:29:22,15000.0,3.14,B
2021-06-04T09:29:16,1000.0,3.14,B
2021-06-04T09:29:10,500.0,3.14,B
2021-06-04T09:29:06,1000.0,3.14,B
2021-06-04T09:29:02,2000.0,3.14,B
2021-06-04T09:28:58,800.0,3.14,B
2021-06-04T09:28:50,10500.0,3.14,B
2021-06-04T09:28:48,1000.0,3.14,B
2021-06-04T09:28:46,5000.0,3.14,B
2021-06-04T09:28:45,2900.0,3.14,B
2021-06-04T09:28:44,100.0,3.14,B
2021-06-04T09:28:41,3000.0,3.14,B
2021-06-04T09:28:38,100.0,3.14,B
2021-06-04T09:28:38,900.0,3.14,B
2021-06-04T09:28:34,10300.0,3.14,B
2021-06-04T09:28:33,11700.0,3.14,B
2021-06-04T09:28:28,200.0,3.14,B
2021-06-04T09:28:22,5000.0,3.14,B
2021-06-04T09:28:14,11600.0,3.14,B
2021-06-04T09:28:14,1200.0,3.14,B
2021-06-04T09:28:14,2000.0,3.14,B
2021-06-04T09:28:13,15500.0,3.14,B
2021-06-04T09:28:11,15000.0,3.14,B
2021-06-04T09:28:07,100.0,3.14,B
2021-06-04T09:28:05,10900.0,3.14,B
2021-06-04T09:28:05,4500.0,3.14,B
2021-06-04T09:28:05,34600.0,3.14,B
2021-06-04T09:27:59,400.0,3.14,B
2021-06-04T09:27:57,2000.0,3.14,B
2021-06-04T09:27:52,200.0,3.14,B
2021-06-04T09:27:51,30000.0,3.14,B
2021-06-04T09:27:51,600.0,3.14,B
2021-06-04T09:27:49,1000.0,3.14,B
2021-06-04T09:27:48,2000.0,3.14,B
2021-06-04T09:27:46,500.0,3.14,B
2021-06-04T09:27:44,200.0,3.14,B
2021-06-04T09:27:43,100.0,3.14,B
2021-06-04T09:27:42,100.0,3.14,B
2021-06-04T09:27:41,100.0,3.14,B
2021-06-04T09:27:40,4100.0,3.14,B
2021-06-04T09:27:39,5000.0,3.14,B
2021-06-04T09:27:38,12000.0,3.14,B
2021-06-04T09:27:34,1000.0,3.14,B
2021-06-04T09:27:33,24800.0,3.14,B
2021-06-04T09:27:28,1000.0,3.14,B
2021-06-04T09:27:25,10500.0,3.14,B
2021-06-04T09:27:17,90000.0,3.14,B
2021-06-04T09:27:15,3300.0,3.14,B
2021-06-04T09:27:13,1200.0,3.14,B
2021-06-04T09:27:10,1000.0,3.14,B
2021-06-04T09:27:08,10000.0,3.14,B
2021-06-04T09:27:01,300.0,3.14,B
2021-06-04T09:27:01,100.0,3.14,B
2021-06-04T09:27:00,2600.0,3.14,B
2021-06-04T09:26:58,300.0,3.14,B
2021-06-04T09:26:56,10800.0,3.13,S
2021-06-04T09:26:56,9600.0,3.13,S
2021-06-04T09:26:56,2300.0,3.14,B
2021-06-04T09:26:56,7000.0,3.14,B
2021-06-04T09:26:56,16500.0,3.14,B
2021-06-04T09:26:56,22500.0,3.14,B
2021-06-04T09:26:56,2700.0,3.14,B
2021-06-04T09:26:55,1100.0,3.14,B
2021-06-04T09:26:55,2900.0,3.14,B
2021-06-04T09:26:53,6200.0,3.14,B
2021-06-04T09:26:52,300.0,3.14,B
2021-06-04T09:26:51,1000.0,3.14,B
2021-06-04T09:26:50,4000.0,3.14,B
2021-06-04T09:26:50,1600.0,3.14,B
2021-06-04T09:26:50,100.0,3.14,B
2021-06-04T09:26:50,8300.0,3.14,B
2021-06-04T09:26:49,7000.0,3.14,B
2021-06-04T09:26:48,100.0,3.14,B
2021-06-04T09:26:47,400.0,3.14,B
2021-06-04T09:26:43,10000.0,3.14,B
2021-06-04T09:26:41,600.0,3.14,B
2021-06-04T09:26:39,3400.0,3.14,B
2021-06-04T09:26:36,1000.0,3.14,B
2021-06-04T09:26:34,5000.0,3.14,B
2021-06-04T09:26:27,700.0,3.14,B
2021-06-04T09:26:27,2200.0,3.14,B
2021-06-04T09:26:26,1600.0,3.14,B
2021-06-04T09:26:25,2000.0,3.14,B
2021-06-04T09:26:24,5000.0,3.14,B
2021-06-04T09:26:24,500.0,3.14,B
2021-06-04T09:26:23,3300.0,3.14,B
2021-06-04T09:26:23,87600.0,3.14,B
2021-06-04T09:26:19,200.0,3.14,B
2021-06-04T09:26:18,100.0,3.14,B
2021-06-04T09:26:18,1000.0,3.14,B
2021-06-04T09:26:18,100.0,3.14,B
2021-06-04T09:26:17,19500.0,3.13,S
2021-06-04T09:26:16,1800.0,3.14,B
2021-06-04T09:26:14,11600.0,3.14,B
2021-06-04T09:26:14,3200.0,3.14,B
2021-06-04T09:26:14,5200.0,3.14,B
2021-06-04T09:26:14,3000.0,3.14,B
2021-06-04T09:26:13,3000.0,3.14,B
2021-06-04T09:26:12,10000.0,3.14,B
2021-06-04T09:26:10,11200.0,3.13,S
2021-06-04T09:26:10,200.0,3.13,S
2021-06-04T09:26:10,10500.0,3.13,S
2021-06-04T09:26:10,7000.0,3.13,S
2021-06-04T09:26:10,21100.0,3.13,S
2021-06-04T09:26:10,2600.0,3.14,B
2021-06-04T09:26:09,200.0,3.14,B
2021-06-04T09:26:09,2000.0,3.14,B
2021-06-04T09:26:09,1800.0,3.14,B
2021-06-04T09:26:09,1200.0,3.14,B
2021-06-04T09:26:08,1000.0,3.14,B
2021-06-04T09:26:06,3000.0,3.14,B
2021-06-04T09:26:06,3500.0,3.14,B
2021-06-04T09:26:06,16500.0,3.14,B
2021-06-04T09:26:06,300.0,3.14,B
2021-06-04T09:26:05,100.0,3.14,B
2021-06-04T09:26:04,100.0,3.14,B
2021-06-04T09:26:03,1500.0,3.14,B
2021-06-04T09:26:03,6000.0,3.14,B
2021-06-04T09:26:02,2800.0,3.13,S
2021-06-04T09:26:00,10000.0,3.14,B
2021-06-04T09:26:00,10000.0,3.14,B
2021-06-04T09:25:56,5000.0,3.14,B
2021-06-04T09:25:55,5000.0,3.14,B
2021-06-04T09:25:53,1000.0,3.14,B
2021-06-04T09:25:52,2700.0,3.13,S
2021-06-04T09:25:51,5000.0,3.14,B
2021-06-04T09:25:51,300.0,3.14,B
2021-06-04T09:25:51,300.0,3.14,B
2021-06-04T09:25:50,400.0,3.14,B
2021-06-04T09:25:50,10000.0,3.14,B
2021-06-04T09:25:47,10500.0,3.14,B
2021-06-04T09:25:47,1000.0,3.14,B
2021-06-04T09:25:44,1800.0,3.14,B
2021-06-04T09:25:44,5000.0,3.14,B
2021-06-04T09:25:42,300.0,3.14,B
2021-06-04T09:25:41,1000.0,3.14,B
2021-06-04T09:25:39,500.0,3.13,S
2021-06-04T09:25:38,4200.0,3.14,B
2021-06-04T09:25:38,15800.0,3.14,B
2021-06-04T09:25:37,2000.0,3.14,B
2021-06-04T09:25:34,300.0,3.14,B
2021-06-04T09:25:34,5000.0,3.14,B
2021-06-04T09:25:32,3000.0,3.14,B
2021-06-04T09:25:30,10000.0,3.14,B
2021-06-04T09:25:29,2000.0,3.14,B
2021-06-04T09:25:25,6800.0,3.13,S
2021-06-04T09:25:24,2000.0,3.14,B
2021-06-04T09:25:23,2100.0,3.14,B
2021-06-04T09:25:23,4400.0,3.14,B
2021-06-04T09:25:23,11100.0,3.14,B
2021-06-04T09:25:23,10400.0,3.14,B
2021-06-04T09:25:23,200.0,3.14,B
2021-06-04T09:25:23,73000.0,3.14,B
2021-06-04T09:25:23,11600.0,3.14,B
2021-06-04T09:25:23,27200.0,3.14,B
2021-06-04T09:25:23,1400.0,3.14,B
2021-06-04T09:25:20,100.0,3.14,B
2021-06-04T09:25:17,200.0,3.14,B
2021-06-04T09:25:16,1500.0,3.14,B
2021-06-04T09:25:15,5000.0,3.14,B
2021-06-04T09:25:14,700.0,3.13,S
2021-06-04T09:25:11,700.0,3.14,B
2021-06-04T09:25:10,5000.0,3.14,B
2021-06-04T09:25:08,1000.0,3.14,B
2021-06-04T09:25:06,8900.0,3.14,B
2021-06-04T09:25:06,1100.0,3.14,B
2021-06-04T09:25:06,200.0,3.13,S
2021-06-04T09:25:03,1000.0,3.14,B
2021-06-04T09:25:03,100.0,3.14,B
2021-06-04T09:25:01,1000.0,3.14,B
2021-06-04T09:25:01,1000.0,3.14,B
2021-06-04T09:24:58,4400.0,3.14,B
2021-06-04T09:24:57,100.0,3.14,B
2021-06-04T09:24:57,100.0,3.14,B
2021-06-04T09:24:57,3000.0,3.14,B
2021-06-04T09:24:56,100.0,3.14,B
2021-06-04T09:24:54,1000.0,3.14,B
2021-06-04T09:24:53,4000.0,3.14,B
2021-06-04T09:24:52,100.0,3.14,B
2021-06-04T09:24:50,3800.0,3.14,B
2021-06-04T09:24:49,200.0,3.14,B
2021-06-04T09:24:48,300.0,3.14,B
2021-06-04T09:24:42,200.0,3.14,B
2021-06-04T09:24:42,1200.0,3.14,B
2021-06-04T09:24:42,1000.0,3.14,B
2021-06-04T09:24:42,5800.0,3.14,B
2021-06-04T09:24:41,25000.0,3.13,S
2021-06-04T09:24:40,2000.0,3.14,B
2021-06-04T09:24:40,5000.0,3.14,B
2021-06-04T09:24:40,600.0,3.14,B
2021-06-04T09:24:39,1000.0,3.14,B
2021-06-04T09:24:38,1000.0,3.13,S
2021-06-04T09:24:35,600.0,3.14,B
2021-06-04T09:24:35,1400.0,3.14,B
2021-06-04T09:24:35,9600.0,3.14,B
2021-06-04T09:24:34,500.0,3.14,B
2021-06-04T09:24:31,10700.0,3.14,B
2021-06-04T09:24:31,500.0,3.14,B
2021-06-04T09:24:31,1200.0,3.14,B
2021-06-04T09:24:31,37600.0,3.14,B
2021-06-04T09:24:28,1000.0,3.14,B
2021-06-04T09:24:25,600.0,3.14,B
2021-06-04T09:24:25,2100.0,3.14,B
2021-06-04T09:24:25,2900.0,3.14,B
2021-06-04T09:24:24,9700.0,3.13,S
2021-06-04T09:24:22,1900.0,3.14,B
2021-06-04T09:24:22,1500.0,3.14,B
2021-06-04T09:24:22,2000.0,3.14,B
2021-06-04T09:24:22,1500.0,3.14,B
2021-06-04T09:24:18,3200.0,3.14,B
2021-06-04T09:24:18,3600.0,3.14,B
2021-06-04T09:24:16,10000.0,3.14,B
2021-06-04T09:24:14,26000.0,3.13,S
2021-06-04T09:24:12,35000.0,3.14,B
2021-06-04T09:24:12,1000.0,3.14,B
2021-06-04T09:24:11,1000.0,3.14,B
2021-06-04T09:24:09,1300.0,3.14,B
2021-06-04T09:24:09,8000.0,3.14,B
2021-06-04T09:24:08,100.0,3.14,B
2021-06-04T09:24:08,5100.0,3.14,B
2021-06-04T09:24:04,200.0,3.14,B
2021-06-04T09:24:02,4300.0,3.14,B
2021-06-04T09:24:02,2000.0,3.14,B
2021-06-04T09:24:01,2000.0,3.14,B
2021-06-04T09:24:00,500.0,3.14,B
2021-06-04T09:23:58,400.0,3.14,B
2021-06-04T09:23:56,200.0,3.14,B
2021-06-04T09:23:51,600.0,3.14,B
2021-06-04T09:23:48,5000.0,3.14,B
2021-06-04T09:23:47,200.0,3.14,B
2021-06-04T09:23:46,100.0,3.14,B
2021-06-04T09:23:45,500.0,3.14,B
2021-06-04T09:23:44,5000.0,3.14,B
2021-06-04T09:23:43,600.0,3.14,B
2021-06-04T09:23:41,10000.0,3.14,B
2021-06-04T09:23:37,1900.0,3.14,B
2021-06-04T09:23:37,10000.0,3.14,B
2021-06-04T09:23:36,400.0,3.14,B
2021-06-04T09:23:36,19500.0,3.14,B
2021-06-04T09:23:34,5000.0,3.14,B
2021-06-04T09:23:34,200.0,3.14,B
2021-06-04T09:23:33,3200.0,3.14,B
2021-06-04T09:23:33,20000.0,3.14,B
2021-06-04T09:23:31,100.0,3.14,B
2021-06-04T09:23:30,5000.0,3.14,B
2021-06-04T09:23:30,500.0,3.14,B
2021-06-04T09:23:30,1000.0,3.14,B
2021-06-04T09:23:27,3000.0,3.14,B
2021-06-04T09:23:26,700.0,3.14,B
2021-06-04T09:23:25,1000.0,3.14,B
2021-06-04T09:23:25,3000.0,3.14,B
2021-06-04T09:23:24,1500.0,3.14,B
2021-06-04T09:23:22,100.0,3.13,S
2021-06-04T09:23:22,2100.0,3.13,S
2021-06-04T09:23:20,36600.0,3.14,B
2021-06-04T09:23:20,5000.0,3.14,B
2021-06-04T09:23:18,1000.0,3.14,B
2021-06-04T09:23:17,800.0,3.14,B
2021-06-04T09:23:15,10000.0,3.14,B
2021-06-04T09:23:15,500.0,3.14,B
2021-06-04T09:23:12,1700.0,3.14,B
2021-06-04T09:23:10,500.0,3.14,B
2021-06-04T09:23:10,900.0,3.14,B
2021-06-04T09:23:08,3000.0,3.13,S
2021-06-04T09:23:06,3000.0,3.13,S
2021-06-04T09:23:06,9300.0,3.14,B
2021-06-04T09:23:06,1600.0,3.14,B
2021-06-04T09:23:05,100.0,3.14,B
2021-06-04T09:23:04,10000.0,3.14,B
2021-06-04T09:23:03,1000.0,3.14,B
2021-06-04T09:23:02,500.0,3.14,B
2021-06-04T09:23:02,3000.0,3.14,B
2021-06-04T09:23:01,3000.0,3.14,B
2021-06-04T09:23:01,1700.0,3.14,B
2021-06-04T09:23:00,24100.0,3.14,B
2021-06-04T09:22:57,10000.0,3.14,B
2021-06-04T09:22:57,1000.0,3.13,S
2021-06-04T09:22:56,3000.0,3.14,B
2021-06-04T09:22:55,500.0,3.14,B
2021-06-04T09:22:53,6200.0,3.14,B
2021-06-04T09:22:51,5300.0,3.14,B
2021-06-04T09:22:50,6500.0,3.14,B
2021-06-04T09:22:50,3000.0,3.14,B
2021-06-04T09:22:50,200.0,3.14,B
2021-06-04T09:22:50,5400.0,3.14,B
2021-06-04T09:22:50,4000.0,3.14,B
2021-06-04T09:22:50,20400.0,3.14,B
2021-06-04T09:22:49,5500.0,3.14,B
2021-06-04T09:22:49,200.0,3.13,S
2021-06-04T09:22:48,16000.0,3.13,S
2021-06-04T09:22:46,800.0,3.14,B
2021-06-04T09:22:44,20000.0,3.14,B
2021-06-04T09:22:43,10000.0,3.14,B
2021-06-04T09:22:42,13500.0,3.14,B
2021-06-04T09:22:41,2000.0,3.13,S
2021-06-04T09:22:37,2000.0,3.13,S
2021-06-04T09:22:37,4500.0,3.14,B
2021-06-04T09:22:37,1500.0,3.14,B
2021-06-04T09:22:36,1100.0,3.14,B
2021-06-04T09:22:36,700.0,3.14,B
2021-06-04T09:22:35,100.0,3.13,S
2021-06-04T09:22:34,3000.0,3.14,B
2021-06-04T09:22:30,2000.0,3.14,B
2021-06-04T09:22:30,2000.0,3.14,B
2021-06-04T09:22:30,13500.0,3.13,S
2021-06-04T09:22:29,4700.0,3.13,S
2021-06-04T09:22:28,700.0,3.14,B
2021-06-04T09:22:27,600.0,3.14,B
2021-06-04T09:22:26,30000.0,3.14,B
2021-06-04T09:22:23,2000.0,3.14,B
2021-06-04T09:22:23,13000.0,3.14,B
2021-06-04T09:22:21,500.0,3.14,B
2021-06-04T09:22:21,3000.0,3.14,B
2021-06-04T09:22:20,1000.0,3.14,B
2021-06-04T09:22:20,5000.0,3.14,B
2021-06-04T09:22:19,10000.0,3.14,B
2021-06-04T09:22:17,1000.0,3.14,B
2021-06-04T09:22:16,15000.0,3.14,B
2021-06-04T09:22:16,1900.0,3.14,B
2021-06-04T09:22:16,100.0,3.14,B
2021-06-04T09:22:16,5100.0,3.14,B
2021-06-04T09:22:16,2900.0,3.14,B
2021-06-04T09:22:13,6000.0,3.13,S
2021-06-04T09:22:09,1000.0,3.14,B
2021-06-04T09:22:08,200.0,3.14,B
2021-06-04T09:22:08,300.0,3.13,S
2021-06-04T09:22:05,1000.0,3.14,B
2021-06-04T09:22:05,1100.0,3.14,B
2021-06-04T09:22:04,100.0,3.14,B
2021-06-04T09:22:02,1000.0,3.14,B
2021-06-04T09:22:00,300.0,3.14,B
2021-06-04T09:21:59,16200.0,3.14,B
2021-06-04T09:21:59,83800.0,3.14,B
2021-06-04T09:21:58,14300.0,3.14,B
2021-06-04T09:21:58,100.0,3.14,B
2021-06-04T09:21:58,3000.0,3.14,B
2021-06-04T09:21:58,13200.0,3.14,B
2021-06-04T09:21:58,8000.0,3.14,B
2021-06-04T09:21:58,21100.0,3.14,B
2021-06-04T09:21:58,8100.0,3.14,B
2021-06-04T09:21:58,10000.0,3.14,B
2021-06-04T09:21:58,51500.0,3.14,B
2021-06-04T09:21:58,170700.0,3.14,B
2021-06-04T09:21:55,500.0,3.14,B
2021-06-04T09:21:54,15200.0,3.14,B
2021-06-04T09:21:53,500.0,3.14,B
2021-06-04T09:21:51,6700.0,3.14,B
2021-06-04T09:21:49,200.0,3.14,B
2021-06-04T09:21:49,200.0,3.14,B
2021-06-04T09:21:49,25000.0,3.14,B
2021-06-04T09:21:48,700.0,3.13,S
2021-06-04T09:21:48,31300.0,3.13,S
2021-06-04T09:21:48,60000.0,3.14,B
2021-06-04T09:21:47,100.0,3.14,B
2021-06-04T09:21:46,500.0,3.14,B
2021-06-04T09:21:46,3200.0,3.14,B
2021-06-04T09:21:44,10000.0,3.14,B
2021-06-04T09:21:41,2300.0,3.13,S
2021-06-04T09:21:40,3000.0,3.14,B
2021-06-04T09:21:39,2000.0,3.14,B
2021-06-04T09:21:38,100.0,3.14,B
2021-06-04T09:21:37,2000.0,3.14,B
2021-06-04T09:21:36,20000.0,3.14,B
2021-06-04T09:21:35,2000.0,3.13,S
2021-06-04T09:21:31,200.0,3.14,B
2021-06-04T09:21:30,3000.0,3.14,B
2021-06-04T09:21:29,400.0,3.14,B
2021-06-04T09:21:27,2300.0,3.14,B
2021-06-04T09:21:27,200.0,3.14,B
2021-06-04T09:21:27,17500.0,3.14,B
2021-06-04T09:21:23,4600.0,3.14,B
2021-06-04T09:21:23,15400.0,3.14,B
2021-06-04T09:21:22,300.0,3.14,B
2021-06-04T09:21:21,300.0,3.14,B
2021-06-04T09:21:21,100.0,3.14,B
2021-06-04T09:21:20,30000.0,3.14,B
2021-06-04T09:21:19,3000.0,3.14,B
2021-06-04T09:21:18,13000.0,3.14,B
2021-06-04T09:21:18,20000.0,3.14,B
2021-06-04T09:21:18,200.0,3.14,B
2021-06-04T09:21:18,25200.0,3.14,B
2021-06-04T09:21:18,6600.0,3.14,B
2021-06-04T09:21:16,10000.0,3.13,S
2021-06-04T09:21:13,5000.0,3.14,B
2021-06-04T09:21:13,8000.0,3.14,B
2021-06-04T09:21:12,1000.0,3.13,S
2021-06-04T09:21:11,1000.0,3.13,S
2021-06-04T09:21:08,100.0,3.13,S
2021-06-04T09:21:05,5000.0,3.14,B
2021-06-04T09:21:03,5600.0,3.14,B
2021-06-04T09:21:02,7700.0,3.14,B
2021-06-04T09:21:00,100.0,3.13,S
2021-06-04T09:20:59,2500.0,3.13,S
2021-06-04T09:20:57,2100.0,3.14,B
2021-06-04T09:20:57,5000.0,3.14,B
2021-06-04T09:20:54,5000.0,3.14,B
2021-06-04T09:20:53,700.0,3.14,B
2021-06-04T09:20:51,600.0,3.14,B
2021-06-04T09:20:50,4000.0,3.14,B
2021-06-04T09:20:49,500.0,3.14,B
2021-06-04T09:20:44,700.0,3.14,B
2021-06-04T09:20:43,300.0,3.13,S
2021-06-04T09:20:42,1400.0,3.14,B
2021-06-04T09:20:41,400.0,3.14,B
2021-06-04T09:20:39,500.0,3.14,B
2021-06-04T09:20:39,500.0,3.14,B
2021-06-04T09:20:38,300.0,3.14,B
2021-06-04T09:20:38,100.0,3.14,B
2021-06-04T09:20:38,2000.0,3.13,S
2021-06-04T09:20:38,500.0,3.13,S
2021-06-04T09:20:30,3000.0,3.14,B
2021-06-04T09:20:28,300.0,3.14,B
2021-06-04T09:20:24,100.0,3.14,B
2021-06-04T09:20:23,15900.0,3.14,B
2021-06-04T09:20:23,3100.0,3.14,B
2021-06-04T09:20:23,10000.0,3.14,B
2021-06-04T09:20:22,1000.0,3.14,B
2021-06-04T09:20:21,2500.0,3.13,S
2021-06-04T09:20:17,6400.0,3.14,B
2021-06-04T09:20:17,30900.0,3.14,B
2021-06-04T09:20:14,3100.0,3.14,B
2021-06-04T09:20:14,7200.0,3.14,B
2021-06-04T09:20:10,4000.0,3.13,S
2021-06-04T09:20:10,35000.0,3.14,B
2021-06-04T09:20:10,10000.0,3.14,B
2021-06-04T09:20:07,5000.0,3.14,B
2021-06-04T09:20:04,4600.0,3.13,S
2021-06-04T09:20:04,400.0,3.13,S
2021-06-04T09:20:01,1300.0,3.14,B
2021-06-04T09:19:59,3000.0,3.14,B
2021-06-04T09:19:58,10000.0,3.14,B
2021-06-04T09:19:57,100.0,3.14,B
2021-06-04T09:19:56,300.0,3.13,S
2021-06-04T09:19:55,300.0,3.13,S
2021-06-04T09:19:55,700.0,3.13,S
2021-06-04T09:19:54,400.0,3.14,B
2021-06-04T09:19:50,100.0,3.14,B
2021-06-04T09:19:48,100.0,3.14,B
2021-06-04T09:19:46,8700.0,3.13,S
2021-06-04T09:19:46,3000.0,3.14,B
2021-06-04T09:19:43,100.0,3.14,B
2021-06-04T09:19:41,400.0,3.13,S
2021-06-04T09:19:40,500.0,3.14,B
2021-06-04T09:19:37,600.0,3.14,B
2021-06-04T09:19:37,1000.0,3.13,S
2021-06-04T09:19:36,300.0,3.14,B
2021-06-04T09:19:36,200.0,3.14,B
2021-06-04T09:19:32,1000.0,3.13,S
2021-06-04T09:19:31,1900.0,3.14,B
2021-06-04T09:19:31,4800.0,3.14,B
2021-06-04T09:19:26,10000.0,3.14,B
2021-06-04T09:19:23,300.0,3.14,B
2021-06-04T09:19:21,800.0,3.14,B
2021-06-04T09:19:20,500.0,3.14,B
2021-06-04T09:19:19,8000.0,3.13,S
2021-06-04T09:19:19,3000.0,3.14,B
2021-06-04T09:19:16,5000.0,3.14,B
2021-06-04T09:19:15,20000.0,3.14,B
2021-06-04T09:19:14,2000.0,3.14,B
2021-06-04T09:19:11,30000.0,3.13,S
2021-06-04T09:19:11,500.0,3.14,B
2021-06-04T09:19:10,1000.0,3.14,B
2021-06-04T09:19:10,1000.0,3.14,B
2021-06-04T09:19:06,200.0,3.14,B
2021-06-04T09:19:03,1300.0,3.14,B
2021-06-04T09:19:01,5100.0,3.14,B
2021-06-04T09:19:00,1500.0,3.14,B
2021-06-04T09:19:00,200.0,3.14,B
2021-06-04T09:18:58,2000.0,3.14,B
2021-06-04T09:18:56,600.0,3.14,B
2021-06-04T09:18:54,3000.0,3.14,B
2021-06-04T09:18:54,6600.0,3.14,B
2021-06-04T09:18:51,4000.0,3.13,S
2021-06-04T09:18:51,56000.0,3.14,B
2021-06-04T09:18:47,10000.0,3.14,B
2021-06-04T09:18:46,200.0,3.13,S
2021-06-04T09:18:45,1000.0,3.14,B
2021-06-04T09:18:44,5000.0,3.14,B
2021-06-04T09:18:43,6000.0,3.14,B
2021-06-04T09:18:41,100.0,3.14,B
2021-06-04T09:18:39,1000.0,3.14,B
2021-06-04T09:18:34,100.0,3.13,S
2021-06-04T09:18:33,1500.0,3.14,B
2021-06-04T09:18:33,700.0,3.14,B
2021-06-04T09:18:30,1000.0,3.14,B
2021-06-04T09:18:29,2000.0,3.13,S
2021-06-04T09:18:29,300.0,3.14,B
2021-06-04T09:18:28,100.0,3.14,B
2021-06-04T09:18:28,3200.0,3.13,S
2021-06-04T09:18:27,7400.0,3.14,B
2021-06-04T09:18:26,1000.0,3.14,B
2021-06-04T09:18:24,500.0,3.13,S
2021-06-04T09:18:22,6600.0,3.13,S
2021-06-04T09:18:21,200.0,3.13,S
2021-06-04T09:18:16,1000.0,3.13,S
2021-06-04T09:18:16,1000.0,3.14,B
2021-06-04T09:18:12,20700.0,3.13,S
2021-06-04T09:18:06,50000.0,3.14,B
2021-06-04T09:18:06,1000.0,3.13,S
2021-06-04T09:18:06,50000.0,3.14,B
2021-06-04T09:18:06,200.0,3.14,B
2021-06-04T09:18:06,1000.0,3.14,B
2021-06-04T09:18:06,100.0,3.14,B
2021-06-04T09:18:06,500.0,3.14,B
2021-06-04T09:17:52,1300.0,3.13,S
2021-06-04T09:17:52,3400.0,3.14,B
2021-06-04T09:17:52,13500.0,3.14,B
2021-06-04T09:17:52,500.0,3.13,S
2021-06-04T09:17:52,700.0,3.13,S
2021-06-04T09:17:36,20000.0,3.14,B
2021-06-04T09:17:17,1200.0,3.14,B
2021-06-04T09:17:14,200.0,3.14,B
2021-06-04T09:17:12,1500.0,3.14,B
2021-06-04T09:17:12,4000.0,3.13,S
2021-06-04T09:17:09,1000.0,3.13,S
2021-06-04T09:17:09,2000.0,3.13,S
2021-06-04T09:17:06,1000.0,3.14,B
2021-06-04T09:17:03,2000.0,3.14,B
2021-06-04T09:17:00,20600.0,3.13,S
2021-06-04T09:16:55,100.0,3.14,B
2021-06-04T09:16:54,500.0,3.14,B
2021-06-04T09:16:53,10000.0,3.13,S
2021-06-04T09:16:53,700.0,3.14,B
2021-06-04T09:16:52,2000.0,3.14,B
2021-06-04T09:16:51,3000.0,3.14,B
2021-06-04T09:16:48,700.0,3.14,B
2021-06-04T09:16:46,1000.0,3.14,B
2021-06-04T09:16:46,1000.0,3.14,B
2021-06-04T09:16:43,6000.0,3.14,B
2021-06-04T09:16:43,400.0,3.13,S
2021-06-04T09:16:41,400.0,3.14,B
2021-06-04T09:16:41,5000.0,3.14,B
2021-06-04T09:16:41,1600.0,3.14,B
2021-06-04T09:16:39,30000.0,3.13,S
2021-06-04T09:16:39,100.0,3.14,B
2021-06-04T09:16:35,5000.0,3.14,B
2021-06-04T09:16:35,78000.0,3.14,B
2021-06-04T09:16:33,900.0,3.14,B
2021-06-04T09:16:31,2000.0,3.14,B
2021-06-04T09:16:30,4000.0,3.13,S
2021-06-04T09:16:29,1000.0,3.14,B
2021-06-04T09:16:28,8100.0,3.14,B
2021-06-04T09:16:28,5000.0,3.14,B
2021-06-04T09:16:28,11900.0,3.14,B
2021-06-04T09:16:26,500.0,3.13,S
2021-06-04T09:16:25,500.0,3.13,S
2021-06-04T09:16:23,100.0,3.14,B
2021-06-04T09:16:22,100.0,3.14,B
2021-06-04T09:16:22,10000.0,3.14,B
2021-06-04T09:16:18,100.0,3.14,B
2021-06-04T09:16:18,5000.0,3.13,S
2021-06-04T09:16:17,20000.0,3.13,S
2021-06-04T09:16:13,1000.0,3.14,B
2021-06-04T09:16:12,5000.0,3.14,B
2021-06-04T09:16:07,150000.0,3.14,B
2021-06-04T09:16:06,1400.0,3.13,S
2021-06-04T09:16:06,5000.0,3.13,S
2021-06-04T09:16:04,1300.0,3.14,B
2021-06-04T09:16:02,100.0,3.14,B
2021-06-04T09:16:00,5000.0,3.14,B
2021-06-04T09:15:49,2000.0,3.14,B
2021-06-04T09:15:49,10200.0,3.14,B
2021-06-04T09:15:47,400.0,3.13,S
2021-06-04T09:15:44,800.0,3.13,S
2021-06-04T09:15:43,500.0,3.13,S
2021-06-04T09:15:41,25000.0,3.14,B
2021-06-04T09:15:40,500.0,3.14,B
