tradingTime,volume,price,side
2021-06-04T14:59:45,1000.0,11.3,B
2021-06-04T14:59:25,500.0,11.3,S
2021-06-04T14:59:10,2500.0,11.2,S
2021-06-04T14:58:25,19600.0,11.3,S
2021-06-04T14:56:25,5200.0,11.4,B
2021-06-04T14:56:15,100.0,11.4,B
2021-06-04T14:55:05,1500.0,11.4,B
2021-06-04T14:54:15,900.0,11.4,B
2021-06-04T14:52:05,3000.0,11.4,B
2021-06-04T14:49:55,400.0,11.4,B
2021-06-04T14:48:10,400.0,11.4,B
2021-06-04T14:47:30,1800.0,11.4,B
2021-06-04T14:46:40,100.0,11.4,B
2021-06-04T14:46:35,5000.0,11.4,B
2021-06-04T14:45:40,200.0,11.4,B
2021-06-04T14:45:25,400.0,11.4,B
2021-06-04T14:45:20,200.0,11.4,B
2021-06-04T14:44:50,10000.0,11.4,B
2021-06-04T14:44:20,100.0,11.4,B
2021-06-04T14:43:55,200.0,11.4,B
2021-06-04T14:43:40,300.0,11.4,B
2021-06-04T14:42:50,100.0,11.4,B
2021-06-04T14:42:20,100.0,11.3,S
2021-06-04T14:42:09,400.0,11.3,S
2021-06-04T14:41:15,2000.0,11.3,S
2021-06-04T14:37:40,1000.0,11.3,S
2021-06-04T14:34:00,2900.0,11.3,B
2021-06-04T14:33:40,400.0,11.3,B
2021-06-04T14:32:31,400.0,11.3,B
2021-06-04T14:32:25,400.0,11.3,B
2021-06-04T14:30:15,26000.0,11.3,B
2021-06-04T14:29:46,3000.0,11.3,B
2021-06-04T14:29:14,5000.0,11.3,B
2021-06-04T14:28:48,400.0,11.2,S
2021-06-04T14:26:02,2500.0,11.2,S
2021-06-04T14:25:47,1000.0,11.2,S
2021-06-04T14:25:33,300.0,11.3,B
2021-06-04T14:25:10,3900.0,11.2,S
2021-06-04T14:25:02,4000.0,11.3,B
2021-06-04T14:24:36,2800.0,11.2,S
2021-06-04T14:21:51,200.0,11.3,B
2021-06-04T14:21:42,1000.0,11.3,B
2021-06-04T14:21:06,100.0,11.3,B
2021-06-04T14:20:53,500.0,11.3,B
2021-06-04T14:20:38,3400.0,11.3,B
2021-06-04T14:20:07,300.0,11.2,S
2021-06-04T14:18:52,200.0,11.3,B
2021-06-04T14:18:38,100.0,11.3,B
2021-06-04T14:16:33,300.0,11.2,S
2021-06-04T14:15:48,500.0,11.2,S
2021-06-04T14:15:46,200.0,11.2,S
2021-06-04T14:15:39,6000.0,11.1,S
2021-06-04T14:14:16,400.0,11.2,S
2021-06-04T14:13:52,600.0,11.2,S
2021-06-04T14:13:30,900.0,11.2,S
2021-06-04T14:13:23,200.0,11.2,B
2021-06-04T14:13:00,900.0,11.2,B
2021-06-04T14:11:47,2300.0,11.2,S
2021-06-04T14:11:24,100.0,11.2,S
2021-06-04T14:11:17,100.0,11.2,B
2021-06-04T14:10:49,100.0,11.2,B
2021-06-04T14:09:57,200.0,11.2,B
2021-06-04T14:06:33,2000.0,11.2,S
2021-06-04T14:04:08,1000.0,11.2,S
2021-06-04T14:03:09,5000.0,11.2,B
2021-06-04T14:03:02,1200.0,11.2,B
2021-06-04T14:02:47,1000.0,11.2,B
2021-06-04T14:02:28,1000.0,11.2,B
2021-06-04T14:02:16,3000.0,11.2,B
2021-06-04T14:01:52,1200.0,11.2,B
2021-06-04T14:00:30,100.0,11.2,B
2021-06-04T14:00:05,1000.0,11.2,B
2021-06-04T13:58:48,200.0,11.1,S
2021-06-04T13:54:30,3000.0,11.1,S
2021-06-04T13:53:13,5000.0,11.1,S
2021-06-04T13:53:08,500.0,11.1,S
2021-06-04T13:52:10,3400.0,11.1,S
2021-06-04T13:51:31,2200.0,11.1,S
2021-06-04T13:51:15,200.0,11.2,B
2021-06-04T13:50:45,30000.0,11.1,S
2021-06-04T13:50:32,100.0,11.2,B
2021-06-04T13:48:47,500.0,11.2,B
2021-06-04T13:48:16,5500.0,11.1,S
2021-06-04T13:47:45,500.0,11.2,B
2021-06-04T13:47:39,400.0,11.2,B
2021-06-04T13:46:41,300.0,11.2,B
2021-06-04T13:46:34,6600.0,11.2,S
2021-06-04T13:46:25,10000.0,11.2,S
2021-06-04T13:46:06,500.0,11.2,S
2021-06-04T13:43:52,1200.0,11.3,B
2021-06-04T13:43:47,100.0,11.2,S
2021-06-04T13:41:43,100.0,11.3,B
2021-06-04T13:40:40,100.0,11.3,B
2021-06-04T13:40:10,1000.0,11.2,S
2021-06-04T13:35:55,300.0,11.3,B
2021-06-04T13:35:54,1000.0,11.2,S
2021-06-04T13:35:48,2000.0,11.2,S
2021-06-04T13:35:41,2000.0,11.2,S
2021-06-04T13:35:10,4000.0,11.2,S
2021-06-04T13:35:00,2000.0,11.3,B
2021-06-04T13:34:34,500.0,11.3,B
2021-06-04T13:32:20,1400.0,11.3,B
2021-06-04T13:32:02,100.0,11.3,B
2021-06-04T13:31:23,500.0,11.3,B
2021-06-04T13:30:33,100.0,11.2,S
2021-06-04T13:29:54,100.0,11.2,S
2021-06-04T13:29:09,5000.0,11.3,B
2021-06-04T13:28:39,2000.0,11.3,B
2021-06-04T13:28:24,100.0,11.3,B
2021-06-04T13:24:19,7000.0,11.2,B
2021-06-04T13:23:19,1000.0,11.2,B
2021-06-04T13:22:03,10000.0,11.2,B
2021-06-04T13:22:00,2000.0,11.2,B
2021-06-04T13:21:41,100.0,11.2,B
2021-06-04T13:20:27,200.0,11.2,B
2021-06-04T13:19:27,300.0,11.1,S
2021-06-04T13:19:24,5000.0,11.1,S
2021-06-04T13:17:36,400.0,11.1,S
2021-06-04T13:15:51,500.0,11.2,B
2021-06-04T13:15:09,200.0,11.1,S
2021-06-04T13:15:07,10000.0,11.1,S
2021-06-04T13:14:58,700.0,11.1,S
2021-06-04T13:14:25,500.0,11.1,S
2021-06-04T13:14:21,1000.0,11.1,S
2021-06-04T13:13:18,300.0,11.1,S
2021-06-04T13:12:08,500.0,11.1,S
2021-06-04T13:12:07,1000.0,11.1,S
2021-06-04T13:12:05,300.0,11.1,S
2021-06-04T13:10:31,1000.0,11.1,S
2021-06-04T13:10:25,700.0,11.1,S
2021-06-04T13:09:32,2300.0,11.1,S
2021-06-04T13:08:36,1000.0,11.1,S
2021-06-04T13:08:35,100.0,11.1,S
2021-06-04T13:07:02,500.0,11.1,S
2021-06-04T13:06:37,1000.0,11.1,S
2021-06-04T13:06:36,2000.0,11.1,S
2021-06-04T13:06:13,800.0,11.1,S
2021-06-04T13:05:44,100.0,11.2,B
2021-06-04T13:04:57,1500.0,11.1,S
2021-06-04T13:04:55,200.0,11.2,B
2021-06-04T13:04:42,2000.0,11.1,S
2021-06-04T13:04:21,1200.0,11.1,S
2021-06-04T13:04:01,5000.0,11.1,S
2021-06-04T13:03:38,400.0,11.1,S
2021-06-04T13:02:51,100.0,11.2,B
2021-06-04T13:02:33,1100.0,11.1,S
2021-06-04T13:00:36,200.0,11.2,B
2021-06-04T13:00:36,100.0,11.2,B
2021-06-04T13:00:32,100.0,11.2,B
2021-06-04T13:00:13,2000.0,11.2,B
2021-06-04T13:00:10,1000.0,11.2,B
2021-06-04T13:00:08,800.0,11.2,S
2021-06-04T13:00:08,100.0,11.2,S
2021-06-04T11:28:38,100.0,11.3,B
2021-06-04T11:28:20,700.0,11.2,S
2021-06-04T11:28:05,100.0,11.2,S
2021-06-04T11:27:06,2000.0,11.2,S
2021-06-04T11:26:30,5000.0,11.2,S
2021-06-04T11:26:20,700.0,11.2,S
2021-06-04T11:24:35,3000.0,11.3,B
2021-06-04T11:21:54,100.0,11.3,B
2021-06-04T11:21:33,500.0,11.2,S
2021-06-04T11:18:25,900.0,11.2,S
2021-06-04T11:18:09,20000.0,11.2,S
2021-06-04T11:18:04,4600.0,11.2,S
2021-06-04T11:17:15,1000.0,11.2,S
2021-06-04T11:16:38,1000.0,11.2,S
2021-06-04T11:15:30,200.0,11.2,S
2021-06-04T11:14:46,700.0,11.3,B
2021-06-04T11:13:39,20000.0,11.2,S
2021-06-04T11:12:52,5700.0,11.2,S
2021-06-04T11:12:48,30000.0,11.2,S
2021-06-04T11:12:08,300.0,11.2,S
2021-06-04T11:11:51,2900.0,11.2,S
2021-06-04T11:09:51,100.0,11.2,S
2021-06-04T11:09:34,1800.0,11.3,B
2021-06-04T11:08:24,3600.0,11.2,S
2021-06-04T11:05:19,300.0,11.3,B
2021-06-04T11:03:50,300.0,11.3,B
2021-06-04T11:03:17,100.0,11.3,B
2021-06-04T11:02:40,5000.0,11.3,B
2021-06-04T11:01:04,200.0,11.2,S
2021-06-04T11:01:00,500.0,11.2,S
2021-06-04T10:59:19,200.0,11.3,B
2021-06-04T10:58:57,1000.0,11.3,B
2021-06-04T10:58:15,200.0,11.3,B
2021-06-04T10:58:14,500.0,11.3,B
2021-06-04T10:58:06,100.0,11.3,B
2021-06-04T10:57:32,5000.0,11.3,B
2021-06-04T10:57:27,300.0,11.3,B
2021-06-04T10:57:04,5000.0,11.3,B
2021-06-04T10:55:51,100.0,11.3,B
2021-06-04T10:55:10,500.0,11.3,B
2021-06-04T10:54:33,300.0,11.3,B
2021-06-04T10:54:22,200.0,11.3,B
2021-06-04T10:54:12,500.0,11.3,B
2021-06-04T10:52:40,200.0,11.3,B
2021-06-04T10:52:34,12700.0,11.3,S
2021-06-04T10:52:18,2000.0,11.3,S
2021-06-04T10:50:46,3000.0,11.3,S
2021-06-04T10:49:42,8000.0,11.3,S
2021-06-04T10:49:37,500.0,11.4,B
2021-06-04T10:48:39,500.0,11.4,B
2021-06-04T10:47:59,1000.0,11.4,B
2021-06-04T10:47:14,100.0,11.4,B
2021-06-04T10:45:58,300.0,11.4,B
2021-06-04T10:45:43,100.0,11.3,S
2021-06-04T10:42:59,1000.0,11.4,B
2021-06-04T10:42:39,100.0,11.3,S
2021-06-04T10:42:01,200.0,11.4,B
2021-06-04T10:39:30,900.0,11.4,B
2021-06-04T10:38:28,300.0,11.4,B
2021-06-04T10:36:17,300.0,11.3,S
2021-06-04T10:35:46,700.0,11.3,B
2021-06-04T10:35:14,200.0,11.3,B
2021-06-04T10:34:45,3000.0,11.3,B
2021-06-04T10:34:41,400.0,11.3,B
2021-06-04T10:34:05,100.0,11.3,B
2021-06-04T10:34:00,100.0,11.3,B
2021-06-04T10:33:29,1000.0,11.3,B
2021-06-04T10:33:24,5000.0,11.3,B
2021-06-04T10:32:21,2000.0,11.3,B
2021-06-04T10:30:40,2000.0,11.3,B
2021-06-04T10:29:33,300.0,11.3,B
2021-06-04T10:29:18,100.0,11.3,B
2021-06-04T10:29:09,1400.0,11.3,B
2021-06-04T10:28:30,100.0,11.3,B
2021-06-04T10:28:15,16100.0,11.3,B
2021-06-04T10:26:56,1100.0,11.3,S
2021-06-04T10:25:09,1300.0,11.3,S
2021-06-04T10:24:59,200.0,11.4,B
2021-06-04T10:24:28,500.0,11.4,B
2021-06-04T10:23:24,1100.0,11.4,B
2021-06-04T10:22:58,200.0,11.4,B
2021-06-04T10:21:37,100.0,11.4,B
2021-06-04T10:21:20,5000.0,11.4,B
2021-06-04T10:21:10,1000.0,11.4,B
2021-06-04T10:21:04,13000.0,11.3,S
2021-06-04T10:20:50,100.0,11.4,B
2021-06-04T10:20:20,2000.0,11.4,B
2021-06-04T10:20:15,3600.0,11.4,B
2021-06-04T10:20:07,3000.0,11.4,B
2021-06-04T10:20:03,15000.0,11.4,B
2021-06-04T10:19:44,1000.0,11.4,B
2021-06-04T10:18:43,200.0,11.4,B
2021-06-04T10:15:05,2000.0,11.4,B
2021-06-04T10:14:41,300.0,11.4,B
2021-06-04T10:14:09,800.0,11.4,B
2021-06-04T10:11:19,9500.0,11.4,B
2021-06-04T10:11:14,900.0,11.4,B
2021-06-04T10:10:43,200.0,11.4,B
2021-06-04T10:10:32,600.0,11.4,B
2021-06-04T10:10:22,200.0,11.4,B
2021-06-04T10:10:07,100.0,11.4,B
2021-06-04T10:09:02,12100.0,11.4,B
2021-06-04T10:07:24,300.0,11.4,B
2021-06-04T10:07:21,100.0,11.4,B
2021-06-04T10:06:50,1600.0,11.4,B
2021-06-04T10:06:44,2000.0,11.4,B
2021-06-04T10:06:09,100.0,11.4,B
2021-06-04T10:05:41,20000.0,11.3,S
2021-06-04T10:05:33,1000.0,11.3,S
2021-06-04T10:05:16,10000.0,11.3,S
2021-06-04T10:03:51,200.0,11.3,S
2021-06-04T10:03:03,100.0,11.3,S
2021-06-04T10:02:52,500.0,11.3,S
2021-06-04T10:02:36,1400.0,11.3,S
2021-06-04T10:02:29,1000.0,11.3,S
2021-06-04T10:00:12,100.0,11.3,S
2021-06-04T09:58:41,400.0,11.3,S
2021-06-04T09:58:07,2000.0,11.3,S
2021-06-04T09:57:49,100.0,11.3,S
2021-06-04T09:56:11,3000.0,11.3,S
2021-06-04T09:55:36,300.0,11.3,S
2021-06-04T09:54:24,100.0,11.4,B
2021-06-04T09:54:07,200.0,11.3,S
2021-06-04T09:53:53,3000.0,11.3,S
2021-06-04T09:53:24,2000.0,11.3,S
2021-06-04T09:50:20,800.0,11.3,B
2021-06-04T09:50:16,500.0,11.3,B
2021-06-04T09:50:01,1000.0,11.3,B
2021-06-04T09:49:38,5000.0,11.3,B
2021-06-04T09:49:11,10000.0,11.3,B
2021-06-04T09:48:45,1700.0,11.2,S
2021-06-04T09:48:38,2300.0,11.2,S
2021-06-04T09:47:51,100.0,11.2,S
2021-06-04T09:47:51,1000.0,11.2,S
2021-06-04T09:47:40,7700.0,11.2,S
2021-06-04T09:47:23,1900.0,11.2,B
2021-06-04T09:47:21,5000.0,11.2,B
2021-06-04T09:47:12,100.0,11.2,B
2021-06-04T09:46:29,1000.0,11.2,B
2021-06-04T09:45:20,500.0,11.0,S
2021-06-04T09:45:18,300.0,11.0,S
2021-06-04T09:45:17,8700.0,11.0,S
2021-06-04T09:45:16,35000.0,11.1,S
2021-06-04T09:44:59,25000.0,11.2,S
2021-06-04T09:44:15,24100.0,11.2,S
2021-06-04T09:44:13,1100.0,11.3,B
2021-06-04T09:42:37,500.0,11.2,S
2021-06-04T09:42:36,500.0,11.3,B
2021-06-04T09:42:28,200.0,11.3,B
2021-06-04T09:42:15,1000.0,11.3,B
2021-06-04T09:42:09,100.0,11.2,S
2021-06-04T09:41:31,200.0,11.2,S
2021-06-04T09:39:58,100.0,11.2,S
2021-06-04T09:39:04,10000.0,11.2,S
2021-06-04T09:39:00,700.0,11.3,B
2021-06-04T09:38:11,1000.0,11.3,B
2021-06-04T09:37:52,1600.0,11.3,B
2021-06-04T09:37:52,7400.0,11.3,S
2021-06-04T09:36:49,100.0,11.4,B
2021-06-04T09:36:39,1000.0,11.4,B
2021-06-04T09:36:27,300.0,11.4,B
2021-06-04T09:36:26,100.0,11.4,B
2021-06-04T09:36:23,1000.0,11.4,B
2021-06-04T09:35:53,2900.0,11.4,B
2021-06-04T09:33:59,200.0,11.3,S
2021-06-04T09:32:45,200.0,11.3,S
2021-06-04T09:32:17,500.0,11.3,S
2021-06-04T09:31:48,1000.0,11.3,S
2021-06-04T09:31:05,1000.0,11.3,S
2021-06-04T09:30:01,200.0,11.3,S
2021-06-04T09:29:40,100.0,11.3,S
2021-06-04T09:29:14,100.0,11.3,S
2021-06-04T09:28:24,100.0,11.3,S
2021-06-04T09:28:01,4500.0,11.3,B
2021-06-04T09:27:47,1000.0,11.2,S
2021-06-04T09:27:34,500.0,11.3,S
2021-06-04T09:27:26,50000.0,11.2,S
2021-06-04T09:26:56,600.0,11.3,S
2021-06-04T09:26:41,500.0,11.3,S
2021-06-04T09:26:16,600.0,11.3,B
2021-06-04T09:25:51,2600.0,11.3,S
2021-06-04T09:25:46,300.0,11.3,S
2021-06-04T09:25:13,300.0,11.3,S
2021-06-04T09:25:08,100.0,11.3,S
2021-06-04T09:25:00,100.0,11.3,S
2021-06-04T09:24:59,9500.0,11.3,B
2021-06-04T09:24:55,1500.0,11.3,B
2021-06-04T09:24:42,300.0,11.3,B
2021-06-04T09:24:11,1000.0,11.3,B
2021-06-04T09:23:56,500.0,11.3,B
2021-06-04T09:23:35,500.0,11.3,B
2021-06-04T09:23:26,300.0,11.2,S
2021-06-04T09:23:15,1500.0,11.2,S
2021-06-04T09:23:13,200.0,11.3,B
2021-06-04T09:23:02,1000.0,11.2,S
2021-06-04T09:22:00,15000.0,11.2,S
2021-06-04T09:21:22,300.0,11.3,B
2021-06-04T09:20:52,5000.0,11.3,B
2021-06-04T09:19:11,1100.0,11.2,S
2021-06-04T09:19:05,10000.0,11.2,S
2021-06-04T09:18:59,10000.0,11.2,S
2021-06-04T09:18:53,10000.0,11.2,S
2021-06-04T09:18:48,100.0,11.2,S
2021-06-04T09:18:42,1900.0,11.2,S
2021-06-04T09:18:42,100.0,11.2,S
2021-06-04T09:18:39,2000.0,11.2,S
2021-06-04T09:18:06,1200.0,11.2,S
2021-06-04T09:18:06,500.0,11.3,B
2021-06-04T09:18:06,200.0,11.3,B
2021-06-04T09:17:21,3000.0,11.2,S
2021-06-04T09:17:05,500.0,11.3,B
2021-06-04T09:16:31,1000.0,11.3,B
2021-06-04T09:15:56,1600.0,11.2,S
2021-06-04T09:15:45,1000.0,11.2,S
2021-06-04T09:15:03,2100.0,11.3,B
2021-06-04T09:14:28,300.0,11.2,S
2021-06-04T09:13:54,1000.0,11.3,B
2021-06-04T09:13:53,100.0,11.3,B
2021-06-04T09:13:36,1000.0,11.3,B
2021-06-04T09:13:35,100.0,11.3,B
2021-06-04T09:13:34,24900.0,11.3,S
2021-06-04T09:13:26,1000.0,11.3,S
2021-06-04T09:12:14,1900.0,11.3,S
2021-06-04T09:11:36,300.0,11.3,S
2021-06-04T09:10:23,100.0,11.3,S
2021-06-04T09:09:55,4500.0,11.3,S
2021-06-04T09:09:55,5000.0,11.3,S
2021-06-04T09:09:30,3000.0,11.3,S
2021-06-04T09:08:08,700.0,11.3,S
2021-06-04T09:08:02,1300.0,11.3,S
2021-06-04T09:08:02,300.0,11.3,S
2021-06-04T09:07:47,200.0,11.3,S
2021-06-04T09:06:57,1000.0,11.3,S
2021-06-04T09:06:20,200.0,11.4,B
2021-06-04T09:06:02,500.0,11.4,B
2021-06-04T09:05:30,4000.0,11.4,B
2021-06-04T09:04:51,100.0,11.4,B
2021-06-04T09:04:37,100.0,11.4,B
2021-06-04T09:04:25,1000.0,11.4,B
2021-06-04T09:04:19,200.0,11.4,B
2021-06-04T09:03:22,1000.0,11.4,B
2021-06-04T09:03:19,100.0,11.4,B
2021-06-04T09:02:43,3000.0,11.4,B
2021-06-04T09:02:15,300.0,11.4,B
2021-06-04T09:01:18,200.0,11.4,B
2021-06-04T09:00:48,2700.0,11.4,B
2021-06-04T09:00:48,300.0,11.5,S
2021-06-04T09:00:48,200.0,11.5,B
2021-06-04T09:00:38,100.0,11.4,S
