tradingTime,volume,price,side
2021-06-04T14:30:01,200.0,13.4,S
2021-06-04T14:25:56,7000.0,13.4,S
2021-06-04T14:24:49,3000.0,13.4,S
2021-06-04T14:23:40,200.0,13.45,B
2021-06-04T14:23:16,100.0,13.4,B
2021-06-04T14:23:03,3000.0,13.35,S
2021-06-04T14:22:59,18500.0,13.4,B
2021-06-04T14:22:58,3000.0,13.4,B
2021-06-04T14:22:50,2000.0,13.4,B
2021-06-04T14:22:49,1000.0,13.4,B
2021-06-04T14:22:48,800.0,13.4,B
2021-06-04T14:22:46,500.0,13.4,B
2021-06-04T14:22:38,100.0,13.4,B
2021-06-04T14:22:31,100.0,13.4,B
2021-06-04T14:22:24,200.0,13.4,B
2021-06-04T14:22:01,1000.0,13.4,B
2021-06-04T14:21:58,500.0,13.4,B
2021-06-04T14:21:55,19800.0,13.35,S
2021-06-04T14:21:54,30200.0,13.35,S
2021-06-04T14:21:44,9600.0,13.35,S
2021-06-04T14:21:44,6000.0,13.35,S
2021-06-04T14:21:42,7700.0,13.35,S
2021-06-04T14:21:42,6700.0,13.35,S
2021-06-04T14:21:06,10900.0,13.35,S
2021-06-04T14:21:06,2500.0,13.35,S
2021-06-04T14:21:06,5100.0,13.35,S
2021-06-04T14:21:06,1500.0,13.35,S
2021-06-04T14:20:13,10000.0,13.35,S
2021-06-04T14:20:02,300.0,13.4,B
2021-06-04T14:19:55,300.0,13.4,B
2021-06-04T14:19:32,600.0,13.35,S
2021-06-04T14:19:21,100.0,13.4,B
2021-06-04T14:19:15,5300.0,13.35,S
2021-06-04T14:19:09,100.0,13.35,S
2021-06-04T14:19:09,10000.0,13.4,B
2021-06-04T14:19:02,500.0,13.4,B
2021-06-04T14:18:52,100.0,13.4,B
2021-06-04T14:18:51,500.0,13.4,B
2021-06-04T14:18:36,400.0,13.4,B
2021-06-04T14:18:33,1900.0,13.4,B
2021-06-04T14:18:32,700.0,13.4,B
2021-06-04T14:18:03,2000.0,13.4,S
2021-06-04T14:17:49,3000.0,13.4,S
2021-06-04T14:17:27,200.0,13.4,S
2021-06-04T14:17:27,100.0,13.4,S
2021-06-04T14:17:25,100.0,13.4,S
2021-06-04T14:17:16,500.0,13.4,S
2021-06-04T14:17:15,900.0,13.35,S
2021-06-04T14:17:08,2000.0,13.35,S
2021-06-04T14:17:07,600.0,13.35,S
2021-06-04T14:16:43,1000.0,13.4,S
2021-06-04T14:16:40,200.0,13.35,S
2021-06-04T14:16:35,1000.0,13.4,S
2021-06-04T14:16:04,500.0,13.4,S
2021-06-04T14:15:56,100.0,13.4,S
2021-06-04T14:15:54,4000.0,13.35,S
2021-06-04T14:15:46,2000.0,13.4,S
2021-06-04T14:15:41,100.0,13.4,S
2021-06-04T14:15:39,500.0,13.4,S
2021-06-04T14:15:17,30000.0,13.35,S
2021-06-04T14:15:09,5000.0,13.4,S
2021-06-04T14:14:57,1400.0,13.4,B
2021-06-04T14:14:55,2000.0,13.4,B
2021-06-04T14:12:33,4600.0,13.4,B
2021-06-04T14:12:30,6400.0,13.35,S
2021-06-04T14:12:22,100.0,13.4,B
2021-06-04T14:12:20,2000.0,13.4,B
2021-06-04T14:12:15,10000.0,13.35,S
2021-06-04T14:12:15,5000.0,13.4,B
2021-06-04T14:12:04,5000.0,13.4,B
2021-06-04T14:11:35,10000.0,13.35,S
2021-06-04T14:11:32,100.0,13.4,B
2021-06-04T14:11:29,7400.0,13.4,B
2021-06-04T14:11:29,2600.0,13.4,B
2021-06-04T14:11:23,100.0,13.4,B
2021-06-04T14:11:19,800.0,13.4,B
2021-06-04T14:10:52,5000.0,13.4,B
2021-06-04T14:10:38,800.0,13.4,B
2021-06-04T14:10:33,5000.0,13.4,B
2021-06-04T14:10:06,10000.0,13.4,B
2021-06-04T14:10:01,2000.0,13.4,B
2021-06-04T14:09:51,2000.0,13.35,S
2021-06-04T14:09:51,500.0,13.35,S
2021-06-04T14:09:47,200.0,13.4,B
2021-06-04T14:09:46,10000.0,13.4,B
2021-06-04T14:09:37,600.0,13.4,B
2021-06-04T14:09:31,2100.0,13.35,S
2021-06-04T14:09:22,500.0,13.4,B
2021-06-04T14:09:05,11300.0,13.35,S
2021-06-04T14:08:49,200.0,13.4,B
2021-06-04T14:08:46,7400.0,13.4,B
2021-06-04T14:08:45,2000.0,13.4,B
2021-06-04T14:08:31,1500.0,13.4,B
2021-06-04T14:08:08,200.0,13.4,B
2021-06-04T14:07:52,2100.0,13.4,B
2021-06-04T14:07:31,500.0,13.4,B
2021-06-04T14:07:30,1800.0,13.4,B
2021-06-04T14:07:27,1000.0,13.4,B
2021-06-04T14:07:17,2000.0,13.4,B
2021-06-04T14:07:17,1000.0,13.4,B
2021-06-04T14:07:09,1000.0,13.4,B
2021-06-04T14:06:58,1300.0,13.4,B
2021-06-04T14:06:58,100.0,13.4,B
2021-06-04T14:06:58,200.0,13.4,B
2021-06-04T14:06:58,4400.0,13.4,B
2021-06-04T14:06:49,100.0,13.4,B
2021-06-04T14:06:40,1000.0,13.4,B
2021-06-04T14:06:29,4000.0,13.4,B
2021-06-04T14:06:23,200.0,13.4,B
2021-06-04T14:05:34,2000.0,13.4,B
2021-06-04T14:05:29,500.0,13.4,B
2021-06-04T14:05:28,800.0,13.4,B
2021-06-04T14:05:00,10000.0,13.4,B
2021-06-04T14:04:04,100.0,13.4,B
2021-06-04T14:04:04,100.0,13.35,S
2021-06-04T14:03:53,500.0,13.4,B
2021-06-04T14:03:31,1400.0,13.35,S
2021-06-04T14:03:26,300.0,13.35,S
2021-06-04T14:03:20,20000.0,13.4,B
2021-06-04T14:03:14,900.0,13.35,S
2021-06-04T14:03:13,500.0,13.4,B
2021-06-04T14:03:00,800.0,13.4,B
2021-06-04T14:02:50,100.0,13.4,B
2021-06-04T14:02:35,2000.0,13.4,B
2021-06-04T14:02:28,1000.0,13.4,B
2021-06-04T14:02:26,500.0,13.4,B
2021-06-04T14:02:21,5000.0,13.4,B
2021-06-04T14:02:05,100.0,13.4,B
2021-06-04T14:02:01,1800.0,13.35,S
2021-06-04T14:01:54,10000.0,13.4,B
2021-06-04T14:01:42,800.0,13.35,S
2021-06-04T14:01:38,1100.0,13.4,B
2021-06-04T14:01:11,600.0,13.4,B
2021-06-04T14:01:08,10000.0,13.4,B
2021-06-04T14:00:49,2000.0,13.4,B
2021-06-04T14:00:34,10000.0,13.4,B
2021-06-04T14:00:25,2000.0,13.4,B
2021-06-04T14:00:22,2000.0,13.4,B
2021-06-04T13:59:51,100.0,13.4,B
2021-06-04T13:59:46,100.0,13.4,B
2021-06-04T13:59:38,2000.0,13.35,S
2021-06-04T13:59:16,100.0,13.4,B
2021-06-04T13:59:05,500.0,13.35,S
2021-06-04T13:59:03,1900.0,13.35,S
2021-06-04T13:59:02,100.0,13.4,B
2021-06-04T13:59:02,100.0,13.4,B
2021-06-04T13:59:02,1800.0,13.4,B
2021-06-04T13:58:56,100.0,13.4,B
2021-06-04T13:58:46,10000.0,13.4,B
2021-06-04T13:58:41,5000.0,13.35,S
2021-06-04T13:58:41,10000.0,13.4,B
2021-06-04T13:57:43,15000.0,13.4,B
2021-06-04T13:57:39,100.0,13.4,B
2021-06-04T13:57:28,200.0,13.35,S
2021-06-04T13:57:25,100.0,13.4,B
2021-06-04T13:57:13,5000.0,13.35,S
2021-06-04T13:57:13,20000.0,13.4,B
2021-06-04T13:56:59,100.0,13.4,B
2021-06-04T13:56:38,15000.0,13.35,S
2021-06-04T13:56:31,5000.0,13.35,S
2021-06-04T13:56:09,5000.0,13.35,S
2021-06-04T13:55:49,6100.0,13.4,B
2021-06-04T13:55:35,100.0,13.4,B
2021-06-04T13:55:12,1000.0,13.4,B
2021-06-04T13:54:59,100.0,13.4,B
2021-06-04T13:54:47,500.0,13.35,S
2021-06-04T13:53:32,200.0,13.35,S
2021-06-04T13:53:25,2300.0,13.35,S
2021-06-04T13:53:25,100.0,13.4,B
2021-06-04T13:53:13,2000.0,13.35,S
2021-06-04T13:53:01,500.0,13.35,S
2021-06-04T13:52:54,200.0,13.4,B
2021-06-04T13:52:43,2000.0,13.35,S
2021-06-04T13:52:33,600.0,13.35,S
2021-06-04T13:52:18,400.0,13.35,S
2021-06-04T13:51:42,18800.0,13.4,B
2021-06-04T13:51:42,2500.0,13.4,B
2021-06-04T13:51:42,5000.0,13.4,B
2021-06-04T13:51:42,13700.0,13.35,B
2021-06-04T13:51:39,2900.0,13.35,B
2021-06-04T13:51:36,1500.0,13.35,B
2021-06-04T13:51:22,10000.0,13.35,B
2021-06-04T13:51:12,10000.0,13.35,B
2021-06-04T13:51:10,1000.0,13.35,B
2021-06-04T13:51:00,6000.0,13.3,S
2021-06-04T13:50:57,1000.0,13.35,B
2021-06-04T13:50:48,10700.0,13.35,B
2021-06-04T13:50:48,5900.0,13.35,B
2021-06-04T13:50:47,3400.0,13.35,B
2021-06-04T13:50:42,46000.0,13.35,B
2021-06-04T13:50:40,200.0,13.3,S
2021-06-04T13:50:38,10000.0,13.35,B
2021-06-04T13:50:35,400.0,13.3,S
2021-06-04T13:49:50,1500.0,13.35,B
2021-06-04T13:49:47,12100.0,13.3,S
2021-06-04T13:49:41,5000.0,13.35,B
2021-06-04T13:49:41,1000.0,13.35,B
2021-06-04T13:49:40,1900.0,13.35,B
2021-06-04T13:49:40,1500.0,13.35,B
2021-06-04T13:49:40,300.0,13.35,B
2021-06-04T13:49:40,5700.0,13.35,B
2021-06-04T13:49:40,20000.0,13.35,B
2021-06-04T13:49:40,20600.0,13.35,B
2021-06-04T13:49:36,1000.0,13.35,B
2021-06-04T13:49:24,50000.0,13.35,B
2021-06-04T13:49:21,4000.0,13.3,S
2021-06-04T13:49:02,15000.0,13.35,B
2021-06-04T13:48:50,20000.0,13.35,B
2021-06-04T13:48:27,200.0,13.3,S
2021-06-04T13:48:20,1000.0,13.35,B
2021-06-04T13:48:14,2000.0,13.35,B
2021-06-04T13:48:10,4000.0,13.35,B
2021-06-04T13:48:00,5000.0,13.3,S
2021-06-04T13:47:55,300.0,13.3,S
2021-06-04T13:47:52,5000.0,13.35,B
2021-06-04T13:47:49,600.0,13.35,B
2021-06-04T13:47:48,5000.0,13.35,B
2021-06-04T13:47:45,3000.0,13.35,B
2021-06-04T13:47:45,5000.0,13.35,B
2021-06-04T13:47:36,5000.0,13.35,B
2021-06-04T13:47:32,1000.0,13.3,S
2021-06-04T13:47:32,5300.0,13.3,S
2021-06-04T13:47:32,132200.0,13.3,S
2021-06-04T13:47:32,1900.0,13.3,S
2021-06-04T13:47:32,1300.0,13.3,S
2021-06-04T13:47:32,7200.0,13.3,S
2021-06-04T13:47:32,20000.0,13.35,B
2021-06-04T13:47:29,5000.0,13.35,B
2021-06-04T13:47:21,100.0,13.35,B
2021-06-04T13:47:16,5000.0,13.35,B
2021-06-04T13:47:12,5000.0,13.35,B
2021-06-04T13:47:02,5000.0,13.35,B
2021-06-04T13:47:02,10000.0,13.3,S
2021-06-04T13:46:53,200.0,13.35,B
2021-06-04T13:46:49,5000.0,13.3,S
2021-06-04T13:46:30,1000.0,13.3,S
2021-06-04T13:46:18,200.0,13.35,B
2021-06-04T13:46:11,9000.0,13.35,B
2021-06-04T13:46:10,500.0,13.3,S
2021-06-04T13:46:05,200.0,13.3,S
2021-06-04T13:45:50,500.0,13.35,B
2021-06-04T13:45:49,100.0,13.35,B
2021-06-04T13:45:45,5000.0,13.35,B
2021-06-04T13:45:38,15000.0,13.3,S
2021-06-04T13:45:33,2000.0,13.35,B
2021-06-04T13:45:27,1000.0,13.3,S
2021-06-04T13:45:18,1000.0,13.35,B
2021-06-04T13:45:12,2000.0,13.35,B
2021-06-04T13:45:04,100.0,13.35,B
2021-06-04T13:44:58,3000.0,13.3,S
2021-06-04T13:44:49,12600.0,13.3,S
2021-06-04T13:44:41,32800.0,13.3,S
2021-06-04T13:44:39,4900.0,13.3,S
2021-06-04T13:44:29,100.0,13.35,B
2021-06-04T13:44:15,1000.0,13.3,S
2021-06-04T13:44:03,100.0,13.35,B
2021-06-04T13:44:03,300.0,13.35,B
2021-06-04T13:43:59,200.0,13.35,B
2021-06-04T13:43:51,200.0,13.35,B
2021-06-04T13:43:47,100.0,13.35,B
2021-06-04T13:43:42,57700.0,13.3,S
2021-06-04T13:43:42,16100.0,13.3,S
2021-06-04T13:43:38,200.0,13.35,B
2021-06-04T13:43:35,200.0,13.35,B
2021-06-04T13:43:29,3800.0,13.3,S
2021-06-04T13:43:29,46200.0,13.3,S
2021-06-04T13:43:27,1000.0,13.35,B
2021-06-04T13:43:10,1000.0,13.35,B
2021-06-04T13:43:08,20300.0,13.3,S
2021-06-04T13:43:08,2300.0,13.3,S
2021-06-04T13:43:08,8200.0,13.3,S
2021-06-04T13:43:08,2000.0,13.3,S
2021-06-04T13:43:08,67200.0,13.3,S
2021-06-04T13:43:02,500.0,13.35,B
2021-06-04T13:42:43,200.0,13.35,B
2021-06-04T13:42:40,4000.0,13.3,S
2021-06-04T13:42:35,10500.0,13.35,B
2021-06-04T13:42:35,4700.0,13.3,S
2021-06-04T13:42:32,900.0,13.3,S
2021-06-04T13:42:23,200.0,13.35,B
2021-06-04T13:42:20,1000.0,13.35,B
2021-06-04T13:42:14,3000.0,13.35,B
2021-06-04T13:42:14,300.0,13.35,B
2021-06-04T13:42:10,4000.0,13.3,S
2021-06-04T13:42:01,5000.0,13.3,S
2021-06-04T13:42:00,5000.0,13.35,B
2021-06-04T13:41:55,1000.0,13.35,B
2021-06-04T13:41:42,200.0,13.35,B
2021-06-04T13:41:07,100.0,13.35,B
2021-06-04T13:41:06,2000.0,13.35,B
2021-06-04T13:41:06,18000.0,13.35,B
2021-06-04T13:40:56,4000.0,13.3,S
2021-06-04T13:40:41,3000.0,13.3,S
2021-06-04T13:40:35,1000.0,13.35,B
2021-06-04T13:40:32,1000.0,13.3,S
2021-06-04T13:40:32,5000.0,13.35,B
2021-06-04T13:40:30,1000.0,13.35,B
2021-06-04T13:40:26,600.0,13.3,S
2021-06-04T13:40:09,1000.0,13.35,B
2021-06-04T13:39:58,2000.0,13.3,S
2021-06-04T13:39:54,200.0,13.35,B
2021-06-04T13:39:27,12000.0,13.35,B
2021-06-04T13:39:19,300.0,13.3,S
2021-06-04T13:39:08,5000.0,13.35,B
2021-06-04T13:39:07,5000.0,13.35,B
2021-06-04T13:38:48,2000.0,13.35,B
2021-06-04T13:38:40,14000.0,13.35,B
2021-06-04T13:38:39,100.0,13.3,S
2021-06-04T13:38:34,100.0,13.35,B
2021-06-04T13:38:30,1000.0,13.35,B
2021-06-04T13:38:18,100.0,13.35,B
2021-06-04T13:38:16,1000.0,13.3,S
2021-06-04T13:38:13,1000.0,13.3,B
2021-06-04T13:37:36,4000.0,13.35,B
2021-06-04T13:37:35,2000.0,13.3,B
2021-06-04T13:37:32,10000.0,13.3,B
2021-06-04T13:37:24,10000.0,13.3,B
2021-06-04T13:37:21,400.0,13.3,B
2021-06-04T13:37:20,2000.0,13.3,B
2021-06-04T13:37:03,2000.0,13.3,B
2021-06-04T13:37:02,2000.0,13.3,B
2021-06-04T13:36:52,1000.0,13.3,B
2021-06-04T13:36:48,15000.0,13.3,B
2021-06-04T13:36:41,19600.0,13.3,B
2021-06-04T13:36:41,5000.0,13.3,B
2021-06-04T13:36:41,4500.0,13.3,B
2021-06-04T13:36:41,1400.0,13.3,B
2021-06-04T13:36:41,5200.0,13.3,B
2021-06-04T13:36:41,5300.0,13.3,B
2021-06-04T13:36:41,10100.0,13.3,B
2021-06-04T13:36:38,5000.0,13.3,B
2021-06-04T13:36:38,5000.0,13.3,B
2021-06-04T13:36:38,100.0,13.25,S
2021-06-04T13:36:36,10000.0,13.3,B
2021-06-04T13:36:35,5000.0,13.3,B
2021-06-04T13:36:33,2000.0,13.3,B
2021-06-04T13:36:31,20000.0,13.3,B
2021-06-04T13:36:27,700.0,13.25,S
2021-06-04T13:36:26,1000.0,13.3,B
2021-06-04T13:36:18,100.0,13.25,S
2021-06-04T13:36:17,300.0,13.25,S
2021-06-04T13:36:12,200.0,13.3,B
2021-06-04T13:36:10,1000.0,13.3,B
2021-06-04T13:36:07,5000.0,13.3,B
2021-06-04T13:36:02,100.0,13.3,B
2021-06-04T13:36:01,4000.0,13.3,B
2021-06-04T13:35:58,100.0,13.25,S
2021-06-04T13:35:55,200.0,13.3,B
2021-06-04T13:35:54,10000.0,13.3,B
2021-06-04T13:35:47,5000.0,13.3,B
2021-06-04T13:35:42,1000.0,13.25,S
2021-06-04T13:35:42,100.0,13.3,B
2021-06-04T13:35:33,3000.0,13.3,B
2021-06-04T13:35:31,5000.0,13.3,B
2021-06-04T13:35:29,10000.0,13.3,B
2021-06-04T13:35:16,1800.0,13.25,S
2021-06-04T13:35:15,20000.0,13.3,B
2021-06-04T13:35:10,1000.0,13.3,B
2021-06-04T13:35:02,10000.0,13.25,S
2021-06-04T13:35:02,300.0,13.3,B
2021-06-04T13:34:58,3000.0,13.25,S
2021-06-04T13:34:57,100.0,13.3,B
2021-06-04T13:34:52,200.0,13.3,B
2021-06-04T13:34:47,100.0,13.3,B
2021-06-04T13:34:40,20000.0,13.3,B
2021-06-04T13:34:22,100.0,13.3,B
2021-06-04T13:34:16,2000.0,13.25,S
2021-06-04T13:34:16,800.0,13.3,B
2021-06-04T13:34:14,5000.0,13.3,B
2021-06-04T13:34:12,100.0,13.25,S
2021-06-04T13:34:07,4600.0,13.25,S
2021-06-04T13:34:07,15000.0,13.25,S
2021-06-04T13:34:07,10300.0,13.25,S
2021-06-04T13:33:58,10000.0,13.3,B
2021-06-04T13:33:44,2000.0,13.3,B
2021-06-04T13:33:42,10000.0,13.3,B
2021-06-04T13:33:39,200.0,13.3,B
2021-06-04T13:33:36,3000.0,13.3,B
2021-06-04T13:33:26,400.0,13.3,B
2021-06-04T13:33:21,300.0,13.25,S
2021-06-04T13:33:20,3500.0,13.3,B
2021-06-04T13:33:18,1000.0,13.3,B
2021-06-04T13:33:05,800.0,13.3,B
2021-06-04T13:33:04,400.0,13.25,S
2021-06-04T13:33:04,17000.0,13.25,S
2021-06-04T13:32:35,100.0,13.25,S
2021-06-04T13:32:33,100.0,13.3,B
2021-06-04T13:32:32,100.0,13.3,B
2021-06-04T13:32:21,10000.0,13.3,B
2021-06-04T13:32:18,9900.0,13.25,S
2021-06-04T13:32:14,3000.0,13.25,S
2021-06-04T13:31:55,3200.0,13.3,B
2021-06-04T13:31:48,100.0,13.3,B
2021-06-04T13:31:45,100.0,13.25,S
2021-06-04T13:31:38,1500.0,13.3,B
2021-06-04T13:31:31,2000.0,13.3,B
2021-06-04T13:31:30,100.0,13.3,B
2021-06-04T13:31:30,400.0,13.25,S
2021-06-04T13:31:27,400.0,13.25,S
2021-06-04T13:31:26,800.0,13.25,S
2021-06-04T13:31:26,19200.0,13.25,S
2021-06-04T13:31:26,1000.0,13.3,B
2021-06-04T13:31:21,24800.0,13.25,S
2021-06-04T13:31:12,3000.0,13.25,S
2021-06-04T13:31:10,100.0,13.25,S
2021-06-04T13:31:07,600.0,13.3,B
2021-06-04T13:30:54,200.0,13.3,B
2021-06-04T13:30:53,500.0,13.3,B
2021-06-04T13:30:52,1000.0,13.3,B
2021-06-04T13:30:52,3700.0,13.3,B
2021-06-04T13:30:46,3000.0,13.25,S
2021-06-04T13:30:43,10000.0,13.25,S
2021-06-04T13:30:17,10000.0,13.3,B
2021-06-04T13:30:14,2000.0,13.3,B
2021-06-04T13:30:09,2000.0,13.3,B
2021-06-04T13:29:56,200.0,13.3,B
2021-06-04T13:29:55,50000.0,13.25,S
2021-06-04T13:29:54,200.0,13.3,B
2021-06-04T13:29:30,100.0,13.3,B
2021-06-04T13:29:27,2100.0,13.25,S
2021-06-04T13:29:27,200.0,13.25,S
2021-06-04T13:29:25,5000.0,13.25,S
2021-06-04T13:29:20,100.0,13.3,B
2021-06-04T13:29:11,6000.0,13.25,S
2021-06-04T13:29:06,20000.0,13.25,S
2021-06-04T13:29:04,100.0,13.3,B
2021-06-04T13:28:59,500.0,13.25,S
2021-06-04T13:28:56,10000.0,13.25,S
2021-06-04T13:28:55,1000.0,13.25,S
2021-06-04T13:28:47,100.0,13.25,S
2021-06-04T13:28:43,94000.0,13.25,S
2021-06-04T13:28:40,1000.0,13.25,S
2021-06-04T13:28:35,100.0,13.3,B
2021-06-04T13:28:23,2500.0,13.25,S
2021-06-04T13:28:20,20000.0,13.25,S
2021-06-04T13:28:16,2000.0,13.25,S
2021-06-04T13:28:07,6000.0,13.25,S
2021-06-04T13:28:03,2000.0,13.25,S
2021-06-04T13:28:00,100.0,13.25,S
2021-06-04T13:27:57,14200.0,13.25,S
2021-06-04T13:27:54,20000.0,13.3,B
2021-06-04T13:27:47,100.0,13.25,S
2021-06-04T13:27:44,10000.0,13.25,S
2021-06-04T13:27:33,1000.0,13.25,S
2021-06-04T13:27:31,5900.0,13.25,S
2021-06-04T13:27:30,5000.0,13.25,S
2021-06-04T13:27:30,200.0,13.25,S
2021-06-04T13:27:29,2000.0,13.25,S
2021-06-04T13:27:26,10000.0,13.25,S
2021-06-04T13:27:14,6600.0,13.25,S
2021-06-04T13:27:13,5000.0,13.25,S
2021-06-04T13:27:10,2400.0,13.25,S
2021-06-04T13:27:04,600.0,13.25,S
2021-06-04T13:27:03,500.0,13.25,S
2021-06-04T13:26:35,30000.0,13.25,S
2021-06-04T13:26:33,11800.0,13.25,S
2021-06-04T13:26:29,5000.0,13.25,S
2021-06-04T13:26:29,1200.0,13.25,S
2021-06-04T13:26:27,10000.0,13.3,B
2021-06-04T13:26:27,18800.0,13.25,S
2021-06-04T13:26:27,5700.0,13.25,S
2021-06-04T13:26:20,5000.0,13.25,S
2021-06-04T13:26:10,300.0,13.3,B
2021-06-04T13:26:09,2400.0,13.3,B
2021-06-04T13:25:47,3100.0,13.25,S
2021-06-04T13:25:47,1900.0,13.25,S
2021-06-04T13:25:38,3000.0,13.3,S
2021-06-04T13:25:36,30000.0,13.25,S
2021-06-04T13:25:35,500.0,13.3,S
2021-06-04T13:25:31,10700.0,13.25,S
2021-06-04T13:25:29,1000.0,13.3,S
2021-06-04T13:25:26,200.0,13.25,S
2021-06-04T13:25:25,300.0,13.3,S
2021-06-04T13:25:25,100.0,13.3,S
2021-06-04T13:25:25,500.0,13.3,S
2021-06-04T13:25:19,3000.0,13.3,S
2021-06-04T13:25:18,20000.0,13.25,S
2021-06-04T13:25:17,200.0,13.3,S
2021-06-04T13:25:15,3000.0,13.25,S
2021-06-04T13:25:14,4000.0,13.25,S
2021-06-04T13:25:13,4400.0,13.3,S
2021-06-04T13:25:04,1000.0,13.3,S
2021-06-04T13:25:01,10000.0,13.25,S
2021-06-04T13:25:00,500.0,13.3,S
2021-06-04T13:24:59,20000.0,13.3,S
2021-06-04T13:24:52,500.0,13.3,S
2021-06-04T13:24:50,4000.0,13.25,S
2021-06-04T13:24:44,75100.0,13.3,S
2021-06-04T13:24:44,5000.0,13.3,S
2021-06-04T13:24:34,5000.0,13.3,S
2021-06-04T13:24:29,216000.0,13.3,S
2021-06-04T13:24:28,1100.0,13.25,S
2021-06-04T13:24:14,21700.0,13.25,S
2021-06-04T13:24:14,45000.0,13.3,S
2021-06-04T13:24:14,700.0,13.3,S
2021-06-04T13:24:14,15500.0,13.3,S
2021-06-04T13:24:14,5100.0,13.3,S
2021-06-04T13:24:14,500.0,13.3,S
2021-06-04T13:24:14,500.0,13.3,S
2021-06-04T13:24:14,1000.0,13.3,S
2021-06-04T13:24:14,6400.0,13.3,S
2021-06-04T13:24:14,100.0,13.3,S
2021-06-04T13:24:14,5700.0,13.3,S
2021-06-04T13:24:14,3200.0,13.3,S
2021-06-04T13:24:14,6200.0,13.3,S
2021-06-04T13:24:13,100.0,13.3,S
2021-06-04T13:24:13,4100.0,13.3,S
2021-06-04T13:24:13,1000.0,13.3,S
2021-06-04T13:24:13,3700.0,13.3,S
2021-06-04T13:24:13,3600.0,13.3,S
2021-06-04T13:24:13,500.0,13.3,S
2021-06-04T13:24:13,2800.0,13.3,S
2021-06-04T13:24:13,1300.0,13.3,S
2021-06-04T13:24:13,5000.0,13.3,S
2021-06-04T13:24:13,3300.0,13.3,S
2021-06-04T13:24:13,13000.0,13.3,S
2021-06-04T13:24:09,9000.0,13.35,S
2021-06-04T13:24:07,500.0,13.3,S
2021-06-04T13:24:07,1200.0,13.3,S
2021-06-04T13:23:55,100.0,13.3,S
2021-06-04T13:23:41,4800.0,13.3,S
2021-06-04T13:23:31,200.0,13.3,S
2021-06-04T13:23:24,300.0,13.3,S
2021-06-04T13:23:24,300.0,13.35,S
2021-06-04T13:23:08,20000.0,13.3,S
2021-06-04T13:23:08,10600.0,13.3,S
2021-06-04T13:23:08,600.0,13.3,S
2021-06-04T13:23:08,8500.0,13.3,S
2021-06-04T13:23:03,500.0,13.35,S
2021-06-04T13:23:02,5000.0,13.35,S
2021-06-04T13:22:59,200.0,13.3,S
2021-06-04T13:22:59,4800.0,13.3,S
2021-06-04T13:22:50,100.0,13.35,S
2021-06-04T13:22:40,4000.0,13.3,S
2021-06-04T13:22:36,100.0,13.35,S
2021-06-04T13:22:34,2000.0,13.3,S
2021-06-04T13:22:34,10100.0,13.3,S
2021-06-04T13:22:29,400.0,13.3,S
2021-06-04T13:22:29,100.0,13.3,S
2021-06-04T13:22:29,400.0,13.3,S
2021-06-04T13:22:29,5000.0,13.3,S
2021-06-04T13:22:29,44100.0,13.3,S
2021-06-04T13:22:25,3000.0,13.35,S
2021-06-04T13:22:19,100.0,13.35,S
2021-06-04T13:22:14,16100.0,13.35,S
2021-06-04T13:22:09,25000.0,13.35,S
2021-06-04T13:21:50,20000.0,13.35,S
2021-06-04T13:21:40,50000.0,13.35,S
2021-06-04T13:21:31,350000.0,13.35,S
2021-06-04T13:21:12,200.0,13.4,B
2021-06-04T13:21:09,2000.0,13.4,B
2021-06-04T13:20:57,10000.0,13.4,B
2021-06-04T13:20:50,1100.0,13.35,S
2021-06-04T13:20:50,10000.0,13.35,S
2021-06-04T13:20:39,26600.0,13.35,S
2021-06-04T13:20:36,5000.0,13.4,B
2021-06-04T13:20:26,100.0,13.4,B
2021-06-04T13:20:23,4000.0,13.35,S
2021-06-04T13:20:20,1000.0,13.4,B
2021-06-04T13:20:17,1000.0,13.4,B
2021-06-04T13:20:06,1000.0,13.4,B
2021-06-04T13:20:00,2000.0,13.35,S
2021-06-04T13:19:44,1000.0,13.4,B
2021-06-04T13:18:40,500.0,13.35,S
2021-06-04T13:18:35,1200.0,13.4,B
2021-06-04T13:18:25,1000.0,13.4,B
2021-06-04T13:18:09,5000.0,13.35,S
2021-06-04T13:17:34,700.0,13.4,B
2021-06-04T13:17:28,6000.0,13.4,B
2021-06-04T13:17:21,10000.0,13.4,B
2021-06-04T13:17:20,10000.0,13.4,B
2021-06-04T13:17:17,400.0,13.4,B
2021-06-04T13:17:13,1000.0,13.4,B
2021-06-04T13:17:08,1000.0,13.4,B
2021-06-04T13:17:03,3800.0,13.4,B
2021-06-04T13:16:24,10000.0,13.35,S
2021-06-04T13:16:14,5000.0,13.35,S
2021-06-04T13:16:10,2000.0,13.4,B
2021-06-04T13:16:08,1500.0,13.4,B
2021-06-04T13:16:00,100.0,13.35,S
2021-06-04T13:15:57,200.0,13.35,S
2021-06-04T13:14:40,100.0,13.4,B
2021-06-04T13:14:24,4400.0,13.4,B
2021-06-04T13:14:24,6000.0,13.4,B
2021-06-04T13:14:23,19600.0,13.4,B
2021-06-04T13:14:18,700.0,13.35,S
2021-06-04T13:14:05,6000.0,13.35,S
2021-06-04T13:13:59,300.0,13.35,S
2021-06-04T13:13:32,200.0,13.4,B
2021-06-04T13:13:15,100.0,13.4,B
2021-06-04T13:13:14,900.0,13.4,B
2021-06-04T13:12:39,4000.0,13.4,B
2021-06-04T13:12:26,600.0,13.35,S
2021-06-04T13:12:22,2000.0,13.35,S
2021-06-04T13:11:34,6000.0,13.4,S
2021-06-04T13:11:30,900.0,13.4,S
2021-06-04T13:11:22,5200.0,13.4,S
2021-06-04T13:11:19,1600.0,13.4,S
2021-06-04T13:11:12,5000.0,13.4,S
2021-06-04T13:10:56,5700.0,13.4,S
2021-06-04T13:10:56,300.0,13.4,S
2021-06-04T13:10:55,500.0,13.4,S
2021-06-04T13:10:38,500.0,13.4,S
2021-06-04T13:10:12,2000.0,13.4,S
2021-06-04T13:10:04,1000.0,13.45,S
2021-06-04T13:09:50,1100.0,13.45,S
2021-06-04T13:09:47,3800.0,13.45,S
2021-06-04T13:09:41,58500.0,13.35,S
2021-06-04T13:09:41,3400.0,13.35,S
2021-06-04T13:09:41,4300.0,13.35,S
2021-06-04T13:09:40,73800.0,13.35,S
2021-06-04T13:09:40,2700.0,13.35,S
2021-06-04T13:09:40,400.0,13.35,S
2021-06-04T13:09:40,36000.0,13.35,S
2021-06-04T13:09:40,600.0,13.35,S
2021-06-04T13:09:40,50800.0,13.35,S
2021-06-04T13:09:40,9100.0,13.4,S
2021-06-04T13:09:40,500.0,13.4,S
2021-06-04T13:09:40,3000.0,13.4,S
2021-06-04T13:09:40,600.0,13.4,S
2021-06-04T13:09:40,1600.0,13.4,S
2021-06-04T13:09:40,2200.0,13.4,S
2021-06-04T13:09:40,1100.0,13.4,S
2021-06-04T13:09:40,1100.0,13.4,S
2021-06-04T13:09:39,48700.0,13.4,S
2021-06-04T13:09:39,1600.0,13.4,S
2021-06-04T13:09:22,2200.0,13.45,S
2021-06-04T13:09:08,3700.0,13.4,S
2021-06-04T13:08:42,1000.0,13.4,S
2021-06-04T13:08:31,1000.0,13.45,S
2021-06-04T13:08:23,500.0,13.4,S
2021-06-04T13:08:12,700.0,13.4,S
2021-06-04T13:08:12,14300.0,13.4,S
2021-06-04T13:08:07,100.0,13.4,S
2021-06-04T13:07:59,10000.0,13.4,S
2021-06-04T13:07:21,2400.0,13.4,S
2021-06-04T13:07:21,7200.0,13.4,S
2021-06-04T13:07:15,5000.0,13.4,S
2021-06-04T13:07:14,1000.0,13.4,S
2021-06-04T13:07:11,2000.0,13.4,S
2021-06-04T13:06:24,100.0,13.4,S
2021-06-04T13:06:12,5000.0,13.5,B
2021-06-04T13:06:01,100.0,13.45,S
2021-06-04T13:05:55,6000.0,13.45,S
2021-06-04T13:05:53,900.0,13.45,S
2021-06-04T13:05:33,15000.0,13.5,B
2021-06-04T13:05:23,1800.0,13.45,S
2021-06-04T13:05:15,300.0,13.45,S
2021-06-04T13:04:07,200.0,13.45,S
2021-06-04T13:02:58,1400.0,13.4,S
2021-06-04T13:02:58,3000.0,13.4,S
2021-06-04T13:02:58,500.0,13.4,S
2021-06-04T13:02:58,700.0,13.4,S
2021-06-04T13:02:58,10100.0,13.4,S
2021-06-04T13:02:58,5100.0,13.4,S
2021-06-04T13:02:58,200.0,13.4,S
2021-06-04T13:02:58,30100.0,13.4,S
2021-06-04T13:02:58,48900.0,13.45,S
2021-06-04T13:02:57,30600.0,13.45,S
2021-06-04T13:02:55,3000.0,13.5,S
2021-06-04T13:02:52,500.0,13.45,S
2021-06-04T13:02:50,100.0,13.45,S
2021-06-04T13:02:43,2000.0,13.5,S
2021-06-04T13:02:42,500.0,13.45,S
2021-06-04T13:02:30,2000.0,13.5,S
2021-06-04T13:02:16,500.0,13.45,S
2021-06-04T13:02:09,3400.0,13.45,S
2021-06-04T13:02:09,5500.0,13.45,S
2021-06-04T13:02:09,10600.0,13.45,S
2021-06-04T13:02:09,18900.0,13.45,S
2021-06-04T13:01:45,1000.0,13.45,S
2021-06-04T13:01:40,15000.0,13.45,S
2021-06-04T13:01:37,2200.0,13.45,S
2021-06-04T13:01:24,1000.0,13.45,S
2021-06-04T13:01:16,200.0,13.45,S
2021-06-04T13:01:13,10000.0,13.45,S
2021-06-04T13:01:08,3900.0,13.45,S
2021-06-04T13:00:53,200.0,13.45,S
2021-06-04T13:00:38,4100.0,13.45,S
2021-06-04T13:00:26,43000.0,13.45,S
2021-06-04T13:00:22,10000.0,13.5,S
2021-06-04T13:00:20,10000.0,13.5,S
2021-06-04T13:00:20,8600.0,13.45,S
2021-06-04T13:00:20,1000.0,13.45,S
2021-06-04T13:00:14,1000.0,13.45,S
2021-06-04T13:00:14,20000.0,13.45,S
2021-06-04T13:00:14,100.0,13.5,S
2021-06-04T13:00:14,200.0,13.45,S
2021-06-04T13:00:13,10000.0,13.5,S
2021-06-04T13:00:13,10000.0,13.5,S
2021-06-04T11:30:54,100.0,13.45,S
2021-06-04T11:30:54,5900.0,13.5,B
2021-06-04T11:30:34,100.0,13.5,B
2021-06-04T11:30:00,2100.0,13.5,B
2021-06-04T11:29:57,1000.0,13.45,S
2021-06-04T11:29:53,2300.0,13.5,B
2021-06-04T11:29:49,6000.0,13.5,B
2021-06-04T11:29:41,100.0,13.5,B
2021-06-04T11:29:40,11600.0,13.5,B
2021-06-04T11:29:09,400.0,13.5,B
2021-06-04T11:29:06,50000.0,13.45,S
2021-06-04T11:29:05,8600.0,13.55,B
2021-06-04T11:29:04,21400.0,13.55,B
2021-06-04T11:28:57,5000.0,13.5,B
2021-06-04T11:28:50,3600.0,13.5,B
2021-06-04T11:28:50,4800.0,13.5,B
2021-06-04T11:28:49,41600.0,13.5,B
2021-06-04T11:28:38,500.0,13.5,B
2021-06-04T11:28:36,1000.0,13.5,B
2021-06-04T11:28:28,100.0,13.5,B
2021-06-04T11:28:23,5000.0,13.5,B
2021-06-04T11:28:17,100.0,13.5,B
2021-06-04T11:28:08,2000.0,13.5,B
2021-06-04T11:27:42,500.0,13.55,B
2021-06-04T11:27:28,200.0,13.5,B
2021-06-04T11:27:28,5600.0,13.5,B
2021-06-04T11:27:28,3600.0,13.5,B
2021-06-04T11:27:28,100.0,13.5,B
2021-06-04T11:27:28,100.0,13.5,B
2021-06-04T11:27:28,15500.0,13.5,B
2021-06-04T11:27:28,5100.0,13.5,B
2021-06-04T11:27:28,1100.0,13.5,B
2021-06-04T11:27:28,1200.0,13.5,B
2021-06-04T11:27:28,17200.0,13.5,B
2021-06-04T11:27:25,800.0,13.5,B
2021-06-04T11:27:22,1000.0,13.5,B
2021-06-04T11:27:01,500.0,13.5,B
2021-06-04T11:26:28,400.0,13.45,S
2021-06-04T11:25:46,5000.0,13.5,S
2021-06-04T11:25:23,100.0,13.5,S
2021-06-04T11:25:09,100.0,13.5,S
2021-06-04T11:25:06,5000.0,13.5,S
2021-06-04T11:25:00,15000.0,13.5,S
2021-06-04T11:24:56,1000.0,13.5,S
2021-06-04T11:24:47,2200.0,13.5,S
2021-06-04T11:24:41,14000.0,13.5,S
2021-06-04T11:24:26,5000.0,13.5,S
2021-06-04T11:24:18,15000.0,13.5,S
2021-06-04T11:23:09,10000.0,13.5,S
2021-06-04T11:22:31,2000.0,13.55,S
2021-06-04T11:22:30,6000.0,13.55,S
2021-06-04T11:22:20,100.0,13.5,S
2021-06-04T11:22:10,1600.0,13.55,S
2021-06-04T11:22:04,700.0,13.45,S
2021-06-04T11:22:04,2600.0,13.45,S
2021-06-04T11:22:04,3600.0,13.45,S
2021-06-04T11:22:04,1000.0,13.45,S
2021-06-04T11:22:04,1500.0,13.45,S
2021-06-04T11:22:03,90600.0,13.45,S
2021-06-04T11:21:57,1200.0,13.5,S
2021-06-04T11:21:39,1000.0,13.5,S
2021-06-04T11:21:39,2000.0,13.5,S
2021-06-04T11:21:34,1000.0,13.5,S
2021-06-04T11:21:33,6600.0,13.5,S
2021-06-04T11:21:17,6000.0,13.5,S
2021-06-04T11:20:59,500.0,13.5,S
2021-06-04T11:20:49,5400.0,13.5,S
2021-06-04T11:20:49,17100.0,13.5,S
2021-06-04T11:20:49,17400.0,13.5,S
2021-06-04T11:20:40,300.0,13.55,S
2021-06-04T11:20:36,1500.0,13.5,S
2021-06-04T11:20:26,1000.0,13.5,S
2021-06-04T11:20:00,2100.0,13.55,S
2021-06-04T11:19:10,7500.0,13.5,S
2021-06-04T11:19:10,3600.0,13.5,S
2021-06-04T11:19:10,1000.0,13.5,S
2021-06-04T11:19:09,5400.0,13.5,S
2021-06-04T11:18:43,9000.0,13.5,S
2021-06-04T11:18:42,2000.0,13.5,S
2021-06-04T11:18:39,600.0,13.55,B
2021-06-04T11:18:22,5500.0,13.6,B
2021-06-04T11:18:17,500.0,13.6,B
2021-06-04T11:17:53,200.0,13.55,B
2021-06-04T11:17:46,5000.0,13.5,S
2021-06-04T11:17:45,300.0,13.55,B
2021-06-04T11:16:35,7000.0,13.5,S
2021-06-04T11:16:19,600.0,13.55,B
2021-06-04T11:15:50,5000.0,13.55,B
2021-06-04T11:15:45,7500.0,13.55,B
2021-06-04T11:15:29,2000.0,13.55,B
2021-06-04T11:15:17,5000.0,13.6,B
2021-06-04T11:15:07,500.0,13.55,B
2021-06-04T11:14:36,300.0,13.55,B
2021-06-04T11:14:31,8200.0,13.55,B
2021-06-04T11:14:29,100.0,13.55,B
2021-06-04T11:14:02,100.0,13.5,S
2021-06-04T11:13:59,6000.0,13.5,S
2021-06-04T11:13:10,300.0,13.5,S
2021-06-04T11:12:40,100.0,13.5,S
2021-06-04T11:12:27,2000.0,13.55,B
2021-06-04T11:12:07,100.0,13.5,S
2021-06-04T11:12:04,400.0,13.5,S
2021-06-04T11:12:00,1200.0,13.55,B
2021-06-04T11:12:00,800.0,13.55,B
2021-06-04T11:11:48,1500.0,13.55,B
2021-06-04T11:11:16,500.0,13.5,S
2021-06-04T11:11:15,2500.0,13.5,S
2021-06-04T11:11:15,500.0,13.55,B
2021-06-04T11:10:57,5000.0,13.6,B
2021-06-04T11:10:41,100.0,13.55,B
2021-06-04T11:10:34,300.0,13.6,B
2021-06-04T11:10:34,1100.0,13.6,B
2021-06-04T11:10:33,600.0,13.55,B
2021-06-04T11:10:23,300.0,13.5,S
2021-06-04T11:10:16,100.0,13.55,B
2021-06-04T11:10:04,5000.0,13.5,S
2021-06-04T11:10:04,2900.0,13.5,S
2021-06-04T11:09:54,2600.0,13.6,B
2021-06-04T11:09:54,1400.0,13.55,B
2021-06-04T11:09:54,16000.0,13.55,B
2021-06-04T11:09:34,4300.0,13.55,B
2021-06-04T11:09:34,200.0,13.55,B
2021-06-04T11:09:34,1000.0,13.55,B
2021-06-04T11:09:34,3200.0,13.55,B
2021-06-04T11:09:34,5000.0,13.55,B
2021-06-04T11:09:34,16300.0,13.55,B
2021-06-04T11:09:28,100.0,13.5,S
2021-06-04T11:09:15,100.0,13.55,B
2021-06-04T11:09:02,200.0,13.55,B
2021-06-04T11:08:38,20000.0,13.55,B
2021-06-04T11:08:27,2500.0,13.5,S
2021-06-04T11:08:10,46300.0,13.5,S
2021-06-04T11:08:04,4000.0,13.5,S
2021-06-04T11:07:57,3000.0,13.5,S
2021-06-04T11:07:54,500.0,13.5,S
2021-06-04T11:07:51,200.0,13.5,S
2021-06-04T11:07:43,100.0,13.5,S
2021-06-04T11:07:39,1000.0,13.5,S
2021-06-04T11:07:35,2000.0,13.5,S
2021-06-04T11:07:30,2000.0,13.5,S
2021-06-04T11:07:14,1000.0,13.5,S
2021-06-04T11:07:07,2000.0,13.5,S
2021-06-04T11:06:40,400.0,13.5,S
2021-06-04T11:06:31,2000.0,13.5,S
2021-06-04T11:06:28,1000.0,13.5,S
2021-06-04T11:06:23,1000.0,13.5,S
2021-06-04T11:06:13,1000.0,13.5,S
2021-06-04T11:06:05,12500.0,13.5,S
2021-06-04T11:06:05,8000.0,13.5,S
2021-06-04T11:06:05,3100.0,13.5,S
2021-06-04T11:06:05,4100.0,13.5,S
2021-06-04T11:05:59,15000.0,13.55,B
2021-06-04T11:05:36,17400.0,13.55,B
2021-06-04T11:05:36,2400.0,13.55,B
2021-06-04T11:05:36,16100.0,13.55,B
2021-06-04T11:05:23,5000.0,13.55,B
2021-06-04T11:05:17,5000.0,13.55,B
2021-06-04T11:04:18,50000.0,13.5,S
2021-06-04T11:04:10,100.0,13.5,S
2021-06-04T11:04:05,200.0,13.55,B
2021-06-04T11:03:48,1100.0,13.55,B
2021-06-04T11:03:45,1000.0,13.5,B
2021-06-04T11:03:35,1900.0,13.5,B
2021-06-04T11:03:01,23100.0,13.55,B
2021-06-04T11:03:01,3300.0,13.55,B
2021-06-04T11:03:01,3000.0,13.55,B
2021-06-04T11:03:01,5800.0,13.55,B
2021-06-04T11:03:01,14800.0,13.55,B
2021-06-04T11:02:59,300.0,13.55,B
2021-06-04T11:02:55,1000.0,13.55,B
2021-06-04T11:02:38,800.0,13.5,B
2021-06-04T11:02:37,3000.0,13.55,B
2021-06-04T11:02:35,500.0,13.55,B
2021-06-04T11:02:22,100.0,13.5,B
2021-06-04T11:02:02,500.0,13.5,B
2021-06-04T11:01:52,100.0,13.55,B
2021-06-04T11:01:39,2000.0,13.55,B
2021-06-04T11:00:56,2200.0,13.5,B
2021-06-04T11:00:50,100.0,13.5,B
2021-06-04T11:00:43,10000.0,13.5,B
2021-06-04T11:00:35,1100.0,13.55,B
2021-06-04T11:00:21,200.0,13.55,B
2021-06-04T11:00:16,20000.0,13.55,B
2021-06-04T11:00:16,10000.0,13.55,B
2021-06-04T11:00:16,600.0,13.55,B
2021-06-04T11:00:16,900.0,13.55,B
2021-06-04T11:00:15,18500.0,13.55,B
2021-06-04T11:00:11,300.0,13.5,B
2021-06-04T11:00:07,400.0,13.5,B
2021-06-04T10:59:52,20000.0,13.45,S
2021-06-04T10:59:32,100.0,13.5,B
2021-06-04T10:59:10,10000.0,13.45,S
2021-06-04T10:59:09,500.0,13.5,B
2021-06-04T10:59:04,100000.0,13.45,S
2021-06-04T10:58:49,100.0,13.5,B
2021-06-04T10:58:36,2600.0,13.55,B
2021-06-04T10:58:21,200.0,13.5,B
2021-06-04T10:58:00,500.0,13.45,S
2021-06-04T10:57:30,100.0,13.5,B
2021-06-04T10:57:20,200.0,13.45,B
2021-06-04T10:57:15,500.0,13.45,B
2021-06-04T10:56:49,5000.0,13.45,B
2021-06-04T10:56:49,3000.0,13.45,B
2021-06-04T10:56:37,20000.0,13.45,B
2021-06-04T10:56:33,200.0,13.45,B
2021-06-04T10:56:31,1100.0,13.45,B
2021-06-04T10:56:01,1300.0,13.45,B
2021-06-04T10:55:57,1300.0,13.45,B
2021-06-04T10:55:43,50000.0,13.45,B
2021-06-04T10:55:39,5000.0,13.45,B
2021-06-04T10:55:24,1000.0,13.45,B
2021-06-04T10:54:56,100.0,13.45,B
2021-06-04T10:54:37,100.0,13.45,B
2021-06-04T10:54:33,5000.0,13.45,B
2021-06-04T10:54:29,100.0,13.45,B
2021-06-04T10:54:25,3000.0,13.45,B
2021-06-04T10:54:21,2300.0,13.45,B
2021-06-04T10:54:18,12000.0,13.45,B
2021-06-04T10:54:18,19800.0,13.45,B
2021-06-04T10:54:17,500.0,13.45,B
2021-06-04T10:54:16,13000.0,13.55,B
2021-06-04T10:54:16,7400.0,13.5,B
2021-06-04T10:54:16,1900.0,13.5,B
2021-06-04T10:54:16,7700.0,13.5,B
2021-06-04T10:53:32,2000.0,13.5,B
2021-06-04T10:53:31,100.0,13.5,B
2021-06-04T10:53:20,30000.0,13.5,B
2021-06-04T10:53:16,1000.0,13.45,B
2021-06-04T10:53:16,2000.0,13.45,B
2021-06-04T10:53:13,500.0,13.45,B
2021-06-04T10:53:13,4500.0,13.45,B
2021-06-04T10:53:10,5000.0,13.45,B
2021-06-04T10:53:00,500.0,13.45,B
2021-06-04T10:52:57,500.0,13.45,B
2021-06-04T10:52:56,4800.0,13.5,B
2021-06-04T10:52:56,5600.0,13.5,B
2021-06-04T10:52:56,3500.0,13.5,B
2021-06-04T10:52:56,1200.0,13.5,B
2021-06-04T10:52:56,3600.0,13.5,B
2021-06-04T10:52:56,1000.0,13.5,B
2021-06-04T10:52:56,300.0,13.5,B
2021-06-04T10:52:55,10000.0,13.5,B
2021-06-04T10:52:53,200.0,13.5,B
2021-06-04T10:52:52,300.0,13.45,B
2021-06-04T10:52:52,200.0,13.45,B
2021-06-04T10:52:51,200.0,13.45,B
2021-06-04T10:52:51,800.0,13.45,B
2021-06-04T10:52:47,1200.0,13.45,B
2021-06-04T10:52:46,1000.0,13.45,B
2021-06-04T10:52:43,5000.0,13.45,B
2021-06-04T10:52:38,500.0,13.45,B
2021-06-04T10:52:36,100.0,13.45,B
2021-06-04T10:52:34,20000.0,13.45,B
2021-06-04T10:52:32,3000.0,13.45,B
2021-06-04T10:52:22,200.0,13.45,B
2021-06-04T10:52:21,2300.0,13.45,B
2021-06-04T10:52:10,100.0,13.45,S
2021-06-04T10:52:07,1000.0,13.45,S
2021-06-04T10:52:07,30000.0,13.45,S
2021-06-04T10:52:04,1000.0,13.45,S
2021-06-04T10:52:04,100.0,13.45,S
2021-06-04T10:51:59,6100.0,13.45,S
2021-06-04T10:51:55,2000.0,13.45,S
2021-06-04T10:51:54,20000.0,13.45,S
2021-06-04T10:51:49,5000.0,13.45,S
2021-06-04T10:51:44,500.0,13.45,S
2021-06-04T10:51:37,100.0,13.4,S
2021-06-04T10:51:36,100.0,13.45,S
2021-06-04T10:51:30,1000.0,13.4,S
2021-06-04T10:51:28,500.0,13.5,B
2021-06-04T10:51:28,700.0,13.5,B
2021-06-04T10:51:28,500.0,13.5,B
2021-06-04T10:51:28,1200.0,13.5,B
2021-06-04T10:51:28,500.0,13.5,B
2021-06-04T10:51:28,1600.0,13.5,B
2021-06-04T10:51:28,100.0,13.5,B
2021-06-04T10:51:28,15400.0,13.5,B
2021-06-04T10:51:23,10800.0,13.45,S
2021-06-04T10:51:18,2000.0,13.45,S
2021-06-04T10:51:14,20000.0,13.5,B
2021-06-04T10:50:41,18800.0,13.5,B
2021-06-04T10:50:41,6700.0,13.5,B
2021-06-04T10:50:41,4500.0,13.5,B
2021-06-04T10:50:17,400.0,13.5,B
2021-06-04T10:50:11,19800.0,13.5,B
2021-06-04T10:50:11,1200.0,13.45,S
2021-06-04T10:50:02,100.0,13.45,S
2021-06-04T10:50:02,6000.0,13.45,S
2021-06-04T10:49:52,100.0,13.45,S
2021-06-04T10:49:51,1000.0,13.45,S
2021-06-04T10:49:37,6200.0,13.45,S
2021-06-04T10:49:36,10000.0,13.45,S
2021-06-04T10:49:34,200.0,13.45,S
2021-06-04T10:49:29,30000.0,13.45,S
2021-06-04T10:49:12,1000.0,13.45,S
2021-06-04T10:49:11,400.0,13.45,S
2021-06-04T10:49:09,6000.0,13.45,S
2021-06-04T10:49:01,20000.0,13.45,S
2021-06-04T10:48:48,500.0,13.45,S
2021-06-04T10:48:38,21600.0,13.45,S
2021-06-04T10:48:34,5000.0,13.45,S
2021-06-04T10:48:15,300.0,13.5,B
2021-06-04T10:47:52,100.0,13.5,B
2021-06-04T10:47:50,200.0,13.45,S
2021-06-04T10:47:45,500.0,13.5,B
2021-06-04T10:47:38,2000.0,13.5,B
2021-06-04T10:47:37,2900.0,13.5,B
2021-06-04T10:47:30,400.0,13.5,B
2021-06-04T10:47:26,35000.0,13.5,B
2021-06-04T10:47:11,1000.0,13.5,B
2021-06-04T10:47:01,600.0,13.45,S
2021-06-04T10:46:37,900.0,13.45,S
2021-06-04T10:46:37,300.0,13.45,S
2021-06-04T10:46:37,2200.0,13.45,S
2021-06-04T10:46:22,1000.0,13.5,B
2021-06-04T10:46:20,10000.0,13.45,S
2021-06-04T10:46:11,1000.0,13.5,B
2021-06-04T10:46:10,1200.0,13.5,B
2021-06-04T10:46:03,500.0,13.45,S
2021-06-04T10:45:55,500.0,13.5,B
2021-06-04T10:45:46,1000.0,13.5,B
2021-06-04T10:45:43,1000.0,13.5,B
2021-06-04T10:45:32,5800.0,13.45,S
2021-06-04T10:45:30,900.0,13.45,S
2021-06-04T10:45:02,2000.0,13.45,S
2021-06-04T10:44:59,800.0,13.5,B
2021-06-04T10:44:58,1000.0,13.5,B
2021-06-04T10:44:55,100.0,13.45,S
2021-06-04T10:44:40,100.0,13.45,B
2021-06-04T10:44:31,2000.0,13.45,B
2021-06-04T10:44:20,10900.0,13.45,B
2021-06-04T10:44:06,700.0,13.45,B
2021-06-04T10:43:56,1000.0,13.5,B
2021-06-04T10:43:51,1000.0,13.45,B
2021-06-04T10:43:41,10000.0,13.5,B
2021-06-04T10:43:38,28000.0,13.5,B
2021-06-04T10:43:25,10000.0,13.45,B
2021-06-04T10:43:22,2700.0,13.45,B
2021-06-04T10:43:22,2500.0,13.5,B
2021-06-04T10:43:20,600.0,13.45,B
2021-06-04T10:42:56,2000.0,13.45,B
2021-06-04T10:42:28,1300.0,13.5,B
2021-06-04T10:42:22,1000.0,13.5,B
2021-06-04T10:41:49,500.0,13.45,B
2021-06-04T10:41:25,1500.0,13.45,B
2021-06-04T10:40:51,1000.0,13.5,B
2021-06-04T10:40:43,1000.0,13.45,B
2021-06-04T10:40:42,1000.0,13.45,B
2021-06-04T10:40:30,400.0,13.45,B
2021-06-04T10:40:21,1000.0,13.45,B
2021-06-04T10:40:15,7300.0,13.45,B
2021-06-04T10:40:00,1000.0,13.35,S
2021-06-04T10:39:52,100.0,13.45,B
2021-06-04T10:39:41,100.0,13.4,S
2021-06-04T10:39:37,5000.0,13.45,B
2021-06-04T10:39:23,1000.0,13.4,S
2021-06-04T10:39:15,600.0,13.45,B
2021-06-04T10:39:10,600.0,13.35,S
2021-06-04T10:39:01,200.0,13.35,S
2021-06-04T10:38:59,1800.0,13.35,S
2021-06-04T10:38:23,1000.0,13.35,S
2021-06-04T10:38:23,2000.0,13.35,S
2021-06-04T10:38:19,1000.0,13.35,S
2021-06-04T10:38:08,8000.0,13.3,S
2021-06-04T10:38:07,4500.0,13.35,S
2021-06-04T10:38:05,300.0,13.35,S
2021-06-04T10:38:00,2000.0,13.45,B
2021-06-04T10:37:51,70800.0,13.5,B
2021-06-04T10:37:51,500.0,13.5,B
2021-06-04T10:37:51,26700.0,13.5,B
2021-06-04T10:37:51,4500.0,13.5,B
2021-06-04T10:37:51,4000.0,13.5,B
2021-06-04T10:37:51,300.0,13.5,B
2021-06-04T10:37:51,2900.0,13.5,B
2021-06-04T10:37:51,15000.0,13.5,B
2021-06-04T10:37:51,18500.0,13.5,B
2021-06-04T10:37:51,56800.0,13.5,B
2021-06-04T10:37:48,6000.0,13.35,S
2021-06-04T10:37:42,3000.0,13.35,S
2021-06-04T10:37:40,200.0,13.35,S
2021-06-04T10:37:38,5000.0,13.3,S
2021-06-04T10:36:40,500.0,13.35,B
2021-06-04T10:36:40,1000.0,13.4,B
2021-06-04T10:36:39,2000.0,13.45,B
2021-06-04T10:36:17,9500.0,13.45,B
2021-06-04T10:36:17,16900.0,13.45,B
2021-06-04T10:36:16,5100.0,13.45,B
2021-06-04T10:36:16,33500.0,13.45,B
2021-06-04T10:36:16,1500.0,13.45,B
2021-06-04T10:36:16,10500.0,13.45,B
2021-06-04T10:36:16,3300.0,13.4,B
2021-06-04T10:36:16,2500.0,13.4,B
2021-06-04T10:36:16,17200.0,13.4,B
2021-06-04T10:35:57,9600.0,13.4,B
2021-06-04T10:35:56,2100.0,13.4,B
2021-06-04T10:35:56,5300.0,13.4,B
2021-06-04T10:35:56,33000.0,13.4,B
2021-06-04T10:35:51,14400.0,13.3,S
2021-06-04T10:35:51,10000.0,13.35,B
2021-06-04T10:35:51,7600.0,13.35,B
2021-06-04T10:35:49,2000.0,13.35,B
2021-06-04T10:35:25,1000.0,13.35,B
2021-06-04T10:35:23,3900.0,13.35,B
2021-06-04T10:35:22,1000.0,13.35,B
2021-06-04T10:35:11,28800.0,13.4,B
2021-06-04T10:35:11,6900.0,13.4,B
2021-06-04T10:35:11,20100.0,13.4,B
2021-06-04T10:35:11,100.0,13.4,B
2021-06-04T10:35:11,2300.0,13.4,B
2021-06-04T10:35:11,24800.0,13.4,B
2021-06-04T10:35:11,2400.0,13.4,B
2021-06-04T10:35:11,5500.0,13.4,B
2021-06-04T10:35:11,5300.0,13.4,B
2021-06-04T10:35:11,3800.0,13.4,B
2021-06-04T10:35:05,500.0,13.35,B
2021-06-04T10:34:46,200.0,13.35,B
2021-06-04T10:34:45,100.0,13.35,B
2021-06-04T10:34:43,1000.0,13.35,B
2021-06-04T10:34:28,2000.0,13.35,B
2021-06-04T10:34:25,10000.0,13.35,B
2021-06-04T10:34:24,200.0,13.4,B
2021-06-04T10:34:17,3000.0,13.35,B
2021-06-04T10:34:14,100.0,13.35,B
2021-06-04T10:34:12,1400.0,13.4,B
2021-06-04T10:34:12,10500.0,13.4,B
2021-06-04T10:34:12,21600.0,13.4,B
2021-06-04T10:34:12,200.0,13.4,B
2021-06-04T10:34:11,69300.0,13.4,B
2021-06-04T10:34:04,1000.0,13.3,S
2021-06-04T10:34:03,500.0,13.3,S
2021-06-04T10:33:51,1000.0,13.3,S
2021-06-04T10:33:48,200.0,13.35,B
2021-06-04T10:33:47,26700.0,13.3,S
2021-06-04T10:33:47,56100.0,13.3,S
2021-06-04T10:33:47,2000.0,13.3,S
2021-06-04T10:33:47,15200.0,13.3,S
2021-06-04T10:33:43,5000.0,13.3,S
2021-06-04T10:33:23,3900.0,13.35,B
2021-06-04T10:33:10,1100.0,13.35,B
2021-06-04T10:33:05,1100.0,13.35,B
2021-06-04T10:32:52,1900.0,13.3,S
2021-06-04T10:32:52,100.0,13.3,S
2021-06-04T10:32:52,30000.0,13.3,S
2021-06-04T10:32:52,3200.0,13.3,S
2021-06-04T10:32:52,2000.0,13.3,S
2021-06-04T10:32:52,43100.0,13.3,S
2021-06-04T10:32:51,19700.0,13.35,B
2021-06-04T10:32:42,1300.0,13.35,B
2021-06-04T10:32:40,5000.0,13.35,B
2021-06-04T10:32:32,1000.0,13.35,B
2021-06-04T10:32:24,100000.0,13.4,B
2021-06-04T10:32:22,4000.0,13.3,S
2021-06-04T10:32:20,4000.0,13.4,B
2021-06-04T10:32:08,50000.0,13.3,S
2021-06-04T10:32:05,15100.0,13.4,B
2021-06-04T10:32:05,800.0,13.35,B
2021-06-04T10:32:05,23000.0,13.35,B
2021-06-04T10:32:05,7400.0,13.35,B
2021-06-04T10:32:05,53700.0,13.35,B
2021-06-04T10:32:02,7000.0,13.3,S
2021-06-04T10:32:01,500.0,13.3,S
2021-06-04T10:31:51,88700.0,13.35,B
2021-06-04T10:31:51,9500.0,13.35,B
2021-06-04T10:31:51,1800.0,13.35,B
2021-06-04T10:31:48,300.0,13.35,B
2021-06-04T10:31:42,100.0,13.35,B
2021-06-04T10:31:36,500.0,13.3,S
2021-06-04T10:31:20,5000.0,13.3,S
2021-06-04T10:31:16,10000.0,13.3,S
2021-06-04T10:30:58,15000.0,13.3,S
2021-06-04T10:30:58,400.0,13.3,S
2021-06-04T10:30:53,1000.0,13.3,S
2021-06-04T10:30:52,1000.0,13.35,B
2021-06-04T10:30:46,3500.0,13.35,B
2021-06-04T10:30:44,1100.0,13.3,S
2021-06-04T10:30:43,100.0,13.35,B
2021-06-04T10:30:36,2500.0,13.3,S
2021-06-04T10:30:31,20000.0,13.35,B
2021-06-04T10:30:28,1000.0,13.3,S
2021-06-04T10:30:18,100.0,13.3,S
2021-06-04T10:30:16,6800.0,13.3,S
2021-06-04T10:30:10,1000.0,13.3,S
2021-06-04T10:30:05,300.0,13.35,B
2021-06-04T10:29:58,10000.0,13.3,S
2021-06-04T10:29:54,1000.0,13.35,B
2021-06-04T10:29:47,15000.0,13.3,S
2021-06-04T10:29:34,500.0,13.3,S
2021-06-04T10:29:28,100.0,13.35,B
2021-06-04T10:29:20,1000.0,13.35,B
2021-06-04T10:29:17,10000.0,13.3,S
2021-06-04T10:29:13,10000.0,13.3,S
2021-06-04T10:29:10,500.0,13.35,B
2021-06-04T10:29:07,50000.0,13.35,B
2021-06-04T10:28:57,500.0,13.35,S
2021-06-04T10:28:38,20000.0,13.3,S
2021-06-04T10:28:36,100.0,13.3,S
2021-06-04T10:28:36,500.0,13.3,S
2021-06-04T10:28:36,1000.0,13.3,S
2021-06-04T10:28:33,600.0,13.35,S
2021-06-04T10:28:30,7700.0,13.3,S
2021-06-04T10:28:03,10000.0,13.3,S
2021-06-04T10:28:01,5000.0,13.35,S
2021-06-04T10:27:54,700.0,13.35,S
2021-06-04T10:27:51,100.0,13.3,S
2021-06-04T10:27:45,4800.0,13.35,S
2021-06-04T10:27:40,100.0,13.3,S
2021-06-04T10:27:32,10500.0,13.3,S
2021-06-04T10:27:31,5000.0,13.35,S
2021-06-04T10:27:21,1000.0,13.3,S
2021-06-04T10:27:15,12000.0,13.35,S
2021-06-04T10:27:14,600.0,13.35,S
2021-06-04T10:27:00,4000.0,13.35,S
2021-06-04T10:26:57,6600.0,13.35,S
2021-06-04T10:26:56,1500.0,13.35,S
2021-06-04T10:26:46,100.0,13.3,S
2021-06-04T10:26:40,3000.0,13.3,S
2021-06-04T10:26:38,4000.0,13.3,S
2021-06-04T10:26:31,1000.0,13.3,S
2021-06-04T10:26:29,5000.0,13.3,S
2021-06-04T10:26:28,600.0,13.3,S
2021-06-04T10:26:18,1000.0,13.35,S
2021-06-04T10:26:11,5400.0,13.35,S
2021-06-04T10:26:11,6700.0,13.35,S
2021-06-04T10:26:11,2000.0,13.35,S
2021-06-04T10:26:11,1300.0,13.35,S
2021-06-04T10:26:11,34600.0,13.35,S
2021-06-04T10:26:04,200.0,13.3,S
2021-06-04T10:26:03,4000.0,13.35,S
2021-06-04T10:25:58,400.0,13.3,S
2021-06-04T10:25:47,100.0,13.3,S
2021-06-04T10:25:47,2000.0,13.3,S
2021-06-04T10:25:46,100.0,13.35,S
2021-06-04T10:25:43,100.0,13.3,S
2021-06-04T10:25:40,15000.0,13.3,S
2021-06-04T10:25:39,20000.0,13.3,S
2021-06-04T10:25:39,700.0,13.35,S
2021-06-04T10:25:39,2300.0,13.35,S
2021-06-04T10:25:31,4000.0,13.3,S
2021-06-04T10:25:23,1000.0,13.3,S
2021-06-04T10:25:21,2000.0,13.3,S
2021-06-04T10:25:18,1000.0,13.3,S
2021-06-04T10:25:15,1700.0,13.3,S
2021-06-04T10:25:11,2000.0,13.3,S
2021-06-04T10:24:58,15000.0,13.35,S
2021-06-04T10:24:54,9000.0,13.3,S
2021-06-04T10:24:51,500.0,13.3,S
2021-06-04T10:24:38,200.0,13.3,S
2021-06-04T10:24:17,500.0,13.3,S
2021-06-04T10:24:05,5000.0,13.3,S
2021-06-04T10:23:59,5000.0,13.3,S
2021-06-04T10:23:59,17200.0,13.3,S
2021-06-04T10:23:59,800.0,13.3,S
2021-06-04T10:23:56,100.0,13.3,S
2021-06-04T10:23:53,100.0,13.3,S
2021-06-04T10:23:38,5000.0,13.3,S
2021-06-04T10:23:38,2100.0,13.3,S
2021-06-04T10:23:35,500.0,13.35,S
2021-06-04T10:23:34,10000.0,13.3,S
2021-06-04T10:23:34,2600.0,13.35,S
2021-06-04T10:23:23,100.0,13.35,S
2021-06-04T10:23:21,1400.0,13.3,S
2021-06-04T10:23:21,400.0,13.3,S
2021-06-04T10:23:20,200.0,13.3,S
2021-06-04T10:23:14,2000.0,13.3,S
2021-06-04T10:23:10,1800.0,13.35,S
2021-06-04T10:23:10,2000.0,13.35,S
2021-06-04T10:22:43,500.0,13.3,S
2021-06-04T10:22:35,100.0,13.35,S
2021-06-04T10:22:31,3000.0,13.3,S
2021-06-04T10:22:30,5600.0,13.3,S
2021-06-04T10:22:30,9400.0,13.3,S
2021-06-04T10:22:29,2000.0,13.3,S
2021-06-04T10:22:28,2400.0,13.35,S
2021-06-04T10:22:19,800.0,13.35,S
2021-06-04T10:22:15,100.0,13.3,S
2021-06-04T10:22:09,500.0,13.35,S
2021-06-04T10:21:49,900.0,13.3,S
2021-06-04T10:21:49,100.0,13.35,S
2021-06-04T10:21:49,200.0,13.35,S
2021-06-04T10:21:48,600.0,13.35,S
2021-06-04T10:21:46,2000.0,13.35,S
2021-06-04T10:21:40,500.0,13.35,S
2021-06-04T10:21:40,600.0,13.35,S
2021-06-04T10:21:38,1000.0,13.35,S
2021-06-04T10:21:37,500.0,13.4,B
2021-06-04T10:21:37,1000.0,13.3,S
2021-06-04T10:21:30,500.0,13.4,B
2021-06-04T10:21:30,6700.0,13.4,B
2021-06-04T10:21:30,600.0,13.4,B
2021-06-04T10:21:30,15300.0,13.4,B
2021-06-04T10:21:30,1000.0,13.4,B
2021-06-04T10:21:30,13400.0,13.4,B
2021-06-04T10:21:30,200.0,13.4,B
2021-06-04T10:21:30,11000.0,13.4,B
2021-06-04T10:21:30,1300.0,13.4,B
2021-06-04T10:21:30,100.0,13.35,B
2021-06-04T10:21:26,200.0,13.3,S
2021-06-04T10:21:25,3700.0,13.3,S
2021-06-04T10:21:06,800.0,13.3,S
2021-06-04T10:21:04,300.0,13.3,S
2021-06-04T10:21:03,200.0,13.3,S
2021-06-04T10:21:03,300.0,13.3,S
2021-06-04T10:21:03,4700.0,13.3,S
2021-06-04T10:21:01,5300.0,13.3,S
2021-06-04T10:20:48,200.0,13.3,S
2021-06-04T10:20:45,800.0,13.3,S
2021-06-04T10:20:45,2000.0,13.3,S
2021-06-04T10:20:45,2000.0,13.3,S
2021-06-04T10:20:45,2200.0,13.3,S
2021-06-04T10:20:43,22000.0,13.4,B
2021-06-04T10:20:43,700.0,13.4,B
2021-06-04T10:20:43,1800.0,13.4,B
2021-06-04T10:20:43,1400.0,13.4,B
2021-06-04T10:20:43,11100.0,13.4,B
2021-06-04T10:20:43,2000.0,13.4,B
2021-06-04T10:20:43,11000.0,13.4,B
2021-06-04T10:20:43,1800.0,13.35,B
2021-06-04T10:20:42,1000.0,13.3,S
2021-06-04T10:20:20,1000.0,13.3,S
2021-06-04T10:20:19,5000.0,13.3,S
2021-06-04T10:20:10,10000.0,13.3,S
2021-06-04T10:19:56,4000.0,13.3,S
2021-06-04T10:19:52,7000.0,13.3,S
2021-06-04T10:19:52,3000.0,13.35,B
2021-06-04T10:19:49,200.0,13.35,B
2021-06-04T10:19:40,50000.0,13.4,B
2021-06-04T10:19:40,5000.0,13.35,B
2021-06-04T10:19:38,1000.0,13.35,B
2021-06-04T10:19:35,200.0,13.4,B
2021-06-04T10:19:32,100.0,13.4,B
2021-06-04T10:19:31,1000.0,13.3,S
2021-06-04T10:19:26,1000.0,13.3,S
2021-06-04T10:19:21,50000.0,13.35,B
2021-06-04T10:19:20,5000.0,13.3,S
2021-06-04T10:19:19,1000.0,13.35,B
2021-06-04T10:19:18,5000.0,13.3,S
2021-06-04T10:19:12,200.0,13.3,S
2021-06-04T10:19:12,500.0,13.3,S
2021-06-04T10:19:09,3300.0,13.3,S
2021-06-04T10:19:09,1000.0,13.3,S
2021-06-04T10:19:04,800.0,13.3,S
2021-06-04T10:19:02,3500.0,13.35,B
2021-06-04T10:19:00,3000.0,13.35,B
2021-06-04T10:18:57,600.0,13.3,S
2021-06-04T10:18:51,10000.0,13.3,S
2021-06-04T10:18:51,2000.0,13.3,S
2021-06-04T10:18:43,2000.0,13.3,S
2021-06-04T10:18:43,100.0,13.3,S
2021-06-04T10:18:41,4000.0,13.3,S
2021-06-04T10:18:31,1000.0,13.3,S
2021-06-04T10:18:29,10500.0,13.4,B
2021-06-04T10:18:21,50000.0,13.4,B
2021-06-04T10:18:21,2000.0,13.35,B
2021-06-04T10:18:15,3000.0,13.3,S
2021-06-04T10:18:13,200.0,13.35,B
2021-06-04T10:17:52,7500.0,13.3,S
2021-06-04T10:17:51,100.0,13.3,S
2021-06-04T10:17:51,10000.0,13.4,B
2021-06-04T10:17:48,100.0,13.3,S
2021-06-04T10:17:43,100.0,13.3,S
2021-06-04T10:17:37,5000.0,13.3,S
2021-06-04T10:17:36,100.0,13.3,S
2021-06-04T10:17:28,1000.0,13.35,B
2021-06-04T10:17:27,1000.0,13.35,B
2021-06-04T10:17:25,1000.0,13.35,B
2021-06-04T10:17:16,7000.0,13.35,B
2021-06-04T10:16:57,800.0,13.3,S
2021-06-04T10:16:43,100.0,13.4,B
2021-06-04T10:16:37,2000.0,13.4,B
2021-06-04T10:16:33,500.0,13.3,S
2021-06-04T10:16:32,500.0,13.4,B
2021-06-04T10:16:29,100.0,13.4,B
2021-06-04T10:16:26,1100.0,13.3,S
2021-06-04T10:16:25,20000.0,13.3,S
2021-06-04T10:16:23,1000.0,13.4,B
2021-06-04T10:16:23,100000.0,13.4,B
2021-06-04T10:16:21,1500.0,13.35,B
2021-06-04T10:16:16,700.0,13.4,B
2021-06-04T10:16:09,200.0,13.4,B
2021-06-04T10:16:09,1800.0,13.4,B
2021-06-04T10:15:57,500.0,13.3,S
2021-06-04T10:15:53,100.0,13.4,B
2021-06-04T10:15:49,100.0,13.3,S
2021-06-04T10:15:48,5000.0,13.4,B
2021-06-04T10:15:45,300.0,13.4,B
2021-06-04T10:15:35,600.0,13.2,S
2021-06-04T10:15:32,100.0,13.3,S
2021-06-04T10:15:31,2000.0,13.3,S
2021-06-04T10:15:29,500.0,13.3,S
2021-06-04T10:15:22,200.0,13.2,S
2021-06-04T10:15:10,2400.0,13.3,S
2021-06-04T10:15:06,100.0,13.4,B
2021-06-04T10:15:00,1000.0,13.4,B
2021-06-04T10:14:57,3000.0,13.4,B
2021-06-04T10:14:56,400.0,13.4,B
2021-06-04T10:14:54,300.0,13.4,B
2021-06-04T10:14:46,16500.0,13.2,S
2021-06-04T10:14:46,1100.0,13.2,S
2021-06-04T10:14:46,2200.0,13.2,S
2021-06-04T10:14:46,1500.0,13.25,S
2021-06-04T10:14:46,300.0,13.25,S
2021-06-04T10:14:46,78400.0,13.25,S
2021-06-04T10:14:45,5000.0,13.4,B
2021-06-04T10:14:37,300.0,13.4,B
2021-06-04T10:14:33,50000.0,13.4,B
2021-06-04T10:14:31,1900.0,13.3,S
2021-06-04T10:14:31,2100.0,13.3,S
2021-06-04T10:14:31,1000.0,13.3,S
2021-06-04T10:14:31,5400.0,13.3,S
2021-06-04T10:14:31,2100.0,13.3,S
2021-06-04T10:14:31,9200.0,13.3,S
2021-06-04T10:14:26,400.0,13.3,S
2021-06-04T10:14:24,7400.0,13.35,B
2021-06-04T10:14:16,2000.0,13.35,S
2021-06-04T10:14:15,1000.0,13.35,S
2021-06-04T10:14:02,1000.0,13.35,S
2021-06-04T10:14:01,400.0,13.4,S
2021-06-04T10:13:57,2000.0,13.4,S
2021-06-04T10:13:55,100.0,13.35,S
2021-06-04T10:13:52,1000.0,13.4,S
2021-06-04T10:13:51,1000.0,13.4,S
2021-06-04T10:13:45,300.0,13.4,S
2021-06-04T10:13:45,50000.0,13.4,S
2021-06-04T10:13:40,5000.0,13.4,S
2021-06-04T10:13:34,1000.0,13.4,S
2021-06-04T10:13:33,2000.0,13.4,S
2021-06-04T10:13:11,1300.0,13.4,S
2021-06-04T10:13:03,200.0,13.4,S
2021-06-04T10:13:00,500.0,13.4,S
2021-06-04T10:12:58,5000.0,13.4,S
2021-06-04T10:12:54,100.0,13.4,S
2021-06-04T10:12:48,4000.0,13.35,S
2021-06-04T10:12:43,100.0,13.4,S
2021-06-04T10:12:40,500.0,13.4,S
2021-06-04T10:12:34,400.0,13.35,S
2021-06-04T10:12:22,2000.0,13.4,S
2021-06-04T10:12:13,5000.0,13.4,S
2021-06-04T10:12:11,100.0,13.4,S
2021-06-04T10:12:10,500.0,13.4,S
2021-06-04T10:12:07,27000.0,13.4,S
2021-06-04T10:12:03,500.0,13.3,S
2021-06-04T10:12:00,5000.0,13.4,S
2021-06-04T10:11:45,1000.0,13.4,S
2021-06-04T10:11:45,5000.0,13.4,S
2021-06-04T10:11:36,100.0,13.4,S
2021-06-04T10:11:17,100000.0,13.4,S
2021-06-04T10:11:15,500.0,13.4,S
2021-06-04T10:11:07,5000.0,13.4,S
2021-06-04T10:11:01,400.0,13.4,S
2021-06-04T10:11:00,5000.0,13.4,S
2021-06-04T10:10:54,2400.0,13.4,S
2021-06-04T10:10:53,4000.0,13.4,S
2021-06-04T10:10:51,100.0,13.4,S
2021-06-04T10:10:37,1000.0,13.3,S
2021-06-04T10:10:32,300.0,13.4,S
2021-06-04T10:10:32,2800.0,13.3,S
2021-06-04T10:10:32,1100.0,13.3,S
2021-06-04T10:10:32,6500.0,13.3,S
2021-06-04T10:10:32,9600.0,13.3,S
2021-06-04T10:10:31,100.0,13.4,S
2021-06-04T10:10:28,200.0,13.4,S
2021-06-04T10:10:25,2300.0,13.4,S
2021-06-04T10:10:24,2000.0,13.4,S
2021-06-04T10:10:15,5000.0,13.4,S
2021-06-04T10:10:11,5000.0,13.4,S
2021-06-04T10:10:10,1000.0,13.4,S
2021-06-04T10:10:05,100.0,13.4,S
2021-06-04T10:10:05,10000.0,13.4,S
2021-06-04T10:10:04,1800.0,13.4,S
2021-06-04T10:10:01,200.0,13.3,S
2021-06-04T10:09:56,100.0,13.4,S
2021-06-04T10:09:51,300.0,13.4,S
2021-06-04T10:09:45,500.0,13.4,S
2021-06-04T10:09:40,100.0,13.4,S
2021-06-04T10:09:40,700.0,13.3,S
2021-06-04T10:09:40,1200.0,13.3,S
2021-06-04T10:09:40,2000.0,13.3,S
2021-06-04T10:09:40,1100.0,13.3,S
2021-06-04T10:09:17,4600.0,13.3,S
2021-06-04T10:09:17,1400.0,13.3,S
2021-06-04T10:09:17,1000.0,13.3,S
2021-06-04T10:09:17,100.0,13.3,S
2021-06-04T10:09:17,900.0,13.3,S
2021-06-04T10:09:17,3200.0,13.3,S
2021-06-04T10:09:17,1000.0,13.3,S
2021-06-04T10:09:17,2000.0,13.3,S
2021-06-04T10:09:17,600.0,13.3,S
2021-06-04T10:09:17,2500.0,13.3,S
2021-06-04T10:09:16,1000.0,13.35,S
2021-06-04T10:09:16,2700.0,13.35,S
2021-06-04T10:09:16,1700.0,13.35,S
2021-06-04T10:09:16,3000.0,13.35,S
2021-06-04T10:09:16,20200.0,13.35,S
2021-06-04T10:09:16,2200.0,13.35,S
2021-06-04T10:09:16,10500.0,13.35,S
2021-06-04T10:09:16,300.0,13.35,S
2021-06-04T10:09:16,500.0,13.35,S
2021-06-04T10:09:16,8300.0,13.35,S
2021-06-04T10:09:16,2600.0,13.4,S
2021-06-04T10:09:16,11400.0,13.4,S
2021-06-04T10:09:16,1200.0,13.4,S
2021-06-04T10:09:15,7100.0,13.4,S
2021-06-04T10:09:10,100.0,13.45,B
2021-06-04T10:09:02,2000.0,13.45,B
2021-06-04T10:08:54,2000.0,13.4,S
2021-06-04T10:08:51,200.0,13.45,B
2021-06-04T10:08:45,100.0,13.45,B
2021-06-04T10:08:44,100.0,13.4,S
2021-06-04T10:08:44,200.0,13.45,B
2021-06-04T10:08:35,1200.0,13.4,S
2021-06-04T10:08:35,1000.0,13.45,B
2021-06-04T10:08:34,5000.0,13.45,B
2021-06-04T10:08:26,5000.0,13.45,B
2021-06-04T10:08:17,1500.0,13.4,S
2021-06-04T10:08:11,5400.0,13.45,B
2021-06-04T10:08:10,14600.0,13.45,B
2021-06-04T10:08:05,2000.0,13.4,S
2021-06-04T10:07:59,400.0,13.45,B
2021-06-04T10:07:42,1000.0,13.45,B
2021-06-04T10:07:37,3000.0,13.45,B
2021-06-04T10:07:33,1000.0,13.45,B
2021-06-04T10:07:27,7600.0,13.4,S
2021-06-04T10:07:27,600.0,13.4,S
2021-06-04T10:07:27,800.0,13.4,S
2021-06-04T10:07:27,5700.0,13.4,S
2021-06-04T10:07:27,7100.0,13.4,S
2021-06-04T10:07:27,22100.0,13.4,S
2021-06-04T10:07:27,1700.0,13.4,S
2021-06-04T10:07:27,5000.0,13.4,S
2021-06-04T10:07:27,1000.0,13.4,S
2021-06-04T10:07:27,600.0,13.4,S
2021-06-04T10:07:27,9500.0,13.4,S
2021-06-04T10:07:27,14600.0,13.4,S
2021-06-04T10:07:27,2700.0,13.4,S
2021-06-04T10:07:27,4100.0,13.4,S
2021-06-04T10:07:27,4300.0,13.4,S
2021-06-04T10:07:27,15000.0,13.4,S
2021-06-04T10:07:27,1100.0,13.4,S
2021-06-04T10:07:27,20700.0,13.4,S
2021-06-04T10:07:27,1000.0,13.4,S
2021-06-04T10:07:27,5100.0,13.4,S
2021-06-04T10:07:27,69700.0,13.4,S
2021-06-04T10:07:22,4100.0,13.45,B
2021-06-04T10:07:21,300.0,13.45,B
2021-06-04T10:07:20,1000.0,13.45,B
2021-06-04T10:07:19,2100.0,13.4,S
2021-06-04T10:07:04,2000.0,13.45,B
2021-06-04T10:06:53,1000.0,13.45,B
2021-06-04T10:06:46,500.0,13.45,B
2021-06-04T10:06:42,1000.0,13.45,B
2021-06-04T10:06:35,11000.0,13.5,B
2021-06-04T10:06:35,1000.0,13.4,S
2021-06-04T10:06:12,1100.0,13.45,S
2021-06-04T10:06:03,12500.0,13.4,S
2021-06-04T10:05:58,1000.0,13.45,S
2021-06-04T10:05:43,800.0,13.5,B
2021-06-04T10:05:43,1000.0,13.45,S
2021-06-04T10:05:43,8200.0,13.45,S
2021-06-04T10:05:37,14000.0,13.4,S
2021-06-04T10:05:37,200.0,13.4,S
2021-06-04T10:05:37,41800.0,13.4,S
2021-06-04T10:05:14,100.0,13.4,S
2021-06-04T10:05:06,100.0,13.4,S
2021-06-04T10:05:04,200.0,13.45,S
2021-06-04T10:04:47,1000.0,13.5,B
2021-06-04T10:04:41,5000.0,13.5,B
2021-06-04T10:04:36,100000.0,13.4,S
2021-06-04T10:04:35,5000.0,13.4,S
2021-06-04T10:04:23,100000.0,13.4,S
2021-06-04T10:04:18,10000.0,13.5,B
2021-06-04T10:04:18,500.0,13.4,S
2021-06-04T10:04:10,500.0,13.4,S
2021-06-04T10:04:08,300.0,13.5,B
2021-06-04T10:04:00,2000.0,13.5,B
2021-06-04T10:03:57,2000.0,13.5,B
2021-06-04T10:03:57,1000.0,13.5,B
2021-06-04T10:03:50,100.0,13.5,B
2021-06-04T10:03:42,20000.0,13.5,B
2021-06-04T10:03:32,24200.0,13.45,S
2021-06-04T10:03:29,2600.0,13.45,S
2021-06-04T10:03:20,400.0,13.45,S
2021-06-04T10:03:13,100.0,13.45,S
2021-06-04T10:02:56,9000.0,13.4,S
2021-06-04T10:02:52,100.0,13.5,B
2021-06-04T10:02:50,17500.0,13.5,B
2021-06-04T10:02:50,4600.0,13.5,B
2021-06-04T10:02:50,700.0,13.5,B
2021-06-04T10:02:50,7000.0,13.5,B
2021-06-04T10:02:50,200.0,13.5,B
2021-06-04T10:02:50,2400.0,13.5,B
2021-06-04T10:02:50,9500.0,13.5,B
2021-06-04T10:02:50,8100.0,13.5,B
2021-06-04T10:02:40,2000.0,13.5,B
2021-06-04T10:02:39,10000.0,13.45,S
2021-06-04T10:02:07,4800.0,13.45,S
2021-06-04T10:02:04,1000.0,13.45,S
2021-06-04T10:02:01,2000.0,13.45,S
2021-06-04T10:01:59,2000.0,13.5,B
2021-06-04T10:01:49,200.0,13.5,B
2021-06-04T10:01:44,2000.0,13.45,S
2021-06-04T10:01:33,8000.0,13.5,B
2021-06-04T10:01:32,1000.0,13.5,B
2021-06-04T10:01:30,700.0,13.45,S
2021-06-04T10:01:29,500.0,13.5,B
2021-06-04T10:01:14,300.0,13.5,B
2021-06-04T10:01:12,10000.0,13.5,B
2021-06-04T10:00:50,300.0,13.5,B
2021-06-04T10:00:50,200.0,13.5,B
2021-06-04T10:00:50,1500.0,13.5,B
2021-06-04T10:00:49,1300.0,13.4,S
2021-06-04T10:00:43,200.0,13.45,S
2021-06-04T10:00:33,2000.0,13.4,S
2021-06-04T10:00:20,10000.0,13.4,S
2021-06-04T10:00:05,1000.0,13.4,S
2021-06-04T10:00:03,100000.0,13.4,S
2021-06-04T10:00:03,2000.0,13.45,S
2021-06-04T10:00:02,200.0,13.45,S
2021-06-04T09:59:56,300.0,13.5,B
2021-06-04T09:59:47,2000.0,13.45,S
2021-06-04T09:59:39,2000.0,13.5,B
2021-06-04T09:59:30,1000.0,13.45,S
2021-06-04T09:59:27,600.0,13.5,B
2021-06-04T09:59:22,7000.0,13.45,S
2021-06-04T09:59:16,1000.0,13.5,B
2021-06-04T09:59:12,13200.0,13.55,B
2021-06-04T09:59:12,2200.0,13.5,B
2021-06-04T09:59:12,9600.0,13.5,B
2021-06-04T09:59:11,1000.0,13.5,B
2021-06-04T09:59:06,1000.0,13.45,S
2021-06-04T09:58:58,2500.0,13.45,S
2021-06-04T09:58:48,10000.0,13.5,S
2021-06-04T09:58:40,1000.0,13.5,S
2021-06-04T09:58:34,100.0,13.5,S
2021-06-04T09:58:22,100.0,13.5,S
2021-06-04T09:58:21,500.0,13.5,S
2021-06-04T09:58:06,2000.0,13.5,S
2021-06-04T09:58:05,1000.0,13.5,S
2021-06-04T09:58:04,500.0,13.5,S
2021-06-04T09:58:02,4000.0,13.45,S
2021-06-04T09:57:49,15000.0,13.45,S
2021-06-04T09:57:45,1000.0,13.5,S
2021-06-04T09:57:16,2000.0,13.5,S
2021-06-04T09:57:08,100.0,13.5,S
2021-06-04T09:57:07,5000.0,13.45,S
2021-06-04T09:57:04,100.0,13.45,S
2021-06-04T09:56:58,300.0,13.5,S
2021-06-04T09:56:52,30100.0,13.5,S
2021-06-04T09:56:52,4700.0,13.5,S
2021-06-04T09:56:52,2000.0,13.5,S
2021-06-04T09:56:52,29000.0,13.5,S
2021-06-04T09:56:52,6600.0,13.5,S
2021-06-04T09:56:48,200.0,13.5,S
2021-06-04T09:56:46,2000.0,13.5,S
2021-06-04T09:56:42,2000.0,13.5,S
2021-06-04T09:56:42,2700.0,13.5,S
2021-06-04T09:56:39,3000.0,13.5,S
2021-06-04T09:56:35,900.0,13.5,S
2021-06-04T09:56:32,1500.0,13.5,S
2021-06-04T09:56:31,1000.0,13.5,S
2021-06-04T09:56:16,500.0,13.5,S
2021-06-04T09:56:11,200.0,13.55,B
2021-06-04T09:56:07,15000.0,13.5,S
2021-06-04T09:56:04,20000.0,13.55,B
2021-06-04T09:56:03,1300.0,13.5,S
2021-06-04T09:55:59,1100.0,13.5,S
2021-06-04T09:55:57,12500.0,13.5,S
2021-06-04T09:55:55,2000.0,13.5,S
2021-06-04T09:55:52,1000.0,13.5,S
2021-06-04T09:55:43,1000.0,13.55,B
2021-06-04T09:55:41,100.0,13.5,S
2021-06-04T09:55:39,1500.0,13.5,S
2021-06-04T09:55:36,31200.0,13.5,S
2021-06-04T09:55:30,500.0,13.45,S
2021-06-04T09:55:29,18800.0,13.5,S
2021-06-04T09:55:24,11000.0,13.5,S
2021-06-04T09:55:18,2000.0,13.5,S
2021-06-04T09:55:15,14700.0,13.5,S
2021-06-04T09:55:15,2300.0,13.5,S
2021-06-04T09:55:15,1200.0,13.5,S
2021-06-04T09:55:08,300.0,13.5,S
2021-06-04T09:54:58,1600.0,13.5,S
2021-06-04T09:54:56,2000.0,13.5,S
2021-06-04T09:54:56,2000.0,13.45,S
2021-06-04T09:54:54,800.0,13.5,S
2021-06-04T09:54:41,200.0,13.5,S
2021-06-04T09:54:33,200.0,13.5,S
2021-06-04T09:54:28,2000.0,13.5,S
2021-06-04T09:54:19,100.0,13.45,S
2021-06-04T09:54:17,100.0,13.5,S
2021-06-04T09:54:15,6400.0,13.45,S
2021-06-04T09:54:15,500.0,13.5,S
2021-06-04T09:54:14,1400.0,13.5,S
2021-06-04T09:54:14,3200.0,13.5,S
2021-06-04T09:54:14,5900.0,13.5,S
2021-06-04T09:54:14,4600.0,13.5,S
2021-06-04T09:54:12,100.0,13.5,S
2021-06-04T09:54:09,4000.0,13.5,S
2021-06-04T09:54:08,500.0,13.5,S
2021-06-04T09:53:59,900.0,13.5,S
2021-06-04T09:53:57,3400.0,13.5,S
2021-06-04T09:53:57,5400.0,13.5,S
2021-06-04T09:53:53,100.0,13.5,S
2021-06-04T09:53:39,10000.0,13.5,S
2021-06-04T09:53:37,100.0,13.5,S
2021-06-04T09:53:34,2000.0,13.5,S
2021-06-04T09:53:33,1000.0,13.5,S
2021-06-04T09:53:28,100.0,13.5,S
2021-06-04T09:53:27,7000.0,13.5,S
2021-06-04T09:53:21,100.0,13.5,S
2021-06-04T09:53:15,200.0,13.5,S
2021-06-04T09:53:14,2500.0,13.5,S
2021-06-04T09:53:12,30000.0,13.55,B
2021-06-04T09:53:09,6000.0,13.55,B
2021-06-04T09:52:58,100.0,13.55,B
2021-06-04T09:52:57,2000.0,13.5,S
2021-06-04T09:52:52,23900.0,13.5,S
2021-06-04T09:52:52,6100.0,13.5,S
2021-06-04T09:52:51,100.0,13.5,S
2021-06-04T09:52:48,10000.0,13.55,B
2021-06-04T09:52:46,100.0,13.5,S
2021-06-04T09:52:40,500.0,13.5,S
2021-06-04T09:52:37,100.0,13.5,S
2021-06-04T09:52:29,14700.0,13.5,S
2021-06-04T09:52:29,7000.0,13.55,B
2021-06-04T09:52:29,13000.0,13.55,B
2021-06-04T09:52:27,500.0,13.5,S
2021-06-04T09:52:27,1000.0,13.5,S
2021-06-04T09:52:11,1000.0,13.5,S
2021-06-04T09:52:09,5800.0,13.55,B
2021-06-04T09:52:07,200.0,13.55,B
2021-06-04T09:52:05,500.0,13.5,S
2021-06-04T09:51:59,500.0,13.5,S
2021-06-04T09:51:57,2000.0,13.55,B
2021-06-04T09:51:52,6500.0,13.5,S
2021-06-04T09:51:43,400.0,13.55,B
2021-06-04T09:51:41,2000.0,13.5,S
2021-06-04T09:51:39,5000.0,13.5,S
2021-06-04T09:51:36,3000.0,13.55,B
2021-06-04T09:51:05,1000.0,13.5,S
2021-06-04T09:50:59,3000.0,13.5,S
2021-06-04T09:50:58,1000.0,13.55,B
2021-06-04T09:50:43,100.0,13.5,S
2021-06-04T09:50:40,5900.0,13.5,S
2021-06-04T09:50:35,200.0,13.5,S
2021-06-04T09:50:32,11500.0,13.5,S
2021-06-04T09:50:32,17500.0,13.5,S
2021-06-04T09:50:31,10000.0,13.5,S
2021-06-04T09:50:26,1100.0,13.5,S
2021-06-04T09:50:22,2000.0,13.5,S
2021-06-04T09:50:21,200.0,13.5,S
2021-06-04T09:50:21,500.0,13.5,S
2021-06-04T09:50:20,500.0,13.5,S
2021-06-04T09:50:18,500.0,13.5,S
2021-06-04T09:50:11,2500.0,13.5,S
2021-06-04T09:50:10,8100.0,13.55,B
2021-06-04T09:50:07,500.0,13.5,S
2021-06-04T09:50:04,1000.0,13.55,B
2021-06-04T09:49:59,3500.0,13.5,S
2021-06-04T09:49:56,2100.0,13.5,S
2021-06-04T09:49:52,600.0,13.5,S
2021-06-04T09:49:50,10000.0,13.5,S
2021-06-04T09:49:48,3500.0,13.5,S
2021-06-04T09:49:47,1500.0,13.55,B
2021-06-04T09:49:37,8100.0,13.5,S
2021-06-04T09:49:37,2000.0,13.5,S
2021-06-04T09:49:37,54900.0,13.5,S
2021-06-04T09:49:29,1000.0,13.55,B
2021-06-04T09:49:26,300.0,13.55,B
2021-06-04T09:49:25,2300.0,13.55,B
2021-06-04T09:49:19,5000.0,13.5,S
2021-06-04T09:49:15,19800.0,13.5,S
2021-06-04T09:49:13,2800.0,13.55,B
2021-06-04T09:49:03,500.0,13.55,B
2021-06-04T09:49:03,8600.0,13.55,B
2021-06-04T09:49:03,1300.0,13.55,B
2021-06-04T09:49:03,1100.0,13.55,B
2021-06-04T09:49:02,13400.0,13.55,B
2021-06-04T09:49:01,2200.0,13.5,S
2021-06-04T09:48:52,800.0,13.5,S
2021-06-04T09:48:47,300.0,13.5,S
2021-06-04T09:48:46,2000.0,13.5,S
2021-06-04T09:48:33,1000.0,13.55,B
2021-06-04T09:48:20,2400.0,13.5,S
2021-06-04T09:48:14,200.0,13.55,B
2021-06-04T09:48:09,2000.0,13.55,B
2021-06-04T09:48:04,300.0,13.5,S
2021-06-04T09:48:01,3000.0,13.55,B
2021-06-04T09:48:01,23000.0,13.5,S
2021-06-04T09:48:00,500.0,13.5,S
2021-06-04T09:47:57,100.0,13.4,S
2021-06-04T09:47:57,2000.0,13.4,S
2021-06-04T09:47:57,2600.0,13.4,S
2021-06-04T09:47:57,2700.0,13.4,S
2021-06-04T09:47:57,1100.0,13.45,S
2021-06-04T09:47:53,5200.0,13.45,S
2021-06-04T09:47:49,9400.0,13.45,S
2021-06-04T09:47:48,1100.0,13.5,S
2021-06-04T09:47:30,6000.0,13.5,S
2021-06-04T09:47:29,1000.0,13.55,B
2021-06-04T09:47:26,1800.0,13.55,B
2021-06-04T09:47:23,400.0,13.6,B
2021-06-04T09:47:22,5000.0,13.55,B
2021-06-04T09:47:20,1000.0,13.55,B
2021-06-04T09:47:20,7100.0,13.55,B
2021-06-04T09:47:16,5000.0,13.55,B
2021-06-04T09:47:11,500.0,13.55,B
2021-06-04T09:47:10,4500.0,13.55,B
2021-06-04T09:47:08,31500.0,13.6,B
2021-06-04T09:47:08,600.0,13.6,B
2021-06-04T09:47:08,100.0,13.6,B
2021-06-04T09:47:08,11200.0,13.6,B
2021-06-04T09:47:08,1200.0,13.6,B
2021-06-04T09:47:08,6100.0,13.6,B
2021-06-04T09:47:08,8200.0,13.6,B
2021-06-04T09:47:08,100.0,13.6,B
2021-06-04T09:47:08,51000.0,13.6,B
2021-06-04T09:47:08,33800.0,13.6,B
2021-06-04T09:47:08,14200.0,13.6,B
2021-06-04T09:47:08,200.0,13.6,B
2021-06-04T09:47:08,1600.0,13.6,B
2021-06-04T09:47:07,13000.0,13.6,B
2021-06-04T09:47:07,7300.0,13.6,B
2021-06-04T09:47:07,211600.0,13.6,B
2021-06-04T09:47:07,1500.0,13.6,B
2021-06-04T09:47:07,6800.0,13.6,B
2021-06-04T09:46:57,3000.0,13.55,B
2021-06-04T09:46:46,300.0,13.55,B
2021-06-04T09:46:40,500.0,13.55,B
2021-06-04T09:46:38,2600.0,13.55,B
2021-06-04T09:46:33,16400.0,13.55,B
2021-06-04T09:46:29,100.0,13.4,S
2021-06-04T09:46:26,4900.0,13.5,S
2021-06-04T09:46:26,100.0,13.5,S
2021-06-04T09:46:22,1000.0,13.55,B
2021-06-04T09:46:10,400.0,13.4,S
2021-06-04T09:46:10,600.0,13.4,S
2021-06-04T09:46:09,900.0,13.6,B
2021-06-04T09:46:09,1000.0,13.6,B
2021-06-04T09:46:04,4600.0,13.55,B
2021-06-04T09:46:04,1000.0,13.55,B
2021-06-04T09:46:04,9400.0,13.55,B
2021-06-04T09:46:04,13800.0,13.55,B
2021-06-04T09:46:04,3000.0,13.55,B
2021-06-04T09:46:04,13200.0,13.55,B
2021-06-04T09:46:02,1000.0,13.4,S
2021-06-04T09:45:53,1000.0,13.4,S
2021-06-04T09:45:48,200.0,13.55,B
2021-06-04T09:45:45,100.0,13.45,S
2021-06-04T09:45:44,3500.0,13.55,B
2021-06-04T09:45:42,6900.0,13.55,B
2021-06-04T09:45:42,7800.0,13.55,B
2021-06-04T09:45:42,30300.0,13.55,B
2021-06-04T09:45:30,20100.0,13.55,B
2021-06-04T09:45:30,4000.0,13.5,S
2021-06-04T09:45:30,30900.0,13.5,S
2021-06-04T09:45:24,10000.0,13.4,S
2021-06-04T09:45:18,1000.0,13.4,S
2021-06-04T09:45:07,600.0,13.4,S
2021-06-04T09:45:07,1000.0,13.4,S
2021-06-04T09:45:07,300.0,13.4,S
2021-06-04T09:45:07,18100.0,13.4,S
2021-06-04T09:45:00,300.0,13.5,S
2021-06-04T09:44:56,100.0,13.5,S
2021-06-04T09:44:48,1000.0,13.5,S
2021-06-04T09:44:48,200.0,13.5,S
2021-06-04T09:44:45,22300.0,13.5,S
2021-06-04T09:44:41,100.0,13.55,B
2021-06-04T09:44:33,100.0,13.5,S
2021-06-04T09:44:22,1600.0,13.5,S
2021-06-04T09:44:19,2000.0,13.5,S
2021-06-04T09:44:11,21600.0,13.6,B
2021-06-04T09:44:11,23400.0,13.55,B
2021-06-04T09:44:10,8400.0,13.55,B
2021-06-04T09:44:10,100.0,13.55,B
2021-06-04T09:44:10,800.0,13.55,B
2021-06-04T09:44:10,700.0,13.55,B
2021-06-04T09:44:00,500.0,13.55,B
2021-06-04T09:43:45,5000.0,13.55,B
2021-06-04T09:43:44,2000.0,13.5,S
2021-06-04T09:43:44,1000.0,13.5,S
2021-06-04T09:43:42,2000.0,13.5,S
2021-06-04T09:43:36,1000.0,13.55,S
2021-06-04T09:43:36,900.0,13.4,S
2021-06-04T09:43:29,10000.0,13.55,S
2021-06-04T09:43:29,3000.0,13.4,S
2021-06-04T09:43:28,48500.0,13.4,S
2021-06-04T09:43:28,1500.0,13.4,S
2021-06-04T09:43:17,900.0,13.4,S
2021-06-04T09:43:17,200.0,13.4,S
2021-06-04T09:43:17,1300.0,13.45,S
2021-06-04T09:43:17,400.0,13.45,S
2021-06-04T09:43:17,700.0,13.45,S
2021-06-04T09:43:16,1000.0,13.55,S
2021-06-04T09:43:12,1000.0,13.55,S
2021-06-04T09:43:09,1800.0,13.45,S
2021-06-04T09:42:58,10000.0,13.45,S
2021-06-04T09:42:56,10000.0,13.5,S
2021-06-04T09:42:54,200.0,13.5,S
2021-06-04T09:42:43,200.0,13.55,S
2021-06-04T09:42:40,100.0,13.55,S
2021-06-04T09:42:38,8000.0,13.55,S
2021-06-04T09:42:33,1200.0,13.5,S
2021-06-04T09:42:33,1000.0,13.5,S
2021-06-04T09:42:33,7800.0,13.5,S
2021-06-04T09:42:27,3600.0,13.5,S
2021-06-04T09:42:21,200.0,13.6,S
2021-06-04T09:42:21,4700.0,13.6,S
2021-06-04T09:42:21,3000.0,13.6,S
2021-06-04T09:42:21,27600.0,13.6,S
2021-06-04T09:42:20,9400.0,13.5,S
2021-06-04T09:42:13,2300.0,13.55,S
2021-06-04T09:42:08,200.0,13.6,S
2021-06-04T09:42:07,500.0,13.55,S
2021-06-04T09:42:03,1000.0,13.55,S
2021-06-04T09:41:57,100.0,13.55,S
2021-06-04T09:41:55,2000.0,13.6,S
2021-06-04T09:41:37,300.0,13.55,S
2021-06-04T09:41:32,10000.0,13.6,S
2021-06-04T09:41:26,1000.0,13.5,S
2021-06-04T09:41:22,35000.0,13.6,S
2021-06-04T09:41:18,11700.0,13.55,S
2021-06-04T09:41:11,1000.0,13.55,S
2021-06-04T09:41:10,10000.0,13.55,S
2021-06-04T09:41:07,100.0,13.55,S
2021-06-04T09:41:04,2000.0,13.55,S
2021-06-04T09:40:53,25000.0,13.55,S
2021-06-04T09:40:52,1000.0,13.5,S
2021-06-04T09:40:37,5000.0,13.55,S
2021-06-04T09:40:37,200.0,13.55,S
2021-06-04T09:40:32,600.0,13.5,S
2021-06-04T09:40:32,500.0,13.5,S
2021-06-04T09:40:32,1900.0,13.5,S
2021-06-04T09:40:32,1600.0,13.5,S
2021-06-04T09:40:31,55400.0,13.5,S
2021-06-04T09:40:28,9000.0,13.55,S
2021-06-04T09:40:26,26000.0,13.55,S
2021-06-04T09:40:17,700.0,13.6,S
2021-06-04T09:40:16,300.0,13.5,S
2021-06-04T09:40:10,3000.0,13.6,S
2021-06-04T09:40:05,5300.0,13.6,S
2021-06-04T09:40:05,500.0,13.6,S
2021-06-04T09:40:05,5200.0,13.6,S
2021-06-04T09:39:59,10300.0,13.6,S
2021-06-04T09:39:59,5700.0,13.6,S
2021-06-04T09:39:59,29000.0,13.6,S
2021-06-04T09:39:46,30000.0,13.55,S
2021-06-04T09:39:44,100.0,13.55,S
2021-06-04T09:39:41,1000.0,13.55,S
2021-06-04T09:39:37,100.0,13.55,S
2021-06-04T09:39:19,1000.0,13.55,S
2021-06-04T09:39:15,1400.0,13.55,S
2021-06-04T09:39:14,6300.0,13.5,S
2021-06-04T09:39:05,3000.0,13.55,S
2021-06-04T09:38:39,10000.0,13.55,S
2021-06-04T09:38:30,200.0,13.55,S
2021-06-04T09:38:30,10000.0,13.6,S
2021-06-04T09:38:24,5000.0,13.6,S
2021-06-04T09:38:23,800.0,13.5,S
2021-06-04T09:38:23,2100.0,13.5,S
2021-06-04T09:38:23,2100.0,13.5,S
2021-06-04T09:38:23,700.0,13.5,S
2021-06-04T09:38:23,16700.0,13.5,S
2021-06-04T09:38:23,13500.0,13.5,S
2021-06-04T09:38:23,100700.0,13.5,S
2021-06-04T09:38:23,32300.0,13.5,S
2021-06-04T09:38:22,4000.0,13.5,S
2021-06-04T09:38:22,30200.0,13.5,S
2021-06-04T09:38:22,96900.0,13.5,S
2021-06-04T09:38:15,500.0,13.6,S
2021-06-04T09:38:07,4500.0,13.55,S
2021-06-04T09:38:06,300.0,13.6,S
2021-06-04T09:37:55,2000.0,13.6,S
2021-06-04T09:37:50,300.0,13.6,S
2021-06-04T09:37:40,3000.0,13.6,S
2021-06-04T09:37:35,100.0,13.6,S
2021-06-04T09:37:23,20000.0,13.6,S
2021-06-04T09:37:17,5000.0,13.6,S
2021-06-04T09:37:16,100.0,13.55,S
2021-06-04T09:37:04,10000.0,13.55,S
2021-06-04T09:37:04,9500.0,13.6,S
2021-06-04T09:36:59,500.0,13.6,S
2021-06-04T09:36:57,1300.0,13.6,S
2021-06-04T09:36:45,10000.0,13.55,S
2021-06-04T09:36:41,22300.0,13.55,S
2021-06-04T09:36:41,1400.0,13.55,S
2021-06-04T09:36:41,26300.0,13.55,S
2021-06-04T09:36:32,500.0,13.65,B
2021-06-04T09:36:22,500.0,13.65,B
2021-06-04T09:36:22,25300.0,13.65,B
2021-06-04T09:36:22,4500.0,13.65,B
2021-06-04T09:36:22,3100.0,13.65,B
2021-06-04T09:36:22,38900.0,13.65,B
2021-06-04T09:36:22,1500.0,13.6,S
2021-06-04T09:36:22,5700.0,13.6,S
2021-06-04T09:36:19,5600.0,13.55,S
2021-06-04T09:36:19,500.0,13.55,S
2021-06-04T09:36:19,2300.0,13.55,S
2021-06-04T09:36:15,2000.0,13.6,S
2021-06-04T09:36:12,100.0,13.6,S
2021-06-04T09:36:03,100.0,13.6,S
2021-06-04T09:35:52,16100.0,13.6,S
2021-06-04T09:35:50,1000.0,13.6,S
2021-06-04T09:35:48,3000.0,13.6,S
2021-06-04T09:35:48,9900.0,13.6,S
2021-06-04T09:35:48,111600.0,13.6,S
2021-06-04T09:34:32,4400.0,13.6,S
2021-06-04T09:34:32,12700.0,13.6,S
2021-06-04T09:34:32,100.0,13.6,S
2021-06-04T09:34:32,14500.0,13.6,S
2021-06-04T09:34:32,2000.0,13.6,S
2021-06-04T09:34:32,8500.0,13.6,S
2021-06-04T09:34:32,700.0,13.6,S
2021-06-04T09:34:32,17100.0,13.6,S
2021-06-04T09:34:29,500.0,13.6,S
2021-06-04T09:34:26,7300.0,13.6,S
2021-06-04T09:34:18,100.0,13.6,S
2021-06-04T09:34:15,100.0,13.6,S
2021-06-04T09:34:13,500.0,13.6,S
2021-06-04T09:34:11,400.0,13.6,S
2021-06-04T09:34:07,19000.0,13.6,S
2021-06-04T09:33:53,1000.0,13.65,B
2021-06-04T09:33:42,1500.0,13.65,B
2021-06-04T09:33:23,300.0,13.6,S
2021-06-04T09:33:22,2500.0,13.65,B
2021-06-04T09:33:21,100.0,13.6,S
2021-06-04T09:33:13,1500.0,13.6,S
2021-06-04T09:33:11,1000.0,13.6,S
2021-06-04T09:32:57,100.0,13.65,B
2021-06-04T09:32:54,3200.0,13.6,S
2021-06-04T09:32:49,5000.0,13.65,B
2021-06-04T09:32:49,1000.0,13.65,B
2021-06-04T09:32:41,7400.0,13.6,S
2021-06-04T09:32:28,200.0,13.6,S
2021-06-04T09:32:16,1000.0,13.65,B
2021-06-04T09:32:16,100.0,13.6,S
2021-06-04T09:32:03,800.0,13.6,S
2021-06-04T09:31:52,500.0,13.6,S
2021-06-04T09:31:49,200.0,13.6,S
2021-06-04T09:31:46,1200.0,13.6,S
2021-06-04T09:31:43,30000.0,13.65,B
2021-06-04T09:31:36,200.0,13.6,S
2021-06-04T09:31:34,3000.0,13.6,S
2021-06-04T09:31:29,100.0,13.6,S
2021-06-04T09:31:15,3500.0,13.6,S
2021-06-04T09:31:02,100.0,13.6,S
2021-06-04T09:30:56,1000.0,13.6,S
2021-06-04T09:30:56,3500.0,13.6,S
2021-06-04T09:30:49,1000.0,13.6,S
2021-06-04T09:30:46,5000.0,13.65,B
2021-06-04T09:30:31,9800.0,13.6,S
2021-06-04T09:30:31,200.0,13.6,S
2021-06-04T09:30:26,100.0,13.6,S
2021-06-04T09:30:24,12100.0,13.6,S
2021-06-04T09:30:24,300.0,13.6,S
2021-06-04T09:30:24,3600.0,13.6,S
2021-06-04T09:30:21,100.0,13.6,S
2021-06-04T09:30:19,10000.0,13.65,B
2021-06-04T09:30:17,2000.0,13.65,B
2021-06-04T09:30:16,9400.0,13.6,S
2021-06-04T09:30:10,1000.0,13.65,B
2021-06-04T09:30:07,1000.0,13.6,S
2021-06-04T09:30:00,1000.0,13.6,S
2021-06-04T09:29:56,2000.0,13.6,S
2021-06-04T09:29:55,500.0,13.65,B
2021-06-04T09:29:46,4100.0,13.65,B
2021-06-04T09:29:29,26000.0,13.65,B
2021-06-04T09:29:28,20000.0,13.7,B
2021-06-04T09:29:25,1000.0,13.65,B
2021-06-04T09:29:22,1400.0,13.65,B
2021-06-04T09:29:22,3600.0,13.65,B
2021-06-04T09:29:16,2000.0,13.6,S
2021-06-04T09:29:14,1000.0,13.6,S
2021-06-04T09:29:14,1000.0,13.65,B
2021-06-04T09:29:13,200.0,13.65,B
2021-06-04T09:29:09,5000.0,13.6,S
2021-06-04T09:29:08,16000.0,13.6,S
2021-06-04T09:28:57,1000.0,13.6,S
2021-06-04T09:28:56,4900.0,13.6,S
2021-06-04T09:28:50,2200.0,13.6,S
2021-06-04T09:28:49,800.0,13.65,B
2021-06-04T09:28:46,1000.0,13.65,B
2021-06-04T09:28:44,3600.0,13.7,B
2021-06-04T09:28:42,200.0,13.65,B
2021-06-04T09:28:35,600.0,13.7,B
2021-06-04T09:28:35,500.0,13.65,B
2021-06-04T09:28:30,1400.0,13.6,S
2021-06-04T09:28:25,6000.0,13.6,S
2021-06-04T09:28:19,200.0,13.7,B
2021-06-04T09:28:18,600.0,13.6,S
2021-06-04T09:28:17,7000.0,13.6,S
2021-06-04T09:28:13,3200.0,13.65,B
2021-06-04T09:28:13,100.0,13.65,B
2021-06-04T09:28:10,800.0,13.65,B
2021-06-04T09:28:08,2400.0,13.65,B
2021-06-04T09:28:03,13600.0,13.6,S
2021-06-04T09:28:03,5000.0,13.6,S
2021-06-04T09:28:03,2000.0,13.6,S
2021-06-04T09:28:03,1200.0,13.6,S
2021-06-04T09:28:03,11500.0,13.6,S
2021-06-04T09:28:03,5700.0,13.6,S
2021-06-04T09:28:03,11000.0,13.6,S
2021-06-04T09:27:55,1500.0,13.65,B
2021-06-04T09:27:55,300.0,13.65,B
2021-06-04T09:27:53,4800.0,13.65,B
2021-06-04T09:27:53,9100.0,13.65,B
2021-06-04T09:27:53,2900.0,13.65,B
2021-06-04T09:27:53,11000.0,13.65,B
2021-06-04T09:27:52,17900.0,13.65,B
2021-06-04T09:27:41,1000.0,13.6,S
2021-06-04T09:27:40,2000.0,13.6,S
2021-06-04T09:27:34,34000.0,13.6,S
2021-06-04T09:27:33,10000.0,13.65,B
2021-06-04T09:27:30,1000.0,13.65,B
2021-06-04T09:27:30,1000.0,13.6,S
2021-06-04T09:27:29,2000.0,13.65,B
2021-06-04T09:27:24,6400.0,13.6,S
2021-06-04T09:27:11,2000.0,13.6,S
2021-06-04T09:27:10,500.0,13.6,S
2021-06-04T09:27:05,10000.0,13.6,S
2021-06-04T09:27:04,700.0,13.6,S
2021-06-04T09:27:01,500.0,13.65,B
2021-06-04T09:27:00,14900.0,13.6,S
2021-06-04T09:26:47,100.0,13.65,B
2021-06-04T09:26:43,3100.0,13.65,B
2021-06-04T09:26:32,500.0,13.65,B
2021-06-04T09:26:31,30000.0,13.6,S
2021-06-04T09:26:31,1000.0,13.6,S
2021-06-04T09:26:30,200.0,13.6,S
2021-06-04T09:26:29,16300.0,13.6,S
2021-06-04T09:26:21,100.0,13.65,B
2021-06-04T09:26:16,1000.0,13.65,B
2021-06-04T09:26:10,2200.0,13.6,S
2021-06-04T09:26:09,400.0,13.65,B
2021-06-04T09:25:55,300.0,13.65,B
2021-06-04T09:25:53,3000.0,13.6,S
2021-06-04T09:25:52,2800.0,13.65,B
2021-06-04T09:25:51,600.0,13.6,S
2021-06-04T09:25:51,400.0,13.6,S
2021-06-04T09:25:49,10000.0,13.6,S
2021-06-04T09:25:32,1000.0,13.6,S
2021-06-04T09:25:21,1500.0,13.6,S
2021-06-04T09:25:19,12300.0,13.6,S
2021-06-04T09:24:54,4000.0,13.6,S
2021-06-04T09:24:46,200.0,13.6,S
2021-06-04T09:24:44,200.0,13.65,S
2021-06-04T09:24:22,1000.0,13.6,S
2021-06-04T09:24:20,2200.0,13.6,S
2021-06-04T09:24:20,4300.0,13.6,S
2021-06-04T09:24:20,1000.0,13.6,S
2021-06-04T09:24:19,2500.0,13.6,S
2021-06-04T09:24:17,2000.0,13.65,S
2021-06-04T09:24:14,4700.0,13.65,S
2021-06-04T09:24:14,5300.0,13.65,S
2021-06-04T09:24:14,2000.0,13.65,S
2021-06-04T09:23:49,5400.0,13.65,S
2021-06-04T09:23:45,100.0,13.65,S
2021-06-04T09:23:44,700.0,13.6,S
2021-06-04T09:23:44,100.0,13.6,S
2021-06-04T09:23:44,1200.0,13.6,S
2021-06-04T09:23:42,10000.0,13.6,S
2021-06-04T09:23:40,5000.0,13.7,B
2021-06-04T09:23:33,500.0,13.6,S
2021-06-04T09:23:33,200.0,13.6,S
2021-06-04T09:23:33,1300.0,13.6,S
2021-06-04T09:23:33,1300.0,13.6,S
2021-06-04T09:23:33,2100.0,13.6,S
2021-06-04T09:23:33,7900.0,13.6,S
2021-06-04T09:23:33,500.0,13.6,S
2021-06-04T09:23:33,36200.0,13.6,S
2021-06-04T09:23:24,100.0,13.65,S
2021-06-04T09:23:21,22600.0,13.6,S
2021-06-04T09:23:21,7000.0,13.65,S
2021-06-04T09:23:20,47800.0,13.65,S
2021-06-04T09:23:19,100.0,13.65,S
2021-06-04T09:23:15,30000.0,13.65,S
2021-06-04T09:23:10,100.0,13.65,S
2021-06-04T09:23:09,1900.0,13.7,B
2021-06-04T09:23:06,900.0,13.65,S
2021-06-04T09:23:01,200.0,13.65,S
2021-06-04T09:23:00,1000.0,13.7,B
2021-06-04T09:22:56,2000.0,13.65,S
2021-06-04T09:22:52,600.0,13.7,B
2021-06-04T09:22:49,2000.0,13.65,S
2021-06-04T09:22:46,300.0,13.65,S
2021-06-04T09:22:41,7000.0,13.65,S
2021-06-04T09:22:41,100.0,13.65,S
2021-06-04T09:22:37,4000.0,13.65,S
2021-06-04T09:22:32,100.0,13.6,S
2021-06-04T09:22:30,200.0,13.7,B
2021-06-04T09:22:19,1000.0,13.6,S
2021-06-04T09:22:19,100.0,13.65,S
2021-06-04T09:22:11,3000.0,13.65,S
2021-06-04T09:22:07,2000.0,13.65,S
2021-06-04T09:22:02,100.0,13.7,B
2021-06-04T09:22:02,300.0,13.6,S
2021-06-04T09:21:59,6900.0,13.7,B
2021-06-04T09:21:59,1500.0,13.6,S
2021-06-04T09:21:49,32000.0,13.6,S
2021-06-04T09:21:46,1200.0,13.65,S
2021-06-04T09:21:43,4000.0,13.65,S
2021-06-04T09:21:39,900.0,13.65,S
2021-06-04T09:21:36,900.0,13.65,S
2021-06-04T09:21:33,2000.0,13.7,B
2021-06-04T09:21:28,20000.0,13.65,S
2021-06-04T09:21:26,1300.0,13.65,S
2021-06-04T09:21:26,10000.0,13.7,B
2021-06-04T09:21:13,200.0,13.7,B
2021-06-04T09:21:05,2000.0,13.65,S
2021-06-04T09:21:03,300.0,13.7,B
2021-06-04T09:20:58,5300.0,13.6,S
2021-06-04T09:20:53,300.0,13.65,S
2021-06-04T09:20:53,1200.0,13.65,S
2021-06-04T09:20:52,500.0,13.7,B
2021-06-04T09:20:40,1700.0,13.65,S
2021-06-04T09:20:38,1000.0,13.65,S
2021-06-04T09:20:36,100.0,13.6,S
2021-06-04T09:20:34,800.0,13.6,S
2021-06-04T09:20:29,1000.0,13.7,B
2021-06-04T09:20:26,30000.0,13.6,S
2021-06-04T09:20:24,1100.0,13.7,B
2021-06-04T09:20:23,1000.0,13.65,S
2021-06-04T09:20:16,100.0,13.65,S
2021-06-04T09:20:16,2900.0,13.65,S
2021-06-04T09:20:13,1000.0,13.65,S
2021-06-04T09:20:10,100.0,13.65,S
2021-06-04T09:20:07,13000.0,13.7,B
2021-06-04T09:19:59,100.0,13.65,S
2021-06-04T09:19:54,1000.0,13.65,S
2021-06-04T09:19:52,200.0,13.7,B
2021-06-04T09:19:50,900.0,13.65,S
2021-06-04T09:19:49,1000.0,13.65,S
2021-06-04T09:19:45,6600.0,13.65,S
2021-06-04T09:19:41,100.0,13.65,S
2021-06-04T09:19:32,10000.0,13.7,B
2021-06-04T09:19:31,2700.0,13.65,S
2021-06-04T09:19:29,1100.0,13.65,S
2021-06-04T09:19:29,100.0,13.65,S
2021-06-04T09:19:19,500.0,13.7,B
2021-06-04T09:19:19,2000.0,13.7,B
2021-06-04T09:19:15,600.0,13.7,B
2021-06-04T09:19:06,500.0,13.65,S
2021-06-04T09:19:03,2000.0,13.7,B
2021-06-04T09:18:59,100.0,13.7,B
2021-06-04T09:18:54,1000.0,13.7,B
2021-06-04T09:18:53,2000.0,13.65,S
2021-06-04T09:18:46,300.0,13.65,S
2021-06-04T09:18:34,100.0,13.65,S
2021-06-04T09:18:34,300.0,13.7,B
2021-06-04T09:18:33,2000.0,13.65,S
2021-06-04T09:18:27,200.0,13.65,S
2021-06-04T09:18:25,1100.0,13.65,S
2021-06-04T09:18:25,3000.0,13.65,S
2021-06-04T09:18:24,500.0,13.6,S
2021-06-04T09:18:24,100.0,13.65,S
2021-06-04T09:18:14,100.0,13.6,S
2021-06-04T09:18:11,12000.0,13.6,S
2021-06-04T09:18:11,5900.0,13.6,S
2021-06-04T09:18:10,500.0,13.65,S
2021-06-04T09:18:06,1000.0,13.65,S
2021-06-04T09:18:06,200.0,13.7,B
2021-06-04T09:18:06,200.0,13.65,S
2021-06-04T09:18:06,1300.0,13.7,B
2021-06-04T09:18:06,2000.0,13.7,B
2021-06-04T09:17:50,100.0,13.65,S
2021-06-04T09:17:36,1000.0,13.65,S
2021-06-04T09:17:20,10000.0,13.7,B
2021-06-04T09:17:16,100.0,13.65,S
2021-06-04T09:17:12,200.0,13.65,S
2021-06-04T09:16:51,8000.0,13.65,S
2021-06-04T09:16:45,300.0,13.7,B
2021-06-04T09:16:39,5000.0,13.6,S
2021-06-04T09:16:37,100.0,13.6,S
2021-06-04T09:16:35,2000.0,13.6,S
2021-06-04T09:16:35,8500.0,13.6,S
2021-06-04T09:16:28,2000.0,13.6,S
2021-06-04T09:16:26,600.0,13.6,S
2021-06-04T09:16:26,3400.0,13.6,S
2021-06-04T09:16:25,1600.0,13.6,S
2021-06-04T09:16:25,5600.0,13.6,S
2021-06-04T09:16:24,100.0,13.7,B
2021-06-04T09:16:23,1000.0,13.7,B
2021-06-04T09:16:21,200.0,13.7,B
2021-06-04T09:16:21,1400.0,13.7,B
2021-06-04T09:16:21,900.0,13.7,B
2021-06-04T09:16:17,100.0,13.6,S
2021-06-04T09:16:11,1000.0,13.6,S
2021-06-04T09:16:06,5300.0,13.6,S
2021-06-04T09:16:02,12100.0,13.6,S
2021-06-04T09:15:58,7000.0,13.6,S
2021-06-04T09:15:55,100.0,13.6,S
2021-06-04T09:15:55,100.0,13.6,S
2021-06-04T09:15:54,7500.0,13.6,S
2021-06-04T09:15:41,2000.0,13.6,S
2021-06-04T09:15:41,1200.0,13.7,B
2021-06-04T09:15:41,500.0,13.6,S
2021-06-04T09:15:40,2500.0,13.6,S
