tradingTime,volume,price,side
2021-06-04T14:30:05,500.0,91.3,S
2021-06-04T14:29:17,100.0,91.3,S
2021-06-04T14:28:59,500.0,91.3,S
2021-06-04T14:25:18,500.0,91.3,S
2021-06-04T14:24:27,500.0,91.3,S
2021-06-04T14:24:25,100.0,91.3,S
2021-06-04T14:23:40,300.0,91.3,S
2021-06-04T14:23:39,100.0,91.3,S
2021-06-04T14:23:38,100.0,91.3,S
2021-06-04T14:23:37,1200.0,91.3,S
2021-06-04T14:22:53,100.0,91.3,S
2021-06-04T14:22:49,1000.0,91.3,S
2021-06-04T14:22:44,5000.0,91.3,S
2021-06-04T14:22:41,200.0,91.3,S
2021-06-04T14:22:38,1100.0,91.4,B
2021-06-04T14:22:35,100.0,91.3,S
2021-06-04T14:22:32,900.0,91.4,B
2021-06-04T14:22:31,100.0,91.3,S
2021-06-04T14:22:17,1200.0,91.3,S
2021-06-04T14:21:58,200.0,91.3,S
2021-06-04T14:21:57,1300.0,91.4,B
2021-06-04T14:21:57,500.0,91.3,S
2021-06-04T14:21:55,300.0,91.3,S
2021-06-04T14:21:52,200.0,91.3,S
2021-06-04T14:21:49,2000.0,91.4,B
2021-06-04T14:21:48,2200.0,91.4,B
2021-06-04T14:21:47,400.0,91.3,S
2021-06-04T14:21:38,500.0,91.3,B
2021-06-04T14:21:36,500.0,91.3,B
2021-06-04T14:21:06,300.0,91.3,B
2021-06-04T14:21:03,400.0,91.3,B
2021-06-04T14:20:36,6200.0,91.4,B
2021-06-04T14:20:33,2800.0,91.3,B
2021-06-04T14:20:28,1000.0,91.3,B
2021-06-04T14:20:23,100.0,91.3,B
2021-06-04T14:20:10,300.0,91.4,B
2021-06-04T14:20:05,500.0,91.4,B
2021-06-04T14:20:05,1200.0,91.3,B
2021-06-04T14:20:03,800.0,91.2,S
2021-06-04T14:20:02,200.0,91.2,S
2021-06-04T14:20:00,300.0,91.3,B
2021-06-04T14:19:50,200.0,91.3,B
2021-06-04T14:19:41,300.0,91.3,B
2021-06-04T14:19:25,2000.0,91.4,B
2021-06-04T14:19:24,200.0,91.4,B
2021-06-04T14:19:24,3800.0,91.4,B
2021-06-04T14:19:22,2000.0,91.4,B
2021-06-04T14:19:05,2800.0,91.4,B
2021-06-04T14:19:05,400.0,91.4,B
2021-06-04T14:19:05,2000.0,91.3,B
2021-06-04T14:19:05,300.0,91.3,B
2021-06-04T14:19:05,3300.0,91.3,B
2021-06-04T14:19:05,1100.0,91.3,B
2021-06-04T14:19:05,100.0,91.3,B
2021-06-04T14:18:53,100.0,91.3,B
2021-06-04T14:18:52,1000.0,91.2,S
2021-06-04T14:18:50,1000.0,91.2,S
2021-06-04T14:18:50,100.0,91.2,S
2021-06-04T14:18:33,200.0,91.3,S
2021-06-04T14:18:12,200.0,91.2,S
2021-06-04T14:18:05,300.0,91.3,S
2021-06-04T14:17:51,100.0,91.3,S
2021-06-04T14:17:41,500.0,91.2,S
2021-06-04T14:17:36,100.0,91.3,S
2021-06-04T14:17:35,100.0,91.3,S
2021-06-04T14:17:18,9500.0,91.4,B
2021-06-04T14:17:02,1200.0,91.2,S
2021-06-04T14:17:00,900.0,91.3,S
2021-06-04T14:16:06,1500.0,91.3,S
2021-06-04T14:16:00,200.0,91.3,S
2021-06-04T14:15:54,1000.0,91.2,S
2021-06-04T14:15:53,400.0,91.3,S
2021-06-04T14:15:52,100.0,91.3,S
2021-06-04T14:15:52,600.0,91.4,B
2021-06-04T14:15:33,500.0,91.4,B
2021-06-04T14:15:22,2000.0,91.4,B
2021-06-04T14:15:17,2900.0,91.4,S
2021-06-04T14:15:16,900.0,91.4,S
2021-06-04T14:15:16,6200.0,91.4,S
2021-06-04T14:15:13,1000.0,91.4,S
2021-06-04T14:15:05,100.0,91.2,S
2021-06-04T14:14:59,500.0,91.2,S
2021-06-04T14:14:59,900.0,91.2,S
2021-06-04T14:14:55,600.0,91.4,S
2021-06-04T14:14:55,200.0,91.4,S
2021-06-04T14:14:55,3000.0,91.4,S
2021-06-04T14:14:55,3300.0,91.4,S
2021-06-04T14:14:55,300.0,91.4,S
2021-06-04T14:14:50,100.0,91.3,S
2021-06-04T14:14:19,100.0,91.2,S
2021-06-04T14:14:00,1000.0,91.4,S
2021-06-04T14:13:42,1800.0,91.2,S
2021-06-04T14:13:32,1000.0,91.4,S
2021-06-04T14:13:26,100.0,91.2,S
2021-06-04T14:13:24,2000.0,91.4,S
2021-06-04T14:13:16,500.0,91.4,S
2021-06-04T14:13:14,300.0,91.4,S
2021-06-04T14:13:10,1000.0,91.4,S
2021-06-04T14:13:08,100.0,91.4,S
2021-06-04T14:13:08,100.0,91.4,S
2021-06-04T14:13:00,200.0,91.2,S
2021-06-04T14:12:40,500.0,91.4,S
2021-06-04T14:12:40,400.0,91.4,S
2021-06-04T14:12:33,100.0,91.4,S
2021-06-04T14:12:32,200.0,91.2,S
2021-06-04T14:12:30,1000.0,91.2,S
2021-06-04T14:12:26,400.0,91.5,B
2021-06-04T14:12:25,2000.0,91.5,B
2021-06-04T14:12:20,1700.0,91.5,B
2021-06-04T14:12:19,8300.0,91.5,B
2021-06-04T14:12:18,1000.0,91.4,S
2021-06-04T14:12:16,5100.0,91.4,S
2021-06-04T14:12:15,1000.0,91.4,S
2021-06-04T14:12:15,10000.0,91.4,S
2021-06-04T14:12:07,100.0,91.3,S
2021-06-04T14:11:37,400.0,91.4,S
2021-06-04T14:11:37,500.0,91.5,B
2021-06-04T14:11:37,700.0,91.5,B
2021-06-04T14:11:36,14800.0,91.5,B
2021-06-04T14:11:36,600.0,91.4,S
2021-06-04T14:11:32,1000.0,91.4,S
2021-06-04T14:11:20,100.0,91.4,S
2021-06-04T14:11:01,300.0,91.4,S
2021-06-04T14:10:52,5000.0,91.1,S
2021-06-04T14:10:41,100.0,91.4,S
2021-06-04T14:10:18,2300.0,91.5,B
2021-06-04T14:10:16,100.0,91.4,S
2021-06-04T14:10:11,500.0,91.4,S
2021-06-04T14:09:43,100.0,91.5,B
2021-06-04T14:09:39,300.0,91.5,B
2021-06-04T14:09:34,800.0,91.5,B
2021-06-04T14:09:19,1000.0,91.5,B
2021-06-04T14:09:19,600.0,91.5,B
2021-06-04T14:09:17,5000.0,91.5,B
2021-06-04T14:09:13,1200.0,91.1,S
2021-06-04T14:09:06,700.0,91.1,S
2021-06-04T14:09:03,2000.0,91.5,B
2021-06-04T14:09:02,200.0,91.5,B
2021-06-04T14:09:00,1000.0,91.5,B
2021-06-04T14:08:46,8100.0,91.5,B
2021-06-04T14:08:45,2400.0,91.5,B
2021-06-04T14:08:44,200.0,91.5,B
2021-06-04T14:08:40,1100.0,91.5,B
2021-06-04T14:08:36,100.0,91.5,B
2021-06-04T14:08:36,100.0,91.5,B
2021-06-04T14:08:35,1000.0,91.5,B
2021-06-04T14:08:28,500.0,91.5,B
2021-06-04T14:08:27,1000.0,91.5,B
2021-06-04T14:08:18,6800.0,91.5,B
2021-06-04T14:08:10,200.0,91.6,B
2021-06-04T14:08:05,100.0,91.6,B
2021-06-04T14:08:03,500.0,91.7,B
2021-06-04T14:07:58,1000.0,91.6,B
2021-06-04T14:07:49,2000.0,91.0,S
2021-06-04T14:07:33,300.0,91.6,B
2021-06-04T14:07:28,400.0,91.6,B
2021-06-04T14:07:23,3100.0,91.8,B
2021-06-04T14:07:23,1900.0,91.8,B
2021-06-04T14:07:16,1200.0,91.8,B
2021-06-04T14:07:14,300.0,91.5,B
2021-06-04T14:07:13,400.0,91.5,B
2021-06-04T14:07:03,1000.0,91.5,B
2021-06-04T14:06:52,500.0,91.8,B
2021-06-04T14:06:49,500.0,91.0,S
2021-06-04T14:06:49,200.0,91.5,B
2021-06-04T14:06:48,300.0,91.5,B
2021-06-04T14:06:43,1000.0,91.8,B
2021-06-04T14:06:40,600.0,91.8,B
2021-06-04T14:06:40,4400.0,91.5,B
2021-06-04T14:06:40,2000.0,91.0,S
2021-06-04T14:06:20,100.0,91.5,B
2021-06-04T14:06:14,100.0,91.5,B
2021-06-04T14:06:03,200.0,91.5,S
2021-06-04T14:05:57,1700.0,91.8,B
2021-06-04T14:05:57,100.0,91.8,B
2021-06-04T14:05:57,400.0,91.8,B
2021-06-04T14:05:56,2600.0,91.8,B
2021-06-04T14:05:55,1300.0,91.8,B
2021-06-04T14:05:55,11800.0,91.7,B
2021-06-04T14:05:55,100.0,91.5,S
2021-06-04T14:05:54,700.0,91.5,S
2021-06-04T14:05:45,100.0,91.5,S
2021-06-04T14:05:36,1000.0,91.5,S
2021-06-04T14:05:36,500.0,91.6,B
2021-06-04T14:05:34,500.0,91.5,S
2021-06-04T14:05:28,1000.0,91.5,S
2021-06-04T14:05:27,300.0,91.5,S
2021-06-04T14:05:26,300.0,91.5,S
2021-06-04T14:05:14,1000.0,91.8,B
2021-06-04T14:04:58,100.0,91.5,S
2021-06-04T14:04:55,1900.0,91.8,B
2021-06-04T14:04:55,100.0,91.7,S
2021-06-04T14:04:51,1400.0,91.5,S
2021-06-04T14:04:48,500.0,91.5,S
2021-06-04T14:04:46,100.0,91.5,S
2021-06-04T14:04:46,1000.0,91.5,S
2021-06-04T14:04:42,100.0,91.5,S
2021-06-04T14:04:39,100.0,91.5,S
2021-06-04T14:04:38,500.0,91.5,S
2021-06-04T14:04:34,500.0,91.7,B
2021-06-04T14:04:31,100.0,91.7,B
2021-06-04T14:04:31,100.0,91.7,B
2021-06-04T14:04:30,300.0,91.7,B
2021-06-04T14:04:25,500.0,91.5,S
2021-06-04T14:04:23,1000.0,91.5,B
2021-06-04T14:04:22,100.0,91.5,B
2021-06-04T14:04:19,200.0,91.5,B
2021-06-04T14:04:19,200.0,91.5,B
2021-06-04T14:04:13,1000.0,91.5,B
2021-06-04T14:04:12,1100.0,91.5,B
2021-06-04T14:04:12,500.0,91.5,B
2021-06-04T14:04:12,1500.0,91.5,B
2021-06-04T14:04:12,6900.0,91.5,B
2021-06-04T14:04:12,1000.0,91.5,B
2021-06-04T14:04:12,12600.0,91.5,B
2021-06-04T14:04:09,4700.0,91.0,S
2021-06-04T14:04:06,100.0,91.0,S
2021-06-04T14:04:06,200.0,91.0,S
2021-06-04T14:04:02,200.0,91.0,S
2021-06-04T14:04:01,3300.0,91.3,B
2021-06-04T14:03:51,200.0,91.0,S
2021-06-04T14:03:45,500.0,91.2,B
2021-06-04T14:03:42,200.0,91.2,B
2021-06-04T14:03:40,200.0,91.0,S
2021-06-04T14:03:39,1000.0,91.0,S
2021-06-04T14:03:38,100.0,91.3,B
2021-06-04T14:03:37,2000.0,91.3,B
2021-06-04T14:03:37,100.0,91.0,S
2021-06-04T14:03:34,100.0,91.0,S
2021-06-04T14:03:32,100.0,91.2,B
2021-06-04T14:03:31,4300.0,91.0,S
2021-06-04T14:03:31,400.0,91.0,S
2021-06-04T14:03:31,5300.0,91.0,S
2021-06-04T14:03:30,1800.0,91.0,S
2021-06-04T14:03:25,200.0,91.2,B
2021-06-04T14:03:23,1000.0,91.2,B
2021-06-04T14:03:20,1000.0,91.2,B
2021-06-04T14:03:20,2000.0,91.0,S
2021-06-04T14:03:10,5300.0,91.0,S
2021-06-04T14:03:10,500.0,91.0,S
2021-06-04T14:03:09,1500.0,91.3,B
2021-06-04T14:03:08,1000.0,91.0,S
2021-06-04T14:02:56,300.0,91.2,B
2021-06-04T14:02:51,200.0,91.0,S
2021-06-04T14:02:49,600.0,91.2,B
2021-06-04T14:02:49,500.0,91.2,B
2021-06-04T14:02:43,200.0,91.1,B
2021-06-04T14:02:40,100.0,91.0,S
2021-06-04T14:02:33,100.0,91.0,S
2021-06-04T14:02:29,700.0,91.0,S
2021-06-04T14:02:29,300.0,91.0,S
2021-06-04T14:02:28,100.0,91.0,S
2021-06-04T14:02:26,1000.0,91.0,S
2021-06-04T14:02:26,1500.0,91.0,S
2021-06-04T14:02:22,100.0,91.0,S
2021-06-04T14:02:20,1800.0,91.0,S
2021-06-04T14:02:19,200.0,91.5,B
2021-06-04T14:02:19,200.0,91.5,B
2021-06-04T14:02:18,500.0,91.5,B
2021-06-04T14:02:18,100.0,91.5,B
2021-06-04T14:02:18,5000.0,91.5,B
2021-06-04T14:02:17,1000.0,91.0,S
2021-06-04T14:02:17,500.0,91.0,S
2021-06-04T14:02:16,6000.0,91.0,S
2021-06-04T14:02:16,100.0,91.0,S
2021-06-04T14:02:14,2000.0,91.0,S
2021-06-04T14:02:12,500.0,91.0,S
2021-06-04T14:02:09,100.0,91.0,S
2021-06-04T14:02:08,200.0,91.0,S
2021-06-04T14:02:07,500.0,91.0,S
2021-06-04T14:02:00,100.0,91.0,S
2021-06-04T14:02:00,1000.0,91.0,S
2021-06-04T14:02:00,300.0,91.0,S
2021-06-04T14:01:57,100.0,91.0,S
2021-06-04T14:01:55,400.0,91.0,S
2021-06-04T14:01:54,500.0,91.0,S
2021-06-04T14:01:54,400.0,91.0,S
2021-06-04T14:01:52,900.0,91.1,B
2021-06-04T14:01:50,700.0,91.0,S
2021-06-04T14:01:49,1000.0,91.0,S
2021-06-04T14:01:45,500.0,91.0,S
2021-06-04T14:01:43,1100.0,91.0,S
2021-06-04T14:01:37,100.0,91.0,S
2021-06-04T14:01:35,100.0,91.0,S
2021-06-04T14:01:34,100.0,91.0,S
2021-06-04T14:01:30,100.0,91.0,S
2021-06-04T14:01:28,500.0,91.0,B
2021-06-04T14:01:27,800.0,91.0,B
2021-06-04T14:01:27,400.0,91.0,B
2021-06-04T14:01:27,700.0,91.0,B
2021-06-04T14:01:27,1000.0,91.0,B
2021-06-04T14:01:27,2600.0,91.0,B
2021-06-04T14:01:27,2700.0,91.0,B
2021-06-04T14:01:27,1500.0,91.0,B
2021-06-04T14:01:25,4000.0,91.0,B
2021-06-04T14:01:13,3500.0,90.1,S
2021-06-04T14:01:13,100.0,90.5,B
2021-06-04T14:01:07,100.0,90.1,S
2021-06-04T14:00:59,21300.0,91.0,B
2021-06-04T14:00:59,600.0,91.0,B
2021-06-04T14:00:59,400.0,91.0,B
2021-06-04T14:00:59,200.0,91.0,B
2021-06-04T14:00:59,3100.0,91.0,B
2021-06-04T14:00:59,26900.0,90.9,B
2021-06-04T14:00:55,100.0,90.0,B
2021-06-04T14:00:54,18100.0,90.5,B
2021-06-04T14:00:54,11600.0,90.5,B
2021-06-04T14:00:54,100.0,90.5,B
2021-06-04T14:00:54,300.0,90.5,B
2021-06-04T14:00:54,200.0,90.4,B
2021-06-04T14:00:54,19700.0,90.4,B
2021-06-04T14:00:53,2000.0,90.0,B
2021-06-04T14:00:51,500.0,90.0,B
2021-06-04T14:00:50,21000.0,90.0,B
2021-06-04T14:00:50,100.0,90.2,B
2021-06-04T14:00:49,100.0,90.2,B
2021-06-04T14:00:49,200.0,90.2,B
2021-06-04T14:00:49,10000.0,90.2,B
2021-06-04T14:00:49,10900.0,90.2,B
2021-06-04T14:00:49,400.0,90.2,B
2021-06-04T14:00:49,1600.0,90.2,B
2021-06-04T14:00:49,100.0,90.0,B
2021-06-04T14:00:48,10000.0,90.1,B
2021-06-04T14:00:46,200.0,90.0,B
2021-06-04T14:00:36,1000.0,90.0,B
2021-06-04T14:00:34,100.0,90.0,B
2021-06-04T14:00:34,200.0,90.0,B
2021-06-04T14:00:32,500.0,90.0,B
2021-06-04T14:00:29,100.0,90.0,B
2021-06-04T14:00:26,700.0,90.1,B
2021-06-04T14:00:23,100.0,90.0,B
2021-06-04T14:00:20,100.0,90.0,B
2021-06-04T14:00:15,100.0,90.1,B
2021-06-04T14:00:15,200.0,90.0,B
2021-06-04T14:00:15,400.0,90.0,B
2021-06-04T14:00:14,700.0,90.0,B
2021-06-04T14:00:11,3000.0,90.0,B
2021-06-04T14:00:07,600.0,90.0,B
2021-06-04T14:00:03,200.0,90.0,B
2021-06-04T13:59:53,700.0,90.0,B
2021-06-04T13:59:53,2300.0,90.0,B
2021-06-04T13:59:52,600.0,90.0,B
2021-06-04T13:59:52,100.0,90.0,B
2021-06-04T13:59:52,600.0,90.0,B
2021-06-04T13:59:52,1600.0,90.0,B
2021-06-04T13:59:52,100.0,90.0,B
2021-06-04T13:59:51,4700.0,90.0,B
2021-06-04T13:59:45,1000.0,90.0,B
2021-06-04T13:59:44,100.0,90.0,B
2021-06-04T13:59:44,1100.0,90.0,B
2021-06-04T13:59:36,2400.0,90.0,B
2021-06-04T13:59:36,500.0,90.0,B
2021-06-04T13:59:36,900.0,90.0,B
2021-06-04T13:59:35,8600.0,90.0,B
2021-06-04T13:59:31,200.0,90.0,B
2021-06-04T13:59:27,900.0,90.0,B
2021-06-04T13:59:26,10000.0,90.0,B
2021-06-04T13:59:25,1000.0,90.0,B
2021-06-04T13:59:25,1300.0,90.0,B
2021-06-04T13:59:25,3800.0,90.0,B
2021-06-04T13:59:25,100.0,90.0,B
2021-06-04T13:59:25,800.0,90.0,B
2021-06-04T13:59:25,1200.0,90.0,B
2021-06-04T13:59:25,1500.0,90.0,B
2021-06-04T13:59:25,300.0,90.0,B
2021-06-04T13:59:24,4300.0,90.0,B
2021-06-04T13:59:24,2100.0,90.0,B
2021-06-04T13:59:24,1500.0,90.0,B
2021-06-04T13:59:24,22100.0,90.0,B
2021-06-04T13:59:20,2000.0,90.0,B
2021-06-04T13:59:20,100.0,89.5,S
2021-06-04T13:59:18,200.0,90.0,B
2021-06-04T13:59:17,500.0,90.0,B
2021-06-04T13:59:17,2000.0,90.0,B
2021-06-04T13:59:17,1000.0,90.0,B
2021-06-04T13:59:14,5000.0,90.0,B
2021-06-04T13:59:14,100.0,89.8,S
2021-06-04T13:59:09,500.0,89.8,S
2021-06-04T13:58:58,400.0,90.0,B
2021-06-04T13:58:58,1000.0,90.0,B
2021-06-04T13:58:58,200.0,90.0,B
2021-06-04T13:58:57,2000.0,90.0,B
2021-06-04T13:58:57,500.0,90.0,B
2021-06-04T13:58:51,1000.0,90.0,B
2021-06-04T13:58:49,500.0,90.0,B
2021-06-04T13:58:48,300.0,90.0,B
2021-06-04T13:58:46,16500.0,90.0,B
2021-06-04T13:58:46,3500.0,90.0,B
2021-06-04T13:58:41,100.0,89.8,B
2021-06-04T13:58:40,800.0,89.8,B
2021-06-04T13:58:39,500.0,90.0,B
2021-06-04T13:58:38,2000.0,90.0,B
2021-06-04T13:58:26,200.0,89.8,B
2021-06-04T13:58:21,500.0,90.0,B
2021-06-04T13:58:16,100.0,89.5,B
2021-06-04T13:58:12,100.0,90.0,B
2021-06-04T13:58:12,100.0,90.0,B
2021-06-04T13:58:12,4600.0,90.0,B
2021-06-04T13:58:11,5200.0,90.0,B
2021-06-04T13:58:11,100.0,89.5,B
2021-06-04T13:58:09,5000.0,89.9,B
2021-06-04T13:58:08,1900.0,89.8,B
2021-06-04T13:58:08,100.0,89.8,B
2021-06-04T13:58:08,400.0,89.8,B
2021-06-04T13:58:08,200.0,89.5,B
2021-06-04T13:58:00,600.0,89.8,B
2021-06-04T13:58:00,200.0,89.5,B
2021-06-04T13:57:55,6300.0,89.8,B
2021-06-04T13:57:55,3700.0,89.5,B
2021-06-04T13:57:49,500.0,89.5,B
2021-06-04T13:57:48,100.0,89.3,B
2021-06-04T13:57:46,200.0,89.5,B
2021-06-04T13:57:39,1200.0,89.5,B
2021-06-04T13:57:39,600.0,89.5,B
2021-06-04T13:57:39,900.0,89.5,B
2021-06-04T13:57:39,2600.0,89.5,B
2021-06-04T13:57:38,8700.0,89.5,B
2021-06-04T13:57:34,6000.0,89.3,B
2021-06-04T13:57:33,1100.0,89.3,B
2021-06-04T13:57:32,100.0,89.0,B
2021-06-04T13:57:28,300.0,88.9,B
2021-06-04T13:57:28,400.0,89.0,B
2021-06-04T13:57:26,5000.0,89.3,B
2021-06-04T13:57:22,2000.0,89.3,B
2021-06-04T13:57:22,800.0,89.1,B
2021-06-04T13:57:21,500.0,89.1,B
2021-06-04T13:57:20,1000.0,88.9,B
2021-06-04T13:57:17,2000.0,89.0,B
2021-06-04T13:57:16,3400.0,89.0,B
2021-06-04T13:57:16,300.0,89.0,B
2021-06-04T13:57:15,800.0,89.0,B
2021-06-04T13:57:15,4300.0,89.0,B
2021-06-04T13:57:15,1100.0,89.0,B
2021-06-04T13:57:15,1100.0,89.0,B
2021-06-04T13:57:15,300.0,89.0,B
2021-06-04T13:57:15,1000.0,89.0,B
2021-06-04T13:57:12,200.0,88.9,B
2021-06-04T13:57:08,1000.0,89.0,B
2021-06-04T13:57:08,300.0,89.0,B
2021-06-04T13:57:08,1000.0,89.0,B
2021-06-04T13:57:08,500.0,89.0,B
2021-06-04T13:57:08,1000.0,89.0,B
2021-06-04T13:57:08,1200.0,89.0,B
2021-06-04T13:57:08,4000.0,89.0,B
2021-06-04T13:57:05,100.0,89.0,B
2021-06-04T13:57:04,200.0,88.9,B
2021-06-04T13:57:03,500.0,88.9,B
2021-06-04T13:57:00,1400.0,89.0,B
2021-06-04T13:57:00,600.0,89.0,B
2021-06-04T13:57:00,400.0,89.0,B
2021-06-04T13:56:56,600.0,89.0,B
2021-06-04T13:56:55,100.0,89.0,B
2021-06-04T13:56:52,1000.0,89.0,B
2021-06-04T13:56:46,100.0,88.9,B
2021-06-04T13:56:44,1700.0,88.9,B
2021-06-04T13:56:38,100.0,88.8,B
2021-06-04T13:56:33,1200.0,88.9,B
2021-06-04T13:56:33,700.0,88.9,B
2021-06-04T13:56:33,700.0,88.9,B
2021-06-04T13:56:33,1300.0,88.8,B
2021-06-04T13:56:33,300.0,88.8,B
2021-06-04T13:56:33,600.0,88.7,B
2021-06-04T13:56:18,5000.0,88.7,B
2021-06-04T13:56:15,1000.0,88.7,B
2021-06-04T13:56:12,100.0,88.7,B
2021-06-04T13:56:12,4900.0,88.7,B
2021-06-04T13:56:06,800.0,88.6,B
2021-06-04T13:56:05,4200.0,88.5,B
2021-06-04T13:56:02,200.0,88.5,B
2021-06-04T13:56:02,5000.0,88.5,B
2021-06-04T13:55:58,700.0,88.5,B
2021-06-04T13:55:55,100.0,88.5,B
2021-06-04T13:55:54,200.0,88.4,S
2021-06-04T13:55:47,4900.0,88.5,B
2021-06-04T13:55:41,1300.0,88.5,B
2021-06-04T13:55:41,2000.0,88.5,B
2021-06-04T13:55:41,4700.0,88.5,B
2021-06-04T13:55:41,1400.0,88.5,B
2021-06-04T13:55:41,300.0,88.5,B
2021-06-04T13:55:41,200.0,88.5,B
2021-06-04T13:55:40,100.0,88.5,B
2021-06-04T13:55:39,100.0,88.4,B
2021-06-04T13:55:38,100.0,88.4,B
2021-06-04T13:55:33,900.0,88.4,B
2021-06-04T13:55:31,100.0,88.4,B
2021-06-04T13:55:31,900.0,88.4,B
2021-06-04T13:55:30,500.0,88.4,B
2021-06-04T13:55:30,1300.0,88.4,B
2021-06-04T13:55:30,300.0,88.4,B
2021-06-04T13:55:30,2900.0,88.3,B
2021-06-04T13:55:26,100.0,88.3,B
2021-06-04T13:55:26,200.0,88.3,B
2021-06-04T13:55:25,200.0,88.3,B
2021-06-04T13:55:25,500.0,88.3,B
2021-06-04T13:55:25,4000.0,88.3,B
2021-06-04T13:55:25,300.0,88.3,B
2021-06-04T13:55:24,1000.0,88.3,B
2021-06-04T13:55:20,200.0,88.3,B
2021-06-04T13:55:17,100.0,88.3,B
2021-06-04T13:55:16,5000.0,88.3,B
2021-06-04T13:55:03,200.0,88.3,B
2021-06-04T13:54:55,200.0,88.3,B
2021-06-04T13:54:54,100.0,88.3,B
2021-06-04T13:54:50,100.0,88.2,B
2021-06-04T13:54:50,100.0,88.2,B
2021-06-04T13:54:30,2400.0,88.1,B
2021-06-04T13:54:27,2200.0,88.2,B
2021-06-04T13:54:14,500.0,88.2,B
2021-06-04T13:53:50,600.0,88.1,B
2021-06-04T13:53:22,100.0,88.0,B
2021-06-04T13:53:20,1000.0,88.0,B
2021-06-04T13:53:19,200.0,88.0,B
2021-06-04T13:53:18,200.0,88.0,B
2021-06-04T13:53:17,100.0,87.9,S
2021-06-04T13:53:15,400.0,88.0,B
2021-06-04T13:53:15,1000.0,88.0,B
2021-06-04T13:53:11,300.0,88.0,B
2021-06-04T13:53:05,1000.0,88.0,B
2021-06-04T13:52:45,600.0,87.9,S
2021-06-04T13:52:42,800.0,88.0,B
2021-06-04T13:52:42,200.0,88.0,B
2021-06-04T13:52:42,800.0,88.0,B
2021-06-04T13:52:42,200.0,88.0,B
2021-06-04T13:52:40,1000.0,88.0,B
2021-06-04T13:52:37,9600.0,88.0,B
2021-06-04T13:52:37,400.0,88.0,B
2021-06-04T13:52:26,500.0,87.9,S
2021-06-04T13:52:18,1000.0,88.0,B
2021-06-04T13:52:18,10000.0,88.0,B
2021-06-04T13:52:17,400.0,88.0,B
2021-06-04T13:52:17,2200.0,88.0,B
2021-06-04T13:52:17,100.0,88.0,B
2021-06-04T13:52:17,400.0,88.0,B
2021-06-04T13:52:17,1000.0,88.0,B
2021-06-04T13:52:17,600.0,88.0,B
2021-06-04T13:52:17,1400.0,88.0,B
2021-06-04T13:52:17,1700.0,88.0,B
2021-06-04T13:52:16,500.0,88.0,B
2021-06-04T13:52:16,200.0,88.0,B
2021-06-04T13:52:16,1500.0,88.0,B
2021-06-04T13:52:07,1000.0,87.9,B
2021-06-04T13:52:05,1900.0,87.9,B
2021-06-04T13:52:02,10000.0,87.9,B
2021-06-04T13:52:02,1000.0,87.9,B
2021-06-04T13:51:58,5500.0,87.9,B
2021-06-04T13:51:49,1000.0,87.9,B
2021-06-04T13:51:49,100.0,87.9,B
2021-06-04T13:51:48,300.0,87.9,B
2021-06-04T13:51:43,10000.0,87.9,B
2021-06-04T13:51:42,3300.0,87.9,B
2021-06-04T13:51:40,4500.0,87.9,B
2021-06-04T13:51:34,3500.0,87.9,B
2021-06-04T13:51:34,2100.0,87.9,B
2021-06-04T13:51:29,10000.0,87.9,B
2021-06-04T13:51:24,3500.0,87.9,B
2021-06-04T13:51:24,2500.0,87.9,B
2021-06-04T13:51:21,100.0,87.9,B
2021-06-04T13:51:21,10000.0,87.9,B
2021-06-04T13:51:21,6600.0,87.9,B
2021-06-04T13:51:19,300.0,87.9,B
2021-06-04T13:51:15,100.0,87.9,B
2021-06-04T13:51:08,500.0,87.9,B
2021-06-04T13:51:02,2600.0,87.9,B
2021-06-04T13:50:52,20000.0,87.9,B
2021-06-04T13:50:48,1000.0,87.9,B
2021-06-04T13:50:35,500.0,87.9,B
2021-06-04T13:50:33,300.0,87.9,B
2021-06-04T13:50:25,900.0,87.9,B
2021-06-04T13:50:25,27000.0,87.9,B
2021-06-04T13:50:25,1500.0,87.9,B
2021-06-04T13:50:25,600.0,87.9,B
2021-06-04T13:50:25,300.0,87.9,B
2021-06-04T13:50:21,10000.0,87.8,S
2021-06-04T13:50:11,3100.0,87.9,B
2021-06-04T13:50:11,1400.0,87.9,B
2021-06-04T13:50:10,500.0,87.9,B
2021-06-04T13:50:06,800.0,87.8,B
2021-06-04T13:49:45,2000.0,87.9,B
2021-06-04T13:49:43,100.0,87.8,B
2021-06-04T13:49:33,200.0,87.8,B
2021-06-04T13:49:33,500.0,87.8,B
2021-06-04T13:49:33,200.0,87.8,B
2021-06-04T13:49:29,1300.0,87.8,B
2021-06-04T13:49:29,6700.0,87.8,B
2021-06-04T13:49:20,10000.0,87.8,B
2021-06-04T13:49:03,100.0,87.8,B
2021-06-04T13:48:57,500.0,87.8,B
2021-06-04T13:48:53,200.0,87.7,S
2021-06-04T13:48:52,3000.0,87.8,B
2021-06-04T13:48:51,500.0,87.8,B
2021-06-04T13:48:17,5000.0,87.8,B
2021-06-04T13:48:05,100.0,87.8,B
2021-06-04T13:48:02,5000.0,87.7,B
2021-06-04T13:47:39,500.0,87.7,B
2021-06-04T13:47:35,1100.0,87.7,B
2021-06-04T13:47:35,1200.0,87.7,B
2021-06-04T13:47:35,600.0,87.7,B
2021-06-04T13:47:35,300.0,87.7,B
2021-06-04T13:47:35,200.0,87.7,B
2021-06-04T13:47:35,6100.0,87.7,B
2021-06-04T13:47:34,100.0,87.7,B
2021-06-04T13:47:29,100.0,87.7,B
2021-06-04T13:47:09,200.0,87.7,B
2021-06-04T13:47:02,1000.0,87.7,B
2021-06-04T13:46:59,5000.0,87.6,S
2021-06-04T13:46:59,10000.0,87.7,B
2021-06-04T13:46:54,1100.0,87.7,B
2021-06-04T13:46:47,400.0,87.6,S
2021-06-04T13:46:43,3000.0,87.7,B
2021-06-04T13:46:35,100.0,87.6,B
2021-06-04T13:46:31,500.0,87.6,B
2021-06-04T13:46:30,100.0,87.6,B
2021-06-04T13:46:29,300.0,87.6,B
2021-06-04T13:46:19,100.0,87.7,B
2021-06-04T13:46:13,300.0,87.6,B
2021-06-04T13:46:12,100.0,87.6,B
2021-06-04T13:46:12,800.0,87.6,B
2021-06-04T13:46:12,3300.0,87.6,B
2021-06-04T13:46:09,2000.0,87.6,B
2021-06-04T13:46:04,500.0,87.6,B
2021-06-04T13:46:03,100.0,87.6,B
2021-06-04T13:46:00,300.0,87.6,B
2021-06-04T13:46:00,200.0,87.6,B
2021-06-04T13:45:56,1000.0,87.6,B
2021-06-04T13:45:47,100.0,87.5,B
2021-06-04T13:45:32,100.0,87.6,B
2021-06-04T13:45:25,100.0,87.6,B
2021-06-04T13:45:21,500.0,87.5,B
2021-06-04T13:45:21,300.0,87.5,B
2021-06-04T13:45:21,700.0,87.5,B
2021-06-04T13:45:17,100.0,87.5,B
2021-06-04T13:45:15,500.0,87.5,B
2021-06-04T13:45:15,200.0,87.5,B
2021-06-04T13:45:15,1000.0,87.5,B
2021-06-04T13:45:10,1000.0,87.5,B
2021-06-04T13:45:08,7500.0,87.5,B
2021-06-04T13:45:08,300.0,87.5,B
2021-06-04T13:45:08,700.0,87.5,B
2021-06-04T13:45:08,900.0,87.5,B
2021-06-04T13:45:08,300.0,87.5,B
2021-06-04T13:45:07,300.0,87.5,B
2021-06-04T13:44:58,200.0,87.5,B
2021-06-04T13:44:58,500.0,87.5,B
2021-06-04T13:44:58,300.0,87.5,B
2021-06-04T13:44:52,1000.0,87.5,B
2021-06-04T13:44:49,500.0,87.5,B
2021-06-04T13:44:39,500.0,87.5,B
2021-06-04T13:44:18,1000.0,87.5,B
2021-06-04T13:44:05,300.0,87.5,B
2021-06-04T13:44:02,1000.0,87.5,B
2021-06-04T13:43:59,200.0,87.5,B
2021-06-04T13:43:31,500.0,87.5,B
2021-06-04T13:43:26,300.0,87.4,B
2021-06-04T13:42:55,1000.0,87.4,S
2021-06-04T13:42:53,1000.0,87.4,S
2021-06-04T13:42:51,3700.0,87.4,S
2021-06-04T13:42:51,4000.0,87.4,S
2021-06-04T13:42:40,100.0,87.4,S
2021-06-04T13:42:33,1000.0,87.4,S
2021-06-04T13:42:32,200.0,87.4,S
2021-06-04T13:41:58,1000.0,87.4,S
2021-06-04T13:41:48,100.0,87.4,S
2021-06-04T13:41:23,500.0,87.5,B
2021-06-04T13:41:23,1500.0,87.5,B
2021-06-04T13:41:23,8000.0,87.5,B
2021-06-04T13:40:52,500.0,87.4,B
2021-06-04T13:40:30,1000.0,87.3,S
2021-06-04T13:40:26,300.0,87.4,B
2021-06-04T13:40:13,1000.0,87.3,S
2021-06-04T13:40:08,1600.0,87.4,B
2021-06-04T13:40:03,1500.0,87.4,B
2021-06-04T13:39:53,200.0,87.3,S
2021-06-04T13:39:21,500.0,87.3,S
2021-06-04T13:39:00,1400.0,87.3,S
2021-06-04T13:38:48,100.0,87.4,B
2021-06-04T13:38:48,100.0,87.4,B
2021-06-04T13:38:48,1800.0,87.4,B
2021-06-04T13:38:17,5000.0,87.4,B
2021-06-04T13:38:09,100.0,87.4,B
2021-06-04T13:37:47,200.0,87.3,S
2021-06-04T13:37:21,500.0,87.4,B
2021-06-04T13:35:48,1000.0,87.4,B
2021-06-04T13:35:36,2600.0,87.4,B
2021-06-04T13:34:51,1000.0,87.4,B
2021-06-04T13:34:50,100.0,87.3,S
2021-06-04T13:34:39,200.0,87.4,B
2021-06-04T13:34:31,1000.0,87.4,B
2021-06-04T13:33:31,1400.0,87.4,B
2021-06-04T13:33:31,100.0,87.3,S
2021-06-04T13:32:47,500.0,87.4,B
2021-06-04T13:32:13,800.0,87.4,B
2021-06-04T13:31:12,100.0,87.4,B
2021-06-04T13:30:08,5000.0,87.4,B
2021-06-04T13:29:57,200.0,87.3,B
2021-06-04T13:29:55,300.0,87.2,S
2021-06-04T13:29:27,500.0,87.3,B
2021-06-04T13:29:08,100.0,87.3,B
2021-06-04T13:28:49,1300.0,87.2,S
2021-06-04T13:28:03,1100.0,87.2,S
2021-06-04T13:27:52,300.0,87.3,B
2021-06-04T13:27:06,3700.0,87.2,S
2021-06-04T13:26:52,1000.0,87.3,B
2021-06-04T13:26:46,100.0,87.3,B
2021-06-04T13:26:30,300.0,87.3,B
2021-06-04T13:26:29,1000.0,87.3,B
2021-06-04T13:26:11,200.0,87.3,B
2021-06-04T13:26:10,1600.0,87.3,B
2021-06-04T13:26:08,1000.0,87.3,B
2021-06-04T13:25:43,500.0,87.3,B
2021-06-04T13:24:51,200.0,87.3,B
2021-06-04T13:24:34,100.0,87.3,B
2021-06-04T13:24:31,300.0,87.3,B
2021-06-04T13:24:19,100.0,87.2,S
2021-06-04T13:24:16,200.0,87.3,B
2021-06-04T13:23:29,100.0,87.3,B
2021-06-04T13:22:47,400.0,87.2,S
2021-06-04T13:22:42,200.0,87.3,B
2021-06-04T13:22:21,500.0,87.3,B
2021-06-04T13:22:10,100.0,87.3,B
2021-06-04T13:21:52,100.0,87.3,B
2021-06-04T13:21:51,500.0,87.2,S
2021-06-04T13:21:46,400.0,87.3,B
2021-06-04T13:21:45,600.0,87.3,B
2021-06-04T13:21:38,100.0,87.3,B
2021-06-04T13:21:35,100.0,87.3,B
2021-06-04T13:21:28,200.0,87.3,B
2021-06-04T13:21:27,2500.0,87.3,B
2021-06-04T13:21:08,300.0,87.2,S
2021-06-04T13:20:54,200.0,87.3,B
2021-06-04T13:20:42,1000.0,87.3,B
2021-06-04T13:20:10,200.0,87.3,B
2021-06-04T13:19:28,200.0,87.3,B
2021-06-04T13:19:25,500.0,87.3,B
2021-06-04T13:18:53,100.0,87.2,S
2021-06-04T13:18:43,2400.0,87.3,B
2021-06-04T13:18:40,200.0,87.3,B
2021-06-04T13:18:38,10000.0,87.2,S
2021-06-04T13:18:24,1000.0,87.3,B
2021-06-04T13:18:02,200.0,87.3,B
2021-06-04T13:17:52,600.0,87.3,B
2021-06-04T13:17:28,2000.0,87.2,S
2021-06-04T13:17:27,500.0,87.3,B
2021-06-04T13:17:25,1000.0,87.3,B
2021-06-04T13:17:23,1500.0,87.2,S
2021-06-04T13:17:21,500.0,87.3,B
2021-06-04T13:17:14,700.0,87.2,S
2021-06-04T13:17:01,400.0,87.3,B
2021-06-04T13:16:50,400.0,87.3,B
2021-06-04T13:16:50,2900.0,87.3,B
2021-06-04T13:16:36,200.0,87.3,B
2021-06-04T13:15:55,200.0,87.3,B
2021-06-04T13:15:35,300.0,87.3,B
2021-06-04T13:15:23,1300.0,87.3,B
2021-06-04T13:15:22,1400.0,87.3,B
2021-06-04T13:15:02,3800.0,87.3,B
2021-06-04T13:14:55,200.0,87.3,B
2021-06-04T13:14:34,5000.0,87.2,S
2021-06-04T13:14:20,100.0,87.3,B
2021-06-04T13:14:18,900.0,87.2,S
2021-06-04T13:14:07,600.0,87.3,B
2021-06-04T13:13:56,3300.0,87.3,B
2021-06-04T13:13:49,200.0,87.3,B
2021-06-04T13:13:47,10000.0,87.2,S
2021-06-04T13:13:45,3300.0,87.3,B
2021-06-04T13:13:37,1500.0,87.2,S
2021-06-04T13:12:50,600.0,87.3,B
2021-06-04T13:12:34,200.0,87.3,B
2021-06-04T13:12:30,100.0,87.3,B
2021-06-04T13:12:29,500.0,87.2,S
2021-06-04T13:11:59,2000.0,87.3,S
2021-06-04T13:11:37,200.0,87.3,S
2021-06-04T13:10:31,2000.0,87.2,S
2021-06-04T13:09:43,9900.0,87.3,S
2021-06-04T13:09:15,1000.0,87.3,S
2021-06-04T13:08:31,3000.0,87.4,B
2021-06-04T13:08:31,300.0,87.4,B
2021-06-04T13:08:31,1500.0,87.4,B
2021-06-04T13:08:31,3600.0,87.4,B
2021-06-04T13:08:30,5300.0,87.4,B
2021-06-04T13:08:13,600.0,87.3,S
2021-06-04T13:08:13,6000.0,87.3,S
2021-06-04T13:07:40,100.0,87.3,S
2021-06-04T13:06:57,800.0,87.4,B
2021-06-04T13:06:57,200.0,87.4,B
2021-06-04T13:05:52,100.0,87.4,B
2021-06-04T13:05:39,18000.0,87.3,S
2021-06-04T13:05:37,500.0,87.4,B
2021-06-04T13:03:42,100.0,87.3,S
2021-06-04T13:03:42,3300.0,87.4,S
2021-06-04T13:03:42,1300.0,87.4,S
2021-06-04T13:02:17,100.0,87.4,S
2021-06-04T13:01:35,100.0,87.4,S
2021-06-04T13:01:35,4000.0,87.3,S
2021-06-04T13:01:35,4700.0,87.4,S
2021-06-04T13:01:35,7100.0,87.4,S
2021-06-04T13:01:35,200.0,87.4,S
2021-06-04T13:00:57,300.0,87.4,S
2021-06-04T13:00:36,100.0,87.4,S
2021-06-04T13:00:36,100.0,87.4,S
2021-06-04T13:00:20,200.0,87.4,S
2021-06-04T13:00:16,300.0,87.4,S
2021-06-04T11:30:44,100.0,87.4,S
2021-06-04T11:30:44,1000.0,87.4,S
2021-06-04T11:30:44,1700.0,87.4,S
2021-06-04T11:30:44,8600.0,87.4,S
2021-06-04T11:29:57,600.0,87.4,S
2021-06-04T11:28:57,100.0,87.4,S
2021-06-04T11:28:49,200.0,87.4,S
2021-06-04T11:28:46,300.0,87.4,S
2021-06-04T11:28:26,1000.0,87.4,S
2021-06-04T11:28:10,1000.0,87.5,B
2021-06-04T11:27:49,4000.0,87.4,S
2021-06-04T11:27:43,200.0,87.4,S
2021-06-04T11:27:41,3000.0,87.4,S
2021-06-04T11:27:12,1000.0,87.4,S
2021-06-04T11:27:02,500.0,87.4,S
2021-06-04T11:26:44,700.0,87.4,S
2021-06-04T11:26:22,2000.0,87.4,S
2021-06-04T11:26:17,10000.0,87.4,S
2021-06-04T11:25:43,200.0,87.4,S
2021-06-04T11:25:36,1000.0,87.4,S
2021-06-04T11:25:20,1500.0,87.4,S
2021-06-04T11:25:13,100.0,87.4,S
2021-06-04T11:25:05,300.0,87.5,B
2021-06-04T11:25:03,500.0,87.4,S
2021-06-04T11:25:00,300.0,87.4,S
2021-06-04T11:24:44,500.0,87.4,S
2021-06-04T11:24:40,3000.0,87.4,S
2021-06-04T11:24:31,200.0,87.4,S
2021-06-04T11:24:27,200.0,87.4,S
2021-06-04T11:24:00,300.0,87.4,S
2021-06-04T11:23:47,500.0,87.4,S
2021-06-04T11:23:33,500.0,87.4,S
2021-06-04T11:23:21,2000.0,87.4,S
2021-06-04T11:23:15,1100.0,87.4,S
2021-06-04T11:22:49,300.0,87.4,S
2021-06-04T11:22:25,400.0,87.4,S
2021-06-04T11:22:01,200.0,87.4,S
2021-06-04T11:21:39,4000.0,87.4,S
2021-06-04T11:20:49,200.0,87.4,S
2021-06-04T11:20:05,1000.0,87.4,S
2021-06-04T11:19:13,2600.0,87.4,S
2021-06-04T11:18:48,200.0,87.4,S
2021-06-04T11:18:28,100.0,87.5,B
2021-06-04T11:18:28,900.0,87.5,B
2021-06-04T11:17:47,1000.0,87.4,S
2021-06-04T11:17:05,300.0,87.4,S
2021-06-04T11:16:51,200.0,87.4,S
2021-06-04T11:14:54,200.0,87.4,S
2021-06-04T11:14:14,200.0,87.4,S
2021-06-04T11:14:06,1000.0,87.4,S
2021-06-04T11:13:52,500.0,87.5,B
2021-06-04T11:13:22,500.0,87.4,S
2021-06-04T11:12:48,100.0,87.5,B
2021-06-04T11:11:49,100.0,87.4,S
2021-06-04T11:11:12,400.0,87.5,S
2021-06-04T11:10:59,1500.0,87.5,S
2021-06-04T11:10:53,1000.0,87.5,S
2021-06-04T11:10:48,300.0,87.5,S
2021-06-04T11:10:27,1000.0,87.5,S
2021-06-04T11:10:15,100.0,87.5,S
2021-06-04T11:10:04,300.0,87.5,S
2021-06-04T11:10:04,700.0,87.5,S
2021-06-04T11:10:00,100.0,87.5,S
2021-06-04T11:09:52,1000.0,87.5,S
2021-06-04T11:09:32,10000.0,87.5,S
2021-06-04T11:09:19,600.0,87.5,S
2021-06-04T11:09:13,300.0,87.5,S
2021-06-04T11:09:01,200.0,87.5,S
2021-06-04T11:08:59,400.0,87.5,S
2021-06-04T11:08:09,1000.0,87.5,S
2021-06-04T11:07:57,2300.0,87.5,S
2021-06-04T11:07:55,3500.0,87.5,S
2021-06-04T11:07:55,3000.0,87.5,S
2021-06-04T11:07:55,1500.0,87.5,S
2021-06-04T11:07:55,4000.0,87.5,S
2021-06-04T11:06:57,3000.0,87.5,S
2021-06-04T11:06:52,100.0,87.5,S
2021-06-04T11:06:42,600.0,87.5,S
2021-06-04T11:06:30,100.0,87.5,S
2021-06-04T11:05:28,3100.0,87.5,S
2021-06-04T11:05:28,6900.0,87.5,S
2021-06-04T11:05:18,400.0,87.6,B
2021-06-04T11:04:57,200.0,87.6,B
2021-06-04T11:04:57,1300.0,87.6,B
2021-06-04T11:04:57,5300.0,87.6,B
2021-06-04T11:04:37,5400.0,87.5,S
2021-06-04T11:04:20,300.0,87.5,S
2021-06-04T11:03:39,1500.0,87.6,S
2021-06-04T11:02:37,1000.0,87.6,S
2021-06-04T11:02:30,1000.0,87.6,S
2021-06-04T11:02:14,500.0,87.6,S
2021-06-04T11:02:08,400.0,87.6,S
2021-06-04T11:01:48,200.0,87.6,S
2021-06-04T11:01:17,100.0,87.6,S
2021-06-04T11:00:50,5000.0,87.6,S
2021-06-04T11:00:40,600.0,87.6,S
2021-06-04T11:00:18,200.0,87.6,S
2021-06-04T11:00:01,600.0,87.7,B
2021-06-04T10:59:59,1000.0,87.6,S
2021-06-04T10:58:59,100.0,87.6,S
2021-06-04T10:58:35,100.0,87.6,S
2021-06-04T10:58:12,3300.0,87.8,B
2021-06-04T10:58:12,200.0,87.8,B
2021-06-04T10:58:12,6500.0,87.8,B
2021-06-04T10:57:57,900.0,87.7,B
2021-06-04T10:57:57,100.0,87.6,S
2021-06-04T10:57:15,2900.0,87.5,S
2021-06-04T10:56:52,2700.0,87.5,S
2021-06-04T10:56:52,1100.0,87.6,S
2021-06-04T10:56:51,500.0,87.6,S
2021-06-04T10:56:36,100.0,87.7,B
2021-06-04T10:56:33,100.0,87.7,B
2021-06-04T10:56:16,500.0,87.6,S
2021-06-04T10:56:14,3900.0,87.7,B
2021-06-04T10:56:13,500.0,87.7,B
2021-06-04T10:55:34,1500.0,87.7,B
2021-06-04T10:55:18,700.0,87.7,B
2021-06-04T10:55:18,200.0,87.7,B
2021-06-04T10:55:06,100.0,87.7,B
2021-06-04T10:54:58,500.0,87.7,B
2021-06-04T10:54:58,200.0,87.7,B
2021-06-04T10:54:32,5000.0,87.7,B
2021-06-04T10:54:30,400.0,87.6,S
2021-06-04T10:53:21,100.0,87.7,B
2021-06-04T10:52:58,500.0,87.7,B
2021-06-04T10:52:51,200.0,87.6,S
2021-06-04T10:51:03,1000.0,87.7,B
2021-06-04T10:50:52,2000.0,87.6,B
2021-06-04T10:50:42,200.0,87.6,B
2021-06-04T10:50:24,2600.0,87.6,B
2021-06-04T10:49:28,800.0,87.7,B
2021-06-04T10:49:28,1000.0,87.7,B
2021-06-04T10:49:27,1200.0,87.7,B
2021-06-04T10:49:23,400.0,87.7,B
2021-06-04T10:47:52,1000.0,87.6,B
2021-06-04T10:46:50,900.0,87.6,B
2021-06-04T10:46:50,1100.0,87.6,B
2021-06-04T10:46:10,100.0,87.5,B
2021-06-04T10:45:43,2000.0,87.5,B
2021-06-04T10:45:24,300.0,87.5,B
2021-06-04T10:45:24,10000.0,87.5,B
2021-06-04T10:45:24,400.0,87.5,B
2021-06-04T10:45:23,200.0,87.5,B
2021-06-04T10:45:23,3100.0,87.5,B
2021-06-04T10:45:15,300.0,87.5,B
2021-06-04T10:45:00,200.0,87.4,B
2021-06-04T10:44:43,200.0,87.5,B
2021-06-04T10:44:43,800.0,87.5,B
2021-06-04T10:44:41,2000.0,87.5,B
2021-06-04T10:44:20,3000.0,87.5,B
2021-06-04T10:44:19,300.0,87.5,B
2021-06-04T10:44:19,1300.0,87.5,B
2021-06-04T10:44:13,600.0,87.5,B
2021-06-04T10:44:04,3000.0,87.5,B
2021-06-04T10:44:03,4000.0,87.5,B
2021-06-04T10:43:59,5200.0,87.5,B
2021-06-04T10:43:59,400.0,87.5,B
2021-06-04T10:43:59,2300.0,87.5,B
2021-06-04T10:43:59,400.0,87.5,B
2021-06-04T10:43:59,1700.0,87.5,B
2021-06-04T10:43:51,10000.0,87.5,B
2021-06-04T10:43:51,600.0,87.4,B
2021-06-04T10:43:51,8000.0,87.4,B
2021-06-04T10:43:34,2000.0,87.4,B
2021-06-04T10:43:30,500.0,87.4,B
2021-06-04T10:43:30,1200.0,87.4,B
2021-06-04T10:43:30,300.0,87.4,B
2021-06-04T10:43:27,2000.0,87.4,B
2021-06-04T10:43:23,500.0,87.4,B
2021-06-04T10:43:23,200.0,87.4,B
2021-06-04T10:43:23,1300.0,87.4,B
2021-06-04T10:43:19,1700.0,87.4,B
2021-06-04T10:43:19,100.0,87.4,B
2021-06-04T10:43:19,6300.0,87.4,B
2021-06-04T10:43:19,1900.0,87.4,B
2021-06-04T10:43:08,2000.0,87.3,B
2021-06-04T10:43:04,200.0,87.3,B
2021-06-04T10:42:24,300.0,87.3,B
2021-06-04T10:42:13,600.0,87.3,B
2021-06-04T10:42:12,2100.0,87.4,B
2021-06-04T10:42:11,2000.0,87.4,B
2021-06-04T10:41:52,100.0,87.3,B
2021-06-04T10:41:46,300.0,87.4,B
2021-06-04T10:41:00,100.0,87.3,B
2021-06-04T10:40:03,500.0,87.4,B
2021-06-04T10:40:01,5000.0,87.4,B
2021-06-04T10:40:00,2500.0,87.2,B
2021-06-04T10:39:47,400.0,87.2,B
2021-06-04T10:39:26,100.0,87.2,B
2021-06-04T10:38:30,1000.0,87.3,B
2021-06-04T10:38:28,7800.0,87.2,B
2021-06-04T10:38:26,5000.0,87.2,B
2021-06-04T10:37:57,10000.0,87.0,S
2021-06-04T10:37:40,300.0,87.2,B
2021-06-04T10:37:40,1700.0,87.2,B
2021-06-04T10:37:29,2000.0,87.2,B
2021-06-04T10:36:22,100.0,87.0,B
2021-06-04T10:36:17,500.0,87.0,B
2021-06-04T10:35:23,10000.0,87.0,B
2021-06-04T10:34:59,100.0,86.9,S
2021-06-04T10:34:46,200.0,86.9,S
2021-06-04T10:34:37,2000.0,87.0,B
2021-06-04T10:34:14,2000.0,87.0,B
2021-06-04T10:34:10,500.0,86.9,S
2021-06-04T10:33:33,2000.0,86.9,S
2021-06-04T10:33:26,500.0,87.0,B
2021-06-04T10:33:25,10000.0,87.0,B
2021-06-04T10:33:20,200.0,87.0,B
2021-06-04T10:33:13,100.0,86.9,S
2021-06-04T10:33:11,500.0,86.9,S
2021-06-04T10:32:51,1500.0,87.0,B
2021-06-04T10:32:42,200.0,86.9,S
2021-06-04T10:32:39,100.0,87.0,B
2021-06-04T10:32:25,500.0,87.0,B
2021-06-04T10:32:25,100.0,87.0,B
2021-06-04T10:32:25,700.0,87.0,B
2021-06-04T10:32:25,200.0,87.0,B
2021-06-04T10:32:25,2800.0,87.0,B
2021-06-04T10:32:25,200.0,87.0,B
2021-06-04T10:32:24,5500.0,87.0,B
2021-06-04T10:32:20,300.0,86.8,S
2021-06-04T10:32:15,100.0,86.9,S
2021-06-04T10:31:57,300.0,86.9,S
2021-06-04T10:31:35,300.0,86.8,S
2021-06-04T10:31:18,4000.0,87.0,B
2021-06-04T10:30:53,500.0,87.0,B
2021-06-04T10:30:49,10000.0,86.8,S
2021-06-04T10:30:36,2500.0,86.9,S
2021-06-04T10:30:02,100.0,87.0,B
2021-06-04T10:30:01,300.0,87.0,B
2021-06-04T10:28:15,100.0,87.0,B
2021-06-04T10:28:15,500.0,87.0,B
2021-06-04T10:28:15,5300.0,87.0,B
2021-06-04T10:28:15,6600.0,87.0,B
2021-06-04T10:28:15,100.0,87.0,B
2021-06-04T10:28:15,1900.0,87.0,B
2021-06-04T10:28:15,600.0,87.0,B
2021-06-04T10:28:15,4900.0,87.0,B
2021-06-04T10:27:59,100.0,86.9,S
2021-06-04T10:27:30,100.0,86.9,S
2021-06-04T10:27:15,10000.0,86.9,S
2021-06-04T10:27:09,500.0,87.0,B
2021-06-04T10:26:41,100.0,86.9,S
2021-06-04T10:26:19,200.0,87.0,B
2021-06-04T10:26:18,100.0,87.0,B
2021-06-04T10:26:02,500.0,86.9,S
2021-06-04T10:26:00,500.0,86.9,S
2021-06-04T10:25:25,3800.0,87.0,B
2021-06-04T10:25:21,3800.0,86.9,S
2021-06-04T10:24:32,3600.0,86.9,S
2021-06-04T10:23:52,200.0,86.9,S
2021-06-04T10:23:17,300.0,86.9,S
2021-06-04T10:22:45,100.0,87.0,B
2021-06-04T10:22:24,9500.0,86.8,S
2021-06-04T10:22:24,600.0,86.8,S
2021-06-04T10:22:24,9900.0,86.8,S
2021-06-04T10:22:20,300.0,86.9,S
2021-06-04T10:22:05,2100.0,87.0,B
2021-06-04T10:19:58,500.0,86.9,S
2021-06-04T10:19:57,1000.0,86.9,S
2021-06-04T10:19:40,300.0,86.9,S
2021-06-04T10:18:54,10000.0,87.0,B
2021-06-04T10:18:54,100.0,86.9,S
2021-06-04T10:17:37,100.0,86.9,S
2021-06-04T10:16:43,2200.0,86.9,S
2021-06-04T10:16:43,200.0,86.9,S
2021-06-04T10:16:39,500.0,86.8,S
2021-06-04T10:16:39,700.0,86.8,S
2021-06-04T10:16:39,5300.0,86.8,S
2021-06-04T10:16:39,500.0,86.8,S
2021-06-04T10:16:27,500.0,86.9,S
2021-06-04T10:16:20,600.0,86.9,S
2021-06-04T10:15:49,200.0,86.8,S
2021-06-04T10:15:29,2000.0,86.8,S
2021-06-04T10:15:29,2700.0,86.9,S
2021-06-04T10:15:29,3100.0,86.9,S
2021-06-04T10:15:22,200.0,86.9,S
2021-06-04T10:15:19,600.0,86.9,S
2021-06-04T10:15:15,500.0,86.9,S
2021-06-04T10:15:00,100.0,86.9,S
2021-06-04T10:13:57,300.0,86.9,B
2021-06-04T10:12:39,100.0,86.9,B
2021-06-04T10:12:22,100.0,86.9,B
2021-06-04T10:12:20,2000.0,86.9,B
2021-06-04T10:12:09,1000.0,86.9,B
2021-06-04T10:10:46,3000.0,86.9,B
2021-06-04T10:10:34,200.0,86.9,B
2021-06-04T10:10:21,100.0,86.9,B
2021-06-04T10:10:01,200.0,86.9,B
2021-06-04T10:10:00,4500.0,86.9,B
2021-06-04T10:09:56,200.0,86.8,S
2021-06-04T10:09:52,100.0,86.8,S
2021-06-04T10:08:28,2000.0,86.8,S
2021-06-04T10:08:23,200.0,86.8,S
2021-06-04T10:07:50,300.0,86.8,S
2021-06-04T10:07:48,400.0,86.8,S
2021-06-04T10:07:48,300.0,86.8,S
2021-06-04T10:07:40,1900.0,86.9,B
2021-06-04T10:07:23,200.0,86.9,B
2021-06-04T10:07:23,3800.0,86.9,B
2021-06-04T10:07:11,100.0,86.9,B
2021-06-04T10:06:41,100.0,86.9,B
2021-06-04T10:05:33,1000.0,86.9,S
2021-06-04T10:05:24,500.0,86.9,S
2021-06-04T10:05:24,100.0,86.9,S
2021-06-04T10:05:14,500.0,86.9,S
2021-06-04T10:05:14,100.0,86.9,S
2021-06-04T10:05:01,700.0,86.9,S
2021-06-04T10:04:41,600.0,86.9,S
2021-06-04T10:04:41,3100.0,86.9,S
2021-06-04T10:04:32,9100.0,86.9,S
2021-06-04T10:03:13,1000.0,86.9,S
2021-06-04T10:02:08,7300.0,87.0,B
2021-06-04T10:02:07,2300.0,87.0,B
2021-06-04T10:02:07,400.0,86.9,S
2021-06-04T10:01:47,2000.0,86.8,S
2021-06-04T10:01:34,200.0,86.9,S
2021-06-04T10:01:29,14800.0,87.0,B
2021-06-04T10:01:29,200.0,87.0,B
2021-06-04T10:01:29,1000.0,87.0,B
2021-06-04T10:01:29,4600.0,87.0,B
2021-06-04T10:01:29,300.0,87.0,B
2021-06-04T10:01:29,900.0,87.0,B
2021-06-04T10:01:29,400.0,87.0,B
2021-06-04T10:01:28,1000.0,87.0,B
2021-06-04T10:01:28,1800.0,87.0,B
2021-06-04T10:01:28,300.0,87.0,B
2021-06-04T10:01:28,200.0,87.0,B
2021-06-04T10:01:28,1700.0,87.0,B
2021-06-04T10:01:28,1800.0,87.0,B
2021-06-04T10:01:28,700.0,87.0,B
2021-06-04T10:01:28,200.0,87.0,B
2021-06-04T10:01:28,100.0,87.0,B
2021-06-04T10:01:28,1600.0,87.0,B
2021-06-04T10:01:28,8400.0,87.0,B
2021-06-04T10:01:21,500.0,86.9,S
2021-06-04T10:01:13,100.0,86.9,S
2021-06-04T10:01:09,200.0,86.9,S
2021-06-04T10:01:07,500.0,86.9,S
2021-06-04T10:01:06,4700.0,86.9,S
2021-06-04T10:01:00,1700.0,86.9,S
2021-06-04T10:00:44,2000.0,86.9,S
2021-06-04T10:00:32,600.0,86.8,S
2021-06-04T10:00:12,20000.0,86.9,S
2021-06-04T09:59:55,1000.0,86.9,S
2021-06-04T09:59:54,1300.0,86.9,S
2021-06-04T09:59:36,2000.0,87.0,B
2021-06-04T09:59:33,10000.0,86.9,S
2021-06-04T09:59:16,400.0,86.9,S
2021-06-04T09:59:00,100.0,86.9,S
2021-06-04T09:58:45,10000.0,87.0,B
2021-06-04T09:58:33,1000.0,86.9,S
2021-06-04T09:58:24,700.0,86.9,S
2021-06-04T09:57:30,2700.0,86.9,S
2021-06-04T09:57:04,400.0,86.9,S
2021-06-04T09:56:57,400.0,86.9,S
2021-06-04T09:56:42,1100.0,87.0,B
2021-06-04T09:56:33,300.0,86.9,S
2021-06-04T09:56:30,100.0,87.0,B
2021-06-04T09:56:27,200.0,86.9,S
2021-06-04T09:56:22,100.0,87.0,B
2021-06-04T09:56:12,2500.0,86.9,S
2021-06-04T09:55:28,100.0,86.9,S
2021-06-04T09:55:10,300.0,87.0,B
2021-06-04T09:54:55,1000.0,86.9,S
2021-06-04T09:54:08,800.0,87.0,B
2021-06-04T09:54:03,200.0,87.0,B
2021-06-04T09:53:57,3000.0,86.9,S
2021-06-04T09:53:34,100.0,86.9,S
2021-06-04T09:53:34,3500.0,86.9,S
2021-06-04T09:53:32,500.0,87.0,B
2021-06-04T09:53:15,300.0,86.9,S
2021-06-04T09:53:06,3900.0,86.9,S
2021-06-04T09:53:06,6100.0,86.9,S
2021-06-04T09:52:52,10000.0,87.0,B
2021-06-04T09:52:52,3000.0,86.9,S
2021-06-04T09:52:46,400.0,87.0,B
2021-06-04T09:52:45,100.0,86.9,S
2021-06-04T09:51:26,200.0,86.9,S
2021-06-04T09:51:22,200.0,86.9,S
2021-06-04T09:51:03,300.0,87.0,B
2021-06-04T09:50:11,500.0,86.9,S
2021-06-04T09:50:04,200.0,87.0,B
2021-06-04T09:49:50,200.0,87.0,B
2021-06-04T09:49:46,2100.0,87.0,B
2021-06-04T09:49:39,100.0,87.0,B
2021-06-04T09:49:34,100.0,87.0,B
2021-06-04T09:49:27,100.0,87.0,B
2021-06-04T09:49:23,100.0,87.0,B
2021-06-04T09:49:18,100.0,87.0,B
2021-06-04T09:49:11,100.0,87.0,B
2021-06-04T09:48:56,100.0,86.9,S
2021-06-04T09:48:56,100.0,86.9,S
2021-06-04T09:48:55,100.0,86.9,S
2021-06-04T09:48:54,100.0,86.9,S
2021-06-04T09:48:16,100.0,87.0,B
2021-06-04T09:47:44,300.0,86.9,S
2021-06-04T09:47:21,100.0,86.9,S
2021-06-04T09:46:28,100.0,87.0,B
2021-06-04T09:45:49,1400.0,86.9,S
2021-06-04T09:45:49,600.0,86.9,S
2021-06-04T09:45:19,200.0,87.0,B
2021-06-04T09:44:46,100.0,87.0,B
2021-06-04T09:44:45,1000.0,87.0,B
2021-06-04T09:44:12,5000.0,87.0,B
2021-06-04T09:44:10,2500.0,86.9,S
2021-06-04T09:43:06,500.0,87.0,S
2021-06-04T09:42:39,10200.0,87.0,S
2021-06-04T09:42:28,200.0,86.9,S
2021-06-04T09:42:22,500.0,87.0,S
2021-06-04T09:42:20,200.0,87.0,S
2021-06-04T09:42:16,100.0,86.9,S
2021-06-04T09:42:10,200.0,87.0,S
2021-06-04T09:41:46,100.0,87.0,S
2021-06-04T09:41:28,200.0,87.0,S
2021-06-04T09:41:10,100.0,86.9,S
2021-06-04T09:41:06,100.0,87.0,S
2021-06-04T09:40:42,1000.0,86.9,S
2021-06-04T09:40:32,200.0,87.0,S
2021-06-04T09:40:25,4000.0,87.0,S
2021-06-04T09:40:22,300.0,87.0,S
2021-06-04T09:40:16,1000.0,87.0,S
2021-06-04T09:39:15,300.0,87.0,S
2021-06-04T09:39:14,100.0,86.9,S
2021-06-04T09:38:15,500.0,87.0,S
2021-06-04T09:38:07,1500.0,87.0,S
2021-06-04T09:37:28,1800.0,87.0,S
2021-06-04T09:37:12,100.0,86.9,S
2021-06-04T09:37:00,200.0,87.0,S
2021-06-04T09:36:17,500.0,87.2,S
2021-06-04T09:34:27,100.0,87.0,S
2021-06-04T09:34:20,600.0,87.0,S
2021-06-04T09:33:44,1000.0,87.4,S
2021-06-04T09:33:36,500.0,87.4,S
2021-06-04T09:33:30,1000.0,87.4,S
2021-06-04T09:32:03,100.0,87.2,S
2021-06-04T09:31:15,5300.0,86.9,S
2021-06-04T09:30:16,400.0,87.4,S
2021-06-04T09:29:26,3000.0,86.5,S
2021-06-04T09:29:19,400.0,87.0,S
2021-06-04T09:28:50,200.0,87.4,S
2021-06-04T09:28:22,200.0,87.5,B
2021-06-04T09:27:55,200.0,87.5,B
2021-06-04T09:27:44,200.0,87.5,B
2021-06-04T09:27:39,200.0,87.5,B
2021-06-04T09:27:33,200.0,86.5,S
2021-06-04T09:27:29,200.0,87.5,B
2021-06-04T09:27:00,2200.0,86.5,S
2021-06-04T09:26:40,100.0,87.4,S
2021-06-04T09:26:30,1100.0,87.5,B
2021-06-04T09:26:27,100.0,87.5,B
2021-06-04T09:26:12,300.0,87.5,B
2021-06-04T09:25:39,300.0,87.4,S
2021-06-04T09:25:26,300.0,87.5,S
2021-06-04T09:25:24,500.0,87.4,S
2021-06-04T09:25:07,1000.0,87.5,S
2021-06-04T09:24:51,500.0,87.4,S
2021-06-04T09:24:37,1300.0,87.4,S
2021-06-04T09:24:36,500.0,87.0,S
2021-06-04T09:24:27,100.0,87.4,S
2021-06-04T09:23:45,2600.0,87.5,S
2021-06-04T09:23:38,5000.0,86.5,S
2021-06-04T09:23:37,400.0,87.4,S
2021-06-04T09:23:24,100.0,87.5,S
2021-06-04T09:23:23,200.0,87.4,S
2021-06-04T09:23:22,1000.0,87.4,S
2021-06-04T09:23:11,300.0,87.5,S
2021-06-04T09:23:02,200.0,87.4,S
2021-06-04T09:22:45,200.0,87.4,S
2021-06-04T09:22:39,200.0,87.5,S
2021-06-04T09:22:15,100.0,87.4,S
2021-06-04T09:22:11,1000.0,87.4,S
2021-06-04T09:22:08,200.0,87.5,S
2021-06-04T09:21:48,5000.0,87.5,S
2021-06-04T09:21:37,4800.0,87.4,S
2021-06-04T09:21:33,100.0,87.4,S
2021-06-04T09:21:28,10000.0,87.5,S
2021-06-04T09:21:12,100.0,87.5,S
2021-06-04T09:21:03,100.0,87.4,S
2021-06-04T09:20:26,10000.0,87.5,S
2021-06-04T09:20:19,200.0,87.5,S
2021-06-04T09:20:13,1800.0,87.5,S
2021-06-04T09:20:06,200.0,87.6,S
2021-06-04T09:19:16,5000.0,85.0,S
2021-06-04T09:19:10,500.0,87.9,B
2021-06-04T09:19:04,2300.0,87.9,B
2021-06-04T09:19:03,2700.0,87.9,B
2021-06-04T09:18:20,500.0,87.7,S
2021-06-04T09:18:16,10000.0,87.6,S
2021-06-04T09:18:06,200.0,87.8,S
2021-06-04T09:16:55,200.0,87.9,B
2021-06-04T09:16:43,100.0,87.9,B
2021-06-04T09:16:18,300.0,87.9,B
2021-06-04T09:15:56,2000.0,87.9,B
2021-06-04T09:15:49,2000.0,87.9,B
2021-06-04T09:15:42,100.0,87.8,B
2021-06-04T09:15:41,3000.0,87.8,B
