tradingTime,volume,price,side
2021-06-04T14:29:26,300.0,12.65,B
2021-06-04T14:29:26,1000.0,12.6,B
2021-06-04T14:29:26,2600.0,12.6,B
2021-06-04T14:29:26,500.0,12.6,B
2021-06-04T14:29:26,14200.0,12.6,B
2021-06-04T14:29:26,800.0,12.6,B
2021-06-04T14:29:26,1500.0,12.6,B
2021-06-04T14:29:26,2400.0,12.6,B
2021-06-04T14:29:26,1500.0,12.6,B
2021-06-04T14:29:26,900.0,12.6,B
2021-06-04T14:29:26,3300.0,12.6,B
2021-06-04T14:27:08,500.0,12.6,B
2021-06-04T14:27:02,100.0,12.3,S
2021-06-04T14:27:02,30000.0,12.3,S
2021-06-04T14:25:50,1500.0,12.6,B
2021-06-04T14:25:43,30300.0,12.35,S
2021-06-04T14:24:45,1500.0,12.6,B
2021-06-04T14:24:45,5500.0,12.55,B
2021-06-04T14:24:16,20000.0,12.4,S
2021-06-04T14:23:25,1000.0,12.55,S
2021-06-04T14:23:07,500.0,12.6,B
2021-06-04T14:22:50,400.0,12.55,S
2021-06-04T14:22:43,300.0,12.55,S
2021-06-04T14:22:37,200.0,12.55,S
2021-06-04T14:22:30,5500.0,12.55,S
2021-06-04T14:22:16,1000.0,12.55,S
2021-06-04T14:21:53,1000.0,12.55,S
2021-06-04T14:20:37,5000.0,12.6,B
2021-06-04T14:19:28,5200.0,12.6,B
2021-06-04T14:19:21,5000.0,12.55,S
2021-06-04T14:18:43,5200.0,12.6,B
2021-06-04T14:18:15,8700.0,12.55,B
2021-06-04T14:18:15,9900.0,12.55,B
2021-06-04T14:18:15,1900.0,12.55,B
2021-06-04T14:18:15,6200.0,12.55,B
2021-06-04T14:18:15,2100.0,12.55,B
2021-06-04T14:18:15,12000.0,12.55,B
2021-06-04T14:18:15,4000.0,12.55,B
2021-06-04T14:17:08,5000.0,12.55,B
2021-06-04T14:16:48,1000.0,12.5,S
2021-06-04T14:16:27,2000.0,12.5,S
2021-06-04T14:16:10,6200.0,12.5,S
2021-06-04T14:16:00,5000.0,12.55,B
2021-06-04T14:15:36,500.0,12.5,S
2021-06-04T14:14:59,10000.0,12.5,B
2021-06-04T14:14:08,100.0,12.5,B
2021-06-04T14:14:06,3200.0,12.5,B
2021-06-04T14:13:53,20700.0,12.35,S
2021-06-04T14:13:24,800.0,12.5,B
2021-06-04T14:12:58,500.0,12.5,B
2021-06-04T14:12:52,8700.0,12.5,B
2021-06-04T14:12:09,20700.0,12.35,S
2021-06-04T14:11:24,7500.0,12.5,B
2021-06-04T14:11:20,5500.0,12.5,B
2021-06-04T14:10:07,4000.0,12.5,B
2021-06-04T14:10:07,500.0,12.5,B
2021-06-04T14:10:07,4300.0,12.5,B
2021-06-04T14:10:07,400.0,12.5,B
2021-06-04T14:10:07,800.0,12.5,B
2021-06-04T14:09:04,5000.0,12.5,B
2021-06-04T14:08:25,10000.0,12.5,B
2021-06-04T14:07:53,300.0,12.4,S
2021-06-04T14:07:23,5100.0,12.5,B
2021-06-04T14:06:19,1000.0,12.5,B
2021-06-04T14:05:41,9000.0,12.4,S
2021-06-04T14:05:12,1000.0,12.5,B
2021-06-04T14:04:36,900.0,12.3,S
2021-06-04T14:04:31,100.0,12.3,S
2021-06-04T14:04:31,1700.0,12.3,S
2021-06-04T14:04:31,10400.0,12.3,S
2021-06-04T14:04:31,39300.0,12.3,S
2021-06-04T14:04:31,1600.0,12.4,S
2021-06-04T14:03:40,3000.0,12.5,B
2021-06-04T14:03:18,3000.0,12.45,B
2021-06-04T14:03:10,4100.0,12.45,B
2021-06-04T14:03:10,900.0,12.45,B
2021-06-04T14:02:45,1500.0,12.45,B
2021-06-04T14:02:20,1000.0,12.45,B
2021-06-04T14:02:13,2000.0,12.45,B
2021-06-04T14:02:02,3600.0,12.4,S
2021-06-04T14:01:26,1800.0,12.45,B
2021-06-04T14:00:36,2000.0,12.45,B
2021-06-04T14:00:27,1000.0,12.45,B
2021-06-04T14:00:17,500.0,12.45,B
2021-06-04T14:00:06,200.0,12.35,S
2021-06-04T14:00:06,14800.0,12.35,S
2021-06-04T14:00:05,200.0,12.45,B
2021-06-04T13:58:47,3500.0,12.45,B
2021-06-04T13:57:24,1500.0,12.45,B
2021-06-04T13:57:02,2000.0,12.45,B
2021-06-04T13:55:38,3000.0,12.45,B
2021-06-04T13:54:42,1500.0,12.45,B
2021-06-04T13:54:09,5000.0,12.45,B
2021-06-04T13:53:42,3000.0,12.45,B
2021-06-04T13:53:37,2000.0,12.45,B
2021-06-04T13:53:15,1300.0,12.45,B
2021-06-04T13:53:15,9700.0,12.4,B
2021-06-04T13:52:41,1000.0,12.35,S
2021-06-04T13:52:05,1800.0,12.4,B
2021-06-04T13:52:05,2700.0,12.4,B
2021-06-04T13:51:51,1000.0,12.4,B
2021-06-04T13:51:22,19900.0,12.4,B
2021-06-04T13:51:13,3000.0,12.4,B
2021-06-04T13:51:04,1000.0,12.4,B
2021-06-04T13:50:58,1400.0,12.4,B
2021-06-04T13:50:57,1100.0,12.4,B
2021-06-04T13:50:03,10000.0,12.4,B
2021-06-04T13:49:32,2000.0,12.4,B
2021-06-04T13:48:09,100.0,12.35,S
2021-06-04T13:47:36,5000.0,12.4,B
2021-06-04T13:46:19,1000.0,12.35,S
2021-06-04T13:44:00,5000.0,12.4,B
2021-06-04T13:43:06,1900.0,12.4,B
2021-06-04T13:43:06,1100.0,12.4,B
2021-06-04T13:42:48,1400.0,12.4,B
2021-06-04T13:42:48,1100.0,12.4,B
2021-06-04T13:41:14,3000.0,12.4,B
2021-06-04T13:39:41,5000.0,12.4,B
2021-06-04T13:39:12,100.0,12.35,B
2021-06-04T13:36:31,3000.0,12.35,B
2021-06-04T13:35:33,2500.0,12.35,S
2021-06-04T13:33:16,5000.0,12.4,B
2021-06-04T13:32:14,1000.0,12.35,B
2021-06-04T13:31:20,500.0,12.35,B
2021-06-04T13:30:37,100.0,12.35,B
2021-06-04T13:28:46,100.0,12.35,B
2021-06-04T13:27:58,2900.0,12.3,S
2021-06-04T13:27:02,100.0,12.4,B
2021-06-04T13:26:45,3500.0,12.4,B
2021-06-04T13:25:56,100.0,12.35,B
2021-06-04T13:25:19,500.0,12.3,S
2021-06-04T13:23:16,3000.0,12.35,B
2021-06-04T13:15:06,100.0,12.35,B
2021-06-04T13:11:00,3300.0,12.35,S
2021-06-04T13:04:31,200.0,12.4,B
2021-06-04T13:03:28,100.0,12.35,S
2021-06-04T13:03:13,600.0,12.4,B
2021-06-04T13:00:20,300.0,12.35,S
2021-06-04T11:30:49,2500.0,12.4,B
2021-06-04T11:25:20,1100.0,12.4,B
2021-06-04T11:20:37,100.0,12.4,B
2021-06-04T11:20:15,5000.0,12.35,S
2021-06-04T11:15:12,500.0,12.4,B
2021-06-04T11:12:14,1000.0,12.3,S
2021-06-04T11:09:40,2000.0,12.4,B
2021-06-04T11:09:20,1000.0,12.35,S
2021-06-04T11:08:39,200.0,12.4,B
2021-06-04T11:08:18,100.0,12.4,B
2021-06-04T11:07:20,200.0,12.3,S
2021-06-04T11:07:20,100.0,12.3,S
2021-06-04T11:07:19,700.0,12.35,S
2021-06-04T11:01:13,500.0,12.4,B
2021-06-04T11:00:12,100.0,12.4,B
2021-06-04T10:57:02,1000.0,12.4,B
2021-06-04T10:53:20,500.0,12.4,B
2021-06-04T10:52:40,900.0,12.35,B
2021-06-04T10:50:30,2000.0,12.35,S
2021-06-04T10:43:38,5000.0,12.4,B
2021-06-04T10:41:00,500.0,12.4,B
2021-06-04T10:40:40,3000.0,12.35,B
2021-06-04T10:39:04,1000.0,12.35,B
2021-06-04T10:39:04,5500.0,12.35,B
2021-06-04T10:34:10,100.0,12.4,B
2021-06-04T10:34:03,3000.0,12.4,B
2021-06-04T10:33:45,500.0,12.35,B
2021-06-04T10:33:12,400.0,12.35,B
2021-06-04T10:30:16,2600.0,12.35,B
2021-06-04T10:30:16,400.0,12.35,B
2021-06-04T10:30:01,2000.0,12.35,B
2021-06-04T10:28:44,100.0,12.35,B
2021-06-04T10:28:03,1000.0,12.35,B
2021-06-04T10:26:30,1000.0,12.35,B
2021-06-04T10:26:06,1000.0,12.35,B
2021-06-04T10:25:10,500.0,12.35,B
2021-06-04T10:24:37,2000.0,12.35,B
2021-06-04T10:23:49,100.0,12.35,B
2021-06-04T10:23:35,500.0,12.35,B
2021-06-04T10:15:27,3700.0,12.35,B
2021-06-04T10:15:27,300.0,12.35,B
2021-06-04T10:10:15,5000.0,12.35,B
2021-06-04T10:08:01,100.0,12.3,S
2021-06-04T10:07:51,100.0,12.35,B
2021-06-04T10:07:20,200.0,12.3,S
2021-06-04T10:06:46,1000.0,12.35,B
2021-06-04T10:06:36,9800.0,12.3,S
2021-06-04T10:05:01,700.0,12.35,B
2021-06-04T10:04:04,500.0,12.35,B
2021-06-04T10:02:48,1000.0,12.35,B
2021-06-04T10:02:46,1900.0,12.35,B
2021-06-04T10:02:42,200.0,12.35,B
2021-06-04T10:01:56,100.0,12.3,S
2021-06-04T09:59:46,200.0,12.35,B
2021-06-04T09:57:55,400.0,12.35,B
2021-06-04T09:57:38,200.0,12.3,S
2021-06-04T09:57:17,900.0,12.3,S
2021-06-04T09:57:17,11300.0,12.3,S
2021-06-04T09:57:17,200.0,12.3,S
2021-06-04T09:57:16,800.0,12.3,S
2021-06-04T09:56:57,25000.0,12.35,B
2021-06-04T09:56:57,1000.0,12.35,B
2021-06-04T09:55:57,1000.0,12.3,S
2021-06-04T09:55:26,1000.0,12.35,B
2021-06-04T09:54:55,1500.0,12.35,B
2021-06-04T09:54:49,2500.0,12.35,B
2021-06-04T09:54:39,100.0,12.35,B
2021-06-04T09:51:35,2000.0,12.35,B
2021-06-04T09:51:05,1000.0,12.35,B
2021-06-04T09:50:12,500.0,12.35,B
2021-06-04T09:49:59,3000.0,12.35,B
2021-06-04T09:49:42,2000.0,12.35,B
2021-06-04T09:48:52,1000.0,12.35,B
2021-06-04T09:47:24,200.0,12.35,B
2021-06-04T09:46:32,1000.0,12.35,B
2021-06-04T09:45:04,100.0,12.35,B
2021-06-04T09:44:30,500.0,12.35,B
2021-06-04T09:43:56,500.0,12.35,S
2021-06-04T09:43:38,100.0,12.3,S
2021-06-04T09:42:36,2500.0,12.3,S
2021-06-04T09:34:10,2300.0,12.35,S
2021-06-04T09:33:02,500.0,12.35,S
2021-06-04T09:31:47,1000.0,12.35,S
2021-06-04T09:31:37,2000.0,12.35,S
2021-06-04T09:30:45,2200.0,12.35,S
2021-06-04T09:30:29,800.0,12.35,S
2021-06-04T09:30:21,500.0,12.35,S
2021-06-04T09:30:18,4700.0,12.2,S
2021-06-04T09:30:18,200.0,12.2,S
2021-06-04T09:30:18,5100.0,12.2,S
2021-06-04T09:29:50,1000.0,12.35,S
2021-06-04T09:29:15,400.0,12.35,S
2021-06-04T09:29:15,6700.0,12.35,S
2021-06-04T09:28:46,500.0,12.35,S
2021-06-04T09:27:58,500.0,12.35,S
2021-06-04T09:26:41,300.0,12.35,S
2021-06-04T09:26:41,24700.0,12.35,S
2021-06-04T09:26:18,700.0,12.5,B
2021-06-04T09:25:57,1000.0,12.5,B
2021-06-04T09:24:14,500.0,12.5,B
2021-06-04T09:23:40,300.0,12.4,S
2021-06-04T09:23:36,4900.0,12.5,B
2021-06-04T09:22:35,1000.0,12.5,B
2021-06-04T09:21:52,1000.0,12.4,S
2021-06-04T09:21:15,3100.0,12.5,B
2021-06-04T09:20:53,1600.0,12.5,B
2021-06-04T09:18:06,100.0,12.4,S
2021-06-04T09:16:48,5000.0,12.5,B
