tradingTime,volume,price,side
2021-06-04T14:23:07,1000.0,46.0,S
2021-06-04T14:23:04,1300.0,46.0,S
2021-06-04T14:22:57,100.0,46.0,S
2021-06-04T14:22:39,700.0,46.0,S
2021-06-04T14:22:38,200.0,46.0,S
2021-06-04T14:22:22,10000.0,46.0,S
2021-06-04T14:22:08,2000.0,46.2,B
2021-06-04T14:22:02,2000.0,46.0,S
2021-06-04T14:22:01,8000.0,46.0,S
2021-06-04T14:20:59,5000.0,46.2,B
2021-06-04T14:20:55,1700.0,46.2,B
2021-06-04T14:19:31,300.0,46.2,B
2021-06-04T14:18:33,800.0,46.2,B
2021-06-04T14:17:37,2000.0,46.2,B
2021-06-04T14:15:58,500.0,46.2,B
2021-06-04T14:15:29,1300.0,46.2,B
2021-06-04T14:15:26,5000.0,46.0,S
2021-06-04T14:15:22,800.0,46.0,S
2021-06-04T14:14:53,300.0,46.1,S
2021-06-04T14:14:32,700.0,46.0,S
2021-06-04T14:14:19,2100.0,46.1,S
2021-06-04T14:14:08,2000.0,46.1,S
2021-06-04T14:13:13,1000.0,46.0,S
2021-06-04T14:13:00,5600.0,46.2,B
2021-06-04T14:12:48,100.0,46.1,S
2021-06-04T14:12:44,1000.0,46.2,B
2021-06-04T14:12:43,5900.0,46.0,S
2021-06-04T14:12:43,200.0,46.0,S
2021-06-04T14:12:43,5200.0,46.0,S
2021-06-04T14:12:43,500.0,46.0,S
2021-06-04T14:12:42,3000.0,46.0,S
2021-06-04T14:12:42,5200.0,46.0,S
2021-06-04T14:12:35,200.0,46.1,S
2021-06-04T14:12:21,500.0,46.1,S
2021-06-04T14:11:39,2000.0,46.1,S
2021-06-04T14:09:26,500.0,46.0,S
2021-06-04T14:08:47,20000.0,46.0,S
2021-06-04T14:08:41,600.0,46.2,S
2021-06-04T14:08:41,14900.0,46.2,S
2021-06-04T14:08:41,24300.0,46.2,S
2021-06-04T14:08:30,10000.0,46.3,B
2021-06-04T14:08:00,10000.0,46.3,B
2021-06-04T14:08:00,300.0,46.2,S
2021-06-04T14:07:48,1500.0,46.2,S
2021-06-04T14:05:36,8500.0,46.2,S
2021-06-04T14:05:34,700.0,46.3,B
2021-06-04T14:05:34,300.0,46.3,B
2021-06-04T14:05:25,200.0,46.2,S
2021-06-04T14:05:19,10000.0,46.2,S
2021-06-04T14:05:17,400.0,46.2,S
2021-06-04T14:04:25,15300.0,46.2,B
2021-06-04T14:04:04,100.0,46.0,B
2021-06-04T14:03:59,2600.0,46.0,B
2021-06-04T14:03:37,5000.0,46.0,B
2021-06-04T14:03:16,2400.0,46.1,B
2021-06-04T14:03:02,500.0,46.1,B
2021-06-04T14:03:01,200.0,46.1,B
2021-06-04T14:02:28,100.0,46.1,B
2021-06-04T14:02:13,200.0,45.95,S
2021-06-04T14:01:50,300.0,46.2,B
2021-06-04T14:01:49,2700.0,45.95,S
2021-06-04T14:01:49,2300.0,45.95,S
2021-06-04T14:01:38,400.0,46.1,S
2021-06-04T14:01:31,600.0,46.1,S
2021-06-04T14:01:19,2000.0,46.1,S
2021-06-04T14:00:34,3700.0,46.05,S
2021-06-04T14:00:33,2000.0,46.0,S
2021-06-04T14:00:25,100.0,46.0,S
2021-06-04T14:00:12,1000.0,46.0,S
2021-06-04T14:00:09,500.0,46.0,S
2021-06-04T14:00:01,500.0,46.0,S
2021-06-04T13:59:39,3500.0,46.0,S
2021-06-04T13:59:15,700.0,46.05,B
2021-06-04T13:59:12,5000.0,45.95,S
2021-06-04T13:58:14,700.0,45.95,S
2021-06-04T13:58:14,2300.0,45.95,S
2021-06-04T13:57:55,2100.0,46.0,S
2021-06-04T13:57:55,100.0,46.0,S
2021-06-04T13:57:55,9800.0,46.0,S
2021-06-04T13:57:45,100.0,46.05,S
2021-06-04T13:57:26,100.0,46.2,B
2021-06-04T13:56:39,10000.0,46.0,S
2021-06-04T13:56:07,100.0,46.0,S
2021-06-04T13:55:58,1000.0,46.05,B
2021-06-04T13:55:46,10000.0,46.0,S
2021-06-04T13:55:45,100.0,46.0,S
2021-06-04T13:55:37,1000.0,46.05,B
2021-06-04T13:55:33,10000.0,46.0,S
2021-06-04T13:55:20,400.0,46.0,S
2021-06-04T13:55:20,600.0,46.0,S
2021-06-04T13:54:19,1000.0,46.0,S
2021-06-04T13:52:58,2000.0,46.0,S
2021-06-04T13:52:52,100.0,46.0,S
2021-06-04T13:51:05,3800.0,46.0,S
2021-06-04T13:51:05,6200.0,46.0,S
2021-06-04T13:50:21,100.0,46.0,S
2021-06-04T13:49:24,4200.0,46.0,S
2021-06-04T13:49:24,700.0,46.0,S
2021-06-04T13:49:23,5100.0,46.0,S
2021-06-04T13:49:02,6500.0,46.0,S
2021-06-04T13:49:02,800.0,46.0,S
2021-06-04T13:49:02,2300.0,46.05,S
2021-06-04T13:49:02,1600.0,46.05,S
2021-06-04T13:49:02,2500.0,46.05,S
2021-06-04T13:49:02,100.0,46.05,S
2021-06-04T13:49:02,1300.0,46.05,S
2021-06-04T13:49:01,4900.0,46.1,S
2021-06-04T13:48:49,1000.0,46.3,B
2021-06-04T13:48:28,1200.0,46.1,S
2021-06-04T13:48:02,100.0,46.1,B
2021-06-04T13:47:36,100.0,46.1,B
2021-06-04T13:47:04,100.0,46.15,B
2021-06-04T13:46:45,300.0,46.1,B
2021-06-04T13:45:47,1800.0,46.1,S
2021-06-04T13:44:54,20000.0,46.05,S
2021-06-04T13:44:29,300.0,46.1,B
2021-06-04T13:44:12,100.0,46.1,B
2021-06-04T13:43:53,200.0,46.1,B
2021-06-04T13:43:42,1000.0,46.05,S
2021-06-04T13:43:11,1500.0,46.05,S
2021-06-04T13:43:05,1500.0,46.0,S
2021-06-04T13:43:03,1500.0,46.0,S
2021-06-04T13:43:03,400.0,46.0,S
2021-06-04T13:43:03,6100.0,46.0,S
2021-06-04T13:43:03,20000.0,46.0,S
2021-06-04T13:42:53,10000.0,46.0,S
2021-06-04T13:42:48,2000.0,46.3,B
2021-06-04T13:42:39,1800.0,46.05,S
2021-06-04T13:42:39,8200.0,46.05,S
2021-06-04T13:42:28,100.0,46.1,S
2021-06-04T13:41:26,2000.0,46.05,S
2021-06-04T13:41:11,500.0,46.45,B
2021-06-04T13:41:05,200.0,46.2,S
2021-06-04T13:41:05,500.0,46.2,S
2021-06-04T13:40:49,3400.0,46.2,S
2021-06-04T13:40:49,200.0,46.2,S
2021-06-04T13:40:49,1800.0,46.2,S
2021-06-04T13:40:49,2000.0,46.2,S
2021-06-04T13:40:49,2100.0,46.2,S
2021-06-04T13:40:49,3800.0,46.3,S
2021-06-04T13:40:45,5000.0,46.4,S
2021-06-04T13:40:32,100.0,46.4,B
2021-06-04T13:40:30,100.0,46.4,B
2021-06-04T13:40:26,500.0,46.3,S
2021-06-04T13:40:23,300.0,46.4,B
2021-06-04T13:40:23,200.0,46.4,B
2021-06-04T13:40:04,4500.0,46.4,B
2021-06-04T13:40:04,2500.0,46.4,B
2021-06-04T13:40:04,3300.0,46.4,B
2021-06-04T13:40:04,3500.0,46.4,B
2021-06-04T13:40:04,1200.0,46.4,B
2021-06-04T13:40:01,5000.0,46.3,S
2021-06-04T13:39:20,2500.0,46.3,S
2021-06-04T13:39:03,1000.0,46.3,S
2021-06-04T13:38:57,4400.0,46.4,B
2021-06-04T13:38:41,400.0,46.4,B
2021-06-04T13:38:40,4000.0,46.4,B
2021-06-04T13:38:31,1500.0,46.3,S
2021-06-04T13:38:30,500.0,46.3,S
2021-06-04T13:38:27,100.0,46.4,B
2021-06-04T13:37:57,200.0,46.4,B
2021-06-04T13:37:01,1000.0,46.3,B
2021-06-04T13:36:58,25000.0,46.3,B
2021-06-04T13:36:54,1000.0,46.3,B
2021-06-04T13:36:52,600.0,46.2,S
2021-06-04T13:36:36,2500.0,46.25,B
2021-06-04T13:36:36,2500.0,46.25,B
2021-06-04T13:36:35,2000.0,46.25,B
2021-06-04T13:36:33,1600.0,46.25,B
2021-06-04T13:36:31,2000.0,46.25,B
2021-06-04T13:36:19,5000.0,46.2,S
2021-06-04T13:35:25,100.0,46.25,B
2021-06-04T13:35:06,300.0,46.25,B
2021-06-04T13:34:58,100.0,46.25,B
2021-06-04T13:34:46,100.0,46.25,B
2021-06-04T13:34:40,8000.0,46.25,B
2021-06-04T13:34:21,1000.0,46.2,S
2021-06-04T13:34:06,600.0,46.25,B
2021-06-04T13:33:21,300.0,46.2,B
2021-06-04T13:32:46,3400.0,46.2,B
2021-06-04T13:32:03,300.0,46.2,B
2021-06-04T13:31:55,4600.0,46.2,B
2021-06-04T13:31:55,2400.0,46.2,B
2021-06-04T13:31:55,13000.0,46.2,B
2021-06-04T13:31:45,100.0,46.2,B
2021-06-04T13:31:37,20000.0,46.2,B
2021-06-04T13:31:32,1400.0,46.15,S
2021-06-04T13:31:19,3500.0,46.15,S
2021-06-04T13:31:08,100.0,46.15,S
2021-06-04T13:30:45,900.0,46.2,B
2021-06-04T13:30:23,100.0,46.15,S
2021-06-04T13:30:03,1000.0,46.2,B
2021-06-04T13:29:56,100.0,46.15,S
2021-06-04T13:29:11,500.0,46.2,B
2021-06-04T13:28:54,300.0,46.2,B
2021-06-04T13:28:42,600.0,46.2,B
2021-06-04T13:28:03,500.0,46.2,B
2021-06-04T13:28:00,600.0,46.05,B
2021-06-04T13:27:58,2400.0,46.05,B
2021-06-04T13:27:53,3500.0,46.15,B
2021-06-04T13:27:47,100.0,46.15,B
2021-06-04T13:27:44,100.0,46.05,B
2021-06-04T13:27:23,200.0,46.15,B
2021-06-04T13:27:17,3000.0,46.15,B
2021-06-04T13:27:17,500.0,46.15,B
2021-06-04T13:27:17,500.0,46.15,B
2021-06-04T13:27:17,1400.0,46.15,B
2021-06-04T13:27:17,500.0,46.1,B
2021-06-04T13:27:17,600.0,46.1,B
2021-06-04T13:27:17,500.0,46.1,B
2021-06-04T13:27:17,200.0,46.05,B
2021-06-04T13:27:16,1000.0,46.0,S
2021-06-04T13:26:02,1000.0,46.0,B
2021-06-04T13:24:50,500.0,46.0,B
2021-06-04T13:24:34,500.0,46.0,B
2021-06-04T13:24:23,800.0,46.0,B
2021-06-04T13:23:56,900.0,46.0,B
2021-06-04T13:23:31,1100.0,46.0,B
2021-06-04T13:22:23,300.0,46.0,B
2021-06-04T13:22:14,1000.0,46.0,B
2021-06-04T13:22:13,400.0,46.0,B
2021-06-04T13:22:03,600.0,46.0,B
2021-06-04T13:22:03,3200.0,46.0,B
2021-06-04T13:22:03,20500.0,46.0,B
2021-06-04T13:21:44,1500.0,45.9,S
2021-06-04T13:21:34,500.0,46.0,B
2021-06-04T13:21:16,900.0,46.0,B
2021-06-04T13:21:11,300.0,46.0,B
2021-06-04T13:21:06,900.0,46.0,B
2021-06-04T13:20:41,5000.0,45.9,S
2021-06-04T13:20:36,1900.0,46.0,B
2021-06-04T13:20:35,2000.0,45.9,S
2021-06-04T13:19:57,500.0,46.0,B
2021-06-04T13:18:24,200.0,45.9,S
2021-06-04T13:17:50,10000.0,46.0,S
2021-06-04T13:17:50,200.0,45.9,S
2021-06-04T13:17:16,3900.0,45.85,S
2021-06-04T13:17:16,600.0,45.85,S
2021-06-04T13:17:16,3900.0,45.85,S
2021-06-04T13:17:16,1000.0,46.0,S
2021-06-04T13:16:58,100.0,46.0,S
2021-06-04T13:16:47,1500.0,46.0,S
2021-06-04T13:16:35,600.0,45.85,S
2021-06-04T13:16:35,12300.0,45.9,S
2021-06-04T13:16:35,1700.0,45.9,S
2021-06-04T13:16:35,100.0,45.9,S
2021-06-04T13:16:35,8300.0,45.9,S
2021-06-04T13:16:35,1000.0,46.0,S
2021-06-04T13:16:27,1500.0,45.95,S
2021-06-04T13:16:18,200.0,46.0,S
2021-06-04T13:16:15,100.0,45.95,S
2021-06-04T13:15:17,3200.0,46.0,S
2021-06-04T13:14:53,2000.0,45.95,S
2021-06-04T13:14:48,1000.0,45.95,S
2021-06-04T13:14:47,100.0,46.0,S
2021-06-04T13:14:37,100.0,46.0,S
2021-06-04T13:14:35,1500.0,45.95,S
2021-06-04T13:14:06,4600.0,46.0,S
2021-06-04T13:14:06,3300.0,46.0,S
2021-06-04T13:14:00,1000.0,46.0,S
2021-06-04T13:13:44,500.0,46.0,S
2021-06-04T13:13:34,2000.0,46.0,S
2021-06-04T13:13:30,100.0,46.0,S
2021-06-04T13:13:22,500.0,46.0,S
2021-06-04T13:13:17,500.0,46.0,S
2021-06-04T13:13:15,200.0,46.0,S
2021-06-04T13:12:58,1000.0,46.0,S
2021-06-04T13:12:39,400.0,46.0,B
2021-06-04T13:12:31,1000.0,46.0,B
2021-06-04T13:12:26,1000.0,46.0,B
2021-06-04T13:12:13,400.0,45.95,S
2021-06-04T13:11:57,300.0,46.0,B
2021-06-04T13:11:09,20000.0,45.95,S
2021-06-04T13:10:47,100.0,46.0,B
2021-06-04T13:10:47,2100.0,46.0,B
2021-06-04T13:10:20,4000.0,45.95,S
2021-06-04T13:09:58,200.0,46.0,B
2021-06-04T13:09:41,1000.0,45.95,S
2021-06-04T13:08:48,2000.0,46.0,B
2021-06-04T13:08:30,100.0,46.1,B
2021-06-04T13:08:18,100.0,46.1,B
2021-06-04T13:08:06,1000.0,46.1,B
2021-06-04T13:08:00,1400.0,46.1,B
2021-06-04T13:07:59,3800.0,46.1,B
2021-06-04T13:07:55,300.0,46.1,B
2021-06-04T13:07:53,100.0,46.1,B
2021-06-04T13:07:46,500.0,46.1,B
2021-06-04T13:07:43,500.0,46.1,B
2021-06-04T13:07:32,1000.0,46.1,B
2021-06-04T13:07:26,1000.0,46.1,B
2021-06-04T13:07:14,2000.0,46.1,B
2021-06-04T13:07:06,2500.0,46.1,B
2021-06-04T13:06:50,800.0,46.1,B
2021-06-04T13:06:46,1000.0,46.1,B
2021-06-04T13:06:30,500.0,46.1,B
2021-06-04T13:06:26,3000.0,46.1,B
2021-06-04T13:06:15,400.0,46.1,B
2021-06-04T13:06:10,500.0,46.1,B
2021-06-04T13:06:09,37700.0,46.1,B
2021-06-04T13:05:45,200.0,46.0,B
2021-06-04T13:04:59,500.0,46.0,B
2021-06-04T13:04:59,2300.0,46.0,B
2021-06-04T13:04:59,200.0,46.0,B
2021-06-04T13:04:59,600.0,46.0,B
2021-06-04T13:04:50,2000.0,46.0,S
2021-06-04T13:04:22,1000.0,46.05,S
2021-06-04T13:04:16,7000.0,46.0,S
2021-06-04T13:04:15,2000.0,46.0,S
2021-06-04T13:04:05,200.0,46.1,S
2021-06-04T13:04:00,300.0,46.1,S
2021-06-04T13:03:52,200.0,46.05,S
2021-06-04T13:03:39,200.0,46.1,S
2021-06-04T13:03:15,200.0,46.05,S
2021-06-04T13:03:00,100.0,46.1,S
2021-06-04T13:02:44,100.0,46.1,S
2021-06-04T13:02:21,400.0,46.1,S
2021-06-04T13:02:21,4500.0,46.1,S
2021-06-04T13:02:21,7100.0,46.1,S
2021-06-04T13:02:21,100.0,46.1,S
2021-06-04T13:02:21,1500.0,46.1,S
2021-06-04T13:02:21,6400.0,46.1,S
2021-06-04T13:01:40,100.0,46.1,S
2021-06-04T13:01:35,1000.0,46.2,B
2021-06-04T13:01:35,900.0,46.2,B
2021-06-04T13:01:26,100.0,46.1,S
2021-06-04T13:00:20,1000.0,46.1,S
2021-06-04T13:00:20,500.0,46.1,S
2021-06-04T13:00:14,700.0,46.1,S
2021-06-04T13:00:14,500.0,46.15,S
2021-06-04T11:31:09,200.0,46.15,B
2021-06-04T11:30:49,400.0,46.1,S
2021-06-04T11:30:29,400.0,46.1,S
2021-06-04T11:30:19,200.0,46.1,S
2021-06-04T11:30:07,5000.0,46.2,B
2021-06-04T11:29:59,100.0,46.1,S
2021-06-04T11:29:37,100.0,46.1,S
2021-06-04T11:29:33,1000.0,46.1,S
2021-06-04T11:29:28,1000.0,46.1,S
2021-06-04T11:29:23,1500.0,46.1,S
2021-06-04T11:29:10,5000.0,46.1,S
2021-06-04T11:28:59,100.0,46.15,B
2021-06-04T11:28:52,1000.0,46.1,S
2021-06-04T11:28:51,1000.0,46.1,S
2021-06-04T11:28:29,200.0,46.15,B
2021-06-04T11:28:28,3000.0,46.1,S
2021-06-04T11:27:53,3000.0,46.1,S
2021-06-04T11:27:31,1000.0,46.1,S
2021-06-04T11:26:58,200.0,46.1,B
2021-06-04T11:26:46,6000.0,46.1,B
2021-06-04T11:26:28,100.0,46.1,B
2021-06-04T11:26:23,1000.0,46.1,B
2021-06-04T11:26:20,5000.0,46.1,B
2021-06-04T11:26:17,2400.0,46.1,B
2021-06-04T11:26:15,11000.0,46.1,B
2021-06-04T11:25:56,10000.0,46.1,B
2021-06-04T11:25:52,500.0,46.1,B
2021-06-04T11:25:51,5000.0,46.1,B
2021-06-04T11:25:38,2000.0,46.1,B
2021-06-04T11:25:38,400.0,46.1,B
2021-06-04T11:25:36,5000.0,46.1,B
2021-06-04T11:25:32,500.0,46.1,B
2021-06-04T11:25:13,5000.0,46.1,B
2021-06-04T11:24:56,2000.0,46.1,B
2021-06-04T11:24:56,4000.0,46.1,B
2021-06-04T11:24:50,1000.0,46.1,B
2021-06-04T11:24:49,2200.0,46.1,B
2021-06-04T11:24:05,20000.0,45.95,S
2021-06-04T11:23:56,600.0,46.0,S
2021-06-04T11:23:56,100.0,46.0,S
2021-06-04T11:23:56,1000.0,46.0,S
2021-06-04T11:23:56,2000.0,46.0,S
2021-06-04T11:23:56,1600.0,46.0,S
2021-06-04T11:23:56,10800.0,46.0,S
2021-06-04T11:23:56,1400.0,46.0,S
2021-06-04T11:23:56,2500.0,46.0,S
2021-06-04T11:23:51,1000.0,46.0,S
2021-06-04T11:23:46,500.0,46.15,B
2021-06-04T11:23:46,20500.0,46.1,B
2021-06-04T11:23:34,200.0,46.0,S
2021-06-04T11:23:12,500.0,46.0,S
2021-06-04T11:22:20,1000.0,46.0,S
2021-06-04T11:22:14,200.0,46.1,B
2021-06-04T11:22:13,100.0,46.0,S
2021-06-04T11:22:03,2000.0,46.0,S
2021-06-04T11:22:02,7000.0,46.0,S
2021-06-04T11:22:02,200.0,46.0,S
2021-06-04T11:21:39,10000.0,46.0,S
2021-06-04T11:21:35,20300.0,46.0,S
2021-06-04T11:21:32,500.0,46.0,S
2021-06-04T11:21:21,400.0,46.15,B
2021-06-04T11:21:18,2000.0,46.0,S
2021-06-04T11:20:59,300.0,46.15,B
2021-06-04T11:20:50,1500.0,46.0,S
2021-06-04T11:20:46,10000.0,46.0,S
2021-06-04T11:20:37,500.0,46.1,B
2021-06-04T11:20:25,1000.0,46.15,B
2021-06-04T11:20:15,3900.0,46.0,S
2021-06-04T11:19:47,1500.0,46.1,S
2021-06-04T11:19:46,1900.0,46.1,S
2021-06-04T11:19:15,30000.0,46.1,S
2021-06-04T11:19:13,5000.0,46.1,S
2021-06-04T11:18:49,100.0,46.1,S
2021-06-04T11:18:37,500.0,46.1,S
2021-06-04T11:18:35,3000.0,46.1,S
2021-06-04T11:18:34,2900.0,46.15,B
2021-06-04T11:17:50,10000.0,46.0,S
2021-06-04T11:17:46,500.0,46.0,S
2021-06-04T11:17:35,2000.0,46.0,S
2021-06-04T11:17:30,2000.0,46.0,S
2021-06-04T11:17:28,400.0,46.05,S
2021-06-04T11:17:17,2300.0,46.0,S
2021-06-04T11:17:16,5200.0,46.0,S
2021-06-04T11:17:15,1300.0,46.0,S
2021-06-04T11:17:13,2000.0,46.0,S
2021-06-04T11:17:07,500.0,46.0,S
2021-06-04T11:17:05,100.0,46.1,S
2021-06-04T11:16:51,600.0,46.0,S
2021-06-04T11:16:35,500.0,46.0,S
2021-06-04T11:16:17,300.0,46.0,S
2021-06-04T11:15:57,1100.0,46.0,S
2021-06-04T11:15:44,1000.0,46.0,S
2021-06-04T11:15:43,300.0,46.0,S
2021-06-04T11:15:18,1500.0,46.0,S
2021-06-04T11:15:13,200.0,46.0,S
2021-06-04T11:15:12,1200.0,46.0,S
2021-06-04T11:15:07,500.0,46.0,S
2021-06-04T11:15:01,1000.0,46.0,S
2021-06-04T11:15:01,3000.0,46.0,S
2021-06-04T11:14:51,1000.0,46.0,S
2021-06-04T11:14:51,500.0,46.0,S
2021-06-04T11:14:43,800.0,46.0,S
2021-06-04T11:14:43,600.0,46.0,S
2021-06-04T11:14:43,2600.0,46.0,S
2021-06-04T11:14:43,100.0,46.0,S
2021-06-04T11:14:43,1300.0,46.0,S
2021-06-04T11:14:43,900.0,46.0,S
2021-06-04T11:14:43,700.0,46.0,S
2021-06-04T11:14:43,1000.0,46.0,S
2021-06-04T11:14:36,200.0,46.0,S
2021-06-04T11:14:36,300.0,46.0,S
2021-06-04T11:14:36,1000.0,46.0,S
2021-06-04T11:14:28,1100.0,46.0,S
2021-06-04T11:14:20,600.0,46.0,S
2021-06-04T11:14:19,400.0,46.0,S
2021-06-04T11:14:15,1000.0,46.0,S
2021-06-04T11:14:12,100.0,46.0,S
2021-06-04T11:14:09,300.0,46.0,S
2021-06-04T11:14:01,10100.0,46.15,B
2021-06-04T11:14:00,200.0,46.0,S
2021-06-04T11:13:57,500.0,46.0,S
2021-06-04T11:13:41,300.0,46.0,S
2021-06-04T11:13:23,700.0,46.0,S
2021-06-04T11:13:23,200.0,46.05,S
2021-06-04T11:13:11,5000.0,46.0,S
2021-06-04T11:13:06,100.0,46.15,B
2021-06-04T11:12:54,2000.0,46.0,S
2021-06-04T11:12:46,500.0,46.0,S
2021-06-04T11:12:11,2000.0,46.0,S
2021-06-04T11:11:37,200.0,46.05,S
2021-06-04T11:11:27,2000.0,46.0,S
2021-06-04T11:10:46,400.0,46.0,S
2021-06-04T11:10:44,1000.0,46.0,S
2021-06-04T11:10:27,500.0,46.0,S
2021-06-04T11:10:25,100.0,46.0,S
2021-06-04T11:10:21,200.0,46.0,S
2021-06-04T11:10:21,900.0,46.0,S
2021-06-04T11:10:21,1200.0,46.0,S
2021-06-04T11:10:21,1700.0,46.0,S
2021-06-04T11:10:02,3900.0,46.0,S
2021-06-04T11:09:39,3000.0,46.0,S
2021-06-04T11:09:19,300.0,46.0,S
2021-06-04T11:09:02,2400.0,46.0,S
2021-06-04T11:08:57,400.0,46.2,B
2021-06-04T11:08:39,1000.0,46.0,S
2021-06-04T11:07:56,400.0,46.2,B
2021-06-04T11:07:30,3000.0,46.0,S
2021-06-04T11:07:11,100.0,46.2,B
2021-06-04T11:07:08,100.0,46.2,B
2021-06-04T11:06:51,100.0,46.2,B
2021-06-04T11:06:37,2900.0,46.0,S
2021-06-04T11:06:02,200.0,46.2,B
2021-06-04T11:05:32,100.0,46.2,B
2021-06-04T11:05:26,1000.0,46.0,S
2021-06-04T11:05:24,100.0,46.2,B
2021-06-04T11:04:55,200.0,46.2,B
2021-06-04T11:04:47,200.0,46.05,S
2021-06-04T11:04:47,800.0,46.05,S
2021-06-04T11:03:20,5000.0,46.2,S
2021-06-04T11:03:20,1200.0,46.2,S
2021-06-04T11:02:45,600.0,46.2,S
2021-06-04T11:02:43,300.0,46.2,S
2021-06-04T11:02:40,200.0,46.2,S
2021-06-04T11:02:14,200.0,46.3,S
2021-06-04T11:02:10,1500.0,46.0,S
2021-06-04T11:02:10,100.0,46.05,S
2021-06-04T11:02:10,1300.0,46.1,S
2021-06-04T11:02:09,1100.0,46.2,S
2021-06-04T11:01:34,100.0,46.3,S
2021-06-04T11:01:20,1000.0,46.2,S
2021-06-04T11:01:02,500.0,46.3,S
2021-06-04T11:00:51,200.0,46.3,S
2021-06-04T11:00:43,3800.0,46.2,S
2021-06-04T11:00:43,1200.0,46.2,S
2021-06-04T11:00:43,800.0,46.2,S
2021-06-04T11:00:43,4200.0,46.2,S
2021-06-04T11:00:17,500.0,46.3,S
2021-06-04T11:00:15,300.0,46.3,S
2021-06-04T11:00:15,2100.0,46.3,S
2021-06-04T10:59:58,500.0,46.3,S
2021-06-04T10:59:45,5000.0,46.4,B
2021-06-04T10:59:43,300.0,46.4,B
2021-06-04T10:59:38,4000.0,46.3,S
2021-06-04T10:59:35,1000.0,46.3,S
2021-06-04T10:59:20,1000.0,46.4,B
2021-06-04T10:59:20,1000.0,46.3,S
2021-06-04T10:58:57,2000.0,46.4,B
2021-06-04T10:58:49,100.0,46.4,B
2021-06-04T10:58:17,100.0,46.4,B
2021-06-04T10:58:11,1000.0,46.3,S
2021-06-04T10:57:24,300.0,46.4,S
2021-06-04T10:56:59,500.0,46.3,S
2021-06-04T10:56:44,200.0,46.4,S
2021-06-04T10:56:43,100.0,46.4,S
2021-06-04T10:56:43,3000.0,46.3,S
2021-06-04T10:56:15,3000.0,46.3,S
2021-06-04T10:55:57,100.0,46.3,S
2021-06-04T10:55:57,3900.0,46.3,S
2021-06-04T10:55:37,100.0,46.4,S
2021-06-04T10:55:30,1300.0,46.35,S
2021-06-04T10:55:13,5000.0,46.4,S
2021-06-04T10:55:04,500.0,46.35,S
2021-06-04T10:55:00,1000.0,46.4,S
2021-06-04T10:54:48,5000.0,46.4,S
2021-06-04T10:54:44,500.0,46.4,S
2021-06-04T10:54:40,600.0,46.4,S
2021-06-04T10:54:40,1100.0,46.4,S
2021-06-04T10:54:19,200.0,46.4,S
2021-06-04T10:54:16,100.0,46.4,S
2021-06-04T10:54:00,100.0,46.4,S
2021-06-04T10:53:44,800.0,46.4,S
2021-06-04T10:53:33,300.0,46.4,S
2021-06-04T10:53:33,300.0,46.4,S
2021-06-04T10:53:33,1700.0,46.4,S
2021-06-04T10:53:33,2200.0,46.4,S
2021-06-04T10:53:33,8800.0,46.4,S
2021-06-04T10:53:20,300.0,46.45,S
2021-06-04T10:53:10,100.0,46.45,S
2021-06-04T10:52:53,500.0,46.4,S
2021-06-04T10:52:52,10000.0,46.4,S
2021-06-04T10:52:51,1600.0,46.45,S
2021-06-04T10:52:51,1500.0,46.45,S
2021-06-04T10:52:38,200.0,46.45,S
2021-06-04T10:52:38,300.0,46.45,S
2021-06-04T10:52:11,600.0,46.45,S
2021-06-04T10:51:47,400.0,46.45,S
2021-06-04T10:51:37,200.0,46.45,S
2021-06-04T10:51:37,500.0,46.5,S
2021-06-04T10:51:27,1000.0,46.45,S
2021-06-04T10:51:20,100.0,46.45,S
2021-06-04T10:51:16,5500.0,46.45,S
2021-06-04T10:51:14,300.0,46.45,S
2021-06-04T10:50:59,200.0,46.45,S
2021-06-04T10:50:39,500.0,46.65,B
2021-06-04T10:50:33,2200.0,46.65,B
2021-06-04T10:50:33,100.0,46.65,B
2021-06-04T10:50:33,10000.0,46.65,B
2021-06-04T10:50:33,100.0,46.65,B
2021-06-04T10:50:33,400.0,46.65,B
2021-06-04T10:50:33,2500.0,46.65,B
2021-06-04T10:50:33,5400.0,46.65,B
2021-06-04T10:50:32,1100.0,46.65,B
2021-06-04T10:50:32,1500.0,46.65,B
2021-06-04T10:50:32,3000.0,46.6,B
2021-06-04T10:50:32,100.0,46.6,B
2021-06-04T10:50:31,6000.0,46.6,B
2021-06-04T10:50:31,1000.0,46.6,B
2021-06-04T10:50:31,2000.0,46.6,B
2021-06-04T10:50:31,3100.0,46.6,B
2021-06-04T10:50:31,500.0,46.6,B
2021-06-04T10:50:31,2000.0,46.6,B
2021-06-04T10:50:31,6900.0,46.6,B
2021-06-04T10:50:31,500.0,46.55,B
2021-06-04T10:50:31,100.0,46.55,B
2021-06-04T10:50:31,900.0,46.55,B
2021-06-04T10:50:31,14300.0,46.55,B
2021-06-04T10:50:13,2800.0,46.55,B
2021-06-04T10:50:12,100.0,46.5,S
2021-06-04T10:49:38,100.0,46.45,S
2021-06-04T10:49:26,1000.0,46.45,S
2021-06-04T10:49:09,500.0,46.45,S
2021-06-04T10:48:35,500.0,46.45,S
2021-06-04T10:48:32,5000.0,46.45,S
2021-06-04T10:48:19,2000.0,46.45,S
2021-06-04T10:48:06,2000.0,46.45,S
2021-06-04T10:47:21,4000.0,46.45,S
2021-06-04T10:47:19,1000.0,46.45,S
2021-06-04T10:47:19,7300.0,46.55,B
2021-06-04T10:47:11,400.0,46.45,S
2021-06-04T10:47:04,200.0,46.55,B
2021-06-04T10:46:30,600.0,46.45,S
2021-06-04T10:46:25,4000.0,46.45,S
2021-06-04T10:45:40,2400.0,46.55,B
2021-06-04T10:45:36,1000.0,46.45,S
2021-06-04T10:45:25,1000.0,46.45,S
2021-06-04T10:45:13,10000.0,46.45,S
2021-06-04T10:45:12,100.0,46.45,S
2021-06-04T10:45:02,1100.0,46.45,S
2021-06-04T10:44:56,2000.0,46.45,S
2021-06-04T10:44:03,5000.0,46.45,S
2021-06-04T10:42:00,1000.0,46.45,S
2021-06-04T10:41:56,3400.0,46.4,S
2021-06-04T10:41:56,1600.0,46.4,S
2021-06-04T10:41:54,13900.0,46.6,B
2021-06-04T10:41:54,2000.0,46.55,S
2021-06-04T10:41:54,1500.0,46.55,S
2021-06-04T10:41:54,2600.0,46.55,S
2021-06-04T10:41:50,1300.0,46.4,S
2021-06-04T10:41:20,100.0,46.55,S
2021-06-04T10:41:11,2300.0,46.4,S
2021-06-04T10:41:11,200.0,46.4,S
2021-06-04T10:41:11,2500.0,46.4,S
2021-06-04T10:40:05,200.0,46.4,S
2021-06-04T10:40:05,28300.0,46.4,S
2021-06-04T10:40:05,11500.0,46.4,S
2021-06-04T10:40:03,5000.0,46.4,S
2021-06-04T10:39:49,500.0,46.4,S
2021-06-04T10:38:51,300.0,46.55,S
2021-06-04T10:37:50,9000.0,46.4,S
2021-06-04T10:37:50,9500.0,46.4,S
2021-06-04T10:37:50,1500.0,46.4,S
2021-06-04T10:37:37,8400.0,46.4,S
2021-06-04T10:37:37,600.0,46.5,S
2021-06-04T10:37:35,200.0,46.5,S
2021-06-04T10:36:30,2000.0,46.6,B
2021-06-04T10:36:16,200.0,46.55,S
2021-06-04T10:35:53,400.0,46.6,B
2021-06-04T10:35:53,200.0,46.6,B
2021-06-04T10:35:53,11000.0,46.6,B
2021-06-04T10:35:53,18400.0,46.6,B
2021-06-04T10:35:43,100.0,46.55,S
2021-06-04T10:35:14,18400.0,46.4,S
2021-06-04T10:35:14,500.0,46.4,S
2021-06-04T10:35:14,300.0,46.4,S
2021-06-04T10:35:14,800.0,46.55,S
2021-06-04T10:35:09,200.0,46.55,S
2021-06-04T10:34:59,4600.0,46.4,S
2021-06-04T10:34:59,12400.0,46.4,S
2021-06-04T10:34:59,100.0,46.4,S
2021-06-04T10:34:58,2900.0,46.4,S
2021-06-04T10:34:57,1700.0,46.55,S
2021-06-04T10:34:56,100.0,46.55,S
2021-06-04T10:34:39,200.0,46.4,S
2021-06-04T10:34:39,2700.0,46.45,S
2021-06-04T10:34:39,5100.0,46.45,S
2021-06-04T10:34:39,100.0,46.45,S
2021-06-04T10:34:39,600.0,46.45,S
2021-06-04T10:34:39,11300.0,46.45,S
2021-06-04T10:34:33,10600.0,46.45,S
2021-06-04T10:34:33,500.0,46.45,S
2021-06-04T10:34:33,8900.0,46.45,S
2021-06-04T10:34:26,6800.0,46.45,S
2021-06-04T10:34:26,400.0,46.5,S
2021-06-04T10:34:26,600.0,46.5,S
2021-06-04T10:34:26,1300.0,46.5,S
2021-06-04T10:34:25,300.0,46.5,S
2021-06-04T10:34:25,10600.0,46.5,S
2021-06-04T10:34:23,500.0,46.55,S
2021-06-04T10:34:21,100.0,46.5,S
2021-06-04T10:34:06,4000.0,46.5,S
2021-06-04T10:33:38,3000.0,46.5,S
2021-06-04T10:33:34,500.0,46.55,S
2021-06-04T10:33:26,1000.0,46.5,S
2021-06-04T10:33:24,500.0,46.55,S
2021-06-04T10:33:15,800.0,46.55,S
2021-06-04T10:33:12,500.0,46.55,S
2021-06-04T10:33:04,2000.0,46.55,S
2021-06-04T10:32:53,500.0,46.5,S
2021-06-04T10:32:37,500.0,46.5,S
2021-06-04T10:32:14,1000.0,46.55,S
2021-06-04T10:32:11,100.0,46.55,S
2021-06-04T10:32:07,2000.0,46.55,S
2021-06-04T10:31:51,100.0,46.55,S
2021-06-04T10:31:38,1100.0,46.55,S
2021-06-04T10:30:59,100.0,46.55,S
2021-06-04T10:30:55,600.0,46.55,S
2021-06-04T10:30:39,300.0,46.55,S
2021-06-04T10:30:38,1600.0,46.55,S
2021-06-04T10:30:35,1800.0,46.55,S
2021-06-04T10:30:28,2900.0,46.5,S
2021-06-04T10:30:27,700.0,46.55,S
2021-06-04T10:30:10,3000.0,46.6,B
2021-06-04T10:30:02,200.0,46.6,B
2021-06-04T10:29:58,1900.0,46.6,B
2021-06-04T10:29:37,100.0,46.6,B
2021-06-04T10:29:36,7200.0,46.6,B
2021-06-04T10:29:36,2800.0,46.55,S
2021-06-04T10:29:34,1000.0,46.55,S
2021-06-04T10:29:12,500.0,46.55,S
2021-06-04T10:28:46,100.0,46.55,S
2021-06-04T10:28:36,100.0,46.55,S
2021-06-04T10:27:39,100.0,46.55,S
2021-06-04T10:27:33,700.0,46.55,S
2021-06-04T10:27:30,400.0,46.55,S
2021-06-04T10:27:25,5200.0,46.55,S
2021-06-04T10:27:25,1000.0,46.55,S
2021-06-04T10:27:24,300.0,46.55,S
2021-06-04T10:27:24,300.0,46.6,B
2021-06-04T10:26:36,100.0,46.6,B
2021-06-04T10:26:27,100.0,46.6,B
2021-06-04T10:26:24,100.0,46.55,S
2021-06-04T10:26:02,1000.0,46.55,S
2021-06-04T10:25:50,9700.0,46.6,B
2021-06-04T10:25:45,400.0,46.6,B
2021-06-04T10:25:42,100.0,46.6,B
2021-06-04T10:25:30,6800.0,46.6,B
2021-06-04T10:25:26,100.0,46.6,B
2021-06-04T10:25:15,500.0,46.6,B
2021-06-04T10:25:00,7800.0,46.6,B
2021-06-04T10:24:22,200.0,46.55,S
2021-06-04T10:24:20,5000.0,46.55,S
2021-06-04T10:23:38,1000.0,46.55,S
2021-06-04T10:23:32,10000.0,46.6,B
2021-06-04T10:23:28,6000.0,46.55,S
2021-06-04T10:23:25,1000.0,46.55,S
2021-06-04T10:23:19,6000.0,46.55,S
2021-06-04T10:23:15,800.0,46.55,S
2021-06-04T10:23:15,300.0,46.55,S
2021-06-04T10:23:14,4900.0,46.55,S
2021-06-04T10:23:10,2000.0,46.55,S
2021-06-04T10:23:08,400.0,46.6,B
2021-06-04T10:23:05,200.0,46.6,B
2021-06-04T10:22:34,500.0,46.55,S
2021-06-04T10:22:33,500.0,46.55,S
2021-06-04T10:22:20,300.0,46.55,S
2021-06-04T10:21:47,5000.0,46.55,B
2021-06-04T10:21:38,5000.0,46.55,B
2021-06-04T10:21:29,1900.0,46.55,B
2021-06-04T10:21:11,600.0,46.6,B
2021-06-04T10:21:11,1000.0,46.6,B
2021-06-04T10:21:10,8400.0,46.6,B
2021-06-04T10:20:45,500.0,46.6,B
2021-06-04T10:19:24,3000.0,46.55,B
2021-06-04T10:19:15,1000.0,46.6,B
2021-06-04T10:19:11,1000.0,46.55,B
2021-06-04T10:19:08,100.0,46.6,B
2021-06-04T10:18:48,100.0,46.55,B
2021-06-04T10:18:34,200.0,46.55,B
2021-06-04T10:18:18,2100.0,46.55,B
2021-06-04T10:18:18,900.0,46.55,B
2021-06-04T10:17:44,800.0,46.55,B
2021-06-04T10:17:37,1000.0,46.55,B
2021-06-04T10:17:19,300.0,46.55,B
2021-06-04T10:16:51,100.0,46.55,B
2021-06-04T10:16:38,300.0,46.55,B
2021-06-04T10:16:24,400.0,46.55,B
2021-06-04T10:16:02,100.0,46.55,B
2021-06-04T10:15:50,100.0,46.55,B
2021-06-04T10:15:21,5000.0,46.55,B
2021-06-04T10:15:15,1000.0,46.55,B
2021-06-04T10:15:00,600.0,46.55,B
2021-06-04T10:14:59,2400.0,46.65,B
2021-06-04T10:14:42,1000.0,46.55,S
2021-06-04T10:14:33,200.0,46.55,S
2021-06-04T10:14:30,1000.0,46.55,S
2021-06-04T10:14:23,700.0,46.6,B
2021-06-04T10:14:23,5500.0,46.6,B
2021-06-04T10:14:06,1000.0,46.6,B
2021-06-04T10:14:06,5700.0,46.55,S
2021-06-04T10:14:06,2800.0,46.5,S
2021-06-04T10:14:03,200.0,46.45,S
2021-06-04T10:14:02,200.0,46.5,S
2021-06-04T10:13:31,3000.0,46.5,S
2021-06-04T10:13:29,1600.0,46.5,S
2021-06-04T10:13:28,100.0,46.5,S
2021-06-04T10:13:28,900.0,46.5,S
2021-06-04T10:13:17,300.0,46.5,S
2021-06-04T10:12:49,1000.0,46.55,S
2021-06-04T10:12:43,100.0,46.55,S
2021-06-04T10:12:40,200.0,46.55,S
2021-06-04T10:12:28,1000.0,46.55,S
2021-06-04T10:11:59,900.0,46.5,S
2021-06-04T10:11:45,13500.0,46.55,S
2021-06-04T10:11:06,2000.0,46.65,B
2021-06-04T10:10:58,1500.0,46.6,B
2021-06-04T10:10:58,3000.0,46.6,B
2021-06-04T10:10:57,5000.0,46.6,B
2021-06-04T10:10:57,15200.0,46.6,B
2021-06-04T10:10:57,10300.0,46.6,B
2021-06-04T10:10:57,100.0,46.6,B
2021-06-04T10:10:57,3700.0,46.6,B
2021-06-04T10:10:51,1800.0,46.6,B
2021-06-04T10:10:51,1600.0,46.6,B
2021-06-04T10:10:51,2000.0,46.6,B
2021-06-04T10:10:51,1600.0,46.6,B
2021-06-04T10:10:49,1000.0,46.55,S
2021-06-04T10:10:45,1000.0,46.55,S
2021-06-04T10:10:45,100.0,46.55,S
2021-06-04T10:10:42,100.0,46.55,S
2021-06-04T10:10:38,1400.0,46.5,S
2021-06-04T10:10:15,2000.0,46.5,S
2021-06-04T10:10:15,200.0,46.5,S
2021-06-04T10:10:02,500.0,46.5,S
2021-06-04T10:09:40,900.0,46.5,S
2021-06-04T10:09:09,1000.0,46.5,S
2021-06-04T10:08:56,300.0,46.5,S
2021-06-04T10:08:50,1000.0,46.5,S
2021-06-04T10:08:49,9000.0,46.5,S
2021-06-04T10:08:48,100.0,46.6,B
2021-06-04T10:08:41,1000.0,46.6,B
2021-06-04T10:08:41,1000.0,46.6,B
2021-06-04T10:08:41,4000.0,46.6,B
2021-06-04T10:08:36,900.0,46.6,B
2021-06-04T10:08:08,10500.0,46.6,B
2021-06-04T10:07:55,1000.0,46.5,S
2021-06-04T10:07:41,200.0,46.5,S
2021-06-04T10:07:24,200.0,46.45,S
2021-06-04T10:07:24,2300.0,46.45,S
2021-06-04T10:07:24,400.0,46.45,S
2021-06-04T10:07:24,3800.0,46.45,S
2021-06-04T10:07:24,1000.0,46.45,S
2021-06-04T10:07:24,7600.0,46.45,S
2021-06-04T10:07:23,16700.0,46.5,S
2021-06-04T10:07:19,500.0,46.55,S
2021-06-04T10:07:18,300.0,46.6,B
2021-06-04T10:06:56,1600.0,46.6,B
2021-06-04T10:06:37,3000.0,46.6,B
2021-06-04T10:06:36,300.0,46.6,B
2021-06-04T10:06:18,100.0,46.6,B
2021-06-04T10:06:16,2200.0,46.5,S
2021-06-04T10:06:12,800.0,46.6,B
2021-06-04T10:06:02,13400.0,46.5,S
2021-06-04T10:05:30,200.0,46.5,S
2021-06-04T10:05:22,2000.0,46.5,S
2021-06-04T10:05:18,1000.0,46.5,S
2021-06-04T10:05:08,2000.0,46.5,S
2021-06-04T10:04:56,500.0,46.5,S
2021-06-04T10:04:56,1000.0,46.5,S
2021-06-04T10:04:47,8300.0,46.6,B
2021-06-04T10:04:45,1100.0,46.5,S
2021-06-04T10:04:45,600.0,46.5,S
2021-06-04T10:04:45,13800.0,46.5,S
2021-06-04T10:04:43,100.0,46.55,S
2021-06-04T10:04:35,100.0,46.55,S
2021-06-04T10:04:14,600.0,46.5,S
2021-06-04T10:04:07,2000.0,46.5,S
2021-06-04T10:03:58,100.0,46.5,S
2021-06-04T10:03:56,300.0,46.5,S
2021-06-04T10:03:52,100.0,46.5,S
2021-06-04T10:03:35,2500.0,46.45,S
2021-06-04T10:03:35,1200.0,46.5,S
2021-06-04T10:03:31,1000.0,46.55,S
2021-06-04T10:03:29,500.0,46.5,S
2021-06-04T10:03:17,500.0,46.5,S
2021-06-04T10:02:58,3000.0,46.5,S
2021-06-04T10:02:55,500.0,46.55,S
2021-06-04T10:02:45,1400.0,46.6,B
2021-06-04T10:02:33,20000.0,46.5,S
2021-06-04T10:02:31,100.0,46.5,S
2021-06-04T10:02:23,200.0,46.5,S
2021-06-04T10:02:07,1100.0,46.6,B
2021-06-04T10:01:16,2000.0,46.5,S
2021-06-04T10:00:09,100.0,46.6,B
2021-06-04T09:59:59,200.0,46.5,S
2021-06-04T09:59:54,100.0,46.55,S
2021-06-04T09:59:34,1000.0,46.5,S
2021-06-04T09:58:59,100.0,46.5,B
2021-06-04T09:58:42,500.0,46.5,B
2021-06-04T09:58:35,700.0,46.5,B
2021-06-04T09:58:15,100.0,46.5,B
2021-06-04T09:58:04,1000.0,46.5,B
2021-06-04T09:58:03,100.0,46.6,B
2021-06-04T09:57:23,100.0,46.5,B
2021-06-04T09:57:16,100.0,46.5,B
2021-06-04T09:57:04,2000.0,46.5,B
2021-06-04T09:57:03,200.0,46.5,B
2021-06-04T09:57:02,500.0,46.5,B
2021-06-04T09:56:35,100.0,46.5,B
2021-06-04T09:56:15,200.0,46.5,B
2021-06-04T09:55:53,200.0,46.5,B
2021-06-04T09:55:49,1000.0,46.5,B
2021-06-04T09:55:37,2400.0,46.45,S
2021-06-04T09:55:27,300.0,46.6,B
2021-06-04T09:55:16,200.0,46.5,B
2021-06-04T09:55:13,300.0,46.6,B
2021-06-04T09:55:06,6800.0,46.6,B
2021-06-04T09:55:06,5000.0,46.55,B
2021-06-04T09:55:06,2100.0,46.55,B
2021-06-04T09:55:06,7800.0,46.55,B
2021-06-04T09:55:06,300.0,46.55,B
2021-06-04T09:55:05,5300.0,46.55,B
2021-06-04T09:55:05,3200.0,46.5,B
2021-06-04T09:55:05,1200.0,46.5,B
2021-06-04T09:55:05,300.0,46.5,B
2021-06-04T09:55:05,2600.0,46.5,B
2021-06-04T09:55:05,2000.0,46.5,B
2021-06-04T09:55:05,200.0,46.5,B
2021-06-04T09:55:04,7200.0,46.5,B
2021-06-04T09:55:04,800.0,46.5,B
2021-06-04T09:55:04,2000.0,46.5,B
2021-06-04T09:55:04,500.0,46.5,B
2021-06-04T09:55:04,300.0,46.5,B
2021-06-04T09:55:04,10000.0,46.5,B
2021-06-04T09:55:04,1000.0,46.5,B
2021-06-04T09:55:04,5500.0,46.5,B
2021-06-04T09:55:03,10700.0,46.5,B
2021-06-04T09:55:03,3500.0,46.5,B
2021-06-04T09:54:09,1000.0,46.5,B
2021-06-04T09:53:38,300.0,46.5,B
2021-06-04T09:53:36,100.0,46.5,B
2021-06-04T09:53:15,900.0,46.5,B
2021-06-04T09:52:50,800.0,46.45,S
2021-06-04T09:52:46,100.0,46.5,B
2021-06-04T09:52:35,300.0,46.5,B
2021-06-04T09:51:59,700.0,46.5,B
2021-06-04T09:51:43,400.0,46.45,S
2021-06-04T09:51:20,100.0,46.45,S
2021-06-04T09:50:54,300.0,46.5,B
2021-06-04T09:50:29,1000.0,46.45,S
2021-06-04T09:50:27,100.0,46.45,S
2021-06-04T09:50:20,800.0,46.45,S
2021-06-04T09:50:17,1900.0,46.45,S
2021-06-04T09:50:11,2100.0,46.5,B
2021-06-04T09:50:11,100.0,46.5,B
2021-06-04T09:50:03,500.0,46.45,S
2021-06-04T09:48:53,200.0,46.5,B
2021-06-04T09:48:35,2000.0,46.45,S
2021-06-04T09:48:25,100.0,46.5,B
2021-06-04T09:48:12,500.0,46.45,S
2021-06-04T09:48:07,100.0,46.4,S
2021-06-04T09:48:07,1100.0,46.4,S
2021-06-04T09:48:07,1100.0,46.4,S
2021-06-04T09:48:07,5000.0,46.4,S
2021-06-04T09:48:07,1600.0,46.4,S
2021-06-04T09:48:07,1200.0,46.45,S
2021-06-04T09:47:41,200.0,46.5,B
2021-06-04T09:47:01,500.0,46.45,S
2021-06-04T09:47:00,1800.0,46.45,S
2021-06-04T09:46:51,1000.0,46.45,S
2021-06-04T09:46:19,900.0,46.4,S
2021-06-04T09:46:17,100.0,46.45,S
2021-06-04T09:46:11,100.0,46.45,S
2021-06-04T09:46:03,1100.0,46.5,B
2021-06-04T09:46:03,1300.0,46.5,B
2021-06-04T09:46:03,1000.0,46.5,B
2021-06-04T09:46:03,600.0,46.5,B
2021-06-04T09:46:01,100.0,46.45,S
2021-06-04T09:45:25,4400.0,46.4,S
2021-06-04T09:45:20,100.0,46.4,S
2021-06-04T09:45:07,3400.0,46.4,S
2021-06-04T09:45:00,1100.0,46.4,S
2021-06-04T09:45:00,400.0,46.4,S
2021-06-04T09:45:00,200.0,46.45,S
2021-06-04T09:44:44,200.0,46.5,B
2021-06-04T09:44:43,2200.0,46.4,S
2021-06-04T09:44:41,100.0,46.4,S
2021-06-04T09:44:36,2000.0,46.4,S
2021-06-04T09:44:32,100.0,46.5,B
2021-06-04T09:44:32,2000.0,46.4,S
2021-06-04T09:44:29,7700.0,46.4,S
2021-06-04T09:44:29,1800.0,46.4,S
2021-06-04T09:44:22,100.0,46.45,S
2021-06-04T09:44:04,100.0,46.45,S
2021-06-04T09:43:42,3000.0,46.4,S
2021-06-04T09:43:42,500.0,46.5,B
2021-06-04T09:43:37,100.0,46.5,B
2021-06-04T09:43:29,300.0,46.4,S
2021-06-04T09:43:09,900.0,46.5,B
2021-06-04T09:43:06,800.0,46.4,S
2021-06-04T09:43:05,100.0,46.5,B
2021-06-04T09:42:54,2000.0,46.5,B
2021-06-04T09:42:52,4000.0,46.4,S
2021-06-04T09:42:13,3500.0,46.4,S
2021-06-04T09:41:52,100.0,46.45,S
2021-06-04T09:41:51,5000.0,46.4,S
2021-06-04T09:41:33,500.0,46.4,S
2021-06-04T09:41:14,1000.0,46.4,S
2021-06-04T09:41:14,100.0,46.4,S
2021-06-04T09:41:12,500.0,46.4,S
2021-06-04T09:41:04,10000.0,46.4,S
2021-06-04T09:40:21,500.0,46.4,S
2021-06-04T09:40:05,400.0,46.4,S
2021-06-04T09:39:58,100.0,46.4,S
2021-06-04T09:39:24,200.0,46.5,B
2021-06-04T09:39:15,1000.0,46.5,B
2021-06-04T09:39:08,6000.0,46.4,S
2021-06-04T09:38:58,1400.0,46.5,B
2021-06-04T09:38:44,200.0,46.5,B
2021-06-04T09:38:32,100.0,46.4,S
2021-06-04T09:38:22,400.0,46.4,S
2021-06-04T09:38:22,100.0,46.4,S
2021-06-04T09:38:01,100.0,46.5,B
2021-06-04T09:38:01,600.0,46.5,B
2021-06-04T09:38:00,1300.0,46.5,B
2021-06-04T09:37:48,300.0,46.4,S
2021-06-04T09:37:40,1000.0,46.5,B
2021-06-04T09:37:26,100.0,46.5,B
2021-06-04T09:36:27,100.0,46.4,S
2021-06-04T09:35:46,2300.0,46.5,B
2021-06-04T09:34:29,100.0,46.4,S
2021-06-04T09:34:28,500.0,46.5,S
2021-06-04T09:34:27,100.0,46.5,S
2021-06-04T09:34:11,13100.0,46.4,S
2021-06-04T09:34:11,1600.0,46.4,S
2021-06-04T09:34:11,300.0,46.4,S
2021-06-04T09:33:56,500.0,46.5,S
2021-06-04T09:33:32,500.0,46.5,S
2021-06-04T09:33:29,3100.0,46.55,B
2021-06-04T09:33:29,900.0,46.55,B
2021-06-04T09:33:29,6000.0,46.55,B
2021-06-04T09:33:17,500.0,46.5,S
2021-06-04T09:32:47,500.0,46.5,S
2021-06-04T09:32:46,700.0,46.5,S
2021-06-04T09:32:44,5000.0,46.5,S
2021-06-04T09:32:36,20000.0,46.5,S
2021-06-04T09:31:33,100.0,46.5,S
2021-06-04T09:31:29,1000.0,46.5,S
2021-06-04T09:30:34,100.0,46.5,S
2021-06-04T09:30:26,2300.0,46.05,S
2021-06-04T09:30:26,1200.0,46.2,S
2021-06-04T09:30:20,1600.0,46.55,B
2021-06-04T09:30:06,1200.0,46.55,B
2021-06-04T09:29:47,400.0,46.5,S
2021-06-04T09:29:44,2000.0,46.5,S
2021-06-04T09:29:44,2400.0,46.55,B
2021-06-04T09:29:37,4500.0,46.55,B
2021-06-04T09:29:20,200.0,46.55,B
2021-06-04T09:28:59,300.0,46.55,B
2021-06-04T09:28:56,2000.0,46.55,B
2021-06-04T09:28:54,500.0,46.6,B
2021-06-04T09:28:51,100.0,46.55,B
2021-06-04T09:28:22,21300.0,46.55,B
2021-06-04T09:28:22,300.0,46.55,B
2021-06-04T09:28:22,500.0,46.55,B
2021-06-04T09:28:22,2700.0,46.55,B
2021-06-04T09:28:22,15900.0,46.5,S
2021-06-04T09:28:13,200.0,46.4,S
2021-06-04T09:28:13,5500.0,46.4,S
2021-06-04T09:28:13,300.0,46.4,S
2021-06-04T09:28:13,2800.0,46.4,S
2021-06-04T09:28:13,9600.0,46.4,S
2021-06-04T09:28:07,300.0,46.5,S
2021-06-04T09:28:07,400.0,46.5,S
2021-06-04T09:27:45,200.0,46.55,B
2021-06-04T09:27:17,200.0,46.5,S
2021-06-04T09:27:17,200.0,46.55,B
2021-06-04T09:27:06,100.0,46.5,S
2021-06-04T09:27:05,900.0,46.55,B
2021-06-04T09:27:01,200.0,46.5,S
2021-06-04T09:26:50,400.0,46.55,B
2021-06-04T09:26:41,1000.0,46.55,B
2021-06-04T09:26:33,2000.0,46.5,S
2021-06-04T09:26:31,500.0,46.55,B
2021-06-04T09:26:30,1500.0,46.55,B
2021-06-04T09:26:26,300.0,46.55,B
2021-06-04T09:26:25,1600.0,46.55,B
2021-06-04T09:26:09,500.0,46.5,S
2021-06-04T09:25:53,500.0,46.55,S
2021-06-04T09:24:57,100.0,46.55,S
2021-06-04T09:24:55,200.0,46.5,S
2021-06-04T09:24:27,500.0,46.5,S
2021-06-04T09:24:25,500.0,46.5,S
2021-06-04T09:24:07,300.0,46.5,S
2021-06-04T09:23:59,100.0,46.5,S
2021-06-04T09:23:55,500.0,46.6,B
2021-06-04T09:23:49,2300.0,46.6,B
2021-06-04T09:23:49,2100.0,46.6,B
2021-06-04T09:23:49,700.0,46.55,S
2021-06-04T09:23:46,500.0,46.5,S
2021-06-04T09:23:39,1000.0,46.55,S
2021-06-04T09:23:33,100.0,46.55,S
2021-06-04T09:23:15,100.0,46.55,S
2021-06-04T09:23:10,1000.0,46.55,S
2021-06-04T09:22:56,300.0,46.5,S
2021-06-04T09:22:37,8300.0,46.55,S
2021-06-04T09:22:30,1400.0,46.55,S
2021-06-04T09:22:10,700.0,46.55,S
2021-06-04T09:22:09,2000.0,46.6,B
2021-06-04T09:22:07,1300.0,46.55,S
2021-06-04T09:22:01,500.0,46.55,S
2021-06-04T09:21:53,100.0,46.5,S
2021-06-04T09:21:38,500.0,46.5,S
2021-06-04T09:21:33,3200.0,46.55,S
2021-06-04T09:21:13,500.0,46.5,S
2021-06-04T09:21:05,1000.0,46.6,B
2021-06-04T09:20:58,600.0,46.55,S
2021-06-04T09:20:58,900.0,46.55,S
2021-06-04T09:20:50,200.0,46.6,B
2021-06-04T09:20:18,200.0,46.55,S
2021-06-04T09:20:15,300.0,46.55,S
2021-06-04T09:20:01,200.0,46.6,B
2021-06-04T09:19:39,1000.0,46.55,S
2021-06-04T09:19:13,1500.0,46.55,S
2021-06-04T09:19:01,1000.0,46.55,S
2021-06-04T09:18:58,2000.0,46.55,S
2021-06-04T09:18:44,100.0,46.55,S
2021-06-04T09:18:44,1000.0,46.55,S
2021-06-04T09:18:39,500.0,46.55,S
2021-06-04T09:18:29,500.0,46.55,S
2021-06-04T09:18:20,100.0,46.55,B
2021-06-04T09:18:17,2100.0,46.5,B
2021-06-04T09:17:18,500.0,46.5,B
2021-06-04T09:17:04,400.0,46.5,B
2021-06-04T09:17:02,4600.0,46.5,B
2021-06-04T09:17:00,500.0,46.5,B
2021-06-04T09:16:46,900.0,46.4,S
2021-06-04T09:16:40,300.0,46.45,S
2021-06-04T09:16:33,300.0,46.5,B
2021-06-04T09:15:41,300.0,46.45,B
