tradingTime,volume,price,side
2021-06-04T14:23:23,3000.0,15.9,S
2021-06-04T14:22:41,100.0,15.9,S
2021-06-04T14:22:22,4000.0,15.9,S
2021-06-04T14:22:22,2500.0,15.9,S
2021-06-04T14:21:49,100.0,15.95,B
2021-06-04T14:20:02,200.0,15.95,B
2021-06-04T14:19:50,400.0,15.95,B
2021-06-04T14:18:46,500.0,15.95,B
2021-06-04T14:18:46,1500.0,15.95,B
2021-06-04T14:13:54,100.0,15.9,B
2021-06-04T14:12:57,6600.0,15.9,B
2021-06-04T14:12:57,1100.0,15.9,B
2021-06-04T14:12:56,10200.0,15.9,B
2021-06-04T14:10:20,2000.0,15.9,B
2021-06-04T14:09:49,500.0,15.9,B
2021-06-04T14:09:31,1000.0,15.85,S
2021-06-04T14:02:12,4200.0,15.8,S
2021-06-04T14:02:12,5800.0,15.8,S
2021-06-04T14:01:43,3000.0,15.8,S
2021-06-04T14:00:43,1900.0,15.8,S
2021-06-04T13:58:09,400.0,15.8,S
2021-06-04T13:56:09,100.0,15.8,S
2021-06-04T13:52:48,4300.0,15.8,S
2021-06-04T13:52:48,2200.0,15.85,S
2021-06-04T13:52:47,2000.0,15.85,S
2021-06-04T13:52:47,11500.0,15.85,S
2021-06-04T13:51:33,2500.0,15.85,S
2021-06-04T13:46:07,2000.0,15.9,B
2021-06-04T13:44:37,200.0,15.85,S
2021-06-04T13:41:59,200.0,15.85,S
2021-06-04T13:40:32,200.0,15.85,S
2021-06-04T13:39:42,500.0,15.85,S
2021-06-04T13:38:13,900.0,15.85,B
2021-06-04T13:37:55,100.0,15.85,B
2021-06-04T13:37:45,100.0,15.85,B
2021-06-04T13:36:59,1000.0,15.85,B
2021-06-04T13:36:07,1000.0,15.85,B
2021-06-04T13:35:03,2000.0,15.85,B
2021-06-04T13:34:56,100.0,15.85,B
2021-06-04T13:33:06,2600.0,15.85,S
2021-06-04T13:32:57,1000.0,15.85,S
2021-06-04T13:31:04,200.0,15.85,S
2021-06-04T13:28:10,1300.0,15.85,B
2021-06-04T13:27:45,5000.0,15.85,B
2021-06-04T13:24:42,1500.0,15.85,B
2021-06-04T13:24:21,2000.0,15.85,B
2021-06-04T13:24:15,500.0,15.85,B
2021-06-04T13:24:15,200.0,15.85,B
2021-06-04T13:23:51,5200.0,15.85,B
2021-06-04T13:23:45,3000.0,15.85,B
2021-06-04T13:23:41,100.0,15.85,B
2021-06-04T13:23:29,200.0,15.85,B
2021-06-04T13:23:02,700.0,15.85,B
2021-06-04T13:22:58,4000.0,15.85,B
2021-06-04T13:22:39,3000.0,15.85,B
2021-06-04T13:22:00,3000.0,15.85,B
2021-06-04T13:21:47,500.0,15.85,B
2021-06-04T13:19:33,2100.0,15.85,B
2021-06-04T13:19:32,2900.0,15.85,B
2021-06-04T13:19:09,1000.0,15.8,S
2021-06-04T13:18:52,100.0,15.85,B
2021-06-04T13:18:31,3000.0,15.8,S
2021-06-04T13:17:22,300.0,15.8,S
2021-06-04T13:16:29,1000.0,15.8,S
2021-06-04T13:14:16,500.0,15.8,S
2021-06-04T13:13:59,2500.0,15.8,S
2021-06-04T13:13:08,500.0,15.8,S
2021-06-04T13:11:38,500.0,15.8,S
2021-06-04T13:10:30,1000.0,15.85,B
2021-06-04T13:10:23,100.0,15.8,S
2021-06-04T13:09:49,1000.0,15.8,S
2021-06-04T13:09:33,100.0,15.85,B
2021-06-04T13:08:52,1000.0,15.8,S
2021-06-04T13:07:40,500.0,15.8,S
2021-06-04T13:06:14,100.0,15.8,S
2021-06-04T13:05:06,100.0,15.85,B
2021-06-04T13:04:38,500.0,15.8,S
2021-06-04T13:04:22,1000.0,15.8,S
2021-06-04T13:04:12,1000.0,15.85,B
2021-06-04T13:04:09,1000.0,15.8,S
2021-06-04T13:03:27,1000.0,15.8,S
2021-06-04T13:02:58,800.0,15.8,S
2021-06-04T13:02:17,2500.0,15.8,S
2021-06-04T13:02:17,200.0,15.8,S
2021-06-04T13:02:16,2100.0,15.8,S
2021-06-04T13:02:16,1200.0,15.8,S
2021-06-04T13:00:20,1500.0,15.8,S
2021-06-04T13:00:20,6000.0,15.8,S
2021-06-04T11:31:04,1000.0,15.8,S
2021-06-04T11:30:07,3000.0,15.8,S
2021-06-04T11:26:51,1000.0,15.8,S
2021-06-04T11:26:16,1000.0,15.8,S
2021-06-04T11:25:01,300.0,15.85,B
2021-06-04T11:24:58,100.0,15.85,B
2021-06-04T11:24:47,1800.0,15.8,S
2021-06-04T11:24:47,600.0,15.8,S
2021-06-04T11:24:47,6100.0,15.8,S
2021-06-04T11:23:30,5000.0,15.85,B
2021-06-04T11:21:47,900.0,15.8,S
2021-06-04T11:21:47,4100.0,15.8,S
2021-06-04T11:21:46,2000.0,15.8,S
2021-06-04T11:21:34,20000.0,15.8,S
2021-06-04T11:19:07,20000.0,15.8,S
2021-06-04T11:17:47,500.0,15.85,S
2021-06-04T11:17:38,20000.0,15.8,S
2021-06-04T11:17:16,300.0,15.85,S
2021-06-04T11:13:54,1000.0,15.9,B
2021-06-04T11:12:44,500.0,15.9,B
2021-06-04T11:11:47,8300.0,15.85,S
2021-06-04T11:09:48,800.0,15.85,S
2021-06-04T11:09:13,200.0,15.85,S
2021-06-04T11:06:47,4500.0,15.85,S
2021-06-04T11:06:43,100.0,15.9,B
2021-06-04T11:04:00,10000.0,15.85,S
2021-06-04T11:02:40,100.0,15.85,S
2021-06-04T11:00:26,500.0,15.9,B
2021-06-04T11:00:07,3100.0,15.9,B
2021-06-04T10:58:12,100.0,15.9,B
2021-06-04T10:57:55,10000.0,15.9,B
2021-06-04T10:56:36,1000.0,15.85,S
2021-06-04T10:56:24,1000.0,15.85,S
2021-06-04T10:55:52,500.0,15.85,S
2021-06-04T10:55:17,1000.0,15.9,B
2021-06-04T10:54:00,200.0,15.9,B
2021-06-04T10:53:21,5000.0,15.9,B
2021-06-04T10:53:08,3000.0,15.9,B
2021-06-04T10:53:07,1000.0,15.9,B
2021-06-04T10:53:00,200.0,15.9,B
2021-06-04T10:51:55,1000.0,15.9,B
2021-06-04T10:51:09,900.0,15.85,S
2021-06-04T10:51:09,100.0,15.85,S
2021-06-04T10:50:02,1100.0,15.9,B
2021-06-04T10:50:02,400.0,15.9,B
2021-06-04T10:49:40,2000.0,15.9,B
2021-06-04T10:48:58,1000.0,15.85,S
2021-06-04T10:47:46,1000.0,15.9,B
2021-06-04T10:47:45,300.0,15.9,B
2021-06-04T10:45:02,300.0,15.9,S
2021-06-04T10:44:31,700.0,15.8,S
2021-06-04T10:44:31,300.0,15.8,S
2021-06-04T10:44:31,1300.0,15.8,S
2021-06-04T10:44:31,500.0,15.8,S
2021-06-04T10:44:31,8500.0,15.85,S
2021-06-04T10:44:31,300.0,15.85,S
2021-06-04T10:44:31,8400.0,15.85,S
2021-06-04T10:43:42,5000.0,15.9,S
2021-06-04T10:42:59,100.0,15.9,S
2021-06-04T10:42:41,2300.0,15.9,S
2021-06-04T10:42:00,3000.0,15.9,S
2021-06-04T10:38:22,300.0,15.9,S
2021-06-04T10:38:18,1400.0,15.9,S
2021-06-04T10:38:18,3900.0,15.9,S
2021-06-04T10:37:53,5100.0,15.9,S
2021-06-04T10:34:11,1100.0,15.9,S
2021-06-04T10:32:59,5000.0,15.9,S
2021-06-04T10:32:37,100.0,15.9,S
2021-06-04T10:31:51,100.0,15.95,B
2021-06-04T10:31:17,100.0,15.9,S
2021-06-04T10:30:54,100.0,15.95,B
2021-06-04T10:30:36,1000.0,15.95,B
2021-06-04T10:30:28,5700.0,15.85,S
2021-06-04T10:30:28,3700.0,15.9,S
2021-06-04T10:30:28,200.0,15.9,S
2021-06-04T10:30:28,18700.0,15.9,S
2021-06-04T10:29:26,1000.0,15.9,S
2021-06-04T10:27:23,400.0,15.9,S
2021-06-04T10:27:08,5000.0,15.9,S
2021-06-04T10:26:48,1000.0,15.95,B
2021-06-04T10:26:32,700.0,15.95,B
2021-06-04T10:26:26,300.0,15.9,S
2021-06-04T10:26:23,500.0,15.9,S
2021-06-04T10:26:15,2800.0,15.9,S
2021-06-04T10:25:24,1000.0,15.95,B
2021-06-04T10:23:55,5000.0,15.95,B
2021-06-04T10:23:05,2000.0,15.95,B
2021-06-04T10:23:05,8000.0,15.95,B
2021-06-04T10:22:55,10000.0,15.9,S
2021-06-04T10:22:06,500.0,15.9,S
2021-06-04T10:21:59,500.0,15.95,B
2021-06-04T10:20:42,200.0,15.9,S
2021-06-04T10:18:57,1000.0,15.95,B
2021-06-04T10:18:47,2000.0,15.95,B
2021-06-04T10:16:48,1000.0,15.95,B
2021-06-04T10:16:30,100.0,15.95,B
2021-06-04T10:16:12,200.0,15.95,B
2021-06-04T10:14:00,200.0,15.95,S
2021-06-04T10:13:38,300.0,15.95,S
2021-06-04T10:12:10,200.0,15.95,S
2021-06-04T10:09:11,1000.0,15.95,S
2021-06-04T10:08:33,100.0,15.95,S
2021-06-04T10:08:26,400.0,15.95,S
2021-06-04T10:08:14,800.0,15.95,S
2021-06-04T10:08:14,1200.0,15.95,S
2021-06-04T10:08:02,300.0,16.0,B
2021-06-04T10:07:11,100.0,16.0,B
2021-06-04T10:05:35,500.0,16.0,S
2021-06-04T10:05:00,500.0,16.0,S
2021-06-04T10:04:55,1200.0,16.0,S
2021-06-04T10:04:55,100.0,16.0,S
2021-06-04T10:04:55,2700.0,16.0,S
2021-06-04T10:04:51,500.0,16.05,B
2021-06-04T10:04:49,4000.0,16.0,S
2021-06-04T10:04:11,14700.0,16.0,S
2021-06-04T10:04:11,300.0,16.0,S
2021-06-04T10:04:11,200.0,16.0,S
2021-06-04T10:04:11,14800.0,16.0,S
2021-06-04T10:04:06,300.0,16.0,S
2021-06-04T10:03:58,500.0,16.0,S
2021-06-04T10:03:58,4500.0,16.0,S
2021-06-04T10:02:51,1500.0,16.0,S
2021-06-04T10:02:08,9600.0,16.0,S
2021-06-04T10:02:08,400.0,16.0,S
2021-06-04T10:00:25,100.0,16.05,B
2021-06-04T10:00:13,1000.0,16.0,S
2021-06-04T09:58:45,500.0,16.05,S
2021-06-04T09:58:08,1300.0,16.05,S
2021-06-04T09:58:04,200.0,16.05,S
2021-06-04T09:58:04,300.0,16.05,S
2021-06-04T09:58:04,6300.0,16.05,S
2021-06-04T09:54:21,800.0,16.05,S
2021-06-04T09:53:23,1200.0,16.05,S
2021-06-04T09:51:52,100.0,16.1,B
2021-06-04T09:51:48,10000.0,16.05,S
2021-06-04T09:51:01,1900.0,16.1,B
2021-06-04T09:51:01,100.0,16.1,B
2021-06-04T09:48:50,100.0,16.1,B
2021-06-04T09:47:53,2000.0,16.1,B
2021-06-04T09:45:30,600.0,16.1,B
2021-06-04T09:45:08,100.0,16.1,B
2021-06-04T09:44:46,1000.0,16.1,B
2021-06-04T09:44:44,1000.0,16.1,B
2021-06-04T09:43:22,3000.0,16.1,S
2021-06-04T09:43:22,2100.0,16.1,S
2021-06-04T09:42:33,3000.0,16.15,B
2021-06-04T09:41:42,2700.0,16.1,S
2021-06-04T09:41:19,10000.0,16.1,S
2021-06-04T09:40:27,1700.0,16.15,B
2021-06-04T09:38:58,1000.0,16.1,S
2021-06-04T09:38:25,300.0,16.1,S
2021-06-04T09:38:25,500.0,16.1,S
2021-06-04T09:38:25,500.0,16.1,S
2021-06-04T09:38:25,6700.0,16.15,B
2021-06-04T09:37:53,1000.0,16.15,B
2021-06-04T09:36:53,8300.0,16.15,B
2021-06-04T09:36:39,1000.0,16.15,B
2021-06-04T09:36:38,500.0,16.1,S
2021-06-04T09:36:30,2000.0,16.15,B
2021-06-04T09:36:00,10100.0,16.15,B
2021-06-04T09:34:02,100.0,16.1,S
2021-06-04T09:34:01,600.0,16.15,B
2021-06-04T09:32:49,1000.0,16.15,B
2021-06-04T09:32:26,2000.0,16.15,B
2021-06-04T09:31:32,100.0,16.15,B
2021-06-04T09:31:25,200.0,16.15,B
2021-06-04T09:30:06,100.0,16.15,B
2021-06-04T09:29:59,8000.0,16.15,B
2021-06-04T09:29:56,200.0,16.15,B
2021-06-04T09:29:50,2000.0,16.15,B
2021-06-04T09:29:38,10000.0,16.15,B
2021-06-04T09:29:29,100.0,16.15,B
2021-06-04T09:29:08,100.0,16.15,B
2021-06-04T09:28:22,700.0,16.15,B
2021-06-04T09:28:14,6000.0,16.15,B
2021-06-04T09:28:09,10000.0,16.15,B
2021-06-04T09:28:09,2000.0,16.15,B
2021-06-04T09:27:51,100.0,16.15,B
2021-06-04T09:27:34,200.0,16.15,B
2021-06-04T09:26:58,200.0,16.15,B
2021-06-04T09:26:39,4000.0,16.15,B
2021-06-04T09:26:18,1000.0,16.15,B
2021-06-04T09:25:25,500.0,16.15,B
2021-06-04T09:25:16,3800.0,16.15,B
2021-06-04T09:23:36,2000.0,16.15,B
2021-06-04T09:22:23,300.0,16.15,B
2021-06-04T09:22:13,200.0,16.15,B
2021-06-04T09:22:08,1600.0,16.1,S
2021-06-04T09:21:57,300.0,16.15,B
2021-06-04T09:21:04,5000.0,16.15,B
2021-06-04T09:20:25,100.0,16.15,B
2021-06-04T09:20:03,1000.0,16.15,B
2021-06-04T09:19:56,100.0,16.1,S
2021-06-04T09:19:00,500.0,16.15,B
2021-06-04T09:18:59,200.0,16.15,B
2021-06-04T09:18:53,500.0,16.15,B
2021-06-04T09:18:06,1800.0,16.15,S
2021-06-04T09:17:02,500.0,16.15,S
2021-06-04T09:16:51,300.0,16.15,S
2021-06-04T09:15:47,200.0,16.15,B
2021-06-04T09:15:41,2300.0,16.15,B
2021-06-04T09:15:41,1000.0,16.15,B
