tradingTime,volume,price,side
2021-06-04T14:28:55,1000.0,14.5,B
2021-06-04T14:27:20,5000.0,14.5,B
2021-06-04T14:25:13,1000.0,14.5,B
2021-06-04T14:21:14,500.0,14.4,S
2021-06-04T14:19:44,100.0,14.4,S
2021-06-04T14:19:30,3000.0,14.4,S
2021-06-04T14:18:46,100.0,14.4,S
2021-06-04T14:12:29,3000.0,14.4,S
2021-06-04T14:11:24,1000.0,14.4,S
2021-06-04T14:11:00,3000.0,14.4,S
2021-06-04T14:08:34,1000.0,14.5,B
2021-06-04T14:08:23,1000.0,14.4,S
2021-06-04T14:08:12,1000.0,14.4,S
2021-06-04T14:07:36,4000.0,14.4,S
2021-06-04T14:07:04,1000.0,14.4,S
2021-06-04T14:05:57,3000.0,14.4,S
2021-06-04T14:03:15,3000.0,14.4,S
2021-06-04T14:02:22,1500.0,14.4,S
2021-06-04T14:02:14,100.0,14.4,S
2021-06-04T14:00:20,6400.0,14.4,S
2021-06-04T14:00:11,1000.0,14.4,S
2021-06-04T13:59:49,7000.0,14.4,S
2021-06-04T13:58:17,1000.0,14.4,S
2021-06-04T13:55:23,1000.0,14.4,S
2021-06-04T13:54:50,100.0,14.4,S
2021-06-04T13:54:32,100.0,14.4,S
2021-06-04T13:52:47,5000.0,14.4,S
2021-06-04T13:52:39,500.0,14.4,S
2021-06-04T13:50:44,1000.0,14.4,S
2021-06-04T13:48:02,1300.0,14.4,B
2021-06-04T13:46:59,8700.0,14.4,S
2021-06-04T13:46:40,600.0,14.4,S
2021-06-04T13:42:50,1000.0,14.4,S
2021-06-04T13:42:12,9000.0,14.4,S
2021-06-04T13:38:45,3000.0,14.4,S
2021-06-04T13:35:56,200.0,14.5,B
2021-06-04T13:35:25,3800.0,14.4,S
2021-06-04T13:34:04,200.0,14.4,S
2021-06-04T13:33:47,1000.0,14.4,B
2021-06-04T13:32:54,500.0,14.4,S
2021-06-04T13:32:45,3000.0,14.4,S
2021-06-04T13:32:21,1000.0,14.4,S
2021-06-04T13:32:19,4600.0,14.4,B
2021-06-04T13:30:47,15000.0,14.4,B
2021-06-04T13:29:38,3000.0,14.4,S
2021-06-04T13:28:01,10000.0,14.4,S
2021-06-04T13:26:47,100.0,14.4,S
2021-06-04T13:26:02,7900.0,14.4,B
2021-06-04T13:22:28,5000.0,14.4,B
2021-06-04T13:16:39,2000.0,14.4,B
2021-06-04T13:16:11,2100.0,14.4,S
2021-06-04T13:16:00,2000.0,14.4,S
2021-06-04T13:14:51,3400.0,14.4,B
2021-06-04T13:14:36,100.0,14.4,B
2021-06-04T13:14:35,5000.0,14.4,B
2021-06-04T13:14:13,20000.0,14.4,B
2021-06-04T13:12:02,4000.0,14.4,B
2021-06-04T13:11:26,1800.0,14.3,S
2021-06-04T13:10:22,500.0,14.3,S
2021-06-04T13:08:21,1000.0,14.3,S
2021-06-04T13:08:14,1000.0,14.4,B
2021-06-04T13:07:56,2000.0,14.3,S
2021-06-04T13:02:11,4000.0,14.3,S
2021-06-04T13:00:36,500.0,14.4,B
2021-06-04T13:00:32,5000.0,14.3,S
2021-06-04T13:00:32,1000.0,14.3,S
2021-06-04T13:00:32,200.0,14.3,S
2021-06-04T13:00:20,1000.0,14.3,S
2021-06-04T13:00:16,700.0,14.3,S
2021-06-04T13:00:10,300.0,14.3,S
2021-06-04T11:27:20,1000.0,14.3,S
2021-06-04T11:26:06,200.0,14.3,S
2021-06-04T11:24:52,5000.0,14.3,S
2021-06-04T11:24:16,4000.0,14.3,S
2021-06-04T11:23:11,500.0,14.3,S
2021-06-04T11:22:46,600.0,14.3,S
2021-06-04T11:19:56,1000.0,14.3,S
2021-06-04T11:17:47,1100.0,14.3,S
2021-06-04T11:16:48,200.0,14.3,S
2021-06-04T11:14:11,3900.0,14.3,S
2021-06-04T11:13:46,4000.0,14.3,S
2021-06-04T11:12:58,1000.0,14.3,S
2021-06-04T11:12:20,6100.0,14.3,S
2021-06-04T11:11:00,10600.0,14.3,S
2021-06-04T11:10:52,1100.0,14.3,S
2021-06-04T11:10:28,10000.0,14.3,S
2021-06-04T11:06:21,10000.0,14.4,B
2021-06-04T11:06:16,2000.0,14.3,S
2021-06-04T11:06:15,9000.0,14.3,S
2021-06-04T11:04:13,2000.0,14.3,S
2021-06-04T11:03:15,3000.0,14.3,S
2021-06-04T11:02:56,500.0,14.3,S
2021-06-04T11:02:51,3000.0,14.4,B
2021-06-04T10:59:40,1000.0,14.3,S
2021-06-04T10:57:06,2000.0,14.3,S
2021-06-04T10:56:45,4500.0,14.3,S
2021-06-04T10:55:04,10000.0,14.3,S
2021-06-04T10:53:01,3800.0,14.4,B
2021-06-04T10:50:47,2000.0,14.3,S
2021-06-04T10:50:36,3000.0,14.3,S
2021-06-04T10:50:02,1000.0,14.3,S
2021-06-04T10:47:13,1000.0,14.3,S
2021-06-04T10:46:51,1000.0,14.3,S
2021-06-04T10:46:20,6000.0,14.4,B
2021-06-04T10:46:02,1000.0,14.3,S
2021-06-04T10:45:38,2000.0,14.3,S
2021-06-04T10:45:17,400.0,14.3,S
2021-06-04T10:41:29,1000.0,14.3,S
2021-06-04T10:41:27,10000.0,14.3,S
2021-06-04T10:40:53,1000.0,14.3,S
2021-06-04T10:40:25,1000.0,14.3,S
2021-06-04T10:40:08,38700.0,14.3,B
2021-06-04T10:38:47,17900.0,14.3,S
2021-06-04T10:38:47,500.0,14.3,S
2021-06-04T10:38:42,11600.0,14.3,B
2021-06-04T10:38:37,700.0,14.3,B
2021-06-04T10:38:23,36900.0,14.1,S
2021-06-04T10:36:39,9000.0,14.2,S
2021-06-04T10:36:24,1000.0,14.2,S
2021-06-04T10:35:02,18700.0,14.2,S
2021-06-04T10:34:02,100.0,14.3,B
2021-06-04T10:30:42,4900.0,14.3,S
2021-06-04T10:29:33,900.0,14.3,S
2021-06-04T10:28:24,200.0,14.3,S
2021-06-04T10:22:58,10000.0,14.3,S
2021-06-04T10:21:08,400.0,14.3,B
2021-06-04T10:17:28,1700.0,14.3,B
2021-06-04T10:17:04,100.0,14.3,B
2021-06-04T10:16:47,700.0,14.3,B
2021-06-04T10:16:45,1000.0,14.3,B
2021-06-04T10:16:16,300.0,14.3,B
2021-06-04T10:15:31,1000.0,14.3,B
2021-06-04T10:15:22,100.0,14.2,S
2021-06-04T10:14:58,2600.0,14.2,S
2021-06-04T10:14:40,800.0,14.2,S
2021-06-04T10:12:14,1000.0,14.2,S
2021-06-04T10:11:27,1000.0,14.2,S
2021-06-04T10:08:49,1000.0,14.2,S
2021-06-04T10:07:16,2000.0,14.2,S
2021-06-04T10:07:03,1000.0,14.3,B
2021-06-04T10:05:41,200.0,14.2,S
2021-06-04T10:05:19,400.0,14.2,S
2021-06-04T10:04:52,5500.0,14.2,S
2021-06-04T10:01:25,1000.0,14.2,S
2021-06-04T10:00:18,1000.0,14.3,B
2021-06-04T09:59:56,200.0,14.3,B
2021-06-04T09:58:55,600.0,14.2,S
2021-06-04T09:56:58,1800.0,14.2,S
2021-06-04T09:56:31,400.0,14.2,S
2021-06-04T09:56:01,50000.0,14.2,S
2021-06-04T09:55:55,3500.0,14.3,S
2021-06-04T09:53:09,1000.0,14.3,S
2021-06-04T09:52:01,1000.0,14.3,S
2021-06-04T09:50:40,2000.0,14.3,S
2021-06-04T09:50:22,2000.0,14.3,S
2021-06-04T09:48:47,500.0,14.3,B
2021-06-04T09:48:37,500.0,14.3,B
2021-06-04T09:47:56,200.0,14.3,B
2021-06-04T09:47:47,700.0,14.3,S
2021-06-04T09:45:08,200.0,14.3,S
2021-06-04T09:44:54,200.0,14.3,S
2021-06-04T09:44:25,700.0,14.3,S
2021-06-04T09:43:47,10600.0,14.3,S
2021-06-04T09:43:42,1000.0,14.3,S
2021-06-04T09:41:46,200.0,14.3,S
2021-06-04T09:41:32,3000.0,14.3,S
2021-06-04T09:40:57,100.0,14.3,S
2021-06-04T09:39:29,300.0,14.3,S
2021-06-04T09:38:09,600.0,14.3,S
2021-06-04T09:36:11,600.0,14.4,B
2021-06-04T09:34:23,300.0,14.3,S
2021-06-04T09:31:44,500.0,14.3,S
2021-06-04T09:31:13,4000.0,14.3,S
2021-06-04T09:29:59,200.0,14.4,B
2021-06-04T09:29:14,1000.0,14.4,B
2021-06-04T09:28:44,300.0,14.3,S
2021-06-04T09:28:05,500.0,14.3,S
2021-06-04T09:27:06,400.0,14.3,S
2021-06-04T09:26:24,1000.0,14.3,S
2021-06-04T09:26:19,600.0,14.3,S
2021-06-04T09:26:12,10000.0,14.3,S
2021-06-04T09:26:06,300.0,14.3,S
2021-06-04T09:26:04,2000.0,14.3,S
2021-06-04T09:25:18,300.0,14.3,S
2021-06-04T09:25:11,2000.0,14.3,S
2021-06-04T09:24:16,2300.0,14.3,B
2021-06-04T09:24:00,23500.0,14.3,B
2021-06-04T09:23:41,500.0,14.3,S
2021-06-04T09:23:39,200.0,14.3,S
2021-06-04T09:23:35,10000.0,14.3,S
2021-06-04T09:23:13,1200.0,14.3,S
2021-06-04T09:22:04,1000.0,14.3,S
2021-06-04T09:21:12,1400.0,14.3,S
2021-06-04T09:20:11,400.0,14.4,B
2021-06-04T09:18:06,200.0,14.4,B
2021-06-04T09:16:15,1000.0,14.4,B
2021-06-04T09:14:39,600.0,14.4,S
2021-06-04T09:14:35,200.0,14.4,S
2021-06-04T09:14:08,500.0,14.4,S
2021-06-04T09:12:58,500.0,14.4,S
2021-06-04T09:10:34,300.0,14.4,S
2021-06-04T09:09:38,100.0,14.4,B
2021-06-04T09:09:35,300.0,14.4,B
2021-06-04T09:09:14,500.0,14.4,B
2021-06-04T09:08:51,200.0,14.4,B
2021-06-04T09:08:18,300.0,14.4,B
2021-06-04T09:08:14,100.0,14.4,B
2021-06-04T09:07:57,500.0,14.4,B
2021-06-04T09:07:30,300.0,14.4,B
2021-06-04T09:05:55,600.0,14.4,B
2021-06-04T09:04:28,2000.0,14.4,S
2021-06-04T09:04:25,1000.0,14.5,B
2021-06-04T09:01:30,300.0,14.4,S
2021-06-04T09:00:48,300.0,14.4,B
2021-06-04T09:00:38,100.0,14.4,B
2021-06-04T09:00:32,300.0,14.4,B
2021-06-04T09:00:28,1000.0,14.3,S
2021-06-04T09:00:26,100.0,14.5,B
2021-06-04T09:00:24,100.0,14.5,B
2021-06-04T09:00:10,500.0,14.6,S
