tradingTime,volume,price,side
2021-06-04T14:27:56,19400.0,7.41,S
2021-06-04T14:27:56,3100.0,7.41,S
2021-06-04T14:27:56,200.0,7.41,S
2021-06-04T14:27:56,5400.0,7.41,S
2021-06-04T14:27:56,35500.0,7.41,S
2021-06-04T14:27:56,3400.0,7.41,S
2021-06-04T14:27:56,12800.0,7.42,S
2021-06-04T14:27:56,200.0,7.42,S
2021-06-04T14:27:56,29200.0,7.42,S
2021-06-04T14:27:56,35900.0,7.42,S
2021-06-04T14:27:56,1900.0,7.42,S
2021-06-04T14:27:56,3500.0,7.42,S
2021-06-04T14:27:56,200.0,7.42,S
2021-06-04T14:27:56,6100.0,7.42,S
2021-06-04T14:27:56,29300.0,7.42,S
2021-06-04T14:27:56,3900.0,7.43,S
2021-06-04T14:27:56,700.0,7.43,S
2021-06-04T14:25:27,700.0,7.44,S
2021-06-04T14:23:38,2300.0,7.44,B
2021-06-04T14:23:35,10000.0,7.45,B
2021-06-04T14:23:02,1900.0,7.43,S
2021-06-04T14:22:59,7600.0,7.43,S
2021-06-04T14:22:59,2500.0,7.44,B
2021-06-04T14:22:49,100.0,7.44,B
2021-06-04T14:22:44,10000.0,7.43,S
2021-06-04T14:22:11,600.0,7.44,B
2021-06-04T14:22:08,200.0,7.44,B
2021-06-04T14:22:00,1000.0,7.44,B
2021-06-04T14:21:53,300.0,7.43,B
2021-06-04T14:21:52,2000.0,7.44,B
2021-06-04T14:21:50,200.0,7.44,B
2021-06-04T14:21:49,8700.0,7.44,B
2021-06-04T14:21:48,1000.0,7.44,B
2021-06-04T14:21:38,1000.0,7.44,B
2021-06-04T14:21:27,1000.0,7.44,B
2021-06-04T14:21:08,1000.0,7.44,B
2021-06-04T14:20:56,17300.0,7.44,B
2021-06-04T14:20:54,9600.0,7.43,B
2021-06-04T14:20:44,3000.0,7.43,B
2021-06-04T14:20:36,3900.0,7.43,B
2021-06-04T14:20:29,100.0,7.43,B
2021-06-04T14:20:28,200.0,7.43,B
2021-06-04T14:20:22,600.0,7.43,B
2021-06-04T14:19:50,10000.0,7.43,B
2021-06-04T14:19:48,500.0,7.43,B
2021-06-04T14:19:46,200.0,7.43,B
2021-06-04T14:19:23,5000.0,7.43,B
2021-06-04T14:19:17,2000.0,7.43,B
2021-06-04T14:19:09,400.0,7.43,B
2021-06-04T14:19:03,500.0,7.43,S
2021-06-04T14:19:03,5000.0,7.43,S
2021-06-04T14:19:03,4000.0,7.43,S
2021-06-04T14:18:50,500.0,7.44,B
2021-06-04T14:18:45,2500.0,7.44,B
2021-06-04T14:18:45,1000.0,7.44,B
2021-06-04T14:18:44,1500.0,7.44,B
2021-06-04T14:18:40,3700.0,7.44,B
2021-06-04T14:18:40,16300.0,7.44,B
2021-06-04T14:18:31,1000.0,7.43,S
2021-06-04T14:18:05,1500.0,7.44,B
2021-06-04T14:18:05,5000.0,7.44,B
2021-06-04T14:18:04,3500.0,7.44,B
2021-06-04T14:17:50,1700.0,7.43,S
2021-06-04T14:17:27,300.0,7.43,S
2021-06-04T14:17:23,200.0,7.44,B
2021-06-04T14:17:12,500.0,7.44,B
2021-06-04T14:16:40,200.0,7.44,B
2021-06-04T14:16:06,2000.0,7.44,B
2021-06-04T14:16:04,100.0,7.44,B
2021-06-04T14:16:04,3000.0,7.44,B
2021-06-04T14:16:00,6500.0,7.44,S
2021-06-04T14:16:00,4000.0,7.44,S
2021-06-04T14:16:00,16300.0,7.44,S
2021-06-04T14:15:59,1000.0,7.44,S
2021-06-04T14:15:55,1000.0,7.42,S
2021-06-04T14:15:51,30200.0,7.42,S
2021-06-04T14:15:51,200.0,7.42,S
2021-06-04T14:15:50,4600.0,7.42,S
2021-06-04T14:15:50,900.0,7.43,S
2021-06-04T14:15:50,6000.0,7.43,S
2021-06-04T14:15:49,800.0,7.43,S
2021-06-04T14:15:49,27300.0,7.43,S
2021-06-04T14:15:46,400.0,7.44,S
2021-06-04T14:15:46,1000.0,7.43,S
2021-06-04T14:15:41,300.0,7.44,S
2021-06-04T14:15:36,100.0,7.44,S
2021-06-04T14:15:32,1000.0,7.44,S
2021-06-04T14:15:07,500.0,7.43,S
2021-06-04T14:15:06,1000.0,7.43,S
2021-06-04T14:15:06,4600.0,7.44,S
2021-06-04T14:15:06,5100.0,7.44,S
2021-06-04T14:15:01,100.0,7.44,S
2021-06-04T14:14:55,1000.0,7.44,S
2021-06-04T14:14:37,1000.0,7.44,S
2021-06-04T14:14:27,300.0,7.44,S
2021-06-04T14:14:20,3800.0,7.44,S
2021-06-04T14:14:19,200.0,7.44,S
2021-06-04T14:14:07,1000.0,7.44,S
2021-06-04T14:13:55,300.0,7.44,S
2021-06-04T14:13:55,100.0,7.44,S
2021-06-04T14:13:47,200.0,7.44,S
2021-06-04T14:13:35,1100.0,7.43,S
2021-06-04T14:13:23,1000.0,7.44,S
2021-06-04T14:13:19,500.0,7.44,S
2021-06-04T14:12:58,300.0,7.44,S
2021-06-04T14:12:57,300.0,7.44,S
2021-06-04T14:12:39,500.0,7.44,S
2021-06-04T14:12:32,1000.0,7.43,S
2021-06-04T14:12:30,100.0,7.44,S
2021-06-04T14:12:22,100.0,7.44,S
2021-06-04T14:12:17,4100.0,7.44,S
2021-06-04T14:12:16,1300.0,7.44,S
2021-06-04T14:12:09,5000.0,7.45,B
2021-06-04T14:11:54,100.0,7.44,S
2021-06-04T14:11:54,300.0,7.44,S
2021-06-04T14:11:52,5000.0,7.44,S
2021-06-04T14:11:29,100.0,7.44,S
2021-06-04T14:11:27,400.0,7.44,S
2021-06-04T14:11:23,10000.0,7.44,S
2021-06-04T14:11:17,2000.0,7.44,S
2021-06-04T14:11:15,100000.0,7.45,B
2021-06-04T14:10:54,500.0,7.44,S
2021-06-04T14:10:43,500.0,7.45,B
2021-06-04T14:10:43,2600.0,7.44,S
2021-06-04T14:10:43,300.0,7.44,S
2021-06-04T14:10:20,5000.0,7.44,S
2021-06-04T14:09:50,2600.0,7.44,S
2021-06-04T14:09:50,1600.0,7.44,S
2021-06-04T14:09:50,800.0,7.44,S
2021-06-04T14:09:48,400.0,7.45,B
2021-06-04T14:09:47,2500.0,7.45,B
2021-06-04T14:09:47,800.0,7.45,B
2021-06-04T14:09:28,2400.0,7.44,S
2021-06-04T14:09:12,2000.0,7.45,B
2021-06-04T14:09:03,200.0,7.44,S
2021-06-04T14:08:57,500.0,7.44,S
2021-06-04T14:08:55,100.0,7.44,S
2021-06-04T14:08:49,100.0,7.44,S
2021-06-04T14:08:46,2300.0,7.44,S
2021-06-04T14:08:46,3000.0,7.45,B
2021-06-04T14:08:36,1000.0,7.45,B
2021-06-04T14:08:07,100.0,7.44,S
2021-06-04T14:08:04,100.0,7.44,S
2021-06-04T14:08:00,1000.0,7.44,S
2021-06-04T14:07:58,1000.0,7.44,S
2021-06-04T14:07:52,6800.0,7.45,B
2021-06-04T14:07:09,400.0,7.44,B
2021-06-04T14:07:04,4700.0,7.44,B
2021-06-04T14:06:56,300.0,7.44,B
2021-06-04T14:06:54,500.0,7.45,B
2021-06-04T14:06:41,500.0,7.44,B
2021-06-04T14:06:37,2400.0,7.44,B
2021-06-04T14:06:17,1000.0,7.44,B
2021-06-04T14:06:17,200.0,7.44,B
2021-06-04T14:06:14,4000.0,7.44,B
2021-06-04T14:06:01,5000.0,7.44,B
2021-06-04T14:05:47,300.0,7.44,B
2021-06-04T14:05:34,2500.0,7.44,B
2021-06-04T14:05:14,8100.0,7.45,B
2021-06-04T14:05:14,5300.0,7.42,S
2021-06-04T14:05:14,12700.0,7.42,S
2021-06-04T14:04:38,100.0,7.44,B
2021-06-04T14:04:24,10000.0,7.42,S
2021-06-04T14:04:20,1000.0,7.42,S
2021-06-04T14:04:14,300.0,7.44,B
2021-06-04T14:03:43,6000.0,7.42,S
2021-06-04T14:03:24,300.0,7.42,B
2021-06-04T14:03:18,7300.0,7.42,B
2021-06-04T14:03:10,1000.0,7.42,B
2021-06-04T14:03:10,200.0,7.42,B
2021-06-04T14:03:09,6200.0,7.41,S
2021-06-04T14:03:09,3800.0,7.41,S
2021-06-04T14:03:07,10000.0,7.42,B
2021-06-04T14:02:55,1000.0,7.42,B
2021-06-04T14:02:45,5000.0,7.42,B
2021-06-04T14:02:40,1000.0,7.41,S
2021-06-04T14:02:37,100.0,7.42,B
2021-06-04T14:02:37,100.0,7.42,B
2021-06-04T14:02:31,500.0,7.42,B
2021-06-04T14:02:31,3000.0,7.42,B
2021-06-04T14:02:29,500.0,7.42,B
2021-06-04T14:02:27,10000.0,7.42,B
2021-06-04T14:02:24,100.0,7.42,B
2021-06-04T14:02:24,100.0,7.42,B
2021-06-04T14:02:23,100.0,7.42,B
2021-06-04T14:02:23,100.0,7.42,B
2021-06-04T14:02:22,2500.0,7.42,B
2021-06-04T14:02:22,4100.0,7.42,B
2021-06-04T14:02:17,100.0,7.42,B
2021-06-04T14:02:10,10000.0,7.42,B
2021-06-04T14:02:08,1000.0,7.42,B
2021-06-04T14:02:07,1000.0,7.42,B
2021-06-04T14:02:04,2000.0,7.42,B
2021-06-04T14:02:01,100.0,7.42,B
2021-06-04T14:02:00,800.0,7.42,B
2021-06-04T14:01:44,5000.0,7.42,B
2021-06-04T14:01:41,200.0,7.42,B
2021-06-04T14:01:40,1000.0,7.42,B
2021-06-04T14:01:40,2400.0,7.42,B
2021-06-04T14:01:39,200.0,7.42,B
2021-06-04T14:01:37,200.0,7.42,B
2021-06-04T14:01:26,300.0,7.41,S
2021-06-04T14:01:26,7400.0,7.41,S
2021-06-04T14:01:26,200.0,7.42,S
2021-06-04T14:01:26,22100.0,7.42,S
2021-06-04T14:01:24,5000.0,7.45,B
2021-06-04T14:00:56,6000.0,7.42,S
2021-06-04T14:00:52,1000.0,7.45,B
2021-06-04T14:00:50,2000.0,7.42,S
2021-06-04T14:00:40,10000.0,7.42,S
2021-06-04T13:59:38,100.0,7.42,S
2021-06-04T13:59:38,200.0,7.42,S
2021-06-04T13:59:38,700.0,7.42,S
2021-06-04T13:59:38,2300.0,7.43,S
2021-06-04T13:59:38,800.0,7.44,S
2021-06-04T13:59:38,900.0,7.44,S
2021-06-04T13:59:33,200.0,7.45,S
2021-06-04T13:59:25,500.0,7.45,S
2021-06-04T13:59:20,20000.0,7.45,S
2021-06-04T13:59:20,600.0,7.45,S
2021-06-04T13:59:20,400.0,7.45,S
2021-06-04T13:59:20,10200.0,7.45,S
2021-06-04T13:59:20,53200.0,7.45,S
2021-06-04T13:59:20,100.0,7.45,S
2021-06-04T13:59:20,8200.0,7.45,S
2021-06-04T13:59:20,300.0,7.45,S
2021-06-04T13:59:20,40200.0,7.45,S
2021-06-04T13:59:17,200.0,7.46,B
2021-06-04T13:59:10,200.0,7.46,B
2021-06-04T13:58:57,100.0,7.46,S
2021-06-04T13:58:55,70800.0,7.45,S
2021-06-04T13:58:55,200.0,7.45,S
2021-06-04T13:58:55,9000.0,7.45,S
2021-06-04T13:58:54,100.0,7.46,S
2021-06-04T13:58:50,12300.0,7.46,S
2021-06-04T13:58:40,300.0,7.47,B
2021-06-04T13:58:18,10000.0,7.46,S
2021-06-04T13:58:17,100.0,7.47,B
2021-06-04T13:58:17,800.0,7.46,S
2021-06-04T13:57:53,8900.0,7.47,B
2021-06-04T13:57:42,300.0,7.47,B
2021-06-04T13:57:42,8400.0,7.47,B
2021-06-04T13:57:39,2000.0,7.47,B
2021-06-04T13:57:35,8400.0,7.46,S
2021-06-04T13:57:34,11000.0,7.46,S
2021-06-04T13:57:32,500.0,7.46,S
2021-06-04T13:57:28,100.0,7.46,S
2021-06-04T13:57:21,1900.0,7.46,S
2021-06-04T13:57:20,1600.0,7.46,S
2021-06-04T13:57:20,200.0,7.46,S
2021-06-04T13:57:20,5300.0,7.46,S
2021-06-04T13:57:20,400.0,7.46,S
2021-06-04T13:57:20,1400.0,7.46,S
2021-06-04T13:57:20,2400.0,7.46,S
2021-06-04T13:57:20,200.0,7.46,S
2021-06-04T13:57:19,2200.0,7.46,S
2021-06-04T13:57:03,300.0,7.46,S
2021-06-04T13:56:59,9600.0,7.47,B
2021-06-04T13:56:47,400.0,7.47,B
2021-06-04T13:56:47,3000.0,7.47,B
2021-06-04T13:56:41,400.0,7.46,S
2021-06-04T13:56:41,600.0,7.46,S
2021-06-04T13:56:18,2600.0,7.46,S
2021-06-04T13:56:18,3400.0,7.46,S
2021-06-04T13:56:18,2600.0,7.46,S
2021-06-04T13:56:18,11400.0,7.46,S
2021-06-04T13:55:40,600.0,7.47,S
2021-06-04T13:55:18,1400.0,7.47,S
2021-06-04T13:55:17,2000.0,7.47,S
2021-06-04T13:54:59,2000.0,7.47,S
2021-06-04T13:54:45,7000.0,7.46,S
2021-06-04T13:54:45,8100.0,7.47,S
2021-06-04T13:54:45,100.0,7.47,S
2021-06-04T13:54:45,600.0,7.47,S
2021-06-04T13:54:45,1400.0,7.47,S
2021-06-04T13:54:45,1800.0,7.47,S
2021-06-04T13:54:45,3300.0,7.47,S
2021-06-04T13:54:45,10000.0,7.47,S
2021-06-04T13:54:10,2600.0,7.47,S
2021-06-04T13:54:09,5700.0,7.47,S
2021-06-04T13:53:51,3100.0,7.48,B
2021-06-04T13:53:43,4800.0,7.48,B
2021-06-04T13:53:33,11100.0,7.48,B
2021-06-04T13:53:26,2700.0,7.48,B
2021-06-04T13:53:26,13000.0,7.48,B
2021-06-04T13:53:26,4000.0,7.48,B
2021-06-04T13:53:26,900.0,7.48,B
2021-06-04T13:53:26,100.0,7.48,B
2021-06-04T13:53:26,61200.0,7.48,B
2021-06-04T13:53:15,100.0,7.47,S
2021-06-04T13:53:11,3100.0,7.48,B
2021-06-04T13:53:07,500.0,7.47,S
2021-06-04T13:52:42,500.0,7.47,S
2021-06-04T13:52:40,5800.0,7.48,B
2021-06-04T13:52:34,5000.0,7.48,B
2021-06-04T13:52:33,200.0,7.47,S
2021-06-04T13:52:33,99800.0,7.47,S
2021-06-04T13:52:18,800.0,7.47,S
2021-06-04T13:52:18,200.0,7.47,S
2021-06-04T13:52:17,15000.0,7.48,B
2021-06-04T13:52:17,1000.0,7.47,S
2021-06-04T13:51:58,300.0,7.48,B
2021-06-04T13:51:52,100.0,7.48,B
2021-06-04T13:51:50,5000.0,7.48,B
2021-06-04T13:51:40,200.0,7.48,B
2021-06-04T13:51:17,2800.0,7.48,B
2021-06-04T13:51:17,3200.0,7.48,B
2021-06-04T13:51:10,1500.0,7.48,B
2021-06-04T13:50:48,4000.0,7.48,B
2021-06-04T13:50:39,100.0,7.48,B
2021-06-04T13:49:56,10000.0,7.48,B
2021-06-04T13:49:56,100.0,7.48,B
2021-06-04T13:49:45,2000.0,7.48,B
2021-06-04T13:49:43,100.0,7.48,B
2021-06-04T13:49:42,200.0,7.48,B
2021-06-04T13:49:41,300.0,7.48,B
2021-06-04T13:49:41,300.0,7.47,S
2021-06-04T13:49:40,300.0,7.48,B
2021-06-04T13:49:39,3000.0,7.48,B
2021-06-04T13:49:37,700.0,7.48,B
2021-06-04T13:49:33,1000.0,7.48,B
2021-06-04T13:49:32,200.0,7.48,B
2021-06-04T13:49:32,600.0,7.48,B
2021-06-04T13:48:54,600.0,7.48,B
2021-06-04T13:48:33,100.0,7.48,B
2021-06-04T13:48:27,100.0,7.48,B
2021-06-04T13:48:16,500.0,7.48,S
2021-06-04T13:48:15,200.0,7.48,S
2021-06-04T13:48:15,1200.0,7.48,S
2021-06-04T13:48:15,5300.0,7.48,S
2021-06-04T13:48:08,1500.0,7.49,B
2021-06-04T13:47:49,4000.0,7.48,S
2021-06-04T13:47:36,6000.0,7.49,B
2021-06-04T13:47:18,8000.0,7.49,B
2021-06-04T13:47:01,6000.0,7.48,S
2021-06-04T13:46:33,1000.0,7.48,S
2021-06-04T13:46:29,1000.0,7.49,B
2021-06-04T13:45:59,1000.0,7.48,S
2021-06-04T13:45:57,1000.0,7.49,B
2021-06-04T13:45:50,7700.0,7.48,S
2021-06-04T13:45:50,4300.0,7.48,S
2021-06-04T13:45:50,1200.0,7.48,S
2021-06-04T13:45:50,400.0,7.48,S
2021-06-04T13:45:50,16400.0,7.48,S
2021-06-04T13:45:49,100.0,7.48,S
2021-06-04T13:45:44,1000.0,7.48,S
2021-06-04T13:45:40,4000.0,7.49,B
2021-06-04T13:45:24,2000.0,7.49,B
2021-06-04T13:45:18,3000.0,7.48,S
2021-06-04T13:44:54,100.0,7.49,S
2021-06-04T13:44:54,300.0,7.49,S
2021-06-04T13:44:54,4400.0,7.49,S
2021-06-04T13:44:36,10000.0,7.5,B
2021-06-04T13:44:26,1200.0,7.49,S
2021-06-04T13:44:25,20000.0,7.5,B
2021-06-04T13:44:24,3000.0,7.49,S
2021-06-04T13:44:22,1000.0,7.49,S
2021-06-04T13:44:07,100.0,7.49,S
2021-06-04T13:43:53,2000.0,7.49,S
2021-06-04T13:43:47,1000.0,7.5,B
2021-06-04T13:43:45,2500.0,7.49,S
2021-06-04T13:43:39,5600.0,7.5,B
2021-06-04T13:43:38,6800.0,7.5,B
2021-06-04T13:43:31,8400.0,7.49,S
2021-06-04T13:43:19,18300.0,7.49,S
2021-06-04T13:43:10,2000.0,7.5,B
2021-06-04T13:43:09,1900.0,7.49,S
2021-06-04T13:43:04,20000.0,7.5,B
2021-06-04T13:43:02,5000.0,7.49,S
2021-06-04T13:42:54,3000.0,7.49,S
2021-06-04T13:42:54,3000.0,7.49,S
2021-06-04T13:42:54,2900.0,7.49,S
2021-06-04T13:42:52,2000.0,7.5,B
2021-06-04T13:42:49,500.0,7.5,B
2021-06-04T13:42:40,400.0,7.49,S
2021-06-04T13:42:35,1000.0,7.5,B
2021-06-04T13:42:31,78700.0,7.49,S
2021-06-04T13:42:31,41300.0,7.49,S
2021-06-04T13:42:28,1000.0,7.49,S
2021-06-04T13:42:27,1500.0,7.49,S
2021-06-04T13:42:23,3000.0,7.5,B
2021-06-04T13:42:12,1400.0,7.49,S
2021-06-04T13:42:02,5000.0,7.5,B
2021-06-04T13:42:01,800.0,7.5,B
2021-06-04T13:41:58,5000.0,7.49,S
2021-06-04T13:41:55,500.0,7.49,S
2021-06-04T13:41:49,6000.0,7.49,S
2021-06-04T13:40:45,1000.0,7.49,S
2021-06-04T13:40:36,6300.0,7.5,B
2021-06-04T13:40:35,1500.0,7.5,B
2021-06-04T13:40:31,100.0,7.5,B
2021-06-04T13:40:28,10000.0,7.5,B
2021-06-04T13:40:08,800.0,7.49,S
2021-06-04T13:40:03,2000.0,7.5,B
2021-06-04T13:39:27,4800.0,7.49,S
2021-06-04T13:39:27,400.0,7.49,S
2021-06-04T13:39:12,1500.0,7.5,B
2021-06-04T13:39:10,8300.0,7.5,B
2021-06-04T13:39:08,5000.0,7.5,B
2021-06-04T13:39:05,200.0,7.5,B
2021-06-04T13:39:04,2000.0,7.5,B
2021-06-04T13:38:56,1000.0,7.49,S
2021-06-04T13:38:44,1000.0,7.5,B
2021-06-04T13:38:44,500.0,7.49,S
2021-06-04T13:38:36,4000.0,7.49,B
2021-06-04T13:38:34,15000.0,7.49,B
2021-06-04T13:38:25,5500.0,7.49,B
2021-06-04T13:38:19,20000.0,7.49,B
2021-06-04T13:38:13,1000.0,7.48,S
2021-06-04T13:38:10,4000.0,7.49,B
2021-06-04T13:38:02,3000.0,7.49,B
2021-06-04T13:37:51,10000.0,7.49,B
2021-06-04T13:37:32,200.0,7.49,B
2021-06-04T13:37:25,500.0,7.48,B
2021-06-04T13:37:13,100.0,7.49,B
2021-06-04T13:37:03,1000.0,7.49,B
2021-06-04T13:36:52,300.0,7.48,B
2021-06-04T13:36:50,400.0,7.49,B
2021-06-04T13:36:38,3000.0,7.49,B
2021-06-04T13:36:33,2000.0,7.48,B
2021-06-04T13:36:33,3400.0,7.48,B
2021-06-04T13:36:33,26600.0,7.48,B
2021-06-04T13:36:26,5000.0,7.48,B
2021-06-04T13:36:18,500.0,7.47,B
2021-06-04T13:36:14,5000.0,7.47,B
2021-06-04T13:36:14,100.0,7.47,B
2021-06-04T13:36:14,14900.0,7.47,B
2021-06-04T13:36:08,10000.0,7.48,B
2021-06-04T13:35:54,200.0,7.48,B
2021-06-04T13:35:50,3700.0,7.48,B
2021-06-04T13:35:44,500.0,7.47,B
2021-06-04T13:35:35,1000.0,7.48,B
2021-06-04T13:35:31,1000.0,7.47,B
2021-06-04T13:35:29,400.0,7.47,B
2021-06-04T13:35:26,300.0,7.47,B
2021-06-04T13:35:18,100.0,7.48,B
2021-06-04T13:35:13,2000.0,7.47,B
2021-06-04T13:34:52,400.0,7.48,B
2021-06-04T13:34:45,1500.0,7.47,B
2021-06-04T13:34:40,4500.0,7.47,B
2021-06-04T13:34:25,1000.0,7.48,B
2021-06-04T13:34:23,2700.0,7.47,B
2021-06-04T13:34:02,500.0,7.47,B
2021-06-04T13:34:01,3000.0,7.47,B
2021-06-04T13:33:53,500.0,7.47,B
2021-06-04T13:33:48,4000.0,7.47,B
2021-06-04T13:33:47,5000.0,7.47,B
2021-06-04T13:33:47,2000.0,7.47,B
2021-06-04T13:33:45,100.0,7.47,B
2021-06-04T13:33:18,100.0,7.46,S
2021-06-04T13:33:15,500.0,7.47,S
2021-06-04T13:33:06,1200.0,7.46,S
2021-06-04T13:33:06,100.0,7.47,S
2021-06-04T13:32:59,11700.0,7.47,S
2021-06-04T13:32:59,1000.0,7.49,B
2021-06-04T13:32:59,1200.0,7.49,B
2021-06-04T13:32:59,7800.0,7.49,B
2021-06-04T13:32:57,2000.0,7.49,B
2021-06-04T13:32:57,900.0,7.46,S
2021-06-04T13:32:57,2800.0,7.46,S
2021-06-04T13:32:57,300.0,7.48,B
2021-06-04T13:32:50,30000.0,7.46,S
2021-06-04T13:32:46,4000.0,7.49,B
2021-06-04T13:32:46,3000.0,7.49,B
2021-06-04T13:32:21,500.0,7.49,B
2021-06-04T13:32:17,10000.0,7.46,S
2021-06-04T13:32:08,6400.0,7.49,B
2021-06-04T13:32:07,500.0,7.48,B
2021-06-04T13:32:05,3000.0,7.46,S
2021-06-04T13:32:02,100.0,7.46,B
2021-06-04T13:31:58,5200.0,7.45,S
2021-06-04T13:31:55,600.0,7.45,S
2021-06-04T13:31:51,1000.0,7.45,S
2021-06-04T13:31:51,20000.0,7.45,S
2021-06-04T13:31:49,4000.0,7.45,S
2021-06-04T13:31:48,3700.0,7.41,S
2021-06-04T13:31:45,1000.0,7.45,S
2021-06-04T13:31:45,2000.0,7.45,S
2021-06-04T13:31:43,100.0,7.45,S
2021-06-04T13:31:42,2000.0,7.43,S
2021-06-04T13:31:32,800.0,7.45,S
2021-06-04T13:31:32,15800.0,7.45,S
2021-06-04T13:31:31,600.0,7.45,S
2021-06-04T13:31:30,1000.0,7.48,B
2021-06-04T13:31:27,10000.0,7.46,B
2021-06-04T13:31:26,1000.0,7.46,B
2021-06-04T13:31:25,100.0,7.46,B
2021-06-04T13:31:22,20000.0,7.46,B
2021-06-04T13:31:20,500.0,7.46,B
2021-06-04T13:31:14,500.0,7.45,S
2021-06-04T13:31:14,100.0,7.46,B
2021-06-04T13:31:08,10000.0,7.46,B
2021-06-04T13:31:05,3700.0,7.46,B
2021-06-04T13:31:00,9500.0,7.46,B
2021-06-04T13:31:00,6500.0,7.46,B
2021-06-04T13:30:46,300.0,7.46,B
2021-06-04T13:30:41,100.0,7.46,B
2021-06-04T13:30:41,300.0,7.46,B
2021-06-04T13:30:22,100.0,7.46,B
2021-06-04T13:30:16,3500.0,7.46,B
2021-06-04T13:30:03,500.0,7.46,B
2021-06-04T13:30:00,200.0,7.46,B
2021-06-04T13:29:53,50000.0,7.45,S
2021-06-04T13:29:00,200.0,7.45,B
2021-06-04T13:28:52,100.0,7.45,B
2021-06-04T13:28:35,2000.0,7.4,B
2021-06-04T13:28:32,500.0,7.4,B
2021-06-04T13:28:30,7500.0,7.4,B
2021-06-04T13:28:29,200.0,7.4,B
2021-06-04T13:28:23,25900.0,7.46,B
2021-06-04T13:28:23,2700.0,7.45,B
2021-06-04T13:28:21,4000.0,7.45,B
2021-06-04T13:28:21,67400.0,7.45,B
2021-06-04T13:28:21,1000.0,7.4,B
2021-06-04T13:28:21,7500.0,7.4,B
2021-06-04T13:28:21,2200.0,7.4,B
2021-06-04T13:28:21,300.0,7.4,B
2021-06-04T13:28:20,4900.0,7.39,S
2021-06-04T13:28:20,5000.0,7.39,S
2021-06-04T13:28:20,100.0,7.39,S
2021-06-04T13:28:19,3000.0,7.4,B
2021-06-04T13:28:17,13000.0,7.4,B
2021-06-04T13:28:14,5000.0,7.4,B
2021-06-04T13:28:13,500.0,7.4,B
2021-06-04T13:28:13,300.0,7.4,B
2021-06-04T13:28:12,2000.0,7.4,B
2021-06-04T13:28:10,5000.0,7.4,B
2021-06-04T13:28:08,12800.0,7.4,B
2021-06-04T13:28:08,8200.0,7.4,B
2021-06-04T13:28:06,10000.0,7.4,B
2021-06-04T13:28:05,2000.0,7.4,B
2021-06-04T13:28:05,10000.0,7.4,B
2021-06-04T13:28:04,1800.0,7.4,B
2021-06-04T13:27:58,100.0,7.4,B
2021-06-04T13:27:57,3000.0,7.4,B
2021-06-04T13:27:56,50000.0,7.4,B
2021-06-04T13:27:56,2400.0,7.4,B
2021-06-04T13:27:56,200.0,7.4,B
2021-06-04T13:27:55,7400.0,7.4,B
2021-06-04T13:27:55,3300.0,7.4,B
2021-06-04T13:27:54,700.0,7.4,B
2021-06-04T13:27:54,2000.0,7.4,B
2021-06-04T13:27:53,12300.0,7.4,B
2021-06-04T13:27:50,300.0,7.4,B
2021-06-04T13:27:47,5000.0,7.4,B
2021-06-04T13:27:44,1000.0,7.4,B
2021-06-04T13:27:43,100.0,7.4,B
2021-06-04T13:27:39,200.0,7.4,B
2021-06-04T13:27:36,10000.0,7.4,B
2021-06-04T13:27:32,1000.0,7.4,B
2021-06-04T13:27:27,100.0,7.4,B
2021-06-04T13:27:21,1000.0,7.4,B
2021-06-04T13:27:17,2500.0,7.4,B
2021-06-04T13:27:13,1400.0,7.38,S
2021-06-04T13:27:13,600.0,7.38,S
2021-06-04T13:27:07,200.0,7.4,B
2021-06-04T13:27:06,100.0,7.39,S
2021-06-04T13:26:48,600.0,7.4,B
2021-06-04T13:26:48,64300.0,7.4,B
2021-06-04T13:26:48,100.0,7.4,B
2021-06-04T13:26:48,10500.0,7.4,B
2021-06-04T13:26:47,4000.0,7.4,B
2021-06-04T13:26:47,20500.0,7.4,B
2021-06-04T13:26:46,20000.0,7.4,B
2021-06-04T13:26:36,3400.0,7.4,B
2021-06-04T13:26:36,200.0,7.4,B
2021-06-04T13:26:35,30000.0,7.4,B
2021-06-04T13:26:29,200.0,7.39,S
2021-06-04T13:26:28,2000.0,7.39,S
2021-06-04T13:26:25,100.0,7.39,S
2021-06-04T13:26:23,100.0,7.39,S
2021-06-04T13:26:17,8100.0,7.39,S
2021-06-04T13:26:12,300.0,7.4,B
2021-06-04T13:26:11,2900.0,7.4,B
2021-06-04T13:26:10,5000.0,7.4,B
2021-06-04T13:26:00,100.0,7.4,B
2021-06-04T13:25:57,5000.0,7.4,B
2021-06-04T13:25:55,100.0,7.4,B
2021-06-04T13:25:54,4700.0,7.4,B
2021-06-04T13:25:53,1000.0,7.4,B
2021-06-04T13:25:48,100.0,7.4,B
2021-06-04T13:25:30,1000.0,7.4,B
2021-06-04T13:25:29,5000.0,7.4,B
2021-06-04T13:25:28,5000.0,7.4,B
2021-06-04T13:25:26,2000.0,7.4,B
2021-06-04T13:25:24,100.0,7.4,B
2021-06-04T13:25:14,5000.0,7.4,B
2021-06-04T13:25:13,4000.0,7.4,B
2021-06-04T13:25:03,38900.0,7.4,B
2021-06-04T13:25:02,3000.0,7.4,B
2021-06-04T13:24:59,1000.0,7.4,B
2021-06-04T13:24:58,50000.0,7.4,B
2021-06-04T13:24:44,200.0,7.39,S
2021-06-04T13:24:38,1800.0,7.39,S
2021-06-04T13:24:36,200.0,7.39,S
2021-06-04T13:24:29,5000.0,7.4,B
2021-06-04T13:24:28,1800.0,7.4,B
2021-06-04T13:24:26,20000.0,7.4,B
2021-06-04T13:24:26,100.0,7.4,B
2021-06-04T13:24:06,30000.0,7.4,B
2021-06-04T13:23:55,2200.0,7.4,B
2021-06-04T13:23:31,100.0,7.39,S
2021-06-04T13:23:27,18000.0,7.4,B
2021-06-04T13:23:24,2000.0,7.37,S
2021-06-04T13:23:24,2000.0,7.4,B
2021-06-04T13:22:56,100.0,7.4,B
2021-06-04T13:22:55,100.0,7.4,B
2021-06-04T13:22:27,3000.0,7.4,B
2021-06-04T13:22:22,1000.0,7.4,B
2021-06-04T13:22:13,1000.0,7.39,S
2021-06-04T13:22:02,7800.0,7.4,B
2021-06-04T13:22:00,1000.0,7.37,S
2021-06-04T13:21:51,100.0,7.4,B
2021-06-04T13:21:47,2000.0,7.37,S
2021-06-04T13:21:39,1000.0,7.37,S
2021-06-04T13:21:37,3200.0,7.35,S
2021-06-04T13:21:37,2200.0,7.36,S
2021-06-04T13:21:16,50000.0,7.4,B
2021-06-04T13:21:05,20000.0,7.39,S
2021-06-04T13:20:25,2300.0,7.35,S
2021-06-04T13:20:25,10000.0,7.39,S
2021-06-04T13:20:24,2000.0,7.37,S
2021-06-04T13:20:09,100.0,7.4,B
2021-06-04T13:20:05,300.0,7.4,B
2021-06-04T13:19:55,3200.0,7.35,S
2021-06-04T13:19:55,2200.0,7.37,S
2021-06-04T13:19:45,600.0,7.4,B
2021-06-04T13:19:33,100.0,7.35,S
2021-06-04T13:19:32,200.0,7.35,S
2021-06-04T13:19:29,4700.0,7.35,S
2021-06-04T13:19:23,1700.0,7.35,S
2021-06-04T13:19:20,3000.0,7.36,S
2021-06-04T13:19:11,5400.0,7.4,B
2021-06-04T13:19:07,200.0,7.4,B
2021-06-04T13:18:58,40300.0,7.4,B
2021-06-04T13:18:56,2500.0,7.35,S
2021-06-04T13:18:54,2000.0,7.35,S
2021-06-04T13:18:52,600.0,7.35,S
2021-06-04T13:18:49,500.0,7.35,S
2021-06-04T13:18:47,5000.0,7.35,S
2021-06-04T13:18:38,1000.0,7.35,S
2021-06-04T13:18:37,2600.0,7.35,S
2021-06-04T13:18:33,2000.0,7.35,S
2021-06-04T13:18:30,3000.0,7.35,S
2021-06-04T13:18:29,500.0,7.35,S
2021-06-04T13:18:25,300.0,7.35,S
2021-06-04T13:18:24,2000.0,7.35,S
2021-06-04T13:18:23,400.0,7.35,S
2021-06-04T13:18:22,5000.0,7.35,S
2021-06-04T13:18:21,1000.0,7.35,S
2021-06-04T13:18:16,300.0,7.35,S
2021-06-04T13:18:13,2400.0,7.35,S
2021-06-04T13:18:13,1200.0,7.35,S
2021-06-04T13:18:13,23100.0,7.35,S
2021-06-04T13:18:13,500.0,7.35,S
2021-06-04T13:18:13,5100.0,7.35,S
2021-06-04T13:18:13,5100.0,7.35,S
2021-06-04T13:18:11,4100.0,7.35,S
2021-06-04T13:18:11,1000.0,7.35,S
2021-06-04T13:18:11,2100.0,7.35,S
2021-06-04T13:18:11,7200.0,7.35,S
2021-06-04T13:18:11,4400.0,7.35,S
2021-06-04T13:18:11,8600.0,7.36,S
2021-06-04T13:18:10,300.0,7.36,S
2021-06-04T13:18:09,3700.0,7.4,B
2021-06-04T13:18:06,20000.0,7.4,B
2021-06-04T13:18:04,5000.0,7.36,S
2021-06-04T13:18:04,5000.0,7.36,S
2021-06-04T13:18:03,7000.0,7.4,B
2021-06-04T13:18:02,1000.0,7.37,S
2021-06-04T13:17:50,100.0,7.39,S
2021-06-04T13:17:40,1400.0,7.4,B
2021-06-04T13:17:39,30000.0,7.4,B
2021-06-04T13:17:37,13300.0,7.36,S
2021-06-04T13:17:36,4000.0,7.4,B
2021-06-04T13:17:33,1500.0,7.37,S
2021-06-04T13:17:31,3000.0,7.37,S
2021-06-04T13:17:26,3000.0,7.4,B
2021-06-04T13:17:22,2800.0,7.4,B
2021-06-04T13:17:20,5000.0,7.4,B
2021-06-04T13:17:18,500.0,7.4,B
2021-06-04T13:17:10,400.0,7.37,S
2021-06-04T13:17:10,100.0,7.4,B
2021-06-04T13:17:10,400.0,7.4,B
2021-06-04T13:17:02,6200.0,7.35,S
2021-06-04T13:17:00,1000.0,7.39,S
2021-06-04T13:16:49,27500.0,7.35,S
2021-06-04T13:16:49,3000.0,7.36,S
2021-06-04T13:16:49,2600.0,7.36,S
2021-06-04T13:16:48,11900.0,7.36,S
2021-06-04T13:16:46,3600.0,7.36,S
2021-06-04T13:16:45,1000.0,7.36,S
2021-06-04T13:16:45,200.0,7.39,S
2021-06-04T13:16:43,17000.0,7.36,S
2021-06-04T13:16:25,1500.0,7.4,B
2021-06-04T13:16:25,5000.0,7.4,B
2021-06-04T13:16:17,5000.0,7.39,S
2021-06-04T13:16:14,500.0,7.4,B
2021-06-04T13:16:07,300.0,7.4,B
2021-06-04T13:15:37,100.0,7.4,B
2021-06-04T13:15:28,200.0,7.4,B
2021-06-04T13:15:19,20000.0,7.36,S
2021-06-04T13:15:17,100000.0,7.4,B
2021-06-04T13:15:16,100.0,7.4,B
2021-06-04T13:15:14,4700.0,7.4,B
2021-06-04T13:15:03,200.0,7.4,B
2021-06-04T13:15:01,100.0,7.4,B
2021-06-04T13:14:51,100000.0,7.4,B
2021-06-04T13:14:41,100.0,7.4,B
2021-06-04T13:14:36,5100.0,7.4,B
2021-06-04T13:14:34,500.0,7.4,B
2021-06-04T13:14:30,2000.0,7.36,S
2021-06-04T13:14:25,500.0,7.4,B
2021-06-04T13:14:23,200.0,7.4,B
2021-06-04T13:14:23,500.0,7.4,B
2021-06-04T13:14:16,2600.0,7.35,S
2021-06-04T13:14:16,17400.0,7.35,S
2021-06-04T13:14:05,200.0,7.4,B
2021-06-04T13:14:05,500.0,7.4,B
2021-06-04T13:13:56,5000.0,7.4,B
2021-06-04T13:13:56,500.0,7.4,B
2021-06-04T13:13:53,200.0,7.4,B
2021-06-04T13:13:41,8000.0,7.4,B
2021-06-04T13:13:40,800.0,7.4,B
2021-06-04T13:13:35,500.0,7.4,B
2021-06-04T13:13:32,4400.0,7.4,B
2021-06-04T13:13:30,500.0,7.4,B
2021-06-04T13:13:29,200.0,7.4,B
2021-06-04T13:13:21,2000.0,7.4,B
2021-06-04T13:13:20,5000.0,7.4,B
2021-06-04T13:13:17,600.0,7.35,S
2021-06-04T13:13:14,14000.0,7.4,B
2021-06-04T13:13:13,2000.0,7.4,B
2021-06-04T13:13:10,100.0,7.4,B
2021-06-04T13:13:10,1200.0,7.35,S
2021-06-04T13:13:10,800.0,7.35,S
2021-06-04T13:13:09,200.0,7.4,B
2021-06-04T13:13:06,5000.0,7.4,B
2021-06-04T13:13:04,500.0,7.4,B
2021-06-04T13:13:02,100.0,7.4,S
2021-06-04T13:12:58,1000.0,7.4,S
2021-06-04T13:12:58,1000.0,7.4,S
2021-06-04T13:12:58,200.0,7.4,S
2021-06-04T13:12:57,1000.0,7.4,S
2021-06-04T13:12:57,100.0,7.4,S
2021-06-04T13:12:56,200.0,7.35,S
2021-06-04T13:12:56,800.0,7.35,S
2021-06-04T13:12:49,1200.0,7.4,S
2021-06-04T13:12:48,2000.0,7.4,S
2021-06-04T13:12:48,100.0,7.4,S
2021-06-04T13:12:45,200.0,7.35,S
2021-06-04T13:12:31,200.0,7.4,S
2021-06-04T13:12:30,5000.0,7.4,S
2021-06-04T13:12:26,200.0,7.4,S
2021-06-04T13:12:14,130000.0,7.4,S
2021-06-04T13:12:07,1000.0,7.4,S
2021-06-04T13:12:00,300.0,7.4,S
2021-06-04T13:11:45,2300.0,7.35,S
2021-06-04T13:11:39,200.0,7.4,S
2021-06-04T13:11:28,100.0,7.4,S
2021-06-04T13:11:19,7200.0,7.4,S
2021-06-04T13:11:19,300.0,7.4,S
2021-06-04T13:11:18,10100.0,7.4,S
2021-06-04T13:11:18,300.0,7.4,S
2021-06-04T13:11:18,600.0,7.4,S
2021-06-04T13:11:18,3000.0,7.4,S
2021-06-04T13:11:18,3400.0,7.4,S
2021-06-04T13:11:18,3000.0,7.4,S
2021-06-04T13:11:18,3500.0,7.4,S
2021-06-04T13:11:18,14900.0,7.4,S
2021-06-04T13:11:18,3100.0,7.4,S
2021-06-04T13:11:18,700.0,7.4,S
2021-06-04T13:11:18,1300.0,7.4,S
2021-06-04T13:11:18,400.0,7.4,S
2021-06-04T13:11:18,700.0,7.4,S
2021-06-04T13:11:18,2700.0,7.4,S
2021-06-04T13:11:18,900.0,7.4,S
2021-06-04T13:11:18,2500.0,7.4,S
2021-06-04T13:11:18,1800.0,7.4,S
2021-06-04T13:11:18,27500.0,7.4,S
2021-06-04T13:11:18,1200.0,7.41,S
2021-06-04T13:11:17,33200.0,7.41,S
2021-06-04T13:11:16,5000.0,7.45,S
2021-06-04T13:11:12,5000.0,7.45,S
2021-06-04T13:11:11,100.0,7.45,S
2021-06-04T13:10:56,100.0,7.45,S
2021-06-04T13:10:53,2000.0,7.45,S
2021-06-04T13:10:50,5000.0,7.45,S
2021-06-04T13:10:42,2800.0,7.45,S
2021-06-04T13:10:33,900.0,7.46,S
2021-06-04T13:10:26,1000.0,7.45,S
2021-06-04T13:10:14,2600.0,7.46,S
2021-06-04T13:10:11,20000.0,7.42,S
2021-06-04T13:09:53,200.0,7.46,S
2021-06-04T13:09:53,500.0,7.45,S
2021-06-04T13:09:48,1400.0,7.42,S
2021-06-04T13:09:46,100000.0,7.42,S
2021-06-04T13:09:35,2000.0,7.46,S
2021-06-04T13:09:31,800.0,7.44,S
2021-06-04T13:09:31,5200.0,7.45,S
2021-06-04T13:09:11,300.0,7.46,S
2021-06-04T13:09:06,2100.0,7.46,S
2021-06-04T13:09:00,400.0,7.46,S
2021-06-04T13:08:53,1000.0,7.46,S
2021-06-04T13:08:50,5000.0,7.46,S
2021-06-04T13:08:33,100.0,7.46,S
2021-06-04T13:08:28,5000.0,7.46,S
2021-06-04T13:08:18,200.0,7.46,S
2021-06-04T13:08:12,8000.0,7.46,S
2021-06-04T13:08:07,900.0,7.46,S
2021-06-04T13:08:04,4500.0,7.46,S
2021-06-04T13:07:52,400.0,7.45,S
2021-06-04T13:07:52,1000.0,7.46,S
2021-06-04T13:07:49,600.0,7.45,S
2021-06-04T13:07:48,1000.0,7.46,S
2021-06-04T13:07:46,1100.0,7.46,S
2021-06-04T13:07:30,30000.0,7.46,S
2021-06-04T13:07:26,1900.0,7.45,S
2021-06-04T13:07:26,1100.0,7.45,S
2021-06-04T13:07:26,1500.0,7.45,S
2021-06-04T13:07:26,1300.0,7.45,S
2021-06-04T13:07:26,5500.0,7.45,S
2021-06-04T13:07:26,4700.0,7.45,S
2021-06-04T13:07:24,1000.0,7.46,S
2021-06-04T13:07:22,5000.0,7.46,S
2021-06-04T13:07:20,200.0,7.46,S
2021-06-04T13:07:18,2000.0,7.46,S
2021-06-04T13:07:14,3600.0,7.45,S
2021-06-04T13:06:46,2000.0,7.46,S
2021-06-04T13:06:34,3000.0,7.46,S
2021-06-04T13:06:28,5500.0,7.45,S
2021-06-04T13:06:19,600.0,7.5,B
2021-06-04T13:06:13,1000.0,7.45,S
2021-06-04T13:06:13,1000.0,7.45,S
2021-06-04T13:06:13,1000.0,7.45,S
2021-06-04T13:06:12,2100.0,7.45,S
2021-06-04T13:06:11,100.0,7.5,B
2021-06-04T13:06:02,400.0,7.5,B
2021-06-04T13:06:01,4000.0,7.5,B
2021-06-04T13:05:36,3900.0,7.45,S
2021-06-04T13:05:16,5000.0,7.5,S
2021-06-04T13:05:08,2000.0,7.5,S
2021-06-04T13:05:05,2300.0,7.5,S
2021-06-04T13:04:55,400.0,7.49,S
2021-06-04T13:04:55,100.0,7.49,S
2021-06-04T13:04:26,200.0,7.5,S
2021-06-04T13:04:16,200.0,7.5,S
2021-06-04T13:04:15,4700.0,7.5,S
2021-06-04T13:04:15,15400.0,7.5,S
2021-06-04T13:04:07,500.0,7.5,S
2021-06-04T13:04:02,500.0,7.5,S
2021-06-04T13:04:00,100.0,7.5,S
2021-06-04T13:03:55,700.0,7.46,S
2021-06-04T13:03:55,5500.0,7.47,S
2021-06-04T13:03:55,600.0,7.48,S
2021-06-04T13:03:55,1500.0,7.48,S
2021-06-04T13:03:53,1400.0,7.5,S
2021-06-04T13:03:49,10000.0,7.5,S
2021-06-04T13:03:48,200.0,7.5,S
2021-06-04T13:03:48,100.0,7.5,S
2021-06-04T13:03:45,4700.0,7.5,S
2021-06-04T13:03:33,2500.0,7.5,S
2021-06-04T13:03:31,2500.0,7.5,S
2021-06-04T13:03:26,500.0,7.5,S
2021-06-04T13:03:16,200.0,7.5,S
2021-06-04T13:03:13,100.0,7.5,S
2021-06-04T13:03:08,1100.0,7.5,S
2021-06-04T13:03:01,1000.0,7.5,S
2021-06-04T13:02:59,200.0,7.5,S
2021-06-04T13:02:54,200.0,7.5,S
2021-06-04T13:02:53,2000.0,7.5,S
2021-06-04T13:02:45,1000.0,7.5,S
2021-06-04T13:02:43,500.0,7.5,S
2021-06-04T13:02:29,700.0,7.5,S
2021-06-04T13:02:23,200.0,7.5,S
2021-06-04T13:02:14,8300.0,7.5,S
2021-06-04T13:02:12,100.0,7.5,S
2021-06-04T13:01:38,3000.0,7.5,S
2021-06-04T13:01:23,3700.0,7.48,S
2021-06-04T13:01:23,4100.0,7.48,S
2021-06-04T13:01:23,1700.0,7.48,S
2021-06-04T13:01:22,400.0,7.49,S
2021-06-04T13:01:22,200.0,7.49,S
2021-06-04T13:01:22,1600.0,7.49,S
2021-06-04T13:01:22,14200.0,7.49,S
2021-06-04T13:01:22,4100.0,7.49,S
2021-06-04T13:01:22,3100.0,7.49,S
2021-06-04T13:01:22,2000.0,7.49,S
2021-06-04T13:01:22,4100.0,7.49,S
2021-06-04T13:00:55,200.0,7.5,S
2021-06-04T13:00:54,100.0,7.5,S
2021-06-04T13:00:54,100.0,7.5,S
2021-06-04T13:00:54,400.0,7.5,S
2021-06-04T13:00:53,100.0,7.5,S
2021-06-04T13:00:26,200.0,7.5,S
2021-06-04T13:00:24,2000.0,7.5,S
2021-06-04T13:00:20,100.0,7.5,S
2021-06-04T13:00:16,1300.0,7.5,S
2021-06-04T13:00:16,200.0,7.5,S
2021-06-04T13:00:16,100.0,7.5,S
2021-06-04T13:00:16,700.0,7.5,S
2021-06-04T13:00:16,1400.0,7.5,S
2021-06-04T13:00:16,3500.0,7.5,S
2021-06-04T13:00:16,100300.0,7.5,S
2021-06-04T13:00:16,1200.0,7.5,S
2021-06-04T13:00:16,12100.0,7.5,S
2021-06-04T13:00:16,400.0,7.5,S
2021-06-04T13:00:16,1300.0,7.5,S
2021-06-04T13:00:16,10200.0,7.5,S
2021-06-04T13:00:16,600.0,7.5,S
2021-06-04T13:00:16,300.0,7.5,S
2021-06-04T13:00:16,1400.0,7.5,S
2021-06-04T13:00:16,1500.0,7.5,S
2021-06-04T13:00:16,700.0,7.5,S
2021-06-04T13:00:16,2000.0,7.5,S
2021-06-04T13:00:16,800.0,7.5,S
2021-06-04T13:00:16,3100.0,7.51,B
2021-06-04T13:00:14,1700.0,7.5,S
2021-06-04T13:00:14,200.0,7.5,S
2021-06-04T13:00:14,300.0,7.5,S
2021-06-04T13:00:14,100.0,7.51,B
2021-06-04T13:00:14,3200.0,7.5,S
2021-06-04T13:00:14,8000.0,7.5,S
2021-06-04T13:00:14,1000.0,7.5,S
2021-06-04T13:00:14,700.0,7.5,S
2021-06-04T13:00:13,1900.0,7.5,S
2021-06-04T13:00:13,3600.0,7.5,S
2021-06-04T13:00:13,25300.0,7.5,S
2021-06-04T13:00:13,7500.0,7.5,S
2021-06-04T13:00:13,6300.0,7.5,S
2021-06-04T13:00:13,1700.0,7.5,S
2021-06-04T13:00:13,500.0,7.5,S
2021-06-04T13:00:13,3200.0,7.5,S
2021-06-04T13:00:13,200.0,7.51,B
2021-06-04T13:00:13,300.0,7.5,S
2021-06-04T13:00:13,2400.0,7.5,S
2021-06-04T13:00:13,3600.0,7.5,S
2021-06-04T13:00:13,3400.0,7.5,S
2021-06-04T13:00:13,1000.0,7.5,S
2021-06-04T11:31:04,14000.0,7.5,S
2021-06-04T11:30:59,1000.0,7.5,S
2021-06-04T11:30:59,5000.0,7.5,S
2021-06-04T11:30:59,50000.0,7.5,S
2021-06-04T11:30:59,4500.0,7.51,B
2021-06-04T11:30:59,1700.0,7.51,B
2021-06-04T11:30:59,11600.0,7.51,B
2021-06-04T11:30:59,2200.0,7.51,B
2021-06-04T11:30:59,300.0,7.5,S
2021-06-04T11:30:54,300.0,7.5,S
2021-06-04T11:30:49,4000.0,7.5,S
2021-06-04T11:30:39,100.0,7.51,B
2021-06-04T11:30:39,2000.0,7.51,B
2021-06-04T11:30:34,5000.0,7.5,S
2021-06-04T11:30:29,1400.0,7.5,S
2021-06-04T11:30:29,1600.0,7.5,S
2021-06-04T11:30:24,3000.0,7.51,B
2021-06-04T11:30:24,3500.0,7.5,S
2021-06-04T11:30:24,2000.0,7.5,S
2021-06-04T11:30:07,500.0,7.5,S
2021-06-04T11:30:07,300.0,7.5,S
2021-06-04T11:30:07,1000.0,7.5,S
2021-06-04T11:30:07,4000.0,7.5,S
2021-06-04T11:30:07,500.0,7.5,S
2021-06-04T11:30:03,2000.0,7.5,S
2021-06-04T11:29:53,400.0,7.51,B
2021-06-04T11:29:53,2000.0,7.5,S
2021-06-04T11:29:41,10000.0,7.5,S
2021-06-04T11:29:40,5000.0,7.51,B
2021-06-04T11:29:38,9000.0,7.5,S
2021-06-04T11:29:38,15000.0,7.5,S
2021-06-04T11:29:36,40700.0,7.5,S
2021-06-04T11:29:33,1000.0,7.5,S
2021-06-04T11:29:27,300.0,7.51,B
2021-06-04T11:29:26,700.0,7.5,S
2021-06-04T11:29:25,6500.0,7.5,S
2021-06-04T11:29:25,8000.0,7.5,S
2021-06-04T11:29:25,3000.0,7.5,S
2021-06-04T11:29:25,6500.0,7.5,S
2021-06-04T11:29:25,13000.0,7.5,S
2021-06-04T11:29:24,13000.0,7.5,S
2021-06-04T11:29:23,200.0,7.51,B
2021-06-04T11:29:23,5000.0,7.5,S
2021-06-04T11:29:20,5000.0,7.5,S
2021-06-04T11:29:17,2000.0,7.5,S
2021-06-04T11:29:16,200.0,7.51,B
2021-06-04T11:29:07,400.0,7.5,S
2021-06-04T11:29:07,2600.0,7.5,S
2021-06-04T11:29:06,4000.0,7.5,S
2021-06-04T11:28:51,5000.0,7.5,S
2021-06-04T11:28:49,1000.0,7.5,S
2021-06-04T11:28:35,600.0,7.52,B
2021-06-04T11:28:35,5800.0,7.52,B
2021-06-04T11:28:35,69300.0,7.52,B
2021-06-04T11:28:35,100.0,7.51,B
2021-06-04T11:28:34,4200.0,7.51,B
2021-06-04T11:28:34,50000.0,7.5,S
2021-06-04T11:28:32,200.0,7.5,S
2021-06-04T11:28:29,4700.0,7.51,B
2021-06-04T11:28:20,2100.0,7.5,S
2021-06-04T11:28:20,4000.0,7.5,S
2021-06-04T11:28:20,58500.0,7.5,S
2021-06-04T11:28:20,56800.0,7.5,S
2021-06-04T11:28:20,3000.0,7.5,S
2021-06-04T11:28:20,100.0,7.5,S
2021-06-04T11:28:19,38300.0,7.5,S
2021-06-04T11:28:19,35200.0,7.5,S
2021-06-04T11:28:19,2000.0,7.5,S
2021-06-04T11:28:17,4500.0,7.5,S
2021-06-04T11:28:17,5000.0,7.5,S
2021-06-04T11:28:17,4000.0,7.5,S
2021-06-04T11:28:17,100.0,7.5,S
2021-06-04T11:28:17,500.0,7.5,S
2021-06-04T11:28:17,600.0,7.5,S
2021-06-04T11:28:17,5300.0,7.5,S
2021-06-04T11:28:16,100.0,7.51,B
2021-06-04T11:28:10,100.0,7.51,B
2021-06-04T11:28:04,500.0,7.5,S
2021-06-04T11:27:55,1200.0,7.5,S
2021-06-04T11:27:48,11300.0,7.51,S
2021-06-04T11:27:41,30300.0,7.51,S
2021-06-04T11:27:36,2600.0,7.51,S
2021-06-04T11:27:35,12000.0,7.51,S
2021-06-04T11:27:35,5000.0,7.51,S
2021-06-04T11:27:31,6200.0,7.51,S
2021-06-04T11:27:29,18000.0,7.51,S
2021-06-04T11:27:16,4900.0,7.51,S
2021-06-04T11:27:02,5000.0,7.51,S
2021-06-04T11:27:00,5000.0,7.51,S
2021-06-04T11:26:59,4800.0,7.51,S
2021-06-04T11:26:59,200.0,7.51,S
2021-06-04T11:26:45,200.0,7.51,S
2021-06-04T11:26:39,19800.0,7.51,S
2021-06-04T11:26:39,200.0,7.51,S
2021-06-04T11:26:39,2800.0,7.52,S
2021-06-04T11:26:28,5400.0,7.51,S
2021-06-04T11:26:14,2500.0,7.51,S
2021-06-04T11:26:11,1000.0,7.52,S
2021-06-04T11:25:58,100.0,7.52,S
2021-06-04T11:25:46,1000.0,7.52,S
2021-06-04T11:25:35,200.0,7.52,S
2021-06-04T11:25:33,300.0,7.52,S
2021-06-04T11:25:18,5000.0,7.51,S
2021-06-04T11:25:16,2000.0,7.52,S
2021-06-04T11:25:16,400.0,7.51,S
2021-06-04T11:25:15,200.0,7.52,S
2021-06-04T11:24:56,8700.0,7.52,S
2021-06-04T11:24:56,2700.0,7.52,S
2021-06-04T11:24:56,1000.0,7.52,S
2021-06-04T11:24:56,9000.0,7.52,S
2021-06-04T11:24:56,100.0,7.52,S
2021-06-04T11:24:56,1000.0,7.52,S
2021-06-04T11:24:56,6500.0,7.52,S
2021-06-04T11:24:56,4400.0,7.52,S
2021-06-04T11:24:56,100.0,7.52,S
2021-06-04T11:24:56,1600.0,7.52,S
2021-06-04T11:24:56,9000.0,7.52,S
2021-06-04T11:24:56,4400.0,7.52,S
2021-06-04T11:24:53,300.0,7.52,S
2021-06-04T11:24:53,2000.0,7.52,S
2021-06-04T11:24:53,2400.0,7.52,S
2021-06-04T11:24:53,2100.0,7.52,S
2021-06-04T11:24:53,1100.0,7.52,S
2021-06-04T11:24:53,1700.0,7.52,S
2021-06-04T11:24:53,1500.0,7.52,S
2021-06-04T11:24:53,3400.0,7.52,S
2021-06-04T11:24:53,600.0,7.52,S
2021-06-04T11:24:53,3200.0,7.52,S
2021-06-04T11:24:53,1700.0,7.52,S
2021-06-04T11:24:41,200.0,7.52,S
2021-06-04T11:24:38,2900.0,7.52,S
2021-06-04T11:24:35,5000.0,7.52,S
2021-06-04T11:24:20,3000.0,7.52,S
2021-06-04T11:24:07,6000.0,7.52,S
2021-06-04T11:23:45,500.0,7.52,S
2021-06-04T11:23:42,2000.0,7.53,S
2021-06-04T11:23:06,500.0,7.52,S
2021-06-04T11:22:44,7400.0,7.52,S
2021-06-04T11:22:24,100.0,7.53,S
2021-06-04T11:22:24,8800.0,7.53,S
2021-06-04T11:22:18,5000.0,7.53,S
2021-06-04T11:22:16,400.0,7.53,S
2021-06-04T11:22:01,3000.0,7.53,S
2021-06-04T11:21:57,5000.0,7.53,S
2021-06-04T11:21:39,7800.0,7.54,B
2021-06-04T11:21:26,8000.0,7.53,S
2021-06-04T11:21:26,1500.0,7.53,S
2021-06-04T11:21:22,30000.0,7.54,B
2021-06-04T11:21:12,200.0,7.54,B
2021-06-04T11:21:09,1500.0,7.54,B
2021-06-04T11:20:54,5000.0,7.53,S
2021-06-04T11:20:45,600.0,7.54,B
2021-06-04T11:20:37,700.0,7.53,S
2021-06-04T11:20:10,500.0,7.54,S
2021-06-04T11:20:07,2500.0,7.54,S
2021-06-04T11:20:03,5000.0,7.54,S
2021-06-04T11:19:51,4000.0,7.54,S
2021-06-04T11:19:30,3000.0,7.53,S
2021-06-04T11:19:13,18500.0,7.53,S
2021-06-04T11:19:13,1000.0,7.53,S
2021-06-04T11:19:13,45400.0,7.53,S
2021-06-04T11:19:13,2700.0,7.53,S
2021-06-04T11:19:13,32400.0,7.54,S
2021-06-04T11:18:58,15000.0,7.54,S
2021-06-04T11:18:57,200.0,7.55,S
2021-06-04T11:18:54,10000.0,7.54,S
2021-06-04T11:18:53,1600.0,7.55,S
2021-06-04T11:18:51,1000.0,7.54,S
2021-06-04T11:18:47,400.0,7.55,S
2021-06-04T11:18:42,1000.0,7.55,S
2021-06-04T11:18:29,4000.0,7.55,S
2021-06-04T11:18:24,41600.0,7.54,S
2021-06-04T11:18:22,5000.0,7.53,S
2021-06-04T11:18:07,500.0,7.54,S
2021-06-04T11:17:53,2000.0,7.54,S
2021-06-04T11:17:50,3400.0,7.54,S
2021-06-04T11:17:50,200.0,7.54,S
2021-06-04T11:17:50,10200.0,7.54,S
2021-06-04T11:17:50,2100.0,7.54,S
2021-06-04T11:17:50,1000.0,7.54,S
2021-06-04T11:17:50,1000.0,7.54,S
2021-06-04T11:17:50,6100.0,7.54,S
2021-06-04T11:17:50,1900.0,7.54,S
2021-06-04T11:17:45,500.0,7.54,S
2021-06-04T11:17:42,7800.0,7.55,S
2021-06-04T11:17:28,2000.0,7.54,S
2021-06-04T11:17:02,2000.0,7.54,S
2021-06-04T11:16:51,100.0,7.55,S
2021-06-04T11:16:17,100.0,7.55,S
2021-06-04T11:15:39,600.0,7.55,S
2021-06-04T11:15:32,7800.0,7.55,S
2021-06-04T11:15:18,15900.0,7.55,S
2021-06-04T11:15:17,4100.0,7.55,S
2021-06-04T11:15:16,1000.0,7.55,S
2021-06-04T11:15:14,20000.0,7.54,S
2021-06-04T11:15:11,7200.0,7.54,S
2021-06-04T11:15:11,2800.0,7.54,S
2021-06-04T11:15:07,3000.0,7.55,S
2021-06-04T11:15:04,5000.0,7.54,S
2021-06-04T11:14:54,1000.0,7.55,S
2021-06-04T11:14:45,100.0,7.55,S
2021-06-04T11:14:41,100.0,7.55,S
2021-06-04T11:14:35,20000.0,7.55,S
2021-06-04T11:14:00,10400.0,7.55,S
2021-06-04T11:13:19,1300.0,7.55,S
2021-06-04T11:13:19,200.0,7.55,S
2021-06-04T11:13:19,1100.0,7.55,S
2021-06-04T11:13:19,700.0,7.55,S
2021-06-04T11:13:19,7000.0,7.55,S
2021-06-04T11:13:19,6500.0,7.55,S
2021-06-04T11:13:14,500.0,7.55,S
2021-06-04T11:13:10,4000.0,7.55,S
2021-06-04T11:12:59,6300.0,7.55,S
2021-06-04T11:12:03,6900.0,7.56,S
2021-06-04T11:12:03,27400.0,7.56,S
2021-06-04T11:12:03,15500.0,7.56,S
2021-06-04T11:12:03,200.0,7.56,S
2021-06-04T11:11:51,10000.0,7.55,S
2021-06-04T11:11:28,1000.0,7.55,S
2021-06-04T11:11:21,10000.0,7.56,S
2021-06-04T11:11:10,500.0,7.55,S
2021-06-04T11:11:07,3000.0,7.55,S
2021-06-04T11:10:57,800.0,7.55,S
2021-06-04T11:10:57,400.0,7.55,S
2021-06-04T11:10:57,800.0,7.55,S
2021-06-04T11:10:26,3000.0,7.57,B
2021-06-04T11:10:25,2000.0,7.55,S
2021-06-04T11:10:17,2000.0,7.55,S
2021-06-04T11:10:10,100.0,7.56,S
2021-06-04T11:10:10,1500.0,7.56,S
2021-06-04T11:09:48,300.0,7.56,S
2021-06-04T11:09:47,1700.0,7.56,S
2021-06-04T11:09:47,6000.0,7.56,S
2021-06-04T11:09:42,300.0,7.57,B
2021-06-04T11:09:10,1000.0,7.56,S
2021-06-04T11:08:55,200.0,7.57,B
2021-06-04T11:08:48,500.0,7.56,S
2021-06-04T11:08:44,1100.0,7.56,S
2021-06-04T11:08:33,7300.0,7.55,S
2021-06-04T11:08:27,15000.0,7.55,S
2021-06-04T11:08:25,2000.0,7.55,S
2021-06-04T11:08:25,14600.0,7.55,S
2021-06-04T11:08:21,10000.0,7.56,S
2021-06-04T11:08:10,800.0,7.56,S
2021-06-04T11:08:09,1000.0,7.56,S
2021-06-04T11:08:03,1500.0,7.56,S
2021-06-04T11:07:59,300.0,7.56,S
2021-06-04T11:07:55,1000.0,7.56,S
2021-06-04T11:07:44,200.0,7.57,B
2021-06-04T11:07:15,5000.0,7.57,B
2021-06-04T11:07:13,1000.0,7.56,S
2021-06-04T11:07:03,500.0,7.56,S
2021-06-04T11:07:01,10000.0,7.56,S
2021-06-04T11:06:57,10000.0,7.56,S
2021-06-04T11:06:35,3000.0,7.56,S
2021-06-04T11:06:17,100.0,7.57,B
2021-06-04T11:06:09,5000.0,7.57,B
2021-06-04T11:05:59,9000.0,7.55,S
2021-06-04T11:05:57,400.0,7.57,B
2021-06-04T11:05:49,10000.0,7.57,B
2021-06-04T11:05:36,43000.0,7.55,S
2021-06-04T11:05:32,1500.0,7.57,B
2021-06-04T11:05:30,1000.0,7.56,S
2021-06-04T11:05:22,4000.0,7.55,S
2021-06-04T11:05:22,1000.0,7.56,S
2021-06-04T11:04:32,10000.0,7.57,S
2021-06-04T11:03:53,600.0,7.55,S
2021-06-04T11:03:53,3000.0,7.55,S
2021-06-04T11:03:51,2100.0,7.55,S
2021-06-04T11:03:51,2200.0,7.55,S
2021-06-04T11:03:51,4200.0,7.55,S
2021-06-04T11:03:51,5000.0,7.55,S
2021-06-04T11:03:51,2000.0,7.55,S
2021-06-04T11:03:51,13400.0,7.56,S
2021-06-04T11:03:51,8900.0,7.56,S
2021-06-04T11:03:51,200.0,7.56,S
2021-06-04T11:03:51,8400.0,7.56,S
2021-06-04T11:03:48,200.0,7.56,S
2021-06-04T11:03:45,1900.0,7.57,S
2021-06-04T11:03:43,2000.0,7.57,S
2021-06-04T11:03:43,1000.0,7.57,S
2021-06-04T11:03:43,100.0,7.57,S
2021-06-04T11:03:32,200.0,7.57,S
2021-06-04T11:03:11,2300.0,7.58,B
2021-06-04T11:03:11,5500.0,7.57,S
2021-06-04T11:03:07,1800.0,7.57,S
2021-06-04T11:03:04,10000.0,7.56,S
2021-06-04T11:03:02,200.0,7.56,S
2021-06-04T11:02:48,400.0,7.56,S
2021-06-04T11:02:14,500.0,7.57,S
2021-06-04T11:02:13,300.0,7.56,S
2021-06-04T11:02:08,1000.0,7.57,S
2021-06-04T11:02:07,100.0,7.57,S
2021-06-04T11:01:54,6100.0,7.57,S
2021-06-04T11:01:50,700.0,7.56,S
2021-06-04T11:01:47,10000.0,7.58,B
2021-06-04T11:01:31,5000.0,7.56,S
2021-06-04T11:01:31,4100.0,7.56,S
2021-06-04T11:01:31,100.0,7.56,S
2021-06-04T11:01:31,700.0,7.56,S
2021-06-04T11:01:31,500.0,7.56,S
2021-06-04T11:01:31,1600.0,7.56,S
2021-06-04T11:01:31,2000.0,7.56,S
2021-06-04T11:01:31,6400.0,7.56,S
2021-06-04T11:01:31,4600.0,7.56,S
2021-06-04T11:01:31,1200.0,7.57,S
2021-06-04T11:01:31,23800.0,7.57,S
2021-06-04T11:01:12,5000.0,7.57,S
2021-06-04T11:01:09,900.0,7.57,S
2021-06-04T11:00:43,100.0,7.58,B
2021-06-04T11:00:18,1200.0,7.57,S
2021-06-04T11:00:13,20000.0,7.57,S
2021-06-04T11:00:03,5000.0,7.57,S
2021-06-04T10:59:35,3000.0,7.58,B
2021-06-04T10:59:31,9000.0,7.57,S
2021-06-04T10:59:28,4000.0,7.58,B
2021-06-04T10:59:13,100.0,7.58,B
2021-06-04T10:59:11,5500.0,7.57,S
2021-06-04T10:59:11,1400.0,7.57,S
2021-06-04T10:59:10,3100.0,7.57,S
2021-06-04T10:58:46,5000.0,7.57,S
2021-06-04T10:58:44,1000.0,7.58,B
2021-06-04T10:58:30,500.0,7.58,B
2021-06-04T10:58:27,500.0,7.57,S
2021-06-04T10:58:16,300.0,7.58,S
2021-06-04T10:58:16,3900.0,7.58,S
2021-06-04T10:58:16,2800.0,7.58,S
2021-06-04T10:58:16,5000.0,7.58,S
2021-06-04T10:58:14,2000.0,7.58,S
2021-06-04T10:58:08,3900.0,7.58,S
2021-06-04T10:57:36,500.0,7.58,S
2021-06-04T10:57:31,15000.0,7.58,S
2021-06-04T10:57:27,4700.0,7.58,S
2021-06-04T10:57:22,600.0,7.57,S
2021-06-04T10:57:17,2000.0,7.58,S
2021-06-04T10:57:16,200.0,7.58,S
2021-06-04T10:57:14,3000.0,7.58,S
2021-06-04T10:56:47,200.0,7.58,S
2021-06-04T10:56:41,1000.0,7.58,S
2021-06-04T10:56:38,200.0,7.58,S
2021-06-04T10:56:35,1500.0,7.58,S
2021-06-04T10:56:29,3100.0,7.58,S
2021-06-04T10:56:23,5000.0,7.57,S
2021-06-04T10:56:20,2900.0,7.58,S
2021-06-04T10:56:19,200.0,7.58,S
2021-06-04T10:56:15,17100.0,7.58,S
2021-06-04T10:56:15,1100.0,7.58,S
2021-06-04T10:56:15,2200.0,7.58,S
2021-06-04T10:55:50,15000.0,7.58,S
2021-06-04T10:55:38,200.0,7.58,S
2021-06-04T10:55:30,500.0,7.58,S
2021-06-04T10:55:21,3000.0,7.58,S
2021-06-04T10:55:18,1800.0,7.58,S
2021-06-04T10:54:58,12000.0,7.58,S
2021-06-04T10:54:57,2000.0,7.58,S
2021-06-04T10:54:56,16400.0,7.58,S
2021-06-04T10:54:56,3000.0,7.58,S
2021-06-04T10:54:44,1000.0,7.59,B
2021-06-04T10:54:22,25000.0,7.58,S
2021-06-04T10:54:07,13000.0,7.58,S
2021-06-04T10:53:57,20000.0,7.59,B
2021-06-04T10:53:49,1000.0,7.58,S
2021-06-04T10:53:47,50000.0,7.58,S
2021-06-04T10:53:18,1200.0,7.58,S
2021-06-04T10:53:17,100.0,7.58,S
2021-06-04T10:53:15,12000.0,7.58,S
2021-06-04T10:53:06,5700.0,7.58,S
2021-06-04T10:53:06,50000.0,7.58,S
2021-06-04T10:53:06,2400.0,7.58,S
2021-06-04T10:53:06,21900.0,7.58,S
2021-06-04T10:53:00,100.0,7.58,B
2021-06-04T10:52:58,600.0,7.59,B
2021-06-04T10:52:43,300.0,7.58,B
2021-06-04T10:52:41,7800.0,7.59,B
2021-06-04T10:52:37,1000.0,7.58,B
2021-06-04T10:52:30,1100.0,7.58,B
2021-06-04T10:52:11,1000.0,7.58,B
2021-06-04T10:52:09,1500.0,7.58,B
2021-06-04T10:51:59,5000.0,7.58,B
2021-06-04T10:51:47,25000.0,7.58,B
2021-06-04T10:51:40,20000.0,7.58,B
2021-06-04T10:51:37,200.0,7.58,B
2021-06-04T10:51:36,11000.0,7.58,B
2021-06-04T10:51:25,2200.0,7.58,B
2021-06-04T10:51:24,9700.0,7.58,B
2021-06-04T10:50:57,9600.0,7.57,S
2021-06-04T10:50:53,700.0,7.58,B
2021-06-04T10:50:46,5000.0,7.57,S
2021-06-04T10:50:45,1000.0,7.57,S
2021-06-04T10:50:37,700.0,7.57,S
2021-06-04T10:50:36,1000.0,7.57,S
2021-06-04T10:50:12,6000.0,7.57,S
2021-06-04T10:50:01,6000.0,7.57,S
2021-06-04T10:49:52,1000.0,7.58,B
2021-06-04T10:49:31,2000.0,7.58,B
2021-06-04T10:49:29,2000.0,7.57,S
2021-06-04T10:49:25,200.0,7.57,S
2021-06-04T10:49:23,500.0,7.58,B
2021-06-04T10:49:11,1000.0,7.57,S
2021-06-04T10:49:06,2000.0,7.58,B
2021-06-04T10:48:59,2500.0,7.58,B
2021-06-04T10:48:56,100.0,7.58,B
2021-06-04T10:48:48,4000.0,7.57,S
2021-06-04T10:47:55,3000.0,7.57,S
2021-06-04T10:47:44,3000.0,7.58,B
2021-06-04T10:47:39,200.0,7.58,B
2021-06-04T10:47:33,10000.0,7.57,S
2021-06-04T10:47:11,1000.0,7.57,S
2021-06-04T10:47:05,400.0,7.57,S
2021-06-04T10:46:51,100.0,7.57,S
2021-06-04T10:46:20,6700.0,7.59,B
2021-06-04T10:46:20,8300.0,7.58,B
2021-06-04T10:46:17,400.0,7.57,S
2021-06-04T10:46:17,13600.0,7.57,S
2021-06-04T10:45:52,10000.0,7.57,S
2021-06-04T10:45:50,100.0,7.57,S
2021-06-04T10:45:45,10000.0,7.58,S
2021-06-04T10:45:38,2000.0,7.57,S
2021-06-04T10:45:38,8300.0,7.57,S
2021-06-04T10:45:38,6500.0,7.57,S
2021-06-04T10:45:37,9500.0,7.57,S
2021-06-04T10:45:34,2200.0,7.56,S
2021-06-04T10:45:34,400.0,7.56,S
2021-06-04T10:45:34,300.0,7.56,S
2021-06-04T10:45:34,3200.0,7.56,S
2021-06-04T10:45:34,2500.0,7.56,S
2021-06-04T10:45:17,2400.0,7.57,S
2021-06-04T10:45:07,100000.0,7.56,S
2021-06-04T10:45:05,9000.0,7.56,S
2021-06-04T10:44:56,300.0,7.57,S
2021-06-04T10:44:54,200.0,7.57,S
2021-06-04T10:44:50,2600.0,7.57,S
2021-06-04T10:44:50,600.0,7.57,S
2021-06-04T10:44:33,1000.0,7.57,S
2021-06-04T10:44:20,2000.0,7.57,S
2021-06-04T10:44:18,200.0,7.57,S
2021-06-04T10:44:18,1200.0,7.57,S
2021-06-04T10:44:13,20500.0,7.58,S
2021-06-04T10:44:13,10500.0,7.58,S
2021-06-04T10:44:10,33900.0,7.58,S
2021-06-04T10:44:10,30100.0,7.57,S
2021-06-04T10:43:51,100.0,7.56,S
2021-06-04T10:43:37,100.0,7.57,S
2021-06-04T10:43:29,1300.0,7.57,S
2021-06-04T10:43:20,1000.0,7.57,S
2021-06-04T10:43:14,2000.0,7.57,S
2021-06-04T10:43:10,3000.0,7.57,S
2021-06-04T10:42:42,10000.0,7.57,S
2021-06-04T10:42:28,10000.0,7.57,S
2021-06-04T10:42:24,1700.0,7.57,S
2021-06-04T10:42:18,3000.0,7.57,S
2021-06-04T10:42:10,2000.0,7.57,S
2021-06-04T10:42:05,1000.0,7.57,S
2021-06-04T10:42:02,1000.0,7.57,S
2021-06-04T10:41:58,2000.0,7.57,S
2021-06-04T10:41:55,3000.0,7.57,S
2021-06-04T10:41:41,17400.0,7.57,S
2021-06-04T10:41:41,5100.0,7.57,S
2021-06-04T10:41:35,2000.0,7.59,B
2021-06-04T10:41:34,1000.0,7.58,S
2021-06-04T10:41:20,800.0,7.57,S
2021-06-04T10:41:18,11100.0,7.57,S
2021-06-04T10:41:18,300.0,7.57,S
2021-06-04T10:41:17,200.0,7.57,S
2021-06-04T10:41:17,500.0,7.57,S
2021-06-04T10:41:17,2200.0,7.57,S
2021-06-04T10:41:17,2700.0,7.57,S
2021-06-04T10:41:17,3000.0,7.58,S
2021-06-04T10:41:01,500.0,7.57,S
2021-06-04T10:40:56,6700.0,7.59,B
2021-06-04T10:40:56,5000.0,7.59,B
2021-06-04T10:40:33,20000.0,7.59,B
2021-06-04T10:40:23,100.0,7.58,S
2021-06-04T10:40:19,1000.0,7.58,S
2021-06-04T10:40:15,1000.0,7.58,S
2021-06-04T10:40:13,100.0,7.57,S
2021-06-04T10:40:02,200.0,7.58,S
2021-06-04T10:39:59,200.0,7.58,S
2021-06-04T10:39:46,10000.0,7.58,S
2021-06-04T10:39:35,20000.0,7.58,S
2021-06-04T10:39:16,1500.0,7.58,S
2021-06-04T10:39:10,8700.0,7.57,S
2021-06-04T10:39:10,1400.0,7.57,S
2021-06-04T10:39:10,15900.0,7.57,S
2021-06-04T10:39:07,2000.0,7.58,S
2021-06-04T10:39:04,2000.0,7.58,S
2021-06-04T10:38:53,500.0,7.58,S
2021-06-04T10:38:36,1000.0,7.58,S
2021-06-04T10:38:30,2000.0,7.58,S
2021-06-04T10:38:08,100.0,7.59,B
2021-06-04T10:38:07,200.0,7.58,S
2021-06-04T10:38:05,2000.0,7.58,S
2021-06-04T10:38:01,100.0,7.59,B
2021-06-04T10:38:01,41800.0,7.59,B
2021-06-04T10:38:01,8100.0,7.59,B
2021-06-04T10:37:59,100.0,7.58,S
2021-06-04T10:37:54,53000.0,7.57,S
2021-06-04T10:37:49,5000.0,7.59,B
2021-06-04T10:36:31,200.0,7.57,S
2021-06-04T10:36:27,10000.0,7.57,S
2021-06-04T10:36:27,200.0,7.58,B
2021-06-04T10:36:24,30000.0,7.58,B
2021-06-04T10:36:22,5000.0,7.58,B
2021-06-04T10:36:18,10000.0,7.58,B
2021-06-04T10:36:17,3000.0,7.58,B
2021-06-04T10:36:15,200.0,7.58,B
2021-06-04T10:36:10,500.0,7.57,S
2021-06-04T10:36:06,1000.0,7.58,B
2021-06-04T10:36:03,200.0,7.57,S
2021-06-04T10:36:00,200.0,7.58,B
2021-06-04T10:35:57,10000.0,7.58,B
2021-06-04T10:35:57,23600.0,7.58,B
2021-06-04T10:35:31,9400.0,7.58,B
2021-06-04T10:35:31,5200.0,7.58,B
2021-06-04T10:35:31,2800.0,7.58,B
2021-06-04T10:35:25,100.0,7.58,B
2021-06-04T10:35:14,100.0,7.58,B
2021-06-04T10:35:07,5000.0,7.58,B
2021-06-04T10:35:02,1000.0,7.58,B
2021-06-04T10:34:58,1000.0,7.58,B
2021-06-04T10:34:47,300.0,7.58,B
2021-06-04T10:34:40,500.0,7.58,B
2021-06-04T10:34:37,1000.0,7.58,B
2021-06-04T10:34:37,2000.0,7.59,B
2021-06-04T10:34:35,2000.0,7.59,B
2021-06-04T10:34:35,2000.0,7.59,B
2021-06-04T10:34:28,2000.0,7.59,B
2021-06-04T10:34:28,2000.0,7.59,B
2021-06-04T10:34:26,2000.0,7.59,B
2021-06-04T10:34:21,2000.0,7.59,B
2021-06-04T10:34:08,20000.0,7.58,B
2021-06-04T10:34:07,10000.0,7.58,B
2021-06-04T10:33:58,10000.0,7.58,B
2021-06-04T10:33:53,100.0,7.59,B
2021-06-04T10:33:48,5200.0,7.58,B
2021-06-04T10:33:48,10100.0,7.57,S
2021-06-04T10:33:48,500.0,7.58,B
2021-06-04T10:33:45,800.0,7.58,B
2021-06-04T10:33:42,200.0,7.58,B
2021-06-04T10:33:26,1700.0,7.57,S
2021-06-04T10:33:05,900.0,7.58,B
2021-06-04T10:33:04,300.0,7.58,B
2021-06-04T10:32:55,500.0,7.57,S
2021-06-04T10:32:54,1000.0,7.57,S
2021-06-04T10:32:49,500.0,7.58,B
2021-06-04T10:32:47,1800.0,7.58,B
2021-06-04T10:32:47,100.0,7.58,B
2021-06-04T10:32:47,4300.0,7.58,B
2021-06-04T10:32:34,1000.0,7.57,S
2021-06-04T10:32:25,7000.0,7.58,B
2021-06-04T10:32:23,500.0,7.56,S
2021-06-04T10:32:20,1000.0,7.58,B
2021-06-04T10:32:18,50000.0,7.56,S
2021-06-04T10:32:18,1000.0,7.58,B
2021-06-04T10:32:14,1000.0,7.58,B
2021-06-04T10:32:08,500.0,7.57,S
2021-06-04T10:32:08,2100.0,7.58,B
2021-06-04T10:32:06,500.0,7.57,S
2021-06-04T10:32:05,100.0,7.57,S
2021-06-04T10:31:51,500.0,7.57,S
2021-06-04T10:31:45,10000.0,7.58,B
2021-06-04T10:31:44,63000.0,7.57,S
2021-06-04T10:31:39,400.0,7.58,B
2021-06-04T10:31:33,100.0,7.58,B
2021-06-04T10:31:33,5000.0,7.58,B
2021-06-04T10:31:24,1000.0,7.57,S
2021-06-04T10:31:20,2600.0,7.58,B
2021-06-04T10:31:20,1000.0,7.58,B
2021-06-04T10:31:20,5400.0,7.58,B
2021-06-04T10:31:17,1500.0,7.57,S
2021-06-04T10:30:55,4200.0,7.57,S
2021-06-04T10:30:40,400.0,7.58,B
2021-06-04T10:30:37,100.0,7.57,S
2021-06-04T10:30:26,100.0,7.57,S
2021-06-04T10:30:07,20000.0,7.57,S
2021-06-04T10:30:05,1100.0,7.57,S
2021-06-04T10:30:03,1000.0,7.57,S
2021-06-04T10:30:00,100.0,7.57,S
2021-06-04T10:30:00,500.0,7.57,S
2021-06-04T10:30:00,1200.0,7.57,S
2021-06-04T10:30:00,3300.0,7.57,S
2021-06-04T10:30:00,800.0,7.57,S
2021-06-04T10:30:00,45600.0,7.57,S
2021-06-04T10:29:53,2500.0,7.56,B
2021-06-04T10:29:53,100.0,7.56,B
2021-06-04T10:29:22,20000.0,7.56,B
2021-06-04T10:29:18,25000.0,7.57,B
2021-06-04T10:29:16,4000.0,7.57,B
2021-06-04T10:29:13,25000.0,7.56,B
2021-06-04T10:29:04,300.0,7.56,B
2021-06-04T10:29:02,300.0,7.56,B
2021-06-04T10:28:44,600.0,7.57,B
2021-06-04T10:28:44,3900.0,7.57,B
2021-06-04T10:28:44,2000.0,7.57,B
2021-06-04T10:28:44,2800.0,7.57,B
2021-06-04T10:28:44,1200.0,7.57,B
2021-06-04T10:28:43,14500.0,7.57,B
2021-06-04T10:28:43,3000.0,7.56,B
2021-06-04T10:28:38,400.0,7.56,B
2021-06-04T10:28:26,1000.0,7.55,S
2021-06-04T10:28:13,2600.0,7.56,B
2021-06-04T10:28:08,4000.0,7.56,B
2021-06-04T10:28:08,3400.0,7.56,B
2021-06-04T10:28:02,200.0,7.56,B
2021-06-04T10:27:54,3000.0,7.56,B
2021-06-04T10:27:47,300.0,7.55,S
2021-06-04T10:27:39,3500.0,7.55,S
2021-06-04T10:27:29,400.0,7.56,B
2021-06-04T10:27:24,15000.0,7.55,S
2021-06-04T10:27:24,5000.0,7.56,B
2021-06-04T10:27:16,100.0,7.56,B
2021-06-04T10:27:07,500.0,7.56,B
2021-06-04T10:26:58,12000.0,7.55,S
2021-06-04T10:26:56,100.0,7.56,B
2021-06-04T10:26:45,100.0,7.56,B
2021-06-04T10:26:44,1100.0,7.55,S
2021-06-04T10:26:36,2000.0,7.56,B
2021-06-04T10:26:35,100.0,7.55,S
2021-06-04T10:26:30,100.0,7.56,B
2021-06-04T10:26:29,6800.0,7.56,B
2021-06-04T10:26:24,500.0,7.55,S
2021-06-04T10:26:21,10200.0,7.56,B
2021-06-04T10:26:12,2600.0,7.56,B
2021-06-04T10:26:09,1100.0,7.56,B
2021-06-04T10:26:05,2500.0,7.56,B
2021-06-04T10:25:58,700.0,7.55,S
2021-06-04T10:25:56,200.0,7.56,B
2021-06-04T10:25:41,1000.0,7.55,S
2021-06-04T10:25:40,300.0,7.55,S
2021-06-04T10:25:39,4900.0,7.55,S
2021-06-04T10:25:19,300.0,7.55,S
2021-06-04T10:25:10,2200.0,7.56,B
2021-06-04T10:25:03,2000.0,7.55,S
2021-06-04T10:25:01,1100.0,7.56,B
2021-06-04T10:24:59,4000.0,7.54,S
2021-06-04T10:24:56,300.0,7.55,S
2021-06-04T10:24:55,4500.0,7.54,S
2021-06-04T10:24:55,5200.0,7.54,S
2021-06-04T10:24:55,5000.0,7.54,S
2021-06-04T10:24:55,9600.0,7.54,S
2021-06-04T10:24:55,3100.0,7.54,S
2021-06-04T10:24:55,13700.0,7.54,S
2021-06-04T10:24:55,10700.0,7.55,S
2021-06-04T10:24:54,4100.0,7.55,S
2021-06-04T10:24:51,100.0,7.56,B
2021-06-04T10:24:45,2000.0,7.55,S
2021-06-04T10:24:43,30000.0,7.55,S
2021-06-04T10:24:33,24200.0,7.55,S
2021-06-04T10:24:33,5800.0,7.55,S
2021-06-04T10:24:30,1100.0,7.55,S
2021-06-04T10:24:27,5100.0,7.55,S
2021-06-04T10:24:27,4000.0,7.55,S
2021-06-04T10:24:27,4700.0,7.55,S
2021-06-04T10:24:27,16200.0,7.55,S
2021-06-04T10:24:26,1000.0,7.55,S
2021-06-04T10:24:16,3000.0,7.55,S
2021-06-04T10:24:14,400.0,7.55,S
2021-06-04T10:24:03,500.0,7.55,S
2021-06-04T10:23:56,3800.0,7.55,S
2021-06-04T10:23:41,3000.0,7.55,S
2021-06-04T10:23:32,100.0,7.56,B
2021-06-04T10:23:25,500.0,7.55,S
2021-06-04T10:23:25,20000.0,7.55,S
2021-06-04T10:23:24,1000.0,7.55,S
2021-06-04T10:23:22,800.0,7.55,S
2021-06-04T10:23:18,100.0,7.55,S
2021-06-04T10:23:17,2000.0,7.55,S
2021-06-04T10:23:13,400.0,7.55,S
2021-06-04T10:23:12,100.0,7.55,S
2021-06-04T10:23:08,27000.0,7.55,S
2021-06-04T10:23:02,4000.0,7.55,S
2021-06-04T10:22:58,31000.0,7.55,S
2021-06-04T10:22:51,1000.0,7.55,S
2021-06-04T10:22:49,1200.0,7.55,S
2021-06-04T10:22:45,10000.0,7.55,S
2021-06-04T10:22:33,1000.0,7.55,B
2021-06-04T10:22:19,400.0,7.55,B
2021-06-04T10:22:05,500.0,7.55,B
2021-06-04T10:21:59,5200.0,7.55,B
2021-06-04T10:21:53,1000.0,7.55,B
2021-06-04T10:21:51,10000.0,7.55,B
2021-06-04T10:21:51,25200.0,7.55,B
2021-06-04T10:21:49,200.0,7.55,B
2021-06-04T10:21:37,100.0,7.55,B
2021-06-04T10:21:36,200.0,7.55,B
2021-06-04T10:21:30,5000.0,7.55,B
2021-06-04T10:21:26,100.0,7.55,B
2021-06-04T10:21:25,3000.0,7.55,B
2021-06-04T10:21:23,1000.0,7.55,B
2021-06-04T10:21:10,500.0,7.55,B
2021-06-04T10:21:09,300.0,7.55,B
2021-06-04T10:21:09,400.0,7.55,B
2021-06-04T10:21:05,500.0,7.55,B
2021-06-04T10:21:03,1000.0,7.55,B
2021-06-04T10:21:01,1000.0,7.55,B
2021-06-04T10:20:48,800.0,7.55,B
2021-06-04T10:20:40,5000.0,7.55,B
2021-06-04T10:20:29,100.0,7.55,B
2021-06-04T10:20:26,21000.0,7.55,B
2021-06-04T10:20:25,600.0,7.55,B
2021-06-04T10:20:23,2000.0,7.55,B
2021-06-04T10:20:16,5000.0,7.55,B
2021-06-04T10:20:14,700.0,7.55,B
2021-06-04T10:20:09,2600.0,7.56,B
2021-06-04T10:20:09,1600.0,7.56,B
2021-06-04T10:20:09,1000.0,7.56,B
2021-06-04T10:20:09,3200.0,7.56,B
2021-06-04T10:20:09,300.0,7.56,B
2021-06-04T10:20:09,1200.0,7.56,B
2021-06-04T10:20:09,17400.0,7.56,B
2021-06-04T10:20:09,4400.0,7.56,B
2021-06-04T10:20:09,1500.0,7.56,B
2021-06-04T10:20:09,500.0,7.56,B
2021-06-04T10:20:09,200.0,7.56,B
2021-06-04T10:20:09,8800.0,7.56,B
2021-06-04T10:20:09,10700.0,7.56,B
2021-06-04T10:20:09,200.0,7.56,B
2021-06-04T10:20:09,5200.0,7.56,B
2021-06-04T10:20:09,200.0,7.56,B
2021-06-04T10:20:09,18000.0,7.56,B
2021-06-04T10:20:06,10000.0,7.54,S
2021-06-04T10:20:04,200.0,7.55,B
2021-06-04T10:20:02,1000.0,7.55,B
2021-06-04T10:19:57,500.0,7.54,S
2021-06-04T10:19:55,100.0,7.54,S
2021-06-04T10:19:55,3000.0,7.54,S
2021-06-04T10:19:43,200.0,7.54,S
2021-06-04T10:19:34,3300.0,7.55,B
2021-06-04T10:19:30,4700.0,7.55,B
2021-06-04T10:19:30,300.0,7.55,B
2021-06-04T10:19:27,100.0,7.55,B
2021-06-04T10:19:26,1000.0,7.55,B
2021-06-04T10:19:15,500.0,7.54,S
2021-06-04T10:19:08,15000.0,7.54,S
2021-06-04T10:18:52,500.0,7.54,S
2021-06-04T10:18:48,1000.0,7.54,S
2021-06-04T10:18:38,3000.0,7.54,S
2021-06-04T10:18:36,300.0,7.54,S
2021-06-04T10:18:34,500.0,7.54,S
2021-06-04T10:18:32,1200.0,7.55,B
2021-06-04T10:18:25,1000.0,7.54,S
2021-06-04T10:18:21,1000.0,7.55,B
2021-06-04T10:18:15,500.0,7.54,S
2021-06-04T10:18:15,1000.0,7.55,B
2021-06-04T10:18:05,400.0,7.55,B
2021-06-04T10:18:00,1900.0,7.54,S
2021-06-04T10:17:56,10000.0,7.54,S
2021-06-04T10:17:43,4000.0,7.54,S
2021-06-04T10:17:37,1000.0,7.54,S
2021-06-04T10:17:29,1000.0,7.54,S
2021-06-04T10:17:25,600.0,7.54,S
2021-06-04T10:17:25,100.0,7.54,S
2021-06-04T10:17:25,1000.0,7.54,S
2021-06-04T10:17:20,400.0,7.53,S
2021-06-04T10:17:20,4600.0,7.53,S
2021-06-04T10:17:20,500.0,7.53,S
2021-06-04T10:17:17,100.0,7.54,S
2021-06-04T10:17:13,4900.0,7.54,S
2021-06-04T10:17:13,2000.0,7.54,S
2021-06-04T10:17:11,1000.0,7.54,S
2021-06-04T10:17:08,5000.0,7.54,S
2021-06-04T10:17:08,100.0,7.55,B
2021-06-04T10:17:08,19300.0,7.55,B
2021-06-04T10:17:02,500.0,7.55,B
2021-06-04T10:16:50,2000.0,7.55,B
2021-06-04T10:16:44,500.0,7.55,B
2021-06-04T10:16:23,5300.0,7.55,B
2021-06-04T10:16:20,300.0,7.55,B
2021-06-04T10:16:20,1400.0,7.55,B
2021-06-04T10:16:20,100.0,7.55,B
2021-06-04T10:16:20,2500.0,7.55,B
2021-06-04T10:16:20,5200.0,7.55,B
2021-06-04T10:16:20,1100.0,7.55,B
2021-06-04T10:16:20,4100.0,7.55,B
2021-06-04T10:16:20,800.0,7.55,B
2021-06-04T10:16:20,38000.0,7.55,B
2021-06-04T10:16:20,2500.0,7.55,B
2021-06-04T10:16:20,16400.0,7.55,B
2021-06-04T10:16:07,500.0,7.54,S
2021-06-04T10:15:59,300.0,7.53,S
2021-06-04T10:15:59,1500.0,7.53,S
2021-06-04T10:15:59,1900.0,7.53,S
2021-06-04T10:15:59,7900.0,7.53,S
2021-06-04T10:15:59,1300.0,7.53,S
2021-06-04T10:15:59,26400.0,7.53,S
2021-06-04T10:15:59,20700.0,7.53,S
2021-06-04T10:15:58,2200.0,7.54,S
2021-06-04T10:15:53,500.0,7.54,S
2021-06-04T10:15:52,2000.0,7.54,S
2021-06-04T10:15:52,600.0,7.54,S
2021-06-04T10:15:48,1000.0,7.54,S
2021-06-04T10:15:39,100.0,7.55,B
2021-06-04T10:15:39,5000.0,7.54,S
2021-06-04T10:15:38,9400.0,7.55,B
2021-06-04T10:15:38,11000.0,7.55,B
2021-06-04T10:15:38,2800.0,7.55,B
2021-06-04T10:15:38,26800.0,7.55,B
2021-06-04T10:15:32,3000.0,7.54,S
2021-06-04T10:15:20,10000.0,7.54,S
2021-06-04T10:15:10,20000.0,7.55,B
2021-06-04T10:15:02,400.0,7.54,S
2021-06-04T10:15:00,100.0,7.54,S
2021-06-04T10:14:57,10000.0,7.54,S
2021-06-04T10:14:54,1000.0,7.54,S
2021-06-04T10:14:51,600.0,7.54,S
2021-06-04T10:14:51,4600.0,7.54,S
2021-06-04T10:14:44,700.0,7.54,S
2021-06-04T10:14:42,7800.0,7.55,B
2021-06-04T10:14:42,6000.0,7.55,B
2021-06-04T10:14:30,200.0,7.54,S
2021-06-04T10:14:19,3000.0,7.54,S
2021-06-04T10:14:17,900.0,7.54,S
2021-06-04T10:14:13,1000.0,7.54,S
2021-06-04T10:14:08,13100.0,7.54,S
2021-06-04T10:14:05,2800.0,7.53,S
2021-06-04T10:14:00,5000.0,7.54,S
2021-06-04T10:13:57,1000.0,7.54,S
2021-06-04T10:13:55,1000.0,7.54,S
2021-06-04T10:13:51,32900.0,7.53,S
2021-06-04T10:13:51,11300.0,7.53,S
2021-06-04T10:13:51,300.0,7.53,S
2021-06-04T10:13:51,3600.0,7.53,S
2021-06-04T10:13:51,3000.0,7.53,S
2021-06-04T10:13:44,400.0,7.54,S
2021-06-04T10:13:39,1000.0,7.54,S
2021-06-04T10:13:38,1000.0,7.54,S
2021-06-04T10:13:21,5500.0,7.55,B
2021-06-04T10:13:17,2000.0,7.53,S
2021-06-04T10:13:16,1300.0,7.54,S
2021-06-04T10:13:12,100.0,7.54,S
2021-06-04T10:13:01,3600.0,7.53,S
2021-06-04T10:13:01,5000.0,7.54,S
2021-06-04T10:13:01,800.0,7.54,S
2021-06-04T10:13:01,5600.0,7.54,S
2021-06-04T10:12:58,200.0,7.54,S
2021-06-04T10:12:56,3000.0,7.54,S
2021-06-04T10:12:56,5900.0,7.54,S
2021-06-04T10:12:51,2900.0,7.54,S
2021-06-04T10:12:51,700.0,7.54,S
2021-06-04T10:12:51,5000.0,7.54,S
2021-06-04T10:12:49,10000.0,7.54,S
2021-06-04T10:12:49,70000.0,7.55,B
2021-06-04T10:12:42,400.0,7.55,B
2021-06-04T10:12:41,1000.0,7.54,S
2021-06-04T10:12:40,21800.0,7.55,B
2021-06-04T10:12:40,7700.0,7.55,B
2021-06-04T10:12:40,800.0,7.55,B
2021-06-04T10:12:40,3400.0,7.55,B
2021-06-04T10:12:40,16300.0,7.55,B
2021-06-04T10:12:34,300.0,7.55,B
2021-06-04T10:12:28,3000.0,7.54,S
2021-06-04T10:12:10,100.0,7.54,S
2021-06-04T10:12:08,1000.0,7.54,S
2021-06-04T10:12:05,11900.0,7.54,S
2021-06-04T10:12:01,1000.0,7.54,S
2021-06-04T10:11:43,23700.0,7.54,S
2021-06-04T10:11:42,5000.0,7.54,S
2021-06-04T10:11:39,1900.0,7.53,S
2021-06-04T10:11:38,1500.0,7.54,S
2021-06-04T10:11:36,100.0,7.54,S
2021-06-04T10:11:24,11000.0,7.53,S
2021-06-04T10:11:17,1600.0,7.54,S
2021-06-04T10:11:17,400.0,7.53,S
2021-06-04T10:10:59,200.0,7.54,S
2021-06-04T10:10:56,200.0,7.54,S
2021-06-04T10:10:48,500.0,7.53,S
2021-06-04T10:10:38,500.0,7.53,S
2021-06-04T10:10:36,2300.0,7.53,S
2021-06-04T10:10:36,3500.0,7.53,S
2021-06-04T10:10:35,2000.0,7.54,S
2021-06-04T10:10:34,200.0,7.53,S
2021-06-04T10:10:31,1500.0,7.54,S
2021-06-04T10:10:25,3500.0,7.54,S
2021-06-04T10:10:24,500.0,7.53,S
2021-06-04T10:10:21,3200.0,7.53,S
2021-06-04T10:10:17,200.0,7.54,S
2021-06-04T10:10:17,500.0,7.54,S
2021-06-04T10:10:17,100.0,7.54,S
2021-06-04T10:10:15,1100.0,7.54,S
2021-06-04T10:10:00,5000.0,7.54,S
2021-06-04T10:09:58,100.0,7.54,S
2021-06-04T10:09:58,3000.0,7.54,S
2021-06-04T10:09:58,400.0,7.53,S
2021-06-04T10:09:51,200.0,7.54,S
2021-06-04T10:09:45,200.0,7.54,S
2021-06-04T10:09:45,800.0,7.53,S
2021-06-04T10:09:42,200.0,7.54,S
2021-06-04T10:09:37,100.0,7.54,S
2021-06-04T10:09:19,6000.0,7.53,S
2021-06-04T10:09:15,1000.0,7.54,S
2021-06-04T10:09:15,1000.0,7.54,S
2021-06-04T10:09:13,2000.0,7.53,S
2021-06-04T10:09:10,5000.0,7.54,S
2021-06-04T10:08:59,1000.0,7.53,S
2021-06-04T10:08:51,3000.0,7.53,S
2021-06-04T10:08:46,2000.0,7.55,B
2021-06-04T10:08:44,10000.0,7.53,S
2021-06-04T10:08:41,1800.0,7.54,S
2021-06-04T10:08:35,10000.0,7.55,B
2021-06-04T10:08:30,1000.0,7.54,S
2021-06-04T10:08:28,3500.0,7.54,S
2021-06-04T10:08:26,400.0,7.54,S
2021-06-04T10:08:26,800.0,7.54,S
2021-06-04T10:08:23,1000.0,7.54,S
2021-06-04T10:08:23,4300.0,7.54,S
2021-06-04T10:08:17,3700.0,7.54,S
2021-06-04T10:08:17,1300.0,7.54,S
2021-06-04T10:08:09,2000.0,7.54,S
2021-06-04T10:08:00,5000.0,7.55,B
2021-06-04T10:07:54,400.0,7.54,S
2021-06-04T10:07:51,4000.0,7.54,S
2021-06-04T10:07:50,7800.0,7.54,S
2021-06-04T10:07:45,5000.0,7.54,S
2021-06-04T10:07:42,1000.0,7.54,S
2021-06-04T10:07:36,1000.0,7.54,S
2021-06-04T10:07:30,9300.0,7.53,S
2021-06-04T10:07:30,700.0,7.54,S
2021-06-04T10:07:26,1000.0,7.55,B
2021-06-04T10:07:14,12000.0,7.53,S
2021-06-04T10:07:12,1000.0,7.54,B
2021-06-04T10:07:01,4000.0,7.53,S
2021-06-04T10:06:57,20000.0,7.55,B
2021-06-04T10:06:55,20000.0,7.54,B
2021-06-04T10:06:42,1000.0,7.55,B
2021-06-04T10:06:40,7000.0,7.55,B
2021-06-04T10:06:33,500.0,7.54,B
2021-06-04T10:06:27,100.0,7.54,B
2021-06-04T10:06:08,800.0,7.54,B
2021-06-04T10:06:06,100.0,7.54,B
2021-06-04T10:05:59,100.0,7.54,B
2021-06-04T10:05:47,57000.0,7.53,S
2021-06-04T10:05:45,500.0,7.54,B
2021-06-04T10:05:45,2000.0,7.54,B
2021-06-04T10:05:45,1000.0,7.54,B
2021-06-04T10:05:45,1400.0,7.54,B
2021-06-04T10:05:45,100.0,7.54,B
2021-06-04T10:05:37,500.0,7.54,B
2021-06-04T10:05:30,200.0,7.54,B
2021-06-04T10:05:26,100.0,7.54,B
2021-06-04T10:05:24,1000.0,7.54,B
2021-06-04T10:05:17,1000.0,7.55,B
2021-06-04T10:05:14,1000.0,7.55,B
2021-06-04T10:05:14,1000.0,7.55,B
2021-06-04T10:05:13,20000.0,7.54,B
2021-06-04T10:05:09,500.0,7.54,B
2021-06-04T10:05:09,5000.0,7.55,B
2021-06-04T10:05:09,1000.0,7.55,B
2021-06-04T10:05:07,1000.0,7.55,B
2021-06-04T10:05:06,1000.0,7.55,B
2021-06-04T10:05:04,3000.0,7.55,B
2021-06-04T10:05:04,8000.0,7.54,B
2021-06-04T10:05:04,1000.0,7.55,B
2021-06-04T10:04:37,500.0,7.54,B
2021-06-04T10:04:36,5000.0,7.54,B
2021-06-04T10:04:36,100.0,7.54,B
2021-06-04T10:04:33,1600.0,7.54,B
2021-06-04T10:04:31,3800.0,7.54,B
2021-06-04T10:04:29,100.0,7.54,B
2021-06-04T10:04:27,500.0,7.54,B
2021-06-04T10:04:25,1000.0,7.54,B
2021-06-04T10:04:20,5000.0,7.54,B
2021-06-04T10:04:15,5000.0,7.55,B
2021-06-04T10:04:00,9000.0,7.54,B
2021-06-04T10:03:57,2000.0,7.54,B
2021-06-04T10:03:45,5000.0,7.54,B
2021-06-04T10:03:36,100.0,7.55,B
2021-06-04T10:03:36,300.0,7.55,B
2021-06-04T10:03:36,700.0,7.55,B
2021-06-04T10:03:35,700.0,7.54,B
2021-06-04T10:03:34,5000.0,7.54,B
2021-06-04T10:03:30,5000.0,7.54,B
2021-06-04T10:03:26,100.0,7.54,B
2021-06-04T10:03:26,100.0,7.54,B
2021-06-04T10:03:19,500.0,7.54,B
2021-06-04T10:03:19,400.0,7.55,B
2021-06-04T10:03:11,200.0,7.54,B
2021-06-04T10:02:50,400.0,7.55,B
2021-06-04T10:02:50,100.0,7.53,S
2021-06-04T10:02:49,500.0,7.55,B
2021-06-04T10:02:47,23300.0,7.53,S
2021-06-04T10:02:47,5100.0,7.53,S
2021-06-04T10:02:46,21600.0,7.54,B
2021-06-04T10:02:37,1000.0,7.54,B
2021-06-04T10:02:36,48000.0,7.55,B
2021-06-04T10:02:36,10100.0,7.55,B
2021-06-04T10:02:36,1400.0,7.55,B
2021-06-04T10:02:36,200.0,7.55,B
2021-06-04T10:02:36,500.0,7.55,B
2021-06-04T10:02:36,10100.0,7.55,B
2021-06-04T10:02:36,26500.0,7.55,B
2021-06-04T10:02:36,700.0,7.55,B
2021-06-04T10:02:36,2500.0,7.55,B
2021-06-04T10:02:33,400.0,7.55,B
2021-06-04T10:02:29,100.0,7.54,B
2021-06-04T10:02:24,2000.0,7.55,B
2021-06-04T10:01:57,5000.0,7.54,B
2021-06-04T10:01:50,2000.0,7.55,B
2021-06-04T10:01:34,2000.0,7.54,B
2021-06-04T10:01:34,1000.0,7.54,B
2021-06-04T10:01:28,200.0,7.54,B
2021-06-04T10:01:25,4600.0,7.54,B
2021-06-04T10:01:21,200.0,7.54,B
2021-06-04T10:01:16,2500.0,7.54,B
2021-06-04T10:01:10,6500.0,7.54,B
2021-06-04T10:01:09,2000.0,7.54,B
2021-06-04T10:01:09,2000.0,7.54,B
2021-06-04T10:01:08,2000.0,7.54,B
2021-06-04T10:01:07,2000.0,7.53,S
2021-06-04T10:01:01,500.0,7.54,B
2021-06-04T10:00:49,2000.0,7.54,B
2021-06-04T10:00:44,500.0,7.54,B
2021-06-04T10:00:44,100.0,7.54,B
2021-06-04T10:00:43,2000.0,7.54,B
2021-06-04T10:00:30,1000.0,7.53,S
2021-06-04T10:00:29,2000.0,7.54,B
2021-06-04T10:00:19,4000.0,7.53,S
2021-06-04T10:00:12,2000.0,7.54,B
2021-06-04T10:00:08,2000.0,7.54,B
2021-06-04T10:00:06,5000.0,7.54,B
2021-06-04T10:00:03,2000.0,7.54,B
2021-06-04T09:59:53,2000.0,7.55,B
2021-06-04T09:59:50,2000.0,7.54,B
2021-06-04T09:59:49,2000.0,7.54,B
2021-06-04T09:59:44,20000.0,7.55,B
2021-06-04T09:59:41,2000.0,7.54,S
2021-06-04T09:59:38,2000.0,7.54,S
2021-06-04T09:59:36,2200.0,7.54,S
2021-06-04T09:59:35,300.0,7.54,S
2021-06-04T09:59:33,1000.0,7.54,S
2021-06-04T09:59:23,5000.0,7.53,S
2021-06-04T09:59:22,1800.0,7.55,B
2021-06-04T09:59:22,500.0,7.54,S
2021-06-04T09:59:20,200.0,7.54,S
2021-06-04T09:59:12,2000.0,7.54,S
2021-06-04T09:59:11,7900.0,7.54,S
2021-06-04T09:59:05,5000.0,7.54,S
2021-06-04T09:59:04,10000.0,7.55,B
2021-06-04T09:59:01,1000.0,7.55,B
2021-06-04T09:58:58,400.0,7.54,S
2021-06-04T09:58:53,2000.0,7.54,S
2021-06-04T09:58:51,1400.0,7.54,S
2021-06-04T09:58:51,6600.0,7.54,S
2021-06-04T09:58:48,1000.0,7.55,B
2021-06-04T09:58:44,100.0,7.55,B
2021-06-04T09:58:41,15900.0,7.55,B
2021-06-04T09:58:38,100.0,7.54,S
2021-06-04T09:58:37,500.0,7.54,S
2021-06-04T09:58:35,1000.0,7.54,S
2021-06-04T09:58:35,6100.0,7.55,B
2021-06-04T09:58:35,3900.0,7.55,B
2021-06-04T09:58:08,200.0,7.54,S
2021-06-04T09:58:04,500.0,7.55,B
2021-06-04T09:57:57,8700.0,7.54,S
2021-06-04T09:57:57,1300.0,7.54,S
2021-06-04T09:57:56,2000.0,7.55,B
2021-06-04T09:57:50,8800.0,7.55,B
2021-06-04T09:57:47,4700.0,7.55,B
2021-06-04T09:57:39,300.0,7.55,B
2021-06-04T09:57:33,3500.0,7.54,S
2021-06-04T09:57:29,1000.0,7.54,S
2021-06-04T09:57:25,5000.0,7.54,S
2021-06-04T09:57:08,20000.0,7.55,B
2021-06-04T09:57:06,4000.0,7.55,B
2021-06-04T09:57:06,3000.0,7.55,B
2021-06-04T09:57:02,500.0,7.55,B
2021-06-04T09:57:02,5000.0,7.55,B
2021-06-04T09:56:53,1000.0,7.54,S
2021-06-04T09:56:45,1000.0,7.55,B
2021-06-04T09:56:45,3400.0,7.55,B
2021-06-04T09:56:45,96600.0,7.55,B
2021-06-04T09:56:38,1000.0,7.54,S
2021-06-04T09:56:35,1000.0,7.55,B
2021-06-04T09:56:23,200.0,7.55,B
2021-06-04T09:56:23,500.0,7.55,B
2021-06-04T09:56:23,900.0,7.55,B
2021-06-04T09:56:17,200.0,7.55,B
2021-06-04T09:56:12,1000.0,7.55,B
2021-06-04T09:56:02,2400.0,7.55,B
2021-06-04T09:55:46,11700.0,7.55,B
2021-06-04T09:55:44,1000.0,7.55,B
2021-06-04T09:55:37,4000.0,7.55,B
2021-06-04T09:55:36,4500.0,7.54,S
2021-06-04T09:55:36,1400.0,7.54,S
2021-06-04T09:55:32,100.0,7.54,S
2021-06-04T09:55:28,100.0,7.55,B
2021-06-04T09:55:22,4000.0,7.55,B
2021-06-04T09:55:10,100.0,7.54,S
2021-06-04T09:55:08,7100.0,7.55,B
2021-06-04T09:54:55,500.0,7.54,S
2021-06-04T09:54:52,5000.0,7.55,B
2021-06-04T09:54:51,2000.0,7.54,S
2021-06-04T09:54:48,1600.0,7.55,B
2021-06-04T09:54:38,1500.0,7.55,B
2021-06-04T09:54:18,500.0,7.55,B
2021-06-04T09:54:18,1100.0,7.54,S
2021-06-04T09:54:18,2100.0,7.54,S
2021-06-04T09:54:18,1200.0,7.54,S
2021-06-04T09:54:18,5600.0,7.54,S
2021-06-04T09:54:08,4000.0,7.55,B
2021-06-04T09:53:46,100.0,7.55,B
2021-06-04T09:53:43,1000.0,7.55,B
2021-06-04T09:53:41,1000.0,7.55,B
2021-06-04T09:53:39,20000.0,7.55,B
2021-06-04T09:53:37,100.0,7.55,B
2021-06-04T09:53:36,600.0,7.54,S
2021-06-04T09:53:34,2000.0,7.55,B
2021-06-04T09:53:32,100.0,7.55,B
2021-06-04T09:53:29,1000.0,7.54,S
2021-06-04T09:53:25,100.0,7.55,B
2021-06-04T09:53:22,1500.0,7.55,B
2021-06-04T09:53:21,5000.0,7.55,B
2021-06-04T09:53:17,1000.0,7.55,B
2021-06-04T09:53:08,500.0,7.55,B
2021-06-04T09:53:08,4100.0,7.55,B
2021-06-04T09:53:08,31800.0,7.55,B
2021-06-04T09:53:06,1000.0,7.55,B
2021-06-04T09:53:06,1000.0,7.55,B
2021-06-04T09:52:57,2500.0,7.55,B
2021-06-04T09:52:57,200.0,7.55,B
2021-06-04T09:52:52,1100.0,7.54,S
2021-06-04T09:52:48,5000.0,7.55,B
2021-06-04T09:52:44,100.0,7.55,B
2021-06-04T09:52:44,500.0,7.55,B
2021-06-04T09:52:44,14800.0,7.54,S
2021-06-04T09:52:34,100.0,7.55,B
2021-06-04T09:52:33,1500.0,7.55,B
2021-06-04T09:52:30,2000.0,7.55,B
2021-06-04T09:52:30,1000.0,7.55,B
2021-06-04T09:52:26,500.0,7.54,S
2021-06-04T09:52:25,100.0,7.55,B
2021-06-04T09:52:22,100.0,7.55,B
2021-06-04T09:52:21,100.0,7.55,B
2021-06-04T09:52:17,2000.0,7.54,S
2021-06-04T09:52:09,100.0,7.55,S
2021-06-04T09:52:03,1000.0,7.55,S
2021-06-04T09:52:02,1000.0,7.55,S
2021-06-04T09:51:59,3000.0,7.55,S
2021-06-04T09:51:58,2000.0,7.55,S
2021-06-04T09:51:58,1000.0,7.55,S
2021-06-04T09:51:56,100.0,7.55,S
2021-06-04T09:51:51,1100.0,7.55,S
2021-06-04T09:51:51,500.0,7.55,S
2021-06-04T09:51:42,1000.0,7.55,S
2021-06-04T09:51:42,3000.0,7.55,S
2021-06-04T09:51:41,5000.0,7.55,S
2021-06-04T09:51:28,700.0,7.55,S
2021-06-04T09:51:22,100.0,7.55,S
2021-06-04T09:51:19,200.0,7.55,S
2021-06-04T09:51:19,1000.0,7.55,S
2021-06-04T09:51:17,1600.0,7.55,S
2021-06-04T09:51:15,200.0,7.55,S
2021-06-04T09:51:09,1200.0,7.55,S
2021-06-04T09:51:04,500.0,7.55,S
2021-06-04T09:51:02,200.0,7.53,S
2021-06-04T09:51:02,700.0,7.55,S
2021-06-04T09:51:02,1800.0,7.55,S
2021-06-04T09:50:51,500.0,7.55,S
2021-06-04T09:50:47,500.0,7.53,S
2021-06-04T09:50:18,100.0,7.55,S
2021-06-04T09:50:15,6600.0,7.55,S
2021-06-04T09:50:15,13500.0,7.55,S
2021-06-04T09:50:14,10000.0,7.53,S
2021-06-04T09:50:11,1600.0,7.55,S
2021-06-04T09:50:05,100.0,7.55,S
2021-06-04T09:50:05,200.0,7.55,S
2021-06-04T09:50:01,10000.0,7.53,S
2021-06-04T09:49:55,2000.0,7.55,S
2021-06-04T09:49:52,500.0,7.53,S
2021-06-04T09:49:41,1000.0,7.55,S
2021-06-04T09:49:39,6000.0,7.55,S
2021-06-04T09:49:35,10000.0,7.55,S
2021-06-04T09:49:33,500.0,7.55,S
2021-06-04T09:49:29,300.0,7.55,S
2021-06-04T09:49:28,200.0,7.55,S
2021-06-04T09:49:17,5000.0,7.55,S
2021-06-04T09:49:13,1000.0,7.55,S
2021-06-04T09:49:10,8000.0,7.55,S
2021-06-04T09:49:09,100.0,7.55,S
2021-06-04T09:48:59,100.0,7.55,S
2021-06-04T09:48:46,20000.0,7.55,S
2021-06-04T09:48:44,200.0,7.55,S
2021-06-04T09:48:43,50000.0,7.55,S
2021-06-04T09:48:40,1000.0,7.55,S
2021-06-04T09:48:36,50000.0,7.55,S
2021-06-04T09:48:36,2000.0,7.55,S
2021-06-04T09:48:31,100.0,7.55,S
2021-06-04T09:48:28,400.0,7.52,S
2021-06-04T09:48:25,4000.0,7.55,S
2021-06-04T09:48:14,900.0,7.54,S
2021-06-04T09:48:08,2000.0,7.55,S
2021-06-04T09:48:03,1600.0,7.55,S
2021-06-04T09:47:57,300.0,7.55,S
2021-06-04T09:47:56,100.0,7.55,S
2021-06-04T09:47:53,300.0,7.55,S
2021-06-04T09:47:52,700.0,7.55,S
2021-06-04T09:47:48,200.0,7.55,S
2021-06-04T09:47:46,1000.0,7.55,S
2021-06-04T09:47:44,20000.0,7.55,S
2021-06-04T09:47:44,600.0,7.55,S
2021-06-04T09:47:43,10000.0,7.55,S
2021-06-04T09:47:32,10700.0,7.52,S
2021-06-04T09:47:32,1600.0,7.52,S
2021-06-04T09:47:32,13000.0,7.52,S
2021-06-04T09:47:32,9400.0,7.53,S
2021-06-04T09:47:32,100.0,7.54,S
2021-06-04T09:47:32,6100.0,7.54,S
2021-06-04T09:47:32,9100.0,7.54,S
2021-06-04T09:47:29,5400.0,7.55,S
2021-06-04T09:47:24,5000.0,7.55,S
2021-06-04T09:47:24,4000.0,7.55,S
2021-06-04T09:47:21,100.0,7.55,S
2021-06-04T09:47:18,1000.0,7.55,S
2021-06-04T09:47:16,1000.0,7.55,S
2021-06-04T09:47:16,5400.0,7.55,S
2021-06-04T09:47:15,3200.0,7.55,S
2021-06-04T09:47:15,200.0,7.55,S
2021-06-04T09:47:14,400.0,7.55,S
2021-06-04T09:47:09,5000.0,7.55,S
2021-06-04T09:47:05,100.0,7.56,B
2021-06-04T09:47:03,1000.0,7.57,B
2021-06-04T09:46:57,400.0,7.56,B
2021-06-04T09:46:53,1900.0,7.56,B
2021-06-04T09:46:40,5000.0,7.56,B
2021-06-04T09:46:37,500.0,7.56,B
2021-06-04T09:46:35,1200.0,7.56,B
2021-06-04T09:46:29,400.0,7.56,B
2021-06-04T09:46:29,500.0,7.57,B
2021-06-04T09:46:26,300.0,7.56,B
2021-06-04T09:46:24,100.0,7.56,B
2021-06-04T09:46:15,5600.0,7.56,B
2021-06-04T09:46:10,3400.0,7.56,B
2021-06-04T09:46:03,7900.0,7.55,S
2021-06-04T09:46:01,2000.0,7.54,S
2021-06-04T09:45:59,2000.0,7.55,S
2021-06-04T09:45:56,2000.0,7.54,S
2021-06-04T09:45:49,100.0,7.55,S
2021-06-04T09:45:48,6000.0,7.55,S
2021-06-04T09:45:29,300.0,7.57,B
2021-06-04T09:45:29,100.0,7.57,B
2021-06-04T09:45:29,49600.0,7.57,B
2021-06-04T09:45:28,200.0,7.55,S
2021-06-04T09:45:28,2000.0,7.55,S
2021-06-04T09:45:27,7100.0,7.55,S
2021-06-04T09:45:27,1200.0,7.55,S
2021-06-04T09:45:27,1100.0,7.55,S
2021-06-04T09:45:27,3800.0,7.55,S
2021-06-04T09:45:27,2100.0,7.55,S
2021-06-04T09:45:27,1500.0,7.55,S
2021-06-04T09:45:27,2700.0,7.55,S
2021-06-04T09:45:27,200.0,7.55,S
2021-06-04T09:45:27,6500.0,7.55,S
2021-06-04T09:45:27,2300.0,7.55,S
2021-06-04T09:45:27,2200.0,7.55,S
2021-06-04T09:45:27,500.0,7.55,S
2021-06-04T09:45:27,1200.0,7.55,S
2021-06-04T09:45:27,6000.0,7.55,S
2021-06-04T09:45:27,1500.0,7.55,S
2021-06-04T09:45:27,1100.0,7.55,S
2021-06-04T09:45:27,61700.0,7.55,S
2021-06-04T09:45:26,100.0,7.56,B
2021-06-04T09:45:20,200.0,7.56,B
2021-06-04T09:45:17,100.0,7.56,B
2021-06-04T09:45:15,500.0,7.55,S
2021-06-04T09:45:14,10000.0,7.56,B
2021-06-04T09:45:06,5000.0,7.56,B
2021-06-04T09:45:01,2000.0,7.56,B
2021-06-04T09:44:58,1000.0,7.56,B
2021-06-04T09:44:55,2400.0,7.55,S
2021-06-04T09:44:46,400.0,7.56,B
2021-06-04T09:44:34,5000.0,7.56,S
2021-06-04T09:44:26,1700.0,7.57,B
2021-06-04T09:44:26,18300.0,7.56,S
2021-06-04T09:44:23,300.0,7.55,S
2021-06-04T09:44:19,500.0,7.55,S
2021-06-04T09:44:19,19200.0,7.55,S
2021-06-04T09:44:03,16300.0,7.56,S
2021-06-04T09:44:00,5000.0,7.55,S
2021-06-04T09:43:59,400.0,7.55,S
2021-06-04T09:43:58,5600.0,7.56,S
2021-06-04T09:43:54,100.0,7.56,S
2021-06-04T09:43:48,2000.0,7.57,B
2021-06-04T09:43:41,300.0,7.56,S
2021-06-04T09:43:36,100.0,7.57,B
2021-06-04T09:43:36,1300.0,7.57,B
2021-06-04T09:43:36,28600.0,7.57,B
2021-06-04T09:43:18,5000.0,7.56,S
2021-06-04T09:43:17,6500.0,7.56,S
2021-06-04T09:43:17,1600.0,7.56,S
2021-06-04T09:43:17,1900.0,7.56,S
2021-06-04T09:43:12,4000.0,7.56,S
2021-06-04T09:43:03,2500.0,7.57,B
2021-06-04T09:43:00,200.0,7.56,S
2021-06-04T09:42:56,200.0,7.56,S
2021-06-04T09:42:40,2000.0,7.57,B
2021-06-04T09:42:40,100.0,7.55,S
2021-06-04T09:42:34,1000.0,7.56,S
2021-06-04T09:42:29,200.0,7.56,S
2021-06-04T09:42:27,800.0,7.56,S
2021-06-04T09:42:26,2200.0,7.56,S
2021-06-04T09:42:25,1200.0,7.56,S
2021-06-04T09:42:16,1000.0,7.56,S
2021-06-04T09:42:09,500.0,7.56,S
2021-06-04T09:42:09,100.0,7.56,S
2021-06-04T09:42:07,3700.0,7.57,B
2021-06-04T09:42:05,2000.0,7.57,B
2021-06-04T09:42:02,5000.0,7.56,S
2021-06-04T09:41:59,1200.0,7.57,B
2021-06-04T09:41:59,11400.0,7.57,B
2021-06-04T09:41:57,7300.0,7.56,S
2021-06-04T09:41:55,29400.0,7.56,S
2021-06-04T09:41:50,3000.0,7.56,S
2021-06-04T09:41:47,200.0,7.56,S
2021-06-04T09:41:46,5000.0,7.55,S
2021-06-04T09:41:35,200.0,7.56,S
2021-06-04T09:41:35,2000.0,7.56,S
2021-06-04T09:41:33,800.0,7.55,S
2021-06-04T09:41:33,1100.0,7.55,S
2021-06-04T09:41:33,19100.0,7.55,S
2021-06-04T09:41:32,200.0,7.56,S
2021-06-04T09:41:31,1000.0,7.55,S
2021-06-04T09:41:31,200.0,7.56,S
2021-06-04T09:41:28,10000.0,7.55,S
2021-06-04T09:41:21,100.0,7.56,S
2021-06-04T09:41:19,10000.0,7.56,S
2021-06-04T09:41:17,3200.0,7.56,S
2021-06-04T09:41:17,300.0,7.56,S
2021-06-04T09:41:17,1500.0,7.56,S
2021-06-04T09:41:08,100.0,7.57,B
2021-06-04T09:41:02,6500.0,7.56,S
2021-06-04T09:41:02,3500.0,7.56,S
2021-06-04T09:40:57,5200.0,7.57,B
2021-06-04T09:40:55,1500.0,7.56,S
2021-06-04T09:40:49,200.0,7.57,B
2021-06-04T09:40:49,200.0,7.57,B
2021-06-04T09:40:46,300.0,7.56,S
2021-06-04T09:40:35,2000.0,7.56,S
2021-06-04T09:40:27,800.0,7.56,S
2021-06-04T09:40:26,1000.0,7.56,S
2021-06-04T09:40:17,500.0,7.56,S
2021-06-04T09:40:14,5000.0,7.56,S
2021-06-04T09:40:12,300.0,7.56,S
2021-06-04T09:40:08,500.0,7.56,S
2021-06-04T09:40:06,1000.0,7.57,B
2021-06-04T09:40:04,500.0,7.57,B
2021-06-04T09:40:01,100.0,7.57,B
2021-06-04T09:39:45,500.0,7.57,B
2021-06-04T09:39:24,2000.0,7.56,S
2021-06-04T09:39:23,2000.0,7.57,B
2021-06-04T09:39:23,500.0,7.57,B
2021-06-04T09:39:20,5700.0,7.56,S
2021-06-04T09:39:17,1000.0,7.56,S
2021-06-04T09:39:15,400.0,7.57,B
2021-06-04T09:39:06,5000.0,7.56,S
2021-06-04T09:38:58,10000.0,7.56,S
2021-06-04T09:38:35,1000.0,7.57,B
2021-06-04T09:38:32,1000.0,7.57,B
2021-06-04T09:38:27,100.0,7.56,S
2021-06-04T09:38:27,500.0,7.57,B
2021-06-04T09:38:26,100.0,7.57,B
2021-06-04T09:38:22,100.0,7.57,B
2021-06-04T09:37:54,2000.0,7.57,B
2021-06-04T09:37:53,1200.0,7.57,B
2021-06-04T09:37:43,1100.0,7.56,S
2021-06-04T09:37:35,100.0,7.57,B
2021-06-04T09:37:34,500.0,7.57,B
2021-06-04T09:37:33,1000.0,7.56,S
2021-06-04T09:37:32,10000.0,7.57,B
2021-06-04T09:37:30,900.0,7.55,S
2021-06-04T09:37:30,4100.0,7.55,S
2021-06-04T09:37:22,1500.0,7.55,S
2021-06-04T09:37:18,14000.0,7.55,S
2021-06-04T09:37:18,500.0,7.55,S
2021-06-04T09:37:18,13000.0,7.55,S
2021-06-04T09:37:06,3000.0,7.57,B
2021-06-04T09:37:00,700.0,7.55,S
2021-06-04T09:36:53,5600.0,7.59,B
2021-06-04T09:36:49,39800.0,7.58,B
2021-06-04T09:36:46,100.0,7.55,S
2021-06-04T09:36:45,300.0,7.57,B
2021-06-04T09:36:35,1500.0,7.55,S
2021-06-04T09:36:32,30000.0,7.55,S
2021-06-04T09:36:26,1000.0,7.55,S
2021-06-04T09:36:25,500.0,7.57,B
2021-06-04T09:36:25,10000.0,7.57,B
2021-06-04T09:36:14,500.0,7.55,S
2021-06-04T09:36:14,500.0,7.56,S
2021-06-04T09:36:11,5000.0,7.56,S
2021-06-04T09:35:50,1000.0,7.57,S
2021-06-04T09:35:48,500.0,7.57,S
2021-06-04T09:35:45,1000.0,7.56,S
2021-06-04T09:35:41,67300.0,7.56,S
2021-06-04T09:34:28,100.0,7.57,S
2021-06-04T09:34:25,3800.0,7.57,S
2021-06-04T09:34:05,100.0,7.57,S
2021-06-04T09:34:03,5000.0,7.56,S
2021-06-04T09:33:58,50000.0,7.59,B
2021-06-04T09:33:55,10500.0,7.56,S
2021-06-04T09:33:44,5000.0,7.57,S
2021-06-04T09:33:36,4500.0,7.57,S
2021-06-04T09:33:35,1000.0,7.57,S
2021-06-04T09:33:34,300.0,7.56,S
2021-06-04T09:33:32,400.0,7.57,S
2021-06-04T09:33:25,29600.0,7.55,S
2021-06-04T09:33:25,1000.0,7.55,S
2021-06-04T09:33:25,1500.0,7.55,S
2021-06-04T09:33:25,700.0,7.55,S
2021-06-04T09:33:25,3000.0,7.55,S
2021-06-04T09:33:25,24200.0,7.55,S
2021-06-04T09:33:22,2200.0,7.56,S
2021-06-04T09:33:08,50000.0,7.59,B
2021-06-04T09:33:05,10000.0,7.55,S
2021-06-04T09:33:05,100.0,7.57,S
2021-06-04T09:32:59,1000.0,7.57,S
2021-06-04T09:32:57,1000.0,7.56,S
2021-06-04T09:32:55,400.0,7.55,S
2021-06-04T09:32:47,20000.0,7.55,S
2021-06-04T09:32:39,500.0,7.57,S
2021-06-04T09:32:33,300.0,7.56,S
2021-06-04T09:32:13,3800.0,7.57,S
2021-06-04T09:32:12,2900.0,7.55,S
2021-06-04T09:32:12,1100.0,7.55,S
2021-06-04T09:32:05,500.0,7.57,S
2021-06-04T09:32:03,2000.0,7.57,S
2021-06-04T09:32:03,200.0,7.55,S
2021-06-04T09:31:57,1200.0,7.56,S
2021-06-04T09:31:54,8700.0,7.56,S
2021-06-04T09:31:54,19700.0,7.56,S
2021-06-04T09:31:54,10100.0,7.56,S
2021-06-04T09:31:53,100.0,7.56,S
2021-06-04T09:31:52,1000.0,7.57,S
2021-06-04T09:31:50,200.0,7.57,S
2021-06-04T09:31:47,1000.0,7.57,S
2021-06-04T09:31:46,200.0,7.57,S
2021-06-04T09:31:38,400.0,7.57,S
2021-06-04T09:31:32,4000.0,7.58,S
2021-06-04T09:31:29,7000.0,7.57,S
2021-06-04T09:31:27,1300.0,7.57,S
2021-06-04T09:31:17,500.0,7.57,S
2021-06-04T09:30:52,5000.0,7.57,S
2021-06-04T09:30:36,2000.0,7.57,S
2021-06-04T09:30:24,1600.0,7.59,B
2021-06-04T09:30:22,1500.0,7.6,B
2021-06-04T09:30:22,100.0,7.59,B
2021-06-04T09:30:18,100.0,7.59,B
2021-06-04T09:30:18,200.0,7.59,B
2021-06-04T09:30:17,200.0,7.6,B
2021-06-04T09:30:12,1700.0,7.6,B
2021-06-04T09:30:12,19300.0,7.6,B
2021-06-04T09:30:12,23000.0,7.59,B
2021-06-04T09:29:52,2000.0,7.56,S
2021-06-04T09:29:47,13900.0,7.55,S
2021-06-04T09:29:42,700.0,7.55,S
2021-06-04T09:29:42,8500.0,7.55,S
2021-06-04T09:29:42,800.0,7.56,S
2021-06-04T09:29:33,1700.0,7.57,S
2021-06-04T09:29:31,300.0,7.57,S
2021-06-04T09:29:29,300.0,7.55,S
2021-06-04T09:29:22,600.0,7.57,S
2021-06-04T09:29:22,100.0,7.57,S
2021-06-04T09:29:22,500.0,7.57,S
2021-06-04T09:29:22,5800.0,7.55,S
2021-06-04T09:29:22,14200.0,7.55,S
2021-06-04T09:29:22,5000.0,7.55,S
2021-06-04T09:29:17,300.0,7.57,S
2021-06-04T09:29:17,200.0,7.57,S
2021-06-04T09:29:15,1000.0,7.59,B
2021-06-04T09:28:58,49900.0,7.6,B
2021-06-04T09:28:58,100.0,7.59,B
2021-06-04T09:28:58,14000.0,7.56,S
2021-06-04T09:28:56,1000.0,7.59,B
2021-06-04T09:28:37,5000.0,7.56,S
2021-06-04T09:28:11,500.0,7.59,B
2021-06-04T09:28:09,1800.0,7.58,S
2021-06-04T09:28:00,2000.0,7.59,B
2021-06-04T09:27:48,35000.0,7.55,S
2021-06-04T09:27:46,10000.0,7.56,S
2021-06-04T09:27:42,500.0,7.56,S
2021-06-04T09:27:41,2000.0,7.59,B
2021-06-04T09:27:39,200.0,7.59,B
2021-06-04T09:27:38,100.0,7.59,B
2021-06-04T09:27:30,10000.0,7.59,B
2021-06-04T09:27:29,4400.0,7.56,S
2021-06-04T09:27:29,100.0,7.59,B
2021-06-04T09:27:05,3000.0,7.56,S
2021-06-04T09:27:00,1100.0,7.57,S
2021-06-04T09:26:57,1000.0,7.58,S
2021-06-04T09:26:55,1000.0,7.58,S
2021-06-04T09:26:54,700.0,7.58,S
2021-06-04T09:26:36,200.0,7.6,S
2021-06-04T09:26:36,600.0,7.58,S
2021-06-04T09:26:32,1000.0,7.6,S
2021-06-04T09:26:21,200.0,7.6,S
2021-06-04T09:26:21,7100.0,7.55,S
2021-06-04T09:26:09,2000.0,7.6,S
2021-06-04T09:26:06,2400.0,7.56,S
2021-06-04T09:26:05,2000.0,7.6,S
2021-06-04T09:26:03,1200.0,7.6,S
2021-06-04T09:25:53,300.0,7.6,S
2021-06-04T09:25:53,10000.0,7.6,S
2021-06-04T09:25:50,200.0,7.58,S
2021-06-04T09:25:49,500.0,7.58,S
2021-06-04T09:25:44,200.0,7.58,S
2021-06-04T09:25:44,3400.0,7.59,S
2021-06-04T09:25:42,1800.0,7.6,S
2021-06-04T09:25:40,600.0,7.59,S
2021-06-04T09:25:38,400.0,7.6,S
2021-06-04T09:25:26,5000.0,7.6,S
2021-06-04T09:25:24,2000.0,7.59,S
2021-06-04T09:25:21,500.0,7.55,S
2021-06-04T09:25:20,4000.0,7.55,S
2021-06-04T09:25:20,5000.0,7.55,S
2021-06-04T09:25:16,1000.0,7.58,S
2021-06-04T09:25:06,4400.0,7.6,S
2021-06-04T09:25:06,3000.0,7.59,S
2021-06-04T09:24:43,2500.0,7.6,S
2021-06-04T09:24:43,500.0,7.59,S
2021-06-04T09:24:41,2000.0,7.55,S
2021-06-04T09:24:37,10000.0,7.59,S
2021-06-04T09:24:33,1500.0,7.59,S
2021-06-04T09:24:33,10000.0,7.59,S
2021-06-04T09:24:28,19600.0,7.55,S
2021-06-04T09:24:28,3000.0,7.58,S
2021-06-04T09:24:27,2400.0,7.58,S
2021-06-04T09:23:56,100.0,7.58,S
2021-06-04T09:23:48,1000.0,7.6,S
2021-06-04T09:23:48,4400.0,7.6,S
2021-06-04T09:23:48,2700.0,7.6,S
2021-06-04T09:23:47,400.0,7.6,S
2021-06-04T09:23:45,3000.0,7.6,S
2021-06-04T09:23:43,500.0,7.58,S
2021-06-04T09:23:38,2000.0,7.6,S
2021-06-04T09:23:34,100.0,7.6,S
2021-06-04T09:23:29,1000.0,7.59,S
2021-06-04T09:23:29,1000.0,7.58,S
2021-06-04T09:23:28,100.0,7.59,S
2021-06-04T09:23:25,1000.0,7.58,S
2021-06-04T09:23:06,20000.0,7.55,S
2021-06-04T09:22:56,300.0,7.55,S
2021-06-04T09:22:55,1000.0,7.6,S
2021-06-04T09:22:53,2800.0,7.55,S
2021-06-04T09:22:44,900.0,7.55,S
2021-06-04T09:22:44,1700.0,7.56,S
2021-06-04T09:22:44,2400.0,7.58,S
2021-06-04T09:22:37,2000.0,7.6,S
2021-06-04T09:22:37,100.0,7.58,S
2021-06-04T09:22:37,1900.0,7.59,S
2021-06-04T09:22:32,200.0,7.6,S
2021-06-04T09:22:30,1000.0,7.59,S
2021-06-04T09:22:21,100.0,7.59,S
2021-06-04T09:22:18,2800.0,7.6,S
2021-06-04T09:22:17,10000.0,7.56,S
2021-06-04T09:22:16,100.0,7.59,S
2021-06-04T09:22:09,7800.0,7.6,S
2021-06-04T09:22:07,200.0,7.6,S
2021-06-04T09:21:57,1500.0,7.59,S
2021-06-04T09:21:49,800.0,7.59,S
2021-06-04T09:21:49,2000.0,7.59,S
2021-06-04T09:21:49,1000.0,7.6,S
2021-06-04T09:21:41,1300.0,7.6,S
2021-06-04T09:21:34,500.0,7.6,S
2021-06-04T09:21:33,300.0,7.6,S
2021-06-04T09:21:33,300.0,7.6,S
2021-06-04T09:21:32,3000.0,7.6,S
2021-06-04T09:21:15,1900.0,7.6,S
2021-06-04T09:21:01,400.0,7.6,S
2021-06-04T09:20:47,2000.0,7.6,S
2021-06-04T09:20:42,1000.0,7.55,S
2021-06-04T09:20:41,1000.0,7.55,S
2021-06-04T09:20:39,1000.0,7.6,S
2021-06-04T09:20:36,6000.0,7.6,S
2021-06-04T09:20:32,600.0,7.55,S
2021-06-04T09:20:31,1000.0,7.6,S
2021-06-04T09:20:26,12700.0,7.6,S
2021-06-04T09:20:18,900.0,7.6,S
2021-06-04T09:20:16,1500.0,7.55,S
2021-06-04T09:20:15,600.0,7.6,S
2021-06-04T09:20:06,300.0,7.6,S
2021-06-04T09:20:03,12000.0,7.6,S
2021-06-04T09:19:56,4000.0,7.55,S
2021-06-04T09:19:50,1000.0,7.6,S
2021-06-04T09:19:48,1600.0,7.6,S
2021-06-04T09:19:48,2000.0,7.6,S
2021-06-04T09:19:38,3000.0,7.59,S
2021-06-04T09:19:37,100.0,7.6,S
2021-06-04T09:19:18,1000.0,7.6,S
2021-06-04T09:19:15,100.0,7.61,B
2021-06-04T09:19:11,5000.0,7.61,B
2021-06-04T09:19:03,9500.0,7.6,S
2021-06-04T09:19:00,1500.0,7.61,B
2021-06-04T09:18:54,500.0,7.6,S
2021-06-04T09:18:52,100.0,7.61,B
2021-06-04T09:18:48,500.0,7.61,B
2021-06-04T09:18:41,4000.0,7.61,S
2021-06-04T09:18:33,800.0,7.6,S
2021-06-04T09:18:29,2100.0,7.6,S
2021-06-04T09:18:29,3300.0,7.6,S
2021-06-04T09:18:27,400.0,7.61,S
2021-06-04T09:18:26,1000.0,7.6,S
2021-06-04T09:18:25,1000.0,7.61,S
2021-06-04T09:18:20,5000.0,7.6,S
2021-06-04T09:18:19,700.0,7.61,S
2021-06-04T09:18:16,200.0,7.61,S
2021-06-04T09:18:15,1000.0,7.61,S
2021-06-04T09:18:10,100.0,7.61,S
2021-06-04T09:18:06,1000.0,7.61,S
2021-06-04T09:18:06,1000.0,7.62,B
2021-06-04T09:18:06,500.0,7.61,S
2021-06-04T09:17:19,3000.0,7.61,S
2021-06-04T09:17:18,1000.0,7.61,S
2021-06-04T09:17:11,100.0,7.61,S
2021-06-04T09:17:09,600.0,7.62,B
2021-06-04T09:16:58,2000.0,7.62,B
2021-06-04T09:16:52,1000.0,7.62,B
2021-06-04T09:16:50,300.0,7.61,S
2021-06-04T09:16:43,100.0,7.62,B
2021-06-04T09:16:40,1300.0,7.62,B
2021-06-04T09:16:39,100.0,7.62,B
2021-06-04T09:16:29,900.0,7.62,B
2021-06-04T09:16:28,2600.0,7.62,B
2021-06-04T09:16:28,100.0,7.62,B
2021-06-04T09:16:07,300.0,7.62,S
2021-06-04T09:16:06,400.0,7.65,B
2021-06-04T09:16:03,100.0,7.62,S
2021-06-04T09:16:01,100.0,7.62,S
2021-06-04T09:15:54,2500.0,7.62,S
2021-06-04T09:15:48,100.0,7.65,S
2021-06-04T09:15:48,2300.0,7.65,S
2021-06-04T09:15:48,4800.0,7.65,S
2021-06-04T09:15:48,800.0,7.66,S
2021-06-04T09:15:42,500.0,7.66,S
2021-06-04T09:15:41,2000.0,7.67,B
2021-06-04T09:15:40,100.0,7.67,B
