tradingTime,volume,price,side
2021-06-04T14:23:39,1000.0,35.5,B
2021-06-04T14:23:39,2000.0,35.45,S
2021-06-04T14:23:39,100.0,35.5,B
2021-06-04T14:23:37,300.0,35.5,B
2021-06-04T14:23:22,2000.0,35.5,B
2021-06-04T14:23:18,5000.0,35.5,B
2021-06-04T14:23:15,2100.0,35.5,B
2021-06-04T14:22:57,100.0,35.5,B
2021-06-04T14:22:50,900.0,35.5,B
2021-06-04T14:22:43,2200.0,35.5,B
2021-06-04T14:22:42,15000.0,35.5,B
2021-06-04T14:22:40,100.0,35.45,S
2021-06-04T14:22:36,500.0,35.5,B
2021-06-04T14:22:30,2000.0,35.5,B
2021-06-04T14:22:27,2900.0,35.5,B
2021-06-04T14:22:18,100.0,35.5,B
2021-06-04T14:22:08,1500.0,35.5,B
2021-06-04T14:21:48,7100.0,35.5,B
2021-06-04T14:21:40,300.0,35.5,B
2021-06-04T14:21:34,1000.0,35.5,B
2021-06-04T14:21:31,100.0,35.45,S
2021-06-04T14:21:17,1000.0,35.5,B
2021-06-04T14:21:13,500.0,35.5,B
2021-06-04T14:21:05,100.0,35.5,B
2021-06-04T14:21:01,6500.0,35.5,B
2021-06-04T14:20:59,100.0,35.45,S
2021-06-04T14:20:55,500.0,35.5,B
2021-06-04T14:20:45,100.0,35.5,B
2021-06-04T14:20:43,10000.0,35.5,B
2021-06-04T14:20:33,2000.0,35.5,B
2021-06-04T14:20:33,10000.0,35.5,B
2021-06-04T14:20:29,9400.0,35.45,S
2021-06-04T14:20:21,400.0,35.5,B
2021-06-04T14:20:14,2200.0,35.5,B
2021-06-04T14:20:14,7800.0,35.5,B
2021-06-04T14:20:05,5000.0,35.5,B
2021-06-04T14:19:48,100.0,35.45,S
2021-06-04T14:19:35,300.0,35.45,S
2021-06-04T14:19:32,2200.0,35.45,S
2021-06-04T14:19:26,5000.0,35.5,B
2021-06-04T14:19:07,5000.0,35.4,S
2021-06-04T14:18:45,500.0,35.45,B
2021-06-04T14:18:33,1500.0,35.45,B
2021-06-04T14:18:33,400.0,35.45,B
2021-06-04T14:18:30,3100.0,35.45,B
2021-06-04T14:18:29,100.0,35.45,B
2021-06-04T14:18:26,500.0,35.5,B
2021-06-04T14:18:22,3000.0,35.45,B
2021-06-04T14:18:18,9100.0,35.45,B
2021-06-04T14:18:15,100.0,35.45,B
2021-06-04T14:18:07,10000.0,35.45,B
2021-06-04T14:17:36,2300.0,35.4,S
2021-06-04T14:17:20,10000.0,35.45,B
2021-06-04T14:17:05,800.0,35.45,B
2021-06-04T14:16:52,10000.0,35.45,B
2021-06-04T14:16:33,2000.0,35.45,B
2021-06-04T14:16:23,800.0,35.4,S
2021-06-04T14:16:23,4500.0,35.4,S
2021-06-04T14:15:49,500.0,35.45,B
2021-06-04T14:15:46,1000.0,35.4,B
2021-06-04T14:15:39,200.0,35.4,B
2021-06-04T14:15:17,400.0,35.45,B
2021-06-04T14:14:20,100.0,35.4,B
2021-06-04T14:14:19,1000.0,35.45,B
2021-06-04T14:13:59,500.0,35.4,B
2021-06-04T14:13:53,10000.0,35.45,B
2021-06-04T14:13:42,5000.0,35.45,B
2021-06-04T14:13:35,1000.0,35.4,B
2021-06-04T14:13:10,300.0,35.4,B
2021-06-04T14:13:00,2700.0,35.4,B
2021-06-04T14:12:55,100.0,35.45,B
2021-06-04T14:12:52,1000.0,35.4,B
2021-06-04T14:12:48,100.0,35.4,B
2021-06-04T14:12:48,1100.0,35.45,B
2021-06-04T14:12:48,300.0,35.45,B
2021-06-04T14:12:48,3100.0,35.45,B
2021-06-04T14:12:30,1000.0,35.4,B
2021-06-04T14:12:21,100.0,35.45,B
2021-06-04T14:12:05,6000.0,35.45,B
2021-06-04T14:11:57,1300.0,35.4,B
2021-06-04T14:11:57,8600.0,35.4,B
2021-06-04T14:11:55,200.0,35.4,B
2021-06-04T14:11:54,500.0,35.4,B
2021-06-04T14:11:37,500.0,35.4,B
2021-06-04T14:11:35,100.0,35.4,B
2021-06-04T14:11:32,200.0,35.4,B
2021-06-04T14:11:18,2900.0,35.45,B
2021-06-04T14:11:17,2200.0,35.45,B
2021-06-04T14:11:17,3100.0,35.4,B
2021-06-04T14:11:14,1000.0,35.4,B
2021-06-04T14:10:40,1000.0,35.4,B
2021-06-04T14:10:36,1000.0,35.4,B
2021-06-04T14:10:35,4500.0,35.4,S
2021-06-04T14:10:29,600.0,35.4,S
2021-06-04T14:10:28,200.0,35.4,S
2021-06-04T14:10:20,1300.0,35.4,S
2021-06-04T14:09:52,100.0,35.4,S
2021-06-04T14:09:42,4000.0,35.4,S
2021-06-04T14:09:34,700.0,35.4,S
2021-06-04T14:09:22,4000.0,35.4,S
2021-06-04T14:09:21,3000.0,35.35,S
2021-06-04T14:09:13,100.0,35.4,S
2021-06-04T14:09:07,3000.0,35.4,S
2021-06-04T14:09:04,100.0,35.4,S
2021-06-04T14:09:02,3600.0,35.4,S
2021-06-04T14:08:53,500.0,35.4,S
2021-06-04T14:08:52,200.0,35.4,S
2021-06-04T14:08:50,5300.0,35.4,S
2021-06-04T14:08:50,2600.0,35.4,S
2021-06-04T14:08:49,1000.0,35.4,S
2021-06-04T14:08:49,700.0,35.4,S
2021-06-04T14:08:49,1300.0,35.4,S
2021-06-04T14:08:49,31300.0,35.4,S
2021-06-04T14:08:46,1200.0,35.45,B
2021-06-04T14:08:42,300.0,35.45,B
2021-06-04T14:08:36,5000.0,35.45,B
2021-06-04T14:08:03,3100.0,35.4,S
2021-06-04T14:07:53,200.0,35.4,S
2021-06-04T14:07:30,2000.0,35.45,B
2021-06-04T14:07:05,1900.0,35.4,S
2021-06-04T14:07:02,2500.0,35.4,S
2021-06-04T14:06:48,200.0,35.4,S
2021-06-04T14:06:43,200.0,35.4,S
2021-06-04T14:06:38,7000.0,35.4,S
2021-06-04T14:06:35,400.0,35.45,B
2021-06-04T14:06:24,100.0,35.4,B
2021-06-04T14:06:16,2000.0,35.4,B
2021-06-04T14:06:11,2600.0,35.4,B
2021-06-04T14:05:36,200.0,35.4,B
2021-06-04T14:05:34,300.0,35.4,B
2021-06-04T14:05:10,9100.0,35.45,B
2021-06-04T14:05:01,1000.0,35.4,B
2021-06-04T14:05:00,1700.0,35.4,B
2021-06-04T14:04:59,100.0,35.45,B
2021-06-04T14:04:48,100.0,35.4,S
2021-06-04T14:04:45,200.0,35.45,B
2021-06-04T14:04:45,2200.0,35.45,B
2021-06-04T14:04:45,1500.0,35.4,S
2021-06-04T14:04:45,500.0,35.4,S
2021-06-04T14:04:38,100.0,35.4,S
2021-06-04T14:04:31,2100.0,35.45,B
2021-06-04T14:04:28,300.0,35.4,S
2021-06-04T14:04:15,2900.0,35.45,B
2021-06-04T14:04:15,3000.0,35.45,B
2021-06-04T14:04:14,7300.0,35.45,B
2021-06-04T14:04:14,5000.0,35.45,B
2021-06-04T14:04:14,5600.0,35.45,B
2021-06-04T14:04:14,5000.0,35.45,B
2021-06-04T14:04:14,21200.0,35.45,B
2021-06-04T14:04:13,100.0,35.4,B
2021-06-04T14:04:12,100.0,35.4,B
2021-06-04T14:04:10,700.0,35.45,B
2021-06-04T14:04:10,3100.0,35.45,B
2021-06-04T14:04:09,12500.0,35.45,B
2021-06-04T14:04:09,2700.0,35.4,B
2021-06-04T14:04:03,500.0,35.35,S
2021-06-04T14:03:54,2500.0,35.35,S
2021-06-04T14:03:47,1300.0,35.4,B
2021-06-04T14:03:47,1000.0,35.4,B
2021-06-04T14:03:47,1200.0,35.4,B
2021-06-04T14:03:32,100.0,35.4,B
2021-06-04T14:03:29,100.0,35.4,B
2021-06-04T14:03:12,15100.0,35.4,B
2021-06-04T14:03:12,300.0,35.4,B
2021-06-04T14:03:12,1000.0,35.4,B
2021-06-04T14:03:12,300.0,35.4,B
2021-06-04T14:03:12,12100.0,35.4,B
2021-06-04T14:03:12,900.0,35.4,B
2021-06-04T14:03:12,600.0,35.4,B
2021-06-04T14:03:11,100.0,35.4,B
2021-06-04T14:03:11,9600.0,35.4,B
2021-06-04T14:03:11,800.0,35.4,B
2021-06-04T14:03:11,1300.0,35.4,B
2021-06-04T14:03:11,100.0,35.4,B
2021-06-04T14:03:11,900.0,35.4,B
2021-06-04T14:03:11,5400.0,35.4,B
2021-06-04T14:03:11,5000.0,35.4,B
2021-06-04T14:03:11,600.0,35.4,B
2021-06-04T14:03:11,100.0,35.4,B
2021-06-04T14:03:11,700.0,35.4,B
2021-06-04T14:03:11,1000.0,35.4,B
2021-06-04T14:03:11,4000.0,35.4,B
2021-06-04T14:03:11,2400.0,35.4,B
2021-06-04T14:03:11,1300.0,35.4,B
2021-06-04T14:03:11,200.0,35.4,B
2021-06-04T14:03:11,6000.0,35.4,B
2021-06-04T14:03:11,4000.0,35.4,B
2021-06-04T14:03:11,16200.0,35.4,B
2021-06-04T14:03:09,100.0,35.4,B
2021-06-04T14:02:56,8100.0,35.4,B
2021-06-04T14:02:31,100.0,35.4,B
2021-06-04T14:02:19,500.0,35.4,B
2021-06-04T14:01:52,500.0,35.4,B
2021-06-04T14:01:31,1200.0,35.4,B
2021-06-04T14:01:28,300.0,35.35,S
2021-06-04T14:01:26,100.0,35.35,S
2021-06-04T14:01:25,3500.0,35.4,B
2021-06-04T14:01:24,6500.0,35.4,B
2021-06-04T14:01:24,200.0,35.35,S
2021-06-04T14:01:19,200.0,35.4,B
2021-06-04T14:01:08,1500.0,35.35,S
2021-06-04T14:01:00,500.0,35.35,B
2021-06-04T14:00:56,200.0,35.35,B
2021-06-04T14:00:56,300.0,35.4,B
2021-06-04T14:00:47,1000.0,35.4,B
2021-06-04T14:00:47,3000.0,35.4,B
2021-06-04T14:00:47,6000.0,35.4,B
2021-06-04T14:00:40,200.0,35.35,B
2021-06-04T14:00:37,3200.0,35.4,B
2021-06-04T14:00:36,1800.0,35.4,B
2021-06-04T14:00:32,1300.0,35.35,B
2021-06-04T14:00:15,5000.0,35.35,B
2021-06-04T14:00:03,500.0,35.35,B
2021-06-04T13:59:49,3900.0,35.35,B
2021-06-04T13:59:49,500.0,35.35,B
2021-06-04T13:59:49,1700.0,35.35,B
2021-06-04T13:59:43,3000.0,35.35,B
2021-06-04T13:59:42,500.0,35.3,S
2021-06-04T13:59:38,1500.0,35.3,S
2021-06-04T13:59:25,3000.0,35.3,S
2021-06-04T13:59:22,200.0,35.3,S
2021-06-04T13:59:16,1000.0,35.35,B
2021-06-04T13:59:15,7000.0,35.35,B
2021-06-04T13:59:08,600.0,35.3,S
2021-06-04T13:59:02,500.0,35.35,B
2021-06-04T13:58:39,16900.0,35.35,B
2021-06-04T13:58:38,23100.0,35.35,B
2021-06-04T13:58:37,100.0,35.3,S
2021-06-04T13:58:22,500.0,35.3,B
2021-06-04T13:58:18,100.0,35.3,B
2021-06-04T13:58:17,500.0,35.3,B
2021-06-04T13:58:15,100.0,35.3,B
2021-06-04T13:58:14,300.0,35.3,B
2021-06-04T13:58:13,1000.0,35.3,B
2021-06-04T13:58:11,200.0,35.3,B
2021-06-04T13:58:06,500.0,35.3,B
2021-06-04T13:58:06,800.0,35.3,B
2021-06-04T13:58:03,200.0,35.3,B
2021-06-04T13:57:53,1700.0,35.3,B
2021-06-04T13:57:53,300.0,35.3,B
2021-06-04T13:57:42,800.0,35.3,B
2021-06-04T13:57:25,3000.0,35.3,B
2021-06-04T13:57:15,500.0,35.3,B
2021-06-04T13:57:04,100.0,35.3,B
2021-06-04T13:57:02,1500.0,35.3,B
2021-06-04T13:57:02,1000.0,35.3,B
2021-06-04T13:56:57,100.0,35.3,B
2021-06-04T13:56:55,100.0,35.3,B
2021-06-04T13:56:52,5000.0,35.3,B
2021-06-04T13:56:50,1000.0,35.3,B
2021-06-04T13:56:49,200.0,35.3,B
2021-06-04T13:56:44,100.0,35.3,B
2021-06-04T13:56:42,1000.0,35.3,B
2021-06-04T13:56:37,200.0,35.3,B
2021-06-04T13:56:26,1000.0,35.3,B
2021-06-04T13:56:20,500.0,35.3,B
2021-06-04T13:56:20,100.0,35.3,B
2021-06-04T13:56:06,1000.0,35.25,S
2021-06-04T13:55:56,600.0,35.3,B
2021-06-04T13:55:55,1000.0,35.3,B
2021-06-04T13:55:53,500.0,35.3,B
2021-06-04T13:55:40,1000.0,35.3,B
2021-06-04T13:55:38,100.0,35.3,B
2021-06-04T13:55:36,400.0,35.3,B
2021-06-04T13:55:27,100.0,35.3,B
2021-06-04T13:55:21,200.0,35.3,B
2021-06-04T13:55:20,24800.0,35.3,B
2021-06-04T13:55:19,200.0,35.3,B
2021-06-04T13:55:17,2500.0,35.3,B
2021-06-04T13:55:17,100.0,35.3,B
2021-06-04T13:55:16,100.0,35.3,B
2021-06-04T13:55:16,7300.0,35.3,B
2021-06-04T13:55:16,1500.0,35.3,B
2021-06-04T13:55:08,5000.0,35.3,B
2021-06-04T13:55:05,100.0,35.3,B
2021-06-04T13:55:05,100.0,35.3,B
2021-06-04T13:55:05,100.0,35.3,B
2021-06-04T13:55:02,2000.0,35.3,B
2021-06-04T13:54:55,300.0,35.3,B
2021-06-04T13:54:51,1400.0,35.25,S
2021-06-04T13:54:37,86100.0,35.3,B
2021-06-04T13:54:37,3900.0,35.3,B
2021-06-04T13:54:36,500.0,35.25,S
2021-06-04T13:54:32,100.0,35.25,S
2021-06-04T13:54:24,200.0,35.25,S
2021-06-04T13:54:23,500.0,35.25,S
2021-06-04T13:54:16,500.0,35.25,S
2021-06-04T13:54:09,100.0,35.3,B
2021-06-04T13:53:56,200.0,35.3,B
2021-06-04T13:53:49,5000.0,35.3,B
2021-06-04T13:53:41,1000.0,35.3,B
2021-06-04T13:53:38,100.0,35.25,S
2021-06-04T13:53:36,1000.0,35.3,B
2021-06-04T13:53:28,2000.0,35.25,S
2021-06-04T13:53:20,500.0,35.3,B
2021-06-04T13:53:19,500.0,35.3,B
2021-06-04T13:53:13,400.0,35.3,B
2021-06-04T13:53:00,5000.0,35.3,B
2021-06-04T13:52:56,5000.0,35.3,B
2021-06-04T13:52:53,600.0,35.3,B
2021-06-04T13:52:51,200.0,35.3,B
2021-06-04T13:52:24,1000.0,35.3,B
2021-06-04T13:52:15,1100.0,35.3,B
2021-06-04T13:52:10,10000.0,35.3,B
2021-06-04T13:52:06,1200.0,35.3,B
2021-06-04T13:52:00,2200.0,35.3,B
2021-06-04T13:51:50,2100.0,35.3,S
2021-06-04T13:51:50,11000.0,35.3,S
2021-06-04T13:51:50,1800.0,35.3,S
2021-06-04T13:51:50,400.0,35.3,S
2021-06-04T13:51:42,300.0,35.35,B
2021-06-04T13:51:27,100.0,35.35,B
2021-06-04T13:51:21,100.0,35.35,B
2021-06-04T13:51:09,100.0,35.35,B
2021-06-04T13:51:08,400.0,35.3,S
2021-06-04T13:50:49,300.0,35.3,S
2021-06-04T13:50:48,500.0,35.3,S
2021-06-04T13:50:28,100.0,35.3,B
2021-06-04T13:50:28,300.0,35.3,B
2021-06-04T13:50:28,2900.0,35.3,B
2021-06-04T13:50:26,200.0,35.3,B
2021-06-04T13:50:12,700.0,35.3,B
2021-06-04T13:50:12,300.0,35.3,B
2021-06-04T13:50:12,2700.0,35.3,B
2021-06-04T13:50:12,1100.0,35.3,B
2021-06-04T13:50:12,8300.0,35.3,B
2021-06-04T13:50:12,500.0,35.3,B
2021-06-04T13:50:12,14800.0,35.3,B
2021-06-04T13:49:53,1000.0,35.3,B
2021-06-04T13:49:45,10000.0,35.3,B
2021-06-04T13:49:43,300.0,35.3,B
2021-06-04T13:49:42,500.0,35.3,B
2021-06-04T13:49:31,200.0,35.25,S
2021-06-04T13:49:30,100.0,35.3,B
2021-06-04T13:49:03,300.0,35.3,B
2021-06-04T13:48:49,1000.0,35.3,B
2021-06-04T13:48:31,3500.0,35.3,B
2021-06-04T13:48:26,2000.0,35.3,B
2021-06-04T13:48:17,2500.0,35.3,B
2021-06-04T13:48:15,900.0,35.25,S
2021-06-04T13:48:15,2600.0,35.25,S
2021-06-04T13:48:13,600.0,35.3,B
2021-06-04T13:47:59,900.0,35.3,B
2021-06-04T13:47:52,10000.0,35.3,B
2021-06-04T13:47:48,100.0,35.3,B
2021-06-04T13:47:36,500.0,35.3,B
2021-06-04T13:47:26,1000.0,35.3,B
2021-06-04T13:47:17,100.0,35.3,B
2021-06-04T13:47:17,400.0,35.3,B
2021-06-04T13:47:15,200.0,35.3,B
2021-06-04T13:47:02,1200.0,35.3,B
2021-06-04T13:46:56,1800.0,35.3,B
2021-06-04T13:46:23,1000.0,35.3,S
2021-06-04T13:46:23,300.0,35.3,S
2021-06-04T13:46:23,57800.0,35.3,S
2021-06-04T13:46:13,400.0,35.3,S
2021-06-04T13:46:05,200.0,35.3,S
2021-06-04T13:46:05,600.0,35.35,B
2021-06-04T13:45:58,2500.0,35.35,B
2021-06-04T13:45:56,100.0,35.35,B
2021-06-04T13:45:42,500.0,35.3,S
2021-06-04T13:45:40,100.0,35.3,S
2021-06-04T13:45:36,2000.0,35.35,B
2021-06-04T13:45:33,500.0,35.3,S
2021-06-04T13:45:33,1500.0,35.3,S
2021-06-04T13:45:33,5000.0,35.3,S
2021-06-04T13:45:28,1000.0,35.3,S
2021-06-04T13:45:11,800.0,35.3,B
2021-06-04T13:45:10,500.0,35.3,B
2021-06-04T13:45:03,1100.0,35.3,B
2021-06-04T13:45:00,100.0,35.3,B
2021-06-04T13:45:00,1600.0,35.35,B
2021-06-04T13:44:44,100.0,35.3,B
2021-06-04T13:44:44,5200.0,35.3,B
2021-06-04T13:44:05,5400.0,35.3,B
2021-06-04T13:44:05,6200.0,35.3,B
2021-06-04T13:44:05,200.0,35.3,B
2021-06-04T13:44:05,300.0,35.3,B
2021-06-04T13:44:05,3300.0,35.3,B
2021-06-04T13:44:05,15000.0,35.3,B
2021-06-04T13:44:05,200.0,35.3,B
2021-06-04T13:44:05,1000.0,35.3,B
2021-06-04T13:44:05,1100.0,35.3,B
2021-06-04T13:44:05,21200.0,35.3,B
2021-06-04T13:43:54,2700.0,35.25,S
2021-06-04T13:43:51,100.0,35.25,S
2021-06-04T13:43:47,300.0,35.25,S
2021-06-04T13:43:47,1700.0,35.25,S
2021-06-04T13:43:42,5000.0,35.25,S
2021-06-04T13:43:35,300.0,35.3,B
2021-06-04T13:43:34,100.0,35.3,B
2021-06-04T13:43:33,1000.0,35.3,B
2021-06-04T13:43:27,1400.0,35.3,B
2021-06-04T13:43:26,100.0,35.3,B
2021-06-04T13:43:06,1500.0,35.3,B
2021-06-04T13:42:58,1000.0,35.25,S
2021-06-04T13:42:50,2900.0,35.3,B
2021-06-04T13:42:50,100.0,35.3,B
2021-06-04T13:42:49,3000.0,35.25,S
2021-06-04T13:42:41,1000.0,35.25,S
2021-06-04T13:42:41,4000.0,35.3,B
2021-06-04T13:42:39,100.0,35.25,S
2021-06-04T13:42:37,1000.0,35.25,S
2021-06-04T13:42:33,1000.0,35.25,S
2021-06-04T13:42:28,7000.0,35.25,S
2021-06-04T13:42:27,200.0,35.25,S
2021-06-04T13:42:12,4000.0,35.25,S
2021-06-04T13:42:12,3000.0,35.25,S
2021-06-04T13:42:12,4000.0,35.25,S
2021-06-04T13:42:05,100.0,35.3,B
2021-06-04T13:42:01,600.0,35.3,B
2021-06-04T13:41:35,1000.0,35.25,S
2021-06-04T13:41:06,1000.0,35.3,B
2021-06-04T13:41:01,5000.0,35.3,B
2021-06-04T13:40:47,100.0,35.3,B
2021-06-04T13:40:17,600.0,35.3,B
2021-06-04T13:40:09,4000.0,35.3,B
2021-06-04T13:39:42,100.0,35.3,B
2021-06-04T13:39:15,1000.0,35.2,S
2021-06-04T13:39:07,200.0,35.2,S
2021-06-04T13:38:54,3400.0,35.3,B
2021-06-04T13:38:54,3900.0,35.3,B
2021-06-04T13:38:54,1000.0,35.3,B
2021-06-04T13:38:54,11700.0,35.3,B
2021-06-04T13:38:53,900.0,35.2,B
2021-06-04T13:38:45,1000.0,35.2,B
2021-06-04T13:38:41,2000.0,35.2,B
2021-06-04T13:38:37,900.0,35.2,B
2021-06-04T13:38:31,2000.0,35.2,B
2021-06-04T13:38:30,2000.0,35.2,B
2021-06-04T13:38:29,2700.0,35.2,B
2021-06-04T13:38:28,7300.0,35.2,B
2021-06-04T13:38:27,500.0,35.2,B
2021-06-04T13:38:26,300.0,35.2,B
2021-06-04T13:38:19,100.0,35.2,S
2021-06-04T13:38:18,300.0,35.2,S
2021-06-04T13:38:15,400.0,35.2,S
2021-06-04T13:38:15,300.0,35.2,S
2021-06-04T13:37:50,800.0,35.2,S
2021-06-04T13:37:05,1000.0,35.3,B
2021-06-04T13:37:01,500.0,35.3,B
2021-06-04T13:37:01,1800.0,35.3,B
2021-06-04T13:37:01,3700.0,35.3,B
2021-06-04T13:37:01,1100.0,35.3,B
2021-06-04T13:37:01,5200.0,35.25,B
2021-06-04T13:37:00,1200.0,35.25,B
2021-06-04T13:37:00,1000.0,35.25,B
2021-06-04T13:37:00,5900.0,35.25,B
2021-06-04T13:37:00,2400.0,35.25,B
2021-06-04T13:37:00,5000.0,35.2,B
2021-06-04T13:37:00,200.0,35.2,B
2021-06-04T13:37:00,7500.0,35.2,B
2021-06-04T13:37:00,8100.0,35.2,B
2021-06-04T13:36:59,200.0,35.2,B
2021-06-04T13:36:48,1500.0,35.2,B
2021-06-04T13:36:34,200.0,35.15,S
2021-06-04T13:36:34,100.0,35.2,B
2021-06-04T13:36:31,5000.0,35.15,S
2021-06-04T13:36:29,200.0,35.2,B
2021-06-04T13:36:17,2000.0,35.2,B
2021-06-04T13:36:12,100.0,35.15,S
2021-06-04T13:36:09,1000.0,35.2,B
2021-06-04T13:35:53,500.0,35.15,S
2021-06-04T13:35:51,100.0,35.2,B
2021-06-04T13:35:47,2000.0,35.2,B
2021-06-04T13:35:45,500.0,35.2,B
2021-06-04T13:35:35,200.0,35.2,B
2021-06-04T13:35:33,37200.0,35.2,B
2021-06-04T13:35:14,1000.0,35.2,B
2021-06-04T13:35:08,6100.0,35.2,B
2021-06-04T13:35:08,1100.0,35.2,B
2021-06-04T13:35:07,500.0,35.15,S
2021-06-04T13:35:00,1000.0,35.15,S
2021-06-04T13:34:51,100.0,35.2,B
2021-06-04T13:34:48,100.0,35.2,B
2021-06-04T13:34:48,500.0,35.2,B
2021-06-04T13:34:46,15000.0,35.2,B
2021-06-04T13:34:43,1600.0,35.2,B
2021-06-04T13:34:30,500.0,35.2,B
2021-06-04T13:34:27,4000.0,35.2,B
2021-06-04T13:34:27,1000.0,35.2,B
2021-06-04T13:34:22,9000.0,35.2,B
2021-06-04T13:34:15,800.0,35.2,B
2021-06-04T13:33:54,300.0,35.2,B
2021-06-04T13:33:45,2000.0,35.2,B
2021-06-04T13:33:25,700.0,35.2,B
2021-06-04T13:33:15,1000.0,35.2,B
2021-06-04T13:33:15,200.0,35.2,B
2021-06-04T13:32:54,5000.0,35.2,B
2021-06-04T13:32:46,300.0,35.2,B
2021-06-04T13:32:38,1000.0,35.2,B
2021-06-04T13:32:35,500.0,35.2,B
2021-06-04T13:32:21,1000.0,35.2,B
2021-06-04T13:32:03,3000.0,35.2,B
2021-06-04T13:31:58,500.0,35.2,B
2021-06-04T13:31:53,600.0,35.15,S
2021-06-04T13:31:53,1000.0,35.15,S
2021-06-04T13:31:53,400.0,35.15,S
2021-06-04T13:31:50,1000.0,35.2,B
2021-06-04T13:31:48,1000.0,35.2,B
2021-06-04T13:31:45,800.0,35.15,S
2021-06-04T13:31:44,800.0,35.2,B
2021-06-04T13:31:33,2000.0,35.2,B
2021-06-04T13:31:31,2000.0,35.2,B
2021-06-04T13:31:21,100.0,35.15,S
2021-06-04T13:31:18,300.0,35.2,B
2021-06-04T13:31:14,15000.0,35.2,B
2021-06-04T13:31:13,200.0,35.2,B
2021-06-04T13:31:12,200.0,35.2,B
2021-06-04T13:31:04,200.0,35.15,S
2021-06-04T13:30:56,3000.0,35.2,B
2021-06-04T13:30:28,500.0,35.2,B
2021-06-04T13:30:24,300.0,35.2,B
2021-06-04T13:30:10,200.0,35.2,B
2021-06-04T13:30:08,500.0,35.2,B
2021-06-04T13:30:02,500.0,35.2,B
2021-06-04T13:30:00,1800.0,35.2,B
2021-06-04T13:29:27,1600.0,35.2,B
2021-06-04T13:29:01,1200.0,35.2,B
2021-06-04T13:29:01,1800.0,35.2,B
2021-06-04T13:28:46,1000.0,35.2,B
2021-06-04T13:28:37,500.0,35.15,S
2021-06-04T13:28:37,4000.0,35.2,B
2021-06-04T13:28:30,2000.0,35.15,S
2021-06-04T13:28:14,100.0,35.15,S
2021-06-04T13:28:13,1000.0,35.2,B
2021-06-04T13:28:07,1300.0,35.15,S
2021-06-04T13:27:58,1000.0,35.15,S
2021-06-04T13:27:57,1400.0,35.2,B
2021-06-04T13:27:46,100.0,35.2,B
2021-06-04T13:27:44,400.0,35.2,B
2021-06-04T13:27:21,800.0,35.15,S
2021-06-04T13:27:03,3000.0,35.15,S
2021-06-04T13:27:01,2000.0,35.2,B
2021-06-04T13:26:25,1000.0,35.2,B
2021-06-04T13:26:12,2000.0,35.15,S
2021-06-04T13:26:12,7000.0,35.15,S
2021-06-04T13:25:53,5000.0,35.15,S
2021-06-04T13:25:48,3000.0,35.15,S
2021-06-04T13:25:43,2600.0,35.1,S
2021-06-04T13:25:43,900.0,35.1,S
2021-06-04T13:25:33,2000.0,35.15,S
2021-06-04T13:25:31,20000.0,35.15,S
2021-06-04T13:25:30,2500.0,35.1,S
2021-06-04T13:25:29,200.0,35.15,S
2021-06-04T13:25:24,12800.0,35.15,S
2021-06-04T13:25:19,300.0,35.15,S
2021-06-04T13:25:15,7000.0,35.2,B
2021-06-04T13:25:04,100.0,35.15,S
2021-06-04T13:24:55,6000.0,35.15,S
2021-06-04T13:24:50,1000.0,35.15,S
2021-06-04T13:24:44,1000.0,35.15,S
2021-06-04T13:24:35,8100.0,35.2,B
2021-06-04T13:24:35,600.0,35.2,B
2021-06-04T13:24:35,2700.0,35.2,B
2021-06-04T13:24:35,1400.0,35.2,B
2021-06-04T13:24:35,100.0,35.2,B
2021-06-04T13:24:35,7100.0,35.2,B
2021-06-04T13:24:34,200.0,35.2,B
2021-06-04T13:24:23,4300.0,35.1,S
2021-06-04T13:24:06,1000.0,35.15,S
2021-06-04T13:23:46,3500.0,35.1,S
2021-06-04T13:23:28,2000.0,35.15,S
2021-06-04T13:23:26,200.0,35.2,B
2021-06-04T13:23:26,1000.0,35.2,B
2021-06-04T13:23:15,1100.0,35.2,B
2021-06-04T13:23:15,500.0,35.2,B
2021-06-04T13:23:15,500.0,35.2,B
2021-06-04T13:23:15,1100.0,35.2,B
2021-06-04T13:23:14,1800.0,35.2,B
2021-06-04T13:22:35,3000.0,35.1,S
2021-06-04T13:22:31,25000.0,35.1,S
2021-06-04T13:22:30,600.0,35.2,B
2021-06-04T13:22:30,800.0,35.1,S
2021-06-04T13:22:29,200.0,35.15,S
2021-06-04T13:22:25,200.0,35.15,S
2021-06-04T13:22:25,500.0,35.2,B
2021-06-04T13:22:16,200.0,35.15,S
2021-06-04T13:22:12,2000.0,35.2,B
2021-06-04T13:22:03,12500.0,35.2,B
2021-06-04T13:22:03,12500.0,35.2,B
2021-06-04T13:21:58,1400.0,35.2,B
2021-06-04T13:21:49,2000.0,35.1,S
2021-06-04T13:21:40,5000.0,35.2,B
2021-06-04T13:21:32,5000.0,35.2,B
2021-06-04T13:21:25,100.0,35.15,S
2021-06-04T13:21:10,1500.0,35.1,S
2021-06-04T13:21:05,7300.0,35.1,S
2021-06-04T13:21:05,700.0,35.15,S
2021-06-04T13:20:56,2000.0,35.2,B
2021-06-04T13:20:49,500.0,35.2,B
2021-06-04T13:20:47,2000.0,35.15,S
2021-06-04T13:20:45,500.0,35.15,S
2021-06-04T13:20:43,500.0,35.2,B
2021-06-04T13:20:23,17100.0,35.1,B
2021-06-04T13:20:23,5500.0,35.1,B
2021-06-04T13:20:23,3600.0,35.1,B
2021-06-04T13:20:23,1200.0,35.15,B
2021-06-04T13:20:22,2600.0,35.15,B
2021-06-04T13:20:18,1500.0,35.15,B
2021-06-04T13:19:37,4500.0,35.2,B
2021-06-04T13:19:37,5500.0,35.2,B
2021-06-04T13:19:36,600.0,35.2,B
2021-06-04T13:19:34,6900.0,35.15,B
2021-06-04T13:19:34,2000.0,35.1,B
2021-06-04T13:19:28,500.0,35.1,B
2021-06-04T13:19:17,500.0,35.15,B
2021-06-04T13:19:17,500.0,35.15,B
2021-06-04T13:19:05,2000.0,35.1,B
2021-06-04T13:18:54,600.0,35.2,B
2021-06-04T13:18:54,300.0,35.2,B
2021-06-04T13:18:54,1100.0,35.2,B
2021-06-04T13:18:53,8900.0,35.2,B
2021-06-04T13:18:53,4300.0,35.2,B
2021-06-04T13:18:53,300.0,35.2,B
2021-06-04T13:18:53,3200.0,35.2,B
2021-06-04T13:18:53,200.0,35.2,B
2021-06-04T13:18:53,2500.0,35.2,B
2021-06-04T13:18:53,26200.0,35.2,B
2021-06-04T13:18:48,1000.0,35.15,B
2021-06-04T13:18:37,1000.0,35.15,B
2021-06-04T13:18:31,10000.0,35.15,B
2021-06-04T13:18:18,3000.0,35.15,B
2021-06-04T13:18:08,2000.0,35.1,B
2021-06-04T13:18:06,2000.0,35.15,B
2021-06-04T13:18:03,100.0,35.15,B
2021-06-04T13:18:01,2000.0,35.1,B
2021-06-04T13:17:48,5000.0,35.1,B
2021-06-04T13:17:47,20000.0,35.15,B
2021-06-04T13:17:31,2000.0,35.15,B
2021-06-04T13:17:28,1600.0,35.15,B
2021-06-04T13:17:27,1000.0,35.15,B
2021-06-04T13:17:23,1000.0,35.2,B
2021-06-04T13:17:23,2200.0,35.2,B
2021-06-04T13:17:23,6800.0,35.2,B
2021-06-04T13:17:13,1000.0,35.05,S
2021-06-04T13:17:08,3500.0,35.05,S
2021-06-04T13:17:05,10000.0,35.2,B
2021-06-04T13:16:58,2000.0,35.15,B
2021-06-04T13:16:49,2600.0,35.15,B
2021-06-04T13:16:49,1900.0,35.15,B
2021-06-04T13:16:49,15500.0,35.15,B
2021-06-04T13:16:46,100.0,35.1,B
2021-06-04T13:16:46,300.0,35.15,B
2021-06-04T13:16:17,400.0,35.1,B
2021-06-04T13:16:17,1000.0,35.1,B
2021-06-04T13:16:17,100.0,35.1,B
2021-06-04T13:16:16,500.0,35.1,B
2021-06-04T13:16:15,500.0,35.15,B
2021-06-04T13:16:07,10000.0,35.15,B
2021-06-04T13:16:04,200.0,35.1,B
2021-06-04T13:16:02,300.0,35.15,B
2021-06-04T13:16:01,500.0,35.15,B
2021-06-04T13:16:01,200.0,35.15,B
2021-06-04T13:16:00,1500.0,35.1,B
2021-06-04T13:15:59,9500.0,35.15,B
2021-06-04T13:15:59,400.0,35.15,B
2021-06-04T13:15:59,200.0,35.15,B
2021-06-04T13:15:58,100.0,35.15,B
2021-06-04T13:15:58,1400.0,35.15,B
2021-06-04T13:15:58,3200.0,35.15,B
2021-06-04T13:15:58,1000.0,35.15,B
2021-06-04T13:15:58,1700.0,35.15,B
2021-06-04T13:15:58,1200.0,35.15,B
2021-06-04T13:15:58,1300.0,35.15,B
2021-06-04T13:15:45,3500.0,35.1,B
2021-06-04T13:15:26,200.0,35.1,B
2021-06-04T13:15:17,300.0,35.05,S
2021-06-04T13:15:17,1000.0,35.1,B
2021-06-04T13:15:08,3000.0,35.15,B
2021-06-04T13:14:57,200.0,35.15,B
2021-06-04T13:14:48,10000.0,35.15,B
2021-06-04T13:14:48,500.0,35.05,S
2021-06-04T13:14:47,800.0,35.1,B
2021-06-04T13:14:34,2000.0,35.05,S
2021-06-04T13:14:31,1500.0,35.15,B
2021-06-04T13:14:20,5000.0,35.15,B
2021-06-04T13:14:18,1000.0,35.05,S
2021-06-04T13:14:17,4300.0,35.15,B
2021-06-04T13:14:17,200.0,35.1,B
2021-06-04T13:14:17,5800.0,35.1,B
2021-06-04T13:14:17,4100.0,35.1,B
2021-06-04T13:14:16,1700.0,35.1,B
2021-06-04T13:14:04,1000.0,35.1,B
2021-06-04T13:13:46,5000.0,35.1,B
2021-06-04T13:13:40,1200.0,35.1,B
2021-06-04T13:13:40,8800.0,35.1,B
2021-06-04T13:13:28,30000.0,35.05,S
2021-06-04T13:13:27,3000.0,35.05,S
2021-06-04T13:13:18,300.0,35.1,B
2021-06-04T13:13:15,200.0,35.05,S
2021-06-04T13:13:10,800.0,35.1,B
2021-06-04T13:13:01,500.0,35.05,B
2021-06-04T13:12:59,5000.0,35.05,B
2021-06-04T13:12:57,3000.0,35.05,B
2021-06-04T13:12:51,400.0,35.05,B
2021-06-04T13:12:48,300.0,35.1,B
2021-06-04T13:12:46,30000.0,35.05,B
2021-06-04T13:12:34,13000.0,35.05,B
2021-06-04T13:12:29,1500.0,35.05,B
2021-06-04T13:12:25,9500.0,35.1,B
2021-06-04T13:12:25,500.0,35.1,B
2021-06-04T13:12:24,1800.0,35.1,B
2021-06-04T13:12:22,600.0,35.05,B
2021-06-04T13:11:43,4000.0,35.05,B
2021-06-04T13:11:39,300.0,35.05,B
2021-06-04T13:11:33,500.0,35.05,B
2021-06-04T13:11:30,500.0,35.0,S
2021-06-04T13:11:17,5000.0,35.1,B
2021-06-04T13:11:10,2000.0,35.0,S
2021-06-04T13:11:08,6500.0,35.05,B
2021-06-04T13:11:05,1000.0,35.05,B
2021-06-04T13:11:02,1000.0,35.05,B
2021-06-04T13:11:01,1000.0,35.0,S
2021-06-04T13:10:58,100.0,35.05,B
2021-06-04T13:10:58,200.0,35.05,B
2021-06-04T13:10:53,100.0,35.05,B
2021-06-04T13:10:31,200.0,35.0,S
2021-06-04T13:10:28,1000.0,35.0,S
2021-06-04T13:10:27,10200.0,35.05,B
2021-06-04T13:10:27,2800.0,35.05,B
2021-06-04T13:10:26,1000.0,35.0,S
2021-06-04T13:10:13,2000.0,35.0,S
2021-06-04T13:10:09,100.0,35.05,B
2021-06-04T13:10:08,11300.0,35.0,S
2021-06-04T13:09:55,2000.0,35.0,S
2021-06-04T13:09:55,1000.0,35.0,S
2021-06-04T13:09:51,1000.0,35.05,B
2021-06-04T13:09:46,500.0,35.05,B
2021-06-04T13:09:45,20000.0,35.0,S
2021-06-04T13:09:42,10000.0,35.0,S
2021-06-04T13:09:34,1000.0,35.05,B
2021-06-04T13:09:33,1000.0,35.05,B
2021-06-04T13:09:30,200.0,35.0,S
2021-06-04T13:09:28,800.0,35.0,S
2021-06-04T13:09:17,5000.0,35.05,B
2021-06-04T13:09:16,200.0,35.05,B
2021-06-04T13:09:06,200.0,35.05,B
2021-06-04T13:09:05,300.0,35.05,B
2021-06-04T13:09:02,1000.0,35.05,B
2021-06-04T13:09:02,700.0,35.0,S
2021-06-04T13:09:01,2800.0,35.0,S
2021-06-04T13:08:54,5000.0,35.05,B
2021-06-04T13:08:38,400.0,35.05,B
2021-06-04T13:08:30,1000.0,35.0,S
2021-06-04T13:08:25,3000.0,35.05,B
2021-06-04T13:08:18,500.0,35.05,B
2021-06-04T13:08:15,2000.0,35.05,B
2021-06-04T13:08:06,1000.0,35.05,B
2021-06-04T13:08:01,1900.0,35.05,B
2021-06-04T13:07:57,2700.0,35.05,B
2021-06-04T13:07:56,100.0,35.05,B
2021-06-04T13:07:55,200.0,35.05,B
2021-06-04T13:07:50,1000.0,35.05,B
2021-06-04T13:07:50,1000.0,35.05,B
2021-06-04T13:07:49,3300.0,35.0,S
2021-06-04T13:07:49,1700.0,35.0,S
2021-06-04T13:07:47,400.0,35.0,S
2021-06-04T13:07:46,2500.0,35.05,B
2021-06-04T13:07:45,500.0,35.05,B
2021-06-04T13:07:41,100.0,35.05,B
2021-06-04T13:07:41,200.0,35.05,B
2021-06-04T13:07:36,1800.0,35.05,B
2021-06-04T13:07:32,300.0,35.05,B
2021-06-04T13:07:32,1300.0,35.05,B
2021-06-04T13:07:31,600.0,35.0,S
2021-06-04T13:07:23,400.0,35.0,S
2021-06-04T13:07:19,1000.0,35.05,B
2021-06-04T13:07:19,500.0,35.05,B
2021-06-04T13:07:11,500.0,35.05,B
2021-06-04T13:06:53,100.0,35.0,S
2021-06-04T13:06:46,300.0,35.05,B
2021-06-04T13:06:44,11000.0,35.0,S
2021-06-04T13:06:35,1000.0,35.0,S
2021-06-04T13:06:21,3500.0,35.0,S
2021-06-04T13:06:19,100.0,35.05,B
2021-06-04T13:05:53,1000.0,35.05,B
2021-06-04T13:05:48,1000.0,35.05,B
2021-06-04T13:05:47,15000.0,35.0,S
2021-06-04T13:05:44,1400.0,35.05,B
2021-06-04T13:05:39,1500.0,35.0,S
2021-06-04T13:05:34,200.0,35.05,S
2021-06-04T13:05:33,300.0,35.0,S
2021-06-04T13:05:31,1000.0,35.05,S
2021-06-04T13:05:30,1000.0,35.05,S
2021-06-04T13:05:28,200.0,35.05,S
2021-06-04T13:05:28,200.0,35.05,S
2021-06-04T13:05:24,1000.0,35.05,S
2021-06-04T13:05:24,1000.0,35.05,S
2021-06-04T13:05:23,1500.0,35.05,S
2021-06-04T13:05:23,100.0,35.05,S
2021-06-04T13:05:20,5000.0,35.05,S
2021-06-04T13:05:06,300.0,35.05,S
2021-06-04T13:05:06,400.0,35.05,S
2021-06-04T13:04:58,2000.0,35.0,S
2021-06-04T13:04:52,1000.0,35.0,S
2021-06-04T13:04:35,300.0,35.05,S
2021-06-04T13:04:21,200.0,35.05,S
2021-06-04T13:04:17,1000.0,35.05,S
2021-06-04T13:04:11,3800.0,35.05,S
2021-06-04T13:04:11,1200.0,35.05,S
2021-06-04T13:03:57,500.0,35.05,S
2021-06-04T13:03:52,3500.0,35.0,S
2021-06-04T13:03:48,100.0,35.05,S
2021-06-04T13:03:41,200.0,35.0,S
2021-06-04T13:03:35,100.0,35.05,S
2021-06-04T13:03:33,1000.0,35.05,S
2021-06-04T13:03:30,1000.0,35.0,S
2021-06-04T13:03:29,1400.0,35.05,S
2021-06-04T13:03:28,1000.0,35.05,S
2021-06-04T13:03:20,200.0,35.05,S
2021-06-04T13:03:01,300.0,35.05,S
2021-06-04T13:02:55,100.0,35.05,S
2021-06-04T13:02:46,2000.0,35.0,S
2021-06-04T13:02:44,300.0,35.05,S
2021-06-04T13:02:24,200.0,35.05,S
2021-06-04T13:02:23,5000.0,35.0,S
2021-06-04T13:01:48,300.0,35.05,S
2021-06-04T13:01:47,500.0,35.05,S
2021-06-04T13:01:45,100.0,35.05,S
2021-06-04T13:01:35,500.0,35.0,S
2021-06-04T13:01:33,1500.0,35.1,B
2021-06-04T13:01:30,100.0,35.05,S
2021-06-04T13:01:13,100.0,35.05,S
2021-06-04T13:00:59,1000.0,35.1,B
2021-06-04T13:00:50,500.0,35.0,S
2021-06-04T13:00:48,2900.0,35.1,B
2021-06-04T13:00:35,500.0,35.05,S
2021-06-04T13:00:20,500.0,35.1,B
2021-06-04T13:00:20,5000.0,35.05,S
2021-06-04T13:00:20,1000.0,35.05,S
2021-06-04T13:00:20,1000.0,35.05,S
2021-06-04T13:00:16,100.0,35.1,B
2021-06-04T13:00:16,1000.0,35.05,S
2021-06-04T13:00:16,900.0,35.05,S
2021-06-04T13:00:16,100.0,35.1,B
2021-06-04T13:00:16,100.0,35.05,S
2021-06-04T13:00:16,500.0,35.05,S
2021-06-04T13:00:14,3000.0,35.05,S
2021-06-04T13:00:14,100.0,35.05,S
2021-06-04T13:00:14,2100.0,35.1,B
2021-06-04T13:00:14,100.0,35.05,S
2021-06-04T13:00:13,3000.0,35.05,S
2021-06-04T13:00:13,600.0,35.05,S
2021-06-04T11:31:14,1500.0,35.05,S
2021-06-04T11:31:09,1500.0,35.05,S
2021-06-04T11:31:04,600.0,35.1,S
2021-06-04T11:30:59,1000.0,35.05,S
2021-06-04T11:30:59,2000.0,35.05,S
2021-06-04T11:30:54,2000.0,35.1,S
2021-06-04T11:30:49,800.0,35.05,S
2021-06-04T11:30:49,100.0,35.05,S
2021-06-04T11:30:49,5000.0,35.05,S
2021-06-04T11:30:44,300.0,35.05,S
2021-06-04T11:30:39,500.0,35.05,S
2021-06-04T11:30:29,5000.0,35.05,S
2021-06-04T11:30:29,3000.0,35.05,S
2021-06-04T11:30:07,3000.0,35.05,S
2021-06-04T11:30:07,100.0,35.1,S
2021-06-04T11:29:55,1500.0,35.05,S
2021-06-04T11:29:48,10000.0,35.1,S
2021-06-04T11:29:32,1600.0,35.1,S
2021-06-04T11:29:28,2600.0,35.1,S
2021-06-04T11:29:13,100.0,35.1,S
2021-06-04T11:29:02,400.0,35.1,S
2021-06-04T11:29:02,1600.0,35.1,S
2021-06-04T11:29:01,500.0,35.1,S
2021-06-04T11:28:51,1000.0,35.1,S
2021-06-04T11:28:39,4000.0,35.15,B
2021-06-04T11:28:35,30200.0,35.1,S
2021-06-04T11:28:27,2000.0,35.1,S
2021-06-04T11:28:27,500.0,35.15,B
2021-06-04T11:28:27,600.0,35.15,B
2021-06-04T11:28:26,1000.0,35.1,S
2021-06-04T11:28:23,2000.0,35.15,B
2021-06-04T11:28:22,500.0,35.15,B
2021-06-04T11:28:12,3000.0,35.1,S
2021-06-04T11:28:07,400.0,35.1,S
2021-06-04T11:28:05,300.0,35.1,S
2021-06-04T11:28:01,400.0,35.15,B
2021-06-04T11:27:53,300.0,35.1,S
2021-06-04T11:27:52,100.0,35.1,S
2021-06-04T11:27:52,2600.0,35.1,S
2021-06-04T11:27:52,7300.0,35.1,S
2021-06-04T11:27:50,1000.0,35.1,S
2021-06-04T11:27:50,300.0,35.1,S
2021-06-04T11:27:50,700.0,35.1,S
2021-06-04T11:27:50,1000.0,35.1,S
2021-06-04T11:27:43,1000.0,35.15,B
2021-06-04T11:27:37,2000.0,35.1,S
2021-06-04T11:27:37,400.0,35.1,S
2021-06-04T11:27:37,1100.0,35.1,S
2021-06-04T11:27:37,5600.0,35.1,S
2021-06-04T11:27:37,2700.0,35.1,S
2021-06-04T11:27:37,4100.0,35.1,S
2021-06-04T11:27:37,300.0,35.1,S
2021-06-04T11:27:37,1100.0,35.1,S
2021-06-04T11:27:37,1000.0,35.1,S
2021-06-04T11:27:37,400.0,35.1,S
2021-06-04T11:27:36,100.0,35.1,S
2021-06-04T11:27:33,1000.0,35.15,B
2021-06-04T11:27:27,100.0,35.1,S
2021-06-04T11:27:24,100.0,35.15,B
2021-06-04T11:27:19,100.0,35.1,S
2021-06-04T11:27:12,1500.0,35.1,S
2021-06-04T11:27:12,1200.0,35.1,S
2021-06-04T11:27:12,800.0,35.1,S
2021-06-04T11:27:00,300.0,35.15,B
2021-06-04T11:26:58,5000.0,35.1,S
2021-06-04T11:26:53,200.0,35.15,B
2021-06-04T11:26:53,100.0,35.1,S
2021-06-04T11:26:46,1000.0,35.1,S
2021-06-04T11:26:34,700.0,35.1,S
2021-06-04T11:26:34,4300.0,35.1,S
2021-06-04T11:26:22,2000.0,35.1,S
2021-06-04T11:26:17,300.0,35.1,S
2021-06-04T11:26:15,2000.0,35.15,B
2021-06-04T11:26:11,3500.0,35.1,S
2021-06-04T11:26:08,1300.0,35.15,B
2021-06-04T11:26:03,2000.0,35.1,S
2021-06-04T11:26:00,2000.0,35.15,B
2021-06-04T11:25:52,200.0,35.1,S
2021-06-04T11:25:50,1500.0,35.15,B
2021-06-04T11:25:42,45100.0,35.1,S
2021-06-04T11:25:40,500.0,35.1,S
2021-06-04T11:25:39,800.0,35.1,S
2021-06-04T11:25:37,200.0,35.1,S
2021-06-04T11:25:34,300.0,35.1,S
2021-06-04T11:25:33,300.0,35.1,S
2021-06-04T11:25:32,200.0,35.1,S
2021-06-04T11:25:29,1000.0,35.1,S
2021-06-04T11:25:26,5000.0,35.1,S
2021-06-04T11:25:25,200.0,35.1,S
2021-06-04T11:25:23,3000.0,35.1,S
2021-06-04T11:25:21,300.0,35.15,B
2021-06-04T11:25:20,5000.0,35.1,S
2021-06-04T11:25:16,2000.0,35.1,S
2021-06-04T11:25:11,100.0,35.1,S
2021-06-04T11:25:09,600.0,35.15,B
2021-06-04T11:25:09,3000.0,35.1,S
2021-06-04T11:25:07,200.0,35.1,S
2021-06-04T11:25:06,1800.0,35.1,S
2021-06-04T11:24:55,500.0,35.1,S
2021-06-04T11:24:54,200.0,35.15,B
2021-06-04T11:24:51,500.0,35.15,B
2021-06-04T11:24:50,7500.0,35.1,S
2021-06-04T11:24:44,20600.0,35.1,S
2021-06-04T11:24:43,500.0,35.1,S
2021-06-04T11:24:35,500.0,35.1,S
2021-06-04T11:24:34,100.0,35.15,B
2021-06-04T11:24:24,5000.0,35.15,B
2021-06-04T11:24:23,100.0,35.1,S
2021-06-04T11:24:14,600.0,35.1,S
2021-06-04T11:24:11,2000.0,35.1,S
2021-06-04T11:24:09,1000.0,35.1,S
2021-06-04T11:24:08,200.0,35.15,B
2021-06-04T11:24:00,1500.0,35.1,S
2021-06-04T11:23:57,100.0,35.1,S
2021-06-04T11:23:43,200.0,35.1,S
2021-06-04T11:23:33,10000.0,35.1,S
2021-06-04T11:23:33,500.0,35.1,S
2021-06-04T11:23:30,200.0,35.1,S
2021-06-04T11:23:15,2400.0,35.15,B
2021-06-04T11:23:10,2000.0,35.1,S
2021-06-04T11:23:05,700.0,35.15,B
2021-06-04T11:22:55,3000.0,35.15,B
2021-06-04T11:22:54,100.0,35.15,B
2021-06-04T11:22:53,500.0,35.15,B
2021-06-04T11:22:51,2000.0,35.15,B
2021-06-04T11:22:49,100.0,35.15,B
2021-06-04T11:22:46,2000.0,35.1,S
2021-06-04T11:22:46,10000.0,35.1,S
2021-06-04T11:22:40,2000.0,35.1,S
2021-06-04T11:22:29,200.0,35.1,S
2021-06-04T11:22:18,300.0,35.1,S
2021-06-04T11:22:14,1300.0,35.15,B
2021-06-04T11:22:14,1000.0,35.15,B
2021-06-04T11:22:02,300.0,35.15,B
2021-06-04T11:21:58,200.0,35.1,S
2021-06-04T11:21:56,5000.0,35.1,S
2021-06-04T11:21:54,100.0,35.15,B
2021-06-04T11:21:44,3500.0,35.1,S
2021-06-04T11:21:42,5000.0,35.1,S
2021-06-04T11:21:42,2000.0,35.1,S
2021-06-04T11:21:33,3000.0,35.1,S
2021-06-04T11:21:32,1000.0,35.15,B
2021-06-04T11:21:21,200.0,35.1,S
2021-06-04T11:21:12,2000.0,35.15,B
2021-06-04T11:21:09,500.0,35.1,S
2021-06-04T11:20:58,1000.0,35.1,S
2021-06-04T11:20:53,100.0,35.1,S
2021-06-04T11:20:52,4000.0,35.1,S
2021-06-04T11:20:51,100.0,35.15,S
2021-06-04T11:20:48,1000.0,35.15,S
2021-06-04T11:20:46,500.0,35.1,S
2021-06-04T11:20:42,2000.0,35.1,S
2021-06-04T11:20:34,500.0,35.15,S
2021-06-04T11:20:30,200.0,35.1,S
2021-06-04T11:20:25,1400.0,35.1,S
2021-06-04T11:20:20,1000.0,35.15,S
2021-06-04T11:20:20,200.0,35.15,S
2021-06-04T11:20:17,1000.0,35.15,S
2021-06-04T11:20:15,100.0,35.15,S
2021-06-04T11:20:10,100.0,35.15,S
2021-06-04T11:20:10,100.0,35.15,S
2021-06-04T11:20:05,200.0,35.1,S
2021-06-04T11:20:00,500.0,35.15,S
2021-06-04T11:19:56,500.0,35.15,S
2021-06-04T11:19:55,500.0,35.15,S
2021-06-04T11:19:47,500.0,35.15,S
2021-06-04T11:19:46,5000.0,35.1,S
2021-06-04T11:19:40,400.0,35.15,S
2021-06-04T11:19:18,1500.0,35.1,S
2021-06-04T11:18:58,2700.0,35.1,S
2021-06-04T11:18:52,100.0,35.15,S
2021-06-04T11:18:49,4500.0,35.15,S
2021-06-04T11:18:44,100.0,35.15,S
2021-06-04T11:18:40,100.0,35.15,S
2021-06-04T11:18:37,100.0,35.15,S
2021-06-04T11:18:37,1000.0,35.15,S
2021-06-04T11:18:24,100.0,35.15,S
2021-06-04T11:18:24,100.0,35.15,S
2021-06-04T11:18:23,200.0,35.15,S
2021-06-04T11:18:21,1000.0,35.15,S
2021-06-04T11:18:17,200.0,35.15,S
2021-06-04T11:18:16,100.0,35.15,S
2021-06-04T11:18:15,100.0,35.15,S
2021-06-04T11:18:14,1500.0,35.1,S
2021-06-04T11:18:10,1000.0,35.15,S
2021-06-04T11:18:04,100.0,35.15,S
2021-06-04T11:18:03,800.0,35.1,S
2021-06-04T11:18:03,5000.0,35.15,S
2021-06-04T11:17:59,2300.0,35.15,S
2021-06-04T11:17:54,1000.0,35.2,B
2021-06-04T11:17:53,2000.0,35.2,B
2021-06-04T11:17:50,100.0,35.15,S
2021-06-04T11:17:49,500.0,35.15,S
2021-06-04T11:17:46,100.0,35.2,B
2021-06-04T11:17:45,800.0,35.15,S
2021-06-04T11:17:44,5000.0,35.2,B
2021-06-04T11:17:40,200.0,35.15,S
2021-06-04T11:17:37,1000.0,35.15,S
2021-06-04T11:17:28,83800.0,35.1,S
2021-06-04T11:17:28,1100.0,35.1,S
2021-06-04T11:17:28,100.0,35.15,S
2021-06-04T11:17:27,15000.0,35.15,S
2021-06-04T11:17:25,1000.0,35.15,S
2021-06-04T11:17:24,500.0,35.15,S
2021-06-04T11:17:20,200.0,35.15,S
2021-06-04T11:17:17,6500.0,35.15,S
2021-06-04T11:17:13,3500.0,35.15,S
2021-06-04T11:17:05,200.0,35.2,B
2021-06-04T11:17:01,5000.0,35.15,S
2021-06-04T11:17:00,2000.0,35.2,B
2021-06-04T11:16:51,200.0,35.2,B
2021-06-04T11:16:39,500.0,35.15,S
2021-06-04T11:16:38,200.0,35.15,S
2021-06-04T11:16:37,200.0,35.2,B
2021-06-04T11:16:36,5000.0,35.15,S
2021-06-04T11:16:31,200.0,35.15,S
2021-06-04T11:16:30,5000.0,35.15,S
2021-06-04T11:16:28,1800.0,35.2,B
2021-06-04T11:16:23,700.0,35.2,B
2021-06-04T11:16:23,1000.0,35.2,B
2021-06-04T11:16:14,1000.0,35.15,S
2021-06-04T11:16:03,1000.0,35.15,S
2021-06-04T11:15:42,2000.0,35.15,S
2021-06-04T11:15:39,2500.0,35.15,S
2021-06-04T11:15:39,1300.0,35.15,S
2021-06-04T11:15:39,100.0,35.15,S
2021-06-04T11:15:39,1100.0,35.15,S
2021-06-04T11:15:31,600.0,35.15,S
2021-06-04T11:15:29,300.0,35.2,B
2021-06-04T11:15:29,500.0,35.15,S
2021-06-04T11:15:23,100.0,35.15,S
2021-06-04T11:15:20,100.0,35.15,S
2021-06-04T11:15:12,1000.0,35.2,B
2021-06-04T11:15:09,500.0,35.2,B
2021-06-04T11:15:04,100.0,35.15,S
2021-06-04T11:14:59,100.0,35.2,B
2021-06-04T11:14:39,500.0,35.2,B
2021-06-04T11:14:37,200.0,35.2,B
2021-06-04T11:14:35,3500.0,35.1,S
2021-06-04T11:14:28,500.0,35.2,B
2021-06-04T11:14:15,800.0,35.2,B
2021-06-04T11:14:11,400.0,35.2,B
2021-06-04T11:14:11,100.0,35.15,S
2021-06-04T11:14:07,1000.0,35.15,S
2021-06-04T11:13:59,1000.0,35.15,S
2021-06-04T11:13:57,100.0,35.15,S
2021-06-04T11:13:54,500.0,35.15,S
2021-06-04T11:13:52,100.0,35.15,S
2021-06-04T11:13:47,400.0,35.2,B
2021-06-04T11:13:44,20000.0,35.2,B
2021-06-04T11:13:40,2000.0,35.2,B
2021-06-04T11:13:39,700.0,35.1,S
2021-06-04T11:13:39,800.0,35.1,S
2021-06-04T11:13:37,1800.0,35.2,B
2021-06-04T11:13:37,200.0,35.2,B
2021-06-04T11:13:36,2000.0,35.1,S
2021-06-04T11:13:32,100.0,35.2,B
2021-06-04T11:13:29,300.0,35.15,S
2021-06-04T11:13:27,2000.0,35.2,B
2021-06-04T11:13:17,1000.0,35.15,S
2021-06-04T11:13:15,600.0,35.15,S
2021-06-04T11:13:15,500.0,35.2,B
2021-06-04T11:13:12,1000.0,35.2,B
2021-06-04T11:13:12,15000.0,35.15,S
2021-06-04T11:13:09,1000.0,35.2,B
2021-06-04T11:13:07,200.0,35.2,B
2021-06-04T11:13:04,100.0,35.2,B
2021-06-04T11:12:53,300.0,35.2,S
2021-06-04T11:12:50,100.0,35.2,S
2021-06-04T11:12:46,200.0,35.2,S
2021-06-04T11:12:35,10500.0,35.2,S
2021-06-04T11:12:28,10000.0,35.2,S
2021-06-04T11:12:21,2000.0,35.15,S
2021-06-04T11:12:07,1500.0,35.2,S
2021-06-04T11:11:56,100.0,35.2,S
2021-06-04T11:11:52,16000.0,35.2,S
2021-06-04T11:11:52,500.0,35.2,S
2021-06-04T11:11:48,600.0,35.2,S
2021-06-04T11:11:44,100.0,35.2,S
2021-06-04T11:11:43,100.0,35.2,S
2021-06-04T11:11:42,500.0,35.2,S
2021-06-04T11:11:35,100.0,35.2,S
2021-06-04T11:11:31,5000.0,35.2,S
2021-06-04T11:11:30,1200.0,35.2,S
2021-06-04T11:11:24,1000.0,35.2,S
2021-06-04T11:11:21,100.0,35.15,S
2021-06-04T11:11:21,1100.0,35.2,S
2021-06-04T11:11:21,800.0,35.2,S
2021-06-04T11:11:19,1200.0,35.2,S
2021-06-04T11:11:19,1700.0,35.2,S
2021-06-04T11:11:19,1100.0,35.2,S
2021-06-04T11:11:18,200.0,35.2,S
2021-06-04T11:11:18,800.0,35.2,S
2021-06-04T11:11:18,1000.0,35.3,B
2021-06-04T11:11:06,600.0,35.2,S
2021-06-04T11:11:04,1000.0,35.2,S
2021-06-04T11:10:56,500.0,35.2,S
2021-06-04T11:10:55,500.0,35.3,B
2021-06-04T11:10:54,100.0,35.2,S
2021-06-04T11:10:53,1500.0,35.3,B
2021-06-04T11:10:53,3000.0,35.3,B
2021-06-04T11:10:23,2100.0,35.3,B
2021-06-04T11:10:21,3000.0,35.2,S
2021-06-04T11:10:19,5000.0,35.3,B
2021-06-04T11:10:16,20000.0,35.2,S
2021-06-04T11:10:10,1000.0,35.2,S
2021-06-04T11:10:10,500.0,35.3,B
2021-06-04T11:10:10,500.0,35.3,B
2021-06-04T11:10:09,500.0,35.3,B
2021-06-04T11:10:09,200.0,35.3,B
2021-06-04T11:10:08,1700.0,35.2,S
2021-06-04T11:10:08,500.0,35.2,S
2021-06-04T11:10:08,2800.0,35.2,S
2021-06-04T11:10:02,100.0,35.2,S
2021-06-04T11:10:02,1400.0,35.2,S
2021-06-04T11:10:02,600.0,35.2,S
2021-06-04T11:10:02,3300.0,35.2,S
2021-06-04T11:10:02,4600.0,35.2,S
2021-06-04T11:09:59,100.0,35.2,S
2021-06-04T11:09:55,5000.0,35.2,S
2021-06-04T11:09:51,500.0,35.3,B
2021-06-04T11:09:49,200.0,35.3,B
2021-06-04T11:09:47,400.0,35.2,S
2021-06-04T11:09:47,3500.0,35.2,S
2021-06-04T11:09:44,1000.0,35.3,B
2021-06-04T11:09:42,100.0,35.3,B
2021-06-04T11:09:34,500.0,35.3,B
2021-06-04T11:09:33,3000.0,35.2,S
2021-06-04T11:09:29,1000.0,35.3,B
2021-06-04T11:09:28,3500.0,35.2,S
2021-06-04T11:09:23,1000.0,35.3,B
2021-06-04T11:09:21,200.0,35.2,S
2021-06-04T11:09:19,4000.0,35.2,S
2021-06-04T11:09:18,3000.0,35.2,S
2021-06-04T11:09:15,100.0,35.3,B
2021-06-04T11:09:13,7000.0,35.2,S
2021-06-04T11:08:53,3400.0,35.3,B
2021-06-04T11:08:53,5600.0,35.3,B
2021-06-04T11:08:51,200.0,35.2,S
2021-06-04T11:08:47,200.0,35.2,S
2021-06-04T11:08:47,100.0,35.3,B
2021-06-04T11:08:43,100.0,35.25,S
2021-06-04T11:08:41,400.0,35.2,S
2021-06-04T11:08:41,9600.0,35.2,S
2021-06-04T11:08:41,2000.0,35.2,S
2021-06-04T11:08:37,100.0,35.25,S
2021-06-04T11:08:29,4300.0,35.3,B
2021-06-04T11:08:29,300.0,35.3,B
2021-06-04T11:08:27,5000.0,35.3,B
2021-06-04T11:08:24,300.0,35.3,B
2021-06-04T11:08:21,500.0,35.3,B
2021-06-04T11:08:21,2000.0,35.2,S
2021-06-04T11:08:19,200.0,35.2,S
2021-06-04T11:08:11,100.0,35.3,B
2021-06-04T11:08:02,2000.0,35.3,B
2021-06-04T11:07:54,400.0,35.3,B
2021-06-04T11:07:54,1700.0,35.3,B
2021-06-04T11:07:51,10000.0,35.3,B
2021-06-04T11:07:50,100.0,35.2,S
2021-06-04T11:07:39,2600.0,35.3,B
2021-06-04T11:07:33,200.0,35.2,S
2021-06-04T11:07:32,1000.0,35.3,B
2021-06-04T11:07:20,100.0,35.2,S
2021-06-04T11:07:17,100.0,35.3,B
2021-06-04T11:07:13,1500.0,35.2,S
2021-06-04T11:07:12,100.0,35.3,B
2021-06-04T11:07:11,1000.0,35.3,B
2021-06-04T11:07:08,300.0,35.3,B
2021-06-04T11:07:06,300.0,35.3,B
2021-06-04T11:07:04,600.0,35.3,B
2021-06-04T11:06:56,500.0,35.3,B
2021-06-04T11:06:52,100.0,35.3,B
2021-06-04T11:06:52,100.0,35.3,B
2021-06-04T11:06:52,500.0,35.3,B
2021-06-04T11:06:48,100.0,35.25,S
2021-06-04T11:06:46,300.0,35.2,S
2021-06-04T11:06:43,1000.0,35.3,B
2021-06-04T11:06:42,500.0,35.3,B
2021-06-04T11:06:34,500.0,35.3,B
2021-06-04T11:06:29,1000.0,35.2,S
2021-06-04T11:06:28,600.0,35.25,S
2021-06-04T11:06:21,1000.0,35.2,S
2021-06-04T11:06:16,2000.0,35.2,S
2021-06-04T11:06:16,1200.0,35.2,S
2021-06-04T11:06:16,300.0,35.2,S
2021-06-04T11:06:05,100.0,35.25,S
2021-06-04T11:06:04,500.0,35.2,S
2021-06-04T11:06:04,4500.0,35.2,S
2021-06-04T11:06:00,3000.0,35.2,S
2021-06-04T11:06:00,300.0,35.2,S
2021-06-04T11:05:58,700.0,35.2,S
2021-06-04T11:05:57,100.0,35.25,S
2021-06-04T11:05:51,5000.0,35.2,S
2021-06-04T11:05:39,1600.0,35.3,B
2021-06-04T11:05:32,500.0,35.35,B
2021-06-04T11:05:32,5100.0,35.35,B
2021-06-04T11:05:32,3000.0,35.3,B
2021-06-04T11:05:32,11400.0,35.3,B
2021-06-04T11:05:10,1000.0,35.3,B
2021-06-04T11:05:07,900.0,35.3,B
2021-06-04T11:05:00,1500.0,35.2,S
2021-06-04T11:04:56,2800.0,35.3,S
2021-06-04T11:04:33,1000.0,35.2,S
2021-06-04T11:04:15,2800.0,35.2,S
2021-06-04T11:04:15,3200.0,35.2,S
2021-06-04T11:04:15,16800.0,35.2,S
2021-06-04T11:04:10,300.0,35.3,S
2021-06-04T11:04:08,1300.0,35.3,S
2021-06-04T11:04:04,3000.0,35.25,S
2021-06-04T11:04:02,200.0,35.3,S
2021-06-04T11:04:02,400.0,35.3,S
2021-06-04T11:04:00,3000.0,35.3,S
2021-06-04T11:03:53,1600.0,35.25,S
2021-06-04T11:03:51,1000.0,35.25,S
2021-06-04T11:03:50,3000.0,35.25,S
2021-06-04T11:03:48,300.0,35.3,S
2021-06-04T11:03:48,1500.0,35.3,S
2021-06-04T11:03:46,100.0,35.25,S
2021-06-04T11:03:39,100.0,35.35,S
2021-06-04T11:03:38,2000.0,35.3,S
2021-06-04T11:03:29,500.0,35.35,S
2021-06-04T11:03:23,100.0,35.3,S
2021-06-04T11:03:23,200.0,35.3,S
2021-06-04T11:03:05,200.0,35.35,S
2021-06-04T11:02:59,3500.0,35.25,S
2021-06-04T11:02:55,1000.0,35.35,S
2021-06-04T11:02:49,500.0,35.25,S
2021-06-04T11:02:43,1000.0,35.25,S
2021-06-04T11:02:42,500.0,35.4,S
2021-06-04T11:02:40,600.0,35.4,S
2021-06-04T11:02:40,700.0,35.3,S
2021-06-04T11:02:40,300.0,35.3,S
2021-06-04T11:02:39,100.0,35.3,S
2021-06-04T11:02:35,1000.0,35.3,S
2021-06-04T11:02:35,1000.0,35.3,S
2021-06-04T11:02:35,400.0,35.3,S
2021-06-04T11:02:32,300.0,35.3,S
2021-06-04T11:02:32,1300.0,35.3,S
2021-06-04T11:02:32,3000.0,35.3,S
2021-06-04T11:02:32,1100.0,35.3,S
2021-06-04T11:02:31,14300.0,35.3,S
2021-06-04T11:02:28,500.0,35.3,S
2021-06-04T11:02:28,2000.0,35.3,S
2021-06-04T11:02:28,3000.0,35.3,S
2021-06-04T11:02:28,4000.0,35.3,S
2021-06-04T11:02:27,1000.0,35.35,S
2021-06-04T11:02:26,300.0,35.4,S
2021-06-04T11:02:15,1000.0,35.4,S
2021-06-04T11:02:11,900.0,35.4,S
2021-06-04T11:02:11,2000.0,35.3,S
2021-06-04T11:02:10,1500.0,35.3,S
2021-06-04T11:02:09,200.0,35.4,S
2021-06-04T11:02:06,200.0,35.4,S
2021-06-04T11:02:00,200.0,35.4,S
2021-06-04T11:01:56,1000.0,35.4,S
2021-06-04T11:01:55,8000.0,35.4,S
2021-06-04T11:01:54,1000.0,35.4,S
2021-06-04T11:01:51,5000.0,35.3,S
2021-06-04T11:01:50,800.0,35.4,S
2021-06-04T11:01:49,200.0,35.4,S
2021-06-04T11:01:17,2100.0,35.3,S
2021-06-04T11:01:17,1600.0,35.3,S
2021-06-04T11:01:17,2900.0,35.3,S
2021-06-04T11:01:17,13400.0,35.3,S
2021-06-04T11:01:16,1600.0,35.3,S
2021-06-04T11:01:16,6400.0,35.3,S
2021-06-04T11:01:15,300.0,35.4,S
2021-06-04T11:01:14,2000.0,35.3,S
2021-06-04T11:01:06,500.0,35.45,B
2021-06-04T11:01:04,11300.0,35.45,B
2021-06-04T11:00:59,800.0,35.4,S
2021-06-04T11:00:56,100.0,35.4,S
2021-06-04T11:00:56,1000.0,35.4,S
2021-06-04T11:00:54,300.0,35.4,S
2021-06-04T11:00:48,200.0,35.3,S
2021-06-04T11:00:47,1000.0,35.4,S
2021-06-04T11:00:45,5000.0,35.3,S
2021-06-04T11:00:45,5000.0,35.35,S
2021-06-04T11:00:41,2000.0,35.4,S
2021-06-04T11:00:39,500.0,35.35,S
2021-06-04T11:00:36,1500.0,35.4,S
2021-06-04T11:00:36,4000.0,35.4,S
2021-06-04T11:00:17,1000.0,35.4,S
2021-06-04T11:00:09,500.0,35.45,B
2021-06-04T11:00:07,100.0,35.45,B
2021-06-04T11:00:06,100.0,35.35,S
2021-06-04T11:00:05,1200.0,35.35,S
2021-06-04T11:00:03,1000.0,35.45,B
2021-06-04T11:00:00,1800.0,35.4,S
2021-06-04T11:00:00,200.0,35.4,S
2021-06-04T11:00:00,3000.0,35.3,S
2021-06-04T10:59:58,700.0,35.4,S
2021-06-04T10:59:56,100.0,35.4,S
2021-06-04T10:59:50,8800.0,35.3,S
2021-06-04T10:59:50,3200.0,35.3,S
2021-06-04T10:59:50,4100.0,35.3,S
2021-06-04T10:59:49,1200.0,35.4,S
2021-06-04T10:59:49,200.0,35.4,S
2021-06-04T10:59:49,600.0,35.4,S
2021-06-04T10:59:46,4300.0,35.4,S
2021-06-04T10:59:45,7200.0,35.45,B
2021-06-04T10:59:43,1000.0,35.4,S
2021-06-04T10:59:40,2400.0,35.45,B
2021-06-04T10:59:32,1000.0,35.4,S
2021-06-04T10:59:29,4500.0,35.45,B
2021-06-04T10:59:28,1300.0,35.45,B
2021-06-04T10:59:26,1800.0,35.4,S
2021-06-04T10:59:22,200.0,35.45,B
2021-06-04T10:59:19,700.0,35.45,B
2021-06-04T10:59:18,100.0,35.4,S
2021-06-04T10:59:15,500.0,35.4,S
2021-06-04T10:59:10,100.0,35.45,B
2021-06-04T10:59:10,1400.0,35.4,S
2021-06-04T10:59:06,700.0,35.3,S
2021-06-04T10:59:05,500.0,35.3,S
2021-06-04T10:58:57,3000.0,35.3,S
2021-06-04T10:58:57,500.0,35.35,S
2021-06-04T10:58:56,4600.0,35.4,S
2021-06-04T10:58:53,3500.0,35.4,S
2021-06-04T10:58:49,800.0,35.4,S
2021-06-04T10:58:47,500.0,35.4,S
2021-06-04T10:58:41,500.0,35.45,B
2021-06-04T10:58:36,500.0,35.4,S
2021-06-04T10:58:36,10000.0,35.4,S
2021-06-04T10:58:34,200.0,35.45,B
2021-06-04T10:58:32,15000.0,35.45,S
2021-06-04T10:58:32,500.0,35.4,S
2021-06-04T10:58:30,200.0,35.4,S
2021-06-04T10:58:25,500.0,35.4,S
2021-06-04T10:58:21,3000.0,35.4,S
2021-06-04T10:58:20,3000.0,35.45,S
2021-06-04T10:58:19,500.0,35.4,S
2021-06-04T10:58:17,400.0,35.45,S
2021-06-04T10:58:14,600.0,35.45,S
2021-06-04T10:58:10,100.0,35.45,S
2021-06-04T10:58:10,500.0,35.4,S
2021-06-04T10:58:02,5000.0,35.45,S
2021-06-04T10:58:02,100.0,35.45,S
2021-06-04T10:58:00,500.0,35.45,S
2021-06-04T10:57:55,5000.0,35.45,S
2021-06-04T10:57:43,300.0,35.45,S
2021-06-04T10:57:43,500.0,35.45,S
2021-06-04T10:57:42,1000.0,35.45,S
2021-06-04T10:57:41,500.0,35.4,S
2021-06-04T10:57:37,2000.0,35.4,S
2021-06-04T10:57:30,3000.0,35.45,S
2021-06-04T10:57:27,100.0,35.45,S
2021-06-04T10:57:26,100.0,35.45,S
2021-06-04T10:57:20,4000.0,35.45,S
2021-06-04T10:57:18,1000.0,35.45,S
2021-06-04T10:57:17,1000.0,35.45,S
2021-06-04T10:57:12,300.0,35.45,S
2021-06-04T10:57:10,10000.0,35.45,S
2021-06-04T10:57:09,1000.0,35.45,S
2021-06-04T10:57:09,1000.0,35.45,S
2021-06-04T10:57:08,200.0,35.45,S
2021-06-04T10:57:05,700.0,35.45,S
2021-06-04T10:57:05,700.0,35.45,S
2021-06-04T10:57:01,300.0,35.45,S
2021-06-04T10:57:00,3000.0,35.4,S
2021-06-04T10:56:59,300.0,35.45,S
2021-06-04T10:56:53,500.0,35.45,S
2021-06-04T10:56:52,1500.0,35.45,S
2021-06-04T10:56:50,300.0,35.45,S
2021-06-04T10:56:49,1000.0,35.45,S
2021-06-04T10:56:48,4400.0,35.45,S
2021-06-04T10:56:47,1000.0,35.5,B
2021-06-04T10:56:43,3000.0,35.5,B
2021-06-04T10:56:42,100.0,35.5,B
2021-06-04T10:56:38,500.0,35.5,B
2021-06-04T10:56:32,1500.0,35.45,S
2021-06-04T10:56:31,1000.0,35.5,B
2021-06-04T10:56:25,300.0,35.5,B
2021-06-04T10:56:25,1700.0,35.5,B
2021-06-04T10:56:25,1000.0,35.45,S
2021-06-04T10:56:25,1000.0,35.5,B
2021-06-04T10:56:25,200.0,35.5,B
2021-06-04T10:56:20,700.0,35.5,B
2021-06-04T10:56:16,3300.0,35.5,B
2021-06-04T10:56:16,5000.0,35.5,B
2021-06-04T10:56:16,200.0,35.5,B
2021-06-04T10:56:15,1500.0,35.5,B
2021-06-04T10:56:15,2000.0,35.5,B
2021-06-04T10:56:10,2600.0,35.5,B
2021-06-04T10:56:08,1000.0,35.5,B
2021-06-04T10:56:07,200.0,35.5,B
2021-06-04T10:55:59,300.0,35.5,B
2021-06-04T10:55:58,100.0,35.4,S
2021-06-04T10:55:58,4500.0,35.4,S
2021-06-04T10:55:58,2800.0,35.5,B
2021-06-04T10:55:58,1600.0,35.5,B
2021-06-04T10:55:58,1500.0,35.5,B
2021-06-04T10:55:58,400.0,35.5,B
2021-06-04T10:55:58,12600.0,35.5,B
2021-06-04T10:55:57,500.0,35.45,S
2021-06-04T10:55:54,1500.0,35.45,S
2021-06-04T10:55:51,200.0,35.45,S
2021-06-04T10:55:50,26300.0,35.45,S
2021-06-04T10:55:50,500.0,35.5,B
2021-06-04T10:55:48,1000.0,35.5,B
2021-06-04T10:55:39,400.0,35.45,S
2021-06-04T10:55:38,2000.0,35.5,B
2021-06-04T10:55:35,700.0,35.5,B
2021-06-04T10:55:34,600.0,35.5,B
2021-06-04T10:55:30,100.0,35.5,B
2021-06-04T10:55:26,600.0,35.5,B
2021-06-04T10:55:24,2000.0,35.5,B
2021-06-04T10:55:23,1000.0,35.5,B
2021-06-04T10:55:21,1500.0,35.45,S
2021-06-04T10:55:20,300.0,35.5,B
2021-06-04T10:55:18,1000.0,35.5,B
2021-06-04T10:55:18,1000.0,35.5,B
2021-06-04T10:55:18,1000.0,35.45,S
2021-06-04T10:55:17,2000.0,35.5,B
2021-06-04T10:55:16,200.0,35.5,B
2021-06-04T10:55:13,4000.0,35.5,B
2021-06-04T10:55:12,200.0,35.5,B
2021-06-04T10:55:08,200.0,35.5,B
2021-06-04T10:55:04,1000.0,35.5,B
2021-06-04T10:55:01,1000.0,35.5,B
2021-06-04T10:54:58,200.0,35.5,B
2021-06-04T10:54:57,500.0,35.5,B
2021-06-04T10:54:57,100.0,35.5,B
2021-06-04T10:54:54,500.0,35.4,S
2021-06-04T10:54:52,6000.0,35.5,B
2021-06-04T10:54:46,500.0,35.5,B
2021-06-04T10:54:44,500.0,35.5,B
2021-06-04T10:54:40,3500.0,35.4,S
2021-06-04T10:54:36,1000.0,35.5,B
2021-06-04T10:54:36,900.0,35.45,S
2021-06-04T10:54:35,500.0,35.5,B
2021-06-04T10:54:34,4000.0,35.5,B
2021-06-04T10:54:33,3000.0,35.5,B
2021-06-04T10:54:30,500.0,35.45,S
2021-06-04T10:54:28,4800.0,35.45,S
2021-06-04T10:54:27,2000.0,35.45,S
2021-06-04T10:54:25,200.0,35.5,B
2021-06-04T10:54:23,500.0,35.5,B
2021-06-04T10:54:22,1000.0,35.5,B
2021-06-04T10:54:17,30000.0,35.5,B
2021-06-04T10:54:09,200.0,35.45,S
2021-06-04T10:54:09,600.0,35.45,S
2021-06-04T10:54:06,4500.0,35.5,B
2021-06-04T10:54:02,300.0,35.5,B
2021-06-04T10:54:01,2000.0,35.4,S
2021-06-04T10:53:55,2400.0,35.5,B
2021-06-04T10:53:51,1000.0,35.5,B
2021-06-04T10:53:48,300.0,35.5,B
2021-06-04T10:53:47,5400.0,35.4,S
2021-06-04T10:53:47,1800.0,35.4,S
2021-06-04T10:53:47,1500.0,35.4,S
2021-06-04T10:53:47,2100.0,35.4,S
2021-06-04T10:53:47,300.0,35.4,S
2021-06-04T10:53:47,5700.0,35.4,S
2021-06-04T10:53:47,1200.0,35.4,S
2021-06-04T10:53:47,2000.0,35.4,S
2021-06-04T10:53:45,1100.0,35.5,B
2021-06-04T10:53:40,1500.0,35.5,B
2021-06-04T10:53:33,6000.0,35.5,B
2021-06-04T10:53:31,900.0,35.5,B
2021-06-04T10:53:30,200.0,35.5,B
2021-06-04T10:53:25,1000.0,35.45,S
2021-06-04T10:53:23,100.0,35.5,B
2021-06-04T10:53:21,2100.0,35.45,S
2021-06-04T10:53:18,600.0,35.5,B
2021-06-04T10:53:17,200.0,35.5,B
2021-06-04T10:53:17,500.0,35.45,S
2021-06-04T10:53:16,100.0,35.5,B
2021-06-04T10:53:16,100.0,35.5,B
2021-06-04T10:53:13,100.0,35.5,B
2021-06-04T10:53:11,200.0,35.5,B
2021-06-04T10:53:10,10000.0,35.5,B
2021-06-04T10:53:08,500.0,35.5,B
2021-06-04T10:53:08,800.0,35.45,S
2021-06-04T10:53:08,200.0,35.5,B
2021-06-04T10:53:07,400.0,35.5,B
2021-06-04T10:53:06,10000.0,35.5,B
2021-06-04T10:53:06,5000.0,35.5,B
2021-06-04T10:53:05,1000.0,35.5,B
2021-06-04T10:53:01,300.0,35.4,S
2021-06-04T10:52:58,100.0,35.4,S
2021-06-04T10:52:57,100.0,35.5,B
2021-06-04T10:52:55,3900.0,35.5,B
2021-06-04T10:52:55,5100.0,35.5,B
2021-06-04T10:52:54,1400.0,35.4,S
2021-06-04T10:52:54,3000.0,35.4,S
2021-06-04T10:52:54,1100.0,35.4,S
2021-06-04T10:52:54,1300.0,35.4,S
2021-06-04T10:52:54,2100.0,35.4,S
2021-06-04T10:52:54,1200.0,35.4,S
2021-06-04T10:52:54,7100.0,35.4,S
2021-06-04T10:52:54,2700.0,35.45,S
2021-06-04T10:52:54,200.0,35.45,S
2021-06-04T10:52:54,5100.0,35.45,S
2021-06-04T10:52:54,4800.0,35.45,S
2021-06-04T10:52:53,200.0,35.5,B
2021-06-04T10:52:52,1000.0,35.5,B
2021-06-04T10:52:48,1300.0,35.5,B
2021-06-04T10:52:48,1900.0,35.45,S
2021-06-04T10:52:48,1100.0,35.45,S
2021-06-04T10:52:43,5000.0,35.45,S
2021-06-04T10:52:42,3500.0,35.5,B
2021-06-04T10:52:41,3400.0,35.5,B
2021-06-04T10:52:40,500.0,35.5,B
2021-06-04T10:52:38,500.0,35.5,B
2021-06-04T10:52:37,500.0,35.45,S
2021-06-04T10:52:37,1000.0,35.45,S
2021-06-04T10:52:33,5500.0,35.5,B
2021-06-04T10:52:30,500.0,35.5,B
2021-06-04T10:52:24,27600.0,35.5,B
2021-06-04T10:52:21,4000.0,35.5,B
2021-06-04T10:52:15,1000.0,35.5,B
2021-06-04T10:52:14,2000.0,35.5,B
2021-06-04T10:52:11,200.0,35.45,S
2021-06-04T10:52:11,3000.0,35.5,B
2021-06-04T10:52:07,500.0,35.45,S
2021-06-04T10:52:06,100.0,35.5,B
2021-06-04T10:52:00,3500.0,35.45,S
2021-06-04T10:51:50,1000.0,35.5,B
2021-06-04T10:51:47,5000.0,35.45,S
2021-06-04T10:51:47,200.0,35.45,S
2021-06-04T10:51:40,3000.0,35.45,S
2021-06-04T10:51:40,200.0,35.45,S
2021-06-04T10:51:32,2100.0,35.5,B
2021-06-04T10:51:31,200.0,35.5,B
2021-06-04T10:51:31,500.0,35.45,S
2021-06-04T10:51:24,3000.0,35.5,B
2021-06-04T10:51:21,400.0,35.5,B
2021-06-04T10:51:21,400.0,35.5,B
2021-06-04T10:51:20,500.0,35.5,B
2021-06-04T10:51:19,100.0,35.45,S
2021-06-04T10:51:13,5000.0,35.5,B
2021-06-04T10:51:12,300.0,35.4,S
2021-06-04T10:51:11,400.0,35.4,S
2021-06-04T10:51:10,5000.0,35.5,B
2021-06-04T10:51:08,18500.0,35.5,B
2021-06-04T10:50:57,2000.0,35.5,B
2021-06-04T10:50:57,600.0,35.4,S
2021-06-04T10:50:57,2400.0,35.4,S
2021-06-04T10:50:57,200.0,35.45,S
2021-06-04T10:50:44,200.0,35.45,S
2021-06-04T10:50:37,2000.0,35.5,B
2021-06-04T10:50:15,1000.0,35.45,S
2021-06-04T10:50:12,6800.0,35.5,B
2021-06-04T10:50:07,2000.0,35.5,B
2021-06-04T10:50:05,300.0,35.45,S
2021-06-04T10:49:57,1300.0,35.5,B
2021-06-04T10:49:57,1500.0,35.5,B
2021-06-04T10:49:55,300.0,35.5,B
2021-06-04T10:49:54,100.0,35.5,B
2021-06-04T10:49:50,1000.0,35.45,S
2021-06-04T10:49:48,1000.0,35.5,B
2021-06-04T10:49:44,200.0,35.5,B
2021-06-04T10:49:43,100.0,35.5,B
2021-06-04T10:49:39,12600.0,35.45,S
2021-06-04T10:49:38,1500.0,35.4,S
2021-06-04T10:49:28,400.0,35.45,S
2021-06-04T10:49:22,1000.0,35.45,S
2021-06-04T10:49:17,600.0,35.45,S
2021-06-04T10:49:16,3000.0,35.45,S
2021-06-04T10:49:13,200.0,35.45,S
2021-06-04T10:49:12,5000.0,35.4,S
2021-06-04T10:49:12,1000.0,35.45,S
2021-06-04T10:49:06,500.0,35.4,S
2021-06-04T10:49:04,100.0,35.4,S
2021-06-04T10:49:03,5800.0,35.45,S
2021-06-04T10:49:01,7000.0,35.45,S
2021-06-04T10:49:00,5600.0,35.45,S
2021-06-04T10:48:59,6000.0,35.45,S
2021-06-04T10:48:58,500.0,35.4,S
2021-06-04T10:48:58,5000.0,35.45,S
2021-06-04T10:48:53,2000.0,35.45,S
2021-06-04T10:48:46,100.0,35.5,B
2021-06-04T10:48:46,1000.0,35.5,B
2021-06-04T10:48:46,44400.0,35.5,B
2021-06-04T10:48:40,2000.0,35.4,S
2021-06-04T10:48:40,500.0,35.5,B
2021-06-04T10:48:36,5000.0,35.5,B
2021-06-04T10:48:35,100.0,35.45,S
2021-06-04T10:48:35,100.0,35.45,S
2021-06-04T10:48:34,200.0,35.4,S
2021-06-04T10:48:34,1800.0,35.5,B
2021-06-04T10:48:30,10000.0,35.5,B
2021-06-04T10:48:30,2000.0,35.4,S
2021-06-04T10:48:28,8000.0,35.5,B
2021-06-04T10:48:27,300.0,35.5,B
2021-06-04T10:48:17,5000.0,35.5,B
2021-06-04T10:48:16,300.0,35.5,B
2021-06-04T10:48:13,2800.0,35.5,B
2021-06-04T10:48:10,100.0,35.4,S
2021-06-04T10:48:09,500.0,35.45,S
2021-06-04T10:47:53,300.0,35.45,S
2021-06-04T10:47:52,100.0,35.4,S
2021-06-04T10:47:50,1000.0,35.4,S
2021-06-04T10:47:45,100.0,35.4,S
2021-06-04T10:47:43,200.0,35.4,S
2021-06-04T10:47:38,3400.0,35.4,S
2021-06-04T10:47:38,1600.0,35.4,S
2021-06-04T10:47:34,300.0,35.5,B
2021-06-04T10:47:33,10700.0,35.5,B
2021-06-04T10:47:31,15000.0,35.5,B
2021-06-04T10:47:29,300.0,35.5,B
2021-06-04T10:47:26,3000.0,35.4,S
2021-06-04T10:47:25,100.0,35.4,S
2021-06-04T10:47:24,34200.0,35.5,B
2021-06-04T10:47:24,600.0,35.5,B
2021-06-04T10:47:23,15000.0,35.5,B
2021-06-04T10:47:22,100.0,35.45,S
2021-06-04T10:47:21,100.0,35.45,S
2021-06-04T10:47:18,100.0,35.45,S
2021-06-04T10:47:11,1500.0,35.5,B
2021-06-04T10:47:06,1000.0,35.5,B
2021-06-04T10:47:03,500.0,35.45,S
2021-06-04T10:47:03,200.0,35.5,B
2021-06-04T10:46:56,600.0,35.5,B
2021-06-04T10:46:56,2000.0,35.5,B
2021-06-04T10:46:56,100.0,35.5,B
2021-06-04T10:46:55,2300.0,35.5,B
2021-06-04T10:46:48,400.0,35.5,B
2021-06-04T10:46:48,1700.0,35.5,B
2021-06-04T10:46:41,2600.0,35.5,B
2021-06-04T10:46:41,1000.0,35.5,B
2021-06-04T10:46:41,200.0,35.5,B
2021-06-04T10:46:41,100.0,35.5,B
2021-06-04T10:46:41,1100.0,35.5,B
2021-06-04T10:46:36,1500.0,35.5,B
2021-06-04T10:46:36,3400.0,35.5,B
2021-06-04T10:46:36,1300.0,35.5,B
2021-06-04T10:46:36,2000.0,35.5,B
2021-06-04T10:46:36,12000.0,35.5,B
2021-06-04T10:46:36,500.0,35.5,B
2021-06-04T10:46:36,500.0,35.5,B
2021-06-04T10:46:36,1000.0,35.5,B
2021-06-04T10:46:36,2100.0,35.5,B
2021-06-04T10:46:36,1400.0,35.5,B
2021-06-04T10:46:36,19000.0,35.5,B
2021-06-04T10:46:36,5300.0,35.5,B
2021-06-04T10:46:28,3000.0,35.4,S
2021-06-04T10:46:27,100.0,35.45,S
2021-06-04T10:46:27,200.0,35.5,B
2021-06-04T10:46:26,100.0,35.5,B
2021-06-04T10:46:22,100.0,35.5,B
2021-06-04T10:46:20,100.0,35.45,S
2021-06-04T10:46:13,100.0,35.4,S
2021-06-04T10:46:11,2000.0,35.4,S
2021-06-04T10:46:11,100.0,35.4,S
2021-06-04T10:46:10,1300.0,35.5,B
2021-06-04T10:46:03,200.0,35.4,B
2021-06-04T10:46:00,100.0,35.4,B
2021-06-04T10:45:51,300.0,35.4,B
2021-06-04T10:45:49,100.0,35.5,B
2021-06-04T10:45:49,200.0,35.5,B
2021-06-04T10:45:46,1400.0,35.5,B
2021-06-04T10:45:45,2000.0,35.4,B
2021-06-04T10:45:43,500.0,35.4,B
2021-06-04T10:45:43,1000.0,35.5,B
2021-06-04T10:45:43,1000.0,35.4,B
2021-06-04T10:45:43,900.0,35.5,B
2021-06-04T10:45:32,700.0,35.4,B
2021-06-04T10:45:32,5300.0,35.4,B
2021-06-04T10:45:31,2100.0,35.5,B
2021-06-04T10:45:31,3000.0,35.5,B
2021-06-04T10:45:31,1200.0,35.5,B
2021-06-04T10:45:30,4100.0,35.5,B
2021-06-04T10:45:29,200.0,35.4,B
2021-06-04T10:45:29,20000.0,35.45,B
2021-06-04T10:45:26,500.0,35.4,B
2021-06-04T10:45:26,30000.0,35.45,B
2021-06-04T10:45:21,30000.0,35.45,B
2021-06-04T10:45:15,30000.0,35.45,B
2021-06-04T10:45:15,100.0,35.45,B
2021-06-04T10:45:14,2000.0,35.45,B
2021-06-04T10:45:12,3500.0,35.4,B
2021-06-04T10:45:12,10000.0,35.4,B
2021-06-04T10:45:10,1000.0,35.4,B
2021-06-04T10:45:06,30000.0,35.45,B
2021-06-04T10:45:03,600.0,35.45,B
2021-06-04T10:44:58,1000.0,35.4,B
2021-06-04T10:44:56,1000.0,35.4,B
2021-06-04T10:44:48,10200.0,35.45,B
2021-06-04T10:44:48,600.0,35.45,B
2021-06-04T10:44:48,100.0,35.4,B
2021-06-04T10:44:48,4300.0,35.4,B
2021-06-04T10:44:48,14800.0,35.4,B
2021-06-04T10:44:46,1000.0,35.4,B
2021-06-04T10:44:45,100.0,35.3,B
2021-06-04T10:44:43,500.0,35.3,B
2021-06-04T10:44:39,700.0,35.4,B
2021-06-04T10:44:34,1000.0,35.4,B
2021-06-04T10:44:33,500.0,35.4,B
2021-06-04T10:44:31,100.0,35.4,B
2021-06-04T10:44:27,500.0,35.4,B
2021-06-04T10:44:26,3500.0,35.4,B
2021-06-04T10:44:26,500.0,35.4,B
2021-06-04T10:44:25,500.0,35.4,B
2021-06-04T10:44:21,1000.0,35.4,B
2021-06-04T10:44:20,300.0,35.4,B
2021-06-04T10:44:19,700.0,35.4,B
2021-06-04T10:44:17,3000.0,35.3,B
2021-06-04T10:44:17,1000.0,35.4,B
2021-06-04T10:44:13,900.0,35.4,B
2021-06-04T10:44:03,26000.0,35.4,B
2021-06-04T10:44:01,900.0,35.4,B
2021-06-04T10:44:00,500.0,35.4,B
2021-06-04T10:43:59,8000.0,35.4,B
2021-06-04T10:43:59,100.0,35.4,B
2021-06-04T10:43:51,900.0,35.4,B
2021-06-04T10:43:50,100.0,35.4,B
2021-06-04T10:43:45,200.0,35.4,B
2021-06-04T10:43:41,10000.0,35.4,B
2021-06-04T10:43:36,1000.0,35.4,B
2021-06-04T10:43:35,200.0,35.4,B
2021-06-04T10:43:26,30000.0,35.4,B
2021-06-04T10:43:25,2000.0,35.4,B
2021-06-04T10:43:23,5000.0,35.4,B
2021-06-04T10:43:20,3500.0,35.3,B
2021-06-04T10:43:20,5000.0,35.4,B
2021-06-04T10:43:14,2000.0,35.3,B
2021-06-04T10:43:10,500.0,35.4,B
2021-06-04T10:43:07,200.0,35.4,B
2021-06-04T10:43:04,500.0,35.4,B
2021-06-04T10:43:00,5000.0,35.4,B
2021-06-04T10:42:59,1200.0,35.4,B
2021-06-04T10:42:55,1500.0,35.4,B
2021-06-04T10:42:54,200.0,35.4,B
2021-06-04T10:42:52,700.0,35.4,B
2021-06-04T10:42:47,500.0,35.4,B
2021-06-04T10:42:44,300.0,35.4,B
2021-06-04T10:42:44,25000.0,35.4,B
2021-06-04T10:42:44,1800.0,35.4,B
2021-06-04T10:42:36,500.0,35.4,B
2021-06-04T10:42:28,2000.0,35.4,B
2021-06-04T10:42:25,600.0,35.4,B
2021-06-04T10:42:24,300.0,35.3,B
2021-06-04T10:42:21,5000.0,35.4,B
2021-06-04T10:42:19,15000.0,35.4,B
2021-06-04T10:42:18,500.0,35.4,B
2021-06-04T10:42:16,20200.0,35.4,B
2021-06-04T10:42:12,100.0,35.3,B
2021-06-04T10:42:02,3500.0,35.3,B
2021-06-04T10:42:00,1300.0,35.4,B
2021-06-04T10:41:59,10000.0,35.4,B
2021-06-04T10:41:56,100.0,35.3,B
2021-06-04T10:41:52,300.0,35.3,B
2021-06-04T10:41:51,300.0,35.4,B
2021-06-04T10:41:51,700.0,35.4,B
2021-06-04T10:41:49,2700.0,35.4,B
2021-06-04T10:41:47,1000.0,35.3,B
2021-06-04T10:41:47,10000.0,35.4,B
2021-06-04T10:41:37,100.0,35.35,B
2021-06-04T10:41:33,500.0,35.4,B
2021-06-04T10:41:33,1000.0,35.35,B
2021-06-04T10:41:33,6200.0,35.35,B
2021-06-04T10:41:33,1500.0,35.4,B
2021-06-04T10:41:32,200.0,35.35,B
2021-06-04T10:41:30,1400.0,35.4,B
2021-06-04T10:40:58,200.0,35.4,B
2021-06-04T10:40:50,3500.0,35.35,B
2021-06-04T10:40:44,700.0,35.35,B
2021-06-04T10:40:29,100.0,35.3,B
2021-06-04T10:40:20,400.0,35.3,B
2021-06-04T10:40:19,2400.0,35.3,B
2021-06-04T10:40:19,1100.0,35.3,B
2021-06-04T10:40:19,1000.0,35.3,B
2021-06-04T10:40:19,1100.0,35.3,B
2021-06-04T10:40:19,1100.0,35.3,B
2021-06-04T10:40:19,1000.0,35.3,B
2021-06-04T10:40:18,17200.0,35.3,B
2021-06-04T10:40:18,100.0,35.25,B
2021-06-04T10:40:18,700.0,35.25,B
2021-06-04T10:40:13,100.0,35.2,B
2021-06-04T10:40:13,2000.0,35.2,B
2021-06-04T10:40:02,2000.0,35.2,B
2021-06-04T10:39:56,100.0,35.3,B
2021-06-04T10:39:48,1500.0,35.2,B
2021-06-04T10:39:47,200.0,35.3,B
2021-06-04T10:39:42,10000.0,35.3,B
2021-06-04T10:39:37,4000.0,35.3,B
2021-06-04T10:39:28,100.0,35.3,B
2021-06-04T10:39:27,800.0,35.3,B
2021-06-04T10:39:25,10400.0,35.3,B
2021-06-04T10:39:25,1400.0,35.3,B
2021-06-04T10:39:25,6400.0,35.25,B
2021-06-04T10:39:25,500.0,35.2,B
2021-06-04T10:39:25,1300.0,35.2,B
2021-06-04T10:39:21,800.0,35.2,B
2021-06-04T10:39:21,3300.0,35.2,B
2021-06-04T10:39:21,1000.0,35.2,B
2021-06-04T10:39:20,8200.0,35.2,B
2021-06-04T10:39:20,1100.0,35.2,B
2021-06-04T10:39:20,600.0,35.2,B
2021-06-04T10:39:20,900.0,35.2,B
2021-06-04T10:39:20,600.0,35.2,B
2021-06-04T10:39:20,1500.0,35.2,B
2021-06-04T10:39:15,100.0,35.2,B
2021-06-04T10:39:08,200.0,35.2,B
2021-06-04T10:38:55,500.0,35.1,S
2021-06-04T10:38:43,3000.0,35.1,S
2021-06-04T10:38:36,3500.0,35.1,S
2021-06-04T10:38:31,500.0,35.1,S
2021-06-04T10:38:30,10000.0,35.2,B
2021-06-04T10:38:17,200.0,35.2,B
2021-06-04T10:38:13,2000.0,35.1,S
2021-06-04T10:38:10,1000.0,35.1,B
2021-06-04T10:38:02,100.0,35.2,B
2021-06-04T10:37:54,1500.0,35.1,B
2021-06-04T10:37:46,1500.0,35.1,B
2021-06-04T10:37:46,100.0,35.2,B
2021-06-04T10:37:45,10000.0,35.2,B
2021-06-04T10:37:41,500.0,35.0,B
2021-06-04T10:37:37,26400.0,35.2,B
2021-06-04T10:37:37,600.0,35.2,B
2021-06-04T10:37:37,1000.0,35.2,B
2021-06-04T10:37:37,8000.0,35.2,B
2021-06-04T10:37:35,6000.0,35.05,B
2021-06-04T10:36:38,3000.0,35.0,B
2021-06-04T10:36:34,3000.0,35.0,B
2021-06-04T10:36:30,2000.0,35.05,B
2021-06-04T10:36:25,2100.0,35.0,B
2021-06-04T10:36:18,1000.0,35.0,B
2021-06-04T10:36:10,1000.0,35.0,B
2021-06-04T10:36:04,1000.0,35.0,B
2021-06-04T10:36:03,2000.0,35.05,B
2021-06-04T10:36:01,10000.0,35.05,B
2021-06-04T10:35:57,2000.0,35.0,B
2021-06-04T10:35:54,3000.0,35.0,B
2021-06-04T10:35:51,600.0,35.05,B
2021-06-04T10:35:51,4100.0,35.05,B
2021-06-04T10:35:51,300.0,35.05,B
2021-06-04T10:35:40,500.0,35.0,B
2021-06-04T10:35:25,100.0,35.0,B
2021-06-04T10:35:23,5000.0,35.0,B
2021-06-04T10:35:20,500.0,35.0,B
2021-06-04T10:35:16,500.0,35.0,B
2021-06-04T10:35:16,100.0,35.05,B
2021-06-04T10:35:13,500.0,35.0,B
2021-06-04T10:35:05,6000.0,35.0,B
2021-06-04T10:34:42,13800.0,35.0,B
2021-06-04T10:34:42,100.0,35.0,B
2021-06-04T10:34:37,1500.0,34.95,S
2021-06-04T10:34:37,5000.0,35.0,B
2021-06-04T10:34:35,1000.0,35.0,B
2021-06-04T10:34:31,500.0,34.95,S
2021-06-04T10:34:26,1000.0,35.0,B
2021-06-04T10:34:18,1000.0,35.0,B
2021-06-04T10:34:18,3000.0,35.0,B
2021-06-04T10:34:16,11600.0,35.0,B
2021-06-04T10:34:16,100.0,35.0,B
2021-06-04T10:34:15,1200.0,35.0,B
2021-06-04T10:34:15,7900.0,35.0,B
2021-06-04T10:34:15,400.0,35.0,B
2021-06-04T10:34:15,16100.0,35.0,B
2021-06-04T10:34:15,1300.0,35.0,B
2021-06-04T10:34:15,4400.0,35.0,B
2021-06-04T10:34:15,4200.0,35.0,B
2021-06-04T10:34:15,800.0,35.0,B
2021-06-04T10:34:13,1000.0,35.0,B
2021-06-04T10:34:10,400.0,35.0,B
2021-06-04T10:34:10,5000.0,35.0,B
2021-06-04T10:34:04,1500.0,35.0,B
2021-06-04T10:34:04,100.0,35.0,B
2021-06-04T10:33:59,100.0,35.0,B
2021-06-04T10:33:56,100.0,34.95,S
2021-06-04T10:33:52,300.0,35.0,B
2021-06-04T10:33:51,1000.0,35.0,B
2021-06-04T10:33:51,500.0,34.95,S
2021-06-04T10:33:47,100.0,35.0,B
2021-06-04T10:33:45,3500.0,34.95,S
2021-06-04T10:33:42,100.0,35.0,B
2021-06-04T10:33:39,300.0,35.0,B
2021-06-04T10:33:38,20000.0,35.0,B
2021-06-04T10:33:37,10000.0,35.0,B
2021-06-04T10:33:34,2000.0,35.0,B
2021-06-04T10:33:34,11000.0,35.0,B
2021-06-04T10:33:29,7200.0,35.0,B
2021-06-04T10:33:29,500.0,35.0,B
2021-06-04T10:33:29,900.0,35.0,B
2021-06-04T10:33:29,200.0,35.0,B
2021-06-04T10:33:29,1000.0,35.0,B
2021-06-04T10:33:29,6600.0,35.0,B
2021-06-04T10:33:29,4000.0,35.0,B
2021-06-04T10:33:29,1000.0,35.0,B
2021-06-04T10:33:29,10600.0,35.0,B
2021-06-04T10:33:29,500.0,35.0,B
2021-06-04T10:33:29,500.0,35.0,B
2021-06-04T10:33:29,9700.0,35.0,B
2021-06-04T10:33:29,1100.0,35.0,B
2021-06-04T10:33:29,3200.0,35.0,B
2021-06-04T10:33:29,1200.0,35.0,B
2021-06-04T10:33:28,10500.0,35.0,B
2021-06-04T10:33:28,5000.0,35.0,B
2021-06-04T10:33:28,1000.0,35.0,B
2021-06-04T10:33:28,1500.0,35.0,B
2021-06-04T10:33:28,300.0,35.0,B
2021-06-04T10:33:28,2000.0,35.0,B
2021-06-04T10:33:28,500.0,35.0,B
2021-06-04T10:33:28,500.0,35.0,B
2021-06-04T10:33:28,4200.0,35.0,B
2021-06-04T10:33:28,1600.0,35.0,B
2021-06-04T10:33:28,2500.0,35.0,B
2021-06-04T10:33:28,2000.0,35.0,B
2021-06-04T10:33:28,20200.0,35.0,B
2021-06-04T10:33:28,500.0,35.0,B
2021-06-04T10:33:24,500.0,35.0,B
2021-06-04T10:33:24,1500.0,35.0,B
2021-06-04T10:33:24,2000.0,35.0,B
2021-06-04T10:33:23,8700.0,35.0,B
2021-06-04T10:33:22,1600.0,35.0,B
2021-06-04T10:33:22,2400.0,35.0,B
2021-06-04T10:33:22,500.0,35.0,B
2021-06-04T10:33:22,4400.0,35.0,B
2021-06-04T10:33:22,300.0,35.0,B
2021-06-04T10:33:21,16000.0,35.0,B
2021-06-04T10:33:21,500.0,35.0,B
2021-06-04T10:33:21,3900.0,35.0,B
2021-06-04T10:33:21,6400.0,35.0,B
2021-06-04T10:33:21,4100.0,35.0,B
2021-06-04T10:33:21,1200.0,35.0,B
2021-06-04T10:33:20,10000.0,35.0,B
2021-06-04T10:33:20,100.0,35.0,B
2021-06-04T10:33:10,5000.0,35.0,B
2021-06-04T10:33:07,100.0,35.0,B
2021-06-04T10:33:05,500.0,34.95,S
2021-06-04T10:32:53,1400.0,35.0,B
2021-06-04T10:32:53,600.0,34.95,S
2021-06-04T10:32:50,3500.0,34.95,S
2021-06-04T10:32:50,200.0,35.0,B
2021-06-04T10:32:47,1500.0,35.0,B
2021-06-04T10:32:47,300.0,35.0,B
2021-06-04T10:32:46,5000.0,35.0,B
2021-06-04T10:32:45,1000.0,35.0,B
2021-06-04T10:32:44,500.0,35.0,B
2021-06-04T10:32:43,4700.0,35.0,B
2021-06-04T10:32:43,300.0,35.0,B
2021-06-04T10:32:42,1000.0,35.0,B
2021-06-04T10:32:39,500.0,35.0,B
2021-06-04T10:32:38,1400.0,35.0,B
2021-06-04T10:32:37,100.0,34.95,S
2021-06-04T10:32:36,500.0,34.95,S
2021-06-04T10:32:35,1000.0,35.0,B
2021-06-04T10:32:24,500.0,35.0,B
2021-06-04T10:32:19,3000.0,35.0,B
2021-06-04T10:32:17,100.0,34.95,S
2021-06-04T10:32:16,100.0,34.95,S
2021-06-04T10:32:15,5000.0,35.0,B
2021-06-04T10:32:11,2000.0,35.0,B
2021-06-04T10:31:54,500.0,35.0,B
2021-06-04T10:31:51,200.0,35.0,B
2021-06-04T10:31:50,100.0,35.0,B
2021-06-04T10:31:49,1000.0,35.0,B
2021-06-04T10:31:47,800.0,35.0,B
2021-06-04T10:31:47,1600.0,35.0,B
2021-06-04T10:31:47,1000.0,35.0,B
2021-06-04T10:31:47,600.0,35.0,B
2021-06-04T10:31:47,2000.0,35.0,B
2021-06-04T10:31:45,100.0,35.0,B
2021-06-04T10:31:43,400.0,35.0,B
2021-06-04T10:31:42,2000.0,35.0,B
2021-06-04T10:31:42,2000.0,34.95,S
2021-06-04T10:31:42,2000.0,35.0,B
2021-06-04T10:31:35,500.0,34.95,S
2021-06-04T10:31:28,800.0,35.0,B
2021-06-04T10:31:27,300.0,35.0,B
2021-06-04T10:31:25,1700.0,35.0,B
2021-06-04T10:31:25,200.0,35.0,B
2021-06-04T10:31:25,1100.0,35.0,B
2021-06-04T10:31:25,5000.0,35.0,B
2021-06-04T10:31:25,1000.0,35.0,B
2021-06-04T10:31:25,300.0,35.0,B
2021-06-04T10:31:24,700.0,35.0,B
2021-06-04T10:31:20,1000.0,35.0,B
2021-06-04T10:31:16,1000.0,35.0,B
2021-06-04T10:31:15,1900.0,35.0,B
2021-06-04T10:31:15,1000.0,35.0,B
2021-06-04T10:31:09,100.0,35.0,B
2021-06-04T10:31:09,900.0,35.0,B
2021-06-04T10:31:00,10000.0,35.0,B
2021-06-04T10:30:52,2700.0,34.95,S
2021-06-04T10:30:52,3900.0,34.95,S
2021-06-04T10:30:52,1500.0,34.95,S
2021-06-04T10:30:52,1900.0,34.95,S
2021-06-04T10:30:51,200.0,35.0,B
2021-06-04T10:30:47,1900.0,34.95,S
2021-06-04T10:30:47,100.0,34.95,S
2021-06-04T10:30:46,200.0,35.0,B
2021-06-04T10:30:40,300.0,35.0,B
2021-06-04T10:30:35,2000.0,34.95,S
2021-06-04T10:30:35,500.0,35.0,B
2021-06-04T10:30:30,1000.0,35.0,B
2021-06-04T10:30:27,500.0,35.0,B
2021-06-04T10:30:23,500.0,34.95,S
2021-06-04T10:30:05,8300.0,35.0,B
2021-06-04T10:30:05,12300.0,35.0,B
2021-06-04T10:30:05,3000.0,35.0,B
2021-06-04T10:30:05,3400.0,35.0,B
2021-06-04T10:30:04,1400.0,35.0,B
2021-06-04T10:30:03,2000.0,34.95,S
2021-06-04T10:30:00,800.0,35.0,B
2021-06-04T10:29:58,400.0,35.0,B
2021-06-04T10:29:58,1400.0,35.0,B
2021-06-04T10:29:58,800.0,35.0,B
2021-06-04T10:29:58,1500.0,35.0,B
2021-06-04T10:29:58,400.0,35.0,B
2021-06-04T10:29:54,300.0,35.0,B
2021-06-04T10:29:51,2700.0,35.0,B
2021-06-04T10:29:51,2000.0,35.0,B
2021-06-04T10:29:51,5300.0,35.0,B
2021-06-04T10:29:40,500.0,35.0,B
2021-06-04T10:29:31,200.0,35.0,B
2021-06-04T10:29:30,17900.0,35.0,B
2021-06-04T10:29:30,1000.0,35.0,B
2021-06-04T10:29:29,23100.0,35.0,B
2021-06-04T10:29:28,1500.0,34.95,S
2021-06-04T10:29:28,1500.0,35.0,B
2021-06-04T10:29:16,400.0,35.0,B
2021-06-04T10:29:10,10000.0,35.0,B
2021-06-04T10:29:00,2000.0,35.0,B
2021-06-04T10:28:58,500.0,34.95,S
2021-06-04T10:28:56,100.0,35.0,B
2021-06-04T10:28:51,1400.0,35.0,B
2021-06-04T10:28:50,6400.0,35.0,B
2021-06-04T10:28:44,5000.0,35.0,B
2021-06-04T10:28:33,20000.0,35.0,B
2021-06-04T10:28:31,5000.0,34.95,S
2021-06-04T10:28:30,19100.0,34.95,S
2021-06-04T10:28:29,1000.0,35.0,B
2021-06-04T10:28:19,1400.0,34.95,S
2021-06-04T10:28:19,1000.0,34.95,S
2021-06-04T10:28:19,600.0,34.95,S
2021-06-04T10:28:18,10000.0,35.0,B
2021-06-04T10:28:18,1300.0,34.95,S
2021-06-04T10:28:13,1000.0,34.95,S
2021-06-04T10:27:56,1000.0,34.95,S
2021-06-04T10:27:54,5000.0,34.95,S
2021-06-04T10:27:50,1000.0,34.95,S
2021-06-04T10:27:50,800.0,35.0,B
2021-06-04T10:27:50,200.0,34.95,S
2021-06-04T10:27:45,7000.0,35.0,B
2021-06-04T10:27:44,3000.0,35.0,B
2021-06-04T10:27:43,5000.0,35.0,B
2021-06-04T10:27:42,1000.0,35.0,B
2021-06-04T10:27:33,200.0,34.95,S
2021-06-04T10:27:31,2000.0,35.0,B
2021-06-04T10:27:25,5000.0,35.0,B
2021-06-04T10:27:21,5000.0,35.0,B
2021-06-04T10:27:18,400.0,34.95,S
2021-06-04T10:27:14,500.0,35.0,B
2021-06-04T10:27:13,1000.0,35.0,B
2021-06-04T10:27:11,3500.0,34.95,S
2021-06-04T10:27:07,1000.0,35.0,B
2021-06-04T10:27:03,100.0,34.95,S
2021-06-04T10:26:50,1700.0,35.0,B
2021-06-04T10:26:47,2000.0,35.0,B
2021-06-04T10:26:45,1000.0,35.0,B
2021-06-04T10:26:33,1000.0,35.0,B
2021-06-04T10:26:29,1000.0,35.0,B
2021-06-04T10:26:22,300.0,34.95,S
2021-06-04T10:26:16,1500.0,35.0,B
2021-06-04T10:26:09,4000.0,35.0,B
2021-06-04T10:26:08,1500.0,34.95,S
2021-06-04T10:26:06,100.0,35.0,B
2021-06-04T10:26:05,9000.0,34.95,S
2021-06-04T10:26:04,3000.0,34.95,S
2021-06-04T10:25:52,1600.0,35.0,B
2021-06-04T10:25:52,500.0,35.0,B
2021-06-04T10:25:30,3600.0,34.95,S
2021-06-04T10:25:30,1000.0,34.95,S
2021-06-04T10:25:30,400.0,34.95,S
2021-06-04T10:25:29,10000.0,35.0,B
2021-06-04T10:25:28,2000.0,34.95,S
2021-06-04T10:25:27,400.0,35.0,B
2021-06-04T10:25:26,200.0,34.95,S
2021-06-04T10:25:20,2400.0,34.95,S
2021-06-04T10:25:19,600.0,34.95,S
2021-06-04T10:25:13,800.0,35.0,B
2021-06-04T10:25:09,100.0,34.95,S
2021-06-04T10:25:00,1000.0,35.0,B
2021-06-04T10:24:58,1000.0,35.0,B
2021-06-04T10:24:57,200.0,35.0,B
2021-06-04T10:24:56,5000.0,34.95,S
2021-06-04T10:24:55,2000.0,35.0,B
2021-06-04T10:24:53,100.0,35.0,B
2021-06-04T10:24:45,1000.0,35.0,B
2021-06-04T10:24:42,1500.0,34.95,S
2021-06-04T10:24:42,3500.0,34.95,S
2021-06-04T10:24:40,500.0,35.0,B
2021-06-04T10:24:38,200.0,34.95,S
2021-06-04T10:24:38,2800.0,34.95,S
2021-06-04T10:24:35,1000.0,35.0,B
2021-06-04T10:24:27,1000.0,34.95,S
2021-06-04T10:24:25,100.0,35.0,B
2021-06-04T10:24:22,1000.0,34.95,S
2021-06-04T10:24:18,100.0,35.0,B
2021-06-04T10:24:15,100.0,35.0,B
2021-06-04T10:24:14,3500.0,34.95,S
2021-06-04T10:24:14,1400.0,35.0,B
2021-06-04T10:24:10,500.0,34.95,S
2021-06-04T10:24:05,400.0,35.0,B
2021-06-04T10:24:02,3000.0,35.0,B
2021-06-04T10:23:52,100.0,34.95,S
2021-06-04T10:23:45,200.0,35.0,B
2021-06-04T10:23:43,3000.0,35.0,B
2021-06-04T10:23:37,100.0,34.95,S
2021-06-04T10:23:35,100.0,35.0,B
2021-06-04T10:23:34,100.0,35.0,B
2021-06-04T10:23:33,100.0,35.0,B
2021-06-04T10:23:25,1000.0,35.0,B
2021-06-04T10:23:20,1000.0,34.95,S
2021-06-04T10:23:20,1500.0,34.95,S
2021-06-04T10:23:18,100.0,34.95,S
2021-06-04T10:23:16,1000.0,34.95,S
2021-06-04T10:23:16,2000.0,34.95,S
2021-06-04T10:23:11,100.0,34.95,S
2021-06-04T10:23:11,9000.0,35.0,B
2021-06-04T10:23:11,500.0,35.0,B
2021-06-04T10:23:07,100.0,35.0,B
2021-06-04T10:23:07,100.0,34.95,S
2021-06-04T10:23:07,2000.0,34.95,S
2021-06-04T10:23:02,1000.0,34.95,S
2021-06-04T10:23:02,100.0,35.0,B
2021-06-04T10:22:58,1000.0,35.0,B
2021-06-04T10:22:57,100.0,35.0,B
2021-06-04T10:22:35,200.0,34.95,B
2021-06-04T10:22:20,1500.0,34.95,B
2021-06-04T10:22:14,5000.0,34.95,B
2021-06-04T10:22:06,1000.0,35.0,B
2021-06-04T10:21:59,900.0,35.0,B
2021-06-04T10:21:49,1000.0,35.0,B
2021-06-04T10:21:49,100.0,34.95,B
2021-06-04T10:21:40,1000.0,35.0,B
2021-06-04T10:21:39,5000.0,34.95,B
2021-06-04T10:21:35,1000.0,34.95,B
2021-06-04T10:21:29,1000.0,35.0,B
2021-06-04T10:21:29,1000.0,34.95,B
2021-06-04T10:21:26,10000.0,35.0,B
2021-06-04T10:21:23,1000.0,35.0,B
2021-06-04T10:21:13,200.0,34.95,B
2021-06-04T10:21:07,8400.0,35.0,B
2021-06-04T10:21:07,1600.0,35.0,B
2021-06-04T10:21:05,3000.0,34.95,B
2021-06-04T10:21:04,100.0,34.95,B
2021-06-04T10:20:49,100.0,35.0,B
2021-06-04T10:20:48,1400.0,34.95,B
2021-06-04T10:20:48,600.0,34.95,B
2021-06-04T10:20:40,1800.0,34.95,B
2021-06-04T10:20:34,100.0,34.95,B
2021-06-04T10:20:00,100.0,34.95,B
2021-06-04T10:19:52,200.0,34.95,B
2021-06-04T10:19:52,500.0,34.95,B
2021-06-04T10:19:50,2000.0,35.0,B
2021-06-04T10:19:49,2000.0,34.95,B
2021-06-04T10:19:48,400.0,34.95,B
2021-06-04T10:19:45,300.0,34.95,B
2021-06-04T10:19:40,1700.0,35.0,B
2021-06-04T10:19:38,100.0,34.95,B
2021-06-04T10:19:34,10000.0,35.0,B
2021-06-04T10:19:27,1000.0,34.95,B
2021-06-04T10:19:26,2400.0,34.95,B
2021-06-04T10:19:24,200.0,34.95,B
2021-06-04T10:19:23,400.0,34.95,B
2021-06-04T10:19:22,3400.0,34.95,B
2021-06-04T10:19:22,10000.0,34.95,B
2021-06-04T10:19:19,500.0,34.95,B
2021-06-04T10:19:16,700.0,34.95,B
2021-06-04T10:19:15,800.0,34.95,B
2021-06-04T10:19:10,5000.0,34.95,B
2021-06-04T10:19:08,3400.0,34.95,B
2021-06-04T10:19:05,900.0,34.95,B
2021-06-04T10:19:05,1400.0,34.95,B
2021-06-04T10:19:03,2000.0,34.95,B
2021-06-04T10:18:57,100.0,34.95,B
2021-06-04T10:18:56,5000.0,34.95,B
2021-06-04T10:18:54,1500.0,34.9,S
2021-06-04T10:18:52,600.0,34.95,B
2021-06-04T10:18:50,100.0,34.95,B
2021-06-04T10:18:46,100.0,34.95,B
2021-06-04T10:18:32,5000.0,34.95,B
2021-06-04T10:18:31,200.0,34.95,B
2021-06-04T10:18:29,1000.0,34.95,B
2021-06-04T10:18:23,100.0,34.95,B
2021-06-04T10:18:21,1500.0,34.95,B
2021-06-04T10:18:14,10000.0,34.95,B
2021-06-04T10:18:11,8400.0,34.95,B
2021-06-04T10:18:11,1600.0,34.95,B
2021-06-04T10:18:09,500.0,34.95,B
2021-06-04T10:17:57,4000.0,34.95,B
2021-06-04T10:17:57,600.0,34.95,B
2021-06-04T10:17:56,10000.0,34.95,B
2021-06-04T10:17:52,1500.0,34.9,S
2021-06-04T10:17:43,2000.0,34.95,B
2021-06-04T10:17:41,100.0,34.95,B
2021-06-04T10:17:36,5000.0,34.95,B
2021-06-04T10:17:35,200.0,34.95,B
2021-06-04T10:17:31,200.0,34.95,B
2021-06-04T10:17:28,2000.0,34.9,S
2021-06-04T10:17:25,500.0,34.9,S
2021-06-04T10:17:25,600.0,34.95,B
2021-06-04T10:17:22,500.0,34.9,S
2021-06-04T10:17:19,2000.0,34.95,B
2021-06-04T10:17:18,3800.0,34.95,B
2021-06-04T10:17:16,100.0,34.95,B
2021-06-04T10:17:02,5000.0,34.95,B
2021-06-04T10:17:00,2000.0,34.95,B
2021-06-04T10:16:59,20000.0,34.9,S
2021-06-04T10:16:57,1000.0,34.9,S
2021-06-04T10:16:40,700.0,34.95,B
2021-06-04T10:16:40,700.0,34.95,B
2021-06-04T10:16:37,2000.0,34.9,S
2021-06-04T10:16:34,1000.0,34.95,B
2021-06-04T10:16:32,5000.0,34.95,B
2021-06-04T10:16:30,500.0,34.95,B
2021-06-04T10:16:27,3000.0,34.95,B
2021-06-04T10:16:25,500.0,34.95,B
2021-06-04T10:16:21,1300.0,34.95,B
2021-06-04T10:16:21,700.0,34.95,B
2021-06-04T10:16:19,600.0,35.0,B
2021-06-04T10:16:18,800.0,34.95,B
2021-06-04T10:16:18,200.0,34.95,B
2021-06-04T10:16:17,1000.0,34.95,B
2021-06-04T10:16:08,200.0,34.95,B
2021-06-04T10:16:02,600.0,34.95,B
2021-06-04T10:16:01,5000.0,35.0,B
2021-06-04T10:15:58,28200.0,34.95,B
2021-06-04T10:15:58,1000.0,34.9,S
2021-06-04T10:15:55,600.0,34.95,B
2021-06-04T10:15:52,100.0,34.95,B
2021-06-04T10:15:52,100.0,34.95,B
2021-06-04T10:15:46,1500.0,34.9,S
2021-06-04T10:15:45,500.0,34.95,B
2021-06-04T10:15:43,1100.0,34.95,B
2021-06-04T10:15:43,4300.0,34.95,B
2021-06-04T10:15:43,3000.0,34.95,B
2021-06-04T10:15:43,8100.0,34.95,B
2021-06-04T10:15:43,9300.0,34.95,B
2021-06-04T10:15:43,4000.0,34.95,B
2021-06-04T10:15:41,2000.0,34.95,B
2021-06-04T10:15:32,1000.0,34.95,B
2021-06-04T10:15:30,1600.0,34.95,B
2021-06-04T10:15:27,400.0,35.0,B
2021-06-04T10:15:22,1200.0,34.9,S
2021-06-04T10:15:20,5000.0,35.0,B
2021-06-04T10:15:20,200.0,34.95,B
2021-06-04T10:15:18,1000.0,35.0,B
2021-06-04T10:15:15,1600.0,35.0,B
2021-06-04T10:15:11,300.0,34.95,B
2021-06-04T10:15:11,300.0,34.95,B
2021-06-04T10:15:10,1600.0,35.0,B
2021-06-04T10:15:10,500.0,35.0,B
2021-06-04T10:15:09,17900.0,35.0,B
2021-06-04T10:15:07,1500.0,34.95,B
2021-06-04T10:15:03,2000.0,34.95,B
2021-06-04T10:15:01,100.0,34.95,B
2021-06-04T10:14:58,300.0,34.95,B
2021-06-04T10:14:57,900.0,34.95,B
2021-06-04T10:14:55,600.0,34.95,B
2021-06-04T10:14:55,5000.0,34.95,B
2021-06-04T10:14:54,500.0,34.9,S
2021-06-04T10:14:52,20000.0,34.95,B
2021-06-04T10:14:52,2300.0,34.9,S
2021-06-04T10:14:52,5000.0,34.95,B
2021-06-04T10:14:51,2200.0,34.95,B
2021-06-04T10:14:48,100.0,34.95,B
2021-06-04T10:14:47,500.0,34.95,B
2021-06-04T10:14:42,1000.0,34.9,S
2021-06-04T10:14:42,3000.0,34.95,B
2021-06-04T10:14:39,1000.0,34.95,B
2021-06-04T10:14:38,500.0,34.95,B
2021-06-04T10:14:37,600.0,34.95,B
2021-06-04T10:14:36,500.0,34.95,B
2021-06-04T10:14:30,900.0,34.9,S
2021-06-04T10:14:29,300.0,34.95,B
2021-06-04T10:14:26,2000.0,34.95,B
2021-06-04T10:14:25,100.0,34.95,B
2021-06-04T10:14:25,200.0,34.95,B
2021-06-04T10:14:23,1100.0,34.95,B
2021-06-04T10:14:21,14000.0,34.95,B
2021-06-04T10:14:20,100.0,34.95,B
2021-06-04T10:14:18,5000.0,34.95,B
2021-06-04T10:14:12,13000.0,34.95,B
2021-06-04T10:14:11,100.0,34.95,B
2021-06-04T10:14:11,4000.0,34.95,B
2021-06-04T10:14:10,5000.0,34.95,B
2021-06-04T10:14:06,100.0,34.9,S
2021-06-04T10:14:05,3600.0,34.95,B
2021-06-04T10:14:01,1000.0,34.95,B
2021-06-04T10:14:00,1500.0,34.9,S
2021-06-04T10:13:59,1000.0,34.95,B
2021-06-04T10:13:53,5000.0,34.95,B
2021-06-04T10:13:51,400.0,34.95,B
2021-06-04T10:13:44,1000.0,34.95,B
2021-06-04T10:13:34,12000.0,34.95,B
2021-06-04T10:13:31,2100.0,34.95,B
2021-06-04T10:13:23,2000.0,34.95,B
2021-06-04T10:13:21,100.0,34.95,B
2021-06-04T10:13:21,3000.0,34.95,B
2021-06-04T10:13:17,7000.0,34.95,B
2021-06-04T10:13:15,100.0,34.95,B
2021-06-04T10:13:13,13000.0,34.95,B
2021-06-04T10:13:12,2000.0,34.95,B
2021-06-04T10:13:10,10000.0,34.95,B
2021-06-04T10:13:08,500.0,34.95,B
2021-06-04T10:13:00,1500.0,34.9,S
2021-06-04T10:13:00,2000.0,34.95,B
2021-06-04T10:12:54,11000.0,34.95,B
2021-06-04T10:12:51,5000.0,34.95,B
2021-06-04T10:12:50,1900.0,34.95,B
2021-06-04T10:12:50,500.0,34.9,S
2021-06-04T10:12:48,300.0,34.9,S
2021-06-04T10:12:45,500.0,34.9,S
2021-06-04T10:12:44,20000.0,34.95,B
2021-06-04T10:12:43,500.0,34.9,S
2021-06-04T10:12:30,20000.0,34.95,B
2021-06-04T10:12:30,4200.0,34.95,B
2021-06-04T10:12:30,100.0,34.95,B
2021-06-04T10:12:29,700.0,34.95,B
2021-06-04T10:12:28,300.0,34.95,B
2021-06-04T10:12:27,100.0,34.95,B
2021-06-04T10:12:25,1400.0,34.95,B
2021-06-04T10:12:25,3000.0,34.95,B
2021-06-04T10:12:23,100.0,34.95,B
2021-06-04T10:12:21,5000.0,34.95,B
2021-06-04T10:12:20,100.0,34.95,B
2021-06-04T10:12:20,1000.0,34.95,B
2021-06-04T10:12:18,2000.0,34.95,B
2021-06-04T10:12:15,100.0,34.9,S
2021-06-04T10:12:12,2000.0,34.95,B
2021-06-04T10:12:12,13000.0,34.95,B
2021-06-04T10:12:11,5000.0,34.9,S
2021-06-04T10:12:10,3500.0,34.95,B
2021-06-04T10:12:09,1000.0,34.95,B
2021-06-04T10:12:06,500.0,34.95,B
2021-06-04T10:12:05,53100.0,34.95,B
2021-06-04T10:12:04,2200.0,34.95,B
2021-06-04T10:12:02,1000.0,34.9,S
2021-06-04T10:12:02,300.0,34.9,S
2021-06-04T10:12:01,500.0,34.9,S
2021-06-04T10:11:59,9200.0,34.95,B
2021-06-04T10:11:57,1200.0,34.95,B
2021-06-04T10:11:54,300.0,35.0,B
2021-06-04T10:11:52,100.0,34.95,B
2021-06-04T10:11:51,9700.0,35.0,B
2021-06-04T10:11:51,500.0,35.0,B
2021-06-04T10:11:50,3500.0,35.0,B
2021-06-04T10:11:50,300.0,35.0,B
2021-06-04T10:11:50,5600.0,35.0,B
2021-06-04T10:11:50,20200.0,35.0,B
2021-06-04T10:11:50,10200.0,35.0,B
2021-06-04T10:11:40,100.0,34.95,B
2021-06-04T10:11:40,1000.0,34.95,B
2021-06-04T10:11:39,300.0,34.95,B
2021-06-04T10:11:32,11900.0,35.0,B
2021-06-04T10:11:32,6500.0,35.0,B
2021-06-04T10:11:32,12600.0,35.0,B
2021-06-04T10:11:32,100.0,35.0,B
2021-06-04T10:11:31,18900.0,35.0,B
2021-06-04T10:11:26,500.0,35.0,B
2021-06-04T10:11:19,500.0,34.95,B
2021-06-04T10:11:17,100.0,35.0,B
2021-06-04T10:11:14,100.0,34.95,B
2021-06-04T10:11:14,20000.0,34.9,S
2021-06-04T10:11:12,10000.0,34.9,S
2021-06-04T10:11:12,2000.0,34.9,S
2021-06-04T10:11:12,1500.0,35.0,B
2021-06-04T10:11:12,400.0,35.0,B
2021-06-04T10:11:12,5400.0,35.0,B
2021-06-04T10:11:12,2100.0,35.0,B
2021-06-04T10:11:12,700.0,35.0,B
2021-06-04T10:11:12,29400.0,35.0,B
2021-06-04T10:11:12,2600.0,35.0,B
2021-06-04T10:11:12,2100.0,35.0,B
2021-06-04T10:11:12,1100.0,35.0,B
2021-06-04T10:11:11,4700.0,35.0,B
2021-06-04T10:11:08,1000.0,34.95,B
2021-06-04T10:11:08,500.0,35.0,B
2021-06-04T10:10:59,6200.0,35.0,B
2021-06-04T10:10:59,200.0,35.0,B
2021-06-04T10:10:59,3600.0,35.0,B
2021-06-04T10:10:56,1000.0,35.0,B
2021-06-04T10:10:56,200.0,34.95,B
2021-06-04T10:10:55,3000.0,34.9,S
2021-06-04T10:10:51,500.0,34.9,S
2021-06-04T10:10:50,100.0,34.95,B
2021-06-04T10:10:45,20000.0,35.0,B
2021-06-04T10:10:45,300.0,34.95,B
2021-06-04T10:10:43,600.0,34.95,B
2021-06-04T10:10:38,500.0,34.9,S
2021-06-04T10:10:37,400.0,34.9,S
2021-06-04T10:10:37,100.0,34.9,S
2021-06-04T10:10:35,1000.0,35.0,B
2021-06-04T10:10:19,3000.0,34.9,S
2021-06-04T10:10:15,1000.0,34.95,B
2021-06-04T10:10:15,500.0,34.95,B
2021-06-04T10:10:11,4000.0,35.0,B
2021-06-04T10:10:11,600.0,35.0,B
2021-06-04T10:10:11,100.0,35.0,B
2021-06-04T10:10:10,5300.0,35.0,B
2021-06-04T10:10:10,1700.0,34.95,B
2021-06-04T10:10:02,100.0,34.95,B
2021-06-04T10:09:56,1500.0,35.0,B
2021-06-04T10:09:55,100.0,35.0,B
2021-06-04T10:09:51,300.0,35.0,B
2021-06-04T10:09:44,200.0,34.9,S
2021-06-04T10:09:40,4000.0,35.0,B
2021-06-04T10:09:40,500.0,35.0,B
2021-06-04T10:09:40,1600.0,34.95,B
2021-06-04T10:09:40,900.0,34.95,B
2021-06-04T10:09:40,1200.0,34.95,B
2021-06-04T10:09:40,1800.0,34.95,B
2021-06-04T10:09:39,1000.0,34.9,S
2021-06-04T10:09:19,5000.0,34.9,S
2021-06-04T10:09:15,10000.0,34.95,B
2021-06-04T10:09:13,14000.0,34.95,B
2021-06-04T10:09:04,100.0,34.9,S
2021-06-04T10:09:02,100.0,34.9,S
2021-06-04T10:08:59,20000.0,34.95,B
2021-06-04T10:08:59,500.0,34.95,B
2021-06-04T10:08:56,2000.0,34.9,S
2021-06-04T10:08:54,1900.0,34.95,B
2021-06-04T10:08:44,700.0,34.9,S
2021-06-04T10:08:36,7000.0,34.95,B
2021-06-04T10:08:26,200.0,34.95,B
2021-06-04T10:08:24,1000.0,34.9,S
2021-06-04T10:08:23,1000.0,34.95,B
2021-06-04T10:08:20,9000.0,34.9,S
2021-06-04T10:08:16,600.0,34.95,B
2021-06-04T10:08:11,2100.0,34.9,S
2021-06-04T10:08:08,3800.0,34.95,B
2021-06-04T10:08:04,3000.0,34.9,S
2021-06-04T10:08:03,3000.0,34.9,S
2021-06-04T10:08:02,100.0,34.95,B
2021-06-04T10:08:01,3000.0,34.9,S
2021-06-04T10:08:00,100.0,34.95,B
2021-06-04T10:07:55,3000.0,34.9,S
2021-06-04T10:07:54,1000.0,34.9,S
2021-06-04T10:07:51,500.0,34.9,S
2021-06-04T10:07:50,700.0,34.95,B
2021-06-04T10:07:50,100.0,34.95,B
2021-06-04T10:07:50,200.0,34.9,S
2021-06-04T10:07:47,15000.0,34.95,B
2021-06-04T10:07:45,5000.0,34.95,B
2021-06-04T10:07:41,1000.0,34.95,B
2021-06-04T10:07:40,10000.0,34.95,B
2021-06-04T10:07:37,100.0,34.9,S
2021-06-04T10:07:37,1000.0,34.9,S
2021-06-04T10:07:33,5000.0,34.95,B
2021-06-04T10:07:32,1000.0,34.9,S
2021-06-04T10:07:27,100.0,34.9,B
2021-06-04T10:07:22,100.0,34.85,B
2021-06-04T10:07:21,1000.0,34.85,B
2021-06-04T10:07:18,1700.0,34.95,B
2021-06-04T10:07:17,5000.0,34.95,B
2021-06-04T10:07:16,700.0,34.85,B
2021-06-04T10:07:16,700.0,34.85,B
2021-06-04T10:07:16,600.0,34.85,B
2021-06-04T10:07:14,2000.0,34.95,B
2021-06-04T10:07:12,5000.0,34.85,B
2021-06-04T10:07:11,5100.0,34.95,B
2021-06-04T10:07:09,1200.0,34.9,B
2021-06-04T10:07:07,10400.0,34.9,B
2021-06-04T10:07:06,100.0,34.95,B
2021-06-04T10:07:04,2000.0,34.9,B
2021-06-04T10:06:57,1000.0,34.95,B
2021-06-04T10:06:52,2600.0,34.95,B
2021-06-04T10:06:52,5400.0,34.95,B
2021-06-04T10:06:51,2000.0,34.95,B
2021-06-04T10:06:47,100.0,34.9,B
2021-06-04T10:06:43,900.0,34.9,B
2021-06-04T10:06:42,200.0,34.9,B
2021-06-04T10:06:41,1000.0,34.9,B
2021-06-04T10:06:38,1100.0,34.85,B
2021-06-04T10:06:36,500.0,34.85,B
2021-06-04T10:06:33,1000.0,34.9,B
2021-06-04T10:06:31,1000.0,34.9,B
2021-06-04T10:06:26,2000.0,34.8,S
2021-06-04T10:06:24,500.0,34.85,B
2021-06-04T10:06:18,100.0,34.85,B
2021-06-04T10:06:18,10000.0,34.85,B
2021-06-04T10:06:16,1000.0,34.95,B
2021-06-04T10:06:13,2000.0,34.85,B
2021-06-04T10:06:03,100.0,34.95,B
2021-06-04T10:05:58,900.0,34.9,B
2021-06-04T10:05:51,200.0,34.9,B
2021-06-04T10:05:51,2000.0,34.9,B
2021-06-04T10:05:49,300.0,34.9,B
2021-06-04T10:05:47,2000.0,34.9,B
2021-06-04T10:05:40,3600.0,34.9,B
2021-06-04T10:05:40,1400.0,34.9,B
2021-06-04T10:05:37,500.0,34.9,B
2021-06-04T10:05:35,1000.0,34.9,B
2021-06-04T10:05:33,100.0,34.85,B
2021-06-04T10:05:29,800.0,34.85,B
2021-06-04T10:05:23,3500.0,34.8,S
2021-06-04T10:05:22,1000.0,34.8,S
2021-06-04T10:05:19,200.0,34.8,S
2021-06-04T10:05:19,2300.0,34.8,S
2021-06-04T10:05:19,13900.0,34.8,S
2021-06-04T10:05:19,15000.0,34.8,S
2021-06-04T10:05:19,9000.0,34.8,S
2021-06-04T10:05:19,9600.0,34.85,B
2021-06-04T10:05:11,100.0,34.85,B
2021-06-04T10:05:09,1100.0,34.85,B
2021-06-04T10:05:09,500.0,34.85,B
2021-06-04T10:05:07,500.0,34.9,B
2021-06-04T10:05:04,1000.0,34.85,B
2021-06-04T10:04:57,3000.0,34.85,B
2021-06-04T10:04:49,100.0,34.9,B
2021-06-04T10:04:45,1000.0,34.85,B
2021-06-04T10:04:36,2100.0,34.85,B
2021-06-04T10:04:35,1000.0,34.9,B
2021-06-04T10:04:34,100.0,34.85,B
2021-06-04T10:04:32,1600.0,34.9,B
2021-06-04T10:04:31,3000.0,34.85,B
2021-06-04T10:04:29,200.0,34.85,B
2021-06-04T10:04:27,5000.0,34.9,B
2021-06-04T10:04:24,3400.0,34.85,B
2021-06-04T10:04:17,1000.0,34.85,B
2021-06-04T10:04:16,1000.0,34.85,B
2021-06-04T10:04:14,500.0,34.85,B
2021-06-04T10:04:12,2500.0,34.9,B
2021-06-04T10:04:11,100.0,34.9,B
2021-06-04T10:04:10,1000.0,34.85,B
2021-06-04T10:04:10,200.0,34.85,B
2021-06-04T10:04:09,7500.0,34.85,B
2021-06-04T10:04:08,3000.0,34.85,B
2021-06-04T10:04:00,300.0,34.85,B
2021-06-04T10:03:58,300.0,34.85,B
2021-06-04T10:03:48,8100.0,34.75,S
2021-06-04T10:03:48,1300.0,34.8,S
2021-06-04T10:03:48,7400.0,34.8,S
2021-06-04T10:03:48,1300.0,34.8,S
2021-06-04T10:03:48,600.0,34.8,S
2021-06-04T10:03:48,600.0,34.8,S
2021-06-04T10:03:48,6800.0,34.8,S
2021-06-04T10:03:48,1200.0,34.8,S
2021-06-04T10:03:48,300.0,34.8,S
2021-06-04T10:03:48,5600.0,34.8,S
2021-06-04T10:03:48,900.0,34.8,S
2021-06-04T10:03:48,300.0,34.8,S
2021-06-04T10:03:48,1500.0,34.8,S
2021-06-04T10:03:46,9100.0,34.8,S
2021-06-04T10:03:46,300.0,34.85,B
2021-06-04T10:03:42,5000.0,34.85,B
2021-06-04T10:03:42,1000.0,34.8,S
2021-06-04T10:03:40,300.0,34.85,B
2021-06-04T10:03:38,2000.0,34.8,S
2021-06-04T10:03:33,12800.0,34.8,S
2021-06-04T10:03:33,14900.0,34.8,S
2021-06-04T10:03:33,1000.0,34.8,S
2021-06-04T10:03:33,10200.0,34.8,S
2021-06-04T10:03:33,11100.0,34.8,S
2021-06-04T10:03:32,1000.0,34.85,B
2021-06-04T10:03:31,100.0,34.85,B
2021-06-04T10:03:30,100.0,34.85,B
2021-06-04T10:03:30,3000.0,34.85,B
2021-06-04T10:03:25,300.0,34.8,S
2021-06-04T10:03:22,15600.0,34.85,B
2021-06-04T10:03:22,13500.0,34.85,B
2021-06-04T10:03:19,200.0,34.85,B
2021-06-04T10:03:17,5000.0,34.9,B
2021-06-04T10:03:17,1100.0,34.9,B
2021-06-04T10:03:17,1100.0,34.9,B
2021-06-04T10:03:17,500.0,34.9,B
2021-06-04T10:03:17,200.0,34.9,B
2021-06-04T10:03:17,500.0,34.9,B
2021-06-04T10:03:17,500.0,34.9,B
2021-06-04T10:03:17,2200.0,34.9,B
2021-06-04T10:03:17,3000.0,34.9,B
2021-06-04T10:03:17,22300.0,34.9,B
2021-06-04T10:03:17,8000.0,34.9,B
2021-06-04T10:03:17,60600.0,34.9,B
2021-06-04T10:03:13,900.0,34.9,B
2021-06-04T10:03:09,200.0,34.9,B
2021-06-04T10:03:03,4200.0,34.9,B
2021-06-04T10:03:03,200.0,34.85,B
2021-06-04T10:03:01,400.0,34.85,B
2021-06-04T10:03:01,5000.0,34.9,B
2021-06-04T10:02:59,1000.0,34.85,B
2021-06-04T10:02:57,100.0,34.9,B
2021-06-04T10:02:55,500.0,34.9,B
2021-06-04T10:02:50,500.0,34.85,B
2021-06-04T10:02:48,100.0,34.85,B
2021-06-04T10:02:48,10500.0,34.85,B
2021-06-04T10:02:46,100.0,34.9,B
2021-06-04T10:02:42,1000.0,34.85,B
2021-06-04T10:02:37,500.0,34.9,B
2021-06-04T10:02:34,1000.0,34.9,B
2021-06-04T10:02:34,200.0,34.85,B
2021-06-04T10:02:33,18300.0,34.9,B
2021-06-04T10:02:32,100.0,34.85,B
2021-06-04T10:02:29,1800.0,34.85,B
2021-06-04T10:02:27,3000.0,34.85,B
2021-06-04T10:02:17,100.0,34.9,B
2021-06-04T10:02:12,500.0,34.85,B
2021-06-04T10:02:10,100.0,34.85,B
2021-06-04T10:01:56,300.0,34.85,B
2021-06-04T10:01:45,2000.0,34.85,B
2021-06-04T10:01:42,2000.0,34.85,B
2021-06-04T10:01:36,2000.0,34.9,B
2021-06-04T10:01:36,7000.0,34.9,B
2021-06-04T10:01:25,5900.0,34.9,B
2021-06-04T10:01:25,1000.0,34.9,B
2021-06-04T10:01:25,3100.0,34.9,B
2021-06-04T10:01:22,100.0,34.85,B
2021-06-04T10:01:22,400.0,34.9,B
2021-06-04T10:01:04,100.0,34.8,S
2021-06-04T10:01:02,1700.0,34.9,B
2021-06-04T10:01:02,3100.0,34.9,B
2021-06-04T10:01:02,200.0,34.85,B
2021-06-04T10:00:49,5000.0,34.85,B
2021-06-04T10:00:48,100.0,34.8,S
2021-06-04T10:00:46,2000.0,34.85,B
2021-06-04T10:00:44,500.0,34.85,B
2021-06-04T10:00:44,2000.0,34.8,S
2021-06-04T10:00:32,2400.0,34.85,B
2021-06-04T10:00:32,17600.0,34.85,B
2021-06-04T10:00:32,1000.0,34.85,B
2021-06-04T10:00:30,5000.0,34.8,S
2021-06-04T10:00:18,200.0,34.85,B
2021-06-04T10:00:17,500.0,34.85,B
2021-06-04T10:00:17,100.0,34.85,B
2021-06-04T10:00:13,700.0,34.8,S
2021-06-04T10:00:12,100.0,34.85,B
2021-06-04T10:00:11,2000.0,34.85,B
2021-06-04T10:00:03,300.0,34.85,B
2021-06-04T10:00:02,2000.0,34.75,S
2021-06-04T10:00:01,500.0,34.75,S
2021-06-04T09:59:55,1500.0,34.75,S
2021-06-04T09:59:53,50000.0,34.75,S
2021-06-04T09:59:53,100.0,34.8,B
2021-06-04T09:59:50,1000.0,34.8,B
2021-06-04T09:59:50,1500.0,34.8,B
2021-06-04T09:59:50,28200.0,34.8,B
2021-06-04T09:59:50,4900.0,34.8,B
2021-06-04T09:59:50,10000.0,34.8,B
2021-06-04T09:59:50,5400.0,34.8,B
2021-06-04T09:59:49,100.0,34.8,B
2021-06-04T09:59:49,1000.0,34.8,B
2021-06-04T09:59:49,300.0,34.8,B
2021-06-04T09:59:43,1300.0,34.8,B
2021-06-04T09:59:41,100.0,34.8,B
2021-06-04T09:59:37,1600.0,34.85,B
2021-06-04T09:59:27,1000.0,34.8,B
2021-06-04T09:59:27,1000.0,34.85,B
2021-06-04T09:59:23,1000.0,34.8,B
2021-06-04T09:59:20,700.0,34.85,B
2021-06-04T09:59:19,500.0,34.85,B
2021-06-04T09:59:16,200.0,34.85,B
2021-06-04T09:59:06,200.0,34.8,B
2021-06-04T09:59:05,2000.0,34.8,B
2021-06-04T09:59:04,1000.0,34.85,B
2021-06-04T09:59:00,2000.0,34.85,B
2021-06-04T09:58:59,5000.0,34.8,B
2021-06-04T09:58:59,1400.0,34.85,B
2021-06-04T09:58:57,1300.0,34.8,B
2021-06-04T09:58:56,7800.0,34.8,B
2021-06-04T09:58:53,500.0,34.8,B
2021-06-04T09:58:51,2000.0,34.85,B
2021-06-04T09:58:47,100.0,34.85,B
2021-06-04T09:58:42,2300.0,34.85,B
2021-06-04T09:58:40,4500.0,34.85,B
2021-06-04T09:58:32,500.0,34.8,B
2021-06-04T09:58:25,100.0,34.85,B
2021-06-04T09:58:20,300.0,34.8,B
2021-06-04T09:58:18,20000.0,34.85,B
2021-06-04T09:58:12,500.0,34.8,B
2021-06-04T09:58:09,100.0,34.8,B
2021-06-04T09:58:07,1800.0,34.8,B
2021-06-04T09:58:05,100.0,34.85,B
2021-06-04T09:58:02,100.0,34.85,B
2021-06-04T09:57:57,100.0,34.8,B
2021-06-04T09:57:52,5000.0,34.8,B
2021-06-04T09:57:49,4000.0,34.8,B
2021-06-04T09:57:37,500.0,34.85,B
2021-06-04T09:57:30,500.0,34.85,B
2021-06-04T09:57:28,400.0,34.8,B
2021-06-04T09:57:26,2300.0,34.85,B
2021-06-04T09:57:26,5000.0,34.8,B
2021-06-04T09:57:25,300.0,34.8,B
2021-06-04T09:57:23,5000.0,34.8,B
2021-06-04T09:57:21,400.0,34.8,B
2021-06-04T09:57:20,1000.0,34.8,B
2021-06-04T09:57:20,100.0,34.8,B
2021-06-04T09:57:20,100.0,34.8,B
2021-06-04T09:57:16,300.0,34.8,B
2021-06-04T09:57:15,1300.0,34.85,B
2021-06-04T09:57:08,2500.0,34.85,B
2021-06-04T09:57:06,100.0,34.8,B
2021-06-04T09:57:05,10000.0,34.85,B
2021-06-04T09:56:57,100.0,34.8,B
2021-06-04T09:56:56,500.0,34.85,B
2021-06-04T09:56:54,500.0,34.8,B
2021-06-04T09:56:53,100.0,34.8,B
2021-06-04T09:56:51,3000.0,34.8,B
2021-06-04T09:56:51,700.0,34.85,B
2021-06-04T09:56:50,2100.0,34.8,B
2021-06-04T09:56:48,300.0,34.8,B
2021-06-04T09:56:42,2000.0,34.8,B
2021-06-04T09:56:40,2000.0,34.85,B
2021-06-04T09:56:37,1200.0,34.8,B
2021-06-04T09:56:35,200.0,34.8,B
2021-06-04T09:56:30,500.0,34.85,B
2021-06-04T09:56:30,1000.0,34.85,B
2021-06-04T09:56:24,9500.0,34.7,S
2021-06-04T09:56:24,7400.0,34.7,S
2021-06-04T09:56:24,3100.0,34.8,B
2021-06-04T09:56:22,300.0,34.8,B
2021-06-04T09:56:20,100.0,34.8,B
2021-06-04T09:56:19,1000.0,34.8,B
2021-06-04T09:56:17,500.0,34.8,B
2021-06-04T09:56:16,1000.0,34.85,B
2021-06-04T09:56:16,200.0,34.8,B
2021-06-04T09:56:13,3000.0,34.85,B
2021-06-04T09:56:13,100.0,34.8,B
2021-06-04T09:56:12,1100.0,34.8,B
2021-06-04T09:56:12,500.0,34.8,B
2021-06-04T09:56:04,2200.0,34.8,B
2021-06-04T09:56:02,3000.0,34.8,B
2021-06-04T09:56:00,500.0,34.8,B
2021-06-04T09:55:59,1500.0,34.7,S
2021-06-04T09:55:57,1000.0,34.8,B
2021-06-04T09:55:55,4000.0,34.75,S
2021-06-04T09:55:53,100.0,34.8,B
2021-06-04T09:55:52,50000.0,34.8,B
2021-06-04T09:55:50,1000.0,34.75,S
2021-06-04T09:55:49,500.0,34.7,S
2021-06-04T09:55:49,5000.0,34.75,S
2021-06-04T09:55:47,10700.0,34.8,B
2021-06-04T09:55:44,1000.0,34.8,B
2021-06-04T09:55:43,500.0,34.8,B
2021-06-04T09:55:42,13100.0,34.8,B
2021-06-04T09:55:36,7700.0,34.8,B
2021-06-04T09:55:36,300.0,34.8,B
2021-06-04T09:55:33,700.0,34.8,B
2021-06-04T09:55:33,1400.0,34.8,B
2021-06-04T09:55:32,1000.0,34.8,B
2021-06-04T09:55:28,7000.0,34.8,B
2021-06-04T09:55:27,100.0,34.8,B
2021-06-04T09:55:24,100.0,34.8,B
2021-06-04T09:55:16,100.0,34.8,B
2021-06-04T09:55:16,800.0,34.8,B
2021-06-04T09:55:08,300.0,34.8,B
2021-06-04T09:55:06,1500.0,34.7,S
2021-06-04T09:55:03,800.0,34.8,B
2021-06-04T09:54:59,100.0,34.8,B
2021-06-04T09:54:58,1000.0,34.7,S
2021-06-04T09:54:48,100.0,34.7,S
2021-06-04T09:54:48,1900.0,34.75,S
2021-06-04T09:54:40,7400.0,34.8,B
2021-06-04T09:54:40,700.0,34.8,B
2021-06-04T09:54:40,100.0,34.8,B
2021-06-04T09:54:40,8900.0,34.8,B
2021-06-04T09:54:28,500.0,34.8,B
2021-06-04T09:54:22,500.0,34.75,S
2021-06-04T09:54:19,500.0,34.8,B
2021-06-04T09:54:12,100.0,34.75,S
2021-06-04T09:54:09,1000.0,34.8,B
2021-06-04T09:54:09,3000.0,34.8,B
2021-06-04T09:54:08,2200.0,34.8,B
2021-06-04T09:53:59,3100.0,34.8,B
2021-06-04T09:53:59,1500.0,34.7,S
2021-06-04T09:53:53,8000.0,34.8,B
2021-06-04T09:53:53,3000.0,34.7,S
2021-06-04T09:53:48,100.0,34.8,B
2021-06-04T09:53:46,17000.0,34.8,B
2021-06-04T09:53:44,100.0,34.7,S
2021-06-04T09:53:42,1600.0,34.8,B
2021-06-04T09:53:38,1000.0,34.7,S
2021-06-04T09:53:32,3200.0,34.8,B
2021-06-04T09:53:32,1000.0,34.8,B
2021-06-04T09:53:28,400.0,34.8,B
2021-06-04T09:53:22,5000.0,34.7,S
2021-06-04T09:53:21,1500.0,34.7,S
2021-06-04T09:53:16,1700.0,34.8,B
2021-06-04T09:53:15,6300.0,34.7,S
2021-06-04T09:53:15,300.0,34.8,B
2021-06-04T09:53:14,3000.0,34.8,B
2021-06-04T09:53:12,500.0,34.8,B
2021-06-04T09:53:06,500.0,34.8,B
2021-06-04T09:53:05,3100.0,34.8,B
2021-06-04T09:52:45,500.0,34.8,B
2021-06-04T09:52:44,1600.0,34.8,B
2021-06-04T09:52:42,5000.0,34.8,B
2021-06-04T09:52:40,1000.0,34.7,S
2021-06-04T09:52:34,100.0,34.7,S
2021-06-04T09:52:30,2000.0,34.8,B
2021-06-04T09:52:30,5000.0,34.75,B
2021-06-04T09:52:18,3000.0,34.8,B
2021-06-04T09:52:18,1000.0,34.7,B
2021-06-04T09:52:17,1000.0,34.7,B
2021-06-04T09:52:17,1000.0,34.7,B
2021-06-04T09:52:16,200.0,34.7,B
2021-06-04T09:52:13,2000.0,34.7,B
2021-06-04T09:52:13,200.0,34.7,B
2021-06-04T09:51:59,100.0,34.8,B
2021-06-04T09:51:59,1000.0,34.8,B
2021-06-04T09:51:51,46000.0,34.8,B
2021-06-04T09:51:44,100.0,34.7,B
2021-06-04T09:51:43,1000.0,34.8,B
2021-06-04T09:51:41,3500.0,34.7,B
2021-06-04T09:51:40,1000.0,34.7,B
2021-06-04T09:51:37,100.0,34.8,B
2021-06-04T09:51:36,5000.0,34.8,B
2021-06-04T09:51:34,1100.0,34.8,B
2021-06-04T09:51:29,1000.0,34.7,B
2021-06-04T09:51:21,10000.0,34.8,B
2021-06-04T09:51:20,4800.0,34.7,B
2021-06-04T09:51:19,2000.0,34.8,B
2021-06-04T09:51:17,300.0,34.8,B
2021-06-04T09:51:17,300.0,34.7,B
2021-06-04T09:51:17,100.0,34.8,B
2021-06-04T09:51:14,300.0,34.7,B
2021-06-04T09:51:09,1000.0,34.8,B
2021-06-04T09:51:03,300.0,34.8,B
2021-06-04T09:50:59,500.0,34.7,B
2021-06-04T09:50:58,3000.0,34.7,B
2021-06-04T09:50:51,800.0,34.8,B
2021-06-04T09:50:46,500.0,34.8,B
2021-06-04T09:50:44,1000.0,34.7,B
2021-06-04T09:50:43,1000.0,34.7,B
2021-06-04T09:50:42,20000.0,34.8,B
2021-06-04T09:50:40,100.0,34.7,B
2021-06-04T09:50:38,3500.0,34.7,B
2021-06-04T09:50:36,3000.0,34.7,B
2021-06-04T09:50:31,1000.0,34.8,B
2021-06-04T09:50:22,100.0,34.7,B
2021-06-04T09:50:21,1000.0,34.8,B
2021-06-04T09:50:21,3000.0,34.7,B
2021-06-04T09:50:17,1000.0,34.7,B
2021-06-04T09:50:17,1000.0,34.7,B
2021-06-04T09:50:11,500.0,34.7,B
2021-06-04T09:50:11,10000.0,34.8,B
2021-06-04T09:50:04,100.0,34.7,B
2021-06-04T09:49:58,600.0,34.7,B
2021-06-04T09:49:57,200.0,34.7,B
2021-06-04T09:49:54,1000.0,34.8,B
2021-06-04T09:49:51,100.0,34.7,B
2021-06-04T09:49:46,2000.0,34.8,B
2021-06-04T09:49:45,100.0,34.7,B
2021-06-04T09:49:45,3000.0,34.7,B
2021-06-04T09:49:41,800.0,34.7,B
2021-06-04T09:49:39,300.0,34.7,B
2021-06-04T09:49:37,1000.0,34.7,B
2021-06-04T09:49:35,900.0,34.7,B
2021-06-04T09:49:33,8000.0,34.8,B
2021-06-04T09:49:31,1000.0,34.7,B
2021-06-04T09:49:29,100.0,34.7,B
2021-06-04T09:49:28,5500.0,34.8,B
2021-06-04T09:49:18,100.0,34.7,B
2021-06-04T09:49:16,700.0,34.7,B
2021-06-04T09:49:16,3000.0,34.8,B
2021-06-04T09:49:13,20000.0,34.8,B
2021-06-04T09:49:12,1000.0,34.7,B
2021-06-04T09:49:12,300.0,34.7,B
2021-06-04T09:49:11,2500.0,34.7,B
2021-06-04T09:49:06,3000.0,34.7,B
2021-06-04T09:49:03,5000.0,34.8,B
2021-06-04T09:48:54,2000.0,34.8,B
2021-06-04T09:48:53,100.0,34.6,B
2021-06-04T09:48:50,10000.0,34.6,B
2021-06-04T09:48:47,100.0,34.6,B
2021-06-04T09:48:47,2000.0,34.6,B
2021-06-04T09:48:46,1000.0,34.6,B
2021-06-04T09:48:46,500.0,34.6,B
2021-06-04T09:48:45,13000.0,34.8,B
2021-06-04T09:48:43,500.0,34.8,B
2021-06-04T09:48:40,700.0,34.6,B
2021-06-04T09:48:36,1500.0,34.6,B
2021-06-04T09:48:36,11000.0,34.8,B
2021-06-04T09:48:33,1000.0,34.6,B
2021-06-04T09:48:30,1000.0,34.7,B
2021-06-04T09:48:28,2000.0,34.7,B
2021-06-04T09:48:24,500.0,34.65,B
2021-06-04T09:48:23,2000.0,34.6,B
2021-06-04T09:48:22,600.0,34.6,B
2021-06-04T09:48:17,1000.0,34.6,B
2021-06-04T09:48:09,5000.0,34.65,B
2021-06-04T09:48:02,100.0,34.6,B
2021-06-04T09:48:00,100.0,34.6,B
2021-06-04T09:47:52,3500.0,34.6,B
2021-06-04T09:47:48,100.0,34.6,B
2021-06-04T09:47:47,100.0,34.65,B
2021-06-04T09:47:47,300.0,34.6,B
2021-06-04T09:47:44,600.0,34.65,B
2021-06-04T09:47:44,100.0,34.65,B
2021-06-04T09:47:42,2100.0,34.6,B
2021-06-04T09:47:42,400.0,34.65,B
2021-06-04T09:47:39,300.0,34.7,B
2021-06-04T09:47:35,300.0,34.7,B
2021-06-04T09:47:33,100.0,34.8,B
2021-06-04T09:47:32,4000.0,34.8,B
2021-06-04T09:47:17,100.0,34.7,B
2021-06-04T09:47:16,300.0,34.7,B
2021-06-04T09:47:12,1100.0,34.8,B
2021-06-04T09:47:12,2000.0,34.8,B
2021-06-04T09:47:12,6900.0,34.8,B
2021-06-04T09:47:09,2000.0,34.65,B
2021-06-04T09:47:07,600.0,34.6,B
2021-06-04T09:47:02,500.0,34.6,B
2021-06-04T09:46:59,100.0,34.6,B
