tradingTime,volume,price,side
2021-06-04T14:29:51,400.0,5.4,B
2021-06-04T14:29:47,900.0,5.4,B
2021-06-04T14:29:09,1000.0,5.4,B
2021-06-04T14:29:06,10000.0,5.4,B
2021-06-04T14:28:36,3000.0,5.4,B
2021-06-04T14:28:33,10000.0,5.4,B
2021-06-04T14:28:26,1000.0,5.3,S
2021-06-04T14:28:25,2000.0,5.4,B
2021-06-04T14:28:19,1000.0,5.4,B
2021-06-04T14:28:04,1000.0,5.4,B
2021-06-04T14:27:57,20000.0,5.4,B
2021-06-04T14:27:54,1000.0,5.4,B
2021-06-04T14:27:26,1000.0,5.4,B
2021-06-04T14:27:21,5000.0,5.4,B
2021-06-04T14:27:15,1700.0,5.4,B
2021-06-04T14:27:12,1000.0,5.4,B
2021-06-04T14:27:11,4000.0,5.4,B
2021-06-04T14:26:53,200.0,5.4,B
2021-06-04T14:26:36,17000.0,5.4,B
2021-06-04T14:26:30,10000.0,5.4,B
2021-06-04T14:25:48,10000.0,5.4,B
2021-06-04T14:25:41,200.0,5.4,B
2021-06-04T14:25:37,2000.0,5.4,B
2021-06-04T14:25:19,5000.0,5.4,B
2021-06-04T14:25:19,2200.0,5.4,B
2021-06-04T14:25:14,5000.0,5.4,B
2021-06-04T14:25:08,3000.0,5.4,B
2021-06-04T14:24:52,500.0,5.4,B
2021-06-04T14:24:47,1500.0,5.4,B
2021-06-04T14:24:30,200.0,5.4,B
2021-06-04T14:24:00,100.0,5.4,B
2021-06-04T14:23:58,1300.0,5.4,B
2021-06-04T14:23:51,5100.0,5.4,S
2021-06-04T14:23:49,4900.0,5.4,B
2021-06-04T14:23:47,15200.0,5.4,B
2021-06-04T14:23:11,100.0,5.4,B
2021-06-04T14:23:00,10000.0,5.4,B
2021-06-04T14:22:57,1000.0,5.4,B
2021-06-04T14:22:54,700.0,5.4,B
2021-06-04T14:22:53,5000.0,5.4,B
2021-06-04T14:22:31,500.0,5.4,B
2021-06-04T14:22:30,9000.0,5.4,S
2021-06-04T14:22:13,1100.0,5.4,S
2021-06-04T14:22:13,5000.0,5.4,B
2021-06-04T14:22:12,4500.0,5.4,B
2021-06-04T14:22:07,1000.0,5.4,B
2021-06-04T14:22:00,29400.0,5.4,S
2021-06-04T14:21:38,14000.0,5.4,S
2021-06-04T14:21:33,3300.0,5.4,S
2021-06-04T14:21:23,33500.0,5.4,S
2021-06-04T14:21:17,500.0,5.4,S
2021-06-04T14:21:15,6000.0,5.4,S
2021-06-04T14:21:03,1000.0,5.4,S
2021-06-04T14:20:38,1000.0,5.4,S
2021-06-04T14:20:37,1000.0,5.5,B
2021-06-04T14:20:20,1000.0,5.4,S
2021-06-04T14:20:05,1000.0,5.4,S
2021-06-04T14:19:55,1000.0,5.4,S
2021-06-04T14:19:34,200.0,5.4,S
2021-06-04T14:19:18,600.0,5.4,B
2021-06-04T14:19:10,500.0,5.4,B
2021-06-04T14:19:03,200.0,5.4,B
2021-06-04T14:18:57,2000.0,5.4,S
2021-06-04T14:18:57,2300.0,5.4,S
2021-06-04T14:18:43,1200.0,5.4,S
2021-06-04T14:18:42,1000.0,5.4,B
2021-06-04T14:18:32,1000.0,5.4,B
2021-06-04T14:18:27,1000.0,5.4,B
2021-06-04T14:18:24,100.0,5.4,B
2021-06-04T14:18:05,20000.0,5.4,B
2021-06-04T14:18:04,3000.0,5.4,B
2021-06-04T14:17:59,2000.0,5.4,B
2021-06-04T14:17:57,500.0,5.4,B
2021-06-04T14:17:56,3000.0,5.4,B
2021-06-04T14:17:53,35100.0,5.4,B
2021-06-04T14:17:51,500.0,5.4,B
2021-06-04T14:17:47,200.0,5.4,B
2021-06-04T14:17:38,100.0,5.4,B
2021-06-04T14:17:29,100.0,5.4,B
2021-06-04T14:17:14,1000.0,5.4,B
2021-06-04T14:17:10,8800.0,5.4,B
2021-06-04T14:17:10,500.0,5.4,B
2021-06-04T14:17:07,600.0,5.4,B
2021-06-04T14:16:57,100.0,5.4,B
2021-06-04T14:16:47,1000.0,5.4,B
2021-06-04T14:16:46,2000.0,5.4,B
2021-06-04T14:16:36,100.0,5.4,B
2021-06-04T14:16:29,61500.0,5.4,S
2021-06-04T14:15:51,5000.0,5.5,B
2021-06-04T14:15:45,1000.0,5.4,S
2021-06-04T14:15:38,6000.0,5.4,S
2021-06-04T14:15:31,52900.0,5.4,S
2021-06-04T14:13:50,5000.0,5.5,B
2021-06-04T14:12:54,3000.0,5.4,S
2021-06-04T14:12:31,23800.0,5.4,S
2021-06-04T14:12:14,50000.0,5.4,S
2021-06-04T14:11:35,1500.0,5.5,B
2021-06-04T14:11:27,1000.0,5.5,B
2021-06-04T14:11:22,300.0,5.5,B
2021-06-04T14:10:59,100.0,5.5,B
2021-06-04T14:10:19,1200.0,5.5,B
2021-06-04T14:10:19,9000.0,5.4,S
2021-06-04T14:09:50,200.0,5.5,B
2021-06-04T14:09:21,1000.0,5.5,B
2021-06-04T14:09:02,100.0,5.5,B
2021-06-04T14:08:21,1500.0,5.5,B
2021-06-04T14:08:18,500.0,5.5,B
2021-06-04T14:07:45,3000.0,5.5,B
2021-06-04T14:07:02,200.0,5.4,S
2021-06-04T14:06:51,10000.0,5.4,S
2021-06-04T14:05:59,600.0,5.4,S
2021-06-04T14:05:44,6800.0,5.4,B
2021-06-04T14:05:28,2200.0,5.4,B
2021-06-04T14:05:27,7800.0,5.4,B
2021-06-04T14:05:15,3000.0,5.3,S
2021-06-04T14:05:07,200.0,5.4,B
2021-06-04T14:05:00,500.0,5.4,B
2021-06-04T14:05:00,1000.0,5.4,B
2021-06-04T14:04:39,2100.0,5.4,B
2021-06-04T14:04:35,500.0,5.4,B
2021-06-04T14:04:26,100.0,5.4,B
2021-06-04T14:04:24,1000.0,5.4,B
2021-06-04T14:04:17,1000.0,5.4,B
2021-06-04T14:04:11,3000.0,5.4,B
2021-06-04T14:03:58,100.0,5.4,B
2021-06-04T14:03:48,7200.0,5.4,S
2021-06-04T14:03:43,300.0,5.4,S
2021-06-04T14:03:14,3900.0,5.4,B
2021-06-04T14:03:13,1600.0,5.4,B
2021-06-04T14:03:05,1000.0,5.3,S
2021-06-04T14:03:04,2000.0,5.4,B
2021-06-04T14:02:57,1000.0,5.4,B
2021-06-04T14:02:51,6000.0,5.4,B
2021-06-04T14:02:42,7000.0,5.4,B
2021-06-04T14:02:35,200.0,5.4,B
2021-06-04T14:02:20,5000.0,5.4,B
2021-06-04T14:02:12,5000.0,5.4,B
2021-06-04T14:02:06,4100.0,5.4,S
2021-06-04T14:02:01,7100.0,5.4,S
2021-06-04T14:01:31,4700.0,5.4,B
2021-06-04T14:01:22,4900.0,5.4,B
2021-06-04T14:01:01,1000.0,5.4,B
2021-06-04T14:00:56,5000.0,5.4,S
2021-06-04T14:00:35,1100.0,5.4,S
2021-06-04T14:00:18,2100.0,5.4,B
2021-06-04T14:00:16,300.0,5.4,B
2021-06-04T14:00:10,13600.0,5.4,B
2021-06-04T13:59:44,3100.0,5.4,S
2021-06-04T13:59:04,15000.0,5.4,S
2021-06-04T13:58:24,3800.0,5.4,S
2021-06-04T13:58:07,400.0,5.4,S
2021-06-04T13:57:45,3000.0,5.4,S
2021-06-04T13:57:43,2000.0,5.4,S
2021-06-04T13:57:42,2000.0,5.4,S
2021-06-04T13:57:28,200.0,5.4,S
2021-06-04T13:56:22,1400.0,5.4,S
2021-06-04T13:56:14,700.0,5.4,S
2021-06-04T13:55:59,400.0,5.4,S
2021-06-04T13:55:35,1400.0,5.4,S
2021-06-04T13:55:20,2300.0,5.4,B
2021-06-04T13:55:14,1000.0,5.4,B
2021-06-04T13:55:08,5000.0,5.4,B
2021-06-04T13:55:07,3000.0,5.4,B
2021-06-04T13:54:57,2000.0,5.4,B
2021-06-04T13:54:53,8000.0,5.4,B
2021-06-04T13:54:50,800.0,5.4,B
2021-06-04T13:54:49,200.0,5.4,B
2021-06-04T13:54:47,11000.0,5.4,B
2021-06-04T13:54:41,100.0,5.4,B
2021-06-04T13:54:35,5000.0,5.4,B
2021-06-04T13:54:28,8000.0,5.4,B
2021-06-04T13:54:13,200.0,5.4,B
2021-06-04T13:54:09,10800.0,5.4,B
2021-06-04T13:54:08,5000.0,5.4,B
2021-06-04T13:54:01,1000.0,5.4,B
2021-06-04T13:53:49,100.0,5.4,B
2021-06-04T13:53:47,30000.0,5.4,B
2021-06-04T13:53:43,5100.0,5.4,B
2021-06-04T13:53:35,100.0,5.4,B
2021-06-04T13:53:31,300.0,5.4,B
2021-06-04T13:53:16,900.0,5.4,B
2021-06-04T13:53:01,2000.0,5.4,B
2021-06-04T13:52:59,5000.0,5.4,B
2021-06-04T13:52:57,100.0,5.4,B
2021-06-04T13:52:56,10000.0,5.4,B
2021-06-04T13:52:18,2000.0,5.4,B
2021-06-04T13:52:12,1000.0,5.4,B
2021-06-04T13:51:54,500.0,5.4,B
2021-06-04T13:51:49,1000.0,5.4,B
2021-06-04T13:51:30,500.0,5.4,B
2021-06-04T13:51:28,100.0,5.4,B
2021-06-04T13:51:17,100.0,5.4,B
2021-06-04T13:51:15,100.0,5.4,B
2021-06-04T13:51:14,200.0,5.4,S
2021-06-04T13:51:13,7000.0,5.4,S
2021-06-04T13:51:04,100.0,5.4,S
2021-06-04T13:50:23,1000.0,5.4,S
2021-06-04T13:50:21,9400.0,5.4,B
2021-06-04T13:50:16,30600.0,5.4,S
2021-06-04T13:50:16,20000.0,5.4,S
2021-06-04T13:50:03,50000.0,5.4,S
2021-06-04T13:49:49,14600.0,5.4,S
2021-06-04T13:49:33,3500.0,5.4,S
2021-06-04T13:49:04,20000.0,5.4,S
2021-06-04T13:48:33,300.0,5.4,S
2021-06-04T13:48:32,1500.0,5.4,S
2021-06-04T13:47:58,100.0,5.4,S
2021-06-04T13:47:44,13800.0,5.4,S
2021-06-04T13:47:40,500.0,5.4,S
2021-06-04T13:47:26,35400.0,5.4,S
2021-06-04T13:45:33,100.0,5.5,B
2021-06-04T13:45:18,100.0,5.5,B
2021-06-04T13:44:56,300.0,5.5,B
2021-06-04T13:44:42,500.0,5.4,S
2021-06-04T13:44:38,48900.0,5.4,S
2021-06-04T13:44:33,3800.0,5.4,S
2021-06-04T13:44:15,5500.0,5.4,S
2021-06-04T13:44:02,46900.0,5.4,S
2021-06-04T13:43:58,5000.0,5.4,S
2021-06-04T13:43:41,100.0,5.4,S
2021-06-04T13:43:41,1800.0,5.4,S
2021-06-04T13:43:29,1000.0,5.5,B
2021-06-04T13:43:24,300.0,5.5,B
2021-06-04T13:42:45,11500.0,5.5,B
2021-06-04T13:42:30,1700.0,5.5,B
2021-06-04T13:42:28,8200.0,5.5,B
2021-06-04T13:42:20,100.0,5.5,B
2021-06-04T13:42:00,2800.0,5.5,B
2021-06-04T13:41:47,2000.0,5.5,B
2021-06-04T13:41:27,600.0,5.5,B
2021-06-04T13:41:22,5000.0,5.5,B
2021-06-04T13:41:11,500.0,5.4,S
2021-06-04T13:41:01,300.0,5.5,B
2021-06-04T13:40:16,200.0,5.5,B
2021-06-04T13:39:44,200.0,5.5,B
2021-06-04T13:39:10,300.0,5.5,B
2021-06-04T13:39:08,3500.0,5.5,B
2021-06-04T13:39:00,300.0,5.5,B
2021-06-04T13:38:22,400.0,5.5,B
2021-06-04T13:38:17,500.0,5.5,B
2021-06-04T13:37:37,10000.0,5.5,B
2021-06-04T13:37:34,200.0,5.5,B
2021-06-04T13:37:10,7000.0,5.5,B
2021-06-04T13:37:03,300.0,5.5,B
2021-06-04T13:36:52,4000.0,5.5,B
2021-06-04T13:36:43,300.0,5.5,B
2021-06-04T13:36:38,700.0,5.5,B
2021-06-04T13:36:32,5000.0,5.5,B
2021-06-04T13:36:30,1900.0,5.5,B
2021-06-04T13:36:26,1100.0,5.5,B
2021-06-04T13:36:22,200.0,5.4,S
2021-06-04T13:36:22,100.0,5.5,B
2021-06-04T13:36:15,2000.0,5.5,B
2021-06-04T13:36:15,1000.0,5.5,B
2021-06-04T13:36:09,300.0,5.5,B
2021-06-04T13:35:59,5000.0,5.5,B
2021-06-04T13:35:45,200.0,5.5,B
2021-06-04T13:35:21,400.0,5.5,B
2021-06-04T13:35:20,4500.0,5.5,B
2021-06-04T13:35:03,30000.0,5.5,B
2021-06-04T13:34:58,1000.0,5.5,B
2021-06-04T13:34:46,5000.0,5.5,B
2021-06-04T13:34:41,3600.0,5.5,B
2021-06-04T13:34:31,500.0,5.5,B
2021-06-04T13:34:29,4000.0,5.5,B
2021-06-04T13:34:26,10000.0,5.5,B
2021-06-04T13:34:02,700.0,5.5,B
2021-06-04T13:33:59,4000.0,5.5,B
2021-06-04T13:33:47,1000.0,5.5,B
2021-06-04T13:33:45,100.0,5.5,B
2021-06-04T13:33:43,1000.0,5.5,B
2021-06-04T13:33:33,100.0,5.5,B
2021-06-04T13:33:29,500.0,5.5,B
2021-06-04T13:33:26,100.0,5.5,B
2021-06-04T13:33:18,300.0,5.5,B
2021-06-04T13:33:08,100.0,5.5,B
2021-06-04T13:32:35,500.0,5.5,B
2021-06-04T13:32:20,400.0,5.5,B
2021-06-04T13:31:38,2800.0,5.5,B
2021-06-04T13:31:26,11000.0,5.5,B
2021-06-04T13:31:23,38000.0,5.5,B
2021-06-04T13:30:58,100.0,5.5,B
2021-06-04T13:30:14,10000.0,5.5,B
2021-06-04T13:30:04,1200.0,5.5,B
2021-06-04T13:29:48,5000.0,5.5,B
2021-06-04T13:29:34,1000.0,5.5,B
2021-06-04T13:28:00,37600.0,5.4,B
2021-06-04T13:27:58,400.0,5.4,B
2021-06-04T13:27:51,100.0,5.4,B
2021-06-04T13:27:51,5000.0,5.4,B
2021-06-04T13:27:50,100.0,5.4,B
2021-06-04T13:27:29,50000.0,5.4,B
2021-06-04T13:27:28,1000.0,5.4,B
2021-06-04T13:27:14,100.0,5.4,B
2021-06-04T13:27:07,200.0,5.4,B
2021-06-04T13:27:06,5000.0,5.4,B
2021-06-04T13:26:53,100.0,5.4,B
2021-06-04T13:26:40,700.0,5.4,B
2021-06-04T13:26:40,200.0,5.4,B
2021-06-04T13:26:39,100.0,5.4,B
2021-06-04T13:26:24,5000.0,5.4,B
2021-06-04T13:26:20,10000.0,5.4,B
2021-06-04T13:26:13,5000.0,5.4,B
2021-06-04T13:26:12,1400.0,5.4,B
2021-06-04T13:25:59,2100.0,5.4,B
2021-06-04T13:25:55,7000.0,5.4,B
2021-06-04T13:25:46,2000.0,5.4,B
2021-06-04T13:25:31,500.0,5.4,B
2021-06-04T13:25:29,5000.0,5.4,B
2021-06-04T13:25:26,100.0,5.4,B
2021-06-04T13:25:25,2000.0,5.4,B
2021-06-04T13:25:11,5000.0,5.4,B
2021-06-04T13:25:06,1000.0,5.4,B
2021-06-04T13:24:57,5400.0,5.4,B
2021-06-04T13:24:41,20000.0,5.3,S
2021-06-04T13:24:40,200.0,5.4,B
2021-06-04T13:24:35,1000.0,5.4,B
2021-06-04T13:24:33,300.0,5.4,B
2021-06-04T13:24:32,100.0,5.4,B
2021-06-04T13:24:15,2000.0,5.4,B
2021-06-04T13:24:15,1000.0,5.4,B
2021-06-04T13:24:04,2400.0,5.4,B
2021-06-04T13:24:02,5000.0,5.4,B
2021-06-04T13:23:50,1000.0,5.4,B
2021-06-04T13:23:50,500.0,5.4,B
2021-06-04T13:23:43,900.0,5.4,B
2021-06-04T13:23:28,100.0,5.4,B
2021-06-04T13:23:22,17900.0,5.4,S
2021-06-04T13:23:21,3000.0,5.4,S
2021-06-04T13:23:04,200.0,5.4,S
2021-06-04T13:22:40,4900.0,5.4,B
2021-06-04T13:22:39,5400.0,5.4,B
2021-06-04T13:22:34,9200.0,5.4,B
2021-06-04T13:22:31,2400.0,5.4,B
2021-06-04T13:22:29,1000.0,5.4,B
2021-06-04T13:22:28,2100.0,5.4,B
2021-06-04T13:22:26,200.0,5.4,B
2021-06-04T13:22:22,2000.0,5.4,B
2021-06-04T13:22:19,12000.0,5.4,B
2021-06-04T13:22:15,19000.0,5.4,B
2021-06-04T13:22:05,2400.0,5.4,B
2021-06-04T13:21:52,300.0,5.4,B
2021-06-04T13:21:52,5000.0,5.4,B
2021-06-04T13:21:49,900.0,5.4,B
2021-06-04T13:21:42,2000.0,5.4,B
2021-06-04T13:21:39,200.0,5.4,B
2021-06-04T13:21:28,20000.0,5.4,B
2021-06-04T13:21:25,1000.0,5.4,B
2021-06-04T13:21:24,1000.0,5.4,B
2021-06-04T13:21:14,5000.0,5.4,B
2021-06-04T13:21:09,5000.0,5.4,B
2021-06-04T13:21:05,500.0,5.4,B
2021-06-04T13:21:03,200.0,5.4,B
2021-06-04T13:20:36,20000.0,5.4,B
2021-06-04T13:20:28,1100.0,5.4,B
2021-06-04T13:20:23,5000.0,5.4,B
2021-06-04T13:19:57,1900.0,5.4,B
2021-06-04T13:19:01,6100.0,5.4,B
2021-06-04T13:18:54,2000.0,5.4,B
2021-06-04T13:18:44,100.0,5.4,B
2021-06-04T13:18:22,1200.0,5.4,B
2021-06-04T13:18:06,800.0,5.4,B
2021-06-04T13:17:53,500.0,5.3,S
2021-06-04T13:17:23,100.0,5.4,B
2021-06-04T13:17:05,1000.0,5.4,B
2021-06-04T13:16:36,300.0,5.4,B
2021-06-04T13:16:30,2000.0,5.4,B
2021-06-04T13:16:28,1000.0,5.4,B
2021-06-04T13:15:58,1900.0,5.4,B
2021-06-04T13:15:55,700.0,5.4,B
2021-06-04T13:15:53,3000.0,5.3,S
2021-06-04T13:15:42,4600.0,5.3,S
2021-06-04T13:14:53,400.0,5.4,B
2021-06-04T13:14:47,1000.0,5.4,B
2021-06-04T13:14:27,100.0,5.4,B
2021-06-04T13:14:21,5000.0,5.4,B
2021-06-04T13:14:01,20000.0,5.4,B
2021-06-04T13:12:36,6300.0,5.3,S
2021-06-04T13:12:16,2000.0,5.4,B
2021-06-04T13:11:55,10000.0,5.3,S
2021-06-04T13:11:40,4000.0,5.4,B
2021-06-04T13:11:39,1000.0,5.4,B
2021-06-04T13:11:14,500.0,5.4,B
2021-06-04T13:11:03,3700.0,5.4,B
2021-06-04T13:11:03,2000.0,5.4,S
2021-06-04T13:11:02,2000.0,5.4,S
2021-06-04T13:10:58,3000.0,5.4,S
2021-06-04T13:10:48,500.0,5.4,S
2021-06-04T13:10:38,700.0,5.4,S
2021-06-04T13:10:35,4000.0,5.4,S
2021-06-04T13:10:31,1000.0,5.4,S
2021-06-04T13:10:18,10000.0,5.4,S
2021-06-04T13:10:15,4000.0,5.4,S
2021-06-04T13:10:15,500.0,5.4,S
2021-06-04T13:10:11,10000.0,5.4,S
2021-06-04T13:09:56,10000.0,5.4,S
2021-06-04T13:09:48,1300.0,5.4,S
2021-06-04T13:09:27,900.0,5.4,S
2021-06-04T13:09:26,7500.0,5.4,S
2021-06-04T13:09:24,5000.0,5.4,S
2021-06-04T13:09:16,500.0,5.4,S
2021-06-04T13:09:10,80000.0,5.4,S
2021-06-04T13:09:07,2000.0,5.4,S
2021-06-04T13:09:05,500.0,5.4,S
2021-06-04T13:08:59,2000.0,5.4,S
2021-06-04T13:08:51,7000.0,5.4,S
2021-06-04T13:08:29,10900.0,5.4,S
2021-06-04T13:08:27,2000.0,5.4,S
2021-06-04T13:08:07,1000.0,5.4,S
2021-06-04T13:08:04,600.0,5.4,S
2021-06-04T13:07:15,5000.0,5.4,S
2021-06-04T13:06:57,500.0,5.4,S
2021-06-04T13:06:55,23800.0,5.4,S
2021-06-04T13:06:48,7800.0,5.4,S
2021-06-04T13:06:07,7000.0,5.4,S
2021-06-04T13:06:04,10000.0,5.4,S
2021-06-04T13:05:52,800.0,5.4,S
2021-06-04T13:05:40,600.0,5.4,S
2021-06-04T13:05:30,100.0,5.4,S
2021-06-04T13:05:21,2200.0,5.4,S
2021-06-04T13:04:36,900.0,5.4,S
2021-06-04T13:04:36,500.0,5.4,S
2021-06-04T13:04:33,2000.0,5.4,S
2021-06-04T13:03:59,1000.0,5.4,S
2021-06-04T13:03:50,100.0,5.4,S
2021-06-04T13:03:44,1600.0,5.4,S
2021-06-04T13:03:38,900.0,5.4,S
2021-06-04T13:03:36,50000.0,5.4,S
2021-06-04T13:03:12,3000.0,5.4,B
2021-06-04T13:03:00,50000.0,5.3,S
2021-06-04T13:02:58,2000.0,5.3,S
2021-06-04T13:02:54,1000.0,5.4,B
2021-06-04T13:02:48,8000.0,5.4,S
2021-06-04T13:02:44,3000.0,5.4,S
2021-06-04T13:02:43,5400.0,5.4,S
2021-06-04T13:02:10,100.0,5.4,S
2021-06-04T13:02:01,10000.0,5.4,S
2021-06-04T13:01:56,500.0,5.4,S
2021-06-04T13:01:49,400.0,5.4,S
2021-06-04T13:01:42,500.0,5.4,S
2021-06-04T13:01:34,2300.0,5.4,S
2021-06-04T13:01:16,300.0,5.4,S
2021-06-04T13:01:10,2000.0,5.4,S
2021-06-04T13:01:05,1000.0,5.4,S
2021-06-04T13:01:03,5000.0,5.4,S
2021-06-04T13:00:45,1000.0,5.4,S
2021-06-04T13:00:40,7000.0,5.4,S
2021-06-04T13:00:39,2000.0,5.4,S
2021-06-04T13:00:36,2200.0,5.4,S
2021-06-04T13:00:36,1200.0,5.4,S
2021-06-04T13:00:36,1900.0,5.4,B
2021-06-04T13:00:36,62800.0,5.4,B
2021-06-04T13:00:32,600.0,5.4,B
2021-06-04T13:00:26,5600.0,5.4,B
2021-06-04T13:00:24,3000.0,5.4,B
2021-06-04T13:00:20,8900.0,5.4,S
2021-06-04T13:00:13,7300.0,5.4,S
2021-06-04T13:00:13,6100.0,5.5,B
2021-06-04T13:00:10,65100.0,5.5,B
2021-06-04T13:00:08,16000.0,5.4,S
2021-06-04T11:29:43,3300.0,5.4,S
2021-06-04T11:29:43,2000.0,5.4,S
2021-06-04T11:29:38,500.0,5.4,S
2021-06-04T11:29:21,100.0,5.4,S
2021-06-04T11:29:21,5000.0,5.4,S
2021-06-04T11:28:56,2000.0,5.4,S
2021-06-04T11:28:51,5000.0,5.4,S
2021-06-04T11:28:22,28600.0,5.4,B
2021-06-04T11:28:17,7000.0,5.4,B
2021-06-04T11:28:14,13000.0,5.4,B
2021-06-04T11:28:12,6700.0,5.4,B
2021-06-04T11:28:10,20000.0,5.4,B
2021-06-04T11:28:09,100.0,5.4,B
2021-06-04T11:28:08,5600.0,5.4,B
2021-06-04T11:28:06,1400.0,5.4,B
2021-06-04T11:28:05,3000.0,5.4,B
2021-06-04T11:28:00,200.0,5.4,B
2021-06-04T11:27:58,200.0,5.4,B
2021-06-04T11:27:57,800.0,5.4,B
2021-06-04T11:27:55,20000.0,5.4,B
2021-06-04T11:27:52,1900.0,5.4,B
2021-06-04T11:27:44,7000.0,5.4,B
2021-06-04T11:27:44,2000.0,5.4,B
2021-06-04T11:27:41,25000.0,5.4,B
2021-06-04T11:27:39,9200.0,5.4,B
2021-06-04T11:27:14,8000.0,5.4,B
2021-06-04T11:27:03,20000.0,5.4,B
2021-06-04T11:27:02,500.0,5.3,S
2021-06-04T11:27:01,32000.0,5.4,B
2021-06-04T11:26:57,41000.0,5.4,B
2021-06-04T11:26:53,11700.0,5.4,B
2021-06-04T11:26:40,400.0,5.3,S
2021-06-04T11:26:19,10000.0,5.4,B
2021-06-04T11:26:17,2000.0,5.3,S
2021-06-04T11:26:08,100.0,5.4,B
2021-06-04T11:25:37,5000.0,5.3,S
2021-06-04T11:25:28,4600.0,5.3,S
2021-06-04T11:25:22,200.0,5.4,B
2021-06-04T11:24:21,100.0,5.4,B
2021-06-04T11:24:00,2000.0,5.4,B
2021-06-04T11:23:56,1000.0,5.3,S
2021-06-04T11:23:47,10000.0,5.3,S
2021-06-04T11:23:31,5000.0,5.3,S
2021-06-04T11:23:03,9000.0,5.3,S
2021-06-04T11:22:24,10000.0,5.3,S
2021-06-04T11:22:23,1000.0,5.4,B
2021-06-04T11:22:16,18400.0,5.3,S
2021-06-04T11:22:10,300.0,5.3,S
2021-06-04T11:22:07,300.0,5.3,S
2021-06-04T11:21:41,2000.0,5.3,S
2021-06-04T11:20:52,100.0,5.3,S
2021-06-04T11:20:31,2800.0,5.3,S
2021-06-04T11:20:30,2000.0,5.3,S
2021-06-04T11:19:59,500.0,5.3,S
2021-06-04T11:19:57,5000.0,5.3,S
2021-06-04T11:19:57,300.0,5.3,S
2021-06-04T11:19:51,10000.0,5.3,S
2021-06-04T11:19:50,1100.0,5.3,S
2021-06-04T11:19:21,400.0,5.3,S
2021-06-04T11:19:20,2800.0,5.3,S
2021-06-04T11:19:18,100.0,5.4,B
2021-06-04T11:19:09,11000.0,5.3,S
2021-06-04T11:18:43,20000.0,5.3,S
2021-06-04T11:18:33,2000.0,5.4,B
2021-06-04T11:18:32,2000.0,5.4,B
2021-06-04T11:18:24,2000.0,5.4,B
2021-06-04T11:18:16,1000.0,5.4,B
2021-06-04T11:18:15,100.0,5.4,B
2021-06-04T11:18:12,10500.0,5.3,S
2021-06-04T11:17:55,2000.0,5.4,B
2021-06-04T11:17:37,11300.0,5.4,B
2021-06-04T11:17:35,11800.0,5.4,S
2021-06-04T11:17:32,16300.0,5.4,S
2021-06-04T11:17:30,3000.0,5.4,S
2021-06-04T11:17:28,5200.0,5.4,S
2021-06-04T11:17:22,10000.0,5.4,S
2021-06-04T11:17:17,20000.0,5.4,S
2021-06-04T11:17:16,43800.0,5.4,S
2021-06-04T11:17:12,200.0,5.4,S
2021-06-04T11:17:03,20000.0,5.4,S
2021-06-04T11:17:02,200.0,5.4,S
2021-06-04T11:16:56,15000.0,5.4,S
2021-06-04T11:16:53,2000.0,5.4,S
2021-06-04T11:16:50,5000.0,5.4,S
2021-06-04T11:16:46,6000.0,5.4,S
2021-06-04T11:16:35,90300.0,5.4,S
2021-06-04T11:16:32,100000.0,5.4,S
2021-06-04T11:16:27,67300.0,5.4,S
2021-06-04T11:16:24,10000.0,5.4,S
2021-06-04T11:16:17,500.0,5.4,S
2021-06-04T11:16:10,25000.0,5.4,S
2021-06-04T11:16:04,1100.0,5.4,S
2021-06-04T11:15:55,1500.0,5.4,S
2021-06-04T11:15:51,1000.0,5.4,S
2021-06-04T11:15:46,20000.0,5.4,S
2021-06-04T11:15:42,1000.0,5.4,S
2021-06-04T11:15:40,200.0,5.5,B
2021-06-04T11:15:39,600.0,5.4,S
2021-06-04T11:15:32,1000.0,5.4,S
2021-06-04T11:15:25,10000.0,5.4,S
2021-06-04T11:15:15,1300.0,5.4,S
2021-06-04T11:14:57,50000.0,5.4,S
2021-06-04T11:14:51,3000.0,5.4,S
2021-06-04T11:14:49,15000.0,5.4,S
2021-06-04T11:14:20,100.0,5.4,S
2021-06-04T11:14:17,12000.0,5.4,S
2021-06-04T11:14:06,68500.0,5.4,S
2021-06-04T11:13:57,6800.0,5.4,S
2021-06-04T11:13:53,1600.0,5.4,S
2021-06-04T11:13:46,1000.0,5.4,S
2021-06-04T11:13:26,200.0,5.4,S
2021-06-04T11:12:44,1000.0,5.4,S
2021-06-04T11:12:40,1500.0,5.4,S
2021-06-04T11:12:30,100.0,5.5,B
2021-06-04T11:12:20,100.0,5.5,B
2021-06-04T11:12:20,11000.0,5.4,S
2021-06-04T11:12:14,20000.0,5.4,S
2021-06-04T11:12:05,500.0,5.4,S
2021-06-04T11:11:57,1000.0,5.5,B
2021-06-04T11:11:52,2000.0,5.4,S
2021-06-04T11:11:49,6400.0,5.4,S
2021-06-04T11:11:23,1000.0,5.4,S
2021-06-04T11:11:19,2000.0,5.4,S
2021-06-04T11:11:17,200.0,5.5,B
2021-06-04T11:11:16,1000.0,5.4,S
2021-06-04T11:11:14,500.0,5.4,S
2021-06-04T11:11:03,1000.0,5.4,S
2021-06-04T11:10:58,5000.0,5.4,S
2021-06-04T11:10:48,1400.0,5.4,S
2021-06-04T11:10:20,4200.0,5.4,S
2021-06-04T11:10:11,500.0,5.4,S
2021-06-04T11:09:54,20000.0,5.4,S
2021-06-04T11:09:49,1500.0,5.4,S
2021-06-04T11:09:32,1200.0,5.4,S
2021-06-04T11:09:31,10000.0,5.4,S
2021-06-04T11:09:29,500.0,5.4,S
2021-06-04T11:09:26,2000.0,5.4,S
2021-06-04T11:09:11,3000.0,5.4,S
2021-06-04T11:09:10,500.0,5.4,S
2021-06-04T11:09:08,300.0,5.4,S
2021-06-04T11:09:05,300.0,5.4,S
2021-06-04T11:09:01,5000.0,5.4,S
2021-06-04T11:08:57,10000.0,5.4,S
2021-06-04T11:08:56,1000.0,5.4,S
2021-06-04T11:08:50,10400.0,5.4,S
2021-06-04T11:08:50,100.0,5.4,S
2021-06-04T11:07:49,11800.0,5.4,S
2021-06-04T11:07:32,800.0,5.4,S
2021-06-04T11:07:24,200.0,5.5,B
2021-06-04T11:07:04,200.0,5.4,S
2021-06-04T11:06:52,1000.0,5.4,S
2021-06-04T11:06:42,16000.0,5.4,S
2021-06-04T11:06:28,2000.0,5.4,S
2021-06-04T11:06:20,20000.0,5.4,S
2021-06-04T11:05:57,1000.0,5.4,S
2021-06-04T11:05:40,300.0,5.4,S
2021-06-04T11:05:32,1000.0,5.4,S
2021-06-04T11:05:14,1000.0,5.4,S
2021-06-04T11:05:10,5000.0,5.4,S
2021-06-04T11:05:04,1000.0,5.4,S
2021-06-04T11:04:47,3000.0,5.4,S
2021-06-04T11:04:22,1000.0,5.4,S
2021-06-04T11:04:16,5000.0,5.4,S
2021-06-04T11:04:00,200.0,5.4,S
2021-06-04T11:03:58,19000.0,5.4,S
2021-06-04T11:03:37,100.0,5.4,S
2021-06-04T11:02:56,1500.0,5.4,S
2021-06-04T11:02:27,100.0,5.5,B
2021-06-04T11:02:21,1800.0,5.4,S
2021-06-04T11:01:43,4000.0,5.4,S
2021-06-04T11:01:16,1000.0,5.4,S
2021-06-04T11:01:14,1000.0,5.5,B
2021-06-04T11:00:48,300.0,5.5,B
2021-06-04T11:00:41,2000.0,5.4,S
2021-06-04T11:00:41,5000.0,5.4,S
2021-06-04T11:00:03,300.0,5.5,B
2021-06-04T10:59:32,500.0,5.5,B
2021-06-04T10:58:56,400.0,5.5,B
2021-06-04T10:58:31,2000.0,5.5,B
2021-06-04T10:58:25,100.0,5.5,B
2021-06-04T10:58:22,100.0,5.5,B
2021-06-04T10:58:12,200.0,5.5,B
2021-06-04T10:58:10,400.0,5.5,B
2021-06-04T10:57:39,3200.0,5.5,B
2021-06-04T10:57:27,5000.0,5.5,B
2021-06-04T10:57:19,800.0,5.5,B
2021-06-04T10:57:00,2100.0,5.5,B
2021-06-04T10:56:59,100.0,5.5,B
2021-06-04T10:56:53,6700.0,5.5,B
2021-06-04T10:56:23,200.0,5.5,B
2021-06-04T10:56:15,32000.0,5.5,B
2021-06-04T10:56:11,10000.0,5.5,B
2021-06-04T10:55:28,100.0,5.5,B
2021-06-04T10:55:23,2000.0,5.5,B
2021-06-04T10:54:44,900.0,5.5,B
2021-06-04T10:54:40,3000.0,5.5,B
2021-06-04T10:54:09,5000.0,5.4,S
2021-06-04T10:53:07,1500.0,5.4,S
2021-06-04T10:52:39,1000.0,5.5,B
2021-06-04T10:52:34,2000.0,5.4,S
2021-06-04T10:52:30,200.0,5.5,B
2021-06-04T10:52:16,100.0,5.5,B
2021-06-04T10:52:06,5000.0,5.5,B
2021-06-04T10:51:55,5000.0,5.5,B
2021-06-04T10:51:08,200.0,5.5,B
2021-06-04T10:50:49,1000.0,5.5,B
2021-06-04T10:50:47,10000.0,5.5,B
2021-06-04T10:50:37,20000.0,5.4,S
2021-06-04T10:50:36,1000.0,5.5,B
2021-06-04T10:50:34,1600.0,5.5,B
2021-06-04T10:50:32,500.0,5.5,B
2021-06-04T10:50:28,5000.0,5.5,B
2021-06-04T10:50:26,10000.0,5.5,B
2021-06-04T10:50:21,3500.0,5.5,B
2021-06-04T10:50:07,1000.0,5.5,B
2021-06-04T10:50:02,100.0,5.5,B
2021-06-04T10:50:01,1000.0,5.5,B
2021-06-04T10:49:42,1500.0,5.5,B
2021-06-04T10:49:41,10000.0,5.5,B
2021-06-04T10:49:40,200.0,5.5,B
2021-06-04T10:49:26,300.0,5.5,B
2021-06-04T10:49:11,2900.0,5.5,B
2021-06-04T10:49:04,4000.0,5.5,B
2021-06-04T10:49:00,6000.0,5.4,S
2021-06-04T10:48:51,7000.0,5.5,B
2021-06-04T10:48:47,3500.0,5.5,B
2021-06-04T10:48:43,800.0,5.5,B
2021-06-04T10:48:32,100.0,5.5,B
2021-06-04T10:48:15,1000.0,5.5,B
2021-06-04T10:48:10,5000.0,5.5,B
2021-06-04T10:48:06,100.0,5.5,B
2021-06-04T10:48:01,400.0,5.5,B
2021-06-04T10:47:58,9800.0,5.5,B
2021-06-04T10:47:58,20000.0,5.5,B
2021-06-04T10:47:56,5700.0,5.5,B
2021-06-04T10:47:47,4000.0,5.5,B
2021-06-04T10:47:43,1900.0,5.5,B
2021-06-04T10:47:26,200.0,5.5,B
2021-06-04T10:47:19,9000.0,5.5,B
2021-06-04T10:47:18,1000.0,5.5,B
2021-06-04T10:47:01,700.0,5.5,B
2021-06-04T10:46:53,2000.0,5.5,B
2021-06-04T10:46:51,1000.0,5.5,B
2021-06-04T10:46:49,100.0,5.4,S
2021-06-04T10:46:47,400.0,5.4,S
2021-06-04T10:46:28,2000.0,5.4,S
2021-06-04T10:46:26,200.0,5.5,B
2021-06-04T10:46:12,600.0,5.4,S
2021-06-04T10:45:58,4000.0,5.4,S
2021-06-04T10:45:51,1000.0,5.5,B
2021-06-04T10:45:33,200.0,5.4,S
2021-06-04T10:45:31,3000.0,5.5,B
2021-06-04T10:45:21,300.0,5.5,B
2021-06-04T10:44:39,500.0,5.4,S
2021-06-04T10:44:37,100.0,5.5,B
2021-06-04T10:44:35,500.0,5.5,B
2021-06-04T10:44:05,1000.0,5.5,B
2021-06-04T10:43:56,1000.0,5.5,B
2021-06-04T10:43:53,5000.0,5.5,B
2021-06-04T10:43:28,200.0,5.5,B
2021-06-04T10:43:18,93700.0,5.5,S
2021-06-04T10:43:13,20000.0,5.5,S
2021-06-04T10:43:12,20000.0,5.5,S
2021-06-04T10:43:11,1200.0,5.5,S
2021-06-04T10:43:11,2000.0,5.5,S
2021-06-04T10:43:10,25000.0,5.5,S
2021-06-04T10:43:04,10000.0,5.5,S
2021-06-04T10:42:57,5500.0,5.5,S
2021-06-04T10:42:55,20000.0,5.5,S
2021-06-04T10:42:54,5000.0,5.5,S
2021-06-04T10:42:49,2000.0,5.5,S
2021-06-04T10:42:48,200.0,5.5,S
2021-06-04T10:42:47,10000.0,5.5,S
2021-06-04T10:42:45,900.0,5.5,S
2021-06-04T10:42:44,800.0,5.5,S
2021-06-04T10:42:42,70000.0,5.5,S
2021-06-04T10:42:40,40000.0,5.5,S
2021-06-04T10:42:40,5000.0,5.5,S
2021-06-04T10:42:39,40000.0,5.5,S
2021-06-04T10:42:37,200.0,5.5,S
2021-06-04T10:42:33,60000.0,5.5,S
2021-06-04T10:42:23,20000.0,5.5,S
2021-06-04T10:42:13,199000.0,5.5,S
2021-06-04T10:42:11,34400.0,5.5,S
2021-06-04T10:42:08,2000.0,5.5,S
2021-06-04T10:42:05,1000.0,5.5,S
2021-06-04T10:42:05,10000.0,5.5,S
2021-06-04T10:42:02,42800.0,5.5,S
2021-06-04T10:42:01,40000.0,5.5,S
2021-06-04T10:42:00,2000.0,5.5,S
2021-06-04T10:41:52,2400.0,5.5,S
2021-06-04T10:41:47,2100.0,5.5,S
2021-06-04T10:41:44,1000.0,5.5,S
2021-06-04T10:41:41,15000.0,5.5,S
2021-06-04T10:41:38,1000.0,5.5,S
2021-06-04T10:41:28,1000.0,5.5,S
2021-06-04T10:41:25,2000.0,5.5,S
2021-06-04T10:41:24,3000.0,5.5,S
2021-06-04T10:41:23,3000.0,5.5,S
2021-06-04T10:41:19,120000.0,5.5,S
2021-06-04T10:40:38,1400.0,5.5,S
2021-06-04T10:40:27,6000.0,5.5,S
2021-06-04T10:40:25,200.0,5.5,S
2021-06-04T10:40:16,10000.0,5.5,S
2021-06-04T10:40:15,10000.0,5.5,S
2021-06-04T10:40:14,3000.0,5.5,S
2021-06-04T10:40:11,4600.0,5.5,S
2021-06-04T10:40:07,6000.0,5.5,S
2021-06-04T10:40:03,400.0,5.5,S
2021-06-04T10:39:59,10000.0,5.5,S
2021-06-04T10:39:58,12100.0,5.5,S
2021-06-04T10:39:56,1000.0,5.5,S
2021-06-04T10:39:40,100.0,5.5,S
2021-06-04T10:39:36,700.0,5.5,S
2021-06-04T10:39:24,200.0,5.5,S
2021-06-04T10:39:07,100.0,5.5,S
2021-06-04T10:38:40,2000.0,5.5,S
2021-06-04T10:38:19,500.0,5.5,S
2021-06-04T10:38:13,2100.0,5.5,S
2021-06-04T10:38:07,2000.0,5.5,S
2021-06-04T10:37:44,200.0,5.5,S
2021-06-04T10:36:29,2000.0,5.5,S
2021-06-04T10:36:02,1000.0,5.5,S
2021-06-04T10:36:01,100.0,5.5,S
2021-06-04T10:35:57,200.0,5.6,B
2021-06-04T10:35:13,2000.0,5.6,B
2021-06-04T10:35:08,200.0,5.6,B
2021-06-04T10:35:02,100.0,5.6,B
2021-06-04T10:34:52,200.0,5.6,B
2021-06-04T10:34:47,1000.0,5.6,B
2021-06-04T10:33:58,200.0,5.6,B
2021-06-04T10:33:44,200.0,5.6,B
2021-06-04T10:33:38,3000.0,5.6,B
2021-06-04T10:33:30,4300.0,5.6,B
2021-06-04T10:32:55,1000.0,5.5,S
2021-06-04T10:32:45,10000.0,5.6,B
2021-06-04T10:32:42,1000.0,5.6,B
2021-06-04T10:32:25,500.0,5.6,B
2021-06-04T10:31:50,4900.0,5.6,B
2021-06-04T10:31:43,10000.0,5.6,B
2021-06-04T10:31:35,1000.0,5.6,B
2021-06-04T10:31:14,700.0,5.6,B
2021-06-04T10:31:11,2000.0,5.6,B
2021-06-04T10:30:47,300.0,5.5,S
2021-06-04T10:30:42,100.0,5.6,B
2021-06-04T10:30:34,1000.0,5.6,B
2021-06-04T10:30:27,10000.0,5.6,B
2021-06-04T10:30:15,600.0,5.6,B
2021-06-04T10:30:05,100.0,5.6,B
2021-06-04T10:29:54,1000.0,5.6,B
2021-06-04T10:29:50,500.0,5.5,S
2021-06-04T10:29:44,1000.0,5.6,B
2021-06-04T10:29:29,10000.0,5.6,B
2021-06-04T10:29:29,1000.0,5.6,B
2021-06-04T10:29:13,300.0,5.6,B
2021-06-04T10:29:07,1000.0,5.6,B
2021-06-04T10:29:04,2000.0,5.6,B
2021-06-04T10:28:56,500.0,5.5,S
2021-06-04T10:28:45,5000.0,5.5,S
2021-06-04T10:28:31,4000.0,5.6,B
2021-06-04T10:27:53,1000.0,5.6,B
2021-06-04T10:27:51,400.0,5.6,B
2021-06-04T10:27:39,300.0,5.5,S
2021-06-04T10:26:50,100.0,5.6,B
2021-06-04T10:26:48,500.0,5.6,B
2021-06-04T10:26:27,10000.0,5.6,B
2021-06-04T10:26:15,1000.0,5.6,B
2021-06-04T10:26:12,1000.0,5.6,B
2021-06-04T10:25:29,10000.0,5.6,B
2021-06-04T10:25:22,2000.0,5.6,B
2021-06-04T10:24:52,1700.0,5.6,B
2021-06-04T10:24:47,1000.0,5.6,B
2021-06-04T10:24:47,300.0,5.6,B
2021-06-04T10:24:26,5000.0,5.6,B
2021-06-04T10:24:17,100.0,5.6,B
2021-06-04T10:24:10,2000.0,5.6,B
2021-06-04T10:24:09,200.0,5.6,B
2021-06-04T10:24:04,100.0,5.6,B
2021-06-04T10:23:59,1000.0,5.6,B
2021-06-04T10:23:55,3000.0,5.6,B
2021-06-04T10:23:44,100.0,5.6,B
2021-06-04T10:23:38,2000.0,5.6,B
2021-06-04T10:23:30,10000.0,5.6,B
2021-06-04T10:23:29,5000.0,5.6,B
2021-06-04T10:23:28,2000.0,5.5,S
2021-06-04T10:23:20,500.0,5.6,B
2021-06-04T10:23:16,100.0,5.6,B
2021-06-04T10:22:58,2000.0,5.6,B
2021-06-04T10:22:49,5000.0,5.5,S
2021-06-04T10:22:46,2000.0,5.6,B
2021-06-04T10:22:45,5000.0,5.6,B
2021-06-04T10:22:38,100.0,5.6,B
2021-06-04T10:22:36,2000.0,5.6,B
2021-06-04T10:22:28,4000.0,5.5,S
2021-06-04T10:22:24,100.0,5.6,B
2021-06-04T10:22:23,300.0,5.6,B
2021-06-04T10:22:14,200.0,5.6,B
2021-06-04T10:21:59,1000.0,5.6,B
2021-06-04T10:21:53,1000.0,5.6,B
2021-06-04T10:21:50,100.0,5.6,B
2021-06-04T10:21:04,1800.0,5.6,B
2021-06-04T10:21:00,5000.0,5.6,B
2021-06-04T10:20:59,300.0,5.6,B
2021-06-04T10:20:56,100.0,5.6,B
2021-06-04T10:20:47,2000.0,5.6,B
2021-06-04T10:20:26,6000.0,5.6,B
2021-06-04T10:20:26,10000.0,5.5,S
2021-06-04T10:20:15,2000.0,5.6,B
2021-06-04T10:20:14,5000.0,5.6,B
2021-06-04T10:20:00,15000.0,5.5,S
2021-06-04T10:19:51,2000.0,5.6,B
2021-06-04T10:19:36,2000.0,5.6,B
2021-06-04T10:19:20,2000.0,5.6,B
2021-06-04T10:19:03,2000.0,5.6,B
2021-06-04T10:18:53,500.0,5.5,S
2021-06-04T10:18:31,2500.0,5.5,S
2021-06-04T10:18:15,100.0,5.5,S
2021-06-04T10:18:03,5000.0,5.6,B
2021-06-04T10:18:01,10000.0,5.6,B
2021-06-04T10:17:41,2000.0,5.6,B
2021-06-04T10:17:30,100.0,5.6,B
2021-06-04T10:17:24,1000.0,5.6,B
2021-06-04T10:17:21,1000.0,5.6,B
2021-06-04T10:17:03,5000.0,5.6,B
2021-06-04T10:17:01,500.0,5.6,B
2021-06-04T10:16:49,5000.0,5.6,B
2021-06-04T10:16:45,10000.0,5.6,B
2021-06-04T10:16:12,1000.0,5.6,B
2021-06-04T10:16:08,300.0,5.6,B
2021-06-04T10:16:07,1000.0,5.6,B
2021-06-04T10:15:59,100.0,5.6,B
2021-06-04T10:15:57,100.0,5.6,B
2021-06-04T10:15:45,8200.0,5.6,B
2021-06-04T10:15:40,1000.0,5.6,S
2021-06-04T10:15:38,2000.0,5.6,S
2021-06-04T10:15:36,25000.0,5.6,S
2021-06-04T10:15:33,100000.0,5.6,S
2021-06-04T10:15:30,20000.0,5.6,S
2021-06-04T10:15:27,1000.0,5.6,S
2021-06-04T10:15:26,1000.0,5.6,S
2021-06-04T10:15:26,3200.0,5.7,B
2021-06-04T10:15:25,10000.0,5.6,S
2021-06-04T10:15:24,100.0,5.6,S
2021-06-04T10:15:19,10000.0,5.6,S
2021-06-04T10:15:15,19000.0,5.6,S
2021-06-04T10:15:15,3000.0,5.6,S
2021-06-04T10:15:14,25200.0,5.6,S
2021-06-04T10:15:11,2400.0,5.6,S
2021-06-04T10:15:11,20000.0,5.6,S
2021-06-04T10:15:11,10000.0,5.6,S
2021-06-04T10:15:10,1000.0,5.6,S
2021-06-04T10:15:09,20000.0,5.6,S
2021-06-04T10:15:06,500.0,5.7,B
2021-06-04T10:15:05,50000.0,5.6,S
2021-06-04T10:15:02,5300.0,5.6,S
2021-06-04T10:15:00,12500.0,5.6,S
2021-06-04T10:14:57,15000.0,5.6,S
2021-06-04T10:14:55,300.0,5.6,S
2021-06-04T10:14:53,10000.0,5.6,S
2021-06-04T10:14:51,10600.0,5.6,S
2021-06-04T10:14:43,300000.0,5.6,S
2021-06-04T10:14:38,1000.0,5.6,S
2021-06-04T10:14:38,50000.0,5.6,S
2021-06-04T10:14:17,1000.0,5.6,S
2021-06-04T10:14:00,500.0,5.7,B
2021-06-04T10:13:59,300.0,5.6,S
2021-06-04T10:13:55,2200.0,5.6,S
2021-06-04T10:13:27,500.0,5.6,S
2021-06-04T10:13:25,35200.0,5.6,S
2021-06-04T10:13:21,3000.0,5.6,S
2021-06-04T10:12:41,50000.0,5.6,S
2021-06-04T10:12:39,4000.0,5.6,S
2021-06-04T10:12:34,100.0,5.7,B
2021-06-04T10:12:07,1200.0,5.6,S
2021-06-04T10:12:04,500.0,5.7,B
2021-06-04T10:12:03,800.0,5.7,B
2021-06-04T10:11:58,300.0,5.7,B
2021-06-04T10:11:39,100.0,5.7,B
2021-06-04T10:11:39,4000.0,5.7,B
2021-06-04T10:11:37,1200.0,5.7,B
2021-06-04T10:11:03,200.0,5.7,B
2021-06-04T10:10:59,900.0,5.7,B
2021-06-04T10:10:26,1000.0,5.7,B
2021-06-04T10:10:24,1000.0,5.7,B
2021-06-04T10:10:21,1000.0,5.7,B
2021-06-04T10:10:19,100.0,5.6,S
2021-06-04T10:10:14,1300.0,5.7,B
2021-06-04T10:09:56,400.0,5.7,B
2021-06-04T10:09:55,300.0,5.7,B
2021-06-04T10:09:42,10000.0,5.7,B
2021-06-04T10:09:29,15000.0,5.7,B
2021-06-04T10:09:24,900.0,5.7,B
2021-06-04T10:09:09,2000.0,5.6,S
2021-06-04T10:09:07,6500.0,5.6,S
2021-06-04T10:09:05,1000.0,5.7,B
2021-06-04T10:09:01,1800.0,5.7,B
2021-06-04T10:08:59,5000.0,5.7,B
2021-06-04T10:08:58,1000.0,5.7,B
2021-06-04T10:08:51,500.0,5.7,B
2021-06-04T10:07:32,1000.0,5.7,B
2021-06-04T10:07:31,5400.0,5.6,S
2021-06-04T10:07:27,5000.0,5.6,S
2021-06-04T10:07:27,10000.0,5.6,S
2021-06-04T10:07:21,3000.0,5.7,B
2021-06-04T10:07:20,2000.0,5.7,B
2021-06-04T10:07:12,100.0,5.6,S
2021-06-04T10:07:09,500.0,5.6,S
2021-06-04T10:07:08,3000.0,5.7,B
2021-06-04T10:07:07,2000.0,5.6,S
2021-06-04T10:07:06,3000.0,5.7,B
2021-06-04T10:06:57,22000.0,5.6,S
2021-06-04T10:06:45,20000.0,5.6,S
2021-06-04T10:06:34,100.0,5.6,S
2021-06-04T10:06:30,1000.0,5.6,S
2021-06-04T10:06:19,10000.0,5.6,S
2021-06-04T10:06:12,2000.0,5.7,B
2021-06-04T10:06:06,100.0,5.6,S
2021-06-04T10:06:04,30000.0,5.6,S
2021-06-04T10:06:04,2000.0,5.6,S
2021-06-04T10:05:41,2000.0,5.6,S
2021-06-04T10:05:37,100.0,5.6,S
2021-06-04T10:05:22,78400.0,5.6,S
2021-06-04T10:05:22,2000.0,5.6,S
2021-06-04T10:05:06,4600.0,5.6,S
2021-06-04T10:04:58,200.0,5.7,B
2021-06-04T10:04:33,10000.0,5.7,B
2021-06-04T10:04:28,900.0,5.7,B
2021-06-04T10:04:04,2000.0,5.6,S
2021-06-04T10:03:52,10800.0,5.6,S
2021-06-04T10:03:52,2000.0,5.6,S
2021-06-04T10:03:45,200.0,5.6,S
2021-06-04T10:03:29,1000.0,5.6,S
2021-06-04T10:03:07,5000.0,5.6,S
2021-06-04T10:02:59,200.0,5.7,B
2021-06-04T10:02:21,1200.0,5.6,S
2021-06-04T10:02:16,200.0,5.6,S
2021-06-04T10:02:13,1000.0,5.6,S
2021-06-04T10:02:13,35000.0,5.7,B
2021-06-04T10:02:09,5000.0,5.7,B
2021-06-04T10:01:58,8000.0,5.6,S
2021-06-04T10:01:50,5000.0,5.7,B
2021-06-04T10:01:42,1000.0,5.6,S
2021-06-04T10:01:23,2000.0,5.7,B
2021-06-04T10:01:19,100.0,5.7,B
2021-06-04T10:01:03,1000.0,5.6,S
2021-06-04T10:01:02,50000.0,5.6,S
2021-06-04T10:00:52,100.0,5.7,B
2021-06-04T10:00:35,2000.0,5.6,S
2021-06-04T10:00:30,1000.0,5.7,B
2021-06-04T10:00:27,5000.0,5.6,S
2021-06-04T10:00:19,200.0,5.7,B
2021-06-04T10:00:14,1400.0,5.6,S
2021-06-04T10:00:10,1900.0,5.7,B
2021-06-04T09:59:37,100.0,5.7,B
2021-06-04T09:59:30,1000.0,5.6,S
2021-06-04T09:59:26,200.0,5.7,B
2021-06-04T09:59:19,500.0,5.7,B
2021-06-04T09:59:18,1000.0,5.7,B
2021-06-04T09:59:09,2000.0,5.6,S
2021-06-04T09:58:56,11900.0,5.7,B
2021-06-04T09:58:53,4000.0,5.7,B
2021-06-04T09:58:50,200.0,5.7,B
2021-06-04T09:58:47,500.0,5.7,B
2021-06-04T09:58:45,2000.0,5.7,B
2021-06-04T09:58:40,100.0,5.7,B
2021-06-04T09:58:31,2000.0,5.7,B
2021-06-04T09:58:29,2000.0,5.7,B
2021-06-04T09:58:10,500.0,5.7,B
2021-06-04T09:58:02,500.0,5.7,B
2021-06-04T09:57:57,1000.0,5.7,B
2021-06-04T09:57:12,100.0,5.7,B
2021-06-04T09:57:10,100.0,5.7,B
2021-06-04T09:57:09,4000.0,5.6,S
2021-06-04T09:56:56,8500.0,5.6,S
2021-06-04T09:56:53,500.0,5.7,B
2021-06-04T09:56:52,1000.0,5.7,B
2021-06-04T09:56:40,1000.0,5.6,S
2021-06-04T09:56:24,1000.0,5.7,B
2021-06-04T09:56:21,1000.0,5.7,B
2021-06-04T09:56:16,100.0,5.7,B
2021-06-04T09:56:00,1500.0,5.7,B
2021-06-04T09:55:59,1000.0,5.6,S
2021-06-04T09:55:32,2500.0,5.6,S
2021-06-04T09:55:29,500.0,5.7,B
2021-06-04T09:54:43,200.0,5.7,B
2021-06-04T09:54:37,28000.0,5.6,S
2021-06-04T09:54:35,3200.0,5.7,B
2021-06-04T09:54:28,100.0,5.7,B
2021-06-04T09:54:04,100.0,5.7,B
2021-06-04T09:53:50,400.0,5.7,B
2021-06-04T09:53:19,200.0,5.7,B
2021-06-04T09:53:09,1000.0,5.7,B
2021-06-04T09:53:06,100.0,5.7,B
2021-06-04T09:53:02,10000.0,5.7,B
2021-06-04T09:52:54,300.0,5.7,B
2021-06-04T09:52:49,200.0,5.7,B
2021-06-04T09:52:40,39200.0,5.7,B
2021-06-04T09:52:39,500.0,5.7,B
2021-06-04T09:52:27,500.0,5.7,B
2021-06-04T09:52:16,4000.0,5.7,B
2021-06-04T09:52:14,1000.0,5.7,B
2021-06-04T09:52:13,1000.0,5.7,B
2021-06-04T09:52:05,10000.0,5.7,B
2021-06-04T09:51:59,100.0,5.7,B
2021-06-04T09:51:57,200.0,5.7,B
2021-06-04T09:51:53,100.0,5.7,B
2021-06-04T09:51:52,200.0,5.7,B
2021-06-04T09:51:44,3500.0,5.7,B
2021-06-04T09:51:37,2000.0,5.7,B
2021-06-04T09:51:36,5000.0,5.7,B
2021-06-04T09:51:31,100.0,5.7,B
2021-06-04T09:51:23,1000.0,5.7,B
2021-06-04T09:51:12,500.0,5.7,B
2021-06-04T09:50:41,700.0,5.7,B
2021-06-04T09:50:18,1000.0,5.7,B
2021-06-04T09:49:59,1000.0,5.7,B
2021-06-04T09:49:50,200.0,5.7,B
2021-06-04T09:49:44,25000.0,5.7,B
2021-06-04T09:49:40,1000.0,5.7,B
2021-06-04T09:49:38,1000.0,5.7,B
2021-06-04T09:49:33,20000.0,5.7,B
2021-06-04T09:49:29,1000.0,5.7,B
2021-06-04T09:49:21,100.0,5.7,B
2021-06-04T09:49:14,5000.0,5.7,B
2021-06-04T09:49:11,200.0,5.7,B
2021-06-04T09:49:09,2600.0,5.7,B
2021-06-04T09:49:08,600.0,5.7,B
2021-06-04T09:49:05,1000.0,5.7,B
2021-06-04T09:49:04,5000.0,5.7,B
2021-06-04T09:48:56,1000.0,5.7,B
2021-06-04T09:48:53,100.0,5.7,B
2021-06-04T09:48:49,400.0,5.7,B
2021-06-04T09:48:46,1200.0,5.6,S
2021-06-04T09:48:36,800.0,5.7,B
2021-06-04T09:48:31,2000.0,5.7,B
2021-06-04T09:48:29,200.0,5.7,B
2021-06-04T09:48:27,2000.0,5.7,B
2021-06-04T09:48:20,500.0,5.7,B
2021-06-04T09:48:19,1000.0,5.7,B
2021-06-04T09:48:14,400.0,5.7,B
2021-06-04T09:47:57,1000.0,5.7,B
2021-06-04T09:47:50,300.0,5.7,B
2021-06-04T09:47:47,3200.0,5.7,B
2021-06-04T09:47:42,3000.0,5.7,B
2021-06-04T09:47:40,200.0,5.7,B
2021-06-04T09:47:37,300.0,5.7,B
2021-06-04T09:47:24,500.0,5.7,B
2021-06-04T09:47:23,1000.0,5.6,S
2021-06-04T09:46:54,300.0,5.7,B
2021-06-04T09:46:46,400.0,5.6,S
2021-06-04T09:46:45,200.0,5.7,B
2021-06-04T09:46:41,26000.0,5.6,S
2021-06-04T09:46:36,300.0,5.7,B
2021-06-04T09:46:34,10000.0,5.6,S
2021-06-04T09:45:43,2500.0,5.6,S
2021-06-04T09:45:41,100.0,5.7,B
2021-06-04T09:45:13,300.0,5.6,S
2021-06-04T09:45:07,1000.0,5.6,S
2021-06-04T09:45:04,100.0,5.7,B
2021-06-04T09:45:00,10000.0,5.6,S
2021-06-04T09:44:30,100.0,5.6,S
2021-06-04T09:44:28,3000.0,5.7,B
2021-06-04T09:43:55,2000.0,5.6,S
2021-06-04T09:43:42,1000.0,5.7,B
2021-06-04T09:43:32,1500.0,5.7,B
2021-06-04T09:43:23,1000.0,5.7,B
2021-06-04T09:43:22,900.0,5.7,B
2021-06-04T09:43:18,1000.0,5.7,B
2021-06-04T09:43:13,1800.0,5.7,B
2021-06-04T09:43:08,5000.0,5.7,B
2021-06-04T09:42:59,2000.0,5.7,B
2021-06-04T09:42:57,200.0,5.7,B
2021-06-04T09:42:48,1500.0,5.7,B
2021-06-04T09:42:44,1000.0,5.7,B
2021-06-04T09:42:38,5000.0,5.7,B
2021-06-04T09:42:38,900.0,5.7,B
2021-06-04T09:42:23,2000.0,5.7,B
2021-06-04T09:42:19,200.0,5.7,B
2021-06-04T09:42:13,1200.0,5.7,B
2021-06-04T09:42:08,200.0,5.7,B
2021-06-04T09:41:59,3000.0,5.7,B
2021-06-04T09:41:45,1000.0,5.7,B
2021-06-04T09:41:39,3800.0,5.7,B
2021-06-04T09:41:21,200.0,5.7,B
2021-06-04T09:41:14,400.0,5.7,B
2021-06-04T09:41:11,3100.0,5.7,B
2021-06-04T09:40:55,1600.0,5.7,B
2021-06-04T09:40:45,3000.0,5.7,B
2021-06-04T09:40:31,200.0,5.6,S
2021-06-04T09:40:30,7400.0,5.6,S
2021-06-04T09:40:22,1000.0,5.7,B
2021-06-04T09:40:07,5000.0,5.7,B
2021-06-04T09:39:57,1000.0,5.6,S
2021-06-04T09:39:56,1000.0,5.7,B
2021-06-04T09:39:39,200.0,5.7,B
2021-06-04T09:39:32,59000.0,5.7,B
2021-06-04T09:39:24,300.0,5.7,B
2021-06-04T09:39:24,300.0,5.7,B
2021-06-04T09:39:24,2400.0,5.7,B
2021-06-04T09:39:19,4400.0,5.7,B
2021-06-04T09:39:17,1000.0,5.7,B
2021-06-04T09:39:16,500.0,5.7,B
2021-06-04T09:39:14,5000.0,5.7,B
2021-06-04T09:39:12,300.0,5.7,B
2021-06-04T09:39:07,3600.0,5.7,B
2021-06-04T09:39:03,5000.0,5.7,B
2021-06-04T09:38:57,300.0,5.7,B
2021-06-04T09:38:57,1000.0,5.7,B
2021-06-04T09:38:42,2000.0,5.7,B
2021-06-04T09:38:23,3200.0,5.6,S
2021-06-04T09:38:12,3400.0,5.7,B
2021-06-04T09:38:06,200.0,5.7,B
2021-06-04T09:37:55,800.0,5.7,B
2021-06-04T09:37:48,500.0,5.7,B
2021-06-04T09:37:44,700.0,5.6,S
2021-06-04T09:37:39,3000.0,5.7,B
2021-06-04T09:37:33,7800.0,5.6,S
2021-06-04T09:37:25,4800.0,5.7,B
2021-06-04T09:37:20,100.0,5.6,S
2021-06-04T09:37:09,1000.0,5.6,S
2021-06-04T09:37:07,10000.0,5.7,B
2021-06-04T09:37:04,2000.0,5.7,B
2021-06-04T09:36:57,500.0,5.7,B
2021-06-04T09:36:50,400.0,5.7,B
2021-06-04T09:36:48,1500.0,5.7,B
2021-06-04T09:36:38,200.0,5.7,B
2021-06-04T09:36:32,100.0,5.7,B
2021-06-04T09:36:26,2800.0,5.7,B
2021-06-04T09:36:21,1000.0,5.6,S
2021-06-04T09:36:12,2000.0,5.7,B
2021-06-04T09:36:06,2000.0,5.7,B
2021-06-04T09:36:01,2600.0,5.7,B
2021-06-04T09:36:00,5000.0,5.7,B
2021-06-04T09:35:59,300.0,5.7,B
2021-06-04T09:35:40,68400.0,5.7,B
2021-06-04T09:34:36,10000.0,5.7,B
2021-06-04T09:34:21,1000.0,5.7,B
2021-06-04T09:34:18,500.0,5.7,B
2021-06-04T09:34:10,800.0,5.7,B
2021-06-04T09:34:01,10000.0,5.7,B
2021-06-04T09:33:59,3000.0,5.6,S
2021-06-04T09:33:53,100.0,5.6,S
2021-06-04T09:33:47,200.0,5.7,B
2021-06-04T09:33:43,200.0,5.6,S
2021-06-04T09:33:17,1600.0,5.6,S
2021-06-04T09:33:09,300.0,5.7,B
2021-06-04T09:33:01,3100.0,5.6,S
2021-06-04T09:32:57,100.0,5.6,S
2021-06-04T09:32:20,400.0,5.7,B
2021-06-04T09:32:10,100.0,5.6,S
2021-06-04T09:32:08,600.0,5.7,B
2021-06-04T09:32:05,5000.0,5.7,B
2021-06-04T09:31:57,1000.0,5.7,B
2021-06-04T09:31:50,900.0,5.7,B
2021-06-04T09:31:46,500.0,5.7,B
2021-06-04T09:31:32,10000.0,5.6,S
2021-06-04T09:31:24,500.0,5.7,B
2021-06-04T09:31:20,200.0,5.7,B
2021-06-04T09:31:15,1200.0,5.7,B
2021-06-04T09:31:09,500.0,5.7,B
2021-06-04T09:31:07,500.0,5.7,B
2021-06-04T09:30:32,200.0,5.7,B
2021-06-04T09:30:29,2000.0,5.6,S
2021-06-04T09:30:27,1000.0,5.7,B
2021-06-04T09:30:26,2300.0,5.7,B
2021-06-04T09:30:24,100.0,5.7,B
2021-06-04T09:30:21,1600.0,5.7,B
2021-06-04T09:30:20,1000.0,5.7,B
2021-06-04T09:30:19,500.0,5.7,B
2021-06-04T09:30:14,100.0,5.7,B
2021-06-04T09:30:10,400.0,5.7,B
2021-06-04T09:30:07,3200.0,5.7,B
2021-06-04T09:29:54,3000.0,5.7,B
2021-06-04T09:29:52,1800.0,5.7,B
2021-06-04T09:29:51,100.0,5.6,S
2021-06-04T09:29:42,900.0,5.7,B
2021-06-04T09:29:41,1800.0,5.7,B
2021-06-04T09:29:34,100.0,5.7,B
2021-06-04T09:29:27,800.0,5.7,B
2021-06-04T09:29:24,5000.0,5.7,B
2021-06-04T09:29:21,400.0,5.7,B
2021-06-04T09:29:20,100.0,5.7,B
2021-06-04T09:29:18,5000.0,5.7,B
2021-06-04T09:29:10,500.0,5.7,B
2021-06-04T09:28:49,500.0,5.7,B
2021-06-04T09:28:47,1400.0,5.7,B
2021-06-04T09:28:30,30500.0,5.7,B
2021-06-04T09:28:20,200.0,5.7,B
2021-06-04T09:28:15,1500.0,5.6,S
2021-06-04T09:28:11,900.0,5.6,S
2021-06-04T09:28:09,4000.0,5.7,B
2021-06-04T09:28:05,100.0,5.7,B
2021-06-04T09:27:55,1800.0,5.7,B
2021-06-04T09:27:51,1000.0,5.7,B
2021-06-04T09:27:49,1500.0,5.7,B
2021-06-04T09:27:41,700.0,5.7,B
2021-06-04T09:27:40,2000.0,5.7,B
2021-06-04T09:27:34,3000.0,5.7,B
2021-06-04T09:27:20,1000.0,5.7,B
2021-06-04T09:27:20,10000.0,5.6,S
2021-06-04T09:27:11,5000.0,5.7,B
2021-06-04T09:27:06,200.0,5.7,B
2021-06-04T09:27:02,200.0,5.7,B
2021-06-04T09:27:00,500.0,5.7,B
2021-06-04T09:26:48,1000.0,5.6,S
2021-06-04T09:26:46,500.0,5.7,B
2021-06-04T09:26:40,500.0,5.7,B
2021-06-04T09:26:37,300.0,5.7,B
2021-06-04T09:26:34,100.0,5.7,B
2021-06-04T09:26:33,1000.0,5.7,B
2021-06-04T09:26:24,200.0,5.7,B
2021-06-04T09:26:14,200.0,5.7,B
2021-06-04T09:26:14,100.0,5.7,B
2021-06-04T09:26:11,100.0,5.7,B
2021-06-04T09:26:03,1000.0,5.7,B
2021-06-04T09:25:29,500.0,5.7,B
2021-06-04T09:25:27,5000.0,5.7,B
2021-06-04T09:25:22,300.0,5.7,B
2021-06-04T09:25:21,2000.0,5.7,B
2021-06-04T09:25:20,2100.0,5.7,B
2021-06-04T09:25:19,1600.0,5.7,B
2021-06-04T09:25:17,10100.0,5.7,B
2021-06-04T09:25:16,2800.0,5.7,B
2021-06-04T09:25:15,1000.0,5.7,B
2021-06-04T09:25:02,10000.0,5.7,B
2021-06-04T09:25:02,1000.0,5.7,B
2021-06-04T09:24:47,400.0,5.7,B
2021-06-04T09:24:46,10000.0,5.7,B
2021-06-04T09:24:40,100.0,5.6,S
2021-06-04T09:24:39,200.0,5.7,B
2021-06-04T09:24:35,2000.0,5.7,B
2021-06-04T09:24:34,1000.0,5.7,B
2021-06-04T09:24:25,500.0,5.7,B
2021-06-04T09:24:17,100.0,5.7,B
2021-06-04T09:24:16,300.0,5.7,B
2021-06-04T09:24:10,2000.0,5.7,B
2021-06-04T09:23:54,300.0,5.6,S
2021-06-04T09:23:53,200.0,5.7,B
2021-06-04T09:23:49,3000.0,5.7,B
2021-06-04T09:23:39,5000.0,5.7,B
2021-06-04T09:23:36,1300.0,5.7,B
2021-06-04T09:23:35,100.0,5.7,B
2021-06-04T09:23:33,2000.0,5.7,B
2021-06-04T09:23:30,6000.0,5.7,B
2021-06-04T09:23:25,2000.0,5.7,B
2021-06-04T09:23:22,100.0,5.7,B
2021-06-04T09:23:22,4000.0,5.7,B
2021-06-04T09:23:15,6400.0,5.6,S
2021-06-04T09:23:05,1000.0,5.7,B
2021-06-04T09:23:04,4000.0,5.6,S
2021-06-04T09:23:01,2000.0,5.7,B
2021-06-04T09:22:55,10000.0,5.7,B
2021-06-04T09:22:48,4000.0,5.7,B
2021-06-04T09:22:44,200.0,5.7,B
2021-06-04T09:22:43,100.0,5.7,B
2021-06-04T09:22:40,2000.0,5.7,B
2021-06-04T09:22:34,2000.0,5.7,B
2021-06-04T09:22:30,100.0,5.7,B
2021-06-04T09:22:29,3000.0,5.7,B
2021-06-04T09:22:25,400.0,5.7,B
2021-06-04T09:22:24,1300.0,5.7,B
2021-06-04T09:22:23,300.0,5.7,B
2021-06-04T09:22:17,1000.0,5.7,B
2021-06-04T09:22:15,500.0,5.7,B
2021-06-04T09:22:02,200.0,5.7,B
2021-06-04T09:21:58,10000.0,5.7,B
2021-06-04T09:21:44,1700.0,5.7,B
2021-06-04T09:21:44,1000.0,5.7,B
2021-06-04T09:21:33,1000.0,5.7,B
2021-06-04T09:21:32,800.0,5.7,B
2021-06-04T09:21:27,2000.0,5.7,B
2021-06-04T09:21:25,5000.0,5.7,B
2021-06-04T09:21:24,3000.0,5.7,B
2021-06-04T09:21:23,100.0,5.7,B
2021-06-04T09:21:20,1000.0,5.7,B
2021-06-04T09:21:19,3000.0,5.7,B
2021-06-04T09:21:15,1800.0,5.7,B
2021-06-04T09:21:10,2000.0,5.7,B
2021-06-04T09:21:07,700.0,5.7,B
2021-06-04T09:21:05,100.0,5.7,B
2021-06-04T09:20:54,1200.0,5.7,B
2021-06-04T09:20:47,100.0,5.7,B
2021-06-04T09:20:31,2000.0,5.7,B
2021-06-04T09:20:28,700.0,5.7,B
2021-06-04T09:20:25,500.0,5.7,B
2021-06-04T09:20:21,500.0,5.7,B
2021-06-04T09:20:20,700.0,5.7,B
2021-06-04T09:20:15,1000.0,5.7,B
2021-06-04T09:20:13,7000.0,5.7,B
2021-06-04T09:20:11,100.0,5.7,B
2021-06-04T09:20:07,1000.0,5.7,B
2021-06-04T09:20:06,100.0,5.7,B
2021-06-04T09:20:04,500.0,5.7,B
2021-06-04T09:20:01,500.0,5.7,B
2021-06-04T09:20:01,500.0,5.7,B
2021-06-04T09:19:54,300.0,5.7,B
2021-06-04T09:19:51,100.0,5.7,B
2021-06-04T09:19:47,2300.0,5.7,B
2021-06-04T09:19:38,200.0,5.7,B
2021-06-04T09:19:32,500.0,5.7,B
2021-06-04T09:19:31,100.0,5.7,B
2021-06-04T09:19:27,5000.0,5.7,B
2021-06-04T09:19:25,900.0,5.7,B
2021-06-04T09:19:20,1000.0,5.7,B
2021-06-04T09:19:17,500.0,5.7,B
2021-06-04T09:19:14,100.0,5.7,B
2021-06-04T09:19:07,500.0,5.7,B
2021-06-04T09:19:03,4200.0,5.7,B
2021-06-04T09:19:00,3000.0,5.7,B
2021-06-04T09:19:00,1000.0,5.7,B
2021-06-04T09:18:57,1000.0,5.7,B
2021-06-04T09:18:54,1000.0,5.7,B
2021-06-04T09:18:54,300.0,5.7,B
2021-06-04T09:18:50,600.0,5.7,B
2021-06-04T09:18:42,1000.0,5.7,B
2021-06-04T09:18:42,600.0,5.7,B
2021-06-04T09:18:40,3000.0,5.7,B
2021-06-04T09:18:40,3700.0,5.7,B
2021-06-04T09:18:31,1000.0,5.7,B
2021-06-04T09:18:31,200.0,5.7,B
2021-06-04T09:18:27,20000.0,5.7,B
2021-06-04T09:18:22,2000.0,5.7,B
2021-06-04T09:18:20,1000.0,5.7,B
2021-06-04T09:18:19,2300.0,5.7,B
2021-06-04T09:18:18,3000.0,5.7,B
2021-06-04T09:18:17,1000.0,5.7,B
2021-06-04T09:18:16,2200.0,5.7,B
2021-06-04T09:18:15,500.0,5.7,B
2021-06-04T09:18:12,1500.0,5.7,B
2021-06-04T09:18:11,1000.0,5.7,B
2021-06-04T09:18:10,3000.0,5.7,B
2021-06-04T09:18:10,2000.0,5.7,B
2021-06-04T09:18:10,500.0,5.7,B
2021-06-04T09:18:10,1800.0,5.7,B
2021-06-04T09:18:10,900.0,5.7,B
2021-06-04T09:18:10,500.0,5.7,B
2021-06-04T09:18:10,2000.0,5.7,B
2021-06-04T09:18:10,1800.0,5.7,B
2021-06-04T09:18:06,500.0,5.7,B
2021-06-04T09:18:06,500.0,5.7,B
2021-06-04T09:18:06,100.0,5.7,B
2021-06-04T09:18:06,300.0,5.7,B
2021-06-04T09:18:06,300.0,5.7,B
2021-06-04T09:18:06,5000.0,5.7,B
2021-06-04T09:18:06,2000.0,5.7,B
2021-06-04T09:18:06,200.0,5.7,B
2021-06-04T09:17:52,500.0,5.7,B
2021-06-04T09:17:52,300.0,5.7,B
2021-06-04T09:17:52,200.0,5.7,B
2021-06-04T09:17:52,1000.0,5.7,B
2021-06-04T09:17:23,200.0,5.7,B
2021-06-04T09:17:22,600.0,5.7,B
2021-06-04T09:17:20,1500.0,5.7,B
2021-06-04T09:17:16,1000.0,5.7,B
2021-06-04T09:17:15,2000.0,5.7,B
2021-06-04T09:17:12,500.0,5.7,B
2021-06-04T09:17:07,1400.0,5.7,B
2021-06-04T09:17:06,10000.0,5.7,B
2021-06-04T09:17:06,2000.0,5.7,B
2021-06-04T09:17:05,500.0,5.7,B
2021-06-04T09:16:58,200.0,5.7,B
2021-06-04T09:16:51,20000.0,5.7,B
2021-06-04T09:16:49,100.0,5.7,B
2021-06-04T09:16:44,1000.0,5.7,B
2021-06-04T09:16:41,500.0,5.7,B
2021-06-04T09:16:39,3000.0,5.7,B
2021-06-04T09:16:35,1000.0,5.7,B
2021-06-04T09:16:32,1000.0,5.7,B
2021-06-04T09:16:31,2000.0,5.7,B
2021-06-04T09:16:31,1200.0,5.7,B
2021-06-04T09:16:24,1000.0,5.7,B
2021-06-04T09:16:18,200.0,5.7,B
2021-06-04T09:16:16,2000.0,5.7,B
2021-06-04T09:16:10,100.0,5.7,B
2021-06-04T09:16:09,1000.0,5.7,B
2021-06-04T09:16:08,1000.0,5.7,B
2021-06-04T09:16:05,100.0,5.7,B
2021-06-04T09:16:04,300.0,5.7,B
2021-06-04T09:16:03,95000.0,5.7,B
2021-06-04T09:16:00,500.0,5.7,B
2021-06-04T09:15:57,300.0,5.7,B
2021-06-04T09:15:49,900.0,5.7,B
2021-06-04T09:15:47,8600.0,5.7,B
2021-06-04T09:15:38,2000.0,5.7,B
2021-06-04T09:15:34,2000.0,5.7,B
2021-06-04T09:15:32,1000.0,5.7,B
2021-06-04T09:15:27,1000.0,5.7,B
2021-06-04T09:15:26,500.0,5.7,B
2021-06-04T09:15:24,100.0,5.7,B
2021-06-04T09:15:19,10000.0,5.7,B
2021-06-04T09:15:05,2000.0,5.7,B
2021-06-04T09:15:00,200.0,5.6,S
2021-06-04T09:14:58,1200.0,5.7,B
2021-06-04T09:14:51,2500.0,5.7,B
2021-06-04T09:14:51,500.0,5.7,B
2021-06-04T09:14:39,1000.0,5.7,B
2021-06-04T09:14:36,100.0,5.7,B
2021-06-04T09:14:08,400.0,5.7,B
2021-06-04T09:13:51,200.0,5.7,B
2021-06-04T09:13:45,400.0,5.7,B
2021-06-04T09:13:17,300.0,5.7,B
2021-06-04T09:13:08,200.0,5.7,B
2021-06-04T09:12:57,1000.0,5.7,B
2021-06-04T09:12:45,500.0,5.7,B
2021-06-04T09:12:26,500.0,5.7,B
2021-06-04T09:12:21,500.0,5.7,B
2021-06-04T09:12:20,20000.0,5.7,B
2021-06-04T09:12:19,500.0,5.7,B
2021-06-04T09:12:14,1100.0,5.7,B
2021-06-04T09:12:03,3000.0,5.6,S
2021-06-04T09:11:57,200.0,5.7,B
2021-06-04T09:11:49,10000.0,5.7,B
2021-06-04T09:11:48,2800.0,5.7,B
2021-06-04T09:11:44,500.0,5.7,B
2021-06-04T09:11:27,400.0,5.7,B
2021-06-04T09:11:20,50000.0,5.7,B
2021-06-04T09:11:18,500.0,5.7,B
2021-06-04T09:11:16,100.0,5.6,S
2021-06-04T09:11:12,1000.0,5.7,B
2021-06-04T09:11:07,2000.0,5.7,B
2021-06-04T09:10:52,12900.0,5.7,B
2021-06-04T09:10:46,2000.0,5.6,S
2021-06-04T09:10:33,4100.0,5.7,B
2021-06-04T09:10:32,300.0,5.7,B
2021-06-04T09:10:28,100.0,5.6,S
2021-06-04T09:10:23,1000.0,5.7,B
2021-06-04T09:10:16,900.0,5.7,B
2021-06-04T09:10:07,2000.0,5.7,B
2021-06-04T09:10:06,2000.0,5.7,B
2021-06-04T09:10:00,300.0,5.7,B
2021-06-04T09:09:56,1000.0,5.7,B
2021-06-04T09:09:47,100.0,5.7,B
2021-06-04T09:09:46,100.0,5.7,B
2021-06-04T09:09:34,300.0,5.7,B
2021-06-04T09:09:28,500.0,5.7,B
2021-06-04T09:09:26,200.0,5.7,B
2021-06-04T09:09:23,29500.0,5.7,S
2021-06-04T09:09:22,100.0,5.7,S
2021-06-04T09:09:18,1000.0,5.8,B
2021-06-04T09:09:17,30000.0,5.7,S
2021-06-04T09:09:10,400.0,5.7,S
2021-06-04T09:09:03,60800.0,5.7,S
2021-06-04T09:09:00,1000.0,5.7,B
2021-06-04T09:08:58,200.0,5.7,B
2021-06-04T09:08:55,500.0,5.7,B
2021-06-04T09:08:53,100.0,5.7,B
2021-06-04T09:08:50,1000.0,5.7,B
2021-06-04T09:08:49,1000.0,5.7,B
2021-06-04T09:08:37,1400.0,5.7,B
2021-06-04T09:08:33,300.0,5.7,B
2021-06-04T09:08:28,28300.0,5.7,B
2021-06-04T09:08:27,5000.0,5.7,B
2021-06-04T09:08:24,7000.0,5.7,B
2021-06-04T09:08:21,3300.0,5.7,B
2021-06-04T09:08:19,500.0,5.7,B
2021-06-04T09:08:09,200.0,5.7,B
2021-06-04T09:08:06,3000.0,5.7,B
2021-06-04T09:07:59,700.0,5.7,B
2021-06-04T09:07:51,100.0,5.7,B
2021-06-04T09:07:50,3000.0,5.7,B
2021-06-04T09:07:41,500.0,5.7,B
2021-06-04T09:07:31,2000.0,5.7,B
2021-06-04T09:07:30,1000.0,5.7,B
2021-06-04T09:07:27,100.0,5.7,B
2021-06-04T09:07:27,100.0,5.7,B
2021-06-04T09:07:23,148000.0,5.7,B
2021-06-04T09:07:16,5000.0,5.7,B
2021-06-04T09:07:14,1000.0,5.7,B
2021-06-04T09:06:50,1300.0,5.7,B
2021-06-04T09:06:44,400.0,5.7,B
2021-06-04T09:06:43,500.0,5.7,B
2021-06-04T09:06:38,3200.0,5.7,B
2021-06-04T09:06:29,500.0,5.7,B
2021-06-04T09:06:25,3000.0,5.7,B
2021-06-04T09:06:22,21800.0,5.7,B
2021-06-04T09:06:14,5000.0,5.7,B
2021-06-04T09:06:12,21000.0,5.7,B
2021-06-04T09:06:09,400.0,5.7,B
2021-06-04T09:06:05,1000.0,5.7,B
2021-06-04T09:05:44,200.0,5.7,B
2021-06-04T09:05:42,2000.0,5.7,B
2021-06-04T09:05:40,300.0,5.7,B
2021-06-04T09:05:28,10000.0,5.7,B
2021-06-04T09:05:27,1000.0,5.7,B
2021-06-04T09:05:26,200.0,5.7,B
2021-06-04T09:05:24,500.0,5.7,B
2021-06-04T09:05:22,20000.0,5.7,B
2021-06-04T09:05:21,200.0,5.7,B
2021-06-04T09:05:18,5000.0,5.6,S
2021-06-04T09:05:17,2000.0,5.7,B
2021-06-04T09:05:13,2000.0,5.7,B
2021-06-04T09:05:09,400.0,5.7,B
2021-06-04T09:05:02,500.0,5.7,B
2021-06-04T09:04:56,1000.0,5.7,B
2021-06-04T09:04:51,200.0,5.7,B
2021-06-04T09:04:47,500.0,5.7,B
2021-06-04T09:04:41,3000.0,5.7,B
2021-06-04T09:04:41,100.0,5.7,B
2021-06-04T09:04:39,500.0,5.7,B
2021-06-04T09:04:37,1000.0,5.7,B
2021-06-04T09:04:36,1000.0,5.7,B
2021-06-04T09:04:28,7000.0,5.7,B
2021-06-04T09:04:27,100.0,5.7,B
2021-06-04T09:04:27,400.0,5.7,B
2021-06-04T09:04:21,2000.0,5.7,B
2021-06-04T09:04:19,100.0,5.7,B
2021-06-04T09:04:18,40700.0,5.6,S
2021-06-04T09:04:16,1900.0,5.7,B
2021-06-04T09:04:11,500.0,5.7,B
2021-06-04T09:04:09,100.0,5.7,B
2021-06-04T09:04:03,15000.0,5.7,B
2021-06-04T09:04:02,700.0,5.7,B
2021-06-04T09:04:01,800.0,5.7,B
2021-06-04T09:03:58,1700.0,5.7,B
2021-06-04T09:03:57,500.0,5.7,B
2021-06-04T09:03:56,16000.0,5.7,B
2021-06-04T09:03:53,1000.0,5.7,B
2021-06-04T09:03:44,100.0,5.7,B
2021-06-04T09:03:38,10000.0,5.7,B
2021-06-04T09:03:36,400.0,5.7,B
2021-06-04T09:03:36,400.0,5.7,B
2021-06-04T09:03:31,400.0,5.7,B
2021-06-04T09:03:28,300.0,5.7,B
2021-06-04T09:03:27,500.0,5.7,B
2021-06-04T09:03:24,10300.0,5.7,B
2021-06-04T09:03:17,3900.0,5.7,B
2021-06-04T09:03:14,12000.0,5.7,B
2021-06-04T09:03:08,200.0,5.7,B
2021-06-04T09:03:07,8700.0,5.7,B
2021-06-04T09:03:04,10000.0,5.7,B
2021-06-04T09:03:03,1000.0,5.7,B
2021-06-04T09:02:50,10000.0,5.7,B
2021-06-04T09:02:48,1200.0,5.7,B
2021-06-04T09:02:45,200.0,5.7,B
2021-06-04T09:02:40,1600.0,5.7,B
2021-06-04T09:02:38,300.0,5.7,B
2021-06-04T09:02:37,7000.0,5.7,B
2021-06-04T09:02:36,3000.0,5.7,B
2021-06-04T09:02:34,100.0,5.7,B
2021-06-04T09:02:32,1000.0,5.7,B
2021-06-04T09:02:31,6100.0,5.7,B
2021-06-04T09:02:28,500.0,5.7,B
2021-06-04T09:02:27,10000.0,5.7,B
2021-06-04T09:02:25,3000.0,5.7,B
2021-06-04T09:02:21,10000.0,5.7,B
2021-06-04T09:02:15,10300.0,5.7,B
2021-06-04T09:02:05,10000.0,5.7,B
2021-06-04T09:02:03,1300.0,5.7,B
2021-06-04T09:02:01,400.0,5.7,B
2021-06-04T09:01:59,200.0,5.7,B
2021-06-04T09:01:56,1000.0,5.7,B
2021-06-04T09:01:55,2000.0,5.7,B
2021-06-04T09:01:50,3000.0,5.7,B
2021-06-04T09:01:45,200.0,5.7,B
2021-06-04T09:01:41,18100.0,5.7,B
2021-06-04T09:01:34,11600.0,5.6,S
2021-06-04T09:01:32,800.0,5.7,B
2021-06-04T09:01:23,1000.0,5.7,B
2021-06-04T09:01:21,200.0,5.7,B
2021-06-04T09:01:14,500.0,5.7,B
2021-06-04T09:01:09,2000.0,5.7,B
2021-06-04T09:01:08,50000.0,5.7,B
2021-06-04T09:00:59,1000.0,5.7,B
2021-06-04T09:00:52,200.0,5.7,B
2021-06-04T09:00:52,20000.0,5.7,B
2021-06-04T09:00:48,4500.0,5.6,S
2021-06-04T09:00:46,500.0,5.7,B
2021-06-04T09:00:46,2000.0,5.7,B
2021-06-04T09:00:32,300.0,5.6,S
2021-06-04T09:00:30,100.0,5.7,B
2021-06-04T09:00:20,300.0,5.7,B
2021-06-04T09:00:14,7700.0,5.7,B
2021-06-04T09:00:05,300.0,5.7,B
2021-06-04T09:00:05,1000.0,5.7,B
2021-06-04T09:00:04,10000.0,5.6,S
2021-06-04T09:00:03,30300.0,5.6,B
2021-06-04T09:00:03,1200.0,5.6,B
2021-06-04T09:00:02,2500.0,5.6,B
