tradingTime,volume,price,side
2021-06-04T14:26:52,2000.0,21.4,S
2021-06-04T14:26:43,300.0,21.5,B
2021-06-04T14:22:31,1100.0,21.5,B
2021-06-04T14:21:46,500.0,21.5,B
2021-06-04T14:17:35,500.0,21.5,B
2021-06-04T14:15:19,10600.0,21.4,S
2021-06-04T14:10:43,200.0,21.4,B
2021-06-04T14:10:03,1000.0,21.4,B
2021-06-04T14:01:48,1000.0,21.4,B
2021-06-04T14:01:45,2600.0,21.3,S
2021-06-04T14:00:32,5000.0,21.4,B
2021-06-04T13:58:44,3000.0,21.4,B
2021-06-04T13:57:13,2000.0,21.4,B
2021-06-04T13:49:58,600.0,21.4,B
2021-06-04T13:48:19,500.0,21.3,B
2021-06-04T13:44:08,200.0,21.1,S
2021-06-04T13:41:52,500.0,21.1,S
2021-06-04T13:38:53,200.0,21.1,S
2021-06-04T13:38:24,200.0,21.1,B
2021-06-04T13:37:27,1000.0,21.1,B
2021-06-04T13:36:07,200.0,21.1,B
2021-06-04T13:35:21,500.0,21.0,S
2021-06-04T13:33:53,100.0,21.0,B
2021-06-04T13:33:39,100.0,21.0,B
2021-06-04T13:32:44,100.0,21.0,B
2021-06-04T13:32:15,900.0,21.0,S
2021-06-04T13:30:56,1000.0,21.0,S
2021-06-04T13:30:33,100.0,21.1,B
2021-06-04T13:30:25,900.0,21.1,B
2021-06-04T13:29:13,400.0,21.1,B
2021-06-04T13:29:12,8900.0,21.1,S
2021-06-04T13:27:55,1000.0,21.1,S
2021-06-04T13:26:55,6000.0,21.1,S
2021-06-04T13:26:20,2200.0,21.1,S
2021-06-04T13:24:57,3000.0,21.1,S
2021-06-04T13:23:56,1300.0,21.1,S
2021-06-04T13:23:39,100.0,21.2,B
2021-06-04T13:23:29,2400.0,21.1,S
2021-06-04T13:23:28,100.0,21.2,B
2021-06-04T13:21:36,3700.0,21.2,B
2021-06-04T13:20:43,100.0,21.3,S
2021-06-04T13:17:12,600.0,21.4,B
2021-06-04T13:16:25,1300.0,21.4,B
2021-06-04T13:15:05,500.0,21.4,B
2021-06-04T13:11:19,600.0,21.4,B
2021-06-04T13:08:01,500.0,21.5,B
2021-06-04T13:07:04,1500.0,21.4,S
2021-06-04T13:05:35,500.0,21.4,S
2021-06-04T13:04:57,1000.0,21.4,S
2021-06-04T13:00:36,300.0,21.5,B
2021-06-04T13:00:28,300.0,21.5,B
2021-06-04T13:00:10,12500.0,21.4,S
2021-06-04T13:00:08,1000.0,21.5,B
2021-06-04T11:28:39,100.0,21.5,B
2021-06-04T11:26:55,1700.0,21.4,S
2021-06-04T11:26:36,200.0,21.4,S
2021-06-04T11:26:28,200.0,21.4,S
2021-06-04T11:24:58,1000.0,21.4,S
2021-06-04T11:18:11,2600.0,21.4,S
2021-06-04T11:18:09,500.0,21.4,S
2021-06-04T11:13:32,500.0,21.4,S
2021-06-04T11:11:28,300.0,21.4,S
2021-06-04T11:09:24,700.0,21.5,S
2021-06-04T11:05:30,2000.0,21.5,S
2021-06-04T11:05:02,3000.0,21.6,S
2021-06-04T11:03:18,3500.0,21.6,S
2021-06-04T10:48:58,2200.0,21.9,B
2021-06-04T10:44:41,8300.0,21.9,B
2021-06-04T10:44:30,500.0,21.9,B
2021-06-04T10:43:52,200.0,21.7,S
2021-06-04T10:43:35,2800.0,21.7,S
2021-06-04T10:39:30,3000.0,21.7,S
2021-06-04T10:36:11,500.0,21.8,S
2021-06-04T10:34:58,100.0,21.8,S
2021-06-04T10:33:53,600.0,21.8,S
2021-06-04T10:32:24,5000.0,21.8,S
2021-06-04T10:31:24,1000.0,21.8,S
2021-06-04T10:27:51,2300.0,21.8,S
2021-06-04T10:27:11,1500.0,21.8,S
2021-06-04T10:26:56,3000.0,21.8,S
2021-06-04T10:26:21,2000.0,21.8,S
2021-06-04T10:26:08,3000.0,21.8,S
2021-06-04T10:23:50,5800.0,21.9,S
2021-06-04T10:22:07,9700.0,21.9,S
2021-06-04T10:20:16,100.0,21.9,S
2021-06-04T10:19:31,1000.0,21.9,S
2021-06-04T10:17:05,500.0,22.0,B
2021-06-04T10:16:29,3400.0,22.0,B
2021-06-04T10:14:31,500.0,22.0,B
2021-06-04T10:14:11,2000.0,22.0,B
2021-06-04T10:13:03,200.0,22.0,B
2021-06-04T10:12:50,1000.0,22.0,B
2021-06-04T10:11:46,3200.0,22.0,B
2021-06-04T10:10:25,2000.0,21.9,S
2021-06-04T10:09:53,100.0,21.9,S
2021-06-04T10:09:09,1000.0,21.9,S
2021-06-04T10:08:58,200.0,22.0,B
2021-06-04T10:08:35,2700.0,22.0,B
2021-06-04T10:08:25,500.0,22.0,B
2021-06-04T10:08:13,100.0,22.0,B
2021-06-04T10:08:12,2000.0,21.9,S
2021-06-04T10:06:54,3000.0,21.9,S
2021-06-04T10:06:47,3200.0,22.0,B
2021-06-04T10:06:03,3000.0,21.9,S
2021-06-04T10:04:55,200.0,21.9,S
2021-06-04T10:04:45,200.0,21.9,S
2021-06-04T10:02:44,500.0,21.9,S
2021-06-04T10:02:23,3700.0,22.0,B
2021-06-04T10:02:13,4000.0,22.0,B
2021-06-04T10:02:01,2900.0,22.0,B
2021-06-04T10:01:49,3200.0,22.0,B
2021-06-04T10:01:10,1000.0,22.0,B
2021-06-04T10:00:51,2500.0,22.0,B
2021-06-04T10:00:41,3800.0,22.0,B
2021-06-04T10:00:36,2000.0,22.0,B
2021-06-04T09:59:54,200.0,22.0,B
2021-06-04T09:59:48,1000.0,22.0,B
2021-06-04T09:59:20,500.0,22.0,B
2021-06-04T09:58:04,1000.0,22.0,B
2021-06-04T09:57:33,3300.0,21.9,S
2021-06-04T09:57:15,1000.0,21.9,B
2021-06-04T09:57:11,300.0,21.9,B
2021-06-04T09:57:01,1000.0,21.9,B
2021-06-04T09:56:45,1000.0,21.9,B
2021-06-04T09:56:37,5500.0,21.8,S
2021-06-04T09:56:17,500.0,21.8,S
2021-06-04T09:55:59,100.0,21.8,S
2021-06-04T09:55:51,9300.0,21.8,S
2021-06-04T09:54:47,200.0,21.9,B
2021-06-04T09:54:25,200.0,21.9,B
2021-06-04T09:54:00,200.0,21.9,B
2021-06-04T09:53:50,1000.0,21.9,B
2021-06-04T09:52:51,100.0,21.8,S
2021-06-04T09:52:47,35200.0,21.8,S
2021-06-04T09:52:27,600.0,21.8,S
2021-06-04T09:51:42,33600.0,21.8,B
2021-06-04T09:51:40,3000.0,21.7,S
2021-06-04T09:50:41,200.0,21.9,B
2021-06-04T09:50:31,200.0,21.9,B
2021-06-04T09:50:15,1000.0,21.8,S
2021-06-04T09:50:00,100.0,21.9,B
2021-06-04T09:49:57,500.0,21.9,B
2021-06-04T09:49:27,500.0,21.9,B
2021-06-04T09:48:46,700.0,21.9,S
2021-06-04T09:47:39,200.0,21.9,S
2021-06-04T09:46:16,47200.0,21.9,S
2021-06-04T09:46:15,2800.0,21.9,S
2021-06-04T09:46:14,1200.0,21.9,B
2021-06-04T09:45:54,500.0,21.5,S
2021-06-04T09:44:50,500.0,22.0,B
2021-06-04T09:44:44,700.0,22.0,B
2021-06-04T09:44:39,1000.0,22.0,S
2021-06-04T09:44:35,600.0,22.0,S
2021-06-04T09:44:28,1500.0,22.0,S
2021-06-04T09:44:19,600.0,22.0,S
2021-06-04T09:44:18,1000.0,22.0,S
2021-06-04T09:44:01,200.0,22.0,S
2021-06-04T09:43:53,200.0,22.0,S
2021-06-04T09:43:50,2000.0,22.0,S
2021-06-04T09:43:42,200.0,22.0,S
2021-06-04T09:43:25,1000.0,22.0,S
2021-06-04T09:43:19,200.0,22.0,S
2021-06-04T09:43:12,200.0,22.0,S
2021-06-04T09:42:58,200.0,22.0,S
2021-06-04T09:42:55,12200.0,22.0,B
2021-06-04T09:42:54,1000.0,22.0,B
2021-06-04T09:42:51,2000.0,22.0,B
2021-06-04T09:42:30,5000.0,22.0,B
2021-06-04T09:42:27,700.0,21.6,B
2021-06-04T09:42:23,9100.0,21.5,B
2021-06-04T09:41:40,5000.0,21.4,B
2021-06-04T09:40:49,200.0,21.1,B
2021-06-04T09:40:35,1900.0,21.1,B
2021-06-04T09:40:05,100.0,21.1,B
2021-06-04T09:39:40,100.0,21.0,S
2021-06-04T09:38:00,400.0,21.0,S
2021-06-04T09:37:56,100.0,21.0,S
2021-06-04T09:37:55,2000.0,21.0,S
2021-06-04T09:37:52,32200.0,21.0,B
2021-06-04T09:33:07,400.0,20.7,S
2021-06-04T09:32:44,600.0,20.7,S
2021-06-04T09:31:34,300.0,20.8,S
2021-06-04T09:31:20,1000.0,20.9,B
2021-06-04T09:30:39,2000.0,20.9,B
2021-06-04T09:30:14,1400.0,20.9,S
2021-06-04T09:29:55,800.0,20.8,S
2021-06-04T09:29:47,4200.0,20.9,S
2021-06-04T09:29:33,7400.0,20.9,B
2021-06-04T09:27:39,5000.0,20.8,B
2021-06-04T09:27:22,200.0,20.8,S
2021-06-04T09:27:15,2800.0,20.8,B
2021-06-04T09:27:14,200.0,20.8,S
2021-06-04T09:27:06,2000.0,20.9,B
2021-06-04T09:26:54,800.0,20.8,B
2021-06-04T09:26:24,2000.0,20.8,B
2021-06-04T09:25:47,200.0,20.8,S
2021-06-04T09:23:43,2000.0,20.8,B
2021-06-04T09:22:20,200.0,20.7,S
2021-06-04T09:22:15,300.0,20.7,S
2021-06-04T09:22:04,17000.0,20.7,S
2021-06-04T09:19:21,2000.0,20.6,S
2021-06-04T09:19:01,900.0,20.8,S
2021-06-04T09:18:50,1700.0,20.8,B
2021-06-04T09:18:47,5000.0,20.8,B
2021-06-04T09:18:25,7400.0,20.8,S
2021-06-04T09:18:18,1400.0,20.8,B
2021-06-04T09:18:11,700.0,20.7,S
2021-06-04T09:18:06,400.0,20.7,S
2021-06-04T09:17:52,300.0,20.7,S
2021-06-04T09:17:15,5000.0,20.9,B
2021-06-04T09:17:08,200.0,20.7,S
2021-06-04T09:16:49,100.0,20.8,S
2021-06-04T09:16:41,1200.0,20.8,B
2021-06-04T09:16:17,100.0,20.7,S
2021-06-04T09:16:08,100.0,20.7,S
2021-06-04T09:15:45,100.0,20.7,S
2021-06-04T09:15:06,200.0,20.7,B
2021-06-04T09:14:46,100.0,20.6,S
2021-06-04T09:14:36,400.0,20.6,B
2021-06-04T09:14:01,300.0,20.6,B
2021-06-04T09:13:56,500.0,20.5,S
2021-06-04T09:12:56,500.0,20.5,S
2021-06-04T09:12:47,1500.0,20.5,B
2021-06-04T09:12:03,1700.0,20.4,B
2021-06-04T09:11:22,26000.0,20.4,B
2021-06-04T09:11:10,300.0,20.1,S
2021-06-04T09:10:27,1000.0,20.2,B
2021-06-04T09:09:08,300.0,20.2,B
2021-06-04T09:08:34,4000.0,20.2,B
2021-06-04T09:08:05,7000.0,20.2,B
2021-06-04T09:06:25,400.0,20.0,S
2021-06-04T09:05:49,200.0,20.0,S
2021-06-04T09:05:11,100.0,20.0,S
2021-06-04T09:05:04,500.0,20.0,B
2021-06-04T09:04:23,100.0,20.0,B
2021-06-04T09:04:00,3300.0,20.0,S
