tradingTime,volume,price,side
2021-06-04T14:06:42,300.0,32.45,B
2021-06-04T13:42:21,100.0,32.5,B
2021-06-04T13:42:01,4300.0,30.05,S
2021-06-04T13:42:01,2700.0,30.05,S
2021-06-04T13:42:01,500.0,30.5,S
2021-06-04T13:37:13,1400.0,30.1,S
2021-06-04T13:37:03,300.0,30.2,S
2021-06-04T13:34:47,100.0,30.2,S
2021-06-04T13:32:47,200.0,30.3,S
2021-06-04T13:28:35,2000.0,31.0,S
2021-06-04T13:22:31,3000.0,30.1,S
2021-06-04T13:22:30,300.0,31.5,S
2021-06-04T13:17:27,100.0,32.7,B
2021-06-04T13:15:36,11000.0,30.05,S
2021-06-04T13:15:36,5200.0,30.05,S
2021-06-04T13:13:50,1600.0,30.05,S
2021-06-04T13:13:49,18400.0,30.05,S
2021-06-04T13:12:45,5700.0,32.7,B
2021-06-04T13:11:04,500.0,32.7,B
2021-06-04T13:11:01,400.0,32.7,B
2021-06-04T13:10:57,300.0,32.7,B
2021-06-04T13:08:33,4800.0,32.7,B
2021-06-04T13:08:00,4000.0,32.3,S
2021-06-04T13:05:30,4000.0,32.7,B
2021-06-04T13:02:49,6600.0,32.7,B
2021-06-04T11:30:34,300.0,32.7,S
2021-06-04T11:30:29,200.0,32.7,S
2021-06-04T11:24:25,1100.0,32.7,S
2021-06-04T11:24:02,1000.0,32.8,B
2021-06-04T11:21:56,6000.0,32.8,B
2021-06-04T11:20:10,5600.0,32.8,S
2021-06-04T11:18:00,5000.0,32.8,S
2021-06-04T11:17:08,600.0,32.8,S
2021-06-04T11:11:50,6300.0,32.7,S
2021-06-04T11:11:49,200.0,32.8,B
2021-06-04T11:11:48,2700.0,32.8,B
2021-06-04T11:09:36,800.0,32.8,B
2021-06-04T11:03:32,4000.0,32.8,B
2021-06-04T11:00:22,500.0,32.7,S
2021-06-04T10:59:56,5400.0,32.8,B
2021-06-04T10:56:49,6000.0,32.8,B
2021-06-04T10:52:47,100.0,32.8,B
2021-06-04T10:52:44,300.0,32.8,B
2021-06-04T10:52:43,200.0,32.8,B
2021-06-04T10:52:14,3000.0,32.8,B
2021-06-04T10:51:24,14600.0,32.8,B
2021-06-04T10:50:37,500.0,32.7,S
2021-06-04T10:49:16,500.0,32.7,S
2021-06-04T10:47:30,4200.0,32.8,B
2021-06-04T10:45:35,400.0,32.8,B
2021-06-04T10:44:03,6100.0,32.8,B
2021-06-04T10:42:09,3400.0,32.8,B
2021-06-04T10:40:29,5400.0,32.8,B
2021-06-04T10:37:37,300.0,32.8,B
2021-06-04T10:37:34,200.0,32.8,B
2021-06-04T10:37:28,300.0,32.8,B
2021-06-04T10:37:17,600.0,32.8,B
2021-06-04T10:34:46,4100.0,32.8,B
2021-06-04T10:34:19,600.0,32.8,B
2021-06-04T10:33:00,5800.0,32.8,B
2021-06-04T10:30:36,4500.0,32.8,B
2021-06-04T10:29:02,500.0,32.8,B
2021-06-04T10:28:59,700.0,32.8,B
2021-06-04T10:27:03,2500.0,32.8,B
2021-06-04T10:24:23,5000.0,32.8,B
2021-06-04T10:22:40,4100.0,32.8,S
2021-06-04T10:21:23,3300.0,32.8,S
2021-06-04T10:17:17,100.0,32.8,S
2021-06-04T10:15:21,6500.0,32.8,B
2021-06-04T10:13:39,5200.0,32.8,B
2021-06-04T10:12:32,3800.0,32.8,B
2021-06-04T10:10:48,800.0,32.8,B
2021-06-04T10:10:45,1300.0,32.8,B
2021-06-04T10:08:47,3900.0,32.8,B
2021-06-04T10:07:37,4200.0,32.8,B
2021-06-04T10:06:46,300.0,32.7,S
2021-06-04T10:06:06,6600.0,32.8,B
2021-06-04T10:05:11,300.0,32.8,B
2021-06-04T10:05:07,200.0,32.8,B
2021-06-04T10:05:04,300.0,32.8,B
2021-06-04T10:03:58,2700.0,32.8,B
2021-06-04T10:02:52,2200.0,32.8,B
2021-06-04T10:02:24,400.0,32.7,S
2021-06-04T10:01:21,10000.0,32.8,B
2021-06-04T10:00:10,200.0,32.7,S
2021-06-04T09:59:44,100.0,32.8,B
2021-06-04T09:59:40,200.0,32.8,B
2021-06-04T09:58:41,300.0,32.8,B
2021-06-04T09:57:04,5600.0,32.8,B
2021-06-04T09:56:23,500.0,32.7,S
2021-06-04T09:55:53,3600.0,32.8,B
2021-06-04T09:54:48,100.0,32.7,S
2021-06-04T09:53:44,500.0,32.7,S
2021-06-04T09:52:35,100.0,32.7,B
2021-06-04T09:47:31,100.0,32.7,B
2021-06-04T09:47:11,4900.0,30.05,B
2021-06-04T09:45:43,100.0,30.05,S
2021-06-04T09:40:39,100.0,32.8,B
2021-06-04T09:39:18,3000.0,30.5,S
2021-06-04T09:39:18,20000.0,32.0,S
2021-06-04T09:38:39,200.0,32.8,B
2021-06-04T09:38:39,17800.0,32.7,B
2021-06-04T09:37:01,11100.0,32.2,S
2021-06-04T09:33:48,300.0,32.3,B
2021-06-04T09:31:03,500.0,32.3,B
2021-06-04T09:29:38,4000.0,32.3,B
2021-06-04T09:27:42,2800.0,32.3,B
2021-06-04T09:26:33,4000.0,32.2,B
2021-06-04T09:26:17,200.0,32.2,B
2021-06-04T09:26:00,1000.0,32.2,B
2021-06-04T09:24:54,600.0,32.2,B
2021-06-04T09:24:40,4900.0,32.2,B
2021-06-04T09:23:51,800.0,32.1,S
2021-06-04T09:22:29,200.0,32.2,B
2021-06-04T09:22:17,3200.0,32.2,B
2021-06-04T09:21:35,4800.0,32.1,S
2021-06-04T09:21:10,200.0,32.1,S
2021-06-04T09:19:21,200.0,32.2,S
2021-06-04T09:19:17,100.0,32.2,S
2021-06-04T09:19:01,300.0,32.3,S
