tradingTime,volume,price,side
2021-06-04T14:29:00,500.0,12.5,S
2021-06-04T14:28:38,4500.0,12.5,S
2021-06-04T14:28:13,100.0,12.5,S
2021-06-04T14:28:09,200.0,12.5,S
2021-06-04T14:26:08,100.0,12.5,S
2021-06-04T14:25:54,100.0,12.5,S
2021-06-04T14:25:41,100.0,12.5,S
2021-06-04T14:25:39,200.0,12.5,S
2021-06-04T14:25:08,500.0,12.5,S
2021-06-04T14:24:58,200.0,12.5,S
2021-06-04T14:24:43,100.0,12.5,S
2021-06-04T14:24:40,200.0,12.5,S
2021-06-04T14:24:37,2000.0,12.5,S
2021-06-04T14:23:54,100.0,12.5,S
2021-06-04T14:23:37,10100.0,12.5,S
2021-06-04T14:23:07,600.0,12.5,S
2021-06-04T14:23:07,900.0,12.5,S
2021-06-04T14:23:04,5000.0,12.5,S
2021-06-04T14:22:46,3800.0,12.5,S
2021-06-04T14:22:42,1000.0,12.5,B
2021-06-04T14:22:41,5000.0,12.5,B
2021-06-04T14:22:38,1000.0,12.5,B
2021-06-04T14:22:36,1500.0,12.5,B
2021-06-04T14:22:32,1000.0,12.5,B
2021-06-04T14:22:30,100.0,12.5,B
2021-06-04T14:22:17,1000.0,12.5,B
2021-06-04T14:22:06,1000.0,12.5,B
2021-06-04T14:21:55,500.0,12.5,B
2021-06-04T14:21:49,100.0,12.5,B
2021-06-04T14:21:38,200.0,12.5,B
2021-06-04T14:21:38,87800.0,12.5,S
2021-06-04T14:21:35,200.0,12.5,S
2021-06-04T14:21:17,100.0,12.5,S
2021-06-04T14:21:13,10900.0,12.5,S
2021-06-04T14:20:54,1700.0,12.5,S
2021-06-04T14:20:50,100.0,12.5,S
2021-06-04T14:20:35,200.0,12.5,S
2021-06-04T14:20:32,5000.0,12.5,S
2021-06-04T14:20:27,500.0,12.5,S
2021-06-04T14:19:46,1000.0,12.5,S
2021-06-04T14:19:34,25400.0,12.5,S
2021-06-04T14:19:25,100.0,12.5,S
2021-06-04T14:19:09,500.0,12.5,S
2021-06-04T14:18:45,2000.0,12.5,S
2021-06-04T14:18:45,600.0,12.5,S
2021-06-04T14:18:43,100.0,12.5,S
2021-06-04T14:18:17,1400.0,12.5,S
2021-06-04T14:17:50,4000.0,12.5,S
2021-06-04T14:17:44,200.0,12.5,S
2021-06-04T14:17:34,2000.0,12.5,S
2021-06-04T14:17:27,3000.0,12.5,S
2021-06-04T14:17:20,300.0,12.5,S
2021-06-04T14:17:06,1500.0,12.5,S
2021-06-04T14:17:04,300.0,12.5,S
2021-06-04T14:17:02,2000.0,12.5,S
2021-06-04T14:16:58,20000.0,12.5,S
2021-06-04T14:16:38,3000.0,12.5,S
2021-06-04T14:16:19,100.0,12.5,S
2021-06-04T14:15:50,200.0,12.5,S
2021-06-04T14:15:39,200.0,12.5,S
2021-06-04T14:15:11,1100.0,12.5,S
2021-06-04T14:15:07,100.0,12.5,S
2021-06-04T14:14:51,900.0,12.5,S
2021-06-04T14:14:43,200.0,12.5,S
2021-06-04T14:14:31,4000.0,12.5,S
2021-06-04T14:14:24,2000.0,12.5,S
2021-06-04T14:14:18,10900.0,12.5,S
2021-06-04T14:14:18,1400.0,12.5,B
2021-06-04T14:14:17,500.0,12.5,B
2021-06-04T14:14:17,400.0,12.5,B
2021-06-04T14:14:11,5000.0,12.5,B
2021-06-04T14:14:10,1500.0,12.5,B
2021-06-04T14:14:07,5000.0,12.5,B
2021-06-04T14:14:06,100.0,12.5,B
2021-06-04T14:14:05,2000.0,12.5,B
2021-06-04T14:14:05,100.0,12.5,B
2021-06-04T14:14:04,11800.0,12.5,B
2021-06-04T14:14:02,10000.0,12.5,B
2021-06-04T14:14:00,12000.0,12.5,B
2021-06-04T14:13:54,1800.0,12.5,B
2021-06-04T14:13:53,6000.0,12.5,B
2021-06-04T14:13:46,600.0,12.5,B
2021-06-04T14:13:45,600.0,12.5,B
2021-06-04T14:13:42,5000.0,12.5,B
2021-06-04T14:13:40,3000.0,12.5,B
2021-06-04T14:13:34,5000.0,12.5,B
2021-06-04T14:13:31,11000.0,12.5,B
2021-06-04T14:13:25,200.0,12.4,S
2021-06-04T14:13:23,300.0,12.5,B
2021-06-04T14:13:21,10000.0,12.5,B
2021-06-04T14:13:18,2000.0,12.5,B
2021-06-04T14:13:13,100.0,12.5,B
2021-06-04T14:13:09,13400.0,12.5,B
2021-06-04T14:13:08,5000.0,12.5,B
2021-06-04T14:13:06,24000.0,12.5,B
2021-06-04T14:12:55,14000.0,12.5,B
2021-06-04T14:12:53,2400.0,12.5,B
2021-06-04T14:12:52,100.0,12.5,B
2021-06-04T14:12:46,1000.0,12.5,B
2021-06-04T14:12:46,2000.0,12.5,B
2021-06-04T14:12:45,5000.0,12.5,B
2021-06-04T14:12:44,2000.0,12.5,B
2021-06-04T14:12:38,100.0,12.5,B
2021-06-04T14:12:27,200.0,12.5,B
2021-06-04T14:12:18,100.0,12.5,B
2021-06-04T14:12:15,100.0,12.5,B
2021-06-04T14:12:12,400.0,12.5,B
2021-06-04T14:12:05,100.0,12.5,B
2021-06-04T14:11:59,200.0,12.5,B
2021-06-04T14:11:55,900.0,12.5,B
2021-06-04T14:11:54,1700.0,12.5,B
2021-06-04T14:11:51,300.0,12.5,B
2021-06-04T14:11:51,1300.0,12.5,B
2021-06-04T14:11:46,4000.0,12.5,B
2021-06-04T14:11:44,2000.0,12.5,B
2021-06-04T14:11:44,1500.0,12.5,B
2021-06-04T14:11:30,500.0,12.5,B
2021-06-04T14:11:27,100.0,12.5,B
2021-06-04T14:11:20,3000.0,12.5,B
2021-06-04T14:11:19,6000.0,12.5,B
2021-06-04T14:11:11,5000.0,12.5,B
2021-06-04T14:11:11,1000.0,12.5,B
2021-06-04T14:11:09,500.0,12.5,B
2021-06-04T14:10:59,1000.0,12.5,B
2021-06-04T14:10:55,2800.0,12.5,B
2021-06-04T14:10:54,1800.0,12.5,B
2021-06-04T14:10:50,200.0,12.5,B
2021-06-04T14:10:49,2000.0,12.5,B
2021-06-04T14:10:47,3000.0,12.5,B
2021-06-04T14:10:41,500.0,12.5,B
2021-06-04T14:10:39,500.0,12.5,B
2021-06-04T14:10:35,500.0,12.5,B
2021-06-04T14:10:33,5200.0,12.5,B
2021-06-04T14:10:32,1000.0,12.5,B
2021-06-04T14:10:32,1000.0,12.5,B
2021-06-04T14:10:31,1000.0,12.5,B
2021-06-04T14:10:29,200.0,12.5,B
2021-06-04T14:10:21,100.0,12.5,B
2021-06-04T14:10:18,33800.0,12.5,B
2021-06-04T14:10:12,9000.0,12.5,B
2021-06-04T14:10:07,100.0,12.5,B
2021-06-04T14:10:00,2000.0,12.5,B
2021-06-04T14:09:54,35000.0,12.5,B
2021-06-04T14:09:51,34500.0,12.5,B
2021-06-04T14:09:47,4000.0,12.5,B
2021-06-04T14:09:43,100.0,12.5,B
2021-06-04T14:09:42,3000.0,12.5,B
2021-06-04T14:09:40,1000.0,12.5,B
2021-06-04T14:09:34,2000.0,12.5,B
2021-06-04T14:09:33,1000.0,12.5,B
2021-06-04T14:09:33,50000.0,12.5,B
2021-06-04T14:09:32,600.0,12.5,B
2021-06-04T14:09:31,3600.0,12.4,S
2021-06-04T14:09:18,10000.0,12.5,B
2021-06-04T14:09:12,4000.0,12.5,B
2021-06-04T14:09:10,5000.0,12.5,B
2021-06-04T14:09:06,19100.0,12.4,S
2021-06-04T14:09:02,500.0,12.5,B
2021-06-04T14:09:01,1000.0,12.5,B
2021-06-04T14:08:49,14000.0,12.5,B
2021-06-04T14:08:47,200.0,12.5,B
2021-06-04T14:08:42,300.0,12.5,B
2021-06-04T14:08:41,1500.0,12.5,B
2021-06-04T14:08:40,2000.0,12.4,S
2021-06-04T14:08:39,3000.0,12.5,B
2021-06-04T14:08:33,9000.0,12.5,B
2021-06-04T14:08:23,80200.0,12.5,B
2021-06-04T14:08:22,200.0,12.4,S
2021-06-04T14:08:20,500.0,12.5,B
2021-06-04T14:08:16,2700.0,12.5,B
2021-06-04T14:08:14,4000.0,12.5,B
2021-06-04T14:08:06,700.0,12.5,B
2021-06-04T14:08:04,100.0,12.5,B
2021-06-04T14:08:02,200.0,12.5,B
2021-06-04T14:07:56,7900.0,12.5,B
2021-06-04T14:07:51,100.0,12.5,B
2021-06-04T14:07:48,800.0,12.5,B
2021-06-04T14:07:43,5000.0,12.5,B
2021-06-04T14:07:35,1100.0,12.5,B
2021-06-04T14:07:13,100.0,12.5,B
2021-06-04T14:07:08,500.0,12.4,S
2021-06-04T14:07:01,3900.0,12.4,B
2021-06-04T14:06:58,2000.0,12.4,B
2021-06-04T14:06:58,2000.0,12.4,B
2021-06-04T14:06:56,200.0,12.4,B
2021-06-04T14:06:50,1000.0,12.4,B
2021-06-04T14:06:36,200.0,12.4,B
2021-06-04T14:06:33,5500.0,12.4,B
2021-06-04T14:06:31,8000.0,12.4,B
2021-06-04T14:06:30,2500.0,12.4,B
2021-06-04T14:06:29,5000.0,12.4,B
2021-06-04T14:06:28,300.0,12.4,B
2021-06-04T14:06:26,2000.0,12.4,B
2021-06-04T14:06:24,100.0,12.4,B
2021-06-04T14:06:24,100.0,12.4,B
2021-06-04T14:06:20,2000.0,12.4,B
2021-06-04T14:06:19,20000.0,12.4,B
2021-06-04T14:06:11,500.0,12.4,B
2021-06-04T14:06:07,2000.0,12.4,B
2021-06-04T14:06:06,1700.0,12.4,B
2021-06-04T14:06:06,1000.0,12.4,B
2021-06-04T14:06:01,200.0,12.4,B
2021-06-04T14:06:00,200.0,12.3,S
2021-06-04T14:05:54,1000.0,12.4,B
2021-06-04T14:05:52,500.0,12.4,B
2021-06-04T14:05:48,19000.0,12.4,B
2021-06-04T14:05:42,500.0,12.4,B
2021-06-04T14:05:40,12300.0,12.4,B
2021-06-04T14:05:36,2000.0,12.4,B
2021-06-04T14:05:34,400.0,12.4,B
2021-06-04T14:05:31,2000.0,12.4,B
2021-06-04T14:05:23,2000.0,12.4,B
2021-06-04T14:05:21,3000.0,12.4,B
2021-06-04T14:05:18,2000.0,12.4,B
2021-06-04T14:05:14,6000.0,12.4,B
2021-06-04T14:05:12,300.0,12.4,B
2021-06-04T14:05:10,2700.0,12.4,B
2021-06-04T14:05:07,10000.0,12.4,B
2021-06-04T14:05:05,1000.0,12.3,S
2021-06-04T14:04:56,6000.0,12.4,B
2021-06-04T14:04:51,2000.0,12.4,B
2021-06-04T14:04:41,300.0,12.4,B
2021-06-04T14:04:27,200.0,12.4,B
2021-06-04T14:04:16,5000.0,12.4,B
2021-06-04T14:04:16,500.0,12.4,B
2021-06-04T14:03:54,2000.0,12.4,B
2021-06-04T14:03:50,1000.0,12.4,B
2021-06-04T14:03:46,6500.0,12.4,B
2021-06-04T14:03:39,100.0,12.4,B
2021-06-04T14:03:33,500.0,12.4,B
2021-06-04T14:03:29,4400.0,12.4,B
2021-06-04T14:03:26,100.0,12.4,B
2021-06-04T14:03:24,20000.0,12.4,B
2021-06-04T14:03:18,1000.0,12.4,B
2021-06-04T14:03:13,200.0,12.4,B
2021-06-04T14:03:10,100.0,12.3,S
2021-06-04T14:03:02,10000.0,12.3,S
2021-06-04T14:03:00,2500.0,12.4,B
2021-06-04T14:02:57,1000.0,12.4,B
2021-06-04T14:02:49,100.0,12.4,B
2021-06-04T14:02:46,2000.0,12.4,B
2021-06-04T14:02:45,1000.0,12.4,B
2021-06-04T14:02:21,200.0,12.4,B
2021-06-04T14:02:02,7000.0,12.3,S
2021-06-04T14:01:49,200.0,12.3,S
2021-06-04T14:01:37,400.0,12.3,S
2021-06-04T14:01:34,2100.0,12.3,B
2021-06-04T14:01:31,1000.0,12.3,B
2021-06-04T14:01:22,200.0,12.3,B
2021-06-04T14:01:22,6900.0,12.3,B
2021-06-04T14:01:21,100.0,12.4,B
2021-06-04T14:01:17,1000.0,12.3,S
2021-06-04T14:01:04,10000.0,12.3,S
2021-06-04T14:00:59,600.0,12.3,S
2021-06-04T14:00:48,700.0,12.3,S
2021-06-04T14:00:44,1400.0,12.3,B
2021-06-04T14:00:40,1000.0,12.3,B
2021-06-04T14:00:37,100.0,12.3,B
2021-06-04T14:00:35,2000.0,12.3,B
2021-06-04T14:00:30,7600.0,12.3,S
2021-06-04T14:00:29,100.0,12.4,B
2021-06-04T14:00:28,2400.0,12.3,S
2021-06-04T14:00:28,27600.0,12.3,S
2021-06-04T14:00:03,500.0,12.3,S
2021-06-04T14:00:01,10000.0,12.3,S
2021-06-04T13:59:58,3000.0,12.4,B
2021-06-04T13:59:49,1000.0,12.4,B
2021-06-04T13:59:41,5000.0,12.4,B
2021-06-04T13:59:40,100.0,12.4,B
2021-06-04T13:59:39,1500.0,12.4,B
2021-06-04T13:59:37,100.0,12.4,B
2021-06-04T13:59:35,800.0,12.4,B
2021-06-04T13:59:34,1000.0,12.4,B
2021-06-04T13:59:25,100.0,12.4,B
2021-06-04T13:59:20,5000.0,12.4,B
2021-06-04T13:59:16,1000.0,12.4,B
2021-06-04T13:59:13,1100.0,12.4,B
2021-06-04T13:59:05,100.0,12.4,B
2021-06-04T13:59:03,2000.0,12.4,B
2021-06-04T13:59:03,4600.0,12.4,B
2021-06-04T13:59:02,1200.0,12.4,B
2021-06-04T13:59:00,53800.0,12.4,S
2021-06-04T13:58:46,2500.0,12.5,B
2021-06-04T13:58:37,500.0,12.5,B
2021-06-04T13:58:32,200.0,12.5,B
2021-06-04T13:58:30,4000.0,12.5,B
2021-06-04T13:58:19,800.0,12.5,B
2021-06-04T13:58:10,100.0,12.5,B
2021-06-04T13:58:06,100.0,12.5,B
2021-06-04T13:58:05,1500.0,12.5,B
2021-06-04T13:57:58,1500.0,12.4,S
2021-06-04T13:57:54,3000.0,12.5,B
2021-06-04T13:57:52,1000.0,12.5,B
2021-06-04T13:57:30,1000.0,12.5,B
2021-06-04T13:57:29,300.0,12.5,B
2021-06-04T13:57:24,5000.0,12.5,B
2021-06-04T13:57:19,3000.0,12.5,B
2021-06-04T13:56:58,2000.0,12.5,B
2021-06-04T13:56:52,1400.0,12.5,B
2021-06-04T13:56:44,100.0,12.4,S
2021-06-04T13:56:42,300.0,12.4,S
2021-06-04T13:56:31,10000.0,12.4,S
2021-06-04T13:56:31,100000.0,12.5,B
2021-06-04T13:56:30,1000.0,12.4,S
2021-06-04T13:56:28,1700.0,12.5,B
2021-06-04T13:56:22,400.0,12.5,B
2021-06-04T13:56:20,5000.0,12.5,B
2021-06-04T13:56:11,900.0,12.4,S
2021-06-04T13:56:11,1400.0,12.4,B
2021-06-04T13:56:10,1000.0,12.4,B
2021-06-04T13:56:03,100.0,12.4,B
2021-06-04T13:56:02,2000.0,12.4,B
2021-06-04T13:55:55,5000.0,12.4,B
2021-06-04T13:55:54,9900.0,12.4,S
2021-06-04T13:55:41,10000.0,12.4,S
2021-06-04T13:55:36,1000.0,12.5,B
2021-06-04T13:55:26,8000.0,12.5,B
2021-06-04T13:55:26,8800.0,12.5,B
2021-06-04T13:55:19,800.0,12.5,B
2021-06-04T13:55:18,500.0,12.4,S
2021-06-04T13:55:08,500.0,12.5,B
2021-06-04T13:55:06,20000.0,12.4,S
2021-06-04T13:55:04,30000.0,12.5,B
2021-06-04T13:55:02,100.0,12.4,S
2021-06-04T13:54:35,3000.0,12.5,B
2021-06-04T13:54:32,600.0,12.5,B
2021-06-04T13:54:28,15700.0,12.5,B
2021-06-04T13:54:26,1000.0,12.4,S
2021-06-04T13:54:14,200.0,12.5,B
2021-06-04T13:54:11,50000.0,12.5,B
2021-06-04T13:54:08,9100.0,12.4,S
2021-06-04T13:53:59,1000.0,12.4,S
2021-06-04T13:53:56,9900.0,12.4,B
2021-06-04T13:53:55,2000.0,12.4,B
2021-06-04T13:53:53,100.0,12.4,B
2021-06-04T13:53:50,500.0,12.4,B
2021-06-04T13:53:49,200.0,12.4,B
2021-06-04T13:53:41,2000.0,12.4,B
2021-06-04T13:53:40,2000.0,12.4,B
2021-06-04T13:53:37,100.0,12.4,B
2021-06-04T13:53:36,5700.0,12.4,B
2021-06-04T13:53:35,400.0,12.4,B
2021-06-04T13:53:32,5000.0,12.4,B
2021-06-04T13:53:22,1000.0,12.4,B
2021-06-04T13:53:18,3600.0,12.4,B
2021-06-04T13:53:14,30000.0,12.3,S
2021-06-04T13:52:59,26500.0,12.4,B
2021-06-04T13:52:54,2000.0,12.4,B
2021-06-04T13:52:49,500.0,12.4,B
2021-06-04T13:52:47,3000.0,12.4,B
2021-06-04T13:52:46,100.0,12.4,B
2021-06-04T13:52:40,1000.0,12.4,B
2021-06-04T13:52:38,1000.0,12.3,S
2021-06-04T13:52:35,1000.0,12.4,B
2021-06-04T13:52:34,6500.0,12.4,B
2021-06-04T13:52:31,2500.0,12.5,B
2021-06-04T13:52:24,4600.0,12.4,B
2021-06-04T13:52:16,5000.0,12.3,S
2021-06-04T13:52:14,100.0,12.4,S
2021-06-04T13:52:07,1000.0,12.5,B
2021-06-04T13:52:03,200.0,12.5,B
2021-06-04T13:51:59,10000.0,12.5,B
2021-06-04T13:51:58,1000.0,12.4,B
2021-06-04T13:51:56,18100.0,12.4,S
2021-06-04T13:51:55,3000.0,12.5,B
2021-06-04T13:51:53,1000.0,12.4,S
2021-06-04T13:51:50,2000.0,12.5,B
2021-06-04T13:51:48,500.0,12.5,B
2021-06-04T13:51:45,500.0,12.5,B
2021-06-04T13:51:39,200.0,12.5,B
2021-06-04T13:51:39,100.0,12.5,B
2021-06-04T13:51:38,300.0,12.5,B
2021-06-04T13:51:38,300.0,12.5,B
2021-06-04T13:51:37,500.0,12.5,B
2021-06-04T13:51:33,3500.0,12.5,B
2021-06-04T13:51:30,500.0,12.5,B
2021-06-04T13:51:23,8000.0,12.5,B
2021-06-04T13:51:22,5000.0,12.4,S
2021-06-04T13:51:14,300.0,12.5,B
2021-06-04T13:51:04,800.0,12.5,B
2021-06-04T13:51:01,4500.0,12.5,B
2021-06-04T13:50:52,100.0,12.5,B
2021-06-04T13:50:42,1100.0,12.5,B
2021-06-04T13:50:39,1800.0,12.4,S
2021-06-04T13:50:39,1000.0,12.4,B
2021-06-04T13:50:38,2200.0,12.4,B
2021-06-04T13:50:33,500.0,12.4,S
2021-06-04T13:50:30,2700.0,12.5,B
2021-06-04T13:50:29,1000.0,12.4,S
2021-06-04T13:50:20,100.0,12.4,B
2021-06-04T13:50:19,1000.0,12.4,B
2021-06-04T13:50:19,12100.0,12.4,B
2021-06-04T13:50:16,5000.0,12.4,B
2021-06-04T13:50:14,6000.0,12.4,B
2021-06-04T13:49:59,1000.0,12.3,S
2021-06-04T13:49:58,5100.0,12.3,B
2021-06-04T13:49:57,1200.0,12.3,B
2021-06-04T13:49:53,500.0,12.3,B
2021-06-04T13:49:53,1000.0,12.3,B
2021-06-04T13:49:49,1200.0,12.2,S
2021-06-04T13:49:48,4000.0,12.3,B
2021-06-04T13:49:32,500.0,12.2,S
2021-06-04T13:49:25,14500.0,12.2,B
2021-06-04T13:49:23,2000.0,12.2,B
2021-06-04T13:49:19,5000.0,12.2,B
2021-06-04T13:49:15,10000.0,12.2,B
2021-06-04T13:49:13,800.0,12.1,S
2021-06-04T13:49:10,1000.0,12.2,B
2021-06-04T13:49:03,300.0,12.2,B
2021-06-04T13:49:01,5000.0,12.2,B
2021-06-04T13:48:34,500.0,12.2,B
2021-06-04T13:48:33,3800.0,12.2,B
2021-06-04T13:48:32,2800.0,12.1,S
2021-06-04T13:48:31,3900.0,12.1,S
2021-06-04T13:48:27,100.0,12.1,S
2021-06-04T13:48:21,20000.0,12.1,B
2021-06-04T13:48:21,100.0,12.1,B
2021-06-04T13:48:18,1000.0,12.1,B
2021-06-04T13:48:01,5000.0,12.1,B
2021-06-04T13:47:57,200.0,12.1,B
2021-06-04T13:47:53,85100.0,12.0,B
2021-06-04T13:47:48,10000.0,12.0,B
2021-06-04T13:47:43,50000.0,12.0,B
2021-06-04T13:47:40,6000.0,12.0,B
2021-06-04T13:47:40,2600.0,12.0,B
2021-06-04T13:47:36,5000.0,12.0,B
2021-06-04T13:47:34,300.0,12.0,B
2021-06-04T13:47:33,1000.0,12.0,B
2021-06-04T13:47:32,100.0,12.0,B
2021-06-04T13:47:29,10000.0,12.0,B
2021-06-04T13:47:27,2000.0,12.0,B
2021-06-04T13:47:15,500.0,12.0,B
2021-06-04T13:47:09,2500.0,12.0,B
2021-06-04T13:47:06,800.0,12.0,B
2021-06-04T13:47:05,5000.0,12.0,B
2021-06-04T13:47:01,100.0,11.9,S
2021-06-04T13:47:00,5000.0,12.0,B
2021-06-04T13:46:59,300.0,12.0,B
2021-06-04T13:46:54,100.0,12.0,B
2021-06-04T13:46:53,200.0,12.0,B
2021-06-04T13:46:49,50000.0,12.0,B
2021-06-04T13:46:48,1000.0,12.0,B
2021-06-04T13:46:48,1100.0,12.0,B
2021-06-04T13:46:38,1000.0,12.0,B
2021-06-04T13:46:35,3000.0,12.0,B
2021-06-04T13:46:34,3000.0,11.9,S
2021-06-04T13:46:26,109100.0,12.0,B
2021-06-04T13:46:17,1000.0,11.9,S
2021-06-04T13:46:16,1000.0,11.9,S
2021-06-04T13:45:58,1100.0,11.9,S
2021-06-04T13:45:53,100.0,11.9,S
2021-06-04T13:45:37,9600.0,11.9,B
2021-06-04T13:45:26,200.0,11.9,B
2021-06-04T13:45:23,3000.0,11.9,B
2021-06-04T13:45:17,5000.0,11.9,B
2021-06-04T13:45:16,4400.0,11.9,B
2021-06-04T13:45:07,10000.0,11.9,B
2021-06-04T13:45:02,300.0,11.9,B
2021-06-04T13:45:01,200.0,11.8,S
2021-06-04T13:44:52,5000.0,11.9,B
2021-06-04T13:44:50,10000.0,11.9,B
2021-06-04T13:44:50,1000.0,11.9,B
2021-06-04T13:44:45,4000.0,11.9,B
2021-06-04T13:44:43,1000.0,11.9,B
2021-06-04T13:44:42,1100.0,11.9,B
2021-06-04T13:44:40,5000.0,11.9,B
2021-06-04T13:44:39,2000.0,11.9,B
2021-06-04T13:44:39,1000.0,11.9,B
2021-06-04T13:44:38,3000.0,11.9,B
2021-06-04T13:44:31,2000.0,11.9,B
2021-06-04T13:44:13,1000.0,11.9,B
2021-06-04T13:44:03,90700.0,11.8,B
2021-06-04T13:44:02,500.0,11.8,B
2021-06-04T13:44:01,1200.0,11.8,B
2021-06-04T13:43:59,1600.0,11.8,B
2021-06-04T13:43:45,400.0,11.8,B
2021-06-04T13:43:44,500.0,11.8,B
2021-06-04T13:43:41,2000.0,11.8,B
2021-06-04T13:43:39,500.0,11.8,B
2021-06-04T13:43:38,5600.0,11.8,B
2021-06-04T13:43:37,2000.0,11.8,B
2021-06-04T13:43:35,1000.0,11.8,B
2021-06-04T13:43:27,30000.0,11.8,B
2021-06-04T13:43:26,1100.0,11.8,B
2021-06-04T13:43:15,1500.0,11.8,B
2021-06-04T13:43:05,5000.0,11.8,B
2021-06-04T13:43:04,2000.0,11.8,B
2021-06-04T13:43:03,2000.0,11.8,B
2021-06-04T13:42:31,3000.0,11.8,B
2021-06-04T13:42:26,2000.0,11.8,B
2021-06-04T13:42:20,1000.0,11.7,S
2021-06-04T13:42:11,3000.0,11.8,B
2021-06-04T13:42:07,500.0,11.7,S
2021-06-04T13:42:01,2000.0,11.7,S
2021-06-04T13:41:58,4100.0,11.7,B
2021-06-04T13:41:53,1000.0,11.7,B
2021-06-04T13:41:43,100000.0,11.7,B
2021-06-04T13:41:33,100.0,11.6,S
2021-06-04T13:41:28,800.0,11.7,B
2021-06-04T13:40:22,200.0,11.6,S
2021-06-04T13:40:07,3000.0,11.7,B
2021-06-04T13:40:06,1000.0,11.7,B
2021-06-04T13:39:54,400.0,11.7,B
2021-06-04T13:39:10,300.0,11.7,B
2021-06-04T13:39:08,2000.0,11.6,S
2021-06-04T13:38:35,2000.0,11.6,S
2021-06-04T13:38:22,100.0,11.6,S
2021-06-04T13:38:05,200.0,11.6,S
2021-06-04T13:37:55,1000.0,11.6,S
2021-06-04T13:37:50,20000.0,11.6,S
2021-06-04T13:37:18,1000.0,11.6,S
2021-06-04T13:37:07,1000.0,11.6,S
2021-06-04T13:36:51,7600.0,11.6,B
2021-06-04T13:36:50,45500.0,11.6,B
2021-06-04T13:36:47,2000.0,11.6,B
2021-06-04T13:36:41,500.0,11.6,B
2021-06-04T13:36:29,15000.0,11.6,B
2021-06-04T13:36:25,100.0,11.6,B
2021-06-04T13:35:50,1000.0,11.6,B
2021-06-04T13:35:31,2000.0,11.6,B
2021-06-04T13:35:10,1000.0,11.6,B
2021-06-04T13:35:05,800.0,11.5,S
2021-06-04T13:35:05,1000.0,11.6,B
2021-06-04T13:33:26,2000.0,11.6,B
2021-06-04T13:33:24,10100.0,11.6,B
2021-06-04T13:32:56,2000.0,11.6,B
2021-06-04T13:32:19,3000.0,11.6,B
2021-06-04T13:32:00,200.0,11.6,B
2021-06-04T13:31:40,1600.0,11.5,B
2021-06-04T13:31:34,300.0,11.5,B
2021-06-04T13:30:45,3000.0,11.5,B
2021-06-04T13:30:29,1700.0,11.5,B
2021-06-04T13:30:21,100.0,11.5,B
2021-06-04T13:30:06,15300.0,11.5,S
2021-06-04T13:29:57,400.0,11.5,S
2021-06-04T13:29:23,1000.0,11.5,S
2021-06-04T13:29:19,400.0,11.5,S
2021-06-04T13:29:04,500.0,11.5,S
2021-06-04T13:28:49,10000.0,11.5,S
2021-06-04T13:28:24,500.0,11.5,S
2021-06-04T13:27:58,300.0,11.5,S
2021-06-04T13:27:48,100.0,11.6,B
2021-06-04T13:27:35,17300.0,11.5,S
2021-06-04T13:27:19,200.0,11.6,B
2021-06-04T13:27:13,800.0,11.5,S
2021-06-04T13:26:36,200.0,11.5,S
2021-06-04T13:26:20,500.0,11.5,S
2021-06-04T13:25:41,2100.0,11.5,S
2021-06-04T13:24:34,1500.0,11.5,S
2021-06-04T13:23:50,13000.0,11.5,S
2021-06-04T13:23:36,700.0,11.5,S
2021-06-04T13:23:24,300.0,11.5,S
2021-06-04T13:22:58,6000.0,11.5,S
2021-06-04T13:22:40,400.0,11.5,B
2021-06-04T13:22:37,1000.0,11.5,B
2021-06-04T13:22:30,10000.0,11.5,B
2021-06-04T13:22:25,2000.0,11.5,B
2021-06-04T13:22:20,1000.0,11.5,B
2021-06-04T13:22:13,500.0,11.5,B
2021-06-04T13:21:39,500.0,11.5,B
2021-06-04T13:21:37,500.0,11.5,B
2021-06-04T13:21:13,2000.0,11.5,B
2021-06-04T13:21:01,3900.0,11.5,S
2021-06-04T13:20:14,200.0,11.5,S
2021-06-04T13:20:00,500.0,11.5,S
2021-06-04T13:20:00,1000.0,11.5,S
2021-06-04T13:19:11,4000.0,11.5,S
2021-06-04T13:18:19,5000.0,11.5,S
2021-06-04T13:17:48,1000.0,11.5,S
2021-06-04T13:17:43,100.0,11.6,B
2021-06-04T13:17:30,6800.0,11.5,S
2021-06-04T13:17:23,1000.0,11.5,S
2021-06-04T13:16:40,7400.0,11.5,B
2021-06-04T13:16:40,1000.0,11.5,B
2021-06-04T13:16:29,200.0,11.5,B
2021-06-04T13:16:27,500.0,11.5,B
2021-06-04T13:16:18,400.0,11.5,B
2021-06-04T13:16:16,3000.0,11.5,B
2021-06-04T13:16:13,5000.0,11.5,B
2021-06-04T13:16:09,500.0,11.5,B
2021-06-04T13:16:08,10000.0,11.5,B
2021-06-04T13:15:55,10000.0,11.5,B
2021-06-04T13:15:52,2000.0,11.5,B
2021-06-04T13:15:51,10000.0,11.5,B
2021-06-04T13:15:47,8000.0,11.5,B
2021-06-04T13:15:23,10000.0,11.5,B
2021-06-04T13:15:20,20000.0,11.5,B
2021-06-04T13:15:17,100.0,11.5,B
2021-06-04T13:14:29,700.0,11.5,B
2021-06-04T13:13:53,400.0,11.5,B
2021-06-04T13:13:17,300.0,11.5,B
2021-06-04T13:12:48,100.0,11.5,B
2021-06-04T13:12:19,100.0,11.5,B
2021-06-04T13:11:26,8100.0,11.4,S
2021-06-04T13:11:18,16900.0,11.4,S
2021-06-04T13:11:04,100.0,11.4,S
2021-06-04T13:10:47,1000.0,11.4,S
2021-06-04T13:10:40,1000.0,11.5,B
2021-06-04T13:10:11,800.0,11.4,S
2021-06-04T13:09:48,100.0,11.4,S
2021-06-04T13:09:37,300.0,11.4,S
2021-06-04T13:09:26,200.0,11.4,S
2021-06-04T13:08:35,5000.0,11.4,B
2021-06-04T13:08:27,3500.0,11.4,B
2021-06-04T13:08:21,10000.0,11.4,B
2021-06-04T13:08:20,5000.0,11.3,S
2021-06-04T13:07:46,200.0,11.3,S
2021-06-04T13:07:22,1000.0,11.3,S
2021-06-04T13:07:03,18400.0,11.4,S
2021-06-04T13:06:21,1000.0,11.4,S
2021-06-04T13:05:47,700.0,11.4,S
2021-06-04T13:05:45,2000.0,11.5,B
2021-06-04T13:05:42,10000.0,11.4,S
2021-06-04T13:05:18,3000.0,11.4,S
2021-06-04T13:05:01,2000.0,11.4,S
2021-06-04T13:04:36,1000.0,11.4,S
2021-06-04T13:03:46,1000.0,11.4,S
2021-06-04T13:03:26,200.0,11.4,S
2021-06-04T13:02:54,2000.0,11.4,S
2021-06-04T13:02:48,7700.0,11.4,S
2021-06-04T13:02:18,200.0,11.4,S
2021-06-04T13:01:43,500.0,11.4,S
2021-06-04T13:01:01,400.0,11.4,S
2021-06-04T13:00:36,1000.0,11.4,S
2021-06-04T13:00:32,1500.0,11.4,B
2021-06-04T13:00:32,1500.0,11.4,B
2021-06-04T13:00:30,3500.0,11.4,B
2021-06-04T13:00:26,1400.0,11.4,B
2021-06-04T13:00:26,2400.0,11.4,B
2021-06-04T13:00:20,2700.0,11.4,S
2021-06-04T13:00:13,100.0,11.5,B
2021-06-04T11:29:21,2000.0,11.4,S
2021-06-04T11:29:03,1000.0,11.5,B
2021-06-04T11:27:57,1000.0,11.5,B
2021-06-04T11:27:41,100.0,11.4,S
2021-06-04T11:27:09,300.0,11.4,S
2021-06-04T11:27:07,500.0,11.5,B
2021-06-04T11:26:30,500.0,11.4,S
2021-06-04T11:26:23,5000.0,11.4,S
2021-06-04T11:26:14,100.0,11.5,B
2021-06-04T11:25:51,1000.0,11.4,S
2021-06-04T11:25:13,500.0,11.5,B
2021-06-04T11:24:02,800.0,11.4,B
2021-06-04T11:23:52,200.0,11.4,B
2021-06-04T11:23:36,500.0,11.4,B
2021-06-04T11:23:18,5000.0,11.4,B
2021-06-04T11:21:45,2000.0,11.4,B
2021-06-04T11:21:07,9000.0,11.4,B
2021-06-04T11:20:08,500.0,11.4,B
2021-06-04T11:20:02,1000.0,11.4,B
2021-06-04T11:19:56,200.0,11.4,B
2021-06-04T11:19:17,10200.0,11.4,S
2021-06-04T11:19:11,200.0,11.5,B
2021-06-04T11:17:58,1000.0,11.5,B
2021-06-04T11:17:57,500.0,11.5,B
2021-06-04T11:17:49,50000.0,11.4,S
2021-06-04T11:17:24,200.0,11.5,B
2021-06-04T11:17:00,500.0,11.4,S
2021-06-04T11:16:52,1000.0,11.4,S
2021-06-04T11:16:41,5000.0,11.4,S
2021-06-04T11:16:30,500.0,11.4,S
2021-06-04T11:16:28,500.0,11.4,S
2021-06-04T11:15:48,300.0,11.4,S
2021-06-04T11:14:44,30000.0,11.4,S
2021-06-04T11:14:41,1000.0,11.5,S
2021-06-04T11:13:59,1000.0,11.5,S
2021-06-04T11:13:47,1000.0,11.5,S
2021-06-04T11:13:16,1000.0,11.5,S
2021-06-04T11:12:46,3100.0,11.5,B
2021-06-04T11:12:34,4900.0,11.5,S
2021-06-04T11:12:33,2000.0,11.5,S
2021-06-04T11:12:00,100.0,11.5,S
2021-06-04T11:11:57,100.0,11.5,S
2021-06-04T11:11:52,500.0,11.5,S
2021-06-04T11:11:39,100.0,11.5,S
2021-06-04T11:11:16,10000.0,11.6,B
2021-06-04T11:11:14,1000.0,11.5,S
2021-06-04T11:10:50,500.0,11.5,S
2021-06-04T11:10:06,200.0,11.5,S
2021-06-04T11:09:58,1000.0,11.5,S
2021-06-04T11:09:46,1000.0,11.5,S
2021-06-04T11:09:44,3000.0,11.5,S
2021-06-04T11:09:43,1000.0,11.5,S
2021-06-04T11:09:24,2000.0,11.5,S
2021-06-04T11:09:13,10000.0,11.5,S
2021-06-04T11:09:06,200.0,11.5,S
2021-06-04T11:08:09,200.0,11.5,S
2021-06-04T11:07:48,200.0,11.6,B
2021-06-04T11:07:22,200.0,11.6,B
2021-06-04T11:07:20,100.0,11.6,B
2021-06-04T11:07:01,5000.0,11.6,B
2021-06-04T11:06:57,300.0,11.6,B
2021-06-04T11:06:40,2500.0,11.6,B
2021-06-04T11:06:35,1000.0,11.6,B
2021-06-04T11:05:50,5000.0,11.6,B
2021-06-04T11:05:49,500.0,11.6,B
2021-06-04T11:05:37,1200.0,11.6,B
2021-06-04T11:05:15,1000.0,11.6,B
2021-06-04T11:05:08,100.0,11.5,S
2021-06-04T11:05:00,300.0,11.5,S
2021-06-04T11:04:50,500.0,11.5,S
2021-06-04T11:04:22,500.0,11.5,B
2021-06-04T11:04:18,1500.0,11.5,S
2021-06-04T11:04:00,1300.0,11.5,S
2021-06-04T11:03:59,2700.0,11.5,S
2021-06-04T11:03:36,1000.0,11.5,B
2021-06-04T11:03:16,10000.0,11.4,S
2021-06-04T11:02:43,10000.0,11.4,S
2021-06-04T11:02:37,100.0,11.5,S
2021-06-04T11:02:28,2000.0,11.5,B
2021-06-04T11:02:25,200.0,11.4,S
2021-06-04T11:02:17,2000.0,11.5,B
2021-06-04T11:02:09,100.0,11.5,B
2021-06-04T11:01:50,300.0,11.4,S
2021-06-04T11:01:38,1300.0,11.4,S
2021-06-04T11:01:29,900.0,11.5,B
2021-06-04T11:01:24,100.0,11.5,B
2021-06-04T11:01:20,100.0,11.5,B
2021-06-04T11:01:17,300.0,11.5,B
2021-06-04T11:01:17,500.0,11.5,S
2021-06-04T11:01:14,10000.0,11.5,S
2021-06-04T11:01:00,10000.0,11.5,S
2021-06-04T11:00:51,100.0,11.6,B
2021-06-04T11:00:44,5000.0,11.5,S
2021-06-04T10:59:51,1000.0,11.6,B
2021-06-04T10:59:30,8400.0,11.6,S
2021-06-04T10:59:26,500.0,11.7,B
2021-06-04T10:59:17,400.0,11.7,B
2021-06-04T10:58:47,100.0,11.7,B
2021-06-04T10:58:47,2000.0,11.7,B
2021-06-04T10:58:37,5000.0,11.7,B
2021-06-04T10:58:32,500.0,11.7,B
2021-06-04T10:58:28,300.0,11.7,B
2021-06-04T10:58:07,1000.0,11.7,B
2021-06-04T10:57:59,30000.0,11.7,B
2021-06-04T10:57:17,100.0,11.7,B
2021-06-04T10:57:16,1000.0,11.7,B
2021-06-04T10:57:01,5000.0,11.7,B
2021-06-04T10:56:50,500.0,11.7,B
2021-06-04T10:56:30,1000.0,11.6,S
2021-06-04T10:56:28,2200.0,11.7,B
2021-06-04T10:56:24,25000.0,11.6,S
2021-06-04T10:56:23,200.0,11.6,S
2021-06-04T10:56:14,11100.0,11.6,S
2021-06-04T10:56:11,700.0,11.7,B
2021-06-04T10:55:55,1000.0,11.7,B
2021-06-04T10:55:48,100.0,11.7,B
2021-06-04T10:55:41,1000.0,11.7,B
2021-06-04T10:55:38,1000.0,11.7,B
2021-06-04T10:55:33,10000.0,11.6,S
2021-06-04T10:55:18,5000.0,11.7,B
2021-06-04T10:54:44,100.0,11.7,B
2021-06-04T10:54:32,2000.0,11.7,B
2021-06-04T10:54:29,2000.0,11.7,B
2021-06-04T10:54:19,600.0,11.7,B
2021-06-04T10:54:03,3100.0,11.7,S
2021-06-04T10:53:46,2400.0,11.7,S
2021-06-04T10:53:45,2000.0,11.7,S
2021-06-04T10:53:35,500.0,11.7,S
2021-06-04T10:53:34,1000.0,11.7,S
2021-06-04T10:53:19,1000.0,11.7,S
2021-06-04T10:53:17,20000.0,11.7,S
2021-06-04T10:53:13,100.0,11.7,S
2021-06-04T10:52:58,5000.0,11.7,S
2021-06-04T10:52:45,4000.0,11.7,S
2021-06-04T10:52:36,100.0,11.7,S
2021-06-04T10:52:15,5000.0,11.7,S
2021-06-04T10:52:09,2000.0,11.7,S
2021-06-04T10:52:05,300.0,11.7,S
2021-06-04T10:51:57,3000.0,11.7,S
2021-06-04T10:51:57,100.0,11.8,B
2021-06-04T10:51:49,800.0,11.7,S
2021-06-04T10:51:45,7800.0,11.7,S
2021-06-04T10:51:43,500.0,11.7,S
2021-06-04T10:51:42,900.0,11.7,B
2021-06-04T10:51:39,3200.0,11.7,B
2021-06-04T10:51:32,2000.0,11.6,S
2021-06-04T10:51:30,2500.0,11.7,B
2021-06-04T10:51:30,10000.0,11.7,B
2021-06-04T10:51:27,100.0,11.6,S
2021-06-04T10:51:04,500.0,11.6,S
2021-06-04T10:50:47,2000.0,11.7,B
2021-06-04T10:50:43,3000.0,11.7,B
2021-06-04T10:50:37,1400.0,11.7,B
2021-06-04T10:50:33,10000.0,11.7,B
2021-06-04T10:50:25,500.0,11.7,B
2021-06-04T10:50:15,1500.0,11.7,B
2021-06-04T10:50:15,2000.0,11.7,B
2021-06-04T10:50:07,1000.0,11.7,B
2021-06-04T10:50:07,4800.0,11.7,B
2021-06-04T10:50:02,1000.0,11.7,B
2021-06-04T10:50:00,200.0,11.7,B
2021-06-04T10:49:57,500.0,11.7,B
2021-06-04T10:49:55,500.0,11.7,B
2021-06-04T10:49:54,100.0,11.7,B
2021-06-04T10:49:38,100.0,11.7,B
2021-06-04T10:49:35,5000.0,11.7,B
2021-06-04T10:49:30,2500.0,11.7,B
2021-06-04T10:49:24,400.0,11.7,B
2021-06-04T10:49:23,200.0,11.7,B
2021-06-04T10:49:20,100.0,11.7,B
2021-06-04T10:49:20,2000.0,11.7,B
2021-06-04T10:49:19,1300.0,11.7,B
2021-06-04T10:49:11,2000.0,11.7,B
2021-06-04T10:49:07,300.0,11.7,B
2021-06-04T10:49:06,1000.0,11.7,B
2021-06-04T10:49:04,1300.0,11.7,S
2021-06-04T10:48:57,100.0,11.7,S
2021-06-04T10:48:52,4000.0,11.8,B
2021-06-04T10:48:48,200.0,11.7,S
2021-06-04T10:48:42,1000.0,11.6,S
2021-06-04T10:48:15,100.0,11.6,S
2021-06-04T10:48:09,10000.0,11.6,S
2021-06-04T10:47:50,5000.0,11.6,S
2021-06-04T10:47:44,5000.0,11.6,B
2021-06-04T10:47:38,1000.0,11.6,B
2021-06-04T10:47:32,500.0,11.6,B
2021-06-04T10:47:27,100.0,11.6,B
2021-06-04T10:47:09,100000.0,11.8,B
2021-06-04T10:47:00,500.0,11.6,B
2021-06-04T10:46:58,1000.0,11.6,B
2021-06-04T10:46:57,3000.0,11.6,B
2021-06-04T10:46:51,20000.0,11.6,B
2021-06-04T10:46:49,5000.0,11.6,B
2021-06-04T10:46:48,1500.0,11.6,B
2021-06-04T10:46:43,100.0,11.6,B
2021-06-04T10:46:41,500.0,11.6,B
2021-06-04T10:46:40,100.0,11.6,B
2021-06-04T10:46:23,200.0,11.6,B
2021-06-04T10:46:18,1400.0,11.6,B
2021-06-04T10:46:16,100.0,11.6,B
2021-06-04T10:46:15,5000.0,11.6,B
2021-06-04T10:46:03,300.0,11.6,B
2021-06-04T10:46:02,5000.0,11.6,B
2021-06-04T10:46:00,600.0,11.6,B
2021-06-04T10:45:56,100.0,11.6,B
2021-06-04T10:45:43,100.0,11.6,B
2021-06-04T10:45:28,300.0,11.6,B
2021-06-04T10:45:28,500.0,11.6,B
2021-06-04T10:45:27,300.0,11.6,B
2021-06-04T10:45:26,1000.0,11.5,S
2021-06-04T10:45:21,800.0,11.6,B
2021-06-04T10:45:20,5000.0,11.6,B
2021-06-04T10:45:16,200.0,11.6,B
2021-06-04T10:45:15,4000.0,11.6,S
2021-06-04T10:45:05,10000.0,11.7,B
2021-06-04T10:44:50,100.0,11.6,B
2021-06-04T10:44:47,1000.0,11.6,B
2021-06-04T10:44:41,1000.0,11.6,B
2021-06-04T10:44:36,1000.0,11.6,B
2021-06-04T10:44:30,200.0,11.6,B
2021-06-04T10:44:18,700.0,11.6,B
2021-06-04T10:43:56,25000.0,11.6,B
2021-06-04T10:43:54,100.0,11.6,S
2021-06-04T10:43:42,200.0,11.6,S
2021-06-04T10:43:41,100.0,11.6,S
2021-06-04T10:43:30,100.0,11.6,S
2021-06-04T10:43:30,1100.0,11.6,S
2021-06-04T10:43:26,1200.0,11.6,S
2021-06-04T10:43:19,500.0,11.6,S
2021-06-04T10:42:51,1000.0,11.6,S
2021-06-04T10:42:46,100.0,11.6,S
2021-06-04T10:42:46,100.0,11.6,S
2021-06-04T10:42:37,3000.0,11.6,S
2021-06-04T10:42:29,6900.0,11.6,B
2021-06-04T10:42:10,1000.0,11.6,B
2021-06-04T10:42:00,1000.0,11.6,B
2021-06-04T10:41:40,3000.0,11.6,B
2021-06-04T10:41:39,300.0,11.5,S
2021-06-04T10:41:39,20000.0,11.6,B
2021-06-04T10:41:27,300.0,11.6,B
2021-06-04T10:41:13,100.0,11.5,S
2021-06-04T10:41:01,100.0,11.6,B
2021-06-04T10:40:51,100.0,11.6,B
2021-06-04T10:40:40,5000.0,11.6,B
2021-06-04T10:40:13,1000.0,11.6,B
2021-06-04T10:40:13,200.0,11.5,B
2021-06-04T10:39:52,49000.0,11.5,S
2021-06-04T10:39:47,200.0,11.6,S
2021-06-04T10:39:44,400.0,11.6,B
2021-06-04T10:39:34,2000.0,11.6,B
2021-06-04T10:39:33,600.0,11.6,B
2021-06-04T10:39:30,800.0,11.6,S
2021-06-04T10:39:24,4600.0,11.6,B
2021-06-04T10:39:15,15400.0,11.6,B
2021-06-04T10:39:11,1000.0,11.6,S
2021-06-04T10:39:00,2000.0,11.7,B
2021-06-04T10:38:55,100.0,11.6,S
2021-06-04T10:38:38,3500.0,11.6,S
2021-06-04T10:38:37,500.0,11.6,S
2021-06-04T10:38:16,500.0,11.6,S
2021-06-04T10:37:57,300.0,11.6,S
2021-06-04T10:37:54,3000.0,11.6,B
2021-06-04T10:37:52,20000.0,11.6,B
2021-06-04T10:37:47,1000.0,11.6,B
2021-06-04T10:37:46,400.0,11.5,S
2021-06-04T10:37:41,5000.0,11.6,B
2021-06-04T10:36:38,2000.0,11.6,B
2021-06-04T10:36:33,3000.0,11.6,B
2021-06-04T10:36:21,1000.0,11.6,B
2021-06-04T10:36:11,5400.0,11.6,B
2021-06-04T10:35:33,200.0,11.5,B
2021-06-04T10:35:17,3000.0,11.5,B
2021-06-04T10:35:04,20000.0,11.5,B
2021-06-04T10:34:58,1200.0,11.5,B
2021-06-04T10:34:52,5000.0,11.5,B
2021-06-04T10:34:50,20000.0,11.5,B
2021-06-04T10:34:43,1200.0,11.4,S
2021-06-04T10:34:41,5000.0,11.5,B
2021-06-04T10:34:35,10000.0,11.5,B
2021-06-04T10:34:33,20000.0,11.5,B
2021-06-04T10:34:31,1000.0,11.5,B
2021-06-04T10:34:23,100.0,11.4,S
2021-06-04T10:34:12,200.0,11.4,B
2021-06-04T10:34:00,100000.0,11.5,B
2021-06-04T10:33:59,500.0,11.4,B
2021-06-04T10:33:55,600.0,11.4,B
2021-06-04T10:33:53,1000.0,11.4,B
2021-06-04T10:33:24,9000.0,11.4,B
2021-06-04T10:33:16,100.0,11.3,S
2021-06-04T10:33:08,9900.0,11.3,B
2021-06-04T10:33:06,2500.0,11.3,B
2021-06-04T10:32:57,2000.0,11.3,B
2021-06-04T10:32:52,40000.0,11.3,B
2021-06-04T10:32:43,13000.0,11.3,B
2021-06-04T10:32:33,400.0,11.3,B
2021-06-04T10:32:29,2000.0,11.3,B
2021-06-04T10:32:15,3000.0,11.3,B
2021-06-04T10:32:00,1000.0,11.3,B
2021-06-04T10:31:49,1000.0,11.2,S
2021-06-04T10:31:34,10000.0,11.2,S
2021-06-04T10:30:50,2000.0,11.2,S
2021-06-04T10:30:32,100.0,11.2,S
2021-06-04T10:30:06,500.0,11.2,S
2021-06-04T10:29:45,100.0,11.2,S
2021-06-04T10:29:36,17700.0,11.2,S
2021-06-04T10:29:29,50000.0,11.2,B
2021-06-04T10:29:02,2000.0,11.2,B
2021-06-04T10:28:52,1000.0,11.1,S
2021-06-04T10:28:13,200.0,11.2,B
2021-06-04T10:28:12,200.0,11.1,S
2021-06-04T10:27:41,1600.0,11.1,S
2021-06-04T10:27:11,100.0,11.1,B
2021-06-04T10:26:28,10000.0,11.1,B
2021-06-04T10:25:31,3000.0,11.0,S
2021-06-04T10:24:14,1600.0,11.0,S
2021-06-04T10:24:06,2000.0,11.1,B
2021-06-04T10:24:03,1000.0,11.1,B
2021-06-04T10:23:52,3000.0,11.1,B
2021-06-04T10:22:34,1000.0,11.1,B
2021-06-04T10:22:20,300.0,11.1,B
2021-06-04T10:22:07,800.0,11.1,B
2021-06-04T10:21:39,1400.0,11.1,B
2021-06-04T10:21:23,2700.0,11.1,B
2021-06-04T10:21:13,400.0,11.1,B
2021-06-04T10:21:06,19000.0,11.1,B
2021-06-04T10:19:22,2000.0,11.1,B
2021-06-04T10:19:19,100.0,11.1,B
2021-06-04T10:18:43,5000.0,11.1,B
2021-06-04T10:18:38,300.0,11.0,S
2021-06-04T10:17:33,200.0,11.1,B
2021-06-04T10:16:56,4800.0,11.0,S
2021-06-04T10:16:35,200.0,11.1,B
2021-06-04T10:16:09,100.0,11.1,B
2021-06-04T10:15:53,200.0,11.0,S
2021-06-04T10:14:39,1000.0,11.0,S
2021-06-04T10:14:23,1000.0,11.0,S
2021-06-04T10:13:53,1000.0,11.1,B
2021-06-04T10:13:46,3000.0,11.0,S
2021-06-04T10:12:59,100.0,11.0,S
2021-06-04T10:12:58,200.0,11.0,S
2021-06-04T10:12:55,1600.0,11.0,S
2021-06-04T10:12:00,1000.0,11.0,S
2021-06-04T10:11:11,1000.0,11.0,S
2021-06-04T10:10:58,1000.0,11.0,S
2021-06-04T10:10:05,500.0,11.1,B
2021-06-04T10:09:57,100.0,11.1,B
2021-06-04T10:08:57,300.0,11.1,B
2021-06-04T10:08:24,200.0,11.1,B
2021-06-04T10:08:14,2000.0,11.1,B
2021-06-04T10:06:27,3000.0,11.1,B
2021-06-04T10:06:18,100.0,11.1,B
2021-06-04T10:05:06,700.0,11.0,S
2021-06-04T10:04:43,1000.0,11.0,S
2021-06-04T10:03:55,2000.0,11.0,S
2021-06-04T10:03:38,3000.0,11.0,S
2021-06-04T10:02:30,300.0,11.1,B
2021-06-04T10:02:27,1000.0,11.0,S
2021-06-04T10:01:51,3300.0,11.0,S
2021-06-04T10:01:32,48400.0,11.0,S
2021-06-04T10:01:05,200.0,11.0,S
2021-06-04T10:00:32,100.0,11.0,S
2021-06-04T10:00:07,2000.0,11.0,S
2021-06-04T09:59:30,500.0,11.0,S
2021-06-04T09:59:22,3000.0,11.1,B
2021-06-04T09:59:02,3000.0,11.0,S
2021-06-04T09:58:55,400.0,11.1,B
2021-06-04T09:58:52,200.0,11.1,B
2021-06-04T09:57:54,400.0,11.1,B
2021-06-04T09:57:09,3300.0,11.1,S
2021-06-04T09:57:08,500.0,11.1,S
2021-06-04T09:57:03,3000.0,11.1,S
2021-06-04T09:56:42,1000.0,11.1,S
2021-06-04T09:55:36,200.0,11.2,B
2021-06-04T09:54:29,200.0,11.2,B
2021-06-04T09:53:52,6100.0,11.1,S
2021-06-04T09:53:06,200.0,11.1,B
2021-06-04T09:52:52,100.0,11.0,S
2021-06-04T09:51:51,200.0,11.1,B
2021-06-04T09:51:49,500.0,11.1,B
2021-06-04T09:51:36,200.0,11.1,B
2021-06-04T09:51:27,400.0,11.1,B
2021-06-04T09:51:03,200.0,11.1,B
2021-06-04T09:49:50,100.0,11.1,B
2021-06-04T09:48:39,300.0,11.0,S
2021-06-04T09:48:22,1000.0,11.1,B
2021-06-04T09:48:01,1300.0,11.1,S
2021-06-04T09:47:57,12600.0,11.1,S
2021-06-04T09:46:58,2100.0,11.2,S
2021-06-04T09:46:33,100.0,11.2,S
2021-06-04T09:46:25,10000.0,11.2,S
2021-06-04T09:45:25,100.0,11.2,S
2021-06-04T09:45:13,300.0,11.3,B
2021-06-04T09:45:08,2000.0,11.2,S
2021-06-04T09:44:56,4800.0,11.2,S
2021-06-04T09:44:38,200.0,11.2,S
2021-06-04T09:44:25,500.0,11.2,S
2021-06-04T09:44:12,400.0,11.2,S
2021-06-04T09:43:59,100.0,11.2,S
2021-06-04T09:43:41,200.0,11.2,S
2021-06-04T09:42:28,2500.0,11.2,S
2021-06-04T09:42:20,100.0,11.2,S
2021-06-04T09:41:27,100.0,11.2,S
2021-06-04T09:41:19,4000.0,11.2,S
2021-06-04T09:41:07,100.0,11.2,S
2021-06-04T09:40:55,100.0,11.2,S
2021-06-04T09:40:45,6000.0,11.2,S
2021-06-04T09:40:20,500.0,11.2,S
2021-06-04T09:40:00,100.0,11.2,S
2021-06-04T09:39:40,100.0,11.2,S
2021-06-04T09:39:27,200.0,11.3,B
2021-06-04T09:38:56,100.0,11.3,B
2021-06-04T09:37:49,500.0,11.3,B
2021-06-04T09:37:35,800.0,11.2,S
2021-06-04T09:37:21,100.0,11.2,S
2021-06-04T09:36:53,1000.0,11.2,S
2021-06-04T09:36:19,14200.0,11.2,B
2021-06-04T09:36:19,500.0,11.1,S
2021-06-04T09:36:02,1000.0,11.1,S
2021-06-04T09:35:56,2700.0,11.1,B
2021-06-04T09:35:50,500.0,11.1,B
2021-06-04T09:35:48,4300.0,11.0,S
2021-06-04T09:34:21,100.0,11.1,B
2021-06-04T09:34:05,500.0,11.1,B
2021-06-04T09:33:21,1700.0,11.1,B
2021-06-04T09:32:47,300.0,11.1,S
2021-06-04T09:32:28,100.0,11.1,S
2021-06-04T09:31:47,500.0,11.1,S
2021-06-04T09:31:20,300.0,11.1,B
2021-06-04T09:30:45,2000.0,11.1,B
2021-06-04T09:30:42,2200.0,11.1,B
2021-06-04T09:30:27,200.0,11.1,B
2021-06-04T09:30:27,100.0,11.1,B
2021-06-04T09:30:00,4600.0,11.1,S
2021-06-04T09:29:57,5400.0,11.1,S
2021-06-04T09:28:47,2900.0,11.1,S
2021-06-04T09:28:04,100.0,11.1,S
2021-06-04T09:27:37,100.0,11.1,S
2021-06-04T09:27:11,100.0,11.1,S
2021-06-04T09:26:54,100.0,11.1,S
2021-06-04T09:26:25,1100.0,11.1,S
2021-06-04T09:25:29,100.0,11.1,S
2021-06-04T09:25:16,100.0,11.2,S
2021-06-04T09:24:27,30000.0,11.0,S
2021-06-04T09:24:24,400.0,11.2,S
2021-06-04T09:24:07,300.0,11.2,S
2021-06-04T09:23:56,9000.0,11.2,S
2021-06-04T09:23:41,72000.0,11.0,S
2021-06-04T09:23:21,3500.0,11.2,B
2021-06-04T09:22:52,4000.0,11.2,S
2021-06-04T09:22:48,1400.0,11.2,S
2021-06-04T09:22:41,100.0,11.2,S
2021-06-04T09:22:37,200.0,11.2,S
2021-06-04T09:22:24,300.0,11.2,S
2021-06-04T09:22:24,1300.0,11.2,S
2021-06-04T09:22:23,1000.0,11.2,S
2021-06-04T09:22:17,400.0,11.2,S
2021-06-04T09:22:14,18900.0,11.2,B
2021-06-04T09:22:02,1700.0,11.1,S
2021-06-04T09:21:58,5000.0,11.1,S
2021-06-04T09:20:31,2000.0,11.1,S
2021-06-04T09:20:17,1600.0,11.1,S
2021-06-04T09:20:07,2900.0,11.1,S
2021-06-04T09:19:23,200.0,11.1,S
2021-06-04T09:19:06,1900.0,11.1,S
2021-06-04T09:18:54,1100.0,11.1,S
2021-06-04T09:18:35,9900.0,11.1,S
2021-06-04T09:18:06,800.0,11.1,S
2021-06-04T09:17:22,6900.0,11.1,S
2021-06-04T09:17:07,1000.0,11.1,S
2021-06-04T09:17:06,2000.0,11.2,B
2021-06-04T09:17:00,100.0,11.2,B
2021-06-04T09:16:46,100.0,11.1,S
2021-06-04T09:16:41,100.0,11.1,S
2021-06-04T09:16:37,1400.0,11.2,S
2021-06-04T09:16:29,100.0,11.2,S
2021-06-04T09:16:14,100.0,11.2,S
2021-06-04T09:16:12,200.0,11.2,S
2021-06-04T09:16:06,700.0,11.2,S
2021-06-04T09:16:04,100.0,11.2,S
2021-06-04T09:15:42,24400.0,11.2,B
2021-06-04T09:15:21,100.0,11.2,B
2021-06-04T09:15:07,200.0,11.2,B
2021-06-04T09:14:36,1000.0,11.2,B
2021-06-04T09:14:08,1300.0,11.2,B
2021-06-04T09:13:52,100.0,11.2,B
2021-06-04T09:13:28,2800.0,11.1,S
2021-06-04T09:13:21,100.0,11.2,B
2021-06-04T09:13:15,100.0,11.2,B
2021-06-04T09:13:13,300.0,11.2,B
2021-06-04T09:12:58,200.0,11.2,B
2021-06-04T09:12:33,1500.0,11.2,B
2021-06-04T09:10:18,1500.0,11.2,B
2021-06-04T09:10:15,100.0,11.2,S
2021-06-04T09:10:11,200.0,11.2,S
2021-06-04T09:09:53,2800.0,11.2,B
2021-06-04T09:09:44,1300.0,11.0,B
2021-06-04T09:09:41,3000.0,11.0,B
2021-06-04T09:09:31,15700.0,11.0,S
2021-06-04T09:09:17,15000.0,11.0,S
2021-06-04T09:09:10,1000.0,11.2,B
2021-06-04T09:08:41,200.0,11.2,B
2021-06-04T09:08:34,500.0,11.2,B
2021-06-04T09:08:05,400.0,11.2,B
2021-06-04T09:08:03,10000.0,11.2,B
2021-06-04T09:07:59,300.0,11.2,B
2021-06-04T09:07:49,200.0,11.1,S
2021-06-04T09:07:27,1000.0,11.2,B
2021-06-04T09:07:12,1000.0,11.2,B
2021-06-04T09:07:12,100.0,11.1,B
2021-06-04T09:07:11,300.0,11.1,B
2021-06-04T09:07:06,400.0,11.0,S
2021-06-04T09:06:54,100.0,11.1,B
2021-06-04T09:06:54,3000.0,11.1,S
2021-06-04T09:06:22,1500.0,11.2,B
2021-06-04T09:06:16,300.0,11.1,S
2021-06-04T09:05:51,200.0,11.1,B
2021-06-04T09:05:34,5800.0,11.1,B
2021-06-04T09:05:31,2000.0,11.1,S
2021-06-04T09:05:21,10000.0,11.1,S
2021-06-04T09:05:08,300.0,11.2,S
2021-06-04T09:04:55,1000.0,11.2,S
2021-06-04T09:04:52,500.0,11.2,S
2021-06-04T09:04:17,100.0,11.2,S
2021-06-04T09:04:07,1200.0,11.2,S
2021-06-04T09:03:58,100.0,11.3,B
2021-06-04T09:03:58,1000.0,11.2,S
2021-06-04T09:03:40,300.0,11.3,S
2021-06-04T09:03:38,1000.0,11.2,S
2021-06-04T09:03:37,100.0,11.3,S
2021-06-04T09:03:00,1800.0,11.4,S
2021-06-04T09:02:59,200.0,11.4,S
2021-06-04T09:02:59,1000.0,11.4,S
2021-06-04T09:02:51,5000.0,11.4,B
2021-06-04T09:02:36,2000.0,11.4,S
2021-06-04T09:02:31,2000.0,11.4,S
2021-06-04T09:02:20,4100.0,11.4,S
2021-06-04T09:02:11,100.0,11.4,S
2021-06-04T09:01:47,1000.0,11.4,S
2021-06-04T09:01:43,500.0,11.4,S
2021-06-04T09:00:46,300.0,11.4,S
2021-06-04T09:00:28,100.0,11.4,S
2021-06-04T09:00:08,100.0,11.5,B
2021-06-04T09:00:08,200.0,11.4,S
