tradingTime,volume,price,side
2021-06-04T14:30:01,400.0,29.7,B
2021-06-04T14:30:00,5000.0,29.7,B
2021-06-04T14:29:54,200.0,29.7,B
2021-06-04T14:29:52,5100.0,29.6,S
2021-06-04T14:29:48,1000.0,29.7,B
2021-06-04T14:29:46,500.0,29.7,B
2021-06-04T14:29:46,200.0,29.7,B
2021-06-04T14:29:45,1400.0,29.7,B
2021-06-04T14:29:40,500.0,29.7,B
2021-06-04T14:29:31,3000.0,29.7,B
2021-06-04T14:29:29,4000.0,29.7,B
2021-06-04T14:29:26,600.0,29.7,B
2021-06-04T14:29:22,700.0,29.7,B
2021-06-04T14:29:20,700.0,29.7,B
2021-06-04T14:29:17,11700.0,29.7,B
2021-06-04T14:29:14,4000.0,29.7,B
2021-06-04T14:29:12,100.0,29.7,B
2021-06-04T14:29:10,100.0,29.7,B
2021-06-04T14:29:08,21000.0,29.7,B
2021-06-04T14:29:02,1000.0,29.7,B
2021-06-04T14:29:00,3500.0,29.7,B
2021-06-04T14:28:54,4100.0,29.7,B
2021-06-04T14:28:52,600.0,29.7,B
2021-06-04T14:28:52,25100.0,29.5,S
2021-06-04T14:28:48,9000.0,29.7,B
2021-06-04T14:28:43,1000.0,29.7,B
2021-06-04T14:28:42,100.0,29.7,B
2021-06-04T14:28:38,2000.0,29.7,B
2021-06-04T14:28:34,200.0,29.6,S
2021-06-04T14:28:33,1000.0,29.7,B
2021-06-04T14:28:32,3300.0,29.7,B
2021-06-04T14:28:30,11200.0,29.7,B
2021-06-04T14:28:27,500.0,29.7,B
2021-06-04T14:28:26,1000.0,29.7,B
2021-06-04T14:28:26,200.0,29.7,B
2021-06-04T14:28:23,51000.0,29.7,B
2021-06-04T14:28:22,30400.0,29.7,B
2021-06-04T14:28:21,2000.0,29.6,S
2021-06-04T14:28:11,100.0,29.6,S
2021-06-04T14:28:10,2000.0,29.7,B
2021-06-04T14:28:07,500.0,29.7,B
2021-06-04T14:28:01,1000.0,29.7,B
2021-06-04T14:28:01,5000.0,29.7,B
2021-06-04T14:28:00,500.0,29.7,B
2021-06-04T14:27:53,3000.0,29.7,B
2021-06-04T14:27:50,500.0,29.7,B
2021-06-04T14:27:44,100.0,29.7,B
2021-06-04T14:27:39,500.0,29.7,B
2021-06-04T14:27:39,200.0,29.7,B
2021-06-04T14:27:38,300.0,29.7,B
2021-06-04T14:27:34,5000.0,29.7,B
2021-06-04T14:27:15,1600.0,29.7,B
2021-06-04T14:26:53,2900.0,29.6,S
2021-06-04T14:26:50,500.0,29.7,B
2021-06-04T14:26:49,7400.0,29.7,B
2021-06-04T14:26:47,2000.0,29.7,S
2021-06-04T14:26:47,100.0,29.7,S
2021-06-04T14:26:43,20000.0,29.7,S
2021-06-04T14:26:36,10000.0,29.7,S
2021-06-04T14:26:29,200.0,29.7,S
2021-06-04T14:26:27,200.0,29.7,S
2021-06-04T14:26:26,1000.0,29.7,S
2021-06-04T14:26:26,10000.0,29.7,S
2021-06-04T14:26:25,1000.0,29.7,S
2021-06-04T14:26:24,1000.0,29.7,S
2021-06-04T14:26:24,1000.0,29.7,S
2021-06-04T14:26:22,200.0,29.7,S
2021-06-04T14:26:17,200.0,29.7,S
2021-06-04T14:26:17,27100.0,29.7,S
2021-06-04T14:26:15,10000.0,29.7,S
2021-06-04T14:26:12,2800.0,29.7,S
2021-06-04T14:26:12,100.0,29.7,S
2021-06-04T14:26:10,1000.0,29.7,S
2021-06-04T14:26:08,800.0,29.7,S
2021-06-04T14:26:06,200.0,29.7,S
2021-06-04T14:26:02,200.0,29.7,S
2021-06-04T14:25:59,200.0,29.7,S
2021-06-04T14:25:57,20000.0,29.7,S
2021-06-04T14:25:53,100.0,29.7,S
2021-06-04T14:25:52,1000.0,29.7,S
2021-06-04T14:25:48,300.0,29.7,S
2021-06-04T14:25:45,3000.0,29.7,S
2021-06-04T14:25:45,500.0,29.7,S
2021-06-04T14:25:43,1000.0,29.7,S
2021-06-04T14:25:42,1500.0,29.7,S
2021-06-04T14:25:41,1000.0,29.7,S
2021-06-04T14:25:35,50000.0,29.7,S
2021-06-04T14:25:34,3000.0,29.7,S
2021-06-04T14:25:33,3000.0,29.7,S
2021-06-04T14:25:31,200.0,29.7,S
2021-06-04T14:25:28,1500.0,29.7,S
2021-06-04T14:25:25,300.0,29.7,S
2021-06-04T14:25:23,400.0,29.7,S
2021-06-04T14:25:19,800.0,29.7,S
2021-06-04T14:25:18,300.0,29.7,S
2021-06-04T14:25:14,15300.0,29.7,S
2021-06-04T14:25:13,10000.0,29.7,S
2021-06-04T14:25:13,500.0,29.7,S
2021-06-04T14:25:07,5000.0,29.7,S
2021-06-04T14:25:07,100.0,29.7,S
2021-06-04T14:25:03,200.0,29.7,S
2021-06-04T14:24:56,100.0,29.7,S
2021-06-04T14:24:54,500.0,29.7,S
2021-06-04T14:24:49,100.0,29.7,S
2021-06-04T14:24:48,500.0,29.7,S
2021-06-04T14:24:44,50000.0,29.7,S
2021-06-04T14:24:32,2000.0,29.7,S
2021-06-04T14:24:23,600.0,29.7,S
2021-06-04T14:24:23,10000.0,29.7,S
2021-06-04T14:24:14,1000.0,29.7,S
2021-06-04T14:24:09,1500.0,29.7,S
2021-06-04T14:24:08,1000.0,29.7,S
2021-06-04T14:24:08,800.0,29.7,S
2021-06-04T14:24:04,3000.0,29.7,S
2021-06-04T14:24:03,1000.0,29.7,S
2021-06-04T14:23:58,300.0,29.7,S
2021-06-04T14:23:51,200.0,29.7,S
2021-06-04T14:23:49,100.0,29.7,S
2021-06-04T14:23:44,2000.0,29.7,S
2021-06-04T14:23:42,300.0,29.7,S
2021-06-04T14:23:40,700.0,29.7,S
2021-06-04T14:23:36,200.0,29.7,S
2021-06-04T14:23:36,100.0,29.7,S
2021-06-04T14:23:35,2000.0,29.7,S
2021-06-04T14:23:25,100.0,29.7,S
2021-06-04T14:23:19,1000.0,29.7,S
2021-06-04T14:23:15,200.0,29.7,S
2021-06-04T14:23:13,100.0,29.7,S
2021-06-04T14:23:11,600.0,29.7,S
2021-06-04T14:23:11,1800.0,29.7,S
2021-06-04T14:23:08,1000.0,29.7,S
2021-06-04T14:23:05,1000.0,29.7,S
2021-06-04T14:23:04,1000.0,29.7,S
2021-06-04T14:23:03,14700.0,29.7,S
2021-06-04T14:23:00,300.0,29.7,S
2021-06-04T14:22:59,500.0,29.7,S
2021-06-04T14:22:45,100.0,29.7,S
2021-06-04T14:22:44,1100.0,29.7,S
2021-06-04T14:22:43,100.0,29.7,S
2021-06-04T14:22:37,5000.0,29.7,S
2021-06-04T14:22:37,100.0,29.7,S
2021-06-04T14:22:36,1500.0,29.7,S
2021-06-04T14:22:28,300.0,29.7,S
2021-06-04T14:22:25,100.0,29.7,S
2021-06-04T14:22:21,300.0,29.7,S
2021-06-04T14:22:19,100.0,29.7,S
2021-06-04T14:22:17,4500.0,29.7,S
2021-06-04T14:22:16,100.0,29.7,S
2021-06-04T14:22:14,100.0,29.7,S
2021-06-04T14:22:13,500.0,29.7,S
2021-06-04T14:22:03,100.0,29.7,S
2021-06-04T14:22:03,400.0,29.7,S
2021-06-04T14:22:00,100.0,29.7,S
2021-06-04T14:21:58,500.0,29.7,S
2021-06-04T14:21:51,2000.0,29.7,S
2021-06-04T14:21:50,600.0,29.7,S
2021-06-04T14:21:48,500.0,29.7,S
2021-06-04T14:21:47,100.0,29.7,S
2021-06-04T14:21:38,10000.0,29.7,S
2021-06-04T14:21:37,200.0,29.7,S
2021-06-04T14:21:34,300.0,29.7,S
2021-06-04T14:21:31,100.0,29.7,S
2021-06-04T14:21:30,2000.0,29.7,S
2021-06-04T14:21:28,100.0,29.7,S
2021-06-04T14:21:24,300.0,29.7,S
2021-06-04T14:21:24,500.0,29.7,S
2021-06-04T14:21:23,300.0,29.7,S
2021-06-04T14:21:12,2000.0,29.7,S
2021-06-04T14:21:08,800.0,29.7,S
2021-06-04T14:21:04,600.0,29.7,S
2021-06-04T14:21:02,20000.0,29.7,S
2021-06-04T14:21:02,3000.0,29.7,S
2021-06-04T14:21:01,1000.0,29.7,S
2021-06-04T14:21:00,100.0,29.7,S
2021-06-04T14:20:59,300.0,29.7,S
2021-06-04T14:20:57,2000.0,29.7,S
2021-06-04T14:20:52,200.0,29.7,S
2021-06-04T14:20:51,10000.0,29.7,S
2021-06-04T14:20:47,1300.0,29.7,S
2021-06-04T14:20:46,200.0,29.7,S
2021-06-04T14:20:44,300.0,29.7,S
2021-06-04T14:20:39,15000.0,29.7,S
2021-06-04T14:20:34,400.0,29.7,S
2021-06-04T14:20:33,1000.0,29.7,S
2021-06-04T14:20:30,1000.0,29.7,S
2021-06-04T14:20:29,100.0,29.7,S
2021-06-04T14:20:26,20000.0,29.7,S
2021-06-04T14:20:22,5000.0,29.7,S
2021-06-04T14:20:20,100.0,29.7,S
2021-06-04T14:20:20,5000.0,29.7,S
2021-06-04T14:20:19,15200.0,29.7,S
2021-06-04T14:20:14,37000.0,29.7,S
2021-06-04T14:20:08,700.0,29.7,S
2021-06-04T14:19:53,4300.0,29.7,S
2021-06-04T14:19:50,2000.0,29.7,S
2021-06-04T14:19:48,1000.0,29.7,S
2021-06-04T14:19:41,1500.0,29.7,S
2021-06-04T14:19:40,1000.0,29.7,S
2021-06-04T14:19:36,100.0,29.7,S
2021-06-04T14:19:28,200.0,29.7,S
2021-06-04T14:19:26,200.0,29.7,S
2021-06-04T14:19:25,200.0,29.7,S
2021-06-04T14:19:20,100.0,29.7,S
2021-06-04T14:19:19,100.0,29.7,S
2021-06-04T14:19:17,100.0,29.7,S
2021-06-04T14:19:16,500.0,29.7,S
2021-06-04T14:19:13,400.0,29.7,S
2021-06-04T14:19:12,500.0,29.7,S
2021-06-04T14:19:08,100.0,29.7,S
2021-06-04T14:19:05,9300.0,29.7,B
2021-06-04T14:19:05,100.0,29.7,B
2021-06-04T14:19:03,3900.0,29.7,B
2021-06-04T14:19:02,300.0,29.7,B
2021-06-04T14:19:02,2900.0,29.7,B
2021-06-04T14:19:01,100.0,29.7,B
2021-06-04T14:19:01,200.0,29.7,B
2021-06-04T14:18:59,700.0,29.7,B
2021-06-04T14:18:59,2000.0,29.7,B
2021-06-04T14:18:58,1500.0,29.7,B
2021-06-04T14:18:57,17500.0,29.7,B
2021-06-04T14:18:55,300.0,29.7,B
2021-06-04T14:18:54,500.0,29.7,B
2021-06-04T14:18:53,2000.0,29.7,B
2021-06-04T14:18:53,95000.0,29.7,B
2021-06-04T14:18:52,100.0,29.7,B
2021-06-04T14:18:51,7000.0,29.7,B
2021-06-04T14:18:51,10000.0,29.7,B
2021-06-04T14:18:50,1100.0,29.7,B
2021-06-04T14:18:50,1000.0,29.6,S
2021-06-04T14:18:49,1000.0,29.7,B
2021-06-04T14:18:47,1500.0,29.7,B
2021-06-04T14:18:46,6000.0,29.7,B
2021-06-04T14:18:43,6400.0,29.7,B
2021-06-04T14:18:42,3700.0,29.7,B
2021-06-04T14:18:41,30000.0,29.7,B
2021-06-04T14:18:40,10000.0,29.7,B
2021-06-04T14:18:38,10000.0,29.7,B
2021-06-04T14:18:38,4000.0,29.7,B
2021-06-04T14:18:38,5000.0,29.7,B
2021-06-04T14:18:37,500.0,29.6,S
2021-06-04T14:18:36,200.0,29.7,B
2021-06-04T14:18:35,500.0,29.7,B
2021-06-04T14:18:35,100.0,29.7,B
2021-06-04T14:18:34,1000.0,29.7,B
2021-06-04T14:18:34,200.0,29.7,B
2021-06-04T14:18:33,13600.0,29.7,B
2021-06-04T14:18:32,1000.0,29.7,B
2021-06-04T14:18:32,10500.0,29.7,B
2021-06-04T14:18:31,500.0,29.7,B
2021-06-04T14:18:29,5300.0,29.7,B
2021-06-04T14:18:27,500.0,29.7,B
2021-06-04T14:18:26,1000.0,29.7,B
2021-06-04T14:18:25,500.0,29.7,B
2021-06-04T14:18:25,200.0,29.7,B
2021-06-04T14:18:21,20000.0,29.7,B
2021-06-04T14:18:21,4100.0,29.7,B
2021-06-04T14:18:20,100.0,29.6,S
2021-06-04T14:18:20,200.0,29.7,B
2021-06-04T14:18:18,2000.0,29.7,B
2021-06-04T14:18:17,400.0,29.7,B
2021-06-04T14:18:17,5200.0,29.7,B
2021-06-04T14:18:15,4000.0,29.7,B
2021-06-04T14:18:15,6700.0,29.7,B
2021-06-04T14:18:15,4100.0,29.6,S
2021-06-04T14:18:13,4000.0,29.7,B
2021-06-04T14:18:12,1000.0,29.7,B
2021-06-04T14:18:12,700.0,29.7,B
2021-06-04T14:18:11,200.0,29.7,B
2021-06-04T14:18:11,17000.0,29.7,B
2021-06-04T14:18:09,500.0,29.7,B
2021-06-04T14:18:08,5000.0,29.7,B
2021-06-04T14:18:08,10000.0,29.7,B
2021-06-04T14:18:05,1000.0,29.7,B
2021-06-04T14:18:04,1000.0,29.7,B
2021-06-04T14:18:04,30100.0,29.6,S
2021-06-04T14:18:02,3000.0,29.7,B
2021-06-04T14:18:02,6000.0,29.7,B
2021-06-04T14:18:01,200.0,29.7,B
2021-06-04T14:18:00,3000.0,29.7,B
2021-06-04T14:17:59,1000.0,29.7,B
2021-06-04T14:17:57,50000.0,29.7,B
2021-06-04T14:17:57,200.0,29.7,B
2021-06-04T14:17:55,2000.0,29.7,B
2021-06-04T14:17:53,4000.0,29.7,B
2021-06-04T14:17:51,3000.0,29.7,B
2021-06-04T14:17:51,100.0,29.7,B
2021-06-04T14:17:50,25400.0,29.7,B
2021-06-04T14:17:50,5000.0,29.7,B
2021-06-04T14:17:47,7000.0,29.7,B
2021-06-04T14:17:46,15500.0,29.7,B
2021-06-04T14:17:46,1000.0,29.7,B
2021-06-04T14:17:45,5500.0,29.7,B
2021-06-04T14:17:45,600.0,29.7,B
2021-06-04T14:17:44,1000.0,29.7,B
2021-06-04T14:17:44,500.0,29.7,B
2021-06-04T14:17:43,100.0,29.7,B
2021-06-04T14:17:42,11700.0,29.7,B
2021-06-04T14:17:41,900.0,29.7,B
2021-06-04T14:17:38,3000.0,29.6,S
2021-06-04T14:17:38,900.0,29.7,B
2021-06-04T14:17:34,2500.0,29.7,B
2021-06-04T14:17:33,10000.0,29.7,B
2021-06-04T14:17:32,500.0,29.7,B
2021-06-04T14:17:32,1000.0,29.7,B
2021-06-04T14:17:31,200.0,29.7,B
2021-06-04T14:17:30,1300.0,29.7,B
2021-06-04T14:17:28,1000.0,29.7,B
2021-06-04T14:17:27,100.0,29.7,B
2021-06-04T14:17:25,200.0,29.7,B
2021-06-04T14:17:24,8000.0,29.7,B
2021-06-04T14:17:23,20000.0,29.7,B
2021-06-04T14:17:21,2000.0,29.7,B
2021-06-04T14:17:19,4000.0,29.6,S
2021-06-04T14:17:15,1000.0,29.7,B
2021-06-04T14:17:14,12000.0,29.7,B
2021-06-04T14:17:10,5000.0,29.7,B
2021-06-04T14:17:09,11500.0,29.7,B
2021-06-04T14:17:08,3000.0,29.7,B
2021-06-04T14:17:07,1800.0,29.7,B
2021-06-04T14:17:07,2000.0,29.7,B
2021-06-04T14:17:04,100.0,29.7,B
2021-06-04T14:17:04,5000.0,29.7,B
2021-06-04T14:17:02,200.0,29.7,B
2021-06-04T14:17:02,10000.0,29.7,B
2021-06-04T14:17:02,51000.0,29.7,B
2021-06-04T14:17:02,10000.0,29.7,B
2021-06-04T14:17:01,10000.0,29.7,B
2021-06-04T14:16:59,2000.0,29.7,B
2021-06-04T14:16:58,100.0,29.7,B
2021-06-04T14:16:57,1600.0,29.7,B
2021-06-04T14:16:53,300.0,29.7,B
2021-06-04T14:16:53,2300.0,29.7,B
2021-06-04T14:16:52,10000.0,29.7,B
2021-06-04T14:16:52,2200.0,29.7,B
2021-06-04T14:16:50,1000.0,29.7,B
2021-06-04T14:16:49,5000.0,29.7,B
2021-06-04T14:16:48,5000.0,29.7,B
2021-06-04T14:16:48,4000.0,29.7,B
2021-06-04T14:16:47,10500.0,29.7,B
2021-06-04T14:16:45,300.0,29.7,B
2021-06-04T14:16:43,700.0,29.7,B
2021-06-04T14:16:43,1200.0,29.7,B
2021-06-04T14:16:43,500.0,29.7,B
2021-06-04T14:16:41,3000.0,29.7,B
2021-06-04T14:16:38,12600.0,29.7,B
2021-06-04T14:16:37,100.0,29.7,B
2021-06-04T14:16:36,7000.0,29.7,B
2021-06-04T14:16:36,100.0,29.7,B
2021-06-04T14:16:35,500.0,29.7,B
2021-06-04T14:16:32,600.0,29.7,B
2021-06-04T14:16:30,10000.0,29.7,B
2021-06-04T14:16:27,5000.0,29.7,B
2021-06-04T14:16:27,4000.0,29.7,B
2021-06-04T14:16:26,10000.0,29.7,B
2021-06-04T14:16:24,2000.0,29.7,B
2021-06-04T14:16:20,1500.0,29.7,B
2021-06-04T14:16:19,6000.0,29.7,B
2021-06-04T14:16:18,1000.0,29.7,B
2021-06-04T14:16:16,1000.0,29.7,B
2021-06-04T14:16:16,200.0,29.7,B
2021-06-04T14:16:13,1200.0,29.7,B
2021-06-04T14:16:13,100.0,29.6,S
2021-06-04T14:16:10,500.0,29.7,B
2021-06-04T14:16:09,12000.0,29.7,B
2021-06-04T14:16:09,700.0,29.7,B
2021-06-04T14:16:06,500.0,29.7,B
2021-06-04T14:16:06,500.0,29.7,B
2021-06-04T14:16:04,1800.0,29.7,B
2021-06-04T14:16:00,900.0,29.7,B
2021-06-04T14:15:58,1000.0,29.7,B
2021-06-04T14:15:56,11100.0,29.7,B
2021-06-04T14:15:55,33100.0,29.7,B
2021-06-04T14:15:52,3000.0,29.7,B
2021-06-04T14:15:50,100.0,29.7,B
2021-06-04T14:15:49,500.0,29.7,B
2021-06-04T14:15:49,200.0,29.7,B
2021-06-04T14:15:46,1600.0,29.7,B
2021-06-04T14:15:45,2600.0,29.7,B
2021-06-04T14:15:45,1500.0,29.7,B
2021-06-04T14:15:44,100.0,29.7,B
2021-06-04T14:15:43,1000.0,29.6,S
2021-06-04T14:15:39,9700.0,29.7,B
2021-06-04T14:15:36,100.0,29.7,B
2021-06-04T14:15:35,12000.0,29.7,B
2021-06-04T14:15:35,6000.0,29.7,B
2021-06-04T14:15:25,6000.0,29.7,B
2021-06-04T14:15:24,200.0,29.6,S
2021-06-04T14:15:23,1000.0,29.7,B
2021-06-04T14:15:20,1000.0,29.7,B
2021-06-04T14:15:19,1400.0,29.7,B
2021-06-04T14:15:17,300.0,29.7,B
2021-06-04T14:15:17,100000.0,29.7,B
2021-06-04T14:15:17,1700.0,29.7,B
2021-06-04T14:15:16,900.0,29.7,B
2021-06-04T14:15:13,10200.0,29.7,B
2021-06-04T14:15:11,200.0,29.7,B
2021-06-04T14:15:10,1500.0,29.7,B
2021-06-04T14:15:09,3200.0,29.7,B
2021-06-04T14:15:09,2400.0,29.7,B
2021-06-04T14:15:05,100.0,29.7,B
2021-06-04T14:15:04,500.0,29.6,S
2021-06-04T14:15:03,100.0,29.7,B
2021-06-04T14:15:03,100.0,29.7,B
2021-06-04T14:15:00,2500.0,29.7,B
2021-06-04T14:14:57,8000.0,29.7,B
2021-06-04T14:14:55,10000.0,29.7,B
2021-06-04T14:14:55,200.0,29.7,B
2021-06-04T14:14:55,1500.0,29.7,B
2021-06-04T14:14:54,4000.0,29.7,B
2021-06-04T14:14:53,100.0,29.7,B
2021-06-04T14:14:52,2300.0,29.7,B
2021-06-04T14:14:51,2000.0,29.7,B
2021-06-04T14:14:50,4300.0,29.7,B
2021-06-04T14:14:49,11000.0,29.7,B
2021-06-04T14:14:48,500.0,29.7,B
2021-06-04T14:14:46,200000.0,29.7,B
2021-06-04T14:14:46,10000.0,29.7,B
2021-06-04T14:14:46,100000.0,29.7,B
2021-06-04T14:14:44,3000.0,29.7,B
2021-06-04T14:14:42,100.0,29.7,B
2021-06-04T14:14:41,2700.0,29.7,B
2021-06-04T14:14:40,5000.0,29.7,B
2021-06-04T14:14:40,10000.0,29.7,B
2021-06-04T14:14:39,100.0,29.7,B
2021-06-04T14:14:38,600.0,29.7,B
2021-06-04T14:14:31,10000.0,29.7,B
2021-06-04T14:14:30,14100.0,29.6,S
2021-06-04T14:14:28,8000.0,29.7,B
2021-06-04T14:14:25,1000.0,29.7,B
2021-06-04T14:14:23,20000.0,29.7,B
2021-06-04T14:14:22,4000.0,29.7,B
2021-06-04T14:14:21,2000.0,29.7,B
2021-06-04T14:14:16,500.0,29.7,B
2021-06-04T14:14:13,20000.0,29.7,B
2021-06-04T14:14:11,600.0,29.6,S
2021-06-04T14:14:08,200.0,29.7,B
2021-06-04T14:14:07,100.0,29.7,B
2021-06-04T14:14:04,100000.0,29.7,B
2021-06-04T14:14:03,10000.0,29.7,B
2021-06-04T14:14:03,1000.0,29.7,B
2021-06-04T14:13:51,10000.0,29.7,B
2021-06-04T14:13:50,1000.0,29.6,S
2021-06-04T14:13:42,100000.0,29.7,B
2021-06-04T14:13:36,1000.0,29.6,S
2021-06-04T14:13:32,1000.0,29.6,S
2021-06-04T14:13:27,100.0,29.7,B
2021-06-04T14:13:26,1000.0,29.7,B
2021-06-04T14:13:20,65500.0,29.7,B
2021-06-04T14:13:19,7400.0,29.7,B
2021-06-04T14:13:16,100.0,29.7,B
2021-06-04T14:13:13,600.0,29.7,B
2021-06-04T14:13:03,200.0,29.7,B
2021-06-04T14:13:00,100.0,29.6,S
2021-06-04T14:12:56,5000.0,29.6,S
2021-06-04T14:12:54,2100.0,29.6,S
2021-06-04T14:12:53,500.0,29.6,S
2021-06-04T14:12:44,21000.0,29.6,S
2021-06-04T14:12:43,200.0,29.6,S
2021-06-04T14:12:42,1000.0,29.6,S
2021-06-04T14:12:36,100.0,29.6,S
2021-06-04T14:12:35,200.0,29.6,S
2021-06-04T14:12:30,5300.0,29.6,S
2021-06-04T14:12:29,500.0,29.6,S
2021-06-04T14:12:22,1400.0,29.6,S
2021-06-04T14:12:21,200.0,29.6,B
2021-06-04T14:12:21,4200.0,29.6,B
2021-06-04T14:12:20,100.0,29.6,B
2021-06-04T14:12:19,5000.0,29.6,B
2021-06-04T14:12:18,100.0,29.6,B
2021-06-04T14:12:18,5000.0,29.6,B
2021-06-04T14:12:12,500.0,29.6,B
2021-06-04T14:12:10,2900.0,29.6,B
2021-06-04T14:12:10,30200.0,29.6,B
2021-06-04T14:12:09,5000.0,29.6,B
2021-06-04T14:12:09,12000.0,29.5,S
2021-06-04T14:12:06,100.0,29.6,B
2021-06-04T14:12:04,1500.0,29.6,B
2021-06-04T14:12:03,100.0,29.6,B
2021-06-04T14:12:01,500.0,29.6,B
2021-06-04T14:11:59,100.0,29.6,B
2021-06-04T14:11:58,1000.0,29.6,B
2021-06-04T14:11:56,3000.0,29.6,B
2021-06-04T14:11:53,1000.0,29.6,B
2021-06-04T14:11:53,4500.0,29.6,B
2021-06-04T14:11:52,100.0,29.6,B
2021-06-04T14:11:50,8600.0,29.6,B
2021-06-04T14:11:50,100.0,29.6,B
2021-06-04T14:11:48,10000.0,29.6,B
2021-06-04T14:11:47,200.0,29.6,B
2021-06-04T14:11:44,2000.0,29.6,B
2021-06-04T14:11:43,12400.0,29.6,B
2021-06-04T14:11:42,5000.0,29.6,B
2021-06-04T14:11:42,2400.0,29.6,B
2021-06-04T14:11:39,200.0,29.6,B
2021-06-04T14:11:38,2500.0,29.6,B
2021-06-04T14:11:37,5000.0,29.6,B
2021-06-04T14:11:37,10000.0,29.6,B
2021-06-04T14:11:32,300.0,29.6,B
2021-06-04T14:11:32,400.0,29.6,B
2021-06-04T14:11:28,9900.0,29.6,B
2021-06-04T14:11:27,10000.0,29.6,B
2021-06-04T14:11:22,10000.0,29.6,B
2021-06-04T14:11:21,1000.0,29.6,B
2021-06-04T14:11:21,5000.0,29.6,B
2021-06-04T14:11:20,100.0,29.6,B
2021-06-04T14:11:19,1000.0,29.6,B
2021-06-04T14:11:19,2800.0,29.6,B
2021-06-04T14:11:16,800.0,29.6,B
2021-06-04T14:11:14,400.0,29.6,B
2021-06-04T14:11:13,4700.0,29.6,B
2021-06-04T14:11:13,3900.0,29.6,B
2021-06-04T14:11:11,700.0,29.6,B
2021-06-04T14:11:08,1000.0,29.6,B
2021-06-04T14:11:07,100.0,29.6,B
2021-06-04T14:11:06,35000.0,29.6,B
2021-06-04T14:11:05,1700.0,29.6,B
2021-06-04T14:11:03,200.0,29.6,B
2021-06-04T14:10:57,2900.0,29.6,B
2021-06-04T14:10:54,2700.0,29.6,B
2021-06-04T14:10:52,3700.0,29.6,B
2021-06-04T14:10:52,5900.0,29.6,B
2021-06-04T14:10:50,1000.0,29.6,S
2021-06-04T14:10:50,200.0,29.7,B
2021-06-04T14:10:49,20000.0,29.6,S
2021-06-04T14:10:47,500.0,29.6,S
2021-06-04T14:10:43,21000.0,29.6,S
2021-06-04T14:10:40,2000.0,29.6,S
2021-06-04T14:10:39,100.0,29.7,B
2021-06-04T14:10:36,10000.0,29.7,B
2021-06-04T14:10:35,10000.0,29.7,B
2021-06-04T14:10:30,400.0,29.7,B
2021-06-04T14:10:26,3000.0,29.7,B
2021-06-04T14:10:21,22000.0,29.7,B
2021-06-04T14:10:18,400.0,29.7,B
2021-06-04T14:10:14,1000.0,29.7,B
2021-06-04T14:10:13,400.0,29.6,S
2021-06-04T14:10:12,900.0,29.7,B
2021-06-04T14:10:11,13000.0,29.7,B
2021-06-04T14:10:09,4000.0,29.6,S
2021-06-04T14:10:08,800.0,29.7,B
2021-06-04T14:10:06,1200.0,29.6,S
2021-06-04T14:10:04,200.0,29.7,B
2021-06-04T14:10:03,300.0,29.7,B
2021-06-04T14:09:59,200.0,29.7,B
2021-06-04T14:09:55,300.0,29.7,B
2021-06-04T14:09:50,2000.0,29.7,B
2021-06-04T14:09:48,2200.0,29.7,B
2021-06-04T14:09:47,1500.0,29.6,S
2021-06-04T14:09:47,10000.0,29.7,B
2021-06-04T14:09:44,500.0,29.6,S
2021-06-04T14:09:39,9000.0,29.7,B
2021-06-04T14:09:39,200.0,29.6,B
2021-06-04T14:09:37,200.0,29.6,B
2021-06-04T14:09:34,2000.0,29.6,B
2021-06-04T14:09:33,2800.0,29.6,B
2021-06-04T14:09:32,7200.0,29.6,B
2021-06-04T14:09:31,100.0,29.6,B
2021-06-04T14:09:29,100.0,29.6,B
2021-06-04T14:09:28,100.0,29.6,B
2021-06-04T14:09:27,2000.0,29.6,B
2021-06-04T14:09:24,1200.0,29.6,B
2021-06-04T14:09:22,3000.0,29.6,B
2021-06-04T14:09:21,18500.0,29.6,S
2021-06-04T14:09:18,100.0,29.6,S
2021-06-04T14:09:16,300.0,29.7,B
2021-06-04T14:09:15,4000.0,29.6,S
2021-06-04T14:09:13,5600.0,29.6,S
2021-06-04T14:09:06,500.0,29.6,S
2021-06-04T14:09:04,30000.0,29.6,S
2021-06-04T14:08:59,2000.0,29.6,S
2021-06-04T14:08:53,200.0,29.7,B
2021-06-04T14:08:51,500.0,29.7,B
2021-06-04T14:08:51,1700.0,29.7,B
2021-06-04T14:08:50,600.0,29.7,B
2021-06-04T14:08:49,10000.0,29.7,B
2021-06-04T14:08:36,400.0,29.7,B
2021-06-04T14:08:34,100.0,29.6,S
2021-06-04T14:08:31,500.0,29.6,S
2021-06-04T14:08:30,20000.0,29.6,S
2021-06-04T14:08:29,10300.0,29.7,B
2021-06-04T14:08:21,1000.0,29.6,S
2021-06-04T14:08:20,10000.0,29.7,B
2021-06-04T14:08:08,4500.0,29.6,B
2021-06-04T14:08:07,400.0,29.6,B
2021-06-04T14:08:05,7000.0,29.6,B
2021-06-04T14:08:04,700.0,29.6,B
2021-06-04T14:08:03,2000.0,29.6,B
2021-06-04T14:08:02,2200.0,29.6,B
2021-06-04T14:08:00,1000.0,29.6,B
2021-06-04T14:08:00,10000.0,29.6,B
2021-06-04T14:08:00,20000.0,29.6,B
2021-06-04T14:08:00,10000.0,29.6,B
2021-06-04T14:07:59,2500.0,29.6,B
2021-06-04T14:07:58,3000.0,29.6,B
2021-06-04T14:07:56,4700.0,29.6,B
2021-06-04T14:07:56,1500.0,29.6,B
2021-06-04T14:07:55,60500.0,29.6,B
2021-06-04T14:07:53,2000.0,29.6,B
2021-06-04T14:07:52,10100.0,29.6,B
2021-06-04T14:07:51,1500.0,29.6,B
2021-06-04T14:07:48,100.0,29.6,B
2021-06-04T14:07:48,300.0,29.6,B
2021-06-04T14:07:47,2000.0,29.6,B
2021-06-04T14:07:46,3500.0,29.6,B
2021-06-04T14:07:45,500.0,29.6,B
2021-06-04T14:07:42,3000.0,29.6,B
2021-06-04T14:07:41,300.0,29.6,B
2021-06-04T14:07:39,1000.0,29.6,B
2021-06-04T14:07:35,13700.0,29.6,B
2021-06-04T14:07:34,200.0,29.6,B
2021-06-04T14:07:33,1000.0,29.6,B
2021-06-04T14:07:32,200.0,29.6,B
2021-06-04T14:07:32,5000.0,29.6,B
2021-06-04T14:07:31,1500.0,29.6,B
2021-06-04T14:07:30,100.0,29.6,B
2021-06-04T14:07:28,1000.0,29.6,B
2021-06-04T14:07:28,400.0,29.6,B
2021-06-04T14:07:27,5000.0,29.6,B
2021-06-04T14:07:26,2000.0,29.6,B
2021-06-04T14:07:25,1500.0,29.6,B
2021-06-04T14:07:24,200.0,29.6,B
2021-06-04T14:07:23,3300.0,29.6,B
2021-06-04T14:07:22,200.0,29.6,B
2021-06-04T14:07:22,200.0,29.6,B
2021-06-04T14:07:20,1500.0,29.6,B
2021-06-04T14:07:19,100.0,29.6,B
2021-06-04T14:07:18,2000.0,29.6,B
2021-06-04T14:07:17,1000.0,29.6,B
2021-06-04T14:07:16,5000.0,29.6,B
2021-06-04T14:07:15,2000.0,29.6,B
2021-06-04T14:07:11,100.0,29.6,B
2021-06-04T14:07:10,3000.0,29.6,B
2021-06-04T14:07:08,26000.0,29.6,B
2021-06-04T14:07:07,1100.0,29.6,B
2021-06-04T14:07:06,600.0,29.6,B
2021-06-04T14:07:00,100.0,29.6,B
2021-06-04T14:07:00,2700.0,29.6,B
2021-06-04T14:06:58,800.0,29.6,B
2021-06-04T14:06:57,100.0,29.6,B
2021-06-04T14:06:57,1600.0,29.6,B
2021-06-04T14:06:53,10000.0,29.6,B
2021-06-04T14:06:52,300.0,29.6,B
2021-06-04T14:06:51,700.0,29.6,B
2021-06-04T14:06:50,300.0,29.6,B
2021-06-04T14:06:49,6400.0,29.6,B
2021-06-04T14:06:48,3000.0,29.6,B
2021-06-04T14:06:47,5000.0,29.5,S
2021-06-04T14:06:45,400.0,29.6,B
2021-06-04T14:06:44,2000.0,29.6,B
2021-06-04T14:06:44,13500.0,29.6,B
2021-06-04T14:06:42,300.0,29.6,B
2021-06-04T14:06:40,2000.0,29.6,B
2021-06-04T14:06:37,6000.0,29.6,B
2021-06-04T14:06:37,2500.0,29.6,B
2021-06-04T14:06:36,100.0,29.6,B
2021-06-04T14:06:35,1000.0,29.6,B
2021-06-04T14:06:31,2000.0,29.6,B
2021-06-04T14:06:30,5000.0,29.6,B
2021-06-04T14:06:30,3000.0,29.6,B
2021-06-04T14:06:27,1000.0,29.6,B
2021-06-04T14:06:26,900.0,29.6,B
2021-06-04T14:06:26,1000.0,29.6,B
2021-06-04T14:06:25,700.0,29.6,B
2021-06-04T14:06:25,200.0,29.6,B
2021-06-04T14:06:24,30100.0,29.6,B
2021-06-04T14:06:23,800.0,29.6,B
2021-06-04T14:06:22,12000.0,29.6,B
2021-06-04T14:06:18,100.0,29.6,B
2021-06-04T14:06:17,2000.0,29.6,B
2021-06-04T14:06:17,60700.0,29.6,B
2021-06-04T14:06:16,2000.0,29.6,B
2021-06-04T14:06:12,2000.0,29.6,B
2021-06-04T14:06:12,1000.0,29.6,B
2021-06-04T14:06:11,300.0,29.6,B
2021-06-04T14:06:05,100.0,29.6,B
2021-06-04T14:06:02,20000.0,29.6,B
2021-06-04T14:06:01,1000.0,29.6,B
2021-06-04T14:05:59,6300.0,29.6,B
2021-06-04T14:05:59,3000.0,29.6,B
2021-06-04T14:05:57,200.0,29.6,B
2021-06-04T14:05:55,9200.0,29.6,B
2021-06-04T14:05:52,1000.0,29.6,B
2021-06-04T14:05:50,100.0,29.5,S
2021-06-04T14:05:50,2000.0,29.6,B
2021-06-04T14:05:50,15000.0,29.6,B
2021-06-04T14:05:49,300.0,29.5,S
2021-06-04T14:05:48,3500.0,29.6,B
2021-06-04T14:05:47,1000.0,29.6,B
2021-06-04T14:05:46,2100.0,29.6,B
2021-06-04T14:05:45,900.0,29.5,S
2021-06-04T14:05:44,10300.0,29.6,B
2021-06-04T14:05:42,3000.0,29.6,B
2021-06-04T14:05:41,8000.0,29.6,B
2021-06-04T14:05:40,9500.0,29.6,B
2021-06-04T14:05:40,500.0,29.5,S
2021-06-04T14:05:38,400.0,29.6,B
2021-06-04T14:05:38,100.0,29.6,B
2021-06-04T14:05:36,100.0,29.6,B
2021-06-04T14:05:36,100.0,29.6,B
2021-06-04T14:05:32,300.0,29.6,B
2021-06-04T14:05:31,400.0,29.5,S
2021-06-04T14:05:31,3000.0,29.6,B
2021-06-04T14:05:25,3300.0,29.6,B
2021-06-04T14:05:21,300.0,29.6,B
2021-06-04T14:05:21,1000.0,29.5,S
2021-06-04T14:05:19,20000.0,29.6,B
2021-06-04T14:05:18,2100.0,29.5,B
2021-06-04T14:05:16,2500.0,29.5,B
2021-06-04T14:05:15,1500.0,29.5,B
2021-06-04T14:05:14,10300.0,29.5,B
2021-06-04T14:05:12,2000.0,29.5,B
2021-06-04T14:05:11,8900.0,29.5,B
2021-06-04T14:05:10,1000.0,29.5,B
2021-06-04T14:05:06,300.0,29.5,B
2021-06-04T14:05:05,10000.0,29.5,B
2021-06-04T14:05:05,7400.0,29.5,B
2021-06-04T14:05:04,100000.0,29.5,B
2021-06-04T14:05:02,25000.0,29.5,B
2021-06-04T14:05:00,27700.0,29.5,B
2021-06-04T14:04:59,2000.0,29.4,S
2021-06-04T14:04:59,600.0,29.5,B
2021-06-04T14:04:58,100.0,29.5,B
2021-06-04T14:04:56,400.0,29.5,B
2021-06-04T14:04:55,200.0,29.5,B
2021-06-04T14:04:52,59000.0,29.5,B
2021-06-04T14:04:46,1000.0,29.4,S
2021-06-04T14:04:46,1000.0,29.5,B
2021-06-04T14:04:44,1000.0,29.4,S
2021-06-04T14:04:43,200.0,29.5,B
2021-06-04T14:04:42,7000.0,29.5,B
2021-06-04T14:04:41,3200.0,29.5,B
2021-06-04T14:04:41,1000.0,29.4,S
2021-06-04T14:04:40,10100.0,29.5,B
2021-06-04T14:04:37,100.0,29.4,S
2021-06-04T14:04:29,2100.0,29.5,B
2021-06-04T14:04:28,500.0,29.4,S
2021-06-04T14:04:26,600.0,29.4,S
2021-06-04T14:04:26,10000.0,29.4,S
2021-06-04T14:04:24,5700.0,29.4,B
2021-06-04T14:04:19,1400.0,29.4,B
2021-06-04T14:04:14,5000.0,29.4,B
2021-06-04T14:04:12,2000.0,29.4,B
2021-06-04T14:04:09,500.0,29.4,B
2021-06-04T14:04:08,1200.0,29.4,B
2021-06-04T14:04:07,100.0,29.4,B
2021-06-04T14:04:03,1300.0,29.4,B
2021-06-04T14:04:01,3600.0,29.4,B
2021-06-04T14:04:00,5800.0,29.4,B
2021-06-04T14:03:57,100.0,29.4,B
2021-06-04T14:03:52,1000.0,29.4,B
2021-06-04T14:03:51,2700.0,29.4,B
2021-06-04T14:03:50,200.0,29.4,B
2021-06-04T14:03:47,17500.0,29.4,S
2021-06-04T14:03:45,200.0,29.4,S
2021-06-04T14:03:44,200.0,29.4,B
2021-06-04T14:03:43,2000.0,29.4,B
2021-06-04T14:03:41,9700.0,29.4,B
2021-06-04T14:03:39,9000.0,29.4,B
2021-06-04T14:03:37,100.0,29.3,S
2021-06-04T14:03:36,2000.0,29.4,B
2021-06-04T14:03:34,300.0,29.4,B
2021-06-04T14:03:29,100.0,29.4,B
2021-06-04T14:03:28,5000.0,29.4,B
2021-06-04T14:03:27,5000.0,29.4,B
2021-06-04T14:03:25,1900.0,29.3,S
2021-06-04T14:03:24,1000.0,29.4,B
2021-06-04T14:03:23,500.0,29.4,B
2021-06-04T14:03:22,5000.0,29.4,B
2021-06-04T14:03:20,1500.0,29.4,B
2021-06-04T14:03:14,800.0,29.4,B
2021-06-04T14:03:13,3800.0,29.4,B
2021-06-04T14:03:12,100.0,29.3,S
2021-06-04T14:03:11,300.0,29.4,B
2021-06-04T14:03:10,45500.0,29.4,B
2021-06-04T14:03:08,2000.0,29.4,B
2021-06-04T14:03:05,4000.0,29.4,B
2021-06-04T14:03:04,10000.0,29.4,B
2021-06-04T14:02:58,500.0,29.4,B
2021-06-04T14:02:57,100.0,29.4,B
2021-06-04T14:02:51,100.0,29.4,B
2021-06-04T14:02:47,2300.0,29.4,B
2021-06-04T14:02:44,3000.0,29.4,B
2021-06-04T14:02:39,1000.0,29.4,B
2021-06-04T14:02:37,800.0,29.4,B
2021-06-04T14:02:34,100.0,29.4,B
2021-06-04T14:02:31,2000.0,29.3,S
2021-06-04T14:02:28,1000.0,29.4,B
2021-06-04T14:02:27,16700.0,29.4,B
2021-06-04T14:02:26,100.0,29.3,S
2021-06-04T14:02:25,800.0,29.4,B
2021-06-04T14:02:22,80200.0,29.4,B
2021-06-04T14:02:13,2000.0,29.3,S
2021-06-04T14:02:12,1300.0,29.4,B
2021-06-04T14:02:07,10000.0,29.4,B
2021-06-04T14:02:02,1000.0,29.4,B
2021-06-04T14:01:59,1600.0,29.3,S
2021-06-04T14:01:59,200.0,29.3,S
2021-06-04T14:01:58,2300.0,29.3,B
2021-06-04T14:01:54,1000.0,29.4,B
2021-06-04T14:01:54,2500.0,29.3,B
2021-06-04T14:01:53,1000.0,29.3,S
2021-06-04T14:01:50,400.0,29.3,S
2021-06-04T14:01:49,1000.0,29.3,S
2021-06-04T14:01:48,200.0,29.3,S
2021-06-04T14:01:47,3000.0,29.4,B
2021-06-04T14:01:43,2200.0,29.3,S
2021-06-04T14:01:42,11400.0,29.3,S
2021-06-04T14:01:41,100.0,29.3,B
2021-06-04T14:01:39,1500.0,29.3,B
2021-06-04T14:01:38,500.0,29.3,B
2021-06-04T14:01:35,1000.0,29.3,B
2021-06-04T14:01:34,6600.0,29.3,B
2021-06-04T14:01:33,4100.0,29.3,B
2021-06-04T14:01:31,500.0,29.3,B
2021-06-04T14:01:31,5000.0,29.3,B
2021-06-04T14:01:30,1500.0,29.3,B
2021-06-04T14:01:29,100.0,29.3,B
2021-06-04T14:01:29,100.0,29.3,B
2021-06-04T14:01:28,400.0,29.3,B
2021-06-04T14:01:25,800.0,29.3,B
2021-06-04T14:01:24,1000.0,29.3,B
2021-06-04T14:01:23,20000.0,29.3,B
2021-06-04T14:01:21,2500.0,29.3,B
2021-06-04T14:01:20,600.0,29.3,B
2021-06-04T14:01:14,1000.0,29.3,B
2021-06-04T14:01:13,11000.0,29.3,B
2021-06-04T14:01:12,3500.0,29.3,B
2021-06-04T14:01:09,10000.0,29.3,B
2021-06-04T14:01:07,1900.0,29.3,B
2021-06-04T14:01:06,100.0,29.3,B
2021-06-04T14:01:04,400.0,29.3,B
2021-06-04T14:01:02,300.0,29.3,B
2021-06-04T14:00:58,500.0,29.3,B
2021-06-04T14:00:55,600.0,29.3,B
2021-06-04T14:00:55,100.0,29.3,B
2021-06-04T14:00:52,10000.0,29.3,B
2021-06-04T14:00:51,800.0,29.3,B
2021-06-04T14:00:48,500.0,29.3,B
2021-06-04T14:00:47,2000.0,29.3,B
2021-06-04T14:00:45,2600.0,29.3,B
2021-06-04T14:00:38,700.0,29.2,S
2021-06-04T14:00:38,5000.0,29.3,B
2021-06-04T14:00:36,3000.0,29.2,S
2021-06-04T14:00:35,200.0,29.3,B
2021-06-04T14:00:34,1000.0,29.3,B
2021-06-04T14:00:33,100.0,29.2,S
2021-06-04T14:00:32,200.0,29.3,B
2021-06-04T14:00:30,500.0,29.3,B
2021-06-04T14:00:27,1000.0,29.3,B
2021-06-04T14:00:26,10000.0,29.3,B
2021-06-04T14:00:23,100.0,29.3,B
2021-06-04T14:00:23,100.0,29.3,B
2021-06-04T14:00:17,500.0,29.3,B
2021-06-04T14:00:14,100.0,29.3,B
2021-06-04T14:00:07,2500.0,29.3,B
2021-06-04T14:00:03,1000.0,29.3,B
2021-06-04T14:00:00,5000.0,29.3,B
2021-06-04T13:59:55,1000.0,29.3,B
2021-06-04T13:59:54,3000.0,29.3,B
2021-06-04T13:59:48,2700.0,29.3,B
2021-06-04T13:59:47,1000.0,29.3,B
2021-06-04T13:59:44,500.0,29.3,B
2021-06-04T13:59:40,200.0,29.2,S
2021-06-04T13:59:33,1000.0,29.3,B
2021-06-04T13:59:33,1000.0,29.3,B
2021-06-04T13:59:31,2500.0,29.2,S
2021-06-04T13:59:29,500.0,29.3,B
2021-06-04T13:59:27,300.0,29.3,B
2021-06-04T13:59:24,200.0,29.3,B
2021-06-04T13:59:20,45000.0,29.2,S
2021-06-04T13:59:13,200.0,29.3,B
2021-06-04T13:59:13,100.0,29.3,B
2021-06-04T13:59:12,1000.0,29.3,B
2021-06-04T13:59:08,200.0,29.3,B
2021-06-04T13:59:05,500.0,29.3,B
2021-06-04T13:59:03,200.0,29.3,B
2021-06-04T13:58:57,500.0,29.3,B
2021-06-04T13:58:43,600.0,29.3,B
2021-06-04T13:58:42,2000.0,29.2,S
2021-06-04T13:58:40,300.0,29.2,S
2021-06-04T13:58:36,1000.0,29.2,S
2021-06-04T13:58:34,300.0,29.2,S
2021-06-04T13:58:33,200.0,29.2,S
2021-06-04T13:58:31,20400.0,29.2,B
2021-06-04T13:58:29,2400.0,29.2,B
2021-06-04T13:58:28,1000.0,29.2,B
2021-06-04T13:58:20,10000.0,29.2,B
2021-06-04T13:58:10,3800.0,29.1,S
2021-06-04T13:58:09,500.0,29.2,B
2021-06-04T13:58:04,200.0,29.2,B
2021-06-04T13:58:03,600.0,29.2,B
2021-06-04T13:58:00,1300.0,29.2,S
2021-06-04T13:57:59,25200.0,29.2,B
2021-06-04T13:57:57,5000.0,29.2,B
2021-06-04T13:57:55,500.0,29.2,B
2021-06-04T13:57:53,1000.0,29.2,B
2021-06-04T13:57:50,4600.0,29.2,B
2021-06-04T13:57:46,200.0,29.2,B
2021-06-04T13:57:45,5000.0,29.2,S
2021-06-04T13:57:37,2000.0,29.2,S
2021-06-04T13:57:36,300.0,29.2,S
2021-06-04T13:57:35,5000.0,29.3,B
2021-06-04T13:57:34,12800.0,29.2,S
2021-06-04T13:57:31,10000.0,29.2,B
2021-06-04T13:57:30,20000.0,29.1,S
2021-06-04T13:57:19,7200.0,29.2,B
2021-06-04T13:57:19,1000.0,29.3,B
2021-06-04T13:57:02,10000.0,29.3,B
2021-06-04T13:57:01,41000.0,29.3,B
2021-06-04T13:56:57,2000.0,29.2,B
2021-06-04T13:56:55,200.0,29.2,S
2021-06-04T13:56:48,2000.0,29.3,B
2021-06-04T13:56:48,2500.0,29.3,B
2021-06-04T13:56:47,100.0,29.2,B
2021-06-04T13:56:47,1400.0,29.2,S
2021-06-04T13:56:46,2000.0,29.3,B
2021-06-04T13:56:46,1300.0,29.3,B
2021-06-04T13:56:44,100.0,29.3,B
2021-06-04T13:56:42,5000.0,29.3,B
2021-06-04T13:56:39,500.0,29.3,B
2021-06-04T13:56:36,5000.0,29.2,S
2021-06-04T13:56:35,20000.0,29.2,S
2021-06-04T13:56:31,500.0,29.3,B
2021-06-04T13:56:30,100.0,29.2,S
2021-06-04T13:56:29,500.0,29.2,S
2021-06-04T13:56:20,2000.0,29.3,B
2021-06-04T13:56:18,1000.0,29.3,B
2021-06-04T13:56:17,5000.0,29.3,B
2021-06-04T13:56:13,300.0,29.3,B
2021-06-04T13:56:13,1100.0,29.3,B
2021-06-04T13:56:11,10000.0,29.2,S
2021-06-04T13:56:10,300.0,29.2,S
2021-06-04T13:56:09,100.0,29.2,S
2021-06-04T13:56:05,100.0,29.2,S
2021-06-04T13:55:59,1900.0,29.3,B
2021-06-04T13:55:56,1500.0,29.2,S
2021-06-04T13:55:51,100.0,29.3,B
2021-06-04T13:55:48,900.0,29.2,S
2021-06-04T13:55:47,1500.0,29.2,S
2021-06-04T13:55:45,700.0,29.3,B
2021-06-04T13:55:41,3000.0,29.3,B
2021-06-04T13:55:39,800.0,29.2,S
2021-06-04T13:55:33,300.0,29.2,S
2021-06-04T13:55:25,100.0,29.2,S
2021-06-04T13:55:24,20100.0,29.3,B
2021-06-04T13:55:20,20000.0,29.3,B
2021-06-04T13:55:19,1000.0,29.2,S
2021-06-04T13:55:18,1000.0,29.3,B
2021-06-04T13:55:17,1000.0,29.3,B
2021-06-04T13:55:16,100.0,29.3,B
2021-06-04T13:55:14,100.0,29.3,B
2021-06-04T13:55:13,10000.0,29.2,S
2021-06-04T13:55:13,200.0,29.3,B
2021-06-04T13:55:07,10000.0,29.3,B
2021-06-04T13:55:04,1000.0,29.3,B
2021-06-04T13:55:00,10000.0,29.3,B
2021-06-04T13:54:59,1000.0,29.3,B
2021-06-04T13:54:56,500.0,29.3,B
2021-06-04T13:54:55,1000.0,29.3,B
2021-06-04T13:54:52,2100.0,29.3,B
2021-06-04T13:54:51,200.0,29.3,B
2021-06-04T13:54:50,5000.0,29.3,B
2021-06-04T13:54:44,200.0,29.3,B
2021-06-04T13:54:43,500.0,29.3,B
2021-06-04T13:54:43,900.0,29.3,B
2021-06-04T13:54:41,100.0,29.3,B
2021-06-04T13:54:36,1100.0,29.3,B
2021-06-04T13:54:34,400.0,29.3,B
2021-06-04T13:54:34,100.0,29.2,S
2021-06-04T13:54:31,100.0,29.3,B
2021-06-04T13:54:28,300.0,29.3,B
2021-06-04T13:54:27,500.0,29.3,B
2021-06-04T13:54:24,1000.0,29.3,B
2021-06-04T13:54:22,500.0,29.3,B
2021-06-04T13:54:22,100.0,29.3,B
2021-06-04T13:54:20,2700.0,29.3,S
2021-06-04T13:54:17,100.0,29.3,S
2021-06-04T13:54:15,100.0,29.3,S
2021-06-04T13:54:12,1000.0,29.4,B
2021-06-04T13:54:11,5000.0,29.4,B
2021-06-04T13:54:10,100.0,29.4,B
2021-06-04T13:54:07,7400.0,29.4,B
2021-06-04T13:54:05,300.0,29.3,S
2021-06-04T13:54:02,1000.0,29.4,B
2021-06-04T13:54:01,1000.0,29.4,B
2021-06-04T13:54:00,5000.0,29.4,B
2021-06-04T13:53:59,5500.0,29.3,B
2021-06-04T13:53:54,100.0,29.3,S
2021-06-04T13:53:53,6700.0,29.4,B
2021-06-04T13:53:53,3300.0,29.4,B
2021-06-04T13:53:50,10000.0,29.4,B
2021-06-04T13:53:45,1000.0,29.3,B
2021-06-04T13:53:44,300.0,29.3,B
2021-06-04T13:53:42,3000.0,29.3,B
2021-06-04T13:53:41,400.0,29.3,B
2021-06-04T13:53:41,1000.0,29.3,B
2021-06-04T13:53:40,300.0,29.3,B
2021-06-04T13:53:37,2000.0,29.3,B
2021-06-04T13:53:36,1000.0,29.3,B
2021-06-04T13:53:31,100.0,29.3,B
2021-06-04T13:53:30,300.0,29.3,B
2021-06-04T13:53:28,100.0,29.3,B
2021-06-04T13:53:26,1000.0,29.3,B
2021-06-04T13:53:23,1500.0,29.3,B
2021-06-04T13:53:22,100.0,29.3,B
2021-06-04T13:53:22,200.0,29.3,B
2021-06-04T13:53:20,600.0,29.3,B
2021-06-04T13:53:18,100.0,29.3,B
2021-06-04T13:53:18,200.0,29.3,B
2021-06-04T13:53:17,1000.0,29.3,B
2021-06-04T13:53:13,100.0,29.4,B
2021-06-04T13:53:08,400.0,29.4,B
2021-06-04T13:53:08,1800.0,29.3,S
2021-06-04T13:53:07,200.0,29.3,S
2021-06-04T13:53:06,50000.0,29.4,B
2021-06-04T13:53:06,100.0,29.4,B
2021-06-04T13:53:05,300.0,29.4,B
2021-06-04T13:53:03,200.0,29.4,B
2021-06-04T13:52:53,3000.0,29.4,B
2021-06-04T13:52:52,1200.0,29.3,S
2021-06-04T13:52:51,300.0,29.4,B
2021-06-04T13:52:50,700.0,29.3,S
2021-06-04T13:52:50,3000.0,29.4,B
2021-06-04T13:52:48,10400.0,29.4,B
2021-06-04T13:52:46,1000.0,29.4,B
2021-06-04T13:52:45,10700.0,29.4,B
2021-06-04T13:52:44,1000.0,29.3,S
2021-06-04T13:52:38,400.0,29.3,S
2021-06-04T13:52:37,500.0,29.4,B
2021-06-04T13:52:35,1600.0,29.4,B
2021-06-04T13:52:33,1000.0,29.3,S
2021-06-04T13:52:27,1000.0,29.4,B
2021-06-04T13:52:25,500.0,29.3,B
2021-06-04T13:52:23,500.0,29.3,B
2021-06-04T13:52:21,200.0,29.3,S
2021-06-04T13:52:18,700.0,29.4,B
2021-06-04T13:52:18,900.0,29.4,B
2021-06-04T13:52:16,2500.0,29.3,S
2021-06-04T13:52:15,48500.0,29.3,S
2021-06-04T13:52:13,1000.0,29.4,B
2021-06-04T13:52:11,1000.0,29.4,B
2021-06-04T13:52:10,50000.0,29.4,B
2021-06-04T13:52:08,1100.0,29.4,B
2021-06-04T13:52:04,52900.0,29.4,B
2021-06-04T13:52:02,5000.0,29.4,B
2021-06-04T13:51:59,10000.0,29.4,B
2021-06-04T13:51:59,5000.0,29.4,B
2021-06-04T13:51:57,200.0,29.3,S
2021-06-04T13:51:55,5000.0,29.3,S
2021-06-04T13:51:53,100.0,29.3,S
2021-06-04T13:51:52,1600.0,29.4,B
2021-06-04T13:51:51,1000.0,29.4,B
2021-06-04T13:51:45,1200.0,29.4,B
2021-06-04T13:51:43,100.0,29.4,B
2021-06-04T13:51:43,100.0,29.4,B
2021-06-04T13:51:38,400.0,29.4,B
2021-06-04T13:51:37,400.0,29.4,B
2021-06-04T13:51:37,800.0,29.4,B
2021-06-04T13:51:35,2500.0,29.4,B
2021-06-04T13:51:34,500.0,29.4,B
2021-06-04T13:51:32,300.0,29.4,B
2021-06-04T13:51:28,1100.0,29.4,B
2021-06-04T13:51:25,300.0,29.4,B
2021-06-04T13:51:24,100.0,29.4,B
2021-06-04T13:51:23,100.0,29.3,S
2021-06-04T13:51:22,1000.0,29.4,B
2021-06-04T13:51:20,100.0,29.3,S
2021-06-04T13:51:20,9900.0,29.4,B
2021-06-04T13:51:18,1000.0,29.4,B
2021-06-04T13:51:14,700.0,29.4,B
2021-06-04T13:51:13,700.0,29.4,B
2021-06-04T13:51:12,7000.0,29.4,B
2021-06-04T13:51:12,200.0,29.4,B
2021-06-04T13:51:08,600.0,29.4,B
2021-06-04T13:51:05,200.0,29.4,B
2021-06-04T13:51:05,200.0,29.3,S
2021-06-04T13:51:03,500.0,29.4,B
2021-06-04T13:51:01,500.0,29.4,B
2021-06-04T13:51:01,1000.0,29.3,S
2021-06-04T13:50:57,1000.0,29.3,S
2021-06-04T13:50:56,5000.0,29.3,S
2021-06-04T13:50:53,1900.0,29.3,S
2021-06-04T13:50:53,500.0,29.2,S
2021-06-04T13:50:52,200.0,29.3,B
2021-06-04T13:50:52,100.0,29.3,B
2021-06-04T13:50:50,2000.0,29.3,B
2021-06-04T13:50:49,300.0,29.3,B
2021-06-04T13:50:48,300.0,29.3,B
2021-06-04T13:50:47,900.0,29.3,B
2021-06-04T13:50:45,100.0,29.3,B
2021-06-04T13:50:45,1000.0,29.3,B
2021-06-04T13:50:43,4000.0,29.3,B
2021-06-04T13:50:43,100.0,29.3,B
2021-06-04T13:50:42,200.0,29.3,B
2021-06-04T13:50:41,300.0,29.3,B
2021-06-04T13:50:40,2000.0,29.3,B
2021-06-04T13:50:39,3500.0,29.3,B
2021-06-04T13:50:37,1300.0,29.3,B
2021-06-04T13:50:36,100.0,29.3,B
2021-06-04T13:50:34,3000.0,29.3,B
2021-06-04T13:50:32,600.0,29.3,B
2021-06-04T13:50:32,100.0,29.2,S
2021-06-04T13:50:31,1000.0,29.3,B
2021-06-04T13:50:28,20100.0,29.3,B
2021-06-04T13:50:27,500.0,29.3,B
2021-06-04T13:50:25,400.0,29.3,B
2021-06-04T13:50:23,1000.0,29.3,B
2021-06-04T13:50:23,1000.0,29.3,B
2021-06-04T13:50:21,2000.0,29.2,S
2021-06-04T13:50:20,2000.0,29.2,S
2021-06-04T13:50:18,100.0,29.2,S
2021-06-04T13:50:17,600.0,29.2,S
2021-06-04T13:50:13,1000.0,29.3,B
2021-06-04T13:50:12,400.0,29.2,S
2021-06-04T13:50:10,200.0,29.2,S
2021-06-04T13:50:09,2000.0,29.3,B
2021-06-04T13:50:06,500.0,29.2,S
2021-06-04T13:50:05,2300.0,29.2,B
2021-06-04T13:50:03,300.0,29.1,S
2021-06-04T13:50:01,31400.0,29.1,S
2021-06-04T13:50:01,15000.0,29.2,B
2021-06-04T13:50:00,200.0,29.2,B
2021-06-04T13:49:59,10700.0,29.1,S
2021-06-04T13:49:57,50000.0,29.2,B
2021-06-04T13:49:54,200.0,29.1,S
2021-06-04T13:49:53,100.0,29.1,S
2021-06-04T13:49:49,2000.0,29.2,B
2021-06-04T13:49:46,300.0,29.1,S
2021-06-04T13:49:45,1200.0,29.1,B
2021-06-04T13:49:43,5500.0,29.1,B
2021-06-04T13:49:42,100.0,29.1,B
2021-06-04T13:49:40,2000.0,29.1,B
2021-06-04T13:49:38,2500.0,29.1,B
2021-06-04T13:49:33,5000.0,29.1,B
2021-06-04T13:49:33,1000.0,29.1,B
2021-06-04T13:49:32,1000.0,29.0,S
2021-06-04T13:49:30,2200.0,29.1,B
2021-06-04T13:49:29,300.0,29.1,B
2021-06-04T13:49:27,100.0,29.1,B
2021-06-04T13:49:24,2000.0,29.1,B
2021-06-04T13:49:24,100.0,29.0,S
2021-06-04T13:49:19,600.0,29.1,B
2021-06-04T13:49:19,500.0,29.0,S
2021-06-04T13:49:14,10000.0,29.1,B
2021-06-04T13:49:12,1000.0,29.1,B
2021-06-04T13:49:11,40300.0,29.0,S
2021-06-04T13:49:10,500.0,29.0,B
2021-06-04T13:49:10,100.0,29.0,B
2021-06-04T13:49:08,2000.0,29.0,B
2021-06-04T13:49:07,12700.0,29.0,B
2021-06-04T13:49:07,500.0,29.0,B
2021-06-04T13:49:06,3000.0,29.0,B
2021-06-04T13:49:06,400.0,29.0,B
2021-06-04T13:49:05,500.0,29.0,B
2021-06-04T13:49:04,3500.0,29.0,B
2021-06-04T13:49:03,10000.0,29.0,B
2021-06-04T13:49:03,200.0,29.0,B
2021-06-04T13:49:00,5000.0,29.0,B
2021-06-04T13:49:00,12900.0,29.0,B
2021-06-04T13:48:59,2000.0,29.0,B
2021-06-04T13:48:57,2000.0,29.0,B
2021-06-04T13:48:57,400.0,29.0,B
2021-06-04T13:48:55,300.0,29.0,B
2021-06-04T13:48:54,1000.0,29.0,B
2021-06-04T13:48:54,500.0,29.0,B
2021-06-04T13:48:50,100.0,29.0,B
2021-06-04T13:48:49,11000.0,29.0,B
2021-06-04T13:48:47,100.0,28.9,S
2021-06-04T13:48:46,6000.0,29.0,B
2021-06-04T13:48:45,10000.0,29.0,B
2021-06-04T13:48:44,1600.0,29.0,B
2021-06-04T13:48:42,5000.0,29.0,B
2021-06-04T13:48:39,1600.0,29.0,B
2021-06-04T13:48:38,1500.0,29.0,B
2021-06-04T13:48:38,200.0,29.0,B
2021-06-04T13:48:35,40000.0,29.0,B
2021-06-04T13:48:35,7000.0,29.0,B
2021-06-04T13:48:34,500.0,29.0,B
2021-06-04T13:48:34,10300.0,29.0,B
2021-06-04T13:48:33,10000.0,29.0,B
2021-06-04T13:48:30,500.0,29.0,B
2021-06-04T13:48:28,50000.0,29.0,B
2021-06-04T13:48:28,6000.0,28.9,S
2021-06-04T13:48:27,1500.0,29.0,B
2021-06-04T13:48:25,6100.0,29.0,B
2021-06-04T13:48:24,10000.0,29.0,B
2021-06-04T13:48:22,30000.0,29.0,B
2021-06-04T13:48:21,20000.0,29.0,B
2021-06-04T13:48:20,18000.0,29.0,B
2021-06-04T13:48:20,500.0,29.0,B
2021-06-04T13:48:18,500.0,29.0,B
2021-06-04T13:48:16,800.0,29.0,B
2021-06-04T13:48:13,100.0,29.0,B
2021-06-04T13:48:12,15000.0,29.0,B
2021-06-04T13:48:11,10000.0,29.0,B
2021-06-04T13:48:10,3000.0,28.9,S
2021-06-04T13:48:09,4000.0,29.0,B
2021-06-04T13:48:07,400.0,29.0,B
2021-06-04T13:48:06,1000.0,29.0,B
2021-06-04T13:48:06,10000.0,29.0,B
2021-06-04T13:48:04,1100.0,29.0,B
2021-06-04T13:48:02,2000.0,29.0,B
2021-06-04T13:48:01,30100.0,29.0,B
2021-06-04T13:48:01,2200.0,29.0,B
2021-06-04T13:47:59,500.0,29.0,B
2021-06-04T13:47:58,100.0,29.0,B
2021-06-04T13:47:56,3900.0,29.0,B
2021-06-04T13:47:55,12700.0,28.9,S
2021-06-04T13:47:55,900.0,29.0,B
2021-06-04T13:47:53,1000.0,29.0,B
2021-06-04T13:47:52,100.0,29.0,B
2021-06-04T13:47:50,600.0,29.0,B
2021-06-04T13:47:48,1400.0,29.0,B
2021-06-04T13:47:47,1000.0,29.0,B
2021-06-04T13:47:45,2000.0,29.0,B
2021-06-04T13:47:41,1000.0,28.9,S
2021-06-04T13:47:40,100.0,29.0,B
2021-06-04T13:47:39,1000.0,29.0,B
2021-06-04T13:47:36,1000.0,28.9,S
2021-06-04T13:47:35,500.0,29.0,B
2021-06-04T13:47:33,800.0,29.0,B
2021-06-04T13:47:31,1000.0,29.0,B
2021-06-04T13:47:31,6100.0,29.0,B
2021-06-04T13:47:29,2000.0,29.0,B
2021-06-04T13:47:23,10000.0,29.0,B
2021-06-04T13:47:20,17600.0,29.0,B
2021-06-04T13:47:17,1000.0,28.9,S
2021-06-04T13:47:16,2200.0,29.0,B
2021-06-04T13:47:04,10000.0,29.0,B
2021-06-04T13:47:02,2800.0,28.9,B
2021-06-04T13:47:01,2300.0,28.9,B
2021-06-04T13:46:59,300.0,28.9,B
2021-06-04T13:46:57,20000.0,28.9,B
2021-06-04T13:46:56,4500.0,28.9,B
2021-06-04T13:46:56,8200.0,28.9,B
2021-06-04T13:46:55,2000.0,28.8,S
2021-06-04T13:46:55,10000.0,28.9,B
2021-06-04T13:46:53,200.0,28.9,B
2021-06-04T13:46:52,2900.0,28.9,B
2021-06-04T13:46:52,10000.0,28.9,B
2021-06-04T13:46:51,1000.0,28.9,B
2021-06-04T13:46:42,2100.0,28.9,B
2021-06-04T13:46:42,1000.0,28.8,S
2021-06-04T13:46:40,700.0,28.8,S
2021-06-04T13:46:39,500.0,28.8,S
2021-06-04T13:46:38,15000.0,28.9,B
2021-06-04T13:46:30,20000.0,28.9,B
2021-06-04T13:46:22,11300.0,28.8,B
2021-06-04T13:46:22,200.0,28.8,B
2021-06-04T13:46:18,1100.0,28.8,B
2021-06-04T13:46:17,3100.0,28.8,B
2021-06-04T13:46:14,10000.0,28.8,B
2021-06-04T13:46:14,1000.0,28.8,B
2021-06-04T13:46:13,100.0,28.8,B
2021-06-04T13:46:11,1000.0,28.8,B
2021-06-04T13:46:10,10000.0,28.8,B
2021-06-04T13:46:08,300.0,28.8,B
2021-06-04T13:46:06,1000.0,28.8,B
2021-06-04T13:46:05,1000.0,28.8,B
2021-06-04T13:45:58,100.0,28.8,B
2021-06-04T13:45:56,18000.0,28.8,B
2021-06-04T13:45:55,300.0,28.8,B
2021-06-04T13:45:54,1300.0,28.8,B
2021-06-04T13:45:54,400.0,28.8,B
2021-06-04T13:45:53,3000.0,28.8,B
2021-06-04T13:45:53,4000.0,28.8,B
2021-06-04T13:45:52,10000.0,28.8,B
2021-06-04T13:45:50,3000.0,28.8,B
2021-06-04T13:45:50,20000.0,28.8,B
2021-06-04T13:45:49,100.0,28.8,B
2021-06-04T13:45:45,12000.0,28.8,B
2021-06-04T13:45:45,30000.0,28.8,B
2021-06-04T13:45:40,200.0,28.8,B
2021-06-04T13:45:40,800.0,28.8,B
2021-06-04T13:45:36,11000.0,28.8,B
2021-06-04T13:45:32,500.0,28.8,B
2021-06-04T13:45:31,500.0,28.7,S
2021-06-04T13:45:29,5000.0,28.8,B
2021-06-04T13:45:27,7000.0,28.8,B
2021-06-04T13:45:26,2000.0,28.8,B
2021-06-04T13:45:26,3300.0,28.8,B
2021-06-04T13:45:23,300.0,28.8,B
2021-06-04T13:45:18,2000.0,28.8,B
2021-06-04T13:45:17,500.0,28.8,B
2021-06-04T13:45:09,500.0,28.8,B
2021-06-04T13:45:03,119000.0,28.8,B
2021-06-04T13:45:01,3800.0,28.7,B
2021-06-04T13:44:59,7000.0,28.7,B
2021-06-04T13:44:58,10000.0,28.7,B
2021-06-04T13:44:58,20000.0,28.7,B
2021-06-04T13:44:56,8700.0,28.7,B
2021-06-04T13:44:55,400.0,28.7,B
2021-06-04T13:44:54,1000.0,28.7,B
2021-06-04T13:44:54,15400.0,28.7,B
2021-06-04T13:44:51,5000.0,28.7,B
2021-06-04T13:44:50,1000.0,28.7,B
2021-06-04T13:44:48,1000.0,28.7,B
2021-06-04T13:44:45,20000.0,28.7,B
2021-06-04T13:44:43,20000.0,28.7,B
2021-06-04T13:44:42,8000.0,28.7,B
2021-06-04T13:44:39,20000.0,28.7,B
2021-06-04T13:44:37,500.0,28.7,B
2021-06-04T13:44:36,1300.0,28.7,B
2021-06-04T13:44:27,5000.0,28.7,B
2021-06-04T13:44:25,5000.0,28.7,B
2021-06-04T13:44:24,100.0,28.6,S
2021-06-04T13:44:23,300.0,28.7,B
2021-06-04T13:44:21,10000.0,28.7,B
2021-06-04T13:44:20,1000.0,28.6,S
2021-06-04T13:44:20,20000.0,28.7,B
2021-06-04T13:44:18,800.0,28.7,B
2021-06-04T13:44:17,500.0,28.7,B
2021-06-04T13:44:06,100.0,28.6,S
2021-06-04T13:44:04,10000.0,28.7,B
2021-06-04T13:44:00,200.0,28.7,B
2021-06-04T13:43:57,5000.0,28.7,B
2021-06-04T13:43:53,2000.0,28.6,S
2021-06-04T13:43:53,400.0,28.7,B
2021-06-04T13:43:45,400.0,28.6,S
2021-06-04T13:43:42,500.0,28.6,S
2021-06-04T13:43:33,1200.0,28.6,B
2021-06-04T13:43:30,10000.0,28.6,B
2021-06-04T13:43:29,5000.0,28.6,B
2021-06-04T13:43:27,5000.0,28.6,B
2021-06-04T13:43:26,1000.0,28.6,B
2021-06-04T13:43:25,1000.0,28.6,B
2021-06-04T13:43:24,10000.0,28.6,B
2021-06-04T13:43:21,4200.0,28.6,B
2021-06-04T13:43:21,10000.0,28.6,B
2021-06-04T13:43:20,5200.0,28.6,B
2021-06-04T13:43:20,10000.0,28.6,B
2021-06-04T13:43:18,3500.0,28.6,B
2021-06-04T13:43:17,3000.0,28.6,B
2021-06-04T13:43:16,100.0,28.6,B
2021-06-04T13:43:14,10000.0,28.6,B
2021-06-04T13:43:08,100.0,28.6,B
2021-06-04T13:43:05,1900.0,28.6,B
2021-06-04T13:43:05,9000.0,28.6,B
2021-06-04T13:43:01,8000.0,28.6,B
2021-06-04T13:42:49,1200.0,28.6,B
2021-06-04T13:42:48,200.0,28.5,S
2021-06-04T13:42:45,1000.0,28.6,B
2021-06-04T13:42:37,100.0,28.6,B
2021-06-04T13:42:27,1000.0,28.5,S
2021-06-04T13:42:26,5000.0,28.6,B
2021-06-04T13:42:23,100.0,28.6,B
2021-06-04T13:42:15,500.0,28.5,S
2021-06-04T13:42:14,3000.0,28.5,S
2021-06-04T13:42:08,5000.0,28.6,B
2021-06-04T13:42:03,1000.0,28.6,B
2021-06-04T13:42:02,16200.0,28.6,B
2021-06-04T13:41:58,1000.0,28.6,B
2021-06-04T13:41:56,36000.0,28.5,S
2021-06-04T13:41:49,2000.0,28.5,S
2021-06-04T13:41:48,6900.0,28.6,B
2021-06-04T13:41:44,1300.0,28.6,B
2021-06-04T13:41:39,100.0,28.6,B
2021-06-04T13:41:25,5000.0,28.6,B
2021-06-04T13:41:21,7400.0,28.6,B
2021-06-04T13:41:20,1000.0,28.6,B
2021-06-04T13:41:15,300.0,28.6,B
2021-06-04T13:41:11,1700.0,28.6,B
2021-06-04T13:41:03,3000.0,28.6,B
2021-06-04T13:40:58,300.0,28.6,B
2021-06-04T13:40:54,3000.0,28.6,B
2021-06-04T13:40:50,2700.0,28.6,B
2021-06-04T13:40:49,3000.0,28.6,B
2021-06-04T13:40:41,1000.0,28.6,B
2021-06-04T13:40:40,1000.0,28.6,B
2021-06-04T13:40:32,14100.0,28.6,B
2021-06-04T13:40:21,200.0,28.5,S
2021-06-04T13:40:20,1100.0,28.6,B
2021-06-04T13:40:13,1000.0,28.5,S
2021-06-04T13:40:10,100.0,28.5,S
2021-06-04T13:40:09,400.0,28.6,B
2021-06-04T13:40:04,2000.0,28.5,S
2021-06-04T13:40:00,3000.0,28.5,S
2021-06-04T13:39:59,500.0,28.5,S
2021-06-04T13:39:55,400.0,28.5,S
2021-06-04T13:39:50,1000.0,28.5,S
2021-06-04T13:39:40,1000.0,28.5,S
2021-06-04T13:39:38,300.0,28.5,S
2021-06-04T13:39:38,500.0,28.5,S
2021-06-04T13:39:36,5400.0,28.5,B
2021-06-04T13:39:35,200.0,28.5,B
2021-06-04T13:39:34,10000.0,28.5,B
2021-06-04T13:39:32,6100.0,28.5,B
2021-06-04T13:39:32,500.0,28.4,S
2021-06-04T13:39:27,30000.0,28.5,B
2021-06-04T13:39:24,10000.0,28.5,B
2021-06-04T13:39:20,200.0,28.4,S
2021-06-04T13:39:12,200000.0,28.5,B
2021-06-04T13:39:04,200.0,28.5,B
2021-06-04T13:38:50,1000.0,28.5,B
2021-06-04T13:38:44,10000.0,28.4,S
2021-06-04T13:38:41,4000.0,28.5,B
2021-06-04T13:38:39,600.0,28.5,B
2021-06-04T13:38:39,1100.0,28.5,B
2021-06-04T13:38:36,100.0,28.5,B
2021-06-04T13:38:29,200.0,28.4,S
2021-06-04T13:38:26,6000.0,28.5,B
2021-06-04T13:38:25,1000.0,28.4,S
2021-06-04T13:38:25,500.0,28.4,S
2021-06-04T13:38:16,500.0,28.4,S
2021-06-04T13:37:53,200.0,28.4,S
2021-06-04T13:37:51,1000.0,28.5,B
2021-06-04T13:37:49,500.0,28.5,B
2021-06-04T13:37:49,400.0,28.4,S
2021-06-04T13:37:47,10000.0,28.5,B
2021-06-04T13:37:41,600.0,28.4,S
2021-06-04T13:37:25,100.0,28.4,S
2021-06-04T13:37:24,400.0,28.5,B
2021-06-04T13:37:23,2000.0,28.4,S
2021-06-04T13:37:19,120100.0,28.5,B
2021-06-04T13:37:15,7400.0,28.4,S
2021-06-04T13:37:13,200.0,28.4,S
2021-06-04T13:37:13,1500.0,28.4,S
2021-06-04T13:37:12,100.0,28.4,S
2021-06-04T13:36:53,200.0,28.4,S
2021-06-04T13:36:24,1000.0,28.5,B
2021-06-04T13:36:18,2000.0,28.4,S
2021-06-04T13:36:13,1000.0,28.5,B
2021-06-04T13:36:12,600.0,28.4,S
2021-06-04T13:36:11,3300.0,28.5,B
2021-06-04T13:36:09,400.0,28.5,B
2021-06-04T13:36:00,500.0,28.4,S
2021-06-04T13:35:49,5500.0,28.4,S
2021-06-04T13:35:42,700.0,28.5,B
2021-06-04T13:35:28,10000.0,28.5,B
2021-06-04T13:35:26,500.0,28.4,S
2021-06-04T13:35:25,500.0,28.5,B
2021-06-04T13:35:24,500.0,28.4,S
2021-06-04T13:35:24,100.0,28.5,B
2021-06-04T13:35:20,100.0,28.5,B
2021-06-04T13:35:18,6500.0,28.4,B
2021-06-04T13:35:17,2200.0,28.4,B
2021-06-04T13:35:16,20000.0,28.4,B
2021-06-04T13:35:14,5000.0,28.4,B
2021-06-04T13:35:09,3000.0,28.4,B
2021-06-04T13:35:07,4100.0,28.4,B
2021-06-04T13:34:54,6000.0,28.4,B
2021-06-04T13:34:51,700.0,28.4,B
2021-06-04T13:34:46,3000.0,28.4,B
2021-06-04T13:34:42,1000.0,28.4,B
2021-06-04T13:34:37,4000.0,28.4,B
2021-06-04T13:34:29,3000.0,28.4,B
2021-06-04T13:34:26,200.0,28.4,B
2021-06-04T13:34:22,4800.0,28.4,B
2021-06-04T13:34:19,600.0,28.4,B
2021-06-04T13:34:06,1000.0,28.4,B
2021-06-04T13:34:00,5000.0,28.4,B
2021-06-04T13:33:59,200.0,28.4,B
2021-06-04T13:33:50,2000.0,28.4,B
2021-06-04T13:33:49,100.0,28.4,B
2021-06-04T13:33:44,1600.0,28.4,B
2021-06-04T13:33:43,3000.0,28.4,B
2021-06-04T13:33:36,700.0,28.4,B
2021-06-04T13:33:35,3500.0,28.4,B
2021-06-04T13:33:33,6100.0,28.4,B
2021-06-04T13:33:33,20000.0,28.4,B
2021-06-04T13:33:32,800.0,28.4,B
2021-06-04T13:33:13,400.0,28.4,B
2021-06-04T13:33:10,3000.0,28.4,B
2021-06-04T13:33:03,20000.0,28.4,B
2021-06-04T13:32:59,5000.0,28.4,B
2021-06-04T13:32:55,500.0,28.4,B
2021-06-04T13:32:48,2000.0,28.4,B
2021-06-04T13:32:44,2200.0,28.4,B
2021-06-04T13:32:43,2000.0,28.4,B
2021-06-04T13:32:31,53000.0,28.4,B
2021-06-04T13:32:27,800.0,28.3,S
2021-06-04T13:32:20,100.0,28.4,B
2021-06-04T13:32:17,100.0,28.4,B
2021-06-04T13:32:10,500.0,28.4,B
2021-06-04T13:32:01,1000.0,28.4,B
2021-06-04T13:31:59,200.0,28.4,B
2021-06-04T13:31:54,5000.0,28.3,S
2021-06-04T13:31:53,2000.0,28.3,S
2021-06-04T13:31:52,10000.0,28.4,B
2021-06-04T13:31:50,500.0,28.4,B
2021-06-04T13:31:45,500.0,28.4,B
2021-06-04T13:31:45,1500.0,28.4,B
2021-06-04T13:31:42,1500.0,28.4,B
2021-06-04T13:31:41,500.0,28.4,B
2021-06-04T13:31:38,27700.0,28.3,S
2021-06-04T13:31:35,100.0,28.4,B
2021-06-04T13:31:34,500.0,28.4,B
2021-06-04T13:31:28,200.0,28.3,S
2021-06-04T13:31:14,200.0,28.3,S
2021-06-04T13:31:09,300.0,28.3,S
2021-06-04T13:30:46,1000.0,28.3,S
2021-06-04T13:30:43,2000.0,28.4,B
2021-06-04T13:30:41,5000.0,28.4,B
2021-06-04T13:30:40,3000.0,28.4,B
2021-06-04T13:30:27,900.0,28.4,B
2021-06-04T13:30:26,2000.0,28.4,B
2021-06-04T13:30:17,500.0,28.4,B
2021-06-04T13:30:02,5000.0,28.4,B
2021-06-04T13:29:55,500.0,28.3,S
2021-06-04T13:29:39,1500.0,28.4,B
2021-06-04T13:29:35,10000.0,28.4,B
2021-06-04T13:29:29,10000.0,28.4,B
2021-06-04T13:29:06,100.0,28.4,B
2021-06-04T13:28:58,2000.0,28.3,S
2021-06-04T13:28:44,2000.0,28.3,S
2021-06-04T13:28:42,1100.0,28.4,B
2021-06-04T13:28:19,300.0,28.4,B
2021-06-04T13:28:18,200.0,28.4,B
2021-06-04T13:28:13,100.0,28.3,S
2021-06-04T13:28:03,1000.0,28.4,B
2021-06-04T13:28:00,2000.0,28.4,B
2021-06-04T13:27:55,100.0,28.4,B
2021-06-04T13:27:44,3000.0,28.4,B
2021-06-04T13:27:31,10000.0,28.4,B
2021-06-04T13:27:21,5000.0,28.3,S
2021-06-04T13:27:17,300.0,28.4,B
2021-06-04T13:27:13,2000.0,28.4,B
2021-06-04T13:27:08,600.0,28.4,B
2021-06-04T13:27:05,3800.0,28.4,B
2021-06-04T13:27:01,1200.0,28.4,B
2021-06-04T13:26:59,200.0,28.4,B
2021-06-04T13:26:55,400.0,28.4,B
2021-06-04T13:26:49,2500.0,28.4,B
2021-06-04T13:26:48,5000.0,28.3,S
2021-06-04T13:26:42,100.0,28.4,B
2021-06-04T13:26:13,1000.0,28.4,B
2021-06-04T13:26:12,500.0,28.4,B
2021-06-04T13:26:02,1000.0,28.4,B
2021-06-04T13:25:56,1000.0,28.3,S
2021-06-04T13:25:50,100.0,28.4,B
2021-06-04T13:25:49,20000.0,28.4,B
2021-06-04T13:25:46,20000.0,28.4,B
2021-06-04T13:25:30,400.0,28.4,B
2021-06-04T13:25:27,1000.0,28.4,B
2021-06-04T13:25:26,100.0,28.4,B
2021-06-04T13:25:07,7000.0,28.3,S
2021-06-04T13:24:51,2900.0,28.4,B
2021-06-04T13:24:45,2000.0,28.4,B
2021-06-04T13:24:37,500.0,28.4,B
2021-06-04T13:24:33,3000.0,28.4,B
2021-06-04T13:24:32,1000.0,28.4,B
2021-06-04T13:24:31,5500.0,28.4,B
2021-06-04T13:24:29,200.0,28.4,S
2021-06-04T13:24:28,5000.0,28.4,S
2021-06-04T13:24:27,1500.0,28.4,S
2021-06-04T13:24:16,3000.0,28.4,S
2021-06-04T13:24:12,300.0,28.5,B
2021-06-04T13:24:09,600.0,28.4,S
2021-06-04T13:24:08,5000.0,28.4,S
2021-06-04T13:24:01,14200.0,28.4,B
2021-06-04T13:23:58,8000.0,28.4,B
2021-06-04T13:23:52,5000.0,28.4,B
2021-06-04T13:23:48,5000.0,28.4,B
2021-06-04T13:23:44,50000.0,28.4,B
2021-06-04T13:23:40,3500.0,28.4,B
2021-06-04T13:23:35,200.0,28.4,B
2021-06-04T13:23:29,2300.0,28.4,B
2021-06-04T13:23:28,2800.0,28.4,B
2021-06-04T13:23:27,500.0,28.4,B
2021-06-04T13:23:25,5000.0,28.4,B
2021-06-04T13:23:11,13200.0,28.4,S
2021-06-04T13:23:10,2000.0,28.4,S
2021-06-04T13:23:09,400.0,28.4,S
2021-06-04T13:23:07,1000.0,28.4,S
2021-06-04T13:23:06,25000.0,28.4,S
2021-06-04T13:22:59,300.0,28.5,B
2021-06-04T13:22:54,600.0,28.4,S
2021-06-04T13:22:53,1000.0,28.4,S
2021-06-04T13:22:50,1000.0,28.4,S
2021-06-04T13:22:42,10000.0,28.4,S
2021-06-04T13:22:33,100.0,28.4,S
2021-06-04T13:22:31,10000.0,28.4,S
2021-06-04T13:22:28,20000.0,28.4,S
2021-06-04T13:22:26,9000.0,28.4,S
2021-06-04T13:22:18,300.0,28.4,S
2021-06-04T13:22:17,1000.0,28.4,S
2021-06-04T13:22:10,1100.0,28.4,S
2021-06-04T13:22:05,100.0,28.4,S
2021-06-04T13:21:55,1000.0,28.4,S
2021-06-04T13:21:51,500.0,28.4,S
2021-06-04T13:21:44,50000.0,28.4,S
2021-06-04T13:21:43,2000.0,28.5,B
2021-06-04T13:21:39,3000.0,28.5,B
2021-06-04T13:21:36,2800.0,28.4,S
2021-06-04T13:21:35,4000.0,28.4,S
2021-06-04T13:21:30,200.0,28.4,S
2021-06-04T13:21:29,200.0,28.4,S
2021-06-04T13:21:22,15000.0,28.4,S
2021-06-04T13:21:20,100.0,28.4,S
2021-06-04T13:21:13,400.0,28.4,S
2021-06-04T13:21:06,1000.0,28.4,S
2021-06-04T13:21:00,300.0,28.4,S
2021-06-04T13:21:00,1000.0,28.5,B
2021-06-04T13:20:41,1000.0,28.5,B
2021-06-04T13:20:30,1000.0,28.4,S
2021-06-04T13:20:29,2000.0,28.4,S
2021-06-04T13:20:28,2900.0,28.4,S
2021-06-04T13:20:26,100.0,28.4,S
2021-06-04T13:20:20,4500.0,28.4,S
2021-06-04T13:20:12,100.0,28.4,S
2021-06-04T13:20:07,300.0,28.4,S
2021-06-04T13:20:00,20000.0,28.4,S
2021-06-04T13:19:58,1000.0,28.4,S
2021-06-04T13:19:53,300.0,28.4,S
2021-06-04T13:19:45,100.0,28.4,S
2021-06-04T13:19:44,500.0,28.4,S
2021-06-04T13:19:42,21900.0,28.4,B
2021-06-04T13:19:38,3200.0,28.4,B
2021-06-04T13:19:37,2800.0,28.4,B
2021-06-04T13:19:35,100.0,28.4,B
2021-06-04T13:19:33,300.0,28.4,B
2021-06-04T13:19:29,10200.0,28.4,B
2021-06-04T13:19:28,55800.0,28.5,B
2021-06-04T13:19:24,15800.0,28.4,S
2021-06-04T13:19:24,8500.0,28.4,S
2021-06-04T13:19:23,5000.0,28.4,S
2021-06-04T13:19:18,10000.0,28.5,B
2021-06-04T13:19:18,15400.0,28.4,B
2021-06-04T13:19:17,5000.0,28.4,B
2021-06-04T13:19:15,15000.0,28.4,B
2021-06-04T13:19:14,900.0,28.4,B
2021-06-04T13:19:13,26000.0,28.4,B
2021-06-04T13:19:05,3100.0,28.4,B
2021-06-04T13:19:02,1000.0,28.4,B
2021-06-04T13:18:57,12000.0,28.4,B
2021-06-04T13:18:56,300.0,28.3,S
2021-06-04T13:18:51,10000.0,28.4,B
2021-06-04T13:18:38,24000.0,28.4,B
2021-06-04T13:18:37,200.0,28.3,S
2021-06-04T13:18:33,2700.0,28.4,B
2021-06-04T13:18:30,700.0,28.4,B
2021-06-04T13:18:27,100.0,28.3,S
2021-06-04T13:18:27,100.0,28.3,S
2021-06-04T13:18:13,1000.0,28.3,S
2021-06-04T13:17:55,500.0,28.4,B
2021-06-04T13:17:51,10000.0,28.3,S
2021-06-04T13:17:43,400.0,28.3,S
2021-06-04T13:17:30,1000.0,28.3,S
2021-06-04T13:17:28,1000.0,28.4,B
2021-06-04T13:17:18,300.0,28.3,S
2021-06-04T13:17:14,100.0,28.3,S
2021-06-04T13:17:10,1000.0,28.4,B
2021-06-04T13:16:54,15000.0,28.4,B
2021-06-04T13:16:47,15000.0,28.4,B
2021-06-04T13:16:44,300.0,28.3,S
2021-06-04T13:16:36,1000.0,28.3,S
2021-06-04T13:16:29,100.0,28.3,S
2021-06-04T13:16:22,4000.0,28.3,S
2021-06-04T13:16:15,300.0,28.3,S
2021-06-04T13:16:09,100.0,28.4,B
2021-06-04T13:16:05,500.0,28.4,B
2021-06-04T13:16:04,500.0,28.4,B
2021-06-04T13:16:01,5000.0,28.4,S
2021-06-04T13:15:58,600.0,28.5,B
2021-06-04T13:15:54,9600.0,28.4,B
2021-06-04T13:15:49,200.0,28.4,S
2021-06-04T13:15:36,500.0,28.4,S
2021-06-04T13:15:34,6000.0,28.5,B
2021-06-04T13:15:33,17400.0,28.4,S
2021-06-04T13:15:32,500.0,28.4,S
2021-06-04T13:15:27,200.0,28.4,S
2021-06-04T13:15:20,100.0,28.4,S
2021-06-04T13:15:19,200.0,28.4,S
2021-06-04T13:15:13,10000.0,28.4,S
2021-06-04T13:15:08,5000.0,28.4,S
2021-06-04T13:15:03,500.0,28.5,B
2021-06-04T13:14:58,2000.0,28.4,S
2021-06-04T13:14:50,500.0,28.4,S
2021-06-04T13:14:45,100.0,28.5,B
2021-06-04T13:14:43,100.0,28.5,B
2021-06-04T13:14:39,500.0,28.5,B
2021-06-04T13:14:36,2000.0,28.5,B
2021-06-04T13:14:36,3400.0,28.4,S
2021-06-04T13:14:32,12000.0,28.5,B
2021-06-04T13:14:29,2400.0,28.4,S
2021-06-04T13:14:29,100.0,28.5,B
2021-06-04T13:14:27,500.0,28.4,S
2021-06-04T13:14:26,300.0,28.5,B
2021-06-04T13:14:23,200.0,28.5,B
2021-06-04T13:14:23,100.0,28.4,S
2021-06-04T13:14:20,300.0,28.5,B
2021-06-04T13:14:03,2300.0,28.5,B
2021-06-04T13:14:02,800.0,28.4,S
2021-06-04T13:13:59,500.0,28.5,B
2021-06-04T13:13:54,1100.0,28.4,S
2021-06-04T13:13:48,2600.0,28.4,S
2021-06-04T13:13:47,2000.0,28.5,B
2021-06-04T13:13:41,100.0,28.4,S
2021-06-04T13:13:37,3100.0,28.5,B
2021-06-04T13:13:37,5500.0,28.5,B
2021-06-04T13:13:32,400.0,28.5,B
2021-06-04T13:13:29,1300.0,28.5,B
2021-06-04T13:13:28,500.0,28.4,S
2021-06-04T13:13:13,21600.0,28.4,S
2021-06-04T13:13:09,1600.0,28.4,B
2021-06-04T13:13:08,1000.0,28.3,S
2021-06-04T13:13:07,20700.0,28.4,B
2021-06-04T13:13:03,1300.0,28.4,B
2021-06-04T13:13:03,1000.0,28.3,S
2021-06-04T13:13:01,2900.0,28.4,B
2021-06-04T13:12:57,200.0,28.4,B
2021-06-04T13:12:55,2000.0,28.4,B
2021-06-04T13:12:52,5000.0,28.4,B
2021-06-04T13:12:50,5500.0,28.4,B
2021-06-04T13:12:45,1800.0,28.4,B
2021-06-04T13:12:38,500.0,28.4,B
2021-06-04T13:12:36,100.0,28.4,B
2021-06-04T13:12:34,20500.0,28.4,B
2021-06-04T13:12:25,400.0,28.4,B
2021-06-04T13:12:13,5000.0,28.4,B
2021-06-04T13:12:10,10000.0,28.3,B
2021-06-04T13:12:07,42000.0,28.3,B
2021-06-04T13:12:01,100.0,28.2,S
2021-06-04T13:11:55,1000.0,28.3,B
2021-06-04T13:11:52,100.0,28.2,S
2021-06-04T13:11:51,1000.0,28.3,B
2021-06-04T13:11:51,800.0,28.2,B
2021-06-04T13:11:50,22000.0,28.2,B
2021-06-04T13:11:49,500.0,28.2,B
2021-06-04T13:11:46,5000.0,28.2,B
2021-06-04T13:11:44,1000.0,28.2,B
2021-06-04T13:11:41,50000.0,28.2,B
2021-06-04T13:11:40,300.0,28.2,B
2021-06-04T13:11:38,100.0,28.1,S
2021-06-04T13:11:34,5000.0,28.2,B
2021-06-04T13:11:04,3000.0,28.1,S
2021-06-04T13:11:00,10200.0,28.1,S
2021-06-04T13:10:55,1700.0,28.1,B
2021-06-04T13:10:53,500.0,28.1,B
2021-06-04T13:10:52,1000.0,28.1,B
2021-06-04T13:10:50,5000.0,28.1,B
2021-06-04T13:10:47,1200.0,28.1,B
2021-06-04T13:10:46,1700.0,28.1,B
2021-06-04T13:10:45,53000.0,28.1,B
2021-06-04T13:10:40,5000.0,28.1,B
2021-06-04T13:10:31,4000.0,28.1,B
2021-06-04T13:10:28,1000.0,28.1,B
2021-06-04T13:10:20,5100.0,28.1,B
2021-06-04T13:10:14,5000.0,28.1,B
2021-06-04T13:10:12,10000.0,28.0,S
2021-06-04T13:10:04,3000.0,28.0,B
2021-06-04T13:10:00,100000.0,28.0,B
2021-06-04T13:09:55,1000.0,28.0,B
2021-06-04T13:09:55,200.0,28.0,B
2021-06-04T13:09:48,500.0,28.0,B
2021-06-04T13:09:35,1000.0,27.9,S
2021-06-04T13:09:33,5000.0,28.0,B
2021-06-04T13:09:29,500.0,28.0,B
2021-06-04T13:09:18,20000.0,28.0,B
2021-06-04T13:09:17,200.0,28.0,B
2021-06-04T13:09:16,600.0,27.9,S
2021-06-04T13:09:14,100.0,27.9,S
2021-06-04T13:09:07,1900.0,28.0,B
2021-06-04T13:09:06,200.0,28.0,B
2021-06-04T13:09:02,2000.0,27.9,S
2021-06-04T13:08:59,100.0,28.0,B
2021-06-04T13:08:58,1000.0,27.9,S
2021-06-04T13:08:50,700.0,27.9,S
2021-06-04T13:08:47,50000.0,28.0,B
2021-06-04T13:08:46,2000.0,28.0,B
2021-06-04T13:08:40,100.0,28.0,B
2021-06-04T13:08:34,100.0,28.0,B
2021-06-04T13:08:29,100.0,27.9,S
2021-06-04T13:08:22,100.0,27.9,S
2021-06-04T13:08:21,1000.0,28.0,B
2021-06-04T13:08:11,200.0,27.9,S
2021-06-04T13:08:08,1000.0,27.9,S
2021-06-04T13:08:06,300.0,28.0,B
2021-06-04T13:08:02,1000.0,27.9,S
2021-06-04T13:07:57,100.0,28.0,B
2021-06-04T13:07:52,4400.0,27.9,S
2021-06-04T13:07:50,2000.0,28.0,B
2021-06-04T13:07:47,2500.0,27.9,S
2021-06-04T13:07:44,10000.0,27.9,S
2021-06-04T13:07:43,1400.0,28.0,B
2021-06-04T13:07:39,200.0,27.9,S
2021-06-04T13:07:36,3000.0,27.9,S
2021-06-04T13:07:35,5300.0,27.9,S
2021-06-04T13:07:30,1000.0,28.0,B
2021-06-04T13:07:26,700.0,27.9,S
2021-06-04T13:07:23,200.0,27.9,S
2021-06-04T13:07:11,300.0,27.9,S
2021-06-04T13:07:05,10000.0,27.9,S
2021-06-04T13:07:03,800.0,27.9,S
2021-06-04T13:07:01,1700.0,27.9,B
2021-06-04T13:06:59,300.0,27.9,B
2021-06-04T13:06:56,700.0,27.9,B
2021-06-04T13:06:55,8100.0,27.9,S
2021-06-04T13:06:54,100.0,27.9,S
2021-06-04T13:06:52,2000.0,27.9,S
2021-06-04T13:06:42,25000.0,27.9,S
2021-06-04T13:06:38,500.0,27.9,S
2021-06-04T13:06:35,1000.0,27.9,S
2021-06-04T13:06:28,2000.0,27.9,S
2021-06-04T13:06:22,2000.0,27.9,S
2021-06-04T13:06:21,10000.0,27.9,S
2021-06-04T13:06:16,1000.0,27.9,S
2021-06-04T13:06:07,100.0,27.9,S
2021-06-04T13:06:05,5000.0,27.9,S
2021-06-04T13:05:54,8100.0,27.9,S
2021-06-04T13:05:38,200.0,27.9,S
2021-06-04T13:05:34,4000.0,27.9,S
2021-06-04T13:05:27,300.0,27.9,S
2021-06-04T13:05:18,1400.0,27.9,S
2021-06-04T13:05:03,400.0,27.9,B
2021-06-04T13:05:01,2000.0,27.9,B
2021-06-04T13:05:00,1700.0,27.9,S
2021-06-04T13:04:55,300.0,27.9,B
2021-06-04T13:04:52,1000.0,27.9,B
2021-06-04T13:04:51,1800.0,27.8,S
2021-06-04T13:04:44,100.0,27.9,B
2021-06-04T13:04:40,3000.0,27.9,B
2021-06-04T13:04:30,6600.0,27.9,S
2021-06-04T13:04:20,3400.0,27.9,B
2021-06-04T13:04:18,500.0,27.9,B
2021-06-04T13:04:09,500.0,27.9,B
2021-06-04T13:04:00,1700.0,27.9,S
2021-06-04T13:04:00,5000.0,27.9,S
2021-06-04T13:03:59,1200.0,27.9,S
2021-06-04T13:03:57,3000.0,27.9,S
2021-06-04T13:03:57,2000.0,27.9,S
2021-06-04T13:03:49,500.0,27.9,S
2021-06-04T13:03:48,200.0,27.9,S
2021-06-04T13:03:45,200.0,27.9,S
2021-06-04T13:03:42,1000.0,27.9,S
2021-06-04T13:03:40,100.0,27.9,S
2021-06-04T13:03:27,5000.0,27.9,S
2021-06-04T13:03:25,300.0,28.0,B
2021-06-04T13:03:14,10000.0,27.9,S
2021-06-04T13:03:09,7000.0,28.0,B
2021-06-04T13:03:07,500.0,28.0,B
2021-06-04T13:03:06,1000.0,28.0,B
2021-06-04T13:02:53,10000.0,28.0,B
2021-06-04T13:02:36,20000.0,27.9,S
2021-06-04T13:02:36,2000.0,27.9,S
2021-06-04T13:02:35,13000.0,28.0,B
2021-06-04T13:02:30,300.0,27.9,S
2021-06-04T13:02:17,3000.0,27.9,S
2021-06-04T13:02:15,10000.0,27.9,S
2021-06-04T13:02:15,100.0,28.0,B
2021-06-04T13:01:48,500.0,28.0,B
2021-06-04T13:01:33,3000.0,28.0,B
2021-06-04T13:01:32,200.0,28.0,B
2021-06-04T13:01:29,200.0,27.9,S
2021-06-04T13:01:15,1000.0,28.0,B
2021-06-04T13:01:06,2000.0,27.9,S
2021-06-04T13:01:03,1500.0,28.0,B
2021-06-04T13:00:54,500.0,28.0,B
2021-06-04T13:00:38,1000.0,28.0,B
2021-06-04T13:00:38,100.0,28.0,B
2021-06-04T13:00:36,23000.0,27.9,S
2021-06-04T13:00:36,500.0,27.9,S
2021-06-04T13:00:36,5800.0,28.0,B
2021-06-04T13:00:36,300.0,28.0,B
2021-06-04T13:00:36,600.0,28.0,B
2021-06-04T13:00:36,200.0,28.0,B
2021-06-04T13:00:36,100.0,28.0,B
2021-06-04T13:00:36,5600.0,28.0,B
2021-06-04T13:00:35,400.0,28.0,B
2021-06-04T13:00:32,2700.0,28.0,B
2021-06-04T13:00:32,7800.0,27.9,S
2021-06-04T13:00:32,100.0,28.0,B
2021-06-04T13:00:32,400.0,27.9,S
2021-06-04T13:00:32,100.0,28.0,B
2021-06-04T13:00:30,100.0,28.0,B
2021-06-04T13:00:30,400.0,28.0,B
2021-06-04T13:00:28,18100.0,27.9,S
2021-06-04T13:00:26,12100.0,27.9,S
2021-06-04T13:00:24,1000.0,28.0,B
2021-06-04T13:00:20,2900.0,28.0,B
2021-06-04T13:00:16,3100.0,28.0,B
2021-06-04T13:00:13,200.0,28.0,B
2021-06-04T13:00:10,22200.0,28.1,B
2021-06-04T13:00:08,21700.0,28.0,S
2021-06-04T13:00:08,1400.0,28.0,S
2021-06-04T11:30:04,300.0,28.0,S
2021-06-04T11:30:04,500.0,28.0,S
2021-06-04T11:30:03,400.0,28.0,S
2021-06-04T11:30:02,700.0,28.0,S
2021-06-04T11:29:57,200.0,28.0,S
2021-06-04T11:29:51,2500.0,28.0,S
2021-06-04T11:29:49,2200.0,28.0,B
2021-06-04T11:29:43,1800.0,28.0,S
2021-06-04T11:29:41,2200.0,28.0,S
2021-06-04T11:29:37,100.0,28.0,S
2021-06-04T11:29:36,2000.0,28.0,S
2021-06-04T11:29:28,6900.0,28.0,B
2021-06-04T11:29:24,1000.0,27.9,S
2021-06-04T11:29:16,5000.0,27.9,S
2021-06-04T11:29:10,10000.0,27.9,S
2021-06-04T11:29:10,200.0,28.0,S
2021-06-04T11:29:08,2000.0,28.0,S
2021-06-04T11:29:04,1000.0,28.0,S
2021-06-04T11:29:03,1000.0,28.0,S
2021-06-04T11:29:03,3000.0,28.0,S
2021-06-04T11:29:02,6400.0,28.0,S
2021-06-04T11:28:50,21200.0,28.0,S
2021-06-04T11:28:47,200.0,28.0,B
2021-06-04T11:28:44,300.0,27.9,S
2021-06-04T11:28:43,5600.0,28.0,S
2021-06-04T11:28:36,2000.0,28.0,B
2021-06-04T11:28:33,200.0,27.9,S
2021-06-04T11:28:24,800.0,28.0,S
2021-06-04T11:28:24,2200.0,28.0,B
2021-06-04T11:28:21,200.0,28.0,B
2021-06-04T11:28:20,800.0,28.0,B
2021-06-04T11:28:12,100.0,28.0,S
2021-06-04T11:28:10,5000.0,28.0,S
2021-06-04T11:28:07,100.0,28.0,S
2021-06-04T11:28:01,500.0,28.0,B
2021-06-04T11:28:00,15400.0,28.0,B
2021-06-04T11:27:56,2000.0,28.0,B
2021-06-04T11:27:53,100.0,28.0,B
2021-06-04T11:27:47,4700.0,28.0,B
2021-06-04T11:27:46,4900.0,28.0,B
2021-06-04T11:27:44,400.0,27.9,S
2021-06-04T11:27:43,1000.0,27.9,S
2021-06-04T11:27:38,2600.0,28.0,B
2021-06-04T11:27:32,42500.0,28.0,B
2021-06-04T11:27:27,1000.0,27.9,S
2021-06-04T11:27:22,200.0,27.9,S
2021-06-04T11:27:18,500.0,27.9,S
2021-06-04T11:27:13,1000.0,27.9,S
2021-06-04T11:27:08,500.0,27.9,S
2021-06-04T11:27:07,2000.0,27.9,S
2021-06-04T11:26:52,200.0,27.9,S
2021-06-04T11:26:51,16900.0,27.9,S
2021-06-04T11:26:50,200.0,27.9,B
2021-06-04T11:26:47,5000.0,27.9,B
2021-06-04T11:26:44,1000.0,27.9,B
2021-06-04T11:26:36,500.0,27.9,B
2021-06-04T11:26:24,300.0,27.9,B
2021-06-04T11:26:22,15000.0,27.8,S
2021-06-04T11:26:21,10000.0,27.8,S
2021-06-04T11:26:20,10000.0,27.9,B
2021-06-04T11:26:15,1000.0,27.9,B
2021-06-04T11:26:10,3100.0,27.9,B
2021-06-04T11:26:04,2200.0,27.9,B
2021-06-04T11:25:55,100.0,27.9,B
2021-06-04T11:25:52,3000.0,27.8,S
2021-06-04T11:25:49,6000.0,27.9,B
2021-06-04T11:25:47,100.0,27.9,B
2021-06-04T11:25:44,2000.0,27.8,S
2021-06-04T11:25:43,3000.0,27.9,B
2021-06-04T11:25:39,500.0,27.9,B
2021-06-04T11:25:37,500.0,27.9,B
2021-06-04T11:25:25,1500.0,27.9,B
2021-06-04T11:25:18,400.0,27.8,S
2021-06-04T11:25:05,200.0,27.8,S
2021-06-04T11:25:02,2000.0,27.8,S
2021-06-04T11:24:54,100.0,27.8,S
2021-06-04T11:24:50,2000.0,27.8,S
2021-06-04T11:24:50,10000.0,27.8,S
2021-06-04T11:24:42,100.0,27.8,S
2021-06-04T11:24:41,400.0,27.8,S
2021-06-04T11:24:38,2000.0,27.8,S
2021-06-04T11:24:38,100.0,27.8,S
2021-06-04T11:24:37,100.0,27.9,B
2021-06-04T11:24:31,5000.0,27.9,B
2021-06-04T11:24:19,500.0,27.9,B
2021-06-04T11:24:14,7000.0,27.8,S
2021-06-04T11:24:11,100.0,27.8,S
2021-06-04T11:24:07,6000.0,27.9,B
2021-06-04T11:24:06,2000.0,27.9,B
2021-06-04T11:24:03,5000.0,27.9,B
2021-06-04T11:23:48,30000.0,27.9,B
2021-06-04T11:23:46,300.0,27.9,B
2021-06-04T11:23:38,24100.0,27.9,S
2021-06-04T11:23:24,300.0,27.9,S
2021-06-04T11:23:22,1500.0,27.9,S
2021-06-04T11:23:20,400.0,27.9,S
2021-06-04T11:23:12,8100.0,27.9,B
2021-06-04T11:23:08,1000.0,27.8,S
2021-06-04T11:23:06,1000.0,27.9,B
2021-06-04T11:23:05,500.0,27.8,S
2021-06-04T11:23:03,5000.0,27.8,S
2021-06-04T11:23:00,900.0,27.8,S
2021-06-04T11:22:59,100.0,27.8,S
2021-06-04T11:22:48,300.0,27.8,S
2021-06-04T11:22:47,6500.0,27.9,B
2021-06-04T11:22:44,1000.0,27.8,S
2021-06-04T11:22:38,200.0,27.8,B
2021-06-04T11:22:38,16300.0,27.8,B
2021-06-04T11:22:32,2000.0,27.8,B
2021-06-04T11:22:30,6700.0,27.8,S
2021-06-04T11:22:27,1200.0,27.8,S
2021-06-04T11:22:26,100.0,27.8,S
2021-06-04T11:22:24,5000.0,27.8,S
2021-06-04T11:22:18,1000.0,27.8,S
2021-06-04T11:22:15,2000.0,27.8,S
2021-06-04T11:22:05,1900.0,27.8,S
2021-06-04T11:22:04,100.0,27.8,S
2021-06-04T11:22:03,100.0,27.9,B
2021-06-04T11:22:03,100.0,27.8,S
2021-06-04T11:22:00,1700.0,27.8,S
2021-06-04T11:21:56,1300.0,27.8,S
2021-06-04T11:21:52,2000.0,27.8,S
2021-06-04T11:21:51,1400.0,27.8,S
2021-06-04T11:21:44,1000.0,27.8,S
2021-06-04T11:21:44,100.0,27.8,S
2021-06-04T11:21:39,200.0,27.8,B
2021-06-04T11:21:39,4700.0,27.8,B
2021-06-04T11:21:38,1000.0,27.8,B
2021-06-04T11:21:30,200.0,27.8,B
2021-06-04T11:21:22,100.0,27.8,B
2021-06-04T11:21:18,800.0,27.8,B
2021-06-04T11:21:17,2000.0,27.8,S
2021-06-04T11:21:12,1000.0,27.8,S
2021-06-04T11:21:10,11000.0,27.8,S
2021-06-04T11:21:06,500.0,27.8,S
2021-06-04T11:20:55,400.0,27.8,S
2021-06-04T11:20:46,400.0,27.8,S
2021-06-04T11:20:42,6300.0,27.9,B
2021-06-04T11:20:40,1100.0,27.8,S
2021-06-04T11:20:40,5000.0,27.9,B
2021-06-04T11:20:38,25000.0,27.8,S
2021-06-04T11:20:35,10000.0,27.8,S
2021-06-04T11:20:33,2000.0,27.8,S
2021-06-04T11:20:31,3000.0,27.8,S
2021-06-04T11:20:19,300.0,27.8,S
2021-06-04T11:20:14,1500.0,27.9,B
2021-06-04T11:20:09,200.0,27.9,B
2021-06-04T11:20:07,5000.0,27.9,B
2021-06-04T11:20:00,10000.0,27.9,B
2021-06-04T11:19:37,74900.0,27.9,S
2021-06-04T11:19:31,5000.0,27.9,S
2021-06-04T11:19:07,400.0,27.9,S
2021-06-04T11:18:57,1200.0,28.0,B
2021-06-04T11:18:55,1000.0,28.0,B
2021-06-04T11:18:40,6100.0,28.0,B
2021-06-04T11:18:39,200.0,28.0,B
2021-06-04T11:18:35,1500.0,28.0,B
2021-06-04T11:18:33,5000.0,28.0,B
2021-06-04T11:18:30,1000.0,27.9,S
2021-06-04T11:18:23,1000.0,28.0,B
2021-06-04T11:18:15,100.0,27.9,S
2021-06-04T11:18:03,100.0,27.9,S
2021-06-04T11:18:02,2400.0,28.0,S
2021-06-04T11:17:59,5100.0,28.0,S
2021-06-04T11:17:57,5000.0,28.0,S
2021-06-04T11:17:55,500.0,28.0,S
2021-06-04T11:17:54,100.0,28.0,S
2021-06-04T11:17:54,500.0,28.0,S
2021-06-04T11:17:53,17600.0,28.0,B
2021-06-04T11:17:47,1200.0,28.0,B
2021-06-04T11:17:45,3500.0,28.0,B
2021-06-04T11:17:22,11400.0,28.0,S
2021-06-04T11:17:22,1000.0,28.0,S
2021-06-04T11:17:21,6600.0,28.0,S
2021-06-04T11:17:19,1000.0,28.0,S
2021-06-04T11:17:17,500.0,28.0,S
2021-06-04T11:17:16,5000.0,28.0,S
2021-06-04T11:17:12,200.0,28.0,S
2021-06-04T11:17:11,300.0,28.0,S
2021-06-04T11:17:11,25500.0,28.0,S
2021-06-04T11:17:08,3000.0,28.0,S
2021-06-04T11:17:07,500.0,28.0,S
2021-06-04T11:17:05,3000.0,28.0,S
2021-06-04T11:17:04,30000.0,28.0,S
2021-06-04T11:17:00,35000.0,28.1,B
2021-06-04T11:16:58,2000.0,28.0,S
2021-06-04T11:16:55,1000.0,28.0,S
2021-06-04T11:16:53,1000.0,28.0,S
2021-06-04T11:16:52,2000.0,28.0,S
2021-06-04T11:16:51,500.0,28.0,S
2021-06-04T11:16:47,2000.0,28.0,S
2021-06-04T11:16:46,39000.0,28.0,S
2021-06-04T11:16:43,5000.0,28.0,S
2021-06-04T11:16:40,6000.0,28.1,B
2021-06-04T11:16:37,1000.0,28.0,S
2021-06-04T11:16:34,5000.0,28.0,S
2021-06-04T11:16:29,100.0,28.0,S
2021-06-04T11:16:23,6800.0,28.0,S
2021-06-04T11:16:22,1000.0,28.0,S
2021-06-04T11:16:21,2000.0,28.0,S
2021-06-04T11:16:15,1300.0,28.0,S
2021-06-04T11:16:15,100.0,28.0,S
2021-06-04T11:16:08,1900.0,28.0,S
2021-06-04T11:15:58,2000.0,28.0,S
2021-06-04T11:15:53,2000.0,28.0,S
2021-06-04T11:15:52,5000.0,28.0,S
2021-06-04T11:15:50,10000.0,28.0,S
2021-06-04T11:15:46,1800.0,28.1,B
2021-06-04T11:15:37,25000.0,28.0,S
2021-06-04T11:15:14,7000.0,28.1,B
2021-06-04T11:15:03,100.0,28.1,B
2021-06-04T11:14:54,100.0,28.1,B
2021-06-04T11:14:50,200.0,28.1,B
2021-06-04T11:14:49,100.0,28.1,B
2021-06-04T11:14:49,500.0,28.0,S
2021-06-04T11:14:46,500.0,28.1,B
2021-06-04T11:14:36,500.0,28.1,B
2021-06-04T11:14:35,6300.0,28.1,B
2021-06-04T11:14:28,200.0,28.1,B
2021-06-04T11:14:27,1000.0,28.1,B
2021-06-04T11:14:19,1000.0,28.1,B
2021-06-04T11:14:06,3000.0,28.0,S
2021-06-04T11:13:59,11000.0,28.0,S
2021-06-04T11:13:56,400.0,28.1,B
2021-06-04T11:13:55,1000.0,28.1,B
2021-06-04T11:13:39,500.0,28.1,B
2021-06-04T11:13:31,300.0,28.1,S
2021-06-04T11:13:30,8600.0,28.0,S
2021-06-04T11:13:28,500.0,28.1,S
2021-06-04T11:13:26,1000.0,28.1,S
2021-06-04T11:13:21,1000.0,28.1,S
2021-06-04T11:13:20,1600.0,28.1,S
2021-06-04T11:13:07,300.0,28.1,S
2021-06-04T11:13:05,2000.0,28.1,S
2021-06-04T11:13:01,1000.0,28.1,S
2021-06-04T11:12:59,200.0,28.1,S
2021-06-04T11:12:58,2000.0,28.1,S
2021-06-04T11:12:56,100.0,28.1,S
2021-06-04T11:12:52,6200.0,28.1,S
2021-06-04T11:12:43,100.0,28.1,S
2021-06-04T11:12:42,6000.0,28.1,S
2021-06-04T11:12:38,1000.0,28.1,S
2021-06-04T11:12:37,1000.0,28.1,S
2021-06-04T11:12:33,1900.0,28.1,S
2021-06-04T11:12:30,6300.0,28.2,B
2021-06-04T11:12:28,3000.0,28.1,S
2021-06-04T11:12:27,1000.0,28.1,S
2021-06-04T11:12:20,1000.0,28.1,S
2021-06-04T11:12:16,1000.0,28.1,S
2021-06-04T11:12:13,100.0,28.1,S
2021-06-04T11:12:09,5000.0,28.1,S
2021-06-04T11:12:04,8300.0,28.1,S
2021-06-04T11:12:00,1000.0,28.1,S
2021-06-04T11:11:59,5000.0,28.1,S
2021-06-04T11:11:58,5000.0,28.1,S
2021-06-04T11:11:55,2000.0,28.1,S
2021-06-04T11:11:49,500.0,28.1,S
2021-06-04T11:11:49,3000.0,28.1,S
2021-06-04T11:11:39,6000.0,28.1,S
2021-06-04T11:11:27,5000.0,28.2,B
2021-06-04T11:11:24,5100.0,28.1,S
2021-06-04T11:11:15,3600.0,28.1,S
2021-06-04T11:11:02,2000.0,28.2,B
2021-06-04T11:10:59,2300.0,28.1,S
2021-06-04T11:10:52,500.0,28.1,S
2021-06-04T11:10:51,100.0,28.2,B
2021-06-04T11:10:42,13000.0,28.1,S
2021-06-04T11:10:35,100.0,28.1,S
2021-06-04T11:10:31,3600.0,28.1,S
2021-06-04T11:10:24,500.0,28.1,S
2021-06-04T11:10:23,100.0,28.1,S
2021-06-04T11:10:22,6500.0,28.2,B
2021-06-04T11:10:07,100.0,28.1,S
2021-06-04T11:10:05,5600.0,28.1,S
2021-06-04T11:09:57,200.0,28.1,S
2021-06-04T11:09:48,1000.0,28.1,S
2021-06-04T11:09:47,3000.0,28.1,S
2021-06-04T11:09:30,100.0,28.1,S
2021-06-04T11:09:28,900.0,28.1,S
2021-06-04T11:09:07,300.0,28.1,S
2021-06-04T11:09:00,2600.0,28.2,B
2021-06-04T11:08:59,300.0,28.2,B
2021-06-04T11:08:53,10000.0,28.2,B
2021-06-04T11:08:51,11700.0,28.2,B
2021-06-04T11:08:49,500.0,28.2,S
2021-06-04T11:08:45,100.0,28.2,S
2021-06-04T11:08:41,100.0,28.2,B
2021-06-04T11:08:30,100.0,28.1,S
2021-06-04T11:08:30,10000.0,28.3,B
2021-06-04T11:08:25,17600.0,28.2,B
2021-06-04T11:08:23,20000.0,28.1,S
2021-06-04T11:08:23,500.0,28.2,B
2021-06-04T11:08:15,1000.0,28.2,B
2021-06-04T11:08:13,6400.0,28.2,B
2021-06-04T11:08:12,1000.0,28.2,B
2021-06-04T11:08:07,100.0,28.2,B
2021-06-04T11:08:04,50000.0,28.1,S
2021-06-04T11:07:59,6000.0,28.2,B
2021-06-04T11:07:58,1000.0,28.2,B
2021-06-04T11:07:51,1000.0,28.2,B
2021-06-04T11:07:49,1000.0,28.2,B
2021-06-04T11:07:45,400.0,28.2,B
2021-06-04T11:07:43,500.0,28.2,B
2021-06-04T11:07:36,2000.0,28.2,B
2021-06-04T11:07:27,100.0,28.2,B
2021-06-04T11:07:27,100.0,28.2,B
2021-06-04T11:07:25,200.0,28.2,S
2021-06-04T11:07:24,500.0,28.2,S
2021-06-04T11:07:21,1800.0,28.2,B
2021-06-04T11:07:14,5700.0,28.2,B
2021-06-04T11:07:13,200.0,28.2,B
2021-06-04T11:07:13,1500.0,28.2,B
2021-06-04T11:07:10,5000.0,28.2,B
2021-06-04T11:07:08,30000.0,28.2,B
2021-06-04T11:07:08,500.0,28.2,B
2021-06-04T11:07:08,3200.0,28.2,B
2021-06-04T11:07:05,4700.0,28.2,B
2021-06-04T11:07:05,3100.0,28.2,B
2021-06-04T11:07:02,2200.0,28.2,B
2021-06-04T11:06:59,100.0,28.2,B
2021-06-04T11:06:47,5000.0,28.2,B
2021-06-04T11:06:46,4000.0,28.1,S
2021-06-04T11:06:30,500.0,28.1,S
2021-06-04T11:06:18,500.0,28.2,B
2021-06-04T11:06:18,2000.0,28.2,B
2021-06-04T11:06:15,300.0,28.2,B
2021-06-04T11:06:10,500.0,28.1,S
2021-06-04T11:06:08,7300.0,28.2,B
2021-06-04T11:06:07,1000.0,28.1,S
2021-06-04T11:06:06,300.0,28.1,S
2021-06-04T11:06:06,500.0,28.1,S
2021-06-04T11:06:00,100.0,28.1,S
2021-06-04T11:05:59,600.0,28.1,S
2021-06-04T11:05:55,100.0,28.1,S
2021-06-04T11:05:55,300.0,28.1,S
2021-06-04T11:05:35,100.0,28.1,S
2021-06-04T11:05:31,500.0,28.1,S
2021-06-04T11:05:25,9200.0,28.1,B
2021-06-04T11:05:24,1700.0,28.1,B
2021-06-04T11:05:19,15000.0,28.0,S
2021-06-04T11:05:18,200.0,28.1,B
2021-06-04T11:05:17,2300.0,28.1,B
2021-06-04T11:05:13,600.0,28.1,B
2021-06-04T11:05:10,500.0,28.0,S
2021-06-04T11:05:02,1000.0,28.1,B
2021-06-04T11:04:50,3000.0,28.0,S
2021-06-04T11:04:47,10000.0,28.0,S
2021-06-04T11:04:46,100000.0,28.1,B
2021-06-04T11:04:38,2000.0,28.1,B
2021-06-04T11:04:35,200.0,28.1,B
2021-06-04T11:04:29,200.0,28.1,B
2021-06-04T11:04:27,100.0,28.1,B
2021-06-04T11:04:26,500.0,28.1,B
2021-06-04T11:04:25,1000.0,28.1,B
2021-06-04T11:04:23,3000.0,28.0,S
2021-06-04T11:04:18,500.0,28.0,S
2021-06-04T11:04:16,5000.0,28.1,B
2021-06-04T11:04:16,200.0,28.0,S
2021-06-04T11:04:14,200.0,28.1,B
2021-06-04T11:04:13,200.0,28.1,B
2021-06-04T11:04:13,500.0,28.0,S
2021-06-04T11:04:08,500.0,28.1,B
2021-06-04T11:04:08,5000.0,28.0,S
2021-06-04T11:04:06,6200.0,28.1,B
2021-06-04T11:04:05,1000.0,28.0,S
2021-06-04T11:04:04,3500.0,28.1,B
2021-06-04T11:04:02,3000.0,28.1,B
2021-06-04T11:03:58,200.0,28.1,B
2021-06-04T11:03:54,4000.0,28.0,S
2021-06-04T11:03:48,500.0,28.1,B
2021-06-04T11:03:39,1500.0,28.1,B
2021-06-04T11:03:28,200.0,28.1,B
2021-06-04T11:03:24,200.0,28.0,S
2021-06-04T11:03:17,10000.0,28.1,B
2021-06-04T11:03:14,100.0,28.1,B
2021-06-04T11:03:07,3000.0,28.0,S
2021-06-04T11:03:05,1000.0,28.1,B
2021-06-04T11:03:01,2000.0,28.0,S
2021-06-04T11:02:58,1000.0,28.1,B
2021-06-04T11:02:56,3000.0,28.1,B
2021-06-04T11:02:51,800.0,28.0,S
2021-06-04T11:02:49,1500.0,28.1,B
2021-06-04T11:02:48,100.0,28.0,S
2021-06-04T11:02:39,100.0,28.1,B
2021-06-04T11:02:37,400.0,28.0,S
2021-06-04T11:02:27,1000.0,28.0,S
2021-06-04T11:02:24,1600.0,28.0,S
2021-06-04T11:02:24,500.0,28.1,B
2021-06-04T11:02:19,500.0,28.0,S
2021-06-04T11:02:07,200.0,28.0,S
2021-06-04T11:02:05,6100.0,28.1,B
2021-06-04T11:02:03,1800.0,28.0,S
2021-06-04T11:01:58,21000.0,27.9,S
2021-06-04T11:01:57,90700.0,28.0,B
2021-06-04T11:01:53,1500.0,28.0,B
2021-06-04T11:01:47,300.0,28.0,B
2021-06-04T11:01:46,8100.0,27.9,S
2021-06-04T11:01:24,100.0,28.0,B
2021-06-04T11:01:21,5000.0,27.9,S
2021-06-04T11:01:18,15000.0,28.0,B
2021-06-04T11:01:14,5000.0,27.9,S
2021-06-04T11:01:13,5000.0,27.9,S
2021-06-04T11:01:12,200.0,28.0,B
2021-06-04T11:01:11,100.0,28.0,B
2021-06-04T11:01:10,1000.0,27.9,S
2021-06-04T11:00:58,400.0,28.0,B
2021-06-04T11:00:58,5000.0,27.9,S
2021-06-04T11:00:57,2000.0,28.0,B
2021-06-04T11:00:55,400.0,28.0,B
2021-06-04T11:00:53,400.0,27.9,S
2021-06-04T11:00:49,500.0,27.9,S
2021-06-04T11:00:48,300.0,27.9,S
2021-06-04T11:00:43,1000.0,27.9,S
2021-06-04T11:00:39,7300.0,28.0,B
2021-06-04T11:00:38,1500.0,27.9,S
2021-06-04T11:00:35,300.0,27.9,S
2021-06-04T11:00:31,400.0,28.0,B
2021-06-04T11:00:30,1000.0,28.0,B
2021-06-04T11:00:30,700.0,28.0,B
2021-06-04T11:00:29,1000.0,27.9,S
2021-06-04T11:00:26,18000.0,27.8,S
2021-06-04T11:00:25,3000.0,27.9,S
2021-06-04T11:00:23,2000.0,27.9,S
2021-06-04T11:00:19,3000.0,27.9,S
2021-06-04T11:00:19,500.0,27.9,S
2021-06-04T11:00:18,3000.0,27.9,S
2021-06-04T11:00:17,1000.0,28.0,B
2021-06-04T11:00:17,4000.0,27.9,S
2021-06-04T11:00:10,12000.0,27.9,S
2021-06-04T11:00:09,2000.0,27.9,S
2021-06-04T11:00:06,900.0,28.0,B
2021-06-04T11:00:05,7000.0,28.0,B
2021-06-04T11:00:04,1000.0,27.9,S
2021-06-04T11:00:00,5000.0,27.9,S
2021-06-04T10:59:58,1000.0,27.9,S
2021-06-04T10:59:58,300.0,27.9,S
2021-06-04T10:59:56,3000.0,27.9,S
2021-06-04T10:59:55,1000.0,27.9,S
2021-06-04T10:59:54,1400.0,27.9,S
2021-06-04T10:59:52,900.0,27.9,S
2021-06-04T10:59:47,5000.0,27.9,S
2021-06-04T10:59:46,500.0,27.9,S
2021-06-04T10:59:45,100.0,28.0,B
2021-06-04T10:59:44,1100.0,28.0,B
2021-06-04T10:59:43,100.0,28.0,B
2021-06-04T10:59:40,1000.0,28.0,B
2021-06-04T10:59:36,300.0,28.0,B
2021-06-04T10:59:32,100.0,28.0,B
2021-06-04T10:59:30,400.0,28.0,B
2021-06-04T10:59:30,200.0,28.0,B
2021-06-04T10:59:27,500.0,28.0,B
2021-06-04T10:59:27,500.0,28.0,B
2021-06-04T10:59:21,251300.0,28.0,S
2021-06-04T10:59:19,2000.0,28.1,B
2021-06-04T10:59:12,5000.0,28.1,B
2021-06-04T10:59:11,2000.0,28.1,B
2021-06-04T10:59:09,200.0,28.1,B
2021-06-04T10:59:05,2000.0,28.1,B
2021-06-04T10:59:04,300.0,28.1,B
2021-06-04T10:59:03,1100.0,28.1,B
2021-06-04T10:59:03,200.0,28.1,B
2021-06-04T10:59:00,2200.0,28.1,B
2021-06-04T10:58:58,500.0,28.1,S
2021-06-04T10:58:57,40000.0,28.0,S
2021-06-04T10:58:57,200.0,28.1,S
2021-06-04T10:58:54,1500.0,28.1,S
2021-06-04T10:58:53,3300.0,28.1,S
2021-06-04T10:58:52,500.0,28.1,S
2021-06-04T10:58:52,1100.0,28.1,S
2021-06-04T10:58:46,20000.0,28.1,S
2021-06-04T10:58:44,10000.0,28.2,B
2021-06-04T10:58:42,15500.0,28.2,B
2021-06-04T10:58:42,300.0,28.1,S
2021-06-04T10:58:40,100.0,28.2,B
2021-06-04T10:58:39,600.0,28.1,S
2021-06-04T10:58:38,500.0,28.1,S
2021-06-04T10:58:35,1000.0,28.1,S
2021-06-04T10:58:32,500.0,28.2,B
2021-06-04T10:58:30,100.0,28.2,B
2021-06-04T10:58:28,1000.0,28.1,S
2021-06-04T10:58:28,3000.0,28.2,B
2021-06-04T10:58:27,700.0,28.2,B
2021-06-04T10:58:21,132800.0,28.2,S
2021-06-04T10:58:21,200.0,28.2,S
2021-06-04T10:58:18,300.0,28.2,S
2021-06-04T10:58:15,1000.0,28.2,S
2021-06-04T10:58:12,2000.0,28.3,B
2021-06-04T10:58:11,500.0,28.2,S
2021-06-04T10:58:09,18000.0,28.2,S
2021-06-04T10:58:01,5700.0,28.2,S
2021-06-04T10:58:01,1000.0,28.2,S
2021-06-04T10:57:59,100.0,28.3,B
2021-06-04T10:57:57,1000.0,28.3,B
2021-06-04T10:57:56,1000.0,28.2,S
2021-06-04T10:57:55,9600.0,28.3,B
2021-06-04T10:57:53,300.0,28.3,B
2021-06-04T10:57:49,6000.0,28.2,S
2021-06-04T10:57:43,2000.0,28.3,B
2021-06-04T10:57:40,200.0,28.3,B
2021-06-04T10:57:34,100.0,28.3,B
2021-06-04T10:57:33,43900.0,28.3,S
2021-06-04T10:57:29,300.0,28.4,B
2021-06-04T10:57:28,10000.0,28.3,S
2021-06-04T10:57:24,5000.0,28.3,S
2021-06-04T10:57:22,200.0,28.3,S
2021-06-04T10:57:15,100.0,28.3,S
2021-06-04T10:57:11,10000.0,28.3,S
2021-06-04T10:57:07,1100.0,28.3,S
2021-06-04T10:57:06,500.0,28.3,S
2021-06-04T10:57:04,100.0,28.3,S
2021-06-04T10:57:02,300.0,28.3,S
2021-06-04T10:57:01,3500.0,28.3,S
2021-06-04T10:57:00,3000.0,28.4,B
2021-06-04T10:56:55,100.0,28.3,S
2021-06-04T10:56:51,200.0,28.3,S
2021-06-04T10:56:50,500.0,28.4,B
2021-06-04T10:56:47,900.0,28.3,S
2021-06-04T10:56:44,1000.0,28.4,B
2021-06-04T10:56:43,2800.0,28.3,S
2021-06-04T10:56:42,700.0,28.4,B
2021-06-04T10:56:40,5000.0,28.3,S
2021-06-04T10:56:38,1000.0,28.3,S
2021-06-04T10:56:35,1000.0,28.4,B
2021-06-04T10:56:32,300.0,28.4,B
2021-06-04T10:56:31,400.0,28.4,S
2021-06-04T10:56:30,6600.0,28.4,S
2021-06-04T10:56:14,100.0,28.4,B
2021-06-04T10:56:14,300.0,28.4,B
2021-06-04T10:56:12,1400.0,28.4,S
2021-06-04T10:56:10,4000.0,28.5,B
2021-06-04T10:56:08,200.0,28.4,S
2021-06-04T10:56:07,400.0,28.4,S
2021-06-04T10:56:06,1300.0,28.4,S
2021-06-04T10:56:02,100.0,28.4,S
2021-06-04T10:55:59,400.0,28.5,B
2021-06-04T10:55:57,300.0,28.4,S
2021-06-04T10:55:54,100.0,28.4,S
2021-06-04T10:55:53,4300.0,28.4,B
2021-06-04T10:55:50,100.0,28.4,B
2021-06-04T10:55:49,500.0,28.4,S
2021-06-04T10:55:48,2600.0,28.4,S
2021-06-04T10:55:46,100.0,28.4,S
2021-06-04T10:55:45,200.0,28.4,S
2021-06-04T10:55:42,12000.0,28.4,S
2021-06-04T10:55:35,1000.0,28.4,S
2021-06-04T10:55:34,500.0,28.4,S
2021-06-04T10:55:34,1000.0,28.4,S
2021-06-04T10:55:30,19900.0,28.5,B
2021-06-04T10:55:29,1000.0,28.4,S
2021-06-04T10:55:25,30000.0,28.4,S
2021-06-04T10:55:23,3000.0,28.4,S
2021-06-04T10:55:21,200.0,28.4,S
2021-06-04T10:55:16,500.0,28.4,S
2021-06-04T10:55:12,2000.0,28.4,S
2021-06-04T10:55:10,300.0,28.4,S
2021-06-04T10:55:03,1500.0,28.4,S
2021-06-04T10:54:57,100.0,28.4,S
2021-06-04T10:54:53,100.0,28.4,S
2021-06-04T10:54:52,300.0,28.4,S
2021-06-04T10:54:50,400.0,28.5,B
2021-06-04T10:54:30,4500.0,28.4,S
2021-06-04T10:54:22,3400.0,28.5,B
2021-06-04T10:54:15,4700.0,28.4,B
2021-06-04T10:54:14,500.0,28.4,B
2021-06-04T10:54:13,1500.0,28.4,B
2021-06-04T10:54:11,3300.0,28.4,S
2021-06-04T10:54:02,500.0,28.5,B
2021-06-04T10:54:00,500.0,28.5,B
2021-06-04T10:53:59,3500.0,28.4,S
2021-06-04T10:53:53,2000.0,28.4,S
2021-06-04T10:53:51,200.0,28.5,B
2021-06-04T10:53:49,6200.0,28.5,B
2021-06-04T10:53:49,500.0,28.4,S
2021-06-04T10:53:47,500.0,28.5,B
2021-06-04T10:53:37,800.0,28.5,B
2021-06-04T10:53:20,5000.0,28.5,B
2021-06-04T10:53:20,500.0,28.4,S
2021-06-04T10:53:18,3000.0,28.4,B
2021-06-04T10:53:15,500.0,28.4,B
2021-06-04T10:53:15,11100.0,28.4,B
2021-06-04T10:53:12,4900.0,28.4,S
2021-06-04T10:53:11,1000.0,28.5,B
2021-06-04T10:53:07,1000.0,28.4,S
2021-06-04T10:53:03,500.0,28.4,S
2021-06-04T10:53:03,2000.0,28.4,S
2021-06-04T10:52:59,200.0,28.5,B
2021-06-04T10:52:57,3000.0,28.4,S
2021-06-04T10:52:56,500.0,28.5,B
2021-06-04T10:52:54,1500.0,28.4,S
2021-06-04T10:52:52,100.0,28.4,S
2021-06-04T10:52:51,10000.0,28.4,S
2021-06-04T10:52:48,2000.0,28.4,S
2021-06-04T10:52:47,100.0,28.5,B
2021-06-04T10:52:44,900.0,28.4,S
2021-06-04T10:52:43,5000.0,28.5,B
2021-06-04T10:52:42,20000.0,28.5,B
2021-06-04T10:52:40,700.0,28.4,S
2021-06-04T10:52:30,300.0,28.4,S
2021-06-04T10:52:27,1000.0,28.4,S
2021-06-04T10:52:22,200.0,28.4,S
2021-06-04T10:52:20,3000.0,28.5,B
2021-06-04T10:52:17,1000.0,28.4,S
2021-06-04T10:52:16,300.0,28.5,B
2021-06-04T10:52:14,100.0,28.4,S
2021-06-04T10:52:05,200.0,28.5,B
2021-06-04T10:52:01,500.0,28.4,S
2021-06-04T10:51:53,5000.0,28.5,B
2021-06-04T10:51:50,100.0,28.4,S
2021-06-04T10:51:49,300.0,28.4,S
2021-06-04T10:51:47,6200.0,28.5,B
2021-06-04T10:51:42,1000.0,28.4,S
2021-06-04T10:51:41,500.0,28.4,S
2021-06-04T10:51:35,20000.0,28.4,S
2021-06-04T10:51:34,5000.0,28.4,S
2021-06-04T10:51:32,2000.0,28.4,S
2021-06-04T10:51:26,200.0,28.4,S
2021-06-04T10:51:23,2000.0,28.4,S
2021-06-04T10:51:21,200.0,28.5,B
2021-06-04T10:51:18,50000.0,28.5,B
2021-06-04T10:51:07,100.0,28.4,S
2021-06-04T10:50:59,500.0,28.4,S
2021-06-04T10:50:53,1000.0,28.4,S
2021-06-04T10:50:43,100.0,28.4,S
2021-06-04T10:50:34,3000.0,28.4,S
2021-06-04T10:50:34,2300.0,28.5,B
2021-06-04T10:50:32,35500.0,28.4,S
2021-06-04T10:50:28,400.0,28.5,B
2021-06-04T10:50:24,1000.0,28.4,S
2021-06-04T10:50:23,100.0,28.4,S
2021-06-04T10:50:17,500.0,28.5,B
2021-06-04T10:50:15,5100.0,28.5,B
2021-06-04T10:50:14,5000.0,28.5,B
2021-06-04T10:50:12,2000.0,28.5,B
2021-06-04T10:50:06,400.0,28.5,B
2021-06-04T10:50:01,1000.0,28.4,S
2021-06-04T10:49:59,10000.0,28.5,B
2021-06-04T10:49:54,1100.0,28.5,B
2021-06-04T10:49:52,1000.0,28.5,B
2021-06-04T10:49:51,100.0,28.4,S
2021-06-04T10:49:46,1000.0,28.5,B
2021-06-04T10:49:45,300.0,28.5,B
2021-06-04T10:49:42,900.0,28.5,B
2021-06-04T10:49:41,500.0,28.5,B
2021-06-04T10:49:41,1000.0,28.5,B
2021-06-04T10:49:37,6500.0,28.5,B
2021-06-04T10:49:25,1900.0,28.5,B
2021-06-04T10:49:21,500.0,28.4,S
2021-06-04T10:49:17,700.0,28.5,B
2021-06-04T10:49:16,100.0,28.5,S
2021-06-04T10:49:14,2500.0,28.5,S
2021-06-04T10:49:11,2000.0,28.5,S
2021-06-04T10:49:10,200.0,28.5,S
2021-06-04T10:49:10,300.0,28.5,S
2021-06-04T10:49:09,300.0,28.5,S
2021-06-04T10:49:08,5000.0,28.5,S
2021-06-04T10:49:06,400.0,28.5,S
2021-06-04T10:49:05,12000.0,28.5,S
2021-06-04T10:49:05,200.0,28.6,B
2021-06-04T10:48:58,1400.0,28.5,S
2021-06-04T10:48:55,38000.0,28.5,B
2021-06-04T10:48:50,300.0,28.5,B
2021-06-04T10:48:45,1000.0,28.5,B
2021-06-04T10:48:42,13500.0,28.5,S
2021-06-04T10:48:39,100.0,28.5,S
2021-06-04T10:48:38,1400.0,28.5,S
2021-06-04T10:48:37,1200.0,28.5,S
2021-06-04T10:48:36,1000.0,28.5,S
2021-06-04T10:48:35,200.0,28.5,S
2021-06-04T10:48:34,700.0,28.5,S
2021-06-04T10:48:30,2000.0,28.5,S
2021-06-04T10:48:28,700.0,28.5,S
2021-06-04T10:48:25,500.0,28.5,S
2021-06-04T10:48:22,400.0,28.5,S
2021-06-04T10:48:19,900.0,28.5,S
2021-06-04T10:48:19,8100.0,28.5,S
2021-06-04T10:48:17,3400.0,28.5,S
2021-06-04T10:48:15,400.0,28.5,S
2021-06-04T10:48:11,34400.0,28.5,B
2021-06-04T10:48:09,600.0,28.5,B
2021-06-04T10:48:06,300.0,28.5,B
2021-06-04T10:48:05,53700.0,28.5,B
2021-06-04T10:48:03,300.0,28.5,B
2021-06-04T10:48:03,3000.0,28.5,B
2021-06-04T10:48:01,500.0,28.5,B
2021-06-04T10:48:00,100.0,28.5,B
2021-06-04T10:48:00,20000.0,28.4,S
2021-06-04T10:48:00,1000.0,28.4,S
2021-06-04T10:47:56,3000.0,28.5,B
2021-06-04T10:47:54,600.0,28.5,B
2021-06-04T10:47:51,2500.0,28.4,S
2021-06-04T10:47:50,4000.0,28.5,B
2021-06-04T10:47:49,500.0,28.4,S
2021-06-04T10:47:47,10000.0,28.5,B
2021-06-04T10:47:45,4000.0,28.5,B
2021-06-04T10:47:39,2700.0,28.5,B
2021-06-04T10:47:36,200.0,28.4,S
2021-06-04T10:47:35,1000.0,28.5,B
2021-06-04T10:47:34,50000.0,28.5,B
2021-06-04T10:47:29,1500.0,28.5,B
2021-06-04T10:47:26,14500.0,28.5,B
2021-06-04T10:47:24,1000.0,28.4,S
2021-06-04T10:47:22,5000.0,28.4,S
2021-06-04T10:47:21,6000.0,28.4,S
2021-06-04T10:47:20,3600.0,28.5,B
2021-06-04T10:47:19,500.0,28.4,S
2021-06-04T10:47:15,3000.0,28.5,B
2021-06-04T10:47:14,1000.0,28.4,S
2021-06-04T10:47:10,1000.0,28.4,S
2021-06-04T10:47:07,100.0,28.4,S
2021-06-04T10:47:06,11700.0,28.4,B
2021-06-04T10:47:05,2000.0,28.3,S
2021-06-04T10:47:04,500.0,28.4,B
2021-06-04T10:47:04,1300.0,28.4,B
2021-06-04T10:47:01,100.0,28.4,B
2021-06-04T10:46:58,4000.0,28.3,S
2021-06-04T10:46:57,300.0,28.4,B
2021-06-04T10:46:54,200.0,28.3,S
2021-06-04T10:46:53,200.0,28.4,B
2021-06-04T10:46:53,100.0,28.4,S
2021-06-04T10:46:51,10000.0,28.4,S
2021-06-04T10:46:51,39900.0,28.4,B
2021-06-04T10:46:49,300.0,28.4,B
2021-06-04T10:46:48,26500.0,28.3,S
2021-06-04T10:46:47,100.0,28.4,B
2021-06-04T10:46:46,400.0,28.4,B
2021-06-04T10:46:46,2000.0,28.3,S
2021-06-04T10:46:45,1000.0,28.3,S
2021-06-04T10:46:45,100.0,28.3,S
2021-06-04T10:46:43,1000.0,28.3,S
2021-06-04T10:46:42,500.0,28.3,S
2021-06-04T10:46:41,500.0,28.3,S
2021-06-04T10:46:32,1000.0,28.3,S
2021-06-04T10:46:32,7500.0,28.3,S
2021-06-04T10:46:31,900.0,28.4,B
2021-06-04T10:46:29,500.0,28.3,S
2021-06-04T10:46:26,500.0,28.3,S
2021-06-04T10:46:24,5000.0,28.4,B
2021-06-04T10:46:23,2500.0,28.3,S
2021-06-04T10:46:20,50000.0,28.4,B
2021-06-04T10:46:20,8700.0,28.3,S
2021-06-04T10:46:19,10000.0,28.4,B
2021-06-04T10:46:17,100.0,28.4,B
2021-06-04T10:46:16,3200.0,28.4,B
2021-06-04T10:46:13,600.0,28.3,S
2021-06-04T10:46:09,100.0,28.4,B
2021-06-04T10:46:08,700.0,28.4,B
2021-06-04T10:46:01,3200.0,28.4,B
2021-06-04T10:45:57,27000.0,28.4,B
2021-06-04T10:45:57,1000.0,28.5,B
2021-06-04T10:45:56,100.0,28.5,B
2021-06-04T10:45:55,1900.0,28.4,S
2021-06-04T10:45:54,1500.0,28.5,B
2021-06-04T10:45:54,500.0,28.4,S
2021-06-04T10:45:52,9000.0,28.4,S
2021-06-04T10:45:52,500.0,28.5,B
2021-06-04T10:45:51,39600.0,28.4,S
2021-06-04T10:45:50,50000.0,28.5,B
2021-06-04T10:45:49,9000.0,28.4,S
2021-06-04T10:45:47,500.0,28.4,S
2021-06-04T10:45:46,700.0,28.4,S
2021-06-04T10:45:43,100.0,28.5,B
2021-06-04T10:45:43,200.0,28.5,B
2021-06-04T10:45:41,3800.0,28.5,B
2021-06-04T10:45:40,1000.0,28.4,S
2021-06-04T10:45:38,100.0,28.5,B
2021-06-04T10:45:38,1300.0,28.5,B
2021-06-04T10:45:38,1000.0,28.4,S
2021-06-04T10:45:37,21100.0,28.5,B
2021-06-04T10:45:36,200.0,28.4,S
2021-06-04T10:45:35,300.0,28.5,B
2021-06-04T10:45:33,300.0,28.5,B
2021-06-04T10:45:33,100.0,28.5,B
2021-06-04T10:45:29,300.0,28.5,B
2021-06-04T10:45:29,1000.0,28.5,B
2021-06-04T10:45:27,200.0,28.5,B
2021-06-04T10:45:25,10300.0,28.5,B
2021-06-04T10:45:23,600.0,28.5,B
2021-06-04T10:45:21,100.0,28.5,B
2021-06-04T10:45:17,400.0,28.5,B
2021-06-04T10:45:14,6600.0,28.5,B
2021-06-04T10:45:07,50000.0,28.6,B
2021-06-04T10:45:06,1000.0,28.5,B
2021-06-04T10:45:06,300.0,28.5,B
2021-06-04T10:45:05,600.0,28.5,B
2021-06-04T10:45:02,21600.0,28.6,B
2021-06-04T10:44:59,100.0,28.5,B
2021-06-04T10:44:59,29400.0,28.4,S
2021-06-04T10:44:58,3800.0,28.5,S
2021-06-04T10:44:57,2000.0,28.5,S
2021-06-04T10:44:56,5000.0,28.5,S
2021-06-04T10:44:56,10000.0,28.5,S
2021-06-04T10:44:55,5000.0,28.5,S
2021-06-04T10:44:53,40000.0,28.5,S
2021-06-04T10:44:53,31000.0,28.5,S
2021-06-04T10:44:52,5000.0,28.5,S
2021-06-04T10:44:51,2500.0,28.6,B
2021-06-04T10:44:49,100.0,28.5,S
2021-06-04T10:44:47,100.0,28.6,B
2021-06-04T10:44:45,7000.0,28.6,B
2021-06-04T10:44:43,5000.0,28.6,B
2021-06-04T10:44:42,400.0,28.5,S
2021-06-04T10:44:39,200.0,28.6,B
2021-06-04T10:44:38,500.0,28.6,B
2021-06-04T10:44:38,8000.0,28.6,B
2021-06-04T10:44:36,1000.0,28.6,B
2021-06-04T10:44:35,400.0,28.6,B
2021-06-04T10:44:34,50000.0,28.6,B
2021-06-04T10:44:33,1500.0,28.5,S
2021-06-04T10:44:31,1000.0,28.5,S
2021-06-04T10:44:31,100.0,28.6,B
2021-06-04T10:44:30,2100.0,28.6,B
2021-06-04T10:44:29,5200.0,28.6,B
2021-06-04T10:44:28,500.0,28.5,S
2021-06-04T10:44:27,500.0,28.6,B
2021-06-04T10:44:26,65000.0,28.5,S
2021-06-04T10:44:24,9600.0,28.6,S
2021-06-04T10:44:23,1000.0,28.6,S
2021-06-04T10:44:21,10000.0,28.6,S
2021-06-04T10:44:21,400.0,28.7,B
2021-06-04T10:44:20,10100.0,28.6,S
2021-06-04T10:44:19,3000.0,28.6,S
2021-06-04T10:44:19,4000.0,28.6,S
2021-06-04T10:44:18,1000.0,28.6,S
2021-06-04T10:44:17,300.0,28.6,S
2021-06-04T10:44:15,10000.0,28.6,S
2021-06-04T10:44:15,600.0,28.6,S
2021-06-04T10:44:15,100.0,28.6,S
2021-06-04T10:44:13,100300.0,28.6,B
2021-06-04T10:44:13,20000.0,28.6,B
2021-06-04T10:44:13,3000.0,28.6,B
2021-06-04T10:44:11,2000.0,28.5,S
2021-06-04T10:44:10,5000.0,28.6,B
2021-06-04T10:44:09,23000.0,28.5,S
2021-06-04T10:44:06,100.0,28.5,S
2021-06-04T10:44:04,1300.0,28.5,S
2021-06-04T10:44:03,100.0,28.6,B
2021-06-04T10:44:01,10500.0,28.5,S
2021-06-04T10:44:00,3000.0,28.5,S
2021-06-04T10:43:59,5000.0,28.5,S
2021-06-04T10:43:55,5000.0,28.6,B
2021-06-04T10:43:53,1500.0,28.5,S
2021-06-04T10:43:50,1000.0,28.6,B
2021-06-04T10:43:50,1000.0,28.6,B
2021-06-04T10:43:48,10000.0,28.6,B
2021-06-04T10:43:47,10000.0,28.5,S
2021-06-04T10:43:46,56900.0,28.6,S
2021-06-04T10:43:43,2500.0,28.6,S
2021-06-04T10:43:42,800.0,28.7,B
2021-06-04T10:43:42,2000.0,28.6,S
2021-06-04T10:43:41,100.0,28.7,B
2021-06-04T10:43:40,5000.0,28.7,B
2021-06-04T10:43:38,200.0,28.7,B
2021-06-04T10:43:34,10000.0,28.6,S
2021-06-04T10:43:30,100.0,28.7,B
2021-06-04T10:43:28,12000.0,28.6,S
2021-06-04T10:43:28,500.0,28.6,S
2021-06-04T10:43:27,100.0,28.7,B
2021-06-04T10:43:27,600.0,28.7,B
2021-06-04T10:43:25,300.0,28.7,B
2021-06-04T10:43:24,200.0,28.7,B
2021-06-04T10:43:23,5000.0,28.7,B
2021-06-04T10:43:22,10000.0,28.6,S
2021-06-04T10:43:22,2000.0,28.7,B
2021-06-04T10:43:21,100.0,28.7,B
2021-06-04T10:43:20,1000.0,28.6,S
2021-06-04T10:43:20,500.0,28.7,B
2021-06-04T10:43:19,100.0,28.7,B
2021-06-04T10:43:17,15000.0,28.7,B
2021-06-04T10:43:16,100.0,28.6,S
2021-06-04T10:43:16,2600.0,28.7,B
2021-06-04T10:43:14,1000.0,28.7,B
2021-06-04T10:43:14,500.0,28.7,B
2021-06-04T10:43:13,300.0,28.7,B
2021-06-04T10:43:13,500.0,28.7,B
2021-06-04T10:43:12,6200.0,28.7,B
2021-06-04T10:43:10,5000.0,28.7,B
2021-06-04T10:43:09,1000.0,28.6,S
2021-06-04T10:43:09,1800.0,28.7,B
2021-06-04T10:43:06,200.0,28.7,B
2021-06-04T10:43:05,100.0,28.7,B
2021-06-04T10:43:04,700.0,28.7,B
2021-06-04T10:43:01,1900.0,28.7,B
2021-06-04T10:43:00,11000.0,28.7,B
2021-06-04T10:42:59,3500.0,28.6,S
2021-06-04T10:42:57,100.0,28.7,B
2021-06-04T10:42:57,2000.0,28.7,B
2021-06-04T10:42:53,2900.0,28.7,B
2021-06-04T10:42:52,200.0,28.7,B
2021-06-04T10:42:50,200.0,28.7,B
2021-06-04T10:42:48,100.0,28.7,B
2021-06-04T10:42:46,500.0,28.7,B
2021-06-04T10:42:44,100.0,28.7,B
2021-06-04T10:42:43,10000.0,28.7,B
2021-06-04T10:42:41,1600.0,28.7,B
2021-06-04T10:42:40,1400.0,28.7,B
2021-06-04T10:42:39,1000.0,28.6,S
2021-06-04T10:42:38,100.0,28.7,B
2021-06-04T10:42:37,200.0,28.7,B
2021-06-04T10:42:35,200.0,28.7,B
2021-06-04T10:42:34,2000.0,28.7,B
2021-06-04T10:42:33,1000.0,28.7,B
2021-06-04T10:42:31,100.0,28.7,B
2021-06-04T10:42:31,1000.0,28.7,B
2021-06-04T10:42:28,500.0,28.7,B
2021-06-04T10:42:27,27000.0,28.7,B
2021-06-04T10:42:24,800.0,28.7,B
2021-06-04T10:42:23,1000.0,28.6,S
2021-06-04T10:42:22,10200.0,28.7,B
2021-06-04T10:42:22,3100.0,28.7,B
2021-06-04T10:42:21,500.0,28.7,B
2021-06-04T10:42:20,500.0,28.7,B
2021-06-04T10:42:19,500.0,28.7,B
2021-06-04T10:42:19,500.0,28.7,B
2021-06-04T10:42:18,5000.0,28.7,S
2021-06-04T10:42:16,5000.0,28.7,B
2021-06-04T10:42:15,1000.0,28.7,B
2021-06-04T10:42:13,1300.0,28.7,B
2021-06-04T10:42:13,5000.0,28.7,B
2021-06-04T10:42:12,800.0,28.7,B
2021-06-04T10:42:10,1800.0,28.7,B
2021-06-04T10:42:10,15000.0,28.7,B
2021-06-04T10:42:08,300.0,28.7,B
2021-06-04T10:42:06,500.0,28.7,B
2021-06-04T10:42:05,1400.0,28.6,S
2021-06-04T10:42:05,1000.0,28.7,B
2021-06-04T10:42:04,6300.0,28.7,B
2021-06-04T10:42:03,300.0,28.7,B
2021-06-04T10:42:03,100.0,28.7,B
2021-06-04T10:42:02,100.0,28.7,B
2021-06-04T10:42:00,1000.0,28.7,B
2021-06-04T10:41:57,200.0,28.7,B
2021-06-04T10:41:56,5000.0,28.6,S
2021-06-04T10:41:55,100.0,28.7,B
2021-06-04T10:41:54,8000.0,28.7,B
2021-06-04T10:41:52,300.0,28.7,B
2021-06-04T10:41:52,8000.0,28.7,B
2021-06-04T10:41:52,1000.0,28.7,B
2021-06-04T10:41:51,1900.0,28.7,B
2021-06-04T10:41:51,100.0,28.7,B
2021-06-04T10:41:50,300.0,28.7,B
2021-06-04T10:41:49,200.0,28.7,B
2021-06-04T10:41:49,500.0,28.7,B
2021-06-04T10:41:48,6000.0,28.7,B
2021-06-04T10:41:47,1000.0,28.7,B
2021-06-04T10:41:46,100.0,28.7,B
2021-06-04T10:41:43,29800.0,28.7,B
2021-06-04T10:41:42,100.0,28.7,B
2021-06-04T10:41:41,1000.0,28.7,B
2021-06-04T10:41:41,1000.0,28.7,B
2021-06-04T10:41:39,800.0,28.7,B
2021-06-04T10:41:39,200.0,28.7,B
2021-06-04T10:41:37,2600.0,28.7,B
2021-06-04T10:41:36,500.0,28.6,S
2021-06-04T10:41:36,10000.0,28.6,S
2021-06-04T10:41:35,1000.0,28.7,B
2021-06-04T10:41:35,1000.0,28.7,B
2021-06-04T10:41:34,1000.0,28.7,B
2021-06-04T10:41:32,1000.0,28.7,B
2021-06-04T10:41:31,400.0,28.7,B
2021-06-04T10:41:29,1000.0,28.7,B
2021-06-04T10:41:28,31800.0,28.7,B
2021-06-04T10:41:26,2000.0,28.7,B
2021-06-04T10:41:25,500.0,28.7,B
2021-06-04T10:41:24,200.0,28.7,B
2021-06-04T10:41:24,5000.0,28.7,B
2021-06-04T10:41:23,7100.0,28.7,B
2021-06-04T10:41:21,500.0,28.7,B
2021-06-04T10:41:18,10000.0,28.7,B
2021-06-04T10:41:18,100.0,28.7,B
2021-06-04T10:41:17,1000.0,28.6,S
2021-06-04T10:41:16,400.0,28.7,B
2021-06-04T10:41:15,300.0,28.7,B
2021-06-04T10:41:14,200.0,28.7,B
2021-06-04T10:41:14,4000.0,28.7,B
2021-06-04T10:41:13,300.0,28.7,B
2021-06-04T10:41:10,200.0,28.7,B
2021-06-04T10:41:07,6200.0,28.7,B
2021-06-04T10:41:07,2000.0,28.6,S
2021-06-04T10:41:06,200.0,28.7,B
2021-06-04T10:41:06,200.0,28.7,B
2021-06-04T10:41:02,1000.0,28.7,B
2021-06-04T10:41:02,10200.0,28.7,B
2021-06-04T10:40:59,3000.0,28.6,S
2021-06-04T10:40:59,500.0,28.7,B
2021-06-04T10:40:56,500.0,28.7,B
2021-06-04T10:40:55,200.0,28.7,B
2021-06-04T10:40:55,1000.0,28.7,B
2021-06-04T10:40:53,1000.0,28.7,B
2021-06-04T10:40:51,4800.0,28.7,B
2021-06-04T10:40:51,200.0,28.7,B
2021-06-04T10:40:50,200.0,28.7,B
2021-06-04T10:40:50,1100.0,28.7,B
2021-06-04T10:40:49,500.0,28.7,B
2021-06-04T10:40:47,500.0,28.7,B
2021-06-04T10:40:46,1000.0,28.7,B
2021-06-04T10:40:46,8300.0,28.7,B
2021-06-04T10:40:45,200.0,28.7,B
2021-06-04T10:40:44,600.0,28.7,B
2021-06-04T10:40:41,500.0,28.7,B
2021-06-04T10:40:40,100.0,28.7,B
2021-06-04T10:40:38,1000.0,28.7,B
2021-06-04T10:40:38,2200.0,28.7,B
2021-06-04T10:40:36,1000.0,28.7,B
2021-06-04T10:40:36,2000.0,28.6,S
2021-06-04T10:40:35,200.0,28.7,B
2021-06-04T10:40:34,400.0,28.7,B
2021-06-04T10:40:33,200.0,28.7,B
2021-06-04T10:40:31,2500.0,28.7,B
2021-06-04T10:40:30,1500.0,28.7,B
2021-06-04T10:40:28,4000.0,28.7,B
2021-06-04T10:40:26,3600.0,28.7,B
2021-06-04T10:40:24,500.0,28.7,B
2021-06-04T10:40:21,500.0,28.7,B
2021-06-04T10:40:19,500.0,28.7,B
2021-06-04T10:40:19,200.0,28.6,S
2021-06-04T10:40:18,100.0,28.6,S
2021-06-04T10:40:17,1900.0,28.7,B
2021-06-04T10:40:16,20000.0,28.7,B
2021-06-04T10:40:13,600.0,28.6,S
2021-06-04T10:40:10,200.0,28.6,S
2021-06-04T10:40:05,3000.0,28.7,B
2021-06-04T10:40:03,7300.0,28.6,S
2021-06-04T10:40:01,300.0,28.7,B
2021-06-04T10:39:56,1000.0,28.6,S
2021-06-04T10:39:54,3200.0,28.6,S
2021-06-04T10:39:53,9000.0,28.7,B
2021-06-04T10:39:51,1000.0,28.6,B
2021-06-04T10:39:51,2000.0,28.6,B
2021-06-04T10:39:50,4300.0,28.6,B
2021-06-04T10:39:49,6500.0,28.6,B
2021-06-04T10:39:47,1000.0,28.6,B
2021-06-04T10:39:46,7000.0,28.6,B
2021-06-04T10:39:46,1000.0,28.6,B
2021-06-04T10:39:44,50000.0,28.6,B
2021-06-04T10:39:42,200.0,28.6,B
2021-06-04T10:39:40,1500.0,28.6,B
2021-06-04T10:39:39,100.0,28.5,S
2021-06-04T10:39:38,2100.0,28.6,B
2021-06-04T10:39:35,200.0,28.6,B
2021-06-04T10:39:34,1000.0,28.6,B
2021-06-04T10:39:34,10000.0,28.6,B
2021-06-04T10:39:32,2200.0,28.6,B
2021-06-04T10:39:32,5000.0,28.6,B
2021-06-04T10:39:29,1500.0,28.5,S
2021-06-04T10:39:24,1900.0,28.5,S
2021-06-04T10:39:24,500.0,28.5,S
2021-06-04T10:39:23,500.0,28.6,B
2021-06-04T10:39:22,7100.0,28.5,B
2021-06-04T10:39:20,19800.0,28.5,B
2021-06-04T10:39:19,300.0,28.5,B
2021-06-04T10:39:18,5500.0,28.5,B
2021-06-04T10:39:17,8200.0,28.5,B
2021-06-04T10:39:15,1100.0,28.5,B
2021-06-04T10:39:15,200.0,28.5,B
2021-06-04T10:39:13,10000.0,28.5,B
2021-06-04T10:39:11,10000.0,28.5,B
2021-06-04T10:39:11,21700.0,28.5,B
2021-06-04T10:39:10,400.0,28.5,B
2021-06-04T10:39:10,5000.0,28.5,B
2021-06-04T10:39:08,500.0,28.5,B
2021-06-04T10:39:08,6000.0,28.5,B
2021-06-04T10:39:07,500.0,28.5,B
2021-06-04T10:39:06,2000.0,28.5,B
2021-06-04T10:39:06,100.0,28.5,B
2021-06-04T10:39:04,2000.0,28.5,B
2021-06-04T10:39:04,1600.0,28.5,B
2021-06-04T10:39:04,12000.0,28.5,B
2021-06-04T10:39:03,1100.0,28.5,B
2021-06-04T10:39:01,1000.0,28.5,B
2021-06-04T10:39:01,5800.0,28.5,B
2021-06-04T10:39:00,1300.0,28.5,B
2021-06-04T10:38:59,5000.0,28.5,B
2021-06-04T10:38:59,11000.0,28.5,B
2021-06-04T10:38:58,10100.0,28.5,B
2021-06-04T10:38:56,4500.0,28.5,B
2021-06-04T10:38:56,300.0,28.5,B
2021-06-04T10:38:56,200.0,28.5,B
2021-06-04T10:38:56,100.0,28.5,B
2021-06-04T10:38:52,1900.0,28.5,B
2021-06-04T10:38:51,100.0,28.5,B
2021-06-04T10:38:50,1000.0,28.5,B
2021-06-04T10:38:47,2000.0,28.5,B
2021-06-04T10:38:47,1000.0,28.5,B
2021-06-04T10:38:47,5000.0,28.5,B
2021-06-04T10:38:46,2000.0,28.5,B
2021-06-04T10:38:46,2000.0,28.5,B
2021-06-04T10:38:42,500.0,28.5,B
2021-06-04T10:38:42,900.0,28.5,B
