tradingTime,volume,price,side
2021-06-04T14:57:45,1000.0,10.4,B
2021-06-04T14:56:54,1000.0,10.4,B
2021-06-04T14:54:40,1000.0,10.3,S
2021-06-04T14:51:15,400.0,10.3,S
2021-06-04T14:50:35,15000.0,10.3,S
2021-06-04T14:47:45,200.0,10.4,B
2021-06-04T14:46:55,300.0,10.4,B
2021-06-04T14:41:25,500.0,10.4,B
2021-06-04T14:41:10,100.0,10.4,B
2021-06-04T14:40:00,5000.0,10.4,B
2021-06-04T14:39:05,200.0,10.4,B
2021-06-04T14:38:25,1300.0,10.4,B
2021-06-04T14:37:45,3000.0,10.4,B
2021-06-04T14:37:15,500.0,10.4,S
2021-06-04T14:35:45,1600.0,10.4,B
2021-06-04T14:33:55,100.0,10.4,B
2021-06-04T14:33:10,500.0,10.4,B
2021-06-04T14:32:05,15000.0,10.4,S
2021-06-04T14:31:55,5000.0,10.4,S
2021-06-04T14:31:50,600.0,10.5,B
2021-06-04T14:31:05,500.0,10.5,B
2021-06-04T14:31:00,100.0,10.5,B
2021-06-04T14:29:13,3000.0,10.5,B
2021-06-04T14:28:20,200.0,10.4,S
2021-06-04T14:28:19,500.0,10.5,B
2021-06-04T14:27:48,100.0,10.5,B
2021-06-04T14:27:43,400.0,10.4,S
2021-06-04T14:26:50,100.0,10.4,S
2021-06-04T14:25:25,3700.0,10.4,B
2021-06-04T14:25:22,500.0,10.4,B
2021-06-04T14:25:22,100.0,10.4,B
2021-06-04T14:25:19,900.0,10.4,B
2021-06-04T14:24:25,1000.0,10.4,B
2021-06-04T14:24:01,1000.0,10.4,B
2021-06-04T14:22:10,1000.0,10.3,S
2021-06-04T14:20:00,4000.0,10.3,S
2021-06-04T14:19:39,500.0,10.3,S
2021-06-04T14:18:43,1000.0,10.3,S
2021-06-04T14:18:19,1500.0,10.4,B
2021-06-04T14:18:09,1000.0,10.4,B
2021-06-04T14:17:45,4800.0,10.4,B
2021-06-04T14:17:23,2900.0,10.4,B
2021-06-04T14:17:13,700.0,10.4,B
2021-06-04T14:16:51,4700.0,10.4,B
2021-06-04T14:16:22,300.0,10.4,B
2021-06-04T14:15:17,500.0,10.3,S
2021-06-04T14:12:59,10300.0,10.3,B
2021-06-04T14:12:10,200.0,10.3,B
2021-06-04T14:11:15,1000.0,10.3,B
2021-06-04T14:09:32,4800.0,10.3,B
2021-06-04T14:08:02,2500.0,10.3,B
2021-06-04T14:07:51,500.0,10.3,B
2021-06-04T14:04:35,800.0,10.3,B
2021-06-04T14:02:59,1000.0,10.3,B
2021-06-04T14:02:57,2000.0,10.2,S
2021-06-04T14:02:40,100.0,10.3,B
2021-06-04T14:02:15,200.0,10.3,B
2021-06-04T14:01:59,1000.0,10.3,B
2021-06-04T14:01:18,1800.0,10.3,B
2021-06-04T14:00:43,200.0,10.3,B
2021-06-04T13:59:42,5900.0,10.3,B
2021-06-04T13:59:08,500.0,10.3,B
2021-06-04T13:57:46,500.0,10.3,B
2021-06-04T13:57:20,500.0,10.3,B
2021-06-04T13:56:34,100.0,10.2,B
2021-06-04T13:54:41,3000.0,10.2,B
2021-06-04T13:54:28,1000.0,10.2,B
2021-06-04T13:54:18,1000.0,10.2,B
2021-06-04T13:54:06,2000.0,10.0,S
2021-06-04T13:53:04,40000.0,10.2,B
2021-06-04T13:52:37,4900.0,10.1,B
2021-06-04T13:52:12,1000.0,10.1,B
2021-06-04T13:50:39,700.0,10.0,S
2021-06-04T13:38:25,300.0,10.0,B
2021-06-04T13:37:34,1500.0,10.0,B
2021-06-04T13:35:37,2000.0,10.0,B
2021-06-04T13:31:36,800.0,10.0,B
2021-06-04T13:31:20,5000.0,10.0,B
2021-06-04T13:29:03,100.0,10.0,B
2021-06-04T13:27:15,500.0,10.0,B
2021-06-04T13:26:54,100.0,10.0,B
2021-06-04T13:26:42,300.0,10.0,B
2021-06-04T13:25:33,200.0,10.0,B
2021-06-04T13:25:12,1000.0,10.0,B
2021-06-04T13:24:26,5000.0,10.0,B
2021-06-04T13:20:06,700.0,9.9,S
2021-06-04T13:18:42,100.0,10.0,B
2021-06-04T13:15:35,500.0,10.0,B
2021-06-04T13:13:36,11100.0,10.0,S
2021-06-04T13:08:12,5000.0,10.0,S
2021-06-04T13:06:56,10000.0,10.0,S
2021-06-04T13:06:13,500.0,10.0,S
2021-06-04T13:00:32,1300.0,10.1,B
2021-06-04T13:00:26,4000.0,10.1,S
2021-06-04T11:25:23,100.0,10.1,S
2021-06-04T11:22:54,6100.0,10.1,S
2021-06-04T11:18:56,1000.0,10.1,S
2021-06-04T11:13:51,1000.0,10.1,S
2021-06-04T11:13:21,1000.0,10.1,S
2021-06-04T11:12:29,2000.0,10.1,S
2021-06-04T11:12:11,1000.0,10.1,S
2021-06-04T11:08:53,100.0,10.1,S
2021-06-04T10:53:31,1000.0,10.2,B
2021-06-04T10:53:07,400.0,10.1,S
2021-06-04T10:47:05,7800.0,10.2,B
2021-06-04T10:45:57,500.0,10.1,B
2021-06-04T10:44:11,10000.0,10.1,B
2021-06-04T10:39:47,200.0,10.1,B
2021-06-04T10:32:23,8000.0,10.1,B
2021-06-04T10:26:47,1000.0,10.1,B
2021-06-04T10:21:11,1200.0,10.1,S
2021-06-04T10:21:04,300.0,10.1,B
2021-06-04T10:20:34,100.0,10.1,S
2021-06-04T10:20:16,500.0,10.1,S
2021-06-04T10:18:05,400.0,10.1,S
2021-06-04T10:15:34,1000.0,10.1,S
2021-06-04T10:14:02,5000.0,10.1,S
2021-06-04T10:13:20,2000.0,10.1,S
2021-06-04T10:06:40,2000.0,10.1,S
2021-06-04T09:47:56,500.0,10.2,B
2021-06-04T09:45:49,500.0,10.2,B
2021-06-04T09:44:56,700.0,10.2,B
2021-06-04T09:36:52,1200.0,10.1,S
2021-06-04T09:28:08,200.0,10.1,S
2021-06-04T09:27:55,3000.0,10.1,S
2021-06-04T09:26:25,3000.0,10.2,S
2021-06-04T09:22:32,500.0,10.2,S
2021-06-04T09:09:12,500.0,10.2,S
2021-06-04T09:07:45,2000.0,10.2,S
