tradingTime,volume,price,side
2021-06-04T14:22:45,300.0,7.17,B
2021-06-04T14:22:18,100.0,7.16,S
2021-06-04T14:18:30,500.0,7.17,B
2021-06-04T14:17:09,200.0,7.17,B
2021-06-04T14:16:04,8600.0,7.17,B
2021-06-04T14:15:48,700.0,7.17,B
2021-06-04T14:15:15,400.0,7.17,B
2021-06-04T14:15:07,100.0,7.17,B
2021-06-04T14:12:27,1900.0,7.17,B
2021-06-04T14:12:18,200.0,7.17,B
2021-06-04T14:11:27,100.0,7.17,B
2021-06-04T14:10:50,1000.0,7.17,B
2021-06-04T14:06:05,500.0,7.15,S
2021-06-04T14:04:50,2200.0,7.15,S
2021-06-04T14:04:33,2400.0,7.18,B
2021-06-04T14:01:01,100.0,7.18,B
2021-06-04T14:00:32,400.0,7.18,B
2021-06-04T13:59:31,800.0,7.18,B
2021-06-04T13:58:39,2000.0,7.18,B
2021-06-04T13:50:25,600.0,7.18,B
2021-06-04T13:48:28,200.0,7.14,S
2021-06-04T13:46:17,400.0,7.18,B
2021-06-04T13:43:34,200.0,7.18,B
2021-06-04T13:41:37,100.0,7.18,B
2021-06-04T13:40:03,200.0,7.18,B
2021-06-04T13:38:38,1000.0,7.18,B
2021-06-04T13:33:11,11100.0,7.05,S
2021-06-04T13:33:11,5700.0,7.1,S
2021-06-04T13:33:11,500.0,7.1,S
2021-06-04T13:33:11,3500.0,7.1,S
2021-06-04T13:33:11,8500.0,7.1,S
2021-06-04T13:33:11,8800.0,7.15,S
2021-06-04T13:33:11,4100.0,7.15,S
2021-06-04T13:33:11,100.0,7.15,S
2021-06-04T13:33:11,5000.0,7.15,S
2021-06-04T13:33:11,2700.0,7.16,S
2021-06-04T13:33:10,6900.0,7.16,S
2021-06-04T13:32:51,24500.0,7.16,S
2021-06-04T13:32:51,2000.0,7.16,S
2021-06-04T13:32:51,4000.0,7.16,S
2021-06-04T13:32:51,1000.0,7.16,S
2021-06-04T13:32:51,83200.0,7.16,S
2021-06-04T13:32:51,200.0,7.17,S
2021-06-04T13:32:51,41000.0,7.17,S
2021-06-04T13:32:51,600.0,7.17,S
2021-06-04T13:32:51,5000.0,7.17,S
2021-06-04T13:32:50,38500.0,7.17,S
2021-06-04T13:31:45,2000.0,7.19,B
2021-06-04T13:30:42,1000.0,7.18,S
2021-06-04T13:30:00,9900.0,7.18,S
2021-06-04T13:29:54,300.0,7.18,S
2021-06-04T13:29:12,5000.0,7.18,S
2021-06-04T13:28:27,1800.0,7.18,S
2021-06-04T13:28:03,1100.0,7.18,S
2021-06-04T13:28:03,6900.0,7.18,S
2021-06-04T13:28:03,6900.0,7.18,S
2021-06-04T13:28:02,5100.0,7.18,S
2021-06-04T13:27:30,500.0,7.19,S
2021-06-04T13:25:56,10000.0,7.2,B
2021-06-04T13:25:35,1200.0,7.19,S
2021-06-04T13:25:02,300.0,7.19,S
2021-06-04T13:24:46,1300.0,7.19,S
2021-06-04T13:23:50,4600.0,7.19,S
2021-06-04T13:23:06,100.0,7.19,S
2021-06-04T13:23:00,4200.0,7.19,S
2021-06-04T13:22:44,24000.0,7.19,S
2021-06-04T13:21:36,3000.0,7.2,B
2021-06-04T13:21:20,10000.0,7.2,B
2021-06-04T13:20:47,100.0,7.2,B
2021-06-04T13:20:20,10000.0,7.19,S
2021-06-04T13:20:03,5000.0,7.2,B
2021-06-04T13:18:54,100.0,7.2,B
2021-06-04T13:18:10,1000.0,7.19,S
2021-06-04T13:17:44,10000.0,7.2,B
2021-06-04T13:14:44,500.0,7.19,B
2021-06-04T13:14:37,200.0,7.19,B
2021-06-04T13:13:21,1000.0,7.19,B
2021-06-04T13:13:17,500.0,7.19,B
2021-06-04T13:11:23,200.0,7.19,B
2021-06-04T13:10:52,1000.0,7.19,B
2021-06-04T13:10:52,100.0,7.19,B
2021-06-04T13:09:53,500.0,7.19,B
2021-06-04T13:09:23,1500.0,7.19,B
2021-06-04T13:09:22,500.0,7.19,B
2021-06-04T13:09:15,1000.0,7.18,S
2021-06-04T13:07:40,6000.0,7.19,B
2021-06-04T13:07:14,5000.0,7.19,S
2021-06-04T13:05:35,500.0,7.2,B
2021-06-04T13:05:07,600.0,7.2,B
2021-06-04T13:04:54,100.0,7.2,B
2021-06-04T13:03:55,100.0,7.2,B
2021-06-04T13:03:53,1000.0,7.18,S
2021-06-04T13:02:36,300.0,7.19,S
2021-06-04T13:02:27,400.0,7.19,S
2021-06-04T13:02:20,500.0,7.19,S
2021-06-04T13:00:52,5100.0,7.19,S
2021-06-04T13:00:52,1000.0,7.19,S
2021-06-04T13:00:52,3900.0,7.19,S
2021-06-04T11:29:10,2000.0,7.2,S
2021-06-04T11:28:49,600.0,7.2,S
2021-06-04T11:28:32,100.0,7.19,S
2021-06-04T11:28:16,2000.0,7.19,S
2021-06-04T11:28:02,1700.0,7.2,S
2021-06-04T11:27:05,13500.0,7.2,S
2021-06-04T11:27:05,4800.0,7.21,B
2021-06-04T11:26:01,100.0,7.21,B
2021-06-04T11:25:47,200.0,7.21,B
2021-06-04T11:24:58,200.0,7.2,S
2021-06-04T11:24:43,10000.0,7.2,S
2021-06-04T11:24:33,3200.0,7.21,B
2021-06-04T11:23:56,500.0,7.21,B
2021-06-04T11:21:42,1800.0,7.22,B
2021-06-04T11:21:42,3200.0,7.2,S
2021-06-04T11:20:29,41800.0,7.2,S
2021-06-04T11:18:40,5500.0,7.22,B
2021-06-04T11:18:33,3000.0,7.23,B
2021-06-04T11:17:56,4500.0,7.22,B
2021-06-04T11:17:43,500.0,7.22,B
2021-06-04T11:17:33,5000.0,7.2,S
2021-06-04T11:14:41,1000.0,7.22,S
2021-06-04T11:14:40,100.0,7.22,S
2021-06-04T11:12:54,200.0,7.22,S
2021-06-04T11:12:48,100.0,7.22,S
2021-06-04T11:11:10,3000.0,7.21,S
2021-06-04T11:11:03,100.0,7.22,S
2021-06-04T11:09:31,3000.0,7.21,S
2021-06-04T11:08:50,9700.0,7.22,S
2021-06-04T11:07:36,200.0,7.24,S
2021-06-04T11:07:14,600.0,7.24,S
2021-06-04T11:06:57,4800.0,7.23,S
2021-06-04T11:06:57,10200.0,7.23,S
2021-06-04T11:06:42,200.0,7.24,S
2021-06-04T11:06:18,1000.0,7.24,S
2021-06-04T11:06:04,300.0,7.24,S
2021-06-04T11:03:07,500.0,7.24,S
2021-06-04T11:02:47,500.0,7.25,B
2021-06-04T11:02:31,1000.0,7.25,B
2021-06-04T11:02:29,200.0,7.24,S
2021-06-04T11:02:06,1000.0,7.25,B
2021-06-04T11:01:58,5000.0,7.24,S
2021-06-04T11:00:52,1100.0,7.25,B
2021-06-04T11:00:52,3900.0,7.25,B
2021-06-04T11:00:21,200.0,7.25,B
2021-06-04T11:00:04,900.0,7.25,B
2021-06-04T10:59:39,300.0,7.24,S
2021-06-04T10:58:35,900.0,7.3,B
2021-06-04T10:58:35,29100.0,7.3,B
2021-06-04T10:58:27,1000.0,7.24,S
2021-06-04T10:58:23,3000.0,7.3,B
2021-06-04T10:58:23,600.0,7.3,B
2021-06-04T10:58:23,10600.0,7.3,B
2021-06-04T10:58:23,100.0,7.3,B
2021-06-04T10:58:23,11000.0,7.3,B
2021-06-04T10:58:23,1100.0,7.3,B
2021-06-04T10:58:23,2700.0,7.29,B
2021-06-04T10:58:23,5400.0,7.28,B
2021-06-04T10:58:23,7000.0,7.28,B
2021-06-04T10:58:23,5000.0,7.27,B
2021-06-04T10:58:23,3500.0,7.26,B
2021-06-04T10:57:05,5000.0,7.23,S
2021-06-04T10:56:54,5500.0,7.26,B
2021-06-04T10:56:44,4400.0,7.25,B
2021-06-04T10:56:26,2000.0,7.23,S
2021-06-04T10:55:27,200.0,7.25,B
2021-06-04T10:55:05,100.0,7.25,B
2021-06-04T10:54:42,100.0,7.25,B
2021-06-04T10:54:24,500.0,7.25,S
2021-06-04T10:52:19,1000.0,7.26,B
2021-06-04T10:52:10,30000.0,7.23,S
2021-06-04T10:51:12,1300.0,7.23,S
2021-06-04T10:50:44,2500.0,7.26,B
2021-06-04T10:49:05,6100.0,7.2,S
2021-06-04T10:49:05,22700.0,7.2,S
2021-06-04T10:49:05,1200.0,7.22,S
2021-06-04T10:47:24,4000.0,7.2,S
2021-06-04T10:47:11,10300.0,7.26,B
2021-06-04T10:45:30,19200.0,7.2,S
2021-06-04T10:45:30,4800.0,7.22,B
2021-06-04T10:44:04,700.0,7.2,S
2021-06-04T10:42:49,8000.0,7.2,S
2021-06-04T10:42:49,3100.0,7.21,S
2021-06-04T10:42:48,18900.0,7.21,S
2021-06-04T10:41:50,700.0,7.21,S
2021-06-04T10:41:49,300.0,7.21,S
2021-06-04T10:41:44,7200.0,7.25,B
2021-06-04T10:41:44,2800.0,7.25,B
2021-06-04T10:40:00,900.0,7.22,B
2021-06-04T10:39:59,30000.0,7.21,B
2021-06-04T10:39:58,1000.0,7.22,B
2021-06-04T10:39:20,15000.0,7.25,B
2021-06-04T10:38:09,100.0,7.22,B
2021-06-04T10:37:28,100.0,7.25,B
2021-06-04T10:36:18,500.0,7.22,B
2021-06-04T10:36:11,1000.0,7.25,B
2021-06-04T10:35:54,200.0,7.21,B
2021-06-04T10:35:43,5500.0,7.25,B
2021-06-04T10:35:43,7000.0,7.23,B
2021-06-04T10:35:43,7500.0,7.22,B
2021-06-04T10:34:37,100.0,7.21,B
2021-06-04T10:34:27,100.0,7.21,B
2021-06-04T10:34:14,7000.0,7.21,B
2021-06-04T10:33:42,100.0,7.21,B
2021-06-04T10:31:54,10000.0,7.2,B
2021-06-04T10:30:49,2100.0,7.2,B
2021-06-04T10:30:49,5000.0,7.2,B
2021-06-04T10:30:47,16000.0,7.2,B
2021-06-04T10:30:47,5000.0,7.2,B
2021-06-04T10:30:47,26800.0,7.2,B
2021-06-04T10:30:47,1700.0,7.2,B
2021-06-04T10:30:47,4100.0,7.2,B
2021-06-04T10:30:47,24100.0,7.2,B
2021-06-04T10:30:12,1000.0,7.19,B
2021-06-04T10:30:08,200.0,7.19,B
2021-06-04T10:27:51,1000.0,7.19,B
2021-06-04T10:27:37,6500.0,7.19,B
2021-06-04T10:25:29,300.0,7.18,S
2021-06-04T10:25:29,9700.0,7.18,S
2021-06-04T10:23:30,4600.0,7.18,S
2021-06-04T10:23:30,2200.0,7.18,S
2021-06-04T10:23:30,1000.0,7.18,S
2021-06-04T10:23:30,3100.0,7.18,S
2021-06-04T10:23:19,50000.0,7.2,B
2021-06-04T10:23:09,50000.0,7.19,B
2021-06-04T10:21:10,100.0,7.18,S
2021-06-04T10:19:25,10000.0,7.18,S
2021-06-04T10:19:24,5000.0,7.18,S
2021-06-04T10:19:07,200.0,7.18,S
2021-06-04T10:18:54,5000.0,7.18,S
2021-06-04T10:18:14,5000.0,7.18,S
2021-06-04T10:17:37,5000.0,7.18,S
2021-06-04T10:17:16,400.0,7.18,B
2021-06-04T10:16:00,5000.0,7.18,B
2021-06-04T10:15:46,5000.0,7.18,B
2021-06-04T10:15:00,1500.0,7.18,B
2021-06-04T10:14:55,7000.0,7.19,B
2021-06-04T10:14:38,100.0,7.18,B
2021-06-04T10:14:33,1500.0,7.18,B
2021-06-04T10:14:15,2000.0,7.18,B
2021-06-04T10:14:10,2000.0,7.19,B
2021-06-04T10:14:06,100.0,7.18,B
2021-06-04T10:11:46,200.0,7.18,B
2021-06-04T10:11:23,1000.0,7.19,B
2021-06-04T10:10:51,2000.0,7.18,B
2021-06-04T10:09:10,1500.0,7.17,B
2021-06-04T10:08:28,5000.0,7.19,B
2021-06-04T10:06:02,300.0,7.18,B
2021-06-04T10:02:44,100.0,7.17,B
2021-06-04T10:02:29,100.0,7.17,B
2021-06-04T10:01:43,20000.0,7.19,B
2021-06-04T10:01:27,5200.0,7.16,S
2021-06-04T10:01:03,5900.0,7.16,S
2021-06-04T10:00:41,100.0,7.18,B
2021-06-04T09:58:59,1900.0,7.19,B
2021-06-04T09:58:59,6000.0,7.19,B
2021-06-04T09:58:59,16800.0,7.19,B
2021-06-04T09:56:35,5000.0,7.17,B
2021-06-04T09:56:35,10000.0,7.17,B
2021-06-04T09:56:34,5000.0,7.17,B
2021-06-04T09:56:33,9100.0,7.17,B
2021-06-04T09:56:33,900.0,7.17,B
2021-06-04T09:56:20,100.0,7.16,S
2021-06-04T09:56:01,5000.0,7.17,B
2021-06-04T09:55:07,500.0,7.16,S
2021-06-04T09:52:57,100.0,7.16,B
2021-06-04T09:52:55,500.0,7.16,B
2021-06-04T09:52:52,800.0,7.16,B
2021-06-04T09:52:51,6700.0,7.16,B
2021-06-04T09:51:35,1000.0,7.16,B
2021-06-04T09:51:03,1000.0,7.16,B
2021-06-04T09:49:13,100.0,7.16,B
2021-06-04T09:49:08,200.0,7.16,B
2021-06-04T09:48:17,200.0,7.16,B
2021-06-04T09:48:03,100.0,7.16,B
2021-06-04T09:47:32,500.0,7.16,B
2021-06-04T09:44:20,15700.0,7.16,S
2021-06-04T09:43:50,1000.0,7.17,S
2021-06-04T09:43:49,2700.0,7.17,S
2021-06-04T09:42:32,2400.0,7.17,S
2021-06-04T09:42:27,1000.0,7.18,B
2021-06-04T09:42:08,2900.0,7.17,S
2021-06-04T09:41:13,200.0,7.18,B
2021-06-04T09:40:17,2000.0,7.17,S
2021-06-04T09:40:09,200.0,7.17,S
2021-06-04T09:39:24,100.0,7.17,S
2021-06-04T09:39:17,2000.0,7.18,B
2021-06-04T09:39:10,100.0,7.17,S
2021-06-04T09:38:55,20000.0,7.18,B
2021-06-04T09:38:21,200.0,7.17,S
2021-06-04T09:37:17,1000.0,7.18,B
2021-06-04T09:36:34,100.0,7.17,S
2021-06-04T09:35:41,400.0,7.17,S
2021-06-04T09:34:36,20600.0,7.18,B
2021-06-04T09:34:23,7900.0,7.17,S
2021-06-04T09:33:36,5000.0,7.18,B
2021-06-04T09:31:41,1000.0,7.17,S
2021-06-04T09:31:18,1000.0,7.17,S
2021-06-04T09:30:28,100.0,7.17,S
2021-06-04T09:30:08,1000.0,7.18,B
2021-06-04T09:28:22,700.0,7.18,B
2021-06-04T09:28:22,600.0,7.18,B
2021-06-04T09:28:22,3700.0,7.18,B
2021-06-04T09:26:44,200.0,7.17,S
2021-06-04T09:24:37,600.0,7.18,B
2021-06-04T09:24:37,400.0,7.18,B
2021-06-04T09:24:04,300.0,7.18,B
2021-06-04T09:23:22,700.0,7.17,S
2021-06-04T09:22:30,2000.0,7.17,S
2021-06-04T09:22:01,300.0,7.18,B
2021-06-04T09:21:18,1000.0,7.18,B
2021-06-04T09:20:28,100.0,7.17,S
2021-06-04T09:19:39,10000.0,7.18,B
2021-06-04T09:18:48,100.0,7.17,S
2021-06-04T09:18:38,100.0,7.18,B
2021-06-04T09:18:19,500.0,7.18,B
2021-06-04T09:16:29,400.0,7.18,B
