tradingTime,volume,price,side
2021-06-04T14:30:00,100.0,15.9,B
2021-06-04T14:29:37,200.0,15.9,B
2021-06-04T14:29:26,1000.0,15.9,B
2021-06-04T14:29:21,300.0,15.9,B
2021-06-04T14:29:04,1200.0,15.9,S
2021-06-04T14:29:01,800.0,16.0,B
2021-06-04T14:28:53,100.0,15.9,S
2021-06-04T14:28:50,3800.0,15.9,B
2021-06-04T14:28:41,200.0,15.9,B
2021-06-04T14:28:36,2000.0,15.9,S
2021-06-04T14:28:34,1000.0,15.9,S
2021-06-04T14:28:32,500.0,15.9,S
2021-06-04T14:28:29,1000.0,15.9,S
2021-06-04T14:28:28,1300.0,15.9,S
2021-06-04T14:28:24,5500.0,15.9,B
2021-06-04T14:28:23,200.0,15.9,B
2021-06-04T14:28:13,3000.0,15.9,B
2021-06-04T14:28:02,1000.0,15.9,B
2021-06-04T14:27:45,1000.0,15.9,B
2021-06-04T14:27:30,10000.0,16.0,B
2021-06-04T14:27:27,1100.0,15.9,B
2021-06-04T14:27:15,2000.0,16.0,B
2021-06-04T14:26:49,2000.0,16.0,B
2021-06-04T14:26:47,100.0,16.0,B
2021-06-04T14:26:22,32000.0,16.0,B
2021-06-04T14:25:57,5000.0,16.0,B
2021-06-04T14:25:49,1500.0,16.0,B
2021-06-04T14:25:40,100.0,16.0,B
2021-06-04T14:25:32,2000.0,16.0,B
2021-06-04T14:25:19,1000.0,16.0,B
2021-06-04T14:25:08,2000.0,16.0,B
2021-06-04T14:24:59,200.0,16.0,B
2021-06-04T14:24:42,5000.0,16.0,B
2021-06-04T14:24:33,5000.0,16.0,B
2021-06-04T14:24:23,1000.0,15.9,S
2021-06-04T14:24:15,300.0,15.9,S
2021-06-04T14:24:11,500.0,15.9,S
2021-06-04T14:23:48,300.0,15.9,S
2021-06-04T14:23:46,4500.0,16.0,B
2021-06-04T14:23:42,5000.0,15.9,B
2021-06-04T14:23:34,3000.0,15.9,B
2021-06-04T14:23:12,100.0,15.8,B
2021-06-04T14:23:05,100.0,15.8,S
2021-06-04T14:23:05,2900.0,15.8,B
2021-06-04T14:23:00,2000.0,15.8,B
2021-06-04T14:22:49,2000.0,15.8,B
2021-06-04T14:22:39,200.0,15.8,B
2021-06-04T14:22:33,5000.0,15.8,B
2021-06-04T14:22:17,10000.0,15.8,B
2021-06-04T14:22:08,1200.0,15.8,B
2021-06-04T14:21:58,3000.0,15.8,B
2021-06-04T14:21:46,100.0,15.8,B
2021-06-04T14:21:37,5000.0,15.8,B
2021-06-04T14:21:30,100.0,15.8,B
2021-06-04T14:21:29,2000.0,15.8,B
2021-06-04T14:21:22,10000.0,15.8,B
2021-06-04T14:20:55,1000.0,15.7,S
2021-06-04T14:20:43,5000.0,15.8,B
2021-06-04T14:20:40,2000.0,15.8,B
2021-06-04T14:20:35,3000.0,15.8,B
2021-06-04T14:20:30,100.0,15.7,S
2021-06-04T14:20:24,300.0,15.7,S
2021-06-04T14:20:23,500.0,15.7,S
2021-06-04T14:20:16,10000.0,15.8,B
2021-06-04T14:19:57,1000.0,15.7,S
2021-06-04T14:19:54,1000.0,15.7,S
2021-06-04T14:19:48,5000.0,15.7,S
2021-06-04T14:19:44,100.0,15.7,S
2021-06-04T14:19:33,500.0,15.7,S
2021-06-04T14:19:24,3200.0,15.7,S
2021-06-04T14:19:23,10000.0,15.7,B
2021-06-04T14:19:09,1500.0,15.7,B
2021-06-04T14:19:02,6000.0,15.7,B
2021-06-04T14:18:30,20000.0,15.7,B
2021-06-04T14:18:05,3000.0,15.7,B
2021-06-04T14:17:51,5000.0,15.7,B
2021-06-04T14:17:36,100.0,15.6,S
2021-06-04T14:17:31,1000.0,15.6,S
2021-06-04T14:17:25,7900.0,15.6,B
2021-06-04T14:17:01,1000.0,15.6,B
2021-06-04T14:16:48,1000.0,15.5,S
2021-06-04T14:16:46,10000.0,15.6,B
2021-06-04T14:16:45,3100.0,15.6,B
2021-06-04T14:16:38,2000.0,15.6,B
2021-06-04T14:16:30,1000.0,15.5,S
2021-06-04T14:16:29,19300.0,15.5,S
2021-06-04T14:16:09,10000.0,15.5,B
2021-06-04T14:16:02,100.0,15.5,B
2021-06-04T14:15:55,1200.0,15.5,B
2021-06-04T14:15:52,20000.0,15.5,B
2021-06-04T14:15:39,100.0,15.5,B
2021-06-04T14:15:24,100.0,15.5,B
2021-06-04T14:15:01,1700.0,15.4,B
2021-06-04T14:14:53,1500.0,15.4,B
2021-06-04T14:14:46,800.0,15.4,B
2021-06-04T14:14:14,1000.0,15.4,B
2021-06-04T14:14:02,500.0,15.4,B
2021-06-04T14:13:30,1000.0,15.4,B
2021-06-04T14:13:16,1000.0,15.4,B
2021-06-04T14:13:10,2000.0,15.4,B
2021-06-04T14:13:04,5000.0,15.4,B
2021-06-04T14:12:52,700.0,15.4,B
2021-06-04T14:12:37,300.0,15.4,B
2021-06-04T14:12:30,100.0,15.4,B
2021-06-04T14:12:04,10000.0,15.4,B
2021-06-04T14:11:59,50000.0,15.3,S
2021-06-04T14:11:32,4600.0,15.4,S
2021-06-04T14:11:01,5000.0,15.4,S
2021-06-04T14:10:53,5000.0,15.4,S
2021-06-04T14:10:50,50000.0,15.4,S
2021-06-04T14:10:40,900.0,15.5,B
2021-06-04T14:10:36,200.0,15.5,B
2021-06-04T14:10:35,20000.0,15.4,S
2021-06-04T14:10:24,5000.0,15.5,B
2021-06-04T14:10:23,30000.0,15.4,S
2021-06-04T14:10:19,1700.0,15.5,B
2021-06-04T14:09:59,200.0,15.5,B
2021-06-04T14:09:56,50100.0,15.4,S
2021-06-04T14:09:55,10000.0,15.5,B
2021-06-04T14:09:36,2600.0,15.5,S
2021-06-04T14:09:26,50000.0,15.4,S
2021-06-04T14:09:22,5000.0,15.5,S
2021-06-04T14:09:17,100.0,15.5,S
2021-06-04T14:09:13,2000.0,15.5,S
2021-06-04T14:09:04,1100.0,15.5,S
2021-06-04T14:09:01,300.0,15.5,S
2021-06-04T14:09:00,7000.0,15.5,B
2021-06-04T14:08:17,50000.0,15.4,S
2021-06-04T14:08:17,100.0,15.5,S
2021-06-04T14:08:02,5000.0,15.6,B
2021-06-04T14:08:00,2800.0,15.5,S
2021-06-04T14:07:59,800.0,15.5,B
2021-06-04T14:07:53,1000.0,15.5,B
2021-06-04T14:07:46,3000.0,15.5,B
2021-06-04T14:07:43,1000.0,15.5,B
2021-06-04T14:07:43,5000.0,15.5,B
2021-06-04T14:07:40,700.0,15.5,B
2021-06-04T14:07:38,1300.0,15.5,B
2021-06-04T14:07:15,10000.0,15.5,B
2021-06-04T14:07:07,7000.0,15.4,S
2021-06-04T14:07:05,5000.0,15.5,B
2021-06-04T14:06:55,3000.0,15.5,B
2021-06-04T14:06:52,3000.0,15.5,B
2021-06-04T14:06:51,10000.0,15.5,B
2021-06-04T14:06:47,2000.0,15.5,B
2021-06-04T14:06:43,5000.0,15.4,S
2021-06-04T14:06:33,20000.0,15.5,B
2021-06-04T14:06:27,5000.0,15.4,S
2021-06-04T14:06:16,19800.0,15.4,B
2021-06-04T14:06:08,2000.0,15.4,B
2021-06-04T14:06:01,2400.0,15.3,B
2021-06-04T14:05:53,500.0,15.3,B
2021-06-04T14:05:34,2000.0,15.3,B
2021-06-04T14:05:25,1900.0,15.3,S
2021-06-04T14:05:22,300.0,15.3,B
2021-06-04T14:05:19,10100.0,15.3,B
2021-06-04T14:05:15,10000.0,15.3,B
2021-06-04T14:04:37,5000.0,15.1,S
2021-06-04T14:04:20,100000.0,15.3,B
2021-06-04T14:04:12,5000.0,15.1,S
2021-06-04T14:04:04,100.0,15.2,B
2021-06-04T14:03:52,5000.0,15.1,S
2021-06-04T14:03:32,200.0,15.1,S
2021-06-04T14:02:45,300.0,15.1,S
2021-06-04T14:02:20,400.0,15.1,B
2021-06-04T14:01:45,4600.0,15.1,S
2021-06-04T14:01:33,1500.0,15.1,S
2021-06-04T14:01:26,200.0,15.2,B
2021-06-04T14:00:43,200.0,15.2,B
2021-06-04T14:00:27,300.0,15.2,B
2021-06-04T13:59:05,2000.0,15.2,B
2021-06-04T13:58:27,100.0,15.2,B
2021-06-04T13:57:43,5000.0,15.1,S
2021-06-04T13:57:08,1000.0,15.1,S
2021-06-04T13:56:59,1400.0,15.1,B
2021-06-04T13:56:38,1200.0,15.1,B
2021-06-04T13:56:37,800.0,15.1,B
2021-06-04T13:56:23,200.0,15.1,B
2021-06-04T13:56:20,2900.0,15.1,B
2021-06-04T13:56:02,200.0,15.1,B
2021-06-04T13:55:42,500.0,15.1,B
2021-06-04T13:55:26,200.0,15.1,B
2021-06-04T13:55:12,100.0,15.1,B
2021-06-04T13:54:45,100.0,15.1,S
2021-06-04T13:54:09,10000.0,15.2,B
2021-06-04T13:54:01,200.0,15.0,S
2021-06-04T13:53:41,49900.0,15.0,S
2021-06-04T13:53:39,2000.0,15.0,B
2021-06-04T13:53:23,500.0,15.0,B
2021-06-04T13:53:07,10000.0,15.0,B
2021-06-04T13:52:37,13800.0,14.9,S
2021-06-04T13:52:12,1800.0,14.8,S
2021-06-04T13:51:57,1200.0,14.8,S
2021-06-04T13:51:42,3600.0,14.8,S
2021-06-04T13:51:05,4000.0,14.8,S
2021-06-04T13:50:09,100.0,14.8,S
2021-06-04T13:47:50,100.0,14.8,S
2021-06-04T13:47:12,5100.0,14.8,S
2021-06-04T13:46:39,300.0,14.9,B
2021-06-04T13:46:34,10000.0,14.9,B
2021-06-04T13:46:07,700.0,14.9,B
2021-06-04T13:45:58,200.0,14.9,B
2021-06-04T13:45:49,100.0,14.9,B
2021-06-04T13:45:47,100.0,14.9,B
2021-06-04T13:45:36,100.0,14.9,B
2021-06-04T13:45:28,700.0,14.9,B
2021-06-04T13:45:05,500.0,14.9,B
2021-06-04T13:44:30,500.0,14.9,B
2021-06-04T13:43:52,1700.0,14.9,S
2021-06-04T13:43:36,1000.0,15.0,B
2021-06-04T13:42:22,8000.0,15.0,B
2021-06-04T13:41:55,100.0,14.9,S
2021-06-04T13:41:09,300.0,14.9,S
2021-06-04T13:41:03,1800.0,14.8,S
2021-06-04T13:40:58,3000.0,14.9,B
2021-06-04T13:39:59,2000.0,14.9,B
2021-06-04T13:39:50,1000.0,14.9,B
2021-06-04T13:39:17,1000.0,14.8,S
2021-06-04T13:38:53,100.0,14.9,B
2021-06-04T13:38:51,100.0,14.9,B
2021-06-04T13:38:48,300.0,14.9,B
2021-06-04T13:38:25,2000.0,14.9,B
2021-06-04T13:38:22,100.0,14.9,B
2021-06-04T13:38:05,16000.0,14.9,B
2021-06-04T13:37:36,100.0,14.9,B
2021-06-04T13:30:51,4300.0,14.8,B
2021-06-04T13:30:42,200.0,14.8,B
2021-06-04T13:30:28,200.0,14.8,B
2021-06-04T13:30:20,300.0,14.8,B
2021-06-04T13:30:14,300.0,14.8,B
2021-06-04T13:30:14,200.0,14.8,B
2021-06-04T13:29:50,2500.0,14.8,B
2021-06-04T13:29:36,3000.0,14.8,B
2021-06-04T13:28:55,100.0,14.8,B
2021-06-04T13:27:53,5400.0,14.7,S
2021-06-04T13:27:24,5000.0,14.7,S
2021-06-04T13:27:12,9000.0,14.8,B
2021-06-04T13:26:38,500.0,14.7,S
2021-06-04T13:26:07,200.0,14.7,S
2021-06-04T13:22:45,200.0,14.7,S
2021-06-04T13:22:26,7400.0,14.7,S
2021-06-04T13:22:22,100.0,14.7,S
2021-06-04T13:21:19,100.0,14.7,S
2021-06-04T13:21:01,700.0,14.7,S
2021-06-04T13:19:28,1000.0,14.7,S
2021-06-04T13:18:48,2400.0,14.7,B
2021-06-04T13:18:46,2000.0,14.7,B
2021-06-04T13:18:17,300.0,14.7,B
2021-06-04T13:18:06,500.0,14.7,B
2021-06-04T13:17:57,500.0,14.7,B
2021-06-04T13:17:52,1000.0,14.7,B
2021-06-04T13:17:42,200.0,14.6,S
2021-06-04T13:17:36,100.0,14.7,B
2021-06-04T13:17:12,2000.0,14.7,B
2021-06-04T13:17:03,2000.0,14.7,B
2021-06-04T13:16:30,500.0,14.7,B
2021-06-04T13:16:10,100.0,14.7,B
2021-06-04T13:15:46,1400.0,14.6,S
2021-06-04T13:15:14,700.0,14.6,S
2021-06-04T13:15:13,100.0,14.7,B
2021-06-04T13:14:33,800.0,14.7,B
2021-06-04T13:13:47,3000.0,14.7,S
2021-06-04T13:13:37,100.0,14.7,S
2021-06-04T13:12:59,500.0,14.7,S
2021-06-04T13:12:08,2300.0,14.7,S
2021-06-04T13:11:41,100.0,14.7,B
2021-06-04T13:11:31,200.0,14.7,B
2021-06-04T13:10:55,400.0,14.7,B
2021-06-04T13:10:45,2600.0,14.7,B
2021-06-04T13:10:38,400.0,14.7,B
2021-06-04T13:10:26,1000.0,14.7,B
2021-06-04T13:10:03,1000.0,14.7,B
2021-06-04T13:08:44,1000.0,14.6,S
2021-06-04T13:08:21,300.0,14.6,S
2021-06-04T13:07:47,100.0,14.8,B
2021-06-04T13:06:16,2500.0,14.8,B
2021-06-04T13:05:51,100.0,14.6,S
2021-06-04T13:05:50,7600.0,14.7,S
2021-06-04T13:04:10,200.0,14.8,B
2021-06-04T13:04:00,2000.0,14.8,B
2021-06-04T13:02:57,100.0,14.8,B
2021-06-04T13:01:26,100.0,14.8,B
2021-06-04T13:00:58,7500.0,14.8,B
2021-06-04T13:00:36,300.0,14.8,S
2021-06-04T13:00:36,27200.0,14.9,B
2021-06-04T13:00:32,5000.0,14.8,S
2021-06-04T13:00:30,1000.0,14.8,S
2021-06-04T13:00:28,1200.0,14.8,S
2021-06-04T13:00:20,200.0,14.9,B
2021-06-04T13:00:20,200.0,14.9,B
2021-06-04T13:00:16,1000.0,14.8,S
2021-06-04T11:29:24,1500.0,14.9,B
2021-06-04T11:28:01,10000.0,14.9,B
2021-06-04T11:27:57,500.0,14.9,B
2021-06-04T11:27:56,3000.0,14.8,S
2021-06-04T11:27:35,200.0,14.9,B
2021-06-04T11:26:42,500.0,14.8,S
2021-06-04T11:26:27,3000.0,14.8,S
2021-06-04T11:26:03,6000.0,14.9,S
2021-06-04T11:24:18,200.0,14.9,S
2021-06-04T11:23:08,100.0,15.0,B
2021-06-04T11:22:48,1000.0,14.9,S
2021-06-04T11:22:14,300.0,14.9,S
2021-06-04T11:21:30,5500.0,14.9,B
2021-06-04T11:21:09,500.0,14.8,S
2021-06-04T11:19:23,1000.0,14.8,S
2021-06-04T11:18:57,2500.0,14.7,S
2021-06-04T11:18:37,9200.0,14.8,B
2021-06-04T11:17:58,500.0,14.8,B
2021-06-04T11:17:32,100.0,14.8,B
2021-06-04T11:17:21,300.0,14.7,S
2021-06-04T11:17:13,700.0,14.7,S
2021-06-04T11:16:58,200.0,14.7,S
2021-06-04T11:16:47,1000.0,14.8,B
2021-06-04T11:16:32,1000.0,14.7,S
2021-06-04T11:16:28,100.0,14.8,B
2021-06-04T11:16:17,7000.0,14.8,B
2021-06-04T11:16:16,200.0,14.8,B
2021-06-04T11:15:10,100.0,14.8,B
2021-06-04T11:15:03,200.0,14.8,B
2021-06-04T11:14:48,2000.0,14.8,B
2021-06-04T11:14:28,1000.0,14.8,B
2021-06-04T11:14:25,700.0,14.8,B
2021-06-04T11:13:46,1000.0,14.8,B
2021-06-04T11:13:38,600.0,14.7,S
2021-06-04T11:13:30,4200.0,14.7,S
2021-06-04T11:13:23,1000.0,14.7,B
2021-06-04T11:13:20,200.0,14.7,B
2021-06-04T11:13:11,300.0,14.7,B
2021-06-04T11:13:10,2000.0,14.7,B
2021-06-04T11:13:07,100.0,14.7,B
2021-06-04T11:13:07,300.0,14.7,B
2021-06-04T11:12:56,4100.0,14.7,B
2021-06-04T11:12:37,200.0,14.7,B
2021-06-04T11:12:27,200.0,14.7,B
2021-06-04T11:11:59,300.0,14.7,B
2021-06-04T11:11:57,200.0,14.6,S
2021-06-04T11:11:28,400.0,14.6,S
2021-06-04T11:11:25,100.0,14.6,B
2021-06-04T11:10:58,1000.0,14.6,B
2021-06-04T11:10:51,10500.0,14.5,S
2021-06-04T11:10:41,200.0,14.6,B
2021-06-04T11:10:35,100.0,14.6,B
2021-06-04T11:10:31,300.0,14.6,B
2021-06-04T11:10:31,100.0,14.6,B
2021-06-04T11:10:30,100.0,14.6,B
2021-06-04T11:10:24,5000.0,14.6,B
2021-06-04T11:10:22,2000.0,14.6,B
2021-06-04T11:10:11,1000.0,14.6,B
2021-06-04T11:10:10,100.0,14.6,B
2021-06-04T11:09:58,18800.0,14.6,S
2021-06-04T11:09:21,300.0,14.7,B
2021-06-04T11:09:07,10200.0,14.7,B
2021-06-04T11:09:03,5000.0,14.7,S
2021-06-04T11:08:19,200.0,14.7,S
2021-06-04T11:08:15,3900.0,14.7,S
2021-06-04T11:08:01,500.0,14.7,S
2021-06-04T11:07:53,1000.0,14.7,S
2021-06-04T11:07:15,5000.0,14.7,S
2021-06-04T11:07:07,2000.0,14.7,S
2021-06-04T11:06:58,4000.0,14.7,S
2021-06-04T11:06:44,3800.0,14.7,S
2021-06-04T11:06:28,200.0,14.7,S
2021-06-04T11:06:11,100.0,14.8,B
2021-06-04T11:06:10,6900.0,14.8,S
2021-06-04T11:06:00,800.0,14.8,S
2021-06-04T11:05:54,5000.0,14.8,S
2021-06-04T11:05:32,200.0,14.8,S
2021-06-04T11:05:09,800.0,14.8,S
2021-06-04T11:05:04,8100.0,14.8,S
2021-06-04T11:05:02,1000.0,14.8,S
2021-06-04T11:04:50,200.0,14.9,B
2021-06-04T11:04:12,1000.0,14.9,S
2021-06-04T11:04:02,5000.0,14.9,S
2021-06-04T11:04:01,3000.0,14.9,S
2021-06-04T11:03:41,2000.0,14.9,S
2021-06-04T11:02:33,100.0,14.9,S
2021-06-04T11:02:15,2000.0,15.0,B
2021-06-04T11:01:49,1000.0,15.0,B
2021-06-04T11:01:15,1000.0,14.9,S
2021-06-04T11:00:43,300.0,15.0,S
2021-06-04T11:00:19,400.0,15.0,S
2021-06-04T11:00:07,4500.0,15.0,S
2021-06-04T10:59:38,200.0,15.0,B
2021-06-04T10:59:11,100.0,15.0,B
2021-06-04T10:59:01,100.0,15.0,B
2021-06-04T10:59:00,900.0,15.0,B
2021-06-04T10:58:59,3000.0,15.0,B
2021-06-04T10:58:53,500.0,15.0,B
2021-06-04T10:58:28,500.0,15.0,B
2021-06-04T10:58:15,300.0,15.0,S
2021-06-04T10:57:56,2000.0,15.0,S
2021-06-04T10:57:10,500.0,15.0,S
2021-06-04T10:56:46,5000.0,15.0,S
2021-06-04T10:55:49,3000.0,15.0,S
2021-06-04T10:55:46,100.0,15.0,S
2021-06-04T10:55:41,500.0,15.0,S
2021-06-04T10:55:36,100000.0,15.0,S
2021-06-04T10:55:12,5000.0,15.0,S
2021-06-04T10:54:57,3000.0,15.0,S
2021-06-04T10:54:37,4500.0,15.0,S
2021-06-04T10:54:35,200.0,15.1,S
2021-06-04T10:54:13,30800.0,15.1,S
2021-06-04T10:53:42,100.0,15.2,B
2021-06-04T10:53:36,1600.0,15.2,B
2021-06-04T10:53:34,1400.0,15.2,S
2021-06-04T10:53:26,5000.0,15.2,S
2021-06-04T10:52:51,300.0,15.2,S
2021-06-04T10:52:40,200.0,15.2,S
2021-06-04T10:52:38,200.0,15.2,S
2021-06-04T10:52:19,20000.0,15.2,S
2021-06-04T10:50:17,200.0,15.2,S
2021-06-04T10:47:30,500.0,15.3,S
2021-06-04T10:47:03,2500.0,15.3,B
2021-06-04T10:46:57,3000.0,15.3,B
2021-06-04T10:45:22,100.0,15.3,B
2021-06-04T10:44:44,1000.0,15.3,B
2021-06-04T10:44:19,100.0,15.3,B
2021-06-04T10:43:56,800.0,15.3,B
2021-06-04T10:43:55,900.0,15.3,B
2021-06-04T10:43:54,1000.0,15.3,B
2021-06-04T10:43:51,1000.0,15.3,B
2021-06-04T10:43:35,100.0,15.3,B
2021-06-04T10:43:29,3000.0,15.3,B
2021-06-04T10:42:36,500.0,15.3,B
2021-06-04T10:42:10,200.0,15.2,S
2021-06-04T10:41:52,7000.0,15.3,B
2021-06-04T10:41:44,300.0,15.3,B
2021-06-04T10:41:19,200.0,15.3,B
2021-06-04T10:41:14,600.0,15.3,B
2021-06-04T10:41:09,200.0,15.3,B
2021-06-04T10:40:36,100.0,15.3,B
2021-06-04T10:40:34,400.0,15.3,B
2021-06-04T10:40:15,100.0,15.3,B
2021-06-04T10:40:14,500.0,15.3,B
2021-06-04T10:38:59,500.0,15.3,B
2021-06-04T10:38:54,500.0,15.3,B
2021-06-04T10:38:40,500.0,15.3,B
2021-06-04T10:38:31,300.0,15.3,B
2021-06-04T10:38:29,1000.0,15.3,B
2021-06-04T10:38:20,2000.0,15.3,B
2021-06-04T10:37:42,1400.0,15.3,B
2021-06-04T10:37:39,2000.0,15.3,B
2021-06-04T10:36:09,300.0,15.3,B
2021-06-04T10:36:01,4000.0,15.2,S
2021-06-04T10:35:42,1000.0,15.2,S
2021-06-04T10:35:37,500.0,15.2,S
2021-06-04T10:35:02,500.0,15.2,S
2021-06-04T10:34:41,8400.0,15.2,S
2021-06-04T10:34:31,100.0,15.2,S
2021-06-04T10:34:27,2100.0,15.2,S
2021-06-04T10:34:26,1000.0,15.2,S
2021-06-04T10:33:52,5000.0,15.2,S
2021-06-04T10:33:16,100.0,15.3,B
2021-06-04T10:33:01,500.0,15.3,B
2021-06-04T10:32:47,100.0,15.3,B
2021-06-04T10:32:14,100.0,15.3,B
2021-06-04T10:32:03,1000.0,15.3,B
2021-06-04T10:32:00,2000.0,15.3,B
2021-06-04T10:31:35,100.0,15.3,B
2021-06-04T10:30:55,100.0,15.3,B
2021-06-04T10:30:35,500.0,15.3,S
2021-06-04T10:30:19,5000.0,15.3,S
2021-06-04T10:30:02,100.0,15.3,S
2021-06-04T10:29:42,1000.0,15.3,S
2021-06-04T10:29:27,2500.0,15.3,S
2021-06-04T10:29:17,1600.0,15.3,S
2021-06-04T10:28:44,100.0,15.3,S
2021-06-04T10:27:51,100.0,15.3,S
2021-06-04T10:27:13,100.0,15.3,B
2021-06-04T10:27:11,4900.0,15.3,S
2021-06-04T10:27:10,1000.0,15.3,S
2021-06-04T10:27:06,300.0,15.3,S
2021-06-04T10:25:56,1600.0,15.3,B
2021-06-04T10:23:24,100.0,15.3,B
2021-06-04T10:22:43,100.0,15.3,B
2021-06-04T10:22:33,400.0,15.3,B
2021-06-04T10:21:49,1000.0,15.3,B
2021-06-04T10:21:36,900.0,15.3,B
2021-06-04T10:20:46,400.0,15.3,S
2021-06-04T10:20:34,800.0,15.3,B
2021-06-04T10:20:25,300.0,15.3,B
2021-06-04T10:20:15,2500.0,15.3,B
2021-06-04T10:19:37,100.0,15.3,B
2021-06-04T10:19:23,200.0,15.2,S
2021-06-04T10:19:20,500.0,15.2,S
2021-06-04T10:19:08,700.0,15.3,B
2021-06-04T10:18:25,100.0,15.3,B
2021-06-04T10:17:48,100.0,15.3,S
2021-06-04T10:17:36,1000.0,15.3,S
2021-06-04T10:17:27,1600.0,15.3,S
2021-06-04T10:16:27,100.0,15.3,S
2021-06-04T10:16:19,500.0,15.3,S
2021-06-04T10:16:02,100.0,15.3,S
2021-06-04T10:15:39,1400.0,15.3,S
2021-06-04T10:15:15,3000.0,15.3,S
2021-06-04T10:14:39,1000.0,15.3,S
2021-06-04T10:12:53,10000.0,15.3,S
2021-06-04T10:12:24,100.0,15.3,S
2021-06-04T10:09:36,1000.0,15.3,S
2021-06-04T10:09:25,200.0,15.3,S
2021-06-04T10:09:05,200.0,15.3,S
2021-06-04T10:09:02,1000.0,15.3,S
2021-06-04T10:08:43,15000.0,15.3,S
2021-06-04T10:07:51,2000.0,15.3,S
2021-06-04T10:07:12,3000.0,15.4,B
2021-06-04T10:06:18,200.0,15.4,B
2021-06-04T10:06:00,100.0,15.4,B
2021-06-04T10:05:30,100.0,15.4,B
2021-06-04T10:05:29,400.0,15.3,S
2021-06-04T10:01:33,100.0,15.3,S
2021-06-04T09:59:56,800.0,15.3,S
2021-06-04T09:59:55,1000.0,15.3,S
2021-06-04T09:59:43,1000.0,15.3,S
2021-06-04T09:59:33,2700.0,15.3,S
2021-06-04T09:59:13,100.0,15.4,B
2021-06-04T09:59:09,100.0,15.4,B
2021-06-04T09:59:03,100.0,15.4,B
2021-06-04T09:58:15,500.0,15.5,B
2021-06-04T09:58:07,100.0,15.4,S
2021-06-04T09:58:00,200.0,15.5,B
2021-06-04T09:57:56,2500.0,15.4,B
2021-06-04T09:57:35,2000.0,15.4,B
2021-06-04T09:57:27,100.0,15.4,B
2021-06-04T09:57:15,3000.0,15.4,B
2021-06-04T09:56:41,1100.0,15.4,B
2021-06-04T09:55:44,200.0,15.4,B
2021-06-04T09:54:40,100.0,15.4,B
2021-06-04T09:53:50,500.0,15.4,B
2021-06-04T09:52:59,15000.0,15.3,S
2021-06-04T09:52:39,1000.0,15.3,S
2021-06-04T09:52:33,100.0,15.4,B
2021-06-04T09:52:31,100.0,15.4,B
2021-06-04T09:50:58,600.0,15.4,B
2021-06-04T09:50:28,2400.0,15.4,S
2021-06-04T09:50:19,9300.0,15.4,S
2021-06-04T09:48:52,900.0,15.4,B
2021-06-04T09:48:51,500.0,15.4,B
2021-06-04T09:48:29,100.0,15.4,B
2021-06-04T09:48:23,500.0,15.4,B
2021-06-04T09:48:20,400.0,15.4,B
2021-06-04T09:48:17,200.0,15.4,B
2021-06-04T09:47:44,3000.0,15.4,B
2021-06-04T09:47:11,1000.0,15.4,B
2021-06-04T09:46:54,1000.0,15.4,B
2021-06-04T09:46:29,200.0,15.4,B
2021-06-04T09:45:48,3000.0,15.4,B
2021-06-04T09:45:19,1000.0,15.3,S
2021-06-04T09:44:24,200.0,15.3,S
2021-06-04T09:44:23,100.0,15.3,S
2021-06-04T09:43:52,100.0,15.3,S
2021-06-04T09:43:49,900.0,15.3,B
2021-06-04T09:43:39,100.0,15.3,B
2021-06-04T09:43:24,100.0,15.3,B
2021-06-04T09:43:07,100.0,15.3,B
2021-06-04T09:42:53,400.0,15.3,B
2021-06-04T09:42:24,13500.0,15.4,B
2021-06-04T09:42:21,1000.0,15.3,B
2021-06-04T09:42:19,1600.0,15.3,B
2021-06-04T09:41:49,200.0,15.3,B
2021-06-04T09:41:47,1000.0,15.3,B
2021-06-04T09:41:31,700.0,15.3,B
2021-06-04T09:41:26,1000.0,15.3,B
2021-06-04T09:41:23,100.0,15.3,B
2021-06-04T09:40:50,3300.0,15.3,B
2021-06-04T09:40:42,1100.0,15.3,B
2021-06-04T09:40:19,1000.0,15.3,B
2021-06-04T09:40:17,600.0,15.3,B
2021-06-04T09:40:13,300.0,15.3,B
2021-06-04T09:39:39,100.0,15.3,B
2021-06-04T09:39:20,2100.0,15.3,B
2021-06-04T09:39:03,100.0,15.3,S
2021-06-04T09:37:47,5000.0,15.3,S
2021-06-04T09:37:07,2700.0,15.4,B
2021-06-04T09:37:04,10000.0,15.3,S
2021-06-04T09:36:49,2000.0,15.4,B
2021-06-04T09:36:14,300.0,15.4,B
2021-06-04T09:35:45,300.0,15.4,B
2021-06-04T09:34:06,1000.0,15.3,S
2021-06-04T09:33:25,400.0,15.2,S
2021-06-04T09:33:23,3000.0,15.3,B
2021-06-04T09:33:05,100.0,15.3,B
2021-06-04T09:32:53,1800.0,15.3,B
2021-06-04T09:32:43,1000.0,15.3,B
2021-06-04T09:31:37,500.0,15.2,S
2021-06-04T09:31:36,700.0,15.3,B
2021-06-04T09:31:13,600.0,15.2,B
2021-06-04T09:31:02,700.0,15.2,S
2021-06-04T09:30:48,900.0,15.2,B
2021-06-04T09:30:44,300.0,15.2,B
2021-06-04T09:30:36,100.0,15.2,B
2021-06-04T09:30:10,1000.0,15.2,B
2021-06-04T09:29:56,2000.0,15.2,B
2021-06-04T09:29:29,500.0,15.2,B
2021-06-04T09:29:10,100.0,15.1,S
2021-06-04T09:29:09,2000.0,15.2,B
2021-06-04T09:29:02,2000.0,15.1,S
2021-06-04T09:28:36,500.0,15.2,S
2021-06-04T09:28:26,500.0,15.2,S
2021-06-04T09:28:18,300.0,15.2,S
2021-06-04T09:28:08,2000.0,15.2,S
2021-06-04T09:28:07,5300.0,15.2,S
2021-06-04T09:28:01,500.0,15.2,S
2021-06-04T09:27:28,4500.0,15.2,B
2021-06-04T09:27:27,5500.0,15.2,S
2021-06-04T09:27:22,100.0,15.3,B
2021-06-04T09:27:17,200.0,15.3,B
2021-06-04T09:27:04,3000.0,15.3,B
2021-06-04T09:26:55,400.0,15.4,B
2021-06-04T09:26:48,5600.0,15.4,B
2021-06-04T09:26:47,14200.0,15.2,S
2021-06-04T09:26:31,19200.0,15.3,S
2021-06-04T09:26:30,2000.0,15.4,B
2021-06-04T09:26:19,200.0,15.3,S
2021-06-04T09:25:58,700.0,15.4,S
2021-06-04T09:25:56,100.0,15.4,S
2021-06-04T09:25:56,6000.0,15.4,S
2021-06-04T09:25:55,2200.0,15.4,S
2021-06-04T09:25:55,500.0,15.4,S
2021-06-04T09:25:51,100.0,15.4,S
2021-06-04T09:25:50,500.0,15.5,B
2021-06-04T09:25:47,400.0,15.5,B
2021-06-04T09:25:43,500.0,15.4,S
2021-06-04T09:25:42,1000.0,15.4,S
2021-06-04T09:25:34,1500.0,15.4,S
2021-06-04T09:25:01,5000.0,15.4,S
2021-06-04T09:24:28,100.0,15.5,B
2021-06-04T09:24:23,100.0,15.5,B
2021-06-04T09:24:05,800.0,15.5,B
2021-06-04T09:23:57,3000.0,15.5,B
2021-06-04T09:23:45,800.0,15.5,B
2021-06-04T09:23:33,4900.0,15.5,S
2021-06-04T09:23:32,100.0,15.5,S
2021-06-04T09:23:31,100.0,15.5,S
2021-06-04T09:23:30,4500.0,15.5,S
2021-06-04T09:23:29,5500.0,15.5,S
2021-06-04T09:23:25,10000.0,15.5,S
2021-06-04T09:23:23,10000.0,15.5,S
2021-06-04T09:23:22,1800.0,15.6,B
2021-06-04T09:23:06,700.0,15.5,S
2021-06-04T09:23:05,5000.0,15.6,B
2021-06-04T09:23:03,1500.0,15.5,S
2021-06-04T09:23:02,1000.0,15.5,S
2021-06-04T09:22:56,10000.0,15.5,S
2021-06-04T09:22:37,1500.0,15.5,S
2021-06-04T09:22:28,1000.0,15.5,S
2021-06-04T09:22:13,5000.0,15.5,S
2021-06-04T09:22:09,10000.0,15.5,S
2021-06-04T09:22:01,3000.0,15.5,S
2021-06-04T09:21:51,100.0,15.5,S
2021-06-04T09:21:48,5000.0,15.5,S
2021-06-04T09:21:26,200.0,15.5,S
2021-06-04T09:21:10,1700.0,15.6,B
2021-06-04T09:21:08,100.0,15.5,S
2021-06-04T09:20:55,1000.0,15.6,B
2021-06-04T09:20:50,1000.0,15.6,B
2021-06-04T09:20:31,3000.0,15.5,S
2021-06-04T09:20:25,500.0,15.6,B
2021-06-04T09:20:23,100.0,15.5,S
2021-06-04T09:20:01,200.0,15.5,S
2021-06-04T09:19:56,100.0,15.6,B
2021-06-04T09:19:47,1500.0,15.5,S
2021-06-04T09:19:32,400.0,15.6,B
2021-06-04T09:19:28,1000.0,15.5,S
2021-06-04T09:19:08,1000.0,15.5,S
2021-06-04T09:18:37,900.0,15.6,B
2021-06-04T09:18:34,100.0,15.6,B
2021-06-04T09:18:19,2000.0,15.6,B
2021-06-04T09:18:10,1700.0,15.6,S
2021-06-04T09:18:10,1000.0,15.6,S
2021-06-04T09:18:06,800.0,15.6,B
2021-06-04T09:17:52,1600.0,15.6,B
2021-06-04T09:17:52,1000.0,15.6,B
2021-06-04T09:17:52,700.0,15.6,B
2021-06-04T09:17:36,100.0,15.6,B
2021-06-04T09:17:21,1000.0,15.6,B
2021-06-04T09:17:20,700.0,15.6,B
2021-06-04T09:17:19,300.0,15.6,B
2021-06-04T09:16:54,500.0,15.6,B
2021-06-04T09:16:32,1000.0,15.6,B
2021-06-04T09:16:07,5000.0,15.6,B
2021-06-04T09:15:50,4300.0,15.6,B
2021-06-04T09:14:45,1000.0,15.7,B
2021-06-04T09:14:43,500.0,15.5,S
2021-06-04T09:14:14,10000.0,15.5,S
2021-06-04T09:13:59,1000.0,15.6,S
2021-06-04T09:13:52,12500.0,15.6,B
2021-06-04T09:13:49,1000.0,15.5,S
2021-06-04T09:13:42,100.0,15.5,S
2021-06-04T09:13:20,1000.0,15.5,S
2021-06-04T09:13:12,5000.0,15.5,S
2021-06-04T09:13:04,1000.0,15.6,B
2021-06-04T09:12:48,500.0,15.5,S
2021-06-04T09:12:34,1300.0,15.5,B
2021-06-04T09:12:24,13500.0,15.5,B
2021-06-04T09:12:22,1000.0,15.6,B
2021-06-04T09:12:18,1000.0,15.6,B
2021-06-04T09:12:12,100.0,15.6,B
2021-06-04T09:12:08,500.0,15.5,S
2021-06-04T09:11:40,400.0,15.6,B
2021-06-04T09:11:39,500.0,15.5,S
2021-06-04T09:11:30,500.0,15.5,S
2021-06-04T09:10:54,1000.0,15.5,S
2021-06-04T09:10:53,400.0,15.5,B
2021-06-04T09:10:50,600.0,15.5,B
2021-06-04T09:10:37,400.0,15.5,B
2021-06-04T09:10:33,4000.0,15.5,B
2021-06-04T09:10:28,600.0,15.5,B
2021-06-04T09:10:25,100.0,15.5,B
2021-06-04T09:10:23,100.0,15.5,B
2021-06-04T09:10:22,7900.0,15.5,B
2021-06-04T09:10:21,100.0,15.5,B
2021-06-04T09:10:10,2000.0,15.5,B
2021-06-04T09:10:00,100.0,15.5,B
2021-06-04T09:09:47,900.0,15.5,B
2021-06-04T09:09:37,1100.0,15.5,B
2021-06-04T09:09:34,3000.0,15.5,B
2021-06-04T09:09:31,2000.0,15.5,B
2021-06-04T09:09:30,100.0,15.5,B
2021-06-04T09:09:10,300.0,15.5,B
2021-06-04T09:08:50,100.0,15.5,B
2021-06-04T09:08:45,2100.0,15.5,B
2021-06-04T09:08:01,4000.0,15.5,B
2021-06-04T09:07:42,2000.0,15.4,S
2021-06-04T09:07:36,100.0,15.4,S
2021-06-04T09:07:32,2800.0,15.4,S
2021-06-04T09:06:46,2000.0,15.5,B
2021-06-04T09:06:39,500.0,15.4,S
2021-06-04T09:06:11,5000.0,15.4,S
2021-06-04T09:06:02,100.0,15.4,S
2021-06-04T09:05:36,5000.0,15.4,S
2021-06-04T09:05:34,600.0,15.5,B
2021-06-04T09:05:31,300.0,15.4,S
2021-06-04T09:05:29,300.0,15.5,B
2021-06-04T09:05:25,1000.0,15.4,S
2021-06-04T09:05:19,200.0,15.5,B
2021-06-04T09:05:16,200.0,15.5,B
2021-06-04T09:05:05,3500.0,15.5,B
2021-06-04T09:05:03,1200.0,15.5,B
2021-06-04T09:04:42,100.0,15.5,B
2021-06-04T09:04:33,500.0,15.4,S
2021-06-04T09:04:23,100.0,15.4,B
2021-06-04T09:04:19,1000.0,15.4,B
2021-06-04T09:04:12,1000.0,15.4,B
2021-06-04T09:04:01,100.0,15.4,S
2021-06-04T09:03:48,500.0,15.5,B
2021-06-04T09:03:44,1900.0,15.4,B
2021-06-04T09:03:42,500.0,15.3,S
2021-06-04T09:03:36,100.0,15.4,B
2021-06-04T09:03:22,1000.0,15.3,S
2021-06-04T09:03:10,500.0,15.3,S
2021-06-04T09:03:08,4000.0,15.5,B
2021-06-04T09:02:45,100.0,15.5,B
2021-06-04T09:02:43,1000.0,15.4,B
2021-06-04T09:01:24,100.0,15.5,B
2021-06-04T09:00:52,100.0,15.5,B
2021-06-04T09:00:48,300.0,15.5,B
2021-06-04T09:00:48,700.0,15.5,B
2021-06-04T09:00:46,200.0,15.2,S
2021-06-04T09:00:44,500.0,15.2,S
2021-06-04T09:00:38,2000.0,15.2,S
2021-06-04T09:00:28,100.0,15.5,S
2021-06-04T09:00:20,600.0,15.5,S
2021-06-04T09:00:10,700.0,15.5,S
2021-06-04T09:00:08,200.0,15.5,S
2021-06-04T09:00:05,3000.0,15.5,S
