tradingTime,volume,price,side
2021-06-16T14:19:46,25000.0,17.7,S
2021-06-16T14:19:45,200.0,17.75,S
2021-06-16T14:19:38,200.0,17.75,S
2021-06-16T14:19:23,100.0,17.75,S
2021-06-16T14:19:22,300.0,17.75,S
2021-06-16T14:19:21,2000.0,17.75,S
2021-06-16T14:19:00,2000.0,17.7,S
2021-06-16T14:18:53,500.0,17.7,S
2021-06-16T14:18:47,500.0,17.75,S
2021-06-16T14:18:24,1000.0,17.7,S
2021-06-16T14:18:20,100.0,17.7,S
2021-06-16T14:18:19,3000.0,17.7,S
2021-06-16T14:17:59,100.0,17.8,B
2021-06-16T14:17:51,100.0,17.8,B
2021-06-16T14:17:41,2200.0,17.8,B
2021-06-16T14:17:40,100.0,17.8,B
2021-06-16T14:17:39,100.0,17.8,B
2021-06-16T14:17:39,2000.0,17.8,B
2021-06-16T14:17:33,100.0,17.7,S
2021-06-16T14:17:30,100.0,17.8,B
2021-06-16T14:17:30,3500.0,17.8,B
2021-06-16T14:17:27,100.0,17.8,B
2021-06-16T14:17:22,500.0,17.7,S
2021-06-16T14:17:22,500.0,17.8,B
2021-06-16T14:17:07,300.0,17.8,B
2021-06-16T14:16:48,30000.0,17.7,S
2021-06-16T14:16:38,100.0,17.8,B
2021-06-16T14:16:36,500.0,17.8,B
2021-06-16T14:16:36,500.0,17.8,B
2021-06-16T14:16:32,1000.0,17.8,B
2021-06-16T14:16:23,100.0,17.8,B
2021-06-16T14:16:16,1000.0,17.8,B
2021-06-16T14:16:07,300.0,17.8,B
2021-06-16T14:16:05,1200.0,17.8,S
2021-06-16T14:15:33,1000.0,17.8,S
2021-06-16T14:15:09,2200.0,17.8,S
2021-06-16T14:15:08,1000.0,17.8,S
2021-06-16T14:14:34,500.0,17.8,S
2021-06-16T14:14:33,2000.0,17.8,S
2021-06-16T14:14:29,2000.0,17.8,S
2021-06-16T14:14:27,100.0,17.8,S
2021-06-16T14:13:19,300.0,17.85,S
2021-06-16T14:13:18,7100.0,17.7,S
2021-06-16T14:13:18,30500.0,17.75,S
2021-06-16T14:13:17,200.0,17.75,S
2021-06-16T14:13:17,800.0,17.75,S
2021-06-16T14:13:17,28900.0,17.75,S
2021-06-16T14:13:17,8900.0,17.8,S
2021-06-16T14:13:17,1200.0,17.8,S
2021-06-16T14:13:17,500.0,17.8,S
2021-06-16T14:13:17,1900.0,17.8,S
2021-06-16T14:13:13,1000.0,17.8,S
2021-06-16T14:13:00,500.0,17.85,S
2021-06-16T14:12:30,100.0,17.85,S
2021-06-16T14:12:11,3000.0,17.8,S
2021-06-16T14:11:22,500.0,17.8,S
2021-06-16T14:10:46,100.0,17.85,S
2021-06-16T14:10:28,400.0,17.85,S
2021-06-16T14:10:08,7100.0,17.85,S
2021-06-16T14:10:08,1300.0,17.85,S
2021-06-16T14:10:07,4500.0,17.85,S
2021-06-16T14:09:36,100.0,17.9,S
2021-06-16T14:09:19,14400.0,17.9,S
2021-06-16T14:09:07,37900.0,17.9,S
2021-06-16T14:09:07,8500.0,17.9,S
2021-06-16T14:09:06,500.0,17.9,S
2021-06-16T14:09:06,1100.0,17.9,S
2021-06-16T14:09:06,100.0,17.9,S
2021-06-16T14:09:06,300.0,17.9,S
2021-06-16T14:09:06,1600.0,17.9,S
2021-06-16T14:08:38,20000.0,17.95,B
2021-06-16T14:08:26,300.0,17.9,S
2021-06-16T14:07:48,200.0,17.95,B
2021-06-16T14:07:39,50000.0,17.9,S
2021-06-16T14:06:15,2800.0,17.95,B
2021-06-16T14:06:15,600.0,17.95,B
2021-06-16T14:06:15,26600.0,17.95,B
2021-06-16T14:06:00,1600.0,17.95,B
2021-06-16T14:05:48,10000.0,17.9,S
2021-06-16T14:05:41,1100.0,17.9,S
2021-06-16T14:05:36,2100.0,17.95,B
2021-06-16T14:05:36,200.0,17.9,S
2021-06-16T14:05:33,600.0,17.95,B
2021-06-16T14:05:32,100.0,17.95,B
2021-06-16T14:05:11,1200.0,17.95,B
2021-06-16T14:05:08,6000.0,17.95,B
2021-06-16T14:04:52,500.0,17.95,B
2021-06-16T14:04:52,1000.0,17.95,B
2021-06-16T14:04:49,2500.0,17.95,B
2021-06-16T14:04:26,1000.0,17.9,S
2021-06-16T14:04:14,3000.0,17.95,B
2021-06-16T14:04:06,800.0,17.95,B
2021-06-16T14:04:03,27000.0,17.95,B
2021-06-16T14:04:00,1000.0,17.9,S
2021-06-16T14:03:55,100.0,17.95,B
2021-06-16T14:03:48,4000.0,17.9,S
2021-06-16T14:03:27,500.0,17.95,B
2021-06-16T14:03:10,2800.0,17.9,S
2021-06-16T14:02:41,2000.0,17.95,B
2021-06-16T14:02:41,5000.0,17.95,B
2021-06-16T14:02:40,500.0,17.9,S
2021-06-16T14:02:26,300.0,17.95,B
2021-06-16T14:02:17,100.0,17.95,B
2021-06-16T14:02:14,1000.0,17.95,B
2021-06-16T14:02:13,1000.0,17.95,B
2021-06-16T14:02:10,2000.0,17.9,S
2021-06-16T14:02:00,800.0,17.95,B
2021-06-16T14:01:59,1200.0,17.95,B
2021-06-16T14:01:57,500.0,17.9,S
2021-06-16T14:01:55,100.0,17.95,B
2021-06-16T14:01:39,29700.0,17.95,B
2021-06-16T14:01:39,1300.0,17.95,B
2021-06-16T14:01:35,15300.0,17.9,S
2021-06-16T14:01:30,100.0,17.95,B
2021-06-16T14:01:16,700.0,17.95,B
2021-06-16T14:01:15,400.0,17.95,B
2021-06-16T14:01:15,2000.0,17.95,B
2021-06-16T14:01:14,5000.0,17.95,B
2021-06-16T14:01:06,100.0,17.95,B
2021-06-16T14:01:02,1200.0,17.95,B
2021-06-16T14:00:56,500.0,17.95,B
2021-06-16T14:00:42,4000.0,17.95,B
2021-06-16T14:00:40,10000.0,17.95,B
2021-06-16T14:00:37,5000.0,17.95,B
2021-06-16T14:00:16,2900.0,17.95,B
2021-06-16T14:00:13,5000.0,17.9,S
2021-06-16T14:00:12,100.0,17.95,B
2021-06-16T14:00:11,2800.0,17.95,B
2021-06-16T14:00:07,2400.0,17.95,B
2021-06-16T14:00:07,1100.0,17.95,B
2021-06-16T13:59:54,2500.0,17.95,B
2021-06-16T13:59:50,1100.0,17.95,B
2021-06-16T13:59:41,10000.0,17.9,S
2021-06-16T13:59:39,3000.0,17.95,B
2021-06-16T13:59:27,15200.0,17.95,B
2021-06-16T13:59:24,300.0,17.9,S
2021-06-16T13:59:23,25000.0,17.95,B
2021-06-16T13:59:18,2400.0,17.95,B
2021-06-16T13:59:13,2500.0,17.95,B
2021-06-16T13:59:13,4000.0,17.9,S
2021-06-16T13:59:12,10000.0,17.95,B
2021-06-16T13:59:04,5000.0,17.9,S
2021-06-16T13:59:04,8000.0,17.95,B
2021-06-16T13:58:51,500.0,17.9,S
2021-06-16T13:58:48,1000.0,17.95,B
2021-06-16T13:58:40,30000.0,17.95,S
2021-06-16T13:58:27,200.0,17.9,S
2021-06-16T13:58:25,100.0,17.95,S
2021-06-16T13:58:19,300.0,17.95,S
2021-06-16T13:58:19,200.0,17.95,S
2021-06-16T13:58:12,100.0,17.95,S
2021-06-16T13:58:09,1000.0,17.95,S
2021-06-16T13:58:05,600.0,17.95,S
2021-06-16T13:58:05,600.0,17.95,S
2021-06-16T13:58:05,100.0,17.95,S
2021-06-16T13:58:05,2200.0,17.95,S
2021-06-16T13:57:52,28300.0,17.95,S
2021-06-16T13:57:38,2500.0,17.95,S
2021-06-16T13:57:37,800.0,17.95,S
2021-06-16T13:57:37,600.0,17.95,S
2021-06-16T13:57:36,1200.0,17.95,S
2021-06-16T13:57:36,1000.0,18.0,B
2021-06-16T13:57:34,1700.0,17.95,S
2021-06-16T13:57:34,4600.0,17.95,S
2021-06-16T13:57:34,500.0,17.95,S
2021-06-16T13:57:33,100.0,17.95,S
2021-06-16T13:57:33,300.0,17.95,S
2021-06-16T13:57:30,500.0,17.95,S
2021-06-16T13:57:30,800.0,17.95,S
2021-06-16T13:57:12,1000.0,17.95,S
2021-06-16T13:57:04,300.0,17.95,S
2021-06-16T13:57:02,300.0,18.0,B
2021-06-16T13:56:58,1000.0,18.0,B
2021-06-16T13:56:52,1000.0,18.0,B
2021-06-16T13:56:51,700.0,17.95,S
2021-06-16T13:56:42,2200.0,18.0,B
2021-06-16T13:56:40,600.0,18.0,B
2021-06-16T13:56:39,200.0,18.0,B
2021-06-16T13:56:29,2600.0,18.0,B
2021-06-16T13:56:29,900.0,18.0,B
2021-06-16T13:56:29,1000.0,18.0,B
2021-06-16T13:56:28,700.0,18.0,B
2021-06-16T13:56:28,100.0,18.0,B
2021-06-16T13:56:27,2700.0,18.0,B
2021-06-16T13:56:24,600.0,18.0,B
2021-06-16T13:56:24,900.0,18.0,B
2021-06-16T13:56:21,2000.0,18.0,B
2021-06-16T13:56:19,20000.0,17.95,S
2021-06-16T13:55:59,100.0,18.0,B
2021-06-16T13:55:53,100.0,17.95,S
2021-06-16T13:55:45,6000.0,17.95,S
2021-06-16T13:55:40,3500.0,18.0,B
2021-06-16T13:55:32,1300.0,18.0,B
2021-06-16T13:55:22,22000.0,17.95,S
2021-06-16T13:55:17,1000.0,17.95,S
2021-06-16T13:55:10,2900.0,18.0,B
2021-06-16T13:55:05,5200.0,18.0,B
2021-06-16T13:55:05,1100.0,18.0,B
2021-06-16T13:55:05,700.0,18.0,B
2021-06-16T13:55:05,900.0,18.0,B
2021-06-16T13:55:05,100.0,18.0,B
2021-06-16T13:54:52,100.0,17.95,S
2021-06-16T13:54:48,3500.0,18.0,B
2021-06-16T13:54:46,10000.0,17.95,S
2021-06-16T13:54:44,1800.0,18.0,B
2021-06-16T13:54:43,3000.0,18.0,B
2021-06-16T13:54:41,3000.0,18.0,B
2021-06-16T13:54:41,100.0,18.0,B
2021-06-16T13:54:41,2500.0,18.0,B
2021-06-16T13:54:41,800.0,18.0,B
2021-06-16T13:54:41,4500.0,18.0,B
2021-06-16T13:54:41,3400.0,18.0,B
2021-06-16T13:54:41,1500.0,18.0,B
2021-06-16T13:54:40,4900.0,18.0,B
2021-06-16T13:54:40,3000.0,18.0,B
2021-06-16T13:54:40,1200.0,18.0,B
2021-06-16T13:54:40,200.0,18.0,B
2021-06-16T13:54:40,5300.0,18.0,B
2021-06-16T13:54:40,4300.0,18.0,B
2021-06-16T13:54:40,18400.0,18.0,B
2021-06-16T13:54:27,7400.0,18.0,B
2021-06-16T13:54:27,4600.0,18.0,B
2021-06-16T13:54:17,6500.0,18.0,B
2021-06-16T13:54:14,2900.0,18.0,B
2021-06-16T13:54:14,22000.0,17.95,S
2021-06-16T13:54:10,2100.0,18.0,B
2021-06-16T13:54:07,600.0,18.0,B
2021-06-16T13:54:06,500.0,18.0,B
2021-06-16T13:54:01,1000.0,18.0,B
2021-06-16T13:53:43,5100.0,18.0,B
2021-06-16T13:53:33,10000.0,17.95,S
2021-06-16T13:53:28,200.0,18.0,B
2021-06-16T13:53:26,100.0,18.0,B
2021-06-16T13:53:26,100.0,18.0,B
2021-06-16T13:53:25,300.0,17.95,S
2021-06-16T13:53:22,1600.0,18.0,B
2021-06-16T13:53:20,2400.0,18.0,B
2021-06-16T13:53:17,1800.0,18.0,B
2021-06-16T13:53:10,800.0,18.0,B
2021-06-16T13:53:07,200.0,18.0,B
2021-06-16T13:53:07,2000.0,18.0,B
2021-06-16T13:53:00,5400.0,18.0,B
2021-06-16T13:52:53,1100.0,17.95,S
2021-06-16T13:52:53,100.0,18.0,B
2021-06-16T13:52:34,3000.0,18.0,B
2021-06-16T13:52:32,100.0,18.0,B
2021-06-16T13:52:29,200.0,18.0,B
2021-06-16T13:52:25,2500.0,18.0,B
2021-06-16T13:52:24,1000.0,18.0,B
2021-06-16T13:52:03,1000.0,17.95,S
2021-06-16T13:51:58,1000.0,18.0,B
2021-06-16T13:51:56,1600.0,18.0,B
2021-06-16T13:51:56,1900.0,18.0,B
2021-06-16T13:51:54,2900.0,18.0,B
2021-06-16T13:51:40,300.0,18.0,B
2021-06-16T13:51:32,2000.0,17.95,S
2021-06-16T13:51:27,100.0,18.0,B
2021-06-16T13:51:27,3000.0,18.0,B
2021-06-16T13:51:27,2300.0,18.0,B
2021-06-16T13:51:27,1400.0,18.0,B
2021-06-16T13:51:24,900.0,18.0,B
2021-06-16T13:51:24,2300.0,18.0,B
2021-06-16T13:51:24,1700.0,18.0,B
2021-06-16T13:51:24,2100.0,18.0,B
2021-06-16T13:51:24,3000.0,18.0,B
2021-06-16T13:51:24,1800.0,17.95,S
2021-06-16T13:51:24,200.0,17.95,S
2021-06-16T13:51:17,5000.0,17.95,S
2021-06-16T13:51:13,1000.0,18.0,B
2021-06-16T13:51:11,1500.0,18.0,B
2021-06-16T13:51:01,100.0,18.0,B
2021-06-16T13:50:52,1700.0,18.0,B
2021-06-16T13:50:52,800.0,18.0,B
2021-06-16T13:50:36,3200.0,18.0,B
2021-06-16T13:50:33,2500.0,18.0,B
2021-06-16T13:50:31,1700.0,18.0,B
2021-06-16T13:50:31,2000.0,18.0,B
2021-06-16T13:50:31,6900.0,18.0,B
2021-06-16T13:50:31,3600.0,18.0,B
2021-06-16T13:50:31,4800.0,18.0,B
2021-06-16T13:50:20,100.0,17.95,S
2021-06-16T13:50:17,100.0,17.95,S
2021-06-16T13:50:12,200.0,18.0,B
2021-06-16T13:50:07,100.0,17.95,S
2021-06-16T13:49:52,4500.0,17.95,B
2021-06-16T13:49:49,3500.0,17.95,B
2021-06-16T13:49:45,2000.0,17.95,B
2021-06-16T13:49:42,19500.0,17.95,B
2021-06-16T13:49:39,1000.0,17.95,B
2021-06-16T13:49:32,20000.0,17.95,B
2021-06-16T13:49:26,14100.0,17.95,B
2021-06-16T13:49:26,15900.0,17.95,B
2021-06-16T13:49:18,2100.0,17.95,B
2021-06-16T13:49:15,2500.0,17.95,B
2021-06-16T13:49:09,1200.0,17.95,B
2021-06-16T13:49:09,8900.0,17.95,B
2021-06-16T13:49:03,1000.0,17.95,B
2021-06-16T13:49:03,3500.0,17.95,B
2021-06-16T13:49:02,6500.0,17.95,B
2021-06-16T13:48:57,5000.0,17.95,B
2021-06-16T13:48:53,100.0,17.9,S
2021-06-16T13:48:34,3500.0,17.95,B
2021-06-16T13:48:34,100.0,17.95,B
2021-06-16T13:48:29,1600.0,17.95,B
2021-06-16T13:48:25,2000.0,17.95,B
2021-06-16T13:48:03,200.0,17.95,B
2021-06-16T13:47:53,3000.0,17.95,B
2021-06-16T13:47:36,400.0,17.95,B
2021-06-16T13:47:33,2500.0,17.95,B
2021-06-16T13:47:30,1900.0,17.95,B
2021-06-16T13:47:27,300.0,17.95,B
2021-06-16T13:47:26,100.0,17.95,B
2021-06-16T13:47:25,200.0,17.95,B
2021-06-16T13:47:25,1000.0,17.95,B
2021-06-16T13:47:15,9000.0,17.95,B
2021-06-16T13:47:14,200.0,17.95,B
2021-06-16T13:47:14,2900.0,17.95,B
2021-06-16T13:47:12,7000.0,17.95,B
2021-06-16T13:47:08,1000.0,17.95,B
2021-06-16T13:46:59,800.0,17.95,B
2021-06-16T13:46:58,2200.0,17.95,B
2021-06-16T13:46:54,300.0,17.95,B
2021-06-16T13:46:47,1500.0,17.95,B
2021-06-16T13:46:43,10000.0,17.95,B
2021-06-16T13:46:40,1500.0,17.95,B
2021-06-16T13:46:39,2500.0,17.95,B
2021-06-16T13:46:36,3000.0,17.95,B
2021-06-16T13:46:32,1900.0,17.95,B
2021-06-16T13:46:31,700.0,17.95,B
2021-06-16T13:46:28,1000.0,17.95,B
2021-06-16T13:46:28,1500.0,17.95,B
2021-06-16T13:46:26,500.0,17.95,B
2021-06-16T13:46:25,2500.0,17.95,B
2021-06-16T13:46:21,2500.0,17.95,B
2021-06-16T13:46:17,1500.0,17.95,B
2021-06-16T13:46:14,500.0,17.95,B
2021-06-16T13:46:12,1000.0,17.9,S
2021-06-16T13:46:11,11200.0,17.95,B
2021-06-16T13:46:08,30000.0,17.95,B
2021-06-16T13:46:04,20000.0,17.95,B
2021-06-16T13:45:59,1000.0,17.9,S
2021-06-16T13:45:57,2500.0,17.95,B
2021-06-16T13:45:51,200.0,17.9,S
2021-06-16T13:45:48,900.0,17.9,B
2021-06-16T13:45:37,1500.0,17.95,B
2021-06-16T13:45:36,100.0,17.9,B
2021-06-16T13:45:35,2500.0,17.95,B
2021-06-16T13:45:34,100.0,17.9,B
2021-06-16T13:45:34,1000.0,17.9,B
2021-06-16T13:45:32,100.0,17.95,B
2021-06-16T13:45:31,200.0,17.9,B
2021-06-16T13:45:27,500.0,17.9,B
2021-06-16T13:45:24,3000.0,17.9,B
2021-06-16T13:45:23,2500.0,17.95,B
2021-06-16T13:45:17,1300.0,17.9,B
2021-06-16T13:45:17,2100.0,17.9,B
2021-06-16T13:45:17,20100.0,17.9,B
2021-06-16T13:45:17,24500.0,17.9,B
2021-06-16T13:45:17,20600.0,17.9,B
2021-06-16T13:45:17,100.0,17.9,B
2021-06-16T13:45:17,43500.0,17.9,B
2021-06-16T13:45:14,300.0,17.85,S
2021-06-16T13:45:01,1100.0,17.9,B
2021-06-16T13:44:56,2500.0,17.9,B
2021-06-16T13:44:54,300.0,17.9,B
2021-06-16T13:44:47,400.0,17.9,B
2021-06-16T13:44:34,2100.0,17.9,B
2021-06-16T13:44:32,5300.0,17.9,B
2021-06-16T13:44:32,500.0,17.9,B
2021-06-16T13:44:32,10200.0,17.9,B
2021-06-16T13:44:31,200.0,17.9,B
2021-06-16T13:44:26,1600.0,17.9,B
2021-06-16T13:44:23,1300.0,17.9,B
2021-06-16T13:44:23,1000.0,17.9,B
2021-06-16T13:44:23,100.0,17.9,B
2021-06-16T13:44:23,100.0,17.9,B
2021-06-16T13:44:18,200.0,17.9,B
2021-06-16T13:44:15,100.0,17.9,B
2021-06-16T13:44:04,6100.0,17.9,B
2021-06-16T13:44:04,3500.0,17.9,B
2021-06-16T13:44:04,400.0,17.9,B
2021-06-16T13:43:55,800.0,17.9,B
2021-06-16T13:43:49,2500.0,17.9,B
2021-06-16T13:43:45,100.0,17.9,B
2021-06-16T13:43:40,800.0,17.9,B
2021-06-16T13:43:39,1100.0,17.9,B
2021-06-16T13:43:26,1200.0,17.9,B
2021-06-16T13:43:23,100.0,17.9,B
2021-06-16T13:43:14,1000.0,17.9,B
2021-06-16T13:43:11,10000.0,17.9,B
2021-06-16T13:43:09,10000.0,17.9,B
2021-06-16T13:43:05,2600.0,17.9,B
2021-06-16T13:43:05,100.0,17.9,B
2021-06-16T13:43:04,1500.0,17.9,B
2021-06-16T13:42:54,10000.0,17.9,B
2021-06-16T13:42:51,5000.0,17.9,B
2021-06-16T13:42:47,200.0,17.9,B
2021-06-16T13:42:34,2000.0,17.9,B
2021-06-16T13:42:30,1600.0,17.9,B
2021-06-16T13:42:30,5000.0,17.9,B
2021-06-16T13:42:27,2000.0,17.9,B
2021-06-16T13:42:09,300.0,17.9,B
2021-06-16T13:42:02,5400.0,17.9,B
2021-06-16T13:41:57,12000.0,17.9,B
2021-06-16T13:41:55,100.0,17.9,B
2021-06-16T13:41:46,5400.0,17.9,B
2021-06-16T13:41:44,400.0,17.9,B
2021-06-16T13:41:42,800.0,17.9,B
2021-06-16T13:41:39,1500.0,17.9,B
2021-06-16T13:41:28,3500.0,17.9,B
2021-06-16T13:41:27,4600.0,17.9,B
2021-06-16T13:41:22,1000.0,17.9,B
2021-06-16T13:41:05,700.0,17.9,B
2021-06-16T13:41:01,10000.0,17.9,B
2021-06-16T13:40:58,10000.0,17.9,B
2021-06-16T13:40:53,2800.0,17.9,B
2021-06-16T13:40:50,1900.0,17.9,B
2021-06-16T13:40:48,3900.0,17.9,B
2021-06-16T13:40:45,2600.0,17.9,B
2021-06-16T13:40:45,300.0,17.9,B
2021-06-16T13:40:45,4100.0,17.9,B
2021-06-16T13:40:40,1500.0,17.9,B
2021-06-16T13:40:14,100.0,17.9,B
2021-06-16T13:40:06,100.0,17.9,B
2021-06-16T13:39:43,5000.0,17.9,B
2021-06-16T13:39:41,200.0,17.9,B
2021-06-16T13:39:37,100.0,17.9,B
2021-06-16T13:39:35,500.0,17.9,B
2021-06-16T13:39:32,1600.0,17.9,B
2021-06-16T13:39:31,1000.0,17.85,S
2021-06-16T13:39:28,2900.0,17.9,B
2021-06-16T13:39:26,1200.0,17.9,B
2021-06-16T13:39:24,6500.0,17.9,B
2021-06-16T13:39:24,12000.0,17.9,B
2021-06-16T13:39:21,500.0,17.9,B
2021-06-16T13:39:14,100.0,17.9,B
2021-06-16T13:39:12,5000.0,17.9,B
2021-06-16T13:39:03,500.0,17.9,B
2021-06-16T13:38:59,2000.0,17.9,B
2021-06-16T13:38:57,3000.0,17.85,S
2021-06-16T13:38:57,3000.0,17.85,S
2021-06-16T13:38:55,600.0,17.85,S
2021-06-16T13:38:54,3000.0,17.9,B
2021-06-16T13:38:49,600.0,17.9,B
2021-06-16T13:38:48,800.0,17.9,B
2021-06-16T13:38:46,500.0,17.9,B
2021-06-16T13:38:43,3400.0,17.85,S
2021-06-16T13:38:40,1000.0,17.9,B
2021-06-16T13:38:36,19000.0,17.9,B
2021-06-16T13:38:26,10000.0,17.9,B
2021-06-16T13:38:21,2000.0,17.9,B
2021-06-16T13:38:16,200.0,17.9,B
2021-06-16T13:38:06,1000.0,17.85,S
2021-06-16T13:38:04,2000.0,17.85,S
2021-06-16T13:37:58,23100.0,17.85,B
2021-06-16T13:37:58,600.0,17.85,B
2021-06-16T13:37:58,166200.0,17.85,B
2021-06-16T13:37:55,100.0,17.85,B
2021-06-16T13:37:52,3500.0,17.85,B
2021-06-16T13:37:52,500.0,17.85,B
2021-06-16T13:37:52,500.0,17.8,S
2021-06-16T13:37:49,4000.0,17.85,B
2021-06-16T13:37:08,200.0,17.85,B
2021-06-16T13:36:59,1600.0,17.85,B
2021-06-16T13:36:57,400.0,17.8,S
2021-06-16T13:36:56,300.0,17.85,B
2021-06-16T13:36:36,100.0,17.85,B
2021-06-16T13:36:28,100.0,17.85,B
2021-06-16T13:36:18,2300.0,17.85,B
2021-06-16T13:36:06,1500.0,17.85,B
2021-06-16T13:35:55,500.0,17.85,B
2021-06-16T13:35:48,1200.0,17.85,B
2021-06-16T13:35:47,1900.0,17.8,S
2021-06-16T13:35:44,1000.0,17.85,B
2021-06-16T13:35:35,7000.0,17.8,S
2021-06-16T13:35:27,1000.0,17.8,S
2021-06-16T13:35:20,1500.0,17.85,B
2021-06-16T13:35:18,10000.0,17.85,B
2021-06-16T13:35:14,1000.0,17.8,S
2021-06-16T13:35:11,3300.0,17.85,B
2021-06-16T13:35:08,400.0,17.85,B
2021-06-16T13:35:03,2500.0,17.85,B
2021-06-16T13:35:01,1900.0,17.85,B
2021-06-16T13:34:59,2000.0,17.85,B
2021-06-16T13:34:56,2000.0,17.85,B
2021-06-16T13:34:55,500.0,17.85,B
2021-06-16T13:34:55,600.0,17.85,B
2021-06-16T13:34:49,1100.0,17.85,B
2021-06-16T13:34:40,100.0,17.85,B
2021-06-16T13:34:28,2500.0,17.85,B
2021-06-16T13:34:25,900.0,17.85,B
2021-06-16T13:34:23,1000.0,17.85,B
2021-06-16T13:34:20,10000.0,17.85,B
2021-06-16T13:34:16,100.0,17.85,B
2021-06-16T13:34:14,1000.0,17.8,S
2021-06-16T13:33:49,200.0,17.85,B
2021-06-16T13:33:47,500.0,17.85,B
2021-06-16T13:33:46,100.0,17.85,B
2021-06-16T13:33:46,800.0,17.85,B
2021-06-16T13:33:39,100.0,17.85,B
2021-06-16T13:33:32,100.0,17.85,B
2021-06-16T13:33:24,20000.0,17.85,B
2021-06-16T13:33:23,1600.0,17.85,B
2021-06-16T13:33:22,500.0,17.85,B
2021-06-16T13:33:20,2500.0,17.85,B
2021-06-16T13:33:08,4200.0,17.85,B
2021-06-16T13:32:56,100.0,17.85,B
2021-06-16T13:32:50,100.0,17.85,B
2021-06-16T13:32:42,9000.0,17.85,B
2021-06-16T13:32:14,3100.0,17.85,B
2021-06-16T13:32:12,100.0,17.85,B
2021-06-16T13:31:50,2500.0,17.85,B
2021-06-16T13:31:48,2000.0,17.85,B
2021-06-16T13:31:27,1500.0,17.85,B
2021-06-16T13:31:02,100.0,17.85,B
2021-06-16T13:30:41,100.0,17.8,B
2021-06-16T13:30:41,34100.0,17.8,B
2021-06-16T13:30:41,5000.0,17.8,B
2021-06-16T13:30:41,21300.0,17.8,B
2021-06-16T13:30:41,10200.0,17.8,B
2021-06-16T13:30:41,3000.0,17.8,B
2021-06-16T13:30:41,12100.0,17.8,B
2021-06-16T13:30:31,100.0,17.8,B
2021-06-16T13:30:20,200.0,17.8,B
2021-06-16T13:29:43,5400.0,17.8,B
2021-06-16T13:29:40,2000.0,17.8,B
2021-06-16T13:29:25,2100.0,17.8,B
2021-06-16T13:29:22,8000.0,17.8,B
2021-06-16T13:29:13,100.0,17.8,B
2021-06-16T13:29:12,200.0,17.8,B
2021-06-16T13:29:11,800.0,17.8,B
2021-06-16T13:29:09,3200.0,17.8,B
2021-06-16T13:29:05,100.0,17.8,B
2021-06-16T13:29:04,1500.0,17.8,B
2021-06-16T13:28:52,20000.0,17.8,B
2021-06-16T13:28:42,200.0,17.75,S
2021-06-16T13:28:33,1500.0,17.8,B
2021-06-16T13:28:31,200.0,17.8,B
2021-06-16T13:28:29,3500.0,17.8,B
2021-06-16T13:28:25,5000.0,17.8,B
2021-06-16T13:28:22,1000.0,17.8,B
2021-06-16T13:27:57,2300.0,17.75,S
2021-06-16T13:27:48,100.0,17.8,B
2021-06-16T13:27:42,11200.0,17.75,S
2021-06-16T13:27:42,8800.0,17.75,S
2021-06-16T13:27:37,200.0,17.8,B
2021-06-16T13:27:24,100.0,17.8,B
2021-06-16T13:27:23,2500.0,17.8,B
2021-06-16T13:27:21,5600.0,17.8,B
2021-06-16T13:27:21,9500.0,17.8,B
2021-06-16T13:27:19,3200.0,17.8,B
2021-06-16T13:27:06,1000.0,17.8,B
2021-06-16T13:27:04,2500.0,17.8,B
2021-06-16T13:26:54,12500.0,17.8,B
2021-06-16T13:26:50,10000.0,17.75,S
2021-06-16T13:26:49,6500.0,17.8,B
2021-06-16T13:26:46,300.0,17.75,S
2021-06-16T13:26:42,10000.0,17.8,B
2021-06-16T13:26:40,600.0,17.8,B
2021-06-16T13:26:37,5000.0,17.8,B
2021-06-16T13:26:26,2000.0,17.8,B
2021-06-16T13:26:18,3000.0,17.75,S
2021-06-16T13:26:11,1500.0,17.8,B
2021-06-16T13:25:44,1500.0,17.8,B
2021-06-16T13:25:40,1000.0,17.8,B
2021-06-16T13:25:37,500.0,17.8,B
2021-06-16T13:25:35,100.0,17.8,B
2021-06-16T13:25:08,10000.0,17.8,B
2021-06-16T13:25:07,1000.0,17.75,S
2021-06-16T13:25:02,3000.0,17.8,B
2021-06-16T13:25:00,1500.0,17.8,B
2021-06-16T13:24:59,20000.0,17.75,S
2021-06-16T13:24:57,8000.0,17.75,S
2021-06-16T13:24:31,900.0,17.75,B
2021-06-16T13:24:31,62500.0,17.75,B
2021-06-16T13:24:31,40500.0,17.75,B
2021-06-16T13:23:48,400.0,17.75,S
2021-06-16T13:23:46,100.0,17.75,S
2021-06-16T13:23:42,700.0,17.75,S
2021-06-16T13:23:42,10000.0,17.75,S
2021-06-16T13:23:42,3300.0,17.75,S
2021-06-16T13:23:29,100.0,17.8,B
2021-06-16T13:23:01,30000.0,17.8,B
2021-06-16T13:22:58,200.0,17.75,S
2021-06-16T13:22:35,200.0,17.8,B
2021-06-16T13:22:25,10000.0,17.8,B
2021-06-16T13:22:22,10000.0,17.8,B
2021-06-16T13:22:07,300.0,17.8,B
2021-06-16T13:21:57,5400.0,17.8,B
2021-06-16T13:21:56,100.0,17.8,B
2021-06-16T13:21:47,10000.0,17.8,B
2021-06-16T13:21:46,5000.0,17.8,B
2021-06-16T13:21:39,200.0,17.8,S
2021-06-16T13:21:39,11600.0,17.8,S
2021-06-16T13:21:39,3700.0,17.8,S
2021-06-16T13:21:32,10000.0,17.8,S
2021-06-16T13:21:25,200.0,17.85,B
2021-06-16T13:21:21,18500.0,17.8,S
2021-06-16T13:21:20,17700.0,17.8,S
2021-06-16T13:21:18,7000.0,17.8,S
2021-06-16T13:21:16,3000.0,17.8,S
2021-06-16T13:20:46,2200.0,17.85,S
2021-06-16T13:20:46,400.0,17.85,S
2021-06-16T13:20:46,3000.0,17.85,S
2021-06-16T13:20:46,26700.0,17.85,S
2021-06-16T13:20:44,100.0,17.9,B
2021-06-16T13:20:38,300.0,17.9,B
2021-06-16T13:20:34,25000.0,17.85,S
2021-06-16T13:20:27,5000.0,17.9,B
2021-06-16T13:20:21,200.0,17.9,B
2021-06-16T13:20:07,100.0,17.9,B
2021-06-16T13:19:20,700.0,17.9,B
2021-06-16T13:18:46,5000.0,17.9,B
2021-06-16T13:18:26,300.0,17.9,B
2021-06-16T13:18:19,200.0,17.9,B
2021-06-16T13:17:53,500.0,17.85,S
2021-06-16T13:17:23,3000.0,17.9,B
2021-06-16T13:17:19,1200.0,17.9,B
2021-06-16T13:17:14,2600.0,17.9,B
2021-06-16T13:17:09,15000.0,17.9,B
2021-06-16T13:17:06,800.0,17.9,B
2021-06-16T13:16:59,5000.0,17.9,B
2021-06-16T13:16:56,1000.0,17.9,B
2021-06-16T13:16:52,2100.0,17.9,B
2021-06-16T13:16:50,3000.0,17.9,B
2021-06-16T13:16:47,1500.0,17.9,B
2021-06-16T13:16:47,500.0,17.85,S
2021-06-16T13:16:35,2000.0,17.85,S
2021-06-16T13:16:30,100.0,17.9,B
2021-06-16T13:16:26,800.0,17.9,B
2021-06-16T13:16:25,1000.0,17.9,B
2021-06-16T13:16:20,1100.0,17.9,B
2021-06-16T13:16:17,3500.0,17.9,B
2021-06-16T13:15:58,200.0,17.9,B
2021-06-16T13:15:57,100.0,17.9,B
2021-06-16T13:15:52,900.0,17.9,B
2021-06-16T13:15:31,24900.0,17.9,S
2021-06-16T13:15:17,11400.0,17.9,S
2021-06-16T13:15:17,1500.0,17.9,S
2021-06-16T13:15:17,9100.0,17.9,S
2021-06-16T13:15:09,1000.0,17.9,S
2021-06-16T13:14:58,3000.0,17.9,S
2021-06-16T13:14:55,1000.0,17.9,B
2021-06-16T13:14:47,100.0,17.9,B
2021-06-16T13:14:42,17000.0,17.9,B
2021-06-16T13:14:40,100.0,17.9,B
2021-06-16T13:14:35,300.0,17.9,B
2021-06-16T13:14:28,6000.0,17.9,B
2021-06-16T13:14:15,1000.0,17.9,B
2021-06-16T13:14:04,200.0,17.9,B
2021-06-16T13:14:00,35000.0,17.9,B
2021-06-16T13:13:57,2000.0,17.9,B
2021-06-16T13:13:54,600.0,17.9,B
2021-06-16T13:13:54,400.0,17.9,B
2021-06-16T13:13:53,3500.0,17.9,B
2021-06-16T13:13:50,26000.0,17.9,B
2021-06-16T13:13:48,200.0,17.9,B
2021-06-16T13:13:43,10000.0,17.9,B
2021-06-16T13:13:37,2000.0,17.9,B
2021-06-16T13:13:35,200.0,17.9,B
2021-06-16T13:13:32,100.0,17.9,B
2021-06-16T13:13:03,1000.0,17.9,S
2021-06-16T13:13:01,600.0,17.9,S
2021-06-16T13:13:01,1200.0,17.9,S
2021-06-16T13:13:01,9600.0,17.9,S
2021-06-16T13:12:51,100.0,17.95,B
2021-06-16T13:12:35,200.0,17.9,B
2021-06-16T13:12:33,4200.0,17.9,B
2021-06-16T13:12:33,600.0,17.9,B
2021-06-16T13:12:32,1200.0,17.9,B
2021-06-16T13:12:30,1100.0,17.9,B
2021-06-16T13:12:25,1500.0,17.9,B
2021-06-16T13:12:24,1000.0,17.9,B
2021-06-16T13:12:19,2700.0,17.9,B
2021-06-16T13:12:18,2100.0,17.9,B
2021-06-16T13:12:12,1000.0,17.9,B
2021-06-16T13:12:09,200.0,17.9,B
2021-06-16T13:12:04,2300.0,17.9,B
2021-06-16T13:12:03,100.0,17.9,B
2021-06-16T13:12:03,20000.0,17.9,B
2021-06-16T13:11:54,200.0,17.9,B
2021-06-16T13:11:52,500.0,17.9,B
2021-06-16T13:11:50,900.0,17.9,B
2021-06-16T13:11:45,2100.0,17.9,B
2021-06-16T13:11:42,1000.0,17.9,B
2021-06-16T13:11:38,500.0,17.9,B
2021-06-16T13:11:37,5000.0,17.9,B
2021-06-16T13:11:33,2100.0,17.9,B
2021-06-16T13:11:31,1100.0,17.9,B
2021-06-16T13:11:28,3900.0,17.9,B
2021-06-16T13:11:24,2600.0,17.9,B
2021-06-16T13:11:22,1000.0,17.9,B
2021-06-16T13:11:22,5000.0,17.9,B
2021-06-16T13:11:17,2500.0,17.9,B
2021-06-16T13:11:16,1000.0,17.9,B
2021-06-16T13:11:12,50000.0,17.9,B
2021-06-16T13:11:09,1000.0,17.9,B
2021-06-16T13:11:08,1500.0,17.9,B
2021-06-16T13:11:04,25000.0,17.85,S
2021-06-16T13:11:04,5100.0,17.9,B
2021-06-16T13:11:00,600.0,17.9,B
2021-06-16T13:11:00,1000.0,17.9,B
2021-06-16T13:10:59,10000.0,17.9,B
2021-06-16T13:10:58,200.0,17.9,B
2021-06-16T13:10:55,100.0,17.9,B
2021-06-16T13:10:55,300.0,17.9,B
2021-06-16T13:10:53,800.0,17.9,B
2021-06-16T13:10:48,5000.0,17.9,B
2021-06-16T13:10:45,1500.0,17.9,B
2021-06-16T13:10:44,300.0,17.9,B
2021-06-16T13:10:39,5500.0,17.9,B
2021-06-16T13:10:39,4500.0,17.9,B
2021-06-16T13:10:37,3000.0,17.9,B
2021-06-16T13:10:37,5000.0,17.9,B
2021-06-16T13:10:33,2000.0,17.9,B
2021-06-16T13:10:31,1000.0,17.9,B
2021-06-16T13:10:24,500.0,17.9,B
2021-06-16T13:10:21,300.0,17.9,B
2021-06-16T13:10:20,1200.0,17.9,B
2021-06-16T13:10:09,10000.0,17.9,B
2021-06-16T13:10:05,200.0,17.9,B
2021-06-16T13:10:01,800.0,17.9,B
2021-06-16T13:10:00,1500.0,17.9,B
2021-06-16T13:09:58,2000.0,17.9,B
2021-06-16T13:09:54,3500.0,17.9,B
2021-06-16T13:09:49,1000.0,17.9,B
2021-06-16T13:09:45,200.0,17.9,B
2021-06-16T13:09:39,14200.0,17.9,B
2021-06-16T13:09:39,1000.0,17.9,B
2021-06-16T13:09:39,4100.0,17.9,B
2021-06-16T13:09:39,1000.0,17.9,B
2021-06-16T13:09:39,6500.0,17.9,B
2021-06-16T13:09:39,3200.0,17.9,B
2021-06-16T13:09:34,2400.0,17.9,B
2021-06-16T13:09:34,500.0,17.9,B
2021-06-16T13:09:34,600.0,17.9,B
2021-06-16T13:09:30,2500.0,17.9,B
2021-06-16T13:09:28,10000.0,17.9,B
2021-06-16T13:09:18,1900.0,17.9,B
2021-06-16T13:09:15,3000.0,17.85,S
2021-06-16T13:09:14,600.0,17.9,B
2021-06-16T13:09:12,1000.0,17.9,B
2021-06-16T13:09:10,4000.0,17.9,B
2021-06-16T13:09:07,2200.0,17.9,B
2021-06-16T13:09:07,200.0,17.9,B
2021-06-16T13:09:04,1500.0,17.9,B
2021-06-16T13:09:02,2400.0,17.9,B
2021-06-16T13:08:51,1500.0,17.9,B
2021-06-16T13:08:50,25000.0,17.85,S
2021-06-16T13:08:46,100.0,17.85,B
2021-06-16T13:08:46,2400.0,17.85,B
2021-06-16T13:08:46,1700.0,17.85,B
2021-06-16T13:08:46,24300.0,17.85,B
2021-06-16T13:08:40,500.0,17.85,B
2021-06-16T13:08:31,2500.0,17.85,B
2021-06-16T13:08:29,200.0,17.8,S
2021-06-16T13:08:27,1100.0,17.85,B
2021-06-16T13:08:23,200.0,17.85,B
2021-06-16T13:08:19,6500.0,17.85,B
2021-06-16T13:08:14,1500.0,17.85,B
2021-06-16T13:08:11,100.0,17.85,B
2021-06-16T13:08:06,4600.0,17.85,B
2021-06-16T13:08:04,1000.0,17.85,B
2021-06-16T13:08:00,800.0,17.85,B
2021-06-16T13:07:55,1000.0,17.85,B
2021-06-16T13:07:51,3200.0,17.85,B
2021-06-16T13:07:47,1700.0,17.8,S
2021-06-16T13:07:44,1000.0,17.85,B
2021-06-16T13:07:42,400.0,17.85,B
2021-06-16T13:07:42,2600.0,17.85,B
2021-06-16T13:07:37,500.0,17.85,B
2021-06-16T13:07:29,1000.0,17.85,B
2021-06-16T13:07:23,200.0,17.85,B
2021-06-16T13:07:20,1000.0,17.85,B
2021-06-16T13:07:18,6300.0,17.8,S
2021-06-16T13:07:17,100.0,17.85,B
2021-06-16T13:07:17,800.0,17.85,B
2021-06-16T13:07:15,1000.0,17.8,S
2021-06-16T13:07:14,11500.0,17.85,B
2021-06-16T13:07:13,1000.0,17.85,B
2021-06-16T13:07:11,3500.0,17.85,B
2021-06-16T13:07:07,2000.0,17.85,B
2021-06-16T13:07:03,10000.0,17.85,B
2021-06-16T13:06:54,100.0,17.85,B
2021-06-16T13:06:49,1900.0,17.85,B
2021-06-16T13:06:45,2200.0,17.85,B
2021-06-16T13:06:42,1500.0,17.85,B
2021-06-16T13:06:38,100.0,17.85,B
2021-06-16T13:06:33,800.0,17.85,B
2021-06-16T13:06:31,1200.0,17.85,B
2021-06-16T13:06:27,3000.0,17.85,B
2021-06-16T13:06:27,1300.0,17.85,B
2021-06-16T13:06:22,300.0,17.85,B
2021-06-16T13:06:14,1500.0,17.85,B
2021-06-16T13:06:10,1500.0,17.85,B
2021-06-16T13:06:09,10000.0,17.85,B
2021-06-16T13:06:05,1000.0,17.8,S
2021-06-16T13:06:05,1900.0,17.85,B
2021-06-16T13:05:55,2600.0,17.8,B
2021-06-16T13:05:54,3800.0,17.8,B
2021-06-16T13:05:53,1000.0,17.8,B
2021-06-16T13:05:51,900.0,17.8,B
2021-06-16T13:05:47,600.0,17.8,B
2021-06-16T13:05:46,2000.0,17.8,B
2021-06-16T13:05:45,8700.0,17.8,B
2021-06-16T13:05:41,1000.0,17.8,B
2021-06-16T13:05:38,3000.0,17.8,B
2021-06-16T13:05:35,1000.0,17.8,B
2021-06-16T13:05:34,1800.0,17.8,B
2021-06-16T13:05:34,17100.0,17.8,B
2021-06-16T13:05:32,200.0,17.8,B
2021-06-16T13:05:28,100.0,17.8,B
2021-06-16T13:05:28,900.0,17.8,B
2021-06-16T13:05:24,1600.0,17.8,B
2021-06-16T13:05:24,5000.0,17.8,B
2021-06-16T13:05:21,1500.0,17.8,B
2021-06-16T13:05:17,600.0,17.8,B
2021-06-16T13:05:16,900.0,17.8,B
2021-06-16T13:05:15,2500.0,17.8,B
2021-06-16T13:05:11,1900.0,17.8,B
2021-06-16T13:05:08,900.0,17.8,B
2021-06-16T13:05:04,2200.0,17.8,B
2021-06-16T13:04:58,27000.0,17.8,B
2021-06-16T13:04:58,1000.0,17.8,B
2021-06-16T13:04:55,300.0,17.8,B
2021-06-16T13:04:52,100.0,17.8,B
2021-06-16T13:04:52,500.0,17.8,B
2021-06-16T13:04:50,3000.0,17.8,B
2021-06-16T13:04:46,2400.0,17.8,B
2021-06-16T13:04:46,500.0,17.8,B
2021-06-16T13:04:31,200.0,17.8,B
2021-06-16T13:04:25,1000.0,17.8,B
2021-06-16T13:04:25,3500.0,17.8,B
2021-06-16T13:04:20,1200.0,17.8,B
2021-06-16T13:04:16,800.0,17.8,B
2021-06-16T13:04:12,2500.0,17.8,B
2021-06-16T13:04:11,1000.0,17.8,B
2021-06-16T13:04:07,1900.0,17.8,B
2021-06-16T13:04:01,1000.0,17.8,B
2021-06-16T13:03:56,3200.0,17.8,B
2021-06-16T13:03:50,20000.0,17.8,B
2021-06-16T13:03:39,100.0,17.8,B
2021-06-16T13:03:38,2000.0,17.8,B
2021-06-16T13:03:32,1000.0,17.8,B
2021-06-16T13:03:32,100.0,17.8,B
2021-06-16T13:03:31,18000.0,17.75,S
2021-06-16T13:03:31,12000.0,17.75,S
2021-06-16T13:03:26,5000.0,17.8,B
2021-06-16T13:03:20,1900.0,17.8,B
2021-06-16T13:03:16,2000.0,17.8,B
2021-06-16T13:02:56,1000.0,17.75,S
2021-06-16T13:02:32,4900.0,17.8,B
2021-06-16T13:02:10,2900.0,17.8,B
2021-06-16T13:02:10,800.0,17.8,B
2021-06-16T13:01:52,200.0,17.8,B
2021-06-16T13:01:50,300.0,17.8,B
2021-06-16T13:01:32,200.0,17.8,B
2021-06-16T13:01:32,1000.0,17.8,B
2021-06-16T13:01:06,500.0,17.8,B
2021-06-16T13:01:03,200.0,17.8,B
2021-06-16T13:01:02,300.0,17.8,B
2021-06-16T13:01:02,100.0,17.8,B
2021-06-16T13:00:55,700.0,17.8,B
2021-06-16T13:00:54,500.0,17.8,B
2021-06-16T13:00:42,100.0,17.8,B
2021-06-16T13:00:38,100.0,17.8,S
2021-06-16T13:00:38,100.0,17.8,S
2021-06-16T13:00:37,200.0,17.75,S
2021-06-16T13:00:36,1800.0,17.8,S
2021-06-16T13:00:36,20000.0,17.75,S
2021-06-16T13:00:36,100.0,17.8,S
2021-06-16T13:00:33,18800.0,17.75,S
2021-06-16T13:00:33,1000.0,17.75,S
2021-06-16T13:00:33,200.0,17.75,S
2021-06-16T13:00:33,2000.0,17.8,S
2021-06-16T13:00:33,1000.0,17.8,S
2021-06-16T13:00:33,200.0,17.8,S
2021-06-16T13:00:33,700.0,17.8,S
2021-06-16T13:00:32,600.0,17.8,S
2021-06-16T13:00:32,5000.0,17.8,S
2021-06-16T13:00:31,2000.0,17.8,S
2021-06-16T13:00:31,100.0,17.8,S
2021-06-16T13:00:31,300.0,17.8,S
2021-06-16T13:00:31,100.0,17.8,S
2021-06-16T13:00:31,17300.0,17.8,S
2021-06-16T13:00:29,400.0,17.85,B
2021-06-16T13:00:27,200.0,17.8,S
2021-06-16T13:00:27,20000.0,17.8,S
2021-06-16T13:00:27,100.0,17.85,B
2021-06-16T13:00:27,40000.0,17.8,S
2021-06-16T13:00:27,500.0,17.8,S
2021-06-16T13:00:27,20000.0,17.8,S
2021-06-16T13:00:27,2000.0,17.8,S
2021-06-16T11:30:19,600.0,17.8,S
2021-06-16T11:30:19,500.0,17.8,S
2021-06-16T11:30:14,20000.0,17.8,S
2021-06-16T11:30:02,5000.0,17.8,S
2021-06-16T11:29:57,42500.0,17.8,S
2021-06-16T11:29:57,37500.0,17.8,S
2021-06-16T11:29:36,2000.0,17.8,S
2021-06-16T11:29:25,10000.0,17.8,S
2021-06-16T11:29:23,1000.0,17.8,S
2021-06-16T11:29:23,10000.0,17.8,S
2021-06-16T11:28:59,52900.0,17.8,S
2021-06-16T11:28:59,5600.0,17.8,S
2021-06-16T11:28:59,3000.0,17.8,S
2021-06-16T11:28:59,38500.0,17.8,S
2021-06-16T11:28:23,200.0,17.85,B
2021-06-16T11:27:13,5000.0,17.85,B
2021-06-16T11:26:19,5000.0,17.85,B
2021-06-16T11:26:11,1000.0,17.85,B
2021-06-16T11:26:05,200.0,17.85,B
2021-06-16T11:25:49,800.0,17.85,S
2021-06-16T11:25:49,24800.0,17.85,S
2021-06-16T11:25:47,1000.0,17.85,S
2021-06-16T11:25:44,5000.0,17.85,S
2021-06-16T11:25:42,4000.0,17.85,S
2021-06-16T11:25:33,5000.0,17.85,S
2021-06-16T11:25:30,4000.0,17.85,S
2021-06-16T11:25:27,10000.0,17.85,S
2021-06-16T11:25:23,20000.0,17.85,S
2021-06-16T11:25:23,30000.0,17.85,S
2021-06-16T11:25:09,12800.0,17.85,S
2021-06-16T11:25:04,100.0,17.9,B
2021-06-16T11:24:55,25600.0,17.85,S
2021-06-16T11:24:40,3000.0,17.9,B
2021-06-16T11:24:33,7900.0,17.85,S
2021-06-16T11:24:33,6800.0,17.85,S
2021-06-16T11:24:33,400.0,17.85,S
2021-06-16T11:24:33,19900.0,17.85,S
2021-06-16T11:24:16,1100.0,17.9,B
2021-06-16T11:23:56,20000.0,17.85,S
2021-06-16T11:23:51,200.0,17.9,B
2021-06-16T11:23:42,100.0,17.9,B
2021-06-16T11:23:11,10000.0,17.9,B
2021-06-16T11:23:00,10000.0,17.85,S
2021-06-16T11:22:58,100.0,17.85,S
2021-06-16T11:22:47,2500.0,17.9,B
2021-06-16T11:22:34,100.0,17.9,B
2021-06-16T11:21:15,200.0,17.85,S
2021-06-16T11:21:03,600.0,17.85,S
2021-06-16T11:20:19,3100.0,17.85,S
2021-06-16T11:20:19,1900.0,17.85,S
2021-06-16T11:20:09,1100.0,17.9,B
2021-06-16T11:20:05,200.0,17.9,B
2021-06-16T11:20:03,800.0,17.9,B
2021-06-16T11:20:02,1000.0,17.9,B
2021-06-16T11:19:48,500.0,17.9,B
2021-06-16T11:19:43,500.0,17.9,B
2021-06-16T11:19:25,600.0,17.85,S
2021-06-16T11:18:59,500.0,17.9,B
2021-06-16T11:17:26,800.0,17.9,B
2021-06-16T11:17:12,100.0,17.85,S
2021-06-16T11:16:49,800.0,17.85,S
2021-06-16T11:16:49,4200.0,17.85,S
2021-06-16T11:16:18,500.0,17.9,B
2021-06-16T11:14:37,200.0,17.9,B
2021-06-16T11:14:28,400.0,17.85,S
2021-06-16T11:14:23,1000.0,17.9,B
2021-06-16T11:14:03,500.0,17.85,S
2021-06-16T11:13:57,3000.0,17.85,S
2021-06-16T11:13:56,20000.0,17.9,B
2021-06-16T11:13:54,1100.0,17.9,B
2021-06-16T11:13:47,1500.0,17.85,S
2021-06-16T11:13:35,5000.0,17.9,B
2021-06-16T11:12:48,400.0,17.85,S
2021-06-16T11:12:31,1000.0,17.85,S
2021-06-16T11:11:28,1700.0,17.85,S
2021-06-16T11:11:17,500.0,17.9,B
2021-06-16T11:11:16,500.0,17.85,S
2021-06-16T11:11:00,100.0,17.9,B
2021-06-16T11:10:58,1000.0,17.9,B
2021-06-16T11:10:28,1000.0,17.9,B
2021-06-16T11:10:28,500.0,17.9,B
2021-06-16T11:10:10,3700.0,17.9,B
2021-06-16T11:10:04,500.0,17.9,B
2021-06-16T11:09:47,300.0,17.9,B
2021-06-16T11:09:44,600.0,17.9,B
2021-06-16T11:09:19,300.0,17.9,B
2021-06-16T11:09:14,400.0,17.85,B
2021-06-16T11:09:14,100.0,17.85,B
2021-06-16T11:09:12,1500.0,17.85,B
2021-06-16T11:09:06,100.0,17.85,B
2021-06-16T11:08:45,300.0,17.8,S
2021-06-16T11:08:04,4000.0,17.85,B
2021-06-16T11:07:53,1600.0,17.8,S
2021-06-16T11:07:31,6500.0,17.8,S
2021-06-16T11:07:13,500.0,17.8,S
2021-06-16T11:07:09,500.0,17.85,B
2021-06-16T11:07:05,2000.0,17.8,S
2021-06-16T11:06:33,300.0,17.85,S
2021-06-16T11:06:23,2000.0,17.8,S
2021-06-16T11:06:06,1900.0,17.85,S
2021-06-16T11:06:00,1000.0,17.85,S
2021-06-16T11:05:42,1000.0,17.85,B
2021-06-16T11:05:42,7100.0,17.85,B
2021-06-16T11:05:42,700.0,17.85,B
2021-06-16T11:05:22,500.0,17.85,B
2021-06-16T11:05:10,1000.0,17.85,B
2021-06-16T11:04:34,500.0,17.85,B
2021-06-16T11:04:32,3000.0,17.85,S
2021-06-16T11:04:32,5300.0,17.85,S
2021-06-16T11:04:22,900.0,17.9,B
2021-06-16T11:04:20,1000.0,17.85,S
2021-06-16T11:04:00,2500.0,17.85,S
2021-06-16T11:03:58,1600.0,17.9,B
2021-06-16T11:03:45,1000.0,17.9,B
2021-06-16T11:03:23,5000.0,17.85,S
2021-06-16T11:03:21,1000.0,17.9,B
2021-06-16T11:03:18,500.0,17.9,B
2021-06-16T11:02:29,100.0,17.9,B
2021-06-16T11:02:17,100.0,17.9,B
2021-06-16T11:02:10,1000.0,17.9,B
2021-06-16T11:02:09,1000.0,17.9,B
2021-06-16T11:01:58,2000.0,17.9,B
2021-06-16T11:01:53,300.0,17.9,S
2021-06-16T11:01:41,30000.0,17.9,S
2021-06-16T11:01:37,20000.0,17.9,S
2021-06-16T11:01:35,2000.0,17.9,S
2021-06-16T11:01:20,300.0,17.9,S
2021-06-16T11:01:10,5000.0,17.9,S
2021-06-16T11:01:05,200.0,17.95,B
2021-06-16T11:01:03,23200.0,17.95,B
2021-06-16T11:00:51,7000.0,17.9,S
2021-06-16T11:00:51,122800.0,17.9,S
2021-06-16T11:00:51,700.0,17.9,S
2021-06-16T11:00:51,4000.0,17.9,S
2021-06-16T11:00:51,22100.0,17.9,S
2021-06-16T11:00:51,400.0,17.9,S
2021-06-16T11:00:29,900.0,17.95,B
2021-06-16T11:00:05,1300.0,17.95,B
2021-06-16T10:59:36,1400.0,17.95,B
2021-06-16T10:59:25,500.0,17.9,S
2021-06-16T10:59:20,2000.0,17.9,S
2021-06-16T10:58:32,100.0,17.95,B
2021-06-16T10:58:02,2000.0,17.95,S
2021-06-16T10:58:00,5500.0,17.9,S
2021-06-16T10:57:54,2500.0,17.95,S
2021-06-16T10:57:51,100.0,17.95,S
2021-06-16T10:57:46,1500.0,17.95,S
2021-06-16T10:57:40,1300.0,17.95,S
2021-06-16T10:57:34,2000.0,17.95,S
2021-06-16T10:57:24,1000.0,17.95,S
2021-06-16T10:57:12,200.0,18.0,B
2021-06-16T10:57:12,100.0,17.95,S
2021-06-16T10:57:10,600.0,17.95,S
2021-06-16T10:57:10,4500.0,17.95,S
2021-06-16T10:57:10,2300.0,17.95,S
2021-06-16T10:57:10,2600.0,17.95,S
2021-06-16T10:56:52,100.0,17.95,S
2021-06-16T10:56:33,9000.0,17.95,S
2021-06-16T10:56:27,200.0,17.95,S
2021-06-16T10:56:14,10000.0,17.95,S
2021-06-16T10:55:58,500.0,17.95,S
2021-06-16T10:55:52,300.0,17.95,S
2021-06-16T10:55:52,2000.0,17.95,S
2021-06-16T10:55:50,2000.0,17.95,S
2021-06-16T10:55:35,4000.0,17.95,S
2021-06-16T10:55:09,1500.0,18.0,B
2021-06-16T10:55:08,10000.0,18.0,B
2021-06-16T10:54:55,400.0,17.95,S
2021-06-16T10:54:55,100.0,17.95,S
2021-06-16T10:54:51,100.0,17.95,S
2021-06-16T10:54:48,1300.0,17.95,S
2021-06-16T10:54:14,20000.0,17.95,S
2021-06-16T10:53:39,1000.0,17.95,S
2021-06-16T10:53:38,3000.0,18.0,B
2021-06-16T10:53:31,500.0,17.95,S
2021-06-16T10:53:21,300.0,18.0,B
2021-06-16T10:53:21,10300.0,18.0,B
2021-06-16T10:53:21,10500.0,18.0,B
2021-06-16T10:53:21,1300.0,18.0,B
2021-06-16T10:53:21,30900.0,18.0,B
2021-06-16T10:53:05,10000.0,17.95,S
2021-06-16T10:52:44,100.0,17.95,S
2021-06-16T10:52:24,200.0,17.95,B
2021-06-16T10:52:06,9900.0,17.95,B
2021-06-16T10:52:04,3000.0,17.95,B
2021-06-16T10:52:03,1000.0,17.95,B
2021-06-16T10:52:02,6000.0,17.95,B
2021-06-16T10:51:58,200.0,17.95,B
2021-06-16T10:51:55,1500.0,17.95,B
2021-06-16T10:51:54,400.0,17.95,B
2021-06-16T10:51:46,100.0,17.95,B
2021-06-16T10:51:46,10000.0,17.95,B
2021-06-16T10:51:42,1000.0,17.95,B
2021-06-16T10:51:42,2000.0,17.95,B
2021-06-16T10:51:40,1000.0,17.95,B
2021-06-16T10:51:37,25000.0,17.95,B
2021-06-16T10:51:37,200.0,17.95,B
2021-06-16T10:51:33,2000.0,17.95,B
2021-06-16T10:51:27,10000.0,17.95,B
2021-06-16T10:51:25,4000.0,17.95,B
2021-06-16T10:51:21,100.0,17.95,B
2021-06-16T10:51:15,1000.0,17.95,B
2021-06-16T10:51:14,3000.0,17.95,B
2021-06-16T10:51:14,500.0,17.95,B
2021-06-16T10:51:06,2000.0,17.95,B
2021-06-16T10:51:06,500.0,17.95,B
2021-06-16T10:51:00,3000.0,17.95,B
2021-06-16T10:50:53,3500.0,17.95,B
2021-06-16T10:50:49,1000.0,17.95,B
2021-06-16T10:50:48,3900.0,17.9,S
2021-06-16T10:50:44,100.0,17.95,B
2021-06-16T10:50:34,2000.0,17.95,B
2021-06-16T10:50:27,500.0,17.95,B
2021-06-16T10:50:27,1500.0,17.95,B
2021-06-16T10:50:26,1500.0,17.95,B
2021-06-16T10:50:25,100.0,17.9,S
2021-06-16T10:50:24,10000.0,17.95,B
2021-06-16T10:50:17,30000.0,17.95,B
2021-06-16T10:50:09,100.0,17.95,B
2021-06-16T10:50:08,100.0,17.9,S
2021-06-16T10:50:00,500.0,17.95,B
2021-06-16T10:49:48,300.0,17.95,B
2021-06-16T10:49:44,200.0,17.9,S
2021-06-16T10:49:26,100.0,17.9,S
2021-06-16T10:49:04,1000.0,17.9,S
2021-06-16T10:48:52,500.0,17.9,S
2021-06-16T10:48:46,1000.0,17.9,S
2021-06-16T10:48:42,2000.0,17.9,S
2021-06-16T10:48:34,1000.0,17.9,S
2021-06-16T10:48:33,500.0,17.9,S
2021-06-16T10:48:29,1000.0,17.95,B
2021-06-16T10:48:11,2700.0,17.9,B
2021-06-16T10:48:10,100.0,17.9,B
2021-06-16T10:48:09,700.0,17.9,B
2021-06-16T10:48:01,9000.0,17.9,B
2021-06-16T10:48:00,300.0,17.9,B
2021-06-16T10:47:45,500.0,17.9,B
2021-06-16T10:47:32,100.0,17.9,B
2021-06-16T10:47:25,1000.0,17.85,S
2021-06-16T10:47:24,200.0,17.9,B
2021-06-16T10:47:11,5800.0,17.9,B
2021-06-16T10:46:59,3000.0,17.9,B
2021-06-16T10:46:54,1900.0,17.85,S
2021-06-16T10:46:52,100.0,17.9,B
2021-06-16T10:46:52,2600.0,17.9,B
2021-06-16T10:46:46,1300.0,17.9,B
2021-06-16T10:46:42,500.0,17.9,B
2021-06-16T10:46:32,1000.0,17.9,B
2021-06-16T10:46:31,100.0,17.9,B
2021-06-16T10:46:23,100.0,17.9,B
2021-06-16T10:46:22,2000.0,17.9,B
2021-06-16T10:46:11,400.0,17.9,B
2021-06-16T10:46:10,500.0,17.9,B
2021-06-16T10:46:03,1500.0,17.9,B
2021-06-16T10:46:00,100.0,17.9,B
2021-06-16T10:45:46,600.0,17.9,B
2021-06-16T10:45:45,2000.0,17.9,B
2021-06-16T10:45:45,5100.0,17.9,B
2021-06-16T10:45:44,100.0,17.8,S
2021-06-16T10:45:25,100.0,17.9,B
2021-06-16T10:45:23,300.0,17.8,S
2021-06-16T10:45:18,600.0,17.8,B
2021-06-16T10:44:58,200.0,17.75,B
2021-06-16T10:44:52,100.0,17.75,B
2021-06-16T10:44:35,2000.0,17.7,B
2021-06-16T10:44:22,200.0,17.65,B
2021-06-16T10:44:17,2000.0,17.9,B
2021-06-16T10:44:12,100.0,17.7,B
2021-06-16T10:44:06,200.0,17.65,B
2021-06-16T10:44:00,2000.0,17.65,B
2021-06-16T10:44:00,1000.0,17.65,B
2021-06-16T10:43:55,100.0,17.65,B
2021-06-16T10:43:49,1300.0,17.65,B
2021-06-16T10:43:43,7900.0,17.9,B
2021-06-16T10:43:43,22100.0,17.9,B
2021-06-16T10:43:33,3200.0,17.6,S
2021-06-16T10:43:29,2000.0,17.6,S
2021-06-16T10:43:28,11000.0,17.9,B
2021-06-16T10:43:28,1500.0,17.9,B
2021-06-16T10:43:28,12000.0,17.85,B
2021-06-16T10:43:28,1100.0,17.85,B
2021-06-16T10:43:28,3500.0,17.85,B
2021-06-16T10:43:28,5600.0,17.85,B
2021-06-16T10:43:28,10200.0,17.85,B
2021-06-16T10:43:28,5800.0,17.85,B
2021-06-16T10:43:27,500.0,17.85,B
2021-06-16T10:43:27,2900.0,17.85,B
2021-06-16T10:43:27,7100.0,17.85,B
2021-06-16T10:43:27,300.0,17.8,B
2021-06-16T10:43:27,8100.0,17.8,B
2021-06-16T10:43:27,30300.0,17.8,B
2021-06-16T10:43:27,14000.0,17.8,B
2021-06-16T10:43:27,500.0,17.8,B
2021-06-16T10:43:27,6800.0,17.8,B
2021-06-16T10:43:27,1300.0,17.8,B
2021-06-16T10:43:27,77500.0,17.8,B
2021-06-16T10:43:18,1100.0,17.75,B
2021-06-16T10:43:18,2200.0,17.75,B
2021-06-16T10:43:18,1400.0,17.75,B
2021-06-16T10:43:18,2000.0,17.75,B
2021-06-16T10:43:17,8100.0,17.75,B
2021-06-16T10:43:17,1200.0,17.7,B
2021-06-16T10:43:17,100.0,17.7,B
2021-06-16T10:43:17,26500.0,17.7,B
2021-06-16T10:43:17,3300.0,17.7,B
2021-06-16T10:43:17,2600.0,17.7,B
2021-06-16T10:43:17,1100.0,17.7,B
2021-06-16T10:43:17,11000.0,17.7,B
2021-06-16T10:43:17,17300.0,17.7,B
2021-06-16T10:43:17,22100.0,17.65,B
2021-06-16T10:43:12,1100.0,17.7,B
2021-06-16T10:43:12,6900.0,17.65,B
2021-06-16T10:43:04,400.0,17.65,S
2021-06-16T10:43:00,1000.0,17.65,S
2021-06-16T10:42:47,600.0,17.65,S
2021-06-16T10:42:47,100.0,17.65,S
2021-06-16T10:42:41,1900.0,17.65,S
2021-06-16T10:42:34,400.0,17.65,S
2021-06-16T10:42:32,1000.0,17.65,S
2021-06-16T10:42:30,3800.0,17.65,S
2021-06-16T10:42:27,500.0,17.7,S
2021-06-16T10:42:00,100.0,17.7,S
2021-06-16T10:41:58,400.0,17.7,S
2021-06-16T10:41:57,3300.0,17.7,S
2021-06-16T10:41:49,100.0,17.65,S
2021-06-16T10:41:44,200.0,17.7,S
2021-06-16T10:41:38,100.0,17.7,S
2021-06-16T10:41:22,1000.0,17.7,S
2021-06-16T10:41:17,1000.0,17.7,S
2021-06-16T10:41:09,1000.0,17.7,S
2021-06-16T10:41:07,200.0,17.7,S
2021-06-16T10:41:07,1200.0,17.7,S
2021-06-16T10:41:07,6000.0,17.7,S
2021-06-16T10:41:07,400.0,17.7,S
2021-06-16T10:41:07,2000.0,17.7,S
2021-06-16T10:41:07,6900.0,17.7,S
2021-06-16T10:41:07,10300.0,17.7,S
2021-06-16T10:41:06,1000.0,17.7,S
2021-06-16T10:40:49,1000.0,17.75,B
2021-06-16T10:40:41,200.0,17.75,B
2021-06-16T10:40:39,100.0,17.75,S
2021-06-16T10:40:33,1700.0,17.7,S
2021-06-16T10:40:28,2000.0,17.75,S
2021-06-16T10:40:23,2000.0,17.75,S
2021-06-16T10:40:22,3000.0,17.7,S
2021-06-16T10:40:19,200.0,17.75,S
2021-06-16T10:40:19,2000.0,17.7,S
2021-06-16T10:40:17,7000.0,17.7,S
2021-06-16T10:40:15,300.0,17.75,S
2021-06-16T10:40:15,600.0,17.7,S
2021-06-16T10:40:06,100.0,17.75,S
2021-06-16T10:40:06,1400.0,17.75,S
2021-06-16T10:39:57,2000.0,17.8,B
2021-06-16T10:39:57,500.0,17.75,S
2021-06-16T10:39:45,1000.0,17.75,S
2021-06-16T10:39:34,1200.0,17.75,S
2021-06-16T10:39:34,100.0,17.75,S
2021-06-16T10:39:34,2700.0,17.75,S
2021-06-16T10:39:27,1000.0,17.75,S
2021-06-16T10:39:27,1500.0,17.8,B
2021-06-16T10:39:24,500.0,17.75,S
2021-06-16T10:39:18,1000.0,17.75,S
2021-06-16T10:39:17,200.0,17.8,S
2021-06-16T10:39:00,1000.0,17.8,S
2021-06-16T10:38:51,100.0,17.75,S
2021-06-16T10:38:46,5000.0,17.75,S
2021-06-16T10:38:41,1000.0,17.8,S
2021-06-16T10:38:35,1000.0,17.8,S
2021-06-16T10:38:26,1500.0,17.8,S
2021-06-16T10:38:25,100.0,17.8,S
2021-06-16T10:38:25,16900.0,17.8,S
2021-06-16T10:38:21,20000.0,17.8,S
2021-06-16T10:38:19,500.0,17.8,S
2021-06-16T10:38:19,6000.0,17.8,S
2021-06-16T10:38:19,5300.0,17.85,B
2021-06-16T10:38:19,900.0,17.85,B
2021-06-16T10:38:09,3000.0,17.8,S
2021-06-16T10:38:03,100.0,17.8,S
2021-06-16T10:37:59,100.0,17.85,B
2021-06-16T10:37:55,10000.0,17.8,S
2021-06-16T10:37:54,1200.0,17.8,S
2021-06-16T10:37:49,10000.0,17.8,S
2021-06-16T10:37:46,100.0,17.85,B
2021-06-16T10:37:44,10000.0,17.8,S
2021-06-16T10:37:42,100.0,17.8,S
2021-06-16T10:37:42,1400.0,17.8,S
2021-06-16T10:37:42,3700.0,17.8,S
2021-06-16T10:37:42,700.0,17.8,S
2021-06-16T10:37:41,8100.0,17.8,S
2021-06-16T10:37:38,5000.0,17.8,S
2021-06-16T10:37:31,3800.0,17.8,S
2021-06-16T10:37:29,4600.0,17.8,S
2021-06-16T10:37:27,1400.0,17.85,B
2021-06-16T10:37:27,1600.0,17.85,B
2021-06-16T10:37:21,500.0,17.8,S
2021-06-16T10:37:01,1000.0,17.85,S
2021-06-16T10:36:45,7900.0,17.85,S
2021-06-16T10:36:44,2000.0,17.85,S
2021-06-16T10:36:42,100.0,17.9,B
2021-06-16T10:36:40,3000.0,17.85,S
2021-06-16T10:36:37,1000.0,17.85,S
2021-06-16T10:36:36,6000.0,17.85,S
2021-06-16T10:36:35,100.0,17.85,S
2021-06-16T10:36:30,200.0,17.85,S
2021-06-16T10:36:30,200.0,17.85,S
2021-06-16T10:36:29,500.0,17.85,S
2021-06-16T10:36:26,200.0,17.8,S
2021-06-16T10:36:26,100.0,17.8,S
2021-06-16T10:36:26,21600.0,17.8,S
2021-06-16T10:36:24,100.0,17.85,S
2021-06-16T10:36:22,1400.0,17.85,S
2021-06-16T10:36:21,100.0,17.85,S
2021-06-16T10:36:19,800.0,17.85,S
2021-06-16T10:36:15,1100.0,17.85,S
2021-06-16T10:36:13,10000.0,17.85,S
2021-06-16T10:36:13,1000.0,17.85,S
2021-06-16T10:36:13,200.0,17.85,S
2021-06-16T10:36:13,200.0,17.85,S
2021-06-16T10:36:11,300.0,17.85,S
2021-06-16T10:36:09,500.0,17.9,B
2021-06-16T10:35:58,100.0,17.85,S
2021-06-16T10:35:57,200.0,17.85,S
2021-06-16T10:35:42,500.0,17.85,S
2021-06-16T10:35:40,400.0,17.9,S
2021-06-16T10:35:38,200.0,17.85,S
2021-06-16T10:35:33,5000.0,17.85,S
2021-06-16T10:35:28,20000.0,17.9,S
2021-06-16T10:35:21,1000.0,17.85,S
2021-06-16T10:35:15,11400.0,17.9,S
2021-06-16T10:35:11,1500.0,17.9,S
2021-06-16T10:35:11,3000.0,17.9,S
2021-06-16T10:35:10,1000.0,17.9,S
2021-06-16T10:35:10,3300.0,17.9,S
2021-06-16T10:35:10,300.0,17.9,S
2021-06-16T10:35:10,10300.0,17.9,S
2021-06-16T10:35:10,400.0,17.9,S
2021-06-16T10:35:10,1200.0,17.9,S
2021-06-16T10:35:10,4500.0,17.9,S
2021-06-16T10:35:00,1000.0,17.9,S
2021-06-16T10:35:00,500.0,17.9,S
2021-06-16T10:34:58,200.0,17.9,S
2021-06-16T10:34:52,100.0,17.9,S
2021-06-16T10:34:51,1000.0,17.9,S
2021-06-16T10:34:50,5500.0,17.9,S
2021-06-16T10:34:50,1500.0,17.9,S
2021-06-16T10:34:49,7300.0,17.9,S
2021-06-16T10:34:49,800.0,17.9,S
2021-06-16T10:34:49,500.0,17.9,S
2021-06-16T10:34:49,400.0,17.9,S
2021-06-16T10:34:49,100.0,17.9,S
2021-06-16T10:34:45,3000.0,17.9,S
2021-06-16T10:34:43,6500.0,17.9,S
2021-06-16T10:34:43,3500.0,17.9,S
2021-06-16T10:34:41,1800.0,17.9,S
2021-06-16T10:34:41,200.0,17.9,S
2021-06-16T10:34:36,500.0,17.9,S
2021-06-16T10:34:32,100.0,17.9,S
2021-06-16T10:34:23,5000.0,17.9,S
2021-06-16T10:34:18,500.0,17.9,S
2021-06-16T10:34:16,1000.0,17.9,S
2021-06-16T10:34:13,500.0,17.9,S
2021-06-16T10:34:01,1100.0,17.9,S
2021-06-16T10:33:57,2600.0,17.9,S
2021-06-16T10:33:57,800.0,17.9,S
2021-06-16T10:33:57,1000.0,17.9,S
2021-06-16T10:33:56,600.0,17.9,S
2021-06-16T10:33:48,7600.0,17.9,S
2021-06-16T10:33:41,5000.0,17.9,S
2021-06-16T10:33:37,1000.0,17.9,S
2021-06-16T10:33:37,16100.0,17.95,S
2021-06-16T10:33:34,800.0,17.9,S
2021-06-16T10:33:33,500.0,17.95,S
2021-06-16T10:33:32,200.0,17.95,S
2021-06-16T10:33:15,1200.0,17.95,S
2021-06-16T10:33:11,100.0,17.9,S
2021-06-16T10:33:07,5400.0,17.95,S
2021-06-16T10:33:07,1000.0,17.95,S
2021-06-16T10:33:06,3600.0,17.95,S
2021-06-16T10:32:48,2000.0,17.95,S
2021-06-16T10:32:40,100.0,17.95,S
2021-06-16T10:32:17,4300.0,17.95,S
2021-06-16T10:32:13,700.0,17.95,S
2021-06-16T10:32:13,300.0,17.95,S
2021-06-16T10:32:13,3000.0,17.95,S
2021-06-16T10:32:03,200.0,17.95,S
2021-06-16T10:32:01,100.0,17.95,S
2021-06-16T10:31:57,100.0,18.0,B
2021-06-16T10:31:47,2000.0,17.95,S
2021-06-16T10:31:47,3100.0,18.0,B
2021-06-16T10:31:46,2000.0,17.95,S
2021-06-16T10:31:40,900.0,17.95,S
2021-06-16T10:31:34,500.0,18.0,B
2021-06-16T10:31:29,600.0,17.95,S
2021-06-16T10:31:29,100.0,17.95,S
2021-06-16T10:31:29,2400.0,17.95,S
2021-06-16T10:31:29,400.0,17.95,S
2021-06-16T10:31:29,6500.0,17.95,S
2021-06-16T10:31:27,4800.0,17.95,S
2021-06-16T10:31:24,200.0,17.95,S
2021-06-16T10:31:23,500.0,17.95,S
2021-06-16T10:31:22,1000.0,17.95,S
2021-06-16T10:31:19,100.0,17.95,S
2021-06-16T10:31:09,1000.0,18.0,B
2021-06-16T10:31:05,400.0,18.0,B
2021-06-16T10:31:05,1600.0,18.0,B
2021-06-16T10:31:05,32000.0,17.95,S
2021-06-16T10:31:02,500.0,17.95,S
2021-06-16T10:30:56,1000.0,18.0,B
2021-06-16T10:30:52,100.0,18.0,B
2021-06-16T10:30:36,5000.0,17.95,S
2021-06-16T10:30:33,300.0,18.0,B
2021-06-16T10:30:33,3000.0,17.95,S
2021-06-16T10:30:26,2900.0,18.0,B
2021-06-16T10:30:20,300.0,18.0,B
2021-06-16T10:30:17,1100.0,18.0,B
2021-06-16T10:30:11,500.0,17.95,S
2021-06-16T10:30:04,200.0,18.0,B
2021-06-16T10:30:04,300.0,18.0,B
2021-06-16T10:30:02,5000.0,18.0,S
2021-06-16T10:29:50,1000.0,18.0,S
2021-06-16T10:29:44,500.0,17.95,S
2021-06-16T10:29:42,1000.0,17.95,S
2021-06-16T10:29:37,2000.0,18.0,S
2021-06-16T10:29:24,1000.0,17.95,S
2021-06-16T10:29:20,200.0,18.0,S
2021-06-16T10:29:18,500.0,17.95,S
2021-06-16T10:29:14,100.0,18.0,S
2021-06-16T10:29:07,100.0,17.95,S
2021-06-16T10:29:00,1300.0,18.0,S
2021-06-16T10:28:52,100.0,18.0,S
2021-06-16T10:28:52,1800.0,18.0,S
2021-06-16T10:28:52,1000.0,18.0,S
2021-06-16T10:28:49,100.0,18.0,S
2021-06-16T10:28:48,300.0,18.0,S
2021-06-16T10:28:39,100.0,17.95,S
2021-06-16T10:28:34,5000.0,17.95,S
2021-06-16T10:28:34,8500.0,18.0,S
2021-06-16T10:28:30,400.0,18.0,S
2021-06-16T10:28:29,200.0,18.0,S
2021-06-16T10:28:24,1100.0,18.0,S
2021-06-16T10:28:23,700.0,17.95,S
2021-06-16T10:28:22,1000.0,18.0,S
2021-06-16T10:28:21,5000.0,17.95,S
2021-06-16T10:28:19,2600.0,17.95,S
2021-06-16T10:28:17,1000.0,17.95,S
2021-06-16T10:28:14,100.0,17.95,S
2021-06-16T10:27:53,1000.0,18.0,S
2021-06-16T10:27:47,100.0,18.0,S
2021-06-16T10:27:42,500.0,17.95,S
2021-06-16T10:27:31,200.0,17.95,S
2021-06-16T10:27:30,200.0,17.95,S
2021-06-16T10:27:18,20000.0,17.95,S
2021-06-16T10:27:02,900.0,18.0,S
2021-06-16T10:27:00,2000.0,17.95,S
2021-06-16T10:26:57,1100.0,18.0,S
2021-06-16T10:26:56,200.0,17.95,S
2021-06-16T10:26:54,400.0,18.0,S
2021-06-16T10:26:53,500.0,17.95,S
2021-06-16T10:26:52,1000.0,18.0,S
2021-06-16T10:26:48,1900.0,18.0,S
2021-06-16T10:26:29,9000.0,17.95,S
2021-06-16T10:26:28,100.0,18.0,S
2021-06-16T10:26:24,500.0,17.95,S
2021-06-16T10:26:23,1000.0,18.0,S
2021-06-16T10:26:11,300.0,18.0,S
2021-06-16T10:26:09,300.0,18.0,S
2021-06-16T10:26:01,2600.0,18.0,S
2021-06-16T10:26:00,200.0,18.0,S
2021-06-16T10:25:59,500.0,17.95,S
2021-06-16T10:25:57,300.0,18.0,S
2021-06-16T10:25:55,800.0,18.0,S
2021-06-16T10:25:51,2100.0,18.0,S
2021-06-16T10:25:50,400.0,18.0,S
2021-06-16T10:25:38,1500.0,18.0,S
2021-06-16T10:25:33,700.0,17.95,S
2021-06-16T10:25:33,1100.0,18.0,S
2021-06-16T10:25:31,200.0,18.0,S
2021-06-16T10:25:28,300.0,18.0,S
2021-06-16T10:25:27,800.0,18.0,S
2021-06-16T10:25:24,1100.0,18.0,S
2021-06-16T10:25:23,300.0,17.95,S
2021-06-16T10:25:19,1000.0,17.95,S
2021-06-16T10:25:17,3500.0,18.0,S
2021-06-16T10:25:16,2000.0,18.0,S
2021-06-16T10:25:15,500.0,17.95,S
2021-06-16T10:25:12,10000.0,17.95,S
2021-06-16T10:25:08,1000.0,17.95,S
2021-06-16T10:24:57,500.0,17.95,S
2021-06-16T10:24:57,1000.0,18.0,S
2021-06-16T10:24:52,200.0,18.0,S
2021-06-16T10:24:47,500.0,17.95,S
2021-06-16T10:24:42,3500.0,17.95,S
2021-06-16T10:24:38,45800.0,17.95,S
2021-06-16T10:24:38,2400.0,17.95,S
2021-06-16T10:24:38,1500.0,17.95,S
2021-06-16T10:24:38,20300.0,17.95,S
2021-06-16T10:24:35,5900.0,17.95,S
2021-06-16T10:24:26,3000.0,17.95,S
2021-06-16T10:24:12,1000.0,17.95,S
2021-06-16T10:24:10,3000.0,17.95,S
2021-06-16T10:24:09,1100.0,18.0,S
2021-06-16T10:24:08,5500.0,18.0,S
2021-06-16T10:24:06,200.0,18.0,S
2021-06-16T10:24:05,20500.0,17.95,S
2021-06-16T10:23:47,2000.0,17.95,S
2021-06-16T10:23:43,3000.0,17.95,S
2021-06-16T10:23:34,300.0,17.95,S
2021-06-16T10:23:17,300.0,17.95,S
2021-06-16T10:23:10,800.0,18.0,S
2021-06-16T10:22:52,100.0,18.0,S
2021-06-16T10:22:44,5000.0,17.95,S
2021-06-16T10:22:44,600.0,18.0,S
2021-06-16T10:22:39,4000.0,18.0,S
2021-06-16T10:22:32,500.0,18.0,S
2021-06-16T10:22:24,2000.0,18.0,S
2021-06-16T10:22:15,4500.0,18.0,S
2021-06-16T10:22:14,5000.0,18.0,S
2021-06-16T10:22:13,1000.0,17.95,S
2021-06-16T10:22:10,100.0,18.0,S
2021-06-16T10:22:00,600.0,18.0,S
2021-06-16T10:21:46,200.0,18.0,S
2021-06-16T10:21:40,200.0,18.0,S
2021-06-16T10:21:39,300.0,18.0,S
2021-06-16T10:21:38,12700.0,17.95,S
2021-06-16T10:21:21,100.0,18.0,S
2021-06-16T10:21:17,500.0,17.95,S
2021-06-16T10:21:15,100.0,18.0,S
2021-06-16T10:21:15,1200.0,18.0,S
2021-06-16T10:21:15,6800.0,18.0,S
2021-06-16T10:21:13,10000.0,18.0,S
2021-06-16T10:21:09,1000.0,18.0,S
2021-06-16T10:21:08,700.0,18.0,S
2021-06-16T10:21:08,17300.0,18.0,S
2021-06-16T10:21:08,300.0,18.0,S
2021-06-16T10:21:08,400.0,18.0,S
2021-06-16T10:21:08,10600.0,18.0,S
2021-06-16T10:21:08,1400.0,18.0,S
2021-06-16T10:21:08,2100.0,18.0,S
2021-06-16T10:21:08,3000.0,18.0,S
2021-06-16T10:21:07,50000.0,18.0,S
2021-06-16T10:21:06,40000.0,18.0,S
2021-06-16T10:21:06,5000.0,18.0,S
2021-06-16T10:21:03,30000.0,18.0,S
2021-06-16T10:21:02,500.0,18.0,S
2021-06-16T10:21:00,300.0,18.0,S
2021-06-16T10:21:00,200.0,18.0,S
2021-06-16T10:20:58,3500.0,18.0,S
2021-06-16T10:20:57,2200.0,18.0,S
2021-06-16T10:20:44,10000.0,18.0,S
2021-06-16T10:20:37,500.0,18.0,S
2021-06-16T10:20:32,5000.0,18.0,S
2021-06-16T10:20:31,1200.0,18.05,B
2021-06-16T10:20:28,600.0,18.05,B
2021-06-16T10:20:28,400.0,18.05,B
2021-06-16T10:20:24,100.0,18.0,S
2021-06-16T10:20:22,2500.0,18.0,S
2021-06-16T10:20:21,400.0,18.0,S
2021-06-16T10:20:19,4000.0,18.0,S
2021-06-16T10:20:19,300.0,18.05,B
2021-06-16T10:20:17,1000.0,18.05,B
2021-06-16T10:20:16,500.0,18.05,B
2021-06-16T10:20:11,10000.0,18.0,S
2021-06-16T10:20:10,10000.0,18.0,S
2021-06-16T10:20:07,8000.0,18.0,S
2021-06-16T10:20:00,5000.0,18.0,S
2021-06-16T10:19:37,1000.0,18.0,S
2021-06-16T10:19:30,100.0,18.05,S
2021-06-16T10:19:29,5000.0,18.0,S
2021-06-16T10:19:29,2000.0,18.0,S
2021-06-16T10:19:13,10000.0,18.0,S
2021-06-16T10:19:12,10000.0,18.0,S
2021-06-16T10:19:03,300.0,18.0,S
2021-06-16T10:19:00,15000.0,18.0,S
2021-06-16T10:18:48,2000.0,18.05,S
2021-06-16T10:18:43,3000.0,18.0,S
2021-06-16T10:18:29,500.0,18.05,S
2021-06-16T10:18:27,200.0,18.05,S
2021-06-16T10:18:18,8000.0,18.05,S
2021-06-16T10:18:11,2600.0,18.05,S
2021-06-16T10:18:02,500.0,18.0,S
2021-06-16T10:17:59,200.0,18.0,S
2021-06-16T10:17:54,100.0,18.05,S
2021-06-16T10:17:50,200.0,18.05,S
2021-06-16T10:17:47,20100.0,18.0,S
2021-06-16T10:17:47,2000.0,18.05,S
2021-06-16T10:17:41,1400.0,18.05,S
2021-06-16T10:17:35,1000.0,18.0,S
2021-06-16T10:17:27,400.0,18.05,S
2021-06-16T10:17:27,500.0,18.05,S
2021-06-16T10:17:26,200.0,18.05,S
2021-06-16T10:17:19,3000.0,18.05,S
2021-06-16T10:17:18,600.0,18.1,B
2021-06-16T10:17:18,2100.0,18.1,B
2021-06-16T10:17:11,500.0,18.05,S
2021-06-16T10:17:11,1000.0,18.05,S
2021-06-16T10:17:03,3400.0,18.1,B
2021-06-16T10:17:03,2500.0,18.05,S
2021-06-16T10:16:58,2500.0,18.05,S
2021-06-16T10:16:58,500.0,18.1,B
2021-06-16T10:16:58,700.0,18.05,S
2021-06-16T10:16:56,900.0,18.05,S
2021-06-16T10:16:50,100.0,18.05,S
2021-06-16T10:16:48,1000.0,18.05,S
2021-06-16T10:16:47,1600.0,18.05,S
2021-06-16T10:16:40,500.0,18.0,S
2021-06-16T10:16:39,300.0,18.05,S
2021-06-16T10:16:37,1000.0,18.0,S
2021-06-16T10:16:37,500.0,18.0,S
2021-06-16T10:16:37,500.0,18.05,S
2021-06-16T10:16:35,1000.0,18.05,S
2021-06-16T10:16:33,6300.0,18.05,S
2021-06-16T10:16:27,2500.0,18.05,S
2021-06-16T10:16:22,1400.0,18.05,S
2021-06-16T10:16:20,300.0,18.05,S
2021-06-16T10:16:11,1100.0,18.05,S
2021-06-16T10:16:10,200.0,18.05,S
2021-06-16T10:16:07,500.0,18.05,S
2021-06-16T10:16:05,1600.0,18.05,S
2021-06-16T10:16:05,400.0,18.05,S
2021-06-16T10:16:01,100.0,18.05,S
2021-06-16T10:15:55,200.0,18.1,B
2021-06-16T10:15:53,3000.0,18.1,B
2021-06-16T10:15:51,9300.0,18.1,B
2021-06-16T10:15:50,1000.0,18.1,B
2021-06-16T10:15:50,3000.0,18.1,B
2021-06-16T10:15:50,6700.0,18.1,B
2021-06-16T10:15:48,200.0,18.05,S
2021-06-16T10:15:36,500.0,18.05,S
2021-06-16T10:15:31,2000.0,18.05,S
2021-06-16T10:15:31,400.0,18.05,S
2021-06-16T10:15:24,500.0,18.05,S
2021-06-16T10:15:24,1000.0,18.05,S
2021-06-16T10:15:24,1000.0,18.05,S
2021-06-16T10:15:23,1500.0,18.0,S
2021-06-16T10:15:19,1000.0,18.05,S
2021-06-16T10:15:15,200.0,18.05,S
2021-06-16T10:15:15,100.0,18.05,S
2021-06-16T10:15:10,500.0,18.0,S
2021-06-16T10:15:09,1800.0,18.1,B
2021-06-16T10:15:09,4600.0,18.1,B
2021-06-16T10:15:09,2200.0,18.1,B
2021-06-16T10:15:09,500.0,18.1,B
2021-06-16T10:15:09,1000.0,18.1,B
2021-06-16T10:15:09,5300.0,18.1,B
2021-06-16T10:15:09,2700.0,18.1,B
2021-06-16T10:15:09,1100.0,18.1,B
2021-06-16T10:15:08,11800.0,18.1,B
2021-06-16T10:15:06,800.0,18.05,S
2021-06-16T10:15:05,1200.0,18.05,S
2021-06-16T10:15:05,200.0,18.05,S
2021-06-16T10:15:03,1500.0,18.05,S
2021-06-16T10:14:59,300.0,18.05,S
2021-06-16T10:14:55,1000.0,18.0,S
2021-06-16T10:14:50,200.0,18.05,S
2021-06-16T10:14:50,8100.0,18.05,S
2021-06-16T10:14:49,3000.0,18.05,S
2021-06-16T10:14:41,1000.0,18.1,B
2021-06-16T10:14:34,700.0,18.05,S
2021-06-16T10:14:32,400.0,18.05,S
2021-06-16T10:14:31,300.0,18.1,B
2021-06-16T10:14:30,600.0,18.05,S
2021-06-16T10:14:30,500.0,18.05,S
2021-06-16T10:14:30,1000.0,18.05,S
2021-06-16T10:14:28,100.0,18.1,B
2021-06-16T10:14:28,700.0,18.05,S
2021-06-16T10:14:24,3000.0,18.05,S
2021-06-16T10:14:17,1900.0,18.1,B
2021-06-16T10:14:16,7000.0,18.1,B
2021-06-16T10:14:16,10200.0,18.1,B
2021-06-16T10:14:16,2800.0,18.1,B
2021-06-16T10:14:09,100.0,18.1,B
2021-06-16T10:14:08,1000.0,18.05,S
2021-06-16T10:14:03,1000.0,18.1,B
2021-06-16T10:14:03,5000.0,18.1,B
2021-06-16T10:14:02,200.0,18.1,B
2021-06-16T10:13:53,600.0,18.1,B
2021-06-16T10:13:49,1500.0,18.1,B
2021-06-16T10:13:40,1400.0,18.05,S
2021-06-16T10:13:39,100.0,18.05,S
2021-06-16T10:13:28,10000.0,18.05,S
2021-06-16T10:13:23,4200.0,18.05,S
2021-06-16T10:13:23,300.0,18.05,S
2021-06-16T10:13:22,1500.0,18.05,S
2021-06-16T10:13:20,1000.0,18.05,S
2021-06-16T10:13:18,500.0,18.1,B
2021-06-16T10:13:13,300.0,18.1,B
2021-06-16T10:13:12,2000.0,18.1,B
2021-06-16T10:13:05,1200.0,18.1,B
2021-06-16T10:13:01,100.0,18.1,B
2021-06-16T10:12:57,500.0,18.1,B
2021-06-16T10:12:54,200.0,18.1,B
2021-06-16T10:12:50,100.0,18.05,S
2021-06-16T10:12:49,7400.0,18.05,S
2021-06-16T10:12:49,100.0,18.05,S
2021-06-16T10:12:49,1000.0,18.05,S
2021-06-16T10:12:49,200.0,18.05,S
2021-06-16T10:12:49,11300.0,18.05,S
2021-06-16T10:12:47,9800.0,18.1,B
2021-06-16T10:12:46,500.0,18.1,B
2021-06-16T10:12:23,200.0,18.1,B
2021-06-16T10:12:18,500.0,18.1,B
2021-06-16T10:12:16,1000.0,18.1,B
2021-06-16T10:12:07,1000.0,18.1,B
2021-06-16T10:12:06,3000.0,18.1,B
2021-06-16T10:12:04,100.0,18.1,B
2021-06-16T10:11:58,3000.0,18.1,B
2021-06-16T10:11:57,6900.0,18.1,B
2021-06-16T10:11:57,2000.0,18.1,B
2021-06-16T10:11:57,2000.0,18.1,B
2021-06-16T10:11:57,2500.0,18.1,B
2021-06-16T10:11:57,14300.0,18.1,B
2021-06-16T10:11:57,1000.0,18.1,B
2021-06-16T10:11:56,4500.0,18.1,B
2021-06-16T10:11:51,1300.0,18.05,S
2021-06-16T10:11:45,15000.0,18.1,B
2021-06-16T10:11:42,25000.0,18.05,S
2021-06-16T10:11:41,400.0,18.1,B
2021-06-16T10:11:03,200.0,18.1,B
2021-06-16T10:10:52,100.0,18.1,B
2021-06-16T10:10:52,10000.0,18.05,S
2021-06-16T10:10:48,2000.0,18.1,B
2021-06-16T10:10:46,1700.0,18.1,B
2021-06-16T10:10:41,4700.0,18.1,B
2021-06-16T10:10:30,100.0,18.1,B
2021-06-16T10:10:21,6300.0,18.05,S
2021-06-16T10:10:15,1000.0,18.1,B
2021-06-16T10:10:14,900.0,18.1,B
2021-06-16T10:10:11,4000.0,18.05,S
2021-06-16T10:10:04,1000.0,18.1,B
2021-06-16T10:10:04,2000.0,18.1,B
2021-06-16T10:10:00,1200.0,18.1,B
2021-06-16T10:09:57,500.0,18.05,S
2021-06-16T10:09:57,500.0,18.1,B
2021-06-16T10:09:57,500.0,18.05,S
2021-06-16T10:09:57,200.0,18.05,S
2021-06-16T10:09:57,3000.0,18.05,S
2021-06-16T10:09:51,2000.0,18.1,B
2021-06-16T10:09:48,1600.0,18.1,B
2021-06-16T10:09:43,5000.0,18.05,S
2021-06-16T10:09:38,1000.0,18.1,B
2021-06-16T10:09:36,1000.0,18.1,B
2021-06-16T10:09:36,2000.0,18.1,B
2021-06-16T10:09:36,800.0,18.1,B
2021-06-16T10:09:36,3800.0,18.1,B
2021-06-16T10:09:36,100.0,18.1,B
2021-06-16T10:09:36,1200.0,18.1,B
2021-06-16T10:09:30,10000.0,18.1,B
2021-06-16T10:09:27,100.0,18.1,B
2021-06-16T10:09:27,2000.0,18.1,B
2021-06-16T10:09:19,3000.0,18.1,B
2021-06-16T10:09:12,5000.0,18.1,B
2021-06-16T10:09:08,500.0,18.1,B
2021-06-16T10:09:00,2000.0,18.05,S
2021-06-16T10:08:59,200.0,18.1,B
2021-06-16T10:08:57,500.0,18.1,B
2021-06-16T10:08:53,500.0,18.1,B
2021-06-16T10:08:52,300.0,18.15,B
2021-06-16T10:08:50,100.0,18.1,B
2021-06-16T10:08:50,1500.0,18.1,B
2021-06-16T10:08:47,200.0,18.1,B
2021-06-16T10:08:47,100.0,18.1,B
2021-06-16T10:08:44,100.0,18.1,B
2021-06-16T10:08:36,1000.0,18.1,B
2021-06-16T10:08:34,10000.0,18.05,S
2021-06-16T10:08:24,22600.0,18.05,S
2021-06-16T10:08:24,1200.0,18.1,B
2021-06-16T10:08:24,3100.0,18.1,B
2021-06-16T10:08:24,200.0,18.1,B
2021-06-16T10:08:24,1200.0,18.1,B
2021-06-16T10:08:24,28500.0,18.1,B
2021-06-16T10:08:24,1300.0,18.1,B
2021-06-16T10:08:24,900.0,18.1,B
2021-06-16T10:08:24,90400.0,18.1,B
2021-06-16T10:08:24,23300.0,18.1,B
2021-06-16T10:08:24,3800.0,18.1,B
2021-06-16T10:08:24,23500.0,18.1,B
2021-06-16T10:08:22,5500.0,18.1,B
2021-06-16T10:08:19,200.0,18.1,B
2021-06-16T10:08:13,2000.0,18.1,B
2021-06-16T10:08:09,200.0,18.1,B
2021-06-16T10:08:07,5000.0,18.15,B
2021-06-16T10:08:06,100.0,18.1,B
2021-06-16T10:08:02,50000.0,18.1,B
2021-06-16T10:08:00,500.0,18.1,B
2021-06-16T10:07:58,2100.0,18.15,B
2021-06-16T10:07:55,5000.0,18.1,B
2021-06-16T10:07:53,9800.0,18.15,B
2021-06-16T10:07:46,1000.0,18.1,B
2021-06-16T10:07:36,500.0,18.1,B
2021-06-16T10:07:35,20000.0,18.1,B
2021-06-16T10:07:32,3000.0,18.1,B
2021-06-16T10:07:31,300.0,18.1,B
2021-06-16T10:07:30,200.0,18.1,B
2021-06-16T10:07:06,100.0,18.1,B
2021-06-16T10:07:04,4000.0,18.1,B
2021-06-16T10:06:47,1000.0,18.1,B
2021-06-16T10:06:45,4400.0,18.15,B
2021-06-16T10:06:42,100.0,18.1,B
2021-06-16T10:06:41,30000.0,18.15,B
2021-06-16T10:06:40,500.0,18.1,B
2021-06-16T10:06:29,1000.0,18.1,B
2021-06-16T10:06:27,200.0,18.1,B
2021-06-16T10:06:25,800.0,18.1,B
2021-06-16T10:06:24,700.0,18.1,B
2021-06-16T10:06:23,100.0,18.1,B
2021-06-16T10:06:16,100.0,18.1,B
2021-06-16T10:06:14,5000.0,18.15,B
2021-06-16T10:06:13,5000.0,18.1,B
2021-06-16T10:06:09,2000.0,18.1,B
2021-06-16T10:06:08,600.0,18.1,B
2021-06-16T10:05:55,1000.0,18.1,B
2021-06-16T10:05:50,200.0,18.1,B
2021-06-16T10:05:48,1400.0,18.15,B
2021-06-16T10:05:48,3000.0,18.15,B
2021-06-16T10:05:48,6100.0,18.15,B
2021-06-16T10:05:42,500.0,18.1,B
2021-06-16T10:05:34,1100.0,18.1,B
2021-06-16T10:05:31,2500.0,18.1,B
2021-06-16T10:05:27,5000.0,18.1,B
2021-06-16T10:05:20,100.0,18.1,B
2021-06-16T10:05:14,2000.0,18.1,B
2021-06-16T10:05:14,1000.0,18.1,B
2021-06-16T10:05:11,1000.0,18.1,B
2021-06-16T10:05:02,300.0,18.1,B
2021-06-16T10:04:59,1000.0,18.1,B
2021-06-16T10:04:46,500.0,18.1,B
2021-06-16T10:04:43,200.0,18.1,B
2021-06-16T10:04:41,1000.0,18.1,B
2021-06-16T10:04:29,600.0,18.1,B
2021-06-16T10:04:25,1000.0,18.1,B
2021-06-16T10:04:22,500.0,18.1,B
2021-06-16T10:04:21,200.0,18.1,B
2021-06-16T10:04:13,500.0,18.1,B
2021-06-16T10:04:11,100.0,18.1,B
2021-06-16T10:04:11,200.0,18.1,B
2021-06-16T10:04:11,4000.0,18.1,B
2021-06-16T10:04:11,4300.0,18.1,B
2021-06-16T10:04:04,1500.0,18.1,B
2021-06-16T10:04:03,3300.0,18.1,B
2021-06-16T10:04:03,1100.0,18.1,B
2021-06-16T10:04:03,1300.0,18.1,B
2021-06-16T10:04:03,100.0,18.1,B
2021-06-16T10:04:03,2000.0,18.1,B
2021-06-16T10:04:03,1100.0,18.1,B
2021-06-16T10:04:03,2300.0,18.1,B
2021-06-16T10:04:03,100.0,18.1,B
2021-06-16T10:04:03,12400.0,18.1,B
2021-06-16T10:03:58,300.0,18.1,B
2021-06-16T10:03:58,2900.0,18.1,B
2021-06-16T10:03:58,12000.0,18.1,B
2021-06-16T10:03:58,1900.0,18.1,B
2021-06-16T10:03:58,2600.0,18.1,B
2021-06-16T10:03:58,1300.0,18.1,B
2021-06-16T10:03:58,7200.0,18.1,B
2021-06-16T10:03:58,3400.0,18.1,B
2021-06-16T10:03:58,1500.0,18.1,B
2021-06-16T10:03:58,12200.0,18.1,B
2021-06-16T10:03:55,5000.0,18.1,B
2021-06-16T10:03:47,1000.0,18.1,B
2021-06-16T10:03:47,100.0,18.1,B
2021-06-16T10:03:45,900.0,18.1,B
2021-06-16T10:03:45,45000.0,18.1,B
2021-06-16T10:03:45,1000.0,18.1,B
2021-06-16T10:03:45,8200.0,18.1,B
2021-06-16T10:03:44,5000.0,18.1,B
2021-06-16T10:03:40,2000.0,18.1,B
2021-06-16T10:03:38,500.0,18.1,B
2021-06-16T10:03:28,5000.0,18.05,S
2021-06-16T10:03:21,100.0,18.1,B
2021-06-16T10:03:19,2000.0,18.1,B
2021-06-16T10:03:16,10000.0,18.05,S
2021-06-16T10:03:03,1000.0,18.1,B
2021-06-16T10:02:51,1300.0,18.05,S
2021-06-16T10:02:51,1200.0,18.05,S
2021-06-16T10:02:46,2000.0,18.05,S
2021-06-16T10:02:43,700.0,18.05,S
2021-06-16T10:02:40,500.0,18.05,S
2021-06-16T10:02:40,100.0,18.05,S
2021-06-16T10:02:35,1200.0,18.05,S
2021-06-16T10:02:25,300.0,18.0,S
2021-06-16T10:02:23,5000.0,18.1,B
2021-06-16T10:02:20,1900.0,18.05,S
2021-06-16T10:02:20,1300.0,18.05,S
2021-06-16T10:02:19,800.0,18.05,S
2021-06-16T10:02:18,100.0,18.05,S
2021-06-16T10:02:17,2400.0,18.05,S
2021-06-16T10:02:17,100.0,18.05,S
2021-06-16T10:02:15,1600.0,18.05,S
2021-06-16T10:02:10,2000.0,18.05,S
2021-06-16T10:02:09,1000.0,18.05,S
2021-06-16T10:02:06,500.0,18.05,S
2021-06-16T10:02:05,600.0,18.0,S
2021-06-16T10:02:05,1200.0,18.05,S
2021-06-16T10:02:02,1900.0,18.05,S
2021-06-16T10:01:54,500.0,18.05,S
2021-06-16T10:01:53,400.0,18.05,S
2021-06-16T10:01:51,1100.0,18.05,S
2021-06-16T10:01:51,500.0,18.05,S
2021-06-16T10:01:45,20000.0,18.1,B
2021-06-16T10:01:44,100.0,18.0,S
2021-06-16T10:01:44,1900.0,18.05,S
2021-06-16T10:01:43,100.0,18.05,S
2021-06-16T10:01:41,300.0,18.05,S
2021-06-16T10:01:39,5400.0,18.05,S
2021-06-16T10:01:38,1000.0,18.05,S
2021-06-16T10:01:37,2500.0,18.05,S
2021-06-16T10:01:36,1000.0,18.05,S
2021-06-16T10:01:33,500.0,18.0,S
2021-06-16T10:01:22,2000.0,18.0,S
2021-06-16T10:01:22,3500.0,18.0,S
2021-06-16T10:01:21,200.0,18.0,S
2021-06-16T10:01:11,3400.0,18.05,S
2021-06-16T10:01:05,100.0,18.05,S
2021-06-16T10:01:00,1000.0,18.05,S
2021-06-16T10:00:56,1000.0,18.05,S
2021-06-16T10:00:56,500.0,18.05,S
2021-06-16T10:00:56,9600.0,18.05,S
2021-06-16T10:00:54,1400.0,18.05,S
2021-06-16T10:00:39,1000.0,18.05,S
2021-06-16T10:00:36,5000.0,18.05,S
2021-06-16T10:00:35,100.0,18.1,B
2021-06-16T10:00:33,2000.0,18.05,B
2021-06-16T10:00:25,200.0,18.1,B
2021-06-16T10:00:18,1000.0,18.1,B
2021-06-16T10:00:18,2000.0,18.05,B
2021-06-16T10:00:15,500.0,18.05,B
2021-06-16T10:00:13,100.0,18.05,B
2021-06-16T10:00:11,2500.0,18.05,B
2021-06-16T10:00:10,1000.0,18.05,B
2021-06-16T10:00:04,100.0,18.05,B
2021-06-16T09:59:57,1300.0,18.05,B
2021-06-16T09:59:57,6600.0,18.05,B
2021-06-16T09:59:57,4200.0,18.05,B
2021-06-16T09:59:55,700.0,18.0,B
2021-06-16T09:59:55,2000.0,18.05,B
2021-06-16T09:59:52,30400.0,18.0,B
2021-06-16T09:59:51,1000.0,18.0,B
2021-06-16T09:59:50,800.0,18.0,B
2021-06-16T09:59:50,7300.0,18.0,B
2021-06-16T09:59:50,21900.0,18.0,B
2021-06-16T09:59:49,800.0,18.0,B
2021-06-16T09:59:48,50000.0,18.0,B
2021-06-16T09:59:33,100.0,18.0,B
2021-06-16T09:59:29,3000.0,17.95,S
2021-06-16T09:59:22,3500.0,18.0,B
2021-06-16T09:59:22,8000.0,18.0,B
2021-06-16T09:59:22,24100.0,18.0,B
2021-06-16T09:59:20,300.0,18.0,B
2021-06-16T09:59:20,100.0,18.0,B
2021-06-16T09:59:16,3000.0,18.0,B
2021-06-16T09:59:12,1000.0,18.0,B
2021-06-16T09:59:10,1000.0,18.0,B
2021-06-16T09:58:56,1000.0,18.0,B
2021-06-16T09:58:39,1000.0,18.0,B
2021-06-16T09:58:36,12700.0,18.0,B
2021-06-16T09:58:34,1300.0,18.0,B
2021-06-16T09:58:33,2000.0,17.95,S
2021-06-16T09:58:33,1900.0,18.0,B
2021-06-16T09:58:31,1500.0,18.0,B
2021-06-16T09:58:31,2000.0,18.0,B
2021-06-16T09:58:29,2000.0,18.0,B
2021-06-16T09:58:29,2500.0,18.0,B
2021-06-16T09:58:29,12000.0,18.0,B
2021-06-16T09:58:28,1500.0,18.0,B
2021-06-16T09:58:28,200.0,18.0,B
2021-06-16T09:58:28,60000.0,18.0,B
2021-06-16T09:58:27,2100.0,18.0,B
2021-06-16T09:58:27,12800.0,18.0,B
2021-06-16T09:58:27,200.0,18.0,B
2021-06-16T09:58:21,1800.0,18.05,B
2021-06-16T09:58:10,2400.0,18.05,B
2021-06-16T09:58:08,1000.0,18.0,B
2021-06-16T09:57:58,7700.0,18.05,B
2021-06-16T09:57:58,2100.0,18.05,B
2021-06-16T09:57:58,3600.0,18.05,B
2021-06-16T09:57:58,2000.0,18.05,B
2021-06-16T09:57:58,3600.0,18.05,B
2021-06-16T09:57:53,200.0,18.0,B
2021-06-16T09:57:52,2400.0,18.05,B
2021-06-16T09:57:52,1600.0,18.0,B
2021-06-16T09:57:49,1000.0,18.0,B
2021-06-16T09:57:47,1900.0,18.0,B
2021-06-16T09:57:47,2500.0,18.0,B
2021-06-16T09:57:43,3700.0,18.0,B
2021-06-16T09:57:40,300.0,18.0,B
2021-06-16T09:57:35,300.0,18.0,B
2021-06-16T09:57:32,300.0,18.0,B
2021-06-16T09:57:29,4100.0,18.05,B
2021-06-16T09:57:25,100.0,18.0,B
2021-06-16T09:57:24,300.0,18.0,B
2021-06-16T09:57:22,1000.0,18.0,B
2021-06-16T09:57:17,300.0,18.0,B
2021-06-16T09:57:17,300.0,18.0,B
2021-06-16T09:57:17,3100.0,18.0,B
2021-06-16T09:57:17,6300.0,18.0,B
2021-06-16T09:57:15,400.0,18.0,B
2021-06-16T09:57:15,700.0,18.0,B
2021-06-16T09:57:15,1000.0,18.0,B
2021-06-16T09:57:14,300.0,18.0,B
2021-06-16T09:57:14,200.0,18.0,B
2021-06-16T09:57:10,200.0,18.0,B
2021-06-16T09:57:09,100.0,18.0,B
2021-06-16T09:57:09,3000.0,18.0,B
2021-06-16T09:57:08,3000.0,18.0,B
2021-06-16T09:57:08,1200.0,18.0,B
2021-06-16T09:57:08,700.0,18.0,B
2021-06-16T09:57:08,1200.0,18.0,B
2021-06-16T09:57:08,2000.0,18.0,B
2021-06-16T09:57:07,4000.0,18.0,B
2021-06-16T09:57:07,500.0,18.0,B
2021-06-16T09:57:07,1200.0,18.0,B
2021-06-16T09:57:07,1300.0,18.0,B
2021-06-16T09:57:07,300.0,18.0,B
2021-06-16T09:57:07,1500.0,18.0,B
2021-06-16T09:57:07,700.0,18.0,B
2021-06-16T09:57:07,1800.0,18.0,B
2021-06-16T09:57:07,600.0,18.0,B
2021-06-16T09:57:06,700.0,18.0,B
2021-06-16T09:57:06,1900.0,18.0,B
2021-06-16T09:57:06,5000.0,18.0,B
2021-06-16T09:57:06,1000.0,18.0,B
2021-06-16T09:57:06,9400.0,18.0,B
2021-06-16T09:57:06,12000.0,18.0,B
2021-06-16T09:57:01,300.0,18.0,B
2021-06-16T09:56:59,3000.0,18.0,B
2021-06-16T09:56:56,2000.0,18.0,B
2021-06-16T09:56:52,3200.0,18.0,B
2021-06-16T09:56:52,400.0,18.0,B
2021-06-16T09:56:52,600.0,18.0,B
2021-06-16T09:56:52,7300.0,18.0,B
2021-06-16T09:56:52,7300.0,18.0,B
2021-06-16T09:56:52,3700.0,18.0,B
2021-06-16T09:56:52,6000.0,18.0,B
2021-06-16T09:56:52,1700.0,18.0,B
2021-06-16T09:56:52,39800.0,18.0,B
2021-06-16T09:56:47,100.0,18.0,B
2021-06-16T09:56:47,100.0,18.0,B
2021-06-16T09:56:42,1200.0,18.0,B
2021-06-16T09:56:42,8000.0,18.0,B
2021-06-16T09:56:40,5200.0,18.0,B
2021-06-16T09:56:39,200.0,17.95,S
2021-06-16T09:56:39,24000.0,18.0,B
2021-06-16T09:56:36,20000.0,18.0,B
2021-06-16T09:56:36,800.0,18.0,B
2021-06-16T09:56:32,5000.0,18.0,B
2021-06-16T09:56:32,4100.0,18.0,B
2021-06-16T09:56:27,600.0,18.0,B
2021-06-16T09:56:25,5100.0,18.0,B
2021-06-16T09:56:24,200.0,18.0,B
2021-06-16T09:56:22,3300.0,18.0,B
2021-06-16T09:56:19,36800.0,18.0,B
2021-06-16T09:56:19,5000.0,18.0,B
2021-06-16T09:56:17,5000.0,18.0,B
2021-06-16T09:56:14,1900.0,18.0,B
2021-06-16T09:56:14,100.0,18.0,B
2021-06-16T09:56:14,3500.0,18.0,B
2021-06-16T09:56:14,900.0,18.0,B
2021-06-16T09:56:07,1000.0,18.0,B
2021-06-16T09:56:07,2000.0,18.0,B
2021-06-16T09:56:07,17900.0,18.0,B
2021-06-16T09:56:06,1000.0,18.0,B
2021-06-16T09:56:06,100.0,18.0,B
2021-06-16T09:56:04,1000.0,17.95,S
2021-06-16T09:56:02,200.0,18.0,B
2021-06-16T09:55:56,200.0,18.0,B
2021-06-16T09:55:53,500.0,18.0,B
2021-06-16T09:55:52,400.0,18.0,B
2021-06-16T09:55:49,900.0,18.0,B
2021-06-16T09:55:48,1900.0,18.0,B
2021-06-16T09:55:47,2000.0,18.0,B
2021-06-16T09:55:43,2400.0,17.95,S
2021-06-16T09:55:42,900.0,18.0,B
2021-06-16T09:55:40,500.0,18.0,B
2021-06-16T09:55:40,20100.0,18.0,B
2021-06-16T09:55:38,5500.0,18.0,B
2021-06-16T09:55:34,32000.0,18.0,B
2021-06-16T09:55:34,1900.0,18.0,B
2021-06-16T09:55:33,1100.0,18.0,B
2021-06-16T09:55:32,900.0,18.0,B
2021-06-16T09:55:32,1000.0,18.0,B
2021-06-16T09:55:32,3600.0,18.0,B
2021-06-16T09:55:30,1000.0,18.0,B
2021-06-16T09:55:28,2000.0,18.0,B
2021-06-16T09:55:28,1000.0,18.0,B
2021-06-16T09:55:27,25000.0,18.0,B
2021-06-16T09:55:26,4000.0,18.0,B
2021-06-16T09:55:26,1600.0,18.0,B
2021-06-16T09:55:22,1400.0,18.0,B
2021-06-16T09:55:22,2500.0,18.0,B
2021-06-16T09:55:21,100.0,18.0,B
2021-06-16T09:55:20,200.0,18.0,B
2021-06-16T09:55:18,1300.0,18.0,B
2021-06-16T09:55:16,300.0,18.0,B
2021-06-16T09:55:16,5000.0,17.95,S
2021-06-16T09:55:13,100.0,18.0,B
2021-06-16T09:55:11,5000.0,17.95,S
2021-06-16T09:55:10,10000.0,18.0,B
2021-06-16T09:54:58,1400.0,17.95,S
2021-06-16T09:54:58,10000.0,18.0,B
2021-06-16T09:54:57,6000.0,18.0,B
2021-06-16T09:54:56,500.0,18.0,B
2021-06-16T09:54:55,5000.0,18.0,B
2021-06-16T09:54:53,800.0,18.0,B
2021-06-16T09:54:52,800.0,18.0,B
2021-06-16T09:54:51,2400.0,18.0,B
2021-06-16T09:54:50,5000.0,18.0,B
2021-06-16T09:54:50,8000.0,18.0,B
2021-06-16T09:54:49,7000.0,18.0,B
2021-06-16T09:54:47,10000.0,18.0,B
2021-06-16T09:54:47,1800.0,18.0,B
2021-06-16T09:54:45,200.0,18.0,B
2021-06-16T09:54:42,200.0,18.0,B
2021-06-16T09:54:39,100.0,17.95,B
2021-06-16T09:54:31,10000.0,17.95,B
2021-06-16T09:54:30,1000.0,18.0,B
2021-06-16T09:54:27,1000.0,17.95,B
2021-06-16T09:54:27,100.0,18.0,B
2021-06-16T09:54:27,1400.0,18.0,B
2021-06-16T09:54:26,800.0,18.0,B
2021-06-16T09:54:24,800.0,18.0,B
2021-06-16T09:54:24,2000.0,18.0,B
2021-06-16T09:54:24,2600.0,18.0,B
2021-06-16T09:54:20,4800.0,18.0,B
2021-06-16T09:54:18,2400.0,18.0,B
2021-06-16T09:54:18,100.0,18.0,B
2021-06-16T09:54:15,1200.0,18.0,B
2021-06-16T09:54:15,2600.0,18.0,B
2021-06-16T09:54:15,1800.0,18.0,B
2021-06-16T09:54:15,3300.0,18.0,B
2021-06-16T09:54:15,1000.0,18.0,B
2021-06-16T09:54:15,3500.0,18.0,B
2021-06-16T09:54:15,100.0,18.0,B
2021-06-16T09:54:15,2400.0,18.0,B
2021-06-16T09:54:15,1300.0,18.0,B
2021-06-16T09:54:15,1500.0,18.0,B
2021-06-16T09:54:15,1800.0,18.0,B
2021-06-16T09:54:15,1200.0,18.0,B
2021-06-16T09:54:15,2600.0,18.0,B
2021-06-16T09:54:14,7600.0,18.0,B
2021-06-16T09:54:14,3800.0,18.0,B
2021-06-16T09:54:13,1200.0,18.0,B
2021-06-16T09:54:11,3500.0,18.0,B
2021-06-16T09:54:10,2900.0,18.0,B
2021-06-16T09:54:10,3400.0,18.0,B
2021-06-16T09:54:09,12200.0,18.0,B
2021-06-16T09:54:00,1500.0,18.0,B
2021-06-16T09:54:00,10000.0,17.95,B
2021-06-16T09:53:58,5500.0,18.0,B
2021-06-16T09:53:58,14500.0,18.0,B
2021-06-16T09:53:53,7800.0,18.0,B
2021-06-16T09:53:50,11700.0,18.0,B
2021-06-16T09:53:48,1500.0,18.0,B
2021-06-16T09:53:45,2500.0,18.0,B
2021-06-16T09:53:45,1000.0,17.95,B
2021-06-16T09:53:45,500.0,17.95,B
2021-06-16T09:53:45,15900.0,18.0,B
2021-06-16T09:53:45,1000.0,18.0,B
2021-06-16T09:53:45,5000.0,18.0,B
2021-06-16T09:53:44,500.0,18.0,B
2021-06-16T09:53:44,2700.0,18.0,B
2021-06-16T09:53:44,8500.0,18.0,B
2021-06-16T09:53:44,1600.0,18.0,B
2021-06-16T09:53:33,100.0,17.95,B
2021-06-16T09:53:33,1000.0,17.95,B
2021-06-16T09:53:29,500.0,17.95,B
2021-06-16T09:53:26,1000.0,17.95,B
2021-06-16T09:53:26,100.0,17.95,B
2021-06-16T09:53:21,1000.0,17.95,B
2021-06-16T09:53:18,1000.0,17.95,B
2021-06-16T09:53:16,1800.0,17.95,B
2021-06-16T09:53:15,23000.0,17.95,B
2021-06-16T09:53:15,3100.0,18.0,B
2021-06-16T09:53:15,1000.0,18.0,B
2021-06-16T09:53:15,10900.0,18.0,B
2021-06-16T09:53:14,2000.0,17.95,B
2021-06-16T09:53:11,50000.0,18.0,B
2021-06-16T09:53:09,200.0,17.95,B
2021-06-16T09:53:08,800.0,17.95,B
2021-06-16T09:53:08,35600.0,17.95,B
2021-06-16T09:53:02,31700.0,17.9,B
2021-06-16T09:53:01,10100.0,17.95,B
2021-06-16T09:53:01,6200.0,17.95,B
2021-06-16T09:53:01,1000.0,17.95,B
2021-06-16T09:53:01,82700.0,17.95,B
2021-06-16T09:53:00,1000.0,17.9,B
2021-06-16T09:52:44,2000.0,17.95,B
2021-06-16T09:52:40,5000.0,17.9,B
2021-06-16T09:52:37,100.0,17.9,B
2021-06-16T09:52:36,300.0,17.9,B
2021-06-16T09:52:28,500.0,17.95,B
2021-06-16T09:52:28,500.0,17.9,B
2021-06-16T09:52:18,2000.0,17.9,B
2021-06-16T09:52:08,100.0,17.9,B
2021-06-16T09:52:08,100.0,17.95,B
2021-06-16T09:52:07,15000.0,17.9,B
2021-06-16T09:52:04,1000.0,17.9,B
2021-06-16T09:51:57,30000.0,17.9,B
2021-06-16T09:51:57,5100.0,17.95,B
2021-06-16T09:51:53,3200.0,17.95,B
2021-06-16T09:51:44,2500.0,17.95,B
2021-06-16T09:51:42,3000.0,17.95,B
2021-06-16T09:51:32,38800.0,17.9,B
2021-06-16T09:51:32,300.0,17.9,B
2021-06-16T09:51:32,4100.0,17.9,B
2021-06-16T09:51:32,1100.0,17.9,B
2021-06-16T09:51:32,100.0,17.9,B
2021-06-16T09:51:32,1000.0,17.9,B
2021-06-16T09:51:32,4600.0,17.9,B
2021-06-16T09:51:31,1500.0,17.95,B
2021-06-16T09:51:29,800.0,17.95,B
2021-06-16T09:51:25,5400.0,17.95,B
2021-06-16T09:51:21,2500.0,17.95,B
2021-06-16T09:51:20,1500.0,17.95,B
2021-06-16T09:51:19,3500.0,17.95,B
2021-06-16T09:51:10,500.0,17.9,B
2021-06-16T09:51:10,500.0,17.95,B
2021-06-16T09:50:59,1600.0,17.95,B
2021-06-16T09:50:57,100.0,17.9,B
2021-06-16T09:50:55,50000.0,17.9,B
2021-06-16T09:50:54,1000.0,17.9,B
2021-06-16T09:50:45,9000.0,17.9,B
2021-06-16T09:50:42,300.0,17.95,B
2021-06-16T09:50:31,500.0,17.9,B
2021-06-16T09:50:29,5000.0,17.9,B
2021-06-16T09:50:24,2000.0,17.9,B
2021-06-16T09:50:20,100.0,17.9,B
2021-06-16T09:50:19,1000.0,17.95,B
2021-06-16T09:50:13,100.0,17.9,B
2021-06-16T09:50:00,1000.0,17.95,B
2021-06-16T09:49:59,200.0,17.95,B
2021-06-16T09:49:56,100.0,17.9,B
2021-06-16T09:49:54,600.0,17.95,B
2021-06-16T09:49:48,1400.0,17.9,B
2021-06-16T09:49:38,100.0,17.9,B
2021-06-16T09:49:35,2000.0,17.9,B
2021-06-16T09:49:35,7900.0,18.0,B
2021-06-16T09:49:35,3500.0,18.0,B
2021-06-16T09:49:35,6100.0,18.0,B
2021-06-16T09:49:35,200.0,18.0,B
2021-06-16T09:49:35,600.0,18.0,B
2021-06-16T09:49:35,11700.0,18.0,B
2021-06-16T09:49:35,100.0,17.95,B
2021-06-16T09:49:34,11400.0,17.9,B
2021-06-16T09:49:34,400.0,17.95,B
2021-06-16T09:49:33,1300.0,17.95,B
2021-06-16T09:49:33,28900.0,17.95,B
2021-06-16T09:49:33,900.0,17.95,B
2021-06-16T09:49:32,14600.0,17.95,B
2021-06-16T09:49:32,42000.0,17.95,B
2021-06-16T09:49:32,7500.0,17.95,B
2021-06-16T09:49:32,500.0,17.95,B
2021-06-16T09:49:32,6100.0,17.95,B
2021-06-16T09:49:32,900.0,17.95,B
2021-06-16T09:49:32,1400.0,17.95,B
2021-06-16T09:49:32,1000.0,17.95,B
2021-06-16T09:49:32,10200.0,17.95,B
2021-06-16T09:49:32,5000.0,17.95,B
2021-06-16T09:49:32,500.0,17.95,B
2021-06-16T09:49:32,5100.0,17.95,B
2021-06-16T09:49:32,2400.0,17.95,B
2021-06-16T09:49:32,6000.0,17.95,B
2021-06-16T09:49:32,55300.0,17.95,B
2021-06-16T09:49:30,2500.0,17.95,B
2021-06-16T09:49:29,6500.0,17.95,B
2021-06-16T09:49:28,100.0,17.95,B
2021-06-16T09:49:25,3500.0,17.95,B
2021-06-16T09:49:24,5000.0,17.95,B
2021-06-16T09:49:04,200.0,17.9,B
2021-06-16T09:48:58,300.0,17.9,B
2021-06-16T09:48:55,1600.0,17.95,B
2021-06-16T09:48:51,500.0,17.9,B
2021-06-16T09:48:48,4500.0,17.95,B
2021-06-16T09:48:45,7000.0,17.9,B
2021-06-16T09:48:42,1000.0,17.95,B
2021-06-16T09:48:39,100.0,17.9,B
2021-06-16T09:48:35,200.0,17.9,B
2021-06-16T09:48:33,500.0,17.9,B
2021-06-16T09:48:28,1000.0,17.95,B
2021-06-16T09:48:26,28000.0,17.95,B
2021-06-16T09:48:25,4600.0,17.95,B
2021-06-16T09:48:25,12400.0,17.95,B
2021-06-16T09:48:25,1000.0,17.9,B
2021-06-16T09:48:21,2000.0,17.95,B
2021-06-16T09:48:19,2000.0,17.9,B
2021-06-16T09:48:06,2500.0,17.9,B
2021-06-16T09:48:02,100.0,17.95,B
2021-06-16T09:47:59,400.0,17.9,B
2021-06-16T09:47:57,1000.0,17.9,B
2021-06-16T09:47:45,900.0,17.9,B
2021-06-16T09:47:42,900.0,17.95,B
2021-06-16T09:47:36,31000.0,17.95,B
2021-06-16T09:47:34,800.0,17.9,B
2021-06-16T09:47:32,2500.0,17.95,B
2021-06-16T09:47:23,600.0,17.9,B
2021-06-16T09:47:22,1600.0,17.95,B
2021-06-16T09:47:11,200.0,17.9,B
2021-06-16T09:47:10,1800.0,17.9,B
2021-06-16T09:47:08,3000.0,17.95,B
2021-06-16T09:47:06,6000.0,17.9,B
2021-06-16T09:47:05,500.0,17.9,B
2021-06-16T09:47:03,800.0,17.95,B
2021-06-16T09:47:01,4200.0,17.95,B
2021-06-16T09:47:00,1500.0,17.95,B
2021-06-16T09:46:59,1000.0,17.9,B
2021-06-16T09:46:59,5000.0,17.9,B
2021-06-16T09:46:48,2000.0,17.9,B
2021-06-16T09:46:43,100.0,17.9,B
2021-06-16T09:46:42,100.0,17.9,B
2021-06-16T09:46:22,35400.0,17.95,B
2021-06-16T09:46:22,2000.0,17.9,B
2021-06-16T09:46:22,12600.0,17.9,B
2021-06-16T09:46:18,200.0,17.9,B
2021-06-16T09:46:10,1000.0,17.9,B
2021-06-16T09:46:06,700.0,17.9,B
2021-06-16T09:46:01,100.0,17.9,B
2021-06-16T09:46:01,1900.0,17.9,B
2021-06-16T09:45:54,51000.0,17.9,B
2021-06-16T09:45:51,1500.0,17.9,B
2021-06-16T09:45:50,200.0,17.9,B
2021-06-16T09:45:49,7000.0,17.9,B
2021-06-16T09:45:48,3500.0,17.9,B
2021-06-16T09:45:48,1900.0,17.9,B
2021-06-16T09:45:47,100.0,17.9,B
2021-06-16T09:45:43,9400.0,17.95,B
2021-06-16T09:45:43,4100.0,17.9,B
2021-06-16T09:45:43,1100.0,17.9,B
2021-06-16T09:45:43,2100.0,17.9,B
2021-06-16T09:45:43,500.0,17.9,B
2021-06-16T09:45:43,600.0,17.9,B
2021-06-16T09:45:43,1500.0,17.9,B
2021-06-16T09:45:43,6900.0,17.9,B
2021-06-16T09:45:43,700.0,17.9,B
2021-06-16T09:45:43,3100.0,17.9,B
2021-06-16T09:45:39,8600.0,17.9,B
2021-06-16T09:45:39,8900.0,17.9,B
2021-06-16T09:45:39,500.0,17.9,B
2021-06-16T09:45:39,200.0,17.9,B
2021-06-16T09:45:39,100.0,17.9,B
2021-06-16T09:45:39,700.0,17.9,B
2021-06-16T09:45:39,31000.0,17.9,B
2021-06-16T09:45:36,200.0,17.9,B
2021-06-16T09:45:33,10000.0,17.9,B
2021-06-16T09:45:29,100.0,17.9,B
2021-06-16T09:45:28,100.0,17.9,B
2021-06-16T09:45:27,200.0,17.85,S
2021-06-16T09:45:17,200.0,17.9,B
2021-06-16T09:45:15,300.0,17.9,B
2021-06-16T09:45:11,2000.0,17.85,S
2021-06-16T09:45:07,100.0,17.9,B
2021-06-16T09:45:05,8000.0,17.9,B
2021-06-16T09:45:05,1000.0,17.85,S
2021-06-16T09:45:01,1000.0,17.9,B
2021-06-16T09:44:49,100.0,17.9,B
2021-06-16T09:44:48,2000.0,17.9,B
2021-06-16T09:44:48,100.0,17.9,B
2021-06-16T09:44:46,2000.0,17.85,S
2021-06-16T09:44:44,1000.0,17.9,B
2021-06-16T09:44:39,2400.0,17.9,B
2021-06-16T09:44:34,400.0,17.9,B
2021-06-16T09:44:30,100.0,17.9,B
2021-06-16T09:44:28,1000.0,17.9,B
2021-06-16T09:44:28,200.0,17.9,B
2021-06-16T09:44:26,3500.0,17.9,B
2021-06-16T09:44:26,46500.0,17.9,B
2021-06-16T09:44:24,200.0,17.9,B
2021-06-16T09:44:23,100.0,17.9,B
2021-06-16T09:44:20,2500.0,17.9,B
2021-06-16T09:44:19,100.0,17.85,S
2021-06-16T09:44:19,900.0,17.9,B
2021-06-16T09:44:16,200.0,17.9,B
2021-06-16T09:44:14,1000.0,17.9,B
2021-06-16T09:44:14,2000.0,17.9,B
2021-06-16T09:44:13,3500.0,17.9,B
2021-06-16T09:43:59,300.0,17.9,B
2021-06-16T09:43:57,20000.0,17.9,B
2021-06-16T09:43:56,20000.0,17.85,S
2021-06-16T09:43:55,100.0,17.9,B
2021-06-16T09:43:52,100.0,17.9,B
2021-06-16T09:43:46,300.0,17.9,B
2021-06-16T09:43:44,1100.0,17.9,B
2021-06-16T09:43:26,400.0,17.9,B
2021-06-16T09:43:21,100.0,17.9,B
2021-06-16T09:43:20,10100.0,17.9,B
2021-06-16T09:43:18,100.0,17.9,B
2021-06-16T09:43:17,5000.0,17.9,B
2021-06-16T09:43:17,2000.0,17.9,B
2021-06-16T09:43:11,300.0,17.9,B
2021-06-16T09:43:09,100.0,17.9,B
2021-06-16T09:43:06,100.0,17.85,S
2021-06-16T09:43:05,600.0,17.9,B
2021-06-16T09:43:03,4000.0,17.9,B
2021-06-16T09:43:01,500.0,17.9,B
2021-06-16T09:42:58,100.0,17.9,B
2021-06-16T09:42:52,2000.0,17.9,B
2021-06-16T09:42:34,19000.0,17.9,B
2021-06-16T09:42:34,500.0,17.9,B
2021-06-16T09:42:08,200.0,17.9,B
2021-06-16T09:42:07,500.0,17.9,B
2021-06-16T09:42:05,1300.0,17.9,B
2021-06-16T09:41:59,1000.0,17.9,B
2021-06-16T09:41:50,900.0,17.9,B
2021-06-16T09:41:49,8800.0,17.9,B
2021-06-16T09:41:46,400.0,17.9,B
2021-06-16T09:41:46,100.0,17.9,B
2021-06-16T09:41:44,2200.0,17.9,B
2021-06-16T09:41:44,300.0,17.9,B
2021-06-16T09:41:44,2000.0,17.9,B
2021-06-16T09:41:42,1300.0,17.9,B
2021-06-16T09:41:42,1900.0,17.9,B
2021-06-16T09:41:40,100.0,17.9,B
2021-06-16T09:41:39,100.0,17.9,B
2021-06-16T09:41:37,3200.0,17.9,B
2021-06-16T09:41:35,6500.0,17.9,B
2021-06-16T09:41:31,55700.0,17.9,B
2021-06-16T09:41:29,100.0,17.9,B
2021-06-16T09:41:28,100.0,17.9,B
2021-06-16T09:41:27,5000.0,17.9,B
2021-06-16T09:41:26,2900.0,17.9,B
2021-06-16T09:41:19,9400.0,17.85,S
2021-06-16T09:41:19,900.0,17.9,B
2021-06-16T09:41:18,100.0,17.9,B
2021-06-16T09:41:16,100.0,17.9,B
2021-06-16T09:41:16,100.0,17.9,B
2021-06-16T09:41:13,100.0,17.9,B
2021-06-16T09:41:12,600.0,17.9,B
2021-06-16T09:41:11,100.0,17.9,B
2021-06-16T09:41:10,100.0,17.9,B
2021-06-16T09:41:07,3900.0,17.9,B
2021-06-16T09:41:05,1100.0,17.9,B
2021-06-16T09:41:03,400.0,17.9,B
2021-06-16T09:41:02,500.0,17.9,B
2021-06-16T09:41:02,1000.0,17.9,B
2021-06-16T09:41:00,100.0,17.95,B
2021-06-16T09:40:58,2000.0,17.85,S
2021-06-16T09:40:57,2000.0,17.9,B
2021-06-16T09:40:57,1000.0,17.85,S
2021-06-16T09:40:53,300.0,17.95,B
2021-06-16T09:40:52,100.0,17.95,B
2021-06-16T09:40:50,2000.0,17.9,B
2021-06-16T09:40:50,300.0,17.9,B
2021-06-16T09:40:49,3000.0,17.95,B
2021-06-16T09:40:49,12500.0,17.9,B
2021-06-16T09:40:46,600.0,17.9,B
2021-06-16T09:40:44,200.0,17.9,B
2021-06-16T09:40:44,2000.0,17.9,B
2021-06-16T09:40:44,1300.0,17.9,B
2021-06-16T09:40:44,400.0,17.85,S
2021-06-16T09:40:43,900.0,17.85,S
2021-06-16T09:40:40,5000.0,17.9,B
2021-06-16T09:40:37,1000.0,17.9,B
2021-06-16T09:40:36,4300.0,17.9,B
2021-06-16T09:40:36,2100.0,17.9,B
2021-06-16T09:40:36,100.0,17.9,B
2021-06-16T09:40:36,13600.0,17.9,B
2021-06-16T09:40:33,2000.0,17.9,B
2021-06-16T09:40:28,15000.0,17.9,B
2021-06-16T09:40:27,500.0,17.9,B
2021-06-16T09:40:25,1000.0,17.9,B
2021-06-16T09:40:25,300.0,17.9,B
2021-06-16T09:40:21,100.0,17.9,B
2021-06-16T09:40:17,100.0,17.9,B
2021-06-16T09:40:13,2000.0,17.9,B
2021-06-16T09:40:13,100.0,17.9,B
2021-06-16T09:40:10,1000.0,17.9,B
2021-06-16T09:40:06,2000.0,17.85,S
2021-06-16T09:40:05,2000.0,17.9,B
2021-06-16T09:40:04,2000.0,17.85,S
2021-06-16T09:40:04,100.0,17.9,B
2021-06-16T09:40:02,600.0,17.85,S
2021-06-16T09:40:00,2100.0,17.9,B
2021-06-16T09:40:00,2900.0,17.9,B
2021-06-16T09:40:00,3000.0,17.9,B
2021-06-16T09:39:58,18000.0,17.9,B
2021-06-16T09:39:57,1500.0,17.9,B
2021-06-16T09:39:57,1000.0,17.9,B
2021-06-16T09:39:56,2300.0,17.9,B
2021-06-16T09:39:56,3400.0,17.9,B
2021-06-16T09:39:47,100.0,17.9,B
2021-06-16T09:39:46,500.0,17.9,B
2021-06-16T09:39:43,100.0,17.9,B
2021-06-16T09:39:41,100.0,17.9,B
2021-06-16T09:39:40,100.0,17.9,B
2021-06-16T09:39:38,1000.0,17.9,B
2021-06-16T09:39:36,2500.0,17.9,B
2021-06-16T09:39:33,100.0,17.85,B
2021-06-16T09:39:32,1100.0,17.9,B
2021-06-16T09:39:27,1200.0,17.9,B
2021-06-16T09:39:26,2000.0,17.9,B
2021-06-16T09:39:26,2200.0,17.9,B
2021-06-16T09:39:26,100.0,17.9,B
2021-06-16T09:39:20,400.0,17.9,B
2021-06-16T09:39:20,300.0,17.9,B
2021-06-16T09:39:20,17000.0,17.9,B
2021-06-16T09:39:20,3100.0,17.9,B
2021-06-16T09:39:20,79900.0,17.9,B
2021-06-16T09:39:19,9000.0,17.9,B
2021-06-16T09:39:16,2500.0,17.9,B
2021-06-16T09:39:15,1000.0,17.9,B
2021-06-16T09:39:14,200.0,17.9,B
2021-06-16T09:39:14,1000.0,17.9,B
2021-06-16T09:39:13,3500.0,17.9,B
2021-06-16T09:39:13,13500.0,17.9,B
2021-06-16T09:39:02,100.0,17.9,B
2021-06-16T09:39:02,100.0,17.9,B
2021-06-16T09:39:00,3800.0,17.9,B
2021-06-16T09:38:57,100.0,17.9,B
2021-06-16T09:38:45,200.0,17.9,B
2021-06-16T09:38:42,100.0,17.9,B
2021-06-16T09:38:35,2000.0,17.9,B
2021-06-16T09:38:35,100.0,17.9,B
2021-06-16T09:38:34,20300.0,17.9,B
2021-06-16T09:38:31,1500.0,17.9,B
2021-06-16T09:38:24,400.0,17.9,B
2021-06-16T09:38:22,100.0,17.9,B
2021-06-16T09:38:20,1000.0,17.9,B
2021-06-16T09:38:20,15000.0,17.85,B
2021-06-16T09:38:20,4200.0,17.9,B
2021-06-16T09:38:19,11100.0,17.9,B
2021-06-16T09:38:12,1600.0,17.9,B
2021-06-16T09:38:08,200.0,17.9,B
2021-06-16T09:38:07,100.0,17.9,B
2021-06-16T09:38:06,800.0,17.9,B
2021-06-16T09:38:04,2000.0,17.9,B
2021-06-16T09:38:04,1100.0,17.9,B
2021-06-16T09:38:04,2200.0,17.85,B
2021-06-16T09:38:04,10000.0,17.9,B
2021-06-16T09:38:01,100.0,17.9,B
2021-06-16T09:37:59,1000.0,17.9,B
2021-06-16T09:37:59,2300.0,17.9,B
2021-06-16T09:37:57,500.0,17.9,B
2021-06-16T09:37:57,100.0,17.9,B
2021-06-16T09:37:52,500.0,17.85,B
2021-06-16T09:37:52,3500.0,17.85,B
2021-06-16T09:37:52,1000.0,17.85,B
2021-06-16T09:37:52,800.0,17.9,B
2021-06-16T09:37:52,9200.0,17.9,B
2021-06-16T09:37:51,200.0,17.9,B
2021-06-16T09:37:50,200.0,17.85,B
2021-06-16T09:37:46,700.0,17.9,B
2021-06-16T09:37:46,300.0,17.9,B
2021-06-16T09:37:40,200.0,17.9,B
2021-06-16T09:37:34,39000.0,17.9,B
2021-06-16T09:37:32,200.0,17.85,B
2021-06-16T09:37:32,14800.0,17.85,B
2021-06-16T09:37:30,10000.0,17.9,B
2021-06-16T09:37:30,400.0,17.9,B
2021-06-16T09:37:30,300.0,17.9,B
2021-06-16T09:37:30,400.0,17.9,B
2021-06-16T09:37:26,2000.0,17.85,B
2021-06-16T09:37:23,2500.0,17.9,B
2021-06-16T09:37:21,1300.0,17.9,B
2021-06-16T09:37:18,100.0,17.9,B
2021-06-16T09:37:16,1900.0,17.9,B
2021-06-16T09:37:16,100.0,17.85,B
2021-06-16T09:37:11,5600.0,17.9,B
2021-06-16T09:37:02,3000.0,17.85,B
2021-06-16T09:36:58,300.0,17.9,B
2021-06-16T09:36:57,100.0,17.9,B
2021-06-16T09:36:53,3500.0,17.85,B
2021-06-16T09:36:52,2400.0,17.9,B
2021-06-16T09:36:52,200.0,17.9,B
2021-06-16T09:36:50,2800.0,17.9,B
2021-06-16T09:36:47,10000.0,17.9,B
2021-06-16T09:36:46,800.0,17.9,B
2021-06-16T09:36:44,1200.0,17.9,B
2021-06-16T09:36:42,2100.0,17.9,B
2021-06-16T09:36:41,100.0,17.9,B
2021-06-16T09:36:40,30000.0,17.9,B
2021-06-16T09:36:40,900.0,17.9,B
2021-06-16T09:36:39,10000.0,17.85,B
2021-06-16T09:36:33,3500.0,17.85,B
2021-06-16T09:36:24,2000.0,17.9,B
2021-06-16T09:36:24,400.0,17.9,B
2021-06-16T09:36:21,100.0,17.9,B
2021-06-16T09:36:15,3000.0,17.85,B
2021-06-16T09:36:12,1000.0,17.85,B
2021-06-16T09:36:02,10000.0,17.85,B
2021-06-16T09:36:02,5000.0,17.85,B
2021-06-16T09:35:52,1000.0,17.9,B
2021-06-16T09:35:50,1000.0,17.9,B
2021-06-16T09:35:45,13000.0,17.9,B
2021-06-16T09:35:43,500.0,17.85,B
2021-06-16T09:35:43,3000.0,17.85,B
2021-06-16T09:35:39,10100.0,17.9,B
2021-06-16T09:35:36,3000.0,17.85,B
2021-06-16T09:35:34,1100.0,17.85,B
2021-06-16T09:35:34,100.0,17.9,B
2021-06-16T09:35:30,11000.0,17.85,B
2021-06-16T09:35:30,1100.0,17.85,B
2021-06-16T09:35:30,2000.0,17.85,B
2021-06-16T09:35:30,1300.0,17.85,B
2021-06-16T09:35:30,1000.0,17.85,B
2021-06-16T09:35:30,16000.0,17.85,B
2021-06-16T09:35:30,300.0,17.85,B
2021-06-16T09:35:30,300.0,17.85,B
2021-06-16T09:35:30,1300.0,17.85,B
2021-06-16T09:35:30,5100.0,17.85,B
2021-06-16T09:35:27,200.0,17.85,B
2021-06-16T09:35:22,2700.0,17.85,B
2021-06-16T09:35:21,1600.0,17.85,B
2021-06-16T09:35:17,10000.0,17.85,B
2021-06-16T09:35:16,3300.0,17.85,B
2021-06-16T09:35:05,200.0,17.8,S
2021-06-16T09:35:01,1000.0,17.85,B
2021-06-16T09:35:00,4600.0,17.85,B
2021-06-16T09:34:49,200.0,17.85,B
2021-06-16T09:34:46,1000.0,17.8,S
2021-06-16T09:34:46,100.0,17.8,S
2021-06-16T09:34:44,3500.0,17.85,B
2021-06-16T09:34:42,600.0,17.85,B
2021-06-16T09:34:41,3000.0,17.85,B
2021-06-16T09:34:40,3000.0,17.8,B
2021-06-16T09:34:39,20000.0,17.85,B
2021-06-16T09:34:37,500.0,17.8,B
2021-06-16T09:34:37,100.0,17.85,B
2021-06-16T09:34:34,400.0,17.85,B
2021-06-16T09:34:29,25000.0,17.85,B
2021-06-16T09:34:27,800.0,17.85,B
2021-06-16T09:34:26,100.0,17.8,B
2021-06-16T09:34:24,2300.0,17.85,B
2021-06-16T09:34:23,1500.0,17.85,B
2021-06-16T09:34:21,100.0,17.8,B
2021-06-16T09:34:21,800.0,17.85,B
2021-06-16T09:34:16,500.0,17.8,B
2021-06-16T09:34:16,1000.0,17.85,B
2021-06-16T09:34:13,100.0,17.85,B
2021-06-16T09:34:10,2500.0,17.85,B
2021-06-16T09:34:10,100.0,17.85,B
2021-06-16T09:34:09,100.0,17.85,B
2021-06-16T09:34:04,800.0,17.85,B
2021-06-16T09:34:04,5000.0,17.85,B
2021-06-16T09:34:02,2000.0,17.85,B
2021-06-16T09:34:02,400.0,17.85,B
2021-06-16T09:34:01,1000.0,17.85,B
2021-06-16T09:33:59,1000.0,17.85,B
2021-06-16T09:33:59,9000.0,17.85,B
2021-06-16T09:33:59,1000.0,17.85,B
2021-06-16T09:33:57,3500.0,17.85,B
2021-06-16T09:33:54,1600.0,17.85,B
2021-06-16T09:33:52,2500.0,17.85,B
2021-06-16T09:33:49,500.0,17.85,B
2021-06-16T09:33:49,100.0,17.8,B
2021-06-16T09:33:43,700.0,17.85,B
2021-06-16T09:33:39,3200.0,17.85,B
2021-06-16T09:33:38,100.0,17.8,B
2021-06-16T09:33:37,10000.0,17.85,B
2021-06-16T09:33:37,1900.0,17.85,B
2021-06-16T09:33:37,100.0,17.85,B
2021-06-16T09:33:36,100.0,17.8,B
2021-06-16T09:33:32,6500.0,17.85,B
2021-06-16T09:33:31,3400.0,17.85,B
2021-06-16T09:33:27,500.0,17.85,B
2021-06-16T09:33:25,3500.0,17.85,B
2021-06-16T09:33:23,14000.0,17.8,B
2021-06-16T09:33:17,1700.0,17.8,B
2021-06-16T09:33:14,1000.0,17.8,B
2021-06-16T09:33:14,200.0,17.8,B
2021-06-16T09:33:10,2000.0,17.8,B
2021-06-16T09:33:10,10000.0,17.8,B
2021-06-16T09:33:09,1000.0,17.85,B
2021-06-16T09:33:08,4000.0,17.85,B
2021-06-16T09:33:03,3500.0,17.85,B
2021-06-16T09:33:03,400.0,17.8,B
2021-06-16T09:33:02,200.0,17.85,B
2021-06-16T09:33:01,6400.0,17.8,B
2021-06-16T09:33:01,5000.0,17.85,B
2021-06-16T09:33:00,100.0,17.8,B
2021-06-16T09:32:58,500.0,17.8,B
2021-06-16T09:32:56,2100.0,17.8,B
2021-06-16T09:32:53,800.0,17.8,B
2021-06-16T09:32:52,2000.0,17.85,B
2021-06-16T09:32:51,3200.0,17.8,B
2021-06-16T09:32:51,63800.0,17.8,B
2021-06-16T09:32:46,5000.0,17.8,B
2021-06-16T09:32:44,120000.0,17.8,B
2021-06-16T09:32:44,100.0,17.75,S
2021-06-16T09:32:42,5000.0,17.8,B
2021-06-16T09:32:42,1700.0,17.75,S
2021-06-16T09:32:42,6000.0,17.75,S
2021-06-16T09:32:42,100.0,17.75,S
2021-06-16T09:32:41,100.0,17.75,S
2021-06-16T09:32:41,5000.0,17.75,S
2021-06-16T09:32:41,37100.0,17.75,S
2021-06-16T09:32:38,5000.0,17.8,B
2021-06-16T09:32:38,900.0,17.8,B
2021-06-16T09:32:33,2000.0,17.8,B
2021-06-16T09:32:32,200.0,17.8,B
2021-06-16T09:32:29,2800.0,17.8,B
2021-06-16T09:32:28,5600.0,17.8,B
2021-06-16T09:32:28,1400.0,17.8,B
2021-06-16T09:32:27,7100.0,17.8,B
2021-06-16T09:32:24,1000.0,17.75,B
2021-06-16T09:32:22,900.0,17.8,B
2021-06-16T09:32:19,2600.0,17.8,B
2021-06-16T09:32:19,10000.0,17.8,B
2021-06-16T09:32:19,2400.0,17.8,B
2021-06-16T09:32:19,300.0,17.8,B
2021-06-16T09:32:19,8700.0,17.8,B
2021-06-16T09:32:17,800.0,17.8,B
2021-06-16T09:32:12,900.0,17.8,B
2021-06-16T09:32:12,2400.0,17.8,B
2021-06-16T09:32:12,10000.0,17.8,B
2021-06-16T09:32:10,2200.0,17.8,B
2021-06-16T09:32:09,100.0,17.8,B
2021-06-16T09:32:07,5700.0,17.8,B
2021-06-16T09:32:07,300.0,17.8,B
2021-06-16T09:32:05,500.0,17.8,B
2021-06-16T09:32:04,1600.0,17.8,B
2021-06-16T09:32:04,2600.0,17.8,B
2021-06-16T09:32:03,2000.0,17.8,B
2021-06-16T09:32:01,1000.0,17.8,B
2021-06-16T09:31:56,200.0,17.8,B
2021-06-16T09:31:56,5000.0,17.8,B
2021-06-16T09:31:55,2200.0,17.8,B
2021-06-16T09:31:51,300.0,17.8,B
2021-06-16T09:31:46,200.0,17.8,B
2021-06-16T09:31:45,300.0,17.8,B
2021-06-16T09:31:45,2000.0,17.8,B
2021-06-16T09:31:35,500.0,17.8,B
2021-06-16T09:31:29,1000.0,17.75,B
2021-06-16T09:31:27,400.0,17.75,B
2021-06-16T09:31:21,100.0,17.8,B
2021-06-16T09:31:20,200.0,17.8,B
2021-06-16T09:31:18,100.0,17.8,B
2021-06-16T09:31:16,500.0,17.75,B
2021-06-16T09:31:11,800.0,17.8,B
2021-06-16T09:31:03,200.0,17.8,B
2021-06-16T09:31:01,1000.0,17.75,B
2021-06-16T09:30:57,100.0,17.8,B
2021-06-16T09:30:50,300.0,17.8,B
2021-06-16T09:30:49,400.0,17.8,B
2021-06-16T09:30:48,20000.0,17.8,B
2021-06-16T09:30:46,5000.0,17.75,B
2021-06-16T09:30:43,100.0,17.75,B
2021-06-16T09:30:43,2000.0,17.8,B
2021-06-16T09:30:42,1000.0,17.8,B
2021-06-16T09:30:39,1800.0,17.75,B
2021-06-16T09:30:37,100.0,17.75,B
2021-06-16T09:30:37,1000.0,17.75,B
2021-06-16T09:30:35,100.0,17.75,B
2021-06-16T09:30:33,6400.0,17.75,B
2021-06-16T09:30:33,1000.0,17.75,B
2021-06-16T09:30:30,1000.0,17.75,B
2021-06-16T09:30:28,78200.0,17.75,B
2021-06-16T09:30:28,1700.0,17.75,B
2021-06-16T09:30:28,10100.0,17.75,B
2021-06-16T09:30:27,200.0,17.75,B
2021-06-16T09:30:23,1000.0,17.75,B
2021-06-16T09:30:21,500.0,17.75,B
2021-06-16T09:30:20,500.0,17.75,B
2021-06-16T09:30:17,500.0,17.75,B
2021-06-16T09:30:11,2000.0,17.75,B
2021-06-16T09:30:10,5000.0,17.75,B
2021-06-16T09:30:09,13800.0,17.75,B
2021-06-16T09:30:09,100.0,17.75,B
2021-06-16T09:30:06,1000.0,17.7,S
2021-06-16T09:30:06,10000.0,17.75,B
2021-06-16T09:30:06,2000.0,17.75,B
2021-06-16T09:30:00,900.0,17.75,B
2021-06-16T09:29:57,4900.0,17.75,B
2021-06-16T09:29:56,200.0,17.75,B
2021-06-16T09:29:52,200.0,17.75,B
2021-06-16T09:29:41,5000.0,17.7,S
2021-06-16T09:29:41,3000.0,17.75,B
2021-06-16T09:29:41,200.0,17.7,S
2021-06-16T09:29:38,100.0,17.75,B
2021-06-16T09:29:32,1100.0,17.7,S
2021-06-16T09:29:20,500.0,17.75,B
2021-06-16T09:29:14,2000.0,17.7,B
2021-06-16T09:29:02,200.0,17.7,B
2021-06-16T09:29:01,100.0,17.7,B
2021-06-16T09:29:01,1000.0,17.7,B
2021-06-16T09:29:01,5300.0,17.7,B
2021-06-16T09:29:01,3000.0,17.7,B
2021-06-16T09:29:01,500.0,17.7,B
2021-06-16T09:29:01,700.0,17.7,B
2021-06-16T09:29:01,50000.0,17.7,B
2021-06-16T09:29:01,25700.0,17.7,B
2021-06-16T09:29:01,300.0,17.7,B
2021-06-16T09:29:01,6900.0,17.7,B
2021-06-16T09:29:00,10000.0,17.7,B
2021-06-16T09:29:00,10000.0,17.7,B
2021-06-16T09:28:57,2000.0,17.7,B
2021-06-16T09:28:55,2000.0,17.7,B
2021-06-16T09:28:54,10000.0,17.7,B
2021-06-16T09:28:51,1000.0,17.7,B
2021-06-16T09:28:51,700.0,17.7,B
2021-06-16T09:28:51,100.0,17.7,B
2021-06-16T09:28:50,100.0,17.7,B
2021-06-16T09:28:47,10000.0,17.7,B
2021-06-16T09:28:45,100.0,17.7,B
2021-06-16T09:28:45,3400.0,17.7,B
2021-06-16T09:28:42,400.0,17.65,S
2021-06-16T09:28:40,100.0,17.7,B
2021-06-16T09:28:39,2000.0,17.65,S
2021-06-16T09:28:39,6000.0,17.7,B
2021-06-16T09:28:38,100.0,17.65,S
2021-06-16T09:28:38,3000.0,17.65,S
2021-06-16T09:28:35,5000.0,17.7,B
2021-06-16T09:28:33,1000.0,17.65,S
2021-06-16T09:28:33,600.0,17.65,S
2021-06-16T09:28:32,2000.0,17.7,B
2021-06-16T09:28:30,100.0,17.65,S
2021-06-16T09:28:26,200.0,17.7,B
2021-06-16T09:28:25,5000.0,17.65,S
2021-06-16T09:28:18,400.0,17.7,B
2021-06-16T09:28:17,600.0,17.65,B
2021-06-16T09:28:16,1000.0,17.7,B
2021-06-16T09:28:08,1000.0,17.65,B
2021-06-16T09:27:58,2000.0,17.65,B
2021-06-16T09:27:51,100.0,17.65,B
2021-06-16T09:27:50,900.0,17.65,B
2021-06-16T09:27:50,2800.0,17.65,B
2021-06-16T09:27:50,400.0,17.65,B
2021-06-16T09:27:50,2800.0,17.65,B
2021-06-16T09:27:43,2000.0,17.65,B
2021-06-16T09:27:42,10000.0,17.65,B
2021-06-16T09:27:40,100.0,17.6,B
2021-06-16T09:27:36,100000.0,17.65,B
2021-06-16T09:27:25,600.0,17.65,B
2021-06-16T09:27:24,2000.0,17.65,B
2021-06-16T09:27:22,5000.0,17.6,B
2021-06-16T09:27:15,300.0,17.65,B
2021-06-16T09:27:07,2300.0,17.65,B
2021-06-16T09:27:02,100.0,17.65,B
2021-06-16T09:27:02,2100.0,17.6,B
2021-06-16T09:27:02,10700.0,17.6,B
2021-06-16T09:27:02,27200.0,17.6,B
2021-06-16T09:27:01,300.0,17.65,B
2021-06-16T09:26:57,3000.0,17.65,B
2021-06-16T09:26:57,400.0,17.65,B
2021-06-16T09:26:54,1000.0,17.65,B
2021-06-16T09:26:54,2000.0,17.65,B
2021-06-16T09:26:54,6000.0,17.65,B
2021-06-16T09:26:52,1800.0,17.65,B
2021-06-16T09:26:49,2000.0,17.65,B
2021-06-16T09:26:48,100.0,17.65,B
2021-06-16T09:26:47,100.0,17.65,B
2021-06-16T09:26:46,100.0,17.65,B
2021-06-16T09:26:46,100.0,17.65,B
2021-06-16T09:26:45,1000.0,17.65,B
2021-06-16T09:26:29,100.0,17.65,B
2021-06-16T09:26:26,500.0,17.6,B
2021-06-16T09:26:23,200.0,17.65,B
2021-06-16T09:26:21,2000.0,17.6,B
2021-06-16T09:26:19,100.0,17.65,B
2021-06-16T09:26:19,10000.0,17.65,B
2021-06-16T09:26:16,1000.0,17.6,B
2021-06-16T09:26:14,1000.0,17.6,B
2021-06-16T09:26:06,1200.0,17.65,B
2021-06-16T09:26:03,500.0,17.6,B
2021-06-16T09:25:58,100.0,17.6,B
2021-06-16T09:25:58,84600.0,17.6,B
2021-06-16T09:25:55,2100.0,17.6,B
2021-06-16T09:25:54,100.0,17.6,B
2021-06-16T09:25:53,2100.0,17.6,B
2021-06-16T09:25:51,400.0,17.6,B
2021-06-16T09:25:51,1400.0,17.6,B
2021-06-16T09:25:50,1000.0,17.6,B
2021-06-16T09:25:44,3000.0,17.6,B
2021-06-16T09:25:40,2600.0,17.6,B
2021-06-16T09:25:40,700.0,17.6,B
2021-06-16T09:25:40,177700.0,17.6,B
2021-06-16T09:25:35,1000.0,17.6,B
2021-06-16T09:25:31,1000.0,17.6,B
2021-06-16T09:25:28,2900.0,17.6,B
2021-06-16T09:25:28,3000.0,17.6,B
2021-06-16T09:25:23,200.0,17.6,B
2021-06-16T09:25:22,1100.0,17.6,B
2021-06-16T09:25:20,15000.0,17.6,B
2021-06-16T09:25:20,500.0,17.6,B
2021-06-16T09:25:16,100.0,17.6,B
2021-06-16T09:25:16,4900.0,17.6,B
2021-06-16T09:25:12,5300.0,17.6,B
2021-06-16T09:25:12,800.0,17.6,B
2021-06-16T09:25:12,5300.0,17.6,B
2021-06-16T09:25:12,5400.0,17.6,B
2021-06-16T09:25:12,6800.0,17.6,B
2021-06-16T09:25:12,11300.0,17.6,B
2021-06-16T09:25:12,300.0,17.6,B
2021-06-16T09:25:09,100.0,17.6,B
2021-06-16T09:25:04,1000.0,17.6,B
2021-06-16T09:25:02,1600.0,17.6,B
2021-06-16T09:25:02,10000.0,17.6,B
2021-06-16T09:25:01,100.0,17.55,S
2021-06-16T09:25:01,200.0,17.6,B
2021-06-16T09:25:00,100.0,17.6,B
2021-06-16T09:24:57,7000.0,17.6,B
2021-06-16T09:24:57,8000.0,17.6,B
2021-06-16T09:24:53,5000.0,17.6,B
2021-06-16T09:24:49,600.0,17.55,S
2021-06-16T09:24:48,900.0,17.6,B
2021-06-16T09:24:36,5000.0,17.55,S
2021-06-16T09:24:33,300.0,17.55,B
2021-06-16T09:24:32,3000.0,17.6,B
2021-06-16T09:24:29,100.0,17.6,B
2021-06-16T09:24:28,200.0,17.6,B
2021-06-16T09:24:27,500.0,17.6,B
2021-06-16T09:24:25,800.0,17.6,B
2021-06-16T09:24:25,500.0,17.6,B
2021-06-16T09:24:22,200.0,17.6,B
2021-06-16T09:24:20,500.0,17.6,B
2021-06-16T09:24:16,1100.0,17.6,B
2021-06-16T09:24:16,200.0,17.6,B
2021-06-16T09:24:14,800.0,17.6,B
2021-06-16T09:24:13,200.0,17.55,B
2021-06-16T09:24:12,100.0,17.6,B
2021-06-16T09:24:07,200.0,17.6,B
2021-06-16T09:24:06,1000.0,17.6,B
2021-06-16T09:23:54,200.0,17.6,B
2021-06-16T09:23:44,100.0,17.55,B
2021-06-16T09:23:43,200.0,17.55,B
2021-06-16T09:23:43,3600.0,17.55,B
2021-06-16T09:23:43,2000.0,17.55,B
2021-06-16T09:23:43,2000.0,17.55,B
2021-06-16T09:23:43,21000.0,17.55,B
2021-06-16T09:23:42,1000.0,17.55,B
2021-06-16T09:23:41,300.0,17.55,B
2021-06-16T09:23:37,1000.0,17.55,B
2021-06-16T09:23:37,100.0,17.55,B
2021-06-16T09:23:37,500.0,17.55,B
2021-06-16T09:23:35,80000.0,17.55,B
2021-06-16T09:23:34,3000.0,17.55,B
2021-06-16T09:23:33,8600.0,17.55,B
2021-06-16T09:23:22,2300.0,17.55,B
2021-06-16T09:23:22,4400.0,17.55,B
2021-06-16T09:23:21,1000.0,17.55,B
2021-06-16T09:23:19,500.0,17.5,S
2021-06-16T09:23:19,600.0,17.5,S
2021-06-16T09:23:17,100.0,17.55,B
2021-06-16T09:23:16,200.0,17.5,S
2021-06-16T09:23:16,300.0,17.5,S
2021-06-16T09:23:15,7300.0,17.5,S
2021-06-16T09:23:15,100.0,17.5,S
2021-06-16T09:23:14,50500.0,17.5,S
2021-06-16T09:23:13,5000.0,17.5,S
2021-06-16T09:23:12,50000.0,17.5,S
2021-06-16T09:23:12,200.0,17.5,S
2021-06-16T09:23:12,200.0,17.5,S
