tradingTime,volume,price,side
2021-06-16T14:20:27,500.0,80.8,S
2021-06-16T14:19:33,200.0,80.9,S
2021-06-16T14:19:27,2700.0,80.9,S
2021-06-16T14:18:51,2000.0,81.0,S
2021-06-16T14:18:40,1000.0,81.0,S
2021-06-16T14:18:38,100.0,81.0,S
2021-06-16T14:18:33,100.0,81.0,S
2021-06-16T14:18:04,1300.0,80.8,S
2021-06-16T14:18:04,1700.0,80.9,S
2021-06-16T14:17:26,1300.0,80.9,S
2021-06-16T14:17:20,200.0,81.0,S
2021-06-16T14:17:11,1000.0,81.0,S
2021-06-16T14:16:57,7100.0,80.9,S
2021-06-16T14:16:18,2200.0,81.3,S
2021-06-16T14:16:15,5000.0,81.3,S
2021-06-16T14:16:09,3700.0,81.3,S
2021-06-16T14:16:09,1300.0,81.0,S
2021-06-16T14:16:08,100.0,81.0,S
2021-06-16T14:15:49,300.0,81.0,S
2021-06-16T14:15:45,200.0,81.0,S
2021-06-16T14:15:40,100.0,81.0,S
2021-06-16T14:15:33,200.0,81.0,S
2021-06-16T14:15:23,300.0,80.9,S
2021-06-16T14:15:20,5000.0,81.0,S
2021-06-16T14:15:10,5000.0,81.0,S
2021-06-16T14:15:02,1000.0,81.0,S
2021-06-16T14:14:53,300.0,81.0,S
2021-06-16T14:14:48,300.0,81.0,S
2021-06-16T14:14:38,100.0,81.0,S
2021-06-16T14:14:29,300.0,80.9,S
2021-06-16T14:14:26,6100.0,81.0,S
2021-06-16T14:13:54,2000.0,81.1,S
2021-06-16T14:13:48,8000.0,81.0,S
2021-06-16T14:13:14,300.0,81.0,S
2021-06-16T14:13:14,700.0,81.0,S
2021-06-16T14:13:12,1000.0,81.5,B
2021-06-16T14:12:49,100.0,81.5,B
2021-06-16T14:12:45,8000.0,81.0,S
2021-06-16T14:12:32,1000.0,81.0,S
2021-06-16T14:12:29,1000.0,81.5,B
2021-06-16T14:10:29,100.0,81.0,S
2021-06-16T14:10:24,6400.0,81.0,S
2021-06-16T14:10:24,8300.0,81.0,S
2021-06-16T14:10:24,2500.0,81.1,S
2021-06-16T14:10:24,400.0,81.3,S
2021-06-16T14:10:24,1100.0,81.3,S
2021-06-16T14:10:23,1300.0,81.4,S
2021-06-16T14:10:22,1000.0,81.5,S
2021-06-16T14:09:34,100.0,81.4,S
2021-06-16T14:09:28,500.0,81.4,S
2021-06-16T14:09:05,200.0,81.4,S
2021-06-16T14:06:48,1300.0,81.4,S
2021-06-16T14:06:48,100.0,81.5,S
2021-06-16T14:06:48,2200.0,81.5,S
2021-06-16T14:05:43,1200.0,81.5,S
2021-06-16T14:04:46,1000.0,81.7,B
2021-06-16T14:04:34,600.0,81.5,S
2021-06-16T14:03:59,1000.0,81.7,B
2021-06-16T14:03:48,2600.0,81.5,S
2021-06-16T14:03:48,1100.0,81.7,B
2021-06-16T14:03:29,100.0,81.7,B
2021-06-16T14:03:08,300.0,81.7,B
2021-06-16T14:02:29,500.0,81.7,B
2021-06-16T14:02:29,1000.0,81.7,B
2021-06-16T14:02:26,1000.0,81.7,B
2021-06-16T14:02:21,600.0,81.7,B
2021-06-16T14:02:05,1400.0,81.7,B
2021-06-16T14:02:02,1000.0,81.7,B
2021-06-16T14:01:53,500.0,81.7,S
2021-06-16T14:01:37,1000.0,81.7,S
2021-06-16T14:00:41,200.0,81.7,S
2021-06-16T14:00:40,2300.0,81.7,S
2021-06-16T14:00:30,1000.0,81.7,S
2021-06-16T14:00:23,100.0,81.8,B
2021-06-16T14:00:01,300.0,81.8,B
2021-06-16T14:00:01,700.0,81.8,B
2021-06-16T13:58:33,900.0,81.8,S
2021-06-16T13:58:32,100.0,81.8,S
2021-06-16T13:58:18,2000.0,81.8,S
2021-06-16T13:57:59,800.0,81.7,S
2021-06-16T13:57:41,100.0,81.7,S
2021-06-16T13:57:29,100.0,81.7,S
2021-06-16T13:57:21,400.0,81.7,S
2021-06-16T13:57:13,200.0,81.8,S
2021-06-16T13:57:05,800.0,81.8,S
2021-06-16T13:56:33,1100.0,81.8,S
2021-06-16T13:56:18,1000.0,81.8,S
2021-06-16T13:55:31,400.0,81.9,S
2021-06-16T13:55:22,100.0,81.9,S
2021-06-16T13:54:10,500.0,82.0,B
2021-06-16T13:54:02,1700.0,81.9,S
2021-06-16T13:54:01,3300.0,81.9,S
2021-06-16T13:53:37,2500.0,82.0,B
2021-06-16T13:53:25,1000.0,82.0,B
2021-06-16T13:53:22,1000.0,82.0,B
2021-06-16T13:53:04,800.0,82.0,B
2021-06-16T13:52:25,500.0,81.9,B
2021-06-16T13:51:15,5000.0,82.0,B
2021-06-16T13:50:50,600.0,81.9,S
2021-06-16T13:50:33,500.0,81.9,S
2021-06-16T13:50:27,2000.0,81.9,S
2021-06-16T13:49:54,400.0,81.9,B
2021-06-16T13:49:39,700.0,81.9,B
2021-06-16T13:49:35,500.0,81.9,B
2021-06-16T13:49:35,4500.0,81.9,B
2021-06-16T13:49:29,100.0,81.9,B
2021-06-16T13:49:22,1000.0,81.9,B
2021-06-16T13:48:31,500.0,81.9,B
2021-06-16T13:48:19,1000.0,81.9,B
2021-06-16T13:48:09,500.0,81.9,B
2021-06-16T13:47:55,300.0,81.9,B
2021-06-16T13:47:48,500.0,81.9,B
2021-06-16T13:47:23,1000.0,81.9,B
2021-06-16T13:47:20,1000.0,81.9,B
2021-06-16T13:46:46,300.0,81.9,B
2021-06-16T13:46:38,100.0,81.7,S
2021-06-16T13:46:26,200.0,81.8,B
2021-06-16T13:46:01,300.0,81.8,B
2021-06-16T13:45:52,1000.0,81.9,B
2021-06-16T13:45:50,1000.0,81.9,B
2021-06-16T13:45:48,200.0,81.9,B
2021-06-16T13:45:48,100.0,81.9,B
2021-06-16T13:45:48,700.0,81.9,B
2021-06-16T13:45:47,1000.0,81.9,B
2021-06-16T13:45:46,600.0,81.9,B
2021-06-16T13:45:46,400.0,81.9,B
2021-06-16T13:45:45,800.0,81.9,B
2021-06-16T13:45:45,200.0,81.8,B
2021-06-16T13:44:34,100.0,81.7,S
2021-06-16T13:44:25,100.0,81.8,B
2021-06-16T13:44:22,900.0,81.8,B
2021-06-16T13:44:20,1000.0,81.8,B
2021-06-16T13:44:19,1000.0,81.8,B
2021-06-16T13:44:06,200.0,81.7,S
2021-06-16T13:43:29,200.0,81.8,B
2021-06-16T13:43:00,2000.0,81.8,B
2021-06-16T13:42:53,100.0,81.7,S
2021-06-16T13:42:48,100.0,81.7,S
2021-06-16T13:42:38,100.0,81.8,B
2021-06-16T13:42:14,100.0,81.7,B
2021-06-16T13:42:05,100.0,81.7,B
2021-06-16T13:42:05,400.0,81.7,B
2021-06-16T13:41:47,1000.0,81.7,B
2021-06-16T13:41:42,1000.0,81.7,B
2021-06-16T13:41:42,1000.0,81.7,B
2021-06-16T13:41:32,600.0,81.7,B
2021-06-16T13:41:31,300.0,81.7,B
2021-06-16T13:41:31,100.0,81.7,B
2021-06-16T13:40:18,200.0,81.6,B
2021-06-16T13:40:18,200.0,81.6,B
2021-06-16T13:40:18,600.0,81.6,B
2021-06-16T13:40:07,200.0,81.6,B
2021-06-16T13:40:04,200.0,81.5,B
2021-06-16T13:39:42,100.0,81.5,B
2021-06-16T13:39:39,100.0,81.5,B
2021-06-16T13:39:28,200.0,81.5,B
2021-06-16T13:39:18,100.0,81.5,B
2021-06-16T13:38:47,2000.0,81.5,B
2021-06-16T13:38:40,100.0,81.4,S
2021-06-16T13:38:37,1300.0,81.5,B
2021-06-16T13:38:37,200.0,81.5,B
2021-06-16T13:38:15,1000.0,81.5,B
2021-06-16T13:38:14,500.0,81.5,B
2021-06-16T13:38:14,100.0,81.5,B
2021-06-16T13:38:14,400.0,81.5,B
2021-06-16T13:36:49,2500.0,81.5,B
2021-06-16T13:36:06,500.0,81.4,S
2021-06-16T13:35:44,200.0,81.5,B
2021-06-16T13:35:32,2300.0,81.5,B
2021-06-16T13:35:27,500.0,81.5,B
2021-06-16T13:35:23,2000.0,81.5,B
2021-06-16T13:35:11,3000.0,81.5,B
2021-06-16T13:35:04,200.0,81.5,B
2021-06-16T13:34:25,100.0,81.5,B
2021-06-16T13:33:54,100.0,81.4,S
2021-06-16T13:33:49,1000.0,81.5,B
2021-06-16T13:33:18,3000.0,81.5,B
2021-06-16T13:33:07,1000.0,81.5,B
2021-06-16T13:33:06,1000.0,81.5,B
2021-06-16T13:33:05,1000.0,81.5,B
2021-06-16T13:32:02,100.0,81.5,B
2021-06-16T13:31:47,100.0,81.5,B
2021-06-16T13:31:39,1000.0,81.5,B
2021-06-16T13:31:21,400.0,81.5,B
2021-06-16T13:30:46,200.0,81.5,B
2021-06-16T13:29:54,400.0,81.5,B
2021-06-16T13:29:54,300.0,81.5,B
2021-06-16T13:29:53,300.0,81.5,B
2021-06-16T13:29:51,1000.0,81.5,B
2021-06-16T13:29:22,100.0,81.3,B
2021-06-16T13:29:22,800.0,81.3,B
2021-06-16T13:29:18,100.0,81.3,B
2021-06-16T13:28:19,400.0,81.3,B
2021-06-16T13:27:51,1000.0,81.3,B
2021-06-16T13:25:21,600.0,81.1,S
2021-06-16T13:25:06,100.0,81.1,S
2021-06-16T13:24:54,200.0,81.3,B
2021-06-16T13:24:29,300.0,81.1,S
2021-06-16T13:23:43,1000.0,81.3,B
2021-06-16T13:23:22,900.0,81.3,B
2021-06-16T13:23:19,1000.0,81.1,S
2021-06-16T13:23:08,100.0,81.3,B
2021-06-16T13:22:53,2000.0,81.3,B
2021-06-16T13:22:18,100.0,81.3,B
2021-06-16T13:21:48,300.0,81.3,B
2021-06-16T13:21:11,300.0,81.3,B
2021-06-16T13:20:26,1000.0,81.3,B
2021-06-16T13:20:14,2000.0,81.3,B
2021-06-16T13:19:49,1000.0,81.3,B
2021-06-16T13:19:02,200.0,81.0,S
2021-06-16T13:19:00,400.0,81.3,B
2021-06-16T13:18:25,1900.0,81.0,S
2021-06-16T13:18:22,100.0,81.3,B
2021-06-16T13:17:50,200.0,81.5,B
2021-06-16T13:17:26,6600.0,81.1,S
2021-06-16T13:17:26,3400.0,81.2,S
2021-06-16T13:17:13,500.0,81.3,S
2021-06-16T13:17:07,300.0,81.3,S
2021-06-16T13:16:53,1000.0,81.3,S
2021-06-16T13:16:30,500.0,81.3,S
2021-06-16T13:16:26,200.0,81.4,S
2021-06-16T13:16:24,100.0,81.4,S
2021-06-16T13:16:14,700.0,81.4,S
2021-06-16T13:16:10,1000.0,81.4,S
2021-06-16T13:16:04,300.0,81.5,B
2021-06-16T13:15:39,2000.0,81.5,B
2021-06-16T13:15:09,400.0,81.4,S
2021-06-16T13:14:42,300.0,81.5,B
2021-06-16T13:13:39,800.0,81.5,B
2021-06-16T13:13:17,400.0,81.5,B
2021-06-16T13:13:02,1000.0,81.5,B
2021-06-16T13:12:53,400.0,81.4,S
2021-06-16T13:12:41,200.0,81.4,S
2021-06-16T13:12:33,4500.0,81.5,S
2021-06-16T13:12:10,100.0,81.5,S
2021-06-16T13:11:44,200.0,81.5,S
2021-06-16T13:11:43,1900.0,81.5,B
2021-06-16T13:11:36,100.0,81.5,B
2021-06-16T13:11:27,1000.0,81.4,S
2021-06-16T13:10:54,1000.0,81.4,B
2021-06-16T13:09:02,2000.0,81.3,S
2021-06-16T13:08:54,300.0,81.3,S
2021-06-16T13:07:48,200.0,81.3,S
2021-06-16T13:07:47,300.0,81.4,S
2021-06-16T13:07:47,200.0,81.4,S
2021-06-16T13:07:45,1000.0,81.4,S
2021-06-16T13:07:42,100.0,81.5,B
2021-06-16T13:07:23,3000.0,81.5,B
2021-06-16T13:07:08,1000.0,81.5,B
2021-06-16T13:07:06,4600.0,81.5,S
2021-06-16T13:05:41,100.0,81.8,B
2021-06-16T13:04:52,400.0,81.8,B
2021-06-16T13:04:32,300.0,81.8,B
2021-06-16T13:03:56,200.0,81.8,B
2021-06-16T13:03:46,300.0,81.8,B
2021-06-16T13:03:10,400.0,81.8,S
2021-06-16T13:03:08,200.0,81.8,S
2021-06-16T13:02:59,100.0,81.9,B
2021-06-16T13:02:38,3000.0,81.9,B
2021-06-16T13:02:34,500.0,81.9,B
2021-06-16T13:02:17,1000.0,81.9,B
2021-06-16T13:02:15,1000.0,81.9,B
2021-06-16T13:02:12,1000.0,81.9,B
2021-06-16T13:02:12,1000.0,81.9,B
2021-06-16T13:02:11,1000.0,81.9,B
2021-06-16T13:02:09,1000.0,81.9,B
2021-06-16T13:02:08,1000.0,81.9,B
2021-06-16T13:02:04,1000.0,81.9,B
2021-06-16T13:02:04,100.0,81.9,B
2021-06-16T13:02:01,1000.0,81.9,B
2021-06-16T13:02:00,1000.0,81.9,B
2021-06-16T13:01:58,1000.0,81.9,B
2021-06-16T13:01:12,100.0,81.9,B
2021-06-16T13:01:11,200.0,81.9,B
2021-06-16T13:01:07,100.0,81.8,S
2021-06-16T13:01:06,400.0,81.6,S
2021-06-16T13:01:05,1000.0,81.6,S
2021-06-16T13:01:03,200.0,81.6,S
2021-06-16T13:01:03,200.0,81.6,S
2021-06-16T13:00:58,200.0,81.6,S
2021-06-16T13:00:57,1000.0,81.6,S
2021-06-16T13:00:55,200.0,81.6,S
2021-06-16T13:00:44,100.0,81.9,B
2021-06-16T13:00:41,400.0,81.9,B
2021-06-16T13:00:40,600.0,81.9,B
2021-06-16T13:00:38,1700.0,81.9,B
2021-06-16T13:00:38,5000.0,81.5,S
2021-06-16T13:00:38,400.0,81.7,S
2021-06-16T13:00:33,500.0,81.9,B
2021-06-16T13:00:31,100.0,81.9,B
2021-06-16T13:00:27,700.0,81.9,B
2021-06-16T13:00:27,900.0,81.9,B
2021-06-16T13:00:27,100.0,81.9,B
2021-06-16T13:00:26,200.0,81.8,S
2021-06-16T13:00:25,300.0,81.8,S
2021-06-16T11:30:19,100.0,81.9,B
2021-06-16T11:30:14,700.0,81.9,B
2021-06-16T11:29:58,1000.0,82.0,B
2021-06-16T11:29:56,1000.0,82.0,B
2021-06-16T11:29:27,200.0,82.0,B
2021-06-16T11:29:19,500.0,81.9,S
2021-06-16T11:29:15,400.0,81.9,B
2021-06-16T11:29:10,700.0,81.9,B
2021-06-16T11:29:10,11300.0,81.9,B
2021-06-16T11:29:10,700.0,81.8,B
2021-06-16T11:29:03,1300.0,81.8,S
2021-06-16T11:29:01,18000.0,81.9,B
2021-06-16T11:28:57,1000.0,81.9,B
2021-06-16T11:28:50,1000.0,81.9,B
2021-06-16T11:28:45,1000.0,81.9,B
2021-06-16T11:28:31,900.0,81.8,B
2021-06-16T11:28:15,100.0,81.8,B
2021-06-16T11:28:02,300.0,81.8,B
2021-06-16T11:28:00,100.0,81.8,B
2021-06-16T11:27:36,500.0,81.8,B
2021-06-16T11:27:06,100.0,81.9,B
2021-06-16T11:27:01,100.0,81.9,B
2021-06-16T11:26:59,100.0,81.9,B
2021-06-16T11:26:59,700.0,81.9,B
2021-06-16T11:26:48,1700.0,81.9,B
2021-06-16T11:26:45,700.0,81.8,S
2021-06-16T11:26:40,200.0,81.9,B
2021-06-16T11:26:33,300.0,81.8,B
2021-06-16T11:26:20,1000.0,81.9,B
2021-06-16T11:26:20,1000.0,81.7,S
2021-06-16T11:26:05,1000.0,81.9,B
2021-06-16T11:25:54,100.0,81.8,S
2021-06-16T11:25:51,400.0,81.9,B
2021-06-16T11:25:51,600.0,81.9,B
2021-06-16T11:25:51,1000.0,81.9,B
2021-06-16T11:25:48,100.0,81.8,B
2021-06-16T11:25:34,100.0,81.8,S
2021-06-16T11:25:29,200.0,81.9,B
2021-06-16T11:25:24,600.0,81.8,S
2021-06-16T11:25:13,100.0,81.9,B
2021-06-16T11:25:11,300.0,81.9,B
2021-06-16T11:24:56,200.0,81.9,B
2021-06-16T11:24:38,500.0,81.9,B
2021-06-16T11:24:33,400.0,81.9,B
2021-06-16T11:24:27,7700.0,81.9,B
2021-06-16T11:24:24,200.0,81.9,B
2021-06-16T11:24:22,300.0,81.9,B
2021-06-16T11:24:19,100.0,81.9,B
2021-06-16T11:24:12,300.0,81.9,B
2021-06-16T11:24:11,200.0,81.7,S
2021-06-16T11:24:11,100.0,81.9,B
2021-06-16T11:24:06,100.0,81.9,B
2021-06-16T11:24:06,100.0,81.9,B
2021-06-16T11:24:06,800.0,81.9,B
2021-06-16T11:24:06,700.0,81.9,B
2021-06-16T11:23:56,1000.0,81.9,B
2021-06-16T11:23:55,100.0,81.7,S
2021-06-16T11:23:51,100.0,81.7,B
2021-06-16T11:23:49,1000.0,81.7,B
2021-06-16T11:23:34,200.0,81.7,B
2021-06-16T11:23:33,100.0,81.7,B
2021-06-16T11:23:32,100.0,81.6,S
2021-06-16T11:23:24,700.0,81.7,B
2021-06-16T11:23:18,200.0,81.5,S
2021-06-16T11:23:11,200.0,81.5,B
2021-06-16T11:23:11,300.0,81.5,B
2021-06-16T11:23:07,1000.0,81.5,B
2021-06-16T11:23:01,1800.0,81.5,B
2021-06-16T11:22:59,500.0,81.5,B
2021-06-16T11:22:58,300.0,81.5,B
2021-06-16T11:22:58,2000.0,81.5,B
2021-06-16T11:22:58,3000.0,81.5,B
2021-06-16T11:22:50,100.0,81.5,B
2021-06-16T11:22:48,100.0,81.5,B
2021-06-16T11:22:48,1000.0,81.5,B
2021-06-16T11:22:48,1100.0,81.5,B
2021-06-16T11:22:47,800.0,81.5,B
2021-06-16T11:22:44,400.0,81.5,B
2021-06-16T11:22:43,1000.0,81.5,B
2021-06-16T11:22:41,200.0,81.5,B
2021-06-16T11:22:40,2000.0,81.5,B
2021-06-16T11:22:39,200.0,81.5,B
2021-06-16T11:22:37,100.0,81.5,B
2021-06-16T11:22:33,400.0,81.5,B
2021-06-16T11:22:31,600.0,81.5,B
2021-06-16T11:22:26,300.0,81.2,S
2021-06-16T11:22:24,100.0,81.2,S
2021-06-16T11:22:16,400.0,81.3,B
2021-06-16T11:22:14,100.0,81.3,B
2021-06-16T11:22:03,300.0,81.2,B
2021-06-16T11:21:58,100.0,81.1,S
2021-06-16T11:21:56,900.0,81.2,B
2021-06-16T11:21:53,1000.0,81.2,B
2021-06-16T11:21:49,600.0,81.2,B
2021-06-16T11:21:46,800.0,81.1,B
2021-06-16T11:21:35,2700.0,81.0,B
2021-06-16T11:21:35,2000.0,81.0,B
2021-06-16T11:21:35,9300.0,81.0,B
2021-06-16T11:21:34,1500.0,81.0,B
2021-06-16T11:21:34,1000.0,81.0,B
2021-06-16T11:21:33,4000.0,81.0,B
2021-06-16T11:21:31,1000.0,81.0,B
2021-06-16T11:21:29,5000.0,81.0,B
2021-06-16T11:21:28,3000.0,81.0,B
2021-06-16T11:21:28,3600.0,81.0,B
2021-06-16T11:21:28,600.0,81.0,B
2021-06-16T11:21:28,100.0,81.0,B
2021-06-16T11:21:28,200.0,81.0,B
2021-06-16T11:21:28,3000.0,81.0,B
2021-06-16T11:21:28,8000.0,81.0,B
2021-06-16T11:21:28,3600.0,81.0,B
2021-06-16T11:21:28,800.0,81.0,B
2021-06-16T11:21:28,700.0,81.0,B
2021-06-16T11:21:28,200.0,81.0,B
2021-06-16T11:21:28,10500.0,81.0,B
2021-06-16T11:21:28,2100.0,81.0,B
2021-06-16T11:21:28,5500.0,81.0,B
2021-06-16T11:21:28,6200.0,81.0,B
2021-06-16T11:21:28,1000.0,81.0,B
2021-06-16T11:21:28,3900.0,81.0,B
2021-06-16T11:21:27,1000.0,81.0,B
2021-06-16T11:21:27,1000.0,81.0,B
2021-06-16T11:21:26,300.0,81.0,B
2021-06-16T11:21:25,800.0,81.0,B
2021-06-16T11:21:23,300.0,81.0,B
2021-06-16T11:21:23,600.0,81.0,B
2021-06-16T11:21:23,100.0,81.0,B
2021-06-16T11:21:23,1000.0,81.0,B
2021-06-16T11:21:21,1000.0,81.0,B
2021-06-16T11:21:17,8000.0,81.0,B
2021-06-16T11:21:10,300.0,81.0,B
2021-06-16T11:20:57,3000.0,81.0,B
2021-06-16T11:20:51,5000.0,81.0,B
2021-06-16T11:20:39,2000.0,81.0,B
2021-06-16T11:20:15,1000.0,81.0,B
2021-06-16T11:20:08,1000.0,81.0,B
2021-06-16T11:20:04,5000.0,80.9,S
2021-06-16T11:20:02,100.0,81.0,B
2021-06-16T11:19:39,900.0,80.9,S
2021-06-16T11:19:32,18000.0,80.9,B
2021-06-16T11:19:04,100.0,80.8,S
2021-06-16T11:18:33,1000.0,80.9,B
2021-06-16T11:18:25,2000.0,80.9,B
2021-06-16T11:18:19,1000.0,80.9,B
2021-06-16T11:18:17,500.0,80.9,B
2021-06-16T11:18:17,100.0,80.9,B
2021-06-16T11:18:16,400.0,80.9,B
2021-06-16T11:18:10,1000.0,80.9,B
2021-06-16T11:18:06,1000.0,80.9,B
2021-06-16T11:17:51,400.0,80.9,B
2021-06-16T11:17:37,100.0,80.9,B
2021-06-16T11:17:32,1800.0,80.8,B
2021-06-16T11:17:20,100.0,80.8,B
2021-06-16T11:17:11,1000.0,80.8,B
2021-06-16T11:16:53,400.0,80.8,B
2021-06-16T11:16:41,1000.0,80.8,B
2021-06-16T11:16:28,500.0,80.7,S
2021-06-16T11:16:01,100.0,80.7,S
2021-06-16T11:15:58,1000.0,80.8,B
2021-06-16T11:15:06,300.0,80.8,S
2021-06-16T11:15:06,500.0,80.8,S
2021-06-16T11:15:06,5100.0,80.8,S
2021-06-16T11:14:46,500.0,80.9,B
2021-06-16T11:14:29,1000.0,80.9,B
2021-06-16T11:14:25,1000.0,80.9,B
2021-06-16T11:14:12,100.0,80.8,S
2021-06-16T11:14:11,900.0,80.8,S
2021-06-16T11:14:07,200.0,80.9,B
2021-06-16T11:13:54,1700.0,80.9,B
2021-06-16T11:13:54,300.0,80.8,B
2021-06-16T11:13:35,5000.0,80.8,B
2021-06-16T11:13:22,1000.0,80.8,B
2021-06-16T11:13:20,1000.0,80.8,B
2021-06-16T11:13:12,500.0,80.8,B
2021-06-16T11:13:06,2000.0,80.8,B
2021-06-16T11:12:59,2000.0,80.8,B
2021-06-16T11:12:15,600.0,80.8,B
2021-06-16T11:12:06,1900.0,80.6,S
2021-06-16T11:12:06,400.0,80.6,S
2021-06-16T11:12:06,1800.0,80.6,S
2021-06-16T11:11:42,500.0,80.8,B
2021-06-16T11:11:37,1000.0,80.8,B
2021-06-16T11:11:35,200.0,80.8,B
2021-06-16T11:11:27,100.0,80.8,B
2021-06-16T11:11:22,600.0,80.8,B
2021-06-16T11:11:15,1000.0,80.8,B
2021-06-16T11:11:13,100.0,80.6,S
2021-06-16T11:11:10,1100.0,80.8,B
2021-06-16T11:11:09,200.0,80.8,B
2021-06-16T11:11:04,1000.0,80.6,S
2021-06-16T11:10:49,400.0,80.8,B
2021-06-16T11:10:48,200.0,80.8,B
2021-06-16T11:10:39,100.0,80.8,B
2021-06-16T11:10:30,300.0,80.8,B
2021-06-16T11:10:28,500.0,80.8,B
2021-06-16T11:10:19,400.0,80.8,B
2021-06-16T11:10:10,5000.0,80.8,B
2021-06-16T11:10:06,100.0,80.8,B
2021-06-16T11:09:58,200.0,80.8,B
2021-06-16T11:09:30,600.0,80.8,B
2021-06-16T11:09:26,500.0,80.8,B
2021-06-16T11:09:19,300.0,80.8,B
2021-06-16T11:09:19,200.0,80.7,B
2021-06-16T11:09:08,6000.0,80.8,B
2021-06-16T11:09:00,100.0,80.8,B
2021-06-16T11:08:50,700.0,80.8,B
2021-06-16T11:08:50,2300.0,80.8,B
2021-06-16T11:08:31,1000.0,80.7,B
2021-06-16T11:08:29,6000.0,80.6,S
2021-06-16T11:08:28,100.0,80.6,S
2021-06-16T11:08:21,100.0,80.6,S
2021-06-16T11:07:18,300.0,80.6,S
2021-06-16T11:06:41,4300.0,80.6,B
2021-06-16T11:06:40,200.0,80.6,B
2021-06-16T11:06:25,300.0,80.6,B
2021-06-16T11:06:10,200.0,80.7,B
2021-06-16T11:06:09,200.0,80.7,B
2021-06-16T11:06:09,100.0,80.7,B
2021-06-16T11:06:08,500.0,80.7,B
2021-06-16T11:06:06,200.0,80.6,S
2021-06-16T11:06:05,100.0,80.6,B
2021-06-16T11:06:03,1000.0,80.6,B
2021-06-16T11:06:02,1000.0,80.6,B
2021-06-16T11:06:00,100.0,80.6,B
2021-06-16T11:05:54,1000.0,80.6,B
2021-06-16T11:05:51,600.0,80.6,B
2021-06-16T11:05:40,500.0,80.6,B
2021-06-16T11:05:24,200.0,80.6,B
2021-06-16T11:05:05,300.0,80.6,S
2021-06-16T11:04:42,1000.0,80.7,B
2021-06-16T11:04:34,100.0,80.6,B
2021-06-16T11:04:28,100.0,80.6,B
2021-06-16T11:04:18,1700.0,80.6,S
2021-06-16T11:04:17,200.0,80.7,B
2021-06-16T11:04:16,1000.0,80.6,S
2021-06-16T11:03:59,1000.0,80.8,B
2021-06-16T11:03:49,10000.0,80.6,S
2021-06-16T11:03:37,5000.0,80.8,B
2021-06-16T11:03:24,300.0,80.8,B
2021-06-16T11:02:56,500.0,80.8,S
2021-06-16T11:02:49,800.0,80.9,B
2021-06-16T11:02:37,2400.0,80.8,B
2021-06-16T11:02:29,500.0,80.7,S
2021-06-16T11:02:07,600.0,80.7,S
2021-06-16T11:02:07,1400.0,80.7,S
2021-06-16T11:01:49,300.0,80.8,S
2021-06-16T11:01:43,500.0,80.8,S
2021-06-16T11:01:41,500.0,80.9,B
2021-06-16T11:01:32,100.0,80.9,B
2021-06-16T11:01:28,1000.0,80.9,B
2021-06-16T11:01:17,200.0,80.9,B
2021-06-16T11:01:15,200.0,80.8,S
2021-06-16T11:01:14,100.0,80.9,B
2021-06-16T11:01:00,100.0,80.9,B
2021-06-16T11:00:44,1000.0,80.9,B
2021-06-16T11:00:35,100.0,80.9,B
2021-06-16T11:00:12,100.0,80.9,B
2021-06-16T10:59:56,600.0,80.9,B
2021-06-16T10:59:52,100.0,80.9,B
2021-06-16T10:59:49,500.0,80.9,B
2021-06-16T10:59:49,500.0,80.9,B
2021-06-16T10:59:48,400.0,80.8,S
2021-06-16T10:59:39,800.0,80.9,B
2021-06-16T10:59:39,1500.0,80.8,S
2021-06-16T10:59:39,3500.0,80.8,S
2021-06-16T10:59:34,200.0,80.9,B
2021-06-16T10:59:33,100.0,80.9,B
2021-06-16T10:59:28,1000.0,80.9,B
2021-06-16T10:59:17,200.0,80.9,B
2021-06-16T10:59:14,100.0,80.8,S
2021-06-16T10:59:05,100.0,80.8,S
2021-06-16T10:58:46,100.0,80.9,B
2021-06-16T10:58:38,4000.0,80.8,S
2021-06-16T10:58:22,1000.0,80.8,S
2021-06-16T10:58:15,1400.0,80.9,B
2021-06-16T10:58:02,1000.0,80.8,S
2021-06-16T10:57:55,900.0,80.9,B
2021-06-16T10:57:42,200.0,80.8,S
2021-06-16T10:57:28,500.0,80.8,S
2021-06-16T10:57:27,2000.0,80.9,B
2021-06-16T10:57:26,300.0,80.9,B
2021-06-16T10:57:12,100.0,80.9,B
2021-06-16T10:57:12,900.0,80.9,B
2021-06-16T10:57:08,100.0,80.8,S
2021-06-16T10:57:07,1000.0,80.9,B
2021-06-16T10:56:38,1800.0,80.8,B
2021-06-16T10:56:13,200.0,80.8,B
2021-06-16T10:55:55,500.0,80.7,S
2021-06-16T10:55:37,900.0,80.8,B
2021-06-16T10:55:37,4100.0,80.8,B
2021-06-16T10:55:28,100.0,80.8,B
2021-06-16T10:55:22,100.0,80.8,B
2021-06-16T10:55:19,2000.0,80.7,S
2021-06-16T10:55:12,100.0,80.7,S
2021-06-16T10:55:10,100.0,80.7,S
2021-06-16T10:54:51,100.0,80.7,S
2021-06-16T10:54:49,200.0,80.7,S
2021-06-16T10:54:43,100.0,80.7,S
2021-06-16T10:54:38,500.0,80.7,S
2021-06-16T10:54:38,500.0,80.7,S
2021-06-16T10:54:37,1000.0,80.7,S
2021-06-16T10:54:02,900.0,80.7,B
2021-06-16T10:53:56,100.0,80.7,B
2021-06-16T10:53:55,3000.0,80.7,B
2021-06-16T10:53:54,1000.0,80.7,B
2021-06-16T10:53:53,100.0,80.7,B
2021-06-16T10:53:49,1000.0,80.7,B
2021-06-16T10:53:41,400.0,80.7,B
2021-06-16T10:53:32,600.0,80.7,B
2021-06-16T10:53:31,500.0,80.7,B
2021-06-16T10:53:29,500.0,80.7,B
2021-06-16T10:53:27,900.0,80.7,B
2021-06-16T10:53:17,2100.0,80.7,B
2021-06-16T10:53:14,300.0,80.7,B
2021-06-16T10:53:10,500.0,80.7,B
2021-06-16T10:53:04,100.0,80.7,B
2021-06-16T10:53:03,100.0,80.7,B
2021-06-16T10:53:00,1000.0,80.7,B
2021-06-16T10:52:45,1000.0,80.7,B
2021-06-16T10:52:43,100.0,80.6,B
2021-06-16T10:52:30,2500.0,80.7,B
2021-06-16T10:52:28,200.0,80.6,B
2021-06-16T10:52:27,2300.0,80.6,B
2021-06-16T10:52:24,200.0,80.6,B
2021-06-16T10:52:18,500.0,80.6,B
2021-06-16T10:52:16,100.0,80.6,B
2021-06-16T10:52:13,500.0,80.6,B
2021-06-16T10:52:10,1800.0,80.6,B
2021-06-16T10:52:06,100.0,80.6,B
2021-06-16T10:51:57,2000.0,80.5,S
2021-06-16T10:51:49,300.0,80.6,B
2021-06-16T10:51:46,100.0,80.6,B
2021-06-16T10:51:45,200.0,80.5,S
2021-06-16T10:51:38,300.0,80.6,B
2021-06-16T10:51:37,100.0,80.6,B
2021-06-16T10:51:36,200.0,80.5,S
2021-06-16T10:51:35,200.0,80.6,B
2021-06-16T10:51:25,4000.0,80.6,B
2021-06-16T10:51:11,1000.0,80.6,B
2021-06-16T10:51:09,1000.0,80.6,B
2021-06-16T10:51:00,1500.0,80.5,B
2021-06-16T10:50:59,900.0,80.5,B
2021-06-16T10:50:58,500.0,80.5,B
2021-06-16T10:50:57,1200.0,80.5,B
2021-06-16T10:50:53,300.0,80.5,B
2021-06-16T10:50:48,200.0,80.5,B
2021-06-16T10:50:43,1000.0,80.5,B
2021-06-16T10:50:41,200.0,80.5,B
2021-06-16T10:50:35,100.0,80.5,B
2021-06-16T10:50:34,1000.0,80.5,B
2021-06-16T10:50:28,100.0,80.5,B
2021-06-16T10:50:28,500.0,80.5,B
2021-06-16T10:50:19,300.0,80.5,B
2021-06-16T10:50:08,3000.0,80.5,B
2021-06-16T10:49:58,1000.0,80.5,B
2021-06-16T10:49:57,500.0,80.5,B
2021-06-16T10:49:57,1100.0,80.5,B
2021-06-16T10:49:57,7400.0,80.5,B
2021-06-16T10:49:57,1000.0,80.5,B
2021-06-16T10:49:50,1000.0,80.5,B
2021-06-16T10:49:01,200.0,80.4,S
2021-06-16T10:48:37,100.0,80.4,B
2021-06-16T10:48:35,100.0,80.4,B
2021-06-16T10:48:34,2300.0,80.4,B
2021-06-16T10:48:33,300.0,80.4,B
2021-06-16T10:48:32,300.0,80.4,B
2021-06-16T10:48:23,700.0,80.4,B
2021-06-16T10:48:22,800.0,80.4,B
2021-06-16T10:48:22,1500.0,80.4,B
2021-06-16T10:48:08,200.0,80.4,B
2021-06-16T10:48:06,200.0,80.4,B
2021-06-16T10:48:00,800.0,80.4,B
2021-06-16T10:47:54,100.0,80.4,B
2021-06-16T10:47:53,100.0,80.4,B
2021-06-16T10:47:33,100.0,80.4,B
2021-06-16T10:47:22,100.0,80.4,B
2021-06-16T10:47:11,1000.0,80.4,B
2021-06-16T10:46:59,300.0,80.4,B
2021-06-16T10:46:57,1000.0,80.4,B
2021-06-16T10:46:50,400.0,80.3,B
2021-06-16T10:46:48,200.0,80.4,B
2021-06-16T10:46:43,100.0,80.4,B
2021-06-16T10:46:41,2000.0,80.4,B
2021-06-16T10:46:29,1000.0,80.3,B
2021-06-16T10:45:56,300.0,80.3,B
2021-06-16T10:45:38,500.0,80.3,B
2021-06-16T10:45:19,1900.0,80.3,B
2021-06-16T10:45:14,2000.0,80.3,B
2021-06-16T10:44:37,400.0,80.3,B
2021-06-16T10:44:30,500.0,80.3,B
2021-06-16T10:44:26,500.0,80.3,B
2021-06-16T10:44:24,1000.0,80.3,B
2021-06-16T10:44:16,1000.0,80.3,B
2021-06-16T10:43:52,5000.0,80.3,B
2021-06-16T10:43:50,500.0,80.3,B
2021-06-16T10:43:44,100.0,80.1,B
2021-06-16T10:43:38,100.0,80.3,B
2021-06-16T10:43:34,100.0,80.3,B
2021-06-16T10:43:33,100.0,80.2,B
2021-06-16T10:43:29,4500.0,80.3,B
2021-06-16T10:43:29,800.0,80.3,B
2021-06-16T10:43:29,300.0,80.3,B
2021-06-16T10:43:06,400.0,80.3,B
2021-06-16T10:42:49,2000.0,80.1,B
2021-06-16T10:42:47,1000.0,80.1,B
2021-06-16T10:42:47,300.0,80.3,B
2021-06-16T10:42:45,100.0,80.2,B
2021-06-16T10:42:39,100.0,80.2,B
2021-06-16T10:42:32,200.0,80.2,B
2021-06-16T10:42:29,500.0,80.2,B
2021-06-16T10:42:21,1000.0,80.2,B
2021-06-16T10:42:12,100.0,80.2,B
2021-06-16T10:42:04,200.0,80.2,B
2021-06-16T10:42:04,1800.0,80.2,B
2021-06-16T10:42:04,400.0,80.0,B
2021-06-16T10:41:56,1300.0,80.2,B
2021-06-16T10:41:56,3700.0,80.2,B
2021-06-16T10:41:38,500.0,80.1,B
2021-06-16T10:41:26,1400.0,80.0,B
2021-06-16T10:41:23,500.0,80.0,B
2021-06-16T10:40:42,100.0,80.0,B
2021-06-16T10:40:40,200.0,80.0,B
2021-06-16T10:40:28,2000.0,80.0,B
2021-06-16T10:40:21,300.0,79.9,S
2021-06-16T10:40:19,200.0,80.0,B
2021-06-16T10:40:15,700.0,80.0,B
2021-06-16T10:40:12,200.0,80.0,B
2021-06-16T10:40:08,300.0,80.0,B
2021-06-16T10:40:06,3000.0,80.0,B
2021-06-16T10:39:59,100.0,80.0,B
2021-06-16T10:39:48,100.0,80.0,B
2021-06-16T10:39:34,2500.0,80.0,B
2021-06-16T10:39:25,4500.0,79.8,B
2021-06-16T10:39:22,500.0,79.8,B
2021-06-16T10:39:18,300.0,79.7,B
2021-06-16T10:39:16,100.0,79.8,B
2021-06-16T10:39:13,100.0,79.8,B
2021-06-16T10:39:12,200.0,79.7,B
2021-06-16T10:39:10,400.0,79.7,B
2021-06-16T10:39:07,500.0,79.7,B
2021-06-16T10:39:01,2800.0,79.7,B
2021-06-16T10:38:56,500.0,79.7,B
2021-06-16T10:38:51,1500.0,79.6,B
2021-06-16T10:38:51,500.0,79.6,B
2021-06-16T10:38:49,300.0,79.6,S
2021-06-16T10:38:49,100.0,79.6,S
2021-06-16T10:38:48,1000.0,79.6,S
2021-06-16T10:38:46,100.0,79.6,S
2021-06-16T10:38:45,400.0,79.6,S
2021-06-16T10:38:41,1000.0,79.6,S
2021-06-16T10:38:39,1200.0,79.6,S
2021-06-16T10:38:39,3000.0,79.6,S
2021-06-16T10:38:39,1000.0,79.6,S
2021-06-16T10:38:39,900.0,79.6,S
2021-06-16T10:38:38,200.0,79.7,B
2021-06-16T10:38:29,1000.0,79.7,B
2021-06-16T10:38:27,1500.0,79.7,B
2021-06-16T10:38:27,1000.0,79.7,B
2021-06-16T10:38:01,100.0,79.6,S
2021-06-16T10:37:59,400.0,79.6,S
2021-06-16T10:37:32,900.0,79.6,S
2021-06-16T10:37:19,700.0,79.6,B
2021-06-16T10:37:07,500.0,79.6,B
2021-06-16T10:37:05,500.0,79.6,B
2021-06-16T10:36:56,3000.0,79.6,B
2021-06-16T10:36:49,100.0,79.6,B
2021-06-16T10:36:47,200.0,79.6,B
2021-06-16T10:36:46,100.0,79.6,B
2021-06-16T10:36:42,500.0,79.6,B
2021-06-16T10:36:35,600.0,79.6,B
2021-06-16T10:36:35,500.0,79.6,B
2021-06-16T10:36:35,900.0,79.6,B
2021-06-16T10:36:32,200.0,79.6,B
2021-06-16T10:36:23,500.0,79.6,B
2021-06-16T10:36:22,500.0,79.6,B
2021-06-16T10:36:21,1000.0,79.6,B
2021-06-16T10:36:06,1500.0,79.6,B
2021-06-16T10:35:47,1000.0,79.6,B
2021-06-16T10:35:44,1000.0,79.6,B
2021-06-16T10:35:38,1000.0,79.6,B
2021-06-16T10:35:30,1000.0,79.4,S
2021-06-16T10:35:28,1000.0,79.4,S
2021-06-16T10:35:27,1000.0,79.4,S
2021-06-16T10:35:21,2700.0,79.4,S
2021-06-16T10:35:19,300.0,79.4,S
2021-06-16T10:35:09,100.0,79.6,B
2021-06-16T10:35:04,1200.0,79.5,B
2021-06-16T10:35:00,1100.0,79.4,S
2021-06-16T10:35:00,500.0,79.4,S
2021-06-16T10:35:00,100.0,79.4,S
2021-06-16T10:34:52,400.0,79.4,S
2021-06-16T10:34:43,100.0,79.4,S
2021-06-16T10:34:17,200.0,79.5,B
2021-06-16T10:34:13,800.0,79.5,B
2021-06-16T10:34:12,1000.0,79.4,S
2021-06-16T10:34:11,200.0,79.5,B
2021-06-16T10:34:11,800.0,79.5,B
2021-06-16T10:34:00,1000.0,79.5,B
2021-06-16T10:33:56,1000.0,79.5,B
2021-06-16T10:33:55,1000.0,79.5,B
2021-06-16T10:33:55,100.0,79.4,S
2021-06-16T10:33:50,500.0,79.5,B
2021-06-16T10:33:46,1000.0,79.5,B
2021-06-16T10:33:42,200.0,79.5,B
2021-06-16T10:33:40,800.0,79.4,S
2021-06-16T10:33:33,100.0,79.4,S
2021-06-16T10:33:20,100.0,79.4,S
2021-06-16T10:33:10,100.0,79.4,S
2021-06-16T10:33:10,300.0,79.4,S
2021-06-16T10:33:01,300.0,79.4,S
2021-06-16T10:32:58,200.0,79.4,S
2021-06-16T10:32:35,700.0,79.4,S
2021-06-16T10:32:17,200.0,79.4,S
2021-06-16T10:32:13,1200.0,79.3,S
2021-06-16T10:32:13,200.0,79.4,S
2021-06-16T10:32:06,3100.0,79.4,S
2021-06-16T10:32:02,200.0,79.5,B
2021-06-16T10:31:59,500.0,79.5,B
2021-06-16T10:31:55,100.0,79.5,B
2021-06-16T10:31:55,300.0,79.6,B
2021-06-16T10:31:46,300.0,79.5,B
2021-06-16T10:31:46,8200.0,79.5,B
2021-06-16T10:31:41,500.0,79.4,S
2021-06-16T10:31:38,100.0,79.4,S
2021-06-16T10:31:37,500.0,79.5,B
2021-06-16T10:31:36,800.0,79.4,S
2021-06-16T10:31:19,200.0,79.4,S
2021-06-16T10:30:49,100.0,79.4,S
2021-06-16T10:30:47,100.0,79.4,S
2021-06-16T10:30:46,300.0,79.5,B
2021-06-16T10:30:46,200.0,79.5,B
2021-06-16T10:30:46,5000.0,79.5,B
2021-06-16T10:30:38,100.0,79.5,B
2021-06-16T10:30:37,300.0,79.5,B
2021-06-16T10:30:36,100.0,79.4,S
2021-06-16T10:30:32,200.0,79.4,S
2021-06-16T10:29:57,2000.0,79.3,S
2021-06-16T10:29:42,300.0,79.4,S
2021-06-16T10:28:41,100.0,79.3,S
2021-06-16T10:28:39,400.0,79.3,S
2021-06-16T10:28:29,700.0,79.3,S
2021-06-16T10:28:27,600.0,79.3,S
2021-06-16T10:28:19,200.0,79.3,S
2021-06-16T10:28:18,1000.0,79.3,S
2021-06-16T10:28:16,1000.0,79.2,S
2021-06-16T10:28:13,200.0,79.3,S
2021-06-16T10:27:47,1000.0,79.3,S
2021-06-16T10:27:45,100.0,79.2,S
2021-06-16T10:27:39,100.0,79.3,S
2021-06-16T10:27:33,300.0,79.3,S
2021-06-16T10:27:26,100.0,79.3,S
2021-06-16T10:27:10,300.0,79.3,S
2021-06-16T10:27:03,300.0,79.3,S
2021-06-16T10:26:54,1000.0,79.3,S
2021-06-16T10:26:47,100.0,79.3,S
2021-06-16T10:26:46,100.0,79.3,S
2021-06-16T10:26:28,600.0,79.3,S
2021-06-16T10:26:22,100.0,79.3,S
2021-06-16T10:26:11,300.0,79.5,B
2021-06-16T10:26:07,1000.0,79.3,S
2021-06-16T10:25:56,100.0,79.3,S
2021-06-16T10:25:50,300.0,79.2,S
2021-06-16T10:25:48,500.0,79.2,S
2021-06-16T10:25:38,1300.0,79.2,S
2021-06-16T10:25:38,100.0,79.3,S
2021-06-16T10:25:12,300.0,79.3,S
2021-06-16T10:24:52,2600.0,79.2,S
2021-06-16T10:24:37,800.0,79.4,S
2021-06-16T10:24:11,1500.0,79.3,S
2021-06-16T10:24:08,500.0,79.3,S
2021-06-16T10:23:17,300.0,79.3,S
2021-06-16T10:23:17,100.0,79.3,S
2021-06-16T10:23:04,500.0,79.3,S
2021-06-16T10:22:13,1400.0,79.2,S
2021-06-16T10:21:22,5000.0,79.2,S
2021-06-16T10:21:03,700.0,79.5,S
2021-06-16T10:20:56,100.0,79.3,S
2021-06-16T10:20:41,2000.0,79.2,S
2021-06-16T10:20:34,300.0,79.3,S
2021-06-16T10:19:40,100.0,79.5,S
2021-06-16T10:19:38,100.0,79.5,S
2021-06-16T10:19:32,1000.0,79.5,S
2021-06-16T10:19:19,300.0,79.6,B
2021-06-16T10:19:06,1600.0,79.2,S
2021-06-16T10:19:06,100.0,79.5,S
2021-06-16T10:19:05,300.0,79.5,S
2021-06-16T10:19:02,700.0,79.5,S
2021-06-16T10:19:01,500.0,79.6,B
2021-06-16T10:19:01,500.0,79.6,B
2021-06-16T10:18:55,200.0,79.5,S
2021-06-16T10:18:47,100.0,79.5,S
2021-06-16T10:18:42,600.0,79.6,B
2021-06-16T10:18:38,1000.0,79.5,S
2021-06-16T10:18:34,2300.0,79.5,S
2021-06-16T10:17:44,1000.0,79.6,B
2021-06-16T10:17:42,1000.0,79.6,B
2021-06-16T10:17:35,300.0,79.6,B
2021-06-16T10:17:35,700.0,79.6,B
2021-06-16T10:17:26,200.0,79.5,S
2021-06-16T10:17:26,200.0,79.5,S
2021-06-16T10:17:22,1000.0,79.6,B
2021-06-16T10:17:20,100.0,79.5,S
2021-06-16T10:17:14,1000.0,79.5,S
2021-06-16T10:16:08,700.0,79.6,B
2021-06-16T10:16:05,500.0,79.5,S
2021-06-16T10:16:01,100.0,79.6,B
2021-06-16T10:15:41,100.0,79.6,B
2021-06-16T10:14:59,3000.0,79.5,S
2021-06-16T10:14:58,300.0,79.6,B
2021-06-16T10:14:34,1000.0,79.6,B
2021-06-16T10:14:31,2000.0,79.6,B
2021-06-16T10:13:37,300.0,79.6,B
2021-06-16T10:12:51,100.0,79.6,S
2021-06-16T10:12:43,1000.0,79.6,S
2021-06-16T10:12:06,1000.0,79.6,S
2021-06-16T10:10:15,100.0,79.6,S
2021-06-16T10:10:14,200.0,79.6,S
2021-06-16T10:10:09,800.0,79.5,S
2021-06-16T10:09:43,400.0,79.6,S
2021-06-16T10:09:43,100.0,79.6,S
2021-06-16T10:09:32,1500.0,79.6,S
2021-06-16T10:09:24,1000.0,79.6,S
2021-06-16T10:09:16,1000.0,79.6,S
2021-06-16T10:08:33,100.0,79.6,S
2021-06-16T10:08:05,300.0,79.6,S
2021-06-16T10:07:31,100.0,79.6,S
2021-06-16T10:06:52,1000.0,79.6,S
2021-06-16T10:06:43,200.0,79.6,S
2021-06-16T10:06:08,100.0,79.6,S
2021-06-16T10:06:07,900.0,79.2,S
2021-06-16T10:06:07,200.0,79.5,S
2021-06-16T10:05:56,200.0,79.8,B
2021-06-16T10:05:37,900.0,79.5,S
2021-06-16T10:05:37,400.0,79.5,S
2021-06-16T10:05:37,2700.0,79.6,S
2021-06-16T10:05:28,100.0,79.6,S
2021-06-16T10:05:28,500.0,79.6,S
2021-06-16T10:05:28,100.0,79.6,S
2021-06-16T10:05:28,400.0,79.6,S
2021-06-16T10:05:28,1600.0,79.6,S
2021-06-16T10:05:28,100.0,79.6,S
2021-06-16T10:05:28,1200.0,79.6,S
2021-06-16T10:05:27,1000.0,79.6,S
2021-06-16T10:04:59,100.0,79.6,S
2021-06-16T10:04:19,300.0,79.6,S
2021-06-16T10:04:19,700.0,79.6,S
2021-06-16T10:03:36,4000.0,79.6,S
2021-06-16T10:03:20,1200.0,79.6,S
2021-06-16T10:03:16,1000.0,79.7,S
2021-06-16T10:02:25,200.0,79.8,S
2021-06-16T10:02:21,100.0,79.8,S
2021-06-16T10:02:16,100.0,79.8,S
2021-06-16T10:02:15,500.0,79.8,S
2021-06-16T10:02:04,100.0,79.9,B
2021-06-16T10:01:33,400.0,79.9,S
2021-06-16T10:01:33,500.0,79.9,S
2021-06-16T10:01:03,100.0,79.9,S
2021-06-16T10:00:57,300.0,79.9,S
2021-06-16T10:00:35,100.0,79.9,S
2021-06-16T10:00:14,100.0,79.9,S
2021-06-16T10:00:08,700.0,80.0,B
2021-06-16T10:00:04,1100.0,80.0,B
2021-06-16T09:59:48,2000.0,80.0,B
2021-06-16T09:59:41,1000.0,80.0,B
2021-06-16T09:59:40,500.0,80.0,B
2021-06-16T09:59:34,1700.0,80.0,B
2021-06-16T09:59:24,100.0,79.9,S
2021-06-16T09:59:19,600.0,79.9,S
2021-06-16T09:59:16,700.0,80.0,B
2021-06-16T09:58:58,400.0,80.0,B
2021-06-16T09:58:51,200.0,80.1,B
2021-06-16T09:58:50,600.0,80.0,B
2021-06-16T09:58:42,600.0,79.9,S
2021-06-16T09:58:28,2200.0,79.9,S
2021-06-16T09:58:22,100.0,80.0,B
2021-06-16T09:58:17,500.0,80.0,B
2021-06-16T09:58:08,1000.0,80.0,B
2021-06-16T09:58:03,100.0,80.0,B
2021-06-16T09:57:53,2000.0,80.0,B
2021-06-16T09:57:52,400.0,80.0,B
2021-06-16T09:57:52,1100.0,80.0,B
2021-06-16T09:57:52,1300.0,80.0,B
2021-06-16T09:57:52,300.0,80.0,B
2021-06-16T09:57:52,400.0,80.0,B
2021-06-16T09:57:43,400.0,80.1,S
2021-06-16T09:57:42,1000.0,80.1,S
2021-06-16T09:57:41,1000.0,80.1,S
2021-06-16T09:57:27,300.0,80.0,S
2021-06-16T09:57:27,200.0,80.0,S
2021-06-16T09:57:27,1000.0,80.0,S
2021-06-16T09:56:38,800.0,80.1,S
2021-06-16T09:56:37,1000.0,80.2,S
2021-06-16T09:56:30,200.0,80.1,S
2021-06-16T09:56:29,1000.0,80.2,S
2021-06-16T09:56:14,100.0,80.0,S
2021-06-16T09:56:07,300.0,80.2,S
2021-06-16T09:56:06,1000.0,80.1,S
2021-06-16T09:56:03,200.0,80.0,S
2021-06-16T09:55:33,900.0,80.0,S
2021-06-16T09:55:27,100.0,80.0,S
2021-06-16T09:55:06,1300.0,80.3,S
2021-06-16T09:54:57,300.0,80.0,S
2021-06-16T09:54:57,600.0,80.0,S
2021-06-16T09:54:53,1000.0,80.0,S
2021-06-16T09:54:47,400.0,80.1,S
2021-06-16T09:54:45,600.0,80.0,S
2021-06-16T09:54:33,100.0,80.0,S
2021-06-16T09:54:27,100.0,80.1,S
2021-06-16T09:54:14,500.0,80.0,S
2021-06-16T09:53:59,1000.0,80.1,S
2021-06-16T09:53:56,1000.0,80.1,S
2021-06-16T09:53:56,1300.0,80.1,S
2021-06-16T09:53:38,1000.0,80.1,S
2021-06-16T09:53:37,500.0,80.1,S
2021-06-16T09:53:37,1000.0,80.1,S
2021-06-16T09:53:34,1000.0,80.1,S
2021-06-16T09:53:29,3000.0,80.1,S
2021-06-16T09:53:29,200.0,80.0,S
2021-06-16T09:53:29,300.0,80.0,S
2021-06-16T09:53:29,100.0,80.1,S
2021-06-16T09:53:15,500.0,80.1,S
2021-06-16T09:53:13,1000.0,80.1,S
2021-06-16T09:53:11,1000.0,80.1,S
2021-06-16T09:53:07,100.0,80.1,S
2021-06-16T09:53:06,2300.0,80.1,S
2021-06-16T09:52:22,300.0,80.2,S
2021-06-16T09:51:51,1000.0,80.1,S
2021-06-16T09:51:03,7100.0,80.1,S
2021-06-16T09:50:53,600.0,80.2,S
2021-06-16T09:50:53,1200.0,80.2,S
2021-06-16T09:50:52,900.0,80.2,S
2021-06-16T09:50:52,100.0,80.2,S
2021-06-16T09:50:51,100.0,80.2,S
2021-06-16T09:49:55,3200.0,80.3,S
2021-06-16T09:49:42,1000.0,80.3,S
2021-06-16T09:49:28,100.0,80.4,B
2021-06-16T09:49:28,300.0,80.4,B
2021-06-16T09:49:06,200.0,80.3,S
2021-06-16T09:48:45,200.0,80.4,B
2021-06-16T09:48:44,100.0,80.3,S
2021-06-16T09:47:56,2000.0,80.3,S
2021-06-16T09:47:26,100.0,80.4,S
2021-06-16T09:47:23,100.0,80.4,S
2021-06-16T09:47:07,300.0,80.4,S
2021-06-16T09:47:07,1000.0,80.4,S
2021-06-16T09:45:43,500.0,80.4,S
2021-06-16T09:45:24,100.0,80.4,S
2021-06-16T09:45:17,200.0,80.4,S
2021-06-16T09:45:03,100.0,80.4,S
2021-06-16T09:45:03,200.0,80.3,S
2021-06-16T09:45:03,200.0,80.3,S
2021-06-16T09:45:03,100.0,80.3,S
2021-06-16T09:44:49,800.0,80.4,S
2021-06-16T09:44:39,300.0,80.4,S
2021-06-16T09:44:31,1000.0,80.4,S
2021-06-16T09:43:56,900.0,80.5,B
2021-06-16T09:43:44,900.0,80.5,B
2021-06-16T09:43:38,200.0,80.4,S
2021-06-16T09:43:38,200.0,80.4,S
2021-06-16T09:43:38,1600.0,80.4,S
2021-06-16T09:43:31,800.0,80.5,B
2021-06-16T09:43:31,200.0,80.5,B
2021-06-16T09:43:26,1000.0,80.5,B
2021-06-16T09:43:18,1000.0,80.5,B
2021-06-16T09:43:11,100.0,80.5,B
2021-06-16T09:42:40,1000.0,80.5,B
2021-06-16T09:42:33,500.0,80.5,B
2021-06-16T09:41:47,200.0,80.5,B
2021-06-16T09:41:18,500.0,80.5,S
2021-06-16T09:41:16,200.0,80.5,S
2021-06-16T09:39:41,100.0,80.4,S
2021-06-16T09:39:26,400.0,80.4,S
2021-06-16T09:39:16,1200.0,80.7,B
2021-06-16T09:38:44,500.0,80.5,S
2021-06-16T09:38:44,100.0,80.5,S
2021-06-16T09:38:32,500.0,80.7,B
2021-06-16T09:38:32,100.0,80.6,S
2021-06-16T09:38:32,2400.0,80.6,S
2021-06-16T09:38:07,900.0,80.6,S
2021-06-16T09:37:59,1000.0,80.6,S
2021-06-16T09:37:52,400.0,80.5,S
2021-06-16T09:37:45,100.0,80.5,S
2021-06-16T09:37:35,1000.0,80.5,S
2021-06-16T09:37:12,400.0,80.5,S
2021-06-16T09:37:08,100.0,80.6,S
2021-06-16T09:36:52,1100.0,80.5,S
2021-06-16T09:36:44,500.0,80.5,S
2021-06-16T09:36:13,300.0,80.5,S
2021-06-16T09:36:05,500.0,80.5,S
2021-06-16T09:35:52,800.0,80.5,S
2021-06-16T09:35:49,200.0,80.5,S
2021-06-16T09:35:49,1000.0,80.5,S
2021-06-16T09:35:17,500.0,80.5,S
2021-06-16T09:34:55,100.0,80.5,S
2021-06-16T09:34:32,600.0,80.5,S
2021-06-16T09:33:43,900.0,80.5,S
2021-06-16T09:33:42,800.0,80.5,S
2021-06-16T09:33:39,100.0,80.5,S
2021-06-16T09:33:38,100.0,80.5,S
2021-06-16T09:33:36,700.0,80.5,S
2021-06-16T09:33:28,300.0,80.5,S
2021-06-16T09:33:27,100.0,80.5,S
2021-06-16T09:33:22,500.0,80.5,S
2021-06-16T09:33:13,400.0,80.5,S
2021-06-16T09:33:11,3100.0,80.5,S
2021-06-16T09:33:10,600.0,80.7,B
2021-06-16T09:32:58,200.0,80.6,B
2021-06-16T09:32:42,100.0,80.7,B
2021-06-16T09:32:19,100.0,80.5,S
2021-06-16T09:32:15,500.0,80.5,S
2021-06-16T09:32:07,1400.0,80.5,S
2021-06-16T09:32:07,600.0,80.5,S
2021-06-16T09:32:07,2900.0,80.5,S
2021-06-16T09:32:04,1000.0,80.7,B
2021-06-16T09:32:03,500.0,80.7,B
2021-06-16T09:31:54,1000.0,80.5,S
2021-06-16T09:31:44,100.0,80.6,B
2021-06-16T09:31:12,1200.0,80.5,S
2021-06-16T09:31:11,1000.0,80.6,B
2021-06-16T09:31:05,700.0,80.7,B
2021-06-16T09:31:04,500.0,80.6,B
2021-06-16T09:31:01,500.0,80.6,B
2021-06-16T09:31:00,500.0,80.6,B
2021-06-16T09:30:58,700.0,80.6,B
2021-06-16T09:30:55,1000.0,80.6,B
2021-06-16T09:30:38,100.0,80.6,B
2021-06-16T09:30:36,1000.0,80.5,S
2021-06-16T09:30:30,3000.0,80.6,B
2021-06-16T09:30:25,400.0,80.5,S
2021-06-16T09:30:23,100.0,80.6,B
2021-06-16T09:29:59,100.0,80.6,B
2021-06-16T09:29:45,100.0,80.6,B
2021-06-16T09:29:38,100.0,80.6,B
2021-06-16T09:29:35,600.0,80.5,S
2021-06-16T09:29:34,100.0,80.5,S
2021-06-16T09:29:30,100.0,80.6,B
2021-06-16T09:29:19,2000.0,80.6,B
2021-06-16T09:29:15,700.0,80.6,B
2021-06-16T09:29:05,200.0,80.6,B
2021-06-16T09:29:03,100.0,80.6,B
2021-06-16T09:28:58,100.0,80.5,S
2021-06-16T09:28:42,200.0,80.6,B
2021-06-16T09:28:39,100.0,80.5,B
2021-06-16T09:28:34,100.0,80.5,B
2021-06-16T09:28:33,100.0,80.2,B
2021-06-16T09:28:32,1000.0,80.5,B
2021-06-16T09:28:28,1200.0,80.5,B
2021-06-16T09:28:28,3000.0,80.5,B
2021-06-16T09:28:28,500.0,80.5,B
2021-06-16T09:28:28,5300.0,80.5,B
2021-06-16T09:27:55,100.0,80.5,B
2021-06-16T09:27:08,200.0,80.5,B
2021-06-16T09:26:43,200.0,80.5,B
2021-06-16T09:26:38,600.0,80.5,B
2021-06-16T09:26:38,2800.0,80.5,B
2021-06-16T09:26:38,100.0,80.1,B
2021-06-16T09:26:36,400.0,80.1,B
2021-06-16T09:26:19,100.0,80.1,S
2021-06-16T09:26:15,100.0,80.5,B
2021-06-16T09:25:21,1700.0,80.5,B
2021-06-16T09:25:20,1900.0,80.5,B
2021-06-16T09:25:14,4000.0,80.0,S
2021-06-16T09:25:11,100.0,80.5,B
2021-06-16T09:25:04,800.0,80.5,B
2021-06-16T09:24:38,100.0,80.5,B
2021-06-16T09:24:27,1000.0,80.5,B
2021-06-16T09:24:23,2000.0,80.1,S
2021-06-16T09:24:15,200.0,80.5,B
2021-06-16T09:23:57,100.0,80.1,S
2021-06-16T09:23:56,200.0,80.1,S
2021-06-16T09:23:50,1200.0,80.5,B
2021-06-16T09:23:35,200.0,80.1,S
2021-06-16T09:23:20,300.0,80.1,S
2021-06-16T09:22:55,300.0,80.1,S
2021-06-16T09:22:16,500.0,80.5,B
2021-06-16T09:22:13,10000.0,79.7,S
2021-06-16T09:22:10,100.0,80.5,B
2021-06-16T09:22:10,1900.0,80.5,B
2021-06-16T09:21:52,500.0,80.5,B
2021-06-16T09:21:51,500.0,80.5,B
2021-06-16T09:21:48,200.0,80.0,S
2021-06-16T09:21:47,2000.0,80.5,B
2021-06-16T09:21:27,700.0,80.5,B
2021-06-16T09:21:24,1000.0,79.7,S
2021-06-16T09:21:24,300.0,80.5,B
2021-06-16T09:21:24,100.0,80.5,B
2021-06-16T09:21:23,500.0,80.3,S
2021-06-16T09:21:04,900.0,80.5,B
2021-06-16T09:21:03,1500.0,79.7,S
2021-06-16T09:21:01,1700.0,80.0,S
2021-06-16T09:20:52,100.0,80.5,B
2021-06-16T09:20:44,2000.0,80.0,S
2021-06-16T09:20:25,100.0,80.5,B
2021-06-16T09:20:13,100.0,80.0,S
2021-06-16T09:20:04,1000.0,80.5,B
2021-06-16T09:19:56,600.0,80.5,B
2021-06-16T09:19:35,100.0,80.5,S
2021-06-16T09:19:20,600.0,79.6,S
2021-06-16T09:19:20,400.0,79.6,S
2021-06-16T09:19:20,100.0,79.6,S
2021-06-16T09:19:20,100.0,79.6,S
2021-06-16T09:19:20,400.0,79.6,S
2021-06-16T09:19:20,400.0,79.6,S
2021-06-16T09:19:20,3600.0,79.8,S
2021-06-16T09:19:20,1100.0,80.0,S
2021-06-16T09:19:20,1200.0,80.0,S
2021-06-16T09:19:20,2100.0,80.0,S
2021-06-16T09:19:10,1100.0,80.0,S
2021-06-16T09:18:54,300.0,80.0,S
2021-06-16T09:18:47,3000.0,80.0,S
2021-06-16T09:18:41,500.0,80.7,S
2021-06-16T09:18:41,2600.0,80.8,B
2021-06-16T09:18:33,400.0,80.7,B
2021-06-16T09:18:32,1000.0,80.6,S
2021-06-16T09:18:09,200.0,80.8,B
2021-06-16T09:18:08,500.0,80.8,B
2021-06-16T09:18:06,900.0,80.7,B
2021-06-16T09:18:06,2000.0,80.7,B
2021-06-16T09:18:06,400.0,80.5,S
2021-06-16T09:18:05,100.0,80.1,S
2021-06-16T09:18:03,500.0,80.5,S
2021-06-16T09:18:01,300.0,80.5,S
2021-06-16T09:18:01,6000.0,80.5,S
2021-06-16T09:18:01,1100.0,80.5,S
2021-06-16T09:17:48,100.0,80.8,B
2021-06-16T09:17:43,300.0,80.8,B
2021-06-16T09:17:39,1500.0,80.5,S
2021-06-16T09:17:31,1000.0,80.8,B
2021-06-16T09:17:29,100.0,80.8,B
2021-06-16T09:17:21,2600.0,80.8,B
2021-06-16T09:17:17,1300.0,80.8,B
2021-06-16T09:17:04,900.0,80.8,B
2021-06-16T09:17:02,2000.0,80.5,S
2021-06-16T09:17:00,200.0,80.8,B
2021-06-16T09:16:59,2000.0,80.5,S
2021-06-16T09:16:42,100.0,80.5,S
2021-06-16T09:16:36,300.0,80.8,B
2021-06-16T09:16:31,100.0,80.8,B
2021-06-16T09:16:29,1000.0,80.8,B
2021-06-16T09:16:29,300.0,80.5,S
2021-06-16T09:16:19,300.0,80.8,S
2021-06-16T09:16:18,200.0,80.9,B
2021-06-16T09:16:13,400.0,80.8,S
2021-06-16T09:16:03,100.0,80.8,B
2021-06-16T09:16:00,400.0,80.8,B
2021-06-16T09:15:58,300.0,80.5,S
