tradingTime,volume,price,side
2021-06-16T14:18:27,900.0,125.5,B
2021-06-16T14:18:27,100.0,125.5,B
2021-06-16T14:18:22,1000.0,125.5,B
2021-06-16T14:18:22,1000.0,125.5,B
2021-06-16T14:17:22,500.0,125.5,B
2021-06-16T14:16:07,500.0,125.5,B
2021-06-16T14:14:54,800.0,127.0,B
2021-06-16T14:14:54,400.0,127.0,B
2021-06-16T14:14:54,100.0,127.0,B
2021-06-16T14:14:54,1100.0,127.0,B
2021-06-16T14:14:54,600.0,126.8,B
2021-06-16T14:14:53,1000.0,125.5,B
2021-06-16T14:13:12,1000.0,126.5,B
2021-06-16T14:12:51,400.0,125.5,B
2021-06-16T14:11:02,100.0,125.5,S
2021-06-16T14:09:02,2100.0,125.5,S
2021-06-16T14:05:19,500.0,126.5,B
2021-06-16T14:04:30,100.0,126.0,S
2021-06-16T14:02:07,100.0,126.0,S
2021-06-16T14:01:29,700.0,126.0,B
2021-06-16T14:00:30,200.0,126.0,B
2021-06-16T14:00:30,2000.0,126.0,B
2021-06-16T13:58:52,2000.0,126.0,B
2021-06-16T13:58:37,200.0,125.0,S
2021-06-16T13:57:56,5000.0,125.0,S
2021-06-16T13:51:58,300.0,125.2,B
2021-06-16T13:50:44,100.0,125.2,B
2021-06-16T13:49:42,1000.0,125.2,B
2021-06-16T13:48:34,500.0,125.2,B
2021-06-16T13:47:03,500.0,125.2,S
2021-06-16T13:45:21,400.0,125.6,S
2021-06-16T13:44:28,1400.0,125.6,S
2021-06-16T13:44:28,600.0,125.7,S
2021-06-16T13:44:27,100.0,126.0,S
2021-06-16T13:41:47,200.0,126.0,B
2021-06-16T13:41:47,100.0,126.0,B
2021-06-16T13:41:03,100.0,126.0,B
2021-06-16T13:41:03,800.0,126.0,B
2021-06-16T13:39:58,600.0,126.0,S
2021-06-16T13:39:51,500.0,126.0,S
2021-06-16T13:39:51,100.0,126.2,S
2021-06-16T13:39:11,300.0,126.6,S
2021-06-16T13:38:49,200.0,126.6,S
2021-06-16T13:38:41,1000.0,126.6,S
2021-06-16T13:38:10,1000.0,126.6,S
2021-06-16T13:37:47,1000.0,126.6,S
2021-06-16T13:37:37,500.0,126.6,S
2021-06-16T13:35:54,2000.0,126.6,S
2021-06-16T13:33:05,500.0,126.6,S
2021-06-16T13:32:56,100.0,127.0,B
2021-06-16T13:32:34,200.0,127.0,B
2021-06-16T13:31:43,100.0,127.0,B
2021-06-16T13:29:33,400.0,127.0,S
2021-06-16T13:29:32,200.0,127.0,S
2021-06-16T13:27:49,500.0,127.0,B
2021-06-16T13:27:48,200.0,127.0,B
2021-06-16T13:27:23,500.0,127.0,B
2021-06-16T13:27:14,100.0,127.0,B
2021-06-16T13:26:54,1500.0,127.0,B
2021-06-16T13:26:46,200.0,126.0,S
2021-06-16T13:26:42,1500.0,126.0,S
2021-06-16T13:26:42,200.0,126.1,S
2021-06-16T13:26:42,100.0,126.5,S
2021-06-16T13:25:40,500.0,127.0,B
2021-06-16T13:25:39,100.0,127.0,B
2021-06-16T13:25:21,400.0,127.0,B
2021-06-16T13:24:32,2000.0,127.0,B
2021-06-16T13:24:12,2100.0,127.0,S
2021-06-16T13:23:43,200.0,127.8,B
2021-06-16T13:23:19,1800.0,128.0,B
2021-06-16T13:23:19,100.0,128.0,B
2021-06-16T13:23:19,3100.0,128.0,B
2021-06-16T13:22:24,400.0,128.0,B
2021-06-16T13:22:24,100.0,128.0,B
2021-06-16T13:22:24,1500.0,127.9,B
2021-06-16T13:22:13,200.0,127.5,B
2021-06-16T13:22:04,100.0,127.0,S
2021-06-16T13:21:43,500.0,127.1,B
2021-06-16T13:21:37,500.0,127.0,S
2021-06-16T13:21:34,100.0,127.0,S
2021-06-16T13:21:15,100.0,127.0,S
2021-06-16T13:21:13,100.0,127.0,S
2021-06-16T13:20:49,400.0,127.0,B
2021-06-16T13:20:49,3200.0,127.0,B
2021-06-16T13:20:49,900.0,127.0,B
2021-06-16T13:20:48,300.0,126.0,S
2021-06-16T13:20:42,1000.0,126.0,S
2021-06-16T13:20:42,600.0,126.5,S
2021-06-16T13:20:20,1600.0,126.5,B
2021-06-16T13:20:20,100.0,126.5,B
2021-06-16T13:19:59,300.0,126.5,B
2021-06-16T13:19:58,900.0,126.5,B
2021-06-16T13:19:48,1100.0,126.5,B
2021-06-16T13:19:48,600.0,126.5,B
2021-06-16T13:19:19,500.0,126.5,B
2021-06-16T13:19:19,1000.0,126.0,B
2021-06-16T13:19:19,500.0,126.0,B
2021-06-16T13:19:09,200.0,126.0,B
2021-06-16T13:19:09,400.0,126.0,B
2021-06-16T13:19:09,400.0,126.0,B
2021-06-16T13:19:09,2300.0,126.0,B
2021-06-16T13:19:09,100.0,126.0,B
2021-06-16T13:19:09,800.0,126.0,B
2021-06-16T13:19:09,400.0,126.0,B
2021-06-16T13:18:27,5000.0,126.0,B
2021-06-16T13:17:39,800.0,126.0,B
2021-06-16T13:17:12,700.0,126.0,B
2021-06-16T13:17:12,400.0,126.0,B
2021-06-16T13:17:12,1900.0,126.0,B
2021-06-16T13:16:51,400.0,125.8,B
2021-06-16T13:16:51,100.0,125.8,B
2021-06-16T13:16:32,500.0,125.8,B
2021-06-16T13:16:32,600.0,125.8,B
2021-06-16T13:16:32,1400.0,125.6,B
2021-06-16T13:16:31,500.0,125.5,B
2021-06-16T13:16:31,900.0,125.5,B
2021-06-16T13:16:25,100.0,125.5,B
2021-06-16T13:15:56,200.0,125.3,B
2021-06-16T13:15:51,700.0,125.3,B
2021-06-16T13:15:19,100.0,125.3,B
2021-06-16T13:15:02,100.0,125.3,B
2021-06-16T13:14:55,200.0,125.0,S
2021-06-16T13:14:29,100.0,125.3,B
2021-06-16T13:13:59,100.0,125.0,S
2021-06-16T13:13:42,100.0,125.3,B
2021-06-16T13:13:29,1200.0,125.0,B
2021-06-16T13:13:28,800.0,125.0,B
2021-06-16T13:13:20,100.0,125.0,B
2021-06-16T13:13:17,100.0,125.0,B
2021-06-16T13:13:06,500.0,125.0,B
2021-06-16T13:13:05,3000.0,125.0,B
2021-06-16T13:13:00,500.0,125.0,B
2021-06-16T13:12:52,800.0,125.0,B
2021-06-16T13:12:38,1000.0,125.0,B
2021-06-16T13:12:16,6000.0,125.0,B
2021-06-16T13:12:09,200.0,125.0,B
2021-06-16T13:11:16,1000.0,125.0,B
2021-06-16T13:09:09,100.0,125.0,B
2021-06-16T13:09:04,1000.0,125.0,B
2021-06-16T13:08:45,200.0,125.0,B
2021-06-16T13:05:52,1000.0,125.0,B
2021-06-16T13:05:27,500.0,125.0,B
2021-06-16T13:05:27,100.0,125.0,B
2021-06-16T13:05:22,400.0,125.0,B
2021-06-16T13:05:19,2000.0,125.0,B
2021-06-16T13:04:58,4000.0,125.0,B
2021-06-16T13:03:40,2000.0,125.0,B
2021-06-16T13:02:27,100.0,125.0,B
2021-06-16T13:02:20,100.0,125.0,B
2021-06-16T13:01:47,100.0,125.0,B
2021-06-16T13:01:47,600.0,125.0,B
2021-06-16T13:01:47,300.0,125.0,B
2021-06-16T13:01:33,100.0,125.0,B
2021-06-16T13:01:33,600.0,125.0,B
2021-06-16T13:00:52,200.0,125.0,B
2021-06-16T13:00:38,200.0,125.0,B
2021-06-16T13:00:38,200.0,125.0,B
2021-06-16T11:30:02,100.0,125.0,B
2021-06-16T11:29:55,1300.0,125.0,B
2021-06-16T11:28:07,100.0,125.0,B
2021-06-16T11:27:35,1300.0,125.0,B
2021-06-16T11:27:23,1700.0,124.6,S
2021-06-16T11:27:14,400.0,124.8,B
2021-06-16T11:27:10,500.0,124.8,B
2021-06-16T11:25:47,100.0,124.6,B
2021-06-16T11:25:33,100.0,124.6,S
2021-06-16T11:25:09,2000.0,124.8,B
2021-06-16T11:24:57,1200.0,124.8,B
2021-06-16T11:24:57,1100.0,124.7,B
2021-06-16T11:24:56,700.0,124.6,B
2021-06-16T11:19:40,1500.0,124.6,B
2021-06-16T11:18:21,400.0,124.4,B
2021-06-16T11:18:21,1600.0,124.3,B
2021-06-16T11:16:47,600.0,124.0,B
2021-06-16T11:16:33,500.0,124.0,B
2021-06-16T11:14:40,500.0,124.0,B
2021-06-16T11:13:52,3400.0,124.0,B
2021-06-16T11:09:18,1000.0,124.0,S
2021-06-16T11:07:50,900.0,124.0,B
2021-06-16T11:07:36,500.0,124.0,B
2021-06-16T11:07:23,1100.0,124.0,B
2021-06-16T11:03:19,100.0,124.0,B
2021-06-16T10:59:42,1000.0,124.0,B
2021-06-16T10:56:14,200.0,124.0,S
2021-06-16T10:52:54,1000.0,124.3,B
2021-06-16T10:50:44,4000.0,124.3,B
2021-06-16T10:50:37,6000.0,124.3,B
2021-06-16T10:50:12,100.0,123.9,S
2021-06-16T10:50:10,100.0,123.9,S
2021-06-16T10:49:33,200.0,124.0,B
2021-06-16T10:49:01,2200.0,124.0,B
2021-06-16T10:48:51,1900.0,124.0,B
2021-06-16T10:48:44,400.0,124.0,B
2021-06-16T10:48:27,2100.0,124.0,B
2021-06-16T10:48:06,1900.0,124.0,B
2021-06-16T10:47:48,500.0,123.7,B
2021-06-16T10:47:37,200.0,123.7,B
2021-06-16T10:47:16,500.0,123.6,S
2021-06-16T10:46:12,500.0,123.6,S
2021-06-16T10:45:21,600.0,123.6,S
2021-06-16T10:45:16,1000.0,123.6,S
2021-06-16T10:44:33,500.0,123.7,B
2021-06-16T10:44:29,400.0,123.7,B
2021-06-16T10:43:51,500.0,123.6,S
2021-06-16T10:42:47,2000.0,123.7,B
2021-06-16T10:42:36,1000.0,123.6,S
2021-06-16T10:42:32,200.0,123.7,B
2021-06-16T10:42:32,500.0,123.7,B
2021-06-16T10:42:15,100.0,123.7,B
2021-06-16T10:42:00,2200.0,123.7,B
2021-06-16T10:41:40,1000.0,123.6,S
2021-06-16T10:41:22,1200.0,123.7,B
2021-06-16T10:41:09,1000.0,123.5,S
2021-06-16T10:40:45,500.0,123.6,B
2021-06-16T10:40:42,1000.0,123.6,B
2021-06-16T10:40:42,400.0,123.6,B
2021-06-16T10:40:17,1000.0,123.6,B
2021-06-16T10:39:30,200.0,123.5,S
2021-06-16T10:39:13,200.0,123.5,S
2021-06-16T10:38:46,100.0,123.5,S
2021-06-16T10:37:47,200.0,123.5,S
2021-06-16T10:37:23,100.0,123.6,S
2021-06-16T10:37:05,400.0,123.5,S
2021-06-16T10:36:37,200.0,123.6,S
2021-06-16T10:36:25,100.0,123.6,S
2021-06-16T10:36:21,200.0,123.6,S
2021-06-16T10:36:19,2000.0,123.6,S
2021-06-16T10:36:17,100.0,123.6,S
2021-06-16T10:35:40,200.0,123.6,S
2021-06-16T10:34:58,200.0,123.6,S
2021-06-16T10:34:49,1700.0,123.6,S
2021-06-16T10:34:07,100.0,123.6,S
2021-06-16T10:33:53,500.0,123.6,S
2021-06-16T10:33:37,500.0,123.6,S
2021-06-16T10:32:58,800.0,123.6,S
2021-06-16T10:31:50,300.0,123.6,S
2021-06-16T10:30:37,500.0,123.7,S
2021-06-16T10:30:08,500.0,123.7,S
2021-06-16T10:29:38,1100.0,123.7,S
2021-06-16T10:27:45,200.0,123.7,S
2021-06-16T10:27:39,100.0,123.7,S
2021-06-16T10:27:33,800.0,123.7,S
2021-06-16T10:27:33,200.0,123.7,S
2021-06-16T10:26:55,1000.0,123.7,S
2021-06-16T10:26:48,1400.0,123.7,S
2021-06-16T10:26:43,2000.0,123.7,S
2021-06-16T10:26:39,100.0,123.8,B
2021-06-16T10:26:00,3000.0,123.7,S
2021-06-16T10:25:35,100.0,123.7,S
2021-06-16T10:25:33,100.0,123.7,S
2021-06-16T10:25:08,900.0,123.7,S
2021-06-16T10:25:05,1000.0,123.7,S
2021-06-16T10:24:38,300.0,123.7,S
2021-06-16T10:24:09,300.0,123.7,S
2021-06-16T10:24:06,100.0,123.7,S
2021-06-16T10:21:30,300.0,123.9,S
2021-06-16T10:21:26,100.0,123.7,S
2021-06-16T10:21:09,3800.0,123.7,S
2021-06-16T10:20:25,900.0,123.9,S
2021-06-16T10:20:17,500.0,123.9,S
2021-06-16T10:19:32,500.0,123.9,S
2021-06-16T10:16:50,1200.0,124.0,B
2021-06-16T10:16:11,700.0,124.0,B
2021-06-16T10:16:03,100.0,123.9,S
2021-06-16T10:15:30,100.0,123.9,S
2021-06-16T10:14:48,100.0,124.0,B
2021-06-16T10:14:31,100.0,124.0,B
2021-06-16T10:14:18,800.0,124.0,B
2021-06-16T10:13:48,200.0,123.9,S
2021-06-16T10:12:27,500.0,123.9,S
2021-06-16T10:10:45,100.0,123.9,S
2021-06-16T10:09:11,200.0,123.9,S
2021-06-16T10:08:43,3200.0,123.8,S
2021-06-16T10:06:16,10000.0,123.9,S
2021-06-16T10:05:52,100.0,123.9,S
2021-06-16T10:05:48,500.0,124.0,S
2021-06-16T10:05:17,500.0,124.0,S
2021-06-16T10:05:17,2000.0,124.0,S
2021-06-16T10:05:16,7500.0,124.0,S
2021-06-16T10:04:59,400.0,124.2,S
2021-06-16T10:04:43,100.0,124.2,S
2021-06-16T10:04:02,1300.0,124.2,S
2021-06-16T10:04:02,200.0,124.2,S
2021-06-16T10:01:48,200.0,124.5,B
2021-06-16T09:59:25,2100.0,124.2,B
2021-06-16T09:58:24,2000.0,124.1,S
2021-06-16T09:57:38,300.0,124.0,S
2021-06-16T09:57:22,500.0,124.0,S
2021-06-16T09:56:47,100.0,124.2,S
2021-06-16T09:56:47,1000.0,124.0,S
2021-06-16T09:56:40,200.0,124.1,S
2021-06-16T09:56:39,100.0,124.1,S
2021-06-16T09:56:04,200.0,124.1,S
2021-06-16T09:53:00,100.0,124.1,S
2021-06-16T09:53:00,600.0,124.1,S
2021-06-16T09:49:13,900.0,124.1,S
2021-06-16T09:49:13,800.0,124.1,S
2021-06-16T09:48:41,500.0,124.2,S
2021-06-16T09:48:21,100.0,124.2,S
2021-06-16T09:48:01,200.0,124.2,S
2021-06-16T09:47:26,100.0,124.2,S
2021-06-16T09:47:23,100.0,124.5,S
2021-06-16T09:45:25,500.0,124.5,S
2021-06-16T09:45:01,100.0,124.5,S
2021-06-16T09:44:58,100.0,124.5,S
2021-06-16T09:43:34,100.0,124.5,S
2021-06-16T09:43:24,300.0,124.5,S
2021-06-16T09:42:56,1100.0,124.5,S
2021-06-16T09:41:41,400.0,124.8,B
2021-06-16T09:40:56,200.0,124.8,B
2021-06-16T09:39:26,500.0,124.8,B
2021-06-16T09:38:26,1000.0,124.8,B
2021-06-16T09:35:43,500.0,124.5,S
2021-06-16T09:34:43,300.0,124.7,B
2021-06-16T09:32:47,900.0,124.7,B
2021-06-16T09:32:24,200.0,124.1,S
2021-06-16T09:30:56,100.0,124.1,S
2021-06-16T09:30:06,100.0,124.1,S
2021-06-16T09:30:06,100.0,124.1,S
2021-06-16T09:29:47,300.0,124.4,B
2021-06-16T09:29:24,600.0,124.4,B
2021-06-16T09:27:09,300.0,124.5,S
2021-06-16T09:26:54,1000.0,124.8,B
2021-06-16T09:26:54,200.0,124.5,S
2021-06-16T09:26:51,500.0,124.8,B
2021-06-16T09:26:08,500.0,124.5,B
2021-06-16T09:25:39,100.0,124.0,B
2021-06-16T09:25:23,500.0,124.0,B
2021-06-16T09:24:50,100.0,124.0,B
2021-06-16T09:23:59,500.0,124.0,B
2021-06-16T09:23:01,1000.0,123.9,S
2021-06-16T09:22:30,600.0,124.0,B
2021-06-16T09:22:09,1400.0,124.0,S
2021-06-16T09:21:58,900.0,124.8,B
2021-06-16T09:21:39,100.0,124.7,B
2021-06-16T09:21:20,700.0,124.8,B
2021-06-16T09:19:09,100.0,124.8,B
2021-06-16T09:17:10,500.0,124.8,B
