tradingTime,volume,price,side
2021-06-16T14:18:43,200.0,27.4,S
2021-06-16T14:18:42,2700.0,27.4,S
2021-06-16T14:18:42,4000.0,27.4,S
2021-06-16T14:18:42,900.0,27.4,S
2021-06-16T14:18:24,1000.0,27.4,S
2021-06-16T14:17:42,2000.0,27.4,S
2021-06-16T14:17:29,500.0,27.4,S
2021-06-16T14:17:21,1700.0,27.4,S
2021-06-16T14:17:21,300.0,27.4,S
2021-06-16T14:17:20,1000.0,27.4,S
2021-06-16T14:16:32,900.0,27.4,S
2021-06-16T14:15:49,9000.0,27.4,S
2021-06-16T14:15:46,200.0,27.45,B
2021-06-16T14:15:05,500.0,27.4,S
2021-06-16T14:14:32,300.0,27.4,S
2021-06-16T14:13:44,1000.0,27.4,S
2021-06-16T14:12:18,500.0,27.4,S
2021-06-16T14:10:18,600.0,27.4,S
2021-06-16T14:10:11,1000.0,27.4,S
2021-06-16T14:09:08,500.0,27.4,S
2021-06-16T14:09:07,1700.0,27.4,S
2021-06-16T14:09:02,300.0,27.4,S
2021-06-16T14:08:22,100.0,27.4,S
2021-06-16T14:06:43,100.0,27.4,S
2021-06-16T14:06:31,100.0,27.4,S
2021-06-16T14:06:31,900.0,27.4,S
2021-06-16T14:06:28,2000.0,27.4,S
2021-06-16T14:06:27,2600.0,27.45,B
2021-06-16T14:05:59,5000.0,27.45,B
2021-06-16T14:05:18,100.0,27.45,B
2021-06-16T14:04:36,400.0,27.45,S
2021-06-16T14:04:24,200.0,27.45,S
2021-06-16T14:04:04,1400.0,27.45,S
2021-06-16T14:03:22,200.0,27.45,S
2021-06-16T14:02:38,1000.0,27.45,S
2021-06-16T14:02:04,100.0,27.5,B
2021-06-16T14:01:17,100.0,27.5,S
2021-06-16T14:00:44,5100.0,27.5,S
2021-06-16T14:00:44,2000.0,27.5,S
2021-06-16T14:00:44,1100.0,27.5,S
2021-06-16T14:00:44,1300.0,27.5,S
2021-06-16T14:00:30,400.0,27.5,S
2021-06-16T14:00:25,100.0,27.55,B
2021-06-16T13:58:57,300.0,27.55,B
2021-06-16T13:58:40,2000.0,27.5,S
2021-06-16T13:57:54,500.0,27.5,S
2021-06-16T13:57:54,1400.0,27.5,S
2021-06-16T13:57:54,100.0,27.5,S
2021-06-16T13:57:53,1000.0,27.5,S
2021-06-16T13:57:34,300.0,27.5,S
2021-06-16T13:56:52,500.0,27.5,S
2021-06-16T13:56:49,3000.0,27.5,S
2021-06-16T13:55:49,100.0,27.55,S
2021-06-16T13:55:49,3400.0,27.55,S
2021-06-16T13:55:40,100.0,27.55,S
2021-06-16T13:55:22,2000.0,27.55,S
2021-06-16T13:54:23,3000.0,27.6,B
2021-06-16T13:54:14,100.0,27.55,S
2021-06-16T13:53:44,2400.0,27.6,B
2021-06-16T13:53:16,300.0,27.6,S
2021-06-16T13:52:51,8000.0,27.6,S
2021-06-16T13:52:00,1000.0,27.6,S
2021-06-16T13:51:18,2000.0,27.6,S
2021-06-16T13:49:57,100.0,27.65,S
2021-06-16T13:49:20,1500.0,27.65,S
2021-06-16T13:48:09,800.0,27.65,B
2021-06-16T13:47:27,1000.0,27.65,B
2021-06-16T13:46:54,3000.0,27.65,B
2021-06-16T13:46:32,1000.0,27.6,S
2021-06-16T13:45:54,100.0,27.6,S
2021-06-16T13:45:47,500.0,27.65,B
2021-06-16T13:44:30,2500.0,27.6,S
2021-06-16T13:43:39,200.0,27.7,B
2021-06-16T13:43:27,100.0,27.7,B
2021-06-16T13:43:08,100.0,27.7,S
2021-06-16T13:42:23,8800.0,27.7,S
2021-06-16T13:42:09,200.0,27.7,S
2021-06-16T13:41:04,400.0,27.7,S
2021-06-16T13:40:34,500.0,27.7,S
2021-06-16T13:40:18,100.0,27.7,S
2021-06-16T13:39:24,500.0,27.7,S
2021-06-16T13:39:11,2000.0,27.7,S
2021-06-16T13:37:07,400.0,27.75,B
2021-06-16T13:35:18,100.0,27.75,B
2021-06-16T13:35:08,2000.0,27.7,S
2021-06-16T13:34:57,300.0,27.7,S
2021-06-16T13:34:43,3000.0,27.7,S
2021-06-16T13:34:20,300.0,27.7,S
2021-06-16T13:33:58,1800.0,27.75,B
2021-06-16T13:33:58,2000.0,27.75,B
2021-06-16T13:33:24,100.0,27.7,S
2021-06-16T13:33:11,100.0,27.7,S
2021-06-16T13:33:08,200.0,27.7,S
2021-06-16T13:32:57,500.0,27.7,S
2021-06-16T13:32:27,100.0,27.7,S
2021-06-16T13:32:18,100.0,27.7,S
2021-06-16T13:31:56,1200.0,27.7,S
2021-06-16T13:31:43,100.0,27.7,S
2021-06-16T13:29:16,200.0,27.7,S
2021-06-16T13:29:16,1700.0,27.7,S
2021-06-16T13:29:01,100.0,27.8,B
2021-06-16T13:28:57,500.0,27.7,S
2021-06-16T13:28:24,2000.0,27.7,S
2021-06-16T13:28:13,1000.0,27.7,S
2021-06-16T13:26:42,1000.0,27.7,S
2021-06-16T13:25:08,100.0,27.8,S
2021-06-16T13:24:44,400.0,27.8,S
2021-06-16T13:24:44,700.0,27.8,S
2021-06-16T13:24:33,100.0,27.8,S
2021-06-16T13:23:35,1400.0,27.85,S
2021-06-16T13:23:33,100.0,27.85,S
2021-06-16T13:21:57,300.0,27.9,S
2021-06-16T13:21:50,1000.0,27.9,S
2021-06-16T13:21:30,100.0,27.9,S
2021-06-16T13:21:27,200.0,27.95,B
2021-06-16T13:21:23,400.0,27.95,B
2021-06-16T13:21:13,2000.0,27.9,S
2021-06-16T13:21:13,900.0,27.95,B
2021-06-16T13:21:02,200.0,27.9,S
2021-06-16T13:20:00,1000.0,27.95,B
2021-06-16T13:19:39,900.0,27.95,B
2021-06-16T13:18:53,3900.0,27.95,B
2021-06-16T13:17:56,1000.0,27.95,B
2021-06-16T13:17:26,1000.0,27.9,S
2021-06-16T13:17:17,1200.0,27.9,S
2021-06-16T13:17:13,2100.0,27.9,S
2021-06-16T13:17:05,300.0,27.9,S
2021-06-16T13:16:42,200.0,27.9,S
2021-06-16T13:16:39,1000.0,27.9,S
2021-06-16T13:16:35,500.0,27.9,S
2021-06-16T13:16:30,100.0,27.9,S
2021-06-16T13:15:39,400.0,27.9,S
2021-06-16T13:15:39,300.0,27.9,S
2021-06-16T13:15:03,300.0,28.0,B
2021-06-16T13:14:40,500.0,28.0,B
2021-06-16T13:14:40,400.0,28.0,B
2021-06-16T13:13:30,500.0,28.0,B
2021-06-16T13:13:25,200.0,27.9,B
2021-06-16T13:12:57,100.0,27.8,S
2021-06-16T13:12:54,1800.0,27.9,B
2021-06-16T13:12:54,5200.0,27.9,B
2021-06-16T13:12:05,1000.0,27.8,S
2021-06-16T13:11:18,900.0,27.8,B
2021-06-16T13:11:11,2000.0,27.8,B
2021-06-16T13:10:51,18300.0,27.75,B
2021-06-16T13:09:59,100.0,27.7,S
2021-06-16T13:09:54,200.0,27.7,S
2021-06-16T13:09:40,300.0,27.7,S
2021-06-16T13:09:19,100.0,27.7,S
2021-06-16T13:09:12,900.0,27.75,B
2021-06-16T13:08:21,200.0,27.7,B
2021-06-16T13:07:14,100.0,27.7,S
2021-06-16T13:07:07,1900.0,27.7,B
2021-06-16T13:06:54,100.0,27.65,B
2021-06-16T13:06:09,1900.0,27.65,S
2021-06-16T13:05:44,3200.0,27.65,B
2021-06-16T13:05:10,400.0,27.6,S
2021-06-16T13:04:31,14400.0,27.6,B
2021-06-16T13:04:16,10000.0,27.55,B
2021-06-16T13:03:28,500.0,27.45,S
2021-06-16T13:02:26,100.0,27.45,S
2021-06-16T13:01:12,100.0,27.45,S
2021-06-16T13:01:05,200.0,27.5,B
2021-06-16T13:00:58,500.0,27.5,B
2021-06-16T13:00:46,1000.0,27.5,B
2021-06-16T13:00:42,100.0,27.5,B
2021-06-16T13:00:38,200.0,27.5,B
2021-06-16T13:00:37,500.0,27.45,S
2021-06-16T13:00:36,500.0,27.5,B
2021-06-16T13:00:27,500.0,27.5,B
2021-06-16T11:29:00,300.0,27.5,S
2021-06-16T11:28:04,300.0,27.5,B
2021-06-16T11:28:04,4400.0,27.5,B
2021-06-16T11:27:14,400.0,27.5,S
2021-06-16T11:22:40,10000.0,27.5,S
2021-06-16T11:21:27,600.0,27.6,S
2021-06-16T11:21:23,400.0,27.6,B
2021-06-16T11:21:10,100.0,27.6,S
2021-06-16T11:21:10,200.0,27.6,S
2021-06-16T11:20:57,300.0,27.6,S
2021-06-16T11:20:45,1000.0,27.6,S
2021-06-16T11:20:42,200.0,27.6,S
2021-06-16T11:19:25,100.0,27.6,S
2021-06-16T11:19:24,2100.0,27.6,S
2021-06-16T11:19:05,500.0,27.6,S
2021-06-16T11:18:55,700.0,27.6,B
2021-06-16T11:18:50,200.0,27.6,B
2021-06-16T11:18:37,200.0,27.6,S
2021-06-16T11:18:37,500.0,27.6,S
2021-06-16T11:18:08,400.0,27.6,S
2021-06-16T11:16:20,3100.0,27.6,B
2021-06-16T11:14:24,1500.0,27.55,B
2021-06-16T11:13:47,400.0,27.55,B
2021-06-16T11:12:29,600.0,27.5,S
2021-06-16T11:12:00,100.0,27.55,B
2021-06-16T11:11:37,800.0,27.5,S
2021-06-16T11:11:23,300.0,27.5,S
2021-06-16T11:11:05,100.0,27.5,B
2021-06-16T11:11:05,1100.0,27.5,B
2021-06-16T11:10:48,500.0,27.5,B
2021-06-16T11:10:42,400.0,27.5,B
2021-06-16T11:10:34,1000.0,27.5,B
2021-06-16T11:10:01,5000.0,27.5,B
2021-06-16T11:08:39,200.0,27.45,B
2021-06-16T11:07:55,100.0,27.4,B
2021-06-16T11:07:55,2000.0,27.4,B
2021-06-16T11:07:55,2900.0,27.4,B
2021-06-16T11:07:22,100.0,27.35,B
2021-06-16T11:06:46,200.0,27.35,B
2021-06-16T11:06:42,400.0,27.35,B
2021-06-16T11:06:30,500.0,27.35,B
2021-06-16T11:06:02,100.0,27.35,B
2021-06-16T11:05:57,300.0,27.3,S
2021-06-16T11:05:21,200.0,27.3,S
2021-06-16T11:04:55,100.0,27.35,B
2021-06-16T11:04:17,100.0,27.35,S
2021-06-16T11:03:30,1000.0,27.4,B
2021-06-16T11:02:09,100.0,27.4,S
2021-06-16T11:01:51,2700.0,27.4,S
2021-06-16T11:01:51,100.0,27.4,S
2021-06-16T11:01:51,31900.0,27.4,S
2021-06-16T11:01:38,500.0,27.45,B
2021-06-16T11:01:36,200.0,27.45,B
2021-06-16T11:01:28,100.0,27.45,B
2021-06-16T11:00:02,3000.0,27.45,S
2021-06-16T10:59:34,300.0,27.5,B
2021-06-16T10:59:05,100.0,27.5,B
2021-06-16T10:58:19,1600.0,27.5,B
2021-06-16T10:57:54,100.0,27.5,S
2021-06-16T10:57:44,3800.0,27.5,S
2021-06-16T10:57:27,1000.0,27.5,S
2021-06-16T10:56:31,3200.0,27.5,S
2021-06-16T10:56:31,2700.0,27.5,S
2021-06-16T10:56:31,900.0,27.5,S
2021-06-16T10:56:30,3200.0,27.6,S
2021-06-16T10:56:02,100.0,27.65,B
2021-06-16T10:55:24,100.0,27.65,B
2021-06-16T10:55:00,100.0,27.6,S
2021-06-16T10:54:07,900.0,27.6,B
2021-06-16T10:54:06,500.0,27.55,S
2021-06-16T10:54:02,3600.0,27.6,B
2021-06-16T10:53:53,5100.0,27.6,B
2021-06-16T10:53:39,2000.0,27.55,S
2021-06-16T10:53:29,1100.0,27.6,B
2021-06-16T10:53:20,300.0,27.5,S
2021-06-16T10:52:07,1600.0,27.6,B
2021-06-16T10:52:07,600.0,27.6,B
2021-06-16T10:52:07,700.0,27.6,B
2021-06-16T10:52:07,2000.0,27.6,B
2021-06-16T10:52:07,4200.0,27.6,B
2021-06-16T10:52:07,400.0,27.55,B
2021-06-16T10:52:07,500.0,27.55,B
2021-06-16T10:52:02,500.0,27.5,S
2021-06-16T10:51:45,1000.0,27.55,B
2021-06-16T10:51:24,500.0,27.55,B
2021-06-16T10:51:13,900.0,27.5,S
2021-06-16T10:49:29,500.0,27.5,B
2021-06-16T10:49:29,1500.0,27.5,B
2021-06-16T10:49:29,600.0,27.5,B
2021-06-16T10:49:29,1800.0,27.5,B
2021-06-16T10:49:22,600.0,27.5,B
2021-06-16T10:49:22,400.0,27.5,B
2021-06-16T10:48:57,1000.0,27.5,B
2021-06-16T10:48:54,500.0,27.5,B
2021-06-16T10:48:47,1000.0,27.5,B
2021-06-16T10:48:43,400.0,27.5,B
2021-06-16T10:48:32,500.0,27.5,B
2021-06-16T10:47:57,4500.0,27.4,S
2021-06-16T10:47:54,1000.0,27.5,B
2021-06-16T10:47:34,700.0,27.4,B
2021-06-16T10:47:34,16600.0,27.4,B
2021-06-16T10:47:32,200.0,27.3,B
2021-06-16T10:47:25,600.0,27.25,B
2021-06-16T10:47:22,100.0,27.25,B
2021-06-16T10:45:48,100.0,27.2,B
2021-06-16T10:45:22,5000.0,27.2,B
2021-06-16T10:45:20,100.0,27.2,B
2021-06-16T10:45:10,100.0,27.2,B
2021-06-16T10:44:35,1000.0,27.2,B
2021-06-16T10:44:30,700.0,27.2,B
2021-06-16T10:44:27,10000.0,27.2,B
2021-06-16T10:43:52,900.0,27.15,S
2021-06-16T10:43:51,500.0,27.15,S
2021-06-16T10:43:43,1800.0,27.15,S
2021-06-16T10:43:05,300.0,27.15,S
2021-06-16T10:43:01,1000.0,27.05,S
2021-06-16T10:42:54,1000.0,27.15,S
2021-06-16T10:42:36,900.0,27.05,S
2021-06-16T10:42:29,100.0,27.15,S
2021-06-16T10:42:12,3400.0,27.05,S
2021-06-16T10:41:18,1900.0,27.05,S
2021-06-16T10:41:11,500.0,27.05,S
2021-06-16T10:40:33,400.0,27.05,S
2021-06-16T10:40:33,100.0,27.05,S
2021-06-16T10:40:22,200.0,27.05,S
2021-06-16T10:40:15,500.0,27.05,S
2021-06-16T10:40:00,500.0,27.05,S
2021-06-16T10:39:39,4300.0,27.05,S
2021-06-16T10:39:39,1000.0,27.05,S
2021-06-16T10:39:39,900.0,27.1,S
2021-06-16T10:39:39,500.0,27.1,S
2021-06-16T10:39:39,3400.0,27.1,S
2021-06-16T10:39:39,4900.0,27.15,S
2021-06-16T10:39:27,500.0,27.15,S
2021-06-16T10:38:55,20000.0,27.15,S
2021-06-16T10:38:21,3000.0,27.3,B
2021-06-16T10:37:42,500.0,27.3,B
2021-06-16T10:37:37,100.0,27.25,S
2021-06-16T10:35:35,2000.0,27.3,S
2021-06-16T10:35:34,300.0,27.3,S
2021-06-16T10:35:16,5000.0,27.3,S
2021-06-16T10:35:09,1000.0,27.3,S
2021-06-16T10:35:07,1000.0,27.3,S
2021-06-16T10:35:03,100.0,27.3,S
2021-06-16T10:34:58,3000.0,27.3,S
2021-06-16T10:34:22,800.0,27.3,S
2021-06-16T10:34:20,500.0,27.3,S
2021-06-16T10:33:38,500.0,27.3,S
2021-06-16T10:33:25,500.0,27.3,S
2021-06-16T10:33:17,200.0,27.3,S
2021-06-16T10:33:11,1300.0,27.3,S
2021-06-16T10:32:58,100.0,27.3,S
2021-06-16T10:32:42,1000.0,27.3,S
2021-06-16T10:32:42,8000.0,27.3,S
2021-06-16T10:32:42,9300.0,27.3,S
2021-06-16T10:32:41,1100.0,27.3,S
2021-06-16T10:32:41,1000.0,27.3,S
2021-06-16T10:32:41,300.0,27.3,S
2021-06-16T10:32:41,1900.0,27.3,S
2021-06-16T10:32:41,13000.0,27.3,S
2021-06-16T10:32:34,1900.0,27.15,S
2021-06-16T10:32:34,1100.0,27.15,S
2021-06-16T10:32:34,2000.0,27.2,S
2021-06-16T10:32:29,500.0,27.3,S
2021-06-16T10:32:17,1300.0,27.3,S
2021-06-16T10:32:13,100.0,27.3,S
2021-06-16T10:32:01,500.0,27.3,S
2021-06-16T10:31:39,2000.0,27.2,S
2021-06-16T10:31:06,100.0,27.3,S
2021-06-16T10:30:32,500.0,27.25,S
2021-06-16T10:30:30,200.0,27.3,S
2021-06-16T10:30:14,500.0,27.3,S
2021-06-16T10:30:13,400.0,27.3,S
2021-06-16T10:30:04,3000.0,27.2,S
2021-06-16T10:29:54,4000.0,27.25,S
2021-06-16T10:29:26,100.0,27.3,S
2021-06-16T10:29:18,200.0,27.25,S
2021-06-16T10:29:15,5000.0,27.25,S
2021-06-16T10:29:09,3200.0,27.3,S
2021-06-16T10:28:10,200.0,27.3,S
2021-06-16T10:27:48,300.0,27.25,S
2021-06-16T10:27:29,900.0,27.25,S
2021-06-16T10:27:11,1000.0,27.3,S
2021-06-16T10:27:00,100.0,27.3,S
2021-06-16T10:26:47,200.0,27.25,S
2021-06-16T10:26:43,2000.0,27.25,S
2021-06-16T10:26:39,300.0,27.3,S
2021-06-16T10:26:25,2000.0,27.3,S
2021-06-16T10:25:52,100.0,27.25,S
2021-06-16T10:25:32,1000.0,27.3,S
2021-06-16T10:24:34,600.0,27.3,S
2021-06-16T10:24:34,2100.0,27.3,S
2021-06-16T10:24:34,1200.0,27.3,S
2021-06-16T10:24:34,200.0,27.3,S
2021-06-16T10:24:34,1300.0,27.3,S
2021-06-16T10:24:34,800.0,27.3,S
2021-06-16T10:24:34,1700.0,27.3,S
2021-06-16T10:24:34,600.0,27.3,S
2021-06-16T10:24:34,300.0,27.3,S
2021-06-16T10:24:25,200.0,27.3,S
2021-06-16T10:24:14,200.0,27.3,S
2021-06-16T10:24:14,1000.0,27.3,S
2021-06-16T10:23:48,500.0,27.3,S
2021-06-16T10:22:58,1000.0,27.3,S
2021-06-16T10:22:40,700.0,27.3,S
2021-06-16T10:22:35,5000.0,27.3,S
2021-06-16T10:22:34,5000.0,27.3,S
2021-06-16T10:22:21,1000.0,27.3,S
2021-06-16T10:22:15,100.0,27.4,B
2021-06-16T10:22:11,2000.0,27.3,S
2021-06-16T10:21:54,2400.0,27.3,S
2021-06-16T10:21:54,200.0,27.3,S
2021-06-16T10:21:47,300.0,27.3,S
2021-06-16T10:21:44,1000.0,27.4,B
2021-06-16T10:21:31,800.0,27.3,S
2021-06-16T10:21:28,400.0,27.3,S
2021-06-16T10:21:19,1000.0,27.3,S
2021-06-16T10:21:13,1000.0,27.3,S
2021-06-16T10:21:01,100.0,27.3,S
2021-06-16T10:20:56,1000.0,27.3,S
2021-06-16T10:20:55,1000.0,27.3,S
2021-06-16T10:20:44,3000.0,27.3,S
2021-06-16T10:20:39,200.0,27.4,B
2021-06-16T10:20:36,300.0,27.4,B
2021-06-16T10:20:31,500.0,27.4,B
2021-06-16T10:20:25,2600.0,27.4,B
2021-06-16T10:20:21,500.0,27.3,S
2021-06-16T10:20:04,200.0,27.3,S
2021-06-16T10:20:04,500.0,27.3,S
2021-06-16T10:20:04,300.0,27.3,S
2021-06-16T10:19:42,200.0,27.3,S
2021-06-16T10:19:42,6800.0,27.3,S
2021-06-16T10:19:17,12000.0,27.3,S
2021-06-16T10:19:15,200.0,27.4,B
2021-06-16T10:19:14,1300.0,27.4,B
2021-06-16T10:19:01,400.0,27.5,B
2021-06-16T10:19:01,3200.0,27.4,B
2021-06-16T10:19:01,100.0,27.4,B
2021-06-16T10:18:55,500.0,27.4,B
2021-06-16T10:18:55,500.0,27.4,B
2021-06-16T10:18:53,100.0,27.4,B
2021-06-16T10:18:46,200.0,27.4,B
2021-06-16T10:18:42,100.0,27.4,B
2021-06-16T10:18:41,3700.0,27.4,B
2021-06-16T10:18:37,100.0,27.4,B
2021-06-16T10:18:27,1000.0,27.4,B
2021-06-16T10:18:11,100.0,27.4,B
2021-06-16T10:18:11,800.0,27.4,B
2021-06-16T10:18:08,100.0,27.3,S
2021-06-16T10:18:02,1000.0,27.4,B
2021-06-16T10:18:01,3000.0,27.3,S
2021-06-16T10:17:49,300.0,27.3,S
2021-06-16T10:17:47,1000.0,27.3,S
2021-06-16T10:17:42,400.0,27.4,B
2021-06-16T10:17:31,1000.0,27.4,B
2021-06-16T10:17:27,8700.0,27.4,B
2021-06-16T10:17:10,100.0,27.4,B
2021-06-16T10:16:58,1000.0,27.4,B
2021-06-16T10:16:33,500.0,27.3,S
2021-06-16T10:16:28,100.0,27.4,B
2021-06-16T10:15:58,10000.0,27.4,B
2021-06-16T10:15:15,100.0,27.4,B
2021-06-16T10:15:04,2000.0,27.4,B
2021-06-16T10:14:34,100.0,27.3,S
2021-06-16T10:14:09,100.0,27.3,S
2021-06-16T10:14:08,100.0,27.35,S
2021-06-16T10:13:49,500.0,27.4,B
2021-06-16T10:13:31,200.0,27.3,S
2021-06-16T10:13:28,400.0,27.4,S
2021-06-16T10:13:15,100.0,27.4,S
2021-06-16T10:12:49,1000.0,27.3,S
2021-06-16T10:12:42,500.0,27.3,S
2021-06-16T10:12:08,600.0,27.4,S
2021-06-16T10:11:56,400.0,27.5,S
2021-06-16T10:11:48,100.0,27.45,S
2021-06-16T10:11:47,100.0,27.45,S
2021-06-16T10:11:47,400.0,27.45,S
2021-06-16T10:11:36,2900.0,27.3,S
2021-06-16T10:11:33,3000.0,27.4,S
2021-06-16T10:11:33,3700.0,27.4,S
2021-06-16T10:11:33,1300.0,27.4,S
2021-06-16T10:11:00,1200.0,27.4,S
2021-06-16T10:10:28,300.0,27.45,S
2021-06-16T10:10:23,700.0,27.4,S
2021-06-16T10:10:23,1300.0,27.4,S
2021-06-16T10:09:55,200.0,27.45,S
2021-06-16T10:09:29,100.0,27.5,S
2021-06-16T10:09:16,100.0,27.5,S
2021-06-16T10:09:12,300.0,27.5,S
2021-06-16T10:09:03,100.0,27.45,S
2021-06-16T10:09:03,1000.0,27.5,S
2021-06-16T10:09:03,3000.0,27.5,S
2021-06-16T10:09:00,100.0,27.5,S
2021-06-16T10:08:52,2000.0,27.5,S
2021-06-16T10:08:44,200.0,27.5,S
2021-06-16T10:08:38,1100.0,27.5,S
2021-06-16T10:08:38,600.0,27.5,S
2021-06-16T10:08:38,1300.0,27.5,S
2021-06-16T10:08:38,1000.0,27.5,S
2021-06-16T10:08:38,4700.0,27.5,S
2021-06-16T10:08:37,500.0,27.5,S
2021-06-16T10:08:37,2400.0,27.5,S
2021-06-16T10:08:37,5200.0,27.5,S
2021-06-16T10:08:37,300.0,27.5,S
2021-06-16T10:08:37,2200.0,27.5,S
2021-06-16T10:08:37,10400.0,27.5,S
2021-06-16T10:08:37,100.0,27.5,S
2021-06-16T10:07:50,100.0,27.55,B
2021-06-16T10:07:34,800.0,27.5,S
2021-06-16T10:07:34,100.0,27.5,S
2021-06-16T10:07:22,500.0,27.55,B
2021-06-16T10:07:20,100.0,27.55,B
2021-06-16T10:06:52,5000.0,27.55,B
2021-06-16T10:06:48,400.0,27.5,S
2021-06-16T10:06:46,5000.0,27.5,S
2021-06-16T10:06:46,500.0,27.5,S
2021-06-16T10:06:22,100.0,27.55,B
2021-06-16T10:06:13,200.0,27.5,S
2021-06-16T10:06:03,300.0,27.5,S
2021-06-16T10:05:54,9300.0,27.5,S
2021-06-16T10:05:54,3100.0,27.5,S
2021-06-16T10:05:54,1700.0,27.5,S
2021-06-16T10:05:54,4700.0,27.5,S
2021-06-16T10:05:54,300.0,27.5,S
2021-06-16T10:05:54,400.0,27.5,S
2021-06-16T10:05:54,300.0,27.5,S
2021-06-16T10:05:54,14200.0,27.5,S
2021-06-16T10:05:08,1500.0,27.55,B
2021-06-16T10:05:08,600.0,27.55,B
2021-06-16T10:04:51,200.0,27.5,S
2021-06-16T10:04:51,900.0,27.55,B
2021-06-16T10:04:36,200.0,27.55,B
2021-06-16T10:04:35,400.0,27.55,B
2021-06-16T10:04:14,1300.0,27.55,S
2021-06-16T10:04:02,300.0,27.55,S
2021-06-16T10:04:01,700.0,27.55,S
2021-06-16T10:03:59,500.0,27.55,S
2021-06-16T10:03:58,1500.0,27.55,S
2021-06-16T10:03:21,200.0,27.55,S
2021-06-16T10:03:21,100.0,27.6,B
2021-06-16T10:02:54,200.0,27.55,S
2021-06-16T10:02:32,500.0,27.6,B
2021-06-16T10:02:23,500.0,27.55,S
2021-06-16T10:02:21,5000.0,27.6,B
2021-06-16T10:02:16,2400.0,27.6,B
2021-06-16T10:02:10,100.0,27.6,S
2021-06-16T10:01:51,200.0,27.6,S
2021-06-16T10:00:47,2500.0,27.6,S
2021-06-16T10:00:47,200.0,27.6,S
2021-06-16T10:00:47,1000.0,27.6,S
2021-06-16T10:00:45,200.0,27.6,S
2021-06-16T10:00:41,2000.0,27.6,S
2021-06-16T10:00:39,100.0,27.6,S
2021-06-16T10:00:30,1000.0,27.6,S
2021-06-16T10:00:24,100.0,27.65,B
2021-06-16T10:00:20,3000.0,27.6,S
2021-06-16T10:00:18,100.0,27.65,B
2021-06-16T10:00:11,500.0,27.6,S
2021-06-16T10:00:00,1500.0,27.6,S
2021-06-16T09:59:49,100.0,27.6,S
2021-06-16T09:59:28,300.0,27.6,S
2021-06-16T09:59:26,100.0,27.65,B
2021-06-16T09:59:21,300.0,27.65,B
2021-06-16T09:58:40,500.0,27.65,B
2021-06-16T09:57:50,200.0,27.65,S
2021-06-16T09:57:40,200.0,27.65,S
2021-06-16T09:56:57,500.0,27.65,S
2021-06-16T09:56:52,200.0,27.65,S
2021-06-16T09:56:47,1000.0,27.6,S
2021-06-16T09:56:38,100.0,27.65,S
2021-06-16T09:56:29,300.0,27.65,S
2021-06-16T09:55:55,100.0,27.65,S
2021-06-16T09:55:55,3000.0,27.6,S
2021-06-16T09:55:50,6900.0,27.6,S
2021-06-16T09:55:50,1000.0,27.6,S
2021-06-16T09:55:50,1000.0,27.6,S
2021-06-16T09:55:50,1100.0,27.6,S
2021-06-16T09:55:17,1000.0,27.65,S
2021-06-16T09:55:15,300.0,27.65,S
2021-06-16T09:54:27,100.0,27.65,S
2021-06-16T09:54:26,600.0,27.6,S
2021-06-16T09:54:24,200.0,27.65,S
2021-06-16T09:54:16,400.0,27.65,S
2021-06-16T09:54:09,500.0,27.7,S
2021-06-16T09:54:05,500.0,27.65,S
2021-06-16T09:53:20,100.0,27.65,S
2021-06-16T09:53:01,1500.0,27.7,S
2021-06-16T09:52:41,200.0,27.6,S
2021-06-16T09:52:34,200.0,27.6,S
2021-06-16T09:52:20,100.0,27.65,S
2021-06-16T09:51:08,2900.0,27.6,S
2021-06-16T09:51:08,7100.0,27.6,S
2021-06-16T09:51:07,10000.0,27.7,S
2021-06-16T09:49:52,200.0,27.65,S
2021-06-16T09:49:51,1800.0,27.65,S
2021-06-16T09:49:48,200.0,27.7,S
2021-06-16T09:49:45,300.0,27.7,S
2021-06-16T09:49:35,200.0,27.7,S
2021-06-16T09:49:34,3500.0,27.7,S
2021-06-16T09:49:28,500.0,27.7,S
2021-06-16T09:49:27,5000.0,27.7,S
2021-06-16T09:48:41,7400.0,27.7,S
2021-06-16T09:48:39,1000.0,27.7,S
2021-06-16T09:48:14,100.0,27.7,S
2021-06-16T09:48:12,100.0,27.7,S
2021-06-16T09:48:08,200.0,27.65,S
2021-06-16T09:48:03,2000.0,27.7,S
2021-06-16T09:47:52,1500.0,27.7,S
2021-06-16T09:47:35,1000.0,27.7,S
2021-06-16T09:47:34,100.0,27.7,S
2021-06-16T09:47:07,500.0,27.65,S
2021-06-16T09:47:07,1100.0,27.7,S
2021-06-16T09:47:07,3400.0,27.7,S
2021-06-16T09:46:56,100.0,27.7,S
2021-06-16T09:46:40,2000.0,27.7,S
2021-06-16T09:46:36,1700.0,27.7,S
2021-06-16T09:46:36,1300.0,27.7,S
2021-06-16T09:45:52,1000.0,27.7,S
2021-06-16T09:45:52,1800.0,27.75,S
2021-06-16T09:45:25,200.0,27.75,S
2021-06-16T09:45:23,4000.0,27.8,S
2021-06-16T09:44:57,1000.0,27.75,S
2021-06-16T09:44:57,700.0,27.8,S
2021-06-16T09:44:57,200.0,27.8,S
2021-06-16T09:44:57,100.0,27.8,S
2021-06-16T09:44:57,600.0,27.8,S
2021-06-16T09:44:57,1600.0,27.8,S
2021-06-16T09:44:57,400.0,27.8,S
2021-06-16T09:44:49,100.0,27.8,S
2021-06-16T09:44:04,2000.0,27.8,S
2021-06-16T09:43:50,2000.0,27.8,S
2021-06-16T09:43:39,100.0,27.8,S
2021-06-16T09:43:36,400.0,27.9,B
2021-06-16T09:43:36,1200.0,27.9,B
2021-06-16T09:43:19,6000.0,27.9,B
2021-06-16T09:43:11,1000.0,27.8,S
2021-06-16T09:42:51,1000.0,27.8,S
2021-06-16T09:42:37,200.0,27.9,B
2021-06-16T09:42:33,1500.0,27.9,B
2021-06-16T09:42:24,400.0,27.9,B
2021-06-16T09:42:24,500.0,27.9,B
2021-06-16T09:42:24,100.0,27.9,B
2021-06-16T09:41:56,200.0,27.9,B
2021-06-16T09:41:26,6200.0,27.9,S
2021-06-16T09:41:18,1000.0,27.9,S
2021-06-16T09:41:04,300.0,27.9,S
2021-06-16T09:41:03,1000.0,27.9,S
2021-06-16T09:40:11,200.0,27.9,S
2021-06-16T09:39:16,200.0,27.9,S
2021-06-16T09:39:06,300.0,27.8,S
2021-06-16T09:39:02,1000.0,27.9,S
2021-06-16T09:39:01,200.0,27.8,S
2021-06-16T09:38:25,300.0,27.8,S
2021-06-16T09:37:40,1100.0,27.9,S
2021-06-16T09:37:40,1900.0,27.9,S
2021-06-16T09:37:30,4900.0,27.9,S
2021-06-16T09:37:29,100.0,27.9,S
2021-06-16T09:37:24,300.0,27.9,S
2021-06-16T09:37:07,500.0,28.0,B
2021-06-16T09:36:54,1000.0,27.9,S
2021-06-16T09:36:19,100.0,28.0,B
2021-06-16T09:36:18,4500.0,28.0,B
2021-06-16T09:36:01,1000.0,28.0,B
2021-06-16T09:35:39,300.0,28.0,B
2021-06-16T09:35:37,7500.0,28.0,B
2021-06-16T09:35:08,500.0,28.0,B
2021-06-16T09:34:39,2000.0,28.0,B
2021-06-16T09:33:54,500.0,28.0,B
2021-06-16T09:33:52,100.0,28.0,B
2021-06-16T09:33:40,100.0,28.0,B
2021-06-16T09:33:26,800.0,28.0,B
2021-06-16T09:33:07,1300.0,28.0,B
2021-06-16T09:33:06,1000.0,28.0,B
2021-06-16T09:33:06,500.0,28.0,B
2021-06-16T09:33:06,2600.0,28.0,B
2021-06-16T09:33:06,800.0,28.0,B
2021-06-16T09:33:06,2600.0,28.0,B
2021-06-16T09:33:06,1200.0,28.0,B
2021-06-16T09:33:02,500.0,28.0,B
2021-06-16T09:32:24,300.0,28.0,B
2021-06-16T09:32:04,100.0,27.9,S
2021-06-16T09:31:34,100.0,28.0,B
2021-06-16T09:31:00,500.0,27.9,S
2021-06-16T09:30:37,200.0,28.0,B
2021-06-16T09:30:17,100.0,27.9,S
2021-06-16T09:30:11,100.0,27.9,S
2021-06-16T09:29:55,100.0,27.9,S
2021-06-16T09:29:19,2700.0,27.9,S
2021-06-16T09:29:19,2300.0,27.9,S
2021-06-16T09:28:57,500.0,27.9,S
2021-06-16T09:28:51,300.0,27.9,B
2021-06-16T09:28:13,400.0,27.9,B
2021-06-16T09:28:11,300.0,27.9,B
2021-06-16T09:28:10,500.0,27.9,B
2021-06-16T09:27:53,100.0,27.9,B
2021-06-16T09:27:51,200.0,27.9,B
2021-06-16T09:27:24,400.0,27.9,B
2021-06-16T09:27:18,800.0,27.8,S
2021-06-16T09:27:17,100.0,27.8,S
2021-06-16T09:27:14,1000.0,27.9,B
2021-06-16T09:27:02,5000.0,27.8,S
2021-06-16T09:26:47,1000.0,27.8,S
2021-06-16T09:26:46,100.0,27.8,S
2021-06-16T09:26:45,200.0,27.8,S
2021-06-16T09:26:43,500.0,27.8,S
2021-06-16T09:26:36,300.0,27.8,S
2021-06-16T09:26:30,300.0,27.8,B
2021-06-16T09:26:25,400.0,27.8,B
2021-06-16T09:26:18,300.0,27.8,B
2021-06-16T09:26:16,200.0,27.8,B
2021-06-16T09:26:15,2000.0,27.8,B
2021-06-16T09:26:09,300.0,27.8,B
2021-06-16T09:26:00,300.0,27.8,B
2021-06-16T09:25:37,500.0,27.8,B
2021-06-16T09:25:32,100.0,27.8,B
2021-06-16T09:25:24,600.0,27.8,B
2021-06-16T09:25:24,300.0,27.8,B
2021-06-16T09:25:20,100.0,27.8,B
2021-06-16T09:25:19,2200.0,27.8,B
2021-06-16T09:25:02,100.0,27.8,B
2021-06-16T09:25:01,100.0,27.8,B
2021-06-16T09:24:51,200.0,27.8,S
2021-06-16T09:24:46,300.0,27.8,S
2021-06-16T09:24:31,1300.0,27.8,S
2021-06-16T09:24:28,100.0,27.8,S
2021-06-16T09:24:27,1800.0,27.8,S
2021-06-16T09:24:22,900.0,27.8,S
2021-06-16T09:24:22,900.0,27.8,S
2021-06-16T09:24:10,1200.0,27.8,S
2021-06-16T09:24:10,600.0,27.8,S
2021-06-16T09:24:04,1000.0,27.8,S
2021-06-16T09:23:54,200.0,27.8,S
2021-06-16T09:23:48,200.0,27.8,S
2021-06-16T09:23:44,200.0,27.8,S
2021-06-16T09:23:39,1000.0,27.9,B
2021-06-16T09:23:39,100.0,27.8,S
2021-06-16T09:23:38,100.0,27.8,S
2021-06-16T09:23:30,200.0,27.8,S
2021-06-16T09:23:19,200.0,27.8,S
2021-06-16T09:23:11,100.0,27.8,S
2021-06-16T09:23:04,1000.0,27.8,S
2021-06-16T09:23:04,200.0,27.8,S
2021-06-16T09:22:59,1000.0,27.8,B
2021-06-16T09:22:56,600.0,27.8,B
2021-06-16T09:22:51,600.0,27.8,B
2021-06-16T09:22:20,100.0,27.8,B
2021-06-16T09:21:52,700.0,27.8,S
2021-06-16T09:21:30,1000.0,27.8,S
2021-06-16T09:21:03,4400.0,27.8,S
2021-06-16T09:20:52,700.0,27.8,S
2021-06-16T09:20:42,1000.0,27.8,S
2021-06-16T09:20:17,1000.0,27.8,S
2021-06-16T09:19:29,1200.0,27.8,S
2021-06-16T09:19:29,200.0,27.8,S
2021-06-16T09:19:29,500.0,27.8,S
2021-06-16T09:19:28,200.0,27.85,B
2021-06-16T09:18:47,200.0,27.9,B
2021-06-16T09:18:27,500.0,27.8,S
2021-06-16T09:18:12,1000.0,27.8,S
2021-06-16T09:17:44,300.0,27.9,S
2021-06-16T09:17:27,900.0,28.0,S
2021-06-16T09:17:26,1000.0,28.0,S
2021-06-16T09:17:20,1000.0,28.0,S
2021-06-16T09:17:07,6800.0,28.0,S
2021-06-16T09:17:01,100.0,28.0,S
2021-06-16T09:16:57,200.0,28.0,S
2021-06-16T09:16:55,1000.0,28.0,S
2021-06-16T09:16:49,500.0,28.0,S
2021-06-16T09:16:33,2800.0,28.0,S
2021-06-16T09:16:32,3200.0,28.0,S
2021-06-16T09:16:22,1800.0,28.0,S
2021-06-16T09:16:22,200.0,28.0,S
