tradingTime,volume,price,side
2021-06-16T14:21:19,700.0,92.0,B
2021-06-16T14:21:19,300.0,92.0,B
2021-06-16T14:19:44,6000.0,91.9,S
2021-06-16T14:19:33,100.0,91.9,S
2021-06-16T14:19:23,100.0,92.0,B
2021-06-16T14:19:23,100.0,92.0,B
2021-06-16T14:19:16,700.0,92.0,B
2021-06-16T14:19:16,500.0,92.0,B
2021-06-16T14:19:16,300.0,92.0,B
2021-06-16T14:18:55,200.0,91.9,S
2021-06-16T14:18:51,800.0,92.0,B
2021-06-16T14:18:51,200.0,92.0,B
2021-06-16T14:18:43,30000.0,91.9,S
2021-06-16T14:18:37,2000.0,91.9,S
2021-06-16T14:18:18,600.0,91.9,S
2021-06-16T14:18:15,100.0,91.9,S
2021-06-16T14:18:07,1000.0,92.0,B
2021-06-16T14:17:22,500.0,91.9,S
2021-06-16T14:17:12,100.0,92.0,B
2021-06-16T14:17:09,100.0,91.9,S
2021-06-16T14:16:26,3000.0,91.9,S
2021-06-16T14:16:26,500.0,91.9,S
2021-06-16T14:16:20,100.0,91.9,S
2021-06-16T14:15:53,100.0,92.2,B
2021-06-16T14:15:53,300.0,92.2,B
2021-06-16T14:15:53,1200.0,92.2,B
2021-06-16T14:15:53,600.0,92.2,B
2021-06-16T14:15:53,200.0,92.0,B
2021-06-16T14:15:52,7600.0,92.0,B
2021-06-16T14:15:12,500.0,91.9,S
2021-06-16T14:15:06,100.0,91.9,S
2021-06-16T14:14:45,100.0,92.0,B
2021-06-16T14:14:29,100.0,91.9,S
2021-06-16T14:14:23,100.0,92.0,B
2021-06-16T14:13:59,600.0,92.0,B
2021-06-16T14:13:40,100.0,92.0,B
2021-06-16T14:12:49,10000.0,92.0,B
2021-06-16T14:12:49,200.0,92.0,B
2021-06-16T14:12:43,6100.0,92.0,B
2021-06-16T14:12:20,2500.0,92.0,B
2021-06-16T14:11:22,3600.0,91.9,S
2021-06-16T14:10:50,400.0,91.9,S
2021-06-16T14:10:43,4300.0,92.0,S
2021-06-16T14:10:02,7200.0,92.0,S
2021-06-16T14:09:55,300.0,92.1,S
2021-06-16T14:09:34,1400.0,92.2,S
2021-06-16T14:09:29,400.0,92.1,S
2021-06-16T14:09:07,600.0,92.2,S
2021-06-16T14:09:06,1000.0,92.2,S
2021-06-16T14:08:37,200.0,92.0,S
2021-06-16T14:08:31,4000.0,92.0,S
2021-06-16T14:08:15,400.0,92.1,S
2021-06-16T14:08:13,6000.0,92.3,B
2021-06-16T14:08:02,3200.0,92.1,S
2021-06-16T14:08:02,100.0,92.2,S
2021-06-16T14:07:41,100.0,92.1,S
2021-06-16T14:07:32,1400.0,92.2,S
2021-06-16T14:07:29,200.0,92.2,S
2021-06-16T14:07:19,100.0,92.3,B
2021-06-16T14:06:58,5000.0,92.2,S
2021-06-16T14:06:58,200.0,92.1,S
2021-06-16T14:06:52,1000.0,92.2,S
2021-06-16T14:06:48,200.0,92.2,S
2021-06-16T14:06:42,500.0,92.2,S
2021-06-16T14:06:36,300.0,92.2,S
2021-06-16T14:06:32,200.0,92.1,S
2021-06-16T14:06:21,4700.0,92.2,S
2021-06-16T14:06:09,600.0,92.4,B
2021-06-16T14:05:52,100.0,92.2,S
2021-06-16T14:05:38,15200.0,92.2,S
2021-06-16T14:05:34,100.0,92.2,S
2021-06-16T14:05:31,2000.0,92.2,S
2021-06-16T14:05:28,100.0,92.2,S
2021-06-16T14:04:32,100.0,92.2,S
2021-06-16T14:04:17,500.0,92.3,S
2021-06-16T14:04:00,200.0,92.1,S
2021-06-16T14:03:48,1000.0,92.1,S
2021-06-16T14:03:46,1400.0,92.1,S
2021-06-16T14:03:46,6400.0,92.2,S
2021-06-16T14:03:29,200.0,92.2,S
2021-06-16T14:03:15,200.0,92.2,S
2021-06-16T14:03:06,800.0,92.2,S
2021-06-16T14:02:59,100.0,92.3,S
2021-06-16T14:02:48,1000.0,92.2,S
2021-06-16T14:02:39,1000.0,92.2,S
2021-06-16T14:01:57,500.0,92.4,B
2021-06-16T14:01:45,100.0,92.3,B
2021-06-16T14:01:44,500.0,92.1,S
2021-06-16T14:01:10,5000.0,92.1,S
2021-06-16T14:00:47,13600.0,92.4,B
2021-06-16T14:00:47,100.0,92.4,B
2021-06-16T14:00:47,1400.0,92.4,B
2021-06-16T14:00:47,800.0,92.4,B
2021-06-16T14:00:47,400.0,92.4,B
2021-06-16T14:00:47,500.0,92.4,B
2021-06-16T14:00:47,3000.0,92.4,B
2021-06-16T14:00:47,700.0,92.3,B
2021-06-16T14:00:47,2900.0,92.3,B
2021-06-16T14:00:47,5200.0,92.3,B
2021-06-16T14:00:47,1000.0,92.3,B
2021-06-16T14:00:47,700.0,92.3,B
2021-06-16T14:00:47,4700.0,92.2,B
2021-06-16T14:00:28,1500.0,92.1,S
2021-06-16T14:00:21,400.0,92.1,S
2021-06-16T14:00:13,800.0,92.2,B
2021-06-16T14:00:13,1100.0,92.2,B
2021-06-16T14:00:08,2500.0,92.0,S
2021-06-16T14:00:03,200.0,92.0,S
2021-06-16T13:59:59,500.0,92.2,B
2021-06-16T13:59:56,700.0,92.0,S
2021-06-16T13:59:54,200.0,92.0,S
2021-06-16T13:59:36,900.0,92.2,B
2021-06-16T13:59:36,500.0,92.2,B
2021-06-16T13:59:36,1400.0,92.2,B
2021-06-16T13:59:35,300.0,92.1,B
2021-06-16T13:59:35,400.0,92.1,B
2021-06-16T13:59:35,300.0,92.1,B
2021-06-16T13:59:35,2500.0,92.1,B
2021-06-16T13:59:35,6100.0,92.0,S
2021-06-16T13:59:35,300.0,92.0,S
2021-06-16T13:59:35,100.0,92.0,S
2021-06-16T13:59:31,400.0,91.9,S
2021-06-16T13:58:59,2000.0,92.0,S
2021-06-16T13:58:59,100.0,91.9,S
2021-06-16T13:58:52,100.0,92.0,S
2021-06-16T13:58:27,100.0,91.9,S
2021-06-16T13:57:56,100.0,91.9,S
2021-06-16T13:57:53,5000.0,91.9,S
2021-06-16T13:57:52,5000.0,92.0,S
2021-06-16T13:57:41,600.0,92.0,S
2021-06-16T13:57:33,4100.0,92.0,S
2021-06-16T13:57:33,900.0,92.0,S
2021-06-16T13:57:16,500.0,92.0,S
2021-06-16T13:57:12,100.0,92.0,S
2021-06-16T13:56:33,100.0,91.9,S
2021-06-16T13:56:30,200.0,91.9,S
2021-06-16T13:56:26,700.0,91.9,S
2021-06-16T13:56:26,1000.0,91.9,S
2021-06-16T13:56:26,5200.0,92.0,S
2021-06-16T13:56:26,600.0,92.0,S
2021-06-16T13:56:25,5500.0,92.0,S
2021-06-16T13:56:22,100.0,92.0,S
2021-06-16T13:55:59,100.0,92.0,S
2021-06-16T13:55:53,1000.0,92.0,S
2021-06-16T13:55:38,600.0,92.1,S
2021-06-16T13:55:37,100.0,92.0,S
2021-06-16T13:55:12,200.0,92.0,S
2021-06-16T13:55:10,200.0,92.0,S
2021-06-16T13:55:00,100.0,92.0,S
2021-06-16T13:54:51,200.0,92.0,S
2021-06-16T13:54:50,700.0,92.0,S
2021-06-16T13:54:47,1000.0,92.0,S
2021-06-16T13:54:46,100.0,92.0,S
2021-06-16T13:54:30,400.0,92.0,S
2021-06-16T13:54:16,500.0,92.0,S
2021-06-16T13:53:54,700.0,92.0,S
2021-06-16T13:53:52,1000.0,92.0,S
2021-06-16T13:53:51,200.0,92.0,S
2021-06-16T13:53:36,1000.0,92.0,B
2021-06-16T13:53:30,200.0,92.0,B
2021-06-16T13:53:28,100.0,92.0,B
2021-06-16T13:53:27,300.0,92.2,B
2021-06-16T13:53:27,200.0,92.2,B
2021-06-16T13:53:17,100.0,92.2,B
2021-06-16T13:52:51,200.0,92.0,B
2021-06-16T13:52:47,200.0,92.0,B
2021-06-16T13:52:46,1000.0,92.0,B
2021-06-16T13:52:34,400.0,92.0,B
2021-06-16T13:52:33,100.0,92.0,B
2021-06-16T13:52:29,200.0,92.0,B
2021-06-16T13:52:27,100.0,92.0,B
2021-06-16T13:52:17,1300.0,92.0,B
2021-06-16T13:52:01,200.0,91.9,S
2021-06-16T13:52:01,100.0,91.9,S
2021-06-16T13:51:54,500.0,92.0,B
2021-06-16T13:51:48,3000.0,92.0,S
2021-06-16T13:51:35,100.0,92.0,S
2021-06-16T13:51:23,500.0,92.0,S
2021-06-16T13:51:22,500.0,92.0,S
2021-06-16T13:51:22,300.0,92.0,S
2021-06-16T13:51:22,300.0,92.0,S
2021-06-16T13:51:22,2000.0,92.0,S
2021-06-16T13:51:22,3600.0,92.1,S
2021-06-16T13:51:22,8900.0,92.1,S
2021-06-16T13:51:17,2000.0,92.4,B
2021-06-16T13:51:10,300.0,92.2,S
2021-06-16T13:51:09,100.0,92.2,S
2021-06-16T13:50:45,200.0,92.2,S
2021-06-16T13:50:45,2000.0,92.2,S
2021-06-16T13:50:36,3000.0,92.3,S
2021-06-16T13:50:31,6200.0,92.3,S
2021-06-16T13:50:23,300.0,92.4,B
2021-06-16T13:50:21,1000.0,92.4,S
2021-06-16T13:50:09,100.0,92.4,S
2021-06-16T13:49:49,3100.0,92.3,S
2021-06-16T13:49:49,200.0,92.3,S
2021-06-16T13:49:48,16700.0,92.3,S
2021-06-16T13:49:37,200.0,92.4,S
2021-06-16T13:49:27,200.0,92.4,S
2021-06-16T13:49:20,500.0,92.4,S
2021-06-16T13:49:13,2000.0,92.4,S
2021-06-16T13:49:12,500.0,92.4,S
2021-06-16T13:49:09,600.0,92.5,B
2021-06-16T13:49:03,1300.0,92.4,S
2021-06-16T13:48:59,300.0,92.4,S
2021-06-16T13:48:58,100.0,92.4,S
2021-06-16T13:48:58,100.0,92.4,S
2021-06-16T13:48:51,1000.0,92.4,S
2021-06-16T13:48:50,500.0,92.5,B
2021-06-16T13:48:50,500.0,92.4,S
2021-06-16T13:48:34,1000.0,92.4,S
2021-06-16T13:48:31,1000.0,92.4,S
2021-06-16T13:48:07,100.0,92.4,S
2021-06-16T13:48:02,500.0,92.5,B
2021-06-16T13:47:55,200.0,92.4,S
2021-06-16T13:47:38,600.0,92.4,S
2021-06-16T13:47:36,400.0,92.4,S
2021-06-16T13:47:27,1000.0,92.4,S
2021-06-16T13:47:20,5000.0,92.4,S
2021-06-16T13:47:12,1000.0,92.4,S
2021-06-16T13:47:07,6200.0,92.3,S
2021-06-16T13:47:06,100.0,92.4,S
2021-06-16T13:47:03,200.0,92.4,S
2021-06-16T13:47:01,200.0,92.4,S
2021-06-16T13:46:59,500.0,92.4,S
2021-06-16T13:46:57,100.0,92.5,B
2021-06-16T13:46:46,1900.0,92.4,B
2021-06-16T13:46:41,500.0,92.3,S
2021-06-16T13:46:38,2000.0,92.4,B
2021-06-16T13:46:26,100.0,92.3,S
2021-06-16T13:46:26,100.0,92.4,B
2021-06-16T13:46:26,1900.0,92.4,B
2021-06-16T13:46:08,1000.0,92.4,B
2021-06-16T13:46:02,2000.0,92.4,B
2021-06-16T13:46:01,200.0,92.3,S
2021-06-16T13:45:45,100.0,92.4,B
2021-06-16T13:45:38,200.0,92.4,B
2021-06-16T13:45:38,1800.0,92.4,B
2021-06-16T13:45:21,1000.0,92.4,S
2021-06-16T13:45:11,200.0,92.3,S
2021-06-16T13:45:10,500.0,92.4,S
2021-06-16T13:44:57,100.0,92.4,S
2021-06-16T13:44:54,4000.0,92.4,S
2021-06-16T13:44:54,2000.0,92.4,S
2021-06-16T13:44:53,600.0,92.4,S
2021-06-16T13:44:32,1000.0,92.4,S
2021-06-16T13:44:06,100.0,92.4,S
2021-06-16T13:43:50,500.0,92.4,S
2021-06-16T13:43:48,1000.0,92.5,B
2021-06-16T13:43:47,1000.0,92.4,S
2021-06-16T13:43:45,300.0,92.5,B
2021-06-16T13:43:45,700.0,92.5,B
2021-06-16T13:43:29,500.0,92.4,S
2021-06-16T13:43:09,1000.0,92.3,S
2021-06-16T13:43:04,500.0,92.5,B
2021-06-16T13:43:00,500.0,92.3,S
2021-06-16T13:43:00,3000.0,92.3,S
2021-06-16T13:42:54,900.0,92.3,S
2021-06-16T13:42:53,1100.0,92.3,S
2021-06-16T13:42:46,7100.0,92.4,B
2021-06-16T13:42:43,600.0,92.3,S
2021-06-16T13:42:39,1000.0,92.3,S
2021-06-16T13:42:29,2000.0,92.3,S
2021-06-16T13:42:29,1000.0,92.3,S
2021-06-16T13:42:27,100.0,92.3,S
2021-06-16T13:42:27,600.0,92.3,S
2021-06-16T13:42:26,200.0,92.3,S
2021-06-16T13:42:26,1500.0,92.3,S
2021-06-16T13:42:23,2000.0,92.3,B
2021-06-16T13:42:22,100.0,92.4,B
2021-06-16T13:42:20,600.0,92.3,B
2021-06-16T13:42:14,100.0,92.3,B
2021-06-16T13:42:06,100.0,92.3,B
2021-06-16T13:42:06,100.0,92.3,B
2021-06-16T13:42:00,100.0,92.3,B
2021-06-16T13:41:58,1200.0,92.3,B
2021-06-16T13:41:58,200.0,92.3,B
2021-06-16T13:41:58,500.0,92.3,B
2021-06-16T13:41:57,500.0,92.2,S
2021-06-16T13:41:44,500.0,92.3,B
2021-06-16T13:41:42,100.0,92.3,B
2021-06-16T13:41:40,100.0,92.3,B
2021-06-16T13:41:26,500.0,92.3,B
2021-06-16T13:41:25,2000.0,92.3,B
2021-06-16T13:41:10,600.0,92.2,S
2021-06-16T13:41:03,1000.0,92.2,S
2021-06-16T13:41:02,500.0,92.3,B
2021-06-16T13:40:55,4500.0,92.3,B
2021-06-16T13:40:30,200.0,92.2,S
2021-06-16T13:40:18,300.0,92.2,S
2021-06-16T13:40:14,500.0,92.2,S
2021-06-16T13:40:03,800.0,92.2,B
2021-06-16T13:40:00,600.0,92.3,B
2021-06-16T13:39:58,2200.0,92.3,B
2021-06-16T13:39:54,10000.0,92.3,B
2021-06-16T13:39:51,100.0,92.2,B
2021-06-16T13:39:42,500.0,92.2,B
2021-06-16T13:39:30,1000.0,92.2,B
2021-06-16T13:39:26,100.0,92.1,S
2021-06-16T13:39:18,1000.0,92.2,B
2021-06-16T13:39:15,10000.0,92.2,B
2021-06-16T13:39:11,2300.0,92.1,S
2021-06-16T13:39:08,300.0,92.2,B
2021-06-16T13:38:53,100.0,92.1,S
2021-06-16T13:38:52,600.0,92.2,B
2021-06-16T13:38:50,1000.0,92.1,S
2021-06-16T13:38:27,500.0,92.1,S
2021-06-16T13:38:22,1200.0,92.1,S
2021-06-16T13:38:17,100.0,92.1,S
2021-06-16T13:38:02,2000.0,92.1,B
2021-06-16T13:38:02,800.0,92.1,B
2021-06-16T13:37:58,100.0,92.1,B
2021-06-16T13:37:54,200.0,92.1,B
2021-06-16T13:37:47,200.0,92.1,B
2021-06-16T13:37:46,100.0,92.1,B
2021-06-16T13:37:46,300.0,92.1,B
2021-06-16T13:37:46,3900.0,92.1,B
2021-06-16T13:37:42,400.0,92.1,B
2021-06-16T13:37:42,2300.0,92.1,B
2021-06-16T13:37:42,2500.0,92.1,B
2021-06-16T13:37:42,100.0,92.1,B
2021-06-16T13:37:42,300.0,92.1,B
2021-06-16T13:37:37,500.0,92.0,S
2021-06-16T13:37:33,2000.0,92.0,S
2021-06-16T13:37:21,100.0,92.1,B
2021-06-16T13:37:20,200.0,92.1,B
2021-06-16T13:37:14,2000.0,92.1,B
2021-06-16T13:37:10,4000.0,92.1,B
2021-06-16T13:37:07,5000.0,92.1,B
2021-06-16T13:36:57,1200.0,92.0,S
2021-06-16T13:36:54,1200.0,92.1,B
2021-06-16T13:36:53,1000.0,92.1,B
2021-06-16T13:36:44,500.0,92.1,B
2021-06-16T13:36:38,500.0,92.0,S
2021-06-16T13:36:36,2000.0,92.1,B
2021-06-16T13:36:33,2000.0,92.1,B
2021-06-16T13:36:31,200.0,92.0,S
2021-06-16T13:36:26,300.0,92.0,S
2021-06-16T13:36:25,300.0,92.0,S
2021-06-16T13:36:12,100.0,92.0,S
2021-06-16T13:36:12,700.0,92.0,S
2021-06-16T13:36:09,3000.0,92.0,S
2021-06-16T13:35:50,500.0,92.0,B
2021-06-16T13:35:47,100.0,92.0,B
2021-06-16T13:35:44,1000.0,92.0,B
2021-06-16T13:35:39,100.0,92.0,B
2021-06-16T13:35:39,400.0,92.0,B
2021-06-16T13:35:39,5100.0,92.0,B
2021-06-16T13:35:33,900.0,92.0,B
2021-06-16T13:35:29,500.0,92.0,B
2021-06-16T13:35:29,2000.0,92.0,B
2021-06-16T13:35:29,7500.0,92.0,B
2021-06-16T13:35:26,400.0,92.0,B
2021-06-16T13:35:20,400.0,92.0,B
2021-06-16T13:35:07,1600.0,92.0,B
2021-06-16T13:35:07,2800.0,92.0,B
2021-06-16T13:35:07,600.0,92.0,B
2021-06-16T13:35:05,500.0,92.0,B
2021-06-16T13:35:00,3000.0,92.0,B
2021-06-16T13:34:49,200.0,92.0,B
2021-06-16T13:34:42,200.0,92.0,B
2021-06-16T13:34:38,500.0,92.0,B
2021-06-16T13:34:36,500.0,92.0,B
2021-06-16T13:34:28,100.0,92.0,B
2021-06-16T13:34:28,900.0,92.0,B
2021-06-16T13:34:19,900.0,92.0,B
2021-06-16T13:34:19,200.0,92.0,B
2021-06-16T13:34:19,2800.0,92.0,B
2021-06-16T13:34:19,1600.0,92.0,B
2021-06-16T13:34:19,900.0,92.0,B
2021-06-16T13:34:19,3100.0,92.0,B
2021-06-16T13:34:19,200.0,92.0,B
2021-06-16T13:34:19,400.0,92.0,B
2021-06-16T13:34:19,200.0,92.0,B
2021-06-16T13:34:19,4200.0,92.0,B
2021-06-16T13:34:18,5300.0,92.0,B
2021-06-16T13:34:18,8400.0,92.0,B
2021-06-16T13:34:18,1300.0,92.0,B
2021-06-16T13:34:18,1500.0,92.0,B
2021-06-16T13:34:18,200.0,92.0,B
2021-06-16T13:34:18,600.0,92.0,B
2021-06-16T13:34:18,6000.0,92.0,B
2021-06-16T13:34:18,1000.0,92.0,B
2021-06-16T13:34:18,2000.0,92.0,B
2021-06-16T13:34:18,900.0,92.0,B
2021-06-16T13:34:18,600.0,92.0,B
2021-06-16T13:34:18,100.0,92.0,B
2021-06-16T13:34:18,200.0,92.0,B
2021-06-16T13:34:18,4600.0,92.0,B
2021-06-16T13:34:18,200.0,92.0,B
2021-06-16T13:34:18,2600.0,92.0,B
2021-06-16T13:34:14,2000.0,92.0,B
2021-06-16T13:34:14,1000.0,92.0,B
2021-06-16T13:34:05,900.0,92.0,B
2021-06-16T13:34:05,800.0,92.0,B
2021-06-16T13:34:05,200.0,92.0,B
2021-06-16T13:34:05,100.0,92.0,B
2021-06-16T13:34:05,2400.0,92.0,B
2021-06-16T13:34:05,300.0,92.0,B
2021-06-16T13:34:05,600.0,92.0,B
2021-06-16T13:34:05,100.0,92.0,B
2021-06-16T13:34:05,100.0,92.0,B
2021-06-16T13:34:05,300.0,92.0,B
2021-06-16T13:34:05,3000.0,92.0,B
2021-06-16T13:34:05,100.0,92.0,B
2021-06-16T13:34:05,600.0,92.0,B
2021-06-16T13:34:05,500.0,92.0,B
2021-06-16T13:34:05,5000.0,92.0,B
2021-06-16T13:34:04,100.0,92.0,B
2021-06-16T13:33:57,10000.0,92.0,B
2021-06-16T13:33:49,200.0,92.0,B
2021-06-16T13:33:48,100.0,91.9,S
2021-06-16T13:33:42,100.0,91.9,S
2021-06-16T13:33:40,1600.0,92.0,B
2021-06-16T13:33:33,10000.0,92.0,B
2021-06-16T13:33:32,300.0,92.0,B
2021-06-16T13:33:06,5800.0,92.0,B
2021-06-16T13:33:06,5400.0,92.0,B
2021-06-16T13:33:06,2300.0,92.0,B
2021-06-16T13:33:06,10600.0,92.0,B
2021-06-16T13:33:06,1200.0,92.0,B
2021-06-16T13:33:06,1100.0,92.0,B
2021-06-16T13:33:06,500.0,92.0,B
2021-06-16T13:33:06,3100.0,92.0,B
2021-06-16T13:33:02,100.0,91.9,S
2021-06-16T13:32:52,1000.0,91.9,S
2021-06-16T13:32:51,2600.0,91.9,S
2021-06-16T13:32:50,100.0,91.9,S
2021-06-16T13:32:46,500.0,91.9,S
2021-06-16T13:32:35,700.0,92.0,B
2021-06-16T13:32:33,1500.0,92.0,B
2021-06-16T13:32:33,900.0,92.0,B
2021-06-16T13:32:22,900.0,92.0,B
2021-06-16T13:32:22,100.0,92.0,B
2021-06-16T13:32:18,1900.0,91.9,S
2021-06-16T13:32:18,100.0,91.9,S
2021-06-16T13:32:14,200.0,91.9,S
2021-06-16T13:32:13,300.0,92.0,B
2021-06-16T13:31:57,300.0,92.0,B
2021-06-16T13:31:52,500.0,91.9,S
2021-06-16T13:31:43,700.0,92.0,B
2021-06-16T13:31:37,400.0,91.9,B
2021-06-16T13:31:32,1000.0,91.9,B
2021-06-16T13:31:30,3000.0,91.9,B
2021-06-16T13:31:13,1100.0,91.9,B
2021-06-16T13:31:11,1200.0,91.9,B
2021-06-16T13:31:10,100.0,91.9,B
2021-06-16T13:31:06,2000.0,91.9,B
2021-06-16T13:31:02,100.0,91.9,B
2021-06-16T13:31:00,1300.0,91.9,B
2021-06-16T13:30:55,1000.0,91.9,B
2021-06-16T13:30:43,100.0,91.9,B
2021-06-16T13:30:29,900.0,91.9,B
2021-06-16T13:30:20,2000.0,91.9,B
2021-06-16T13:29:53,2000.0,91.9,B
2021-06-16T13:29:53,1000.0,91.9,B
2021-06-16T13:29:42,1100.0,91.8,S
2021-06-16T13:29:38,5000.0,91.9,B
2021-06-16T13:29:26,200.0,91.8,S
2021-06-16T13:29:25,1000.0,91.9,B
2021-06-16T13:29:21,5000.0,91.9,B
2021-06-16T13:29:20,200.0,91.9,B
2021-06-16T13:29:19,300.0,91.9,B
2021-06-16T13:29:16,1000.0,91.9,B
2021-06-16T13:29:07,1000.0,91.9,B
2021-06-16T13:29:05,300.0,91.9,B
2021-06-16T13:29:04,100.0,91.9,B
2021-06-16T13:28:58,200.0,91.9,B
2021-06-16T13:28:57,2100.0,91.9,B
2021-06-16T13:28:55,1200.0,91.9,B
2021-06-16T13:28:55,100.0,91.9,B
2021-06-16T13:28:55,200.0,91.9,B
2021-06-16T13:28:55,600.0,91.9,B
2021-06-16T13:28:55,500.0,91.9,B
2021-06-16T13:28:55,700.0,91.9,B
2021-06-16T13:28:55,2100.0,91.9,B
2021-06-16T13:28:55,100.0,91.9,B
2021-06-16T13:28:55,1200.0,91.9,B
2021-06-16T13:28:54,3300.0,91.9,B
2021-06-16T13:28:52,400.0,91.9,B
2021-06-16T13:28:38,1800.0,91.9,B
2021-06-16T13:28:38,500.0,91.9,B
2021-06-16T13:28:37,500.0,91.9,B
2021-06-16T13:28:37,400.0,91.9,B
2021-06-16T13:28:25,900.0,91.9,B
2021-06-16T13:28:12,300.0,91.9,B
2021-06-16T13:28:06,200.0,91.9,B
2021-06-16T13:27:57,100.0,91.9,B
2021-06-16T13:27:57,700.0,91.9,B
2021-06-16T13:27:45,200.0,91.9,B
2021-06-16T13:27:33,1000.0,91.9,B
2021-06-16T13:27:14,500.0,91.9,B
2021-06-16T13:27:11,400.0,91.9,B
2021-06-16T13:27:05,300.0,91.9,B
2021-06-16T13:27:04,1000.0,91.9,B
2021-06-16T13:26:56,200.0,91.9,B
2021-06-16T13:26:51,1000.0,91.9,B
2021-06-16T13:26:47,1400.0,91.9,B
2021-06-16T13:26:41,8000.0,91.9,B
2021-06-16T13:26:35,1000.0,91.9,B
2021-06-16T13:26:29,500.0,91.9,B
2021-06-16T13:26:28,900.0,91.9,B
2021-06-16T13:26:24,700.0,91.9,B
2021-06-16T13:26:24,400.0,91.9,B
2021-06-16T13:26:24,100.0,91.9,B
2021-06-16T13:26:24,2500.0,91.9,B
2021-06-16T13:26:24,100.0,91.9,B
2021-06-16T13:26:24,6200.0,91.9,B
2021-06-16T13:26:18,100.0,91.9,B
2021-06-16T13:26:15,2900.0,91.8,S
2021-06-16T13:26:15,1000.0,91.9,B
2021-06-16T13:26:13,200.0,91.8,S
2021-06-16T13:25:56,500.0,91.9,B
2021-06-16T13:25:55,2100.0,91.8,B
2021-06-16T13:25:41,500.0,91.7,S
2021-06-16T13:25:38,1000.0,91.8,B
2021-06-16T13:25:36,5000.0,91.8,B
2021-06-16T13:25:32,1200.0,91.8,B
2021-06-16T13:25:19,100.0,91.8,B
2021-06-16T13:25:08,500.0,91.8,B
2021-06-16T13:25:07,200.0,91.7,S
2021-06-16T13:25:05,400.0,91.8,B
2021-06-16T13:25:02,1000.0,91.8,B
2021-06-16T13:24:55,200.0,91.8,B
2021-06-16T13:24:45,500.0,91.7,S
2021-06-16T13:24:45,2000.0,91.8,B
2021-06-16T13:24:42,500.0,91.8,B
2021-06-16T13:24:37,300.0,91.8,B
2021-06-16T13:24:19,1000.0,91.8,B
2021-06-16T13:24:15,900.0,91.8,B
2021-06-16T13:24:09,1000.0,91.7,S
2021-06-16T13:24:02,100.0,91.7,S
2021-06-16T13:24:01,3000.0,91.8,B
2021-06-16T13:23:53,3000.0,91.7,S
2021-06-16T13:23:47,10000.0,91.8,B
2021-06-16T13:23:35,400.0,91.8,B
2021-06-16T13:23:20,4800.0,91.8,B
2021-06-16T13:23:20,200.0,91.8,B
2021-06-16T13:23:20,5000.0,91.8,B
2021-06-16T13:23:19,100.0,91.8,B
2021-06-16T13:23:19,4900.0,91.8,B
2021-06-16T13:22:58,1000.0,91.8,B
2021-06-16T13:22:48,5000.0,91.7,S
2021-06-16T13:22:47,200.0,91.7,S
2021-06-16T13:22:42,100.0,91.8,B
2021-06-16T13:22:36,800.0,91.7,S
2021-06-16T13:22:18,100.0,91.7,S
2021-06-16T13:22:10,100.0,91.7,S
2021-06-16T13:22:06,1000.0,91.8,B
2021-06-16T13:21:49,100.0,91.7,S
2021-06-16T13:21:35,200.0,91.7,S
2021-06-16T13:21:13,100.0,91.7,S
2021-06-16T13:21:02,100.0,91.7,B
2021-06-16T13:20:59,7500.0,91.8,B
2021-06-16T13:20:43,100.0,91.7,B
2021-06-16T13:20:37,10000.0,91.7,B
2021-06-16T13:20:20,3000.0,91.7,B
2021-06-16T13:19:58,1000.0,91.7,S
2021-06-16T13:19:55,100.0,91.7,S
2021-06-16T13:19:43,1400.0,91.7,S
2021-06-16T13:19:15,100.0,91.7,B
2021-06-16T13:19:09,1000.0,91.7,B
2021-06-16T13:19:00,300.0,91.7,B
2021-06-16T13:18:57,100.0,91.7,B
2021-06-16T13:18:57,200.0,91.7,B
2021-06-16T13:18:41,1000.0,91.7,B
2021-06-16T13:18:33,1000.0,91.7,B
2021-06-16T13:18:33,100.0,91.7,B
2021-06-16T13:18:32,900.0,91.7,B
2021-06-16T13:18:32,300.0,91.7,B
2021-06-16T13:18:11,2000.0,91.7,B
2021-06-16T13:17:55,100.0,91.7,B
2021-06-16T13:17:52,900.0,91.7,B
2021-06-16T13:17:26,3000.0,91.7,B
2021-06-16T13:17:25,2000.0,91.7,B
2021-06-16T13:17:16,200.0,91.6,S
2021-06-16T13:16:56,3000.0,91.7,B
2021-06-16T13:16:52,100.0,91.7,B
2021-06-16T13:16:42,500.0,91.7,B
2021-06-16T13:16:42,100.0,91.6,S
2021-06-16T13:16:30,3000.0,91.7,B
2021-06-16T13:16:27,200.0,91.7,B
2021-06-16T13:16:20,3200.0,91.7,B
2021-06-16T13:16:20,100.0,91.7,B
2021-06-16T13:16:19,6500.0,91.7,B
2021-06-16T13:16:17,100.0,91.6,S
2021-06-16T13:15:52,500.0,91.7,B
2021-06-16T13:15:41,1000.0,91.7,B
2021-06-16T13:15:38,1000.0,91.6,S
2021-06-16T13:15:34,3000.0,91.6,S
2021-06-16T13:15:33,500.0,91.7,B
2021-06-16T13:15:18,800.0,91.7,B
2021-06-16T13:15:17,4000.0,91.6,S
2021-06-16T13:14:53,500.0,91.7,B
2021-06-16T13:14:42,100.0,91.6,S
2021-06-16T13:14:36,500.0,91.6,S
2021-06-16T13:14:36,1000.0,91.6,S
2021-06-16T13:14:36,1500.0,91.6,S
2021-06-16T13:14:11,200.0,91.6,S
2021-06-16T13:14:04,600.0,91.6,S
2021-06-16T13:14:01,2000.0,91.7,B
2021-06-16T13:13:59,1000.0,91.7,B
2021-06-16T13:13:54,500.0,91.7,B
2021-06-16T13:13:49,500.0,91.6,B
2021-06-16T13:13:37,900.0,91.7,B
2021-06-16T13:13:36,900.0,91.6,B
2021-06-16T13:13:36,2200.0,91.6,B
2021-06-16T13:13:36,6900.0,91.6,B
2021-06-16T13:13:34,100.0,91.6,B
2021-06-16T13:12:46,1000.0,91.6,B
2021-06-16T13:12:26,1000.0,91.6,B
2021-06-16T13:11:38,700.0,91.6,B
2021-06-16T13:11:38,100.0,91.5,B
2021-06-16T13:11:34,9000.0,91.6,B
2021-06-16T13:11:29,1000.0,91.5,B
2021-06-16T13:11:24,1000.0,91.5,B
2021-06-16T13:11:23,900.0,91.5,B
2021-06-16T13:11:10,1000.0,91.5,S
2021-06-16T13:11:10,600.0,91.5,S
2021-06-16T13:11:10,700.0,91.5,S
2021-06-16T13:11:00,1000.0,91.5,S
2021-06-16T13:10:27,100.0,91.5,S
2021-06-16T13:10:21,700.0,91.5,S
2021-06-16T13:10:12,200.0,91.5,S
2021-06-16T13:10:09,100.0,91.5,S
2021-06-16T13:10:09,1000.0,91.5,S
2021-06-16T13:10:06,1200.0,91.5,B
2021-06-16T13:10:01,100.0,91.5,B
2021-06-16T13:10:00,200.0,91.5,B
2021-06-16T13:09:48,1000.0,91.5,S
2021-06-16T13:09:44,500.0,91.6,B
2021-06-16T13:09:29,1000.0,91.5,S
2021-06-16T13:09:24,100.0,91.5,B
2021-06-16T13:09:24,300.0,91.5,B
2021-06-16T13:09:17,500.0,91.5,B
2021-06-16T13:09:16,900.0,91.5,B
2021-06-16T13:09:12,5000.0,91.5,B
2021-06-16T13:09:10,5000.0,91.5,B
2021-06-16T13:08:55,500.0,91.5,B
2021-06-16T13:08:45,500.0,91.5,B
2021-06-16T13:08:20,100.0,91.3,S
2021-06-16T13:08:18,2000.0,91.5,B
2021-06-16T13:08:10,300.0,91.5,B
2021-06-16T13:08:09,1500.0,91.5,B
2021-06-16T13:07:59,500.0,91.5,B
2021-06-16T13:07:48,2000.0,91.3,S
2021-06-16T13:07:44,800.0,91.5,S
2021-06-16T13:07:41,300.0,91.6,B
2021-06-16T13:07:41,600.0,91.6,B
2021-06-16T13:07:33,1300.0,91.7,B
2021-06-16T13:07:33,3700.0,91.6,B
2021-06-16T13:07:32,700.0,91.5,S
2021-06-16T13:07:30,4200.0,91.5,S
2021-06-16T13:07:27,100.0,91.5,S
2021-06-16T13:07:15,1500.0,91.5,S
2021-06-16T13:07:14,900.0,91.6,B
2021-06-16T13:07:08,100.0,91.6,S
2021-06-16T13:07:06,3000.0,91.6,S
2021-06-16T13:07:05,100.0,91.6,S
2021-06-16T13:06:29,100.0,91.6,S
2021-06-16T13:06:18,3000.0,91.8,B
2021-06-16T13:05:55,1000.0,91.8,B
2021-06-16T13:05:55,1000.0,91.7,S
2021-06-16T13:05:50,200.0,91.8,B
2021-06-16T13:05:48,100.0,91.8,B
2021-06-16T13:05:35,300.0,91.8,B
2021-06-16T13:05:26,500.0,91.8,S
2021-06-16T13:05:24,4700.0,91.8,S
2021-06-16T13:05:17,2000.0,91.8,B
2021-06-16T13:05:17,100.0,91.8,B
2021-06-16T13:05:12,5000.0,91.9,B
2021-06-16T13:05:06,5000.0,91.8,B
2021-06-16T13:05:05,1000.0,91.8,B
2021-06-16T13:05:05,700.0,91.8,B
2021-06-16T13:04:57,100.0,91.8,B
2021-06-16T13:04:51,2000.0,91.8,B
2021-06-16T13:04:45,200.0,91.8,B
2021-06-16T13:04:38,500.0,91.8,B
2021-06-16T13:04:30,500.0,91.8,B
2021-06-16T13:04:26,300.0,91.7,B
2021-06-16T13:04:26,700.0,91.7,B
2021-06-16T13:04:26,300.0,91.5,B
2021-06-16T13:04:26,400.0,91.5,B
2021-06-16T13:04:26,600.0,91.5,B
2021-06-16T13:04:17,300.0,91.5,B
2021-06-16T13:04:17,2700.0,91.5,B
2021-06-16T13:04:12,1000.0,91.5,B
2021-06-16T13:04:09,1000.0,91.5,B
2021-06-16T13:04:07,1000.0,91.5,B
2021-06-16T13:03:55,500.0,91.5,B
2021-06-16T13:03:54,2000.0,91.5,B
2021-06-16T13:03:53,400.0,91.5,B
2021-06-16T13:03:53,19600.0,91.5,B
2021-06-16T13:03:53,2000.0,91.4,B
2021-06-16T13:03:51,6700.0,91.3,B
2021-06-16T13:03:48,1200.0,91.3,B
2021-06-16T13:03:41,2700.0,91.3,B
2021-06-16T13:03:39,500.0,91.3,B
2021-06-16T13:03:38,1000.0,91.3,B
2021-06-16T13:03:36,6500.0,91.2,S
2021-06-16T13:03:30,3100.0,91.2,B
2021-06-16T13:03:29,1900.0,91.2,B
2021-06-16T13:03:21,1000.0,91.2,B
2021-06-16T13:03:21,1000.0,91.2,B
2021-06-16T13:03:20,300.0,91.2,B
2021-06-16T13:03:17,1700.0,91.2,B
2021-06-16T13:03:05,1400.0,91.1,B
2021-06-16T13:03:05,100.0,91.1,B
2021-06-16T13:03:03,200.0,91.1,B
2021-06-16T13:03:03,900.0,91.1,B
2021-06-16T13:03:02,100.0,91.1,B
2021-06-16T13:03:01,100.0,91.1,B
2021-06-16T13:02:59,1000.0,91.1,B
2021-06-16T13:02:57,200.0,91.1,B
2021-06-16T13:02:54,500.0,91.1,B
2021-06-16T13:02:42,300.0,91.1,B
2021-06-16T13:02:41,100.0,91.0,S
2021-06-16T13:02:40,300.0,91.0,S
2021-06-16T13:02:39,800.0,91.0,B
2021-06-16T13:02:36,1100.0,91.0,B
2021-06-16T13:02:36,1900.0,91.0,B
2021-06-16T13:02:34,300.0,91.0,B
2021-06-16T13:02:31,100.0,91.0,B
2021-06-16T13:02:31,700.0,91.0,B
2021-06-16T13:02:31,300.0,91.0,B
2021-06-16T13:02:31,1400.0,91.0,B
2021-06-16T13:02:31,2100.0,91.0,B
2021-06-16T13:02:31,1000.0,91.0,B
2021-06-16T13:02:31,200.0,91.0,B
2021-06-16T13:02:31,900.0,91.0,B
2021-06-16T13:02:31,200.0,91.0,B
2021-06-16T13:02:31,3900.0,91.0,B
2021-06-16T13:02:29,9500.0,91.0,B
2021-06-16T13:02:29,300.0,91.0,B
2021-06-16T13:02:29,1100.0,91.0,B
2021-06-16T13:02:29,1500.0,91.0,B
2021-06-16T13:02:29,300.0,91.0,B
2021-06-16T13:02:29,7200.0,91.0,B
2021-06-16T13:02:29,300.0,91.0,B
2021-06-16T13:02:29,1500.0,91.0,B
2021-06-16T13:02:29,800.0,91.0,B
2021-06-16T13:02:29,100.0,91.0,B
2021-06-16T13:02:29,17300.0,91.0,B
2021-06-16T13:02:22,1000.0,91.0,B
2021-06-16T13:02:20,3400.0,91.0,B
2021-06-16T13:02:12,1000.0,91.0,B
2021-06-16T13:02:08,400.0,91.0,B
2021-06-16T13:02:06,5000.0,91.0,B
2021-06-16T13:02:06,4000.0,91.0,B
2021-06-16T13:02:04,500.0,91.0,B
2021-06-16T13:02:04,500.0,91.0,B
2021-06-16T13:01:55,600.0,91.0,B
2021-06-16T13:01:54,3200.0,91.0,B
2021-06-16T13:01:54,700.0,91.0,B
2021-06-16T13:01:54,400.0,91.0,B
2021-06-16T13:01:52,1700.0,91.0,B
2021-06-16T13:01:51,500.0,91.0,B
2021-06-16T13:01:50,1000.0,91.0,B
2021-06-16T13:01:48,7500.0,91.0,B
2021-06-16T13:01:48,1800.0,91.0,B
2021-06-16T13:01:42,100.0,90.9,B
2021-06-16T13:01:42,5000.0,91.0,B
2021-06-16T13:01:38,1700.0,91.0,B
2021-06-16T13:01:38,600.0,91.0,B
2021-06-16T13:01:37,2700.0,91.0,B
2021-06-16T13:01:35,500.0,90.9,B
2021-06-16T13:01:35,1300.0,90.9,B
2021-06-16T13:01:27,500.0,90.9,B
2021-06-16T13:01:22,200.0,90.9,B
2021-06-16T13:01:22,300.0,90.9,B
2021-06-16T13:01:22,4500.0,90.9,B
2021-06-16T13:01:12,1000.0,90.8,B
2021-06-16T13:01:11,1000.0,90.9,B
2021-06-16T13:01:07,300.0,90.8,B
2021-06-16T13:01:05,100.0,90.9,B
2021-06-16T13:01:00,1000.0,90.8,B
2021-06-16T13:00:46,300.0,90.8,B
2021-06-16T13:00:41,100.0,90.9,B
2021-06-16T13:00:38,100.0,90.8,B
2021-06-16T13:00:36,100.0,90.8,B
2021-06-16T13:00:36,200.0,90.8,B
2021-06-16T13:00:36,400.0,90.8,B
2021-06-16T13:00:33,100.0,90.8,B
2021-06-16T13:00:33,100.0,90.8,B
2021-06-16T13:00:33,1000.0,90.8,B
2021-06-16T13:00:29,200.0,90.8,B
2021-06-16T13:00:29,200.0,90.8,B
2021-06-16T13:00:29,200.0,90.8,B
2021-06-16T13:00:29,100.0,90.8,B
2021-06-16T13:00:29,4800.0,90.8,B
2021-06-16T13:00:27,2000.0,90.8,B
2021-06-16T13:00:26,500.0,90.8,B
2021-06-16T13:00:25,5000.0,90.8,B
2021-06-16T11:30:02,900.0,90.8,B
2021-06-16T11:29:54,300.0,90.7,S
2021-06-16T11:29:16,1000.0,90.8,B
2021-06-16T11:28:28,2700.0,90.8,B
2021-06-16T11:28:27,100.0,90.7,B
2021-06-16T11:28:12,3100.0,90.7,B
2021-06-16T11:28:12,1500.0,90.7,B
2021-06-16T11:28:12,3000.0,90.7,B
2021-06-16T11:28:11,2400.0,90.7,B
2021-06-16T11:28:00,1000.0,90.7,B
2021-06-16T11:27:37,600.0,90.7,B
2021-06-16T11:26:42,900.0,90.6,B
2021-06-16T11:26:38,100.0,90.5,S
2021-06-16T11:26:36,100.0,90.6,B
2021-06-16T11:25:48,1000.0,90.6,B
2021-06-16T11:25:48,300.0,90.6,B
2021-06-16T11:25:48,1500.0,90.6,B
2021-06-16T11:25:48,200.0,90.6,B
2021-06-16T11:25:43,1000.0,90.6,B
2021-06-16T11:25:34,900.0,90.6,B
2021-06-16T11:24:55,100.0,90.6,B
2021-06-16T11:24:52,100.0,90.6,B
2021-06-16T11:24:52,900.0,90.6,B
2021-06-16T11:24:33,500.0,90.6,B
2021-06-16T11:24:11,100.0,90.6,B
2021-06-16T11:24:09,1000.0,90.6,B
2021-06-16T11:24:06,100.0,90.6,B
2021-06-16T11:23:59,100.0,90.5,S
2021-06-16T11:23:49,600.0,90.6,B
2021-06-16T11:23:49,800.0,90.5,B
2021-06-16T11:23:46,2000.0,90.5,B
2021-06-16T11:23:42,700.0,90.5,B
2021-06-16T11:23:42,2000.0,90.5,B
2021-06-16T11:23:42,300.0,90.5,B
2021-06-16T11:23:42,7000.0,90.5,B
2021-06-16T11:23:38,2000.0,90.5,B
2021-06-16T11:23:34,200.0,90.5,B
2021-06-16T11:23:32,2400.0,90.5,B
2021-06-16T11:23:30,2000.0,90.5,B
2021-06-16T11:23:28,900.0,90.5,B
2021-06-16T11:23:28,200.0,90.5,B
2021-06-16T11:23:24,2000.0,90.5,B
2021-06-16T11:23:24,3100.0,90.5,B
2021-06-16T11:23:24,1900.0,90.5,B
2021-06-16T11:23:21,1500.0,90.5,B
2021-06-16T11:23:21,100.0,90.5,B
2021-06-16T11:23:21,300.0,90.5,B
2021-06-16T11:23:21,100.0,90.5,B
2021-06-16T11:23:21,3000.0,90.5,B
2021-06-16T11:23:21,1200.0,90.5,B
2021-06-16T11:23:21,200.0,90.5,B
2021-06-16T11:23:21,1200.0,90.5,B
2021-06-16T11:23:21,1600.0,90.5,B
2021-06-16T11:23:21,800.0,90.5,B
2021-06-16T11:23:21,5000.0,90.5,B
2021-06-16T11:23:21,200.0,90.4,S
2021-06-16T11:23:13,700.0,90.5,B
2021-06-16T11:23:13,3000.0,90.5,B
2021-06-16T11:23:13,4300.0,90.5,B
2021-06-16T11:22:54,2000.0,90.5,B
2021-06-16T11:22:53,100.0,90.5,B
2021-06-16T11:22:53,800.0,90.5,B
2021-06-16T11:22:53,600.0,90.5,B
2021-06-16T11:22:53,200.0,90.5,B
2021-06-16T11:22:53,300.0,90.5,B
2021-06-16T11:22:45,2000.0,90.5,B
2021-06-16T11:22:40,1000.0,90.5,B
2021-06-16T11:22:34,1000.0,90.5,B
2021-06-16T11:22:31,1100.0,90.5,B
2021-06-16T11:22:31,900.0,90.5,B
2021-06-16T11:22:28,2000.0,90.5,B
2021-06-16T11:22:24,100.0,90.5,B
2021-06-16T11:22:24,200.0,90.5,B
2021-06-16T11:22:24,1000.0,90.5,B
2021-06-16T11:22:24,500.0,90.5,B
2021-06-16T11:22:24,3200.0,90.5,B
2021-06-16T11:22:16,2000.0,90.5,B
2021-06-16T11:21:56,1900.0,90.5,B
2021-06-16T11:21:56,100.0,90.5,B
2021-06-16T11:21:53,1000.0,90.5,B
2021-06-16T11:21:31,900.0,90.5,B
2021-06-16T11:21:31,800.0,90.5,B
2021-06-16T11:21:31,300.0,90.5,B
2021-06-16T11:21:29,100.0,90.5,B
2021-06-16T11:21:20,100.0,90.5,B
2021-06-16T11:21:19,900.0,90.5,B
2021-06-16T11:20:30,600.0,90.5,B
2021-06-16T11:20:30,9400.0,90.5,B
2021-06-16T11:19:53,600.0,90.3,S
2021-06-16T11:19:47,4000.0,90.3,S
2021-06-16T11:19:46,1400.0,90.4,B
2021-06-16T11:19:40,1000.0,90.3,S
2021-06-16T11:19:20,300.0,90.4,B
2021-06-16T11:19:20,400.0,90.4,B
2021-06-16T11:19:20,3000.0,90.4,B
2021-06-16T11:19:20,1500.0,90.4,B
2021-06-16T11:19:20,800.0,90.4,B
2021-06-16T11:19:20,800.0,90.4,B
2021-06-16T11:19:20,3200.0,90.4,B
2021-06-16T11:19:08,1000.0,90.4,B
2021-06-16T11:18:58,100.0,90.4,B
2021-06-16T11:18:54,10000.0,90.4,B
2021-06-16T11:18:46,1500.0,90.3,S
2021-06-16T11:18:28,500.0,90.4,B
2021-06-16T11:18:06,200.0,90.4,B
2021-06-16T11:18:01,500.0,90.3,S
2021-06-16T11:17:07,900.0,90.4,B
2021-06-16T11:16:59,500.0,90.3,S
2021-06-16T11:16:48,200.0,90.3,S
2021-06-16T11:16:19,500.0,90.3,S
2021-06-16T11:16:06,300.0,90.3,B
2021-06-16T11:15:58,200.0,90.3,B
2021-06-16T11:15:58,300.0,90.3,B
2021-06-16T11:15:45,5000.0,90.3,B
2021-06-16T11:15:39,4200.0,90.3,B
2021-06-16T11:15:39,700.0,90.3,B
2021-06-16T11:15:38,100.0,90.3,B
2021-06-16T11:14:57,1000.0,90.3,B
2021-06-16T11:14:54,3000.0,90.3,B
2021-06-16T11:14:52,500.0,90.3,B
2021-06-16T11:14:39,500.0,90.2,S
2021-06-16T11:14:32,500.0,90.3,B
2021-06-16T11:13:54,600.0,90.2,S
2021-06-16T11:13:42,500.0,90.2,S
2021-06-16T11:13:36,100.0,90.2,S
2021-06-16T11:13:20,400.0,90.2,B
2021-06-16T11:13:20,300.0,90.2,B
2021-06-16T11:13:20,3800.0,90.2,B
2021-06-16T11:13:07,5000.0,90.2,B
2021-06-16T11:12:54,900.0,90.2,B
2021-06-16T11:12:46,100.0,90.1,S
2021-06-16T11:12:36,400.0,90.2,B
2021-06-16T11:12:24,1000.0,90.2,B
2021-06-16T11:12:15,100.0,90.2,B
2021-06-16T11:12:15,1300.0,90.2,B
2021-06-16T11:11:49,1500.0,90.2,B
2021-06-16T11:11:22,2100.0,90.2,B
2021-06-16T11:11:22,500.0,90.2,B
2021-06-16T11:11:22,1700.0,90.2,B
2021-06-16T11:11:22,1200.0,90.2,B
2021-06-16T11:11:22,4500.0,90.2,B
2021-06-16T11:11:03,1000.0,90.2,B
2021-06-16T11:10:47,1000.0,90.1,S
2021-06-16T11:10:47,1000.0,90.2,B
2021-06-16T11:10:35,200.0,90.1,S
2021-06-16T11:10:01,900.0,90.2,B
2021-06-16T11:08:53,1100.0,90.2,B
2021-06-16T11:08:37,1000.0,90.2,B
2021-06-16T11:08:09,400.0,90.2,B
2021-06-16T11:07:57,600.0,90.1,B
2021-06-16T11:07:47,3000.0,90.1,B
2021-06-16T11:07:43,4000.0,90.1,B
2021-06-16T11:07:20,1000.0,90.0,S
2021-06-16T11:07:11,2000.0,90.0,S
2021-06-16T11:06:45,2000.0,90.0,S
2021-06-16T11:06:44,100.0,90.0,S
2021-06-16T11:06:30,10400.0,90.0,B
2021-06-16T11:06:30,300.0,90.0,B
2021-06-16T11:06:30,600.0,90.0,B
2021-06-16T11:06:26,1000.0,90.0,B
2021-06-16T11:06:12,300.0,90.0,B
2021-06-16T11:05:43,1600.0,90.0,B
2021-06-16T11:05:29,400.0,90.0,B
2021-06-16T11:05:20,200.0,90.0,B
2021-06-16T11:04:24,900.0,90.0,B
2021-06-16T11:03:55,100.0,89.9,S
2021-06-16T11:03:46,900.0,89.9,B
2021-06-16T11:03:35,200.0,89.9,B
2021-06-16T11:03:07,500.0,89.8,S
2021-06-16T11:03:02,2000.0,89.9,S
2021-06-16T11:03:02,200.0,89.9,S
2021-06-16T11:02:20,800.0,90.0,B
2021-06-16T11:02:19,200.0,90.0,B
2021-06-16T11:01:29,1000.0,89.9,S
2021-06-16T11:00:17,900.0,90.0,B
2021-06-16T10:59:09,1800.0,89.8,S
2021-06-16T10:59:08,700.0,89.8,S
2021-06-16T10:58:58,1300.0,89.8,S
2021-06-16T10:58:58,1200.0,89.8,S
2021-06-16T10:58:40,1000.0,89.8,S
2021-06-16T10:58:33,300.0,89.8,S
2021-06-16T10:58:07,1200.0,90.0,B
2021-06-16T10:57:56,1000.0,89.8,S
2021-06-16T10:57:10,1100.0,90.0,B
2021-06-16T10:56:56,1000.0,90.0,B
2021-06-16T10:56:43,500.0,90.0,B
2021-06-16T10:56:12,900.0,90.0,B
2021-06-16T10:56:05,1100.0,90.0,B
2021-06-16T10:55:45,2000.0,90.0,B
2021-06-16T10:55:34,1000.0,90.0,B
2021-06-16T10:55:32,400.0,89.8,S
2021-06-16T10:55:31,300.0,90.0,B
2021-06-16T10:55:13,5000.0,89.8,S
2021-06-16T10:54:46,700.0,90.0,B
2021-06-16T10:54:46,400.0,90.0,B
2021-06-16T10:54:23,100.0,89.9,S
2021-06-16T10:54:12,8900.0,90.0,S
2021-06-16T10:53:56,1200.0,90.2,B
2021-06-16T10:53:51,400.0,90.2,B
2021-06-16T10:53:45,1000.0,90.2,B
2021-06-16T10:53:33,400.0,90.2,B
2021-06-16T10:53:31,400.0,90.1,B
2021-06-16T10:53:24,500.0,90.2,B
2021-06-16T10:53:07,500.0,90.1,B
2021-06-16T10:53:03,100.0,90.1,B
2021-06-16T10:52:58,1000.0,90.1,B
2021-06-16T10:52:25,1000.0,90.1,B
2021-06-16T10:52:13,2000.0,90.1,B
2021-06-16T10:52:11,300.0,90.1,B
2021-06-16T10:52:03,400.0,90.1,B
2021-06-16T10:51:53,1100.0,90.1,B
2021-06-16T10:51:32,100.0,90.0,B
2021-06-16T10:51:32,100.0,90.0,B
2021-06-16T10:51:31,100.0,90.0,B
2021-06-16T10:51:27,700.0,90.0,B
2021-06-16T10:51:27,100.0,90.0,B
2021-06-16T10:51:27,1200.0,90.0,B
2021-06-16T10:50:59,2000.0,90.0,B
2021-06-16T10:50:58,800.0,90.0,B
2021-06-16T10:50:51,200.0,90.0,B
2021-06-16T10:50:51,800.0,90.0,B
2021-06-16T10:50:28,1000.0,90.0,B
2021-06-16T10:50:28,1700.0,90.0,B
2021-06-16T10:50:27,1300.0,90.0,B
2021-06-16T10:50:18,1000.0,90.0,B
2021-06-16T10:50:13,800.0,90.0,B
2021-06-16T10:50:02,1000.0,90.0,B
2021-06-16T10:49:54,1100.0,90.0,B
2021-06-16T10:49:53,2000.0,90.0,B
2021-06-16T10:49:51,5000.0,90.0,B
2021-06-16T10:49:48,100.0,90.0,B
2021-06-16T10:49:39,200.0,90.0,B
2021-06-16T10:49:38,1000.0,90.0,B
2021-06-16T10:48:49,5900.0,90.0,B
2021-06-16T10:47:40,600.0,90.0,B
2021-06-16T10:47:40,500.0,89.9,B
2021-06-16T10:47:35,200.0,89.8,S
2021-06-16T10:47:17,1000.0,89.9,B
2021-06-16T10:47:02,200.0,89.9,B
2021-06-16T10:46:08,200.0,89.9,B
2021-06-16T10:46:08,1000.0,89.8,B
2021-06-16T10:46:06,10000.0,89.8,B
2021-06-16T10:46:03,2000.0,89.5,S
2021-06-16T10:45:48,500.0,89.5,S
2021-06-16T10:45:33,1200.0,89.6,S
2021-06-16T10:44:59,7000.0,89.5,S
2021-06-16T10:44:39,200.0,89.6,S
2021-06-16T10:44:23,2000.0,89.6,S
2021-06-16T10:44:05,2000.0,89.8,B
2021-06-16T10:43:53,2000.0,89.8,B
2021-06-16T10:43:50,500.0,89.5,S
2021-06-16T10:43:50,5500.0,89.5,S
2021-06-16T10:43:49,200.0,89.8,B
2021-06-16T10:43:34,600.0,89.8,B
2021-06-16T10:43:34,900.0,89.8,B
2021-06-16T10:43:28,1100.0,89.7,B
2021-06-16T10:43:28,2000.0,89.7,B
2021-06-16T10:43:21,200.0,89.7,B
2021-06-16T10:42:51,1000.0,89.7,B
2021-06-16T10:42:39,100.0,89.7,B
2021-06-16T10:42:33,300.0,89.7,B
2021-06-16T10:41:47,800.0,89.7,B
2021-06-16T10:41:44,2000.0,89.5,S
2021-06-16T10:41:38,1000.0,89.5,S
2021-06-16T10:41:21,200.0,89.7,B
2021-06-16T10:41:20,900.0,89.6,B
2021-06-16T10:40:24,100.0,89.6,S
2021-06-16T10:40:11,400.0,89.7,B
2021-06-16T10:39:59,400.0,89.5,S
2021-06-16T10:39:55,1000.0,89.7,B
2021-06-16T10:39:13,1100.0,89.7,B
2021-06-16T10:37:04,1200.0,89.7,B
2021-06-16T10:37:02,200.0,89.7,B
2021-06-16T10:36:39,800.0,89.5,S
2021-06-16T10:36:18,5000.0,89.5,S
2021-06-16T10:36:15,1100.0,89.7,B
2021-06-16T10:36:10,300.0,89.6,S
2021-06-16T10:35:09,300.0,89.7,B
2021-06-16T10:35:02,1200.0,89.7,B
2021-06-16T10:35:02,500.0,89.5,S
2021-06-16T10:35:02,1400.0,89.5,S
2021-06-16T10:35:02,4300.0,89.6,S
2021-06-16T10:35:02,5000.0,89.6,S
2021-06-16T10:34:54,700.0,89.6,S
2021-06-16T10:34:53,1000.0,89.6,S
2021-06-16T10:34:49,1000.0,89.6,S
2021-06-16T10:34:48,4000.0,89.6,S
2021-06-16T10:33:53,2000.0,89.6,S
2021-06-16T10:33:51,100.0,89.7,B
2021-06-16T10:33:38,4900.0,89.7,S
2021-06-16T10:33:37,1000.0,89.7,S
2021-06-16T10:33:28,100.0,89.7,S
2021-06-16T10:33:05,1100.0,89.7,S
2021-06-16T10:32:48,500.0,89.6,S
2021-06-16T10:32:29,4000.0,89.7,S
2021-06-16T10:32:25,200.0,89.7,S
2021-06-16T10:32:10,2000.0,89.7,S
2021-06-16T10:32:07,2000.0,89.7,S
2021-06-16T10:32:01,2200.0,89.7,S
2021-06-16T10:32:01,400.0,89.8,B
2021-06-16T10:31:50,200.0,89.8,B
2021-06-16T10:31:40,2400.0,89.8,B
2021-06-16T10:31:23,100.0,89.7,S
2021-06-16T10:31:23,500.0,89.7,S
2021-06-16T10:31:06,200.0,89.8,B
2021-06-16T10:30:58,1200.0,89.8,B
2021-06-16T10:30:20,200.0,89.7,S
2021-06-16T10:30:20,2000.0,89.6,S
2021-06-16T10:30:19,200.0,89.6,S
2021-06-16T10:29:43,3000.0,89.8,B
2021-06-16T10:29:43,500.0,89.8,B
2021-06-16T10:29:43,1200.0,89.8,B
2021-06-16T10:29:43,800.0,89.8,B
2021-06-16T10:29:43,4500.0,89.8,B
2021-06-16T10:29:15,100.0,89.8,B
2021-06-16T10:29:05,200.0,89.8,B
2021-06-16T10:29:01,1100.0,89.8,B
2021-06-16T10:28:42,2600.0,89.7,S
2021-06-16T10:28:38,600.0,89.7,S
2021-06-16T10:28:30,4500.0,89.6,S
2021-06-16T10:28:29,200.0,89.7,S
2021-06-16T10:28:23,900.0,89.7,S
2021-06-16T10:27:57,800.0,89.7,S
2021-06-16T10:27:43,2000.0,89.7,S
2021-06-16T10:27:12,100.0,89.7,S
2021-06-16T10:26:40,1200.0,89.8,B
2021-06-16T10:26:19,2100.0,89.8,B
2021-06-16T10:25:56,2000.0,89.6,S
2021-06-16T10:25:47,2900.0,89.7,S
2021-06-16T10:25:03,7100.0,89.7,S
2021-06-16T10:24:47,1000.0,89.7,S
2021-06-16T10:24:30,1100.0,89.8,B
2021-06-16T10:24:05,200.0,89.7,S
2021-06-16T10:22:57,1000.0,89.8,S
2021-06-16T10:22:35,1100.0,89.8,S
2021-06-16T10:22:01,7100.0,89.8,S
2021-06-16T10:21:53,1000.0,89.8,S
2021-06-16T10:21:02,500.0,89.8,S
2021-06-16T10:20:47,1100.0,89.9,S
2021-06-16T10:20:20,1000.0,89.8,S
2021-06-16T10:20:11,100.0,89.9,S
2021-06-16T10:20:10,1400.0,89.8,S
2021-06-16T10:19:43,900.0,89.7,S
2021-06-16T10:19:35,2000.0,89.7,S
2021-06-16T10:19:26,100.0,89.9,S
2021-06-16T10:19:23,1000.0,89.7,S
2021-06-16T10:19:21,1000.0,89.7,S
2021-06-16T10:19:09,2100.0,89.9,S
2021-06-16T10:18:59,2000.0,89.9,S
2021-06-16T10:18:42,1100.0,89.9,S
2021-06-16T10:18:42,100.0,89.9,S
2021-06-16T10:18:41,500.0,89.8,S
2021-06-16T10:18:38,1300.0,89.8,S
2021-06-16T10:18:38,700.0,89.8,S
2021-06-16T10:18:09,1000.0,89.9,S
2021-06-16T10:18:02,5000.0,89.9,S
2021-06-16T10:17:54,500.0,89.9,S
2021-06-16T10:17:48,5000.0,89.8,S
2021-06-16T10:17:43,500.0,89.9,S
2021-06-16T10:17:31,400.0,89.9,S
2021-06-16T10:17:31,300.0,89.9,S
2021-06-16T10:17:29,200.0,90.0,B
2021-06-16T10:17:24,2500.0,89.9,S
2021-06-16T10:16:55,1000.0,89.9,S
2021-06-16T10:16:42,1200.0,90.0,B
2021-06-16T10:16:17,1000.0,89.9,S
2021-06-16T10:15:58,1200.0,89.9,S
2021-06-16T10:15:36,600.0,89.9,S
2021-06-16T10:15:27,300.0,89.9,S
2021-06-16T10:15:27,300.0,89.9,S
2021-06-16T10:14:52,1000.0,90.0,B
2021-06-16T10:14:39,500.0,90.0,B
2021-06-16T10:14:28,200.0,89.9,S
2021-06-16T10:14:24,1200.0,90.0,B
2021-06-16T10:14:00,1000.0,90.0,B
2021-06-16T10:12:16,200.0,90.0,S
2021-06-16T10:12:13,200.0,89.9,S
2021-06-16T10:12:04,1200.0,90.0,S
2021-06-16T10:11:52,1500.0,89.9,S
2021-06-16T10:11:42,1000.0,90.1,S
2021-06-16T10:11:36,300.0,90.1,S
2021-06-16T10:11:33,200.0,90.2,S
2021-06-16T10:11:31,200.0,90.2,S
2021-06-16T10:11:18,200.0,90.1,S
2021-06-16T10:10:45,1600.0,89.9,S
2021-06-16T10:10:32,100.0,90.0,S
2021-06-16T10:10:32,300.0,90.0,S
2021-06-16T10:10:31,100.0,90.0,S
2021-06-16T10:10:21,3900.0,90.0,S
2021-06-16T10:10:21,200.0,90.0,S
2021-06-16T10:10:19,1000.0,90.0,S
2021-06-16T10:10:19,4900.0,90.0,S
2021-06-16T10:10:09,100.0,90.1,S
2021-06-16T10:09:58,200.0,90.1,S
2021-06-16T10:09:44,1100.0,90.2,S
2021-06-16T10:09:28,1000.0,90.1,S
2021-06-16T10:09:28,5000.0,90.1,S
2021-06-16T10:09:28,4000.0,90.1,S
2021-06-16T10:09:23,500.0,90.1,S
2021-06-16T10:09:12,500.0,90.1,S
2021-06-16T10:09:11,200.0,90.1,S
2021-06-16T10:08:12,300.0,90.1,S
2021-06-16T10:07:59,5300.0,90.2,S
2021-06-16T10:07:48,400.0,90.2,S
2021-06-16T10:07:45,1100.0,90.3,B
2021-06-16T10:07:37,600.0,90.3,B
2021-06-16T10:07:32,1000.0,90.2,S
2021-06-16T10:06:26,900.0,90.2,S
2021-06-16T10:05:30,1100.0,90.3,B
2021-06-16T10:05:25,500.0,90.2,S
2021-06-16T10:04:55,3000.0,90.3,B
2021-06-16T10:04:22,300.0,90.3,B
2021-06-16T10:04:19,900.0,90.3,B
2021-06-16T10:03:50,500.0,90.3,B
2021-06-16T10:03:03,1200.0,90.4,B
2021-06-16T10:02:51,600.0,90.3,B
2021-06-16T10:02:49,2500.0,90.2,S
2021-06-16T10:02:06,300.0,90.4,B
2021-06-16T10:02:03,400.0,90.4,B
2021-06-16T10:02:02,200.0,90.5,B
2021-06-16T10:02:02,300.0,90.4,B
2021-06-16T10:01:48,5000.0,90.2,S
2021-06-16T10:01:28,1500.0,90.4,B
2021-06-16T10:01:28,8200.0,90.4,B
2021-06-16T10:00:53,200.0,90.5,B
2021-06-16T10:00:53,700.0,90.5,B
2021-06-16T10:00:53,300.0,90.5,B
2021-06-16T10:00:35,500.0,90.4,B
2021-06-16T10:00:04,100.0,90.4,B
2021-06-16T09:59:57,100.0,90.4,B
2021-06-16T09:59:51,10000.0,90.4,B
2021-06-16T09:59:34,400.0,90.4,B
2021-06-16T09:59:25,1500.0,90.4,B
2021-06-16T09:59:25,2100.0,90.4,B
2021-06-16T09:59:21,100.0,90.4,B
2021-06-16T09:59:07,500.0,90.4,B
2021-06-16T09:58:55,400.0,90.4,B
2021-06-16T09:58:53,300.0,90.4,B
2021-06-16T09:58:46,1200.0,90.5,B
2021-06-16T09:58:44,300.0,90.4,B
2021-06-16T09:58:39,600.0,90.4,B
2021-06-16T09:58:08,1000.0,90.3,S
2021-06-16T09:58:07,100.0,90.4,B
2021-06-16T09:57:58,5000.0,90.4,B
2021-06-16T09:57:52,100.0,90.4,B
2021-06-16T09:57:47,200.0,90.4,B
2021-06-16T09:57:47,1500.0,90.4,B
2021-06-16T09:57:47,2900.0,90.4,B
2021-06-16T09:57:28,2400.0,90.3,S
2021-06-16T09:56:49,100.0,90.3,S
2021-06-16T09:56:42,100.0,90.3,S
2021-06-16T09:56:38,400.0,90.3,S
2021-06-16T09:56:38,800.0,90.3,S
2021-06-16T09:56:38,1000.0,90.1,S
2021-06-16T09:56:27,500.0,90.3,S
2021-06-16T09:56:06,500.0,90.3,S
2021-06-16T09:55:47,700.0,90.3,S
2021-06-16T09:55:38,100.0,90.3,S
2021-06-16T09:55:31,100.0,90.3,S
2021-06-16T09:55:07,400.0,90.3,S
2021-06-16T09:54:58,1000.0,90.3,S
2021-06-16T09:54:57,200.0,90.3,S
2021-06-16T09:54:47,800.0,90.4,B
2021-06-16T09:54:47,800.0,90.5,B
2021-06-16T09:54:46,300.0,90.5,B
2021-06-16T09:54:44,2800.0,90.4,B
2021-06-16T09:54:42,1400.0,90.4,B
2021-06-16T09:54:36,5000.0,90.4,B
2021-06-16T09:54:24,100.0,90.3,S
2021-06-16T09:54:11,100.0,90.3,S
2021-06-16T09:53:33,8100.0,90.4,B
2021-06-16T09:53:33,5900.0,90.4,B
2021-06-16T09:53:30,300.0,90.3,S
2021-06-16T09:53:29,100.0,90.3,S
2021-06-16T09:53:24,1000.0,90.3,S
2021-06-16T09:53:08,100.0,90.3,S
2021-06-16T09:52:59,100.0,90.3,S
2021-06-16T09:52:40,1100.0,90.4,B
2021-06-16T09:52:38,100.0,90.3,S
2021-06-16T09:52:37,1000.0,90.1,S
2021-06-16T09:52:28,400.0,90.3,S
2021-06-16T09:52:28,5000.0,90.3,S
2021-06-16T09:52:19,100.0,90.3,S
2021-06-16T09:51:58,200.0,90.3,S
2021-06-16T09:51:25,3400.0,90.3,S
2021-06-16T09:51:10,500.0,90.3,S
2021-06-16T09:51:03,500.0,90.2,S
2021-06-16T09:50:57,500.0,90.3,S
2021-06-16T09:50:40,1100.0,90.4,B
2021-06-16T09:50:36,500.0,90.3,S
2021-06-16T09:50:33,200.0,90.3,S
2021-06-16T09:50:25,200.0,90.3,S
2021-06-16T09:50:24,100.0,90.4,B
2021-06-16T09:49:22,100.0,90.3,S
2021-06-16T09:49:06,1000.0,90.3,B
2021-06-16T09:48:43,600.0,90.3,B
2021-06-16T09:48:41,100.0,90.3,B
2021-06-16T09:48:28,1500.0,90.3,B
2021-06-16T09:48:26,1100.0,90.4,B
2021-06-16T09:48:22,100.0,90.3,B
2021-06-16T09:48:07,100.0,90.3,B
2021-06-16T09:47:52,5100.0,90.4,B
2021-06-16T09:47:52,2000.0,90.4,B
2021-06-16T09:47:52,700.0,90.4,B
2021-06-16T09:47:52,200.0,90.4,B
2021-06-16T09:47:52,300.0,90.3,B
2021-06-16T09:47:52,200.0,90.3,B
2021-06-16T09:47:52,200.0,90.3,B
2021-06-16T09:47:52,10000.0,90.3,B
2021-06-16T09:47:52,3000.0,90.3,B
2021-06-16T09:47:52,600.0,90.3,B
2021-06-16T09:47:52,2700.0,90.3,B
2021-06-16T09:47:52,5000.0,90.3,B
2021-06-16T09:47:40,500.0,90.2,B
2021-06-16T09:47:32,2500.0,90.2,B
2021-06-16T09:47:32,1000.0,90.2,B
2021-06-16T09:47:29,2900.0,90.1,S
2021-06-16T09:46:47,200.0,90.2,B
2021-06-16T09:46:47,1000.0,90.1,S
2021-06-16T09:46:35,100.0,90.1,S
2021-06-16T09:46:32,5000.0,90.0,S
2021-06-16T09:46:01,100.0,90.1,S
2021-06-16T09:45:59,300.0,90.1,S
2021-06-16T09:45:50,100.0,90.2,B
2021-06-16T09:45:20,500.0,90.2,B
2021-06-16T09:45:08,600.0,90.2,B
2021-06-16T09:45:07,1800.0,90.1,S
2021-06-16T09:44:44,200.0,90.1,S
2021-06-16T09:44:18,1000.0,90.2,B
2021-06-16T09:44:15,200.0,90.2,B
2021-06-16T09:44:15,6600.0,90.2,B
2021-06-16T09:44:15,200.0,90.2,B
2021-06-16T09:44:15,600.0,90.2,B
2021-06-16T09:44:15,900.0,90.2,B
2021-06-16T09:44:13,1000.0,90.2,B
2021-06-16T09:43:55,1000.0,90.1,S
2021-06-16T09:43:30,500.0,90.2,B
2021-06-16T09:43:25,1000.0,90.1,S
2021-06-16T09:43:15,100.0,90.2,B
2021-06-16T09:43:13,1000.0,90.2,B
2021-06-16T09:42:22,300.0,90.2,B
2021-06-16T09:41:50,2000.0,90.2,B
2021-06-16T09:41:31,100.0,90.2,B
2021-06-16T09:41:31,900.0,90.2,B
2021-06-16T09:40:46,500.0,90.2,B
2021-06-16T09:40:34,2000.0,90.2,B
2021-06-16T09:40:29,1000.0,90.2,B
2021-06-16T09:40:23,5400.0,90.2,B
2021-06-16T09:40:23,600.0,90.2,B
2021-06-16T09:40:21,4000.0,90.2,B
2021-06-16T09:40:16,4700.0,90.0,B
2021-06-16T09:40:16,300.0,90.0,B
2021-06-16T09:40:11,1000.0,90.1,B
2021-06-16T09:40:11,1100.0,90.1,B
2021-06-16T09:40:11,200.0,90.1,B
2021-06-16T09:40:07,200.0,90.1,B
2021-06-16T09:39:43,1800.0,90.2,B
2021-06-16T09:39:41,100.0,90.2,B
2021-06-16T09:39:19,200.0,90.1,B
2021-06-16T09:39:05,100.0,90.1,B
2021-06-16T09:38:26,1500.0,90.1,B
2021-06-16T09:38:06,100.0,90.1,B
2021-06-16T09:37:33,5000.0,90.0,B
2021-06-16T09:37:31,1700.0,90.1,B
2021-06-16T09:37:31,2000.0,90.1,B
2021-06-16T09:37:02,1300.0,90.1,B
2021-06-16T09:36:50,100.0,90.1,B
2021-06-16T09:36:42,3000.0,90.1,B
2021-06-16T09:36:42,700.0,90.1,B
2021-06-16T09:36:42,1400.0,90.1,B
2021-06-16T09:36:42,300.0,90.1,B
2021-06-16T09:36:42,500.0,90.1,B
2021-06-16T09:36:41,4700.0,90.1,B
2021-06-16T09:36:41,8000.0,90.1,B
2021-06-16T09:36:39,1100.0,90.0,B
2021-06-16T09:36:16,1100.0,90.0,B
2021-06-16T09:36:16,3900.0,90.0,B
2021-06-16T09:36:09,2000.0,90.0,B
2021-06-16T09:35:52,100.0,90.0,B
2021-06-16T09:35:46,4900.0,89.9,B
2021-06-16T09:35:32,100.0,89.9,B
2021-06-16T09:35:27,4500.0,89.9,B
2021-06-16T09:35:16,500.0,89.9,S
2021-06-16T09:34:55,500.0,90.0,B
2021-06-16T09:34:52,5000.0,90.0,B
2021-06-16T09:34:50,1100.0,90.0,B
2021-06-16T09:34:41,8800.0,90.0,B
2021-06-16T09:34:41,5100.0,90.0,B
2021-06-16T09:34:41,16100.0,90.0,B
2021-06-16T09:34:19,4300.0,90.0,B
2021-06-16T09:33:50,200.0,89.8,S
2021-06-16T09:33:48,200.0,89.8,S
2021-06-16T09:33:29,1000.0,89.8,S
2021-06-16T09:33:25,300.0,89.8,S
2021-06-16T09:33:01,1000.0,89.8,S
2021-06-16T09:32:52,1400.0,89.8,S
2021-06-16T09:32:44,3200.0,89.8,S
2021-06-16T09:32:39,1000.0,89.8,S
2021-06-16T09:32:32,900.0,89.6,S
2021-06-16T09:32:19,300.0,89.8,S
2021-06-16T09:32:05,1900.0,89.8,S
2021-06-16T09:32:01,1000.0,89.6,S
2021-06-16T09:31:56,200.0,89.8,S
2021-06-16T09:31:30,400.0,89.7,S
2021-06-16T09:31:21,700.0,89.8,S
2021-06-16T09:30:35,2000.0,89.8,S
2021-06-16T09:30:25,1000.0,89.8,S
2021-06-16T09:30:17,400.0,89.6,S
2021-06-16T09:30:08,10900.0,89.8,S
2021-06-16T09:29:35,1000.0,90.0,S
2021-06-16T09:29:14,1000.0,89.8,S
2021-06-16T09:29:10,300.0,90.0,S
2021-06-16T09:29:10,2500.0,90.0,S
2021-06-16T09:29:09,2000.0,90.0,S
2021-06-16T09:28:51,400.0,90.0,S
2021-06-16T09:28:39,500.0,90.1,B
2021-06-16T09:28:26,2500.0,90.0,S
2021-06-16T09:27:54,500.0,90.1,B
2021-06-16T09:27:37,100.0,90.1,B
2021-06-16T09:27:24,1000.0,90.1,B
2021-06-16T09:27:05,2000.0,90.0,S
2021-06-16T09:26:55,3000.0,90.0,S
2021-06-16T09:26:32,900.0,90.1,B
2021-06-16T09:26:24,500.0,90.0,S
2021-06-16T09:25:54,100.0,90.1,B
2021-06-16T09:25:44,100.0,90.1,B
2021-06-16T09:25:31,100.0,90.0,S
2021-06-16T09:25:21,900.0,90.1,B
2021-06-16T09:25:07,8600.0,90.1,B
2021-06-16T09:25:02,400.0,90.1,B
2021-06-16T09:25:02,1000.0,90.1,B
2021-06-16T09:24:43,2000.0,90.0,S
2021-06-16T09:24:38,3000.0,90.1,B
2021-06-16T09:24:24,4200.0,90.0,S
2021-06-16T09:24:24,1200.0,90.0,S
2021-06-16T09:24:24,2500.0,90.0,S
2021-06-16T09:24:24,2500.0,90.0,S
2021-06-16T09:24:23,2200.0,90.0,S
2021-06-16T09:24:07,100.0,90.2,B
2021-06-16T09:24:01,200.0,90.1,B
2021-06-16T09:24:01,1600.0,90.1,B
2021-06-16T09:23:10,800.0,90.1,B
2021-06-16T09:22:38,900.0,90.1,S
2021-06-16T09:22:28,500.0,90.2,B
2021-06-16T09:22:08,100.0,90.2,B
2021-06-16T09:22:03,100.0,90.1,S
2021-06-16T09:22:02,2000.0,90.0,S
2021-06-16T09:21:58,1500.0,90.2,B
2021-06-16T09:21:51,2500.0,90.0,S
2021-06-16T09:21:42,100.0,90.2,B
2021-06-16T09:21:40,10000.0,90.0,S
2021-06-16T09:21:29,1500.0,90.2,B
2021-06-16T09:21:25,1000.0,90.0,S
2021-06-16T09:21:14,800.0,90.2,B
2021-06-16T09:21:10,100.0,90.1,S
2021-06-16T09:21:05,100.0,90.1,S
2021-06-16T09:21:01,100.0,90.1,S
2021-06-16T09:20:45,1000.0,90.0,S
2021-06-16T09:20:40,500.0,90.2,B
2021-06-16T09:20:26,200.0,90.1,S
2021-06-16T09:19:57,1000.0,90.2,B
2021-06-16T09:19:50,1700.0,90.0,S
2021-06-16T09:19:48,3000.0,90.0,S
2021-06-16T09:19:45,900.0,90.1,S
2021-06-16T09:19:45,100.0,90.1,S
2021-06-16T09:19:39,500.0,90.2,B
2021-06-16T09:19:39,500.0,90.2,B
2021-06-16T09:19:23,200.0,90.0,S
2021-06-16T09:19:10,2000.0,90.0,S
2021-06-16T09:18:42,400.0,90.0,S
2021-06-16T09:18:42,600.0,90.0,S
2021-06-16T09:18:39,300.0,90.1,S
2021-06-16T09:18:38,1000.0,90.2,B
2021-06-16T09:18:32,2200.0,90.2,B
2021-06-16T09:18:22,2000.0,90.1,S
2021-06-16T09:18:02,100.0,90.1,B
2021-06-16T09:18:02,400.0,90.1,B
2021-06-16T09:17:52,1000.0,90.0,S
2021-06-16T09:17:49,4000.0,90.0,S
2021-06-16T09:17:43,300.0,90.1,B
2021-06-16T09:17:32,1000.0,90.0,S
2021-06-16T09:17:28,600.0,90.0,B
2021-06-16T09:17:23,500.0,90.1,B
2021-06-16T09:17:22,3100.0,90.0,B
2021-06-16T09:17:16,2800.0,90.0,B
2021-06-16T09:17:16,2200.0,90.0,B
2021-06-16T09:17:03,200.0,90.0,S
2021-06-16T09:16:58,800.0,90.0,S
2021-06-16T09:16:56,900.0,90.0,S
2021-06-16T09:16:32,900.0,90.0,B
2021-06-16T09:16:32,100.0,90.0,B
2021-06-16T09:16:32,6900.0,90.0,B
2021-06-16T09:16:32,300.0,90.0,B
2021-06-16T09:16:32,600.0,90.0,B
2021-06-16T09:16:32,500.0,90.0,B
2021-06-16T09:16:14,10000.0,90.0,B
2021-06-16T09:16:07,300.0,89.8,S
2021-06-16T09:15:54,400.0,89.9,B
