tradingTime,volume,price,side
2021-06-16T14:21:33,500.0,32.1,S
2021-06-16T14:21:23,500.0,32.1,S
2021-06-16T14:19:43,100.0,32.15,S
2021-06-16T14:19:27,100.0,32.1,S
2021-06-16T14:19:03,10100.0,32.15,S
2021-06-16T14:19:01,100.0,32.1,S
2021-06-16T14:18:54,100.0,32.15,S
2021-06-16T14:18:43,1500.0,32.05,S
2021-06-16T14:18:43,300.0,32.1,S
2021-06-16T14:18:42,100.0,32.1,S
2021-06-16T14:18:40,1000.0,32.1,S
2021-06-16T14:18:29,800.0,32.15,S
2021-06-16T14:18:28,100.0,32.15,S
2021-06-16T14:18:24,3000.0,32.15,S
2021-06-16T14:18:19,200.0,32.15,S
2021-06-16T14:18:16,1000.0,32.05,S
2021-06-16T14:18:07,700.0,32.1,S
2021-06-16T14:18:07,100.0,32.1,S
2021-06-16T14:18:04,400.0,32.05,S
2021-06-16T14:18:04,300.0,32.05,S
2021-06-16T14:18:02,500.0,32.05,S
2021-06-16T14:18:02,100.0,32.1,S
2021-06-16T14:17:40,500.0,32.05,S
2021-06-16T14:17:39,1500.0,32.05,S
2021-06-16T14:17:38,100.0,32.05,S
2021-06-16T14:17:31,100.0,32.1,S
2021-06-16T14:17:25,200.0,32.1,S
2021-06-16T14:17:24,500.0,32.1,S
2021-06-16T14:17:23,300.0,32.1,S
2021-06-16T14:17:19,7900.0,32.15,S
2021-06-16T14:17:14,300.0,32.1,S
2021-06-16T14:17:11,1000.0,32.1,S
2021-06-16T14:17:01,200.0,32.1,S
2021-06-16T14:17:00,600.0,32.1,S
2021-06-16T14:16:58,200.0,32.1,S
2021-06-16T14:16:57,300.0,32.1,S
2021-06-16T14:16:51,100.0,32.05,S
2021-06-16T14:16:47,200.0,32.1,S
2021-06-16T14:16:47,500.0,32.1,S
2021-06-16T14:16:45,2000.0,32.1,S
2021-06-16T14:16:43,500.0,32.1,S
2021-06-16T14:16:42,200.0,32.05,S
2021-06-16T14:16:36,1000.0,32.1,S
2021-06-16T14:16:35,1500.0,32.1,S
2021-06-16T14:16:35,1500.0,32.1,S
2021-06-16T14:16:35,300.0,32.1,S
2021-06-16T14:16:35,8400.0,32.1,S
2021-06-16T14:16:35,1100.0,32.1,S
2021-06-16T14:16:35,3400.0,32.15,S
2021-06-16T14:16:35,500.0,32.15,S
2021-06-16T14:16:35,4400.0,32.15,S
2021-06-16T14:16:35,200.0,32.15,S
2021-06-16T14:16:22,1000.0,32.2,S
2021-06-16T14:16:17,100.0,32.2,S
2021-06-16T14:16:10,100.0,32.2,S
2021-06-16T14:16:07,300.0,32.2,S
2021-06-16T14:15:51,500.0,32.2,S
2021-06-16T14:15:37,3000.0,32.15,S
2021-06-16T14:15:26,500.0,32.2,S
2021-06-16T14:15:23,2000.0,32.2,S
2021-06-16T14:15:20,100.0,32.2,S
2021-06-16T14:15:17,2000.0,32.15,S
2021-06-16T14:15:09,2200.0,32.2,S
2021-06-16T14:14:52,1500.0,32.25,S
2021-06-16T14:14:48,1000.0,32.15,S
2021-06-16T14:14:37,900.0,32.15,S
2021-06-16T14:14:30,100.0,32.15,S
2021-06-16T14:14:07,3000.0,32.15,S
2021-06-16T14:14:01,17700.0,32.3,B
2021-06-16T14:14:01,700.0,32.3,B
2021-06-16T14:14:01,2900.0,32.3,B
2021-06-16T14:14:01,500.0,32.3,B
2021-06-16T14:14:01,4000.0,32.3,B
2021-06-16T14:14:01,3200.0,32.3,B
2021-06-16T14:14:00,3000.0,32.2,S
2021-06-16T14:13:52,1000.0,32.3,B
2021-06-16T14:13:22,1500.0,32.3,B
2021-06-16T14:13:22,500.0,32.3,B
2021-06-16T14:13:22,6900.0,32.3,B
2021-06-16T14:13:22,11100.0,32.3,B
2021-06-16T14:13:22,200.0,32.1,S
2021-06-16T14:13:20,300.0,32.1,S
2021-06-16T14:13:20,2000.0,32.1,S
2021-06-16T14:13:13,100.0,32.1,S
2021-06-16T14:13:13,600.0,32.1,S
2021-06-16T14:13:09,200.0,32.1,S
2021-06-16T14:13:07,1000.0,32.1,S
2021-06-16T14:13:03,100.0,32.1,S
2021-06-16T14:13:01,2000.0,32.1,S
2021-06-16T14:13:00,500.0,32.1,S
2021-06-16T14:12:58,2000.0,32.05,S
2021-06-16T14:12:57,100.0,32.1,S
2021-06-16T14:12:51,5600.0,32.1,S
2021-06-16T14:12:51,1000.0,32.1,S
2021-06-16T14:12:51,3000.0,32.1,S
2021-06-16T14:12:51,1200.0,32.1,S
2021-06-16T14:12:51,7600.0,32.1,S
2021-06-16T14:12:42,3300.0,32.1,S
2021-06-16T14:12:42,600.0,32.1,S
2021-06-16T14:12:42,1400.0,32.1,S
2021-06-16T14:12:42,4300.0,32.1,S
2021-06-16T14:12:42,100.0,32.1,S
2021-06-16T14:12:42,2100.0,32.1,S
2021-06-16T14:12:42,1500.0,32.1,S
2021-06-16T14:12:42,1600.0,32.1,S
2021-06-16T14:12:41,5100.0,32.2,S
2021-06-16T14:12:39,1000.0,32.2,S
2021-06-16T14:12:26,300.0,32.3,B
2021-06-16T14:12:22,100.0,32.3,B
2021-06-16T14:12:22,300.0,32.2,S
2021-06-16T14:12:19,100.0,32.2,S
2021-06-16T14:12:18,100.0,32.25,S
2021-06-16T14:12:06,5000.0,32.3,B
2021-06-16T14:11:51,6000.0,32.1,S
2021-06-16T14:11:27,8000.0,32.1,S
2021-06-16T14:11:27,12000.0,32.1,S
2021-06-16T14:11:11,500.0,32.25,S
2021-06-16T14:11:11,100.0,32.2,S
2021-06-16T14:11:09,1400.0,32.2,S
2021-06-16T14:10:30,400.0,32.15,S
2021-06-16T14:10:30,1100.0,32.15,S
2021-06-16T14:10:30,1500.0,32.15,S
2021-06-16T14:10:11,13700.0,32.15,S
2021-06-16T14:09:49,300.0,32.3,B
2021-06-16T14:09:39,3000.0,32.3,B
2021-06-16T14:09:34,300.0,32.2,S
2021-06-16T14:09:26,200.0,32.2,S
2021-06-16T14:09:26,7200.0,32.3,B
2021-06-16T14:09:26,4000.0,32.3,B
2021-06-16T14:09:26,6100.0,32.3,B
2021-06-16T14:09:25,2700.0,32.25,S
2021-06-16T14:09:02,300.0,32.25,S
2021-06-16T14:08:39,500.0,32.15,S
2021-06-16T14:08:39,100.0,32.2,S
2021-06-16T14:08:35,500.0,32.2,S
2021-06-16T14:08:29,3000.0,32.15,S
2021-06-16T14:08:26,700.0,32.3,B
2021-06-16T14:08:08,200.0,32.2,S
2021-06-16T14:08:08,700.0,32.2,S
2021-06-16T14:08:06,500.0,32.3,B
2021-06-16T14:08:05,1000.0,32.3,B
2021-06-16T14:07:28,1400.0,32.2,S
2021-06-16T14:07:10,500.0,32.3,B
2021-06-16T14:07:10,700.0,32.3,B
2021-06-16T14:07:10,3800.0,32.3,B
2021-06-16T14:06:55,3000.0,32.3,B
2021-06-16T14:06:27,400.0,32.3,S
2021-06-16T14:06:24,500.0,32.15,S
2021-06-16T14:06:24,1100.0,32.2,S
2021-06-16T14:06:24,400.0,32.2,S
2021-06-16T14:06:24,7400.0,32.2,S
2021-06-16T14:06:16,7400.0,32.3,S
2021-06-16T14:06:12,1500.0,32.2,S
2021-06-16T14:06:04,500.0,32.3,S
2021-06-16T14:06:03,400.0,32.3,S
2021-06-16T14:06:02,400.0,32.3,S
2021-06-16T14:05:49,1000.0,32.3,S
2021-06-16T14:05:47,100.0,32.3,S
2021-06-16T14:05:40,3000.0,32.3,S
2021-06-16T14:05:40,7900.0,32.2,S
2021-06-16T14:05:40,500.0,32.2,S
2021-06-16T14:05:40,1100.0,32.2,S
2021-06-16T14:05:40,200.0,32.25,S
2021-06-16T14:05:40,300.0,32.25,S
2021-06-16T14:05:00,500.0,32.3,S
2021-06-16T14:05:00,1400.0,32.3,S
2021-06-16T14:04:52,600.0,32.3,B
2021-06-16T14:04:51,1000.0,32.3,S
2021-06-16T14:04:47,700.0,32.3,S
2021-06-16T14:04:47,2000.0,32.3,S
2021-06-16T14:04:44,300.0,32.3,S
2021-06-16T14:04:42,1000.0,32.3,S
2021-06-16T14:04:31,24800.0,32.3,S
2021-06-16T14:04:29,100.0,32.3,S
2021-06-16T14:04:23,3000.0,32.3,S
2021-06-16T14:04:18,100.0,32.3,S
2021-06-16T14:04:18,300.0,32.25,S
2021-06-16T14:04:15,2000.0,32.2,S
2021-06-16T14:04:06,9700.0,32.25,S
2021-06-16T14:04:00,1500.0,32.25,S
2021-06-16T14:03:58,1000.0,32.3,S
2021-06-16T14:03:47,400.0,32.3,S
2021-06-16T14:03:26,3000.0,32.3,S
2021-06-16T14:03:13,700.0,32.3,S
2021-06-16T14:03:00,1000.0,32.35,B
2021-06-16T14:02:59,900.0,32.2,S
2021-06-16T14:02:59,6100.0,32.2,S
2021-06-16T14:02:59,3200.0,32.2,S
2021-06-16T14:02:59,200.0,32.2,S
2021-06-16T14:02:59,5300.0,32.2,S
2021-06-16T14:02:59,3100.0,32.2,S
2021-06-16T14:02:59,400.0,32.2,S
2021-06-16T14:02:59,3400.0,32.2,S
2021-06-16T14:02:59,2000.0,32.2,S
2021-06-16T14:02:59,1800.0,32.2,S
2021-06-16T14:02:59,100.0,32.25,S
2021-06-16T14:02:59,3500.0,32.3,S
2021-06-16T14:02:56,200.0,32.35,B
2021-06-16T14:02:55,200.0,32.3,S
2021-06-16T14:02:53,4300.0,32.3,S
2021-06-16T14:02:44,300.0,32.35,B
2021-06-16T14:02:43,500.0,32.3,S
2021-06-16T14:02:43,4300.0,32.3,S
2021-06-16T14:02:41,2000.0,32.35,B
2021-06-16T14:02:38,200.0,32.3,S
2021-06-16T14:02:20,2000.0,32.3,S
2021-06-16T14:02:14,500.0,32.3,S
2021-06-16T14:02:10,500.0,32.35,B
2021-06-16T14:02:03,100.0,32.3,S
2021-06-16T14:02:02,600.0,32.3,S
2021-06-16T14:01:57,200.0,32.35,B
2021-06-16T14:01:50,1000.0,32.3,S
2021-06-16T14:01:47,2000.0,32.35,B
2021-06-16T14:01:38,500.0,32.35,B
2021-06-16T14:01:38,200.0,32.3,S
2021-06-16T14:01:37,800.0,32.35,B
2021-06-16T14:01:37,2200.0,32.35,B
2021-06-16T14:01:30,100.0,32.35,B
2021-06-16T14:01:13,5000.0,32.35,B
2021-06-16T14:01:02,100.0,32.35,B
2021-06-16T14:00:56,200.0,32.35,B
2021-06-16T14:00:54,3000.0,32.35,B
2021-06-16T14:00:28,500.0,32.35,B
2021-06-16T14:00:25,3000.0,32.35,B
2021-06-16T14:00:17,400.0,32.35,S
2021-06-16T14:00:14,500.0,32.35,S
2021-06-16T14:00:01,4200.0,32.35,S
2021-06-16T14:00:01,500.0,32.35,S
2021-06-16T14:00:01,300.0,32.35,S
2021-06-16T13:59:57,400.0,32.2,S
2021-06-16T13:59:57,900.0,32.2,S
2021-06-16T13:59:56,600.0,32.2,S
2021-06-16T13:59:56,3100.0,32.25,S
2021-06-16T13:59:54,100.0,32.35,S
2021-06-16T13:59:51,4100.0,32.35,S
2021-06-16T13:59:50,13400.0,32.35,S
2021-06-16T13:59:46,600.0,32.35,S
2021-06-16T13:59:41,1000.0,32.35,S
2021-06-16T13:59:39,2000.0,32.35,S
2021-06-16T13:59:33,200.0,32.35,S
2021-06-16T13:59:13,200.0,32.35,S
2021-06-16T13:59:12,1000.0,32.3,S
2021-06-16T13:59:10,100.0,32.35,S
2021-06-16T13:58:58,2000.0,32.35,S
2021-06-16T13:58:42,2000.0,32.25,S
2021-06-16T13:58:39,1000.0,32.3,S
2021-06-16T13:58:36,300.0,32.35,S
2021-06-16T13:58:19,200.0,32.35,S
2021-06-16T13:58:18,1500.0,32.35,S
2021-06-16T13:58:09,200.0,32.3,S
2021-06-16T13:58:09,1500.0,32.3,S
2021-06-16T13:58:09,700.0,32.3,S
2021-06-16T13:58:09,1700.0,32.3,S
2021-06-16T13:58:09,800.0,32.3,S
2021-06-16T13:57:49,1000.0,32.4,S
2021-06-16T13:57:33,300.0,32.3,S
2021-06-16T13:57:33,5800.0,32.3,S
2021-06-16T13:57:33,200.0,32.3,S
2021-06-16T13:57:33,600.0,32.3,S
2021-06-16T13:57:33,3100.0,32.3,S
2021-06-16T13:57:21,200.0,32.4,S
2021-06-16T13:57:17,7000.0,32.4,S
2021-06-16T13:57:16,300.0,32.4,S
2021-06-16T13:57:16,100.0,32.35,S
2021-06-16T13:57:10,400.0,32.4,S
2021-06-16T13:56:56,1000.0,32.4,S
2021-06-16T13:56:53,1000.0,32.35,S
2021-06-16T13:56:51,100.0,32.4,S
2021-06-16T13:56:47,3500.0,32.4,S
2021-06-16T13:56:37,500.0,32.4,S
2021-06-16T13:56:37,100.0,32.4,S
2021-06-16T13:56:36,3900.0,32.4,S
2021-06-16T13:56:35,100.0,32.45,B
2021-06-16T13:56:10,8400.0,32.45,B
2021-06-16T13:56:10,800.0,32.45,B
2021-06-16T13:56:03,12700.0,32.4,S
2021-06-16T13:56:03,500.0,32.4,S
2021-06-16T13:56:03,2800.0,32.4,S
2021-06-16T13:56:03,11000.0,32.4,S
2021-06-16T13:56:03,1000.0,32.4,S
2021-06-16T13:56:03,2000.0,32.4,S
2021-06-16T13:55:54,500.0,32.45,S
2021-06-16T13:55:52,500.0,32.45,S
2021-06-16T13:55:51,100.0,32.45,S
2021-06-16T13:55:40,200.0,32.45,S
2021-06-16T13:55:28,5000.0,32.45,S
2021-06-16T13:55:27,100.0,32.45,S
2021-06-16T13:55:14,200.0,32.45,S
2021-06-16T13:55:12,2600.0,32.45,S
2021-06-16T13:55:12,500.0,32.45,S
2021-06-16T13:55:12,6900.0,32.45,S
2021-06-16T13:55:08,1000.0,32.45,S
2021-06-16T13:54:44,4000.0,32.45,S
2021-06-16T13:54:36,400.0,32.45,S
2021-06-16T13:54:32,300.0,32.45,S
2021-06-16T13:54:28,2000.0,32.4,S
2021-06-16T13:54:28,500.0,32.45,S
2021-06-16T13:54:20,2900.0,32.45,S
2021-06-16T13:54:20,2400.0,32.45,S
2021-06-16T13:54:19,7600.0,32.45,S
2021-06-16T13:54:14,500.0,32.45,S
2021-06-16T13:53:54,200.0,32.45,S
2021-06-16T13:53:52,1000.0,32.5,B
2021-06-16T13:53:50,300.0,32.5,B
2021-06-16T13:53:41,300.0,32.45,S
2021-06-16T13:53:38,11500.0,32.45,S
2021-06-16T13:53:36,100.0,32.45,S
2021-06-16T13:53:29,3000.0,32.5,B
2021-06-16T13:53:26,10000.0,32.5,B
2021-06-16T13:53:01,1500.0,32.5,B
2021-06-16T13:52:50,400.0,32.45,S
2021-06-16T13:52:48,5000.0,32.45,S
2021-06-16T13:52:39,2100.0,32.45,S
2021-06-16T13:52:39,7900.0,32.45,S
2021-06-16T13:52:18,4000.0,32.4,S
2021-06-16T13:52:14,100.0,32.45,S
2021-06-16T13:52:11,100.0,32.4,S
2021-06-16T13:52:03,1500.0,32.4,S
2021-06-16T13:52:03,6500.0,32.45,S
2021-06-16T13:52:00,300.0,32.45,S
2021-06-16T13:51:47,2300.0,32.45,S
2021-06-16T13:51:42,600.0,32.45,S
2021-06-16T13:51:37,300.0,32.45,S
2021-06-16T13:51:28,3000.0,32.4,S
2021-06-16T13:51:28,400.0,32.4,S
2021-06-16T13:51:28,6600.0,32.4,S
2021-06-16T13:51:24,2000.0,32.5,B
2021-06-16T13:51:18,1000.0,32.5,B
2021-06-16T13:51:15,200.0,32.4,S
2021-06-16T13:51:14,3000.0,32.4,S
2021-06-16T13:51:11,2000.0,32.4,S
2021-06-16T13:51:06,1200.0,32.5,S
2021-06-16T13:51:03,9500.0,32.5,S
2021-06-16T13:50:55,5300.0,32.4,S
2021-06-16T13:50:55,500.0,32.45,S
2021-06-16T13:50:55,1800.0,32.45,S
2021-06-16T13:50:45,300.0,32.5,S
2021-06-16T13:50:44,600.0,32.5,S
2021-06-16T13:50:44,1000.0,32.5,S
2021-06-16T13:50:44,7500.0,32.5,S
2021-06-16T13:50:44,2000.0,32.5,S
2021-06-16T13:50:44,900.0,32.5,S
2021-06-16T13:50:44,200.0,32.5,S
2021-06-16T13:50:44,100.0,32.5,S
2021-06-16T13:50:44,2700.0,32.5,S
2021-06-16T13:50:44,2300.0,32.5,S
2021-06-16T13:50:44,100.0,32.5,S
2021-06-16T13:50:44,1100.0,32.5,S
2021-06-16T13:50:43,1200.0,32.5,S
2021-06-16T13:50:43,3500.0,32.5,S
2021-06-16T13:50:43,13800.0,32.5,S
2021-06-16T13:50:43,300.0,32.5,S
2021-06-16T13:50:43,25800.0,32.5,S
2021-06-16T13:50:39,1400.0,32.5,S
2021-06-16T13:50:35,1000.0,32.55,S
2021-06-16T13:50:25,3700.0,32.5,S
2021-06-16T13:50:25,9900.0,32.5,S
2021-06-16T13:50:25,1000.0,32.55,S
2021-06-16T13:50:25,2600.0,32.55,S
2021-06-16T13:50:23,2100.0,32.55,S
2021-06-16T13:50:16,4300.0,32.55,S
2021-06-16T13:50:01,3000.0,32.55,S
2021-06-16T13:49:59,1900.0,32.6,B
2021-06-16T13:49:56,1300.0,32.55,S
2021-06-16T13:49:56,200.0,32.55,S
2021-06-16T13:49:56,2500.0,32.55,S
2021-06-16T13:49:52,100.0,32.6,B
2021-06-16T13:49:18,100.0,32.6,S
2021-06-16T13:49:14,100.0,32.6,S
2021-06-16T13:49:08,1100.0,32.55,S
2021-06-16T13:49:07,1000.0,32.6,S
2021-06-16T13:49:05,500.0,32.6,S
2021-06-16T13:49:02,9500.0,32.6,S
2021-06-16T13:48:54,2100.0,32.6,S
2021-06-16T13:48:54,1200.0,32.6,S
2021-06-16T13:48:54,12100.0,32.6,S
2021-06-16T13:48:54,7500.0,32.6,S
2021-06-16T13:48:54,2600.0,32.6,S
2021-06-16T13:48:54,7000.0,32.6,S
2021-06-16T13:48:54,5300.0,32.6,S
2021-06-16T13:48:54,3500.0,32.6,S
2021-06-16T13:48:54,5000.0,32.6,S
2021-06-16T13:48:53,500.0,32.6,S
2021-06-16T13:48:53,800.0,32.6,S
2021-06-16T13:48:53,1500.0,32.6,S
2021-06-16T13:48:53,200.0,32.6,S
2021-06-16T13:48:53,200.0,32.6,S
2021-06-16T13:48:53,500.0,32.6,S
2021-06-16T13:48:53,1200.0,32.65,B
2021-06-16T13:48:45,400.0,32.6,S
2021-06-16T13:48:35,200.0,32.6,S
2021-06-16T13:48:35,100.0,32.6,S
2021-06-16T13:48:35,200.0,32.6,S
2021-06-16T13:48:25,500.0,32.6,S
2021-06-16T13:47:58,1000.0,32.6,S
2021-06-16T13:47:48,3200.0,32.6,S
2021-06-16T13:47:43,500.0,32.65,B
2021-06-16T13:47:41,500.0,32.65,B
2021-06-16T13:47:33,200.0,32.65,B
2021-06-16T13:47:17,10000.0,32.65,B
2021-06-16T13:47:16,700.0,32.65,B
2021-06-16T13:47:15,500.0,32.65,B
2021-06-16T13:47:14,20000.0,32.65,B
2021-06-16T13:47:06,1000.0,32.65,B
2021-06-16T13:46:57,500.0,32.65,B
2021-06-16T13:46:53,100.0,32.65,B
2021-06-16T13:46:46,400.0,32.65,B
2021-06-16T13:46:45,300.0,32.65,B
2021-06-16T13:46:38,100.0,32.65,B
2021-06-16T13:46:38,1000.0,32.65,B
2021-06-16T13:46:28,3000.0,32.65,B
2021-06-16T13:46:17,3000.0,32.65,B
2021-06-16T13:46:17,1000.0,32.65,B
2021-06-16T13:46:16,500.0,32.65,B
2021-06-16T13:46:11,200.0,32.65,S
2021-06-16T13:46:02,3000.0,32.65,S
2021-06-16T13:45:55,1500.0,32.65,S
2021-06-16T13:45:53,100.0,32.65,S
2021-06-16T13:45:50,200.0,32.65,S
2021-06-16T13:45:47,10000.0,32.65,S
2021-06-16T13:45:32,8800.0,32.65,S
2021-06-16T13:45:28,500.0,32.65,B
2021-06-16T13:45:28,500.0,32.65,B
2021-06-16T13:45:25,1000.0,32.65,B
2021-06-16T13:45:02,200.0,32.65,B
2021-06-16T13:44:34,1000.0,32.65,B
2021-06-16T13:44:30,200.0,32.65,B
2021-06-16T13:44:28,600.0,32.65,B
2021-06-16T13:44:27,400.0,32.65,B
2021-06-16T13:44:13,1500.0,32.65,B
2021-06-16T13:44:11,4000.0,32.6,S
2021-06-16T13:44:05,200.0,32.65,B
2021-06-16T13:44:03,5000.0,32.6,S
2021-06-16T13:44:03,10000.0,32.65,B
2021-06-16T13:43:58,500.0,32.65,B
2021-06-16T13:43:55,2600.0,32.65,B
2021-06-16T13:43:42,100.0,32.65,B
2021-06-16T13:43:40,1000.0,32.65,B
2021-06-16T13:43:17,1000.0,32.65,B
2021-06-16T13:42:59,200.0,32.65,S
2021-06-16T13:42:57,400.0,32.65,S
2021-06-16T13:42:56,2000.0,32.65,S
2021-06-16T13:42:30,1300.0,32.65,S
2021-06-16T13:42:19,500.0,32.65,B
2021-06-16T13:42:14,200.0,32.65,B
2021-06-16T13:42:11,1100.0,32.65,B
2021-06-16T13:41:53,500.0,32.65,B
2021-06-16T13:41:42,100.0,32.65,B
2021-06-16T13:41:38,600.0,32.65,S
2021-06-16T13:41:25,200.0,32.7,B
2021-06-16T13:41:21,100.0,32.7,B
2021-06-16T13:41:18,4800.0,32.7,B
2021-06-16T13:41:18,1600.0,32.6,S
2021-06-16T13:41:18,300.0,32.65,S
2021-06-16T13:41:18,200.0,32.65,S
2021-06-16T13:41:18,100.0,32.65,S
2021-06-16T13:41:18,5100.0,32.65,S
2021-06-16T13:41:18,1600.0,32.65,S
2021-06-16T13:41:18,4600.0,32.65,S
2021-06-16T13:41:18,500.0,32.65,S
2021-06-16T13:41:18,100.0,32.65,S
2021-06-16T13:41:17,12100.0,32.65,S
2021-06-16T13:41:11,100.0,32.7,B
2021-06-16T13:41:10,200.0,32.7,B
2021-06-16T13:41:05,400.0,32.7,B
2021-06-16T13:40:51,500.0,32.7,B
2021-06-16T13:40:42,2300.0,32.65,S
2021-06-16T13:40:40,1000.0,32.7,B
2021-06-16T13:40:32,2600.0,32.7,B
2021-06-16T13:40:31,1500.0,32.7,B
2021-06-16T13:40:31,3200.0,32.7,B
2021-06-16T13:40:28,800.0,32.65,S
2021-06-16T13:40:25,3000.0,32.7,B
2021-06-16T13:40:19,200.0,32.7,B
2021-06-16T13:40:18,10000.0,32.7,B
2021-06-16T13:40:12,1900.0,32.7,B
2021-06-16T13:40:12,2900.0,32.7,B
2021-06-16T13:40:11,400.0,32.7,B
2021-06-16T13:40:11,8200.0,32.7,B
2021-06-16T13:40:02,100.0,32.7,B
2021-06-16T13:39:54,100.0,32.7,B
2021-06-16T13:39:49,1000.0,32.7,B
2021-06-16T13:39:47,200.0,32.7,B
2021-06-16T13:39:42,100.0,32.7,B
2021-06-16T13:39:33,2000.0,32.7,B
2021-06-16T13:39:30,100.0,32.7,B
2021-06-16T13:39:26,100.0,32.7,B
2021-06-16T13:39:21,6700.0,32.7,B
2021-06-16T13:39:13,4900.0,32.65,S
2021-06-16T13:39:08,300.0,32.7,B
2021-06-16T13:39:08,200.0,32.7,B
2021-06-16T13:38:57,100.0,32.7,B
2021-06-16T13:38:56,1100.0,32.7,B
2021-06-16T13:38:52,2000.0,32.7,B
2021-06-16T13:38:42,3500.0,32.7,B
2021-06-16T13:38:42,3000.0,32.7,B
2021-06-16T13:38:40,1200.0,32.7,B
2021-06-16T13:38:29,100.0,32.7,B
2021-06-16T13:38:18,3000.0,32.75,B
2021-06-16T13:38:17,100.0,32.7,B
2021-06-16T13:38:10,100.0,32.65,S
2021-06-16T13:38:10,400.0,32.7,B
2021-06-16T13:38:08,300.0,32.7,B
2021-06-16T13:38:08,2000.0,32.7,B
2021-06-16T13:38:08,7300.0,32.7,B
2021-06-16T13:38:06,100.0,32.7,B
2021-06-16T13:37:58,1000.0,32.7,B
2021-06-16T13:37:57,100.0,32.7,B
2021-06-16T13:37:51,3500.0,32.7,B
2021-06-16T13:37:43,5000.0,32.7,B
2021-06-16T13:37:41,100.0,32.7,B
2021-06-16T13:37:40,200.0,32.7,B
2021-06-16T13:37:37,100.0,32.7,B
2021-06-16T13:37:31,500.0,32.7,B
2021-06-16T13:37:23,200.0,32.7,B
2021-06-16T13:37:20,200.0,32.7,B
2021-06-16T13:37:12,400.0,32.7,B
2021-06-16T13:37:09,100.0,32.7,B
2021-06-16T13:37:07,1500.0,32.65,S
2021-06-16T13:37:05,2000.0,32.7,B
2021-06-16T13:36:57,2600.0,32.7,B
2021-06-16T13:36:57,50000.0,32.7,B
2021-06-16T13:36:42,1300.0,32.7,B
2021-06-16T13:36:34,27300.0,32.7,B
2021-06-16T13:36:25,2600.0,32.7,B
2021-06-16T13:36:23,500.0,32.7,B
2021-06-16T13:36:12,2600.0,32.7,B
2021-06-16T13:36:12,100.0,32.7,B
2021-06-16T13:36:07,2000.0,32.7,B
2021-06-16T13:36:04,100.0,32.7,B
2021-06-16T13:36:02,100.0,32.65,S
2021-06-16T13:36:02,500.0,32.7,S
2021-06-16T13:36:02,2900.0,32.7,S
2021-06-16T13:35:58,3000.0,32.7,S
2021-06-16T13:35:47,3600.0,32.7,S
2021-06-16T13:35:47,5000.0,32.7,S
2021-06-16T13:35:47,1400.0,32.7,S
2021-06-16T13:35:41,500.0,32.7,S
2021-06-16T13:35:35,100.0,32.75,B
2021-06-16T13:35:27,500.0,32.7,S
2021-06-16T13:35:25,100.0,32.7,S
2021-06-16T13:35:06,100.0,32.7,B
2021-06-16T13:34:57,5000.0,32.7,B
2021-06-16T13:34:55,2400.0,32.7,B
2021-06-16T13:34:55,500.0,32.7,B
2021-06-16T13:34:42,6800.0,32.7,B
2021-06-16T13:34:40,200.0,32.7,B
2021-06-16T13:34:31,15000.0,32.65,S
2021-06-16T13:34:19,5000.0,32.7,B
2021-06-16T13:34:16,1000.0,32.65,S
2021-06-16T13:34:03,5000.0,32.75,B
2021-06-16T13:34:00,100.0,32.7,B
2021-06-16T13:33:59,200.0,32.7,B
2021-06-16T13:33:49,100.0,32.65,B
2021-06-16T13:33:47,3600.0,32.75,B
2021-06-16T13:33:47,1800.0,32.75,B
2021-06-16T13:33:47,200.0,32.75,B
2021-06-16T13:33:47,2100.0,32.75,B
2021-06-16T13:33:47,3900.0,32.7,B
2021-06-16T13:33:47,1000.0,32.7,B
2021-06-16T13:33:47,1000.0,32.7,B
2021-06-16T13:33:47,3400.0,32.7,B
2021-06-16T13:33:40,1400.0,32.7,B
2021-06-16T13:33:40,100.0,32.7,B
2021-06-16T13:33:40,2300.0,32.65,B
2021-06-16T13:33:29,1000.0,32.65,B
2021-06-16T13:33:26,300.0,32.65,B
2021-06-16T13:33:22,400.0,32.65,B
2021-06-16T13:33:17,300.0,32.65,B
2021-06-16T13:32:36,16800.0,32.65,S
2021-06-16T13:32:33,4000.0,32.7,B
2021-06-16T13:32:27,7800.0,32.7,B
2021-06-16T13:32:27,300.0,32.7,B
2021-06-16T13:32:26,1000.0,32.7,B
2021-06-16T13:32:26,300.0,32.7,B
2021-06-16T13:32:26,3000.0,32.7,B
2021-06-16T13:32:26,4000.0,32.7,B
2021-06-16T13:32:26,1200.0,32.7,B
2021-06-16T13:32:26,1200.0,32.7,B
2021-06-16T13:32:26,1100.0,32.7,B
2021-06-16T13:32:26,6000.0,32.7,B
2021-06-16T13:32:26,1300.0,32.7,B
2021-06-16T13:32:26,2800.0,32.7,B
2021-06-16T13:32:15,700.0,32.65,S
2021-06-16T13:32:01,1000.0,32.7,B
2021-06-16T13:31:50,100.0,32.7,B
2021-06-16T13:31:46,3000.0,32.7,B
2021-06-16T13:31:28,100.0,32.7,B
2021-06-16T13:31:28,400.0,32.7,B
2021-06-16T13:31:22,2000.0,32.7,B
2021-06-16T13:31:15,2000.0,32.7,B
2021-06-16T13:31:05,9200.0,32.7,B
2021-06-16T13:30:54,1500.0,32.7,B
2021-06-16T13:30:45,2000.0,32.7,B
2021-06-16T13:30:42,400.0,32.7,B
2021-06-16T13:30:36,300.0,32.7,B
2021-06-16T13:30:25,1000.0,32.7,B
2021-06-16T13:30:23,10000.0,32.7,B
2021-06-16T13:30:23,9700.0,32.6,S
2021-06-16T13:30:23,14000.0,32.6,S
2021-06-16T13:30:23,500.0,32.65,S
2021-06-16T13:30:22,10600.0,32.65,S
2021-06-16T13:30:22,2900.0,32.65,S
2021-06-16T13:30:22,500.0,32.65,S
2021-06-16T13:30:22,1800.0,32.65,S
2021-06-16T13:30:21,500.0,32.65,S
2021-06-16T13:30:19,100.0,32.65,S
2021-06-16T13:30:14,2000.0,32.7,B
2021-06-16T13:30:00,1000.0,32.7,B
2021-06-16T13:29:51,3000.0,32.7,B
2021-06-16T13:29:38,2000.0,32.65,S
2021-06-16T13:29:38,500.0,32.7,B
2021-06-16T13:29:36,500.0,32.65,S
2021-06-16T13:29:35,5000.0,32.65,S
2021-06-16T13:29:34,1000.0,32.7,B
2021-06-16T13:29:25,100.0,32.65,S
2021-06-16T13:29:22,1000.0,32.65,S
2021-06-16T13:29:05,500.0,32.65,S
2021-06-16T13:29:01,200.0,32.7,B
2021-06-16T13:28:47,100.0,32.7,B
2021-06-16T13:28:43,1000.0,32.7,B
2021-06-16T13:28:43,1000.0,32.65,S
2021-06-16T13:28:36,7500.0,32.7,B
2021-06-16T13:28:36,1100.0,32.7,B
2021-06-16T13:28:35,100.0,32.7,B
2021-06-16T13:28:35,400.0,32.7,B
2021-06-16T13:28:35,900.0,32.7,B
2021-06-16T13:28:33,2100.0,32.7,B
2021-06-16T13:28:33,1100.0,32.7,B
2021-06-16T13:28:29,200.0,32.7,B
2021-06-16T13:28:25,1000.0,32.7,B
2021-06-16T13:28:22,300.0,32.7,B
2021-06-16T13:28:21,3600.0,32.7,B
2021-06-16T13:28:20,300.0,32.7,B
2021-06-16T13:28:20,1100.0,32.7,B
2021-06-16T13:28:20,2000.0,32.7,B
2021-06-16T13:28:20,6000.0,32.7,B
2021-06-16T13:28:20,600.0,32.7,B
2021-06-16T13:28:20,300.0,32.7,B
2021-06-16T13:28:20,6100.0,32.7,B
2021-06-16T13:28:20,15200.0,32.65,S
2021-06-16T13:28:20,4000.0,32.65,S
2021-06-16T13:28:19,800.0,32.65,S
2021-06-16T13:28:10,300.0,32.65,S
2021-06-16T13:28:07,4800.0,32.7,B
2021-06-16T13:28:06,500.0,32.7,B
2021-06-16T13:28:01,100.0,32.7,B
2021-06-16T13:27:59,500.0,32.7,B
2021-06-16T13:27:51,500.0,32.7,B
2021-06-16T13:27:51,300.0,32.7,B
2021-06-16T13:27:45,2700.0,32.7,B
2021-06-16T13:27:44,200.0,32.7,B
2021-06-16T13:27:39,400.0,32.7,B
2021-06-16T13:27:37,300.0,32.7,B
2021-06-16T13:27:37,600.0,32.7,B
2021-06-16T13:27:37,100.0,32.7,B
2021-06-16T13:27:31,1000.0,32.7,B
2021-06-16T13:27:30,500.0,32.7,B
2021-06-16T13:27:20,1000.0,32.7,B
2021-06-16T13:27:11,10000.0,32.7,B
2021-06-16T13:27:07,300.0,32.7,B
2021-06-16T13:27:05,100.0,32.7,B
2021-06-16T13:26:57,2500.0,32.7,B
2021-06-16T13:26:49,100.0,32.7,B
2021-06-16T13:26:40,1400.0,32.7,B
2021-06-16T13:26:40,300.0,32.65,S
2021-06-16T13:26:35,100.0,32.7,B
2021-06-16T13:26:27,2000.0,32.7,B
2021-06-16T13:26:21,500.0,32.7,B
2021-06-16T13:26:01,100.0,32.7,B
2021-06-16T13:25:58,200.0,32.7,B
2021-06-16T13:25:54,100.0,32.7,B
2021-06-16T13:25:52,400.0,32.7,B
2021-06-16T13:25:50,5000.0,32.65,S
2021-06-16T13:25:49,10000.0,32.7,B
2021-06-16T13:25:34,100.0,32.7,B
2021-06-16T13:25:34,2600.0,32.7,B
2021-06-16T13:25:34,100.0,32.7,B
2021-06-16T13:25:34,2300.0,32.7,B
2021-06-16T13:25:29,800.0,32.7,B
2021-06-16T13:25:21,10000.0,32.7,B
2021-06-16T13:25:12,800.0,32.7,B
2021-06-16T13:25:02,1000.0,32.7,B
2021-06-16T13:24:57,500.0,32.65,S
2021-06-16T13:24:53,100.0,32.65,S
2021-06-16T13:24:04,300.0,32.65,B
2021-06-16T13:24:04,8700.0,32.65,B
2021-06-16T13:23:55,300.0,32.65,B
2021-06-16T13:23:47,1600.0,32.65,B
2021-06-16T13:23:45,2000.0,32.65,B
2021-06-16T13:23:44,500.0,32.65,B
2021-06-16T13:23:41,1000.0,32.65,B
2021-06-16T13:23:38,1000.0,32.6,S
2021-06-16T13:23:36,100.0,32.65,B
2021-06-16T13:23:32,1400.0,32.65,B
2021-06-16T13:23:32,20000.0,32.65,B
2021-06-16T13:23:31,500.0,32.6,S
2021-06-16T13:23:27,20000.0,32.65,B
2021-06-16T13:23:15,100.0,32.65,B
2021-06-16T13:23:12,400.0,32.65,B
2021-06-16T13:23:05,10600.0,32.65,B
2021-06-16T13:23:05,100.0,32.65,B
2021-06-16T13:23:02,5000.0,32.65,B
2021-06-16T13:23:02,100.0,32.65,B
2021-06-16T13:22:59,500.0,32.65,B
2021-06-16T13:22:24,1000.0,32.65,B
2021-06-16T13:22:20,5000.0,32.65,B
2021-06-16T13:22:19,100.0,32.6,S
2021-06-16T13:22:16,1000.0,32.65,B
2021-06-16T13:21:58,700.0,32.65,B
2021-06-16T13:21:55,200.0,32.65,B
2021-06-16T13:21:51,400.0,32.65,B
2021-06-16T13:21:33,500.0,32.65,B
2021-06-16T13:21:32,1000.0,32.6,B
2021-06-16T13:21:30,1000.0,32.6,B
2021-06-16T13:21:25,700.0,32.65,B
2021-06-16T13:21:24,100.0,32.55,S
2021-06-16T13:21:23,7200.0,32.6,B
2021-06-16T13:21:23,6500.0,32.6,B
2021-06-16T13:21:23,5300.0,32.6,B
2021-06-16T13:21:17,5000.0,32.6,B
2021-06-16T13:21:16,400.0,32.6,B
2021-06-16T13:21:16,8800.0,32.6,B
2021-06-16T13:21:15,500.0,32.55,S
2021-06-16T13:21:14,2100.0,32.6,B
2021-06-16T13:20:58,700.0,32.6,B
2021-06-16T13:20:57,5000.0,32.6,B
2021-06-16T13:20:39,1500.0,32.6,B
2021-06-16T13:20:39,900.0,32.6,B
2021-06-16T13:20:39,1000.0,32.6,B
2021-06-16T13:20:39,800.0,32.6,B
2021-06-16T13:20:38,800.0,32.6,B
2021-06-16T13:20:37,4000.0,32.6,B
2021-06-16T13:20:33,5000.0,32.6,B
2021-06-16T13:20:26,4500.0,32.6,B
2021-06-16T13:20:26,1500.0,32.6,B
2021-06-16T13:20:25,3700.0,32.6,B
2021-06-16T13:20:25,200.0,32.6,B
2021-06-16T13:20:25,100.0,32.6,B
2021-06-16T13:20:25,2500.0,32.6,B
2021-06-16T13:20:25,600.0,32.6,B
2021-06-16T13:20:25,900.0,32.6,B
2021-06-16T13:20:25,1500.0,32.6,B
2021-06-16T13:20:25,10400.0,32.6,B
2021-06-16T13:20:19,500.0,32.6,B
2021-06-16T13:20:15,100.0,32.6,B
2021-06-16T13:20:11,1200.0,32.6,B
2021-06-16T13:20:09,2000.0,32.6,B
2021-06-16T13:20:00,9000.0,32.55,S
2021-06-16T13:19:57,800.0,32.6,B
2021-06-16T13:19:57,600.0,32.6,B
2021-06-16T13:19:57,6200.0,32.6,B
2021-06-16T13:19:57,400.0,32.6,B
2021-06-16T13:19:57,200.0,32.6,B
2021-06-16T13:19:55,400.0,32.6,B
2021-06-16T13:19:53,3000.0,32.6,B
2021-06-16T13:19:47,200.0,32.6,B
2021-06-16T13:19:41,1000.0,32.6,B
2021-06-16T13:19:39,1600.0,32.6,B
2021-06-16T13:19:39,5000.0,32.6,B
2021-06-16T13:19:29,1000.0,32.55,S
2021-06-16T13:19:25,2500.0,32.6,B
2021-06-16T13:19:23,1000.0,32.6,B
2021-06-16T13:19:09,300.0,32.6,B
2021-06-16T13:19:09,700.0,32.6,B
2021-06-16T13:19:07,200.0,32.55,S
2021-06-16T13:18:46,1800.0,32.6,B
2021-06-16T13:18:46,1200.0,32.6,B
2021-06-16T13:18:43,1000.0,32.6,B
2021-06-16T13:18:41,100.0,32.6,B
2021-06-16T13:18:37,2000.0,32.6,B
2021-06-16T13:18:04,500.0,32.6,B
2021-06-16T13:18:04,1500.0,32.6,B
2021-06-16T13:18:01,300.0,32.6,B
2021-06-16T13:17:59,400.0,32.6,B
2021-06-16T13:17:55,3000.0,32.55,S
2021-06-16T13:17:54,700.0,32.55,S
2021-06-16T13:17:53,100.0,32.6,B
2021-06-16T13:17:39,100.0,32.6,B
2021-06-16T13:17:22,100.0,32.55,S
2021-06-16T13:17:21,1500.0,32.55,S
2021-06-16T13:17:16,100.0,32.55,S
2021-06-16T13:17:14,100.0,32.55,S
2021-06-16T13:16:57,1000.0,32.55,B
2021-06-16T13:16:52,1200.0,32.55,B
2021-06-16T13:16:52,8800.0,32.55,B
2021-06-16T13:16:41,7300.0,32.55,B
2021-06-16T13:16:41,1000.0,32.55,B
2021-06-16T13:16:41,1700.0,32.55,B
2021-06-16T13:16:35,2800.0,32.55,B
2021-06-16T13:16:28,1000.0,32.55,B
2021-06-16T13:16:09,100.0,32.55,B
2021-06-16T13:16:06,400.0,32.55,B
2021-06-16T13:15:53,400.0,32.55,B
2021-06-16T13:15:50,1000.0,32.55,B
2021-06-16T13:15:44,1000.0,32.5,S
2021-06-16T13:15:43,5000.0,32.55,B
2021-06-16T13:15:39,100.0,32.55,B
2021-06-16T13:15:32,100.0,32.55,B
2021-06-16T13:15:28,3000.0,32.55,B
2021-06-16T13:15:13,100.0,32.55,B
2021-06-16T13:14:35,5000.0,32.5,S
2021-06-16T13:14:25,200.0,32.5,S
2021-06-16T13:14:23,5000.0,32.5,S
2021-06-16T13:14:15,500.0,32.55,B
2021-06-16T13:14:04,1000.0,32.5,S
2021-06-16T13:13:54,3000.0,32.5,S
2021-06-16T13:13:48,1000.0,32.5,B
2021-06-16T13:13:45,100.0,32.5,B
2021-06-16T13:13:39,2200.0,32.5,B
2021-06-16T13:13:19,2000.0,32.5,S
2021-06-16T13:13:17,1800.0,32.5,S
2021-06-16T13:13:15,100.0,32.5,S
2021-06-16T13:13:11,3000.0,32.55,B
2021-06-16T13:13:02,100.0,32.5,B
2021-06-16T13:13:02,4500.0,32.45,S
2021-06-16T13:13:02,500.0,32.5,B
2021-06-16T13:12:55,500.0,32.5,B
2021-06-16T13:12:53,100.0,32.5,B
2021-06-16T13:12:52,200.0,32.5,B
2021-06-16T13:12:49,200.0,32.5,B
2021-06-16T13:12:47,700.0,32.5,B
2021-06-16T13:12:47,1700.0,32.5,B
2021-06-16T13:12:36,3000.0,32.45,S
2021-06-16T13:12:30,1200.0,32.5,B
2021-06-16T13:12:30,5100.0,32.5,B
2021-06-16T13:12:30,700.0,32.5,B
2021-06-16T13:12:30,700.0,32.5,B
2021-06-16T13:12:30,1000.0,32.5,B
2021-06-16T13:12:30,4700.0,32.5,B
2021-06-16T13:12:30,300.0,32.5,B
2021-06-16T13:12:30,800.0,32.5,B
2021-06-16T13:12:30,6400.0,32.5,B
2021-06-16T13:12:30,7600.0,32.5,B
2021-06-16T13:12:30,25400.0,32.5,B
2021-06-16T13:12:30,2000.0,32.5,B
2021-06-16T13:12:30,600.0,32.5,B
2021-06-16T13:12:30,3900.0,32.5,B
2021-06-16T13:12:30,2000.0,32.5,B
2021-06-16T13:12:30,20700.0,32.5,B
2021-06-16T13:12:30,200.0,32.5,B
2021-06-16T13:12:30,200.0,32.5,B
2021-06-16T13:12:23,400.0,32.45,S
2021-06-16T13:12:17,100.0,32.45,S
2021-06-16T13:12:17,400.0,32.5,B
2021-06-16T13:11:40,1400.0,32.5,B
2021-06-16T13:11:40,600.0,32.5,B
2021-06-16T13:11:33,3600.0,32.5,B
2021-06-16T13:11:29,500.0,32.45,S
2021-06-16T13:11:04,300.0,32.45,S
2021-06-16T13:10:37,3100.0,32.45,B
2021-06-16T13:10:36,4500.0,32.45,B
2021-06-16T13:10:36,14100.0,32.45,B
2021-06-16T13:10:36,1400.0,32.45,B
2021-06-16T13:10:23,100.0,32.45,B
2021-06-16T13:10:21,1000.0,32.45,B
2021-06-16T13:10:21,2500.0,32.4,S
2021-06-16T13:10:21,300.0,32.4,S
2021-06-16T13:10:21,200.0,32.4,S
2021-06-16T13:10:14,400.0,32.45,B
2021-06-16T13:09:51,1000.0,32.45,B
2021-06-16T13:09:39,1000.0,32.4,S
2021-06-16T13:09:34,1500.0,32.45,B
2021-06-16T13:09:31,500.0,32.4,S
2021-06-16T13:09:29,1000.0,32.4,S
2021-06-16T13:09:24,200.0,32.4,S
2021-06-16T13:09:03,100.0,32.4,S
2021-06-16T13:08:57,1000.0,32.4,S
2021-06-16T13:08:23,200.0,32.4,S
2021-06-16T13:07:57,800.0,32.4,B
2021-06-16T13:07:55,1200.0,32.4,S
2021-06-16T13:07:50,600.0,32.4,S
2021-06-16T13:07:37,200.0,32.4,S
2021-06-16T13:07:34,13000.0,32.4,B
2021-06-16T13:07:13,4600.0,32.4,B
2021-06-16T13:07:13,400.0,32.4,B
2021-06-16T13:06:54,1000.0,32.4,B
2021-06-16T13:06:42,100.0,32.4,B
2021-06-16T13:06:41,1000.0,32.4,B
2021-06-16T13:06:25,400.0,32.4,B
2021-06-16T13:06:16,100.0,32.4,B
2021-06-16T13:06:07,5000.0,32.4,B
2021-06-16T13:06:06,6500.0,32.4,B
2021-06-16T13:06:06,700.0,32.4,B
2021-06-16T13:06:06,1500.0,32.4,B
2021-06-16T13:06:06,1300.0,32.4,B
2021-06-16T13:05:57,200.0,32.4,B
2021-06-16T13:05:50,200.0,32.4,B
2021-06-16T13:05:49,200.0,32.3,S
2021-06-16T13:05:26,1000.0,32.3,S
2021-06-16T13:05:03,100.0,32.3,S
2021-06-16T13:04:58,10000.0,32.4,B
2021-06-16T13:04:58,200.0,32.3,S
2021-06-16T13:04:49,400.0,32.3,S
2021-06-16T13:04:41,600.0,32.3,S
2021-06-16T13:04:32,100.0,32.3,S
2021-06-16T13:04:17,100.0,32.3,S
2021-06-16T13:04:17,100.0,32.3,S
2021-06-16T13:03:57,4900.0,32.3,S
2021-06-16T13:03:57,300.0,32.3,S
2021-06-16T13:03:57,700.0,32.3,S
2021-06-16T13:03:57,10400.0,32.3,S
2021-06-16T13:03:57,4300.0,32.3,S
2021-06-16T13:03:57,9800.0,32.3,S
2021-06-16T13:03:32,2000.0,32.3,S
2021-06-16T13:03:31,300.0,32.3,S
2021-06-16T13:03:28,100.0,32.3,S
2021-06-16T13:03:12,5000.0,32.3,S
2021-06-16T13:03:05,1000.0,32.35,B
2021-06-16T13:03:05,1500.0,32.35,B
2021-06-16T13:03:04,200.0,32.35,B
2021-06-16T13:02:54,300.0,32.35,S
2021-06-16T13:02:46,1000.0,32.4,B
2021-06-16T13:02:43,200.0,32.35,S
2021-06-16T13:02:38,1000.0,32.4,B
2021-06-16T13:02:32,3400.0,32.35,S
2021-06-16T13:02:30,700.0,32.35,S
2021-06-16T13:02:19,500.0,32.35,S
2021-06-16T13:01:55,1600.0,32.35,S
2021-06-16T13:01:51,1000.0,32.4,B
2021-06-16T13:01:08,500.0,32.4,S
2021-06-16T13:01:07,500.0,32.35,S
2021-06-16T13:01:06,200.0,32.35,S
2021-06-16T13:01:03,100.0,32.4,S
2021-06-16T13:01:03,200.0,32.35,S
2021-06-16T13:01:01,200.0,32.4,S
2021-06-16T13:01:01,200.0,32.4,S
2021-06-16T13:00:58,100.0,32.4,S
2021-06-16T13:00:48,400.0,32.4,S
2021-06-16T13:00:48,100.0,32.4,S
2021-06-16T13:00:48,800.0,32.4,S
2021-06-16T13:00:46,1500.0,32.4,S
2021-06-16T13:00:45,100.0,32.4,S
2021-06-16T13:00:41,1000.0,32.4,S
2021-06-16T13:00:38,300.0,32.4,S
2021-06-16T13:00:37,200.0,32.4,S
2021-06-16T13:00:36,1300.0,32.4,S
2021-06-16T13:00:36,200.0,32.4,S
2021-06-16T13:00:36,5000.0,32.4,S
2021-06-16T13:00:36,200.0,32.4,S
2021-06-16T13:00:36,100.0,32.4,S
2021-06-16T13:00:33,700.0,32.35,S
2021-06-16T13:00:33,1000.0,32.4,S
2021-06-16T13:00:32,200.0,32.4,S
2021-06-16T13:00:31,1600.0,32.4,S
2021-06-16T13:00:31,100.0,32.4,S
2021-06-16T13:00:29,100.0,32.4,S
2021-06-16T13:00:27,300.0,32.4,S
2021-06-16T13:00:27,3200.0,32.4,S
2021-06-16T11:30:19,200.0,32.4,S
2021-06-16T11:30:19,1000.0,32.45,B
2021-06-16T11:29:56,2400.0,32.4,S
2021-06-16T11:29:54,1600.0,32.45,B
2021-06-16T11:29:37,100.0,32.45,B
2021-06-16T11:29:34,3500.0,32.45,B
2021-06-16T11:29:07,2000.0,32.4,S
2021-06-16T11:29:01,5000.0,32.4,S
2021-06-16T11:28:28,1500.0,32.4,B
2021-06-16T11:28:28,1100.0,32.4,B
2021-06-16T11:28:22,100.0,32.4,B
2021-06-16T11:28:16,100.0,32.4,B
2021-06-16T11:28:10,3800.0,32.4,S
2021-06-16T11:27:33,3900.0,32.4,B
2021-06-16T11:27:33,100.0,32.4,B
2021-06-16T11:27:29,100.0,32.4,B
2021-06-16T11:27:18,200.0,32.4,B
2021-06-16T11:27:10,1000.0,32.4,B
2021-06-16T11:27:09,300.0,32.45,B
2021-06-16T11:26:59,3000.0,32.35,S
2021-06-16T11:26:59,400.0,32.4,B
2021-06-16T11:26:52,100.0,32.4,B
2021-06-16T11:26:50,300.0,32.4,B
2021-06-16T11:26:39,3000.0,32.4,B
2021-06-16T11:26:21,1500.0,32.4,S
2021-06-16T11:26:20,400.0,32.45,B
2021-06-16T11:26:15,400.0,32.45,B
2021-06-16T11:26:10,5000.0,32.4,S
2021-06-16T11:25:18,200.0,32.4,S
2021-06-16T11:25:14,5000.0,32.4,S
2021-06-16T11:25:11,2000.0,32.4,S
2021-06-16T11:25:11,1500.0,32.4,S
2021-06-16T11:24:59,300.0,32.4,S
2021-06-16T11:24:50,500.0,32.4,S
2021-06-16T11:24:48,200.0,32.5,B
2021-06-16T11:24:43,300.0,32.4,S
2021-06-16T11:24:28,700.0,32.4,S
2021-06-16T11:24:28,900.0,32.4,S
2021-06-16T11:24:28,6900.0,32.4,S
2021-06-16T11:24:28,4200.0,32.4,S
2021-06-16T11:24:14,1000.0,32.4,S
2021-06-16T11:23:55,100.0,32.4,S
2021-06-16T11:23:24,3000.0,32.5,B
2021-06-16T11:23:21,5000.0,32.5,B
2021-06-16T11:23:21,100.0,32.4,S
2021-06-16T11:23:21,300.0,32.4,S
2021-06-16T11:23:20,9600.0,32.4,S
2021-06-16T11:23:18,100.0,32.45,S
2021-06-16T11:23:14,300.0,32.5,B
2021-06-16T11:23:14,500.0,32.5,B
2021-06-16T11:23:00,400.0,32.5,B
2021-06-16T11:22:45,100.0,32.5,B
2021-06-16T11:21:12,1000.0,32.5,B
2021-06-16T11:21:04,400.0,32.5,B
2021-06-16T11:20:43,3100.0,32.5,B
2021-06-16T11:20:43,2000.0,32.5,B
2021-06-16T11:20:33,400.0,32.5,B
2021-06-16T11:20:18,300.0,32.5,B
2021-06-16T11:20:13,1100.0,32.5,B
2021-06-16T11:20:09,700.0,32.5,B
2021-06-16T11:19:42,800.0,32.5,B
2021-06-16T11:19:37,700.0,32.4,S
2021-06-16T11:19:37,1500.0,32.4,S
2021-06-16T11:19:37,200.0,32.4,S
2021-06-16T11:19:37,600.0,32.4,S
2021-06-16T11:19:37,800.0,32.4,S
2021-06-16T11:19:37,6200.0,32.4,S
2021-06-16T11:19:35,5000.0,32.5,B
2021-06-16T11:19:22,100.0,32.5,B
2021-06-16T11:19:12,800.0,32.4,S
2021-06-16T11:19:10,400.0,32.5,B
2021-06-16T11:19:07,6000.0,32.5,B
2021-06-16T11:19:02,1000.0,32.5,B
2021-06-16T11:18:52,500.0,32.5,B
2021-06-16T11:18:50,3200.0,32.5,B
2021-06-16T11:18:47,1500.0,32.5,B
2021-06-16T11:18:45,100.0,32.5,B
2021-06-16T11:18:41,9600.0,32.5,B
2021-06-16T11:18:34,1900.0,32.5,B
2021-06-16T11:18:34,3000.0,32.5,B
2021-06-16T11:18:33,100.0,32.5,B
2021-06-16T11:18:06,2400.0,32.5,B
2021-06-16T11:17:46,600.0,32.5,S
2021-06-16T11:17:18,1400.0,32.5,S
2021-06-16T11:17:05,200.0,32.5,S
2021-06-16T11:16:58,500.0,32.5,S
2021-06-16T11:16:57,400.0,32.5,S
2021-06-16T11:16:56,4300.0,32.5,B
2021-06-16T11:16:56,1000.0,32.5,B
2021-06-16T11:16:56,2000.0,32.5,B
2021-06-16T11:16:56,1000.0,32.5,B
2021-06-16T11:16:56,1700.0,32.5,B
2021-06-16T11:16:44,100.0,32.4,S
2021-06-16T11:16:12,300.0,32.5,B
2021-06-16T11:16:11,300.0,32.5,B
2021-06-16T11:16:11,200.0,32.5,B
2021-06-16T11:15:53,2000.0,32.5,B
2021-06-16T11:15:50,100.0,32.5,B
2021-06-16T11:15:40,6000.0,32.5,B
2021-06-16T11:15:34,1600.0,32.5,B
2021-06-16T11:15:31,100.0,32.5,B
2021-06-16T11:15:19,400.0,32.5,B
2021-06-16T11:15:16,100.0,32.5,B
2021-06-16T11:15:16,5000.0,32.5,B
2021-06-16T11:15:12,300.0,32.5,B
2021-06-16T11:15:12,1000.0,32.5,B
2021-06-16T11:15:08,1300.0,32.5,B
2021-06-16T11:15:07,800.0,32.5,B
2021-06-16T11:15:06,10000.0,32.5,B
2021-06-16T11:14:47,100.0,32.5,B
2021-06-16T11:14:39,100.0,32.5,B
2021-06-16T11:14:37,4000.0,32.4,S
2021-06-16T11:14:12,100.0,32.5,B
2021-06-16T11:14:08,4600.0,32.5,B
2021-06-16T11:13:54,100.0,32.5,B
2021-06-16T11:13:54,100.0,32.5,B
2021-06-16T11:13:54,1100.0,32.5,B
2021-06-16T11:13:54,3200.0,32.5,B
2021-06-16T11:13:54,2700.0,32.5,B
2021-06-16T11:13:54,2800.0,32.5,B
2021-06-16T11:13:54,100.0,32.45,S
2021-06-16T11:13:32,200.0,32.5,B
2021-06-16T11:13:30,1000.0,32.5,B
2021-06-16T11:13:30,1000.0,32.5,B
2021-06-16T11:13:24,400.0,32.5,B
2021-06-16T11:13:22,200.0,32.5,B
2021-06-16T11:13:16,2000.0,32.5,B
2021-06-16T11:13:10,200.0,32.5,B
2021-06-16T11:13:08,700.0,32.5,B
2021-06-16T11:13:08,2300.0,32.5,B
2021-06-16T11:12:58,3000.0,32.5,B
2021-06-16T11:12:34,300.0,32.5,B
2021-06-16T11:12:17,4400.0,32.5,B
2021-06-16T11:12:14,200.0,32.45,B
2021-06-16T11:12:00,3900.0,32.45,S
2021-06-16T11:11:53,500.0,32.5,B
2021-06-16T11:11:53,200.0,32.5,B
2021-06-16T11:11:47,5000.0,32.5,B
2021-06-16T11:11:45,1000.0,32.5,B
2021-06-16T11:11:38,100.0,32.5,B
2021-06-16T11:11:30,100.0,32.5,B
2021-06-16T11:11:29,2000.0,32.5,B
2021-06-16T11:11:28,400.0,32.5,B
2021-06-16T11:11:25,5600.0,32.5,B
2021-06-16T11:11:25,3400.0,32.5,B
2021-06-16T11:11:22,1000.0,32.5,B
2021-06-16T11:11:22,5000.0,32.5,B
2021-06-16T11:11:10,1000.0,32.5,B
2021-06-16T11:11:03,2000.0,32.5,B
2021-06-16T11:11:01,1000.0,32.45,S
2021-06-16T11:10:59,500.0,32.45,S
2021-06-16T11:10:54,6300.0,32.5,B
2021-06-16T11:10:54,1700.0,32.5,B
2021-06-16T11:10:54,800.0,32.5,B
2021-06-16T11:10:54,200.0,32.5,B
2021-06-16T11:10:54,2000.0,32.5,B
2021-06-16T11:10:54,700.0,32.5,B
2021-06-16T11:10:54,7300.0,32.5,B
2021-06-16T11:10:54,2400.0,32.5,B
2021-06-16T11:10:54,1500.0,32.5,B
2021-06-16T11:10:54,900.0,32.5,B
2021-06-16T11:10:54,2200.0,32.5,B
2021-06-16T11:10:54,100.0,32.5,B
2021-06-16T11:10:54,3900.0,32.5,B
2021-06-16T11:10:48,500.0,32.45,S
2021-06-16T11:10:33,2600.0,32.5,B
2021-06-16T11:10:10,400.0,32.5,B
2021-06-16T11:10:05,1200.0,32.45,B
2021-06-16T11:09:59,1700.0,32.45,B
2021-06-16T11:09:46,300.0,32.45,S
2021-06-16T11:09:45,1800.0,32.45,S
2021-06-16T11:09:26,1000.0,32.45,S
2021-06-16T11:09:25,600.0,32.5,B
2021-06-16T11:09:09,1000.0,32.5,B
2021-06-16T11:09:09,10000.0,32.45,B
2021-06-16T11:09:00,1000.0,32.45,B
2021-06-16T11:08:55,200.0,32.45,B
2021-06-16T11:08:54,300.0,32.4,S
2021-06-16T11:08:45,1000.0,32.4,S
2021-06-16T11:08:45,1000.0,32.4,S
2021-06-16T11:08:39,200.0,32.4,S
2021-06-16T11:08:37,200.0,32.4,S
2021-06-16T11:08:27,400.0,32.4,S
2021-06-16T11:08:19,100.0,32.4,S
2021-06-16T11:08:16,9300.0,32.4,B
2021-06-16T11:08:11,5000.0,32.4,B
2021-06-16T11:08:09,500.0,32.4,B
2021-06-16T11:08:09,400.0,32.4,B
2021-06-16T11:08:09,4800.0,32.4,B
2021-06-16T11:08:09,400.0,32.4,B
2021-06-16T11:07:59,1000.0,32.4,B
2021-06-16T11:07:49,1000.0,32.4,B
2021-06-16T11:07:39,300.0,32.4,B
2021-06-16T11:07:34,5000.0,32.4,B
2021-06-16T11:07:28,12000.0,32.4,B
2021-06-16T11:07:12,400.0,32.35,S
2021-06-16T11:07:05,300.0,32.35,B
2021-06-16T11:07:04,2900.0,32.35,B
2021-06-16T11:07:04,100.0,32.35,B
2021-06-16T11:06:49,100.0,32.35,B
2021-06-16T11:06:48,2500.0,32.35,B
2021-06-16T11:06:42,1000.0,32.35,B
2021-06-16T11:06:35,100.0,32.35,B
2021-06-16T11:06:27,300.0,32.3,S
2021-06-16T11:06:25,200.0,32.35,B
2021-06-16T11:06:17,100.0,32.35,B
2021-06-16T11:06:12,500.0,32.3,S
2021-06-16T11:06:00,100.0,32.35,B
2021-06-16T11:05:53,200.0,32.35,B
2021-06-16T11:05:46,1000.0,32.3,S
2021-06-16T11:05:46,200.0,32.3,S
2021-06-16T11:05:33,100.0,32.3,S
2021-06-16T11:05:29,100.0,32.35,B
2021-06-16T11:05:25,200.0,32.3,S
2021-06-16T11:05:14,11500.0,32.3,S
2021-06-16T11:05:12,500.0,32.3,S
2021-06-16T11:05:06,900.0,32.3,B
2021-06-16T11:05:06,14900.0,32.3,B
2021-06-16T11:05:04,2000.0,32.3,B
2021-06-16T11:05:02,500.0,32.3,B
2021-06-16T11:04:53,100.0,32.3,B
2021-06-16T11:04:38,3100.0,32.3,S
2021-06-16T11:04:35,500.0,32.3,S
2021-06-16T11:04:34,3000.0,32.3,S
2021-06-16T11:04:32,100.0,32.3,S
2021-06-16T11:04:29,100.0,32.3,S
2021-06-16T11:04:20,200.0,32.3,S
2021-06-16T11:03:52,200.0,32.3,S
2021-06-16T11:03:51,1500.0,32.35,B
2021-06-16T11:03:40,3700.0,32.3,B
2021-06-16T11:03:38,200.0,32.3,B
2021-06-16T11:03:32,100.0,32.3,S
2021-06-16T11:03:27,400.0,32.3,S
2021-06-16T11:03:02,4500.0,32.3,S
2021-06-16T11:02:40,4300.0,32.2,S
2021-06-16T11:02:27,100.0,32.35,B
2021-06-16T11:02:22,1000.0,32.35,B
2021-06-16T11:02:07,100.0,32.3,S
2021-06-16T11:02:01,200.0,32.3,B
2021-06-16T11:01:49,100.0,32.3,S
2021-06-16T11:01:46,500.0,32.35,B
2021-06-16T11:01:46,1200.0,32.25,S
2021-06-16T11:01:42,400.0,32.3,B
2021-06-16T11:01:23,500.0,32.3,S
2021-06-16T11:01:10,5000.0,32.3,B
2021-06-16T11:01:09,10000.0,32.3,B
2021-06-16T11:01:06,1300.0,32.2,S
2021-06-16T11:01:06,1300.0,32.2,S
2021-06-16T11:01:06,100.0,32.2,S
2021-06-16T11:01:06,1800.0,32.2,S
2021-06-16T11:01:06,100.0,32.2,S
2021-06-16T11:01:06,2800.0,32.2,S
2021-06-16T11:01:06,1000.0,32.2,S
2021-06-16T11:01:06,3400.0,32.2,S
2021-06-16T11:01:06,5700.0,32.25,S
2021-06-16T11:01:06,2500.0,32.25,S
2021-06-16T11:01:02,700.0,32.3,B
2021-06-16T11:01:00,500.0,32.3,B
2021-06-16T11:01:00,200.0,32.3,B
2021-06-16T11:00:45,5000.0,32.3,B
2021-06-16T11:00:38,3000.0,32.3,B
2021-06-16T11:00:29,1000.0,32.3,B
2021-06-16T11:00:25,300.0,32.3,S
2021-06-16T11:00:20,1000.0,32.3,S
2021-06-16T10:59:45,5000.0,32.3,S
2021-06-16T10:59:41,1000.0,32.25,S
2021-06-16T10:59:39,900.0,32.35,B
2021-06-16T10:59:35,700.0,32.3,B
2021-06-16T10:59:20,200.0,32.25,S
2021-06-16T10:59:10,1300.0,32.35,B
2021-06-16T10:59:10,700.0,32.3,B
2021-06-16T10:59:05,4300.0,32.3,B
2021-06-16T10:58:44,2000.0,32.3,S
2021-06-16T10:58:40,400.0,32.25,S
2021-06-16T10:58:38,500.0,32.3,S
2021-06-16T10:58:38,800.0,32.3,S
2021-06-16T10:58:34,5000.0,32.3,S
2021-06-16T10:58:34,300.0,32.3,S
2021-06-16T10:58:24,1100.0,32.3,S
2021-06-16T10:58:19,1000.0,32.35,B
2021-06-16T10:58:17,500.0,32.35,B
2021-06-16T10:58:10,800.0,32.3,S
2021-06-16T10:58:10,200.0,32.3,S
2021-06-16T10:58:10,9000.0,32.3,S
2021-06-16T10:57:58,300.0,32.3,S
2021-06-16T10:57:58,4100.0,32.3,S
2021-06-16T10:57:58,3000.0,32.3,S
2021-06-16T10:57:50,5000.0,32.35,B
2021-06-16T10:57:42,100.0,32.35,B
2021-06-16T10:57:39,2500.0,32.35,S
2021-06-16T10:57:33,15000.0,32.35,S
2021-06-16T10:57:30,500.0,32.35,S
2021-06-16T10:57:19,200.0,32.35,S
2021-06-16T10:56:59,3500.0,32.35,S
2021-06-16T10:56:58,100.0,32.35,S
2021-06-16T10:56:56,1000.0,32.35,S
2021-06-16T10:56:51,2000.0,32.35,S
2021-06-16T10:56:38,2000.0,32.35,S
2021-06-16T10:56:35,200.0,32.35,S
2021-06-16T10:56:34,3000.0,32.4,B
2021-06-16T10:56:25,1000.0,32.4,B
2021-06-16T10:56:23,200.0,32.4,B
2021-06-16T10:56:20,200.0,32.4,B
2021-06-16T10:56:13,400.0,32.4,S
2021-06-16T10:56:13,400.0,32.4,S
2021-06-16T10:56:11,300.0,32.45,B
2021-06-16T10:56:08,1400.0,32.4,S
2021-06-16T10:56:08,2400.0,32.4,S
2021-06-16T10:56:08,100.0,32.4,S
2021-06-16T10:56:08,700.0,32.4,S
2021-06-16T10:56:08,15400.0,32.4,S
2021-06-16T10:56:01,300.0,32.45,B
2021-06-16T10:56:00,600.0,32.45,B
2021-06-16T10:56:00,100.0,32.45,B
2021-06-16T10:55:52,100.0,32.45,B
2021-06-16T10:55:43,300.0,32.45,B
2021-06-16T10:55:33,1000.0,32.45,B
2021-06-16T10:55:29,1000.0,32.45,S
2021-06-16T10:55:28,100.0,32.45,S
2021-06-16T10:55:26,2000.0,32.5,B
2021-06-16T10:55:20,8600.0,32.45,S
2021-06-16T10:55:06,3400.0,32.5,B
2021-06-16T10:55:04,1900.0,32.5,B
2021-06-16T10:55:04,13100.0,32.5,B
2021-06-16T10:54:58,600.0,32.45,S
2021-06-16T10:54:57,500.0,32.5,B
2021-06-16T10:54:54,300.0,32.5,B
2021-06-16T10:54:49,1000.0,32.5,B
2021-06-16T10:54:41,100.0,32.45,S
2021-06-16T10:54:37,2300.0,32.5,B
2021-06-16T10:54:36,500.0,32.5,B
2021-06-16T10:54:35,500.0,32.5,B
2021-06-16T10:54:35,600.0,32.5,B
2021-06-16T10:54:18,1000.0,32.5,B
2021-06-16T10:54:16,3600.0,32.45,S
2021-06-16T10:54:14,300.0,32.5,B
2021-06-16T10:54:08,2000.0,32.45,S
2021-06-16T10:54:07,500.0,32.5,B
2021-06-16T10:54:07,300.0,32.5,B
2021-06-16T10:54:07,800.0,32.5,B
2021-06-16T10:54:07,2900.0,32.5,B
2021-06-16T10:54:07,3000.0,32.5,B
2021-06-16T10:54:00,400.0,32.5,B
2021-06-16T10:53:58,4800.0,32.5,B
2021-06-16T10:53:58,15200.0,32.5,B
2021-06-16T10:53:53,500.0,32.5,B
2021-06-16T10:53:52,5000.0,32.5,B
2021-06-16T10:53:52,9500.0,32.45,S
2021-06-16T10:53:52,200.0,32.45,S
2021-06-16T10:53:51,300.0,32.45,S
2021-06-16T10:53:49,2000.0,32.5,B
2021-06-16T10:53:46,9500.0,32.5,B
2021-06-16T10:53:43,500.0,32.5,B
2021-06-16T10:53:43,2000.0,32.5,B
2021-06-16T10:53:41,5000.0,32.5,B
2021-06-16T10:53:40,800.0,32.5,B
2021-06-16T10:53:39,500.0,32.5,B
2021-06-16T10:53:36,200.0,32.5,B
2021-06-16T10:53:34,1000.0,32.5,B
2021-06-16T10:53:28,4000.0,32.5,B
2021-06-16T10:53:26,300.0,32.5,B
2021-06-16T10:53:25,500.0,32.5,B
2021-06-16T10:53:22,100.0,32.5,B
2021-06-16T10:53:19,2000.0,32.5,B
2021-06-16T10:53:16,4800.0,32.5,B
2021-06-16T10:53:16,200.0,32.5,B
2021-06-16T10:53:16,1100.0,32.5,B
2021-06-16T10:53:15,500.0,32.5,B
2021-06-16T10:53:12,500.0,32.5,B
2021-06-16T10:53:09,1500.0,32.5,B
2021-06-16T10:53:03,5000.0,32.5,B
2021-06-16T10:53:02,100.0,32.5,B
2021-06-16T10:53:01,400.0,32.5,B
2021-06-16T10:52:59,1000.0,32.5,B
2021-06-16T10:52:59,1000.0,32.5,B
2021-06-16T10:52:59,3200.0,32.5,B
2021-06-16T10:52:58,2800.0,32.5,B
2021-06-16T10:52:52,600.0,32.5,B
2021-06-16T10:52:48,100.0,32.5,B
2021-06-16T10:52:47,5000.0,32.5,B
2021-06-16T10:52:46,100.0,32.5,B
2021-06-16T10:52:44,200.0,32.5,B
2021-06-16T10:52:42,100.0,32.5,B
2021-06-16T10:52:39,600.0,32.5,B
2021-06-16T10:52:39,700.0,32.5,B
2021-06-16T10:52:38,700.0,32.5,B
2021-06-16T10:52:29,300.0,32.5,B
2021-06-16T10:52:29,600.0,32.5,B
2021-06-16T10:52:29,100.0,32.5,B
2021-06-16T10:52:25,2600.0,32.5,B
2021-06-16T10:52:25,100.0,32.5,B
2021-06-16T10:52:15,1000.0,32.5,B
2021-06-16T10:52:14,2000.0,32.45,S
2021-06-16T10:52:13,3000.0,32.5,B
2021-06-16T10:52:12,1100.0,32.5,B
2021-06-16T10:52:12,700.0,32.5,B
2021-06-16T10:52:12,2700.0,32.5,B
2021-06-16T10:52:12,200.0,32.5,B
2021-06-16T10:52:11,20300.0,32.5,B
2021-06-16T10:52:10,3000.0,32.5,B
2021-06-16T10:52:05,500.0,32.5,B
2021-06-16T10:52:02,100.0,32.5,B
2021-06-16T10:52:00,1500.0,32.5,B
2021-06-16T10:51:51,1700.0,32.5,B
2021-06-16T10:51:51,3100.0,32.5,B
2021-06-16T10:51:51,400.0,32.5,B
2021-06-16T10:51:51,700.0,32.5,B
2021-06-16T10:51:51,100.0,32.5,B
2021-06-16T10:51:51,4000.0,32.5,B
2021-06-16T10:51:48,1200.0,32.5,B
2021-06-16T10:51:48,2200.0,32.5,B
2021-06-16T10:51:48,1000.0,32.5,B
2021-06-16T10:51:48,200.0,32.5,B
2021-06-16T10:51:48,400.0,32.5,B
2021-06-16T10:51:48,200.0,32.5,B
2021-06-16T10:51:47,900.0,32.5,B
2021-06-16T10:51:45,2000.0,32.5,B
2021-06-16T10:51:40,200.0,32.5,B
2021-06-16T10:51:40,1000.0,32.5,B
2021-06-16T10:51:35,5000.0,32.45,S
2021-06-16T10:51:34,600.0,32.5,B
2021-06-16T10:51:33,5000.0,32.5,B
2021-06-16T10:51:32,10000.0,32.5,B
2021-06-16T10:51:28,2000.0,32.5,B
2021-06-16T10:51:25,6600.0,32.5,B
2021-06-16T10:51:24,700.0,32.5,B
2021-06-16T10:51:22,400.0,32.5,B
2021-06-16T10:51:19,300.0,32.5,B
2021-06-16T10:51:18,10000.0,32.5,B
2021-06-16T10:51:12,200.0,32.5,B
2021-06-16T10:51:08,100.0,32.5,B
2021-06-16T10:51:04,400.0,32.5,B
2021-06-16T10:51:04,1000.0,32.5,B
2021-06-16T10:51:02,1000.0,32.5,B
2021-06-16T10:51:01,2600.0,32.5,B
2021-06-16T10:51:00,1000.0,32.5,B
2021-06-16T10:51:00,17100.0,32.5,B
2021-06-16T10:50:57,1300.0,32.5,B
2021-06-16T10:50:55,2800.0,32.45,S
2021-06-16T10:50:52,500.0,32.5,B
2021-06-16T10:50:51,3300.0,32.5,B
2021-06-16T10:50:47,2900.0,32.5,B
2021-06-16T10:50:46,300.0,32.5,B
2021-06-16T10:50:32,500.0,32.5,B
2021-06-16T10:50:27,200.0,32.5,B
2021-06-16T10:50:26,100.0,32.5,B
2021-06-16T10:50:18,100.0,32.5,B
2021-06-16T10:50:14,300.0,32.5,B
2021-06-16T10:50:08,10000.0,32.5,B
2021-06-16T10:50:05,5000.0,32.4,B
2021-06-16T10:50:04,5000.0,32.5,B
2021-06-16T10:50:02,600.0,32.5,B
2021-06-16T10:50:00,200.0,32.5,B
2021-06-16T10:49:49,2000.0,32.4,B
2021-06-16T10:49:49,500.0,32.5,B
2021-06-16T10:49:47,1300.0,32.5,B
2021-06-16T10:49:42,4100.0,32.5,B
2021-06-16T10:49:39,1300.0,32.4,B
2021-06-16T10:49:39,10000.0,32.4,B
2021-06-16T10:49:33,200.0,32.4,B
2021-06-16T10:49:30,1100.0,32.4,B
2021-06-16T10:49:30,3700.0,32.4,B
2021-06-16T10:49:22,500.0,32.5,B
2021-06-16T10:49:16,1600.0,32.4,B
2021-06-16T10:49:13,600.0,32.4,B
2021-06-16T10:49:13,400.0,32.5,B
2021-06-16T10:49:09,33700.0,32.5,B
2021-06-16T10:49:09,8500.0,32.45,B
2021-06-16T10:49:09,2300.0,32.45,B
2021-06-16T10:49:08,5500.0,32.45,B
2021-06-16T10:49:07,1000.0,32.4,B
2021-06-16T10:49:03,500.0,32.4,B
2021-06-16T10:49:01,3200.0,32.4,B
2021-06-16T10:49:01,7800.0,32.4,B
2021-06-16T10:48:56,200.0,32.35,S
2021-06-16T10:48:56,1000.0,32.4,B
2021-06-16T10:48:51,100.0,32.4,B
2021-06-16T10:48:49,300.0,32.4,B
2021-06-16T10:48:47,100.0,32.4,B
2021-06-16T10:48:42,1500.0,32.35,B
2021-06-16T10:48:41,2000.0,32.4,B
2021-06-16T10:48:38,600.0,32.4,B
2021-06-16T10:48:38,400.0,32.4,B
2021-06-16T10:48:38,2000.0,32.4,B
2021-06-16T10:48:38,100.0,32.4,B
2021-06-16T10:48:33,1000.0,32.4,B
2021-06-16T10:48:32,2000.0,32.4,B
2021-06-16T10:48:32,1000.0,32.4,B
2021-06-16T10:48:30,10000.0,32.4,B
2021-06-16T10:48:30,2200.0,32.4,B
2021-06-16T10:48:28,1300.0,32.4,B
2021-06-16T10:48:28,3700.0,32.4,B
2021-06-16T10:48:27,800.0,32.4,B
2021-06-16T10:48:27,800.0,32.4,B
2021-06-16T10:48:27,600.0,32.4,B
2021-06-16T10:48:27,1600.0,32.4,B
2021-06-16T10:48:26,200.0,32.4,B
2021-06-16T10:48:23,2000.0,32.4,B
2021-06-16T10:48:15,14600.0,32.4,B
2021-06-16T10:48:15,5400.0,32.4,B
2021-06-16T10:48:08,300.0,32.4,B
2021-06-16T10:48:08,2700.0,32.4,B
2021-06-16T10:48:03,500.0,32.4,B
2021-06-16T10:48:03,11700.0,32.4,B
2021-06-16T10:47:57,5000.0,32.35,B
2021-06-16T10:47:55,1000.0,32.35,B
2021-06-16T10:47:48,1000.0,32.3,B
2021-06-16T10:47:47,2700.0,32.3,B
2021-06-16T10:47:47,2300.0,32.3,B
2021-06-16T10:47:43,200.0,32.3,B
2021-06-16T10:47:41,200.0,32.3,B
2021-06-16T10:47:37,1000.0,32.35,B
2021-06-16T10:47:34,900.0,32.3,B
2021-06-16T10:47:30,300.0,32.3,B
2021-06-16T10:47:28,100.0,32.3,B
2021-06-16T10:47:28,2000.0,32.3,B
2021-06-16T10:47:28,3900.0,32.3,B
2021-06-16T10:47:28,2000.0,32.3,B
2021-06-16T10:47:28,200.0,32.3,B
2021-06-16T10:47:28,600.0,32.3,B
2021-06-16T10:47:28,2000.0,32.3,B
2021-06-16T10:47:28,5800.0,32.3,B
2021-06-16T10:47:28,1500.0,32.3,B
2021-06-16T10:47:28,4000.0,32.3,B
2021-06-16T10:47:28,300.0,32.3,B
2021-06-16T10:47:28,3500.0,32.3,B
2021-06-16T10:47:28,27700.0,32.3,B
2021-06-16T10:47:28,200.0,32.3,B
2021-06-16T10:47:28,3500.0,32.3,B
2021-06-16T10:47:28,3000.0,32.3,B
2021-06-16T10:47:27,10000.0,32.3,B
2021-06-16T10:47:24,15000.0,32.3,B
2021-06-16T10:47:23,2000.0,32.3,B
2021-06-16T10:47:22,2300.0,32.3,B
2021-06-16T10:47:21,3000.0,32.3,B
2021-06-16T10:47:20,1000.0,32.3,B
2021-06-16T10:47:20,500.0,32.3,B
2021-06-16T10:47:17,300.0,32.3,B
2021-06-16T10:47:16,5500.0,32.3,B
2021-06-16T10:47:14,1000.0,32.3,B
2021-06-16T10:47:12,100.0,32.3,B
2021-06-16T10:47:12,8200.0,32.3,B
2021-06-16T10:47:11,500.0,32.3,B
2021-06-16T10:47:11,5000.0,32.3,B
2021-06-16T10:47:09,100.0,32.3,B
2021-06-16T10:47:08,100.0,32.3,B
2021-06-16T10:47:02,3000.0,32.3,B
2021-06-16T10:47:00,3100.0,32.3,B
2021-06-16T10:46:59,6900.0,32.3,B
2021-06-16T10:46:57,5000.0,32.3,B
2021-06-16T10:46:56,200.0,32.3,B
2021-06-16T10:46:55,600.0,32.3,B
2021-06-16T10:46:53,1000.0,32.3,B
2021-06-16T10:46:51,10000.0,32.3,B
2021-06-16T10:46:51,100.0,32.25,B
2021-06-16T10:46:50,6500.0,32.3,B
2021-06-16T10:46:48,600.0,32.3,B
2021-06-16T10:46:46,2000.0,32.25,B
2021-06-16T10:46:45,5000.0,32.3,B
2021-06-16T10:46:44,8100.0,32.3,B
2021-06-16T10:46:44,200.0,32.3,B
2021-06-16T10:46:44,700.0,32.3,B
2021-06-16T10:46:40,6300.0,32.3,B
2021-06-16T10:46:37,1000.0,32.3,B
2021-06-16T10:46:35,1800.0,32.3,B
2021-06-16T10:46:31,2000.0,32.3,B
2021-06-16T10:46:31,2500.0,32.3,B
2021-06-16T10:46:30,700.0,32.3,B
2021-06-16T10:46:27,200.0,32.2,B
2021-06-16T10:46:23,3000.0,32.3,B
2021-06-16T10:46:12,100.0,32.2,B
2021-06-16T10:46:07,100.0,32.3,B
2021-06-16T10:46:03,10000.0,32.3,B
2021-06-16T10:45:50,3000.0,32.25,B
2021-06-16T10:45:49,100.0,32.2,B
2021-06-16T10:45:45,200.0,32.2,B
2021-06-16T10:45:43,2800.0,32.2,B
2021-06-16T10:45:43,500.0,32.2,B
2021-06-16T10:45:43,600.0,32.2,B
2021-06-16T10:45:43,13300.0,32.2,B
2021-06-16T10:45:41,2700.0,32.2,B
2021-06-16T10:45:38,100.0,32.2,B
2021-06-16T10:45:37,3000.0,32.2,B
2021-06-16T10:45:36,100.0,32.2,B
2021-06-16T10:45:35,2000.0,32.2,B
2021-06-16T10:45:34,300.0,32.2,B
2021-06-16T10:45:27,2200.0,32.2,B
2021-06-16T10:45:27,600.0,32.2,B
2021-06-16T10:45:27,2900.0,32.2,B
2021-06-16T10:45:27,900.0,32.2,B
2021-06-16T10:45:27,1400.0,32.2,B
2021-06-16T10:45:27,100.0,32.2,B
2021-06-16T10:45:24,20000.0,32.2,B
2021-06-16T10:45:24,100.0,32.2,B
2021-06-16T10:45:24,400.0,32.2,B
2021-06-16T10:45:19,20000.0,32.2,B
2021-06-16T10:45:17,5000.0,32.2,B
2021-06-16T10:45:17,200.0,32.2,B
2021-06-16T10:45:15,1000.0,32.2,B
2021-06-16T10:45:14,3000.0,32.2,B
2021-06-16T10:45:01,2000.0,32.2,B
2021-06-16T10:45:01,1500.0,32.2,B
2021-06-16T10:45:01,3300.0,32.2,B
2021-06-16T10:45:01,300.0,32.2,B
2021-06-16T10:45:00,500.0,32.2,B
2021-06-16T10:45:00,2000.0,32.2,B
2021-06-16T10:45:00,1600.0,32.2,B
2021-06-16T10:45:00,800.0,32.2,B
2021-06-16T10:45:00,300.0,32.2,B
2021-06-16T10:44:59,1700.0,32.2,B
2021-06-16T10:44:55,2500.0,32.2,B
2021-06-16T10:44:55,2700.0,32.2,B
2021-06-16T10:44:54,100.0,32.15,B
2021-06-16T10:44:51,600.0,32.2,B
2021-06-16T10:44:51,200.0,32.15,B
2021-06-16T10:44:47,1000.0,32.2,B
2021-06-16T10:44:47,500.0,32.2,B
2021-06-16T10:44:32,5000.0,32.2,B
2021-06-16T10:44:32,300.0,32.15,B
2021-06-16T10:44:31,5000.0,32.15,B
2021-06-16T10:44:29,10000.0,32.15,B
2021-06-16T10:44:28,5000.0,32.1,B
2021-06-16T10:44:24,100.0,32.15,B
2021-06-16T10:44:15,500.0,32.1,B
2021-06-16T10:44:11,100.0,32.1,B
2021-06-16T10:44:10,100.0,32.1,B
2021-06-16T10:44:09,100.0,32.1,B
2021-06-16T10:44:07,600.0,32.1,B
2021-06-16T10:44:05,100.0,32.1,B
2021-06-16T10:43:59,100.0,32.1,B
2021-06-16T10:43:59,3000.0,32.1,B
2021-06-16T10:43:52,100.0,32.05,S
2021-06-16T10:43:47,1200.0,32.1,B
2021-06-16T10:43:47,1500.0,32.1,B
2021-06-16T10:43:47,1500.0,32.1,B
2021-06-16T10:43:47,1100.0,32.1,B
2021-06-16T10:43:45,500.0,32.1,B
2021-06-16T10:43:44,400.0,32.1,B
2021-06-16T10:43:44,100.0,32.1,B
2021-06-16T10:43:43,1000.0,32.1,B
2021-06-16T10:43:43,1000.0,32.05,S
2021-06-16T10:43:42,1000.0,32.1,B
2021-06-16T10:43:42,500.0,32.05,S
2021-06-16T10:43:40,400.0,32.1,B
2021-06-16T10:43:40,1600.0,32.1,B
2021-06-16T10:43:40,500.0,32.05,S
2021-06-16T10:43:36,100.0,32.1,B
2021-06-16T10:43:35,2000.0,32.1,B
2021-06-16T10:43:34,500.0,32.1,B
2021-06-16T10:43:33,400.0,32.1,B
2021-06-16T10:43:32,10000.0,32.1,B
2021-06-16T10:43:29,3000.0,32.05,S
2021-06-16T10:43:25,300.0,32.1,B
2021-06-16T10:43:23,5000.0,32.1,B
2021-06-16T10:43:21,200.0,32.1,B
2021-06-16T10:43:21,100.0,32.1,B
2021-06-16T10:43:21,5000.0,32.1,B
2021-06-16T10:43:15,100.0,32.1,B
2021-06-16T10:43:12,100.0,32.05,S
2021-06-16T10:43:11,200.0,32.1,B
2021-06-16T10:43:08,500.0,32.1,B
2021-06-16T10:43:00,100.0,32.1,B
2021-06-16T10:43:00,1000.0,32.05,S
2021-06-16T10:42:53,500.0,32.1,B
2021-06-16T10:42:47,500.0,32.1,B
2021-06-16T10:42:46,500.0,32.05,S
2021-06-16T10:42:44,5000.0,32.1,B
2021-06-16T10:42:42,5000.0,32.1,B
2021-06-16T10:42:36,2400.0,32.05,S
2021-06-16T10:42:35,1600.0,32.05,S
2021-06-16T10:42:35,200.0,32.05,S
2021-06-16T10:42:32,500.0,32.1,B
2021-06-16T10:42:27,2000.0,32.1,B
2021-06-16T10:42:26,1000.0,32.1,B
2021-06-16T10:42:26,6000.0,32.1,B
2021-06-16T10:42:25,100.0,32.05,S
2021-06-16T10:42:24,100.0,32.1,B
2021-06-16T10:42:17,1500.0,32.1,B
2021-06-16T10:42:17,500.0,32.1,B
2021-06-16T10:42:15,2000.0,32.05,S
2021-06-16T10:42:14,500.0,32.1,B
2021-06-16T10:42:12,4200.0,32.05,S
2021-06-16T10:42:12,5800.0,32.05,S
2021-06-16T10:42:08,400.0,32.1,B
2021-06-16T10:42:08,300.0,32.1,B
2021-06-16T10:42:02,1000.0,32.05,S
2021-06-16T10:41:53,2000.0,32.1,B
2021-06-16T10:41:51,1300.0,32.05,S
2021-06-16T10:41:51,1000.0,32.05,S
2021-06-16T10:41:40,2000.0,32.1,B
2021-06-16T10:41:37,100.0,32.1,B
2021-06-16T10:41:27,1100.0,32.05,S
2021-06-16T10:41:26,1800.0,32.05,S
2021-06-16T10:41:26,1300.0,32.05,S
2021-06-16T10:41:20,600.0,32.05,S
2021-06-16T10:41:20,3000.0,32.1,B
2021-06-16T10:41:18,300.0,32.1,B
2021-06-16T10:41:03,2000.0,32.1,B
2021-06-16T10:41:00,200.0,32.1,B
2021-06-16T10:41:00,100.0,32.05,B
2021-06-16T10:40:58,200.0,32.05,B
2021-06-16T10:40:45,300.0,32.05,B
2021-06-16T10:40:44,100.0,32.05,B
2021-06-16T10:40:43,2000.0,32.05,B
2021-06-16T10:40:39,4000.0,32.05,B
2021-06-16T10:40:37,500.0,32.05,B
2021-06-16T10:40:36,2000.0,32.05,B
2021-06-16T10:40:36,600.0,32.05,B
2021-06-16T10:40:35,1000.0,32.05,B
2021-06-16T10:40:32,500.0,32.05,B
2021-06-16T10:40:31,100.0,32.05,B
2021-06-16T10:40:28,1500.0,32.05,B
2021-06-16T10:40:23,100.0,32.05,B
2021-06-16T10:40:20,2000.0,32.05,B
2021-06-16T10:40:18,500.0,32.05,B
2021-06-16T10:40:12,100.0,32.05,B
2021-06-16T10:40:08,500.0,32.05,B
2021-06-16T10:40:08,2600.0,32.05,B
2021-06-16T10:40:08,100.0,32.05,B
2021-06-16T10:40:07,300.0,32.05,B
2021-06-16T10:39:59,1100.0,32.05,B
2021-06-16T10:39:59,500.0,32.05,B
2021-06-16T10:39:59,1000.0,32.0,S
2021-06-16T10:39:58,400.0,32.0,S
2021-06-16T10:39:51,500.0,32.05,B
2021-06-16T10:39:50,1600.0,32.0,S
2021-06-16T10:39:49,3000.0,32.0,S
2021-06-16T10:39:48,700.0,32.0,S
2021-06-16T10:39:45,5000.0,32.05,B
2021-06-16T10:39:35,7000.0,32.05,B
2021-06-16T10:39:35,1000.0,32.0,S
2021-06-16T10:39:30,300.0,32.0,S
2021-06-16T10:39:27,100.0,32.05,B
2021-06-16T10:39:26,500.0,32.05,B
2021-06-16T10:39:23,300.0,32.0,S
2021-06-16T10:39:22,400.0,32.0,S
2021-06-16T10:39:18,1000.0,32.0,S
2021-06-16T10:39:14,100.0,32.05,B
2021-06-16T10:39:12,2000.0,32.05,B
2021-06-16T10:39:12,3000.0,32.05,B
2021-06-16T10:39:09,200.0,32.0,S
2021-06-16T10:39:08,1000.0,32.0,S
2021-06-16T10:39:06,300.0,32.0,S
2021-06-16T10:39:03,400.0,32.0,S
2021-06-16T10:39:02,600.0,32.0,S
2021-06-16T10:39:00,100.0,32.0,S
2021-06-16T10:38:59,17400.0,32.0,S
2021-06-16T10:38:59,9600.0,32.0,S
2021-06-16T10:38:54,900.0,32.0,S
2021-06-16T10:38:54,8800.0,32.0,S
2021-06-16T10:38:54,300.0,32.0,S
2021-06-16T10:38:53,2000.0,32.05,B
2021-06-16T10:38:49,100.0,32.0,S
2021-06-16T10:38:48,500.0,32.05,S
2021-06-16T10:38:46,1000.0,32.0,S
2021-06-16T10:38:45,100.0,32.05,S
2021-06-16T10:38:38,200.0,32.05,S
2021-06-16T10:38:28,4000.0,32.0,S
2021-06-16T10:38:19,2000.0,32.05,S
2021-06-16T10:38:13,200.0,32.0,S
2021-06-16T10:38:13,800.0,32.05,S
2021-06-16T10:38:13,1000.0,32.0,S
2021-06-16T10:38:09,1600.0,32.0,S
2021-06-16T10:38:08,500.0,32.0,S
2021-06-16T10:38:06,500.0,32.05,S
2021-06-16T10:37:59,100.0,32.0,S
2021-06-16T10:37:56,1200.0,32.0,S
2021-06-16T10:37:56,1000.0,32.0,S
2021-06-16T10:37:56,2800.0,32.0,S
2021-06-16T10:37:54,1000.0,32.05,S
2021-06-16T10:37:46,200.0,32.0,S
2021-06-16T10:37:42,6600.0,32.05,S
2021-06-16T10:37:42,200.0,32.05,S
2021-06-16T10:37:37,500.0,32.05,S
2021-06-16T10:37:33,1000.0,32.05,S
2021-06-16T10:37:29,1000.0,32.05,B
2021-06-16T10:37:23,700.0,32.05,B
2021-06-16T10:37:21,500.0,32.05,B
2021-06-16T10:37:21,800.0,32.05,B
2021-06-16T10:37:20,1400.0,32.05,B
2021-06-16T10:37:20,500.0,32.05,B
2021-06-16T10:37:19,9000.0,31.95,S
2021-06-16T10:37:18,5000.0,31.95,S
2021-06-16T10:37:15,100.0,32.05,B
2021-06-16T10:37:12,1000.0,32.0,S
2021-06-16T10:37:10,500.0,32.05,B
2021-06-16T10:37:09,5000.0,32.0,S
2021-06-16T10:37:08,500.0,32.0,S
2021-06-16T10:37:05,400.0,32.0,S
2021-06-16T10:37:04,200.0,32.05,B
2021-06-16T10:37:03,200.0,32.0,S
2021-06-16T10:37:01,500.0,32.0,S
2021-06-16T10:37:01,15300.0,32.0,S
2021-06-16T10:36:52,1000.0,32.0,S
2021-06-16T10:36:48,100.0,32.05,B
2021-06-16T10:36:45,6000.0,32.0,S
2021-06-16T10:36:44,11000.0,32.0,S
2021-06-16T10:36:42,300.0,32.0,S
2021-06-16T10:36:39,1000.0,32.0,S
2021-06-16T10:36:36,500.0,32.05,B
2021-06-16T10:36:32,100.0,32.0,S
2021-06-16T10:36:32,2100.0,32.0,S
2021-06-16T10:36:31,10500.0,32.0,S
2021-06-16T10:36:30,1000.0,32.0,S
2021-06-16T10:36:30,1000.0,32.0,S
2021-06-16T10:36:29,100.0,32.0,S
2021-06-16T10:36:20,100.0,32.0,S
2021-06-16T10:36:19,100.0,32.0,S
2021-06-16T10:36:15,1600.0,32.0,S
2021-06-16T10:36:12,100.0,32.0,S
2021-06-16T10:36:09,100.0,32.05,S
2021-06-16T10:36:03,1500.0,32.0,S
2021-06-16T10:36:01,2000.0,32.0,S
2021-06-16T10:36:01,400.0,32.0,S
2021-06-16T10:35:53,100.0,32.0,S
2021-06-16T10:35:53,6000.0,32.0,S
2021-06-16T10:35:50,100.0,32.0,S
2021-06-16T10:35:50,500.0,32.0,S
2021-06-16T10:35:48,1000.0,32.0,S
2021-06-16T10:35:46,200.0,32.0,S
2021-06-16T10:35:40,200.0,32.0,S
2021-06-16T10:35:40,1000.0,32.0,S
2021-06-16T10:35:38,100.0,32.0,S
2021-06-16T10:35:38,11700.0,32.0,S
2021-06-16T10:35:38,5000.0,32.0,S
2021-06-16T10:35:38,16000.0,32.0,S
2021-06-16T10:35:38,2500.0,32.0,S
2021-06-16T10:35:38,2700.0,32.0,S
2021-06-16T10:35:38,2200.0,32.0,S
2021-06-16T10:35:38,10900.0,32.0,S
2021-06-16T10:35:38,500.0,32.0,S
2021-06-16T10:35:37,3000.0,32.0,S
2021-06-16T10:35:37,4000.0,32.0,S
2021-06-16T10:35:37,6700.0,32.0,S
2021-06-16T10:35:37,25300.0,32.0,S
2021-06-16T10:35:33,100.0,31.95,S
2021-06-16T10:35:31,200.0,32.0,S
2021-06-16T10:35:27,200.0,32.0,S
2021-06-16T10:35:25,400.0,32.0,S
2021-06-16T10:35:22,500.0,32.0,S
2021-06-16T10:35:22,900.0,32.0,S
2021-06-16T10:35:20,600.0,32.0,S
2021-06-16T10:35:19,1000.0,32.0,S
2021-06-16T10:35:19,100.0,32.0,S
2021-06-16T10:35:13,1500.0,32.0,S
2021-06-16T10:35:09,1600.0,32.0,S
2021-06-16T10:35:07,5000.0,31.9,S
2021-06-16T10:35:04,1400.0,32.0,S
2021-06-16T10:35:03,600.0,32.0,S
2021-06-16T10:34:52,1800.0,32.0,S
2021-06-16T10:34:43,1000.0,32.0,S
2021-06-16T10:34:42,200.0,32.0,S
2021-06-16T10:34:34,8500.0,31.95,S
2021-06-16T10:34:34,1500.0,31.95,S
2021-06-16T10:34:34,200.0,32.0,S
2021-06-16T10:34:20,100.0,32.0,S
2021-06-16T10:34:18,1000.0,32.0,S
2021-06-16T10:34:16,3000.0,32.0,S
2021-06-16T10:34:15,5000.0,32.0,S
2021-06-16T10:34:13,200.0,32.0,S
2021-06-16T10:34:13,100.0,32.0,S
2021-06-16T10:34:12,5000.0,32.0,S
2021-06-16T10:34:08,2000.0,32.0,S
2021-06-16T10:34:02,14800.0,32.0,S
2021-06-16T10:33:59,1500.0,32.0,S
2021-06-16T10:33:59,600.0,32.0,S
2021-06-16T10:33:53,500.0,32.1,B
2021-06-16T10:33:51,1400.0,32.0,S
2021-06-16T10:33:50,1000.0,32.0,S
2021-06-16T10:33:43,5500.0,32.0,S
2021-06-16T10:33:43,1000.0,32.0,S
2021-06-16T10:33:41,100.0,32.0,S
2021-06-16T10:33:38,200.0,32.0,S
2021-06-16T10:33:35,2000.0,32.0,S
2021-06-16T10:33:34,100.0,32.0,S
2021-06-16T10:33:32,3800.0,32.0,S
2021-06-16T10:33:32,3200.0,32.0,S
2021-06-16T10:33:32,900.0,32.0,S
2021-06-16T10:33:25,200.0,32.1,S
2021-06-16T10:33:20,200.0,32.0,S
2021-06-16T10:33:20,1800.0,32.0,S
2021-06-16T10:33:19,5200.0,32.0,S
2021-06-16T10:33:19,7900.0,32.0,S
2021-06-16T10:33:19,3500.0,32.0,S
2021-06-16T10:33:19,500.0,32.0,S
2021-06-16T10:33:19,2900.0,32.0,S
2021-06-16T10:33:17,2000.0,32.0,S
2021-06-16T10:33:16,2000.0,32.0,S
2021-06-16T10:33:15,4000.0,32.0,S
2021-06-16T10:33:14,2000.0,32.0,S
2021-06-16T10:33:12,4300.0,32.1,S
2021-06-16T10:33:12,1000.0,32.0,S
2021-06-16T10:33:10,1000.0,32.0,S
2021-06-16T10:33:10,1000.0,32.0,S
2021-06-16T10:33:07,100.0,32.0,S
2021-06-16T10:33:05,100.0,32.0,S
2021-06-16T10:32:40,700.0,32.0,S
2021-06-16T10:32:37,100.0,32.0,S
2021-06-16T10:32:30,400.0,32.1,S
2021-06-16T10:32:30,500.0,32.1,S
2021-06-16T10:32:30,1100.0,32.1,S
2021-06-16T10:32:30,1000.0,32.0,S
2021-06-16T10:32:20,3000.0,32.1,S
2021-06-16T10:32:13,8900.0,32.0,S
2021-06-16T10:32:13,200.0,32.0,S
2021-06-16T10:32:13,800.0,32.0,S
2021-06-16T10:32:13,20100.0,32.0,S
2021-06-16T10:32:13,500.0,32.1,S
2021-06-16T10:32:13,100.0,32.0,S
2021-06-16T10:32:09,300.0,32.0,S
2021-06-16T10:32:07,2100.0,32.1,S
2021-06-16T10:32:07,900.0,32.1,S
2021-06-16T10:32:05,4000.0,32.1,S
2021-06-16T10:31:59,100.0,32.0,S
2021-06-16T10:31:57,600.0,32.0,S
2021-06-16T10:31:57,400.0,32.0,S
2021-06-16T10:31:57,3700.0,32.0,S
2021-06-16T10:31:57,8000.0,32.0,S
2021-06-16T10:31:56,200.0,32.0,S
2021-06-16T10:31:56,3000.0,32.0,S
2021-06-16T10:31:56,1500.0,32.0,S
2021-06-16T10:31:56,100.0,32.0,S
2021-06-16T10:31:56,1100.0,32.0,S
2021-06-16T10:31:56,400.0,32.0,S
2021-06-16T10:31:56,200.0,32.0,S
2021-06-16T10:31:56,1200.0,32.0,S
2021-06-16T10:31:56,1100.0,32.0,S
2021-06-16T10:31:56,3000.0,32.0,S
2021-06-16T10:31:56,5500.0,32.0,S
2021-06-16T10:31:49,10000.0,32.1,S
2021-06-16T10:31:45,700.0,32.0,S
2021-06-16T10:31:45,3800.0,32.0,S
2021-06-16T10:31:45,2600.0,32.0,S
2021-06-16T10:31:45,2500.0,32.0,S
2021-06-16T10:31:45,2000.0,32.0,S
2021-06-16T10:31:45,5900.0,32.0,S
2021-06-16T10:31:45,200.0,32.0,S
2021-06-16T10:31:45,2200.0,32.0,S
2021-06-16T10:31:43,1000.0,32.0,S
2021-06-16T10:31:41,100.0,32.0,S
2021-06-16T10:31:41,300.0,32.0,S
2021-06-16T10:31:36,2700.0,32.0,S
2021-06-16T10:31:36,300.0,32.0,S
2021-06-16T10:31:34,200.0,32.0,S
2021-06-16T10:31:32,1000.0,32.0,S
2021-06-16T10:31:31,300.0,32.0,S
2021-06-16T10:31:28,1500.0,32.0,S
2021-06-16T10:31:28,4500.0,32.0,S
2021-06-16T10:31:25,20000.0,32.0,S
2021-06-16T10:31:23,800.0,32.1,S
2021-06-16T10:31:20,9800.0,32.0,S
2021-06-16T10:31:20,200.0,32.0,S
2021-06-16T10:31:19,3100.0,32.0,S
2021-06-16T10:31:00,500.0,32.1,S
2021-06-16T10:30:59,10000.0,32.1,S
2021-06-16T10:30:57,100.0,32.0,S
2021-06-16T10:30:55,3200.0,32.1,S
2021-06-16T10:30:55,500.0,32.1,S
2021-06-16T10:30:46,400.0,32.0,S
2021-06-16T10:30:43,2500.0,32.0,S
2021-06-16T10:30:43,3500.0,32.0,S
2021-06-16T10:30:39,200.0,32.1,S
2021-06-16T10:30:38,200.0,32.1,S
2021-06-16T10:30:33,3000.0,32.1,S
2021-06-16T10:30:31,4500.0,32.0,S
2021-06-16T10:30:28,800.0,32.0,S
2021-06-16T10:30:27,5000.0,32.0,S
2021-06-16T10:30:19,200.0,32.0,S
2021-06-16T10:30:17,1500.0,32.15,S
2021-06-16T10:30:17,500.0,32.1,S
2021-06-16T10:30:16,18100.0,32.1,S
2021-06-16T10:30:16,500.0,32.0,S
2021-06-16T10:30:14,500.0,32.1,S
2021-06-16T10:30:11,1100.0,32.1,S
2021-06-16T10:30:11,5100.0,32.0,S
2021-06-16T10:30:11,1700.0,32.0,S
2021-06-16T10:30:04,2600.0,32.1,S
2021-06-16T10:30:01,3000.0,32.05,S
2021-06-16T10:29:54,100.0,32.1,S
2021-06-16T10:29:50,6000.0,32.1,S
2021-06-16T10:29:44,100.0,32.1,S
2021-06-16T10:29:41,100.0,32.05,S
2021-06-16T10:29:41,1000.0,32.0,S
2021-06-16T10:29:39,10000.0,32.05,S
2021-06-16T10:29:37,500.0,32.1,S
2021-06-16T10:29:32,700.0,32.1,S
2021-06-16T10:29:27,5000.0,32.05,S
2021-06-16T10:29:24,2000.0,32.1,S
2021-06-16T10:29:23,500.0,32.1,S
2021-06-16T10:29:22,1000.0,32.1,S
2021-06-16T10:29:22,100.0,32.05,S
2021-06-16T10:29:20,1000.0,32.1,S
2021-06-16T10:29:13,100.0,32.1,S
2021-06-16T10:29:12,200.0,32.1,S
2021-06-16T10:29:06,500.0,32.1,S
2021-06-16T10:29:05,5000.0,32.1,S
2021-06-16T10:29:05,300.0,32.1,S
2021-06-16T10:29:02,1000.0,32.1,S
2021-06-16T10:28:52,500.0,32.05,S
2021-06-16T10:28:48,900.0,32.1,S
2021-06-16T10:28:42,500.0,32.05,S
2021-06-16T10:28:30,300.0,32.1,S
2021-06-16T10:28:29,100.0,32.1,S
2021-06-16T10:28:27,600.0,32.05,S
2021-06-16T10:28:26,500.0,32.05,S
2021-06-16T10:28:26,500.0,32.1,S
2021-06-16T10:28:26,500.0,32.1,S
2021-06-16T10:28:25,100.0,32.1,S
2021-06-16T10:28:17,10000.0,32.2,B
2021-06-16T10:28:17,200.0,32.15,S
2021-06-16T10:28:17,100.0,32.15,S
2021-06-16T10:28:14,1000.0,32.1,S
2021-06-16T10:28:11,1500.0,32.15,S
2021-06-16T10:28:09,2700.0,32.15,S
2021-06-16T10:28:07,400.0,32.1,S
2021-06-16T10:27:56,500.0,32.1,S
2021-06-16T10:27:55,100.0,32.2,B
2021-06-16T10:27:52,1000.0,32.1,S
2021-06-16T10:27:47,4300.0,32.05,S
2021-06-16T10:27:47,500.0,32.1,S
2021-06-16T10:27:47,600.0,32.1,S
2021-06-16T10:27:46,9600.0,32.1,S
2021-06-16T10:27:45,500.0,32.2,B
2021-06-16T10:27:44,100.0,32.1,S
2021-06-16T10:27:43,300.0,32.2,B
2021-06-16T10:27:33,2000.0,32.1,S
2021-06-16T10:27:27,1000.0,32.1,S
2021-06-16T10:27:21,500.0,32.1,S
2021-06-16T10:27:18,300.0,32.15,S
2021-06-16T10:27:11,100.0,32.2,B
2021-06-16T10:27:10,100.0,32.2,B
2021-06-16T10:27:10,1500.0,32.2,B
2021-06-16T10:27:04,1000.0,32.1,S
2021-06-16T10:27:01,100.0,32.1,S
2021-06-16T10:26:54,2000.0,32.1,S
2021-06-16T10:26:52,200.0,32.1,S
2021-06-16T10:26:48,500.0,32.1,S
2021-06-16T10:26:47,500.0,32.1,S
2021-06-16T10:26:47,400.0,32.2,B
2021-06-16T10:26:41,500.0,32.1,S
2021-06-16T10:26:40,1000.0,32.2,B
2021-06-16T10:26:39,1300.0,32.2,B
2021-06-16T10:26:39,100.0,32.1,S
2021-06-16T10:26:35,700.0,32.2,B
2021-06-16T10:26:34,1000.0,32.1,S
2021-06-16T10:26:27,300.0,32.1,S
2021-06-16T10:26:24,200.0,32.1,S
2021-06-16T10:26:22,600.0,32.1,S
2021-06-16T10:26:19,1400.0,32.1,S
2021-06-16T10:26:11,400.0,32.1,S
2021-06-16T10:26:08,10000.0,32.2,B
2021-06-16T10:26:07,100.0,32.1,S
2021-06-16T10:26:06,3800.0,32.2,B
2021-06-16T10:26:05,6200.0,32.2,B
2021-06-16T10:26:00,3400.0,32.2,B
2021-06-16T10:25:56,400.0,32.2,B
2021-06-16T10:25:45,2000.0,32.2,B
2021-06-16T10:25:36,100.0,32.1,S
2021-06-16T10:25:36,800.0,32.1,S
2021-06-16T10:25:34,2000.0,32.1,S
2021-06-16T10:25:17,9000.0,32.2,B
2021-06-16T10:25:17,500.0,32.1,S
2021-06-16T10:25:16,200.0,32.1,S
2021-06-16T10:25:15,500.0,32.2,B
2021-06-16T10:25:10,2000.0,32.2,B
2021-06-16T10:24:57,200.0,32.2,B
2021-06-16T10:24:57,500.0,32.1,S
2021-06-16T10:24:55,100.0,32.2,B
2021-06-16T10:24:55,400.0,32.1,S
2021-06-16T10:24:52,500.0,32.1,S
2021-06-16T10:24:52,2500.0,32.1,S
2021-06-16T10:24:52,500.0,32.1,S
2021-06-16T10:24:46,200.0,32.1,S
2021-06-16T10:24:46,300.0,32.1,S
2021-06-16T10:24:37,700.0,32.05,S
2021-06-16T10:24:35,800.0,32.2,B
2021-06-16T10:24:22,100.0,32.0,S
2021-06-16T10:24:21,300.0,32.0,S
2021-06-16T10:24:20,200.0,32.0,S
2021-06-16T10:24:19,500.0,32.0,S
2021-06-16T10:24:17,200.0,32.0,S
2021-06-16T10:24:17,3700.0,32.0,S
2021-06-16T10:24:17,600.0,32.0,S
2021-06-16T10:24:11,200.0,32.0,S
2021-06-16T10:23:59,500.0,32.2,S
2021-06-16T10:23:53,10000.0,32.2,S
2021-06-16T10:23:39,200.0,32.0,S
2021-06-16T10:23:38,100.0,32.05,S
2021-06-16T10:23:37,3000.0,32.0,S
2021-06-16T10:23:37,2000.0,32.0,S
2021-06-16T10:23:37,3800.0,32.0,S
2021-06-16T10:23:37,600.0,32.0,S
2021-06-16T10:23:36,600.0,32.0,S
2021-06-16T10:23:29,300.0,32.0,S
2021-06-16T10:23:28,300.0,32.0,S
2021-06-16T10:23:28,200.0,32.0,S
2021-06-16T10:23:28,5000.0,32.0,S
2021-06-16T10:23:25,500.0,32.1,S
2021-06-16T10:23:06,2000.0,32.0,S
2021-06-16T10:23:02,100.0,32.1,S
2021-06-16T10:22:57,3700.0,32.0,S
2021-06-16T10:22:57,3100.0,32.0,S
2021-06-16T10:22:57,300.0,32.0,S
2021-06-16T10:22:57,2900.0,32.0,S
2021-06-16T10:22:52,1000.0,32.15,S
2021-06-16T10:22:52,100.0,32.2,S
2021-06-16T10:22:43,1100.0,32.1,S
2021-06-16T10:22:41,500.0,32.0,S
2021-06-16T10:22:36,3000.0,32.0,S
2021-06-16T10:22:35,500.0,32.05,S
2021-06-16T10:22:33,300.0,32.05,S
2021-06-16T10:22:33,100.0,32.05,S
2021-06-16T10:22:24,100.0,32.0,S
2021-06-16T10:22:19,600.0,32.0,S
2021-06-16T10:22:15,100.0,32.2,S
2021-06-16T10:22:10,1000.0,32.2,S
2021-06-16T10:22:00,1000.0,32.0,S
2021-06-16T10:21:57,1000.0,32.2,S
2021-06-16T10:21:54,1500.0,32.2,S
2021-06-16T10:21:52,1200.0,32.0,S
2021-06-16T10:21:51,600.0,32.0,S
2021-06-16T10:21:51,1500.0,32.0,S
2021-06-16T10:21:51,1200.0,32.0,S
2021-06-16T10:21:51,1300.0,32.0,S
2021-06-16T10:21:51,1500.0,32.0,S
2021-06-16T10:21:51,2100.0,32.0,S
2021-06-16T10:21:51,600.0,32.0,S
2021-06-16T10:21:44,1000.0,32.0,S
2021-06-16T10:21:42,1000.0,32.0,S
2021-06-16T10:21:42,2000.0,32.05,S
2021-06-16T10:21:41,1000.0,32.2,S
2021-06-16T10:21:31,900.0,32.0,S
2021-06-16T10:21:31,2300.0,32.0,S
2021-06-16T10:21:31,600.0,32.0,S
2021-06-16T10:21:31,700.0,32.0,S
2021-06-16T10:21:31,1300.0,32.0,S
2021-06-16T10:21:31,4200.0,32.0,S
2021-06-16T10:21:23,500.0,32.2,S
2021-06-16T10:21:22,3000.0,32.2,S
2021-06-16T10:21:22,100.0,32.1,S
2021-06-16T10:21:18,3000.0,32.0,S
2021-06-16T10:21:16,200.0,32.1,S
2021-06-16T10:21:06,500.0,32.1,S
2021-06-16T10:21:03,100.0,32.2,S
2021-06-16T10:20:56,4700.0,32.3,S
2021-06-16T10:20:44,100.0,32.2,S
2021-06-16T10:20:44,4100.0,32.25,S
2021-06-16T10:20:42,5000.0,32.3,S
2021-06-16T10:20:38,4900.0,32.25,S
2021-06-16T10:20:38,1000.0,32.2,S
2021-06-16T10:20:37,500.0,32.2,S
2021-06-16T10:20:31,1000.0,32.2,S
2021-06-16T10:20:26,100.0,32.0,S
2021-06-16T10:20:25,500.0,32.2,S
2021-06-16T10:20:23,8000.0,32.0,S
2021-06-16T10:20:16,100.0,32.2,S
2021-06-16T10:20:16,1800.0,32.2,S
2021-06-16T10:20:16,2900.0,32.2,S
2021-06-16T10:19:48,500.0,32.2,S
2021-06-16T10:19:42,600.0,32.2,S
2021-06-16T10:19:42,400.0,32.2,S
2021-06-16T10:19:41,400.0,32.25,S
2021-06-16T10:19:41,1000.0,32.2,S
2021-06-16T10:19:35,1800.0,32.2,S
2021-06-16T10:19:33,500.0,32.25,S
2021-06-16T10:19:29,100.0,32.2,S
2021-06-16T10:19:27,100.0,32.25,S
2021-06-16T10:19:26,1000.0,32.2,S
2021-06-16T10:19:14,100.0,32.3,S
2021-06-16T10:19:13,1000.0,32.2,S
2021-06-16T10:19:13,1500.0,32.3,S
2021-06-16T10:19:01,200.0,32.25,S
2021-06-16T10:18:53,1000.0,32.3,S
2021-06-16T10:18:45,100.0,32.3,S
2021-06-16T10:18:41,1000.0,32.2,S
2021-06-16T10:18:41,100.0,32.0,S
2021-06-16T10:18:37,400.0,32.0,S
2021-06-16T10:18:37,300.0,32.0,S
2021-06-16T10:18:36,1700.0,32.0,S
2021-06-16T10:18:22,1300.0,32.3,S
2021-06-16T10:18:19,3000.0,32.3,S
2021-06-16T10:18:14,2000.0,32.3,S
2021-06-16T10:18:09,100.0,32.0,S
2021-06-16T10:18:09,3600.0,32.0,S
2021-06-16T10:18:09,2100.0,32.0,S
2021-06-16T10:18:09,10000.0,32.0,S
2021-06-16T10:18:09,700.0,32.0,S
2021-06-16T10:18:09,1000.0,32.0,S
2021-06-16T10:18:09,8000.0,32.0,S
2021-06-16T10:18:09,1100.0,32.0,S
2021-06-16T10:18:09,1300.0,32.0,S
2021-06-16T10:18:09,1100.0,32.0,S
2021-06-16T10:18:09,6600.0,32.0,S
2021-06-16T10:18:08,2000.0,32.0,S
2021-06-16T10:18:08,7500.0,32.0,S
2021-06-16T10:18:00,500.0,32.3,S
2021-06-16T10:17:49,1000.0,32.3,S
2021-06-16T10:17:48,200.0,32.25,S
2021-06-16T10:17:41,1000.0,32.3,S
2021-06-16T10:17:40,5700.0,32.0,S
2021-06-16T10:17:40,1200.0,32.0,S
2021-06-16T10:17:40,7100.0,32.1,S
2021-06-16T10:17:40,1000.0,32.1,S
2021-06-16T10:17:40,11100.0,32.1,S
2021-06-16T10:17:40,2000.0,32.1,S
2021-06-16T10:17:40,2400.0,32.1,S
2021-06-16T10:17:40,300.0,32.1,S
2021-06-16T10:17:40,19200.0,32.1,S
2021-06-16T10:17:33,1700.0,32.2,S
2021-06-16T10:17:33,1400.0,32.2,S
2021-06-16T10:17:33,100.0,32.2,S
2021-06-16T10:17:33,300.0,32.2,S
2021-06-16T10:17:32,27200.0,32.2,S
2021-06-16T10:17:32,1100.0,32.2,S
2021-06-16T10:17:32,12700.0,32.2,S
2021-06-16T10:17:32,600.0,32.2,S
2021-06-16T10:17:32,4300.0,32.2,S
2021-06-16T10:17:20,2000.0,32.3,S
2021-06-16T10:17:20,100.0,32.2,S
2021-06-16T10:17:19,100.0,32.3,S
2021-06-16T10:17:15,2500.0,32.3,S
2021-06-16T10:17:08,5000.0,32.2,S
2021-06-16T10:17:01,100.0,32.25,S
2021-06-16T10:16:58,500.0,32.25,S
2021-06-16T10:16:50,100.0,32.3,S
2021-06-16T10:16:46,500.0,32.2,S
2021-06-16T10:16:45,1000.0,32.3,S
2021-06-16T10:16:43,200.0,32.3,S
2021-06-16T10:16:35,1000.0,32.3,S
2021-06-16T10:16:33,100.0,32.3,S
2021-06-16T10:16:30,10200.0,32.3,S
2021-06-16T10:16:30,1800.0,32.2,S
2021-06-16T10:16:24,300.0,32.25,S
2021-06-16T10:16:09,100.0,32.3,S
2021-06-16T10:16:06,1500.0,32.25,S
2021-06-16T10:16:01,100.0,32.3,S
2021-06-16T10:16:01,3000.0,32.25,S
2021-06-16T10:15:46,3000.0,32.3,S
2021-06-16T10:15:41,100.0,32.3,S
2021-06-16T10:15:37,400.0,32.25,S
2021-06-16T10:15:36,200.0,32.3,S
2021-06-16T10:15:30,300.0,32.3,S
2021-06-16T10:15:29,6800.0,32.3,S
2021-06-16T10:15:28,100.0,32.3,S
2021-06-16T10:15:28,200.0,32.3,S
2021-06-16T10:15:28,300.0,32.3,S
2021-06-16T10:15:28,200.0,32.3,S
2021-06-16T10:15:28,1500.0,32.3,S
2021-06-16T10:15:28,500.0,32.3,S
2021-06-16T10:15:28,7100.0,32.3,S
2021-06-16T10:15:27,2000.0,32.3,S
2021-06-16T10:15:26,1000.0,32.3,S
2021-06-16T10:15:19,700.0,32.3,S
2021-06-16T10:15:17,3000.0,32.3,S
2021-06-16T10:15:11,1000.0,32.4,B
2021-06-16T10:15:10,1200.0,32.3,S
2021-06-16T10:14:47,100.0,32.4,B
2021-06-16T10:14:43,500.0,32.4,B
2021-06-16T10:14:39,1000.0,32.4,B
2021-06-16T10:14:34,2000.0,32.4,B
2021-06-16T10:14:30,300.0,32.35,S
2021-06-16T10:14:15,200.0,32.35,S
2021-06-16T10:14:03,500.0,32.3,S
2021-06-16T10:14:03,600.0,32.3,S
2021-06-16T10:14:03,1100.0,32.3,S
2021-06-16T10:14:03,8300.0,32.3,S
2021-06-16T10:14:00,4000.0,32.35,S
2021-06-16T10:13:58,800.0,32.35,S
2021-06-16T10:13:41,500.0,32.4,S
2021-06-16T10:13:40,1000.0,32.35,S
2021-06-16T10:13:36,200.0,32.35,S
2021-06-16T10:13:36,4000.0,32.35,S
2021-06-16T10:13:31,100.0,32.35,S
2021-06-16T10:13:23,1000.0,32.4,S
2021-06-16T10:13:22,500.0,32.4,S
2021-06-16T10:13:14,500.0,32.35,S
2021-06-16T10:13:14,500.0,32.35,S
2021-06-16T10:13:14,2200.0,32.35,S
2021-06-16T10:13:13,800.0,32.35,S
2021-06-16T10:13:11,800.0,32.4,S
2021-06-16T10:13:11,4200.0,32.4,S
2021-06-16T10:13:10,1000.0,32.4,S
2021-06-16T10:12:58,500.0,32.35,S
2021-06-16T10:12:52,2000.0,32.35,S
2021-06-16T10:12:50,100.0,32.35,S
2021-06-16T10:12:47,3500.0,32.35,S
2021-06-16T10:12:45,2000.0,32.35,S
2021-06-16T10:12:40,2000.0,32.4,S
2021-06-16T10:12:36,400.0,32.35,S
2021-06-16T10:12:32,100.0,32.35,S
2021-06-16T10:12:32,900.0,32.35,S
2021-06-16T10:12:16,200.0,32.35,S
2021-06-16T10:12:15,3000.0,32.35,S
2021-06-16T10:12:08,2000.0,32.4,S
2021-06-16T10:12:04,200.0,32.35,S
2021-06-16T10:12:02,1000.0,32.35,S
2021-06-16T10:11:55,5000.0,32.4,S
2021-06-16T10:11:55,3800.0,32.4,S
2021-06-16T10:11:55,1200.0,32.4,S
2021-06-16T10:11:53,200.0,32.35,S
2021-06-16T10:11:40,800.0,32.35,S
2021-06-16T10:11:39,2000.0,32.4,S
2021-06-16T10:11:37,300.0,32.4,S
2021-06-16T10:11:34,1200.0,32.35,S
2021-06-16T10:11:22,100.0,32.35,S
2021-06-16T10:11:20,5000.0,32.4,S
2021-06-16T10:11:05,200.0,32.35,S
2021-06-16T10:10:54,700.0,32.35,S
2021-06-16T10:10:51,2400.0,32.35,S
2021-06-16T10:10:51,2600.0,32.35,S
2021-06-16T10:10:50,1000.0,32.35,S
2021-06-16T10:10:48,1000.0,32.35,S
2021-06-16T10:10:47,100.0,32.35,S
2021-06-16T10:10:40,200.0,32.35,S
2021-06-16T10:10:39,2000.0,32.4,S
2021-06-16T10:10:28,1800.0,32.4,S
2021-06-16T10:10:18,500.0,32.35,S
2021-06-16T10:10:15,200.0,32.35,S
2021-06-16T10:10:14,900.0,32.35,S
2021-06-16T10:10:14,100.0,32.35,S
2021-06-16T10:10:13,2000.0,32.35,S
2021-06-16T10:09:43,100.0,32.35,S
2021-06-16T10:09:35,1300.0,32.35,S
2021-06-16T10:09:35,100.0,32.35,S
2021-06-16T10:09:35,7600.0,32.35,S
2021-06-16T10:09:24,3000.0,32.35,S
2021-06-16T10:09:23,3600.0,32.4,S
2021-06-16T10:09:21,200.0,32.4,S
2021-06-16T10:09:08,1100.0,32.35,S
2021-06-16T10:09:08,900.0,32.35,S
2021-06-16T10:09:05,100.0,32.35,S
2021-06-16T10:08:55,2000.0,32.35,S
2021-06-16T10:08:54,100.0,32.35,S
2021-06-16T10:08:54,100.0,32.35,S
2021-06-16T10:08:47,100.0,32.4,S
2021-06-16T10:08:30,200.0,32.4,S
2021-06-16T10:08:27,300.0,32.4,S
2021-06-16T10:08:18,1800.0,32.35,S
2021-06-16T10:08:14,100.0,32.4,S
2021-06-16T10:08:14,1000.0,32.4,S
2021-06-16T10:08:08,2000.0,32.35,S
2021-06-16T10:08:02,200.0,32.35,S
2021-06-16T10:07:59,500.0,32.35,S
2021-06-16T10:07:46,300.0,32.35,S
2021-06-16T10:07:45,1000.0,32.4,S
2021-06-16T10:07:45,300.0,32.35,S
2021-06-16T10:07:45,500.0,32.4,S
2021-06-16T10:07:44,2200.0,32.35,S
2021-06-16T10:07:40,100.0,32.4,S
2021-06-16T10:07:32,1500.0,32.4,S
2021-06-16T10:07:31,100.0,32.4,S
2021-06-16T10:07:25,500.0,32.35,S
2021-06-16T10:07:24,200.0,32.35,S
2021-06-16T10:06:53,500.0,32.35,S
2021-06-16T10:06:53,100.0,32.4,S
2021-06-16T10:06:47,1500.0,32.4,S
2021-06-16T10:06:42,500.0,32.4,S
2021-06-16T10:06:33,4000.0,32.45,B
2021-06-16T10:06:26,1000.0,32.45,B
2021-06-16T10:06:25,1400.0,32.45,B
2021-06-16T10:06:24,1000.0,32.45,B
2021-06-16T10:06:19,1800.0,32.35,S
2021-06-16T10:06:18,9700.0,32.4,S
2021-06-16T10:06:18,500.0,32.4,S
2021-06-16T10:05:58,200.0,32.4,S
2021-06-16T10:05:57,1000.0,32.4,S
2021-06-16T10:05:55,2000.0,32.4,S
2021-06-16T10:05:36,500.0,32.45,B
2021-06-16T10:05:18,9900.0,32.35,S
2021-06-16T10:05:18,3200.0,32.35,S
2021-06-16T10:05:18,2300.0,32.35,S
2021-06-16T10:05:18,700.0,32.35,S
2021-06-16T10:05:18,3900.0,32.35,S
2021-06-16T10:05:17,400.0,32.4,S
2021-06-16T10:05:11,100.0,32.45,B
2021-06-16T10:05:04,800.0,32.4,S
2021-06-16T10:05:04,600.0,32.4,S
2021-06-16T10:05:03,1600.0,32.4,S
2021-06-16T10:04:57,300.0,32.45,B
2021-06-16T10:04:50,300.0,32.45,B
2021-06-16T10:04:40,500.0,32.4,S
2021-06-16T10:04:30,100.0,32.45,B
2021-06-16T10:04:28,400.0,32.4,S
2021-06-16T10:04:22,400.0,32.45,B
2021-06-16T10:04:15,1000.0,32.4,S
2021-06-16T10:04:13,200.0,32.4,S
2021-06-16T10:04:09,200.0,32.4,S
2021-06-16T10:04:04,500.0,32.45,B
2021-06-16T10:03:57,100.0,32.4,S
2021-06-16T10:03:55,200.0,32.4,S
2021-06-16T10:03:54,700.0,32.4,S
2021-06-16T10:03:48,300.0,32.4,S
2021-06-16T10:03:45,1100.0,32.45,B
2021-06-16T10:03:44,1000.0,32.4,S
2021-06-16T10:03:38,1000.0,32.4,S
2021-06-16T10:03:34,800.0,32.4,S
2021-06-16T10:03:27,4100.0,32.4,S
2021-06-16T10:03:27,2100.0,32.4,S
2021-06-16T10:03:27,300.0,32.4,S
2021-06-16T10:03:27,300.0,32.4,S
2021-06-16T10:03:27,6400.0,32.4,S
2021-06-16T10:03:26,700.0,32.4,S
2021-06-16T10:03:20,1900.0,32.4,S
2021-06-16T10:03:13,900.0,32.4,S
2021-06-16T10:03:13,100.0,32.4,S
2021-06-16T10:03:07,1000.0,32.45,B
2021-06-16T10:02:58,100.0,32.4,S
2021-06-16T10:02:52,100.0,32.45,B
2021-06-16T10:02:52,500.0,32.45,B
2021-06-16T10:02:51,200.0,32.45,B
2021-06-16T10:02:49,500.0,32.4,S
2021-06-16T10:02:43,1000.0,32.45,B
2021-06-16T10:02:42,400.0,32.45,B
2021-06-16T10:02:40,9200.0,32.45,B
2021-06-16T10:02:40,800.0,32.45,B
2021-06-16T10:02:40,500.0,32.4,S
2021-06-16T10:02:34,3800.0,32.4,S
2021-06-16T10:02:34,12400.0,32.4,S
2021-06-16T10:02:32,100.0,32.45,B
2021-06-16T10:02:21,100.0,32.45,B
2021-06-16T10:02:19,4000.0,32.45,B
2021-06-16T10:02:18,100.0,32.4,B
2021-06-16T10:02:12,1000.0,32.4,B
2021-06-16T10:02:10,2000.0,32.4,B
2021-06-16T10:02:07,300.0,32.4,B
2021-06-16T10:01:52,2700.0,32.5,B
2021-06-16T10:01:49,2200.0,32.4,B
2021-06-16T10:01:49,1800.0,32.4,B
2021-06-16T10:01:48,2000.0,32.4,B
2021-06-16T10:01:46,200.0,32.45,B
2021-06-16T10:01:45,1000.0,32.45,B
2021-06-16T10:01:42,500.0,32.4,B
2021-06-16T10:01:31,100.0,32.4,B
2021-06-16T10:01:28,3000.0,32.4,B
2021-06-16T10:01:24,1000.0,32.45,B
2021-06-16T10:01:20,1000.0,32.4,B
2021-06-16T10:01:18,2000.0,32.5,B
2021-06-16T10:01:17,1000.0,32.4,B
2021-06-16T10:01:14,2000.0,32.4,B
2021-06-16T10:00:59,700.0,32.4,B
2021-06-16T10:00:56,2100.0,32.4,B
2021-06-16T10:00:42,500.0,32.4,B
2021-06-16T10:00:41,1900.0,32.4,B
2021-06-16T10:00:32,300.0,32.4,B
2021-06-16T10:00:30,500.0,32.4,B
2021-06-16T10:00:25,3000.0,32.4,B
2021-06-16T10:00:14,300.0,32.4,B
2021-06-16T10:00:11,300.0,32.4,B
2021-06-16T10:00:10,300.0,32.4,B
2021-06-16T10:00:09,100.0,32.4,B
2021-06-16T10:00:03,700.0,32.4,B
2021-06-16T09:59:57,100.0,32.4,B
2021-06-16T09:59:51,1000.0,32.4,B
2021-06-16T09:59:48,1300.0,32.4,B
2021-06-16T09:59:47,100.0,32.4,B
2021-06-16T09:59:44,100.0,32.4,B
2021-06-16T09:59:43,5000.0,32.5,B
2021-06-16T09:59:29,2000.0,32.4,B
2021-06-16T09:59:28,100.0,32.4,B
2021-06-16T09:59:25,900.0,32.5,B
2021-06-16T09:59:25,4200.0,32.45,B
2021-06-16T09:59:25,10900.0,32.45,B
2021-06-16T09:59:20,200.0,32.4,B
2021-06-16T09:59:12,1000.0,32.45,B
2021-06-16T09:59:10,400.0,32.4,B
2021-06-16T09:59:10,1200.0,32.4,B
2021-06-16T09:59:10,2700.0,32.4,B
2021-06-16T09:59:10,300.0,32.4,B
2021-06-16T09:59:10,11700.0,32.4,B
2021-06-16T09:59:07,1600.0,32.35,S
2021-06-16T09:58:59,1000.0,32.4,B
2021-06-16T09:58:59,1700.0,32.4,B
2021-06-16T09:58:57,2000.0,32.4,B
2021-06-16T09:58:56,1000.0,32.35,S
2021-06-16T09:58:48,1000.0,32.35,S
2021-06-16T09:58:44,2500.0,32.4,B
2021-06-16T09:58:43,500.0,32.4,B
2021-06-16T09:58:41,200.0,32.35,S
2021-06-16T09:58:32,1000.0,32.4,B
2021-06-16T09:58:25,4700.0,32.3,S
2021-06-16T09:58:23,700.0,32.4,S
2021-06-16T09:58:16,2300.0,32.35,S
2021-06-16T09:58:12,200.0,32.3,S
2021-06-16T09:58:10,6000.0,32.3,S
2021-06-16T09:58:09,1000.0,32.3,S
2021-06-16T09:58:08,3000.0,32.3,S
2021-06-16T09:57:53,300.0,32.35,S
2021-06-16T09:57:49,1700.0,32.35,S
2021-06-16T09:57:45,400.0,32.3,S
2021-06-16T09:57:44,600.0,32.3,S
2021-06-16T09:57:43,200.0,32.35,S
2021-06-16T09:57:31,2000.0,32.3,S
2021-06-16T09:57:27,100.0,32.3,S
2021-06-16T09:57:27,500.0,32.3,S
2021-06-16T09:57:27,200.0,32.3,S
2021-06-16T09:57:27,700.0,32.3,S
2021-06-16T09:57:27,600.0,32.3,S
2021-06-16T09:57:27,2500.0,32.3,S
2021-06-16T09:57:27,500.0,32.3,S
2021-06-16T09:57:27,500.0,32.3,S
2021-06-16T09:57:27,1300.0,32.3,S
2021-06-16T09:57:27,2300.0,32.3,S
2021-06-16T09:57:27,1100.0,32.3,S
2021-06-16T09:57:26,13500.0,32.3,S
2021-06-16T09:57:24,100.0,32.35,S
2021-06-16T09:57:23,2000.0,32.3,S
2021-06-16T09:57:22,500.0,32.3,S
2021-06-16T09:57:17,2400.0,32.3,S
2021-06-16T09:57:17,1000.0,32.3,S
2021-06-16T09:57:17,600.0,32.3,S
2021-06-16T09:57:14,1000.0,32.3,S
2021-06-16T09:57:14,500.0,32.3,S
2021-06-16T09:57:06,1000.0,32.3,S
2021-06-16T09:57:05,500.0,32.3,S
2021-06-16T09:57:05,200.0,32.3,S
2021-06-16T09:56:43,3500.0,32.3,S
2021-06-16T09:56:37,300.0,32.3,S
2021-06-16T09:56:29,4700.0,32.3,S
2021-06-16T09:56:29,1300.0,32.3,S
2021-06-16T09:56:29,4000.0,32.3,S
2021-06-16T09:56:27,1000.0,32.3,S
2021-06-16T09:56:17,2700.0,32.3,S
2021-06-16T09:56:14,600.0,32.35,S
2021-06-16T09:56:14,500.0,32.35,S
2021-06-16T09:56:14,500.0,32.35,S
2021-06-16T09:56:13,1000.0,32.3,S
2021-06-16T09:56:10,200.0,32.35,S
2021-06-16T09:56:07,200.0,32.35,S
2021-06-16T09:56:07,2000.0,32.35,S
2021-06-16T09:56:07,200.0,32.35,S
2021-06-16T09:56:06,500.0,32.35,S
2021-06-16T09:56:03,500.0,32.4,S
2021-06-16T09:56:02,100.0,32.35,S
2021-06-16T09:55:55,100.0,32.35,S
2021-06-16T09:55:46,2400.0,32.3,S
2021-06-16T09:55:46,3000.0,32.35,S
2021-06-16T09:55:45,600.0,32.35,S
2021-06-16T09:55:45,100.0,32.4,S
2021-06-16T09:55:32,10000.0,32.35,S
2021-06-16T09:55:31,300.0,32.35,S
2021-06-16T09:55:16,500.0,32.4,S
2021-06-16T09:55:10,100.0,32.4,S
2021-06-16T09:55:07,300.0,32.4,S
2021-06-16T09:55:04,100.0,32.4,S
2021-06-16T09:55:02,700.0,32.35,S
2021-06-16T09:54:57,1500.0,32.35,S
2021-06-16T09:54:57,3000.0,32.35,S
2021-06-16T09:54:56,900.0,32.4,S
2021-06-16T09:54:55,1000.0,32.35,S
2021-06-16T09:54:55,5000.0,32.4,S
2021-06-16T09:54:54,200.0,32.35,S
2021-06-16T09:54:54,2700.0,32.4,S
2021-06-16T09:54:50,4000.0,32.45,S
2021-06-16T09:54:47,100.0,32.45,S
2021-06-16T09:54:47,400.0,32.45,S
2021-06-16T09:54:47,5000.0,32.45,S
2021-06-16T09:54:42,1400.0,32.4,S
2021-06-16T09:54:42,100.0,32.4,S
2021-06-16T09:54:42,8500.0,32.4,S
2021-06-16T09:54:42,100.0,32.45,S
2021-06-16T09:54:39,200.0,32.4,S
2021-06-16T09:54:36,500.0,32.45,S
2021-06-16T09:54:28,500.0,32.45,S
2021-06-16T09:54:22,1000.0,32.45,S
2021-06-16T09:54:22,600.0,32.45,S
2021-06-16T09:54:13,100.0,32.45,S
2021-06-16T09:54:05,100.0,32.45,S
2021-06-16T09:54:00,700.0,32.4,S
2021-06-16T09:54:00,18300.0,32.4,S
2021-06-16T09:54:00,1800.0,32.4,S
2021-06-16T09:53:59,100.0,32.4,S
2021-06-16T09:53:59,2800.0,32.4,S
2021-06-16T09:53:59,5600.0,32.4,S
2021-06-16T09:53:59,2000.0,32.4,S
2021-06-16T09:53:59,700.0,32.4,S
2021-06-16T09:53:59,2300.0,32.4,S
2021-06-16T09:53:59,1600.0,32.4,S
2021-06-16T09:53:59,1100.0,32.4,S
2021-06-16T09:53:50,400.0,32.45,S
2021-06-16T09:53:50,1200.0,32.45,S
2021-06-16T09:53:50,400.0,32.45,S
2021-06-16T09:53:50,900.0,32.45,S
2021-06-16T09:53:45,30000.0,32.5,S
2021-06-16T09:53:37,500.0,32.5,S
2021-06-16T09:53:29,5000.0,32.5,S
2021-06-16T09:53:26,2000.0,32.5,S
2021-06-16T09:53:20,200.0,32.5,S
2021-06-16T09:53:09,2800.0,32.5,S
2021-06-16T09:53:02,500.0,32.5,S
2021-06-16T09:53:00,2500.0,32.5,S
2021-06-16T09:52:57,700.0,32.5,S
2021-06-16T09:52:41,100.0,32.5,S
2021-06-16T09:52:41,500.0,32.5,S
2021-06-16T09:52:40,10000.0,32.5,S
2021-06-16T09:52:38,100.0,32.5,S
2021-06-16T09:52:38,500.0,32.5,S
2021-06-16T09:52:37,1000.0,32.5,S
2021-06-16T09:52:34,100.0,32.5,S
2021-06-16T09:52:33,500.0,32.5,S
2021-06-16T09:52:33,100.0,32.5,S
2021-06-16T09:52:28,1400.0,32.45,S
2021-06-16T09:52:28,100.0,32.5,S
2021-06-16T09:52:23,10000.0,32.5,S
2021-06-16T09:52:22,500.0,32.5,S
2021-06-16T09:52:20,300.0,32.5,S
2021-06-16T09:52:19,200.0,32.5,S
2021-06-16T09:52:13,400.0,32.5,S
2021-06-16T09:52:13,300.0,32.5,S
2021-06-16T09:52:13,300.0,32.5,S
2021-06-16T09:52:11,5100.0,32.5,S
2021-06-16T09:52:11,1500.0,32.5,S
2021-06-16T09:52:11,5900.0,32.5,S
2021-06-16T09:52:11,1700.0,32.5,S
2021-06-16T09:52:11,1200.0,32.5,S
2021-06-16T09:52:11,3000.0,32.5,S
2021-06-16T09:52:11,3500.0,32.5,S
2021-06-16T09:52:11,2900.0,32.5,S
2021-06-16T09:52:11,1500.0,32.5,S
2021-06-16T09:52:11,600.0,32.5,S
2021-06-16T09:52:11,3000.0,32.5,S
2021-06-16T09:52:11,24100.0,32.5,S
2021-06-16T09:52:08,100.0,32.55,S
2021-06-16T09:52:08,20000.0,32.5,S
2021-06-16T09:52:05,500.0,32.55,S
2021-06-16T09:52:05,1400.0,32.5,S
2021-06-16T09:51:57,400.0,32.5,S
2021-06-16T09:51:56,9900.0,32.5,S
2021-06-16T09:51:55,100.0,32.55,S
2021-06-16T09:51:55,600.0,32.5,S
2021-06-16T09:51:53,1100.0,32.5,S
2021-06-16T09:51:48,3300.0,32.5,S
2021-06-16T09:51:42,100.0,32.5,S
2021-06-16T09:51:39,400.0,32.5,S
2021-06-16T09:51:36,400.0,32.5,S
2021-06-16T09:51:24,1500.0,32.5,S
2021-06-16T09:51:19,200.0,32.55,S
2021-06-16T09:51:19,100.0,32.55,S
2021-06-16T09:51:18,300.0,32.55,S
2021-06-16T09:51:08,100.0,32.55,S
2021-06-16T09:51:04,3000.0,32.5,S
2021-06-16T09:51:04,2100.0,32.5,S
2021-06-16T09:51:03,19300.0,32.5,S
2021-06-16T09:51:03,800.0,32.5,S
2021-06-16T09:51:03,2500.0,32.5,S
2021-06-16T09:51:03,57400.0,32.5,S
2021-06-16T09:51:02,2000.0,32.5,S
2021-06-16T09:50:59,1000.0,32.5,S
2021-06-16T09:50:44,500.0,32.5,S
2021-06-16T09:50:34,100.0,32.5,S
2021-06-16T09:50:34,1000.0,32.5,S
2021-06-16T09:50:34,1000.0,32.5,S
2021-06-16T09:50:34,6200.0,32.5,S
2021-06-16T09:50:30,2000.0,32.6,B
2021-06-16T09:50:28,20000.0,32.5,S
2021-06-16T09:50:13,1000.0,32.5,S
2021-06-16T09:50:12,400.0,32.5,S
2021-06-16T09:50:08,500.0,32.55,S
2021-06-16T09:49:59,500.0,32.5,S
2021-06-16T09:49:52,400.0,32.5,S
2021-06-16T09:49:48,100.0,32.6,B
2021-06-16T09:49:44,2000.0,32.5,S
2021-06-16T09:49:43,6000.0,32.5,S
2021-06-16T09:49:41,200.0,32.5,S
2021-06-16T09:49:38,1000.0,32.5,S
2021-06-16T09:49:29,1300.0,32.6,B
2021-06-16T09:49:24,1000.0,32.5,S
2021-06-16T09:49:22,2000.0,32.6,B
2021-06-16T09:49:21,400.0,32.5,S
2021-06-16T09:49:18,100.0,32.6,B
2021-06-16T09:49:16,100.0,32.6,B
2021-06-16T09:49:15,500.0,32.5,S
2021-06-16T09:49:15,1000.0,32.6,B
2021-06-16T09:49:06,400.0,32.5,S
2021-06-16T09:49:03,1000.0,32.5,S
2021-06-16T09:48:58,16300.0,32.5,S
2021-06-16T09:48:57,100.0,32.6,S
2021-06-16T09:48:55,100.0,32.6,S
2021-06-16T09:48:51,200.0,32.6,S
2021-06-16T09:48:51,500.0,32.6,S
2021-06-16T09:48:47,100.0,32.6,S
2021-06-16T09:48:45,500.0,32.65,S
2021-06-16T09:48:44,100.0,32.6,S
2021-06-16T09:48:39,500.0,32.6,S
2021-06-16T09:48:35,2000.0,32.55,S
2021-06-16T09:48:25,100.0,32.6,S
2021-06-16T09:48:14,4200.0,32.6,S
2021-06-16T09:48:09,2000.0,32.6,S
2021-06-16T09:48:08,500.0,32.6,S
2021-06-16T09:48:08,600.0,32.65,S
2021-06-16T09:48:08,800.0,32.6,S
2021-06-16T09:48:08,900.0,32.6,S
2021-06-16T09:48:08,1300.0,32.6,S
2021-06-16T09:48:08,3600.0,32.6,S
2021-06-16T09:48:02,4000.0,32.6,S
2021-06-16T09:47:45,6000.0,32.65,S
2021-06-16T09:47:38,1000.0,32.65,S
2021-06-16T09:47:38,200.0,32.65,S
2021-06-16T09:47:31,3000.0,32.6,S
2021-06-16T09:47:27,300.0,32.7,S
2021-06-16T09:47:25,600.0,32.6,S
2021-06-16T09:47:25,2400.0,32.6,S
2021-06-16T09:47:25,500.0,32.6,S
2021-06-16T09:47:25,2100.0,32.6,S
2021-06-16T09:47:25,5800.0,32.6,S
2021-06-16T09:47:17,100.0,32.7,S
2021-06-16T09:47:14,100.0,32.7,S
2021-06-16T09:47:02,300.0,32.7,S
2021-06-16T09:47:01,200.0,32.6,S
2021-06-16T09:47:01,300.0,32.7,S
2021-06-16T09:46:47,100.0,32.6,S
2021-06-16T09:46:47,300.0,32.6,S
2021-06-16T09:46:47,2000.0,32.6,S
2021-06-16T09:46:47,100.0,32.65,S
2021-06-16T09:46:44,400.0,32.7,S
2021-06-16T09:46:43,300.0,32.7,S
2021-06-16T09:46:42,200.0,32.7,S
2021-06-16T09:46:37,200.0,32.7,S
2021-06-16T09:46:34,1000.0,32.7,S
2021-06-16T09:46:28,1000.0,32.7,S
2021-06-16T09:46:14,1000.0,32.7,S
2021-06-16T09:46:07,300.0,32.6,S
2021-06-16T09:46:03,20000.0,32.7,S
2021-06-16T09:45:59,1000.0,32.7,S
2021-06-16T09:45:57,1000.0,32.6,S
2021-06-16T09:45:54,400.0,32.7,S
2021-06-16T09:45:47,300.0,32.7,S
2021-06-16T09:45:43,100.0,32.7,S
2021-06-16T09:45:39,100.0,32.7,S
2021-06-16T09:45:38,1000.0,32.7,S
2021-06-16T09:45:37,100.0,32.7,S
2021-06-16T09:45:29,4500.0,32.7,S
2021-06-16T09:45:28,1000.0,32.7,S
2021-06-16T09:45:24,100.0,32.7,S
2021-06-16T09:45:20,300.0,32.7,S
2021-06-16T09:45:11,100.0,32.7,S
2021-06-16T09:45:11,4400.0,32.7,S
2021-06-16T09:45:11,2200.0,32.7,S
2021-06-16T09:45:05,200.0,32.8,B
2021-06-16T09:44:48,100.0,32.8,B
2021-06-16T09:44:48,2000.0,32.8,B
2021-06-16T09:44:46,13000.0,32.8,B
2021-06-16T09:44:44,100.0,32.8,B
2021-06-16T09:44:43,100.0,32.8,B
2021-06-16T09:44:39,1000.0,32.7,S
2021-06-16T09:44:39,1900.0,32.7,S
2021-06-16T09:44:39,200.0,32.7,S
2021-06-16T09:44:39,100.0,32.7,S
2021-06-16T09:44:39,2900.0,32.7,S
2021-06-16T09:44:39,12100.0,32.7,S
2021-06-16T09:44:39,700.0,32.7,S
2021-06-16T09:44:39,3100.0,32.7,S
2021-06-16T09:44:33,4100.0,32.8,B
2021-06-16T09:44:32,5900.0,32.8,B
2021-06-16T09:44:31,100.0,32.75,S
2021-06-16T09:44:28,2800.0,32.8,B
2021-06-16T09:44:28,3200.0,32.8,B
2021-06-16T09:44:27,6500.0,32.8,B
2021-06-16T09:44:27,300.0,32.8,B
2021-06-16T09:44:25,2100.0,32.8,B
2021-06-16T09:44:24,200.0,32.8,B
2021-06-16T09:44:21,3000.0,32.8,B
2021-06-16T09:44:21,500.0,32.8,B
2021-06-16T09:44:19,5000.0,32.8,B
2021-06-16T09:44:17,4000.0,32.8,B
2021-06-16T09:44:14,100.0,32.8,B
2021-06-16T09:44:13,100.0,32.8,B
2021-06-16T09:44:10,10000.0,32.8,B
2021-06-16T09:44:10,2000.0,32.8,B
2021-06-16T09:44:06,1000.0,32.8,B
2021-06-16T09:44:00,200.0,32.8,B
2021-06-16T09:43:59,400.0,32.8,B
2021-06-16T09:43:59,11100.0,32.9,B
2021-06-16T09:43:59,3100.0,32.85,B
2021-06-16T09:43:59,3300.0,32.85,B
2021-06-16T09:43:59,500.0,32.8,B
2021-06-16T09:43:59,400.0,32.85,B
2021-06-16T09:43:56,6500.0,32.8,B
2021-06-16T09:43:52,100.0,32.8,B
2021-06-16T09:43:51,2000.0,32.8,B
2021-06-16T09:43:51,100.0,32.8,B
2021-06-16T09:43:46,100.0,32.8,B
2021-06-16T09:43:40,8600.0,32.7,S
2021-06-16T09:43:40,1000.0,32.7,S
2021-06-16T09:43:40,100.0,32.7,S
2021-06-16T09:43:40,10100.0,32.7,S
2021-06-16T09:43:40,3400.0,32.7,S
2021-06-16T09:43:40,400.0,32.7,S
2021-06-16T09:43:40,3700.0,32.7,S
2021-06-16T09:43:40,2700.0,32.7,S
2021-06-16T09:43:38,2500.0,32.7,S
2021-06-16T09:43:38,700.0,32.7,S
2021-06-16T09:43:38,100.0,32.7,S
2021-06-16T09:43:37,100.0,32.7,S
2021-06-16T09:43:37,5500.0,32.7,S
2021-06-16T09:43:37,11100.0,32.7,S
2021-06-16T09:43:35,1500.0,32.75,S
2021-06-16T09:43:29,500.0,32.8,B
2021-06-16T09:43:29,11000.0,32.8,B
2021-06-16T09:43:28,1000.0,32.8,B
2021-06-16T09:43:27,300.0,32.8,B
2021-06-16T09:43:27,200.0,32.8,B
2021-06-16T09:43:27,200.0,32.8,B
2021-06-16T09:43:26,100.0,32.8,B
2021-06-16T09:43:25,400.0,32.8,B
2021-06-16T09:43:25,500.0,32.8,B
2021-06-16T09:43:24,1000.0,32.8,B
2021-06-16T09:43:23,100.0,32.8,B
2021-06-16T09:43:22,10000.0,32.8,B
2021-06-16T09:43:21,300.0,32.8,B
2021-06-16T09:43:19,100.0,32.8,B
2021-06-16T09:43:17,100.0,32.8,B
2021-06-16T09:43:16,100.0,32.8,B
2021-06-16T09:43:13,100.0,32.8,B
2021-06-16T09:43:09,100.0,32.8,B
2021-06-16T09:43:06,500.0,32.8,B
2021-06-16T09:43:05,100.0,32.8,B
2021-06-16T09:43:00,100.0,32.8,B
2021-06-16T09:42:54,500.0,32.8,B
2021-06-16T09:42:50,500.0,32.8,B
2021-06-16T09:42:50,100.0,32.8,B
2021-06-16T09:42:43,500.0,32.8,B
2021-06-16T09:42:41,400.0,32.8,B
2021-06-16T09:42:40,300.0,32.8,B
2021-06-16T09:42:37,500.0,32.8,B
2021-06-16T09:42:37,400.0,32.8,B
2021-06-16T09:42:37,1100.0,32.8,B
2021-06-16T09:42:37,1700.0,32.8,B
2021-06-16T09:42:37,1600.0,32.8,B
2021-06-16T09:42:37,500.0,32.8,B
2021-06-16T09:42:33,100.0,32.8,B
2021-06-16T09:42:33,1500.0,32.8,B
2021-06-16T09:42:33,200.0,32.8,B
2021-06-16T09:42:08,100.0,32.8,B
2021-06-16T09:42:08,700.0,32.8,B
2021-06-16T09:42:03,500.0,32.8,B
2021-06-16T09:42:00,2700.0,32.8,B
2021-06-16T09:41:59,500.0,32.8,B
2021-06-16T09:41:58,800.0,32.8,B
2021-06-16T09:41:58,400.0,32.8,B
2021-06-16T09:41:51,200.0,32.8,B
2021-06-16T09:41:48,100.0,32.8,B
2021-06-16T09:41:36,400.0,32.8,B
2021-06-16T09:41:36,100.0,32.8,B
2021-06-16T09:41:36,400.0,32.8,B
2021-06-16T09:41:35,100.0,32.8,B
2021-06-16T09:41:34,16200.0,32.9,B
2021-06-16T09:41:34,1300.0,32.9,B
2021-06-16T09:41:34,11200.0,32.9,B
2021-06-16T09:41:29,500.0,32.7,S
2021-06-16T09:41:29,200.0,32.8,B
2021-06-16T09:41:27,200.0,32.8,B
2021-06-16T09:41:26,3800.0,32.8,B
2021-06-16T09:41:23,200.0,32.8,B
2021-06-16T09:41:21,200.0,32.8,B
2021-06-16T09:41:19,800.0,32.8,B
2021-06-16T09:41:18,400.0,32.8,B
2021-06-16T09:41:17,500.0,32.85,B
2021-06-16T09:41:14,200.0,32.8,B
2021-06-16T09:41:14,300.0,32.8,B
2021-06-16T09:41:13,1500.0,32.8,B
2021-06-16T09:41:07,7300.0,32.8,B
2021-06-16T09:41:05,100.0,32.8,B
2021-06-16T09:41:02,2000.0,32.8,B
2021-06-16T09:41:00,200.0,32.8,B
2021-06-16T09:40:59,500.0,32.8,B
2021-06-16T09:40:58,100.0,32.8,B
2021-06-16T09:40:57,10000.0,32.8,B
2021-06-16T09:40:56,100.0,32.8,B
2021-06-16T09:40:55,3600.0,32.8,B
2021-06-16T09:40:55,500.0,32.8,B
2021-06-16T09:40:51,2800.0,32.8,B
2021-06-16T09:40:50,300.0,32.8,B
2021-06-16T09:40:46,100.0,32.8,B
2021-06-16T09:40:46,300.0,32.8,B
2021-06-16T09:40:45,200.0,32.8,B
2021-06-16T09:40:43,200.0,32.8,B
2021-06-16T09:40:43,3300.0,32.8,B
2021-06-16T09:40:43,4800.0,32.8,B
2021-06-16T09:40:37,400.0,32.8,B
2021-06-16T09:40:37,200.0,32.8,B
2021-06-16T09:40:31,500.0,32.8,B
2021-06-16T09:40:30,200.0,32.8,B
2021-06-16T09:40:29,300.0,32.8,B
2021-06-16T09:40:26,700.0,32.8,B
2021-06-16T09:40:21,200.0,32.8,B
2021-06-16T09:40:20,500.0,32.8,B
2021-06-16T09:40:16,300.0,32.9,B
2021-06-16T09:40:12,100.0,32.8,B
2021-06-16T09:40:11,2000.0,32.8,B
2021-06-16T09:40:08,2000.0,32.8,B
2021-06-16T09:39:47,5500.0,32.8,B
2021-06-16T09:39:46,1000.0,32.8,B
2021-06-16T09:39:46,900.0,32.8,B
2021-06-16T09:39:41,20000.0,32.8,B
2021-06-16T09:39:40,10000.0,32.8,B
2021-06-16T09:39:39,3000.0,32.8,B
2021-06-16T09:39:38,1000.0,32.8,B
2021-06-16T09:39:38,400.0,32.9,B
2021-06-16T09:39:38,2100.0,32.9,B
2021-06-16T09:39:37,2700.0,32.9,B
2021-06-16T09:39:33,4100.0,32.7,S
2021-06-16T09:39:26,3000.0,32.7,S
2021-06-16T09:39:25,3000.0,32.7,S
2021-06-16T09:39:24,6000.0,32.9,B
2021-06-16T09:39:24,100.0,32.8,B
2021-06-16T09:39:20,100.0,32.8,B
2021-06-16T09:39:19,3100.0,32.8,B
2021-06-16T09:39:16,500.0,32.8,B
2021-06-16T09:39:15,3000.0,32.7,S
2021-06-16T09:39:12,1000.0,32.8,B
2021-06-16T09:39:11,3000.0,32.7,S
2021-06-16T09:39:11,4000.0,32.8,B
2021-06-16T09:39:10,4000.0,32.8,B
2021-06-16T09:39:06,3000.0,32.8,B
2021-06-16T09:39:01,300.0,32.7,S
2021-06-16T09:38:58,10000.0,32.8,B
2021-06-16T09:38:56,500.0,32.8,B
2021-06-16T09:38:56,1000.0,32.8,B
2021-06-16T09:38:56,2000.0,32.8,B
2021-06-16T09:38:56,100.0,32.8,B
2021-06-16T09:38:55,1000.0,32.8,B
2021-06-16T09:38:51,1100.0,32.8,B
2021-06-16T09:38:49,2000.0,32.8,B
2021-06-16T09:38:49,700.0,32.8,B
2021-06-16T09:38:46,100.0,32.8,B
2021-06-16T09:38:45,1600.0,32.8,B
2021-06-16T09:38:44,300.0,32.8,B
2021-06-16T09:38:43,200.0,32.8,B
2021-06-16T09:38:43,500.0,32.8,B
2021-06-16T09:38:41,1000.0,32.8,B
2021-06-16T09:38:39,200.0,32.7,S
2021-06-16T09:38:35,1000.0,32.8,B
2021-06-16T09:38:34,3000.0,32.8,B
2021-06-16T09:38:34,4000.0,32.7,S
2021-06-16T09:38:31,1000.0,32.8,B
2021-06-16T09:38:27,2000.0,32.8,B
2021-06-16T09:38:24,200.0,32.8,B
2021-06-16T09:38:23,100.0,32.8,B
2021-06-16T09:38:22,1000.0,32.8,B
2021-06-16T09:38:22,2800.0,32.8,B
2021-06-16T09:38:21,2000.0,32.8,B
2021-06-16T09:38:20,500.0,32.8,B
2021-06-16T09:38:17,500.0,32.9,B
2021-06-16T09:38:17,100.0,32.8,B
2021-06-16T09:38:16,100.0,32.8,B
2021-06-16T09:38:16,1000.0,32.8,B
2021-06-16T09:38:08,300.0,32.85,B
2021-06-16T09:38:06,1300.0,32.9,B
2021-06-16T09:38:02,3000.0,32.8,B
2021-06-16T09:38:00,200.0,32.8,B
2021-06-16T09:37:59,300.0,32.8,B
2021-06-16T09:37:58,1600.0,32.8,B
2021-06-16T09:37:57,100.0,32.8,B
2021-06-16T09:37:56,2000.0,32.8,B
2021-06-16T09:37:56,11300.0,32.8,B
2021-06-16T09:37:55,200.0,32.8,B
2021-06-16T09:37:55,100.0,32.7,S
2021-06-16T09:37:51,100.0,32.7,S
2021-06-16T09:37:49,300.0,32.8,B
2021-06-16T09:37:45,6600.0,32.8,B
2021-06-16T09:37:29,2000.0,32.8,B
2021-06-16T09:37:26,500.0,32.8,B
2021-06-16T09:37:26,300.0,32.8,B
2021-06-16T09:37:25,2200.0,32.8,B
2021-06-16T09:37:25,6200.0,32.8,B
2021-06-16T09:37:25,900.0,32.8,B
2021-06-16T09:37:25,10900.0,32.8,B
2021-06-16T09:37:25,32000.0,32.8,B
2021-06-16T09:37:23,1600.0,32.8,B
2021-06-16T09:37:23,2500.0,32.8,B
2021-06-16T09:37:23,900.0,32.8,B
2021-06-16T09:37:18,1000.0,32.7,S
2021-06-16T09:37:06,500.0,32.8,B
2021-06-16T09:37:06,500.0,32.8,B
2021-06-16T09:37:03,500.0,32.7,S
2021-06-16T09:36:58,2800.0,32.7,S
2021-06-16T09:36:53,900.0,32.8,B
2021-06-16T09:36:50,400.0,32.7,S
2021-06-16T09:36:43,1000.0,32.7,S
2021-06-16T09:36:40,1200.0,32.8,B
2021-06-16T09:36:38,1200.0,32.7,S
2021-06-16T09:36:34,300.0,32.8,B
2021-06-16T09:36:32,100.0,32.8,B
2021-06-16T09:36:30,1000.0,32.8,B
2021-06-16T09:36:24,100.0,32.7,S
2021-06-16T09:36:22,1000.0,32.8,B
2021-06-16T09:36:20,900.0,32.8,B
2021-06-16T09:36:19,600.0,32.8,B
2021-06-16T09:36:16,800.0,32.6,S
2021-06-16T09:36:15,500.0,32.7,S
2021-06-16T09:36:14,2000.0,32.7,S
2021-06-16T09:36:13,100.0,32.7,S
2021-06-16T09:36:11,100.0,32.7,S
2021-06-16T09:36:08,100.0,32.7,S
2021-06-16T09:36:04,2000.0,32.8,B
2021-06-16T09:36:04,400.0,32.7,S
2021-06-16T09:36:02,9300.0,32.7,S
2021-06-16T09:35:55,600.0,32.8,B
2021-06-16T09:35:50,300.0,32.8,B
2021-06-16T09:35:50,1600.0,32.8,B
2021-06-16T09:35:48,4000.0,32.8,B
2021-06-16T09:35:48,2000.0,32.8,B
2021-06-16T09:35:41,300.0,32.7,S
2021-06-16T09:35:37,400.0,32.7,S
2021-06-16T09:35:36,100.0,32.8,B
2021-06-16T09:35:36,200.0,32.8,B
2021-06-16T09:35:33,500.0,32.8,B
2021-06-16T09:35:32,2000.0,32.8,B
2021-06-16T09:35:32,600.0,32.8,B
2021-06-16T09:35:25,1300.0,32.8,B
