tradingTime,volume,price,side
2021-06-16T14:19:42,500.0,30.0,S
2021-06-16T14:19:16,200.0,30.0,S
2021-06-16T14:19:03,100.0,29.95,S
2021-06-16T14:18:29,600.0,30.0,S
2021-06-16T14:18:19,4000.0,30.0,S
2021-06-16T14:17:25,100.0,30.0,S
2021-06-16T14:17:07,500.0,30.0,S
2021-06-16T14:16:48,1200.0,29.95,S
2021-06-16T14:16:35,300.0,30.0,S
2021-06-16T14:16:17,1300.0,29.95,S
2021-06-16T14:15:15,1400.0,30.0,S
2021-06-16T14:14:58,2000.0,29.95,S
2021-06-16T14:14:35,500.0,30.0,S
2021-06-16T14:14:06,300.0,30.0,S
2021-06-16T14:13:40,4300.0,30.0,S
2021-06-16T14:12:56,100.0,30.0,S
2021-06-16T14:12:56,800.0,30.0,S
2021-06-16T14:12:30,500.0,30.0,S
2021-06-16T14:12:30,700.0,30.0,S
2021-06-16T14:12:30,3800.0,30.0,S
2021-06-16T14:09:54,600.0,30.0,S
2021-06-16T14:09:52,500.0,30.0,S
2021-06-16T14:09:44,3000.0,30.0,S
2021-06-16T14:09:34,1000.0,30.0,S
2021-06-16T14:09:33,100.0,30.0,S
2021-06-16T14:08:36,1500.0,30.0,S
2021-06-16T14:07:26,500.0,30.0,S
2021-06-16T14:05:31,200.0,30.0,S
2021-06-16T14:05:30,500.0,30.1,S
2021-06-16T14:05:22,2100.0,30.05,S
2021-06-16T14:05:02,100.0,30.1,S
2021-06-16T14:04:59,100.0,30.1,S
2021-06-16T14:04:28,1000.0,30.1,S
2021-06-16T14:04:20,200.0,30.1,S
2021-06-16T14:03:48,1000.0,30.1,S
2021-06-16T14:03:25,100.0,30.1,S
2021-06-16T14:03:24,1400.0,30.1,S
2021-06-16T14:03:03,3000.0,30.15,B
2021-06-16T14:03:00,2000.0,30.15,B
2021-06-16T14:02:46,3400.0,30.1,S
2021-06-16T14:02:44,1500.0,30.1,S
2021-06-16T14:02:40,300.0,30.15,B
2021-06-16T14:02:37,500.0,30.15,B
2021-06-16T14:02:27,200.0,30.15,B
2021-06-16T14:01:50,2000.0,30.15,B
2021-06-16T14:00:42,100.0,30.15,B
2021-06-16T14:00:30,200.0,30.15,S
2021-06-16T14:00:28,200.0,30.15,S
2021-06-16T13:58:59,1100.0,30.2,S
2021-06-16T13:56:40,6600.0,30.2,S
2021-06-16T13:56:05,4700.0,30.2,S
2021-06-16T13:56:05,3200.0,30.2,S
2021-06-16T13:55:59,100.0,30.25,S
2021-06-16T13:55:10,2000.0,30.25,S
2021-06-16T13:55:09,5500.0,30.25,S
2021-06-16T13:55:06,500.0,30.25,S
2021-06-16T13:54:54,1000.0,30.25,S
2021-06-16T13:54:20,3000.0,30.25,S
2021-06-16T13:53:20,500.0,30.25,S
2021-06-16T13:53:08,1500.0,30.3,B
2021-06-16T13:52:34,100.0,30.25,S
2021-06-16T13:52:34,400.0,30.25,S
2021-06-16T13:52:18,100.0,30.25,S
2021-06-16T13:51:43,500.0,30.25,S
2021-06-16T13:51:43,500.0,30.25,S
2021-06-16T13:51:17,3000.0,30.25,S
2021-06-16T13:49:56,300.0,30.3,B
2021-06-16T13:49:15,3700.0,30.25,S
2021-06-16T13:48:59,1500.0,30.25,S
2021-06-16T13:48:45,700.0,30.3,B
2021-06-16T13:47:24,500.0,30.3,B
2021-06-16T13:44:34,2000.0,30.3,B
2021-06-16T13:43:39,3000.0,30.3,B
2021-06-16T13:43:30,300.0,30.25,S
2021-06-16T13:43:13,100.0,30.3,B
2021-06-16T13:43:05,100.0,30.25,S
2021-06-16T13:42:51,100.0,30.3,B
2021-06-16T13:42:04,100.0,30.3,B
2021-06-16T13:42:04,600.0,30.3,B
2021-06-16T13:41:41,1500.0,30.3,S
2021-06-16T13:41:37,1100.0,30.3,S
2021-06-16T13:41:37,100.0,30.35,B
2021-06-16T13:41:20,10000.0,30.3,S
2021-06-16T13:41:08,1000.0,30.3,S
2021-06-16T13:40:56,100.0,30.3,S
2021-06-16T13:40:48,1000.0,30.3,S
2021-06-16T13:39:24,10000.0,30.3,B
2021-06-16T13:39:16,100.0,30.3,B
2021-06-16T13:39:03,2000.0,30.35,B
2021-06-16T13:38:55,100.0,30.3,B
2021-06-16T13:38:37,1500.0,30.3,B
2021-06-16T13:38:24,500.0,30.3,B
2021-06-16T13:38:14,5000.0,30.3,B
2021-06-16T13:38:05,3000.0,30.3,B
2021-06-16T13:37:48,200.0,30.3,B
2021-06-16T13:37:48,4800.0,30.3,B
2021-06-16T13:37:19,300.0,30.25,S
2021-06-16T13:36:54,200.0,30.3,B
2021-06-16T13:36:29,1000.0,30.3,B
2021-06-16T13:35:44,100.0,30.3,B
2021-06-16T13:35:27,1000.0,30.3,B
2021-06-16T13:35:25,1000.0,30.25,S
2021-06-16T13:35:02,2000.0,30.25,S
2021-06-16T13:34:51,2000.0,30.3,B
2021-06-16T13:33:49,300.0,30.25,S
2021-06-16T13:33:40,1500.0,30.25,S
2021-06-16T13:33:23,2600.0,30.3,S
2021-06-16T13:33:04,200.0,30.3,S
2021-06-16T13:32:33,1000.0,30.3,S
2021-06-16T13:30:57,3500.0,30.3,S
2021-06-16T13:30:30,100.0,30.3,S
2021-06-16T13:30:25,500.0,30.35,B
2021-06-16T13:30:22,2000.0,30.3,S
2021-06-16T13:29:38,200.0,30.3,S
2021-06-16T13:29:05,200.0,30.3,S
2021-06-16T13:29:04,100.0,30.3,S
2021-06-16T13:28:41,3200.0,30.3,B
2021-06-16T13:28:41,900.0,30.3,B
2021-06-16T13:28:41,300.0,30.3,B
2021-06-16T13:28:41,1000.0,30.3,B
2021-06-16T13:28:41,1900.0,30.3,B
2021-06-16T13:28:29,1000.0,30.3,B
2021-06-16T13:28:13,3000.0,30.3,B
2021-06-16T13:28:09,1200.0,30.25,S
2021-06-16T13:28:00,500.0,30.3,B
2021-06-16T13:27:37,100.0,30.3,B
2021-06-16T13:27:02,1500.0,30.3,B
2021-06-16T13:26:26,6000.0,30.3,B
2021-06-16T13:25:36,300.0,30.3,B
2021-06-16T13:25:26,6600.0,30.3,B
2021-06-16T13:25:26,100.0,30.3,B
2021-06-16T13:25:26,1500.0,30.3,B
2021-06-16T13:25:26,1800.0,30.3,B
2021-06-16T13:24:31,8000.0,30.3,B
2021-06-16T13:24:00,11500.0,30.3,B
2021-06-16T13:23:47,1000.0,30.25,S
2021-06-16T13:22:25,500.0,30.25,B
2021-06-16T13:22:16,100.0,30.25,B
2021-06-16T13:21:45,200.0,30.25,B
2021-06-16T13:21:25,2900.0,30.3,B
2021-06-16T13:21:18,300.0,30.25,B
2021-06-16T13:20:52,100.0,30.25,B
2021-06-16T13:20:11,1000.0,30.2,S
2021-06-16T13:20:02,700.0,30.25,B
2021-06-16T13:19:49,300.0,30.2,S
2021-06-16T13:19:15,100.0,30.2,S
2021-06-16T13:19:05,1000.0,30.3,B
2021-06-16T13:18:19,700.0,30.2,S
2021-06-16T13:18:03,600.0,30.2,B
2021-06-16T13:17:44,400.0,30.2,B
2021-06-16T13:17:26,200.0,30.2,B
2021-06-16T13:15:03,100.0,30.2,B
2021-06-16T13:14:36,9000.0,30.3,B
2021-06-16T13:14:33,300.0,30.2,B
2021-06-16T13:12:33,1000.0,30.2,B
2021-06-16T13:12:06,300.0,30.1,B
2021-06-16T13:11:51,400.0,30.1,B
2021-06-16T13:11:48,1000.0,30.1,B
2021-06-16T13:11:10,4000.0,30.1,B
2021-06-16T13:11:10,1000.0,30.1,B
2021-06-16T13:09:29,1000.0,30.0,S
2021-06-16T13:09:28,500.0,30.0,S
2021-06-16T13:08:43,800.0,30.0,S
2021-06-16T13:08:43,200.0,30.0,S
2021-06-16T13:08:06,500.0,30.0,S
2021-06-16T13:07:12,400.0,30.0,B
2021-06-16T13:06:22,100.0,30.0,B
2021-06-16T13:06:18,400.0,30.0,B
2021-06-16T13:05:31,1100.0,30.0,S
2021-06-16T13:05:14,500.0,30.0,S
2021-06-16T13:05:06,6000.0,30.0,S
2021-06-16T13:03:26,3400.0,30.0,S
2021-06-16T13:02:40,4000.0,30.0,S
2021-06-16T13:01:42,500.0,30.0,S
2021-06-16T13:01:07,800.0,30.0,S
2021-06-16T13:00:45,200.0,30.1,S
2021-06-16T13:00:42,900.0,30.1,S
2021-06-16T13:00:41,400.0,30.1,S
2021-06-16T13:00:38,100.0,30.1,S
2021-06-16T13:00:33,1800.0,30.1,S
2021-06-16T13:00:31,400.0,30.1,S
2021-06-16T13:00:29,100.0,30.1,S
2021-06-16T13:00:27,100.0,30.1,S
2021-06-16T11:30:00,100.0,30.1,B
2021-06-16T11:29:55,20000.0,30.2,B
2021-06-16T11:29:53,7300.0,30.0,B
2021-06-16T11:29:53,200.0,30.0,B
2021-06-16T11:29:53,6500.0,30.0,B
2021-06-16T11:29:53,100.0,30.0,B
2021-06-16T11:29:53,4100.0,30.0,B
2021-06-16T11:29:53,1100.0,30.0,B
2021-06-16T11:29:53,900.0,30.0,B
2021-06-16T11:29:53,1600.0,30.0,B
2021-06-16T11:29:53,2100.0,30.0,B
2021-06-16T11:29:53,700.0,30.0,B
2021-06-16T11:29:52,700.0,30.0,B
2021-06-16T11:29:52,3000.0,30.0,B
2021-06-16T11:29:52,21500.0,30.0,B
2021-06-16T11:29:52,100.0,30.1,B
2021-06-16T11:29:52,12700.0,30.1,B
2021-06-16T11:28:56,200.0,30.2,B
2021-06-16T11:28:56,2800.0,30.2,B
2021-06-16T11:28:47,1000.0,30.2,B
2021-06-16T11:28:10,300.0,30.2,B
2021-06-16T11:28:02,4200.0,30.15,S
2021-06-16T11:28:02,200.0,30.2,S
2021-06-16T11:27:58,1000.0,30.2,S
2021-06-16T11:27:37,2700.0,30.2,S
2021-06-16T11:27:37,14100.0,30.2,S
2021-06-16T11:27:37,1000.0,30.2,S
2021-06-16T11:27:36,32200.0,30.2,S
2021-06-16T11:27:35,300.0,30.25,S
2021-06-16T11:27:29,1000.0,30.25,S
2021-06-16T11:27:28,500.0,30.25,S
2021-06-16T11:26:40,2400.0,30.25,S
2021-06-16T11:26:29,3700.0,30.25,S
2021-06-16T11:25:47,100.0,30.25,S
2021-06-16T11:25:04,500.0,30.25,S
2021-06-16T11:24:43,100.0,30.25,S
2021-06-16T11:24:41,400.0,30.25,S
2021-06-16T11:23:20,300.0,30.25,S
2021-06-16T11:22:49,1000.0,30.3,B
2021-06-16T11:22:08,1000.0,30.25,S
2021-06-16T11:21:41,5000.0,30.25,S
2021-06-16T11:21:30,1500.0,30.25,S
2021-06-16T11:21:10,100.0,30.25,S
2021-06-16T11:20:49,3000.0,30.25,S
2021-06-16T11:19:44,700.0,30.25,S
2021-06-16T11:19:05,3700.0,30.25,S
2021-06-16T11:17:01,900.0,30.25,S
2021-06-16T11:16:47,2000.0,30.3,B
2021-06-16T11:16:16,200.0,30.3,B
2021-06-16T11:16:01,6000.0,30.3,B
2021-06-16T11:15:47,500.0,30.3,B
2021-06-16T11:15:44,1000.0,30.3,B
2021-06-16T11:15:44,800.0,30.3,B
2021-06-16T11:15:44,5200.0,30.3,B
2021-06-16T11:15:43,100.0,30.3,B
2021-06-16T11:15:43,300.0,30.3,B
2021-06-16T11:15:41,8200.0,30.3,B
2021-06-16T11:14:49,1000.0,30.3,B
2021-06-16T11:14:38,800.0,30.3,B
2021-06-16T11:14:32,2000.0,30.3,B
2021-06-16T11:14:06,200.0,30.25,B
2021-06-16T11:13:57,4500.0,30.2,S
2021-06-16T11:13:54,1400.0,30.25,B
2021-06-16T11:13:48,100.0,30.25,B
2021-06-16T11:13:08,1500.0,30.25,B
2021-06-16T11:12:59,300.0,30.25,B
2021-06-16T11:12:59,2700.0,30.25,B
2021-06-16T11:12:03,100.0,30.2,S
2021-06-16T11:11:48,100.0,30.2,S
2021-06-16T11:11:23,1000.0,30.2,S
2021-06-16T11:11:19,600.0,30.2,S
2021-06-16T11:10:58,100.0,30.2,S
2021-06-16T11:10:50,100.0,30.2,S
2021-06-16T11:10:41,200.0,30.2,S
2021-06-16T11:10:24,2800.0,30.2,B
2021-06-16T11:10:22,4000.0,30.2,B
2021-06-16T11:10:10,200.0,30.2,B
2021-06-16T11:10:10,1000.0,30.2,B
2021-06-16T11:10:08,200.0,30.2,B
2021-06-16T11:09:59,100.0,30.2,B
2021-06-16T11:09:55,300.0,30.2,B
2021-06-16T11:09:47,400.0,30.2,B
2021-06-16T11:09:45,200.0,30.2,B
2021-06-16T11:09:39,1000.0,30.2,B
2021-06-16T11:09:36,700.0,30.2,B
2021-06-16T11:09:34,5000.0,30.2,B
2021-06-16T11:09:00,1000.0,30.2,B
2021-06-16T11:08:49,100.0,30.2,B
2021-06-16T11:08:39,2000.0,30.2,B
2021-06-16T11:08:29,300.0,30.2,B
2021-06-16T11:07:55,1000.0,30.2,B
2021-06-16T11:07:23,5000.0,30.2,B
2021-06-16T11:07:22,100.0,30.2,B
2021-06-16T11:07:17,3000.0,30.2,B
2021-06-16T11:06:26,1000.0,30.2,B
2021-06-16T11:06:14,100.0,30.1,S
2021-06-16T11:05:53,1300.0,30.1,B
2021-06-16T11:05:23,100.0,30.0,S
2021-06-16T11:05:21,500.0,30.0,S
2021-06-16T11:04:59,1000.0,30.1,S
2021-06-16T11:04:59,4500.0,30.1,S
2021-06-16T11:04:59,500.0,30.1,S
2021-06-16T11:04:57,13400.0,30.1,S
2021-06-16T11:04:10,1200.0,30.1,S
2021-06-16T11:03:40,200.0,30.1,S
2021-06-16T11:03:11,300.0,30.1,S
2021-06-16T11:02:29,300.0,30.1,S
2021-06-16T11:02:06,200.0,30.2,B
2021-06-16T11:02:03,1100.0,30.2,B
2021-06-16T11:01:57,7600.0,30.2,S
2021-06-16T11:01:46,200.0,30.2,S
2021-06-16T11:01:28,1000.0,30.2,S
2021-06-16T11:01:15,1000.0,30.2,S
2021-06-16T11:00:39,100.0,30.2,S
2021-06-16T11:00:25,300.0,30.2,S
2021-06-16T10:59:39,2300.0,30.25,S
2021-06-16T10:59:37,1000.0,30.25,S
2021-06-16T10:59:26,2400.0,30.25,S
2021-06-16T10:59:24,1000.0,30.25,S
2021-06-16T10:58:46,100.0,30.25,S
2021-06-16T10:57:29,100.0,30.3,B
2021-06-16T10:57:16,100.0,30.3,B
2021-06-16T10:57:09,100.0,30.25,S
2021-06-16T10:56:38,100.0,30.3,B
2021-06-16T10:56:38,200.0,30.25,S
2021-06-16T10:56:20,1000.0,30.25,S
2021-06-16T10:56:18,1000.0,30.3,B
2021-06-16T10:56:13,300.0,30.3,B
2021-06-16T10:56:06,100.0,30.3,B
2021-06-16T10:55:40,3000.0,30.3,B
2021-06-16T10:55:25,500.0,30.25,S
2021-06-16T10:54:42,400.0,30.3,B
2021-06-16T10:54:35,1000.0,30.25,S
2021-06-16T10:54:29,2000.0,30.3,B
2021-06-16T10:54:18,100.0,30.3,B
2021-06-16T10:54:12,300.0,30.3,B
2021-06-16T10:54:02,3300.0,30.3,B
2021-06-16T10:53:44,100.0,30.3,B
2021-06-16T10:53:16,100.0,30.25,B
2021-06-16T10:53:15,100.0,30.2,S
2021-06-16T10:51:51,500.0,30.2,B
2021-06-16T10:51:50,2000.0,30.2,B
2021-06-16T10:51:48,2000.0,30.2,B
2021-06-16T10:51:44,300.0,30.2,B
2021-06-16T10:51:32,2400.0,30.2,B
2021-06-16T10:51:18,2000.0,30.2,B
2021-06-16T10:51:14,2000.0,30.2,B
2021-06-16T10:50:49,1000.0,30.2,B
2021-06-16T10:50:48,100.0,30.2,B
2021-06-16T10:50:48,1000.0,30.2,B
2021-06-16T10:50:42,100.0,30.2,B
2021-06-16T10:50:41,3000.0,30.2,B
2021-06-16T10:50:36,2000.0,30.1,S
2021-06-16T10:50:18,2000.0,30.2,B
2021-06-16T10:49:52,300.0,30.1,B
2021-06-16T10:49:52,900.0,30.1,B
2021-06-16T10:49:29,1000.0,30.1,B
2021-06-16T10:49:25,100.0,30.1,B
2021-06-16T10:48:25,100.0,30.0,B
2021-06-16T10:48:25,1500.0,30.0,B
2021-06-16T10:48:23,10000.0,30.0,B
2021-06-16T10:48:22,2000.0,30.0,B
2021-06-16T10:48:22,500.0,30.0,B
2021-06-16T10:48:22,500.0,30.0,B
2021-06-16T10:48:10,1000.0,30.0,B
2021-06-16T10:48:05,500.0,30.0,B
2021-06-16T10:48:01,500.0,30.0,B
2021-06-16T10:47:44,200.0,30.0,B
2021-06-16T10:47:41,2000.0,30.0,B
2021-06-16T10:47:32,1400.0,30.0,B
2021-06-16T10:47:32,3100.0,30.0,B
2021-06-16T10:47:32,500.0,30.0,B
2021-06-16T10:47:16,2000.0,30.0,B
2021-06-16T10:47:01,1400.0,29.95,S
2021-06-16T10:46:32,400.0,29.9,B
2021-06-16T10:46:26,100.0,29.85,S
2021-06-16T10:46:20,10000.0,29.8,S
2021-06-16T10:46:13,600.0,29.85,S
2021-06-16T10:45:49,800.0,29.8,S
2021-06-16T10:45:41,200.0,29.85,S
2021-06-16T10:45:40,300.0,29.8,S
2021-06-16T10:45:33,200.0,29.85,S
2021-06-16T10:45:17,2000.0,29.8,S
2021-06-16T10:45:16,800.0,29.85,S
2021-06-16T10:44:49,2000.0,29.8,S
2021-06-16T10:44:42,100.0,29.8,S
2021-06-16T10:44:38,900.0,29.8,S
2021-06-16T10:44:38,100.0,29.8,S
2021-06-16T10:44:05,100.0,29.8,B
2021-06-16T10:43:39,200.0,29.8,B
2021-06-16T10:43:38,500.0,29.8,B
2021-06-16T10:42:56,100.0,29.8,B
2021-06-16T10:42:41,500.0,29.75,S
2021-06-16T10:42:16,4000.0,29.9,B
2021-06-16T10:42:07,1900.0,29.75,S
2021-06-16T10:42:05,1700.0,29.8,B
2021-06-16T10:41:45,1000.0,29.8,B
2021-06-16T10:41:18,2000.0,29.8,B
2021-06-16T10:41:03,3000.0,29.8,B
2021-06-16T10:40:43,100.0,29.8,B
2021-06-16T10:40:14,2000.0,29.75,S
2021-06-16T10:40:08,200.0,29.8,S
2021-06-16T10:39:58,3400.0,29.8,S
2021-06-16T10:39:22,400.0,29.9,B
2021-06-16T10:39:09,1000.0,29.9,B
2021-06-16T10:38:36,400.0,29.9,S
2021-06-16T10:37:51,1000.0,29.9,S
2021-06-16T10:37:51,600.0,29.9,S
2021-06-16T10:37:51,1000.0,29.9,S
2021-06-16T10:37:47,1000.0,29.9,S
2021-06-16T10:37:19,400.0,29.9,B
2021-06-16T10:37:08,600.0,29.9,B
2021-06-16T10:36:53,2000.0,29.9,B
2021-06-16T10:36:21,100.0,29.8,S
2021-06-16T10:36:18,5000.0,29.9,B
2021-06-16T10:36:17,300.0,29.8,S
2021-06-16T10:36:09,600.0,29.8,S
2021-06-16T10:36:09,1000.0,29.8,S
2021-06-16T10:36:09,4900.0,29.8,S
2021-06-16T10:35:57,700.0,29.9,B
2021-06-16T10:35:52,2500.0,29.8,S
2021-06-16T10:35:36,2500.0,29.8,S
2021-06-16T10:34:58,1000.0,29.9,B
2021-06-16T10:32:37,300.0,29.8,S
2021-06-16T10:32:07,100.0,29.8,S
2021-06-16T10:31:37,3000.0,29.8,S
2021-06-16T10:31:02,500.0,29.8,S
2021-06-16T10:29:51,1500.0,29.8,S
2021-06-16T10:29:51,2000.0,29.8,S
2021-06-16T10:29:51,2500.0,29.8,S
2021-06-16T10:28:32,1300.0,29.9,S
2021-06-16T10:28:08,500.0,29.9,S
2021-06-16T10:27:55,200.0,29.9,S
2021-06-16T10:27:10,2500.0,30.0,B
2021-06-16T10:26:52,1000.0,30.0,B
2021-06-16T10:26:47,200.0,30.0,B
2021-06-16T10:26:41,1600.0,29.8,S
2021-06-16T10:26:33,1000.0,30.0,B
2021-06-16T10:26:27,100.0,30.0,B
2021-06-16T10:26:13,13900.0,30.0,B
2021-06-16T10:24:43,500.0,30.0,B
2021-06-16T10:24:27,1000.0,30.0,B
2021-06-16T10:24:13,100.0,30.0,S
2021-06-16T10:23:54,3700.0,29.7,S
2021-06-16T10:23:54,1000.0,29.7,S
2021-06-16T10:23:54,15400.0,29.7,S
2021-06-16T10:23:54,700.0,29.8,S
2021-06-16T10:23:54,1300.0,29.8,S
2021-06-16T10:23:54,300.0,29.8,S
2021-06-16T10:23:54,500.0,29.8,S
2021-06-16T10:23:54,3100.0,29.8,S
2021-06-16T10:23:54,200.0,29.8,S
2021-06-16T10:23:54,5100.0,29.8,S
2021-06-16T10:23:54,2200.0,29.8,S
2021-06-16T10:23:54,900.0,29.8,S
2021-06-16T10:23:54,1800.0,29.8,S
2021-06-16T10:23:49,1000.0,29.8,S
2021-06-16T10:23:25,1000.0,30.0,S
2021-06-16T10:23:25,500.0,30.0,S
2021-06-16T10:23:25,2500.0,30.0,S
2021-06-16T10:23:25,8000.0,30.0,S
2021-06-16T10:22:47,500.0,29.8,S
2021-06-16T10:22:11,500.0,29.8,S
2021-06-16T10:21:55,4000.0,29.8,S
2021-06-16T10:21:44,1000.0,30.0,S
2021-06-16T10:21:26,3000.0,29.8,S
2021-06-16T10:21:13,200.0,30.0,S
2021-06-16T10:20:55,2000.0,29.8,S
2021-06-16T10:20:16,1300.0,29.8,S
2021-06-16T10:19:50,2300.0,29.8,S
2021-06-16T10:19:49,2700.0,29.8,S
2021-06-16T10:19:22,100.0,29.8,S
2021-06-16T10:19:15,100.0,30.0,S
2021-06-16T10:19:10,1300.0,29.8,S
2021-06-16T10:18:55,500.0,29.8,S
2021-06-16T10:18:50,5000.0,29.8,S
2021-06-16T10:18:15,200.0,30.0,S
2021-06-16T10:18:14,100.0,30.0,S
2021-06-16T10:17:57,4000.0,29.8,S
2021-06-16T10:17:40,300.0,29.9,S
2021-06-16T10:17:40,900.0,29.9,S
2021-06-16T10:17:40,1500.0,29.9,S
2021-06-16T10:17:40,1400.0,30.0,S
2021-06-16T10:17:40,4200.0,30.0,S
2021-06-16T10:17:40,500.0,30.0,S
2021-06-16T10:17:39,1200.0,30.0,S
2021-06-16T10:17:19,200.0,30.0,S
2021-06-16T10:17:17,100.0,30.0,S
2021-06-16T10:17:07,500.0,30.0,S
2021-06-16T10:16:55,1000.0,30.0,S
2021-06-16T10:16:33,3500.0,30.0,S
2021-06-16T10:16:23,300.0,30.0,S
2021-06-16T10:16:20,1600.0,30.0,S
2021-06-16T10:15:23,200.0,30.0,S
2021-06-16T10:15:23,900.0,30.0,S
2021-06-16T10:15:09,200.0,30.0,S
2021-06-16T10:14:58,200.0,30.0,S
2021-06-16T10:14:48,3000.0,30.0,S
2021-06-16T10:14:27,5500.0,30.0,S
2021-06-16T10:13:50,500.0,30.0,S
2021-06-16T10:13:38,600.0,30.0,S
2021-06-16T10:13:33,200.0,30.0,S
2021-06-16T10:13:32,1200.0,30.0,S
2021-06-16T10:13:32,300.0,30.0,S
2021-06-16T10:13:31,3500.0,30.0,S
2021-06-16T10:13:20,600.0,30.0,S
2021-06-16T10:13:18,400.0,30.0,S
2021-06-16T10:13:13,200.0,30.0,S
2021-06-16T10:13:10,600.0,30.0,S
2021-06-16T10:12:49,1700.0,30.0,S
2021-06-16T10:12:19,1700.0,30.0,S
2021-06-16T10:11:39,5000.0,30.0,S
2021-06-16T10:10:48,2600.0,30.0,S
2021-06-16T10:10:48,2400.0,30.0,S
2021-06-16T10:10:04,500.0,30.0,S
2021-06-16T10:09:43,100.0,30.0,S
2021-06-16T10:09:38,1200.0,30.0,S
2021-06-16T10:09:33,1200.0,30.0,S
2021-06-16T10:09:17,1400.0,30.1,S
2021-06-16T10:09:17,800.0,30.0,S
2021-06-16T10:09:09,1400.0,30.0,S
2021-06-16T10:09:03,200.0,30.1,S
2021-06-16T10:09:00,5000.0,30.0,S
2021-06-16T10:08:51,1700.0,30.0,S
2021-06-16T10:08:51,800.0,30.0,S
2021-06-16T10:08:51,500.0,30.0,S
2021-06-16T10:08:50,2000.0,30.0,S
2021-06-16T10:08:02,900.0,30.1,S
2021-06-16T10:07:50,900.0,30.0,S
2021-06-16T10:07:50,600.0,30.0,S
2021-06-16T10:07:50,3500.0,30.0,S
2021-06-16T10:07:20,200.0,30.2,S
2021-06-16T10:06:40,1000.0,30.1,S
2021-06-16T10:06:21,1000.0,30.2,S
2021-06-16T10:06:19,100.0,30.2,S
2021-06-16T10:06:03,6700.0,30.0,S
2021-06-16T10:06:03,3000.0,30.0,S
2021-06-16T10:06:03,1400.0,30.0,S
2021-06-16T10:06:03,1000.0,30.0,S
2021-06-16T10:06:03,1200.0,30.05,S
2021-06-16T10:06:03,2600.0,30.05,S
2021-06-16T10:06:03,1100.0,30.1,S
2021-06-16T10:06:03,800.0,30.1,S
2021-06-16T10:06:03,600.0,30.1,S
2021-06-16T10:06:03,1600.0,30.1,S
2021-06-16T10:05:33,2000.0,30.2,S
2021-06-16T10:05:31,1000.0,30.2,S
2021-06-16T10:05:24,700.0,30.2,S
2021-06-16T10:05:16,1000.0,30.2,S
2021-06-16T10:05:16,3500.0,30.2,S
2021-06-16T10:05:16,600.0,30.2,S
2021-06-16T10:05:16,800.0,30.2,S
2021-06-16T10:05:16,2300.0,30.2,S
2021-06-16T10:05:16,1800.0,30.2,S
2021-06-16T10:05:10,500.0,30.2,S
2021-06-16T10:04:50,100.0,30.3,B
2021-06-16T10:04:45,1000.0,30.2,S
2021-06-16T10:04:28,600.0,30.2,S
2021-06-16T10:04:23,2000.0,30.3,B
2021-06-16T10:03:57,3000.0,30.2,S
2021-06-16T10:03:47,600.0,30.2,S
2021-06-16T10:03:30,500.0,30.3,B
2021-06-16T10:03:28,1000.0,30.2,S
2021-06-16T10:02:04,2000.0,30.3,S
2021-06-16T10:01:54,200.0,30.3,S
2021-06-16T10:01:33,11600.0,30.3,S
2021-06-16T10:01:27,1500.0,30.3,S
2021-06-16T10:01:24,100.0,30.4,B
2021-06-16T10:00:40,1000.0,30.3,S
2021-06-16T10:00:18,300.0,30.3,S
2021-06-16T09:59:52,100.0,30.3,S
2021-06-16T09:59:48,1300.0,30.3,S
2021-06-16T09:59:29,1100.0,30.3,S
2021-06-16T09:59:29,900.0,30.3,S
2021-06-16T09:59:24,2600.0,30.3,S
2021-06-16T09:59:24,5500.0,30.3,S
2021-06-16T09:59:24,1000.0,30.3,S
2021-06-16T09:59:23,5500.0,30.3,S
2021-06-16T09:59:20,500.0,30.3,S
2021-06-16T09:59:20,1000.0,30.3,S
2021-06-16T09:59:06,1200.0,30.3,S
2021-06-16T09:59:06,600.0,30.3,S
2021-06-16T09:59:06,400.0,30.3,S
2021-06-16T09:59:06,1500.0,30.3,S
2021-06-16T09:59:02,3000.0,30.3,S
2021-06-16T09:58:48,1000.0,30.3,S
2021-06-16T09:58:27,10000.0,30.3,S
2021-06-16T09:58:27,2000.0,30.35,S
2021-06-16T09:58:26,2400.0,30.35,S
2021-06-16T09:58:09,100.0,30.35,S
2021-06-16T09:57:56,500.0,30.4,S
2021-06-16T09:56:43,300.0,30.35,S
2021-06-16T09:56:31,100.0,30.35,S
2021-06-16T09:56:31,1500.0,30.3,S
2021-06-16T09:55:56,500.0,30.4,S
2021-06-16T09:55:56,1000.0,30.35,S
2021-06-16T09:55:40,1000.0,30.3,S
2021-06-16T09:55:38,1000.0,30.35,S
2021-06-16T09:55:28,1000.0,30.4,S
2021-06-16T09:55:16,300.0,30.3,S
2021-06-16T09:54:57,500.0,30.4,S
2021-06-16T09:54:57,500.0,30.35,S
2021-06-16T09:54:53,100.0,30.3,S
2021-06-16T09:54:30,500.0,30.35,S
2021-06-16T09:53:37,1000.0,30.4,S
2021-06-16T09:53:15,200.0,30.4,S
2021-06-16T09:52:58,1200.0,30.4,S
2021-06-16T09:52:44,500.0,30.35,S
2021-06-16T09:52:33,800.0,30.4,S
2021-06-16T09:52:33,300.0,30.4,S
2021-06-16T09:52:24,1000.0,30.45,B
2021-06-16T09:52:23,500.0,30.45,B
2021-06-16T09:52:10,900.0,30.4,S
2021-06-16T09:52:10,800.0,30.4,S
2021-06-16T09:52:10,1200.0,30.4,S
2021-06-16T09:52:10,3200.0,30.4,S
2021-06-16T09:52:10,700.0,30.4,S
2021-06-16T09:52:10,400.0,30.4,S
2021-06-16T09:52:10,500.0,30.4,S
2021-06-16T09:52:08,1300.0,30.4,S
2021-06-16T09:51:47,2000.0,30.45,B
2021-06-16T09:51:27,500.0,30.45,B
2021-06-16T09:51:24,500.0,30.45,B
2021-06-16T09:51:21,100.0,30.4,S
2021-06-16T09:51:04,200.0,30.45,B
2021-06-16T09:51:03,100.0,30.45,B
2021-06-16T09:50:56,10000.0,30.4,S
2021-06-16T09:50:54,100.0,30.45,B
2021-06-16T09:50:44,400.0,30.5,B
2021-06-16T09:50:29,200.0,30.5,B
2021-06-16T09:50:25,1800.0,30.45,B
2021-06-16T09:50:25,600.0,30.45,B
2021-06-16T09:50:22,500.0,30.45,B
2021-06-16T09:50:10,100.0,30.45,B
2021-06-16T09:49:53,700.0,30.45,B
2021-06-16T09:49:40,400.0,30.45,B
2021-06-16T09:49:28,2100.0,30.45,S
2021-06-16T09:49:20,300.0,30.5,B
2021-06-16T09:49:07,1000.0,30.5,B
2021-06-16T09:48:58,200.0,30.5,B
2021-06-16T09:48:58,13800.0,30.5,B
2021-06-16T09:48:57,3000.0,30.45,S
2021-06-16T09:48:55,100.0,30.5,B
2021-06-16T09:48:48,200.0,30.45,S
2021-06-16T09:48:39,1000.0,30.45,S
2021-06-16T09:48:27,700.0,30.5,B
2021-06-16T09:48:22,200.0,30.45,S
2021-06-16T09:47:59,100.0,30.5,B
2021-06-16T09:47:45,1100.0,30.45,S
2021-06-16T09:47:41,400.0,30.5,B
2021-06-16T09:47:37,2000.0,30.45,S
2021-06-16T09:46:35,1000.0,30.45,S
2021-06-16T09:46:35,1400.0,30.45,S
2021-06-16T09:46:28,6100.0,30.5,B
2021-06-16T09:46:28,1500.0,30.5,B
2021-06-16T09:46:27,600.0,30.5,B
2021-06-16T09:46:27,2500.0,30.5,B
2021-06-16T09:46:27,300.0,30.5,B
2021-06-16T09:46:27,700.0,30.5,B
2021-06-16T09:46:27,300.0,30.5,B
2021-06-16T09:46:27,500.0,30.5,B
2021-06-16T09:46:27,200.0,30.5,B
2021-06-16T09:46:27,2300.0,30.5,B
2021-06-16T09:46:25,200.0,30.5,B
2021-06-16T09:46:14,1000.0,30.45,S
2021-06-16T09:45:53,1000.0,30.5,B
2021-06-16T09:45:33,1000.0,30.45,S
2021-06-16T09:45:14,200.0,30.5,B
2021-06-16T09:45:01,2000.0,30.45,S
2021-06-16T09:44:43,100.0,30.45,S
2021-06-16T09:44:43,900.0,30.45,S
2021-06-16T09:44:33,100.0,30.5,B
2021-06-16T09:44:33,200.0,30.5,B
2021-06-16T09:44:32,200.0,30.45,S
2021-06-16T09:44:30,1000.0,30.45,S
2021-06-16T09:44:29,500.0,30.45,S
2021-06-16T09:44:26,200.0,30.45,S
2021-06-16T09:44:25,1000.0,30.5,B
2021-06-16T09:44:25,300.0,30.5,B
2021-06-16T09:44:13,100.0,30.5,B
2021-06-16T09:44:07,900.0,30.5,B
2021-06-16T09:43:38,200.0,30.45,S
2021-06-16T09:43:29,300.0,30.5,B
2021-06-16T09:43:26,200.0,30.5,B
2021-06-16T09:43:26,800.0,30.5,B
2021-06-16T09:43:21,500.0,30.5,B
2021-06-16T09:43:17,4200.0,30.5,B
2021-06-16T09:43:17,400.0,30.45,S
2021-06-16T09:43:13,200.0,30.45,S
2021-06-16T09:43:04,400.0,30.45,S
2021-06-16T09:43:02,100.0,30.5,B
2021-06-16T09:42:58,400.0,30.45,S
2021-06-16T09:42:53,1000.0,30.5,B
2021-06-16T09:42:25,500.0,30.45,S
2021-06-16T09:42:24,1000.0,30.5,B
2021-06-16T09:42:06,1500.0,30.5,B
2021-06-16T09:42:05,5000.0,30.5,B
2021-06-16T09:42:00,700.0,30.5,B
2021-06-16T09:41:40,300.0,30.5,B
2021-06-16T09:41:36,1000.0,30.5,B
2021-06-16T09:41:17,100.0,30.45,B
2021-06-16T09:41:12,500.0,30.5,B
2021-06-16T09:41:10,300.0,30.5,B
2021-06-16T09:41:02,100.0,30.5,B
2021-06-16T09:40:58,300.0,30.45,B
2021-06-16T09:40:55,500.0,30.5,B
2021-06-16T09:40:55,200.0,30.5,B
2021-06-16T09:40:41,300.0,30.5,B
2021-06-16T09:40:21,400.0,30.5,B
2021-06-16T09:40:00,500.0,30.5,B
2021-06-16T09:39:56,500.0,30.5,B
2021-06-16T09:39:36,200.0,30.5,B
2021-06-16T09:39:33,5000.0,30.5,B
2021-06-16T09:39:32,100.0,30.5,B
2021-06-16T09:39:06,2000.0,30.5,B
2021-06-16T09:39:05,1000.0,30.5,B
2021-06-16T09:38:31,500.0,30.5,B
2021-06-16T09:37:58,800.0,30.5,B
2021-06-16T09:37:58,1000.0,30.45,B
2021-06-16T09:37:46,100.0,30.5,B
2021-06-16T09:37:33,500.0,30.4,B
2021-06-16T09:37:23,3400.0,30.4,B
2021-06-16T09:37:01,1000.0,30.5,B
2021-06-16T09:36:38,400.0,30.4,B
2021-06-16T09:36:37,3000.0,30.4,B
2021-06-16T09:36:15,1400.0,30.4,B
2021-06-16T09:36:14,200.0,30.3,S
2021-06-16T09:36:01,3700.0,30.3,S
2021-06-16T09:36:01,1000.0,30.3,S
2021-06-16T09:36:01,5000.0,30.3,S
2021-06-16T09:36:01,300.0,30.3,S
2021-06-16T09:35:46,100.0,30.4,B
2021-06-16T09:35:40,1000.0,30.3,B
2021-06-16T09:35:39,4000.0,30.3,B
2021-06-16T09:35:32,1000.0,30.3,B
2021-06-16T09:35:24,400.0,30.3,B
2021-06-16T09:34:49,500.0,30.3,B
2021-06-16T09:34:49,600.0,30.3,B
2021-06-16T09:34:48,6100.0,30.3,B
2021-06-16T09:34:43,500.0,30.3,B
2021-06-16T09:34:37,300.0,30.3,B
2021-06-16T09:34:32,500.0,30.3,B
2021-06-16T09:34:26,5000.0,30.3,B
2021-06-16T09:34:26,1100.0,30.3,B
2021-06-16T09:34:26,2900.0,30.3,B
2021-06-16T09:34:13,100.0,30.3,B
2021-06-16T09:34:10,100.0,30.3,B
2021-06-16T09:33:48,400.0,30.3,B
2021-06-16T09:33:29,600.0,30.3,B
2021-06-16T09:33:14,500.0,30.3,B
2021-06-16T09:33:12,100.0,30.3,B
2021-06-16T09:33:05,1000.0,30.2,B
2021-06-16T09:32:55,5800.0,30.3,B
2021-06-16T09:32:47,1000.0,30.2,B
2021-06-16T09:32:30,600.0,30.3,B
2021-06-16T09:32:24,1000.0,30.2,B
2021-06-16T09:32:24,500.0,30.2,B
2021-06-16T09:32:12,800.0,30.2,B
2021-06-16T09:32:12,200.0,30.2,B
2021-06-16T09:32:04,400.0,30.3,B
2021-06-16T09:31:59,5000.0,30.2,B
2021-06-16T09:31:48,500.0,30.2,B
2021-06-16T09:30:47,700.0,30.2,B
2021-06-16T09:30:46,200.0,30.2,B
2021-06-16T09:30:35,2000.0,30.2,B
2021-06-16T09:30:35,1700.0,30.2,B
2021-06-16T09:30:35,3300.0,30.2,B
2021-06-16T09:30:35,1000.0,30.2,B
2021-06-16T09:30:31,5000.0,30.2,B
2021-06-16T09:30:22,300.0,30.2,B
2021-06-16T09:30:02,100.0,30.2,B
2021-06-16T09:29:46,1000.0,30.1,B
2021-06-16T09:29:08,3600.0,30.1,B
2021-06-16T09:28:50,600.0,30.1,S
2021-06-16T09:28:40,800.0,30.1,S
2021-06-16T09:28:39,5000.0,30.2,B
2021-06-16T09:28:35,100.0,30.2,B
2021-06-16T09:28:33,100.0,30.2,B
2021-06-16T09:28:21,2000.0,30.2,B
2021-06-16T09:27:53,400.0,30.2,B
2021-06-16T09:27:31,600.0,30.2,B
2021-06-16T09:27:17,2000.0,30.2,B
2021-06-16T09:27:11,15000.0,30.2,B
2021-06-16T09:27:07,400.0,30.2,B
2021-06-16T09:27:05,500.0,30.0,S
2021-06-16T09:27:04,500.0,30.2,B
2021-06-16T09:26:55,10400.0,30.0,S
2021-06-16T09:26:47,100.0,30.2,B
2021-06-16T09:26:44,1000.0,30.2,B
2021-06-16T09:26:30,7400.0,30.2,B
2021-06-16T09:26:29,100.0,30.0,B
2021-06-16T09:26:28,100.0,30.0,B
2021-06-16T09:26:25,4300.0,30.0,B
2021-06-16T09:26:14,2000.0,30.0,B
2021-06-16T09:26:07,8000.0,30.0,B
2021-06-16T09:26:05,500.0,30.0,B
2021-06-16T09:26:04,5000.0,30.0,B
2021-06-16T09:26:02,1000.0,29.8,S
2021-06-16T09:25:58,1000.0,29.8,S
2021-06-16T09:25:43,200.0,29.8,S
2021-06-16T09:25:38,500.0,30.0,B
2021-06-16T09:25:29,300.0,29.8,S
2021-06-16T09:25:13,200.0,30.0,B
2021-06-16T09:24:59,2000.0,30.0,B
2021-06-16T09:24:49,7100.0,29.8,B
2021-06-16T09:24:46,500.0,29.8,B
2021-06-16T09:24:41,3000.0,29.65,S
2021-06-16T09:24:34,1000.0,29.8,B
2021-06-16T09:24:23,1400.0,29.8,B
2021-06-16T09:24:19,600.0,29.8,B
2021-06-16T09:24:19,5000.0,29.8,B
2021-06-16T09:24:19,6700.0,29.8,B
2021-06-16T09:24:19,3000.0,29.8,B
2021-06-16T09:23:30,200.0,29.8,B
2021-06-16T09:23:13,500.0,29.8,B
2021-06-16T09:23:13,500.0,29.7,B
2021-06-16T09:23:01,1000.0,29.8,B
2021-06-16T09:23:00,1000.0,29.8,B
2021-06-16T09:22:59,1000.0,29.8,B
2021-06-16T09:22:53,10000.0,29.8,B
2021-06-16T09:22:45,200.0,29.8,B
2021-06-16T09:22:45,100.0,29.8,B
2021-06-16T09:22:24,1000.0,29.8,B
2021-06-16T09:22:13,5000.0,29.8,B
2021-06-16T09:22:10,500.0,29.8,B
2021-06-16T09:22:07,5000.0,29.6,S
2021-06-16T09:21:41,2000.0,29.8,B
2021-06-16T09:21:27,4200.0,29.6,B
2021-06-16T09:21:27,5300.0,29.6,B
2021-06-16T09:21:25,1000.0,29.7,B
2021-06-16T09:21:16,1000.0,29.8,B
2021-06-16T09:20:14,1000.0,29.8,B
2021-06-16T09:20:13,3300.0,29.6,B
2021-06-16T09:20:04,500.0,29.6,B
2021-06-16T09:19:51,2000.0,29.6,S
2021-06-16T09:19:45,100.0,29.6,S
2021-06-16T09:19:44,6100.0,29.6,S
2021-06-16T09:19:14,2700.0,29.6,S
2021-06-16T09:18:58,1000.0,29.7,S
2021-06-16T09:18:34,100.0,29.7,S
2021-06-16T09:18:21,200.0,29.65,S
2021-06-16T09:18:09,500.0,29.8,B
2021-06-16T09:18:02,300.0,29.65,S
2021-06-16T09:17:46,500.0,29.8,B
2021-06-16T09:17:33,5000.0,29.8,B
2021-06-16T09:17:31,1000.0,29.8,S
2021-06-16T09:17:31,1200.0,29.8,S
2021-06-16T09:17:25,100.0,30.0,B
2021-06-16T09:17:23,100.0,29.8,S
2021-06-16T09:17:15,100.0,30.0,B
2021-06-16T09:17:04,2000.0,29.8,S
2021-06-16T09:16:55,500.0,30.0,B
2021-06-16T09:16:49,6000.0,30.0,S
2021-06-16T09:16:33,1000.0,30.0,S
2021-06-16T09:16:20,900.0,30.05,B
2021-06-16T09:16:18,200.0,30.05,B
2021-06-16T09:16:16,300.0,30.0,S
2021-06-16T09:15:53,100.0,30.0,S
2021-06-16T09:15:53,4900.0,30.0,S
2021-06-16T09:15:46,100.0,30.05,S
2021-06-16T09:15:46,300.0,30.05,S
2021-06-16T09:15:46,100.0,30.05,S
