tradingTime,volume,price,side
2021-06-16T14:20:43,10000.0,51.7,S
2021-06-16T14:19:44,400.0,51.7,B
2021-06-16T14:19:43,300.0,51.7,B
2021-06-16T14:19:41,200.0,51.7,B
2021-06-16T14:19:41,200.0,51.8,B
2021-06-16T14:19:40,400.0,51.8,B
2021-06-16T14:19:40,7200.0,51.6,B
2021-06-16T14:19:39,3300.0,51.6,B
2021-06-16T14:19:39,3000.0,51.6,B
2021-06-16T14:19:39,100.0,51.6,B
2021-06-16T14:19:39,2500.0,51.6,B
2021-06-16T14:19:39,8300.0,51.6,B
2021-06-16T14:19:39,5600.0,51.6,B
2021-06-16T14:19:38,10000.0,51.8,B
2021-06-16T14:19:38,1000.0,51.7,B
2021-06-16T14:19:35,700.0,51.7,B
2021-06-16T14:19:35,3800.0,51.7,B
2021-06-16T14:19:35,500.0,51.7,B
2021-06-16T14:19:34,600.0,51.6,B
2021-06-16T14:19:34,600.0,51.6,B
2021-06-16T14:19:33,100.0,51.7,B
2021-06-16T14:19:33,500.0,51.6,B
2021-06-16T14:19:30,100.0,51.7,B
2021-06-16T14:19:26,100.0,51.7,B
2021-06-16T14:19:25,1000.0,51.6,B
2021-06-16T14:19:25,100.0,51.6,B
2021-06-16T14:19:25,7100.0,51.6,B
2021-06-16T14:19:25,1100.0,51.6,B
2021-06-16T14:19:25,700.0,51.6,B
2021-06-16T14:19:25,10000.0,51.6,B
2021-06-16T14:19:24,800.0,51.6,B
2021-06-16T14:19:24,3800.0,51.6,B
2021-06-16T14:19:24,1500.0,51.6,B
2021-06-16T14:19:24,200.0,51.6,B
2021-06-16T14:19:24,200.0,51.6,B
2021-06-16T14:19:24,4000.0,51.6,B
2021-06-16T14:19:24,1200.0,51.6,B
2021-06-16T14:19:24,3300.0,51.6,B
2021-06-16T14:19:24,1000.0,51.7,B
2021-06-16T14:19:22,500.0,51.7,B
2021-06-16T14:19:22,200.0,51.7,B
2021-06-16T14:19:21,100.0,51.7,B
2021-06-16T14:19:20,300.0,51.7,B
2021-06-16T14:19:16,2000.0,51.7,B
2021-06-16T14:19:13,100.0,51.6,B
2021-06-16T14:19:10,5800.0,51.6,B
2021-06-16T14:19:06,3700.0,51.7,B
2021-06-16T14:19:06,5300.0,51.7,B
2021-06-16T14:19:06,1500.0,51.7,B
2021-06-16T14:19:06,3900.0,51.7,B
2021-06-16T14:19:05,1400.0,51.6,B
2021-06-16T14:19:02,100.0,51.7,B
2021-06-16T14:19:01,700.0,51.7,B
2021-06-16T14:19:00,100.0,51.7,B
2021-06-16T14:19:00,300.0,51.7,B
2021-06-16T14:18:58,100.0,51.7,B
2021-06-16T14:18:54,2000.0,51.7,B
2021-06-16T14:18:51,2500.0,51.6,B
2021-06-16T14:18:51,1000.0,51.7,B
2021-06-16T14:18:50,200.0,51.7,B
2021-06-16T14:18:50,1000.0,51.6,B
2021-06-16T14:18:45,2500.0,51.7,B
2021-06-16T14:18:44,1100.0,51.7,B
2021-06-16T14:18:44,300.0,51.6,B
2021-06-16T14:18:43,100.0,51.7,B
2021-06-16T14:18:43,300.0,51.7,B
2021-06-16T14:18:39,4000.0,51.7,B
2021-06-16T14:18:39,400.0,51.7,B
2021-06-16T14:18:39,1300.0,51.7,B
2021-06-16T14:18:39,15000.0,51.7,B
2021-06-16T14:18:39,15700.0,51.7,B
2021-06-16T14:18:39,3200.0,51.7,B
2021-06-16T14:18:39,5100.0,51.7,B
2021-06-16T14:18:39,55300.0,51.7,B
2021-06-16T14:18:38,100.0,51.7,B
2021-06-16T14:18:38,100.0,51.6,B
2021-06-16T14:18:38,500.0,51.7,B
2021-06-16T14:18:37,100.0,51.7,B
2021-06-16T14:18:33,500.0,51.7,B
2021-06-16T14:18:27,100.0,51.7,B
2021-06-16T14:18:26,10000.0,51.7,B
2021-06-16T14:18:25,800.0,51.6,B
2021-06-16T14:18:25,100.0,51.6,B
2021-06-16T14:18:25,1000.0,51.7,B
2021-06-16T14:18:19,300.0,51.6,B
2021-06-16T14:18:18,10000.0,51.7,B
2021-06-16T14:18:15,100.0,51.6,B
2021-06-16T14:18:15,3000.0,51.7,B
2021-06-16T14:18:15,100.0,51.7,B
2021-06-16T14:18:15,400.0,51.6,B
2021-06-16T14:18:14,200.0,51.6,B
2021-06-16T14:18:12,2000.0,51.6,B
2021-06-16T14:18:12,3000.0,51.7,B
2021-06-16T14:18:07,1700.0,51.6,B
2021-06-16T14:18:07,400.0,51.6,B
2021-06-16T14:18:07,600.0,51.6,B
2021-06-16T14:18:07,500.0,51.6,B
2021-06-16T14:18:07,2300.0,51.6,B
2021-06-16T14:18:06,300.0,51.6,B
2021-06-16T14:18:06,1000.0,51.6,B
2021-06-16T14:18:06,1100.0,51.6,B
2021-06-16T14:18:06,700.0,51.6,B
2021-06-16T14:18:06,1400.0,51.6,B
2021-06-16T14:18:06,5100.0,51.6,B
2021-06-16T14:18:06,800.0,51.6,B
2021-06-16T14:18:06,2300.0,51.6,B
2021-06-16T14:18:06,1100.0,51.6,B
2021-06-16T14:18:06,700.0,51.6,B
2021-06-16T14:18:02,200.0,51.7,B
2021-06-16T14:17:58,1000.0,51.7,B
2021-06-16T14:17:58,900.0,51.6,B
2021-06-16T14:17:58,2000.0,51.6,B
2021-06-16T14:17:58,100.0,51.6,B
2021-06-16T14:17:58,7000.0,51.6,B
2021-06-16T14:17:58,2300.0,51.7,B
2021-06-16T14:17:58,7700.0,51.7,B
2021-06-16T14:17:55,200.0,51.7,B
2021-06-16T14:17:55,100.0,51.7,B
2021-06-16T14:17:53,1000.0,51.6,B
2021-06-16T14:17:52,2000.0,51.6,B
2021-06-16T14:17:49,300.0,51.6,B
2021-06-16T14:17:49,200.0,51.7,B
2021-06-16T14:17:49,400.0,51.6,B
2021-06-16T14:17:48,400.0,51.6,B
2021-06-16T14:17:47,400.0,51.7,B
2021-06-16T14:17:46,1100.0,51.6,B
2021-06-16T14:17:45,1000.0,51.6,B
2021-06-16T14:17:45,900.0,51.6,B
2021-06-16T14:17:44,1000.0,51.7,B
2021-06-16T14:17:42,4000.0,51.7,B
2021-06-16T14:17:41,1000.0,51.7,B
2021-06-16T14:17:40,500.0,51.7,B
2021-06-16T14:17:40,1000.0,51.7,B
2021-06-16T14:17:39,5000.0,51.6,B
2021-06-16T14:17:39,800.0,51.7,B
2021-06-16T14:17:38,500.0,51.7,B
2021-06-16T14:17:37,1000.0,51.7,B
2021-06-16T14:17:36,10000.0,51.7,B
2021-06-16T14:17:32,1800.0,51.7,B
2021-06-16T14:17:29,300.0,51.7,B
2021-06-16T14:17:28,200.0,51.6,B
2021-06-16T14:17:27,1000.0,51.7,B
2021-06-16T14:17:27,900.0,51.6,B
2021-06-16T14:17:27,2000.0,51.6,B
2021-06-16T14:17:27,4900.0,51.6,B
2021-06-16T14:17:26,900.0,51.6,B
2021-06-16T14:17:25,200.0,51.7,B
2021-06-16T14:17:24,200.0,51.7,B
2021-06-16T14:17:22,200.0,51.7,B
2021-06-16T14:17:19,100.0,51.6,B
2021-06-16T14:17:18,2000.0,51.6,B
2021-06-16T14:17:18,1800.0,51.6,B
2021-06-16T14:17:17,200.0,51.6,B
2021-06-16T14:17:15,200.0,51.7,B
2021-06-16T14:17:15,100.0,51.7,B
2021-06-16T14:17:12,1200.0,51.6,B
2021-06-16T14:17:12,500.0,51.7,B
2021-06-16T14:17:08,100.0,51.7,B
2021-06-16T14:17:07,1200.0,51.6,B
2021-06-16T14:17:03,20000.0,51.6,B
2021-06-16T14:17:01,100.0,51.7,B
2021-06-16T14:16:59,500.0,51.7,B
2021-06-16T14:16:58,1200.0,51.7,B
2021-06-16T14:16:54,100.0,51.7,B
2021-06-16T14:16:54,31300.0,51.7,B
2021-06-16T14:16:51,10100.0,51.7,B
2021-06-16T14:16:49,100.0,51.7,B
2021-06-16T14:16:48,800.0,51.7,B
2021-06-16T14:16:47,14200.0,51.6,B
2021-06-16T14:16:47,2400.0,51.6,B
2021-06-16T14:16:47,1000.0,51.6,B
2021-06-16T14:16:46,2400.0,51.6,B
2021-06-16T14:16:43,800.0,51.7,B
2021-06-16T14:16:43,500.0,51.7,B
2021-06-16T14:16:43,2000.0,51.7,B
2021-06-16T14:16:42,100.0,51.7,B
2021-06-16T14:16:41,300.0,51.6,B
2021-06-16T14:16:41,5000.0,51.7,B
2021-06-16T14:16:38,500.0,51.6,B
2021-06-16T14:16:36,200.0,51.7,B
2021-06-16T14:16:24,100.0,51.7,B
2021-06-16T14:16:22,2000.0,51.6,B
2021-06-16T14:16:22,6000.0,51.7,B
2021-06-16T14:16:20,1800.0,51.6,B
2021-06-16T14:16:19,1000.0,51.7,B
2021-06-16T14:16:19,900.0,51.6,B
2021-06-16T14:16:18,700.0,51.6,B
2021-06-16T14:16:16,1000.0,51.7,B
2021-06-16T14:16:14,1000.0,51.7,B
2021-06-16T14:16:13,300.0,51.6,B
2021-06-16T14:16:13,1000.0,51.7,B
2021-06-16T14:16:09,600.0,51.6,B
2021-06-16T14:16:09,1000.0,51.6,B
2021-06-16T14:16:08,1000.0,51.7,B
2021-06-16T14:16:08,400.0,51.7,B
2021-06-16T14:16:07,600.0,51.7,B
2021-06-16T14:16:07,200.0,51.7,B
2021-06-16T14:16:04,500.0,51.7,B
2021-06-16T14:16:03,1700.0,51.6,B
2021-06-16T14:16:03,100.0,51.6,B
2021-06-16T14:16:03,400.0,51.5,S
2021-06-16T14:16:02,1600.0,51.5,S
2021-06-16T14:16:01,200.0,51.6,B
2021-06-16T14:16:00,1700.0,51.6,B
2021-06-16T14:16:00,300.0,51.6,B
2021-06-16T14:16:00,10000.0,51.6,B
2021-06-16T14:15:58,1100.0,51.6,B
2021-06-16T14:15:58,200.0,51.6,B
2021-06-16T14:15:58,300.0,51.6,B
2021-06-16T14:15:56,500.0,51.6,B
2021-06-16T14:15:56,2100.0,51.6,B
2021-06-16T14:15:56,200.0,51.6,B
2021-06-16T14:15:56,100.0,51.6,B
2021-06-16T14:15:55,400.0,51.5,S
2021-06-16T14:15:55,1200.0,51.5,S
2021-06-16T14:15:55,8300.0,51.5,S
2021-06-16T14:15:55,2300.0,51.5,S
2021-06-16T14:15:54,1100.0,51.5,S
2021-06-16T14:15:54,2000.0,51.5,S
2021-06-16T14:15:54,5600.0,51.5,S
2021-06-16T14:15:54,5500.0,51.5,S
2021-06-16T14:15:54,1900.0,51.5,S
2021-06-16T14:15:54,2300.0,51.5,S
2021-06-16T14:15:54,700.0,51.5,S
2021-06-16T14:15:54,800.0,51.5,S
2021-06-16T14:15:54,700.0,51.5,S
2021-06-16T14:15:54,2400.0,51.5,S
2021-06-16T14:15:54,4500.0,51.5,S
2021-06-16T14:15:54,300.0,51.5,S
2021-06-16T14:15:54,900.0,51.5,S
2021-06-16T14:15:54,2000.0,51.5,S
2021-06-16T14:15:54,900.0,51.5,S
2021-06-16T14:15:54,700.0,51.5,S
2021-06-16T14:15:54,900.0,51.5,S
2021-06-16T14:15:54,500.0,51.5,S
2021-06-16T14:15:54,2100.0,51.5,S
2021-06-16T14:15:54,100.0,51.5,S
2021-06-16T14:15:53,1100.0,51.5,S
2021-06-16T14:15:53,2300.0,51.5,S
2021-06-16T14:15:53,7500.0,51.5,S
2021-06-16T14:15:53,5200.0,51.6,B
2021-06-16T14:15:53,5800.0,51.6,B
2021-06-16T14:15:51,1000.0,51.7,B
2021-06-16T14:15:50,1000.0,51.6,B
2021-06-16T14:15:49,10000.0,51.7,B
2021-06-16T14:15:48,2000.0,51.6,B
2021-06-16T14:15:45,100.0,51.6,B
2021-06-16T14:15:39,100.0,51.7,B
2021-06-16T14:15:37,500.0,51.7,B
2021-06-16T14:15:37,200.0,51.6,B
2021-06-16T14:15:33,500.0,51.6,B
2021-06-16T14:15:32,1500.0,51.5,S
2021-06-16T14:15:31,1000.0,51.5,S
2021-06-16T14:15:31,4900.0,51.5,S
2021-06-16T14:15:29,200.0,51.7,B
2021-06-16T14:15:26,100.0,51.7,B
2021-06-16T14:15:23,500.0,51.7,B
2021-06-16T14:15:22,4500.0,51.5,S
2021-06-16T14:15:22,500.0,51.5,S
2021-06-16T14:15:22,100.0,51.5,S
2021-06-16T14:15:22,400.0,51.5,S
2021-06-16T14:15:22,1800.0,51.5,S
2021-06-16T14:15:22,1000.0,51.5,S
2021-06-16T14:15:22,4100.0,51.5,S
2021-06-16T14:15:22,5500.0,51.5,S
2021-06-16T14:15:22,200.0,51.5,S
2021-06-16T14:15:22,600.0,51.5,S
2021-06-16T14:15:22,100.0,51.5,S
2021-06-16T14:15:22,300.0,51.5,S
2021-06-16T14:15:22,700.0,51.5,S
2021-06-16T14:15:22,1000.0,51.5,S
2021-06-16T14:15:22,800.0,51.5,S
2021-06-16T14:15:22,100.0,51.5,S
2021-06-16T14:15:22,300.0,51.5,S
2021-06-16T14:15:20,600.0,51.6,B
2021-06-16T14:15:20,2100.0,51.6,B
2021-06-16T14:15:20,100.0,51.6,B
2021-06-16T14:15:20,3100.0,51.6,B
2021-06-16T14:15:20,100.0,51.6,B
2021-06-16T14:15:20,2000.0,51.6,B
2021-06-16T14:15:20,3000.0,51.6,B
2021-06-16T14:15:20,100.0,51.7,B
2021-06-16T14:15:20,3100.0,51.7,B
2021-06-16T14:15:20,700.0,51.7,B
2021-06-16T14:15:20,7300.0,51.7,B
2021-06-16T14:15:16,1000.0,51.7,B
2021-06-16T14:15:15,30100.0,51.7,B
2021-06-16T14:15:13,2000.0,51.6,B
2021-06-16T14:15:12,4800.0,51.5,S
2021-06-16T14:15:12,5200.0,51.5,S
2021-06-16T14:15:12,700.0,51.5,S
2021-06-16T14:15:12,2200.0,51.5,S
2021-06-16T14:15:12,700.0,51.5,S
2021-06-16T14:15:12,300.0,51.5,S
2021-06-16T14:15:12,4200.0,51.5,S
2021-06-16T14:15:11,1200.0,51.5,S
2021-06-16T14:15:11,7200.0,51.6,B
2021-06-16T14:15:10,4500.0,51.6,B
2021-06-16T14:15:10,200.0,51.7,B
2021-06-16T14:15:09,9400.0,51.6,B
2021-06-16T14:15:09,300.0,51.6,B
2021-06-16T14:15:09,100.0,51.6,B
2021-06-16T14:15:09,1900.0,51.6,B
2021-06-16T14:15:09,200.0,51.6,B
2021-06-16T14:15:08,900.0,51.6,B
2021-06-16T14:15:08,10000.0,51.7,B
2021-06-16T14:15:06,1300.0,51.7,B
2021-06-16T14:15:05,500.0,51.7,B
2021-06-16T14:15:03,5100.0,51.6,B
2021-06-16T14:15:02,500.0,51.6,B
2021-06-16T14:15:02,3800.0,51.7,B
2021-06-16T14:15:02,3200.0,51.7,B
2021-06-16T14:14:59,1000.0,51.7,B
2021-06-16T14:14:57,100.0,51.6,B
2021-06-16T14:14:57,1500.0,51.5,S
2021-06-16T14:14:55,5400.0,51.5,S
2021-06-16T14:14:55,700.0,51.5,S
2021-06-16T14:14:55,4500.0,51.5,S
2021-06-16T14:14:55,200.0,51.5,S
2021-06-16T14:14:55,500.0,51.5,S
2021-06-16T14:14:55,6300.0,51.5,S
2021-06-16T14:14:55,900.0,51.5,S
2021-06-16T14:14:55,400.0,51.5,S
2021-06-16T14:14:55,1600.0,51.5,S
2021-06-16T14:14:55,1500.0,51.5,S
2021-06-16T14:14:54,700.0,51.5,S
2021-06-16T14:14:54,400.0,51.5,S
2021-06-16T14:14:54,600.0,51.5,S
2021-06-16T14:14:54,1100.0,51.5,S
2021-06-16T14:14:54,600.0,51.5,S
2021-06-16T14:14:53,100.0,51.6,B
2021-06-16T14:14:53,6800.0,51.6,B
2021-06-16T14:14:52,600.0,51.7,B
2021-06-16T14:14:49,2600.0,51.6,B
2021-06-16T14:14:49,600.0,51.6,B
2021-06-16T14:14:49,2300.0,51.6,B
2021-06-16T14:14:49,500.0,51.6,B
2021-06-16T14:14:49,1700.0,51.6,B
2021-06-16T14:14:49,1000.0,51.6,B
2021-06-16T14:14:49,1300.0,51.6,B
2021-06-16T14:14:49,100.0,51.7,B
2021-06-16T14:14:47,400.0,51.6,B
2021-06-16T14:14:47,100.0,51.6,B
2021-06-16T14:14:47,1000.0,51.6,B
2021-06-16T14:14:47,2000.0,51.7,B
2021-06-16T14:14:44,1000.0,51.7,B
2021-06-16T14:14:37,200.0,51.7,B
2021-06-16T14:14:35,300.0,51.7,B
2021-06-16T14:14:35,100.0,51.7,B
2021-06-16T14:14:34,100.0,51.6,B
2021-06-16T14:14:33,500.0,51.6,B
2021-06-16T14:14:33,1700.0,51.6,B
2021-06-16T14:14:32,400.0,51.6,B
2021-06-16T14:14:32,200.0,51.6,B
2021-06-16T14:14:32,1300.0,51.6,B
2021-06-16T14:14:28,300.0,51.7,B
2021-06-16T14:14:28,200.0,51.7,B
2021-06-16T14:14:27,100.0,51.7,B
2021-06-16T14:14:26,100.0,51.7,B
2021-06-16T14:14:25,100.0,51.7,B
2021-06-16T14:14:22,400.0,51.5,S
2021-06-16T14:14:22,500.0,51.5,S
2021-06-16T14:14:22,600.0,51.5,S
2021-06-16T14:14:22,100.0,51.5,S
2021-06-16T14:14:22,800.0,51.5,S
2021-06-16T14:14:22,200.0,51.5,S
2021-06-16T14:14:22,300.0,51.5,S
2021-06-16T14:14:22,400.0,51.5,S
2021-06-16T14:14:22,1100.0,51.5,S
2021-06-16T14:14:22,100.0,51.5,S
2021-06-16T14:14:21,600.0,51.5,S
2021-06-16T14:14:21,100.0,51.5,S
2021-06-16T14:14:21,700.0,51.5,S
2021-06-16T14:14:21,500.0,51.5,S
2021-06-16T14:14:21,200.0,51.5,S
2021-06-16T14:14:21,500.0,51.5,S
2021-06-16T14:14:20,7100.0,51.5,S
2021-06-16T14:14:20,100.0,51.5,S
2021-06-16T14:14:20,1200.0,51.5,S
2021-06-16T14:14:20,500.0,51.5,S
2021-06-16T14:14:20,5200.0,51.5,S
2021-06-16T14:14:20,100.0,51.5,S
2021-06-16T14:14:19,2200.0,51.5,S
2021-06-16T14:14:19,200.0,51.5,S
2021-06-16T14:14:19,2000.0,51.5,S
2021-06-16T14:14:19,100.0,51.5,S
2021-06-16T14:14:19,600.0,51.5,S
2021-06-16T14:14:19,2000.0,51.5,S
2021-06-16T14:14:19,100.0,51.5,S
2021-06-16T14:14:19,1800.0,51.5,S
2021-06-16T14:14:18,500.0,51.5,S
2021-06-16T14:14:18,100.0,51.5,S
2021-06-16T14:14:18,300.0,51.5,S
2021-06-16T14:14:18,100.0,51.5,S
2021-06-16T14:14:18,200.0,51.5,S
2021-06-16T14:14:18,300.0,51.5,S
2021-06-16T14:14:18,600.0,51.5,S
2021-06-16T14:14:17,200.0,51.5,S
2021-06-16T14:14:17,3000.0,51.5,S
2021-06-16T14:14:17,500.0,51.5,S
2021-06-16T14:14:17,200.0,51.5,S
2021-06-16T14:14:17,1600.0,51.5,S
2021-06-16T14:14:17,2600.0,51.5,S
2021-06-16T14:14:16,600.0,51.5,S
2021-06-16T14:14:16,100.0,51.5,S
2021-06-16T14:14:16,2000.0,51.5,S
2021-06-16T14:14:16,200.0,51.5,S
2021-06-16T14:14:16,4400.0,51.5,S
2021-06-16T14:14:16,100.0,51.5,S
2021-06-16T14:14:16,1000.0,51.5,S
2021-06-16T14:14:16,1200.0,51.5,S
2021-06-16T14:14:16,200.0,51.5,S
2021-06-16T14:14:15,300.0,51.5,S
2021-06-16T14:14:15,2100.0,51.5,S
2021-06-16T14:14:15,200.0,51.5,S
2021-06-16T14:14:15,100.0,51.5,S
2021-06-16T14:14:15,500.0,51.5,S
2021-06-16T14:14:15,100.0,51.5,S
2021-06-16T14:14:15,1200.0,51.5,S
2021-06-16T14:14:14,1100.0,51.5,S
2021-06-16T14:14:14,100.0,51.5,S
2021-06-16T14:14:14,100.0,51.5,S
2021-06-16T14:14:14,600.0,51.5,S
2021-06-16T14:14:14,300.0,51.5,S
2021-06-16T14:14:14,300.0,51.5,S
2021-06-16T14:14:14,200.0,51.5,S
2021-06-16T14:14:13,700.0,51.5,S
2021-06-16T14:14:13,100.0,51.5,S
2021-06-16T14:14:13,200.0,51.5,S
2021-06-16T14:14:13,1100.0,51.5,S
2021-06-16T14:14:13,1000.0,51.5,S
2021-06-16T14:14:13,200.0,51.5,S
2021-06-16T14:14:13,1100.0,51.5,S
2021-06-16T14:14:13,300.0,51.5,S
2021-06-16T14:14:13,3100.0,51.5,S
2021-06-16T14:14:13,100.0,51.5,S
2021-06-16T14:14:12,2200.0,51.5,S
2021-06-16T14:14:12,1500.0,51.5,S
2021-06-16T14:14:12,100.0,51.5,S
2021-06-16T14:14:12,400.0,51.5,S
2021-06-16T14:14:12,500.0,51.5,S
2021-06-16T14:14:12,800.0,51.5,S
2021-06-16T14:14:12,1000.0,51.5,S
2021-06-16T14:14:12,500.0,51.5,S
2021-06-16T14:14:12,700.0,51.5,S
2021-06-16T14:14:11,100.0,51.5,S
2021-06-16T14:14:11,800.0,51.5,S
2021-06-16T14:14:11,1500.0,51.5,S
2021-06-16T14:14:11,3000.0,51.5,S
2021-06-16T14:14:11,100.0,51.5,S
2021-06-16T14:14:11,100.0,51.5,S
2021-06-16T14:14:11,500.0,51.5,S
2021-06-16T14:14:11,2500.0,51.5,S
2021-06-16T14:14:11,200.0,51.5,S
2021-06-16T14:14:10,200.0,51.5,S
2021-06-16T14:14:10,700.0,51.5,S
2021-06-16T14:14:10,200.0,51.5,S
2021-06-16T14:14:10,1200.0,51.5,S
2021-06-16T14:14:10,500.0,51.5,S
2021-06-16T14:14:09,6100.0,51.5,S
2021-06-16T14:14:09,3200.0,51.6,B
2021-06-16T14:14:09,100.0,51.6,B
2021-06-16T14:14:09,1800.0,51.6,B
2021-06-16T14:14:09,1200.0,51.6,B
2021-06-16T14:14:09,100.0,51.6,B
2021-06-16T14:14:09,100.0,51.6,B
2021-06-16T14:14:08,2700.0,51.6,B
2021-06-16T14:14:08,700.0,51.7,B
2021-06-16T14:14:08,100.0,51.7,B
2021-06-16T14:14:07,10000.0,51.7,B
2021-06-16T14:14:06,200.0,51.7,B
2021-06-16T14:14:05,2500.0,51.7,B
2021-06-16T14:14:02,600.0,51.6,B
2021-06-16T14:14:01,300.0,51.6,B
2021-06-16T14:14:01,2700.0,51.6,B
2021-06-16T14:13:58,700.0,51.7,B
2021-06-16T14:13:58,500.0,51.7,B
2021-06-16T14:13:55,800.0,51.5,S
2021-06-16T14:13:55,4400.0,51.5,S
2021-06-16T14:13:54,500.0,51.5,S
2021-06-16T14:13:54,3000.0,51.5,S
2021-06-16T14:13:54,900.0,51.5,S
2021-06-16T14:13:54,1700.0,51.5,S
2021-06-16T14:13:54,2700.0,51.5,S
2021-06-16T14:13:52,10000.0,51.6,B
2021-06-16T14:13:51,800.0,51.7,B
2021-06-16T14:13:50,200.0,51.7,B
2021-06-16T14:13:48,10300.0,51.7,B
2021-06-16T14:13:46,2300.0,51.5,S
2021-06-16T14:13:46,2700.0,51.6,B
2021-06-16T14:13:46,100.0,51.6,B
2021-06-16T14:13:43,100.0,51.7,B
2021-06-16T14:13:42,200.0,51.6,B
2021-06-16T14:13:39,200.0,51.7,B
2021-06-16T14:13:39,100.0,51.6,B
2021-06-16T14:13:39,1000.0,51.7,B
2021-06-16T14:13:39,400.0,51.5,S
2021-06-16T14:13:38,800.0,51.5,S
2021-06-16T14:13:38,2000.0,51.5,S
2021-06-16T14:13:38,1000.0,51.5,S
2021-06-16T14:13:38,1700.0,51.5,S
2021-06-16T14:13:38,300.0,51.5,S
2021-06-16T14:13:38,100.0,51.5,S
2021-06-16T14:13:38,1900.0,51.5,S
2021-06-16T14:13:37,600.0,51.5,S
2021-06-16T14:13:37,1600.0,51.5,S
2021-06-16T14:13:37,300.0,51.5,S
2021-06-16T14:13:37,500.0,51.5,S
2021-06-16T14:13:37,2600.0,51.5,S
2021-06-16T14:13:37,200.0,51.5,S
2021-06-16T14:13:37,500.0,51.5,S
2021-06-16T14:13:36,3900.0,51.5,S
2021-06-16T14:13:36,1500.0,51.5,S
2021-06-16T14:13:36,2300.0,51.5,S
2021-06-16T14:13:36,500.0,51.5,S
2021-06-16T14:13:36,100.0,51.5,S
2021-06-16T14:13:36,1700.0,51.5,S
2021-06-16T14:13:36,200.0,51.5,S
2021-06-16T14:13:36,1700.0,51.5,S
2021-06-16T14:13:36,300.0,51.5,S
2021-06-16T14:13:35,1700.0,51.5,S
2021-06-16T14:13:35,400.0,51.5,S
2021-06-16T14:13:35,1400.0,51.5,S
2021-06-16T14:13:35,300.0,51.5,S
2021-06-16T14:13:35,300.0,51.5,S
2021-06-16T14:13:35,4200.0,51.5,S
2021-06-16T14:13:35,1500.0,51.5,S
2021-06-16T14:13:35,100.0,51.5,S
2021-06-16T14:13:34,13200.0,51.5,S
2021-06-16T14:13:33,100.0,51.7,B
2021-06-16T14:13:33,700.0,51.6,B
2021-06-16T14:13:32,500.0,51.7,B
2021-06-16T14:13:32,1100.0,51.5,S
2021-06-16T14:13:32,500.0,51.5,S
2021-06-16T14:13:32,2100.0,51.5,S
2021-06-16T14:13:32,200.0,51.5,S
2021-06-16T14:13:32,200.0,51.5,S
2021-06-16T14:13:31,700.0,51.5,S
2021-06-16T14:13:31,700.0,51.5,S
2021-06-16T14:13:31,800.0,51.5,S
2021-06-16T14:13:31,100.0,51.5,S
2021-06-16T14:13:31,100.0,51.5,S
2021-06-16T14:13:31,600.0,51.5,S
2021-06-16T14:13:31,400.0,51.5,S
2021-06-16T14:13:31,1500.0,51.5,S
2021-06-16T14:13:31,1100.0,51.5,S
2021-06-16T14:13:30,6500.0,51.5,S
2021-06-16T14:13:30,1200.0,51.5,S
2021-06-16T14:13:30,1200.0,51.5,S
2021-06-16T14:13:30,500.0,51.5,S
2021-06-16T14:13:30,100.0,51.5,S
2021-06-16T14:13:30,500.0,51.5,S
2021-06-16T14:13:30,800.0,51.5,S
2021-06-16T14:13:30,2200.0,51.5,S
2021-06-16T14:13:30,200.0,51.5,S
2021-06-16T14:13:29,300.0,51.5,S
2021-06-16T14:13:29,600.0,51.5,S
2021-06-16T14:13:29,300.0,51.5,S
2021-06-16T14:13:29,5100.0,51.5,S
2021-06-16T14:13:29,1100.0,51.5,S
2021-06-16T14:13:29,600.0,51.5,S
2021-06-16T14:13:29,300.0,51.5,S
2021-06-16T14:13:29,1600.0,51.5,S
2021-06-16T14:13:29,500.0,51.5,S
2021-06-16T14:13:28,3000.0,51.5,S
2021-06-16T14:13:28,5000.0,51.5,S
2021-06-16T14:13:28,1000.0,51.5,S
2021-06-16T14:13:28,1800.0,51.5,S
2021-06-16T14:13:28,2000.0,51.5,S
2021-06-16T14:13:27,2100.0,51.5,S
2021-06-16T14:13:27,5000.0,51.5,S
2021-06-16T14:13:27,600.0,51.5,S
2021-06-16T14:13:27,2100.0,51.5,S
2021-06-16T14:13:27,1000.0,51.5,S
2021-06-16T14:13:27,2000.0,51.5,S
2021-06-16T14:13:27,200.0,51.5,S
2021-06-16T14:13:27,1000.0,51.5,S
2021-06-16T14:13:27,1000.0,51.5,S
2021-06-16T14:13:27,200.0,51.5,S
2021-06-16T14:13:27,5000.0,51.5,S
2021-06-16T14:13:27,500.0,51.5,S
2021-06-16T14:13:26,1200.0,51.5,S
2021-06-16T14:13:26,300.0,51.5,S
2021-06-16T14:13:26,2300.0,51.5,S
2021-06-16T14:13:26,100.0,51.5,S
2021-06-16T14:13:26,100.0,51.5,S
2021-06-16T14:13:26,200.0,51.5,S
2021-06-16T14:13:26,4000.0,51.5,S
2021-06-16T14:13:26,3100.0,51.5,S
2021-06-16T14:13:26,300.0,51.5,S
2021-06-16T14:13:25,10000.0,51.5,S
2021-06-16T14:13:25,1100.0,51.5,S
2021-06-16T14:13:25,1600.0,51.5,S
2021-06-16T14:13:25,300.0,51.5,S
2021-06-16T14:13:25,1100.0,51.6,B
2021-06-16T14:13:25,200.0,51.6,B
2021-06-16T14:13:25,1500.0,51.6,B
2021-06-16T14:13:25,1200.0,51.6,B
2021-06-16T14:13:25,1000.0,51.6,B
2021-06-16T14:13:25,500.0,51.6,B
2021-06-16T14:13:24,2700.0,51.6,B
2021-06-16T14:13:21,100.0,51.7,B
2021-06-16T14:13:20,1000.0,51.7,B
2021-06-16T14:13:20,1000.0,51.6,B
2021-06-16T14:13:16,600.0,51.7,B
2021-06-16T14:13:13,100.0,51.7,B
2021-06-16T14:13:12,500.0,51.7,B
2021-06-16T14:13:12,100.0,51.6,B
2021-06-16T14:13:10,6500.0,51.7,B
2021-06-16T14:13:10,100.0,51.7,B
2021-06-16T14:13:09,6200.0,51.7,B
2021-06-16T14:13:07,1200.0,51.5,S
2021-06-16T14:13:07,200.0,51.5,S
2021-06-16T14:13:07,1100.0,51.5,S
2021-06-16T14:13:07,6300.0,51.5,S
2021-06-16T14:13:07,300.0,51.5,S
2021-06-16T14:13:07,1300.0,51.5,S
2021-06-16T14:13:07,300.0,51.5,S
2021-06-16T14:13:07,800.0,51.5,S
2021-06-16T14:13:07,1800.0,51.6,B
2021-06-16T14:13:06,1000.0,51.6,B
2021-06-16T14:13:05,1000.0,51.7,B
2021-06-16T14:13:05,1600.0,51.5,S
2021-06-16T14:13:03,4200.0,51.5,S
2021-06-16T14:13:03,5200.0,51.5,S
2021-06-16T14:13:03,3100.0,51.6,B
2021-06-16T14:13:00,100.0,51.7,B
2021-06-16T14:12:59,12900.0,51.5,S
2021-06-16T14:12:58,300.0,51.7,B
2021-06-16T14:12:57,300.0,51.7,B
2021-06-16T14:12:54,700.0,51.5,S
2021-06-16T14:12:54,9600.0,51.5,S
2021-06-16T14:12:54,1300.0,51.6,B
2021-06-16T14:12:54,600.0,51.6,B
2021-06-16T14:12:54,300.0,51.6,B
2021-06-16T14:12:54,200.0,51.7,B
2021-06-16T14:12:49,1100.0,51.7,B
2021-06-16T14:12:49,3000.0,51.5,S
2021-06-16T14:12:49,400.0,51.5,S
2021-06-16T14:12:49,1700.0,51.5,S
2021-06-16T14:12:49,8900.0,51.5,S
2021-06-16T14:12:48,1000.0,51.6,B
2021-06-16T14:12:48,200.0,51.6,B
2021-06-16T14:12:48,800.0,51.6,B
2021-06-16T14:12:48,1000.0,51.6,B
2021-06-16T14:12:47,200.0,51.6,B
2021-06-16T14:12:45,100.0,51.6,B
2021-06-16T14:12:44,100.0,51.6,B
2021-06-16T14:12:42,100.0,51.6,B
2021-06-16T14:12:41,700.0,51.6,B
2021-06-16T14:12:40,2100.0,51.5,S
2021-06-16T14:12:40,7600.0,51.5,S
2021-06-16T14:12:40,4300.0,51.5,S
2021-06-16T14:12:39,100.0,51.6,B
2021-06-16T14:12:38,500.0,51.6,B
2021-06-16T14:12:38,2200.0,51.6,B
2021-06-16T14:12:36,2000.0,51.6,B
2021-06-16T14:12:33,100.0,51.6,B
2021-06-16T14:12:33,300.0,51.5,S
2021-06-16T14:12:33,400.0,51.5,S
2021-06-16T14:12:33,500.0,51.5,S
2021-06-16T14:12:33,1700.0,51.5,S
2021-06-16T14:12:33,1000.0,51.5,S
2021-06-16T14:12:33,300.0,51.5,S
2021-06-16T14:12:33,600.0,51.5,S
2021-06-16T14:12:33,11200.0,51.5,S
2021-06-16T14:12:32,500.0,51.6,B
2021-06-16T14:12:32,200.0,51.6,B
2021-06-16T14:12:32,4000.0,51.6,B
2021-06-16T14:12:32,300.0,51.6,B
2021-06-16T14:12:32,200.0,51.6,B
2021-06-16T14:12:30,600.0,51.6,B
2021-06-16T14:12:30,1200.0,51.6,B
2021-06-16T14:12:29,100.0,51.6,B
2021-06-16T14:12:28,1000.0,51.6,S
2021-06-16T14:12:27,3300.0,51.5,S
2021-06-16T14:12:27,1600.0,51.5,S
2021-06-16T14:12:27,1000.0,51.5,S
2021-06-16T14:12:27,700.0,51.5,S
2021-06-16T14:12:27,4900.0,51.5,S
2021-06-16T14:12:27,500.0,51.6,S
2021-06-16T14:12:26,300.0,51.6,S
2021-06-16T14:12:26,100.0,51.6,S
2021-06-16T14:12:26,800.0,51.6,S
2021-06-16T14:12:25,3000.0,51.6,S
2021-06-16T14:12:25,2500.0,51.6,S
2021-06-16T14:12:25,10700.0,51.5,S
2021-06-16T14:12:25,5500.0,51.5,S
2021-06-16T14:12:25,100.0,51.6,S
2021-06-16T14:12:24,400.0,51.6,S
2021-06-16T14:12:24,900.0,51.6,S
2021-06-16T14:12:23,200.0,51.6,S
2021-06-16T14:12:22,200.0,51.6,S
2021-06-16T14:12:22,1800.0,51.6,S
2021-06-16T14:12:20,200.0,51.6,S
2021-06-16T14:12:19,500.0,51.6,S
2021-06-16T14:12:19,300.0,51.6,S
2021-06-16T14:12:19,200.0,51.6,S
2021-06-16T14:12:19,100.0,51.6,S
2021-06-16T14:12:18,1600.0,51.6,S
2021-06-16T14:12:18,200.0,51.6,S
2021-06-16T14:12:17,100.0,51.6,S
2021-06-16T14:12:16,600.0,51.6,S
2021-06-16T14:12:15,200.0,51.5,S
2021-06-16T14:12:15,400.0,51.5,S
2021-06-16T14:12:15,1000.0,51.5,S
2021-06-16T14:12:15,2500.0,51.5,S
2021-06-16T14:12:15,7000.0,51.5,S
2021-06-16T14:12:14,100.0,51.6,S
2021-06-16T14:12:14,200.0,51.6,S
2021-06-16T14:12:13,100.0,51.6,S
2021-06-16T14:12:12,23400.0,51.6,S
2021-06-16T14:12:12,100.0,51.6,S
2021-06-16T14:12:12,2600.0,51.6,S
2021-06-16T14:12:12,300.0,51.6,S
2021-06-16T14:12:11,500.0,51.6,S
2021-06-16T14:12:11,400.0,51.6,S
2021-06-16T14:12:10,100.0,51.6,S
2021-06-16T14:12:10,2000.0,51.6,S
2021-06-16T14:12:09,100.0,51.6,S
2021-06-16T14:12:08,100.0,51.6,S
2021-06-16T14:12:07,100.0,51.6,S
2021-06-16T14:12:07,1000.0,51.6,S
2021-06-16T14:12:07,1200.0,51.5,S
2021-06-16T14:12:07,12800.0,51.5,S
2021-06-16T14:12:06,300.0,51.6,S
2021-06-16T14:12:06,300.0,51.6,S
2021-06-16T14:12:04,300.0,51.6,S
2021-06-16T14:12:02,100.0,51.6,S
2021-06-16T14:12:02,3300.0,51.5,S
2021-06-16T14:12:02,2000.0,51.5,S
2021-06-16T14:12:02,700.0,51.5,S
2021-06-16T14:12:02,300.0,51.5,S
2021-06-16T14:12:00,600.0,51.5,S
2021-06-16T14:12:00,300.0,51.5,S
2021-06-16T14:12:00,100.0,51.5,S
2021-06-16T14:12:00,2600.0,51.5,S
2021-06-16T14:12:00,200.0,51.5,S
2021-06-16T14:12:00,1000.0,51.5,S
2021-06-16T14:12:00,100.0,51.5,S
2021-06-16T14:12:00,100.0,51.5,S
2021-06-16T14:12:00,1000.0,51.5,S
2021-06-16T14:12:00,400.0,51.5,S
2021-06-16T14:12:00,500.0,51.5,S
2021-06-16T14:12:00,500.0,51.5,S
2021-06-16T14:12:00,1500.0,51.5,S
2021-06-16T14:12:00,500.0,51.5,S
2021-06-16T14:12:00,500.0,51.5,S
2021-06-16T14:12:00,200.0,51.5,S
2021-06-16T14:12:00,1300.0,51.5,S
2021-06-16T14:12:00,2000.0,51.5,S
2021-06-16T14:11:59,300.0,51.5,S
2021-06-16T14:11:59,600.0,51.6,S
2021-06-16T14:11:59,200.0,51.6,S
2021-06-16T14:11:59,20400.0,51.6,S
2021-06-16T14:11:54,800.0,51.6,S
2021-06-16T14:11:54,4500.0,51.5,S
2021-06-16T14:11:53,500.0,51.6,S
2021-06-16T14:11:52,100.0,51.5,S
2021-06-16T14:11:52,200.0,51.5,S
2021-06-16T14:11:52,2100.0,51.5,S
2021-06-16T14:11:52,300.0,51.5,S
2021-06-16T14:11:51,10800.0,51.5,S
2021-06-16T14:11:51,2000.0,51.6,S
2021-06-16T14:11:50,3500.0,51.5,S
2021-06-16T14:11:50,300.0,51.5,S
2021-06-16T14:11:49,1000.0,51.5,S
2021-06-16T14:11:49,1100.0,51.5,S
2021-06-16T14:11:49,600.0,51.5,S
2021-06-16T14:11:49,400.0,51.5,S
2021-06-16T14:11:49,100.0,51.5,S
2021-06-16T14:11:49,2000.0,51.5,S
2021-06-16T14:11:49,600.0,51.5,S
2021-06-16T14:11:49,300.0,51.5,S
2021-06-16T14:11:49,500.0,51.5,S
2021-06-16T14:11:49,200.0,51.5,S
2021-06-16T14:11:49,100.0,51.5,S
2021-06-16T14:11:48,200.0,51.5,S
2021-06-16T14:11:48,1000.0,51.5,S
2021-06-16T14:11:48,2800.0,51.5,S
2021-06-16T14:11:48,5000.0,51.5,S
2021-06-16T14:11:48,400.0,51.5,S
2021-06-16T14:11:48,400.0,51.5,S
2021-06-16T14:11:48,1400.0,51.5,S
2021-06-16T14:11:48,100.0,51.5,S
2021-06-16T14:11:46,500.0,51.5,S
2021-06-16T14:11:46,800.0,51.5,S
2021-06-16T14:11:46,7300.0,51.5,S
2021-06-16T14:11:46,4500.0,51.5,S
2021-06-16T14:11:46,200.0,51.5,S
2021-06-16T14:11:46,2000.0,51.5,S
2021-06-16T14:11:46,400.0,51.5,S
2021-06-16T14:11:46,1000.0,51.5,S
2021-06-16T14:11:46,700.0,51.5,S
2021-06-16T14:11:46,700.0,51.5,S
2021-06-16T14:11:46,6200.0,51.5,S
2021-06-16T14:11:46,200.0,51.5,S
2021-06-16T14:11:46,200.0,51.5,S
2021-06-16T14:11:46,2300.0,51.5,S
2021-06-16T14:11:46,400.0,51.5,S
2021-06-16T14:11:46,100.0,51.5,S
2021-06-16T14:11:45,600.0,51.5,S
2021-06-16T14:11:45,200.0,51.6,S
2021-06-16T14:11:43,3000.0,51.6,S
2021-06-16T14:11:43,1600.0,51.6,S
2021-06-16T14:11:43,3700.0,51.5,S
2021-06-16T14:11:43,500.0,51.5,S
2021-06-16T14:11:43,600.0,51.5,S
2021-06-16T14:11:43,200.0,51.5,S
2021-06-16T14:11:43,100.0,51.5,S
2021-06-16T14:11:43,700.0,51.5,S
2021-06-16T14:11:43,3800.0,51.5,S
2021-06-16T14:11:43,100.0,51.6,S
2021-06-16T14:11:41,500.0,51.6,S
2021-06-16T14:11:40,200.0,51.6,S
2021-06-16T14:11:33,1000.0,51.6,S
2021-06-16T14:11:33,100.0,51.6,S
2021-06-16T14:11:30,100.0,51.6,S
2021-06-16T14:11:29,200.0,51.6,S
2021-06-16T14:11:29,100.0,51.6,S
2021-06-16T14:11:29,400.0,51.6,S
2021-06-16T14:11:27,39000.0,51.5,S
2021-06-16T14:11:27,800.0,51.5,S
2021-06-16T14:11:27,10200.0,51.5,S
2021-06-16T14:11:27,500.0,51.5,S
2021-06-16T14:11:26,3300.0,51.5,S
2021-06-16T14:11:26,300.0,51.6,S
2021-06-16T14:11:25,400.0,51.6,S
2021-06-16T14:11:23,100.0,51.6,S
2021-06-16T14:11:22,100.0,51.6,S
2021-06-16T14:11:22,100.0,51.6,S
2021-06-16T14:11:22,3000.0,51.6,S
2021-06-16T14:11:22,10900.0,51.6,S
2021-06-16T14:11:22,3100.0,51.6,S
2021-06-16T14:11:22,100.0,51.6,S
2021-06-16T14:11:22,6100.0,51.6,S
2021-06-16T14:11:22,1900.0,51.6,S
2021-06-16T14:11:22,1000.0,51.6,S
2021-06-16T14:11:18,1000.0,51.6,S
2021-06-16T14:11:13,2000.0,51.6,S
2021-06-16T14:11:13,200.0,51.6,S
2021-06-16T14:11:13,300.0,51.6,S
2021-06-16T14:11:13,400.0,51.6,S
2021-06-16T14:11:13,400.0,51.6,S
2021-06-16T14:11:13,1200.0,51.6,S
2021-06-16T14:11:13,2200.0,51.6,S
2021-06-16T14:11:13,800.0,51.6,S
2021-06-16T14:11:13,1900.0,51.6,S
2021-06-16T14:11:13,300.0,51.6,S
2021-06-16T14:11:13,2100.0,51.6,S
2021-06-16T14:11:13,10000.0,51.6,S
2021-06-16T14:11:13,1000.0,51.6,S
2021-06-16T14:11:13,700.0,51.6,S
2021-06-16T14:11:13,400.0,51.6,S
2021-06-16T14:11:13,100.0,51.6,S
2021-06-16T14:11:13,400.0,51.6,S
2021-06-16T14:11:13,1000.0,51.6,S
2021-06-16T14:11:13,100.0,51.6,S
2021-06-16T14:11:13,100.0,51.6,S
2021-06-16T14:11:13,2700.0,51.6,S
2021-06-16T14:11:13,900.0,51.6,S
2021-06-16T14:11:13,7600.0,51.6,S
2021-06-16T14:11:13,1400.0,51.6,S
2021-06-16T14:11:13,200.0,51.6,S
2021-06-16T14:11:13,1100.0,51.6,S
2021-06-16T14:11:13,300.0,51.6,S
2021-06-16T14:11:13,400.0,51.6,S
2021-06-16T14:11:13,700.0,51.6,S
2021-06-16T14:11:13,1100.0,51.6,S
2021-06-16T14:11:13,400.0,51.6,S
2021-06-16T14:11:13,1000.0,51.6,S
2021-06-16T14:11:13,200.0,51.6,S
2021-06-16T14:11:13,1400.0,51.6,S
2021-06-16T14:11:13,30300.0,51.6,S
2021-06-16T14:11:13,600.0,51.6,S
2021-06-16T14:11:13,5000.0,51.6,S
2021-06-16T14:11:13,200.0,51.6,S
2021-06-16T14:11:12,2600.0,51.6,S
2021-06-16T14:11:12,2100.0,51.6,S
2021-06-16T14:11:12,10600.0,51.6,S
2021-06-16T14:11:12,2000.0,51.6,S
2021-06-16T14:11:12,200.0,51.7,S
2021-06-16T14:11:11,1000.0,51.7,S
2021-06-16T14:11:09,2000.0,51.7,S
2021-06-16T14:11:09,100.0,51.6,S
2021-06-16T14:11:09,1000.0,51.7,S
2021-06-16T14:11:09,100.0,51.7,S
2021-06-16T14:11:08,4000.0,51.6,S
2021-06-16T14:11:07,200.0,51.6,S
2021-06-16T14:11:07,6300.0,51.6,S
2021-06-16T14:11:07,1400.0,51.6,S
2021-06-16T14:11:07,1000.0,51.6,S
2021-06-16T14:11:07,200.0,51.6,S
2021-06-16T14:11:07,1200.0,51.6,S
2021-06-16T14:11:07,400.0,51.6,S
2021-06-16T14:11:07,1600.0,51.6,S
2021-06-16T14:11:07,1700.0,51.6,S
2021-06-16T14:10:58,200.0,51.7,S
2021-06-16T14:10:56,1000.0,51.7,S
2021-06-16T14:10:54,2000.0,51.6,S
2021-06-16T14:10:54,100.0,51.6,S
2021-06-16T14:10:54,100.0,51.6,S
2021-06-16T14:10:54,2800.0,51.6,S
2021-06-16T14:10:52,900.0,51.7,S
2021-06-16T14:10:50,100.0,51.6,S
2021-06-16T14:10:50,200.0,51.6,S
2021-06-16T14:10:50,600.0,51.6,S
2021-06-16T14:10:48,100.0,51.6,S
2021-06-16T14:10:48,2500.0,51.6,S
2021-06-16T14:10:48,500.0,51.6,S
2021-06-16T14:10:48,500.0,51.6,S
2021-06-16T14:10:48,500.0,51.6,S
2021-06-16T14:10:48,300.0,51.6,S
2021-06-16T14:10:48,500.0,51.6,S
2021-06-16T14:10:48,100.0,51.6,S
2021-06-16T14:10:48,200.0,51.6,S
2021-06-16T14:10:48,1100.0,51.6,S
2021-06-16T14:10:48,2800.0,51.6,S
2021-06-16T14:10:46,2000.0,51.7,S
2021-06-16T14:10:43,1000.0,51.7,S
2021-06-16T14:10:42,2000.0,51.6,S
2021-06-16T14:10:38,13800.0,51.6,S
2021-06-16T14:10:35,3300.0,51.7,S
2021-06-16T14:10:34,100.0,51.7,S
2021-06-16T14:10:30,11400.0,51.6,S
2021-06-16T14:10:30,100.0,51.6,S
2021-06-16T14:10:30,1600.0,51.6,S
2021-06-16T14:10:30,800.0,51.6,S
2021-06-16T14:10:30,100.0,51.6,S
2021-06-16T14:10:29,500.0,51.7,S
2021-06-16T14:10:27,1000.0,51.6,S
2021-06-16T14:10:21,2000.0,51.7,S
2021-06-16T14:10:20,1500.0,51.6,S
2021-06-16T14:10:20,100.0,51.6,S
2021-06-16T14:10:20,100.0,51.6,S
2021-06-16T14:10:20,2200.0,51.6,S
2021-06-16T14:10:20,100.0,51.6,S
2021-06-16T14:10:20,100.0,51.6,S
2021-06-16T14:10:20,2000.0,51.6,S
2021-06-16T14:10:20,600.0,51.6,S
2021-06-16T14:10:20,900.0,51.6,S
2021-06-16T14:10:20,200.0,51.6,S
2021-06-16T14:10:20,800.0,51.6,S
2021-06-16T14:10:20,700.0,51.6,S
2021-06-16T14:10:20,1100.0,51.6,S
2021-06-16T14:10:20,200.0,51.6,S
2021-06-16T14:10:20,600.0,51.6,S
2021-06-16T14:10:20,100.0,51.6,S
2021-06-16T14:10:20,2700.0,51.6,S
2021-06-16T14:10:18,1000.0,51.6,S
2021-06-16T14:10:11,1100.0,51.7,S
2021-06-16T14:10:11,100.0,51.7,S
2021-06-16T14:10:09,500.0,51.7,S
2021-06-16T14:10:06,100.0,51.6,S
2021-06-16T14:10:06,200.0,51.6,S
2021-06-16T14:10:06,400.0,51.6,S
2021-06-16T14:10:06,12100.0,51.6,S
2021-06-16T14:10:04,100.0,51.7,S
2021-06-16T14:10:04,300.0,51.7,S
2021-06-16T14:10:03,100.0,51.7,S
2021-06-16T14:10:02,1000.0,51.7,S
2021-06-16T14:09:55,200.0,51.7,S
2021-06-16T14:09:55,100.0,51.7,S
2021-06-16T14:09:54,6000.0,51.7,S
2021-06-16T14:09:54,600.0,51.7,S
2021-06-16T14:09:51,11500.0,51.6,S
2021-06-16T14:09:51,400.0,51.7,S
2021-06-16T14:09:49,1000.0,51.7,S
2021-06-16T14:09:46,1000.0,51.7,S
2021-06-16T14:09:44,1400.0,51.7,S
2021-06-16T14:09:37,14000.0,51.6,S
2021-06-16T14:09:36,8200.0,51.6,S
2021-06-16T14:09:36,20000.0,51.7,S
2021-06-16T14:09:35,100.0,51.7,S
2021-06-16T14:09:35,600.0,51.7,S
2021-06-16T14:09:35,100.0,51.7,S
2021-06-16T14:09:34,100.0,51.7,S
2021-06-16T14:09:34,100.0,51.7,S
2021-06-16T14:09:34,1600.0,51.7,S
2021-06-16T14:09:34,100.0,51.7,S
2021-06-16T14:09:32,1000.0,51.6,S
2021-06-16T14:09:29,3800.0,51.6,S
2021-06-16T14:09:29,6200.0,51.6,S
2021-06-16T14:09:27,100.0,51.7,S
2021-06-16T14:09:27,200.0,51.7,S
2021-06-16T14:09:27,3200.0,51.7,S
2021-06-16T14:09:26,10400.0,51.6,S
2021-06-16T14:09:26,1100.0,51.6,S
2021-06-16T14:09:26,9500.0,51.6,S
2021-06-16T14:09:26,900.0,51.6,S
2021-06-16T14:09:25,500.0,51.7,S
2021-06-16T14:09:24,1000.0,51.7,S
2021-06-16T14:09:24,400.0,51.7,S
2021-06-16T14:09:19,500.0,51.7,S
2021-06-16T14:09:19,2000.0,51.7,S
2021-06-16T14:09:19,8700.0,51.6,S
2021-06-16T14:09:19,100.0,51.6,S
2021-06-16T14:09:19,1200.0,51.6,S
2021-06-16T14:09:19,4300.0,51.6,S
2021-06-16T14:09:14,6600.0,51.7,S
2021-06-16T14:09:11,100.0,51.7,S
2021-06-16T14:09:11,1000.0,51.7,S
2021-06-16T14:09:08,100.0,51.7,S
2021-06-16T14:09:07,100.0,51.6,S
2021-06-16T14:09:06,1000.0,51.7,S
2021-06-16T14:09:04,100.0,51.7,S
2021-06-16T14:09:04,100.0,51.7,S
2021-06-16T14:09:04,100.0,51.7,S
2021-06-16T14:09:02,200.0,51.7,S
2021-06-16T14:09:02,500.0,51.7,S
2021-06-16T14:09:02,100.0,51.7,S
2021-06-16T14:09:02,1900.0,51.7,S
2021-06-16T14:08:57,100.0,51.7,S
2021-06-16T14:08:57,300.0,51.6,S
2021-06-16T14:08:57,5500.0,51.6,S
2021-06-16T14:08:57,500.0,51.6,S
2021-06-16T14:08:57,2500.0,51.6,S
2021-06-16T14:08:57,200.0,51.6,S
2021-06-16T14:08:57,200.0,51.6,S
2021-06-16T14:08:57,4000.0,51.6,S
2021-06-16T14:08:53,1200.0,51.7,S
2021-06-16T14:08:49,5500.0,51.6,S
2021-06-16T14:08:49,400.0,51.6,S
2021-06-16T14:08:49,100.0,51.6,S
2021-06-16T14:08:49,100.0,51.6,S
2021-06-16T14:08:49,1800.0,51.6,S
2021-06-16T14:08:49,1300.0,51.6,S
2021-06-16T14:08:49,3300.0,51.6,S
2021-06-16T14:08:49,200.0,51.7,S
2021-06-16T14:08:48,200.0,51.7,S
2021-06-16T14:08:47,700.0,51.7,S
2021-06-16T14:08:46,9400.0,51.6,S
2021-06-16T14:08:46,1100.0,51.6,S
2021-06-16T14:08:46,100.0,51.6,S
2021-06-16T14:08:46,100.0,51.6,S
2021-06-16T14:08:46,600.0,51.6,S
2021-06-16T14:08:46,50000.0,51.6,S
2021-06-16T14:08:46,7000.0,51.6,S
2021-06-16T14:08:46,3700.0,51.6,S
2021-06-16T14:08:46,100.0,51.6,S
2021-06-16T14:08:44,2900.0,51.6,S
2021-06-16T14:08:44,1800.0,51.6,S
2021-06-16T14:08:44,1600.0,51.6,S
2021-06-16T14:08:44,10100.0,51.6,S
2021-06-16T14:08:44,1600.0,51.6,S
2021-06-16T14:08:44,600.0,51.6,S
2021-06-16T14:08:44,22000.0,51.6,S
2021-06-16T14:08:44,4500.0,51.6,S
2021-06-16T14:08:44,100.0,51.6,S
2021-06-16T14:08:44,4300.0,51.6,S
2021-06-16T14:08:44,600.0,51.6,S
2021-06-16T14:08:44,7500.0,51.6,S
2021-06-16T14:08:44,200.0,51.6,S
2021-06-16T14:08:44,200.0,51.6,S
2021-06-16T14:08:44,200.0,51.6,S
2021-06-16T14:08:44,2100.0,51.6,S
2021-06-16T14:08:44,4600.0,51.6,S
2021-06-16T14:08:44,4600.0,51.6,S
2021-06-16T14:08:44,7000.0,51.6,S
2021-06-16T14:08:44,2100.0,51.6,S
2021-06-16T14:08:44,700.0,51.6,S
2021-06-16T14:08:44,200.0,51.6,S
2021-06-16T14:08:44,600.0,51.6,S
2021-06-16T14:08:44,500.0,51.6,S
2021-06-16T14:08:44,200.0,51.6,S
2021-06-16T14:08:43,100.0,51.6,S
2021-06-16T14:08:43,1000.0,51.6,S
2021-06-16T14:08:43,51000.0,51.6,S
2021-06-16T14:08:43,4400.0,51.6,S
2021-06-16T14:08:43,6900.0,51.6,S
2021-06-16T14:08:43,10100.0,51.6,S
2021-06-16T14:08:43,30600.0,51.6,S
2021-06-16T14:08:43,30100.0,51.6,S
2021-06-16T14:08:43,30600.0,51.6,S
2021-06-16T14:08:43,20000.0,51.6,S
2021-06-16T14:08:43,1100.0,51.6,S
2021-06-16T14:08:43,3500.0,51.6,S
2021-06-16T14:08:43,5900.0,51.6,S
2021-06-16T14:08:43,1100.0,51.6,S
2021-06-16T14:08:43,6300.0,51.6,S
2021-06-16T14:08:43,7000.0,51.6,S
2021-06-16T14:08:43,9800.0,51.6,S
2021-06-16T14:08:43,500.0,51.6,S
2021-06-16T14:08:43,100.0,51.6,S
2021-06-16T14:08:43,200.0,51.6,S
2021-06-16T14:08:43,4100.0,51.6,S
2021-06-16T14:08:43,800.0,51.6,S
2021-06-16T14:08:43,600.0,51.6,S
2021-06-16T14:08:43,3900.0,51.6,S
2021-06-16T14:08:43,2300.0,51.6,S
2021-06-16T14:08:42,6300.0,51.6,S
2021-06-16T14:08:42,100.0,51.6,S
2021-06-16T14:08:42,1600.0,51.6,S
2021-06-16T14:08:42,11100.0,51.6,S
2021-06-16T14:08:42,5000.0,51.6,S
2021-06-16T14:08:42,1600.0,51.6,S
2021-06-16T14:08:42,900.0,51.6,S
2021-06-16T14:08:42,4600.0,51.6,S
2021-06-16T14:08:42,1100.0,51.6,S
2021-06-16T14:08:42,1000.0,51.6,S
2021-06-16T14:08:42,1300.0,51.6,S
2021-06-16T14:08:42,200.0,51.6,S
2021-06-16T14:08:42,5300.0,51.6,S
2021-06-16T14:08:42,2000.0,51.6,S
2021-06-16T14:08:42,700.0,51.6,S
2021-06-16T14:08:42,3200.0,51.6,S
2021-06-16T14:08:42,100.0,51.6,S
2021-06-16T14:08:42,4100.0,51.6,S
2021-06-16T14:08:41,3000.0,51.6,S
2021-06-16T14:08:41,100.0,51.6,S
2021-06-16T14:08:41,5700.0,51.6,S
2021-06-16T14:08:41,100.0,51.6,S
2021-06-16T14:08:41,1300.0,51.6,S
2021-06-16T14:08:41,1000.0,51.6,S
2021-06-16T14:08:41,900.0,51.6,S
2021-06-16T14:08:41,1700.0,51.6,S
2021-06-16T14:08:41,700.0,51.6,S
2021-06-16T14:08:41,6200.0,51.6,S
2021-06-16T14:08:41,600.0,51.6,S
2021-06-16T14:08:41,1300.0,51.6,S
2021-06-16T14:08:41,1500.0,51.6,S
2021-06-16T14:08:41,1700.0,51.6,S
2021-06-16T14:08:41,800.0,51.6,S
2021-06-16T14:08:41,1000.0,51.6,S
2021-06-16T14:08:41,600.0,51.6,S
2021-06-16T14:08:40,1000.0,51.6,S
2021-06-16T14:08:40,2600.0,51.6,S
2021-06-16T14:08:40,400.0,51.6,S
2021-06-16T14:08:40,200.0,51.6,S
2021-06-16T14:08:40,400.0,51.6,S
2021-06-16T14:08:40,300.0,51.6,S
2021-06-16T14:08:40,2300.0,51.6,S
2021-06-16T14:08:40,500.0,51.6,S
2021-06-16T14:08:40,2000.0,51.6,S
2021-06-16T14:08:40,200.0,51.6,S
2021-06-16T14:08:40,300.0,51.6,S
2021-06-16T14:08:40,1800.0,51.6,S
2021-06-16T14:08:40,100.0,51.6,S
2021-06-16T14:08:40,1600.0,51.6,S
2021-06-16T14:08:40,1500.0,51.6,S
2021-06-16T14:08:40,3100.0,51.6,S
2021-06-16T14:08:40,9100.0,51.6,S
2021-06-16T14:08:40,6600.0,51.6,S
2021-06-16T14:08:39,2700.0,51.6,S
2021-06-16T14:08:39,5000.0,51.6,S
2021-06-16T14:08:37,1200.0,51.7,S
2021-06-16T14:08:36,2000.0,51.6,S
2021-06-16T14:08:35,800.0,51.7,S
2021-06-16T14:08:35,8400.0,51.6,S
2021-06-16T14:08:35,200.0,51.6,S
2021-06-16T14:08:35,200.0,51.6,S
2021-06-16T14:08:35,700.0,51.6,S
2021-06-16T14:08:35,300.0,51.6,S
2021-06-16T14:08:35,4200.0,51.6,S
2021-06-16T14:08:33,300.0,51.7,S
2021-06-16T14:08:32,100.0,51.7,S
2021-06-16T14:08:32,500.0,51.7,S
2021-06-16T14:08:32,1000.0,51.7,S
2021-06-16T14:08:31,100.0,51.7,S
2021-06-16T14:08:31,100.0,51.7,S
2021-06-16T14:08:29,500.0,51.7,S
2021-06-16T14:08:27,400.0,51.6,S
2021-06-16T14:08:27,2600.0,51.6,S
2021-06-16T14:08:27,200.0,51.7,S
2021-06-16T14:08:25,7000.0,51.7,S
2021-06-16T14:08:25,100.0,51.7,S
2021-06-16T14:08:24,200.0,51.7,S
2021-06-16T14:08:22,11100.0,51.6,S
2021-06-16T14:08:22,1000.0,51.6,S
2021-06-16T14:08:22,3000.0,51.7,S
2021-06-16T14:08:22,2600.0,51.7,S
2021-06-16T14:08:16,100.0,51.7,S
2021-06-16T14:08:15,2300.0,51.6,S
2021-06-16T14:08:15,7700.0,51.6,S
2021-06-16T14:08:14,100.0,51.7,S
2021-06-16T14:08:14,800.0,51.7,S
2021-06-16T14:08:12,100.0,51.7,S
2021-06-16T14:08:11,100.0,51.7,S
2021-06-16T14:08:11,500.0,51.7,S
2021-06-16T14:08:10,100.0,51.7,S
2021-06-16T14:08:09,200.0,51.7,S
2021-06-16T14:08:09,100.0,51.7,S
2021-06-16T14:08:07,1300.0,51.7,S
2021-06-16T14:08:07,200.0,51.7,S
2021-06-16T14:08:07,100.0,51.7,S
2021-06-16T14:08:07,6000.0,51.6,S
2021-06-16T14:08:07,8000.0,51.6,S
2021-06-16T14:08:06,300.0,51.7,S
2021-06-16T14:08:06,200.0,51.7,S
2021-06-16T14:08:06,100.0,51.7,S
2021-06-16T14:08:06,100.0,51.7,S
2021-06-16T14:08:05,2100.0,51.7,S
2021-06-16T14:08:04,200.0,51.6,S
2021-06-16T14:08:04,10000.0,51.7,S
2021-06-16T14:08:03,500.0,51.7,S
2021-06-16T14:08:03,200.0,51.7,S
2021-06-16T14:08:03,200.0,51.7,S
2021-06-16T14:08:02,100.0,51.7,S
2021-06-16T14:08:02,200.0,51.7,S
2021-06-16T14:08:02,100.0,51.7,S
2021-06-16T14:08:02,600.0,51.7,S
2021-06-16T14:08:02,100.0,51.7,S
2021-06-16T14:08:02,100.0,51.7,S
2021-06-16T14:08:00,1100.0,51.7,S
2021-06-16T14:07:59,700.0,51.7,S
2021-06-16T14:07:59,300.0,51.7,S
2021-06-16T14:07:50,300.0,51.7,S
2021-06-16T14:07:49,1200.0,51.7,S
2021-06-16T14:07:42,500.0,51.7,S
2021-06-16T14:07:41,5200.0,51.7,S
2021-06-16T14:07:40,3100.0,51.6,S
2021-06-16T14:07:40,100.0,51.6,S
2021-06-16T14:07:40,2500.0,51.6,S
2021-06-16T14:07:40,400.0,51.6,S
2021-06-16T14:07:40,400.0,51.6,S
2021-06-16T14:07:39,500.0,51.6,S
2021-06-16T14:07:39,100.0,51.6,S
2021-06-16T14:07:39,900.0,51.6,S
2021-06-16T14:07:39,100.0,51.6,S
2021-06-16T14:07:39,1000.0,51.6,S
2021-06-16T14:07:39,1200.0,51.6,S
2021-06-16T14:07:39,2200.0,51.6,S
2021-06-16T14:07:39,500.0,51.6,S
2021-06-16T14:07:39,200.0,51.7,S
2021-06-16T14:07:38,1500.0,51.7,S
2021-06-16T14:07:38,1500.0,51.7,S
2021-06-16T14:07:38,1100.0,51.7,S
2021-06-16T14:07:38,1600.0,51.7,S
2021-06-16T14:07:38,3100.0,51.7,S
2021-06-16T14:07:38,1700.0,51.7,S
2021-06-16T14:07:38,2700.0,51.7,S
2021-06-16T14:07:38,500.0,51.7,S
2021-06-16T14:07:38,400.0,51.7,S
2021-06-16T14:07:38,1800.0,51.7,S
2021-06-16T14:07:38,700.0,51.7,S
2021-06-16T14:07:38,5400.0,51.7,S
2021-06-16T14:07:38,4600.0,51.7,S
2021-06-16T14:07:38,2900.0,51.7,S
2021-06-16T14:07:38,2300.0,51.7,S
2021-06-16T14:07:38,700.0,51.7,S
2021-06-16T14:07:38,10700.0,51.7,S
2021-06-16T14:07:38,300.0,51.7,S
2021-06-16T14:07:38,2300.0,51.7,S
2021-06-16T14:07:38,700.0,51.7,S
2021-06-16T14:07:37,2800.0,51.7,S
2021-06-16T14:07:37,1000.0,51.7,S
2021-06-16T14:07:37,200.0,51.7,S
2021-06-16T14:07:37,1500.0,51.7,S
2021-06-16T14:07:37,2700.0,51.7,S
2021-06-16T14:07:37,800.0,51.7,S
2021-06-16T14:07:37,500.0,51.7,S
2021-06-16T14:07:37,1300.0,51.7,S
2021-06-16T14:07:37,800.0,51.7,S
2021-06-16T14:07:37,500.0,51.7,S
2021-06-16T14:07:37,1600.0,51.7,S
2021-06-16T14:07:37,1800.0,51.7,S
2021-06-16T14:07:37,400.0,51.7,S
2021-06-16T14:07:36,1100.0,51.7,S
2021-06-16T14:07:36,100.0,51.7,S
2021-06-16T14:07:36,2200.0,51.7,S
2021-06-16T14:07:36,6300.0,51.7,S
2021-06-16T14:07:36,200.0,51.7,S
2021-06-16T14:07:36,17200.0,51.7,S
2021-06-16T14:07:36,200.0,51.7,S
2021-06-16T14:07:35,10000.0,51.8,B
2021-06-16T14:07:32,100.0,51.8,B
2021-06-16T14:07:32,4000.0,51.7,S
2021-06-16T14:07:30,100.0,51.8,B
2021-06-16T14:07:30,1000.0,51.7,S
2021-06-16T14:07:30,4900.0,51.7,S
2021-06-16T14:07:30,600.0,51.7,S
2021-06-16T14:07:30,2700.0,51.7,S
2021-06-16T14:07:30,100.0,51.7,S
2021-06-16T14:07:30,900.0,51.7,S
2021-06-16T14:07:30,600.0,51.7,S
2021-06-16T14:07:30,300.0,51.7,S
2021-06-16T14:07:30,2900.0,51.7,S
2021-06-16T14:07:28,300.0,51.7,S
2021-06-16T14:07:28,400.0,51.7,S
2021-06-16T14:07:28,400.0,51.7,S
2021-06-16T14:07:28,600.0,51.7,S
2021-06-16T14:07:28,900.0,51.7,S
2021-06-16T14:07:28,2700.0,51.7,S
2021-06-16T14:07:28,100.0,51.7,S
2021-06-16T14:07:28,400.0,51.7,S
2021-06-16T14:07:28,700.0,51.7,S
2021-06-16T14:07:28,10800.0,51.7,S
2021-06-16T14:07:27,19900.0,51.7,S
2021-06-16T14:07:27,100.0,51.7,S
2021-06-16T14:07:27,30000.0,51.7,S
2021-06-16T14:07:26,1100.0,51.7,S
2021-06-16T14:07:26,50400.0,51.7,S
2021-06-16T14:07:26,600.0,51.7,S
2021-06-16T14:07:26,2300.0,51.7,S
2021-06-16T14:07:26,1100.0,51.7,S
2021-06-16T14:07:26,200.0,51.7,S
2021-06-16T14:07:26,1100.0,51.7,S
2021-06-16T14:07:26,200.0,51.7,S
2021-06-16T14:07:26,1300.0,51.7,S
2021-06-16T14:07:26,5200.0,51.7,S
2021-06-16T14:07:26,300.0,51.7,S
2021-06-16T14:07:26,200.0,51.7,S
2021-06-16T14:07:26,2000.0,51.7,S
2021-06-16T14:07:26,700.0,51.7,S
2021-06-16T14:07:26,200.0,51.7,S
2021-06-16T14:07:26,2200.0,51.7,S
2021-06-16T14:07:26,600.0,51.7,S
2021-06-16T14:07:25,300.0,51.7,S
2021-06-16T14:07:25,1700.0,51.7,S
2021-06-16T14:07:25,600.0,51.7,S
2021-06-16T14:07:25,1200.0,51.7,S
2021-06-16T14:07:25,1000.0,51.7,S
2021-06-16T14:07:25,1800.0,51.7,S
2021-06-16T14:07:25,3700.0,51.7,S
2021-06-16T14:07:25,100.0,51.8,B
2021-06-16T14:07:24,500.0,51.8,B
2021-06-16T14:07:20,2000.0,51.8,B
2021-06-16T14:07:19,1100.0,51.8,B
2021-06-16T14:07:12,1000.0,51.8,B
2021-06-16T14:07:12,700.0,51.7,S
2021-06-16T14:07:12,700.0,51.7,S
2021-06-16T14:07:12,200.0,51.7,S
2021-06-16T14:07:12,900.0,51.7,S
2021-06-16T14:07:12,800.0,51.7,S
2021-06-16T14:07:12,200.0,51.7,S
2021-06-16T14:07:11,900.0,51.7,S
2021-06-16T14:07:11,800.0,51.7,S
2021-06-16T14:07:11,300.0,51.7,S
2021-06-16T14:07:11,100.0,51.7,S
2021-06-16T14:07:11,300.0,51.7,S
2021-06-16T14:07:11,100.0,51.7,S
2021-06-16T14:07:11,1900.0,51.7,S
2021-06-16T14:07:11,100.0,51.7,S
2021-06-16T14:07:11,1300.0,51.7,S
2021-06-16T14:07:11,200.0,51.7,S
2021-06-16T14:07:11,100.0,51.7,S
2021-06-16T14:07:11,1500.0,51.7,S
2021-06-16T14:07:11,900.0,51.7,S
2021-06-16T14:07:11,100.0,51.7,S
2021-06-16T14:07:11,500.0,51.7,S
2021-06-16T14:07:11,300.0,51.7,S
2021-06-16T14:07:11,400.0,51.7,S
2021-06-16T14:07:11,700.0,51.7,S
2021-06-16T14:07:10,500.0,51.8,B
2021-06-16T14:07:09,100.0,51.8,B
2021-06-16T14:07:05,400.0,51.7,S
2021-06-16T14:07:05,100.0,51.7,S
2021-06-16T14:07:05,50000.0,51.7,S
2021-06-16T14:07:05,100.0,51.7,S
2021-06-16T14:07:05,1300.0,51.7,S
2021-06-16T14:07:05,3100.0,51.7,S
2021-06-16T14:07:05,1100.0,51.7,S
2021-06-16T14:07:05,200.0,51.7,S
2021-06-16T14:07:04,1000.0,51.7,S
2021-06-16T14:07:04,1400.0,51.7,S
2021-06-16T14:07:04,2200.0,51.7,S
2021-06-16T14:07:04,2100.0,51.7,S
2021-06-16T14:07:04,3900.0,51.7,S
2021-06-16T14:07:04,2100.0,51.7,S
2021-06-16T14:07:04,1100.0,51.7,S
2021-06-16T14:07:04,800.0,51.7,S
2021-06-16T14:07:04,7100.0,51.7,S
2021-06-16T14:07:04,800.0,51.7,S
2021-06-16T14:07:04,1100.0,51.7,S
2021-06-16T14:07:04,100.0,51.7,S
2021-06-16T14:07:04,1500.0,51.7,S
2021-06-16T14:07:04,2400.0,51.7,S
2021-06-16T14:07:04,1200.0,51.7,S
2021-06-16T14:07:02,200.0,51.7,S
2021-06-16T14:07:02,1100.0,51.7,S
2021-06-16T14:07:02,2000.0,51.7,S
2021-06-16T14:07:02,800.0,51.7,S
2021-06-16T14:07:02,2300.0,51.7,S
2021-06-16T14:07:02,500.0,51.7,S
2021-06-16T14:07:02,1200.0,51.7,S
2021-06-16T14:07:02,2300.0,51.7,S
2021-06-16T14:07:02,1800.0,51.7,S
2021-06-16T14:07:02,2700.0,51.7,S
2021-06-16T14:07:02,700.0,51.7,S
2021-06-16T14:07:02,100.0,51.7,S
2021-06-16T14:07:02,200.0,51.7,S
2021-06-16T14:07:02,14000.0,51.7,S
2021-06-16T14:06:58,5000.0,51.7,S
2021-06-16T14:06:58,1000.0,51.7,S
2021-06-16T14:06:57,1200.0,51.8,B
2021-06-16T14:06:57,500.0,51.7,S
2021-06-16T14:06:57,1000.0,51.7,S
2021-06-16T14:06:56,9700.0,51.7,S
2021-06-16T14:06:56,200.0,51.7,S
2021-06-16T14:06:56,1200.0,51.7,S
2021-06-16T14:06:56,1200.0,51.7,S
2021-06-16T14:06:56,1200.0,51.7,S
2021-06-16T14:06:56,400.0,51.7,S
2021-06-16T14:06:56,500.0,51.7,S
2021-06-16T14:06:56,1200.0,51.7,S
2021-06-16T14:06:55,108800.0,51.8,B
2021-06-16T14:06:51,500.0,51.7,S
2021-06-16T14:06:49,3000.0,51.7,S
2021-06-16T14:06:49,1900.0,51.7,S
2021-06-16T14:06:49,100.0,51.7,S
2021-06-16T14:06:49,6800.0,51.7,S
2021-06-16T14:06:49,1200.0,51.7,S
2021-06-16T14:06:49,400.0,51.7,S
2021-06-16T14:06:49,500.0,51.7,S
2021-06-16T14:06:49,100.0,51.7,S
2021-06-16T14:06:45,300.0,51.7,S
2021-06-16T14:06:45,900.0,51.7,S
2021-06-16T14:06:44,3300.0,51.7,S
2021-06-16T14:06:44,200.0,51.7,S
2021-06-16T14:06:44,300.0,51.7,S
2021-06-16T14:06:44,100.0,51.7,S
2021-06-16T14:06:44,200.0,51.7,S
2021-06-16T14:06:44,5400.0,51.8,B
2021-06-16T14:06:42,100.0,51.8,B
2021-06-16T14:06:42,1000.0,51.7,S
2021-06-16T14:06:42,200.0,51.7,S
2021-06-16T14:06:42,4400.0,51.7,S
2021-06-16T14:06:42,100.0,51.7,S
2021-06-16T14:06:42,23200.0,51.7,S
2021-06-16T14:06:42,500.0,51.7,S
2021-06-16T14:06:42,2600.0,51.7,S
2021-06-16T14:06:42,400.0,51.7,S
2021-06-16T14:06:41,500.0,51.7,S
2021-06-16T14:06:41,700.0,51.7,S
2021-06-16T14:06:41,12100.0,51.7,S
2021-06-16T14:06:41,21300.0,51.7,S
2021-06-16T14:06:41,1500.0,51.7,S
2021-06-16T14:06:41,300.0,51.7,S
2021-06-16T14:06:41,1900.0,51.7,S
2021-06-16T14:06:41,200.0,51.7,S
2021-06-16T14:06:41,800.0,51.7,S
2021-06-16T14:06:41,200.0,51.7,S
2021-06-16T14:06:41,100.0,51.7,S
2021-06-16T14:06:41,100.0,51.7,S
2021-06-16T14:06:41,700.0,51.7,S
2021-06-16T14:06:41,28200.0,51.7,S
2021-06-16T14:06:39,100.0,51.8,B
2021-06-16T14:06:37,100.0,51.8,B
2021-06-16T14:06:36,1000.0,51.7,S
2021-06-16T14:06:36,1100.0,51.8,B
2021-06-16T14:06:34,300.0,51.7,S
2021-06-16T14:06:34,5000.0,51.7,S
2021-06-16T14:06:33,10000.0,51.7,S
2021-06-16T14:06:32,100.0,51.8,B
2021-06-16T14:06:30,100.0,51.8,B
2021-06-16T14:06:30,1300.0,51.8,B
2021-06-16T14:06:29,400.0,51.7,S
2021-06-16T14:06:28,2000.0,51.8,B
2021-06-16T14:06:28,400.0,51.8,B
2021-06-16T14:06:27,400.0,51.8,B
2021-06-16T14:06:27,3300.0,51.8,B
2021-06-16T14:06:25,700.0,51.8,B
2021-06-16T14:06:23,2000.0,51.7,S
2021-06-16T14:06:22,1000.0,51.8,B
2021-06-16T14:06:22,500.0,51.7,S
2021-06-16T14:06:21,100.0,51.8,B
2021-06-16T14:06:21,600.0,51.7,S
2021-06-16T14:06:16,3700.0,51.7,S
2021-06-16T14:06:16,2200.0,51.7,S
2021-06-16T14:06:16,600.0,51.7,S
2021-06-16T14:06:16,900.0,51.7,S
2021-06-16T14:06:16,2500.0,51.7,S
2021-06-16T14:06:16,3100.0,51.7,S
2021-06-16T14:06:15,300.0,51.8,B
2021-06-16T14:06:11,5000.0,51.8,B
2021-06-16T14:06:11,600.0,51.8,B
2021-06-16T14:06:10,2000.0,51.7,S
2021-06-16T14:06:09,4100.0,51.8,B
2021-06-16T14:06:09,400.0,51.8,B
2021-06-16T14:06:09,500.0,51.7,S
2021-06-16T14:06:08,500.0,51.7,S
2021-06-16T14:06:08,2100.0,51.7,S
2021-06-16T14:06:08,200.0,51.7,S
2021-06-16T14:06:08,700.0,51.7,S
2021-06-16T14:06:07,2400.0,51.7,S
2021-06-16T14:06:07,100.0,51.7,S
2021-06-16T14:06:07,1100.0,51.7,S
2021-06-16T14:06:07,2600.0,51.7,S
2021-06-16T14:06:07,800.0,51.7,S
2021-06-16T14:06:07,600.0,51.7,S
2021-06-16T14:06:07,500.0,51.7,S
2021-06-16T14:06:07,2400.0,51.7,S
2021-06-16T14:06:07,100.0,51.7,S
2021-06-16T14:06:06,11400.0,51.7,S
2021-06-16T14:06:06,20400.0,51.7,S
2021-06-16T14:06:06,500.0,51.7,S
2021-06-16T14:06:06,3100.0,51.7,S
2021-06-16T14:06:04,100.0,51.8,B
2021-06-16T14:06:04,500.0,51.8,B
2021-06-16T14:06:04,100.0,51.8,B
2021-06-16T14:06:03,300.0,51.8,B
2021-06-16T14:06:03,800.0,51.8,B
2021-06-16T14:06:02,1000.0,51.8,B
2021-06-16T14:06:02,1300.0,51.7,S
2021-06-16T14:06:01,1500.0,51.8,B
2021-06-16T14:06:00,600.0,51.8,B
2021-06-16T14:05:59,200.0,51.8,B
2021-06-16T14:05:59,2000.0,51.8,B
2021-06-16T14:05:51,600.0,51.7,S
2021-06-16T14:05:51,200.0,51.8,B
2021-06-16T14:05:51,500.0,51.8,B
2021-06-16T14:05:49,800.0,51.8,B
2021-06-16T14:05:49,1000.0,51.8,B
2021-06-16T14:05:48,100.0,51.8,B
2021-06-16T14:05:47,600.0,51.8,B
2021-06-16T14:05:47,1000.0,51.8,B
2021-06-16T14:05:46,1000.0,51.8,B
2021-06-16T14:05:43,100.0,51.8,B
2021-06-16T14:05:41,100.0,51.8,B
2021-06-16T14:05:41,100.0,51.8,B
2021-06-16T14:05:40,800.0,51.8,B
2021-06-16T14:05:40,500.0,51.8,B
2021-06-16T14:05:36,200.0,51.8,B
2021-06-16T14:05:36,200.0,51.8,B
2021-06-16T14:05:35,4000.0,51.8,B
2021-06-16T14:05:34,100.0,51.8,B
2021-06-16T14:05:32,400.0,51.8,B
2021-06-16T14:05:31,4000.0,51.8,B
2021-06-16T14:05:30,400.0,51.8,B
2021-06-16T14:05:29,300.0,51.8,B
2021-06-16T14:05:29,200.0,51.8,B
2021-06-16T14:05:28,100.0,51.8,B
2021-06-16T14:05:27,2500.0,51.8,B
2021-06-16T14:05:25,100.0,51.8,B
2021-06-16T14:05:22,100.0,51.8,B
2021-06-16T14:05:22,100.0,51.8,B
2021-06-16T14:05:20,200.0,51.8,B
2021-06-16T14:05:20,200.0,51.8,B
2021-06-16T14:05:20,2000.0,51.7,S
2021-06-16T14:05:19,900.0,51.8,B
2021-06-16T14:05:18,500.0,51.8,B
2021-06-16T14:05:18,1200.0,51.8,B
2021-06-16T14:05:18,200.0,51.8,B
2021-06-16T14:05:17,200.0,51.8,B
2021-06-16T14:05:16,1000.0,51.8,B
2021-06-16T14:05:15,200.0,51.8,B
2021-06-16T14:05:14,800.0,51.8,B
2021-06-16T14:05:14,100.0,51.8,B
2021-06-16T14:05:11,6000.0,51.8,B
2021-06-16T14:05:11,10000.0,51.8,B
2021-06-16T14:05:10,3500.0,51.8,B
2021-06-16T14:05:10,6000.0,51.8,B
2021-06-16T14:05:08,100.0,51.8,B
2021-06-16T14:05:08,2900.0,51.7,S
2021-06-16T14:05:08,200.0,51.7,S
2021-06-16T14:05:08,1400.0,51.7,S
2021-06-16T14:05:08,300.0,51.7,S
2021-06-16T14:05:08,4000.0,51.7,S
2021-06-16T14:05:08,700.0,51.7,S
2021-06-16T14:05:07,1000.0,51.7,S
2021-06-16T14:05:07,1900.0,51.7,S
2021-06-16T14:05:07,100.0,51.7,S
2021-06-16T14:05:07,200.0,51.7,S
2021-06-16T14:05:07,2000.0,51.7,S
2021-06-16T14:05:07,2000.0,51.7,S
2021-06-16T14:05:07,900.0,51.7,S
2021-06-16T14:05:07,1800.0,51.7,S
2021-06-16T14:05:07,4100.0,51.7,S
2021-06-16T14:05:07,500.0,51.7,S
2021-06-16T14:05:06,100.0,51.7,S
2021-06-16T14:05:06,5900.0,51.7,S
2021-06-16T14:05:01,1300.0,51.8,B
2021-06-16T14:05:01,300.0,51.8,B
2021-06-16T14:05:00,200.0,51.8,B
2021-06-16T14:05:00,100.0,51.8,B
2021-06-16T14:04:59,300.0,51.8,B
2021-06-16T14:04:59,100.0,51.8,B
2021-06-16T14:04:58,100.0,51.8,B
2021-06-16T14:04:57,9700.0,51.8,S
2021-06-16T14:04:57,1100.0,51.8,S
2021-06-16T14:04:57,400.0,51.8,S
2021-06-16T14:04:57,100.0,51.8,S
2021-06-16T14:04:57,600.0,51.8,S
2021-06-16T14:04:57,2700.0,51.8,S
2021-06-16T14:04:57,100.0,51.8,S
2021-06-16T14:04:57,2800.0,51.8,S
2021-06-16T14:04:57,100.0,51.8,S
2021-06-16T14:04:57,3200.0,51.8,S
2021-06-16T14:04:57,300.0,51.8,S
2021-06-16T14:04:57,1000.0,51.8,S
2021-06-16T14:04:57,4300.0,51.8,S
2021-06-16T14:04:57,2200.0,51.8,S
2021-06-16T14:04:57,5000.0,51.8,S
2021-06-16T14:04:57,500.0,51.8,S
2021-06-16T14:04:57,300.0,51.8,S
2021-06-16T14:04:56,2300.0,51.8,S
2021-06-16T14:04:56,1000.0,51.8,S
2021-06-16T14:04:56,3700.0,51.8,S
2021-06-16T14:04:56,1000.0,51.8,S
2021-06-16T14:04:56,600.0,51.8,S
2021-06-16T14:04:56,300.0,51.8,S
2021-06-16T14:04:56,6500.0,51.8,S
2021-06-16T14:04:56,200.0,51.8,S
2021-06-16T14:04:56,1500.0,51.8,S
2021-06-16T14:04:56,100.0,51.8,S
2021-06-16T14:04:56,6500.0,51.8,S
2021-06-16T14:04:56,600.0,51.8,S
2021-06-16T14:04:56,100.0,51.8,S
2021-06-16T14:04:56,5700.0,51.8,S
2021-06-16T14:04:54,100.0,51.9,B
2021-06-16T14:04:53,3000.0,51.8,S
2021-06-16T14:04:53,10000.0,51.8,S
2021-06-16T14:04:50,100.0,51.8,S
2021-06-16T14:04:49,100.0,51.9,B
2021-06-16T14:04:47,400.0,51.9,B
2021-06-16T14:04:45,200.0,51.9,B
2021-06-16T14:04:45,1500.0,51.9,B
2021-06-16T14:04:42,13600.0,51.8,S
2021-06-16T14:04:42,300.0,51.8,S
2021-06-16T14:04:42,600.0,51.8,S
2021-06-16T14:04:42,1500.0,51.8,S
2021-06-16T14:04:41,500.0,51.8,S
2021-06-16T14:04:41,300.0,51.8,S
2021-06-16T14:04:41,3000.0,51.8,S
2021-06-16T14:04:41,1100.0,51.8,S
2021-06-16T14:04:41,3700.0,51.8,S
2021-06-16T14:04:41,1000.0,51.8,S
2021-06-16T14:04:41,400.0,51.8,S
2021-06-16T14:04:41,1000.0,51.8,S
2021-06-16T14:04:41,200.0,51.8,S
2021-06-16T14:04:41,600.0,51.8,S
2021-06-16T14:04:41,300.0,51.8,S
2021-06-16T14:04:41,1400.0,51.8,S
2021-06-16T14:04:40,500.0,51.8,S
2021-06-16T14:04:34,700.0,51.8,S
2021-06-16T14:04:32,700.0,51.8,S
2021-06-16T14:04:32,300.0,51.8,S
2021-06-16T14:04:30,2500.0,51.8,S
2021-06-16T14:04:30,15500.0,51.8,S
2021-06-16T14:04:30,1000.0,51.9,B
2021-06-16T14:04:29,1000.0,51.8,S
2021-06-16T14:04:26,7600.0,51.8,S
2021-06-16T14:04:26,12000.0,51.8,S
2021-06-16T14:04:25,1200.0,51.9,B
2021-06-16T14:04:20,1000.0,51.8,S
2021-06-16T14:04:19,15700.0,51.8,S
2021-06-16T14:04:19,4000.0,51.8,S
2021-06-16T14:04:19,1600.0,51.8,S
2021-06-16T14:04:19,8700.0,51.8,S
2021-06-16T14:04:18,800.0,51.9,B
2021-06-16T14:04:15,400.0,51.9,B
2021-06-16T14:04:14,100.0,51.9,B
2021-06-16T14:04:13,1000.0,51.9,B
2021-06-16T14:04:12,1600.0,51.8,S
2021-06-16T14:04:12,1100.0,51.8,S
2021-06-16T14:04:12,2100.0,51.8,S
2021-06-16T14:04:12,100.0,51.8,S
2021-06-16T14:04:11,1100.0,51.8,S
2021-06-16T14:04:11,100.0,51.8,S
2021-06-16T14:04:11,800.0,51.8,S
2021-06-16T14:04:11,300.0,51.8,S
2021-06-16T14:04:11,100.0,51.8,S
2021-06-16T14:04:11,2200.0,51.8,S
2021-06-16T14:04:11,12600.0,51.8,S
2021-06-16T14:04:11,3100.0,51.8,S
2021-06-16T14:04:10,100.0,51.8,S
2021-06-16T14:04:10,300.0,51.8,S
2021-06-16T14:04:10,500.0,51.8,S
2021-06-16T14:04:10,200.0,51.8,S
2021-06-16T14:04:10,1200.0,51.8,S
2021-06-16T14:04:10,200.0,51.8,S
2021-06-16T14:04:10,5000.0,51.8,S
2021-06-16T14:04:10,100.0,51.8,S
2021-06-16T14:04:10,400.0,51.8,S
2021-06-16T14:04:10,200.0,51.8,S
2021-06-16T14:04:10,800.0,51.8,S
2021-06-16T14:04:10,400.0,51.8,S
2021-06-16T14:04:09,3300.0,51.8,S
2021-06-16T14:04:09,400.0,51.8,S
2021-06-16T14:04:09,100.0,51.8,S
2021-06-16T14:04:09,100.0,51.8,S
2021-06-16T14:04:09,4400.0,51.8,S
2021-06-16T14:04:09,100.0,51.8,S
2021-06-16T14:04:09,200.0,51.8,S
2021-06-16T14:04:09,100.0,51.8,S
2021-06-16T14:04:09,2300.0,51.8,S
2021-06-16T14:04:09,1000.0,51.8,S
2021-06-16T14:04:09,900.0,51.8,S
2021-06-16T14:04:09,100.0,51.8,S
2021-06-16T14:04:08,100.0,51.8,S
2021-06-16T14:04:08,300.0,51.8,S
2021-06-16T14:04:08,500.0,51.8,S
2021-06-16T14:04:08,300.0,51.8,S
2021-06-16T14:04:08,1200.0,51.8,S
2021-06-16T14:04:06,1100.0,51.9,B
2021-06-16T14:04:06,200.0,51.8,S
2021-06-16T14:04:06,2200.0,51.8,S
2021-06-16T14:04:06,200.0,51.8,S
2021-06-16T14:04:06,3200.0,51.8,S
2021-06-16T14:04:06,9200.0,51.8,S
2021-06-16T14:04:05,10000.0,51.9,B
2021-06-16T14:04:04,1200.0,51.9,B
2021-06-16T14:04:01,1500.0,51.8,S
2021-06-16T14:04:01,13500.0,51.9,B
2021-06-16T14:04:00,1000.0,51.9,B
2021-06-16T14:03:58,2500.0,51.8,S
2021-06-16T14:03:58,1600.0,51.8,S
2021-06-16T14:03:58,18400.0,51.8,S
2021-06-16T14:03:58,300.0,51.8,S
2021-06-16T14:03:58,2000.0,51.8,S
2021-06-16T14:03:58,100.0,51.8,S
2021-06-16T14:03:57,100.0,51.8,S
2021-06-16T14:03:57,1800.0,51.8,S
2021-06-16T14:03:57,1100.0,51.8,S
2021-06-16T14:03:57,700.0,51.8,S
2021-06-16T14:03:57,9100.0,51.8,S
2021-06-16T14:03:57,4300.0,51.8,S
2021-06-16T14:03:57,500.0,51.8,S
2021-06-16T14:03:57,1100.0,51.8,S
2021-06-16T14:03:56,300.0,51.8,S
2021-06-16T14:03:56,2200.0,51.8,S
2021-06-16T14:03:56,700.0,51.8,S
2021-06-16T14:03:56,100.0,51.8,S
2021-06-16T14:03:56,4000.0,51.8,S
2021-06-16T14:03:56,6600.0,51.8,S
2021-06-16T14:03:56,10200.0,51.8,S
2021-06-16T14:03:56,300.0,51.8,S
2021-06-16T14:03:56,5100.0,51.8,S
2021-06-16T14:03:56,200.0,51.8,S
2021-06-16T14:03:56,600.0,51.8,S
2021-06-16T14:03:56,700.0,51.8,S
2021-06-16T14:03:56,100.0,51.8,S
2021-06-16T14:03:56,200.0,51.8,S
2021-06-16T14:03:56,1500.0,51.8,S
2021-06-16T14:03:56,100.0,51.8,S
2021-06-16T14:03:56,1000.0,51.8,S
2021-06-16T14:03:56,200.0,51.8,S
2021-06-16T14:03:56,11400.0,51.8,S
2021-06-16T14:03:56,300.0,51.8,S
2021-06-16T14:03:56,300.0,51.8,S
2021-06-16T14:03:56,2700.0,51.8,S
2021-06-16T14:03:56,200.0,51.8,S
2021-06-16T14:03:56,800.0,51.8,S
2021-06-16T14:03:56,1200.0,51.8,S
2021-06-16T14:03:55,1500.0,51.8,S
2021-06-16T14:03:55,100.0,51.8,S
2021-06-16T14:03:55,3800.0,51.8,S
2021-06-16T14:03:55,7100.0,51.8,S
2021-06-16T14:03:55,2000.0,51.8,S
2021-06-16T14:03:55,800.0,51.8,S
2021-06-16T14:03:55,100.0,51.8,S
2021-06-16T14:03:55,200.0,51.9,B
2021-06-16T14:03:54,1400.0,51.8,S
2021-06-16T14:03:53,100.0,51.9,B
2021-06-16T14:03:53,3600.0,51.8,S
2021-06-16T14:03:53,200.0,51.8,S
2021-06-16T14:03:53,400.0,51.8,S
2021-06-16T14:03:53,100.0,51.8,S
2021-06-16T14:03:53,200.0,51.8,S
2021-06-16T14:03:53,400.0,51.8,S
2021-06-16T14:03:53,400.0,51.8,S
2021-06-16T14:03:53,300.0,51.8,S
2021-06-16T14:03:53,300.0,51.8,S
2021-06-16T14:03:53,300.0,51.8,S
2021-06-16T14:03:53,700.0,51.8,S
2021-06-16T14:03:53,200.0,51.8,S
2021-06-16T14:03:53,600.0,51.8,S
2021-06-16T14:03:53,200.0,51.8,S
2021-06-16T14:03:52,2000.0,51.8,S
2021-06-16T14:03:52,1400.0,51.8,S
2021-06-16T14:03:52,1000.0,51.8,S
2021-06-16T14:03:52,6000.0,51.8,S
2021-06-16T14:03:52,1700.0,51.8,S
2021-06-16T14:03:52,100.0,51.9,B
2021-06-16T14:03:47,5000.0,51.9,B
2021-06-16T14:03:34,1000.0,51.9,B
2021-06-16T14:03:33,1100.0,51.8,S
2021-06-16T14:03:33,900.0,51.8,S
2021-06-16T14:03:32,100.0,51.9,B
2021-06-16T14:03:31,2000.0,51.8,S
2021-06-16T14:03:27,5000.0,51.9,B
2021-06-16T14:03:26,100.0,51.9,B
2021-06-16T14:03:20,100.0,51.8,S
2021-06-16T14:03:20,3000.0,51.9,B
2021-06-16T14:03:19,100.0,51.9,B
2021-06-16T14:03:18,2300.0,51.8,S
2021-06-16T14:03:18,100.0,51.8,S
2021-06-16T14:03:18,2200.0,51.8,S
2021-06-16T14:03:18,2000.0,51.8,S
2021-06-16T14:03:18,300.0,51.8,S
2021-06-16T14:03:18,200.0,51.8,S
2021-06-16T14:03:18,700.0,51.8,S
2021-06-16T14:03:17,200.0,51.8,S
2021-06-16T14:03:16,300.0,51.8,S
2021-06-16T14:03:16,1700.0,51.8,S
2021-06-16T14:03:13,500.0,51.9,B
2021-06-16T14:03:05,200.0,51.8,S
2021-06-16T14:03:05,300.0,51.8,S
2021-06-16T14:03:05,500.0,51.8,S
2021-06-16T14:03:04,100.0,51.9,B
2021-06-16T14:03:02,2000.0,51.9,B
2021-06-16T14:03:00,1000.0,51.9,B
2021-06-16T14:03:00,400.0,51.8,S
2021-06-16T14:02:57,100.0,51.8,S
2021-06-16T14:02:55,2500.0,51.8,S
2021-06-16T14:02:55,400.0,51.8,S
2021-06-16T14:02:53,2100.0,51.8,S
2021-06-16T14:02:53,2000.0,51.8,S
2021-06-16T14:02:52,5600.0,51.8,S
2021-06-16T14:02:52,1500.0,51.8,S
2021-06-16T14:02:51,100.0,51.9,B
2021-06-16T14:02:50,5000.0,51.9,B
2021-06-16T14:02:47,2000.0,51.8,S
2021-06-16T14:02:46,3800.0,51.8,S
2021-06-16T14:02:44,1700.0,51.8,S
2021-06-16T14:02:40,2100.0,51.9,B
2021-06-16T14:02:40,400.0,51.8,S
2021-06-16T14:02:40,300.0,51.8,S
2021-06-16T14:02:40,200.0,51.8,S
2021-06-16T14:02:40,600.0,51.8,S
2021-06-16T14:02:40,200.0,51.8,S
2021-06-16T14:02:40,900.0,51.8,S
2021-06-16T14:02:39,100.0,51.9,B
2021-06-16T14:02:37,2000.0,51.8,S
2021-06-16T14:02:37,2900.0,51.8,S
2021-06-16T14:02:37,100.0,51.8,S
2021-06-16T14:02:37,1000.0,51.8,S
2021-06-16T14:02:33,2000.0,51.8,S
2021-06-16T14:02:33,500.0,51.8,S
2021-06-16T14:02:32,300.0,51.8,S
2021-06-16T14:02:32,100.0,51.8,S
2021-06-16T14:02:32,800.0,51.8,S
2021-06-16T14:02:32,2600.0,51.8,S
2021-06-16T14:02:32,2200.0,51.8,S
2021-06-16T14:02:32,800.0,51.8,S
2021-06-16T14:02:32,900.0,51.8,S
2021-06-16T14:02:32,100.0,51.8,S
2021-06-16T14:02:32,700.0,51.8,S
2021-06-16T14:02:32,500.0,51.8,S
2021-06-16T14:02:32,600.0,51.8,S
2021-06-16T14:02:32,1800.0,51.8,S
2021-06-16T14:02:32,1100.0,51.8,S
2021-06-16T14:02:32,9000.0,51.8,S
2021-06-16T14:02:30,100.0,51.9,B
2021-06-16T14:02:27,2000.0,51.9,B
2021-06-16T14:02:24,400.0,51.8,S
2021-06-16T14:02:21,1000.0,51.9,B
2021-06-16T14:02:21,1000.0,51.8,S
2021-06-16T14:02:19,2800.0,51.8,S
2021-06-16T14:02:19,1200.0,51.8,S
2021-06-16T14:02:19,400.0,51.8,S
2021-06-16T14:02:18,3200.0,51.8,S
2021-06-16T14:02:18,1500.0,51.8,S
2021-06-16T14:02:18,600.0,51.8,S
2021-06-16T14:02:18,800.0,51.8,S
2021-06-16T14:02:18,700.0,51.8,S
2021-06-16T14:02:18,500.0,51.8,S
2021-06-16T14:02:18,3500.0,51.8,S
2021-06-16T14:02:18,2100.0,51.8,S
2021-06-16T14:02:18,2100.0,51.8,S
2021-06-16T14:02:18,600.0,51.8,S
2021-06-16T14:02:18,500.0,51.8,S
2021-06-16T14:02:17,10800.0,51.8,S
2021-06-16T14:02:17,4000.0,51.8,S
2021-06-16T14:02:17,1000.0,51.8,S
2021-06-16T14:02:17,900.0,51.8,S
2021-06-16T14:02:17,5000.0,51.8,S
2021-06-16T14:02:17,600.0,51.8,S
2021-06-16T14:02:17,12200.0,51.8,S
2021-06-16T14:02:17,22200.0,51.8,S
2021-06-16T14:02:16,100.0,51.9,B
2021-06-16T14:02:14,300.0,51.9,B
2021-06-16T14:02:12,1200.0,51.9,B
2021-06-16T14:02:12,100.0,51.9,B
2021-06-16T14:02:11,8700.0,51.8,S
2021-06-16T14:02:11,100.0,51.8,S
2021-06-16T14:02:10,1200.0,51.8,S
2021-06-16T14:02:10,500.0,51.9,B
2021-06-16T14:02:10,100.0,51.9,B
2021-06-16T14:02:10,700.0,51.8,S
2021-06-16T14:02:10,700.0,51.8,S
2021-06-16T14:02:10,1300.0,51.8,S
2021-06-16T14:02:09,100.0,51.8,S
2021-06-16T14:02:09,7200.0,51.8,S
2021-06-16T14:02:07,1000.0,51.9,B
2021-06-16T14:02:07,100.0,51.9,B
2021-06-16T14:02:02,400.0,51.8,S
2021-06-16T14:02:02,100.0,51.8,S
2021-06-16T14:02:01,5200.0,51.8,S
2021-06-16T14:02:01,800.0,51.8,S
2021-06-16T14:02:01,1500.0,51.8,S
2021-06-16T14:02:01,500.0,51.8,S
2021-06-16T14:02:01,600.0,51.8,S
2021-06-16T14:02:01,4000.0,51.8,S
2021-06-16T14:02:01,400.0,51.8,S
2021-06-16T14:02:01,1900.0,51.8,S
2021-06-16T14:02:01,3200.0,51.8,S
2021-06-16T14:02:01,1000.0,51.8,S
2021-06-16T14:02:01,2600.0,51.8,S
2021-06-16T14:02:01,500.0,51.8,S
2021-06-16T14:02:01,4000.0,51.8,S
2021-06-16T14:02:01,2100.0,51.8,S
2021-06-16T14:02:01,2100.0,51.8,S
2021-06-16T14:02:01,3100.0,51.8,S
2021-06-16T14:02:01,5000.0,51.8,S
2021-06-16T14:02:01,700.0,51.8,S
2021-06-16T14:02:01,200.0,51.8,S
2021-06-16T14:02:01,100.0,51.8,S
2021-06-16T14:02:01,800.0,51.8,S
2021-06-16T14:02:01,2500.0,51.8,S
2021-06-16T14:02:01,600.0,51.8,S
2021-06-16T14:02:00,500.0,51.8,S
2021-06-16T14:02:00,8100.0,51.8,S
2021-06-16T14:02:00,700.0,51.8,S
2021-06-16T14:02:00,2300.0,51.8,S
2021-06-16T14:02:00,2500.0,51.8,S
2021-06-16T14:01:55,600.0,51.8,S
2021-06-16T14:01:52,100.0,51.9,S
2021-06-16T14:01:52,200.0,51.8,S
2021-06-16T14:01:49,200.0,51.9,S
2021-06-16T14:01:48,5000.0,51.9,S
2021-06-16T14:01:45,1100.0,51.9,S
2021-06-16T14:01:44,200.0,51.9,S
2021-06-16T14:01:42,200.0,51.8,S
2021-06-16T14:01:42,5100.0,51.8,S
2021-06-16T14:01:42,4000.0,51.8,S
2021-06-16T14:01:42,200.0,51.8,S
2021-06-16T14:01:42,1600.0,51.8,S
2021-06-16T14:01:40,800.0,51.8,S
2021-06-16T14:01:40,600.0,51.8,S
2021-06-16T14:01:40,1200.0,51.8,S
2021-06-16T14:01:40,2600.0,51.8,S
2021-06-16T14:01:40,5300.0,51.8,S
2021-06-16T14:01:38,500.0,51.9,S
2021-06-16T14:01:38,1700.0,51.9,S
2021-06-16T14:01:36,100.0,51.9,S
2021-06-16T14:01:33,100.0,51.9,S
2021-06-16T14:01:28,300.0,51.9,S
2021-06-16T14:01:28,100.0,51.9,S
2021-06-16T14:01:28,1000.0,51.9,S
2021-06-16T14:01:19,300.0,51.9,S
2021-06-16T14:01:19,2000.0,51.9,S
2021-06-16T14:01:19,100.0,51.9,S
2021-06-16T14:01:17,500.0,51.9,S
2021-06-16T14:01:16,900.0,51.9,S
2021-06-16T14:01:16,100.0,52.0,B
2021-06-16T14:01:15,500.0,51.9,S
2021-06-16T14:01:15,2200.0,51.9,S
2021-06-16T14:01:15,5300.0,51.9,S
2021-06-16T14:01:15,2000.0,51.9,S
2021-06-16T14:01:12,300.0,51.9,S
2021-06-16T14:01:12,400.0,51.9,S
2021-06-16T14:01:12,3200.0,51.9,S
2021-06-16T14:01:12,500.0,51.9,S
2021-06-16T14:01:12,500.0,51.9,S
2021-06-16T14:01:12,5500.0,51.9,S
2021-06-16T14:01:12,500.0,51.9,S
2021-06-16T14:01:12,1100.0,51.9,S
2021-06-16T14:01:12,1000.0,51.9,S
2021-06-16T14:01:11,500.0,51.9,S
2021-06-16T14:01:11,500.0,51.9,S
2021-06-16T14:01:11,1700.0,51.9,S
2021-06-16T14:01:11,400.0,51.9,S
2021-06-16T14:01:11,100.0,51.9,S
2021-06-16T14:01:11,900.0,51.9,S
2021-06-16T14:01:11,200.0,52.0,B
2021-06-16T14:01:10,1500.0,52.0,B
2021-06-16T14:01:10,4400.0,51.9,S
2021-06-16T14:01:09,100.0,52.0,B
2021-06-16T14:01:07,100.0,52.0,B
2021-06-16T14:01:06,1000.0,52.0,B
2021-06-16T14:01:03,100.0,52.0,B
2021-06-16T14:01:03,2800.0,51.9,S
2021-06-16T14:01:03,200.0,51.9,S
2021-06-16T14:01:03,3300.0,51.9,S
2021-06-16T14:01:03,700.0,51.9,S
2021-06-16T14:01:03,300.0,51.9,S
2021-06-16T14:01:03,4200.0,51.9,S
2021-06-16T14:01:03,5900.0,51.9,S
2021-06-16T14:01:02,100.0,52.0,B
2021-06-16T14:01:02,1000.0,52.0,B
2021-06-16T14:01:01,1500.0,51.9,S
2021-06-16T14:01:01,100.0,51.9,S
2021-06-16T14:01:01,200.0,51.9,S
2021-06-16T14:01:01,1100.0,51.9,S
2021-06-16T14:01:01,2700.0,51.9,S
2021-06-16T14:01:01,1000.0,51.9,S
2021-06-16T14:01:01,2000.0,51.9,S
2021-06-16T14:01:01,1000.0,51.9,S
2021-06-16T14:01:01,1200.0,51.9,S
2021-06-16T14:01:01,3500.0,51.9,S
2021-06-16T14:01:01,1800.0,51.9,S
2021-06-16T14:01:01,1000.0,51.9,S
2021-06-16T14:01:01,700.0,51.9,S
2021-06-16T14:01:01,1200.0,51.9,S
2021-06-16T14:01:00,1300.0,51.9,S
2021-06-16T14:01:00,100.0,51.9,S
2021-06-16T14:01:00,10600.0,51.9,S
2021-06-16T14:01:00,2200.0,51.9,S
2021-06-16T14:01:00,2200.0,51.9,S
2021-06-16T14:01:00,5000.0,51.9,S
2021-06-16T14:01:00,200.0,51.9,S
2021-06-16T14:01:00,1900.0,51.9,S
2021-06-16T14:01:00,200.0,51.9,S
2021-06-16T14:01:00,1400.0,51.9,S
2021-06-16T14:01:00,500.0,51.9,S
2021-06-16T14:01:00,1200.0,51.9,S
2021-06-16T14:01:00,700.0,51.9,S
2021-06-16T14:01:00,100.0,51.9,S
2021-06-16T14:01:00,300.0,51.9,S
2021-06-16T14:01:00,200.0,51.9,S
2021-06-16T14:01:00,200.0,51.9,S
2021-06-16T14:01:00,200.0,51.9,S
2021-06-16T14:01:00,100.0,51.9,S
2021-06-16T14:01:00,500.0,51.9,S
2021-06-16T14:01:00,500.0,51.9,S
2021-06-16T14:01:00,1100.0,51.9,S
2021-06-16T14:01:00,4600.0,51.9,S
2021-06-16T14:01:00,600.0,51.9,S
2021-06-16T14:01:00,1700.0,51.9,S
2021-06-16T14:01:00,2500.0,51.9,S
2021-06-16T14:00:59,2000.0,51.9,S
2021-06-16T14:00:59,10000.0,51.9,S
2021-06-16T14:00:59,500.0,51.9,S
2021-06-16T14:00:59,1500.0,51.9,S
2021-06-16T14:00:59,400.0,51.9,S
2021-06-16T14:00:59,100.0,51.9,S
2021-06-16T14:00:59,1800.0,51.9,S
2021-06-16T14:00:59,300.0,51.9,S
2021-06-16T14:00:59,300.0,51.9,S
2021-06-16T14:00:59,5000.0,51.9,S
2021-06-16T14:00:59,400.0,51.9,S
2021-06-16T14:00:59,50300.0,51.9,S
2021-06-16T14:00:59,1000.0,51.9,S
2021-06-16T14:00:59,600.0,51.9,S
2021-06-16T14:00:58,16700.0,51.9,S
2021-06-16T14:00:54,200.0,52.0,B
2021-06-16T14:00:52,800.0,52.0,B
2021-06-16T14:00:51,600.0,52.0,B
2021-06-16T14:00:51,700.0,51.9,S
2021-06-16T14:00:51,100.0,51.9,S
2021-06-16T14:00:51,7800.0,51.9,S
2021-06-16T14:00:51,2300.0,51.9,S
2021-06-16T14:00:51,100.0,51.9,S
2021-06-16T14:00:51,1500.0,51.9,S
2021-06-16T14:00:51,7400.0,51.9,S
2021-06-16T14:00:49,100.0,52.0,B
2021-06-16T14:00:42,1000.0,52.0,B
2021-06-16T14:00:42,100.0,52.0,B
2021-06-16T14:00:39,200.0,52.0,B
2021-06-16T14:00:38,1000.0,52.0,B
2021-06-16T14:00:35,1000.0,52.0,B
2021-06-16T14:00:32,300.0,52.0,B
2021-06-16T14:00:31,700.0,52.0,B
2021-06-16T14:00:28,3000.0,52.0,S
2021-06-16T14:00:28,200.0,52.0,S
2021-06-16T14:00:26,1600.0,52.0,S
2021-06-16T14:00:25,200.0,52.0,S
2021-06-16T14:00:22,100.0,52.0,S
2021-06-16T14:00:22,200.0,52.0,S
2021-06-16T14:00:22,500.0,52.0,S
2021-06-16T14:00:19,200.0,52.0,S
2021-06-16T14:00:18,15100.0,52.0,S
2021-06-16T14:00:18,100.0,52.0,S
2021-06-16T14:00:17,900.0,52.0,S
2021-06-16T14:00:17,100.0,52.0,S
2021-06-16T14:00:16,2000.0,52.0,S
2021-06-16T14:00:14,500.0,52.0,S
2021-06-16T14:00:14,900.0,52.0,S
2021-06-16T14:00:12,100.0,52.0,S
2021-06-16T14:00:08,100.0,52.0,S
2021-06-16T14:00:08,100.0,52.0,S
2021-06-16T14:00:07,600.0,52.0,S
2021-06-16T14:00:04,200.0,52.0,S
2021-06-16T14:00:04,200.0,52.0,S
2021-06-16T14:00:04,300.0,52.0,S
2021-06-16T14:00:02,500.0,52.0,S
2021-06-16T13:59:59,200.0,52.0,S
2021-06-16T13:59:56,400.0,52.0,S
2021-06-16T13:59:51,2000.0,52.0,S
2021-06-16T13:59:50,200.0,52.0,S
2021-06-16T13:59:49,500.0,51.9,S
2021-06-16T13:59:43,100.0,52.0,S
2021-06-16T13:59:42,100.0,52.0,S
2021-06-16T13:59:42,200.0,52.0,S
2021-06-16T13:59:41,5000.0,52.0,S
2021-06-16T13:59:39,100.0,52.0,S
2021-06-16T13:59:37,100.0,52.0,S
2021-06-16T13:59:32,5000.0,52.0,S
2021-06-16T13:59:32,100.0,52.0,S
2021-06-16T13:59:30,1000.0,52.0,S
2021-06-16T13:59:30,1000.0,52.0,S
2021-06-16T13:59:29,1000.0,52.0,S
2021-06-16T13:59:25,1500.0,52.0,S
2021-06-16T13:59:24,4000.0,52.0,S
2021-06-16T13:59:18,100.0,52.0,S
2021-06-16T13:59:18,1000.0,52.0,S
2021-06-16T13:59:17,100.0,52.0,S
2021-06-16T13:59:15,400.0,52.0,S
2021-06-16T13:59:13,100.0,52.0,S
2021-06-16T13:59:09,2000.0,52.0,S
2021-06-16T13:59:05,100.0,52.0,S
2021-06-16T13:59:01,1100.0,52.0,S
2021-06-16T13:59:00,5000.0,52.0,S
2021-06-16T13:58:59,800.0,52.0,S
2021-06-16T13:58:59,2500.0,52.0,S
2021-06-16T13:58:57,10000.0,52.0,S
2021-06-16T13:58:56,100.0,52.0,S
2021-06-16T13:58:51,100.0,52.0,S
2021-06-16T13:58:50,2000.0,52.0,S
2021-06-16T13:58:49,10000.0,51.9,S
2021-06-16T13:58:48,2000.0,52.0,S
2021-06-16T13:58:48,100.0,52.0,S
2021-06-16T13:58:46,3000.0,52.0,S
2021-06-16T13:58:44,100.0,52.0,S
2021-06-16T13:58:44,100.0,52.0,S
2021-06-16T13:58:44,200.0,52.0,S
2021-06-16T13:58:44,1000.0,52.0,S
2021-06-16T13:58:44,100.0,52.0,S
2021-06-16T13:58:43,8000.0,52.0,S
2021-06-16T13:58:39,100.0,52.0,S
2021-06-16T13:58:37,500.0,52.0,S
2021-06-16T13:58:36,100.0,52.0,S
2021-06-16T13:58:36,200.0,52.0,S
2021-06-16T13:58:31,100.0,52.0,S
2021-06-16T13:58:30,200.0,52.0,S
2021-06-16T13:58:30,500.0,52.0,S
2021-06-16T13:58:27,100.0,52.0,S
2021-06-16T13:58:27,800.0,52.0,S
2021-06-16T13:58:25,1600.0,52.0,S
2021-06-16T13:58:25,1200.0,52.0,S
2021-06-16T13:58:25,500.0,52.0,S
2021-06-16T13:58:25,2000.0,52.0,S
2021-06-16T13:58:25,300.0,52.0,S
2021-06-16T13:58:25,500.0,52.0,S
2021-06-16T13:58:25,1200.0,52.0,S
2021-06-16T13:58:25,6700.0,52.0,S
2021-06-16T13:58:25,300.0,52.0,S
2021-06-16T13:58:24,100.0,52.0,S
2021-06-16T13:58:24,4500.0,52.0,S
2021-06-16T13:58:24,2400.0,52.0,S
2021-06-16T13:58:24,100.0,52.0,S
2021-06-16T13:58:24,1100.0,52.0,S
2021-06-16T13:58:24,4400.0,52.0,S
2021-06-16T13:58:24,500.0,52.0,S
2021-06-16T13:58:24,500.0,52.0,S
2021-06-16T13:58:24,2600.0,52.0,S
2021-06-16T13:58:24,500.0,52.0,S
2021-06-16T13:58:24,300.0,52.0,S
2021-06-16T13:58:24,300.0,52.0,S
2021-06-16T13:58:24,11100.0,52.0,S
2021-06-16T13:58:24,1300.0,52.0,S
2021-06-16T13:58:24,800.0,52.0,S
2021-06-16T13:58:24,400.0,52.0,S
2021-06-16T13:58:23,6400.0,52.0,S
2021-06-16T13:58:23,600.0,52.0,S
2021-06-16T13:58:23,800.0,52.0,S
2021-06-16T13:58:23,100.0,52.0,S
2021-06-16T13:58:23,200.0,52.0,S
2021-06-16T13:58:23,300.0,52.0,S
2021-06-16T13:58:23,3000.0,52.0,S
2021-06-16T13:58:23,2200.0,52.0,S
2021-06-16T13:58:23,2100.0,52.0,S
2021-06-16T13:58:23,600.0,52.0,S
2021-06-16T13:58:23,1500.0,52.0,S
2021-06-16T13:58:23,1000.0,52.0,S
2021-06-16T13:58:23,1300.0,52.0,S
2021-06-16T13:58:23,2700.0,52.0,S
2021-06-16T13:58:23,6800.0,52.0,S
2021-06-16T13:58:23,1100.0,52.0,S
2021-06-16T13:58:23,500.0,52.0,S
2021-06-16T13:58:23,3100.0,52.0,S
2021-06-16T13:58:23,200.0,52.0,S
2021-06-16T13:58:23,1400.0,52.0,S
2021-06-16T13:58:23,300.0,52.0,S
2021-06-16T13:58:23,500.0,52.0,S
2021-06-16T13:58:23,1300.0,52.0,S
2021-06-16T13:58:23,1300.0,52.0,S
2021-06-16T13:58:22,300.0,52.0,S
2021-06-16T13:58:22,5700.0,52.0,S
2021-06-16T13:58:22,400.0,52.0,S
2021-06-16T13:58:22,100.0,52.0,S
2021-06-16T13:58:22,100.0,52.0,S
2021-06-16T13:58:22,1600.0,52.0,S
2021-06-16T13:58:22,1000.0,52.0,S
2021-06-16T13:58:22,700.0,52.0,S
2021-06-16T13:58:22,300.0,52.0,S
2021-06-16T13:58:22,4100.0,52.0,S
2021-06-16T13:58:22,2600.0,52.0,S
2021-06-16T13:58:22,1600.0,52.0,S
2021-06-16T13:58:22,1400.0,52.0,S
2021-06-16T13:58:22,20000.0,52.0,S
2021-06-16T13:58:22,600.0,52.0,S
2021-06-16T13:58:22,10900.0,52.0,S
2021-06-16T13:58:22,500.0,52.0,S
2021-06-16T13:58:22,600.0,52.0,S
2021-06-16T13:58:22,2500.0,52.0,S
2021-06-16T13:58:22,300.0,52.0,S
2021-06-16T13:58:22,2000.0,52.0,S
2021-06-16T13:58:22,1100.0,52.0,S
2021-06-16T13:58:22,400.0,52.0,S
2021-06-16T13:58:22,2100.0,52.0,S
2021-06-16T13:58:22,300.0,52.0,S
2021-06-16T13:58:21,400.0,52.0,S
2021-06-16T13:58:21,1100.0,52.0,S
2021-06-16T13:58:21,600.0,52.0,S
2021-06-16T13:58:21,1900.0,52.0,S
2021-06-16T13:58:21,100.0,52.0,S
2021-06-16T13:58:21,100.0,52.0,S
2021-06-16T13:58:21,500.0,52.0,S
2021-06-16T13:58:21,2100.0,52.0,S
2021-06-16T13:58:21,1600.0,52.0,S
2021-06-16T13:58:21,1300.0,52.0,S
2021-06-16T13:58:21,500.0,52.0,S
2021-06-16T13:58:21,1100.0,52.0,S
2021-06-16T13:58:21,100.0,52.0,S
2021-06-16T13:58:21,100.0,52.0,S
2021-06-16T13:58:21,800.0,52.0,S
2021-06-16T13:58:21,5600.0,52.0,S
2021-06-16T13:58:21,600.0,52.0,S
2021-06-16T13:58:21,5300.0,52.0,S
2021-06-16T13:58:21,1600.0,52.0,S
2021-06-16T13:58:21,11200.0,52.0,S
2021-06-16T13:58:20,100.0,52.0,S
2021-06-16T13:58:20,100.0,52.0,S
2021-06-16T13:58:20,1100.0,52.0,S
2021-06-16T13:58:20,6700.0,52.0,S
2021-06-16T13:58:20,1000.0,52.0,S
2021-06-16T13:58:20,100.0,52.0,S
2021-06-16T13:58:20,1700.0,52.0,S
2021-06-16T13:58:20,2000.0,52.0,S
2021-06-16T13:58:20,900.0,52.0,S
2021-06-16T13:58:20,1300.0,52.0,S
2021-06-16T13:58:20,800.0,52.0,S
2021-06-16T13:58:20,12000.0,52.0,S
2021-06-16T13:58:20,200.0,52.0,S
2021-06-16T13:58:20,3400.0,52.0,S
2021-06-16T13:58:20,600.0,52.0,S
2021-06-16T13:58:20,2500.0,52.0,S
2021-06-16T13:58:20,1000.0,52.0,S
2021-06-16T13:58:20,13900.0,52.0,S
2021-06-16T13:58:13,1000.0,52.0,S
2021-06-16T13:58:11,10000.0,52.0,S
2021-06-16T13:58:10,1400.0,52.0,S
2021-06-16T13:58:09,100.0,52.1,B
2021-06-16T13:58:08,2000.0,52.0,S
2021-06-16T13:58:05,5500.0,52.0,S
2021-06-16T13:58:05,200.0,52.0,S
2021-06-16T13:58:05,500.0,52.0,S
2021-06-16T13:58:05,3400.0,52.0,S
2021-06-16T13:58:05,700.0,52.0,S
2021-06-16T13:58:05,200.0,52.0,S
2021-06-16T13:58:05,1800.0,52.0,S
2021-06-16T13:58:05,1300.0,52.0,S
2021-06-16T13:58:05,10600.0,52.0,S
2021-06-16T13:58:05,1000.0,52.0,S
2021-06-16T13:58:05,300.0,52.0,S
2021-06-16T13:58:05,200.0,52.0,S
2021-06-16T13:58:05,800.0,52.0,S
2021-06-16T13:58:05,4000.0,52.0,S
2021-06-16T13:57:58,2000.0,52.0,S
2021-06-16T13:57:58,200.0,52.0,S
2021-06-16T13:57:58,2200.0,52.0,S
2021-06-16T13:57:58,5400.0,52.0,S
2021-06-16T13:57:58,300.0,52.0,S
2021-06-16T13:57:58,100.0,52.0,S
2021-06-16T13:57:58,300.0,52.0,S
2021-06-16T13:57:58,500.0,52.0,S
2021-06-16T13:57:58,300.0,52.0,S
2021-06-16T13:57:58,100.0,52.0,S
2021-06-16T13:57:58,400.0,52.0,S
2021-06-16T13:57:58,1200.0,52.0,S
2021-06-16T13:57:58,3100.0,52.0,S
2021-06-16T13:57:58,500.0,52.0,S
2021-06-16T13:57:58,3500.0,52.0,S
2021-06-16T13:57:58,5100.0,52.0,S
2021-06-16T13:57:58,300.0,52.0,S
2021-06-16T13:57:58,400.0,52.0,S
2021-06-16T13:57:57,1400.0,52.0,S
2021-06-16T13:57:57,700.0,52.0,S
2021-06-16T13:57:57,6700.0,52.0,S
2021-06-16T13:57:57,1300.0,52.0,S
2021-06-16T13:57:57,2400.0,52.0,S
2021-06-16T13:57:57,600.0,52.0,S
2021-06-16T13:57:55,4300.0,52.0,S
2021-06-16T13:57:55,3400.0,52.0,S
2021-06-16T13:57:55,1600.0,52.0,S
2021-06-16T13:57:55,200.0,52.0,S
2021-06-16T13:57:55,600.0,52.0,S
2021-06-16T13:57:55,4900.0,52.0,S
2021-06-16T13:57:54,500.0,52.0,S
2021-06-16T13:57:54,5100.0,52.0,S
2021-06-16T13:57:54,3500.0,52.0,S
2021-06-16T13:57:54,700.0,52.0,S
2021-06-16T13:57:54,100.0,52.0,S
2021-06-16T13:57:54,100.0,52.0,S
2021-06-16T13:57:54,2000.0,52.1,B
2021-06-16T13:57:49,700.0,52.0,S
2021-06-16T13:57:49,1600.0,52.0,S
2021-06-16T13:57:49,200.0,52.0,S
2021-06-16T13:57:49,4900.0,52.0,S
2021-06-16T13:57:49,300.0,52.0,S
2021-06-16T13:57:49,100.0,52.0,S
2021-06-16T13:57:48,200.0,52.0,S
2021-06-16T13:57:48,4200.0,52.0,S
2021-06-16T13:57:48,11700.0,52.0,S
2021-06-16T13:57:48,35200.0,52.0,S
2021-06-16T13:57:48,100.0,52.0,S
2021-06-16T13:57:48,200.0,52.0,S
2021-06-16T13:57:48,700.0,52.0,S
2021-06-16T13:57:48,2600.0,52.0,S
2021-06-16T13:57:48,13000.0,52.0,S
2021-06-16T13:57:48,1300.0,52.0,S
2021-06-16T13:57:48,5000.0,52.0,S
2021-06-16T13:57:48,700.0,52.0,S
2021-06-16T13:57:48,1000.0,52.0,S
2021-06-16T13:57:48,500.0,52.0,S
2021-06-16T13:57:48,600.0,52.0,S
2021-06-16T13:57:48,1400.0,52.0,S
2021-06-16T13:57:48,5400.0,52.0,S
2021-06-16T13:57:48,200.0,52.0,S
2021-06-16T13:57:48,500.0,52.0,S
2021-06-16T13:57:48,200.0,52.0,S
2021-06-16T13:57:47,2300.0,52.0,S
2021-06-16T13:57:47,300.0,52.0,S
2021-06-16T13:57:47,1100.0,52.0,S
2021-06-16T13:57:47,2100.0,52.0,S
2021-06-16T13:57:47,500.0,52.0,S
2021-06-16T13:57:47,100.0,52.0,S
2021-06-16T13:57:47,1200.0,52.0,S
2021-06-16T13:57:47,1000.0,52.0,S
2021-06-16T13:57:47,2400.0,52.0,S
2021-06-16T13:57:47,400.0,52.0,S
2021-06-16T13:57:47,1700.0,52.0,S
2021-06-16T13:57:47,300.0,52.0,S
2021-06-16T13:57:47,2400.0,52.0,S
2021-06-16T13:57:47,200.0,52.0,S
2021-06-16T13:57:47,300.0,52.0,S
2021-06-16T13:57:47,900.0,52.0,S
2021-06-16T13:57:47,700.0,52.0,S
2021-06-16T13:57:47,13900.0,52.0,S
2021-06-16T13:57:47,2500.0,52.0,S
2021-06-16T13:57:46,500.0,52.0,S
2021-06-16T13:57:46,1600.0,52.0,S
2021-06-16T13:57:46,600.0,52.0,S
2021-06-16T13:57:46,500.0,52.0,S
2021-06-16T13:57:46,500.0,52.0,S
2021-06-16T13:57:46,1500.0,52.0,S
2021-06-16T13:57:46,1200.0,52.0,S
2021-06-16T13:57:46,1500.0,52.0,S
2021-06-16T13:57:46,5300.0,52.0,S
2021-06-16T13:57:45,1000.0,52.0,S
2021-06-16T13:57:43,3200.0,52.0,S
2021-06-16T13:57:43,100.0,52.0,S
2021-06-16T13:57:42,6700.0,52.0,S
2021-06-16T13:57:41,100.0,52.1,B
2021-06-16T13:57:41,100.0,52.1,B
2021-06-16T13:57:40,25100.0,52.0,S
2021-06-16T13:57:39,500.0,52.0,S
2021-06-16T13:57:36,5000.0,52.0,S
2021-06-16T13:57:33,300.0,52.1,B
2021-06-16T13:57:33,1000.0,52.0,S
2021-06-16T13:57:29,100.0,52.1,B
2021-06-16T13:57:24,11500.0,52.0,S
2021-06-16T13:57:10,20000.0,52.0,S
2021-06-16T13:57:09,300.0,52.1,B
2021-06-16T13:57:09,500.0,52.0,S
2021-06-16T13:57:09,100.0,52.1,B
2021-06-16T13:57:08,200.0,52.1,B
2021-06-16T13:57:05,500.0,52.0,S
2021-06-16T13:57:01,300.0,52.1,B
2021-06-16T13:57:01,3000.0,52.0,S
2021-06-16T13:57:01,5600.0,52.0,S
2021-06-16T13:57:01,4000.0,52.0,S
2021-06-16T13:57:01,400.0,52.0,S
2021-06-16T13:57:01,300.0,52.0,S
2021-06-16T13:57:00,100.0,52.0,S
2021-06-16T13:57:00,400.0,52.0,S
2021-06-16T13:57:00,200.0,52.0,S
2021-06-16T13:57:00,900.0,52.0,S
2021-06-16T13:57:00,100.0,52.0,S
2021-06-16T13:57:00,2300.0,52.0,S
2021-06-16T13:57:00,400.0,52.0,S
2021-06-16T13:57:00,2300.0,52.0,S
2021-06-16T13:56:58,100.0,52.0,S
2021-06-16T13:56:57,100.0,52.0,S
2021-06-16T13:56:57,300.0,52.0,S
2021-06-16T13:56:57,5500.0,52.0,S
2021-06-16T13:56:57,1700.0,52.0,S
2021-06-16T13:56:57,400.0,52.0,S
2021-06-16T13:56:57,1400.0,52.0,S
2021-06-16T13:56:57,500.0,52.0,S
2021-06-16T13:56:57,100.0,52.1,B
2021-06-16T13:56:56,800.0,52.0,S
2021-06-16T13:56:56,1600.0,52.0,S
2021-06-16T13:56:54,500.0,52.1,B
2021-06-16T13:56:52,700.0,52.1,B
2021-06-16T13:56:50,100.0,52.1,B
2021-06-16T13:56:49,400.0,52.0,S
2021-06-16T13:56:48,28300.0,52.0,S
2021-06-16T13:56:48,100.0,52.0,S
2021-06-16T13:56:48,2300.0,52.0,S
2021-06-16T13:56:48,1000.0,52.0,S
2021-06-16T13:56:48,2300.0,52.0,S
2021-06-16T13:56:48,2000.0,52.0,S
2021-06-16T13:56:48,1200.0,52.0,S
2021-06-16T13:56:48,1800.0,52.0,S
2021-06-16T13:56:42,1000.0,52.1,B
2021-06-16T13:56:41,600.0,52.0,S
2021-06-16T13:56:38,3900.0,52.0,S
2021-06-16T13:56:38,500.0,52.1,B
2021-06-16T13:56:37,200.0,52.1,B
2021-06-16T13:56:37,800.0,52.1,B
2021-06-16T13:56:30,5000.0,52.0,S
2021-06-16T13:56:29,200.0,52.1,B
2021-06-16T13:56:28,1700.0,52.1,B
2021-06-16T13:56:28,10000.0,52.0,S
2021-06-16T13:56:26,7500.0,52.0,S
2021-06-16T13:56:26,2000.0,52.1,B
2021-06-16T13:56:25,100.0,52.1,B
2021-06-16T13:56:25,500.0,52.1,B
2021-06-16T13:56:24,100.0,52.1,B
2021-06-16T13:56:24,200.0,52.1,B
2021-06-16T13:56:23,3000.0,52.1,B
2021-06-16T13:56:22,1900.0,52.1,B
2021-06-16T13:56:18,3700.0,52.0,S
2021-06-16T13:56:17,400.0,52.1,B
2021-06-16T13:56:16,1000.0,52.1,B
2021-06-16T13:56:13,10000.0,52.1,B
2021-06-16T13:56:08,300.0,52.0,S
2021-06-16T13:56:02,5000.0,52.1,S
2021-06-16T13:55:56,100.0,52.1,S
2021-06-16T13:55:52,100.0,52.1,S
2021-06-16T13:55:45,300.0,52.1,S
2021-06-16T13:55:41,100.0,52.1,S
2021-06-16T13:55:40,2000.0,52.1,S
2021-06-16T13:55:40,200.0,52.0,S
2021-06-16T13:55:40,4100.0,52.0,S
2021-06-16T13:55:40,3900.0,52.0,S
2021-06-16T13:55:38,1000.0,52.1,S
2021-06-16T13:55:35,1000.0,52.0,S
2021-06-16T13:55:34,1200.0,52.0,S
2021-06-16T13:55:34,1200.0,52.0,S
2021-06-16T13:55:34,1200.0,52.0,S
2021-06-16T13:55:34,100.0,52.0,S
2021-06-16T13:55:34,26000.0,52.0,S
2021-06-16T13:55:34,1200.0,52.0,S
2021-06-16T13:55:34,7800.0,52.0,S
2021-06-16T13:55:34,2400.0,52.0,S
2021-06-16T13:55:34,3900.0,52.0,S
2021-06-16T13:55:33,5000.0,52.0,S
2021-06-16T13:55:32,1000.0,52.0,S
2021-06-16T13:55:32,1000.0,52.0,S
2021-06-16T13:55:32,2500.0,52.0,S
2021-06-16T13:55:31,200.0,52.0,S
2021-06-16T13:55:31,500.0,52.0,S
2021-06-16T13:55:31,2500.0,52.0,S
2021-06-16T13:55:31,1000.0,52.0,S
2021-06-16T13:55:31,1700.0,52.0,S
2021-06-16T13:55:31,3600.0,52.0,S
2021-06-16T13:55:31,2000.0,52.0,S
2021-06-16T13:55:31,1000.0,52.0,S
2021-06-16T13:55:31,2500.0,52.1,S
2021-06-16T13:55:28,1000.0,52.1,S
2021-06-16T13:55:23,100.0,52.1,S
2021-06-16T13:55:10,100.0,52.1,S
2021-06-16T13:55:06,1000.0,52.0,S
2021-06-16T13:55:06,1500.0,52.0,S
2021-06-16T13:55:06,500.0,52.0,S
2021-06-16T13:55:06,1100.0,52.0,S
2021-06-16T13:55:06,300.0,52.0,S
2021-06-16T13:55:06,300.0,52.0,S
2021-06-16T13:55:06,100.0,52.0,S
2021-06-16T13:55:05,200.0,52.0,S
2021-06-16T13:55:04,100.0,52.1,S
2021-06-16T13:55:03,200.0,52.1,S
2021-06-16T13:55:00,200.0,52.1,S
2021-06-16T13:54:59,100.0,52.1,S
2021-06-16T13:54:52,200.0,52.1,S
2021-06-16T13:54:52,10000.0,52.0,S
2021-06-16T13:54:51,500.0,52.1,S
2021-06-16T13:54:50,100.0,52.1,S
2021-06-16T13:54:49,600.0,52.1,S
2021-06-16T13:54:44,1000.0,52.1,S
2021-06-16T13:54:44,200.0,52.1,S
2021-06-16T13:54:43,5000.0,52.0,S
2021-06-16T13:54:41,500.0,52.1,S
2021-06-16T13:54:38,300.0,52.1,S
2021-06-16T13:54:38,100.0,52.1,S
2021-06-16T13:54:37,1000.0,52.1,S
2021-06-16T13:54:35,100.0,52.1,S
2021-06-16T13:54:29,1200.0,52.1,S
2021-06-16T13:54:29,200.0,52.1,S
2021-06-16T13:54:28,800.0,52.1,S
2021-06-16T13:54:24,2500.0,52.1,S
2021-06-16T13:54:24,200.0,52.1,S
2021-06-16T13:54:24,30300.0,52.1,S
2021-06-16T13:54:24,10700.0,52.1,S
2021-06-16T13:54:24,5000.0,52.1,S
2021-06-16T13:54:22,1000.0,52.1,S
2021-06-16T13:54:18,100.0,52.2,B
2021-06-16T13:54:17,1000.0,52.2,B
2021-06-16T13:54:17,2000.0,52.1,S
2021-06-16T13:54:10,50000.0,52.1,S
2021-06-16T13:54:06,100.0,52.2,B
2021-06-16T13:54:03,100.0,52.1,S
2021-06-16T13:54:01,2500.0,52.1,S
2021-06-16T13:53:56,5000.0,52.2,S
2021-06-16T13:53:55,3000.0,52.1,S
2021-06-16T13:53:54,2000.0,52.2,S
2021-06-16T13:53:52,1500.0,52.1,S
2021-06-16T13:53:52,100.0,52.1,S
2021-06-16T13:53:52,500.0,52.1,S
2021-06-16T13:53:52,2900.0,52.1,S
2021-06-16T13:53:52,300.0,52.1,S
2021-06-16T13:53:51,300.0,52.2,S
2021-06-16T13:53:48,10000.0,52.1,S
2021-06-16T13:53:48,100.0,52.2,S
2021-06-16T13:53:46,4400.0,52.1,S
2021-06-16T13:53:46,6000.0,52.1,S
2021-06-16T13:53:46,100.0,52.1,S
2021-06-16T13:53:46,3500.0,52.1,S
2021-06-16T13:53:45,5000.0,52.1,S
2021-06-16T13:53:40,1000.0,52.1,S
2021-06-16T13:53:30,100.0,52.2,S
2021-06-16T13:53:30,5000.0,52.1,S
2021-06-16T13:53:28,6000.0,52.1,S
2021-06-16T13:53:26,500.0,52.1,S
2021-06-16T13:53:25,700.0,52.1,S
2021-06-16T13:53:25,1100.0,52.1,S
2021-06-16T13:53:25,500.0,52.1,S
2021-06-16T13:53:25,6000.0,52.1,S
2021-06-16T13:53:25,1000.0,52.1,S
2021-06-16T13:53:25,500.0,52.1,S
2021-06-16T13:53:24,700.0,52.1,S
2021-06-16T13:53:24,500.0,52.1,S
2021-06-16T13:53:24,3200.0,52.1,S
2021-06-16T13:53:24,6300.0,52.1,S
2021-06-16T13:53:24,600.0,52.1,S
2021-06-16T13:53:24,500.0,52.1,S
2021-06-16T13:53:24,400.0,52.1,S
2021-06-16T13:53:24,5400.0,52.1,S
2021-06-16T13:53:24,1000.0,52.1,S
2021-06-16T13:53:24,3100.0,52.1,S
2021-06-16T13:53:24,5500.0,52.1,S
2021-06-16T13:53:24,600.0,52.1,S
2021-06-16T13:53:24,100.0,52.1,S
2021-06-16T13:53:24,13000.0,52.1,S
2021-06-16T13:53:24,1100.0,52.1,S
2021-06-16T13:53:24,9900.0,52.1,S
2021-06-16T13:53:24,300.0,52.1,S
2021-06-16T13:53:24,400.0,52.1,S
2021-06-16T13:53:24,500.0,52.1,S
2021-06-16T13:53:24,200.0,52.1,S
2021-06-16T13:53:24,2000.0,52.1,S
2021-06-16T13:53:24,900.0,52.1,S
2021-06-16T13:53:24,800.0,52.1,S
2021-06-16T13:53:23,1000.0,52.1,S
2021-06-16T13:53:23,600.0,52.1,S
2021-06-16T13:53:23,14000.0,52.1,S
2021-06-16T13:53:23,3700.0,52.1,S
2021-06-16T13:53:23,700.0,52.1,S
2021-06-16T13:53:23,800.0,52.1,S
2021-06-16T13:53:23,1100.0,52.1,S
2021-06-16T13:53:23,1500.0,52.1,S
2021-06-16T13:53:23,600.0,52.1,S
2021-06-16T13:53:23,9200.0,52.1,S
2021-06-16T13:53:21,100.0,52.2,S
2021-06-16T13:53:17,20000.0,52.2,S
2021-06-16T13:53:17,500.0,52.2,S
2021-06-16T13:53:13,100.0,52.2,S
2021-06-16T13:53:12,100.0,52.2,S
2021-06-16T13:53:10,100.0,52.2,S
2021-06-16T13:53:08,500.0,52.2,S
2021-06-16T13:53:03,2000.0,52.2,S
2021-06-16T13:53:02,1000.0,52.1,S
2021-06-16T13:53:01,1000.0,52.2,S
2021-06-16T13:53:01,200.0,52.2,S
2021-06-16T13:53:00,200.0,52.2,S
2021-06-16T13:52:59,5000.0,52.2,S
2021-06-16T13:52:55,3000.0,52.2,S
2021-06-16T13:52:51,4100.0,52.2,S
2021-06-16T13:52:50,6000.0,52.2,S
2021-06-16T13:52:47,200.0,52.2,S
2021-06-16T13:52:47,1000.0,52.2,S
2021-06-16T13:52:47,900.0,52.2,S
2021-06-16T13:52:44,1000.0,52.2,S
2021-06-16T13:52:43,3000.0,52.2,S
2021-06-16T13:52:41,800.0,52.3,B
2021-06-16T13:52:39,100.0,52.2,S
2021-06-16T13:52:38,1200.0,52.2,S
2021-06-16T13:52:38,3000.0,52.2,S
2021-06-16T13:52:38,600.0,52.2,S
2021-06-16T13:52:38,5200.0,52.2,S
2021-06-16T13:52:35,2200.0,52.2,S
2021-06-16T13:52:35,2100.0,52.2,S
2021-06-16T13:52:34,700.0,52.2,S
2021-06-16T13:52:29,700.0,52.2,S
2021-06-16T13:52:29,200.0,52.2,S
2021-06-16T13:52:28,600.0,52.2,S
2021-06-16T13:52:28,1000.0,52.2,S
2021-06-16T13:52:28,700.0,52.2,S
2021-06-16T13:52:28,1800.0,52.2,S
2021-06-16T13:52:25,200.0,52.2,S
2021-06-16T13:52:25,100.0,52.2,S
2021-06-16T13:52:25,300.0,52.2,S
2021-06-16T13:52:25,1500.0,52.2,S
2021-06-16T13:52:25,4000.0,52.2,S
2021-06-16T13:52:25,1000.0,52.2,S
2021-06-16T13:52:25,6900.0,52.2,S
2021-06-16T13:52:25,3400.0,52.2,S
2021-06-16T13:52:25,100.0,52.2,S
2021-06-16T13:52:21,100.0,52.3,B
2021-06-16T13:52:19,1000.0,52.2,S
2021-06-16T13:52:19,6400.0,52.2,S
2021-06-16T13:52:19,2600.0,52.2,S
2021-06-16T13:52:17,2000.0,52.2,S
2021-06-16T13:52:14,4000.0,52.2,S
2021-06-16T13:52:10,1500.0,52.2,S
2021-06-16T13:52:10,21500.0,52.2,S
2021-06-16T13:52:10,900.0,52.2,S
2021-06-16T13:52:10,500.0,52.2,S
2021-06-16T13:52:10,900.0,52.2,S
2021-06-16T13:52:10,500.0,52.2,S
2021-06-16T13:52:10,3400.0,52.2,S
2021-06-16T13:52:10,3000.0,52.2,S
2021-06-16T13:52:10,1100.0,52.2,S
2021-06-16T13:52:10,8300.0,52.2,S
2021-06-16T13:52:10,1600.0,52.2,S
2021-06-16T13:52:10,700.0,52.2,S
2021-06-16T13:52:10,200.0,52.2,S
2021-06-16T13:52:10,1100.0,52.2,S
2021-06-16T13:52:10,3700.0,52.2,S
2021-06-16T13:52:10,500.0,52.2,S
2021-06-16T13:52:10,8000.0,52.2,S
2021-06-16T13:52:10,2400.0,52.2,S
2021-06-16T13:52:09,300.0,52.2,S
2021-06-16T13:52:09,2400.0,52.2,S
2021-06-16T13:52:09,800.0,52.2,S
2021-06-16T13:52:09,1000.0,52.2,S
2021-06-16T13:52:09,100.0,52.2,S
2021-06-16T13:52:09,200.0,52.2,S
2021-06-16T13:52:09,7000.0,52.2,S
2021-06-16T13:52:09,4400.0,52.2,S
2021-06-16T13:52:09,20200.0,52.2,S
2021-06-16T13:52:09,2300.0,52.2,S
2021-06-16T13:52:08,1500.0,52.2,S
2021-06-16T13:51:55,1000.0,52.2,S
2021-06-16T13:51:51,1000.0,52.2,S
2021-06-16T13:51:50,13800.0,52.3,B
2021-06-16T13:51:50,4000.0,52.3,B
2021-06-16T13:51:50,10100.0,52.3,B
2021-06-16T13:51:50,8500.0,52.3,B
2021-06-16T13:51:49,13600.0,52.3,B
2021-06-16T13:51:44,100.0,52.3,B
2021-06-16T13:51:44,3800.0,52.2,S
2021-06-16T13:51:43,1000.0,52.2,S
2021-06-16T13:51:36,200.0,52.2,S
2021-06-16T13:51:31,200.0,52.2,S
2021-06-16T13:51:30,200.0,52.3,B
2021-06-16T13:51:30,400.0,52.2,S
2021-06-16T13:51:27,500.0,52.3,B
2021-06-16T13:51:25,100.0,52.3,B
2021-06-16T13:51:24,100.0,52.3,B
2021-06-16T13:51:21,100.0,52.2,S
2021-06-16T13:51:21,8500.0,52.2,S
2021-06-16T13:51:21,1200.0,52.2,S
2021-06-16T13:51:21,300.0,52.2,S
2021-06-16T13:51:18,100.0,52.3,B
2021-06-16T13:51:05,500.0,52.2,S
2021-06-16T13:51:03,200.0,52.3,B
2021-06-16T13:51:00,1500.0,52.3,B
2021-06-16T13:51:00,200.0,52.2,S
2021-06-16T13:51:00,500.0,52.2,S
2021-06-16T13:51:00,9300.0,52.2,S
2021-06-16T13:50:59,2000.0,52.2,S
2021-06-16T13:50:53,5000.0,52.3,B
2021-06-16T13:50:51,3000.0,52.3,B
2021-06-16T13:50:51,500.0,52.3,B
2021-06-16T13:50:50,5100.0,52.2,S
2021-06-16T13:50:50,9800.0,52.3,B
2021-06-16T13:50:49,1000.0,52.3,B
2021-06-16T13:50:49,6200.0,52.3,B
2021-06-16T13:50:42,2200.0,52.3,B
2021-06-16T13:50:41,3500.0,52.3,B
2021-06-16T13:50:38,500.0,52.3,B
2021-06-16T13:50:38,100.0,52.3,B
2021-06-16T13:50:37,800.0,52.3,B
2021-06-16T13:50:36,1000.0,52.3,B
2021-06-16T13:50:35,100.0,52.3,B
2021-06-16T13:50:35,600.0,52.3,B
2021-06-16T13:50:33,5000.0,52.3,B
2021-06-16T13:50:33,500.0,52.3,B
2021-06-16T13:50:31,100.0,52.3,B
2021-06-16T13:50:29,100.0,52.3,B
2021-06-16T13:50:23,100.0,52.3,B
2021-06-16T13:50:23,1000.0,52.3,S
2021-06-16T13:50:23,100.0,52.3,S
2021-06-16T13:50:23,1300.0,52.3,S
2021-06-16T13:50:19,100.0,52.4,B
2021-06-16T13:50:17,200.0,52.3,S
2021-06-16T13:50:15,300.0,52.3,S
2021-06-16T13:50:12,100.0,52.4,B
2021-06-16T13:50:08,200.0,52.4,B
2021-06-16T13:50:07,3800.0,52.2,S
2021-06-16T13:50:07,1000.0,52.2,S
2021-06-16T13:50:07,1000.0,52.2,S
2021-06-16T13:50:07,500.0,52.2,S
2021-06-16T13:50:07,1700.0,52.2,S
2021-06-16T13:50:07,1400.0,52.2,S
2021-06-16T13:50:07,10600.0,52.3,S
2021-06-16T13:50:02,100.0,52.4,B
2021-06-16T13:50:02,100.0,52.4,B
2021-06-16T13:49:55,1800.0,52.3,S
2021-06-16T13:49:52,1000.0,52.3,S
2021-06-16T13:49:47,6100.0,52.4,B
2021-06-16T13:49:47,30300.0,52.4,B
2021-06-16T13:49:47,100.0,52.4,B
2021-06-16T13:49:46,1000.0,52.4,B
2021-06-16T13:49:45,12500.0,52.4,B
2021-06-16T13:49:45,100.0,52.3,S
2021-06-16T13:49:45,9400.0,52.3,S
2021-06-16T13:49:43,1000.0,52.4,B
2021-06-16T13:49:36,100.0,52.4,B
2021-06-16T13:49:33,500.0,52.3,S
2021-06-16T13:49:32,200.0,52.4,B
2021-06-16T13:49:28,500.0,52.3,S
2021-06-16T13:49:26,7900.0,52.4,B
2021-06-16T13:49:26,11300.0,52.4,B
2021-06-16T13:49:26,20800.0,52.4,B
2021-06-16T13:49:26,1000.0,52.4,B
2021-06-16T13:49:26,6000.0,52.4,B
2021-06-16T13:49:26,3000.0,52.4,B
2021-06-16T13:49:17,700.0,52.3,B
2021-06-16T13:49:09,200.0,52.4,B
2021-06-16T13:49:05,400.0,52.4,B
2021-06-16T13:49:05,100.0,52.3,B
2021-06-16T13:49:05,1500.0,52.3,B
2021-06-16T13:49:03,100.0,52.3,B
2021-06-16T13:48:58,100.0,52.3,B
2021-06-16T13:48:55,1000.0,52.3,B
2021-06-16T13:48:51,400.0,52.3,B
2021-06-16T13:48:50,400.0,52.3,B
2021-06-16T13:48:49,600.0,52.3,B
2021-06-16T13:48:48,300.0,52.3,B
2021-06-16T13:48:48,2000.0,52.3,B
2021-06-16T13:48:47,100.0,52.3,B
2021-06-16T13:48:46,3600.0,52.3,B
2021-06-16T13:48:43,1000.0,52.3,B
2021-06-16T13:48:42,1700.0,52.3,B
2021-06-16T13:48:39,500.0,52.3,B
2021-06-16T13:48:34,500.0,52.3,B
2021-06-16T13:48:34,2000.0,52.2,S
2021-06-16T13:48:27,3000.0,52.3,B
2021-06-16T13:48:26,300.0,52.3,B
2021-06-16T13:48:24,2100.0,52.3,B
2021-06-16T13:48:24,1900.0,52.3,B
2021-06-16T13:48:21,1000.0,52.3,B
2021-06-16T13:48:19,200.0,52.3,B
2021-06-16T13:48:08,2100.0,52.3,B
2021-06-16T13:48:08,2900.0,52.3,B
2021-06-16T13:48:08,300.0,52.3,B
2021-06-16T13:48:03,1000.0,52.3,B
2021-06-16T13:48:03,1300.0,52.3,B
2021-06-16T13:48:02,500.0,52.3,B
2021-06-16T13:47:59,600.0,52.2,S
2021-06-16T13:47:59,900.0,52.2,S
2021-06-16T13:47:59,1500.0,52.2,S
2021-06-16T13:47:53,100.0,52.3,B
2021-06-16T13:47:51,1000.0,52.3,B
2021-06-16T13:47:43,200.0,52.3,B
2021-06-16T13:47:39,1400.0,52.2,S
2021-06-16T13:47:39,600.0,52.3,B
2021-06-16T13:47:39,500.0,52.3,B
2021-06-16T13:47:38,500.0,52.3,B
2021-06-16T13:47:29,1300.0,52.2,S
2021-06-16T13:47:29,700.0,52.2,S
2021-06-16T13:47:26,1200.0,52.3,B
2021-06-16T13:47:26,300.0,52.3,B
2021-06-16T13:47:23,1200.0,52.3,B
2021-06-16T13:47:23,1100.0,52.3,B
2021-06-16T13:47:23,3800.0,52.3,B
2021-06-16T13:47:23,400.0,52.3,B
2021-06-16T13:47:23,4800.0,52.3,B
2021-06-16T13:47:23,600.0,52.3,B
2021-06-16T13:47:23,3300.0,52.3,B
2021-06-16T13:47:22,500.0,52.3,B
2021-06-16T13:47:22,6800.0,52.3,B
2021-06-16T13:47:22,200.0,52.3,B
2021-06-16T13:47:22,300.0,52.3,B
2021-06-16T13:47:22,10100.0,52.3,B
2021-06-16T13:47:22,1100.0,52.3,B
2021-06-16T13:47:22,3000.0,52.3,B
2021-06-16T13:47:22,3200.0,52.3,B
2021-06-16T13:47:22,5100.0,52.3,B
2021-06-16T13:47:22,1000.0,52.3,B
2021-06-16T13:47:22,5600.0,52.3,B
2021-06-16T13:47:22,800.0,52.3,B
2021-06-16T13:47:22,300.0,52.3,B
2021-06-16T13:47:20,4300.0,52.3,B
2021-06-16T13:47:20,1000.0,52.3,B
2021-06-16T13:47:20,37500.0,52.3,B
2021-06-16T13:47:20,4900.0,52.3,B
2021-06-16T13:47:20,5500.0,52.3,B
2021-06-16T13:47:20,28000.0,52.3,B
2021-06-16T13:47:20,600.0,52.3,B
2021-06-16T13:47:20,500.0,52.3,B
2021-06-16T13:47:20,6000.0,52.3,B
2021-06-16T13:47:20,300.0,52.3,B
2021-06-16T13:47:20,2000.0,52.3,B
2021-06-16T13:47:20,62600.0,52.3,B
2021-06-16T13:47:20,3600.0,52.3,B
2021-06-16T13:47:20,21100.0,52.3,B
2021-06-16T13:47:20,1100.0,52.3,B
2021-06-16T13:47:20,6000.0,52.3,B
2021-06-16T13:47:20,300.0,52.3,B
2021-06-16T13:47:20,1000.0,52.2,S
2021-06-16T13:47:19,200.0,52.2,S
2021-06-16T13:47:14,2000.0,52.2,S
2021-06-16T13:47:14,1000.0,52.3,B
2021-06-16T13:47:12,1000.0,52.2,S
2021-06-16T13:47:03,100.0,52.2,S
2021-06-16T13:47:03,5000.0,52.2,S
2021-06-16T13:47:02,800.0,52.3,B
2021-06-16T13:46:58,3000.0,52.2,S
2021-06-16T13:46:58,3600.0,52.2,S
2021-06-16T13:46:58,500.0,52.2,S
2021-06-16T13:46:58,5400.0,52.2,S
2021-06-16T13:46:58,200.0,52.2,S
2021-06-16T13:46:57,6300.0,52.2,S
2021-06-16T13:46:53,100.0,52.3,B
2021-06-16T13:46:52,200.0,52.3,B
2021-06-16T13:46:51,100.0,52.2,S
2021-06-16T13:46:47,700.0,52.3,B
2021-06-16T13:46:41,400.0,52.2,S
2021-06-16T13:46:29,100.0,52.3,B
2021-06-16T13:46:28,20000.0,52.2,S
2021-06-16T13:46:21,100.0,52.3,B
2021-06-16T13:46:20,100.0,52.3,B
2021-06-16T13:46:17,2100.0,52.3,B
2021-06-16T13:46:11,1000.0,52.3,B
2021-06-16T13:46:08,100.0,52.3,B
2021-06-16T13:46:07,100.0,52.3,B
2021-06-16T13:46:07,6900.0,52.3,B
2021-06-16T13:46:07,13100.0,52.3,B
2021-06-16T13:46:07,500.0,52.3,B
2021-06-16T13:46:00,100.0,52.2,S
2021-06-16T13:46:00,2000.0,52.2,S
2021-06-16T13:46:00,1000.0,52.2,S
2021-06-16T13:46:00,2000.0,52.2,S
2021-06-16T13:45:59,100.0,52.3,B
2021-06-16T13:45:57,500.0,52.3,B
2021-06-16T13:45:55,100.0,52.3,B
2021-06-16T13:45:51,500.0,52.3,B
2021-06-16T13:45:46,2000.0,52.3,B
2021-06-16T13:45:35,500.0,52.3,B
2021-06-16T13:45:28,1100.0,52.3,B
2021-06-16T13:45:25,1300.0,52.2,S
2021-06-16T13:45:18,100.0,52.3,B
2021-06-16T13:45:16,200.0,52.3,B
2021-06-16T13:45:11,5000.0,52.2,S
2021-06-16T13:45:09,100.0,52.3,B
2021-06-16T13:45:08,1000.0,52.3,B
2021-06-16T13:45:08,1000.0,52.3,B
2021-06-16T13:44:56,300.0,52.3,B
2021-06-16T13:44:54,2000.0,52.2,S
2021-06-16T13:44:53,100.0,52.3,B
2021-06-16T13:44:52,1000.0,52.3,B
2021-06-16T13:44:48,1400.0,52.2,S
2021-06-16T13:44:46,600.0,52.3,B
2021-06-16T13:44:44,900.0,52.2,S
2021-06-16T13:44:40,200.0,52.3,B
2021-06-16T13:44:38,2000.0,52.3,B
2021-06-16T13:44:36,200.0,52.3,B
2021-06-16T13:44:35,100.0,52.3,B
2021-06-16T13:44:33,10000.0,52.3,B
2021-06-16T13:44:21,3000.0,52.3,B
2021-06-16T13:44:18,100.0,52.3,B
2021-06-16T13:44:14,100.0,52.3,B
2021-06-16T13:44:12,100.0,52.3,B
2021-06-16T13:44:11,200.0,52.3,B
2021-06-16T13:44:06,100.0,52.3,B
2021-06-16T13:44:06,100.0,52.2,S
2021-06-16T13:44:03,1000.0,52.3,B
2021-06-16T13:43:54,200.0,52.3,B
2021-06-16T13:43:53,100.0,52.3,B
2021-06-16T13:43:50,300.0,52.3,B
2021-06-16T13:43:46,100.0,52.3,B
2021-06-16T13:43:42,100.0,52.3,B
2021-06-16T13:43:33,1000.0,52.3,B
2021-06-16T13:43:30,400.0,52.2,S
2021-06-16T13:43:25,1000.0,52.3,B
2021-06-16T13:43:23,100.0,52.3,B
2021-06-16T13:43:21,100.0,52.3,B
2021-06-16T13:43:18,200.0,52.3,B
2021-06-16T13:43:11,100.0,52.3,B
2021-06-16T13:43:05,12900.0,52.3,B
2021-06-16T13:43:03,200.0,52.3,B
2021-06-16T13:42:59,300.0,52.3,B
2021-06-16T13:42:57,700.0,52.3,B
2021-06-16T13:42:54,100.0,52.3,B
2021-06-16T13:42:50,200.0,52.3,B
2021-06-16T13:42:49,3500.0,52.2,S
2021-06-16T13:42:48,100.0,52.3,B
2021-06-16T13:42:39,100.0,52.3,B
2021-06-16T13:42:38,300.0,52.3,B
2021-06-16T13:42:38,200.0,52.3,B
2021-06-16T13:42:38,1500.0,52.3,B
2021-06-16T13:42:32,1800.0,52.2,S
2021-06-16T13:42:24,100.0,52.3,B
2021-06-16T13:42:23,100.0,52.2,S
2021-06-16T13:42:16,100.0,52.3,B
2021-06-16T13:42:15,1000.0,52.2,S
2021-06-16T13:42:05,600.0,52.2,S
2021-06-16T13:42:02,400.0,52.3,B
2021-06-16T13:41:53,1000.0,52.3,B
2021-06-16T13:41:52,3900.0,52.2,S
2021-06-16T13:41:51,500.0,52.3,B
2021-06-16T13:41:50,400.0,52.3,B
2021-06-16T13:41:42,2000.0,52.2,S
2021-06-16T13:41:40,100.0,52.2,S
2021-06-16T13:41:36,1300.0,52.3,B
2021-06-16T13:41:34,400.0,52.3,B
2021-06-16T13:41:25,100.0,52.3,B
2021-06-16T13:41:21,3700.0,52.2,S
2021-06-16T13:41:21,100.0,52.3,B
2021-06-16T13:41:06,1000.0,52.3,B
2021-06-16T13:40:58,800.0,52.3,B
2021-06-16T13:40:56,700.0,52.2,S
2021-06-16T13:40:55,500.0,52.3,B
2021-06-16T13:40:49,2500.0,52.2,S
2021-06-16T13:40:48,1000.0,52.2,S
2021-06-16T13:40:48,5100.0,52.2,S
2021-06-16T13:40:44,13400.0,52.2,S
2021-06-16T13:40:44,1200.0,52.2,S
2021-06-16T13:40:38,19900.0,52.2,S
2021-06-16T13:40:38,1000.0,52.2,S
2021-06-16T13:40:38,14000.0,52.2,S
2021-06-16T13:40:38,200.0,52.2,S
2021-06-16T13:40:38,100.0,52.2,S
2021-06-16T13:40:37,2800.0,52.2,S
2021-06-16T13:40:35,1600.0,52.2,S
2021-06-16T13:40:35,100.0,52.3,B
2021-06-16T13:40:23,5400.0,52.2,B
2021-06-16T13:40:23,10200.0,52.2,B
2021-06-16T13:40:21,200.0,52.2,B
2021-06-16T13:40:21,5300.0,52.2,B
2021-06-16T13:40:21,500.0,52.2,B
2021-06-16T13:40:17,1000.0,52.2,B
2021-06-16T13:40:16,2000.0,52.2,B
2021-06-16T13:40:16,200.0,52.2,B
2021-06-16T13:40:14,200.0,52.2,B
2021-06-16T13:40:14,400.0,52.2,B
2021-06-16T13:40:13,100.0,52.2,B
2021-06-16T13:40:11,1300.0,52.2,B
2021-06-16T13:40:09,600.0,52.2,B
2021-06-16T13:40:06,400.0,52.2,B
2021-06-16T13:40:04,100.0,52.2,B
2021-06-16T13:40:00,45000.0,52.2,B
2021-06-16T13:39:59,500.0,52.1,S
2021-06-16T13:39:58,1000.0,52.2,B
2021-06-16T13:39:56,1700.0,52.2,B
2021-06-16T13:39:53,100.0,52.2,B
2021-06-16T13:39:52,500.0,52.2,B
2021-06-16T13:39:50,15000.0,52.2,B
2021-06-16T13:39:50,100.0,52.2,B
2021-06-16T13:39:49,800.0,52.1,S
2021-06-16T13:39:48,200.0,52.2,B
2021-06-16T13:39:47,100.0,52.2,B
2021-06-16T13:39:47,500.0,52.2,B
2021-06-16T13:39:45,200.0,52.2,B
2021-06-16T13:39:42,2000.0,52.2,B
2021-06-16T13:39:41,100.0,52.2,B
2021-06-16T13:39:41,500.0,52.2,B
2021-06-16T13:39:40,1000.0,52.2,B
2021-06-16T13:39:38,20100.0,52.2,B
2021-06-16T13:39:33,400.0,52.2,B
2021-06-16T13:39:26,300.0,52.2,B
2021-06-16T13:39:18,200.0,52.2,B
2021-06-16T13:39:15,100.0,52.2,B
2021-06-16T13:39:15,100.0,52.2,B
2021-06-16T13:39:14,300.0,52.2,B
2021-06-16T13:39:10,100.0,52.2,B
2021-06-16T13:39:09,100.0,52.2,B
2021-06-16T13:39:08,2800.0,52.2,B
2021-06-16T13:39:08,100.0,52.2,B
2021-06-16T13:39:07,200.0,52.2,B
2021-06-16T13:39:06,1600.0,52.2,B
2021-06-16T13:39:03,1500.0,52.2,B
2021-06-16T13:38:57,100.0,52.2,B
2021-06-16T13:38:57,900.0,52.2,B
2021-06-16T13:38:56,700.0,52.2,B
