tradingTime,volume,price,side
2021-06-16T14:19:01,1800.0,37.0,B
2021-06-16T14:18:45,800.0,37.0,B
2021-06-16T14:18:18,100.0,37.0,B
2021-06-16T14:13:05,200.0,37.0,B
2021-06-16T14:12:19,200.0,37.0,S
2021-06-16T14:10:03,700.0,37.0,S
2021-06-16T14:09:14,2000.0,37.0,S
2021-06-16T14:08:29,100.0,37.0,S
2021-06-16T14:08:28,1000.0,37.0,S
2021-06-16T14:07:02,100.0,37.15,B
2021-06-16T14:06:29,100.0,37.15,S
2021-06-16T14:03:50,300.0,37.2,B
2021-06-16T14:02:13,100.0,37.0,S
2021-06-16T14:02:08,200.0,37.0,S
2021-06-16T14:01:38,1500.0,37.2,B
2021-06-16T13:59:58,600.0,37.0,B
2021-06-16T13:59:07,800.0,37.0,B
2021-06-16T13:56:25,100.0,37.0,B
2021-06-16T13:55:24,600.0,37.0,B
2021-06-16T13:51:30,1700.0,37.0,S
2021-06-16T13:51:10,200.0,37.3,B
2021-06-16T13:50:45,2000.0,37.0,S
2021-06-16T13:49:47,5000.0,37.0,S
2021-06-16T13:48:19,100.0,37.4,S
2021-06-16T13:48:15,300.0,37.4,S
2021-06-16T13:47:55,100.0,37.4,S
2021-06-16T13:46:45,100.0,37.4,B
2021-06-16T13:46:17,3400.0,37.5,B
2021-06-16T13:45:31,1500.0,37.4,B
2021-06-16T13:43:59,600.0,37.4,B
2021-06-16T13:43:46,500.0,37.0,S
2021-06-16T13:42:44,200.0,37.0,B
2021-06-16T13:42:42,4000.0,36.3,S
2021-06-16T13:42:42,700.0,36.5,S
2021-06-16T13:42:41,1800.0,36.7,S
2021-06-16T13:42:27,100.0,37.0,B
2021-06-16T13:42:27,3600.0,37.0,B
2021-06-16T13:41:42,300.0,36.9,B
2021-06-16T13:41:32,1000.0,36.9,B
2021-06-16T13:41:20,200.0,36.9,B
2021-06-16T13:41:00,3000.0,36.9,B
2021-06-16T13:40:39,300.0,36.5,S
2021-06-16T13:40:39,500.0,36.5,S
2021-06-16T13:40:31,100.0,36.65,B
2021-06-16T13:39:53,2300.0,36.5,B
2021-06-16T13:39:46,200.0,36.5,B
2021-06-16T13:39:24,3000.0,36.5,B
2021-06-16T13:39:18,1000.0,36.4,B
2021-06-16T13:38:47,500.0,36.4,B
2021-06-16T13:38:14,400.0,36.3,B
2021-06-16T13:38:01,4700.0,36.3,B
2021-06-16T13:37:57,600.0,36.3,B
2021-06-16T13:37:49,1000.0,36.3,B
2021-06-16T13:37:41,1000.0,36.3,B
2021-06-16T13:37:41,500.0,36.3,B
2021-06-16T13:37:00,2100.0,36.3,B
2021-06-16T13:37:00,900.0,36.3,B
2021-06-16T13:35:56,300.0,36.25,S
2021-06-16T13:34:51,1000.0,36.25,B
2021-06-16T13:32:01,4000.0,36.15,B
2021-06-16T13:30:21,2300.0,36.1,B
2021-06-16T13:29:07,100.0,36.1,B
2021-06-16T13:26:24,1000.0,36.1,B
2021-06-16T13:24:14,100.0,36.1,B
2021-06-16T13:23:59,100.0,36.1,B
2021-06-16T13:23:48,4100.0,36.1,S
2021-06-16T13:21:37,900.0,36.1,B
2021-06-16T13:21:27,200.0,36.1,B
2021-06-16T13:21:18,300.0,36.1,B
2021-06-16T13:20:09,800.0,36.1,S
2021-06-16T13:20:07,500.0,36.1,S
2021-06-16T13:19:20,500.0,36.1,B
2021-06-16T13:18:06,100.0,36.1,B
2021-06-16T13:17:01,1000.0,36.1,B
2021-06-16T13:16:36,100.0,36.1,B
2021-06-16T13:15:25,1300.0,36.1,B
2021-06-16T13:13:32,1100.0,36.0,B
2021-06-16T13:13:02,300.0,36.0,B
2021-06-16T13:12:47,300.0,35.95,S
2021-06-16T13:12:22,2200.0,36.0,B
2021-06-16T13:06:05,1000.0,36.0,B
2021-06-16T13:05:44,300.0,36.0,B
2021-06-16T13:04:39,100.0,36.0,B
2021-06-16T13:03:47,700.0,35.95,B
2021-06-16T13:03:43,200.0,35.95,B
2021-06-16T13:02:58,200.0,35.95,B
2021-06-16T11:23:51,400.0,35.8,S
2021-06-16T11:16:01,600.0,35.8,S
2021-06-16T11:08:05,200.0,35.95,B
2021-06-16T11:04:32,1000.0,35.95,B
2021-06-16T11:04:00,2000.0,35.8,S
2021-06-16T10:58:57,100.0,35.85,S
2021-06-16T10:58:05,800.0,35.85,B
2021-06-16T10:50:42,1600.0,35.8,B
2021-06-16T10:47:10,300.0,35.6,S
2021-06-16T10:46:35,100.0,35.7,B
2021-06-16T10:45:58,100.0,35.7,B
2021-06-16T10:41:37,100.0,35.7,B
2021-06-16T10:41:09,1300.0,35.5,S
2021-06-16T10:37:47,1900.0,35.5,S
2021-06-16T10:36:49,5000.0,35.5,S
2021-06-16T10:36:40,1600.0,35.6,B
2021-06-16T10:36:25,200.0,35.6,S
2021-06-16T10:36:25,1700.0,35.6,S
2021-06-16T10:34:37,2000.0,35.6,S
2021-06-16T10:32:30,500.0,35.6,S
2021-06-16T10:30:31,700.0,35.6,S
2021-06-16T10:30:31,100.0,35.7,S
2021-06-16T10:30:30,200.0,35.7,S
2021-06-16T10:29:18,200.0,35.8,B
2021-06-16T10:28:41,1000.0,35.7,S
2021-06-16T10:28:09,100.0,35.8,B
2021-06-16T10:23:56,400.0,35.8,S
2021-06-16T10:23:00,100.0,35.8,S
2021-06-16T10:18:26,300.0,35.8,S
2021-06-16T10:17:18,600.0,35.8,S
2021-06-16T10:15:24,100.0,35.85,B
2021-06-16T10:11:20,700.0,35.85,S
2021-06-16T10:10:39,100.0,35.85,S
2021-06-16T10:09:53,300.0,35.85,S
2021-06-16T10:05:36,100.0,35.9,B
2021-06-16T10:04:16,500.0,35.9,S
2021-06-16T10:03:10,400.0,35.9,S
2021-06-16T10:01:32,100.0,35.9,S
2021-06-16T10:00:30,300.0,35.9,S
2021-06-16T10:00:29,200.0,35.9,S
2021-06-16T09:58:22,400.0,35.9,S
2021-06-16T09:54:28,800.0,35.9,S
2021-06-16T09:51:48,400.0,35.9,S
2021-06-16T09:51:48,600.0,35.9,S
2021-06-16T09:49:21,700.0,35.9,S
2021-06-16T09:49:14,200.0,36.0,B
2021-06-16T09:48:45,200.0,35.9,S
2021-06-16T09:45:28,100.0,36.0,B
2021-06-16T09:45:12,500.0,36.0,B
2021-06-16T09:45:08,1000.0,36.0,B
2021-06-16T09:33:28,900.0,36.0,B
2021-06-16T09:33:00,700.0,36.0,B
2021-06-16T09:32:47,1000.0,36.0,B
2021-06-16T09:32:33,1000.0,35.9,S
2021-06-16T09:31:41,4200.0,36.0,B
2021-06-16T09:30:29,1000.0,36.0,B
2021-06-16T09:25:44,300.0,36.0,B
2021-06-16T09:21:35,700.0,36.0,S
2021-06-16T09:19:22,1000.0,36.0,S
