tradingTime,volume,price,side
2021-06-16T14:19:26,100.0,27.55,S
2021-06-16T14:19:24,100.0,27.5,S
2021-06-16T14:18:58,2000.0,27.6,B
2021-06-16T14:18:39,2000.0,27.55,S
2021-06-16T14:18:20,100.0,27.55,S
2021-06-16T14:17:52,100.0,27.6,B
2021-06-16T14:17:26,100.0,27.55,S
2021-06-16T14:17:14,100.0,27.6,B
2021-06-16T14:16:59,2000.0,27.6,B
2021-06-16T14:16:52,300.0,27.6,B
2021-06-16T14:16:51,100.0,27.6,B
2021-06-16T14:16:51,1900.0,27.6,B
2021-06-16T14:16:45,100.0,27.55,S
2021-06-16T14:16:09,20000.0,27.6,B
2021-06-16T14:16:00,300.0,27.5,S
2021-06-16T14:16:00,2500.0,27.5,S
2021-06-16T14:15:45,100.0,27.6,B
2021-06-16T14:15:15,1000.0,27.6,B
2021-06-16T14:15:01,1000.0,27.55,S
2021-06-16T14:15:01,500.0,27.55,S
2021-06-16T14:15:01,100.0,27.55,S
2021-06-16T14:15:00,1100.0,27.55,S
2021-06-16T14:15:00,200.0,27.55,S
2021-06-16T14:15:00,1000.0,27.55,S
2021-06-16T14:15:00,700.0,27.55,S
2021-06-16T14:15:00,100.0,27.55,S
2021-06-16T14:15:00,200.0,27.55,S
2021-06-16T14:15:00,400.0,27.55,S
2021-06-16T14:15:00,1600.0,27.55,S
2021-06-16T14:15:00,2500.0,27.55,S
2021-06-16T14:15:00,1100.0,27.55,S
2021-06-16T14:15:00,1100.0,27.55,S
2021-06-16T14:14:59,300.0,27.55,S
2021-06-16T14:14:59,500.0,27.55,S
2021-06-16T14:14:59,1200.0,27.55,S
2021-06-16T14:14:59,2000.0,27.55,S
2021-06-16T14:14:59,400.0,27.55,S
2021-06-16T14:14:59,7000.0,27.55,S
2021-06-16T14:14:29,1000.0,27.6,B
2021-06-16T14:12:42,20000.0,27.6,S
2021-06-16T14:12:39,1500.0,27.55,S
2021-06-16T14:12:39,100.0,27.55,S
2021-06-16T14:12:32,100.0,27.6,S
2021-06-16T14:11:59,3000.0,27.6,S
2021-06-16T14:10:02,1000.0,27.6,S
2021-06-16T14:10:02,3700.0,27.6,S
2021-06-16T14:07:34,900.0,27.7,B
2021-06-16T14:06:58,1500.0,27.65,B
2021-06-16T14:06:55,500.0,27.65,B
2021-06-16T14:06:45,1300.0,27.6,S
2021-06-16T14:06:42,200.0,27.6,S
2021-06-16T14:06:04,3000.0,27.6,S
2021-06-16T14:05:18,100.0,27.6,S
2021-06-16T14:05:18,1900.0,27.6,S
2021-06-16T14:04:38,100.0,27.6,S
2021-06-16T14:03:45,2100.0,27.65,B
2021-06-16T14:03:31,200.0,27.65,B
2021-06-16T14:03:15,100.0,27.65,B
2021-06-16T14:02:50,5000.0,27.6,S
2021-06-16T14:02:09,700.0,27.6,S
2021-06-16T14:02:05,500.0,27.6,S
2021-06-16T14:01:33,300.0,27.6,S
2021-06-16T14:01:07,1000.0,27.65,B
2021-06-16T14:01:06,100.0,27.65,B
2021-06-16T14:00:25,100.0,27.65,S
2021-06-16T14:00:01,100.0,27.65,S
2021-06-16T13:58:26,200.0,27.65,S
2021-06-16T13:58:19,100.0,27.65,S
2021-06-16T13:58:12,2000.0,27.6,S
2021-06-16T13:58:00,300.0,27.6,S
2021-06-16T13:55:22,200.0,27.6,B
2021-06-16T13:54:50,100.0,27.6,B
2021-06-16T13:54:48,16200.0,27.6,B
2021-06-16T13:54:44,200.0,27.6,B
2021-06-16T13:54:23,100.0,27.6,B
2021-06-16T13:54:17,500.0,27.6,B
2021-06-16T13:54:07,300.0,27.6,B
2021-06-16T13:54:01,100.0,27.6,B
2021-06-16T13:53:50,200.0,27.6,B
2021-06-16T13:53:48,5000.0,27.6,B
2021-06-16T13:53:39,200.0,27.6,B
2021-06-16T13:53:30,10000.0,27.6,B
2021-06-16T13:53:13,100.0,27.6,B
2021-06-16T13:53:02,8000.0,27.6,B
2021-06-16T13:52:46,2000.0,27.55,S
2021-06-16T13:52:23,100.0,27.6,B
2021-06-16T13:52:22,500.0,27.6,B
2021-06-16T13:52:04,300.0,27.6,B
2021-06-16T13:51:51,100.0,27.6,B
2021-06-16T13:51:25,100.0,27.6,B
2021-06-16T13:50:57,500.0,27.6,B
2021-06-16T13:50:45,200.0,27.6,B
2021-06-16T13:50:20,1300.0,27.6,S
2021-06-16T13:50:20,300.0,27.6,S
2021-06-16T13:50:20,500.0,27.6,S
2021-06-16T13:50:20,2400.0,27.6,S
2021-06-16T13:50:20,3300.0,27.6,S
2021-06-16T13:50:07,1400.0,27.7,S
2021-06-16T13:50:07,100.0,27.75,B
2021-06-16T13:50:00,3000.0,27.75,B
2021-06-16T13:49:45,100.0,27.75,B
2021-06-16T13:48:25,100.0,27.75,B
2021-06-16T13:48:18,100.0,27.75,B
2021-06-16T13:48:12,3700.0,27.6,S
2021-06-16T13:48:12,10000.0,27.6,S
2021-06-16T13:48:12,1500.0,27.6,S
2021-06-16T13:48:12,1300.0,27.6,S
2021-06-16T13:48:12,900.0,27.65,S
2021-06-16T13:48:12,1300.0,27.65,S
2021-06-16T13:48:12,200.0,27.65,S
2021-06-16T13:48:12,2100.0,27.65,S
2021-06-16T13:48:12,11900.0,27.65,S
2021-06-16T13:48:12,500.0,27.65,S
2021-06-16T13:48:11,900.0,27.65,S
2021-06-16T13:48:11,900.0,27.7,S
2021-06-16T13:48:11,14800.0,27.7,S
2021-06-16T13:48:04,300.0,27.75,B
2021-06-16T13:47:54,1500.0,27.75,B
2021-06-16T13:47:54,500.0,27.75,B
2021-06-16T13:47:54,200.0,27.75,B
2021-06-16T13:47:14,100.0,27.75,B
2021-06-16T13:46:45,500.0,27.75,B
2021-06-16T13:46:29,5000.0,27.7,S
2021-06-16T13:45:52,500.0,27.75,B
2021-06-16T13:45:49,500.0,27.75,B
2021-06-16T13:45:46,500.0,27.7,S
2021-06-16T13:44:43,1000.0,27.75,B
2021-06-16T13:44:22,100.0,27.75,B
2021-06-16T13:44:16,100.0,27.75,B
2021-06-16T13:44:06,1900.0,27.75,B
2021-06-16T13:43:46,100.0,27.75,B
2021-06-16T13:43:39,500.0,27.75,B
2021-06-16T13:42:56,500.0,27.75,B
2021-06-16T13:42:46,400.0,27.75,B
2021-06-16T13:42:09,1000.0,27.75,B
2021-06-16T13:41:59,100.0,27.75,B
2021-06-16T13:41:39,1000.0,27.75,B
2021-06-16T13:41:04,1600.0,27.75,B
2021-06-16T13:39:06,100.0,27.75,B
2021-06-16T13:38:47,100.0,27.7,S
2021-06-16T13:38:43,1000.0,27.7,S
2021-06-16T13:38:36,1200.0,27.7,S
2021-06-16T13:37:58,500.0,27.7,S
2021-06-16T13:37:56,200.0,27.7,S
2021-06-16T13:36:39,4000.0,27.7,S
2021-06-16T13:36:28,10000.0,27.75,B
2021-06-16T13:35:47,100.0,27.75,S
2021-06-16T13:35:45,2900.0,27.75,S
2021-06-16T13:35:19,100.0,27.75,S
2021-06-16T13:34:53,300.0,27.75,S
2021-06-16T13:34:53,400.0,27.75,S
2021-06-16T13:34:53,2300.0,27.75,S
2021-06-16T13:34:31,400.0,27.75,S
2021-06-16T13:34:00,1000.0,27.8,B
2021-06-16T13:32:59,100.0,27.8,B
2021-06-16T13:32:49,2500.0,27.8,B
2021-06-16T13:32:27,200.0,27.8,B
2021-06-16T13:32:11,100.0,27.8,B
2021-06-16T13:31:54,1000.0,27.8,S
2021-06-16T13:31:54,3000.0,27.8,S
2021-06-16T13:31:21,100.0,27.8,S
2021-06-16T13:31:09,200.0,27.9,B
2021-06-16T13:30:28,3600.0,27.9,S
2021-06-16T13:30:22,100.0,27.9,S
2021-06-16T13:30:13,5000.0,27.9,S
2021-06-16T13:29:35,600.0,27.9,S
2021-06-16T13:29:18,2000.0,27.9,B
2021-06-16T13:29:18,1500.0,27.9,B
2021-06-16T13:29:18,1500.0,27.9,B
2021-06-16T13:28:56,200.0,27.85,S
2021-06-16T13:28:06,1000.0,27.9,B
2021-06-16T13:27:50,4500.0,27.9,B
2021-06-16T13:27:49,500.0,27.9,B
2021-06-16T13:27:17,1000.0,27.9,B
2021-06-16T13:26:42,100.0,27.9,B
2021-06-16T13:25:02,2300.0,27.9,B
2021-06-16T13:24:40,200.0,27.8,B
2021-06-16T13:23:47,100.0,27.8,S
2021-06-16T13:23:42,200.0,27.9,B
2021-06-16T13:23:42,4200.0,27.9,B
2021-06-16T13:23:42,1200.0,27.9,B
2021-06-16T13:23:42,4400.0,27.9,B
2021-06-16T13:22:54,2000.0,27.8,B
2021-06-16T13:22:53,500.0,27.8,B
2021-06-16T13:22:53,200.0,27.8,B
2021-06-16T13:22:53,1400.0,27.8,B
2021-06-16T13:22:53,200.0,27.8,B
2021-06-16T13:22:53,5600.0,27.8,B
2021-06-16T13:21:54,2300.0,27.75,B
2021-06-16T13:21:37,400.0,27.7,S
2021-06-16T13:21:32,2200.0,27.75,B
2021-06-16T13:21:32,800.0,27.75,B
2021-06-16T13:19:39,1000.0,27.75,B
2021-06-16T13:18:36,7000.0,27.7,B
2021-06-16T13:18:28,2000.0,27.7,B
2021-06-16T13:17:50,400.0,27.65,S
2021-06-16T13:17:35,1000.0,27.7,B
2021-06-16T13:17:34,300.0,27.7,B
2021-06-16T13:16:42,100.0,27.7,B
2021-06-16T13:16:42,100.0,27.7,B
2021-06-16T13:16:32,300.0,27.7,B
2021-06-16T13:16:05,2000.0,27.7,B
2021-06-16T13:15:39,1000.0,27.7,B
2021-06-16T13:14:29,900.0,27.7,B
2021-06-16T13:14:29,100.0,27.65,B
2021-06-16T13:13:53,400.0,27.65,B
2021-06-16T13:13:32,100.0,27.65,S
2021-06-16T13:13:14,200.0,27.6,S
2021-06-16T13:13:01,1000.0,27.65,B
2021-06-16T13:13:01,2100.0,27.6,S
2021-06-16T13:13:01,3600.0,27.6,S
2021-06-16T13:13:01,500.0,27.6,S
2021-06-16T13:13:01,300.0,27.6,S
2021-06-16T13:13:01,900.0,27.6,S
2021-06-16T13:13:01,100.0,27.6,S
2021-06-16T13:13:00,500.0,27.6,S
2021-06-16T13:12:28,100.0,27.6,S
2021-06-16T13:12:27,500.0,27.6,S
2021-06-16T13:11:42,100.0,27.65,B
2021-06-16T13:11:36,500.0,27.65,B
2021-06-16T13:11:34,1400.0,27.65,B
2021-06-16T13:09:44,100.0,27.6,S
2021-06-16T13:09:44,100.0,27.6,S
2021-06-16T13:09:44,1800.0,27.6,S
2021-06-16T13:09:14,200.0,27.6,S
2021-06-16T13:08:04,1300.0,27.6,S
2021-06-16T13:08:04,100.0,27.6,S
2021-06-16T13:08:04,600.0,27.6,S
2021-06-16T13:08:02,100.0,27.6,S
2021-06-16T13:07:39,100.0,27.6,S
2021-06-16T13:07:39,4900.0,27.6,S
2021-06-16T13:07:29,200.0,27.65,B
2021-06-16T13:07:21,100.0,27.6,S
2021-06-16T13:07:16,1000.0,27.65,B
2021-06-16T13:06:54,100.0,27.65,B
2021-06-16T13:06:38,500.0,27.65,B
2021-06-16T13:06:26,200.0,27.65,B
2021-06-16T13:06:03,100.0,27.65,B
2021-06-16T13:05:35,500.0,27.65,B
2021-06-16T13:05:12,2000.0,27.65,B
2021-06-16T13:02:57,200.0,27.65,B
2021-06-16T13:02:47,300.0,27.6,S
2021-06-16T13:01:12,100.0,27.6,S
2021-06-16T13:01:07,6500.0,27.65,B
2021-06-16T13:01:04,500.0,27.6,S
2021-06-16T13:01:04,4000.0,27.6,S
2021-06-16T13:01:03,500.0,27.6,S
2021-06-16T13:01:00,500.0,27.6,S
2021-06-16T13:00:57,500.0,27.6,S
2021-06-16T13:00:55,300.0,27.6,S
2021-06-16T13:00:55,1000.0,27.6,S
2021-06-16T13:00:54,2000.0,27.6,S
2021-06-16T13:00:45,100.0,27.6,S
2021-06-16T13:00:41,500.0,27.6,S
2021-06-16T13:00:38,1000.0,27.6,S
2021-06-16T13:00:38,1000.0,27.55,S
2021-06-16T13:00:36,700.0,27.6,S
2021-06-16T13:00:33,100.0,27.6,S
2021-06-16T13:00:33,100.0,27.6,S
2021-06-16T13:00:32,400.0,27.55,S
2021-06-16T13:00:31,100.0,27.6,S
2021-06-16T13:00:31,100.0,27.6,S
2021-06-16T13:00:27,10000.0,27.55,S
2021-06-16T13:00:27,3000.0,27.6,S
2021-06-16T13:00:26,3000.0,27.65,B
2021-06-16T11:29:53,200.0,27.6,S
2021-06-16T11:29:16,100.0,27.6,B
2021-06-16T11:29:11,700.0,27.6,S
2021-06-16T11:28:57,2200.0,27.6,B
2021-06-16T11:28:56,3100.0,27.6,B
2021-06-16T11:28:24,1000.0,27.6,B
2021-06-16T11:28:15,100.0,27.6,B
2021-06-16T11:27:45,500.0,27.6,B
2021-06-16T11:27:20,1900.0,27.6,B
2021-06-16T11:27:03,500.0,27.6,B
2021-06-16T11:26:51,500.0,27.55,S
2021-06-16T11:26:40,100.0,27.6,B
2021-06-16T11:26:24,100.0,27.6,B
2021-06-16T11:25:57,100.0,27.6,B
2021-06-16T11:25:23,200.0,27.6,B
2021-06-16T11:25:09,300.0,27.6,B
2021-06-16T11:24:16,100.0,27.6,B
2021-06-16T11:24:01,500.0,27.6,B
2021-06-16T11:24:01,100.0,27.55,S
2021-06-16T11:23:12,500.0,27.6,B
2021-06-16T11:22:38,300.0,27.6,B
2021-06-16T11:22:14,100.0,27.6,B
2021-06-16T11:22:02,500.0,27.6,B
2021-06-16T11:20:20,100.0,27.6,B
2021-06-16T11:19:45,2000.0,27.6,S
2021-06-16T11:19:45,200.0,27.6,S
2021-06-16T11:19:45,1200.0,27.6,S
2021-06-16T11:19:45,2500.0,27.6,S
2021-06-16T11:19:45,700.0,27.6,S
2021-06-16T11:19:45,4400.0,27.6,S
2021-06-16T11:19:45,100.0,27.6,S
2021-06-16T11:19:45,1600.0,27.6,S
2021-06-16T11:19:45,300.0,27.6,S
2021-06-16T11:19:45,1000.0,27.6,S
2021-06-16T11:19:45,1100.0,27.6,S
2021-06-16T11:19:45,400.0,27.6,S
2021-06-16T11:19:45,500.0,27.6,S
2021-06-16T11:19:45,6000.0,27.65,S
2021-06-16T11:15:34,1500.0,27.65,S
2021-06-16T11:15:34,3500.0,27.65,S
2021-06-16T11:12:55,1000.0,27.7,B
2021-06-16T11:12:49,1000.0,27.65,S
2021-06-16T11:12:04,10000.0,27.7,B
2021-06-16T11:11:57,100.0,27.65,B
2021-06-16T11:11:10,100.0,27.65,B
2021-06-16T11:11:09,1000.0,27.65,B
2021-06-16T11:10:59,1000.0,27.65,B
2021-06-16T11:10:47,100.0,27.65,B
2021-06-16T11:09:58,100.0,27.65,B
2021-06-16T11:09:30,500.0,27.6,S
2021-06-16T11:09:30,500.0,27.6,S
2021-06-16T11:07:09,1100.0,27.6,S
2021-06-16T11:06:46,1200.0,27.65,S
2021-06-16T11:06:36,1700.0,27.65,S
2021-06-16T11:06:23,600.0,27.7,B
2021-06-16T11:06:05,100.0,27.7,B
2021-06-16T11:05:50,500.0,27.7,B
2021-06-16T11:04:55,200.0,27.65,B
2021-06-16T11:04:42,1100.0,27.6,S
2021-06-16T11:04:28,300.0,27.65,B
2021-06-16T11:03:28,1100.0,27.65,S
2021-06-16T11:03:28,100.0,27.65,S
2021-06-16T11:03:28,1300.0,27.65,S
2021-06-16T11:02:56,200.0,27.65,S
2021-06-16T11:01:46,100.0,27.7,B
2021-06-16T11:01:43,1500.0,27.65,S
2021-06-16T11:01:43,3000.0,27.65,S
2021-06-16T11:01:43,500.0,27.65,S
2021-06-16T11:00:42,1000.0,27.7,B
2021-06-16T11:00:22,500.0,27.7,B
2021-06-16T11:00:04,200.0,27.7,S
2021-06-16T11:00:04,1300.0,27.7,S
2021-06-16T11:00:02,1700.0,27.7,S
2021-06-16T11:00:02,3300.0,27.7,S
2021-06-16T10:59:37,2000.0,27.7,S
2021-06-16T10:59:35,2000.0,27.7,S
2021-06-16T10:58:47,4000.0,27.7,S
2021-06-16T10:58:46,2000.0,27.7,S
2021-06-16T10:58:41,1300.0,27.7,S
2021-06-16T10:58:30,100.0,27.7,S
2021-06-16T10:58:02,400.0,27.7,S
2021-06-16T10:57:35,2000.0,27.7,B
2021-06-16T10:57:28,2100.0,27.7,B
2021-06-16T10:56:48,1900.0,27.7,S
2021-06-16T10:56:33,400.0,27.7,S
2021-06-16T10:56:33,700.0,27.7,S
2021-06-16T10:56:33,900.0,27.7,S
2021-06-16T10:56:27,1500.0,27.7,S
2021-06-16T10:56:27,1000.0,27.7,S
2021-06-16T10:56:26,1500.0,27.7,S
2021-06-16T10:56:15,100.0,27.75,B
2021-06-16T10:56:12,2000.0,27.7,S
2021-06-16T10:56:09,2000.0,27.7,S
2021-06-16T10:56:01,100.0,27.75,B
2021-06-16T10:55:54,2000.0,27.7,S
2021-06-16T10:55:52,2000.0,27.7,S
2021-06-16T10:55:27,10000.0,27.7,S
2021-06-16T10:55:25,1800.0,27.8,B
2021-06-16T10:55:10,500.0,27.8,B
2021-06-16T10:54:52,6100.0,27.8,S
2021-06-16T10:54:18,100.0,27.8,S
2021-06-16T10:54:12,1500.0,27.8,S
2021-06-16T10:53:51,2400.0,27.8,B
2021-06-16T10:53:47,300.0,27.8,B
2021-06-16T10:53:42,100.0,27.8,B
2021-06-16T10:53:37,1000.0,27.8,B
2021-06-16T10:53:25,1000.0,27.8,B
2021-06-16T10:53:18,300.0,27.8,B
2021-06-16T10:53:01,1000.0,27.8,B
2021-06-16T10:52:42,100.0,27.8,B
2021-06-16T10:52:37,200.0,27.8,B
2021-06-16T10:52:30,100.0,27.8,B
2021-06-16T10:52:30,100.0,27.8,B
2021-06-16T10:52:17,100.0,27.8,B
2021-06-16T10:52:11,100.0,27.8,B
2021-06-16T10:51:32,1000.0,27.8,B
2021-06-16T10:51:11,700.0,27.8,B
2021-06-16T10:50:10,2000.0,27.7,B
2021-06-16T10:48:54,100.0,27.65,B
2021-06-16T10:48:47,7300.0,27.6,S
2021-06-16T10:48:30,1300.0,27.65,B
2021-06-16T10:48:15,500.0,27.65,B
2021-06-16T10:47:47,1700.0,27.65,B
2021-06-16T10:47:41,3500.0,27.6,S
2021-06-16T10:47:37,1300.0,27.6,S
2021-06-16T10:47:37,2700.0,27.6,S
2021-06-16T10:47:37,300.0,27.6,S
2021-06-16T10:47:37,100.0,27.6,S
2021-06-16T10:47:37,600.0,27.6,S
2021-06-16T10:47:36,200.0,27.65,B
2021-06-16T10:47:35,500.0,27.65,B
2021-06-16T10:47:21,1000.0,27.65,B
2021-06-16T10:47:15,500.0,27.65,B
2021-06-16T10:46:31,100.0,27.65,B
2021-06-16T10:46:02,1200.0,27.6,B
2021-06-16T10:45:05,1600.0,27.6,B
2021-06-16T10:45:03,500.0,27.6,B
2021-06-16T10:45:03,1000.0,27.6,B
2021-06-16T10:44:45,200.0,27.55,S
2021-06-16T10:44:42,800.0,27.6,B
2021-06-16T10:44:37,100.0,27.6,B
2021-06-16T10:44:15,2000.0,27.6,B
2021-06-16T10:43:55,1100.0,27.55,B
2021-06-16T10:43:52,200.0,27.55,B
2021-06-16T10:43:42,4100.0,27.55,B
2021-06-16T10:43:18,400.0,27.5,S
2021-06-16T10:42:58,2000.0,27.55,B
2021-06-16T10:42:49,1500.0,27.5,S
2021-06-16T10:42:26,200.0,27.55,B
2021-06-16T10:42:05,600.0,27.5,S
2021-06-16T10:41:58,1000.0,27.55,B
2021-06-16T10:41:56,1000.0,27.5,S
2021-06-16T10:41:38,500.0,27.5,S
2021-06-16T10:41:06,200.0,27.5,S
2021-06-16T10:41:03,500.0,27.5,S
2021-06-16T10:39:09,200.0,27.5,S
2021-06-16T10:38:38,400.0,27.5,S
2021-06-16T10:38:38,100.0,27.5,S
2021-06-16T10:38:32,400.0,27.5,S
2021-06-16T10:38:32,600.0,27.5,S
2021-06-16T10:38:32,2500.0,27.5,S
2021-06-16T10:38:32,200.0,27.5,S
2021-06-16T10:38:32,900.0,27.5,S
2021-06-16T10:38:32,100.0,27.5,S
2021-06-16T10:38:32,2700.0,27.5,S
2021-06-16T10:38:32,100.0,27.55,B
2021-06-16T10:38:32,900.0,27.55,B
2021-06-16T10:38:24,300.0,27.5,S
2021-06-16T10:38:24,700.0,27.5,S
2021-06-16T10:37:56,100.0,27.55,B
2021-06-16T10:37:07,100.0,27.5,S
2021-06-16T10:37:07,800.0,27.5,S
2021-06-16T10:37:07,100.0,27.5,S
2021-06-16T10:37:07,600.0,27.5,S
2021-06-16T10:37:07,100.0,27.5,S
2021-06-16T10:37:07,300.0,27.5,S
2021-06-16T10:37:02,2000.0,27.55,S
2021-06-16T10:37:00,500.0,27.5,S
2021-06-16T10:37:00,700.0,27.5,S
2021-06-16T10:37:00,1600.0,27.5,S
2021-06-16T10:37:00,1300.0,27.5,S
2021-06-16T10:37:00,800.0,27.5,S
2021-06-16T10:37:00,100.0,27.5,S
2021-06-16T10:37:00,1200.0,27.5,S
2021-06-16T10:37:00,200.0,27.5,S
2021-06-16T10:37:00,13600.0,27.5,S
2021-06-16T10:36:58,300.0,27.55,S
2021-06-16T10:36:49,100.0,27.55,S
2021-06-16T10:36:49,1800.0,27.55,S
2021-06-16T10:36:41,500.0,27.55,S
2021-06-16T10:36:38,2900.0,27.6,B
2021-06-16T10:36:20,1700.0,27.6,B
2021-06-16T10:36:15,400.0,27.55,S
2021-06-16T10:36:08,1200.0,27.55,S
2021-06-16T10:36:07,600.0,27.55,S
2021-06-16T10:36:07,400.0,27.55,S
2021-06-16T10:36:06,200.0,27.55,S
2021-06-16T10:36:04,200.0,27.6,B
2021-06-16T10:36:00,5000.0,27.6,B
2021-06-16T10:35:37,200.0,27.6,B
2021-06-16T10:35:19,200.0,27.6,B
2021-06-16T10:35:17,300.0,27.6,B
2021-06-16T10:35:07,100.0,27.6,B
2021-06-16T10:34:24,100.0,27.6,B
2021-06-16T10:34:02,2500.0,27.6,S
2021-06-16T10:33:37,2000.0,27.55,S
2021-06-16T10:33:33,1000.0,27.6,S
2021-06-16T10:32:32,500.0,27.6,S
2021-06-16T10:31:47,100.0,27.6,S
2021-06-16T10:31:47,100.0,27.6,S
2021-06-16T10:31:45,100.0,27.6,S
2021-06-16T10:31:41,100.0,27.6,S
2021-06-16T10:31:12,5000.0,27.6,S
2021-06-16T10:31:02,100.0,27.6,S
2021-06-16T10:30:54,100.0,27.6,S
2021-06-16T10:30:52,500.0,27.6,S
2021-06-16T10:30:33,7500.0,27.6,S
2021-06-16T10:30:01,1500.0,27.6,S
2021-06-16T10:29:54,200.0,27.65,S
2021-06-16T10:29:21,1800.0,27.6,S
2021-06-16T10:29:21,1100.0,27.6,S
2021-06-16T10:29:21,1500.0,27.6,S
2021-06-16T10:29:21,2100.0,27.6,S
2021-06-16T10:29:20,200.0,27.6,S
2021-06-16T10:29:20,300.0,27.6,S
2021-06-16T10:29:20,400.0,27.6,S
2021-06-16T10:29:20,5600.0,27.6,S
2021-06-16T10:29:02,400.0,27.65,S
2021-06-16T10:29:00,1000.0,27.65,S
2021-06-16T10:28:46,1000.0,27.6,S
2021-06-16T10:28:42,100.0,27.65,S
2021-06-16T10:28:35,1900.0,27.6,S
2021-06-16T10:27:09,1000.0,27.7,B
2021-06-16T10:27:07,1000.0,27.6,S
2021-06-16T10:26:57,200.0,27.65,S
2021-06-16T10:26:55,600.0,27.7,B
2021-06-16T10:26:29,3400.0,27.65,S
2021-06-16T10:26:00,15000.0,27.7,B
2021-06-16T10:25:30,500.0,27.7,B
2021-06-16T10:25:19,200.0,27.7,B
2021-06-16T10:25:16,1000.0,27.7,B
2021-06-16T10:24:26,600.0,27.7,S
2021-06-16T10:24:26,400.0,27.7,S
2021-06-16T10:24:19,3600.0,27.7,S
2021-06-16T10:24:15,600.0,27.7,S
2021-06-16T10:24:14,100.0,27.7,S
2021-06-16T10:24:02,2000.0,27.7,S
2021-06-16T10:23:48,100.0,27.7,S
2021-06-16T10:23:48,300.0,27.7,S
2021-06-16T10:23:48,300.0,27.7,S
2021-06-16T10:23:48,9300.0,27.7,S
2021-06-16T10:23:47,400.0,27.7,S
2021-06-16T10:23:40,200.0,27.7,S
2021-06-16T10:23:25,2200.0,27.7,S
2021-06-16T10:22:50,9000.0,27.7,S
2021-06-16T10:22:30,1000.0,27.7,S
2021-06-16T10:21:58,6300.0,27.7,S
2021-06-16T10:21:58,1600.0,27.7,S
2021-06-16T10:21:58,100.0,27.7,S
2021-06-16T10:21:58,600.0,27.7,S
2021-06-16T10:21:58,6300.0,27.7,S
2021-06-16T10:21:55,500.0,27.8,S
2021-06-16T10:21:21,400.0,27.7,S
2021-06-16T10:20:21,100.0,27.8,S
2021-06-16T10:19:49,1700.0,27.7,S
2021-06-16T10:19:49,400.0,27.7,S
2021-06-16T10:19:49,3900.0,27.7,S
2021-06-16T10:19:49,1000.0,27.7,S
2021-06-16T10:19:48,100.0,27.7,S
2021-06-16T10:19:48,1100.0,27.7,S
2021-06-16T10:19:48,5400.0,27.7,S
2021-06-16T10:19:48,500.0,27.75,S
2021-06-16T10:19:48,900.0,27.75,S
2021-06-16T10:19:48,1000.0,27.75,S
2021-06-16T10:19:48,2800.0,27.75,S
2021-06-16T10:19:48,1100.0,27.75,S
2021-06-16T10:19:48,5100.0,27.75,S
2021-06-16T10:19:33,1000.0,27.8,S
2021-06-16T10:19:15,100.0,27.8,S
2021-06-16T10:18:55,100.0,27.8,S
2021-06-16T10:18:49,200.0,27.8,S
2021-06-16T10:18:34,100.0,27.8,S
2021-06-16T10:18:11,2000.0,27.8,S
2021-06-16T10:18:04,100.0,27.8,S
2021-06-16T10:17:52,1200.0,27.8,S
2021-06-16T10:17:52,300.0,27.8,S
2021-06-16T10:17:51,6100.0,27.8,S
2021-06-16T10:17:35,4000.0,27.8,S
2021-06-16T10:17:26,500.0,27.8,S
2021-06-16T10:17:16,2000.0,27.8,S
2021-06-16T10:15:41,100.0,27.8,S
2021-06-16T10:15:27,1800.0,27.8,S
2021-06-16T10:15:27,500.0,27.8,S
2021-06-16T10:15:27,3700.0,27.8,S
2021-06-16T10:15:07,1000.0,27.8,S
2021-06-16T10:15:07,200.0,27.8,S
2021-06-16T10:15:06,3000.0,27.8,S
2021-06-16T10:14:09,200.0,27.85,S
2021-06-16T10:14:08,400.0,27.8,S
2021-06-16T10:13:54,1000.0,27.8,S
2021-06-16T10:13:54,100.0,27.8,S
2021-06-16T10:13:54,100.0,27.8,S
2021-06-16T10:13:54,2300.0,27.8,S
2021-06-16T10:13:54,100.0,27.8,S
2021-06-16T10:13:54,500.0,27.8,S
2021-06-16T10:13:53,400.0,27.8,S
2021-06-16T10:13:53,1100.0,27.8,S
2021-06-16T10:13:53,1100.0,27.8,S
2021-06-16T10:13:53,1700.0,27.8,S
2021-06-16T10:13:53,100.0,27.8,S
2021-06-16T10:13:53,300.0,27.8,S
2021-06-16T10:13:53,200.0,27.8,S
2021-06-16T10:13:53,1900.0,27.8,S
2021-06-16T10:13:53,300.0,27.8,S
2021-06-16T10:13:53,500.0,27.8,S
2021-06-16T10:13:53,500.0,27.8,S
2021-06-16T10:13:53,800.0,27.8,S
2021-06-16T10:12:25,2700.0,27.8,S
2021-06-16T10:12:25,1300.0,27.85,S
2021-06-16T10:12:24,200.0,27.85,S
2021-06-16T10:12:20,500.0,27.85,S
2021-06-16T10:12:18,200.0,27.85,S
2021-06-16T10:11:42,100.0,27.9,B
2021-06-16T10:11:40,300.0,27.85,S
2021-06-16T10:11:33,200.0,27.9,B
2021-06-16T10:10:32,300.0,27.85,S
2021-06-16T10:09:57,2000.0,27.9,B
2021-06-16T10:08:39,500.0,27.9,B
2021-06-16T10:08:00,1000.0,27.85,S
2021-06-16T10:07:42,200.0,27.9,B
2021-06-16T10:07:35,100.0,27.9,B
2021-06-16T10:07:19,900.0,27.9,B
2021-06-16T10:06:56,4100.0,27.9,B
2021-06-16T10:06:41,2100.0,27.9,B
2021-06-16T10:06:13,100.0,27.85,S
2021-06-16T10:05:56,300.0,27.85,S
2021-06-16T10:05:55,1700.0,27.85,S
2021-06-16T10:05:31,300.0,27.85,S
2021-06-16T10:05:27,200.0,27.9,S
2021-06-16T10:05:15,2000.0,27.85,S
2021-06-16T10:05:09,1000.0,27.85,S
2021-06-16T10:04:41,4000.0,27.8,S
2021-06-16T10:04:36,1100.0,27.8,S
2021-06-16T10:04:30,500.0,27.9,S
2021-06-16T10:04:08,2000.0,27.8,S
2021-06-16T10:03:32,500.0,27.8,S
2021-06-16T10:02:37,300.0,27.8,S
2021-06-16T10:02:15,4600.0,27.8,S
2021-06-16T10:02:15,100.0,27.8,S
2021-06-16T10:02:15,1200.0,27.8,S
2021-06-16T10:02:15,500.0,27.85,S
2021-06-16T10:02:15,1100.0,27.85,S
2021-06-16T10:02:15,1100.0,27.85,S
2021-06-16T10:02:15,100.0,27.85,S
2021-06-16T10:02:15,400.0,27.85,S
2021-06-16T10:02:14,20900.0,27.85,S
2021-06-16T10:01:52,1000.0,27.85,S
2021-06-16T10:01:49,4300.0,27.9,B
2021-06-16T10:01:11,5800.0,27.9,B
2021-06-16T10:00:47,1600.0,27.9,B
2021-06-16T10:00:47,400.0,27.9,B
2021-06-16T10:00:32,300.0,27.9,B
2021-06-16T10:00:12,200.0,27.9,B
2021-06-16T10:00:08,100.0,27.95,B
2021-06-16T10:00:07,1100.0,27.9,B
2021-06-16T09:59:59,700.0,27.85,S
2021-06-16T09:59:50,200.0,27.9,B
2021-06-16T09:59:15,600.0,27.9,B
2021-06-16T09:58:38,100.0,27.9,S
2021-06-16T09:58:22,2000.0,27.85,S
2021-06-16T09:57:56,100.0,27.9,S
2021-06-16T09:57:53,100.0,27.9,S
2021-06-16T09:57:50,200.0,27.9,S
2021-06-16T09:57:38,200.0,27.85,S
2021-06-16T09:57:22,300.0,27.9,S
2021-06-16T09:57:08,200.0,27.9,S
2021-06-16T09:57:08,200.0,27.9,S
2021-06-16T09:56:56,200.0,27.9,S
2021-06-16T09:56:39,1000.0,27.9,S
2021-06-16T09:56:31,4000.0,27.9,S
2021-06-16T09:56:06,100.0,27.9,S
2021-06-16T09:55:54,100.0,27.9,S
2021-06-16T09:55:35,100.0,27.95,B
2021-06-16T09:55:19,200.0,27.9,S
2021-06-16T09:55:11,100.0,27.9,S
2021-06-16T09:55:10,100.0,27.9,S
2021-06-16T09:54:54,1100.0,27.9,S
2021-06-16T09:54:28,4800.0,27.85,S
2021-06-16T09:54:02,1100.0,27.85,S
2021-06-16T09:54:00,500.0,27.9,S
2021-06-16T09:53:58,500.0,27.95,B
2021-06-16T09:53:37,1300.0,27.9,S
2021-06-16T09:53:37,1500.0,27.9,S
2021-06-16T09:53:16,100.0,27.85,S
2021-06-16T09:53:14,100.0,27.9,S
2021-06-16T09:53:14,400.0,27.9,S
2021-06-16T09:52:44,100.0,27.9,S
2021-06-16T09:52:40,500.0,27.9,S
2021-06-16T09:52:40,100.0,27.9,S
2021-06-16T09:52:33,2000.0,27.85,S
2021-06-16T09:52:28,700.0,27.9,S
2021-06-16T09:52:19,3000.0,27.9,S
2021-06-16T09:52:13,500.0,27.9,S
2021-06-16T09:52:11,100.0,27.9,S
2021-06-16T09:51:42,6500.0,27.9,S
2021-06-16T09:51:36,500.0,27.9,S
2021-06-16T09:50:40,300.0,27.9,S
2021-06-16T09:50:40,200.0,27.9,S
2021-06-16T09:50:40,100.0,27.9,S
2021-06-16T09:50:40,400.0,27.9,S
2021-06-16T09:50:22,100.0,27.95,B
2021-06-16T09:50:08,500.0,27.9,S
2021-06-16T09:49:44,1000.0,27.95,B
2021-06-16T09:49:27,1000.0,27.95,B
2021-06-16T09:49:12,3000.0,27.95,B
2021-06-16T09:48:49,400.0,27.9,S
2021-06-16T09:48:49,2000.0,27.9,S
2021-06-16T09:48:28,400.0,27.95,B
2021-06-16T09:48:17,100.0,27.9,S
2021-06-16T09:48:14,100.0,27.95,B
2021-06-16T09:48:06,1300.0,27.9,S
2021-06-16T09:48:06,1000.0,27.9,S
2021-06-16T09:48:06,2700.0,27.9,S
2021-06-16T09:47:59,100.0,27.95,B
2021-06-16T09:47:39,700.0,27.9,S
2021-06-16T09:47:23,600.0,27.9,S
2021-06-16T09:47:23,1000.0,27.9,S
2021-06-16T09:47:23,400.0,27.9,S
2021-06-16T09:47:07,1000.0,27.9,S
2021-06-16T09:47:00,300.0,27.9,S
2021-06-16T09:46:52,1000.0,27.9,S
2021-06-16T09:46:45,100.0,27.9,S
2021-06-16T09:46:42,17000.0,27.9,S
2021-06-16T09:46:37,1100.0,27.9,S
2021-06-16T09:46:27,1000.0,27.9,S
2021-06-16T09:46:22,500.0,27.9,S
2021-06-16T09:46:12,1000.0,27.9,S
2021-06-16T09:45:59,1000.0,27.9,S
2021-06-16T09:45:56,300.0,27.95,B
2021-06-16T09:45:35,100.0,27.9,S
2021-06-16T09:45:28,500.0,27.9,S
2021-06-16T09:45:23,200.0,27.95,B
2021-06-16T09:45:11,500.0,27.95,B
2021-06-16T09:45:02,200.0,27.95,B
2021-06-16T09:44:44,300.0,27.95,B
2021-06-16T09:44:41,400.0,27.95,B
2021-06-16T09:44:39,100.0,27.95,B
2021-06-16T09:44:31,1000.0,27.9,S
2021-06-16T09:44:17,500.0,27.95,B
2021-06-16T09:44:14,500.0,27.95,B
2021-06-16T09:43:35,100.0,27.95,B
2021-06-16T09:43:16,2000.0,27.95,B
2021-06-16T09:42:37,300.0,27.9,S
2021-06-16T09:42:37,5700.0,27.9,S
2021-06-16T09:41:56,6200.0,27.95,S
2021-06-16T09:41:44,400.0,27.95,S
2021-06-16T09:41:31,100.0,27.95,S
2021-06-16T09:41:19,100.0,27.95,S
2021-06-16T09:41:19,100.0,27.95,S
2021-06-16T09:41:02,200.0,27.95,S
2021-06-16T09:40:41,100.0,27.95,S
2021-06-16T09:40:33,1300.0,27.95,S
2021-06-16T09:40:33,700.0,27.95,S
2021-06-16T09:40:32,26300.0,27.95,S
2021-06-16T09:40:32,300.0,27.95,S
2021-06-16T09:40:29,1000.0,27.95,S
2021-06-16T09:40:21,100.0,28.0,B
2021-06-16T09:40:05,100.0,27.95,S
2021-06-16T09:39:39,400.0,27.95,S
2021-06-16T09:39:10,2000.0,27.95,S
2021-06-16T09:38:54,100.0,28.0,B
2021-06-16T09:38:32,10000.0,27.95,S
2021-06-16T09:37:55,5000.0,28.0,B
2021-06-16T09:37:55,700.0,28.0,B
2021-06-16T09:37:55,200.0,28.0,B
2021-06-16T09:37:54,200.0,28.0,B
2021-06-16T09:37:54,4500.0,28.0,B
2021-06-16T09:37:54,200.0,28.0,B
2021-06-16T09:37:54,6800.0,28.0,B
2021-06-16T09:37:34,2000.0,28.0,B
2021-06-16T09:37:01,100.0,28.0,B
2021-06-16T09:36:58,100.0,28.0,B
2021-06-16T09:36:48,100.0,28.0,B
2021-06-16T09:36:39,300.0,27.95,S
2021-06-16T09:36:35,100.0,28.0,B
2021-06-16T09:36:30,500.0,28.0,B
2021-06-16T09:36:24,500.0,28.0,B
2021-06-16T09:36:20,100.0,28.0,B
2021-06-16T09:36:17,200.0,28.0,B
2021-06-16T09:36:05,100.0,28.0,B
2021-06-16T09:35:41,500.0,28.0,B
2021-06-16T09:35:40,200.0,28.0,B
2021-06-16T09:35:34,200.0,28.0,B
2021-06-16T09:35:22,200.0,28.0,B
2021-06-16T09:34:46,600.0,28.0,B
2021-06-16T09:34:43,500.0,27.95,S
2021-06-16T09:34:41,800.0,28.0,B
2021-06-16T09:34:23,100.0,28.0,B
2021-06-16T09:34:02,600.0,27.95,S
2021-06-16T09:33:25,100.0,28.0,B
2021-06-16T09:33:22,2000.0,27.95,S
2021-06-16T09:33:22,300.0,28.0,B
2021-06-16T09:32:54,300.0,28.0,B
2021-06-16T09:32:48,3000.0,27.95,S
2021-06-16T09:31:34,200.0,28.0,B
2021-06-16T09:30:58,1000.0,28.0,B
2021-06-16T09:30:56,1000.0,28.0,B
2021-06-16T09:30:47,100.0,28.0,B
2021-06-16T09:30:41,100.0,28.0,B
2021-06-16T09:30:38,300.0,28.0,B
2021-06-16T09:30:36,500.0,27.95,S
2021-06-16T09:30:14,800.0,28.0,B
2021-06-16T09:29:59,2000.0,28.0,B
2021-06-16T09:29:57,2000.0,28.0,B
2021-06-16T09:28:39,100.0,28.0,B
2021-06-16T09:28:13,2300.0,28.0,B
2021-06-16T09:27:50,2000.0,28.0,B
2021-06-16T09:27:08,1000.0,28.0,B
2021-06-16T09:26:55,100.0,28.0,B
2021-06-16T09:26:53,1000.0,28.0,B
2021-06-16T09:26:50,7800.0,28.0,B
2021-06-16T09:26:43,6700.0,27.9,S
2021-06-16T09:26:43,2300.0,27.9,S
2021-06-16T09:26:37,200.0,28.0,B
2021-06-16T09:26:37,1500.0,28.0,B
2021-06-16T09:26:28,300.0,27.9,S
2021-06-16T09:26:17,400.0,28.0,B
2021-06-16T09:25:55,1700.0,27.9,S
2021-06-16T09:25:50,200.0,28.0,B
2021-06-16T09:25:50,200.0,28.0,B
2021-06-16T09:25:50,7000.0,28.0,B
2021-06-16T09:25:49,8600.0,28.0,B
2021-06-16T09:25:49,2100.0,28.0,B
2021-06-16T09:25:49,3500.0,28.0,B
2021-06-16T09:25:49,18400.0,28.0,B
2021-06-16T09:25:35,100.0,28.0,B
2021-06-16T09:25:27,500.0,28.0,B
2021-06-16T09:25:20,200.0,27.95,S
2021-06-16T09:25:00,100.0,28.0,B
2021-06-16T09:24:28,2000.0,28.0,B
2021-06-16T09:24:25,500.0,28.0,B
2021-06-16T09:24:15,1000.0,28.0,B
2021-06-16T09:23:45,1600.0,28.0,B
2021-06-16T09:23:42,1000.0,28.0,B
2021-06-16T09:22:54,100.0,28.0,B
2021-06-16T09:22:17,100.0,28.0,B
2021-06-16T09:21:46,500.0,27.8,S
2021-06-16T09:21:42,500.0,28.0,B
2021-06-16T09:21:36,1000.0,27.85,S
2021-06-16T09:21:12,1200.0,27.8,S
2021-06-16T09:19:57,2000.0,27.8,S
2021-06-16T09:19:45,100.0,28.0,B
2021-06-16T09:19:39,1400.0,27.8,S
2021-06-16T09:19:39,2600.0,27.8,S
2021-06-16T09:19:35,2000.0,27.9,S
2021-06-16T09:19:18,1500.0,28.0,B
2021-06-16T09:19:10,100.0,28.0,B
2021-06-16T09:19:08,700.0,27.9,S
2021-06-16T09:19:00,5000.0,28.0,B
2021-06-16T09:18:58,300.0,27.9,S
2021-06-16T09:18:31,7300.0,28.0,S
2021-06-16T09:18:31,300.0,28.0,S
2021-06-16T09:18:31,5100.0,28.0,S
2021-06-16T09:18:31,400.0,28.0,S
2021-06-16T09:18:31,1000.0,28.0,S
2021-06-16T09:18:31,14400.0,28.0,S
2021-06-16T09:18:29,1000.0,28.0,S
2021-06-16T09:18:24,500.0,28.0,S
2021-06-16T09:18:23,2000.0,28.0,S
2021-06-16T09:18:09,1600.0,28.0,S
2021-06-16T09:18:08,1000.0,28.0,S
2021-06-16T09:18:04,10800.0,28.0,S
2021-06-16T09:17:52,400.0,28.0,S
2021-06-16T09:17:48,2000.0,28.0,S
2021-06-16T09:17:01,1000.0,28.0,S
2021-06-16T09:16:37,200.0,28.1,B
2021-06-16T09:16:33,2000.0,28.1,B
2021-06-16T09:16:20,300.0,28.0,S
2021-06-16T09:16:20,3500.0,28.0,S
2021-06-16T09:16:19,100.0,28.05,S
2021-06-16T09:16:10,300.0,28.05,S
2021-06-16T09:16:03,10000.0,28.05,S
2021-06-16T09:15:46,1500.0,28.05,S
2021-06-16T09:15:46,100.0,28.05,S
2021-06-16T09:15:46,3400.0,28.05,S
2021-06-16T09:15:46,200.0,28.1,B
2021-06-16T09:15:46,200.0,28.1,B
