tradingTime,volume,price,side
2021-06-16T14:22:54,100.0,18.2,S
2021-06-16T14:22:51,100.0,18.2,S
2021-06-16T14:22:40,600.0,18.2,S
2021-06-16T14:22:34,1500.0,18.2,S
2021-06-16T14:22:14,1000.0,18.2,S
2021-06-16T14:22:14,37000.0,18.2,S
2021-06-16T14:22:05,800.0,18.3,B
2021-06-16T14:22:02,2000.0,18.3,B
2021-06-16T14:21:46,100.0,18.3,B
2021-06-16T14:21:35,2000.0,18.3,B
2021-06-16T14:21:28,3000.0,18.3,B
2021-06-16T14:20:57,110600.0,18.3,S
2021-06-16T14:20:47,1000.0,18.4,B
2021-06-16T14:20:21,1000.0,18.4,B
2021-06-16T14:20:13,2500.0,18.3,S
2021-06-16T14:19:16,100.0,18.4,B
2021-06-16T14:18:06,100.0,18.4,B
2021-06-16T14:17:15,500.0,18.4,B
2021-06-16T14:16:59,900.0,18.4,B
2021-06-16T14:16:58,1800.0,18.3,S
2021-06-16T14:15:46,1000.0,18.4,B
2021-06-16T14:15:29,1000.0,18.4,B
2021-06-16T14:15:06,1000.0,18.4,B
2021-06-16T14:14:14,1000.0,18.3,S
2021-06-16T14:14:13,3000.0,18.3,S
2021-06-16T14:13:48,4000.0,18.3,S
2021-06-16T14:13:04,1000.0,18.3,S
2021-06-16T14:11:50,1200.0,18.3,S
2021-06-16T14:11:48,100.0,18.3,S
2021-06-16T14:11:07,2200.0,18.3,S
2021-06-16T14:10:09,1000.0,18.3,S
2021-06-16T14:10:02,5000.0,18.3,S
2021-06-16T14:09:50,600.0,18.3,S
2021-06-16T14:09:45,100.0,18.4,B
2021-06-16T14:09:10,100.0,18.4,B
2021-06-16T14:08:43,1800.0,18.4,B
2021-06-16T14:08:29,300.0,18.4,B
2021-06-16T14:07:45,200.0,18.4,B
2021-06-16T14:07:09,200.0,18.4,B
2021-06-16T14:07:08,2500.0,18.4,S
2021-06-16T14:06:28,400.0,18.4,S
2021-06-16T14:06:12,1000.0,18.4,S
2021-06-16T14:05:52,100.0,18.4,S
2021-06-16T14:05:47,300.0,18.4,S
2021-06-16T14:05:22,1000.0,18.4,S
2021-06-16T14:05:07,1000.0,18.4,S
2021-06-16T14:04:34,30000.0,18.4,S
2021-06-16T14:04:33,1000.0,18.4,S
2021-06-16T14:03:07,300.0,18.4,S
2021-06-16T14:02:51,5000.0,18.4,S
2021-06-16T14:01:49,20000.0,18.4,S
2021-06-16T14:01:28,100.0,18.5,B
2021-06-16T14:01:13,900.0,18.5,B
2021-06-16T14:01:07,100.0,18.4,S
2021-06-16T14:00:54,2500.0,18.4,S
2021-06-16T14:00:47,300.0,18.5,B
2021-06-16T14:00:39,1700.0,18.4,S
2021-06-16T14:00:38,100.0,18.5,B
2021-06-16T13:59:27,500.0,18.5,B
2021-06-16T13:59:15,5000.0,18.5,B
2021-06-16T13:58:24,600.0,18.5,B
2021-06-16T13:58:17,1900.0,18.4,S
2021-06-16T13:56:11,900.0,18.5,B
2021-06-16T13:55:28,1000.0,18.5,B
2021-06-16T13:54:43,800.0,18.5,B
2021-06-16T13:53:33,5000.0,18.5,B
2021-06-16T13:53:12,400.0,18.5,B
2021-06-16T13:53:08,100.0,18.5,B
2021-06-16T13:52:45,200.0,18.5,B
2021-06-16T13:52:13,8100.0,18.5,B
2021-06-16T13:52:05,5000.0,18.5,S
2021-06-16T13:51:39,200.0,18.5,S
2021-06-16T13:51:38,500.0,18.5,S
2021-06-16T13:51:31,100.0,18.5,S
2021-06-16T13:51:02,100.0,18.5,S
2021-06-16T13:50:55,13000.0,18.5,S
2021-06-16T13:50:03,3000.0,18.5,S
2021-06-16T13:49:54,100.0,18.6,B
2021-06-16T13:49:47,5000.0,18.5,S
2021-06-16T13:49:39,5000.0,18.6,B
2021-06-16T13:49:24,500.0,18.6,B
2021-06-16T13:49:12,100.0,18.6,B
2021-06-16T13:49:10,500.0,18.5,S
2021-06-16T13:48:59,1000.0,18.6,B
2021-06-16T13:48:36,1000.0,18.6,B
2021-06-16T13:48:17,100.0,18.6,B
2021-06-16T13:47:49,400.0,18.6,B
2021-06-16T13:47:18,600.0,18.6,B
2021-06-16T13:47:10,1000.0,18.6,B
2021-06-16T13:47:08,1000.0,18.6,B
2021-06-16T13:47:03,300.0,18.6,B
2021-06-16T13:47:01,100.0,18.6,B
2021-06-16T13:46:41,500.0,18.6,B
2021-06-16T13:46:33,200.0,18.6,S
2021-06-16T13:45:53,100000.0,18.6,S
2021-06-16T13:45:46,100.0,18.6,B
2021-06-16T13:45:33,5000.0,18.6,B
2021-06-16T13:45:26,12100.0,18.6,B
2021-06-16T13:45:20,10300.0,18.6,B
2021-06-16T13:45:14,12000.0,18.6,B
2021-06-16T13:45:01,100.0,18.6,B
2021-06-16T13:44:57,10500.0,18.6,B
2021-06-16T13:44:51,14600.0,18.6,B
2021-06-16T13:44:46,13000.0,18.6,B
2021-06-16T13:44:41,11200.0,18.6,B
2021-06-16T13:44:35,17000.0,18.6,B
2021-06-16T13:44:33,500.0,18.6,B
2021-06-16T13:44:33,1100.0,18.6,B
2021-06-16T13:44:17,29000.0,18.6,B
2021-06-16T13:44:07,11400.0,18.6,B
2021-06-16T13:44:00,13000.0,18.6,B
2021-06-16T13:43:55,14800.0,18.6,B
2021-06-16T13:43:48,11300.0,18.6,B
2021-06-16T13:43:40,9800.0,18.6,B
2021-06-16T13:43:32,12100.0,18.6,B
2021-06-16T13:43:27,18800.0,18.6,B
2021-06-16T13:43:05,100.0,18.6,B
2021-06-16T13:42:46,6800.0,18.6,S
2021-06-16T13:42:38,500.0,18.6,S
2021-06-16T13:42:35,13200.0,18.6,B
2021-06-16T13:42:33,2000.0,18.6,B
2021-06-16T13:42:30,10000.0,18.6,B
2021-06-16T13:42:21,100.0,18.6,B
2021-06-16T13:42:07,2000.0,18.6,B
2021-06-16T13:41:59,11000.0,18.6,B
2021-06-16T13:41:54,12000.0,18.6,B
2021-06-16T13:41:45,33000.0,18.6,B
2021-06-16T13:41:38,14900.0,18.6,B
2021-06-16T13:41:32,13000.0,18.6,B
2021-06-16T13:41:26,50000.0,18.6,B
2021-06-16T13:41:19,20000.0,18.6,B
2021-06-16T13:41:09,14600.0,18.6,B
2021-06-16T13:41:04,14000.0,18.6,B
2021-06-16T13:41:00,32000.0,18.6,B
2021-06-16T13:40:55,29000.0,18.6,B
2021-06-16T13:40:55,200.0,18.5,S
2021-06-16T13:40:50,13000.0,18.6,B
2021-06-16T13:40:45,15000.0,18.6,B
2021-06-16T13:40:27,100.0,18.5,S
2021-06-16T13:40:20,300.0,18.5,S
2021-06-16T13:39:55,34000.0,18.5,S
2021-06-16T13:39:47,18700.0,18.6,B
2021-06-16T13:39:30,100.0,18.6,B
2021-06-16T13:39:29,11100.0,18.6,B
2021-06-16T13:39:24,200.0,18.6,B
2021-06-16T13:39:20,500.0,18.6,B
2021-06-16T13:39:09,3000.0,18.6,B
2021-06-16T13:38:55,2000.0,18.6,B
2021-06-16T13:38:54,23000.0,18.6,B
2021-06-16T13:38:43,7900.0,18.6,B
2021-06-16T13:38:42,2500.0,18.6,B
2021-06-16T13:38:37,6800.0,18.6,B
2021-06-16T13:38:24,2400.0,18.6,B
2021-06-16T13:38:15,92600.0,18.6,S
2021-06-16T13:37:46,6200.0,18.6,S
2021-06-16T13:37:34,8000.0,18.6,B
2021-06-16T13:37:29,9500.0,18.6,B
2021-06-16T13:37:24,14000.0,18.6,B
2021-06-16T13:37:17,12000.0,18.6,B
2021-06-16T13:37:11,900.0,18.6,B
2021-06-16T13:37:05,14000.0,18.6,B
2021-06-16T13:36:54,13600.0,18.6,B
2021-06-16T13:36:40,1300.0,18.6,B
2021-06-16T13:36:31,4600.0,18.6,B
2021-06-16T13:36:21,7700.0,18.6,B
2021-06-16T13:36:16,5900.0,18.6,B
2021-06-16T13:36:10,10800.0,18.6,B
2021-06-16T13:36:05,1500.0,18.6,B
2021-06-16T13:36:03,12000.0,18.6,B
2021-06-16T13:35:48,9500.0,18.6,B
2021-06-16T13:35:44,2000.0,18.6,B
2021-06-16T13:35:42,7000.0,18.6,B
2021-06-16T13:35:37,6900.0,18.6,B
2021-06-16T13:35:31,4500.0,18.6,B
2021-06-16T13:35:30,300.0,18.6,B
2021-06-16T13:35:27,200.0,18.6,B
2021-06-16T13:35:26,6900.0,18.6,B
2021-06-16T13:35:21,11400.0,18.6,B
2021-06-16T13:35:16,8600.0,18.6,B
2021-06-16T13:35:10,7600.0,18.6,B
2021-06-16T13:35:03,4800.0,18.6,B
2021-06-16T13:34:58,9500.0,18.6,B
2021-06-16T13:34:41,100.0,18.6,B
2021-06-16T13:34:40,14200.0,18.6,B
2021-06-16T13:34:32,13700.0,18.6,B
2021-06-16T13:34:25,11200.0,18.6,B
2021-06-16T13:34:18,10900.0,18.6,B
2021-06-16T13:34:11,5300.0,18.6,B
2021-06-16T13:34:03,3400.0,18.6,B
2021-06-16T13:33:48,16800.0,18.6,B
2021-06-16T13:33:41,10300.0,18.6,B
2021-06-16T13:33:32,3000.0,18.5,S
2021-06-16T13:33:31,11600.0,18.6,B
2021-06-16T13:33:30,100.0,18.5,S
2021-06-16T13:32:55,7000.0,18.5,S
2021-06-16T13:32:51,2500.0,18.5,B
2021-06-16T13:32:47,10000.0,18.5,B
2021-06-16T13:32:41,1000.0,18.5,B
2021-06-16T13:32:30,100.0,18.5,B
2021-06-16T13:32:10,200.0,18.5,B
2021-06-16T13:31:47,500.0,18.5,B
2021-06-16T13:31:29,100.0,18.5,B
2021-06-16T13:31:21,2000.0,18.5,B
2021-06-16T13:31:19,500.0,18.5,B
2021-06-16T13:31:10,100.0,18.5,B
2021-06-16T13:31:08,200.0,18.5,B
2021-06-16T13:30:34,200.0,18.5,B
2021-06-16T13:30:29,100.0,18.5,B
2021-06-16T13:30:24,10000.0,18.5,B
2021-06-16T13:30:09,2000.0,18.5,B
2021-06-16T13:30:06,100.0,18.5,B
2021-06-16T13:30:03,1000.0,18.5,B
2021-06-16T13:29:57,2000.0,18.5,B
2021-06-16T13:29:47,300.0,18.5,B
2021-06-16T13:29:30,2000.0,18.5,B
2021-06-16T13:29:10,1400.0,18.5,B
2021-06-16T13:28:57,1000.0,18.5,B
2021-06-16T13:28:29,400.0,18.5,B
2021-06-16T13:28:07,400.0,18.5,B
2021-06-16T13:27:29,200.0,18.4,S
2021-06-16T13:27:08,700.0,18.4,S
2021-06-16T13:25:01,5000.0,18.4,S
2021-06-16T13:24:34,400.0,18.4,S
2021-06-16T13:24:33,1000.0,18.4,S
2021-06-16T13:23:53,4000.0,18.4,S
2021-06-16T13:23:52,100.0,18.5,B
2021-06-16T13:23:17,200.0,18.4,S
2021-06-16T13:23:00,200.0,18.4,S
2021-06-16T13:22:36,100.0,18.4,S
2021-06-16T13:22:19,500.0,18.4,S
2021-06-16T13:20:40,1000.0,18.4,S
2021-06-16T13:20:31,10000.0,18.4,S
2021-06-16T13:19:17,300.0,18.4,S
2021-06-16T13:18:53,1000.0,18.5,B
2021-06-16T13:18:48,5000.0,18.5,B
2021-06-16T13:17:57,100.0,18.5,B
2021-06-16T13:17:38,500.0,18.5,B
2021-06-16T13:16:31,100.0,18.5,B
2021-06-16T13:15:09,400.0,18.4,S
2021-06-16T13:15:05,300.0,18.5,B
2021-06-16T13:14:13,1200.0,18.4,S
2021-06-16T13:13:36,3000.0,18.4,S
2021-06-16T13:13:21,100.0,18.4,S
2021-06-16T13:12:30,4000.0,18.4,S
2021-06-16T13:12:19,500.0,18.5,B
2021-06-16T13:12:14,2100.0,18.4,S
2021-06-16T13:11:45,400.0,18.4,S
2021-06-16T13:11:36,100.0,18.5,B
2021-06-16T13:10:53,200.0,18.5,B
2021-06-16T13:10:28,400.0,18.5,B
2021-06-16T13:10:25,100.0,18.5,B
2021-06-16T13:10:16,100.0,18.5,B
2021-06-16T13:09:32,600.0,18.5,B
2021-06-16T13:08:08,100.0,18.5,B
2021-06-16T13:07:01,100.0,18.5,B
2021-06-16T13:06:57,500.0,18.5,B
2021-06-16T13:06:16,400.0,18.5,B
2021-06-16T13:05:41,300.0,18.5,B
2021-06-16T13:04:37,3000.0,18.4,S
2021-06-16T13:04:15,100.0,18.5,B
2021-06-16T13:04:12,500.0,18.5,B
2021-06-16T13:03:41,100.0,18.5,B
2021-06-16T13:03:21,500.0,18.5,B
2021-06-16T13:03:07,600.0,18.5,B
2021-06-16T13:02:58,1000.0,18.5,B
2021-06-16T13:02:12,100.0,18.5,B
2021-06-16T13:01:22,700.0,18.4,S
2021-06-16T13:01:11,100.0,18.4,S
2021-06-16T13:00:10,500.0,18.4,S
2021-06-16T13:00:04,100.0,18.5,B
2021-06-16T13:00:03,600.0,18.4,S
2021-06-16T13:00:02,300.0,18.4,S
2021-06-16T13:00:02,300.0,18.4,S
2021-06-16T11:29:07,1000.0,18.4,S
2021-06-16T11:28:44,100.0,18.5,B
2021-06-16T11:27:14,100.0,18.5,B
2021-06-16T11:26:39,100.0,18.5,B
2021-06-16T11:25:44,400.0,18.5,B
2021-06-16T11:25:34,3000.0,18.5,B
2021-06-16T11:25:32,2000.0,18.5,B
2021-06-16T11:24:55,700.0,18.5,B
2021-06-16T11:24:45,20000.0,18.4,S
2021-06-16T11:24:32,100.0,18.5,B
2021-06-16T11:23:13,200.0,18.5,B
2021-06-16T11:22:58,1000.0,18.5,B
2021-06-16T11:22:56,1000.0,18.5,B
2021-06-16T11:22:49,500.0,18.5,B
2021-06-16T11:22:37,200.0,18.5,B
2021-06-16T11:22:37,2000.0,18.5,B
2021-06-16T11:22:16,500.0,18.5,B
2021-06-16T11:21:48,1000.0,18.5,B
2021-06-16T11:21:06,1000.0,18.5,B
2021-06-16T11:20:06,3300.0,18.4,S
2021-06-16T11:20:04,1000.0,18.4,S
2021-06-16T11:19:46,22900.0,18.4,B
2021-06-16T11:19:36,34000.0,18.4,B
2021-06-16T11:19:13,200.0,18.4,B
2021-06-16T11:19:06,100.0,18.4,B
2021-06-16T11:14:56,5000.0,18.4,B
2021-06-16T11:14:45,100.0,18.4,B
2021-06-16T11:14:14,200.0,18.4,B
2021-06-16T11:13:45,5000.0,18.4,B
2021-06-16T11:13:29,100.0,18.3,S
2021-06-16T11:13:28,1000.0,18.3,S
2021-06-16T11:13:17,300.0,18.4,B
2021-06-16T11:09:22,500.0,18.3,S
2021-06-16T11:09:00,200.0,18.3,S
2021-06-16T11:08:43,10000.0,18.3,S
2021-06-16T11:08:15,6000.0,18.3,S
2021-06-16T11:07:36,102400.0,18.3,S
2021-06-16T11:07:26,24700.0,18.3,B
2021-06-16T11:07:20,11000.0,18.3,B
2021-06-16T11:07:17,14000.0,18.3,B
2021-06-16T11:07:15,1400.0,18.3,B
2021-06-16T11:07:14,10000.0,18.3,B
2021-06-16T11:07:12,2300.0,18.3,B
2021-06-16T11:07:10,10000.0,18.3,B
2021-06-16T11:06:56,500.0,18.3,B
2021-06-16T11:06:36,20000.0,18.3,B
2021-06-16T11:06:36,400.0,18.3,B
2021-06-16T11:06:28,1000.0,18.3,B
2021-06-16T11:06:27,100.0,18.3,B
2021-06-16T11:06:12,600.0,18.3,B
2021-06-16T11:05:52,500.0,18.3,B
2021-06-16T11:05:51,20000.0,18.3,B
2021-06-16T11:05:45,3000.0,18.3,B
2021-06-16T11:05:40,700.0,18.3,B
2021-06-16T11:05:40,1000.0,18.3,B
2021-06-16T11:05:21,300.0,18.3,B
2021-06-16T11:04:46,300.0,18.3,B
2021-06-16T11:04:31,91200.0,18.3,B
2021-06-16T11:04:23,195300.0,18.3,S
2021-06-16T11:04:20,200.0,18.3,B
2021-06-16T11:04:16,400.0,18.3,B
2021-06-16T11:04:14,4000.0,18.3,B
2021-06-16T11:04:10,50100.0,18.3,B
2021-06-16T11:03:58,150900.0,18.3,B
2021-06-16T11:03:40,500.0,18.3,B
2021-06-16T11:03:33,500.0,18.3,B
2021-06-16T11:03:27,82100.0,18.3,S
2021-06-16T11:02:44,219000.0,18.3,B
2021-06-16T11:02:35,500.0,18.3,B
2021-06-16T11:02:34,5000.0,18.3,B
2021-06-16T11:02:17,3000.0,18.3,B
2021-06-16T11:01:53,1000.0,18.3,B
2021-06-16T11:01:46,100.0,18.3,B
2021-06-16T11:01:42,500.0,18.3,B
2021-06-16T11:01:29,100.0,18.3,B
2021-06-16T11:01:27,800.0,18.3,B
2021-06-16T11:01:20,1000.0,18.3,B
2021-06-16T11:01:19,100.0,18.3,B
2021-06-16T11:01:16,300.0,18.3,B
2021-06-16T11:01:14,500.0,18.3,B
2021-06-16T11:01:09,173400.0,18.3,B
2021-06-16T11:00:28,600.0,18.4,B
2021-06-16T11:00:25,800.0,18.3,S
2021-06-16T10:59:39,49300.0,18.3,S
2021-06-16T10:59:37,700.0,18.3,B
2021-06-16T10:59:36,500.0,18.3,B
2021-06-16T10:59:36,2000.0,18.3,B
2021-06-16T10:59:34,2000.0,18.3,B
2021-06-16T10:59:32,100.0,18.3,B
2021-06-16T10:59:30,50000.0,18.3,B
2021-06-16T10:59:22,100000.0,18.3,B
2021-06-16T10:59:19,100.0,18.3,B
2021-06-16T10:59:13,1300.0,18.3,B
2021-06-16T10:59:07,200.0,18.3,B
2021-06-16T10:59:03,93800.0,18.3,S
2021-06-16T10:58:59,6300.0,18.3,B
2021-06-16T10:58:50,100.0,18.3,B
2021-06-16T10:58:48,100000.0,18.3,B
2021-06-16T10:58:45,100.0,18.3,B
2021-06-16T10:58:42,5300.0,18.3,B
2021-06-16T10:58:32,100.0,18.3,B
2021-06-16T10:58:30,200.0,18.3,B
2021-06-16T10:58:30,200.0,18.3,B
2021-06-16T10:58:27,1500.0,18.3,B
2021-06-16T10:58:25,100.0,18.3,B
2021-06-16T10:58:21,10000.0,18.3,B
2021-06-16T10:58:16,500.0,18.3,B
2021-06-16T10:58:12,50000.0,18.3,B
2021-06-16T10:58:10,5000.0,18.3,B
2021-06-16T10:58:03,30500.0,18.3,B
2021-06-16T10:58:01,5000.0,18.3,B
2021-06-16T10:58:01,500.0,18.3,B
2021-06-16T10:58:00,100.0,18.3,B
2021-06-16T10:57:51,1000.0,18.3,B
2021-06-16T10:57:51,50000.0,18.3,B
2021-06-16T10:57:50,400.0,18.3,B
2021-06-16T10:57:49,200.0,18.3,B
2021-06-16T10:57:46,28900.0,18.3,S
2021-06-16T10:57:42,71100.0,18.3,S
2021-06-16T10:57:39,200.0,18.3,B
2021-06-16T10:57:37,7700.0,18.3,S
2021-06-16T10:57:31,1300.0,18.3,B
2021-06-16T10:57:29,86700.0,18.3,S
2021-06-16T10:57:26,66400.0,18.3,S
2021-06-16T10:57:22,3000.0,18.3,B
2021-06-16T10:57:21,1000.0,18.3,B
2021-06-16T10:57:19,19600.0,18.3,S
2021-06-16T10:57:17,1000.0,18.4,B
2021-06-16T10:56:47,4000.0,18.3,S
2021-06-16T10:56:46,10000.0,18.3,B
2021-06-16T10:56:45,1400.0,18.3,B
2021-06-16T10:56:45,100.0,18.3,B
2021-06-16T10:56:44,500.0,18.3,B
2021-06-16T10:56:43,10000.0,18.3,B
2021-06-16T10:56:43,1000.0,18.3,B
2021-06-16T10:56:37,300000.0,18.3,B
2021-06-16T10:56:30,500.0,18.3,B
2021-06-16T10:56:25,100000.0,18.3,B
2021-06-16T10:56:22,1000.0,18.3,B
2021-06-16T10:56:19,1100.0,18.3,B
2021-06-16T10:56:15,500.0,18.3,B
2021-06-16T10:56:15,1000.0,18.3,B
2021-06-16T10:56:12,200.0,18.3,B
2021-06-16T10:56:05,10000.0,18.3,B
2021-06-16T10:56:00,2000.0,18.3,B
2021-06-16T10:56:00,6300.0,18.3,B
2021-06-16T10:55:55,100.0,18.3,B
2021-06-16T10:55:53,200.0,18.3,B
2021-06-16T10:55:52,400.0,18.3,B
2021-06-16T10:55:51,40000.0,18.3,B
2021-06-16T10:55:47,3000.0,18.3,B
2021-06-16T10:55:47,500.0,18.3,B
2021-06-16T10:55:45,200.0,18.3,B
2021-06-16T10:55:42,50000.0,18.3,B
2021-06-16T10:55:41,400.0,18.3,B
2021-06-16T10:55:40,2000.0,18.3,B
2021-06-16T10:55:36,1000.0,18.3,B
2021-06-16T10:55:34,100.0,18.3,B
2021-06-16T10:55:33,1000.0,18.3,B
2021-06-16T10:55:32,30000.0,18.3,B
2021-06-16T10:55:32,300.0,18.3,B
2021-06-16T10:55:26,100.0,18.3,B
2021-06-16T10:55:25,100.0,18.3,B
2021-06-16T10:55:22,100000.0,18.3,B
2021-06-16T10:55:20,500.0,18.3,B
2021-06-16T10:55:19,1300.0,18.3,B
2021-06-16T10:55:17,2000.0,18.3,B
2021-06-16T10:55:17,100.0,18.3,B
2021-06-16T10:55:15,1000.0,18.3,B
2021-06-16T10:55:13,100.0,18.3,B
2021-06-16T10:55:12,200100.0,18.3,B
2021-06-16T10:55:08,200.0,18.3,B
2021-06-16T10:55:02,100.0,18.3,B
2021-06-16T10:54:58,50000.0,18.3,B
2021-06-16T10:54:58,1000.0,18.3,B
2021-06-16T10:54:55,3000.0,18.3,B
2021-06-16T10:54:54,7000.0,18.3,B
2021-06-16T10:54:52,1000.0,18.3,B
2021-06-16T10:54:47,1000.0,18.3,B
2021-06-16T10:54:45,147600.0,18.3,B
2021-06-16T10:54:42,1000.0,18.3,B
2021-06-16T10:54:42,1000.0,18.3,B
2021-06-16T10:54:38,5000.0,18.3,B
2021-06-16T10:54:37,200000.0,18.3,B
2021-06-16T10:54:35,400.0,18.3,B
2021-06-16T10:54:26,200.0,18.3,B
2021-06-16T10:54:26,30000.0,18.3,B
2021-06-16T10:54:15,55000.0,18.3,B
2021-06-16T10:54:14,1000.0,18.3,B
2021-06-16T10:54:12,100.0,18.3,B
2021-06-16T10:54:09,30000.0,18.3,B
2021-06-16T10:54:06,2300.0,18.3,B
2021-06-16T10:54:03,100.0,18.3,B
2021-06-16T10:54:02,100.0,18.3,B
2021-06-16T10:53:58,30000.0,18.3,B
2021-06-16T10:53:57,3100.0,18.3,B
2021-06-16T10:53:56,500.0,18.3,B
2021-06-16T10:53:55,1000.0,18.3,B
2021-06-16T10:53:53,500.0,18.3,B
2021-06-16T10:53:52,2000.0,18.3,B
2021-06-16T10:53:52,1300.0,18.3,B
2021-06-16T10:53:51,100.0,18.3,B
2021-06-16T10:53:47,500.0,18.3,B
2021-06-16T10:53:45,3000.0,18.3,B
2021-06-16T10:53:44,100.0,18.3,B
2021-06-16T10:53:44,1000.0,18.3,B
2021-06-16T10:53:43,100.0,18.3,B
2021-06-16T10:53:42,500.0,18.3,B
2021-06-16T10:53:40,1000.0,18.3,B
2021-06-16T10:53:38,50000.0,18.3,B
2021-06-16T10:53:37,1000.0,18.3,B
2021-06-16T10:53:35,500.0,18.3,B
2021-06-16T10:53:33,200.0,18.3,B
2021-06-16T10:53:29,500.0,18.3,B
2021-06-16T10:53:28,100.0,18.3,B
2021-06-16T10:53:27,500.0,18.3,B
2021-06-16T10:53:24,30000.0,18.3,B
2021-06-16T10:53:23,10300.0,18.3,B
2021-06-16T10:53:21,600.0,18.3,B
2021-06-16T10:53:21,200.0,18.3,B
2021-06-16T10:53:16,50000.0,18.3,B
2021-06-16T10:53:10,500.0,18.3,B
2021-06-16T10:53:08,100000.0,18.3,B
2021-06-16T10:53:05,2000.0,18.3,B
2021-06-16T10:53:01,200.0,18.3,B
2021-06-16T10:52:59,4000.0,18.3,B
2021-06-16T10:52:57,5000.0,18.3,B
2021-06-16T10:52:55,200.0,18.3,B
2021-06-16T10:52:55,100000.0,18.3,B
2021-06-16T10:52:52,500.0,18.3,B
2021-06-16T10:52:50,2000.0,18.3,B
2021-06-16T10:52:48,1000.0,18.3,B
2021-06-16T10:52:37,500.0,18.3,B
2021-06-16T10:52:35,100.0,18.3,B
2021-06-16T10:52:33,100.0,18.3,B
2021-06-16T10:52:31,200.0,18.3,B
2021-06-16T10:52:31,100.0,18.3,B
2021-06-16T10:52:30,2000.0,18.3,B
2021-06-16T10:52:30,2000.0,18.3,B
2021-06-16T10:52:25,400.0,18.3,B
2021-06-16T10:52:22,5000.0,18.3,B
2021-06-16T10:52:19,5000.0,18.3,B
2021-06-16T10:52:18,300.0,18.3,B
2021-06-16T10:52:16,1000.0,18.3,B
2021-06-16T10:52:15,300.0,18.3,B
2021-06-16T10:52:08,1000.0,18.3,B
2021-06-16T10:52:03,59900.0,18.3,S
2021-06-16T10:52:02,1200.0,18.4,B
2021-06-16T10:52:00,600.0,18.4,B
2021-06-16T10:52:00,500.0,18.4,B
2021-06-16T10:51:57,1600.0,18.4,B
2021-06-16T10:51:53,300.0,18.4,B
2021-06-16T10:51:45,100.0,18.4,B
2021-06-16T10:51:38,100.0,18.4,B
2021-06-16T10:51:12,381700.0,18.3,B
2021-06-16T10:51:12,500.0,18.3,B
2021-06-16T10:51:10,400.0,18.3,B
2021-06-16T10:51:06,100.0,18.3,B
2021-06-16T10:51:02,200.0,18.3,B
2021-06-16T10:51:01,500.0,18.3,B
2021-06-16T10:50:53,300.0,18.3,B
2021-06-16T10:50:51,2000.0,18.3,B
2021-06-16T10:50:50,1700.0,18.3,B
2021-06-16T10:50:47,2000.0,18.3,B
2021-06-16T10:50:47,1000.0,18.3,B
2021-06-16T10:50:46,2000.0,18.3,B
2021-06-16T10:50:44,3000.0,18.3,B
2021-06-16T10:50:44,34600.0,18.3,B
2021-06-16T10:49:51,3400.0,18.3,B
2021-06-16T10:49:50,30000.0,18.3,B
2021-06-16T10:49:46,500.0,18.3,B
2021-06-16T10:49:41,300.0,18.3,B
2021-06-16T10:49:41,1400.0,18.3,B
2021-06-16T10:49:39,1000.0,18.3,B
2021-06-16T10:49:34,100000.0,18.3,B
2021-06-16T10:49:33,500.0,18.3,B
2021-06-16T10:49:30,200.0,18.3,B
2021-06-16T10:49:30,200.0,18.3,B
2021-06-16T10:49:29,800.0,18.3,B
2021-06-16T10:49:26,100000.0,18.3,B
2021-06-16T10:49:25,1000.0,18.3,B
2021-06-16T10:49:22,2000.0,18.3,B
2021-06-16T10:49:19,100.0,18.3,B
2021-06-16T10:49:15,1000.0,18.3,B
2021-06-16T10:49:13,1000.0,18.3,B
2021-06-16T10:49:12,1500.0,18.3,B
2021-06-16T10:49:11,300.0,18.3,B
2021-06-16T10:49:08,1000.0,18.3,B
2021-06-16T10:48:52,100.0,18.3,B
2021-06-16T10:48:52,500.0,18.3,B
2021-06-16T10:48:46,1000.0,18.3,B
2021-06-16T10:48:45,3000.0,18.3,B
2021-06-16T10:48:45,100.0,18.3,B
2021-06-16T10:48:42,100.0,18.3,B
2021-06-16T10:48:41,100.0,18.3,B
2021-06-16T10:48:38,3000.0,18.3,B
2021-06-16T10:48:31,500.0,18.3,B
2021-06-16T10:48:30,5000.0,18.3,B
2021-06-16T10:48:25,4100.0,18.3,B
2021-06-16T10:48:25,5000.0,18.3,B
2021-06-16T10:48:23,200.0,18.3,B
2021-06-16T10:48:22,10000.0,18.3,B
2021-06-16T10:48:20,500.0,18.3,B
2021-06-16T10:48:13,2000.0,18.3,B
2021-06-16T10:48:09,5000.0,18.3,B
2021-06-16T10:48:02,100.0,18.3,B
2021-06-16T10:47:58,1000.0,18.3,B
2021-06-16T10:47:56,1000.0,18.2,S
2021-06-16T10:47:55,2000.0,18.3,B
2021-06-16T10:47:54,7500.0,18.3,B
2021-06-16T10:47:53,1500.0,18.3,B
2021-06-16T10:47:52,200.0,18.3,B
2021-06-16T10:47:48,1000.0,18.3,B
2021-06-16T10:47:47,2000.0,18.3,B
2021-06-16T10:47:44,2500.0,18.3,B
2021-06-16T10:47:43,2000.0,18.3,B
2021-06-16T10:47:40,100.0,18.3,B
2021-06-16T10:47:40,200.0,18.3,B
2021-06-16T10:47:40,200.0,18.3,B
2021-06-16T10:47:36,10000.0,18.3,B
2021-06-16T10:47:35,5000.0,18.3,B
2021-06-16T10:47:34,100.0,18.3,B
2021-06-16T10:47:27,2000.0,18.3,B
2021-06-16T10:47:24,3000.0,18.3,B
2021-06-16T10:47:21,500.0,18.3,B
2021-06-16T10:47:15,100.0,18.3,B
2021-06-16T10:47:15,300.0,18.3,B
2021-06-16T10:47:14,1400.0,18.3,B
2021-06-16T10:47:12,1000.0,18.3,B
2021-06-16T10:47:08,5000.0,18.3,B
2021-06-16T10:47:02,200.0,18.3,B
2021-06-16T10:47:02,400.0,18.3,B
2021-06-16T10:47:01,1000.0,18.3,B
2021-06-16T10:46:53,1300.0,18.3,B
2021-06-16T10:46:52,200.0,18.3,B
2021-06-16T10:46:46,1000.0,18.3,B
2021-06-16T10:46:44,1000.0,18.3,B
2021-06-16T10:46:40,500.0,18.3,B
2021-06-16T10:46:39,500.0,18.3,B
2021-06-16T10:46:39,5000.0,18.3,B
2021-06-16T10:46:38,100.0,18.3,B
2021-06-16T10:46:34,500.0,18.3,B
2021-06-16T10:46:31,800.0,18.3,B
2021-06-16T10:46:23,1600.0,18.3,B
2021-06-16T10:46:19,2000.0,18.3,B
2021-06-16T10:46:19,200.0,18.3,B
2021-06-16T10:46:17,1000.0,18.3,B
2021-06-16T10:46:17,100.0,18.3,B
2021-06-16T10:46:14,2000.0,18.3,B
2021-06-16T10:46:11,9500.0,18.3,B
2021-06-16T10:46:07,500.0,18.3,B
2021-06-16T10:46:06,800.0,18.3,B
2021-06-16T10:46:06,1000.0,18.3,B
2021-06-16T10:46:01,1000.0,18.3,B
2021-06-16T10:45:58,8800.0,18.3,S
2021-06-16T10:45:57,2700.0,18.3,B
2021-06-16T10:45:55,100.0,18.3,B
2021-06-16T10:45:54,100.0,18.3,B
2021-06-16T10:45:53,4500.0,18.3,B
2021-06-16T10:45:53,200.0,18.3,B
2021-06-16T10:45:48,200.0,18.3,B
2021-06-16T10:45:43,1000.0,18.3,B
2021-06-16T10:45:42,1000.0,18.3,B
2021-06-16T10:45:38,6700.0,18.3,B
2021-06-16T10:45:37,1000.0,18.3,B
2021-06-16T10:45:33,1000.0,18.3,B
2021-06-16T10:45:31,1000.0,18.3,B
2021-06-16T10:45:30,100.0,18.3,B
2021-06-16T10:45:27,500.0,18.3,B
2021-06-16T10:45:27,300.0,18.3,B
2021-06-16T10:45:27,2100.0,18.3,B
2021-06-16T10:45:26,1400.0,18.3,B
2021-06-16T10:45:25,500.0,18.3,B
2021-06-16T10:45:24,400.0,18.3,B
2021-06-16T10:45:23,500.0,18.3,B
2021-06-16T10:45:23,500.0,18.3,B
2021-06-16T10:45:21,400.0,18.3,B
2021-06-16T10:45:21,3100.0,18.3,B
2021-06-16T10:45:19,100.0,18.3,B
2021-06-16T10:45:18,10000.0,18.3,B
2021-06-16T10:45:18,300.0,18.3,B
2021-06-16T10:45:17,10000.0,18.3,B
2021-06-16T10:45:12,1000.0,18.3,B
2021-06-16T10:45:11,200.0,18.3,B
2021-06-16T10:45:08,1000.0,18.3,B
2021-06-16T10:44:58,1000.0,18.3,B
2021-06-16T10:44:58,1000.0,18.3,B
2021-06-16T10:44:54,10000.0,18.3,B
2021-06-16T10:44:50,100.0,18.3,B
2021-06-16T10:44:49,40000.0,18.3,B
2021-06-16T10:44:47,400.0,18.3,B
2021-06-16T10:44:40,1800.0,18.3,B
2021-06-16T10:44:36,500.0,18.2,S
2021-06-16T10:44:31,200.0,18.3,B
2021-06-16T10:44:27,3000.0,18.3,B
2021-06-16T10:44:25,500.0,18.3,B
2021-06-16T10:44:23,400.0,18.3,B
2021-06-16T10:44:22,200.0,18.3,B
2021-06-16T10:44:16,200.0,18.3,B
2021-06-16T10:44:15,10000.0,18.3,B
2021-06-16T10:44:14,5000.0,18.3,B
2021-06-16T10:44:13,500.0,18.3,B
2021-06-16T10:44:11,500.0,18.3,B
2021-06-16T10:44:11,100.0,18.3,B
2021-06-16T10:44:06,5000.0,18.3,B
2021-06-16T10:44:02,900.0,18.3,B
2021-06-16T10:43:57,200.0,18.3,B
2021-06-16T10:43:57,2600.0,18.2,S
2021-06-16T10:43:53,2000.0,18.3,B
2021-06-16T10:43:45,3000.0,18.3,B
2021-06-16T10:43:32,1000.0,18.3,B
2021-06-16T10:43:30,100.0,18.3,B
2021-06-16T10:43:07,10000.0,18.3,B
2021-06-16T10:42:57,100.0,18.3,B
2021-06-16T10:42:52,100.0,18.3,B
2021-06-16T10:42:47,200.0,18.3,B
2021-06-16T10:42:46,500.0,18.3,B
2021-06-16T10:42:44,400.0,18.3,B
2021-06-16T10:42:41,500.0,18.3,B
2021-06-16T10:42:36,100.0,18.3,B
2021-06-16T10:42:35,1000.0,18.3,B
2021-06-16T10:42:22,200.0,18.3,B
2021-06-16T10:41:53,100.0,18.3,B
2021-06-16T10:41:52,300.0,18.3,B
2021-06-16T10:41:42,1000.0,18.3,B
2021-06-16T10:41:40,100.0,18.3,B
2021-06-16T10:41:28,800.0,18.3,B
2021-06-16T10:41:27,3000.0,18.2,S
2021-06-16T10:41:20,300.0,18.3,B
2021-06-16T10:41:17,4000.0,18.3,B
2021-06-16T10:41:06,1000.0,18.3,B
2021-06-16T10:41:01,2000.0,18.3,B
2021-06-16T10:40:47,2000.0,18.3,B
2021-06-16T10:40:36,300.0,18.3,B
2021-06-16T10:40:31,200.0,18.3,B
2021-06-16T10:40:28,100.0,18.2,S
2021-06-16T10:40:26,2000.0,18.3,B
2021-06-16T10:40:13,1000.0,18.3,B
2021-06-16T10:40:12,400.0,18.3,B
2021-06-16T10:40:08,100.0,18.3,B
2021-06-16T10:40:02,1000.0,18.3,B
2021-06-16T10:39:59,500.0,18.3,B
2021-06-16T10:39:57,3500.0,18.3,B
2021-06-16T10:39:52,2000.0,18.3,B
2021-06-16T10:39:49,100.0,18.3,B
2021-06-16T10:39:48,500.0,18.3,B
2021-06-16T10:39:42,200.0,18.3,B
2021-06-16T10:39:41,50000.0,18.3,B
2021-06-16T10:39:39,200.0,18.3,B
2021-06-16T10:39:07,400.0,18.3,B
2021-06-16T10:39:04,1000.0,18.3,B
2021-06-16T10:38:51,1000.0,18.3,B
2021-06-16T10:38:38,100.0,18.3,B
2021-06-16T10:38:28,200.0,18.3,B
2021-06-16T10:38:27,100.0,18.2,S
2021-06-16T10:38:17,200.0,18.3,B
2021-06-16T10:38:02,100.0,18.3,B
2021-06-16T10:37:39,200.0,18.3,B
2021-06-16T10:36:48,12600.0,18.3,B
2021-06-16T10:36:29,15000.0,18.2,S
2021-06-16T10:36:22,100.0,18.3,B
2021-06-16T10:36:13,800.0,18.3,B
2021-06-16T10:36:10,500.0,18.3,B
2021-06-16T10:36:01,1000.0,18.3,B
2021-06-16T10:35:51,100.0,18.3,B
2021-06-16T10:35:45,100.0,18.3,B
2021-06-16T10:35:33,600.0,18.3,B
2021-06-16T10:35:32,200.0,18.2,S
2021-06-16T10:35:09,100.0,18.2,S
2021-06-16T10:35:04,2500.0,18.2,S
2021-06-16T10:34:48,100.0,18.2,S
2021-06-16T10:34:30,300.0,18.2,S
2021-06-16T10:34:20,15000.0,18.2,S
2021-06-16T10:34:00,4000.0,18.2,S
2021-06-16T10:33:57,100.0,18.3,B
2021-06-16T10:33:56,1000.0,18.2,S
2021-06-16T10:33:50,2000.0,18.2,S
2021-06-16T10:33:19,2000.0,18.2,S
2021-06-16T10:33:08,200.0,18.3,B
2021-06-16T10:33:02,200.0,18.3,B
2021-06-16T10:32:58,300.0,18.3,B
2021-06-16T10:32:56,9200.0,18.3,B
2021-06-16T10:32:52,1000.0,18.3,B
2021-06-16T10:32:40,100.0,18.3,B
2021-06-16T10:32:10,200.0,18.2,S
2021-06-16T10:32:10,100.0,18.3,B
2021-06-16T10:32:07,1000.0,18.3,B
2021-06-16T10:32:04,500.0,18.3,B
2021-06-16T10:31:54,100.0,18.3,B
2021-06-16T10:31:40,1600.0,18.3,B
2021-06-16T10:31:40,100.0,18.3,B
2021-06-16T10:31:34,1000.0,18.3,B
2021-06-16T10:31:28,600.0,18.3,B
2021-06-16T10:31:27,1000.0,18.3,B
2021-06-16T10:31:12,200.0,18.3,B
2021-06-16T10:31:03,100.0,18.3,B
2021-06-16T10:31:00,700.0,18.3,B
2021-06-16T10:30:53,400.0,18.3,B
2021-06-16T10:30:50,100.0,18.3,B
2021-06-16T10:30:49,100.0,18.3,B
2021-06-16T10:30:48,5600.0,18.3,B
2021-06-16T10:30:43,500.0,18.3,B
2021-06-16T10:30:27,500.0,18.3,B
2021-06-16T10:30:21,100.0,18.3,B
2021-06-16T10:30:19,400.0,18.3,B
2021-06-16T10:30:13,200.0,18.3,B
2021-06-16T10:30:08,100.0,18.3,B
2021-06-16T10:30:06,700.0,18.3,B
2021-06-16T10:29:56,100.0,18.3,B
2021-06-16T10:29:52,1000.0,18.3,B
2021-06-16T10:29:42,200.0,18.3,B
2021-06-16T10:29:38,1000.0,18.3,B
2021-06-16T10:29:37,4400.0,18.3,B
2021-06-16T10:29:34,100.0,18.3,B
2021-06-16T10:29:31,100.0,18.3,B
2021-06-16T10:29:26,100.0,18.3,B
2021-06-16T10:29:20,1000.0,18.3,B
2021-06-16T10:29:13,100.0,18.3,B
2021-06-16T10:29:04,1000.0,18.3,B
2021-06-16T10:28:54,30000.0,18.3,B
2021-06-16T10:28:50,500.0,18.2,S
2021-06-16T10:28:49,1800.0,18.2,S
2021-06-16T10:28:42,2000.0,18.2,S
2021-06-16T10:28:20,3500.0,18.2,S
2021-06-16T10:27:57,200.0,18.3,B
2021-06-16T10:27:47,200.0,18.3,B
2021-06-16T10:27:30,1000.0,18.3,B
2021-06-16T10:27:27,11000.0,18.3,B
2021-06-16T10:27:21,500.0,18.3,B
2021-06-16T10:27:20,1000.0,18.3,B
2021-06-16T10:27:14,100.0,18.3,B
2021-06-16T10:27:07,200.0,18.3,B
2021-06-16T10:27:06,100.0,18.2,S
2021-06-16T10:26:56,3000.0,18.3,B
2021-06-16T10:26:51,100.0,18.3,B
2021-06-16T10:26:34,100.0,18.3,B
2021-06-16T10:26:33,100.0,18.3,B
2021-06-16T10:26:32,100.0,18.3,B
2021-06-16T10:26:28,2000.0,18.3,B
2021-06-16T10:26:27,100.0,18.3,B
2021-06-16T10:26:21,10000.0,18.3,B
2021-06-16T10:26:16,100.0,18.3,B
2021-06-16T10:26:16,2000.0,18.3,B
2021-06-16T10:26:11,500.0,18.3,B
2021-06-16T10:26:09,100.0,18.3,B
2021-06-16T10:26:04,100.0,18.3,B
2021-06-16T10:26:02,100.0,18.3,B
2021-06-16T10:25:59,500.0,18.3,B
2021-06-16T10:25:56,50000.0,18.3,B
2021-06-16T10:25:55,100.0,18.3,B
2021-06-16T10:25:53,100.0,18.3,B
2021-06-16T10:25:48,1700.0,18.3,B
2021-06-16T10:25:43,2000.0,18.3,B
2021-06-16T10:25:36,200.0,18.3,B
2021-06-16T10:25:35,100.0,18.3,B
2021-06-16T10:25:34,200.0,18.2,S
2021-06-16T10:25:28,1600.0,18.3,B
2021-06-16T10:25:16,1000.0,18.3,B
2021-06-16T10:25:11,1100.0,18.3,B
2021-06-16T10:25:01,400.0,18.3,B
2021-06-16T10:24:52,100.0,18.3,B
2021-06-16T10:24:51,1000.0,18.3,B
2021-06-16T10:24:46,500.0,18.3,B
2021-06-16T10:24:43,500.0,18.3,B
2021-06-16T10:24:39,50100.0,18.3,B
2021-06-16T10:24:34,100.0,18.3,B
2021-06-16T10:24:30,100.0,18.3,B
2021-06-16T10:24:20,1000.0,18.3,B
2021-06-16T10:24:13,1000.0,18.3,B
2021-06-16T10:24:01,6300.0,18.3,B
2021-06-16T10:23:44,100.0,18.3,B
2021-06-16T10:23:25,200.0,18.2,S
2021-06-16T10:23:17,500.0,18.3,B
2021-06-16T10:22:32,5000.0,18.3,B
2021-06-16T10:22:24,21200.0,18.3,B
2021-06-16T10:22:15,18800.0,18.3,B
2021-06-16T10:22:15,100.0,18.3,B
2021-06-16T10:22:06,10000.0,18.3,B
2021-06-16T10:22:03,200.0,18.3,B
2021-06-16T10:21:58,100.0,18.2,S
2021-06-16T10:21:56,200.0,18.3,B
2021-06-16T10:21:52,1000.0,18.3,B
2021-06-16T10:21:51,1000.0,18.3,B
2021-06-16T10:21:50,500.0,18.3,B
2021-06-16T10:21:47,500.0,18.3,B
2021-06-16T10:21:42,200.0,18.3,B
2021-06-16T10:21:42,300.0,18.2,S
2021-06-16T10:21:42,300.0,18.3,B
2021-06-16T10:21:40,600.0,18.3,B
2021-06-16T10:21:40,100.0,18.3,B
2021-06-16T10:21:36,10000.0,18.3,B
2021-06-16T10:21:34,1000.0,18.3,B
2021-06-16T10:21:27,300.0,18.3,B
2021-06-16T10:21:18,1000.0,18.3,B
2021-06-16T10:21:17,100.0,18.3,B
2021-06-16T10:21:06,300.0,18.3,B
2021-06-16T10:21:06,100.0,18.3,B
2021-06-16T10:21:02,100.0,18.3,B
2021-06-16T10:20:59,700.0,18.3,B
2021-06-16T10:20:52,500.0,18.3,B
2021-06-16T10:20:46,300.0,18.3,B
2021-06-16T10:20:41,1500.0,18.3,B
2021-06-16T10:20:22,300.0,18.3,B
2021-06-16T10:20:09,400.0,18.3,B
2021-06-16T10:20:03,2300.0,18.3,B
2021-06-16T10:19:57,800.0,18.3,S
2021-06-16T10:19:31,15600.0,18.3,S
2021-06-16T10:19:28,100.0,18.3,S
2021-06-16T10:19:23,500.0,18.3,S
2021-06-16T10:19:20,30400.0,18.3,S
2021-06-16T10:19:13,1000.0,18.3,S
2021-06-16T10:19:05,2200.0,18.3,S
2021-06-16T10:18:31,200.0,18.3,S
2021-06-16T10:18:19,1000.0,18.3,S
2021-06-16T10:17:33,500.0,18.3,S
2021-06-16T10:17:23,100.0,18.4,B
2021-06-16T10:17:17,5000.0,18.3,S
2021-06-16T10:17:10,300.0,18.3,S
2021-06-16T10:17:08,300.0,18.3,S
2021-06-16T10:17:08,600.0,18.3,S
2021-06-16T10:17:01,2000.0,18.4,B
2021-06-16T10:16:38,300.0,18.4,B
2021-06-16T10:15:54,500.0,18.4,B
2021-06-16T10:15:39,12600.0,18.4,B
2021-06-16T10:15:33,3000.0,18.4,S
2021-06-16T10:14:50,600.0,18.4,S
2021-06-16T10:14:29,500.0,18.4,S
2021-06-16T10:14:12,10000.0,18.4,S
2021-06-16T10:14:12,500.0,18.4,S
2021-06-16T10:14:11,5000.0,18.4,S
2021-06-16T10:13:45,5000.0,18.4,S
2021-06-16T10:13:44,1000.0,18.4,S
2021-06-16T10:13:10,100.0,18.4,S
2021-06-16T10:12:54,300.0,18.5,B
2021-06-16T10:12:33,2000.0,18.5,B
2021-06-16T10:12:31,2000.0,18.4,S
2021-06-16T10:12:19,500.0,18.5,B
2021-06-16T10:11:36,300.0,18.5,B
2021-06-16T10:11:02,200.0,18.5,B
2021-06-16T10:10:56,1000.0,18.4,S
2021-06-16T10:10:50,500.0,18.4,S
2021-06-16T10:10:11,10000.0,18.4,S
2021-06-16T10:09:48,500.0,18.4,S
2021-06-16T10:09:48,8000.0,18.4,S
2021-06-16T10:09:45,400.0,18.4,S
2021-06-16T10:09:31,200.0,18.4,S
2021-06-16T10:09:28,100.0,18.5,B
2021-06-16T10:09:14,23200.0,18.5,S
2021-06-16T10:09:12,1000.0,18.5,S
2021-06-16T10:09:02,7600.0,18.5,S
2021-06-16T10:08:34,5500.0,18.5,S
2021-06-16T10:08:33,2000.0,18.5,S
2021-06-16T10:08:32,10000.0,18.5,S
2021-06-16T10:08:02,200.0,18.5,S
2021-06-16T10:07:51,200.0,18.5,S
2021-06-16T10:07:42,2100.0,18.5,S
2021-06-16T10:07:39,10000.0,18.5,S
2021-06-16T10:07:18,400.0,18.5,S
2021-06-16T10:07:08,1100.0,18.6,B
2021-06-16T10:07:08,200.0,18.6,B
2021-06-16T10:06:53,400.0,18.6,B
2021-06-16T10:06:21,100.0,18.6,B
2021-06-16T10:05:55,400.0,18.6,B
2021-06-16T10:05:45,6000.0,18.5,S
2021-06-16T10:05:44,100.0,18.5,S
2021-06-16T10:05:27,3400.0,18.5,S
2021-06-16T10:05:24,300.0,18.5,S
2021-06-16T10:05:12,3000.0,18.5,S
2021-06-16T10:05:03,500.0,18.5,S
2021-06-16T10:04:58,3000.0,18.5,S
2021-06-16T10:04:35,7000.0,18.5,S
2021-06-16T10:04:31,10000.0,18.5,S
2021-06-16T10:04:19,4000.0,18.5,S
2021-06-16T10:03:59,2000.0,18.5,S
2021-06-16T10:03:46,3600.0,18.6,B
2021-06-16T10:03:38,1600.0,18.5,S
2021-06-16T10:02:46,100.0,18.6,B
2021-06-16T10:02:21,100.0,18.5,S
2021-06-16T10:01:52,600.0,18.5,S
2021-06-16T10:01:51,100.0,18.5,S
2021-06-16T10:01:35,1000.0,18.5,S
2021-06-16T10:01:24,3000.0,18.5,S
2021-06-16T10:00:57,500.0,18.5,S
2021-06-16T10:00:56,16000.0,18.5,S
2021-06-16T10:00:24,300.0,18.6,B
2021-06-16T10:00:18,100.0,18.6,B
2021-06-16T10:00:18,100.0,18.6,B
2021-06-16T09:59:52,5000.0,18.6,B
2021-06-16T09:59:27,300.0,18.5,S
2021-06-16T09:59:23,100.0,18.6,B
2021-06-16T09:59:12,3300.0,18.6,B
2021-06-16T09:59:01,2100.0,18.6,B
2021-06-16T09:58:59,8000.0,18.5,S
2021-06-16T09:58:42,10000.0,18.5,S
2021-06-16T09:58:31,4300.0,18.5,S
2021-06-16T09:58:29,3500.0,18.5,S
2021-06-16T09:58:14,200.0,18.6,B
2021-06-16T09:57:47,2000.0,18.6,B
2021-06-16T09:57:39,100.0,18.6,B
2021-06-16T09:57:36,100.0,18.6,B
2021-06-16T09:57:32,100.0,18.6,B
2021-06-16T09:57:27,200.0,18.6,B
2021-06-16T09:56:43,5100.0,18.6,B
2021-06-16T09:56:40,100.0,18.6,B
2021-06-16T09:56:36,300.0,18.6,B
2021-06-16T09:56:34,100.0,18.6,B
2021-06-16T09:56:23,200.0,18.6,B
2021-06-16T09:56:22,100.0,18.6,B
2021-06-16T09:56:17,100.0,18.6,B
2021-06-16T09:56:06,100.0,18.6,B
2021-06-16T09:56:04,500.0,18.6,B
2021-06-16T09:56:01,100.0,18.6,B
2021-06-16T09:55:45,100.0,18.6,B
2021-06-16T09:55:37,100.0,18.6,B
2021-06-16T09:55:31,2000.0,18.6,B
2021-06-16T09:55:19,2000.0,18.6,B
2021-06-16T09:54:58,100.0,18.6,B
2021-06-16T09:54:53,200.0,18.6,B
2021-06-16T09:54:51,200.0,18.6,B
2021-06-16T09:54:20,500.0,18.6,B
2021-06-16T09:54:13,500.0,18.6,B
2021-06-16T09:54:12,3600.0,18.6,S
2021-06-16T09:54:11,1000.0,18.7,B
2021-06-16T09:53:30,100.0,18.7,B
2021-06-16T09:53:18,500.0,18.6,S
2021-06-16T09:53:09,1000.0,18.6,S
2021-06-16T09:53:00,3100.0,18.6,S
2021-06-16T09:52:48,4300.0,18.6,S
2021-06-16T09:52:05,20000.0,18.6,S
2021-06-16T09:52:03,1700.0,18.7,B
2021-06-16T09:51:50,100.0,18.7,B
2021-06-16T09:51:21,100.0,18.7,B
2021-06-16T09:51:21,100.0,18.6,S
2021-06-16T09:51:17,200.0,18.7,B
2021-06-16T09:51:14,400.0,18.7,B
2021-06-16T09:51:12,2000.0,18.7,B
2021-06-16T09:50:47,100.0,18.7,B
2021-06-16T09:50:46,200.0,18.7,B
2021-06-16T09:49:29,1000.0,18.7,B
2021-06-16T09:49:13,100.0,18.7,B
2021-06-16T09:49:06,600.0,18.7,B
2021-06-16T09:48:57,1800.0,18.6,S
2021-06-16T09:48:55,100.0,18.6,S
2021-06-16T09:48:41,100.0,18.7,B
2021-06-16T09:48:40,4000.0,18.6,S
2021-06-16T09:48:05,700.0,18.6,S
2021-06-16T09:48:03,1000.0,18.6,S
2021-06-16T09:48:00,800.0,18.6,S
2021-06-16T09:47:58,100.0,18.6,S
2021-06-16T09:47:57,1000.0,18.6,S
2021-06-16T09:47:53,2000.0,18.7,B
2021-06-16T09:47:51,1000.0,18.6,S
2021-06-16T09:47:47,50000.0,18.6,S
2021-06-16T09:47:39,500.0,18.7,B
2021-06-16T09:47:36,1000.0,18.6,S
2021-06-16T09:47:34,3000.0,18.6,S
2021-06-16T09:47:29,5600.0,18.6,S
2021-06-16T09:47:18,200.0,18.6,S
2021-06-16T09:46:25,5000.0,18.6,S
2021-06-16T09:46:10,2000.0,18.7,B
2021-06-16T09:45:53,3000.0,18.6,S
2021-06-16T09:45:46,200.0,18.7,B
2021-06-16T09:45:36,200.0,18.7,B
2021-06-16T09:45:27,1000.0,18.7,B
2021-06-16T09:45:26,300.0,18.7,B
2021-06-16T09:44:51,1000.0,18.7,B
2021-06-16T09:44:21,100.0,18.7,B
2021-06-16T09:44:06,1000.0,18.7,B
2021-06-16T09:44:00,1000.0,18.7,B
2021-06-16T09:43:41,1000.0,18.7,B
2021-06-16T09:43:31,100.0,18.7,B
2021-06-16T09:43:26,100.0,18.7,B
2021-06-16T09:43:22,100.0,18.7,B
2021-06-16T09:43:11,500.0,18.7,B
2021-06-16T09:43:02,100.0,18.7,B
2021-06-16T09:42:58,700.0,18.7,B
2021-06-16T09:42:53,100.0,18.7,B
2021-06-16T09:42:53,1000.0,18.6,S
2021-06-16T09:42:47,100.0,18.7,B
2021-06-16T09:42:46,200.0,18.7,B
2021-06-16T09:42:41,1000.0,18.7,B
2021-06-16T09:42:34,500.0,18.7,B
2021-06-16T09:42:22,200.0,18.7,B
2021-06-16T09:42:12,500.0,18.7,B
2021-06-16T09:42:12,100.0,18.7,B
2021-06-16T09:42:03,4000.0,18.7,B
2021-06-16T09:42:01,500.0,18.7,B
2021-06-16T09:41:54,800.0,18.7,B
2021-06-16T09:41:53,2000.0,18.7,B
2021-06-16T09:41:49,100.0,18.7,B
2021-06-16T09:41:33,200.0,18.7,B
2021-06-16T09:41:22,100.0,18.7,B
2021-06-16T09:41:00,200.0,18.7,B
2021-06-16T09:40:36,500.0,18.7,B
2021-06-16T09:40:32,2000.0,18.7,B
2021-06-16T09:40:25,400.0,18.7,B
2021-06-16T09:40:16,100.0,18.7,B
2021-06-16T09:39:49,200.0,18.7,B
2021-06-16T09:39:45,100.0,18.7,B
2021-06-16T09:39:39,1000.0,18.7,B
2021-06-16T09:39:26,300.0,18.7,B
2021-06-16T09:39:25,100.0,18.7,B
2021-06-16T09:39:23,5000.0,18.7,B
2021-06-16T09:39:22,3000.0,18.7,B
2021-06-16T09:39:14,200.0,18.7,B
2021-06-16T09:38:43,54000.0,18.7,B
2021-06-16T09:38:31,200.0,18.7,B
2021-06-16T09:38:21,100.0,18.7,B
2021-06-16T09:37:59,34400.0,18.7,S
2021-06-16T09:37:57,600.0,18.8,B
2021-06-16T09:37:44,1000.0,18.8,B
2021-06-16T09:37:35,300.0,18.8,B
2021-06-16T09:37:30,2000.0,18.8,B
2021-06-16T09:37:27,1000.0,18.8,B
2021-06-16T09:37:24,2000.0,18.8,B
2021-06-16T09:37:20,200.0,18.8,B
2021-06-16T09:36:59,500.0,18.8,B
2021-06-16T09:36:34,200.0,18.8,B
2021-06-16T09:36:13,900.0,18.8,B
2021-06-16T09:36:04,100.0,18.8,B
2021-06-16T09:36:03,8000.0,18.8,S
2021-06-16T09:34:19,100.0,18.8,S
2021-06-16T09:32:54,3600.0,18.8,S
2021-06-16T09:31:41,500.0,18.9,B
2021-06-16T09:31:09,700.0,18.8,S
2021-06-16T09:30:35,500.0,18.8,B
2021-06-16T09:30:11,2000.0,18.8,B
2021-06-16T09:29:35,300.0,18.7,S
2021-06-16T09:28:50,6100.0,18.7,B
2021-06-16T09:28:40,100.0,18.7,B
2021-06-16T09:28:39,1000.0,18.7,B
2021-06-16T09:28:38,200.0,18.7,B
2021-06-16T09:28:36,500.0,18.7,B
2021-06-16T09:28:34,100.0,18.7,B
2021-06-16T09:28:34,200.0,18.6,S
2021-06-16T09:28:32,1000.0,18.7,B
2021-06-16T09:28:20,500.0,18.7,B
2021-06-16T09:28:13,200.0,18.7,B
2021-06-16T09:28:04,1000.0,18.7,B
2021-06-16T09:28:01,2000.0,18.7,B
2021-06-16T09:27:50,200.0,18.7,B
2021-06-16T09:27:46,3000.0,18.7,B
2021-06-16T09:27:31,5000.0,18.7,B
2021-06-16T09:27:28,200.0,18.7,B
2021-06-16T09:27:02,300.0,18.7,B
2021-06-16T09:26:47,300.0,18.7,B
2021-06-16T09:26:32,1000.0,18.7,B
2021-06-16T09:26:32,500.0,18.7,B
2021-06-16T09:26:23,200.0,18.7,B
2021-06-16T09:26:19,1000.0,18.7,B
2021-06-16T09:26:06,1000.0,18.7,B
2021-06-16T09:26:05,1100.0,18.6,S
2021-06-16T09:26:02,200.0,18.7,B
2021-06-16T09:26:02,100.0,18.7,B
2021-06-16T09:26:00,100.0,18.7,B
2021-06-16T09:25:56,500.0,18.7,B
2021-06-16T09:25:40,100.0,18.7,B
2021-06-16T09:25:39,100.0,18.7,B
2021-06-16T09:25:39,1400.0,18.7,B
2021-06-16T09:25:37,100.0,18.7,B
2021-06-16T09:25:19,200.0,18.7,B
2021-06-16T09:24:36,100.0,18.7,B
2021-06-16T09:24:28,100.0,18.6,S
2021-06-16T09:23:55,100.0,18.6,S
2021-06-16T09:23:33,500.0,18.6,S
2021-06-16T09:23:05,1000.0,18.6,S
2021-06-16T09:22:59,300.0,18.6,S
2021-06-16T09:22:56,300.0,18.6,S
2021-06-16T09:22:55,1000.0,18.6,S
2021-06-16T09:22:24,900.0,18.6,S
2021-06-16T09:22:11,100.0,18.7,B
2021-06-16T09:22:05,2300.0,18.7,S
2021-06-16T09:21:52,3000.0,18.7,S
2021-06-16T09:21:50,1000.0,18.7,S
2021-06-16T09:21:24,200.0,18.7,S
2021-06-16T09:20:27,200.0,18.7,S
2021-06-16T09:20:19,100.0,18.8,B
2021-06-16T09:19:50,6000.0,18.7,S
2021-06-16T09:19:09,1300.0,18.7,S
2021-06-16T09:19:08,100.0,18.7,S
2021-06-16T09:18:39,100.0,18.8,B
2021-06-16T09:18:26,100.0,18.8,B
2021-06-16T09:17:51,600.0,18.8,B
2021-06-16T09:17:49,200.0,18.8,B
2021-06-16T09:17:15,100.0,18.8,B
2021-06-16T09:17:04,2500.0,18.8,S
2021-06-16T09:16:50,1000.0,18.8,S
2021-06-16T09:16:44,300.0,18.8,S
2021-06-16T09:15:42,3000.0,18.8,S
2021-06-16T09:14:11,300.0,18.8,S
2021-06-16T09:11:51,200.0,18.8,S
2021-06-16T09:11:39,100.0,18.8,S
2021-06-16T09:11:22,200.0,18.7,S
2021-06-16T09:10:32,300.0,18.7,S
2021-06-16T09:10:13,3200.0,18.8,B
2021-06-16T09:09:59,2500.0,18.8,S
2021-06-16T09:09:23,1000.0,18.8,S
2021-06-16T09:09:02,100.0,18.8,S
2021-06-16T09:08:14,2000.0,18.8,S
2021-06-16T09:08:06,100.0,19.0,B
2021-06-16T09:05:57,200.0,19.0,B
2021-06-16T09:05:17,1800.0,19.0,B
2021-06-16T09:05:01,7100.0,19.0,B
2021-06-16T09:04:40,200.0,19.0,S
2021-06-16T09:03:56,100.0,19.0,S
2021-06-16T09:03:31,500.0,19.0,S
2021-06-16T09:00:36,2600.0,19.0,S
2021-06-16T09:00:26,100.0,19.0,B
2021-06-16T09:00:22,100.0,19.0,B
2021-06-16T09:00:14,100.0,18.9,S
