tradingTime,volume,price,side
2021-06-16T14:19:38,500.0,28.4,S
2021-06-16T14:19:38,3300.0,28.4,S
2021-06-16T14:19:38,4400.0,28.4,S
2021-06-16T14:19:21,1400.0,28.4,S
2021-06-16T14:19:20,600.0,28.4,S
2021-06-16T14:19:16,1000.0,28.45,B
2021-06-16T14:18:58,9000.0,28.45,B
2021-06-16T14:18:19,400.0,28.4,S
2021-06-16T14:18:19,100.0,28.4,S
2021-06-16T14:17:14,500.0,28.45,B
2021-06-16T14:17:07,200.0,28.4,S
2021-06-16T14:16:51,2000.0,28.4,S
2021-06-16T14:16:50,300.0,28.4,S
2021-06-16T14:16:27,500.0,28.45,B
2021-06-16T14:16:18,300.0,28.4,S
2021-06-16T14:16:14,300.0,28.45,B
2021-06-16T14:15:37,1000.0,28.4,S
2021-06-16T14:15:18,100.0,28.45,B
2021-06-16T14:15:15,1800.0,28.45,B
2021-06-16T14:15:08,12500.0,28.45,B
2021-06-16T14:14:29,200.0,28.45,B
2021-06-16T14:14:02,5000.0,28.45,B
2021-06-16T14:13:53,1000.0,28.4,S
2021-06-16T14:13:13,100.0,28.45,B
2021-06-16T14:11:25,1000.0,28.45,B
2021-06-16T14:11:06,100.0,28.45,B
2021-06-16T14:10:18,100.0,28.45,B
2021-06-16T14:10:11,2000.0,28.4,S
2021-06-16T14:09:02,4000.0,28.45,B
2021-06-16T14:06:30,100.0,28.45,B
2021-06-16T14:06:27,2000.0,28.4,B
2021-06-16T14:05:49,100.0,28.4,B
2021-06-16T14:05:44,10000.0,28.45,B
2021-06-16T14:04:49,11300.0,28.45,S
2021-06-16T14:04:47,200.0,28.4,S
2021-06-16T14:04:43,100.0,28.4,S
2021-06-16T14:04:27,400.0,28.45,S
2021-06-16T14:03:59,100.0,28.5,B
2021-06-16T14:03:48,1000.0,28.35,S
2021-06-16T14:02:58,500.0,28.5,B
2021-06-16T14:02:58,800.0,28.5,B
2021-06-16T14:02:58,100.0,28.5,B
2021-06-16T14:02:58,1000.0,28.5,B
2021-06-16T14:02:58,2100.0,28.5,B
2021-06-16T14:02:58,2500.0,28.5,B
2021-06-16T14:02:51,100.0,28.5,B
2021-06-16T14:02:45,100.0,28.5,B
2021-06-16T14:02:37,5000.0,28.35,S
2021-06-16T14:02:34,200.0,28.45,S
2021-06-16T14:02:21,300.0,28.45,B
2021-06-16T14:02:13,3600.0,28.5,B
2021-06-16T14:02:13,500.0,28.45,B
2021-06-16T14:01:52,10000.0,28.45,B
2021-06-16T14:01:45,1000.0,28.45,B
2021-06-16T14:01:40,1000.0,28.45,B
2021-06-16T14:01:15,5000.0,28.45,B
2021-06-16T14:01:09,100.0,28.45,B
2021-06-16T14:01:09,5500.0,28.45,B
2021-06-16T14:01:09,2100.0,28.45,B
2021-06-16T14:01:09,400.0,28.45,B
2021-06-16T14:01:08,2800.0,28.45,B
2021-06-16T14:01:08,100.0,28.45,B
2021-06-16T14:01:08,27900.0,28.45,B
2021-06-16T14:01:08,1600.0,28.45,B
2021-06-16T14:01:08,10900.0,28.4,B
2021-06-16T14:01:08,1400.0,28.4,B
2021-06-16T14:01:08,7300.0,28.4,B
2021-06-16T14:01:08,4000.0,28.4,B
2021-06-16T14:01:08,2100.0,28.4,B
2021-06-16T14:01:08,1000.0,28.4,B
2021-06-16T14:01:08,5300.0,28.4,B
2021-06-16T14:00:53,5000.0,28.3,S
2021-06-16T14:00:47,8300.0,28.35,B
2021-06-16T14:00:47,500.0,28.35,B
2021-06-16T14:00:47,1000.0,28.35,B
2021-06-16T14:00:47,6300.0,28.35,B
2021-06-16T14:00:47,8800.0,28.35,B
2021-06-16T14:00:47,100.0,28.35,B
2021-06-16T14:00:47,2500.0,28.35,B
2021-06-16T14:00:44,300.0,28.3,B
2021-06-16T14:00:43,1000.0,28.3,B
2021-06-16T14:00:42,500.0,28.3,B
2021-06-16T14:00:30,2700.0,28.3,B
2021-06-16T14:00:30,9400.0,28.3,B
2021-06-16T14:00:25,3800.0,28.25,B
2021-06-16T14:00:14,5000.0,28.1,S
2021-06-16T14:00:13,1000.0,28.1,S
2021-06-16T14:00:04,10000.0,28.25,B
2021-06-16T14:00:02,500.0,28.2,S
2021-06-16T14:00:00,500.0,28.2,S
2021-06-16T13:59:56,100.0,28.2,S
2021-06-16T13:59:13,1000.0,28.2,S
2021-06-16T13:59:01,600.0,28.2,S
2021-06-16T13:59:00,500.0,28.2,S
2021-06-16T13:59:00,800.0,28.2,S
2021-06-16T13:59:00,500.0,28.2,S
2021-06-16T13:57:50,1600.0,28.2,S
2021-06-16T13:57:50,1700.0,28.2,S
2021-06-16T13:57:50,100.0,28.2,S
2021-06-16T13:57:50,100.0,28.2,S
2021-06-16T13:57:50,900.0,28.2,S
2021-06-16T13:57:50,100.0,28.2,S
2021-06-16T13:57:49,500.0,28.2,S
2021-06-16T13:57:28,100.0,28.25,B
2021-06-16T13:57:17,3000.0,28.2,S
2021-06-16T13:57:10,8000.0,28.25,B
2021-06-16T13:57:04,300.0,28.25,B
2021-06-16T13:56:57,3500.0,28.2,S
2021-06-16T13:55:51,400.0,28.25,B
2021-06-16T13:55:22,200.0,28.2,S
2021-06-16T13:55:03,200.0,28.2,S
2021-06-16T13:54:54,1000.0,28.25,B
2021-06-16T13:54:47,5000.0,28.2,S
2021-06-16T13:53:53,5000.0,28.2,S
2021-06-16T13:53:38,2000.0,28.25,S
2021-06-16T13:53:17,2000.0,28.2,S
2021-06-16T13:53:00,1000.0,28.3,B
2021-06-16T13:52:31,5000.0,28.2,S
2021-06-16T13:52:22,1800.0,28.2,S
2021-06-16T13:52:22,100.0,28.25,S
2021-06-16T13:52:22,1100.0,28.25,S
2021-06-16T13:51:47,200.0,28.3,S
2021-06-16T13:51:47,1300.0,28.3,S
2021-06-16T13:51:39,3000.0,28.3,S
2021-06-16T13:50:27,1600.0,28.3,S
2021-06-16T13:50:27,100.0,28.3,S
2021-06-16T13:50:27,1700.0,28.3,S
2021-06-16T13:50:27,300.0,28.3,S
2021-06-16T13:50:27,6600.0,28.3,S
2021-06-16T13:50:27,600.0,28.3,S
2021-06-16T13:50:27,4900.0,28.3,S
2021-06-16T13:49:18,5000.0,28.3,S
2021-06-16T13:49:04,2600.0,28.35,B
2021-06-16T13:49:01,1200.0,28.35,B
2021-06-16T13:48:37,100.0,28.35,B
2021-06-16T13:48:35,2700.0,28.35,B
2021-06-16T13:48:18,300.0,28.35,B
2021-06-16T13:48:04,200.0,28.35,B
2021-06-16T13:47:55,2000.0,28.35,B
2021-06-16T13:47:27,5000.0,28.35,B
2021-06-16T13:47:20,1400.0,28.3,S
2021-06-16T13:46:21,100.0,28.35,B
2021-06-16T13:46:11,300.0,28.35,B
2021-06-16T13:46:10,6700.0,28.3,S
2021-06-16T13:46:10,2800.0,28.3,S
2021-06-16T13:46:10,3000.0,28.3,S
2021-06-16T13:46:10,1000.0,28.35,B
2021-06-16T13:46:08,100.0,28.35,B
2021-06-16T13:46:08,900.0,28.35,B
2021-06-16T13:45:43,700.0,28.35,B
2021-06-16T13:45:32,200.0,28.35,S
2021-06-16T13:45:18,100.0,28.35,S
2021-06-16T13:45:09,1000.0,28.35,S
2021-06-16T13:45:01,200.0,28.35,S
2021-06-16T13:44:48,1200.0,28.35,S
2021-06-16T13:44:48,700.0,28.35,S
2021-06-16T13:44:45,700.0,28.35,S
2021-06-16T13:44:45,4300.0,28.35,S
2021-06-16T13:44:22,700.0,28.35,S
2021-06-16T13:44:13,4000.0,28.35,S
2021-06-16T13:44:03,2400.0,28.4,B
2021-06-16T13:43:40,1100.0,28.35,S
2021-06-16T13:43:35,900.0,28.4,B
2021-06-16T13:43:09,1000.0,28.35,S
2021-06-16T13:43:07,1600.0,28.4,B
2021-06-16T13:43:05,200.0,28.4,B
2021-06-16T13:43:03,200.0,28.4,B
2021-06-16T13:43:01,800.0,28.35,S
2021-06-16T13:42:56,500.0,28.4,B
2021-06-16T13:42:10,5900.0,28.4,B
2021-06-16T13:42:05,100.0,28.35,S
2021-06-16T13:41:42,2000.0,28.4,B
2021-06-16T13:41:42,200.0,28.35,S
2021-06-16T13:41:15,1200.0,28.35,S
2021-06-16T13:41:15,2000.0,28.35,S
2021-06-16T13:41:15,6200.0,28.35,S
2021-06-16T13:41:15,10600.0,28.35,S
2021-06-16T13:40:51,100.0,28.35,S
2021-06-16T13:40:24,200.0,28.35,S
2021-06-16T13:40:13,500.0,28.35,S
2021-06-16T13:39:45,5000.0,28.35,S
2021-06-16T13:39:30,100.0,28.35,S
2021-06-16T13:39:25,100.0,28.4,B
2021-06-16T13:39:25,100.0,28.4,B
2021-06-16T13:39:24,300.0,28.4,B
2021-06-16T13:38:41,1800.0,28.35,S
2021-06-16T13:38:31,200.0,28.35,S
2021-06-16T13:38:17,100.0,28.35,B
2021-06-16T13:38:17,700.0,28.35,B
2021-06-16T13:37:44,1000.0,28.35,S
2021-06-16T13:37:32,300.0,28.35,S
2021-06-16T13:37:22,1400.0,28.35,S
2021-06-16T13:37:21,3000.0,28.35,S
2021-06-16T13:37:09,700.0,28.35,S
2021-06-16T13:37:07,100.0,28.4,B
2021-06-16T13:37:02,1000.0,28.4,B
2021-06-16T13:36:31,500.0,28.35,B
2021-06-16T13:36:23,500.0,28.35,B
2021-06-16T13:36:07,2000.0,28.35,S
2021-06-16T13:35:49,300.0,28.4,B
2021-06-16T13:35:48,1500.0,28.35,S
2021-06-16T13:35:41,1000.0,28.35,S
2021-06-16T13:35:41,400.0,28.35,S
2021-06-16T13:35:40,2100.0,28.35,S
2021-06-16T13:35:32,300.0,28.4,B
2021-06-16T13:35:16,300.0,28.35,S
2021-06-16T13:34:59,400.0,28.35,S
2021-06-16T13:34:58,4600.0,28.35,S
2021-06-16T13:34:21,1600.0,28.35,B
2021-06-16T13:33:55,300.0,28.35,B
2021-06-16T13:33:53,4500.0,28.35,B
2021-06-16T13:33:52,500.0,28.35,B
2021-06-16T13:33:36,1000.0,28.35,B
2021-06-16T13:33:15,3500.0,28.35,B
2021-06-16T13:33:09,1500.0,28.35,B
2021-06-16T13:33:09,3000.0,28.35,B
2021-06-16T13:33:04,100.0,28.35,B
2021-06-16T13:32:58,1000.0,28.35,B
2021-06-16T13:32:57,400.0,28.35,B
2021-06-16T13:32:29,1400.0,28.35,B
2021-06-16T13:32:29,1600.0,28.35,B
2021-06-16T13:32:24,5000.0,28.35,B
2021-06-16T13:32:07,100.0,28.35,B
2021-06-16T13:31:57,500.0,28.35,B
2021-06-16T13:31:56,1000.0,28.35,B
2021-06-16T13:31:43,200.0,28.35,S
2021-06-16T13:31:38,300.0,28.35,S
2021-06-16T13:31:38,100.0,28.35,S
2021-06-16T13:31:37,1200.0,28.35,S
2021-06-16T13:31:34,400.0,28.35,S
2021-06-16T13:30:39,1400.0,28.35,S
2021-06-16T13:30:32,1000.0,28.35,S
2021-06-16T13:30:29,2000.0,28.35,S
2021-06-16T13:30:25,900.0,28.35,S
2021-06-16T13:30:22,100.0,28.35,S
2021-06-16T13:30:22,100.0,28.35,S
2021-06-16T13:30:22,500.0,28.35,S
2021-06-16T13:30:22,1600.0,28.35,S
2021-06-16T13:30:22,2400.0,28.35,S
2021-06-16T13:29:59,10000.0,28.35,S
2021-06-16T13:29:07,4000.0,28.35,S
2021-06-16T13:29:07,600.0,28.35,S
2021-06-16T13:29:07,200.0,28.35,S
2021-06-16T13:29:05,200.0,28.35,S
2021-06-16T13:28:54,700.0,28.4,B
2021-06-16T13:28:45,100.0,28.35,S
2021-06-16T13:28:44,100.0,28.4,B
2021-06-16T13:28:43,1000.0,28.4,B
2021-06-16T13:28:42,1000.0,28.35,S
2021-06-16T13:28:42,3000.0,28.35,S
2021-06-16T13:28:26,200.0,28.4,B
2021-06-16T13:28:25,4500.0,28.4,B
2021-06-16T13:28:21,200.0,28.4,B
2021-06-16T13:27:48,2000.0,28.4,B
2021-06-16T13:27:33,100.0,28.35,S
2021-06-16T13:27:31,800.0,28.4,B
2021-06-16T13:27:29,1000.0,28.4,B
2021-06-16T13:27:29,100.0,28.4,B
2021-06-16T13:27:25,5000.0,28.35,S
2021-06-16T13:27:19,100.0,28.4,B
2021-06-16T13:27:15,300.0,28.4,B
2021-06-16T13:26:42,300.0,28.4,B
2021-06-16T13:26:42,200.0,28.4,B
2021-06-16T13:26:40,200.0,28.4,B
2021-06-16T13:26:20,500.0,28.4,B
2021-06-16T13:26:02,2100.0,28.4,B
2021-06-16T13:25:49,200.0,28.4,B
2021-06-16T13:25:20,1500.0,28.4,B
2021-06-16T13:25:10,100.0,28.4,B
2021-06-16T13:25:05,300.0,28.4,B
2021-06-16T13:25:02,5000.0,28.35,S
2021-06-16T13:24:55,100.0,28.4,B
2021-06-16T13:24:48,1500.0,28.4,B
2021-06-16T13:24:40,100.0,28.4,B
2021-06-16T13:24:25,500.0,28.4,B
2021-06-16T13:24:00,1000.0,28.4,B
2021-06-16T13:23:17,300.0,28.4,B
2021-06-16T13:23:02,200.0,28.4,B
2021-06-16T13:22:48,500.0,28.4,B
2021-06-16T13:22:47,1500.0,28.4,B
2021-06-16T13:22:25,300.0,28.4,B
2021-06-16T13:22:19,1000.0,28.4,B
2021-06-16T13:22:12,300.0,28.4,B
2021-06-16T13:21:54,1000.0,28.4,B
2021-06-16T13:21:38,4000.0,28.4,B
2021-06-16T13:21:18,2000.0,28.35,S
2021-06-16T13:21:15,100.0,28.4,B
2021-06-16T13:20:59,200.0,28.4,B
2021-06-16T13:20:56,200.0,28.4,B
2021-06-16T13:20:53,200.0,28.4,B
2021-06-16T13:20:05,100.0,28.4,B
2021-06-16T13:19:53,600.0,28.4,B
2021-06-16T13:19:30,4500.0,28.4,B
2021-06-16T13:19:30,1200.0,28.4,B
2021-06-16T13:19:30,4800.0,28.4,B
2021-06-16T13:19:30,19500.0,28.4,B
2021-06-16T13:19:22,1200.0,28.4,B
2021-06-16T13:18:58,100.0,28.4,B
2021-06-16T13:18:58,900.0,28.4,B
2021-06-16T13:18:56,1700.0,28.4,B
2021-06-16T13:18:49,2000.0,28.4,B
2021-06-16T13:18:20,4000.0,28.4,B
2021-06-16T13:18:18,300.0,28.4,B
2021-06-16T13:18:14,200.0,28.4,B
2021-06-16T13:17:39,500.0,28.4,B
2021-06-16T13:17:27,500.0,28.35,S
2021-06-16T13:17:17,2000.0,28.4,B
2021-06-16T13:16:34,200.0,28.35,S
2021-06-16T13:15:47,1000.0,28.35,S
2021-06-16T13:15:29,500.0,28.4,B
2021-06-16T13:15:01,700.0,28.35,S
2021-06-16T13:14:51,200.0,28.35,S
2021-06-16T13:14:48,500.0,28.35,S
2021-06-16T13:14:29,700.0,28.35,S
2021-06-16T13:14:25,700.0,28.35,S
2021-06-16T13:14:20,100.0,28.35,S
2021-06-16T13:13:46,3000.0,28.35,B
2021-06-16T13:13:46,900.0,28.35,B
2021-06-16T13:13:39,2000.0,28.3,S
2021-06-16T13:13:15,200.0,28.35,B
2021-06-16T13:13:15,500.0,28.35,B
2021-06-16T13:13:15,300.0,28.35,B
2021-06-16T13:13:04,100.0,28.35,B
2021-06-16T13:12:38,14000.0,28.35,B
2021-06-16T13:11:31,400.0,28.35,B
2021-06-16T13:11:21,500.0,28.35,B
2021-06-16T13:11:18,100.0,28.35,B
2021-06-16T13:10:21,5000.0,28.35,B
2021-06-16T13:09:45,300.0,28.35,B
2021-06-16T13:09:33,700.0,28.35,B
2021-06-16T13:09:28,1100.0,28.3,B
2021-06-16T13:09:28,2000.0,28.3,B
2021-06-16T13:09:27,5200.0,28.3,B
2021-06-16T13:09:27,11500.0,28.3,B
2021-06-16T13:08:33,500.0,28.3,B
2021-06-16T13:08:18,200.0,28.3,B
2021-06-16T13:08:09,3000.0,28.3,B
2021-06-16T13:08:09,1000.0,28.3,B
2021-06-16T13:08:04,1400.0,28.3,B
2021-06-16T13:07:56,500.0,28.3,B
2021-06-16T13:06:54,500.0,28.3,B
2021-06-16T13:06:47,200.0,28.2,S
2021-06-16T13:06:41,6800.0,28.2,S
2021-06-16T13:06:32,400.0,28.2,S
2021-06-16T13:06:03,3300.0,28.2,S
2021-06-16T13:05:48,1000.0,28.3,B
2021-06-16T13:04:58,900.0,28.3,B
2021-06-16T13:04:48,100.0,28.3,B
2021-06-16T13:04:33,1000.0,28.3,B
2021-06-16T13:04:17,500.0,28.3,B
2021-06-16T13:03:59,2000.0,28.3,B
2021-06-16T13:03:46,1000.0,28.3,B
2021-06-16T13:03:11,1300.0,28.3,B
2021-06-16T13:03:11,3700.0,28.3,B
2021-06-16T13:03:09,100.0,28.3,B
2021-06-16T13:03:01,200.0,28.3,B
2021-06-16T13:03:01,300.0,28.3,B
2021-06-16T13:02:33,2000.0,28.3,B
2021-06-16T13:01:58,200.0,28.3,B
2021-06-16T13:01:38,1000.0,28.3,B
2021-06-16T13:01:35,3000.0,28.3,B
2021-06-16T13:01:33,100.0,28.3,B
2021-06-16T13:01:22,1000.0,28.3,B
2021-06-16T13:01:12,5000.0,28.3,B
2021-06-16T13:01:02,300.0,28.3,B
2021-06-16T13:00:58,3900.0,28.3,B
2021-06-16T13:00:57,3000.0,28.3,B
2021-06-16T13:00:49,1300.0,28.25,S
2021-06-16T13:00:46,500.0,28.25,S
2021-06-16T13:00:45,300.0,28.25,S
2021-06-16T13:00:45,200.0,28.25,S
2021-06-16T13:00:42,100.0,28.25,S
2021-06-16T13:00:41,100.0,28.3,B
2021-06-16T13:00:41,1200.0,28.3,B
2021-06-16T13:00:40,300.0,28.3,B
2021-06-16T13:00:38,3000.0,28.3,B
2021-06-16T13:00:38,500.0,28.3,B
2021-06-16T13:00:38,200.0,28.3,B
2021-06-16T13:00:37,4700.0,28.0,S
2021-06-16T13:00:37,6000.0,28.1,S
2021-06-16T13:00:37,2000.0,28.1,S
2021-06-16T13:00:37,1500.0,28.1,S
2021-06-16T13:00:37,5200.0,28.1,S
2021-06-16T13:00:37,1800.0,28.1,S
2021-06-16T13:00:37,12100.0,28.1,S
2021-06-16T13:00:37,2500.0,28.2,S
2021-06-16T13:00:37,1100.0,28.2,S
2021-06-16T13:00:37,3500.0,28.2,S
2021-06-16T13:00:37,700.0,28.2,S
2021-06-16T13:00:37,4100.0,28.2,S
2021-06-16T13:00:37,4800.0,28.2,S
2021-06-16T13:00:33,2000.0,28.3,B
2021-06-16T13:00:33,100.0,28.3,B
2021-06-16T13:00:32,400.0,28.3,B
2021-06-16T13:00:31,3000.0,28.3,B
2021-06-16T13:00:31,1200.0,28.3,B
2021-06-16T13:00:29,2000.0,28.3,B
2021-06-16T13:00:27,1500.0,28.3,B
2021-06-16T13:00:27,200.0,28.2,S
2021-06-16T13:00:27,400.0,28.3,B
2021-06-16T13:00:26,1200.0,28.3,B
2021-06-16T13:00:26,300.0,28.3,B
2021-06-16T13:00:25,200.0,28.3,B
2021-06-16T11:30:19,200.0,28.3,B
2021-06-16T11:30:14,30000.0,28.3,B
2021-06-16T11:29:22,500.0,28.3,B
2021-06-16T11:29:22,500.0,28.25,B
2021-06-16T11:29:16,15000.0,28.2,S
2021-06-16T11:29:01,2200.0,28.2,S
2021-06-16T11:28:49,800.0,28.2,S
2021-06-16T11:28:36,500.0,28.2,S
2021-06-16T11:28:24,500.0,28.3,B
2021-06-16T11:28:04,500.0,28.2,S
2021-06-16T11:27:59,500.0,28.3,B
2021-06-16T11:27:44,7000.0,28.3,B
2021-06-16T11:27:39,5000.0,28.3,B
2021-06-16T11:27:34,200.0,28.3,B
2021-06-16T11:27:32,900.0,28.3,B
2021-06-16T11:27:28,2600.0,28.3,B
2021-06-16T11:27:28,2400.0,28.3,B
2021-06-16T11:27:22,400.0,28.2,S
2021-06-16T11:27:22,1200.0,28.2,S
2021-06-16T11:27:03,1000.0,28.2,S
2021-06-16T11:26:48,200.0,28.2,S
2021-06-16T11:26:47,800.0,28.2,B
2021-06-16T11:26:43,600.0,28.2,B
2021-06-16T11:26:42,1000.0,28.2,B
2021-06-16T11:26:33,4900.0,28.2,B
2021-06-16T11:26:33,300.0,28.15,B
2021-06-16T11:26:24,1500.0,28.2,B
2021-06-16T11:26:07,500.0,28.2,B
2021-06-16T11:26:00,100.0,28.2,B
2021-06-16T11:25:57,2000.0,28.2,B
2021-06-16T11:25:47,1700.0,28.2,S
2021-06-16T11:25:42,1000.0,28.2,S
2021-06-16T11:25:31,5000.0,28.2,S
2021-06-16T11:25:19,2000.0,28.2,S
2021-06-16T11:24:57,100.0,28.2,S
2021-06-16T11:24:46,300.0,28.3,B
2021-06-16T11:24:33,1000.0,28.3,B
2021-06-16T11:24:20,300.0,28.3,B
2021-06-16T11:24:03,600.0,28.3,B
2021-06-16T11:24:03,2700.0,28.3,B
2021-06-16T11:24:03,1200.0,28.3,B
2021-06-16T11:24:03,500.0,28.3,B
2021-06-16T11:24:01,1000.0,28.25,B
2021-06-16T11:23:48,1000.0,28.25,S
2021-06-16T11:23:48,2000.0,28.3,B
2021-06-16T11:23:21,1000.0,28.3,B
2021-06-16T11:23:11,1000.0,28.25,B
2021-06-16T11:23:03,3300.0,28.25,S
2021-06-16T11:23:00,200.0,28.3,B
2021-06-16T11:22:54,2900.0,28.3,B
2021-06-16T11:22:51,200.0,28.25,S
2021-06-16T11:22:44,500.0,28.25,S
2021-06-16T11:22:42,200.0,28.3,B
2021-06-16T11:22:42,800.0,28.3,B
2021-06-16T11:22:31,600.0,28.25,S
2021-06-16T11:22:11,1000.0,28.3,B
2021-06-16T11:22:10,600.0,28.3,B
2021-06-16T11:22:05,1300.0,28.3,S
2021-06-16T11:22:03,3000.0,28.3,S
2021-06-16T11:21:59,1000.0,28.35,B
2021-06-16T11:21:57,1000.0,28.3,S
2021-06-16T11:21:56,100.0,28.3,S
2021-06-16T11:21:49,100.0,28.3,S
2021-06-16T11:21:20,3000.0,28.35,S
2021-06-16T11:21:19,100.0,28.4,B
2021-06-16T11:21:18,100.0,28.4,B
2021-06-16T11:21:10,400.0,28.4,B
2021-06-16T11:21:04,1000.0,28.4,B
2021-06-16T11:21:03,100.0,28.4,B
2021-06-16T11:21:02,2000.0,28.35,S
2021-06-16T11:20:58,200.0,28.4,B
2021-06-16T11:20:53,1800.0,28.4,B
2021-06-16T11:20:53,500.0,28.4,B
2021-06-16T11:20:51,500.0,28.4,B
2021-06-16T11:20:48,100.0,28.4,B
2021-06-16T11:20:45,100.0,28.35,S
2021-06-16T11:20:29,5000.0,28.4,B
2021-06-16T11:20:24,500.0,28.4,B
2021-06-16T11:20:23,1000.0,28.4,B
2021-06-16T11:20:12,2000.0,28.4,B
2021-06-16T11:20:03,100.0,28.4,B
2021-06-16T11:19:54,2600.0,28.4,S
2021-06-16T11:19:50,100.0,28.45,B
2021-06-16T11:19:46,200.0,28.4,S
2021-06-16T11:19:25,900.0,28.45,B
2021-06-16T11:19:19,100.0,28.45,B
2021-06-16T11:19:17,2200.0,28.45,B
2021-06-16T11:19:15,5000.0,28.45,B
2021-06-16T11:19:15,100.0,28.45,B
2021-06-16T11:19:15,700.0,28.45,B
2021-06-16T11:19:02,5000.0,28.5,B
2021-06-16T11:18:52,1000.0,28.5,B
2021-06-16T11:18:50,1000.0,28.5,B
2021-06-16T11:18:46,500.0,28.5,B
2021-06-16T11:18:41,200.0,28.5,B
2021-06-16T11:18:39,4500.0,28.5,B
2021-06-16T11:18:33,1000.0,28.5,B
2021-06-16T11:18:21,500.0,28.5,B
2021-06-16T11:18:17,1200.0,28.5,B
2021-06-16T11:18:15,3000.0,28.5,B
2021-06-16T11:18:15,800.0,28.5,B
2021-06-16T11:18:15,100.0,28.4,S
2021-06-16T11:18:12,5100.0,28.5,B
2021-06-16T11:18:12,2900.0,28.5,B
2021-06-16T11:18:11,100.0,28.5,B
2021-06-16T11:18:05,1600.0,28.5,B
2021-06-16T11:18:05,500.0,28.5,B
2021-06-16T11:18:05,300.0,28.5,B
2021-06-16T11:18:05,2000.0,28.5,B
2021-06-16T11:18:04,100.0,28.5,B
2021-06-16T11:18:01,100.0,28.5,B
2021-06-16T11:17:57,1000.0,28.5,B
2021-06-16T11:17:40,1000.0,28.5,B
2021-06-16T11:17:40,200.0,28.5,B
2021-06-16T11:17:37,400.0,28.4,S
2021-06-16T11:17:37,100.0,28.4,S
2021-06-16T11:17:22,1000.0,28.4,S
2021-06-16T11:17:18,100.0,28.5,B
2021-06-16T11:17:18,600.0,28.5,B
2021-06-16T11:17:18,700.0,28.5,B
2021-06-16T11:17:18,1200.0,28.5,B
2021-06-16T11:17:18,2400.0,28.5,B
2021-06-16T11:17:10,100.0,28.4,S
2021-06-16T11:17:05,200.0,28.4,B
2021-06-16T11:17:04,4300.0,28.4,B
2021-06-16T11:16:55,1000.0,28.4,B
2021-06-16T11:16:52,100.0,28.3,S
2021-06-16T11:16:49,100.0,28.35,B
2021-06-16T11:16:49,200.0,28.3,S
2021-06-16T11:16:35,1100.0,28.3,B
2021-06-16T11:16:35,900.0,28.3,B
2021-06-16T11:16:35,1100.0,28.3,B
2021-06-16T11:16:35,10600.0,28.3,B
2021-06-16T11:16:35,7400.0,28.3,B
2021-06-16T11:16:27,500.0,28.25,S
2021-06-16T11:16:20,300.0,28.25,B
2021-06-16T11:16:15,200.0,28.2,B
2021-06-16T11:16:14,800.0,28.2,S
2021-06-16T11:16:09,200.0,28.2,S
2021-06-16T11:16:09,500.0,28.25,B
2021-06-16T11:16:00,300.0,28.25,B
2021-06-16T11:16:00,700.0,28.2,B
2021-06-16T11:15:47,2000.0,28.2,B
2021-06-16T11:15:43,200.0,28.0,S
2021-06-16T11:15:34,800.0,28.2,B
2021-06-16T11:15:32,2000.0,28.1,B
2021-06-16T11:15:27,1000.0,28.0,B
2021-06-16T11:15:27,1000.0,28.0,B
2021-06-16T11:15:26,100.0,28.0,B
2021-06-16T11:15:24,200.0,28.0,B
2021-06-16T11:15:24,1600.0,28.0,B
2021-06-16T11:15:24,1400.0,28.0,B
2021-06-16T11:15:23,1000.0,28.0,B
2021-06-16T11:15:20,1500.0,28.0,B
2021-06-16T11:15:20,400.0,28.0,B
2021-06-16T11:15:20,100.0,28.0,B
2021-06-16T11:15:16,1500.0,28.0,B
2021-06-16T11:15:16,1600.0,28.0,B
2021-06-16T11:15:14,2400.0,28.0,B
2021-06-16T11:15:14,1200.0,28.0,B
2021-06-16T11:15:13,200.0,28.0,B
2021-06-16T11:15:13,200.0,28.0,B
2021-06-16T11:15:11,100.0,28.0,B
2021-06-16T11:15:08,500.0,28.0,B
2021-06-16T11:15:07,500.0,28.0,B
2021-06-16T11:15:06,1000.0,28.0,B
2021-06-16T11:15:04,700.0,28.0,B
2021-06-16T11:15:03,3800.0,28.0,B
2021-06-16T11:15:00,100.0,28.0,B
2021-06-16T11:14:59,3500.0,28.0,B
2021-06-16T11:14:59,5000.0,28.0,B
2021-06-16T11:14:55,1000.0,28.0,B
2021-06-16T11:14:53,100.0,28.0,B
2021-06-16T11:14:51,1000.0,28.0,B
2021-06-16T11:14:50,10000.0,28.0,B
2021-06-16T11:14:48,500.0,28.0,B
2021-06-16T11:14:46,300.0,28.0,B
2021-06-16T11:14:46,3000.0,28.0,B
2021-06-16T11:14:44,400.0,28.0,B
2021-06-16T11:14:37,1000.0,28.0,B
2021-06-16T11:14:36,100.0,28.0,B
2021-06-16T11:14:36,2000.0,28.0,B
2021-06-16T11:14:31,2000.0,28.0,B
2021-06-16T11:14:29,7200.0,28.0,B
2021-06-16T11:14:26,1000.0,28.0,B
2021-06-16T11:14:24,2000.0,28.0,B
2021-06-16T11:14:23,500.0,28.0,B
2021-06-16T11:14:22,1000.0,28.0,B
2021-06-16T11:14:19,4000.0,28.0,B
2021-06-16T11:14:15,300.0,28.0,B
2021-06-16T11:14:13,2000.0,28.0,B
2021-06-16T11:14:13,2000.0,28.0,B
2021-06-16T11:14:12,2000.0,28.0,B
2021-06-16T11:14:10,500.0,28.0,B
2021-06-16T11:13:48,1200.0,28.0,B
2021-06-16T11:13:48,2800.0,27.95,B
2021-06-16T11:13:47,1200.0,27.8,S
2021-06-16T11:13:40,500.0,27.9,B
2021-06-16T11:13:40,1000.0,27.9,B
2021-06-16T11:13:30,6100.0,27.8,B
2021-06-16T11:13:30,6000.0,27.8,B
2021-06-16T11:13:27,5000.0,27.8,B
2021-06-16T11:13:25,100.0,27.8,B
2021-06-16T11:13:24,2000.0,27.8,B
2021-06-16T11:13:22,3000.0,27.8,B
2021-06-16T11:13:20,200.0,27.75,S
2021-06-16T11:13:17,100.0,27.75,S
2021-06-16T11:13:02,1100.0,27.75,B
2021-06-16T11:12:57,300.0,27.75,B
2021-06-16T11:12:49,3200.0,27.7,B
2021-06-16T11:12:49,200.0,27.7,B
2021-06-16T11:12:49,300.0,27.7,B
2021-06-16T11:12:49,6200.0,27.7,B
2021-06-16T11:12:45,100.0,27.7,B
2021-06-16T11:12:44,5000.0,27.7,B
2021-06-16T11:12:37,1000.0,27.65,B
2021-06-16T11:12:37,1700.0,27.65,B
2021-06-16T11:12:32,1000.0,27.65,B
2021-06-16T11:12:26,1000.0,27.65,B
2021-06-16T11:12:25,100.0,27.65,B
2021-06-16T11:12:14,100.0,27.65,B
2021-06-16T11:12:11,300.0,27.6,B
2021-06-16T11:12:11,200.0,27.6,B
2021-06-16T11:12:08,500.0,27.6,B
2021-06-16T11:12:07,200.0,27.6,B
2021-06-16T11:12:07,400.0,27.6,B
2021-06-16T11:11:59,1000.0,27.6,B
2021-06-16T11:11:57,3000.0,27.6,B
2021-06-16T11:11:54,1000.0,27.6,B
2021-06-16T11:11:53,1000.0,27.6,B
2021-06-16T11:11:53,1800.0,27.6,B
2021-06-16T11:11:52,1000.0,27.6,B
2021-06-16T11:11:50,300.0,27.6,B
2021-06-16T11:11:49,300.0,27.6,B
2021-06-16T11:11:45,2000.0,27.6,B
2021-06-16T11:11:45,1000.0,27.6,B
2021-06-16T11:11:43,1000.0,27.6,B
2021-06-16T11:11:37,2000.0,27.6,B
2021-06-16T11:11:32,2000.0,27.6,B
2021-06-16T11:11:29,200.0,27.6,B
2021-06-16T11:11:25,2000.0,27.6,B
2021-06-16T11:11:06,1000.0,27.6,B
2021-06-16T11:11:05,1600.0,27.6,B
2021-06-16T11:11:03,1000.0,27.6,B
2021-06-16T11:10:58,1200.0,27.6,B
2021-06-16T11:10:57,1800.0,27.6,B
2021-06-16T11:10:29,100.0,27.6,B
2021-06-16T11:10:20,3200.0,27.6,B
2021-06-16T11:10:20,300.0,27.6,B
2021-06-16T11:10:20,1400.0,27.6,B
2021-06-16T11:10:20,500.0,27.6,B
2021-06-16T11:10:20,3700.0,27.6,B
2021-06-16T11:10:20,3300.0,27.6,B
2021-06-16T11:10:20,7600.0,27.6,B
2021-06-16T11:10:07,5400.0,27.6,B
2021-06-16T11:09:32,700.0,27.6,B
2021-06-16T11:09:32,700.0,27.6,B
2021-06-16T11:09:32,100.0,27.6,B
2021-06-16T11:09:32,200.0,27.6,B
2021-06-16T11:09:32,8300.0,27.55,B
2021-06-16T11:09:27,3000.0,27.5,B
2021-06-16T11:09:14,1000.0,27.5,B
2021-06-16T11:09:12,3800.0,27.5,B
2021-06-16T11:09:10,2000.0,27.5,B
2021-06-16T11:08:42,10000.0,27.5,B
2021-06-16T11:08:37,1000.0,27.45,S
2021-06-16T11:08:37,600.0,27.45,S
2021-06-16T11:08:32,300.0,27.5,B
2021-06-16T11:08:21,1400.0,27.45,B
2021-06-16T11:08:19,500.0,27.45,B
2021-06-16T11:08:05,10500.0,27.45,B
2021-06-16T11:08:04,3000.0,27.4,B
2021-06-16T11:08:03,4200.0,27.4,B
2021-06-16T11:07:23,3500.0,27.4,B
2021-06-16T11:07:10,300.0,27.4,B
2021-06-16T11:06:49,500.0,27.4,B
2021-06-16T11:05:46,100.0,27.4,B
2021-06-16T11:05:46,300.0,27.4,B
2021-06-16T11:05:26,2000.0,27.4,B
2021-06-16T11:05:00,2000.0,27.4,B
2021-06-16T11:03:43,2700.0,27.4,B
2021-06-16T11:03:43,2300.0,27.4,B
2021-06-16T11:02:50,30000.0,27.3,S
2021-06-16T11:02:30,2000.0,27.4,B
2021-06-16T11:01:43,800.0,27.3,S
2021-06-16T10:59:30,2000.0,27.1,S
2021-06-16T10:58:56,100.0,27.1,S
2021-06-16T10:57:20,1000.0,27.1,S
2021-06-16T10:57:12,1500.0,27.35,S
2021-06-16T10:52:19,200.0,27.0,S
2021-06-16T10:52:19,1500.0,27.0,S
2021-06-16T10:52:19,100.0,27.0,S
2021-06-16T10:52:19,1100.0,27.0,S
2021-06-16T10:52:18,3400.0,27.0,S
2021-06-16T10:52:18,1600.0,27.0,S
2021-06-16T10:52:18,500.0,27.0,S
2021-06-16T10:52:18,1400.0,27.0,S
2021-06-16T10:52:18,1700.0,27.0,S
2021-06-16T10:52:18,900.0,27.0,S
2021-06-16T10:52:18,2100.0,27.0,S
2021-06-16T10:52:18,1500.0,27.1,S
2021-06-16T10:52:18,2800.0,27.1,S
2021-06-16T10:52:18,1100.0,27.3,S
2021-06-16T10:52:18,100.0,27.35,S
2021-06-16T10:51:53,1000.0,27.35,S
2021-06-16T10:51:41,100.0,27.4,B
2021-06-16T10:51:14,700.0,27.4,S
2021-06-16T10:50:48,900.0,27.4,S
2021-06-16T10:50:27,1000.0,27.4,B
2021-06-16T10:50:27,1000.0,27.4,B
2021-06-16T10:50:25,200.0,27.4,B
2021-06-16T10:50:24,4800.0,27.4,B
2021-06-16T10:49:57,500.0,27.4,B
2021-06-16T10:49:31,200.0,27.4,B
2021-06-16T10:49:18,4200.0,27.1,S
2021-06-16T10:49:17,500.0,27.1,S
2021-06-16T10:49:17,1300.0,27.1,S
2021-06-16T10:49:17,500.0,27.1,S
2021-06-16T10:49:17,100.0,27.1,S
2021-06-16T10:49:17,11000.0,27.1,S
2021-06-16T10:49:17,3600.0,27.2,S
2021-06-16T10:49:17,1300.0,27.2,S
2021-06-16T10:49:17,1500.0,27.2,S
2021-06-16T10:49:17,1000.0,27.2,S
2021-06-16T10:49:17,4800.0,27.2,S
2021-06-16T10:49:17,2000.0,27.3,S
2021-06-16T10:49:17,3500.0,27.35,S
2021-06-16T10:48:25,400.0,27.35,S
2021-06-16T10:47:53,100.0,27.35,B
2021-06-16T10:47:53,1700.0,27.35,B
2021-06-16T10:47:53,600.0,27.35,B
2021-06-16T10:47:50,500.0,27.25,S
2021-06-16T10:47:49,1900.0,27.35,B
2021-06-16T10:47:48,3000.0,27.3,S
2021-06-16T10:47:32,100.0,27.35,B
2021-06-16T10:47:11,2000.0,27.35,B
2021-06-16T10:47:04,1200.0,27.35,B
2021-06-16T10:47:04,3800.0,27.35,B
2021-06-16T10:47:00,3000.0,27.35,B
2021-06-16T10:46:53,3000.0,27.35,B
2021-06-16T10:46:48,900.0,27.35,B
2021-06-16T10:46:46,100.0,27.35,B
2021-06-16T10:46:34,300.0,27.35,B
2021-06-16T10:46:31,1000.0,27.3,S
2021-06-16T10:44:56,100.0,27.3,S
2021-06-16T10:43:53,6900.0,27.3,B
2021-06-16T10:42:38,600.0,27.25,S
2021-06-16T10:41:38,400.0,27.3,S
2021-06-16T10:41:09,100.0,27.25,S
2021-06-16T10:40:49,2900.0,27.3,S
2021-06-16T10:40:48,2000.0,27.3,S
2021-06-16T10:38:52,200.0,27.3,B
2021-06-16T10:38:39,5000.0,27.3,B
2021-06-16T10:38:11,100.0,27.3,B
2021-06-16T10:38:01,1800.0,27.3,B
2021-06-16T10:38:01,5400.0,27.3,B
2021-06-16T10:38:01,200.0,27.3,B
2021-06-16T10:38:01,2100.0,27.3,B
2021-06-16T10:35:45,200.0,27.3,B
2021-06-16T10:34:15,1700.0,27.3,S
2021-06-16T10:33:46,100.0,27.3,S
2021-06-16T10:33:29,3600.0,27.3,S
2021-06-16T10:33:26,200.0,27.3,S
2021-06-16T10:33:00,400.0,27.3,S
2021-06-16T10:32:03,1800.0,27.3,S
2021-06-16T10:31:55,400.0,27.3,S
2021-06-16T10:31:27,1000.0,27.3,S
2021-06-16T10:31:12,200.0,27.3,S
2021-06-16T10:30:42,5000.0,27.3,S
2021-06-16T10:30:17,500.0,27.3,S
2021-06-16T10:30:00,200.0,27.3,S
2021-06-16T10:29:42,5000.0,27.3,S
2021-06-16T10:29:09,4000.0,27.3,S
2021-06-16T10:28:46,500.0,27.3,S
2021-06-16T10:28:30,5000.0,27.3,S
2021-06-16T10:28:20,2000.0,27.35,B
2021-06-16T10:28:08,300.0,27.3,S
2021-06-16T10:27:42,100.0,27.3,S
2021-06-16T10:26:37,1000.0,27.35,B
2021-06-16T10:26:23,300.0,27.3,S
2021-06-16T10:26:10,1000.0,27.3,S
2021-06-16T10:26:09,2000.0,27.35,S
2021-06-16T10:26:09,1700.0,27.3,S
2021-06-16T10:26:09,3000.0,27.3,S
2021-06-16T10:26:09,300.0,27.3,S
2021-06-16T10:24:11,100.0,27.3,S
2021-06-16T10:24:02,1000.0,27.3,S
2021-06-16T10:23:04,500.0,27.3,S
2021-06-16T10:21:46,3000.0,27.35,S
2021-06-16T10:21:17,10000.0,27.35,S
2021-06-16T10:20:41,200.0,27.35,S
2021-06-16T10:19:59,24300.0,27.35,S
2021-06-16T10:19:46,5000.0,27.4,S
2021-06-16T10:19:35,800.0,27.4,S
2021-06-16T10:19:03,100.0,27.35,S
2021-06-16T10:18:11,2000.0,27.4,S
2021-06-16T10:17:49,1000.0,27.35,S
2021-06-16T10:17:24,4000.0,27.4,S
2021-06-16T10:17:22,900.0,27.4,S
2021-06-16T10:17:05,200.0,27.4,S
2021-06-16T10:17:05,1100.0,27.4,S
2021-06-16T10:17:05,500.0,27.4,S
2021-06-16T10:16:14,200.0,27.4,B
2021-06-16T10:15:31,600.0,27.4,B
2021-06-16T10:14:44,2000.0,27.4,B
2021-06-16T10:14:39,3400.0,27.5,B
2021-06-16T10:14:39,3600.0,27.5,B
2021-06-16T10:14:19,500.0,27.4,B
2021-06-16T10:13:25,200.0,27.4,B
2021-06-16T10:13:18,2000.0,27.4,B
2021-06-16T10:13:02,400.0,27.4,B
2021-06-16T10:12:14,5000.0,27.4,B
2021-06-16T10:11:54,600.0,27.4,B
2021-06-16T10:11:32,30000.0,27.35,S
2021-06-16T10:11:02,1000.0,27.35,S
2021-06-16T10:09:21,100.0,27.4,B
2021-06-16T10:09:17,2000.0,27.35,S
2021-06-16T10:09:15,900.0,27.35,S
2021-06-16T10:09:15,100.0,27.35,S
2021-06-16T10:09:15,8100.0,27.35,S
2021-06-16T10:09:15,6900.0,27.35,S
2021-06-16T10:09:03,2000.0,27.35,S
2021-06-16T10:09:00,500.0,27.4,B
2021-06-16T10:08:58,1100.0,27.4,B
2021-06-16T10:08:19,900.0,27.4,B
2021-06-16T10:08:17,100.0,27.4,B
2021-06-16T10:08:17,400.0,27.4,B
2021-06-16T10:07:52,300.0,27.35,S
2021-06-16T10:07:34,200.0,27.4,B
2021-06-16T10:06:27,1000.0,27.4,S
2021-06-16T10:05:51,500.0,27.4,S
2021-06-16T10:05:12,2000.0,27.35,S
2021-06-16T10:04:57,300.0,27.5,B
2021-06-16T10:04:55,1400.0,27.5,B
2021-06-16T10:04:32,600.0,27.5,B
2021-06-16T10:04:32,5000.0,27.5,B
2021-06-16T10:04:31,100.0,27.5,B
2021-06-16T10:04:31,1100.0,27.5,B
2021-06-16T10:04:31,5000.0,27.5,B
2021-06-16T10:04:31,5200.0,27.5,B
2021-06-16T10:04:20,400.0,27.4,S
2021-06-16T10:04:15,10000.0,27.4,S
2021-06-16T10:02:53,1000.0,27.4,S
2021-06-16T10:00:57,700.0,27.45,S
2021-06-16T10:00:47,500.0,27.45,S
2021-06-16T10:00:13,500.0,27.45,S
2021-06-16T09:59:26,200.0,27.5,S
2021-06-16T09:59:20,100.0,27.5,S
2021-06-16T09:59:01,1000.0,27.5,S
2021-06-16T09:58:58,900.0,27.5,S
2021-06-16T09:58:55,1700.0,27.5,S
2021-06-16T09:58:47,100.0,27.5,S
2021-06-16T09:58:33,2800.0,27.5,S
2021-06-16T09:58:33,400.0,27.55,B
2021-06-16T09:57:38,1200.0,27.6,B
2021-06-16T09:57:10,200.0,27.55,B
2021-06-16T09:56:32,2100.0,27.5,S
2021-06-16T09:56:29,7900.0,27.5,S
2021-06-16T09:56:18,300.0,27.55,B
2021-06-16T09:56:14,500.0,27.5,S
2021-06-16T09:56:07,2200.0,27.55,B
2021-06-16T09:56:07,900.0,27.6,B
2021-06-16T09:55:54,1000.0,27.55,B
2021-06-16T09:55:53,1000.0,27.55,B
2021-06-16T09:55:44,1400.0,27.55,B
2021-06-16T09:55:44,800.0,27.55,B
2021-06-16T09:55:44,500.0,27.55,B
2021-06-16T09:55:44,2000.0,27.55,B
2021-06-16T09:55:44,10300.0,27.55,B
2021-06-16T09:55:39,500.0,27.5,S
2021-06-16T09:55:37,500.0,27.5,S
2021-06-16T09:55:32,100.0,27.55,B
2021-06-16T09:54:58,4000.0,27.5,S
2021-06-16T09:54:49,1000.0,27.5,S
2021-06-16T09:54:42,500.0,27.5,S
2021-06-16T09:54:38,100.0,27.55,B
2021-06-16T09:53:50,10000.0,27.55,B
2021-06-16T09:53:38,200.0,27.5,S
2021-06-16T09:53:15,100.0,27.5,S
2021-06-16T09:52:33,800.0,27.5,S
2021-06-16T09:52:28,4000.0,27.5,S
2021-06-16T09:52:24,1000.0,27.5,S
2021-06-16T09:52:22,100.0,27.5,S
2021-06-16T09:52:14,500.0,27.5,S
2021-06-16T09:52:02,5000.0,27.55,B
2021-06-16T09:51:48,700.0,27.5,S
2021-06-16T09:51:29,2900.0,27.5,S
2021-06-16T09:51:25,200.0,27.5,S
2021-06-16T09:51:19,1400.0,27.5,S
2021-06-16T09:50:50,200.0,27.5,S
2021-06-16T09:50:50,2000.0,27.5,S
2021-06-16T09:50:27,5000.0,27.5,S
2021-06-16T09:50:27,300.0,27.5,S
2021-06-16T09:50:08,500.0,27.55,S
2021-06-16T09:49:24,3000.0,27.5,S
2021-06-16T09:48:30,500.0,27.55,S
2021-06-16T09:47:57,200.0,27.55,S
2021-06-16T09:47:29,500.0,27.55,S
2021-06-16T09:47:21,200.0,27.55,S
2021-06-16T09:47:18,100.0,27.55,S
2021-06-16T09:46:57,5000.0,27.55,S
2021-06-16T09:45:57,5000.0,27.55,S
2021-06-16T09:45:09,600.0,27.55,S
2021-06-16T09:44:47,500.0,27.55,S
2021-06-16T09:44:41,2000.0,27.55,S
2021-06-16T09:44:34,3800.0,27.55,S
2021-06-16T09:44:32,500.0,27.55,S
2021-06-16T09:43:44,500.0,27.6,B
2021-06-16T09:42:58,1000.0,27.55,S
2021-06-16T09:41:48,200.0,27.55,B
2021-06-16T09:41:27,2000.0,27.55,B
2021-06-16T09:41:27,2000.0,27.6,B
2021-06-16T09:40:27,5000.0,27.6,B
2021-06-16T09:40:14,1000.0,27.55,B
2021-06-16T09:40:13,500.0,27.55,B
2021-06-16T09:40:03,500.0,27.55,B
2021-06-16T09:39:46,3400.0,27.6,B
2021-06-16T09:39:40,3000.0,27.55,B
2021-06-16T09:39:06,1600.0,27.55,B
2021-06-16T09:39:05,800.0,27.55,B
2021-06-16T09:38:56,200.0,27.5,S
2021-06-16T09:38:53,200.0,27.55,B
2021-06-16T09:38:41,1000.0,27.55,B
2021-06-16T09:38:31,600.0,27.55,B
2021-06-16T09:38:22,1700.0,27.55,B
2021-06-16T09:38:21,500.0,27.55,B
2021-06-16T09:38:17,600.0,27.55,B
2021-06-16T09:37:56,1000.0,27.55,B
2021-06-16T09:37:53,300.0,27.55,B
2021-06-16T09:37:50,600.0,27.5,S
2021-06-16T09:37:19,1300.0,27.55,B
2021-06-16T09:37:07,1000.0,27.5,S
2021-06-16T09:37:05,500.0,27.55,B
2021-06-16T09:37:01,2700.0,27.5,B
2021-06-16T09:36:39,1800.0,27.5,B
2021-06-16T09:36:36,400.0,27.5,B
2021-06-16T09:36:24,2400.0,27.5,B
2021-06-16T09:36:16,1000.0,27.5,B
2021-06-16T09:35:32,1000.0,27.5,B
2021-06-16T09:35:28,900.0,27.5,B
2021-06-16T09:35:28,300.0,27.5,B
2021-06-16T09:35:28,1600.0,27.5,B
2021-06-16T09:35:28,200.0,27.5,B
2021-06-16T09:35:24,500.0,27.5,B
2021-06-16T09:35:23,3000.0,27.5,B
2021-06-16T09:35:07,1100.0,27.5,B
2021-06-16T09:35:04,200.0,27.5,B
2021-06-16T09:34:59,2000.0,27.5,B
2021-06-16T09:34:56,500.0,27.5,B
2021-06-16T09:34:37,100.0,27.5,B
2021-06-16T09:34:03,3000.0,27.5,B
2021-06-16T09:33:57,10000.0,27.4,B
2021-06-16T09:33:56,500.0,27.45,B
2021-06-16T09:33:55,2700.0,27.45,B
2021-06-16T09:33:48,1000.0,27.5,B
2021-06-16T09:33:37,2300.0,27.45,B
2021-06-16T09:33:30,500.0,27.45,B
2021-06-16T09:33:26,200.0,27.45,B
2021-06-16T09:33:24,500.0,27.45,B
2021-06-16T09:33:18,500.0,27.45,B
2021-06-16T09:33:17,1000.0,27.45,B
2021-06-16T09:32:46,1000.0,27.5,B
2021-06-16T09:32:34,100.0,27.35,B
2021-06-16T09:32:32,5000.0,27.5,B
2021-06-16T09:32:30,7400.0,27.4,B
2021-06-16T09:32:30,2600.0,27.35,B
2021-06-16T09:32:21,300.0,27.35,B
2021-06-16T09:31:57,100.0,27.35,B
2021-06-16T09:31:46,2000.0,27.35,B
2021-06-16T09:31:46,500.0,27.35,B
2021-06-16T09:31:16,1000.0,27.35,B
2021-06-16T09:30:32,800.0,27.3,B
2021-06-16T09:30:32,300.0,27.3,B
2021-06-16T09:30:32,3900.0,27.3,B
2021-06-16T09:30:20,100.0,27.3,B
2021-06-16T09:29:32,200.0,27.3,B
2021-06-16T09:29:32,5800.0,27.3,B
2021-06-16T09:29:27,5000.0,27.3,B
2021-06-16T09:28:49,1000.0,27.3,B
2021-06-16T09:28:38,200.0,27.3,B
2021-06-16T09:28:15,2000.0,27.25,S
2021-06-16T09:28:13,1000.0,27.3,B
2021-06-16T09:27:35,500.0,27.3,B
2021-06-16T09:26:53,200.0,27.25,B
2021-06-16T09:25:49,5000.0,27.3,B
2021-06-16T09:25:37,200.0,27.25,B
2021-06-16T09:25:24,200.0,27.25,B
2021-06-16T09:25:12,200.0,27.25,S
2021-06-16T09:24:57,1000.0,27.25,S
2021-06-16T09:24:56,1000.0,27.2,S
2021-06-16T09:24:56,2000.0,27.2,S
2021-06-16T09:24:47,200.0,27.3,B
2021-06-16T09:24:29,1000.0,27.3,B
2021-06-16T09:23:47,2000.0,27.3,B
2021-06-16T09:23:43,100.0,27.3,B
2021-06-16T09:23:43,1900.0,27.3,B
2021-06-16T09:23:37,500.0,27.2,S
2021-06-16T09:23:16,2000.0,27.3,B
2021-06-16T09:23:02,1500.0,27.2,S
2021-06-16T09:23:01,500.0,27.2,S
2021-06-16T09:22:15,500.0,27.2,B
2021-06-16T09:22:10,16500.0,27.3,B
2021-06-16T09:22:10,600.0,27.3,B
2021-06-16T09:22:10,500.0,27.2,B
2021-06-16T09:22:10,1000.0,27.2,B
2021-06-16T09:22:10,1400.0,27.2,B
2021-06-16T09:21:40,2000.0,27.0,S
2021-06-16T09:21:38,2000.0,27.2,B
2021-06-16T09:21:35,1300.0,27.2,B
2021-06-16T09:21:08,1000.0,27.2,B
2021-06-16T09:21:06,700.0,27.0,S
2021-06-16T09:21:04,1000.0,27.1,S
2021-06-16T09:20:45,100.0,27.0,S
2021-06-16T09:20:37,200.0,27.0,S
2021-06-16T09:20:36,1500.0,27.0,S
2021-06-16T09:20:36,300.0,27.0,S
2021-06-16T09:20:36,1000.0,27.0,S
2021-06-16T09:20:35,1000.0,27.2,B
2021-06-16T09:20:17,100.0,27.0,S
2021-06-16T09:20:06,200.0,27.0,S
2021-06-16T09:20:06,3000.0,27.0,S
2021-06-16T09:20:06,1800.0,27.0,S
2021-06-16T09:20:02,1000.0,27.0,S
2021-06-16T09:19:09,100.0,27.0,B
2021-06-16T09:19:02,2000.0,27.2,B
2021-06-16T09:18:59,800.0,27.0,B
2021-06-16T09:18:51,100.0,27.0,B
2021-06-16T09:18:50,500.0,27.0,B
2021-06-16T09:18:27,100.0,27.0,B
2021-06-16T09:18:21,1000.0,27.0,B
2021-06-16T09:18:16,200.0,27.0,B
2021-06-16T09:17:10,200.0,27.0,S
2021-06-16T09:16:35,100.0,27.0,S
