tradingTime,volume,price,side
2021-06-16T14:19:45,4800.0,22.95,S
2021-06-16T14:19:33,500.0,22.9,S
2021-06-16T14:19:18,2000.0,22.9,S
2021-06-16T14:19:10,400.0,22.9,S
2021-06-16T14:19:10,300.0,22.9,S
2021-06-16T14:19:10,300.0,22.9,S
2021-06-16T14:19:05,800.0,22.9,S
2021-06-16T14:19:05,4200.0,22.9,S
2021-06-16T14:19:02,400.0,22.9,S
2021-06-16T14:19:00,100.0,22.95,S
2021-06-16T14:18:58,100.0,22.95,S
2021-06-16T14:18:58,200.0,22.95,S
2021-06-16T14:18:44,900.0,22.95,S
2021-06-16T14:18:44,20000.0,22.95,S
2021-06-16T14:18:38,1000.0,22.95,S
2021-06-16T14:18:35,400.0,22.95,S
2021-06-16T14:18:31,100.0,22.95,S
2021-06-16T14:18:30,100.0,22.95,S
2021-06-16T14:18:29,100.0,22.95,S
2021-06-16T14:18:28,2000.0,22.95,S
2021-06-16T14:18:27,100.0,22.95,S
2021-06-16T14:18:26,1000.0,22.95,S
2021-06-16T14:18:25,200.0,22.95,S
2021-06-16T14:18:25,2400.0,22.95,S
2021-06-16T14:18:21,500.0,22.95,S
2021-06-16T14:18:18,100.0,22.95,S
2021-06-16T14:18:18,1000.0,22.95,S
2021-06-16T14:18:16,700.0,22.95,S
2021-06-16T14:17:55,3000.0,22.9,S
2021-06-16T14:17:42,10000.0,22.9,S
2021-06-16T14:17:35,18900.0,22.9,S
2021-06-16T14:17:35,900.0,22.9,S
2021-06-16T14:17:35,5100.0,22.9,S
2021-06-16T14:17:35,1000.0,22.9,S
2021-06-16T14:17:34,4400.0,22.9,S
2021-06-16T14:17:34,9700.0,22.9,S
2021-06-16T14:17:34,10000.0,22.9,S
2021-06-16T14:17:34,400.0,22.95,S
2021-06-16T14:17:31,300.0,22.95,S
2021-06-16T14:17:20,500.0,22.95,S
2021-06-16T14:17:18,500.0,22.95,S
2021-06-16T14:17:15,1000.0,22.95,S
2021-06-16T14:17:14,2000.0,22.95,S
2021-06-16T14:17:11,100.0,22.95,S
2021-06-16T14:17:09,100.0,22.95,S
2021-06-16T14:17:07,5000.0,22.95,S
2021-06-16T14:17:04,300.0,22.95,S
2021-06-16T14:16:54,3000.0,22.9,S
2021-06-16T14:16:48,1100.0,22.95,S
2021-06-16T14:16:44,200.0,22.95,S
2021-06-16T14:16:31,100.0,22.95,S
2021-06-16T14:16:27,200.0,22.95,S
2021-06-16T14:16:21,500.0,22.95,S
2021-06-16T14:16:21,700.0,22.9,S
2021-06-16T14:16:20,300.0,22.9,S
2021-06-16T14:16:19,500.0,22.95,S
2021-06-16T14:16:18,200.0,22.95,S
2021-06-16T14:16:14,100.0,22.95,S
2021-06-16T14:16:13,2500.0,22.9,S
2021-06-16T14:16:09,1000.0,22.95,S
2021-06-16T14:16:02,8800.0,22.9,S
2021-06-16T14:16:02,1400.0,22.9,S
2021-06-16T14:15:58,15000.0,22.95,S
2021-06-16T14:15:57,100.0,22.9,S
2021-06-16T14:15:57,4700.0,22.95,S
2021-06-16T14:15:50,5300.0,22.95,S
2021-06-16T14:15:50,14000.0,22.95,S
2021-06-16T14:15:45,1000.0,22.9,S
2021-06-16T14:15:37,5000.0,22.95,S
2021-06-16T14:15:33,100.0,22.95,S
2021-06-16T14:15:26,200.0,22.95,S
2021-06-16T14:15:10,200.0,23.0,B
2021-06-16T14:15:08,100.0,23.0,B
2021-06-16T14:14:45,3000.0,22.9,S
2021-06-16T14:14:44,9500.0,23.0,B
2021-06-16T14:14:39,1000.0,23.0,B
2021-06-16T14:14:35,200.0,23.0,B
2021-06-16T14:14:23,300.0,22.9,S
2021-06-16T14:14:23,1100.0,22.9,S
2021-06-16T14:14:23,4700.0,22.9,S
2021-06-16T14:14:23,600.0,22.9,S
2021-06-16T14:14:23,3300.0,22.9,S
2021-06-16T14:13:57,100.0,23.0,B
2021-06-16T14:13:55,600.0,23.0,B
2021-06-16T14:13:42,2000.0,23.0,B
2021-06-16T14:13:39,1000.0,23.0,S
2021-06-16T14:13:33,400.0,23.0,S
2021-06-16T14:13:13,2000.0,23.0,S
2021-06-16T14:13:12,1000.0,23.0,S
2021-06-16T14:13:10,200.0,23.0,S
2021-06-16T14:13:05,12700.0,23.0,S
2021-06-16T14:13:00,1000.0,23.0,S
2021-06-16T14:12:43,1000.0,23.0,S
2021-06-16T14:12:38,200.0,23.0,S
2021-06-16T14:12:32,1000.0,22.9,S
2021-06-16T14:12:17,200.0,23.0,S
2021-06-16T14:12:16,100.0,23.0,S
2021-06-16T14:12:10,1600.0,23.0,S
2021-06-16T14:11:54,100.0,23.0,S
2021-06-16T14:11:54,100.0,22.95,S
2021-06-16T14:11:54,2000.0,23.0,S
2021-06-16T14:11:23,200.0,23.0,S
2021-06-16T14:11:17,1000.0,23.0,S
2021-06-16T14:11:13,5000.0,23.0,S
2021-06-16T14:11:12,5500.0,23.0,S
2021-06-16T14:11:09,300.0,23.0,S
2021-06-16T14:11:08,300.0,23.0,S
2021-06-16T14:10:43,400.0,23.0,S
2021-06-16T14:10:42,5000.0,23.0,S
2021-06-16T14:10:40,5000.0,23.0,S
2021-06-16T14:10:25,500.0,22.9,S
2021-06-16T14:10:25,1200.0,22.9,S
2021-06-16T14:10:25,5300.0,22.9,S
2021-06-16T14:10:25,1600.0,22.95,S
2021-06-16T14:10:25,2500.0,22.95,S
2021-06-16T14:10:24,3000.0,22.95,S
2021-06-16T14:10:24,3200.0,22.95,S
2021-06-16T14:10:24,13700.0,22.95,S
2021-06-16T14:10:12,1000.0,23.0,S
2021-06-16T14:10:08,1000.0,23.0,S
2021-06-16T14:10:06,500.0,23.0,S
2021-06-16T14:10:02,200.0,23.0,S
2021-06-16T14:09:49,1000.0,23.0,S
2021-06-16T14:09:49,300.0,23.0,S
2021-06-16T14:09:49,1200.0,23.0,S
2021-06-16T14:09:49,5000.0,23.0,S
2021-06-16T14:09:49,9600.0,23.0,S
2021-06-16T14:09:49,3500.0,23.0,S
2021-06-16T14:09:49,2000.0,23.0,S
2021-06-16T14:09:48,100.0,23.0,S
2021-06-16T14:09:48,1500.0,23.0,S
2021-06-16T14:09:48,1000.0,23.0,S
2021-06-16T14:09:48,3600.0,23.0,S
2021-06-16T14:09:48,7200.0,23.0,S
2021-06-16T14:09:48,4600.0,23.0,S
2021-06-16T14:09:48,100.0,23.0,S
2021-06-16T14:09:48,2100.0,23.0,S
2021-06-16T14:09:48,3100.0,23.0,S
2021-06-16T14:09:48,1100.0,23.0,S
2021-06-16T14:09:48,1700.0,23.0,S
2021-06-16T14:09:48,1300.0,23.0,S
2021-06-16T14:09:48,17500.0,23.0,S
2021-06-16T14:09:48,1100.0,23.0,S
2021-06-16T14:09:47,1600.0,23.0,S
2021-06-16T14:09:47,8500.0,23.0,S
2021-06-16T14:09:47,600.0,23.0,S
2021-06-16T14:09:47,3000.0,23.0,S
2021-06-16T14:09:47,300.0,23.0,S
2021-06-16T14:09:47,1700.0,23.0,S
2021-06-16T14:09:47,700.0,23.0,S
2021-06-16T14:09:47,400.0,23.0,S
2021-06-16T14:09:47,300.0,23.0,S
2021-06-16T14:09:47,5500.0,23.0,S
2021-06-16T14:09:47,400.0,23.0,S
2021-06-16T14:09:47,1000.0,23.0,S
2021-06-16T14:09:47,600.0,23.0,S
2021-06-16T14:09:47,9400.0,23.0,S
2021-06-16T14:09:47,1200.0,23.0,S
2021-06-16T14:09:47,400.0,23.0,S
2021-06-16T14:09:47,200.0,23.0,S
2021-06-16T14:09:47,200.0,23.0,S
2021-06-16T14:09:47,2100.0,23.0,S
2021-06-16T14:09:47,100.0,23.0,S
2021-06-16T14:09:47,2300.0,23.0,S
2021-06-16T14:09:47,1400.0,23.0,S
2021-06-16T14:09:47,3900.0,23.0,S
2021-06-16T14:09:35,3500.0,23.05,S
2021-06-16T14:09:33,300.0,23.1,B
2021-06-16T14:09:22,10000.0,23.0,S
2021-06-16T14:08:57,1000.0,23.05,S
2021-06-16T14:08:36,10000.0,23.0,S
2021-06-16T14:08:12,10000.0,23.15,B
2021-06-16T14:08:09,4700.0,23.05,S
2021-06-16T14:08:08,200.0,23.05,S
2021-06-16T14:08:05,100.0,23.05,S
2021-06-16T14:08:01,21600.0,23.0,S
2021-06-16T14:08:01,5500.0,23.0,S
2021-06-16T14:08:01,10400.0,23.0,S
2021-06-16T14:08:01,100.0,23.0,S
2021-06-16T14:08:01,1500.0,23.0,S
2021-06-16T14:08:01,2700.0,23.0,S
2021-06-16T14:08:00,2500.0,23.0,S
2021-06-16T14:08:00,1300.0,23.05,S
2021-06-16T14:08:00,200.0,23.05,S
2021-06-16T14:08:00,1600.0,23.05,S
2021-06-16T14:08:00,52600.0,23.05,S
2021-06-16T14:08:00,3000.0,23.15,B
2021-06-16T14:08:00,1900.0,23.15,B
2021-06-16T14:07:59,2600.0,23.1,B
2021-06-16T14:07:18,700.0,23.05,S
2021-06-16T14:07:02,10000.0,23.05,S
2021-06-16T14:07:00,5000.0,23.1,S
2021-06-16T14:06:39,200.0,23.15,B
2021-06-16T14:06:29,100.0,23.05,S
2021-06-16T14:06:29,35500.0,23.05,S
2021-06-16T14:06:29,11400.0,23.1,S
2021-06-16T14:06:29,200.0,23.1,S
2021-06-16T14:06:29,2900.0,23.1,S
2021-06-16T14:06:26,500.0,23.1,S
2021-06-16T14:06:10,2000.0,23.1,S
2021-06-16T14:06:01,100.0,23.15,B
2021-06-16T14:06:01,800.0,23.15,B
2021-06-16T14:05:47,300.0,23.15,B
2021-06-16T14:05:43,2000.0,23.15,B
2021-06-16T14:05:43,10000.0,23.1,S
2021-06-16T14:05:41,3500.0,23.1,S
2021-06-16T14:04:56,3400.0,23.15,B
2021-06-16T14:04:56,1000.0,23.15,B
2021-06-16T14:04:55,8200.0,23.15,B
2021-06-16T14:04:53,200.0,23.15,B
2021-06-16T14:04:47,5000.0,23.1,S
2021-06-16T14:04:47,500.0,23.1,S
2021-06-16T14:04:38,1800.0,23.1,S
2021-06-16T14:04:38,200.0,23.1,S
2021-06-16T14:04:36,200.0,23.15,B
2021-06-16T14:04:15,500.0,23.1,S
2021-06-16T14:04:14,200.0,23.15,B
2021-06-16T14:04:02,3600.0,23.15,B
2021-06-16T14:04:02,1700.0,23.15,B
2021-06-16T14:03:50,200.0,23.1,S
2021-06-16T14:03:47,200.0,23.15,B
2021-06-16T14:03:23,100.0,23.15,B
2021-06-16T14:03:04,200.0,23.15,B
2021-06-16T14:03:03,200.0,23.15,B
2021-06-16T14:02:56,300.0,23.1,S
2021-06-16T14:02:46,100.0,23.15,B
2021-06-16T14:02:44,100.0,23.15,B
2021-06-16T14:02:37,1000.0,23.1,S
2021-06-16T14:02:14,2000.0,23.1,S
2021-06-16T14:02:11,300.0,23.15,B
2021-06-16T14:02:10,300.0,23.1,S
2021-06-16T14:02:04,500.0,23.15,B
2021-06-16T14:01:57,100.0,23.15,B
2021-06-16T14:01:35,5000.0,23.1,S
2021-06-16T14:01:32,200.0,23.15,B
2021-06-16T14:01:22,500.0,23.15,B
2021-06-16T14:01:20,2000.0,23.15,B
2021-06-16T14:01:19,500.0,23.1,S
2021-06-16T14:01:19,5200.0,23.1,S
2021-06-16T14:01:18,100.0,23.15,B
2021-06-16T14:01:17,100.0,23.15,B
2021-06-16T14:01:15,1000.0,23.1,S
2021-06-16T14:01:14,100.0,23.15,B
2021-06-16T14:01:07,500.0,23.15,B
2021-06-16T14:00:50,1800.0,23.15,B
2021-06-16T14:00:50,3600.0,23.15,B
2021-06-16T14:00:50,14600.0,23.15,B
2021-06-16T14:00:45,300.0,23.15,B
2021-06-16T14:00:45,5000.0,23.15,B
2021-06-16T14:00:43,3600.0,23.15,B
2021-06-16T14:00:31,2000.0,23.15,S
2021-06-16T14:00:28,500.0,23.15,S
2021-06-16T14:00:26,200.0,23.15,S
2021-06-16T14:00:18,100.0,23.15,S
2021-06-16T13:59:41,100.0,23.15,S
2021-06-16T13:59:31,300.0,23.15,S
2021-06-16T13:59:27,2000.0,23.15,S
2021-06-16T13:59:13,500.0,23.15,S
2021-06-16T13:59:09,100.0,23.15,S
2021-06-16T13:59:04,15000.0,23.15,S
2021-06-16T13:59:04,200.0,23.15,S
2021-06-16T13:58:52,800.0,23.15,S
2021-06-16T13:58:50,100.0,23.15,S
2021-06-16T13:58:50,100.0,23.15,S
2021-06-16T13:58:50,800.0,23.15,S
2021-06-16T13:58:49,2400.0,23.15,S
2021-06-16T13:58:48,100.0,23.15,S
2021-06-16T13:58:43,200.0,23.15,S
2021-06-16T13:58:30,200.0,23.15,S
2021-06-16T13:58:04,5000.0,23.15,S
2021-06-16T13:57:41,200.0,23.2,B
2021-06-16T13:57:36,10300.0,23.05,S
2021-06-16T13:57:35,4300.0,23.05,S
2021-06-16T13:57:35,400.0,23.1,S
2021-06-16T13:57:35,1400.0,23.1,S
2021-06-16T13:57:35,3300.0,23.1,S
2021-06-16T13:57:35,1500.0,23.1,S
2021-06-16T13:57:35,6300.0,23.1,S
2021-06-16T13:57:35,7300.0,23.1,S
2021-06-16T13:57:35,18300.0,23.1,S
2021-06-16T13:57:35,6100.0,23.1,S
2021-06-16T13:57:35,400.0,23.1,S
2021-06-16T13:57:34,11500.0,23.1,S
2021-06-16T13:57:34,4400.0,23.1,S
2021-06-16T13:57:34,24500.0,23.1,S
2021-06-16T13:57:30,600.0,23.2,B
2021-06-16T13:57:27,5800.0,23.2,B
2021-06-16T13:57:26,200.0,23.2,B
2021-06-16T13:57:24,500.0,23.15,S
2021-06-16T13:57:19,300.0,23.2,B
2021-06-16T13:57:19,200.0,23.2,B
2021-06-16T13:57:17,100.0,23.2,B
2021-06-16T13:57:12,1000.0,23.15,S
2021-06-16T13:56:58,200.0,23.2,S
2021-06-16T13:56:52,500.0,23.2,S
2021-06-16T13:56:47,10000.0,23.15,S
2021-06-16T13:56:44,2000.0,23.15,S
2021-06-16T13:56:39,300.0,23.15,S
2021-06-16T13:56:39,300.0,23.15,S
2021-06-16T13:56:39,3300.0,23.15,S
2021-06-16T13:56:39,100.0,23.15,S
2021-06-16T13:56:39,2000.0,23.15,S
2021-06-16T13:56:37,2000.0,23.2,S
2021-06-16T13:56:28,3000.0,23.2,S
2021-06-16T13:56:03,10000.0,23.15,S
2021-06-16T13:56:01,1000.0,23.2,S
2021-06-16T13:55:56,300.0,23.2,S
2021-06-16T13:55:49,100.0,23.2,S
2021-06-16T13:55:41,10000.0,23.15,S
2021-06-16T13:55:41,1000.0,23.2,S
2021-06-16T13:55:36,300.0,23.2,S
2021-06-16T13:55:30,300.0,23.2,S
2021-06-16T13:55:23,300.0,23.2,S
2021-06-16T13:55:07,1100.0,23.2,S
2021-06-16T13:55:07,1200.0,23.2,S
2021-06-16T13:55:07,500.0,23.2,S
2021-06-16T13:55:06,500.0,23.2,S
2021-06-16T13:55:06,400.0,23.2,S
2021-06-16T13:55:06,3000.0,23.2,S
2021-06-16T13:55:06,2400.0,23.2,S
2021-06-16T13:55:06,1500.0,23.2,S
2021-06-16T13:55:06,2400.0,23.2,S
2021-06-16T13:55:06,200.0,23.2,S
2021-06-16T13:55:06,5500.0,23.2,S
2021-06-16T13:55:00,3100.0,23.2,S
2021-06-16T13:55:00,6900.0,23.2,S
2021-06-16T13:54:59,200.0,23.25,B
2021-06-16T13:54:44,5000.0,23.2,S
2021-06-16T13:54:43,200.0,23.25,B
2021-06-16T13:54:37,4300.0,23.2,S
2021-06-16T13:54:37,1300.0,23.2,S
2021-06-16T13:54:37,1600.0,23.2,S
2021-06-16T13:54:37,100.0,23.2,S
2021-06-16T13:54:37,500.0,23.2,S
2021-06-16T13:54:37,100.0,23.2,S
2021-06-16T13:54:37,300.0,23.2,S
2021-06-16T13:54:37,100.0,23.2,S
2021-06-16T13:54:37,9200.0,23.2,S
2021-06-16T13:54:37,42500.0,23.2,S
2021-06-16T13:54:32,100.0,23.25,B
2021-06-16T13:54:20,10000.0,23.2,S
2021-06-16T13:54:14,15000.0,23.2,S
2021-06-16T13:54:10,100.0,23.25,S
2021-06-16T13:54:06,200.0,23.25,S
2021-06-16T13:54:01,1000.0,23.2,S
2021-06-16T13:54:00,100.0,23.25,S
2021-06-16T13:53:57,2000.0,23.25,S
2021-06-16T13:53:53,500.0,23.25,S
2021-06-16T13:53:51,500.0,23.25,S
2021-06-16T13:53:51,100.0,23.25,S
2021-06-16T13:53:49,1000.0,23.25,S
2021-06-16T13:53:40,100.0,23.25,S
2021-06-16T13:53:35,500.0,23.2,S
2021-06-16T13:53:30,600.0,23.25,S
2021-06-16T13:53:26,5000.0,23.25,S
2021-06-16T13:53:16,22800.0,23.25,S
2021-06-16T13:53:10,300.0,23.3,B
2021-06-16T13:53:02,600.0,23.3,B
2021-06-16T13:52:59,2000.0,23.25,S
2021-06-16T13:52:53,10000.0,23.25,S
2021-06-16T13:52:43,10000.0,23.3,B
2021-06-16T13:52:41,1000.0,23.3,B
2021-06-16T13:52:38,20000.0,23.3,B
2021-06-16T13:52:24,800.0,23.3,B
2021-06-16T13:52:21,200.0,23.3,B
2021-06-16T13:51:44,200.0,23.3,B
2021-06-16T13:51:44,7900.0,23.25,S
2021-06-16T13:51:44,4500.0,23.25,S
2021-06-16T13:51:44,7600.0,23.25,S
2021-06-16T13:51:42,100.0,23.3,B
2021-06-16T13:51:28,35000.0,23.3,B
2021-06-16T13:51:24,200.0,23.3,B
2021-06-16T13:51:12,3000.0,23.3,B
2021-06-16T13:51:10,5000.0,23.3,B
2021-06-16T13:50:57,500.0,23.3,B
2021-06-16T13:50:53,25000.0,23.3,B
2021-06-16T13:50:46,1000.0,23.3,B
2021-06-16T13:50:41,10000.0,23.3,B
2021-06-16T13:50:35,800.0,23.3,S
2021-06-16T13:50:32,7000.0,23.3,S
2021-06-16T13:50:29,200.0,23.3,S
2021-06-16T13:50:25,100.0,23.3,S
2021-06-16T13:50:22,100.0,23.3,S
2021-06-16T13:50:16,100.0,23.3,S
2021-06-16T13:50:14,5100.0,23.3,S
2021-06-16T13:50:14,400.0,23.3,S
2021-06-16T13:50:10,200.0,23.35,B
2021-06-16T13:50:07,100.0,23.3,S
2021-06-16T13:50:06,2600.0,23.3,S
2021-06-16T13:50:06,3900.0,23.3,S
2021-06-16T13:50:06,13400.0,23.3,S
2021-06-16T13:50:00,3500.0,23.3,S
2021-06-16T13:50:00,46500.0,23.3,S
2021-06-16T13:49:36,100.0,23.35,B
2021-06-16T13:49:36,200.0,23.35,B
2021-06-16T13:49:22,1400.0,23.3,S
2021-06-16T13:49:22,1000.0,23.3,S
2021-06-16T13:49:22,100.0,23.3,S
2021-06-16T13:49:22,7500.0,23.3,S
2021-06-16T13:49:05,200.0,23.35,B
2021-06-16T13:49:04,1000.0,23.3,S
2021-06-16T13:49:04,1000.0,23.3,S
2021-06-16T13:49:02,500.0,23.35,B
2021-06-16T13:49:01,500.0,23.3,S
2021-06-16T13:48:47,200.0,23.35,B
2021-06-16T13:48:46,400.0,23.35,B
2021-06-16T13:48:37,1000.0,23.35,B
2021-06-16T13:48:36,100.0,23.3,S
2021-06-16T13:48:31,200.0,23.35,B
2021-06-16T13:48:18,1000.0,23.35,B
2021-06-16T13:48:10,500.0,23.35,B
2021-06-16T13:48:04,100.0,23.35,B
2021-06-16T13:47:59,1000.0,23.35,B
2021-06-16T13:47:53,1000.0,23.35,B
2021-06-16T13:47:52,200.0,23.35,B
2021-06-16T13:47:44,400.0,23.3,S
2021-06-16T13:47:42,500.0,23.35,B
2021-06-16T13:47:39,800.0,23.35,B
2021-06-16T13:47:39,1000.0,23.35,B
2021-06-16T13:47:30,300.0,23.35,B
2021-06-16T13:47:24,500.0,23.35,B
2021-06-16T13:47:19,500.0,23.35,B
2021-06-16T13:47:14,4600.0,23.35,B
2021-06-16T13:46:58,100.0,23.35,S
2021-06-16T13:46:52,300.0,23.35,S
2021-06-16T13:46:47,1000.0,23.35,S
2021-06-16T13:46:47,200.0,23.35,S
2021-06-16T13:46:47,22100.0,23.35,S
2021-06-16T13:46:45,2500.0,23.4,B
2021-06-16T13:46:36,100.0,23.4,B
2021-06-16T13:46:27,200.0,23.4,B
2021-06-16T13:46:19,1000.0,23.4,B
2021-06-16T13:46:12,200.0,23.4,B
2021-06-16T13:45:59,200.0,23.4,B
2021-06-16T13:45:30,200.0,23.4,B
2021-06-16T13:45:29,400.0,23.4,B
2021-06-16T13:45:25,500.0,23.4,B
2021-06-16T13:45:24,500.0,23.4,B
2021-06-16T13:45:09,200.0,23.4,B
2021-06-16T13:45:02,500.0,23.4,B
2021-06-16T13:45:01,2000.0,23.4,B
2021-06-16T13:44:51,1500.0,23.4,B
2021-06-16T13:44:30,10000.0,23.4,B
2021-06-16T13:44:27,42000.0,23.4,B
2021-06-16T13:44:27,15300.0,23.4,B
2021-06-16T13:44:27,4000.0,23.4,B
2021-06-16T13:44:27,47700.0,23.4,B
2021-06-16T13:44:22,10000.0,23.4,B
2021-06-16T13:44:11,300.0,23.4,B
2021-06-16T13:44:07,10000.0,23.4,B
2021-06-16T13:43:58,400.0,23.35,S
2021-06-16T13:43:46,2200.0,23.4,B
2021-06-16T13:43:46,12400.0,23.4,B
2021-06-16T13:43:46,1400.0,23.4,B
2021-06-16T13:43:46,34000.0,23.4,B
2021-06-16T13:43:46,1000.0,23.35,B
2021-06-16T13:43:42,100.0,23.35,B
2021-06-16T13:43:40,5000.0,23.35,B
2021-06-16T13:43:35,6100.0,23.35,B
2021-06-16T13:43:35,1100.0,23.35,B
2021-06-16T13:43:35,1000.0,23.35,B
2021-06-16T13:43:24,600.0,23.35,B
2021-06-16T13:43:21,200.0,23.35,B
2021-06-16T13:42:31,600.0,23.35,B
2021-06-16T13:42:24,200.0,23.35,B
2021-06-16T13:42:15,1000.0,23.3,S
2021-06-16T13:42:01,10000.0,23.3,S
2021-06-16T13:42:00,100.0,23.3,S
2021-06-16T13:41:58,800.0,23.35,B
2021-06-16T13:41:54,2000.0,23.3,S
2021-06-16T13:41:42,700.0,23.3,S
2021-06-16T13:41:39,500.0,23.3,S
2021-06-16T13:41:36,200.0,23.35,B
2021-06-16T13:41:23,900.0,23.3,S
2021-06-16T13:41:21,1000.0,23.3,S
2021-06-16T13:41:20,1000.0,23.3,S
2021-06-16T13:41:19,1300.0,23.3,S
2021-06-16T13:41:19,400.0,23.3,S
2021-06-16T13:41:18,500.0,23.3,S
2021-06-16T13:41:15,5800.0,23.35,B
2021-06-16T13:41:15,2000.0,23.35,B
2021-06-16T13:41:15,100.0,23.35,B
2021-06-16T13:41:14,100.0,23.35,B
2021-06-16T13:41:14,12000.0,23.35,B
2021-06-16T13:41:03,1200.0,23.35,B
2021-06-16T13:41:01,400.0,23.3,S
2021-06-16T13:40:57,6200.0,23.35,B
2021-06-16T13:40:35,300.0,23.35,B
2021-06-16T13:40:32,100.0,23.35,B
2021-06-16T13:40:15,300.0,23.3,S
2021-06-16T13:39:59,200.0,23.3,B
2021-06-16T13:39:54,3000.0,23.35,B
2021-06-16T13:39:54,1500.0,23.3,B
2021-06-16T13:39:54,2500.0,23.3,B
2021-06-16T13:39:54,8600.0,23.3,B
2021-06-16T13:39:54,4400.0,23.3,B
2021-06-16T13:39:53,100.0,23.3,B
2021-06-16T13:39:43,300.0,23.3,B
2021-06-16T13:39:41,100.0,23.3,B
2021-06-16T13:39:41,200.0,23.3,B
2021-06-16T13:39:28,2000.0,23.3,B
2021-06-16T13:39:28,1500.0,23.3,B
2021-06-16T13:39:21,200.0,23.3,B
2021-06-16T13:39:16,2000.0,23.3,B
2021-06-16T13:39:16,2000.0,23.25,S
2021-06-16T13:39:06,300.0,23.3,B
2021-06-16T13:39:00,100.0,23.3,B
2021-06-16T13:39:00,300.0,23.3,B
2021-06-16T13:38:48,200.0,23.3,B
2021-06-16T13:38:38,100.0,23.3,B
2021-06-16T13:38:37,1100.0,23.3,B
2021-06-16T13:38:22,200.0,23.3,B
2021-06-16T13:38:21,7800.0,23.25,S
2021-06-16T13:38:21,2200.0,23.25,S
2021-06-16T13:38:12,5000.0,23.3,B
2021-06-16T13:38:09,100.0,23.3,B
2021-06-16T13:37:58,300.0,23.3,B
2021-06-16T13:37:58,500.0,23.3,B
2021-06-16T13:37:55,100.0,23.3,B
2021-06-16T13:37:55,200.0,23.3,B
2021-06-16T13:37:54,300.0,23.3,B
2021-06-16T13:37:44,100.0,23.3,B
2021-06-16T13:37:41,300.0,23.25,S
2021-06-16T13:37:35,2000.0,23.3,B
2021-06-16T13:37:02,1000.0,23.3,B
2021-06-16T13:36:59,200.0,23.3,B
2021-06-16T13:36:54,1000.0,23.3,B
2021-06-16T13:36:53,1100.0,23.25,S
2021-06-16T13:36:53,900.0,23.25,S
2021-06-16T13:36:39,3000.0,23.3,B
2021-06-16T13:36:19,500.0,23.3,B
2021-06-16T13:36:15,400.0,23.25,S
2021-06-16T13:36:07,200.0,23.3,B
2021-06-16T13:36:05,8000.0,23.3,B
2021-06-16T13:35:51,100.0,23.3,B
2021-06-16T13:35:42,2000.0,23.3,B
2021-06-16T13:35:31,200.0,23.25,S
2021-06-16T13:35:19,1000.0,23.3,B
2021-06-16T13:35:18,1400.0,23.3,B
2021-06-16T13:35:17,2000.0,23.25,S
2021-06-16T13:35:14,300.0,23.3,B
2021-06-16T13:35:14,200.0,23.3,B
2021-06-16T13:35:11,800.0,23.25,S
2021-06-16T13:35:02,300.0,23.3,B
2021-06-16T13:34:52,3000.0,23.25,S
2021-06-16T13:34:46,2000.0,23.25,S
2021-06-16T13:34:35,3000.0,23.3,B
2021-06-16T13:34:34,300.0,23.3,B
2021-06-16T13:34:22,200.0,23.3,B
2021-06-16T13:34:20,300.0,23.3,S
2021-06-16T13:34:17,500.0,23.3,S
2021-06-16T13:34:12,2100.0,23.35,B
2021-06-16T13:34:10,500.0,23.3,S
2021-06-16T13:34:10,2400.0,23.3,S
2021-06-16T13:33:37,500.0,23.3,S
2021-06-16T13:33:26,1000.0,23.3,S
2021-06-16T13:33:23,200.0,23.35,B
2021-06-16T13:33:21,2000.0,23.3,S
2021-06-16T13:33:19,500.0,23.35,B
2021-06-16T13:33:01,600.0,23.3,S
2021-06-16T13:32:56,200.0,23.35,B
2021-06-16T13:32:29,200.0,23.35,B
2021-06-16T13:32:16,2400.0,23.3,S
2021-06-16T13:32:07,1000.0,23.35,B
2021-06-16T13:31:54,5000.0,23.25,S
2021-06-16T13:31:41,200.0,23.35,B
2021-06-16T13:31:35,300.0,23.35,B
2021-06-16T13:31:28,1100.0,23.35,B
2021-06-16T13:31:27,1600.0,23.35,B
2021-06-16T13:31:19,2000.0,23.35,B
2021-06-16T13:31:14,800.0,23.35,S
2021-06-16T13:31:08,700.0,23.35,S
2021-06-16T13:30:55,2000.0,23.35,S
2021-06-16T13:30:42,1200.0,23.35,B
2021-06-16T13:30:35,100.0,23.35,B
2021-06-16T13:30:29,1000.0,23.35,B
2021-06-16T13:30:25,900.0,23.35,B
2021-06-16T13:30:25,9100.0,23.35,B
2021-06-16T13:30:24,1000.0,23.35,B
2021-06-16T13:30:12,1000.0,23.35,B
2021-06-16T13:29:57,5000.0,23.35,S
2021-06-16T13:29:49,200.0,23.35,S
2021-06-16T13:29:47,13700.0,23.3,S
2021-06-16T13:29:47,8800.0,23.3,S
2021-06-16T13:29:47,1000.0,23.3,S
2021-06-16T13:29:47,1000.0,23.3,S
2021-06-16T13:29:47,600.0,23.3,S
2021-06-16T13:29:47,10700.0,23.3,S
2021-06-16T13:29:47,1000.0,23.3,S
2021-06-16T13:29:47,2300.0,23.3,S
2021-06-16T13:29:47,700.0,23.3,S
2021-06-16T13:29:47,2000.0,23.3,S
2021-06-16T13:29:47,300.0,23.3,S
2021-06-16T13:29:47,1100.0,23.3,S
2021-06-16T13:29:47,1200.0,23.3,S
2021-06-16T13:29:47,2500.0,23.3,S
2021-06-16T13:29:47,8500.0,23.3,S
2021-06-16T13:29:43,900.0,23.35,S
2021-06-16T13:29:36,4000.0,23.35,S
2021-06-16T13:29:18,300.0,23.35,S
2021-06-16T13:29:16,4000.0,23.4,B
2021-06-16T13:28:56,200.0,23.4,B
2021-06-16T13:28:41,1400.0,23.4,B
2021-06-16T13:28:41,100.0,23.4,B
2021-06-16T13:28:36,1500.0,23.35,S
2021-06-16T13:28:36,1500.0,23.35,S
2021-06-16T13:28:29,200.0,23.4,B
2021-06-16T13:28:17,300.0,23.4,B
2021-06-16T13:28:15,2000.0,23.35,S
2021-06-16T13:28:03,200.0,23.4,B
2021-06-16T13:27:59,300.0,23.4,B
2021-06-16T13:27:53,14000.0,23.4,B
2021-06-16T13:27:39,500.0,23.4,B
2021-06-16T13:27:37,300.0,23.4,B
2021-06-16T13:27:28,1000.0,23.4,S
2021-06-16T13:27:27,3000.0,23.4,S
2021-06-16T13:27:26,1100.0,23.4,S
2021-06-16T13:27:25,1500.0,23.4,S
2021-06-16T13:27:15,5000.0,23.4,S
2021-06-16T13:27:15,500.0,23.4,S
2021-06-16T13:27:15,12700.0,23.4,S
2021-06-16T13:27:15,21800.0,23.4,S
2021-06-16T13:27:06,200.0,23.45,B
2021-06-16T13:26:49,100.0,23.4,S
2021-06-16T13:26:44,100.0,23.4,S
2021-06-16T13:26:42,400.0,23.45,B
2021-06-16T13:26:41,2000.0,23.45,B
2021-06-16T13:26:35,3600.0,23.45,B
2021-06-16T13:26:35,500.0,23.45,B
2021-06-16T13:26:35,4700.0,23.45,B
2021-06-16T13:26:27,10000.0,23.4,S
2021-06-16T13:26:25,500.0,23.45,B
2021-06-16T13:26:25,900.0,23.45,B
2021-06-16T13:26:14,200.0,23.45,B
2021-06-16T13:26:14,4000.0,23.45,B
2021-06-16T13:26:13,100.0,23.45,B
2021-06-16T13:26:02,1000.0,23.4,S
2021-06-16T13:25:58,400.0,23.45,B
2021-06-16T13:25:49,100.0,23.45,B
2021-06-16T13:25:47,500.0,23.45,B
2021-06-16T13:25:46,400.0,23.45,B
2021-06-16T13:25:43,2900.0,23.45,B
2021-06-16T13:25:43,1000.0,23.45,B
2021-06-16T13:25:43,600.0,23.45,B
2021-06-16T13:25:40,400.0,23.4,S
2021-06-16T13:25:34,3500.0,23.4,S
2021-06-16T13:25:18,300.0,23.45,B
2021-06-16T13:25:17,300.0,23.4,S
2021-06-16T13:25:06,2000.0,23.4,S
2021-06-16T13:25:02,20000.0,23.4,B
2021-06-16T13:24:48,300.0,23.4,B
2021-06-16T13:24:44,100.0,23.4,B
2021-06-16T13:24:44,600.0,23.4,B
2021-06-16T13:24:44,3600.0,23.4,B
2021-06-16T13:24:44,7000.0,23.4,B
2021-06-16T13:24:44,8800.0,23.4,B
2021-06-16T13:24:44,3100.0,23.4,B
2021-06-16T13:24:44,400.0,23.4,B
2021-06-16T13:24:44,1600.0,23.4,B
2021-06-16T13:24:44,800.0,23.4,B
2021-06-16T13:24:44,900.0,23.4,B
2021-06-16T13:24:44,18300.0,23.4,B
2021-06-16T13:24:44,200.0,23.4,B
2021-06-16T13:24:44,500.0,23.4,B
2021-06-16T13:24:44,6000.0,23.4,B
2021-06-16T13:24:44,300.0,23.4,B
2021-06-16T13:24:44,3200.0,23.4,B
2021-06-16T13:24:44,1100.0,23.4,B
2021-06-16T13:24:44,200.0,23.4,B
2021-06-16T13:24:44,11100.0,23.4,B
2021-06-16T13:24:44,900.0,23.4,B
2021-06-16T13:24:44,2500.0,23.4,B
2021-06-16T13:24:44,29900.0,23.4,B
2021-06-16T13:24:43,1000.0,23.4,B
2021-06-16T13:24:30,8000.0,23.4,B
2021-06-16T13:24:24,200.0,23.4,B
2021-06-16T13:24:16,200.0,23.35,S
2021-06-16T13:23:53,1000.0,23.4,B
2021-06-16T13:23:51,500.0,23.35,S
2021-06-16T13:23:35,4900.0,23.35,S
2021-06-16T13:23:35,4000.0,23.35,S
2021-06-16T13:23:35,11100.0,23.35,S
2021-06-16T13:23:35,200.0,23.35,S
2021-06-16T13:23:30,200.0,23.4,B
2021-06-16T13:23:17,6000.0,23.35,S
2021-06-16T13:23:13,200.0,23.4,B
2021-06-16T13:23:02,2200.0,23.4,B
2021-06-16T13:23:02,200.0,23.4,B
2021-06-16T13:23:01,200.0,23.35,S
2021-06-16T13:23:00,1000.0,23.35,S
2021-06-16T13:22:58,900.0,23.35,S
2021-06-16T13:22:57,500.0,23.35,S
2021-06-16T13:22:50,1000.0,23.35,S
2021-06-16T13:22:45,200.0,23.4,B
2021-06-16T13:22:26,3000.0,23.4,B
2021-06-16T13:22:16,5600.0,23.4,B
2021-06-16T13:22:11,100.0,23.4,B
2021-06-16T13:21:47,100.0,23.35,S
2021-06-16T13:21:46,5000.0,23.4,B
2021-06-16T13:21:43,300.0,23.4,B
2021-06-16T13:21:38,700.0,23.4,B
2021-06-16T13:21:30,400.0,23.35,S
2021-06-16T13:21:29,1000.0,23.35,B
2021-06-16T13:21:27,5000.0,23.35,B
2021-06-16T13:21:22,2600.0,23.35,B
2021-06-16T13:21:20,1000.0,23.3,S
2021-06-16T13:21:18,2000.0,23.35,B
2021-06-16T13:21:14,100.0,23.35,B
2021-06-16T13:21:02,2300.0,23.35,B
2021-06-16T13:21:00,14700.0,23.35,B
2021-06-16T13:20:57,200.0,23.35,B
2021-06-16T13:20:57,400.0,23.35,B
2021-06-16T13:20:54,500.0,23.35,B
2021-06-16T13:20:50,200.0,23.35,B
2021-06-16T13:20:49,500.0,23.35,B
2021-06-16T13:20:49,200.0,23.35,B
2021-06-16T13:20:48,100.0,23.35,B
2021-06-16T13:20:47,6200.0,23.35,B
2021-06-16T13:20:47,14900.0,23.35,B
2021-06-16T13:20:45,100.0,23.35,B
2021-06-16T13:20:41,100.0,23.35,B
2021-06-16T13:20:34,500.0,23.35,B
2021-06-16T13:20:29,200.0,23.35,B
2021-06-16T13:20:27,1000.0,23.35,B
2021-06-16T13:20:20,2000.0,23.35,B
2021-06-16T13:20:18,500.0,23.35,B
2021-06-16T13:20:01,1000.0,23.35,B
2021-06-16T13:19:57,5000.0,23.35,B
2021-06-16T13:19:55,200.0,23.35,B
2021-06-16T13:19:51,1500.0,23.35,B
2021-06-16T13:19:41,500.0,23.3,S
2021-06-16T13:19:41,2500.0,23.3,S
2021-06-16T13:19:19,1100.0,23.35,B
2021-06-16T13:19:15,1000.0,23.35,B
2021-06-16T13:19:13,400.0,23.3,S
2021-06-16T13:19:13,600.0,23.3,S
2021-06-16T13:19:09,700.0,23.35,B
2021-06-16T13:19:07,5900.0,23.3,S
2021-06-16T13:19:07,500.0,23.3,S
2021-06-16T13:19:07,1900.0,23.3,S
2021-06-16T13:19:07,400.0,23.3,S
2021-06-16T13:19:07,1300.0,23.3,S
2021-06-16T13:19:02,300.0,23.35,B
2021-06-16T13:18:53,200.0,23.3,S
2021-06-16T13:18:44,1700.0,23.35,B
2021-06-16T13:18:34,3500.0,23.3,S
2021-06-16T13:18:34,400.0,23.3,S
2021-06-16T13:18:30,200.0,23.35,B
2021-06-16T13:18:30,9800.0,23.35,B
2021-06-16T13:18:29,3000.0,23.35,B
2021-06-16T13:18:21,100.0,23.3,S
2021-06-16T13:18:20,8900.0,23.3,S
2021-06-16T13:18:12,100.0,23.35,B
2021-06-16T13:18:06,200.0,23.35,B
2021-06-16T13:17:51,1000.0,23.35,B
2021-06-16T13:17:47,1000.0,23.35,B
2021-06-16T13:17:32,700.0,23.35,B
2021-06-16T13:17:29,4200.0,23.35,S
2021-06-16T13:17:14,5000.0,23.35,S
2021-06-16T13:17:12,200.0,23.4,B
2021-06-16T13:17:07,500.0,23.35,S
2021-06-16T13:17:05,2600.0,23.35,S
2021-06-16T13:16:58,9000.0,23.4,B
2021-06-16T13:16:48,7100.0,23.35,S
2021-06-16T13:16:41,5000.0,23.4,B
2021-06-16T13:16:19,200.0,23.4,B
2021-06-16T13:16:14,2900.0,23.35,B
2021-06-16T13:15:54,200.0,23.35,B
2021-06-16T13:15:53,1900.0,23.35,B
2021-06-16T13:15:51,100.0,23.35,B
2021-06-16T13:15:39,2100.0,23.35,B
2021-06-16T13:15:30,300.0,23.35,B
2021-06-16T13:15:29,9500.0,23.35,B
2021-06-16T13:15:18,500.0,23.35,B
2021-06-16T13:15:16,10100.0,23.35,B
2021-06-16T13:15:16,6400.0,23.35,B
2021-06-16T13:15:06,300.0,23.35,B
2021-06-16T13:14:57,400.0,23.35,B
2021-06-16T13:14:45,1000.0,23.35,B
2021-06-16T13:14:36,100.0,23.35,B
2021-06-16T13:14:30,400.0,23.35,B
2021-06-16T13:14:30,200.0,23.35,B
2021-06-16T13:14:13,1200.0,23.35,S
2021-06-16T13:14:12,1000.0,23.4,B
2021-06-16T13:14:07,5000.0,23.4,B
2021-06-16T13:13:48,2000.0,23.4,B
2021-06-16T13:13:41,200.0,23.35,B
2021-06-16T13:13:37,200.0,23.35,B
2021-06-16T13:13:31,100.0,23.35,B
2021-06-16T13:13:13,600.0,23.4,B
2021-06-16T13:13:10,7400.0,23.3,S
2021-06-16T13:13:10,100.0,23.3,S
2021-06-16T13:13:10,6800.0,23.3,S
2021-06-16T13:13:10,700.0,23.35,S
2021-06-16T13:13:08,500.0,23.4,B
2021-06-16T13:13:05,300.0,23.4,B
2021-06-16T13:12:47,200.0,23.4,B
2021-06-16T13:12:47,1000.0,23.4,B
2021-06-16T13:12:45,1000.0,23.35,S
2021-06-16T13:12:42,300.0,23.4,B
2021-06-16T13:12:41,1000.0,23.4,B
2021-06-16T13:12:40,400.0,23.4,B
2021-06-16T13:12:36,6400.0,23.4,B
2021-06-16T13:12:30,300.0,23.4,B
2021-06-16T13:12:21,300.0,23.4,B
2021-06-16T13:11:50,2000.0,23.45,B
2021-06-16T13:11:45,4000.0,23.4,B
2021-06-16T13:11:45,1000.0,23.4,B
2021-06-16T13:11:43,5000.0,23.4,B
2021-06-16T13:11:42,200.0,23.4,B
2021-06-16T13:11:38,11600.0,23.4,S
2021-06-16T13:11:34,2000.0,23.4,S
2021-06-16T13:11:24,500.0,23.4,S
2021-06-16T13:11:10,1000.0,23.4,S
2021-06-16T13:11:02,1000.0,23.45,B
2021-06-16T13:11:01,500.0,23.45,B
2021-06-16T13:10:56,5000.0,23.4,S
2021-06-16T13:10:48,200.0,23.45,B
2021-06-16T13:10:44,1900.0,23.45,B
2021-06-16T13:10:42,1000.0,23.45,B
2021-06-16T13:10:41,200.0,23.45,B
2021-06-16T13:10:38,16000.0,23.4,S
2021-06-16T13:10:31,1000.0,23.45,B
2021-06-16T13:10:21,900.0,23.45,B
2021-06-16T13:10:16,100.0,23.45,B
2021-06-16T13:10:07,7000.0,23.45,B
2021-06-16T13:10:06,500.0,23.4,S
2021-06-16T13:10:03,300.0,23.45,B
2021-06-16T13:09:54,200.0,23.45,B
2021-06-16T13:09:52,700.0,23.45,B
2021-06-16T13:09:50,500.0,23.45,B
2021-06-16T13:09:44,5500.0,23.45,B
2021-06-16T13:09:43,5000.0,23.4,S
2021-06-16T13:09:42,7000.0,23.4,S
2021-06-16T13:09:40,2100.0,23.45,B
2021-06-16T13:09:40,600.0,23.45,B
2021-06-16T13:09:40,1100.0,23.45,B
2021-06-16T13:09:40,1200.0,23.45,B
2021-06-16T13:09:33,1000.0,23.4,S
2021-06-16T13:09:26,100.0,23.45,B
2021-06-16T13:09:20,600.0,23.4,S
2021-06-16T13:09:11,300.0,23.4,S
2021-06-16T13:09:10,200.0,23.4,S
2021-06-16T13:09:03,200.0,23.45,B
2021-06-16T13:09:02,1000.0,23.45,B
2021-06-16T13:09:00,3300.0,23.45,B
2021-06-16T13:09:00,1700.0,23.45,B
2021-06-16T13:09:00,500.0,23.45,B
2021-06-16T13:08:57,300.0,23.45,B
2021-06-16T13:08:36,2200.0,23.4,S
2021-06-16T13:08:34,3000.0,23.4,S
2021-06-16T13:08:32,100.0,23.45,B
2021-06-16T13:08:24,1000.0,23.45,B
2021-06-16T13:08:23,1000.0,23.45,B
2021-06-16T13:08:22,100.0,23.45,B
2021-06-16T13:08:19,14000.0,23.4,S
2021-06-16T13:08:15,10000.0,23.45,B
2021-06-16T13:08:07,1000.0,23.4,B
2021-06-16T13:08:07,1500.0,23.4,B
2021-06-16T13:08:07,5000.0,23.4,B
2021-06-16T13:08:07,100.0,23.4,B
2021-06-16T13:08:07,3300.0,23.4,B
2021-06-16T13:08:07,800.0,23.4,B
2021-06-16T13:08:07,400.0,23.4,B
2021-06-16T13:08:07,1500.0,23.4,B
2021-06-16T13:08:06,37200.0,23.4,B
2021-06-16T13:08:06,200.0,23.4,B
2021-06-16T13:08:06,1000.0,23.4,B
2021-06-16T13:07:56,10000.0,23.4,B
2021-06-16T13:07:47,20000.0,23.4,B
2021-06-16T13:07:18,136000.0,23.4,B
2021-06-16T13:07:18,38800.0,23.4,B
2021-06-16T13:07:18,4800.0,23.4,B
2021-06-16T13:07:18,1800.0,23.4,B
2021-06-16T13:07:18,16300.0,23.4,B
2021-06-16T13:07:18,400.0,23.4,B
2021-06-16T13:07:18,7000.0,23.4,B
2021-06-16T13:07:18,600.0,23.4,B
2021-06-16T13:07:18,300.0,23.4,B
2021-06-16T13:07:18,21500.0,23.4,B
2021-06-16T13:07:18,4000.0,23.4,B
2021-06-16T13:07:18,500.0,23.4,B
2021-06-16T13:07:17,1500.0,23.4,B
2021-06-16T13:07:17,1500.0,23.4,B
2021-06-16T13:07:17,7200.0,23.4,B
2021-06-16T13:07:17,4400.0,23.4,B
2021-06-16T13:07:17,1500.0,23.4,B
2021-06-16T13:07:17,3000.0,23.4,B
2021-06-16T13:07:17,1300.0,23.4,B
2021-06-16T13:07:17,24500.0,23.4,B
2021-06-16T13:07:17,300.0,23.35,B
2021-06-16T13:07:17,3100.0,23.35,B
2021-06-16T13:07:17,1000.0,23.35,B
2021-06-16T13:07:17,52300.0,23.35,B
2021-06-16T13:07:17,5000.0,23.35,B
2021-06-16T13:07:17,10100.0,23.35,B
2021-06-16T13:07:17,51300.0,23.35,B
2021-06-16T13:07:16,800.0,23.3,S
2021-06-16T13:07:12,200.0,23.35,B
2021-06-16T13:07:05,10000.0,23.35,B
2021-06-16T13:07:00,2000.0,23.3,S
2021-06-16T13:06:33,700.0,23.3,S
2021-06-16T13:06:21,8300.0,23.35,B
2021-06-16T13:06:20,300.0,23.35,B
2021-06-16T13:05:52,300.0,23.35,B
2021-06-16T13:05:51,700.0,23.35,B
2021-06-16T13:05:45,100.0,23.35,B
2021-06-16T13:05:35,2000.0,23.35,B
2021-06-16T13:05:33,500.0,23.35,B
2021-06-16T13:05:32,100.0,23.3,S
2021-06-16T13:05:24,200.0,23.35,B
2021-06-16T13:05:22,1000.0,23.35,B
2021-06-16T13:05:21,100.0,23.3,S
2021-06-16T13:05:17,500.0,23.35,B
2021-06-16T13:05:14,500.0,23.35,B
2021-06-16T13:04:58,14300.0,23.35,B
2021-06-16T13:04:58,7100.0,23.3,B
2021-06-16T13:04:58,600.0,23.3,B
2021-06-16T13:04:58,100.0,23.3,B
2021-06-16T13:04:58,7900.0,23.3,B
2021-06-16T13:04:58,100.0,23.3,B
2021-06-16T13:04:58,3200.0,23.3,B
2021-06-16T13:04:58,100.0,23.3,B
2021-06-16T13:04:58,2300.0,23.3,B
2021-06-16T13:04:58,28300.0,23.3,B
2021-06-16T13:04:31,200.0,23.3,B
2021-06-16T13:04:23,300.0,23.25,B
2021-06-16T13:04:22,400.0,23.25,B
2021-06-16T13:04:22,4600.0,23.25,B
2021-06-16T13:04:21,2000.0,23.25,B
2021-06-16T13:04:18,1000.0,23.25,B
2021-06-16T13:04:15,1000.0,23.25,B
2021-06-16T13:04:11,700.0,23.25,B
2021-06-16T13:04:11,200.0,23.25,B
2021-06-16T13:04:10,10000.0,23.25,B
2021-06-16T13:04:09,5000.0,23.25,B
2021-06-16T13:04:02,5000.0,23.25,B
2021-06-16T13:03:58,2000.0,23.25,B
2021-06-16T13:03:57,2500.0,23.25,B
2021-06-16T13:03:49,3000.0,23.25,B
2021-06-16T13:03:47,5000.0,23.25,B
2021-06-16T13:03:37,200.0,23.25,B
2021-06-16T13:03:00,10100.0,23.2,B
2021-06-16T13:02:53,1000.0,23.2,B
2021-06-16T13:02:42,300.0,23.2,B
2021-06-16T13:02:38,1000.0,23.2,B
2021-06-16T13:02:19,500.0,23.2,B
2021-06-16T13:02:05,14100.0,23.2,S
2021-06-16T13:02:00,200.0,23.25,B
2021-06-16T13:01:51,200.0,23.25,B
2021-06-16T13:01:42,3000.0,23.2,S
2021-06-16T13:01:12,5000.0,23.2,B
2021-06-16T13:01:11,300.0,23.25,B
2021-06-16T13:01:08,17900.0,23.15,S
2021-06-16T13:01:08,3600.0,23.2,B
2021-06-16T13:01:08,1100.0,23.2,B
2021-06-16T13:01:08,200.0,23.2,B
2021-06-16T13:01:08,3300.0,23.2,B
2021-06-16T13:01:08,10200.0,23.2,B
2021-06-16T13:01:07,13700.0,23.2,B
2021-06-16T13:01:05,100.0,23.2,B
2021-06-16T13:01:04,10000.0,23.2,B
2021-06-16T13:01:04,300.0,23.2,B
2021-06-16T13:00:56,200.0,23.2,B
2021-06-16T13:00:50,1000.0,23.2,B
2021-06-16T13:00:49,500.0,23.2,B
2021-06-16T13:00:48,300.0,23.2,B
2021-06-16T13:00:44,200.0,23.2,B
2021-06-16T13:00:38,500.0,23.2,B
2021-06-16T13:00:38,5300.0,23.2,B
2021-06-16T13:00:38,2000.0,23.2,B
2021-06-16T13:00:38,6000.0,23.25,B
2021-06-16T13:00:38,100.0,23.2,B
2021-06-16T13:00:38,200.0,23.2,B
2021-06-16T13:00:38,200.0,23.2,B
2021-06-16T13:00:31,1000.0,23.2,B
2021-06-16T13:00:31,600.0,23.2,B
2021-06-16T13:00:31,100.0,23.25,B
2021-06-16T13:00:29,100.0,23.2,B
2021-06-16T13:00:29,500.0,23.2,B
2021-06-16T13:00:29,500.0,23.2,B
2021-06-16T13:00:27,200.0,23.25,B
2021-06-16T13:00:26,13700.0,23.2,B
2021-06-16T13:00:25,600.0,23.2,B
2021-06-16T11:30:19,1100.0,23.2,S
2021-06-16T11:30:19,4600.0,23.2,S
2021-06-16T11:29:54,10000.0,23.2,S
2021-06-16T11:29:24,2700.0,23.2,B
2021-06-16T11:29:21,500.0,23.2,B
2021-06-16T11:29:20,1800.0,23.2,S
2021-06-16T11:29:16,3900.0,23.2,B
2021-06-16T11:29:12,2100.0,23.2,S
2021-06-16T11:29:05,5000.0,23.2,S
2021-06-16T11:29:03,1000.0,23.25,B
2021-06-16T11:28:56,500.0,23.25,B
2021-06-16T11:28:29,12500.0,23.25,B
2021-06-16T11:28:09,300.0,23.2,B
2021-06-16T11:28:00,10000.0,23.15,S
2021-06-16T11:27:34,2000.0,23.2,B
2021-06-16T11:27:19,100.0,23.2,B
2021-06-16T11:27:18,2500.0,23.2,S
2021-06-16T11:27:18,1500.0,23.2,S
2021-06-16T11:27:18,3700.0,23.2,S
2021-06-16T11:27:17,4500.0,23.2,S
2021-06-16T11:26:48,1000.0,23.2,S
2021-06-16T11:26:10,3000.0,23.2,S
2021-06-16T11:25:49,500.0,23.2,B
2021-06-16T11:25:38,500.0,23.2,B
2021-06-16T11:25:33,200.0,23.25,B
2021-06-16T11:25:32,10000.0,23.25,B
2021-06-16T11:25:17,200.0,23.2,B
2021-06-16T11:25:15,200.0,23.2,S
2021-06-16T11:25:15,1500.0,23.2,S
2021-06-16T11:25:15,12800.0,23.2,S
2021-06-16T11:25:15,1100.0,23.2,S
2021-06-16T11:25:15,300.0,23.2,S
2021-06-16T11:25:15,3400.0,23.2,S
2021-06-16T11:25:15,200.0,23.2,S
2021-06-16T11:25:15,2500.0,23.2,S
2021-06-16T11:25:15,5000.0,23.2,S
2021-06-16T11:24:24,2000.0,23.25,B
2021-06-16T11:24:16,100.0,23.25,B
2021-06-16T11:24:11,2100.0,23.25,S
2021-06-16T11:23:14,2900.0,23.25,S
2021-06-16T11:22:21,1000.0,23.25,S
2021-06-16T11:21:41,30000.0,23.25,S
2021-06-16T11:21:35,1200.0,23.25,S
2021-06-16T11:21:33,100.0,23.3,B
2021-06-16T11:21:27,1000.0,23.3,B
2021-06-16T11:21:18,3800.0,23.3,B
2021-06-16T11:20:45,700.0,23.25,S
2021-06-16T11:20:34,300.0,23.25,S
2021-06-16T11:20:28,1000.0,23.25,S
2021-06-16T11:20:21,5800.0,23.3,B
2021-06-16T11:20:07,3200.0,23.25,S
2021-06-16T11:20:03,1800.0,23.2,S
2021-06-16T11:20:01,1900.0,23.25,B
2021-06-16T11:19:39,1000.0,23.2,S
2021-06-16T11:19:19,300.0,23.2,S
2021-06-16T11:19:19,1500.0,23.2,S
2021-06-16T11:19:18,600.0,23.2,S
2021-06-16T11:19:18,600.0,23.2,S
2021-06-16T11:19:06,500.0,23.2,S
2021-06-16T11:18:23,1000.0,23.2,S
2021-06-16T11:18:19,1000.0,23.2,S
2021-06-16T11:18:14,2000.0,23.25,B
2021-06-16T11:17:42,2000.0,23.2,S
2021-06-16T11:17:10,300.0,23.2,S
2021-06-16T11:17:00,100.0,23.25,B
2021-06-16T11:16:58,100.0,23.25,B
2021-06-16T11:16:58,2000.0,23.25,B
2021-06-16T11:16:36,5200.0,23.25,B
2021-06-16T11:15:54,500.0,23.3,B
2021-06-16T11:15:48,200.0,23.3,B
2021-06-16T11:15:45,800.0,23.3,S
2021-06-16T11:15:36,300.0,23.3,S
2021-06-16T11:15:36,900.0,23.3,S
2021-06-16T11:15:16,1000.0,23.3,S
2021-06-16T11:15:11,200.0,23.35,B
2021-06-16T11:15:03,1000.0,23.35,B
2021-06-16T11:15:00,10000.0,23.3,S
2021-06-16T11:14:56,200.0,23.35,B
2021-06-16T11:14:55,1800.0,23.35,B
2021-06-16T11:14:52,1000.0,23.35,B
2021-06-16T11:14:52,100.0,23.35,B
2021-06-16T11:14:52,100.0,23.35,B
2021-06-16T11:14:49,100.0,23.35,B
2021-06-16T11:14:39,2200.0,23.35,S
2021-06-16T11:14:29,100.0,23.35,S
2021-06-16T11:14:25,200.0,23.35,S
2021-06-16T11:14:21,400.0,23.35,S
2021-06-16T11:14:19,20000.0,23.35,S
2021-06-16T11:14:09,500.0,23.35,S
2021-06-16T11:14:01,200.0,23.35,S
2021-06-16T11:14:00,5500.0,23.4,B
2021-06-16T11:13:54,20000.0,23.35,S
2021-06-16T11:13:51,300.0,23.35,S
2021-06-16T11:13:40,1000.0,23.35,S
2021-06-16T11:13:36,1000.0,23.35,S
2021-06-16T11:13:35,2000.0,23.35,S
2021-06-16T11:13:29,17000.0,23.35,S
2021-06-16T11:13:12,200.0,23.35,S
2021-06-16T11:13:11,400.0,23.35,S
2021-06-16T11:13:11,400.0,23.35,S
2021-06-16T11:13:03,300.0,23.35,S
2021-06-16T11:12:48,100.0,23.35,S
2021-06-16T11:12:45,700.0,23.4,B
2021-06-16T11:12:45,2300.0,23.4,B
2021-06-16T11:12:26,500.0,23.35,S
2021-06-16T11:12:19,900.0,23.4,B
2021-06-16T11:12:14,300.0,23.4,B
2021-06-16T11:12:08,1000.0,23.4,B
2021-06-16T11:11:55,2000.0,23.35,S
2021-06-16T11:11:48,4000.0,23.35,S
2021-06-16T11:11:41,3700.0,23.4,B
2021-06-16T11:11:32,10000.0,23.4,B
2021-06-16T11:11:29,1500.0,23.4,B
2021-06-16T11:11:20,2000.0,23.4,B
2021-06-16T11:11:07,100.0,23.4,B
2021-06-16T11:10:59,800.0,23.4,B
2021-06-16T11:10:59,10600.0,23.4,B
2021-06-16T11:10:59,400.0,23.4,B
2021-06-16T11:10:59,2500.0,23.4,B
2021-06-16T11:10:59,2900.0,23.4,B
2021-06-16T11:10:59,1000.0,23.4,B
2021-06-16T11:10:58,1800.0,23.4,B
2021-06-16T11:10:55,2000.0,23.4,B
2021-06-16T11:10:53,200.0,23.4,B
2021-06-16T11:10:53,600.0,23.4,B
2021-06-16T11:10:51,200.0,23.4,B
2021-06-16T11:10:50,1500.0,23.4,B
2021-06-16T11:10:46,2700.0,23.4,B
2021-06-16T11:10:46,2300.0,23.4,B
2021-06-16T11:10:35,1100.0,23.4,B
2021-06-16T11:10:22,4000.0,23.4,B
2021-06-16T11:10:20,1000.0,23.35,S
2021-06-16T11:10:13,500.0,23.4,B
2021-06-16T11:09:40,2000.0,23.4,B
2021-06-16T11:09:37,500.0,23.35,S
2021-06-16T11:09:36,200.0,23.4,B
2021-06-16T11:09:27,1000.0,23.35,S
2021-06-16T11:09:22,1000.0,23.4,B
2021-06-16T11:09:12,200.0,23.35,S
2021-06-16T11:09:09,3700.0,23.4,B
2021-06-16T11:09:09,300.0,23.4,B
2021-06-16T11:09:09,3200.0,23.4,B
2021-06-16T11:09:09,39700.0,23.4,B
2021-06-16T11:09:09,100.0,23.35,B
2021-06-16T11:09:09,1500.0,23.35,B
2021-06-16T11:09:09,7500.0,23.35,B
2021-06-16T11:09:02,1400.0,23.3,B
2021-06-16T11:08:55,800.0,23.25,S
2021-06-16T11:08:50,500.0,23.3,B
2021-06-16T11:08:46,5000.0,23.3,B
2021-06-16T11:08:43,1600.0,23.3,B
2021-06-16T11:08:43,3400.0,23.3,B
2021-06-16T11:08:42,4000.0,23.3,B
2021-06-16T11:08:37,6000.0,23.3,B
2021-06-16T11:08:11,500.0,23.3,B
2021-06-16T11:08:07,3900.0,23.3,B
2021-06-16T11:07:55,1000.0,23.25,S
2021-06-16T11:07:55,5500.0,23.3,B
2021-06-16T11:07:36,1000.0,23.3,B
2021-06-16T11:07:28,500.0,23.3,B
2021-06-16T11:07:18,500.0,23.25,S
2021-06-16T11:07:04,200.0,23.3,B
2021-06-16T11:06:41,600.0,23.25,S
2021-06-16T11:06:19,500.0,23.25,S
2021-06-16T11:06:00,7200.0,23.25,B
2021-06-16T11:05:50,200.0,23.2,S
2021-06-16T11:05:40,1000.0,23.2,B
2021-06-16T11:05:40,100.0,23.2,B
2021-06-16T11:05:40,6500.0,23.2,B
2021-06-16T11:05:26,200.0,23.2,B
2021-06-16T11:05:25,2600.0,23.2,B
2021-06-16T11:05:14,600.0,23.15,S
2021-06-16T11:05:05,2000.0,23.2,B
2021-06-16T11:04:50,2000.0,23.2,B
2021-06-16T11:04:46,300.0,23.2,B
2021-06-16T11:04:27,400.0,23.2,B
2021-06-16T11:04:20,300.0,23.15,S
2021-06-16T11:04:12,1500.0,23.2,B
2021-06-16T11:04:10,800.0,23.15,S
2021-06-16T11:04:06,15500.0,23.15,B
2021-06-16T11:03:59,3000.0,23.15,B
2021-06-16T11:03:58,500.0,23.15,B
2021-06-16T11:03:55,100.0,23.15,B
2021-06-16T11:03:51,200.0,23.1,S
2021-06-16T11:03:48,200.0,23.15,B
2021-06-16T11:03:41,100.0,23.1,S
2021-06-16T11:03:41,1000.0,23.1,S
2021-06-16T11:03:16,100.0,23.15,B
2021-06-16T11:03:02,500.0,23.15,B
2021-06-16T11:02:46,1700.0,23.15,B
2021-06-16T11:02:34,2000.0,23.1,S
2021-06-16T11:02:34,8000.0,23.1,S
2021-06-16T11:02:21,4700.0,23.1,S
2021-06-16T11:02:21,1300.0,23.1,S
2021-06-16T11:01:50,100.0,23.1,S
2021-06-16T11:01:50,2500.0,23.1,S
2021-06-16T11:01:41,100.0,23.1,S
2021-06-16T11:01:35,1500.0,23.1,S
2021-06-16T11:01:23,500.0,23.15,B
2021-06-16T11:01:11,5000.0,23.1,S
2021-06-16T11:00:58,5000.0,23.1,S
2021-06-16T11:00:58,400.0,23.1,S
2021-06-16T11:00:58,200.0,23.1,S
2021-06-16T11:00:58,14400.0,23.1,S
2021-06-16T11:00:52,1000.0,23.1,S
2021-06-16T11:00:48,1000.0,23.15,S
2021-06-16T11:00:38,100.0,23.1,S
2021-06-16T11:00:19,400.0,23.1,S
2021-06-16T11:00:15,100.0,23.1,S
2021-06-16T11:00:10,100.0,23.1,S
2021-06-16T11:00:04,500.0,23.2,B
2021-06-16T11:00:00,2000.0,23.2,B
2021-06-16T10:59:49,100.0,23.2,B
2021-06-16T10:59:36,10000.0,23.1,S
2021-06-16T10:59:31,7000.0,23.2,B
2021-06-16T10:59:30,500.0,23.2,B
2021-06-16T10:59:20,500.0,23.2,B
2021-06-16T10:59:19,300.0,23.2,B
2021-06-16T10:59:16,500.0,23.2,B
2021-06-16T10:59:09,200.0,23.2,B
2021-06-16T10:59:08,100.0,23.2,B
2021-06-16T10:59:05,1800.0,23.15,S
2021-06-16T10:59:02,100.0,23.2,B
2021-06-16T10:58:58,300.0,23.2,B
2021-06-16T10:58:57,100.0,23.2,B
2021-06-16T10:58:48,10000.0,23.2,B
2021-06-16T10:58:46,100.0,23.2,B
2021-06-16T10:58:44,200.0,23.2,B
2021-06-16T10:58:42,100.0,23.2,B
2021-06-16T10:58:40,1000.0,23.2,B
2021-06-16T10:58:38,100.0,23.2,B
2021-06-16T10:58:37,2400.0,23.2,B
2021-06-16T10:58:30,500.0,23.2,B
2021-06-16T10:58:27,100.0,23.2,B
2021-06-16T10:58:26,1000.0,23.2,B
2021-06-16T10:58:24,1000.0,23.2,B
2021-06-16T10:58:23,1800.0,23.2,B
2021-06-16T10:58:21,5000.0,23.2,S
2021-06-16T10:58:19,300.0,23.25,B
2021-06-16T10:58:18,5000.0,23.2,S
2021-06-16T10:58:18,3400.0,23.2,S
2021-06-16T10:58:18,600.0,23.2,S
2021-06-16T10:58:17,20800.0,23.2,S
2021-06-16T10:58:17,4000.0,23.25,B
2021-06-16T10:58:12,1300.0,23.2,S
2021-06-16T10:58:10,10000.0,23.2,S
2021-06-16T10:58:10,500.0,23.2,S
2021-06-16T10:58:08,20000.0,23.25,B
2021-06-16T10:58:08,1000.0,23.25,B
2021-06-16T10:58:05,3300.0,23.2,S
2021-06-16T10:57:58,300.0,23.25,B
2021-06-16T10:57:46,400.0,23.25,S
2021-06-16T10:57:37,500.0,23.3,B
2021-06-16T10:57:35,1200.0,23.3,B
2021-06-16T10:57:35,27200.0,23.2,S
2021-06-16T10:57:33,1000.0,23.25,S
2021-06-16T10:57:33,1200.0,23.25,S
2021-06-16T10:57:33,600.0,23.25,S
2021-06-16T10:57:33,1600.0,23.25,S
2021-06-16T10:57:32,1500.0,23.25,S
2021-06-16T10:57:25,200.0,23.25,S
2021-06-16T10:57:18,10000.0,23.25,S
2021-06-16T10:57:15,1000.0,23.25,S
2021-06-16T10:57:08,100.0,23.3,S
2021-06-16T10:57:02,5000.0,23.3,S
2021-06-16T10:57:01,100.0,23.3,S
2021-06-16T10:57:01,100.0,23.3,S
2021-06-16T10:56:58,5000.0,23.3,S
2021-06-16T10:56:54,10700.0,23.3,S
2021-06-16T10:56:53,800.0,23.3,S
2021-06-16T10:56:51,4300.0,23.3,S
2021-06-16T10:56:51,100.0,23.3,S
2021-06-16T10:56:51,600.0,23.3,S
2021-06-16T10:56:51,600.0,23.3,S
2021-06-16T10:56:51,4400.0,23.3,S
2021-06-16T10:56:38,28100.0,23.3,S
2021-06-16T10:56:38,2000.0,23.3,S
2021-06-16T10:56:35,1000.0,23.3,S
2021-06-16T10:56:35,4000.0,23.3,S
2021-06-16T10:56:35,5000.0,23.35,S
2021-06-16T10:56:35,300.0,23.35,S
2021-06-16T10:56:35,100.0,23.35,S
2021-06-16T10:56:35,2500.0,23.35,S
2021-06-16T10:56:33,100.0,23.35,S
2021-06-16T10:56:32,3000.0,23.35,S
2021-06-16T10:56:25,100.0,23.4,B
2021-06-16T10:56:25,300.0,23.35,S
2021-06-16T10:56:24,3400.0,23.35,S
2021-06-16T10:56:24,1000.0,23.35,S
2021-06-16T10:56:24,5600.0,23.35,S
2021-06-16T10:56:15,2000.0,23.35,S
2021-06-16T10:56:12,1000.0,23.4,B
2021-06-16T10:56:06,3900.0,23.4,B
2021-06-16T10:56:05,1000.0,23.4,B
2021-06-16T10:56:00,200.0,23.4,B
2021-06-16T10:55:58,300.0,23.4,B
2021-06-16T10:55:54,100.0,23.4,B
2021-06-16T10:55:49,1000.0,23.4,S
2021-06-16T10:55:43,4600.0,23.4,S
2021-06-16T10:55:43,1200.0,23.4,S
2021-06-16T10:55:43,3700.0,23.4,S
2021-06-16T10:55:43,10000.0,23.4,S
2021-06-16T10:55:43,8300.0,23.4,S
2021-06-16T10:55:43,1500.0,23.4,S
2021-06-16T10:55:42,2000.0,23.4,S
2021-06-16T10:55:39,300.0,23.4,S
2021-06-16T10:55:39,200.0,23.4,S
2021-06-16T10:55:36,10000.0,23.4,S
2021-06-16T10:55:35,500.0,23.4,S
2021-06-16T10:55:35,200.0,23.45,B
2021-06-16T10:55:30,100.0,23.4,S
2021-06-16T10:55:25,200.0,23.4,S
2021-06-16T10:55:24,13100.0,23.45,B
2021-06-16T10:55:24,3000.0,23.4,S
2021-06-16T10:55:24,500.0,23.4,S
2021-06-16T10:55:17,100.0,23.4,S
2021-06-16T10:55:10,1000.0,23.4,S
2021-06-16T10:54:58,500.0,23.4,S
2021-06-16T10:54:55,2500.0,23.45,B
2021-06-16T10:54:48,17200.0,23.4,S
2021-06-16T10:54:48,3000.0,23.4,S
2021-06-16T10:54:48,500.0,23.4,S
2021-06-16T10:54:48,1100.0,23.4,S
2021-06-16T10:54:48,3500.0,23.4,S
2021-06-16T10:54:48,1200.0,23.4,S
2021-06-16T10:54:48,7200.0,23.4,S
2021-06-16T10:54:48,2300.0,23.4,S
2021-06-16T10:54:45,200.0,23.45,B
2021-06-16T10:54:43,100.0,23.4,S
2021-06-16T10:54:42,2800.0,23.45,B
2021-06-16T10:54:30,100.0,23.4,S
2021-06-16T10:54:30,2000.0,23.4,S
2021-06-16T10:54:29,200.0,23.4,S
2021-06-16T10:54:28,200.0,23.4,S
2021-06-16T10:54:25,6000.0,23.45,B
2021-06-16T10:54:22,200.0,23.4,S
2021-06-16T10:54:18,5300.0,23.4,S
2021-06-16T10:54:17,500.0,23.4,S
2021-06-16T10:54:14,25000.0,23.4,B
2021-06-16T10:54:03,15000.0,23.4,B
2021-06-16T10:53:59,200.0,23.4,B
2021-06-16T10:53:59,500.0,23.4,B
2021-06-16T10:53:58,1100.0,23.4,B
2021-06-16T10:53:58,500.0,23.4,B
2021-06-16T10:53:58,500.0,23.4,B
2021-06-16T10:53:58,1500.0,23.4,B
2021-06-16T10:53:58,500.0,23.4,B
2021-06-16T10:53:58,4000.0,23.4,B
2021-06-16T10:53:58,500.0,23.4,B
2021-06-16T10:53:58,5300.0,23.4,B
2021-06-16T10:53:58,200.0,23.4,B
2021-06-16T10:53:58,11200.0,23.4,B
2021-06-16T10:53:58,14700.0,23.4,B
2021-06-16T10:53:58,6000.0,23.4,B
2021-06-16T10:53:58,1000.0,23.4,B
2021-06-16T10:53:58,9600.0,23.4,B
2021-06-16T10:53:58,11400.0,23.4,B
2021-06-16T10:53:57,2100.0,23.4,B
2021-06-16T10:53:57,5900.0,23.4,B
2021-06-16T10:53:57,300.0,23.4,B
2021-06-16T10:53:57,200.0,23.4,B
2021-06-16T10:53:57,800.0,23.4,B
2021-06-16T10:53:57,1800.0,23.4,B
2021-06-16T10:53:57,1300.0,23.4,B
2021-06-16T10:53:56,1000.0,23.4,B
2021-06-16T10:53:53,2000.0,23.35,S
2021-06-16T10:53:53,3000.0,23.35,S
2021-06-16T10:53:52,200.0,23.4,B
2021-06-16T10:53:45,300.0,23.4,B
2021-06-16T10:53:43,300.0,23.4,B
2021-06-16T10:53:43,900.0,23.4,B
2021-06-16T10:53:43,1100.0,23.4,B
2021-06-16T10:53:43,1400.0,23.4,B
2021-06-16T10:53:43,1600.0,23.4,B
2021-06-16T10:53:41,100.0,23.4,B
2021-06-16T10:53:37,1400.0,23.4,B
2021-06-16T10:53:32,3000.0,23.4,B
2021-06-16T10:53:31,5000.0,23.35,S
2021-06-16T10:53:26,1200.0,23.4,B
2021-06-16T10:53:26,11500.0,23.4,B
2021-06-16T10:53:21,5500.0,23.4,B
2021-06-16T10:53:21,2800.0,23.4,B
2021-06-16T10:53:21,1100.0,23.4,B
2021-06-16T10:53:20,9600.0,23.4,B
2021-06-16T10:53:18,6500.0,23.4,B
2021-06-16T10:53:17,100.0,23.4,B
2021-06-16T10:53:14,1000.0,23.35,S
2021-06-16T10:53:12,5000.0,23.4,B
2021-06-16T10:53:12,1000.0,23.35,S
2021-06-16T10:53:04,200.0,23.4,B
2021-06-16T10:53:02,1000.0,23.4,B
2021-06-16T10:52:58,5000.0,23.35,S
2021-06-16T10:52:57,1100.0,23.4,B
2021-06-16T10:52:55,3000.0,23.4,B
2021-06-16T10:52:54,100.0,23.35,S
2021-06-16T10:52:47,2000.0,23.4,B
2021-06-16T10:52:42,100.0,23.35,S
2021-06-16T10:52:32,500.0,23.35,S
2021-06-16T10:52:27,2500.0,23.4,B
2021-06-16T10:52:23,3300.0,23.35,B
2021-06-16T10:52:10,1000.0,23.35,B
2021-06-16T10:52:10,500.0,23.35,B
2021-06-16T10:52:08,2000.0,23.35,B
2021-06-16T10:52:00,1700.0,23.35,B
2021-06-16T10:52:00,1000.0,23.35,B
2021-06-16T10:51:57,200.0,23.35,B
2021-06-16T10:51:56,3600.0,23.35,B
2021-06-16T10:51:55,3500.0,23.35,B
2021-06-16T10:51:52,1000.0,23.3,S
2021-06-16T10:51:44,3000.0,23.35,B
2021-06-16T10:51:44,1400.0,23.4,B
2021-06-16T10:51:44,500.0,23.4,B
2021-06-16T10:51:44,5500.0,23.4,B
2021-06-16T10:51:44,10500.0,23.4,B
2021-06-16T10:51:44,1500.0,23.4,B
2021-06-16T10:51:44,600.0,23.4,B
2021-06-16T10:51:44,6400.0,23.4,B
2021-06-16T10:51:44,4300.0,23.4,B
2021-06-16T10:51:44,200.0,23.4,B
2021-06-16T10:51:44,5200.0,23.4,B
2021-06-16T10:51:44,5900.0,23.4,B
2021-06-16T10:51:44,500.0,23.4,B
2021-06-16T10:51:44,3600.0,23.4,B
2021-06-16T10:51:44,1500.0,23.4,B
2021-06-16T10:51:44,200.0,23.4,B
2021-06-16T10:51:44,400.0,23.35,B
2021-06-16T10:51:43,10500.0,23.35,B
2021-06-16T10:51:43,100.0,23.35,B
2021-06-16T10:51:43,300.0,23.35,B
2021-06-16T10:51:43,2400.0,23.35,B
2021-06-16T10:51:43,1200.0,23.35,B
2021-06-16T10:51:43,7000.0,23.35,B
2021-06-16T10:51:43,800.0,23.35,B
2021-06-16T10:51:43,1400.0,23.35,B
2021-06-16T10:51:43,500.0,23.35,B
2021-06-16T10:51:43,21600.0,23.35,B
2021-06-16T10:51:41,500.0,23.3,S
2021-06-16T10:51:41,7000.0,23.3,S
2021-06-16T10:51:36,200.0,23.35,B
2021-06-16T10:51:36,1000.0,23.35,B
2021-06-16T10:51:36,5000.0,23.3,S
2021-06-16T10:51:35,1000.0,23.35,B
2021-06-16T10:51:32,100.0,23.3,S
2021-06-16T10:51:32,500.0,23.35,B
2021-06-16T10:51:24,2000.0,23.35,B
2021-06-16T10:51:04,10000.0,23.3,S
2021-06-16T10:50:53,500.0,23.3,S
2021-06-16T10:50:51,4000.0,23.35,B
2021-06-16T10:50:51,300.0,23.35,B
2021-06-16T10:50:51,5000.0,23.35,B
2021-06-16T10:50:50,300.0,23.35,B
2021-06-16T10:50:40,1000.0,23.3,S
2021-06-16T10:50:37,2000.0,23.35,B
2021-06-16T10:50:32,100.0,23.3,S
2021-06-16T10:50:28,12300.0,23.35,B
2021-06-16T10:50:28,700.0,23.35,B
2021-06-16T10:50:28,7000.0,23.35,B
2021-06-16T10:50:27,1200.0,23.35,B
2021-06-16T10:50:26,1000.0,23.3,B
2021-06-16T10:50:24,2000.0,23.35,B
2021-06-16T10:50:24,100.0,23.3,B
2021-06-16T10:50:21,200.0,23.3,B
2021-06-16T10:50:19,4000.0,23.3,B
2021-06-16T10:50:14,5000.0,23.25,S
2021-06-16T10:50:10,5300.0,23.3,B
2021-06-16T10:50:10,4000.0,23.3,B
2021-06-16T10:50:08,200.0,23.3,B
2021-06-16T10:50:08,6000.0,23.3,B
2021-06-16T10:50:04,800.0,23.3,B
2021-06-16T10:50:04,1000.0,23.3,B
2021-06-16T10:50:03,1000.0,23.3,B
2021-06-16T10:50:02,700.0,23.3,B
2021-06-16T10:50:01,1000.0,23.3,B
2021-06-16T10:50:01,2000.0,23.3,B
2021-06-16T10:49:59,400.0,23.3,B
2021-06-16T10:49:59,1000.0,23.3,B
2021-06-16T10:49:59,1000.0,23.3,B
2021-06-16T10:49:59,24100.0,23.3,B
2021-06-16T10:49:59,1100.0,23.3,B
2021-06-16T10:49:59,500.0,23.3,B
2021-06-16T10:49:59,39600.0,23.3,B
2021-06-16T10:49:59,16400.0,23.3,B
2021-06-16T10:49:58,1000.0,23.3,B
2021-06-16T10:49:58,300.0,23.3,B
2021-06-16T10:49:58,600.0,23.3,B
2021-06-16T10:49:58,2200.0,23.3,B
2021-06-16T10:49:57,22800.0,23.3,B
2021-06-16T10:49:56,2800.0,23.3,B
2021-06-16T10:49:56,2000.0,23.25,S
2021-06-16T10:49:55,10000.0,23.3,B
2021-06-16T10:49:54,10000.0,23.3,B
2021-06-16T10:49:54,6900.0,23.3,B
2021-06-16T10:49:54,1500.0,23.3,B
2021-06-16T10:49:49,5000.0,23.3,B
2021-06-16T10:49:38,300.0,23.3,B
2021-06-16T10:49:33,500.0,23.3,B
2021-06-16T10:49:32,1000.0,23.3,B
2021-06-16T10:49:28,12300.0,23.3,B
2021-06-16T10:49:28,500.0,23.3,B
2021-06-16T10:49:28,17200.0,23.3,B
2021-06-16T10:49:27,400.0,23.3,B
2021-06-16T10:49:25,100.0,23.3,B
2021-06-16T10:49:23,1000.0,23.25,S
2021-06-16T10:49:18,3000.0,23.3,B
2021-06-16T10:49:17,200.0,23.3,B
2021-06-16T10:49:16,1000.0,23.3,B
2021-06-16T10:49:14,3000.0,23.3,B
2021-06-16T10:49:06,1000.0,23.25,S
2021-06-16T10:49:06,1000.0,23.25,S
2021-06-16T10:49:04,100.0,23.3,B
2021-06-16T10:48:58,28300.0,23.3,B
2021-06-16T10:48:58,7100.0,23.3,B
2021-06-16T10:48:58,7300.0,23.3,B
2021-06-16T10:48:58,100.0,23.3,B
2021-06-16T10:48:57,1400.0,23.3,B
2021-06-16T10:48:57,4800.0,23.3,B
2021-06-16T10:48:56,600.0,23.3,B
2021-06-16T10:48:53,100.0,23.3,B
2021-06-16T10:48:47,200.0,23.25,B
2021-06-16T10:48:34,5000.0,23.3,B
2021-06-16T10:48:25,100.0,23.25,B
2021-06-16T10:48:15,4400.0,23.25,B
2021-06-16T10:48:14,10000.0,23.25,B
2021-06-16T10:48:13,100.0,23.25,B
2021-06-16T10:48:11,41200.0,23.25,B
2021-06-16T10:48:10,900.0,23.25,B
2021-06-16T10:48:08,4800.0,23.25,B
2021-06-16T10:48:06,500.0,23.25,B
2021-06-16T10:48:06,100.0,23.2,S
2021-06-16T10:47:49,7000.0,23.25,B
2021-06-16T10:47:47,23100.0,23.2,B
2021-06-16T10:47:47,1400.0,23.2,B
2021-06-16T10:47:45,500.0,23.2,B
2021-06-16T10:47:44,300.0,23.2,B
2021-06-16T10:47:43,2300.0,23.2,B
2021-06-16T10:47:42,1000.0,23.2,B
2021-06-16T10:47:41,100.0,23.2,B
2021-06-16T10:47:37,100.0,23.2,B
2021-06-16T10:47:36,1000.0,23.2,B
2021-06-16T10:47:35,2000.0,23.15,S
2021-06-16T10:47:35,2100.0,23.2,B
2021-06-16T10:47:33,600.0,23.2,B
2021-06-16T10:47:32,100.0,23.2,B
2021-06-16T10:47:21,700.0,23.2,B
2021-06-16T10:47:19,600.0,23.2,B
2021-06-16T10:47:19,3200.0,23.2,B
2021-06-16T10:47:16,200.0,23.15,S
2021-06-16T10:46:57,1800.0,23.2,B
2021-06-16T10:46:57,1200.0,23.2,B
2021-06-16T10:46:57,19000.0,23.2,B
2021-06-16T10:46:53,5000.0,23.2,B
2021-06-16T10:46:52,200.0,23.2,B
2021-06-16T10:46:52,100.0,23.15,B
2021-06-16T10:46:46,200.0,23.15,B
2021-06-16T10:46:44,1300.0,23.15,B
2021-06-16T10:46:43,1700.0,23.15,B
2021-06-16T10:46:37,300.0,23.15,B
2021-06-16T10:46:32,500.0,23.15,B
2021-06-16T10:46:30,3000.0,23.15,B
2021-06-16T10:46:21,1300.0,23.1,B
2021-06-16T10:46:20,3200.0,23.15,B
2021-06-16T10:46:13,200.0,23.15,B
2021-06-16T10:46:09,100.0,23.1,B
2021-06-16T10:46:08,200.0,23.1,B
2021-06-16T10:46:08,500.0,23.1,B
2021-06-16T10:46:08,1100.0,23.1,B
2021-06-16T10:46:08,3700.0,23.1,B
2021-06-16T10:46:08,2000.0,23.1,B
2021-06-16T10:46:08,8700.0,23.1,B
2021-06-16T10:46:08,6100.0,23.1,B
2021-06-16T10:46:08,2500.0,23.1,B
2021-06-16T10:46:08,20000.0,23.1,B
2021-06-16T10:45:49,200.0,23.05,B
2021-06-16T10:45:47,1000.0,23.1,B
2021-06-16T10:45:45,17600.0,23.1,B
2021-06-16T10:45:45,5000.0,23.1,B
2021-06-16T10:45:45,2000.0,23.1,B
2021-06-16T10:45:45,2000.0,23.1,B
2021-06-16T10:45:45,2000.0,23.1,B
2021-06-16T10:45:45,2500.0,23.1,B
2021-06-16T10:45:45,10100.0,23.1,B
2021-06-16T10:45:45,1500.0,23.1,B
2021-06-16T10:45:45,2100.0,23.1,B
2021-06-16T10:45:44,5200.0,23.1,B
2021-06-16T10:45:43,4600.0,23.05,B
2021-06-16T10:45:43,5000.0,23.05,B
2021-06-16T10:45:40,5000.0,23.05,B
2021-06-16T10:45:36,200.0,23.0,B
2021-06-16T10:45:35,300.0,23.0,B
2021-06-16T10:45:34,800.0,23.0,B
2021-06-16T10:45:34,500.0,23.05,B
2021-06-16T10:45:33,300.0,23.05,B
2021-06-16T10:45:33,200.0,23.05,B
2021-06-16T10:45:27,1000.0,23.05,B
2021-06-16T10:45:27,100.0,23.05,B
2021-06-16T10:45:17,10000.0,23.05,B
2021-06-16T10:45:16,1000.0,23.05,B
2021-06-16T10:44:57,300.0,23.05,B
2021-06-16T10:44:56,1000.0,23.0,B
2021-06-16T10:44:54,100.0,23.0,B
2021-06-16T10:44:47,100.0,23.0,B
2021-06-16T10:44:33,500.0,23.0,B
2021-06-16T10:44:31,1000.0,23.0,B
2021-06-16T10:44:27,100.0,23.0,B
2021-06-16T10:44:26,5900.0,23.0,B
2021-06-16T10:44:25,200.0,23.0,B
2021-06-16T10:44:16,4900.0,23.0,B
2021-06-16T10:44:15,1000.0,23.0,B
2021-06-16T10:44:15,2000.0,23.0,B
2021-06-16T10:44:14,1000.0,22.95,B
2021-06-16T10:44:14,300.0,23.0,B
2021-06-16T10:44:12,700.0,23.0,B
2021-06-16T10:44:10,2400.0,23.0,B
2021-06-16T10:44:10,4400.0,23.0,B
2021-06-16T10:44:10,1200.0,23.0,B
2021-06-16T10:44:10,6000.0,23.0,B
2021-06-16T10:44:10,1500.0,23.0,B
2021-06-16T10:44:10,400.0,23.0,B
2021-06-16T10:44:10,17100.0,23.0,B
2021-06-16T10:44:08,2000.0,23.0,B
2021-06-16T10:44:07,22700.0,23.0,B
2021-06-16T10:44:07,27300.0,23.0,B
2021-06-16T10:44:07,400.0,22.95,B
2021-06-16T10:44:06,1000.0,22.95,B
2021-06-16T10:44:02,40000.0,23.0,B
2021-06-16T10:43:40,20100.0,23.0,B
2021-06-16T10:43:40,100.0,23.0,B
2021-06-16T10:43:40,1000.0,23.0,B
2021-06-16T10:43:40,3900.0,23.0,B
2021-06-16T10:43:40,500.0,23.0,B
2021-06-16T10:43:40,24400.0,23.0,B
2021-06-16T10:43:37,1000.0,22.95,B
2021-06-16T10:43:33,1000.0,22.95,B
2021-06-16T10:43:16,3000.0,22.95,B
2021-06-16T10:43:06,200.0,22.95,B
2021-06-16T10:43:05,1000.0,22.95,B
2021-06-16T10:42:59,3600.0,23.0,B
2021-06-16T10:42:59,2300.0,23.0,B
2021-06-16T10:42:59,1000.0,23.0,B
2021-06-16T10:42:59,3100.0,23.0,B
2021-06-16T10:42:59,200.0,23.0,B
2021-06-16T10:42:59,200.0,23.0,B
2021-06-16T10:42:59,1000.0,23.0,B
2021-06-16T10:42:59,200.0,23.0,B
2021-06-16T10:42:58,9500.0,23.0,B
2021-06-16T10:42:58,11700.0,23.0,B
2021-06-16T10:42:58,13000.0,23.0,B
2021-06-16T10:42:58,500.0,23.0,B
2021-06-16T10:42:49,900.0,22.95,B
2021-06-16T10:42:35,200.0,22.95,B
2021-06-16T10:42:33,50000.0,23.0,B
2021-06-16T10:42:30,200.0,22.95,B
2021-06-16T10:42:30,9200.0,22.95,B
2021-06-16T10:42:26,500.0,22.95,B
2021-06-16T10:42:13,500.0,22.95,B
2021-06-16T10:42:04,3000.0,22.9,S
2021-06-16T10:42:01,100.0,22.95,B
2021-06-16T10:41:49,5000.0,22.95,B
2021-06-16T10:41:49,8600.0,22.95,B
2021-06-16T10:41:49,100.0,22.95,B
2021-06-16T10:41:49,1300.0,22.95,B
2021-06-16T10:41:47,800.0,22.95,B
2021-06-16T10:41:39,500.0,22.9,S
2021-06-16T10:41:18,2000.0,22.95,B
2021-06-16T10:41:12,2000.0,22.95,B
2021-06-16T10:41:08,9400.0,22.95,B
2021-06-16T10:41:08,600.0,22.95,B
2021-06-16T10:41:05,100.0,22.95,B
2021-06-16T10:41:03,500.0,22.9,S
2021-06-16T10:40:58,100.0,22.9,S
2021-06-16T10:40:52,100.0,22.9,S
2021-06-16T10:40:49,2400.0,22.9,S
2021-06-16T10:40:49,2600.0,22.9,S
2021-06-16T10:40:49,100.0,22.95,B
2021-06-16T10:40:49,1000.0,22.95,B
2021-06-16T10:40:45,9400.0,22.95,B
2021-06-16T10:40:45,600.0,22.95,B
2021-06-16T10:40:44,8400.0,22.9,S
2021-06-16T10:40:40,300.0,22.95,B
2021-06-16T10:40:39,200.0,22.9,S
2021-06-16T10:40:21,4000.0,22.9,S
2021-06-16T10:40:20,1000.0,22.95,B
2021-06-16T10:40:15,1800.0,22.9,S
2021-06-16T10:40:08,500.0,22.9,S
2021-06-16T10:39:52,1000.0,22.9,S
2021-06-16T10:39:46,6500.0,22.9,S
2021-06-16T10:39:44,2000.0,22.95,B
2021-06-16T10:39:17,2000.0,22.9,S
2021-06-16T10:39:14,5000.0,22.95,B
2021-06-16T10:39:10,10000.0,22.95,B
2021-06-16T10:39:04,500.0,22.9,S
2021-06-16T10:38:52,2900.0,22.95,B
2021-06-16T10:38:49,1600.0,22.9,S
2021-06-16T10:38:49,900.0,22.9,S
2021-06-16T10:38:49,2500.0,22.9,S
2021-06-16T10:38:48,14000.0,22.9,S
2021-06-16T10:38:45,3000.0,22.9,S
2021-06-16T10:38:42,3100.0,22.9,S
2021-06-16T10:38:42,10500.0,22.95,B
2021-06-16T10:38:41,9000.0,22.95,B
2021-06-16T10:38:35,1500.0,22.95,B
2021-06-16T10:38:35,2000.0,22.95,B
2021-06-16T10:38:27,6000.0,22.95,B
2021-06-16T10:38:24,800.0,22.9,S
2021-06-16T10:38:24,1200.0,22.9,S
2021-06-16T10:38:23,600.0,22.95,B
2021-06-16T10:38:19,1500.0,22.9,S
2021-06-16T10:38:17,100.0,22.9,S
2021-06-16T10:38:16,100.0,22.95,B
2021-06-16T10:38:13,10000.0,22.9,S
2021-06-16T10:38:08,9600.0,22.95,B
2021-06-16T10:37:59,10400.0,22.95,B
2021-06-16T10:37:54,2000.0,22.9,S
2021-06-16T10:37:51,5000.0,22.9,S
2021-06-16T10:37:49,2600.0,22.95,B
2021-06-16T10:37:46,3000.0,22.95,B
2021-06-16T10:37:46,500.0,22.9,S
2021-06-16T10:37:44,2000.0,22.9,S
2021-06-16T10:37:26,5000.0,22.95,B
2021-06-16T10:37:22,20000.0,22.9,S
2021-06-16T10:37:19,100.0,22.95,B
2021-06-16T10:37:09,100.0,22.95,B
2021-06-16T10:37:02,500.0,22.95,B
2021-06-16T10:36:49,500.0,22.95,B
2021-06-16T10:36:49,100.0,22.9,S
2021-06-16T10:36:47,1000.0,22.9,S
2021-06-16T10:36:40,300.0,22.95,B
2021-06-16T10:36:28,300.0,22.9,S
2021-06-16T10:36:27,1000.0,22.95,B
2021-06-16T10:36:26,10000.0,22.9,S
2021-06-16T10:36:25,30000.0,22.9,S
2021-06-16T10:36:22,500.0,22.9,S
2021-06-16T10:36:21,5000.0,22.95,B
2021-06-16T10:36:13,500.0,22.95,B
2021-06-16T10:36:12,200.0,22.95,B
2021-06-16T10:36:11,100.0,22.95,B
2021-06-16T10:36:10,100.0,22.95,B
2021-06-16T10:36:01,1000.0,22.95,B
2021-06-16T10:35:58,1000.0,22.9,S
2021-06-16T10:35:57,200.0,22.95,B
2021-06-16T10:35:57,9700.0,22.95,B
2021-06-16T10:35:57,300.0,22.95,B
2021-06-16T10:35:47,2000.0,22.9,S
2021-06-16T10:35:40,4700.0,22.9,S
2021-06-16T10:35:40,15300.0,22.9,S
2021-06-16T10:35:38,200.0,22.95,B
2021-06-16T10:35:34,200.0,22.9,S
2021-06-16T10:35:25,600.0,22.95,B
2021-06-16T10:35:22,10000.0,22.9,S
2021-06-16T10:35:19,1000.0,22.95,B
2021-06-16T10:35:15,1000.0,22.9,S
2021-06-16T10:35:14,100.0,22.95,B
2021-06-16T10:35:14,3000.0,22.9,S
2021-06-16T10:35:11,500.0,22.95,B
2021-06-16T10:34:52,1000.0,22.95,B
2021-06-16T10:34:39,2000.0,22.95,B
2021-06-16T10:34:34,100.0,22.9,S
2021-06-16T10:34:32,200.0,22.95,B
2021-06-16T10:34:10,2300.0,22.95,S
2021-06-16T10:34:07,3000.0,22.95,S
2021-06-16T10:33:56,300.0,22.95,S
2021-06-16T10:33:55,500.0,22.95,S
2021-06-16T10:33:53,1000.0,22.95,S
2021-06-16T10:33:46,700.0,22.95,S
2021-06-16T10:33:45,500.0,22.95,S
2021-06-16T10:33:42,400.0,22.95,S
2021-06-16T10:33:41,500.0,22.95,S
2021-06-16T10:33:41,500.0,22.95,S
2021-06-16T10:33:38,500.0,22.95,S
2021-06-16T10:33:38,500.0,22.95,S
2021-06-16T10:33:35,100.0,22.95,S
2021-06-16T10:33:34,100.0,22.95,S
2021-06-16T10:33:33,2000.0,22.9,S
2021-06-16T10:33:25,300.0,22.95,S
2021-06-16T10:33:20,200.0,22.95,S
2021-06-16T10:33:15,500.0,22.95,S
2021-06-16T10:33:12,100.0,22.95,S
2021-06-16T10:33:12,300.0,22.95,S
2021-06-16T10:33:05,1000.0,23.0,B
2021-06-16T10:33:05,1500.0,22.95,S
2021-06-16T10:33:03,4400.0,22.95,S
2021-06-16T10:33:02,1000.0,22.95,S
2021-06-16T10:33:01,1000.0,22.9,S
2021-06-16T10:32:48,200.0,22.95,S
2021-06-16T10:32:42,500.0,22.95,S
2021-06-16T10:32:42,300.0,22.95,S
2021-06-16T10:32:42,100.0,22.95,S
2021-06-16T10:32:41,100.0,22.95,S
2021-06-16T10:32:34,2600.0,22.95,S
2021-06-16T10:32:26,2800.0,22.95,S
2021-06-16T10:32:26,1200.0,22.95,S
2021-06-16T10:32:20,500.0,22.95,S
2021-06-16T10:32:16,1000.0,23.0,B
2021-06-16T10:32:13,100.0,23.0,B
2021-06-16T10:32:01,2300.0,22.95,S
2021-06-16T10:31:55,1700.0,22.95,S
2021-06-16T10:31:55,1100.0,22.95,S
2021-06-16T10:31:54,200.0,22.95,S
2021-06-16T10:31:50,500.0,22.95,S
2021-06-16T10:31:46,1500.0,22.95,S
2021-06-16T10:31:46,500.0,22.95,S
2021-06-16T10:31:46,1100.0,22.95,S
2021-06-16T10:31:46,2300.0,22.95,S
2021-06-16T10:31:46,2100.0,22.95,S
2021-06-16T10:31:44,100.0,23.0,B
2021-06-16T10:31:41,400.0,22.95,S
2021-06-16T10:31:41,5100.0,22.95,S
2021-06-16T10:31:39,1400.0,22.95,S
2021-06-16T10:31:38,3700.0,22.95,S
2021-06-16T10:31:32,500.0,22.95,S
2021-06-16T10:31:27,500.0,23.0,B
2021-06-16T10:31:12,1000.0,23.0,B
2021-06-16T10:31:04,5000.0,23.0,B
2021-06-16T10:31:02,8300.0,22.95,S
2021-06-16T10:31:00,200.0,22.95,S
2021-06-16T10:30:38,5000.0,22.95,S
2021-06-16T10:30:33,1000.0,23.0,B
2021-06-16T10:30:28,1500.0,23.0,B
2021-06-16T10:30:14,100.0,22.95,S
2021-06-16T10:30:14,100.0,23.0,B
2021-06-16T10:30:09,200.0,23.0,B
2021-06-16T10:30:00,1000.0,22.95,S
2021-06-16T10:29:37,2000.0,23.0,B
2021-06-16T10:29:34,1000.0,23.0,B
2021-06-16T10:29:17,2600.0,23.0,B
2021-06-16T10:29:15,100.0,23.0,B
2021-06-16T10:29:03,300.0,23.0,B
2021-06-16T10:28:51,2000.0,23.0,B
2021-06-16T10:28:51,400.0,22.95,S
2021-06-16T10:28:50,100.0,23.0,B
2021-06-16T10:28:46,100.0,23.0,B
2021-06-16T10:28:42,400.0,23.0,B
2021-06-16T10:28:28,1100.0,23.0,B
2021-06-16T10:28:27,500.0,23.0,B
2021-06-16T10:28:26,100.0,22.95,S
2021-06-16T10:28:19,1000.0,23.0,B
2021-06-16T10:28:12,100.0,23.0,B
2021-06-16T10:28:12,3000.0,23.0,B
2021-06-16T10:28:11,1000.0,22.95,S
2021-06-16T10:27:45,5000.0,22.95,S
2021-06-16T10:27:45,30000.0,23.0,B
2021-06-16T10:27:39,100.0,23.0,B
2021-06-16T10:27:39,9900.0,23.0,B
2021-06-16T10:27:35,20000.0,22.95,S
2021-06-16T10:27:30,100.0,23.0,B
2021-06-16T10:27:28,7000.0,23.0,B
2021-06-16T10:27:28,3000.0,23.0,B
2021-06-16T10:27:16,1000.0,23.0,B
2021-06-16T10:27:16,2100.0,23.0,B
2021-06-16T10:27:16,2200.0,23.0,B
2021-06-16T10:27:16,2300.0,23.0,B
2021-06-16T10:27:16,200.0,23.0,B
2021-06-16T10:27:16,2200.0,23.0,B
2021-06-16T10:27:12,500.0,22.95,S
2021-06-16T10:27:10,800.0,23.0,B
2021-06-16T10:27:00,100.0,23.0,B
2021-06-16T10:26:57,2100.0,22.95,S
2021-06-16T10:26:56,100.0,23.0,B
2021-06-16T10:26:56,800.0,23.0,B
2021-06-16T10:26:44,11900.0,23.0,B
2021-06-16T10:26:44,3000.0,23.0,B
2021-06-16T10:26:44,1500.0,23.0,B
2021-06-16T10:26:43,5600.0,23.0,B
2021-06-16T10:26:36,1000.0,22.95,S
2021-06-16T10:26:35,500.0,23.0,B
2021-06-16T10:26:24,700.0,23.0,B
2021-06-16T10:26:23,400.0,22.95,S
2021-06-16T10:26:22,1000.0,23.0,B
2021-06-16T10:26:13,1100.0,22.95,S
2021-06-16T10:26:10,200.0,22.95,S
2021-06-16T10:26:06,100.0,23.0,S
2021-06-16T10:26:01,1000.0,22.95,S
2021-06-16T10:25:47,1000.0,22.9,S
2021-06-16T10:25:42,1000.0,23.0,S
2021-06-16T10:25:28,100.0,22.9,S
2021-06-16T10:25:28,13100.0,22.9,S
2021-06-16T10:25:28,13800.0,22.9,S
2021-06-16T10:25:25,2000.0,22.9,S
2021-06-16T10:25:24,400.0,22.9,S
2021-06-16T10:25:23,2000.0,22.85,S
2021-06-16T10:25:23,1000.0,22.9,S
2021-06-16T10:25:05,1000.0,22.9,S
2021-06-16T10:24:57,100.0,22.9,S
2021-06-16T10:24:54,500.0,22.9,S
2021-06-16T10:24:50,1000.0,22.9,S
2021-06-16T10:24:50,200.0,22.9,S
2021-06-16T10:24:45,200.0,22.9,S
2021-06-16T10:24:40,100.0,22.9,S
2021-06-16T10:24:39,200.0,22.9,S
2021-06-16T10:24:39,9800.0,22.8,S
2021-06-16T10:24:39,3000.0,22.8,S
2021-06-16T10:24:39,26400.0,22.8,S
2021-06-16T10:24:39,200.0,22.8,S
2021-06-16T10:24:39,100.0,22.8,S
2021-06-16T10:24:39,1000.0,22.8,S
2021-06-16T10:24:39,28700.0,22.8,S
2021-06-16T10:24:39,3300.0,22.8,S
2021-06-16T10:24:39,4400.0,22.8,S
2021-06-16T10:24:39,200.0,22.8,S
2021-06-16T10:24:38,300.0,22.8,S
2021-06-16T10:24:38,600.0,22.8,S
2021-06-16T10:24:38,17500.0,22.8,S
2021-06-16T10:24:31,2000.0,22.9,S
2021-06-16T10:24:24,500.0,22.9,S
2021-06-16T10:24:21,100.0,22.9,S
2021-06-16T10:24:19,5000.0,22.9,S
2021-06-16T10:24:17,200.0,22.9,S
2021-06-16T10:24:16,5000.0,22.9,S
2021-06-16T10:24:13,1200.0,22.9,S
2021-06-16T10:24:12,100.0,22.9,S
2021-06-16T10:24:09,500.0,22.9,S
2021-06-16T10:24:07,100.0,22.9,S
2021-06-16T10:24:06,2600.0,22.9,S
2021-06-16T10:24:00,2000.0,22.9,S
2021-06-16T10:23:59,1000.0,22.9,S
2021-06-16T10:23:58,1200.0,22.9,S
2021-06-16T10:23:49,2000.0,22.9,S
2021-06-16T10:23:48,400.0,22.9,S
2021-06-16T10:23:46,500.0,22.9,S
2021-06-16T10:23:45,1500.0,22.85,S
2021-06-16T10:23:45,200.0,22.85,S
2021-06-16T10:23:45,2000.0,22.85,S
2021-06-16T10:23:45,21300.0,22.85,S
2021-06-16T10:23:44,100.0,22.9,S
2021-06-16T10:23:43,1500.0,22.9,S
2021-06-16T10:23:42,2000.0,22.9,S
2021-06-16T10:23:25,1000.0,22.9,S
2021-06-16T10:23:18,100.0,22.9,S
2021-06-16T10:23:18,1000.0,22.9,S
2021-06-16T10:23:17,300.0,22.9,S
2021-06-16T10:23:13,1000.0,22.85,S
2021-06-16T10:23:12,15000.0,22.9,S
2021-06-16T10:23:11,600.0,22.9,S
2021-06-16T10:23:10,8300.0,22.9,S
2021-06-16T10:23:07,100.0,22.9,S
2021-06-16T10:23:07,200.0,22.9,S
2021-06-16T10:23:00,500.0,22.9,S
2021-06-16T10:22:52,8000.0,23.0,S
2021-06-16T10:22:52,82400.0,23.0,S
2021-06-16T10:22:52,26600.0,22.95,S
2021-06-16T10:22:48,300.0,22.9,S
2021-06-16T10:22:46,2000.0,22.9,S
2021-06-16T10:22:44,2500.0,22.85,S
2021-06-16T10:22:37,500.0,22.9,S
2021-06-16T10:22:37,1000.0,22.9,S
2021-06-16T10:22:35,100.0,22.9,S
2021-06-16T10:22:35,1900.0,22.85,S
2021-06-16T10:22:33,100.0,22.9,S
2021-06-16T10:22:30,100.0,22.9,S
2021-06-16T10:22:27,500.0,22.9,S
2021-06-16T10:22:27,1500.0,22.85,S
2021-06-16T10:22:27,18500.0,22.85,S
2021-06-16T10:22:26,100.0,22.9,S
2021-06-16T10:22:25,50000.0,22.9,S
2021-06-16T10:22:24,1000.0,22.9,S
2021-06-16T10:22:22,9100.0,22.9,S
2021-06-16T10:22:22,2000.0,22.9,S
2021-06-16T10:22:22,1300.0,22.9,S
2021-06-16T10:22:22,1600.0,22.9,S
2021-06-16T10:22:22,200.0,22.9,S
2021-06-16T10:22:21,10000.0,22.9,S
2021-06-16T10:22:18,100.0,22.95,S
2021-06-16T10:22:12,200.0,22.95,S
2021-06-16T10:22:10,300.0,22.9,S
2021-06-16T10:22:10,200.0,22.9,S
2021-06-16T10:22:10,1500.0,22.9,S
2021-06-16T10:22:06,10000.0,22.9,S
2021-06-16T10:22:03,17100.0,22.95,S
2021-06-16T10:21:59,16000.0,22.95,S
2021-06-16T10:21:50,300.0,23.0,S
2021-06-16T10:21:44,1000.0,23.0,S
2021-06-16T10:21:44,3500.0,23.0,S
2021-06-16T10:21:41,300.0,22.9,S
2021-06-16T10:21:34,700.0,23.0,S
2021-06-16T10:21:32,1200.0,22.9,S
2021-06-16T10:21:29,42400.0,22.9,S
2021-06-16T10:21:28,7300.0,22.9,S
2021-06-16T10:21:28,300.0,22.95,S
2021-06-16T10:21:27,100.0,23.0,S
2021-06-16T10:21:23,10000.0,22.9,S
2021-06-16T10:21:22,500.0,23.0,S
2021-06-16T10:21:21,5000.0,23.0,S
2021-06-16T10:21:19,1500.0,23.0,S
2021-06-16T10:21:19,2500.0,23.0,S
2021-06-16T10:21:14,10000.0,22.9,S
2021-06-16T10:21:12,100.0,23.0,S
2021-06-16T10:21:10,100.0,23.0,S
2021-06-16T10:21:09,24200.0,22.9,S
2021-06-16T10:21:09,900.0,22.9,S
2021-06-16T10:21:09,11100.0,22.9,S
2021-06-16T10:21:09,11100.0,22.9,S
2021-06-16T10:21:09,2600.0,22.9,S
2021-06-16T10:21:09,100.0,22.95,S
2021-06-16T10:21:07,100.0,23.0,S
2021-06-16T10:20:59,1000.0,23.0,S
2021-06-16T10:20:55,500.0,23.0,S
2021-06-16T10:20:53,3000.0,23.0,S
2021-06-16T10:20:44,1000.0,23.0,S
2021-06-16T10:20:32,100.0,22.9,S
2021-06-16T10:20:31,10900.0,22.9,S
2021-06-16T10:20:31,100.0,23.0,S
2021-06-16T10:20:26,1600.0,22.9,S
2021-06-16T10:20:26,8400.0,22.9,S
2021-06-16T10:20:14,300.0,23.0,S
2021-06-16T10:20:13,500.0,23.0,S
2021-06-16T10:20:11,100.0,23.0,S
2021-06-16T10:20:03,100.0,22.9,S
2021-06-16T10:20:03,4300.0,22.9,S
2021-06-16T10:20:03,5500.0,22.9,S
2021-06-16T10:20:03,1700.0,22.9,S
2021-06-16T10:20:03,500.0,22.9,S
2021-06-16T10:20:03,2000.0,22.9,S
2021-06-16T10:20:03,6000.0,22.9,S
2021-06-16T10:20:03,3400.0,22.9,S
2021-06-16T10:20:03,700.0,22.9,S
2021-06-16T10:20:02,14500.0,22.9,S
2021-06-16T10:20:02,500.0,22.95,S
2021-06-16T10:20:02,1200.0,22.95,S
2021-06-16T10:20:02,200.0,22.95,S
2021-06-16T10:20:02,9400.0,22.95,S
2021-06-16T10:20:00,300.0,23.0,S
2021-06-16T10:19:40,500.0,23.0,S
2021-06-16T10:19:35,500.0,23.0,S
2021-06-16T10:19:34,3000.0,23.0,S
2021-06-16T10:19:34,1000.0,22.95,S
2021-06-16T10:19:29,100.0,23.0,S
2021-06-16T10:19:26,600.0,22.95,S
2021-06-16T10:19:25,10000.0,22.95,S
2021-06-16T10:19:23,300.0,23.0,S
2021-06-16T10:19:23,900.0,23.0,S
2021-06-16T10:19:21,10000.0,23.0,S
2021-06-16T10:19:20,500.0,23.0,S
2021-06-16T10:19:19,2500.0,23.0,S
2021-06-16T10:19:19,200.0,23.0,S
2021-06-16T10:19:17,100.0,23.0,S
2021-06-16T10:19:15,100.0,23.0,S
2021-06-16T10:19:01,2000.0,23.0,S
2021-06-16T10:18:58,600.0,23.0,S
2021-06-16T10:18:55,300.0,23.0,S
2021-06-16T10:18:54,1000.0,23.0,S
2021-06-16T10:18:53,1000.0,23.0,S
2021-06-16T10:18:52,500.0,22.95,S
2021-06-16T10:18:51,500.0,23.0,S
2021-06-16T10:18:48,3000.0,23.0,S
2021-06-16T10:18:48,2500.0,23.0,S
2021-06-16T10:18:42,1000.0,23.0,S
2021-06-16T10:18:38,100.0,23.0,S
2021-06-16T10:18:38,200.0,23.0,S
2021-06-16T10:18:36,200.0,23.0,S
2021-06-16T10:18:30,400.0,23.0,S
2021-06-16T10:18:30,500.0,23.0,S
2021-06-16T10:18:27,5000.0,23.0,S
2021-06-16T10:18:26,200.0,23.0,S
2021-06-16T10:18:21,10000.0,23.0,S
2021-06-16T10:18:20,100.0,23.0,S
2021-06-16T10:18:16,5000.0,23.0,S
2021-06-16T10:18:14,600.0,23.0,S
2021-06-16T10:18:13,300.0,23.0,S
2021-06-16T10:18:12,200.0,23.0,S
2021-06-16T10:18:08,700.0,23.0,S
2021-06-16T10:18:08,1000.0,23.0,S
2021-06-16T10:18:00,4400.0,23.0,S
2021-06-16T10:17:57,200.0,22.95,S
2021-06-16T10:17:54,5000.0,23.0,S
2021-06-16T10:17:54,500.0,23.0,S
2021-06-16T10:17:54,2000.0,23.0,S
2021-06-16T10:17:48,300.0,22.95,S
2021-06-16T10:17:47,3000.0,23.0,S
2021-06-16T10:17:46,1000.0,23.0,S
2021-06-16T10:17:41,500.0,23.0,S
2021-06-16T10:17:32,100.0,23.0,S
2021-06-16T10:17:29,500.0,23.0,S
2021-06-16T10:17:27,3000.0,23.0,S
2021-06-16T10:17:25,300.0,23.0,S
2021-06-16T10:17:20,800.0,23.0,S
2021-06-16T10:17:20,100.0,23.0,S
2021-06-16T10:17:19,1900.0,23.0,S
2021-06-16T10:17:19,2100.0,23.0,S
2021-06-16T10:17:19,900.0,23.0,S
2021-06-16T10:17:19,1000.0,23.0,S
2021-06-16T10:17:19,20600.0,23.0,S
2021-06-16T10:17:10,1700.0,23.0,S
2021-06-16T10:17:10,800.0,23.0,S
2021-06-16T10:17:10,3500.0,23.0,S
2021-06-16T10:17:06,100.0,23.05,B
2021-06-16T10:17:01,5000.0,23.0,S
2021-06-16T10:16:58,1000.0,23.05,B
2021-06-16T10:16:57,500.0,23.05,B
2021-06-16T10:16:55,800.0,23.05,B
2021-06-16T10:16:49,1000.0,23.05,B
2021-06-16T10:16:40,1000.0,23.05,B
2021-06-16T10:16:40,1000.0,23.05,B
2021-06-16T10:16:39,5000.0,23.0,S
2021-06-16T10:16:37,100.0,23.05,B
2021-06-16T10:16:34,3000.0,23.0,S
2021-06-16T10:16:33,100.0,23.05,B
2021-06-16T10:16:29,9700.0,23.0,S
2021-06-16T10:16:29,2300.0,23.0,S
2021-06-16T10:16:29,6200.0,23.0,S
2021-06-16T10:16:29,3000.0,23.0,S
2021-06-16T10:16:29,1800.0,23.0,S
2021-06-16T10:16:29,5000.0,23.0,S
2021-06-16T10:16:29,600.0,23.0,S
2021-06-16T10:16:29,800.0,23.0,S
2021-06-16T10:16:29,9800.0,23.0,S
2021-06-16T10:16:29,1900.0,23.0,S
2021-06-16T10:16:29,100.0,23.0,S
2021-06-16T10:16:29,2100.0,23.0,S
2021-06-16T10:16:29,1200.0,23.0,S
2021-06-16T10:16:28,2000.0,23.0,S
2021-06-16T10:16:28,1200.0,23.0,S
2021-06-16T10:16:28,1500.0,23.0,S
2021-06-16T10:16:28,800.0,23.0,S
2021-06-16T10:16:27,800.0,23.0,S
2021-06-16T10:16:27,500.0,23.0,S
2021-06-16T10:16:18,400.0,23.0,S
2021-06-16T10:16:18,4600.0,23.0,S
2021-06-16T10:16:17,600.0,23.0,S
2021-06-16T10:16:10,2500.0,23.0,S
2021-06-16T10:16:06,5000.0,23.0,S
2021-06-16T10:16:01,600.0,23.0,S
2021-06-16T10:15:55,1000.0,23.0,S
2021-06-16T10:15:53,1300.0,23.0,S
2021-06-16T10:15:48,400.0,23.05,S
2021-06-16T10:15:30,2000.0,23.1,S
2021-06-16T10:15:29,700.0,23.1,S
2021-06-16T10:15:24,100.0,23.05,S
2021-06-16T10:15:19,100.0,23.1,S
2021-06-16T10:15:17,200.0,23.1,S
2021-06-16T10:15:09,2000.0,23.1,S
2021-06-16T10:14:31,1500.0,23.0,S
2021-06-16T10:14:29,1000.0,23.1,S
2021-06-16T10:14:25,3500.0,23.0,S
2021-06-16T10:14:25,1000.0,23.05,S
2021-06-16T10:14:24,500.0,23.05,S
2021-06-16T10:14:20,500.0,23.0,S
2021-06-16T10:14:18,2700.0,23.0,S
2021-06-16T10:14:17,12300.0,23.05,S
2021-06-16T10:14:17,10000.0,23.05,S
2021-06-16T10:14:13,400.0,23.05,S
2021-06-16T10:14:09,100.0,23.05,S
2021-06-16T10:13:58,500.0,23.1,S
2021-06-16T10:13:50,1500.0,23.1,S
2021-06-16T10:13:50,100.0,23.1,S
2021-06-16T10:13:50,5000.0,23.1,S
2021-06-16T10:13:48,2000.0,23.1,S
2021-06-16T10:13:36,2000.0,23.1,S
2021-06-16T10:13:27,10000.0,23.1,S
2021-06-16T10:13:25,200.0,23.1,S
2021-06-16T10:12:57,1500.0,23.05,S
2021-06-16T10:12:50,800.0,23.1,S
2021-06-16T10:12:47,500.0,23.1,S
2021-06-16T10:12:46,100.0,23.1,S
2021-06-16T10:12:40,300.0,23.1,S
2021-06-16T10:12:38,5000.0,23.1,S
2021-06-16T10:12:36,1500.0,23.05,S
2021-06-16T10:12:19,5000.0,23.1,S
2021-06-16T10:12:17,2000.0,23.1,S
2021-06-16T10:12:08,200.0,23.1,S
2021-06-16T10:12:04,1800.0,23.0,S
2021-06-16T10:12:03,1200.0,23.05,S
2021-06-16T10:11:59,200.0,23.1,S
2021-06-16T10:11:48,5000.0,23.1,S
2021-06-16T10:11:45,200.0,23.1,S
2021-06-16T10:11:42,200.0,23.1,S
2021-06-16T10:11:41,900.0,23.1,S
2021-06-16T10:11:38,100.0,23.1,S
2021-06-16T10:11:31,800.0,23.1,S
2021-06-16T10:11:30,3800.0,23.0,S
2021-06-16T10:11:30,15300.0,23.0,S
2021-06-16T10:11:30,800.0,23.0,S
2021-06-16T10:11:30,2700.0,23.0,S
2021-06-16T10:11:30,3200.0,23.0,S
2021-06-16T10:11:30,3300.0,23.0,S
2021-06-16T10:11:30,16200.0,23.0,S
2021-06-16T10:11:30,2800.0,23.0,S
2021-06-16T10:11:30,200.0,23.0,S
2021-06-16T10:11:30,12300.0,23.0,S
2021-06-16T10:11:30,3600.0,23.0,S
2021-06-16T10:11:30,6000.0,23.0,S
2021-06-16T10:11:29,5200.0,23.0,S
2021-06-16T10:11:29,9500.0,23.0,S
2021-06-16T10:11:29,11800.0,23.0,S
2021-06-16T10:11:29,800.0,23.0,S
2021-06-16T10:11:29,3100.0,23.0,S
2021-06-16T10:11:29,10200.0,23.0,S
2021-06-16T10:11:29,1200.0,23.0,S
2021-06-16T10:11:29,12200.0,23.0,S
2021-06-16T10:11:28,1000.0,23.0,S
2021-06-16T10:11:28,500.0,23.0,S
2021-06-16T10:11:28,2000.0,23.0,S
2021-06-16T10:11:28,600.0,23.0,S
2021-06-16T10:11:28,1600.0,23.0,S
2021-06-16T10:11:28,400.0,23.0,S
2021-06-16T10:11:28,700.0,23.0,S
2021-06-16T10:11:28,5400.0,23.0,S
2021-06-16T10:11:28,2600.0,23.0,S
2021-06-16T10:11:28,1200.0,23.0,S
2021-06-16T10:11:28,1200.0,23.0,S
2021-06-16T10:11:28,2300.0,23.0,S
2021-06-16T10:11:28,1200.0,23.0,S
2021-06-16T10:11:28,300.0,23.0,S
2021-06-16T10:11:28,1300.0,23.0,S
2021-06-16T10:11:28,700.0,23.0,S
2021-06-16T10:11:28,1500.0,23.0,S
2021-06-16T10:11:28,12000.0,23.0,S
2021-06-16T10:11:24,5000.0,23.1,S
2021-06-16T10:11:23,3000.0,23.05,S
2021-06-16T10:11:23,2800.0,23.05,S
2021-06-16T10:11:21,1000.0,23.1,S
2021-06-16T10:11:20,5000.0,23.1,S
2021-06-16T10:11:20,400.0,23.1,S
2021-06-16T10:11:07,100.0,23.1,S
2021-06-16T10:11:04,200.0,23.1,S
2021-06-16T10:10:39,400.0,23.1,S
2021-06-16T10:10:37,1000.0,23.1,S
2021-06-16T10:10:31,700.0,23.05,S
2021-06-16T10:10:21,1300.0,23.1,S
2021-06-16T10:10:19,1500.0,23.05,S
2021-06-16T10:10:19,4100.0,23.05,S
2021-06-16T10:10:19,100.0,23.05,S
2021-06-16T10:10:19,1800.0,23.05,S
2021-06-16T10:10:19,2500.0,23.05,S
2021-06-16T10:10:15,700.0,23.1,S
2021-06-16T10:10:13,500.0,23.1,S
2021-06-16T10:10:10,5000.0,23.1,S
2021-06-16T10:10:08,500.0,23.1,S
2021-06-16T10:10:04,100.0,23.1,S
2021-06-16T10:10:00,1000.0,23.1,S
2021-06-16T10:09:53,10000.0,23.1,S
2021-06-16T10:09:53,100.0,23.1,S
2021-06-16T10:09:50,1000.0,23.1,S
2021-06-16T10:09:38,500.0,23.1,S
2021-06-16T10:09:38,100.0,23.1,S
2021-06-16T10:09:36,3000.0,23.1,S
2021-06-16T10:09:35,500.0,23.1,S
2021-06-16T10:09:34,300.0,23.1,S
2021-06-16T10:09:32,2000.0,23.1,S
2021-06-16T10:09:27,100.0,23.1,S
2021-06-16T10:09:24,700.0,23.1,S
2021-06-16T10:09:21,200.0,23.1,S
2021-06-16T10:09:19,11800.0,23.1,S
2021-06-16T10:09:17,3000.0,23.1,S
2021-06-16T10:09:16,10000.0,23.1,S
2021-06-16T10:09:16,100.0,23.1,S
2021-06-16T10:09:14,1000.0,23.1,S
2021-06-16T10:09:11,1000.0,23.1,S
2021-06-16T10:08:59,500.0,23.1,S
2021-06-16T10:08:56,500.0,23.1,S
2021-06-16T10:08:52,500.0,23.1,S
2021-06-16T10:08:51,200.0,23.1,S
2021-06-16T10:08:51,2000.0,23.1,S
2021-06-16T10:08:48,10000.0,23.1,S
2021-06-16T10:08:28,500.0,23.1,S
2021-06-16T10:08:17,100.0,23.1,S
2021-06-16T10:08:14,500.0,23.1,S
2021-06-16T10:08:07,600.0,23.1,S
2021-06-16T10:08:06,200.0,23.1,S
2021-06-16T10:08:06,1500.0,23.1,S
2021-06-16T10:08:05,20500.0,23.1,S
2021-06-16T10:08:02,8000.0,23.1,S
2021-06-16T10:08:00,600.0,23.1,S
2021-06-16T10:07:59,100.0,23.15,B
2021-06-16T10:07:58,400.0,23.15,B
2021-06-16T10:07:53,10000.0,23.1,S
2021-06-16T10:07:48,700.0,23.15,B
2021-06-16T10:07:48,15300.0,23.15,B
2021-06-16T10:07:46,1000.0,23.15,B
2021-06-16T10:07:46,300.0,23.15,B
2021-06-16T10:07:44,1800.0,23.1,S
2021-06-16T10:07:44,1000.0,23.1,S
2021-06-16T10:07:44,200.0,23.1,S
2021-06-16T10:07:41,100.0,23.1,S
2021-06-16T10:07:33,300.0,23.15,B
2021-06-16T10:07:28,700.0,23.1,S
2021-06-16T10:07:28,15700.0,23.1,S
2021-06-16T10:07:28,1300.0,23.1,S
2021-06-16T10:07:28,900.0,23.1,S
2021-06-16T10:07:28,6400.0,23.1,S
2021-06-16T10:07:26,5000.0,23.15,B
2021-06-16T10:07:26,900.0,23.1,S
2021-06-16T10:07:24,2700.0,23.1,S
2021-06-16T10:07:24,1400.0,23.1,S
2021-06-16T10:07:24,2100.0,23.1,S
2021-06-16T10:07:24,1000.0,23.1,S
2021-06-16T10:07:24,8800.0,23.1,S
2021-06-16T10:07:20,100.0,23.15,B
2021-06-16T10:07:04,200.0,23.15,B
2021-06-16T10:06:55,1000.0,23.15,B
2021-06-16T10:06:54,800.0,23.1,S
2021-06-16T10:06:53,300.0,23.15,B
2021-06-16T10:06:29,1700.0,23.1,S
2021-06-16T10:06:27,200.0,23.1,S
2021-06-16T10:06:26,200.0,23.15,S
2021-06-16T10:06:25,300.0,23.15,S
2021-06-16T10:06:20,1000.0,23.15,S
2021-06-16T10:06:18,1000.0,23.15,S
2021-06-16T10:06:11,2400.0,23.15,S
2021-06-16T10:06:08,30000.0,23.1,S
2021-06-16T10:06:07,100.0,23.15,S
2021-06-16T10:06:03,1200.0,23.1,S
2021-06-16T10:05:58,200.0,23.15,S
2021-06-16T10:05:58,1000.0,23.1,S
2021-06-16T10:05:56,1000.0,23.1,S
2021-06-16T10:05:36,100.0,23.15,S
2021-06-16T10:05:34,300.0,23.15,S
2021-06-16T10:05:31,800.0,23.15,S
2021-06-16T10:05:25,1000.0,23.1,S
2021-06-16T10:05:25,5000.0,23.15,S
2021-06-16T10:05:17,10400.0,23.1,S
2021-06-16T10:05:17,8100.0,23.1,S
2021-06-16T10:05:17,3900.0,23.1,S
2021-06-16T10:05:17,1500.0,23.1,S
2021-06-16T10:05:17,2000.0,23.1,S
2021-06-16T10:05:17,4100.0,23.1,S
2021-06-16T10:05:16,600.0,23.1,S
2021-06-16T10:05:11,1000.0,23.15,S
2021-06-16T10:05:11,1900.0,23.15,S
2021-06-16T10:05:10,2600.0,23.15,S
2021-06-16T10:05:09,500.0,23.15,S
2021-06-16T10:05:06,5000.0,23.15,S
2021-06-16T10:05:06,1500.0,23.15,S
2021-06-16T10:05:05,100.0,23.15,S
2021-06-16T10:05:02,5000.0,23.1,S
2021-06-16T10:05:02,5000.0,23.15,S
2021-06-16T10:04:59,1000.0,23.2,S
2021-06-16T10:04:55,5000.0,23.1,S
2021-06-16T10:04:52,400.0,23.1,S
2021-06-16T10:04:52,4600.0,23.1,S
2021-06-16T10:04:46,7400.0,23.1,S
2021-06-16T10:04:46,1100.0,23.15,S
2021-06-16T10:04:46,1500.0,23.15,S
2021-06-16T10:04:45,500.0,23.15,S
2021-06-16T10:04:45,1000.0,23.15,S
2021-06-16T10:04:45,2000.0,23.15,S
2021-06-16T10:04:45,6500.0,23.15,S
2021-06-16T10:04:42,3700.0,23.2,S
2021-06-16T10:04:41,500.0,23.15,S
2021-06-16T10:04:41,2500.0,23.15,S
2021-06-16T10:04:33,1000.0,23.2,S
2021-06-16T10:04:32,500.0,23.2,S
2021-06-16T10:04:26,10000.0,23.2,S
2021-06-16T10:04:22,1000.0,23.2,S
2021-06-16T10:04:20,400.0,23.2,S
2021-06-16T10:04:18,15000.0,23.15,S
2021-06-16T10:04:16,300.0,23.2,S
2021-06-16T10:04:14,5000.0,23.2,S
2021-06-16T10:04:13,300.0,23.2,S
2021-06-16T10:04:09,1000.0,23.2,S
2021-06-16T10:04:08,2100.0,23.15,S
2021-06-16T10:04:04,1000.0,23.2,S
2021-06-16T10:04:03,20000.0,23.2,S
2021-06-16T10:04:02,1400.0,23.2,S
2021-06-16T10:04:02,1000.0,23.2,S
2021-06-16T10:04:02,600.0,23.2,S
2021-06-16T10:04:01,1000.0,23.25,S
2021-06-16T10:03:58,1500.0,23.25,S
2021-06-16T10:03:57,1000.0,23.2,S
2021-06-16T10:03:53,6000.0,23.25,S
2021-06-16T10:03:43,1300.0,23.2,S
2021-06-16T10:03:43,2100.0,23.2,S
2021-06-16T10:03:43,200.0,23.2,S
2021-06-16T10:03:43,11400.0,23.2,S
2021-06-16T10:03:36,10000.0,23.25,S
2021-06-16T10:03:33,1800.0,23.2,S
2021-06-16T10:03:33,1300.0,23.2,S
2021-06-16T10:03:33,1300.0,23.2,S
2021-06-16T10:03:32,5600.0,23.2,S
2021-06-16T10:03:30,100.0,23.25,S
2021-06-16T10:03:28,2000.0,23.2,S
2021-06-16T10:03:22,500.0,23.2,S
2021-06-16T10:03:22,4700.0,23.2,S
2021-06-16T10:03:22,1600.0,23.2,S
2021-06-16T10:03:22,13200.0,23.2,S
2021-06-16T10:03:21,1000.0,23.2,S
2021-06-16T10:03:06,1400.0,23.25,S
2021-06-16T10:03:06,800.0,23.2,S
2021-06-16T10:03:06,3700.0,23.2,S
2021-06-16T10:03:03,500.0,23.25,S
2021-06-16T10:02:58,10000.0,23.2,S
2021-06-16T10:02:51,10000.0,23.25,S
2021-06-16T10:02:49,100.0,23.3,B
2021-06-16T10:02:46,600.0,23.3,B
2021-06-16T10:02:44,100.0,23.3,B
2021-06-16T10:02:40,200.0,23.3,B
2021-06-16T10:02:38,2000.0,23.3,S
2021-06-16T10:02:23,2000.0,23.3,S
2021-06-16T10:02:23,2000.0,23.3,S
2021-06-16T10:02:19,400.0,23.3,S
2021-06-16T10:02:19,1000.0,23.3,S
2021-06-16T10:02:15,500.0,23.3,S
2021-06-16T10:02:13,100.0,23.3,S
2021-06-16T10:02:05,2000.0,23.3,S
2021-06-16T10:01:52,300.0,23.3,S
2021-06-16T10:01:48,300.0,23.3,S
2021-06-16T10:01:46,1000.0,23.2,S
2021-06-16T10:01:46,200.0,23.25,S
2021-06-16T10:01:46,600.0,23.3,S
2021-06-16T10:01:45,100.0,23.3,S
2021-06-16T10:01:42,5000.0,23.3,S
2021-06-16T10:01:35,500.0,23.3,S
2021-06-16T10:01:29,300.0,23.3,S
2021-06-16T10:01:21,100.0,23.3,S
2021-06-16T10:01:21,100.0,23.2,S
2021-06-16T10:01:21,1600.0,23.2,S
2021-06-16T10:01:21,1200.0,23.25,S
2021-06-16T10:01:21,500.0,23.25,S
2021-06-16T10:01:20,5500.0,23.25,S
2021-06-16T10:01:20,6100.0,23.25,S
2021-06-16T10:01:17,200.0,23.3,S
2021-06-16T10:00:59,200.0,23.3,S
2021-06-16T10:00:56,200.0,23.3,S
2021-06-16T10:00:55,100.0,23.3,S
2021-06-16T10:00:51,200.0,23.3,S
2021-06-16T10:00:49,200.0,23.3,S
2021-06-16T10:00:47,1000.0,23.3,S
2021-06-16T10:00:45,100.0,23.3,S
2021-06-16T10:00:43,300.0,23.25,S
2021-06-16T10:00:41,200.0,23.3,S
2021-06-16T10:00:33,400.0,23.3,S
2021-06-16T10:00:33,200.0,23.3,S
2021-06-16T10:00:32,1000.0,23.3,S
2021-06-16T10:00:32,1000.0,23.3,S
2021-06-16T10:00:30,5500.0,23.3,S
2021-06-16T10:00:30,100.0,23.3,S
2021-06-16T10:00:21,1000.0,23.3,S
2021-06-16T10:00:20,200.0,23.3,S
2021-06-16T10:00:18,100.0,23.3,S
2021-06-16T10:00:15,1000.0,23.3,S
2021-06-16T10:00:15,1000.0,23.3,S
2021-06-16T10:00:14,500.0,23.3,S
2021-06-16T10:00:13,1900.0,23.25,S
2021-06-16T10:00:11,700.0,23.3,S
2021-06-16T10:00:08,100.0,23.3,S
2021-06-16T10:00:08,6200.0,23.3,S
2021-06-16T10:00:05,2800.0,23.25,S
2021-06-16T10:00:05,1200.0,23.25,S
2021-06-16T10:00:05,15100.0,23.25,S
2021-06-16T10:00:05,200.0,23.25,S
2021-06-16T10:00:05,700.0,23.25,S
2021-06-16T10:00:05,1400.0,23.25,S
2021-06-16T10:00:04,500.0,23.25,S
2021-06-16T10:00:04,2100.0,23.25,S
2021-06-16T10:00:04,1700.0,23.25,S
2021-06-16T10:00:04,3000.0,23.25,S
2021-06-16T10:00:04,2000.0,23.25,S
2021-06-16T10:00:04,1700.0,23.25,S
2021-06-16T10:00:04,1400.0,23.25,S
2021-06-16T10:00:04,1500.0,23.25,S
2021-06-16T10:00:04,8100.0,23.25,S
2021-06-16T10:00:04,30600.0,23.25,S
2021-06-16T10:00:00,100.0,23.3,S
2021-06-16T09:59:58,2000.0,23.3,S
2021-06-16T09:59:56,200.0,23.3,S
2021-06-16T09:59:55,2400.0,23.3,S
2021-06-16T09:59:53,1400.0,23.3,S
2021-06-16T09:59:53,1200.0,23.3,S
2021-06-16T09:59:53,12400.0,23.3,S
2021-06-16T09:59:51,3000.0,23.35,B
2021-06-16T09:59:49,400.0,23.3,S
2021-06-16T09:59:49,7600.0,23.3,S
2021-06-16T09:59:48,100.0,23.3,S
2021-06-16T09:59:45,1000.0,23.3,S
2021-06-16T09:59:45,5000.0,23.3,S
2021-06-16T09:59:36,500.0,23.3,S
2021-06-16T09:59:34,100.0,23.35,B
2021-06-16T09:59:29,1000.0,23.3,S
2021-06-16T09:59:28,200.0,23.3,S
2021-06-16T09:59:26,100.0,23.3,S
2021-06-16T09:59:26,1800.0,23.3,S
2021-06-16T09:59:25,10000.0,23.3,S
2021-06-16T09:59:24,3000.0,23.3,S
2021-06-16T09:59:21,2100.0,23.3,S
2021-06-16T09:59:20,2800.0,23.3,S
2021-06-16T09:59:16,800.0,23.35,S
2021-06-16T09:59:12,1000.0,23.3,S
2021-06-16T09:59:10,500.0,23.35,S
2021-06-16T09:58:58,4000.0,23.3,S
2021-06-16T09:58:57,2500.0,23.35,S
2021-06-16T09:58:49,700.0,23.35,S
2021-06-16T09:58:48,100.0,23.35,S
2021-06-16T09:58:47,300.0,23.35,S
2021-06-16T09:58:45,3900.0,23.3,S
2021-06-16T09:58:44,200.0,23.3,S
2021-06-16T09:58:41,1000.0,23.3,S
2021-06-16T09:58:37,6500.0,23.35,S
2021-06-16T09:58:33,1400.0,23.35,S
2021-06-16T09:58:29,1000.0,23.35,S
2021-06-16T09:58:28,200.0,23.35,S
2021-06-16T09:58:24,5000.0,23.3,S
2021-06-16T09:58:12,600.0,23.35,S
2021-06-16T09:58:10,2000.0,23.35,S
2021-06-16T09:58:07,5000.0,23.35,S
2021-06-16T09:58:05,19700.0,23.3,S
2021-06-16T09:58:05,100.0,23.3,S
2021-06-16T09:57:58,3500.0,23.35,S
2021-06-16T09:57:58,200.0,23.35,S
2021-06-16T09:57:58,6300.0,23.35,S
2021-06-16T09:57:56,200.0,23.35,S
2021-06-16T09:57:56,1100.0,23.35,S
2021-06-16T09:57:53,100.0,23.35,S
2021-06-16T09:57:53,1000.0,23.3,S
2021-06-16T09:57:50,10500.0,23.35,S
2021-06-16T09:57:49,2000.0,23.35,S
2021-06-16T09:57:47,4000.0,23.3,S
2021-06-16T09:57:47,100.0,23.35,S
2021-06-16T09:57:45,1000.0,23.35,S
2021-06-16T09:57:35,100.0,23.35,S
2021-06-16T09:57:32,200.0,23.3,S
2021-06-16T09:57:24,3000.0,23.35,S
2021-06-16T09:57:17,100.0,23.35,S
2021-06-16T09:57:17,100.0,23.35,S
2021-06-16T09:57:05,7000.0,23.35,S
2021-06-16T09:57:01,1200.0,23.35,S
2021-06-16T09:56:59,700.0,23.35,S
2021-06-16T09:56:59,1000.0,23.35,S
2021-06-16T09:56:58,1000.0,23.35,S
2021-06-16T09:56:58,10600.0,23.3,S
2021-06-16T09:56:58,5400.0,23.3,S
2021-06-16T09:56:58,200.0,23.3,S
2021-06-16T09:56:56,600.0,23.35,S
2021-06-16T09:56:50,100.0,23.3,S
2021-06-16T09:56:47,4000.0,23.35,S
2021-06-16T09:56:45,100.0,23.35,S
2021-06-16T09:56:43,3000.0,23.35,S
2021-06-16T09:56:42,2000.0,23.35,S
2021-06-16T09:56:41,100.0,23.3,S
2021-06-16T09:56:38,1000.0,23.35,S
2021-06-16T09:56:27,6200.0,23.35,S
2021-06-16T09:56:14,100.0,23.35,S
2021-06-16T09:56:14,200.0,23.35,S
2021-06-16T09:56:13,1000.0,23.3,S
2021-06-16T09:56:02,1000.0,23.35,S
2021-06-16T09:55:45,100.0,23.35,S
2021-06-16T09:55:43,2000.0,23.3,S
2021-06-16T09:55:41,500.0,23.35,S
2021-06-16T09:55:34,5700.0,23.35,S
2021-06-16T09:55:33,14300.0,23.35,S
2021-06-16T09:55:33,1400.0,23.3,S
2021-06-16T09:55:33,1200.0,23.3,S
2021-06-16T09:55:33,5300.0,23.3,S
2021-06-16T09:55:33,1600.0,23.3,S
2021-06-16T09:55:32,3400.0,23.3,S
2021-06-16T09:55:27,2900.0,23.3,S
2021-06-16T09:55:20,10000.0,23.35,S
2021-06-16T09:55:13,100.0,23.35,S
2021-06-16T09:55:13,3000.0,23.35,S
2021-06-16T09:55:11,100.0,23.3,S
2021-06-16T09:54:58,3900.0,23.3,S
2021-06-16T09:54:49,200.0,23.35,S
2021-06-16T09:54:49,200.0,23.35,S
2021-06-16T09:54:46,500.0,23.35,S
2021-06-16T09:54:45,1400.0,23.3,S
2021-06-16T09:54:45,1500.0,23.3,S
2021-06-16T09:54:45,7100.0,23.3,S
2021-06-16T09:54:41,500.0,23.3,S
2021-06-16T09:54:39,100.0,23.3,S
2021-06-16T09:54:39,10000.0,23.35,S
2021-06-16T09:54:36,2000.0,23.35,S
2021-06-16T09:54:36,100.0,23.35,S
2021-06-16T09:54:36,5900.0,23.35,S
2021-06-16T09:54:33,500.0,23.35,S
2021-06-16T09:54:32,100.0,23.3,S
2021-06-16T09:54:29,200.0,23.35,S
2021-06-16T09:54:27,2000.0,23.3,S
2021-06-16T09:54:24,500.0,23.35,S
2021-06-16T09:54:22,12400.0,23.3,S
2021-06-16T09:54:22,100.0,23.3,S
2021-06-16T09:54:20,800.0,23.3,S
2021-06-16T09:54:17,2800.0,23.3,S
2021-06-16T09:54:17,17200.0,23.3,S
2021-06-16T09:54:12,600.0,23.35,S
2021-06-16T09:54:11,10000.0,23.35,S
2021-06-16T09:54:09,1500.0,23.35,S
2021-06-16T09:54:04,5000.0,23.35,S
2021-06-16T09:53:59,2100.0,23.3,S
2021-06-16T09:53:59,2100.0,23.35,S
2021-06-16T09:53:59,10300.0,23.3,S
2021-06-16T09:53:57,1000.0,23.3,S
2021-06-16T09:53:45,1000.0,23.35,S
2021-06-16T09:53:44,1200.0,23.35,S
2021-06-16T09:53:39,600.0,23.35,S
2021-06-16T09:53:38,5600.0,23.3,S
2021-06-16T09:53:38,3600.0,23.3,S
2021-06-16T09:53:38,200.0,23.3,S
2021-06-16T09:53:38,600.0,23.3,S
2021-06-16T09:53:33,200.0,23.35,S
2021-06-16T09:53:33,2000.0,23.35,S
2021-06-16T09:53:30,3400.0,23.3,S
2021-06-16T09:53:30,200.0,23.3,S
2021-06-16T09:53:30,400.0,23.3,S
2021-06-16T09:53:30,500.0,23.3,S
2021-06-16T09:53:29,3500.0,23.3,S
2021-06-16T09:53:29,100.0,23.3,S
2021-06-16T09:53:29,1200.0,23.3,S
2021-06-16T09:53:29,500.0,23.3,S
2021-06-16T09:53:29,5200.0,23.3,S
2021-06-16T09:53:26,500.0,23.35,S
2021-06-16T09:53:24,300.0,23.35,S
2021-06-16T09:53:24,500.0,23.35,S
2021-06-16T09:53:22,800.0,23.35,S
2021-06-16T09:53:21,300.0,23.3,S
2021-06-16T09:53:20,4900.0,23.35,S
2021-06-16T09:53:20,300.0,23.3,S
2021-06-16T09:53:18,500.0,23.35,S
2021-06-16T09:53:15,500.0,23.35,S
2021-06-16T09:53:09,10000.0,23.3,S
2021-06-16T09:53:09,700.0,23.35,S
2021-06-16T09:53:07,10000.0,23.35,S
2021-06-16T09:53:06,7900.0,23.35,S
2021-06-16T09:53:06,2100.0,23.35,S
2021-06-16T09:53:02,20000.0,23.4,B
2021-06-16T09:53:01,6000.0,23.35,S
2021-06-16T09:52:58,500.0,23.35,S
2021-06-16T09:52:56,1000.0,23.35,S
2021-06-16T09:52:54,10000.0,23.35,S
2021-06-16T09:52:42,2500.0,23.35,S
2021-06-16T09:52:42,5000.0,23.4,B
2021-06-16T09:52:40,10000.0,23.35,S
2021-06-16T09:52:38,6000.0,23.35,S
2021-06-16T09:52:38,1000.0,23.35,S
2021-06-16T09:52:33,17000.0,23.35,S
2021-06-16T09:52:33,200.0,23.35,S
2021-06-16T09:52:28,100.0,23.35,S
2021-06-16T09:52:28,1000.0,23.35,S
2021-06-16T09:52:26,100.0,23.3,S
2021-06-16T09:52:23,400.0,23.35,S
2021-06-16T09:52:22,100.0,23.35,S
2021-06-16T09:52:22,8000.0,23.35,S
2021-06-16T09:52:22,400.0,23.35,S
2021-06-16T09:52:19,1000.0,23.3,S
2021-06-16T09:52:19,6500.0,23.35,S
2021-06-16T09:52:19,500.0,23.35,S
2021-06-16T09:52:17,200.0,23.35,S
2021-06-16T09:52:07,100.0,23.35,S
2021-06-16T09:52:07,100.0,23.35,S
2021-06-16T09:52:05,1500.0,23.35,S
2021-06-16T09:52:05,4000.0,23.35,S
2021-06-16T09:52:02,1000.0,23.35,S
2021-06-16T09:52:02,10000.0,23.35,S
2021-06-16T09:51:59,700.0,23.35,S
2021-06-16T09:51:58,100.0,23.35,S
2021-06-16T09:51:42,19000.0,23.35,S
2021-06-16T09:51:39,100.0,23.4,B
2021-06-16T09:51:38,1000.0,23.4,B
2021-06-16T09:51:36,5000.0,23.35,S
2021-06-16T09:51:30,100.0,23.4,B
2021-06-16T09:51:21,100.0,23.35,S
2021-06-16T09:51:21,5000.0,23.4,B
2021-06-16T09:51:14,200.0,23.35,S
2021-06-16T09:51:09,400.0,23.35,S
2021-06-16T09:51:08,600.0,23.35,S
2021-06-16T09:51:08,400.0,23.35,S
2021-06-16T09:51:04,200.0,23.35,S
2021-06-16T09:51:03,100.0,23.35,S
2021-06-16T09:51:01,10000.0,23.35,S
2021-06-16T09:51:01,100.0,23.35,S
2021-06-16T09:50:53,500.0,23.35,S
2021-06-16T09:50:51,2000.0,23.4,B
2021-06-16T09:50:50,300.0,23.4,B
2021-06-16T09:50:50,500.0,23.4,B
2021-06-16T09:50:40,10000.0,23.4,B
2021-06-16T09:50:32,500.0,23.35,S
2021-06-16T09:50:17,100.0,23.35,S
2021-06-16T09:50:11,6000.0,23.4,B
2021-06-16T09:50:01,2000.0,23.4,B
2021-06-16T09:50:00,6000.0,23.35,S
2021-06-16T09:49:54,5000.0,23.3,S
2021-06-16T09:49:52,500.0,23.35,S
2021-06-16T09:49:46,100.0,23.35,S
2021-06-16T09:49:45,2200.0,23.35,S
2021-06-16T09:49:45,9300.0,23.35,S
2021-06-16T09:49:40,200.0,23.35,S
2021-06-16T09:49:39,200.0,23.35,S
2021-06-16T09:49:38,100.0,23.35,S
2021-06-16T09:49:34,500.0,23.35,S
2021-06-16T09:49:33,25000.0,23.4,B
2021-06-16T09:49:30,200.0,23.35,S
2021-06-16T09:49:30,100.0,23.35,S
2021-06-16T09:49:30,200.0,23.35,S
2021-06-16T09:49:29,300.0,23.35,S
2021-06-16T09:49:28,200.0,23.35,S
2021-06-16T09:49:26,100.0,23.35,S
2021-06-16T09:49:25,10000.0,23.35,S
2021-06-16T09:49:24,1100.0,23.35,S
2021-06-16T09:49:17,2000.0,23.35,S
2021-06-16T09:49:17,100.0,23.35,S
2021-06-16T09:49:16,2000.0,23.35,S
2021-06-16T09:49:15,900.0,23.35,S
2021-06-16T09:49:13,1000.0,23.35,S
2021-06-16T09:49:13,2000.0,23.35,S
2021-06-16T09:49:12,5000.0,23.35,S
2021-06-16T09:49:09,20000.0,23.35,S
2021-06-16T09:49:06,100.0,23.35,S
2021-06-16T09:49:05,1000.0,23.35,S
2021-06-16T09:49:04,3000.0,23.3,S
2021-06-16T09:49:04,500.0,23.3,S
2021-06-16T09:49:04,1000.0,23.3,S
2021-06-16T09:49:03,500.0,23.3,S
2021-06-16T09:49:02,500.0,23.35,S
2021-06-16T09:49:02,1000.0,23.35,S
2021-06-16T09:48:49,500.0,23.35,S
2021-06-16T09:48:44,12000.0,23.4,B
2021-06-16T09:48:44,1800.0,23.4,B
2021-06-16T09:48:44,3000.0,23.4,B
2021-06-16T09:48:44,2400.0,23.4,B
2021-06-16T09:48:43,800.0,23.35,S
2021-06-16T09:48:43,10000.0,23.4,B
2021-06-16T09:48:42,1000.0,23.35,S
2021-06-16T09:48:40,2000.0,23.35,S
2021-06-16T09:48:39,500.0,23.3,S
2021-06-16T09:48:38,9700.0,23.35,S
2021-06-16T09:48:38,300.0,23.35,S
2021-06-16T09:48:37,200.0,23.35,S
2021-06-16T09:48:35,400.0,23.35,S
2021-06-16T09:48:35,2200.0,23.35,S
2021-06-16T09:48:35,100.0,23.3,S
2021-06-16T09:48:35,1600.0,23.3,S
2021-06-16T09:48:35,4500.0,23.3,S
2021-06-16T09:48:35,800.0,23.3,S
2021-06-16T09:48:35,3100.0,23.3,S
2021-06-16T09:48:32,10000.0,23.35,S
2021-06-16T09:48:32,1900.0,23.35,S
2021-06-16T09:48:28,10000.0,23.35,S
2021-06-16T09:48:28,200.0,23.35,S
2021-06-16T09:48:27,500.0,23.35,S
2021-06-16T09:48:27,100.0,23.35,S
2021-06-16T09:48:23,200.0,23.35,S
2021-06-16T09:48:21,12400.0,23.35,S
2021-06-16T09:48:21,10600.0,23.35,S
2021-06-16T09:48:21,2000.0,23.35,S
2021-06-16T09:48:20,3400.0,23.35,S
2021-06-16T09:48:19,20000.0,23.35,S
2021-06-16T09:48:18,100.0,23.35,S
2021-06-16T09:48:16,5000.0,23.35,S
2021-06-16T09:48:16,200.0,23.35,S
2021-06-16T09:48:13,600.0,23.35,S
2021-06-16T09:48:13,4300.0,23.35,S
2021-06-16T09:48:13,4000.0,23.35,S
2021-06-16T09:48:13,4300.0,23.35,S
2021-06-16T09:48:13,200.0,23.35,S
2021-06-16T09:48:13,6600.0,23.35,S
2021-06-16T09:48:12,500.0,23.35,S
2021-06-16T09:48:09,200.0,23.35,S
2021-06-16T09:48:05,2000.0,23.35,S
2021-06-16T09:47:59,2000.0,23.3,S
2021-06-16T09:47:56,800.0,23.35,S
2021-06-16T09:47:53,100.0,23.35,S
2021-06-16T09:47:50,100.0,23.3,S
2021-06-16T09:47:47,2000.0,23.3,S
2021-06-16T09:47:47,300.0,23.3,S
2021-06-16T09:47:45,5000.0,23.3,S
2021-06-16T09:47:42,1000.0,23.35,S
2021-06-16T09:47:38,500.0,23.35,S
2021-06-16T09:47:37,20000.0,23.35,S
2021-06-16T09:47:37,1000.0,23.35,S
2021-06-16T09:47:34,1000.0,23.35,S
2021-06-16T09:47:31,1100.0,23.35,S
2021-06-16T09:47:29,1000.0,23.35,S
2021-06-16T09:47:28,9000.0,23.35,S
2021-06-16T09:47:28,10000.0,23.35,S
2021-06-16T09:47:27,2000.0,23.35,S
2021-06-16T09:47:27,1000.0,23.35,S
2021-06-16T09:47:23,100.0,23.35,S
2021-06-16T09:47:23,1000.0,23.35,S
2021-06-16T09:47:22,1600.0,23.35,S
2021-06-16T09:47:21,500.0,23.35,S
2021-06-16T09:47:21,100.0,23.35,S
2021-06-16T09:47:18,400.0,23.35,S
2021-06-16T09:47:16,600.0,23.35,S
2021-06-16T09:47:16,400.0,23.35,S
2021-06-16T09:47:15,1000.0,23.3,S
2021-06-16T09:47:10,1000.0,23.3,S
2021-06-16T09:47:10,1800.0,23.35,S
2021-06-16T09:47:08,3200.0,23.35,S
2021-06-16T09:47:01,100.0,23.35,S
2021-06-16T09:47:01,2000.0,23.35,S
2021-06-16T09:47:01,1000.0,23.35,S
2021-06-16T09:47:00,100.0,23.35,S
2021-06-16T09:46:59,300.0,23.35,S
2021-06-16T09:46:58,500.0,23.35,S
2021-06-16T09:46:53,1000.0,23.35,S
2021-06-16T09:46:51,600.0,23.35,S
2021-06-16T09:46:43,700.0,23.35,S
2021-06-16T09:46:39,300.0,23.35,S
2021-06-16T09:46:38,500.0,23.35,S
2021-06-16T09:46:37,100.0,23.3,S
2021-06-16T09:46:37,200.0,23.35,S
2021-06-16T09:46:36,200.0,23.35,S
2021-06-16T09:46:36,10900.0,23.3,S
2021-06-16T09:46:36,100.0,23.3,S
2021-06-16T09:46:22,5000.0,23.35,S
2021-06-16T09:46:22,1300.0,23.35,S
2021-06-16T09:46:20,2000.0,23.35,S
2021-06-16T09:46:10,1400.0,23.35,S
2021-06-16T09:46:01,200.0,23.35,S
2021-06-16T09:45:53,5000.0,23.35,S
2021-06-16T09:45:50,35000.0,23.35,S
2021-06-16T09:45:50,3500.0,23.35,S
2021-06-16T09:45:48,1600.0,23.35,S
2021-06-16T09:45:48,20400.0,23.35,S
2021-06-16T09:45:44,2700.0,23.35,S
2021-06-16T09:45:40,1100.0,23.35,S
2021-06-16T09:45:38,1300.0,23.35,S
2021-06-16T09:45:27,300.0,23.35,S
2021-06-16T09:45:27,1500.0,23.35,S
2021-06-16T09:45:14,6000.0,23.35,S
2021-06-16T09:45:14,500.0,23.35,S
2021-06-16T09:45:12,100.0,23.35,S
2021-06-16T09:45:12,50000.0,23.35,S
2021-06-16T09:45:11,300.0,23.35,S
2021-06-16T09:45:11,500.0,23.35,S
2021-06-16T09:45:10,10000.0,23.35,S
2021-06-16T09:45:08,600.0,23.35,S
2021-06-16T09:45:04,500.0,23.35,S
2021-06-16T09:45:03,4200.0,23.35,S
2021-06-16T09:45:01,100.0,23.35,S
2021-06-16T09:44:57,300.0,23.35,S
2021-06-16T09:44:57,100.0,23.35,S
2021-06-16T09:44:56,300.0,23.3,S
2021-06-16T09:44:56,71100.0,23.3,S
2021-06-16T09:44:56,10200.0,23.3,S
2021-06-16T09:44:56,1500.0,23.3,S
2021-06-16T09:44:56,8700.0,23.3,S
2021-06-16T09:44:56,400.0,23.3,S
2021-06-16T09:44:56,57000.0,23.3,S
2021-06-16T09:44:56,4500.0,23.3,S
2021-06-16T09:44:56,26000.0,23.3,S
2021-06-16T09:44:56,600.0,23.3,S
2021-06-16T09:44:56,19700.0,23.3,S
2021-06-16T09:44:51,100.0,23.35,S
2021-06-16T09:44:49,1300.0,23.35,S
2021-06-16T09:44:48,10000.0,23.3,S
2021-06-16T09:44:47,3000.0,23.35,S
2021-06-16T09:44:47,20000.0,23.35,S
2021-06-16T09:44:46,2000.0,23.3,S
2021-06-16T09:44:44,200.0,23.3,S
2021-06-16T09:44:39,1000.0,23.35,S
2021-06-16T09:44:36,200.0,23.35,S
2021-06-16T09:44:34,5000.0,23.35,S
2021-06-16T09:44:33,1000.0,23.35,S
2021-06-16T09:44:32,400.0,23.35,S
2021-06-16T09:44:32,2000.0,23.35,S
2021-06-16T09:44:28,400.0,23.35,S
2021-06-16T09:44:23,2000.0,23.35,S
2021-06-16T09:44:23,1000.0,23.35,S
2021-06-16T09:44:22,1000.0,23.35,S
2021-06-16T09:44:21,1000.0,23.35,S
2021-06-16T09:44:21,4000.0,23.35,S
2021-06-16T09:44:18,200.0,23.35,S
2021-06-16T09:44:17,100.0,23.35,S
2021-06-16T09:44:17,100.0,23.35,S
2021-06-16T09:44:16,10000.0,23.35,S
2021-06-16T09:44:14,200.0,23.35,S
2021-06-16T09:44:11,10000.0,23.35,S
2021-06-16T09:44:10,100.0,23.35,S
2021-06-16T09:44:06,1000.0,23.35,S
2021-06-16T09:44:05,500.0,23.35,S
2021-06-16T09:44:00,300.0,23.35,S
2021-06-16T09:44:00,400.0,23.3,S
2021-06-16T09:44:00,200.0,23.3,S
2021-06-16T09:43:59,9600.0,23.3,S
2021-06-16T09:43:59,1000.0,23.35,S
2021-06-16T09:43:56,200.0,23.35,S
2021-06-16T09:43:55,8000.0,23.35,S
2021-06-16T09:43:46,100.0,23.35,S
2021-06-16T09:43:46,2100.0,23.35,S
2021-06-16T09:43:45,100.0,23.3,S
2021-06-16T09:43:43,2000.0,23.35,S
2021-06-16T09:43:41,10000.0,23.35,S
2021-06-16T09:43:41,1600.0,23.35,S
2021-06-16T09:43:38,300.0,23.35,S
2021-06-16T09:43:36,200.0,23.35,S
2021-06-16T09:43:36,200.0,23.35,S
2021-06-16T09:43:36,1000.0,23.35,S
2021-06-16T09:43:33,1000.0,23.35,S
2021-06-16T09:43:30,200.0,23.35,S
2021-06-16T09:43:29,1100.0,23.35,S
2021-06-16T09:43:26,100.0,23.35,S
2021-06-16T09:43:25,1000.0,23.35,S
2021-06-16T09:43:25,400.0,23.35,S
2021-06-16T09:43:24,1100.0,23.3,S
2021-06-16T09:43:24,300.0,23.35,S
2021-06-16T09:43:23,400.0,23.35,S
2021-06-16T09:43:22,200.0,23.35,S
2021-06-16T09:43:21,500.0,23.35,S
2021-06-16T09:43:21,1500.0,23.35,S
2021-06-16T09:43:19,6000.0,23.3,S
2021-06-16T09:43:18,5000.0,23.35,S
2021-06-16T09:43:13,5000.0,23.35,S
2021-06-16T09:43:13,3600.0,23.35,S
2021-06-16T09:43:12,5000.0,23.35,S
2021-06-16T09:43:12,10000.0,23.3,S
2021-06-16T09:43:11,100.0,23.35,S
2021-06-16T09:43:10,100.0,23.3,S
2021-06-16T09:43:09,600.0,23.35,S
2021-06-16T09:43:06,1300.0,23.35,S
2021-06-16T09:43:04,100.0,23.35,S
2021-06-16T09:43:04,100.0,23.35,S
2021-06-16T09:43:03,4100.0,23.35,S
2021-06-16T09:42:59,2000.0,23.4,B
2021-06-16T09:42:59,11600.0,23.35,S
2021-06-16T09:42:59,2000.0,23.35,S
2021-06-16T09:42:59,600.0,23.35,S
2021-06-16T09:42:59,2000.0,23.35,S
2021-06-16T09:42:59,10100.0,23.35,S
2021-06-16T09:42:59,3700.0,23.35,S
2021-06-16T09:42:59,100.0,23.35,S
2021-06-16T09:42:59,19900.0,23.35,S
2021-06-16T09:42:58,100.0,23.35,S
2021-06-16T09:42:58,7900.0,23.4,B
2021-06-16T09:42:57,2000.0,23.35,S
2021-06-16T09:42:57,500.0,23.4,B
2021-06-16T09:42:54,100.0,23.35,S
2021-06-16T09:42:54,1000.0,23.4,B
2021-06-16T09:42:52,2800.0,23.35,S
2021-06-16T09:42:52,1700.0,23.35,S
2021-06-16T09:42:52,5500.0,23.35,S
2021-06-16T09:42:51,1600.0,23.4,B
2021-06-16T09:42:50,1000.0,23.4,B
2021-06-16T09:42:47,200.0,23.35,S
2021-06-16T09:42:47,1100.0,23.35,S
2021-06-16T09:42:46,4700.0,23.35,S
2021-06-16T09:42:37,1300.0,23.35,S
2021-06-16T09:42:37,15000.0,23.4,B
2021-06-16T09:42:37,200.0,23.4,B
2021-06-16T09:42:34,200.0,23.4,B
2021-06-16T09:42:33,2700.0,23.4,B
2021-06-16T09:42:28,1600.0,23.35,S
2021-06-16T09:42:28,1300.0,23.35,S
2021-06-16T09:42:28,1300.0,23.35,S
2021-06-16T09:42:28,800.0,23.35,S
2021-06-16T09:42:25,3000.0,23.4,B
2021-06-16T09:42:25,2000.0,23.35,S
2021-06-16T09:42:24,200.0,23.35,S
2021-06-16T09:42:24,2300.0,23.35,S
2021-06-16T09:42:24,2500.0,23.35,S
2021-06-16T09:42:22,900.0,23.4,B
2021-06-16T09:42:22,500.0,23.4,B
2021-06-16T09:42:09,1000.0,23.35,S
2021-06-16T09:42:08,1000.0,23.4,B
2021-06-16T09:42:07,200.0,23.4,B
2021-06-16T09:42:05,100.0,23.35,S
2021-06-16T09:42:05,500.0,23.4,B
2021-06-16T09:42:03,500.0,23.35,S
2021-06-16T09:42:03,2000.0,23.4,B
2021-06-16T09:42:02,100.0,23.4,B
2021-06-16T09:42:00,6000.0,23.4,B
2021-06-16T09:41:59,1000.0,23.4,B
2021-06-16T09:41:58,1000.0,23.4,B
