tradingTime,volume,price,side
2021-06-16T14:23:30,4000.0,17.2,S
2021-06-16T14:23:13,100.0,17.2,S
2021-06-16T14:22:56,100.0,17.3,B
2021-06-16T14:22:45,1000.0,17.2,S
2021-06-16T14:18:55,200.0,17.3,B
2021-06-16T14:18:50,100.0,17.3,B
2021-06-16T14:18:45,500.0,17.3,B
2021-06-16T14:18:25,100.0,17.3,B
2021-06-16T14:15:29,4000.0,17.3,S
2021-06-16T14:13:02,100.0,17.4,B
2021-06-16T14:11:59,200.0,17.3,S
2021-06-16T14:10:35,200.0,17.3,S
2021-06-16T14:10:14,1000.0,17.2,S
2021-06-16T14:09:59,9000.0,17.3,B
2021-06-16T14:09:52,2000.0,17.3,S
2021-06-16T14:08:03,2800.0,17.4,B
2021-06-16T14:07:24,1000.0,17.4,S
2021-06-16T13:59:53,1000.0,17.5,S
2021-06-16T13:59:50,2000.0,17.5,S
2021-06-16T13:59:42,10000.0,17.5,S
2021-06-16T13:59:27,1500.0,17.5,S
2021-06-16T13:57:47,300.0,17.5,S
2021-06-16T13:57:09,500.0,17.6,B
2021-06-16T13:53:29,100.0,17.6,B
2021-06-16T13:49:25,1100.0,17.6,S
2021-06-16T13:48:26,1000.0,17.6,S
2021-06-16T13:44:31,500.0,17.6,S
2021-06-16T13:43:39,100.0,17.6,B
2021-06-16T13:43:01,600.0,17.6,B
2021-06-16T13:42:16,1000.0,17.6,B
2021-06-16T13:39:19,600.0,17.6,B
2021-06-16T13:39:12,500.0,17.6,S
2021-06-16T13:36:51,200.0,17.6,S
2021-06-16T13:36:46,6300.0,17.6,B
2021-06-16T13:35:26,5000.0,17.6,B
2021-06-16T13:35:00,100.0,17.6,B
2021-06-16T13:34:39,1000.0,17.5,S
2021-06-16T13:32:53,200.0,17.5,S
2021-06-16T13:30:15,2000.0,17.5,S
2021-06-16T13:28:55,1700.0,17.5,S
2021-06-16T13:28:32,2500.0,17.6,B
2021-06-16T13:22:24,400.0,17.6,S
2021-06-16T13:20:56,1000.0,17.6,S
2021-06-16T13:20:27,1000.0,17.6,S
2021-06-16T13:19:51,1000.0,17.6,S
2021-06-16T13:14:21,400.0,17.6,S
2021-06-16T13:13:45,400.0,17.6,S
2021-06-16T13:13:30,200.0,17.6,S
2021-06-16T13:13:03,200.0,17.7,B
2021-06-16T13:10:53,9800.0,17.7,B
2021-06-16T13:10:51,100.0,17.7,B
2021-06-16T13:10:45,4200.0,17.7,B
2021-06-16T13:10:20,1000.0,17.7,S
2021-06-16T13:08:46,800.0,17.8,B
2021-06-16T13:07:57,600.0,17.8,B
2021-06-16T13:07:34,16100.0,17.7,S
2021-06-16T13:07:20,9400.0,17.6,S
2021-06-16T13:05:23,2200.0,17.5,B
2021-06-16T13:04:39,600.0,17.5,B
2021-06-16T13:04:25,1000.0,17.5,B
2021-06-16T13:04:10,2300.0,17.4,S
2021-06-16T13:00:12,300.0,17.5,B
2021-06-16T11:28:59,500.0,17.5,B
2021-06-16T11:28:23,900.0,17.5,B
2021-06-16T11:27:14,500.0,17.5,B
2021-06-16T11:26:11,4500.0,17.5,S
2021-06-16T11:19:51,200.0,17.5,S
2021-06-16T11:16:45,5000.0,17.5,S
2021-06-16T11:15:20,500.0,17.5,S
2021-06-16T11:13:09,500.0,17.5,B
2021-06-16T11:09:20,100.0,17.5,B
2021-06-16T11:07:52,1900.0,17.5,S
2021-06-16T11:07:30,100.0,17.5,B
2021-06-16T11:02:56,300.0,17.5,B
2021-06-16T11:00:17,300.0,17.5,S
2021-06-16T10:59:23,3000.0,17.6,S
2021-06-16T10:59:02,1000.0,17.6,S
2021-06-16T10:58:27,100.0,17.6,S
2021-06-16T10:53:21,2000.0,17.6,S
2021-06-16T10:52:57,100.0,17.6,S
2021-06-16T10:52:51,100.0,17.6,S
2021-06-16T10:52:01,100.0,17.6,S
2021-06-16T10:51:40,400.0,17.6,S
2021-06-16T10:51:11,300.0,17.6,S
2021-06-16T10:51:02,100.0,17.7,B
2021-06-16T10:50:07,700.0,17.7,B
2021-06-16T10:49:48,500.0,17.7,B
2021-06-16T10:49:41,400.0,17.6,S
2021-06-16T10:49:39,100.0,17.7,B
2021-06-16T10:48:56,6300.0,17.6,S
2021-06-16T10:48:50,3500.0,17.5,S
2021-06-16T10:48:41,100.0,17.5,B
2021-06-16T10:48:34,900.0,17.5,B
2021-06-16T10:47:43,100.0,17.5,B
2021-06-16T10:47:28,6400.0,17.4,B
2021-06-16T10:47:21,500.0,17.4,B
2021-06-16T10:47:16,100.0,17.3,S
2021-06-16T10:46:11,100.0,17.4,B
2021-06-16T10:45:30,1000.0,17.4,B
2021-06-16T10:45:10,1600.0,17.4,B
2021-06-16T10:45:02,700.0,17.4,B
2021-06-16T10:44:23,2000.0,17.4,B
2021-06-16T10:44:16,100.0,17.4,B
2021-06-16T10:43:50,200.0,17.3,S
2021-06-16T10:43:07,200.0,17.4,B
2021-06-16T10:42:58,100.0,17.4,B
2021-06-16T10:42:57,100.0,17.4,B
2021-06-16T10:42:00,100.0,17.4,B
2021-06-16T10:40:53,200.0,17.3,S
2021-06-16T10:40:37,3000.0,17.3,B
2021-06-16T10:39:54,500.0,17.2,S
2021-06-16T10:39:53,4000.0,17.2,S
2021-06-16T10:39:26,200.0,17.2,S
2021-06-16T10:38:57,1000.0,17.2,S
2021-06-16T10:38:19,300.0,17.3,B
2021-06-16T10:38:01,2200.0,17.3,S
2021-06-16T10:37:57,800.0,17.3,S
2021-06-16T10:37:38,200.0,17.3,S
2021-06-16T10:37:11,500.0,17.3,S
2021-06-16T10:36:15,5000.0,17.3,S
2021-06-16T10:36:03,1000.0,17.3,S
2021-06-16T10:35:46,1000.0,17.3,S
2021-06-16T10:35:44,200.0,17.3,S
2021-06-16T10:35:32,300.0,17.3,S
2021-06-16T10:35:29,200.0,17.3,S
2021-06-16T10:34:18,6100.0,17.3,S
2021-06-16T10:34:02,200.0,17.4,B
2021-06-16T10:31:58,1000.0,17.3,S
2021-06-16T10:30:33,500.0,17.3,S
2021-06-16T10:29:42,1500.0,17.4,B
2021-06-16T10:29:30,2000.0,17.4,B
2021-06-16T10:29:22,2900.0,17.3,S
2021-06-16T10:28:54,10000.0,17.4,B
2021-06-16T10:28:46,100.0,17.3,S
2021-06-16T10:28:31,100.0,17.3,S
2021-06-16T10:28:02,400.0,17.3,S
2021-06-16T10:27:12,100.0,17.3,S
2021-06-16T10:26:48,500.0,17.3,S
2021-06-16T10:24:48,300.0,17.4,B
2021-06-16T10:24:39,2000.0,17.4,B
2021-06-16T10:24:33,200.0,17.4,B
2021-06-16T10:23:47,500.0,17.4,B
2021-06-16T10:23:12,1500.0,17.4,B
2021-06-16T10:21:34,200.0,17.3,S
2021-06-16T10:21:23,200.0,17.3,S
2021-06-16T10:21:10,200.0,17.3,S
2021-06-16T10:20:57,400.0,17.3,S
2021-06-16T10:20:43,800.0,17.3,B
2021-06-16T10:20:40,200.0,17.3,B
2021-06-16T10:20:18,100.0,17.3,S
2021-06-16T10:20:12,200.0,17.3,B
2021-06-16T10:19:59,2500.0,17.3,B
2021-06-16T10:19:23,200.0,17.2,S
2021-06-16T10:19:22,1900.0,17.2,S
2021-06-16T10:19:14,200.0,17.2,S
2021-06-16T10:19:01,1000.0,17.2,S
2021-06-16T10:18:25,3200.0,17.2,S
2021-06-16T10:18:06,800.0,17.2,S
2021-06-16T10:18:01,1000.0,17.2,S
2021-06-16T10:17:22,1000.0,17.2,S
2021-06-16T10:17:01,13600.0,17.3,S
2021-06-16T10:16:12,1000.0,17.3,S
2021-06-16T10:16:11,2000.0,17.4,B
2021-06-16T10:16:02,100.0,17.3,S
2021-06-16T10:15:48,4400.0,17.4,S
2021-06-16T10:15:47,100.0,17.4,S
2021-06-16T10:15:39,200.0,17.4,S
2021-06-16T10:13:12,1300.0,17.5,B
2021-06-16T10:11:20,1300.0,17.5,S
2021-06-16T10:11:09,100.0,17.5,S
2021-06-16T10:10:55,500.0,17.5,S
2021-06-16T10:10:47,1000.0,17.5,S
2021-06-16T10:10:31,1000.0,17.5,S
2021-06-16T10:10:11,1500.0,17.5,S
2021-06-16T10:09:48,15000.0,17.5,S
2021-06-16T10:09:33,500.0,17.5,S
2021-06-16T10:09:26,500.0,17.5,S
2021-06-16T10:09:09,4000.0,17.5,S
2021-06-16T10:08:55,200.0,17.5,S
2021-06-16T10:08:31,200.0,17.5,S
2021-06-16T10:07:56,500.0,17.5,S
2021-06-16T10:07:49,100.0,17.5,S
2021-06-16T10:07:39,2000.0,17.5,S
2021-06-16T10:07:04,500.0,17.5,S
2021-06-16T10:05:45,500.0,17.5,S
2021-06-16T10:04:20,100.0,17.5,S
2021-06-16T10:03:41,100.0,17.5,S
2021-06-16T10:03:32,100.0,17.6,B
2021-06-16T10:00:15,900.0,17.7,B
2021-06-16T09:57:38,500.0,17.5,S
2021-06-16T09:57:27,500.0,17.5,S
2021-06-16T09:55:12,100.0,17.5,S
2021-06-16T09:54:15,10800.0,17.5,S
2021-06-16T09:51:29,500.0,17.7,B
2021-06-16T09:51:10,100.0,17.7,B
2021-06-16T09:49:53,200.0,17.7,S
2021-06-16T09:48:48,600.0,17.7,S
2021-06-16T09:48:45,200.0,17.7,S
2021-06-16T09:47:27,3000.0,17.7,S
2021-06-16T09:45:38,8000.0,17.5,S
2021-06-16T09:45:08,10000.0,17.9,B
2021-06-16T09:44:16,200.0,17.7,B
2021-06-16T09:43:47,500.0,17.6,S
2021-06-16T09:43:35,100.0,17.7,B
2021-06-16T09:43:30,5800.0,17.7,B
2021-06-16T09:42:53,100.0,17.8,S
2021-06-16T09:42:22,500.0,17.8,S
2021-06-16T09:41:58,600.0,17.8,B
2021-06-16T09:41:41,100.0,17.8,B
2021-06-16T09:41:17,2000.0,17.8,B
2021-06-16T09:40:52,600.0,17.8,B
2021-06-16T09:40:49,100.0,17.8,B
2021-06-16T09:40:20,2000.0,17.8,B
2021-06-16T09:40:14,2000.0,17.8,B
2021-06-16T09:40:00,3000.0,17.8,B
2021-06-16T09:39:51,1100.0,17.8,B
2021-06-16T09:39:43,1000.0,17.8,B
2021-06-16T09:39:41,500.0,17.8,B
2021-06-16T09:39:27,1000.0,17.8,B
2021-06-16T09:38:39,2500.0,17.7,S
2021-06-16T09:38:34,10000.0,17.7,B
2021-06-16T09:38:14,500.0,17.7,B
2021-06-16T09:38:07,2000.0,17.7,B
2021-06-16T09:37:41,1200.0,17.6,S
2021-06-16T09:37:38,3000.0,17.7,B
2021-06-16T09:37:23,200.0,17.6,S
2021-06-16T09:36:18,700.0,17.6,B
2021-06-16T09:36:04,300.0,17.6,B
2021-06-16T09:36:02,100.0,17.6,B
2021-06-16T09:35:29,700.0,17.6,S
2021-06-16T09:34:36,200.0,17.6,B
2021-06-16T09:34:29,4000.0,17.6,B
2021-06-16T09:34:03,10000.0,17.5,S
2021-06-16T09:33:28,500.0,17.5,S
2021-06-16T09:32:58,1000.0,17.5,S
2021-06-16T09:32:54,400.0,17.5,S
2021-06-16T09:31:59,500.0,17.5,S
2021-06-16T09:31:47,500.0,17.5,S
2021-06-16T09:31:35,2600.0,17.5,S
2021-06-16T09:30:20,1000.0,17.6,B
2021-06-16T09:29:15,100.0,17.6,B
2021-06-16T09:28:02,2600.0,17.6,B
2021-06-16T09:27:57,5000.0,17.7,B
2021-06-16T09:27:45,1100.0,17.6,S
2021-06-16T09:27:20,1000.0,17.6,S
2021-06-16T09:26:19,4000.0,17.6,B
2021-06-16T09:25:47,100.0,17.6,B
2021-06-16T09:25:27,500.0,17.5,S
2021-06-16T09:25:26,1000.0,17.5,S
2021-06-16T09:25:13,500.0,17.5,S
2021-06-16T09:25:02,500.0,17.5,S
2021-06-16T09:24:44,500.0,17.5,S
2021-06-16T09:23:44,200.0,17.5,S
2021-06-16T09:23:20,500.0,17.5,S
2021-06-16T09:23:08,100.0,17.5,S
2021-06-16T09:23:02,200.0,17.5,S
2021-06-16T09:22:50,100.0,17.5,S
2021-06-16T09:22:32,1200.0,17.5,S
2021-06-16T09:22:24,2800.0,17.5,B
2021-06-16T09:21:48,500.0,17.5,B
2021-06-16T09:21:35,400.0,17.4,S
2021-06-16T09:21:12,4000.0,17.4,B
2021-06-16T09:21:02,3000.0,17.4,B
2021-06-16T09:20:36,100.0,17.4,B
2021-06-16T09:20:27,6000.0,17.4,B
2021-06-16T09:19:43,200.0,17.3,S
2021-06-16T09:19:26,8100.0,17.3,B
2021-06-16T09:18:49,500.0,17.3,B
2021-06-16T09:18:46,3100.0,17.3,B
2021-06-16T09:18:22,100.0,17.3,B
2021-06-16T09:18:19,3100.0,17.3,S
2021-06-16T09:18:17,100.0,17.3,S
2021-06-16T09:18:07,2000.0,17.3,S
2021-06-16T09:18:06,300.0,17.4,B
2021-06-16T09:18:00,400.0,17.3,S
2021-06-16T09:17:44,10000.0,17.3,S
2021-06-16T09:17:36,2400.0,17.4,S
2021-06-16T09:17:25,200.0,17.4,S
2021-06-16T09:17:18,4100.0,17.4,S
2021-06-16T09:17:16,200.0,17.4,S
2021-06-16T09:17:12,400.0,17.4,S
2021-06-16T09:16:49,3000.0,17.4,S
2021-06-16T09:16:10,900.0,17.5,S
2021-06-16T09:16:04,2400.0,17.5,S
2021-06-16T09:15:58,3000.0,17.5,S
2021-06-16T09:15:20,4500.0,17.5,S
2021-06-16T09:14:16,100.0,17.6,S
2021-06-16T09:13:48,200.0,17.6,S
2021-06-16T09:13:32,300.0,17.6,S
2021-06-16T09:13:22,200.0,17.6,S
2021-06-16T09:13:03,500.0,17.6,S
2021-06-16T09:12:39,4000.0,17.6,S
2021-06-16T09:12:19,9100.0,17.7,B
2021-06-16T09:12:18,200.0,17.7,B
2021-06-16T09:12:08,100.0,17.7,S
2021-06-16T09:11:15,200.0,17.7,B
2021-06-16T09:11:13,1300.0,17.7,S
2021-06-16T09:11:01,3000.0,17.7,S
2021-06-16T09:10:52,100.0,17.7,S
2021-06-16T09:10:04,200.0,17.7,S
2021-06-16T09:09:56,1000.0,17.7,S
2021-06-16T09:08:46,2100.0,17.8,S
2021-06-16T09:08:42,2000.0,17.8,B
2021-06-16T09:08:06,1000.0,17.8,S
2021-06-16T09:07:40,500.0,17.7,S
2021-06-16T09:07:06,1000.0,17.7,S
2021-06-16T09:06:57,3000.0,17.9,B
2021-06-16T09:06:05,2000.0,17.8,B
2021-06-16T09:05:50,100.0,17.8,B
2021-06-16T09:05:42,600.0,17.8,S
2021-06-16T09:05:26,100.0,17.9,B
2021-06-16T09:05:06,400.0,17.9,S
2021-06-16T09:04:55,500.0,17.9,S
2021-06-16T09:04:53,600.0,18.0,B
2021-06-16T09:04:52,500.0,18.0,B
2021-06-16T09:04:47,300.0,18.0,B
2021-06-16T09:04:47,100.0,18.0,B
2021-06-16T09:04:30,900.0,18.0,B
2021-06-16T09:04:23,2100.0,17.9,S
2021-06-16T09:04:15,5000.0,17.9,B
2021-06-16T09:03:51,500.0,17.8,S
2021-06-16T09:02:46,700.0,17.7,S
2021-06-16T09:02:29,1000.0,17.7,B
2021-06-16T09:02:07,100.0,17.5,S
2021-06-16T09:02:02,100.0,17.6,S
2021-06-16T09:01:56,2000.0,17.6,B
2021-06-16T09:01:51,300.0,17.5,S
2021-06-16T09:01:39,500.0,17.6,B
2021-06-16T09:01:23,100.0,17.6,B
2021-06-16T09:01:17,500.0,17.6,B
2021-06-16T09:01:08,100.0,17.6,B
2021-06-16T09:01:06,300.0,17.7,B
2021-06-16T09:00:58,500.0,17.5,S
2021-06-16T09:00:38,3700.0,17.5,B
2021-06-16T09:00:36,3000.0,17.5,B
2021-06-16T09:00:34,1400.0,17.5,B
2021-06-16T09:00:30,700.0,17.5,B
2021-06-16T09:00:24,500.0,17.5,B
2021-06-16T09:00:20,500.0,17.5,B
