tradingTime,volume,price,side
2021-06-16T14:19:04,1000.0,36.6,S
2021-06-16T14:18:47,500.0,36.6,S
2021-06-16T14:18:38,200.0,36.6,S
2021-06-16T14:17:27,1000.0,36.6,S
2021-06-16T14:17:14,100.0,36.6,S
2021-06-16T14:17:12,800.0,36.55,S
2021-06-16T14:16:26,400.0,36.6,S
2021-06-16T14:15:08,3000.0,36.55,S
2021-06-16T14:08:11,500.0,36.65,S
2021-06-16T14:05:20,700.0,36.65,B
2021-06-16T14:02:20,100.0,36.6,S
2021-06-16T13:57:29,100.0,36.55,B
2021-06-16T13:57:05,300.0,36.55,B
2021-06-16T13:57:01,900.0,36.5,S
2021-06-16T13:55:53,600.0,36.55,B
2021-06-16T13:55:00,400.0,36.55,B
2021-06-16T13:54:33,200.0,36.55,S
2021-06-16T13:53:26,200.0,36.55,S
2021-06-16T13:53:25,4100.0,36.55,S
2021-06-16T13:53:10,600.0,36.6,B
2021-06-16T13:53:00,300.0,36.6,B
2021-06-16T13:52:55,800.0,36.6,B
2021-06-16T13:52:14,500.0,36.6,B
2021-06-16T13:51:44,100.0,36.6,B
2021-06-16T13:50:44,800.0,36.6,S
2021-06-16T13:49:58,200.0,36.6,S
2021-06-16T13:49:49,2800.0,36.6,S
2021-06-16T13:49:49,2200.0,36.7,S
2021-06-16T13:49:17,100.0,36.75,S
2021-06-16T13:41:19,900.0,36.95,B
2021-06-16T13:40:48,300.0,36.95,B
2021-06-16T13:40:01,3300.0,36.95,B
2021-06-16T13:36:46,100.0,36.95,B
2021-06-16T13:36:46,900.0,36.95,B
2021-06-16T13:31:15,1900.0,36.95,B
2021-06-16T13:27:04,500.0,36.95,B
2021-06-16T13:26:33,800.0,36.95,B
2021-06-16T13:26:33,200.0,36.8,B
2021-06-16T13:24:52,3300.0,36.95,B
2021-06-16T13:24:52,700.0,36.9,B
2021-06-16T13:24:00,1400.0,36.7,S
2021-06-16T13:24:00,1000.0,36.7,S
2021-06-16T13:23:59,200.0,36.7,S
2021-06-16T13:17:02,100.0,36.7,S
2021-06-16T13:17:02,200.0,36.7,S
2021-06-16T13:14:33,200.0,36.8,B
2021-06-16T13:13:34,1000.0,36.7,S
2021-06-16T13:12:55,700.0,36.8,S
2021-06-16T13:11:32,100.0,36.9,S
2021-06-16T13:01:07,2000.0,37.0,B
2021-06-16T13:00:31,1000.0,37.0,B
2021-06-16T13:00:27,100.0,36.8,S
2021-06-16T11:27:18,1000.0,37.0,B
2021-06-16T11:26:55,700.0,37.0,B
2021-06-16T11:26:37,10000.0,37.0,B
2021-06-16T11:25:34,4300.0,36.95,B
2021-06-16T11:25:07,300.0,36.8,S
2021-06-16T11:24:46,2100.0,36.8,S
2021-06-16T11:21:32,300.0,36.7,S
2021-06-16T11:21:31,1000.0,36.8,B
2021-06-16T11:19:07,100.0,36.7,B
2021-06-16T11:14:25,300.0,36.7,B
2021-06-16T11:12:18,100.0,36.7,B
2021-06-16T11:11:01,200.0,36.7,B
2021-06-16T11:10:25,100.0,36.7,B
2021-06-16T11:09:42,2000.0,36.7,B
2021-06-16T11:09:30,100.0,36.7,B
2021-06-16T11:09:27,100.0,36.7,B
2021-06-16T11:04:28,500.0,36.7,S
2021-06-16T11:02:35,100.0,36.8,B
2021-06-16T11:02:12,200.0,36.7,S
2021-06-16T10:59:05,200.0,36.8,S
2021-06-16T10:59:01,100.0,36.85,B
2021-06-16T10:57:14,200.0,36.85,S
2021-06-16T10:57:09,1000.0,36.85,S
2021-06-16T10:56:55,1200.0,36.95,B
2021-06-16T10:56:55,800.0,36.9,B
2021-06-16T10:56:20,100.0,36.9,B
2021-06-16T10:54:12,800.0,36.9,B
2021-06-16T10:54:12,200.0,36.9,B
2021-06-16T10:53:52,1000.0,36.9,B
2021-06-16T10:53:35,600.0,36.9,B
2021-06-16T10:52:39,200.0,36.85,B
2021-06-16T10:52:22,300.0,36.85,B
2021-06-16T10:52:21,500.0,36.85,B
2021-06-16T10:51:54,1000.0,36.8,B
2021-06-16T10:50:45,1000.0,36.8,B
2021-06-16T10:50:28,100.0,36.8,B
2021-06-16T10:49:58,400.0,36.8,B
2021-06-16T10:49:56,200.0,36.8,B
2021-06-16T10:49:05,4300.0,36.8,B
2021-06-16T10:48:33,1000.0,36.7,B
2021-06-16T10:48:10,100.0,36.5,S
2021-06-16T10:48:10,700.0,36.5,S
2021-06-16T10:45:40,800.0,36.5,B
2021-06-16T10:42:33,500.0,36.4,B
2021-06-16T10:42:26,200.0,36.4,B
2021-06-16T10:41:57,100.0,36.35,S
2021-06-16T10:41:38,100.0,36.35,S
2021-06-16T10:41:18,2000.0,36.0,S
2021-06-16T10:41:02,3000.0,36.3,S
2021-06-16T10:40:48,100.0,36.35,S
2021-06-16T10:40:46,100.0,36.35,S
2021-06-16T10:40:21,400.0,36.35,S
2021-06-16T10:40:17,500.0,36.4,B
2021-06-16T10:38:48,300.0,36.4,S
2021-06-16T10:38:38,900.0,36.4,S
2021-06-16T10:38:11,100.0,36.5,B
2021-06-16T10:38:08,200.0,36.5,B
2021-06-16T10:37:53,100.0,36.4,S
2021-06-16T10:37:18,900.0,36.5,S
2021-06-16T10:36:45,2000.0,36.5,S
2021-06-16T10:35:30,1000.0,36.5,S
2021-06-16T10:30:57,700.0,36.8,S
2021-06-16T10:27:06,100.0,36.8,S
2021-06-16T10:26:57,500.0,36.85,S
2021-06-16T10:26:01,1000.0,36.85,S
2021-06-16T10:25:10,100.0,36.9,B
2021-06-16T10:25:03,400.0,36.85,S
2021-06-16T10:24:17,300.0,36.85,S
2021-06-16T10:22:46,1000.0,36.85,S
2021-06-16T10:21:27,200.0,36.9,B
2021-06-16T10:20:28,200.0,36.9,B
2021-06-16T10:18:46,300.0,36.9,B
2021-06-16T10:18:21,400.0,36.9,B
2021-06-16T10:17:44,700.0,36.9,S
2021-06-16T10:17:32,600.0,36.9,S
2021-06-16T10:17:19,2000.0,36.9,S
2021-06-16T10:16:01,400.0,36.9,S
2021-06-16T10:15:04,2200.0,36.9,S
2021-06-16T10:14:21,100.0,36.9,S
2021-06-16T10:13:11,2000.0,36.9,S
2021-06-16T10:09:50,700.0,36.9,S
2021-06-16T10:03:54,1000.0,37.0,S
2021-06-16T10:03:00,2000.0,36.9,S
2021-06-16T10:02:19,1000.0,37.1,B
2021-06-16T09:59:29,500.0,36.95,S
2021-06-16T09:58:00,700.0,36.95,S
2021-06-16T09:57:40,100.0,37.0,B
2021-06-16T09:56:38,400.0,37.0,B
2021-06-16T09:56:04,100.0,37.0,B
2021-06-16T09:51:02,1600.0,37.1,B
2021-06-16T09:51:02,900.0,37.0,S
2021-06-16T09:50:30,100.0,37.0,S
2021-06-16T09:49:49,1000.0,37.0,S
2021-06-16T09:49:23,400.0,37.0,S
2021-06-16T09:49:23,200.0,37.0,S
2021-06-16T09:49:23,10300.0,37.0,S
2021-06-16T09:49:23,400.0,37.0,S
2021-06-16T09:49:23,3700.0,37.0,S
2021-06-16T09:46:30,1000.0,37.1,B
2021-06-16T09:45:25,600.0,37.1,B
2021-06-16T09:45:23,3900.0,37.1,B
2021-06-16T09:45:11,100.0,37.1,B
2021-06-16T09:43:31,1900.0,37.1,S
2021-06-16T09:43:03,3900.0,37.1,S
2021-06-16T09:40:44,200.0,37.2,B
2021-06-16T09:40:20,4000.0,37.1,S
2021-06-16T09:37:51,100.0,37.1,S
2021-06-16T09:36:35,700.0,37.1,S
2021-06-16T09:36:30,500.0,37.1,S
2021-06-16T09:35:53,2000.0,37.2,S
2021-06-16T09:35:44,1000.0,37.2,S
2021-06-16T09:34:02,200.0,37.1,S
2021-06-16T09:33:57,500.0,37.1,S
2021-06-16T09:32:11,1500.0,37.1,S
2021-06-16T09:30:57,1700.0,37.3,B
2021-06-16T09:30:49,400.0,37.2,S
2021-06-16T09:30:49,200.0,37.2,S
2021-06-16T09:30:46,2000.0,37.2,S
2021-06-16T09:29:57,3000.0,37.2,S
2021-06-16T09:27:50,4200.0,37.3,S
2021-06-16T09:26:43,2000.0,37.3,S
2021-06-16T09:26:23,100.0,37.4,S
2021-06-16T09:26:22,200.0,37.45,B
2021-06-16T09:25:55,1000.0,37.4,S
2021-06-16T09:24:47,300.0,37.45,B
2021-06-16T09:24:47,400.0,37.45,B
2021-06-16T09:24:43,1000.0,37.45,B
2021-06-16T09:24:39,2000.0,37.45,B
2021-06-16T09:24:27,100.0,37.45,B
2021-06-16T09:23:52,3000.0,37.45,S
2021-06-16T09:23:29,1800.0,37.5,B
2021-06-16T09:23:11,1400.0,37.5,B
2021-06-16T09:22:26,100.0,37.45,S
2021-06-16T09:22:08,1000.0,37.45,S
2021-06-16T09:21:18,500.0,37.45,S
2021-06-16T09:20:57,200.0,37.45,S
2021-06-16T09:20:49,100.0,37.5,B
2021-06-16T09:20:49,1600.0,37.5,B
2021-06-16T09:20:49,2000.0,37.5,B
2021-06-16T09:20:49,1100.0,37.5,B
2021-06-16T09:20:49,100.0,37.5,B
2021-06-16T09:20:49,3000.0,37.5,B
2021-06-16T09:20:42,200.0,37.45,B
2021-06-16T09:20:14,6600.0,37.45,B
2021-06-16T09:20:01,400.0,37.4,S
2021-06-16T09:19:39,3000.0,37.4,S
2021-06-16T09:19:32,200.0,37.4,S
2021-06-16T09:19:28,200.0,37.45,B
2021-06-16T09:19:28,400.0,37.45,B
2021-06-16T09:19:27,600.0,37.45,B
2021-06-16T09:18:46,500.0,37.4,B
2021-06-16T09:18:38,400.0,37.4,B
2021-06-16T09:18:02,1500.0,37.4,B
2021-06-16T09:17:43,1000.0,37.3,S
2021-06-16T09:17:38,200.0,37.4,B
2021-06-16T09:17:28,2500.0,37.3,S
2021-06-16T09:17:14,200.0,37.3,S
2021-06-16T09:16:56,1700.0,37.3,B
2021-06-16T09:16:18,3000.0,37.2,B
2021-06-16T09:15:55,2000.0,37.2,B
2021-06-16T09:15:55,3000.0,37.2,B
2021-06-16T09:15:47,400.0,37.1,S
