tradingTime,volume,price,side
2021-06-16T14:22:08,5000.0,7.12,S
2021-06-16T14:19:43,100.0,7.13,B
2021-06-16T14:19:43,4900.0,7.13,B
2021-06-16T14:19:43,7100.0,7.12,B
2021-06-16T14:19:43,2900.0,7.12,B
2021-06-16T14:19:36,1000.0,7.12,B
2021-06-16T14:19:33,2000.0,7.12,B
2021-06-16T14:19:30,1000.0,7.12,B
2021-06-16T14:19:23,1000.0,7.12,B
2021-06-16T14:19:21,500.0,7.12,B
2021-06-16T14:19:06,600.0,7.12,B
2021-06-16T14:18:58,2000.0,7.12,B
2021-06-16T14:18:58,2000.0,7.12,B
2021-06-16T14:18:58,300.0,7.12,B
2021-06-16T14:18:53,1000.0,7.12,B
2021-06-16T14:18:50,5000.0,7.12,B
2021-06-16T14:18:45,10000.0,7.12,B
2021-06-16T14:18:38,500.0,7.12,B
2021-06-16T14:18:04,10000.0,7.12,B
2021-06-16T14:18:04,5200.0,7.12,B
2021-06-16T14:18:04,900.0,7.12,B
2021-06-16T14:17:58,200.0,7.12,B
2021-06-16T14:17:56,1000.0,7.12,B
2021-06-16T14:17:31,1000.0,7.12,B
2021-06-16T14:17:24,100.0,7.13,B
2021-06-16T14:17:18,5000.0,7.12,B
2021-06-16T14:17:10,400.0,7.12,B
2021-06-16T14:17:06,600.0,7.12,B
2021-06-16T14:17:05,5500.0,7.12,B
2021-06-16T14:17:04,4500.0,7.12,B
2021-06-16T14:17:01,1000.0,7.12,B
2021-06-16T14:16:58,7000.0,7.12,B
2021-06-16T14:16:51,1500.0,7.12,B
2021-06-16T14:16:50,500.0,7.12,B
2021-06-16T14:16:47,3000.0,7.13,B
2021-06-16T14:16:45,3000.0,7.12,B
2021-06-16T14:16:43,1000.0,7.12,B
2021-06-16T14:16:19,300.0,7.13,B
2021-06-16T14:16:19,6400.0,7.13,B
2021-06-16T14:16:19,600.0,7.13,B
2021-06-16T14:16:19,2100.0,7.13,B
2021-06-16T14:16:19,10700.0,7.13,B
2021-06-16T14:16:18,200.0,7.13,B
2021-06-16T14:16:16,5000.0,7.12,B
2021-06-16T14:16:16,100.0,7.12,B
2021-06-16T14:16:15,1000.0,7.12,B
2021-06-16T14:16:13,1000.0,7.12,B
2021-06-16T14:16:08,300.0,7.12,B
2021-06-16T14:16:07,5000.0,7.11,S
2021-06-16T14:15:52,300.0,7.12,B
2021-06-16T14:15:29,1000.0,7.12,B
2021-06-16T14:15:26,200.0,7.12,B
2021-06-16T14:15:26,1000.0,7.12,B
2021-06-16T14:15:25,1000.0,7.12,B
2021-06-16T14:15:18,100.0,7.12,B
2021-06-16T14:15:10,100.0,7.13,B
2021-06-16T14:14:57,6200.0,7.12,B
2021-06-16T14:14:46,700.0,7.13,B
2021-06-16T14:14:46,5700.0,7.13,B
2021-06-16T14:14:46,1000.0,7.13,B
2021-06-16T14:14:46,2600.0,7.13,B
2021-06-16T14:14:23,8700.0,7.13,B
2021-06-16T14:14:23,1300.0,7.13,B
2021-06-16T14:14:05,5000.0,7.13,B
2021-06-16T14:13:57,5000.0,7.12,S
2021-06-16T14:13:48,13600.0,7.12,S
2021-06-16T14:13:05,5000.0,7.12,S
2021-06-16T14:13:00,500.0,7.12,S
2021-06-16T14:12:56,1000.0,7.12,S
2021-06-16T14:12:28,3000.0,7.12,S
2021-06-16T14:12:18,300.0,7.12,S
2021-06-16T14:12:17,800.0,7.12,S
2021-06-16T14:12:09,5000.0,7.11,S
2021-06-16T14:12:02,400.0,7.13,B
2021-06-16T14:11:01,100.0,7.12,S
2021-06-16T14:10:52,1400.0,7.13,B
2021-06-16T14:10:43,200.0,7.12,S
2021-06-16T14:10:43,300.0,7.12,S
2021-06-16T14:10:34,2100.0,7.12,S
2021-06-16T14:10:30,2000.0,7.12,S
2021-06-16T14:10:30,9000.0,7.12,S
2021-06-16T14:10:29,2600.0,7.12,S
2021-06-16T14:10:29,3000.0,7.12,S
2021-06-16T14:10:28,300.0,7.12,S
2021-06-16T14:10:27,10000.0,7.12,S
2021-06-16T14:09:54,2000.0,7.12,S
2021-06-16T14:09:02,1000.0,7.12,S
2021-06-16T14:08:36,3300.0,7.12,B
2021-06-16T14:08:36,700.0,7.12,B
2021-06-16T14:08:36,9800.0,7.12,B
2021-06-16T14:08:35,200.0,7.12,B
2021-06-16T14:08:25,700.0,7.12,B
2021-06-16T14:08:12,1000.0,7.12,B
2021-06-16T14:08:10,10000.0,7.12,B
2021-06-16T14:07:36,13700.0,7.12,B
2021-06-16T14:07:36,2800.0,7.12,B
2021-06-16T14:07:35,500.0,7.12,B
2021-06-16T14:07:02,500.0,7.12,B
2021-06-16T14:06:53,3700.0,7.12,B
2021-06-16T14:06:47,1600.0,7.11,S
2021-06-16T14:06:28,1000.0,7.12,B
2021-06-16T14:06:16,200.0,7.12,B
2021-06-16T14:06:09,300.0,7.12,B
2021-06-16T14:05:50,10000.0,7.12,B
2021-06-16T14:05:49,50000.0,7.12,B
2021-06-16T14:05:43,1000.0,7.12,B
2021-06-16T14:05:40,2000.0,7.12,B
2021-06-16T14:05:24,4400.0,7.12,S
2021-06-16T14:05:24,3400.0,7.12,S
2021-06-16T14:05:24,6000.0,7.12,S
2021-06-16T14:05:24,18800.0,7.12,S
2021-06-16T14:05:24,3300.0,7.12,S
2021-06-16T14:05:21,2000.0,7.12,S
2021-06-16T14:05:14,3100.0,7.13,B
2021-06-16T14:05:14,1000.0,7.13,B
2021-06-16T14:05:14,13900.0,7.13,B
2021-06-16T14:05:13,200.0,7.13,B
2021-06-16T14:04:58,100.0,7.12,S
2021-06-16T14:04:51,2500.0,7.12,S
2021-06-16T14:04:46,1000.0,7.13,B
2021-06-16T14:04:38,4200.0,7.13,B
2021-06-16T14:04:38,200.0,7.13,B
2021-06-16T14:04:38,800.0,7.13,B
2021-06-16T14:04:31,200.0,7.12,S
2021-06-16T14:04:29,8300.0,7.13,B
2021-06-16T14:04:25,500.0,7.13,B
2021-06-16T14:04:18,300.0,7.12,S
2021-06-16T14:04:15,1000.0,7.12,S
2021-06-16T14:04:13,20000.0,7.12,S
2021-06-16T14:04:04,3000.0,7.12,S
2021-06-16T14:04:03,3400.0,7.13,B
2021-06-16T14:03:59,6900.0,7.13,B
2021-06-16T14:03:48,100.0,7.12,S
2021-06-16T14:03:47,2000.0,7.13,B
2021-06-16T14:03:25,20000.0,7.12,S
2021-06-16T14:03:14,10000.0,7.13,B
2021-06-16T14:03:13,10000.0,7.13,B
2021-06-16T14:03:06,100.0,7.13,B
2021-06-16T14:03:00,10000.0,7.13,B
2021-06-16T14:03:00,2300.0,7.13,B
2021-06-16T14:02:57,4000.0,7.13,B
2021-06-16T14:02:56,100.0,7.13,B
2021-06-16T14:02:53,100.0,7.13,B
2021-06-16T14:02:50,400.0,7.13,B
2021-06-16T14:02:46,8500.0,7.13,B
2021-06-16T14:02:46,35000.0,7.13,B
2021-06-16T14:02:45,500.0,7.13,B
2021-06-16T14:02:45,100.0,7.13,B
2021-06-16T14:02:45,8000.0,7.13,B
2021-06-16T14:02:45,2500.0,7.13,B
2021-06-16T14:02:45,15400.0,7.13,B
2021-06-16T14:02:41,20000.0,7.13,B
2021-06-16T14:02:41,2000.0,7.13,B
2021-06-16T14:02:33,600.0,7.12,S
2021-06-16T14:02:29,50000.0,7.12,S
2021-06-16T14:02:24,4800.0,7.13,B
2021-06-16T14:02:24,13000.0,7.13,B
2021-06-16T14:02:24,3400.0,7.13,B
2021-06-16T14:02:24,2200.0,7.13,B
2021-06-16T14:02:24,16300.0,7.13,B
2021-06-16T14:02:24,6900.0,7.13,B
2021-06-16T14:02:23,3400.0,7.13,B
2021-06-16T14:02:20,500.0,7.13,B
2021-06-16T14:02:19,300.0,7.13,B
2021-06-16T14:02:15,700.0,7.13,B
2021-06-16T14:02:09,100.0,7.13,B
2021-06-16T14:01:45,5000.0,7.13,B
2021-06-16T14:01:42,100.0,7.13,B
2021-06-16T14:01:16,2000.0,7.13,B
2021-06-16T14:01:14,100.0,7.12,S
2021-06-16T14:00:25,500.0,7.13,B
2021-06-16T14:00:22,1000.0,7.12,S
2021-06-16T14:00:22,58500.0,7.12,S
2021-06-16T14:00:15,100.0,7.12,S
2021-06-16T14:00:12,1000.0,7.13,B
2021-06-16T13:59:54,1600.0,7.12,S
2021-06-16T13:59:26,1000.0,7.12,S
2021-06-16T13:59:26,1000.0,7.12,S
2021-06-16T13:59:25,1000.0,7.12,S
2021-06-16T13:58:58,30000.0,7.12,S
2021-06-16T13:58:56,3500.0,7.13,B
2021-06-16T13:58:44,200.0,7.12,S
2021-06-16T13:58:43,300.0,7.12,S
2021-06-16T13:58:37,1000.0,7.13,B
2021-06-16T13:58:33,3500.0,7.12,S
2021-06-16T13:58:27,50000.0,7.12,S
2021-06-16T13:58:04,100.0,7.12,S
2021-06-16T13:58:00,1000.0,7.12,S
2021-06-16T13:57:51,1000.0,7.12,S
2021-06-16T13:57:21,2300.0,7.12,B
2021-06-16T13:57:21,2700.0,7.12,B
2021-06-16T13:57:05,15100.0,7.12,B
2021-06-16T13:56:54,1000.0,7.13,B
2021-06-16T13:56:36,700.0,7.13,B
2021-06-16T13:56:36,4300.0,7.13,B
2021-06-16T13:56:30,1200.0,7.12,B
2021-06-16T13:56:25,300.0,7.12,B
2021-06-16T13:56:25,500.0,7.12,B
2021-06-16T13:56:19,200.0,7.12,B
2021-06-16T13:56:17,2500.0,7.12,B
2021-06-16T13:56:17,2500.0,7.12,B
2021-06-16T13:56:01,1000.0,7.13,B
2021-06-16T13:55:50,2200.0,7.12,B
2021-06-16T13:55:37,2300.0,7.12,B
2021-06-16T13:55:37,15200.0,7.12,B
2021-06-16T13:55:37,300.0,7.12,B
2021-06-16T13:55:37,14500.0,7.12,B
2021-06-16T13:55:37,10000.0,7.12,B
2021-06-16T13:55:31,200.0,7.12,B
2021-06-16T13:55:30,100.0,7.12,B
2021-06-16T13:55:30,27200.0,7.12,B
2021-06-16T13:55:30,400.0,7.12,B
2021-06-16T13:55:30,9900.0,7.12,B
2021-06-16T13:55:30,5800.0,7.12,B
2021-06-16T13:55:30,2200.0,7.12,B
2021-06-16T13:55:30,1000.0,7.12,B
2021-06-16T13:55:29,3500.0,7.12,B
2021-06-16T13:54:55,2200.0,7.12,B
2021-06-16T13:54:55,4000.0,7.12,B
2021-06-16T13:54:55,100.0,7.12,B
2021-06-16T13:54:55,4500.0,7.12,B
2021-06-16T13:54:55,5200.0,7.12,B
2021-06-16T13:54:55,3600.0,7.12,B
2021-06-16T13:54:55,8900.0,7.12,B
2021-06-16T13:54:55,400.0,7.12,B
2021-06-16T13:54:55,1100.0,7.12,B
2021-06-16T13:54:49,100.0,7.12,B
2021-06-16T13:54:48,2500.0,7.12,B
2021-06-16T13:54:43,3000.0,7.11,S
2021-06-16T13:54:30,1000.0,7.11,B
2021-06-16T13:54:25,100.0,7.12,B
2021-06-16T13:54:01,400.0,7.12,B
2021-06-16T13:53:44,5000.0,7.12,B
2021-06-16T13:53:37,4700.0,7.12,B
2021-06-16T13:53:03,5000.0,7.12,B
2021-06-16T13:53:01,100.0,7.11,B
2021-06-16T13:52:42,200.0,7.11,B
2021-06-16T13:52:42,100.0,7.11,B
2021-06-16T13:52:18,27200.0,7.12,B
2021-06-16T13:52:18,5800.0,7.11,B
2021-06-16T13:52:18,17000.0,7.11,B
2021-06-16T13:52:11,1000.0,7.11,B
2021-06-16T13:52:00,500.0,7.11,B
2021-06-16T13:51:56,13800.0,7.11,B
2021-06-16T13:51:32,4800.0,7.11,B
2021-06-16T13:51:17,1000.0,7.11,B
2021-06-16T13:51:16,200.0,7.11,B
2021-06-16T13:51:16,2000.0,7.11,B
2021-06-16T13:51:13,300.0,7.1,S
2021-06-16T13:51:10,2000.0,7.11,B
2021-06-16T13:51:09,500.0,7.11,B
2021-06-16T13:51:07,5000.0,7.11,B
2021-06-16T13:51:00,1000.0,7.1,S
2021-06-16T13:50:53,24000.0,7.11,B
2021-06-16T13:50:37,300.0,7.11,B
2021-06-16T13:50:34,600.0,7.11,B
2021-06-16T13:50:33,3300.0,7.11,B
2021-06-16T13:50:33,6700.0,7.11,B
2021-06-16T13:50:32,1000.0,7.11,B
2021-06-16T13:50:20,10000.0,7.11,B
2021-06-16T13:50:07,3000.0,7.11,B
2021-06-16T13:50:02,100.0,7.1,S
2021-06-16T13:49:58,3000.0,7.11,B
2021-06-16T13:49:54,200.0,7.11,B
2021-06-16T13:49:52,1200.0,7.1,S
2021-06-16T13:49:52,800.0,7.1,S
2021-06-16T13:49:49,1400.0,7.1,S
2021-06-16T13:49:49,600.0,7.1,S
2021-06-16T13:49:42,1300.0,7.11,B
2021-06-16T13:49:41,5800.0,7.11,B
2021-06-16T13:49:29,500.0,7.11,B
2021-06-16T13:49:20,3900.0,7.11,B
2021-06-16T13:49:20,2000.0,7.11,B
2021-06-16T13:49:20,10400.0,7.11,B
2021-06-16T13:49:20,3700.0,7.11,B
2021-06-16T13:49:16,200.0,7.11,B
2021-06-16T13:48:55,3500.0,7.11,B
2021-06-16T13:48:52,500.0,7.11,B
2021-06-16T13:48:47,300.0,7.1,S
2021-06-16T13:48:43,500.0,7.11,B
2021-06-16T13:48:39,200.0,7.11,B
2021-06-16T13:48:36,100.0,7.11,B
2021-06-16T13:48:25,5000.0,7.11,B
2021-06-16T13:48:23,400.0,7.11,B
2021-06-16T13:48:16,5000.0,7.11,B
2021-06-16T13:48:07,3000.0,7.11,B
2021-06-16T13:48:04,1000.0,7.11,B
2021-06-16T13:47:56,1800.0,7.11,B
2021-06-16T13:47:48,300.0,7.11,B
2021-06-16T13:47:40,1000.0,7.11,B
2021-06-16T13:47:37,7000.0,7.1,S
2021-06-16T13:47:33,3000.0,7.1,S
2021-06-16T13:47:31,200.0,7.11,B
2021-06-16T13:47:29,4000.0,7.11,B
2021-06-16T13:47:24,2800.0,7.11,B
2021-06-16T13:47:19,400.0,7.11,B
2021-06-16T13:46:43,400.0,7.11,B
2021-06-16T13:46:35,70000.0,7.11,B
2021-06-16T13:46:29,500.0,7.11,B
2021-06-16T13:46:27,100.0,7.11,B
2021-06-16T13:46:25,1000.0,7.1,S
2021-06-16T13:46:24,200.0,7.11,B
2021-06-16T13:46:21,35900.0,7.1,S
2021-06-16T13:46:12,2000.0,7.1,S
2021-06-16T13:46:07,2000.0,7.11,B
2021-06-16T13:46:05,10000.0,7.11,B
2021-06-16T13:46:02,100.0,7.1,S
2021-06-16T13:45:48,200.0,7.1,S
2021-06-16T13:45:23,500.0,7.1,S
2021-06-16T13:45:22,5000.0,7.1,S
2021-06-16T13:45:22,100.0,7.1,S
2021-06-16T13:45:21,2500.0,7.1,S
2021-06-16T13:45:18,100.0,7.1,S
2021-06-16T13:45:17,1500.0,7.1,S
2021-06-16T13:45:15,5000.0,7.11,B
2021-06-16T13:45:04,2000.0,7.1,S
2021-06-16T13:45:02,1000.0,7.1,S
2021-06-16T13:44:53,100.0,7.1,S
2021-06-16T13:44:52,4800.0,7.11,B
2021-06-16T13:44:47,20000.0,7.1,S
2021-06-16T13:44:37,10000.0,7.1,S
2021-06-16T13:44:30,900.0,7.1,S
2021-06-16T13:44:12,700.0,7.1,S
2021-06-16T13:44:04,10000.0,7.1,S
2021-06-16T13:44:03,1000.0,7.11,B
2021-06-16T13:44:01,1000.0,7.1,B
2021-06-16T13:43:48,2400.0,7.11,B
2021-06-16T13:43:45,200.0,7.1,B
2021-06-16T13:43:32,3000.0,7.11,B
2021-06-16T13:43:31,200.0,7.1,B
2021-06-16T13:43:26,2000.0,7.1,B
2021-06-16T13:43:22,3000.0,7.1,B
2021-06-16T13:43:12,300.0,7.1,B
2021-06-16T13:43:12,1000.0,7.1,B
2021-06-16T13:43:12,700.0,7.1,B
2021-06-16T13:43:11,2000.0,7.09,S
2021-06-16T13:43:08,10000.0,7.1,B
2021-06-16T13:43:03,200.0,7.09,S
2021-06-16T13:42:55,1300.0,7.1,B
2021-06-16T13:42:55,21200.0,7.08,S
2021-06-16T13:42:55,2900.0,7.09,S
2021-06-16T13:42:55,700.0,7.09,S
2021-06-16T13:42:54,3200.0,7.09,S
2021-06-16T13:42:53,7000.0,7.1,B
2021-06-16T13:42:49,3400.0,7.1,B
2021-06-16T13:42:49,16600.0,7.1,B
2021-06-16T13:42:44,400.0,7.1,B
2021-06-16T13:42:30,7700.0,7.1,B
2021-06-16T13:42:30,2300.0,7.1,B
2021-06-16T13:42:30,300.0,7.09,S
2021-06-16T13:42:29,200.0,7.09,S
2021-06-16T13:42:26,500.0,7.1,B
2021-06-16T13:42:24,100.0,7.1,B
2021-06-16T13:42:23,300.0,7.09,S
2021-06-16T13:42:18,500.0,7.1,B
2021-06-16T13:41:42,900.0,7.09,S
2021-06-16T13:41:42,300.0,7.09,S
2021-06-16T13:41:38,100.0,7.1,S
2021-06-16T13:41:37,2000.0,7.1,S
2021-06-16T13:41:32,1000.0,7.09,S
2021-06-16T13:41:28,100.0,7.1,S
2021-06-16T13:41:22,100.0,7.1,S
2021-06-16T13:41:17,200.0,7.1,S
2021-06-16T13:41:16,8400.0,7.09,S
2021-06-16T13:41:16,100.0,7.09,S
2021-06-16T13:41:16,3800.0,7.09,S
2021-06-16T13:41:16,1000.0,7.09,S
2021-06-16T13:41:16,700.0,7.09,S
2021-06-16T13:41:10,200.0,7.1,S
2021-06-16T13:41:07,5000.0,7.1,S
2021-06-16T13:41:00,2200.0,7.1,S
2021-06-16T13:40:57,1000.0,7.1,S
2021-06-16T13:40:56,1300.0,7.1,S
2021-06-16T13:40:36,3400.0,7.1,B
2021-06-16T13:40:35,2600.0,7.1,B
2021-06-16T13:40:35,43700.0,7.1,B
2021-06-16T13:40:28,2000.0,7.09,S
2021-06-16T13:40:24,500.0,7.09,S
2021-06-16T13:40:18,2100.0,7.1,B
2021-06-16T13:40:14,1000.0,7.09,S
2021-06-16T13:40:13,7000.0,7.1,B
2021-06-16T13:40:13,43000.0,7.1,B
2021-06-16T13:40:12,200.0,7.09,S
2021-06-16T13:40:10,100.0,7.1,B
2021-06-16T13:40:04,1000.0,7.09,S
2021-06-16T13:39:55,100.0,7.1,B
2021-06-16T13:39:52,100.0,7.1,B
2021-06-16T13:39:52,2000.0,7.1,B
2021-06-16T13:39:36,300.0,7.1,S
2021-06-16T13:39:22,5000.0,7.1,S
2021-06-16T13:39:22,3000.0,7.1,S
2021-06-16T13:39:19,1300.0,7.1,S
2021-06-16T13:39:18,200.0,7.1,S
2021-06-16T13:39:16,200.0,7.1,S
2021-06-16T13:39:13,400.0,7.1,S
2021-06-16T13:39:13,1000.0,7.1,S
2021-06-16T13:39:12,11700.0,7.1,S
2021-06-16T13:39:10,6000.0,7.1,S
2021-06-16T13:39:09,10000.0,7.1,S
2021-06-16T13:39:06,5000.0,7.1,S
2021-06-16T13:39:02,2000.0,7.1,S
2021-06-16T13:38:58,300.0,7.1,S
2021-06-16T13:38:58,10000.0,7.1,S
2021-06-16T13:38:55,5000.0,7.1,S
2021-06-16T13:38:54,5000.0,7.1,S
2021-06-16T13:38:50,14300.0,7.1,S
2021-06-16T13:38:49,5000.0,7.1,S
2021-06-16T13:38:48,5000.0,7.1,S
2021-06-16T13:38:46,2000.0,7.11,B
2021-06-16T13:38:31,2000.0,7.1,S
2021-06-16T13:38:29,1000.0,7.1,S
2021-06-16T13:38:27,800.0,7.1,S
2021-06-16T13:38:24,900.0,7.11,B
2021-06-16T13:38:18,4000.0,7.1,S
2021-06-16T13:38:04,1900.0,7.11,B
2021-06-16T13:38:04,6000.0,7.1,S
2021-06-16T13:38:02,6800.0,7.1,S
2021-06-16T13:38:01,3200.0,7.1,S
2021-06-16T13:37:58,300.0,7.1,S
2021-06-16T13:37:58,3000.0,7.11,B
2021-06-16T13:37:43,2000.0,7.11,B
2021-06-16T13:37:41,1000.0,7.1,S
2021-06-16T13:37:32,5000.0,7.1,S
2021-06-16T13:37:21,2000.0,7.11,B
2021-06-16T13:37:16,100.0,7.11,B
2021-06-16T13:37:07,500.0,7.11,B
2021-06-16T13:37:05,2000.0,7.11,B
2021-06-16T13:37:05,3800.0,7.11,B
2021-06-16T13:37:02,100.0,7.11,B
2021-06-16T13:36:49,700.0,7.11,S
2021-06-16T13:36:42,1700.0,7.11,S
2021-06-16T13:36:28,100.0,7.11,S
2021-06-16T13:36:28,1100.0,7.11,S
2021-06-16T13:36:28,1000.0,7.11,S
2021-06-16T13:36:28,20200.0,7.11,S
2021-06-16T13:36:28,15800.0,7.11,S
2021-06-16T13:36:28,17800.0,7.11,S
2021-06-16T13:36:28,1000.0,7.11,S
2021-06-16T13:36:27,22800.0,7.11,S
2021-06-16T13:36:26,1000.0,7.12,B
2021-06-16T13:36:26,200.0,7.11,S
2021-06-16T13:36:20,10000.0,7.11,S
2021-06-16T13:36:19,1000.0,7.12,B
2021-06-16T13:36:17,100.0,7.12,B
2021-06-16T13:36:14,2700.0,7.12,B
2021-06-16T13:36:12,5000.0,7.12,B
2021-06-16T13:36:09,500.0,7.11,S
2021-06-16T13:35:52,40300.0,7.11,S
2021-06-16T13:35:52,9700.0,7.11,S
2021-06-16T13:35:47,5000.0,7.12,B
2021-06-16T13:35:42,2000.0,7.12,B
2021-06-16T13:35:41,5200.0,7.12,B
2021-06-16T13:35:30,100.0,7.12,B
2021-06-16T13:35:22,100.0,7.11,S
2021-06-16T13:35:21,2000.0,7.12,B
2021-06-16T13:35:17,200.0,7.12,B
2021-06-16T13:35:06,4000.0,7.12,B
2021-06-16T13:35:03,300.0,7.12,B
2021-06-16T13:35:02,4000.0,7.12,B
2021-06-16T13:34:52,1000.0,7.12,B
2021-06-16T13:34:49,10000.0,7.12,B
2021-06-16T13:34:37,200.0,7.12,B
2021-06-16T13:34:32,1000.0,7.12,B
2021-06-16T13:34:25,100.0,7.12,B
2021-06-16T13:34:16,2000.0,7.13,B
2021-06-16T13:34:16,11100.0,7.13,B
2021-06-16T13:34:16,1500.0,7.13,B
2021-06-16T13:34:15,400.0,7.12,B
2021-06-16T13:34:15,1000.0,7.12,B
2021-06-16T13:34:12,100.0,7.11,S
2021-06-16T13:34:07,1000.0,7.12,B
2021-06-16T13:34:03,500.0,7.12,B
2021-06-16T13:34:03,1000.0,7.12,B
2021-06-16T13:33:46,2200.0,7.12,B
2021-06-16T13:33:46,200.0,7.12,B
2021-06-16T13:33:46,4800.0,7.12,B
2021-06-16T13:33:43,600.0,7.12,B
2021-06-16T13:33:42,100.0,7.12,B
2021-06-16T13:33:37,700.0,7.12,B
2021-06-16T13:33:36,2100.0,7.12,B
2021-06-16T13:33:30,400.0,7.12,B
2021-06-16T13:33:29,1100.0,7.12,B
2021-06-16T13:33:29,200.0,7.12,B
2021-06-16T13:33:19,1000.0,7.12,B
2021-06-16T13:33:15,2700.0,7.12,B
2021-06-16T13:33:15,2000.0,7.12,B
2021-06-16T13:33:04,2400.0,7.12,B
2021-06-16T13:33:00,6700.0,7.12,B
2021-06-16T13:33:00,2000.0,7.12,B
2021-06-16T13:32:56,15000.0,7.12,B
2021-06-16T13:32:56,6000.0,7.12,B
2021-06-16T13:32:53,5700.0,7.12,B
2021-06-16T13:32:53,4600.0,7.12,B
2021-06-16T13:32:39,100.0,7.12,B
2021-06-16T13:32:30,200.0,7.12,B
2021-06-16T13:32:30,4800.0,7.12,B
2021-06-16T13:32:26,100.0,7.11,S
2021-06-16T13:32:21,100.0,7.12,B
2021-06-16T13:32:20,4900.0,7.12,B
2021-06-16T13:32:20,3000.0,7.12,B
2021-06-16T13:32:19,4500.0,7.12,B
2021-06-16T13:32:18,500.0,7.12,B
2021-06-16T13:32:15,100.0,7.11,S
2021-06-16T13:32:12,2000.0,7.12,B
2021-06-16T13:32:03,5000.0,7.12,B
2021-06-16T13:31:56,10000.0,7.12,B
2021-06-16T13:31:48,1000.0,7.12,B
2021-06-16T13:31:45,10000.0,7.12,B
2021-06-16T13:31:36,100.0,7.11,S
2021-06-16T13:31:32,400.0,7.11,S
2021-06-16T13:31:27,3800.0,7.12,B
2021-06-16T13:31:27,1200.0,7.12,B
2021-06-16T13:31:27,1300.0,7.12,B
2021-06-16T13:31:27,8500.0,7.12,B
2021-06-16T13:31:27,5200.0,7.12,B
2021-06-16T13:31:15,100.0,7.11,S
2021-06-16T13:31:09,5000.0,7.12,B
2021-06-16T13:31:01,700.0,7.11,S
2021-06-16T13:30:59,400.0,7.12,B
2021-06-16T13:30:54,100.0,7.11,S
2021-06-16T13:30:52,1000.0,7.12,B
2021-06-16T13:30:46,1000.0,7.12,B
2021-06-16T13:30:44,1700.0,7.12,B
2021-06-16T13:30:43,10000.0,7.11,S
2021-06-16T13:30:42,1000.0,7.12,B
2021-06-16T13:30:40,3000.0,7.12,B
2021-06-16T13:30:35,400.0,7.11,S
2021-06-16T13:30:32,1000.0,7.11,S
2021-06-16T13:30:30,800.0,7.12,B
2021-06-16T13:30:19,4500.0,7.11,S
2021-06-16T13:30:19,2000.0,7.11,S
2021-06-16T13:30:10,4000.0,7.11,S
2021-06-16T13:30:08,800.0,7.12,B
2021-06-16T13:30:02,3000.0,7.12,B
2021-06-16T13:30:00,10000.0,7.12,B
2021-06-16T13:29:57,300.0,7.11,S
2021-06-16T13:29:56,1700.0,7.11,S
2021-06-16T13:29:53,2000.0,7.12,B
2021-06-16T13:29:44,300.0,7.11,S
2021-06-16T13:29:42,2000.0,7.11,S
2021-06-16T13:29:37,1000.0,7.12,B
2021-06-16T13:29:34,1800.0,7.12,B
2021-06-16T13:29:33,400.0,7.11,S
2021-06-16T13:29:27,300.0,7.11,S
2021-06-16T13:29:24,200.0,7.12,B
2021-06-16T13:29:16,3500.0,7.11,S
2021-06-16T13:29:16,3400.0,7.11,S
2021-06-16T13:29:16,100.0,7.11,S
2021-06-16T13:29:16,3000.0,7.11,S
2021-06-16T13:29:09,300.0,7.11,S
2021-06-16T13:29:09,4000.0,7.12,B
2021-06-16T13:29:01,2600.0,7.12,B
2021-06-16T13:28:59,2000.0,7.12,B
2021-06-16T13:28:59,2000.0,7.12,B
2021-06-16T13:28:57,3200.0,7.12,B
2021-06-16T13:28:53,3500.0,7.12,B
2021-06-16T13:28:53,10000.0,7.12,B
2021-06-16T13:28:50,100.0,7.12,B
2021-06-16T13:28:40,800.0,7.12,B
2021-06-16T13:28:38,200.0,7.12,B
2021-06-16T13:28:37,200.0,7.11,S
2021-06-16T13:28:35,300.0,7.11,S
2021-06-16T13:28:31,29000.0,7.13,B
2021-06-16T13:28:29,200.0,7.12,B
2021-06-16T13:28:13,3200.0,7.13,B
2021-06-16T13:28:13,1500.0,7.12,B
2021-06-16T13:28:13,5000.0,7.12,B
2021-06-16T13:28:13,300.0,7.12,B
2021-06-16T13:28:10,1000.0,7.12,B
2021-06-16T13:28:09,1000.0,7.12,B
2021-06-16T13:28:06,100.0,7.12,B
2021-06-16T13:28:06,1000.0,7.11,S
2021-06-16T13:28:03,1000.0,7.12,B
2021-06-16T13:28:03,1400.0,7.12,B
2021-06-16T13:28:03,700.0,7.12,B
2021-06-16T13:28:03,1500.0,7.12,B
2021-06-16T13:28:02,1400.0,7.12,B
2021-06-16T13:28:02,2000.0,7.12,B
2021-06-16T13:27:56,1400.0,7.12,B
2021-06-16T13:27:50,2200.0,7.12,B
2021-06-16T13:27:50,5700.0,7.12,B
2021-06-16T13:27:49,2100.0,7.12,B
2021-06-16T13:27:44,500.0,7.12,B
2021-06-16T13:27:41,10000.0,7.11,S
2021-06-16T13:27:30,300.0,7.12,B
2021-06-16T13:27:25,3100.0,7.12,B
2021-06-16T13:27:17,10000.0,7.11,S
2021-06-16T13:27:14,300.0,7.12,B
2021-06-16T13:27:09,4300.0,7.12,B
2021-06-16T13:27:00,800.0,7.12,B
2021-06-16T13:26:55,3400.0,7.12,B
2021-06-16T13:26:49,3000.0,7.11,S
2021-06-16T13:26:47,1000.0,7.12,B
2021-06-16T13:26:46,200.0,7.12,B
2021-06-16T13:26:37,1000.0,7.12,B
2021-06-16T13:26:32,200.0,7.12,B
2021-06-16T13:26:31,1000.0,7.12,B
2021-06-16T13:26:29,200.0,7.12,B
2021-06-16T13:26:26,100.0,7.12,B
2021-06-16T13:26:26,2500.0,7.12,B
2021-06-16T13:26:26,1400.0,7.12,B
2021-06-16T13:26:24,200.0,7.12,B
2021-06-16T13:26:23,200.0,7.12,B
2021-06-16T13:26:17,2300.0,7.12,B
2021-06-16T13:26:02,1000.0,7.12,S
2021-06-16T13:25:57,10000.0,7.12,S
2021-06-16T13:25:50,600.0,7.12,S
2021-06-16T13:25:50,200.0,7.12,S
2021-06-16T13:25:49,1500.0,7.12,S
2021-06-16T13:25:49,100.0,7.13,B
2021-06-16T13:25:46,1000.0,7.12,S
2021-06-16T13:25:44,100.0,7.12,S
2021-06-16T13:25:41,1300.0,7.12,S
2021-06-16T13:25:40,600.0,7.12,S
2021-06-16T13:25:39,1400.0,7.12,S
2021-06-16T13:25:38,100.0,7.12,S
2021-06-16T13:25:37,1000.0,7.12,S
2021-06-16T13:25:32,100.0,7.13,B
2021-06-16T13:25:23,500.0,7.13,B
2021-06-16T13:25:20,10000.0,7.13,B
2021-06-16T13:25:19,11700.0,7.13,B
2021-06-16T13:25:19,800.0,7.13,B
2021-06-16T13:25:19,1500.0,7.13,B
2021-06-16T13:25:10,2000.0,7.12,S
2021-06-16T13:25:09,1000.0,7.13,B
2021-06-16T13:25:02,400.0,7.13,B
2021-06-16T13:24:58,2000.0,7.12,S
2021-06-16T13:24:55,3000.0,7.13,B
2021-06-16T13:24:45,200.0,7.12,S
2021-06-16T13:24:43,100.0,7.12,S
2021-06-16T13:24:43,2000.0,7.12,S
2021-06-16T13:24:43,100.0,7.12,S
2021-06-16T13:24:43,6000.0,7.12,S
2021-06-16T13:24:43,800.0,7.12,S
2021-06-16T13:24:43,200.0,7.12,S
2021-06-16T13:24:43,2200.0,7.12,S
2021-06-16T13:24:43,1100.0,7.12,S
2021-06-16T13:24:43,4500.0,7.12,S
2021-06-16T13:24:43,6800.0,7.12,S
2021-06-16T13:24:43,800.0,7.12,S
2021-06-16T13:24:43,7000.0,7.12,S
2021-06-16T13:24:43,18400.0,7.12,S
2021-06-16T13:24:42,1000.0,7.13,B
2021-06-16T13:24:37,10000.0,7.13,B
2021-06-16T13:24:28,1000.0,7.12,S
2021-06-16T13:24:28,3000.0,7.13,B
2021-06-16T13:24:27,100.0,7.13,B
2021-06-16T13:24:25,1800.0,7.13,B
2021-06-16T13:24:22,5000.0,7.12,S
2021-06-16T13:24:22,1500.0,7.13,B
2021-06-16T13:24:21,100.0,7.13,B
2021-06-16T13:24:11,1000.0,7.13,B
2021-06-16T13:24:06,100.0,7.12,S
2021-06-16T13:24:04,100.0,7.12,S
2021-06-16T13:24:00,800.0,7.13,B
2021-06-16T13:23:49,1000.0,7.13,B
2021-06-16T13:23:48,4000.0,7.13,B
2021-06-16T13:23:48,5400.0,7.12,S
2021-06-16T13:23:45,1000.0,7.12,S
2021-06-16T13:23:40,5000.0,7.13,B
2021-06-16T13:23:38,5000.0,7.13,B
2021-06-16T13:23:36,100.0,7.12,S
2021-06-16T13:23:26,1000.0,7.13,B
2021-06-16T13:23:25,1000.0,7.13,B
2021-06-16T13:23:19,1000.0,7.12,S
2021-06-16T13:23:13,500.0,7.13,B
2021-06-16T13:23:07,100.0,7.13,B
2021-06-16T13:23:05,3000.0,7.13,B
2021-06-16T13:23:02,1000.0,7.13,B
2021-06-16T13:23:02,100.0,7.13,B
2021-06-16T13:23:02,7100.0,7.13,B
2021-06-16T13:23:00,1000.0,7.12,S
2021-06-16T13:22:59,100.0,7.13,B
2021-06-16T13:22:55,200.0,7.12,S
2021-06-16T13:22:55,4800.0,7.12,S
2021-06-16T13:22:53,200.0,7.13,B
2021-06-16T13:22:52,1400.0,7.13,B
2021-06-16T13:22:48,3000.0,7.13,B
2021-06-16T13:22:46,400.0,7.13,B
2021-06-16T13:22:40,2600.0,7.13,B
2021-06-16T13:22:40,1000.0,7.13,B
2021-06-16T13:22:40,2000.0,7.13,B
2021-06-16T13:22:40,4400.0,7.13,B
2021-06-16T13:22:38,300.0,7.12,S
2021-06-16T13:22:27,3000.0,7.13,B
2021-06-16T13:22:25,100.0,7.13,B
2021-06-16T13:22:24,200.0,7.12,S
2021-06-16T13:22:06,10000.0,7.13,B
2021-06-16T13:22:06,3000.0,7.13,B
2021-06-16T13:22:03,25000.0,7.13,B
2021-06-16T13:22:01,2000.0,7.12,S
2021-06-16T13:22:01,2000.0,7.13,B
2021-06-16T13:22:00,1000.0,7.13,B
2021-06-16T13:21:48,1500.0,7.13,B
2021-06-16T13:21:45,1000.0,7.13,B
2021-06-16T13:21:43,11500.0,7.13,B
2021-06-16T13:21:33,1000.0,7.13,B
2021-06-16T13:21:31,1000.0,7.13,B
2021-06-16T13:21:30,3000.0,7.13,B
2021-06-16T13:21:26,1000.0,7.12,S
2021-06-16T13:21:20,2000.0,7.13,B
2021-06-16T13:21:16,2000.0,7.13,B
2021-06-16T13:21:15,14600.0,7.12,S
2021-06-16T13:21:15,1600.0,7.13,B
2021-06-16T13:21:15,2600.0,7.13,B
2021-06-16T13:21:15,400.0,7.13,B
2021-06-16T13:21:13,3000.0,7.13,B
2021-06-16T13:21:13,9700.0,7.13,B
2021-06-16T13:21:13,10300.0,7.13,B
2021-06-16T13:21:11,5000.0,7.13,B
2021-06-16T13:21:10,7000.0,7.13,B
2021-06-16T13:21:00,500.0,7.13,B
2021-06-16T13:20:58,200.0,7.13,B
2021-06-16T13:20:52,100.0,7.13,B
2021-06-16T13:20:51,3200.0,7.13,B
2021-06-16T13:20:51,11200.0,7.13,B
2021-06-16T13:20:50,8800.0,7.13,B
2021-06-16T13:20:48,1500.0,7.12,S
2021-06-16T13:20:45,3800.0,7.13,B
2021-06-16T13:20:45,800.0,7.13,B
2021-06-16T13:20:45,1500.0,7.13,B
2021-06-16T13:20:45,5800.0,7.13,B
2021-06-16T13:20:45,600.0,7.13,B
2021-06-16T13:20:45,5100.0,7.13,B
2021-06-16T13:20:44,5000.0,7.13,B
2021-06-16T13:20:43,900.0,7.13,B
2021-06-16T13:20:43,4000.0,7.13,B
2021-06-16T13:20:42,100.0,7.13,B
2021-06-16T13:20:38,1000.0,7.12,S
2021-06-16T13:20:33,300.0,7.13,B
2021-06-16T13:20:29,2100.0,7.13,B
2021-06-16T13:20:29,100.0,7.13,B
2021-06-16T13:20:26,400.0,7.13,B
2021-06-16T13:20:24,1000.0,7.13,B
2021-06-16T13:20:21,2000.0,7.13,B
2021-06-16T13:20:12,100.0,7.13,B
2021-06-16T13:20:11,26800.0,7.13,B
2021-06-16T13:20:09,3200.0,7.13,B
2021-06-16T13:20:09,1800.0,7.13,B
2021-06-16T13:19:57,3500.0,7.13,B
2021-06-16T13:19:51,700.0,7.13,B
2021-06-16T13:19:49,4000.0,7.13,B
2021-06-16T13:19:45,1200.0,7.13,B
2021-06-16T13:19:42,500.0,7.13,B
2021-06-16T13:19:41,800.0,7.13,B
2021-06-16T13:19:41,7100.0,7.13,B
2021-06-16T13:19:41,22100.0,7.13,B
2021-06-16T13:19:39,2000.0,7.12,S
2021-06-16T13:19:25,5000.0,7.13,B
2021-06-16T13:19:24,400.0,7.12,S
2021-06-16T13:19:21,1500.0,7.13,B
2021-06-16T13:19:21,1000.0,7.13,B
2021-06-16T13:19:07,6000.0,7.13,B
2021-06-16T13:18:57,100.0,7.12,S
2021-06-16T13:18:53,5100.0,7.12,B
2021-06-16T13:18:53,1200.0,7.12,B
2021-06-16T13:18:50,200.0,7.12,B
2021-06-16T13:18:50,1400.0,7.12,B
2021-06-16T13:18:49,2200.0,7.12,B
2021-06-16T13:18:49,1500.0,7.12,B
2021-06-16T13:18:45,4500.0,7.12,B
2021-06-16T13:18:45,1000.0,7.12,B
2021-06-16T13:18:44,4500.0,7.12,B
2021-06-16T13:18:44,1100.0,7.12,B
2021-06-16T13:18:36,1900.0,7.12,B
2021-06-16T13:18:36,1600.0,7.12,B
2021-06-16T13:18:34,2000.0,7.12,B
2021-06-16T13:18:32,1500.0,7.11,S
2021-06-16T13:18:29,500.0,7.12,B
2021-06-16T13:18:29,1500.0,7.12,B
2021-06-16T13:18:26,1200.0,7.12,B
2021-06-16T13:18:24,100.0,7.12,B
2021-06-16T13:18:24,3300.0,7.11,S
2021-06-16T13:18:22,1000.0,7.12,B
2021-06-16T13:18:19,4300.0,7.12,B
2021-06-16T13:18:19,2200.0,7.12,B
2021-06-16T13:18:19,2200.0,7.12,B
2021-06-16T13:18:18,10600.0,7.12,B
2021-06-16T13:18:18,62700.0,7.12,B
2021-06-16T13:18:18,5000.0,7.11,S
2021-06-16T13:18:17,3000.0,7.12,B
2021-06-16T13:18:16,2000.0,7.12,B
2021-06-16T13:18:09,3000.0,7.11,S
2021-06-16T13:18:09,500.0,7.11,S
2021-06-16T13:18:09,4400.0,7.12,B
2021-06-16T13:18:08,5600.0,7.12,B
2021-06-16T13:18:08,200.0,7.12,B
2021-06-16T13:18:03,2900.0,7.12,B
2021-06-16T13:18:02,1000.0,7.12,B
2021-06-16T13:18:02,12200.0,7.11,S
2021-06-16T13:17:54,7000.0,7.12,B
2021-06-16T13:17:53,3300.0,7.12,B
2021-06-16T13:17:50,7300.0,7.12,B
2021-06-16T13:17:50,2700.0,7.12,B
2021-06-16T13:17:47,100.0,7.11,S
2021-06-16T13:17:46,2000.0,7.12,B
2021-06-16T13:17:44,2000.0,7.12,B
2021-06-16T13:17:42,13300.0,7.12,B
2021-06-16T13:17:42,1700.0,7.12,B
2021-06-16T13:17:42,35000.0,7.12,B
2021-06-16T13:17:38,5000.0,7.11,S
2021-06-16T13:17:37,200.0,7.12,B
2021-06-16T13:17:36,5000.0,7.12,B
2021-06-16T13:17:35,200.0,7.11,S
2021-06-16T13:17:35,4800.0,7.11,S
2021-06-16T13:17:32,4200.0,7.12,B
2021-06-16T13:17:30,200.0,7.11,S
2021-06-16T13:17:26,2000.0,7.11,S
2021-06-16T13:17:25,2000.0,7.11,S
2021-06-16T13:17:25,500.0,7.11,S
2021-06-16T13:17:21,2000.0,7.11,S
2021-06-16T13:17:17,100.0,7.12,B
2021-06-16T13:17:17,1300.0,7.12,B
2021-06-16T13:17:17,1000.0,7.12,B
2021-06-16T13:17:17,2700.0,7.12,B
2021-06-16T13:17:16,100.0,7.11,S
2021-06-16T13:17:16,400.0,7.11,S
2021-06-16T13:17:12,800.0,7.11,B
2021-06-16T13:17:11,2600.0,7.11,B
2021-06-16T13:17:04,200.0,7.12,B
2021-06-16T13:17:04,10000.0,7.1,S
2021-06-16T13:17:04,8800.0,7.11,B
2021-06-16T13:17:04,2000.0,7.11,B
2021-06-16T13:16:58,4000.0,7.11,B
2021-06-16T13:16:57,800.0,7.11,B
2021-06-16T13:16:57,1700.0,7.11,B
2021-06-16T13:16:57,2500.0,7.11,B
2021-06-16T13:16:54,5000.0,7.11,B
2021-06-16T13:16:53,1000.0,7.1,S
2021-06-16T13:16:47,1000.0,7.11,B
2021-06-16T13:16:46,10000.0,7.11,B
2021-06-16T13:16:40,6000.0,7.11,B
2021-06-16T13:16:37,100.0,7.11,B
2021-06-16T13:16:36,1000.0,7.11,B
2021-06-16T13:16:27,100.0,7.11,B
2021-06-16T13:16:23,3000.0,7.11,B
2021-06-16T13:16:23,7500.0,7.1,S
2021-06-16T13:16:20,10800.0,7.11,B
2021-06-16T13:16:20,7000.0,7.11,B
2021-06-16T13:16:17,5000.0,7.11,B
2021-06-16T13:16:16,200.0,7.11,B
2021-06-16T13:16:09,100.0,7.1,S
2021-06-16T13:16:03,200.0,7.11,B
2021-06-16T13:15:59,900.0,7.1,S
2021-06-16T13:15:56,200.0,7.1,S
2021-06-16T13:15:48,4900.0,7.1,S
2021-06-16T13:15:48,300.0,7.1,S
2021-06-16T13:15:47,10000.0,7.1,S
2021-06-16T13:15:45,200.0,7.1,S
2021-06-16T13:15:39,4000.0,7.1,B
2021-06-16T13:15:39,400.0,7.1,B
2021-06-16T13:15:39,100.0,7.1,B
2021-06-16T13:15:37,2000.0,7.1,B
2021-06-16T13:15:37,20000.0,7.1,B
2021-06-16T13:15:33,14900.0,7.1,B
2021-06-16T13:15:28,100.0,7.1,B
2021-06-16T13:15:22,10000.0,7.1,B
2021-06-16T13:15:21,500.0,7.1,B
2021-06-16T13:15:17,500.0,7.1,B
2021-06-16T13:15:08,4000.0,7.1,B
2021-06-16T13:15:03,200.0,7.1,B
2021-06-16T13:15:03,14000.0,7.1,B
2021-06-16T13:15:03,11100.0,7.1,B
2021-06-16T13:14:52,2600.0,7.1,B
2021-06-16T13:14:52,600.0,7.1,B
2021-06-16T13:14:52,1200.0,7.1,B
2021-06-16T13:14:52,2900.0,7.1,B
2021-06-16T13:14:52,2100.0,7.1,B
2021-06-16T13:14:52,4400.0,7.1,B
2021-06-16T13:14:52,7000.0,7.1,B
2021-06-16T13:14:52,4100.0,7.1,B
2021-06-16T13:14:52,25100.0,7.1,B
2021-06-16T13:14:48,2500.0,7.1,B
2021-06-16T13:14:47,11500.0,7.1,B
2021-06-16T13:14:47,52000.0,7.09,S
2021-06-16T13:14:47,100.0,7.1,B
2021-06-16T13:14:47,900.0,7.1,B
2021-06-16T13:14:44,500.0,7.1,B
2021-06-16T13:14:30,100.0,7.09,S
2021-06-16T13:14:26,2900.0,7.1,B
2021-06-16T13:14:13,10000.0,7.1,B
2021-06-16T13:14:08,5000.0,7.09,B
2021-06-16T13:14:06,100.0,7.09,B
2021-06-16T13:14:04,7500.0,7.09,B
2021-06-16T13:14:04,1500.0,7.09,B
2021-06-16T13:14:01,3500.0,7.09,B
2021-06-16T13:13:57,1500.0,7.09,S
2021-06-16T13:13:57,500.0,7.1,B
2021-06-16T13:13:57,500.0,7.09,S
2021-06-16T13:13:48,3000.0,7.1,B
2021-06-16T13:13:48,7300.0,7.1,B
2021-06-16T13:13:47,51700.0,7.1,B
2021-06-16T13:13:45,100.0,7.09,S
2021-06-16T13:13:41,500.0,7.09,S
2021-06-16T13:13:38,500.0,7.1,B
2021-06-16T13:13:22,100.0,7.1,B
2021-06-16T13:13:22,9900.0,7.1,B
2021-06-16T13:13:19,20000.0,7.1,B
2021-06-16T13:13:18,900.0,7.09,S
2021-06-16T13:13:15,1400.0,7.09,S
2021-06-16T13:13:13,2000.0,7.09,S
2021-06-16T13:13:13,3000.0,7.09,S
2021-06-16T13:13:11,5000.0,7.1,B
2021-06-16T13:13:07,5000.0,7.1,B
2021-06-16T13:13:06,1000.0,7.1,B
2021-06-16T13:13:04,3000.0,7.1,B
2021-06-16T13:13:03,3000.0,7.1,B
2021-06-16T13:12:40,2000.0,7.09,S
2021-06-16T13:12:39,100.0,7.1,B
2021-06-16T13:12:37,7600.0,7.1,B
2021-06-16T13:12:33,7000.0,7.09,S
2021-06-16T13:12:30,2200.0,7.09,S
2021-06-16T13:12:30,4100.0,7.09,S
2021-06-16T13:12:29,7000.0,7.09,S
2021-06-16T13:12:29,3000.0,7.09,S
2021-06-16T13:12:27,17400.0,7.1,B
2021-06-16T13:12:26,100.0,7.09,S
2021-06-16T13:12:16,500.0,7.1,B
2021-06-16T13:12:11,4900.0,7.1,B
2021-06-16T13:12:05,100.0,7.09,S
2021-06-16T13:11:56,1100.0,7.1,B
2021-06-16T13:11:56,4900.0,7.1,B
2021-06-16T13:11:49,5000.0,7.1,B
2021-06-16T13:11:48,1000.0,7.1,B
2021-06-16T13:11:38,10000.0,7.1,B
2021-06-16T13:11:33,5500.0,7.1,B
2021-06-16T13:11:33,600.0,7.1,B
2021-06-16T13:11:33,26900.0,7.1,B
2021-06-16T13:11:32,1000.0,7.1,B
2021-06-16T13:11:27,5000.0,7.1,B
2021-06-16T13:11:25,2000.0,7.1,B
2021-06-16T13:11:16,6500.0,7.1,B
2021-06-16T13:11:10,4700.0,7.1,B
2021-06-16T13:11:10,300.0,7.1,B
2021-06-16T13:11:08,10000.0,7.1,B
2021-06-16T13:11:03,3300.0,7.1,B
2021-06-16T13:11:02,30000.0,7.1,B
2021-06-16T13:11:01,10100.0,7.1,B
2021-06-16T13:11:01,2200.0,7.1,B
2021-06-16T13:11:01,100.0,7.1,B
2021-06-16T13:11:01,7000.0,7.1,B
2021-06-16T13:11:01,20800.0,7.1,B
2021-06-16T13:11:00,1000.0,7.09,S
2021-06-16T13:10:40,100.0,7.1,B
2021-06-16T13:10:39,500.0,7.09,S
2021-06-16T13:10:37,500.0,7.09,S
2021-06-16T13:10:36,100.0,7.1,B
2021-06-16T13:10:35,1900.0,7.1,B
2021-06-16T13:10:34,500.0,7.09,S
2021-06-16T13:10:24,1000.0,7.09,S
2021-06-16T13:10:21,3300.0,7.09,S
2021-06-16T13:10:19,1700.0,7.09,S
2021-06-16T13:10:19,5000.0,7.09,S
2021-06-16T13:10:14,5000.0,7.09,S
2021-06-16T13:10:06,1100.0,7.09,S
2021-06-16T13:10:03,200.0,7.1,B
2021-06-16T13:09:56,2000.0,7.09,S
2021-06-16T13:09:45,5000.0,7.09,S
2021-06-16T13:09:42,800.0,7.09,S
2021-06-16T13:09:40,400.0,7.09,S
2021-06-16T13:09:40,300.0,7.09,S
2021-06-16T13:09:30,300.0,7.09,S
2021-06-16T13:09:29,5000.0,7.09,S
2021-06-16T13:09:27,1200.0,7.1,B
2021-06-16T13:09:24,2000.0,7.1,B
2021-06-16T13:09:12,1000.0,7.1,B
2021-06-16T13:09:11,100.0,7.09,S
2021-06-16T13:09:04,300.0,7.1,B
2021-06-16T13:09:03,5000.0,7.1,B
2021-06-16T13:09:02,1000.0,7.09,B
2021-06-16T13:09:02,500.0,7.09,B
2021-06-16T13:08:59,3000.0,7.09,B
2021-06-16T13:08:55,500.0,7.09,S
2021-06-16T13:08:55,5500.0,7.09,S
2021-06-16T13:08:55,3400.0,7.09,S
2021-06-16T13:08:55,9900.0,7.09,S
2021-06-16T13:08:54,3500.0,7.1,B
2021-06-16T13:08:54,6000.0,7.1,B
2021-06-16T13:08:53,500.0,7.1,B
2021-06-16T13:08:50,200.0,7.1,B
2021-06-16T13:08:50,21600.0,7.1,B
2021-06-16T13:08:50,2400.0,7.1,B
2021-06-16T13:08:47,600.0,7.09,S
2021-06-16T13:08:46,18000.0,7.1,B
2021-06-16T13:08:43,20100.0,7.1,B
2021-06-16T13:08:41,3600.0,7.1,B
2021-06-16T13:08:41,6100.0,7.1,B
2021-06-16T13:08:41,3000.0,7.1,B
2021-06-16T13:08:41,5000.0,7.1,B
2021-06-16T13:08:41,29300.0,7.1,B
2021-06-16T13:08:40,2000.0,7.1,B
2021-06-16T13:08:38,14600.0,7.1,B
2021-06-16T13:08:38,5400.0,7.1,B
2021-06-16T13:08:36,100.0,7.1,B
2021-06-16T13:08:36,900.0,7.1,B
2021-06-16T13:08:23,10000.0,7.1,B
2021-06-16T13:08:22,3000.0,7.1,B
2021-06-16T13:08:21,500.0,7.1,B
2021-06-16T13:08:20,10000.0,7.1,B
2021-06-16T13:08:15,1100.0,7.1,B
2021-06-16T13:08:11,10000.0,7.1,B
2021-06-16T13:08:11,1000.0,7.1,B
2021-06-16T13:08:06,600.0,7.09,S
2021-06-16T13:08:01,3000.0,7.09,S
2021-06-16T13:08:00,200.0,7.1,B
2021-06-16T13:07:53,500.0,7.1,B
2021-06-16T13:07:51,2400.0,7.09,S
2021-06-16T13:07:48,5000.0,7.1,B
2021-06-16T13:07:42,50000.0,7.1,B
2021-06-16T13:07:41,4000.0,7.1,B
2021-06-16T13:07:40,1500.0,7.1,B
2021-06-16T13:07:38,1100.0,7.09,S
2021-06-16T13:07:36,100.0,7.09,S
2021-06-16T13:07:35,200.0,7.09,B
2021-06-16T13:07:33,12100.0,7.09,B
2021-06-16T13:07:28,2600.0,7.09,B
2021-06-16T13:07:28,5600.0,7.09,B
2021-06-16T13:07:28,17800.0,7.09,B
2021-06-16T13:07:28,4700.0,7.08,S
2021-06-16T13:07:20,1000.0,7.08,S
2021-06-16T13:07:18,200.0,7.08,S
2021-06-16T13:07:18,5000.0,7.08,S
2021-06-16T13:07:15,500.0,7.08,S
2021-06-16T13:07:10,100.0,7.08,S
2021-06-16T13:07:05,200.0,7.08,S
2021-06-16T13:06:51,8300.0,7.08,B
2021-06-16T13:06:51,2000.0,7.08,B
2021-06-16T13:06:37,1200.0,7.08,S
2021-06-16T13:06:33,2000.0,7.08,S
2021-06-16T13:06:30,200.0,7.08,S
2021-06-16T13:06:29,300.0,7.09,B
2021-06-16T13:06:23,1600.0,7.08,B
2021-06-16T13:06:20,400.0,7.08,B
2021-06-16T13:06:19,1000.0,7.08,B
2021-06-16T13:06:14,15000.0,7.07,S
2021-06-16T13:06:09,2600.0,7.09,B
2021-06-16T13:06:08,100.0,7.09,B
2021-06-16T13:06:05,100.0,7.08,S
2021-06-16T13:05:59,3000.0,7.08,B
2021-06-16T13:05:53,1000.0,7.08,B
2021-06-16T13:05:47,1000.0,7.08,B
2021-06-16T13:05:37,5000.0,7.09,B
2021-06-16T13:05:33,200.0,7.08,B
2021-06-16T13:05:16,2000.0,7.08,S
2021-06-16T13:05:12,700.0,7.1,B
2021-06-16T13:05:03,3000.0,7.08,S
2021-06-16T13:04:58,2000.0,7.1,B
2021-06-16T13:04:50,2000.0,7.08,B
2021-06-16T13:04:47,10000.0,7.08,B
2021-06-16T13:04:47,300.0,7.08,B
2021-06-16T13:04:45,200.0,7.08,B
2021-06-16T13:04:42,1000.0,7.08,B
2021-06-16T13:04:42,1000.0,7.08,B
2021-06-16T13:04:39,5000.0,7.08,B
2021-06-16T13:04:38,3900.0,7.08,B
2021-06-16T13:04:37,600.0,7.08,B
2021-06-16T13:04:35,500.0,7.08,B
2021-06-16T13:04:32,10000.0,7.08,B
2021-06-16T13:04:29,10000.0,7.08,B
2021-06-16T13:04:16,2000.0,7.08,B
2021-06-16T13:04:12,13000.0,7.08,B
2021-06-16T13:04:12,10000.0,7.1,B
2021-06-16T13:04:11,1000.0,7.1,B
2021-06-16T13:04:09,800.0,7.1,B
2021-06-16T13:04:07,30000.0,7.1,B
2021-06-16T13:04:06,9000.0,7.1,B
2021-06-16T13:04:05,2000.0,7.09,B
2021-06-16T13:04:02,11000.0,7.09,B
2021-06-16T13:03:51,800.0,7.09,B
2021-06-16T13:03:49,1000.0,7.09,B
2021-06-16T13:03:44,60800.0,7.1,B
2021-06-16T13:03:44,3500.0,7.1,B
2021-06-16T13:03:44,35700.0,7.1,B
2021-06-16T13:03:30,50000.0,7.1,B
2021-06-16T13:03:29,200.0,7.07,B
2021-06-16T13:03:29,1000.0,7.07,B
2021-06-16T13:03:25,600.0,7.09,B
2021-06-16T13:03:15,12100.0,7.09,B
2021-06-16T13:03:15,87900.0,7.07,B
2021-06-16T13:03:14,1000.0,7.02,B
2021-06-16T13:03:12,10000.0,7.02,B
2021-06-16T13:03:10,3000.0,7.02,B
2021-06-16T13:03:09,1000.0,7.02,B
2021-06-16T13:03:08,10000.0,7.02,S
2021-06-16T13:03:08,66200.0,7.02,S
2021-06-16T13:03:08,21400.0,7.04,S
2021-06-16T13:03:00,10000.0,7.07,B
2021-06-16T13:02:59,2000.0,7.05,B
2021-06-16T13:02:55,500.0,7.05,B
2021-06-16T13:02:54,1000.0,7.05,B
2021-06-16T13:02:51,3000.0,7.05,B
2021-06-16T13:02:48,3400.0,7.05,B
2021-06-16T13:02:48,1300.0,7.05,B
2021-06-16T13:02:48,3700.0,7.05,B
2021-06-16T13:02:48,11600.0,7.05,B
2021-06-16T13:02:45,1800.0,7.05,B
2021-06-16T13:02:43,100.0,7.04,S
2021-06-16T13:02:42,6500.0,7.04,B
2021-06-16T13:02:42,10000.0,7.04,B
2021-06-16T13:02:39,200.0,7.03,S
2021-06-16T13:02:37,4000.0,7.04,B
2021-06-16T13:02:35,2500.0,7.03,B
2021-06-16T13:02:35,1700.0,7.03,B
2021-06-16T13:02:32,4000.0,7.03,B
2021-06-16T13:02:32,300.0,7.03,B
2021-06-16T13:02:31,2000.0,7.03,B
2021-06-16T13:02:26,300.0,7.03,B
2021-06-16T13:02:25,10000.0,7.03,B
2021-06-16T13:02:15,1000.0,7.02,B
2021-06-16T13:02:15,500.0,7.02,B
2021-06-16T13:02:15,15800.0,7.02,B
2021-06-16T13:02:14,100.0,7.02,B
2021-06-16T13:02:12,1000.0,7.02,B
2021-06-16T13:02:08,500.0,7.0,S
2021-06-16T13:02:07,7500.0,7.02,B
2021-06-16T13:02:07,100.0,7.01,B
2021-06-16T13:02:07,200.0,7.01,B
2021-06-16T13:02:07,500.0,7.01,B
2021-06-16T13:02:07,36600.0,7.01,B
2021-06-16T13:02:07,5100.0,7.01,B
2021-06-16T13:02:07,10000.0,7.01,B
2021-06-16T13:02:06,3500.0,7.01,B
2021-06-16T13:01:58,3300.0,7.0,B
2021-06-16T13:01:58,1100.0,7.0,B
2021-06-16T13:01:57,100.0,7.0,B
2021-06-16T13:01:57,5000.0,7.0,B
2021-06-16T13:01:56,7400.0,7.0,B
2021-06-16T13:01:55,9300.0,7.0,B
2021-06-16T13:01:55,3000.0,7.0,B
2021-06-16T13:01:52,10000.0,7.0,B
2021-06-16T13:01:47,13000.0,7.0,B
2021-06-16T13:01:46,5000.0,7.0,B
2021-06-16T13:01:33,300.0,7.0,B
2021-06-16T13:01:31,10000.0,7.0,B
2021-06-16T13:01:31,1900.0,7.0,B
2021-06-16T13:01:31,7000.0,7.0,B
2021-06-16T13:01:31,2900.0,7.0,B
2021-06-16T13:01:31,800.0,7.0,B
2021-06-16T13:01:31,1100.0,7.0,B
2021-06-16T13:01:31,3600.0,7.0,B
2021-06-16T13:01:31,1100.0,7.0,B
2021-06-16T13:01:31,4900.0,7.0,B
2021-06-16T13:01:31,2400.0,7.0,B
2021-06-16T13:01:31,2500.0,7.0,B
2021-06-16T13:01:31,300.0,7.0,B
2021-06-16T13:01:31,2900.0,7.0,B
2021-06-16T13:01:31,5600.0,7.0,B
2021-06-16T13:01:30,4000.0,7.0,B
2021-06-16T13:01:30,14000.0,7.0,B
2021-06-16T13:01:28,13000.0,7.0,B
2021-06-16T13:01:28,10100.0,7.0,B
2021-06-16T13:01:28,4200.0,7.0,B
2021-06-16T13:01:28,2700.0,7.0,B
2021-06-16T13:01:24,2200.0,7.0,B
2021-06-16T13:01:24,7800.0,7.0,B
2021-06-16T13:01:20,3800.0,7.0,B
2021-06-16T13:01:20,6600.0,7.0,B
2021-06-16T13:01:20,3400.0,7.0,B
2021-06-16T13:01:20,6000.0,7.0,B
2021-06-16T13:01:20,1700.0,7.0,B
2021-06-16T13:01:18,1200.0,7.0,B
2021-06-16T13:01:18,27300.0,7.0,B
2021-06-16T13:01:12,1000.0,7.0,B
2021-06-16T13:01:11,5000.0,6.99,B
2021-06-16T13:01:11,7900.0,7.0,B
2021-06-16T13:01:11,1900.0,7.0,B
2021-06-16T13:01:11,6200.0,7.0,B
2021-06-16T13:01:07,300.0,6.99,B
2021-06-16T13:01:06,1000.0,6.99,B
2021-06-16T13:01:04,1000.0,7.0,B
2021-06-16T13:01:03,5000.0,7.0,B
2021-06-16T13:01:03,100.0,6.98,S
2021-06-16T13:00:58,400.0,6.98,S
2021-06-16T13:00:58,12900.0,6.98,S
2021-06-16T13:00:58,500.0,6.98,S
2021-06-16T13:00:58,8400.0,6.98,S
2021-06-16T13:00:58,700.0,6.98,S
2021-06-16T13:00:58,5200.0,6.98,S
2021-06-16T13:00:58,500.0,6.98,S
2021-06-16T13:00:58,3300.0,6.98,S
2021-06-16T13:00:58,900.0,6.98,S
2021-06-16T13:00:58,3500.0,6.98,S
2021-06-16T13:00:58,11100.0,6.98,S
2021-06-16T13:00:58,1000.0,6.99,B
2021-06-16T13:00:58,1600.0,6.99,B
2021-06-16T13:00:55,100.0,7.0,B
2021-06-16T13:00:55,500.0,6.99,B
2021-06-16T13:00:48,500.0,6.99,B
2021-06-16T13:00:47,5800.0,7.0,B
2021-06-16T13:00:46,6800.0,7.0,B
2021-06-16T13:00:46,14100.0,7.0,B
2021-06-16T13:00:46,13100.0,7.0,B
2021-06-16T13:00:46,500.0,6.99,B
2021-06-16T13:00:45,500.0,6.99,B
2021-06-16T13:00:44,200.0,6.99,B
2021-06-16T13:00:41,600.0,6.99,B
2021-06-16T13:00:41,300.0,6.99,B
2021-06-16T13:00:41,1700.0,6.99,B
2021-06-16T13:00:41,6700.0,6.99,B
2021-06-16T13:00:41,500.0,6.99,B
2021-06-16T13:00:41,1000.0,6.99,B
2021-06-16T13:00:40,17100.0,7.0,B
2021-06-16T13:00:40,500.0,6.99,B
2021-06-16T13:00:38,200.0,6.99,B
2021-06-16T13:00:38,200.0,6.99,B
2021-06-16T13:00:38,5000.0,7.0,B
2021-06-16T13:00:38,10000.0,7.0,B
2021-06-16T13:00:38,200.0,7.0,B
2021-06-16T13:00:38,19800.0,7.0,B
2021-06-16T13:00:37,10000.0,7.0,B
2021-06-16T13:00:37,900.0,6.99,B
2021-06-16T13:00:36,100.0,6.99,B
2021-06-16T13:00:33,300.0,6.99,B
2021-06-16T13:00:33,1900.0,6.99,B
2021-06-16T13:00:33,4000.0,6.99,B
2021-06-16T13:00:33,100.0,6.99,B
2021-06-16T13:00:33,700.0,7.0,B
2021-06-16T13:00:33,100.0,6.99,B
2021-06-16T13:00:33,100.0,6.99,B
2021-06-16T13:00:32,500.0,6.98,S
2021-06-16T13:00:32,3500.0,7.0,B
2021-06-16T13:00:32,4000.0,7.0,B
2021-06-16T13:00:32,8000.0,6.99,B
2021-06-16T13:00:32,17300.0,6.99,B
2021-06-16T13:00:31,500.0,6.99,B
2021-06-16T13:00:31,500.0,6.98,S
2021-06-16T13:00:31,20000.0,6.99,B
2021-06-16T13:00:31,500.0,6.99,B
2021-06-16T13:00:31,3200.0,6.98,S
2021-06-16T13:00:31,500.0,6.98,S
2021-06-16T13:00:29,3900.0,6.99,B
2021-06-16T13:00:29,10000.0,6.98,S
2021-06-16T13:00:29,10000.0,6.99,B
2021-06-16T13:00:29,5000.0,6.99,B
2021-06-16T13:00:29,2500.0,6.98,S
2021-06-16T13:00:29,3000.0,6.98,S
2021-06-16T13:00:29,5000.0,6.98,S
2021-06-16T13:00:29,100.0,6.99,B
2021-06-16T13:00:29,24900.0,6.99,B
2021-06-16T13:00:29,2000.0,6.98,S
2021-06-16T13:00:27,800.0,6.98,S
2021-06-16T13:00:27,1000.0,6.98,S
2021-06-16T13:00:27,1000.0,6.98,S
2021-06-16T13:00:27,200.0,6.99,B
2021-06-16T13:00:27,3000.0,6.98,S
2021-06-16T13:00:27,10000.0,6.98,S
2021-06-16T13:00:27,6100.0,6.99,B
2021-06-16T13:00:27,100.0,6.99,B
2021-06-16T13:00:27,3000.0,6.98,S
2021-06-16T13:00:26,18900.0,6.99,B
2021-06-16T13:00:26,500.0,6.99,B
2021-06-16T13:00:26,600.0,6.99,B
2021-06-16T13:00:26,200.0,6.98,S
2021-06-16T13:00:26,100.0,6.99,B
2021-06-16T13:00:25,2000.0,6.99,B
2021-06-16T13:00:25,1000.0,6.98,S
2021-06-16T13:00:25,2000.0,6.98,S
2021-06-16T13:00:25,500.0,6.98,S
2021-06-16T13:00:25,8000.0,6.98,S
2021-06-16T13:00:25,5000.0,6.99,B
2021-06-16T13:00:25,8000.0,6.99,B
2021-06-16T11:30:19,300.0,6.98,S
2021-06-16T11:30:19,1300.0,6.99,B
2021-06-16T11:30:19,300.0,6.98,S
2021-06-16T11:30:19,3000.0,6.98,S
2021-06-16T11:30:19,1900.0,6.99,B
2021-06-16T11:30:19,400.0,6.99,B
2021-06-16T11:30:19,5700.0,6.99,B
2021-06-16T11:30:19,1700.0,6.99,B
2021-06-16T11:30:19,300.0,6.99,B
2021-06-16T11:30:19,300.0,6.98,S
2021-06-16T11:30:14,1000.0,6.98,S
2021-06-16T11:30:09,100.0,6.98,S
2021-06-16T11:30:09,300.0,6.98,S
2021-06-16T11:30:00,1000.0,6.98,B
2021-06-16T11:29:59,300.0,6.98,B
2021-06-16T11:29:59,300.0,6.99,B
2021-06-16T11:29:58,1000.0,6.99,B
2021-06-16T11:29:58,400.0,6.99,B
2021-06-16T11:29:58,600.0,6.99,B
2021-06-16T11:29:58,4000.0,6.99,B
2021-06-16T11:29:58,100.0,6.98,B
2021-06-16T11:29:57,100.0,6.98,B
2021-06-16T11:29:56,3800.0,6.98,B
2021-06-16T11:29:55,100.0,6.98,B
2021-06-16T11:29:54,400.0,6.98,B
2021-06-16T11:29:53,300.0,6.98,B
2021-06-16T11:29:35,21300.0,6.98,B
2021-06-16T11:29:31,500.0,6.98,B
2021-06-16T11:29:25,21300.0,6.98,S
2021-06-16T11:29:25,300.0,6.98,S
2021-06-16T11:29:24,15000.0,6.98,S
2021-06-16T11:29:24,6000.0,6.99,B
2021-06-16T11:29:24,200.0,6.98,S
2021-06-16T11:29:19,2300.0,6.99,B
2021-06-16T11:29:19,5300.0,6.99,B
2021-06-16T11:29:19,6300.0,6.99,B
2021-06-16T11:29:19,600.0,6.99,B
2021-06-16T11:29:19,15500.0,6.99,B
2021-06-16T11:29:15,300.0,6.98,S
2021-06-16T11:29:10,600.0,6.98,S
2021-06-16T11:29:07,1000.0,6.99,B
2021-06-16T11:29:05,2800.0,6.98,S
2021-06-16T11:29:01,100.0,6.99,B
2021-06-16T11:28:56,300.0,6.98,S
2021-06-16T11:28:48,300.0,6.98,S
2021-06-16T11:28:47,1600.0,6.99,B
2021-06-16T11:28:47,2000.0,6.98,B
2021-06-16T11:28:46,100.0,6.98,B
2021-06-16T11:28:44,1600.0,6.98,B
2021-06-16T11:28:43,500.0,6.98,B
2021-06-16T11:28:43,1500.0,6.98,B
2021-06-16T11:28:40,300.0,6.98,B
2021-06-16T11:28:35,18200.0,6.98,S
2021-06-16T11:28:33,500.0,6.99,B
2021-06-16T11:28:33,9500.0,6.99,B
2021-06-16T11:28:31,10000.0,6.98,S
2021-06-16T11:28:27,300.0,6.98,S
2021-06-16T11:28:27,3500.0,6.99,B
2021-06-16T11:28:24,100.0,6.99,B
2021-06-16T11:28:23,100.0,6.98,S
2021-06-16T11:28:22,5000.0,6.99,B
2021-06-16T11:28:22,2000.0,6.99,B
2021-06-16T11:28:20,300.0,6.98,S
2021-06-16T11:28:16,1500.0,6.98,S
2021-06-16T11:28:11,3000.0,6.99,B
2021-06-16T11:28:10,200.0,6.98,S
2021-06-16T11:28:05,1500.0,6.98,S
2021-06-16T11:28:00,600.0,6.98,S
2021-06-16T11:27:59,1000.0,6.98,S
2021-06-16T11:27:54,200.0,6.98,S
2021-06-16T11:27:51,600.0,6.98,S
2021-06-16T11:27:49,2000.0,6.99,B
2021-06-16T11:27:48,300.0,6.98,S
2021-06-16T11:27:48,2000.0,6.99,B
2021-06-16T11:27:45,3000.0,6.99,B
2021-06-16T11:27:44,2300.0,6.97,S
2021-06-16T11:27:40,1000.0,6.98,B
2021-06-16T11:27:37,3800.0,6.98,S
2021-06-16T11:27:36,100.0,6.99,B
2021-06-16T11:27:34,600.0,6.98,S
2021-06-16T11:27:28,400.0,6.98,S
2021-06-16T11:27:22,600.0,6.98,S
2021-06-16T11:27:20,10000.0,6.99,B
2021-06-16T11:27:19,2000.0,6.98,S
2021-06-16T11:27:17,100.0,6.98,S
2021-06-16T11:27:14,21100.0,6.99,B
2021-06-16T11:27:14,15700.0,6.99,B
2021-06-16T11:27:13,3300.0,6.98,B
2021-06-16T11:27:13,9900.0,6.98,B
2021-06-16T11:27:04,4000.0,6.98,S
2021-06-16T11:27:03,1000.0,6.98,S
2021-06-16T11:27:00,2000.0,6.98,S
2021-06-16T11:26:58,300.0,6.98,S
2021-06-16T11:26:58,20000.0,6.98,S
2021-06-16T11:26:54,1500.0,6.98,B
2021-06-16T11:26:53,26000.0,6.98,B
2021-06-16T11:26:53,15200.0,6.98,B
2021-06-16T11:26:44,2000.0,6.97,B
2021-06-16T11:26:32,200.0,6.96,B
2021-06-16T11:26:28,100.0,6.96,B
2021-06-16T11:26:27,200.0,6.96,S
2021-06-16T11:26:27,500.0,6.96,S
2021-06-16T11:26:24,10000.0,6.97,B
2021-06-16T11:26:15,2700.0,6.98,B
2021-06-16T11:26:15,1800.0,6.98,B
2021-06-16T11:26:14,500.0,6.97,S
2021-06-16T11:26:11,11000.0,6.98,B
2021-06-16T11:26:11,55000.0,6.98,B
2021-06-16T11:26:11,3000.0,6.98,B
2021-06-16T11:26:11,900.0,6.98,B
2021-06-16T11:26:11,5000.0,6.98,B
2021-06-16T11:26:11,1100.0,6.98,B
2021-06-16T11:26:11,15100.0,6.98,B
2021-06-16T11:26:11,300.0,6.97,B
2021-06-16T11:26:11,21200.0,6.97,B
2021-06-16T11:26:11,10000.0,6.96,B
2021-06-16T11:26:04,100.0,6.96,B
2021-06-16T11:26:03,3000.0,6.96,B
2021-06-16T11:25:58,3000.0,6.96,B
2021-06-16T11:25:58,2000.0,6.95,S
2021-06-16T11:25:55,7400.0,6.96,B
2021-06-16T11:25:45,100.0,6.96,S
2021-06-16T11:25:36,3000.0,6.96,S
2021-06-16T11:25:36,3000.0,6.97,B
2021-06-16T11:25:31,200.0,6.95,S
2021-06-16T11:25:24,1000.0,6.97,S
2021-06-16T11:25:22,600.0,6.97,B
2021-06-16T11:25:11,10000.0,6.98,B
2021-06-16T11:25:09,16700.0,6.95,S
2021-06-16T11:25:09,5500.0,6.95,S
2021-06-16T11:25:08,27800.0,6.95,S
2021-06-16T11:25:07,13000.0,6.98,B
2021-06-16T11:25:07,2000.0,6.98,B
2021-06-16T11:25:07,6600.0,6.98,B
2021-06-16T11:25:07,28400.0,6.98,B
2021-06-16T11:25:07,14000.0,6.97,S
2021-06-16T11:25:05,300.0,6.97,S
2021-06-16T11:25:05,100.0,6.97,S
2021-06-16T11:25:05,100.0,6.97,S
2021-06-16T11:25:03,1000.0,6.97,S
2021-06-16T11:25:03,500.0,6.97,S
2021-06-16T11:25:02,200.0,6.97,S
2021-06-16T11:24:59,300.0,6.97,B
2021-06-16T11:24:59,400.0,6.97,B
2021-06-16T11:24:59,900.0,6.97,B
2021-06-16T11:24:52,10000.0,6.97,B
2021-06-16T11:24:50,5000.0,6.97,B
2021-06-16T11:24:49,6100.0,6.96,S
2021-06-16T11:24:46,100.0,6.97,B
2021-06-16T11:24:46,1000.0,6.96,S
2021-06-16T11:24:44,4000.0,6.96,S
2021-06-16T11:24:41,400.0,6.97,B
2021-06-16T11:24:41,600.0,6.97,B
2021-06-16T11:24:39,500.0,6.96,S
2021-06-16T11:24:38,2600.0,6.96,S
2021-06-16T11:24:36,8500.0,6.96,S
2021-06-16T11:24:36,8900.0,6.96,S
2021-06-16T11:24:36,300.0,6.97,B
2021-06-16T11:24:30,2000.0,6.96,S
2021-06-16T11:24:27,100.0,6.97,B
2021-06-16T11:24:27,500.0,6.97,B
2021-06-16T11:24:23,9000.0,6.97,B
2021-06-16T11:24:20,300.0,6.97,B
2021-06-16T11:24:19,8000.0,6.96,S
2021-06-16T11:24:16,100.0,6.97,B
2021-06-16T11:24:14,600.0,6.97,B
2021-06-16T11:24:08,300.0,6.97,B
2021-06-16T11:24:06,1700.0,6.97,B
2021-06-16T11:24:06,100.0,6.97,B
2021-06-16T11:24:06,3400.0,6.96,S
2021-06-16T11:24:06,1000.0,6.97,S
2021-06-16T11:24:06,2000.0,6.97,S
2021-06-16T11:24:06,100.0,6.97,S
2021-06-16T11:24:05,2800.0,6.97,S
2021-06-16T11:24:03,100.0,6.97,S
2021-06-16T11:23:59,300.0,6.97,S
2021-06-16T11:23:58,500.0,6.97,S
2021-06-16T11:23:56,6300.0,6.97,B
2021-06-16T11:23:55,500.0,6.96,S
2021-06-16T11:23:51,100.0,6.96,S
2021-06-16T11:23:48,1700.0,6.97,B
2021-06-16T11:23:46,2500.0,6.98,B
2021-06-16T11:23:46,7800.0,6.98,B
2021-06-16T11:23:45,2600.0,6.98,B
2021-06-16T11:23:39,100.0,6.97,B
2021-06-16T11:23:37,2000.0,6.96,S
2021-06-16T11:23:33,700.0,6.98,B
2021-06-16T11:23:32,2000.0,6.96,S
2021-06-16T11:23:30,2000.0,6.98,B
2021-06-16T11:23:29,3200.0,6.96,S
2021-06-16T11:23:29,18000.0,6.97,S
2021-06-16T11:23:29,1000.0,6.97,S
2021-06-16T11:23:29,7800.0,6.97,S
2021-06-16T11:23:24,200.0,6.97,S
2021-06-16T11:23:24,2500.0,6.98,B
2021-06-16T11:23:20,100.0,6.98,B
2021-06-16T11:23:18,7300.0,6.97,S
2021-06-16T11:23:14,5000.0,6.98,B
2021-06-16T11:23:11,500.0,6.98,B
2021-06-16T11:23:09,400.0,6.98,B
2021-06-16T11:23:08,2000.0,6.98,S
2021-06-16T11:23:00,2400.0,6.99,B
2021-06-16T11:22:59,1000.0,6.99,B
2021-06-16T11:22:58,1400.0,6.99,B
2021-06-16T11:22:54,5500.0,6.99,B
2021-06-16T11:22:48,5400.0,7.0,B
2021-06-16T11:22:48,14600.0,7.0,B
2021-06-16T11:22:48,200.0,6.99,B
2021-06-16T11:22:43,100.0,6.99,B
2021-06-16T11:22:42,10000.0,6.99,B
2021-06-16T11:22:42,15000.0,6.99,B
2021-06-16T11:22:39,1000.0,6.98,S
2021-06-16T11:22:38,15300.0,6.98,S
2021-06-16T11:22:38,6700.0,6.98,S
2021-06-16T11:22:37,10000.0,6.99,B
2021-06-16T11:22:37,500.0,6.98,S
2021-06-16T11:22:37,100.0,6.99,B
2021-06-16T11:22:37,200.0,6.98,S
2021-06-16T11:22:36,5000.0,6.99,B
2021-06-16T11:22:34,100.0,6.99,B
2021-06-16T11:22:33,1000.0,6.99,B
2021-06-16T11:22:31,10000.0,6.99,B
2021-06-16T11:22:24,5000.0,6.99,B
2021-06-16T11:22:23,400.0,6.99,B
2021-06-16T11:22:22,900.0,6.99,B
2021-06-16T11:22:17,1900.0,6.99,S
2021-06-16T11:22:16,300.0,7.0,B
2021-06-16T11:22:14,1000.0,7.0,B
2021-06-16T11:22:14,1600.0,6.99,S
2021-06-16T11:22:13,200.0,6.99,S
2021-06-16T11:22:12,10000.0,7.0,B
2021-06-16T11:22:10,3000.0,7.0,B
2021-06-16T11:22:06,20000.0,6.99,S
2021-06-16T11:22:06,300.0,6.99,S
2021-06-16T11:22:05,300.0,7.0,B
2021-06-16T11:22:05,2400.0,7.0,B
2021-06-16T11:22:02,6000.0,7.0,B
2021-06-16T11:22:00,13000.0,6.99,S
2021-06-16T11:21:59,5000.0,6.99,S
2021-06-16T11:21:59,1800.0,7.0,B
2021-06-16T11:21:59,4100.0,7.0,B
2021-06-16T11:21:58,1000.0,7.0,B
2021-06-16T11:21:55,2800.0,7.0,B
2021-06-16T11:21:53,1400.0,7.0,B
2021-06-16T11:21:47,100.0,6.99,S
2021-06-16T11:21:46,5000.0,7.0,B
2021-06-16T11:21:44,5000.0,7.0,B
2021-06-16T11:21:41,1500.0,7.0,B
2021-06-16T11:21:33,300.0,7.0,B
2021-06-16T11:21:33,100.0,6.99,S
2021-06-16T11:21:31,4300.0,6.99,B
2021-06-16T11:21:31,100.0,6.99,B
2021-06-16T11:21:28,5600.0,6.99,S
2021-06-16T11:21:27,8600.0,6.99,B
2021-06-16T11:21:27,5100.0,6.99,B
2021-06-16T11:21:26,1000.0,6.99,B
2021-06-16T11:21:23,500.0,6.99,B
2021-06-16T11:21:23,500.0,6.99,B
2021-06-16T11:21:21,100.0,6.99,B
2021-06-16T11:21:20,100.0,6.99,B
2021-06-16T11:21:17,30000.0,6.99,B
2021-06-16T11:21:16,6500.0,6.99,B
2021-06-16T11:21:13,6000.0,6.99,B
2021-06-16T11:21:10,400.0,6.99,B
2021-06-16T11:21:03,100.0,6.98,S
2021-06-16T11:21:03,11000.0,6.99,B
2021-06-16T11:20:59,10000.0,6.99,B
2021-06-16T11:20:48,57700.0,6.98,B
2021-06-16T11:20:48,1000.0,6.98,B
2021-06-16T11:20:45,1900.0,6.98,B
2021-06-16T11:20:45,2100.0,6.98,B
2021-06-16T11:20:45,10000.0,6.98,B
2021-06-16T11:20:43,1500.0,6.98,B
2021-06-16T11:20:41,3900.0,6.98,B
2021-06-16T11:20:41,1100.0,6.98,B
2021-06-16T11:20:39,100.0,6.98,B
2021-06-16T11:20:33,5000.0,6.98,B
2021-06-16T11:20:24,1700.0,6.98,B
2021-06-16T11:20:17,3300.0,6.98,B
2021-06-16T11:20:15,3000.0,6.97,B
2021-06-16T11:20:13,900.0,6.97,B
2021-06-16T11:20:12,2000.0,6.97,B
2021-06-16T11:20:10,6000.0,6.97,B
2021-06-16T11:20:10,100.0,6.97,B
2021-06-16T11:20:10,13900.0,6.97,B
2021-06-16T11:20:07,400.0,6.97,B
2021-06-16T11:19:59,1000.0,6.97,B
2021-06-16T11:19:55,1000.0,6.97,B
2021-06-16T11:19:54,900.0,6.97,B
2021-06-16T11:19:54,100.0,6.97,B
2021-06-16T11:19:53,16000.0,6.97,B
2021-06-16T11:19:52,500.0,6.97,B
2021-06-16T11:19:48,4000.0,6.97,B
2021-06-16T11:19:48,2000.0,6.95,S
2021-06-16T11:19:46,20000.0,6.97,B
2021-06-16T11:19:46,1800.0,6.97,B
2021-06-16T11:19:43,700.0,6.97,B
2021-06-16T11:19:42,3000.0,6.97,B
2021-06-16T11:19:39,1000.0,6.97,B
2021-06-16T11:19:35,10800.0,6.95,S
2021-06-16T11:19:34,1000.0,6.96,S
2021-06-16T11:19:32,2000.0,6.97,B
2021-06-16T11:19:32,500.0,6.96,S
2021-06-16T11:19:29,100.0,6.96,S
2021-06-16T11:19:29,5000.0,6.97,B
2021-06-16T11:19:29,1500.0,6.96,B
2021-06-16T11:19:28,3000.0,6.96,B
2021-06-16T11:19:26,300.0,6.96,B
2021-06-16T11:19:25,4000.0,6.96,B
2021-06-16T11:19:21,42400.0,6.96,B
2021-06-16T11:19:20,14600.0,6.96,B
2021-06-16T11:19:17,900.0,6.96,B
2021-06-16T11:19:07,3000.0,6.96,B
2021-06-16T11:19:05,2000.0,6.96,B
2021-06-16T11:19:04,5000.0,6.95,B
2021-06-16T11:19:03,45800.0,6.95,B
2021-06-16T11:19:03,15200.0,6.95,B
2021-06-16T11:19:03,8100.0,6.95,B
2021-06-16T11:19:03,3500.0,6.95,B
2021-06-16T11:19:03,25300.0,6.95,B
2021-06-16T11:19:02,15000.0,6.95,B
2021-06-16T11:19:01,500.0,6.95,B
2021-06-16T11:18:59,1000.0,6.95,B
2021-06-16T11:18:59,1100.0,6.95,B
2021-06-16T11:18:59,1000.0,6.94,S
2021-06-16T11:18:58,5000.0,6.95,B
2021-06-16T11:18:55,1000.0,6.95,B
2021-06-16T11:18:53,12000.0,6.95,B
2021-06-16T11:18:52,2800.0,6.95,B
2021-06-16T11:18:48,24000.0,6.95,B
2021-06-16T11:18:47,500.0,6.95,B
2021-06-16T11:18:45,10000.0,6.95,B
2021-06-16T11:18:44,500.0,6.95,B
2021-06-16T11:18:42,1500.0,6.95,B
2021-06-16T11:18:42,1000.0,6.95,B
2021-06-16T11:18:39,3000.0,6.95,B
2021-06-16T11:18:39,100.0,6.95,B
2021-06-16T11:18:36,1600.0,6.95,B
2021-06-16T11:18:34,2000.0,6.95,B
2021-06-16T11:18:34,7000.0,6.94,S
2021-06-16T11:18:32,200.0,6.93,S
2021-06-16T11:18:30,10000.0,6.93,S
2021-06-16T11:18:25,15000.0,6.95,B
2021-06-16T11:18:23,700.0,6.93,S
2021-06-16T11:18:14,2000.0,6.94,B
2021-06-16T11:18:08,5000.0,6.93,B
2021-06-16T11:18:06,9300.0,6.92,B
2021-06-16T11:18:04,1100.0,6.92,B
2021-06-16T11:18:03,200.0,6.92,B
2021-06-16T11:18:03,200.0,6.92,B
2021-06-16T11:17:57,2100.0,6.92,B
2021-06-16T11:17:55,100.0,6.91,S
2021-06-16T11:17:55,400.0,6.92,B
2021-06-16T11:17:51,10000.0,6.94,B
2021-06-16T11:17:51,900.0,6.92,S
2021-06-16T11:17:44,300.0,6.93,B
2021-06-16T11:17:39,100.0,6.92,S
2021-06-16T11:17:31,200.0,6.92,S
2021-06-16T11:17:28,1000.0,6.92,S
2021-06-16T11:17:26,8700.0,6.92,S
2021-06-16T11:17:22,1000.0,6.92,B
2021-06-16T11:17:21,200.0,6.92,B
2021-06-16T11:17:18,4000.0,6.92,B
2021-06-16T11:17:18,4000.0,6.9,S
2021-06-16T11:17:14,500.0,6.91,B
2021-06-16T11:17:14,8500.0,6.91,B
2021-06-16T11:17:13,900.0,6.91,B
2021-06-16T11:17:07,500.0,6.91,B
2021-06-16T11:17:04,100.0,6.91,B
2021-06-16T11:16:55,1000.0,6.91,B
2021-06-16T11:16:49,27600.0,6.9,B
2021-06-16T11:16:49,600.0,6.9,B
2021-06-16T11:16:49,1500.0,6.9,B
2021-06-16T11:16:48,100.0,6.9,B
2021-06-16T11:16:47,5000.0,6.9,B
2021-06-16T11:16:42,10000.0,6.9,B
2021-06-16T11:16:41,6000.0,6.9,B
2021-06-16T11:16:38,1000.0,6.9,B
2021-06-16T11:16:37,15400.0,6.9,S
2021-06-16T11:16:31,5600.0,6.9,S
2021-06-16T11:16:28,4500.0,6.91,B
2021-06-16T11:16:24,5000.0,6.9,S
2021-06-16T11:16:21,600.0,6.91,B
2021-06-16T11:16:19,600.0,6.9,S
2021-06-16T11:16:17,3000.0,6.9,S
2021-06-16T11:16:15,1000.0,6.9,S
2021-06-16T11:16:07,500.0,6.9,S
2021-06-16T11:16:06,400.0,6.9,S
2021-06-16T11:16:04,100.0,6.9,B
2021-06-16T11:16:04,13400.0,6.9,B
2021-06-16T11:16:04,500.0,6.9,B
2021-06-16T11:16:00,10000.0,6.9,B
2021-06-16T11:15:57,100.0,6.9,B
2021-06-16T11:15:54,600.0,6.9,B
2021-06-16T11:15:54,5000.0,6.89,S
2021-06-16T11:15:51,5000.0,6.9,B
2021-06-16T11:15:50,100.0,6.89,S
2021-06-16T11:15:49,200.0,6.9,B
2021-06-16T11:15:49,800.0,6.9,B
2021-06-16T11:15:48,5000.0,6.9,B
2021-06-16T11:15:44,100.0,6.89,S
2021-06-16T11:15:43,30000.0,6.9,B
2021-06-16T11:15:40,5000.0,6.9,B
2021-06-16T11:15:39,1000.0,6.9,B
2021-06-16T11:15:38,1000.0,6.9,B
2021-06-16T11:15:37,200.0,6.9,B
2021-06-16T11:15:36,300.0,6.9,B
2021-06-16T11:15:31,200.0,6.9,B
2021-06-16T11:15:26,300.0,6.9,B
2021-06-16T11:15:24,5000.0,6.9,B
2021-06-16T11:15:24,2600.0,6.9,B
2021-06-16T11:15:16,20000.0,6.9,B
2021-06-16T11:15:14,1000.0,6.9,B
2021-06-16T11:15:12,1000.0,6.9,B
2021-06-16T11:15:09,500.0,6.9,B
2021-06-16T11:15:09,5000.0,6.89,S
2021-06-16T11:15:01,1000.0,6.9,B
2021-06-16T11:15:01,1500.0,6.9,B
2021-06-16T11:15:01,7500.0,6.9,B
2021-06-16T11:14:53,800.0,6.89,B
2021-06-16T11:14:50,5000.0,6.9,B
2021-06-16T11:14:46,400.0,6.9,B
2021-06-16T11:14:46,600.0,6.9,B
2021-06-16T11:14:45,200.0,6.9,B
2021-06-16T11:14:45,300.0,6.9,B
2021-06-16T11:14:45,1500.0,6.9,B
2021-06-16T11:14:44,500.0,6.9,B
2021-06-16T11:14:35,1000.0,6.9,B
2021-06-16T11:14:35,500.0,6.9,B
2021-06-16T11:14:34,8500.0,6.9,B
2021-06-16T11:14:34,4000.0,6.89,B
2021-06-16T11:14:21,300.0,6.89,B
2021-06-16T11:14:11,10000.0,6.81,S
2021-06-16T11:14:03,100.0,6.81,S
2021-06-16T11:13:59,1000.0,6.9,B
2021-06-16T11:13:57,500.0,6.9,B
2021-06-16T11:13:57,2000.0,6.9,B
2021-06-16T11:13:52,1500.0,6.9,B
2021-06-16T11:13:52,3500.0,6.9,B
2021-06-16T11:13:52,2000.0,6.9,B
2021-06-16T11:13:43,2000.0,6.9,B
2021-06-16T11:13:40,2000.0,6.9,B
2021-06-16T11:13:29,300.0,6.9,B
2021-06-16T11:13:24,17300.0,6.9,B
2021-06-16T11:13:13,2600.0,6.9,B
2021-06-16T11:13:13,1500.0,6.89,B
2021-06-16T11:13:13,900.0,6.87,B
2021-06-16T11:13:13,1200.0,6.87,B
2021-06-16T11:13:13,700.0,6.86,B
2021-06-16T11:13:13,4300.0,6.85,B
2021-06-16T11:13:13,1600.0,6.85,B
2021-06-16T11:13:13,9200.0,6.84,B
2021-06-16T11:13:10,600.0,6.82,B
2021-06-16T11:13:07,300.0,6.81,B
2021-06-16T11:13:03,1000.0,6.8,S
2021-06-16T11:12:55,1000.0,6.8,S
2021-06-16T11:12:48,200.0,6.8,B
2021-06-16T11:12:48,6500.0,6.8,B
2021-06-16T11:12:48,2600.0,6.8,B
2021-06-16T11:12:48,5300.0,6.8,B
2021-06-16T11:12:48,200.0,6.8,B
2021-06-16T11:12:48,1100.0,6.8,B
2021-06-16T11:12:47,3400.0,6.8,B
2021-06-16T11:12:46,10000.0,6.8,B
2021-06-16T11:12:44,1000.0,6.8,B
2021-06-16T11:12:39,5000.0,6.8,B
2021-06-16T11:12:36,2000.0,6.8,B
2021-06-16T11:12:34,5000.0,6.8,B
2021-06-16T11:12:31,6000.0,6.78,B
2021-06-16T11:12:31,4400.0,6.75,S
2021-06-16T11:12:24,2000.0,6.75,B
2021-06-16T11:12:03,500.0,6.73,B
2021-06-16T11:12:03,900.0,6.73,B
2021-06-16T11:12:03,600.0,6.73,B
2021-06-16T11:12:02,18000.0,6.73,B
2021-06-16T11:12:00,500.0,6.7,B
2021-06-16T11:11:50,9300.0,6.7,B
2021-06-16T11:11:50,2000.0,6.7,B
2021-06-16T11:11:49,2700.0,6.7,B
2021-06-16T11:11:45,2000.0,6.68,S
2021-06-16T11:11:41,400.0,6.68,B
2021-06-16T11:11:41,500.0,6.68,B
2021-06-16T11:11:31,500.0,6.67,S
2021-06-16T11:11:16,10000.0,6.67,S
2021-06-16T11:11:12,9800.0,6.67,S
2021-06-16T11:11:12,13100.0,6.65,B
2021-06-16T11:11:12,2900.0,6.65,B
2021-06-16T11:11:12,4400.0,6.65,B
2021-06-16T11:10:58,200.0,6.64,B
2021-06-16T11:10:48,100.0,6.63,S
2021-06-16T11:10:42,200.0,6.63,S
2021-06-16T11:10:39,4000.0,6.64,B
2021-06-16T11:10:39,1000.0,6.64,B
2021-06-16T11:09:49,7100.0,6.63,B
2021-06-16T11:09:48,200.0,6.63,B
2021-06-16T11:09:40,200.0,6.63,B
2021-06-16T11:09:27,100.0,6.63,B
2021-06-16T11:09:12,100.0,6.63,B
2021-06-16T11:09:04,5000.0,6.63,B
2021-06-16T11:08:53,9000.0,6.62,S
2021-06-16T11:08:51,24800.0,6.62,B
2021-06-16T11:08:48,3500.0,6.62,B
2021-06-16T11:08:16,500.0,6.62,B
2021-06-16T11:07:52,3000.0,6.62,B
2021-06-16T11:07:49,10200.0,6.61,S
2021-06-16T11:07:28,3200.0,6.61,B
2021-06-16T11:06:56,2000.0,6.6,S
2021-06-16T11:06:54,300.0,6.6,B
2021-06-16T11:06:52,10000.0,6.6,B
2021-06-16T11:06:47,10000.0,6.6,B
2021-06-16T11:06:41,3000.0,6.6,B
2021-06-16T11:06:38,2000.0,6.6,B
2021-06-16T11:06:19,1000.0,6.6,B
2021-06-16T11:06:18,200.0,6.6,B
2021-06-16T11:06:02,5000.0,6.6,B
2021-06-16T11:05:57,3000.0,6.6,B
2021-06-16T11:05:10,3000.0,6.6,B
2021-06-16T11:05:10,11000.0,6.59,B
2021-06-16T11:05:07,4000.0,6.59,B
2021-06-16T11:04:18,10000.0,6.59,B
2021-06-16T11:03:53,10000.0,6.59,B
2021-06-16T11:03:49,200.0,6.57,S
2021-06-16T11:02:53,200.0,6.57,S
2021-06-16T11:02:29,10000.0,6.57,S
2021-06-16T11:02:12,300.0,6.55,S
2021-06-16T11:02:12,1800.0,6.57,S
2021-06-16T11:02:08,4100.0,6.57,S
2021-06-16T11:02:06,4500.0,6.59,S
2021-06-16T11:02:05,100.0,6.59,S
2021-06-16T11:01:43,3000.0,6.59,S
2021-06-16T11:01:39,2400.0,6.59,S
2021-06-16T11:01:33,3000.0,6.6,B
2021-06-16T11:01:06,12000.0,6.6,S
2021-06-16T11:00:57,900.0,6.61,B
2021-06-16T11:00:56,5300.0,6.6,S
2021-06-16T11:00:39,7000.0,6.6,S
2021-06-16T11:00:29,800.0,6.61,B
2021-06-16T11:00:13,2400.0,6.61,S
2021-06-16T11:00:00,1000.0,6.62,B
2021-06-16T11:00:00,200.0,6.62,B
2021-06-16T10:59:12,10000.0,6.62,S
2021-06-16T10:59:09,500.0,6.62,S
2021-06-16T10:59:00,5000.0,6.62,S
2021-06-16T10:58:57,100.0,6.62,B
2021-06-16T10:58:55,2500.0,6.62,B
2021-06-16T10:58:55,1900.0,6.62,B
2021-06-16T10:58:41,2000.0,6.62,B
2021-06-16T10:58:36,100.0,6.61,S
2021-06-16T10:58:23,2000.0,6.62,B
2021-06-16T10:57:51,5000.0,6.62,B
2021-06-16T10:57:40,500.0,6.62,S
2021-06-16T10:57:40,100.0,6.62,S
2021-06-16T10:57:32,500.0,6.62,S
2021-06-16T10:57:05,500.0,6.62,B
2021-06-16T10:56:34,1500.0,6.62,B
2021-06-16T10:56:03,6300.0,6.6,B
2021-06-16T10:56:03,1000.0,6.6,B
2021-06-16T10:56:03,13800.0,6.6,B
2021-06-16T10:55:37,10000.0,6.6,B
2021-06-16T10:55:25,500.0,6.6,B
2021-06-16T10:55:23,3000.0,6.6,B
2021-06-16T10:55:20,1700.0,6.6,B
2021-06-16T10:55:08,500.0,6.6,B
2021-06-16T10:54:55,4000.0,6.6,B
2021-06-16T10:54:55,5000.0,6.6,B
2021-06-16T10:54:44,500.0,6.6,B
2021-06-16T10:54:41,5000.0,6.6,B
2021-06-16T10:54:31,7000.0,6.6,B
2021-06-16T10:54:29,5000.0,6.59,S
2021-06-16T10:54:25,5900.0,6.6,B
2021-06-16T10:54:24,300.0,6.6,B
2021-06-16T10:53:46,5000.0,6.59,B
2021-06-16T10:53:00,1000.0,6.58,B
2021-06-16T10:52:50,10200.0,6.58,B
2021-06-16T10:51:24,2000.0,6.57,B
2021-06-16T10:51:23,2100.0,6.56,B
2021-06-16T10:51:02,100.0,6.54,S
2021-06-16T10:50:58,200.0,6.55,B
2021-06-16T10:50:34,15500.0,6.55,B
2021-06-16T10:50:34,4500.0,6.54,B
2021-06-16T10:50:12,500.0,6.54,B
2021-06-16T10:50:00,1000.0,6.54,B
2021-06-16T10:49:47,2000.0,6.53,S
2021-06-16T10:48:31,100.0,6.53,S
2021-06-16T10:48:08,200.0,6.54,B
2021-06-16T10:48:05,600.0,6.54,B
2021-06-16T10:47:48,200.0,6.54,B
2021-06-16T10:47:19,800.0,6.52,S
2021-06-16T10:47:15,5200.0,6.52,S
2021-06-16T10:47:07,300.0,6.53,B
2021-06-16T10:46:34,20000.0,6.53,B
2021-06-16T10:46:32,5000.0,6.52,B
2021-06-16T10:46:13,400.0,6.52,B
2021-06-16T10:45:51,100.0,6.52,B
2021-06-16T10:45:40,1000.0,6.51,S
2021-06-16T10:45:24,2000.0,6.52,B
2021-06-16T10:44:46,2000.0,6.51,S
2021-06-16T10:44:38,100.0,6.52,B
2021-06-16T10:43:52,100.0,6.51,S
2021-06-16T10:43:52,200.0,6.51,S
2021-06-16T10:43:32,4100.0,6.51,S
2021-06-16T10:42:43,11600.0,6.52,B
2021-06-16T10:42:43,38400.0,6.52,B
2021-06-16T10:41:53,1800.0,6.51,S
2021-06-16T10:41:52,500.0,6.51,S
2021-06-16T10:41:52,12100.0,6.51,S
2021-06-16T10:41:52,20600.0,6.51,S
2021-06-16T10:41:21,1900.0,6.52,B
2021-06-16T10:41:00,2000.0,6.52,B
2021-06-16T10:40:38,900.0,6.52,B
2021-06-16T10:40:33,300.0,6.51,S
2021-06-16T10:40:28,1900.0,6.52,B
2021-06-16T10:40:14,1000.0,6.52,B
2021-06-16T10:40:04,10000.0,6.51,S
2021-06-16T10:39:22,1000.0,6.51,S
2021-06-16T10:38:35,100.0,6.51,B
2021-06-16T10:38:14,2000.0,6.51,B
2021-06-16T10:38:05,1000.0,6.51,B
2021-06-16T10:38:05,12300.0,6.51,B
2021-06-16T10:38:05,6000.0,6.51,B
2021-06-16T10:37:54,3000.0,6.51,B
2021-06-16T10:37:27,800.0,6.5,S
2021-06-16T10:36:49,4800.0,6.51,B
2021-06-16T10:36:49,2200.0,6.51,B
2021-06-16T10:36:20,300.0,6.51,B
2021-06-16T10:36:13,600.0,6.5,S
2021-06-16T10:36:03,3000.0,6.5,S
2021-06-16T10:35:57,2300.0,6.5,S
2021-06-16T10:35:33,100.0,6.51,B
2021-06-16T10:35:26,8300.0,6.5,S
2021-06-16T10:35:25,1500.0,6.5,S
2021-06-16T10:35:11,8000.0,6.5,S
2021-06-16T10:34:22,1000.0,6.5,S
2021-06-16T10:34:18,1000.0,6.51,S
2021-06-16T10:33:34,4000.0,6.5,S
2021-06-16T10:33:33,800.0,6.51,S
2021-06-16T10:33:25,300.0,6.5,S
2021-06-16T10:33:18,2000.0,6.5,S
2021-06-16T10:32:42,6600.0,6.5,S
2021-06-16T10:32:39,2000.0,6.49,S
2021-06-16T10:32:38,2000.0,6.5,S
2021-06-16T10:32:10,100.0,6.49,S
2021-06-16T10:32:10,5000.0,6.5,S
2021-06-16T10:32:03,2000.0,6.5,S
2021-06-16T10:32:01,2500.0,6.49,S
2021-06-16T10:31:45,100.0,6.5,S
2021-06-16T10:31:31,1000.0,6.5,S
2021-06-16T10:31:29,400.0,6.5,S
2021-06-16T10:31:24,1000.0,6.5,S
2021-06-16T10:31:15,100.0,6.5,S
2021-06-16T10:31:12,10000.0,6.5,S
2021-06-16T10:31:02,800.0,6.49,S
2021-06-16T10:31:02,1200.0,6.49,S
2021-06-16T10:31:02,700.0,6.5,S
2021-06-16T10:31:02,600.0,6.5,S
2021-06-16T10:31:02,500.0,6.5,S
2021-06-16T10:31:00,2300.0,6.5,S
2021-06-16T10:31:00,3100.0,6.5,S
2021-06-16T10:31:00,7800.0,6.5,S
2021-06-16T10:30:54,100.0,6.51,S
2021-06-16T10:30:16,3000.0,6.5,S
2021-06-16T10:30:08,2000.0,6.5,S
2021-06-16T10:30:06,21800.0,6.5,S
2021-06-16T10:30:06,8200.0,6.5,S
2021-06-16T10:29:51,5000.0,6.5,S
2021-06-16T10:29:50,25000.0,6.5,S
2021-06-16T10:29:29,13000.0,6.5,S
2021-06-16T10:28:33,6700.0,6.5,S
2021-06-16T10:28:33,500.0,6.5,S
2021-06-16T10:28:33,2800.0,6.5,S
2021-06-16T10:28:30,100.0,6.5,S
2021-06-16T10:28:30,200.0,6.51,S
2021-06-16T10:28:30,700.0,6.51,S
2021-06-16T10:27:39,100.0,6.5,S
2021-06-16T10:27:39,4600.0,6.5,S
2021-06-16T10:27:39,10100.0,6.5,S
2021-06-16T10:27:39,1300.0,6.5,S
2021-06-16T10:27:39,15000.0,6.5,S
2021-06-16T10:27:37,2300.0,6.5,S
2021-06-16T10:27:37,500.0,6.5,S
2021-06-16T10:27:37,1500.0,6.5,S
2021-06-16T10:27:37,12400.0,6.5,S
2021-06-16T10:27:37,6000.0,6.5,S
2021-06-16T10:27:37,500.0,6.5,S
2021-06-16T10:27:37,100.0,6.51,S
2021-06-16T10:27:37,1100.0,6.51,S
2021-06-16T10:27:37,800.0,6.51,S
2021-06-16T10:27:37,200.0,6.51,S
2021-06-16T10:27:37,500.0,6.51,S
2021-06-16T10:27:37,13100.0,6.51,S
2021-06-16T10:27:16,400.0,6.53,S
2021-06-16T10:27:03,3400.0,6.51,S
2021-06-16T10:27:03,100.0,6.51,S
2021-06-16T10:27:03,28300.0,6.51,S
2021-06-16T10:26:54,1000.0,6.53,S
2021-06-16T10:26:48,5000.0,6.52,S
2021-06-16T10:26:36,1000.0,6.52,S
2021-06-16T10:26:36,200.0,6.52,S
2021-06-16T10:26:30,800.0,6.52,S
2021-06-16T10:26:28,200.0,6.53,S
2021-06-16T10:25:59,500.0,6.53,S
2021-06-16T10:25:51,200.0,6.53,S
2021-06-16T10:25:49,10000.0,6.52,S
2021-06-16T10:25:47,100.0,6.53,S
2021-06-16T10:25:41,2000.0,6.52,S
2021-06-16T10:25:40,500.0,6.53,S
2021-06-16T10:25:26,5000.0,6.53,S
2021-06-16T10:24:29,2800.0,6.53,S
2021-06-16T10:23:58,2000.0,6.53,S
2021-06-16T10:23:47,1100.0,6.53,S
2021-06-16T10:23:08,200.0,6.52,S
2021-06-16T10:23:03,5100.0,6.53,S
2021-06-16T10:23:02,900.0,6.53,S
2021-06-16T10:22:26,500.0,6.53,S
2021-06-16T10:22:06,100.0,6.53,S
2021-06-16T10:21:34,3000.0,6.53,S
2021-06-16T10:21:29,400.0,6.52,S
2021-06-16T10:21:23,1000.0,6.51,S
2021-06-16T10:21:18,500.0,6.51,S
2021-06-16T10:21:14,2000.0,6.51,S
2021-06-16T10:20:57,4000.0,6.52,S
2021-06-16T10:20:38,500.0,6.51,S
2021-06-16T10:19:37,15000.0,6.51,S
2021-06-16T10:19:36,1000.0,6.52,S
2021-06-16T10:19:33,2000.0,6.51,S
2021-06-16T10:19:28,200.0,6.52,S
2021-06-16T10:19:21,15000.0,6.54,B
2021-06-16T10:18:55,10000.0,6.51,S
2021-06-16T10:18:45,3300.0,6.52,S
2021-06-16T10:18:45,600.0,6.52,S
2021-06-16T10:18:45,3100.0,6.52,S
2021-06-16T10:18:43,15000.0,6.52,S
2021-06-16T10:17:25,5000.0,6.52,S
2021-06-16T10:16:44,400.0,6.53,B
2021-06-16T10:16:33,1000.0,6.54,B
2021-06-16T10:16:20,20000.0,6.52,S
2021-06-16T10:16:12,2000.0,6.54,B
2021-06-16T10:15:38,4000.0,6.53,B
2021-06-16T10:14:14,100.0,6.54,B
2021-06-16T10:14:09,16400.0,6.54,B
2021-06-16T10:13:58,2000.0,6.53,B
2021-06-16T10:12:45,2000.0,6.53,B
2021-06-16T10:12:32,2000.0,6.53,B
2021-06-16T10:11:40,1000.0,6.52,S
2021-06-16T10:10:21,1000.0,6.53,B
2021-06-16T10:10:19,18700.0,6.53,B
2021-06-16T10:10:15,100.0,6.53,B
2021-06-16T10:10:11,5000.0,6.52,S
2021-06-16T10:09:13,3000.0,6.51,S
2021-06-16T10:09:13,17000.0,6.51,S
2021-06-16T10:07:59,200.0,6.51,S
2021-06-16T10:07:53,1000.0,6.51,S
2021-06-16T10:06:51,7800.0,6.51,S
2021-06-16T10:06:42,500.0,6.51,S
2021-06-16T10:06:31,500.0,6.51,S
2021-06-16T10:06:26,100.0,6.51,S
2021-06-16T10:06:21,100.0,6.51,S
2021-06-16T10:06:21,1000.0,6.51,S
2021-06-16T10:06:19,20000.0,6.5,S
2021-06-16T10:06:18,3000.0,6.53,B
2021-06-16T10:06:16,10000.0,6.51,S
2021-06-16T10:05:55,11300.0,6.51,S
2021-06-16T10:05:55,1000.0,6.51,S
2021-06-16T10:05:54,7700.0,6.51,S
2021-06-16T10:05:20,12800.0,6.51,S
2021-06-16T10:04:53,900.0,6.53,B
2021-06-16T10:04:31,2000.0,6.51,S
2021-06-16T10:04:23,1000.0,6.53,B
2021-06-16T10:04:09,5000.0,6.52,S
2021-06-16T10:03:53,600.0,6.51,S
2021-06-16T10:03:47,500.0,6.51,S
2021-06-16T10:03:46,100.0,6.52,S
2021-06-16T10:03:28,600.0,6.51,S
2021-06-16T10:03:12,5000.0,6.51,S
2021-06-16T10:02:43,3000.0,6.51,S
2021-06-16T10:02:35,8500.0,6.51,S
2021-06-16T10:02:07,11500.0,6.51,S
2021-06-16T10:02:07,10400.0,6.52,B
2021-06-16T10:02:06,800.0,6.51,S
2021-06-16T10:01:46,500.0,6.51,S
2021-06-16T10:01:44,1600.0,6.52,B
2021-06-16T10:01:32,2000.0,6.51,S
2021-06-16T10:01:27,300.0,6.5,S
2021-06-16T10:01:20,700.0,6.5,S
2021-06-16T10:01:13,400.0,6.5,S
2021-06-16T10:00:45,10000.0,6.5,S
2021-06-16T10:00:32,15000.0,6.5,S
2021-06-16T10:00:08,100.0,6.5,S
2021-06-16T10:00:08,3400.0,6.5,S
2021-06-16T10:00:06,3900.0,6.5,S
2021-06-16T09:59:59,100.0,6.5,S
2021-06-16T09:59:47,100.0,6.5,S
2021-06-16T09:59:45,2500.0,6.5,S
2021-06-16T09:59:34,10000.0,6.5,S
2021-06-16T09:59:33,6600.0,6.5,S
2021-06-16T09:59:33,9100.0,6.5,S
2021-06-16T09:59:33,2500.0,6.5,S
2021-06-16T09:59:33,1200.0,6.5,S
2021-06-16T09:59:33,11900.0,6.5,S
2021-06-16T09:59:32,2000.0,6.5,S
2021-06-16T09:59:32,11400.0,6.5,S
2021-06-16T09:59:32,700.0,6.5,S
2021-06-16T09:59:32,10900.0,6.5,S
2021-06-16T09:59:32,8200.0,6.5,S
2021-06-16T09:59:32,3500.0,6.5,S
2021-06-16T09:59:32,16900.0,6.5,S
2021-06-16T09:59:32,1900.0,6.5,S
2021-06-16T09:59:32,5300.0,6.5,S
2021-06-16T09:59:31,500.0,6.5,S
2021-06-16T09:59:31,17400.0,6.5,S
2021-06-16T09:59:31,1400.0,6.5,S
2021-06-16T09:59:31,1900.0,6.5,S
2021-06-16T09:59:31,1500.0,6.5,S
2021-06-16T09:59:31,20000.0,6.5,S
2021-06-16T09:59:31,700.0,6.5,S
2021-06-16T09:59:31,7400.0,6.5,S
2021-06-16T09:59:31,4000.0,6.5,S
2021-06-16T09:59:31,2000.0,6.5,S
2021-06-16T09:59:31,5900.0,6.5,S
2021-06-16T09:59:29,3000.0,6.5,S
2021-06-16T09:59:29,1000.0,6.5,S
2021-06-16T09:59:29,2100.0,6.5,S
2021-06-16T09:59:29,19100.0,6.51,S
2021-06-16T09:59:16,2100.0,6.52,B
2021-06-16T09:59:16,800.0,6.52,B
2021-06-16T09:59:16,14800.0,6.52,B
2021-06-16T09:59:16,6600.0,6.52,B
2021-06-16T09:59:16,5000.0,6.52,B
2021-06-16T09:59:16,6900.0,6.52,B
2021-06-16T09:59:05,600.0,6.53,B
2021-06-16T09:58:58,200.0,6.52,B
2021-06-16T09:57:35,300.0,6.52,B
2021-06-16T09:56:56,300.0,6.52,B
2021-06-16T09:56:47,53000.0,6.52,B
2021-06-16T09:56:29,100.0,6.53,B
2021-06-16T09:56:17,300.0,6.53,B
2021-06-16T09:56:17,1300.0,6.52,B
2021-06-16T09:56:13,2300.0,6.52,B
2021-06-16T09:56:04,2400.0,6.52,B
2021-06-16T09:56:04,100.0,6.52,B
2021-06-16T09:55:53,3000.0,6.52,B
2021-06-16T09:55:51,16900.0,6.52,B
2021-06-16T09:55:51,3100.0,6.52,B
2021-06-16T09:55:50,5200.0,6.52,B
2021-06-16T09:55:49,300.0,6.52,B
2021-06-16T09:55:48,1500.0,6.52,B
2021-06-16T09:55:47,20000.0,6.52,B
2021-06-16T09:55:31,1000.0,6.52,B
2021-06-16T09:55:26,100.0,6.52,B
2021-06-16T09:55:26,800.0,6.52,B
2021-06-16T09:55:13,400.0,6.52,B
2021-06-16T09:55:11,800.0,6.52,B
2021-06-16T09:55:10,2500.0,6.52,B
2021-06-16T09:55:08,5000.0,6.52,B
2021-06-16T09:55:05,200.0,6.52,B
2021-06-16T09:55:04,5000.0,6.52,B
2021-06-16T09:54:50,100.0,6.52,B
2021-06-16T09:54:49,2000.0,6.52,B
2021-06-16T09:54:45,100.0,6.52,B
2021-06-16T09:54:45,3000.0,6.52,B
2021-06-16T09:54:42,500.0,6.52,B
2021-06-16T09:54:27,700.0,6.52,B
2021-06-16T09:54:23,5000.0,6.52,B
2021-06-16T09:54:22,2500.0,6.52,B
2021-06-16T09:54:14,200.0,6.52,B
2021-06-16T09:54:14,5000.0,6.52,B
2021-06-16T09:53:45,1000.0,6.52,B
2021-06-16T09:53:39,2800.0,6.5,S
2021-06-16T09:53:39,37700.0,6.5,S
2021-06-16T09:53:39,12400.0,6.51,S
2021-06-16T09:53:39,1000.0,6.51,S
2021-06-16T09:53:39,27800.0,6.51,S
2021-06-16T09:53:39,300.0,6.51,S
2021-06-16T09:53:39,56800.0,6.51,S
2021-06-16T09:53:39,1200.0,6.51,S
2021-06-16T09:53:34,1000.0,6.52,B
2021-06-16T09:53:14,500.0,6.52,B
2021-06-16T09:53:08,1000.0,6.52,B
2021-06-16T09:53:06,500.0,6.52,B
2021-06-16T09:53:02,3000.0,6.52,B
2021-06-16T09:52:47,4000.0,6.52,S
2021-06-16T09:52:44,5000.0,6.52,S
2021-06-16T09:52:28,500.0,6.52,S
2021-06-16T09:52:26,2000.0,6.51,S
2021-06-16T09:52:23,100.0,6.52,S
2021-06-16T09:52:17,700.0,6.52,S
2021-06-16T09:52:15,100.0,6.52,S
2021-06-16T09:51:44,5000.0,6.52,S
2021-06-16T09:51:41,200.0,6.52,S
2021-06-16T09:51:38,5000.0,6.52,S
2021-06-16T09:51:32,20000.0,6.52,S
2021-06-16T09:51:30,100.0,6.52,S
2021-06-16T09:51:19,1900.0,6.52,S
2021-06-16T09:51:10,3100.0,6.52,S
2021-06-16T09:51:04,5000.0,6.52,S
2021-06-16T09:51:02,1000.0,6.52,S
2021-06-16T09:51:01,4000.0,6.52,S
2021-06-16T09:51:01,1000.0,6.52,S
2021-06-16T09:50:51,5000.0,6.53,B
2021-06-16T09:50:33,1000.0,6.52,S
2021-06-16T09:50:24,100.0,6.52,S
2021-06-16T09:50:17,2600.0,6.53,B
2021-06-16T09:50:17,27400.0,6.53,B
2021-06-16T09:49:59,900.0,6.52,S
2021-06-16T09:49:51,15100.0,6.52,S
2021-06-16T09:49:39,1000.0,6.52,S
2021-06-16T09:49:34,2000.0,6.52,S
2021-06-16T09:49:21,3000.0,6.52,S
2021-06-16T09:49:12,2000.0,6.52,S
2021-06-16T09:48:58,5100.0,6.52,S
2021-06-16T09:48:57,2000.0,6.52,S
2021-06-16T09:48:57,1000.0,6.52,S
2021-06-16T09:48:57,2600.0,6.52,S
2021-06-16T09:48:57,1000.0,6.52,S
2021-06-16T09:48:57,3200.0,6.52,S
2021-06-16T09:48:50,100.0,6.53,B
2021-06-16T09:48:47,2000.0,6.52,S
2021-06-16T09:48:40,400.0,6.52,S
2021-06-16T09:48:37,300.0,6.52,S
2021-06-16T09:48:12,2000.0,6.52,S
2021-06-16T09:48:08,200.0,6.53,B
2021-06-16T09:47:59,1700.0,6.52,S
2021-06-16T09:47:59,500.0,6.52,S
2021-06-16T09:47:59,200.0,6.53,B
2021-06-16T09:47:56,1500.0,6.52,S
2021-06-16T09:47:47,3400.0,6.52,S
2021-06-16T09:47:46,500.0,6.52,S
2021-06-16T09:47:45,100.0,6.52,S
2021-06-16T09:47:41,2000.0,6.52,S
2021-06-16T09:47:31,200.0,6.52,S
2021-06-16T09:47:30,2000.0,6.51,S
2021-06-16T09:47:18,300.0,6.52,S
2021-06-16T09:47:17,500.0,6.52,S
2021-06-16T09:47:02,2200.0,6.52,S
2021-06-16T09:46:59,1700.0,6.53,B
2021-06-16T09:46:59,2000.0,6.53,B
2021-06-16T09:46:52,1000.0,6.52,S
2021-06-16T09:46:48,20000.0,6.53,B
2021-06-16T09:46:39,400.0,6.53,B
2021-06-16T09:46:37,2500.0,6.52,S
2021-06-16T09:46:08,10000.0,6.53,B
2021-06-16T09:46:07,100.0,6.53,B
2021-06-16T09:45:43,1000.0,6.52,S
2021-06-16T09:45:28,1700.0,6.52,S
2021-06-16T09:45:28,800.0,6.52,S
2021-06-16T09:45:27,50000.0,6.52,S
2021-06-16T09:45:14,300.0,6.52,S
2021-06-16T09:45:03,200.0,6.52,S
2021-06-16T09:44:50,800.0,6.52,S
2021-06-16T09:44:48,3000.0,6.52,S
2021-06-16T09:44:45,100.0,6.52,S
2021-06-16T09:44:39,700.0,6.5,S
2021-06-16T09:44:39,300.0,6.5,S
2021-06-16T09:44:38,10600.0,6.5,S
2021-06-16T09:44:38,2000.0,6.5,S
2021-06-16T09:44:38,1600.0,6.5,S
2021-06-16T09:44:38,19200.0,6.5,S
2021-06-16T09:44:38,2700.0,6.5,S
2021-06-16T09:44:38,1000.0,6.5,S
2021-06-16T09:44:38,5300.0,6.5,S
2021-06-16T09:44:38,400.0,6.5,S
2021-06-16T09:44:38,1100.0,6.5,S
2021-06-16T09:44:38,400.0,6.5,S
2021-06-16T09:44:38,3000.0,6.5,S
2021-06-16T09:44:38,3000.0,6.5,S
2021-06-16T09:44:38,9800.0,6.5,S
2021-06-16T09:44:38,15300.0,6.5,S
2021-06-16T09:44:38,1300.0,6.5,S
2021-06-16T09:44:38,6200.0,6.5,S
2021-06-16T09:44:37,300.0,6.5,S
2021-06-16T09:44:37,1000.0,6.5,S
2021-06-16T09:44:37,2400.0,6.5,S
2021-06-16T09:44:37,800.0,6.5,S
2021-06-16T09:44:37,2700.0,6.5,S
2021-06-16T09:44:37,7400.0,6.5,S
2021-06-16T09:44:37,100.0,6.5,S
2021-06-16T09:44:37,10100.0,6.5,S
2021-06-16T09:44:37,15700.0,6.5,S
2021-06-16T09:44:37,5300.0,6.5,S
2021-06-16T09:44:37,10900.0,6.5,S
2021-06-16T09:44:37,100.0,6.5,S
2021-06-16T09:44:37,11200.0,6.5,S
2021-06-16T09:44:37,1100.0,6.5,S
2021-06-16T09:44:37,22300.0,6.51,S
2021-06-16T09:44:37,6800.0,6.51,S
2021-06-16T09:44:37,1000.0,6.51,S
2021-06-16T09:44:36,16900.0,6.51,S
2021-06-16T09:44:34,7000.0,6.52,S
2021-06-16T09:44:31,200.0,6.53,B
2021-06-16T09:44:28,100.0,6.53,B
2021-06-16T09:44:28,100.0,6.53,B
2021-06-16T09:44:26,100.0,6.53,B
2021-06-16T09:44:17,1000.0,6.53,B
2021-06-16T09:44:03,3200.0,6.52,S
2021-06-16T09:44:03,32100.0,6.52,S
2021-06-16T09:43:59,500.0,6.53,B
2021-06-16T09:43:51,300.0,6.53,S
2021-06-16T09:43:46,200.0,6.53,S
2021-06-16T09:43:46,2000.0,6.53,S
2021-06-16T09:43:43,100.0,6.53,S
2021-06-16T09:43:41,300.0,6.53,S
2021-06-16T09:43:33,1000.0,6.53,S
2021-06-16T09:43:17,100.0,6.53,S
2021-06-16T09:43:11,100.0,6.53,S
2021-06-16T09:42:57,100.0,6.53,S
2021-06-16T09:42:48,1200.0,6.53,S
2021-06-16T09:42:46,2000.0,6.53,S
2021-06-16T09:42:30,1000.0,6.54,S
2021-06-16T09:42:22,5500.0,6.52,S
2021-06-16T09:42:22,5200.0,6.52,S
2021-06-16T09:42:22,2000.0,6.53,S
2021-06-16T09:42:22,5800.0,6.53,S
2021-06-16T09:42:22,3000.0,6.53,S
2021-06-16T09:42:22,1300.0,6.53,S
2021-06-16T09:42:22,10000.0,6.53,S
2021-06-16T09:42:22,17200.0,6.53,S
2021-06-16T09:41:55,1000.0,6.54,S
2021-06-16T09:41:52,200.0,6.54,S
2021-06-16T09:41:31,13700.0,6.54,S
2021-06-16T09:41:29,400.0,6.53,S
2021-06-16T09:41:17,500.0,6.53,S
2021-06-16T09:41:13,200.0,6.53,S
2021-06-16T09:41:06,5000.0,6.54,S
2021-06-16T09:41:04,1000.0,6.54,S
2021-06-16T09:41:00,100.0,6.54,S
2021-06-16T09:40:57,100.0,6.54,S
2021-06-16T09:40:53,100.0,6.54,S
2021-06-16T09:40:50,4200.0,6.54,S
2021-06-16T09:40:48,1000.0,6.54,S
2021-06-16T09:40:46,2500.0,6.54,S
2021-06-16T09:40:39,2000.0,6.54,S
2021-06-16T09:40:36,300.0,6.54,S
2021-06-16T09:40:29,2000.0,6.54,S
2021-06-16T09:40:28,200.0,6.54,S
2021-06-16T09:40:21,1000.0,6.54,S
2021-06-16T09:40:20,5000.0,6.54,S
2021-06-16T09:40:16,100.0,6.54,S
2021-06-16T09:40:15,3000.0,6.54,S
2021-06-16T09:39:58,100.0,6.54,S
2021-06-16T09:39:37,100.0,6.54,S
2021-06-16T09:39:27,7900.0,6.54,S
2021-06-16T09:39:24,9300.0,6.54,S
2021-06-16T09:39:20,10000.0,6.54,S
2021-06-16T09:39:18,300.0,6.54,S
2021-06-16T09:39:18,29700.0,6.54,S
2021-06-16T09:39:17,10000.0,6.55,B
2021-06-16T09:39:10,500.0,6.55,B
2021-06-16T09:39:10,1000.0,6.54,S
2021-06-16T09:38:54,200.0,6.55,B
2021-06-16T09:38:51,1000.0,6.55,B
2021-06-16T09:38:51,1000.0,6.55,B
2021-06-16T09:38:46,600.0,6.55,B
2021-06-16T09:38:44,1000.0,6.55,B
2021-06-16T09:38:44,1000.0,6.55,B
2021-06-16T09:38:39,8600.0,6.54,S
2021-06-16T09:38:34,1000.0,6.55,B
2021-06-16T09:38:19,1000.0,6.55,B
2021-06-16T09:38:17,2000.0,6.55,B
2021-06-16T09:38:16,1000.0,6.55,B
2021-06-16T09:38:07,5000.0,6.55,B
2021-06-16T09:38:01,2000.0,6.55,B
2021-06-16T09:37:58,100.0,6.55,S
2021-06-16T09:37:55,300.0,6.55,S
2021-06-16T09:37:49,2600.0,6.55,S
2021-06-16T09:37:47,2000.0,6.55,S
2021-06-16T09:37:38,300.0,6.55,S
2021-06-16T09:37:35,1200.0,6.55,S
2021-06-16T09:37:30,100.0,6.55,S
2021-06-16T09:37:29,200.0,6.55,S
2021-06-16T09:37:06,1500.0,6.55,S
2021-06-16T09:37:02,200.0,6.55,S
2021-06-16T09:36:58,1000.0,6.55,S
2021-06-16T09:36:57,1000.0,6.55,S
2021-06-16T09:36:46,1000.0,6.55,S
2021-06-16T09:36:45,500.0,6.55,S
2021-06-16T09:36:44,200.0,6.55,S
2021-06-16T09:36:42,1500.0,6.55,S
2021-06-16T09:36:42,500.0,6.55,S
2021-06-16T09:36:06,300.0,6.55,S
2021-06-16T09:36:05,400.0,6.55,S
2021-06-16T09:36:04,300.0,6.55,S
2021-06-16T09:36:03,1500.0,6.55,S
2021-06-16T09:35:50,5000.0,6.55,S
2021-06-16T09:35:48,1000.0,6.55,S
2021-06-16T09:35:45,500.0,6.55,S
2021-06-16T09:35:39,1000.0,6.55,S
2021-06-16T09:35:37,200.0,6.55,S
2021-06-16T09:35:24,3100.0,6.55,S
2021-06-16T09:35:22,1400.0,6.55,S
2021-06-16T09:35:20,4600.0,6.55,S
2021-06-16T09:35:20,5400.0,6.55,S
2021-06-16T09:35:08,200.0,6.57,S
2021-06-16T09:34:51,3900.0,6.55,S
2021-06-16T09:34:51,4300.0,6.55,S
2021-06-16T09:34:51,9900.0,6.55,S
2021-06-16T09:34:51,1000.0,6.55,S
2021-06-16T09:34:51,5900.0,6.55,S
2021-06-16T09:34:36,15600.0,6.55,S
2021-06-16T09:34:10,5000.0,6.55,B
2021-06-16T09:33:37,3000.0,6.55,B
2021-06-16T09:33:37,2000.0,6.56,B
2021-06-16T09:33:33,4300.0,6.55,B
2021-06-16T09:33:23,1000.0,6.55,B
2021-06-16T09:33:22,31200.0,6.54,S
2021-06-16T09:33:22,300.0,6.54,S
2021-06-16T09:33:22,1900.0,6.54,S
2021-06-16T09:33:22,3000.0,6.55,B
2021-06-16T09:33:22,2700.0,6.55,B
2021-06-16T09:33:22,6800.0,6.55,B
2021-06-16T09:33:22,200.0,6.55,B
2021-06-16T09:33:22,4400.0,6.55,B
2021-06-16T09:33:08,5000.0,6.55,B
2021-06-16T09:32:32,300.0,6.55,B
2021-06-16T09:32:30,100.0,6.55,B
2021-06-16T09:32:27,100.0,6.55,B
2021-06-16T09:32:22,3900.0,6.54,S
2021-06-16T09:32:22,4200.0,6.54,S
2021-06-16T09:32:22,3000.0,6.54,S
2021-06-16T09:32:22,7000.0,6.54,S
2021-06-16T09:32:22,1600.0,6.54,S
2021-06-16T09:32:22,11100.0,6.55,B
2021-06-16T09:32:16,1000.0,6.55,B
2021-06-16T09:32:01,7100.0,6.55,B
2021-06-16T09:31:55,11000.0,6.58,B
2021-06-16T09:31:24,200.0,6.55,B
2021-06-16T09:31:15,300.0,6.56,B
2021-06-16T09:31:14,2000.0,6.56,B
2021-06-16T09:31:10,3500.0,6.55,S
2021-06-16T09:31:09,200.0,6.56,S
2021-06-16T09:31:01,4900.0,6.55,S
2021-06-16T09:30:55,600.0,6.55,S
2021-06-16T09:30:54,2000.0,6.55,S
2021-06-16T09:30:49,200.0,6.55,S
2021-06-16T09:30:43,12300.0,6.55,S
2021-06-16T09:30:41,1000.0,6.56,S
2021-06-16T09:30:29,3000.0,6.55,S
2021-06-16T09:30:21,500.0,6.56,S
2021-06-16T09:30:18,1000.0,6.56,S
2021-06-16T09:29:55,9000.0,6.55,S
2021-06-16T09:29:43,2000.0,6.55,S
2021-06-16T09:29:43,2000.0,6.55,S
2021-06-16T09:29:41,100.0,6.55,S
2021-06-16T09:29:40,100.0,6.55,S
2021-06-16T09:29:38,200.0,6.55,S
2021-06-16T09:29:38,3000.0,6.55,S
2021-06-16T09:29:38,5600.0,6.55,S
2021-06-16T09:29:38,600.0,6.55,S
2021-06-16T09:29:38,3700.0,6.55,S
2021-06-16T09:29:38,1200.0,6.55,S
2021-06-16T09:29:38,1700.0,6.55,S
2021-06-16T09:29:38,100.0,6.55,S
2021-06-16T09:29:38,20700.0,6.55,S
2021-06-16T09:29:37,500.0,6.56,S
2021-06-16T09:29:24,500.0,6.58,B
2021-06-16T09:28:58,500.0,6.56,S
2021-06-16T09:28:58,3500.0,6.56,S
2021-06-16T09:28:55,500.0,6.58,S
2021-06-16T09:28:51,600.0,6.58,S
2021-06-16T09:28:50,500.0,6.58,S
2021-06-16T09:28:35,1100.0,6.58,S
2021-06-16T09:28:29,100.0,6.58,S
2021-06-16T09:28:19,900.0,6.58,S
2021-06-16T09:28:14,1000.0,6.58,S
2021-06-16T09:28:10,37300.0,6.58,S
2021-06-16T09:28:03,300.0,6.59,B
2021-06-16T09:27:44,1000.0,6.59,B
2021-06-16T09:27:42,300.0,6.59,B
2021-06-16T09:27:19,200.0,6.59,B
2021-06-16T09:27:17,1000.0,6.59,B
2021-06-16T09:27:14,500.0,6.59,B
2021-06-16T09:27:10,300.0,6.59,B
2021-06-16T09:27:09,3000.0,6.59,B
2021-06-16T09:27:08,1000.0,6.59,B
2021-06-16T09:27:05,2000.0,6.59,B
2021-06-16T09:27:04,100.0,6.59,B
2021-06-16T09:26:50,1000.0,6.59,B
2021-06-16T09:26:43,300.0,6.59,B
2021-06-16T09:26:40,100.0,6.58,S
2021-06-16T09:25:56,1000.0,6.59,B
2021-06-16T09:25:39,800.0,6.58,S
2021-06-16T09:25:09,300.0,6.58,B
2021-06-16T09:24:59,1000.0,6.59,B
2021-06-16T09:24:51,10000.0,6.58,B
2021-06-16T09:24:39,11500.0,6.58,B
2021-06-16T09:24:10,2000.0,6.58,B
2021-06-16T09:23:57,5000.0,6.56,S
2021-06-16T09:23:41,500.0,6.56,S
2021-06-16T09:23:23,500.0,6.58,B
2021-06-16T09:23:19,2000.0,6.58,B
2021-06-16T09:23:12,200.0,6.55,S
2021-06-16T09:23:12,100.0,6.55,S
2021-06-16T09:23:11,5000.0,6.55,S
2021-06-16T09:23:09,1000.0,6.55,S
2021-06-16T09:23:05,1000.0,6.55,S
2021-06-16T09:23:02,3000.0,6.55,S
2021-06-16T09:22:58,500.0,6.55,S
2021-06-16T09:22:56,2000.0,6.55,S
2021-06-16T09:22:51,2000.0,6.55,S
2021-06-16T09:22:45,3000.0,6.55,S
2021-06-16T09:22:40,300.0,6.55,S
2021-06-16T09:22:38,200.0,6.55,S
2021-06-16T09:22:38,300.0,6.55,S
2021-06-16T09:22:38,27600.0,6.55,S
2021-06-16T09:22:38,50000.0,6.55,S
2021-06-16T09:22:29,3600.0,6.56,S
2021-06-16T09:22:07,11800.0,6.56,S
2021-06-16T09:22:07,200.0,6.57,S
2021-06-16T09:22:01,300.0,6.58,B
2021-06-16T09:21:51,1300.0,6.59,B
2021-06-16T09:21:42,2000.0,6.59,B
2021-06-16T09:21:35,5000.0,6.59,B
2021-06-16T09:21:34,2400.0,6.59,B
2021-06-16T09:21:28,10100.0,6.57,S
2021-06-16T09:21:23,2500.0,6.59,B
2021-06-16T09:21:04,100.0,6.59,B
2021-06-16T09:21:03,100.0,6.59,B
2021-06-16T09:21:02,1000.0,6.59,B
2021-06-16T09:20:52,1000.0,6.59,B
2021-06-16T09:20:52,500.0,6.59,B
2021-06-16T09:20:44,1000.0,6.59,S
2021-06-16T09:20:30,900.0,6.59,S
2021-06-16T09:20:26,1000.0,6.59,S
2021-06-16T09:20:24,1000.0,6.59,S
2021-06-16T09:20:09,400.0,6.59,S
2021-06-16T09:20:08,800.0,6.59,S
2021-06-16T09:19:51,200.0,6.59,S
2021-06-16T09:19:49,300.0,6.59,S
2021-06-16T09:19:48,100.0,6.59,S
2021-06-16T09:19:45,3000.0,6.6,B
2021-06-16T09:19:36,400.0,6.59,S
2021-06-16T09:19:34,100.0,6.6,B
2021-06-16T09:19:29,100.0,6.6,B
2021-06-16T09:19:25,5000.0,6.6,B
2021-06-16T09:18:54,5700.0,6.6,S
2021-06-16T09:18:54,5000.0,6.6,S
2021-06-16T09:18:54,22100.0,6.6,S
2021-06-16T09:18:52,700.0,6.61,S
2021-06-16T09:18:50,2000.0,6.61,S
2021-06-16T09:18:37,1700.0,6.61,S
2021-06-16T09:18:35,100.0,6.61,S
2021-06-16T09:18:34,5000.0,6.61,S
2021-06-16T09:18:17,200.0,6.61,S
2021-06-16T09:18:14,10000.0,6.61,S
2021-06-16T09:17:56,1000.0,6.61,S
2021-06-16T09:17:55,200.0,6.61,S
2021-06-16T09:17:54,5000.0,6.63,B
2021-06-16T09:17:52,200.0,6.61,S
2021-06-16T09:17:28,300.0,6.63,B
2021-06-16T09:17:07,3900.0,6.61,S
2021-06-16T09:16:42,500.0,6.64,B
2021-06-16T09:16:40,2000.0,6.61,S
