tradingTime,volume,price,side
2021-06-16T14:24:26,2000.0,15.8,S
2021-06-16T14:24:24,500.0,15.8,S
2021-06-16T14:24:22,10000.0,15.8,S
2021-06-16T14:24:19,28200.0,15.8,S
2021-06-16T14:24:12,10000.0,15.8,B
2021-06-16T14:23:53,2000.0,15.8,B
2021-06-16T14:23:48,1100.0,15.8,B
2021-06-16T14:23:24,5000.0,15.8,B
2021-06-16T14:23:18,100.0,15.8,B
2021-06-16T14:22:57,5000.0,15.8,B
2021-06-16T14:22:53,200.0,15.7,S
2021-06-16T14:22:45,500.0,15.7,S
2021-06-16T14:22:43,10000.0,15.8,B
2021-06-16T14:22:42,200.0,15.7,S
2021-06-16T14:22:37,1000.0,15.7,S
2021-06-16T14:22:26,5400.0,15.7,B
2021-06-16T14:22:22,800.0,15.7,B
2021-06-16T14:21:58,600.0,15.7,S
2021-06-16T14:21:57,100.0,15.7,S
2021-06-16T14:21:54,15000.0,15.8,B
2021-06-16T14:21:49,300.0,15.7,S
2021-06-16T14:21:40,200.0,15.7,S
2021-06-16T14:21:15,1000.0,15.8,B
2021-06-16T14:20:58,1800.0,15.7,B
2021-06-16T14:20:53,8000.0,15.7,B
2021-06-16T14:20:47,1000.0,15.6,S
2021-06-16T14:20:41,100.0,15.6,S
2021-06-16T14:20:41,3000.0,15.7,B
2021-06-16T14:20:25,5000.0,15.7,B
2021-06-16T14:20:18,100.0,15.6,S
2021-06-16T14:20:13,8000.0,15.7,B
2021-06-16T14:20:08,2200.0,15.6,S
2021-06-16T14:19:57,1000.0,15.6,B
2021-06-16T14:19:51,10000.0,15.7,B
2021-06-16T14:19:39,200.0,15.6,S
2021-06-16T14:19:34,200.0,15.6,S
2021-06-16T14:19:30,1000.0,15.6,S
2021-06-16T14:19:26,3000.0,15.7,B
2021-06-16T14:19:22,300.0,15.6,S
2021-06-16T14:19:06,1300.0,15.6,B
2021-06-16T14:19:01,2500.0,15.6,B
2021-06-16T14:18:51,200.0,15.5,S
2021-06-16T14:18:44,1000.0,15.6,B
2021-06-16T14:18:35,1000.0,15.5,S
2021-06-16T14:18:21,100.0,15.5,S
2021-06-16T14:17:54,3200.0,15.5,B
2021-06-16T14:17:47,100.0,15.5,B
2021-06-16T14:17:09,1000.0,15.5,B
2021-06-16T14:16:43,2200.0,15.5,S
2021-06-16T14:16:31,20000.0,15.7,B
2021-06-16T14:16:20,500.0,15.5,S
2021-06-16T14:16:18,500.0,15.5,S
2021-06-16T14:16:09,100.0,15.5,S
2021-06-16T14:16:08,1000.0,15.5,S
2021-06-16T14:16:00,100.0,15.5,S
2021-06-16T14:15:53,600.0,15.5,S
2021-06-16T14:15:48,1000.0,15.5,B
2021-06-16T14:15:47,2000.0,15.5,B
2021-06-16T14:15:24,100.0,15.5,B
2021-06-16T14:15:23,100.0,15.5,B
2021-06-16T14:15:17,200.0,15.5,B
2021-06-16T14:15:15,1000.0,15.5,B
2021-06-16T14:15:13,20000.0,15.5,B
2021-06-16T14:14:55,3000.0,15.5,B
2021-06-16T14:14:53,500.0,15.4,S
2021-06-16T14:14:46,100.0,15.5,B
2021-06-16T14:14:34,5000.0,15.5,B
2021-06-16T14:14:15,600.0,15.4,S
2021-06-16T14:14:13,10000.0,15.5,B
2021-06-16T14:14:10,1700.0,15.4,S
2021-06-16T14:14:00,1700.0,15.4,B
2021-06-16T14:13:46,2000.0,15.4,B
2021-06-16T14:13:39,100.0,15.4,B
2021-06-16T14:13:36,3000.0,15.3,S
2021-06-16T14:13:31,1600.0,15.4,B
2021-06-16T14:13:23,200.0,15.4,B
2021-06-16T14:13:19,500.0,15.4,B
2021-06-16T14:13:13,2000.0,15.4,B
2021-06-16T14:12:58,300.0,15.4,B
2021-06-16T14:12:52,6900.0,15.4,B
2021-06-16T14:12:38,3000.0,15.4,B
2021-06-16T14:12:11,2000.0,15.4,B
2021-06-16T14:11:51,1000.0,15.4,B
2021-06-16T14:11:30,8000.0,15.4,B
2021-06-16T14:10:51,50000.0,15.4,B
2021-06-16T14:10:28,1000.0,15.3,S
2021-06-16T14:10:22,4600.0,15.3,B
2021-06-16T14:09:53,2000.0,15.3,B
2021-06-16T14:09:41,1000.0,15.3,B
2021-06-16T14:09:35,2000.0,15.3,B
2021-06-16T14:09:34,700.0,15.3,B
2021-06-16T14:09:28,5000.0,15.3,B
2021-06-16T14:09:25,500.0,15.3,B
2021-06-16T14:08:46,100.0,15.3,B
2021-06-16T14:08:44,20000.0,15.3,B
2021-06-16T14:08:20,5900.0,15.3,B
2021-06-16T14:08:03,3000.0,15.2,S
2021-06-16T14:07:42,300.0,15.2,S
2021-06-16T14:07:32,6600.0,15.2,B
2021-06-16T14:07:28,5000.0,15.2,B
2021-06-16T14:07:13,600.0,15.2,B
2021-06-16T14:07:07,3000.0,15.2,B
2021-06-16T14:07:00,700.0,15.2,B
2021-06-16T14:06:43,5000.0,15.2,B
2021-06-16T14:06:04,10000.0,15.2,B
2021-06-16T14:05:52,1000.0,15.1,S
2021-06-16T14:05:18,1100.0,15.1,S
2021-06-16T14:05:09,100.0,15.1,S
2021-06-16T14:04:50,3500.0,15.1,S
2021-06-16T14:04:19,200.0,15.1,B
2021-06-16T14:04:10,1000.0,15.1,B
2021-06-16T14:03:59,13300.0,15.0,S
2021-06-16T14:03:52,200.0,15.0,S
2021-06-16T14:03:50,10000.0,15.1,B
2021-06-16T14:03:22,2000.0,15.1,B
2021-06-16T14:02:51,700.0,15.0,S
2021-06-16T14:02:46,500.0,15.0,S
2021-06-16T14:02:43,36300.0,15.0,B
2021-06-16T14:02:26,700.0,14.9,S
2021-06-16T14:00:46,200.0,14.9,S
2021-06-16T14:00:40,1000.0,14.9,S
2021-06-16T13:59:00,10000.0,14.9,S
2021-06-16T13:58:41,1000.0,14.9,S
2021-06-16T13:58:17,1000.0,14.9,S
2021-06-16T13:57:18,500.0,14.9,S
2021-06-16T13:54:32,200.0,14.9,B
2021-06-16T13:54:19,2000.0,14.9,B
2021-06-16T13:53:28,1000.0,14.9,B
2021-06-16T13:53:25,100.0,14.9,B
2021-06-16T13:53:09,3400.0,14.9,S
2021-06-16T13:52:28,2000.0,14.9,S
2021-06-16T13:51:41,1000.0,14.9,S
2021-06-16T13:51:32,800.0,14.9,S
2021-06-16T13:50:46,300.0,14.9,S
2021-06-16T13:50:27,6700.0,14.9,S
2021-06-16T13:49:15,100.0,14.9,S
2021-06-16T13:48:39,200.0,14.9,B
2021-06-16T13:48:19,700.0,14.9,B
2021-06-16T13:47:26,300.0,14.9,B
2021-06-16T13:47:22,500.0,14.9,B
2021-06-16T13:46:59,300.0,14.9,B
2021-06-16T13:46:15,4500.0,14.9,B
2021-06-16T13:45:13,2800.0,14.9,B
2021-06-16T13:44:50,200.0,14.9,B
2021-06-16T13:44:38,100.0,14.9,B
2021-06-16T13:44:30,1000.0,14.9,B
2021-06-16T13:43:56,200.0,14.9,B
2021-06-16T13:43:53,100.0,14.9,B
2021-06-16T13:42:58,300.0,14.9,B
2021-06-16T13:40:50,2500.0,14.9,B
2021-06-16T13:39:23,500.0,14.9,B
2021-06-16T13:38:52,300.0,14.9,S
2021-06-16T13:37:35,2000.0,14.9,S
2021-06-16T13:36:02,900.0,14.9,S
2021-06-16T13:35:45,200.0,14.9,B
2021-06-16T13:35:34,500.0,14.9,B
2021-06-16T13:35:22,200.0,14.9,B
2021-06-16T13:35:17,500.0,14.9,B
2021-06-16T13:35:04,2000.0,14.9,B
2021-06-16T13:34:47,100.0,14.9,B
2021-06-16T13:34:42,300.0,14.9,B
2021-06-16T13:34:38,100.0,14.9,B
2021-06-16T13:34:22,1000.0,14.9,B
2021-06-16T13:34:15,1000.0,14.9,B
2021-06-16T13:33:49,100.0,14.9,B
2021-06-16T13:33:14,3000.0,14.9,S
2021-06-16T13:32:03,1000.0,14.8,S
2021-06-16T13:31:57,100.0,14.9,B
2021-06-16T13:30:19,10000.0,14.8,S
2021-06-16T13:30:01,100.0,14.9,B
2021-06-16T13:30:00,1300.0,14.8,S
2021-06-16T13:29:58,10000.0,14.9,B
2021-06-16T13:29:34,3000.0,14.8,S
2021-06-16T13:29:22,1000.0,14.8,S
2021-06-16T13:27:00,1000.0,14.8,S
2021-06-16T13:25:32,200.0,14.8,S
2021-06-16T13:25:09,100.0,14.9,B
2021-06-16T13:24:31,2000.0,14.9,B
2021-06-16T13:23:37,200.0,14.9,B
2021-06-16T13:23:15,500.0,14.9,B
2021-06-16T13:22:36,100.0,14.9,B
2021-06-16T13:20:32,400.0,14.9,B
2021-06-16T13:18:21,200.0,14.9,B
2021-06-16T13:17:40,500.0,14.9,B
2021-06-16T13:16:28,100.0,14.9,B
2021-06-16T13:14:53,1000.0,14.9,B
2021-06-16T13:14:23,500.0,14.9,B
2021-06-16T13:12:57,300.0,14.9,B
2021-06-16T13:12:38,600.0,14.9,S
2021-06-16T13:11:21,1300.0,14.9,S
2021-06-16T13:10:46,1200.0,14.9,B
2021-06-16T13:10:34,1800.0,14.9,B
2021-06-16T13:08:29,1000.0,14.9,S
2021-06-16T13:07:15,2000.0,14.9,S
2021-06-16T13:07:01,10000.0,14.9,S
2021-06-16T13:06:49,800.0,14.9,S
2021-06-16T13:06:21,10000.0,14.9,S
2021-06-16T13:04:03,3100.0,14.9,S
2021-06-16T13:02:22,100.0,14.9,S
2021-06-16T13:00:08,200.0,14.9,S
2021-06-16T13:00:07,200.0,15.0,B
2021-06-16T13:00:02,1000.0,14.9,S
2021-06-16T11:29:43,500.0,14.9,S
2021-06-16T11:25:57,1000.0,14.9,S
2021-06-16T11:23:30,2900.0,14.9,S
2021-06-16T11:22:17,200.0,15.0,B
2021-06-16T11:16:23,200.0,14.9,S
2021-06-16T11:15:55,3000.0,14.9,S
2021-06-16T11:15:03,1600.0,15.0,B
2021-06-16T11:12:49,800.0,15.0,B
2021-06-16T11:10:51,100.0,14.9,S
2021-06-16T11:09:05,700.0,14.9,S
2021-06-16T11:09:04,100.0,15.0,B
2021-06-16T11:07:55,3400.0,15.0,B
2021-06-16T11:07:31,300.0,15.0,B
2021-06-16T11:05:53,1500.0,15.0,B
2021-06-16T11:05:43,200.0,15.0,B
2021-06-16T11:05:38,200.0,15.0,B
2021-06-16T11:00:41,100.0,15.0,B
2021-06-16T10:55:02,200.0,15.0,B
2021-06-16T10:54:22,3700.0,15.0,B
2021-06-16T10:54:21,300.0,15.0,B
2021-06-16T10:52:47,400.0,15.0,B
2021-06-16T10:52:45,100.0,15.0,B
2021-06-16T10:51:42,200.0,15.0,B
2021-06-16T10:49:44,7200.0,14.9,B
2021-06-16T10:49:39,100.0,14.9,B
2021-06-16T10:49:22,1000.0,14.9,B
2021-06-16T10:49:07,100.0,14.9,B
2021-06-16T10:49:00,2000.0,14.9,B
2021-06-16T10:48:59,300.0,14.9,B
2021-06-16T10:48:52,100.0,14.9,B
2021-06-16T10:48:47,1000.0,14.9,B
2021-06-16T10:48:45,7000.0,14.9,B
2021-06-16T10:48:37,200.0,14.9,B
2021-06-16T10:48:34,700.0,14.9,B
2021-06-16T10:48:17,800.0,14.9,B
2021-06-16T10:47:41,200.0,14.9,B
2021-06-16T10:47:07,2000.0,14.9,B
2021-06-16T10:47:04,100.0,14.9,B
2021-06-16T10:46:59,300.0,14.9,B
2021-06-16T10:46:54,100.0,14.9,B
2021-06-16T10:46:14,1500.0,14.9,B
2021-06-16T10:46:13,300.0,14.8,S
2021-06-16T10:45:17,500.0,14.8,S
2021-06-16T10:45:04,4700.0,14.8,S
2021-06-16T10:45:02,6800.0,14.8,S
2021-06-16T10:44:55,5000.0,14.8,S
2021-06-16T10:44:29,1000.0,14.8,S
2021-06-16T10:44:19,100.0,14.8,S
2021-06-16T10:43:55,100.0,14.8,S
2021-06-16T10:43:37,6500.0,14.8,S
2021-06-16T10:43:33,1400.0,14.9,B
2021-06-16T10:42:47,500.0,14.8,S
2021-06-16T10:41:48,900.0,14.8,S
2021-06-16T10:41:28,5000.0,14.8,S
2021-06-16T10:40:51,27000.0,14.8,S
2021-06-16T10:39:56,900.0,14.8,S
2021-06-16T10:39:03,200.0,14.8,S
2021-06-16T10:38:12,3000.0,14.8,S
2021-06-16T10:37:55,15500.0,14.8,S
2021-06-16T10:37:02,800.0,14.8,S
2021-06-16T10:36:43,100.0,14.8,S
2021-06-16T10:36:10,100.0,14.8,S
2021-06-16T10:35:16,500.0,14.9,B
2021-06-16T10:34:09,2000.0,14.9,B
2021-06-16T10:33:40,100.0,14.9,B
2021-06-16T10:32:39,1800.0,14.8,S
2021-06-16T10:30:54,200.0,14.9,B
2021-06-16T10:30:39,200.0,14.9,B
2021-06-16T10:30:20,2500.0,14.9,B
2021-06-16T10:29:12,2000.0,14.8,S
2021-06-16T10:28:56,200.0,14.8,S
2021-06-16T10:28:32,1000.0,14.8,S
2021-06-16T10:27:50,300.0,14.8,S
2021-06-16T10:26:58,2000.0,14.8,S
2021-06-16T10:26:14,1000.0,14.8,S
2021-06-16T10:26:12,500.0,14.8,S
2021-06-16T10:26:02,500.0,14.8,S
2021-06-16T10:25:59,3000.0,14.8,S
2021-06-16T10:25:48,100.0,14.8,S
2021-06-16T10:25:28,2400.0,14.8,S
2021-06-16T10:25:17,1000.0,14.8,S
2021-06-16T10:25:17,5000.0,14.8,S
2021-06-16T10:24:35,100.0,14.8,S
2021-06-16T10:23:18,64100.0,14.9,S
2021-06-16T10:23:10,2000.0,14.9,S
2021-06-16T10:23:05,500.0,14.9,S
2021-06-16T10:23:04,5700.0,14.9,S
2021-06-16T10:22:58,100.0,14.9,S
2021-06-16T10:22:55,200.0,14.9,S
2021-06-16T10:22:53,34600.0,14.9,S
2021-06-16T10:22:16,2500.0,14.9,S
2021-06-16T10:22:15,1000.0,14.9,S
2021-06-16T10:22:15,1000.0,14.9,S
2021-06-16T10:22:12,1000.0,14.9,S
2021-06-16T10:22:07,3800.0,14.9,S
2021-06-16T10:21:09,500.0,14.9,S
2021-06-16T10:21:05,5000.0,14.9,S
2021-06-16T10:20:59,1000.0,14.9,S
2021-06-16T10:20:52,500.0,14.9,S
2021-06-16T10:20:18,500.0,14.9,S
2021-06-16T10:20:04,500.0,14.9,S
2021-06-16T10:18:45,100.0,14.9,S
2021-06-16T10:18:44,500.0,14.9,S
2021-06-16T10:17:39,1400.0,14.9,S
2021-06-16T10:17:07,100.0,15.0,B
2021-06-16T10:16:07,1000.0,14.9,S
2021-06-16T10:16:00,2000.0,14.9,S
2021-06-16T10:15:29,600.0,14.9,S
2021-06-16T10:15:12,5100.0,14.9,S
2021-06-16T10:14:48,1000.0,14.9,S
2021-06-16T10:14:39,1000.0,14.9,S
2021-06-16T10:14:27,1000.0,14.9,S
2021-06-16T10:12:30,1000.0,14.9,S
2021-06-16T10:12:05,1000.0,14.9,S
2021-06-16T10:12:04,500.0,14.9,S
2021-06-16T10:11:56,600.0,14.9,S
2021-06-16T10:11:35,100.0,14.9,S
2021-06-16T10:11:11,1000.0,14.9,S
2021-06-16T10:08:53,1000.0,15.0,B
2021-06-16T10:08:20,500.0,15.0,B
2021-06-16T10:08:13,300.0,14.9,S
2021-06-16T10:07:38,300.0,14.9,S
2021-06-16T10:07:13,10000.0,15.0,B
2021-06-16T10:06:41,100.0,15.0,B
2021-06-16T10:06:13,500.0,15.0,B
2021-06-16T10:04:37,1000.0,15.0,B
2021-06-16T10:04:22,45900.0,15.0,S
2021-06-16T10:03:57,1000.0,15.0,S
2021-06-16T10:03:47,1000.0,15.0,S
2021-06-16T10:02:44,5000.0,15.0,S
2021-06-16T10:02:27,1000.0,15.0,S
2021-06-16T10:02:19,1000.0,15.0,S
2021-06-16T10:02:02,8300.0,15.0,S
2021-06-16T10:01:55,2000.0,15.0,S
2021-06-16T10:01:35,700.0,15.1,B
2021-06-16T09:58:24,200.0,15.1,B
2021-06-16T09:58:12,200.0,15.0,S
2021-06-16T09:57:17,700.0,15.0,S
2021-06-16T09:56:39,400.0,15.0,S
2021-06-16T09:56:38,900.0,15.0,S
2021-06-16T09:56:26,300.0,15.0,S
2021-06-16T09:56:09,1000.0,15.0,S
2021-06-16T09:54:42,5000.0,15.0,S
2021-06-16T09:54:11,3000.0,15.0,S
2021-06-16T09:53:26,500.0,15.0,S
2021-06-16T09:53:15,3000.0,15.0,S
2021-06-16T09:52:55,2000.0,15.0,S
2021-06-16T09:52:10,100.0,15.1,B
2021-06-16T09:46:24,100.0,15.1,B
2021-06-16T09:45:46,700.0,15.0,S
2021-06-16T09:43:45,2000.0,15.0,S
2021-06-16T09:42:00,200.0,15.1,B
2021-06-16T09:40:11,300.0,15.1,B
2021-06-16T09:39:27,2000.0,15.1,B
2021-06-16T09:39:12,2600.0,15.1,B
2021-06-16T09:38:33,200.0,15.1,B
2021-06-16T09:38:22,100.0,15.1,B
2021-06-16T09:37:10,300.0,15.1,B
2021-06-16T09:36:51,1600.0,15.1,B
2021-06-16T09:36:32,100.0,15.1,B
2021-06-16T09:36:21,500.0,15.1,B
2021-06-16T09:34:44,300.0,15.1,B
2021-06-16T09:34:09,3000.0,15.1,B
2021-06-16T09:30:50,300.0,15.1,B
2021-06-16T09:30:49,1300.0,15.1,B
2021-06-16T09:29:57,1000.0,15.1,B
2021-06-16T09:28:43,2000.0,15.0,S
2021-06-16T09:28:16,1400.0,15.0,S
2021-06-16T09:26:46,1000.0,15.0,S
2021-06-16T09:26:19,200.0,15.1,B
2021-06-16T09:26:15,100.0,15.1,B
2021-06-16T09:25:26,200.0,15.1,B
2021-06-16T09:25:01,2000.0,15.1,B
2021-06-16T09:23:37,100.0,15.1,B
2021-06-16T09:22:35,200.0,15.1,B
2021-06-16T09:22:28,1000.0,15.0,S
2021-06-16T09:21:56,40000.0,15.0,S
2021-06-16T09:21:33,3000.0,15.0,S
2021-06-16T09:21:02,300.0,15.0,S
2021-06-16T09:20:40,200.0,15.0,S
2021-06-16T09:20:11,500.0,15.0,S
2021-06-16T09:19:58,1000.0,15.0,S
2021-06-16T09:19:52,10000.0,15.0,S
2021-06-16T09:19:31,300.0,15.0,S
2021-06-16T09:19:23,1000.0,15.0,S
2021-06-16T09:18:52,200.0,15.0,S
2021-06-16T09:18:32,200.0,15.0,S
2021-06-16T09:17:54,1000.0,15.0,S
2021-06-16T09:16:33,300.0,15.1,B
2021-06-16T09:15:46,200.0,15.1,B
2021-06-16T09:15:30,1000.0,15.1,B
2021-06-16T09:15:03,1000.0,15.1,S
2021-06-16T09:14:37,3000.0,15.1,B
2021-06-16T09:14:17,100.0,15.0,S
2021-06-16T09:13:56,17000.0,15.1,S
2021-06-16T09:13:19,2000.0,15.2,B
2021-06-16T09:13:05,1000.0,15.1,S
2021-06-16T09:12:11,2400.0,15.2,S
2021-06-16T09:11:45,2300.0,15.2,B
2021-06-16T09:11:22,12700.0,15.2,B
2021-06-16T09:11:18,300.0,15.2,S
2021-06-16T09:10:52,13300.0,15.2,S
2021-06-16T09:10:50,7000.0,15.3,S
2021-06-16T09:10:32,300.0,15.3,S
2021-06-16T09:10:13,500.0,15.3,S
2021-06-16T09:10:01,100.0,15.3,S
2021-06-16T09:09:59,100.0,15.3,B
2021-06-16T09:09:47,3900.0,15.3,S
2021-06-16T09:09:13,1100.0,15.3,S
2021-06-16T09:09:12,3000.0,15.3,B
2021-06-16T09:08:46,4700.0,15.3,B
2021-06-16T09:08:30,5000.0,15.3,B
2021-06-16T09:08:01,3000.0,15.3,B
2021-06-16T09:07:44,300.0,15.3,B
2021-06-16T09:07:43,10000.0,15.2,S
2021-06-16T09:07:41,6000.0,15.3,B
2021-06-16T09:06:56,5000.0,15.3,B
2021-06-16T09:06:45,6800.0,15.2,B
2021-06-16T09:06:22,3000.0,15.2,B
2021-06-16T09:05:58,2000.0,15.2,B
2021-06-16T09:05:46,100.0,15.2,B
2021-06-16T09:05:33,10000.0,15.2,B
2021-06-16T09:05:19,8700.0,15.1,S
2021-06-16T09:05:13,3000.0,15.1,B
2021-06-16T09:04:59,5000.0,15.1,B
2021-06-16T09:04:26,2000.0,15.1,B
2021-06-16T09:04:05,3500.0,15.0,S
2021-06-16T09:03:51,2400.0,15.0,B
2021-06-16T09:03:35,2000.0,15.0,B
2021-06-16T09:03:18,5000.0,15.0,B
2021-06-16T09:03:04,1500.0,15.0,B
2021-06-16T09:02:54,2000.0,15.0,B
2021-06-16T09:02:47,1000.0,15.0,B
2021-06-16T09:02:29,10000.0,15.0,B
2021-06-16T09:02:24,2000.0,15.0,B
2021-06-16T09:02:12,3000.0,15.0,B
2021-06-16T09:01:03,3000.0,15.0,B
2021-06-16T09:00:16,1100.0,14.7,S
