tradingTime,volume,price,side
2021-06-16T14:18:42,300.0,49.2,S
2021-06-16T14:18:25,100.0,49.2,S
2021-06-16T14:17:58,100.0,49.2,S
2021-06-16T14:17:46,100.0,49.3,B
2021-06-16T14:16:54,500.0,49.2,S
2021-06-16T14:16:23,1000.0,49.2,S
2021-06-16T14:14:32,500.0,49.1,S
2021-06-16T14:06:52,100.0,49.1,S
2021-06-16T14:06:04,800.0,49.3,B
2021-06-16T14:04:43,1000.0,49.3,S
2021-06-16T14:04:01,1000.0,49.1,S
2021-06-16T14:04:00,400.0,49.2,S
2021-06-16T14:04:00,700.0,49.2,S
2021-06-16T14:02:33,200.0,49.3,S
2021-06-16T14:01:55,300.0,49.2,S
2021-06-16T14:01:20,200.0,49.2,S
2021-06-16T14:00:32,1000.0,49.2,S
2021-06-16T13:56:09,200.0,49.7,S
2021-06-16T13:53:46,5000.0,49.1,S
2021-06-16T13:53:36,500.0,49.8,B
2021-06-16T13:51:42,500.0,49.8,B
2021-06-16T13:48:53,800.0,49.8,B
2021-06-16T13:48:26,500.0,49.8,B
2021-06-16T13:48:15,900.0,49.8,B
2021-06-16T13:48:14,100.0,49.8,B
2021-06-16T13:47:48,200.0,49.8,B
2021-06-16T13:47:35,1000.0,49.8,B
2021-06-16T13:47:15,200.0,49.8,B
2021-06-16T13:46:17,3500.0,49.8,S
2021-06-16T13:45:56,1900.0,49.9,B
2021-06-16T13:45:56,800.0,49.9,B
2021-06-16T13:45:56,300.0,49.9,B
2021-06-16T13:45:02,2000.0,49.9,B
2021-06-16T13:43:49,1000.0,49.9,B
2021-06-16T13:43:28,600.0,49.9,B
2021-06-16T13:42:58,4600.0,49.9,B
2021-06-16T13:42:43,4900.0,49.9,B
2021-06-16T13:42:43,600.0,49.9,B
2021-06-16T13:42:22,2000.0,49.9,B
2021-06-16T13:41:47,12500.0,49.9,S
2021-06-16T13:41:42,1000.0,50.0,B
2021-06-16T13:41:27,500.0,50.0,B
2021-06-16T13:41:10,5000.0,50.0,B
2021-06-16T13:40:23,500.0,49.9,B
2021-06-16T13:40:21,700.0,49.95,B
2021-06-16T13:40:08,2200.0,50.0,B
2021-06-16T13:40:08,100.0,50.0,B
2021-06-16T13:40:07,6400.0,50.0,B
2021-06-16T13:39:58,9100.0,50.0,B
2021-06-16T13:39:57,10900.0,50.0,B
2021-06-16T13:39:47,5800.0,49.9,B
2021-06-16T13:39:30,1000.0,49.9,B
2021-06-16T13:39:16,13000.0,49.9,B
2021-06-16T13:38:15,500.0,49.9,B
2021-06-16T13:37:58,2200.0,49.9,B
2021-06-16T13:37:58,2800.0,49.5,B
2021-06-16T13:36:54,200.0,49.5,S
2021-06-16T13:36:48,500.0,49.9,B
2021-06-16T13:36:23,5000.0,49.5,S
2021-06-16T13:36:08,19800.0,49.5,B
2021-06-16T13:35:30,5000.0,49.0,S
2021-06-16T13:35:23,300.0,49.5,B
2021-06-16T13:35:17,100.0,49.2,B
2021-06-16T13:34:52,5000.0,49.0,S
2021-06-16T13:34:28,300.0,49.0,B
2021-06-16T13:34:24,5000.0,49.0,B
2021-06-16T13:34:17,100.0,49.0,B
2021-06-16T13:34:04,1000.0,49.0,B
2021-06-16T13:34:04,15100.0,49.0,B
2021-06-16T13:34:04,300.0,49.0,B
2021-06-16T13:34:04,1100.0,49.0,B
2021-06-16T13:33:56,1000.0,49.0,B
2021-06-16T13:33:54,1600.0,48.9,S
2021-06-16T13:33:20,2900.0,48.8,B
2021-06-16T13:32:42,100.0,48.9,B
2021-06-16T13:32:33,8300.0,48.9,B
2021-06-16T13:32:33,1600.0,48.9,B
2021-06-16T13:32:24,500.0,48.8,B
2021-06-16T13:32:24,800.0,48.8,B
2021-06-16T13:32:18,100.0,48.8,B
2021-06-16T13:32:17,500.0,48.8,B
2021-06-16T13:32:12,400.0,48.8,B
2021-06-16T13:31:45,1000.0,48.8,B
2021-06-16T13:31:33,1000.0,48.8,B
2021-06-16T13:30:43,300.0,48.6,B
2021-06-16T13:30:25,1500.0,48.6,B
2021-06-16T13:30:18,1000.0,48.6,B
2021-06-16T13:28:30,600.0,48.6,S
2021-06-16T13:26:46,500.0,48.6,S
2021-06-16T13:26:44,200.0,48.6,S
2021-06-16T13:25:54,4300.0,48.6,S
2021-06-16T13:25:39,8500.0,48.8,B
2021-06-16T13:25:17,500.0,48.7,B
2021-06-16T13:25:00,2000.0,48.8,B
2021-06-16T13:24:40,1000.0,48.8,B
2021-06-16T13:24:38,100.0,48.8,B
2021-06-16T13:23:42,2500.0,48.8,B
2021-06-16T13:23:22,500.0,48.8,B
2021-06-16T13:23:12,3000.0,48.5,B
2021-06-16T13:23:02,100.0,48.5,B
2021-06-16T13:23:02,1500.0,48.5,B
2021-06-16T13:22:59,1000.0,48.4,S
2021-06-16T13:22:54,100.0,48.4,S
2021-06-16T13:22:50,700.0,48.5,B
2021-06-16T13:22:42,1800.0,48.3,S
2021-06-16T13:22:36,500.0,48.3,S
2021-06-16T13:22:15,3000.0,48.3,B
2021-06-16T13:21:34,1600.0,48.1,B
2021-06-16T13:21:18,3100.0,48.1,B
2021-06-16T13:21:18,1000.0,48.0,S
2021-06-16T13:21:02,5000.0,47.9,S
2021-06-16T13:20:22,4500.0,48.0,B
2021-06-16T13:19:54,500.0,48.0,B
2021-06-16T13:19:33,1000.0,48.0,S
2021-06-16T13:18:59,400.0,47.9,S
2021-06-16T13:18:58,600.0,48.0,B
2021-06-16T13:18:56,500.0,48.0,B
2021-06-16T13:18:45,8500.0,48.0,B
2021-06-16T13:18:33,3000.0,48.0,B
2021-06-16T13:18:21,300.0,48.0,B
2021-06-16T13:17:59,800.0,48.0,B
2021-06-16T13:17:38,2000.0,48.0,B
2021-06-16T13:17:38,200.0,48.0,B
2021-06-16T13:17:34,5000.0,47.9,S
2021-06-16T13:17:13,900.0,47.9,B
2021-06-16T13:17:07,2100.0,47.9,B
2021-06-16T13:16:42,1800.0,47.7,B
2021-06-16T13:16:30,1000.0,47.7,B
2021-06-16T13:16:24,200.0,47.7,B
2021-06-16T13:16:16,2000.0,47.7,B
2021-06-16T13:15:01,3500.0,47.6,B
2021-06-16T13:14:44,900.0,47.5,B
2021-06-16T13:14:33,1600.0,47.5,B
2021-06-16T13:14:33,3400.0,47.5,B
2021-06-16T13:13:32,3000.0,47.4,B
2021-06-16T13:12:48,600.0,47.4,B
2021-06-16T13:12:12,2800.0,47.4,B
2021-06-16T13:11:38,1500.0,47.3,B
2021-06-16T13:10:38,100.0,47.4,B
2021-06-16T13:09:59,500.0,47.4,B
2021-06-16T13:09:50,1000.0,47.4,B
2021-06-16T13:08:56,100.0,47.4,B
2021-06-16T13:08:35,500.0,47.4,B
2021-06-16T13:08:12,4000.0,47.4,B
2021-06-16T13:07:48,100.0,47.1,S
2021-06-16T13:07:23,300.0,47.3,B
2021-06-16T13:06:54,700.0,47.3,B
2021-06-16T13:06:34,1000.0,47.3,B
2021-06-16T13:06:03,1500.0,47.25,B
2021-06-16T13:05:50,600.0,47.25,B
2021-06-16T13:05:46,1000.0,47.3,B
2021-06-16T13:05:34,6000.0,47.3,B
2021-06-16T13:05:06,2000.0,47.1,S
2021-06-16T13:04:45,700.0,47.1,B
2021-06-16T13:03:15,500.0,47.0,S
2021-06-16T13:03:13,200.0,47.0,B
2021-06-16T13:03:13,600.0,47.0,B
2021-06-16T13:03:13,2500.0,47.0,B
2021-06-16T13:02:15,4000.0,47.0,B
2021-06-16T13:00:31,2100.0,46.8,B
2021-06-16T11:29:27,1000.0,46.8,B
2021-06-16T11:28:27,1200.0,45.0,S
2021-06-16T11:28:27,2000.0,45.2,S
2021-06-16T11:28:27,1700.0,45.5,S
2021-06-16T11:28:27,10100.0,46.0,S
2021-06-16T11:27:40,5000.0,46.5,S
2021-06-16T11:24:59,4300.0,46.5,S
2021-06-16T11:24:59,100.0,46.6,S
2021-06-16T11:24:59,5600.0,46.6,S
2021-06-16T11:23:34,5000.0,46.6,S
2021-06-16T11:23:31,5000.0,46.7,S
2021-06-16T11:21:25,3000.0,46.8,S
2021-06-16T11:21:20,10000.0,46.8,S
2021-06-16T11:15:43,200.0,46.95,B
2021-06-16T11:13:48,800.0,46.95,B
2021-06-16T11:13:24,200.0,46.95,S
2021-06-16T11:11:07,3000.0,47.0,B
2021-06-16T11:09:11,200.0,47.0,B
2021-06-16T11:08:42,2800.0,46.95,B
2021-06-16T11:07:48,1200.0,46.95,B
2021-06-16T11:07:29,400.0,46.95,B
2021-06-16T11:07:16,800.0,46.95,B
2021-06-16T11:06:39,600.0,46.95,B
2021-06-16T11:06:12,200.0,46.95,B
2021-06-16T11:05:49,500.0,46.95,B
2021-06-16T11:05:38,1500.0,46.95,B
2021-06-16T11:04:41,2000.0,46.95,B
2021-06-16T11:04:03,300.0,46.95,B
2021-06-16T11:03:27,1200.0,46.95,B
2021-06-16T11:03:01,500.0,46.95,B
2021-06-16T11:02:46,200.0,46.95,B
2021-06-16T11:01:28,400.0,46.95,B
2021-06-16T11:01:06,600.0,46.95,B
2021-06-16T11:00:50,1000.0,46.95,B
2021-06-16T10:59:53,1200.0,46.95,B
2021-06-16T10:58:07,600.0,46.95,B
2021-06-16T10:55:41,1200.0,46.95,B
2021-06-16T10:55:27,6000.0,46.8,S
2021-06-16T10:55:27,400.0,46.95,B
2021-06-16T10:55:09,500.0,46.95,B
2021-06-16T10:54:28,1000.0,46.95,B
2021-06-16T10:54:04,500.0,46.95,B
2021-06-16T10:53:34,1200.0,46.95,B
2021-06-16T10:52:49,1000.0,46.95,B
2021-06-16T10:52:38,2500.0,46.95,B
2021-06-16T10:51:10,200.0,46.95,B
2021-06-16T10:50:50,1500.0,46.95,B
2021-06-16T10:50:42,800.0,46.9,S
2021-06-16T10:50:42,200.0,46.9,S
2021-06-16T10:50:35,2000.0,46.95,B
2021-06-16T10:49:42,200.0,46.95,B
2021-06-16T10:49:28,2000.0,46.95,B
2021-06-16T10:49:02,1400.0,46.95,B
2021-06-16T10:48:54,100.0,46.9,S
2021-06-16T10:48:36,1200.0,46.95,B
2021-06-16T10:47:36,1000.0,46.9,S
2021-06-16T10:46:51,1400.0,46.95,B
2021-06-16T10:46:51,600.0,46.95,B
2021-06-16T10:46:44,1000.0,46.95,B
2021-06-16T10:46:35,500.0,46.95,B
2021-06-16T10:46:08,1200.0,46.95,B
2021-06-16T10:45:22,1500.0,46.95,B
2021-06-16T10:42:47,2000.0,46.9,B
2021-06-16T10:42:39,500.0,46.9,B
2021-06-16T10:42:28,10000.0,46.8,S
2021-06-16T10:42:20,1400.0,46.9,B
2021-06-16T10:41:58,600.0,46.9,B
2021-06-16T10:41:45,1500.0,46.9,B
2021-06-16T10:40:42,2500.0,46.9,B
2021-06-16T10:40:15,500.0,46.9,B
2021-06-16T10:39:55,500.0,46.9,B
2021-06-16T10:39:31,1800.0,46.9,B
2021-06-16T10:38:57,2000.0,46.9,B
2021-06-16T10:38:42,3500.0,46.9,B
2021-06-16T10:38:41,3000.0,46.9,B
2021-06-16T10:38:01,1000.0,46.9,B
2021-06-16T10:36:32,500.0,46.85,S
2021-06-16T10:35:40,2000.0,46.9,B
2021-06-16T10:33:37,5000.0,46.85,S
2021-06-16T10:33:18,500.0,46.85,S
2021-06-16T10:31:12,10000.0,46.8,S
2021-06-16T10:30:57,500.0,46.9,B
2021-06-16T10:30:33,500.0,46.9,B
2021-06-16T10:30:16,200.0,46.8,S
2021-06-16T10:30:06,1000.0,46.9,B
2021-06-16T10:29:50,10000.0,46.8,S
2021-06-16T10:29:27,1300.0,46.9,B
2021-06-16T10:28:12,400.0,46.95,B
2021-06-16T10:27:28,2000.0,46.95,B
2021-06-16T10:25:16,500.0,46.8,S
2021-06-16T10:24:47,300.0,46.9,B
2021-06-16T10:24:27,1000.0,46.9,B
2021-06-16T10:23:29,100.0,46.9,B
2021-06-16T10:23:13,900.0,46.9,B
2021-06-16T10:22:57,2000.0,46.9,B
2021-06-16T10:22:25,200.0,46.9,B
2021-06-16T10:22:00,1000.0,46.95,B
2021-06-16T10:21:25,400.0,46.9,B
2021-06-16T10:21:23,2000.0,46.95,B
2021-06-16T10:21:09,1200.0,46.95,B
2021-06-16T10:20:39,600.0,46.9,B
2021-06-16T10:19:04,100.0,46.9,B
2021-06-16T10:19:00,2500.0,46.9,B
2021-06-16T10:18:51,300.0,46.9,B
2021-06-16T10:18:47,1000.0,46.9,B
2021-06-16T10:18:45,1500.0,46.9,B
2021-06-16T10:18:32,2000.0,46.9,B
2021-06-16T10:16:55,1000.0,46.9,B
2021-06-16T10:16:42,200.0,46.9,B
2021-06-16T10:16:34,3000.0,46.8,S
2021-06-16T10:16:22,500.0,46.9,B
2021-06-16T10:14:50,500.0,46.9,B
2021-06-16T10:14:44,4000.0,46.9,B
2021-06-16T10:14:09,1700.0,46.9,B
2021-06-16T10:14:00,100.0,46.9,B
2021-06-16T10:13:25,2000.0,46.9,B
2021-06-16T10:12:57,1300.0,46.9,B
2021-06-16T10:12:33,1000.0,46.9,B
2021-06-16T10:12:13,500.0,46.9,B
2021-06-16T10:11:57,600.0,46.9,B
2021-06-16T10:11:44,1900.0,46.9,B
2021-06-16T10:11:36,1000.0,46.9,B
2021-06-16T10:10:04,400.0,47.0,B
2021-06-16T10:10:04,1100.0,46.9,B
2021-06-16T10:09:00,200.0,46.9,B
2021-06-16T10:08:50,500.0,46.9,B
2021-06-16T10:08:20,1000.0,46.9,B
2021-06-16T10:06:19,300.0,46.9,B
2021-06-16T10:06:08,400.0,46.9,B
2021-06-16T10:05:56,1000.0,46.9,B
2021-06-16T10:05:34,500.0,46.9,B
2021-06-16T10:05:25,1400.0,46.9,B
2021-06-16T10:04:33,1700.0,46.9,B
2021-06-16T10:04:11,500.0,46.9,B
2021-06-16T10:03:09,2000.0,46.9,B
2021-06-16T10:01:53,1200.0,46.9,B
2021-06-16T09:59:24,500.0,46.9,B
2021-06-16T09:59:01,1500.0,46.9,B
2021-06-16T09:57:10,3000.0,46.9,B
2021-06-16T09:56:50,1000.0,46.9,B
2021-06-16T09:56:42,700.0,46.9,B
2021-06-16T09:56:06,500.0,46.9,B
2021-06-16T09:56:02,1400.0,46.9,B
2021-06-16T09:55:47,200.0,46.9,B
2021-06-16T09:55:37,500.0,46.9,B
2021-06-16T09:55:30,1700.0,46.9,B
2021-06-16T09:55:27,600.0,46.9,B
2021-06-16T09:55:19,2500.0,46.9,B
2021-06-16T09:53:33,1000.0,46.9,B
2021-06-16T09:52:22,800.0,46.9,B
2021-06-16T09:52:11,300.0,46.9,B
2021-06-16T09:52:03,200.0,46.9,B
2021-06-16T09:51:36,1200.0,46.9,B
2021-06-16T09:49:25,1400.0,46.8,S
2021-06-16T09:49:13,1000.0,46.8,S
2021-06-16T09:47:54,500.0,46.8,S
2021-06-16T09:46:56,2500.0,46.9,B
2021-06-16T09:46:43,1500.0,46.9,B
2021-06-16T09:46:20,5000.0,46.7,S
2021-06-16T09:45:24,1000.0,46.9,B
2021-06-16T09:44:44,800.0,46.9,B
2021-06-16T09:44:11,300.0,46.9,B
2021-06-16T09:43:11,500.0,46.9,B
2021-06-16T09:42:53,1800.0,46.9,B
2021-06-16T09:41:31,1400.0,46.9,B
2021-06-16T09:39:37,1200.0,46.9,B
2021-06-16T09:38:44,4000.0,46.9,B
2021-06-16T09:38:27,500.0,46.9,B
2021-06-16T09:37:18,1000.0,46.8,S
2021-06-16T09:36:54,600.0,46.8,S
2021-06-16T09:35:37,1400.0,46.9,B
2021-06-16T09:35:16,500.0,46.9,B
2021-06-16T09:35:01,1200.0,46.9,B
2021-06-16T09:33:30,1000.0,46.9,B
2021-06-16T09:32:28,1000.0,46.9,B
2021-06-16T09:31:30,1500.0,46.9,B
2021-06-16T09:28:58,2000.0,46.9,B
2021-06-16T09:27:14,3500.0,46.9,B
2021-06-16T09:26:28,800.0,46.9,B
2021-06-16T09:26:15,400.0,46.9,B
2021-06-16T09:26:13,300.0,46.9,B
2021-06-16T09:26:07,100.0,46.9,B
2021-06-16T09:26:04,100.0,46.9,B
2021-06-16T09:25:38,2000.0,46.9,S
2021-06-16T09:25:21,1900.0,46.9,S
2021-06-16T09:25:00,3000.0,46.9,S
2021-06-16T09:24:38,4900.0,46.9,S
2021-06-16T09:23:33,2300.0,46.9,B
2021-06-16T09:20:16,100.0,46.9,B
