tradingTime,volume,price,side
2021-06-16T14:23:53,300.0,33.8,B
2021-06-16T14:23:50,200.0,33.8,B
2021-06-16T14:23:21,1700.0,33.8,B
2021-06-16T14:22:40,400.0,33.7,S
2021-06-16T14:22:37,500.0,33.8,B
2021-06-16T14:22:18,2500.0,33.8,S
2021-06-16T14:21:20,100.0,33.9,B
2021-06-16T14:20:27,600.0,33.9,S
2021-06-16T14:20:15,200.0,33.9,S
2021-06-16T14:19:59,2900.0,33.9,S
2021-06-16T14:17:28,5800.0,33.9,B
2021-06-16T14:17:10,500.0,33.8,B
2021-06-16T14:16:56,200.0,33.8,B
2021-06-16T14:16:45,100.0,33.8,B
2021-06-16T14:16:21,500.0,33.8,B
2021-06-16T14:16:05,1700.0,33.8,S
2021-06-16T14:15:33,5000.0,33.8,S
2021-06-16T14:15:29,500.0,33.9,B
2021-06-16T14:15:15,1700.0,33.9,B
2021-06-16T14:14:15,100.0,33.9,B
2021-06-16T14:13:58,100.0,33.9,B
2021-06-16T14:13:36,1500.0,33.8,S
2021-06-16T14:13:04,2300.0,33.9,S
2021-06-16T14:12:35,500.0,33.9,S
2021-06-16T14:12:30,1000.0,33.9,S
2021-06-16T14:11:51,500.0,33.9,S
2021-06-16T14:11:26,400.0,33.9,S
2021-06-16T14:10:43,300.0,34.0,B
2021-06-16T14:10:32,17000.0,34.0,S
2021-06-16T14:10:16,2000.0,34.0,S
2021-06-16T14:08:50,500.0,34.1,B
2021-06-16T14:08:12,1000.0,34.1,B
2021-06-16T14:07:02,200.0,34.1,B
2021-06-16T14:05:37,300.0,34.1,S
2021-06-16T14:05:21,2300.0,34.1,S
2021-06-16T14:05:17,200.0,34.2,B
2021-06-16T14:04:34,100.0,34.2,B
2021-06-16T14:02:45,500.0,34.1,S
2021-06-16T14:02:14,2900.0,34.2,B
2021-06-16T14:01:44,2100.0,34.2,B
2021-06-16T13:59:35,5000.0,34.2,B
2021-06-16T13:58:55,100.0,34.1,S
2021-06-16T13:58:51,200.0,34.1,S
2021-06-16T13:58:23,300.0,34.2,B
2021-06-16T13:57:16,1000.0,34.2,S
2021-06-16T13:54:12,10000.0,34.0,S
2021-06-16T13:53:32,5000.0,34.2,S
2021-06-16T13:51:56,900.0,34.3,S
2021-06-16T13:51:00,1000.0,34.3,S
2021-06-16T13:50:03,300.0,34.3,B
2021-06-16T13:48:45,5000.0,34.3,S
2021-06-16T13:48:24,200.0,34.5,S
2021-06-16T13:48:17,1000.0,34.5,S
2021-06-16T13:48:11,500.0,34.5,S
2021-06-16T13:47:41,700.0,34.5,S
2021-06-16T13:47:03,200.0,34.5,S
2021-06-16T13:45:43,100.0,34.5,S
2021-06-16T13:45:30,1000.0,34.5,S
2021-06-16T13:45:22,400.0,34.6,B
2021-06-16T13:44:37,800.0,34.6,B
2021-06-16T13:44:24,1000.0,34.5,S
2021-06-16T13:44:12,100.0,34.6,B
2021-06-16T13:43:31,8500.0,34.5,B
2021-06-16T13:43:09,5800.0,34.5,B
2021-06-16T13:43:00,2000.0,34.3,B
2021-06-16T13:41:19,100.0,34.2,S
2021-06-16T13:41:02,100.0,34.2,S
2021-06-16T13:40:21,400.0,34.2,S
2021-06-16T13:40:06,5000.0,34.2,S
2021-06-16T13:38:59,200.0,34.2,S
2021-06-16T13:38:11,5100.0,34.2,B
2021-06-16T13:37:34,100.0,34.2,B
2021-06-16T13:36:41,200.0,34.2,B
2021-06-16T13:33:22,700.0,34.1,B
2021-06-16T13:33:22,700.0,34.0,S
2021-06-16T13:32:25,300.0,34.1,S
2021-06-16T13:31:32,100.0,34.1,B
2021-06-16T13:28:28,2000.0,34.0,S
2021-06-16T13:26:57,100.0,34.1,S
2021-06-16T13:25:23,500.0,34.2,B
2021-06-16T13:24:12,3000.0,34.1,S
2021-06-16T13:22:35,100.0,34.1,B
2021-06-16T13:22:05,300.0,34.1,B
2021-06-16T13:21:18,100.0,34.0,S
2021-06-16T13:21:01,300.0,34.0,B
2021-06-16T13:20:31,300.0,34.0,S
2021-06-16T13:19:55,900.0,34.0,S
2021-06-16T13:19:27,2000.0,34.1,B
2021-06-16T13:18:50,3600.0,34.0,B
2021-06-16T13:18:42,200.0,33.9,S
2021-06-16T13:18:32,500.0,33.9,B
2021-06-16T13:18:28,100.0,33.9,B
2021-06-16T13:17:36,300.0,33.9,B
2021-06-16T13:16:28,300.0,33.9,B
2021-06-16T13:15:48,100.0,33.9,B
2021-06-16T13:15:29,100.0,33.9,B
2021-06-16T13:15:16,300.0,33.9,B
2021-06-16T13:14:32,100.0,33.9,B
2021-06-16T13:14:15,500.0,33.9,B
2021-06-16T13:13:48,3100.0,33.8,S
2021-06-16T13:13:25,200.0,33.9,B
2021-06-16T13:13:03,100.0,33.8,S
2021-06-16T13:12:56,1000.0,33.8,S
2021-06-16T13:12:03,1600.0,33.8,S
2021-06-16T13:11:45,200.0,33.9,S
2021-06-16T13:11:14,100.0,33.9,S
2021-06-16T13:10:49,1000.0,33.9,S
2021-06-16T13:09:17,100.0,33.9,S
2021-06-16T13:06:36,800.0,33.9,B
2021-06-16T13:05:46,1000.0,33.9,B
2021-06-16T13:05:31,100.0,33.9,B
2021-06-16T13:05:12,3100.0,33.9,S
2021-06-16T13:04:54,900.0,33.9,B
2021-06-16T13:03:20,100.0,33.9,B
2021-06-16T13:02:57,2200.0,33.8,S
2021-06-16T13:02:06,9000.0,33.9,B
2021-06-16T13:00:11,700.0,33.9,S
2021-06-16T13:00:11,400.0,33.9,S
2021-06-16T11:28:49,4100.0,33.9,S
2021-06-16T11:28:10,2000.0,34.0,S
2021-06-16T11:27:04,500.0,34.0,S
2021-06-16T11:26:48,200.0,34.0,S
2021-06-16T11:26:20,4300.0,34.0,B
2021-06-16T11:25:45,100.0,34.0,B
2021-06-16T11:24:16,500.0,34.0,B
2021-06-16T11:23:50,100.0,34.0,B
2021-06-16T11:23:36,200.0,34.0,B
2021-06-16T11:22:58,1000.0,33.9,S
2021-06-16T11:22:47,100.0,34.0,B
2021-06-16T11:22:29,500.0,33.9,S
2021-06-16T11:22:24,300.0,34.0,B
2021-06-16T11:21:04,5500.0,34.0,S
2021-06-16T11:20:49,1000.0,34.0,S
2021-06-16T11:19:39,500.0,34.0,S
2021-06-16T11:19:04,500.0,34.0,S
2021-06-16T11:18:19,100.0,34.1,S
2021-06-16T11:16:11,200.0,34.1,S
2021-06-16T11:16:04,500.0,34.1,B
2021-06-16T11:15:50,500.0,34.1,B
2021-06-16T11:15:34,500.0,34.1,B
2021-06-16T11:15:14,1000.0,34.1,B
2021-06-16T11:15:02,300.0,34.0,S
2021-06-16T11:13:28,400.0,34.0,S
2021-06-16T11:12:55,1500.0,34.0,S
2021-06-16T11:08:31,300.0,34.0,B
2021-06-16T11:08:14,200.0,34.0,B
2021-06-16T11:08:10,10000.0,33.8,S
2021-06-16T11:08:09,500.0,34.0,B
2021-06-16T11:08:06,500.0,34.0,B
2021-06-16T11:08:03,100.0,34.0,B
2021-06-16T11:07:50,100.0,34.0,B
2021-06-16T11:07:31,300.0,34.0,S
2021-06-16T11:06:18,200.0,34.0,B
2021-06-16T11:05:09,100.0,34.1,B
2021-06-16T11:04:53,2000.0,34.0,S
2021-06-16T11:04:44,100.0,34.1,B
2021-06-16T11:03:04,3800.0,34.1,S
2021-06-16T11:02:30,700.0,34.1,S
2021-06-16T11:02:12,100.0,34.1,S
2021-06-16T11:02:04,5500.0,34.1,B
2021-06-16T11:01:02,1300.0,34.0,B
2021-06-16T11:00:59,700.0,34.0,S
2021-06-16T11:00:37,1000.0,34.0,S
2021-06-16T10:59:22,100.0,34.1,B
2021-06-16T10:58:59,100.0,34.1,S
2021-06-16T10:58:40,300.0,34.1,B
2021-06-16T10:58:34,500.0,34.1,B
2021-06-16T10:58:16,1000.0,34.1,S
2021-06-16T10:57:58,1200.0,34.1,S
2021-06-16T10:57:56,5000.0,34.1,S
2021-06-16T10:57:37,1400.0,34.2,S
2021-06-16T10:57:22,500.0,34.3,B
2021-06-16T10:57:04,1900.0,34.3,B
2021-06-16T10:56:44,500.0,34.3,B
2021-06-16T10:56:28,800.0,34.3,S
2021-06-16T10:56:07,1800.0,34.3,S
2021-06-16T10:54:50,200.0,34.3,S
2021-06-16T10:53:36,100.0,34.3,S
2021-06-16T10:53:22,100.0,34.3,S
2021-06-16T10:52:53,100.0,34.3,B
2021-06-16T10:52:33,1500.0,34.2,S
2021-06-16T10:50:57,600.0,34.2,S
2021-06-16T10:50:24,100.0,34.2,B
2021-06-16T10:50:13,1700.0,34.2,B
2021-06-16T10:50:00,500.0,34.1,S
2021-06-16T10:49:54,100.0,34.1,S
2021-06-16T10:49:44,2000.0,34.0,S
2021-06-16T10:49:21,100.0,34.1,B
2021-06-16T10:48:58,500.0,34.1,B
2021-06-16T10:46:35,500.0,34.0,S
2021-06-16T10:45:36,200.0,34.0,B
2021-06-16T10:45:30,2000.0,34.0,B
2021-06-16T10:45:10,200.0,34.0,B
2021-06-16T10:44:36,100.0,34.0,B
2021-06-16T10:43:19,100.0,34.0,B
2021-06-16T10:43:07,1400.0,34.0,S
2021-06-16T10:42:00,100.0,34.0,B
2021-06-16T10:41:36,400.0,34.0,B
2021-06-16T10:41:28,100.0,34.0,B
2021-06-16T10:40:48,500.0,33.9,S
2021-06-16T10:40:41,300.0,34.0,B
2021-06-16T10:40:17,3000.0,34.0,B
2021-06-16T10:38:04,100.0,33.8,B
2021-06-16T10:37:53,200.0,33.7,S
2021-06-16T10:37:14,1000.0,33.7,S
2021-06-16T10:36:39,900.0,33.7,S
2021-06-16T10:36:15,1100.0,33.7,B
2021-06-16T10:36:08,100.0,33.7,B
2021-06-16T10:36:02,2400.0,33.7,B
2021-06-16T10:36:00,100.0,33.7,B
2021-06-16T10:35:30,1400.0,33.7,B
2021-06-16T10:35:27,900.0,33.7,B
2021-06-16T10:35:14,200.0,33.7,B
2021-06-16T10:34:50,1000.0,33.7,B
2021-06-16T10:34:48,100.0,33.7,B
2021-06-16T10:34:47,3900.0,33.7,S
2021-06-16T10:34:26,2400.0,33.8,B
2021-06-16T10:34:20,2500.0,33.7,S
2021-06-16T10:34:07,3000.0,33.7,S
2021-06-16T10:33:58,100.0,33.8,B
2021-06-16T10:33:51,100.0,33.8,B
2021-06-16T10:33:43,2000.0,33.8,B
2021-06-16T10:33:34,1000.0,33.8,B
2021-06-16T10:33:33,500.0,33.7,S
2021-06-16T10:33:30,700.0,33.8,B
2021-06-16T10:32:28,500.0,33.8,B
2021-06-16T10:32:17,33900.0,33.8,B
2021-06-16T10:32:09,100.0,34.0,B
2021-06-16T10:32:02,200.0,34.0,B
2021-06-16T10:31:51,100.0,34.0,B
2021-06-16T10:31:37,100.0,34.0,B
2021-06-16T10:31:35,100.0,34.0,B
2021-06-16T10:31:05,600.0,34.0,B
2021-06-16T10:30:50,500.0,34.0,B
2021-06-16T10:30:11,100.0,33.9,S
2021-06-16T10:30:00,1000.0,34.0,B
2021-06-16T10:29:57,100.0,34.0,B
2021-06-16T10:29:49,2000.0,34.0,B
2021-06-16T10:29:29,34200.0,34.0,S
2021-06-16T10:28:47,200.0,34.1,S
2021-06-16T10:27:06,1700.0,34.1,S
2021-06-16T10:26:58,1700.0,34.1,S
2021-06-16T10:26:50,100.0,34.3,B
2021-06-16T10:26:29,4500.0,34.2,S
2021-06-16T10:24:43,200.0,34.2,S
2021-06-16T10:22:10,3900.0,34.2,S
2021-06-16T10:20:57,1000.0,34.6,B
2021-06-16T10:17:40,1000.0,34.7,B
2021-06-16T10:15:00,1000.0,34.7,B
2021-06-16T10:13:45,600.0,34.7,B
2021-06-16T10:13:23,100.0,34.7,S
2021-06-16T10:13:07,4500.0,34.7,S
2021-06-16T10:12:54,3400.0,34.7,B
2021-06-16T10:12:43,30900.0,34.7,B
2021-06-16T10:11:30,2400.0,34.2,B
2021-06-16T10:11:23,1000.0,34.2,B
2021-06-16T10:11:12,300.0,34.2,B
2021-06-16T10:10:34,200.0,34.2,B
2021-06-16T10:10:30,1000.0,34.1,S
2021-06-16T10:10:07,900.0,34.1,S
2021-06-16T10:08:49,1000.0,34.1,S
2021-06-16T10:08:14,500.0,34.1,S
2021-06-16T10:07:31,400.0,34.0,S
2021-06-16T10:07:21,1100.0,34.0,S
2021-06-16T10:07:04,600.0,34.0,S
2021-06-16T10:06:17,43400.0,34.0,S
2021-06-16T10:05:02,700.0,34.2,S
2021-06-16T10:04:03,500.0,34.2,S
2021-06-16T10:04:01,300.0,34.2,B
2021-06-16T10:03:50,1600.0,34.2,S
2021-06-16T10:02:55,7000.0,34.2,S
2021-06-16T10:01:44,100.0,34.3,B
2021-06-16T10:01:00,4000.0,34.3,B
2021-06-16T10:00:35,400.0,34.4,B
2021-06-16T10:00:17,1000.0,34.4,B
2021-06-16T09:59:02,400.0,34.4,B
2021-06-16T09:58:45,3600.0,34.4,B
2021-06-16T09:58:29,1200.0,34.3,S
2021-06-16T09:57:47,8000.0,34.3,B
2021-06-16T09:57:35,600.0,34.2,S
2021-06-16T09:57:26,100.0,34.3,B
2021-06-16T09:57:11,1300.0,34.3,B
2021-06-16T09:56:23,500.0,34.3,B
2021-06-16T09:56:06,100.0,34.3,B
2021-06-16T09:54:56,100.0,34.2,S
2021-06-16T09:54:52,1000.0,34.2,S
2021-06-16T09:53:44,1000.0,34.2,S
2021-06-16T09:53:29,600.0,34.2,B
2021-06-16T09:53:09,100.0,34.1,S
2021-06-16T09:53:06,300.0,34.1,S
2021-06-16T09:51:02,600.0,34.1,S
2021-06-16T09:49:49,3000.0,34.1,S
2021-06-16T09:49:36,3000.0,34.1,S
2021-06-16T09:48:22,300.0,34.1,S
2021-06-16T09:48:16,1500.0,34.2,B
2021-06-16T09:47:48,700.0,34.2,B
2021-06-16T09:46:09,2000.0,34.0,S
2021-06-16T09:45:46,5000.0,34.0,S
2021-06-16T09:45:20,6000.0,34.0,S
2021-06-16T09:44:47,4500.0,34.0,S
2021-06-16T09:44:07,100.0,34.2,B
2021-06-16T09:43:21,500.0,34.2,S
2021-06-16T09:42:27,300.0,34.0,S
2021-06-16T09:42:22,100.0,34.0,S
2021-06-16T09:41:24,3000.0,34.0,S
2021-06-16T09:40:55,1000.0,34.1,B
2021-06-16T09:40:55,1000.0,34.0,S
2021-06-16T09:40:40,700.0,34.0,S
2021-06-16T09:40:38,2400.0,34.1,B
2021-06-16T09:40:26,3000.0,34.1,B
2021-06-16T09:40:02,100.0,34.1,B
2021-06-16T09:39:57,100.0,34.1,B
2021-06-16T09:39:48,200.0,34.1,B
2021-06-16T09:39:43,500.0,34.1,B
2021-06-16T09:39:39,500.0,34.1,B
2021-06-16T09:39:31,100.0,34.1,B
2021-06-16T09:39:26,500.0,34.1,B
2021-06-16T09:39:06,300.0,34.1,B
2021-06-16T09:39:04,800.0,34.1,S
2021-06-16T09:39:03,100.0,34.1,S
2021-06-16T09:38:45,100.0,34.1,S
2021-06-16T09:38:34,5000.0,34.0,S
2021-06-16T09:37:42,2200.0,34.2,B
2021-06-16T09:37:36,1000.0,34.2,B
2021-06-16T09:37:36,100.0,34.2,B
2021-06-16T09:37:00,3000.0,34.2,B
2021-06-16T09:36:15,500.0,34.2,B
2021-06-16T09:35:18,1700.0,34.2,S
2021-06-16T09:35:09,100.0,34.2,S
2021-06-16T09:34:58,200.0,34.2,B
2021-06-16T09:34:58,3000.0,34.0,S
2021-06-16T09:34:51,7000.0,34.0,S
2021-06-16T09:34:47,12800.0,34.0,S
2021-06-16T09:34:37,8500.0,34.0,S
2021-06-16T09:34:30,100.0,34.2,B
2021-06-16T09:34:15,8600.0,34.1,B
2021-06-16T09:34:13,200.0,34.1,B
2021-06-16T09:33:48,1000.0,34.1,B
2021-06-16T09:32:58,100.0,34.1,B
2021-06-16T09:32:42,100.0,34.1,S
2021-06-16T09:32:35,500.0,34.1,B
2021-06-16T09:32:22,3200.0,34.0,S
2021-06-16T09:32:21,6500.0,34.0,S
2021-06-16T09:32:05,1000.0,34.1,S
2021-06-16T09:31:56,2100.0,34.1,S
2021-06-16T09:31:38,800.0,34.0,S
2021-06-16T09:31:34,1000.0,34.1,B
2021-06-16T09:31:23,400.0,34.1,B
2021-06-16T09:31:11,6500.0,34.1,S
2021-06-16T09:30:46,500.0,34.1,S
2021-06-16T09:30:23,200.0,34.1,S
2021-06-16T09:29:54,300.0,34.1,S
2021-06-16T09:29:41,700.0,34.1,S
2021-06-16T09:29:23,1700.0,34.1,S
2021-06-16T09:28:50,1300.0,34.1,S
2021-06-16T09:28:47,200.0,34.2,B
2021-06-16T09:28:44,9700.0,34.2,B
2021-06-16T09:28:30,5000.0,34.2,S
2021-06-16T09:28:08,300.0,34.2,S
2021-06-16T09:26:50,2000.0,34.2,B
2021-06-16T09:26:41,300.0,34.1,S
2021-06-16T09:26:27,100.0,34.1,B
2021-06-16T09:26:17,500.0,34.1,S
2021-06-16T09:26:13,700.0,34.1,B
2021-06-16T09:26:03,1700.0,34.1,B
2021-06-16T09:25:52,200.0,34.0,S
2021-06-16T09:25:24,100.0,34.0,S
2021-06-16T09:24:54,200.0,34.1,B
2021-06-16T09:24:49,200.0,34.1,B
2021-06-16T09:24:44,900.0,34.0,S
2021-06-16T09:24:35,500.0,34.1,B
2021-06-16T09:23:45,1800.0,34.0,B
2021-06-16T09:23:45,200.0,33.9,S
2021-06-16T09:23:33,1000.0,34.0,B
2021-06-16T09:23:27,2000.0,34.0,B
2021-06-16T09:23:08,300.0,34.0,B
2021-06-16T09:23:06,400.0,34.0,B
2021-06-16T09:22:54,500.0,34.0,B
2021-06-16T09:22:42,300.0,34.0,B
2021-06-16T09:22:38,300.0,34.0,B
2021-06-16T09:22:31,100.0,34.0,B
2021-06-16T09:22:18,4000.0,34.0,B
2021-06-16T09:22:17,500.0,34.0,B
2021-06-16T09:22:08,13900.0,34.0,S
2021-06-16T09:21:08,300.0,34.1,B
2021-06-16T09:21:02,1000.0,34.1,B
2021-06-16T09:20:37,2000.0,34.1,B
2021-06-16T09:20:30,1500.0,34.1,B
2021-06-16T09:20:26,1000.0,34.0,S
2021-06-16T09:19:57,1000.0,34.0,S
2021-06-16T09:19:37,100.0,34.0,S
2021-06-16T09:19:07,10000.0,34.0,S
2021-06-16T09:18:59,1000.0,34.1,B
2021-06-16T09:18:25,100.0,34.1,B
2021-06-16T09:18:24,1900.0,34.1,B
2021-06-16T09:18:20,500.0,34.1,S
2021-06-16T09:18:17,100.0,34.1,S
2021-06-16T09:18:14,2000.0,34.1,S
2021-06-16T09:17:54,100.0,34.1,S
2021-06-16T09:17:38,500.0,34.1,S
2021-06-16T09:17:36,400.0,34.1,S
2021-06-16T09:17:14,100.0,34.1,S
2021-06-16T09:17:03,500.0,34.1,S
2021-06-16T09:16:53,500.0,34.1,S
2021-06-16T09:16:44,1000.0,34.2,B
2021-06-16T09:16:42,200.0,34.2,B
2021-06-16T09:16:25,300.0,34.2,B
2021-06-16T09:16:20,100.0,34.2,B
2021-06-16T09:15:59,100.0,34.1,S
2021-06-16T09:15:41,500.0,34.1,S
2021-06-16T09:15:29,100.0,34.1,S
2021-06-16T09:14:59,100.0,34.1,B
2021-06-16T09:14:44,400.0,34.1,B
2021-06-16T09:14:42,100.0,34.1,S
2021-06-16T09:14:37,2000.0,34.1,S
2021-06-16T09:14:23,1000.0,34.1,S
2021-06-16T09:14:22,2000.0,34.2,B
2021-06-16T09:14:09,100.0,34.2,B
2021-06-16T09:14:02,500.0,34.2,B
2021-06-16T09:13:59,100.0,34.2,B
2021-06-16T09:13:57,100.0,34.2,B
2021-06-16T09:13:49,200.0,34.2,S
2021-06-16T09:13:05,1000.0,34.2,S
2021-06-16T09:12:01,100.0,34.3,B
2021-06-16T09:11:57,100.0,34.3,B
2021-06-16T09:11:28,600.0,34.3,S
2021-06-16T09:11:27,100.0,34.3,B
2021-06-16T09:11:12,500.0,34.3,S
2021-06-16T09:10:23,100.0,34.4,B
2021-06-16T09:10:12,300.0,34.2,S
2021-06-16T09:10:10,1300.0,34.2,S
2021-06-16T09:09:31,800.0,34.4,S
2021-06-16T09:07:29,2000.0,34.5,B
2021-06-16T09:07:14,500.0,34.5,B
2021-06-16T09:07:08,100.0,34.4,S
2021-06-16T09:05:50,200.0,34.5,B
2021-06-16T09:05:35,100.0,34.5,B
2021-06-16T09:05:12,700.0,34.6,B
2021-06-16T09:05:09,100.0,34.6,S
2021-06-16T09:04:30,100.0,34.6,S
2021-06-16T09:02:39,100.0,34.7,S
2021-06-16T09:01:03,200.0,34.7,S
2021-06-16T09:00:25,100.0,34.7,S
