tradingTime,volume,price,side
2021-06-14T14:46:03,100.0,72.8,B
2021-06-14T14:41:46,600.0,72.8,B
2021-06-14T14:39:31,100.0,72.7,B
2021-06-14T14:39:11,1000.0,72.7,B
2021-06-14T14:39:01,1000.0,72.7,B
2021-06-14T14:36:11,100.0,72.7,B
2021-06-14T14:34:41,200.0,72.7,B
2021-06-14T14:34:01,2000.0,72.7,B
2021-06-14T14:33:06,300.0,72.5,S
2021-06-14T14:32:11,100.0,72.6,S
2021-06-14T14:31:36,100.0,72.6,S
2021-06-14T14:31:36,1000.0,72.6,B
2021-06-14T14:30:36,100.0,72.6,B
2021-06-14T14:25:02,1000.0,72.5,S
2021-06-14T14:23:33,200.0,72.5,S
2021-06-14T14:21:49,500.0,72.5,S
2021-06-14T14:21:35,500.0,72.5,S
2021-06-14T14:21:15,500.0,72.5,S
2021-06-14T14:20:22,100.0,72.6,S
2021-06-14T14:18:26,200.0,72.6,S
2021-06-14T14:15:41,5000.0,72.6,S
2021-06-14T14:15:25,100.0,72.6,S
2021-06-14T14:13:16,100.0,72.6,S
2021-06-14T14:13:04,400.0,72.7,B
2021-06-14T14:11:53,8000.0,72.6,S
2021-06-14T14:11:05,100.0,72.7,S
2021-06-14T14:11:03,600.0,72.7,S
2021-06-14T14:10:18,100.0,72.7,S
2021-06-14T14:09:58,2000.0,72.8,B
2021-06-14T14:02:46,1500.0,72.8,B
2021-06-14T14:01:49,800.0,72.7,B
2021-06-14T14:00:49,100.0,72.7,S
2021-06-14T14:00:22,300.0,72.7,S
2021-06-14T14:00:18,100.0,72.7,S
2021-06-14T13:58:56,500.0,72.7,S
2021-06-14T13:58:16,100.0,72.8,S
2021-06-14T13:52:25,800.0,72.9,B
2021-06-14T13:52:14,200.0,72.9,B
2021-06-14T13:46:15,300.0,73.0,B
2021-06-14T13:45:56,1600.0,73.0,B
2021-06-14T13:44:42,100.0,73.0,B
2021-06-14T13:44:31,400.0,73.0,B
2021-06-14T13:44:02,500.0,73.0,B
2021-06-14T13:42:24,500.0,73.0,B
2021-06-14T13:41:49,300.0,73.0,S
2021-06-14T13:41:34,700.0,73.0,B
2021-06-14T13:39:17,100.0,73.0,S
2021-06-14T13:38:46,100.0,73.0,S
2021-06-14T13:38:34,100.0,73.0,S
2021-06-14T13:37:58,200.0,73.0,S
2021-06-14T13:37:44,1500.0,73.0,S
2021-06-14T13:36:58,100.0,73.0,S
2021-06-14T13:36:22,100.0,73.0,S
2021-06-14T13:36:21,800.0,73.0,B
2021-06-14T13:36:04,2500.0,73.0,B
2021-06-14T13:34:19,200.0,73.0,B
2021-06-14T13:34:02,500.0,73.0,B
2021-06-14T13:33:39,5000.0,73.0,B
2021-06-14T13:33:19,100.0,73.0,B
2021-06-14T13:30:24,3000.0,73.0,B
2021-06-14T13:27:35,200.0,73.0,B
2021-06-14T13:25:00,100.0,73.0,B
2021-06-14T13:23:25,100.0,72.9,S
2021-06-14T13:22:37,200.0,72.9,B
2021-06-14T13:18:44,400.0,72.9,S
2021-06-14T13:18:41,500.0,73.0,B
2021-06-14T13:18:39,800.0,73.0,B
2021-06-14T13:18:33,800.0,73.0,B
2021-06-14T13:16:58,500.0,73.0,B
2021-06-14T13:14:42,500.0,73.0,B
2021-06-14T13:09:05,500.0,73.0,B
2021-06-14T13:08:19,5200.0,73.0,S
2021-06-14T13:07:18,500.0,73.0,S
2021-06-14T13:06:59,1000.0,73.0,S
2021-06-14T13:06:52,500.0,73.1,B
2021-06-14T13:06:05,13600.0,73.0,B
2021-06-14T13:05:21,100.0,72.9,B
2021-06-14T13:03:24,1000.0,73.0,B
2021-06-14T13:02:29,2100.0,73.0,B
2021-06-14T13:02:03,4500.0,72.5,S
2021-06-14T13:01:52,100.0,72.6,B
2021-06-14T13:01:02,200.0,72.6,B
2021-06-14T13:00:24,400.0,72.5,S
2021-06-14T13:00:23,300.0,72.5,S
2021-06-14T13:00:18,44200.0,73.0,B
2021-06-14T11:29:28,100.0,72.5,S
2021-06-14T11:28:23,200.0,72.5,S
2021-06-14T11:27:26,100.0,72.5,S
2021-06-14T11:20:55,3000.0,72.5,S
2021-06-14T11:20:40,1000.0,72.6,S
2021-06-14T11:19:23,500.0,72.6,B
2021-06-14T11:17:25,3300.0,72.6,S
2021-06-14T11:14:04,400.0,72.6,S
2021-06-14T11:13:54,100.0,72.6,S
2021-06-14T11:11:04,100.0,72.7,B
2021-06-14T11:05:23,100.0,72.6,S
2021-06-14T11:04:14,400.0,72.6,B
2021-06-14T11:02:11,800.0,72.6,B
2021-06-14T11:00:59,5000.0,72.6,B
2021-06-14T10:59:42,300.0,72.6,B
2021-06-14T10:59:24,1000.0,72.6,B
2021-06-14T10:55:32,500.0,72.6,B
2021-06-14T10:54:31,100.0,72.6,B
2021-06-14T10:54:24,1000.0,72.6,B
2021-06-14T10:53:54,500.0,72.6,B
2021-06-14T10:53:18,200.0,72.5,S
2021-06-14T10:52:06,100.0,72.5,S
2021-06-14T10:51:59,200.0,72.5,S
2021-06-14T10:51:31,1000.0,72.5,S
2021-06-14T10:48:10,400.0,72.5,S
2021-06-14T10:47:56,300.0,72.6,B
2021-06-14T10:47:43,1600.0,72.6,B
2021-06-14T10:45:10,100.0,72.6,B
2021-06-14T10:44:20,8700.0,72.6,B
2021-06-14T10:44:04,400.0,72.5,S
2021-06-14T10:43:54,200.0,72.6,B
2021-06-14T10:43:24,100.0,72.5,S
2021-06-14T10:42:52,100.0,72.5,S
2021-06-14T10:41:44,400.0,72.6,B
2021-06-14T10:41:43,300.0,72.5,S
2021-06-14T10:41:21,100.0,72.5,S
2021-06-14T10:40:22,100.0,72.5,S
2021-06-14T10:38:58,100.0,72.5,S
2021-06-14T10:36:37,100.0,72.6,B
2021-06-14T10:36:16,300.0,72.6,B
2021-06-14T10:35:44,1600.0,72.6,B
2021-06-14T10:35:27,3000.0,72.6,B
2021-06-14T10:33:46,2700.0,72.6,B
2021-06-14T10:29:40,2000.0,72.6,B
2021-06-14T10:27:24,2100.0,72.6,B
2021-06-14T10:26:49,100.0,72.5,S
2021-06-14T10:26:30,100.0,72.5,S
2021-06-14T10:23:51,100.0,72.5,B
2021-06-14T10:23:49,200.0,72.5,S
2021-06-14T10:23:05,200.0,72.5,S
2021-06-14T10:21:03,300.0,72.5,B
2021-06-14T10:20:54,100.0,72.5,B
2021-06-14T10:19:32,800.0,72.5,B
2021-06-14T10:17:24,800.0,72.5,B
2021-06-14T10:17:20,1000.0,72.5,B
2021-06-14T10:15:38,100.0,72.4,S
2021-06-14T10:15:29,10000.0,72.5,B
2021-06-14T10:15:01,6400.0,72.4,B
2021-06-14T10:09:18,200.0,72.3,B
2021-06-14T10:07:56,100.0,72.3,B
2021-06-14T10:07:37,100.0,72.2,S
2021-06-14T10:05:23,100.0,72.2,S
2021-06-14T10:04:55,100.0,72.2,S
2021-06-14T10:02:07,800.0,72.3,B
2021-06-14T10:00:30,600.0,72.2,S
2021-06-14T09:58:58,100.0,72.2,S
2021-06-14T09:58:52,200.0,72.2,S
2021-06-14T09:57:12,100.0,72.2,S
2021-06-14T09:53:44,900.0,72.3,B
2021-06-14T09:53:36,1000.0,72.3,S
2021-06-14T09:53:04,200.0,72.3,S
2021-06-14T09:52:54,800.0,72.4,B
2021-06-14T09:52:51,400.0,72.3,S
2021-06-14T09:52:33,1000.0,72.3,S
2021-06-14T09:51:49,100.0,72.3,S
2021-06-14T09:49:49,100.0,72.4,S
2021-06-14T09:48:12,100.0,72.4,S
2021-06-14T09:47:47,400.0,72.4,B
2021-06-14T09:47:38,100.0,72.4,S
2021-06-14T09:47:14,100.0,72.4,S
2021-06-14T09:47:02,100.0,72.4,S
2021-06-14T09:46:40,100.0,72.4,S
2021-06-14T09:41:13,3600.0,72.5,B
2021-06-14T09:40:44,100.0,72.5,S
2021-06-14T09:40:10,3600.0,72.5,S
2021-06-14T09:37:03,400.0,72.5,S
2021-06-14T09:37:03,1000.0,72.5,S
2021-06-14T09:36:39,100.0,72.5,S
2021-06-14T09:36:16,100.0,72.5,S
2021-06-14T09:35:52,200.0,72.5,S
2021-06-14T09:34:21,500.0,72.5,S
2021-06-14T09:33:28,100.0,72.5,S
2021-06-14T09:33:22,100.0,72.5,S
2021-06-14T09:32:29,4100.0,72.5,S
2021-06-14T09:30:00,100.0,72.5,B
2021-06-14T09:27:27,600.0,72.5,S
2021-06-14T09:27:10,1500.0,72.5,S
2021-06-14T09:27:02,2000.0,72.7,B
2021-06-14T09:26:52,1000.0,72.5,S
2021-06-14T09:26:29,200.0,72.5,S
2021-06-14T09:25:53,200.0,72.7,B
2021-06-14T09:24:28,100.0,72.7,B
2021-06-14T09:22:38,100.0,72.7,B
2021-06-14T09:22:10,700.0,72.8,B
2021-06-14T09:21:37,100.0,72.7,S
2021-06-14T09:21:34,800.0,72.7,S
2021-06-14T09:21:25,1000.0,72.7,B
2021-06-14T09:21:15,100.0,72.5,S
2021-06-14T09:20:25,100.0,72.5,S
2021-06-14T09:20:01,100.0,72.5,S
2021-06-14T09:18:47,100.0,72.5,S
2021-06-14T09:18:04,100.0,72.5,S
2021-06-14T09:18:02,100.0,72.5,S
2021-06-14T09:17:37,700.0,72.5,S
2021-06-14T09:16:56,200.0,72.5,S
2021-06-14T09:15:57,100.0,72.5,S
2021-06-14T09:15:32,100.0,72.5,S
2021-06-14T09:13:22,3000.0,72.5,S
2021-06-14T09:12:21,100.0,72.5,S
2021-06-14T09:12:01,2000.0,72.5,S
2021-06-14T09:11:22,100.0,72.5,S
2021-06-14T09:11:14,300.0,72.5,S
2021-06-14T09:09:47,100.0,72.5,S
2021-06-14T09:09:47,400.0,72.5,B
2021-06-14T09:09:10,3000.0,72.5,B
2021-06-14T09:09:03,400.0,72.5,B
2021-06-14T09:08:52,100.0,72.5,B
2021-06-14T09:08:43,500.0,72.5,B
2021-06-14T09:05:49,500.0,72.5,B
2021-06-14T09:02:26,100.0,72.0,B
2021-06-14T09:02:18,600.0,72.0,B
2021-06-14T09:02:11,500.0,72.0,B
2021-06-14T09:02:10,300.0,72.1,B
2021-06-14T09:01:40,200.0,72.1,B
2021-06-14T09:01:16,500.0,72.0,B
2021-06-14T09:01:05,100.0,72.0,B
2021-06-14T09:00:49,500.0,72.0,B
2021-06-14T09:00:24,500.0,72.0,B
