tradingTime,volume,price,side
2021-06-14T14:27:16,1500.0,13.95,S
2021-06-14T14:27:08,100.0,13.95,S
2021-06-14T14:26:51,2000.0,13.95,B
2021-06-14T14:26:50,7400.0,13.95,B
2021-06-14T14:26:50,500.0,13.95,B
2021-06-14T14:26:50,2000.0,13.95,B
2021-06-14T14:26:50,21500.0,13.95,B
2021-06-14T14:26:37,5300.0,13.85,S
2021-06-14T14:26:33,9400.0,13.9,B
2021-06-14T14:26:33,2200.0,13.9,B
2021-06-14T14:26:33,5000.0,13.9,B
2021-06-14T14:26:33,38900.0,13.9,B
2021-06-14T14:26:12,100.0,13.85,S
2021-06-14T14:26:06,2000.0,13.8,S
2021-06-14T14:26:06,100.0,13.85,S
2021-06-14T14:26:01,200.0,13.85,S
2021-06-14T14:25:48,200.0,13.85,S
2021-06-14T14:25:37,500.0,13.85,B
2021-06-14T14:25:35,1300.0,13.85,B
2021-06-14T14:25:31,1000.0,13.8,S
2021-06-14T14:25:27,200.0,13.85,B
2021-06-14T14:25:04,6000.0,13.9,B
2021-06-14T14:24:59,400.0,13.9,B
2021-06-14T14:24:46,1000.0,13.8,S
2021-06-14T14:24:35,100.0,13.9,B
2021-06-14T14:24:28,3000.0,13.9,B
2021-06-14T14:24:08,600.0,13.8,B
2021-06-14T14:24:03,2400.0,13.8,B
2021-06-14T14:23:56,3000.0,13.75,S
2021-06-14T14:23:56,1000.0,13.8,B
2021-06-14T14:23:53,5000.0,13.8,B
2021-06-14T14:23:52,1000.0,13.75,S
2021-06-14T14:23:50,1800.0,13.8,B
2021-06-14T14:23:46,1000.0,13.8,B
2021-06-14T14:22:29,700.0,13.75,B
2021-06-14T14:22:21,1000.0,13.75,B
2021-06-14T14:22:17,600.0,13.75,B
2021-06-14T14:22:16,1000.0,13.75,B
2021-06-14T14:22:14,1500.0,13.75,B
2021-06-14T14:22:13,100.0,13.75,B
2021-06-14T14:22:03,100.0,13.75,B
2021-06-14T14:22:02,300.0,13.8,B
2021-06-14T14:22:00,200.0,13.75,B
2021-06-14T14:21:48,10900.0,13.75,B
2021-06-14T14:21:31,1000.0,13.75,B
2021-06-14T14:21:27,1100.0,13.75,B
2021-06-14T14:21:15,500.0,13.75,B
2021-06-14T14:20:51,2100.0,13.75,B
2021-06-14T14:20:44,200.0,13.75,B
2021-06-14T14:20:42,1000.0,13.75,B
2021-06-14T14:20:36,700.0,13.75,B
2021-06-14T14:20:30,1000.0,13.75,B
2021-06-14T14:20:22,3000.0,13.75,B
2021-06-14T14:20:17,400.0,13.75,B
2021-06-14T14:19:51,3000.0,13.75,B
2021-06-14T14:19:48,2000.0,13.75,B
2021-06-14T14:19:45,1500.0,13.75,B
2021-06-14T14:19:45,1500.0,13.75,B
2021-06-14T14:19:40,500.0,13.75,B
2021-06-14T14:19:23,500.0,13.7,S
2021-06-14T14:19:21,1000.0,13.75,B
2021-06-14T14:19:14,200.0,13.75,B
2021-06-14T14:19:00,1500.0,13.75,B
2021-06-14T14:18:44,600.0,13.75,S
2021-06-14T14:18:28,1000.0,13.75,S
2021-06-14T14:18:19,300.0,13.7,S
2021-06-14T14:18:18,1000.0,13.75,S
2021-06-14T14:18:07,200.0,13.75,S
2021-06-14T14:18:04,1000.0,13.7,S
2021-06-14T14:17:57,500.0,13.75,S
2021-06-14T14:17:51,100.0,13.75,S
2021-06-14T14:17:39,23000.0,13.7,S
2021-06-14T14:17:19,1000.0,13.75,S
2021-06-14T14:17:09,5000.0,13.75,S
2021-06-14T14:17:04,200.0,13.7,S
2021-06-14T14:16:58,1800.0,13.7,S
2021-06-14T14:16:57,600.0,13.75,S
2021-06-14T14:16:44,200.0,13.7,S
2021-06-14T14:16:40,17100.0,13.7,S
2021-06-14T14:16:37,2000.0,13.7,S
2021-06-14T14:16:24,1000.0,13.75,S
2021-06-14T14:16:18,100.0,13.75,S
2021-06-14T14:16:17,1000.0,13.7,S
2021-06-14T14:15:55,3000.0,13.75,S
2021-06-14T14:15:55,500.0,13.75,S
2021-06-14T14:15:55,400.0,13.75,S
2021-06-14T14:15:55,15400.0,13.75,S
2021-06-14T14:15:52,200.0,13.8,S
2021-06-14T14:15:47,100.0,13.8,S
2021-06-14T14:15:39,200.0,13.8,S
2021-06-14T14:15:36,400.0,13.8,S
2021-06-14T14:15:33,14700.0,13.8,S
2021-06-14T14:15:33,11000.0,13.8,S
2021-06-14T14:15:33,3200.0,13.8,S
2021-06-14T14:15:33,500.0,13.8,S
2021-06-14T14:15:32,10000.0,13.8,S
2021-06-14T14:15:32,1000.0,13.8,S
2021-06-14T14:15:24,10000.0,13.8,S
2021-06-14T14:15:00,2400.0,13.8,S
2021-06-14T14:15:00,100.0,13.85,S
2021-06-14T14:14:47,500.0,13.9,S
2021-06-14T14:14:44,1200.0,13.9,S
2021-06-14T14:14:34,500.0,13.9,S
2021-06-14T14:14:34,2000.0,13.9,S
2021-06-14T14:14:31,1000.0,13.8,S
2021-06-14T14:14:30,1000.0,13.85,S
2021-06-14T14:14:22,900.0,13.85,S
2021-06-14T14:14:22,600.0,13.85,S
2021-06-14T14:14:21,1000.0,13.85,S
2021-06-14T14:13:51,100.0,13.9,S
2021-06-14T14:13:44,1000.0,13.9,S
2021-06-14T14:13:41,1000.0,13.85,S
2021-06-14T14:13:33,500.0,13.9,S
2021-06-14T14:13:19,100.0,13.9,S
2021-06-14T14:13:17,500.0,13.9,S
2021-06-14T14:13:15,100.0,13.9,S
2021-06-14T14:13:14,2000.0,13.85,S
2021-06-14T14:13:01,1000.0,13.9,S
2021-06-14T14:12:58,1000.0,13.9,S
2021-06-14T14:12:53,200.0,13.9,S
2021-06-14T14:12:32,600.0,13.9,S
2021-06-14T14:12:32,2800.0,13.9,S
2021-06-14T14:12:32,2600.0,13.9,S
2021-06-14T14:12:28,8400.0,13.9,S
2021-06-14T14:12:25,600.0,13.95,S
2021-06-14T14:12:24,700.0,13.95,S
2021-06-14T14:12:08,10000.0,13.9,S
2021-06-14T14:11:59,5000.0,13.9,S
2021-06-14T14:11:59,600.0,13.95,S
2021-06-14T14:11:54,200.0,13.9,S
2021-06-14T14:11:51,1000.0,13.9,S
2021-06-14T14:11:46,2000.0,13.9,S
2021-06-14T14:11:41,800.0,13.9,S
2021-06-14T14:11:40,3000.0,13.9,S
2021-06-14T14:11:39,900.0,13.95,S
2021-06-14T14:11:36,4000.0,13.9,S
2021-06-14T14:11:29,500.0,13.9,S
2021-06-14T14:11:27,300.0,13.9,S
2021-06-14T14:11:15,5000.0,13.9,S
2021-06-14T14:11:02,100.0,13.9,S
2021-06-14T14:11:00,3100.0,13.9,S
2021-06-14T14:10:49,100.0,13.95,S
2021-06-14T14:10:18,600.0,13.9,S
2021-06-14T14:10:18,100.0,13.9,S
2021-06-14T14:10:18,2200.0,13.9,S
2021-06-14T14:10:18,3500.0,13.95,S
2021-06-14T14:10:18,400.0,13.95,S
2021-06-14T14:10:18,100.0,13.95,S
2021-06-14T14:10:18,1000.0,13.95,S
2021-06-14T14:10:18,5100.0,13.95,S
2021-06-14T14:10:18,9600.0,13.95,S
2021-06-14T14:10:18,2100.0,13.95,S
2021-06-14T14:10:17,5300.0,13.95,S
2021-06-14T14:10:17,1200.0,14.0,B
2021-06-14T14:10:13,300.0,14.0,B
2021-06-14T14:10:08,200.0,13.95,S
2021-06-14T14:10:01,200.0,13.95,S
2021-06-14T14:09:37,100.0,14.0,B
2021-06-14T14:09:05,7000.0,14.0,S
2021-06-14T14:09:03,10800.0,13.95,S
2021-06-14T14:08:58,5000.0,13.95,S
2021-06-14T14:08:56,700.0,14.0,S
2021-06-14T14:08:56,700.0,14.0,S
2021-06-14T14:08:54,1000.0,14.05,S
2021-06-14T14:08:33,100.0,14.05,S
2021-06-14T14:08:23,200.0,14.0,S
2021-06-14T14:08:16,200.0,14.0,S
2021-06-14T14:08:15,900.0,14.0,S
2021-06-14T14:08:14,100.0,14.0,S
2021-06-14T14:07:45,2000.0,14.0,S
2021-06-14T14:07:36,3000.0,14.05,S
2021-06-14T14:07:18,2500.0,14.0,S
2021-06-14T14:07:18,700.0,14.0,S
2021-06-14T14:07:18,10200.0,14.0,S
2021-06-14T14:07:18,1600.0,14.0,S
2021-06-14T14:07:18,1000.0,14.0,S
2021-06-14T14:07:18,2200.0,14.0,S
2021-06-14T14:07:18,1800.0,14.0,S
2021-06-14T14:07:18,500.0,14.0,S
2021-06-14T14:07:18,200.0,14.0,S
2021-06-14T14:07:17,1000.0,14.0,S
2021-06-14T14:07:17,1000.0,14.0,S
2021-06-14T14:07:17,10600.0,14.0,S
2021-06-14T14:07:02,600.0,14.05,S
2021-06-14T14:07:02,5300.0,14.05,S
2021-06-14T14:07:02,300.0,14.05,S
2021-06-14T14:07:02,19800.0,14.05,S
2021-06-14T14:06:52,3000.0,14.05,S
2021-06-14T14:06:52,1000.0,14.05,S
2021-06-14T14:06:51,1300.0,14.05,S
2021-06-14T14:06:50,9700.0,14.05,S
2021-06-14T14:06:46,1000.0,14.05,S
2021-06-14T14:06:45,300.0,14.05,S
2021-06-14T14:06:43,300.0,14.1,B
2021-06-14T14:06:40,3000.0,14.05,S
2021-06-14T14:06:36,9800.0,14.05,S
2021-06-14T14:06:34,800.0,14.05,S
2021-06-14T14:06:28,1500.0,14.05,S
2021-06-14T14:06:04,100.0,14.05,S
2021-06-14T14:05:58,5000.0,14.1,B
2021-06-14T14:05:57,600.0,14.05,S
2021-06-14T14:05:55,2500.0,14.05,S
2021-06-14T14:05:48,15000.0,14.05,S
2021-06-14T14:05:45,500.0,14.05,S
2021-06-14T14:05:42,10000.0,14.05,S
2021-06-14T14:05:28,3000.0,14.05,S
2021-06-14T14:05:04,2000.0,14.05,S
2021-06-14T14:04:11,5000.0,14.05,S
2021-06-14T14:03:49,700.0,14.1,B
2021-06-14T14:03:16,4000.0,14.1,S
2021-06-14T14:03:15,1100.0,14.1,S
2021-06-14T14:03:15,100.0,14.1,S
2021-06-14T14:03:15,100.0,14.1,S
2021-06-14T14:03:14,7300.0,14.1,S
2021-06-14T14:03:06,1000.0,14.1,S
2021-06-14T14:03:05,2000.0,14.1,S
2021-06-14T14:03:00,200.0,14.1,S
2021-06-14T14:03:00,10000.0,14.1,S
2021-06-14T14:02:33,10000.0,14.1,S
2021-06-14T14:02:33,2000.0,14.1,S
2021-06-14T14:02:30,1000.0,14.1,S
2021-06-14T14:02:28,1000.0,14.1,S
2021-06-14T14:02:28,5800.0,14.1,S
2021-06-14T14:02:17,3000.0,14.1,S
2021-06-14T14:02:14,10000.0,14.1,S
2021-06-14T14:02:09,1900.0,14.1,S
2021-06-14T14:02:09,30100.0,14.1,S
2021-06-14T14:02:09,1000.0,14.1,S
2021-06-14T14:02:09,1100.0,14.1,S
2021-06-14T14:02:09,2100.0,14.1,S
2021-06-14T14:02:09,100.0,14.1,S
2021-06-14T14:02:09,300.0,14.1,S
2021-06-14T14:02:09,1000.0,14.1,S
2021-06-14T14:02:09,4400.0,14.1,S
2021-06-14T14:02:09,500.0,14.1,S
2021-06-14T14:02:09,300.0,14.1,S
2021-06-14T14:02:09,300.0,14.1,S
2021-06-14T14:02:09,13600.0,14.1,S
2021-06-14T14:02:09,2300.0,14.1,S
2021-06-14T14:02:09,1000.0,14.1,S
2021-06-14T14:02:08,300.0,14.15,B
2021-06-14T14:02:07,1000.0,14.1,S
2021-06-14T14:02:06,1000.0,14.1,S
2021-06-14T14:02:04,1000.0,14.1,S
2021-06-14T14:02:00,100.0,14.1,S
2021-06-14T14:01:57,600.0,14.1,S
2021-06-14T14:01:56,2000.0,14.15,B
2021-06-14T14:01:49,1000.0,14.1,S
2021-06-14T14:01:46,200.0,14.1,S
2021-06-14T14:01:44,14100.0,14.1,S
2021-06-14T14:01:44,5900.0,14.1,S
2021-06-14T14:01:21,100.0,14.1,S
2021-06-14T14:01:19,2000.0,14.1,S
2021-06-14T14:01:16,1500.0,14.1,S
2021-06-14T14:01:15,12000.0,14.1,S
2021-06-14T14:01:04,2000.0,14.1,S
2021-06-14T14:00:42,200.0,14.1,S
2021-06-14T14:00:38,1000.0,14.1,S
2021-06-14T14:00:36,1200.0,14.1,S
2021-06-14T14:00:36,100.0,14.1,S
2021-06-14T13:59:56,1000.0,14.1,S
2021-06-14T13:59:18,1000.0,14.15,B
2021-06-14T13:58:53,100.0,14.15,B
2021-06-14T13:58:49,100.0,14.15,B
2021-06-14T13:57:23,400.0,14.15,B
2021-06-14T13:57:18,800.0,14.1,S
2021-06-14T13:57:15,4100.0,14.15,B
2021-06-14T13:57:14,100.0,14.1,S
2021-06-14T13:57:00,700.0,14.15,B
2021-06-14T13:57:00,1800.0,14.15,B
2021-06-14T13:57:00,600.0,14.15,B
2021-06-14T13:57:00,1100.0,14.15,B
2021-06-14T13:57:00,3300.0,14.15,B
2021-06-14T13:57:00,400.0,14.15,B
2021-06-14T13:57:00,2100.0,14.15,B
2021-06-14T13:56:46,100.0,14.1,S
2021-06-14T13:56:40,600.0,14.15,B
2021-06-14T13:56:32,200.0,14.15,B
2021-06-14T13:56:14,100.0,14.15,B
2021-06-14T13:56:13,300.0,14.15,B
2021-06-14T13:56:13,1700.0,14.15,B
2021-06-14T13:56:08,200.0,14.1,S
2021-06-14T13:55:58,1300.0,14.15,B
2021-06-14T13:55:58,100.0,14.15,B
2021-06-14T13:55:58,1900.0,14.15,B
2021-06-14T13:55:41,4100.0,14.15,B
2021-06-14T13:55:41,200.0,14.15,B
2021-06-14T13:55:41,14600.0,14.15,B
2021-06-14T13:55:41,12800.0,14.15,B
2021-06-14T13:55:38,200.0,14.15,B
2021-06-14T13:55:33,100.0,14.1,S
2021-06-14T13:55:13,900.0,14.15,B
2021-06-14T13:55:05,300.0,14.1,S
2021-06-14T13:54:47,100.0,14.1,S
2021-06-14T13:54:41,2800.0,14.1,S
2021-06-14T13:54:35,4000.0,14.15,B
2021-06-14T13:54:31,100.0,14.1,S
2021-06-14T13:54:29,2800.0,14.15,B
2021-06-14T13:54:25,100.0,14.15,B
2021-06-14T13:54:19,1000.0,14.1,S
2021-06-14T13:54:09,200.0,14.1,S
2021-06-14T13:54:08,200.0,14.1,S
2021-06-14T13:54:05,500.0,14.15,B
2021-06-14T13:53:57,10000.0,14.1,S
2021-06-14T13:53:52,2000.0,14.1,S
2021-06-14T13:53:22,1000.0,14.1,S
2021-06-14T13:53:14,100.0,14.15,B
2021-06-14T13:53:02,3400.0,14.15,B
2021-06-14T13:52:38,200.0,14.1,S
2021-06-14T13:52:29,1200.0,14.15,B
2021-06-14T13:52:28,1000.0,14.1,S
2021-06-14T13:52:22,1000.0,14.15,B
2021-06-14T13:52:21,200.0,14.15,B
2021-06-14T13:52:05,600.0,14.1,S
2021-06-14T13:52:05,1400.0,14.1,S
2021-06-14T13:52:05,800.0,14.1,S
2021-06-14T13:52:01,900.0,14.15,B
2021-06-14T13:51:54,400.0,14.15,B
2021-06-14T13:51:31,2000.0,14.1,S
2021-06-14T13:51:08,2800.0,14.1,S
2021-06-14T13:51:08,1000.0,14.1,S
2021-06-14T13:51:08,1200.0,14.1,S
2021-06-14T13:50:49,200.0,14.15,B
2021-06-14T13:50:47,100.0,14.1,S
2021-06-14T13:50:47,1100.0,14.1,S
2021-06-14T13:50:44,1000.0,14.1,S
2021-06-14T13:50:34,200.0,14.15,B
2021-06-14T13:50:24,200.0,14.1,S
2021-06-14T13:50:17,3700.0,14.1,S
2021-06-14T13:50:17,1300.0,14.1,S
2021-06-14T13:50:13,2000.0,14.15,B
2021-06-14T13:50:10,200.0,14.15,B
2021-06-14T13:50:04,400.0,14.1,S
2021-06-14T13:49:44,200.0,14.1,S
2021-06-14T13:49:37,1000.0,14.1,S
2021-06-14T13:48:42,100.0,14.1,S
2021-06-14T13:48:37,1000.0,14.15,B
2021-06-14T13:48:31,20000.0,14.15,B
2021-06-14T13:48:29,3000.0,14.15,B
2021-06-14T13:48:29,17200.0,14.1,S
2021-06-14T13:48:29,2800.0,14.1,S
2021-06-14T13:48:18,500.0,14.1,S
2021-06-14T13:48:14,1000.0,14.15,B
2021-06-14T13:47:57,100.0,14.15,B
2021-06-14T13:47:55,700.0,14.15,B
2021-06-14T13:47:45,800.0,14.15,B
2021-06-14T13:47:43,2000.0,14.15,B
2021-06-14T13:47:40,100.0,14.15,B
2021-06-14T13:47:33,300.0,14.1,S
2021-06-14T13:47:27,200.0,14.15,B
2021-06-14T13:47:23,1400.0,14.15,B
2021-06-14T13:47:02,100.0,14.15,B
2021-06-14T13:46:54,2000.0,14.15,B
2021-06-14T13:46:53,200.0,14.15,B
2021-06-14T13:46:46,200.0,14.15,B
2021-06-14T13:46:40,2000.0,14.15,B
2021-06-14T13:46:29,200.0,14.15,B
2021-06-14T13:46:12,5000.0,14.15,B
2021-06-14T13:46:09,900.0,14.15,B
2021-06-14T13:46:01,1000.0,14.1,S
2021-06-14T13:45:44,1000.0,14.15,B
2021-06-14T13:45:35,1400.0,14.15,B
2021-06-14T13:45:30,1000.0,14.15,B
2021-06-14T13:45:30,1600.0,14.1,S
2021-06-14T13:45:19,200.0,14.15,B
2021-06-14T13:45:18,1000.0,14.15,B
2021-06-14T13:45:10,1100.0,14.15,B
2021-06-14T13:44:45,400.0,14.15,B
2021-06-14T13:44:37,100.0,14.15,S
2021-06-14T13:44:34,100.0,14.15,S
2021-06-14T13:44:23,200.0,14.15,S
2021-06-14T13:43:52,5000.0,14.15,S
2021-06-14T13:43:47,3000.0,14.15,S
2021-06-14T13:43:38,1000.0,14.15,S
2021-06-14T13:43:31,1500.0,14.15,S
2021-06-14T13:43:31,2500.0,14.15,S
2021-06-14T13:43:31,9500.0,14.15,S
2021-06-14T13:43:24,100.0,14.15,S
2021-06-14T13:43:23,1200.0,14.15,S
2021-06-14T13:43:22,700.0,14.15,S
2021-06-14T13:43:19,400.0,14.15,S
2021-06-14T13:43:19,800.0,14.15,S
2021-06-14T13:43:19,1000.0,14.15,S
2021-06-14T13:43:19,500.0,14.15,S
2021-06-14T13:43:19,200.0,14.15,S
2021-06-14T13:43:19,7100.0,14.15,S
2021-06-14T13:43:19,200.0,14.15,S
2021-06-14T13:43:11,200.0,14.15,S
2021-06-14T13:43:01,200.0,14.15,S
2021-06-14T13:42:55,200.0,14.15,S
2021-06-14T13:42:43,100.0,14.15,S
2021-06-14T13:42:35,1000.0,14.15,S
2021-06-14T13:42:34,2500.0,14.15,S
2021-06-14T13:42:34,300.0,14.15,S
2021-06-14T13:42:34,100.0,14.15,S
2021-06-14T13:42:30,100.0,14.15,S
2021-06-14T13:42:14,100.0,14.15,S
2021-06-14T13:42:11,500.0,14.15,S
2021-06-14T13:42:11,100.0,14.15,S
2021-06-14T13:42:05,200.0,14.15,S
2021-06-14T13:41:57,500.0,14.15,S
2021-06-14T13:41:53,500.0,14.15,S
2021-06-14T13:41:49,100.0,14.15,S
2021-06-14T13:41:39,100.0,14.15,S
2021-06-14T13:41:39,400.0,14.15,S
2021-06-14T13:41:25,1000.0,14.15,S
2021-06-14T13:41:22,6300.0,14.15,S
2021-06-14T13:41:03,200.0,14.1,S
2021-06-14T13:41:01,1000.0,14.15,B
2021-06-14T13:41:01,800.0,14.15,B
2021-06-14T13:40:59,100.0,14.15,B
2021-06-14T13:40:46,3200.0,14.15,B
2021-06-14T13:40:44,700.0,14.15,B
2021-06-14T13:40:40,1500.0,14.15,B
2021-06-14T13:40:37,1200.0,14.15,B
2021-06-14T13:40:37,1300.0,14.15,B
2021-06-14T13:40:37,1600.0,14.15,B
2021-06-14T13:40:36,1600.0,14.15,B
2021-06-14T13:40:16,200.0,14.15,B
2021-06-14T13:40:16,500.0,14.15,B
2021-06-14T13:40:16,4300.0,14.15,B
2021-06-14T13:40:15,800.0,14.15,B
2021-06-14T13:40:14,500.0,14.1,S
2021-06-14T13:40:07,100.0,14.15,B
2021-06-14T13:40:01,1000.0,14.15,B
2021-06-14T13:39:48,300.0,14.15,B
2021-06-14T13:39:48,3000.0,14.15,B
2021-06-14T13:39:48,1000.0,14.15,B
2021-06-14T13:39:46,4200.0,14.15,B
2021-06-14T13:39:46,800.0,14.15,B
2021-06-14T13:39:46,1500.0,14.15,B
2021-06-14T13:39:46,8600.0,14.15,B
2021-06-14T13:39:46,500.0,14.15,B
2021-06-14T13:39:46,1000.0,14.15,B
2021-06-14T13:39:45,3400.0,14.15,B
2021-06-14T13:39:45,900.0,14.15,B
2021-06-14T13:39:38,700.0,14.15,B
2021-06-14T13:39:17,100.0,14.15,B
2021-06-14T13:39:15,900.0,14.15,B
2021-06-14T13:39:15,1500.0,14.15,B
2021-06-14T13:39:09,500.0,14.1,S
2021-06-14T13:38:59,1000.0,14.15,B
2021-06-14T13:38:49,400.0,14.15,B
2021-06-14T13:38:47,400.0,14.15,B
2021-06-14T13:38:32,100.0,14.15,B
2021-06-14T13:38:18,3200.0,14.15,B
2021-06-14T13:38:18,1800.0,14.15,B
2021-06-14T13:38:12,10000.0,14.15,B
2021-06-14T13:37:59,1000.0,14.15,B
2021-06-14T13:37:44,600.0,14.15,B
2021-06-14T13:37:29,1000.0,14.15,B
2021-06-14T13:37:28,3000.0,14.15,B
2021-06-14T13:37:15,1000.0,14.15,B
2021-06-14T13:37:06,100.0,14.15,S
2021-06-14T13:36:45,10000.0,14.15,S
2021-06-14T13:36:28,7900.0,14.15,S
2021-06-14T13:36:28,1700.0,14.15,S
2021-06-14T13:36:28,100.0,14.15,S
2021-06-14T13:36:28,300.0,14.15,S
2021-06-14T13:36:28,5000.0,14.15,S
2021-06-14T13:36:22,200.0,14.15,S
2021-06-14T13:36:09,1000.0,14.15,S
2021-06-14T13:35:52,1500.0,14.15,S
2021-06-14T13:35:41,500.0,14.15,S
2021-06-14T13:35:41,3100.0,14.15,S
2021-06-14T13:35:37,3000.0,14.15,S
2021-06-14T13:35:33,16500.0,14.15,S
2021-06-14T13:35:33,300.0,14.15,S
2021-06-14T13:35:29,100.0,14.15,S
2021-06-14T13:35:20,100.0,14.15,S
2021-06-14T13:35:18,14500.0,14.15,S
2021-06-14T13:35:18,10700.0,14.15,S
2021-06-14T13:35:12,2000.0,14.15,S
2021-06-14T13:35:08,800.0,14.15,S
2021-06-14T13:35:05,4100.0,14.15,S
2021-06-14T13:34:58,400.0,14.15,S
2021-06-14T13:34:48,100.0,14.15,S
2021-06-14T13:34:48,200.0,14.15,S
2021-06-14T13:34:43,500.0,14.15,S
2021-06-14T13:34:34,1000.0,14.15,S
2021-06-14T13:34:27,6000.0,14.15,S
2021-06-14T13:34:20,2000.0,14.15,S
2021-06-14T13:34:17,500.0,14.15,S
2021-06-14T13:34:15,1000.0,14.15,S
2021-06-14T13:34:09,4000.0,14.15,S
2021-06-14T13:34:07,600.0,14.15,S
2021-06-14T13:34:06,100.0,14.15,S
2021-06-14T13:33:55,4800.0,14.15,S
2021-06-14T13:33:55,300.0,14.15,S
2021-06-14T13:33:55,24900.0,14.15,S
2021-06-14T13:33:43,500.0,14.15,S
2021-06-14T13:33:41,700.0,14.15,S
2021-06-14T13:33:39,500.0,14.15,S
2021-06-14T13:33:34,1000.0,14.15,S
2021-06-14T13:33:27,200.0,14.15,S
2021-06-14T13:33:17,300.0,14.15,S
2021-06-14T13:33:15,300.0,14.15,S
2021-06-14T13:33:11,1000.0,14.15,B
2021-06-14T13:32:49,200.0,14.15,B
2021-06-14T13:32:47,100.0,14.15,B
2021-06-14T13:32:40,400.0,14.15,B
2021-06-14T13:32:39,100.0,14.15,B
2021-06-14T13:32:36,700.0,14.15,B
2021-06-14T13:32:36,1000.0,14.15,B
2021-06-14T13:32:36,1100.0,14.15,B
2021-06-14T13:32:36,100.0,14.15,B
2021-06-14T13:32:35,1800.0,14.15,B
2021-06-14T13:32:34,300.0,14.15,B
2021-06-14T13:32:32,7800.0,14.15,B
2021-06-14T13:32:32,1200.0,14.15,B
2021-06-14T13:32:32,100.0,14.15,B
2021-06-14T13:32:32,500.0,14.15,B
2021-06-14T13:32:32,2100.0,14.15,B
2021-06-14T13:32:32,1600.0,14.15,B
2021-06-14T13:32:32,9900.0,14.15,B
2021-06-14T13:32:32,1000.0,14.15,B
2021-06-14T13:32:32,1100.0,14.15,B
2021-06-14T13:32:32,4700.0,14.15,B
2021-06-14T13:32:22,1300.0,14.15,B
2021-06-14T13:32:22,5200.0,14.15,B
2021-06-14T13:32:22,1000.0,14.15,B
2021-06-14T13:32:22,1200.0,14.15,B
2021-06-14T13:32:22,1000.0,14.15,B
2021-06-14T13:32:21,300.0,14.15,B
2021-06-14T13:32:21,1000.0,14.1,S
2021-06-14T13:32:19,600.0,14.1,S
2021-06-14T13:32:19,1700.0,14.1,S
2021-06-14T13:32:02,1000.0,14.15,B
2021-06-14T13:32:02,9000.0,14.15,B
2021-06-14T13:31:57,2000.0,14.15,B
2021-06-14T13:31:56,100.0,14.15,B
2021-06-14T13:31:43,10000.0,14.15,B
2021-06-14T13:31:43,1000.0,14.15,B
2021-06-14T13:31:33,100.0,14.15,B
2021-06-14T13:31:26,300.0,14.15,B
2021-06-14T13:31:23,21000.0,14.15,B
2021-06-14T13:31:21,2000.0,14.15,B
2021-06-14T13:31:18,3000.0,14.15,B
2021-06-14T13:31:05,1500.0,14.15,B
2021-06-14T13:31:04,1000.0,14.15,B
2021-06-14T13:30:51,3000.0,14.15,B
2021-06-14T13:30:48,6500.0,14.15,B
2021-06-14T13:30:43,100.0,14.15,B
2021-06-14T13:30:34,1000.0,14.15,B
2021-06-14T13:30:32,3000.0,14.15,B
2021-06-14T13:30:29,1000.0,14.15,B
2021-06-14T13:30:21,1000.0,14.15,B
2021-06-14T13:30:17,2200.0,14.15,B
2021-06-14T13:30:16,800.0,14.15,B
2021-06-14T13:30:11,100.0,14.15,B
2021-06-14T13:30:04,100.0,14.15,B
2021-06-14T13:30:01,500.0,14.1,S
2021-06-14T13:30:00,5000.0,14.15,B
2021-06-14T13:29:55,2000.0,14.15,B
2021-06-14T13:29:53,200.0,14.15,B
2021-06-14T13:29:44,100.0,14.15,B
2021-06-14T13:29:44,4000.0,14.15,B
2021-06-14T13:29:44,95900.0,14.15,B
2021-06-14T13:29:39,1000.0,14.15,B
2021-06-14T13:29:39,20000.0,14.15,B
2021-06-14T13:29:36,100.0,14.15,B
2021-06-14T13:29:30,100.0,14.15,B
2021-06-14T13:29:27,100.0,14.15,B
2021-06-14T13:29:19,400.0,14.15,B
2021-06-14T13:29:02,500.0,14.15,B
2021-06-14T13:28:53,1000.0,14.15,B
2021-06-14T13:28:51,100.0,14.15,B
2021-06-14T13:28:45,2500.0,14.15,B
2021-06-14T13:28:40,300.0,14.15,B
2021-06-14T13:28:28,4600.0,14.15,B
2021-06-14T13:28:16,700.0,14.15,B
2021-06-14T13:28:10,10000.0,14.15,B
2021-06-14T13:28:09,1000.0,14.15,B
2021-06-14T13:28:09,4000.0,14.15,B
2021-06-14T13:28:03,1400.0,14.15,B
2021-06-14T13:27:44,2400.0,14.15,B
2021-06-14T13:27:40,600.0,14.15,B
2021-06-14T13:27:08,300.0,14.15,B
2021-06-14T13:27:07,300.0,14.15,B
2021-06-14T13:27:06,700.0,14.1,B
2021-06-14T13:26:55,6000.0,14.15,B
2021-06-14T13:26:43,500.0,14.15,B
2021-06-14T13:26:27,14700.0,14.15,B
2021-06-14T13:26:25,200.0,14.1,B
2021-06-14T13:26:22,500.0,14.15,B
2021-06-14T13:26:19,2000.0,14.1,B
2021-06-14T13:26:16,5000.0,14.15,B
2021-06-14T13:25:44,300.0,14.1,B
2021-06-14T13:25:35,300.0,14.1,B
2021-06-14T13:25:27,100.0,14.15,B
2021-06-14T13:25:24,2000.0,14.15,B
2021-06-14T13:25:22,1900.0,14.15,B
2021-06-14T13:25:22,100.0,14.15,B
2021-06-14T13:25:22,2100.0,14.15,B
2021-06-14T13:25:22,30000.0,14.15,B
2021-06-14T13:25:22,8300.0,14.15,B
2021-06-14T13:25:22,900.0,14.15,B
2021-06-14T13:25:22,1900.0,14.15,B
2021-06-14T13:25:22,7700.0,14.15,B
2021-06-14T13:25:22,8200.0,14.15,B
2021-06-14T13:25:22,2800.0,14.15,B
2021-06-14T13:25:21,6800.0,14.15,B
2021-06-14T13:25:21,1100.0,14.15,B
2021-06-14T13:25:21,500.0,14.15,B
2021-06-14T13:25:21,2100.0,14.15,B
2021-06-14T13:25:21,2000.0,14.15,B
2021-06-14T13:25:21,1500.0,14.15,B
2021-06-14T13:25:21,500.0,14.15,B
2021-06-14T13:25:21,5700.0,14.15,B
2021-06-14T13:25:21,300.0,14.15,B
2021-06-14T13:25:21,700.0,14.15,B
2021-06-14T13:25:21,10200.0,14.15,B
2021-06-14T13:25:19,200.0,14.15,B
2021-06-14T13:25:19,400.0,14.15,B
2021-06-14T13:25:19,1400.0,14.15,B
2021-06-14T13:25:19,2100.0,14.15,B
2021-06-14T13:25:19,3100.0,14.15,B
2021-06-14T13:25:19,15500.0,14.15,B
2021-06-14T13:25:19,2000.0,14.15,B
2021-06-14T13:25:19,5800.0,14.15,B
2021-06-14T13:25:19,700.0,14.15,B
2021-06-14T13:25:19,1400.0,14.15,B
2021-06-14T13:25:19,6300.0,14.15,B
2021-06-14T13:25:19,600.0,14.15,B
2021-06-14T13:25:19,100.0,14.15,B
2021-06-14T13:25:19,6100.0,14.15,B
2021-06-14T13:25:19,3900.0,14.15,B
2021-06-14T13:25:19,5400.0,14.15,B
2021-06-14T13:25:19,600.0,14.15,B
2021-06-14T13:25:19,1000.0,14.15,B
2021-06-14T13:25:19,5100.0,14.15,B
2021-06-14T13:25:19,7000.0,14.15,B
2021-06-14T13:25:19,1100.0,14.15,B
2021-06-14T13:25:19,1000.0,14.15,B
2021-06-14T13:25:19,2500.0,14.15,B
2021-06-14T13:25:19,300.0,14.15,B
2021-06-14T13:25:19,1000.0,14.15,B
2021-06-14T13:25:19,5800.0,14.15,B
2021-06-14T13:25:19,700.0,14.15,B
2021-06-14T13:25:19,10800.0,14.15,B
2021-06-14T13:25:19,1200.0,14.15,B
2021-06-14T13:25:19,200.0,14.15,B
2021-06-14T13:25:19,1800.0,14.15,B
2021-06-14T13:25:19,800.0,14.15,B
2021-06-14T13:25:19,500.0,14.15,B
2021-06-14T13:25:19,300.0,14.15,B
2021-06-14T13:25:19,200.0,14.15,B
2021-06-14T13:25:19,500.0,14.15,B
2021-06-14T13:25:19,100.0,14.15,B
2021-06-14T13:25:19,8700.0,14.15,B
2021-06-14T13:25:19,6500.0,14.15,B
2021-06-14T13:25:19,3700.0,14.15,B
2021-06-14T13:25:19,2200.0,14.15,B
2021-06-14T13:25:19,2300.0,14.15,B
2021-06-14T13:25:18,200.0,14.15,B
2021-06-14T13:25:18,1700.0,14.15,B
2021-06-14T13:25:18,3000.0,14.15,B
2021-06-14T13:25:18,3400.0,14.15,B
2021-06-14T13:25:18,800.0,14.15,B
2021-06-14T13:25:18,100.0,14.15,B
2021-06-14T13:25:18,2900.0,14.15,B
2021-06-14T13:25:18,1000.0,14.15,B
2021-06-14T13:25:18,3700.0,14.15,B
2021-06-14T13:25:18,21100.0,14.15,B
2021-06-14T13:25:18,2300.0,14.15,B
2021-06-14T13:25:18,2000.0,14.15,B
2021-06-14T13:25:18,1100.0,14.15,B
2021-06-14T13:25:18,4200.0,14.15,B
2021-06-14T13:25:18,1000.0,14.15,B
2021-06-14T13:25:18,6300.0,14.15,B
2021-06-14T13:25:18,10100.0,14.15,B
2021-06-14T13:25:18,13100.0,14.15,B
2021-06-14T13:25:18,2000.0,14.15,B
2021-06-14T13:25:18,400.0,14.15,B
2021-06-14T13:25:18,4100.0,14.15,B
2021-06-14T13:25:18,4300.0,14.15,B
2021-06-14T13:25:18,1700.0,14.15,B
2021-06-14T13:25:18,700.0,14.15,B
2021-06-14T13:25:17,3100.0,14.15,B
2021-06-14T13:25:17,2000.0,14.15,B
2021-06-14T13:25:17,800.0,14.15,B
2021-06-14T13:25:17,22100.0,14.15,B
2021-06-14T13:25:17,14600.0,14.1,B
2021-06-14T13:25:09,1000.0,14.1,B
2021-06-14T13:25:08,100.0,14.1,B
2021-06-14T13:25:01,1000.0,14.1,B
2021-06-14T13:24:54,4000.0,14.1,B
2021-06-14T13:24:51,1100.0,14.1,B
2021-06-14T13:24:51,22000.0,14.1,B
2021-06-14T13:24:51,1000.0,14.1,B
2021-06-14T13:24:50,900.0,14.1,B
2021-06-14T13:24:40,5000.0,14.1,B
2021-06-14T13:24:40,100.0,14.1,B
2021-06-14T13:24:40,4900.0,14.1,B
2021-06-14T13:24:40,1700.0,14.1,B
2021-06-14T13:24:40,2700.0,14.1,B
2021-06-14T13:24:40,1600.0,14.1,B
2021-06-14T13:24:29,3400.0,14.1,B
2021-06-14T13:24:29,1100.0,14.1,B
2021-06-14T13:24:29,100.0,14.1,B
2021-06-14T13:24:29,400.0,14.1,B
2021-06-14T13:24:29,300.0,14.1,B
2021-06-14T13:24:29,4400.0,14.1,B
2021-06-14T13:24:29,300.0,14.1,B
2021-06-14T13:24:28,200.0,14.1,B
2021-06-14T13:24:25,500.0,14.1,B
2021-06-14T13:24:18,100.0,14.1,B
2021-06-14T13:24:05,1000.0,14.1,B
2021-06-14T13:24:03,2000.0,14.05,S
2021-06-14T13:24:00,100.0,14.1,B
2021-06-14T13:23:58,100.0,14.1,B
2021-06-14T13:23:56,100.0,14.05,S
2021-06-14T13:23:55,100.0,14.1,B
2021-06-14T13:23:41,1000.0,14.1,B
2021-06-14T13:23:37,400.0,14.1,B
2021-06-14T13:23:37,500.0,14.1,B
2021-06-14T13:23:37,700.0,14.1,B
2021-06-14T13:23:37,1400.0,14.1,B
2021-06-14T13:23:35,11100.0,14.05,S
2021-06-14T13:23:32,400.0,14.1,B
2021-06-14T13:23:32,600.0,14.1,B
2021-06-14T13:23:13,300.0,14.1,B
2021-06-14T13:22:54,1000.0,14.05,S
2021-06-14T13:22:29,200.0,14.1,B
2021-06-14T13:22:18,300.0,14.1,B
2021-06-14T13:22:14,800.0,14.1,B
2021-06-14T13:22:14,200.0,14.1,B
2021-06-14T13:22:13,1000.0,14.1,B
2021-06-14T13:22:09,300.0,14.05,S
2021-06-14T13:22:09,6000.0,14.05,S
2021-06-14T13:22:09,12000.0,14.05,S
2021-06-14T13:22:08,700.0,14.05,S
2021-06-14T13:22:08,1000.0,14.05,S
2021-06-14T13:22:06,8000.0,14.1,B
2021-06-14T13:21:49,200.0,14.05,S
2021-06-14T13:21:39,200.0,14.1,B
2021-06-14T13:21:37,1000.0,14.05,S
2021-06-14T13:21:36,100.0,14.1,B
2021-06-14T13:21:06,1200.0,14.1,B
2021-06-14T13:21:06,1800.0,14.1,B
2021-06-14T13:20:49,2000.0,14.1,B
2021-06-14T13:20:40,200.0,14.05,S
2021-06-14T13:20:35,10000.0,14.1,B
2021-06-14T13:20:27,500.0,14.05,S
2021-06-14T13:20:26,5000.0,14.05,S
2021-06-14T13:20:11,100.0,14.05,S
2021-06-14T13:20:09,200.0,14.05,S
2021-06-14T13:20:05,1200.0,14.05,S
2021-06-14T13:19:39,3700.0,14.1,B
2021-06-14T13:19:39,3600.0,14.1,B
2021-06-14T13:19:39,100.0,14.1,B
2021-06-14T13:19:39,9600.0,14.1,B
2021-06-14T13:19:26,100.0,14.1,B
2021-06-14T13:19:26,900.0,14.1,B
2021-06-14T13:19:20,100.0,14.1,B
2021-06-14T13:19:20,9900.0,14.05,S
2021-06-14T13:19:17,200.0,14.05,S
2021-06-14T13:19:15,500.0,14.05,S
2021-06-14T13:19:06,400.0,14.05,S
2021-06-14T13:19:03,4000.0,14.05,S
2021-06-14T13:18:55,1000.0,14.1,B
2021-06-14T13:18:48,1000.0,14.0,S
2021-06-14T13:18:40,2000.0,14.1,B
2021-06-14T13:18:38,5200.0,14.1,B
2021-06-14T13:18:38,5000.0,14.1,B
2021-06-14T13:18:38,1800.0,14.1,B
2021-06-14T13:18:38,2100.0,14.1,B
2021-06-14T13:18:38,600.0,14.1,B
2021-06-14T13:18:37,1400.0,14.1,B
2021-06-14T13:18:37,2400.0,14.1,B
2021-06-14T13:18:02,1000.0,14.1,B
2021-06-14T13:17:50,3700.0,14.1,B
2021-06-14T13:17:48,2000.0,14.05,S
2021-06-14T13:17:47,2600.0,14.05,S
2021-06-14T13:17:40,2800.0,14.1,B
2021-06-14T13:17:35,3500.0,14.05,S
2021-06-14T13:17:25,12000.0,14.05,S
2021-06-14T13:17:19,2000.0,14.05,S
2021-06-14T13:17:13,200.0,14.05,S
2021-06-14T13:17:12,500.0,14.05,S
2021-06-14T13:17:06,2000.0,14.05,S
2021-06-14T13:16:53,300.0,14.05,S
2021-06-14T13:16:39,500.0,14.0,S
2021-06-14T13:16:32,100.0,14.0,S
2021-06-14T13:16:32,1000.0,14.0,S
2021-06-14T13:16:32,1000.0,14.0,S
2021-06-14T13:16:32,1700.0,14.0,S
2021-06-14T13:16:32,2600.0,14.0,S
2021-06-14T13:16:32,1200.0,14.0,S
2021-06-14T13:16:32,3600.0,14.0,S
2021-06-14T13:16:32,2100.0,14.0,S
2021-06-14T13:16:32,300.0,14.0,S
2021-06-14T13:16:31,900.0,14.0,S
2021-06-14T13:16:31,5000.0,14.05,S
2021-06-14T13:16:30,2000.0,14.1,B
2021-06-14T13:16:17,5000.0,14.1,B
2021-06-14T13:16:17,1900.0,14.1,B
2021-06-14T13:16:17,1100.0,14.1,B
2021-06-14T13:16:16,2500.0,14.1,B
2021-06-14T13:16:07,10000.0,14.05,S
2021-06-14T13:16:06,2000.0,14.05,S
2021-06-14T13:15:37,1000.0,14.1,B
2021-06-14T13:15:37,1000.0,14.05,B
2021-06-14T13:15:37,8000.0,14.05,B
2021-06-14T13:15:31,100.0,14.05,B
2021-06-14T13:15:16,200.0,14.05,B
2021-06-14T13:15:12,200.0,14.05,B
2021-06-14T13:15:06,100.0,14.05,B
2021-06-14T13:14:56,1400.0,14.05,B
2021-06-14T13:14:38,700.0,14.05,B
2021-06-14T13:14:17,2000.0,14.05,B
2021-06-14T13:14:12,500.0,14.05,B
2021-06-14T13:14:10,2800.0,14.05,B
2021-06-14T13:14:01,3000.0,14.05,B
2021-06-14T13:13:33,7800.0,14.05,B
2021-06-14T13:13:33,100.0,14.05,B
2021-06-14T13:13:33,3100.0,14.05,B
2021-06-14T13:13:31,500.0,14.0,S
2021-06-14T13:13:05,1000.0,14.0,B
2021-06-14T13:12:59,1300.0,14.0,B
2021-06-14T13:12:45,500.0,14.0,B
2021-06-14T13:11:55,6000.0,14.0,B
2021-06-14T13:11:26,700.0,14.0,B
2021-06-14T13:11:24,300.0,14.0,B
2021-06-14T13:10:56,1000.0,14.05,B
2021-06-14T13:10:56,3000.0,14.05,B
2021-06-14T13:10:56,200.0,14.0,B
2021-06-14T13:10:55,21600.0,14.0,B
2021-06-14T13:10:55,100.0,14.0,B
2021-06-14T13:10:55,5100.0,14.0,B
2021-06-14T13:10:55,6000.0,14.0,B
2021-06-14T13:10:55,700.0,14.0,B
2021-06-14T13:10:55,4200.0,14.0,B
2021-06-14T13:10:55,1200.0,14.0,B
2021-06-14T13:10:55,24900.0,14.0,B
2021-06-14T13:10:35,3000.0,14.0,B
2021-06-14T13:10:15,1000.0,14.0,B
2021-06-14T13:10:07,500.0,14.0,B
2021-06-14T13:09:38,100.0,14.0,B
2021-06-14T13:09:27,1300.0,14.0,B
2021-06-14T13:09:15,5000.0,14.0,B
2021-06-14T13:09:13,1000.0,13.95,S
2021-06-14T13:08:56,400.0,14.0,B
2021-06-14T13:08:54,100.0,14.0,B
2021-06-14T13:08:11,100.0,14.0,B
2021-06-14T13:08:09,200.0,14.0,B
2021-06-14T13:07:47,2000.0,14.0,S
2021-06-14T13:07:41,1400.0,14.0,S
2021-06-14T13:07:41,1700.0,14.0,S
2021-06-14T13:07:41,100.0,14.0,S
2021-06-14T13:07:31,1000.0,14.0,S
2021-06-14T13:07:28,200.0,14.0,S
2021-06-14T13:07:05,300.0,13.95,S
2021-06-14T13:06:52,500.0,14.0,S
2021-06-14T13:06:52,100.0,14.0,S
2021-06-14T13:06:42,6100.0,14.0,S
2021-06-14T13:06:42,3900.0,14.0,S
2021-06-14T13:06:40,300.0,14.0,S
2021-06-14T13:06:35,2000.0,14.0,S
2021-06-14T13:06:24,200.0,14.0,S
2021-06-14T13:06:04,100.0,14.0,S
2021-06-14T13:06:04,13500.0,14.0,S
2021-06-14T13:05:52,4800.0,14.0,S
2021-06-14T13:05:29,9700.0,14.0,B
2021-06-14T13:05:23,100.0,14.0,B
2021-06-14T13:05:09,500.0,14.0,B
2021-06-14T13:05:01,200.0,14.0,B
2021-06-14T13:04:59,2000.0,14.0,B
2021-06-14T13:04:59,5000.0,14.0,B
2021-06-14T13:04:53,400.0,14.0,S
2021-06-14T13:04:45,300.0,14.0,S
2021-06-14T13:04:35,1000.0,14.0,S
2021-06-14T13:04:16,3600.0,14.05,B
2021-06-14T13:04:16,200.0,14.05,B
2021-06-14T13:04:16,1300.0,14.05,B
2021-06-14T13:04:16,14900.0,14.05,B
2021-06-14T13:04:07,4900.0,14.0,S
2021-06-14T13:04:01,100.0,14.0,S
2021-06-14T13:04:00,100.0,14.0,S
2021-06-14T13:03:59,9800.0,14.0,S
2021-06-14T13:03:59,5000.0,14.0,S
2021-06-14T13:03:39,100.0,14.0,S
2021-06-14T13:03:29,1000.0,14.0,S
2021-06-14T13:03:16,200.0,14.0,S
2021-06-14T13:03:15,1300.0,14.0,S
2021-06-14T13:03:04,8900.0,14.0,B
2021-06-14T13:03:04,200.0,14.0,B
2021-06-14T13:03:04,10900.0,14.0,B
2021-06-14T13:02:49,2700.0,14.0,B
2021-06-14T13:02:48,3500.0,14.05,B
2021-06-14T13:02:48,1500.0,14.05,B
2021-06-14T13:02:08,3300.0,14.0,B
2021-06-14T13:02:08,300.0,14.0,B
2021-06-14T13:02:08,1000.0,14.0,B
2021-06-14T13:02:06,5400.0,14.0,B
2021-06-14T13:02:02,500.0,14.05,B
2021-06-14T13:01:57,100.0,14.0,B
2021-06-14T13:01:56,2000.0,14.0,B
2021-06-14T13:01:52,1000.0,14.0,B
2021-06-14T13:01:51,4000.0,14.0,B
2021-06-14T13:01:46,300.0,14.0,B
2021-06-14T13:01:41,500.0,14.0,B
2021-06-14T13:01:36,200.0,14.0,B
2021-06-14T13:01:34,200.0,14.0,B
2021-06-14T13:01:33,100.0,14.0,B
2021-06-14T13:01:31,400.0,14.0,B
2021-06-14T13:01:29,100.0,14.0,B
2021-06-14T13:01:28,2000.0,14.0,B
2021-06-14T13:01:26,100.0,14.0,B
2021-06-14T13:01:24,200.0,14.0,B
2021-06-14T13:01:24,500.0,14.0,B
2021-06-14T13:01:22,200.0,14.0,B
2021-06-14T13:01:22,100.0,14.0,B
2021-06-14T13:01:20,100.0,14.0,B
2021-06-14T13:01:14,100.0,14.0,B
2021-06-14T13:00:57,1000.0,14.0,B
2021-06-14T13:00:43,1300.0,14.05,B
2021-06-14T13:00:43,7100.0,14.05,B
2021-06-14T13:00:43,1100.0,14.0,B
2021-06-14T13:00:43,1900.0,14.0,B
2021-06-14T13:00:43,2000.0,14.0,B
2021-06-14T13:00:43,300.0,14.0,B
2021-06-14T13:00:43,1000.0,14.0,B
2021-06-14T13:00:43,600.0,14.0,B
2021-06-14T13:00:43,800.0,14.0,B
2021-06-14T13:00:43,3900.0,14.0,B
2021-06-14T13:00:40,3000.0,13.95,S
2021-06-14T13:00:38,400.0,14.0,B
2021-06-14T13:00:38,100.0,13.95,S
2021-06-14T13:00:38,2900.0,13.95,S
2021-06-14T13:00:38,400.0,14.0,B
2021-06-14T13:00:38,6900.0,14.0,B
2021-06-14T13:00:38,400.0,14.0,B
2021-06-14T13:00:38,1500.0,14.0,B
2021-06-14T13:00:38,5800.0,14.0,B
2021-06-14T13:00:37,100.0,13.95,S
2021-06-14T13:00:37,2000.0,14.0,B
2021-06-14T13:00:37,100.0,14.0,B
2021-06-14T13:00:37,1700.0,14.0,B
2021-06-14T13:00:34,100.0,14.0,B
2021-06-14T13:00:34,6000.0,14.0,B
2021-06-14T13:00:34,1500.0,14.0,B
2021-06-14T13:00:34,4600.0,14.0,B
2021-06-14T13:00:32,200.0,14.0,B
2021-06-14T13:00:30,15000.0,14.0,B
2021-06-14T13:00:29,400.0,13.95,S
2021-06-14T13:00:27,3600.0,14.0,B
2021-06-14T13:00:27,900.0,14.0,B
2021-06-14T13:00:27,500.0,13.95,S
2021-06-14T13:00:25,10000.0,14.0,B
2021-06-14T13:00:25,500.0,14.0,B
2021-06-14T13:00:25,600.0,14.0,B
2021-06-14T13:00:25,200.0,14.0,B
2021-06-14T13:00:25,1200.0,14.0,B
2021-06-14T13:00:25,100.0,14.0,B
2021-06-14T13:00:24,500.0,14.0,B
2021-06-14T13:00:23,100.0,13.95,S
2021-06-14T13:00:23,100.0,14.0,B
2021-06-14T13:00:23,1000.0,13.95,S
2021-06-14T13:00:23,100.0,14.0,B
2021-06-14T13:00:23,400.0,14.0,B
2021-06-14T13:00:23,800.0,14.0,B
2021-06-14T13:00:23,200.0,14.0,B
2021-06-14T13:00:23,1000.0,14.0,B
2021-06-14T13:00:23,100.0,13.95,S
2021-06-14T11:30:12,200.0,14.0,B
2021-06-14T11:30:12,3800.0,14.0,B
2021-06-14T11:30:12,200.0,14.0,B
2021-06-14T11:30:12,4000.0,14.0,B
2021-06-14T11:30:04,2000.0,13.95,S
2021-06-14T11:29:55,200.0,13.95,S
2021-06-14T11:29:44,800.0,14.0,B
2021-06-14T11:29:44,200.0,14.0,B
2021-06-14T11:29:32,500.0,14.0,B
2021-06-14T11:29:30,100.0,13.95,S
2021-06-14T11:29:09,300.0,14.0,B
2021-06-14T11:29:07,500.0,14.0,B
2021-06-14T11:29:02,100.0,14.0,B
2021-06-14T11:28:45,100.0,14.0,B
2021-06-14T11:28:38,100.0,14.0,B
2021-06-14T11:28:27,2500.0,14.0,B
2021-06-14T11:28:21,2000.0,14.0,B
2021-06-14T11:28:13,2000.0,14.0,B
2021-06-14T11:28:08,3000.0,14.0,B
2021-06-14T11:28:02,300.0,14.0,B
2021-06-14T11:27:57,5000.0,14.0,B
2021-06-14T11:27:54,300.0,14.0,B
2021-06-14T11:27:54,200.0,14.0,B
2021-06-14T11:27:48,500.0,14.0,B
2021-06-14T11:27:44,100.0,14.0,B
2021-06-14T11:27:40,5000.0,14.0,B
2021-06-14T11:27:40,300.0,14.0,B
2021-06-14T11:27:33,3000.0,14.0,B
2021-06-14T11:27:33,3000.0,14.0,B
2021-06-14T11:27:32,1200.0,14.0,B
2021-06-14T11:27:23,2400.0,14.0,B
2021-06-14T11:27:23,300.0,14.0,B
2021-06-14T11:27:19,1000.0,14.0,B
2021-06-14T11:27:15,100.0,14.0,B
2021-06-14T11:27:15,200.0,14.0,B
2021-06-14T11:27:15,300.0,14.0,B
2021-06-14T11:27:05,200.0,14.0,B
2021-06-14T11:26:54,500.0,14.0,B
2021-06-14T11:26:52,2000.0,14.05,B
2021-06-14T11:26:50,500.0,14.0,B
2021-06-14T11:26:48,700.0,14.0,B
2021-06-14T11:26:48,2000.0,14.0,B
2021-06-14T11:26:48,500.0,14.0,B
2021-06-14T11:26:47,300.0,14.05,B
2021-06-14T11:26:44,5000.0,14.0,B
2021-06-14T11:26:42,1000.0,14.0,B
2021-06-14T11:26:37,3000.0,14.0,B
2021-06-14T11:26:37,1000.0,14.0,B
2021-06-14T11:26:36,5000.0,14.05,B
2021-06-14T11:26:34,200.0,14.0,B
2021-06-14T11:26:28,100.0,14.0,B
2021-06-14T11:26:21,3300.0,14.1,B
2021-06-14T11:26:21,6700.0,14.1,B
2021-06-14T11:26:20,3500.0,14.0,S
2021-06-14T11:26:14,800.0,14.0,S
2021-06-14T11:26:14,1200.0,14.0,S
2021-06-14T11:26:08,2000.0,14.0,S
2021-06-14T11:26:05,100.0,14.0,S
2021-06-14T11:25:53,200.0,14.0,S
2021-06-14T11:25:53,100.0,14.0,S
2021-06-14T11:25:45,300.0,14.0,B
2021-06-14T11:25:44,100.0,14.0,B
2021-06-14T11:25:41,2400.0,14.05,B
2021-06-14T11:25:41,1200.0,14.05,B
2021-06-14T11:25:40,6400.0,14.05,B
2021-06-14T11:25:40,4100.0,14.0,B
2021-06-14T11:25:39,500.0,14.0,B
2021-06-14T11:25:39,400.0,14.0,B
2021-06-14T11:25:37,5000.0,14.0,B
2021-06-14T11:25:37,1000.0,14.0,B
2021-06-14T11:25:33,100.0,14.0,B
2021-06-14T11:25:26,700.0,14.0,B
2021-06-14T11:25:26,200.0,14.0,B
2021-06-14T11:25:25,100.0,14.0,B
2021-06-14T11:25:12,1000.0,14.0,B
2021-06-14T11:25:11,20000.0,13.9,S
2021-06-14T11:25:03,1800.0,14.0,B
2021-06-14T11:25:03,2000.0,14.0,B
2021-06-14T11:25:02,16400.0,14.0,B
2021-06-14T11:25:02,700.0,14.0,B
2021-06-14T11:25:02,3800.0,14.0,B
2021-06-14T11:25:02,5000.0,14.0,B
2021-06-14T11:25:02,200.0,14.0,B
2021-06-14T11:25:02,3000.0,14.0,B
2021-06-14T11:25:02,3200.0,14.0,B
2021-06-14T11:25:02,11000.0,14.0,B
2021-06-14T11:25:02,100.0,14.0,B
2021-06-14T11:25:02,12000.0,14.0,B
2021-06-14T11:25:01,1000.0,14.0,B
2021-06-14T11:25:01,2900.0,14.0,B
2021-06-14T11:25:01,1200.0,14.0,B
2021-06-14T11:25:01,100.0,14.0,B
2021-06-14T11:25:01,5900.0,14.0,B
2021-06-14T11:25:01,500.0,14.0,B
2021-06-14T11:25:01,100.0,14.0,B
2021-06-14T11:25:01,15700.0,14.0,B
2021-06-14T11:25:01,2200.0,14.0,B
2021-06-14T11:25:01,100.0,14.0,B
2021-06-14T11:25:01,100.0,14.0,B
2021-06-14T11:25:01,700.0,14.0,B
2021-06-14T11:25:01,200.0,14.0,B
2021-06-14T11:25:01,1000.0,14.0,B
2021-06-14T11:25:01,5100.0,14.0,B
2021-06-14T11:25:01,13900.0,14.0,B
2021-06-14T11:25:01,2000.0,14.0,B
2021-06-14T11:25:01,11800.0,14.0,B
2021-06-14T11:25:01,1000.0,14.0,B
2021-06-14T11:25:01,2800.0,14.0,B
2021-06-14T11:25:01,500.0,14.0,B
2021-06-14T11:25:01,3400.0,14.0,B
2021-06-14T11:25:01,8600.0,14.0,B
2021-06-14T11:25:00,100.0,13.9,S
2021-06-14T11:24:59,2000.0,14.0,B
2021-06-14T11:24:56,100.0,14.0,B
2021-06-14T11:24:47,200.0,14.0,B
2021-06-14T11:24:40,6500.0,14.0,B
2021-06-14T11:24:40,1700.0,14.0,B
2021-06-14T11:24:40,100.0,13.95,B
2021-06-14T11:24:39,1700.0,13.95,B
2021-06-14T11:24:39,6300.0,13.8,S
2021-06-14T11:24:39,11900.0,13.8,S
2021-06-14T11:24:39,20000.0,13.8,S
2021-06-14T11:24:39,12400.0,13.8,S
2021-06-14T11:24:39,6500.0,13.85,S
2021-06-14T11:24:39,1100.0,13.85,S
2021-06-14T11:24:39,41800.0,13.85,S
2021-06-14T11:24:38,100.0,13.9,B
2021-06-14T11:24:38,300.0,13.95,B
2021-06-14T11:24:38,1700.0,13.95,B
2021-06-14T11:24:38,5000.0,13.95,B
2021-06-14T11:24:38,3000.0,13.95,B
2021-06-14T11:24:31,800.0,13.9,B
2021-06-14T11:24:29,600.0,13.85,S
2021-06-14T11:24:24,500.0,13.9,B
2021-06-14T11:24:22,300.0,13.9,B
2021-06-14T11:24:20,100.0,13.9,B
2021-06-14T11:24:17,100.0,13.9,B
2021-06-14T11:24:16,1000.0,13.9,B
2021-06-14T11:24:15,2800.0,13.9,B
2021-06-14T11:24:15,100.0,13.9,B
2021-06-14T11:24:13,1000.0,13.9,B
2021-06-14T11:24:09,2000.0,13.9,B
2021-06-14T11:24:09,100.0,13.9,B
2021-06-14T11:24:06,500.0,13.9,B
2021-06-14T11:23:56,500.0,13.9,B
2021-06-14T11:23:54,14000.0,13.9,B
2021-06-14T11:23:54,2000.0,13.9,B
2021-06-14T11:23:53,500.0,13.9,B
2021-06-14T11:23:44,1000.0,13.85,S
2021-06-14T11:23:41,1100.0,13.85,S
2021-06-14T11:23:41,10000.0,13.9,B
2021-06-14T11:23:40,1900.0,13.9,B
2021-06-14T11:23:40,1200.0,13.9,B
2021-06-14T11:23:40,1000.0,13.85,S
2021-06-14T11:23:39,500.0,13.9,B
2021-06-14T11:23:34,900.0,13.9,B
2021-06-14T11:23:34,200.0,13.9,B
2021-06-14T11:23:27,5000.0,13.9,B
2021-06-14T11:23:23,20000.0,13.9,B
2021-06-14T11:23:15,5200.0,13.9,B
2021-06-14T11:23:15,200.0,13.9,B
2021-06-14T11:23:14,700.0,13.9,B
2021-06-14T11:23:14,3000.0,13.85,B
2021-06-14T11:23:14,10900.0,13.85,B
2021-06-14T11:23:13,100.0,13.85,B
2021-06-14T11:23:12,100.0,13.85,B
2021-06-14T11:23:12,10000.0,13.85,B
2021-06-14T11:23:03,200.0,13.8,S
2021-06-14T11:23:02,5000.0,13.85,B
2021-06-14T11:22:59,3000.0,13.8,S
2021-06-14T11:22:56,1000.0,13.85,B
2021-06-14T11:22:54,200.0,13.8,S
2021-06-14T11:22:33,500.0,13.8,B
2021-06-14T11:22:29,200.0,13.8,B
2021-06-14T11:22:29,4000.0,13.8,B
2021-06-14T11:22:29,2000.0,13.8,B
2021-06-14T11:22:27,500.0,13.75,S
2021-06-14T11:22:26,7600.0,13.8,B
2021-06-14T11:22:26,2400.0,13.8,B
2021-06-14T11:22:26,1000.0,13.8,B
2021-06-14T11:22:24,5000.0,13.8,B
2021-06-14T11:22:22,1000.0,13.8,B
2021-06-14T11:22:20,2000.0,13.8,B
2021-06-14T11:22:19,2000.0,13.8,B
2021-06-14T11:22:18,100.0,13.75,S
2021-06-14T11:22:09,200.0,13.8,B
2021-06-14T11:22:09,200.0,13.8,B
2021-06-14T11:22:09,200.0,13.8,B
2021-06-14T11:22:09,400.0,13.8,B
2021-06-14T11:22:08,1600.0,13.8,B
2021-06-14T11:22:08,10000.0,13.8,B
2021-06-14T11:22:08,2100.0,13.8,B
2021-06-14T11:22:08,3800.0,13.8,B
2021-06-14T11:22:08,2800.0,13.8,B
2021-06-14T11:22:08,4100.0,13.8,B
2021-06-14T11:22:08,15600.0,13.75,B
2021-06-14T11:22:07,10000.0,13.75,B
2021-06-14T11:22:05,2000.0,13.75,B
2021-06-14T11:22:04,700.0,13.7,S
2021-06-14T11:22:02,500.0,13.75,B
2021-06-14T11:22:02,4000.0,13.75,B
2021-06-14T11:21:58,3000.0,13.7,S
2021-06-14T11:21:52,300.0,13.75,B
2021-06-14T11:21:44,200.0,13.7,S
2021-06-14T11:21:34,500.0,13.7,S
2021-06-14T11:21:33,500.0,13.7,S
2021-06-14T11:21:25,2000.0,13.7,S
2021-06-14T11:20:53,100.0,13.7,S
2021-06-14T11:20:44,2000.0,13.75,B
2021-06-14T11:20:34,300.0,13.75,B
2021-06-14T11:20:28,1000.0,13.7,S
2021-06-14T11:20:26,500.0,13.7,S
2021-06-14T11:20:25,2000.0,13.75,B
2021-06-14T11:20:22,1200.0,13.75,B
2021-06-14T11:20:19,200.0,13.75,B
2021-06-14T11:20:07,100.0,13.75,B
2021-06-14T11:20:05,200.0,13.75,B
2021-06-14T11:20:01,100.0,13.75,B
2021-06-14T11:20:01,400.0,13.75,B
2021-06-14T11:20:00,200.0,13.7,S
2021-06-14T11:20:00,6100.0,13.7,S
2021-06-14T11:20:00,2000.0,13.7,S
2021-06-14T11:20:00,2900.0,13.7,S
2021-06-14T11:19:48,5000.0,13.7,S
2021-06-14T11:19:36,9400.0,13.75,B
2021-06-14T11:19:33,5500.0,13.75,B
2021-06-14T11:19:33,600.0,13.75,B
2021-06-14T11:19:33,1400.0,13.75,B
2021-06-14T11:18:51,100.0,13.7,S
2021-06-14T11:18:38,500.0,13.7,S
2021-06-14T11:18:27,1600.0,13.75,B
2021-06-14T11:18:27,300.0,13.75,B
2021-06-14T11:18:27,3100.0,13.75,B
2021-06-14T11:18:13,500.0,13.7,S
2021-06-14T11:18:12,200.0,13.75,B
2021-06-14T11:18:02,2000.0,13.7,S
2021-06-14T11:18:01,1000.0,13.75,B
2021-06-14T11:17:58,100.0,13.75,B
2021-06-14T11:17:57,3500.0,13.7,S
2021-06-14T11:17:37,200.0,13.7,S
2021-06-14T11:17:31,500.0,13.75,B
2021-06-14T11:17:30,1000.0,13.7,S
2021-06-14T11:17:13,200.0,13.75,B
2021-06-14T11:17:04,1000.0,13.7,B
2021-06-14T11:17:04,100.0,13.7,B
2021-06-14T11:17:04,3200.0,13.7,B
2021-06-14T11:17:03,100.0,13.65,S
2021-06-14T11:16:59,200.0,13.7,B
2021-06-14T11:16:53,400.0,13.65,S
2021-06-14T11:16:53,4200.0,13.65,S
2021-06-14T11:16:53,100.0,13.65,S
2021-06-14T11:16:53,5400.0,13.65,S
2021-06-14T11:16:52,400.0,13.7,B
2021-06-14T11:16:45,2000.0,13.7,B
2021-06-14T11:16:45,200.0,13.7,B
2021-06-14T11:16:45,4800.0,13.7,B
2021-06-14T11:16:40,200.0,13.65,S
2021-06-14T11:16:35,3000.0,13.7,B
2021-06-14T11:16:30,500.0,13.7,B
2021-06-14T11:16:11,300.0,13.7,B
2021-06-14T11:16:00,700.0,13.65,S
2021-06-14T11:16:00,2600.0,13.7,B
2021-06-14T11:16:00,3200.0,13.7,B
2021-06-14T11:16:00,2600.0,13.7,B
2021-06-14T11:16:00,800.0,13.7,B
2021-06-14T11:16:00,200.0,13.7,B
2021-06-14T11:16:00,14600.0,13.7,B
2021-06-14T11:15:57,1500.0,13.7,B
2021-06-14T11:15:42,1000.0,13.7,B
2021-06-14T11:15:39,800.0,13.7,B
2021-06-14T11:15:39,300.0,13.7,B
2021-06-14T11:15:37,200.0,13.7,B
2021-06-14T11:15:27,100.0,13.7,B
2021-06-14T11:15:11,100.0,13.7,B
2021-06-14T11:15:04,3000.0,13.7,B
2021-06-14T11:15:01,100.0,13.7,B
2021-06-14T11:14:53,800.0,13.7,B
2021-06-14T11:14:53,2200.0,13.7,B
2021-06-14T11:14:52,1000.0,13.7,B
2021-06-14T11:14:51,500.0,13.65,S
2021-06-14T11:14:50,200.0,13.7,B
2021-06-14T11:14:49,1000.0,13.7,B
2021-06-14T11:14:46,800.0,13.7,B
2021-06-14T11:14:44,300.0,13.7,B
2021-06-14T11:14:42,1000.0,13.7,B
2021-06-14T11:14:37,27000.0,13.7,B
2021-06-14T11:14:33,100.0,13.7,B
2021-06-14T11:14:22,10000.0,13.7,B
2021-06-14T11:14:04,3000.0,13.7,B
2021-06-14T11:14:00,1500.0,13.7,B
2021-06-14T11:14:00,1000.0,13.7,B
2021-06-14T11:13:56,3000.0,13.65,B
2021-06-14T11:13:47,2000.0,13.7,B
2021-06-14T11:13:40,100.0,13.65,B
2021-06-14T11:13:31,1000.0,13.7,B
2021-06-14T11:13:31,5700.0,13.65,B
2021-06-14T11:13:30,5000.0,13.65,B
2021-06-14T11:13:29,1300.0,13.65,B
2021-06-14T11:13:27,5000.0,13.65,B
2021-06-14T11:13:25,4000.0,13.65,B
2021-06-14T11:13:24,1000.0,13.65,B
2021-06-14T11:13:24,19000.0,13.65,B
2021-06-14T11:13:21,700.0,13.65,B
2021-06-14T11:13:21,2000.0,13.65,B
2021-06-14T11:13:15,1900.0,13.65,B
2021-06-14T11:13:12,3000.0,13.65,B
2021-06-14T11:13:11,5000.0,13.65,B
2021-06-14T11:13:08,1500.0,13.65,B
2021-06-14T11:13:05,1000.0,13.65,B
2021-06-14T11:12:46,1500.0,13.65,B
2021-06-14T11:12:44,2500.0,13.6,B
2021-06-14T11:12:44,3300.0,13.6,B
2021-06-14T11:12:44,21000.0,13.6,B
2021-06-14T11:12:44,500.0,13.6,B
2021-06-14T11:12:44,8300.0,13.6,B
2021-06-14T11:12:44,1400.0,13.6,B
2021-06-14T11:12:44,1500.0,13.6,B
2021-06-14T11:12:44,3100.0,13.6,B
2021-06-14T11:12:44,2500.0,13.6,B
2021-06-14T11:12:27,4500.0,13.6,B
2021-06-14T11:12:07,2000.0,13.6,B
2021-06-14T11:12:06,10000.0,13.6,B
2021-06-14T11:11:59,300.0,13.6,B
2021-06-14T11:11:58,2000.0,13.6,B
2021-06-14T11:11:57,100.0,13.6,B
2021-06-14T11:11:52,200.0,13.6,B
2021-06-14T11:11:39,400.0,13.55,S
2021-06-14T11:11:31,2000.0,13.6,B
2021-06-14T11:11:30,200.0,13.55,S
2021-06-14T11:11:30,15200.0,13.55,S
2021-06-14T11:11:25,10000.0,13.55,B
2021-06-14T11:11:21,1000.0,13.55,B
2021-06-14T11:11:18,24000.0,13.6,B
2021-06-14T11:11:00,700.0,13.55,B
2021-06-14T11:11:00,100.0,13.55,B
2021-06-14T11:11:00,900.0,13.55,B
2021-06-14T11:11:00,5600.0,13.55,B
2021-06-14T11:11:00,2500.0,13.55,B
2021-06-14T11:11:00,4500.0,13.55,B
2021-06-14T11:10:50,300.0,13.55,B
2021-06-14T11:10:24,100.0,13.5,B
2021-06-14T11:10:24,800.0,13.5,B
2021-06-14T11:10:13,200.0,13.5,B
2021-06-14T11:10:10,2000.0,13.5,B
2021-06-14T11:10:10,800.0,13.5,B
2021-06-14T11:10:03,100.0,13.5,B
2021-06-14T11:10:03,200.0,13.5,B
2021-06-14T11:10:03,800.0,13.5,B
2021-06-14T11:09:59,2000.0,13.5,B
2021-06-14T11:09:54,3000.0,13.5,B
2021-06-14T11:09:49,300.0,13.5,B
2021-06-14T11:09:49,1200.0,13.5,B
2021-06-14T11:09:49,3300.0,13.5,B
2021-06-14T11:09:48,100.0,13.5,B
2021-06-14T11:09:46,100.0,13.5,B
2021-06-14T11:09:43,1000.0,13.5,B
2021-06-14T11:09:41,800.0,13.5,B
2021-06-14T11:09:41,1500.0,13.5,B
2021-06-14T11:09:41,4300.0,13.5,B
2021-06-14T11:09:41,100.0,13.5,B
2021-06-14T11:09:41,3300.0,13.5,B
2021-06-14T11:09:38,100.0,13.45,S
2021-06-14T11:09:37,1000.0,13.5,B
2021-06-14T11:09:37,400.0,13.5,B
2021-06-14T11:09:34,1100.0,13.5,B
2021-06-14T11:09:26,1300.0,13.5,B
2021-06-14T11:09:26,1000.0,13.5,B
2021-06-14T11:09:26,14400.0,13.5,B
2021-06-14T11:09:25,1300.0,13.5,B
2021-06-14T11:09:25,2200.0,13.5,B
2021-06-14T11:08:57,2200.0,13.5,B
2021-06-14T11:08:57,400.0,13.5,B
2021-06-14T11:08:57,2800.0,13.5,B
2021-06-14T11:08:57,200.0,13.5,B
2021-06-14T11:08:57,500.0,13.5,B
2021-06-14T11:08:57,3700.0,13.5,B
2021-06-14T11:08:57,1200.0,13.5,B
2021-06-14T11:08:57,3900.0,13.5,B
2021-06-14T11:08:57,5100.0,13.5,B
2021-06-14T11:08:28,500.0,13.45,B
2021-06-14T11:08:21,5000.0,13.5,B
2021-06-14T11:08:17,1000.0,13.45,B
2021-06-14T11:08:02,900.0,13.45,B
2021-06-14T11:08:02,2000.0,13.45,B
2021-06-14T11:08:00,1100.0,13.45,B
2021-06-14T11:08:00,8300.0,13.45,B
2021-06-14T11:07:50,300.0,13.45,B
2021-06-14T11:07:50,1700.0,13.45,B
2021-06-14T11:07:35,8700.0,13.45,B
2021-06-14T11:07:35,5000.0,13.45,B
2021-06-14T11:07:35,1000.0,13.45,B
2021-06-14T11:07:35,4000.0,13.45,B
2021-06-14T11:07:35,2600.0,13.45,B
2021-06-14T11:07:35,600.0,13.45,B
2021-06-14T11:07:35,800.0,13.45,B
2021-06-14T11:07:35,800.0,13.45,B
2021-06-14T11:07:35,500.0,13.45,B
2021-06-14T11:07:30,1000.0,13.45,B
2021-06-14T11:07:08,1500.0,13.45,B
2021-06-14T11:06:50,1700.0,13.4,B
2021-06-14T11:06:50,2100.0,13.4,B
2021-06-14T11:06:40,2100.0,13.4,B
2021-06-14T11:06:40,6100.0,13.4,B
2021-06-14T11:06:40,3000.0,13.4,B
2021-06-14T11:06:40,1300.0,13.4,B
2021-06-14T11:06:39,2500.0,13.4,B
2021-06-14T11:06:25,500.0,13.4,B
2021-06-14T11:06:02,1400.0,13.4,B
2021-06-14T11:05:43,3000.0,13.35,S
2021-06-14T11:05:40,1700.0,13.4,B
2021-06-14T11:04:57,8000.0,13.4,B
2021-06-14T11:04:45,1100.0,13.4,B
2021-06-14T11:04:45,900.0,13.4,B
2021-06-14T11:04:26,600.0,13.4,B
2021-06-14T11:04:20,600.0,13.4,B
2021-06-14T11:03:38,2000.0,13.4,B
2021-06-14T11:03:36,100.0,13.4,B
2021-06-14T11:03:12,1000.0,13.4,B
2021-06-14T11:03:05,400.0,13.4,B
2021-06-14T11:03:01,800.0,13.4,B
2021-06-14T11:02:37,900.0,13.4,B
2021-06-14T11:02:24,1000.0,13.4,B
2021-06-14T11:02:22,100.0,13.4,B
2021-06-14T11:02:18,1000.0,13.4,B
2021-06-14T11:02:17,1500.0,13.35,S
2021-06-14T11:02:03,100.0,13.4,B
2021-06-14T11:01:59,1600.0,13.4,B
2021-06-14T11:01:57,2000.0,13.4,B
2021-06-14T11:01:44,4000.0,13.4,B
2021-06-14T11:01:40,200.0,13.4,B
2021-06-14T11:01:40,2400.0,13.4,B
2021-06-14T11:01:36,100.0,13.4,B
2021-06-14T11:01:29,900.0,13.4,B
2021-06-14T11:01:20,100.0,13.4,B
2021-06-14T11:01:06,200.0,13.4,B
2021-06-14T11:00:59,1000.0,13.4,B
2021-06-14T11:00:58,2000.0,13.35,S
2021-06-14T11:00:46,1000.0,13.4,B
2021-06-14T11:00:45,400.0,13.4,B
2021-06-14T11:00:13,300.0,13.35,S
2021-06-14T10:59:41,800.0,13.35,S
2021-06-14T10:59:41,200.0,13.4,B
2021-06-14T10:59:36,1400.0,13.35,S
2021-06-14T10:59:34,1000.0,13.35,S
2021-06-14T10:59:25,3900.0,13.4,B
2021-06-14T10:59:21,2000.0,13.35,S
2021-06-14T10:59:18,400.0,13.35,S
2021-06-14T10:59:08,4700.0,13.35,S
2021-06-14T10:58:57,100.0,13.35,S
2021-06-14T10:58:54,2500.0,13.4,B
2021-06-14T10:58:54,1500.0,13.4,B
2021-06-14T10:58:54,1000.0,13.4,B
2021-06-14T10:58:50,800.0,13.4,B
2021-06-14T10:58:38,1000.0,13.35,S
2021-06-14T10:58:34,3000.0,13.4,B
2021-06-14T10:58:33,100.0,13.35,S
2021-06-14T10:58:28,3000.0,13.35,B
2021-06-14T10:58:24,5000.0,13.4,B
2021-06-14T10:58:18,200.0,13.4,B
2021-06-14T10:58:18,4800.0,13.4,B
2021-06-14T10:58:14,200.0,13.35,B
2021-06-14T10:58:11,500.0,13.35,B
2021-06-14T10:57:52,3800.0,13.35,B
2021-06-14T10:57:26,400.0,13.35,S
2021-06-14T10:57:15,200.0,13.35,S
2021-06-14T10:57:13,300.0,13.35,S
2021-06-14T10:56:59,3800.0,13.35,S
2021-06-14T10:56:59,2000.0,13.35,S
2021-06-14T10:56:58,3200.0,13.35,S
2021-06-14T10:56:04,400.0,13.4,B
2021-06-14T10:55:59,300.0,13.4,B
2021-06-14T10:55:45,100.0,13.4,B
2021-06-14T10:55:45,100.0,13.4,B
2021-06-14T10:55:27,100.0,13.4,B
2021-06-14T10:55:15,200.0,13.4,B
2021-06-14T10:54:45,1000.0,13.4,B
2021-06-14T10:54:07,1500.0,13.4,B
2021-06-14T10:54:06,400.0,13.35,S
2021-06-14T10:53:54,2000.0,13.4,B
2021-06-14T10:53:38,200.0,13.4,B
2021-06-14T10:53:38,800.0,13.4,B
2021-06-14T10:53:36,600.0,13.4,B
2021-06-14T10:53:34,200.0,13.4,B
2021-06-14T10:53:15,200.0,13.4,B
2021-06-14T10:53:14,300.0,13.4,B
2021-06-14T10:52:02,1000.0,13.4,B
2021-06-14T10:52:01,900.0,13.4,B
2021-06-14T10:52:01,1000.0,13.4,B
2021-06-14T10:51:49,600.0,13.4,B
2021-06-14T10:51:41,400.0,13.4,S
2021-06-14T10:51:37,100.0,13.4,S
2021-06-14T10:51:29,500.0,13.4,S
2021-06-14T10:51:25,2400.0,13.4,S
2021-06-14T10:51:22,4300.0,13.4,S
2021-06-14T10:51:22,5500.0,13.4,S
2021-06-14T10:51:22,19100.0,13.4,S
2021-06-14T10:51:22,100.0,13.4,S
2021-06-14T10:51:22,1000.0,13.4,S
2021-06-14T10:51:21,2500.0,13.4,S
2021-06-14T10:51:18,100.0,13.4,S
2021-06-14T10:51:16,3000.0,13.4,S
2021-06-14T10:50:55,500.0,13.4,S
2021-06-14T10:50:53,100.0,13.4,S
2021-06-14T10:50:49,100.0,13.4,S
2021-06-14T10:50:49,1700.0,13.4,S
2021-06-14T10:50:49,200.0,13.4,S
2021-06-14T10:50:49,2700.0,13.4,S
2021-06-14T10:50:49,1300.0,13.4,S
2021-06-14T10:50:42,3000.0,13.4,S
2021-06-14T10:50:42,2000.0,13.4,S
2021-06-14T10:50:40,5000.0,13.45,B
2021-06-14T10:50:25,100.0,13.4,S
2021-06-14T10:50:00,1000.0,13.4,S
2021-06-14T10:49:53,500.0,13.4,S
2021-06-14T10:48:37,2000.0,13.45,S
2021-06-14T10:48:37,1200.0,13.45,S
2021-06-14T10:48:37,1800.0,13.45,S
2021-06-14T10:48:36,4500.0,13.45,S
2021-06-14T10:48:30,3000.0,13.45,S
2021-06-14T10:48:14,800.0,13.45,S
2021-06-14T10:48:05,500.0,13.45,S
2021-06-14T10:48:03,700.0,13.45,S
2021-06-14T10:48:02,7000.0,13.45,S
2021-06-14T10:48:00,400.0,13.45,S
2021-06-14T10:47:53,1500.0,13.45,S
2021-06-14T10:47:15,100.0,13.45,S
2021-06-14T10:47:07,100.0,13.45,S
2021-06-14T10:47:04,1800.0,13.45,S
2021-06-14T10:46:56,10000.0,13.4,S
2021-06-14T10:46:48,100.0,13.45,S
2021-06-14T10:46:41,1000.0,13.45,S
2021-06-14T10:46:41,200.0,13.45,S
2021-06-14T10:46:20,300.0,13.45,S
2021-06-14T10:46:15,1000.0,13.45,B
2021-06-14T10:46:15,4000.0,13.45,B
2021-06-14T10:46:11,2700.0,13.45,B
2021-06-14T10:45:25,500.0,13.45,B
2021-06-14T10:45:16,100.0,13.45,B
2021-06-14T10:45:10,100.0,13.45,B
2021-06-14T10:44:57,100.0,13.45,B
2021-06-14T10:44:48,100.0,13.45,B
2021-06-14T10:44:44,100.0,13.45,B
2021-06-14T10:44:26,1000.0,13.45,B
2021-06-14T10:44:25,500.0,13.45,B
2021-06-14T10:44:21,300.0,13.45,B
2021-06-14T10:44:21,200.0,13.45,B
2021-06-14T10:44:20,600.0,13.45,B
2021-06-14T10:44:20,200.0,13.45,B
2021-06-14T10:44:11,500.0,13.45,B
2021-06-14T10:44:09,100.0,13.45,B
2021-06-14T10:44:08,100.0,13.45,B
2021-06-14T10:44:07,18100.0,13.45,B
2021-06-14T10:44:07,17400.0,13.45,B
2021-06-14T10:44:07,7000.0,13.45,B
2021-06-14T10:43:48,500.0,13.4,S
2021-06-14T10:43:42,500.0,13.4,S
2021-06-14T10:43:41,6200.0,13.4,S
2021-06-14T10:43:41,1700.0,13.4,S
2021-06-14T10:43:40,200.0,13.45,B
2021-06-14T10:43:39,100.0,13.45,B
2021-06-14T10:43:32,1000.0,13.45,B
2021-06-14T10:43:29,2700.0,13.4,S
2021-06-14T10:43:23,1200.0,13.45,B
2021-06-14T10:43:13,500.0,13.4,S
2021-06-14T10:42:57,500.0,13.45,B
2021-06-14T10:42:55,1400.0,13.45,B
2021-06-14T10:42:55,800.0,13.45,B
2021-06-14T10:42:55,600.0,13.45,B
2021-06-14T10:42:40,5000.0,13.45,B
2021-06-14T10:42:08,100.0,13.45,B
2021-06-14T10:42:07,2000.0,13.45,B
2021-06-14T10:42:04,300.0,13.45,S
2021-06-14T10:42:04,700.0,13.45,S
2021-06-14T10:42:04,200.0,13.45,S
2021-06-14T10:42:03,3800.0,13.45,S
2021-06-14T10:41:45,200.0,13.45,S
2021-06-14T10:41:32,2000.0,13.45,S
2021-06-14T10:41:31,200.0,13.45,S
2021-06-14T10:41:30,14000.0,13.45,S
2021-06-14T10:41:30,4100.0,13.45,S
2021-06-14T10:41:30,4900.0,13.45,S
2021-06-14T10:41:27,100.0,13.45,S
2021-06-14T10:41:24,500.0,13.45,S
2021-06-14T10:41:17,300.0,13.45,S
2021-06-14T10:41:15,100.0,13.45,S
2021-06-14T10:41:02,1100.0,13.45,S
2021-06-14T10:40:44,1100.0,13.45,S
2021-06-14T10:40:36,2000.0,13.45,S
2021-06-14T10:40:35,800.0,13.45,S
2021-06-14T10:40:32,1000.0,13.45,S
2021-06-14T10:40:31,500.0,13.45,S
2021-06-14T10:40:16,200.0,13.45,S
2021-06-14T10:40:16,1800.0,13.45,S
2021-06-14T10:40:11,1400.0,13.45,S
2021-06-14T10:39:47,100.0,13.45,S
2021-06-14T10:39:42,10000.0,13.45,S
2021-06-14T10:39:27,400.0,13.45,S
2021-06-14T10:39:24,3000.0,13.4,S
2021-06-14T10:39:22,25000.0,13.4,S
2021-06-14T10:39:01,200.0,13.45,S
2021-06-14T10:38:54,100.0,13.45,S
2021-06-14T10:38:39,1000.0,13.45,S
2021-06-14T10:38:37,13000.0,13.4,S
2021-06-14T10:38:33,5000.0,13.45,S
2021-06-14T10:37:54,200.0,13.45,B
2021-06-14T10:37:39,6200.0,13.45,B
2021-06-14T10:37:17,200.0,13.45,B
2021-06-14T10:37:11,3900.0,13.45,B
2021-06-14T10:37:08,200.0,13.45,B
2021-06-14T10:37:04,1000.0,13.45,B
2021-06-14T10:37:02,1000.0,13.45,B
2021-06-14T10:36:59,400.0,13.45,B
2021-06-14T10:36:58,200.0,13.45,B
2021-06-14T10:36:57,800.0,13.45,B
2021-06-14T10:36:50,600.0,13.45,B
2021-06-14T10:36:50,8700.0,13.45,B
2021-06-14T10:36:45,1000.0,13.45,B
2021-06-14T10:36:45,1000.0,13.45,B
2021-06-14T10:36:43,600.0,13.45,B
2021-06-14T10:36:42,2000.0,13.45,B
2021-06-14T10:36:36,2000.0,13.4,S
2021-06-14T10:36:36,1800.0,13.45,B
2021-06-14T10:36:23,1000.0,13.45,B
2021-06-14T10:36:22,100.0,13.45,B
2021-06-14T10:36:21,500.0,13.4,S
2021-06-14T10:36:19,2200.0,13.45,B
2021-06-14T10:36:10,4000.0,13.45,B
2021-06-14T10:35:53,100.0,13.45,B
2021-06-14T10:35:52,1000.0,13.45,B
2021-06-14T10:35:25,3500.0,13.4,S
2021-06-14T10:35:04,3100.0,13.4,B
2021-06-14T10:34:58,100.0,13.45,B
2021-06-14T10:34:43,6000.0,13.4,B
2021-06-14T10:34:11,4000.0,13.4,B
2021-06-14T10:34:06,3500.0,13.45,B
2021-06-14T10:34:00,100.0,13.4,B
2021-06-14T10:33:28,1000.0,13.45,B
2021-06-14T10:32:56,50000.0,13.4,B
2021-06-14T10:32:50,10200.0,13.4,B
2021-06-14T10:32:50,100.0,13.4,B
2021-06-14T10:32:50,10700.0,13.4,B
2021-06-14T10:32:50,5200.0,13.4,B
2021-06-14T10:32:50,700.0,13.4,B
2021-06-14T10:32:47,6900.0,13.4,B
2021-06-14T10:32:46,500.0,13.35,S
2021-06-14T10:32:34,200.0,13.4,B
2021-06-14T10:32:16,100.0,13.4,B
2021-06-14T10:32:16,900.0,13.4,B
2021-06-14T10:32:14,200.0,13.35,S
2021-06-14T10:31:47,3500.0,13.35,B
2021-06-14T10:31:25,5000.0,13.3,S
2021-06-14T10:31:25,1800.0,13.35,B
2021-06-14T10:31:20,200.0,13.35,B
2021-06-14T10:31:10,2900.0,13.35,B
2021-06-14T10:31:10,17100.0,13.35,B
2021-06-14T10:31:07,1000.0,13.35,B
2021-06-14T10:31:07,500.0,13.35,B
2021-06-14T10:30:59,2000.0,13.3,S
2021-06-14T10:30:36,300.0,13.35,B
2021-06-14T10:30:29,1300.0,13.3,S
2021-06-14T10:30:01,600.0,13.3,S
2021-06-14T10:30:00,15000.0,13.3,S
2021-06-14T10:29:29,100.0,13.3,B
2021-06-14T10:28:43,700.0,13.3,B
2021-06-14T10:28:39,1000.0,13.3,B
2021-06-14T10:28:33,200.0,13.3,B
2021-06-14T10:28:33,500.0,13.3,B
2021-06-14T10:28:33,900.0,13.3,B
2021-06-14T10:28:33,100.0,13.3,B
2021-06-14T10:28:32,2000.0,13.3,B
2021-06-14T10:28:29,3000.0,13.3,B
2021-06-14T10:28:27,2500.0,13.3,B
2021-06-14T10:28:26,400.0,13.3,B
2021-06-14T10:28:18,200.0,13.3,B
2021-06-14T10:28:16,500.0,13.3,B
2021-06-14T10:28:15,2000.0,13.3,B
2021-06-14T10:28:13,1000.0,13.3,B
2021-06-14T10:28:05,1000.0,13.3,B
2021-06-14T10:27:57,1100.0,13.3,B
2021-06-14T10:27:52,800.0,13.3,B
2021-06-14T10:27:52,6000.0,13.3,B
2021-06-14T10:27:43,100.0,13.25,S
2021-06-14T10:27:26,300.0,13.3,B
2021-06-14T10:27:19,3000.0,13.25,S
2021-06-14T10:26:10,100.0,13.25,S
2021-06-14T10:25:49,200.0,13.25,S
2021-06-14T10:25:49,2800.0,13.25,S
2021-06-14T10:25:17,3400.0,13.25,B
2021-06-14T10:25:15,200.0,13.25,B
2021-06-14T10:25:06,500.0,13.25,B
2021-06-14T10:25:06,1000.0,13.25,B
2021-06-14T10:24:59,500.0,13.25,B
2021-06-14T10:24:52,500.0,13.25,B
2021-06-14T10:24:47,400.0,13.25,B
2021-06-14T10:24:46,1600.0,13.25,B
2021-06-14T10:24:36,200.0,13.25,B
2021-06-14T10:24:36,800.0,13.25,B
2021-06-14T10:24:31,200.0,13.25,B
2021-06-14T10:24:22,3000.0,13.25,B
2021-06-14T10:24:15,400.0,13.2,S
2021-06-14T10:23:52,200.0,13.2,B
2021-06-14T10:23:49,1000.0,13.25,B
2021-06-14T10:23:47,8900.0,13.2,B
2021-06-14T10:23:43,500.0,13.2,B
2021-06-14T10:23:40,5000.0,13.2,B
2021-06-14T10:23:40,100.0,13.2,B
2021-06-14T10:23:27,100.0,13.2,B
2021-06-14T10:23:25,6000.0,13.2,B
2021-06-14T10:23:06,1000.0,13.2,B
2021-06-14T10:23:05,1000.0,13.15,B
2021-06-14T10:22:56,14800.0,13.2,B
2021-06-14T10:22:56,900.0,13.2,B
2021-06-14T10:22:56,200.0,13.2,B
2021-06-14T10:22:56,5700.0,13.2,B
2021-06-14T10:22:56,8400.0,13.2,B
2021-06-14T10:22:48,100.0,13.2,B
2021-06-14T10:22:46,200.0,13.2,B
2021-06-14T10:22:04,100.0,13.2,B
2021-06-14T10:21:49,2000.0,13.2,B
2021-06-14T10:21:37,1000.0,13.2,B
2021-06-14T10:21:03,1500.0,13.2,B
2021-06-14T10:21:03,2100.0,13.15,B
2021-06-14T10:21:03,5500.0,13.15,B
2021-06-14T10:20:51,1200.0,13.15,B
2021-06-14T10:20:51,5000.0,13.15,B
2021-06-14T10:20:43,6800.0,13.1,S
2021-06-14T10:20:43,500.0,13.1,S
2021-06-14T10:20:42,200.0,13.15,B
2021-06-14T10:20:19,600.0,13.15,B
2021-06-14T10:20:14,5000.0,13.1,S
2021-06-14T10:20:03,500.0,13.1,S
2021-06-14T10:18:35,100.0,13.1,B
2021-06-14T10:18:24,200.0,13.1,B
2021-06-14T10:18:22,300.0,13.15,B
2021-06-14T10:18:09,100.0,13.1,B
2021-06-14T10:17:58,100.0,13.1,B
2021-06-14T10:17:30,1100.0,13.1,B
2021-06-14T10:17:22,800.0,13.1,B
2021-06-14T10:17:16,500.0,13.1,B
2021-06-14T10:16:55,100.0,13.1,B
2021-06-14T10:16:27,1000.0,13.05,B
2021-06-14T10:15:34,300.0,13.05,B
2021-06-14T10:15:29,1900.0,13.15,B
2021-06-14T10:15:29,1000.0,13.15,B
2021-06-14T10:15:29,7400.0,13.1,B
2021-06-14T10:15:29,3500.0,13.1,B
2021-06-14T10:15:29,1200.0,13.05,B
2021-06-14T10:15:28,200.0,13.05,B
2021-06-14T10:15:24,300.0,13.0,S
2021-06-14T10:15:24,100.0,13.05,B
2021-06-14T10:15:24,500.0,13.05,B
2021-06-14T10:14:46,10000.0,13.05,B
2021-06-14T10:14:36,500.0,13.05,B
2021-06-14T10:13:52,5000.0,13.0,B
2021-06-14T10:13:22,200.0,13.0,B
2021-06-14T10:12:48,800.0,13.0,B
2021-06-14T10:12:34,200.0,13.0,B
2021-06-14T10:12:06,800.0,13.0,B
2021-06-14T10:12:06,3200.0,13.0,B
2021-06-14T10:11:34,900.0,13.0,B
2021-06-14T10:11:15,2900.0,13.0,B
2021-06-14T10:10:57,1600.0,13.0,B
2021-06-14T10:10:41,4000.0,13.0,B
2021-06-14T10:10:41,1000.0,13.0,B
2021-06-14T10:10:25,200.0,13.0,B
2021-06-14T10:09:47,500.0,13.0,S
2021-06-14T10:09:46,300.0,13.0,S
2021-06-14T10:09:46,200.0,13.0,S
2021-06-14T10:09:44,2000.0,12.95,S
2021-06-14T10:09:36,1500.0,12.95,S
2021-06-14T10:09:26,500.0,13.0,S
2021-06-14T10:09:03,1000.0,13.0,S
2021-06-14T10:08:16,400.0,12.95,S
2021-06-14T10:08:07,1000.0,13.0,S
2021-06-14T10:07:58,2000.0,13.0,S
2021-06-14T10:07:40,100.0,13.0,S
2021-06-14T10:07:40,200.0,13.0,S
2021-06-14T10:07:40,4000.0,13.0,S
2021-06-14T10:07:25,2000.0,13.05,B
2021-06-14T10:07:23,2100.0,13.0,S
2021-06-14T10:07:23,700.0,13.0,S
2021-06-14T10:07:23,1100.0,13.0,S
2021-06-14T10:07:23,900.0,13.0,S
2021-06-14T10:07:23,500.0,13.0,S
2021-06-14T10:07:22,3700.0,13.0,S
2021-06-14T10:06:52,100.0,13.05,B
2021-06-14T10:06:34,6500.0,13.0,S
2021-06-14T10:06:34,3100.0,13.0,S
2021-06-14T10:06:34,400.0,13.0,S
2021-06-14T10:06:27,300.0,13.0,S
2021-06-14T10:06:12,100.0,13.05,B
2021-06-14T10:05:02,2600.0,13.0,S
2021-06-14T10:04:59,100.0,13.0,S
2021-06-14T10:04:37,1000.0,13.0,S
2021-06-14T10:04:16,200.0,13.0,S
2021-06-14T10:03:26,300.0,13.0,S
2021-06-14T10:03:16,200.0,13.05,B
2021-06-14T10:03:01,300.0,13.0,S
2021-06-14T10:03:01,200.0,13.0,S
2021-06-14T10:03:00,1500.0,13.0,S
2021-06-14T10:02:49,500.0,13.0,S
2021-06-14T10:02:42,5000.0,13.0,S
2021-06-14T10:02:06,500.0,13.0,S
2021-06-14T10:02:06,2000.0,13.0,S
2021-06-14T10:02:00,300.0,13.0,S
2021-06-14T10:01:48,100.0,13.0,S
2021-06-14T10:01:43,2000.0,13.05,B
2021-06-14T10:01:36,200.0,13.0,S
2021-06-14T10:01:33,1500.0,13.0,S
2021-06-14T10:01:05,300.0,13.0,S
2021-06-14T10:01:05,200.0,13.0,S
2021-06-14T10:01:05,1500.0,13.0,S
2021-06-14T10:00:56,300.0,13.0,S
2021-06-14T10:00:45,100.0,13.0,S
2021-06-14T10:00:39,1100.0,13.0,S
2021-06-14T10:00:39,100.0,13.0,S
2021-06-14T10:00:39,1300.0,13.0,S
2021-06-14T10:00:39,4600.0,13.0,S
2021-06-14T10:00:32,100.0,13.0,S
2021-06-14T10:00:31,200.0,13.0,S
2021-06-14T10:00:24,300.0,13.0,S
2021-06-14T10:00:21,100.0,13.0,S
2021-06-14T10:00:05,1100.0,13.0,S
2021-06-14T10:00:05,400.0,13.0,S
2021-06-14T10:00:05,8500.0,13.0,S
2021-06-14T10:00:02,2200.0,13.0,S
2021-06-14T10:00:02,1200.0,13.0,S
2021-06-14T10:00:02,2700.0,13.0,S
2021-06-14T10:00:02,1800.0,13.0,S
2021-06-14T10:00:02,100.0,13.0,S
2021-06-14T09:59:45,100.0,13.0,S
2021-06-14T09:58:53,3800.0,13.0,S
2021-06-14T09:58:53,800.0,13.0,S
2021-06-14T09:58:53,1000.0,13.0,S
2021-06-14T09:58:52,3700.0,13.0,S
2021-06-14T09:58:52,400.0,13.0,S
2021-06-14T09:58:52,1000.0,13.0,S
2021-06-14T09:58:52,2000.0,13.0,S
2021-06-14T09:58:52,1500.0,13.0,S
2021-06-14T09:58:52,5800.0,13.0,S
2021-06-14T09:58:50,1300.0,13.0,S
2021-06-14T09:58:50,3700.0,13.0,S
2021-06-14T09:58:32,300.0,13.05,S
2021-06-14T09:58:30,100.0,13.05,S
2021-06-14T09:58:30,400.0,13.05,S
2021-06-14T09:58:28,200.0,13.0,S
2021-06-14T09:58:27,5000.0,13.0,S
2021-06-14T09:58:19,100.0,13.05,S
2021-06-14T09:58:02,3600.0,13.0,S
2021-06-14T09:57:59,600.0,13.0,S
2021-06-14T09:57:48,1000.0,13.0,S
2021-06-14T09:57:34,2000.0,13.05,S
2021-06-14T09:57:28,200.0,13.05,S
2021-06-14T09:57:22,800.0,13.0,S
2021-06-14T09:57:22,300.0,13.0,S
2021-06-14T09:56:52,5000.0,13.0,S
2021-06-14T09:56:45,400.0,13.05,S
2021-06-14T09:56:38,200.0,13.0,S
2021-06-14T09:56:36,300.0,13.05,S
2021-06-14T09:56:27,400.0,13.05,S
2021-06-14T09:56:25,500.0,13.05,S
2021-06-14T09:54:53,200.0,13.1,B
2021-06-14T09:54:47,100.0,13.05,S
2021-06-14T09:54:44,200.0,13.05,S
2021-06-14T09:54:27,300.0,13.05,S
2021-06-14T09:54:21,200.0,13.05,S
2021-06-14T09:53:52,500.0,13.0,S
2021-06-14T09:53:52,2300.0,13.0,S
2021-06-14T09:52:58,3000.0,13.05,S
2021-06-14T09:52:57,100.0,13.1,S
2021-06-14T09:52:28,200.0,13.1,S
2021-06-14T09:52:21,300.0,13.1,S
2021-06-14T09:52:13,300.0,13.1,S
2021-06-14T09:51:58,500.0,13.1,S
2021-06-14T09:51:45,300.0,13.1,S
2021-06-14T09:51:40,500.0,13.1,S
2021-06-14T09:51:40,200.0,13.1,S
2021-06-14T09:51:40,1100.0,13.1,S
2021-06-14T09:51:05,900.0,13.1,S
2021-06-14T09:51:05,1300.0,13.1,S
2021-06-14T09:51:05,2800.0,13.1,S
2021-06-14T09:50:32,1000.0,13.1,S
2021-06-14T09:50:28,5000.0,13.1,S
2021-06-14T09:50:19,3100.0,13.1,S
2021-06-14T09:50:19,1000.0,13.15,B
2021-06-14T09:49:25,5000.0,13.15,B
2021-06-14T09:49:19,100.0,13.1,S
2021-06-14T09:49:06,100.0,13.15,S
2021-06-14T09:49:05,1300.0,13.15,S
2021-06-14T09:49:05,500.0,13.15,S
2021-06-14T09:48:59,2000.0,13.15,S
2021-06-14T09:48:36,800.0,13.1,S
2021-06-14T09:48:36,1700.0,13.1,S
2021-06-14T09:48:36,200.0,13.1,S
2021-06-14T09:48:36,1900.0,13.1,S
2021-06-14T09:48:36,1000.0,13.1,S
2021-06-14T09:48:36,400.0,13.1,S
2021-06-14T09:48:16,3000.0,13.15,S
2021-06-14T09:48:11,400.0,13.15,S
2021-06-14T09:48:06,1000.0,13.15,S
2021-06-14T09:48:01,200.0,13.15,S
2021-06-14T09:47:51,1000.0,13.15,S
2021-06-14T09:47:24,3000.0,13.15,S
2021-06-14T09:47:24,600.0,13.15,S
2021-06-14T09:47:22,700.0,13.15,S
2021-06-14T09:46:48,10300.0,13.1,S
2021-06-14T09:46:48,2500.0,13.1,S
2021-06-14T09:46:48,5700.0,13.1,S
2021-06-14T09:46:48,400.0,13.1,S
2021-06-14T09:46:48,800.0,13.1,S
2021-06-14T09:46:48,3200.0,13.1,S
2021-06-14T09:46:46,200.0,13.15,S
2021-06-14T09:46:37,100.0,13.15,S
2021-06-14T09:45:55,100.0,13.15,S
2021-06-14T09:45:51,300.0,13.15,S
2021-06-14T09:45:28,2100.0,13.1,S
2021-06-14T09:45:28,2000.0,13.1,S
2021-06-14T09:45:28,4100.0,13.1,S
2021-06-14T09:45:28,1100.0,13.1,S
2021-06-14T09:45:28,700.0,13.1,S
2021-06-14T09:45:09,3000.0,13.15,S
2021-06-14T09:45:05,200.0,13.15,S
2021-06-14T09:44:48,2300.0,13.15,S
2021-06-14T09:44:21,200.0,13.15,S
2021-06-14T09:44:13,500.0,13.15,S
2021-06-14T09:44:03,100.0,13.15,S
2021-06-14T09:44:03,2700.0,13.15,S
2021-06-14T09:44:03,100.0,13.15,S
2021-06-14T09:44:03,5000.0,13.15,S
2021-06-14T09:43:28,100.0,13.15,S
2021-06-14T09:43:24,4200.0,13.15,S
2021-06-14T09:43:24,200.0,13.15,S
2021-06-14T09:43:24,1800.0,13.15,S
2021-06-14T09:43:24,300.0,13.15,S
2021-06-14T09:43:24,3500.0,13.15,S
2021-06-14T09:43:20,3000.0,13.15,S
2021-06-14T09:43:04,2400.0,13.15,S
2021-06-14T09:42:43,1500.0,13.2,S
2021-06-14T09:42:12,200.0,13.15,S
2021-06-14T09:42:10,100.0,13.2,S
2021-06-14T09:42:00,200.0,13.2,S
2021-06-14T09:41:55,200.0,13.2,S
2021-06-14T09:41:53,200.0,13.2,S
2021-06-14T09:41:49,100.0,13.15,S
2021-06-14T09:41:36,200.0,13.2,S
2021-06-14T09:41:24,1000.0,13.2,S
2021-06-14T09:41:18,100.0,13.2,S
2021-06-14T09:41:01,300.0,13.2,S
2021-06-14T09:40:36,100.0,13.2,S
2021-06-14T09:40:12,100.0,13.2,S
2021-06-14T09:39:38,300.0,13.2,S
2021-06-14T09:39:38,100.0,13.2,S
2021-06-14T09:39:38,1500.0,13.2,S
2021-06-14T09:39:36,300.0,13.25,B
2021-06-14T09:39:23,100.0,13.2,S
2021-06-14T09:39:23,200.0,13.2,S
2021-06-14T09:39:16,200.0,13.2,S
2021-06-14T09:38:46,5000.0,13.2,S
2021-06-14T09:38:25,200.0,13.2,S
2021-06-14T09:38:11,200.0,13.2,S
2021-06-14T09:38:08,5000.0,13.2,S
2021-06-14T09:37:48,300.0,13.2,S
2021-06-14T09:37:34,1000.0,13.2,S
2021-06-14T09:37:31,100.0,13.2,S
2021-06-14T09:37:20,1300.0,13.15,S
2021-06-14T09:37:16,400.0,13.15,S
2021-06-14T09:37:16,200.0,13.15,S
2021-06-14T09:37:16,6400.0,13.15,S
2021-06-14T09:37:12,100.0,13.2,S
2021-06-14T09:37:11,500.0,13.2,S
2021-06-14T09:36:56,300.0,13.2,S
2021-06-14T09:36:56,200.0,13.2,S
2021-06-14T09:36:41,100.0,13.2,S
2021-06-14T09:36:30,100.0,13.2,S
2021-06-14T09:36:19,2300.0,13.2,S
2021-06-14T09:35:29,2500.0,13.2,S
2021-06-14T09:35:25,2000.0,13.2,S
2021-06-14T09:35:21,200.0,13.2,S
2021-06-14T09:35:21,2700.0,13.2,S
2021-06-14T09:35:14,300.0,13.25,S
2021-06-14T09:35:12,1300.0,13.25,S
2021-06-14T09:35:11,200.0,13.25,S
2021-06-14T09:34:41,5000.0,13.2,S
2021-06-14T09:34:31,2400.0,13.2,S
2021-06-14T09:34:30,5000.0,13.2,S
2021-06-14T09:33:59,100.0,13.3,B
2021-06-14T09:33:37,500.0,13.2,S
2021-06-14T09:33:32,1100.0,13.3,B
2021-06-14T09:33:17,1000.0,13.3,B
2021-06-14T09:33:01,900.0,13.3,B
2021-06-14T09:32:59,100.0,13.3,B
2021-06-14T09:32:11,2500.0,13.2,S
2021-06-14T09:32:11,10300.0,13.2,S
2021-06-14T09:32:11,4300.0,13.2,S
2021-06-14T09:32:11,100.0,13.3,B
2021-06-14T09:32:11,4800.0,13.3,B
2021-06-14T09:32:01,1000.0,13.3,B
2021-06-14T09:32:01,1000.0,13.3,B
2021-06-14T09:31:51,200.0,13.3,B
2021-06-14T09:31:43,100.0,13.3,B
2021-06-14T09:31:40,300.0,13.3,B
2021-06-14T09:31:04,100.0,13.3,B
2021-06-14T09:30:48,1000.0,13.2,S
2021-06-14T09:30:36,1000.0,13.2,S
2021-06-14T09:30:36,100.0,13.25,S
2021-06-14T09:30:34,7100.0,13.4,B
2021-06-14T09:30:34,100.0,13.4,B
2021-06-14T09:30:34,12800.0,13.4,B
2021-06-14T09:29:52,500.0,13.2,S
2021-06-14T09:29:30,2000.0,13.2,S
2021-06-14T09:28:47,500.0,13.2,S
2021-06-14T09:28:35,500.0,13.2,B
2021-06-14T09:28:27,200.0,13.2,B
2021-06-14T09:28:26,300.0,13.15,B
2021-06-14T09:28:10,2000.0,13.15,B
2021-06-14T09:27:33,2000.0,13.15,B
2021-06-14T09:27:31,2000.0,13.15,B
2021-06-14T09:27:05,200.0,13.15,B
2021-06-14T09:27:02,2000.0,13.15,B
2021-06-14T09:26:36,3000.0,13.15,B
2021-06-14T09:26:19,700.0,13.15,B
2021-06-14T09:26:11,3000.0,13.15,B
2021-06-14T09:26:08,400.0,13.15,B
2021-06-14T09:26:02,10000.0,13.35,B
2021-06-14T09:25:49,400.0,13.15,B
2021-06-14T09:25:39,500.0,13.15,B
2021-06-14T09:25:36,1000.0,13.15,B
2021-06-14T09:25:33,100.0,13.15,B
2021-06-14T09:25:30,700.0,13.2,B
2021-06-14T09:25:12,1000.0,13.15,B
2021-06-14T09:25:04,500.0,13.15,B
2021-06-14T09:24:55,1700.0,13.15,B
2021-06-14T09:24:54,200.0,13.15,B
2021-06-14T09:24:50,1000.0,13.15,B
2021-06-14T09:24:41,2100.0,13.15,B
2021-06-14T09:24:24,400.0,13.15,B
2021-06-14T09:24:24,200.0,13.15,B
2021-06-14T09:24:21,200.0,13.15,B
2021-06-14T09:24:18,1000.0,13.15,B
2021-06-14T09:24:10,400.0,13.15,B
2021-06-14T09:24:04,500.0,13.15,B
2021-06-14T09:23:23,100.0,13.15,B
2021-06-14T09:23:23,1000.0,13.15,B
2021-06-14T09:23:19,2000.0,13.15,B
2021-06-14T09:23:17,1000.0,13.15,B
2021-06-14T09:23:06,1000.0,13.2,B
2021-06-14T09:23:06,1000.0,13.1,S
2021-06-14T09:23:04,500.0,13.15,B
2021-06-14T09:22:47,200.0,13.15,B
2021-06-14T09:22:41,100.0,13.1,S
2021-06-14T09:21:58,3600.0,13.4,B
2021-06-14T09:21:58,200.0,13.4,B
2021-06-14T09:21:58,300.0,13.3,B
2021-06-14T09:21:58,1300.0,13.3,B
2021-06-14T09:21:58,400.0,13.3,B
2021-06-14T09:21:58,700.0,13.3,B
2021-06-14T09:21:58,4200.0,13.25,B
2021-06-14T09:21:58,600.0,13.25,B
2021-06-14T09:21:58,18700.0,13.25,B
2021-06-14T09:21:57,100.0,13.15,S
2021-06-14T09:21:28,200.0,13.15,S
2021-06-14T09:21:27,300.0,13.15,S
2021-06-14T09:21:26,2000.0,13.1,S
2021-06-14T09:21:16,100.0,13.2,B
2021-06-14T09:20:58,200.0,13.2,B
2021-06-14T09:20:29,100.0,13.2,B
2021-06-14T09:20:21,100.0,13.2,B
2021-06-14T09:20:14,900.0,13.15,S
2021-06-14T09:20:05,3000.0,13.15,S
2021-06-14T09:19:25,100.0,13.2,S
2021-06-14T09:18:47,100.0,13.2,S
2021-06-14T09:18:39,1000.0,13.1,S
2021-06-14T09:18:31,5000.0,13.2,S
2021-06-14T09:18:15,500.0,13.1,S
2021-06-14T09:18:11,1000.0,13.2,S
2021-06-14T09:18:05,500.0,13.2,S
2021-06-14T09:18:03,600.0,13.2,S
2021-06-14T09:18:00,4300.0,13.2,S
2021-06-14T09:17:43,100.0,13.2,S
2021-06-14T09:17:38,3000.0,13.25,S
2021-06-14T09:17:24,5000.0,13.2,S
2021-06-14T09:17:15,100.0,13.2,S
2021-06-14T09:17:08,700.0,13.25,S
2021-06-14T09:17:02,5000.0,13.25,B
2021-06-14T09:17:01,200.0,13.25,B
2021-06-14T09:16:11,800.0,13.25,B
