tradingTime,volume,price,side
2021-06-14T14:26:33,700.0,12.25,S
2021-06-14T14:26:33,4300.0,12.25,S
2021-06-14T14:26:19,2000.0,12.3,B
2021-06-14T14:26:16,5000.0,12.25,S
2021-06-14T14:26:04,2000.0,12.3,B
2021-06-14T14:25:51,3000.0,12.3,B
2021-06-14T14:25:42,1000.0,12.3,B
2021-06-14T14:25:35,3800.0,12.3,B
2021-06-14T14:25:03,1200.0,12.3,B
2021-06-14T14:25:03,100.0,12.3,B
2021-06-14T14:25:03,700.0,12.3,B
2021-06-14T14:24:46,500.0,12.3,B
2021-06-14T14:23:58,100.0,12.3,B
2021-06-14T14:23:14,7000.0,12.3,B
2021-06-14T14:22:23,200.0,12.3,B
2021-06-14T14:21:55,2000.0,12.25,S
2021-06-14T14:21:38,200.0,12.3,B
2021-06-14T14:20:22,1000.0,12.25,S
2021-06-14T14:20:16,2300.0,12.3,B
2021-06-14T14:19:17,900.0,12.3,B
2021-06-14T14:15:53,1200.0,12.25,S
2021-06-14T14:15:35,5000.0,12.25,S
2021-06-14T14:13:56,5000.0,12.25,S
2021-06-14T14:12:45,1000.0,12.3,B
2021-06-14T14:12:31,15000.0,12.3,B
2021-06-14T14:11:46,100.0,12.25,S
2021-06-14T14:11:36,8000.0,12.3,B
2021-06-14T14:11:21,1000.0,12.25,S
2021-06-14T14:11:00,2000.0,12.25,S
2021-06-14T14:10:54,400.0,12.25,S
2021-06-14T14:10:53,1000.0,12.25,S
2021-06-14T14:10:34,1000.0,12.3,B
2021-06-14T14:09:07,4100.0,12.25,B
2021-06-14T14:09:02,900.0,12.25,B
2021-06-14T14:07:35,100.0,12.25,B
2021-06-14T14:07:05,1000.0,12.25,B
2021-06-14T14:07:04,400.0,12.25,B
2021-06-14T14:06:00,600.0,12.25,B
2021-06-14T14:06:00,4400.0,12.25,B
2021-06-14T14:03:56,300.0,12.25,B
2021-06-14T14:03:40,500.0,12.25,B
2021-06-14T14:03:40,2900.0,12.25,B
2021-06-14T14:03:40,16600.0,12.25,B
2021-06-14T14:03:29,100.0,12.25,B
2021-06-14T14:03:10,1000.0,12.25,B
2021-06-14T14:01:01,2500.0,12.25,B
2021-06-14T14:00:16,10000.0,12.2,S
2021-06-14T13:59:56,300.0,12.25,B
2021-06-14T13:59:55,10000.0,12.2,S
2021-06-14T13:59:47,300.0,12.25,B
2021-06-14T13:59:47,1700.0,12.25,B
2021-06-14T13:59:31,3300.0,12.25,B
2021-06-14T13:59:31,1700.0,12.25,B
2021-06-14T13:57:09,500.0,12.25,B
2021-06-14T13:56:39,400.0,12.25,B
2021-06-14T13:56:19,3000.0,12.2,S
2021-06-14T13:55:38,100.0,12.25,B
2021-06-14T13:54:38,200.0,12.2,S
2021-06-14T13:53:58,1000.0,12.2,S
2021-06-14T13:53:09,3000.0,12.2,S
2021-06-14T13:53:09,1500.0,12.2,S
2021-06-14T13:52:47,2700.0,12.15,S
2021-06-14T13:52:17,200.0,12.15,S
2021-06-14T13:51:06,16500.0,12.15,S
2021-06-14T13:50:37,1100.0,12.2,S
2021-06-14T13:49:59,2000.0,12.2,S
2021-06-14T13:49:37,200.0,12.2,S
2021-06-14T13:47:57,1600.0,12.2,S
2021-06-14T13:47:57,3400.0,12.2,S
2021-06-14T13:46:52,500.0,12.2,S
2021-06-14T13:44:59,100.0,12.2,S
2021-06-14T13:43:52,2000.0,12.2,B
2021-06-14T13:42:26,400.0,12.2,B
2021-06-14T13:41:24,2000.0,12.2,B
2021-06-14T13:39:54,2000.0,12.2,B
2021-06-14T13:39:22,100.0,12.2,B
2021-06-14T13:37:00,100.0,12.2,B
2021-06-14T13:36:58,100.0,12.2,B
2021-06-14T13:36:55,100.0,12.2,B
2021-06-14T13:36:51,100.0,12.2,B
2021-06-14T13:36:49,100.0,12.2,B
2021-06-14T13:31:09,6400.0,12.2,S
2021-06-14T13:30:43,100.0,12.25,B
2021-06-14T13:30:41,100.0,12.25,B
2021-06-14T13:30:19,100.0,12.25,B
2021-06-14T13:30:16,100.0,12.25,B
2021-06-14T13:30:14,3100.0,12.2,S
2021-06-14T13:30:11,100.0,12.25,B
2021-06-14T13:30:02,100.0,12.25,B
2021-06-14T13:29:23,100.0,12.25,B
2021-06-14T13:28:34,1000.0,12.25,B
2021-06-14T13:26:01,2000.0,12.2,S
2021-06-14T13:24:48,100.0,12.2,S
2021-06-14T13:24:34,100.0,12.2,B
2021-06-14T13:22:24,100.0,12.2,B
2021-06-14T13:21:35,1400.0,12.2,B
2021-06-14T13:20:38,3300.0,12.2,B
2021-06-14T13:16:30,2000.0,12.2,B
2021-06-14T13:14:50,2000.0,12.15,S
2021-06-14T13:14:23,100.0,12.2,B
2021-06-14T13:11:37,1000.0,12.2,B
2021-06-14T13:11:37,1000.0,12.2,B
2021-06-14T13:09:04,200.0,12.2,S
2021-06-14T13:08:53,2400.0,12.2,S
2021-06-14T13:08:25,1600.0,12.2,S
2021-06-14T13:08:13,200.0,12.2,S
2021-06-14T13:08:06,1000.0,12.2,S
2021-06-14T13:01:29,3200.0,12.2,B
2021-06-14T13:01:27,200.0,12.2,B
2021-06-14T13:00:27,10000.0,12.2,B
2021-06-14T11:28:50,1000.0,12.15,S
2021-06-14T11:27:52,1000.0,12.15,S
2021-06-14T11:27:43,700.0,12.15,S
2021-06-14T11:25:16,1000.0,12.15,S
2021-06-14T11:24:29,100.0,12.15,S
2021-06-14T11:22:14,100.0,12.15,B
2021-06-14T11:22:08,200.0,12.15,B
2021-06-14T11:20:56,700.0,12.15,S
2021-06-14T11:17:57,100.0,12.15,S
2021-06-14T11:17:26,100.0,12.15,S
2021-06-14T11:17:16,2000.0,12.15,S
2021-06-14T11:15:36,3100.0,12.15,S
2021-06-14T11:15:36,2200.0,12.15,S
2021-06-14T11:15:36,100.0,12.15,S
2021-06-14T11:15:36,4600.0,12.15,S
2021-06-14T11:11:53,100.0,12.15,S
2021-06-14T11:11:07,300.0,12.15,S
2021-06-14T11:11:07,4700.0,12.15,S
2021-06-14T11:10:38,200.0,12.15,S
2021-06-14T11:10:28,300.0,12.2,B
2021-06-14T11:09:46,100.0,12.2,B
2021-06-14T11:09:39,500.0,12.2,B
2021-06-14T11:09:26,1000.0,12.2,B
2021-06-14T11:08:32,2400.0,12.2,S
2021-06-14T11:06:09,1000.0,12.25,B
2021-06-14T11:05:38,2000.0,12.25,B
2021-06-14T11:05:09,2000.0,12.25,B
2021-06-14T11:04:22,1000.0,12.25,B
2021-06-14T11:04:05,1200.0,12.2,S
2021-06-14T11:03:44,2800.0,12.2,S
2021-06-14T11:03:41,900.0,12.2,S
2021-06-14T11:02:47,400.0,12.2,S
2021-06-14T11:02:39,200.0,12.2,S
2021-06-14T11:02:36,500.0,12.2,S
2021-06-14T11:02:16,1000.0,12.2,S
2021-06-14T11:00:38,500.0,12.2,S
2021-06-14T10:59:57,1000.0,12.25,B
2021-06-14T10:59:57,600.0,12.2,S
2021-06-14T10:59:45,100.0,12.2,S
2021-06-14T10:59:45,500.0,12.2,S
2021-06-14T10:59:45,2000.0,12.2,S
2021-06-14T10:59:45,3300.0,12.2,S
2021-06-14T10:59:27,5000.0,12.2,S
2021-06-14T10:59:19,500.0,12.2,S
2021-06-14T10:59:01,200.0,12.25,B
2021-06-14T10:58:52,10000.0,12.2,S
2021-06-14T10:58:36,500.0,12.2,S
2021-06-14T10:58:16,500.0,12.25,B
2021-06-14T10:57:46,1000.0,12.2,S
2021-06-14T10:53:36,1000.0,12.25,B
2021-06-14T10:53:33,500.0,12.2,S
2021-06-14T10:53:32,700.0,12.25,B
2021-06-14T10:51:21,200.0,12.25,B
2021-06-14T10:51:07,200.0,12.2,S
2021-06-14T10:50:43,1400.0,12.2,S
2021-06-14T10:48:38,300.0,12.2,S
2021-06-14T10:46:00,1000.0,12.2,B
2021-06-14T10:43:40,100.0,12.2,B
2021-06-14T10:43:39,2000.0,12.2,B
2021-06-14T10:43:38,2000.0,12.15,S
2021-06-14T10:43:38,1000.0,12.15,S
2021-06-14T10:43:32,700.0,12.2,B
2021-06-14T10:43:24,1700.0,12.2,B
2021-06-14T10:43:07,2000.0,12.2,B
2021-06-14T10:42:30,3000.0,12.2,B
2021-06-14T10:42:19,4700.0,12.3,B
2021-06-14T10:42:19,7100.0,12.25,S
2021-06-14T10:42:19,9800.0,12.25,S
2021-06-14T10:41:31,3000.0,12.2,S
2021-06-14T10:41:11,1000.0,12.2,S
2021-06-14T10:40:57,1500.0,12.25,S
2021-06-14T10:40:54,500.0,12.2,S
2021-06-14T10:40:36,1500.0,12.2,S
2021-06-14T10:40:34,3000.0,12.2,S
2021-06-14T10:40:14,3000.0,12.2,S
2021-06-14T10:39:59,1200.0,12.25,S
2021-06-14T10:39:58,300.0,12.25,S
2021-06-14T10:39:56,3000.0,12.3,B
2021-06-14T10:39:32,10000.0,12.3,B
2021-06-14T10:39:32,300.0,12.25,S
2021-06-14T10:39:22,3000.0,12.3,B
2021-06-14T10:38:42,3000.0,12.25,S
2021-06-14T10:38:05,800.0,12.25,B
2021-06-14T10:36:50,200.0,12.25,B
2021-06-14T10:36:20,1000.0,12.2,S
2021-06-14T10:36:11,900.0,12.3,B
2021-06-14T10:36:11,500.0,12.3,B
2021-06-14T10:36:11,18100.0,12.3,B
2021-06-14T10:36:11,500.0,12.25,B
2021-06-14T10:35:02,10000.0,12.2,B
2021-06-14T10:33:13,300.0,12.2,B
2021-06-14T10:32:33,300.0,12.2,B
2021-06-14T10:32:26,500.0,12.2,B
2021-06-14T10:32:26,5000.0,12.2,B
2021-06-14T10:32:26,10700.0,12.2,B
2021-06-14T10:32:26,1400.0,12.2,B
2021-06-14T10:32:26,5300.0,12.2,B
2021-06-14T10:32:26,100.0,12.2,B
2021-06-14T10:32:26,500.0,12.2,B
2021-06-14T10:32:04,2800.0,12.15,B
2021-06-14T10:32:02,300.0,12.15,B
2021-06-14T10:31:59,2500.0,12.1,S
2021-06-14T10:31:47,2000.0,12.15,B
2021-06-14T10:31:42,3000.0,12.15,B
2021-06-14T10:31:37,5000.0,12.1,S
2021-06-14T10:31:21,1000.0,12.15,B
2021-06-14T10:31:04,500.0,12.15,B
2021-06-14T10:30:49,5000.0,12.1,S
2021-06-14T10:30:43,500.0,12.15,B
2021-06-14T10:30:43,500.0,12.15,B
2021-06-14T10:30:15,1000.0,12.1,S
2021-06-14T10:29:26,1600.0,12.1,B
2021-06-14T10:29:26,3400.0,12.1,B
2021-06-14T10:29:05,100.0,12.1,B
2021-06-14T10:29:04,6500.0,12.1,B
2021-06-14T10:28:56,600.0,12.1,B
2021-06-14T10:28:56,400.0,12.1,B
2021-06-14T10:28:56,2700.0,12.1,B
2021-06-14T10:28:56,16300.0,12.1,B
2021-06-14T10:28:55,100.0,12.1,B
2021-06-14T10:28:43,10000.0,12.1,B
2021-06-14T10:28:23,200.0,12.05,S
2021-06-14T10:28:09,1000.0,12.05,S
2021-06-14T10:26:29,3500.0,12.05,B
2021-06-14T10:26:28,1000.0,12.0,S
2021-06-14T10:25:15,100.0,12.0,S
2021-06-14T10:24:47,1000.0,12.0,S
2021-06-14T10:24:19,2000.0,12.0,S
2021-06-14T10:24:07,3600.0,12.0,S
2021-06-14T10:24:07,1400.0,12.05,B
2021-06-14T10:24:05,600.0,12.1,B
2021-06-14T10:23:56,100.0,12.1,B
2021-06-14T10:22:48,500.0,12.05,B
2021-06-14T10:22:25,4100.0,12.05,B
2021-06-14T10:22:24,5000.0,12.0,S
2021-06-14T10:22:21,200.0,12.05,B
2021-06-14T10:22:20,20000.0,12.05,B
2021-06-14T10:21:47,400.0,12.05,B
2021-06-14T10:21:47,100.0,12.05,B
2021-06-14T10:21:47,500.0,12.05,B
2021-06-14T10:21:31,600.0,12.0,S
2021-06-14T10:20:13,5000.0,12.0,B
2021-06-14T10:20:13,1800.0,12.0,B
2021-06-14T10:20:13,1000.0,12.0,B
2021-06-14T10:20:13,9300.0,12.0,B
2021-06-14T10:20:13,200.0,12.0,B
2021-06-14T10:20:13,2000.0,12.0,B
2021-06-14T10:20:13,500.0,12.0,B
2021-06-14T10:20:13,400.0,12.0,B
2021-06-14T10:19:44,2100.0,12.0,B
2021-06-14T10:19:44,900.0,12.0,B
2021-06-14T10:19:39,1000.0,12.0,B
2021-06-14T10:19:17,3000.0,12.0,B
2021-06-14T10:19:06,4000.0,11.95,S
2021-06-14T10:19:02,10000.0,12.0,B
2021-06-14T10:18:26,10000.0,12.0,B
2021-06-14T10:16:39,200.0,11.95,B
2021-06-14T10:15:44,1500.0,11.95,B
2021-06-14T10:15:28,500.0,11.9,S
2021-06-14T10:15:17,100.0,11.95,S
2021-06-14T10:15:04,2000.0,11.95,S
2021-06-14T10:14:39,8000.0,11.95,S
2021-06-14T10:14:37,1000.0,11.95,S
2021-06-14T10:14:23,5000.0,11.95,S
2021-06-14T10:14:13,1000.0,11.95,S
2021-06-14T10:14:13,9900.0,11.95,S
2021-06-14T10:14:13,5000.0,11.95,S
2021-06-14T10:13:54,500.0,11.95,S
2021-06-14T10:13:30,200.0,12.0,B
2021-06-14T10:12:40,500.0,12.0,B
2021-06-14T10:12:35,500.0,11.95,S
2021-06-14T10:11:10,100.0,11.95,S
2021-06-14T10:10:20,5000.0,11.95,B
2021-06-14T10:09:45,800.0,11.95,B
2021-06-14T10:09:45,3200.0,11.95,B
2021-06-14T10:09:34,1500.0,11.95,B
2021-06-14T10:08:40,100.0,11.95,B
2021-06-14T10:08:22,300.0,11.95,B
2021-06-14T10:07:27,200.0,11.95,B
2021-06-14T10:07:25,5000.0,11.95,B
2021-06-14T10:07:06,1000.0,11.95,B
2021-06-14T10:07:06,1400.0,11.95,B
2021-06-14T10:07:06,2600.0,11.95,B
2021-06-14T10:06:32,200.0,11.95,B
2021-06-14T10:05:28,100.0,11.9,S
2021-06-14T10:04:04,1000.0,11.9,B
2021-06-14T10:03:49,100.0,11.9,B
2021-06-14T10:03:10,400.0,11.9,B
2021-06-14T10:02:45,500.0,11.9,B
2021-06-14T10:02:38,500.0,11.85,S
2021-06-14T10:02:17,5000.0,11.9,B
2021-06-14T10:01:53,300.0,11.9,B
2021-06-14T10:01:53,700.0,11.9,B
2021-06-14T10:01:53,200.0,11.85,S
2021-06-14T10:01:31,500.0,11.9,B
2021-06-14T10:01:21,3800.0,11.9,B
2021-06-14T10:01:17,1000.0,11.85,S
2021-06-14T10:01:01,100.0,11.85,S
2021-06-14T10:00:32,500.0,11.9,B
2021-06-14T10:00:21,100.0,11.85,S
2021-06-14T09:59:49,1000.0,11.85,B
2021-06-14T09:59:38,200.0,11.85,B
2021-06-14T09:59:18,900.0,11.8,B
2021-06-14T09:59:18,2000.0,11.8,B
2021-06-14T09:59:17,1000.0,11.8,B
2021-06-14T09:59:07,100.0,11.8,B
2021-06-14T09:59:07,200.0,11.8,B
2021-06-14T09:59:07,2200.0,11.8,B
2021-06-14T09:59:05,100.0,11.8,B
2021-06-14T09:58:33,300.0,11.8,B
2021-06-14T09:58:32,2000.0,11.8,B
2021-06-14T09:58:27,5000.0,11.8,B
2021-06-14T09:58:18,1000.0,11.75,S
2021-06-14T09:58:06,100.0,11.75,S
2021-06-14T09:58:02,500.0,11.7,S
2021-06-14T09:57:02,200.0,11.7,S
2021-06-14T09:57:02,300.0,11.7,S
2021-06-14T09:57:02,1000.0,11.7,S
2021-06-14T09:57:02,1200.0,11.7,S
2021-06-14T09:57:02,2300.0,11.7,S
2021-06-14T09:56:49,200.0,11.8,B
2021-06-14T09:55:33,300.0,11.8,B
2021-06-14T09:53:58,500.0,11.8,B
2021-06-14T09:49:57,2300.0,11.7,S
2021-06-14T09:49:57,400.0,11.7,S
2021-06-14T09:49:54,100.0,11.7,S
2021-06-14T09:49:54,500.0,11.75,S
2021-06-14T09:49:54,1700.0,11.75,S
2021-06-14T09:49:32,1200.0,11.8,B
2021-06-14T09:49:32,2000.0,11.8,B
2021-06-14T09:49:32,1800.0,11.8,B
2021-06-14T09:47:50,1000.0,11.8,B
2021-06-14T09:47:44,600.0,11.8,B
2021-06-14T09:44:26,2300.0,11.75,S
2021-06-14T09:44:00,400.0,11.8,B
2021-06-14T09:43:34,400.0,11.8,S
2021-06-14T09:43:14,200.0,11.8,S
2021-06-14T09:41:04,300.0,11.8,S
2021-06-14T09:40:38,1000.0,11.8,S
2021-06-14T09:38:51,400.0,11.8,S
2021-06-14T09:38:18,1000.0,11.8,S
2021-06-14T09:37:40,900.0,11.8,S
2021-06-14T09:37:34,800.0,11.8,S
2021-06-14T09:37:08,5000.0,11.9,B
2021-06-14T09:36:01,300.0,11.8,S
2021-06-14T09:35:55,10000.0,11.9,B
2021-06-14T09:35:12,10000.0,11.9,B
2021-06-14T09:34:22,1500.0,11.8,S
2021-06-14T09:33:58,100.0,11.8,S
2021-06-14T09:33:47,700.0,11.8,S
2021-06-14T09:33:03,3000.0,11.8,S
2021-06-14T09:27:14,17400.0,11.75,S
2021-06-14T09:26:23,1000.0,11.75,S
2021-06-14T09:26:23,700.0,11.75,S
2021-06-14T09:26:23,2000.0,11.75,S
2021-06-14T09:26:23,700.0,11.75,S
2021-06-14T09:26:23,800.0,11.75,S
2021-06-14T09:26:23,1300.0,11.8,S
2021-06-14T09:26:23,11500.0,11.8,S
2021-06-14T09:26:23,1600.0,11.8,S
2021-06-14T09:26:12,1000.0,11.9,S
2021-06-14T09:26:06,500.0,11.9,S
2021-06-14T09:25:32,1200.0,11.9,S
2021-06-14T09:25:25,6000.0,11.9,S
2021-06-14T09:25:04,500.0,11.9,S
2021-06-14T09:24:48,1000.0,11.9,S
2021-06-14T09:24:38,2100.0,11.95,B
2021-06-14T09:24:38,1000.0,11.95,B
2021-06-14T09:23:18,100.0,11.9,S
2021-06-14T09:22:54,500.0,11.9,S
2021-06-14T09:22:40,3000.0,11.9,S
2021-06-14T09:22:14,2800.0,11.9,B
2021-06-14T09:22:14,1200.0,11.9,B
2021-06-14T09:20:26,1000.0,11.9,B
2021-06-14T09:20:11,200.0,11.9,B
2021-06-14T09:19:48,1000.0,11.9,B
2021-06-14T09:19:16,2800.0,11.9,B
2021-06-14T09:19:16,7200.0,11.9,B
2021-06-14T09:19:04,200.0,11.8,B
2021-06-14T09:18:37,5000.0,11.8,B
2021-06-14T09:17:34,600.0,11.75,B
2021-06-14T09:17:33,200.0,11.75,B
2021-06-14T09:17:32,100.0,11.75,B
2021-06-14T09:17:30,500.0,11.75,B
