tradingTime,volume,price,side
2021-06-14T14:29:22,2800.0,19.5,B
2021-06-14T14:29:22,9100.0,19.5,B
2021-06-14T14:29:22,2200.0,19.5,B
2021-06-14T14:29:22,3700.0,19.5,B
2021-06-14T14:29:22,1800.0,19.5,B
2021-06-14T14:29:22,10400.0,19.5,B
2021-06-14T14:27:01,100.0,19.45,S
2021-06-14T14:26:47,2000.0,19.45,S
2021-06-14T14:26:43,1000.0,19.45,S
2021-06-14T14:26:37,500.0,19.5,B
2021-06-14T14:26:23,100.0,19.45,S
2021-06-14T14:26:15,1000.0,19.45,S
2021-06-14T14:26:08,500.0,19.45,S
2021-06-14T14:25:26,2500.0,19.45,S
2021-06-14T14:25:17,3700.0,19.45,B
2021-06-14T14:25:00,3700.0,19.45,B
2021-06-14T14:24:18,1000.0,19.4,S
2021-06-14T14:24:08,300.0,19.45,B
2021-06-14T14:24:07,10000.0,19.45,B
2021-06-14T14:23:54,1300.0,19.45,B
2021-06-14T14:22:42,400.0,19.4,S
2021-06-14T14:22:32,500.0,19.4,B
2021-06-14T14:21:31,1000.0,19.35,S
2021-06-14T14:20:47,4000.0,19.35,S
2021-06-14T14:20:37,1000.0,19.5,B
2021-06-14T14:20:23,2700.0,19.45,B
2021-06-14T14:20:17,5000.0,19.45,B
2021-06-14T14:20:15,2300.0,19.45,B
2021-06-14T14:20:04,5000.0,19.35,S
2021-06-14T14:20:00,100.0,19.4,B
2021-06-14T14:20:00,1600.0,19.4,B
2021-06-14T14:19:54,15000.0,19.45,B
2021-06-14T14:19:47,3600.0,19.45,B
2021-06-14T14:19:47,5200.0,19.45,B
2021-06-14T14:19:47,500.0,19.45,B
2021-06-14T14:19:47,5000.0,19.45,B
2021-06-14T14:19:46,9300.0,19.45,B
2021-06-14T14:19:26,28700.0,19.45,B
2021-06-14T14:19:26,3700.0,19.4,B
2021-06-14T14:19:26,7600.0,19.4,B
2021-06-14T14:18:49,300.0,19.4,S
2021-06-14T14:18:46,1000.0,19.4,S
2021-06-14T14:18:29,200.0,19.4,S
2021-06-14T14:18:22,100.0,19.4,S
2021-06-14T14:18:19,300.0,19.4,S
2021-06-14T14:18:16,7000.0,19.35,S
2021-06-14T14:18:16,200.0,19.35,S
2021-06-14T14:18:16,700.0,19.4,S
2021-06-14T14:18:16,5000.0,19.4,S
2021-06-14T14:18:16,7100.0,19.4,S
2021-06-14T14:18:16,1000.0,19.4,S
2021-06-14T14:18:07,200.0,19.4,S
2021-06-14T14:17:57,1000.0,19.4,S
2021-06-14T14:17:28,300.0,19.4,S
2021-06-14T14:17:24,1900.0,19.4,S
2021-06-14T14:17:24,4100.0,19.4,S
2021-06-14T14:17:04,1000.0,19.4,S
2021-06-14T14:16:58,1000.0,19.4,S
2021-06-14T14:16:44,2000.0,19.4,S
2021-06-14T14:16:29,100.0,19.4,S
2021-06-14T14:16:29,10000.0,19.4,S
2021-06-14T14:16:04,3000.0,19.4,S
2021-06-14T14:16:00,3700.0,19.4,S
2021-06-14T14:16:00,1100.0,19.4,S
2021-06-14T14:16:00,1000.0,19.4,S
2021-06-14T14:16:00,3800.0,19.4,S
2021-06-14T14:16:00,1300.0,19.4,S
2021-06-14T14:15:57,700.0,19.4,S
2021-06-14T14:15:52,3000.0,19.45,S
2021-06-14T14:15:43,300.0,19.4,S
2021-06-14T14:15:40,5000.0,19.4,S
2021-06-14T14:15:14,10000.0,19.4,S
2021-06-14T14:15:01,500.0,19.4,S
2021-06-14T14:15:01,100.0,19.45,S
2021-06-14T14:14:53,400.0,19.4,S
2021-06-14T14:14:53,1100.0,19.4,S
2021-06-14T14:14:53,1000.0,19.4,S
2021-06-14T14:14:53,500.0,19.4,S
2021-06-14T14:14:47,2000.0,19.4,S
2021-06-14T14:14:44,1000.0,19.4,S
2021-06-14T14:14:21,100.0,19.45,S
2021-06-14T14:13:17,1900.0,19.4,S
2021-06-14T14:13:03,400.0,19.4,S
2021-06-14T14:12:41,8000.0,19.45,S
2021-06-14T14:12:35,4000.0,19.4,S
2021-06-14T14:12:34,600.0,19.45,S
2021-06-14T14:12:21,1500.0,19.45,S
2021-06-14T14:12:11,2000.0,19.45,S
2021-06-14T14:12:09,1500.0,19.45,S
2021-06-14T14:12:08,900.0,19.45,S
2021-06-14T14:12:08,100.0,19.45,S
2021-06-14T14:12:05,200.0,19.45,S
2021-06-14T14:12:02,1000.0,19.5,B
2021-06-14T14:11:46,100.0,19.45,S
2021-06-14T14:11:40,1000.0,19.45,S
2021-06-14T14:11:38,2000.0,19.45,S
2021-06-14T14:11:35,1000.0,19.45,S
2021-06-14T14:11:35,1000.0,19.45,S
2021-06-14T14:11:35,5000.0,19.45,S
2021-06-14T14:11:29,1000.0,19.45,S
2021-06-14T14:11:23,800.0,19.45,S
2021-06-14T14:11:17,200.0,19.5,B
2021-06-14T14:11:17,6000.0,19.45,S
2021-06-14T14:11:02,2000.0,19.45,S
2021-06-14T14:10:55,500.0,19.45,S
2021-06-14T14:10:41,2000.0,19.45,S
2021-06-14T14:10:27,3000.0,19.45,S
2021-06-14T14:10:13,1000.0,19.45,S
2021-06-14T14:09:48,700.0,19.5,S
2021-06-14T14:09:00,1800.0,19.45,S
2021-06-14T14:08:52,2000.0,19.5,S
2021-06-14T14:08:50,3000.0,19.5,S
2021-06-14T14:08:48,5000.0,19.5,S
2021-06-14T14:08:40,1000.0,19.5,S
2021-06-14T14:08:33,300.0,19.5,S
2021-06-14T14:08:33,900.0,19.5,S
2021-06-14T14:08:24,1000.0,19.5,S
2021-06-14T14:08:23,1000.0,19.5,S
2021-06-14T14:08:21,1000.0,19.5,S
2021-06-14T14:08:10,400.0,19.5,S
2021-06-14T14:08:05,1000.0,19.5,S
2021-06-14T14:08:01,200.0,19.5,S
2021-06-14T14:07:55,2000.0,19.5,S
2021-06-14T14:07:25,800.0,19.5,S
2021-06-14T14:07:17,500.0,19.5,S
2021-06-14T14:07:05,1000.0,19.5,S
2021-06-14T14:07:00,400.0,19.5,S
2021-06-14T14:06:46,1000.0,19.5,S
2021-06-14T14:06:38,2200.0,19.5,S
2021-06-14T14:06:38,1800.0,19.5,S
2021-06-14T14:06:37,100.0,19.5,S
2021-06-14T14:06:24,3000.0,19.5,S
2021-06-14T14:05:48,1000.0,19.5,S
2021-06-14T14:05:48,100.0,19.5,S
2021-06-14T14:05:17,5000.0,19.5,S
2021-06-14T14:05:13,1000.0,19.55,B
2021-06-14T14:04:45,200.0,19.55,B
2021-06-14T14:04:33,2000.0,19.55,B
2021-06-14T14:04:25,1800.0,19.5,S
2021-06-14T14:04:18,1000.0,19.55,B
2021-06-14T14:04:01,1000.0,19.5,S
2021-06-14T14:03:39,1600.0,19.55,S
2021-06-14T14:03:35,400.0,19.55,S
2021-06-14T14:03:18,700.0,19.55,S
2021-06-14T14:03:04,200.0,19.5,S
2021-06-14T14:02:58,3900.0,19.55,S
2021-06-14T14:02:12,3000.0,19.55,B
2021-06-14T14:02:03,3000.0,19.55,B
2021-06-14T14:01:59,11200.0,19.55,B
2021-06-14T14:01:30,1000.0,19.5,S
2021-06-14T14:00:51,500.0,19.5,S
2021-06-14T14:00:36,100.0,19.5,S
2021-06-14T14:00:05,4100.0,19.5,S
2021-06-14T14:00:02,2000.0,19.5,S
2021-06-14T13:59:48,1000.0,19.5,S
2021-06-14T13:59:35,2000.0,19.5,S
2021-06-14T13:59:18,1000.0,19.5,S
2021-06-14T13:57:50,5000.0,19.5,S
2021-06-14T13:57:21,100.0,19.55,S
2021-06-14T13:56:41,3000.0,19.6,B
2021-06-14T13:56:08,1000.0,19.6,B
2021-06-14T13:56:02,300.0,19.5,S
2021-06-14T13:55:57,20000.0,19.5,S
2021-06-14T13:55:23,400.0,19.6,B
2021-06-14T13:54:48,3000.0,19.5,S
2021-06-14T13:54:33,200.0,19.5,S
2021-06-14T13:54:28,15000.0,19.5,S
2021-06-14T13:54:24,300.0,19.5,S
2021-06-14T13:54:20,300.0,19.5,S
2021-06-14T13:53:57,1000.0,19.5,S
2021-06-14T13:53:57,3700.0,19.5,S
2021-06-14T13:53:56,300.0,19.5,S
2021-06-14T13:53:52,100.0,19.5,S
2021-06-14T13:52:33,3500.0,19.5,S
2021-06-14T13:51:24,800.0,19.5,S
2021-06-14T13:50:49,5000.0,19.5,S
2021-06-14T13:50:45,1900.0,19.5,S
2021-06-14T13:50:45,1100.0,19.5,S
2021-06-14T13:50:41,1000.0,19.6,B
2021-06-14T13:50:31,100.0,19.5,S
2021-06-14T13:50:23,200.0,19.5,S
2021-06-14T13:49:08,9300.0,19.5,S
2021-06-14T13:49:07,2400.0,19.5,S
2021-06-14T13:49:07,4100.0,19.5,S
2021-06-14T13:49:07,9200.0,19.5,S
2021-06-14T13:48:24,5000.0,19.6,B
2021-06-14T13:48:15,15500.0,19.55,S
2021-06-14T13:48:09,200.0,19.6,B
2021-06-14T13:47:43,300.0,19.55,S
2021-06-14T13:47:35,1500.0,19.55,S
2021-06-14T13:47:19,1500.0,19.6,S
2021-06-14T13:47:09,300.0,19.6,S
2021-06-14T13:46:51,5000.0,19.65,B
2021-06-14T13:46:45,700.0,19.6,S
2021-06-14T13:46:44,500.0,19.6,S
2021-06-14T13:46:39,7800.0,19.6,S
2021-06-14T13:46:29,200.0,19.6,S
2021-06-14T13:46:29,300.0,19.6,S
2021-06-14T13:46:27,2000.0,19.6,S
2021-06-14T13:46:25,1000.0,19.65,B
2021-06-14T13:46:24,300.0,19.6,S
2021-06-14T13:46:13,500.0,19.6,S
2021-06-14T13:46:10,7000.0,19.6,S
2021-06-14T13:46:04,3000.0,19.6,S
2021-06-14T13:45:57,2900.0,19.6,S
2021-06-14T13:45:57,3000.0,19.6,S
2021-06-14T13:45:57,400.0,19.6,S
2021-06-14T13:45:56,3700.0,19.6,S
2021-06-14T13:45:16,200.0,19.6,S
2021-06-14T13:45:01,100.0,19.6,S
2021-06-14T13:44:33,200.0,19.6,S
2021-06-14T13:44:31,300.0,19.6,S
2021-06-14T13:44:09,300.0,19.6,S
2021-06-14T13:43:33,100.0,19.65,S
2021-06-14T13:43:29,6600.0,19.65,S
2021-06-14T13:43:07,1000.0,19.65,S
2021-06-14T13:42:42,300.0,19.7,B
2021-06-14T13:42:36,300.0,19.65,S
2021-06-14T13:40:45,300.0,19.7,S
2021-06-14T13:40:45,200.0,19.7,S
2021-06-14T13:40:06,500.0,19.7,S
2021-06-14T13:39:35,100.0,19.7,S
2021-06-14T13:39:35,9400.0,19.7,S
2021-06-14T13:39:35,500.0,19.7,S
2021-06-14T13:39:17,100.0,19.7,S
2021-06-14T13:39:06,200.0,19.7,S
2021-06-14T13:39:02,500.0,19.7,S
2021-06-14T13:39:02,1700.0,19.7,S
2021-06-14T13:38:56,100.0,19.7,S
2021-06-14T13:38:56,1900.0,19.7,S
2021-06-14T13:38:50,3100.0,19.7,S
2021-06-14T13:38:50,6900.0,19.7,S
2021-06-14T13:38:49,500.0,19.75,B
2021-06-14T13:38:38,1000.0,19.7,S
2021-06-14T13:38:37,100.0,19.7,S
2021-06-14T13:38:36,500.0,19.7,S
2021-06-14T13:38:32,500.0,19.7,S
2021-06-14T13:38:26,2000.0,19.7,S
2021-06-14T13:38:06,1500.0,19.7,S
2021-06-14T13:37:56,1200.0,19.7,S
2021-06-14T13:37:46,500.0,19.7,S
2021-06-14T13:37:42,1300.0,19.7,S
2021-06-14T13:37:42,700.0,19.7,S
2021-06-14T13:37:20,500.0,19.7,S
2021-06-14T13:37:15,1000.0,19.7,S
2021-06-14T13:37:14,300.0,19.75,B
2021-06-14T13:36:55,200.0,19.7,S
2021-06-14T13:36:41,700.0,19.7,S
2021-06-14T13:36:41,200.0,19.7,S
2021-06-14T13:36:40,600.0,19.7,S
2021-06-14T13:36:25,5000.0,19.7,S
2021-06-14T13:36:24,3500.0,19.75,B
2021-06-14T13:36:05,1000.0,19.7,S
2021-06-14T13:35:24,200.0,19.7,S
2021-06-14T13:35:24,800.0,19.7,S
2021-06-14T13:34:52,5000.0,19.7,S
2021-06-14T13:34:21,900.0,19.7,S
2021-06-14T13:34:04,200.0,19.75,S
2021-06-14T13:33:59,200.0,19.7,S
2021-06-14T13:33:52,500.0,19.7,S
2021-06-14T13:33:42,100.0,19.7,S
2021-06-14T13:32:10,500.0,19.7,S
2021-06-14T13:31:55,2000.0,19.8,B
2021-06-14T13:31:52,700.0,19.8,B
2021-06-14T13:31:52,2300.0,19.8,B
2021-06-14T13:31:34,700.0,19.75,S
2021-06-14T13:31:27,300.0,19.75,S
2021-06-14T13:31:22,1000.0,19.75,S
2021-06-14T13:31:18,300.0,19.75,S
2021-06-14T13:31:15,800.0,19.75,S
2021-06-14T13:31:15,300.0,19.75,S
2021-06-14T13:31:15,1400.0,19.75,S
2021-06-14T13:30:50,500.0,19.75,S
2021-06-14T13:30:29,300.0,19.75,S
2021-06-14T13:30:29,300.0,19.75,S
2021-06-14T13:30:29,500.0,19.75,S
2021-06-14T13:30:28,5000.0,19.75,S
2021-06-14T13:30:16,1000.0,19.75,S
2021-06-14T13:30:02,500.0,19.8,B
2021-06-14T13:29:19,1000.0,19.75,S
2021-06-14T13:29:19,5600.0,19.75,S
2021-06-14T13:29:14,100.0,19.75,S
2021-06-14T13:29:11,500.0,19.75,S
2021-06-14T13:29:05,1300.0,19.8,B
2021-06-14T13:28:57,100.0,19.75,S
2021-06-14T13:28:41,200.0,19.75,S
2021-06-14T13:28:06,100.0,19.75,S
2021-06-14T13:28:01,100.0,19.8,B
2021-06-14T13:27:11,200.0,19.8,B
2021-06-14T13:27:11,200.0,19.75,S
2021-06-14T13:27:07,500.0,19.75,S
2021-06-14T13:27:03,1300.0,19.75,S
2021-06-14T13:26:50,200.0,19.75,S
2021-06-14T13:26:48,1000.0,19.8,B
2021-06-14T13:26:46,1000.0,19.75,S
2021-06-14T13:26:38,1500.0,19.75,S
2021-06-14T13:26:28,300.0,19.75,S
2021-06-14T13:26:16,1700.0,19.75,S
2021-06-14T13:26:16,3300.0,19.75,S
2021-06-14T13:26:07,300.0,19.75,S
2021-06-14T13:26:06,5000.0,19.75,S
2021-06-14T13:25:49,200.0,19.75,B
2021-06-14T13:24:44,300.0,19.75,B
2021-06-14T13:24:40,300.0,19.75,B
2021-06-14T13:24:21,6000.0,19.75,B
2021-06-14T13:24:05,200.0,19.75,B
2021-06-14T13:24:05,3300.0,19.75,B
2021-06-14T13:24:05,1600.0,19.75,B
2021-06-14T13:23:46,20000.0,19.75,B
2021-06-14T13:23:21,1000.0,19.75,B
2021-06-14T13:23:20,100.0,19.75,B
2021-06-14T13:22:55,500.0,19.75,B
2021-06-14T13:22:03,2000.0,19.75,B
2021-06-14T13:21:26,100.0,19.7,S
2021-06-14T13:21:10,1000.0,19.75,B
2021-06-14T13:18:55,500.0,19.7,S
2021-06-14T13:18:49,900.0,19.75,B
2021-06-14T13:18:44,2500.0,19.7,S
2021-06-14T13:18:32,700.0,19.75,B
2021-06-14T13:18:31,1000.0,19.7,S
2021-06-14T13:18:24,6000.0,19.75,B
2021-06-14T13:17:53,400.0,19.75,B
2021-06-14T13:17:52,500.0,19.75,B
2021-06-14T13:17:49,20000.0,19.75,B
2021-06-14T13:17:45,100.0,19.75,B
2021-06-14T13:17:30,27000.0,19.7,S
2021-06-14T13:16:39,500.0,19.75,B
2021-06-14T13:16:01,5000.0,19.7,S
2021-06-14T13:15:57,4000.0,19.7,S
2021-06-14T13:15:29,100.0,19.75,B
2021-06-14T13:15:17,1000.0,19.7,S
2021-06-14T13:15:00,2000.0,19.7,S
2021-06-14T13:13:04,100.0,19.7,S
2021-06-14T13:12:53,100.0,19.7,S
2021-06-14T13:12:16,2000.0,19.7,S
2021-06-14T13:11:56,1000.0,19.7,S
2021-06-14T13:09:53,1100.0,19.7,B
2021-06-14T13:09:53,700.0,19.7,B
2021-06-14T13:09:53,500.0,19.7,B
2021-06-14T13:09:53,8900.0,19.7,B
2021-06-14T13:09:53,100.0,19.7,B
2021-06-14T13:09:53,40600.0,19.7,B
2021-06-14T13:09:29,100.0,19.65,S
2021-06-14T13:09:18,5600.0,19.65,S
2021-06-14T13:09:18,3400.0,19.65,S
2021-06-14T13:08:39,1000.0,19.65,B
2021-06-14T13:08:29,100.0,19.65,B
2021-06-14T13:08:25,100.0,19.65,B
2021-06-14T13:08:05,10000.0,19.65,B
2021-06-14T13:07:31,30000.0,19.65,B
2021-06-14T13:06:59,1000.0,19.6,S
2021-06-14T13:06:50,100.0,19.6,S
2021-06-14T13:05:48,1000.0,19.6,S
2021-06-14T13:04:45,100.0,19.6,S
2021-06-14T13:04:29,600.0,19.6,S
2021-06-14T13:02:21,500.0,19.6,B
2021-06-14T13:02:02,100.0,19.6,B
2021-06-14T13:02:02,1100.0,19.6,B
2021-06-14T13:02:02,1100.0,19.6,B
2021-06-14T13:02:02,6300.0,19.6,B
2021-06-14T13:01:56,10000.0,19.6,B
2021-06-14T13:01:42,500.0,19.6,B
2021-06-14T13:01:41,100.0,19.6,B
2021-06-14T13:01:30,100.0,19.6,B
2021-06-14T13:01:29,200.0,19.6,B
2021-06-14T13:01:28,200.0,19.6,B
2021-06-14T13:01:01,100.0,19.6,B
2021-06-14T13:00:38,700.0,19.6,B
2021-06-14T13:00:38,100.0,19.6,B
2021-06-14T13:00:37,200.0,19.6,B
2021-06-14T13:00:37,3000.0,19.55,S
2021-06-14T13:00:36,100.0,19.6,B
2021-06-14T13:00:36,100.0,19.6,B
2021-06-14T13:00:36,3000.0,19.6,B
2021-06-14T13:00:35,100.0,19.6,B
2021-06-14T13:00:34,300.0,19.6,B
2021-06-14T13:00:34,5000.0,19.6,B
2021-06-14T13:00:33,200.0,19.6,B
2021-06-14T13:00:30,1000.0,19.6,B
2021-06-14T13:00:27,500.0,19.6,B
2021-06-14T13:00:25,100.0,19.6,B
2021-06-14T13:00:25,100.0,19.6,B
2021-06-14T13:00:25,1300.0,19.6,B
2021-06-14T11:29:12,1000.0,19.6,B
2021-06-14T11:28:48,500.0,19.5,B
2021-06-14T11:27:57,500.0,19.5,B
2021-06-14T11:27:56,800.0,19.5,B
2021-06-14T11:27:32,2000.0,19.5,B
2021-06-14T11:27:27,300.0,19.5,B
2021-06-14T11:27:09,1300.0,19.5,S
2021-06-14T11:27:09,10000.0,19.5,S
2021-06-14T11:27:09,3900.0,19.5,S
2021-06-14T11:26:34,1400.0,19.5,S
2021-06-14T11:26:28,100.0,19.55,B
2021-06-14T11:26:28,4900.0,19.55,B
2021-06-14T11:26:27,1400.0,19.55,B
2021-06-14T11:26:27,300.0,19.55,B
2021-06-14T11:26:25,300.0,19.55,B
2021-06-14T11:25:53,1000.0,19.55,B
2021-06-14T11:25:50,100.0,19.5,S
2021-06-14T11:25:41,10000.0,19.55,B
2021-06-14T11:25:27,1000.0,19.55,B
2021-06-14T11:23:54,300.0,19.55,B
2021-06-14T11:23:19,100.0,19.55,B
2021-06-14T11:23:12,500.0,19.55,B
2021-06-14T11:22:55,200.0,19.55,B
2021-06-14T11:22:55,20000.0,19.55,B
2021-06-14T11:22:45,2000.0,19.55,B
2021-06-14T11:21:51,100.0,19.55,B
2021-06-14T11:21:37,8300.0,19.5,B
2021-06-14T11:21:21,10000.0,19.5,B
2021-06-14T11:21:14,400.0,19.5,B
2021-06-14T11:21:09,2000.0,19.5,B
2021-06-14T11:20:51,300.0,19.5,B
2021-06-14T11:19:28,500.0,19.5,B
2021-06-14T11:19:19,1000.0,19.5,B
2021-06-14T11:19:07,100.0,19.45,S
2021-06-14T11:19:05,500.0,19.45,S
2021-06-14T11:18:36,200.0,19.45,S
2021-06-14T11:18:25,200.0,19.45,S
2021-06-14T11:18:17,500.0,19.45,S
2021-06-14T11:17:58,400.0,19.45,S
2021-06-14T11:17:37,100.0,19.5,B
2021-06-14T11:17:07,500.0,19.45,S
2021-06-14T11:16:38,200.0,19.45,S
2021-06-14T11:16:28,1000.0,19.5,B
2021-06-14T11:16:24,200.0,19.45,S
2021-06-14T11:16:17,100.0,19.45,S
2021-06-14T11:15:51,100.0,19.45,S
2021-06-14T11:15:39,500.0,19.45,S
2021-06-14T11:15:16,1000.0,19.5,S
2021-06-14T11:15:08,2200.0,19.5,S
2021-06-14T11:14:46,1000.0,19.55,B
2021-06-14T11:14:37,10000.0,19.5,S
2021-06-14T11:14:31,300.0,19.5,S
2021-06-14T11:14:30,100.0,19.5,S
2021-06-14T11:14:09,5000.0,19.55,B
2021-06-14T11:13:49,100.0,19.5,S
2021-06-14T11:13:43,1000.0,19.5,S
2021-06-14T11:13:02,5500.0,19.5,S
2021-06-14T11:13:02,14300.0,19.5,S
2021-06-14T11:13:02,1200.0,19.5,S
2021-06-14T11:13:02,2400.0,19.5,S
2021-06-14T11:13:02,2300.0,19.5,S
2021-06-14T11:13:02,300.0,19.5,S
2021-06-14T11:12:44,2000.0,19.55,B
2021-06-14T11:12:41,400.0,19.5,S
2021-06-14T11:12:39,1500.0,19.5,S
2021-06-14T11:12:22,100.0,19.55,B
2021-06-14T11:11:53,100.0,19.55,S
2021-06-14T11:11:51,200.0,19.55,S
2021-06-14T11:09:11,1000.0,19.6,B
2021-06-14T11:09:11,500.0,19.6,B
2021-06-14T11:08:36,500.0,19.6,B
2021-06-14T11:08:30,1000.0,19.6,B
2021-06-14T11:08:29,1000.0,19.55,S
2021-06-14T11:08:06,4500.0,19.6,B
2021-06-14T11:08:06,2300.0,19.6,B
2021-06-14T11:08:06,1400.0,19.6,B
2021-06-14T11:08:05,1800.0,19.6,B
2021-06-14T11:07:39,3000.0,19.6,B
2021-06-14T11:07:36,10000.0,19.55,S
2021-06-14T11:07:23,1000.0,19.6,B
2021-06-14T11:07:11,2000.0,19.6,B
2021-06-14T11:06:59,200.0,19.6,B
2021-06-14T11:06:43,100.0,19.6,B
2021-06-14T11:06:22,8500.0,19.6,B
2021-06-14T11:05:41,300.0,19.6,B
2021-06-14T11:05:39,100.0,19.6,B
2021-06-14T11:05:35,5000.0,19.6,B
2021-06-14T11:05:23,500.0,19.6,B
2021-06-14T11:04:05,1000.0,19.6,B
2021-06-14T11:03:10,100.0,19.6,B
2021-06-14T11:02:59,1500.0,19.55,S
2021-06-14T11:02:17,1000.0,19.6,B
2021-06-14T11:02:05,500.0,19.6,B
2021-06-14T11:01:13,2900.0,19.6,B
2021-06-14T11:01:13,100.0,19.55,B
2021-06-14T11:01:01,1000.0,19.5,S
2021-06-14T11:00:31,2600.0,19.5,S
2021-06-14T11:00:31,1400.0,19.5,S
2021-06-14T10:59:56,900.0,19.5,S
2021-06-14T10:59:56,2100.0,19.55,S
2021-06-14T10:59:47,500.0,19.6,B
2021-06-14T10:59:29,300.0,19.6,B
2021-06-14T10:58:59,1000.0,19.6,S
2021-06-14T10:58:54,2000.0,19.6,S
2021-06-14T10:58:54,600.0,19.6,S
2021-06-14T10:58:54,1500.0,19.6,S
2021-06-14T10:58:54,1700.0,19.6,S
2021-06-14T10:58:50,1000.0,19.6,S
2021-06-14T10:58:44,300.0,19.6,S
2021-06-14T10:58:39,600.0,19.6,S
2021-06-14T10:58:04,6100.0,19.6,S
2021-06-14T10:58:04,10500.0,19.6,S
2021-06-14T10:58:04,800.0,19.6,S
2021-06-14T10:58:04,100.0,19.6,S
2021-06-14T10:58:04,100.0,19.6,S
2021-06-14T10:58:04,700.0,19.6,S
2021-06-14T10:58:04,100.0,19.6,S
2021-06-14T10:58:04,5500.0,19.6,S
2021-06-14T10:58:04,7600.0,19.6,S
2021-06-14T10:58:04,11100.0,19.6,S
2021-06-14T10:58:04,3100.0,19.6,S
2021-06-14T10:58:04,4000.0,19.6,S
2021-06-14T10:58:04,50300.0,19.6,S
2021-06-14T10:57:57,500.0,19.6,S
2021-06-14T10:57:57,6500.0,19.6,S
2021-06-14T10:57:56,100.0,19.6,S
2021-06-14T10:57:50,2000.0,19.6,S
2021-06-14T10:57:48,8400.0,19.6,S
2021-06-14T10:57:26,1000.0,19.65,B
2021-06-14T10:56:47,10000.0,19.6,S
2021-06-14T10:56:47,5000.0,19.6,S
2021-06-14T10:56:44,9500.0,19.65,B
2021-06-14T10:56:39,300.0,19.65,B
2021-06-14T10:56:03,400.0,19.65,B
2021-06-14T10:55:12,5000.0,19.65,B
2021-06-14T10:55:07,400.0,19.6,S
2021-06-14T10:55:07,100.0,19.6,S
2021-06-14T10:55:07,700.0,19.65,B
2021-06-14T10:54:44,1900.0,19.65,B
2021-06-14T10:54:39,1500.0,19.65,B
2021-06-14T10:53:47,1000.0,19.65,S
2021-06-14T10:53:39,200.0,19.65,S
2021-06-14T10:53:09,300.0,19.65,S
2021-06-14T10:53:09,1500.0,19.65,S
2021-06-14T10:53:09,2700.0,19.65,S
2021-06-14T10:53:09,1700.0,19.65,S
2021-06-14T10:52:24,1500.0,19.7,B
2021-06-14T10:51:54,1700.0,19.7,S
2021-06-14T10:51:45,300.0,19.7,S
2021-06-14T10:51:44,2700.0,19.7,S
2021-06-14T10:51:42,100.0,19.7,S
2021-06-14T10:51:09,2500.0,19.7,S
2021-06-14T10:50:53,2100.0,19.7,S
2021-06-14T10:50:53,800.0,19.7,S
2021-06-14T10:50:53,12100.0,19.7,S
2021-06-14T10:50:41,100.0,19.75,B
2021-06-14T10:50:26,100.0,19.75,B
2021-06-14T10:50:21,500.0,19.75,B
2021-06-14T10:50:04,100.0,19.75,B
2021-06-14T10:49:26,500.0,19.75,S
2021-06-14T10:49:18,100.0,19.75,S
2021-06-14T10:49:11,1000.0,19.75,S
2021-06-14T10:49:06,1500.0,19.75,S
2021-06-14T10:49:06,100.0,19.75,S
2021-06-14T10:49:06,400.0,19.75,S
2021-06-14T10:49:00,300.0,19.75,S
2021-06-14T10:49:00,4800.0,19.75,S
2021-06-14T10:49:00,4900.0,19.75,S
2021-06-14T10:48:44,2500.0,19.8,B
2021-06-14T10:48:41,1000.0,19.75,S
2021-06-14T10:48:06,1000.0,19.75,S
2021-06-14T10:48:02,5000.0,19.75,S
2021-06-14T10:48:00,1600.0,19.75,S
2021-06-14T10:48:00,900.0,19.75,S
2021-06-14T10:47:40,5000.0,19.75,S
2021-06-14T10:47:28,300.0,19.8,B
2021-06-14T10:46:55,4000.0,19.8,B
2021-06-14T10:46:41,200.0,19.75,S
2021-06-14T10:46:12,100.0,19.75,S
2021-06-14T10:46:06,2000.0,19.75,S
2021-06-14T10:46:02,200.0,19.8,B
2021-06-14T10:45:44,7000.0,19.8,B
2021-06-14T10:45:20,500.0,19.8,B
2021-06-14T10:45:03,2700.0,19.8,B
2021-06-14T10:45:03,1500.0,19.8,B
2021-06-14T10:45:03,9800.0,19.8,B
2021-06-14T10:44:35,100.0,19.8,B
2021-06-14T10:43:30,100.0,19.8,B
2021-06-14T10:43:25,500.0,19.8,B
2021-06-14T10:43:22,1000.0,19.75,S
2021-06-14T10:43:01,200.0,19.8,S
2021-06-14T10:41:14,1700.0,19.8,S
2021-06-14T10:40:44,300.0,19.8,S
2021-06-14T10:40:39,1000.0,19.8,S
2021-06-14T10:40:38,100.0,19.8,S
2021-06-14T10:40:36,500.0,19.8,S
2021-06-14T10:40:16,2500.0,19.8,S
2021-06-14T10:40:16,500.0,19.8,S
2021-06-14T10:40:14,100.0,19.85,B
2021-06-14T10:39:54,2000.0,19.8,S
2021-06-14T10:39:41,500.0,19.8,S
2021-06-14T10:39:32,1600.0,19.85,B
2021-06-14T10:39:15,100.0,19.8,S
2021-06-14T10:38:48,5000.0,19.85,B
2021-06-14T10:38:46,400.0,19.8,S
2021-06-14T10:38:46,300.0,19.8,S
2021-06-14T10:38:46,300.0,19.8,S
2021-06-14T10:38:45,200.0,19.85,B
2021-06-14T10:38:44,400.0,19.8,S
2021-06-14T10:38:41,5000.0,19.85,B
2021-06-14T10:38:37,100.0,19.85,B
2021-06-14T10:38:29,100.0,19.85,B
2021-06-14T10:38:22,1900.0,19.8,S
2021-06-14T10:38:22,1000.0,19.8,S
2021-06-14T10:38:22,900.0,19.8,S
2021-06-14T10:38:02,15000.0,19.85,B
2021-06-14T10:37:36,2000.0,19.85,B
2021-06-14T10:37:22,1300.0,19.85,B
2021-06-14T10:37:16,3000.0,19.8,S
2021-06-14T10:36:44,1000.0,19.8,S
2021-06-14T10:36:40,10000.0,19.85,B
2021-06-14T10:36:27,20000.0,19.85,B
2021-06-14T10:36:10,3000.0,19.85,B
2021-06-14T10:36:04,900.0,19.8,S
2021-06-14T10:36:04,2100.0,19.8,S
2021-06-14T10:35:41,500.0,19.85,B
2021-06-14T10:35:31,100.0,19.85,B
2021-06-14T10:35:22,1000.0,19.8,S
2021-06-14T10:35:18,10000.0,19.85,B
2021-06-14T10:35:15,300.0,19.85,B
2021-06-14T10:34:56,300.0,19.85,B
2021-06-14T10:34:52,5900.0,19.8,S
2021-06-14T10:34:52,100.0,19.8,S
2021-06-14T10:33:41,10000.0,19.85,B
2021-06-14T10:33:40,2000.0,19.85,B
2021-06-14T10:33:31,1000.0,19.85,B
2021-06-14T10:33:15,100.0,19.85,B
2021-06-14T10:33:14,1000.0,19.85,B
2021-06-14T10:33:03,500.0,19.85,B
2021-06-14T10:33:02,200.0,19.85,B
2021-06-14T10:32:59,1300.0,19.85,B
2021-06-14T10:32:52,100.0,19.8,S
2021-06-14T10:32:46,1500.0,19.85,S
2021-06-14T10:32:04,1500.0,19.85,S
2021-06-14T10:31:55,1000.0,19.85,S
2021-06-14T10:31:35,300.0,19.85,S
2021-06-14T10:31:33,300.0,19.85,S
2021-06-14T10:31:30,100.0,19.85,S
2021-06-14T10:31:17,500.0,19.85,S
2021-06-14T10:30:59,1000.0,19.85,S
2021-06-14T10:30:54,100.0,19.85,S
2021-06-14T10:30:41,2000.0,19.8,S
2021-06-14T10:30:40,2000.0,19.85,S
2021-06-14T10:30:29,1000.0,19.85,S
2021-06-14T10:30:29,1000.0,19.85,S
2021-06-14T10:30:29,800.0,19.85,S
2021-06-14T10:30:03,200.0,19.85,B
2021-06-14T10:29:29,500.0,19.85,B
2021-06-14T10:29:26,2500.0,19.85,B
2021-06-14T10:29:13,1000.0,19.85,B
2021-06-14T10:28:41,2900.0,19.8,S
2021-06-14T10:28:41,200.0,19.8,S
2021-06-14T10:28:40,1700.0,19.9,B
2021-06-14T10:28:40,5000.0,19.9,B
2021-06-14T10:28:39,300.0,19.9,B
2021-06-14T10:28:39,2100.0,19.9,B
2021-06-14T10:28:39,2700.0,19.9,B
2021-06-14T10:28:39,18200.0,19.9,B
2021-06-14T10:28:36,1500.0,19.85,B
2021-06-14T10:28:19,200.0,19.85,B
2021-06-14T10:28:17,10000.0,19.8,S
2021-06-14T10:28:15,4500.0,19.9,B
2021-06-14T10:28:09,100.0,19.85,B
2021-06-14T10:28:07,1000.0,19.85,B
2021-06-14T10:27:52,1000.0,19.85,B
2021-06-14T10:27:29,200.0,19.9,B
2021-06-14T10:27:29,2700.0,19.9,B
2021-06-14T10:27:29,4300.0,19.9,B
2021-06-14T10:27:29,3100.0,19.9,B
2021-06-14T10:27:29,12400.0,19.9,B
2021-06-14T10:27:29,6400.0,19.9,B
2021-06-14T10:27:29,15200.0,19.9,B
2021-06-14T10:27:29,11300.0,19.9,B
2021-06-14T10:27:29,2700.0,19.85,B
2021-06-14T10:27:29,1000.0,19.85,B
2021-06-14T10:27:29,1000.0,19.85,B
2021-06-14T10:27:29,700.0,19.85,B
2021-06-14T10:27:29,1800.0,19.85,B
2021-06-14T10:27:29,400.0,19.85,B
2021-06-14T10:27:28,100.0,19.85,B
2021-06-14T10:27:28,1200.0,19.85,B
2021-06-14T10:27:28,21500.0,19.85,B
2021-06-14T10:27:28,13700.0,19.85,B
2021-06-14T10:26:56,400.0,19.85,B
2021-06-14T10:26:48,1200.0,19.8,S
2021-06-14T10:26:24,2000.0,19.8,S
2021-06-14T10:26:10,200.0,19.85,B
2021-06-14T10:25:48,1000.0,19.8,S
2021-06-14T10:25:33,100.0,19.85,B
2021-06-14T10:25:18,1000.0,19.85,B
2021-06-14T10:25:06,2000.0,19.8,B
2021-06-14T10:24:47,2000.0,19.8,B
2021-06-14T10:24:46,2800.0,19.8,B
2021-06-14T10:24:35,5000.0,19.8,B
2021-06-14T10:24:25,5200.0,19.8,B
2021-06-14T10:24:09,500.0,19.8,B
2021-06-14T10:23:58,3000.0,19.8,B
2021-06-14T10:23:48,5100.0,19.8,B
2021-06-14T10:23:48,5400.0,19.8,B
2021-06-14T10:23:48,5100.0,19.8,B
2021-06-14T10:23:48,2200.0,19.8,B
2021-06-14T10:23:48,300.0,19.8,B
2021-06-14T10:23:48,5200.0,19.8,B
2021-06-14T10:23:48,3000.0,19.8,B
2021-06-14T10:23:47,800.0,19.8,B
2021-06-14T10:23:42,100.0,19.8,B
2021-06-14T10:23:37,600.0,19.8,B
2021-06-14T10:23:24,1000.0,19.8,B
2021-06-14T10:23:04,12000.0,19.8,B
2021-06-14T10:22:34,200.0,19.8,B
2021-06-14T10:22:19,100.0,19.8,B
2021-06-14T10:22:11,100.0,19.75,S
2021-06-14T10:22:04,500.0,19.8,B
2021-06-14T10:21:03,900.0,19.8,B
2021-06-14T10:21:03,500.0,19.8,B
2021-06-14T10:21:03,6000.0,19.8,B
2021-06-14T10:21:03,3200.0,19.8,B
2021-06-14T10:21:03,500.0,19.8,B
2021-06-14T10:21:03,2200.0,19.8,B
2021-06-14T10:21:03,700.0,19.8,B
2021-06-14T10:21:03,100.0,19.8,B
2021-06-14T10:21:03,1500.0,19.8,B
2021-06-14T10:21:03,200.0,19.8,B
2021-06-14T10:21:03,14200.0,19.8,B
2021-06-14T10:21:03,10000.0,19.8,B
2021-06-14T10:20:57,6000.0,19.75,S
2021-06-14T10:20:47,200.0,19.75,S
2021-06-14T10:20:23,3700.0,19.75,S
2021-06-14T10:20:23,1000.0,19.75,S
2021-06-14T10:20:23,5300.0,19.75,S
2021-06-14T10:20:23,2000.0,19.8,B
2021-06-14T10:20:02,1000.0,19.8,B
2021-06-14T10:19:32,4100.0,19.8,B
2021-06-14T10:19:32,1000.0,19.8,B
2021-06-14T10:19:32,900.0,19.8,B
2021-06-14T10:19:16,500.0,19.8,B
2021-06-14T10:19:13,100.0,19.8,B
2021-06-14T10:19:06,1000.0,19.8,B
2021-06-14T10:18:47,500.0,19.8,B
2021-06-14T10:18:31,200.0,19.8,B
2021-06-14T10:18:30,4300.0,19.8,B
2021-06-14T10:18:30,700.0,19.8,B
2021-06-14T10:18:30,900.0,19.8,B
2021-06-14T10:18:30,3100.0,19.8,B
2021-06-14T10:17:43,1000.0,19.8,B
2021-06-14T10:17:39,300.0,19.8,B
2021-06-14T10:17:22,200.0,19.8,B
2021-06-14T10:17:00,100.0,19.8,B
2021-06-14T10:16:36,2000.0,19.8,B
2021-06-14T10:16:11,400.0,19.8,B
2021-06-14T10:16:01,100.0,19.75,S
2021-06-14T10:15:41,7500.0,19.75,S
2021-06-14T10:15:05,1000.0,19.75,S
2021-06-14T10:14:41,1000.0,19.75,S
2021-06-14T10:14:41,4000.0,19.75,S
2021-06-14T10:14:38,1500.0,19.75,S
2021-06-14T10:14:33,600.0,19.8,B
2021-06-14T10:14:24,5700.0,19.8,B
2021-06-14T10:14:16,500.0,19.8,B
2021-06-14T10:14:03,200.0,19.75,B
2021-06-14T10:14:02,7000.0,19.8,B
2021-06-14T10:13:56,500.0,19.75,B
2021-06-14T10:13:48,5000.0,19.75,B
2021-06-14T10:13:38,10000.0,19.75,B
2021-06-14T10:13:27,2000.0,19.75,B
2021-06-14T10:13:20,1000.0,19.75,B
2021-06-14T10:13:16,1000.0,19.75,B
2021-06-14T10:13:12,200.0,19.75,B
2021-06-14T10:13:10,300.0,19.75,B
2021-06-14T10:13:09,1600.0,19.75,B
2021-06-14T10:13:03,1400.0,19.75,B
2021-06-14T10:13:00,5700.0,19.8,B
2021-06-14T10:12:56,700.0,19.75,B
2021-06-14T10:12:48,1100.0,19.75,B
2021-06-14T10:12:35,1000.0,19.75,B
2021-06-14T10:12:34,200.0,19.75,B
2021-06-14T10:12:11,500.0,19.75,B
2021-06-14T10:12:06,2300.0,19.75,B
2021-06-14T10:12:04,1300.0,19.75,B
2021-06-14T10:11:41,300.0,19.7,S
2021-06-14T10:11:41,500.0,19.7,S
2021-06-14T10:11:41,800.0,19.7,S
2021-06-14T10:11:41,2100.0,19.7,S
2021-06-14T10:11:41,3500.0,19.7,S
2021-06-14T10:11:41,100.0,19.7,S
2021-06-14T10:11:40,2700.0,19.7,S
2021-06-14T10:11:29,2900.0,19.75,B
2021-06-14T10:11:12,10000.0,19.75,B
2021-06-14T10:11:09,15000.0,19.75,B
2021-06-14T10:10:36,5000.0,19.75,B
2021-06-14T10:10:29,2000.0,19.75,B
2021-06-14T10:10:19,15100.0,19.75,B
2021-06-14T10:10:12,1000.0,19.75,B
2021-06-14T10:10:10,100.0,19.75,B
2021-06-14T10:09:51,10000.0,19.75,B
2021-06-14T10:09:47,5300.0,19.75,B
2021-06-14T10:09:44,600.0,19.7,S
2021-06-14T10:09:33,700.0,19.75,B
2021-06-14T10:09:33,300.0,19.75,B
2021-06-14T10:09:20,100.0,19.7,S
2021-06-14T10:09:15,15900.0,19.75,B
2021-06-14T10:09:13,700.0,19.75,B
2021-06-14T10:08:57,300.0,19.75,B
2021-06-14T10:08:50,5000.0,19.75,B
2021-06-14T10:08:37,100.0,19.75,B
2021-06-14T10:08:33,200.0,19.7,S
2021-06-14T10:08:27,1000.0,19.7,S
2021-06-14T10:08:06,3100.0,19.7,S
2021-06-14T10:08:04,5000.0,19.7,S
2021-06-14T10:08:02,100.0,19.7,S
2021-06-14T10:07:56,4600.0,19.75,B
2021-06-14T10:07:56,1000.0,19.75,B
2021-06-14T10:07:56,4400.0,19.75,B
2021-06-14T10:07:55,600.0,19.7,S
2021-06-14T10:07:55,1200.0,19.7,S
2021-06-14T10:07:55,500.0,19.7,S
2021-06-14T10:07:55,2700.0,19.7,S
2021-06-14T10:07:46,5000.0,19.7,S
2021-06-14T10:07:40,300.0,19.75,B
2021-06-14T10:07:37,3000.0,19.7,S
2021-06-14T10:07:32,100.0,19.7,S
2021-06-14T10:07:14,4200.0,19.7,S
2021-06-14T10:07:12,15800.0,19.7,S
2021-06-14T10:07:10,100.0,19.75,B
2021-06-14T10:06:44,800.0,19.7,S
2021-06-14T10:06:44,500.0,19.75,B
2021-06-14T10:06:43,5000.0,19.75,S
2021-06-14T10:06:40,600.0,19.75,S
2021-06-14T10:06:13,1000.0,19.75,S
2021-06-14T10:06:10,100.0,19.75,S
2021-06-14T10:06:03,1000.0,19.75,S
2021-06-14T10:05:58,1000.0,19.75,S
2021-06-14T10:05:57,100.0,19.75,S
2021-06-14T10:05:55,500.0,19.75,S
2021-06-14T10:05:47,800.0,19.75,S
2021-06-14T10:05:42,200.0,19.75,S
2021-06-14T10:05:36,2000.0,19.75,S
2021-06-14T10:05:25,200.0,19.75,S
2021-06-14T10:05:23,10000.0,19.75,S
2021-06-14T10:05:22,2000.0,19.75,S
2021-06-14T10:05:17,400.0,19.75,S
2021-06-14T10:05:03,2300.0,19.75,S
2021-06-14T10:05:02,500.0,19.75,S
2021-06-14T10:04:44,400.0,19.75,S
2021-06-14T10:04:44,8800.0,19.75,S
2021-06-14T10:04:25,400.0,19.75,S
2021-06-14T10:04:20,2400.0,19.75,S
2021-06-14T10:04:19,1000.0,19.75,S
2021-06-14T10:04:15,500.0,19.75,S
2021-06-14T10:04:11,100.0,19.7,S
2021-06-14T10:04:05,1000.0,19.75,S
2021-06-14T10:03:49,1500.0,19.75,S
2021-06-14T10:03:39,3000.0,19.75,S
2021-06-14T10:03:39,200.0,19.75,S
2021-06-14T10:03:37,10000.0,19.75,S
2021-06-14T10:03:27,500.0,19.75,S
2021-06-14T10:03:23,11400.0,19.75,S
2021-06-14T10:03:12,3800.0,19.75,S
2021-06-14T10:03:12,1200.0,19.75,S
2021-06-14T10:02:57,100.0,19.75,S
2021-06-14T10:02:53,100.0,19.75,S
2021-06-14T10:02:23,500.0,19.75,S
2021-06-14T10:02:22,900.0,19.8,B
2021-06-14T10:02:19,5000.0,19.8,B
2021-06-14T10:02:18,100.0,19.8,B
2021-06-14T10:02:16,6000.0,19.75,S
2021-06-14T10:01:50,900.0,19.8,B
2021-06-14T10:01:50,200.0,19.8,B
2021-06-14T10:01:48,100.0,19.8,B
2021-06-14T10:01:47,300.0,19.8,B
2021-06-14T10:01:34,1000.0,19.8,B
2021-06-14T10:01:34,4000.0,19.8,B
2021-06-14T10:01:29,200.0,19.8,B
2021-06-14T10:01:20,3000.0,19.8,B
2021-06-14T10:01:17,10000.0,19.75,S
2021-06-14T10:01:15,200.0,19.8,B
2021-06-14T10:01:13,400.0,19.8,B
2021-06-14T10:00:25,200.0,19.8,B
2021-06-14T10:00:10,200.0,19.8,B
2021-06-14T10:00:06,1000.0,19.75,S
2021-06-14T10:00:02,200.0,19.8,B
2021-06-14T09:59:39,5000.0,19.75,S
2021-06-14T09:59:35,700.0,19.8,B
2021-06-14T09:59:31,100.0,19.8,B
2021-06-14T09:59:30,100.0,19.8,B
2021-06-14T09:59:21,1000.0,19.8,B
2021-06-14T09:59:16,2500.0,19.8,B
2021-06-14T09:59:06,200.0,19.8,B
2021-06-14T09:58:57,1000.0,19.8,B
2021-06-14T09:58:50,2000.0,19.75,S
2021-06-14T09:58:44,100.0,19.8,B
2021-06-14T09:58:43,4900.0,19.8,B
2021-06-14T09:58:33,1000.0,19.75,S
2021-06-14T09:58:25,300.0,19.75,S
2021-06-14T09:58:00,2000.0,19.8,B
2021-06-14T09:57:56,700.0,19.8,B
2021-06-14T09:57:50,3000.0,19.8,B
2021-06-14T09:57:49,100.0,19.8,B
2021-06-14T09:57:43,100.0,19.8,B
2021-06-14T09:57:34,2500.0,19.75,S
2021-06-14T09:57:18,1000.0,19.75,S
2021-06-14T09:56:57,200.0,19.8,B
2021-06-14T09:56:39,2300.0,19.8,B
2021-06-14T09:56:37,1000.0,19.8,B
2021-06-14T09:56:37,1000.0,19.8,B
2021-06-14T09:56:28,400.0,19.8,B
2021-06-14T09:56:22,200.0,19.8,B
2021-06-14T09:56:22,200.0,19.8,B
2021-06-14T09:55:56,500.0,19.8,B
2021-06-14T09:55:50,1500.0,19.75,B
2021-06-14T09:55:50,5000.0,19.8,B
2021-06-14T09:55:32,3600.0,19.8,B
2021-06-14T09:55:22,300.0,19.8,B
2021-06-14T09:55:11,2900.0,19.8,B
2021-06-14T09:55:10,700.0,19.8,B
2021-06-14T09:55:04,900.0,19.8,B
2021-06-14T09:54:55,1000.0,19.8,B
2021-06-14T09:54:47,6600.0,19.8,B
2021-06-14T09:54:42,5000.0,19.8,B
2021-06-14T09:54:35,1000.0,19.85,B
2021-06-14T09:54:34,300.0,19.8,B
2021-06-14T09:54:27,100.0,19.8,B
2021-06-14T09:54:26,1000.0,19.8,B
2021-06-14T09:54:21,2500.0,19.85,B
2021-06-14T09:54:17,700.0,19.8,B
2021-06-14T09:54:15,200.0,19.8,B
2021-06-14T09:54:09,300.0,19.8,B
2021-06-14T09:54:07,3000.0,19.8,B
2021-06-14T09:53:58,500.0,19.8,B
2021-06-14T09:53:58,200.0,19.8,B
2021-06-14T09:53:57,500.0,19.8,B
2021-06-14T09:53:44,200.0,19.8,B
2021-06-14T09:53:42,4100.0,19.8,B
2021-06-14T09:53:35,2000.0,19.8,B
2021-06-14T09:53:22,500.0,19.8,B
2021-06-14T09:53:21,2400.0,19.8,B
2021-06-14T09:53:18,200.0,19.8,B
2021-06-14T09:53:12,100.0,19.8,B
2021-06-14T09:53:06,1000.0,19.7,B
2021-06-14T09:53:04,2700.0,19.8,B
2021-06-14T09:52:51,300.0,19.8,B
2021-06-14T09:52:47,1000.0,19.8,B
2021-06-14T09:52:45,9900.0,19.9,B
2021-06-14T09:52:45,300.0,19.85,B
2021-06-14T09:52:45,1000.0,19.85,B
2021-06-14T09:52:43,1500.0,19.8,B
2021-06-14T09:52:40,500.0,19.8,B
2021-06-14T09:52:40,500.0,19.8,B
2021-06-14T09:52:31,2000.0,19.7,B
2021-06-14T09:52:21,2000.0,19.8,B
2021-06-14T09:52:19,3200.0,19.8,B
2021-06-14T09:52:18,100.0,19.75,B
2021-06-14T09:52:17,500.0,19.8,B
2021-06-14T09:52:12,100.0,19.8,B
2021-06-14T09:51:53,5000.0,19.8,B
2021-06-14T09:51:47,2200.0,19.7,B
2021-06-14T09:51:45,500.0,19.6,B
2021-06-14T09:51:41,500.0,19.6,B
2021-06-14T09:51:39,100.0,19.6,B
2021-06-14T09:51:29,500.0,19.6,B
2021-06-14T09:51:29,300.0,19.6,B
2021-06-14T09:51:21,6500.0,19.6,B
2021-06-14T09:51:20,1000.0,19.65,B
2021-06-14T09:51:18,500.0,19.8,B
2021-06-14T09:51:10,2000.0,19.6,B
2021-06-14T09:51:03,400.0,19.6,B
2021-06-14T09:50:58,1600.0,19.8,B
2021-06-14T09:50:58,100.0,19.8,B
2021-06-14T09:50:58,1000.0,19.8,B
2021-06-14T09:50:58,3000.0,19.8,B
2021-06-14T09:50:58,7500.0,19.8,B
2021-06-14T09:50:58,1000.0,19.7,B
2021-06-14T09:50:58,5800.0,19.7,B
2021-06-14T09:50:56,2000.0,19.7,B
2021-06-14T09:50:55,100.0,19.6,B
2021-06-14T09:50:54,200.0,19.6,B
2021-06-14T09:50:51,4200.0,19.6,B
2021-06-14T09:50:46,500.0,19.55,B
2021-06-14T09:50:45,2400.0,19.6,B
2021-06-14T09:50:45,7000.0,19.6,B
2021-06-14T09:50:45,2000.0,19.6,B
2021-06-14T09:50:45,1000.0,19.6,B
2021-06-14T09:50:45,7600.0,19.6,B
2021-06-14T09:50:10,1000.0,19.6,B
2021-06-14T09:50:10,500.0,19.55,B
2021-06-14T09:49:58,1700.0,19.6,B
2021-06-14T09:49:58,2100.0,19.6,B
2021-06-14T09:49:58,1000.0,19.55,B
2021-06-14T09:49:58,12100.0,19.55,B
2021-06-14T09:49:58,800.0,19.5,B
2021-06-14T09:49:58,800.0,19.5,B
2021-06-14T09:49:58,1700.0,19.5,B
2021-06-14T09:49:58,200.0,19.5,B
2021-06-14T09:49:58,300.0,19.5,B
2021-06-14T09:49:58,500.0,19.5,B
2021-06-14T09:49:58,5500.0,19.5,B
2021-06-14T09:49:58,1300.0,19.5,B
2021-06-14T09:49:58,6000.0,19.5,B
2021-06-14T09:49:57,3000.0,19.5,B
2021-06-14T09:49:54,1000.0,19.5,B
2021-06-14T09:49:50,500.0,19.5,B
2021-06-14T09:49:50,1000.0,19.5,B
2021-06-14T09:49:48,2000.0,19.5,B
2021-06-14T09:49:48,100.0,19.5,B
2021-06-14T09:49:48,600.0,19.5,B
2021-06-14T09:49:48,400.0,19.5,B
2021-06-14T09:49:48,1900.0,19.5,B
2021-06-14T09:49:43,2000.0,19.45,B
2021-06-14T09:49:39,1400.0,19.5,B
2021-06-14T09:49:39,200.0,19.5,B
2021-06-14T09:49:39,3400.0,19.5,B
2021-06-14T09:49:38,1000.0,19.5,B
2021-06-14T09:49:35,4800.0,19.5,B
2021-06-14T09:49:35,5200.0,19.5,B
2021-06-14T09:49:35,200.0,19.5,B
2021-06-14T09:49:32,400.0,19.5,B
2021-06-14T09:49:32,600.0,19.5,B
2021-06-14T09:49:29,1000.0,19.5,B
2021-06-14T09:49:22,1000.0,19.5,B
2021-06-14T09:49:15,500.0,19.5,B
2021-06-14T09:49:14,1000.0,19.5,B
2021-06-14T09:49:08,13600.0,19.5,B
2021-06-14T09:49:07,1000.0,19.5,B
2021-06-14T09:48:45,200.0,19.5,B
2021-06-14T09:48:41,1200.0,19.5,B
2021-06-14T09:48:41,400.0,19.45,B
2021-06-14T09:48:36,7000.0,19.45,B
2021-06-14T09:48:33,100.0,19.45,B
2021-06-14T09:48:27,1400.0,19.45,B
2021-06-14T09:48:27,500.0,19.45,B
2021-06-14T09:48:25,100.0,19.4,S
2021-06-14T09:48:17,3000.0,19.45,B
2021-06-14T09:48:17,1800.0,19.45,B
2021-06-14T09:48:16,9900.0,19.45,B
2021-06-14T09:48:13,1000.0,19.5,B
2021-06-14T09:48:13,200.0,19.5,B
2021-06-14T09:48:13,700.0,19.45,B
2021-06-14T09:48:12,100.0,19.45,B
2021-06-14T09:48:12,100.0,19.45,B
2021-06-14T09:48:12,400.0,19.45,B
2021-06-14T09:48:11,1000.0,19.45,B
2021-06-14T09:48:11,800.0,19.45,B
2021-06-14T09:48:08,5000.0,19.45,B
2021-06-14T09:48:05,5000.0,19.45,B
2021-06-14T09:47:54,400.0,19.4,S
2021-06-14T09:47:46,4000.0,19.45,B
2021-06-14T09:47:46,36900.0,19.45,B
2021-06-14T09:47:46,100.0,19.45,B
2021-06-14T09:47:31,1000.0,19.4,S
2021-06-14T09:47:21,2500.0,19.45,B
2021-06-14T09:47:19,4000.0,19.4,S
2021-06-14T09:47:01,200.0,19.4,S
2021-06-14T09:46:40,5000.0,19.4,S
2021-06-14T09:46:34,1300.0,19.4,S
2021-06-14T09:46:34,700.0,19.4,S
2021-06-14T09:46:31,500.0,19.4,S
2021-06-14T09:46:29,300.0,19.4,S
2021-06-14T09:46:24,2000.0,19.4,S
2021-06-14T09:46:21,7800.0,19.4,S
2021-06-14T09:46:14,1000.0,19.45,B
2021-06-14T09:45:55,1000.0,19.4,S
2021-06-14T09:45:48,5000.0,19.4,S
2021-06-14T09:45:32,300.0,19.4,S
2021-06-14T09:45:31,2000.0,19.4,S
2021-06-14T09:45:23,1700.0,19.4,S
2021-06-14T09:45:21,1000.0,19.4,B
2021-06-14T09:45:04,500.0,19.4,B
2021-06-14T09:44:52,500.0,19.4,B
2021-06-14T09:44:51,200.0,19.4,B
2021-06-14T09:44:20,300.0,19.4,B
2021-06-14T09:43:54,800.0,19.4,B
2021-06-14T09:43:54,3500.0,19.4,B
2021-06-14T09:43:54,23400.0,19.4,B
2021-06-14T09:43:51,10000.0,19.35,S
2021-06-14T09:43:50,800.0,19.4,B
2021-06-14T09:43:45,500.0,19.4,B
2021-06-14T09:43:37,3000.0,19.35,S
2021-06-14T09:43:28,10000.0,19.4,B
2021-06-14T09:43:20,5300.0,19.4,B
2021-06-14T09:43:14,2000.0,19.4,B
2021-06-14T09:42:41,500.0,19.4,B
2021-06-14T09:42:41,600.0,19.4,B
2021-06-14T09:42:38,200.0,19.4,B
2021-06-14T09:42:34,5700.0,19.4,B
2021-06-14T09:42:34,5500.0,19.4,B
2021-06-14T09:42:34,2100.0,19.4,B
2021-06-14T09:42:34,200.0,19.4,B
2021-06-14T09:42:34,100.0,19.4,B
2021-06-14T09:42:34,2400.0,19.4,B
2021-06-14T09:42:34,6200.0,19.4,B
2021-06-14T09:42:33,300.0,19.4,B
2021-06-14T09:42:33,10100.0,19.4,B
2021-06-14T09:42:33,5200.0,19.4,B
2021-06-14T09:42:33,100.0,19.4,B
2021-06-14T09:42:33,2100.0,19.4,B
2021-06-14T09:42:33,700.0,19.4,B
2021-06-14T09:42:33,300.0,19.4,B
2021-06-14T09:42:33,1100.0,19.4,B
2021-06-14T09:42:33,2500.0,19.4,B
2021-06-14T09:42:32,400.0,19.4,B
2021-06-14T09:42:31,100.0,19.35,S
2021-06-14T09:42:27,3500.0,19.4,B
2021-06-14T09:42:27,2200.0,19.4,B
2021-06-14T09:42:27,3300.0,19.4,B
2021-06-14T09:42:13,100.0,19.4,B
2021-06-14T09:42:02,1000.0,19.35,S
2021-06-14T09:42:01,900.0,19.4,B
2021-06-14T09:42:00,1400.0,19.4,B
2021-06-14T09:42:00,2000.0,19.4,B
2021-06-14T09:42:00,4600.0,19.4,B
2021-06-14T09:42:00,6800.0,19.4,B
2021-06-14T09:42:00,6100.0,19.4,B
2021-06-14T09:42:00,1000.0,19.4,B
2021-06-14T09:42:00,2500.0,19.4,B
2021-06-14T09:42:00,1100.0,19.4,B
2021-06-14T09:42:00,29500.0,19.4,B
2021-06-14T09:41:56,100.0,19.4,B
2021-06-14T09:41:56,1000.0,19.4,B
2021-06-14T09:41:53,700.0,19.4,B
2021-06-14T09:41:51,1500.0,19.4,B
2021-06-14T09:41:48,100.0,19.35,S
2021-06-14T09:41:44,5000.0,19.4,B
2021-06-14T09:41:43,200.0,19.4,B
2021-06-14T09:41:42,5000.0,19.4,B
2021-06-14T09:41:36,3500.0,19.4,B
2021-06-14T09:41:36,2000.0,19.4,B
2021-06-14T09:41:36,4500.0,19.4,B
2021-06-14T09:41:33,600.0,19.4,B
2021-06-14T09:41:15,5000.0,19.4,B
2021-06-14T09:41:14,300.0,19.4,B
2021-06-14T09:41:06,1000.0,19.4,B
2021-06-14T09:40:47,700.0,19.4,B
2021-06-14T09:40:40,1800.0,19.4,B
2021-06-14T09:40:36,100.0,19.35,S
2021-06-14T09:40:24,100.0,19.4,B
2021-06-14T09:40:10,200.0,19.35,S
2021-06-14T09:39:55,500.0,19.4,B
2021-06-14T09:39:51,2200.0,19.35,S
2021-06-14T09:39:50,100.0,19.35,S
2021-06-14T09:39:30,2000.0,19.35,S
2021-06-14T09:39:21,1000.0,19.35,S
2021-06-14T09:39:21,500.0,19.35,S
2021-06-14T09:39:19,500.0,19.35,S
2021-06-14T09:39:14,300.0,19.3,S
2021-06-14T09:39:07,1100.0,19.3,S
2021-06-14T09:39:04,2000.0,19.35,S
2021-06-14T09:38:58,5000.0,19.35,S
2021-06-14T09:38:51,9700.0,19.35,S
2021-06-14T09:38:51,2300.0,19.35,S
2021-06-14T09:38:39,200.0,19.35,B
2021-06-14T09:38:16,900.0,19.35,B
2021-06-14T09:37:52,100.0,19.3,S
2021-06-14T09:37:36,600.0,19.35,B
2021-06-14T09:37:18,200.0,19.35,B
2021-06-14T09:37:12,1000.0,19.3,S
2021-06-14T09:37:12,200.0,19.3,S
2021-06-14T09:37:07,1000.0,19.3,S
2021-06-14T09:37:05,1000.0,19.3,S
2021-06-14T09:37:03,3000.0,19.3,S
2021-06-14T09:37:00,500.0,19.3,S
2021-06-14T09:37:00,6100.0,19.4,B
2021-06-14T09:37:00,300.0,19.35,B
2021-06-14T09:37:00,3600.0,19.35,B
2021-06-14T09:36:49,100.0,19.35,B
2021-06-14T09:36:48,1600.0,19.35,B
2021-06-14T09:36:45,3800.0,19.35,B
2021-06-14T09:36:45,500.0,19.35,B
2021-06-14T09:36:44,700.0,19.35,B
2021-06-14T09:36:30,5000.0,19.3,S
2021-06-14T09:36:28,500.0,19.3,S
2021-06-14T09:36:14,200.0,19.3,S
2021-06-14T09:36:10,300.0,19.3,S
2021-06-14T09:36:09,100.0,19.3,S
2021-06-14T09:36:08,1000.0,19.3,S
2021-06-14T09:35:58,1400.0,19.3,S
2021-06-14T09:35:49,5600.0,19.35,B
2021-06-14T09:35:47,100.0,19.3,S
2021-06-14T09:35:24,3000.0,19.3,S
2021-06-14T09:35:23,400.0,19.3,S
2021-06-14T09:35:18,5000.0,19.3,S
2021-06-14T09:35:14,200.0,19.3,S
2021-06-14T09:35:13,10000.0,19.3,S
2021-06-14T09:35:01,2000.0,19.3,S
2021-06-14T09:34:56,5600.0,19.3,S
2021-06-14T09:34:54,300.0,19.3,S
2021-06-14T09:34:54,600.0,19.3,S
2021-06-14T09:34:51,11600.0,19.3,S
2021-06-14T09:34:42,100.0,19.3,S
2021-06-14T09:34:35,10000.0,19.3,S
2021-06-14T09:34:31,500.0,19.3,S
2021-06-14T09:34:24,100.0,19.3,S
2021-06-14T09:34:14,600.0,19.35,B
2021-06-14T09:34:14,300.0,19.35,B
2021-06-14T09:34:14,11300.0,19.35,B
2021-06-14T09:34:14,700.0,19.35,B
2021-06-14T09:34:14,4000.0,19.35,B
2021-06-14T09:34:14,4000.0,19.35,B
2021-06-14T09:34:14,2000.0,19.35,B
2021-06-14T09:34:14,27200.0,19.35,B
2021-06-14T09:34:10,5000.0,19.3,S
2021-06-14T09:34:08,4000.0,19.25,S
2021-06-14T09:34:08,1000.0,19.25,S
2021-06-14T09:34:02,200.0,19.3,S
2021-06-14T09:33:59,500.0,19.3,S
2021-06-14T09:33:47,2500.0,19.25,S
2021-06-14T09:33:47,3500.0,19.3,S
2021-06-14T09:33:25,1100.0,19.3,S
2021-06-14T09:33:24,2900.0,19.3,S
2021-06-14T09:33:13,2100.0,19.3,S
2021-06-14T09:33:12,400.0,19.35,B
2021-06-14T09:32:59,100.0,19.3,S
2021-06-14T09:32:58,1500.0,19.3,S
2021-06-14T09:32:58,500.0,19.3,S
2021-06-14T09:32:57,1000.0,19.3,S
2021-06-14T09:32:50,1000.0,19.3,S
2021-06-14T09:32:32,4900.0,19.35,B
2021-06-14T09:32:32,500.0,19.35,B
2021-06-14T09:32:31,17200.0,19.35,B
2021-06-14T09:32:28,200.0,19.35,B
2021-06-14T09:32:28,1000.0,19.3,S
2021-06-14T09:32:25,500.0,19.3,S
2021-06-14T09:32:23,100.0,19.35,B
2021-06-14T09:32:14,5000.0,19.3,S
2021-06-14T09:32:01,2000.0,19.3,S
2021-06-14T09:31:48,2500.0,19.3,S
2021-06-14T09:31:20,100.0,19.35,B
2021-06-14T09:30:30,1000.0,19.3,S
2021-06-14T09:30:11,1000.0,19.35,S
2021-06-14T09:29:56,5000.0,19.35,S
2021-06-14T09:29:50,300.0,19.35,S
2021-06-14T09:29:43,300.0,19.35,S
2021-06-14T09:29:40,1200.0,19.35,S
2021-06-14T09:29:35,1500.0,19.3,S
2021-06-14T09:29:26,300.0,19.35,S
2021-06-14T09:29:21,200.0,19.35,S
2021-06-14T09:29:08,500.0,19.35,S
2021-06-14T09:28:44,12900.0,19.35,S
2021-06-14T09:28:35,200.0,19.35,S
2021-06-14T09:28:32,1000.0,19.35,S
2021-06-14T09:28:29,100.0,19.35,S
2021-06-14T09:28:29,100.0,19.35,S
2021-06-14T09:27:57,1000.0,19.35,S
2021-06-14T09:27:56,3200.0,19.35,S
2021-06-14T09:27:53,300.0,19.4,B
2021-06-14T09:27:29,200.0,19.4,B
2021-06-14T09:27:24,5000.0,19.35,S
2021-06-14T09:27:10,100.0,19.35,S
2021-06-14T09:27:09,500.0,19.35,S
2021-06-14T09:27:02,100.0,19.4,B
2021-06-14T09:26:32,1000.0,19.35,S
2021-06-14T09:26:32,10000.0,19.4,B
2021-06-14T09:26:30,1000.0,19.4,B
2021-06-14T09:26:14,600.0,19.4,B
2021-06-14T09:26:12,5000.0,19.4,B
2021-06-14T09:26:04,4200.0,19.4,B
2021-06-14T09:26:04,200.0,19.4,B
2021-06-14T09:26:03,1000.0,19.4,B
2021-06-14T09:26:02,5000.0,19.35,S
2021-06-14T09:25:58,500.0,19.4,B
2021-06-14T09:25:55,2000.0,19.35,S
2021-06-14T09:25:38,10000.0,19.4,B
2021-06-14T09:25:35,5000.0,19.4,B
2021-06-14T09:25:23,1600.0,19.35,S
2021-06-14T09:25:23,23400.0,19.35,S
2021-06-14T09:25:23,500.0,19.4,B
2021-06-14T09:25:16,3700.0,19.4,B
2021-06-14T09:25:16,100.0,19.4,B
2021-06-14T09:25:16,6200.0,19.4,B
2021-06-14T09:25:15,500.0,19.4,B
2021-06-14T09:25:15,500.0,19.4,B
2021-06-14T09:25:15,200.0,19.4,B
2021-06-14T09:25:15,1800.0,19.4,B
2021-06-14T09:24:47,2900.0,19.4,B
2021-06-14T09:24:32,300.0,19.4,B
2021-06-14T09:24:25,2000.0,19.4,B
2021-06-14T09:24:18,200.0,19.35,S
2021-06-14T09:24:09,100.0,19.35,S
2021-06-14T09:24:05,1000.0,19.35,S
2021-06-14T09:23:32,300.0,19.35,S
2021-06-14T09:23:25,5000.0,19.35,S
2021-06-14T09:23:23,2000.0,19.4,B
2021-06-14T09:23:13,10000.0,19.4,B
2021-06-14T09:23:10,10000.0,19.35,S
2021-06-14T09:23:04,500.0,19.35,S
2021-06-14T09:22:58,2000.0,19.35,S
2021-06-14T09:22:51,200.0,19.35,B
2021-06-14T09:22:48,3000.0,19.35,B
2021-06-14T09:22:43,10000.0,19.35,B
2021-06-14T09:22:37,100.0,19.35,B
2021-06-14T09:22:35,700.0,19.35,B
2021-06-14T09:22:26,1000.0,19.35,B
2021-06-14T09:22:25,1300.0,19.4,B
2021-06-14T09:22:11,10000.0,19.35,B
2021-06-14T09:22:06,3500.0,19.35,B
2021-06-14T09:22:04,100.0,19.35,B
2021-06-14T09:22:02,100.0,19.35,B
2021-06-14T09:21:57,14000.0,19.35,B
2021-06-14T09:21:52,2000.0,19.35,B
2021-06-14T09:21:49,9000.0,19.35,B
2021-06-14T09:21:48,1200.0,19.3,S
2021-06-14T09:21:47,3200.0,19.3,S
2021-06-14T09:21:44,200.0,19.3,S
2021-06-14T09:21:34,3000.0,19.35,B
2021-06-14T09:21:33,500.0,19.3,S
2021-06-14T09:21:30,2000.0,19.3,S
2021-06-14T09:21:23,1000.0,19.35,B
2021-06-14T09:21:21,300.0,19.3,S
2021-06-14T09:21:20,5000.0,19.3,S
2021-06-14T09:21:18,100.0,19.3,S
2021-06-14T09:21:18,6600.0,19.3,S
2021-06-14T09:21:18,100.0,19.3,S
2021-06-14T09:21:18,3200.0,19.3,S
2021-06-14T09:21:18,100.0,19.35,B
2021-06-14T09:21:16,400.0,19.35,B
2021-06-14T09:20:40,1200.0,19.3,B
2021-06-14T09:20:27,5600.0,19.3,B
2021-06-14T09:19:41,1200.0,19.3,B
2021-06-14T09:19:41,800.0,19.3,B
2021-06-14T09:19:27,8000.0,19.2,S
2021-06-14T09:19:11,300.0,19.25,S
2021-06-14T09:19:09,1400.0,19.3,B
2021-06-14T09:19:09,600.0,19.3,B
2021-06-14T09:19:03,1300.0,19.2,S
2021-06-14T09:18:50,100.0,19.25,S
2021-06-14T09:18:43,6000.0,19.3,B
2021-06-14T09:18:36,2000.0,19.25,S
2021-06-14T09:18:36,5700.0,19.2,S
2021-06-14T09:18:33,1000.0,19.2,S
2021-06-14T09:18:26,1000.0,19.25,S
2021-06-14T09:18:17,500.0,19.25,S
2021-06-14T09:17:58,15000.0,19.3,B
2021-06-14T09:17:56,300.0,19.25,B
2021-06-14T09:17:52,1000.0,19.2,B
2021-06-14T09:17:44,700.0,19.2,B
2021-06-14T09:17:43,300.0,19.2,B
2021-06-14T09:17:42,500.0,19.2,B
2021-06-14T09:17:42,1200.0,19.2,B
2021-06-14T09:17:37,1300.0,19.2,B
2021-06-14T09:17:33,1700.0,19.2,B
2021-06-14T09:17:31,5000.0,19.2,B
2021-06-14T09:17:31,3300.0,19.2,B
2021-06-14T09:17:24,1000.0,19.2,B
2021-06-14T09:17:24,200.0,19.2,B
2021-06-14T09:17:21,700.0,19.2,B
2021-06-14T09:17:17,300.0,19.2,B
2021-06-14T09:17:11,1500.0,19.2,B
2021-06-14T09:17:03,400.0,19.2,B
2021-06-14T09:17:03,600.0,19.2,B
2021-06-14T09:16:42,100.0,19.15,S
2021-06-14T09:16:25,1100.0,19.15,B
2021-06-14T09:16:23,1900.0,19.1,S
2021-06-14T09:16:21,2000.0,19.15,B
2021-06-14T09:16:19,3000.0,19.15,B
2021-06-14T09:16:13,2000.0,19.15,B
2021-06-14T09:16:05,4000.0,19.15,B
2021-06-14T09:15:48,200.0,19.15,B
2021-06-14T09:15:42,5000.0,19.1,S
2021-06-14T09:15:42,300.0,19.1,S
