tradingTime,volume,price,side
2021-06-14T14:26:17,1900.0,124.9,B
2021-06-14T14:26:17,2500.0,124.8,B
2021-06-14T14:26:17,4100.0,124.0,B
2021-06-14T14:26:17,1500.0,123.8,B
2021-06-14T14:25:39,1000.0,123.5,S
2021-06-14T14:23:51,500.0,123.5,S
2021-06-14T14:22:48,2700.0,123.5,B
2021-06-14T14:22:24,100.0,123.4,B
2021-06-14T14:22:24,200.0,123.4,B
2021-06-14T14:22:23,100.0,123.4,B
2021-06-14T14:22:06,200.0,123.4,B
2021-06-14T14:22:05,100.0,123.4,B
2021-06-14T14:21:45,800.0,123.4,B
2021-06-14T14:21:35,200.0,123.4,B
2021-06-14T14:21:05,100.0,123.3,S
2021-06-14T14:20:42,1000.0,123.3,S
2021-06-14T14:20:32,400.0,123.3,S
2021-06-14T14:20:04,100.0,123.3,S
2021-06-14T14:18:07,200.0,123.4,S
2021-06-14T14:15:25,200.0,123.5,S
2021-06-14T14:14:04,100.0,123.5,S
2021-06-14T14:13:02,100.0,123.5,S
2021-06-14T14:11:55,200.0,123.5,S
2021-06-14T14:10:37,200.0,123.8,S
2021-06-14T14:09:44,100.0,123.8,S
2021-06-14T14:08:47,1700.0,123.8,S
2021-06-14T14:08:28,300.0,123.9,S
2021-06-14T14:06:32,100.0,124.0,S
2021-06-14T14:05:48,100.0,124.0,S
2021-06-14T14:05:09,200.0,124.0,S
2021-06-14T14:03:59,100.0,124.3,B
2021-06-14T14:03:38,300.0,124.3,S
2021-06-14T14:01:44,100.0,124.3,B
2021-06-14T14:01:09,100.0,124.0,S
2021-06-14T14:01:09,4200.0,124.0,S
2021-06-14T14:00:56,4600.0,124.0,S
2021-06-14T13:59:15,100.0,124.0,S
2021-06-14T13:58:45,300.0,124.0,S
2021-06-14T13:58:45,1000.0,124.0,S
2021-06-14T13:58:45,400.0,124.3,S
2021-06-14T13:58:44,300.0,124.3,S
2021-06-14T13:58:31,300.0,124.3,S
2021-06-14T13:56:50,500.0,124.3,S
2021-06-14T13:55:35,100.0,124.3,S
2021-06-14T13:55:35,100.0,124.5,S
2021-06-14T13:52:13,300.0,124.9,S
2021-06-14T13:48:36,500.0,124.2,S
2021-06-14T13:47:48,400.0,125.0,B
2021-06-14T13:47:48,300.0,124.9,B
2021-06-14T13:46:32,100.0,125.0,B
2021-06-14T13:45:30,100.0,125.0,B
2021-06-14T13:45:20,200.0,125.0,B
2021-06-14T13:43:56,5000.0,125.0,B
2021-06-14T13:42:52,500.0,124.9,B
2021-06-14T13:42:37,1700.0,124.9,B
2021-06-14T13:41:29,3300.0,124.9,B
2021-06-14T13:39:25,200.0,124.5,B
2021-06-14T13:38:04,200.0,124.5,B
2021-06-14T13:37:18,100.0,124.5,B
2021-06-14T13:36:31,300.0,124.0,S
2021-06-14T13:35:27,2000.0,124.0,S
2021-06-14T13:34:12,1300.0,124.5,S
2021-06-14T13:32:06,300.0,125.0,B
2021-06-14T13:30:58,100.0,125.0,B
2021-06-14T13:28:24,200.0,125.0,B
2021-06-14T13:28:00,400.0,125.0,B
2021-06-14T13:27:49,500.0,125.0,B
2021-06-14T13:27:00,400.0,125.0,B
2021-06-14T13:24:45,1300.0,125.0,B
2021-06-14T13:22:33,2000.0,125.0,B
2021-06-14T13:21:44,200.0,124.5,S
2021-06-14T13:20:08,800.0,124.5,B
2021-06-14T13:19:53,1000.0,124.5,B
2021-06-14T13:18:40,1000.0,124.5,B
2021-06-14T13:18:12,700.0,124.5,B
2021-06-14T13:17:30,100.0,124.5,B
2021-06-14T13:16:54,800.0,124.0,B
2021-06-14T13:15:38,200.0,124.0,B
2021-06-14T13:15:38,400.0,124.0,B
2021-06-14T13:15:02,1700.0,124.0,B
2021-06-14T13:14:00,1000.0,124.0,B
2021-06-14T13:13:21,100.0,123.8,B
2021-06-14T13:12:46,400.0,123.8,B
2021-06-14T13:11:51,200.0,123.5,S
2021-06-14T13:11:10,100.0,123.5,S
2021-06-14T13:11:09,100.0,123.5,S
2021-06-14T13:09:46,100.0,123.5,S
2021-06-14T13:09:27,200.0,123.5,S
2021-06-14T13:09:00,500.0,123.5,S
2021-06-14T13:07:56,700.0,124.0,S
2021-06-14T13:07:47,100.0,124.0,S
2021-06-14T13:06:45,300.0,124.0,S
2021-06-14T13:04:50,500.0,124.5,B
2021-06-14T13:02:16,1000.0,124.5,B
2021-06-14T13:01:27,100.0,124.0,B
2021-06-14T13:00:38,200.0,124.0,B
2021-06-14T13:00:37,100.0,124.0,B
2021-06-14T13:00:33,100.0,123.8,S
2021-06-14T11:27:16,300.0,124.0,B
2021-06-14T11:25:32,300.0,124.0,S
2021-06-14T11:24:29,700.0,124.0,B
2021-06-14T11:24:26,10000.0,124.0,B
2021-06-14T11:23:44,500.0,124.0,B
2021-06-14T11:20:34,800.0,124.0,B
2021-06-14T11:20:01,100.0,123.5,B
2021-06-14T11:19:33,200.0,123.5,S
2021-06-14T11:19:31,700.0,123.5,S
2021-06-14T11:17:54,400.0,124.0,B
2021-06-14T11:16:46,500.0,124.0,B
2021-06-14T11:14:45,200.0,124.0,B
2021-06-14T11:14:37,900.0,123.5,S
2021-06-14T11:11:14,1200.0,123.5,S
2021-06-14T11:09:08,200.0,123.5,S
2021-06-14T11:07:17,200.0,123.5,B
2021-06-14T11:06:05,200.0,124.0,B
2021-06-14T11:05:24,1500.0,124.0,B
2021-06-14T11:05:17,600.0,123.5,B
2021-06-14T11:05:12,100.0,123.5,B
2021-06-14T11:04:55,200.0,123.3,S
2021-06-14T11:04:14,100.0,123.3,B
2021-06-14T11:01:38,400.0,123.3,B
2021-06-14T10:59:26,200.0,123.0,S
2021-06-14T10:57:18,300.0,123.0,S
2021-06-14T10:56:00,400.0,123.0,S
2021-06-14T10:52:38,2200.0,123.5,B
2021-06-14T10:52:26,1100.0,123.0,S
2021-06-14T10:50:50,1000.0,123.7,B
2021-06-14T10:50:38,500.0,123.5,S
2021-06-14T10:49:42,100.0,123.5,S
2021-06-14T10:48:05,800.0,123.5,S
2021-06-14T10:47:36,100.0,123.7,B
2021-06-14T10:47:34,200.0,123.7,B
2021-06-14T10:47:24,200.0,123.7,S
2021-06-14T10:47:01,600.0,123.7,S
2021-06-14T10:46:33,4000.0,124.0,B
2021-06-14T10:45:08,100.0,124.0,B
2021-06-14T10:44:25,500.0,123.7,S
2021-06-14T10:43:25,500.0,124.0,B
2021-06-14T10:42:47,1000.0,124.0,S
2021-06-14T10:42:34,2600.0,124.0,S
2021-06-14T10:42:30,4000.0,124.0,S
2021-06-14T10:42:30,1000.0,124.0,S
2021-06-14T10:41:02,100.0,124.0,S
2021-06-14T10:40:16,200.0,124.0,S
2021-06-14T10:39:44,5000.0,124.0,S
2021-06-14T10:37:31,2500.0,125.0,B
2021-06-14T10:35:39,400.0,124.1,S
2021-06-14T10:35:37,200.0,125.0,S
2021-06-14T10:35:08,200.0,125.0,S
2021-06-14T10:34:07,100.0,125.0,S
2021-06-14T10:33:55,100.0,125.0,S
2021-06-14T10:33:51,400.0,125.0,S
2021-06-14T10:33:29,400.0,125.0,S
2021-06-14T10:33:28,100.0,125.0,S
2021-06-14T10:32:41,400.0,125.0,S
2021-06-14T10:31:17,300.0,125.0,S
2021-06-14T10:31:15,500.0,125.0,S
2021-06-14T10:31:15,1200.0,125.0,S
2021-06-14T10:31:02,100.0,125.8,B
2021-06-14T10:30:43,100.0,125.8,B
2021-06-14T10:29:35,700.0,125.5,B
2021-06-14T10:29:20,1000.0,125.0,S
2021-06-14T10:28:59,100.0,125.0,S
2021-06-14T10:28:51,100.0,125.2,B
2021-06-14T10:28:33,300.0,125.0,S
2021-06-14T10:28:19,500.0,125.0,B
2021-06-14T10:28:19,100.0,125.0,B
2021-06-14T10:28:10,200.0,125.0,B
2021-06-14T10:28:02,200.0,125.0,B
2021-06-14T10:27:53,200.0,125.0,B
2021-06-14T10:27:42,500.0,125.0,B
2021-06-14T10:27:31,200.0,125.0,B
2021-06-14T10:27:24,100.0,125.0,B
2021-06-14T10:27:19,800.0,125.0,B
2021-06-14T10:27:19,1500.0,125.0,B
2021-06-14T10:27:19,100.0,125.0,B
2021-06-14T10:27:19,100.0,125.0,B
2021-06-14T10:27:19,1000.0,125.0,B
2021-06-14T10:27:19,1000.0,125.0,B
2021-06-14T10:27:19,500.0,125.0,B
2021-06-14T10:27:19,800.0,125.0,B
2021-06-14T10:27:19,600.0,125.0,B
2021-06-14T10:27:02,500.0,125.0,B
2021-06-14T10:26:32,200.0,124.8,B
2021-06-14T10:26:32,3400.0,124.7,B
2021-06-14T10:26:21,500.0,124.0,B
2021-06-14T10:26:17,100.0,124.0,B
2021-06-14T10:26:02,900.0,124.0,B
2021-06-14T10:25:54,500.0,124.0,B
2021-06-14T10:25:54,300.0,124.0,B
2021-06-14T10:25:18,2800.0,124.0,B
2021-06-14T10:24:36,400.0,123.6,B
2021-06-14T10:24:05,100.0,123.6,B
2021-06-14T10:23:59,400.0,123.5,B
2021-06-14T10:23:49,300.0,123.1,B
2021-06-14T10:23:46,600.0,123.5,B
2021-06-14T10:23:39,100.0,123.5,B
2021-06-14T10:23:35,100.0,123.1,B
2021-06-14T10:23:25,200.0,123.5,B
2021-06-14T10:23:18,100.0,123.5,B
2021-06-14T10:23:18,100.0,123.1,B
2021-06-14T10:23:12,400.0,123.1,B
2021-06-14T10:23:11,1000.0,123.5,B
2021-06-14T10:22:54,600.0,123.1,B
2021-06-14T10:22:20,200.0,123.0,B
2021-06-14T10:21:58,700.0,123.0,B
2021-06-14T10:21:58,2600.0,123.0,B
2021-06-14T10:21:58,1700.0,123.0,B
2021-06-14T10:21:34,100.0,122.3,B
2021-06-14T10:21:32,300.0,123.0,B
2021-06-14T10:21:31,1700.0,123.0,B
2021-06-14T10:21:15,100.0,122.3,B
2021-06-14T10:21:01,100.0,122.0,B
2021-06-14T10:20:33,1000.0,122.3,B
2021-06-14T10:19:08,200.0,122.0,B
2021-06-14T10:19:08,300.0,122.0,B
2021-06-14T10:18:45,1600.0,122.0,B
2021-06-14T10:18:31,2000.0,121.5,B
2021-06-14T10:18:28,2000.0,122.0,B
2021-06-14T10:18:25,100.0,121.8,B
2021-06-14T10:18:12,200.0,121.8,B
2021-06-14T10:17:56,200.0,121.5,B
2021-06-14T10:17:38,500.0,121.5,B
2021-06-14T10:17:35,1100.0,121.5,B
2021-06-14T10:17:30,100.0,121.5,B
2021-06-14T10:17:00,500.0,121.5,B
2021-06-14T10:16:46,200.0,121.2,S
2021-06-14T10:16:37,1000.0,121.0,S
2021-06-14T10:15:38,600.0,121.0,B
2021-06-14T10:15:38,800.0,121.0,B
2021-06-14T10:15:38,22000.0,121.0,B
2021-06-14T10:15:15,300.0,121.0,B
2021-06-14T10:15:06,400.0,120.8,S
2021-06-14T10:15:01,1000.0,121.0,B
2021-06-14T10:14:50,200.0,120.8,S
2021-06-14T10:14:35,200.0,120.8,S
2021-06-14T10:14:33,2000.0,121.0,B
2021-06-14T10:14:21,1000.0,121.0,B
2021-06-14T10:14:12,200.0,120.8,S
2021-06-14T10:13:34,100.0,121.0,B
2021-06-14T10:13:32,200.0,120.8,S
2021-06-14T10:13:10,200.0,121.0,B
2021-06-14T10:12:51,200.0,121.0,B
2021-06-14T10:12:43,1000.0,121.0,B
2021-06-14T10:12:41,200.0,120.8,S
2021-06-14T10:12:00,500.0,121.0,B
2021-06-14T10:11:47,500.0,121.0,B
2021-06-14T10:11:22,300.0,121.0,S
2021-06-14T10:11:21,300.0,121.0,S
2021-06-14T10:11:12,200.0,121.0,S
2021-06-14T10:11:00,900.0,120.8,S
2021-06-14T10:10:42,100.0,121.0,S
2021-06-14T10:10:34,200.0,121.0,S
2021-06-14T10:10:09,1600.0,121.0,S
2021-06-14T10:10:06,100.0,121.0,S
2021-06-14T10:09:53,1600.0,121.0,S
2021-06-14T10:09:28,100.0,121.0,S
2021-06-14T10:09:20,2600.0,120.8,S
2021-06-14T10:09:13,2000.0,121.0,S
2021-06-14T10:09:12,4000.0,121.0,S
2021-06-14T10:08:17,300.0,121.0,S
2021-06-14T10:08:17,300.0,121.0,S
2021-06-14T10:08:17,300.0,121.0,S
2021-06-14T10:08:17,5300.0,121.0,S
2021-06-14T10:07:37,400.0,121.1,S
2021-06-14T10:07:37,200.0,121.2,S
2021-06-14T10:05:53,100.0,121.5,S
2021-06-14T10:05:51,200.0,121.0,S
2021-06-14T10:05:50,1800.0,121.0,S
2021-06-14T10:05:36,2000.0,121.0,S
2021-06-14T10:05:31,200.0,121.5,S
2021-06-14T10:04:05,1700.0,121.5,S
2021-06-14T10:04:05,300.0,121.5,S
2021-06-14T10:03:56,2000.0,121.0,S
2021-06-14T10:03:19,200.0,121.5,S
2021-06-14T10:02:57,500.0,121.5,S
2021-06-14T10:00:49,500.0,121.8,S
2021-06-14T10:00:28,1000.0,122.0,B
2021-06-14T10:00:24,300.0,121.8,S
2021-06-14T09:59:39,100.0,122.0,B
2021-06-14T09:59:38,100.0,122.0,B
2021-06-14T09:58:32,100.0,122.0,B
2021-06-14T09:58:17,200.0,122.0,B
2021-06-14T09:58:06,2000.0,122.0,B
2021-06-14T09:57:18,100.0,122.0,B
2021-06-14T09:57:18,900.0,122.0,B
2021-06-14T09:56:49,100.0,122.0,B
2021-06-14T09:56:24,600.0,122.0,S
2021-06-14T09:55:50,200.0,122.0,S
2021-06-14T09:55:14,200.0,122.0,S
2021-06-14T09:55:03,100.0,122.0,S
2021-06-14T09:54:53,100.0,122.0,S
2021-06-14T09:54:08,100.0,122.0,S
2021-06-14T09:53:40,1300.0,122.0,S
2021-06-14T09:52:43,1000.0,122.0,S
2021-06-14T09:52:28,300.0,122.0,S
2021-06-14T09:52:27,100.0,122.2,B
2021-06-14T09:52:23,500.0,122.2,B
2021-06-14T09:52:23,300.0,122.2,B
2021-06-14T09:52:16,500.0,122.0,S
2021-06-14T09:51:48,200.0,122.0,S
2021-06-14T09:51:31,400.0,122.0,S
2021-06-14T09:51:04,300.0,122.0,S
2021-06-14T09:50:49,200.0,122.1,B
2021-06-14T09:50:37,100.0,122.1,B
2021-06-14T09:50:37,400.0,122.1,B
2021-06-14T09:50:37,400.0,122.2,B
2021-06-14T09:49:22,200.0,122.2,B
2021-06-14T09:49:09,100.0,122.2,B
2021-06-14T09:48:38,500.0,122.2,B
2021-06-14T09:48:23,400.0,122.2,B
2021-06-14T09:47:58,100.0,122.2,B
2021-06-14T09:47:33,900.0,122.2,B
2021-06-14T09:47:29,100.0,122.2,B
2021-06-14T09:47:02,1000.0,122.2,B
2021-06-14T09:46:51,100.0,122.0,S
2021-06-14T09:46:48,100.0,122.1,B
2021-06-14T09:46:40,200.0,122.0,S
2021-06-14T09:46:29,500.0,122.0,S
2021-06-14T09:45:35,500.0,122.1,B
2021-06-14T09:44:16,900.0,122.1,S
2021-06-14T09:43:44,100.0,122.1,S
2021-06-14T09:43:40,200.0,122.1,S
2021-06-14T09:43:40,300.0,122.1,S
2021-06-14T09:43:32,1800.0,122.1,S
2021-06-14T09:43:13,200.0,122.1,S
2021-06-14T09:42:59,1800.0,122.1,S
2021-06-14T09:42:33,100.0,122.2,S
2021-06-14T09:42:32,100.0,122.5,B
2021-06-14T09:42:28,1400.0,122.2,S
2021-06-14T09:42:22,100.0,122.2,S
2021-06-14T09:42:15,100.0,122.3,B
2021-06-14T09:42:12,1000.0,122.5,B
2021-06-14T09:42:01,100.0,122.3,B
2021-06-14T09:41:45,100.0,122.2,S
2021-06-14T09:41:40,200.0,122.2,S
2021-06-14T09:41:33,100.0,122.4,B
2021-06-14T09:41:33,100.0,122.2,S
2021-06-14T09:41:20,100.0,122.3,B
2021-06-14T09:40:57,200.0,122.3,B
2021-06-14T09:40:46,1000.0,121.2,S
2021-06-14T09:40:39,200.0,122.3,B
2021-06-14T09:40:39,600.0,122.3,B
2021-06-14T09:40:39,200.0,122.1,S
2021-06-14T09:40:20,100.0,122.1,S
2021-06-14T09:40:17,100.0,122.1,S
2021-06-14T09:39:48,300.0,122.3,B
2021-06-14T09:39:38,100.0,122.1,S
2021-06-14T09:39:25,200.0,122.3,B
2021-06-14T09:39:25,800.0,122.3,B
2021-06-14T09:39:04,800.0,121.0,S
2021-06-14T09:39:04,300.0,122.0,S
2021-06-14T09:39:04,2600.0,122.0,S
2021-06-14T09:39:03,200.0,122.0,S
2021-06-14T09:39:03,100.0,122.1,S
2021-06-14T09:38:58,400.0,122.3,B
2021-06-14T09:38:41,200.0,122.3,B
2021-06-14T09:38:19,400.0,122.3,S
2021-06-14T09:38:19,100.0,122.2,S
2021-06-14T09:38:11,100.0,122.2,S
2021-06-14T09:37:37,700.0,122.3,S
2021-06-14T09:37:27,100.0,122.5,S
2021-06-14T09:37:20,1000.0,122.3,S
2021-06-14T09:37:20,300.0,122.4,S
2021-06-14T09:37:05,100.0,122.4,S
2021-06-14T09:36:54,200.0,122.4,S
2021-06-14T09:36:52,300.0,122.4,S
2021-06-14T09:36:48,100.0,122.4,S
2021-06-14T09:36:41,200.0,122.4,S
2021-06-14T09:36:32,300.0,122.4,S
2021-06-14T09:35:52,200.0,122.4,S
2021-06-14T09:35:35,1100.0,122.4,S
2021-06-14T09:35:22,2300.0,122.4,S
2021-06-14T09:35:17,300.0,122.5,S
2021-06-14T09:34:59,400.0,122.5,S
2021-06-14T09:33:41,200.0,122.4,S
2021-06-14T09:32:34,1900.0,123.0,B
2021-06-14T09:32:29,600.0,122.4,S
2021-06-14T09:32:29,1000.0,122.4,S
2021-06-14T09:32:29,700.0,122.5,S
2021-06-14T09:32:29,700.0,122.6,S
2021-06-14T09:32:18,100.0,122.9,S
2021-06-14T09:31:33,100.0,122.9,S
2021-06-14T09:31:32,800.0,122.9,S
2021-06-14T09:31:32,200.0,122.9,S
2021-06-14T09:31:24,700.0,122.9,S
2021-06-14T09:31:23,100.0,122.9,S
2021-06-14T09:30:01,100.0,123.0,S
2021-06-14T09:29:45,100.0,122.9,S
2021-06-14T09:29:10,500.0,123.0,S
2021-06-14T09:29:06,100.0,123.0,S
2021-06-14T09:29:00,100.0,123.0,S
2021-06-14T09:28:53,100.0,123.0,S
2021-06-14T09:28:38,300.0,123.0,S
2021-06-14T09:28:32,100.0,122.9,S
2021-06-14T09:28:22,600.0,123.0,S
2021-06-14T09:28:18,100.0,123.0,S
2021-06-14T09:28:16,100.0,123.0,S
2021-06-14T09:27:56,100.0,123.0,S
2021-06-14T09:27:08,1000.0,123.0,S
2021-06-14T09:26:52,400.0,123.0,S
2021-06-14T09:26:49,500.0,123.0,S
2021-06-14T09:26:46,400.0,123.0,S
2021-06-14T09:26:40,100.0,123.0,S
2021-06-14T09:26:36,100.0,123.0,S
2021-06-14T09:26:36,100.0,123.0,S
2021-06-14T09:26:19,200.0,123.0,S
2021-06-14T09:26:17,500.0,123.0,S
2021-06-14T09:25:55,5000.0,123.0,S
2021-06-14T09:25:54,700.0,123.0,S
2021-06-14T09:25:46,2000.0,123.0,S
2021-06-14T09:25:38,100.0,123.5,B
2021-06-14T09:25:35,1600.0,123.0,S
2021-06-14T09:25:26,200.0,123.5,B
2021-06-14T09:24:55,700.0,123.5,S
2021-06-14T09:24:49,200.0,123.5,S
2021-06-14T09:24:40,300.0,123.5,S
2021-06-14T09:24:25,1000.0,123.5,S
2021-06-14T09:24:17,100.0,123.5,S
2021-06-14T09:24:15,100.0,123.1,S
2021-06-14T09:24:13,200.0,123.5,S
2021-06-14T09:23:59,2000.0,123.5,S
2021-06-14T09:23:50,2000.0,123.5,S
2021-06-14T09:23:43,500.0,124.0,B
2021-06-14T09:23:39,100.0,124.0,B
2021-06-14T09:23:33,1000.0,123.5,S
2021-06-14T09:22:52,300.0,124.0,S
2021-06-14T09:22:40,100.0,124.0,S
2021-06-14T09:21:52,100.0,124.0,S
2021-06-14T09:21:49,200.0,124.0,S
2021-06-14T09:21:45,300.0,124.0,S
2021-06-14T09:21:45,700.0,124.0,S
2021-06-14T09:21:45,1700.0,124.0,S
2021-06-14T09:21:28,800.0,124.0,S
2021-06-14T09:21:28,100.0,124.0,S
2021-06-14T09:21:25,100.0,124.4,S
2021-06-14T09:20:53,1000.0,124.5,B
2021-06-14T09:20:36,4000.0,124.0,S
2021-06-14T09:19:43,500.0,124.6,S
2021-06-14T09:19:33,1100.0,124.0,S
2021-06-14T09:19:33,1000.0,124.0,S
2021-06-14T09:19:33,600.0,124.1,S
2021-06-14T09:19:33,2000.0,124.5,S
2021-06-14T09:19:22,200.0,124.5,S
2021-06-14T09:19:09,100.0,124.5,S
2021-06-14T09:18:42,100.0,124.5,S
2021-06-14T09:18:33,100.0,124.5,S
2021-06-14T09:18:26,200.0,124.5,S
2021-06-14T09:18:26,1100.0,124.5,S
2021-06-14T09:18:20,2000.0,124.8,B
2021-06-14T09:18:08,600.0,124.8,B
2021-06-14T09:17:56,500.0,124.8,B
2021-06-14T09:17:48,100.0,124.7,S
2021-06-14T09:17:44,1500.0,124.8,B
2021-06-14T09:17:44,100.0,124.7,S
2021-06-14T09:17:28,100.0,124.8,B
2021-06-14T09:17:23,100.0,124.8,B
2021-06-14T09:17:11,300.0,124.8,S
2021-06-14T09:16:31,500.0,124.8,S
2021-06-14T09:16:27,100.0,125.0,B
2021-06-14T09:16:00,100.0,125.0,B
2021-06-14T09:15:46,200.0,125.0,B
2021-06-14T09:15:42,100.0,125.0,B
