tradingTime,volume,price,side
2021-06-14T14:27:12,4400.0,3.07,B
2021-06-14T14:26:57,1000.0,3.07,S
2021-06-14T14:26:52,6000.0,3.07,S
2021-06-14T14:26:52,82100.0,3.07,S
2021-06-14T14:26:52,6500.0,3.07,S
2021-06-14T14:26:49,5000.0,3.09,B
2021-06-14T14:26:39,10000.0,3.08,B
2021-06-14T14:26:35,1000.0,3.08,B
2021-06-14T14:26:33,1000.0,3.08,B
2021-06-14T14:26:25,100.0,3.08,B
2021-06-14T14:26:25,3600.0,3.07,S
2021-06-14T14:26:25,200.0,3.07,S
2021-06-14T14:26:25,87500.0,3.07,S
2021-06-14T14:26:23,100.0,3.08,B
2021-06-14T14:26:15,1000.0,3.08,B
2021-06-14T14:26:15,100.0,3.08,B
2021-06-14T14:26:14,44700.0,3.08,B
2021-06-14T14:26:13,5300.0,3.08,B
2021-06-14T14:26:06,100.0,3.08,B
2021-06-14T14:25:55,100.0,3.08,B
2021-06-14T14:25:43,5000.0,3.07,S
2021-06-14T14:25:35,100.0,3.08,B
2021-06-14T14:25:29,1000.0,3.07,S
2021-06-14T14:25:06,20000.0,3.07,S
2021-06-14T14:24:42,3500.0,3.08,B
2021-06-14T14:24:35,600.0,3.07,S
2021-06-14T14:24:28,1200.0,3.07,S
2021-06-14T14:24:28,5100.0,3.07,S
2021-06-14T14:24:28,13900.0,3.07,S
2021-06-14T14:24:28,13600.0,3.07,S
2021-06-14T14:24:28,1600.0,3.07,S
2021-06-14T14:24:28,4600.0,3.07,S
2021-06-14T14:24:03,2000.0,3.08,B
2021-06-14T14:23:48,5000.0,3.07,S
2021-06-14T14:23:45,19100.0,3.08,B
2021-06-14T14:23:42,500.0,3.08,B
2021-06-14T14:23:33,10500.0,3.08,B
2021-06-14T14:23:23,1000.0,3.08,B
2021-06-14T14:23:21,1000.0,3.08,B
2021-06-14T14:23:18,60000.0,3.08,B
2021-06-14T14:23:15,100.0,3.08,B
2021-06-14T14:23:05,400.0,3.08,B
2021-06-14T14:22:35,5000.0,3.08,B
2021-06-14T14:22:25,20000.0,3.08,S
2021-06-14T14:22:19,5000.0,3.08,S
2021-06-14T14:22:16,3600.0,3.08,S
2021-06-14T14:22:16,1400.0,3.08,S
2021-06-14T14:22:13,100.0,3.08,S
2021-06-14T14:22:12,5000.0,3.08,S
2021-06-14T14:22:09,100.0,3.08,S
2021-06-14T14:21:57,500.0,3.08,S
2021-06-14T14:21:46,100.0,3.08,S
2021-06-14T14:21:42,100.0,3.08,S
2021-06-14T14:20:51,100.0,3.08,S
2021-06-14T14:20:48,100.0,3.08,S
2021-06-14T14:20:17,2400.0,3.08,S
2021-06-14T14:20:16,500.0,3.08,S
2021-06-14T14:20:04,1000.0,3.08,S
2021-06-14T14:20:01,900.0,3.08,S
2021-06-14T14:19:46,1000.0,3.08,S
2021-06-14T14:19:40,1000.0,3.08,S
2021-06-14T14:19:39,2700.0,3.08,S
2021-06-14T14:19:23,5500.0,3.08,S
2021-06-14T14:19:23,13300.0,3.08,S
2021-06-14T14:19:23,21200.0,3.08,S
2021-06-14T14:18:49,10000.0,3.08,S
2021-06-14T14:18:24,300.0,3.09,S
2021-06-14T14:17:40,400.0,3.09,S
2021-06-14T14:17:19,10000.0,3.09,S
2021-06-14T14:17:04,100.0,3.1,B
2021-06-14T14:16:43,2000.0,3.1,B
2021-06-14T14:16:27,500.0,3.09,S
2021-06-14T14:16:27,200.0,3.09,S
2021-06-14T14:16:27,800.0,3.09,S
2021-06-14T14:16:27,1500.0,3.09,S
2021-06-14T14:16:27,400.0,3.1,S
2021-06-14T14:15:53,900.0,3.1,S
2021-06-14T14:15:31,11100.0,3.1,S
2021-06-14T14:15:01,100.0,3.1,S
2021-06-14T14:14:31,100.0,3.1,S
2021-06-14T14:14:11,3500.0,3.1,S
2021-06-14T14:13:13,5000.0,3.1,S
2021-06-14T14:12:48,2000.0,3.1,S
2021-06-14T14:12:48,2200.0,3.1,S
2021-06-14T14:12:48,5000.0,3.1,S
2021-06-14T14:12:14,10000.0,3.1,S
2021-06-14T14:11:53,200.0,3.1,S
2021-06-14T14:09:30,1000.0,3.1,B
2021-06-14T14:09:30,5000.0,3.1,B
2021-06-14T14:09:30,4700.0,3.1,B
2021-06-14T14:09:12,300.0,3.1,B
2021-06-14T14:09:03,2800.0,3.1,B
2021-06-14T14:08:33,400.0,3.1,B
2021-06-14T14:08:22,10000.0,3.1,B
2021-06-14T14:08:15,400.0,3.1,B
2021-06-14T14:08:03,100.0,3.09,S
2021-06-14T14:07:53,6000.0,3.1,B
2021-06-14T14:07:53,1500.0,3.1,B
2021-06-14T14:07:53,2500.0,3.1,B
2021-06-14T14:06:38,5000.0,3.1,B
2021-06-14T14:06:29,100.0,3.09,B
2021-06-14T14:06:29,200.0,3.09,B
2021-06-14T14:05:59,3400.0,3.1,B
2021-06-14T14:05:59,1600.0,3.1,B
2021-06-14T14:05:48,200.0,3.09,B
2021-06-14T14:05:42,300.0,3.09,B
2021-06-14T14:05:31,300.0,3.09,B
2021-06-14T14:05:13,5000.0,3.08,B
2021-06-14T14:05:13,1800.0,3.08,B
2021-06-14T14:04:52,200.0,3.08,B
2021-06-14T14:04:40,5000.0,3.07,S
2021-06-14T14:04:38,50000.0,3.07,S
2021-06-14T14:04:36,700.0,3.09,B
2021-06-14T14:04:08,300.0,3.08,B
2021-06-14T14:04:02,77500.0,3.08,B
2021-06-14T14:03:57,10000.0,3.08,B
2021-06-14T14:03:28,300.0,3.07,S
2021-06-14T14:03:24,3000.0,3.08,B
2021-06-14T14:03:18,100.0,3.08,B
2021-06-14T14:02:54,2000.0,3.07,S
2021-06-14T14:02:54,2100.0,3.07,S
2021-06-14T14:02:52,200.0,3.07,S
2021-06-14T14:02:52,900.0,3.07,S
2021-06-14T14:02:52,2000.0,3.07,S
2021-06-14T14:02:52,1200.0,3.07,S
2021-06-14T14:02:52,1300.0,3.07,S
2021-06-14T14:02:14,500.0,3.07,B
2021-06-14T14:02:04,900.0,3.07,B
2021-06-14T14:01:57,300.0,3.07,B
2021-06-14T14:01:44,2000.0,3.07,B
2021-06-14T14:01:30,1500.0,3.07,B
2021-06-14T14:01:27,300.0,3.07,B
2021-06-14T14:01:21,100.0,3.07,S
2021-06-14T14:01:16,900.0,3.07,S
2021-06-14T14:01:12,30000.0,3.07,S
2021-06-14T14:01:10,500.0,3.07,S
2021-06-14T14:01:03,2700.0,3.07,S
2021-06-14T14:00:56,100.0,3.07,S
2021-06-14T14:00:55,50000.0,3.07,S
2021-06-14T14:00:54,100.0,3.07,S
2021-06-14T14:00:54,5300.0,3.07,S
2021-06-14T14:00:54,7500.0,3.07,S
2021-06-14T14:00:51,1600.0,3.07,S
2021-06-14T14:00:42,20000.0,3.08,B
2021-06-14T14:00:39,300.0,3.08,B
2021-06-14T14:00:36,900.0,3.07,S
2021-06-14T14:00:14,100.0,3.07,S
2021-06-14T13:59:56,5000.0,3.07,S
2021-06-14T13:59:53,9000.0,3.07,S
2021-06-14T13:59:43,100.0,3.08,B
2021-06-14T13:59:28,2900.0,3.07,S
2021-06-14T13:59:25,100.0,3.07,S
2021-06-14T13:59:24,300.0,3.07,S
2021-06-14T13:59:23,5000.0,3.07,S
2021-06-14T13:59:18,21700.0,3.07,S
2021-06-14T13:58:53,200.0,3.08,B
2021-06-14T13:58:36,200.0,3.07,S
2021-06-14T13:58:36,100.0,3.07,S
2021-06-14T13:58:32,30000.0,3.07,S
2021-06-14T13:58:01,1000.0,3.07,S
2021-06-14T13:57:53,300.0,3.08,B
2021-06-14T13:57:50,400.0,3.08,B
2021-06-14T13:57:47,100.0,3.08,B
2021-06-14T13:57:37,1000.0,3.07,S
2021-06-14T13:57:27,2000.0,3.07,S
2021-06-14T13:57:14,10000.0,3.08,B
2021-06-14T13:56:54,5000.0,3.08,B
2021-06-14T13:56:46,1500.0,3.07,S
2021-06-14T13:56:45,100.0,3.07,S
2021-06-14T13:56:41,3400.0,3.07,S
2021-06-14T13:56:35,1000.0,3.08,B
2021-06-14T13:56:34,2700.0,3.07,S
2021-06-14T13:56:33,65800.0,3.07,S
2021-06-14T13:56:29,5000.0,3.07,S
2021-06-14T13:56:15,10700.0,3.08,B
2021-06-14T13:56:02,23000.0,3.07,S
2021-06-14T13:55:59,1500.0,3.08,B
2021-06-14T13:55:38,17000.0,3.07,S
2021-06-14T13:55:27,5000.0,3.08,B
2021-06-14T13:55:07,1500.0,3.08,B
2021-06-14T13:55:03,600.0,3.07,S
2021-06-14T13:55:00,1900.0,3.08,B
2021-06-14T13:54:46,700.0,3.08,B
2021-06-14T13:54:27,24800.0,3.08,S
2021-06-14T13:54:24,300.0,3.08,S
2021-06-14T13:54:16,100.0,3.08,S
2021-06-14T13:53:55,9400.0,3.08,S
2021-06-14T13:53:51,1200.0,3.08,S
2021-06-14T13:53:50,5700.0,3.08,S
2021-06-14T13:53:43,10400.0,3.08,S
2021-06-14T13:53:43,8700.0,3.08,S
2021-06-14T13:53:43,3900.0,3.08,S
2021-06-14T13:53:43,7600.0,3.08,S
2021-06-14T13:53:43,58400.0,3.08,S
2021-06-14T13:53:43,20600.0,3.08,S
2021-06-14T13:53:43,100.0,3.08,S
2021-06-14T13:53:42,1300.0,3.08,S
2021-06-14T13:53:42,9500.0,3.08,S
2021-06-14T13:53:42,2100.0,3.08,S
2021-06-14T13:53:42,500.0,3.08,S
2021-06-14T13:53:42,51600.0,3.08,S
2021-06-14T13:53:42,300.0,3.08,S
2021-06-14T13:53:42,500.0,3.08,S
2021-06-14T13:53:42,11200.0,3.08,S
2021-06-14T13:53:42,7200.0,3.08,S
2021-06-14T13:53:23,30000.0,3.08,S
2021-06-14T13:53:09,118000.0,3.08,S
2021-06-14T13:53:08,100.0,3.1,B
2021-06-14T13:52:50,1500.0,3.1,B
2021-06-14T13:52:23,1900.0,3.1,B
2021-06-14T13:51:56,1000.0,3.09,S
2021-06-14T13:51:45,200.0,3.1,B
2021-06-14T13:51:43,100.0,3.1,B
2021-06-14T13:51:27,100.0,3.09,S
2021-06-14T13:51:11,1600.0,3.1,B
2021-06-14T13:50:58,1000.0,3.1,B
2021-06-14T13:50:23,3000.0,3.1,B
2021-06-14T13:50:13,10100.0,3.08,S
2021-06-14T13:50:13,19900.0,3.09,S
2021-06-14T13:49:56,100.0,3.1,B
2021-06-14T13:49:20,1000.0,3.1,B
2021-06-14T13:49:07,2200.0,3.09,S
2021-06-14T13:49:07,9300.0,3.09,S
2021-06-14T13:49:07,9300.0,3.09,S
2021-06-14T13:49:07,8500.0,3.09,S
2021-06-14T13:49:07,20700.0,3.09,S
2021-06-14T13:48:45,300.0,3.1,B
2021-06-14T13:48:24,5000.0,3.1,B
2021-06-14T13:47:53,10000.0,3.1,B
2021-06-14T13:47:35,2000.0,3.09,S
2021-06-14T13:47:24,1000.0,3.09,S
2021-06-14T13:47:23,2000.0,3.09,S
2021-06-14T13:46:52,600.0,3.09,B
2021-06-14T13:46:48,7700.0,3.09,B
2021-06-14T13:46:44,6100.0,3.09,B
2021-06-14T13:46:42,1000.0,3.09,B
2021-06-14T13:46:34,200.0,3.09,B
2021-06-14T13:46:25,100.0,3.09,B
2021-06-14T13:46:16,500.0,3.09,B
2021-06-14T13:46:02,100.0,3.09,B
2021-06-14T13:46:02,1400.0,3.09,B
2021-06-14T13:45:58,1200.0,3.09,B
2021-06-14T13:45:43,3000.0,3.09,B
2021-06-14T13:45:31,400.0,3.09,B
2021-06-14T13:45:28,1000.0,3.08,S
2021-06-14T13:45:17,200.0,3.09,B
2021-06-14T13:45:17,100.0,3.08,S
2021-06-14T13:45:09,100.0,3.09,B
2021-06-14T13:45:05,500.0,3.09,B
2021-06-14T13:44:43,1000.0,3.09,B
2021-06-14T13:44:29,400.0,3.09,B
2021-06-14T13:44:27,300.0,3.09,B
2021-06-14T13:44:26,100.0,3.08,S
2021-06-14T13:44:18,10200.0,3.08,S
2021-06-14T13:44:13,2000.0,3.09,B
2021-06-14T13:43:46,4800.0,3.08,S
2021-06-14T13:43:46,100.0,3.09,B
2021-06-14T13:43:46,9300.0,3.09,B
2021-06-14T13:43:26,200.0,3.1,B
2021-06-14T13:42:54,1000.0,3.1,B
2021-06-14T13:42:53,1000.0,3.09,B
2021-06-14T13:42:35,2000.0,3.08,S
2021-06-14T13:42:35,500.0,3.09,S
2021-06-14T13:42:35,500.0,3.09,S
2021-06-14T13:42:21,200.0,3.1,B
2021-06-14T13:42:08,100.0,3.1,B
2021-06-14T13:42:06,20000.0,3.08,S
2021-06-14T13:41:45,900.0,3.08,S
2021-06-14T13:41:40,200.0,3.1,B
2021-06-14T13:41:24,15000.0,3.08,S
2021-06-14T13:41:24,600.0,3.1,B
2021-06-14T13:41:18,100.0,3.1,B
2021-06-14T13:41:12,20600.0,3.08,S
2021-06-14T13:41:12,9400.0,3.09,S
2021-06-14T13:40:53,500.0,3.1,B
2021-06-14T13:40:29,1000.0,3.1,B
2021-06-14T13:39:47,1500.0,3.1,B
2021-06-14T13:39:31,100.0,3.1,B
2021-06-14T13:39:28,2500.0,3.1,B
2021-06-14T13:39:22,1000.0,3.09,S
2021-06-14T13:39:12,500.0,3.09,S
2021-06-14T13:39:11,500.0,3.09,S
2021-06-14T13:39:10,2500.0,3.09,S
2021-06-14T13:38:52,3400.0,3.1,B
2021-06-14T13:38:51,100.0,3.09,S
2021-06-14T13:38:47,300.0,3.09,S
2021-06-14T13:38:45,3500.0,3.09,S
2021-06-14T13:38:43,100000.0,3.09,S
2021-06-14T13:38:41,5000.0,3.09,S
2021-06-14T13:38:20,10000.0,3.09,S
2021-06-14T13:38:05,10000.0,3.09,S
2021-06-14T13:37:45,1000.0,3.09,S
2021-06-14T13:37:30,11000.0,3.09,S
2021-06-14T13:37:10,69200.0,3.09,S
2021-06-14T13:37:09,300.0,3.09,S
2021-06-14T13:37:05,24700.0,3.08,S
2021-06-14T13:37:05,21700.0,3.08,S
2021-06-14T13:37:05,3600.0,3.08,S
2021-06-14T13:36:58,200.0,3.09,S
2021-06-14T13:36:53,500.0,3.09,S
2021-06-14T13:36:49,200.0,3.09,S
2021-06-14T13:36:35,100.0,3.09,S
2021-06-14T13:36:32,8200.0,3.09,S
2021-06-14T13:36:32,13800.0,3.09,S
2021-06-14T13:36:32,900.0,3.09,S
2021-06-14T13:36:32,20800.0,3.09,S
2021-06-14T13:36:32,1000.0,3.09,S
2021-06-14T13:36:32,9500.0,3.09,S
2021-06-14T13:36:32,1000.0,3.09,S
2021-06-14T13:36:32,5200.0,3.09,S
2021-06-14T13:36:32,50500.0,3.09,S
2021-06-14T13:36:32,54100.0,3.09,S
2021-06-14T13:36:26,20000.0,3.09,S
2021-06-14T13:36:08,4000.0,3.09,S
2021-06-14T13:36:05,8000.0,3.09,S
2021-06-14T13:35:58,20000.0,3.09,S
2021-06-14T13:35:50,400.0,3.09,S
2021-06-14T13:35:28,32000.0,3.09,S
2021-06-14T13:35:17,1000.0,3.1,B
2021-06-14T13:35:14,200.0,3.1,B
2021-06-14T13:35:02,63500.0,3.09,S
2021-06-14T13:35:02,5000.0,3.09,S
2021-06-14T13:35:02,31500.0,3.09,S
2021-06-14T13:35:00,3000.0,3.1,B
2021-06-14T13:34:53,1000.0,3.1,B
2021-06-14T13:34:30,1000.0,3.1,S
2021-06-14T13:34:29,100.0,3.1,S
2021-06-14T13:34:27,1000.0,3.1,S
2021-06-14T13:34:22,500.0,3.1,S
2021-06-14T13:34:08,100.0,3.1,S
2021-06-14T13:34:08,31100.0,3.1,S
2021-06-14T13:34:08,1000.0,3.1,S
2021-06-14T13:34:08,8100.0,3.1,S
2021-06-14T13:34:08,100.0,3.1,S
2021-06-14T13:34:07,2300.0,3.1,S
2021-06-14T13:34:02,400.0,3.11,B
2021-06-14T13:33:54,1000.0,3.11,B
2021-06-14T13:33:32,200.0,3.11,B
2021-06-14T13:33:17,17700.0,3.1,S
2021-06-14T13:33:09,2300.0,3.1,S
2021-06-14T13:33:09,97700.0,3.1,S
2021-06-14T13:33:01,200.0,3.1,S
2021-06-14T13:32:58,200.0,3.1,S
2021-06-14T13:32:58,600.0,3.1,S
2021-06-14T13:32:56,5000.0,3.1,S
2021-06-14T13:32:54,100.0,3.1,S
2021-06-14T13:32:49,200.0,3.1,S
2021-06-14T13:32:47,2000.0,3.1,S
2021-06-14T13:32:39,600.0,3.1,S
2021-06-14T13:32:29,500.0,3.1,S
2021-06-14T13:32:25,100.0,3.1,S
2021-06-14T13:32:23,3000.0,3.1,S
2021-06-14T13:32:15,200.0,3.1,S
2021-06-14T13:32:15,3200.0,3.1,S
2021-06-14T13:31:55,8300.0,3.1,S
2021-06-14T13:31:52,200.0,3.1,S
2021-06-14T13:31:48,9000.0,3.1,S
2021-06-14T13:31:39,1000.0,3.1,S
2021-06-14T13:31:38,5000.0,3.1,S
2021-06-14T13:31:34,300.0,3.1,S
2021-06-14T13:31:27,500.0,3.1,S
2021-06-14T13:31:18,100.0,3.1,S
2021-06-14T13:31:18,3000.0,3.1,S
2021-06-14T13:31:15,200.0,3.1,S
2021-06-14T13:31:09,35000.0,3.1,S
2021-06-14T13:31:07,300.0,3.1,S
2021-06-14T13:31:07,600.0,3.1,S
2021-06-14T13:31:06,5700.0,3.1,S
2021-06-14T13:31:06,3100.0,3.1,S
2021-06-14T13:31:06,4100.0,3.1,S
2021-06-14T13:31:05,14000.0,3.1,S
2021-06-14T13:31:04,100.0,3.11,B
2021-06-14T13:30:58,10000.0,3.11,B
2021-06-14T13:30:57,1000.0,3.11,B
2021-06-14T13:30:39,100.0,3.11,B
2021-06-14T13:30:17,200.0,3.11,S
2021-06-14T13:30:14,5000.0,3.11,S
2021-06-14T13:30:00,10000.0,3.11,S
2021-06-14T13:29:56,800.0,3.1,S
2021-06-14T13:29:50,10000.0,3.1,S
2021-06-14T13:29:48,200.0,3.1,S
2021-06-14T13:29:46,6000.0,3.1,S
2021-06-14T13:29:42,300.0,3.1,S
2021-06-14T13:29:34,5200.0,3.1,S
2021-06-14T13:29:32,500.0,3.1,S
2021-06-14T13:29:25,200.0,3.1,S
2021-06-14T13:29:21,5000.0,3.1,S
2021-06-14T13:29:19,1800.0,3.1,S
2021-06-14T13:29:14,300.0,3.1,S
2021-06-14T13:29:14,100.0,3.1,S
2021-06-14T13:29:13,5000.0,3.1,S
2021-06-14T13:29:11,800.0,3.1,S
2021-06-14T13:29:06,500.0,3.1,S
2021-06-14T13:29:05,100.0,3.1,S
2021-06-14T13:29:02,100.0,3.1,S
2021-06-14T13:29:01,4500.0,3.1,S
2021-06-14T13:28:56,100.0,3.1,S
2021-06-14T13:28:53,100.0,3.1,S
2021-06-14T13:28:52,200.0,3.1,S
2021-06-14T13:28:38,57100.0,3.1,S
2021-06-14T13:28:34,20000.0,3.11,S
2021-06-14T13:28:33,6300.0,3.11,S
2021-06-14T13:28:29,1400.0,3.11,S
2021-06-14T13:28:28,1500.0,3.11,S
2021-06-14T13:28:27,1400.0,3.12,B
2021-06-14T13:27:49,1000.0,3.12,B
2021-06-14T13:27:41,100.0,3.12,B
2021-06-14T13:27:36,26900.0,3.1,S
2021-06-14T13:27:36,1500.0,3.1,S
2021-06-14T13:27:35,5000.0,3.1,S
2021-06-14T13:27:35,7400.0,3.1,S
2021-06-14T13:27:35,3500.0,3.1,S
2021-06-14T13:27:35,5000.0,3.1,S
2021-06-14T13:27:35,1400.0,3.1,S
2021-06-14T13:27:35,3600.0,3.1,S
2021-06-14T13:27:35,25200.0,3.1,S
2021-06-14T13:27:35,8200.0,3.1,S
2021-06-14T13:27:35,5000.0,3.1,S
2021-06-14T13:27:35,3000.0,3.1,S
2021-06-14T13:27:35,25100.0,3.1,S
2021-06-14T13:27:35,7000.0,3.1,S
2021-06-14T13:27:35,2000.0,3.1,S
2021-06-14T13:27:35,200.0,3.1,S
2021-06-14T13:27:35,800.0,3.11,S
2021-06-14T13:27:35,18300.0,3.11,S
2021-06-14T13:27:35,4700.0,3.11,S
2021-06-14T13:27:35,5200.0,3.11,S
2021-06-14T13:27:35,25000.0,3.11,S
2021-06-14T13:27:34,16000.0,3.11,S
2021-06-14T13:27:29,7300.0,3.12,B
2021-06-14T13:27:29,6700.0,3.12,B
2021-06-14T13:27:08,500.0,3.12,B
2021-06-14T13:26:46,300.0,3.12,B
2021-06-14T13:26:42,400.0,3.12,B
2021-06-14T13:26:23,4000.0,3.11,S
2021-06-14T13:26:22,5000.0,3.12,B
2021-06-14T13:26:18,100.0,3.12,B
2021-06-14T13:26:18,1000.0,3.12,B
2021-06-14T13:25:32,1000.0,3.11,S
2021-06-14T13:25:03,200.0,3.12,B
2021-06-14T13:24:58,100.0,3.12,B
2021-06-14T13:24:27,4000.0,3.11,S
2021-06-14T13:24:18,8000.0,3.1,S
2021-06-14T13:24:10,400.0,3.1,S
2021-06-14T13:24:10,600.0,3.1,S
2021-06-14T13:24:10,12000.0,3.1,S
2021-06-14T13:24:10,6000.0,3.1,S
2021-06-14T13:24:10,50100.0,3.1,S
2021-06-14T13:24:10,10000.0,3.1,S
2021-06-14T13:24:10,1200.0,3.1,S
2021-06-14T13:24:10,1500.0,3.11,S
2021-06-14T13:24:10,30600.0,3.11,S
2021-06-14T13:24:10,1000.0,3.11,S
2021-06-14T13:24:10,3700.0,3.11,S
2021-06-14T13:24:10,27000.0,3.11,S
2021-06-14T13:24:10,600.0,3.11,S
2021-06-14T13:24:10,1100.0,3.11,S
2021-06-14T13:24:10,3100.0,3.11,S
2021-06-14T13:24:10,22300.0,3.11,S
2021-06-14T13:24:10,900.0,3.11,S
2021-06-14T13:24:10,2900.0,3.12,B
2021-06-14T13:24:10,11700.0,3.12,B
2021-06-14T13:24:10,13300.0,3.12,B
2021-06-14T13:23:20,10400.0,3.12,B
2021-06-14T13:23:09,2000.0,3.13,B
2021-06-14T13:22:48,4500.0,3.12,B
2021-06-14T13:22:09,5100.0,3.13,B
2021-06-14T13:21:50,9600.0,3.12,B
2021-06-14T13:21:29,300.0,3.11,S
2021-06-14T13:21:14,1000.0,3.11,S
2021-06-14T13:21:13,800.0,3.12,B
2021-06-14T13:21:06,10000.0,3.12,S
2021-06-14T13:20:53,1000.0,3.12,S
2021-06-14T13:20:44,16200.0,3.12,S
2021-06-14T13:20:40,1600.0,3.12,S
2021-06-14T13:20:20,500.0,3.12,S
2021-06-14T13:19:41,10000.0,3.12,S
2021-06-14T13:19:41,9500.0,3.11,S
2021-06-14T13:19:10,2000.0,3.12,S
2021-06-14T13:19:10,3200.0,3.12,S
2021-06-14T13:19:10,6000.0,3.12,S
2021-06-14T13:19:10,700.0,3.12,S
2021-06-14T13:19:10,200.0,3.12,S
2021-06-14T13:19:09,500.0,3.12,S
2021-06-14T13:19:09,31300.0,3.12,S
2021-06-14T13:19:01,5300.0,3.13,S
2021-06-14T13:19:01,31000.0,3.13,S
2021-06-14T13:18:44,500.0,3.14,S
2021-06-14T13:18:34,1600.0,3.14,S
2021-06-14T13:18:25,100.0,3.14,S
2021-06-14T13:18:11,200.0,3.14,S
2021-06-14T13:18:11,4000.0,3.14,S
2021-06-14T13:18:11,1200.0,3.14,S
2021-06-14T13:18:11,3000.0,3.14,S
2021-06-14T13:18:11,3400.0,3.14,S
2021-06-14T13:17:52,14000.0,3.15,B
2021-06-14T13:17:49,10000.0,3.15,B
2021-06-14T13:17:27,2000.0,3.15,B
2021-06-14T13:16:46,300.0,3.15,B
2021-06-14T13:15:56,300.0,3.15,B
2021-06-14T13:15:22,2000.0,3.15,B
2021-06-14T13:15:08,6600.0,3.15,B
2021-06-14T13:15:04,10000.0,3.14,S
2021-06-14T13:14:13,400.0,3.15,B
2021-06-14T13:14:12,200.0,3.14,S
2021-06-14T13:14:07,1000.0,3.14,S
2021-06-14T13:13:28,1000.0,3.14,S
2021-06-14T13:10:34,1400.0,3.14,B
2021-06-14T13:10:23,400.0,3.13,S
2021-06-14T13:09:55,7400.0,3.14,B
2021-06-14T13:09:55,4600.0,3.14,B
2021-06-14T13:09:23,16000.0,3.14,B
2021-06-14T13:08:32,1100.0,3.14,B
2021-06-14T13:07:29,100.0,3.14,B
2021-06-14T13:05:36,1000.0,3.14,B
2021-06-14T13:04:58,1000.0,3.14,B
2021-06-14T13:04:49,6200.0,3.13,S
2021-06-14T13:04:46,100.0,3.13,S
2021-06-14T13:04:00,2000.0,3.13,S
2021-06-14T13:03:45,3000.0,3.13,S
2021-06-14T13:02:33,3000.0,3.13,S
2021-06-14T13:01:52,1000.0,3.14,B
2021-06-14T13:01:50,100.0,3.14,B
2021-06-14T13:01:41,200.0,3.14,B
2021-06-14T13:01:25,300.0,3.13,S
2021-06-14T13:00:47,100.0,3.14,B
2021-06-14T13:00:38,6000.0,3.14,B
2021-06-14T13:00:37,800.0,3.13,S
2021-06-14T13:00:36,3200.0,3.14,B
2021-06-14T13:00:36,5800.0,3.14,B
2021-06-14T13:00:36,1000.0,3.14,B
2021-06-14T13:00:33,100.0,3.13,S
2021-06-14T13:00:32,100.0,3.13,S
2021-06-14T13:00:27,10000.0,3.14,B
2021-06-14T13:00:23,10000.0,3.13,S
2021-06-14T13:00:23,9700.0,3.14,B
2021-06-14T13:00:23,100.0,3.14,B
2021-06-14T11:30:12,700.0,3.14,B
2021-06-14T11:23:49,2000.0,3.12,S
2021-06-14T11:22:57,1000.0,3.14,B
2021-06-14T11:22:18,5000.0,3.12,S
2021-06-14T11:21:54,5000.0,3.14,B
2021-06-14T11:21:44,6000.0,3.12,B
2021-06-14T11:21:44,21000.0,3.12,B
2021-06-14T11:21:39,1000.0,3.11,B
2021-06-14T11:21:33,500.0,3.11,B
2021-06-14T11:21:19,2200.0,3.11,B
2021-06-14T11:21:16,500.0,3.11,B
2021-06-14T11:20:56,5000.0,3.11,B
2021-06-14T11:20:54,1000.0,3.1,B
2021-06-14T11:20:47,10000.0,3.11,B
2021-06-14T11:20:45,1000.0,3.1,B
2021-06-14T11:20:43,100.0,3.1,B
2021-06-14T11:20:33,200.0,3.1,S
2021-06-14T11:20:31,400.0,3.1,S
2021-06-14T11:20:26,5000.0,3.1,S
2021-06-14T11:20:24,500.0,3.1,S
2021-06-14T11:20:23,5000.0,3.1,S
2021-06-14T11:20:17,5000.0,3.1,S
2021-06-14T11:20:16,500.0,3.1,S
2021-06-14T11:20:13,200.0,3.1,S
2021-06-14T11:20:13,22400.0,3.1,S
2021-06-14T11:20:13,10200.0,3.1,S
2021-06-14T11:20:13,1500.0,3.1,S
2021-06-14T11:20:13,6000.0,3.1,S
2021-06-14T11:20:13,34600.0,3.1,S
2021-06-14T11:20:13,18300.0,3.1,S
2021-06-14T11:20:13,700.0,3.1,S
2021-06-14T11:20:13,5500.0,3.1,S
2021-06-14T11:20:13,15000.0,3.1,S
2021-06-14T11:20:13,600.0,3.1,S
2021-06-14T11:20:13,2500.0,3.1,S
2021-06-14T11:20:13,3500.0,3.1,S
2021-06-14T11:20:13,200.0,3.1,S
2021-06-14T11:20:13,1200.0,3.1,S
2021-06-14T11:20:13,300.0,3.1,S
2021-06-14T11:20:13,26000.0,3.1,S
2021-06-14T11:20:13,5200.0,3.1,S
2021-06-14T11:20:13,11300.0,3.1,S
2021-06-14T11:20:13,2000.0,3.1,S
2021-06-14T11:20:13,17000.0,3.1,S
2021-06-14T11:20:12,6900.0,3.1,S
2021-06-14T11:20:12,5300.0,3.1,S
2021-06-14T11:20:12,2000.0,3.1,S
2021-06-14T11:20:12,5200.0,3.1,S
2021-06-14T11:20:12,1100.0,3.1,S
2021-06-14T11:20:12,23300.0,3.1,S
2021-06-14T11:20:09,2800.0,3.1,S
2021-06-14T11:20:09,10000.0,3.1,S
2021-06-14T11:19:51,3700.0,3.11,S
2021-06-14T11:19:51,700.0,3.11,S
2021-06-14T11:19:51,5600.0,3.11,S
2021-06-14T11:19:51,11200.0,3.11,S
2021-06-14T11:19:51,300.0,3.11,S
2021-06-14T11:19:51,5100.0,3.11,S
2021-06-14T11:19:51,1300.0,3.11,S
2021-06-14T11:19:51,100.0,3.11,S
2021-06-14T11:19:51,1000.0,3.11,S
2021-06-14T11:19:51,51400.0,3.11,S
2021-06-14T11:19:51,2100.0,3.11,S
2021-06-14T11:19:51,1100.0,3.11,S
2021-06-14T11:19:51,21200.0,3.11,S
2021-06-14T11:19:50,5400.0,3.11,S
2021-06-14T11:19:50,22800.0,3.11,S
2021-06-14T11:19:38,100.0,3.12,S
2021-06-14T11:19:30,5000.0,3.12,S
2021-06-14T11:19:30,37700.0,3.12,S
2021-06-14T11:19:30,5000.0,3.12,S
2021-06-14T11:19:30,1000.0,3.12,S
2021-06-14T11:19:30,33000.0,3.12,S
2021-06-14T11:19:30,100.0,3.12,S
2021-06-14T11:19:30,25000.0,3.12,S
2021-06-14T11:19:30,6100.0,3.12,S
2021-06-14T11:19:30,19500.0,3.12,S
2021-06-14T11:19:25,1600.0,3.12,S
2021-06-14T11:18:46,2000.0,3.12,S
2021-06-14T11:18:43,3000.0,3.12,S
2021-06-14T11:18:14,3000.0,3.12,S
2021-06-14T11:18:11,200.0,3.13,B
2021-06-14T11:18:04,100.0,3.12,S
2021-06-14T11:17:33,100.0,3.13,B
2021-06-14T11:17:21,5500.0,3.13,B
2021-06-14T11:17:06,500.0,3.13,B
2021-06-14T11:17:06,100.0,3.13,B
2021-06-14T11:17:05,5000.0,3.13,B
2021-06-14T11:16:59,10000.0,3.13,B
2021-06-14T11:16:47,100.0,3.13,S
2021-06-14T11:16:35,5000.0,3.13,S
2021-06-14T11:16:35,1000.0,3.13,S
2021-06-14T11:16:33,500.0,3.13,S
2021-06-14T11:16:33,6500.0,3.13,S
2021-06-14T11:16:33,7500.0,3.13,S
2021-06-14T11:16:07,50000.0,3.13,S
2021-06-14T11:15:30,11400.0,3.14,B
2021-06-14T11:15:27,600.0,3.13,S
2021-06-14T11:15:16,2000.0,3.13,S
2021-06-14T11:15:11,5000.0,3.13,S
2021-06-14T11:14:54,17000.0,3.13,S
2021-06-14T11:14:34,5000.0,3.13,S
2021-06-14T11:14:02,2000.0,3.14,B
2021-06-14T11:13:43,6000.0,3.14,B
2021-06-14T11:13:04,2400.0,3.14,B
2021-06-14T11:12:54,10000.0,3.14,B
2021-06-14T11:12:24,100.0,3.14,B
2021-06-14T11:11:57,100.0,3.13,S
2021-06-14T11:10:20,5000.0,3.13,S
2021-06-14T11:10:20,300.0,3.14,B
2021-06-14T11:09:46,4500.0,3.14,S
2021-06-14T11:09:04,600.0,3.14,S
2021-06-14T11:08:44,9800.0,3.14,S
2021-06-14T11:08:39,7100.0,3.14,S
2021-06-14T11:08:24,200.0,3.14,S
2021-06-14T11:08:22,5000.0,3.15,B
2021-06-14T11:08:14,200.0,3.14,S
2021-06-14T11:08:14,3300.0,3.14,S
2021-06-14T11:07:47,200.0,3.14,S
2021-06-14T11:07:21,10000.0,3.14,S
2021-06-14T11:07:06,900.0,3.14,S
2021-06-14T11:06:21,600.0,3.15,B
2021-06-14T11:06:09,300.0,3.14,S
2021-06-14T11:03:46,500.0,3.14,B
2021-06-14T11:03:46,100.0,3.14,B
2021-06-14T11:03:46,6400.0,3.14,B
2021-06-14T11:03:35,4000.0,3.13,S
2021-06-14T11:03:35,1500.0,3.13,S
2021-06-14T11:03:35,1100.0,3.13,S
2021-06-14T11:03:35,3400.0,3.13,S
2021-06-14T11:03:13,3000.0,3.14,B
2021-06-14T11:02:33,200.0,3.14,S
2021-06-14T11:02:32,5400.0,3.14,S
2021-06-14T11:02:13,100.0,3.14,S
2021-06-14T11:01:30,7000.0,3.14,S
2021-06-14T11:01:18,5000.0,3.15,B
2021-06-14T11:00:13,8000.0,3.14,S
2021-06-14T10:59:25,1200.0,3.15,B
2021-06-14T10:58:02,500.0,3.15,B
2021-06-14T10:57:37,15300.0,3.14,S
2021-06-14T10:57:20,300.0,3.14,S
2021-06-14T10:56:53,100.0,3.14,S
2021-06-14T10:56:09,11900.0,3.14,S
2021-06-14T10:56:09,300.0,3.14,S
2021-06-14T10:56:09,600.0,3.14,S
2021-06-14T10:56:09,17200.0,3.14,S
2021-06-14T10:56:06,100.0,3.15,B
2021-06-14T10:55:30,300.0,3.15,B
2021-06-14T10:55:16,5000.0,3.15,B
2021-06-14T10:54:31,2200.0,3.15,S
2021-06-14T10:53:46,4000.0,3.15,S
2021-06-14T10:53:34,400.0,3.16,S
2021-06-14T10:53:26,200.0,3.16,S
2021-06-14T10:53:20,19300.0,3.16,S
2021-06-14T10:52:56,500.0,3.17,B
2021-06-14T10:52:14,10000.0,3.17,B
2021-06-14T10:50:56,800.0,3.16,S
2021-06-14T10:50:27,10000.0,3.16,S
2021-06-14T10:48:57,12000.0,3.17,B
2021-06-14T10:48:57,1000.0,3.17,B
2021-06-14T10:48:10,7000.0,3.17,B
2021-06-14T10:47:41,74900.0,3.16,B
2021-06-14T10:47:28,700.0,3.16,B
2021-06-14T10:47:28,100.0,3.16,B
2021-06-14T10:47:28,300.0,3.16,B
2021-06-14T10:47:28,900.0,3.16,B
2021-06-14T10:47:24,1200.0,3.15,S
2021-06-14T10:46:40,200.0,3.16,B
2021-06-14T10:46:38,300.0,3.15,S
2021-06-14T10:46:35,400.0,3.15,S
2021-06-14T10:45:44,200.0,3.15,S
2021-06-14T10:45:24,800.0,3.15,S
2021-06-14T10:45:11,100.0,3.15,S
2021-06-14T10:44:54,19500.0,3.15,S
2021-06-14T10:44:48,100.0,3.15,S
2021-06-14T10:44:11,5000.0,3.15,S
2021-06-14T10:44:04,200.0,3.15,S
2021-06-14T10:43:42,18000.0,3.14,S
2021-06-14T10:43:20,2800.0,3.14,B
2021-06-14T10:43:18,300.0,3.14,B
2021-06-14T10:42:30,50000.0,3.14,B
2021-06-14T10:41:40,23300.0,3.15,B
2021-06-14T10:41:40,15100.0,3.15,B
2021-06-14T10:41:40,9400.0,3.15,B
2021-06-14T10:41:40,12400.0,3.15,B
2021-06-14T10:41:40,500.0,3.15,B
2021-06-14T10:41:39,5300.0,3.15,B
2021-06-14T10:41:39,14700.0,3.15,B
2021-06-14T10:41:39,9800.0,3.15,B
2021-06-14T10:41:39,100200.0,3.15,B
2021-06-14T10:41:39,3900.0,3.15,B
2021-06-14T10:41:39,400.0,3.15,B
2021-06-14T10:41:39,1400.0,3.15,B
2021-06-14T10:41:39,12200.0,3.15,B
2021-06-14T10:41:39,4000.0,3.15,B
2021-06-14T10:41:39,10300.0,3.15,B
2021-06-14T10:41:39,800.0,3.15,B
2021-06-14T10:41:39,45400.0,3.15,B
2021-06-14T10:41:37,3000.0,3.14,B
2021-06-14T10:41:32,1000.0,3.14,B
2021-06-14T10:41:18,5800.0,3.14,B
2021-06-14T10:41:01,11600.0,3.14,B
2021-06-14T10:40:25,1000.0,3.15,B
2021-06-14T10:40:16,19400.0,3.14,B
2021-06-14T10:40:02,200.0,3.14,B
2021-06-14T10:39:05,100.0,3.14,B
2021-06-14T10:38:07,4500.0,3.14,B
2021-06-14T10:38:07,18000.0,3.14,B
2021-06-14T10:38:07,6500.0,3.14,B
2021-06-14T10:37:25,8300.0,3.13,S
2021-06-14T10:37:18,1000.0,3.13,S
2021-06-14T10:37:00,9600.0,3.13,S
2021-06-14T10:37:00,200.0,3.13,S
2021-06-14T10:36:59,1600.0,3.13,S
2021-06-14T10:36:59,12100.0,3.13,S
2021-06-14T10:36:59,10200.0,3.13,S
2021-06-14T10:36:51,200.0,3.13,S
2021-06-14T10:36:30,4500.0,3.13,S
2021-06-14T10:36:27,1000.0,3.14,B
2021-06-14T10:36:10,2000.0,3.13,S
2021-06-14T10:36:00,1200.0,3.14,B
2021-06-14T10:35:45,1100.0,3.13,S
2021-06-14T10:35:13,10000.0,3.13,S
2021-06-14T10:35:03,100.0,3.14,B
2021-06-14T10:33:20,300.0,3.14,B
2021-06-14T10:33:17,300.0,3.13,S
2021-06-14T10:32:22,10900.0,3.13,S
2021-06-14T10:32:14,100.0,3.14,B
2021-06-14T10:31:37,10000.0,3.13,S
2021-06-14T10:31:08,4000.0,3.13,S
2021-06-14T10:30:28,4600.0,3.13,S
2021-06-14T10:29:57,1000.0,3.13,S
2021-06-14T10:29:57,10000.0,3.13,S
2021-06-14T10:29:08,3800.0,3.14,B
2021-06-14T10:29:08,6200.0,3.14,B
2021-06-14T10:28:57,4400.0,3.13,S
2021-06-14T10:28:57,100.0,3.13,S
2021-06-14T10:28:56,5500.0,3.13,S
2021-06-14T10:28:34,1600.0,3.13,S
2021-06-14T10:28:34,100.0,3.13,S
2021-06-14T10:28:17,1000.0,3.13,S
2021-06-14T10:27:46,55600.0,3.13,S
2021-06-14T10:27:44,1000.0,3.14,S
2021-06-14T10:26:38,3000.0,3.14,S
2021-06-14T10:26:37,4700.0,3.14,S
2021-06-14T10:25:46,23300.0,3.15,B
2021-06-14T10:25:41,50000.0,3.13,S
2021-06-14T10:25:34,10000.0,3.14,S
2021-06-14T10:25:09,100.0,3.15,B
2021-06-14T10:24:58,100.0,3.14,S
2021-06-14T10:24:22,5000.0,3.15,B
2021-06-14T10:24:19,300.0,3.15,B
2021-06-14T10:23:48,300.0,3.14,S
2021-06-14T10:23:42,45200.0,3.14,S
2021-06-14T10:23:42,4800.0,3.14,S
2021-06-14T10:23:41,100.0,3.14,S
2021-06-14T10:23:26,1000.0,3.14,S
2021-06-14T10:23:24,2000.0,3.14,S
2021-06-14T10:23:11,6600.0,3.14,S
2021-06-14T10:23:08,200.0,3.15,B
2021-06-14T10:22:44,900.0,3.14,S
2021-06-14T10:22:24,2000.0,3.14,S
2021-06-14T10:21:55,300.0,3.14,S
2021-06-14T10:21:39,1600.0,3.15,B
2021-06-14T10:21:33,1000.0,3.14,S
2021-06-14T10:20:28,50000.0,3.14,S
2021-06-14T10:20:22,300.0,3.15,B
2021-06-14T10:20:05,3000.0,3.15,B
2021-06-14T10:19:32,1000.0,3.15,B
2021-06-14T10:19:19,800.0,3.14,S
2021-06-14T10:19:16,2000.0,3.14,S
2021-06-14T10:18:12,38500.0,3.14,B
2021-06-14T10:17:59,10000.0,3.14,B
2021-06-14T10:17:53,1000.0,3.14,B
2021-06-14T10:17:31,2100.0,3.14,B
2021-06-14T10:17:29,2000.0,3.14,B
2021-06-14T10:17:02,1000.0,3.13,S
2021-06-14T10:16:40,500.0,3.13,S
2021-06-14T10:16:26,2000.0,3.13,B
2021-06-14T10:15:53,200.0,3.13,B
2021-06-14T10:15:52,22000.0,3.13,B
2021-06-14T10:15:47,6000.0,3.12,S
2021-06-14T10:15:34,100.0,3.12,S
2021-06-14T10:15:01,1300.0,3.12,S
2021-06-14T10:14:18,100.0,3.12,B
2021-06-14T10:14:13,7200.0,3.12,B
2021-06-14T10:14:12,44000.0,3.12,B
2021-06-14T10:14:02,1100.0,3.13,B
2021-06-14T10:13:53,900.0,3.12,B
2021-06-14T10:13:24,1300.0,3.12,B
2021-06-14T10:13:24,700.0,3.12,B
2021-06-14T10:13:11,6000.0,3.11,S
2021-06-14T10:13:03,500.0,3.12,B
2021-06-14T10:12:43,300.0,3.12,B
2021-06-14T10:12:38,200.0,3.12,B
2021-06-14T10:12:17,200.0,3.12,B
2021-06-14T10:12:14,800.0,3.12,B
2021-06-14T10:12:12,1000.0,3.12,B
2021-06-14T10:12:11,100.0,3.12,B
2021-06-14T10:12:04,1200.0,3.12,B
2021-06-14T10:12:04,700.0,3.12,B
2021-06-14T10:12:04,48100.0,3.12,B
2021-06-14T10:11:47,700.0,3.12,B
2021-06-14T10:11:32,100.0,3.12,B
2021-06-14T10:11:28,100.0,3.12,B
2021-06-14T10:10:38,2000.0,3.12,B
2021-06-14T10:10:24,3000.0,3.11,S
2021-06-14T10:10:05,400.0,3.12,B
2021-06-14T10:10:00,800.0,3.11,S
2021-06-14T10:09:39,4400.0,3.11,S
2021-06-14T10:09:39,3100.0,3.11,S
2021-06-14T10:09:29,200.0,3.12,B
2021-06-14T10:09:28,2000.0,3.12,B
2021-06-14T10:09:25,2000.0,3.12,B
2021-06-14T10:09:12,1500.0,3.12,B
2021-06-14T10:09:12,3500.0,3.12,B
2021-06-14T10:08:24,800.0,3.12,B
2021-06-14T10:08:20,10000.0,3.12,B
2021-06-14T10:08:10,500.0,3.11,S
2021-06-14T10:08:07,700.0,3.12,B
2021-06-14T10:07:58,100.0,3.12,B
2021-06-14T10:07:51,100.0,3.11,S
2021-06-14T10:07:50,5000.0,3.12,B
2021-06-14T10:07:45,400.0,3.11,S
2021-06-14T10:07:41,17000.0,3.1,S
2021-06-14T10:07:20,100.0,3.12,B
2021-06-14T10:07:19,30000.0,3.11,S
2021-06-14T10:07:06,10000.0,3.11,S
2021-06-14T10:06:17,18200.0,3.11,S
2021-06-14T10:06:17,17100.0,3.11,S
2021-06-14T10:06:17,200.0,3.11,S
2021-06-14T10:06:17,1100.0,3.11,S
2021-06-14T10:05:46,100.0,3.12,S
2021-06-14T10:05:31,62000.0,3.12,S
2021-06-14T10:05:28,1000.0,3.12,S
2021-06-14T10:05:23,2000.0,3.12,S
2021-06-14T10:04:56,2600.0,3.12,S
2021-06-14T10:04:56,4300.0,3.12,S
2021-06-14T10:04:56,1000.0,3.12,S
2021-06-14T10:04:56,12600.0,3.12,S
2021-06-14T10:04:55,100.0,3.13,S
2021-06-14T10:04:48,100.0,3.13,S
2021-06-14T10:04:16,19700.0,3.13,S
2021-06-14T10:04:04,10000.0,3.13,S
2021-06-14T10:04:00,29600.0,3.13,S
2021-06-14T10:04:00,400.0,3.13,S
2021-06-14T10:03:34,800.0,3.13,S
2021-06-14T10:03:34,6000.0,3.13,S
2021-06-14T10:03:12,900.0,3.14,B
2021-06-14T10:02:55,1000.0,3.14,B
2021-06-14T10:02:37,3000.0,3.14,B
2021-06-14T10:00:19,700.0,3.14,S
2021-06-14T09:59:27,300.0,3.14,S
2021-06-14T09:59:25,100.0,3.13,S
2021-06-14T09:59:13,500.0,3.14,S
2021-06-14T09:59:09,100.0,3.14,S
2021-06-14T09:58:35,800.0,3.14,S
2021-06-14T09:58:15,2000.0,3.14,S
2021-06-14T09:58:14,17000.0,3.13,S
2021-06-14T09:58:12,100.0,3.14,S
2021-06-14T09:58:00,300.0,3.14,S
2021-06-14T09:57:15,2200.0,3.14,S
2021-06-14T09:57:02,600.0,3.15,B
2021-06-14T09:56:35,700.0,3.14,B
2021-06-14T09:56:35,300.0,3.14,B
2021-06-14T09:56:33,4000.0,3.14,B
2021-06-14T09:56:21,9100.0,3.14,B
2021-06-14T09:56:16,8700.0,3.14,B
2021-06-14T09:55:13,8000.0,3.14,B
2021-06-14T09:55:10,500.0,3.14,B
2021-06-14T09:55:00,3000.0,3.14,B
2021-06-14T09:54:46,2600.0,3.14,B
2021-06-14T09:54:40,200.0,3.14,B
2021-06-14T09:54:28,3000.0,3.14,B
2021-06-14T09:54:15,300.0,3.14,B
2021-06-14T09:54:14,10800.0,3.14,B
2021-06-14T09:53:57,1800.0,3.14,B
2021-06-14T09:52:42,1000.0,3.14,B
2021-06-14T09:52:27,100.0,3.14,B
2021-06-14T09:52:17,100.0,3.14,B
2021-06-14T09:52:16,100.0,3.14,B
2021-06-14T09:52:04,1200.0,3.14,B
2021-06-14T09:51:58,100.0,3.14,B
2021-06-14T09:51:34,500.0,3.14,B
2021-06-14T09:51:20,100.0,3.14,B
2021-06-14T09:51:10,18100.0,3.14,S
2021-06-14T09:51:05,100.0,3.14,S
2021-06-14T09:50:57,1500.0,3.14,S
2021-06-14T09:50:26,100.0,3.14,S
2021-06-14T09:50:23,1000.0,3.14,S
2021-06-14T09:49:17,4300.0,3.14,S
2021-06-14T09:49:01,600.0,3.15,B
2021-06-14T09:48:54,21200.0,3.14,S
2021-06-14T09:48:43,13000.0,3.14,S
2021-06-14T09:48:42,2900.0,3.14,S
2021-06-14T09:48:38,1000.0,3.14,S
2021-06-14T09:48:26,500.0,3.14,S
2021-06-14T09:48:22,40000.0,3.14,S
2021-06-14T09:48:22,6500.0,3.14,S
2021-06-14T09:48:16,20000.0,3.14,S
2021-06-14T09:48:07,1500.0,3.14,S
2021-06-14T09:47:48,100.0,3.15,B
2021-06-14T09:47:47,2900.0,3.14,S
2021-06-14T09:47:47,60000.0,3.14,S
2021-06-14T09:47:39,2000.0,3.14,S
2021-06-14T09:47:35,5000.0,3.14,S
2021-06-14T09:47:29,3000.0,3.14,S
2021-06-14T09:47:14,2000.0,3.15,B
2021-06-14T09:47:06,500.0,3.15,B
2021-06-14T09:46:55,10000.0,3.14,S
2021-06-14T09:46:51,3200.0,3.15,B
2021-06-14T09:46:40,5000.0,3.14,S
2021-06-14T09:46:39,200.0,3.14,S
2021-06-14T09:46:33,49100.0,3.14,S
2021-06-14T09:46:18,500.0,3.15,B
2021-06-14T09:45:16,100.0,3.15,S
2021-06-14T09:45:06,10000.0,3.15,S
2021-06-14T09:44:09,200.0,3.15,S
2021-06-14T09:44:00,200.0,3.15,S
2021-06-14T09:43:54,500.0,3.15,S
2021-06-14T09:43:41,100.0,3.15,S
2021-06-14T09:43:39,3000.0,3.15,S
2021-06-14T09:43:01,2000.0,3.15,S
2021-06-14T09:43:01,500.0,3.15,S
2021-06-14T09:42:56,500.0,3.15,S
2021-06-14T09:42:50,200.0,3.15,S
2021-06-14T09:42:13,800.0,3.15,S
2021-06-14T09:42:03,500.0,3.15,S
2021-06-14T09:42:03,8700.0,3.15,S
2021-06-14T09:42:02,100.0,3.16,B
2021-06-14T09:41:51,3500.0,3.15,S
2021-06-14T09:41:51,14100.0,3.15,S
2021-06-14T09:41:51,11500.0,3.15,S
2021-06-14T09:41:51,44300.0,3.15,S
2021-06-14T09:41:51,26600.0,3.15,S
2021-06-14T09:41:33,1000.0,3.16,B
2021-06-14T09:41:12,11300.0,3.15,S
2021-06-14T09:41:12,2700.0,3.15,S
2021-06-14T09:41:12,100.0,3.15,S
2021-06-14T09:41:12,6000.0,3.15,S
2021-06-14T09:41:12,29900.0,3.15,S
2021-06-14T09:41:03,100.0,3.16,B
2021-06-14T09:40:46,500.0,3.16,B
2021-06-14T09:40:36,200.0,3.16,B
2021-06-14T09:40:35,50000.0,3.16,B
2021-06-14T09:40:29,32400.0,3.16,B
2021-06-14T09:40:17,50000.0,3.15,S
2021-06-14T09:40:14,5000.0,3.16,B
2021-06-14T09:40:04,23500.0,3.15,S
2021-06-14T09:39:32,200.0,3.16,B
2021-06-14T09:39:27,1000.0,3.15,S
2021-06-14T09:39:12,1200.0,3.15,S
2021-06-14T09:38:08,5100.0,3.15,S
2021-06-14T09:37:52,5000.0,3.16,S
2021-06-14T09:37:52,500.0,3.16,S
2021-06-14T09:37:52,16200.0,3.16,S
2021-06-14T09:37:45,400.0,3.16,S
2021-06-14T09:37:40,100.0,3.17,S
2021-06-14T09:37:36,300.0,3.16,S
2021-06-14T09:37:27,500.0,3.17,S
2021-06-14T09:37:25,1500.0,3.16,S
2021-06-14T09:36:05,100.0,3.16,S
2021-06-14T09:35:27,8900.0,3.16,S
2021-06-14T09:35:27,1000.0,3.16,S
2021-06-14T09:35:27,100.0,3.16,S
2021-06-14T09:34:02,100.0,3.16,S
2021-06-14T09:33:45,1000.0,3.16,S
2021-06-14T09:33:19,100.0,3.17,S
2021-06-14T09:33:18,2100.0,3.16,S
2021-06-14T09:33:04,100.0,3.16,S
2021-06-14T09:32:49,100.0,3.16,S
2021-06-14T09:32:26,10000.0,3.18,B
2021-06-14T09:32:14,4000.0,3.16,S
2021-06-14T09:31:36,3700.0,3.16,S
2021-06-14T09:31:35,100.0,3.16,S
2021-06-14T09:31:35,1200.0,3.16,S
2021-06-14T09:31:34,1000.0,3.18,B
2021-06-14T09:31:24,1200.0,3.18,B
2021-06-14T09:31:04,300.0,3.18,B
2021-06-14T09:30:41,2000.0,3.18,B
2021-06-14T09:29:49,100.0,3.18,B
2021-06-14T09:29:41,500.0,3.16,S
2021-06-14T09:29:30,900.0,3.18,B
2021-06-14T09:29:28,500.0,3.18,B
2021-06-14T09:29:22,500.0,3.16,S
2021-06-14T09:28:30,100.0,3.16,S
2021-06-14T09:28:18,10000.0,3.18,B
2021-06-14T09:27:35,1000.0,3.16,S
2021-06-14T09:27:14,5000.0,3.16,S
2021-06-14T09:26:52,5000.0,3.16,S
2021-06-14T09:26:48,200.0,3.16,S
2021-06-14T09:26:34,100.0,3.16,S
2021-06-14T09:26:06,4000.0,3.16,S
2021-06-14T09:25:44,5300.0,3.15,S
2021-06-14T09:25:41,900.0,3.16,S
2021-06-14T09:25:37,1300.0,3.15,S
2021-06-14T09:25:25,1500.0,3.16,S
2021-06-14T09:25:12,500.0,3.16,B
2021-06-14T09:25:11,300.0,3.16,B
2021-06-14T09:24:21,300.0,3.16,B
2021-06-14T09:24:09,11900.0,3.18,B
2021-06-14T09:23:18,6400.0,3.16,B
2021-06-14T09:23:18,10000.0,3.15,S
2021-06-14T09:23:15,400.0,3.16,B
2021-06-14T09:22:04,600.0,3.15,S
2021-06-14T09:21:40,3000.0,3.16,S
2021-06-14T09:21:30,100.0,3.16,S
2021-06-14T09:21:16,100.0,3.15,S
2021-06-14T09:21:05,1000.0,3.16,S
2021-06-14T09:20:58,100.0,3.16,S
2021-06-14T09:20:42,2200.0,3.15,S
2021-06-14T09:20:42,3700.0,3.15,S
2021-06-14T09:20:42,100.0,3.15,S
2021-06-14T09:20:41,1600.0,3.15,S
2021-06-14T09:20:41,7400.0,3.15,S
2021-06-14T09:19:55,1000.0,3.16,S
2021-06-14T09:19:38,1600.0,3.16,S
2021-06-14T09:19:25,100.0,3.16,S
2021-06-14T09:19:19,5000.0,3.16,S
2021-06-14T09:19:18,1000.0,3.16,S
2021-06-14T09:19:18,100.0,3.16,S
2021-06-14T09:19:11,2000.0,3.16,S
2021-06-14T09:19:00,100.0,3.16,S
2021-06-14T09:18:53,100.0,3.16,S
2021-06-14T09:18:33,200.0,3.16,S
2021-06-14T09:18:23,13700.0,3.15,S
2021-06-14T09:18:23,17400.0,3.15,S
2021-06-14T09:18:23,500.0,3.16,S
2021-06-14T09:18:08,100.0,3.16,S
2021-06-14T09:18:05,100.0,3.16,S
2021-06-14T09:18:02,20000.0,3.16,S
2021-06-14T09:17:55,5000.0,3.16,S
2021-06-14T09:17:30,5500.0,3.15,S
2021-06-14T09:17:07,100.0,3.16,S
2021-06-14T09:16:16,30000.0,3.15,S
2021-06-14T09:16:00,5000.0,3.2,B
2021-06-14T09:15:59,15000.0,3.2,B
