tradingTime,volume,price,side
2021-06-14T14:29:21,4400.0,21.4,S
2021-06-14T14:27:03,1100.0,21.4,B
2021-06-14T14:26:33,500.0,21.35,S
2021-06-14T14:25:24,1600.0,21.3,S
2021-06-14T14:25:24,400.0,21.3,S
2021-06-14T14:24:56,100.0,21.3,S
2021-06-14T14:24:22,100.0,21.45,B
2021-06-14T14:24:03,5000.0,21.45,B
2021-06-14T14:23:57,1500.0,21.45,B
2021-06-14T14:23:09,800.0,21.45,B
2021-06-14T14:22:46,100.0,21.25,S
2021-06-14T14:22:28,6900.0,21.45,B
2021-06-14T14:22:27,4400.0,21.4,B
2021-06-14T14:22:27,10700.0,21.35,B
2021-06-14T14:22:12,1600.0,21.3,B
2021-06-14T14:21:54,900.0,21.3,B
2021-06-14T14:21:26,8000.0,21.25,B
2021-06-14T14:21:21,5000.0,21.3,B
2021-06-14T14:21:11,2500.0,21.3,B
2021-06-14T14:21:05,900.0,21.3,B
2021-06-14T14:21:05,8300.0,21.3,B
2021-06-14T14:21:04,5000.0,21.3,B
2021-06-14T14:20:39,600.0,21.3,B
2021-06-14T14:19:19,3800.0,21.25,B
2021-06-14T14:19:19,600.0,21.25,B
2021-06-14T14:19:09,1000.0,21.25,S
2021-06-14T14:19:08,1000.0,21.25,S
2021-06-14T14:18:49,400.0,21.25,S
2021-06-14T14:18:48,1000.0,21.25,S
2021-06-14T14:18:01,200.0,21.25,S
2021-06-14T14:17:54,100.0,21.25,S
2021-06-14T14:17:53,500.0,21.25,S
2021-06-14T14:17:32,600.0,21.25,S
2021-06-14T14:17:25,1000.0,21.2,S
2021-06-14T14:17:17,200.0,21.25,S
2021-06-14T14:17:17,5000.0,21.25,S
2021-06-14T14:17:03,3000.0,21.25,S
2021-06-14T14:16:58,2000.0,21.25,S
2021-06-14T14:16:52,1800.0,21.25,S
2021-06-14T14:16:43,500.0,21.25,S
2021-06-14T14:15:50,5000.0,21.25,S
2021-06-14T14:15:49,500.0,21.3,B
2021-06-14T14:15:39,2500.0,21.25,S
2021-06-14T14:15:38,800.0,21.25,S
2021-06-14T14:15:38,300.0,21.25,S
2021-06-14T14:15:37,2600.0,21.25,S
2021-06-14T14:15:11,10000.0,21.25,S
2021-06-14T14:15:00,500.0,21.3,B
2021-06-14T14:14:04,1100.0,21.25,S
2021-06-14T14:13:55,900.0,21.25,S
2021-06-14T14:13:55,800.0,21.25,S
2021-06-14T14:13:55,1600.0,21.25,S
2021-06-14T14:13:55,500.0,21.25,S
2021-06-14T14:13:55,1200.0,21.25,S
2021-06-14T14:13:34,200.0,21.25,S
2021-06-14T14:13:32,1000.0,21.3,B
2021-06-14T14:13:03,500.0,21.25,S
2021-06-14T14:12:24,1000.0,21.25,S
2021-06-14T14:12:23,2000.0,21.3,B
2021-06-14T14:12:04,300.0,21.3,B
2021-06-14T14:11:56,5000.0,21.25,S
2021-06-14T14:10:54,100.0,21.3,B
2021-06-14T14:10:44,2000.0,21.25,S
2021-06-14T14:10:16,5000.0,21.25,S
2021-06-14T14:09:45,1000.0,21.25,S
2021-06-14T14:09:45,10000.0,21.3,S
2021-06-14T14:09:44,300.0,21.25,S
2021-06-14T14:09:38,100.0,21.3,S
2021-06-14T14:09:34,100.0,21.25,S
2021-06-14T14:09:20,100.0,21.3,S
2021-06-14T14:09:07,1000.0,21.25,S
2021-06-14T14:09:06,300.0,21.25,S
2021-06-14T14:08:59,1000.0,21.25,S
2021-06-14T14:08:53,1100.0,21.3,S
2021-06-14T14:08:53,200.0,21.3,S
2021-06-14T14:08:53,600.0,21.3,S
2021-06-14T14:08:53,10600.0,21.3,S
2021-06-14T14:08:53,2000.0,21.3,S
2021-06-14T14:08:53,5200.0,21.3,S
2021-06-14T14:08:53,2100.0,21.3,S
2021-06-14T14:08:47,2400.0,21.3,S
2021-06-14T14:08:47,2700.0,21.3,S
2021-06-14T14:08:47,500.0,21.3,S
2021-06-14T14:08:47,3500.0,21.3,S
2021-06-14T14:08:45,1100.0,21.3,S
2021-06-14T14:08:13,1000.0,21.3,S
2021-06-14T14:08:08,1500.0,21.3,S
2021-06-14T14:08:08,4300.0,21.3,S
2021-06-14T14:08:08,3500.0,21.3,S
2021-06-14T14:08:08,400.0,21.3,S
2021-06-14T14:08:08,24800.0,21.3,S
2021-06-14T14:07:36,5000.0,21.35,S
2021-06-14T14:06:53,10000.0,21.4,S
2021-06-14T14:06:22,5000.0,21.35,S
2021-06-14T14:06:20,100.0,21.4,S
2021-06-14T14:05:55,500.0,21.4,S
2021-06-14T14:05:48,2100.0,21.4,S
2021-06-14T14:05:47,1500.0,21.4,S
2021-06-14T14:05:30,6600.0,21.4,S
2021-06-14T14:05:27,200.0,21.45,B
2021-06-14T14:05:10,5000.0,21.4,S
2021-06-14T14:04:35,200.0,21.45,B
2021-06-14T14:04:10,1300.0,21.4,B
2021-06-14T14:04:01,900.0,21.4,B
2021-06-14T14:03:55,200.0,21.4,B
2021-06-14T14:03:41,100.0,21.4,S
2021-06-14T14:03:33,100.0,21.4,S
2021-06-14T14:03:19,1400.0,21.4,S
2021-06-14T14:03:18,2000.0,21.45,B
2021-06-14T14:03:13,300.0,21.4,S
2021-06-14T14:03:08,1100.0,21.4,S
2021-06-14T14:02:36,100.0,21.4,S
2021-06-14T14:02:02,5000.0,21.4,S
2021-06-14T14:01:51,100.0,21.45,B
2021-06-14T14:01:17,4700.0,21.4,S
2021-06-14T14:01:17,2500.0,21.4,S
2021-06-14T14:01:17,900.0,21.4,S
2021-06-14T14:01:17,200.0,21.4,S
2021-06-14T14:01:17,100.0,21.4,S
2021-06-14T14:01:17,400.0,21.4,S
2021-06-14T14:01:17,3000.0,21.4,S
2021-06-14T14:01:17,2300.0,21.4,S
2021-06-14T14:01:17,700.0,21.4,S
2021-06-14T14:01:17,2000.0,21.4,S
2021-06-14T14:01:17,500.0,21.4,S
2021-06-14T14:01:17,2200.0,21.4,S
2021-06-14T14:01:17,2200.0,21.4,S
2021-06-14T14:01:17,8300.0,21.4,S
2021-06-14T14:00:29,1000.0,21.45,B
2021-06-14T13:59:43,200.0,21.45,S
2021-06-14T13:59:33,2600.0,21.45,S
2021-06-14T13:58:57,1000.0,21.5,B
2021-06-14T13:58:38,19800.0,21.45,S
2021-06-14T13:58:38,200.0,21.45,S
2021-06-14T13:58:37,2000.0,21.45,S
2021-06-14T13:58:34,1000.0,21.45,S
2021-06-14T13:58:34,2000.0,21.45,S
2021-06-14T13:57:56,1000.0,21.45,S
2021-06-14T13:57:31,1500.0,21.45,S
2021-06-14T13:56:58,200.0,21.5,B
2021-06-14T13:56:14,500.0,21.45,S
2021-06-14T13:55:45,100.0,21.5,B
2021-06-14T13:55:28,1000.0,21.5,B
2021-06-14T13:55:23,2000.0,21.45,S
2021-06-14T13:54:16,200.0,21.5,S
2021-06-14T13:54:09,1400.0,21.5,S
2021-06-14T13:54:06,1000.0,21.5,S
2021-06-14T13:54:01,500.0,21.5,S
2021-06-14T13:52:36,300.0,21.5,S
2021-06-14T13:52:35,300.0,21.5,S
2021-06-14T13:52:26,400.0,21.5,S
2021-06-14T13:52:04,200.0,21.5,S
2021-06-14T13:51:31,300.0,21.5,S
2021-06-14T13:51:16,2000.0,21.5,S
2021-06-14T13:51:15,1500.0,21.5,S
2021-06-14T13:51:11,500.0,21.5,S
2021-06-14T13:51:08,500.0,21.5,S
2021-06-14T13:50:56,1000.0,21.5,S
2021-06-14T13:50:29,3600.0,21.5,S
2021-06-14T13:50:29,3000.0,21.5,S
2021-06-14T13:50:29,300.0,21.5,S
2021-06-14T13:50:29,5600.0,21.5,S
2021-06-14T13:50:29,100.0,21.5,S
2021-06-14T13:50:29,10000.0,21.5,S
2021-06-14T13:50:29,400.0,21.5,S
2021-06-14T13:50:29,500.0,21.5,S
2021-06-14T13:50:29,500.0,21.5,S
2021-06-14T13:50:29,200.0,21.5,S
2021-06-14T13:50:29,400.0,21.5,S
2021-06-14T13:50:28,10800.0,21.5,S
2021-06-14T13:49:38,5000.0,21.55,S
2021-06-14T13:48:58,1000.0,21.55,S
2021-06-14T13:48:47,3000.0,21.55,S
2021-06-14T13:48:47,7000.0,21.55,S
2021-06-14T13:47:55,6000.0,21.55,S
2021-06-14T13:47:42,800.0,21.6,B
2021-06-14T13:47:39,500.0,21.6,B
2021-06-14T13:46:55,100.0,21.6,S
2021-06-14T13:46:45,500.0,21.6,S
2021-06-14T13:46:29,2200.0,21.6,S
2021-06-14T13:46:01,300.0,21.6,S
2021-06-14T13:45:57,200.0,21.6,S
2021-06-14T13:45:57,7700.0,21.6,S
2021-06-14T13:45:21,3000.0,21.6,S
2021-06-14T13:44:57,5000.0,21.6,S
2021-06-14T13:44:23,200.0,21.65,B
2021-06-14T13:44:12,7900.0,21.6,S
2021-06-14T13:44:12,300.0,21.6,S
2021-06-14T13:44:11,1800.0,21.6,S
2021-06-14T13:44:08,900.0,21.65,B
2021-06-14T13:44:06,200.0,21.6,S
2021-06-14T13:44:05,5000.0,21.6,S
2021-06-14T13:42:37,500.0,21.65,B
2021-06-14T13:41:28,2000.0,21.6,S
2021-06-14T13:41:23,1000.0,21.6,S
2021-06-14T13:41:21,2000.0,21.65,B
2021-06-14T13:41:13,100.0,21.6,S
2021-06-14T13:41:04,500.0,21.65,B
2021-06-14T13:40:54,100.0,21.65,B
2021-06-14T13:40:46,10000.0,21.65,B
2021-06-14T13:40:08,100.0,21.6,S
2021-06-14T13:39:40,1000.0,21.65,B
2021-06-14T13:39:32,200.0,21.65,B
2021-06-14T13:38:51,200.0,21.65,B
2021-06-14T13:38:28,6500.0,21.6,S
2021-06-14T13:36:17,300.0,21.65,S
2021-06-14T13:35:23,500.0,21.65,S
2021-06-14T13:35:14,500.0,21.65,S
2021-06-14T13:35:10,100.0,21.65,S
2021-06-14T13:34:59,200.0,21.6,S
2021-06-14T13:34:53,100.0,21.6,S
2021-06-14T13:34:18,200.0,21.6,S
2021-06-14T13:33:39,1000.0,21.6,S
2021-06-14T13:33:13,1000.0,21.7,B
2021-06-14T13:32:40,3000.0,21.6,S
2021-06-14T13:32:25,500.0,21.65,B
2021-06-14T13:32:25,1300.0,21.65,B
2021-06-14T13:32:25,11000.0,21.65,B
2021-06-14T13:32:25,4800.0,21.65,B
2021-06-14T13:31:06,5000.0,21.6,S
2021-06-14T13:30:17,1100.0,21.6,S
2021-06-14T13:29:46,1000.0,21.6,S
2021-06-14T13:29:14,3000.0,21.6,S
2021-06-14T13:28:09,1000.0,21.65,B
2021-06-14T13:28:07,1400.0,21.6,S
2021-06-14T13:28:04,1000.0,21.6,S
2021-06-14T13:27:11,500.0,21.6,S
2021-06-14T13:26:02,1000.0,21.6,S
2021-06-14T13:25:46,500.0,21.65,B
2021-06-14T13:25:00,400.0,21.65,B
2021-06-14T13:23:58,300.0,21.65,B
2021-06-14T13:21:41,1500.0,21.65,B
2021-06-14T13:21:21,2300.0,21.65,B
2021-06-14T13:20:02,100.0,21.65,S
2021-06-14T13:19:38,1000.0,21.65,S
2021-06-14T13:19:18,100.0,21.65,S
2021-06-14T13:19:13,1000.0,21.65,S
2021-06-14T13:19:01,100.0,21.65,S
2021-06-14T13:18:37,100.0,21.65,S
2021-06-14T13:18:35,200.0,21.55,S
2021-06-14T13:18:35,3000.0,21.55,S
2021-06-14T13:18:35,200.0,21.6,S
2021-06-14T13:18:35,2300.0,21.6,S
2021-06-14T13:18:35,7300.0,21.6,S
2021-06-14T13:18:34,1000.0,21.6,S
2021-06-14T13:18:12,1000.0,21.65,S
2021-06-14T13:18:08,100.0,21.65,S
2021-06-14T13:18:02,100.0,21.65,S
2021-06-14T13:17:01,11300.0,21.65,S
2021-06-14T13:15:35,1000.0,21.7,B
2021-06-14T13:14:19,2500.0,21.65,S
2021-06-14T13:14:19,10300.0,21.65,S
2021-06-14T13:14:19,7800.0,21.65,S
2021-06-14T13:13:57,200.0,21.65,S
2021-06-14T13:13:29,100.0,21.65,S
2021-06-14T13:13:29,600.0,21.7,B
2021-06-14T13:13:29,2400.0,21.7,B
2021-06-14T13:13:28,500.0,21.7,B
2021-06-14T13:12:56,100.0,21.7,B
2021-06-14T13:12:49,100.0,21.7,B
2021-06-14T13:12:30,2000.0,21.7,B
2021-06-14T13:12:27,4000.0,21.7,B
2021-06-14T13:12:10,500.0,21.7,B
2021-06-14T13:12:10,1200.0,21.7,B
2021-06-14T13:12:10,10000.0,21.7,B
2021-06-14T13:12:10,500.0,21.7,B
2021-06-14T13:12:10,3000.0,21.7,B
2021-06-14T13:12:09,4800.0,21.7,B
2021-06-14T13:11:33,2000.0,21.7,B
2021-06-14T13:10:08,1000.0,21.65,B
2021-06-14T13:09:54,1000.0,21.65,B
2021-06-14T13:09:53,500.0,21.65,B
2021-06-14T13:09:48,100.0,21.65,B
2021-06-14T13:09:45,1000.0,21.6,S
2021-06-14T13:09:11,5000.0,21.65,B
2021-06-14T13:09:09,4600.0,21.65,B
2021-06-14T13:09:09,500.0,21.65,B
2021-06-14T13:09:09,1600.0,21.65,B
2021-06-14T13:09:09,3300.0,21.65,B
2021-06-14T13:08:44,7000.0,21.65,B
2021-06-14T13:08:23,300.0,21.65,B
2021-06-14T13:07:50,1000.0,21.65,B
2021-06-14T13:07:41,1500.0,21.6,S
2021-06-14T13:07:37,100.0,21.6,S
2021-06-14T13:06:50,500.0,21.65,B
2021-06-14T13:06:04,500.0,21.6,S
2021-06-14T13:04:53,15800.0,21.6,B
2021-06-14T13:04:48,5000.0,21.6,B
2021-06-14T13:04:31,1000.0,21.6,B
2021-06-14T13:04:04,1000.0,21.6,B
2021-06-14T13:03:45,200.0,21.6,B
2021-06-14T13:01:42,200.0,21.55,S
2021-06-14T13:01:20,200.0,21.6,B
2021-06-14T13:00:54,300.0,21.55,S
2021-06-14T13:00:37,100.0,21.6,B
2021-06-14T13:00:34,500.0,21.55,S
2021-06-14T13:00:27,1000.0,21.6,B
2021-06-14T11:29:24,900.0,21.55,B
2021-06-14T11:29:24,3100.0,21.55,B
2021-06-14T11:29:13,100.0,21.55,B
2021-06-14T11:29:09,100.0,21.55,B
2021-06-14T11:28:47,100.0,21.55,B
2021-06-14T11:28:05,1000.0,21.55,B
2021-06-14T11:27:15,500.0,21.5,S
2021-06-14T11:26:44,100.0,21.5,S
2021-06-14T11:26:43,500.0,21.55,B
2021-06-14T11:25:36,5100.0,21.55,B
2021-06-14T11:25:36,4800.0,21.55,B
2021-06-14T11:25:18,1500.0,21.55,B
2021-06-14T11:25:15,800.0,21.5,S
2021-06-14T11:25:15,2800.0,21.5,S
2021-06-14T11:25:15,1100.0,21.5,S
2021-06-14T11:25:15,100.0,21.5,S
2021-06-14T11:25:15,1500.0,21.5,S
2021-06-14T11:25:15,100.0,21.5,S
2021-06-14T11:25:15,3200.0,21.5,S
2021-06-14T11:25:15,1200.0,21.5,S
2021-06-14T11:25:15,300.0,21.5,S
2021-06-14T11:25:15,1900.0,21.5,S
2021-06-14T11:25:15,1100.0,21.5,S
2021-06-14T11:25:15,300.0,21.5,S
2021-06-14T11:25:15,800.0,21.5,S
2021-06-14T11:25:15,1000.0,21.5,S
2021-06-14T11:25:15,2900.0,21.5,S
2021-06-14T11:25:14,3800.0,21.5,S
2021-06-14T11:25:14,3900.0,21.5,S
2021-06-14T11:25:14,1000.0,21.5,S
2021-06-14T11:25:14,2200.0,21.5,S
2021-06-14T11:25:14,2500.0,21.5,S
2021-06-14T11:25:14,5600.0,21.5,S
2021-06-14T11:25:14,1100.0,21.5,S
2021-06-14T11:25:14,5100.0,21.5,S
2021-06-14T11:25:14,3200.0,21.5,S
2021-06-14T11:25:14,1100.0,21.5,S
2021-06-14T11:25:14,400.0,21.5,S
2021-06-14T11:25:14,300.0,21.5,S
2021-06-14T11:25:14,400.0,21.5,S
2021-06-14T11:25:14,5500.0,21.5,S
2021-06-14T11:25:14,100.0,21.5,S
2021-06-14T11:25:14,1100.0,21.5,S
2021-06-14T11:25:14,200.0,21.5,S
2021-06-14T11:25:14,1100.0,21.5,S
2021-06-14T11:25:14,100.0,21.5,S
2021-06-14T11:25:14,500.0,21.5,S
2021-06-14T11:25:14,1100.0,21.5,S
2021-06-14T11:25:14,700.0,21.5,S
2021-06-14T11:25:14,700.0,21.5,S
2021-06-14T11:25:14,3100.0,21.5,S
2021-06-14T11:25:14,5000.0,21.5,S
2021-06-14T11:25:14,1300.0,21.5,S
2021-06-14T11:25:14,1700.0,21.5,S
2021-06-14T11:25:13,800.0,21.5,S
2021-06-14T11:25:13,7000.0,21.5,S
2021-06-14T11:25:13,500.0,21.5,S
2021-06-14T11:25:13,2000.0,21.5,S
2021-06-14T11:25:13,17400.0,21.5,S
2021-06-14T11:24:27,3000.0,21.5,S
2021-06-14T11:24:27,1000.0,21.55,S
2021-06-14T11:24:27,3000.0,21.55,S
2021-06-14T11:24:27,1500.0,21.55,S
2021-06-14T11:24:27,13600.0,21.55,S
2021-06-14T11:24:02,1000.0,21.55,S
2021-06-14T11:23:49,300.0,21.55,S
2021-06-14T11:23:44,200.0,21.55,S
2021-06-14T11:23:03,1000.0,21.55,S
2021-06-14T11:21:46,100.0,21.6,B
2021-06-14T11:21:13,1000.0,21.6,B
2021-06-14T11:20:36,500.0,21.6,S
2021-06-14T11:20:31,1100.0,21.6,S
2021-06-14T11:20:31,2200.0,21.6,S
2021-06-14T11:19:53,1100.0,21.6,S
2021-06-14T11:19:28,500.0,21.6,B
2021-06-14T11:19:28,1300.0,21.6,B
2021-06-14T11:19:28,600.0,21.6,B
2021-06-14T11:19:21,200.0,21.6,B
2021-06-14T11:18:49,1500.0,21.6,B
2021-06-14T11:18:23,500.0,21.6,B
2021-06-14T11:17:12,1000.0,21.6,B
2021-06-14T11:16:24,400.0,21.6,B
2021-06-14T11:15:37,100.0,21.6,B
2021-06-14T11:14:57,700.0,21.6,B
2021-06-14T11:14:35,1000.0,21.6,B
2021-06-14T11:14:32,100.0,21.6,B
2021-06-14T11:14:04,200.0,21.6,B
2021-06-14T11:13:35,100.0,21.6,S
2021-06-14T11:13:35,2200.0,21.6,S
2021-06-14T11:13:35,1900.0,21.6,S
2021-06-14T11:13:25,1000.0,21.65,B
2021-06-14T11:13:14,5000.0,21.6,S
2021-06-14T11:12:16,100.0,21.6,S
2021-06-14T11:12:07,19300.0,21.6,S
2021-06-14T11:12:07,400.0,21.6,S
2021-06-14T11:12:07,10300.0,21.6,S
2021-06-14T11:11:06,100.0,21.6,S
2021-06-14T11:10:24,300.0,21.6,S
2021-06-14T11:09:46,900.0,21.6,S
2021-06-14T11:09:30,10000.0,21.6,S
2021-06-14T11:09:05,100.0,21.6,S
2021-06-14T11:06:06,1000.0,21.6,S
2021-06-14T11:05:54,1000.0,21.65,B
2021-06-14T11:05:17,1000.0,21.6,S
2021-06-14T11:05:07,600.0,21.6,S
2021-06-14T11:04:41,1000.0,21.6,S
2021-06-14T11:04:30,800.0,21.65,B
2021-06-14T11:03:31,100.0,21.65,B
2021-06-14T11:03:29,100.0,21.65,B
2021-06-14T11:03:09,500.0,21.65,B
2021-06-14T11:02:24,1500.0,21.6,S
2021-06-14T11:02:24,2500.0,21.6,S
2021-06-14T11:01:59,100.0,21.6,S
2021-06-14T11:01:57,1000.0,21.6,S
2021-06-14T11:01:55,100.0,21.6,S
2021-06-14T11:00:54,500.0,21.6,S
2021-06-14T11:00:17,1000.0,21.6,S
2021-06-14T10:59:46,3000.0,21.6,S
2021-06-14T10:59:41,300.0,21.65,B
2021-06-14T10:59:39,10000.0,21.6,S
2021-06-14T10:58:55,100.0,21.6,S
2021-06-14T10:57:50,4300.0,21.65,S
2021-06-14T10:57:37,600.0,21.65,S
2021-06-14T10:55:44,200.0,21.7,B
2021-06-14T10:55:23,1700.0,21.7,B
2021-06-14T10:55:12,100.0,21.7,B
2021-06-14T10:54:18,1400.0,21.7,B
2021-06-14T10:54:13,100.0,21.7,B
2021-06-14T10:54:03,200.0,21.7,B
2021-06-14T10:53:15,300.0,21.7,B
2021-06-14T10:53:09,2000.0,21.65,S
2021-06-14T10:52:59,500.0,21.7,B
2021-06-14T10:52:50,8000.0,21.7,B
2021-06-14T10:52:28,100.0,21.65,S
2021-06-14T10:52:24,500.0,21.7,B
2021-06-14T10:52:14,1400.0,21.65,S
2021-06-14T10:51:42,500.0,21.7,B
2021-06-14T10:51:35,1000.0,21.65,S
2021-06-14T10:51:30,2500.0,21.65,S
2021-06-14T10:51:16,1300.0,21.7,B
2021-06-14T10:50:50,1300.0,21.7,B
2021-06-14T10:50:50,3700.0,21.7,B
2021-06-14T10:50:14,900.0,21.7,B
2021-06-14T10:50:14,5100.0,21.7,B
2021-06-14T10:50:11,2100.0,21.65,S
2021-06-14T10:49:47,2500.0,21.7,B
2021-06-14T10:49:40,200.0,21.7,B
2021-06-14T10:49:09,1200.0,21.7,B
2021-06-14T10:49:09,2000.0,21.7,B
2021-06-14T10:49:09,6800.0,21.7,B
2021-06-14T10:48:29,200.0,21.7,B
2021-06-14T10:46:53,500.0,21.7,B
2021-06-14T10:45:53,10000.0,21.7,B
2021-06-14T10:44:31,5000.0,21.7,B
2021-06-14T10:44:01,200.0,21.7,B
2021-06-14T10:43:25,2000.0,21.7,B
2021-06-14T10:42:49,500.0,21.7,B
2021-06-14T10:42:15,200.0,21.7,B
2021-06-14T10:41:12,3000.0,21.7,B
2021-06-14T10:40:49,700.0,21.7,B
2021-06-14T10:40:30,4000.0,21.7,B
2021-06-14T10:40:11,2400.0,21.7,B
2021-06-14T10:39:55,1500.0,21.7,B
2021-06-14T10:39:37,700.0,21.7,B
2021-06-14T10:39:35,9300.0,21.65,B
2021-06-14T10:39:30,2000.0,21.65,B
2021-06-14T10:39:24,300.0,21.65,B
2021-06-14T10:39:20,100.0,21.65,S
2021-06-14T10:39:15,24900.0,21.65,S
2021-06-14T10:39:15,23400.0,21.65,S
2021-06-14T10:38:41,2000.0,21.7,B
2021-06-14T10:38:40,1000.0,21.7,B
2021-06-14T10:38:30,100.0,21.7,B
2021-06-14T10:38:00,500.0,21.7,B
2021-06-14T10:38:00,1000.0,21.7,B
2021-06-14T10:38:00,500.0,21.7,B
2021-06-14T10:37:59,3300.0,21.7,B
2021-06-14T10:37:59,4400.0,21.7,B
2021-06-14T10:37:59,3800.0,21.7,B
2021-06-14T10:37:59,6500.0,21.7,B
2021-06-14T10:37:51,10000.0,21.65,S
2021-06-14T10:37:27,800.0,21.7,B
2021-06-14T10:37:22,700.0,21.7,B
2021-06-14T10:37:22,2000.0,21.7,B
2021-06-14T10:37:22,1000.0,21.7,B
2021-06-14T10:37:22,2100.0,21.7,B
2021-06-14T10:37:22,300.0,21.7,B
2021-06-14T10:37:22,200.0,21.7,B
2021-06-14T10:37:22,500.0,21.7,B
2021-06-14T10:37:22,3200.0,21.7,B
2021-06-14T10:36:51,1000.0,21.7,B
2021-06-14T10:36:27,200.0,21.7,B
2021-06-14T10:36:08,100.0,21.65,S
2021-06-14T10:35:44,500.0,21.65,S
2021-06-14T10:35:24,100.0,21.7,B
2021-06-14T10:35:24,200.0,21.7,B
2021-06-14T10:34:17,1000.0,21.7,B
2021-06-14T10:33:07,500.0,21.65,S
2021-06-14T10:32:33,400.0,21.7,B
2021-06-14T10:32:03,300.0,21.7,B
2021-06-14T10:32:03,100.0,21.7,B
2021-06-14T10:32:03,19600.0,21.7,B
2021-06-14T10:31:39,200.0,21.65,S
2021-06-14T10:31:05,5000.0,21.7,B
2021-06-14T10:30:05,9000.0,21.65,S
2021-06-14T10:30:05,1000.0,21.65,S
2021-06-14T10:29:45,100.0,21.7,B
2021-06-14T10:29:38,300.0,21.7,B
2021-06-14T10:28:42,100.0,21.7,B
2021-06-14T10:27:12,1000.0,21.7,B
2021-06-14T10:26:45,200.0,21.7,B
2021-06-14T10:26:45,100.0,21.65,S
2021-06-14T10:26:38,2000.0,21.7,B
2021-06-14T10:26:24,500.0,21.65,S
2021-06-14T10:26:12,1000.0,21.7,B
2021-06-14T10:25:54,500.0,21.65,S
2021-06-14T10:25:45,2000.0,21.7,B
2021-06-14T10:25:43,7200.0,21.7,B
2021-06-14T10:25:36,2000.0,21.7,B
2021-06-14T10:25:34,1000.0,21.7,B
2021-06-14T10:25:22,3000.0,21.7,B
2021-06-14T10:25:04,100.0,21.7,B
2021-06-14T10:24:52,4000.0,21.7,B
2021-06-14T10:24:44,10000.0,21.7,B
2021-06-14T10:24:34,1000.0,21.7,B
2021-06-14T10:24:30,4400.0,21.7,B
2021-06-14T10:24:16,3000.0,21.7,B
2021-06-14T10:24:16,10000.0,21.65,S
2021-06-14T10:24:14,8900.0,21.7,B
2021-06-14T10:23:23,300.0,21.7,B
2021-06-14T10:22:51,2000.0,21.7,B
2021-06-14T10:22:46,3000.0,21.7,B
2021-06-14T10:22:42,500.0,21.7,B
2021-06-14T10:22:01,5000.0,21.7,B
2021-06-14T10:19:37,4100.0,21.65,B
2021-06-14T10:19:31,200.0,21.65,B
2021-06-14T10:19:19,1000.0,21.6,S
2021-06-14T10:18:57,3000.0,21.65,B
2021-06-14T10:18:41,500.0,21.65,B
2021-06-14T10:18:34,3400.0,21.6,S
2021-06-14T10:18:17,100.0,21.6,S
2021-06-14T10:18:12,300.0,21.65,B
2021-06-14T10:17:35,1000.0,21.65,B
2021-06-14T10:17:32,1000.0,21.6,S
2021-06-14T10:17:27,8600.0,21.65,B
2021-06-14T10:17:27,1400.0,21.65,B
2021-06-14T10:16:57,10000.0,21.6,S
2021-06-14T10:15:58,2400.0,21.6,S
2021-06-14T10:15:58,3600.0,21.6,S
2021-06-14T10:15:39,1000.0,21.6,S
2021-06-14T10:15:38,4600.0,21.6,S
2021-06-14T10:15:38,1000.0,21.6,S
2021-06-14T10:15:34,2000.0,21.6,S
2021-06-14T10:15:34,500.0,21.6,S
2021-06-14T10:15:34,7400.0,21.6,S
2021-06-14T10:15:26,100.0,21.65,B
2021-06-14T10:15:22,600.0,21.6,S
2021-06-14T10:15:10,1300.0,21.6,S
2021-06-14T10:14:38,2000.0,21.6,S
2021-06-14T10:14:24,300.0,21.6,S
2021-06-14T10:14:21,500.0,21.65,B
2021-06-14T10:14:07,200.0,21.6,S
2021-06-14T10:13:57,200.0,21.65,B
2021-06-14T10:13:52,500.0,21.65,B
2021-06-14T10:13:43,1000.0,21.6,S
2021-06-14T10:13:30,1000.0,21.65,B
2021-06-14T10:13:25,10000.0,21.6,S
2021-06-14T10:12:55,1000.0,21.65,B
2021-06-14T10:12:44,1000.0,21.6,S
2021-06-14T10:12:43,6800.0,21.65,B
2021-06-14T10:12:35,7400.0,21.6,S
2021-06-14T10:12:16,2000.0,21.65,B
2021-06-14T10:11:52,1400.0,21.65,B
2021-06-14T10:11:50,100.0,21.65,B
2021-06-14T10:11:50,2000.0,21.65,B
2021-06-14T10:11:33,1000.0,21.65,B
2021-06-14T10:10:43,100.0,21.65,S
2021-06-14T10:10:40,500.0,21.6,S
2021-06-14T10:10:07,1000.0,21.65,S
2021-06-14T10:09:22,500.0,21.65,S
2021-06-14T10:08:57,400.0,21.65,S
2021-06-14T10:08:32,100.0,21.65,S
2021-06-14T10:08:09,1500.0,21.7,B
2021-06-14T10:08:04,2000.0,21.7,B
2021-06-14T10:07:50,1000.0,21.6,S
2021-06-14T10:07:43,100.0,21.65,S
2021-06-14T10:07:19,200.0,21.7,B
2021-06-14T10:07:14,5000.0,21.6,S
2021-06-14T10:07:10,2000.0,21.6,S
2021-06-14T10:07:08,100.0,21.7,B
2021-06-14T10:06:49,500.0,21.7,B
2021-06-14T10:06:44,400.0,21.6,S
2021-06-14T10:06:44,1300.0,21.65,S
2021-06-14T10:06:43,300.0,21.65,S
2021-06-14T10:06:26,100.0,21.7,S
2021-06-14T10:06:22,3800.0,21.65,S
2021-06-14T10:05:44,30000.0,21.7,S
2021-06-14T10:05:09,1200.0,21.65,S
2021-06-14T10:05:02,1000.0,21.7,S
2021-06-14T10:04:22,10000.0,21.7,S
2021-06-14T10:04:19,400.0,21.7,S
2021-06-14T10:03:18,100.0,21.7,S
2021-06-14T10:03:10,500.0,21.7,S
2021-06-14T10:02:56,3000.0,21.7,S
2021-06-14T10:02:51,300.0,21.7,S
2021-06-14T10:02:44,300.0,21.7,S
2021-06-14T10:02:44,8000.0,21.7,S
2021-06-14T10:02:35,3000.0,21.7,S
2021-06-14T10:02:16,100.0,21.75,B
2021-06-14T10:02:12,8000.0,21.7,S
2021-06-14T10:02:12,500.0,21.7,S
2021-06-14T10:02:12,1500.0,21.7,S
2021-06-14T10:01:11,100.0,21.75,S
2021-06-14T10:00:53,100.0,21.75,S
2021-06-14T10:00:53,200.0,21.75,S
2021-06-14T10:00:26,300.0,21.75,S
2021-06-14T10:00:22,100.0,21.75,S
2021-06-14T10:00:00,1000.0,21.75,S
2021-06-14T09:59:23,500.0,21.75,S
2021-06-14T09:59:18,2000.0,21.75,S
2021-06-14T09:59:10,2000.0,21.75,S
2021-06-14T09:58:53,1500.0,21.75,S
2021-06-14T09:58:48,6200.0,21.75,S
2021-06-14T09:58:43,2700.0,21.75,S
2021-06-14T09:58:40,1000.0,21.75,S
2021-06-14T09:58:38,10000.0,21.75,S
2021-06-14T09:58:28,1000.0,21.8,B
2021-06-14T09:58:10,1000.0,21.75,S
2021-06-14T09:58:02,4000.0,21.8,B
2021-06-14T09:57:53,800.0,21.75,S
2021-06-14T09:57:41,1000.0,21.75,S
2021-06-14T09:57:28,5000.0,21.75,S
2021-06-14T09:57:27,200.0,21.75,S
2021-06-14T09:57:22,1000.0,21.75,S
2021-06-14T09:57:17,6000.0,21.75,S
2021-06-14T09:57:03,1700.0,21.75,S
2021-06-14T09:56:35,2000.0,21.75,S
2021-06-14T09:56:35,5200.0,21.75,S
2021-06-14T09:56:31,2000.0,21.75,S
2021-06-14T09:56:16,500.0,21.75,B
2021-06-14T09:56:09,2000.0,21.75,B
2021-06-14T09:56:09,500.0,21.75,B
2021-06-14T09:55:50,500.0,21.75,B
2021-06-14T09:55:25,100.0,21.75,B
2021-06-14T09:55:20,200.0,21.75,B
2021-06-14T09:54:57,500.0,21.75,B
2021-06-14T09:54:53,1000.0,21.75,B
2021-06-14T09:54:47,200.0,21.7,S
2021-06-14T09:54:28,2000.0,21.7,S
2021-06-14T09:54:19,100.0,21.75,B
2021-06-14T09:54:17,200.0,21.75,B
2021-06-14T09:54:00,100.0,21.7,S
2021-06-14T09:53:55,100.0,21.75,B
2021-06-14T09:53:49,100.0,21.7,S
2021-06-14T09:53:45,800.0,21.7,S
2021-06-14T09:53:42,100.0,21.7,S
2021-06-14T09:53:07,3500.0,21.7,S
2021-06-14T09:52:45,4000.0,21.75,B
2021-06-14T09:52:33,300.0,21.75,B
2021-06-14T09:52:33,15900.0,21.75,B
2021-06-14T09:52:33,800.0,21.7,S
2021-06-14T09:52:33,1200.0,21.7,S
2021-06-14T09:52:18,500.0,21.75,B
2021-06-14T09:52:12,5000.0,21.7,S
2021-06-14T09:52:09,500.0,21.75,B
2021-06-14T09:51:55,3800.0,21.75,B
2021-06-14T09:51:17,2900.0,21.75,B
2021-06-14T09:50:54,100.0,21.75,S
2021-06-14T09:50:43,200.0,21.75,S
2021-06-14T09:50:19,200.0,21.75,S
2021-06-14T09:50:17,9200.0,21.75,S
2021-06-14T09:50:02,200.0,21.75,S
2021-06-14T09:49:58,300.0,21.75,S
2021-06-14T09:49:43,1000.0,21.75,S
2021-06-14T09:49:38,5000.0,21.75,S
2021-06-14T09:49:11,100.0,21.75,S
2021-06-14T09:49:01,300.0,21.75,S
2021-06-14T09:49:01,1700.0,21.7,S
2021-06-14T09:48:32,100.0,21.75,S
2021-06-14T09:48:31,1000.0,21.75,S
2021-06-14T09:48:30,300.0,21.75,S
2021-06-14T09:48:25,3000.0,21.75,S
2021-06-14T09:48:06,100.0,21.75,S
2021-06-14T09:47:47,100.0,21.75,S
2021-06-14T09:47:45,300.0,21.75,S
2021-06-14T09:47:36,2300.0,21.75,S
2021-06-14T09:47:32,500.0,21.75,S
2021-06-14T09:47:16,1000.0,21.75,S
2021-06-14T09:47:07,100.0,21.75,S
2021-06-14T09:46:48,3800.0,21.75,S
2021-06-14T09:46:40,200.0,21.75,S
2021-06-14T09:46:30,300.0,21.75,S
2021-06-14T09:46:29,10100.0,21.75,S
2021-06-14T09:46:29,1300.0,21.8,S
2021-06-14T09:46:29,700.0,21.85,B
2021-06-14T09:46:29,800.0,21.85,B
2021-06-14T09:46:23,300.0,21.9,B
2021-06-14T09:46:22,500.0,21.85,B
2021-06-14T09:46:12,500.0,21.85,B
2021-06-14T09:46:12,200.0,21.85,B
2021-06-14T09:46:12,100.0,21.85,B
2021-06-14T09:46:12,4000.0,21.85,B
2021-06-14T09:46:12,1500.0,21.85,B
2021-06-14T09:46:12,800.0,21.85,B
2021-06-14T09:46:12,5500.0,21.85,B
2021-06-14T09:46:12,2300.0,21.85,B
2021-06-14T09:46:12,300.0,21.85,B
2021-06-14T09:46:12,1000.0,21.85,B
2021-06-14T09:46:12,100.0,21.85,B
2021-06-14T09:46:12,2500.0,21.85,B
2021-06-14T09:46:12,16500.0,21.85,B
2021-06-14T09:46:12,400.0,21.85,B
2021-06-14T09:46:09,1000.0,21.85,B
2021-06-14T09:46:06,1000.0,21.85,B
2021-06-14T09:46:04,500.0,21.8,S
2021-06-14T09:45:55,1000.0,21.8,S
2021-06-14T09:45:43,1500.0,21.8,S
2021-06-14T09:45:25,2500.0,21.85,B
2021-06-14T09:45:18,5000.0,21.85,B
2021-06-14T09:45:17,200.0,21.8,S
2021-06-14T09:45:09,1900.0,21.8,S
2021-06-14T09:44:54,1100.0,21.8,S
2021-06-14T09:44:48,600.0,21.8,S
2021-06-14T09:44:34,100.0,21.8,S
2021-06-14T09:44:29,700.0,21.8,S
2021-06-14T09:44:16,3700.0,21.85,S
2021-06-14T09:44:00,300.0,21.8,S
2021-06-14T09:43:48,400.0,21.8,S
2021-06-14T09:43:34,1600.0,21.8,S
2021-06-14T09:43:21,500.0,21.8,S
2021-06-14T09:43:15,100.0,21.85,S
2021-06-14T09:43:11,1000.0,21.8,S
2021-06-14T09:43:00,200.0,21.8,S
2021-06-14T09:43:00,100.0,21.85,S
2021-06-14T09:42:50,500.0,21.8,S
2021-06-14T09:42:50,1000.0,21.8,S
2021-06-14T09:42:48,2200.0,21.8,S
2021-06-14T09:42:46,100.0,21.8,S
2021-06-14T09:42:41,2800.0,21.8,S
2021-06-14T09:42:36,3600.0,21.8,S
2021-06-14T09:42:35,500.0,21.8,S
2021-06-14T09:42:35,200.0,21.8,S
2021-06-14T09:42:20,100.0,21.8,S
2021-06-14T09:42:20,100.0,21.8,S
2021-06-14T09:42:01,1000.0,21.8,S
2021-06-14T09:41:57,3500.0,21.8,S
2021-06-14T09:41:55,1000.0,21.8,S
2021-06-14T09:41:51,500.0,21.8,S
2021-06-14T09:41:36,500.0,21.7,S
2021-06-14T09:41:33,1500.0,21.8,S
2021-06-14T09:41:21,500.0,21.8,S
2021-06-14T09:41:07,200.0,21.8,S
2021-06-14T09:41:05,500.0,21.8,S
2021-06-14T09:40:59,100.0,21.8,S
2021-06-14T09:40:59,2000.0,21.8,S
2021-06-14T09:40:42,500.0,21.8,S
2021-06-14T09:40:24,1000.0,21.8,S
2021-06-14T09:40:19,1000.0,21.8,S
2021-06-14T09:40:16,1700.0,21.8,S
2021-06-14T09:40:11,400.0,21.8,S
2021-06-14T09:40:05,500.0,21.8,S
2021-06-14T09:40:04,100.0,21.8,S
2021-06-14T09:40:03,1000.0,21.8,S
2021-06-14T09:40:01,1000.0,21.8,S
2021-06-14T09:39:54,100.0,21.8,S
2021-06-14T09:39:48,200.0,21.8,S
2021-06-14T09:39:39,900.0,21.8,S
2021-06-14T09:39:35,3000.0,21.8,S
2021-06-14T09:39:30,300.0,21.8,S
2021-06-14T09:39:23,3600.0,21.8,S
2021-06-14T09:39:23,500.0,21.8,S
2021-06-14T09:39:23,3500.0,21.85,S
2021-06-14T09:39:23,700.0,21.85,S
2021-06-14T09:39:09,100.0,21.9,B
2021-06-14T09:39:08,600.0,21.85,S
2021-06-14T09:39:05,1000.0,21.9,B
2021-06-14T09:39:05,4000.0,21.85,S
2021-06-14T09:39:00,1000.0,21.85,S
2021-06-14T09:38:55,1000.0,21.85,S
2021-06-14T09:38:51,2000.0,21.85,S
2021-06-14T09:38:46,700.0,21.85,S
2021-06-14T09:38:46,300.0,21.85,S
2021-06-14T09:38:39,100.0,21.85,S
2021-06-14T09:38:23,9700.0,21.9,B
2021-06-14T09:38:23,1300.0,21.9,B
2021-06-14T09:38:23,3500.0,21.9,B
2021-06-14T09:38:23,11400.0,21.9,B
2021-06-14T09:38:23,600.0,21.9,B
2021-06-14T09:38:23,5500.0,21.9,B
2021-06-14T09:38:18,200.0,21.85,B
2021-06-14T09:38:15,1000.0,21.85,B
2021-06-14T09:38:11,500.0,21.85,B
2021-06-14T09:38:10,200.0,21.85,B
2021-06-14T09:38:07,100.0,21.85,B
2021-06-14T09:38:06,1000.0,21.85,B
2021-06-14T09:38:04,200.0,21.8,B
2021-06-14T09:37:57,200.0,21.85,B
2021-06-14T09:37:53,1000.0,21.85,B
2021-06-14T09:37:53,500.0,21.8,B
2021-06-14T09:37:39,100.0,21.85,B
2021-06-14T09:37:39,800.0,21.85,B
2021-06-14T09:37:36,4900.0,21.85,B
2021-06-14T09:37:33,100.0,21.9,B
2021-06-14T09:37:33,700.0,21.9,B
2021-06-14T09:37:31,600.0,21.9,B
2021-06-14T09:37:29,2000.0,21.85,B
2021-06-14T09:37:26,500.0,21.85,B
2021-06-14T09:37:24,2300.0,21.9,B
2021-06-14T09:37:23,3200.0,21.85,B
2021-06-14T09:37:18,700.0,21.9,B
2021-06-14T09:37:16,100.0,21.9,B
2021-06-14T09:37:13,100.0,21.85,B
2021-06-14T09:37:12,1000.0,21.9,B
2021-06-14T09:37:08,200.0,21.85,B
2021-06-14T09:37:07,200.0,21.9,B
2021-06-14T09:36:59,400.0,21.9,B
2021-06-14T09:36:52,1000.0,21.9,B
2021-06-14T09:36:50,500.0,21.9,B
2021-06-14T09:36:49,300.0,21.9,B
2021-06-14T09:36:38,500.0,21.9,B
2021-06-14T09:36:38,1000.0,21.9,B
2021-06-14T09:36:34,300.0,21.9,B
2021-06-14T09:36:34,200.0,21.9,B
2021-06-14T09:36:32,1000.0,21.9,B
2021-06-14T09:36:30,12700.0,21.9,B
2021-06-14T09:36:24,2300.0,21.9,B
2021-06-14T09:36:16,1400.0,21.85,B
2021-06-14T09:36:10,4000.0,21.9,B
2021-06-14T09:36:09,300.0,21.9,B
2021-06-14T09:36:07,500.0,21.9,B
2021-06-14T09:36:04,1000.0,21.9,B
2021-06-14T09:35:59,100.0,21.9,B
2021-06-14T09:35:56,300.0,21.9,B
2021-06-14T09:35:56,100.0,21.9,B
2021-06-14T09:35:56,400.0,21.9,B
2021-06-14T09:35:53,500.0,21.85,B
2021-06-14T09:35:44,400.0,21.9,B
2021-06-14T09:35:33,100.0,21.9,B
2021-06-14T09:35:30,1400.0,21.9,B
2021-06-14T09:35:29,3000.0,21.9,B
2021-06-14T09:35:27,2000.0,21.9,B
2021-06-14T09:35:26,200.0,21.9,B
2021-06-14T09:35:24,500.0,21.9,B
2021-06-14T09:35:23,3700.0,21.9,B
2021-06-14T09:35:20,500.0,21.9,B
2021-06-14T09:35:16,500.0,21.85,B
2021-06-14T09:35:15,200.0,21.9,B
2021-06-14T09:35:14,300.0,21.9,B
2021-06-14T09:35:02,5000.0,21.9,B
2021-06-14T09:34:54,500.0,21.9,B
2021-06-14T09:34:52,1000.0,21.85,B
2021-06-14T09:34:50,1000.0,21.9,B
2021-06-14T09:34:43,900.0,21.9,B
2021-06-14T09:34:41,500.0,21.85,B
2021-06-14T09:34:35,1000.0,21.9,B
2021-06-14T09:34:31,500.0,21.9,B
2021-06-14T09:34:30,1200.0,21.9,B
2021-06-14T09:34:28,400.0,21.9,B
2021-06-14T09:34:28,500.0,21.9,B
2021-06-14T09:34:27,200.0,21.85,B
2021-06-14T09:34:27,2000.0,21.9,B
2021-06-14T09:34:22,1000.0,21.85,B
2021-06-14T09:34:18,200.0,21.9,B
2021-06-14T09:34:13,2000.0,21.9,B
2021-06-14T09:34:13,1000.0,21.6,B
2021-06-14T09:34:10,100.0,21.9,B
2021-06-14T09:34:10,200.0,21.9,B
2021-06-14T09:34:07,1000.0,21.9,B
2021-06-14T09:34:07,500.0,21.65,B
2021-06-14T09:34:07,200.0,21.9,B
2021-06-14T09:34:02,300.0,21.9,B
2021-06-14T09:33:56,500.0,21.9,B
2021-06-14T09:33:54,200.0,21.75,B
2021-06-14T09:33:49,200.0,21.9,B
2021-06-14T09:33:48,10000.0,21.9,B
2021-06-14T09:33:45,500.0,21.8,B
2021-06-14T09:33:43,200.0,21.8,B
2021-06-14T09:33:42,500.0,21.8,B
2021-06-14T09:33:39,1000.0,21.8,B
2021-06-14T09:33:32,200.0,21.9,B
2021-06-14T09:33:28,2000.0,21.85,B
2021-06-14T09:33:24,6000.0,21.85,B
2021-06-14T09:33:22,2000.0,21.5,B
2021-06-14T09:33:19,2000.0,21.85,B
2021-06-14T09:33:18,1000.0,21.5,B
2021-06-14T09:33:18,2000.0,21.85,B
2021-06-14T09:33:15,100.0,21.5,B
2021-06-14T09:33:13,200.0,21.5,B
2021-06-14T09:33:11,500.0,21.8,B
2021-06-14T09:33:10,2000.0,21.8,B
2021-06-14T09:33:03,200.0,21.65,B
2021-06-14T09:32:58,100.0,21.55,B
2021-06-14T09:32:50,2000.0,21.65,B
2021-06-14T09:32:50,200.0,21.6,B
2021-06-14T09:32:48,300.0,21.6,B
2021-06-14T09:32:47,300.0,21.6,B
2021-06-14T09:32:46,200.0,21.6,B
2021-06-14T09:32:46,300.0,21.55,B
2021-06-14T09:32:43,300.0,21.6,B
2021-06-14T09:32:43,1700.0,21.6,B
2021-06-14T09:32:38,3000.0,21.6,B
2021-06-14T09:32:34,900.0,21.5,B
2021-06-14T09:32:31,500.0,21.5,B
2021-06-14T09:32:29,300.0,21.5,B
2021-06-14T09:32:27,2000.0,21.5,B
2021-06-14T09:32:27,100.0,21.5,B
2021-06-14T09:32:26,500.0,21.5,B
2021-06-14T09:31:59,500.0,21.4,S
2021-06-14T09:31:59,5900.0,21.5,B
2021-06-14T09:31:42,10000.0,21.5,B
2021-06-14T09:31:37,600.0,21.3,S
2021-06-14T09:30:46,1000.0,21.3,S
2021-06-14T09:29:41,100.0,21.3,B
2021-06-14T09:28:22,200.0,21.3,B
2021-06-14T09:28:09,3000.0,21.5,B
2021-06-14T09:28:09,14200.0,21.5,B
2021-06-14T09:28:09,4800.0,21.5,B
2021-06-14T09:28:09,400.0,21.5,B
2021-06-14T09:28:08,7600.0,21.5,B
2021-06-14T09:27:40,500.0,21.3,B
2021-06-14T09:26:26,400.0,21.3,B
2021-06-14T09:26:17,500.0,21.3,B
2021-06-14T09:26:14,100.0,21.3,B
2021-06-14T09:26:09,500.0,21.3,B
2021-06-14T09:25:59,1000.0,21.3,B
2021-06-14T09:25:39,500.0,21.3,B
2021-06-14T09:25:36,1000.0,21.3,B
2021-06-14T09:25:35,500.0,21.25,S
2021-06-14T09:25:01,2500.0,21.25,B
2021-06-14T09:24:49,200.0,21.3,B
2021-06-14T09:23:21,1000.0,21.3,B
2021-06-14T09:23:05,700.0,21.25,B
2021-06-14T09:23:00,500.0,21.25,B
2021-06-14T09:22:34,500.0,21.25,B
2021-06-14T09:22:30,700.0,21.25,B
2021-06-14T09:22:24,100.0,21.25,B
2021-06-14T09:22:24,4500.0,21.25,B
2021-06-14T09:22:08,1000.0,21.2,S
2021-06-14T09:22:04,8500.0,21.25,B
2021-06-14T09:21:50,100.0,21.2,S
2021-06-14T09:21:40,1600.0,21.25,B
2021-06-14T09:21:37,100.0,21.3,B
2021-06-14T09:21:26,5500.0,21.25,B
2021-06-14T09:21:06,14000.0,21.25,B
2021-06-14T09:20:26,1000.0,21.15,S
2021-06-14T09:20:00,1000.0,21.25,B
2021-06-14T09:19:58,1000.0,21.2,S
2021-06-14T09:19:55,1000.0,21.2,S
2021-06-14T09:19:37,200.0,21.2,S
2021-06-14T09:19:33,1000.0,21.2,S
2021-06-14T09:19:31,200.0,21.2,S
2021-06-14T09:19:16,500.0,21.2,S
2021-06-14T09:19:14,500.0,21.2,S
2021-06-14T09:19:08,3000.0,21.2,S
2021-06-14T09:19:07,2000.0,21.2,S
2021-06-14T09:18:47,5000.0,21.2,S
2021-06-14T09:18:38,5600.0,21.2,S
2021-06-14T09:18:33,100.0,21.3,B
2021-06-14T09:18:19,100.0,21.25,B
2021-06-14T09:18:12,400.0,21.25,B
2021-06-14T09:18:05,900.0,21.2,S
2021-06-14T09:17:55,2000.0,21.2,S
2021-06-14T09:16:24,1000.0,21.2,S
2021-06-14T09:16:06,200.0,21.2,S
2021-06-14T09:15:42,500.0,21.2,S
