tradingTime,volume,price,side
2021-06-14T14:29:31,2800.0,9.91,B
2021-06-14T14:26:23,200.0,9.9,S
2021-06-14T14:26:11,100.0,9.9,S
2021-06-14T14:26:05,2000.0,9.9,S
2021-06-14T14:25:30,1000.0,9.9,S
2021-06-14T14:24:41,1000.0,9.91,B
2021-06-14T14:24:13,4000.0,9.9,S
2021-06-14T14:23:45,2500.0,9.9,B
2021-06-14T14:22:37,5000.0,9.86,S
2021-06-14T14:21:09,300.0,9.86,B
2021-06-14T14:21:03,100.0,9.85,S
2021-06-14T14:20:21,2000.0,9.86,B
2021-06-14T14:20:16,1000.0,9.85,S
2021-06-14T14:19:43,400.0,9.85,S
2021-06-14T14:19:11,200.0,9.86,S
2021-06-14T14:18:38,500.0,9.85,S
2021-06-14T14:17:54,2500.0,9.86,S
2021-06-14T14:15:00,500.0,9.86,S
2021-06-14T14:13:26,900.0,9.86,S
2021-06-14T14:13:26,100.0,9.9,B
2021-06-14T14:12:16,3500.0,9.86,S
2021-06-14T14:12:16,100.0,9.89,S
2021-06-14T14:12:15,6400.0,9.89,S
2021-06-14T14:11:40,1100.0,9.9,B
2021-06-14T14:11:39,1400.0,9.9,B
2021-06-14T14:11:38,400.0,9.9,B
2021-06-14T14:11:11,1000.0,9.9,B
2021-06-14T14:10:32,5000.0,9.9,B
2021-06-14T14:10:18,2000.0,9.9,B
2021-06-14T14:09:29,3000.0,9.9,B
2021-06-14T14:08:26,1000.0,9.9,B
2021-06-14T14:08:03,1700.0,9.9,B
2021-06-14T14:08:03,300.0,9.9,B
2021-06-14T14:07:21,1200.0,9.9,B
2021-06-14T14:07:21,3800.0,9.9,B
2021-06-14T14:06:54,2000.0,9.9,B
2021-06-14T14:06:52,1000.0,9.9,B
2021-06-14T14:05:45,300.0,9.9,B
2021-06-14T14:05:39,1400.0,9.89,S
2021-06-14T14:04:54,500.0,9.9,B
2021-06-14T14:04:24,1000.0,9.9,S
2021-06-14T14:03:47,1400.0,9.9,S
2021-06-14T14:03:20,500.0,9.91,B
2021-06-14T14:03:15,100.0,9.9,S
2021-06-14T14:03:15,900.0,9.9,S
2021-06-14T14:03:06,900.0,9.91,B
2021-06-14T14:03:04,5000.0,9.9,S
2021-06-14T14:01:45,300.0,9.9,S
2021-06-14T14:01:44,1000.0,9.91,B
2021-06-14T14:00:53,5500.0,9.91,S
2021-06-14T14:00:39,10400.0,9.91,S
2021-06-14T13:58:31,800.0,9.92,S
2021-06-14T13:57:22,1300.0,9.93,S
2021-06-14T13:57:22,600.0,9.93,S
2021-06-14T13:57:21,37700.0,9.93,S
2021-06-14T13:55:48,800.0,9.94,B
2021-06-14T13:53:18,100.0,9.94,B
2021-06-14T13:52:21,1000.0,9.94,B
2021-06-14T13:52:12,1000.0,9.94,B
2021-06-14T13:50:21,2000.0,9.93,S
2021-06-14T13:50:09,100.0,9.94,B
2021-06-14T13:49:44,15300.0,9.93,S
2021-06-14T13:47:18,10000.0,9.93,S
2021-06-14T13:46:52,10000.0,9.93,S
2021-06-14T13:46:05,3400.0,9.93,S
2021-06-14T13:46:04,1600.0,9.93,S
2021-06-14T13:45:46,100.0,9.94,S
2021-06-14T13:45:44,5400.0,9.94,S
2021-06-14T13:45:28,500.0,9.94,S
2021-06-14T13:44:08,100.0,9.95,B
2021-06-14T13:43:56,1000.0,9.95,B
2021-06-14T13:41:49,100.0,9.95,B
2021-06-14T13:41:49,1000.0,9.94,B
2021-06-14T13:40:45,3900.0,9.94,B
2021-06-14T13:37:46,100.0,9.94,S
2021-06-14T13:36:41,3000.0,9.95,B
2021-06-14T13:35:43,300.0,9.95,B
2021-06-14T13:35:29,1000.0,9.94,S
2021-06-14T13:35:28,1900.0,9.94,S
2021-06-14T13:35:28,100.0,9.94,S
2021-06-14T13:35:27,1000.0,9.95,B
2021-06-14T13:35:17,1000.0,9.95,B
2021-06-14T13:31:48,500.0,9.95,B
2021-06-14T13:31:01,900.0,9.95,B
2021-06-14T13:30:36,1300.0,9.93,S
2021-06-14T13:30:36,3500.0,9.94,S
2021-06-14T13:30:36,1200.0,9.94,S
2021-06-14T13:27:56,1000.0,9.95,S
2021-06-14T13:27:34,1000.0,9.95,S
2021-06-14T13:26:35,4800.0,9.95,S
2021-06-14T13:24:54,200.0,9.95,S
2021-06-14T13:24:27,1000.0,9.96,B
2021-06-14T13:24:00,2800.0,9.95,S
2021-06-14T13:22:35,2200.0,9.95,S
2021-06-14T13:22:33,300.0,9.95,S
2021-06-14T13:22:31,2000.0,9.95,S
2021-06-14T13:21:23,5000.0,9.95,S
2021-06-14T13:20:07,5000.0,9.95,S
2021-06-14T13:18:54,5000.0,9.96,B
2021-06-14T13:16:16,1000.0,9.96,S
2021-06-14T13:15:45,1000.0,9.96,S
2021-06-14T13:15:45,6500.0,9.96,S
2021-06-14T13:15:44,13900.0,9.97,S
2021-06-14T13:13:08,3500.0,9.99,B
2021-06-14T13:12:48,4400.0,9.99,B
2021-06-14T13:12:27,2100.0,9.99,B
2021-06-14T13:12:27,2000.0,9.99,B
2021-06-14T13:12:27,1700.0,9.99,B
2021-06-14T13:08:57,3000.0,9.99,B
2021-06-14T13:07:58,100.0,9.96,B
2021-06-14T13:07:31,1400.0,9.96,B
2021-06-14T13:06:18,1300.0,9.95,S
2021-06-14T13:06:11,600.0,9.96,B
2021-06-14T13:06:11,4400.0,9.96,B
2021-06-14T13:04:53,900.0,9.95,B
2021-06-14T13:04:53,8600.0,9.95,B
2021-06-14T13:04:32,1200.0,9.95,B
2021-06-14T13:01:49,800.0,9.94,B
2021-06-14T13:01:46,400.0,9.94,B
2021-06-14T13:00:37,500.0,9.93,S
2021-06-14T13:00:37,3800.0,9.94,S
2021-06-14T13:00:35,700.0,9.94,S
2021-06-14T13:00:32,100.0,9.95,B
2021-06-14T13:00:30,100.0,9.95,B
2021-06-14T13:00:29,500.0,9.94,S
2021-06-14T11:28:26,100.0,9.94,S
2021-06-14T11:27:29,100.0,9.94,S
2021-06-14T11:25:36,2000.0,9.94,S
2021-06-14T11:24:53,1000.0,9.94,S
2021-06-14T11:24:29,2000.0,9.94,S
2021-06-14T11:23:39,3000.0,9.94,B
2021-06-14T11:21:48,8000.0,9.94,B
2021-06-14T11:21:42,3000.0,9.93,S
2021-06-14T11:21:26,1400.0,9.93,B
2021-06-14T11:20:53,3600.0,9.93,S
2021-06-14T11:16:06,1900.0,9.93,S
2021-06-14T11:16:06,100.0,9.93,S
2021-06-14T11:13:35,10000.0,9.93,S
2021-06-14T11:12:38,5000.0,9.93,S
2021-06-14T11:11:16,100.0,9.94,S
2021-06-14T11:08:44,5100.0,9.94,B
2021-06-14T11:08:20,2000.0,9.94,B
2021-06-14T11:08:02,200.0,9.94,B
2021-06-14T11:07:30,100.0,9.93,S
2021-06-14T11:07:27,1000.0,9.94,B
2021-06-14T11:06:49,600.0,9.94,S
2021-06-14T11:05:15,2000.0,9.94,B
2021-06-14T11:05:10,2800.0,9.94,B
2021-06-14T11:05:10,200.0,9.94,B
2021-06-14T11:03:59,2000.0,9.93,S
2021-06-14T11:03:24,10000.0,9.94,B
2021-06-14T11:01:53,1000.0,9.94,S
2021-06-14T11:01:15,1000.0,9.94,S
2021-06-14T11:01:01,100.0,9.95,B
2021-06-14T11:00:49,700.0,9.95,S
2021-06-14T10:59:54,8400.0,9.95,S
2021-06-14T10:58:41,500.0,9.95,S
2021-06-14T10:58:34,4700.0,9.95,S
2021-06-14T10:58:27,100.0,9.95,S
2021-06-14T10:58:27,1900.0,9.95,S
2021-06-14T10:57:27,4100.0,9.96,S
2021-06-14T10:57:22,3000.0,9.96,S
2021-06-14T10:57:11,900.0,9.98,B
2021-06-14T10:53:54,2900.0,9.96,S
2021-06-14T10:50:29,2000.0,9.96,S
2021-06-14T10:47:40,500.0,10.0,B
2021-06-14T10:45:11,2700.0,9.95,S
2021-06-14T10:44:21,100.0,9.95,S
2021-06-14T10:43:05,600.0,9.95,S
2021-06-14T10:41:27,3000.0,9.95,S
2021-06-14T10:41:27,500.0,10.0,B
2021-06-14T10:41:03,100.0,10.0,B
2021-06-14T10:40:25,1000.0,10.0,B
2021-06-14T10:40:08,200.0,10.0,B
2021-06-14T10:38:16,1000.0,10.0,B
2021-06-14T10:37:39,1700.0,9.95,B
2021-06-14T10:37:26,500.0,9.95,B
2021-06-14T10:36:50,200.0,9.95,B
2021-06-14T10:36:30,1000.0,9.95,B
2021-06-14T10:35:03,6200.0,9.95,B
2021-06-14T10:34:49,2000.0,9.94,S
2021-06-14T10:33:29,500.0,9.95,B
2021-06-14T10:33:18,2000.0,9.95,B
2021-06-14T10:33:09,2000.0,9.95,B
2021-06-14T10:32:41,500.0,9.95,B
2021-06-14T10:31:47,100.0,9.95,B
2021-06-14T10:29:13,600.0,9.95,B
2021-06-14T10:28:53,1000.0,9.95,B
2021-06-14T10:28:32,400.0,9.94,B
2021-06-14T10:28:24,600.0,9.94,S
2021-06-14T10:27:50,1000.0,9.95,B
2021-06-14T10:27:43,1000.0,9.94,S
2021-06-14T10:27:39,1000.0,9.94,S
2021-06-14T10:27:34,2000.0,9.94,S
2021-06-14T10:26:59,200.0,9.95,B
2021-06-14T10:26:59,2300.0,9.95,B
2021-06-14T10:26:31,200.0,9.93,S
2021-06-14T10:25:49,1000.0,9.93,S
2021-06-14T10:25:01,200.0,9.93,S
2021-06-14T10:22:33,1700.0,9.93,S
2021-06-14T10:19:35,1200.0,9.93,B
2021-06-14T10:18:57,5000.0,9.93,B
2021-06-14T10:17:38,600.0,9.91,B
2021-06-14T10:17:36,200.0,9.89,S
2021-06-14T10:17:29,1000.0,9.89,S
2021-06-14T10:16:55,1500.0,9.89,S
2021-06-14T10:16:31,1400.0,9.91,B
2021-06-14T10:15:01,100.0,9.91,B
2021-06-14T10:14:34,500.0,9.9,B
2021-06-14T10:14:29,100.0,9.9,B
2021-06-14T10:13:31,4400.0,9.91,B
2021-06-14T10:13:20,500.0,9.95,B
2021-06-14T10:13:17,13000.0,9.89,S
2021-06-14T10:13:07,400.0,9.91,B
2021-06-14T10:13:04,2000.0,9.91,B
2021-06-14T10:12:30,5000.0,9.9,S
2021-06-14T10:09:39,1000.0,9.9,S
2021-06-14T10:07:50,2500.0,9.9,S
2021-06-14T10:05:10,100.0,9.9,S
2021-06-14T10:03:54,400.0,9.9,S
2021-06-14T10:03:39,2500.0,9.9,S
2021-06-14T10:03:20,3000.0,9.93,B
2021-06-14T10:00:24,600.0,9.93,S
2021-06-14T10:00:10,1000.0,9.9,S
2021-06-14T10:00:08,3000.0,9.93,S
2021-06-14T10:00:03,2000.0,9.93,S
2021-06-14T09:59:30,1400.0,9.94,B
2021-06-14T09:59:24,1600.0,9.94,B
2021-06-14T09:59:05,500.0,9.9,S
2021-06-14T09:59:05,400.0,9.9,S
2021-06-14T09:59:03,1100.0,9.9,S
2021-06-14T09:58:58,2000.0,9.94,B
2021-06-14T09:58:57,1000.0,9.94,B
2021-06-14T09:58:54,600.0,9.93,S
2021-06-14T09:58:54,3500.0,9.93,S
2021-06-14T09:58:54,3000.0,9.93,S
2021-06-14T09:58:54,1400.0,9.93,S
2021-06-14T09:58:19,1500.0,9.94,B
2021-06-14T09:56:40,500.0,9.94,B
2021-06-14T09:56:15,4500.0,9.94,S
2021-06-14T09:55:51,3000.0,9.95,B
2021-06-14T09:55:09,1000.0,9.95,B
2021-06-14T09:53:21,300.0,9.94,S
2021-06-14T09:53:21,600.0,9.94,S
2021-06-14T09:53:21,4100.0,9.94,S
2021-06-14T09:52:52,2000.0,9.95,B
2021-06-14T09:51:47,100.0,9.95,B
2021-06-14T09:49:15,500.0,9.95,S
2021-06-14T09:48:59,1000.0,9.95,S
2021-06-14T09:48:46,2000.0,9.95,S
2021-06-14T09:46:35,100.0,9.95,S
2021-06-14T09:46:34,9500.0,9.95,S
2021-06-14T09:46:30,500.0,9.96,S
2021-06-14T09:46:28,1400.0,9.96,S
2021-06-14T09:46:06,600.0,9.99,B
2021-06-14T09:45:11,1400.0,9.96,S
2021-06-14T09:42:20,300.0,9.96,S
2021-06-14T09:41:43,3000.0,9.96,S
2021-06-14T09:41:33,300.0,9.97,S
2021-06-14T09:33:37,2000.0,9.95,S
2021-06-14T09:32:14,1000.0,9.96,S
2021-06-14T09:26:24,100.0,9.95,S
2021-06-14T09:25:39,1000.0,10.1,B
2021-06-14T09:24:28,2000.0,9.95,S
2021-06-14T09:22:36,100.0,10.1,B
2021-06-14T09:22:04,3500.0,9.95,S
2021-06-14T09:18:34,2000.0,10.1,B
