tradingTime,volume,price,side
2021-06-14T14:45:11,100.0,12.8,B
2021-06-14T14:45:04,2000.0,12.8,B
2021-06-14T14:44:56,1600.0,12.7,S
2021-06-14T14:31:40,300.0,12.8,B
2021-06-14T14:31:21,3000.0,12.8,B
2021-06-14T14:31:01,100.0,12.8,B
2021-06-14T14:30:56,1500.0,12.8,S
2021-06-14T14:28:35,5000.0,12.8,S
2021-06-14T14:27:40,300.0,12.8,S
2021-06-14T14:24:47,5000.0,12.8,S
2021-06-14T14:24:21,200.0,12.8,B
2021-06-14T14:24:04,25000.0,12.8,B
2021-06-14T14:23:54,2000.0,12.8,B
2021-06-14T14:23:48,200.0,12.8,B
2021-06-14T14:22:57,2000.0,12.8,B
2021-06-14T14:21:40,2000.0,12.8,B
2021-06-14T14:21:27,100.0,12.8,B
2021-06-14T14:20:53,100.0,12.7,S
2021-06-14T14:20:42,1000.0,12.8,B
2021-06-14T14:19:47,200.0,12.8,B
2021-06-14T14:17:34,500.0,12.7,S
2021-06-14T14:17:11,500.0,12.7,S
2021-06-14T14:13:33,300.0,12.8,B
2021-06-14T14:12:59,1000.0,12.7,S
2021-06-14T14:10:48,100.0,12.8,B
2021-06-14T14:10:46,7000.0,12.8,B
2021-06-14T14:10:40,9000.0,12.8,S
2021-06-14T14:10:14,3000.0,12.8,S
2021-06-14T14:09:49,2000.0,12.8,S
2021-06-14T14:09:30,3000.0,12.8,S
2021-06-14T14:09:18,10000.0,12.8,S
2021-06-14T14:09:02,2000.0,12.8,S
2021-06-14T14:08:39,500.0,12.9,B
2021-06-14T14:08:19,100.0,12.9,B
2021-06-14T14:06:49,100.0,12.9,B
2021-06-14T14:04:13,1800.0,12.9,S
2021-06-14T14:03:57,1000.0,12.9,S
2021-06-14T14:03:55,10000.0,12.9,S
2021-06-14T14:03:38,20000.0,12.9,S
2021-06-14T14:03:25,2900.0,12.9,S
2021-06-14T14:03:25,200.0,12.9,S
2021-06-14T14:03:22,5000.0,12.9,S
2021-06-14T14:03:04,4000.0,12.9,S
2021-06-14T14:03:00,400.0,12.9,S
2021-06-14T14:02:56,2000.0,12.9,S
2021-06-14T14:02:28,500.0,12.9,S
2021-06-14T14:02:18,1000.0,12.9,S
2021-06-14T14:01:00,5000.0,12.9,S
2021-06-14T13:59:53,100.0,12.9,S
2021-06-14T13:59:05,3000.0,13.0,B
2021-06-14T13:58:20,100.0,13.0,B
2021-06-14T13:57:35,2000.0,12.9,S
2021-06-14T13:56:34,800.0,12.9,S
2021-06-14T13:56:04,500.0,12.9,S
2021-06-14T13:54:17,300.0,12.9,S
2021-06-14T13:53:40,1000.0,12.9,S
2021-06-14T13:53:29,5000.0,12.9,S
2021-06-14T13:52:53,500.0,12.9,S
2021-06-14T13:52:43,1000.0,12.9,S
2021-06-14T13:51:38,600.0,12.9,S
2021-06-14T13:51:16,1000.0,12.9,S
2021-06-14T13:51:08,200.0,12.9,S
2021-06-14T13:50:41,1000.0,12.9,S
2021-06-14T13:50:02,1000.0,12.9,S
2021-06-14T13:49:12,1600.0,12.9,S
2021-06-14T13:48:13,5500.0,13.0,B
2021-06-14T13:48:05,500.0,13.0,B
2021-06-14T13:48:00,10000.0,13.0,B
2021-06-14T13:47:49,1000.0,13.0,B
2021-06-14T13:47:38,10000.0,13.0,B
2021-06-14T13:45:54,400.0,13.0,B
2021-06-14T13:44:45,2000.0,13.0,B
2021-06-14T13:44:16,10000.0,13.0,B
2021-06-14T13:42:07,2000.0,13.0,B
2021-06-14T13:40:30,1000.0,12.9,S
2021-06-14T13:39:52,200.0,12.9,S
2021-06-14T13:39:41,1000.0,12.9,S
2021-06-14T13:38:25,500.0,12.9,S
2021-06-14T13:37:35,1500.0,12.9,S
2021-06-14T13:36:29,900.0,12.9,S
2021-06-14T13:36:07,100.0,12.9,S
2021-06-14T13:35:49,200.0,12.9,S
2021-06-14T13:35:39,500.0,12.9,S
2021-06-14T13:34:25,2000.0,12.9,S
2021-06-14T13:33:22,300.0,12.9,B
2021-06-14T13:33:01,200.0,12.9,B
2021-06-14T13:32:44,6700.0,12.9,B
2021-06-14T13:32:10,3000.0,12.9,S
2021-06-14T13:30:52,200.0,12.9,S
2021-06-14T13:30:06,800.0,12.9,S
2021-06-14T13:27:57,500.0,12.9,S
2021-06-14T13:27:03,1000.0,12.9,B
2021-06-14T13:26:51,10000.0,12.9,B
2021-06-14T13:24:45,1000.0,12.9,B
2021-06-14T13:24:13,11000.0,12.9,B
2021-06-14T13:23:53,100.0,12.8,S
2021-06-14T13:23:53,1000.0,12.8,S
2021-06-14T13:19:03,2000.0,12.8,S
2021-06-14T13:17:56,2000.0,12.9,B
2021-06-14T13:13:01,1500.0,12.9,B
2021-06-14T13:10:16,1000.0,12.9,B
2021-06-14T13:08:42,100.0,12.9,B
2021-06-14T13:07:12,600.0,12.9,B
2021-06-14T13:06:29,1000.0,12.9,B
2021-06-14T13:05:58,500.0,12.9,B
2021-06-14T13:03:14,1200.0,12.9,B
2021-06-14T13:02:28,1000.0,12.9,B
2021-06-14T13:01:04,1000.0,12.9,B
2021-06-14T13:00:30,1000.0,12.9,B
2021-06-14T13:00:18,500.0,12.9,B
2021-06-14T11:29:50,200.0,12.8,S
2021-06-14T11:29:23,700.0,12.8,S
2021-06-14T11:28:55,10000.0,12.8,S
2021-06-14T11:27:28,800.0,12.9,B
2021-06-14T11:20:28,2000.0,12.9,B
2021-06-14T11:19:13,300.0,12.9,B
2021-06-14T11:19:04,10000.0,12.9,B
2021-06-14T11:13:47,100.0,12.9,B
2021-06-14T11:10:19,3000.0,12.8,S
2021-06-14T11:09:15,300.0,12.9,B
2021-06-14T11:07:59,1200.0,12.9,B
2021-06-14T11:05:47,500.0,12.9,B
2021-06-14T11:04:50,200.0,12.8,B
2021-06-14T11:04:45,10000.0,12.8,B
2021-06-14T11:01:20,200.0,12.8,B
2021-06-14T11:00:54,7000.0,12.8,B
2021-06-14T10:59:30,2800.0,12.8,B
2021-06-14T10:56:21,400.0,12.7,S
2021-06-14T10:55:50,5000.0,12.8,B
2021-06-14T10:54:08,3000.0,12.7,S
2021-06-14T10:47:08,2000.0,12.8,B
2021-06-14T10:46:02,7000.0,12.8,S
2021-06-14T10:45:02,500.0,12.8,S
2021-06-14T10:44:58,1000.0,12.8,S
2021-06-14T10:42:18,5000.0,12.8,S
2021-06-14T10:42:01,4000.0,12.8,S
2021-06-14T10:41:58,15000.0,12.8,S
2021-06-14T10:41:25,500.0,12.8,S
2021-06-14T10:38:35,3000.0,12.8,S
2021-06-14T10:38:07,100.0,12.8,S
2021-06-14T10:37:44,1200.0,12.8,S
2021-06-14T10:35:46,1200.0,12.8,S
2021-06-14T10:33:25,1500.0,12.8,S
2021-06-14T10:33:10,3100.0,12.8,S
2021-06-14T10:32:33,500.0,12.8,S
2021-06-14T10:32:17,100.0,12.8,S
2021-06-14T10:32:16,1000.0,12.8,S
2021-06-14T10:31:14,5000.0,12.8,S
2021-06-14T10:26:14,1300.0,12.8,S
2021-06-14T10:23:17,700.0,12.8,B
2021-06-14T10:22:34,1000.0,12.8,B
2021-06-14T10:22:33,200.0,12.8,B
2021-06-14T10:20:40,400.0,12.8,B
2021-06-14T10:20:19,200.0,12.8,B
2021-06-14T10:19:25,1500.0,12.8,S
2021-06-14T10:18:31,5000.0,12.8,S
2021-06-14T10:18:25,500.0,12.8,S
2021-06-14T10:18:03,400.0,12.8,B
2021-06-14T10:18:01,9600.0,12.8,B
2021-06-14T10:14:37,6900.0,12.8,S
2021-06-14T10:13:52,100.0,12.8,S
2021-06-14T10:12:58,10600.0,12.8,B
2021-06-14T10:12:57,3000.0,12.8,B
2021-06-14T10:12:50,14000.0,12.8,B
2021-06-14T10:11:47,10100.0,12.8,B
2021-06-14T10:09:03,3000.0,12.7,S
2021-06-14T10:09:03,100.0,12.7,S
2021-06-14T10:08:10,5000.0,12.7,S
2021-06-14T10:05:13,800.0,12.7,S
2021-06-14T10:04:43,300.0,12.8,B
2021-06-14T10:03:59,1000.0,12.8,B
2021-06-14T10:03:47,1500.0,12.7,S
2021-06-14T10:03:12,1500.0,12.7,S
2021-06-14T10:02:26,1000.0,12.7,S
2021-06-14T10:01:54,2000.0,12.7,S
2021-06-14T10:01:07,200.0,12.7,S
2021-06-14T09:59:40,10000.0,12.7,S
2021-06-14T09:50:57,1000.0,12.8,B
2021-06-14T09:49:27,200.0,12.8,S
2021-06-14T09:47:54,500.0,12.8,S
2021-06-14T09:47:14,16500.0,12.8,S
2021-06-14T09:45:47,5000.0,12.8,S
2021-06-14T09:45:23,1900.0,12.8,S
2021-06-14T09:45:09,2000.0,12.8,S
2021-06-14T09:44:43,1900.0,12.8,S
2021-06-14T09:44:22,100.0,12.8,S
2021-06-14T09:44:08,5000.0,12.8,S
2021-06-14T09:44:00,2000.0,12.8,S
2021-06-14T09:42:45,100.0,12.8,S
2021-06-14T09:41:38,2000.0,12.8,S
2021-06-14T09:41:20,2000.0,12.8,S
2021-06-14T09:41:03,3800.0,12.8,S
2021-06-14T09:40:57,700.0,12.8,B
2021-06-14T09:40:40,2000.0,12.7,S
2021-06-14T09:39:03,1500.0,12.8,S
2021-06-14T09:38:56,5000.0,12.8,S
2021-06-14T09:38:40,1000.0,12.8,S
2021-06-14T09:38:33,5300.0,12.8,S
2021-06-14T09:38:25,5000.0,12.8,S
2021-06-14T09:37:56,200.0,12.8,S
2021-06-14T09:37:48,6000.0,12.8,S
2021-06-14T09:37:16,2000.0,12.8,S
2021-06-14T09:37:12,900.0,12.8,S
2021-06-14T09:35:31,2000.0,12.8,S
2021-06-14T09:34:26,3000.0,12.9,B
2021-06-14T09:33:53,900.0,12.9,B
2021-06-14T09:32:53,300.0,12.9,B
2021-06-14T09:32:33,500.0,12.8,S
2021-06-14T09:32:31,1000.0,12.9,B
2021-06-14T09:31:58,1000.0,12.9,B
2021-06-14T09:31:13,1000.0,12.9,B
2021-06-14T09:29:54,2300.0,12.9,B
2021-06-14T09:26:25,100.0,12.9,B
2021-06-14T09:26:07,100.0,12.9,B
2021-06-14T09:24:55,5000.0,12.9,B
2021-06-14T09:24:18,500.0,12.8,S
2021-06-14T09:23:45,1700.0,12.8,S
2021-06-14T09:23:32,200.0,12.8,B
2021-06-14T09:20:48,500.0,12.7,S
2021-06-14T09:19:35,500.0,12.7,S
2021-06-14T09:18:12,4300.0,12.7,S
2021-06-14T09:14:24,1000.0,12.7,S
2021-06-14T09:10:47,3000.0,12.7,S
2021-06-14T09:10:08,400.0,12.7,S
2021-06-14T09:09:23,1600.0,12.8,S
2021-06-14T09:09:20,100.0,12.9,S
2021-06-14T09:09:10,500.0,12.9,S
2021-06-14T09:08:12,500.0,12.9,S
2021-06-14T09:07:57,500.0,12.9,S
2021-06-14T09:07:44,1100.0,12.9,B
2021-06-14T09:07:42,500.0,12.8,S
2021-06-14T09:07:16,2000.0,12.8,S
2021-06-14T09:07:07,100.0,12.9,B
2021-06-14T09:06:41,2000.0,12.9,B
2021-06-14T09:06:35,15000.0,12.9,B
2021-06-14T09:06:01,2000.0,12.9,B
2021-06-14T09:05:32,1000.0,12.9,B
2021-06-14T09:04:26,200.0,12.9,B
2021-06-14T09:04:03,200.0,12.9,B
2021-06-14T09:03:55,100.0,12.9,B
2021-06-14T09:00:30,3300.0,13.0,B
2021-06-14T09:00:24,200.0,13.0,S
2021-06-14T09:00:22,1500.0,13.0,B
2021-06-14T09:00:22,500.0,12.6,B
