tradingTime,volume,price,side
2021-06-14T14:28:28,46000.0,11.7,S
2021-06-14T14:28:08,10000.0,11.75,S
2021-06-14T14:27:40,500.0,11.8,B
2021-06-14T14:26:52,200.0,11.8,B
2021-06-14T14:26:47,100.0,11.8,B
2021-06-14T14:26:37,1200.0,11.8,B
2021-06-14T14:26:08,30000.0,11.8,B
2021-06-14T14:25:46,1000.0,11.75,S
2021-06-14T14:25:41,2000.0,11.8,B
2021-06-14T14:25:39,1000.0,11.75,S
2021-06-14T14:25:32,300.0,11.75,S
2021-06-14T14:25:11,1000.0,11.75,S
2021-06-14T14:24:00,2000.0,11.75,S
2021-06-14T14:22:19,600.0,11.7,B
2021-06-14T14:21:35,1000.0,11.7,B
2021-06-14T14:21:15,100.0,11.65,S
2021-06-14T14:20:49,1000.0,11.7,B
2021-06-14T14:20:40,6900.0,11.6,S
2021-06-14T14:20:32,100.0,11.6,S
2021-06-14T14:20:26,5000.0,11.6,S
2021-06-14T14:20:23,1000.0,11.6,S
2021-06-14T14:20:17,100.0,11.6,S
2021-06-14T14:20:06,3000.0,11.6,S
2021-06-14T14:20:05,20000.0,11.6,S
2021-06-14T14:20:04,500.0,11.6,S
2021-06-14T14:20:03,1000.0,11.6,S
2021-06-14T14:20:03,2000.0,11.6,S
2021-06-14T14:19:56,2000.0,11.6,S
2021-06-14T14:19:55,4000.0,11.6,S
2021-06-14T14:19:52,2300.0,11.6,S
2021-06-14T14:19:52,5000.0,11.6,S
2021-06-14T14:19:52,1500.0,11.6,S
2021-06-14T14:19:52,1100.0,11.6,S
2021-06-14T14:19:52,2200.0,11.6,S
2021-06-14T14:19:52,34000.0,11.6,S
2021-06-14T14:18:58,500.0,11.6,S
2021-06-14T14:18:58,1000.0,11.6,S
2021-06-14T14:18:58,5200.0,11.6,S
2021-06-14T14:18:58,9100.0,11.6,S
2021-06-14T14:18:58,1000.0,11.6,S
2021-06-14T14:18:58,800.0,11.6,S
2021-06-14T14:18:58,5400.0,11.6,S
2021-06-14T14:18:58,2300.0,11.6,S
2021-06-14T14:18:58,600.0,11.6,S
2021-06-14T14:18:58,17400.0,11.6,S
2021-06-14T14:18:58,100.0,11.6,S
2021-06-14T14:18:58,6700.0,11.6,S
2021-06-14T14:18:58,2000.0,11.6,S
2021-06-14T14:18:58,800.0,11.6,S
2021-06-14T14:18:58,10400.0,11.6,S
2021-06-14T14:18:57,13900.0,11.6,S
2021-06-14T14:18:57,22800.0,11.65,B
2021-06-14T14:18:43,100.0,11.65,B
2021-06-14T14:18:24,800.0,11.65,B
2021-06-14T14:18:15,2000.0,11.6,S
2021-06-14T14:18:11,8900.0,11.65,B
2021-06-14T14:18:04,200.0,11.65,B
2021-06-14T14:17:55,1000.0,11.65,B
2021-06-14T14:17:51,1000.0,11.65,B
2021-06-14T14:17:50,3300.0,11.65,B
2021-06-14T14:17:37,300.0,11.65,B
2021-06-14T14:17:32,600.0,11.65,B
2021-06-14T14:17:32,2400.0,11.65,B
2021-06-14T14:17:22,1000.0,11.65,B
2021-06-14T14:17:22,200.0,11.65,B
2021-06-14T14:16:49,200.0,11.65,S
2021-06-14T14:16:37,2000.0,11.65,S
2021-06-14T14:16:36,10000.0,11.65,S
2021-06-14T14:16:19,300.0,11.65,S
2021-06-14T14:16:17,100.0,11.65,S
2021-06-14T14:16:00,600.0,11.65,S
2021-06-14T14:16:00,9400.0,11.65,S
2021-06-14T14:15:49,100.0,11.65,S
2021-06-14T14:15:24,500.0,11.65,S
2021-06-14T14:14:55,300.0,11.65,S
2021-06-14T14:14:45,1000.0,11.65,S
2021-06-14T14:14:45,4000.0,11.65,S
2021-06-14T14:14:44,300.0,11.65,S
2021-06-14T14:14:41,3000.0,11.65,S
2021-06-14T14:14:40,1000.0,11.65,S
2021-06-14T14:14:37,100.0,11.6,S
2021-06-14T14:14:34,100.0,11.65,S
2021-06-14T14:14:29,20000.0,11.65,S
2021-06-14T14:13:56,1000.0,11.65,S
2021-06-14T14:13:34,500.0,11.65,S
2021-06-14T14:13:14,500.0,11.65,S
2021-06-14T14:13:03,700.0,11.65,S
2021-06-14T14:12:36,200.0,11.65,S
2021-06-14T14:12:14,100.0,11.6,S
2021-06-14T14:12:11,100.0,11.65,S
2021-06-14T14:12:10,2000.0,11.65,S
2021-06-14T14:12:05,400.0,11.65,S
2021-06-14T14:12:02,12900.0,11.65,S
2021-06-14T14:12:01,2000.0,11.65,S
2021-06-14T14:11:58,30000.0,11.65,S
2021-06-14T14:11:58,3000.0,11.7,B
2021-06-14T14:11:51,200.0,11.7,B
2021-06-14T14:11:50,1000.0,11.7,B
2021-06-14T14:11:49,5000.0,11.65,S
2021-06-14T14:11:39,500.0,11.7,B
2021-06-14T14:11:36,500.0,11.7,B
2021-06-14T14:11:32,1500.0,11.7,B
2021-06-14T14:11:00,5000.0,11.7,S
2021-06-14T14:10:57,1000.0,11.7,S
2021-06-14T14:10:57,1600.0,11.7,S
2021-06-14T14:10:57,700.0,11.7,S
2021-06-14T14:10:57,3000.0,11.7,S
2021-06-14T14:10:57,8400.0,11.7,S
2021-06-14T14:10:57,300.0,11.7,S
2021-06-14T14:10:57,700.0,11.7,S
2021-06-14T14:10:57,200.0,11.7,S
2021-06-14T14:10:57,400.0,11.7,S
2021-06-14T14:10:57,100.0,11.7,S
2021-06-14T14:10:57,1700.0,11.7,S
2021-06-14T14:10:57,900.0,11.7,S
2021-06-14T14:10:57,31600.0,11.7,S
2021-06-14T14:10:57,3500.0,11.7,S
2021-06-14T14:10:57,100.0,11.7,S
2021-06-14T14:10:57,300.0,11.7,S
2021-06-14T14:10:57,6000.0,11.7,S
2021-06-14T14:10:57,21200.0,11.7,S
2021-06-14T14:10:57,1500.0,11.7,S
2021-06-14T14:10:56,14600.0,11.7,S
2021-06-14T14:10:56,4000.0,11.7,S
2021-06-14T14:10:56,200.0,11.7,S
2021-06-14T14:10:56,500.0,11.7,S
2021-06-14T14:10:56,1500.0,11.7,S
2021-06-14T14:10:56,3600.0,11.7,S
2021-06-14T14:10:56,400.0,11.75,S
2021-06-14T14:10:56,1000.0,11.75,S
2021-06-14T14:10:56,2500.0,11.75,S
2021-06-14T14:10:56,200.0,11.75,S
2021-06-14T14:10:56,2000.0,11.75,S
2021-06-14T14:10:56,3800.0,11.75,S
2021-06-14T14:10:56,5000.0,11.75,S
2021-06-14T14:10:41,100.0,11.8,B
2021-06-14T14:10:19,800.0,11.75,S
2021-06-14T14:09:57,25000.0,11.75,S
2021-06-14T14:09:02,100.0,11.8,B
2021-06-14T14:08:08,500.0,11.8,B
2021-06-14T14:07:53,800.0,11.8,B
2021-06-14T14:07:07,1100.0,11.75,S
2021-06-14T14:06:13,200.0,11.8,B
2021-06-14T14:05:30,400.0,11.8,B
2021-06-14T14:05:21,300.0,11.75,S
2021-06-14T14:04:55,100.0,11.8,B
2021-06-14T14:04:55,100.0,11.75,B
2021-06-14T14:04:51,500.0,11.75,B
2021-06-14T14:04:37,400.0,11.75,S
2021-06-14T14:04:34,2000.0,11.75,S
2021-06-14T14:04:20,1800.0,11.75,S
2021-06-14T14:04:20,2200.0,11.75,S
2021-06-14T14:04:20,4200.0,11.75,S
2021-06-14T14:04:20,1000.0,11.75,S
2021-06-14T14:04:20,400.0,11.75,S
2021-06-14T14:04:20,500.0,11.75,S
2021-06-14T14:04:20,1200.0,11.75,S
2021-06-14T14:04:20,2700.0,11.75,S
2021-06-14T14:04:20,100.0,11.75,S
2021-06-14T14:04:20,1300.0,11.75,S
2021-06-14T14:04:20,200.0,11.75,S
2021-06-14T14:04:20,600.0,11.75,S
2021-06-14T14:04:20,2800.0,11.75,S
2021-06-14T14:04:20,1000.0,11.75,S
2021-06-14T14:04:20,500.0,11.75,S
2021-06-14T14:03:47,700.0,11.75,S
2021-06-14T14:03:41,500.0,11.8,B
2021-06-14T14:03:05,1000.0,11.8,B
2021-06-14T14:02:34,100.0,11.8,S
2021-06-14T14:02:28,500.0,11.8,S
2021-06-14T14:02:17,100.0,11.8,S
2021-06-14T14:01:59,1000.0,11.8,S
2021-06-14T14:01:41,8000.0,11.8,S
2021-06-14T14:01:39,200.0,11.8,S
2021-06-14T14:01:39,6700.0,11.8,S
2021-06-14T14:01:38,200.0,11.8,S
2021-06-14T14:01:38,11300.0,11.8,S
2021-06-14T14:01:38,7500.0,11.8,S
2021-06-14T14:01:38,1200.0,11.8,S
2021-06-14T14:01:38,2000.0,11.8,S
2021-06-14T14:01:38,1100.0,11.8,S
2021-06-14T14:01:38,3900.0,11.8,S
2021-06-14T14:01:38,4100.0,11.8,S
2021-06-14T14:01:38,8400.0,11.8,S
2021-06-14T14:01:38,200.0,11.8,S
2021-06-14T14:01:38,700.0,11.8,S
2021-06-14T14:01:38,600.0,11.8,S
2021-06-14T14:01:37,3500.0,11.8,S
2021-06-14T14:01:28,1900.0,11.8,S
2021-06-14T14:01:28,600.0,11.8,S
2021-06-14T14:01:28,1300.0,11.8,S
2021-06-14T14:01:28,400.0,11.8,S
2021-06-14T14:01:28,500.0,11.8,S
2021-06-14T14:01:28,1200.0,11.8,S
2021-06-14T14:01:28,2000.0,11.8,S
2021-06-14T14:01:28,2100.0,11.8,S
2021-06-14T14:01:27,10000.0,11.8,S
2021-06-14T14:01:24,10000.0,11.8,S
2021-06-14T14:00:59,1900.0,11.8,S
2021-06-14T14:00:59,7500.0,11.8,S
2021-06-14T14:00:59,200.0,11.8,S
2021-06-14T14:00:59,20400.0,11.8,S
2021-06-14T14:00:54,500.0,11.85,B
2021-06-14T14:00:46,500.0,11.85,B
2021-06-14T14:00:41,10000.0,11.8,S
2021-06-14T14:00:41,10000.0,11.8,S
2021-06-14T14:00:32,7000.0,11.85,B
2021-06-14T14:00:32,13000.0,11.85,B
2021-06-14T13:59:35,200.0,11.85,B
2021-06-14T13:59:30,5000.0,11.85,B
2021-06-14T13:59:21,8000.0,11.8,S
2021-06-14T13:59:21,8400.0,11.8,S
2021-06-14T13:59:20,8800.0,11.8,S
2021-06-14T13:59:14,100.0,11.85,B
2021-06-14T13:58:57,100.0,11.85,B
2021-06-14T13:58:03,300.0,11.85,B
2021-06-14T13:56:49,1000.0,11.85,B
2021-06-14T13:56:19,100.0,11.85,B
2021-06-14T13:56:06,100.0,11.85,B
2021-06-14T13:55:39,600.0,11.85,B
2021-06-14T13:54:31,400.0,11.85,S
2021-06-14T13:54:27,100.0,11.85,S
2021-06-14T13:54:04,100.0,11.85,S
2021-06-14T13:53:56,1000.0,11.85,S
2021-06-14T13:53:53,300.0,11.85,S
2021-06-14T13:53:48,2000.0,11.85,S
2021-06-14T13:53:05,2000.0,11.85,S
2021-06-14T13:52:41,100.0,11.85,S
2021-06-14T13:52:31,10000.0,11.85,S
2021-06-14T13:52:05,100.0,11.85,S
2021-06-14T13:51:31,500.0,11.85,S
2021-06-14T13:50:59,200.0,11.85,S
2021-06-14T13:50:49,9000.0,11.85,S
2021-06-14T13:49:19,500.0,11.85,B
2021-06-14T13:49:19,100.0,11.85,B
2021-06-14T13:49:11,2000.0,11.85,B
2021-06-14T13:48:41,1100.0,11.85,B
2021-06-14T13:48:41,5000.0,11.85,B
2021-06-14T13:48:41,3900.0,11.85,B
2021-06-14T13:48:29,300.0,11.85,B
2021-06-14T13:47:45,1000.0,11.85,B
2021-06-14T13:47:42,1000.0,11.85,B
2021-06-14T13:47:30,300.0,11.85,B
2021-06-14T13:47:00,100.0,11.85,B
2021-06-14T13:46:53,2000.0,11.85,B
2021-06-14T13:46:44,1000.0,11.85,B
2021-06-14T13:46:26,100.0,11.85,B
2021-06-14T13:46:22,1000.0,11.85,B
2021-06-14T13:46:12,1500.0,11.8,S
2021-06-14T13:46:12,10600.0,11.8,S
2021-06-14T13:46:11,17900.0,11.8,S
2021-06-14T13:46:06,1000.0,11.85,B
2021-06-14T13:45:45,200.0,11.85,B
2021-06-14T13:45:20,2000.0,11.85,B
2021-06-14T13:45:20,4000.0,11.85,B
2021-06-14T13:45:02,1000.0,11.85,B
2021-06-14T13:44:58,3000.0,11.85,B
2021-06-14T13:44:38,200.0,11.85,B
2021-06-14T13:43:48,2500.0,11.85,B
2021-06-14T13:43:48,7500.0,11.85,B
2021-06-14T13:43:31,100.0,11.85,B
2021-06-14T13:43:28,5000.0,11.85,B
2021-06-14T13:43:27,100.0,11.85,B
2021-06-14T13:43:19,1000.0,11.85,B
2021-06-14T13:43:11,5000.0,11.85,B
2021-06-14T13:43:06,200.0,11.85,B
2021-06-14T13:42:54,10000.0,11.85,B
2021-06-14T13:42:50,3000.0,11.8,S
2021-06-14T13:42:45,1000.0,11.85,B
2021-06-14T13:42:42,100.0,11.85,B
2021-06-14T13:42:34,100.0,11.85,B
2021-06-14T13:42:26,500.0,11.85,B
2021-06-14T13:42:18,1200.0,11.85,B
2021-06-14T13:42:09,5000.0,11.85,B
2021-06-14T13:42:07,100.0,11.85,B
2021-06-14T13:41:58,4000.0,11.85,B
2021-06-14T13:41:14,100.0,11.85,B
2021-06-14T13:41:02,800.0,11.85,B
2021-06-14T13:40:49,2500.0,11.8,S
2021-06-14T13:40:38,100.0,11.85,B
2021-06-14T13:40:33,800.0,11.85,B
2021-06-14T13:40:22,300.0,11.85,B
2021-06-14T13:39:57,3000.0,11.85,B
2021-06-14T13:39:48,5300.0,11.85,B
2021-06-14T13:39:20,200.0,11.85,B
2021-06-14T13:38:53,100.0,11.85,B
2021-06-14T13:38:47,100.0,11.85,B
2021-06-14T13:38:47,100.0,11.85,B
2021-06-14T13:38:45,1000.0,11.85,S
2021-06-14T13:38:45,500.0,11.85,S
2021-06-14T13:38:45,700.0,11.85,S
2021-06-14T13:38:44,800.0,11.85,S
2021-06-14T13:38:44,12500.0,11.85,S
2021-06-14T13:38:32,100.0,11.9,B
2021-06-14T13:37:54,1000.0,11.9,B
2021-06-14T13:37:37,1000.0,11.9,B
2021-06-14T13:37:30,13600.0,11.85,S
2021-06-14T13:37:30,1000.0,11.85,S
2021-06-14T13:37:30,5000.0,11.85,S
2021-06-14T13:37:30,400.0,11.85,S
2021-06-14T13:37:20,1000.0,11.85,S
2021-06-14T13:37:09,8000.0,11.9,B
2021-06-14T13:36:42,1000.0,11.9,B
2021-06-14T13:36:24,2000.0,11.9,B
2021-06-14T13:36:23,500.0,11.9,B
2021-06-14T13:36:07,1000.0,11.9,B
2021-06-14T13:35:54,4600.0,11.85,S
2021-06-14T13:35:54,1400.0,11.85,S
2021-06-14T13:35:48,10000.0,11.9,B
2021-06-14T13:35:38,1000.0,11.9,B
2021-06-14T13:35:19,300.0,11.85,S
2021-06-14T13:35:17,1000.0,11.9,B
2021-06-14T13:35:12,2000.0,11.9,B
2021-06-14T13:35:07,200.0,11.85,S
2021-06-14T13:35:05,500.0,11.9,B
2021-06-14T13:34:59,3500.0,11.9,B
2021-06-14T13:34:50,500.0,11.9,B
2021-06-14T13:34:18,500.0,11.9,B
2021-06-14T13:34:13,5000.0,11.9,B
2021-06-14T13:34:05,5600.0,11.9,B
2021-06-14T13:32:59,1000.0,11.9,B
2021-06-14T13:32:02,200.0,11.9,B
2021-06-14T13:31:22,1000.0,11.9,B
2021-06-14T13:31:18,10000.0,11.9,B
2021-06-14T13:30:43,100.0,11.9,B
2021-06-14T13:30:29,1000.0,11.9,B
2021-06-14T13:30:06,100.0,11.9,B
2021-06-14T13:28:10,300.0,11.9,B
2021-06-14T13:27:58,100.0,11.9,B
2021-06-14T13:27:44,2000.0,11.9,B
2021-06-14T13:26:16,500.0,11.9,B
2021-06-14T13:25:05,300.0,11.9,B
2021-06-14T13:25:05,3400.0,11.9,B
2021-06-14T13:24:40,1000.0,11.9,B
2021-06-14T13:24:39,700.0,11.9,B
2021-06-14T13:24:01,9000.0,11.9,B
2021-06-14T13:23:49,300.0,11.9,B
2021-06-14T13:23:48,300.0,11.9,B
2021-06-14T13:23:43,300.0,11.9,B
2021-06-14T13:23:33,300.0,11.9,B
2021-06-14T13:23:27,15000.0,11.9,B
2021-06-14T13:23:01,5000.0,11.9,B
2021-06-14T13:22:46,100.0,11.9,B
2021-06-14T13:22:03,300.0,11.9,B
2021-06-14T13:22:03,200.0,11.9,B
2021-06-14T13:21:53,800.0,11.9,B
2021-06-14T13:21:00,1000.0,11.9,S
2021-06-14T13:20:59,2200.0,11.85,S
2021-06-14T13:20:59,100.0,11.85,S
2021-06-14T13:20:59,200.0,11.85,S
2021-06-14T13:20:59,1600.0,11.85,S
2021-06-14T13:20:59,6000.0,11.85,S
2021-06-14T13:20:59,4000.0,11.85,S
2021-06-14T13:20:59,15000.0,11.85,S
2021-06-14T13:20:59,4700.0,11.85,S
2021-06-14T13:20:59,3800.0,11.85,S
2021-06-14T13:20:59,3100.0,11.85,S
2021-06-14T13:20:59,9300.0,11.85,S
2021-06-14T13:20:07,200.0,11.9,S
2021-06-14T13:19:52,3000.0,11.85,S
2021-06-14T13:18:48,5600.0,11.9,S
2021-06-14T13:18:48,2100.0,11.9,S
2021-06-14T13:18:48,22100.0,11.9,S
2021-06-14T13:18:46,1600.0,11.9,S
2021-06-14T13:18:46,300.0,11.9,S
2021-06-14T13:18:46,5000.0,11.9,S
2021-06-14T13:18:46,3100.0,11.9,S
2021-06-14T13:16:19,1000.0,11.9,S
2021-06-14T13:16:01,5000.0,11.95,B
2021-06-14T13:14:36,2000.0,11.9,S
2021-06-14T13:13:27,1000.0,11.95,B
2021-06-14T13:13:19,300.0,11.95,B
2021-06-14T13:12:53,100.0,11.95,B
2021-06-14T13:12:49,300.0,11.95,B
2021-06-14T13:12:41,200.0,11.95,B
2021-06-14T13:10:34,300.0,11.95,B
2021-06-14T13:10:17,30000.0,11.9,S
2021-06-14T13:10:00,20300.0,11.9,S
2021-06-14T13:10:00,300.0,11.9,S
2021-06-14T13:10:00,9200.0,11.9,S
2021-06-14T13:10:00,100.0,11.9,S
2021-06-14T13:09:59,100.0,11.9,S
2021-06-14T13:09:52,1400.0,11.95,B
2021-06-14T13:09:18,200.0,11.95,B
2021-06-14T13:08:54,500.0,11.95,B
2021-06-14T13:08:51,200.0,11.9,S
2021-06-14T13:06:24,2000.0,11.9,S
2021-06-14T13:05:03,1000.0,11.9,S
2021-06-14T13:04:47,1000.0,11.95,B
2021-06-14T13:01:35,4900.0,11.95,B
2021-06-14T13:01:34,600.0,11.95,B
2021-06-14T13:00:37,200.0,11.95,B
2021-06-14T13:00:34,100.0,11.95,B
2021-06-14T13:00:34,100.0,11.95,B
2021-06-14T13:00:34,800.0,11.95,B
2021-06-14T13:00:33,200.0,11.95,B
2021-06-14T13:00:27,10000.0,11.9,S
2021-06-14T13:00:27,300.0,11.9,S
2021-06-14T13:00:23,400.0,11.95,B
2021-06-14T11:29:00,100.0,11.95,B
2021-06-14T11:28:28,5000.0,11.9,S
2021-06-14T11:27:55,400.0,11.95,B
2021-06-14T11:27:19,2000.0,11.95,B
2021-06-14T11:26:27,100.0,11.95,B
2021-06-14T11:26:04,15000.0,11.9,S
2021-06-14T11:23:10,1000.0,11.9,B
2021-06-14T11:23:09,8900.0,11.9,B
2021-06-14T11:22:44,100.0,11.9,S
2021-06-14T11:22:36,1000.0,11.9,S
2021-06-14T11:22:23,3000.0,11.95,B
2021-06-14T11:21:27,100.0,11.9,S
2021-06-14T11:19:54,1000.0,11.95,B
2021-06-14T11:19:00,3000.0,11.95,B
2021-06-14T11:19:00,2000.0,11.9,S
2021-06-14T11:18:40,500.0,11.9,S
2021-06-14T11:18:40,500.0,11.9,S
2021-06-14T11:17:57,500.0,11.9,S
2021-06-14T11:17:57,500.0,11.9,S
2021-06-14T11:17:06,500.0,11.95,B
2021-06-14T11:16:42,2500.0,11.9,S
2021-06-14T11:15:39,1000.0,11.9,B
2021-06-14T11:15:18,100.0,11.9,B
2021-06-14T11:15:17,600.0,11.9,B
2021-06-14T11:14:50,100.0,11.9,S
2021-06-14T11:14:00,400.0,11.85,S
2021-06-14T11:14:00,3900.0,11.85,S
2021-06-14T11:14:00,6000.0,11.85,S
2021-06-14T11:14:00,4900.0,11.85,S
2021-06-14T11:14:00,5500.0,11.9,S
2021-06-14T11:14:00,1500.0,11.9,S
2021-06-14T11:14:00,2600.0,11.9,S
2021-06-14T11:14:00,1200.0,11.9,S
2021-06-14T11:13:59,24000.0,11.9,S
2021-06-14T11:13:22,100.0,11.95,B
2021-06-14T11:13:09,20000.0,11.9,S
2021-06-14T11:11:53,1000.0,11.9,S
2021-06-14T11:11:03,5000.0,11.95,B
2021-06-14T11:11:00,1000.0,11.95,B
2021-06-14T11:10:50,5000.0,11.95,B
2021-06-14T11:10:17,200.0,11.95,B
2021-06-14T11:09:11,300.0,11.95,B
2021-06-14T11:08:54,4700.0,11.95,B
2021-06-14T11:08:46,100.0,11.95,B
2021-06-14T11:08:42,100.0,12.0,B
2021-06-14T11:08:42,200.0,11.95,B
2021-06-14T11:08:41,400.0,11.95,B
2021-06-14T11:08:30,1000.0,11.95,B
2021-06-14T11:07:36,1000.0,11.95,B
2021-06-14T11:07:23,1000.0,11.95,B
2021-06-14T11:07:15,4000.0,11.95,S
2021-06-14T11:07:03,5000.0,11.95,S
2021-06-14T11:06:59,300.0,11.95,S
2021-06-14T11:06:46,600.0,11.95,S
2021-06-14T11:06:34,10000.0,11.95,S
2021-06-14T11:06:14,200.0,11.95,S
2021-06-14T11:06:04,100.0,11.95,S
2021-06-14T11:04:55,2800.0,11.95,B
2021-06-14T11:04:34,10600.0,11.95,B
2021-06-14T11:04:01,10000.0,11.95,B
2021-06-14T11:03:59,3500.0,11.95,B
2021-06-14T11:03:59,2000.0,11.95,B
2021-06-14T11:03:59,30200.0,11.95,B
2021-06-14T11:03:51,100.0,11.95,B
2021-06-14T11:03:47,500.0,11.95,B
2021-06-14T11:03:27,3000.0,11.95,B
2021-06-14T11:03:22,8000.0,11.95,B
2021-06-14T11:03:09,100.0,11.95,B
2021-06-14T11:01:38,100.0,11.95,B
2021-06-14T11:01:29,5000.0,11.9,S
2021-06-14T11:01:10,1200.0,11.95,B
2021-06-14T11:00:47,300.0,11.95,B
2021-06-14T11:00:36,100.0,11.95,B
2021-06-14T11:00:31,3000.0,11.9,S
2021-06-14T11:00:05,4000.0,11.9,S
2021-06-14T11:00:00,9700.0,11.9,S
2021-06-14T10:59:56,1300.0,11.95,B
2021-06-14T10:59:36,7400.0,11.95,B
2021-06-14T10:59:36,200.0,11.95,B
2021-06-14T10:59:36,6100.0,11.95,B
2021-06-14T10:59:36,1800.0,11.95,B
2021-06-14T10:59:36,1000.0,11.95,B
2021-06-14T10:59:36,1000.0,11.95,B
2021-06-14T10:59:36,200.0,11.95,B
2021-06-14T10:59:36,23300.0,11.95,B
2021-06-14T10:59:36,3100.0,11.95,B
2021-06-14T10:59:36,3500.0,11.95,B
2021-06-14T10:59:36,2400.0,11.95,B
2021-06-14T10:59:26,15200.0,11.9,S
2021-06-14T10:59:01,100.0,11.9,S
2021-06-14T10:58:54,10000.0,11.95,B
2021-06-14T10:57:47,100.0,11.9,S
2021-06-14T10:57:46,7000.0,11.95,B
2021-06-14T10:57:45,7000.0,11.95,B
2021-06-14T10:57:31,10000.0,11.95,B
2021-06-14T10:57:12,5000.0,11.9,S
2021-06-14T10:56:43,5000.0,11.9,S
2021-06-14T10:56:12,5000.0,11.9,S
2021-06-14T10:56:06,100.0,11.9,S
2021-06-14T10:54:27,400.0,11.9,S
2021-06-14T10:53:49,1000.0,11.9,S
2021-06-14T10:53:15,5000.0,11.9,S
2021-06-14T10:53:02,800.0,11.9,S
2021-06-14T10:51:52,2700.0,11.9,S
2021-06-14T10:51:01,9000.0,11.9,S
2021-06-14T10:50:46,8000.0,11.95,B
2021-06-14T10:49:47,5900.0,11.9,S
2021-06-14T10:49:00,600.0,11.9,B
2021-06-14T10:48:31,3000.0,11.9,B
2021-06-14T10:48:31,1000.0,11.9,B
2021-06-14T10:48:31,23100.0,11.9,B
2021-06-14T10:48:08,900.0,11.85,S
2021-06-14T10:48:00,100.0,11.9,B
2021-06-14T10:47:21,200.0,11.9,S
2021-06-14T10:46:30,100.0,11.9,S
2021-06-14T10:46:08,600.0,11.9,S
2021-06-14T10:45:47,200.0,11.9,S
2021-06-14T10:45:36,3900.0,11.9,S
2021-06-14T10:45:35,15000.0,11.9,S
2021-06-14T10:45:02,200.0,11.95,B
2021-06-14T10:44:49,4100.0,11.95,B
2021-06-14T10:44:49,2000.0,11.95,B
2021-06-14T10:44:36,200.0,11.95,B
2021-06-14T10:43:55,700.0,11.95,B
2021-06-14T10:43:48,2500.0,11.95,B
2021-06-14T10:43:13,1000.0,11.95,B
2021-06-14T10:42:07,400.0,11.9,S
2021-06-14T10:41:50,600.0,11.9,S
2021-06-14T10:41:50,1000.0,11.9,S
2021-06-14T10:41:50,200.0,11.9,S
2021-06-14T10:41:50,800.0,11.9,S
2021-06-14T10:41:50,300.0,11.9,S
2021-06-14T10:41:11,700.0,11.9,S
2021-06-14T10:41:04,5600.0,11.9,S
2021-06-14T10:41:04,8400.0,11.9,S
2021-06-14T10:41:04,11000.0,11.9,S
2021-06-14T10:41:04,25000.0,11.9,S
2021-06-14T10:41:00,200.0,11.95,B
2021-06-14T10:40:35,2000.0,11.95,B
2021-06-14T10:39:38,2500.0,11.95,B
2021-06-14T10:38:41,1300.0,11.95,B
2021-06-14T10:38:34,800.0,11.9,S
2021-06-14T10:36:34,2000.0,11.95,B
2021-06-14T10:36:30,100.0,11.95,B
2021-06-14T10:36:28,500.0,11.95,B
2021-06-14T10:36:00,1000.0,11.95,B
2021-06-14T10:35:47,2000.0,11.95,B
2021-06-14T10:34:56,3000.0,11.95,B
2021-06-14T10:34:55,300.0,11.95,B
2021-06-14T10:34:53,200.0,11.9,S
2021-06-14T10:34:00,500.0,11.95,B
2021-06-14T10:33:53,1000.0,11.95,B
2021-06-14T10:33:03,2000.0,11.95,B
2021-06-14T10:32:44,100.0,11.95,B
2021-06-14T10:32:14,1000.0,11.9,S
2021-06-14T10:32:07,2500.0,11.9,S
2021-06-14T10:31:15,100.0,11.9,S
2021-06-14T10:30:50,1200.0,11.9,S
2021-06-14T10:30:37,100.0,11.9,S
2021-06-14T10:30:37,300.0,11.95,B
2021-06-14T10:30:25,100.0,11.9,S
2021-06-14T10:30:24,700.0,11.95,B
2021-06-14T10:30:06,3000.0,11.95,B
2021-06-14T10:29:53,500.0,11.9,S
2021-06-14T10:29:37,2100.0,11.95,B
2021-06-14T10:29:37,900.0,11.95,B
2021-06-14T10:29:37,600.0,11.95,B
2021-06-14T10:29:36,11400.0,11.95,B
2021-06-14T10:29:17,700.0,11.95,B
2021-06-14T10:28:32,10000.0,11.95,B
2021-06-14T10:28:17,900.0,11.95,B
2021-06-14T10:28:03,4300.0,11.95,B
2021-06-14T10:27:28,2000.0,11.95,B
2021-06-14T10:25:49,400.0,11.95,B
2021-06-14T10:25:09,600.0,11.95,B
2021-06-14T10:24:55,10000.0,11.95,B
2021-06-14T10:24:42,8500.0,11.95,B
2021-06-14T10:24:05,200.0,11.95,B
2021-06-14T10:23:59,200.0,11.95,B
2021-06-14T10:23:53,300.0,11.9,S
2021-06-14T10:22:51,100.0,11.95,B
2021-06-14T10:22:40,1400.0,11.95,B
2021-06-14T10:22:07,100.0,11.95,B
2021-06-14T10:21:43,700.0,11.9,B
2021-06-14T10:21:41,2300.0,11.9,B
2021-06-14T10:21:41,1100.0,11.9,B
2021-06-14T10:21:40,1000.0,11.9,B
2021-06-14T10:21:40,8100.0,11.9,B
2021-06-14T10:21:40,5000.0,11.9,B
2021-06-14T10:21:40,4700.0,11.9,B
2021-06-14T10:21:40,1800.0,11.9,B
2021-06-14T10:21:40,3500.0,11.9,B
2021-06-14T10:21:40,32500.0,11.9,B
2021-06-14T10:21:40,11000.0,11.9,B
2021-06-14T10:21:40,13800.0,11.9,B
2021-06-14T10:21:38,8000.0,11.9,B
2021-06-14T10:21:03,1000.0,11.9,B
2021-06-14T10:20:50,1700.0,11.85,S
2021-06-14T10:20:29,400.0,11.9,B
2021-06-14T10:19:42,900.0,11.9,B
2021-06-14T10:16:25,1000.0,11.85,S
2021-06-14T10:15:42,2000.0,11.9,B
2021-06-14T10:15:29,54400.0,11.8,S
2021-06-14T10:15:29,100.0,11.8,S
2021-06-14T10:15:29,3800.0,11.8,S
2021-06-14T10:15:29,5800.0,11.8,S
2021-06-14T10:15:29,28700.0,11.8,S
2021-06-14T10:15:29,10000.0,11.8,S
2021-06-14T10:15:29,1000.0,11.8,S
2021-06-14T10:15:29,2900.0,11.8,S
2021-06-14T10:15:29,2600.0,11.8,S
2021-06-14T10:15:29,1100.0,11.8,S
2021-06-14T10:15:29,2400.0,11.8,S
2021-06-14T10:15:29,11800.0,11.8,S
2021-06-14T10:15:28,100.0,11.85,S
2021-06-14T10:15:22,2500.0,11.85,S
2021-06-14T10:15:16,300.0,11.85,S
2021-06-14T10:14:20,400.0,11.85,B
2021-06-14T10:13:51,500.0,11.85,B
2021-06-14T10:13:39,1500.0,11.85,B
2021-06-14T10:13:31,30000.0,11.85,B
2021-06-14T10:13:12,2000.0,11.85,B
2021-06-14T10:12:43,500.0,11.85,B
2021-06-14T10:12:02,100.0,11.85,B
2021-06-14T10:10:44,200.0,11.85,B
2021-06-14T10:10:17,100.0,11.85,B
2021-06-14T10:10:05,100.0,11.85,B
2021-06-14T10:09:48,1000.0,11.8,S
2021-06-14T10:08:35,4700.0,11.85,B
2021-06-14T10:08:35,2500.0,11.85,B
2021-06-14T10:08:35,2800.0,11.85,B
2021-06-14T10:06:41,2400.0,11.85,B
2021-06-14T10:06:41,2600.0,11.85,B
2021-06-14T10:06:40,200.0,11.85,B
2021-06-14T10:06:38,1000.0,11.85,B
2021-06-14T10:06:18,100.0,11.85,B
2021-06-14T10:06:08,2000.0,11.85,B
2021-06-14T10:04:44,5800.0,11.8,S
2021-06-14T10:04:44,2400.0,11.8,S
2021-06-14T10:04:44,500.0,11.8,S
2021-06-14T10:04:44,1200.0,11.8,S
2021-06-14T10:04:44,100.0,11.8,S
2021-06-14T10:04:33,1000.0,11.85,B
2021-06-14T10:04:14,1000.0,11.85,B
2021-06-14T10:04:08,2000.0,11.85,B
2021-06-14T10:04:04,1000.0,11.85,B
2021-06-14T10:03:54,100.0,11.85,B
2021-06-14T10:03:23,900.0,11.85,B
2021-06-14T10:03:23,2100.0,11.85,B
2021-06-14T10:02:28,100.0,11.85,B
2021-06-14T10:02:28,900.0,11.85,B
2021-06-14T10:01:33,800.0,11.85,S
2021-06-14T10:00:39,200.0,11.85,S
2021-06-14T09:59:39,500.0,11.85,S
2021-06-14T09:59:28,300.0,11.85,S
2021-06-14T09:59:28,4200.0,11.85,S
2021-06-14T09:59:28,8100.0,11.85,S
2021-06-14T09:59:24,11300.0,11.85,S
2021-06-14T09:59:23,500.0,11.85,S
2021-06-14T09:59:22,300.0,11.85,S
2021-06-14T09:59:08,500.0,11.85,S
2021-06-14T09:58:38,10000.0,11.85,S
2021-06-14T09:58:06,1000.0,11.85,S
2021-06-14T09:57:41,100.0,11.9,B
2021-06-14T09:55:58,500.0,11.85,S
2021-06-14T09:55:51,400.0,11.85,S
2021-06-14T09:55:46,2000.0,11.9,B
2021-06-14T09:55:25,500.0,11.85,S
2021-06-14T09:54:39,400.0,11.85,S
2021-06-14T09:54:34,10600.0,11.9,B
2021-06-14T09:54:27,10000.0,11.85,S
2021-06-14T09:54:07,700.0,11.85,S
2021-06-14T09:53:50,700.0,11.85,S
2021-06-14T09:53:43,500.0,11.9,B
2021-06-14T09:53:41,2000.0,11.85,S
2021-06-14T09:53:03,100.0,11.9,B
2021-06-14T09:52:58,1000.0,11.9,B
2021-06-14T09:52:54,100.0,11.85,S
2021-06-14T09:52:51,300.0,11.9,B
2021-06-14T09:52:37,100.0,11.9,B
2021-06-14T09:51:58,2000.0,11.9,B
2021-06-14T09:51:16,200.0,11.85,B
2021-06-14T09:51:13,2000.0,11.85,B
2021-06-14T09:50:19,10000.0,11.85,B
2021-06-14T09:49:32,100.0,11.85,B
2021-06-14T09:49:13,800.0,11.85,B
2021-06-14T09:48:20,1000.0,11.85,B
2021-06-14T09:47:36,500.0,11.85,B
2021-06-14T09:47:05,1900.0,11.85,B
2021-06-14T09:46:47,2000.0,11.85,B
2021-06-14T09:46:38,6600.0,11.85,B
2021-06-14T09:46:38,1300.0,11.85,B
2021-06-14T09:46:36,300.0,11.85,B
2021-06-14T09:46:36,700.0,11.85,B
2021-06-14T09:46:35,5000.0,11.85,B
2021-06-14T09:45:02,5000.0,11.85,S
2021-06-14T09:45:02,100.0,11.85,S
2021-06-14T09:44:09,1000.0,11.85,S
2021-06-14T09:43:54,3000.0,11.85,S
2021-06-14T09:43:51,3000.0,11.85,S
2021-06-14T09:43:51,11200.0,11.85,S
2021-06-14T09:43:45,2000.0,11.85,S
2021-06-14T09:43:34,1300.0,11.85,S
2021-06-14T09:42:54,2600.0,11.85,S
2021-06-14T09:42:46,200.0,11.85,S
2021-06-14T09:42:15,50000.0,11.85,S
2021-06-14T09:42:13,9800.0,11.85,S
2021-06-14T09:41:58,100.0,11.85,S
2021-06-14T09:41:48,100.0,11.85,S
2021-06-14T09:41:32,2000.0,11.85,S
2021-06-14T09:41:24,2300.0,11.85,S
2021-06-14T09:41:24,7500.0,11.85,S
2021-06-14T09:41:24,300.0,11.85,S
2021-06-14T09:41:24,1700.0,11.85,S
2021-06-14T09:41:01,100.0,11.85,S
2021-06-14T09:40:31,200.0,11.85,S
2021-06-14T09:40:31,1000.0,11.85,S
2021-06-14T09:40:31,1900.0,11.85,S
2021-06-14T09:40:31,1100.0,11.85,S
2021-06-14T09:40:31,1100.0,11.85,S
2021-06-14T09:40:31,1700.0,11.85,S
2021-06-14T09:40:31,3000.0,11.85,S
2021-06-14T09:40:05,500.0,11.9,B
2021-06-14T09:40:00,400.0,11.85,S
2021-06-14T09:40:00,2200.0,11.85,S
2021-06-14T09:40:00,6600.0,11.85,S
2021-06-14T09:39:59,12000.0,11.85,S
2021-06-14T09:39:59,1100.0,11.85,S
2021-06-14T09:39:59,12700.0,11.85,S
2021-06-14T09:39:47,100.0,11.9,B
2021-06-14T09:39:32,200.0,11.9,B
2021-06-14T09:39:08,100.0,11.9,B
2021-06-14T09:39:07,1600.0,11.9,B
2021-06-14T09:38:18,900.0,11.9,S
2021-06-14T09:38:18,19100.0,11.9,S
2021-06-14T09:37:34,500.0,11.9,S
2021-06-14T09:37:08,1000.0,11.9,S
2021-06-14T09:37:08,100.0,11.9,S
2021-06-14T09:36:42,100.0,11.9,S
2021-06-14T09:36:41,100.0,11.9,S
2021-06-14T09:36:12,100.0,11.9,S
2021-06-14T09:35:36,100.0,11.9,S
2021-06-14T09:35:21,800.0,11.9,S
2021-06-14T09:35:11,1000.0,11.9,S
2021-06-14T09:34:52,3500.0,11.9,S
2021-06-14T09:34:49,100.0,11.9,S
2021-06-14T09:34:49,10100.0,11.9,S
2021-06-14T09:34:36,900.0,11.9,S
2021-06-14T09:34:24,700.0,11.9,S
2021-06-14T09:34:23,1000.0,11.9,S
2021-06-14T09:34:17,500.0,11.9,S
2021-06-14T09:34:10,28000.0,11.9,S
2021-06-14T09:33:43,500.0,11.95,B
2021-06-14T09:33:18,1000.0,11.9,S
2021-06-14T09:33:13,2000.0,11.95,B
2021-06-14T09:32:59,10000.0,11.9,S
2021-06-14T09:32:23,1000.0,11.9,S
2021-06-14T09:32:17,300.0,11.95,B
2021-06-14T09:32:15,43800.0,11.9,S
2021-06-14T09:32:15,6200.0,11.9,S
2021-06-14T09:32:12,5000.0,11.95,B
2021-06-14T09:32:11,300.0,11.9,S
2021-06-14T09:32:06,100.0,11.9,S
2021-06-14T09:31:26,1900.0,11.9,S
2021-06-14T09:31:26,1000.0,11.9,S
2021-06-14T09:31:26,1100.0,11.9,S
2021-06-14T09:30:50,500.0,11.9,S
2021-06-14T09:30:36,100.0,11.9,S
2021-06-14T09:30:36,2900.0,11.9,S
2021-06-14T09:30:31,500.0,11.9,B
2021-06-14T09:30:01,1200.0,11.9,B
2021-06-14T09:28:59,100.0,11.9,B
2021-06-14T09:28:39,1000.0,11.9,B
2021-06-14T09:28:08,5800.0,11.9,B
2021-06-14T09:28:03,10000.0,11.9,B
2021-06-14T09:27:54,200.0,11.9,B
2021-06-14T09:26:52,2000.0,11.95,B
2021-06-14T09:26:36,3200.0,11.9,B
2021-06-14T09:26:11,400.0,11.9,B
2021-06-14T09:26:11,24400.0,11.9,B
2021-06-14T09:25:55,200.0,11.9,B
2021-06-14T09:25:12,1000.0,11.9,B
2021-06-14T09:24:58,1000.0,11.9,B
2021-06-14T09:24:38,1000.0,11.9,B
2021-06-14T09:24:34,700.0,11.9,B
2021-06-14T09:24:18,1000.0,11.9,B
2021-06-14T09:24:18,22500.0,11.9,B
2021-06-14T09:23:46,2500.0,11.85,S
2021-06-14T09:23:46,4000.0,11.85,S
2021-06-14T09:23:46,3500.0,11.9,B
2021-06-14T09:23:34,2300.0,11.9,B
2021-06-14T09:23:34,14200.0,11.9,B
2021-06-14T09:23:27,2000.0,11.9,B
2021-06-14T09:23:12,3000.0,11.9,B
2021-06-14T09:22:48,100.0,11.85,S
2021-06-14T09:22:21,100.0,11.9,B
2021-06-14T09:22:17,3000.0,11.9,B
2021-06-14T09:22:06,300.0,11.9,B
2021-06-14T09:22:04,600.0,11.9,B
2021-06-14T09:22:03,200.0,11.9,B
2021-06-14T09:21:56,1500.0,11.9,B
2021-06-14T09:21:53,6000.0,11.9,B
2021-06-14T09:21:42,100.0,11.9,B
2021-06-14T09:21:30,200.0,11.9,B
2021-06-14T09:21:18,100.0,11.9,B
2021-06-14T09:21:16,100.0,11.85,S
2021-06-14T09:21:09,7200.0,11.85,S
2021-06-14T09:21:09,200.0,11.85,S
2021-06-14T09:21:09,7600.0,11.85,S
2021-06-14T09:20:55,7100.0,11.85,S
2021-06-14T09:20:44,5000.0,11.85,S
2021-06-14T09:20:38,200.0,11.85,S
2021-06-14T09:20:38,7100.0,11.85,S
2021-06-14T09:20:05,300.0,11.85,S
2021-06-14T09:20:00,300.0,11.9,B
2021-06-14T09:19:28,2000.0,11.9,B
2021-06-14T09:19:16,400.0,11.85,S
2021-06-14T09:19:08,12000.0,11.85,S
2021-06-14T09:18:29,300.0,11.9,B
2021-06-14T09:18:01,2000.0,11.85,S
2021-06-14T09:17:58,2000.0,11.9,B
2021-06-14T09:17:55,1000.0,11.9,B
2021-06-14T09:17:52,200.0,11.9,B
2021-06-14T09:17:47,1000.0,11.9,B
2021-06-14T09:17:43,1000.0,11.9,B
2021-06-14T09:17:35,100.0,11.9,B
2021-06-14T09:17:28,100.0,11.9,B
2021-06-14T09:17:26,100.0,11.9,B
2021-06-14T09:17:19,100.0,11.9,B
2021-06-14T09:17:17,3200.0,11.9,B
2021-06-14T09:17:17,8400.0,11.9,B
2021-06-14T09:17:17,8900.0,11.9,B
2021-06-14T09:17:09,1100.0,11.9,S
2021-06-14T09:17:07,200.0,11.95,B
2021-06-14T09:17:05,5000.0,11.9,S
2021-06-14T09:16:55,2000.0,11.95,B
2021-06-14T09:16:43,6900.0,11.9,S
2021-06-14T09:16:43,21500.0,11.9,S
2021-06-14T09:16:43,1600.0,11.9,S
2021-06-14T09:16:37,200.0,11.9,S
2021-06-14T09:16:31,500.0,11.95,B
2021-06-14T09:16:13,200.0,12.0,B
