tradingTime,volume,price,side
2021-06-14T14:27:14,200.0,29.8,B
2021-06-14T14:27:04,2400.0,29.75,B
2021-06-14T14:26:41,300.0,29.75,B
2021-06-14T14:26:15,300.0,29.7,S
2021-06-14T14:26:12,300.0,29.65,S
2021-06-14T14:26:11,1500.0,29.65,S
2021-06-14T14:26:05,2000.0,29.7,S
2021-06-14T14:26:03,500.0,29.7,S
2021-06-14T14:26:01,2500.0,29.7,S
2021-06-14T14:25:55,500.0,29.75,B
2021-06-14T14:25:46,100.0,29.7,S
2021-06-14T14:25:46,3200.0,29.75,B
2021-06-14T14:25:46,1800.0,29.75,B
2021-06-14T14:25:46,3000.0,29.75,B
2021-06-14T14:25:42,2700.0,29.7,S
2021-06-14T14:25:40,300.0,29.7,S
2021-06-14T14:25:37,1000.0,29.75,B
2021-06-14T14:25:30,1000.0,29.75,B
2021-06-14T14:25:29,2000.0,29.7,S
2021-06-14T14:25:24,500.0,29.75,B
2021-06-14T14:25:20,5000.0,29.7,S
2021-06-14T14:25:17,500.0,29.7,S
2021-06-14T14:25:14,500.0,29.7,S
2021-06-14T14:25:00,1000.0,29.7,S
2021-06-14T14:24:59,6400.0,29.75,B
2021-06-14T14:24:56,1000.0,29.7,S
2021-06-14T14:24:43,300.0,29.75,B
2021-06-14T14:24:43,1100.0,29.7,S
2021-06-14T14:24:42,300.0,29.7,S
2021-06-14T14:24:40,100.0,29.7,S
2021-06-14T14:24:39,5000.0,29.7,S
2021-06-14T14:24:32,400.0,29.7,S
2021-06-14T14:24:26,1800.0,29.7,B
2021-06-14T14:24:22,500.0,29.7,B
2021-06-14T14:24:12,200.0,29.7,B
2021-06-14T14:24:11,16000.0,29.7,B
2021-06-14T14:24:06,500.0,29.7,B
2021-06-14T14:24:00,300.0,29.7,B
2021-06-14T14:23:47,4000.0,29.7,B
2021-06-14T14:23:37,5000.0,29.7,B
2021-06-14T14:23:34,700.0,29.65,S
2021-06-14T14:23:23,1000.0,29.7,B
2021-06-14T14:23:22,800.0,29.7,B
2021-06-14T14:22:59,100.0,29.65,S
2021-06-14T14:22:37,300.0,29.65,S
2021-06-14T14:22:32,1000.0,29.65,B
2021-06-14T14:22:26,1500.0,29.65,B
2021-06-14T14:22:22,2000.0,29.65,B
2021-06-14T14:22:19,300.0,29.7,B
2021-06-14T14:22:12,2000.0,29.65,B
2021-06-14T14:22:01,100.0,29.65,B
2021-06-14T14:21:57,14000.0,29.7,B
2021-06-14T14:21:57,200.0,29.65,B
2021-06-14T14:21:55,100.0,29.65,B
2021-06-14T14:21:55,4000.0,29.65,B
2021-06-14T14:21:52,1200.0,29.6,S
2021-06-14T14:21:52,1500.0,29.65,B
2021-06-14T14:21:45,1000.0,29.65,B
2021-06-14T14:21:34,2000.0,29.65,B
2021-06-14T14:21:29,1000.0,29.65,B
2021-06-14T14:21:28,100.0,29.65,B
2021-06-14T14:21:18,1000.0,29.6,S
2021-06-14T14:21:15,500.0,29.65,B
2021-06-14T14:21:13,200.0,29.65,B
2021-06-14T14:21:07,100.0,29.65,B
2021-06-14T14:21:03,3000.0,29.6,S
2021-06-14T14:21:00,3000.0,29.6,S
2021-06-14T14:20:51,500.0,29.6,S
2021-06-14T14:20:49,1000.0,29.65,B
2021-06-14T14:20:41,300.0,29.65,B
2021-06-14T14:20:41,100.0,29.65,B
2021-06-14T14:20:40,100.0,29.65,B
2021-06-14T14:20:36,1000.0,29.65,B
2021-06-14T14:20:30,100.0,29.65,B
2021-06-14T14:20:23,2900.0,29.65,B
2021-06-14T14:20:22,2000.0,29.6,S
2021-06-14T14:20:21,3200.0,29.6,S
2021-06-14T14:20:10,3000.0,29.65,B
2021-06-14T14:20:04,2000.0,29.65,B
2021-06-14T14:19:59,500.0,29.65,B
2021-06-14T14:19:59,5000.0,29.65,B
2021-06-14T14:19:54,500.0,29.6,S
2021-06-14T14:19:51,500.0,29.65,B
2021-06-14T14:19:51,5000.0,29.65,B
2021-06-14T14:19:43,100.0,29.6,S
2021-06-14T14:19:40,3300.0,29.65,B
2021-06-14T14:19:40,100.0,29.65,B
2021-06-14T14:19:20,200.0,29.65,B
2021-06-14T14:19:19,200.0,29.6,S
2021-06-14T14:19:13,100.0,29.65,B
2021-06-14T14:19:11,3000.0,29.65,B
2021-06-14T14:18:57,500.0,29.65,B
2021-06-14T14:18:49,1000.0,29.65,B
2021-06-14T14:18:49,200.0,29.65,B
2021-06-14T14:18:44,1200.0,29.6,S
2021-06-14T14:18:36,2000.0,29.6,S
2021-06-14T14:18:36,3000.0,29.6,S
2021-06-14T14:18:33,100.0,29.65,B
2021-06-14T14:18:30,3000.0,29.6,S
2021-06-14T14:18:27,100.0,29.6,S
2021-06-14T14:18:27,500.0,29.6,S
2021-06-14T14:18:27,100.0,29.65,B
2021-06-14T14:18:27,400.0,29.65,B
2021-06-14T14:18:27,200.0,29.65,B
2021-06-14T14:18:23,2000.0,29.6,S
2021-06-14T14:18:22,1000.0,29.65,B
2021-06-14T14:17:56,1000.0,29.6,S
2021-06-14T14:17:53,7000.0,29.6,S
2021-06-14T14:17:53,7000.0,29.6,S
2021-06-14T14:17:35,100.0,29.65,B
2021-06-14T14:17:26,800.0,29.6,S
2021-06-14T14:17:24,100.0,29.65,B
2021-06-14T14:17:04,1000.0,29.65,S
2021-06-14T14:16:58,4500.0,29.6,S
2021-06-14T14:16:56,1000.0,29.6,S
2021-06-14T14:16:56,200.0,29.65,S
2021-06-14T14:16:52,1000.0,29.6,S
2021-06-14T14:16:51,1000.0,29.6,S
2021-06-14T14:16:43,200.0,29.65,S
2021-06-14T14:16:42,1000.0,29.6,S
2021-06-14T14:16:38,500.0,29.65,S
2021-06-14T14:16:27,200.0,29.6,S
2021-06-14T14:16:27,100.0,29.6,S
2021-06-14T14:16:21,100.0,29.65,S
2021-06-14T14:16:15,2800.0,29.6,S
2021-06-14T14:16:01,200.0,29.6,S
2021-06-14T14:15:58,1000.0,29.65,S
2021-06-14T14:15:54,1000.0,29.65,S
2021-06-14T14:15:50,100.0,29.65,S
2021-06-14T14:15:49,5000.0,29.6,S
2021-06-14T14:15:49,200.0,29.65,S
2021-06-14T14:15:49,500.0,29.6,S
2021-06-14T14:15:40,2000.0,29.6,S
2021-06-14T14:15:39,1000.0,29.65,S
2021-06-14T14:15:35,5000.0,29.65,S
2021-06-14T14:15:31,2000.0,29.6,S
2021-06-14T14:15:21,100.0,29.6,S
2021-06-14T14:15:20,5000.0,29.65,S
2021-06-14T14:15:16,200.0,29.65,S
2021-06-14T14:15:12,400.0,29.6,S
2021-06-14T14:14:46,100.0,29.65,S
2021-06-14T14:14:46,100.0,29.6,S
2021-06-14T14:14:42,900.0,29.6,S
2021-06-14T14:14:36,2000.0,29.65,S
2021-06-14T14:14:31,600.0,29.65,S
2021-06-14T14:14:30,500.0,29.65,S
2021-06-14T14:14:23,14100.0,29.6,S
2021-06-14T14:13:53,2000.0,29.6,S
2021-06-14T14:13:43,200.0,29.65,S
2021-06-14T14:13:23,200.0,29.7,B
2021-06-14T14:13:21,1000.0,29.7,B
2021-06-14T14:13:21,3000.0,29.7,B
2021-06-14T14:13:14,100.0,29.65,S
2021-06-14T14:13:03,2000.0,29.7,B
2021-06-14T14:13:01,100.0,29.7,B
2021-06-14T14:12:52,1000.0,29.7,B
2021-06-14T14:12:51,200.0,29.6,S
2021-06-14T14:12:51,1900.0,29.6,S
2021-06-14T14:12:51,700.0,29.6,S
2021-06-14T14:12:51,2200.0,29.6,S
2021-06-14T14:12:45,300.0,29.6,S
2021-06-14T14:12:45,2600.0,29.6,S
2021-06-14T14:12:45,8400.0,29.6,S
2021-06-14T14:12:45,1900.0,29.65,S
2021-06-14T14:12:45,36800.0,29.65,S
2021-06-14T14:12:31,1000.0,29.65,S
2021-06-14T14:12:30,100.0,29.65,S
2021-06-14T14:12:19,1000.0,29.7,B
2021-06-14T14:12:12,1000.0,29.7,B
2021-06-14T14:12:08,300.0,29.65,S
2021-06-14T14:12:06,3000.0,29.7,B
2021-06-14T14:11:56,1000.0,29.7,B
2021-06-14T14:11:50,100.0,29.7,B
2021-06-14T14:11:46,900.0,29.7,B
2021-06-14T14:11:46,100.0,29.7,B
2021-06-14T14:11:45,500.0,29.7,B
2021-06-14T14:11:45,6000.0,29.7,B
2021-06-14T14:11:45,1300.0,29.7,B
2021-06-14T14:11:45,2200.0,29.7,B
2021-06-14T14:11:45,8900.0,29.7,B
2021-06-14T14:11:41,1000.0,29.7,S
2021-06-14T14:11:39,200.0,29.7,S
2021-06-14T14:11:36,500.0,29.7,S
2021-06-14T14:11:29,5000.0,29.7,S
2021-06-14T14:11:18,300.0,29.7,S
2021-06-14T14:11:16,100.0,29.7,S
2021-06-14T14:11:12,1000.0,29.75,S
2021-06-14T14:10:44,500.0,29.7,S
2021-06-14T14:10:43,1900.0,29.7,S
2021-06-14T14:10:41,100.0,29.75,S
2021-06-14T14:10:32,300.0,29.7,S
2021-06-14T14:10:32,100.0,29.7,S
2021-06-14T14:10:32,600.0,29.7,S
2021-06-14T14:10:32,5900.0,29.7,S
2021-06-14T14:10:32,100.0,29.7,S
2021-06-14T14:10:32,2100.0,29.7,S
2021-06-14T14:10:32,200.0,29.7,S
2021-06-14T14:10:32,700.0,29.7,S
2021-06-14T14:10:31,3700.0,29.7,S
2021-06-14T14:10:31,500.0,29.7,S
2021-06-14T14:10:22,200.0,29.7,S
2021-06-14T14:10:22,3200.0,29.7,S
2021-06-14T14:10:22,200.0,29.7,S
2021-06-14T14:10:21,2900.0,29.7,S
2021-06-14T14:09:57,300.0,29.75,S
2021-06-14T14:09:53,300.0,29.7,S
2021-06-14T14:09:53,700.0,29.7,S
2021-06-14T14:09:04,2000.0,29.7,S
2021-06-14T14:09:00,2000.0,29.7,S
2021-06-14T14:08:58,1000.0,29.75,S
2021-06-14T14:08:52,1000.0,29.75,S
2021-06-14T14:08:43,1000.0,29.75,S
2021-06-14T14:08:21,400.0,29.75,S
2021-06-14T14:08:21,100.0,29.75,S
2021-06-14T14:08:20,200.0,29.75,S
2021-06-14T14:08:20,1000.0,29.7,S
2021-06-14T14:08:18,100.0,29.75,S
2021-06-14T14:07:59,3200.0,29.8,B
2021-06-14T14:07:58,500.0,29.75,S
2021-06-14T14:07:52,100.0,29.7,S
2021-06-14T14:07:45,400.0,29.8,B
2021-06-14T14:07:36,1500.0,29.75,S
2021-06-14T14:07:36,500.0,29.75,S
2021-06-14T14:07:36,1200.0,29.75,S
2021-06-14T14:07:36,400.0,29.75,S
2021-06-14T14:07:36,500.0,29.75,S
2021-06-14T14:07:36,1100.0,29.75,S
2021-06-14T14:07:35,2100.0,29.75,S
2021-06-14T14:07:35,1500.0,29.75,S
2021-06-14T14:07:35,9200.0,29.75,S
2021-06-14T14:07:17,500.0,29.8,B
2021-06-14T14:07:16,1000.0,29.8,S
2021-06-14T14:07:14,1000.0,29.8,S
2021-06-14T14:07:08,500.0,29.75,S
2021-06-14T14:06:57,5700.0,29.75,S
2021-06-14T14:06:44,200.0,29.8,S
2021-06-14T14:06:43,1400.0,29.8,S
2021-06-14T14:06:36,1000.0,29.8,S
2021-06-14T14:06:32,900.0,29.8,S
2021-06-14T14:06:32,1600.0,29.8,S
2021-06-14T14:06:32,3000.0,29.85,B
2021-06-14T14:06:32,500.0,29.85,B
2021-06-14T14:06:31,1500.0,29.85,B
2021-06-14T14:06:25,3000.0,29.8,S
2021-06-14T14:06:13,200.0,29.85,B
2021-06-14T14:06:04,2500.0,29.8,S
2021-06-14T14:06:04,800.0,29.8,S
2021-06-14T14:05:58,400.0,29.8,S
2021-06-14T14:05:58,600.0,29.8,S
2021-06-14T14:05:58,2500.0,29.8,S
2021-06-14T14:05:58,2100.0,29.8,S
2021-06-14T14:05:58,100.0,29.8,S
2021-06-14T14:05:58,4300.0,29.8,S
2021-06-14T14:05:42,1800.0,29.8,S
2021-06-14T14:05:42,100.0,29.8,S
2021-06-14T14:05:42,400.0,29.8,S
2021-06-14T14:05:42,100.0,29.8,S
2021-06-14T14:05:42,2600.0,29.8,S
2021-06-14T14:05:18,2600.0,29.8,S
2021-06-14T14:05:14,300.0,29.85,B
2021-06-14T14:05:10,100.0,29.85,B
2021-06-14T14:05:01,1000.0,29.8,S
2021-06-14T14:04:42,200.0,29.85,S
2021-06-14T14:04:39,4000.0,29.85,S
2021-06-14T14:04:34,200.0,29.85,S
2021-06-14T14:04:34,200.0,29.85,S
2021-06-14T14:04:32,200.0,29.85,S
2021-06-14T14:04:26,100.0,29.85,S
2021-06-14T14:04:03,1000.0,29.85,S
2021-06-14T14:03:49,2400.0,29.9,B
2021-06-14T14:03:49,2600.0,29.9,B
2021-06-14T14:03:43,1100.0,29.85,S
2021-06-14T14:03:43,1900.0,29.85,S
2021-06-14T14:03:37,2200.0,29.9,B
2021-06-14T14:03:37,800.0,29.9,B
2021-06-14T14:03:36,2000.0,29.9,B
2021-06-14T14:03:35,1000.0,29.9,B
2021-06-14T14:03:17,100.0,29.9,B
2021-06-14T14:03:13,200.0,29.85,S
2021-06-14T14:03:09,100.0,29.9,B
2021-06-14T14:03:06,100.0,29.85,S
2021-06-14T14:03:00,5000.0,29.9,B
2021-06-14T14:02:59,100.0,29.85,S
2021-06-14T14:02:21,700.0,29.85,S
2021-06-14T14:02:12,5000.0,29.85,S
2021-06-14T14:02:03,500.0,29.85,S
2021-06-14T14:01:47,500.0,29.85,S
2021-06-14T14:01:45,100.0,29.85,S
2021-06-14T14:01:21,200.0,29.85,B
2021-06-14T14:01:15,100.0,29.85,B
2021-06-14T14:01:01,100.0,29.85,B
2021-06-14T14:01:00,300.0,29.85,B
2021-06-14T14:00:54,1000.0,29.8,S
2021-06-14T14:00:51,100.0,29.8,S
2021-06-14T14:00:49,5800.0,29.8,S
2021-06-14T14:00:45,500.0,29.8,S
2021-06-14T14:00:38,200.0,29.8,S
2021-06-14T14:00:35,100.0,29.85,B
2021-06-14T14:00:32,1200.0,29.8,S
2021-06-14T14:00:32,9600.0,29.8,S
2021-06-14T14:00:29,200.0,29.85,B
2021-06-14T14:00:16,5000.0,29.8,S
2021-06-14T14:00:16,5000.0,29.8,S
2021-06-14T14:00:14,5000.0,29.8,S
2021-06-14T13:59:56,1500.0,29.8,S
2021-06-14T13:59:47,800.0,29.8,S
2021-06-14T13:59:39,2000.0,29.8,S
2021-06-14T13:59:35,100.0,29.85,S
2021-06-14T13:59:27,5000.0,29.9,B
2021-06-14T13:59:27,600.0,29.8,S
2021-06-14T13:59:27,1100.0,29.8,S
2021-06-14T13:59:26,300.0,29.8,S
2021-06-14T13:59:15,2000.0,29.8,S
2021-06-14T13:59:00,200.0,29.9,B
2021-06-14T13:58:52,1500.0,29.8,S
2021-06-14T13:58:46,3200.0,29.8,S
2021-06-14T13:58:46,3600.0,29.8,S
2021-06-14T13:58:46,3200.0,29.8,S
2021-06-14T13:58:42,800.0,29.85,S
2021-06-14T13:58:42,100.0,29.85,S
2021-06-14T13:58:35,100.0,29.85,S
2021-06-14T13:58:31,600.0,29.8,S
2021-06-14T13:58:31,500.0,29.85,S
2021-06-14T13:58:31,200.0,29.85,S
2021-06-14T13:58:30,1000.0,29.85,S
2021-06-14T13:58:30,1700.0,29.85,S
2021-06-14T13:58:27,10000.0,29.9,B
2021-06-14T13:58:27,15000.0,29.9,B
2021-06-14T13:57:59,500.0,29.85,S
2021-06-14T13:57:34,1100.0,29.85,S
2021-06-14T13:57:28,1700.0,29.85,S
2021-06-14T13:57:28,1100.0,29.85,S
2021-06-14T13:57:28,300.0,29.85,S
2021-06-14T13:57:28,1000.0,29.85,S
2021-06-14T13:57:28,900.0,29.85,S
2021-06-14T13:57:17,300.0,29.85,S
2021-06-14T13:57:17,1100.0,29.85,S
2021-06-14T13:57:15,500.0,29.9,S
2021-06-14T13:57:05,1000.0,29.85,S
2021-06-14T13:57:02,200.0,29.9,S
2021-06-14T13:57:02,300.0,29.9,S
2021-06-14T13:56:53,2000.0,29.85,S
2021-06-14T13:56:49,1300.0,29.85,S
2021-06-14T13:56:49,8700.0,29.85,S
2021-06-14T13:56:35,100.0,29.9,S
2021-06-14T13:56:03,1500.0,29.85,S
2021-06-14T13:55:59,300.0,29.9,S
2021-06-14T13:55:59,200.0,29.9,S
2021-06-14T13:55:58,300.0,29.9,S
2021-06-14T13:55:58,1500.0,29.9,S
2021-06-14T13:55:58,1300.0,29.9,S
2021-06-14T13:55:58,100.0,29.9,S
2021-06-14T13:55:58,5900.0,29.9,S
2021-06-14T13:55:57,500.0,29.9,S
2021-06-14T13:55:55,100.0,29.9,S
2021-06-14T13:55:47,5000.0,29.9,S
2021-06-14T13:55:45,300.0,29.9,S
2021-06-14T13:55:42,1800.0,29.9,S
2021-06-14T13:55:31,1000.0,29.9,S
2021-06-14T13:55:28,1500.0,29.9,S
2021-06-14T13:55:26,600.0,29.9,S
2021-06-14T13:55:21,4600.0,29.9,S
2021-06-14T13:55:21,3000.0,29.9,S
2021-06-14T13:55:21,6500.0,29.9,S
2021-06-14T13:55:21,400.0,29.9,S
2021-06-14T13:55:21,500.0,29.9,S
2021-06-14T13:54:57,200.0,29.9,S
2021-06-14T13:54:57,200.0,29.9,S
2021-06-14T13:54:57,100.0,29.9,S
2021-06-14T13:54:53,700.0,29.9,S
2021-06-14T13:54:53,200.0,29.9,S
2021-06-14T13:54:53,300.0,29.9,S
2021-06-14T13:54:53,2000.0,29.9,S
2021-06-14T13:54:53,1600.0,29.9,S
2021-06-14T13:54:53,200.0,29.9,S
2021-06-14T13:54:40,200.0,29.9,S
2021-06-14T13:54:37,600.0,29.9,S
2021-06-14T13:54:37,400.0,29.9,S
2021-06-14T13:54:20,300.0,29.9,S
2021-06-14T13:54:17,1000.0,29.9,S
2021-06-14T13:54:15,100.0,29.9,S
2021-06-14T13:54:08,3600.0,29.9,S
2021-06-14T13:53:57,800.0,29.9,S
2021-06-14T13:53:57,2000.0,29.9,S
2021-06-14T13:53:57,200.0,29.9,S
2021-06-14T13:53:46,1600.0,29.9,S
2021-06-14T13:53:26,1000.0,29.9,S
2021-06-14T13:53:18,100.0,29.9,S
2021-06-14T13:53:05,3000.0,29.9,S
2021-06-14T13:52:54,100.0,29.95,S
2021-06-14T13:52:49,3000.0,29.9,S
2021-06-14T13:52:41,100.0,29.95,S
2021-06-14T13:52:32,100.0,29.95,S
2021-06-14T13:52:28,100.0,29.95,S
2021-06-14T13:52:26,3000.0,29.95,S
2021-06-14T13:52:20,15000.0,29.95,S
2021-06-14T13:52:19,300.0,29.95,S
2021-06-14T13:51:44,100.0,29.9,S
2021-06-14T13:51:44,200.0,29.9,S
2021-06-14T13:51:44,1600.0,29.9,S
2021-06-14T13:51:39,5000.0,30.0,B
2021-06-14T13:51:20,7500.0,29.95,S
2021-06-14T13:51:07,1000.0,29.95,S
2021-06-14T13:50:43,3000.0,30.0,B
2021-06-14T13:50:43,1000.0,29.95,S
2021-06-14T13:50:33,1600.0,29.95,B
2021-06-14T13:50:33,1400.0,29.95,B
2021-06-14T13:49:56,900.0,29.95,B
2021-06-14T13:49:55,800.0,30.0,B
2021-06-14T13:49:38,3000.0,29.95,B
2021-06-14T13:49:37,1000.0,30.0,B
2021-06-14T13:49:34,1000.0,30.0,B
2021-06-14T13:49:25,400.0,30.0,B
2021-06-14T13:49:22,1000.0,30.0,B
2021-06-14T13:49:15,1000.0,30.0,B
2021-06-14T13:49:12,2200.0,29.95,B
2021-06-14T13:49:10,1000.0,30.0,B
2021-06-14T13:49:05,1000.0,30.0,B
2021-06-14T13:49:01,1000.0,30.0,B
2021-06-14T13:49:00,1500.0,29.95,B
2021-06-14T13:48:56,1000.0,30.0,B
2021-06-14T13:48:56,100.0,30.0,B
2021-06-14T13:48:55,1000.0,29.95,B
2021-06-14T13:48:51,100.0,29.95,B
2021-06-14T13:48:51,1000.0,30.0,B
2021-06-14T13:48:44,100.0,30.0,B
2021-06-14T13:48:42,1000.0,30.0,B
2021-06-14T13:48:40,700.0,30.0,B
2021-06-14T13:48:28,100.0,29.9,S
2021-06-14T13:47:53,1000.0,30.0,B
2021-06-14T13:47:42,1000.0,29.95,B
2021-06-14T13:47:40,1000.0,29.95,B
2021-06-14T13:47:26,4900.0,29.9,S
2021-06-14T13:47:03,1000.0,30.0,B
2021-06-14T13:47:00,2000.0,29.9,S
2021-06-14T13:46:59,200.0,29.95,S
2021-06-14T13:46:51,200.0,29.9,S
2021-06-14T13:46:39,100.0,29.95,S
2021-06-14T13:46:33,200.0,29.95,S
2021-06-14T13:46:31,1100.0,29.95,S
2021-06-14T13:46:27,2000.0,29.95,S
2021-06-14T13:46:18,1500.0,29.95,S
2021-06-14T13:46:17,100.0,29.95,S
2021-06-14T13:46:15,300.0,29.95,S
2021-06-14T13:46:07,500.0,29.95,S
2021-06-14T13:46:05,1000.0,30.0,B
2021-06-14T13:45:54,1000.0,29.95,S
2021-06-14T13:45:49,4000.0,29.95,S
2021-06-14T13:45:49,1000.0,29.95,S
2021-06-14T13:45:45,1000.0,30.0,B
2021-06-14T13:45:39,200.0,29.95,S
2021-06-14T13:45:36,1500.0,29.95,S
2021-06-14T13:45:30,1000.0,30.0,B
2021-06-14T13:45:29,200.0,30.0,B
2021-06-14T13:45:28,1500.0,29.95,S
2021-06-14T13:45:27,600.0,29.95,S
2021-06-14T13:45:24,200.0,29.95,S
2021-06-14T13:45:20,1000.0,30.0,B
2021-06-14T13:45:15,1000.0,30.0,B
2021-06-14T13:45:11,7000.0,29.95,S
2021-06-14T13:45:08,100.0,29.95,S
2021-06-14T13:45:05,3500.0,29.95,S
2021-06-14T13:44:42,400.0,29.95,S
2021-06-14T13:44:36,1100.0,29.95,S
2021-06-14T13:44:18,1000.0,29.95,S
2021-06-14T13:44:05,200.0,29.95,S
2021-06-14T13:43:59,100.0,29.95,S
2021-06-14T13:43:56,500.0,29.95,S
2021-06-14T13:43:56,3500.0,30.0,B
2021-06-14T13:43:52,200.0,29.95,S
2021-06-14T13:43:51,1000.0,30.0,B
2021-06-14T13:43:34,3500.0,30.0,B
2021-06-14T13:43:11,700.0,30.0,B
2021-06-14T13:43:09,2000.0,30.0,B
2021-06-14T13:43:01,100.0,29.95,S
2021-06-14T13:42:52,11000.0,30.0,B
2021-06-14T13:42:51,400.0,29.95,S
2021-06-14T13:42:47,100.0,30.0,S
2021-06-14T13:42:45,1000.0,30.0,S
2021-06-14T13:42:43,1800.0,30.0,S
2021-06-14T13:42:42,200.0,30.0,S
2021-06-14T13:42:34,200.0,30.0,S
2021-06-14T13:42:27,2600.0,30.0,S
2021-06-14T13:42:23,200.0,30.0,S
2021-06-14T13:42:15,3000.0,30.0,S
2021-06-14T13:42:12,300.0,30.0,S
2021-06-14T13:42:11,5000.0,30.0,S
2021-06-14T13:42:05,700.0,30.0,S
2021-06-14T13:41:47,1000.0,30.0,S
2021-06-14T13:41:30,300.0,30.0,S
2021-06-14T13:41:29,1000.0,30.0,S
2021-06-14T13:41:24,2000.0,30.0,S
2021-06-14T13:41:23,800.0,29.95,S
2021-06-14T13:41:19,200.0,30.0,S
2021-06-14T13:40:57,1000.0,30.0,S
2021-06-14T13:40:54,200.0,30.0,S
2021-06-14T13:40:25,200.0,30.0,S
2021-06-14T13:40:24,500.0,30.0,S
2021-06-14T13:40:17,4500.0,30.0,S
2021-06-14T13:40:08,6400.0,30.0,S
2021-06-14T13:40:08,100.0,30.0,S
2021-06-14T13:39:59,400.0,30.0,S
2021-06-14T13:39:59,1000.0,30.0,S
2021-06-14T13:39:49,1000.0,30.0,S
2021-06-14T13:39:45,1000.0,30.0,S
2021-06-14T13:39:39,300.0,30.0,S
2021-06-14T13:39:39,1000.0,30.0,S
2021-06-14T13:39:38,1300.0,30.0,S
2021-06-14T13:39:35,600.0,30.0,S
2021-06-14T13:39:35,1900.0,30.0,S
2021-06-14T13:39:31,500.0,30.0,S
2021-06-14T13:39:28,1000.0,30.0,S
2021-06-14T13:39:25,2300.0,30.0,S
2021-06-14T13:39:25,2500.0,30.0,S
2021-06-14T13:39:25,400.0,30.0,S
2021-06-14T13:39:25,1000.0,30.0,S
2021-06-14T13:39:15,200.0,30.0,S
2021-06-14T13:39:08,2500.0,30.0,S
2021-06-14T13:38:53,100.0,30.0,S
2021-06-14T13:38:50,100.0,30.0,S
2021-06-14T13:38:46,300.0,30.05,S
2021-06-14T13:38:45,100.0,30.0,S
2021-06-14T13:38:42,2000.0,30.0,S
2021-06-14T13:38:42,1300.0,30.0,S
2021-06-14T13:38:42,1700.0,30.0,S
2021-06-14T13:38:36,10000.0,30.05,S
2021-06-14T13:38:34,2000.0,30.0,S
2021-06-14T13:38:33,100.0,30.0,S
2021-06-14T13:38:31,100.0,30.0,S
2021-06-14T13:38:31,500.0,30.0,S
2021-06-14T13:38:29,100.0,30.05,S
2021-06-14T13:38:29,600.0,30.0,S
2021-06-14T13:38:29,200.0,30.0,S
2021-06-14T13:38:29,2200.0,30.0,S
2021-06-14T13:38:28,1100.0,30.0,S
2021-06-14T13:38:28,1900.0,30.0,S
2021-06-14T13:38:23,100.0,30.0,S
2021-06-14T13:38:11,100.0,30.0,S
2021-06-14T13:37:42,10400.0,30.0,S
2021-06-14T13:37:42,1400.0,30.0,S
2021-06-14T13:37:42,1400.0,30.0,S
2021-06-14T13:37:42,1000.0,30.0,S
2021-06-14T13:37:42,3200.0,30.0,S
2021-06-14T13:37:36,300.0,30.05,S
2021-06-14T13:37:34,100.0,30.05,S
2021-06-14T13:37:22,200.0,30.05,S
2021-06-14T13:37:13,1000.0,30.0,S
2021-06-14T13:37:12,1300.0,30.0,S
2021-06-14T13:37:12,1000.0,30.0,S
2021-06-14T13:37:12,1500.0,30.0,S
2021-06-14T13:37:12,900.0,30.0,S
2021-06-14T13:37:12,300.0,30.0,S
2021-06-14T13:37:03,500.0,30.0,S
2021-06-14T13:36:32,100.0,30.05,S
2021-06-14T13:36:18,200.0,30.0,S
2021-06-14T13:36:09,1000.0,30.0,S
2021-06-14T13:36:00,200.0,30.05,S
2021-06-14T13:35:51,100.0,30.0,S
2021-06-14T13:35:36,800.0,30.0,S
2021-06-14T13:35:36,6400.0,30.0,S
2021-06-14T13:35:36,1900.0,30.0,S
2021-06-14T13:35:36,500.0,30.0,S
2021-06-14T13:35:36,1600.0,30.0,S
2021-06-14T13:35:36,2000.0,30.0,S
2021-06-14T13:35:36,1000.0,30.0,S
2021-06-14T13:35:36,2100.0,30.0,S
2021-06-14T13:35:32,500.0,30.0,S
2021-06-14T13:35:22,200.0,30.05,S
2021-06-14T13:35:20,100.0,30.05,S
2021-06-14T13:35:14,100.0,30.05,S
2021-06-14T13:35:11,300.0,30.1,B
2021-06-14T13:35:06,600.0,30.1,B
2021-06-14T13:35:00,1000.0,30.1,B
2021-06-14T13:34:54,1000.0,30.0,S
2021-06-14T13:34:32,400.0,30.05,S
2021-06-14T13:34:31,100.0,30.05,S
2021-06-14T13:34:31,1500.0,30.05,S
2021-06-14T13:34:19,500.0,30.05,S
2021-06-14T13:34:17,100.0,30.1,B
2021-06-14T13:34:10,100.0,30.1,B
2021-06-14T13:34:03,500.0,30.1,B
2021-06-14T13:34:01,20000.0,30.0,S
2021-06-14T13:34:01,2800.0,30.05,S
2021-06-14T13:34:01,7200.0,30.05,S
2021-06-14T13:33:52,2000.0,30.05,S
2021-06-14T13:33:48,500.0,30.1,B
2021-06-14T13:33:45,1500.0,30.1,B
2021-06-14T13:33:40,100.0,30.1,B
2021-06-14T13:33:32,1200.0,30.1,B
2021-06-14T13:33:32,3800.0,30.1,B
2021-06-14T13:33:10,500.0,30.1,B
2021-06-14T13:33:07,300.0,30.1,B
2021-06-14T13:33:04,1000.0,30.05,S
2021-06-14T13:32:47,2700.0,30.05,S
2021-06-14T13:32:41,200.0,30.1,B
2021-06-14T13:31:58,300.0,30.1,B
2021-06-14T13:31:57,100.0,30.05,S
2021-06-14T13:31:43,1000.0,30.05,S
2021-06-14T13:31:33,5000.0,30.1,B
2021-06-14T13:31:30,100.0,30.1,B
2021-06-14T13:31:28,100.0,30.1,B
2021-06-14T13:31:24,300.0,30.05,S
2021-06-14T13:31:20,200.0,30.1,B
2021-06-14T13:30:56,1000.0,30.1,S
2021-06-14T13:30:53,100.0,30.1,S
2021-06-14T13:30:42,2500.0,30.1,S
2021-06-14T13:30:35,3300.0,30.1,S
2021-06-14T13:30:32,100.0,30.1,S
2021-06-14T13:30:22,1200.0,30.1,S
2021-06-14T13:30:22,3200.0,30.1,S
2021-06-14T13:30:22,100.0,30.1,S
2021-06-14T13:30:22,1500.0,30.1,S
2021-06-14T13:30:22,200.0,30.1,S
2021-06-14T13:29:55,400.0,30.05,S
2021-06-14T13:29:55,100.0,30.05,S
2021-06-14T13:29:50,500.0,30.1,S
2021-06-14T13:29:48,2000.0,30.1,S
2021-06-14T13:29:39,500.0,30.1,S
2021-06-14T13:29:26,500.0,30.1,S
2021-06-14T13:29:11,500.0,30.1,S
2021-06-14T13:29:05,900.0,30.1,S
2021-06-14T13:28:59,300.0,30.1,S
2021-06-14T13:28:40,1000.0,30.1,S
2021-06-14T13:28:37,1000.0,30.1,S
2021-06-14T13:28:32,1500.0,30.1,S
2021-06-14T13:28:30,100.0,30.05,S
2021-06-14T13:28:26,300.0,30.05,S
2021-06-14T13:28:16,300.0,30.1,S
2021-06-14T13:28:15,1000.0,30.1,S
2021-06-14T13:28:09,200.0,30.1,S
2021-06-14T13:28:00,300.0,30.05,S
2021-06-14T13:28:00,700.0,30.05,S
2021-06-14T13:27:59,100.0,30.1,S
2021-06-14T13:27:59,200.0,30.1,S
2021-06-14T13:27:59,300.0,30.1,S
2021-06-14T13:27:59,200.0,30.1,S
2021-06-14T13:27:59,800.0,30.1,S
2021-06-14T13:27:59,2100.0,30.1,S
2021-06-14T13:27:59,1000.0,30.1,S
2021-06-14T13:27:59,4800.0,30.1,S
2021-06-14T13:27:52,10000.0,30.1,S
2021-06-14T13:27:26,3000.0,30.1,S
2021-06-14T13:27:17,100.0,30.15,B
2021-06-14T13:27:12,500.0,30.1,S
2021-06-14T13:27:11,1000.0,30.1,S
2021-06-14T13:27:04,10000.0,30.15,B
2021-06-14T13:27:01,1000.0,30.15,B
2021-06-14T13:26:52,200.0,30.15,B
2021-06-14T13:26:30,100.0,30.15,S
2021-06-14T13:26:29,100.0,30.15,S
2021-06-14T13:26:27,2000.0,30.15,S
2021-06-14T13:26:21,2000.0,30.15,S
2021-06-14T13:26:12,600.0,30.15,S
2021-06-14T13:26:10,1100.0,30.15,S
2021-06-14T13:26:10,800.0,30.15,S
2021-06-14T13:25:57,500.0,30.15,S
2021-06-14T13:25:54,400.0,30.15,S
2021-06-14T13:25:46,100.0,30.15,S
2021-06-14T13:25:36,800.0,30.15,S
2021-06-14T13:25:33,100.0,30.15,S
2021-06-14T13:25:24,2500.0,30.15,S
2021-06-14T13:25:11,3000.0,30.15,S
2021-06-14T13:25:08,1000.0,30.15,S
2021-06-14T13:24:54,1500.0,30.15,S
2021-06-14T13:24:54,14800.0,30.15,S
2021-06-14T13:24:54,4100.0,30.15,S
2021-06-14T13:24:54,500.0,30.15,S
2021-06-14T13:24:54,2500.0,30.15,S
2021-06-14T13:24:54,2500.0,30.2,B
2021-06-14T13:24:40,3900.0,30.2,B
2021-06-14T13:24:36,2000.0,30.2,B
2021-06-14T13:24:33,500.0,30.15,S
2021-06-14T13:24:31,5000.0,30.2,B
2021-06-14T13:24:26,3000.0,30.15,S
2021-06-14T13:24:26,2100.0,30.15,S
2021-06-14T13:24:26,15600.0,30.15,S
2021-06-14T13:24:24,2000.0,30.15,S
2021-06-14T13:24:18,1100.0,30.2,B
2021-06-14T13:24:16,100.0,30.2,B
2021-06-14T13:24:13,3000.0,30.2,B
2021-06-14T13:24:12,1000.0,30.2,B
2021-06-14T13:24:05,2000.0,30.2,B
2021-06-14T13:24:00,2000.0,30.15,S
2021-06-14T13:24:00,10000.0,30.2,B
2021-06-14T13:23:49,300.0,30.2,B
2021-06-14T13:23:36,1500.0,30.2,B
2021-06-14T13:23:34,500.0,30.2,B
2021-06-14T13:23:03,2000.0,30.2,B
2021-06-14T13:23:03,900.0,30.2,B
2021-06-14T13:23:03,7100.0,30.2,B
2021-06-14T13:22:57,1000.0,30.2,B
2021-06-14T13:22:56,700.0,30.15,S
2021-06-14T13:22:48,500.0,30.2,B
2021-06-14T13:22:46,1000.0,30.2,B
2021-06-14T13:22:32,1000.0,30.2,B
2021-06-14T13:22:27,500.0,30.2,B
2021-06-14T13:22:11,900.0,30.2,B
2021-06-14T13:21:44,200.0,30.15,S
2021-06-14T13:21:41,1000.0,30.2,B
2021-06-14T13:21:39,500.0,30.15,S
2021-06-14T13:21:26,2000.0,30.15,S
2021-06-14T13:21:26,500.0,30.15,S
2021-06-14T13:21:14,7000.0,30.2,B
2021-06-14T13:21:13,200.0,30.15,S
2021-06-14T13:21:06,700.0,30.2,B
2021-06-14T13:21:00,500.0,30.2,B
2021-06-14T13:20:52,100.0,30.2,B
2021-06-14T13:20:41,10000.0,30.2,B
2021-06-14T13:20:35,8000.0,30.2,B
2021-06-14T13:20:25,100.0,30.2,B
2021-06-14T13:20:20,1000.0,30.15,S
2021-06-14T13:20:16,2000.0,30.15,S
2021-06-14T13:20:07,2100.0,30.2,B
2021-06-14T13:20:07,2900.0,30.2,B
2021-06-14T13:20:03,500.0,30.2,B
2021-06-14T13:20:03,4000.0,30.2,B
2021-06-14T13:20:03,200.0,30.2,B
2021-06-14T13:20:03,300.0,30.2,B
2021-06-14T13:19:53,1000.0,30.2,B
2021-06-14T13:19:50,2000.0,30.2,B
2021-06-14T13:19:48,200.0,30.2,B
2021-06-14T13:19:47,2500.0,30.15,S
2021-06-14T13:19:46,3000.0,30.2,B
2021-06-14T13:19:41,1000.0,30.2,B
2021-06-14T13:19:37,2000.0,30.2,B
2021-06-14T13:19:30,600.0,30.2,B
2021-06-14T13:19:30,600.0,30.2,B
2021-06-14T13:19:30,900.0,30.2,B
2021-06-14T13:19:30,500.0,30.2,B
2021-06-14T13:19:30,400.0,30.2,B
2021-06-14T13:19:26,100.0,30.2,B
2021-06-14T13:19:17,1000.0,30.2,B
2021-06-14T13:19:12,200.0,30.2,B
2021-06-14T13:19:09,3000.0,30.2,B
2021-06-14T13:19:06,500.0,30.2,B
2021-06-14T13:18:59,3000.0,30.2,B
2021-06-14T13:18:55,5000.0,30.2,B
2021-06-14T13:18:52,400.0,30.15,S
2021-06-14T13:18:38,1200.0,30.2,B
2021-06-14T13:18:37,1000.0,30.2,B
2021-06-14T13:18:37,200.0,30.2,B
2021-06-14T13:18:35,100.0,30.2,B
2021-06-14T13:18:35,1000.0,30.2,B
2021-06-14T13:18:21,400.0,30.2,B
2021-06-14T13:18:14,1000.0,30.15,S
2021-06-14T13:18:12,500.0,30.2,B
2021-06-14T13:18:08,1000.0,30.2,B
2021-06-14T13:17:56,100.0,30.2,B
2021-06-14T13:17:55,1500.0,30.2,B
2021-06-14T13:17:55,500.0,30.2,B
2021-06-14T13:17:54,8200.0,30.2,B
2021-06-14T13:17:54,3800.0,30.2,B
2021-06-14T13:17:53,300.0,30.2,B
2021-06-14T13:17:53,1000.0,30.2,B
2021-06-14T13:17:52,500.0,30.15,S
2021-06-14T13:17:48,2000.0,30.2,B
2021-06-14T13:17:39,100.0,30.2,B
2021-06-14T13:17:32,1000.0,30.2,B
2021-06-14T13:17:29,1000.0,30.2,B
2021-06-14T13:17:24,2600.0,30.2,B
2021-06-14T13:17:24,100.0,30.2,B
2021-06-14T13:17:24,1300.0,30.2,B
2021-06-14T13:17:23,400.0,30.15,B
2021-06-14T13:17:02,600.0,30.2,B
2021-06-14T13:16:54,800.0,30.2,B
2021-06-14T13:16:51,5000.0,30.2,B
2021-06-14T13:16:47,2400.0,30.2,B
2021-06-14T13:16:35,2000.0,30.2,B
2021-06-14T13:16:27,100.0,30.2,B
2021-06-14T13:16:03,1200.0,30.2,B
2021-06-14T13:16:01,1000.0,30.2,B
2021-06-14T13:15:54,400.0,30.2,B
2021-06-14T13:15:52,1300.0,30.2,B
2021-06-14T13:15:52,1000.0,30.2,B
2021-06-14T13:15:52,2700.0,30.2,B
2021-06-14T13:15:52,400.0,30.15,B
2021-06-14T13:15:46,100.0,30.15,B
2021-06-14T13:15:34,6800.0,30.2,B
2021-06-14T13:15:24,100.0,30.15,B
2021-06-14T13:15:16,1000.0,30.15,B
2021-06-14T13:15:14,100.0,30.15,B
2021-06-14T13:15:12,500.0,30.15,B
2021-06-14T13:15:12,1300.0,30.2,B
2021-06-14T13:15:12,3300.0,30.2,B
2021-06-14T13:15:12,400.0,30.2,B
2021-06-14T13:15:08,10000.0,30.2,B
2021-06-14T13:15:06,5000.0,30.15,B
2021-06-14T13:15:05,1000.0,30.15,B
2021-06-14T13:15:00,500.0,30.1,S
2021-06-14T13:15:00,5000.0,30.15,B
2021-06-14T13:14:47,1000.0,30.15,B
2021-06-14T13:14:33,200.0,30.15,B
2021-06-14T13:14:25,1000.0,30.1,S
2021-06-14T13:14:21,300.0,30.15,B
2021-06-14T13:14:19,2800.0,30.1,S
2021-06-14T13:14:18,500.0,30.15,B
2021-06-14T13:14:14,9900.0,30.15,B
2021-06-14T13:14:05,27400.0,30.15,B
2021-06-14T13:14:03,300.0,30.15,B
2021-06-14T13:14:01,1000.0,30.15,B
2021-06-14T13:13:56,1000.0,30.15,B
2021-06-14T13:13:56,1900.0,30.15,B
2021-06-14T13:13:55,1000.0,30.15,B
2021-06-14T13:13:50,10000.0,30.15,B
2021-06-14T13:13:41,200.0,30.15,B
2021-06-14T13:13:40,900.0,30.15,B
2021-06-14T13:13:37,3300.0,30.15,B
2021-06-14T13:13:35,100.0,30.15,B
2021-06-14T13:13:29,800.0,30.15,B
2021-06-14T13:13:26,300.0,30.15,B
2021-06-14T13:13:25,700.0,30.15,B
2021-06-14T13:13:24,200.0,30.15,B
2021-06-14T13:13:22,1200.0,30.15,B
2021-06-14T13:13:16,100.0,30.15,B
2021-06-14T13:13:15,200.0,30.15,B
2021-06-14T13:13:09,1000.0,30.15,B
2021-06-14T13:13:08,5000.0,30.15,B
2021-06-14T13:13:07,2000.0,30.15,B
2021-06-14T13:13:05,3000.0,30.15,B
2021-06-14T13:13:03,1200.0,30.15,B
2021-06-14T13:13:01,1000.0,30.15,B
2021-06-14T13:12:55,500.0,30.1,B
2021-06-14T13:12:53,1200.0,30.15,B
2021-06-14T13:12:49,1500.0,30.1,B
2021-06-14T13:12:41,500.0,30.15,B
2021-06-14T13:12:41,700.0,30.15,B
2021-06-14T13:12:33,100.0,30.1,B
2021-06-14T13:12:31,1200.0,30.15,B
2021-06-14T13:12:30,2200.0,30.1,B
2021-06-14T13:12:28,100.0,30.1,B
2021-06-14T13:12:24,5000.0,30.1,B
2021-06-14T13:12:22,100.0,30.1,B
2021-06-14T13:12:22,300.0,30.1,B
2021-06-14T13:12:22,10000.0,30.1,B
2021-06-14T13:12:20,500.0,30.1,B
2021-06-14T13:12:20,700.0,30.1,B
2021-06-14T13:12:16,1000.0,30.1,B
2021-06-14T13:12:16,6000.0,30.1,B
2021-06-14T13:12:11,2000.0,30.1,B
2021-06-14T13:12:09,4000.0,30.1,B
2021-06-14T13:12:09,2000.0,30.1,B
2021-06-14T13:12:03,1500.0,30.1,B
2021-06-14T13:12:03,1200.0,30.1,B
2021-06-14T13:12:00,1000.0,30.1,B
2021-06-14T13:11:59,3900.0,30.1,B
2021-06-14T13:11:57,500.0,30.1,B
2021-06-14T13:11:54,500.0,30.1,B
2021-06-14T13:11:52,1100.0,30.1,B
2021-06-14T13:11:50,1000.0,30.1,B
2021-06-14T13:11:39,500.0,30.1,B
2021-06-14T13:11:38,1100.0,30.1,B
2021-06-14T13:11:37,800.0,30.1,B
2021-06-14T13:11:35,600.0,30.1,B
2021-06-14T13:11:29,1100.0,30.1,B
2021-06-14T13:11:25,800.0,30.05,B
2021-06-14T13:11:25,2700.0,30.05,B
2021-06-14T13:11:22,1100.0,30.05,B
2021-06-14T13:11:20,2000.0,30.05,B
2021-06-14T13:11:12,1100.0,30.05,B
2021-06-14T13:11:10,1000.0,30.05,B
2021-06-14T13:11:08,500.0,30.0,B
2021-06-14T13:11:00,100.0,30.05,B
2021-06-14T13:10:53,1000.0,30.0,B
2021-06-14T13:10:47,400.0,30.0,B
2021-06-14T13:10:47,1000.0,30.05,B
2021-06-14T13:10:43,100.0,30.05,B
2021-06-14T13:10:42,2000.0,30.0,B
2021-06-14T13:10:39,3000.0,30.0,B
2021-06-14T13:10:39,2100.0,30.0,B
2021-06-14T13:10:39,2200.0,30.0,B
2021-06-14T13:10:39,300.0,30.0,B
2021-06-14T13:10:39,1000.0,30.0,B
2021-06-14T13:10:39,2300.0,30.0,B
2021-06-14T13:10:39,300.0,30.0,B
2021-06-14T13:10:39,2800.0,30.0,B
2021-06-14T13:10:39,200.0,30.0,B
2021-06-14T13:10:39,10400.0,30.0,B
2021-06-14T13:10:39,2700.0,30.0,B
2021-06-14T13:10:39,400.0,30.0,B
2021-06-14T13:10:39,300.0,30.0,B
2021-06-14T13:10:39,800.0,30.0,B
2021-06-14T13:10:39,3200.0,30.0,B
2021-06-14T13:10:39,500.0,30.0,B
2021-06-14T13:10:39,700.0,30.0,B
2021-06-14T13:10:39,1100.0,30.0,B
2021-06-14T13:10:38,12000.0,30.0,B
2021-06-14T13:10:38,1000.0,30.0,B
2021-06-14T13:10:38,200.0,30.0,B
2021-06-14T13:10:38,800.0,30.0,B
2021-06-14T13:10:38,800.0,30.0,B
2021-06-14T13:10:38,5200.0,30.0,B
2021-06-14T13:10:38,1200.0,30.0,B
2021-06-14T13:10:37,1200.0,30.0,B
2021-06-14T13:10:37,2400.0,30.0,B
2021-06-14T13:10:34,12700.0,30.0,B
2021-06-14T13:10:31,1000.0,30.0,B
2021-06-14T13:10:30,100.0,30.0,B
2021-06-14T13:10:27,1000.0,30.0,B
2021-06-14T13:10:27,300.0,30.0,B
2021-06-14T13:10:24,3100.0,30.0,B
2021-06-14T13:10:24,31500.0,30.0,B
2021-06-14T13:10:22,200.0,30.0,B
2021-06-14T13:10:22,100.0,30.0,B
2021-06-14T13:10:20,10000.0,30.0,B
2021-06-14T13:10:12,300.0,30.0,B
2021-06-14T13:10:11,3500.0,30.0,B
2021-06-14T13:10:09,2000.0,30.0,B
2021-06-14T13:10:09,1000.0,30.0,B
2021-06-14T13:10:07,1000.0,30.0,B
2021-06-14T13:09:52,500.0,29.95,S
2021-06-14T13:09:48,500.0,30.0,B
2021-06-14T13:09:48,20000.0,30.0,B
2021-06-14T13:09:43,400.0,30.0,B
2021-06-14T13:09:36,1400.0,30.0,B
2021-06-14T13:09:34,10000.0,30.0,B
2021-06-14T13:09:34,2000.0,30.0,B
2021-06-14T13:09:29,800.0,30.0,B
2021-06-14T13:09:28,2000.0,30.0,B
2021-06-14T13:09:27,5000.0,30.0,B
2021-06-14T13:09:24,400.0,30.0,B
2021-06-14T13:09:22,200.0,30.0,B
2021-06-14T13:09:19,1000.0,30.0,B
2021-06-14T13:09:15,400.0,30.0,B
2021-06-14T13:09:14,29100.0,30.0,B
2021-06-14T13:09:14,900.0,30.0,B
2021-06-14T13:09:10,1000.0,30.0,B
2021-06-14T13:09:05,400.0,30.0,B
2021-06-14T13:09:00,5000.0,30.0,B
2021-06-14T13:08:56,400.0,30.0,B
2021-06-14T13:08:53,100.0,30.0,B
2021-06-14T13:08:50,1000.0,29.95,B
2021-06-14T13:08:46,100.0,30.0,B
2021-06-14T13:08:46,400.0,30.0,B
2021-06-14T13:08:41,500.0,30.0,B
2021-06-14T13:08:40,10000.0,30.0,B
2021-06-14T13:08:32,2700.0,30.0,B
2021-06-14T13:08:32,6100.0,30.0,B
2021-06-14T13:08:32,17200.0,30.0,B
2021-06-14T13:08:31,400.0,30.0,B
2021-06-14T13:08:30,800.0,30.0,B
2021-06-14T13:08:28,100.0,30.0,B
2021-06-14T13:08:25,100.0,30.0,B
2021-06-14T13:08:17,400.0,30.0,B
2021-06-14T13:08:04,100.0,30.0,B
2021-06-14T13:08:03,400.0,29.95,B
2021-06-14T13:08:02,100.0,29.9,S
2021-06-14T13:08:02,1600.0,29.95,B
2021-06-14T13:07:57,5000.0,30.0,B
2021-06-14T13:07:55,400.0,30.0,B
2021-06-14T13:07:52,1400.0,29.95,B
2021-06-14T13:07:50,800.0,29.95,B
2021-06-14T13:07:49,1200.0,29.95,B
2021-06-14T13:07:49,200.0,29.95,B
2021-06-14T13:07:46,3500.0,29.95,B
2021-06-14T13:07:46,2500.0,29.95,B
2021-06-14T13:07:45,4000.0,29.95,B
2021-06-14T13:07:33,100.0,29.9,S
2021-06-14T13:07:25,2000.0,29.95,B
2021-06-14T13:07:25,2300.0,29.95,B
2021-06-14T13:07:25,700.0,29.95,B
2021-06-14T13:07:09,200.0,29.95,B
2021-06-14T13:06:57,700.0,29.95,B
2021-06-14T13:06:50,100.0,29.9,S
2021-06-14T13:06:45,200.0,29.95,B
2021-06-14T13:06:30,1600.0,29.95,B
2021-06-14T13:06:12,1000.0,29.9,B
2021-06-14T13:06:05,300.0,29.95,B
2021-06-14T13:05:34,2000.0,29.9,B
2021-06-14T13:05:34,200.0,29.9,B
2021-06-14T13:05:33,5500.0,29.9,B
2021-06-14T13:05:32,1100.0,29.9,B
2021-06-14T13:05:30,1000.0,29.9,B
2021-06-14T13:05:24,4000.0,29.9,B
2021-06-14T13:05:23,1000.0,29.9,B
2021-06-14T13:05:17,1200.0,29.9,B
2021-06-14T13:05:15,500.0,29.9,B
2021-06-14T13:05:14,1000.0,29.9,B
2021-06-14T13:04:58,700.0,29.9,B
2021-06-14T13:04:57,1300.0,29.9,B
2021-06-14T13:04:53,100.0,29.9,B
2021-06-14T13:04:51,1000.0,29.9,B
2021-06-14T13:04:49,200.0,29.9,B
2021-06-14T13:04:25,600.0,29.9,B
2021-06-14T13:04:07,100.0,29.9,B
2021-06-14T13:04:06,1500.0,29.9,B
2021-06-14T13:04:05,400.0,29.9,B
2021-06-14T13:04:05,100.0,29.9,B
2021-06-14T13:04:05,1900.0,29.9,B
2021-06-14T13:03:41,200.0,29.9,B
2021-06-14T13:03:35,2000.0,29.9,B
2021-06-14T13:03:11,900.0,29.9,B
2021-06-14T13:03:06,1000.0,29.9,B
2021-06-14T13:02:55,1000.0,29.9,B
2021-06-14T13:02:42,2000.0,29.9,B
2021-06-14T13:02:36,500.0,29.85,B
2021-06-14T13:02:34,600.0,29.85,B
2021-06-14T13:02:33,300.0,29.85,B
2021-06-14T13:02:30,2000.0,29.9,B
2021-06-14T13:02:22,200.0,29.85,B
2021-06-14T13:02:22,3800.0,29.85,B
2021-06-14T13:02:22,1400.0,29.85,B
2021-06-14T13:02:22,100.0,29.85,B
2021-06-14T13:02:22,600.0,29.85,B
2021-06-14T13:02:22,6500.0,29.85,B
2021-06-14T13:02:17,100.0,29.85,B
2021-06-14T13:02:16,20000.0,29.85,B
2021-06-14T13:02:02,800.0,29.85,B
2021-06-14T13:01:57,1400.0,29.85,B
2021-06-14T13:01:50,200.0,29.85,B
2021-06-14T13:01:46,1000.0,29.8,B
2021-06-14T13:01:42,100.0,29.8,B
2021-06-14T13:01:41,100.0,29.85,B
2021-06-14T13:01:29,2300.0,29.8,B
2021-06-14T13:01:28,9600.0,29.8,B
2021-06-14T13:01:24,1000.0,29.85,B
2021-06-14T13:01:22,500.0,29.8,B
2021-06-14T13:00:44,500.0,29.8,B
2021-06-14T13:00:38,100.0,29.8,B
2021-06-14T13:00:36,100.0,29.8,B
2021-06-14T13:00:35,500.0,29.85,B
2021-06-14T13:00:33,8700.0,29.85,B
2021-06-14T13:00:32,400.0,29.8,B
2021-06-14T13:00:30,300.0,29.8,B
2021-06-14T13:00:30,500.0,29.8,B
2021-06-14T13:00:30,200.0,29.8,B
2021-06-14T13:00:30,300.0,29.8,B
2021-06-14T13:00:29,500.0,29.8,B
2021-06-14T13:00:29,500.0,29.8,B
2021-06-14T13:00:29,1800.0,29.8,B
2021-06-14T13:00:27,1000.0,29.8,B
2021-06-14T13:00:25,500.0,29.8,B
2021-06-14T13:00:24,1000.0,29.8,B
2021-06-14T13:00:23,100.0,29.8,B
2021-06-14T11:30:12,10000.0,29.8,B
2021-06-14T11:30:12,300.0,29.8,B
2021-06-14T11:30:01,7700.0,29.8,S
2021-06-14T11:30:01,1100.0,29.8,S
2021-06-14T11:30:01,800.0,29.8,S
2021-06-14T11:30:01,500.0,29.8,S
2021-06-14T11:30:01,8600.0,29.8,S
2021-06-14T11:30:01,100.0,29.8,S
2021-06-14T11:30:01,21000.0,29.8,S
2021-06-14T11:30:01,500.0,29.8,S
2021-06-14T11:29:37,1000.0,29.85,B
2021-06-14T11:29:23,1000.0,29.85,B
2021-06-14T11:29:21,200.0,29.8,S
2021-06-14T11:28:24,100.0,29.8,S
2021-06-14T11:28:20,1000.0,29.8,S
2021-06-14T11:27:54,100.0,29.8,S
2021-06-14T11:27:09,7800.0,29.8,S
2021-06-14T11:27:07,500.0,29.85,B
2021-06-14T11:27:07,200.0,29.8,S
2021-06-14T11:26:52,300.0,29.85,B
2021-06-14T11:26:44,2000.0,29.8,S
2021-06-14T11:26:36,2000.0,29.8,S
2021-06-14T11:26:28,200.0,29.85,B
2021-06-14T11:26:21,100.0,29.85,B
2021-06-14T11:25:27,200.0,29.85,B
2021-06-14T11:25:19,1400.0,29.8,S
2021-06-14T11:24:54,100.0,29.85,B
2021-06-14T11:24:40,400.0,29.85,B
2021-06-14T11:24:31,5100.0,29.8,B
2021-06-14T11:24:28,3000.0,29.8,B
2021-06-14T11:24:22,8000.0,29.8,B
2021-06-14T11:24:11,600.0,29.8,B
2021-06-14T11:24:09,500.0,29.8,B
2021-06-14T11:24:02,1000.0,29.8,B
2021-06-14T11:23:56,200.0,29.8,B
2021-06-14T11:23:45,100.0,29.8,B
2021-06-14T11:23:39,200.0,29.8,B
2021-06-14T11:23:34,300.0,29.8,B
2021-06-14T11:23:15,100.0,29.8,S
2021-06-14T11:23:12,1700.0,29.8,S
2021-06-14T11:23:05,200.0,29.85,B
2021-06-14T11:22:59,1000.0,29.8,S
2021-06-14T11:22:05,500.0,29.85,B
2021-06-14T11:22:03,1000.0,29.8,S
2021-06-14T11:22:01,3000.0,29.8,S
2021-06-14T11:22:00,100.0,29.85,B
2021-06-14T11:21:36,1000.0,29.85,B
2021-06-14T11:21:22,1000.0,29.85,B
2021-06-14T11:21:18,100.0,29.85,B
2021-06-14T11:20:56,200.0,29.85,B
2021-06-14T11:20:45,400.0,29.8,S
2021-06-14T11:20:34,1000.0,29.8,S
2021-06-14T11:20:33,2000.0,29.8,S
2021-06-14T11:20:27,1500.0,29.8,S
2021-06-14T11:20:25,500.0,29.85,B
2021-06-14T11:20:18,700.0,29.8,S
2021-06-14T11:20:18,300.0,29.8,S
2021-06-14T11:20:18,4000.0,29.8,S
2021-06-14T11:19:43,2000.0,29.85,B
2021-06-14T11:19:19,1300.0,29.8,S
2021-06-14T11:19:19,500.0,29.8,S
2021-06-14T11:19:18,600.0,29.8,S
2021-06-14T11:19:18,500.0,29.8,S
2021-06-14T11:19:18,1900.0,29.8,S
2021-06-14T11:18:58,5000.0,29.8,S
2021-06-14T11:18:46,1000.0,29.8,S
2021-06-14T11:17:53,1000.0,29.8,S
2021-06-14T11:17:52,400.0,29.85,B
2021-06-14T11:17:44,100.0,29.85,B
2021-06-14T11:17:42,3600.0,29.8,S
2021-06-14T11:17:42,1100.0,29.8,S
2021-06-14T11:17:42,600.0,29.8,S
2021-06-14T11:17:42,11200.0,29.8,S
2021-06-14T11:17:42,1000.0,29.8,S
2021-06-14T11:17:42,200.0,29.8,S
2021-06-14T11:17:42,2300.0,29.8,S
2021-06-14T11:17:37,100.0,29.85,B
2021-06-14T11:17:30,1000.0,29.85,B
2021-06-14T11:17:20,100.0,29.85,B
2021-06-14T11:17:20,200.0,29.85,B
2021-06-14T11:17:17,800.0,29.85,B
2021-06-14T11:17:02,1000.0,29.85,B
2021-06-14T11:16:50,500.0,29.8,S
2021-06-14T11:16:47,500.0,29.8,S
2021-06-14T11:16:46,1000.0,29.8,S
2021-06-14T11:16:31,1900.0,29.8,S
2021-06-14T11:16:31,300.0,29.8,S
2021-06-14T11:16:31,2800.0,29.8,S
2021-06-14T11:16:28,2000.0,29.8,S
2021-06-14T11:16:27,4400.0,29.8,S
2021-06-14T11:16:27,600.0,29.8,S
2021-06-14T11:16:22,3000.0,29.85,B
2021-06-14T11:16:21,2000.0,29.85,B
2021-06-14T11:15:45,100.0,29.85,S
2021-06-14T11:15:43,500.0,29.85,S
2021-06-14T11:15:41,100.0,29.85,S
2021-06-14T11:15:41,2400.0,29.85,S
2021-06-14T11:15:41,9100.0,29.85,S
2021-06-14T11:15:41,200.0,29.85,S
2021-06-14T11:15:41,10700.0,29.85,S
2021-06-14T11:15:39,1000.0,29.85,S
2021-06-14T11:15:37,1000.0,29.9,B
2021-06-14T11:15:19,2000.0,29.85,S
2021-06-14T11:15:18,100.0,29.9,B
2021-06-14T11:15:10,5000.0,29.85,S
2021-06-14T11:15:07,100.0,29.9,B
2021-06-14T11:14:50,300.0,29.9,B
2021-06-14T11:14:47,200.0,29.85,S
2021-06-14T11:14:24,13200.0,29.85,S
2021-06-14T11:14:12,500.0,29.85,S
2021-06-14T11:13:21,100.0,29.9,B
2021-06-14T11:13:01,500.0,29.9,B
2021-06-14T11:12:59,2600.0,29.9,B
2021-06-14T11:12:57,3000.0,29.85,S
2021-06-14T11:12:53,2000.0,29.9,B
2021-06-14T11:12:46,5000.0,29.85,S
2021-06-14T11:12:42,200.0,29.9,B
2021-06-14T11:12:42,1800.0,29.9,B
2021-06-14T11:12:09,2800.0,29.9,B
2021-06-14T11:12:02,2000.0,29.9,S
2021-06-14T11:11:57,1000.0,29.9,S
2021-06-14T11:11:57,100.0,29.9,S
2021-06-14T11:11:53,500.0,29.9,S
2021-06-14T11:11:44,1900.0,29.9,S
2021-06-14T11:11:37,500.0,29.9,S
2021-06-14T11:11:29,2000.0,29.9,S
2021-06-14T11:11:22,500.0,29.9,S
2021-06-14T11:11:14,200.0,29.9,S
2021-06-14T11:11:12,2000.0,29.9,S
2021-06-14T11:11:08,10200.0,29.9,S
2021-06-14T11:10:33,400.0,29.9,B
2021-06-14T11:10:28,2500.0,29.9,B
2021-06-14T11:09:58,100.0,29.9,B
2021-06-14T11:09:52,200.0,29.9,B
2021-06-14T11:09:49,200.0,29.9,B
2021-06-14T11:09:39,3100.0,29.85,S
2021-06-14T11:09:37,700.0,29.9,B
2021-06-14T11:09:19,200.0,29.9,B
2021-06-14T11:09:17,500.0,29.85,S
2021-06-14T11:08:52,200.0,29.85,B
2021-06-14T11:08:41,500.0,29.85,B
2021-06-14T11:08:41,3000.0,29.85,B
2021-06-14T11:08:21,100.0,29.85,B
2021-06-14T11:08:17,1000.0,29.85,B
2021-06-14T11:08:17,200.0,29.85,B
2021-06-14T11:08:13,100.0,29.85,B
2021-06-14T11:08:06,2000.0,29.85,B
2021-06-14T11:07:48,2000.0,29.85,B
2021-06-14T11:07:41,300.0,29.85,B
2021-06-14T11:07:41,700.0,29.85,B
2021-06-14T11:07:32,5500.0,29.85,B
2021-06-14T11:07:25,1000.0,29.85,B
2021-06-14T11:07:24,100.0,29.85,B
2021-06-14T11:07:22,1000.0,29.85,B
2021-06-14T11:07:15,500.0,29.85,B
2021-06-14T11:07:14,500.0,29.85,B
2021-06-14T11:07:11,1000.0,29.85,B
2021-06-14T11:07:04,1000.0,29.85,B
2021-06-14T11:06:54,1000.0,29.8,S
2021-06-14T11:06:49,300.0,29.9,B
2021-06-14T11:06:42,1000.0,29.95,B
2021-06-14T11:06:35,300.0,29.85,B
2021-06-14T11:06:29,1100.0,29.85,S
2021-06-14T11:06:29,6400.0,29.85,S
2021-06-14T11:06:29,500.0,29.85,S
2021-06-14T11:06:29,1000.0,29.85,S
2021-06-14T11:06:29,2100.0,29.85,S
2021-06-14T11:06:29,2500.0,29.85,S
2021-06-14T11:06:20,3400.0,29.9,B
2021-06-14T11:06:16,1000.0,29.9,B
2021-06-14T11:06:12,100.0,29.9,B
2021-06-14T11:06:09,1000.0,29.9,B
2021-06-14T11:06:08,1300.0,29.85,S
2021-06-14T11:06:08,200.0,29.85,S
2021-06-14T11:06:08,3500.0,29.85,S
2021-06-14T11:06:07,5500.0,29.9,B
2021-06-14T11:06:07,200.0,29.9,B
2021-06-14T11:06:02,11300.0,29.9,B
2021-06-14T11:05:57,200.0,29.9,B
2021-06-14T11:05:46,500.0,29.9,B
2021-06-14T11:05:40,500.0,29.9,B
2021-06-14T11:05:35,500.0,29.9,B
2021-06-14T11:05:30,2000.0,29.9,B
2021-06-14T11:05:26,3000.0,29.9,B
2021-06-14T11:05:24,100.0,29.9,B
2021-06-14T11:05:17,200.0,29.9,B
2021-06-14T11:05:12,100.0,29.9,B
2021-06-14T11:05:12,200.0,29.9,B
2021-06-14T11:05:07,3800.0,29.9,B
2021-06-14T11:05:06,1000.0,29.9,B
2021-06-14T11:05:04,500.0,29.9,B
2021-06-14T11:04:46,500.0,29.9,B
2021-06-14T11:04:45,100.0,29.9,B
2021-06-14T11:04:34,500.0,29.85,S
2021-06-14T11:04:30,200.0,29.9,B
2021-06-14T11:04:26,1000.0,29.9,B
2021-06-14T11:04:19,400.0,29.9,B
2021-06-14T11:04:13,500.0,29.9,B
2021-06-14T11:04:09,500.0,29.9,B
2021-06-14T11:03:50,100.0,29.9,B
2021-06-14T11:03:47,1000.0,29.9,B
2021-06-14T11:03:44,1000.0,29.9,B
2021-06-14T11:03:36,500.0,29.9,B
2021-06-14T11:03:31,300.0,29.9,B
2021-06-14T11:03:31,700.0,29.9,B
2021-06-14T11:03:29,300.0,29.9,B
2021-06-14T11:03:19,5000.0,29.85,B
2021-06-14T11:03:17,8000.0,29.85,B
2021-06-14T11:03:03,2000.0,29.9,B
2021-06-14T11:02:54,1000.0,29.9,B
2021-06-14T11:02:52,2500.0,29.85,B
2021-06-14T11:02:49,1000.0,29.85,B
2021-06-14T11:02:45,1500.0,29.85,B
2021-06-14T11:02:36,100.0,29.85,B
2021-06-14T11:02:29,500.0,29.85,B
2021-06-14T11:02:23,3000.0,29.85,B
2021-06-14T11:02:19,2200.0,29.85,B
2021-06-14T11:02:18,300.0,29.85,B
2021-06-14T11:02:03,100.0,29.85,B
2021-06-14T11:01:50,300.0,29.85,B
2021-06-14T11:01:50,500.0,29.8,S
2021-06-14T11:01:49,100.0,29.8,S
2021-06-14T11:01:47,400.0,29.8,S
2021-06-14T11:01:38,100.0,29.85,B
2021-06-14T11:01:08,2800.0,29.75,S
2021-06-14T11:01:06,2000.0,29.85,B
2021-06-14T11:01:06,500.0,29.8,B
2021-06-14T11:01:01,1300.0,29.8,B
2021-06-14T11:00:45,1000.0,29.8,B
2021-06-14T11:00:41,1000.0,29.8,B
2021-06-14T11:00:34,400.0,29.8,B
2021-06-14T11:00:27,100.0,29.8,B
2021-06-14T11:00:23,4500.0,29.7,S
2021-06-14T11:00:21,100.0,29.8,B
2021-06-14T11:00:18,200.0,29.8,B
2021-06-14T11:00:07,400.0,29.8,B
2021-06-14T11:00:00,1000.0,29.8,B
2021-06-14T10:59:46,100.0,29.7,S
2021-06-14T10:59:41,1000.0,29.8,B
2021-06-14T10:59:08,200.0,29.7,B
2021-06-14T10:59:07,600.0,29.7,B
2021-06-14T10:59:01,3000.0,29.75,B
2021-06-14T10:58:57,100.0,29.7,B
2021-06-14T10:58:53,500.0,29.75,B
2021-06-14T10:58:42,100.0,29.7,B
2021-06-14T10:58:40,100.0,29.7,S
2021-06-14T10:58:39,100.0,29.7,S
2021-06-14T10:58:39,500.0,29.7,S
2021-06-14T10:58:34,1900.0,29.7,S
2021-06-14T10:58:33,200.0,29.7,S
2021-06-14T10:58:31,1000.0,29.7,S
2021-06-14T10:58:28,5700.0,29.7,S
2021-06-14T10:58:28,4900.0,29.7,S
2021-06-14T10:58:23,300.0,29.8,B
2021-06-14T10:58:18,600.0,29.8,B
2021-06-14T10:58:16,4000.0,29.8,B
2021-06-14T10:58:13,200.0,29.75,B
2021-06-14T10:57:59,100.0,29.75,S
2021-06-14T10:57:57,600.0,29.75,S
2021-06-14T10:57:39,100.0,29.8,B
2021-06-14T10:57:39,300.0,29.8,B
2021-06-14T10:57:39,2900.0,29.8,B
2021-06-14T10:57:39,3100.0,29.8,B
2021-06-14T10:57:35,1000.0,29.7,S
2021-06-14T10:57:34,500.0,29.8,B
2021-06-14T10:57:34,700.0,29.7,S
2021-06-14T10:57:33,2000.0,29.7,S
2021-06-14T10:57:33,12300.0,29.7,S
2021-06-14T10:57:31,1000.0,29.75,S
2021-06-14T10:57:29,500.0,29.8,B
2021-06-14T10:57:15,2900.0,29.8,S
2021-06-14T10:57:15,1500.0,29.8,S
2021-06-14T10:57:14,500.0,29.8,S
2021-06-14T10:57:13,1000.0,29.8,S
2021-06-14T10:57:10,2000.0,29.8,S
2021-06-14T10:57:09,1000.0,29.8,S
2021-06-14T10:57:07,100.0,29.8,S
2021-06-14T10:57:04,500.0,29.8,S
2021-06-14T10:57:02,400.0,29.8,S
2021-06-14T10:57:01,1000.0,29.8,S
2021-06-14T10:56:54,200.0,29.8,S
2021-06-14T10:56:49,300.0,29.8,S
2021-06-14T10:56:47,200.0,29.8,S
2021-06-14T10:56:47,100.0,29.8,S
2021-06-14T10:56:43,600.0,29.8,S
2021-06-14T10:56:40,200.0,29.8,S
2021-06-14T10:56:38,2000.0,29.8,S
2021-06-14T10:56:34,200.0,29.8,S
2021-06-14T10:56:31,400.0,29.8,S
2021-06-14T10:56:30,900.0,29.8,S
2021-06-14T10:56:30,1500.0,29.8,S
2021-06-14T10:56:30,1800.0,29.8,S
2021-06-14T10:56:28,500.0,29.85,S
2021-06-14T10:56:19,1000.0,29.8,S
2021-06-14T10:56:18,2500.0,29.8,S
2021-06-14T10:56:16,1000.0,29.9,B
2021-06-14T10:56:15,5000.0,29.8,S
2021-06-14T10:56:14,500.0,29.8,S
2021-06-14T10:56:12,5500.0,29.8,S
2021-06-14T10:56:12,4000.0,29.8,S
2021-06-14T10:56:10,100.0,29.9,B
2021-06-14T10:56:07,100.0,29.9,B
2021-06-14T10:56:06,500.0,29.9,B
2021-06-14T10:56:01,500.0,29.9,B
2021-06-14T10:56:01,300.0,29.85,S
2021-06-14T10:56:01,200.0,29.85,S
2021-06-14T10:56:00,2500.0,29.85,S
2021-06-14T10:55:53,500.0,29.9,B
2021-06-14T10:55:36,100.0,29.9,S
2021-06-14T10:55:36,4100.0,29.9,S
2021-06-14T10:55:36,1900.0,29.9,S
2021-06-14T10:55:36,800.0,29.9,S
2021-06-14T10:55:36,2100.0,29.9,S
2021-06-14T10:55:36,300.0,29.9,S
2021-06-14T10:55:36,1600.0,29.9,S
2021-06-14T10:55:36,1200.0,29.9,S
2021-06-14T10:55:36,4000.0,29.9,S
2021-06-14T10:55:34,1000.0,29.9,S
2021-06-14T10:55:34,2200.0,29.9,S
2021-06-14T10:55:34,200.0,29.9,S
2021-06-14T10:55:34,2100.0,29.9,S
2021-06-14T10:55:34,200.0,29.9,S
2021-06-14T10:55:34,7700.0,29.9,S
2021-06-14T10:55:33,200.0,29.95,S
2021-06-14T10:55:16,100.0,29.95,S
2021-06-14T10:55:16,500.0,29.95,S
2021-06-14T10:55:15,4700.0,29.95,S
2021-06-14T10:55:14,1400.0,29.95,S
2021-06-14T10:55:14,2900.0,29.95,S
2021-06-14T10:55:12,1000.0,29.95,S
2021-06-14T10:55:07,100.0,29.95,S
2021-06-14T10:55:07,2000.0,30.0,B
2021-06-14T10:55:04,5000.0,29.95,S
2021-06-14T10:55:02,100.0,30.0,B
2021-06-14T10:54:53,1800.0,29.95,S
2021-06-14T10:54:52,6000.0,29.95,S
2021-06-14T10:54:44,1100.0,30.0,B
2021-06-14T10:54:35,1400.0,29.95,S
2021-06-14T10:54:30,500.0,29.95,S
2021-06-14T10:54:15,100.0,30.0,S
2021-06-14T10:54:07,200.0,30.0,S
2021-06-14T10:54:01,2900.0,29.95,S
2021-06-14T10:53:59,2500.0,30.0,S
2021-06-14T10:53:54,8000.0,29.95,S
2021-06-14T10:53:54,1000.0,29.95,S
2021-06-14T10:53:54,1000.0,29.95,S
2021-06-14T10:53:54,100.0,29.95,S
2021-06-14T10:53:44,1200.0,30.0,S
2021-06-14T10:53:40,200.0,30.0,S
2021-06-14T10:53:38,1600.0,30.0,S
2021-06-14T10:53:36,200.0,30.0,S
2021-06-14T10:53:34,1000.0,30.0,S
2021-06-14T10:53:34,400.0,29.95,S
2021-06-14T10:53:33,4600.0,29.95,S
2021-06-14T10:53:26,1000.0,30.0,S
2021-06-14T10:53:25,1500.0,30.0,S
2021-06-14T10:53:15,2000.0,30.0,S
2021-06-14T10:53:14,1000.0,30.0,S
2021-06-14T10:53:13,1900.0,30.0,S
2021-06-14T10:53:13,400.0,30.0,S
2021-06-14T10:53:09,2000.0,30.0,S
2021-06-14T10:53:08,300.0,30.0,S
2021-06-14T10:53:06,4500.0,30.0,S
2021-06-14T10:53:06,200.0,30.0,S
2021-06-14T10:53:06,800.0,30.0,S
2021-06-14T10:53:06,4300.0,30.0,S
2021-06-14T10:53:06,2500.0,30.0,S
2021-06-14T10:53:06,2100.0,30.0,S
2021-06-14T10:53:06,600.0,30.0,S
2021-06-14T10:53:05,1400.0,30.0,S
2021-06-14T10:53:05,900.0,30.0,S
2021-06-14T10:53:05,5400.0,30.0,S
2021-06-14T10:53:05,600.0,30.0,S
2021-06-14T10:53:05,1300.0,30.0,S
2021-06-14T10:53:05,400.0,30.0,S
2021-06-14T10:53:01,1200.0,30.0,S
2021-06-14T10:53:01,2600.0,30.0,S
2021-06-14T10:53:01,400.0,30.0,S
2021-06-14T10:53:01,5800.0,30.0,S
2021-06-14T10:53:01,300.0,30.0,S
2021-06-14T10:52:51,4500.0,30.0,S
2021-06-14T10:52:51,500.0,30.0,S
2021-06-14T10:52:40,1000.0,30.0,S
2021-06-14T10:52:38,2000.0,30.0,S
2021-06-14T10:52:38,3000.0,30.05,B
2021-06-14T10:52:32,200.0,30.05,B
2021-06-14T10:52:31,200.0,30.05,S
2021-06-14T10:52:16,400.0,30.05,S
2021-06-14T10:52:14,200.0,30.05,S
2021-06-14T10:52:09,500.0,30.05,S
2021-06-14T10:52:06,1500.0,30.1,B
2021-06-14T10:52:02,12300.0,30.0,S
2021-06-14T10:52:02,25400.0,30.0,S
2021-06-14T10:52:02,3700.0,30.0,S
2021-06-14T10:52:02,100.0,30.0,S
2021-06-14T10:52:02,8500.0,30.0,S
2021-06-14T10:51:48,1400.0,30.05,S
2021-06-14T10:51:45,1000.0,30.1,B
2021-06-14T10:51:44,1000.0,30.1,B
2021-06-14T10:51:41,400.0,30.05,S
2021-06-14T10:51:34,2000.0,30.05,S
2021-06-14T10:51:33,400.0,30.1,B
2021-06-14T10:51:33,100.0,30.1,B
2021-06-14T10:51:32,1000.0,30.1,B
2021-06-14T10:51:32,2000.0,30.1,B
2021-06-14T10:51:30,100.0,30.1,B
2021-06-14T10:51:28,1000.0,30.05,S
2021-06-14T10:51:22,5000.0,30.1,B
2021-06-14T10:51:20,100.0,30.1,B
2021-06-14T10:51:20,1000.0,30.1,B
2021-06-14T10:51:17,1000.0,30.1,B
2021-06-14T10:51:14,300.0,30.05,S
2021-06-14T10:51:09,500.0,30.1,B
2021-06-14T10:51:06,500.0,30.1,B
2021-06-14T10:50:55,4000.0,30.1,B
2021-06-14T10:50:55,1200.0,30.1,B
2021-06-14T10:50:55,1200.0,30.1,B
2021-06-14T10:50:55,2200.0,30.1,B
2021-06-14T10:50:54,100.0,30.1,B
2021-06-14T10:50:52,100.0,30.1,B
2021-06-14T10:50:33,1000.0,30.1,B
2021-06-14T10:50:31,2000.0,30.1,B
2021-06-14T10:50:29,3800.0,30.1,B
2021-06-14T10:50:26,1300.0,30.1,B
2021-06-14T10:50:24,300.0,30.1,B
2021-06-14T10:50:16,100.0,30.15,B
2021-06-14T10:50:11,1500.0,30.1,B
2021-06-14T10:49:55,5000.0,30.15,S
2021-06-14T10:49:51,9100.0,30.15,S
2021-06-14T10:49:49,1000.0,30.1,S
2021-06-14T10:49:49,1000.0,30.1,S
2021-06-14T10:49:49,600.0,30.1,S
2021-06-14T10:49:48,4900.0,30.1,S
2021-06-14T10:49:47,300.0,30.1,S
2021-06-14T10:49:40,100.0,30.1,S
2021-06-14T10:49:40,3000.0,30.15,S
2021-06-14T10:49:39,1000.0,30.1,S
2021-06-14T10:49:38,3200.0,30.1,S
2021-06-14T10:49:28,3000.0,30.1,S
2021-06-14T10:49:26,100.0,30.15,S
2021-06-14T10:49:18,2000.0,30.1,S
2021-06-14T10:49:09,100.0,30.15,S
2021-06-14T10:49:00,100.0,30.1,S
2021-06-14T10:48:57,500.0,30.15,S
2021-06-14T10:48:57,1000.0,30.15,S
2021-06-14T10:48:57,100.0,30.1,S
2021-06-14T10:48:52,100.0,30.15,S
2021-06-14T10:48:41,5000.0,30.1,S
2021-06-14T10:48:40,200.0,30.15,S
2021-06-14T10:48:26,200.0,30.15,S
2021-06-14T10:48:26,400.0,30.15,S
2021-06-14T10:48:17,100.0,30.15,S
2021-06-14T10:48:11,1500.0,30.1,S
2021-06-14T10:48:10,500.0,30.1,S
2021-06-14T10:48:07,800.0,30.05,S
2021-06-14T10:48:06,1400.0,30.15,S
2021-06-14T10:48:03,2400.0,30.15,S
2021-06-14T10:48:03,600.0,30.1,S
2021-06-14T10:48:02,100.0,30.1,S
2021-06-14T10:47:55,300.0,30.1,S
2021-06-14T10:47:53,300.0,30.1,S
2021-06-14T10:47:39,200.0,30.2,B
2021-06-14T10:47:36,1000.0,30.1,B
2021-06-14T10:47:28,1000.0,30.1,B
2021-06-14T10:47:10,100.0,30.2,B
2021-06-14T10:46:59,1000.0,30.2,B
2021-06-14T10:46:54,1900.0,30.2,B
2021-06-14T10:46:48,1600.0,30.05,S
2021-06-14T10:46:45,300.0,30.1,B
2021-06-14T10:46:44,300.0,30.1,B
2021-06-14T10:46:44,500.0,30.1,B
2021-06-14T10:46:43,1000.0,30.05,S
2021-06-14T10:46:41,100.0,30.1,B
2021-06-14T10:46:41,7200.0,30.1,B
2021-06-14T10:46:41,1000.0,30.2,B
2021-06-14T10:46:37,400.0,30.2,B
2021-06-14T10:46:18,300.0,30.2,B
2021-06-14T10:46:18,700.0,30.2,B
2021-06-14T10:46:18,100.0,30.2,B
2021-06-14T10:46:18,2100.0,30.2,B
2021-06-14T10:46:18,4800.0,30.2,B
2021-06-14T10:46:14,1000.0,30.1,B
2021-06-14T10:46:08,5000.0,30.1,B
2021-06-14T10:46:02,4200.0,30.2,B
2021-06-14T10:46:02,5600.0,30.1,B
2021-06-14T10:45:59,100.0,30.1,B
2021-06-14T10:45:57,500.0,30.1,B
2021-06-14T10:45:53,4900.0,30.1,B
2021-06-14T10:45:53,5100.0,30.1,B
2021-06-14T10:45:52,300.0,30.1,B
2021-06-14T10:45:50,200.0,30.0,S
2021-06-14T10:45:47,5000.0,30.1,B
2021-06-14T10:45:33,5000.0,30.1,B
2021-06-14T10:45:27,1000.0,30.1,B
2021-06-14T10:45:24,4000.0,30.2,B
2021-06-14T10:45:24,2000.0,30.2,B
2021-06-14T10:45:20,700.0,30.1,B
2021-06-14T10:45:15,1000.0,30.1,B
2021-06-14T10:45:14,300.0,30.1,B
2021-06-14T10:45:11,300.0,30.1,B
2021-06-14T10:45:10,100.0,30.1,B
2021-06-14T10:45:02,1500.0,30.1,B
2021-06-14T10:44:59,1000.0,30.0,S
2021-06-14T10:44:57,100.0,30.1,B
2021-06-14T10:44:57,100.0,30.0,S
2021-06-14T10:44:54,1500.0,30.0,S
2021-06-14T10:44:53,8500.0,30.0,S
2021-06-14T10:44:50,3000.0,30.1,B
2021-06-14T10:44:41,300.0,30.1,B
2021-06-14T10:44:39,100.0,30.1,B
2021-06-14T10:44:39,500.0,30.1,B
2021-06-14T10:44:37,200.0,30.1,B
2021-06-14T10:44:37,100.0,30.1,B
2021-06-14T10:44:36,400.0,30.1,B
2021-06-14T10:44:20,1200.0,30.0,S
2021-06-14T10:44:16,2000.0,30.1,B
2021-06-14T10:44:12,1000.0,30.1,B
2021-06-14T10:44:07,1000.0,30.1,B
2021-06-14T10:44:00,800.0,30.1,B
2021-06-14T10:43:55,1200.0,30.1,B
2021-06-14T10:43:55,400.0,30.0,S
2021-06-14T10:43:48,900.0,30.2,B
2021-06-14T10:43:47,10000.0,30.2,B
2021-06-14T10:43:40,200.0,30.1,B
2021-06-14T10:43:34,1000.0,30.1,B
2021-06-14T10:43:31,1000.0,30.1,B
2021-06-14T10:43:26,6600.0,30.0,B
2021-06-14T10:43:26,100.0,30.0,B
2021-06-14T10:43:26,200.0,30.0,B
2021-06-14T10:43:26,3000.0,30.0,B
2021-06-14T10:43:26,4100.0,30.0,B
2021-06-14T10:43:25,300.0,30.1,B
2021-06-14T10:43:23,5000.0,30.2,B
2021-06-14T10:43:16,3900.0,30.1,B
2021-06-14T10:43:15,100.0,30.1,B
2021-06-14T10:43:10,1000.0,30.1,B
2021-06-14T10:43:02,1500.0,30.1,B
2021-06-14T10:42:59,500.0,30.1,B
2021-06-14T10:42:45,1000.0,30.1,B
2021-06-14T10:42:42,2000.0,30.2,B
2021-06-14T10:42:42,1000.0,30.2,B
2021-06-14T10:42:42,7000.0,30.2,B
2021-06-14T10:42:42,100.0,30.1,B
2021-06-14T10:42:36,100.0,30.1,B
2021-06-14T10:42:26,100.0,30.1,B
2021-06-14T10:42:20,700.0,30.1,B
2021-06-14T10:42:17,500.0,30.0,B
2021-06-14T10:42:03,200.0,30.0,B
2021-06-14T10:42:01,1100.0,30.0,B
2021-06-14T10:42:01,1500.0,30.0,B
2021-06-14T10:41:59,100.0,30.0,B
2021-06-14T10:41:51,3000.0,30.0,B
2021-06-14T10:41:48,1100.0,30.0,B
2021-06-14T10:41:39,400.0,30.0,B
2021-06-14T10:41:38,500.0,30.15,B
2021-06-14T10:41:34,2000.0,30.0,B
2021-06-14T10:41:32,500.0,30.0,B
2021-06-14T10:41:30,500.0,30.0,B
2021-06-14T10:41:26,100.0,30.0,B
2021-06-14T10:41:24,1000.0,29.95,S
2021-06-14T10:41:23,400.0,30.15,B
2021-06-14T10:41:23,400.0,30.15,B
2021-06-14T10:41:23,6500.0,30.1,B
2021-06-14T10:41:23,1100.0,30.1,B
2021-06-14T10:41:23,700.0,30.1,B
2021-06-14T10:41:23,900.0,30.1,B
2021-06-14T10:41:23,1800.0,30.1,B
2021-06-14T10:41:23,1100.0,30.1,B
2021-06-14T10:41:23,1000.0,30.1,B
2021-06-14T10:41:23,500.0,30.1,B
2021-06-14T10:41:23,200.0,30.05,B
2021-06-14T10:41:23,600.0,30.05,B
2021-06-14T10:41:23,4800.0,30.0,B
2021-06-14T10:41:23,100.0,30.0,B
2021-06-14T10:41:22,400.0,30.0,B
2021-06-14T10:41:21,10000.0,30.0,B
2021-06-14T10:41:21,2000.0,29.95,S
2021-06-14T10:41:16,2000.0,29.95,S
2021-06-14T10:41:14,2000.0,29.95,S
2021-06-14T10:41:12,200.0,30.0,B
2021-06-14T10:41:12,1000.0,30.0,B
2021-06-14T10:41:11,5000.0,30.0,B
2021-06-14T10:41:02,700.0,30.0,B
2021-06-14T10:41:00,100.0,30.0,B
2021-06-14T10:41:00,200.0,30.0,B
2021-06-14T10:41:00,3300.0,30.0,B
2021-06-14T10:41:00,5900.0,30.0,B
2021-06-14T10:41:00,2000.0,30.0,B
2021-06-14T10:41:00,3200.0,30.0,B
2021-06-14T10:41:00,1200.0,30.0,B
2021-06-14T10:41:00,100.0,30.0,B
2021-06-14T10:41:00,300.0,30.0,B
2021-06-14T10:41:00,1700.0,30.0,B
2021-06-14T10:40:54,100.0,29.95,S
2021-06-14T10:40:48,1300.0,29.95,S
2021-06-14T10:40:48,300.0,29.95,S
2021-06-14T10:40:48,1000.0,29.95,S
2021-06-14T10:40:48,2400.0,29.95,S
2021-06-14T10:40:39,100.0,30.0,B
2021-06-14T10:40:37,200.0,29.95,S
2021-06-14T10:40:36,300.0,30.0,B
2021-06-14T10:40:32,100000.0,30.0,B
2021-06-14T10:40:31,200.0,29.95,S
2021-06-14T10:40:16,3500.0,30.0,B
2021-06-14T10:40:08,300.0,30.0,B
2021-06-14T10:40:08,100.0,30.0,B
2021-06-14T10:40:08,500.0,30.0,B
2021-06-14T10:39:59,400.0,29.95,S
2021-06-14T10:39:57,100.0,30.0,B
2021-06-14T10:39:57,900.0,30.0,B
2021-06-14T10:39:57,1000.0,30.0,B
2021-06-14T10:39:57,1100.0,30.0,B
2021-06-14T10:39:57,1000.0,30.0,B
2021-06-14T10:39:57,1100.0,30.0,B
2021-06-14T10:39:57,100.0,30.0,B
2021-06-14T10:39:57,800.0,30.0,B
2021-06-14T10:39:57,900.0,30.0,B
2021-06-14T10:39:57,13100.0,30.0,B
2021-06-14T10:39:56,2000.0,30.0,B
2021-06-14T10:39:52,300.0,30.0,B
2021-06-14T10:39:51,1900.0,30.0,B
2021-06-14T10:39:50,700.0,30.0,B
2021-06-14T10:39:47,1000.0,30.0,B
2021-06-14T10:39:46,2000.0,29.95,S
2021-06-14T10:39:41,1000.0,30.0,B
2021-06-14T10:39:41,700.0,30.0,B
2021-06-14T10:39:41,300.0,30.0,B
2021-06-14T10:39:38,2000.0,30.0,B
2021-06-14T10:39:32,100.0,30.0,B
2021-06-14T10:39:32,500.0,29.95,S
2021-06-14T10:39:31,300.0,30.0,B
2021-06-14T10:39:29,300.0,30.0,B
2021-06-14T10:39:28,2100.0,30.0,B
2021-06-14T10:39:27,1000.0,30.0,B
2021-06-14T10:39:27,100.0,29.95,S
2021-06-14T10:39:27,500.0,30.0,B
2021-06-14T10:39:26,100.0,29.95,S
2021-06-14T10:39:23,200.0,30.0,B
2021-06-14T10:39:20,3500.0,30.0,B
2021-06-14T10:39:19,100.0,30.0,B
2021-06-14T10:39:18,5000.0,30.0,B
2021-06-14T10:39:15,300.0,30.0,B
2021-06-14T10:39:13,1000.0,30.0,B
2021-06-14T10:39:11,2000.0,30.0,B
2021-06-14T10:39:10,500.0,30.0,B
2021-06-14T10:39:09,3200.0,30.0,B
2021-06-14T10:39:09,1100.0,30.0,B
2021-06-14T10:39:09,5700.0,30.0,B
2021-06-14T10:39:08,900.0,30.0,B
2021-06-14T10:39:05,2000.0,30.0,B
2021-06-14T10:39:05,2000.0,30.0,B
2021-06-14T10:39:05,500.0,30.0,B
2021-06-14T10:39:04,1000.0,30.0,B
2021-06-14T10:39:03,700.0,30.0,B
2021-06-14T10:39:01,300.0,30.0,B
2021-06-14T10:39:01,100.0,29.95,S
2021-06-14T10:38:56,200.0,30.0,B
2021-06-14T10:38:53,100.0,30.0,B
2021-06-14T10:38:53,100.0,30.0,B
2021-06-14T10:38:45,500.0,30.0,B
2021-06-14T10:38:41,1000.0,30.0,B
2021-06-14T10:38:41,100.0,29.95,S
2021-06-14T10:38:37,1000.0,30.0,B
2021-06-14T10:38:36,5000.0,30.0,B
2021-06-14T10:38:36,400.0,30.0,B
2021-06-14T10:38:36,1100.0,30.0,B
2021-06-14T10:38:36,2000.0,30.0,B
2021-06-14T10:38:35,900.0,30.0,B
2021-06-14T10:38:35,300.0,30.0,B
2021-06-14T10:38:35,1000.0,30.0,B
2021-06-14T10:38:35,1100.0,30.0,B
2021-06-14T10:38:35,2700.0,30.0,B
2021-06-14T10:38:26,2600.0,29.95,S
2021-06-14T10:38:23,2100.0,30.0,B
2021-06-14T10:38:23,1100.0,30.0,B
2021-06-14T10:38:23,400.0,30.0,B
2021-06-14T10:38:20,300.0,30.0,B
2021-06-14T10:38:18,6200.0,30.0,B
2021-06-14T10:38:17,500.0,30.0,B
2021-06-14T10:38:16,1000.0,30.0,B
2021-06-14T10:38:08,1700.0,30.0,B
2021-06-14T10:38:08,200.0,30.0,B
2021-06-14T10:38:07,500.0,30.0,B
2021-06-14T10:38:06,500.0,30.0,B
2021-06-14T10:38:05,700.0,30.0,B
2021-06-14T10:38:05,900.0,29.95,S
2021-06-14T10:38:04,100.0,30.0,B
2021-06-14T10:38:04,500.0,30.0,B
2021-06-14T10:38:01,1000.0,30.0,B
2021-06-14T10:38:01,2600.0,30.0,B
2021-06-14T10:38:00,3100.0,30.0,B
2021-06-14T10:38:00,1400.0,30.0,B
2021-06-14T10:37:59,500.0,30.0,B
2021-06-14T10:37:59,2500.0,30.0,B
2021-06-14T10:37:57,1400.0,30.0,B
2021-06-14T10:37:57,1300.0,30.0,B
2021-06-14T10:37:57,700.0,30.0,B
2021-06-14T10:37:57,1000.0,30.0,B
2021-06-14T10:37:56,1000.0,30.0,B
2021-06-14T10:37:50,1000.0,29.95,S
2021-06-14T10:37:44,1000.0,30.0,B
2021-06-14T10:37:42,3500.0,30.0,B
2021-06-14T10:37:35,8000.0,30.0,B
2021-06-14T10:37:33,400.0,30.0,B
2021-06-14T10:37:33,1900.0,30.0,B
2021-06-14T10:37:33,100.0,30.0,B
2021-06-14T10:37:31,3000.0,30.0,B
2021-06-14T10:37:29,800.0,30.0,B
2021-06-14T10:37:29,300.0,30.0,B
2021-06-14T10:37:29,200.0,29.95,S
2021-06-14T10:37:27,1000.0,30.0,B
2021-06-14T10:37:27,300.0,30.0,B
2021-06-14T10:37:19,1000.0,30.0,B
2021-06-14T10:37:15,600.0,30.0,B
2021-06-14T10:37:15,600.0,30.0,B
2021-06-14T10:37:11,4200.0,30.0,B
2021-06-14T10:37:08,200.0,30.0,B
2021-06-14T10:37:07,500.0,30.0,B
2021-06-14T10:37:06,2000.0,30.0,B
2021-06-14T10:37:00,1000.0,30.0,B
2021-06-14T10:36:59,1300.0,29.95,B
2021-06-14T10:36:58,200.0,29.95,B
2021-06-14T10:36:56,500.0,29.95,B
2021-06-14T10:36:51,1600.0,30.0,B
2021-06-14T10:36:50,4000.0,30.0,B
2021-06-14T10:36:48,5000.0,30.0,B
2021-06-14T10:36:48,100.0,30.0,B
2021-06-14T10:36:41,500.0,29.95,B
2021-06-14T10:36:39,300.0,30.0,B
2021-06-14T10:36:37,2000.0,30.0,B
2021-06-14T10:36:31,2200.0,30.0,B
2021-06-14T10:36:30,100.0,29.9,B
2021-06-14T10:36:28,500.0,30.0,B
2021-06-14T10:36:28,500.0,30.0,B
2021-06-14T10:36:27,2200.0,30.0,B
2021-06-14T10:36:27,900.0,29.95,B
2021-06-14T10:36:25,3300.0,29.9,B
2021-06-14T10:36:23,2000.0,29.95,B
2021-06-14T10:36:21,2000.0,29.9,B
2021-06-14T10:36:20,1000.0,29.9,B
2021-06-14T10:36:19,500.0,29.95,B
2021-06-14T10:36:19,300.0,29.9,B
2021-06-14T10:36:17,1000.0,29.9,B
2021-06-14T10:36:14,6200.0,29.95,B
2021-06-14T10:36:12,5000.0,29.95,B
2021-06-14T10:36:11,100.0,29.9,B
2021-06-14T10:36:11,300.0,29.9,B
2021-06-14T10:36:10,1600.0,29.9,B
2021-06-14T10:36:05,200.0,29.9,B
2021-06-14T10:36:04,2000.0,29.9,B
2021-06-14T10:36:02,100.0,29.85,S
2021-06-14T10:36:01,500.0,29.9,B
2021-06-14T10:36:00,4100.0,29.9,B
2021-06-14T10:36:00,1100.0,29.9,B
2021-06-14T10:35:58,2900.0,29.9,B
2021-06-14T10:35:58,100.0,29.85,S
2021-06-14T10:35:55,300.0,29.85,S
2021-06-14T10:35:55,3000.0,29.9,B
2021-06-14T10:35:52,1400.0,29.8,S
2021-06-14T10:35:52,800.0,29.9,B
2021-06-14T10:35:52,1100.0,29.9,B
2021-06-14T10:35:51,600.0,29.9,B
2021-06-14T10:35:51,1000.0,29.9,B
2021-06-14T10:35:51,100.0,29.85,S
2021-06-14T10:35:48,1800.0,29.8,S
2021-06-14T10:35:48,1200.0,29.8,S
2021-06-14T10:35:42,900.0,29.85,S
2021-06-14T10:35:37,600.0,29.85,S
2021-06-14T10:35:35,10000.0,29.9,B
2021-06-14T10:35:34,1500.0,29.9,B
2021-06-14T10:35:34,4000.0,29.9,B
2021-06-14T10:35:34,1500.0,29.9,B
2021-06-14T10:35:22,300.0,29.85,S
2021-06-14T10:35:17,4100.0,29.85,S
2021-06-14T10:35:15,900.0,29.85,S
2021-06-14T10:35:14,2000.0,29.8,S
2021-06-14T10:35:13,100.0,29.85,S
2021-06-14T10:35:09,1100.0,29.9,B
2021-06-14T10:35:09,2500.0,29.9,B
2021-06-14T10:35:09,10200.0,29.9,B
2021-06-14T10:35:09,86200.0,29.9,B
2021-06-14T10:35:09,100.0,29.85,S
2021-06-14T10:35:07,500.0,29.85,S
2021-06-14T10:35:07,100.0,29.85,S
2021-06-14T10:35:05,100.0,29.85,S
2021-06-14T10:34:59,500.0,29.85,S
2021-06-14T10:34:58,500.0,29.85,S
2021-06-14T10:34:51,1000.0,29.85,S
2021-06-14T10:34:46,3000.0,29.85,S
2021-06-14T10:34:45,1000.0,29.85,S
2021-06-14T10:34:37,1000.0,29.85,S
2021-06-14T10:34:36,1000.0,29.85,S
2021-06-14T10:34:33,3900.0,29.85,S
2021-06-14T10:34:30,7800.0,29.9,B
2021-06-14T10:34:30,200.0,29.9,B
2021-06-14T10:34:24,1500.0,29.9,B
2021-06-14T10:34:24,100.0,29.85,S
2021-06-14T10:34:18,300.0,29.85,S
2021-06-14T10:34:18,500.0,29.85,S
2021-06-14T10:34:17,1000.0,29.9,B
2021-06-14T10:34:13,100.0,29.85,S
2021-06-14T10:34:10,200.0,29.9,B
2021-06-14T10:34:06,700.0,29.9,B
2021-06-14T10:34:06,300.0,29.9,B
2021-06-14T10:34:02,100.0,29.85,S
2021-06-14T10:34:00,500.0,29.9,B
2021-06-14T10:33:59,5000.0,29.9,B
2021-06-14T10:33:59,700.0,29.85,S
2021-06-14T10:33:59,1000.0,29.85,S
2021-06-14T10:33:56,100.0,29.85,S
2021-06-14T10:33:54,300.0,29.9,B
2021-06-14T10:33:54,10000.0,29.9,B
2021-06-14T10:33:53,100.0,29.85,S
2021-06-14T10:33:47,300.0,29.9,B
2021-06-14T10:33:45,300.0,29.9,B
2021-06-14T10:33:40,500.0,29.9,B
2021-06-14T10:33:39,200.0,29.85,S
2021-06-14T10:33:35,2000.0,29.9,B
2021-06-14T10:33:29,500.0,29.9,B
2021-06-14T10:33:20,300.0,29.85,S
2021-06-14T10:33:18,500.0,29.9,B
2021-06-14T10:33:13,1000.0,29.9,B
2021-06-14T10:33:10,100.0,29.9,B
2021-06-14T10:33:08,3000.0,29.9,B
2021-06-14T10:33:04,200.0,29.9,B
2021-06-14T10:32:56,400.0,29.85,B
2021-06-14T10:32:55,2000.0,29.9,B
2021-06-14T10:32:53,200.0,29.9,B
2021-06-14T10:32:43,1000.0,29.9,B
2021-06-14T10:32:43,100.0,29.9,B
2021-06-14T10:32:41,200.0,29.9,B
2021-06-14T10:32:19,500.0,29.9,B
2021-06-14T10:32:04,10000.0,29.9,B
2021-06-14T10:31:58,100.0,29.7,B
2021-06-14T10:31:57,2400.0,29.9,B
2021-06-14T10:31:57,17600.0,29.85,B
2021-06-14T10:31:47,200.0,29.7,B
2021-06-14T10:31:35,100.0,29.7,B
2021-06-14T10:31:35,1000.0,29.7,B
2021-06-14T10:31:29,5100.0,29.8,B
2021-06-14T10:31:29,2000.0,29.8,B
2021-06-14T10:31:29,1000.0,29.8,B
2021-06-14T10:31:29,500.0,29.8,B
2021-06-14T10:31:29,6100.0,29.8,B
2021-06-14T10:31:29,5300.0,29.8,B
2021-06-14T10:31:26,10400.0,29.75,B
2021-06-14T10:31:21,500.0,29.7,B
2021-06-14T10:31:20,200.0,29.65,B
2021-06-14T10:31:17,8000.0,29.7,B
2021-06-14T10:31:13,300.0,29.65,B
2021-06-14T10:31:10,800.0,29.65,B
2021-06-14T10:31:04,900.0,29.65,B
2021-06-14T10:30:57,1500.0,29.7,B
2021-06-14T10:30:55,500.0,29.7,B
2021-06-14T10:30:49,2000.0,29.7,B
2021-06-14T10:30:49,400.0,29.7,B
2021-06-14T10:30:49,2600.0,29.7,B
2021-06-14T10:30:44,600.0,29.65,B
2021-06-14T10:30:29,3000.0,29.65,B
2021-06-14T10:30:18,500.0,29.6,B
2021-06-14T10:30:17,4500.0,29.65,B
2021-06-14T10:30:17,100.0,29.65,B
2021-06-14T10:30:17,25400.0,29.65,B
2021-06-14T10:30:15,600.0,29.6,B
2021-06-14T10:30:14,3500.0,29.6,B
2021-06-14T10:30:05,1000.0,29.6,B
2021-06-14T10:30:01,1000.0,29.6,B
2021-06-14T10:29:56,3000.0,29.6,B
2021-06-14T10:29:48,2000.0,29.6,B
2021-06-14T10:29:45,1000.0,29.6,B
2021-06-14T10:29:43,500.0,29.6,B
2021-06-14T10:29:42,300.0,29.55,S
2021-06-14T10:29:42,700.0,29.55,S
2021-06-14T10:29:41,100.0,29.6,B
2021-06-14T10:29:40,3000.0,29.55,S
2021-06-14T10:29:27,300.0,29.6,B
2021-06-14T10:29:27,100.0,29.6,B
2021-06-14T10:29:20,500.0,29.6,B
2021-06-14T10:29:13,500.0,29.6,B
2021-06-14T10:29:08,100.0,29.55,S
2021-06-14T10:28:50,1300.0,29.55,S
2021-06-14T10:28:17,100.0,29.55,B
2021-06-14T10:28:12,500.0,29.55,B
2021-06-14T10:28:11,1000.0,29.5,B
2021-06-14T10:27:57,500.0,29.5,B
2021-06-14T10:27:53,300.0,29.55,B
2021-06-14T10:27:48,2000.0,29.5,B
2021-06-14T10:27:44,1000.0,29.5,B
2021-06-14T10:27:43,1200.0,29.5,B
2021-06-14T10:27:43,3800.0,29.5,B
2021-06-14T10:27:39,500.0,29.5,B
2021-06-14T10:27:38,1000.0,29.5,B
2021-06-14T10:27:37,1000.0,29.5,B
2021-06-14T10:27:36,200.0,29.5,B
2021-06-14T10:27:34,2000.0,29.5,B
2021-06-14T10:27:31,1000.0,29.5,B
2021-06-14T10:27:28,500.0,29.5,B
2021-06-14T10:27:23,2000.0,29.5,B
2021-06-14T10:27:19,800.0,29.5,B
2021-06-14T10:27:19,2500.0,29.5,B
2021-06-14T10:27:19,1300.0,29.5,B
2021-06-14T10:27:19,2300.0,29.5,B
2021-06-14T10:27:18,1000.0,29.5,B
2021-06-14T10:27:18,800.0,29.5,B
2021-06-14T10:27:18,6600.0,29.5,B
2021-06-14T10:27:18,300.0,29.5,B
2021-06-14T10:27:18,4400.0,29.5,B
2021-06-14T10:27:13,1700.0,29.5,B
2021-06-14T10:27:13,8400.0,29.5,B
2021-06-14T10:27:13,500.0,29.5,B
2021-06-14T10:27:10,500.0,29.5,B
2021-06-14T10:27:08,500.0,29.5,B
2021-06-14T10:27:06,15000.0,29.5,B
2021-06-14T10:27:02,5000.0,29.5,B
2021-06-14T10:27:01,2100.0,29.5,B
2021-06-14T10:27:01,900.0,29.5,B
2021-06-14T10:26:55,400.0,29.5,B
2021-06-14T10:26:55,1600.0,29.5,B
2021-06-14T10:26:50,500.0,29.5,B
2021-06-14T10:26:49,100.0,29.5,B
2021-06-14T10:26:45,1000.0,29.5,B
2021-06-14T10:26:44,2000.0,29.5,B
2021-06-14T10:26:43,2000.0,29.5,B
2021-06-14T10:26:43,900.0,29.5,B
2021-06-14T10:26:42,7100.0,29.5,B
2021-06-14T10:26:33,3000.0,29.5,B
2021-06-14T10:26:25,1600.0,29.5,B
2021-06-14T10:26:08,300.0,29.5,B
2021-06-14T10:25:57,300.0,29.5,B
2021-06-14T10:25:54,100.0,29.5,B
2021-06-14T10:25:43,1000.0,29.5,B
2021-06-14T10:25:42,3000.0,29.5,B
2021-06-14T10:25:41,400.0,29.5,B
2021-06-14T10:25:35,400.0,29.45,S
2021-06-14T10:25:33,10000.0,29.5,B
2021-06-14T10:25:28,100.0,29.5,B
2021-06-14T10:25:17,200.0,29.45,S
2021-06-14T10:25:13,3000.0,29.5,B
2021-06-14T10:25:11,3000.0,29.45,B
2021-06-14T10:24:44,10800.0,29.45,B
2021-06-14T10:24:32,1000.0,29.4,S
2021-06-14T10:24:20,1400.0,29.45,B
2021-06-14T10:24:20,400.0,29.45,B
2021-06-14T10:24:09,5000.0,29.4,S
2021-06-14T10:24:06,200.0,29.45,B
2021-06-14T10:23:54,1400.0,29.45,B
2021-06-14T10:23:51,10000.0,29.4,S
2021-06-14T10:23:51,300.0,29.45,B
2021-06-14T10:23:25,500.0,29.45,B
2021-06-14T10:23:18,1000.0,29.45,B
2021-06-14T10:23:15,100.0,29.4,S
2021-06-14T10:23:08,100.0,29.45,B
2021-06-14T10:22:57,1000.0,29.4,S
2021-06-14T10:22:51,500.0,29.45,B
2021-06-14T10:22:38,2000.0,29.45,B
2021-06-14T10:22:35,4100.0,29.45,B
2021-06-14T10:22:26,900.0,29.45,B
2021-06-14T10:22:26,100.0,29.45,B
2021-06-14T10:22:04,300.0,29.4,S
2021-06-14T10:21:45,3600.0,29.4,B
2021-06-14T10:21:45,2600.0,29.4,B
2021-06-14T10:21:44,13800.0,29.4,B
2021-06-14T10:21:33,200.0,29.4,B
2021-06-14T10:21:29,2000.0,29.4,B
2021-06-14T10:21:17,300.0,29.4,B
2021-06-14T10:21:08,500.0,29.4,B
2021-06-14T10:21:04,1500.0,29.4,B
2021-06-14T10:20:21,1700.0,29.4,B
2021-06-14T10:20:19,200.0,29.4,B
2021-06-14T10:20:12,4000.0,29.35,S
2021-06-14T10:19:55,1300.0,29.4,B
2021-06-14T10:19:55,2000.0,29.4,B
2021-06-14T10:19:54,700.0,29.4,B
2021-06-14T10:19:51,1600.0,29.4,B
2021-06-14T10:19:51,1000.0,29.4,B
2021-06-14T10:19:51,1700.0,29.4,B
2021-06-14T10:19:47,500.0,29.35,S
2021-06-14T10:19:37,100.0,29.35,S
2021-06-14T10:19:33,3200.0,29.35,S
2021-06-14T10:19:33,1800.0,29.35,S
2021-06-14T10:19:31,100.0,29.4,B
2021-06-14T10:19:31,5700.0,29.35,S
2021-06-14T10:19:26,2600.0,29.4,B
2021-06-14T10:19:20,3000.0,29.4,B
2021-06-14T10:19:20,100.0,29.4,B
2021-06-14T10:19:16,2500.0,29.4,B
2021-06-14T10:19:08,3000.0,29.4,B
2021-06-14T10:18:49,5500.0,29.35,B
2021-06-14T10:18:45,1000.0,29.4,B
2021-06-14T10:18:45,1000.0,29.4,B
2021-06-14T10:18:34,22900.0,29.35,B
2021-06-14T10:18:30,6000.0,29.35,B
2021-06-14T10:18:20,3000.0,29.35,B
2021-06-14T10:18:19,5000.0,29.35,B
2021-06-14T10:18:18,5100.0,29.35,B
2021-06-14T10:18:18,9900.0,29.35,B
2021-06-14T10:18:18,2000.0,29.35,B
2021-06-14T10:18:13,5000.0,29.35,B
2021-06-14T10:18:12,3000.0,29.35,B
2021-06-14T10:18:10,1000.0,29.35,B
2021-06-14T10:18:02,3000.0,29.35,B
2021-06-14T10:17:53,4000.0,29.35,B
2021-06-14T10:17:52,1000.0,29.35,B
2021-06-14T10:17:47,1000.0,29.35,B
2021-06-14T10:17:39,2000.0,29.35,B
2021-06-14T10:17:39,1000.0,29.35,B
2021-06-14T10:17:36,3100.0,29.35,B
2021-06-14T10:17:32,2000.0,29.35,B
2021-06-14T10:17:31,200.0,29.35,B
2021-06-14T10:17:27,1000.0,29.35,B
2021-06-14T10:17:23,7000.0,29.35,B
2021-06-14T10:17:23,400.0,29.35,B
2021-06-14T10:17:23,1000.0,29.35,B
2021-06-14T10:17:19,1000.0,29.35,B
2021-06-14T10:17:17,800.0,29.35,B
2021-06-14T10:17:16,3000.0,29.35,B
2021-06-14T10:17:13,200.0,29.3,S
2021-06-14T10:17:03,1000.0,29.35,B
2021-06-14T10:17:00,1000.0,29.35,B
2021-06-14T10:16:59,2200.0,29.35,B
2021-06-14T10:16:58,500.0,29.35,B
2021-06-14T10:16:57,2000.0,29.35,B
2021-06-14T10:16:57,2300.0,29.35,B
2021-06-14T10:16:39,19000.0,29.35,B
2021-06-14T10:16:36,3000.0,29.35,B
2021-06-14T10:16:20,1000.0,29.35,B
2021-06-14T10:16:11,200.0,29.35,B
2021-06-14T10:15:52,1000.0,29.35,B
2021-06-14T10:15:48,400.0,29.35,B
2021-06-14T10:15:48,200.0,29.3,B
2021-06-14T10:15:47,500.0,29.35,B
2021-06-14T10:15:37,5000.0,29.35,B
2021-06-14T10:15:22,2100.0,29.35,B
2021-06-14T10:15:17,1000.0,29.35,B
2021-06-14T10:15:16,5000.0,29.3,B
2021-06-14T10:15:14,5000.0,29.3,B
2021-06-14T10:15:08,5000.0,29.3,B
2021-06-14T10:15:07,500.0,29.3,B
2021-06-14T10:15:06,1000.0,29.3,B
2021-06-14T10:15:06,2000.0,29.3,B
2021-06-14T10:15:03,10000.0,29.3,B
2021-06-14T10:14:59,5000.0,29.3,B
2021-06-14T10:14:56,2000.0,29.3,B
2021-06-14T10:14:56,200.0,29.25,S
2021-06-14T10:14:55,100.0,29.3,B
2021-06-14T10:14:53,1800.0,29.3,B
2021-06-14T10:14:53,600.0,29.3,B
2021-06-14T10:14:52,12600.0,29.3,B
2021-06-14T10:14:50,3000.0,29.3,B
2021-06-14T10:14:48,10000.0,29.3,B
2021-06-14T10:14:46,500.0,29.3,B
2021-06-14T10:14:41,10000.0,29.3,B
2021-06-14T10:14:41,100.0,29.3,B
2021-06-14T10:14:37,6000.0,29.3,B
2021-06-14T10:14:34,800.0,29.3,B
2021-06-14T10:14:27,1500.0,29.3,B
2021-06-14T10:14:27,8500.0,29.3,B
2021-06-14T10:14:23,3000.0,29.3,B
2021-06-14T10:14:23,2000.0,29.3,B
2021-06-14T10:14:16,3000.0,29.3,B
2021-06-14T10:14:05,15000.0,29.3,B
2021-06-14T10:13:53,1000.0,29.3,B
2021-06-14T10:13:53,100.0,29.3,B
2021-06-14T10:13:48,100.0,29.3,B
2021-06-14T10:13:48,9900.0,29.3,B
2021-06-14T10:13:45,8600.0,29.3,B
2021-06-14T10:13:38,700.0,29.3,B
2021-06-14T10:13:36,9000.0,29.3,B
2021-06-14T10:13:33,800.0,29.25,B
2021-06-14T10:13:22,700.0,29.25,B
2021-06-14T10:13:11,400.0,29.25,B
2021-06-14T10:13:04,3200.0,29.25,B
2021-06-14T10:12:59,1000.0,29.25,B
2021-06-14T10:12:56,300.0,29.25,B
2021-06-14T10:12:53,2000.0,29.25,B
2021-06-14T10:12:43,1000.0,29.25,B
2021-06-14T10:12:38,2800.0,29.25,B
2021-06-14T10:12:38,3500.0,29.25,B
2021-06-14T10:12:38,300.0,29.25,B
2021-06-14T10:12:37,3400.0,29.25,B
2021-06-14T10:12:11,400.0,29.25,B
2021-06-14T10:12:05,100.0,29.25,B
2021-06-14T10:11:58,100.0,29.25,B
2021-06-14T10:11:47,1000.0,29.25,B
2021-06-14T10:11:46,2200.0,29.2,B
2021-06-14T10:11:45,200.0,29.25,B
2021-06-14T10:11:37,2000.0,29.25,B
2021-06-14T10:11:29,3000.0,29.25,B
2021-06-14T10:11:23,8500.0,29.25,B
2021-06-14T10:11:15,1600.0,29.2,B
2021-06-14T10:11:15,14300.0,29.2,B
2021-06-14T10:11:15,14100.0,29.2,B
2021-06-14T10:11:15,20300.0,29.2,B
2021-06-14T10:11:14,10700.0,29.2,B
2021-06-14T10:11:06,2000.0,29.25,B
2021-06-14T10:10:57,200.0,29.25,B
2021-06-14T10:10:53,9600.0,29.25,B
2021-06-14T10:10:34,300.0,29.2,B
2021-06-14T10:10:20,100.0,29.25,B
2021-06-14T10:10:14,300.0,29.25,B
2021-06-14T10:10:07,1500.0,29.2,B
2021-06-14T10:10:03,10300.0,29.2,B
2021-06-14T10:09:56,1000.0,29.2,B
2021-06-14T10:09:43,5000.0,29.2,B
2021-06-14T10:09:24,500.0,29.2,B
2021-06-14T10:08:41,1700.0,29.2,B
2021-06-14T10:08:37,2700.0,29.2,B
2021-06-14T10:08:37,500.0,29.2,B
2021-06-14T10:08:37,500.0,29.2,B
2021-06-14T10:08:33,800.0,29.2,B
2021-06-14T10:08:33,700.0,29.2,B
2021-06-14T10:08:33,2700.0,29.2,B
2021-06-14T10:08:33,3800.0,29.2,B
2021-06-14T10:08:23,1200.0,29.2,B
2021-06-14T10:08:23,200.0,29.2,B
2021-06-14T10:08:23,8600.0,29.2,B
2021-06-14T10:08:04,6500.0,29.15,S
2021-06-14T10:07:59,1000.0,29.15,S
2021-06-14T10:07:42,1900.0,29.2,B
2021-06-14T10:07:41,100.0,29.2,B
2021-06-14T10:07:04,7200.0,29.15,B
2021-06-14T10:06:55,10000.0,29.15,B
2021-06-14T10:06:40,1000.0,29.15,B
2021-06-14T10:06:36,100.0,29.15,B
2021-06-14T10:06:20,2000.0,29.15,B
2021-06-14T10:06:20,100.0,29.15,B
2021-06-14T10:06:17,500.0,29.1,B
2021-06-14T10:06:16,3500.0,29.15,B
2021-06-14T10:05:55,700.0,29.1,B
2021-06-14T10:05:32,1300.0,29.15,B
2021-06-14T10:05:24,1400.0,29.1,B
2021-06-14T10:05:22,1000.0,29.1,B
2021-06-14T10:05:21,15000.0,29.1,B
2021-06-14T10:05:17,100.0,29.15,B
2021-06-14T10:05:07,600.0,29.15,B
2021-06-14T10:05:02,5000.0,29.05,B
2021-06-14T10:04:56,500.0,29.1,B
2021-06-14T10:04:45,6500.0,29.1,B
2021-06-14T10:04:34,300.0,29.05,B
2021-06-14T10:04:32,6000.0,29.1,B
2021-06-14T10:04:32,4000.0,29.1,B
2021-06-14T10:04:05,1900.0,29.1,B
2021-06-14T10:03:57,3000.0,29.05,B
2021-06-14T10:03:54,200.0,29.05,B
2021-06-14T10:03:50,3300.0,29.05,B
2021-06-14T10:03:38,1000.0,29.05,B
2021-06-14T10:03:38,10000.0,29.05,B
2021-06-14T10:03:35,3500.0,29.05,B
2021-06-14T10:03:29,5000.0,29.05,B
2021-06-14T10:03:23,400.0,29.0,S
2021-06-14T10:03:21,900.0,29.0,S
2021-06-14T10:03:18,1500.0,29.05,B
2021-06-14T10:03:11,10900.0,29.05,B
2021-06-14T10:03:09,500.0,29.0,S
2021-06-14T10:03:03,5000.0,29.05,B
2021-06-14T10:03:02,1000.0,29.0,S
2021-06-14T10:02:55,1200.0,29.0,S
2021-06-14T10:02:52,3000.0,29.05,B
2021-06-14T10:02:52,6800.0,29.05,B
2021-06-14T10:02:51,3200.0,29.05,B
2021-06-14T10:02:43,4000.0,29.05,B
2021-06-14T10:02:28,100.0,29.0,S
2021-06-14T10:02:27,1400.0,29.0,S
2021-06-14T10:02:25,2000.0,29.0,S
2021-06-14T10:02:23,300.0,29.0,S
2021-06-14T10:02:23,10000.0,29.0,S
2021-06-14T10:02:17,200.0,29.05,B
2021-06-14T10:02:16,1000.0,29.0,S
2021-06-14T10:02:16,200.0,29.0,S
2021-06-14T10:02:09,1200.0,29.0,S
2021-06-14T10:01:49,600.0,29.0,S
2021-06-14T10:01:44,100.0,29.0,S
2021-06-14T10:01:33,100.0,29.0,S
2021-06-14T10:01:20,300.0,29.05,B
2021-06-14T10:00:58,1100.0,29.0,S
2021-06-14T10:00:58,1900.0,29.0,S
2021-06-14T10:00:40,900.0,29.0,S
2021-06-14T10:00:36,100.0,29.0,S
2021-06-14T10:00:32,2000.0,29.0,S
2021-06-14T10:00:29,2200.0,29.0,S
2021-06-14T10:00:29,900.0,29.0,S
2021-06-14T10:00:28,1000.0,29.0,S
2021-06-14T10:00:22,1000.0,29.05,B
2021-06-14T10:00:13,2700.0,29.0,S
2021-06-14T10:00:05,100.0,29.0,S
2021-06-14T09:59:56,5000.0,29.05,B
2021-06-14T09:59:55,300.0,29.0,S
2021-06-14T09:59:55,100.0,29.0,S
2021-06-14T09:59:54,4000.0,29.0,S
2021-06-14T09:59:48,1000.0,29.0,S
2021-06-14T09:59:46,200.0,29.0,S
2021-06-14T09:59:45,6500.0,29.0,S
2021-06-14T09:59:45,1000.0,29.0,S
2021-06-14T09:59:36,4300.0,29.0,S
2021-06-14T09:59:36,100.0,29.0,S
2021-06-14T09:59:33,300.0,29.0,S
2021-06-14T09:59:24,500.0,29.0,S
2021-06-14T09:59:21,2100.0,29.0,S
2021-06-14T09:59:21,100.0,29.0,S
2021-06-14T09:59:21,2200.0,29.0,S
2021-06-14T09:59:20,4500.0,29.05,B
2021-06-14T09:59:17,300.0,29.05,B
2021-06-14T09:59:13,200.0,29.0,S
2021-06-14T09:59:07,100.0,29.0,S
2021-06-14T09:59:03,300.0,29.0,S
2021-06-14T09:59:03,200.0,29.0,S
2021-06-14T09:59:03,100.0,29.0,S
2021-06-14T09:59:03,3800.0,29.0,S
2021-06-14T09:58:55,1000.0,29.0,S
2021-06-14T09:58:48,200.0,29.0,S
2021-06-14T09:58:40,2300.0,29.0,S
2021-06-14T09:58:28,100.0,29.05,B
2021-06-14T09:58:19,2000.0,29.05,B
2021-06-14T09:58:08,100.0,29.05,B
2021-06-14T09:58:06,100.0,29.0,S
2021-06-14T09:58:04,100.0,29.0,S
2021-06-14T09:57:51,100.0,29.05,B
2021-06-14T09:57:42,1000.0,29.05,B
2021-06-14T09:57:28,1000.0,29.05,B
2021-06-14T09:57:27,400.0,29.0,S
2021-06-14T09:57:27,1400.0,29.0,S
2021-06-14T09:57:27,3000.0,29.0,S
2021-06-14T09:57:07,100.0,29.0,S
2021-06-14T09:56:41,200.0,29.05,S
2021-06-14T09:56:36,200.0,29.1,S
2021-06-14T09:56:25,200.0,29.0,S
2021-06-14T09:56:16,2000.0,29.0,S
2021-06-14T09:56:15,200.0,29.05,S
2021-06-14T09:56:06,200.0,29.05,S
2021-06-14T09:56:00,1000.0,29.05,S
2021-06-14T09:55:58,2000.0,29.05,S
2021-06-14T09:55:50,8200.0,29.05,S
2021-06-14T09:55:50,1800.0,29.05,S
2021-06-14T09:55:46,300.0,29.05,S
2021-06-14T09:55:45,100.0,29.05,S
2021-06-14T09:55:38,500.0,29.05,S
2021-06-14T09:55:36,200.0,29.05,S
2021-06-14T09:55:33,7100.0,29.05,S
2021-06-14T09:55:30,400.0,29.0,S
2021-06-14T09:55:29,500.0,29.0,S
2021-06-14T09:55:28,1000.0,29.0,S
2021-06-14T09:55:26,5000.0,29.0,S
2021-06-14T09:55:10,500.0,29.0,S
2021-06-14T09:55:10,1000.0,29.0,S
2021-06-14T09:55:10,100.0,29.0,S
2021-06-14T09:55:09,100.0,29.0,S
2021-06-14T09:55:08,10000.0,29.0,S
2021-06-14T09:55:07,700.0,29.0,S
2021-06-14T09:55:07,5900.0,29.0,S
2021-06-14T09:55:07,1000.0,29.0,S
2021-06-14T09:55:07,2100.0,29.0,S
2021-06-14T09:55:07,2100.0,29.0,S
2021-06-14T09:55:07,100.0,29.0,S
2021-06-14T09:55:06,5700.0,29.0,S
2021-06-14T09:55:06,2000.0,29.0,S
2021-06-14T09:55:06,200.0,29.0,S
2021-06-14T09:55:06,10100.0,29.0,S
2021-06-14T09:55:06,300.0,29.0,S
2021-06-14T09:55:06,5400.0,29.0,S
2021-06-14T09:55:06,2000.0,29.0,S
2021-06-14T09:55:06,1300.0,29.0,S
2021-06-14T09:55:06,1000.0,29.0,S
2021-06-14T09:55:06,5300.0,29.0,S
2021-06-14T09:55:06,1900.0,29.0,S
2021-06-14T09:55:06,10000.0,29.0,S
2021-06-14T09:55:06,2000.0,29.0,S
2021-06-14T09:55:06,3000.0,29.0,S
2021-06-14T09:55:06,3200.0,29.0,S
2021-06-14T09:55:06,500.0,29.0,S
2021-06-14T09:55:06,300.0,29.0,S
2021-06-14T09:55:06,1100.0,29.0,S
2021-06-14T09:55:06,500.0,29.0,S
2021-06-14T09:55:06,400.0,29.0,S
2021-06-14T09:55:06,4100.0,29.0,S
2021-06-14T09:55:06,1700.0,29.0,S
2021-06-14T09:55:05,10900.0,29.0,S
2021-06-14T09:55:03,100.0,29.0,S
2021-06-14T09:55:03,600.0,29.0,S
2021-06-14T09:55:03,9300.0,29.0,S
2021-06-14T09:54:46,900.0,29.05,S
2021-06-14T09:54:39,1000.0,29.05,S
2021-06-14T09:54:22,100.0,29.1,S
2021-06-14T09:54:18,5200.0,29.05,S
2021-06-14T09:54:18,1800.0,29.05,S
2021-06-14T09:53:59,100.0,29.1,S
2021-06-14T09:53:57,500.0,29.1,S
2021-06-14T09:53:57,900.0,29.1,S
2021-06-14T09:53:42,500.0,29.05,S
2021-06-14T09:53:42,700.0,29.05,S
2021-06-14T09:53:42,300.0,29.05,S
2021-06-14T09:53:34,5000.0,29.1,S
2021-06-14T09:53:27,4100.0,29.05,S
2021-06-14T09:53:15,100.0,29.05,S
2021-06-14T09:53:15,100.0,29.05,S
2021-06-14T09:53:15,1400.0,29.05,S
2021-06-14T09:53:12,200.0,29.05,S
2021-06-14T09:53:06,500.0,29.05,S
2021-06-14T09:53:06,500.0,29.05,S
2021-06-14T09:52:53,100.0,29.1,S
2021-06-14T09:52:45,2000.0,29.05,S
2021-06-14T09:52:37,200.0,29.05,S
2021-06-14T09:52:33,500.0,29.05,S
2021-06-14T09:52:33,2000.0,29.05,S
2021-06-14T09:52:23,100.0,29.1,S
2021-06-14T09:52:22,2000.0,29.05,S
2021-06-14T09:52:19,10000.0,29.05,S
2021-06-14T09:52:06,100.0,29.05,S
2021-06-14T09:52:03,2000.0,29.05,S
2021-06-14T09:51:58,300.0,29.05,S
2021-06-14T09:51:40,1000.0,29.15,S
2021-06-14T09:51:36,300.0,29.1,S
2021-06-14T09:51:35,100.0,29.1,S
2021-06-14T09:51:10,400.0,29.05,S
2021-06-14T09:51:10,2600.0,29.05,S
2021-06-14T09:51:10,1800.0,29.1,S
2021-06-14T09:51:10,100.0,29.1,S
2021-06-14T09:51:10,500.0,29.1,S
2021-06-14T09:51:10,2000.0,29.1,S
2021-06-14T09:51:10,100.0,29.1,S
2021-06-14T09:51:10,5400.0,29.1,S
2021-06-14T09:51:10,100.0,29.1,S
2021-06-14T09:51:05,500.0,29.15,S
2021-06-14T09:51:01,1000.0,29.15,S
2021-06-14T09:51:00,500.0,29.1,S
2021-06-14T09:50:56,100.0,29.15,S
2021-06-14T09:50:44,200.0,29.1,S
2021-06-14T09:50:44,2000.0,29.1,S
2021-06-14T09:50:44,500.0,29.1,S
2021-06-14T09:50:43,300.0,29.1,S
2021-06-14T09:50:33,100.0,29.15,S
2021-06-14T09:50:10,100.0,29.15,S
2021-06-14T09:49:51,700.0,29.1,S
2021-06-14T09:49:51,200.0,29.1,S
2021-06-14T09:49:51,100.0,29.1,S
2021-06-14T09:49:48,5000.0,29.15,S
2021-06-14T09:49:35,500.0,29.15,S
2021-06-14T09:49:31,200.0,29.15,S
2021-06-14T09:49:29,7000.0,29.15,S
2021-06-14T09:49:29,1000.0,29.15,S
2021-06-14T09:49:20,500.0,29.15,S
2021-06-14T09:49:18,200.0,29.15,S
2021-06-14T09:49:05,1000.0,29.15,S
2021-06-14T09:49:04,500.0,29.15,S
2021-06-14T09:49:03,200.0,29.15,S
2021-06-14T09:49:01,500.0,29.15,S
2021-06-14T09:48:58,2000.0,29.15,S
2021-06-14T09:48:49,500.0,29.15,S
2021-06-14T09:48:46,1000.0,29.15,S
2021-06-14T09:48:45,10000.0,29.15,S
2021-06-14T09:48:42,300.0,29.15,S
2021-06-14T09:48:42,200.0,29.15,S
2021-06-14T09:48:37,100.0,29.15,S
2021-06-14T09:48:31,500.0,29.15,S
2021-06-14T09:48:27,500.0,29.15,S
2021-06-14T09:48:27,300.0,29.15,S
2021-06-14T09:48:27,4900.0,29.15,S
2021-06-14T09:48:26,1000.0,29.2,B
2021-06-14T09:48:25,100.0,29.2,B
2021-06-14T09:48:22,1000.0,29.15,S
2021-06-14T09:48:19,200.0,29.2,B
2021-06-14T09:48:07,100.0,29.2,B
2021-06-14T09:48:03,1600.0,29.2,B
2021-06-14T09:48:02,3300.0,29.15,S
2021-06-14T09:47:56,5000.0,29.2,B
2021-06-14T09:47:54,4700.0,29.15,S
2021-06-14T09:47:53,700.0,29.15,S
2021-06-14T09:47:53,15000.0,29.15,S
2021-06-14T09:47:53,10300.0,29.15,S
2021-06-14T09:47:53,700.0,29.15,S
2021-06-14T09:47:52,300.0,29.15,S
2021-06-14T09:47:52,15600.0,29.15,S
2021-06-14T09:47:52,1600.0,29.15,S
2021-06-14T09:47:52,3000.0,29.15,S
2021-06-14T09:47:52,1100.0,29.15,S
2021-06-14T09:47:51,9500.0,29.15,S
2021-06-14T09:47:51,4000.0,29.2,B
2021-06-14T09:47:46,2000.0,29.15,S
2021-06-14T09:47:42,5000.0,29.2,B
2021-06-14T09:47:33,1000.0,29.15,S
2021-06-14T09:47:22,4000.0,29.15,S
2021-06-14T09:46:47,200.0,29.2,B
2021-06-14T09:46:39,100.0,29.2,B
2021-06-14T09:46:39,1000.0,29.2,B
2021-06-14T09:46:20,100.0,29.2,B
2021-06-14T09:46:18,10000.0,29.2,B
2021-06-14T09:46:17,1500.0,29.15,S
2021-06-14T09:45:50,300.0,29.2,S
2021-06-14T09:45:48,800.0,29.2,S
2021-06-14T09:45:39,500.0,29.2,S
2021-06-14T09:45:37,2500.0,29.2,S
2021-06-14T09:45:37,4500.0,29.2,S
2021-06-14T09:45:37,3000.0,29.2,S
2021-06-14T09:45:31,100.0,29.15,S
2021-06-14T09:45:27,100.0,29.2,S
2021-06-14T09:45:23,100.0,29.2,S
2021-06-14T09:45:20,500.0,29.2,S
2021-06-14T09:44:51,3000.0,29.2,S
2021-06-14T09:44:35,2000.0,29.2,S
2021-06-14T09:44:29,5000.0,29.15,S
2021-06-14T09:44:00,2100.0,29.2,S
2021-06-14T09:43:53,200.0,29.2,S
2021-06-14T09:43:45,500.0,29.2,S
2021-06-14T09:43:32,100.0,29.2,S
2021-06-14T09:43:27,200.0,29.2,S
2021-06-14T09:43:25,1800.0,29.2,S
2021-06-14T09:43:21,300.0,29.2,S
2021-06-14T09:43:15,1000.0,29.2,S
2021-06-14T09:43:15,1000.0,29.2,S
2021-06-14T09:43:09,700.0,29.2,S
2021-06-14T09:43:09,500.0,29.2,S
2021-06-14T09:43:09,11500.0,29.2,S
2021-06-14T09:43:09,2300.0,29.2,S
2021-06-14T09:43:09,4100.0,29.2,S
2021-06-14T09:43:00,100.0,29.25,S
2021-06-14T09:42:56,2000.0,29.2,S
2021-06-14T09:42:13,300.0,29.2,S
2021-06-14T09:42:13,7500.0,29.2,S
2021-06-14T09:42:11,1000.0,29.25,S
2021-06-14T09:42:08,3000.0,29.2,S
2021-06-14T09:42:05,1500.0,29.2,S
2021-06-14T09:42:01,3900.0,29.2,S
2021-06-14T09:41:55,1000.0,29.25,S
2021-06-14T09:41:51,300.0,29.2,S
2021-06-14T09:41:40,4300.0,29.2,S
2021-06-14T09:41:40,500.0,29.2,S
2021-06-14T09:41:40,200.0,29.2,S
2021-06-14T09:41:37,900.0,29.2,S
2021-06-14T09:41:37,100.0,29.2,S
2021-06-14T09:41:33,2000.0,29.2,S
2021-06-14T09:41:29,1000.0,29.25,S
2021-06-14T09:41:19,10000.0,29.25,S
2021-06-14T09:41:16,2000.0,29.25,S
2021-06-14T09:41:09,300.0,29.2,S
2021-06-14T09:41:00,2000.0,29.2,S
2021-06-14T09:40:59,1000.0,29.2,S
2021-06-14T09:40:51,1300.0,29.2,S
2021-06-14T09:40:31,600.0,29.25,S
2021-06-14T09:40:20,10000.0,29.2,S
2021-06-14T09:40:14,3400.0,29.2,S
2021-06-14T09:40:14,6600.0,29.2,S
2021-06-14T09:40:06,1900.0,29.2,S
2021-06-14T09:39:59,1500.0,29.25,S
2021-06-14T09:39:44,1000.0,29.3,B
2021-06-14T09:39:41,2200.0,29.3,B
2021-06-14T09:39:41,6800.0,29.3,B
2021-06-14T09:39:31,100.0,29.3,B
2021-06-14T09:39:22,200.0,29.3,S
2021-06-14T09:39:21,500.0,29.3,S
2021-06-14T09:39:13,400.0,29.3,S
2021-06-14T09:39:04,2000.0,29.3,S
2021-06-14T09:38:58,3000.0,29.25,S
2021-06-14T09:38:49,500.0,29.3,S
2021-06-14T09:38:30,1000.0,29.3,S
2021-06-14T09:38:06,4100.0,29.3,S
2021-06-14T09:37:48,200.0,29.3,S
2021-06-14T09:37:47,800.0,29.3,S
2021-06-14T09:37:33,500.0,29.3,S
2021-06-14T09:37:28,1000.0,29.3,S
2021-06-14T09:37:08,200.0,29.3,S
2021-06-14T09:37:03,10000.0,29.3,S
2021-06-14T09:36:50,1000.0,29.3,S
2021-06-14T09:36:48,200.0,29.3,S
2021-06-14T09:36:40,3100.0,29.2,S
2021-06-14T09:36:40,41900.0,29.2,S
2021-06-14T09:36:24,400.0,29.3,S
2021-06-14T09:36:17,500.0,29.3,S
2021-06-14T09:36:17,10000.0,29.25,S
2021-06-14T09:36:02,5200.0,29.3,S
2021-06-14T09:35:50,1000.0,29.3,S
2021-06-14T09:35:42,1000.0,29.25,S
2021-06-14T09:35:33,300.0,29.3,S
2021-06-14T09:35:26,1000.0,29.3,S
2021-06-14T09:35:22,100.0,29.3,S
2021-06-14T09:34:35,200.0,29.3,S
2021-06-14T09:34:33,800.0,29.2,S
2021-06-14T09:34:33,3100.0,29.25,S
2021-06-14T09:34:33,1100.0,29.25,S
2021-06-14T09:34:28,1000.0,29.3,S
2021-06-14T09:34:18,300.0,29.3,S
2021-06-14T09:34:18,7000.0,29.25,S
2021-06-14T09:34:16,100.0,29.3,S
2021-06-14T09:34:13,2800.0,29.3,S
2021-06-14T09:34:12,1100.0,29.3,S
2021-06-14T09:34:06,100.0,29.3,S
2021-06-14T09:33:58,100.0,29.25,S
2021-06-14T09:33:43,1000.0,29.25,S
2021-06-14T09:33:27,2000.0,29.3,S
2021-06-14T09:33:18,100.0,29.3,S
2021-06-14T09:33:18,500.0,29.3,S
2021-06-14T09:33:16,1600.0,29.25,S
2021-06-14T09:33:16,400.0,29.25,S
2021-06-14T09:32:53,1000.0,29.25,S
2021-06-14T09:32:31,100.0,29.25,S
2021-06-14T09:32:24,6600.0,29.3,S
2021-06-14T09:31:51,2000.0,29.35,B
2021-06-14T09:31:46,1000.0,29.3,S
2021-06-14T09:31:37,200.0,29.35,B
2021-06-14T09:31:32,5000.0,29.3,S
2021-06-14T09:31:25,2000.0,29.3,S
2021-06-14T09:30:47,1000.0,29.35,S
2021-06-14T09:30:46,200.0,29.35,S
2021-06-14T09:30:40,1800.0,29.35,S
2021-06-14T09:30:34,600.0,29.35,S
2021-06-14T09:30:34,300.0,29.35,S
2021-06-14T09:30:33,1000.0,29.3,S
2021-06-14T09:30:26,1400.0,29.3,S
2021-06-14T09:30:26,18600.0,29.3,S
2021-06-14T09:30:17,3000.0,29.3,S
2021-06-14T09:30:12,100.0,29.35,S
2021-06-14T09:29:57,10000.0,29.35,S
2021-06-14T09:29:47,100.0,29.35,S
2021-06-14T09:29:34,200.0,29.3,S
2021-06-14T09:29:28,500.0,29.35,S
2021-06-14T09:29:26,1000.0,29.35,S
2021-06-14T09:29:25,100.0,29.35,S
2021-06-14T09:29:15,10000.0,29.35,S
2021-06-14T09:29:01,500.0,29.35,S
2021-06-14T09:28:45,300.0,29.3,S
2021-06-14T09:28:40,5800.0,29.3,S
2021-06-14T09:28:39,1000.0,29.35,S
2021-06-14T09:28:29,200.0,29.35,S
2021-06-14T09:28:26,1000.0,29.35,S
2021-06-14T09:28:26,1200.0,29.35,S
2021-06-14T09:28:26,100.0,29.35,S
2021-06-14T09:28:23,1000.0,29.3,S
2021-06-14T09:28:17,1000.0,29.35,S
2021-06-14T09:27:29,100.0,29.35,S
2021-06-14T09:27:25,300.0,29.35,S
2021-06-14T09:27:01,3100.0,29.4,B
2021-06-14T09:27:01,11900.0,29.4,B
2021-06-14T09:27:01,3000.0,29.35,S
2021-06-14T09:26:49,1000.0,29.35,S
2021-06-14T09:26:43,2500.0,29.35,S
2021-06-14T09:26:41,1300.0,29.4,B
2021-06-14T09:26:38,100.0,29.4,B
2021-06-14T09:26:21,2000.0,29.35,S
2021-06-14T09:26:20,300.0,29.35,S
2021-06-14T09:26:11,100.0,29.35,S
2021-06-14T09:26:06,400.0,29.35,S
2021-06-14T09:25:49,4000.0,29.35,S
2021-06-14T09:25:48,1400.0,29.35,S
2021-06-14T09:25:29,500.0,29.2,S
2021-06-14T09:25:13,7000.0,29.2,S
2021-06-14T09:25:13,1800.0,29.2,S
2021-06-14T09:25:13,4100.0,29.2,S
2021-06-14T09:25:13,200.0,29.2,S
2021-06-14T09:25:13,200.0,29.2,S
2021-06-14T09:25:13,1100.0,29.3,S
2021-06-14T09:25:13,3200.0,29.3,S
2021-06-14T09:25:13,3900.0,29.3,S
2021-06-14T09:25:13,1300.0,29.3,S
2021-06-14T09:25:12,9200.0,29.3,S
2021-06-14T09:25:11,3000.0,29.35,S
2021-06-14T09:25:03,5000.0,29.4,B
2021-06-14T09:24:50,300.0,29.4,B
2021-06-14T09:24:29,400.0,29.4,B
2021-06-14T09:24:27,400.0,29.35,S
2021-06-14T09:24:27,1700.0,29.35,S
2021-06-14T09:24:27,7900.0,29.35,S
2021-06-14T09:24:21,1000.0,29.4,B
2021-06-14T09:24:19,200.0,29.4,B
2021-06-14T09:24:06,3700.0,29.35,S
2021-06-14T09:24:06,1300.0,29.35,S
2021-06-14T09:24:04,1000.0,29.4,B
2021-06-14T09:23:42,400.0,29.4,B
2021-06-14T09:23:28,5000.0,29.4,B
2021-06-14T09:23:25,500.0,29.4,B
2021-06-14T09:23:21,1000.0,29.4,B
2021-06-14T09:23:16,5000.0,29.4,B
2021-06-14T09:23:11,500.0,29.4,B
2021-06-14T09:23:05,2000.0,29.4,B
2021-06-14T09:22:51,1000.0,29.4,S
2021-06-14T09:22:37,1600.0,29.4,S
2021-06-14T09:22:30,1400.0,29.4,S
2021-06-14T09:22:23,1000.0,29.4,S
2021-06-14T09:22:18,1000.0,29.4,S
2021-06-14T09:22:07,200.0,29.4,S
2021-06-14T09:22:07,600.0,29.4,S
2021-06-14T09:22:02,1200.0,29.4,S
2021-06-14T09:22:00,200.0,29.4,S
2021-06-14T09:21:55,100.0,29.4,S
2021-06-14T09:21:55,3000.0,29.4,S
2021-06-14T09:21:49,10000.0,29.4,S
2021-06-14T09:21:42,10000.0,29.4,S
2021-06-14T09:21:40,200.0,29.4,S
2021-06-14T09:21:30,1000.0,29.4,S
2021-06-14T09:21:28,300.0,29.4,S
2021-06-14T09:21:26,1000.0,29.35,S
2021-06-14T09:21:22,4700.0,29.4,S
2021-06-14T09:21:17,6000.0,29.5,B
2021-06-14T09:21:17,100.0,29.5,B
2021-06-14T09:21:17,7000.0,29.5,B
2021-06-14T09:21:17,6300.0,29.5,B
2021-06-14T09:21:17,10000.0,29.5,B
2021-06-14T09:21:00,5000.0,29.45,S
2021-06-14T09:20:52,500.0,29.4,S
2021-06-14T09:20:45,2500.0,29.4,S
2021-06-14T09:19:55,5000.0,29.4,S
2021-06-14T09:19:43,2700.0,29.4,S
2021-06-14T09:19:43,3600.0,29.4,S
2021-06-14T09:19:43,2900.0,29.4,S
2021-06-14T09:19:43,1100.0,29.4,S
2021-06-14T09:19:43,100.0,29.45,S
2021-06-14T09:19:43,100.0,29.45,S
2021-06-14T09:19:42,100.0,29.45,S
2021-06-14T09:19:31,300.0,29.45,S
2021-06-14T09:19:21,1000.0,29.45,S
2021-06-14T09:19:13,500.0,29.45,S
2021-06-14T09:19:08,300.0,29.45,S
2021-06-14T09:19:08,1700.0,29.45,S
2021-06-14T09:18:55,500.0,29.45,S
2021-06-14T09:18:40,300.0,29.45,S
2021-06-14T09:18:38,100.0,29.45,S
2021-06-14T09:18:23,2400.0,29.45,B
2021-06-14T09:18:20,1000.0,29.45,B
2021-06-14T09:18:10,1000.0,29.45,B
2021-06-14T09:18:05,100.0,29.45,B
2021-06-14T09:18:04,200.0,29.45,B
2021-06-14T09:17:57,500.0,29.45,B
2021-06-14T09:17:46,500.0,29.45,B
2021-06-14T09:17:43,400.0,29.45,B
2021-06-14T09:17:39,1100.0,29.4,S
2021-06-14T09:17:39,100.0,29.4,S
2021-06-14T09:17:38,500.0,29.45,B
2021-06-14T09:17:28,100.0,29.45,B
2021-06-14T09:17:18,5000.0,29.4,S
2021-06-14T09:17:08,1300.0,29.4,S
2021-06-14T09:17:07,500.0,29.45,B
2021-06-14T09:17:03,100.0,29.4,S
2021-06-14T09:17:01,100.0,29.4,S
2021-06-14T09:16:58,8100.0,29.45,B
2021-06-14T09:16:14,1000.0,29.4,S
2021-06-14T09:16:13,400.0,29.4,S
2021-06-14T09:15:56,2000.0,29.4,B
2021-06-14T09:15:51,100.0,29.4,B
2021-06-14T09:15:44,200.0,29.35,S
