tradingTime,volume,price,side
2021-06-14T14:26:45,2600.0,24.9,B
2021-06-14T14:26:30,400.0,24.9,B
2021-06-14T14:24:33,3900.0,24.9,B
2021-06-14T14:24:32,1400.0,24.9,B
2021-06-14T14:24:32,4700.0,24.9,B
2021-06-14T14:24:14,300.0,24.7,S
2021-06-14T14:21:06,1000.0,24.7,S
2021-06-14T14:19:13,100.0,24.6,S
2021-06-14T14:19:13,9900.0,24.6,S
2021-06-14T14:17:07,200.0,24.7,S
2021-06-14T14:17:04,1000.0,24.8,S
2021-06-14T14:16:43,1000.0,24.8,S
2021-06-14T14:15:21,500.0,24.8,S
2021-06-14T14:15:19,1700.0,24.8,S
2021-06-14T14:14:46,900.0,24.9,S
2021-06-14T14:14:28,100.0,24.9,S
2021-06-14T14:13:04,2000.0,24.9,S
2021-06-14T14:12:54,4200.0,24.85,S
2021-06-14T14:12:53,1000.0,24.9,S
2021-06-14T14:12:45,1000.0,24.9,S
2021-06-14T14:12:04,2000.0,24.9,S
2021-06-14T14:11:27,1000.0,24.9,S
2021-06-14T14:10:18,900.0,24.9,S
2021-06-14T14:09:06,10000.0,24.9,S
2021-06-14T14:07:11,1100.0,24.95,S
2021-06-14T14:07:11,800.0,24.95,S
2021-06-14T14:07:11,8100.0,24.95,S
2021-06-14T14:06:44,1000.0,24.95,S
2021-06-14T14:06:18,100.0,25.0,S
2021-06-14T14:05:42,900.0,25.0,B
2021-06-14T14:05:17,100.0,25.0,B
2021-06-14T14:05:13,1000.0,24.95,S
2021-06-14T14:04:48,1000.0,24.95,S
2021-06-14T14:03:47,100.0,25.0,S
2021-06-14T14:03:47,5000.0,25.0,S
2021-06-14T14:03:25,1500.0,25.0,S
2021-06-14T14:03:16,600.0,25.0,S
2021-06-14T14:03:16,1000.0,25.0,S
2021-06-14T14:03:16,11900.0,25.0,S
2021-06-14T14:02:54,200.0,25.0,B
2021-06-14T14:02:32,500.0,25.0,B
2021-06-14T14:02:19,100.0,24.95,S
2021-06-14T14:02:17,2000.0,25.0,B
2021-06-14T14:02:12,200.0,25.0,B
2021-06-14T14:02:07,200.0,25.0,B
2021-06-14T14:00:54,400.0,25.0,B
2021-06-14T14:00:42,500.0,24.95,S
2021-06-14T14:00:08,100.0,25.0,B
2021-06-14T13:59:53,1500.0,24.95,S
2021-06-14T13:56:59,2000.0,24.95,S
2021-06-14T13:56:06,4200.0,24.95,S
2021-06-14T13:55:52,700.0,24.95,S
2021-06-14T13:55:52,500.0,24.95,S
2021-06-14T13:55:28,200.0,24.95,S
2021-06-14T13:55:28,800.0,24.95,S
2021-06-14T13:54:27,1000.0,24.95,S
2021-06-14T13:54:04,400.0,24.95,S
2021-06-14T13:53:31,700.0,24.95,S
2021-06-14T13:53:01,100.0,25.0,B
2021-06-14T13:52:51,300.0,25.0,B
2021-06-14T13:51:28,3800.0,25.0,B
2021-06-14T13:51:28,100.0,25.0,B
2021-06-14T13:51:28,1500.0,25.0,B
2021-06-14T13:51:28,500.0,25.0,B
2021-06-14T13:51:28,3100.0,25.0,B
2021-06-14T13:51:28,1000.0,25.0,B
2021-06-14T13:51:24,1000.0,25.0,B
2021-06-14T13:50:38,2000.0,25.0,B
2021-06-14T13:49:37,1000.0,24.95,S
2021-06-14T13:48:41,2800.0,25.0,B
2021-06-14T13:48:40,100.0,24.95,S
2021-06-14T13:48:39,900.0,24.95,S
2021-06-14T13:48:26,500.0,24.95,S
2021-06-14T13:48:22,3000.0,24.95,S
2021-06-14T13:47:26,500.0,25.0,S
2021-06-14T13:47:07,1000.0,24.95,S
2021-06-14T13:46:55,600.0,24.95,S
2021-06-14T13:46:11,200.0,24.95,S
2021-06-14T13:46:11,1000.0,25.0,S
2021-06-14T13:46:10,700.0,25.0,S
2021-06-14T13:44:45,600.0,25.0,S
2021-06-14T13:44:45,11500.0,25.0,S
2021-06-14T13:44:45,600.0,25.0,S
2021-06-14T13:44:45,4300.0,25.0,S
2021-06-14T13:44:36,2800.0,25.05,S
2021-06-14T13:44:35,100.0,25.05,S
2021-06-14T13:44:33,100.0,25.05,S
2021-06-14T13:44:29,400.0,25.05,S
2021-06-14T13:42:28,1000.0,25.05,S
2021-06-14T13:41:16,1000.0,25.1,B
2021-06-14T13:41:02,400.0,25.05,S
2021-06-14T13:40:57,200.0,25.1,B
2021-06-14T13:40:31,100.0,25.05,S
2021-06-14T13:39:31,1000.0,25.05,S
2021-06-14T13:38:24,500.0,25.05,S
2021-06-14T13:37:56,100.0,25.05,S
2021-06-14T13:37:29,400.0,25.0,S
2021-06-14T13:37:15,1000.0,25.0,S
2021-06-14T13:37:11,8600.0,25.0,S
2021-06-14T13:36:56,9000.0,25.0,S
2021-06-14T13:36:56,200.0,25.0,S
2021-06-14T13:36:56,100.0,25.0,S
2021-06-14T13:36:56,200.0,25.0,S
2021-06-14T13:36:56,8700.0,25.0,S
2021-06-14T13:36:56,600.0,25.0,S
2021-06-14T13:36:56,100.0,25.0,S
2021-06-14T13:36:55,1100.0,25.05,S
2021-06-14T13:36:07,700.0,25.05,S
2021-06-14T13:34:44,4800.0,25.1,B
2021-06-14T13:32:59,1000.0,25.1,B
2021-06-14T13:32:21,200.0,25.1,B
2021-06-14T13:32:12,3000.0,25.1,B
2021-06-14T13:31:06,500.0,25.1,B
2021-06-14T13:30:31,3000.0,25.1,B
2021-06-14T13:30:09,100.0,25.1,B
2021-06-14T13:29:46,300.0,25.0,S
2021-06-14T13:29:46,2200.0,25.0,S
2021-06-14T13:29:46,1900.0,25.0,S
2021-06-14T13:29:46,5000.0,25.0,S
2021-06-14T13:29:46,10600.0,25.0,S
2021-06-14T13:29:31,400.0,25.1,B
2021-06-14T13:29:25,100.0,25.1,B
2021-06-14T13:28:57,100.0,25.05,S
2021-06-14T13:27:31,1000.0,25.1,B
2021-06-14T13:27:29,500.0,25.1,B
2021-06-14T13:27:29,2000.0,25.1,B
2021-06-14T13:27:27,700.0,25.0,S
2021-06-14T13:27:17,20000.0,25.0,S
2021-06-14T13:27:09,300.0,25.1,B
2021-06-14T13:27:09,2300.0,25.1,B
2021-06-14T13:27:03,1000.0,25.1,B
2021-06-14T13:25:57,100.0,25.1,B
2021-06-14T13:24:49,2000.0,25.1,B
2021-06-14T13:24:47,400.0,25.1,B
2021-06-14T13:24:12,10000.0,25.0,S
2021-06-14T13:21:54,100.0,25.0,S
2021-06-14T13:21:21,200.0,25.0,B
2021-06-14T13:21:11,1000.0,25.0,B
2021-06-14T13:19:25,800.0,25.0,B
2021-06-14T13:19:19,100.0,25.0,B
2021-06-14T13:18:09,300.0,25.0,B
2021-06-14T13:17:54,2000.0,24.95,S
2021-06-14T13:17:39,2800.0,25.0,B
2021-06-14T13:17:39,6300.0,25.0,B
2021-06-14T13:17:23,1600.0,25.0,B
2021-06-14T13:17:16,200.0,24.95,S
2021-06-14T13:17:12,20000.0,25.0,B
2021-06-14T13:17:00,500.0,25.0,B
2021-06-14T13:16:08,18000.0,25.0,B
2021-06-14T13:15:12,100.0,25.0,B
2021-06-14T13:14:52,100.0,25.0,B
2021-06-14T13:14:31,200.0,25.0,B
2021-06-14T13:14:12,100.0,24.95,S
2021-06-14T13:14:04,700.0,25.0,B
2021-06-14T13:13:40,1000.0,24.95,S
2021-06-14T13:13:08,20000.0,25.0,B
2021-06-14T13:12:49,100.0,25.0,B
2021-06-14T13:12:40,2000.0,24.95,S
2021-06-14T13:12:24,200.0,25.0,B
2021-06-14T13:12:12,20000.0,25.0,B
2021-06-14T13:11:58,200.0,25.0,B
2021-06-14T13:11:48,1000.0,24.95,S
2021-06-14T13:11:47,200.0,25.0,B
2021-06-14T13:11:34,1000.0,24.95,S
2021-06-14T13:11:23,100.0,25.0,B
2021-06-14T13:11:19,4000.0,25.0,B
2021-06-14T13:10:10,200.0,25.0,B
2021-06-14T13:09:38,1000.0,25.0,B
2021-06-14T13:08:07,100.0,25.0,B
2021-06-14T13:07:08,2000.0,24.95,S
2021-06-14T13:06:32,10000.0,24.95,S
2021-06-14T13:04:53,100.0,24.95,S
2021-06-14T13:04:49,500.0,24.95,S
2021-06-14T13:03:59,2000.0,24.95,S
2021-06-14T13:03:16,100.0,25.0,B
2021-06-14T13:03:06,25000.0,25.0,B
2021-06-14T13:03:03,2500.0,24.95,S
2021-06-14T13:01:57,200.0,25.0,S
2021-06-14T13:01:49,1300.0,25.0,S
2021-06-14T13:01:26,14900.0,25.1,B
2021-06-14T13:01:26,200.0,25.1,B
2021-06-14T13:01:26,4900.0,25.1,B
2021-06-14T13:01:16,1000.0,25.1,B
2021-06-14T13:00:34,400.0,25.1,B
2021-06-14T13:00:27,400.0,25.1,B
2021-06-14T13:00:25,100.0,25.0,S
2021-06-14T13:00:24,100.0,25.1,B
2021-06-14T11:29:29,100.0,25.1,B
2021-06-14T11:28:45,2000.0,25.1,B
2021-06-14T11:28:40,300.0,25.0,S
2021-06-14T11:28:20,1200.0,25.0,S
2021-06-14T11:28:20,6400.0,25.0,S
2021-06-14T11:28:20,100.0,25.0,S
2021-06-14T11:28:20,1200.0,25.0,S
2021-06-14T11:28:20,100.0,25.0,S
2021-06-14T11:28:20,2300.0,25.0,S
2021-06-14T11:28:20,1200.0,25.05,S
2021-06-14T11:28:20,1500.0,25.05,S
2021-06-14T11:28:05,300.0,25.05,S
2021-06-14T11:27:42,100.0,25.05,S
2021-06-14T11:26:50,700.0,25.1,B
2021-06-14T11:26:44,200.0,25.1,S
2021-06-14T11:25:37,2000.0,25.1,S
2021-06-14T11:25:13,1000.0,25.15,B
2021-06-14T11:23:59,500.0,25.1,S
2021-06-14T11:23:01,1900.0,25.15,S
2021-06-14T11:22:58,500.0,25.15,S
2021-06-14T11:22:36,800.0,25.15,S
2021-06-14T11:22:14,500.0,25.15,S
2021-06-14T11:22:13,400.0,25.15,S
2021-06-14T11:21:41,300.0,25.15,S
2021-06-14T11:21:20,100.0,25.15,S
2021-06-14T11:20:58,100.0,25.15,S
2021-06-14T11:20:44,3600.0,25.15,S
2021-06-14T11:20:34,400.0,25.15,S
2021-06-14T11:20:14,500.0,25.15,S
2021-06-14T11:20:02,1500.0,25.05,S
2021-06-14T11:20:01,500.0,25.2,B
2021-06-14T11:19:53,1900.0,25.15,S
2021-06-14T11:19:53,1000.0,25.15,S
2021-06-14T11:19:41,2000.0,25.15,S
2021-06-14T11:19:21,100.0,25.15,S
2021-06-14T11:19:05,200.0,25.15,S
2021-06-14T11:18:57,700.0,25.2,B
2021-06-14T11:18:51,200.0,25.15,S
2021-06-14T11:17:27,1000.0,25.15,S
2021-06-14T11:17:08,1300.0,25.15,S
2021-06-14T11:16:57,300.0,25.15,S
2021-06-14T11:16:24,1000.0,25.15,S
2021-06-14T11:16:16,1000.0,25.15,S
2021-06-14T11:16:06,1000.0,25.15,S
2021-06-14T11:16:06,500.0,25.15,S
2021-06-14T11:15:17,100.0,25.2,B
2021-06-14T11:15:10,500.0,25.15,S
2021-06-14T11:14:45,2000.0,25.15,S
2021-06-14T11:14:45,3000.0,25.15,S
2021-06-14T11:14:41,10000.0,25.2,B
2021-06-14T11:14:35,100.0,25.15,S
2021-06-14T11:14:33,1000.0,25.15,S
2021-06-14T11:14:16,100.0,25.15,S
2021-06-14T11:14:12,1000.0,25.15,S
2021-06-14T11:13:56,1000.0,25.15,S
2021-06-14T11:13:55,100.0,25.15,S
2021-06-14T11:13:33,1000.0,25.15,S
2021-06-14T11:13:18,800.0,25.15,S
2021-06-14T11:13:15,2000.0,25.2,B
2021-06-14T11:12:46,1000.0,25.15,S
2021-06-14T11:11:49,100.0,25.15,B
2021-06-14T11:11:49,900.0,25.1,B
2021-06-14T11:11:43,900.0,25.0,B
2021-06-14T11:11:25,100.0,25.1,B
2021-06-14T11:11:16,3000.0,25.0,B
2021-06-14T11:11:16,1000.0,25.0,B
2021-06-14T11:11:08,400.0,25.0,B
2021-06-14T11:11:00,1100.0,25.0,B
2021-06-14T11:11:00,100.0,25.0,B
2021-06-14T11:11:00,1800.0,25.0,B
2021-06-14T11:11:00,1500.0,25.0,B
2021-06-14T11:10:59,100.0,25.0,B
2021-06-14T11:10:58,1400.0,25.0,B
2021-06-14T11:10:58,3600.0,25.0,B
2021-06-14T11:10:56,800.0,25.0,B
2021-06-14T11:10:56,1400.0,25.0,B
2021-06-14T11:10:56,14000.0,25.0,B
2021-06-14T11:10:48,300.0,24.95,S
2021-06-14T11:10:44,400.0,25.0,B
2021-06-14T11:10:39,100.0,25.0,B
2021-06-14T11:10:38,500.0,25.0,B
2021-06-14T11:10:37,4500.0,25.0,B
2021-06-14T11:10:24,5700.0,25.0,B
2021-06-14T11:10:24,11200.0,25.0,B
2021-06-14T11:10:13,200.0,25.0,B
2021-06-14T11:09:40,1200.0,24.95,B
2021-06-14T11:09:37,5000.0,25.0,B
2021-06-14T11:09:20,4000.0,24.95,B
2021-06-14T11:09:19,10000.0,24.9,S
2021-06-14T11:09:15,100.0,24.9,S
2021-06-14T11:09:12,200.0,24.9,S
2021-06-14T11:08:38,5400.0,24.9,B
2021-06-14T11:08:26,1000.0,24.9,B
2021-06-14T11:08:22,1000.0,24.9,B
2021-06-14T11:08:17,300.0,24.9,B
2021-06-14T11:08:11,600.0,24.9,B
2021-06-14T11:07:58,200.0,24.85,S
2021-06-14T11:07:56,200.0,24.85,S
2021-06-14T11:07:49,1000.0,24.9,B
2021-06-14T11:07:47,200.0,24.9,B
2021-06-14T11:07:45,100.0,24.9,B
2021-06-14T11:07:24,300.0,24.9,B
2021-06-14T11:07:23,200.0,24.9,B
2021-06-14T11:07:23,200.0,24.9,B
2021-06-14T11:07:21,1000.0,24.9,B
2021-06-14T11:07:15,300.0,24.9,B
2021-06-14T11:07:11,300.0,24.9,B
2021-06-14T11:07:08,100.0,24.85,S
2021-06-14T11:07:06,300.0,24.9,B
2021-06-14T11:06:58,200.0,24.9,B
2021-06-14T11:06:57,100.0,24.9,B
2021-06-14T11:06:55,200.0,24.85,S
2021-06-14T11:06:50,300.0,24.9,B
2021-06-14T11:06:33,500.0,24.85,S
2021-06-14T11:06:09,1000.0,24.8,S
2021-06-14T11:05:55,1000.0,24.8,S
2021-06-14T11:04:55,400.0,24.9,B
2021-06-14T11:04:33,2000.0,24.8,B
2021-06-14T11:04:33,1000.0,24.75,B
2021-06-14T11:04:33,100.0,24.75,B
2021-06-14T11:04:01,100.0,24.65,S
2021-06-14T11:03:19,300.0,24.6,B
2021-06-14T11:03:15,1000.0,24.7,B
2021-06-14T11:03:07,1800.0,24.7,B
2021-06-14T11:02:52,1100.0,24.6,B
2021-06-14T11:02:52,200.0,24.6,B
2021-06-14T11:02:51,2600.0,24.6,B
2021-06-14T11:02:15,1000.0,24.55,B
2021-06-14T11:01:56,1000.0,24.55,B
2021-06-14T11:01:26,300.0,24.55,B
2021-06-14T11:01:20,100.0,24.55,B
2021-06-14T11:01:07,1000.0,24.55,B
2021-06-14T11:00:57,2600.0,24.55,B
2021-06-14T10:59:41,500.0,24.55,B
2021-06-14T10:59:39,200.0,24.5,B
2021-06-14T10:59:05,200.0,24.5,B
2021-06-14T10:59:00,200.0,24.45,S
2021-06-14T10:58:21,100.0,24.45,S
2021-06-14T10:58:15,100.0,24.45,S
2021-06-14T10:57:10,4800.0,24.45,S
2021-06-14T10:56:16,2500.0,24.5,B
2021-06-14T10:56:16,6300.0,24.5,B
2021-06-14T10:56:00,200.0,24.5,B
2021-06-14T10:55:47,2600.0,24.5,B
2021-06-14T10:55:25,900.0,24.5,B
2021-06-14T10:55:25,500.0,24.5,B
2021-06-14T10:55:25,800.0,24.5,B
2021-06-14T10:55:23,300.0,24.5,B
2021-06-14T10:55:03,100.0,24.5,B
2021-06-14T10:54:37,100.0,24.4,S
2021-06-14T10:54:08,1000.0,24.4,S
2021-06-14T10:53:54,1900.0,24.5,B
2021-06-14T10:53:54,500.0,24.5,B
2021-06-14T10:53:54,400.0,24.5,B
2021-06-14T10:53:54,1000.0,24.5,B
2021-06-14T10:53:54,1200.0,24.5,B
2021-06-14T10:53:52,100.0,24.5,B
2021-06-14T10:53:50,500.0,24.5,B
2021-06-14T10:53:33,900.0,24.5,B
2021-06-14T10:52:38,1400.0,24.4,S
2021-06-14T10:52:35,1300.0,24.4,S
2021-06-14T10:52:35,700.0,24.4,S
2021-06-14T10:52:35,600.0,24.4,S
2021-06-14T10:52:28,200.0,24.4,B
2021-06-14T10:52:10,500.0,24.5,B
2021-06-14T10:52:03,500.0,24.5,B
2021-06-14T10:51:49,200.0,24.5,B
2021-06-14T10:51:06,500.0,24.5,B
2021-06-14T10:50:46,3000.0,24.5,B
2021-06-14T10:50:44,2000.0,24.4,B
2021-06-14T10:50:42,200.0,24.35,S
2021-06-14T10:50:38,500.0,24.4,B
2021-06-14T10:50:30,2000.0,24.4,B
2021-06-14T10:50:21,1000.0,24.4,B
2021-06-14T10:50:11,500.0,24.4,B
2021-06-14T10:49:41,400.0,24.4,B
2021-06-14T10:49:41,1600.0,24.4,B
2021-06-14T10:49:22,1000.0,24.3,S
2021-06-14T10:49:15,1000.0,24.4,B
2021-06-14T10:48:53,5000.0,24.4,B
2021-06-14T10:48:52,300.0,24.35,B
2021-06-14T10:48:51,2000.0,24.3,S
2021-06-14T10:48:49,100.0,24.35,B
2021-06-14T10:48:45,1000.0,24.3,S
2021-06-14T10:47:42,500.0,24.35,B
2021-06-14T10:47:41,500.0,24.35,B
2021-06-14T10:47:25,200.0,24.35,B
2021-06-14T10:47:11,500.0,24.35,B
2021-06-14T10:46:59,500.0,24.35,B
2021-06-14T10:46:55,100.0,24.3,B
2021-06-14T10:46:41,500.0,24.35,B
2021-06-14T10:46:35,2300.0,24.3,B
2021-06-14T10:46:30,1200.0,24.3,B
2021-06-14T10:45:57,200.0,24.3,B
2021-06-14T10:45:10,500.0,24.3,B
2021-06-14T10:44:53,600.0,24.3,B
2021-06-14T10:44:38,200.0,24.3,B
2021-06-14T10:44:08,3600.0,24.3,B
2021-06-14T10:43:31,700.0,24.25,B
2021-06-14T10:43:24,1400.0,24.3,B
2021-06-14T10:43:22,1300.0,24.3,B
2021-06-14T10:42:57,200.0,24.3,B
2021-06-14T10:42:11,2900.0,24.3,B
2021-06-14T10:42:11,100.0,24.3,B
2021-06-14T10:42:11,12000.0,24.3,B
2021-06-14T10:42:03,200.0,24.25,B
2021-06-14T10:41:23,300.0,24.25,B
2021-06-14T10:40:18,200.0,24.25,B
2021-06-14T10:39:24,800.0,24.25,S
2021-06-14T10:39:08,200.0,24.25,S
2021-06-14T10:39:01,200.0,24.25,S
2021-06-14T10:38:42,300.0,24.25,S
2021-06-14T10:38:03,200.0,24.25,S
2021-06-14T10:37:02,500.0,24.3,B
2021-06-14T10:35:03,500.0,24.3,B
2021-06-14T10:30:20,100.0,24.2,S
2021-06-14T10:30:04,100.0,24.2,S
2021-06-14T10:25:51,1700.0,24.2,B
2021-06-14T10:25:43,100.0,24.2,B
2021-06-14T10:25:05,600.0,24.2,B
2021-06-14T10:23:15,100.0,24.2,B
2021-06-14T10:20:52,500.0,24.2,B
2021-06-14T10:20:36,100.0,24.2,B
2021-06-14T10:20:27,100.0,24.2,B
2021-06-14T10:19:22,1000.0,24.2,B
2021-06-14T10:18:34,400.0,24.2,B
2021-06-14T10:18:06,500.0,24.2,B
2021-06-14T10:17:31,1000.0,24.2,B
2021-06-14T10:17:19,900.0,24.2,B
2021-06-14T10:17:09,900.0,24.0,S
2021-06-14T10:16:36,10000.0,24.2,B
2021-06-14T10:14:47,2000.0,24.0,S
2021-06-14T10:13:48,1000.0,24.0,S
2021-06-14T10:13:17,4000.0,24.2,B
2021-06-14T10:13:16,900.0,24.0,S
2021-06-14T10:11:09,100.0,24.0,B
2021-06-14T10:10:38,500.0,24.0,B
2021-06-14T10:10:00,400.0,24.0,B
2021-06-14T10:09:47,500.0,23.95,S
2021-06-14T10:09:47,100.0,24.0,B
2021-06-14T10:09:47,1400.0,24.0,B
2021-06-14T10:08:41,100.0,24.05,B
2021-06-14T10:07:51,900.0,24.0,B
2021-06-14T10:07:25,300.0,24.0,B
2021-06-14T10:07:10,600.0,24.0,S
2021-06-14T10:07:08,500.0,24.0,S
2021-06-14T10:06:37,200.0,24.0,S
2021-06-14T10:06:35,200.0,24.0,S
2021-06-14T10:06:35,500.0,24.0,S
2021-06-14T10:06:35,3300.0,24.0,S
2021-06-14T10:06:23,300.0,24.2,B
2021-06-14T10:05:24,200.0,24.0,S
2021-06-14T10:02:38,200.0,24.2,B
2021-06-14T10:01:43,3000.0,24.0,S
2021-06-14T10:01:29,900.0,24.15,S
2021-06-14T10:00:33,1800.0,24.2,S
2021-06-14T10:00:20,2700.0,24.2,S
2021-06-14T10:00:02,400.0,24.2,S
2021-06-14T09:59:51,2000.0,24.2,S
2021-06-14T09:59:28,100.0,24.2,S
2021-06-14T09:59:18,1000.0,24.2,S
2021-06-14T09:58:18,1000.0,24.2,S
2021-06-14T09:57:31,300.0,24.2,S
2021-06-14T09:57:19,100.0,24.3,B
2021-06-14T09:56:47,200.0,24.2,S
2021-06-14T09:55:35,2500.0,24.2,S
2021-06-14T09:55:02,200.0,24.3,B
2021-06-14T09:52:20,1000.0,24.3,B
2021-06-14T09:51:46,3000.0,24.3,B
2021-06-14T09:48:49,2000.0,24.35,B
2021-06-14T09:48:38,400.0,24.2,S
2021-06-14T09:48:23,600.0,24.3,B
2021-06-14T09:48:22,1400.0,24.3,B
2021-06-14T09:48:05,400.0,24.2,S
2021-06-14T09:47:16,100.0,24.3,B
2021-06-14T09:46:49,100.0,24.3,B
2021-06-14T09:45:52,300.0,24.3,S
2021-06-14T09:45:51,500.0,24.3,S
2021-06-14T09:44:53,500.0,24.3,S
2021-06-14T09:44:38,2000.0,24.3,S
2021-06-14T09:44:34,500.0,24.3,S
2021-06-14T09:43:01,1000.0,24.3,S
2021-06-14T09:43:00,400.0,24.3,S
2021-06-14T09:42:50,600.0,24.35,B
2021-06-14T09:42:50,400.0,24.35,B
2021-06-14T09:42:28,1300.0,24.3,S
2021-06-14T09:42:28,200.0,24.3,S
2021-06-14T09:42:28,200.0,24.3,S
2021-06-14T09:42:28,1300.0,24.3,S
2021-06-14T09:39:08,100.0,24.3,B
2021-06-14T09:38:52,500.0,24.35,B
2021-06-14T09:38:50,100.0,24.3,B
2021-06-14T09:38:41,400.0,24.3,B
2021-06-14T09:37:53,1000.0,24.3,B
2021-06-14T09:37:34,900.0,24.3,B
2021-06-14T09:37:13,200.0,24.35,B
2021-06-14T09:36:56,1000.0,24.3,B
2021-06-14T09:36:30,100.0,24.3,B
2021-06-14T09:36:28,500.0,24.3,B
2021-06-14T09:35:48,1000.0,24.3,B
2021-06-14T09:35:44,1000.0,24.3,B
2021-06-14T09:34:58,100.0,24.3,B
2021-06-14T09:34:43,200.0,24.3,B
2021-06-14T09:33:58,100.0,24.3,B
2021-06-14T09:33:54,600.0,24.3,B
2021-06-14T09:33:50,400.0,24.3,B
2021-06-14T09:33:49,100.0,24.3,B
2021-06-14T09:33:48,500.0,24.3,B
2021-06-14T09:33:43,2000.0,24.3,B
2021-06-14T09:32:29,400.0,24.3,B
2021-06-14T09:32:14,100.0,24.3,B
2021-06-14T09:31:48,100.0,24.2,S
2021-06-14T09:31:42,200.0,24.2,S
2021-06-14T09:31:18,100.0,24.2,S
2021-06-14T09:30:11,100.0,24.2,B
2021-06-14T09:29:49,200.0,24.2,B
2021-06-14T09:29:37,2900.0,24.0,S
2021-06-14T09:29:37,2100.0,24.0,S
2021-06-14T09:29:37,500.0,24.05,S
2021-06-14T09:29:37,5200.0,24.1,S
2021-06-14T09:29:37,9300.0,24.2,B
2021-06-14T09:29:28,1000.0,24.2,B
2021-06-14T09:29:12,1000.0,24.2,B
2021-06-14T09:28:44,1800.0,24.2,B
2021-06-14T09:28:36,2700.0,24.2,B
2021-06-14T09:27:31,200.0,24.2,B
2021-06-14T09:27:00,200.0,24.2,B
2021-06-14T09:26:09,100.0,24.1,S
2021-06-14T09:25:47,100.0,24.15,S
2021-06-14T09:24:17,800.0,24.1,B
2021-06-14T09:24:15,100.0,24.0,S
2021-06-14T09:23:21,1000.0,24.0,S
2021-06-14T09:22:06,100.0,24.0,B
2021-06-14T09:21:26,700.0,24.0,B
2021-06-14T09:21:25,500.0,24.0,B
2021-06-14T09:20:55,600.0,24.0,B
2021-06-14T09:20:52,500.0,24.0,B
2021-06-14T09:20:43,1800.0,24.0,B
2021-06-14T09:19:23,200.0,24.0,B
2021-06-14T09:19:22,100.0,24.0,B
2021-06-14T09:16:55,3000.0,23.95,B
