tradingTime,volume,price,side
2021-06-14T14:30:06,1000.0,44.8,B
2021-06-14T14:29:36,5400.0,44.75,S
2021-06-14T14:29:36,4600.0,44.75,S
2021-06-14T14:28:28,1000.0,44.8,B
2021-06-14T14:28:07,500.0,44.75,S
2021-06-14T14:27:59,1600.0,44.8,B
2021-06-14T14:27:59,8400.0,44.8,B
2021-06-14T14:27:57,5000.0,44.8,B
2021-06-14T14:27:50,700.0,44.8,B
2021-06-14T14:27:45,500.0,44.8,B
2021-06-14T14:27:43,400.0,44.8,B
2021-06-14T14:27:39,3000.0,44.8,B
2021-06-14T14:27:30,100.0,44.8,B
2021-06-14T14:27:17,4000.0,44.8,B
2021-06-14T14:27:12,1100.0,44.8,B
2021-06-14T14:27:12,400.0,44.8,B
2021-06-14T14:27:09,200.0,44.8,B
2021-06-14T14:27:01,4700.0,44.8,B
2021-06-14T14:27:00,500.0,44.8,B
2021-06-14T14:27:00,3600.0,44.8,B
2021-06-14T14:27:00,17400.0,44.8,B
2021-06-14T14:27:00,900.0,44.8,B
2021-06-14T14:27:00,300.0,44.8,B
2021-06-14T14:27:00,900.0,44.8,B
2021-06-14T14:27:00,1700.0,44.8,B
2021-06-14T14:26:59,200.0,44.8,B
2021-06-14T14:26:59,1800.0,44.8,B
2021-06-14T14:26:59,3000.0,44.8,B
2021-06-14T14:26:59,3600.0,44.8,B
2021-06-14T14:26:59,2700.0,44.8,B
2021-06-14T14:26:58,18700.0,44.8,B
2021-06-14T14:26:58,100.0,44.8,B
2021-06-14T14:26:57,10100.0,44.8,B
2021-06-14T14:26:57,1000.0,44.75,S
2021-06-14T14:26:52,1000.0,44.8,B
2021-06-14T14:26:52,10000.0,44.8,B
2021-06-14T14:26:51,1100.0,44.8,B
2021-06-14T14:26:50,800.0,44.8,B
2021-06-14T14:26:48,1000.0,44.8,B
2021-06-14T14:26:48,10000.0,44.8,B
2021-06-14T14:26:45,200.0,44.8,B
2021-06-14T14:26:40,300.0,44.8,B
2021-06-14T14:26:39,500.0,44.8,B
2021-06-14T14:26:37,700.0,44.8,B
2021-06-14T14:26:37,400.0,44.8,B
2021-06-14T14:26:34,800.0,44.8,B
2021-06-14T14:26:33,500.0,44.8,B
2021-06-14T14:26:32,600.0,44.8,B
2021-06-14T14:26:32,500.0,44.75,S
2021-06-14T14:26:23,1000.0,44.8,B
2021-06-14T14:26:22,300.0,44.75,S
2021-06-14T14:26:19,2000.0,44.8,B
2021-06-14T14:26:13,1000.0,44.8,B
2021-06-14T14:26:12,500.0,44.75,S
2021-06-14T14:26:11,200.0,44.75,S
2021-06-14T14:26:07,900.0,44.75,B
2021-06-14T14:26:07,600.0,44.75,B
2021-06-14T14:26:06,300.0,44.75,B
2021-06-14T14:26:05,8600.0,44.75,B
2021-06-14T14:26:04,500.0,44.75,B
2021-06-14T14:26:03,700.0,44.75,B
2021-06-14T14:26:02,1600.0,44.75,B
2021-06-14T14:26:02,5400.0,44.75,B
2021-06-14T14:26:01,800.0,44.75,B
2021-06-14T14:25:57,1000.0,44.75,B
2021-06-14T14:25:56,4000.0,44.75,B
2021-06-14T14:25:52,100.0,44.75,B
2021-06-14T14:25:51,400.0,44.75,B
2021-06-14T14:25:50,11000.0,44.75,B
2021-06-14T14:25:45,100.0,44.75,B
2021-06-14T14:25:45,4400.0,44.75,B
2021-06-14T14:25:43,200.0,44.75,B
2021-06-14T14:25:42,500.0,44.75,B
2021-06-14T14:25:37,100.0,44.7,S
2021-06-14T14:25:35,1500.0,44.75,B
2021-06-14T14:25:31,1000.0,44.75,B
2021-06-14T14:25:22,5000.0,44.75,B
2021-06-14T14:25:20,300.0,44.7,S
2021-06-14T14:25:17,2000.0,44.7,S
2021-06-14T14:25:17,200.0,44.7,S
2021-06-14T14:25:16,5000.0,44.75,B
2021-06-14T14:25:16,20000.0,44.7,S
2021-06-14T14:25:14,100.0,44.7,S
2021-06-14T14:25:07,100.0,44.7,S
2021-06-14T14:25:03,800.0,44.7,S
2021-06-14T14:25:03,9200.0,44.7,S
2021-06-14T14:25:02,2000.0,44.75,B
2021-06-14T14:24:59,100.0,44.7,S
2021-06-14T14:24:56,1100.0,44.75,B
2021-06-14T14:24:56,200.0,44.75,B
2021-06-14T14:24:56,9200.0,44.75,B
2021-06-14T14:24:56,300.0,44.7,S
2021-06-14T14:24:46,1100.0,44.7,B
2021-06-14T14:24:46,3100.0,44.7,B
2021-06-14T14:24:46,1000.0,44.7,B
2021-06-14T14:24:45,1000.0,44.7,B
2021-06-14T14:24:43,400.0,44.7,B
2021-06-14T14:24:43,100.0,44.7,B
2021-06-14T14:24:42,1000.0,44.7,B
2021-06-14T14:24:42,100.0,44.7,B
2021-06-14T14:24:35,500.0,44.7,B
2021-06-14T14:24:35,3200.0,44.7,B
2021-06-14T14:24:33,100.0,44.65,S
2021-06-14T14:24:31,300.0,44.65,S
2021-06-14T14:24:28,100.0,44.7,B
2021-06-14T14:24:23,500.0,44.7,B
2021-06-14T14:24:19,1900.0,44.7,B
2021-06-14T14:24:15,1100.0,44.7,B
2021-06-14T14:24:13,500.0,44.65,S
2021-06-14T14:24:11,15000.0,44.7,B
2021-06-14T14:24:08,600.0,44.7,B
2021-06-14T14:24:06,2000.0,44.7,B
2021-06-14T14:24:04,200.0,44.6,S
2021-06-14T14:24:01,3000.0,44.6,S
2021-06-14T14:24:00,100.0,44.7,B
2021-06-14T14:24:00,2000.0,44.65,S
2021-06-14T14:23:57,1700.0,44.7,B
2021-06-14T14:23:57,400.0,44.6,S
2021-06-14T14:23:55,100.0,44.65,S
2021-06-14T14:23:49,1500.0,44.7,B
2021-06-14T14:23:49,8500.0,44.7,B
2021-06-14T14:23:45,200.0,44.65,S
2021-06-14T14:23:45,2700.0,44.7,B
2021-06-14T14:23:44,3300.0,44.7,B
2021-06-14T14:23:44,100.0,44.7,B
2021-06-14T14:23:44,4100.0,44.7,B
2021-06-14T14:23:44,5400.0,44.7,B
2021-06-14T14:23:44,2700.0,44.7,B
2021-06-14T14:23:44,3100.0,44.7,B
2021-06-14T14:23:44,10500.0,44.7,B
2021-06-14T14:23:42,300.0,44.65,S
2021-06-14T14:23:40,100.0,44.6,S
2021-06-14T14:23:40,400.0,44.6,S
2021-06-14T14:23:40,400.0,44.6,S
2021-06-14T14:23:40,100.0,44.6,S
2021-06-14T14:23:39,1000.0,44.6,S
2021-06-14T14:23:37,1000.0,44.6,S
2021-06-14T14:23:36,1000.0,44.6,S
2021-06-14T14:23:35,1000.0,44.65,S
2021-06-14T14:23:34,1000.0,44.65,S
2021-06-14T14:23:34,1300.0,44.65,S
2021-06-14T14:23:33,2000.0,44.65,S
2021-06-14T14:23:30,1000.0,44.6,S
2021-06-14T14:23:29,10000.0,44.7,B
2021-06-14T14:23:26,1000.0,44.6,S
2021-06-14T14:23:23,1000.0,44.65,S
2021-06-14T14:23:23,500.0,44.65,S
2021-06-14T14:23:21,900.0,44.6,S
2021-06-14T14:23:20,2600.0,44.6,S
2021-06-14T14:23:12,100.0,44.6,S
2021-06-14T14:23:11,600.0,44.65,S
2021-06-14T14:23:09,3000.0,44.6,S
2021-06-14T14:23:07,3000.0,44.65,S
2021-06-14T14:23:00,700.0,44.6,S
2021-06-14T14:22:58,400.0,44.7,B
2021-06-14T14:22:56,1000.0,44.6,S
2021-06-14T14:22:55,800.0,44.65,S
2021-06-14T14:22:54,2000.0,44.6,S
2021-06-14T14:22:53,1000.0,44.7,B
2021-06-14T14:22:52,1400.0,44.7,B
2021-06-14T14:22:49,100.0,44.65,S
2021-06-14T14:22:48,100.0,44.65,S
2021-06-14T14:22:46,2000.0,44.65,S
2021-06-14T14:22:46,300.0,44.6,S
2021-06-14T14:22:46,700.0,44.6,S
2021-06-14T14:22:43,3600.0,44.65,S
2021-06-14T14:22:38,44100.0,44.65,S
2021-06-14T14:22:37,10000.0,44.65,S
2021-06-14T14:22:35,1900.0,44.65,S
2021-06-14T14:22:32,700.0,44.7,B
2021-06-14T14:22:31,100.0,44.7,B
2021-06-14T14:22:28,7400.0,44.65,S
2021-06-14T14:22:27,1000.0,44.7,B
2021-06-14T14:22:25,500.0,44.65,S
2021-06-14T14:22:21,6500.0,44.7,B
2021-06-14T14:22:21,11000.0,44.7,B
2021-06-14T14:22:21,500.0,44.7,B
2021-06-14T14:22:21,400.0,44.7,B
2021-06-14T14:22:21,5500.0,44.7,B
2021-06-14T14:22:21,18100.0,44.7,B
2021-06-14T14:22:21,4500.0,44.7,B
2021-06-14T14:22:19,1300.0,44.7,B
2021-06-14T14:22:19,1200.0,44.7,B
2021-06-14T14:22:19,200.0,44.7,B
2021-06-14T14:22:19,200.0,44.7,B
2021-06-14T14:22:19,2900.0,44.7,B
2021-06-14T14:22:19,200.0,44.7,B
2021-06-14T14:22:19,100.0,44.7,B
2021-06-14T14:22:19,500.0,44.7,B
2021-06-14T14:22:19,20600.0,44.7,B
2021-06-14T14:22:19,26800.0,44.7,B
2021-06-14T14:22:19,4000.0,44.7,B
2021-06-14T14:22:19,24500.0,44.65,S
2021-06-14T14:22:19,1000.0,44.65,S
2021-06-14T14:22:17,200.0,44.65,S
2021-06-14T14:22:16,1400.0,44.65,S
2021-06-14T14:22:16,3300.0,44.65,S
2021-06-14T14:22:14,700.0,44.65,S
2021-06-14T14:22:11,200.0,44.65,S
2021-06-14T14:22:10,1000.0,44.65,S
2021-06-14T14:22:09,10600.0,44.65,S
2021-06-14T14:22:08,100.0,44.7,B
2021-06-14T14:22:08,1000.0,44.65,S
2021-06-14T14:22:06,100.0,44.65,S
2021-06-14T14:22:05,10000.0,44.7,B
2021-06-14T14:22:04,1000.0,44.65,S
2021-06-14T14:22:03,200.0,44.65,S
2021-06-14T14:22:01,300.0,44.65,S
2021-06-14T14:21:57,1700.0,44.65,S
2021-06-14T14:21:57,7000.0,44.65,S
2021-06-14T14:21:54,1000.0,44.65,S
2021-06-14T14:21:53,1500.0,44.7,B
2021-06-14T14:21:53,1000.0,44.7,B
2021-06-14T14:21:51,2000.0,44.65,S
2021-06-14T14:21:50,500.0,44.65,S
2021-06-14T14:21:45,5000.0,44.7,B
2021-06-14T14:21:45,100.0,44.7,B
2021-06-14T14:21:45,100.0,44.7,B
2021-06-14T14:21:43,300.0,44.65,S
2021-06-14T14:21:43,100.0,44.65,S
2021-06-14T14:21:42,500.0,44.7,B
2021-06-14T14:21:38,400.0,44.65,S
2021-06-14T14:21:38,2000.0,44.65,S
2021-06-14T14:21:38,1000.0,44.65,S
2021-06-14T14:21:35,500.0,44.65,S
2021-06-14T14:21:34,1000.0,44.65,S
2021-06-14T14:21:34,10400.0,44.65,S
2021-06-14T14:21:32,400.0,44.65,S
2021-06-14T14:21:31,1000.0,44.6,S
2021-06-14T14:21:30,1000.0,44.65,S
2021-06-14T14:21:25,1300.0,44.65,S
2021-06-14T14:21:24,200.0,44.7,B
2021-06-14T14:21:21,200.0,44.65,S
2021-06-14T14:21:14,5000.0,44.65,S
2021-06-14T14:21:09,4000.0,44.65,S
2021-06-14T14:21:08,7000.0,44.65,S
2021-06-14T14:21:05,100.0,44.7,B
2021-06-14T14:21:02,100.0,44.65,S
2021-06-14T14:21:01,2000.0,44.65,S
2021-06-14T14:21:01,400.0,44.65,S
2021-06-14T14:21:00,1000.0,44.65,S
2021-06-14T14:21:00,5100.0,44.7,B
2021-06-14T14:21:00,500.0,44.65,S
2021-06-14T14:20:59,100.0,44.65,S
2021-06-14T14:20:49,100.0,44.65,S
2021-06-14T14:20:45,3400.0,44.65,S
2021-06-14T14:20:45,1000.0,44.65,S
2021-06-14T14:20:44,800.0,44.7,B
2021-06-14T14:20:43,2000.0,44.7,B
2021-06-14T14:20:42,300.0,44.65,S
2021-06-14T14:20:32,1000.0,44.65,S
2021-06-14T14:20:26,1000.0,44.7,B
2021-06-14T14:20:23,200.0,44.65,S
2021-06-14T14:20:23,100.0,44.7,B
2021-06-14T14:20:21,500.0,44.7,B
2021-06-14T14:20:21,200.0,44.65,S
2021-06-14T14:20:21,1000.0,44.7,B
2021-06-14T14:20:20,3000.0,44.7,B
2021-06-14T14:20:16,200.0,44.65,S
2021-06-14T14:20:15,300.0,44.7,B
2021-06-14T14:20:15,1000.0,44.65,S
2021-06-14T14:20:05,900.0,44.7,B
2021-06-14T14:20:04,300.0,44.7,B
2021-06-14T14:20:03,2500.0,44.65,S
2021-06-14T14:20:03,2500.0,44.65,S
2021-06-14T14:20:00,700.0,44.7,B
2021-06-14T14:19:58,4100.0,44.65,S
2021-06-14T14:19:58,200.0,44.65,S
2021-06-14T14:19:57,700.0,44.65,S
2021-06-14T14:19:57,700.0,44.65,S
2021-06-14T14:19:51,1000.0,44.7,B
2021-06-14T14:19:39,200.0,44.7,B
2021-06-14T14:19:26,1500.0,44.7,S
2021-06-14T14:19:24,4000.0,44.7,S
2021-06-14T14:19:24,300.0,44.7,S
2021-06-14T14:19:21,700.0,44.65,S
2021-06-14T14:19:20,900.0,44.7,S
2021-06-14T14:19:19,5000.0,44.7,S
2021-06-14T14:19:14,2000.0,44.7,S
2021-06-14T14:19:12,4400.0,44.7,S
2021-06-14T14:19:09,2000.0,44.7,S
2021-06-14T14:19:08,7000.0,44.7,S
2021-06-14T14:18:52,2000.0,44.7,S
2021-06-14T14:18:49,5000.0,44.7,S
2021-06-14T14:18:49,1000.0,44.7,S
2021-06-14T14:18:48,200.0,44.7,S
2021-06-14T14:18:43,6000.0,44.7,S
2021-06-14T14:18:36,1000.0,44.7,S
2021-06-14T14:18:36,100.0,44.7,S
2021-06-14T14:18:36,600.0,44.7,S
2021-06-14T14:18:36,2100.0,44.7,S
2021-06-14T14:18:34,1000.0,44.7,S
2021-06-14T14:18:33,100.0,44.7,S
2021-06-14T14:18:33,5000.0,44.7,S
2021-06-14T14:18:32,2000.0,44.7,S
2021-06-14T14:18:32,1800.0,44.7,S
2021-06-14T14:18:32,200.0,44.7,S
2021-06-14T14:18:32,600.0,44.7,S
2021-06-14T14:18:32,100.0,44.7,S
2021-06-14T14:18:32,12000.0,44.7,S
2021-06-14T14:18:32,3300.0,44.7,S
2021-06-14T14:18:32,100.0,44.7,S
2021-06-14T14:18:30,200.0,44.75,B
2021-06-14T14:18:27,200.0,44.7,S
2021-06-14T14:18:26,600.0,44.7,S
2021-06-14T14:18:21,200.0,44.7,S
2021-06-14T14:18:16,2000.0,44.7,S
2021-06-14T14:18:16,200.0,44.7,S
2021-06-14T14:18:16,1800.0,44.7,S
2021-06-14T14:18:16,1400.0,44.7,S
2021-06-14T14:18:16,600.0,44.7,S
2021-06-14T14:18:16,200.0,44.7,S
2021-06-14T14:18:13,1000.0,44.75,B
2021-06-14T14:18:13,300.0,44.7,S
2021-06-14T14:18:13,700.0,44.7,S
2021-06-14T14:18:09,200.0,44.7,S
2021-06-14T14:18:08,500.0,44.7,S
2021-06-14T14:18:08,1500.0,44.7,S
2021-06-14T14:18:07,5000.0,44.7,S
2021-06-14T14:18:06,200.0,44.7,S
2021-06-14T14:18:04,200.0,44.75,B
2021-06-14T14:18:02,3700.0,44.7,S
2021-06-14T14:18:02,1100.0,44.7,S
2021-06-14T14:18:02,1200.0,44.7,S
2021-06-14T14:17:59,500.0,44.7,S
2021-06-14T14:17:57,300.0,44.7,S
2021-06-14T14:17:57,500.0,44.75,B
2021-06-14T14:17:56,100.0,44.75,B
2021-06-14T14:17:56,500.0,44.7,S
2021-06-14T14:17:55,200.0,44.75,B
2021-06-14T14:17:53,4000.0,44.75,B
2021-06-14T14:17:53,200.0,44.7,S
2021-06-14T14:17:49,300.0,44.7,S
2021-06-14T14:17:39,100.0,44.7,S
2021-06-14T14:17:37,1100.0,44.75,B
2021-06-14T14:17:36,3300.0,44.7,S
2021-06-14T14:17:35,3000.0,44.7,S
2021-06-14T14:17:33,100.0,44.7,S
2021-06-14T14:17:33,100.0,44.7,S
2021-06-14T14:17:32,100.0,44.7,S
2021-06-14T14:17:31,100.0,44.7,S
2021-06-14T14:17:27,300.0,44.7,S
2021-06-14T14:17:19,200.0,44.75,B
2021-06-14T14:17:19,800.0,44.75,B
2021-06-14T14:17:17,200.0,44.7,S
2021-06-14T14:17:04,500.0,44.7,S
2021-06-14T14:17:04,100.0,44.7,S
2021-06-14T14:17:03,1000.0,44.7,S
2021-06-14T14:16:55,100.0,44.7,S
2021-06-14T14:16:53,1500.0,44.75,S
2021-06-14T14:16:44,2000.0,44.7,S
2021-06-14T14:16:41,100.0,44.7,S
2021-06-14T14:16:25,1700.0,44.7,S
2021-06-14T14:16:20,600.0,44.7,S
2021-06-14T14:16:19,6500.0,44.7,S
2021-06-14T14:16:18,11800.0,44.75,S
2021-06-14T14:16:16,200.0,44.7,S
2021-06-14T14:16:15,500.0,44.7,S
2021-06-14T14:16:06,5000.0,44.7,S
2021-06-14T14:16:06,100.0,44.7,S
2021-06-14T14:16:01,11000.0,44.7,S
2021-06-14T14:15:52,500.0,44.7,S
2021-06-14T14:15:52,1000.0,44.7,S
2021-06-14T14:15:49,12600.0,44.7,S
2021-06-14T14:15:49,1800.0,44.7,S
2021-06-14T14:15:49,600.0,44.7,S
2021-06-14T14:15:49,1000.0,44.7,S
2021-06-14T14:15:46,13300.0,44.7,S
2021-06-14T14:15:42,10000.0,44.75,S
2021-06-14T14:15:39,1000.0,44.75,S
2021-06-14T14:15:35,500.0,44.75,S
2021-06-14T14:15:34,100.0,44.8,S
2021-06-14T14:15:14,5400.0,44.8,S
2021-06-14T14:15:14,400.0,44.8,S
2021-06-14T14:15:14,4200.0,44.8,S
2021-06-14T14:15:13,2000.0,44.7,S
2021-06-14T14:15:12,100.0,44.75,S
2021-06-14T14:15:11,200.0,44.7,S
2021-06-14T14:15:06,100.0,44.75,S
2021-06-14T14:15:03,500.0,44.8,S
2021-06-14T14:15:01,300.0,44.75,S
2021-06-14T14:15:01,1000.0,44.75,S
2021-06-14T14:15:00,1000.0,44.8,S
2021-06-14T14:14:54,300.0,44.7,S
2021-06-14T14:14:54,500.0,44.7,S
2021-06-14T14:14:53,10000.0,44.8,S
2021-06-14T14:14:53,100.0,44.7,S
2021-06-14T14:14:49,100.0,44.7,S
2021-06-14T14:14:44,1500.0,44.8,S
2021-06-14T14:14:43,100.0,44.8,S
2021-06-14T14:14:42,9100.0,44.8,S
2021-06-14T14:14:42,5200.0,44.7,S
2021-06-14T14:14:38,700.0,44.75,S
2021-06-14T14:14:30,1000.0,44.75,S
2021-06-14T14:14:23,100.0,44.75,S
2021-06-14T14:14:21,500.0,44.8,S
2021-06-14T14:14:06,100.0,44.8,S
2021-06-14T14:14:02,1000.0,44.8,S
2021-06-14T14:13:57,900.0,44.8,S
2021-06-14T14:13:35,3200.0,44.75,S
2021-06-14T14:13:33,200.0,44.75,S
2021-06-14T14:13:32,100.0,44.75,S
2021-06-14T14:13:23,100.0,44.8,S
2021-06-14T14:13:19,1000.0,44.8,S
2021-06-14T14:13:15,200.0,44.75,S
2021-06-14T14:13:15,400.0,44.75,S
2021-06-14T14:13:09,800.0,44.75,S
2021-06-14T14:13:04,4500.0,44.75,S
2021-06-14T14:13:03,2000.0,44.75,S
2021-06-14T14:13:01,200.0,44.75,S
2021-06-14T14:13:00,1000.0,44.8,S
2021-06-14T14:12:59,10000.0,44.8,S
2021-06-14T14:12:56,1000.0,44.75,S
2021-06-14T14:12:41,1500.0,44.75,S
2021-06-14T14:12:36,400.0,44.8,S
2021-06-14T14:12:33,500.0,44.75,S
2021-06-14T14:12:24,10000.0,44.75,S
2021-06-14T14:12:23,1000.0,44.8,S
2021-06-14T14:12:20,700.0,44.8,S
2021-06-14T14:12:19,4700.0,44.8,S
2021-06-14T14:12:19,1300.0,44.8,S
2021-06-14T14:12:19,2600.0,44.8,S
2021-06-14T14:12:19,3000.0,44.8,S
2021-06-14T14:12:19,3100.0,44.8,S
2021-06-14T14:12:19,900.0,44.8,S
2021-06-14T14:12:19,700.0,44.8,S
2021-06-14T14:12:19,7100.0,44.8,S
2021-06-14T14:12:19,3000.0,44.8,S
2021-06-14T14:12:19,3700.0,44.8,S
2021-06-14T14:12:18,1000.0,44.85,B
2021-06-14T14:12:15,700.0,44.85,B
2021-06-14T14:12:15,300.0,44.85,B
2021-06-14T14:12:15,4500.0,44.85,B
2021-06-14T14:12:12,400.0,44.8,S
2021-06-14T14:12:11,600.0,44.8,S
2021-06-14T14:12:11,200.0,44.85,B
2021-06-14T14:12:11,200.0,44.8,S
2021-06-14T14:12:10,500.0,44.8,S
2021-06-14T14:12:08,1000.0,44.85,B
2021-06-14T14:12:06,200.0,44.8,S
2021-06-14T14:12:06,500.0,44.8,S
2021-06-14T14:12:05,3300.0,44.8,S
2021-06-14T14:12:04,1000.0,44.85,B
2021-06-14T14:12:01,900.0,44.8,S
2021-06-14T14:12:01,2200.0,44.85,B
2021-06-14T14:12:01,2000.0,44.8,S
2021-06-14T14:12:01,3400.0,44.8,S
2021-06-14T14:12:01,3000.0,44.8,S
2021-06-14T14:12:01,2800.0,44.8,S
2021-06-14T14:12:01,800.0,44.8,S
2021-06-14T14:11:59,100.0,44.8,S
2021-06-14T14:11:50,300.0,44.8,S
2021-06-14T14:11:49,700.0,44.8,S
2021-06-14T14:11:46,100.0,44.8,S
2021-06-14T14:11:46,100.0,44.85,S
2021-06-14T14:11:46,1000.0,44.85,S
2021-06-14T14:11:44,4000.0,44.85,S
2021-06-14T14:11:42,1000.0,44.85,S
2021-06-14T14:11:39,1000.0,44.85,S
2021-06-14T14:11:36,1000.0,44.85,S
2021-06-14T14:11:35,1000.0,44.85,S
2021-06-14T14:11:29,500.0,44.85,S
2021-06-14T14:11:26,10000.0,44.8,S
2021-06-14T14:11:25,100.0,44.8,S
2021-06-14T14:11:18,100.0,44.8,S
2021-06-14T14:11:17,100.0,44.8,S
2021-06-14T14:11:16,100.0,44.8,S
2021-06-14T14:11:10,400.0,44.8,S
2021-06-14T14:11:04,3000.0,44.8,S
2021-06-14T14:10:59,400.0,44.85,S
2021-06-14T14:10:47,700.0,44.9,B
2021-06-14T14:10:47,1100.0,44.9,B
2021-06-14T14:10:47,5700.0,44.85,S
2021-06-14T14:10:47,1000.0,44.85,S
2021-06-14T14:10:46,12200.0,44.85,S
2021-06-14T14:10:39,1000.0,44.8,S
2021-06-14T14:10:37,6000.0,44.8,S
2021-06-14T14:10:34,100.0,44.85,S
2021-06-14T14:10:30,100.0,44.8,S
2021-06-14T14:10:28,16000.0,44.8,S
2021-06-14T14:10:09,400.0,44.85,S
2021-06-14T14:10:08,1500.0,44.8,S
2021-06-14T14:10:08,3500.0,44.85,S
2021-06-14T14:10:08,200.0,44.85,S
2021-06-14T14:10:08,700.0,44.85,S
2021-06-14T14:10:06,11600.0,44.85,S
2021-06-14T14:10:06,4100.0,44.8,S
2021-06-14T14:09:45,1100.0,44.8,S
2021-06-14T14:09:42,700.0,44.8,S
2021-06-14T14:09:41,10900.0,44.85,S
2021-06-14T14:09:41,5900.0,44.85,S
2021-06-14T14:09:40,100.0,44.8,S
2021-06-14T14:09:38,11000.0,44.8,S
2021-06-14T14:09:36,600.0,44.8,S
2021-06-14T14:09:31,8200.0,44.85,S
2021-06-14T14:09:31,3100.0,44.85,S
2021-06-14T14:09:31,100.0,44.85,S
2021-06-14T14:09:31,2200.0,44.85,S
2021-06-14T14:09:31,500.0,44.85,S
2021-06-14T14:09:31,2700.0,44.85,S
2021-06-14T14:09:30,3200.0,44.85,S
2021-06-14T14:09:29,100.0,44.85,S
2021-06-14T14:09:26,5000.0,44.8,S
2021-06-14T14:09:15,900.0,44.85,S
2021-06-14T14:09:14,200.0,44.85,S
2021-06-14T14:09:13,1500.0,44.8,S
2021-06-14T14:09:07,3000.0,44.85,S
2021-06-14T14:09:05,500.0,44.85,S
2021-06-14T14:08:58,500.0,44.8,S
2021-06-14T14:08:49,1300.0,44.85,S
2021-06-14T14:08:42,15900.0,44.85,S
2021-06-14T14:08:19,500.0,44.85,S
2021-06-14T14:08:19,1000.0,44.85,S
2021-06-14T14:08:15,900.0,44.85,S
2021-06-14T14:08:07,200.0,44.85,S
2021-06-14T14:08:05,3000.0,44.85,S
2021-06-14T14:08:01,2500.0,44.85,S
2021-06-14T14:07:57,300.0,44.85,S
2021-06-14T14:07:53,12100.0,44.85,S
2021-06-14T14:07:52,500.0,44.85,S
2021-06-14T14:07:42,800.0,44.85,S
2021-06-14T14:07:29,20000.0,44.85,S
2021-06-14T14:07:17,20000.0,44.85,S
2021-06-14T14:07:17,100.0,44.85,S
2021-06-14T14:07:13,300.0,44.85,S
2021-06-14T14:07:12,1000.0,44.85,S
2021-06-14T14:07:12,200.0,44.85,S
2021-06-14T14:07:10,200.0,44.85,S
2021-06-14T14:07:08,200.0,44.9,B
2021-06-14T14:07:07,400.0,44.85,S
2021-06-14T14:07:05,1000.0,44.85,S
2021-06-14T14:07:00,100.0,44.85,S
2021-06-14T14:07:00,5400.0,44.85,S
2021-06-14T14:07:00,6500.0,44.85,S
2021-06-14T14:07:00,300.0,44.85,S
2021-06-14T14:06:54,1000.0,44.85,S
2021-06-14T14:06:44,200.0,44.85,S
2021-06-14T14:06:44,1000.0,44.9,B
2021-06-14T14:06:40,100.0,44.85,S
2021-06-14T14:06:28,200.0,44.9,B
2021-06-14T14:06:28,800.0,44.9,B
2021-06-14T14:06:08,100.0,44.85,S
2021-06-14T14:06:02,1000.0,44.9,B
2021-06-14T14:06:02,600.0,44.9,B
2021-06-14T14:05:56,100.0,44.85,S
2021-06-14T14:05:48,500.0,44.9,B
2021-06-14T14:05:47,600.0,44.85,S
2021-06-14T14:05:45,1000.0,44.85,S
2021-06-14T14:05:42,100.0,44.85,S
2021-06-14T14:05:40,4000.0,44.9,B
2021-06-14T14:05:39,200.0,44.85,S
2021-06-14T14:05:37,500.0,44.85,S
2021-06-14T14:05:36,200.0,44.85,S
2021-06-14T14:05:31,200.0,44.85,S
2021-06-14T14:05:30,1000.0,44.9,B
2021-06-14T14:05:28,1500.0,44.85,S
2021-06-14T14:05:28,2000.0,44.85,S
2021-06-14T14:05:23,200.0,44.85,S
2021-06-14T14:05:18,200.0,44.85,S
2021-06-14T14:05:17,100.0,44.85,S
2021-06-14T14:05:15,6000.0,44.85,S
2021-06-14T14:05:14,1500.0,44.85,S
2021-06-14T14:05:13,3600.0,44.9,B
2021-06-14T14:05:11,1600.0,44.85,S
2021-06-14T14:05:09,200.0,44.85,S
2021-06-14T14:05:08,400.0,44.85,S
2021-06-14T14:05:03,200.0,44.85,S
2021-06-14T14:05:01,7100.0,44.85,B
2021-06-14T14:05:00,800.0,44.8,S
2021-06-14T14:04:56,3200.0,44.8,S
2021-06-14T14:04:55,900.0,44.8,S
2021-06-14T14:04:55,500.0,44.8,S
2021-06-14T14:04:55,200.0,44.8,S
2021-06-14T14:04:54,300.0,44.85,B
2021-06-14T14:04:50,2000.0,44.85,B
2021-06-14T14:04:47,700.0,44.8,S
2021-06-14T14:04:42,300.0,44.8,S
2021-06-14T14:04:40,3500.0,44.8,S
2021-06-14T14:04:40,6500.0,44.8,S
2021-06-14T14:04:40,12800.0,44.8,S
2021-06-14T14:04:39,3200.0,44.85,B
2021-06-14T14:04:39,300.0,44.85,B
2021-06-14T14:04:39,700.0,44.85,B
2021-06-14T14:04:34,100.0,44.8,S
2021-06-14T14:04:33,200.0,44.8,S
2021-06-14T14:04:30,100.0,44.8,S
2021-06-14T14:04:27,100.0,44.8,S
2021-06-14T14:04:26,600.0,44.8,S
2021-06-14T14:04:25,700.0,44.85,B
2021-06-14T14:04:24,100.0,44.8,S
2021-06-14T14:04:22,500.0,44.8,S
2021-06-14T14:04:22,200.0,44.8,S
2021-06-14T14:04:17,200.0,44.8,S
2021-06-14T14:04:17,12000.0,44.8,S
2021-06-14T14:04:17,2000.0,44.8,S
2021-06-14T14:04:16,500.0,44.8,S
2021-06-14T14:04:13,500.0,44.85,B
2021-06-14T14:04:13,3500.0,44.8,S
2021-06-14T14:04:11,3000.0,44.8,S
2021-06-14T14:04:06,100.0,44.8,S
2021-06-14T14:04:06,400.0,44.8,S
2021-06-14T14:04:05,800.0,44.85,B
2021-06-14T14:04:03,700.0,44.8,S
2021-06-14T14:03:57,100.0,44.8,S
2021-06-14T14:03:56,700.0,44.8,S
2021-06-14T14:03:56,300.0,44.8,S
2021-06-14T14:03:56,700.0,44.8,S
2021-06-14T14:03:53,100.0,44.8,S
2021-06-14T14:03:47,10000.0,44.85,B
2021-06-14T14:03:45,2500.0,44.8,S
2021-06-14T14:03:45,500.0,44.8,S
2021-06-14T14:03:43,2300.0,44.8,S
2021-06-14T14:03:41,400.0,44.8,S
2021-06-14T14:03:38,9000.0,44.8,S
2021-06-14T14:03:22,200.0,44.8,S
2021-06-14T14:03:20,500.0,44.8,S
2021-06-14T14:03:19,2000.0,44.8,S
2021-06-14T14:03:16,700.0,44.85,S
2021-06-14T14:03:16,200.0,44.8,S
2021-06-14T14:03:13,100.0,44.8,S
2021-06-14T14:03:10,5000.0,44.8,S
2021-06-14T14:03:09,3300.0,44.8,S
2021-06-14T14:03:06,100.0,44.85,S
2021-06-14T14:03:04,100.0,44.85,S
2021-06-14T14:03:00,200.0,44.85,S
2021-06-14T14:02:54,300.0,44.85,S
2021-06-14T14:02:54,100.0,44.85,S
2021-06-14T14:02:52,400.0,44.85,S
2021-06-14T14:02:36,100.0,44.85,S
2021-06-14T14:02:31,1400.0,44.8,S
2021-06-14T14:02:21,3400.0,44.85,S
2021-06-14T14:02:15,1000.0,44.9,B
2021-06-14T14:02:14,200.0,44.85,S
2021-06-14T14:02:10,100.0,44.85,S
2021-06-14T14:02:10,200.0,44.85,S
2021-06-14T14:02:09,100.0,44.85,S
2021-06-14T14:02:08,1000.0,44.85,S
2021-06-14T14:02:03,200.0,44.85,S
2021-06-14T14:02:01,3000.0,44.85,S
2021-06-14T14:02:01,100.0,44.85,S
2021-06-14T14:02:00,100.0,44.9,B
2021-06-14T14:01:59,500.0,44.85,S
2021-06-14T14:01:59,100.0,44.85,S
2021-06-14T14:01:58,1300.0,44.85,S
2021-06-14T14:01:49,100.0,44.8,S
2021-06-14T14:01:49,5400.0,44.8,S
2021-06-14T14:01:46,200.0,44.85,S
2021-06-14T14:01:46,1200.0,44.85,S
2021-06-14T14:01:46,600.0,44.85,S
2021-06-14T14:01:46,2100.0,44.85,S
2021-06-14T14:01:46,4100.0,44.85,S
2021-06-14T14:01:46,200.0,44.85,S
2021-06-14T14:01:45,300.0,44.85,S
2021-06-14T14:01:45,500.0,44.85,S
2021-06-14T14:01:44,1000.0,44.9,B
2021-06-14T14:01:39,500.0,44.85,S
2021-06-14T14:01:27,100.0,44.85,S
2021-06-14T14:01:19,100.0,44.85,S
2021-06-14T14:01:17,600.0,44.85,S
2021-06-14T14:01:17,20600.0,44.9,S
2021-06-14T14:01:16,400.0,44.9,S
2021-06-14T14:01:15,500.0,44.9,S
2021-06-14T14:01:14,500.0,44.9,S
2021-06-14T14:01:13,100.0,44.9,S
2021-06-14T14:01:06,700.0,44.9,S
2021-06-14T14:01:05,200.0,44.9,S
2021-06-14T14:01:01,7000.0,44.9,S
2021-06-14T14:00:59,100.0,44.85,S
2021-06-14T14:00:53,1300.0,44.85,S
2021-06-14T14:00:53,600.0,44.85,S
2021-06-14T14:00:53,1500.0,44.85,S
2021-06-14T14:00:53,600.0,44.85,S
2021-06-14T14:00:53,15200.0,44.85,S
2021-06-14T14:00:53,900.0,44.9,S
2021-06-14T14:00:53,1200.0,44.9,S
2021-06-14T14:00:51,600.0,44.9,S
2021-06-14T14:00:49,200.0,44.9,S
2021-06-14T14:00:49,100.0,44.9,S
2021-06-14T14:00:48,2300.0,44.9,S
2021-06-14T14:00:44,100.0,44.9,S
2021-06-14T14:00:42,1800.0,44.9,S
2021-06-14T14:00:42,700.0,44.9,S
2021-06-14T14:00:42,1500.0,44.9,S
2021-06-14T14:00:36,100.0,44.9,S
2021-06-14T14:00:36,200.0,44.9,S
2021-06-14T14:00:36,600.0,44.9,S
2021-06-14T14:00:35,100.0,44.9,S
2021-06-14T14:00:31,200.0,44.9,S
2021-06-14T14:00:30,200.0,44.9,S
2021-06-14T14:00:15,2500.0,44.95,B
2021-06-14T14:00:14,300.0,44.9,S
2021-06-14T14:00:06,1000.0,44.9,S
2021-06-14T14:00:01,600.0,44.9,S
2021-06-14T14:00:01,3400.0,44.9,S
2021-06-14T13:59:58,100.0,44.9,S
2021-06-14T13:59:57,900.0,44.9,S
2021-06-14T13:59:57,500.0,44.9,S
2021-06-14T13:59:56,400.0,44.9,S
2021-06-14T13:59:56,500.0,44.9,S
2021-06-14T13:59:56,3400.0,44.9,S
2021-06-14T13:59:56,4000.0,44.9,S
2021-06-14T13:59:55,12600.0,44.9,S
2021-06-14T13:59:55,500.0,44.9,S
2021-06-14T13:59:55,6000.0,44.9,S
2021-06-14T13:59:55,1000.0,44.9,S
2021-06-14T13:59:54,200.0,44.9,S
2021-06-14T13:59:54,9400.0,44.9,S
2021-06-14T13:59:54,400.0,44.9,S
2021-06-14T13:59:54,2000.0,44.9,S
2021-06-14T13:59:54,10000.0,44.9,S
2021-06-14T13:59:54,500.0,44.9,S
2021-06-14T13:59:53,2000.0,44.9,S
2021-06-14T13:59:53,2500.0,44.9,S
2021-06-14T13:59:51,300.0,44.9,S
2021-06-14T13:59:51,2400.0,44.9,S
2021-06-14T13:59:50,200.0,44.9,S
2021-06-14T13:59:41,5000.0,44.9,S
2021-06-14T13:59:40,200.0,44.9,S
2021-06-14T13:59:35,200.0,44.9,S
2021-06-14T13:59:30,100.0,44.9,S
2021-06-14T13:59:30,100.0,44.9,S
2021-06-14T13:59:30,6000.0,44.95,B
2021-06-14T13:59:28,3100.0,44.9,S
2021-06-14T13:59:28,1000.0,44.9,S
2021-06-14T13:59:27,7700.0,44.9,S
2021-06-14T13:59:27,500.0,44.9,S
2021-06-14T13:59:27,4200.0,44.9,S
2021-06-14T13:59:27,100.0,44.9,S
2021-06-14T13:59:27,300.0,44.9,S
2021-06-14T13:59:25,2000.0,44.9,S
2021-06-14T13:59:23,200.0,44.9,S
2021-06-14T13:59:19,500.0,44.9,S
2021-06-14T13:59:18,2000.0,44.9,S
2021-06-14T13:59:16,300.0,44.95,B
2021-06-14T13:59:15,400.0,44.95,B
2021-06-14T13:59:14,300.0,44.95,B
2021-06-14T13:59:06,100.0,44.9,S
2021-06-14T13:59:03,100.0,44.9,S
2021-06-14T13:58:53,300.0,44.95,B
2021-06-14T13:58:51,1000.0,44.95,B
2021-06-14T13:58:49,2000.0,44.9,S
2021-06-14T13:58:37,1000.0,44.95,B
2021-06-14T13:58:36,3000.0,44.95,B
2021-06-14T13:58:30,500.0,44.95,B
2021-06-14T13:58:28,100.0,44.95,B
2021-06-14T13:58:27,200.0,44.95,B
2021-06-14T13:58:25,100.0,44.95,B
2021-06-14T13:58:25,1100.0,44.95,B
2021-06-14T13:58:19,100.0,44.95,B
2021-06-14T13:58:19,1000.0,44.95,B
2021-06-14T13:58:18,100.0,44.95,B
2021-06-14T13:58:15,100.0,44.95,B
2021-06-14T13:58:14,100.0,44.95,B
2021-06-14T13:58:13,7500.0,44.95,B
2021-06-14T13:58:11,100.0,44.95,B
2021-06-14T13:58:11,100.0,44.95,B
2021-06-14T13:58:09,100.0,44.95,B
2021-06-14T13:58:08,100.0,44.95,B
2021-06-14T13:58:05,200.0,44.95,B
2021-06-14T13:58:04,100.0,44.95,B
2021-06-14T13:58:03,100.0,44.95,B
2021-06-14T13:58:02,1000.0,44.95,B
2021-06-14T13:58:01,100.0,44.95,S
2021-06-14T13:57:59,100.0,44.95,S
2021-06-14T13:57:58,100.0,44.95,S
2021-06-14T13:57:56,100.0,44.95,S
2021-06-14T13:57:54,100.0,44.95,S
2021-06-14T13:57:54,2500.0,44.95,S
2021-06-14T13:57:54,200.0,44.95,S
2021-06-14T13:57:54,18800.0,44.95,S
2021-06-14T13:57:54,100.0,45.0,B
2021-06-14T13:57:52,100.0,45.0,B
2021-06-14T13:57:50,100.0,45.0,B
2021-06-14T13:57:49,800.0,45.0,B
2021-06-14T13:57:49,100.0,45.0,B
2021-06-14T13:57:49,200.0,45.0,B
2021-06-14T13:57:48,100.0,45.0,B
2021-06-14T13:57:47,2000.0,45.0,B
2021-06-14T13:57:45,500.0,45.0,B
2021-06-14T13:57:45,200.0,44.95,S
2021-06-14T13:57:41,100.0,45.0,B
2021-06-14T13:57:39,100.0,45.0,B
2021-06-14T13:57:39,200.0,44.95,S
2021-06-14T13:57:37,100.0,45.0,B
2021-06-14T13:57:37,1100.0,45.0,B
2021-06-14T13:57:36,300.0,44.95,S
2021-06-14T13:57:35,100.0,45.0,B
2021-06-14T13:57:33,100.0,45.0,B
2021-06-14T13:57:32,4000.0,44.95,S
2021-06-14T13:57:31,100.0,45.0,B
2021-06-14T13:57:29,100.0,45.0,B
2021-06-14T13:57:28,100.0,45.0,B
2021-06-14T13:57:25,100.0,45.0,B
2021-06-14T13:57:23,600.0,44.95,S
2021-06-14T13:57:22,100.0,45.0,B
2021-06-14T13:57:21,100.0,45.0,B
2021-06-14T13:57:18,100.0,45.0,B
2021-06-14T13:57:17,100.0,45.0,B
2021-06-14T13:57:16,700.0,44.95,S
2021-06-14T13:57:15,100.0,44.95,S
2021-06-14T13:57:15,100.0,45.0,B
2021-06-14T13:57:14,100.0,45.0,B
2021-06-14T13:57:13,1000.0,44.95,S
2021-06-14T13:57:10,1100.0,45.0,B
2021-06-14T13:57:10,5100.0,45.0,B
2021-06-14T13:57:09,100.0,45.0,B
2021-06-14T13:57:06,800.0,44.95,S
2021-06-14T13:57:05,100.0,45.0,B
2021-06-14T13:57:05,300.0,45.0,B
2021-06-14T13:57:04,100.0,45.0,B
2021-06-14T13:57:02,100.0,45.0,B
2021-06-14T13:57:02,100.0,45.0,B
2021-06-14T13:57:00,100.0,45.0,B
2021-06-14T13:56:59,100.0,45.0,B
2021-06-14T13:56:58,100.0,45.0,B
2021-06-14T13:56:57,100.0,45.0,B
2021-06-14T13:56:55,100.0,45.0,B
2021-06-14T13:56:54,100.0,45.0,B
2021-06-14T13:56:52,100.0,45.0,B
2021-06-14T13:56:50,100.0,45.0,B
2021-06-14T13:56:49,100.0,45.0,B
2021-06-14T13:56:48,100.0,45.0,B
2021-06-14T13:56:46,25000.0,44.95,S
2021-06-14T13:56:46,100.0,45.0,B
2021-06-14T13:56:46,6000.0,45.0,B
2021-06-14T13:56:45,100.0,45.0,B
2021-06-14T13:56:44,100.0,45.0,B
2021-06-14T13:56:42,200.0,45.0,B
2021-06-14T13:56:42,4500.0,44.95,S
2021-06-14T13:56:41,100.0,45.0,B
2021-06-14T13:56:40,100.0,45.0,B
2021-06-14T13:56:40,10000.0,44.95,S
2021-06-14T13:56:40,100.0,45.0,B
2021-06-14T13:56:38,100.0,45.0,B
2021-06-14T13:56:35,100.0,45.0,B
2021-06-14T13:56:35,200.0,45.0,B
2021-06-14T13:56:34,100.0,45.0,B
2021-06-14T13:56:33,200.0,45.0,B
2021-06-14T13:56:33,300.0,45.0,B
2021-06-14T13:56:32,100.0,45.0,B
2021-06-14T13:56:32,600.0,44.95,S
2021-06-14T13:56:31,100.0,45.0,B
2021-06-14T13:56:30,1700.0,44.95,S
2021-06-14T13:56:29,100.0,45.0,B
2021-06-14T13:56:28,1000.0,44.95,S
2021-06-14T13:56:27,8600.0,45.0,B
2021-06-14T13:56:27,1400.0,45.0,B
2021-06-14T13:56:27,100.0,45.0,B
2021-06-14T13:56:25,100.0,45.0,B
2021-06-14T13:56:22,100.0,45.0,B
2021-06-14T13:56:21,3100.0,44.95,S
2021-06-14T13:56:19,100.0,45.0,B
2021-06-14T13:56:19,1100.0,44.95,S
2021-06-14T13:56:16,100.0,45.0,B
2021-06-14T13:56:15,100.0,45.0,B
2021-06-14T13:56:13,100.0,45.0,B
2021-06-14T13:56:12,100.0,45.0,B
2021-06-14T13:56:11,100.0,45.0,B
2021-06-14T13:56:07,100.0,45.0,B
2021-06-14T13:56:06,100.0,45.0,B
2021-06-14T13:56:04,100.0,45.0,B
2021-06-14T13:56:02,100.0,45.0,B
2021-06-14T13:56:01,100.0,45.0,B
2021-06-14T13:56:00,100.0,45.0,B
2021-06-14T13:55:59,600.0,44.95,S
2021-06-14T13:55:58,100.0,45.0,B
2021-06-14T13:55:57,100.0,45.0,B
2021-06-14T13:55:55,100.0,45.0,B
2021-06-14T13:55:54,300.0,45.0,B
2021-06-14T13:55:52,100.0,45.0,B
2021-06-14T13:55:52,100.0,45.0,B
2021-06-14T13:55:49,500.0,44.95,S
2021-06-14T13:55:49,600.0,45.0,B
2021-06-14T13:55:48,400.0,45.0,B
2021-06-14T13:55:48,100.0,45.0,B
2021-06-14T13:55:46,100.0,45.0,B
2021-06-14T13:55:44,500.0,44.95,S
2021-06-14T13:55:43,100.0,45.0,B
2021-06-14T13:55:42,100.0,45.0,B
2021-06-14T13:55:41,5000.0,44.95,S
2021-06-14T13:55:41,400.0,45.0,B
2021-06-14T13:55:39,3000.0,44.95,S
2021-06-14T13:55:39,11600.0,44.95,S
2021-06-14T13:55:39,100.0,44.95,S
2021-06-14T13:55:39,600.0,44.95,S
2021-06-14T13:55:37,100.0,45.0,B
2021-06-14T13:55:35,100.0,45.0,B
2021-06-14T13:55:35,10000.0,44.95,S
2021-06-14T13:55:34,100.0,45.0,B
2021-06-14T13:55:33,100.0,45.0,B
2021-06-14T13:55:31,100.0,45.0,B
2021-06-14T13:55:31,200.0,44.95,S
2021-06-14T13:55:30,100.0,45.0,B
2021-06-14T13:55:28,100.0,45.0,B
2021-06-14T13:55:25,100.0,45.0,B
2021-06-14T13:55:21,6000.0,45.0,B
2021-06-14T13:55:21,100.0,45.0,B
2021-06-14T13:55:14,100.0,45.0,B
2021-06-14T13:55:14,200.0,45.0,B
2021-06-14T13:55:13,100.0,45.0,B
2021-06-14T13:55:10,100.0,45.0,B
2021-06-14T13:55:08,100.0,45.0,B
2021-06-14T13:55:06,100.0,45.0,B
2021-06-14T13:55:05,100.0,45.0,B
2021-06-14T13:55:03,100.0,45.0,B
2021-06-14T13:55:00,300.0,44.95,S
2021-06-14T13:54:59,100.0,45.0,B
2021-06-14T13:54:58,100.0,45.0,B
2021-06-14T13:54:57,100.0,45.0,B
2021-06-14T13:54:53,100.0,45.0,B
2021-06-14T13:54:52,100.0,45.0,B
2021-06-14T13:54:49,100.0,45.0,B
2021-06-14T13:54:48,100.0,45.0,B
2021-06-14T13:54:47,100.0,45.0,B
2021-06-14T13:54:44,100.0,45.0,S
2021-06-14T13:54:41,100.0,45.0,S
2021-06-14T13:54:41,500.0,44.95,S
2021-06-14T13:54:40,100.0,45.0,S
2021-06-14T13:54:38,200.0,45.0,S
2021-06-14T13:54:37,100.0,45.0,S
2021-06-14T13:54:35,1000.0,45.0,S
2021-06-14T13:54:35,100.0,45.0,S
2021-06-14T13:54:33,300.0,44.95,S
2021-06-14T13:54:32,100.0,45.0,S
2021-06-14T13:54:31,2200.0,45.0,S
2021-06-14T13:54:30,100.0,45.0,S
2021-06-14T13:54:29,100.0,45.0,S
2021-06-14T13:54:28,100.0,45.0,S
2021-06-14T13:54:27,100.0,45.0,S
2021-06-14T13:54:25,100.0,45.0,S
2021-06-14T13:54:25,100.0,45.0,S
2021-06-14T13:54:22,100.0,45.0,S
2021-06-14T13:54:20,100.0,45.0,S
2021-06-14T13:54:20,100.0,45.0,S
2021-06-14T13:54:19,800.0,45.0,S
2021-06-14T13:54:19,100.0,45.0,S
2021-06-14T13:54:17,100.0,45.0,S
2021-06-14T13:54:16,100.0,45.0,S
2021-06-14T13:54:15,100.0,45.0,S
2021-06-14T13:54:10,1500.0,44.95,S
2021-06-14T13:54:08,100.0,45.0,S
2021-06-14T13:54:08,2000.0,45.0,S
2021-06-14T13:54:07,100.0,45.0,S
2021-06-14T13:54:07,1000.0,45.0,S
2021-06-14T13:54:05,100.0,45.0,S
2021-06-14T13:54:04,100.0,45.0,S
2021-06-14T13:54:00,100.0,45.0,S
2021-06-14T13:53:58,100.0,45.0,S
2021-06-14T13:53:57,2700.0,45.0,S
2021-06-14T13:53:56,100.0,45.0,S
2021-06-14T13:53:54,3000.0,45.0,S
2021-06-14T13:53:53,100.0,45.0,S
2021-06-14T13:53:52,100.0,45.0,S
2021-06-14T13:53:52,100.0,45.0,S
2021-06-14T13:53:51,100.0,44.95,S
2021-06-14T13:53:51,100.0,45.0,S
2021-06-14T13:53:50,100.0,45.0,S
2021-06-14T13:53:48,100.0,45.0,S
2021-06-14T13:53:48,100.0,45.0,S
2021-06-14T13:53:47,100.0,45.0,S
2021-06-14T13:53:46,100.0,45.0,S
2021-06-14T13:53:46,1000.0,44.95,S
2021-06-14T13:53:44,100.0,45.0,S
2021-06-14T13:53:42,100.0,45.0,S
2021-06-14T13:53:40,100.0,45.0,S
2021-06-14T13:53:38,100.0,45.0,S
2021-06-14T13:53:37,200.0,45.0,S
2021-06-14T13:53:35,100.0,45.0,S
2021-06-14T13:53:34,10000.0,45.0,S
2021-06-14T13:53:34,400.0,44.95,S
2021-06-14T13:53:34,3000.0,44.95,S
2021-06-14T13:53:33,2900.0,44.95,S
2021-06-14T13:53:33,100.0,45.0,S
2021-06-14T13:53:33,1000.0,45.0,S
2021-06-14T13:53:31,100.0,45.0,S
2021-06-14T13:53:30,100.0,45.0,S
2021-06-14T13:53:30,200.0,44.95,S
2021-06-14T13:53:28,100.0,45.0,S
2021-06-14T13:53:27,100.0,45.0,S
2021-06-14T13:53:26,5000.0,44.95,S
2021-06-14T13:53:25,500.0,45.0,S
2021-06-14T13:53:25,100.0,45.0,S
2021-06-14T13:53:25,100.0,45.0,S
2021-06-14T13:53:22,100.0,45.0,S
2021-06-14T13:53:19,100.0,45.0,S
2021-06-14T13:53:17,100.0,45.0,S
2021-06-14T13:53:15,100.0,45.0,S
2021-06-14T13:53:13,100.0,45.0,S
2021-06-14T13:53:12,100.0,45.0,S
2021-06-14T13:53:11,200.0,45.0,S
2021-06-14T13:53:10,100.0,45.0,S
2021-06-14T13:53:10,100.0,45.0,S
2021-06-14T13:53:10,700.0,45.0,S
2021-06-14T13:53:08,100.0,45.0,S
2021-06-14T13:53:05,100.0,45.0,S
2021-06-14T13:53:02,100.0,45.0,S
2021-06-14T13:53:01,100.0,45.0,S
2021-06-14T13:52:58,200.0,45.0,S
2021-06-14T13:52:58,100.0,45.0,S
2021-06-14T13:52:57,50000.0,45.0,S
2021-06-14T13:52:56,100.0,45.0,S
2021-06-14T13:52:56,4000.0,45.0,S
2021-06-14T13:52:55,1100.0,45.0,S
2021-06-14T13:52:54,100.0,45.0,S
2021-06-14T13:52:51,100.0,45.0,S
2021-06-14T13:52:50,100.0,45.0,S
2021-06-14T13:52:48,300.0,45.0,S
2021-06-14T13:52:48,100.0,45.0,S
2021-06-14T13:52:45,100.0,45.0,S
2021-06-14T13:52:44,1000.0,45.0,S
2021-06-14T13:52:43,100.0,45.0,S
2021-06-14T13:52:42,100.0,45.0,S
2021-06-14T13:52:41,100.0,45.0,S
2021-06-14T13:52:41,100.0,45.0,S
2021-06-14T13:52:40,500.0,45.0,S
2021-06-14T13:52:39,500.0,45.0,S
2021-06-14T13:52:39,100.0,45.0,S
2021-06-14T13:52:38,1000.0,45.0,S
2021-06-14T13:52:38,100.0,45.0,S
2021-06-14T13:52:36,100.0,45.0,S
2021-06-14T13:52:35,100.0,45.0,S
2021-06-14T13:52:35,3000.0,44.95,S
2021-06-14T13:52:33,100.0,45.0,S
2021-06-14T13:52:32,1000.0,45.0,S
2021-06-14T13:52:32,100.0,45.0,S
2021-06-14T13:52:31,100.0,45.0,S
2021-06-14T13:52:30,100.0,45.0,S
2021-06-14T13:52:28,100.0,45.0,S
2021-06-14T13:52:27,200.0,45.0,S
2021-06-14T13:52:26,100.0,45.0,S
2021-06-14T13:52:26,500.0,45.0,S
2021-06-14T13:52:25,100.0,45.0,S
2021-06-14T13:52:24,100.0,45.0,S
2021-06-14T13:52:23,300.0,44.95,S
2021-06-14T13:52:23,100.0,45.0,S
2021-06-14T13:52:21,100.0,45.0,S
2021-06-14T13:52:19,100.0,45.0,S
2021-06-14T13:52:18,100.0,45.0,S
2021-06-14T13:52:16,100.0,45.0,S
2021-06-14T13:52:16,100.0,45.0,S
2021-06-14T13:52:15,1000.0,45.0,S
2021-06-14T13:52:14,100.0,45.0,S
2021-06-14T13:52:12,100.0,45.0,S
2021-06-14T13:52:10,100.0,45.0,S
2021-06-14T13:52:09,100.0,45.0,S
2021-06-14T13:52:09,500.0,45.0,S
2021-06-14T13:52:07,100.0,45.0,S
2021-06-14T13:52:05,3000.0,45.0,S
2021-06-14T13:52:05,100.0,45.0,S
2021-06-14T13:52:04,100.0,45.0,S
2021-06-14T13:52:03,100.0,45.0,S
2021-06-14T13:52:01,100.0,45.0,S
2021-06-14T13:52:00,100.0,45.0,S
2021-06-14T13:52:00,100.0,45.0,S
2021-06-14T13:51:59,500.0,45.0,S
2021-06-14T13:51:59,100.0,45.0,S
2021-06-14T13:51:56,100.0,45.0,S
2021-06-14T13:51:55,1200.0,45.0,S
2021-06-14T13:51:54,100.0,45.0,S
2021-06-14T13:51:54,100.0,45.0,S
2021-06-14T13:51:51,1800.0,45.0,S
2021-06-14T13:51:51,100.0,45.0,S
2021-06-14T13:51:50,1000.0,45.0,S
2021-06-14T13:51:49,100.0,45.0,S
2021-06-14T13:51:48,100.0,45.0,S
2021-06-14T13:51:45,100.0,45.0,S
2021-06-14T13:51:44,100.0,45.0,S
2021-06-14T13:51:43,1000.0,45.0,S
2021-06-14T13:51:43,100.0,45.0,S
2021-06-14T13:51:42,100.0,45.0,S
2021-06-14T13:51:41,1000.0,45.0,S
2021-06-14T13:51:39,100.0,45.0,S
2021-06-14T13:51:37,100.0,45.0,S
2021-06-14T13:51:32,5000.0,45.0,S
2021-06-14T13:51:32,100.0,45.0,S
2021-06-14T13:51:30,100.0,45.0,S
2021-06-14T13:51:29,100.0,45.0,S
2021-06-14T13:51:28,1000.0,45.0,S
2021-06-14T13:51:27,100.0,45.0,S
2021-06-14T13:51:25,100.0,45.0,S
2021-06-14T13:51:24,1000.0,45.0,S
2021-06-14T13:51:23,100.0,45.0,S
2021-06-14T13:51:20,100.0,45.0,S
2021-06-14T13:51:19,100.0,45.0,S
2021-06-14T13:51:16,100.0,45.0,S
2021-06-14T13:51:12,100.0,45.0,S
2021-06-14T13:51:11,3000.0,45.0,S
2021-06-14T13:51:11,100.0,45.0,S
2021-06-14T13:51:11,100.0,44.95,S
2021-06-14T13:51:10,500.0,45.0,S
2021-06-14T13:51:10,800.0,45.0,S
2021-06-14T13:51:09,500.0,45.0,S
2021-06-14T13:51:09,100.0,45.0,S
2021-06-14T13:51:07,100.0,45.0,S
2021-06-14T13:51:06,800.0,44.95,S
2021-06-14T13:51:05,100.0,45.0,S
2021-06-14T13:51:04,100.0,45.0,S
2021-06-14T13:51:02,100.0,45.0,S
2021-06-14T13:51:02,2000.0,45.0,S
2021-06-14T13:51:02,1000.0,45.0,S
2021-06-14T13:51:02,12300.0,45.0,S
2021-06-14T13:51:02,1000.0,45.0,S
2021-06-14T13:51:02,5000.0,45.0,S
2021-06-14T13:51:02,2400.0,45.0,S
2021-06-14T13:51:02,1300.0,45.0,S
2021-06-14T13:51:02,1000.0,45.0,S
2021-06-14T13:51:02,2700.0,45.0,S
2021-06-14T13:51:02,21000.0,45.0,S
2021-06-14T13:51:02,1300.0,45.0,S
2021-06-14T13:51:02,6400.0,45.0,S
2021-06-14T13:51:02,3000.0,45.0,S
2021-06-14T13:51:02,1300.0,45.0,S
2021-06-14T13:51:00,4900.0,45.0,S
2021-06-14T13:51:00,5000.0,45.0,S
2021-06-14T13:51:00,100.0,45.05,B
2021-06-14T13:50:58,100.0,45.05,B
2021-06-14T13:50:56,200.0,45.05,B
2021-06-14T13:50:56,1200.0,45.0,S
2021-06-14T13:50:56,4400.0,45.0,S
2021-06-14T13:50:56,200.0,45.0,S
2021-06-14T13:50:56,2100.0,45.0,S
2021-06-14T13:50:56,10900.0,45.0,S
2021-06-14T13:50:56,100.0,45.0,S
2021-06-14T13:50:56,200.0,45.0,S
2021-06-14T13:50:56,5300.0,45.0,S
2021-06-14T13:50:56,500.0,45.0,S
2021-06-14T13:50:56,800.0,45.0,S
2021-06-14T13:50:56,3100.0,45.0,S
2021-06-14T13:50:56,1300.0,45.0,S
2021-06-14T13:50:56,1400.0,45.0,S
2021-06-14T13:50:56,600.0,45.0,S
2021-06-14T13:50:56,13700.0,45.0,S
2021-06-14T13:50:56,1300.0,45.0,S
2021-06-14T13:50:56,10700.0,45.0,S
2021-06-14T13:50:56,12200.0,45.0,S
2021-06-14T13:50:55,100.0,45.05,B
2021-06-14T13:50:54,100.0,45.05,B
2021-06-14T13:50:52,100.0,45.05,B
2021-06-14T13:50:51,100.0,45.05,B
2021-06-14T13:50:51,900.0,45.0,S
2021-06-14T13:50:49,100.0,45.05,B
2021-06-14T13:50:49,100.0,45.05,B
2021-06-14T13:50:47,100.0,45.05,B
2021-06-14T13:50:45,100.0,45.05,B
2021-06-14T13:50:44,100.0,45.0,S
2021-06-14T13:50:43,100.0,45.05,B
2021-06-14T13:50:42,1000.0,45.05,B
2021-06-14T13:50:42,6000.0,45.05,B
2021-06-14T13:50:41,5000.0,45.05,B
2021-06-14T13:50:41,2100.0,45.05,B
2021-06-14T13:50:41,3700.0,45.05,B
2021-06-14T13:50:41,2800.0,45.05,B
2021-06-14T13:50:41,500.0,45.05,B
2021-06-14T13:50:41,900.0,45.05,B
2021-06-14T13:50:41,100.0,45.05,B
2021-06-14T13:50:40,600.0,45.0,S
2021-06-14T13:50:39,100.0,45.05,B
2021-06-14T13:50:38,6000.0,45.05,B
2021-06-14T13:50:38,100.0,45.05,B
2021-06-14T13:50:37,700.0,45.05,B
2021-06-14T13:50:35,100.0,45.05,B
2021-06-14T13:50:34,100.0,45.05,B
2021-06-14T13:50:33,100.0,45.05,B
2021-06-14T13:50:31,500.0,45.05,B
2021-06-14T13:50:31,100.0,45.05,B
2021-06-14T13:50:31,200.0,45.0,S
2021-06-14T13:50:29,800.0,45.0,S
2021-06-14T13:50:29,100.0,45.05,B
2021-06-14T13:50:26,300.0,45.0,S
2021-06-14T13:50:26,1400.0,45.0,S
2021-06-14T13:50:26,3700.0,45.0,S
2021-06-14T13:50:26,1100.0,45.0,S
2021-06-14T13:50:26,10100.0,45.0,S
2021-06-14T13:50:26,4000.0,45.0,S
2021-06-14T13:50:26,11200.0,45.0,S
2021-06-14T13:50:26,2500.0,45.0,S
2021-06-14T13:50:26,700.0,45.0,S
2021-06-14T13:50:26,17300.0,45.0,S
2021-06-14T13:50:25,48000.0,45.0,S
2021-06-14T13:50:25,100.0,45.05,B
2021-06-14T13:50:23,200.0,45.0,S
2021-06-14T13:50:23,100.0,45.05,B
2021-06-14T13:50:21,500.0,45.0,S
2021-06-14T13:50:20,100.0,45.05,B
2021-06-14T13:50:20,100.0,45.05,B
2021-06-14T13:50:19,100.0,45.05,B
2021-06-14T13:50:17,100.0,45.05,B
2021-06-14T13:50:17,100.0,45.0,S
2021-06-14T13:50:17,2000.0,45.05,B
2021-06-14T13:50:17,1000.0,45.05,B
2021-06-14T13:50:16,3000.0,45.0,S
2021-06-14T13:50:16,100.0,45.05,B
2021-06-14T13:50:15,4000.0,45.0,S
2021-06-14T13:50:14,100.0,45.05,B
2021-06-14T13:50:13,100.0,45.0,S
2021-06-14T13:50:12,2000.0,45.0,S
2021-06-14T13:50:12,100.0,45.05,B
2021-06-14T13:50:11,100.0,45.05,B
2021-06-14T13:50:10,100.0,45.05,B
2021-06-14T13:50:09,1000.0,45.05,B
2021-06-14T13:50:09,1100.0,45.0,S
2021-06-14T13:50:09,100.0,45.05,B
2021-06-14T13:50:07,100.0,45.05,B
2021-06-14T13:50:04,100.0,45.05,B
2021-06-14T13:50:03,100.0,45.05,B
2021-06-14T13:50:02,500.0,45.05,B
2021-06-14T13:50:02,1000.0,45.0,S
2021-06-14T13:50:02,100.0,45.05,B
2021-06-14T13:50:01,100.0,45.05,B
2021-06-14T13:49:59,100.0,45.0,S
2021-06-14T13:49:58,100.0,45.05,B
2021-06-14T13:49:56,100.0,45.05,B
2021-06-14T13:49:55,100.0,45.05,B
2021-06-14T13:49:54,100.0,45.05,B
2021-06-14T13:49:53,100.0,45.05,B
2021-06-14T13:49:52,100.0,45.05,B
2021-06-14T13:49:50,100.0,45.05,B
2021-06-14T13:49:50,200.0,45.0,S
2021-06-14T13:49:49,100.0,45.05,B
2021-06-14T13:49:47,100.0,45.05,B
2021-06-14T13:49:46,200.0,45.0,S
2021-06-14T13:49:44,500.0,45.05,B
2021-06-14T13:49:44,100.0,45.05,B
2021-06-14T13:49:41,100.0,45.0,S
2021-06-14T13:49:41,100.0,45.05,B
2021-06-14T13:49:41,100.0,45.0,S
2021-06-14T13:49:39,100.0,45.05,B
2021-06-14T13:49:38,600.0,45.0,S
2021-06-14T13:49:37,100.0,45.05,B
2021-06-14T13:49:36,100.0,45.0,S
2021-06-14T13:49:36,100.0,45.05,B
2021-06-14T13:49:35,6000.0,45.0,S
2021-06-14T13:49:35,600.0,45.0,S
2021-06-14T13:49:34,1000.0,45.05,B
2021-06-14T13:49:29,100.0,45.05,B
2021-06-14T13:49:27,100.0,45.05,B
2021-06-14T13:49:25,100.0,45.05,B
2021-06-14T13:49:22,100.0,45.05,B
2021-06-14T13:49:22,100.0,45.05,B
2021-06-14T13:49:20,100.0,45.05,B
2021-06-14T13:49:20,200.0,45.05,B
2021-06-14T13:49:18,100.0,45.05,B
2021-06-14T13:49:18,100.0,45.05,B
2021-06-14T13:49:17,100.0,45.0,S
2021-06-14T13:49:15,300.0,45.05,B
2021-06-14T13:49:11,1000.0,45.05,B
2021-06-14T13:49:10,100.0,45.05,B
2021-06-14T13:49:10,1000.0,45.05,B
2021-06-14T13:49:09,100.0,45.05,B
2021-06-14T13:49:07,100.0,45.05,B
2021-06-14T13:49:06,100.0,45.0,S
2021-06-14T13:49:05,100.0,45.05,B
2021-06-14T13:49:04,10000.0,45.0,S
2021-06-14T13:49:03,200.0,45.0,S
2021-06-14T13:49:03,100.0,45.05,B
2021-06-14T13:49:01,100.0,45.05,B
2021-06-14T13:49:01,100.0,45.05,B
2021-06-14T13:49:01,100.0,45.05,B
2021-06-14T13:48:59,100.0,45.05,B
2021-06-14T13:48:59,500.0,45.05,B
2021-06-14T13:48:58,100.0,45.05,B
2021-06-14T13:48:55,100.0,45.05,B
2021-06-14T13:48:53,100.0,45.05,B
2021-06-14T13:48:51,700.0,45.0,S
2021-06-14T13:48:51,100.0,45.05,B
2021-06-14T13:48:49,3000.0,45.05,B
2021-06-14T13:48:49,100.0,45.05,B
2021-06-14T13:48:48,600.0,45.05,B
2021-06-14T13:48:47,1000.0,45.0,S
2021-06-14T13:48:47,3000.0,45.0,S
2021-06-14T13:48:45,100.0,45.05,B
2021-06-14T13:48:45,1000.0,45.05,B
2021-06-14T13:48:45,100.0,45.05,B
2021-06-14T13:48:44,400.0,45.0,S
2021-06-14T13:48:43,100.0,45.05,B
2021-06-14T13:48:43,1000.0,45.05,B
2021-06-14T13:48:42,100.0,45.05,B
2021-06-14T13:48:40,100.0,45.05,B
2021-06-14T13:48:40,100.0,45.05,B
2021-06-14T13:48:40,500.0,45.0,S
2021-06-14T13:48:38,100.0,45.05,B
2021-06-14T13:48:37,100.0,45.05,B
2021-06-14T13:48:37,200.0,45.0,S
2021-06-14T13:48:37,100.0,45.05,B
2021-06-14T13:48:34,100.0,45.05,B
2021-06-14T13:48:31,100.0,45.05,B
2021-06-14T13:48:29,100.0,45.05,B
2021-06-14T13:48:27,100.0,45.05,B
2021-06-14T13:48:27,100.0,45.05,B
2021-06-14T13:48:26,2700.0,45.05,B
2021-06-14T13:48:24,100.0,45.1,B
2021-06-14T13:48:22,100.0,45.1,B
2021-06-14T13:48:20,16500.0,45.05,B
2021-06-14T13:48:20,1200.0,45.05,B
2021-06-14T13:48:20,700.0,45.05,B
2021-06-14T13:48:20,600.0,45.05,B
2021-06-14T13:48:20,300.0,45.05,B
2021-06-14T13:48:20,100.0,45.05,B
2021-06-14T13:48:18,3000.0,45.0,S
2021-06-14T13:48:18,100.0,45.05,B
2021-06-14T13:48:18,100.0,45.05,B
2021-06-14T13:48:15,100.0,45.05,B
2021-06-14T13:48:14,1500.0,45.05,B
2021-06-14T13:48:14,100.0,45.05,B
2021-06-14T13:48:10,100.0,45.05,B
2021-06-14T13:48:10,100.0,45.05,B
2021-06-14T13:48:09,500.0,45.05,B
2021-06-14T13:48:07,100.0,45.05,B
2021-06-14T13:48:03,100.0,45.05,B
2021-06-14T13:48:01,1000.0,45.05,B
2021-06-14T13:48:01,700.0,45.05,B
2021-06-14T13:48:00,1300.0,45.05,B
2021-06-14T13:48:00,2000.0,45.05,B
2021-06-14T13:48:00,100.0,45.05,B
2021-06-14T13:47:57,100.0,45.05,B
2021-06-14T13:47:57,100.0,45.05,B
2021-06-14T13:47:54,15200.0,45.0,S
2021-06-14T13:47:54,100.0,45.05,B
2021-06-14T13:47:52,100.0,45.05,B
2021-06-14T13:47:50,100.0,45.05,B
2021-06-14T13:47:49,900.0,45.05,B
2021-06-14T13:47:48,100.0,45.05,B
2021-06-14T13:47:45,100.0,45.05,B
2021-06-14T13:47:43,100.0,45.05,B
2021-06-14T13:47:43,600.0,45.05,B
2021-06-14T13:47:42,100.0,45.05,B
2021-06-14T13:47:40,100.0,45.05,B
2021-06-14T13:47:39,100.0,45.05,B
2021-06-14T13:47:35,600.0,45.05,B
2021-06-14T13:47:35,100.0,45.05,B
2021-06-14T13:47:34,100.0,45.05,B
2021-06-14T13:47:33,100.0,45.05,B
2021-06-14T13:47:32,1000.0,45.05,B
2021-06-14T13:47:29,100.0,45.05,S
2021-06-14T13:47:27,100.0,45.05,S
2021-06-14T13:47:24,100.0,45.05,S
2021-06-14T13:47:23,500.0,45.0,S
2021-06-14T13:47:23,100.0,45.05,S
2021-06-14T13:47:20,100.0,45.05,S
2021-06-14T13:47:19,300.0,45.05,S
2021-06-14T13:47:19,100.0,45.05,S
2021-06-14T13:47:18,8100.0,45.1,B
2021-06-14T13:47:16,100.0,45.1,B
2021-06-14T13:47:15,100.0,45.1,B
2021-06-14T13:47:13,100.0,45.1,B
2021-06-14T13:47:11,100.0,45.1,B
2021-06-14T13:47:10,100.0,45.1,B
2021-06-14T13:47:07,500.0,45.1,B
2021-06-14T13:47:05,100.0,45.1,B
2021-06-14T13:47:02,100.0,45.05,S
2021-06-14T13:47:00,100.0,45.05,S
2021-06-14T13:46:59,100.0,45.05,S
2021-06-14T13:46:57,100.0,45.05,S
2021-06-14T13:46:55,600.0,45.1,B
2021-06-14T13:46:54,100.0,45.1,B
2021-06-14T13:46:54,1900.0,45.0,S
2021-06-14T13:46:54,2700.0,45.0,S
2021-06-14T13:46:54,7000.0,45.0,S
2021-06-14T13:46:54,400.0,45.0,S
2021-06-14T13:46:54,2700.0,45.0,S
2021-06-14T13:46:54,3000.0,45.0,S
2021-06-14T13:46:54,1000.0,45.0,S
2021-06-14T13:46:54,1000.0,45.0,S
2021-06-14T13:46:53,1000.0,45.0,S
2021-06-14T13:46:53,1000.0,45.0,S
2021-06-14T13:46:53,1500.0,45.0,S
2021-06-14T13:46:53,1500.0,45.0,S
2021-06-14T13:46:53,10000.0,45.05,S
2021-06-14T13:46:53,500.0,45.05,S
2021-06-14T13:46:53,64800.0,45.05,S
2021-06-14T13:46:53,100.0,45.1,B
2021-06-14T13:46:52,400.0,45.05,S
2021-06-14T13:46:51,100.0,45.1,B
2021-06-14T13:46:51,4000.0,45.05,S
2021-06-14T13:46:49,100.0,45.1,B
2021-06-14T13:46:48,300.0,45.05,S
2021-06-14T13:46:46,100.0,45.1,B
2021-06-14T13:46:46,41800.0,45.05,S
2021-06-14T13:46:46,200.0,45.05,S
2021-06-14T13:46:46,1000.0,45.05,S
2021-06-14T13:46:46,17300.0,45.05,S
2021-06-14T13:46:46,3000.0,45.05,S
2021-06-14T13:46:46,900.0,45.05,S
2021-06-14T13:46:46,35800.0,45.05,S
2021-06-14T13:46:44,100.0,45.1,B
2021-06-14T13:46:43,100.0,45.1,B
2021-06-14T13:46:41,100.0,45.1,B
2021-06-14T13:46:41,2000.0,45.05,S
2021-06-14T13:46:40,100.0,45.1,B
2021-06-14T13:46:39,1000.0,45.05,S
2021-06-14T13:46:39,1000.0,45.1,B
2021-06-14T13:46:38,300.0,45.1,B
2021-06-14T13:46:37,100.0,45.1,B
2021-06-14T13:46:34,100.0,45.1,B
2021-06-14T13:46:33,100.0,45.1,B
2021-06-14T13:46:32,100.0,45.1,B
2021-06-14T13:46:30,100.0,45.1,B
2021-06-14T13:46:29,200.0,45.05,S
2021-06-14T13:46:28,100.0,45.1,B
2021-06-14T13:46:27,100.0,45.1,B
2021-06-14T13:46:27,2100.0,45.05,S
2021-06-14T13:46:27,2100.0,45.05,S
2021-06-14T13:46:27,800.0,45.05,S
2021-06-14T13:46:26,1100.0,45.1,B
2021-06-14T13:46:26,200.0,45.1,B
2021-06-14T13:46:26,400.0,45.1,B
2021-06-14T13:46:25,2500.0,45.1,B
2021-06-14T13:46:23,100.0,45.1,B
2021-06-14T13:46:22,100.0,45.1,B
2021-06-14T13:46:22,100.0,45.1,B
2021-06-14T13:46:19,100.0,45.1,B
2021-06-14T13:46:18,100.0,45.1,B
2021-06-14T13:46:16,800.0,45.1,B
2021-06-14T13:46:16,100.0,45.1,B
2021-06-14T13:46:16,100.0,45.1,B
2021-06-14T13:46:16,300.0,45.1,B
2021-06-14T13:46:16,600.0,45.1,B
2021-06-14T13:46:14,100.0,45.1,B
2021-06-14T13:46:13,100.0,45.1,B
2021-06-14T13:46:13,800.0,45.1,B
2021-06-14T13:46:12,200.0,45.05,S
2021-06-14T13:46:10,100.0,45.1,B
2021-06-14T13:46:09,100.0,45.05,S
2021-06-14T13:46:08,100.0,45.1,B
2021-06-14T13:46:07,100.0,45.1,B
2021-06-14T13:46:06,100.0,45.1,B
2021-06-14T13:46:06,100.0,45.1,B
2021-06-14T13:46:05,100.0,45.1,B
2021-06-14T13:46:04,100.0,45.1,B
2021-06-14T13:46:04,200.0,45.05,S
2021-06-14T13:46:01,100.0,45.1,B
2021-06-14T13:46:01,100.0,45.05,S
2021-06-14T13:46:01,1100.0,45.1,B
2021-06-14T13:45:57,100.0,45.1,B
2021-06-14T13:45:55,800.0,45.1,B
2021-06-14T13:45:55,200.0,45.1,B
2021-06-14T13:45:55,100.0,45.1,B
2021-06-14T13:45:54,100.0,45.1,B
2021-06-14T13:45:54,200.0,45.1,B
2021-06-14T13:45:53,100.0,45.1,B
2021-06-14T13:45:51,100.0,45.1,B
2021-06-14T13:45:51,200.0,45.1,B
2021-06-14T13:45:49,100.0,45.1,B
2021-06-14T13:45:47,300.0,45.1,B
2021-06-14T13:45:46,100.0,45.1,B
2021-06-14T13:45:46,100.0,45.1,B
2021-06-14T13:45:46,100.0,45.1,B
2021-06-14T13:45:44,100.0,45.1,B
2021-06-14T13:45:43,300.0,45.05,S
2021-06-14T13:45:38,500.0,45.05,S
2021-06-14T13:45:36,3400.0,45.05,S
2021-06-14T13:45:28,4800.0,45.1,B
2021-06-14T13:45:28,1000.0,45.1,B
2021-06-14T13:45:28,4200.0,45.1,B
2021-06-14T13:45:27,100.0,45.1,B
2021-06-14T13:45:27,1000.0,45.05,S
2021-06-14T13:45:25,100.0,45.1,B
2021-06-14T13:45:23,1100.0,45.1,B
2021-06-14T13:45:23,100.0,45.1,B
2021-06-14T13:45:23,500.0,45.1,B
2021-06-14T13:45:22,100.0,45.1,B
2021-06-14T13:45:21,20000.0,45.1,B
2021-06-14T13:45:20,100.0,45.1,B
2021-06-14T13:45:20,500.0,45.1,B
2021-06-14T13:45:19,100.0,45.1,B
2021-06-14T13:45:17,200.0,45.1,B
2021-06-14T13:45:17,100.0,45.1,B
2021-06-14T13:45:17,8000.0,45.05,S
2021-06-14T13:45:15,100.0,45.1,B
2021-06-14T13:45:12,2100.0,45.1,B
2021-06-14T13:45:10,100.0,45.1,B
2021-06-14T13:45:09,100.0,45.1,B
2021-06-14T13:45:07,100.0,45.1,B
2021-06-14T13:45:05,100.0,45.1,B
2021-06-14T13:45:04,100.0,45.1,B
2021-06-14T13:45:02,100.0,45.1,B
2021-06-14T13:45:01,100.0,45.1,B
2021-06-14T13:45:01,100.0,45.1,B
2021-06-14T13:44:59,2100.0,45.1,B
2021-06-14T13:44:58,500.0,45.1,B
2021-06-14T13:44:57,100.0,45.1,B
2021-06-14T13:44:53,100.0,45.1,B
2021-06-14T13:44:53,100.0,45.1,B
2021-06-14T13:44:51,100.0,45.1,B
2021-06-14T13:44:49,100.0,45.1,B
2021-06-14T13:44:48,100.0,45.1,B
2021-06-14T13:44:48,1100.0,45.05,S
2021-06-14T13:44:46,100.0,45.1,B
2021-06-14T13:44:46,100.0,45.1,B
2021-06-14T13:44:43,100.0,45.1,B
2021-06-14T13:44:41,100.0,45.1,B
2021-06-14T13:44:38,200.0,45.1,B
2021-06-14T13:44:38,5000.0,45.1,B
2021-06-14T13:44:36,100.0,45.1,B
2021-06-14T13:44:35,100.0,45.1,B
2021-06-14T13:44:34,100.0,45.1,B
2021-06-14T13:44:34,200.0,45.05,S
2021-06-14T13:44:34,100.0,45.1,B
2021-06-14T13:44:33,5000.0,45.1,B
2021-06-14T13:44:32,100.0,45.1,B
2021-06-14T13:44:30,100.0,45.1,B
2021-06-14T13:44:27,100.0,45.1,B
2021-06-14T13:44:27,800.0,45.1,B
2021-06-14T13:44:27,100.0,45.1,B
2021-06-14T13:44:26,100.0,45.1,B
2021-06-14T13:44:23,100.0,45.1,B
2021-06-14T13:44:22,300.0,45.1,B
2021-06-14T13:44:21,100.0,45.1,B
2021-06-14T13:44:18,2000.0,45.1,B
2021-06-14T13:44:18,100.0,45.1,B
2021-06-14T13:44:17,100.0,45.1,B
2021-06-14T13:44:14,100.0,45.1,B
2021-06-14T13:44:11,100.0,45.1,B
2021-06-14T13:44:10,100.0,45.1,B
2021-06-14T13:44:09,100.0,45.1,B
2021-06-14T13:44:06,100.0,45.1,B
2021-06-14T13:44:05,100.0,45.1,B
2021-06-14T13:44:02,100.0,45.1,B
2021-06-14T13:44:02,100.0,45.1,B
2021-06-14T13:44:00,100.0,45.1,B
2021-06-14T13:43:58,3300.0,45.1,B
2021-06-14T13:43:56,100.0,45.1,B
2021-06-14T13:43:56,100.0,45.1,B
2021-06-14T13:43:54,100.0,45.1,B
2021-06-14T13:43:52,100.0,45.1,B
2021-06-14T13:43:49,100.0,45.1,B
2021-06-14T13:43:47,100.0,45.1,B
2021-06-14T13:43:46,100.0,45.1,B
2021-06-14T13:43:45,9000.0,45.05,S
2021-06-14T13:43:45,100.0,45.1,B
2021-06-14T13:43:41,100.0,45.1,B
2021-06-14T13:43:40,1000.0,45.1,B
2021-06-14T13:43:38,1000.0,45.1,B
2021-06-14T13:43:37,100.0,45.1,B
2021-06-14T13:43:36,100.0,45.1,B
2021-06-14T13:43:34,100.0,45.1,B
2021-06-14T13:43:33,100.0,45.1,B
2021-06-14T13:43:30,100.0,45.1,B
2021-06-14T13:43:29,100.0,45.1,B
2021-06-14T13:43:27,100.0,45.1,B
2021-06-14T13:43:25,100.0,45.1,B
2021-06-14T13:43:24,2000.0,45.1,B
2021-06-14T13:43:24,200.0,45.05,S
2021-06-14T13:43:24,100.0,45.1,B
2021-06-14T13:43:23,100.0,45.1,B
2021-06-14T13:43:21,100.0,45.1,B
2021-06-14T13:43:21,1000.0,45.1,B
2021-06-14T13:43:20,100.0,45.1,B
2021-06-14T13:43:20,100.0,45.1,B
2021-06-14T13:43:18,500.0,45.1,B
2021-06-14T13:43:17,300.0,45.1,B
2021-06-14T13:43:15,100.0,45.1,B
2021-06-14T13:43:15,1000.0,45.1,B
2021-06-14T13:43:14,100.0,45.1,B
2021-06-14T13:43:13,1600.0,45.05,S
2021-06-14T13:43:11,200.0,45.1,B
2021-06-14T13:43:11,100.0,45.1,B
2021-06-14T13:43:09,100.0,45.1,B
2021-06-14T13:43:07,2000.0,45.1,B
2021-06-14T13:43:06,100.0,45.1,B
2021-06-14T13:43:03,100.0,45.1,B
2021-06-14T13:43:01,100.0,45.1,B
2021-06-14T13:42:58,100.0,45.1,B
2021-06-14T13:42:58,1000.0,45.1,B
2021-06-14T13:42:57,100.0,45.1,B
2021-06-14T13:42:56,800.0,45.1,B
2021-06-14T13:42:56,100.0,45.1,B
2021-06-14T13:42:55,100.0,45.1,B
2021-06-14T13:42:55,100.0,45.1,B
2021-06-14T13:42:54,2100.0,45.1,B
2021-06-14T13:42:52,1000.0,45.1,S
2021-06-14T13:42:52,100.0,45.1,S
2021-06-14T13:42:51,100.0,45.1,S
2021-06-14T13:42:48,100.0,45.1,S
2021-06-14T13:42:48,100.0,45.1,S
2021-06-14T13:42:47,100.0,45.1,S
2021-06-14T13:42:45,100.0,45.1,S
2021-06-14T13:42:45,100.0,45.1,S
2021-06-14T13:42:44,400.0,45.1,S
2021-06-14T13:42:42,200.0,45.1,S
2021-06-14T13:42:40,200.0,45.1,S
2021-06-14T13:42:40,200.0,45.1,S
2021-06-14T13:42:39,100.0,45.1,S
2021-06-14T13:42:38,300.0,45.1,S
2021-06-14T13:42:36,100.0,45.1,S
2021-06-14T13:42:34,100.0,45.1,S
2021-06-14T13:42:34,300.0,45.1,S
2021-06-14T13:42:34,200.0,45.05,S
2021-06-14T13:42:34,100.0,45.1,S
2021-06-14T13:42:34,100.0,45.1,S
2021-06-14T13:42:34,100.0,45.1,S
2021-06-14T13:42:32,1200.0,45.1,S
2021-06-14T13:42:32,28700.0,45.1,S
2021-06-14T13:42:31,100.0,45.15,B
2021-06-14T13:42:30,100.0,45.15,B
2021-06-14T13:42:27,100.0,45.15,B
2021-06-14T13:42:26,100.0,45.15,B
2021-06-14T13:42:25,100.0,45.15,B
2021-06-14T13:42:23,100.0,45.15,B
2021-06-14T13:42:22,1100.0,45.15,B
2021-06-14T13:42:21,100.0,45.15,B
2021-06-14T13:42:20,100.0,45.15,B
2021-06-14T13:42:19,100.0,45.15,B
2021-06-14T13:42:18,300.0,45.15,B
2021-06-14T13:42:18,2300.0,45.1,S
2021-06-14T13:42:18,4000.0,45.1,S
2021-06-14T13:42:17,10100.0,45.15,B
2021-06-14T13:42:16,100.0,45.15,B
2021-06-14T13:42:15,100.0,45.15,B
2021-06-14T13:42:14,400.0,45.1,S
2021-06-14T13:42:12,600.0,45.1,S
2021-06-14T13:42:12,100.0,45.15,B
2021-06-14T13:42:11,100.0,45.15,B
2021-06-14T13:42:09,100.0,45.15,B
2021-06-14T13:42:09,500.0,45.15,B
2021-06-14T13:42:08,3000.0,45.1,S
2021-06-14T13:42:07,100.0,45.15,B
2021-06-14T13:42:06,100.0,45.1,S
2021-06-14T13:42:06,100.0,45.15,B
2021-06-14T13:42:05,500.0,45.1,S
2021-06-14T13:42:03,100.0,45.15,B
2021-06-14T13:42:02,100.0,45.15,B
2021-06-14T13:42:00,100.0,45.15,B
2021-06-14T13:42:00,100.0,45.1,S
2021-06-14T13:41:59,100.0,45.15,B
2021-06-14T13:41:58,1900.0,45.1,S
2021-06-14T13:41:57,400.0,45.15,B
2021-06-14T13:41:53,2000.0,45.15,B
2021-06-14T13:41:53,200.0,45.15,B
2021-06-14T13:41:51,100.0,45.15,B
2021-06-14T13:41:50,100.0,45.15,B
2021-06-14T13:41:49,100.0,45.15,B
2021-06-14T13:41:47,400.0,45.15,B
2021-06-14T13:41:45,2000.0,45.15,B
2021-06-14T13:41:45,100.0,45.15,B
2021-06-14T13:41:44,100.0,45.15,B
2021-06-14T13:41:43,100.0,45.15,B
2021-06-14T13:41:43,100.0,45.15,B
2021-06-14T13:41:42,500.0,45.1,S
2021-06-14T13:41:40,500.0,45.1,S
2021-06-14T13:41:39,100.0,45.15,B
2021-06-14T13:41:39,900.0,45.1,S
2021-06-14T13:41:39,100.0,45.15,B
2021-06-14T13:41:39,100.0,45.15,B
2021-06-14T13:41:31,100.0,45.1,S
2021-06-14T13:41:31,100.0,45.15,B
2021-06-14T13:41:29,100.0,45.15,B
2021-06-14T13:41:29,300.0,45.1,S
2021-06-14T13:41:29,1900.0,45.1,S
2021-06-14T13:41:29,800.0,45.1,S
2021-06-14T13:41:27,300.0,45.15,B
2021-06-14T13:41:27,3100.0,45.1,S
2021-06-14T13:41:25,5000.0,45.1,S
2021-06-14T13:41:25,300.0,45.15,B
2021-06-14T13:41:25,4700.0,45.15,B
2021-06-14T13:41:25,100.0,45.15,B
2021-06-14T13:41:24,100.0,45.15,B
2021-06-14T13:41:23,5000.0,45.15,B
2021-06-14T13:41:23,100.0,45.15,B
2021-06-14T13:41:22,800.0,45.1,S
2021-06-14T13:41:22,400.0,45.15,B
2021-06-14T13:41:21,100.0,45.15,B
2021-06-14T13:41:21,100.0,45.15,B
2021-06-14T13:41:21,200.0,45.15,B
2021-06-14T13:41:21,100.0,45.15,B
2021-06-14T13:41:21,200.0,45.1,S
2021-06-14T13:41:21,800.0,45.1,S
2021-06-14T13:41:20,1000.0,45.1,S
2021-06-14T13:41:19,100.0,45.15,B
2021-06-14T13:41:18,100.0,45.1,S
2021-06-14T13:41:18,100.0,45.15,B
2021-06-14T13:41:16,100.0,45.15,B
2021-06-14T13:41:16,100.0,45.15,B
2021-06-14T13:41:13,100.0,45.15,B
2021-06-14T13:41:13,200.0,45.1,S
2021-06-14T13:41:13,600.0,45.1,S
2021-06-14T13:41:11,100.0,45.15,B
2021-06-14T13:41:08,100.0,45.15,B
2021-06-14T13:41:06,1100.0,45.15,B
2021-06-14T13:41:03,100.0,45.15,B
2021-06-14T13:41:01,100.0,45.1,S
2021-06-14T13:41:01,100.0,45.15,B
2021-06-14T13:40:59,100.0,45.15,B
2021-06-14T13:40:57,100.0,45.15,B
2021-06-14T13:40:57,900.0,45.15,B
2021-06-14T13:40:56,100.0,45.15,B
2021-06-14T13:40:54,9500.0,45.1,S
2021-06-14T13:40:54,700.0,45.1,S
2021-06-14T13:40:54,100.0,45.15,B
2021-06-14T13:40:53,100.0,45.1,S
2021-06-14T13:40:53,200.0,45.1,S
2021-06-14T13:40:52,100.0,45.15,B
2021-06-14T13:40:50,100.0,45.15,B
2021-06-14T13:40:49,100.0,45.15,B
2021-06-14T13:40:48,200.0,45.1,S
2021-06-14T13:40:48,100.0,45.15,B
2021-06-14T13:40:46,5100.0,45.1,S
2021-06-14T13:40:46,100.0,45.15,B
2021-06-14T13:40:45,200.0,45.1,S
2021-06-14T13:40:45,500.0,45.1,S
2021-06-14T13:40:44,100.0,45.15,B
2021-06-14T13:40:43,100.0,45.15,B
2021-06-14T13:40:42,100.0,45.15,B
2021-06-14T13:40:42,100.0,45.1,S
2021-06-14T13:40:39,3000.0,45.1,S
2021-06-14T13:40:38,100.0,45.15,B
2021-06-14T13:40:38,20000.0,45.15,B
2021-06-14T13:40:35,100.0,45.15,B
2021-06-14T13:40:34,100.0,45.15,B
2021-06-14T13:40:32,100.0,45.15,B
2021-06-14T13:40:29,100.0,45.15,B
2021-06-14T13:40:27,300.0,45.15,B
2021-06-14T13:40:26,900.0,45.1,S
2021-06-14T13:40:26,1400.0,45.1,S
2021-06-14T13:40:26,100.0,45.15,B
2021-06-14T13:40:25,700.0,45.1,S
2021-06-14T13:40:23,100.0,45.15,B
2021-06-14T13:40:21,200.0,45.15,B
2021-06-14T13:40:20,5300.0,45.1,S
2021-06-14T13:40:17,100.0,45.15,B
2021-06-14T13:40:17,100.0,45.15,B
2021-06-14T13:40:14,100.0,45.15,B
2021-06-14T13:40:12,700.0,45.1,S
2021-06-14T13:40:12,1300.0,45.1,S
2021-06-14T13:40:11,2000.0,45.1,S
2021-06-14T13:40:10,100.0,45.15,B
2021-06-14T13:40:08,100.0,45.15,B
2021-06-14T13:40:07,100.0,45.15,B
2021-06-14T13:40:05,100.0,45.15,B
2021-06-14T13:40:01,600.0,45.1,S
2021-06-14T13:40:01,100.0,45.15,B
2021-06-14T13:40:00,100.0,45.1,S
2021-06-14T13:39:59,100.0,45.15,B
2021-06-14T13:39:58,100.0,45.15,B
2021-06-14T13:39:56,100.0,45.15,B
2021-06-14T13:39:55,100.0,45.15,B
2021-06-14T13:39:54,100.0,45.15,B
2021-06-14T13:39:53,2000.0,45.1,S
2021-06-14T13:39:51,100.0,45.15,B
2021-06-14T13:39:50,100.0,45.15,B
2021-06-14T13:39:48,100.0,45.15,B
2021-06-14T13:39:45,100.0,45.15,B
2021-06-14T13:39:45,100.0,45.15,B
2021-06-14T13:39:44,100.0,45.15,B
2021-06-14T13:39:43,200.0,45.15,B
2021-06-14T13:39:41,100.0,45.15,B
2021-06-14T13:39:39,300.0,45.1,S
2021-06-14T13:39:39,100.0,45.15,B
2021-06-14T13:39:37,100.0,45.15,B
2021-06-14T13:39:36,100.0,45.1,S
2021-06-14T13:39:36,100.0,45.15,B
2021-06-14T13:39:34,100.0,45.15,B
2021-06-14T13:39:34,200.0,45.15,B
2021-06-14T13:39:33,100.0,45.15,B
2021-06-14T13:39:31,100.0,45.15,B
2021-06-14T13:39:30,100.0,45.15,B
2021-06-14T13:39:29,1000.0,45.15,B
2021-06-14T13:39:28,100.0,45.15,B
2021-06-14T13:39:28,100.0,45.1,S
2021-06-14T13:39:28,900.0,45.1,S
2021-06-14T13:39:27,800.0,45.1,S
2021-06-14T13:39:26,100.0,45.15,B
2021-06-14T13:39:24,100.0,45.15,B
2021-06-14T13:39:22,100.0,45.15,B
2021-06-14T13:39:21,100.0,45.15,B
2021-06-14T13:39:19,100.0,45.15,B
2021-06-14T13:39:16,100.0,45.15,B
2021-06-14T13:39:15,100.0,45.15,B
2021-06-14T13:39:14,100.0,45.15,B
2021-06-14T13:39:12,100.0,45.15,B
2021-06-14T13:39:11,100.0,45.15,B
2021-06-14T13:39:08,100.0,45.15,B
2021-06-14T13:39:07,600.0,45.15,B
2021-06-14T13:39:07,100.0,45.15,B
2021-06-14T13:39:05,100.0,45.15,B
2021-06-14T13:39:04,100.0,45.15,B
2021-06-14T13:39:04,100.0,45.15,B
2021-06-14T13:39:02,300.0,45.1,S
2021-06-14T13:39:02,100.0,45.1,S
2021-06-14T13:39:02,100.0,45.1,S
2021-06-14T13:39:02,100.0,45.15,B
2021-06-14T13:39:01,100.0,45.15,S
2021-06-14T13:39:00,700.0,45.15,S
2021-06-14T13:38:59,100.0,45.15,S
2021-06-14T13:38:57,100.0,45.15,S
2021-06-14T13:38:55,100.0,45.15,S
2021-06-14T13:38:54,100.0,45.15,S
2021-06-14T13:38:53,100.0,45.15,S
2021-06-14T13:38:51,100.0,45.15,S
2021-06-14T13:38:50,100.0,45.15,S
2021-06-14T13:38:49,100.0,45.15,S
2021-06-14T13:38:47,100.0,45.15,S
2021-06-14T13:38:46,100.0,45.15,S
2021-06-14T13:38:45,500.0,45.1,S
2021-06-14T13:38:44,100.0,45.1,S
2021-06-14T13:38:44,100.0,45.15,S
2021-06-14T13:38:42,100.0,45.15,S
2021-06-14T13:38:41,100.0,45.15,S
2021-06-14T13:38:39,100.0,45.15,S
2021-06-14T13:38:38,100.0,45.15,S
2021-06-14T13:38:37,100.0,45.15,S
2021-06-14T13:38:35,100.0,45.15,S
2021-06-14T13:38:33,100.0,45.15,S
2021-06-14T13:38:33,200.0,45.15,S
2021-06-14T13:38:32,100.0,45.15,S
2021-06-14T13:38:31,300.0,45.15,S
2021-06-14T13:38:29,100.0,45.15,S
2021-06-14T13:38:29,1000.0,45.1,S
2021-06-14T13:38:28,100.0,45.15,S
2021-06-14T13:38:26,100.0,45.15,S
2021-06-14T13:38:25,100.0,45.15,S
2021-06-14T13:38:24,100.0,45.15,S
2021-06-14T13:38:23,5100.0,45.15,S
2021-06-14T13:38:21,100.0,45.15,S
2021-06-14T13:38:19,100.0,45.15,S
2021-06-14T13:38:17,100.0,45.15,S
2021-06-14T13:38:17,100.0,45.15,S
2021-06-14T13:38:16,3000.0,45.1,S
2021-06-14T13:38:15,100.0,45.15,S
2021-06-14T13:38:14,100.0,45.15,S
2021-06-14T13:38:13,5000.0,45.1,S
2021-06-14T13:38:13,100.0,45.15,S
2021-06-14T13:38:11,100.0,45.15,S
2021-06-14T13:38:09,200.0,45.15,S
2021-06-14T13:38:08,100.0,45.15,S
2021-06-14T13:38:07,100.0,45.15,S
2021-06-14T13:38:06,100.0,45.15,S
2021-06-14T13:38:06,1000.0,45.15,S
2021-06-14T13:38:04,100.0,45.15,S
2021-06-14T13:38:04,100.0,45.15,S
2021-06-14T13:38:04,100.0,45.1,S
2021-06-14T13:38:03,5000.0,45.1,S
2021-06-14T13:38:03,100.0,45.15,S
2021-06-14T13:38:01,100.0,45.15,S
2021-06-14T13:37:59,100.0,45.15,S
2021-06-14T13:37:56,100.0,45.15,S
2021-06-14T13:37:53,100.0,45.15,S
2021-06-14T13:37:52,100.0,45.15,S
2021-06-14T13:37:49,100.0,45.15,S
2021-06-14T13:37:48,100.0,45.15,S
2021-06-14T13:37:48,100000.0,45.15,S
2021-06-14T13:37:46,100.0,45.15,S
2021-06-14T13:37:45,100.0,45.1,S
2021-06-14T13:37:44,100.0,45.15,S
2021-06-14T13:37:44,2200.0,45.15,S
2021-06-14T13:37:43,100.0,45.15,S
2021-06-14T13:37:43,100.0,45.15,S
2021-06-14T13:37:42,5000.0,45.1,S
2021-06-14T13:37:41,100.0,45.1,S
2021-06-14T13:37:41,100.0,45.15,S
2021-06-14T13:37:40,100.0,45.15,S
2021-06-14T13:37:39,2700.0,45.1,S
2021-06-14T13:37:38,100.0,45.15,S
2021-06-14T13:37:37,1000.0,45.15,S
2021-06-14T13:37:37,100.0,45.15,S
2021-06-14T13:37:35,100.0,45.15,S
2021-06-14T13:37:33,9000.0,45.15,S
2021-06-14T13:37:33,100.0,45.15,S
2021-06-14T13:37:31,100.0,45.15,S
2021-06-14T13:37:29,100.0,45.15,S
2021-06-14T13:37:28,100.0,45.15,S
2021-06-14T13:37:27,100.0,45.1,S
2021-06-14T13:37:26,1100.0,45.1,S
2021-06-14T13:37:24,1000.0,45.1,S
2021-06-14T13:37:24,100.0,45.15,S
2021-06-14T13:37:23,100.0,45.15,S
2021-06-14T13:37:22,100.0,45.15,S
2021-06-14T13:37:20,100.0,45.15,S
2021-06-14T13:37:18,500.0,45.15,S
2021-06-14T13:37:18,200.0,45.15,S
2021-06-14T13:37:14,100.0,45.15,S
2021-06-14T13:37:13,100.0,45.15,S
2021-06-14T13:37:12,100.0,45.15,S
2021-06-14T13:37:11,100.0,45.15,S
2021-06-14T13:37:09,700.0,45.1,S
2021-06-14T13:37:07,100.0,45.15,S
2021-06-14T13:37:07,100.0,45.15,S
2021-06-14T13:37:06,2900.0,45.1,S
2021-06-14T13:37:06,6200.0,45.1,S
2021-06-14T13:37:06,300.0,45.1,S
2021-06-14T13:37:05,100.0,45.15,S
2021-06-14T13:37:03,100.0,45.15,S
2021-06-14T13:37:00,100.0,45.15,S
2021-06-14T13:36:58,100.0,45.15,S
2021-06-14T13:36:56,100.0,45.15,S
2021-06-14T13:36:54,100.0,45.15,S
2021-06-14T13:36:51,100.0,45.15,S
2021-06-14T13:36:51,100.0,45.1,S
2021-06-14T13:36:49,700.0,45.1,S
2021-06-14T13:36:49,6800.0,45.1,S
2021-06-14T13:36:49,100.0,45.15,S
2021-06-14T13:36:48,100.0,45.15,S
2021-06-14T13:36:48,6600.0,45.15,S
2021-06-14T13:36:46,100.0,45.15,S
2021-06-14T13:36:45,100.0,45.15,S
2021-06-14T13:36:42,100.0,45.15,S
2021-06-14T13:36:41,100.0,45.15,S
2021-06-14T13:36:41,100.0,45.15,S
2021-06-14T13:36:35,100.0,45.15,S
2021-06-14T13:36:32,100.0,45.15,S
2021-06-14T13:36:30,100.0,45.15,S
2021-06-14T13:36:27,100.0,45.15,S
2021-06-14T13:36:24,100.0,45.15,S
2021-06-14T13:36:23,100.0,45.15,S
2021-06-14T13:36:22,100.0,45.15,S
2021-06-14T13:36:20,600.0,45.15,S
2021-06-14T13:36:19,100.0,45.15,S
2021-06-14T13:36:19,100.0,45.1,S
2021-06-14T13:36:17,100.0,45.15,S
2021-06-14T13:36:17,100.0,45.15,S
2021-06-14T13:36:15,200.0,45.15,S
2021-06-14T13:36:12,100.0,45.15,S
2021-06-14T13:36:11,100.0,45.15,S
2021-06-14T13:36:09,1000.0,45.15,S
2021-06-14T13:36:09,100.0,45.15,S
2021-06-14T13:36:07,100.0,45.15,S
2021-06-14T13:36:06,100.0,45.15,S
2021-06-14T13:36:04,200.0,45.15,S
2021-06-14T13:36:02,100.0,45.15,S
2021-06-14T13:35:59,200.0,45.1,S
2021-06-14T13:35:59,100.0,45.15,S
2021-06-14T13:35:56,100.0,45.15,S
2021-06-14T13:35:54,100.0,45.15,S
2021-06-14T13:35:54,100.0,45.15,S
2021-06-14T13:35:52,100.0,45.15,S
2021-06-14T13:35:50,100.0,45.15,S
2021-06-14T13:35:49,9300.0,45.1,S
2021-06-14T13:35:48,100.0,45.15,S
2021-06-14T13:35:48,100.0,45.15,S
2021-06-14T13:35:47,500.0,45.15,S
2021-06-14T13:35:44,100.0,45.15,S
2021-06-14T13:35:44,100.0,45.1,S
2021-06-14T13:35:44,300.0,45.1,S
2021-06-14T13:35:43,2000.0,45.15,S
2021-06-14T13:35:43,200.0,45.15,S
2021-06-14T13:35:41,100.0,45.15,S
2021-06-14T13:35:41,1000.0,45.15,S
2021-06-14T13:35:41,100.0,45.15,S
2021-06-14T13:35:41,6500.0,45.15,S
2021-06-14T13:35:41,2600.0,45.15,S
2021-06-14T13:35:41,18900.0,45.15,S
2021-06-14T13:35:39,100.0,45.2,B
2021-06-14T13:35:39,1300.0,45.15,S
2021-06-14T13:35:38,100.0,45.15,S
2021-06-14T13:35:38,2600.0,45.2,B
2021-06-14T13:35:38,100.0,45.2,B
2021-06-14T13:35:36,100.0,45.2,B
2021-06-14T13:35:34,5000.0,45.15,S
2021-06-14T13:35:34,100.0,45.2,B
2021-06-14T13:35:33,100.0,45.2,B
2021-06-14T13:35:32,200.0,45.2,B
2021-06-14T13:35:32,700.0,45.2,B
2021-06-14T13:35:32,4600.0,45.2,B
2021-06-14T13:35:31,100.0,45.2,B
2021-06-14T13:35:29,100.0,45.2,B
2021-06-14T13:35:27,100.0,45.2,B
2021-06-14T13:35:26,6000.0,45.15,S
2021-06-14T13:35:26,2200.0,45.2,B
2021-06-14T13:35:26,100.0,45.2,B
2021-06-14T13:35:25,300.0,45.2,B
2021-06-14T13:35:24,100.0,45.2,B
2021-06-14T13:35:22,100.0,45.2,B
2021-06-14T13:35:19,100.0,45.2,B
2021-06-14T13:35:18,600.0,45.15,S
2021-06-14T13:35:17,100.0,45.2,B
2021-06-14T13:35:16,100.0,45.2,B
2021-06-14T13:35:14,100.0,45.2,B
2021-06-14T13:35:13,100.0,45.2,B
2021-06-14T13:35:13,100.0,45.2,B
2021-06-14T13:35:12,500.0,45.2,B
2021-06-14T13:35:12,100.0,45.2,B
2021-06-14T13:35:10,100.0,45.2,B
2021-06-14T13:35:08,100.0,45.2,B
2021-06-14T13:35:08,900.0,45.15,S
2021-06-14T13:35:08,100.0,45.2,B
2021-06-14T13:35:06,100.0,45.2,B
2021-06-14T13:35:04,100.0,45.2,B
2021-06-14T13:35:02,100.0,45.2,B
2021-06-14T13:35:02,2000.0,45.2,B
2021-06-14T13:35:02,100.0,45.2,B
2021-06-14T13:35:00,100.0,45.2,B
2021-06-14T13:34:59,100.0,45.2,B
2021-06-14T13:34:56,100.0,45.2,B
2021-06-14T13:34:54,500.0,45.15,S
2021-06-14T13:34:54,100.0,45.2,B
2021-06-14T13:34:53,100.0,45.2,B
2021-06-14T13:34:51,100.0,45.2,B
2021-06-14T13:34:50,100.0,45.2,B
2021-06-14T13:34:49,100.0,45.2,B
2021-06-14T13:34:48,100.0,45.2,B
2021-06-14T13:34:47,100.0,45.2,B
2021-06-14T13:34:45,100.0,45.2,B
2021-06-14T13:34:44,500.0,45.15,S
2021-06-14T13:34:43,300.0,45.2,B
2021-06-14T13:34:42,100.0,45.2,B
2021-06-14T13:34:41,100.0,45.2,B
2021-06-14T13:34:41,1900.0,45.2,B
2021-06-14T13:34:40,100.0,45.2,B
2021-06-14T13:34:34,100.0,45.2,B
2021-06-14T13:34:30,100.0,45.2,B
2021-06-14T13:34:30,100.0,45.2,B
2021-06-14T13:34:29,5000.0,45.15,S
2021-06-14T13:34:29,100.0,45.2,B
2021-06-14T13:34:27,100.0,45.2,B
2021-06-14T13:34:25,5200.0,45.15,S
2021-06-14T13:34:25,100.0,45.2,B
2021-06-14T13:34:23,500.0,45.2,B
2021-06-14T13:34:23,100.0,45.2,B
2021-06-14T13:34:22,100.0,45.2,B
2021-06-14T13:34:19,100.0,45.2,B
2021-06-14T13:34:18,100.0,45.2,B
2021-06-14T13:34:16,600.0,45.15,S
2021-06-14T13:34:15,100.0,45.2,B
2021-06-14T13:34:13,300.0,45.2,B
2021-06-14T13:34:13,1100.0,45.2,B
2021-06-14T13:34:11,100.0,45.2,B
2021-06-14T13:34:09,100.0,45.2,B
2021-06-14T13:34:09,100.0,45.15,S
2021-06-14T13:34:09,100.0,45.2,B
2021-06-14T13:34:07,100.0,45.2,B
2021-06-14T13:34:06,100.0,45.2,B
2021-06-14T13:34:04,100.0,45.2,B
2021-06-14T13:34:04,100.0,45.2,B
2021-06-14T13:34:04,100.0,45.2,B
2021-06-14T13:34:03,200.0,45.15,S
2021-06-14T13:34:03,100.0,45.2,B
2021-06-14T13:34:01,100.0,45.2,B
2021-06-14T13:33:59,100.0,45.2,B
2021-06-14T13:33:58,100.0,45.2,B
2021-06-14T13:33:56,100.0,45.2,B
2021-06-14T13:33:55,100.0,45.2,B
2021-06-14T13:33:52,100.0,45.2,B
2021-06-14T13:33:52,100.0,45.2,B
2021-06-14T13:33:50,100.0,45.2,B
2021-06-14T13:33:49,200.0,45.2,B
2021-06-14T13:33:49,100.0,45.2,B
2021-06-14T13:33:48,100.0,45.2,B
2021-06-14T13:33:46,100.0,45.2,B
2021-06-14T13:33:46,100.0,45.2,B
2021-06-14T13:33:45,200.0,45.15,S
2021-06-14T13:33:45,1500.0,45.2,B
2021-06-14T13:33:44,100.0,45.2,B
2021-06-14T13:33:43,100.0,45.2,B
2021-06-14T13:33:42,2500.0,45.15,S
2021-06-14T13:33:42,1500.0,45.15,S
2021-06-14T13:33:41,5500.0,45.15,S
2021-06-14T13:33:41,100.0,45.2,B
2021-06-14T13:33:40,100.0,45.2,B
2021-06-14T13:33:39,100.0,45.2,B
2021-06-14T13:33:37,100.0,45.2,B
2021-06-14T13:33:37,100.0,45.2,B
2021-06-14T13:33:35,100.0,45.2,B
2021-06-14T13:33:34,4000.0,45.2,B
2021-06-14T13:33:33,100.0,45.2,B
2021-06-14T13:33:33,400.0,45.2,B
2021-06-14T13:33:32,100.0,45.2,B
2021-06-14T13:33:30,100.0,45.2,B
2021-06-14T13:33:30,100.0,45.2,B
2021-06-14T13:33:28,700.0,45.2,B
2021-06-14T13:33:28,100.0,45.2,B
2021-06-14T13:33:26,100.0,45.2,B
2021-06-14T13:33:22,100.0,45.2,B
2021-06-14T13:33:21,100.0,45.2,B
2021-06-14T13:33:19,100.0,45.2,B
2021-06-14T13:33:17,100.0,45.2,B
2021-06-14T13:33:17,100.0,45.2,B
2021-06-14T13:33:16,100.0,45.2,B
2021-06-14T13:33:16,1000.0,45.2,B
2021-06-14T13:33:16,1700.0,45.15,S
2021-06-14T13:33:16,200.0,45.15,S
2021-06-14T13:33:16,200.0,45.15,S
2021-06-14T13:33:13,100.0,45.2,B
2021-06-14T13:33:12,500.0,45.2,B
2021-06-14T13:33:08,100.0,45.2,B
2021-06-14T13:33:04,100.0,45.2,B
2021-06-14T13:33:04,500.0,45.2,B
2021-06-14T13:33:01,100.0,45.2,B
2021-06-14T13:33:01,100.0,45.2,B
2021-06-14T13:32:58,300.0,45.2,B
2021-06-14T13:32:58,6100.0,45.2,B
2021-06-14T13:32:58,5900.0,45.2,B
2021-06-14T13:32:57,100.0,45.2,B
2021-06-14T13:32:54,100.0,45.2,B
2021-06-14T13:32:49,100.0,45.2,B
2021-06-14T13:32:47,500.0,45.2,B
2021-06-14T13:32:47,100.0,45.2,B
2021-06-14T13:32:44,100.0,45.2,B
2021-06-14T13:32:44,1000.0,45.2,B
2021-06-14T13:32:44,100.0,45.15,S
2021-06-14T13:32:43,500.0,45.15,S
2021-06-14T13:32:43,100.0,45.2,B
2021-06-14T13:32:41,2000.0,45.2,B
2021-06-14T13:32:40,100.0,45.2,B
2021-06-14T13:32:40,100.0,45.2,B
2021-06-14T13:32:37,100.0,45.2,B
2021-06-14T13:32:37,100.0,45.15,S
2021-06-14T13:32:37,700.0,45.2,B
2021-06-14T13:32:36,100.0,45.2,B
2021-06-14T13:32:35,1000.0,45.2,B
2021-06-14T13:32:34,100.0,45.2,B
2021-06-14T13:32:34,100.0,45.2,B
2021-06-14T13:32:31,100.0,45.2,B
2021-06-14T13:32:30,5000.0,45.15,S
2021-06-14T13:32:29,300.0,45.2,B
2021-06-14T13:32:28,100.0,45.2,B
2021-06-14T13:32:27,700.0,45.15,S
2021-06-14T13:32:27,300.0,45.15,S
2021-06-14T13:32:27,24000.0,45.15,S
2021-06-14T13:32:26,100.0,45.2,B
2021-06-14T13:32:25,100.0,45.2,B
2021-06-14T13:32:24,100.0,45.15,S
2021-06-14T13:32:24,100.0,45.2,B
2021-06-14T13:32:23,100.0,45.2,B
2021-06-14T13:32:22,100.0,45.2,B
2021-06-14T13:32:20,100.0,45.2,B
2021-06-14T13:32:18,100.0,45.2,B
2021-06-14T13:32:18,100.0,45.2,B
2021-06-14T13:32:16,100.0,45.2,B
2021-06-14T13:32:15,100.0,45.2,B
2021-06-14T13:32:12,100.0,45.2,B
2021-06-14T13:32:11,3000.0,45.2,B
2021-06-14T13:32:11,1000.0,45.2,B
2021-06-14T13:32:10,100.0,45.2,B
2021-06-14T13:32:08,100.0,45.2,B
2021-06-14T13:32:07,100.0,45.2,B
2021-06-14T13:32:06,100.0,45.2,B
2021-06-14T13:32:05,100.0,45.2,B
2021-06-14T13:32:03,3900.0,45.15,S
2021-06-14T13:32:02,100.0,45.2,B
2021-06-14T13:31:59,100.0,45.2,B
2021-06-14T13:31:59,1000.0,45.15,S
2021-06-14T13:31:58,100.0,45.2,B
2021-06-14T13:31:57,100.0,45.2,B
2021-06-14T13:31:55,9000.0,45.2,B
2021-06-14T13:31:55,700.0,45.2,B
2021-06-14T13:31:54,100.0,45.2,B
2021-06-14T13:31:53,100.0,45.2,B
2021-06-14T13:31:49,100.0,45.2,B
2021-06-14T13:31:47,100.0,45.2,B
2021-06-14T13:31:46,100.0,45.2,B
2021-06-14T13:31:44,100.0,45.2,B
2021-06-14T13:31:42,100.0,45.2,B
2021-06-14T13:31:36,100.0,45.2,B
2021-06-14T13:31:36,300.0,45.2,B
2021-06-14T13:31:35,100.0,45.2,B
2021-06-14T13:31:34,100.0,45.2,B
2021-06-14T13:31:33,100.0,45.2,B
2021-06-14T13:31:30,100.0,45.2,B
2021-06-14T13:31:29,100.0,45.2,B
2021-06-14T13:31:28,100.0,45.2,B
2021-06-14T13:31:26,100.0,45.2,B
2021-06-14T13:31:25,100.0,45.2,B
2021-06-14T13:31:24,100.0,45.2,B
2021-06-14T13:31:22,100.0,45.2,B
2021-06-14T13:31:21,100.0,45.2,B
2021-06-14T13:31:20,100.0,45.2,B
2021-06-14T13:31:19,100.0,45.2,B
2021-06-14T13:31:16,100.0,45.2,B
2021-06-14T13:31:15,200.0,45.2,B
2021-06-14T13:31:14,5000.0,45.15,S
2021-06-14T13:31:13,5000.0,45.2,B
2021-06-14T13:31:12,100.0,45.2,B
2021-06-14T13:31:12,1100.0,45.2,B
2021-06-14T13:31:12,100.0,45.2,B
2021-06-14T13:31:09,100.0,45.2,B
2021-06-14T13:31:07,100.0,45.2,B
2021-06-14T13:31:07,500.0,45.2,B
2021-06-14T13:31:07,100.0,45.2,B
2021-06-14T13:31:05,100.0,45.2,B
2021-06-14T13:31:04,100.0,45.2,B
2021-06-14T13:31:04,1000.0,45.2,B
2021-06-14T13:31:03,100.0,45.2,B
2021-06-14T13:31:03,100.0,45.2,B
2021-06-14T13:31:02,300.0,45.2,B
2021-06-14T13:31:00,200.0,45.15,S
2021-06-14T13:31:00,100.0,45.2,B
2021-06-14T13:30:59,200.0,45.2,B
2021-06-14T13:30:59,500.0,45.2,B
2021-06-14T13:30:58,100.0,45.2,B
2021-06-14T13:30:58,100.0,45.2,B
2021-06-14T13:30:57,600.0,45.2,B
2021-06-14T13:30:57,400.0,45.2,B
2021-06-14T13:30:56,100.0,45.2,B
2021-06-14T13:30:56,100.0,45.2,B
2021-06-14T13:30:53,100.0,45.2,B
2021-06-14T13:30:51,100.0,45.2,B
2021-06-14T13:30:50,100.0,45.2,B
2021-06-14T13:30:49,100.0,45.2,B
2021-06-14T13:30:48,200.0,45.2,B
2021-06-14T13:30:47,100.0,45.2,B
2021-06-14T13:30:46,100.0,45.2,B
2021-06-14T13:30:44,100.0,45.2,B
2021-06-14T13:30:43,300.0,45.2,B
2021-06-14T13:30:43,100.0,45.2,B
2021-06-14T13:30:41,100.0,45.2,B
2021-06-14T13:30:38,600.0,45.2,B
2021-06-14T13:30:36,100.0,45.2,B
2021-06-14T13:30:35,100.0,45.2,B
2021-06-14T13:30:35,500.0,45.2,B
2021-06-14T13:30:34,200.0,45.2,B
2021-06-14T13:30:32,200.0,45.2,B
2021-06-14T13:30:31,100.0,45.2,B
2021-06-14T13:30:29,100.0,45.2,B
2021-06-14T13:30:28,100.0,45.2,B
2021-06-14T13:30:27,100.0,45.2,B
2021-06-14T13:30:24,100.0,45.2,B
2021-06-14T13:30:22,100.0,45.2,B
2021-06-14T13:30:19,100.0,45.2,B
2021-06-14T13:30:19,300.0,45.2,B
2021-06-14T13:30:17,100.0,45.2,B
2021-06-14T13:30:17,5000.0,45.2,B
2021-06-14T13:30:17,100.0,45.2,B
2021-06-14T13:30:14,100.0,45.2,B
2021-06-14T13:30:13,100.0,45.2,B
2021-06-14T13:30:11,100.0,45.2,B
2021-06-14T13:30:09,100.0,45.2,B
2021-06-14T13:30:07,4500.0,45.2,B
2021-06-14T13:30:07,100.0,45.2,B
2021-06-14T13:30:06,100.0,45.2,B
2021-06-14T13:30:06,100.0,45.2,B
2021-06-14T13:30:06,100.0,45.2,B
2021-06-14T13:30:05,1000.0,45.2,B
2021-06-14T13:30:04,100.0,45.2,B
2021-06-14T13:30:01,100.0,45.2,B
2021-06-14T13:30:00,100.0,45.2,B
2021-06-14T13:29:59,100.0,45.2,B
2021-06-14T13:29:59,1000.0,45.2,B
2021-06-14T13:29:57,100.0,45.2,B
2021-06-14T13:29:55,2000.0,45.15,S
2021-06-14T13:29:55,100.0,45.2,B
2021-06-14T13:29:55,1100.0,45.2,B
2021-06-14T13:29:54,100.0,45.2,B
2021-06-14T13:29:53,1000.0,45.2,B
2021-06-14T13:29:53,100.0,45.2,B
2021-06-14T13:29:51,500.0,45.2,B
2021-06-14T13:29:51,100.0,45.2,B
2021-06-14T13:29:49,100.0,45.2,B
2021-06-14T13:29:48,100.0,45.15,S
2021-06-14T13:29:47,100.0,45.2,B
2021-06-14T13:29:46,100.0,45.2,B
2021-06-14T13:29:46,1000.0,45.2,B
2021-06-14T13:29:44,100.0,45.2,B
2021-06-14T13:29:41,100.0,45.2,B
2021-06-14T13:29:39,100.0,45.2,B
2021-06-14T13:29:37,100.0,45.2,B
2021-06-14T13:29:36,100.0,45.2,B
2021-06-14T13:29:35,500.0,45.2,B
2021-06-14T13:29:34,100.0,45.2,B
2021-06-14T13:29:31,100.0,45.2,B
2021-06-14T13:29:29,100.0,45.2,B
2021-06-14T13:29:28,100.0,45.2,B
2021-06-14T13:29:28,400.0,45.15,S
2021-06-14T13:29:27,100.0,45.2,B
2021-06-14T13:29:26,5600.0,45.2,B
2021-06-14T13:29:26,400.0,45.2,B
2021-06-14T13:29:25,700.0,45.2,B
2021-06-14T13:29:25,300.0,45.2,B
2021-06-14T13:29:25,100.0,45.2,B
2021-06-14T13:29:23,100.0,45.2,B
2021-06-14T13:29:22,100.0,45.2,B
2021-06-14T13:29:19,100.0,45.2,B
2021-06-14T13:29:17,100.0,45.2,B
2021-06-14T13:29:14,100.0,45.2,B
2021-06-14T13:29:14,900.0,45.2,B
2021-06-14T13:29:14,1100.0,45.2,B
2021-06-14T13:29:14,3000.0,45.2,B
2021-06-14T13:29:13,100.0,45.2,B
2021-06-14T13:29:11,100.0,45.2,B
2021-06-14T13:29:06,100.0,45.2,B
2021-06-14T13:29:05,100.0,45.2,B
2021-06-14T13:29:03,100.0,45.2,B
2021-06-14T13:29:02,100.0,45.2,B
2021-06-14T13:29:00,100.0,45.2,B
2021-06-14T13:29:00,1300.0,45.2,B
2021-06-14T13:29:00,1100.0,45.2,B
2021-06-14T13:29:00,2600.0,45.2,B
2021-06-14T13:28:58,100.0,45.2,B
2021-06-14T13:28:55,100.0,45.2,B
2021-06-14T13:28:53,400.0,45.15,S
2021-06-14T13:28:53,400.0,45.2,B
2021-06-14T13:28:53,700.0,45.2,B
2021-06-14T13:28:52,100.0,45.2,B
2021-06-14T13:28:45,100.0,45.2,B
2021-06-14T13:28:44,100.0,45.2,B
2021-06-14T13:28:43,100.0,45.2,B
2021-06-14T13:28:41,100.0,45.2,B
2021-06-14T13:28:41,500.0,45.2,B
2021-06-14T13:28:40,100.0,45.2,B
2021-06-14T13:28:38,100.0,45.2,B
2021-06-14T13:28:37,100.0,45.2,B
2021-06-14T13:28:35,100.0,45.2,B
2021-06-14T13:28:34,100.0,45.2,B
2021-06-14T13:28:33,100.0,45.2,B
2021-06-14T13:28:32,500.0,45.2,B
2021-06-14T13:28:32,100.0,45.2,B
2021-06-14T13:28:30,200.0,45.2,B
2021-06-14T13:28:30,15000.0,45.2,B
2021-06-14T13:28:28,2000.0,45.2,B
2021-06-14T13:28:28,1100.0,45.2,B
2021-06-14T13:28:28,1100.0,45.2,B
2021-06-14T13:28:28,1800.0,45.2,B
2021-06-14T13:28:28,100.0,45.2,B
2021-06-14T13:28:26,100.0,45.2,B
2021-06-14T13:28:26,100.0,45.2,B
2021-06-14T13:28:25,100.0,45.2,B
2021-06-14T13:28:24,100.0,45.2,B
2021-06-14T13:28:23,100.0,45.2,B
2021-06-14T13:28:22,100.0,45.2,B
2021-06-14T13:28:20,100.0,45.2,B
2021-06-14T13:28:19,100.0,45.2,B
2021-06-14T13:28:19,700.0,45.15,S
2021-06-14T13:28:19,800.0,45.15,S
2021-06-14T13:28:18,100.0,45.2,B
2021-06-14T13:28:16,100.0,45.2,B
2021-06-14T13:28:14,100.0,45.2,B
2021-06-14T13:28:14,100.0,45.2,B
2021-06-14T13:28:11,100.0,45.2,B
2021-06-14T13:28:10,400.0,45.2,B
2021-06-14T13:28:10,100.0,45.2,B
2021-06-14T13:28:10,600.0,45.2,B
2021-06-14T13:28:09,200.0,45.2,B
2021-06-14T13:28:09,800.0,45.2,B
2021-06-14T13:28:09,400.0,45.2,B
2021-06-14T13:28:07,100.0,45.2,B
2021-06-14T13:28:07,100.0,45.2,B
2021-06-14T13:28:05,100.0,45.2,B
2021-06-14T13:28:04,100.0,45.2,B
2021-06-14T13:28:01,100.0,45.2,B
2021-06-14T13:28:00,100.0,45.2,B
2021-06-14T13:27:58,100.0,45.2,B
2021-06-14T13:27:57,100.0,45.2,B
2021-06-14T13:27:55,100.0,45.2,B
2021-06-14T13:27:54,2100.0,45.2,B
2021-06-14T13:27:54,1000.0,45.2,B
2021-06-14T13:27:54,800.0,45.2,B
2021-06-14T13:27:54,2200.0,45.2,B
2021-06-14T13:27:54,1200.0,45.2,B
2021-06-14T13:27:54,700.0,45.2,B
2021-06-14T13:27:54,1100.0,45.2,B
2021-06-14T13:27:54,100.0,45.2,B
2021-06-14T13:27:54,700.0,45.2,B
2021-06-14T13:27:54,100.0,45.2,B
2021-06-14T13:27:54,300.0,45.2,B
2021-06-14T13:27:54,17000.0,45.2,B
2021-06-14T13:27:54,1000.0,45.2,B
2021-06-14T13:27:54,900.0,45.2,B
2021-06-14T13:27:54,2000.0,45.2,B
2021-06-14T13:27:54,3000.0,45.2,B
2021-06-14T13:27:54,400.0,45.2,B
2021-06-14T13:27:53,5400.0,45.2,B
2021-06-14T13:27:51,100.0,45.2,B
2021-06-14T13:27:51,100.0,45.2,B
2021-06-14T13:27:49,100.0,45.2,B
2021-06-14T13:27:49,1000.0,45.2,B
2021-06-14T13:27:49,7900.0,45.2,B
2021-06-14T13:27:49,100.0,45.2,B
2021-06-14T13:27:48,200.0,45.15,S
2021-06-14T13:27:47,100.0,45.2,B
2021-06-14T13:27:45,100.0,45.2,B
2021-06-14T13:27:44,100.0,45.2,B
2021-06-14T13:27:43,100.0,45.2,B
2021-06-14T13:27:41,500.0,45.2,B
2021-06-14T13:27:41,100.0,45.2,B
2021-06-14T13:27:40,100.0,45.2,B
2021-06-14T13:27:37,100.0,45.2,B
2021-06-14T13:27:36,900.0,45.2,B
2021-06-14T13:27:36,100.0,45.2,B
2021-06-14T13:27:34,100.0,45.2,B
2021-06-14T13:27:34,100.0,45.15,S
2021-06-14T13:27:33,100.0,45.2,B
2021-06-14T13:27:31,100.0,45.2,B
2021-06-14T13:27:31,800.0,45.15,S
2021-06-14T13:27:31,200.0,45.15,S
2021-06-14T13:27:31,100.0,45.2,B
2021-06-14T13:27:29,3000.0,45.2,B
2021-06-14T13:27:29,100.0,45.2,B
2021-06-14T13:27:27,100.0,45.2,B
2021-06-14T13:27:27,300.0,45.2,B
2021-06-14T13:27:26,100.0,45.2,B
2021-06-14T13:27:26,100.0,45.2,B
2021-06-14T13:27:25,500.0,45.2,B
2021-06-14T13:27:24,200.0,45.15,S
2021-06-14T13:27:24,100.0,45.15,S
2021-06-14T13:27:24,9700.0,45.15,S
2021-06-14T13:27:24,100.0,45.2,B
2021-06-14T13:27:22,100.0,45.2,B
2021-06-14T13:27:20,1400.0,45.2,B
2021-06-14T13:27:19,100.0,45.2,B
2021-06-14T13:27:17,500.0,45.2,B
2021-06-14T13:27:17,500.0,45.2,B
2021-06-14T13:27:17,100.0,45.2,B
2021-06-14T13:27:16,100.0,45.2,B
2021-06-14T13:27:15,100.0,45.2,B
2021-06-14T13:27:13,100.0,45.2,B
2021-06-14T13:27:12,1000.0,45.15,S
2021-06-14T13:27:11,100.0,45.2,B
2021-06-14T13:27:11,100.0,45.2,B
2021-06-14T13:27:09,100.0,45.2,B
2021-06-14T13:27:08,1100.0,45.2,B
2021-06-14T13:27:06,100.0,45.2,B
2021-06-14T13:27:06,100.0,45.2,B
2021-06-14T13:27:04,100.0,45.2,B
2021-06-14T13:27:02,100.0,45.2,B
2021-06-14T13:27:02,300.0,45.15,S
2021-06-14T13:27:00,100.0,45.2,B
2021-06-14T13:27:00,100.0,45.2,B
2021-06-14T13:26:57,100.0,45.2,B
2021-06-14T13:26:56,600.0,45.15,S
2021-06-14T13:26:55,100.0,45.15,S
2021-06-14T13:26:54,100.0,45.2,B
2021-06-14T13:26:53,100.0,45.2,B
2021-06-14T13:26:52,100.0,45.2,B
2021-06-14T13:26:51,300.0,45.2,B
2021-06-14T13:26:47,100.0,45.2,B
2021-06-14T13:26:46,100.0,45.2,B
2021-06-14T13:26:45,100.0,45.2,B
2021-06-14T13:26:42,100.0,45.2,B
2021-06-14T13:26:41,300.0,45.2,B
2021-06-14T13:26:41,100.0,45.2,B
2021-06-14T13:26:39,100.0,45.2,B
2021-06-14T13:26:38,100.0,45.2,B
2021-06-14T13:26:36,100.0,45.2,B
2021-06-14T13:26:34,100.0,45.2,B
2021-06-14T13:26:33,500.0,45.15,S
2021-06-14T13:26:32,100.0,45.2,B
2021-06-14T13:26:32,300.0,45.2,B
2021-06-14T13:26:31,100.0,45.2,B
2021-06-14T13:26:30,100.0,45.2,B
2021-06-14T13:26:28,2000.0,45.2,B
2021-06-14T13:26:28,100.0,45.2,B
2021-06-14T13:26:27,100.0,45.2,B
2021-06-14T13:26:26,100.0,45.2,B
2021-06-14T13:26:25,300.0,45.2,B
2021-06-14T13:26:25,100.0,45.2,B
2021-06-14T13:26:24,300.0,45.2,B
2021-06-14T13:26:24,600.0,45.15,S
2021-06-14T13:26:22,100.0,45.2,B
2021-06-14T13:26:21,300.0,45.2,B
2021-06-14T13:26:20,500.0,45.15,S
2021-06-14T13:26:19,100.0,45.2,B
2021-06-14T13:26:19,1000.0,45.2,B
2021-06-14T13:26:18,100.0,45.2,B
2021-06-14T13:26:16,100.0,45.2,B
2021-06-14T13:26:15,500.0,45.15,S
2021-06-14T13:26:13,100.0,45.2,B
2021-06-14T13:26:12,100.0,45.2,B
2021-06-14T13:26:11,100.0,45.2,B
2021-06-14T13:26:10,100.0,45.2,B
2021-06-14T13:26:09,500.0,45.15,S
2021-06-14T13:26:08,1100.0,45.2,B
2021-06-14T13:26:08,100.0,45.2,B
2021-06-14T13:26:06,100.0,45.2,B
2021-06-14T13:26:05,1100.0,45.15,S
2021-06-14T13:26:04,100.0,45.2,B
2021-06-14T13:26:03,1000.0,45.2,B
2021-06-14T13:26:03,100.0,45.2,B
2021-06-14T13:26:01,100.0,45.2,B
2021-06-14T13:26:00,300.0,45.15,S
2021-06-14T13:26:00,700.0,45.15,S
2021-06-14T13:25:58,100.0,45.2,B
2021-06-14T13:25:54,100.0,45.2,B
2021-06-14T13:25:54,400.0,45.2,B
2021-06-14T13:25:54,100.0,45.2,B
2021-06-14T13:25:51,100.0,45.2,B
2021-06-14T13:25:49,100.0,45.2,B
2021-06-14T13:25:46,100.0,45.2,B
2021-06-14T13:25:46,100.0,45.2,B
2021-06-14T13:25:44,100.0,45.2,B
2021-06-14T13:25:43,500.0,45.15,S
2021-06-14T13:25:41,100.0,45.2,B
2021-06-14T13:25:39,100.0,45.2,B
2021-06-14T13:25:37,100.0,45.2,B
2021-06-14T13:25:35,100.0,45.2,B
2021-06-14T13:25:33,100.0,45.2,B
2021-06-14T13:25:31,100.0,45.2,B
2021-06-14T13:25:31,100.0,45.2,B
2021-06-14T13:25:28,100.0,45.2,B
2021-06-14T13:25:27,100.0,45.2,B
2021-06-14T13:25:24,100.0,45.2,B
2021-06-14T13:25:24,200.0,45.2,B
2021-06-14T13:25:23,500.0,45.2,B
2021-06-14T13:25:23,400.0,45.2,B
2021-06-14T13:25:23,1100.0,45.2,B
2021-06-14T13:25:23,400.0,45.2,B
2021-06-14T13:25:22,100.0,45.2,B
2021-06-14T13:25:15,100.0,45.2,B
2021-06-14T13:25:14,100.0,45.2,B
2021-06-14T13:25:13,500.0,45.15,S
2021-06-14T13:25:12,100.0,45.2,B
2021-06-14T13:25:12,1000.0,45.2,B
2021-06-14T13:25:12,1000.0,45.2,B
2021-06-14T13:25:12,1900.0,45.2,B
2021-06-14T13:25:12,1600.0,45.2,B
2021-06-14T13:25:12,7500.0,45.2,B
2021-06-14T13:25:12,2000.0,45.2,B
2021-06-14T13:25:11,100.0,45.2,B
2021-06-14T13:25:11,1000.0,45.2,B
2021-06-14T13:25:09,100.0,45.2,B
2021-06-14T13:25:08,100.0,45.2,B
2021-06-14T13:25:07,100.0,45.2,B
2021-06-14T13:25:06,1500.0,45.2,B
2021-06-14T13:25:04,200.0,45.2,B
2021-06-14T13:25:03,500.0,45.2,B
2021-06-14T13:25:03,100.0,45.2,B
2021-06-14T13:25:01,100.0,45.2,B
2021-06-14T13:24:59,100.0,45.2,B
2021-06-14T13:24:57,100.0,45.2,B
2021-06-14T13:24:57,100.0,45.2,B
2021-06-14T13:24:54,1500.0,45.2,B
2021-06-14T13:24:54,100.0,45.2,B
2021-06-14T13:24:54,1500.0,45.2,B
2021-06-14T13:24:54,400.0,45.2,B
2021-06-14T13:24:54,1100.0,45.2,B
2021-06-14T13:24:54,5300.0,45.2,B
2021-06-14T13:24:54,6100.0,45.2,B
2021-06-14T13:24:54,9000.0,45.2,B
2021-06-14T13:24:54,100.0,45.2,B
2021-06-14T13:24:53,100.0,45.2,B
2021-06-14T13:24:52,1000.0,45.2,B
2021-06-14T13:24:51,1000.0,45.2,B
2021-06-14T13:24:50,100.0,45.2,B
2021-06-14T13:24:49,200.0,45.2,B
2021-06-14T13:24:48,100.0,45.2,B
2021-06-14T13:24:48,800.0,45.2,B
2021-06-14T13:24:48,9300.0,45.2,B
2021-06-14T13:24:47,1000.0,45.2,B
2021-06-14T13:24:46,100.0,45.2,B
2021-06-14T13:24:46,400.0,45.2,B
2021-06-14T13:24:45,100.0,45.2,B
2021-06-14T13:24:44,100.0,45.15,S
2021-06-14T13:24:43,100.0,45.2,B
2021-06-14T13:24:42,100.0,45.2,B
2021-06-14T13:24:40,100.0,45.2,B
2021-06-14T13:24:40,100.0,45.2,B
2021-06-14T13:24:38,2000.0,45.2,B
2021-06-14T13:24:37,300.0,45.15,S
2021-06-14T13:24:37,100.0,45.2,B
2021-06-14T13:24:36,100.0,45.2,B
2021-06-14T13:24:35,100.0,45.2,B
2021-06-14T13:24:34,100.0,45.2,B
2021-06-14T13:24:33,1500.0,45.2,B
2021-06-14T13:24:32,100.0,45.2,B
2021-06-14T13:24:31,100.0,45.2,B
2021-06-14T13:24:30,400.0,45.2,B
2021-06-14T13:24:29,100.0,45.2,B
2021-06-14T13:24:29,100.0,45.15,S
2021-06-14T13:24:28,200.0,45.15,S
2021-06-14T13:24:27,100.0,45.2,B
2021-06-14T13:24:25,100.0,45.2,B
2021-06-14T13:24:24,100.0,45.2,B
2021-06-14T13:24:20,600.0,45.2,B
2021-06-14T13:24:18,100.0,45.2,B
2021-06-14T13:24:18,100.0,45.2,B
2021-06-14T13:24:16,100.0,45.2,B
2021-06-14T13:24:16,100.0,45.2,B
2021-06-14T13:24:13,100.0,45.2,B
2021-06-14T13:24:13,2200.0,45.15,S
2021-06-14T13:24:13,500.0,45.2,B
2021-06-14T13:24:12,100.0,45.2,B
2021-06-14T13:24:12,2000.0,45.2,B
2021-06-14T13:24:10,100.0,45.2,B
2021-06-14T13:24:06,100.0,45.2,B
2021-06-14T13:24:06,1000.0,45.2,B
2021-06-14T13:24:06,100.0,45.2,B
2021-06-14T13:24:05,8000.0,45.15,S
2021-06-14T13:24:05,100.0,45.2,B
2021-06-14T13:24:04,400.0,45.2,B
2021-06-14T13:24:04,100.0,45.2,B
2021-06-14T13:24:03,100.0,45.2,B
2021-06-14T13:24:02,2200.0,45.2,B
2021-06-14T13:24:01,100.0,45.2,B
2021-06-14T13:24:00,100.0,45.2,B
2021-06-14T13:24:00,200.0,45.15,S
2021-06-14T13:23:58,100.0,45.2,B
2021-06-14T13:23:57,100.0,45.2,B
2021-06-14T13:23:56,1000.0,45.2,B
2021-06-14T13:23:56,100.0,45.2,B
2021-06-14T13:23:56,2000.0,45.2,B
2021-06-14T13:23:55,100.0,45.2,B
2021-06-14T13:23:55,100.0,45.2,B
2021-06-14T13:23:53,100.0,45.2,B
2021-06-14T13:23:52,100.0,45.2,B
2021-06-14T13:23:50,100.0,45.2,B
2021-06-14T13:23:48,5000.0,45.2,B
2021-06-14T13:23:48,100.0,45.2,B
2021-06-14T13:23:46,100.0,45.2,B
2021-06-14T13:23:45,100.0,45.2,B
2021-06-14T13:23:44,100.0,45.2,B
2021-06-14T13:23:43,100.0,45.2,B
2021-06-14T13:23:40,100.0,45.2,B
2021-06-14T13:23:40,300.0,45.2,B
2021-06-14T13:23:39,100.0,45.2,B
2021-06-14T13:23:39,100.0,45.2,B
2021-06-14T13:23:37,100.0,45.2,B
2021-06-14T13:23:36,100.0,45.2,B
2021-06-14T13:23:34,100.0,45.2,B
2021-06-14T13:23:34,100.0,45.2,B
2021-06-14T13:23:31,100.0,45.2,B
2021-06-14T13:23:28,100.0,45.2,B
2021-06-14T13:23:27,100.0,45.2,B
2021-06-14T13:23:27,2300.0,45.2,B
2021-06-14T13:23:27,3000.0,45.2,B
2021-06-14T13:23:26,100.0,45.2,B
2021-06-14T13:23:24,5000.0,45.2,B
2021-06-14T13:23:24,100.0,45.2,B
2021-06-14T13:23:24,600.0,45.2,B
2021-06-14T13:23:22,100.0,45.2,B
2021-06-14T13:23:21,500.0,45.2,B
2021-06-14T13:23:20,100.0,45.2,B
2021-06-14T13:23:19,100.0,45.2,B
2021-06-14T13:23:15,100.0,45.2,B
2021-06-14T13:23:12,100.0,45.2,B
2021-06-14T13:23:11,100.0,45.2,B
2021-06-14T13:23:09,100.0,45.2,B
2021-06-14T13:23:08,100.0,45.2,B
2021-06-14T13:23:06,100.0,45.2,B
2021-06-14T13:23:05,100.0,45.2,B
2021-06-14T13:23:03,2000.0,45.2,B
2021-06-14T13:23:01,100.0,45.2,B
2021-06-14T13:23:01,100.0,45.2,B
2021-06-14T13:23:01,800.0,45.15,S
2021-06-14T13:22:59,100.0,45.2,B
2021-06-14T13:22:57,100.0,45.2,B
2021-06-14T13:22:56,100.0,45.2,B
2021-06-14T13:22:55,100.0,45.2,B
2021-06-14T13:22:55,1000.0,45.2,B
2021-06-14T13:22:54,100.0,45.2,B
2021-06-14T13:22:53,500.0,45.2,B
2021-06-14T13:22:53,300.0,45.2,B
2021-06-14T13:22:53,2700.0,45.2,B
2021-06-14T13:22:53,100.0,45.2,B
2021-06-14T13:22:53,900.0,45.2,B
2021-06-14T13:22:53,1500.0,45.2,B
2021-06-14T13:22:50,100.0,45.2,B
2021-06-14T13:22:49,5300.0,45.2,B
2021-06-14T13:22:47,100.0,45.2,B
2021-06-14T13:22:46,1000.0,45.2,B
2021-06-14T13:22:46,500.0,45.15,S
2021-06-14T13:22:46,100.0,45.2,B
2021-06-14T13:22:45,300.0,45.2,B
2021-06-14T13:22:45,100.0,45.2,B
2021-06-14T13:22:45,600.0,45.2,B
2021-06-14T13:22:45,5000.0,45.2,B
2021-06-14T13:22:44,100.0,45.2,B
2021-06-14T13:22:44,2000.0,45.2,B
2021-06-14T13:22:43,100.0,45.2,B
2021-06-14T13:22:41,100.0,45.2,B
2021-06-14T13:22:40,100.0,45.2,B
2021-06-14T13:22:39,200.0,45.15,S
2021-06-14T13:22:39,100.0,45.2,B
2021-06-14T13:22:37,100.0,45.2,B
2021-06-14T13:22:35,100.0,45.2,B
2021-06-14T13:22:33,100.0,45.2,B
2021-06-14T13:22:33,100.0,45.2,B
2021-06-14T13:22:31,100.0,45.2,B
2021-06-14T13:22:29,100.0,45.2,B
2021-06-14T13:22:28,100.0,45.2,B
2021-06-14T13:22:27,100.0,45.2,B
2021-06-14T13:22:24,100.0,45.2,B
2021-06-14T13:22:21,100.0,45.2,B
2021-06-14T13:22:20,100.0,45.2,B
2021-06-14T13:22:20,6300.0,45.2,B
2021-06-14T13:22:20,2800.0,45.2,B
2021-06-14T13:22:20,300.0,45.2,B
2021-06-14T13:22:20,3600.0,45.2,B
2021-06-14T13:22:20,2100.0,45.2,B
2021-06-14T13:22:20,200.0,45.2,B
2021-06-14T13:22:20,300.0,45.2,B
2021-06-14T13:22:20,300.0,45.2,B
2021-06-14T13:22:20,1700.0,45.2,B
2021-06-14T13:22:20,2400.0,45.2,B
2021-06-14T13:22:20,100.0,45.2,B
2021-06-14T13:22:18,100.0,45.2,B
2021-06-14T13:22:16,100.0,45.2,B
2021-06-14T13:22:13,100.0,45.2,B
2021-06-14T13:22:12,400.0,45.2,B
2021-06-14T13:22:12,100.0,45.2,B
2021-06-14T13:22:08,100.0,45.2,B
2021-06-14T13:22:07,500.0,45.2,B
2021-06-14T13:22:06,100.0,45.2,B
2021-06-14T13:22:06,200.0,45.2,B
2021-06-14T13:22:04,3000.0,45.2,B
2021-06-14T13:22:03,100.0,45.2,B
2021-06-14T13:22:02,100.0,45.2,B
2021-06-14T13:21:59,100.0,45.2,B
2021-06-14T13:21:59,100.0,45.15,S
2021-06-14T13:21:56,100.0,45.2,B
2021-06-14T13:21:50,100.0,45.2,B
2021-06-14T13:21:49,100.0,45.2,B
2021-06-14T13:21:47,100.0,45.2,B
2021-06-14T13:21:43,100.0,45.2,B
2021-06-14T13:21:40,100.0,45.2,B
2021-06-14T13:21:36,100.0,45.2,B
2021-06-14T13:21:36,100.0,45.2,B
2021-06-14T13:21:34,100.0,45.2,B
2021-06-14T13:21:33,100.0,45.2,B
2021-06-14T13:21:30,200.0,45.2,B
2021-06-14T13:21:29,100.0,45.2,B
2021-06-14T13:21:28,300.0,45.15,S
2021-06-14T13:21:28,500.0,45.2,B
2021-06-14T13:21:28,100.0,45.2,B
2021-06-14T13:21:27,100.0,45.2,B
2021-06-14T13:21:27,400.0,45.2,B
2021-06-14T13:21:27,700.0,45.2,B
2021-06-14T13:21:27,400.0,45.2,B
2021-06-14T13:21:27,300.0,45.2,B
2021-06-14T13:21:27,3500.0,45.2,B
2021-06-14T13:21:27,100.0,45.2,B
2021-06-14T13:21:27,400.0,45.2,B
2021-06-14T13:21:26,100.0,45.2,B
2021-06-14T13:21:23,100.0,45.2,B
2021-06-14T13:21:21,200.0,45.2,B
2021-06-14T13:21:21,100.0,45.2,B
2021-06-14T13:21:20,800.0,45.2,B
2021-06-14T13:21:20,1000.0,45.2,B
2021-06-14T13:21:20,300.0,45.2,B
2021-06-14T13:21:20,4100.0,45.2,B
2021-06-14T13:21:20,1400.0,45.2,B
2021-06-14T13:21:20,400.0,45.2,B
2021-06-14T13:21:20,1100.0,45.2,B
2021-06-14T13:21:20,2400.0,45.2,B
2021-06-14T13:21:20,200.0,45.2,B
2021-06-14T13:21:20,7500.0,45.2,B
2021-06-14T13:21:20,700.0,45.2,B
2021-06-14T13:21:20,100.0,45.2,B
2021-06-14T13:21:17,100.0,45.15,S
2021-06-14T13:21:17,100.0,45.2,B
2021-06-14T13:21:16,100.0,45.2,B
2021-06-14T13:21:14,100.0,45.2,B
2021-06-14T13:21:13,500.0,45.15,S
2021-06-14T13:21:11,100.0,45.2,B
2021-06-14T13:21:10,100.0,45.2,B
2021-06-14T13:21:09,100.0,45.15,S
2021-06-14T13:21:09,900.0,45.2,B
2021-06-14T13:21:09,2000.0,45.2,B
2021-06-14T13:21:09,300.0,45.2,B
2021-06-14T13:21:09,1700.0,45.2,B
2021-06-14T13:21:09,10000.0,45.2,B
2021-06-14T13:21:09,1500.0,45.2,B
2021-06-14T13:21:09,3600.0,45.2,B
2021-06-14T13:21:08,100.0,45.2,B
2021-06-14T13:21:07,100.0,45.2,B
2021-06-14T13:21:05,100.0,45.2,B
2021-06-14T13:21:03,100.0,45.2,B
2021-06-14T13:21:03,600.0,45.15,S
2021-06-14T13:20:59,100.0,45.2,B
2021-06-14T13:20:59,100.0,45.2,B
2021-06-14T13:20:57,100.0,45.2,B
2021-06-14T13:20:56,600.0,45.2,B
2021-06-14T13:20:55,100.0,45.2,B
2021-06-14T13:20:54,100.0,45.2,B
2021-06-14T13:20:52,100.0,45.2,B
2021-06-14T13:20:49,200.0,45.2,B
2021-06-14T13:20:49,3800.0,45.2,B
2021-06-14T13:20:49,400.0,45.2,B
2021-06-14T13:20:49,500.0,45.2,B
2021-06-14T13:20:49,3000.0,45.2,B
2021-06-14T13:20:48,400.0,45.2,B
2021-06-14T13:20:48,800.0,45.2,B
2021-06-14T13:20:48,600.0,45.2,B
2021-06-14T13:20:48,3100.0,45.2,B
2021-06-14T13:20:48,7400.0,45.2,B
2021-06-14T13:20:48,100.0,45.2,B
2021-06-14T13:20:44,100.0,45.2,B
2021-06-14T13:20:44,100.0,45.2,B
2021-06-14T13:20:41,100.0,45.2,B
2021-06-14T13:20:40,100.0,45.2,B
2021-06-14T13:20:40,500.0,45.2,B
2021-06-14T13:20:38,100.0,45.2,B
2021-06-14T13:20:37,100.0,45.2,B
2021-06-14T13:20:35,100.0,45.2,B
2021-06-14T13:20:34,100.0,45.2,B
2021-06-14T13:20:32,100.0,45.2,B
2021-06-14T13:20:30,100.0,45.2,B
2021-06-14T13:20:29,600.0,45.2,B
2021-06-14T13:20:28,1000.0,45.2,B
2021-06-14T13:20:28,100.0,45.2,B
2021-06-14T13:20:25,100.0,45.2,B
2021-06-14T13:20:24,100.0,45.2,B
2021-06-14T13:20:22,100.0,45.2,B
2021-06-14T13:20:22,100.0,45.2,B
2021-06-14T13:20:20,100.0,45.2,B
2021-06-14T13:20:17,100.0,45.2,B
2021-06-14T13:20:16,100.0,45.2,B
2021-06-14T13:20:14,100.0,45.2,B
2021-06-14T13:20:12,100.0,45.2,B
2021-06-14T13:20:11,100.0,45.2,B
2021-06-14T13:20:09,100.0,45.2,B
2021-06-14T13:20:08,200.0,45.15,S
2021-06-14T13:20:07,100.0,45.2,B
2021-06-14T13:20:05,100.0,45.2,B
2021-06-14T13:20:03,300.0,45.2,B
2021-06-14T13:20:02,100.0,45.2,B
2021-06-14T13:20:01,100.0,45.2,B
2021-06-14T13:19:59,1000.0,45.2,B
2021-06-14T13:19:58,100.0,45.2,B
2021-06-14T13:19:57,100.0,45.2,B
2021-06-14T13:19:56,4000.0,45.2,B
2021-06-14T13:19:56,400.0,45.2,B
2021-06-14T13:19:56,400.0,45.2,B
2021-06-14T13:19:56,2300.0,45.2,B
2021-06-14T13:19:56,400.0,45.2,B
2021-06-14T13:19:56,600.0,45.2,B
2021-06-14T13:19:56,300.0,45.2,B
2021-06-14T13:19:56,1600.0,45.2,B
2021-06-14T13:19:56,100.0,45.2,B
2021-06-14T13:19:55,100.0,45.2,B
2021-06-14T13:19:54,5000.0,45.15,S
2021-06-14T13:19:53,100.0,45.2,B
2021-06-14T13:19:50,100.0,45.2,B
2021-06-14T13:19:48,100.0,45.2,B
2021-06-14T13:19:47,400.0,45.2,B
2021-06-14T13:19:47,4600.0,45.2,B
2021-06-14T13:19:47,100.0,45.2,B
2021-06-14T13:19:46,100.0,45.2,B
2021-06-14T13:19:46,100.0,45.2,B
2021-06-14T13:19:42,100.0,45.2,B
2021-06-14T13:19:41,100.0,45.2,B
2021-06-14T13:19:40,100.0,45.2,B
2021-06-14T13:19:38,100.0,45.2,B
2021-06-14T13:19:38,100.0,45.2,B
2021-06-14T13:19:37,100.0,45.2,B
2021-06-14T13:19:36,100.0,45.2,B
2021-06-14T13:19:35,100.0,45.2,B
2021-06-14T13:19:35,300.0,45.15,S
2021-06-14T13:19:34,100.0,45.15,S
2021-06-14T13:19:34,100.0,45.2,B
2021-06-14T13:19:33,100.0,45.2,B
2021-06-14T13:19:32,400.0,45.2,B
2021-06-14T13:19:30,100.0,45.2,B
2021-06-14T13:19:28,100.0,45.2,B
2021-06-14T13:19:26,5000.0,45.2,B
2021-06-14T13:19:25,100.0,45.2,B
2021-06-14T13:19:24,100.0,45.2,B
2021-06-14T13:19:22,100.0,45.2,B
2021-06-14T13:19:19,100.0,45.2,B
2021-06-14T13:19:18,100.0,45.2,B
2021-06-14T13:19:18,100.0,45.2,B
2021-06-14T13:19:17,100.0,45.15,S
2021-06-14T13:19:15,100.0,45.2,B
2021-06-14T13:19:13,100.0,45.2,B
2021-06-14T13:19:11,100.0,45.2,B
2021-06-14T13:19:09,1100.0,45.2,B
2021-06-14T13:19:07,100.0,45.2,B
2021-06-14T13:19:07,100.0,45.2,B
2021-06-14T13:19:07,100.0,45.2,B
2021-06-14T13:19:07,900.0,45.2,B
2021-06-14T13:19:05,100.0,45.2,B
2021-06-14T13:19:03,100.0,45.2,B
2021-06-14T13:19:03,900.0,45.2,B
2021-06-14T13:19:03,100.0,45.2,B
2021-06-14T13:19:01,900.0,45.2,B
2021-06-14T13:19:01,100.0,45.2,B
2021-06-14T13:19:00,300.0,45.15,S
2021-06-14T13:18:59,100.0,45.2,B
2021-06-14T13:18:55,100.0,45.2,B
2021-06-14T13:18:55,100.0,45.2,B
2021-06-14T13:18:55,100.0,45.2,B
2021-06-14T13:18:54,100.0,45.2,B
2021-06-14T13:18:52,100.0,45.2,B
2021-06-14T13:18:52,100.0,45.2,B
2021-06-14T13:18:50,100.0,45.2,B
2021-06-14T13:18:48,100.0,45.2,B
2021-06-14T13:18:46,100.0,45.2,B
2021-06-14T13:18:46,2100.0,45.2,B
2021-06-14T13:18:44,100.0,45.2,B
2021-06-14T13:18:42,100.0,45.15,S
2021-06-14T13:18:41,100.0,45.2,B
2021-06-14T13:18:40,100.0,45.2,B
2021-06-14T13:18:39,100.0,45.2,B
2021-06-14T13:18:37,600.0,45.15,S
2021-06-14T13:18:37,100.0,45.2,B
2021-06-14T13:18:34,100.0,45.2,B
2021-06-14T13:18:33,100.0,45.2,B
2021-06-14T13:18:30,100.0,45.2,B
2021-06-14T13:18:29,100.0,45.2,B
2021-06-14T13:18:28,5000.0,45.2,B
2021-06-14T13:18:27,100.0,45.2,B
2021-06-14T13:18:24,100.0,45.2,B
2021-06-14T13:18:22,100.0,45.2,B
2021-06-14T13:18:21,100.0,45.2,B
2021-06-14T13:18:14,100.0,45.2,B
2021-06-14T13:18:12,100.0,45.15,S
2021-06-14T13:18:11,100.0,45.2,B
2021-06-14T13:18:10,500.0,45.2,B
2021-06-14T13:18:07,100.0,45.2,B
2021-06-14T13:18:06,100.0,45.2,B
2021-06-14T13:18:06,900.0,45.2,B
2021-06-14T13:18:06,1500.0,45.2,B
2021-06-14T13:18:06,400.0,45.2,B
2021-06-14T13:18:06,600.0,45.2,B
2021-06-14T13:18:06,2100.0,45.2,B
2021-06-14T13:18:03,100.0,45.2,B
2021-06-14T13:18:03,100.0,45.2,B
2021-06-14T13:18:00,100.0,45.2,B
2021-06-14T13:17:58,100.0,45.2,B
2021-06-14T13:17:57,100.0,45.2,B
2021-06-14T13:17:56,100.0,45.2,B
2021-06-14T13:17:55,10000.0,45.2,B
2021-06-14T13:17:54,100.0,45.2,B
2021-06-14T13:17:52,100.0,45.2,B
2021-06-14T13:17:51,100.0,45.2,B
2021-06-14T13:17:49,100.0,45.2,B
2021-06-14T13:17:49,1000.0,45.2,B
2021-06-14T13:17:47,100.0,45.2,B
2021-06-14T13:17:45,100.0,45.2,B
2021-06-14T13:17:42,100.0,45.2,B
2021-06-14T13:17:42,100.0,45.2,B
2021-06-14T13:17:41,1100.0,45.15,S
2021-06-14T13:17:39,100.0,45.2,B
2021-06-14T13:17:35,100.0,45.2,B
2021-06-14T13:17:35,3000.0,45.2,B
2021-06-14T13:17:33,100.0,45.2,B
2021-06-14T13:17:32,100.0,45.2,B
2021-06-14T13:17:30,100.0,45.2,B
2021-06-14T13:17:28,100.0,45.2,B
2021-06-14T13:17:27,100.0,45.2,B
2021-06-14T13:17:26,100.0,45.2,B
2021-06-14T13:17:25,200.0,45.15,S
2021-06-14T13:17:25,100.0,45.2,B
2021-06-14T13:17:24,500.0,45.2,B
2021-06-14T13:17:23,4000.0,45.2,B
2021-06-14T13:17:23,100.0,45.2,B
2021-06-14T13:17:20,100.0,45.2,B
2021-06-14T13:17:20,100.0,45.2,B
2021-06-14T13:17:18,100.0,45.2,B
2021-06-14T13:17:16,100.0,45.2,B
2021-06-14T13:17:14,100.0,45.2,B
2021-06-14T13:17:13,100.0,45.2,B
2021-06-14T13:17:13,800.0,45.2,B
2021-06-14T13:17:13,200.0,45.2,B
2021-06-14T13:17:12,200.0,45.15,S
2021-06-14T13:17:12,4700.0,45.15,S
2021-06-14T13:17:12,2000.0,45.2,B
2021-06-14T13:17:12,8100.0,45.2,B
2021-06-14T13:17:10,100.0,45.2,B
2021-06-14T13:17:05,100.0,45.2,B
2021-06-14T13:17:04,100.0,45.2,B
2021-06-14T13:17:03,100.0,45.2,B
2021-06-14T13:17:03,500.0,45.2,B
2021-06-14T13:17:03,500.0,45.2,B
2021-06-14T13:17:01,100.0,45.2,B
2021-06-14T13:16:59,100.0,45.2,B
2021-06-14T13:16:56,100.0,45.2,B
2021-06-14T13:16:55,100.0,45.2,B
2021-06-14T13:16:55,500.0,45.2,B
2021-06-14T13:16:54,100.0,45.2,B
2021-06-14T13:16:53,1500.0,45.2,B
2021-06-14T13:16:52,600.0,45.2,B
2021-06-14T13:16:52,2200.0,45.2,B
2021-06-14T13:16:51,6500.0,45.2,B
2021-06-14T13:16:51,3200.0,45.2,B
2021-06-14T13:16:51,7500.0,45.2,B
2021-06-14T13:16:50,100.0,45.2,B
2021-06-14T13:16:48,100.0,45.2,B
2021-06-14T13:16:48,100.0,45.2,B
2021-06-14T13:16:47,1000.0,45.2,B
2021-06-14T13:16:46,100.0,45.2,B
2021-06-14T13:16:45,100.0,45.2,B
2021-06-14T13:16:43,100.0,45.2,B
2021-06-14T13:16:42,100.0,45.2,B
2021-06-14T13:16:39,100.0,45.2,B
2021-06-14T13:16:39,400.0,45.2,B
2021-06-14T13:16:38,600.0,45.2,B
2021-06-14T13:16:36,100.0,45.2,B
2021-06-14T13:16:35,1000.0,45.2,B
2021-06-14T13:16:35,100.0,45.2,B
2021-06-14T13:16:33,100.0,45.2,B
2021-06-14T13:16:31,100.0,45.2,B
2021-06-14T13:16:30,100.0,45.2,B
2021-06-14T13:16:27,1000.0,45.2,B
2021-06-14T13:16:27,100.0,45.2,B
2021-06-14T13:16:26,100.0,45.2,B
2021-06-14T13:16:25,100.0,45.2,B
2021-06-14T13:16:23,100.0,45.2,B
2021-06-14T13:16:21,100.0,45.2,B
