tradingTime,volume,price,side
2021-06-14T14:29:46,300.0,14.8,B
2021-06-14T14:28:34,3000.0,14.8,B
2021-06-14T14:25:27,1000.0,14.7,S
2021-06-14T14:24:48,2000.0,14.7,S
2021-06-14T14:24:08,400.0,14.7,S
2021-06-14T14:23:26,1700.0,14.7,B
2021-06-14T14:23:25,5000.0,14.7,B
2021-06-14T14:23:23,3000.0,14.7,B
2021-06-14T14:23:18,5000.0,14.7,B
2021-06-14T14:22:56,2000.0,14.7,B
2021-06-14T14:22:17,2000.0,14.7,B
2021-06-14T14:22:12,11000.0,14.7,B
2021-06-14T14:22:08,3000.0,14.7,B
2021-06-14T14:22:01,200.0,14.7,B
2021-06-14T14:21:09,10000.0,14.7,B
2021-06-14T14:20:00,10000.0,14.6,S
2021-06-14T14:19:31,100.0,14.7,B
2021-06-14T14:19:21,100.0,14.7,B
2021-06-14T14:18:24,5000.0,14.7,B
2021-06-14T14:18:18,200.0,14.7,B
2021-06-14T14:17:56,500.0,14.7,B
2021-06-14T14:14:48,600.0,14.6,S
2021-06-14T14:12:53,100.0,14.6,S
2021-06-14T14:12:49,1500.0,14.7,B
2021-06-14T14:12:40,100.0,14.6,S
2021-06-14T14:12:32,100.0,14.7,B
2021-06-14T14:11:00,600.0,14.7,B
2021-06-14T14:10:52,500.0,14.7,B
2021-06-14T14:09:58,100.0,14.7,B
2021-06-14T14:09:41,122800.0,14.7,S
2021-06-14T14:06:18,16000.0,14.9,B
2021-06-14T14:00:13,1400.0,14.9,B
2021-06-14T13:59:28,100.0,14.8,S
2021-06-14T13:59:26,1000.0,14.8,S
2021-06-14T13:58:41,3000.0,14.8,S
2021-06-14T13:56:55,1000.0,14.8,S
2021-06-14T13:56:31,500.0,14.8,S
2021-06-14T13:52:24,100.0,14.8,S
2021-06-14T13:50:21,300.0,14.8,S
2021-06-14T13:49:27,6400.0,14.8,B
2021-06-14T13:46:41,200.0,14.8,B
2021-06-14T13:46:34,5000.0,14.7,S
2021-06-14T13:44:28,200.0,14.8,B
2021-06-14T13:44:10,1300.0,14.8,B
2021-06-14T13:41:58,800.0,14.8,B
2021-06-14T13:41:05,100.0,14.8,B
2021-06-14T13:40:49,100.0,14.8,B
2021-06-14T13:40:33,1500.0,14.8,B
2021-06-14T13:38:43,2400.0,14.8,S
2021-06-14T13:38:36,200.0,14.9,B
2021-06-14T13:37:44,2200.0,14.9,B
2021-06-14T13:37:18,2400.0,14.8,S
2021-06-14T13:37:03,800.0,14.8,S
2021-06-14T13:36:05,3400.0,14.8,B
2021-06-14T13:35:02,500.0,14.7,S
2021-06-14T13:34:38,5400.0,14.7,S
2021-06-14T13:32:07,1300.0,14.8,S
2021-06-14T13:31:43,6000.0,14.8,S
2021-06-14T13:31:21,600.0,14.8,S
2021-06-14T13:30:38,3000.0,14.8,S
2021-06-14T13:30:07,10000.0,14.8,S
2021-06-14T13:29:19,1000.0,14.8,S
2021-06-14T13:28:11,100.0,14.8,S
2021-06-14T13:28:07,300.0,14.8,S
2021-06-14T13:26:52,2100.0,14.8,S
2021-06-14T13:25:51,2300.0,14.8,B
2021-06-14T13:22:56,500.0,14.8,B
2021-06-14T13:22:36,9200.0,14.8,B
2021-06-14T13:22:14,1000.0,14.8,S
2021-06-14T13:21:48,10000.0,14.8,S
2021-06-14T13:21:10,500.0,14.8,S
2021-06-14T13:20:14,1700.0,14.9,B
2021-06-14T13:20:02,4500.0,14.9,B
2021-06-14T13:19:58,100.0,14.8,S
2021-06-14T13:19:22,4800.0,14.9,B
2021-06-14T13:18:25,2000.0,14.8,S
2021-06-14T13:17:06,500.0,14.8,B
2021-06-14T13:16:55,500.0,14.8,B
2021-06-14T13:16:32,1300.0,14.8,B
2021-06-14T13:15:56,2000.0,14.8,S
2021-06-14T13:14:42,100.0,14.8,B
2021-06-14T13:13:20,1700.0,14.8,B
2021-06-14T13:13:08,500.0,14.8,S
2021-06-14T13:10:41,1000.0,14.8,B
2021-06-14T13:10:29,500.0,14.8,B
2021-06-14T13:09:05,1500.0,14.8,S
2021-06-14T13:09:00,800.0,14.8,S
2021-06-14T13:07:32,1000.0,14.8,S
2021-06-14T13:03:33,6000.0,14.8,S
2021-06-14T13:00:07,6300.0,14.7,S
2021-06-14T13:00:05,100.0,14.8,S
2021-06-14T13:00:03,3600.0,14.8,S
2021-06-14T13:00:02,800.0,14.8,B
2021-06-14T13:00:02,1100.0,14.7,S
2021-06-14T11:28:26,500.0,14.7,S
2021-06-14T11:28:13,200.0,14.8,B
2021-06-14T11:27:05,2500.0,14.8,B
2021-06-14T11:26:43,200.0,14.8,B
2021-06-14T11:25:32,10500.0,14.8,B
2021-06-14T11:25:02,1400.0,14.8,S
2021-06-14T11:23:11,9500.0,14.8,S
2021-06-14T11:21:58,1500.0,14.8,S
2021-06-14T11:20:53,100.0,14.8,B
2021-06-14T11:20:43,1000.0,14.8,B
2021-06-14T11:19:25,1000.0,14.8,B
2021-06-14T11:18:58,100.0,14.8,B
2021-06-14T11:16:51,2500.0,14.8,S
2021-06-14T11:15:34,4200.0,14.8,B
2021-06-14T11:15:25,19000.0,14.8,B
2021-06-14T11:15:01,700.0,14.8,B
2021-06-14T11:14:39,500.0,14.8,B
2021-06-14T11:13:15,300.0,14.8,B
2021-06-14T11:09:09,9000.0,14.8,B
2021-06-14T11:08:18,300.0,14.8,B
2021-06-14T11:06:09,1000.0,14.8,B
2021-06-14T11:04:16,1000.0,14.7,S
2021-06-14T11:00:26,100.0,14.8,B
2021-06-14T10:58:44,700.0,14.8,B
2021-06-14T10:55:47,1000.0,14.8,B
2021-06-14T10:53:27,100.0,14.8,B
2021-06-14T10:53:23,100.0,14.8,B
2021-06-14T10:52:40,900.0,14.8,B
2021-06-14T10:52:32,2000.0,14.7,S
2021-06-14T10:50:52,3900.0,14.7,S
2021-06-14T10:50:20,500.0,14.7,S
2021-06-14T10:45:52,19000.0,14.7,S
2021-06-14T10:45:19,1000.0,14.8,S
2021-06-14T10:41:57,100.0,14.9,B
2021-06-14T10:40:14,300.0,14.9,B
2021-06-14T10:39:35,200.0,14.9,B
2021-06-14T10:38:26,900.0,14.8,B
2021-06-14T10:38:12,3500.0,14.8,B
2021-06-14T10:36:11,700.0,14.8,S
2021-06-14T10:35:32,100.0,14.8,B
2021-06-14T10:35:05,300.0,14.8,B
2021-06-14T10:34:51,100.0,14.8,B
2021-06-14T10:32:50,500.0,14.8,B
2021-06-14T10:32:24,1000.0,14.7,S
2021-06-14T10:31:00,10500.0,14.8,B
2021-06-14T10:27:57,100.0,14.7,S
2021-06-14T10:27:54,500.0,14.7,S
2021-06-14T10:27:47,100.0,14.7,S
2021-06-14T10:27:16,100.0,14.8,B
2021-06-14T10:24:10,4500.0,14.7,S
2021-06-14T10:20:42,6400.0,14.7,S
2021-06-14T10:16:42,700.0,14.8,S
2021-06-14T10:16:31,1300.0,14.8,B
2021-06-14T10:15:36,4500.0,14.8,B
2021-06-14T10:15:14,4100.0,14.6,S
2021-06-14T10:15:04,8100.0,14.7,S
2021-06-14T10:15:00,10000.0,14.7,S
2021-06-14T10:14:49,4000.0,14.8,B
2021-06-14T10:14:46,5000.0,14.7,S
2021-06-14T10:13:54,1000.0,14.7,S
2021-06-14T10:11:56,5400.0,14.7,S
2021-06-14T10:11:08,1000.0,14.7,S
2021-06-14T10:10:34,1000.0,14.7,S
2021-06-14T10:09:57,10000.0,14.7,S
2021-06-14T10:09:26,10000.0,14.7,S
2021-06-14T10:06:47,2500.0,14.7,S
2021-06-14T10:06:00,1000.0,14.7,S
2021-06-14T10:02:47,100.0,14.7,S
2021-06-14T10:02:07,100.0,14.7,S
2021-06-14T10:00:12,800.0,14.7,S
2021-06-14T09:58:30,200.0,14.7,S
2021-06-14T09:56:24,2000.0,14.7,S
2021-06-14T09:53:13,10000.0,14.7,S
2021-06-14T09:53:12,600.0,14.7,S
2021-06-14T09:52:54,200.0,14.8,S
2021-06-14T09:51:07,200.0,14.8,S
2021-06-14T09:49:57,3000.0,14.8,S
2021-06-14T09:49:40,1000.0,14.8,S
2021-06-14T09:48:35,500.0,14.8,S
2021-06-14T09:47:56,1000.0,14.8,S
2021-06-14T09:46:43,500.0,14.8,S
2021-06-14T09:46:13,1000.0,14.8,S
2021-06-14T09:44:44,1000.0,14.8,S
2021-06-14T09:43:36,700.0,14.9,B
2021-06-14T09:43:00,2700.0,14.8,B
2021-06-14T09:39:57,100.0,14.8,B
2021-06-14T09:39:37,2000.0,14.8,B
2021-06-14T09:38:29,300.0,14.8,B
2021-06-14T09:37:59,2400.0,14.8,B
2021-06-14T09:37:55,1000.0,14.8,B
2021-06-14T09:37:00,100.0,14.8,B
2021-06-14T09:33:52,100.0,14.8,B
2021-06-14T09:33:33,1400.0,14.8,S
2021-06-14T09:33:24,200.0,14.8,S
2021-06-14T09:32:35,500.0,14.8,S
2021-06-14T09:32:34,1500.0,14.8,S
2021-06-14T09:31:10,200.0,14.8,S
2021-06-14T09:27:42,300.0,14.8,B
2021-06-14T09:26:28,100.0,14.8,B
2021-06-14T09:26:24,500.0,14.8,B
2021-06-14T09:25:45,200.0,14.8,B
2021-06-14T09:25:36,2000.0,14.8,B
2021-06-14T09:25:09,1800.0,14.8,B
2021-06-14T09:24:47,1600.0,14.8,B
2021-06-14T09:24:34,500.0,14.8,B
2021-06-14T09:24:06,2500.0,14.8,B
2021-06-14T09:23:51,100.0,14.8,B
2021-06-14T09:23:06,200.0,14.8,S
2021-06-14T09:22:30,500.0,14.8,S
2021-06-14T09:22:06,800.0,14.8,S
2021-06-14T09:20:33,2900.0,14.8,S
2021-06-14T09:19:19,2000.0,14.8,S
2021-06-14T09:18:36,1000.0,14.8,S
2021-06-14T09:15:38,400.0,14.9,S
2021-06-14T09:14:57,2000.0,14.9,B
2021-06-14T09:13:55,1300.0,14.9,S
2021-06-14T09:13:32,9900.0,14.9,S
2021-06-14T09:12:33,700.0,14.9,S
2021-06-14T09:08:42,700.0,14.9,S
2021-06-14T09:06:19,1000.0,14.9,S
2021-06-14T09:05:11,100.0,14.9,S
