tradingTime,volume,price,side
2021-06-14T14:30:15,800.0,39.2,B
2021-06-14T14:29:29,100.0,39.2,B
2021-06-14T14:29:19,800.0,39.2,S
2021-06-14T14:29:09,1500.0,39.3,B
2021-06-14T14:28:32,1900.0,39.3,B
2021-06-14T14:28:29,1700.0,39.2,B
2021-06-14T14:28:13,1000.0,39.2,B
2021-06-14T14:27:39,600.0,39.2,S
2021-06-14T14:27:15,2500.0,39.3,B
2021-06-14T14:27:14,1000.0,39.25,B
2021-06-14T14:27:14,200.0,39.25,B
2021-06-14T14:27:08,100.0,39.25,B
2021-06-14T14:27:07,10400.0,39.25,B
2021-06-14T14:27:07,300.0,39.25,B
2021-06-14T14:27:07,9300.0,39.25,B
2021-06-14T14:27:07,3000.0,39.1,S
2021-06-14T14:27:04,5800.0,39.2,B
2021-06-14T14:27:01,16000.0,39.2,B
2021-06-14T14:26:58,500.0,39.2,B
2021-06-14T14:26:56,1100.0,39.2,B
2021-06-14T14:26:54,6900.0,39.2,B
2021-06-14T14:26:54,2000.0,39.2,B
2021-06-14T14:26:52,500.0,39.2,B
2021-06-14T14:26:48,100.0,39.2,B
2021-06-14T14:26:48,100.0,39.2,B
2021-06-14T14:26:46,3900.0,39.2,B
2021-06-14T14:26:46,100.0,39.2,B
2021-06-14T14:26:46,600.0,39.2,B
2021-06-14T14:26:46,5400.0,39.2,B
2021-06-14T14:26:44,5000.0,39.2,B
2021-06-14T14:26:42,700.0,39.1,S
2021-06-14T14:26:41,400.0,39.2,B
2021-06-14T14:26:36,300.0,39.2,B
2021-06-14T14:26:35,4200.0,39.1,B
2021-06-14T14:26:35,10000.0,39.1,B
2021-06-14T14:26:35,500.0,39.1,B
2021-06-14T14:26:34,2000.0,39.1,B
2021-06-14T14:26:34,10000.0,39.1,B
2021-06-14T14:26:32,4000.0,39.1,B
2021-06-14T14:26:32,4000.0,39.1,B
2021-06-14T14:26:31,4000.0,39.1,B
2021-06-14T14:26:30,100.0,39.1,B
2021-06-14T14:26:30,4000.0,39.1,B
2021-06-14T14:26:29,11000.0,39.1,B
2021-06-14T14:26:29,10000.0,39.1,B
2021-06-14T14:26:27,300.0,39.1,B
2021-06-14T14:26:26,500.0,39.1,B
2021-06-14T14:26:25,100.0,39.1,B
2021-06-14T14:26:23,200.0,39.1,B
2021-06-14T14:26:23,2000.0,39.1,B
2021-06-14T14:26:22,100.0,39.1,B
2021-06-14T14:26:21,100.0,39.1,B
2021-06-14T14:26:20,900.0,39.1,B
2021-06-14T14:26:19,2000.0,39.1,B
2021-06-14T14:26:19,1000.0,39.1,B
2021-06-14T14:26:17,3500.0,39.1,B
2021-06-14T14:26:15,1000.0,39.1,B
2021-06-14T14:26:15,1000.0,39.1,B
2021-06-14T14:26:15,500.0,39.1,B
2021-06-14T14:26:14,1000.0,39.1,B
2021-06-14T14:26:13,100.0,39.1,B
2021-06-14T14:26:12,200.0,39.1,B
2021-06-14T14:26:12,5000.0,39.1,B
2021-06-14T14:26:11,500.0,39.1,B
2021-06-14T14:26:10,3500.0,39.1,B
2021-06-14T14:26:09,600.0,39.1,B
2021-06-14T14:26:09,1000.0,39.1,B
2021-06-14T14:26:09,100.0,39.1,B
2021-06-14T14:26:08,200.0,39.1,B
2021-06-14T14:26:08,100.0,39.1,B
2021-06-14T14:26:07,5000.0,39.1,B
2021-06-14T14:26:07,10000.0,39.1,B
2021-06-14T14:26:06,5000.0,39.1,B
2021-06-14T14:26:05,500.0,39.1,B
2021-06-14T14:26:04,500.0,39.1,B
2021-06-14T14:26:04,500.0,39.1,B
2021-06-14T14:26:02,500.0,39.1,B
2021-06-14T14:26:01,100.0,39.1,B
2021-06-14T14:26:00,100.0,39.1,B
2021-06-14T14:26:00,500.0,39.1,S
2021-06-14T14:25:59,8000.0,39.1,S
2021-06-14T14:25:59,10000.0,39.2,B
2021-06-14T14:25:56,300.0,39.1,S
2021-06-14T14:25:56,7400.0,39.05,S
2021-06-14T14:25:56,5100.0,39.05,S
2021-06-14T14:25:56,100.0,39.05,S
2021-06-14T14:25:56,2500.0,39.05,S
2021-06-14T14:25:56,1500.0,39.05,S
2021-06-14T14:25:56,3300.0,39.05,S
2021-06-14T14:25:53,9600.0,39.2,B
2021-06-14T14:25:53,700.0,39.2,B
2021-06-14T14:25:53,4500.0,39.2,B
2021-06-14T14:25:53,900.0,39.2,B
2021-06-14T14:25:53,100.0,39.2,B
2021-06-14T14:25:53,200.0,39.2,B
2021-06-14T14:25:53,2000.0,39.2,B
2021-06-14T14:25:53,8500.0,39.2,B
2021-06-14T14:25:53,7000.0,39.2,B
2021-06-14T14:25:53,6500.0,39.2,B
2021-06-14T14:25:53,3300.0,39.2,B
2021-06-14T14:25:53,3300.0,39.2,B
2021-06-14T14:25:53,3400.0,39.2,B
2021-06-14T14:25:52,2000.0,39.15,B
2021-06-14T14:25:50,100.0,39.15,B
2021-06-14T14:25:47,900.0,39.15,B
2021-06-14T14:25:45,1100.0,39.1,B
2021-06-14T14:25:43,1800.0,39.15,B
2021-06-14T14:25:38,2500.0,39.1,B
2021-06-14T14:25:38,1300.0,39.1,B
2021-06-14T14:25:38,1000.0,39.1,B
2021-06-14T14:25:38,7000.0,39.1,B
2021-06-14T14:25:38,2500.0,39.1,B
2021-06-14T14:25:38,3600.0,39.1,B
2021-06-14T14:25:38,6200.0,39.1,B
2021-06-14T14:25:38,300.0,39.1,B
2021-06-14T14:25:38,2500.0,39.1,B
2021-06-14T14:25:38,2000.0,39.1,B
2021-06-14T14:25:38,2100.0,39.1,B
2021-06-14T14:25:38,200.0,39.1,B
2021-06-14T14:25:38,21900.0,39.1,B
2021-06-14T14:25:34,1000.0,39.1,B
2021-06-14T14:25:31,300.0,39.05,B
2021-06-14T14:25:30,100.0,39.05,B
2021-06-14T14:25:27,2500.0,39.05,B
2021-06-14T14:25:27,500.0,39.0,S
2021-06-14T14:25:26,500.0,39.05,B
2021-06-14T14:25:26,2000.0,39.05,B
2021-06-14T14:25:26,500.0,39.05,B
2021-06-14T14:25:24,400.0,39.05,B
2021-06-14T14:25:20,300.0,39.05,B
2021-06-14T14:25:20,100.0,39.05,B
2021-06-14T14:25:19,1000.0,39.05,B
2021-06-14T14:25:18,400.0,39.05,B
2021-06-14T14:25:18,500.0,39.05,B
2021-06-14T14:25:14,2000.0,39.05,B
2021-06-14T14:25:14,1000.0,39.0,S
2021-06-14T14:25:14,100.0,39.05,S
2021-06-14T14:25:14,900.0,39.05,S
2021-06-14T14:25:13,200.0,39.05,S
2021-06-14T14:25:11,600.0,39.05,S
2021-06-14T14:25:10,300.0,39.0,S
2021-06-14T14:25:10,5000.0,39.05,S
2021-06-14T14:25:08,6000.0,39.05,S
2021-06-14T14:25:08,1000.0,39.05,S
2021-06-14T14:25:07,100.0,39.05,S
2021-06-14T14:25:03,1000.0,39.05,S
2021-06-14T14:25:03,2000.0,39.05,S
2021-06-14T14:25:00,200.0,39.05,S
2021-06-14T14:25:00,3500.0,39.05,S
2021-06-14T14:25:00,4000.0,39.1,B
2021-06-14T14:24:56,500.0,39.05,S
2021-06-14T14:24:55,200.0,39.0,S
2021-06-14T14:24:54,1000.0,39.05,S
2021-06-14T14:24:50,1000.0,39.05,B
2021-06-14T14:24:46,1000.0,39.05,B
2021-06-14T14:24:43,8000.0,39.0,S
2021-06-14T14:24:38,1200.0,39.0,S
2021-06-14T14:24:36,100.0,39.0,S
2021-06-14T14:24:36,200.0,39.05,B
2021-06-14T14:24:30,1500.0,39.0,B
2021-06-14T14:24:30,2900.0,39.0,B
2021-06-14T14:24:30,1400.0,39.0,B
2021-06-14T14:24:30,3100.0,39.0,B
2021-06-14T14:24:30,300.0,39.0,B
2021-06-14T14:24:30,500.0,39.0,B
2021-06-14T14:24:30,1300.0,39.0,B
2021-06-14T14:24:30,25600.0,39.0,B
2021-06-14T14:24:30,8000.0,39.0,B
2021-06-14T14:24:30,1000.0,39.0,B
2021-06-14T14:24:30,4900.0,39.0,B
2021-06-14T14:24:29,3000.0,39.0,B
2021-06-14T14:24:28,1200.0,39.0,B
2021-06-14T14:24:28,700.0,39.0,B
2021-06-14T14:24:27,10100.0,39.0,B
2021-06-14T14:24:26,100.0,39.0,B
2021-06-14T14:24:26,100.0,39.0,B
2021-06-14T14:24:25,3900.0,38.95,S
2021-06-14T14:24:25,1000.0,39.0,B
2021-06-14T14:24:25,400.0,39.0,B
2021-06-14T14:24:24,100.0,39.0,B
2021-06-14T14:24:24,200.0,39.0,B
2021-06-14T14:24:24,400.0,39.0,B
2021-06-14T14:24:23,500.0,39.0,B
2021-06-14T14:24:22,1000.0,39.0,B
2021-06-14T14:24:22,500.0,39.0,B
2021-06-14T14:24:21,700.0,39.0,B
2021-06-14T14:24:20,200.0,39.0,B
2021-06-14T14:24:20,500.0,39.0,B
2021-06-14T14:24:20,500.0,39.0,B
2021-06-14T14:24:19,200.0,39.0,B
2021-06-14T14:24:18,2500.0,39.0,B
2021-06-14T14:24:17,200.0,39.0,B
2021-06-14T14:24:16,1000.0,39.0,B
2021-06-14T14:24:15,800.0,39.0,B
2021-06-14T14:24:15,900.0,39.0,B
2021-06-14T14:24:15,5000.0,39.0,B
2021-06-14T14:24:11,900.0,39.0,B
2021-06-14T14:24:11,1400.0,38.95,S
2021-06-14T14:24:08,8000.0,39.0,B
2021-06-14T14:24:08,1000.0,39.0,B
2021-06-14T14:24:08,600.0,39.0,B
2021-06-14T14:24:08,2400.0,39.0,B
2021-06-14T14:24:08,2000.0,39.0,B
2021-06-14T14:24:07,5000.0,39.0,B
2021-06-14T14:24:05,1000.0,39.0,B
2021-06-14T14:24:05,500.0,39.0,B
2021-06-14T14:24:05,500.0,39.0,B
2021-06-14T14:24:04,2000.0,39.0,B
2021-06-14T14:24:03,2000.0,39.0,B
2021-06-14T14:24:02,1300.0,39.0,B
2021-06-14T14:24:01,50000.0,39.0,B
2021-06-14T14:24:00,500.0,39.0,B
2021-06-14T14:24:00,300.0,39.0,B
2021-06-14T14:24:00,100.0,39.0,B
2021-06-14T14:23:58,4400.0,39.0,B
2021-06-14T14:23:57,100.0,39.0,B
2021-06-14T14:23:56,1200.0,39.0,B
2021-06-14T14:23:54,3800.0,39.0,B
2021-06-14T14:23:53,700.0,38.95,S
2021-06-14T14:23:52,2000.0,39.0,B
2021-06-14T14:23:49,500.0,39.0,B
2021-06-14T14:23:49,44800.0,39.0,B
2021-06-14T14:23:48,5400.0,39.0,B
2021-06-14T14:23:46,10000.0,38.95,S
2021-06-14T14:23:46,100.0,39.0,B
2021-06-14T14:23:45,100.0,39.0,B
2021-06-14T14:23:42,500.0,39.0,B
2021-06-14T14:23:42,2000.0,39.0,B
2021-06-14T14:23:42,2000.0,39.0,B
2021-06-14T14:23:42,3000.0,38.95,S
2021-06-14T14:23:42,100.0,39.0,B
2021-06-14T14:23:41,100.0,39.0,B
2021-06-14T14:23:41,5200.0,39.0,B
2021-06-14T14:23:41,4700.0,39.0,B
2021-06-14T14:23:41,1000.0,39.0,B
2021-06-14T14:23:41,6700.0,39.0,B
2021-06-14T14:23:41,2900.0,39.0,B
2021-06-14T14:23:40,1000.0,39.0,B
2021-06-14T14:23:37,300.0,38.95,S
2021-06-14T14:23:37,100.0,39.0,B
2021-06-14T14:23:35,300.0,38.95,S
2021-06-14T14:23:35,1200.0,39.0,B
2021-06-14T14:23:34,1000.0,39.0,B
2021-06-14T14:23:34,200.0,39.0,B
2021-06-14T14:23:34,1800.0,39.0,B
2021-06-14T14:23:34,400.0,39.0,B
2021-06-14T14:23:34,5400.0,39.0,B
2021-06-14T14:23:33,10000.0,38.95,S
2021-06-14T14:23:31,200.0,39.0,B
2021-06-14T14:23:31,5000.0,39.0,B
2021-06-14T14:23:29,1400.0,39.0,B
2021-06-14T14:23:29,1000.0,38.95,S
2021-06-14T14:23:29,1000.0,39.0,B
2021-06-14T14:23:28,1600.0,39.0,B
2021-06-14T14:23:28,4400.0,39.0,B
2021-06-14T14:23:27,600.0,39.0,B
2021-06-14T14:23:26,200.0,38.95,S
2021-06-14T14:23:26,4900.0,39.0,B
2021-06-14T14:23:26,4000.0,39.0,B
2021-06-14T14:23:26,1200.0,39.0,B
2021-06-14T14:23:25,3400.0,39.0,B
2021-06-14T14:23:25,4500.0,39.0,B
2021-06-14T14:23:25,2100.0,39.0,B
2021-06-14T14:23:25,100.0,39.0,B
2021-06-14T14:23:23,400.0,38.95,S
2021-06-14T14:23:23,500.0,38.95,S
2021-06-14T14:23:22,300.0,39.0,B
2021-06-14T14:23:20,200.0,39.0,B
2021-06-14T14:23:20,10100.0,39.0,B
2021-06-14T14:23:20,1000.0,39.0,B
2021-06-14T14:23:20,2000.0,39.0,B
2021-06-14T14:23:18,300.0,39.0,B
2021-06-14T14:23:18,10000.0,39.0,B
2021-06-14T14:23:18,400.0,39.0,B
2021-06-14T14:23:18,5000.0,39.0,B
2021-06-14T14:23:16,2600.0,39.0,B
2021-06-14T14:23:16,1400.0,39.0,B
2021-06-14T14:23:16,2600.0,39.0,B
2021-06-14T14:23:16,1100.0,39.0,B
2021-06-14T14:23:16,1200.0,39.0,B
2021-06-14T14:23:16,1100.0,39.0,B
2021-06-14T14:23:15,1000.0,39.0,B
2021-06-14T14:23:13,100.0,39.0,B
2021-06-14T14:23:13,2000.0,39.0,B
2021-06-14T14:23:12,200.0,39.0,B
2021-06-14T14:23:11,200.0,39.0,B
2021-06-14T14:23:11,3000.0,39.0,B
2021-06-14T14:23:11,500.0,39.0,B
2021-06-14T14:23:10,16000.0,38.95,S
2021-06-14T14:23:09,100.0,39.0,B
2021-06-14T14:23:09,1600.0,39.0,B
2021-06-14T14:23:09,2000.0,39.0,B
2021-06-14T14:23:08,100.0,39.0,B
2021-06-14T14:23:07,200.0,39.0,B
2021-06-14T14:23:06,1000.0,39.0,B
2021-06-14T14:23:06,100.0,39.0,B
2021-06-14T14:23:05,100.0,39.0,B
2021-06-14T14:23:05,500.0,39.0,B
2021-06-14T14:23:04,1000.0,39.0,B
2021-06-14T14:23:02,500.0,39.0,B
2021-06-14T14:23:02,1000.0,38.95,S
2021-06-14T14:23:02,100.0,39.0,B
2021-06-14T14:23:02,3000.0,39.0,B
2021-06-14T14:23:02,100.0,39.0,B
2021-06-14T14:23:01,200.0,39.0,B
2021-06-14T14:22:59,300.0,39.0,B
2021-06-14T14:22:59,2000.0,38.95,S
2021-06-14T14:22:58,1200.0,39.0,B
2021-06-14T14:22:58,2000.0,39.0,B
2021-06-14T14:22:57,5300.0,39.0,B
2021-06-14T14:22:56,1500.0,39.0,B
2021-06-14T14:22:54,2000.0,39.0,B
2021-06-14T14:22:52,400.0,39.0,B
2021-06-14T14:22:51,2800.0,39.0,B
2021-06-14T14:22:51,400.0,39.0,B
2021-06-14T14:22:51,3000.0,39.0,B
2021-06-14T14:22:50,2900.0,38.95,S
2021-06-14T14:22:49,500.0,39.0,B
2021-06-14T14:22:48,100.0,39.0,B
2021-06-14T14:22:47,10000.0,39.0,B
2021-06-14T14:22:47,100.0,39.0,B
2021-06-14T14:22:46,500.0,39.0,B
2021-06-14T14:22:46,2500.0,39.0,B
2021-06-14T14:22:44,1000.0,39.0,B
2021-06-14T14:22:43,3500.0,39.0,B
2021-06-14T14:22:43,300.0,39.0,B
2021-06-14T14:22:43,500.0,38.95,S
2021-06-14T14:22:43,300.0,39.0,B
2021-06-14T14:22:41,100.0,39.0,B
2021-06-14T14:22:40,100.0,39.0,B
2021-06-14T14:22:39,1000.0,39.0,B
2021-06-14T14:22:39,10000.0,39.0,B
2021-06-14T14:22:38,1000.0,39.0,B
2021-06-14T14:22:38,1000.0,39.0,B
2021-06-14T14:22:37,1000.0,39.0,B
2021-06-14T14:22:37,1000.0,39.0,B
2021-06-14T14:22:36,1000.0,39.0,B
2021-06-14T14:22:36,2000.0,38.95,S
2021-06-14T14:22:35,1000.0,38.95,S
2021-06-14T14:22:34,2000.0,39.0,B
2021-06-14T14:22:32,500.0,39.0,B
2021-06-14T14:22:31,100.0,39.0,B
2021-06-14T14:22:31,1900.0,39.0,B
2021-06-14T14:22:30,100.0,39.0,B
2021-06-14T14:22:29,1300.0,39.0,B
2021-06-14T14:22:28,10200.0,39.0,B
2021-06-14T14:22:28,4300.0,39.0,B
2021-06-14T14:22:28,700.0,39.0,B
2021-06-14T14:22:27,2000.0,38.95,S
2021-06-14T14:22:26,2400.0,39.0,B
2021-06-14T14:22:26,1500.0,39.0,B
2021-06-14T14:22:26,1000.0,39.0,B
2021-06-14T14:22:25,800.0,39.0,B
2021-06-14T14:22:25,200.0,38.95,S
2021-06-14T14:22:25,300.0,39.0,B
2021-06-14T14:22:25,100.0,39.0,B
2021-06-14T14:22:24,1000.0,39.0,B
2021-06-14T14:22:24,200.0,39.0,B
2021-06-14T14:22:23,2100.0,39.0,B
2021-06-14T14:22:23,600.0,39.0,B
2021-06-14T14:22:22,1000.0,39.0,B
2021-06-14T14:22:22,4600.0,39.0,B
2021-06-14T14:22:22,6000.0,39.0,B
2021-06-14T14:22:19,500.0,39.0,B
2021-06-14T14:22:19,2600.0,39.0,B
2021-06-14T14:22:17,300.0,38.95,S
2021-06-14T14:22:17,700.0,38.95,S
2021-06-14T14:22:17,2000.0,39.0,B
2021-06-14T14:22:16,2000.0,39.0,B
2021-06-14T14:22:16,10000.0,39.0,B
2021-06-14T14:22:15,100.0,39.0,B
2021-06-14T14:22:15,5000.0,39.0,B
2021-06-14T14:22:14,300.0,39.0,B
2021-06-14T14:22:11,100.0,39.0,B
2021-06-14T14:22:08,5000.0,39.0,B
2021-06-14T14:22:08,6200.0,39.0,B
2021-06-14T14:22:06,200.0,39.0,B
2021-06-14T14:22:05,100.0,39.0,B
2021-06-14T14:22:05,500.0,39.0,B
2021-06-14T14:22:05,300.0,39.0,B
2021-06-14T14:22:05,1600.0,39.0,B
2021-06-14T14:22:05,300.0,39.0,B
2021-06-14T14:22:05,2800.0,39.0,B
2021-06-14T14:22:04,1000.0,38.95,S
2021-06-14T14:22:04,2000.0,39.0,B
2021-06-14T14:22:02,1500.0,39.0,B
2021-06-14T14:22:01,400.0,39.0,B
2021-06-14T14:22:01,2500.0,39.0,B
2021-06-14T14:22:01,900.0,39.0,B
2021-06-14T14:22:01,1100.0,39.0,B
2021-06-14T14:22:01,300.0,39.0,B
2021-06-14T14:22:01,500.0,38.95,S
2021-06-14T14:22:00,1100.0,39.0,B
2021-06-14T14:22:00,1000.0,39.0,B
2021-06-14T14:21:59,200.0,39.0,B
2021-06-14T14:21:58,1300.0,39.0,B
2021-06-14T14:21:58,500.0,39.0,B
2021-06-14T14:21:55,100.0,38.95,S
2021-06-14T14:21:53,400.0,38.95,S
2021-06-14T14:21:52,10000.0,39.0,B
2021-06-14T14:21:51,500.0,39.0,B
2021-06-14T14:21:49,100.0,38.9,S
2021-06-14T14:21:49,900.0,38.9,S
2021-06-14T14:21:49,200.0,38.9,S
2021-06-14T14:21:49,4900.0,38.9,S
2021-06-14T14:21:49,200.0,38.95,S
2021-06-14T14:21:49,1900.0,38.95,S
2021-06-14T14:21:49,1000.0,38.95,S
2021-06-14T14:21:49,2600.0,38.95,S
2021-06-14T14:21:49,10200.0,38.95,S
2021-06-14T14:21:49,900.0,38.95,S
2021-06-14T14:21:49,23300.0,38.95,S
2021-06-14T14:21:49,100.0,39.0,B
2021-06-14T14:21:49,500.0,39.0,B
2021-06-14T14:21:48,200.0,39.0,B
2021-06-14T14:21:45,6500.0,39.0,B
2021-06-14T14:21:45,5000.0,39.0,B
2021-06-14T14:21:44,200.0,39.0,B
2021-06-14T14:21:44,200.0,39.0,B
2021-06-14T14:21:44,700.0,39.0,B
2021-06-14T14:21:43,1000.0,38.95,S
2021-06-14T14:21:43,100.0,38.95,S
2021-06-14T14:21:41,600.0,39.0,B
2021-06-14T14:21:40,4400.0,39.0,B
2021-06-14T14:21:39,3500.0,39.0,B
2021-06-14T14:21:38,2000.0,39.0,B
2021-06-14T14:21:35,50000.0,39.0,B
2021-06-14T14:21:35,600.0,38.95,S
2021-06-14T14:21:34,1200.0,38.95,S
2021-06-14T14:21:34,2000.0,39.0,B
2021-06-14T14:21:34,9900.0,39.0,B
2021-06-14T14:21:34,100.0,39.0,B
2021-06-14T14:21:31,500.0,39.0,B
2021-06-14T14:21:28,500.0,39.0,B
2021-06-14T14:21:27,200.0,39.0,B
2021-06-14T14:21:26,1000.0,39.0,B
2021-06-14T14:21:25,300.0,39.0,B
2021-06-14T14:21:24,4000.0,38.95,S
2021-06-14T14:21:24,2000.0,38.95,S
2021-06-14T14:21:23,100.0,39.0,B
2021-06-14T14:21:20,3400.0,39.0,B
2021-06-14T14:21:20,1000.0,39.0,B
2021-06-14T14:21:18,1500.0,38.95,S
2021-06-14T14:21:18,300.0,38.95,S
2021-06-14T14:21:17,200.0,39.0,B
2021-06-14T14:21:16,100.0,39.0,B
2021-06-14T14:21:16,100.0,39.0,B
2021-06-14T14:21:15,3000.0,39.0,B
2021-06-14T14:21:15,500.0,39.0,B
2021-06-14T14:21:13,500.0,39.0,B
2021-06-14T14:21:09,10000.0,38.95,S
2021-06-14T14:21:09,100.0,39.0,B
2021-06-14T14:21:09,300.0,39.0,B
2021-06-14T14:21:07,200.0,39.0,B
2021-06-14T14:21:05,500.0,38.95,S
2021-06-14T14:21:04,1700.0,38.95,S
2021-06-14T14:21:04,600.0,38.95,S
2021-06-14T14:21:04,11200.0,38.95,S
2021-06-14T14:21:04,5600.0,39.0,B
2021-06-14T14:21:03,1500.0,39.0,B
2021-06-14T14:21:02,1000.0,39.0,B
2021-06-14T14:21:00,500.0,38.95,S
2021-06-14T14:21:00,5000.0,38.95,S
2021-06-14T14:21:00,8000.0,38.95,S
2021-06-14T14:20:59,2900.0,39.0,B
2021-06-14T14:20:59,3400.0,39.0,B
2021-06-14T14:20:59,2500.0,39.0,B
2021-06-14T14:20:59,1200.0,39.0,B
2021-06-14T14:20:58,1000.0,39.0,B
2021-06-14T14:20:49,100.0,39.0,B
2021-06-14T14:20:47,200.0,38.95,S
2021-06-14T14:20:45,1000.0,39.0,B
2021-06-14T14:20:45,1000.0,38.95,S
2021-06-14T14:20:44,9500.0,39.0,B
2021-06-14T14:20:44,100.0,38.95,S
2021-06-14T14:20:44,2500.0,39.0,B
2021-06-14T14:20:42,10000.0,38.9,S
2021-06-14T14:20:42,3500.0,39.0,B
2021-06-14T14:20:37,10800.0,38.9,S
2021-06-14T14:20:37,5900.0,39.0,B
2021-06-14T14:20:37,300.0,39.0,B
2021-06-14T14:20:37,3000.0,39.0,B
2021-06-14T14:20:32,3000.0,39.0,B
2021-06-14T14:20:31,300.0,39.0,B
2021-06-14T14:20:31,2200.0,39.0,B
2021-06-14T14:20:31,10000.0,38.95,S
2021-06-14T14:20:30,500.0,38.95,S
2021-06-14T14:20:30,500.0,38.95,S
2021-06-14T14:20:27,300.0,39.0,B
2021-06-14T14:20:23,100.0,38.95,S
2021-06-14T14:20:23,6700.0,38.95,S
2021-06-14T14:20:23,8800.0,38.95,S
2021-06-14T14:20:23,2000.0,38.9,S
2021-06-14T14:20:23,300.0,38.9,S
2021-06-14T14:20:23,7700.0,38.9,S
2021-06-14T14:20:22,100.0,38.9,S
2021-06-14T14:20:22,8000.0,38.9,S
2021-06-14T14:20:22,100.0,38.9,S
2021-06-14T14:20:22,300.0,38.9,S
2021-06-14T14:20:22,2200.0,38.9,S
2021-06-14T14:20:22,200.0,38.9,S
2021-06-14T14:20:21,1000.0,38.9,S
2021-06-14T14:20:21,1100.0,38.95,S
2021-06-14T14:20:16,300.0,38.95,S
2021-06-14T14:20:16,10000.0,38.95,S
2021-06-14T14:20:16,1100.0,38.9,S
2021-06-14T14:20:16,500.0,38.95,S
2021-06-14T14:20:15,600.0,38.95,S
2021-06-14T14:20:13,100.0,38.95,S
2021-06-14T14:20:13,4000.0,38.95,S
2021-06-14T14:20:10,1300.0,38.95,S
2021-06-14T14:20:09,100.0,38.95,S
2021-06-14T14:20:06,2500.0,38.95,S
2021-06-14T14:20:05,100.0,38.95,S
2021-06-14T14:20:04,11000.0,38.95,S
2021-06-14T14:20:02,7800.0,38.95,S
2021-06-14T14:20:01,1000.0,38.95,S
2021-06-14T14:20:00,100.0,39.0,B
2021-06-14T14:20:00,100.0,39.0,B
2021-06-14T14:19:59,1300.0,38.95,S
2021-06-14T14:19:58,400.0,38.95,S
2021-06-14T14:19:58,900.0,38.95,S
2021-06-14T14:19:57,1000.0,38.95,S
2021-06-14T14:19:57,500.0,39.0,B
2021-06-14T14:19:56,300.0,39.0,B
2021-06-14T14:19:56,4700.0,39.0,B
2021-06-14T14:19:54,500.0,38.95,S
2021-06-14T14:19:52,500.0,39.0,B
2021-06-14T14:19:51,3000.0,38.9,S
2021-06-14T14:19:51,500.0,39.0,B
2021-06-14T14:19:50,500.0,38.9,S
2021-06-14T14:19:50,500.0,38.95,S
2021-06-14T14:19:49,100.0,38.95,S
2021-06-14T14:19:49,1100.0,38.9,S
2021-06-14T14:19:49,200.0,38.95,S
2021-06-14T14:19:48,500.0,38.95,S
2021-06-14T14:19:47,100.0,38.95,S
2021-06-14T14:19:46,200.0,38.9,S
2021-06-14T14:19:46,100.0,38.95,S
2021-06-14T14:19:45,1300.0,38.95,S
2021-06-14T14:19:44,200.0,38.95,S
2021-06-14T14:19:41,9600.0,38.95,S
2021-06-14T14:19:40,1000.0,38.9,S
2021-06-14T14:19:40,2000.0,38.9,S
2021-06-14T14:19:26,400.0,38.95,S
2021-06-14T14:19:26,10000.0,38.9,S
2021-06-14T14:19:25,100.0,38.95,S
2021-06-14T14:19:25,400.0,38.95,S
2021-06-14T14:19:24,1000.0,38.95,S
2021-06-14T14:19:23,100.0,38.95,S
2021-06-14T14:19:19,700.0,38.95,S
2021-06-14T14:19:18,500.0,38.95,S
2021-06-14T14:19:18,200.0,38.95,S
2021-06-14T14:19:18,200.0,38.9,S
2021-06-14T14:19:16,500.0,38.95,S
2021-06-14T14:19:16,500.0,38.95,S
2021-06-14T14:19:12,500.0,38.9,S
2021-06-14T14:19:11,9800.0,38.95,S
2021-06-14T14:19:10,100.0,38.95,S
2021-06-14T14:19:09,1000.0,38.95,S
2021-06-14T14:19:08,500.0,38.95,S
2021-06-14T14:19:06,500.0,38.95,S
2021-06-14T14:19:06,2000.0,38.95,S
2021-06-14T14:19:05,500.0,38.95,S
2021-06-14T14:19:04,200.0,38.95,S
2021-06-14T14:19:03,1400.0,38.95,S
2021-06-14T14:19:01,1200.0,38.95,S
2021-06-14T14:19:00,100.0,38.95,S
2021-06-14T14:19:00,500.0,38.95,S
2021-06-14T14:18:59,1400.0,38.95,S
2021-06-14T14:18:59,2300.0,38.95,S
2021-06-14T14:18:59,3000.0,38.95,S
2021-06-14T14:18:59,21700.0,38.95,S
2021-06-14T14:18:56,1000.0,38.95,S
2021-06-14T14:18:49,1000.0,39.0,B
2021-06-14T14:18:49,700.0,39.0,B
2021-06-14T14:18:49,1000.0,38.95,S
2021-06-14T14:18:46,7800.0,39.0,B
2021-06-14T14:18:45,3400.0,39.0,B
2021-06-14T14:18:45,800.0,38.95,S
2021-06-14T14:18:43,500.0,38.95,S
2021-06-14T14:18:42,3000.0,39.0,B
2021-06-14T14:18:42,10000.0,38.95,S
2021-06-14T14:18:41,500.0,39.0,B
2021-06-14T14:18:34,200.0,39.0,B
2021-06-14T14:18:34,1000.0,38.95,S
2021-06-14T14:18:30,300.0,39.0,B
2021-06-14T14:18:28,1000.0,39.0,B
2021-06-14T14:18:24,500.0,38.95,S
2021-06-14T14:18:24,200.0,39.0,B
2021-06-14T14:18:24,500.0,39.0,B
2021-06-14T14:18:23,1000.0,39.0,B
2021-06-14T14:18:22,5000.0,38.95,S
2021-06-14T14:18:21,900.0,39.0,B
2021-06-14T14:18:19,100.0,38.95,S
2021-06-14T14:18:19,700.0,39.0,B
2021-06-14T14:18:18,700.0,39.0,B
2021-06-14T14:18:18,3000.0,39.0,B
2021-06-14T14:18:17,5300.0,39.0,B
2021-06-14T14:18:17,14700.0,39.0,B
2021-06-14T14:18:16,2500.0,39.0,B
2021-06-14T14:18:16,100.0,39.0,B
2021-06-14T14:18:13,2000.0,39.0,B
2021-06-14T14:18:13,9000.0,39.0,B
2021-06-14T14:18:11,500.0,38.95,S
2021-06-14T14:18:10,10000.0,39.0,B
2021-06-14T14:18:04,1000.0,38.9,S
2021-06-14T14:18:04,6000.0,38.9,S
2021-06-14T14:18:03,100.0,39.0,B
2021-06-14T14:18:00,1000.0,39.0,S
2021-06-14T14:18:00,100.0,38.95,S
2021-06-14T14:18:00,400.0,38.95,S
2021-06-14T14:18:00,100.0,39.0,S
2021-06-14T14:17:57,1000.0,39.0,S
2021-06-14T14:17:55,100.0,39.0,S
2021-06-14T14:17:55,1400.0,39.0,S
2021-06-14T14:17:54,8500.0,39.0,S
2021-06-14T14:17:53,40000.0,39.0,S
2021-06-14T14:17:50,100.0,39.0,S
2021-06-14T14:17:50,2900.0,39.0,S
2021-06-14T14:17:50,2100.0,39.0,S
2021-06-14T14:17:50,12000.0,39.0,S
2021-06-14T14:17:49,3400.0,38.95,S
2021-06-14T14:17:47,4000.0,38.95,S
2021-06-14T14:17:46,900.0,38.95,S
2021-06-14T14:17:46,200.0,39.0,S
2021-06-14T14:17:40,600.0,39.0,S
2021-06-14T14:17:39,22600.0,38.95,S
2021-06-14T14:17:38,2400.0,38.95,S
2021-06-14T14:17:36,100.0,38.95,S
2021-06-14T14:17:32,1000.0,39.0,S
2021-06-14T14:17:31,1600.0,38.9,S
2021-06-14T14:17:31,1400.0,38.9,S
2021-06-14T14:17:29,100.0,39.0,S
2021-06-14T14:17:28,1000.0,39.0,S
2021-06-14T14:17:27,1000.0,38.9,S
2021-06-14T14:17:27,100.0,39.0,S
2021-06-14T14:17:25,300.0,38.9,S
2021-06-14T14:17:25,700.0,38.9,S
2021-06-14T14:17:25,7600.0,39.0,S
2021-06-14T14:17:24,700.0,39.0,S
2021-06-14T14:17:24,1200.0,39.0,S
2021-06-14T14:17:23,2000.0,39.0,S
2021-06-14T14:17:23,500.0,38.9,S
2021-06-14T14:17:22,2000.0,38.9,S
2021-06-14T14:17:22,1500.0,39.0,S
2021-06-14T14:17:19,1000.0,39.0,S
2021-06-14T14:17:19,30300.0,39.0,S
2021-06-14T14:17:19,3700.0,39.0,S
2021-06-14T14:17:18,1000.0,39.0,S
2021-06-14T14:17:16,6400.0,39.0,S
2021-06-14T14:17:16,400.0,39.0,S
2021-06-14T14:17:06,500.0,38.95,S
2021-06-14T14:17:04,500.0,39.0,S
2021-06-14T14:17:04,100.0,39.0,S
2021-06-14T14:17:04,500.0,38.95,S
2021-06-14T14:17:03,500.0,39.0,S
2021-06-14T14:17:03,300.0,39.0,S
2021-06-14T14:17:03,200.0,39.0,S
2021-06-14T14:17:01,200.0,39.0,S
2021-06-14T14:17:00,100.0,39.0,S
2021-06-14T14:16:58,5000.0,38.95,S
2021-06-14T14:16:58,1000.0,39.0,S
2021-06-14T14:16:58,200.0,39.0,S
2021-06-14T14:16:57,6800.0,39.0,S
2021-06-14T14:16:56,800.0,39.0,S
2021-06-14T14:16:54,3900.0,38.95,S
2021-06-14T14:16:54,200.0,38.95,S
2021-06-14T14:16:43,100.0,39.0,S
2021-06-14T14:16:43,200.0,39.0,S
2021-06-14T14:16:42,800.0,38.9,S
2021-06-14T14:16:42,200.0,38.9,S
2021-06-14T14:16:42,1000.0,38.9,S
2021-06-14T14:16:29,400.0,39.0,S
2021-06-14T14:16:29,200.0,39.0,S
2021-06-14T14:16:27,1600.0,39.0,S
2021-06-14T14:16:25,3000.0,39.0,S
2021-06-14T14:16:23,300.0,38.95,S
2021-06-14T14:16:22,10000.0,38.9,S
2021-06-14T14:16:21,100.0,38.95,S
2021-06-14T14:16:20,100.0,38.95,S
2021-06-14T14:16:20,300.0,38.95,S
2021-06-14T14:16:17,500.0,38.95,S
2021-06-14T14:16:16,700.0,38.95,S
2021-06-14T14:16:16,100.0,39.0,S
2021-06-14T14:16:07,200.0,39.0,S
2021-06-14T14:16:07,100.0,39.0,S
2021-06-14T14:16:07,100.0,39.0,S
2021-06-14T14:16:03,5000.0,39.0,S
2021-06-14T14:16:02,100.0,39.0,S
2021-06-14T14:16:02,300.0,39.0,S
2021-06-14T14:16:00,5000.0,38.9,S
2021-06-14T14:15:59,20000.0,39.0,S
2021-06-14T14:15:58,100.0,39.0,S
2021-06-14T14:15:56,4200.0,38.9,S
2021-06-14T14:15:56,1300.0,38.9,S
2021-06-14T14:15:56,500.0,38.9,S
2021-06-14T14:15:56,500.0,38.9,S
2021-06-14T14:15:56,600.0,38.9,S
2021-06-14T14:15:56,200.0,38.9,S
2021-06-14T14:15:56,200.0,38.9,S
2021-06-14T14:15:56,1000.0,38.9,S
2021-06-14T14:15:56,4000.0,38.9,S
2021-06-14T14:15:56,600.0,38.9,S
2021-06-14T14:15:56,200.0,38.9,S
2021-06-14T14:15:56,1300.0,38.9,S
2021-06-14T14:15:56,100.0,38.9,S
2021-06-14T14:15:56,3700.0,38.9,S
2021-06-14T14:15:56,800.0,38.9,S
2021-06-14T14:15:56,500.0,38.9,S
2021-06-14T14:15:55,1900.0,38.9,S
2021-06-14T14:15:55,100.0,38.9,S
2021-06-14T14:15:55,1500.0,38.9,S
2021-06-14T14:15:55,1200.0,38.9,S
2021-06-14T14:15:55,11200.0,38.9,S
2021-06-14T14:15:55,400.0,38.9,S
2021-06-14T14:15:55,1200.0,38.9,S
2021-06-14T14:15:55,700.0,38.9,S
2021-06-14T14:15:55,900.0,38.9,S
2021-06-14T14:15:55,1900.0,38.9,S
2021-06-14T14:15:55,9300.0,38.9,S
2021-06-14T14:15:54,300.0,39.0,S
2021-06-14T14:15:52,3900.0,39.0,S
2021-06-14T14:15:49,500.0,39.0,S
2021-06-14T14:15:48,20000.0,38.9,S
2021-06-14T14:15:48,10000.0,38.9,S
2021-06-14T14:15:46,200.0,39.0,S
2021-06-14T14:15:43,2400.0,39.0,S
2021-06-14T14:15:43,300.0,39.0,S
2021-06-14T14:15:42,2800.0,39.0,S
2021-06-14T14:15:40,1100.0,38.9,S
2021-06-14T14:15:40,2000.0,38.9,S
2021-06-14T14:15:39,300.0,39.0,S
2021-06-14T14:15:39,100.0,39.0,S
2021-06-14T14:15:37,100.0,39.0,S
2021-06-14T14:15:37,3500.0,38.9,S
2021-06-14T14:15:37,500.0,39.0,S
2021-06-14T14:15:36,900.0,39.0,S
2021-06-14T14:15:34,2000.0,39.0,S
2021-06-14T14:15:32,300.0,38.9,S
2021-06-14T14:15:30,5000.0,38.9,S
2021-06-14T14:15:29,500.0,38.9,S
2021-06-14T14:15:29,200.0,39.0,S
2021-06-14T14:15:27,300.0,38.95,S
2021-06-14T14:15:26,1000.0,39.0,S
2021-06-14T14:15:25,300.0,39.0,S
2021-06-14T14:15:25,500.0,39.0,S
2021-06-14T14:15:24,1300.0,39.0,S
2021-06-14T14:15:23,100.0,38.9,S
2021-06-14T14:15:21,200.0,39.0,S
2021-06-14T14:15:21,300.0,38.9,S
2021-06-14T14:15:20,5000.0,39.0,S
2021-06-14T14:15:19,100.0,39.0,S
2021-06-14T14:15:19,1000.0,39.0,S
2021-06-14T14:15:18,1100.0,38.9,S
2021-06-14T14:15:18,1000.0,39.0,S
2021-06-14T14:15:17,200.0,39.0,S
2021-06-14T14:15:16,200.0,39.0,S
2021-06-14T14:15:15,100.0,39.0,S
2021-06-14T14:15:15,200.0,39.0,S
2021-06-14T14:15:14,3000.0,39.0,S
2021-06-14T14:15:14,200.0,39.0,S
2021-06-14T14:15:13,200.0,39.0,S
2021-06-14T14:15:13,1000.0,38.9,S
2021-06-14T14:15:12,200.0,39.0,S
2021-06-14T14:15:12,15400.0,38.9,S
2021-06-14T14:15:10,200.0,39.0,S
2021-06-14T14:15:06,300.0,39.0,S
2021-06-14T14:15:04,100.0,39.0,S
2021-06-14T14:15:03,100.0,39.0,S
2021-06-14T14:15:03,700.0,39.0,S
2021-06-14T14:15:03,600.0,38.95,S
2021-06-14T14:15:01,2200.0,38.95,S
2021-06-14T14:15:01,100.0,38.95,S
2021-06-14T14:15:00,1000.0,38.95,S
2021-06-14T14:15:00,4900.0,38.9,S
2021-06-14T14:15:00,3000.0,38.95,S
2021-06-14T14:15:00,500.0,38.95,S
2021-06-14T14:14:59,1700.0,38.95,S
2021-06-14T14:14:58,100.0,38.95,S
2021-06-14T14:14:58,600.0,38.95,S
2021-06-14T14:14:58,100.0,38.95,S
2021-06-14T14:14:58,4200.0,39.0,S
2021-06-14T14:14:54,1600.0,39.0,S
2021-06-14T14:14:54,700.0,39.0,S
2021-06-14T14:14:54,400.0,39.0,S
2021-06-14T14:14:54,100.0,39.0,S
2021-06-14T14:14:54,200.0,39.0,S
2021-06-14T14:14:54,300.0,39.05,S
2021-06-14T14:14:54,1000.0,39.0,S
2021-06-14T14:14:53,500.0,39.05,S
2021-06-14T14:14:53,200.0,39.05,S
2021-06-14T14:14:53,1800.0,39.0,S
2021-06-14T14:14:51,2500.0,39.0,S
2021-06-14T14:14:49,1000.0,39.0,S
2021-06-14T14:14:48,1600.0,39.0,S
2021-06-14T14:14:47,2000.0,39.0,S
2021-06-14T14:14:46,300.0,39.0,S
2021-06-14T14:14:45,100.0,39.0,S
2021-06-14T14:14:45,700.0,39.0,S
2021-06-14T14:14:45,100.0,39.0,S
2021-06-14T14:14:44,600.0,39.0,S
2021-06-14T14:14:43,1500.0,39.0,S
2021-06-14T14:14:42,2000.0,39.0,S
2021-06-14T14:14:42,10000.0,39.0,S
2021-06-14T14:14:42,200.0,39.0,S
2021-06-14T14:14:42,500.0,39.1,B
2021-06-14T14:14:42,1000.0,39.1,B
2021-06-14T14:14:42,40600.0,39.0,S
2021-06-14T14:14:42,2500.0,39.0,S
2021-06-14T14:14:42,4700.0,39.0,S
2021-06-14T14:14:42,400.0,39.0,S
2021-06-14T14:14:42,600.0,39.0,S
2021-06-14T14:14:42,600.0,39.0,S
2021-06-14T14:14:42,1500.0,39.0,S
2021-06-14T14:14:42,3600.0,39.0,S
2021-06-14T14:14:42,1200.0,39.0,S
2021-06-14T14:14:42,600.0,39.0,S
2021-06-14T14:14:42,400.0,39.0,S
2021-06-14T14:14:42,1000.0,39.0,S
2021-06-14T14:14:42,900.0,39.0,S
2021-06-14T14:14:42,100.0,39.0,S
2021-06-14T14:14:41,100.0,39.0,S
2021-06-14T14:14:41,32600.0,39.0,S
2021-06-14T14:14:41,8600.0,39.0,S
2021-06-14T14:14:41,1000.0,39.0,S
2021-06-14T14:14:40,400.0,39.0,S
2021-06-14T14:14:40,4900.0,39.0,S
2021-06-14T14:14:39,5600.0,39.0,S
2021-06-14T14:14:38,200.0,39.0,S
2021-06-14T14:14:38,1400.0,39.0,S
2021-06-14T14:14:37,500.0,39.0,S
2021-06-14T14:14:37,100.0,39.1,B
2021-06-14T14:14:33,500.0,39.1,B
2021-06-14T14:14:32,700.0,39.0,S
2021-06-14T14:14:32,100.0,39.0,S
2021-06-14T14:14:32,200.0,39.0,S
2021-06-14T14:14:32,600.0,39.0,S
2021-06-14T14:14:32,100.0,39.0,S
2021-06-14T14:14:32,1200.0,39.1,B
2021-06-14T14:14:32,400.0,39.0,S
2021-06-14T14:14:32,4200.0,39.0,S
2021-06-14T14:14:31,400.0,39.0,S
2021-06-14T14:14:31,100.0,39.0,S
2021-06-14T14:14:31,500.0,39.0,S
2021-06-14T14:14:31,5900.0,39.0,S
2021-06-14T14:14:29,100.0,39.1,B
2021-06-14T14:14:28,300.0,39.0,S
2021-06-14T14:14:23,300.0,39.0,S
2021-06-14T14:14:21,4000.0,39.1,B
2021-06-14T14:14:20,5000.0,39.0,S
2021-06-14T14:14:20,200.0,39.0,S
2021-06-14T14:14:20,600.0,39.0,S
2021-06-14T14:14:20,100.0,39.0,S
2021-06-14T14:14:19,2500.0,39.0,S
2021-06-14T14:14:19,100.0,39.0,S
2021-06-14T14:14:19,1000.0,39.0,S
2021-06-14T14:14:19,400.0,39.0,S
2021-06-14T14:14:19,1300.0,39.0,S
2021-06-14T14:14:19,100.0,39.0,S
2021-06-14T14:14:19,100.0,39.0,S
2021-06-14T14:14:19,6300.0,39.0,S
2021-06-14T14:14:19,500.0,39.0,S
2021-06-14T14:14:19,500.0,39.0,S
2021-06-14T14:14:19,300.0,39.0,S
2021-06-14T14:14:19,20100.0,39.0,S
2021-06-14T14:14:19,100.0,39.0,S
2021-06-14T14:14:18,300.0,39.0,S
2021-06-14T14:14:18,2100.0,39.0,S
2021-06-14T14:14:18,700.0,39.0,S
2021-06-14T14:14:18,100.0,39.0,S
2021-06-14T14:14:17,500.0,39.0,S
2021-06-14T14:14:17,3200.0,39.0,S
2021-06-14T14:14:17,3000.0,39.0,S
2021-06-14T14:14:17,100.0,39.0,S
2021-06-14T14:14:17,300.0,39.0,S
2021-06-14T14:14:17,6100.0,39.0,S
2021-06-14T14:14:17,1500.0,39.0,S
2021-06-14T14:14:17,600.0,39.0,S
2021-06-14T14:14:17,100.0,39.0,S
2021-06-14T14:14:17,10000.0,39.0,S
2021-06-14T14:14:17,200.0,39.0,S
2021-06-14T14:14:17,1200.0,39.0,S
2021-06-14T14:14:17,600.0,39.0,S
2021-06-14T14:14:17,1000.0,39.0,S
2021-06-14T14:14:16,1200.0,39.0,S
2021-06-14T14:14:16,1000.0,39.0,S
2021-06-14T14:14:16,500.0,39.0,S
2021-06-14T14:14:16,1600.0,39.0,S
2021-06-14T14:14:16,200.0,39.0,S
2021-06-14T14:14:16,200.0,39.0,S
2021-06-14T14:14:16,4800.0,39.0,S
2021-06-14T14:14:16,500.0,39.0,S
2021-06-14T14:14:16,2000.0,39.0,S
2021-06-14T14:14:16,500.0,39.0,S
2021-06-14T14:14:15,600.0,39.0,S
2021-06-14T14:14:15,1000.0,39.0,S
2021-06-14T14:14:15,1300.0,39.0,S
2021-06-14T14:14:15,1300.0,39.0,S
2021-06-14T14:14:15,200.0,39.0,S
2021-06-14T14:14:15,1900.0,39.0,S
2021-06-14T14:14:15,700.0,39.0,S
2021-06-14T14:14:15,100.0,39.0,S
2021-06-14T14:14:15,500.0,39.0,S
2021-06-14T14:14:14,100.0,39.0,S
2021-06-14T14:14:14,100.0,39.0,S
2021-06-14T14:14:14,2200.0,39.0,S
2021-06-14T14:14:14,700.0,39.0,S
2021-06-14T14:14:14,3000.0,39.0,S
2021-06-14T14:14:14,5000.0,39.0,S
2021-06-14T14:14:14,900.0,39.0,S
2021-06-14T14:14:14,800.0,39.0,S
2021-06-14T14:14:14,1100.0,39.0,S
2021-06-14T14:14:13,500.0,39.0,S
2021-06-14T14:14:13,1100.0,39.0,S
2021-06-14T14:14:13,400.0,39.0,S
2021-06-14T14:14:13,800.0,39.0,S
2021-06-14T14:14:13,1500.0,39.0,S
2021-06-14T14:14:13,12000.0,39.0,S
2021-06-14T14:14:13,1000.0,39.0,S
2021-06-14T14:14:13,5100.0,39.0,S
2021-06-14T14:14:12,6000.0,39.0,S
2021-06-14T14:14:12,800.0,39.0,S
2021-06-14T14:14:12,100.0,39.0,S
2021-06-14T14:14:12,500.0,39.0,S
2021-06-14T14:14:11,12600.0,39.0,S
2021-06-14T14:14:11,10300.0,39.0,S
2021-06-14T14:14:11,2600.0,39.0,S
2021-06-14T14:14:11,1500.0,39.0,S
2021-06-14T14:14:11,2000.0,39.0,S
2021-06-14T14:14:11,1700.0,39.0,S
2021-06-14T14:14:11,11100.0,39.0,S
2021-06-14T14:14:11,500.0,39.0,S
2021-06-14T14:14:11,100.0,39.0,S
2021-06-14T14:14:11,100.0,39.0,S
2021-06-14T14:14:06,500.0,39.0,S
2021-06-14T14:14:06,5000.0,39.0,S
2021-06-14T14:14:05,1200.0,39.0,S
2021-06-14T14:14:04,400.0,39.0,S
2021-06-14T14:14:04,100.0,39.1,B
2021-06-14T14:14:04,1000.0,39.0,S
2021-06-14T14:14:04,1800.0,39.0,S
2021-06-14T14:14:04,1200.0,39.0,S
2021-06-14T14:14:02,500.0,39.05,S
2021-06-14T14:14:02,200.0,39.0,S
2021-06-14T14:13:56,500.0,39.0,S
2021-06-14T14:13:56,500.0,39.0,S
2021-06-14T14:13:55,2000.0,39.0,S
2021-06-14T14:13:53,1300.0,39.0,S
2021-06-14T14:13:51,3000.0,39.0,S
2021-06-14T14:13:50,200.0,39.0,S
2021-06-14T14:13:49,2200.0,39.0,S
2021-06-14T14:13:49,3800.0,39.0,S
2021-06-14T14:13:46,3100.0,39.0,S
2021-06-14T14:13:46,5900.0,39.0,S
2021-06-14T14:13:46,300.0,39.0,S
2021-06-14T14:13:45,600.0,39.0,S
2021-06-14T14:13:43,100.0,39.0,S
2021-06-14T14:13:43,800.0,39.0,S
2021-06-14T14:13:43,600.0,39.0,S
2021-06-14T14:13:41,700.0,39.0,S
2021-06-14T14:13:39,500.0,39.0,S
2021-06-14T14:13:39,100.0,39.0,S
2021-06-14T14:13:39,200.0,39.0,S
2021-06-14T14:13:39,600.0,39.0,S
2021-06-14T14:13:37,600.0,39.1,B
2021-06-14T14:13:37,300.0,39.0,S
2021-06-14T14:13:37,100.0,39.0,S
2021-06-14T14:13:37,10400.0,39.0,S
2021-06-14T14:13:36,1900.0,39.0,S
2021-06-14T14:13:36,1300.0,39.0,S
2021-06-14T14:13:36,1200.0,39.0,S
2021-06-14T14:13:35,200.0,39.0,S
2021-06-14T14:13:34,100.0,39.0,S
2021-06-14T14:13:34,400.0,39.0,S
2021-06-14T14:13:34,1000.0,39.1,B
2021-06-14T14:13:34,300.0,39.0,S
2021-06-14T14:13:32,300.0,39.0,S
2021-06-14T14:13:32,100.0,39.1,B
2021-06-14T14:13:31,1000.0,39.0,S
2021-06-14T14:13:31,2000.0,39.1,B
2021-06-14T14:13:24,1000.0,39.0,S
2021-06-14T14:13:23,300.0,39.0,S
2021-06-14T14:13:23,1100.0,39.0,S
2021-06-14T14:13:21,1100.0,39.0,S
2021-06-14T14:13:19,2000.0,39.0,S
2021-06-14T14:13:19,2900.0,39.0,S
2021-06-14T14:13:16,300.0,39.1,B
2021-06-14T14:13:16,2900.0,39.0,S
2021-06-14T14:13:15,4000.0,39.0,S
2021-06-14T14:13:15,1000.0,39.0,S
2021-06-14T14:13:14,200.0,39.0,S
2021-06-14T14:13:13,1000.0,39.0,S
2021-06-14T14:13:10,1000.0,39.0,S
2021-06-14T14:13:10,1300.0,39.0,S
2021-06-14T14:13:10,800.0,39.0,S
2021-06-14T14:13:10,100.0,39.0,S
2021-06-14T14:13:10,500.0,39.0,S
2021-06-14T14:13:10,1200.0,39.0,S
2021-06-14T14:13:10,1200.0,39.0,S
2021-06-14T14:13:09,2000.0,39.0,S
2021-06-14T14:13:08,3000.0,39.0,S
2021-06-14T14:13:05,700.0,39.0,S
2021-06-14T14:13:04,100.0,39.0,S
2021-06-14T14:13:03,400.0,39.0,S
2021-06-14T14:13:03,100.0,39.1,B
2021-06-14T14:13:02,2000.0,39.0,S
2021-06-14T14:13:01,500.0,39.0,S
2021-06-14T14:12:58,300.0,39.0,S
2021-06-14T14:12:55,1200.0,39.0,S
2021-06-14T14:12:55,500.0,39.0,S
2021-06-14T14:12:55,10100.0,39.0,S
2021-06-14T14:12:53,2000.0,39.0,S
2021-06-14T14:12:47,1000.0,39.0,S
2021-06-14T14:12:43,4000.0,39.0,S
2021-06-14T14:12:42,7300.0,39.0,S
2021-06-14T14:12:42,1200.0,39.0,S
2021-06-14T14:12:41,1500.0,39.0,S
2021-06-14T14:12:41,2000.0,39.0,S
2021-06-14T14:12:38,1400.0,39.0,S
2021-06-14T14:12:38,400.0,39.0,S
2021-06-14T14:12:38,500.0,39.0,S
2021-06-14T14:12:38,300.0,39.0,S
2021-06-14T14:12:38,3000.0,39.0,S
2021-06-14T14:12:38,1300.0,39.0,S
2021-06-14T14:12:38,2300.0,39.0,S
2021-06-14T14:12:37,800.0,39.0,S
2021-06-14T14:12:36,2000.0,39.0,S
2021-06-14T14:12:34,100.0,39.1,S
2021-06-14T14:12:33,12000.0,39.1,S
2021-06-14T14:12:30,100.0,39.0,S
2021-06-14T14:12:30,600.0,39.0,S
2021-06-14T14:12:28,9300.0,39.0,S
2021-06-14T14:12:28,15800.0,39.0,S
2021-06-14T14:12:28,2300.0,39.0,S
2021-06-14T14:12:28,4800.0,39.0,S
2021-06-14T14:12:28,100.0,39.0,S
2021-06-14T14:12:28,1000.0,39.0,S
2021-06-14T14:12:28,900.0,39.0,S
2021-06-14T14:12:28,200.0,39.0,S
2021-06-14T14:12:28,14900.0,39.0,S
2021-06-14T14:12:27,700.0,39.0,S
2021-06-14T14:12:27,1500.0,39.0,S
2021-06-14T14:12:27,10400.0,39.0,S
2021-06-14T14:12:27,1900.0,39.0,S
2021-06-14T14:12:27,1200.0,39.0,S
2021-06-14T14:12:27,100.0,39.0,S
2021-06-14T14:12:27,3100.0,39.0,S
2021-06-14T14:12:27,1200.0,39.0,S
2021-06-14T14:12:27,3800.0,39.0,S
2021-06-14T14:12:26,2400.0,39.0,S
2021-06-14T14:12:26,30400.0,39.0,S
2021-06-14T14:12:26,700.0,39.0,S
2021-06-14T14:12:26,500.0,39.0,S
2021-06-14T14:12:26,100.0,39.0,S
2021-06-14T14:12:26,1700.0,39.0,S
2021-06-14T14:12:26,300.0,39.0,S
2021-06-14T14:12:26,400.0,39.0,S
2021-06-14T14:12:26,3100.0,39.0,S
2021-06-14T14:12:26,1200.0,39.0,S
2021-06-14T14:12:26,17400.0,39.0,S
2021-06-14T14:12:26,1000.0,39.0,S
2021-06-14T14:12:26,500.0,39.0,S
2021-06-14T14:12:26,1200.0,39.0,S
2021-06-14T14:12:26,200.0,39.0,S
2021-06-14T14:12:26,200.0,39.0,S
2021-06-14T14:12:26,4400.0,39.0,S
2021-06-14T14:12:26,2000.0,39.0,S
2021-06-14T14:12:26,300.0,39.0,S
2021-06-14T14:12:26,2300.0,39.0,S
2021-06-14T14:12:25,72700.0,39.0,S
2021-06-14T14:12:25,2400.0,39.0,S
2021-06-14T14:12:25,1000.0,39.0,S
2021-06-14T14:12:25,200.0,39.0,S
2021-06-14T14:12:24,100.0,39.1,S
2021-06-14T14:12:20,20000.0,39.0,S
2021-06-14T14:12:15,100.0,39.1,S
2021-06-14T14:12:14,10000.0,39.0,S
2021-06-14T14:12:14,54000.0,39.0,S
2021-06-14T14:12:11,100.0,39.1,S
2021-06-14T14:12:11,100.0,39.1,S
2021-06-14T14:12:10,500.0,39.0,S
2021-06-14T14:12:10,1000.0,39.1,S
2021-06-14T14:12:09,100.0,39.05,S
2021-06-14T14:12:06,6600.0,39.0,S
2021-06-14T14:12:06,500.0,39.0,S
2021-06-14T14:12:05,1000.0,39.0,S
2021-06-14T14:12:04,100.0,39.1,S
2021-06-14T14:12:01,100.0,39.1,S
2021-06-14T14:12:01,200.0,39.1,S
2021-06-14T14:12:01,2000.0,39.0,S
2021-06-14T14:12:01,700.0,39.1,S
2021-06-14T14:12:00,2000.0,39.0,S
2021-06-14T14:12:00,200.0,39.1,S
2021-06-14T14:11:59,9000.0,39.0,S
2021-06-14T14:11:59,500.0,39.05,S
2021-06-14T14:11:58,1000.0,39.1,S
2021-06-14T14:11:58,1800.0,39.0,S
2021-06-14T14:11:58,200.0,39.05,S
2021-06-14T14:11:58,2000.0,39.1,S
2021-06-14T14:11:56,500.0,39.1,S
2021-06-14T14:11:55,2000.0,39.1,S
2021-06-14T14:11:53,500.0,39.1,S
2021-06-14T14:11:53,800.0,39.1,S
2021-06-14T14:11:51,100.0,39.1,S
2021-06-14T14:11:50,400.0,39.1,S
2021-06-14T14:11:49,9500.0,39.0,S
2021-06-14T14:11:46,1100.0,39.0,S
2021-06-14T14:11:46,500.0,39.1,S
2021-06-14T14:11:45,5000.0,39.1,S
2021-06-14T14:11:45,1000.0,39.0,S
2021-06-14T14:11:44,200.0,39.1,S
2021-06-14T14:11:44,8100.0,39.0,S
2021-06-14T14:11:44,300.0,39.0,S
2021-06-14T14:11:43,200.0,39.1,S
2021-06-14T14:11:43,300.0,39.1,S
2021-06-14T14:11:42,1000.0,39.0,S
2021-06-14T14:11:41,400.0,39.1,S
2021-06-14T14:11:40,22000.0,39.1,S
2021-06-14T14:11:38,200.0,39.1,S
2021-06-14T14:11:38,300.0,39.1,S
2021-06-14T14:11:37,500.0,39.1,S
2021-06-14T14:11:35,500.0,39.1,S
2021-06-14T14:11:35,7600.0,39.0,S
2021-06-14T14:11:34,100.0,39.1,S
2021-06-14T14:11:33,200.0,39.1,S
2021-06-14T14:11:31,4000.0,39.05,S
2021-06-14T14:11:31,100.0,39.1,S
2021-06-14T14:11:30,300.0,39.1,S
2021-06-14T14:11:29,3300.0,39.1,S
2021-06-14T14:11:29,500.0,39.1,S
2021-06-14T14:11:29,10000.0,39.1,S
2021-06-14T14:11:29,3700.0,39.1,S
2021-06-14T14:11:28,2300.0,39.1,S
2021-06-14T14:11:27,100.0,39.1,S
2021-06-14T14:11:27,400.0,39.1,S
2021-06-14T14:11:26,1000.0,39.1,S
2021-06-14T14:11:26,500.0,39.1,S
2021-06-14T14:11:26,1100.0,39.1,S
2021-06-14T14:11:26,900.0,39.1,S
2021-06-14T14:11:26,1500.0,39.1,S
2021-06-14T14:11:25,1000.0,39.1,S
2021-06-14T14:11:25,1200.0,39.1,S
2021-06-14T14:11:25,100.0,39.1,S
2021-06-14T14:11:25,13700.0,39.1,S
2021-06-14T14:11:25,1100.0,39.1,S
2021-06-14T14:11:25,200.0,39.1,S
2021-06-14T14:11:25,9200.0,39.1,S
2021-06-14T14:11:25,6600.0,39.1,S
2021-06-14T14:11:25,11100.0,39.1,S
2021-06-14T14:11:25,1800.0,39.1,S
2021-06-14T14:11:25,200.0,39.1,S
2021-06-14T14:11:23,4800.0,39.1,S
2021-06-14T14:11:23,100.0,39.2,S
2021-06-14T14:11:23,100.0,39.2,S
2021-06-14T14:11:18,6700.0,39.1,S
2021-06-14T14:11:18,1400.0,39.1,S
2021-06-14T14:11:18,700.0,39.1,S
2021-06-14T14:11:18,300.0,39.2,S
2021-06-14T14:11:18,5000.0,39.1,S
2021-06-14T14:11:15,200.0,39.1,S
2021-06-14T14:11:14,6600.0,39.1,S
2021-06-14T14:11:14,100.0,39.1,S
2021-06-14T14:11:14,3100.0,39.1,S
2021-06-14T14:11:12,1000.0,39.2,S
2021-06-14T14:11:11,200.0,39.2,S
2021-06-14T14:11:10,200.0,39.2,S
2021-06-14T14:11:05,100.0,39.2,S
2021-06-14T14:11:00,5300.0,39.1,S
2021-06-14T14:11:00,4200.0,39.1,S
2021-06-14T14:10:49,9000.0,39.1,S
2021-06-14T14:10:49,100.0,39.2,S
2021-06-14T14:10:48,3300.0,39.1,S
2021-06-14T14:10:44,500.0,39.2,S
2021-06-14T14:10:43,100.0,39.2,S
2021-06-14T14:10:40,600.0,39.2,S
2021-06-14T14:10:40,2000.0,39.2,S
2021-06-14T14:10:37,8100.0,39.1,S
2021-06-14T14:10:37,100.0,39.2,S
2021-06-14T14:10:34,200.0,39.2,S
2021-06-14T14:10:33,2000.0,39.2,S
2021-06-14T14:10:30,200.0,39.2,S
2021-06-14T14:10:29,8800.0,39.1,S
2021-06-14T14:10:28,500.0,39.2,S
2021-06-14T14:10:27,800.0,39.2,S
2021-06-14T14:10:27,900.0,39.1,S
2021-06-14T14:10:26,1000.0,39.2,S
2021-06-14T14:10:19,100.0,39.2,S
2021-06-14T14:10:15,500.0,39.2,S
2021-06-14T14:10:14,100.0,39.2,S
2021-06-14T14:10:14,9000.0,39.1,S
2021-06-14T14:10:13,100.0,39.2,S
2021-06-14T14:10:10,3000.0,39.2,S
2021-06-14T14:10:10,300.0,39.1,S
2021-06-14T14:10:04,1900.0,39.2,S
2021-06-14T14:10:03,2400.0,39.2,S
2021-06-14T14:10:03,1000.0,39.2,S
2021-06-14T14:10:03,6600.0,39.2,S
2021-06-14T14:09:58,100.0,39.2,S
2021-06-14T14:09:57,5000.0,39.2,S
2021-06-14T14:09:53,100.0,39.2,S
2021-06-14T14:09:51,9500.0,39.1,S
2021-06-14T14:09:51,300.0,39.2,S
2021-06-14T14:09:50,3800.0,39.1,S
2021-06-14T14:09:50,1600.0,39.15,S
2021-06-14T14:09:50,3500.0,39.15,S
2021-06-14T14:09:49,1100.0,39.15,S
2021-06-14T14:09:48,100.0,39.15,S
2021-06-14T14:09:48,600.0,39.15,S
2021-06-14T14:09:48,1300.0,39.15,S
2021-06-14T14:09:45,100.0,39.2,S
2021-06-14T14:09:43,1100.0,39.15,S
2021-06-14T14:09:43,1600.0,39.15,S
2021-06-14T14:09:43,200.0,39.15,S
2021-06-14T14:09:43,1000.0,39.2,S
2021-06-14T14:09:43,5100.0,39.2,S
2021-06-14T14:09:42,2100.0,39.2,S
2021-06-14T14:09:41,10900.0,39.2,S
2021-06-14T14:09:41,6700.0,39.2,S
2021-06-14T14:09:41,5000.0,39.2,S
2021-06-14T14:09:40,100.0,39.2,S
2021-06-14T14:09:40,100.0,39.2,S
2021-06-14T14:09:40,500.0,39.2,S
2021-06-14T14:09:40,1800.0,39.2,S
2021-06-14T14:09:40,10300.0,39.2,S
2021-06-14T14:09:40,500.0,39.2,S
2021-06-14T14:09:40,800.0,39.2,S
2021-06-14T14:09:40,23300.0,39.2,S
2021-06-14T14:09:39,1000.0,39.2,S
2021-06-14T14:09:37,100.0,39.25,B
2021-06-14T14:09:37,8000.0,39.2,S
2021-06-14T14:09:36,100.0,39.2,S
2021-06-14T14:09:35,100.0,39.2,S
2021-06-14T14:09:33,800.0,39.2,S
2021-06-14T14:09:32,500.0,39.2,S
2021-06-14T14:09:32,600.0,39.2,S
2021-06-14T14:09:32,300.0,39.2,S
2021-06-14T14:09:32,700.0,39.2,S
2021-06-14T14:09:32,400.0,39.2,S
2021-06-14T14:09:32,100.0,39.2,S
2021-06-14T14:09:32,900.0,39.2,S
2021-06-14T14:09:32,5600.0,39.2,S
2021-06-14T14:09:30,500.0,39.2,S
2021-06-14T14:09:30,2000.0,39.2,S
2021-06-14T14:09:29,1000.0,39.2,S
2021-06-14T14:09:29,500.0,39.2,S
2021-06-14T14:09:27,1200.0,39.2,S
2021-06-14T14:09:27,5500.0,39.2,S
2021-06-14T14:09:27,1000.0,39.2,S
2021-06-14T14:09:27,1800.0,39.2,S
2021-06-14T14:09:26,500.0,39.2,S
2021-06-14T14:09:21,900.0,39.2,S
2021-06-14T14:09:21,600.0,39.2,S
2021-06-14T14:09:21,1900.0,39.2,S
2021-06-14T14:09:21,1600.0,39.2,S
2021-06-14T14:09:16,100.0,39.2,S
2021-06-14T14:09:16,900.0,39.2,S
2021-06-14T14:09:16,5800.0,39.25,B
2021-06-14T14:09:16,2400.0,39.25,B
2021-06-14T14:09:15,1800.0,39.25,B
2021-06-14T14:09:15,700.0,39.25,B
2021-06-14T14:09:15,4000.0,39.25,B
2021-06-14T14:09:14,100.0,39.2,S
2021-06-14T14:09:14,600.0,39.2,S
2021-06-14T14:09:13,100.0,39.2,S
2021-06-14T14:09:12,500.0,39.2,S
2021-06-14T14:09:11,9000.0,39.2,S
2021-06-14T14:09:11,300.0,39.25,B
2021-06-14T14:09:08,5000.0,39.25,B
2021-06-14T14:09:07,3500.0,39.25,B
2021-06-14T14:09:07,100.0,39.25,B
2021-06-14T14:09:06,13500.0,39.2,S
2021-06-14T14:09:03,100.0,39.25,B
2021-06-14T14:09:02,8600.0,39.2,S
2021-06-14T14:09:00,2700.0,39.25,B
2021-06-14T14:09:00,100.0,39.25,B
2021-06-14T14:08:59,500.0,39.2,S
2021-06-14T14:08:58,5200.0,39.2,S
2021-06-14T14:08:57,6800.0,39.2,S
2021-06-14T14:08:55,1000.0,39.2,S
2021-06-14T14:08:54,5000.0,39.2,S
2021-06-14T14:08:54,1000.0,39.25,B
2021-06-14T14:08:52,200.0,39.2,S
2021-06-14T14:08:52,200.0,39.2,S
2021-06-14T14:08:52,2400.0,39.2,S
2021-06-14T14:08:52,2700.0,39.2,S
2021-06-14T14:08:52,1200.0,39.2,S
2021-06-14T14:08:52,2200.0,39.2,S
2021-06-14T14:08:51,2600.0,39.25,B
2021-06-14T14:08:51,500.0,39.2,S
2021-06-14T14:08:50,500.0,39.2,S
2021-06-14T14:08:50,100.0,39.25,B
2021-06-14T14:08:50,200.0,39.2,S
2021-06-14T14:08:48,3000.0,39.2,S
2021-06-14T14:08:48,100.0,39.2,S
2021-06-14T14:08:48,900.0,39.2,S
2021-06-14T14:08:48,700.0,39.2,S
2021-06-14T14:08:48,2300.0,39.2,S
2021-06-14T14:08:47,2300.0,39.2,S
2021-06-14T14:08:45,200.0,39.2,S
2021-06-14T14:08:45,10000.0,39.2,S
2021-06-14T14:08:45,200.0,39.2,S
2021-06-14T14:08:45,1000.0,39.2,S
2021-06-14T14:08:45,6600.0,39.2,S
2021-06-14T14:08:45,200.0,39.2,S
2021-06-14T14:08:45,1000.0,39.2,S
2021-06-14T14:08:45,700.0,39.2,S
2021-06-14T14:08:45,2800.0,39.2,S
2021-06-14T14:08:45,2500.0,39.2,S
2021-06-14T14:08:44,200.0,39.25,B
2021-06-14T14:08:44,300.0,39.2,S
2021-06-14T14:08:44,100.0,39.2,S
2021-06-14T14:08:43,7600.0,39.2,S
2021-06-14T14:08:43,400.0,39.25,B
2021-06-14T14:08:42,200.0,39.2,S
2021-06-14T14:08:40,5200.0,39.2,S
2021-06-14T14:08:33,800.0,39.25,B
2021-06-14T14:08:33,2500.0,39.2,S
2021-06-14T14:08:32,400.0,39.2,S
2021-06-14T14:08:30,200.0,39.2,S
2021-06-14T14:08:30,1400.0,39.2,S
2021-06-14T14:08:30,2300.0,39.2,S
2021-06-14T14:08:30,700.0,39.2,S
2021-06-14T14:08:30,300.0,39.2,S
2021-06-14T14:08:30,900.0,39.2,S
2021-06-14T14:08:29,4200.0,39.2,S
2021-06-14T14:08:28,100.0,39.2,S
2021-06-14T14:08:27,300.0,39.2,S
2021-06-14T14:08:27,500.0,39.2,S
2021-06-14T14:08:27,200.0,39.2,S
2021-06-14T14:08:27,1500.0,39.2,S
2021-06-14T14:08:24,300.0,39.2,S
2021-06-14T14:08:24,100.0,39.2,S
2021-06-14T14:08:23,8600.0,39.2,S
2021-06-14T14:08:20,1000.0,39.2,S
2021-06-14T14:08:20,100.0,39.2,S
2021-06-14T14:08:20,1000.0,39.2,S
2021-06-14T14:08:20,1500.0,39.2,S
2021-06-14T14:08:20,1300.0,39.2,S
2021-06-14T14:08:20,100.0,39.2,S
2021-06-14T14:08:20,100.0,39.2,S
2021-06-14T14:08:20,100.0,39.25,B
2021-06-14T14:08:18,1600.0,39.25,B
2021-06-14T14:08:16,200.0,39.25,B
2021-06-14T14:08:15,1000.0,39.2,S
2021-06-14T14:08:15,10300.0,39.2,S
2021-06-14T14:08:15,2300.0,39.2,S
2021-06-14T14:08:15,100.0,39.2,S
2021-06-14T14:08:14,400.0,39.2,S
2021-06-14T14:08:14,900.0,39.2,S
2021-06-14T14:08:14,1000.0,39.2,S
2021-06-14T14:08:14,1600.0,39.2,S
2021-06-14T14:08:14,300.0,39.2,S
2021-06-14T14:08:14,1700.0,39.2,S
2021-06-14T14:08:14,1400.0,39.2,S
2021-06-14T14:08:14,200.0,39.25,B
2021-06-14T14:08:14,6200.0,39.2,S
2021-06-14T14:08:14,500.0,39.2,S
2021-06-14T14:08:14,100.0,39.2,S
2021-06-14T14:08:14,1300.0,39.2,S
2021-06-14T14:08:13,5200.0,39.2,S
2021-06-14T14:08:10,2800.0,39.2,S
2021-06-14T14:08:10,200.0,39.2,S
2021-06-14T14:08:08,5200.0,39.2,S
2021-06-14T14:08:08,5200.0,39.2,S
2021-06-14T14:08:08,5200.0,39.2,S
2021-06-14T14:08:07,100.0,39.25,B
2021-06-14T14:08:05,5000.0,39.25,B
2021-06-14T14:08:04,8500.0,39.2,S
2021-06-14T14:08:03,300.0,39.25,B
2021-06-14T14:08:03,700.0,39.25,B
2021-06-14T14:08:02,5800.0,39.2,S
2021-06-14T14:08:01,1000.0,39.2,S
2021-06-14T14:07:55,1700.0,39.2,S
2021-06-14T14:07:53,100.0,39.25,B
2021-06-14T14:07:52,200.0,39.25,B
2021-06-14T14:07:52,8500.0,39.2,S
2021-06-14T14:07:51,5100.0,39.25,B
2021-06-14T14:07:51,700.0,39.25,B
2021-06-14T14:07:49,100.0,39.25,S
2021-06-14T14:07:46,100.0,39.25,S
2021-06-14T14:07:45,6800.0,39.2,S
2021-06-14T14:07:41,1600.0,39.25,S
2021-06-14T14:07:39,900.0,39.25,S
2021-06-14T14:07:39,300.0,39.25,S
2021-06-14T14:07:36,2000.0,39.25,S
2021-06-14T14:07:33,8500.0,39.2,S
2021-06-14T14:07:30,100.0,39.25,S
2021-06-14T14:07:29,2700.0,39.25,S
2021-06-14T14:07:29,100.0,39.25,S
2021-06-14T14:07:25,100.0,39.25,S
2021-06-14T14:07:24,200.0,39.25,S
2021-06-14T14:07:22,100.0,39.25,S
2021-06-14T14:07:21,500.0,39.25,S
2021-06-14T14:07:21,300.0,39.2,S
2021-06-14T14:07:21,200.0,39.2,S
2021-06-14T14:07:21,1300.0,39.2,S
2021-06-14T14:07:21,200.0,39.2,S
2021-06-14T14:07:21,100.0,39.25,S
2021-06-14T14:07:21,3100.0,39.25,S
2021-06-14T14:07:20,100.0,39.25,S
2021-06-14T14:07:20,2100.0,39.2,S
2021-06-14T14:07:20,1100.0,39.2,S
2021-06-14T14:07:20,3400.0,39.2,S
2021-06-14T14:07:20,300.0,39.2,S
2021-06-14T14:07:20,2600.0,39.2,S
2021-06-14T14:07:17,600.0,39.25,S
2021-06-14T14:07:17,200.0,39.25,S
2021-06-14T14:07:16,700.0,39.25,S
2021-06-14T14:07:16,800.0,39.25,S
2021-06-14T14:07:16,700.0,39.25,S
2021-06-14T14:07:16,300.0,39.25,S
2021-06-14T14:07:16,600.0,39.25,S
2021-06-14T14:07:16,500.0,39.25,S
2021-06-14T14:07:16,600.0,39.25,S
2021-06-14T14:07:16,200.0,39.25,S
2021-06-14T14:07:16,6000.0,39.25,S
2021-06-14T14:07:16,2400.0,39.25,S
2021-06-14T14:07:16,6000.0,39.25,S
2021-06-14T14:07:16,2500.0,39.25,S
2021-06-14T14:07:16,5400.0,39.25,S
2021-06-14T14:07:16,17100.0,39.25,S
2021-06-14T14:07:16,600.0,39.25,S
2021-06-14T14:07:15,2200.0,39.25,S
2021-06-14T14:07:15,100.0,39.25,S
2021-06-14T14:07:15,60600.0,39.25,S
2021-06-14T14:07:15,6600.0,39.25,S
2021-06-14T14:07:15,1500.0,39.25,S
2021-06-14T14:07:15,300.0,39.25,S
2021-06-14T14:07:15,1500.0,39.25,S
2021-06-14T14:07:15,2600.0,39.25,S
2021-06-14T14:07:15,1200.0,39.25,S
2021-06-14T14:07:15,2600.0,39.25,S
2021-06-14T14:07:15,1100.0,39.25,S
2021-06-14T14:07:15,5500.0,39.25,S
2021-06-14T14:07:15,200.0,39.25,S
2021-06-14T14:07:15,600.0,39.25,S
2021-06-14T14:07:15,400.0,39.25,S
2021-06-14T14:07:15,1500.0,39.25,S
2021-06-14T14:07:15,1200.0,39.25,S
2021-06-14T14:07:15,400.0,39.25,S
2021-06-14T14:07:15,1800.0,39.25,S
2021-06-14T14:07:15,200.0,39.25,S
2021-06-14T14:07:15,1700.0,39.25,S
2021-06-14T14:07:15,800.0,39.25,S
2021-06-14T14:07:15,2500.0,39.25,S
2021-06-14T14:07:15,100.0,39.25,S
2021-06-14T14:07:14,11300.0,39.25,S
2021-06-14T14:07:14,2000.0,39.25,S
2021-06-14T14:07:14,4500.0,39.25,S
2021-06-14T14:07:14,200.0,39.25,S
2021-06-14T14:07:14,2600.0,39.25,S
2021-06-14T14:07:14,5100.0,39.25,S
2021-06-14T14:07:14,500.0,39.25,S
2021-06-14T14:07:14,10500.0,39.25,S
2021-06-14T14:07:14,600.0,39.25,S
2021-06-14T14:07:14,1700.0,39.25,S
2021-06-14T14:07:13,600.0,39.25,S
2021-06-14T14:07:13,1000.0,39.25,S
2021-06-14T14:07:13,2900.0,39.25,S
2021-06-14T14:07:13,7700.0,39.25,S
2021-06-14T14:07:13,400.0,39.25,S
2021-06-14T14:07:12,700.0,39.25,S
2021-06-14T14:07:12,1200.0,39.3,S
2021-06-14T14:07:10,100.0,39.3,S
2021-06-14T14:07:06,100.0,39.3,S
2021-06-14T14:07:04,1000.0,39.3,S
2021-06-14T14:07:04,300.0,39.25,S
2021-06-14T14:07:04,1000.0,39.3,S
2021-06-14T14:07:02,8500.0,39.25,S
2021-06-14T14:07:02,100.0,39.3,S
2021-06-14T14:07:01,100.0,39.3,S
2021-06-14T14:06:57,400.0,39.25,S
2021-06-14T14:06:54,100.0,39.3,S
2021-06-14T14:06:54,4700.0,39.3,S
2021-06-14T14:06:54,100.0,39.35,B
2021-06-14T14:06:54,300.0,39.3,S
2021-06-14T14:06:53,500.0,39.3,S
2021-06-14T14:06:53,700.0,39.3,S
2021-06-14T14:06:53,100.0,39.3,S
2021-06-14T14:06:53,2400.0,39.3,S
2021-06-14T14:06:53,600.0,39.3,S
2021-06-14T14:06:53,900.0,39.3,S
2021-06-14T14:06:53,5500.0,39.3,S
2021-06-14T14:06:53,9300.0,39.3,S
2021-06-14T14:06:52,1000.0,39.3,S
2021-06-14T14:06:52,14700.0,39.3,S
2021-06-14T14:06:48,100.0,39.3,S
2021-06-14T14:06:48,100.0,39.35,B
2021-06-14T14:06:46,1500.0,39.35,B
2021-06-14T14:06:46,5700.0,39.3,S
2021-06-14T14:06:44,100000.0,39.3,S
2021-06-14T14:06:44,3000.0,39.3,S
2021-06-14T14:06:44,10000.0,39.3,S
2021-06-14T14:06:44,500.0,39.3,S
2021-06-14T14:06:43,8500.0,39.3,S
2021-06-14T14:06:43,3000.0,39.3,S
2021-06-14T14:06:42,6200.0,39.3,S
2021-06-14T14:06:41,5000.0,39.3,S
2021-06-14T14:06:41,1500.0,39.3,S
2021-06-14T14:06:41,100.0,39.3,S
2021-06-14T14:06:38,3000.0,39.3,S
2021-06-14T14:06:38,1500.0,39.3,S
2021-06-14T14:06:36,8100.0,39.3,S
2021-06-14T14:06:35,41500.0,39.3,S
2021-06-14T14:06:31,5200.0,39.3,S
2021-06-14T14:06:30,500.0,39.3,S
2021-06-14T14:06:28,1300.0,39.3,S
2021-06-14T14:06:28,10000.0,39.3,S
2021-06-14T14:06:25,400.0,39.3,S
2021-06-14T14:06:24,100.0,39.3,S
2021-06-14T14:06:23,8500.0,39.3,S
2021-06-14T14:06:22,500.0,39.3,S
2021-06-14T14:06:22,46500.0,39.3,S
2021-06-14T14:06:22,1800.0,39.3,S
2021-06-14T14:06:22,700.0,39.3,S
2021-06-14T14:06:22,500.0,39.3,S
2021-06-14T14:06:21,12800.0,39.3,S
2021-06-14T14:06:21,200.0,39.3,S
2021-06-14T14:06:21,3000.0,39.3,S
2021-06-14T14:06:21,8200.0,39.3,S
2021-06-14T14:06:21,1500.0,39.3,S
2021-06-14T14:06:21,300.0,39.3,S
2021-06-14T14:06:21,3500.0,39.3,S
2021-06-14T14:06:21,3400.0,39.3,S
2021-06-14T14:06:21,1100.0,39.3,S
2021-06-14T14:06:21,300.0,39.3,S
2021-06-14T14:06:21,400.0,39.3,S
2021-06-14T14:06:21,2300.0,39.3,S
2021-06-14T14:06:21,400.0,39.3,S
2021-06-14T14:06:20,900.0,39.3,S
2021-06-14T14:06:20,1400.0,39.3,S
2021-06-14T14:06:20,200.0,39.3,S
2021-06-14T14:06:20,200.0,39.3,S
2021-06-14T14:06:20,1700.0,39.3,S
2021-06-14T14:06:20,300.0,39.3,S
2021-06-14T14:06:20,10700.0,39.3,S
2021-06-14T14:06:20,800.0,39.3,S
2021-06-14T14:06:20,2100.0,39.3,S
2021-06-14T14:06:20,7700.0,39.3,S
2021-06-14T14:06:20,100.0,39.3,S
2021-06-14T14:06:20,1300.0,39.3,S
2021-06-14T14:06:20,20000.0,39.3,S
2021-06-14T14:06:20,3500.0,39.3,S
2021-06-14T14:06:20,10100.0,39.3,S
2021-06-14T14:06:20,2100.0,39.3,S
2021-06-14T14:06:17,4000.0,39.3,S
2021-06-14T14:06:14,100.0,39.3,S
2021-06-14T14:06:13,6800.0,39.3,S
2021-06-14T14:06:10,200.0,39.3,S
2021-06-14T14:06:09,5200.0,39.3,S
2021-06-14T14:06:09,500.0,39.3,S
2021-06-14T14:06:09,3200.0,39.3,S
2021-06-14T14:06:09,5800.0,39.3,S
2021-06-14T14:06:08,300.0,39.35,B
2021-06-14T14:06:08,3100.0,39.3,S
2021-06-14T14:06:08,2400.0,39.3,S
2021-06-14T14:06:08,500.0,39.3,S
2021-06-14T14:06:08,3000.0,39.3,S
2021-06-14T14:06:06,700.0,39.3,S
2021-06-14T14:06:06,500.0,39.3,S
2021-06-14T14:06:04,2000.0,39.3,S
2021-06-14T14:06:02,100.0,39.3,S
2021-06-14T14:06:02,1500.0,39.3,S
2021-06-14T14:06:00,2000.0,39.3,S
2021-06-14T14:05:58,500.0,39.3,S
2021-06-14T14:05:58,1800.0,39.3,S
2021-06-14T14:05:58,100.0,39.3,S
2021-06-14T14:05:58,600.0,39.3,S
2021-06-14T14:05:58,1100.0,39.3,S
2021-06-14T14:05:58,500.0,39.3,S
2021-06-14T14:05:58,1100.0,39.3,S
2021-06-14T14:05:57,500.0,39.3,S
2021-06-14T14:05:55,5400.0,39.3,S
2021-06-14T14:05:55,200.0,39.3,S
2021-06-14T14:05:55,3400.0,39.3,S
2021-06-14T14:05:51,2000.0,39.3,S
2021-06-14T14:05:51,200.0,39.3,S
2021-06-14T14:05:51,200.0,39.3,S
2021-06-14T14:05:51,600.0,39.3,S
2021-06-14T14:05:51,400.0,39.3,S
2021-06-14T14:05:50,1400.0,39.3,S
2021-06-14T14:05:48,2500.0,39.3,S
2021-06-14T14:05:45,300.0,39.3,S
2021-06-14T14:05:45,700.0,39.3,S
2021-06-14T14:05:45,4200.0,39.3,S
2021-06-14T14:05:40,7600.0,39.3,S
2021-06-14T14:05:39,1000.0,39.35,B
2021-06-14T14:05:39,500.0,39.35,B
2021-06-14T14:05:37,1000.0,39.3,S
2021-06-14T14:05:36,5200.0,39.3,S
2021-06-14T14:05:34,10000.0,39.3,S
2021-06-14T14:05:28,200.0,39.35,B
2021-06-14T14:05:24,200.0,39.3,S
2021-06-14T14:05:23,500.0,39.35,B
2021-06-14T14:05:21,100.0,39.3,S
2021-06-14T14:05:18,4000.0,39.35,B
2021-06-14T14:05:14,100.0,39.35,B
2021-06-14T14:05:11,100.0,39.35,B
2021-06-14T14:05:11,1000.0,39.35,B
2021-06-14T14:05:10,500.0,39.35,B
2021-06-14T14:05:09,100.0,39.35,B
2021-06-14T14:05:09,100.0,39.3,S
2021-06-14T14:05:08,3200.0,39.3,S
2021-06-14T14:05:08,1000.0,39.3,S
2021-06-14T14:05:06,200.0,39.35,B
2021-06-14T14:05:03,100.0,39.35,B
2021-06-14T14:05:03,300.0,39.3,S
2021-06-14T14:05:02,500.0,39.3,S
2021-06-14T14:04:59,500.0,39.35,B
2021-06-14T14:04:57,1100.0,39.3,S
2021-06-14T14:04:56,200.0,39.3,S
2021-06-14T14:04:53,5000.0,39.3,S
2021-06-14T14:04:50,100.0,39.35,B
2021-06-14T14:04:48,200.0,39.35,B
2021-06-14T14:04:48,3800.0,39.35,B
2021-06-14T14:04:48,1000.0,39.35,B
2021-06-14T14:04:45,1000.0,39.3,S
2021-06-14T14:04:42,3000.0,39.3,S
2021-06-14T14:04:33,100.0,39.35,B
2021-06-14T14:04:32,300.0,39.35,B
2021-06-14T14:04:32,1000.0,39.3,S
2021-06-14T14:04:31,3400.0,39.3,S
2021-06-14T14:04:27,1000.0,39.35,B
2021-06-14T14:04:25,5000.0,39.35,B
2021-06-14T14:04:21,3000.0,39.3,S
2021-06-14T14:04:18,100.0,39.3,S
2021-06-14T14:04:17,100.0,39.35,B
2021-06-14T14:04:15,5200.0,39.3,S
2021-06-14T14:04:14,100.0,39.3,S
2021-06-14T14:04:12,2200.0,39.3,S
2021-06-14T14:04:12,1100.0,39.3,S
2021-06-14T14:04:12,500.0,39.3,S
2021-06-14T14:04:12,2300.0,39.3,S
2021-06-14T14:04:12,2100.0,39.3,S
2021-06-14T14:04:12,800.0,39.3,S
2021-06-14T14:04:12,200.0,39.3,S
2021-06-14T14:04:11,1800.0,39.3,S
2021-06-14T14:04:07,1000.0,39.3,S
2021-06-14T14:04:07,500.0,39.35,B
2021-06-14T14:04:06,1000.0,39.3,S
2021-06-14T14:04:06,1600.0,39.3,S
2021-06-14T14:04:06,400.0,39.3,S
2021-06-14T14:04:05,1000.0,39.3,S
2021-06-14T14:04:02,1000.0,39.3,S
2021-06-14T14:04:01,3000.0,39.35,B
2021-06-14T14:03:55,34000.0,39.35,B
2021-06-14T14:03:54,900.0,39.3,S
2021-06-14T14:03:53,500.0,39.3,S
2021-06-14T14:03:52,900.0,39.3,S
2021-06-14T14:03:52,2000.0,39.3,S
2021-06-14T14:03:51,500.0,39.3,S
2021-06-14T14:03:39,1000.0,39.3,S
2021-06-14T14:03:38,5000.0,39.35,B
2021-06-14T14:03:37,3000.0,39.3,S
2021-06-14T14:03:33,100.0,39.3,S
2021-06-14T14:03:30,600.0,39.3,S
2021-06-14T14:03:30,100.0,39.35,B
2021-06-14T14:03:30,300.0,39.3,S
2021-06-14T14:03:29,5000.0,39.3,S
2021-06-14T14:03:29,8000.0,39.3,S
2021-06-14T14:03:29,1000.0,39.35,B
2021-06-14T14:03:25,600.0,39.3,S
2021-06-14T14:03:25,300.0,39.3,S
2021-06-14T14:03:23,1000.0,39.3,S
2021-06-14T14:03:23,200.0,39.3,S
2021-06-14T14:03:22,3000.0,39.35,B
2021-06-14T14:03:18,100.0,39.3,S
2021-06-14T14:03:18,12000.0,39.3,S
2021-06-14T14:03:16,10000.0,39.35,B
2021-06-14T14:03:15,1000.0,39.3,S
2021-06-14T14:03:14,500.0,39.3,S
2021-06-14T14:03:14,500.0,39.3,S
2021-06-14T14:03:13,1500.0,39.3,S
2021-06-14T14:03:12,300.0,39.35,B
2021-06-14T14:03:06,200.0,39.3,S
2021-06-14T14:03:05,2000.0,39.35,B
2021-06-14T14:03:05,100.0,39.3,S
2021-06-14T14:03:04,84400.0,39.35,B
2021-06-14T14:03:04,200.0,39.35,B
2021-06-14T14:03:00,1500.0,39.35,B
2021-06-14T14:03:00,4900.0,39.3,S
2021-06-14T14:02:59,800.0,39.3,S
2021-06-14T14:02:49,100.0,39.3,S
2021-06-14T14:02:38,2900.0,39.3,S
2021-06-14T14:02:36,2100.0,39.3,S
2021-06-14T14:02:36,200.0,39.3,S
2021-06-14T14:02:33,100.0,39.3,S
2021-06-14T14:02:28,4200.0,39.3,S
2021-06-14T14:02:28,1300.0,39.3,S
2021-06-14T14:02:28,3500.0,39.3,S
2021-06-14T14:02:28,7300.0,39.3,S
2021-06-14T14:02:28,2000.0,39.35,B
2021-06-14T14:02:20,300.0,39.3,S
2021-06-14T14:02:20,100.0,39.3,S
2021-06-14T14:02:20,1400.0,39.3,S
2021-06-14T14:02:20,800.0,39.3,S
2021-06-14T14:02:20,200.0,39.3,S
2021-06-14T14:02:20,700.0,39.3,S
2021-06-14T14:02:20,6800.0,39.3,S
2021-06-14T14:02:19,1000.0,39.3,S
2021-06-14T14:02:12,1000.0,39.3,S
2021-06-14T14:02:11,400.0,39.3,S
2021-06-14T14:02:06,300.0,39.3,S
2021-06-14T14:02:02,4000.0,39.3,S
2021-06-14T14:02:02,1500.0,39.35,B
2021-06-14T14:02:00,8000.0,39.35,B
2021-06-14T14:01:57,17000.0,39.35,B
2021-06-14T14:01:56,50000.0,39.35,B
2021-06-14T14:01:56,500.0,39.3,S
2021-06-14T14:01:52,700.0,39.3,S
2021-06-14T14:01:48,4000.0,39.3,S
2021-06-14T14:01:40,1000.0,39.3,S
2021-06-14T14:01:40,200.0,39.3,S
2021-06-14T14:01:39,500.0,39.3,S
2021-06-14T14:01:37,100.0,39.35,B
2021-06-14T14:01:36,1000.0,39.3,S
2021-06-14T14:01:33,500.0,39.35,B
2021-06-14T14:01:29,2000.0,39.3,S
2021-06-14T14:01:28,1100.0,39.3,S
2021-06-14T14:01:28,1000.0,39.3,S
2021-06-14T14:01:27,5100.0,39.3,S
2021-06-14T14:01:27,500.0,39.3,S
2021-06-14T14:01:27,14400.0,39.3,S
2021-06-14T14:01:23,400.0,39.3,S
2021-06-14T14:01:19,100.0,39.35,B
2021-06-14T14:01:19,1000.0,39.3,S
2021-06-14T14:01:17,1000.0,39.3,S
2021-06-14T14:01:14,300.0,39.3,S
2021-06-14T14:01:13,4700.0,39.3,S
2021-06-14T14:01:13,5300.0,39.3,S
2021-06-14T14:01:06,200.0,39.3,S
2021-06-14T14:01:05,5000.0,39.3,S
2021-06-14T14:01:02,100.0,39.3,S
2021-06-14T14:01:02,2000.0,39.3,S
2021-06-14T14:01:01,1500.0,39.3,S
2021-06-14T14:01:01,27300.0,39.35,B
2021-06-14T14:01:00,100.0,39.35,B
2021-06-14T14:01:00,10000.0,39.35,B
2021-06-14T14:01:00,21000.0,39.35,B
2021-06-14T14:00:59,41600.0,39.35,B
2021-06-14T14:00:56,5700.0,39.3,S
2021-06-14T14:00:56,300.0,39.3,S
2021-06-14T14:00:56,4000.0,39.3,S
2021-06-14T14:00:55,6800.0,39.3,S
2021-06-14T14:00:54,500.0,39.3,S
2021-06-14T14:00:53,3000.0,39.3,S
2021-06-14T14:00:51,2000.0,39.3,S
2021-06-14T14:00:51,500.0,39.3,S
2021-06-14T14:00:51,10000.0,39.3,S
2021-06-14T14:00:51,2800.0,39.3,S
2021-06-14T14:00:51,500.0,39.3,S
2021-06-14T14:00:51,1900.0,39.3,S
2021-06-14T14:00:46,9000.0,39.35,B
2021-06-14T14:00:44,8100.0,39.3,S
2021-06-14T14:00:44,3200.0,39.3,S
2021-06-14T14:00:44,600.0,39.3,S
2021-06-14T14:00:44,2500.0,39.3,S
2021-06-14T14:00:44,1100.0,39.3,S
2021-06-14T14:00:44,700.0,39.3,S
2021-06-14T14:00:44,1400.0,39.3,S
2021-06-14T14:00:44,500.0,39.3,S
2021-06-14T14:00:44,2300.0,39.3,S
2021-06-14T14:00:44,700.0,39.3,S
2021-06-14T14:00:44,6500.0,39.3,S
2021-06-14T14:00:44,1000.0,39.3,S
2021-06-14T14:00:44,1400.0,39.3,S
2021-06-14T14:00:41,1000.0,39.3,S
2021-06-14T14:00:40,1900.0,39.3,S
2021-06-14T14:00:40,1400.0,39.3,S
2021-06-14T14:00:40,2100.0,39.3,S
2021-06-14T14:00:40,2000.0,39.3,S
2021-06-14T14:00:40,1300.0,39.3,S
2021-06-14T14:00:40,300.0,39.3,S
2021-06-14T14:00:40,1000.0,39.3,S
2021-06-14T14:00:39,200.0,39.35,B
2021-06-14T14:00:39,5000.0,39.3,S
2021-06-14T14:00:38,300.0,39.35,S
2021-06-14T14:00:35,300.0,39.3,S
2021-06-14T14:00:35,5300.0,39.3,S
2021-06-14T14:00:35,500.0,39.3,S
2021-06-14T14:00:35,3600.0,39.3,S
2021-06-14T14:00:35,800.0,39.3,S
2021-06-14T14:00:35,100.0,39.3,S
2021-06-14T14:00:35,1100.0,39.3,S
2021-06-14T14:00:35,2100.0,39.3,S
2021-06-14T14:00:35,1100.0,39.3,S
2021-06-14T14:00:35,3300.0,39.3,S
2021-06-14T14:00:35,200.0,39.3,S
2021-06-14T14:00:35,100.0,39.3,S
2021-06-14T14:00:35,4700.0,39.3,S
2021-06-14T14:00:35,600.0,39.3,S
2021-06-14T14:00:34,1300.0,39.3,S
2021-06-14T14:00:34,600.0,39.3,S
2021-06-14T14:00:34,2700.0,39.3,S
2021-06-14T14:00:34,300.0,39.3,S
2021-06-14T14:00:34,200.0,39.3,S
2021-06-14T14:00:34,1200.0,39.3,S
2021-06-14T14:00:34,200.0,39.3,S
2021-06-14T14:00:34,300.0,39.3,S
2021-06-14T14:00:34,1200.0,39.3,S
2021-06-14T14:00:34,1000.0,39.3,S
2021-06-14T14:00:34,100.0,39.3,S
2021-06-14T14:00:34,200.0,39.3,S
2021-06-14T14:00:34,6900.0,39.3,S
2021-06-14T14:00:32,600.0,39.35,S
2021-06-14T14:00:32,500.0,39.3,S
2021-06-14T14:00:16,100.0,39.3,S
2021-06-14T14:00:15,800.0,39.3,S
2021-06-14T14:00:15,200.0,39.3,S
2021-06-14T14:00:15,2500.0,39.3,S
2021-06-14T14:00:15,5700.0,39.3,S
2021-06-14T14:00:15,5000.0,39.3,S
2021-06-14T14:00:15,1600.0,39.3,S
2021-06-14T14:00:15,1100.0,39.3,S
2021-06-14T14:00:15,100.0,39.3,S
2021-06-14T14:00:15,4000.0,39.3,S
2021-06-14T14:00:08,500.0,39.3,S
2021-06-14T13:59:59,5200.0,39.35,S
2021-06-14T13:59:59,8200.0,39.3,S
2021-06-14T13:59:59,500.0,39.3,S
2021-06-14T13:59:59,1000.0,39.3,S
2021-06-14T13:59:59,1800.0,39.3,S
2021-06-14T13:59:59,200.0,39.3,S
2021-06-14T13:59:59,8300.0,39.3,S
2021-06-14T13:59:58,500.0,39.35,S
2021-06-14T13:59:57,10000.0,39.35,S
2021-06-14T13:59:56,800.0,39.35,S
2021-06-14T13:59:55,8200.0,39.35,S
2021-06-14T13:59:54,1500.0,39.35,S
2021-06-14T13:59:53,500.0,39.35,S
2021-06-14T13:59:53,400.0,39.35,S
2021-06-14T13:59:52,1300.0,39.3,S
2021-06-14T13:59:47,400.0,39.3,S
2021-06-14T13:59:47,4600.0,39.3,S
2021-06-14T13:59:47,100.0,39.3,S
2021-06-14T13:59:47,2100.0,39.3,S
2021-06-14T13:59:47,6600.0,39.3,S
2021-06-14T13:59:47,1400.0,39.3,S
2021-06-14T13:59:47,3800.0,39.3,S
2021-06-14T13:59:47,3700.0,39.3,S
2021-06-14T13:59:46,100.0,39.3,S
2021-06-14T13:59:46,100.0,39.3,S
2021-06-14T13:59:46,54700.0,39.3,S
2021-06-14T13:59:46,600.0,39.3,S
2021-06-14T13:59:46,33900.0,39.3,S
2021-06-14T13:59:46,9400.0,39.3,S
2021-06-14T13:59:46,800.0,39.3,S
2021-06-14T13:59:45,1400.0,39.3,S
2021-06-14T13:59:45,12100.0,39.3,S
2021-06-14T13:59:45,14300.0,39.3,S
2021-06-14T13:59:45,200.0,39.3,S
2021-06-14T13:59:45,1600.0,39.3,S
2021-06-14T13:59:45,1700.0,39.3,S
2021-06-14T13:59:45,20100.0,39.3,S
2021-06-14T13:59:45,2700.0,39.3,S
2021-06-14T13:59:45,26400.0,39.3,S
2021-06-14T13:59:45,8200.0,39.3,S
2021-06-14T13:59:45,200.0,39.3,S
2021-06-14T13:59:44,4600.0,39.3,S
2021-06-14T13:59:44,10700.0,39.35,S
2021-06-14T13:59:44,5100.0,39.35,S
2021-06-14T13:59:43,5000.0,39.35,S
2021-06-14T13:59:43,3800.0,39.35,S
2021-06-14T13:59:43,11200.0,39.35,S
2021-06-14T13:59:43,5500.0,39.35,S
2021-06-14T13:59:43,1000.0,39.35,S
2021-06-14T13:59:43,600.0,39.35,S
2021-06-14T13:59:43,27200.0,39.35,S
2021-06-14T13:59:43,14100.0,39.35,S
2021-06-14T13:59:41,800.0,39.35,S
2021-06-14T13:59:37,100.0,39.35,S
2021-06-14T13:59:35,500.0,39.4,B
2021-06-14T13:59:33,500.0,39.35,S
2021-06-14T13:59:30,600.0,39.35,S
2021-06-14T13:59:26,3600.0,39.35,S
2021-06-14T13:59:26,200.0,39.35,S
2021-06-14T13:59:26,2700.0,39.35,S
2021-06-14T13:59:26,500.0,39.35,S
2021-06-14T13:59:26,3000.0,39.35,S
2021-06-14T13:59:25,2600.0,39.35,S
2021-06-14T13:59:24,1000.0,39.35,S
2021-06-14T13:59:21,400.0,39.35,S
2021-06-14T13:59:21,600.0,39.35,S
2021-06-14T13:59:21,9000.0,39.35,S
2021-06-14T13:59:20,200.0,39.4,B
2021-06-14T13:59:19,1000.0,39.35,S
2021-06-14T13:59:17,200.0,39.35,S
2021-06-14T13:59:06,600.0,39.35,S
2021-06-14T13:59:06,2400.0,39.35,S
2021-06-14T13:59:03,1100.0,39.35,S
2021-06-14T13:59:03,300.0,39.35,S
2021-06-14T13:59:03,3600.0,39.35,S
2021-06-14T13:58:57,300.0,39.35,S
2021-06-14T13:58:57,3000.0,39.35,S
2021-06-14T13:58:56,400.0,39.35,S
2021-06-14T13:58:56,200.0,39.35,S
2021-06-14T13:58:49,4000.0,39.35,S
2021-06-14T13:58:47,100.0,39.35,S
2021-06-14T13:58:44,9900.0,39.35,S
2021-06-14T13:58:42,300.0,39.35,S
2021-06-14T13:58:42,500.0,39.35,S
2021-06-14T13:58:42,1100.0,39.35,S
2021-06-14T13:58:41,4000.0,39.35,S
2021-06-14T13:58:39,700.0,39.35,S
2021-06-14T13:58:39,200.0,39.35,S
2021-06-14T13:58:39,1100.0,39.35,S
2021-06-14T13:58:34,1000.0,39.35,S
2021-06-14T13:58:32,500.0,39.35,S
2021-06-14T13:58:32,300.0,39.35,S
2021-06-14T13:58:32,200.0,39.35,S
2021-06-14T13:58:21,6900.0,39.35,S
2021-06-14T13:58:18,100.0,39.35,S
2021-06-14T13:58:16,500.0,39.35,S
2021-06-14T13:58:13,100.0,39.35,S
2021-06-14T13:58:11,1000.0,39.35,S
2021-06-14T13:58:09,1000.0,39.35,S
2021-06-14T13:58:03,200.0,39.4,B
2021-06-14T13:57:55,2000.0,39.35,S
2021-06-14T13:57:51,300.0,39.4,B
2021-06-14T13:57:50,300.0,39.35,S
2021-06-14T13:57:50,2000.0,39.35,S
2021-06-14T13:57:48,100.0,39.35,S
2021-06-14T13:57:39,100.0,39.4,B
2021-06-14T13:57:32,100.0,39.4,B
2021-06-14T13:57:27,200.0,39.35,S
2021-06-14T13:57:20,11100.0,39.35,S
2021-06-14T13:57:20,600.0,39.35,S
2021-06-14T13:57:17,100.0,39.35,S
2021-06-14T13:57:14,1000.0,39.4,B
2021-06-14T13:57:10,1900.0,39.35,S
2021-06-14T13:57:10,3500.0,39.35,S
2021-06-14T13:57:10,2100.0,39.35,S
2021-06-14T13:57:09,1400.0,39.4,B
2021-06-14T13:57:06,4000.0,39.35,S
2021-06-14T13:57:05,10000.0,39.35,S
2021-06-14T13:57:00,5000.0,39.35,S
2021-06-14T13:57:00,1000.0,39.35,S
2021-06-14T13:57:00,100.0,39.35,S
2021-06-14T13:56:50,100.0,39.35,S
2021-06-14T13:56:50,1000.0,39.35,S
2021-06-14T13:56:49,500.0,39.4,B
2021-06-14T13:56:46,1500.0,39.35,S
2021-06-14T13:56:41,500.0,39.35,S
2021-06-14T13:56:41,900.0,39.4,B
2021-06-14T13:56:40,600.0,39.35,S
2021-06-14T13:56:35,600.0,39.35,S
2021-06-14T13:56:35,300.0,39.35,S
2021-06-14T13:56:35,400.0,39.35,S
2021-06-14T13:56:35,1600.0,39.35,S
2021-06-14T13:56:35,500.0,39.35,S
2021-06-14T13:56:35,6800.0,39.35,S
2021-06-14T13:56:35,5400.0,39.35,S
2021-06-14T13:56:35,1300.0,39.35,S
2021-06-14T13:56:35,3100.0,39.35,S
2021-06-14T13:56:33,300.0,39.35,S
2021-06-14T13:56:33,4700.0,39.35,S
2021-06-14T13:56:33,800.0,39.35,S
2021-06-14T13:56:32,400.0,39.4,B
2021-06-14T13:56:31,200.0,39.35,S
2021-06-14T13:56:31,1000.0,39.35,S
2021-06-14T13:56:30,200.0,39.35,S
2021-06-14T13:56:30,4900.0,39.35,S
2021-06-14T13:56:24,100.0,39.4,B
2021-06-14T13:56:22,100.0,39.35,S
2021-06-14T13:56:20,10000.0,39.35,S
2021-06-14T13:56:16,300.0,39.35,S
2021-06-14T13:56:15,200.0,39.4,B
2021-06-14T13:56:07,2800.0,39.4,B
2021-06-14T13:56:02,100.0,39.35,S
2021-06-14T13:56:02,3400.0,39.35,S
2021-06-14T13:55:59,100.0,39.35,S
2021-06-14T13:55:58,1000.0,39.35,S
2021-06-14T13:55:55,3000.0,39.4,B
2021-06-14T13:55:54,22000.0,39.35,S
2021-06-14T13:55:52,100.0,39.4,B
2021-06-14T13:55:49,3000.0,39.35,S
2021-06-14T13:55:46,100.0,39.35,S
2021-06-14T13:55:41,700.0,39.35,S
2021-06-14T13:55:41,300.0,39.35,S
2021-06-14T13:55:39,100.0,39.35,S
2021-06-14T13:55:37,200.0,39.4,B
2021-06-14T13:55:33,500.0,39.35,S
2021-06-14T13:55:33,200.0,39.35,S
2021-06-14T13:55:32,400.0,39.35,S
2021-06-14T13:55:32,1000.0,39.35,S
2021-06-14T13:55:31,1600.0,39.35,S
2021-06-14T13:55:15,200.0,39.35,S
2021-06-14T13:55:12,300.0,39.35,S
2021-06-14T13:55:08,2000.0,39.35,S
2021-06-14T13:55:07,100.0,39.4,S
2021-06-14T13:55:05,400.0,39.35,S
2021-06-14T13:55:00,5400.0,39.35,S
2021-06-14T13:54:54,1000.0,39.35,S
2021-06-14T13:54:54,200.0,39.4,S
2021-06-14T13:54:53,1200.0,39.35,S
2021-06-14T13:54:52,200.0,39.4,S
2021-06-14T13:54:48,100.0,39.4,S
2021-06-14T13:54:44,200.0,39.35,S
2021-06-14T13:54:41,400.0,39.35,S
2021-06-14T13:54:36,2000.0,39.35,S
2021-06-14T13:54:33,300.0,39.35,S
2021-06-14T13:54:31,300.0,39.4,S
2021-06-14T13:54:30,2000.0,39.35,S
2021-06-14T13:54:28,2900.0,39.35,S
2021-06-14T13:54:26,300.0,39.4,S
2021-06-14T13:54:25,100.0,39.4,S
2021-06-14T13:54:24,20000.0,39.35,S
2021-06-14T13:54:22,5000.0,39.35,S
2021-06-14T13:54:20,6000.0,39.35,S
2021-06-14T13:54:19,500.0,39.4,S
2021-06-14T13:54:16,600.0,39.4,S
2021-06-14T13:54:14,100.0,39.35,S
2021-06-14T13:54:14,1100.0,39.35,S
2021-06-14T13:54:14,800.0,39.35,S
2021-06-14T13:54:07,800.0,39.35,S
2021-06-14T13:54:07,1300.0,39.35,S
2021-06-14T13:54:06,1900.0,39.35,S
2021-06-14T13:54:03,1100.0,39.35,S
2021-06-14T13:54:03,600.0,39.35,S
2021-06-14T13:54:03,500.0,39.35,S
2021-06-14T13:54:02,7100.0,39.35,S
2021-06-14T13:54:01,400.0,39.4,S
2021-06-14T13:53:57,500.0,39.4,S
2021-06-14T13:53:55,1000.0,39.4,S
2021-06-14T13:53:51,8800.0,39.4,S
2021-06-14T13:53:51,2000.0,39.4,S
2021-06-14T13:53:50,300.0,39.4,S
2021-06-14T13:53:46,2000.0,39.35,S
2021-06-14T13:53:45,100.0,39.4,S
2021-06-14T13:53:44,2000.0,39.35,S
2021-06-14T13:53:41,1000.0,39.4,S
2021-06-14T13:53:41,1000.0,39.35,S
2021-06-14T13:53:40,1400.0,39.35,S
2021-06-14T13:53:40,300.0,39.35,S
2021-06-14T13:53:40,100.0,39.35,S
2021-06-14T13:53:40,1200.0,39.35,S
2021-06-14T13:53:40,100.0,39.35,S
2021-06-14T13:53:40,3200.0,39.35,S
2021-06-14T13:53:40,200.0,39.35,S
2021-06-14T13:53:40,100.0,39.35,S
2021-06-14T13:53:40,400.0,39.35,S
2021-06-14T13:53:40,600.0,39.35,S
2021-06-14T13:53:40,1700.0,39.35,S
2021-06-14T13:53:39,600.0,39.35,S
2021-06-14T13:53:39,1000.0,39.35,S
2021-06-14T13:53:39,3000.0,39.35,S
2021-06-14T13:53:39,15800.0,39.35,S
2021-06-14T13:53:39,400.0,39.35,S
2021-06-14T13:53:39,1400.0,39.35,S
2021-06-14T13:53:39,2500.0,39.35,S
2021-06-14T13:53:39,400.0,39.35,S
2021-06-14T13:53:39,2000.0,39.35,S
2021-06-14T13:53:39,1200.0,39.35,S
2021-06-14T13:53:39,700.0,39.35,S
2021-06-14T13:53:39,1700.0,39.35,S
2021-06-14T13:53:39,1800.0,39.35,S
2021-06-14T13:53:39,100.0,39.35,S
2021-06-14T13:53:39,8100.0,39.35,S
2021-06-14T13:53:31,100.0,39.4,S
2021-06-14T13:53:30,100.0,39.4,S
2021-06-14T13:53:29,300.0,39.4,S
2021-06-14T13:53:21,700.0,39.35,S
2021-06-14T13:53:21,1200.0,39.35,S
2021-06-14T13:53:21,1000.0,39.35,S
2021-06-14T13:53:20,300.0,39.35,S
2021-06-14T13:53:20,1000.0,39.35,S
2021-06-14T13:53:20,200.0,39.35,S
2021-06-14T13:53:20,100.0,39.35,S
2021-06-14T13:53:20,5000.0,39.35,S
2021-06-14T13:53:19,500.0,39.4,S
2021-06-14T13:53:18,100.0,39.4,S
2021-06-14T13:53:15,4000.0,39.35,S
2021-06-14T13:53:14,5000.0,39.35,S
2021-06-14T13:53:12,200.0,39.4,S
2021-06-14T13:53:06,100.0,39.4,S
2021-06-14T13:53:05,800.0,39.35,S
2021-06-14T13:53:05,16700.0,39.4,S
2021-06-14T13:53:04,100.0,39.35,S
2021-06-14T13:53:04,8400.0,39.35,S
2021-06-14T13:53:03,2000.0,39.4,S
2021-06-14T13:53:00,700.0,39.4,S
2021-06-14T13:52:59,100.0,39.4,S
2021-06-14T13:52:54,1200.0,39.4,S
2021-06-14T13:52:51,200.0,39.4,S
2021-06-14T13:52:50,2000.0,39.4,S
2021-06-14T13:52:49,200.0,39.35,S
2021-06-14T13:52:47,5600.0,39.35,S
2021-06-14T13:52:47,300.0,39.35,S
2021-06-14T13:52:47,1900.0,39.35,S
2021-06-14T13:52:43,300.0,39.4,S
2021-06-14T13:52:43,400.0,39.4,S
2021-06-14T13:52:43,100.0,39.4,S
2021-06-14T13:52:41,100.0,39.4,S
2021-06-14T13:52:40,400.0,39.4,S
2021-06-14T13:52:40,1400.0,39.4,S
2021-06-14T13:52:40,600.0,39.4,S
2021-06-14T13:52:37,2000.0,39.45,B
2021-06-14T13:52:35,200.0,39.45,B
2021-06-14T13:52:33,100.0,39.4,S
2021-06-14T13:52:33,900.0,39.4,S
2021-06-14T13:52:29,2000.0,39.45,B
2021-06-14T13:52:26,300.0,39.4,S
2021-06-14T13:52:23,100.0,39.35,S
2021-06-14T13:52:22,500.0,39.4,S
2021-06-14T13:52:21,4000.0,39.35,S
2021-06-14T13:52:21,500.0,39.4,S
2021-06-14T13:52:21,2200.0,39.4,S
2021-06-14T13:52:20,100.0,39.4,S
2021-06-14T13:52:19,700.0,39.4,S
2021-06-14T13:52:18,100.0,39.45,B
2021-06-14T13:52:18,900.0,39.4,S
2021-06-14T13:52:17,9100.0,39.4,S
2021-06-14T13:52:15,1200.0,39.4,S
2021-06-14T13:52:12,900.0,39.45,B
2021-06-14T13:52:12,100.0,39.4,S
2021-06-14T13:52:11,500.0,39.4,S
2021-06-14T13:52:09,200.0,39.45,B
2021-06-14T13:52:09,300.0,39.4,S
2021-06-14T13:52:05,200.0,39.4,S
2021-06-14T13:52:05,500.0,39.35,S
2021-06-14T13:52:03,400.0,39.4,S
2021-06-14T13:52:03,600.0,39.4,S
2021-06-14T13:52:02,2000.0,39.4,S
2021-06-14T13:52:01,1000.0,39.4,S
2021-06-14T13:52:00,500.0,39.35,S
2021-06-14T13:52:00,100.0,39.4,S
2021-06-14T13:51:56,200.0,39.4,S
2021-06-14T13:51:51,700.0,39.4,S
2021-06-14T13:51:50,100.0,39.4,S
2021-06-14T13:51:49,200.0,39.35,S
2021-06-14T13:51:49,1800.0,39.35,S
2021-06-14T13:51:49,100.0,39.4,S
2021-06-14T13:51:47,100.0,39.4,S
2021-06-14T13:51:45,2000.0,39.4,S
2021-06-14T13:51:45,2200.0,39.4,S
2021-06-14T13:51:41,500.0,39.4,S
2021-06-14T13:51:38,6400.0,39.4,S
2021-06-14T13:51:38,3000.0,39.4,S
2021-06-14T13:51:38,700.0,39.4,S
2021-06-14T13:51:38,3100.0,39.4,S
2021-06-14T13:51:38,16800.0,39.4,S
2021-06-14T13:51:34,2000.0,39.45,B
2021-06-14T13:51:24,3400.0,39.45,B
2021-06-14T13:51:23,500.0,39.4,S
2021-06-14T13:51:16,37400.0,39.4,S
2021-06-14T13:51:13,200.0,39.4,S
2021-06-14T13:51:13,1000.0,39.4,S
2021-06-14T13:51:12,2900.0,39.4,S
2021-06-14T13:51:12,10200.0,39.4,S
2021-06-14T13:51:12,2200.0,39.4,S
2021-06-14T13:51:12,500.0,39.4,S
2021-06-14T13:51:12,200.0,39.4,S
2021-06-14T13:51:12,1200.0,39.4,S
2021-06-14T13:51:12,2900.0,39.4,S
2021-06-14T13:51:12,200.0,39.4,S
2021-06-14T13:51:12,100.0,39.4,S
2021-06-14T13:51:12,200.0,39.4,S
2021-06-14T13:51:12,5000.0,39.4,S
2021-06-14T13:51:12,1600.0,39.4,S
2021-06-14T13:51:12,10700.0,39.4,S
2021-06-14T13:51:12,200.0,39.4,S
2021-06-14T13:51:12,3100.0,39.4,S
2021-06-14T13:51:12,1000.0,39.4,S
2021-06-14T13:51:12,100.0,39.4,S
2021-06-14T13:51:12,1700.0,39.4,S
2021-06-14T13:51:12,100.0,39.4,S
2021-06-14T13:51:12,2700.0,39.4,S
2021-06-14T13:51:12,100.0,39.4,S
2021-06-14T13:51:12,2100.0,39.4,S
2021-06-14T13:51:12,200.0,39.4,S
2021-06-14T13:51:12,2200.0,39.4,S
2021-06-14T13:51:12,2300.0,39.4,S
2021-06-14T13:51:12,1700.0,39.4,S
2021-06-14T13:51:12,6100.0,39.4,S
2021-06-14T13:51:10,2500.0,39.45,B
2021-06-14T13:51:09,1700.0,39.45,B
2021-06-14T13:51:06,3000.0,39.45,B
2021-06-14T13:51:04,10000.0,39.45,B
2021-06-14T13:51:03,2000.0,39.45,B
2021-06-14T13:51:03,100.0,39.4,S
2021-06-14T13:51:00,3100.0,39.4,S
2021-06-14T13:51:00,100.0,39.4,S
2021-06-14T13:51:00,6300.0,39.4,S
2021-06-14T13:51:00,700.0,39.4,S
2021-06-14T13:51:00,9300.0,39.4,S
2021-06-14T13:50:58,7300.0,39.45,B
2021-06-14T13:50:58,200.0,39.45,B
2021-06-14T13:50:58,1500.0,39.45,B
2021-06-14T13:50:58,4200.0,39.45,B
2021-06-14T13:50:58,36800.0,39.45,B
2021-06-14T13:50:56,2500.0,39.4,S
2021-06-14T13:50:52,3000.0,39.4,S
2021-06-14T13:50:49,2500.0,39.4,S
2021-06-14T13:50:47,300.0,39.4,S
2021-06-14T13:50:47,300.0,39.4,S
2021-06-14T13:50:47,1000.0,39.4,S
2021-06-14T13:50:44,100.0,39.4,S
2021-06-14T13:50:44,500.0,39.4,S
2021-06-14T13:50:44,600.0,39.4,S
2021-06-14T13:50:44,7300.0,39.4,S
2021-06-14T13:50:41,100.0,39.45,B
2021-06-14T13:50:32,5000.0,39.4,S
2021-06-14T13:50:31,3000.0,39.45,B
2021-06-14T13:50:31,5100.0,39.4,S
2021-06-14T13:50:20,500.0,39.4,S
2021-06-14T13:50:12,1000.0,39.45,B
2021-06-14T13:50:10,800.0,39.45,B
2021-06-14T13:50:08,2000.0,39.4,S
2021-06-14T13:50:05,500.0,39.4,S
2021-06-14T13:50:04,5000.0,39.4,S
2021-06-14T13:50:03,400.0,39.4,S
2021-06-14T13:50:01,1000.0,39.45,B
2021-06-14T13:49:56,400.0,39.4,S
2021-06-14T13:49:54,500.0,39.4,S
2021-06-14T13:49:53,800.0,39.4,S
2021-06-14T13:49:52,5500.0,39.4,S
2021-06-14T13:49:52,2400.0,39.4,S
2021-06-14T13:49:52,13900.0,39.4,S
2021-06-14T13:49:51,5000.0,39.45,B
2021-06-14T13:49:50,5000.0,39.45,B
2021-06-14T13:49:47,900.0,39.4,S
2021-06-14T13:49:47,9100.0,39.4,S
2021-06-14T13:49:44,500.0,39.4,S
2021-06-14T13:49:44,1400.0,39.4,S
2021-06-14T13:49:44,3700.0,39.4,S
2021-06-14T13:49:44,3300.0,39.4,S
2021-06-14T13:49:44,1500.0,39.4,S
2021-06-14T13:49:44,3200.0,39.4,S
2021-06-14T13:49:35,900.0,39.4,S
2021-06-14T13:49:35,100.0,39.4,S
2021-06-14T13:49:34,3400.0,39.4,S
2021-06-14T13:49:33,500.0,39.4,S
2021-06-14T13:49:28,2000.0,39.45,B
2021-06-14T13:49:26,2800.0,39.4,S
2021-06-14T13:49:25,6000.0,39.4,S
2021-06-14T13:49:20,5000.0,39.45,B
2021-06-14T13:49:17,3000.0,39.4,S
2021-06-14T13:49:14,8500.0,39.4,S
2021-06-14T13:49:12,3000.0,39.4,S
2021-06-14T13:49:11,200.0,39.4,S
2021-06-14T13:49:10,100.0,39.4,S
2021-06-14T13:49:08,6400.0,39.45,B
2021-06-14T13:49:04,1000.0,39.4,S
2021-06-14T13:49:04,5000.0,39.4,S
2021-06-14T13:49:03,2100.0,39.4,S
2021-06-14T13:49:01,3600.0,39.4,S
2021-06-14T13:49:01,2000.0,39.4,S
2021-06-14T13:49:01,700.0,39.4,S
2021-06-14T13:49:01,1100.0,39.4,S
2021-06-14T13:49:00,3000.0,39.4,S
2021-06-14T13:49:00,2500.0,39.4,S
2021-06-14T13:49:00,1600.0,39.4,S
2021-06-14T13:49:00,200.0,39.4,S
2021-06-14T13:49:00,7300.0,39.4,S
2021-06-14T13:49:00,2800.0,39.4,S
2021-06-14T13:49:00,15200.0,39.4,S
2021-06-14T13:48:58,2800.0,39.4,S
2021-06-14T13:48:51,300.0,39.4,S
2021-06-14T13:48:50,10000.0,39.45,B
2021-06-14T13:48:49,1400.0,39.4,S
2021-06-14T13:48:49,11000.0,39.45,B
2021-06-14T13:48:42,5000.0,39.4,S
2021-06-14T13:48:41,2000.0,39.4,S
2021-06-14T13:48:39,700.0,39.45,B
2021-06-14T13:48:38,1000.0,39.4,S
2021-06-14T13:48:38,500.0,39.4,S
2021-06-14T13:48:38,120000.0,39.4,S
2021-06-14T13:48:37,20000.0,39.45,B
2021-06-14T13:48:31,5000.0,39.4,S
2021-06-14T13:48:31,1800.0,39.4,S
2021-06-14T13:48:28,3500.0,39.4,S
2021-06-14T13:48:28,2800.0,39.4,S
2021-06-14T13:48:28,3600.0,39.4,S
2021-06-14T13:48:26,2000.0,39.45,B
2021-06-14T13:48:26,300.0,39.4,S
2021-06-14T13:48:26,100.0,39.4,S
2021-06-14T13:48:26,100.0,39.4,S
2021-06-14T13:48:26,2200.0,39.4,S
2021-06-14T13:48:26,1100.0,39.4,S
2021-06-14T13:48:26,300.0,39.4,S
2021-06-14T13:48:25,7900.0,39.4,S
2021-06-14T13:48:22,500.0,39.4,S
2021-06-14T13:48:20,1000.0,39.4,S
2021-06-14T13:48:14,1500.0,39.4,S
2021-06-14T13:48:10,7600.0,39.4,S
2021-06-14T13:48:10,1700.0,39.4,S
2021-06-14T13:48:10,2300.0,39.4,S
2021-06-14T13:48:10,700.0,39.4,S
2021-06-14T13:48:10,300.0,39.4,S
2021-06-14T13:47:54,200.0,39.4,S
2021-06-14T13:47:52,1500.0,39.4,S
2021-06-14T13:47:51,10000.0,39.45,B
2021-06-14T13:47:23,1000.0,39.45,B
2021-06-14T13:47:23,1000.0,39.4,S
2021-06-14T13:47:20,400.0,39.4,S
2021-06-14T13:47:18,500.0,39.4,S
2021-06-14T13:47:11,200.0,39.4,S
2021-06-14T13:47:10,500.0,39.4,S
2021-06-14T13:47:01,1200.0,39.4,S
2021-06-14T13:46:53,200.0,39.4,S
2021-06-14T13:46:52,200.0,39.4,S
2021-06-14T13:46:52,6000.0,39.4,S
2021-06-14T13:46:52,5000.0,39.4,S
2021-06-14T13:46:52,500.0,39.4,S
2021-06-14T13:46:49,4000.0,39.4,S
2021-06-14T13:46:49,1800.0,39.4,S
2021-06-14T13:46:49,1300.0,39.4,S
2021-06-14T13:46:49,12900.0,39.4,S
2021-06-14T13:46:46,10000.0,39.4,S
2021-06-14T13:46:46,3000.0,39.4,S
2021-06-14T13:46:46,100.0,39.4,S
2021-06-14T13:46:43,2400.0,39.45,B
2021-06-14T13:46:42,6000.0,39.45,B
2021-06-14T13:46:42,200.0,39.45,B
2021-06-14T13:46:39,100.0,39.45,B
2021-06-14T13:46:37,1700.0,39.4,S
2021-06-14T13:46:32,2100.0,39.4,S
2021-06-14T13:46:31,200.0,39.4,S
2021-06-14T13:46:31,400.0,39.4,S
2021-06-14T13:46:31,100.0,39.4,S
2021-06-14T13:46:31,1100.0,39.4,S
2021-06-14T13:46:31,200.0,39.4,S
2021-06-14T13:46:31,2300.0,39.4,S
2021-06-14T13:46:31,900.0,39.4,S
2021-06-14T13:46:29,2000.0,39.4,S
2021-06-14T13:46:29,13500.0,39.4,S
2021-06-14T13:46:29,2200.0,39.4,S
2021-06-14T13:46:29,1000.0,39.4,S
2021-06-14T13:46:29,3300.0,39.4,S
2021-06-14T13:46:27,200.0,39.4,S
2021-06-14T13:46:24,100.0,39.4,S
2021-06-14T13:46:23,5000.0,39.45,B
2021-06-14T13:46:20,500.0,39.4,S
2021-06-14T13:46:16,500.0,39.4,S
2021-06-14T13:46:13,1000.0,39.4,S
2021-06-14T13:46:12,5000.0,39.4,S
2021-06-14T13:46:09,100.0,39.4,S
2021-06-14T13:46:08,5000.0,39.45,B
2021-06-14T13:46:08,200.0,39.45,B
2021-06-14T13:45:58,1400.0,39.45,B
2021-06-14T13:45:52,100.0,39.45,B
2021-06-14T13:45:49,3000.0,39.45,B
2021-06-14T13:45:45,2000.0,39.45,B
2021-06-14T13:45:43,500.0,39.45,B
2021-06-14T13:45:43,3000.0,39.4,S
2021-06-14T13:45:39,100.0,39.4,S
2021-06-14T13:45:39,5000.0,39.4,S
2021-06-14T13:45:38,300.0,39.4,S
2021-06-14T13:45:32,10000.0,39.4,S
2021-06-14T13:45:32,100.0,39.4,S
2021-06-14T13:45:27,1900.0,39.4,S
2021-06-14T13:45:21,300.0,39.4,S
2021-06-14T13:45:19,600.0,39.45,B
2021-06-14T13:45:18,100.0,39.45,B
2021-06-14T13:45:12,200.0,39.45,B
2021-06-14T13:45:11,300.0,39.4,S
2021-06-14T13:45:11,1700.0,39.4,S
2021-06-14T13:45:11,700.0,39.4,S
2021-06-14T13:45:11,4300.0,39.4,S
2021-06-14T13:45:11,400.0,39.4,S
2021-06-14T13:45:11,600.0,39.4,S
2021-06-14T13:45:11,6000.0,39.4,S
2021-06-14T13:45:05,300.0,39.4,S
2021-06-14T13:45:05,1600.0,39.4,S
2021-06-14T13:45:05,1600.0,39.4,S
2021-06-14T13:45:05,100.0,39.4,S
2021-06-14T13:45:05,1300.0,39.4,S
2021-06-14T13:45:05,5200.0,39.4,S
2021-06-14T13:44:57,1000.0,39.45,B
2021-06-14T13:44:56,1800.0,39.4,S
2021-06-14T13:44:56,2300.0,39.4,S
2021-06-14T13:44:56,100.0,39.4,S
2021-06-14T13:44:56,2000.0,39.4,S
2021-06-14T13:44:56,2600.0,39.4,S
2021-06-14T13:44:56,2500.0,39.4,S
2021-06-14T13:44:56,700.0,39.4,S
2021-06-14T13:44:56,500.0,39.4,S
2021-06-14T13:44:56,500.0,39.4,S
2021-06-14T13:44:56,200.0,39.4,S
2021-06-14T13:44:56,400.0,39.4,S
2021-06-14T13:44:56,6900.0,39.4,S
2021-06-14T13:44:56,200.0,39.4,S
2021-06-14T13:44:56,12700.0,39.4,S
2021-06-14T13:44:56,200.0,39.4,S
2021-06-14T13:44:56,300.0,39.4,S
2021-06-14T13:44:56,2100.0,39.4,S
2021-06-14T13:44:56,500.0,39.4,S
2021-06-14T13:44:56,200.0,39.4,S
2021-06-14T13:44:56,1500.0,39.4,S
2021-06-14T13:44:56,5700.0,39.4,S
2021-06-14T13:44:56,3800.0,39.4,S
2021-06-14T13:44:56,5400.0,39.4,S
2021-06-14T13:44:56,2300.0,39.4,S
2021-06-14T13:44:56,400.0,39.4,S
2021-06-14T13:44:56,200.0,39.4,S
2021-06-14T13:44:56,100.0,39.4,S
2021-06-14T13:44:55,1600.0,39.4,S
2021-06-14T13:44:55,400.0,39.4,S
2021-06-14T13:44:55,100.0,39.4,S
2021-06-14T13:44:55,500.0,39.4,S
2021-06-14T13:44:55,200.0,39.4,S
2021-06-14T13:44:55,1100.0,39.4,S
2021-06-14T13:44:55,2100.0,39.4,S
2021-06-14T13:44:55,3100.0,39.4,S
2021-06-14T13:44:55,1700.0,39.4,S
2021-06-14T13:44:55,3300.0,39.4,S
2021-06-14T13:44:55,1200.0,39.4,S
2021-06-14T13:44:55,2200.0,39.4,S
2021-06-14T13:44:55,700.0,39.4,S
2021-06-14T13:44:55,1300.0,39.4,S
2021-06-14T13:44:55,100.0,39.4,S
2021-06-14T13:44:55,4100.0,39.4,S
2021-06-14T13:44:55,300.0,39.4,S
2021-06-14T13:44:55,500.0,39.4,S
2021-06-14T13:44:55,700.0,39.4,S
2021-06-14T13:44:54,500.0,39.4,S
2021-06-14T13:44:54,2200.0,39.4,S
2021-06-14T13:44:54,500.0,39.4,S
2021-06-14T13:44:54,600.0,39.4,S
2021-06-14T13:44:54,500.0,39.4,S
2021-06-14T13:44:54,3300.0,39.4,S
2021-06-14T13:44:54,11100.0,39.4,S
2021-06-14T13:44:50,2000.0,39.4,S
2021-06-14T13:44:48,700.0,39.45,B
2021-06-14T13:44:42,500.0,39.45,B
2021-06-14T13:44:38,100.0,39.45,B
2021-06-14T13:44:36,500.0,39.4,S
2021-06-14T13:44:33,500.0,39.4,S
2021-06-14T13:44:32,500.0,39.4,S
2021-06-14T13:44:31,100.0,39.4,S
2021-06-14T13:44:30,300.0,39.4,S
2021-06-14T13:44:30,1000.0,39.45,B
2021-06-14T13:44:30,300.0,39.4,S
2021-06-14T13:44:30,3000.0,39.45,B
2021-06-14T13:44:27,100.0,39.4,S
2021-06-14T13:44:23,100.0,39.45,B
2021-06-14T13:44:22,1000.0,39.45,B
2021-06-14T13:44:12,100.0,39.45,B
2021-06-14T13:44:10,2000.0,39.4,S
2021-06-14T13:44:08,500.0,39.4,S
2021-06-14T13:44:08,4000.0,39.45,B
2021-06-14T13:44:06,4000.0,39.4,S
2021-06-14T13:44:01,1500.0,39.45,B
2021-06-14T13:43:59,3900.0,39.4,S
2021-06-14T13:43:59,400.0,39.4,S
2021-06-14T13:43:59,1200.0,39.4,S
2021-06-14T13:43:59,2000.0,39.4,S
2021-06-14T13:43:59,8200.0,39.4,S
2021-06-14T13:43:59,2000.0,39.4,S
2021-06-14T13:43:59,700.0,39.4,S
2021-06-14T13:43:59,1600.0,39.4,S
2021-06-14T13:43:52,100.0,39.45,B
2021-06-14T13:43:51,3000.0,39.45,B
2021-06-14T13:43:47,2000.0,39.4,S
2021-06-14T13:43:46,1000.0,39.45,B
2021-06-14T13:43:45,200.0,39.45,B
2021-06-14T13:43:44,5200.0,39.45,B
2021-06-14T13:43:43,3400.0,39.4,S
2021-06-14T13:43:43,14100.0,39.4,S
2021-06-14T13:43:43,100.0,39.4,S
2021-06-14T13:43:43,200.0,39.4,S
2021-06-14T13:43:43,500.0,39.4,S
2021-06-14T13:43:43,2500.0,39.4,S
2021-06-14T13:43:43,700.0,39.4,S
2021-06-14T13:43:43,100.0,39.4,S
2021-06-14T13:43:43,61000.0,39.4,S
2021-06-14T13:43:43,17400.0,39.4,S
2021-06-14T13:43:42,8500.0,39.4,S
2021-06-14T13:43:42,9600.0,39.4,S
2021-06-14T13:43:42,5600.0,39.4,S
2021-06-14T13:43:41,200.0,39.4,S
2021-06-14T13:43:41,6100.0,39.4,S
2021-06-14T13:43:36,300.0,39.4,S
2021-06-14T13:43:32,5200.0,39.45,B
2021-06-14T13:43:30,900.0,39.45,B
2021-06-14T13:43:30,8600.0,39.4,S
2021-06-14T13:43:30,600.0,39.4,S
2021-06-14T13:43:30,200.0,39.4,S
2021-06-14T13:43:30,1600.0,39.4,S
2021-06-14T13:43:30,2100.0,39.4,S
2021-06-14T13:43:30,6900.0,39.4,S
2021-06-14T13:43:26,2000.0,39.4,S
2021-06-14T13:43:24,200.0,39.45,B
2021-06-14T13:43:24,500.0,39.45,B
2021-06-14T13:43:22,1000.0,39.45,B
2021-06-14T13:43:21,1000.0,39.4,S
2021-06-14T13:43:21,1100.0,39.4,S
2021-06-14T13:43:19,600.0,39.45,B
2021-06-14T13:43:10,6900.0,39.4,S
2021-06-14T13:43:09,32100.0,39.45,B
2021-06-14T13:43:03,1000.0,39.45,B
2021-06-14T13:42:54,100.0,39.45,B
2021-06-14T13:42:50,100.0,39.45,B
2021-06-14T13:42:47,1000.0,39.45,B
2021-06-14T13:42:47,600.0,39.4,S
2021-06-14T13:42:42,100.0,39.45,B
2021-06-14T13:42:37,1300.0,39.4,S
2021-06-14T13:42:37,400.0,39.4,S
2021-06-14T13:42:37,9800.0,39.45,B
2021-06-14T13:42:37,2000.0,39.45,B
2021-06-14T13:42:37,1700.0,39.45,B
2021-06-14T13:42:37,100.0,39.45,B
2021-06-14T13:42:37,7200.0,39.45,B
2021-06-14T13:42:37,200.0,39.45,B
2021-06-14T13:42:37,12500.0,39.45,B
2021-06-14T13:42:37,5000.0,39.4,S
2021-06-14T13:42:36,2000.0,39.4,S
2021-06-14T13:42:34,200.0,39.45,B
2021-06-14T13:42:34,200.0,39.4,S
2021-06-14T13:42:31,5000.0,39.4,S
2021-06-14T13:42:29,100.0,39.45,B
2021-06-14T13:42:27,3000.0,39.4,S
2021-06-14T13:42:26,1000.0,39.45,B
2021-06-14T13:42:25,1200.0,39.4,S
2021-06-14T13:42:24,1800.0,39.4,S
2021-06-14T13:42:23,5000.0,39.45,B
2021-06-14T13:42:20,100.0,39.4,S
2021-06-14T13:42:18,4000.0,39.45,B
2021-06-14T13:42:16,2000.0,39.4,S
2021-06-14T13:42:15,100.0,39.45,B
2021-06-14T13:42:14,200.0,39.45,B
2021-06-14T13:42:11,200.0,39.45,B
2021-06-14T13:42:06,200.0,39.45,B
2021-06-14T13:42:05,1100.0,39.4,S
2021-06-14T13:42:05,100.0,39.4,S
2021-06-14T13:42:05,3200.0,39.4,S
2021-06-14T13:42:05,300.0,39.4,S
2021-06-14T13:42:05,5300.0,39.4,S
2021-06-14T13:42:02,700.0,39.45,B
2021-06-14T13:42:00,500.0,39.45,B
2021-06-14T13:41:58,1000.0,39.45,B
2021-06-14T13:41:54,2500.0,39.45,B
2021-06-14T13:41:50,200.0,39.4,S
2021-06-14T13:41:47,300.0,39.45,B
2021-06-14T13:41:47,2000.0,39.45,B
2021-06-14T13:41:47,500.0,39.4,S
2021-06-14T13:41:43,10000.0,39.4,S
2021-06-14T13:41:43,100.0,39.45,B
2021-06-14T13:41:43,100.0,39.45,B
2021-06-14T13:41:42,5000.0,39.4,S
2021-06-14T13:41:39,300.0,39.45,B
2021-06-14T13:41:39,1800.0,39.4,S
2021-06-14T13:41:39,1300.0,39.4,S
2021-06-14T13:41:39,2200.0,39.4,S
2021-06-14T13:41:39,2200.0,39.4,S
2021-06-14T13:41:39,2000.0,39.4,S
2021-06-14T13:41:39,400.0,39.4,S
2021-06-14T13:41:28,300.0,39.45,B
2021-06-14T13:41:27,200.0,39.45,B
2021-06-14T13:41:25,4900.0,39.45,B
2021-06-14T13:41:25,100.0,39.4,S
2021-06-14T13:41:25,800.0,39.4,S
2021-06-14T13:41:25,3000.0,39.4,S
2021-06-14T13:41:22,5300.0,39.45,B
2021-06-14T13:41:22,500.0,39.45,B
2021-06-14T13:41:22,100.0,39.45,B
2021-06-14T13:41:22,100.0,39.4,S
2021-06-14T13:41:22,2900.0,39.4,S
2021-06-14T13:41:21,10000.0,39.45,B
2021-06-14T13:41:18,100.0,39.45,B
2021-06-14T13:41:12,500.0,39.4,S
2021-06-14T13:41:11,1700.0,39.45,B
2021-06-14T13:41:10,2700.0,39.4,S
2021-06-14T13:41:09,1500.0,39.45,B
2021-06-14T13:41:04,200.0,39.45,B
2021-06-14T13:41:01,1200.0,39.4,S
2021-06-14T13:41:00,1400.0,39.4,S
2021-06-14T13:41:00,700.0,39.4,S
2021-06-14T13:41:00,1100.0,39.4,S
2021-06-14T13:41:00,2400.0,39.4,S
2021-06-14T13:41:00,1900.0,39.4,S
2021-06-14T13:41:00,7100.0,39.4,S
2021-06-14T13:41:00,300.0,39.4,S
2021-06-14T13:41:00,600.0,39.4,S
2021-06-14T13:41:00,700.0,39.4,S
2021-06-14T13:41:00,2200.0,39.4,S
2021-06-14T13:41:00,1000.0,39.4,S
2021-06-14T13:40:59,600.0,39.4,S
2021-06-14T13:40:57,400.0,39.4,S
2021-06-14T13:40:57,1700.0,39.4,S
2021-06-14T13:40:57,1200.0,39.4,S
2021-06-14T13:40:57,1600.0,39.4,S
2021-06-14T13:40:57,1500.0,39.4,S
2021-06-14T13:40:57,3600.0,39.4,S
2021-06-14T13:40:52,1500.0,39.45,B
2021-06-14T13:40:49,2000.0,39.45,B
2021-06-14T13:40:45,5000.0,39.4,S
2021-06-14T13:40:36,100.0,39.4,S
2021-06-14T13:40:29,1200.0,39.4,S
2021-06-14T13:40:29,5500.0,39.4,S
2021-06-14T13:40:29,1100.0,39.4,S
2021-06-14T13:40:29,1800.0,39.4,S
2021-06-14T13:40:29,800.0,39.4,S
2021-06-14T13:40:29,2800.0,39.4,S
2021-06-14T13:40:29,3000.0,39.4,S
2021-06-14T13:40:28,5000.0,39.4,S
2021-06-14T13:40:27,500.0,39.4,S
2021-06-14T13:40:24,100.0,39.45,B
2021-06-14T13:40:23,200.0,39.45,B
2021-06-14T13:40:22,100.0,39.45,B
2021-06-14T13:40:21,300.0,39.4,S
2021-06-14T13:40:20,1000.0,39.45,B
2021-06-14T13:40:17,5300.0,39.45,B
2021-06-14T13:40:17,100.0,39.45,B
2021-06-14T13:40:16,2000.0,39.45,B
2021-06-14T13:40:14,300.0,39.45,B
2021-06-14T13:40:13,14100.0,39.4,S
2021-06-14T13:40:13,4000.0,39.4,S
2021-06-14T13:40:13,1200.0,39.4,S
2021-06-14T13:40:13,4100.0,39.4,S
2021-06-14T13:40:13,1100.0,39.4,S
2021-06-14T13:40:13,200.0,39.4,S
2021-06-14T13:40:13,500.0,39.4,S
2021-06-14T13:40:13,300.0,39.4,S
2021-06-14T13:40:13,24500.0,39.4,S
2021-06-14T13:40:11,3800.0,39.4,S
2021-06-14T13:40:11,100.0,39.4,S
2021-06-14T13:40:11,5200.0,39.4,S
2021-06-14T13:40:11,600.0,39.4,S
2021-06-14T13:40:11,300.0,39.4,S
2021-06-14T13:40:11,800.0,39.4,S
2021-06-14T13:40:11,1700.0,39.4,S
2021-06-14T13:40:11,200.0,39.4,S
2021-06-14T13:40:11,100.0,39.4,S
2021-06-14T13:40:11,600.0,39.4,S
2021-06-14T13:40:11,4000.0,39.4,S
2021-06-14T13:40:11,600.0,39.4,S
2021-06-14T13:40:11,1000.0,39.4,S
2021-06-14T13:40:11,100.0,39.45,B
2021-06-14T13:40:10,2500.0,39.45,B
2021-06-14T13:40:08,200.0,39.45,B
2021-06-14T13:40:04,6300.0,39.4,S
2021-06-14T13:40:04,2600.0,39.4,S
2021-06-14T13:40:04,1300.0,39.4,S
2021-06-14T13:40:04,6500.0,39.4,S
2021-06-14T13:40:04,1200.0,39.4,S
2021-06-14T13:40:04,2100.0,39.4,S
2021-06-14T13:39:59,200.0,39.45,B
2021-06-14T13:39:55,2100.0,39.4,S
2021-06-14T13:39:54,2500.0,39.45,B
2021-06-14T13:39:49,100.0,39.45,B
2021-06-14T13:39:48,100.0,39.45,B
2021-06-14T13:39:45,3000.0,39.45,B
2021-06-14T13:39:45,1000.0,39.45,B
2021-06-14T13:39:44,39700.0,39.45,B
2021-06-14T13:39:40,800.0,39.45,B
2021-06-14T13:39:39,1000.0,39.45,B
2021-06-14T13:39:37,1000.0,39.45,B
2021-06-14T13:39:35,1000.0,39.45,B
2021-06-14T13:39:34,200.0,39.45,B
2021-06-14T13:39:34,500.0,39.45,B
2021-06-14T13:39:31,200.0,39.45,S
2021-06-14T13:39:27,300.0,39.4,S
2021-06-14T13:39:27,200.0,39.4,S
2021-06-14T13:39:26,9500.0,39.4,S
2021-06-14T13:39:26,100.0,39.45,S
2021-06-14T13:39:20,3000.0,39.45,S
2021-06-14T13:39:19,100.0,39.45,S
2021-06-14T13:39:13,100.0,39.45,S
2021-06-14T13:39:12,1000.0,39.45,S
2021-06-14T13:39:12,3000.0,39.45,S
2021-06-14T13:39:11,100.0,39.45,S
2021-06-14T13:39:11,500.0,39.4,S
2021-06-14T13:39:11,100.0,39.45,S
2021-06-14T13:39:09,20300.0,39.45,S
2021-06-14T13:39:09,1000.0,39.45,S
2021-06-14T13:39:09,1300.0,39.45,S
2021-06-14T13:39:09,300.0,39.45,S
2021-06-14T13:39:09,2000.0,39.45,S
2021-06-14T13:39:08,98900.0,39.45,S
2021-06-14T13:39:06,500.0,39.45,S
2021-06-14T13:39:06,100.0,39.5,B
2021-06-14T13:39:04,400.0,39.45,S
2021-06-14T13:39:02,4500.0,39.45,S
2021-06-14T13:38:59,4300.0,39.45,S
2021-06-14T13:38:59,3800.0,39.45,S
2021-06-14T13:38:59,1700.0,39.45,S
2021-06-14T13:38:54,2000.0,39.5,B
2021-06-14T13:38:51,300.0,39.45,S
2021-06-14T13:38:47,200.0,39.5,B
2021-06-14T13:38:46,200.0,39.5,B
2021-06-14T13:38:45,100.0,39.45,S
2021-06-14T13:38:39,11000.0,39.5,B
2021-06-14T13:38:38,1000.0,39.5,B
2021-06-14T13:38:38,2400.0,39.5,B
2021-06-14T13:38:32,100.0,39.5,B
2021-06-14T13:38:30,300.0,39.45,S
2021-06-14T13:38:28,100.0,39.5,B
2021-06-14T13:38:26,100.0,39.5,B
2021-06-14T13:38:25,10000.0,39.45,S
2021-06-14T13:38:24,100.0,39.5,B
2021-06-14T13:38:21,2400.0,39.45,S
2021-06-14T13:38:17,1100.0,39.45,S
2021-06-14T13:38:13,1100.0,39.5,B
2021-06-14T13:38:07,1000.0,39.45,S
2021-06-14T13:38:05,23700.0,39.45,S
2021-06-14T13:38:02,1500.0,39.5,B
2021-06-14T13:38:00,3000.0,39.45,S
2021-06-14T13:37:59,500.0,39.45,S
2021-06-14T13:37:55,500.0,39.5,B
2021-06-14T13:37:52,100.0,39.45,S
2021-06-14T13:37:52,500.0,39.45,S
2021-06-14T13:37:49,2300.0,39.5,B
2021-06-14T13:37:48,200.0,39.5,B
2021-06-14T13:37:44,1500.0,39.45,S
2021-06-14T13:37:43,500.0,39.5,B
2021-06-14T13:37:42,300.0,39.45,S
2021-06-14T13:37:41,500.0,39.45,S
2021-06-14T13:37:41,500.0,39.5,B
2021-06-14T13:37:41,500.0,39.45,S
2021-06-14T13:37:38,200.0,39.45,S
2021-06-14T13:37:38,3000.0,39.45,S
2021-06-14T13:37:37,1000.0,39.5,B
2021-06-14T13:37:35,2000.0,39.45,S
2021-06-14T13:37:28,500.0,39.5,B
2021-06-14T13:37:28,1000.0,39.45,S
2021-06-14T13:37:22,100.0,39.45,S
2021-06-14T13:37:22,2000.0,39.45,S
2021-06-14T13:37:14,300.0,39.5,B
2021-06-14T13:37:13,500.0,39.45,S
2021-06-14T13:37:11,2000.0,39.4,S
2021-06-14T13:37:11,1500.0,39.45,S
2021-06-14T13:37:09,200.0,39.5,B
2021-06-14T13:37:07,100.0,39.5,B
2021-06-14T13:36:55,3500.0,39.4,S
2021-06-14T13:36:55,500.0,39.4,S
2021-06-14T13:36:54,1500.0,39.4,S
2021-06-14T13:36:54,1500.0,39.4,S
2021-06-14T13:36:54,1100.0,39.4,S
2021-06-14T13:36:54,900.0,39.4,S
2021-06-14T13:36:54,1000.0,39.45,S
2021-06-14T13:36:54,100.0,39.5,B
2021-06-14T13:36:49,300.0,39.4,S
2021-06-14T13:36:48,500.0,39.5,B
2021-06-14T13:36:47,1000.0,39.45,S
2021-06-14T13:36:47,100.0,39.45,S
2021-06-14T13:36:47,100.0,39.45,S
2021-06-14T13:36:47,7000.0,39.5,B
2021-06-14T13:36:43,400.0,39.5,B
2021-06-14T13:36:31,700.0,39.4,S
2021-06-14T13:36:31,1000.0,39.5,B
2021-06-14T13:36:30,2400.0,39.4,S
2021-06-14T13:36:30,400.0,39.4,S
2021-06-14T13:36:30,1000.0,39.4,S
2021-06-14T13:36:30,2100.0,39.4,S
2021-06-14T13:36:30,3100.0,39.4,S
2021-06-14T13:36:30,3100.0,39.4,S
2021-06-14T13:36:29,800.0,39.4,S
2021-06-14T13:36:29,200.0,39.4,S
2021-06-14T13:36:29,3000.0,39.4,S
2021-06-14T13:36:29,1800.0,39.4,S
2021-06-14T13:36:29,1000.0,39.4,S
2021-06-14T13:36:29,13600.0,39.4,S
2021-06-14T13:36:29,200.0,39.4,S
2021-06-14T13:36:29,1000.0,39.4,S
2021-06-14T13:36:29,900.0,39.4,S
2021-06-14T13:36:29,3800.0,39.4,S
2021-06-14T13:36:29,3100.0,39.4,S
2021-06-14T13:36:29,300.0,39.4,S
2021-06-14T13:36:28,1200.0,39.4,S
2021-06-14T13:36:28,1000.0,39.4,S
2021-06-14T13:36:28,1000.0,39.4,S
2021-06-14T13:36:28,100.0,39.45,S
2021-06-14T13:36:28,300.0,39.45,S
2021-06-14T13:36:28,600.0,39.45,S
2021-06-14T13:36:28,2600.0,39.45,S
2021-06-14T13:36:28,1400.0,39.45,S
2021-06-14T13:36:24,600.0,39.5,B
2021-06-14T13:36:23,3600.0,39.45,S
2021-06-14T13:36:23,700.0,39.45,S
2021-06-14T13:36:23,5700.0,39.45,S
2021-06-14T13:36:19,3300.0,39.45,S
2021-06-14T13:36:18,2600.0,39.5,B
2021-06-14T13:36:17,500.0,39.5,B
2021-06-14T13:36:17,3000.0,39.5,B
2021-06-14T13:36:15,200.0,39.5,B
2021-06-14T13:36:09,500.0,39.5,B
2021-06-14T13:36:00,1000.0,39.5,B
2021-06-14T13:35:59,1200.0,39.45,S
2021-06-14T13:35:58,100.0,39.5,B
2021-06-14T13:35:56,100.0,39.5,B
2021-06-14T13:35:55,3000.0,39.5,B
2021-06-14T13:35:51,700.0,39.5,B
2021-06-14T13:35:49,5100.0,39.5,B
2021-06-14T13:35:48,300.0,39.5,B
2021-06-14T13:35:48,1000.0,39.5,B
2021-06-14T13:35:47,2100.0,39.45,S
2021-06-14T13:35:47,2100.0,39.45,S
2021-06-14T13:35:47,200.0,39.45,S
2021-06-14T13:35:47,1300.0,39.45,S
2021-06-14T13:35:47,200.0,39.45,S
2021-06-14T13:35:47,13200.0,39.45,S
2021-06-14T13:35:47,500.0,39.45,S
2021-06-14T13:35:47,5200.0,39.45,S
2021-06-14T13:35:47,1800.0,39.45,S
2021-06-14T13:35:47,100.0,39.45,S
2021-06-14T13:35:46,45100.0,39.45,S
2021-06-14T13:35:46,100.0,39.45,S
2021-06-14T13:35:46,10200.0,39.45,S
2021-06-14T13:35:46,1000.0,39.45,S
2021-06-14T13:35:46,500.0,39.45,S
2021-06-14T13:35:46,400.0,39.45,S
2021-06-14T13:35:46,600.0,39.45,S
2021-06-14T13:35:46,6100.0,39.45,S
2021-06-14T13:35:46,1900.0,39.45,S
2021-06-14T13:35:46,2300.0,39.45,S
2021-06-14T13:35:46,3500.0,39.45,S
2021-06-14T13:35:46,1300.0,39.45,S
2021-06-14T13:35:45,300.0,39.45,S
2021-06-14T13:35:40,300.0,39.5,B
2021-06-14T13:35:39,100.0,39.5,B
2021-06-14T13:35:39,500.0,39.5,B
2021-06-14T13:35:37,100.0,39.5,B
2021-06-14T13:35:32,400.0,39.45,S
2021-06-14T13:35:27,1300.0,39.5,S
2021-06-14T13:35:20,100.0,39.5,S
2021-06-14T13:35:20,500.0,39.5,S
2021-06-14T13:35:19,500.0,39.45,S
2021-06-14T13:35:17,2500.0,39.5,S
2021-06-14T13:35:14,500.0,39.5,S
2021-06-14T13:35:11,900.0,39.45,S
2021-06-14T13:35:11,100.0,39.5,S
2021-06-14T13:35:08,200.0,39.5,S
2021-06-14T13:35:08,300.0,39.5,S
2021-06-14T13:35:08,1000.0,39.45,S
2021-06-14T13:35:05,2000.0,39.5,S
2021-06-14T13:35:02,2200.0,39.45,S
2021-06-14T13:35:02,200.0,39.45,S
2021-06-14T13:35:00,1000.0,39.5,S
2021-06-14T13:34:53,300.0,39.5,S
2021-06-14T13:34:48,500.0,39.5,S
2021-06-14T13:34:40,500.0,39.5,S
2021-06-14T13:34:40,2000.0,39.45,S
2021-06-14T13:34:30,200.0,39.5,S
2021-06-14T13:34:29,1000.0,39.5,S
2021-06-14T13:34:29,100.0,39.45,S
2021-06-14T13:34:28,500.0,39.5,S
2021-06-14T13:34:27,300.0,39.5,S
2021-06-14T13:34:23,300.0,39.5,S
2021-06-14T13:34:23,200.0,39.5,S
2021-06-14T13:34:19,2900.0,39.5,S
2021-06-14T13:34:18,500.0,39.5,S
2021-06-14T13:34:17,100.0,39.5,S
2021-06-14T13:34:15,100.0,39.5,S
2021-06-14T13:34:12,100.0,39.5,S
2021-06-14T13:34:09,1000.0,39.45,S
2021-06-14T13:34:07,200.0,39.45,S
2021-06-14T13:34:05,1200.0,39.5,S
2021-06-14T13:34:04,500.0,39.5,S
2021-06-14T13:34:02,1000.0,39.5,S
2021-06-14T13:33:55,100.0,39.5,S
2021-06-14T13:33:51,2000.0,39.5,S
2021-06-14T13:33:49,100.0,39.5,S
2021-06-14T13:33:49,200.0,39.5,S
2021-06-14T13:33:49,300.0,39.5,S
2021-06-14T13:33:48,100.0,39.5,S
2021-06-14T13:33:48,1000.0,39.5,S
2021-06-14T13:33:47,200.0,39.5,S
2021-06-14T13:33:44,100.0,39.5,S
2021-06-14T13:33:42,1000.0,39.5,S
2021-06-14T13:33:41,1000.0,39.5,S
2021-06-14T13:33:39,200.0,39.5,S
2021-06-14T13:33:37,1300.0,39.45,S
2021-06-14T13:33:34,1000.0,39.5,S
2021-06-14T13:33:34,100.0,39.5,S
2021-06-14T13:33:29,1000.0,39.5,S
2021-06-14T13:33:27,2000.0,39.5,S
2021-06-14T13:33:16,2000.0,39.5,S
2021-06-14T13:33:16,2000.0,39.5,S
2021-06-14T13:33:14,100.0,39.5,S
2021-06-14T13:33:13,500.0,39.45,S
2021-06-14T13:33:11,100.0,39.5,S
2021-06-14T13:33:11,100.0,39.5,S
2021-06-14T13:33:10,100.0,39.5,S
2021-06-14T13:33:08,11200.0,39.5,S
2021-06-14T13:33:08,200.0,39.5,S
2021-06-14T13:33:05,1000.0,39.55,B
2021-06-14T13:33:04,100000.0,39.55,B
2021-06-14T13:32:58,500.0,39.5,S
2021-06-14T13:32:57,200.0,39.5,S
2021-06-14T13:32:50,500.0,39.5,S
2021-06-14T13:32:49,300.0,39.5,S
2021-06-14T13:32:47,2700.0,39.55,B
2021-06-14T13:32:37,13000.0,39.45,S
2021-06-14T13:32:36,1500.0,39.5,S
2021-06-14T13:32:35,10000.0,39.5,S
2021-06-14T13:32:27,200.0,39.55,B
2021-06-14T13:32:25,1000.0,39.55,B
2021-06-14T13:32:23,100.0,39.55,B
2021-06-14T13:32:22,1000.0,39.55,B
2021-06-14T13:32:20,300.0,39.55,B
2021-06-14T13:32:19,100.0,39.55,B
2021-06-14T13:32:18,4000.0,39.55,B
2021-06-14T13:32:16,100.0,39.5,S
2021-06-14T13:32:15,100.0,39.5,S
2021-06-14T13:32:15,600.0,39.5,S
2021-06-14T13:32:15,2400.0,39.5,S
2021-06-14T13:32:15,2200.0,39.5,S
2021-06-14T13:32:15,600.0,39.5,S
2021-06-14T13:32:14,2200.0,39.5,S
2021-06-14T13:32:14,1200.0,39.5,S
2021-06-14T13:32:14,700.0,39.5,S
2021-06-14T13:32:14,2100.0,39.5,S
2021-06-14T13:32:14,2200.0,39.5,S
2021-06-14T13:32:14,3000.0,39.5,S
2021-06-14T13:32:14,7000.0,39.5,S
2021-06-14T13:32:14,500.0,39.5,S
2021-06-14T13:32:14,12000.0,39.5,S
2021-06-14T13:32:14,600.0,39.5,S
2021-06-14T13:32:14,900.0,39.5,S
2021-06-14T13:32:14,2100.0,39.5,S
2021-06-14T13:32:14,11400.0,39.5,S
2021-06-14T13:32:14,3100.0,39.5,S
2021-06-14T13:32:14,1500.0,39.5,S
2021-06-14T13:32:14,20200.0,39.5,S
2021-06-14T13:32:14,13900.0,39.5,S
2021-06-14T13:32:14,700.0,39.5,S
2021-06-14T13:32:14,1000.0,39.5,S
2021-06-14T13:32:14,500.0,39.5,S
2021-06-14T13:32:14,200.0,39.5,S
2021-06-14T13:32:14,1700.0,39.5,S
2021-06-14T13:32:14,9400.0,39.5,S
2021-06-14T13:32:14,200.0,39.5,S
2021-06-14T13:32:14,200.0,39.5,S
2021-06-14T13:32:14,500.0,39.5,S
2021-06-14T13:32:13,5600.0,39.5,S
2021-06-14T13:32:13,3200.0,39.5,S
2021-06-14T13:32:13,4700.0,39.5,S
2021-06-14T13:32:13,18600.0,39.5,S
2021-06-14T13:32:13,7200.0,39.5,S
2021-06-14T13:32:13,600.0,39.5,S
2021-06-14T13:32:13,1500.0,39.5,S
2021-06-14T13:32:13,24300.0,39.5,S
2021-06-14T13:32:13,500.0,39.5,S
2021-06-14T13:32:13,300.0,39.5,S
2021-06-14T13:32:13,500.0,39.5,S
2021-06-14T13:32:13,200.0,39.5,S
2021-06-14T13:32:13,20400.0,39.5,S
2021-06-14T13:32:13,900.0,39.5,S
2021-06-14T13:32:13,2000.0,39.5,S
2021-06-14T13:32:12,1900.0,39.5,S
2021-06-14T13:32:12,1000.0,39.5,S
2021-06-14T13:32:12,400.0,39.5,S
2021-06-14T13:32:11,200.0,39.55,B
2021-06-14T13:32:09,100.0,39.55,B
2021-06-14T13:32:08,100.0,39.5,S
2021-06-14T13:32:06,1000.0,39.55,B
2021-06-14T13:32:03,100.0,39.55,B
2021-06-14T13:32:02,3800.0,39.5,S
2021-06-14T13:32:01,400.0,39.5,S
2021-06-14T13:32:01,100.0,39.55,B
