tradingTime,volume,price,side
2021-06-14T14:28:28,1400.0,32.5,S
2021-06-14T14:27:10,3000.0,32.5,B
2021-06-14T14:27:04,500.0,32.5,B
2021-06-14T14:27:04,2200.0,32.5,B
2021-06-14T14:27:04,20000.0,32.5,B
2021-06-14T14:27:04,21100.0,32.5,B
2021-06-14T14:26:57,5800.0,32.5,B
2021-06-14T14:26:36,400.0,32.5,B
2021-06-14T14:26:35,500.0,32.4,S
2021-06-14T14:26:12,400.0,32.4,B
2021-06-14T14:26:12,4500.0,32.4,B
2021-06-14T14:24:38,100.0,32.4,B
2021-06-14T14:24:37,300.0,32.2,S
2021-06-14T14:24:25,200.0,32.2,B
2021-06-14T14:23:34,600.0,32.1,B
2021-06-14T14:23:34,200.0,32.1,B
2021-06-14T14:23:20,3400.0,32.1,B
2021-06-14T14:23:18,9600.0,32.0,S
2021-06-14T14:23:18,2000.0,32.0,S
2021-06-14T14:23:18,17000.0,32.0,S
2021-06-14T14:23:18,1000.0,32.0,S
2021-06-14T14:23:18,10900.0,32.0,S
2021-06-14T14:23:15,200.0,32.1,B
2021-06-14T14:23:09,10200.0,32.1,B
2021-06-14T14:22:25,3200.0,32.0,B
2021-06-14T14:22:08,600.0,32.0,B
2021-06-14T14:22:08,10100.0,32.0,B
2021-06-14T14:22:08,26600.0,32.0,B
2021-06-14T14:22:07,100.0,32.0,B
2021-06-14T14:22:06,200.0,32.0,B
2021-06-14T14:22:06,27000.0,32.0,B
2021-06-14T14:21:58,100.0,31.95,S
2021-06-14T14:21:44,500.0,32.0,B
2021-06-14T14:21:44,2100.0,32.0,B
2021-06-14T14:21:31,500.0,32.0,B
2021-06-14T14:20:51,100.0,31.95,S
2021-06-14T14:20:45,1000.0,32.0,B
2021-06-14T14:20:42,300.0,32.0,B
2021-06-14T14:19:43,1000.0,31.9,S
2021-06-14T14:19:43,17500.0,32.0,B
2021-06-14T14:19:25,3000.0,31.9,S
2021-06-14T14:19:16,3600.0,31.9,S
2021-06-14T14:19:12,500.0,31.9,S
2021-06-14T14:18:45,5000.0,31.9,S
2021-06-14T14:18:31,100.0,31.9,S
2021-06-14T14:18:31,700.0,31.9,S
2021-06-14T14:18:29,500.0,31.9,S
2021-06-14T14:18:17,2000.0,32.0,B
2021-06-14T14:18:04,100.0,32.0,B
2021-06-14T14:17:57,10000.0,31.9,S
2021-06-14T14:17:51,600.0,32.0,B
2021-06-14T14:17:50,1300.0,31.9,S
2021-06-14T14:17:50,1100.0,31.9,S
2021-06-14T14:17:49,600.0,31.9,S
2021-06-14T14:17:47,10000.0,32.0,B
2021-06-14T14:16:51,5000.0,32.0,B
2021-06-14T14:16:27,100.0,32.0,B
2021-06-14T14:16:25,3000.0,32.0,B
2021-06-14T14:16:22,1600.0,32.0,B
2021-06-14T14:16:22,4500.0,32.0,B
2021-06-14T14:16:22,3000.0,32.0,B
2021-06-14T14:16:22,9100.0,32.0,B
2021-06-14T14:16:21,500.0,32.1,B
2021-06-14T14:15:41,100.0,32.1,B
2021-06-14T14:15:39,5000.0,32.0,B
2021-06-14T14:15:37,1000.0,32.0,B
2021-06-14T14:15:27,5000.0,32.0,B
2021-06-14T14:15:13,500.0,32.0,B
2021-06-14T14:15:11,200.0,32.0,B
2021-06-14T14:15:10,1500.0,32.0,B
2021-06-14T14:15:10,300.0,32.0,B
2021-06-14T14:15:04,800.0,32.0,B
2021-06-14T14:15:01,1000.0,32.0,B
2021-06-14T14:14:47,3000.0,32.0,B
2021-06-14T14:14:44,200.0,32.0,B
2021-06-14T14:14:42,500.0,32.0,B
2021-06-14T14:14:32,300.0,32.0,B
2021-06-14T14:14:29,300.0,32.0,B
2021-06-14T14:14:29,600.0,32.0,B
2021-06-14T14:14:20,1500.0,32.0,B
2021-06-14T14:14:06,2000.0,32.0,B
2021-06-14T14:14:05,500.0,32.0,B
2021-06-14T14:14:04,500.0,32.0,B
2021-06-14T14:13:57,500.0,32.0,B
2021-06-14T14:13:44,1600.0,32.0,B
2021-06-14T14:13:42,3400.0,32.0,B
2021-06-14T14:13:36,2800.0,32.0,B
2021-06-14T14:13:36,36900.0,32.0,B
2021-06-14T14:13:36,7900.0,31.9,S
2021-06-14T14:13:35,4000.0,31.9,S
2021-06-14T14:13:23,50000.0,32.0,B
2021-06-14T14:13:11,200.0,32.0,B
2021-06-14T14:13:10,200.0,31.9,S
2021-06-14T14:13:09,700.0,31.9,S
2021-06-14T14:13:07,200.0,32.0,B
2021-06-14T14:13:01,2000.0,32.0,B
2021-06-14T14:12:52,100.0,32.0,B
2021-06-14T14:12:48,500.0,32.0,B
2021-06-14T14:12:15,400.0,32.0,S
2021-06-14T14:12:14,1000.0,32.0,S
2021-06-14T14:12:14,1100.0,32.0,S
2021-06-14T14:12:14,5800.0,32.0,S
2021-06-14T14:12:14,200.0,32.0,S
2021-06-14T14:12:14,2100.0,32.0,S
2021-06-14T14:12:13,2300.0,32.0,S
2021-06-14T14:12:08,1000.0,32.1,S
2021-06-14T14:11:55,1000.0,32.1,S
2021-06-14T14:11:54,200.0,32.1,S
2021-06-14T14:11:49,400.0,32.1,S
2021-06-14T14:11:49,17100.0,32.2,S
2021-06-14T14:11:42,1000.0,32.4,S
2021-06-14T14:11:39,18900.0,32.3,S
2021-06-14T14:11:39,5100.0,32.35,S
2021-06-14T14:11:39,36000.0,32.35,S
2021-06-14T14:11:37,10000.0,32.35,S
2021-06-14T14:11:35,100.0,32.4,S
2021-06-14T14:11:23,1000.0,32.4,S
2021-06-14T14:10:58,500.0,32.4,S
2021-06-14T14:10:44,100.0,32.4,S
2021-06-14T14:10:44,100.0,32.4,S
2021-06-14T14:10:31,400.0,32.4,S
2021-06-14T14:10:31,100.0,32.4,S
2021-06-14T14:10:31,1800.0,32.4,S
2021-06-14T14:10:30,35800.0,32.4,S
2021-06-14T14:09:38,3800.0,32.5,S
2021-06-14T14:09:30,600.0,32.5,S
2021-06-14T14:09:30,1000.0,32.5,S
2021-06-14T14:09:22,800.0,32.5,S
2021-06-14T14:09:19,300.0,32.5,S
2021-06-14T14:09:16,1000.0,32.5,S
2021-06-14T14:08:51,500.0,32.5,S
2021-06-14T14:08:33,100.0,32.5,S
2021-06-14T14:08:27,3000.0,32.5,S
2021-06-14T14:08:23,8000.0,32.55,B
2021-06-14T14:08:18,10000.0,32.55,B
2021-06-14T14:08:18,100.0,32.55,B
2021-06-14T14:08:18,1000.0,32.55,B
2021-06-14T14:08:18,800.0,32.55,B
2021-06-14T14:08:17,800.0,32.5,S
2021-06-14T14:08:08,3000.0,32.5,S
2021-06-14T14:08:06,4200.0,32.55,B
2021-06-14T14:08:01,9600.0,32.5,S
2021-06-14T14:07:58,500.0,32.5,S
2021-06-14T14:07:32,2000.0,32.5,S
2021-06-14T14:07:28,100.0,32.5,S
2021-06-14T14:07:25,200.0,32.5,S
2021-06-14T14:07:09,1500.0,32.5,S
2021-06-14T14:07:09,3300.0,32.5,S
2021-06-14T14:07:07,2000.0,32.5,S
2021-06-14T14:07:00,3300.0,32.5,S
2021-06-14T14:06:59,5400.0,32.5,S
2021-06-14T14:06:54,100.0,32.55,B
2021-06-14T14:06:49,1000.0,32.5,S
2021-06-14T14:06:49,2000.0,32.5,S
2021-06-14T14:06:46,3800.0,32.5,S
2021-06-14T14:06:46,1000.0,32.5,S
2021-06-14T14:06:46,200.0,32.5,S
2021-06-14T14:06:38,2000.0,32.5,S
2021-06-14T14:06:18,100.0,32.55,B
2021-06-14T14:05:48,200.0,32.55,S
2021-06-14T14:05:48,100.0,32.55,S
2021-06-14T14:05:48,3700.0,32.55,S
2021-06-14T14:05:44,5000.0,32.55,S
2021-06-14T14:05:44,100.0,32.55,S
2021-06-14T14:05:42,500.0,32.55,S
2021-06-14T14:05:31,200.0,32.6,B
2021-06-14T14:05:30,1300.0,32.55,S
2021-06-14T14:05:28,200.0,32.55,S
2021-06-14T14:05:22,200.0,32.55,S
2021-06-14T14:05:18,500.0,32.55,S
2021-06-14T14:05:06,1200.0,32.55,S
2021-06-14T14:05:05,200.0,32.6,B
2021-06-14T14:04:45,3500.0,32.6,S
2021-06-14T14:04:45,400.0,32.6,S
2021-06-14T14:04:43,8800.0,32.6,S
2021-06-14T14:04:35,100.0,32.6,S
2021-06-14T14:04:33,500.0,32.6,S
2021-06-14T14:04:17,1000.0,32.6,S
2021-06-14T14:04:10,400.0,32.6,S
2021-06-14T14:03:41,500.0,32.6,S
2021-06-14T14:03:31,3000.0,32.65,B
2021-06-14T14:03:10,10000.0,32.6,S
2021-06-14T14:02:24,500.0,32.6,S
2021-06-14T14:01:59,25000.0,32.6,S
2021-06-14T14:01:45,6600.0,32.7,B
2021-06-14T14:01:41,300.0,32.7,B
2021-06-14T14:01:37,100.0,32.7,B
2021-06-14T14:01:11,500.0,32.7,B
2021-06-14T14:01:06,22500.0,32.7,B
2021-06-14T14:01:06,100.0,32.65,S
2021-06-14T14:00:59,1400.0,32.65,S
2021-06-14T14:00:59,700.0,32.65,S
2021-06-14T14:00:16,1400.0,32.7,S
2021-06-14T14:00:15,5600.0,32.7,S
2021-06-14T13:59:53,2000.0,32.7,S
2021-06-14T13:59:36,500.0,32.7,S
2021-06-14T13:59:00,1000.0,32.7,S
2021-06-14T13:59:00,900.0,32.7,S
2021-06-14T13:58:53,6000.0,32.7,S
2021-06-14T13:58:53,1000.0,32.7,S
2021-06-14T13:58:47,100.0,32.7,S
2021-06-14T13:58:41,2800.0,32.7,S
2021-06-14T13:58:38,200.0,32.7,S
2021-06-14T13:58:37,1000.0,32.7,S
2021-06-14T13:58:36,3000.0,32.7,S
2021-06-14T13:58:32,5000.0,32.7,S
2021-06-14T13:58:27,1000.0,32.7,S
2021-06-14T13:58:16,100.0,32.7,S
2021-06-14T13:58:09,1000.0,32.7,S
2021-06-14T13:58:09,7900.0,32.7,S
2021-06-14T13:58:04,2000.0,32.7,S
2021-06-14T13:58:04,500.0,32.7,S
2021-06-14T13:58:04,1000.0,32.7,S
2021-06-14T13:57:59,20000.0,32.75,B
2021-06-14T13:57:57,1000.0,32.7,S
2021-06-14T13:57:48,2000.0,32.7,S
2021-06-14T13:57:29,100.0,32.7,S
2021-06-14T13:57:14,1900.0,32.7,S
2021-06-14T13:57:14,400.0,32.7,S
2021-06-14T13:57:14,2700.0,32.7,S
2021-06-14T13:57:10,1400.0,32.7,S
2021-06-14T13:57:02,400.0,32.7,S
2021-06-14T13:57:02,4600.0,32.7,S
2021-06-14T13:56:55,200.0,32.7,S
2021-06-14T13:56:55,1000.0,32.7,S
2021-06-14T13:56:54,2000.0,32.7,S
2021-06-14T13:56:48,600.0,32.7,S
2021-06-14T13:56:33,1000.0,32.7,S
2021-06-14T13:56:33,1000.0,32.7,S
2021-06-14T13:56:18,100.0,32.7,S
2021-06-14T13:56:13,5900.0,32.7,S
2021-06-14T13:56:08,1000.0,32.7,S
2021-06-14T13:56:07,7200.0,32.7,S
2021-06-14T13:56:07,2800.0,32.7,S
2021-06-14T13:56:03,300.0,32.7,S
2021-06-14T13:56:01,1000.0,32.7,S
2021-06-14T13:55:56,3300.0,32.7,S
2021-06-14T13:55:46,100.0,32.7,S
2021-06-14T13:55:45,300.0,32.7,S
2021-06-14T13:55:39,100.0,32.7,S
2021-06-14T13:55:32,1000.0,32.7,S
2021-06-14T13:55:28,2000.0,32.7,S
2021-06-14T13:54:22,4000.0,32.7,S
2021-06-14T13:54:20,100.0,32.75,B
2021-06-14T13:54:17,2600.0,32.7,S
2021-06-14T13:54:17,2400.0,32.7,S
2021-06-14T13:54:16,2000.0,32.7,S
2021-06-14T13:54:09,2000.0,32.7,S
2021-06-14T13:54:08,1200.0,32.7,S
2021-06-14T13:53:52,20000.0,32.7,S
2021-06-14T13:53:52,10000.0,32.7,S
2021-06-14T13:53:52,300.0,32.7,S
2021-06-14T13:53:51,5000.0,32.7,S
2021-06-14T13:53:50,400.0,32.7,S
2021-06-14T13:53:50,1400.0,32.7,S
2021-06-14T13:53:21,400.0,32.7,S
2021-06-14T13:52:48,10000.0,32.7,S
2021-06-14T13:52:46,1000.0,32.7,S
2021-06-14T13:52:39,10000.0,32.7,S
2021-06-14T13:52:32,300.0,32.7,S
2021-06-14T13:52:27,400.0,32.7,S
2021-06-14T13:52:19,200.0,32.7,S
2021-06-14T13:52:11,500.0,32.7,S
2021-06-14T13:50:47,8400.0,32.7,S
2021-06-14T13:50:47,1600.0,32.75,S
2021-06-14T13:50:25,400.0,32.75,S
2021-06-14T13:50:23,1000.0,32.75,S
2021-06-14T13:50:09,1300.0,32.75,S
2021-06-14T13:49:39,500.0,32.75,S
2021-06-14T13:49:11,200.0,32.75,S
2021-06-14T13:49:00,6000.0,32.8,B
2021-06-14T13:49:00,200.0,32.8,B
2021-06-14T13:49:00,1500.0,32.8,B
2021-06-14T13:48:58,2000.0,32.75,S
2021-06-14T13:48:44,500.0,32.75,S
2021-06-14T13:48:34,200.0,32.75,S
2021-06-14T13:48:18,500.0,32.75,S
2021-06-14T13:48:15,300.0,32.75,S
2021-06-14T13:48:09,3000.0,32.75,S
2021-06-14T13:48:04,100.0,32.8,B
2021-06-14T13:47:19,100.0,32.75,S
2021-06-14T13:47:00,900.0,32.75,S
2021-06-14T13:47:00,600.0,32.75,S
2021-06-14T13:46:55,100.0,32.8,B
2021-06-14T13:46:51,600.0,32.75,S
2021-06-14T13:46:51,100.0,32.75,S
2021-06-14T13:46:45,100.0,32.75,S
2021-06-14T13:46:39,400.0,32.75,S
2021-06-14T13:46:16,1100.0,32.75,S
2021-06-14T13:46:16,900.0,32.75,S
2021-06-14T13:46:12,100.0,32.75,S
2021-06-14T13:46:11,100.0,32.75,S
2021-06-14T13:46:01,100.0,32.75,S
2021-06-14T13:45:49,4000.0,32.75,S
2021-06-14T13:45:36,7000.0,32.75,S
2021-06-14T13:45:35,1900.0,32.75,S
2021-06-14T13:44:35,2000.0,32.75,S
2021-06-14T13:43:50,15000.0,32.75,S
2021-06-14T13:43:35,5000.0,32.75,S
2021-06-14T13:43:24,100.0,32.75,S
2021-06-14T13:43:18,100.0,32.75,S
2021-06-14T13:43:11,30000.0,32.8,B
2021-06-14T13:43:01,300.0,32.75,S
2021-06-14T13:42:50,1000.0,32.75,S
2021-06-14T13:42:40,5600.0,32.8,B
2021-06-14T13:42:37,500.0,32.75,S
2021-06-14T13:42:34,100.0,32.75,S
2021-06-14T13:42:24,200.0,32.75,S
2021-06-14T13:42:06,1000.0,32.75,S
2021-06-14T13:41:58,1500.0,32.75,S
2021-06-14T13:41:51,500.0,32.75,S
2021-06-14T13:41:18,1600.0,32.75,S
2021-06-14T13:40:57,1000.0,32.75,S
2021-06-14T13:40:54,200.0,32.8,B
2021-06-14T13:40:52,1000.0,32.75,S
2021-06-14T13:40:48,5000.0,32.75,S
2021-06-14T13:40:08,900.0,32.75,S
2021-06-14T13:39:51,500.0,32.75,S
2021-06-14T13:39:49,500.0,32.8,B
2021-06-14T13:39:19,2000.0,32.75,S
2021-06-14T13:39:00,100.0,32.75,S
2021-06-14T13:38:45,200.0,32.8,B
2021-06-14T13:38:17,300.0,32.75,S
2021-06-14T13:38:13,1000.0,32.75,S
2021-06-14T13:38:07,1000.0,32.75,S
2021-06-14T13:37:48,1000.0,32.75,S
2021-06-14T13:37:47,1500.0,32.75,S
2021-06-14T13:37:23,1500.0,32.75,S
2021-06-14T13:37:13,2000.0,32.75,S
2021-06-14T13:36:19,1000.0,32.75,S
2021-06-14T13:36:17,1000.0,32.75,S
2021-06-14T13:36:05,3000.0,32.75,S
2021-06-14T13:35:56,5000.0,32.8,B
2021-06-14T13:35:25,500.0,32.75,S
2021-06-14T13:35:21,3000.0,32.8,S
2021-06-14T13:35:19,50000.0,32.75,S
2021-06-14T13:35:14,5000.0,32.8,S
2021-06-14T13:34:10,5000.0,32.8,S
2021-06-14T13:34:02,100.0,32.8,S
2021-06-14T13:33:34,200.0,32.8,S
2021-06-14T13:32:37,100.0,32.8,S
2021-06-14T13:32:03,800.0,32.8,S
2021-06-14T13:31:26,100.0,32.8,S
2021-06-14T13:31:26,100.0,32.8,S
2021-06-14T13:31:26,100.0,32.8,S
2021-06-14T13:31:26,900.0,32.8,S
2021-06-14T13:31:26,500.0,32.8,S
2021-06-14T13:30:58,300.0,32.8,S
2021-06-14T13:30:31,200.0,32.8,S
2021-06-14T13:29:04,500.0,32.8,S
2021-06-14T13:28:30,100.0,32.8,S
2021-06-14T13:28:00,100.0,32.8,S
2021-06-14T13:27:55,600.0,32.8,S
2021-06-14T13:27:44,2000.0,32.8,S
2021-06-14T13:27:26,600.0,32.8,S
2021-06-14T13:27:24,16800.0,32.8,S
2021-06-14T13:27:06,500.0,32.8,S
2021-06-14T13:27:04,200.0,32.8,S
2021-06-14T13:27:03,14700.0,32.8,S
2021-06-14T13:26:51,1000.0,32.8,S
2021-06-14T13:26:42,3500.0,32.8,S
2021-06-14T13:26:42,11500.0,32.8,S
2021-06-14T13:26:34,200.0,32.8,S
2021-06-14T13:26:16,600.0,32.8,S
2021-06-14T13:25:51,800.0,32.8,S
2021-06-14T13:25:46,600.0,32.8,S
2021-06-14T13:25:27,200.0,32.8,S
2021-06-14T13:25:26,200.0,32.8,S
2021-06-14T13:25:03,200.0,32.8,S
2021-06-14T13:24:39,300.0,32.8,S
2021-06-14T13:23:56,500.0,32.8,S
2021-06-14T13:23:52,1000.0,32.8,S
2021-06-14T13:23:33,300.0,32.8,S
2021-06-14T13:23:08,2000.0,32.8,S
2021-06-14T13:22:43,4000.0,32.8,B
2021-06-14T13:21:49,1300.0,32.8,B
2021-06-14T13:21:41,300.0,32.8,B
2021-06-14T13:21:26,2000.0,32.75,S
2021-06-14T13:21:08,100.0,32.75,S
2021-06-14T13:21:08,5000.0,32.85,B
2021-06-14T13:20:59,300.0,32.85,B
2021-06-14T13:20:59,2000.0,32.85,B
2021-06-14T13:20:59,2700.0,32.8,B
2021-06-14T13:20:55,100.0,32.75,S
2021-06-14T13:20:54,400.0,32.75,S
2021-06-14T13:20:49,500.0,32.75,S
2021-06-14T13:20:44,10000.0,32.8,B
2021-06-14T13:20:33,1000.0,32.8,B
2021-06-14T13:20:02,200.0,32.75,S
2021-06-14T13:18:37,100.0,32.75,S
2021-06-14T13:18:26,3200.0,32.8,B
2021-06-14T13:17:23,500.0,32.75,S
2021-06-14T13:17:23,5000.0,32.8,B
2021-06-14T13:17:03,100.0,32.8,B
2021-06-14T13:16:07,500.0,32.8,B
2021-06-14T13:15:19,5000.0,32.8,B
2021-06-14T13:15:12,1000.0,32.75,S
2021-06-14T13:15:12,2700.0,32.75,S
2021-06-14T13:15:12,200.0,32.75,S
2021-06-14T13:15:12,1100.0,32.75,S
2021-06-14T13:15:10,100.0,32.75,S
2021-06-14T13:15:09,800.0,32.8,B
2021-06-14T13:14:04,300.0,32.75,S
2021-06-14T13:13:01,500.0,32.75,S
2021-06-14T13:11:48,100.0,32.75,S
2021-06-14T13:11:09,500.0,32.75,S
2021-06-14T13:10:31,800.0,32.75,S
2021-06-14T13:10:23,400.0,32.75,S
2021-06-14T13:07:05,14200.0,32.75,B
2021-06-14T13:06:40,1000.0,32.75,B
2021-06-14T13:06:25,1000.0,32.75,B
2021-06-14T13:05:55,1000.0,32.75,B
2021-06-14T13:05:17,400.0,32.7,S
2021-06-14T13:04:57,100.0,32.7,S
2021-06-14T13:04:36,1000.0,32.7,S
2021-06-14T13:04:22,2000.0,32.7,S
2021-06-14T13:03:21,500.0,32.7,S
2021-06-14T13:03:10,5000.0,32.7,S
2021-06-14T13:02:54,1000.0,32.7,S
2021-06-14T13:02:33,2000.0,32.75,S
2021-06-14T13:02:16,900.0,32.75,S
2021-06-14T13:01:38,200.0,32.8,B
2021-06-14T13:01:30,100.0,32.8,B
2021-06-14T13:00:55,6400.0,32.85,B
2021-06-14T13:00:55,2900.0,32.85,B
2021-06-14T13:00:55,900.0,32.85,B
2021-06-14T13:00:55,400.0,32.8,B
2021-06-14T13:00:55,1600.0,32.8,B
2021-06-14T13:00:55,1200.0,32.8,B
2021-06-14T13:00:55,1500.0,32.75,S
2021-06-14T13:00:55,100.0,32.75,S
2021-06-14T13:00:45,500.0,32.75,S
2021-06-14T13:00:33,1000.0,32.75,S
2021-06-14T13:00:30,5400.0,32.75,S
2021-06-14T13:00:30,700.0,32.75,S
2021-06-14T13:00:27,200.0,32.75,S
2021-06-14T13:00:25,200.0,32.8,B
2021-06-14T13:00:25,200.0,32.8,B
2021-06-14T13:00:25,500.0,32.8,B
2021-06-14T13:00:23,700.0,32.8,B
2021-06-14T13:00:23,800.0,32.8,B
2021-06-14T11:30:07,6000.0,32.8,B
2021-06-14T11:26:27,200.0,32.75,S
2021-06-14T11:25:31,2000.0,32.8,B
2021-06-14T11:24:56,6300.0,32.8,S
2021-06-14T11:24:42,400.0,32.8,S
2021-06-14T11:23:34,2000.0,32.8,S
2021-06-14T11:23:17,1000.0,32.8,S
2021-06-14T11:23:05,100.0,32.85,B
2021-06-14T11:23:02,5000.0,32.8,S
2021-06-14T11:22:54,400.0,32.8,S
2021-06-14T11:22:52,2600.0,32.8,S
2021-06-14T11:22:35,200.0,32.8,S
2021-06-14T11:22:20,300.0,32.8,S
2021-06-14T11:22:08,500.0,32.8,S
2021-06-14T11:21:43,3000.0,32.8,S
2021-06-14T11:20:56,500.0,32.8,S
2021-06-14T11:20:48,1300.0,32.8,S
2021-06-14T11:20:21,400.0,32.8,S
2021-06-14T11:20:04,6300.0,32.8,S
2021-06-14T11:19:43,10000.0,32.8,S
2021-06-14T11:19:43,4500.0,32.8,S
2021-06-14T11:19:07,100.0,32.8,S
2021-06-14T11:17:26,500.0,32.8,S
2021-06-14T11:17:21,1500.0,32.85,B
2021-06-14T11:15:05,600.0,32.9,B
2021-06-14T11:15:05,51200.0,32.9,B
2021-06-14T11:15:05,9600.0,32.9,B
2021-06-14T11:15:05,6100.0,32.9,B
2021-06-14T11:15:05,4100.0,32.9,B
2021-06-14T11:15:05,100.0,32.9,B
2021-06-14T11:15:05,200.0,32.9,B
2021-06-14T11:15:05,1500.0,32.9,B
2021-06-14T11:15:05,2000.0,32.9,B
2021-06-14T11:15:05,10100.0,32.9,B
2021-06-14T11:15:05,1100.0,32.85,B
2021-06-14T11:15:04,50000.0,32.85,B
2021-06-14T11:15:04,2300.0,32.85,B
2021-06-14T11:15:04,1900.0,32.85,B
2021-06-14T11:15:04,9200.0,32.85,B
2021-06-14T11:14:46,4000.0,32.8,S
2021-06-14T11:14:43,100.0,32.8,S
2021-06-14T11:13:43,500.0,32.8,S
2021-06-14T11:12:30,500.0,32.8,S
2021-06-14T11:12:17,200.0,32.8,S
2021-06-14T11:11:47,400.0,32.8,S
2021-06-14T11:10:37,1000.0,32.8,S
2021-06-14T11:09:43,2000.0,32.8,S
2021-06-14T11:09:35,300.0,32.8,S
2021-06-14T11:09:31,3000.0,32.8,S
2021-06-14T11:08:44,200.0,32.8,B
2021-06-14T11:08:30,500.0,32.8,B
2021-06-14T11:08:26,1700.0,32.8,B
2021-06-14T11:08:26,1400.0,32.8,B
2021-06-14T11:08:21,600.0,32.8,B
2021-06-14T11:08:08,100.0,32.8,B
2021-06-14T11:08:07,900.0,32.8,B
2021-06-14T11:08:00,5800.0,32.85,B
2021-06-14T11:08:00,4000.0,32.85,B
2021-06-14T11:08:00,3900.0,32.85,B
2021-06-14T11:08:00,11300.0,32.8,B
2021-06-14T11:07:51,800.0,32.8,B
2021-06-14T11:07:41,500.0,32.8,S
2021-06-14T11:07:39,300.0,32.8,S
2021-06-14T11:07:36,300.0,32.8,S
2021-06-14T11:07:29,2800.0,32.7,S
2021-06-14T11:07:25,900.0,32.8,S
2021-06-14T11:07:09,4500.0,32.8,S
2021-06-14T11:07:00,2500.0,32.8,S
2021-06-14T11:06:47,1400.0,32.8,S
2021-06-14T11:06:46,3800.0,32.8,S
2021-06-14T11:05:54,1000.0,32.8,S
2021-06-14T11:05:49,100.0,32.8,S
2021-06-14T11:05:19,500.0,32.8,S
2021-06-14T11:04:50,16500.0,32.8,S
2021-06-14T11:04:01,900.0,32.8,S
2021-06-14T11:03:47,4000.0,32.8,B
2021-06-14T11:03:41,200.0,32.8,B
2021-06-14T11:03:01,1600.0,32.8,B
2021-06-14T11:03:01,1600.0,32.8,B
2021-06-14T11:03:01,100.0,32.8,B
2021-06-14T11:03:01,11200.0,32.8,B
2021-06-14T11:03:01,5500.0,32.8,B
2021-06-14T11:03:01,5600.0,32.8,B
2021-06-14T11:02:05,400.0,32.8,B
2021-06-14T11:02:05,600.0,32.75,B
2021-06-14T11:01:07,2500.0,32.7,S
2021-06-14T11:00:32,2000.0,32.7,S
2021-06-14T11:00:20,15700.0,32.7,S
2021-06-14T11:00:19,4300.0,32.7,S
2021-06-14T11:00:03,100.0,32.8,B
2021-06-14T10:59:59,1000.0,32.7,S
2021-06-14T10:59:47,2300.0,32.75,B
2021-06-14T10:59:32,100.0,32.7,S
2021-06-14T10:58:57,4200.0,32.75,S
2021-06-14T10:57:07,100.0,32.8,B
2021-06-14T10:56:31,100.0,32.8,B
2021-06-14T10:55:22,900.0,32.8,S
2021-06-14T10:55:22,100.0,32.8,S
2021-06-14T10:55:21,5400.0,32.8,S
2021-06-14T10:55:09,500.0,32.8,S
2021-06-14T10:55:03,100.0,32.85,B
2021-06-14T10:54:39,100.0,32.8,S
2021-06-14T10:54:13,5500.0,32.8,S
2021-06-14T10:54:13,2400.0,32.8,S
2021-06-14T10:54:13,4100.0,32.8,S
2021-06-14T10:54:13,38000.0,32.8,S
2021-06-14T10:54:07,300.0,32.8,S
2021-06-14T10:53:57,50000.0,32.8,S
2021-06-14T10:53:47,50000.0,32.8,S
2021-06-14T10:53:24,10000.0,32.8,S
2021-06-14T10:53:12,1000.0,32.8,S
2021-06-14T10:53:09,100.0,32.8,S
2021-06-14T10:53:09,1200.0,32.8,S
2021-06-14T10:53:04,500.0,32.8,S
2021-06-14T10:52:38,2000.0,32.8,S
2021-06-14T10:52:38,800.0,32.85,S
2021-06-14T10:52:23,100.0,32.8,S
2021-06-14T10:51:41,2500.0,32.8,S
2021-06-14T10:51:13,4000.0,32.8,S
2021-06-14T10:50:57,200.0,32.85,S
2021-06-14T10:50:28,200.0,32.8,S
2021-06-14T10:49:55,5000.0,32.9,B
2021-06-14T10:49:52,100.0,32.85,B
2021-06-14T10:49:49,5000.0,32.9,B
2021-06-14T10:49:43,5000.0,32.9,B
2021-06-14T10:49:30,13600.0,32.8,S
2021-06-14T10:49:17,2000.0,32.8,S
2021-06-14T10:49:16,300.0,32.8,S
2021-06-14T10:48:52,1000.0,32.8,S
2021-06-14T10:48:41,31600.0,32.9,B
2021-06-14T10:48:41,1800.0,32.9,B
2021-06-14T10:48:41,700.0,32.9,B
2021-06-14T10:48:41,1400.0,32.9,B
2021-06-14T10:48:41,3000.0,32.9,B
2021-06-14T10:48:41,2100.0,32.85,B
2021-06-14T10:48:41,1000.0,32.85,B
2021-06-14T10:48:41,6000.0,32.85,B
2021-06-14T10:48:41,1000.0,32.85,B
2021-06-14T10:48:41,1500.0,32.85,B
2021-06-14T10:48:41,1500.0,32.85,B
2021-06-14T10:48:41,8300.0,32.85,B
2021-06-14T10:48:18,1800.0,32.8,S
2021-06-14T10:48:18,18200.0,32.8,S
2021-06-14T10:48:11,2000.0,32.85,B
2021-06-14T10:48:04,300.0,32.8,S
2021-06-14T10:48:03,100.0,32.8,S
2021-06-14T10:47:56,7000.0,32.85,B
2021-06-14T10:47:55,200.0,32.8,S
2021-06-14T10:47:27,2500.0,32.8,S
2021-06-14T10:46:54,800.0,32.8,S
2021-06-14T10:46:49,20000.0,32.8,S
2021-06-14T10:46:40,100.0,32.85,B
2021-06-14T10:46:36,100.0,32.8,S
2021-06-14T10:46:12,5000.0,32.85,B
2021-06-14T10:45:59,1000.0,32.8,S
2021-06-14T10:45:47,100.0,32.85,B
2021-06-14T10:44:29,1000.0,32.8,S
2021-06-14T10:44:24,1000.0,32.8,S
2021-06-14T10:44:10,100.0,32.8,S
2021-06-14T10:44:09,100.0,32.8,S
2021-06-14T10:44:07,5000.0,32.85,B
2021-06-14T10:43:50,300.0,32.8,S
2021-06-14T10:43:48,200.0,32.85,B
2021-06-14T10:43:47,1000.0,32.8,S
2021-06-14T10:43:31,900.0,32.85,B
2021-06-14T10:43:28,1000.0,32.8,S
2021-06-14T10:43:26,400.0,32.8,S
2021-06-14T10:43:09,1000.0,32.8,S
2021-06-14T10:43:08,100.0,32.8,S
2021-06-14T10:43:02,3000.0,32.85,B
2021-06-14T10:42:34,3000.0,32.8,S
2021-06-14T10:42:11,2000.0,32.8,S
2021-06-14T10:41:26,100.0,32.8,S
2021-06-14T10:41:21,1000.0,32.8,S
2021-06-14T10:41:20,100.0,32.8,S
2021-06-14T10:41:12,51000.0,32.8,S
2021-06-14T10:40:54,500.0,32.8,S
2021-06-14T10:40:50,10000.0,32.8,S
2021-06-14T10:40:39,5000.0,32.8,S
2021-06-14T10:40:38,100.0,32.8,S
2021-06-14T10:40:38,1000.0,32.8,S
2021-06-14T10:40:36,500.0,32.8,S
2021-06-14T10:40:31,100.0,32.8,B
2021-06-14T10:40:18,500.0,32.8,B
2021-06-14T10:40:16,100.0,32.8,B
2021-06-14T10:39:50,200.0,32.8,B
2021-06-14T10:39:47,300.0,32.8,B
2021-06-14T10:39:46,1500.0,32.8,B
2021-06-14T10:39:43,200.0,32.8,B
2021-06-14T10:39:27,100.0,32.8,B
2021-06-14T10:39:20,700.0,32.8,B
2021-06-14T10:38:50,2000.0,32.8,B
2021-06-14T10:38:46,4500.0,32.8,B
2021-06-14T10:38:33,500.0,32.8,B
2021-06-14T10:38:12,1000.0,32.8,B
2021-06-14T10:38:01,500.0,32.8,B
2021-06-14T10:37:45,100.0,32.8,B
2021-06-14T10:37:45,7700.0,32.8,B
2021-06-14T10:37:45,700.0,32.8,B
2021-06-14T10:37:45,9200.0,32.8,B
2021-06-14T10:37:24,300.0,32.75,S
2021-06-14T10:37:24,100.0,32.75,S
2021-06-14T10:36:49,200.0,32.75,S
2021-06-14T10:36:40,200.0,32.75,S
2021-06-14T10:36:32,200.0,32.75,S
2021-06-14T10:35:54,100.0,32.75,S
2021-06-14T10:35:49,100.0,32.8,B
2021-06-14T10:35:48,400.0,32.8,B
2021-06-14T10:35:45,10000.0,32.8,B
2021-06-14T10:35:14,2000.0,32.8,B
2021-06-14T10:35:04,200.0,32.75,S
2021-06-14T10:34:51,100.0,32.75,S
2021-06-14T10:33:39,400.0,32.8,S
2021-06-14T10:33:16,200.0,32.8,S
2021-06-14T10:32:54,14200.0,32.8,S
2021-06-14T10:32:54,200.0,32.8,S
2021-06-14T10:32:53,1100.0,32.8,S
2021-06-14T10:32:44,300.0,32.85,B
2021-06-14T10:32:28,500.0,32.85,B
2021-06-14T10:32:25,200.0,32.8,S
2021-06-14T10:32:21,100.0,32.85,B
2021-06-14T10:31:30,10000.0,32.85,B
2021-06-14T10:31:01,2200.0,32.85,B
2021-06-14T10:30:26,1500.0,32.85,B
2021-06-14T10:30:04,500.0,32.85,B
2021-06-14T10:29:42,2200.0,32.85,B
2021-06-14T10:29:18,300.0,32.85,B
2021-06-14T10:29:05,100.0,32.85,B
2021-06-14T10:28:51,200.0,32.85,B
2021-06-14T10:28:49,5500.0,32.85,B
2021-06-14T10:28:40,4500.0,32.85,B
2021-06-14T10:28:33,1000.0,32.8,B
2021-06-14T10:28:33,200.0,32.8,B
2021-06-14T10:28:33,1800.0,32.8,B
2021-06-14T10:28:21,10000.0,32.85,B
2021-06-14T10:27:59,1100.0,32.85,B
2021-06-14T10:27:32,4100.0,32.8,B
2021-06-14T10:27:13,100.0,32.8,B
2021-06-14T10:27:06,200.0,32.8,B
2021-06-14T10:26:58,200.0,32.8,B
2021-06-14T10:26:55,500.0,32.8,B
2021-06-14T10:26:33,10000.0,32.8,B
2021-06-14T10:26:29,10000.0,32.8,B
2021-06-14T10:26:07,300.0,32.8,B
2021-06-14T10:25:59,2000.0,32.8,B
2021-06-14T10:25:48,800.0,32.8,B
2021-06-14T10:25:15,38200.0,32.8,B
2021-06-14T10:25:15,7100.0,32.8,B
2021-06-14T10:25:15,10000.0,32.8,B
2021-06-14T10:25:15,44700.0,32.8,B
2021-06-14T10:25:14,100.0,32.75,B
2021-06-14T10:25:01,100.0,32.75,B
2021-06-14T10:24:43,1000.0,32.75,B
2021-06-14T10:24:37,500.0,32.75,B
2021-06-14T10:24:34,6200.0,32.75,B
2021-06-14T10:24:31,9000.0,32.75,B
2021-06-14T10:24:06,700.0,32.75,B
2021-06-14T10:23:54,50000.0,32.65,S
2021-06-14T10:23:39,1000.0,32.7,S
2021-06-14T10:23:31,200.0,32.7,S
2021-06-14T10:23:25,5800.0,32.75,B
2021-06-14T10:23:17,300.0,32.7,S
2021-06-14T10:23:08,400.0,32.7,S
2021-06-14T10:23:08,600.0,32.7,S
2021-06-14T10:23:08,100.0,32.7,S
2021-06-14T10:23:08,12900.0,32.7,S
2021-06-14T10:22:57,500.0,32.7,S
2021-06-14T10:22:54,200.0,32.7,S
2021-06-14T10:22:44,100.0,32.7,S
2021-06-14T10:22:35,1000.0,32.75,B
2021-06-14T10:22:18,200.0,32.7,B
2021-06-14T10:21:47,1100.0,32.7,B
2021-06-14T10:20:36,100.0,32.7,B
2021-06-14T10:20:22,500.0,32.7,B
2021-06-14T10:19:54,200.0,32.7,B
2021-06-14T10:19:54,100.0,32.7,B
2021-06-14T10:19:53,1400.0,32.7,B
2021-06-14T10:19:35,100.0,32.7,B
2021-06-14T10:19:24,2300.0,32.7,B
2021-06-14T10:19:14,7200.0,32.7,B
2021-06-14T10:19:14,800.0,32.7,B
2021-06-14T10:19:14,100.0,32.7,B
2021-06-14T10:19:14,600.0,32.7,B
2021-06-14T10:19:14,600.0,32.7,B
2021-06-14T10:19:14,600.0,32.7,B
2021-06-14T10:19:14,1000.0,32.7,B
2021-06-14T10:19:14,300.0,32.7,B
2021-06-14T10:19:13,500.0,32.7,B
2021-06-14T10:19:13,1400.0,32.7,B
2021-06-14T10:19:13,16900.0,32.7,B
2021-06-14T10:19:13,500.0,32.7,B
2021-06-14T10:19:10,1700.0,32.7,B
2021-06-14T10:18:44,200.0,32.7,B
2021-06-14T10:18:36,1000.0,32.7,B
2021-06-14T10:18:30,100.0,32.7,B
2021-06-14T10:18:20,300.0,32.7,B
2021-06-14T10:18:03,1700.0,32.7,B
2021-06-14T10:17:47,200.0,32.7,B
2021-06-14T10:17:43,100.0,32.7,B
2021-06-14T10:17:43,3000.0,32.7,B
2021-06-14T10:17:31,200.0,32.7,B
2021-06-14T10:17:29,1000.0,32.65,B
2021-06-14T10:17:28,100.0,32.7,B
2021-06-14T10:17:23,3000.0,32.7,B
2021-06-14T10:16:22,300.0,32.65,B
2021-06-14T10:16:02,100.0,32.7,B
2021-06-14T10:15:44,31600.0,32.65,B
2021-06-14T10:15:34,200.0,32.6,S
2021-06-14T10:15:24,300.0,32.6,S
2021-06-14T10:15:20,500.0,32.6,S
2021-06-14T10:15:16,2700.0,32.65,B
2021-06-14T10:15:08,100.0,32.6,S
2021-06-14T10:15:04,100.0,32.65,B
2021-06-14T10:14:55,400.0,32.6,S
2021-06-14T10:14:48,5000.0,32.65,B
2021-06-14T10:14:35,5000.0,32.65,B
2021-06-14T10:14:10,200.0,32.6,S
2021-06-14T10:14:05,10000.0,32.65,B
2021-06-14T10:13:57,200.0,32.6,S
2021-06-14T10:13:48,100.0,32.6,S
2021-06-14T10:13:24,500.0,32.6,S
2021-06-14T10:12:41,100.0,32.6,B
2021-06-14T10:12:21,3000.0,32.6,B
2021-06-14T10:11:50,400.0,32.6,B
2021-06-14T10:11:46,400.0,32.6,B
2021-06-14T10:11:42,100.0,32.6,B
2021-06-14T10:11:18,1000.0,32.6,B
2021-06-14T10:11:17,3000.0,32.6,B
2021-06-14T10:11:12,100.0,32.6,B
2021-06-14T10:10:07,1000.0,32.6,B
2021-06-14T10:09:59,400.0,32.6,B
2021-06-14T10:09:51,7000.0,32.6,B
2021-06-14T10:09:37,5000.0,32.6,B
2021-06-14T10:09:34,1000.0,32.55,S
2021-06-14T10:09:06,1400.0,32.6,B
2021-06-14T10:09:06,800.0,32.6,B
2021-06-14T10:09:06,3900.0,32.6,B
2021-06-14T10:09:06,1700.0,32.6,B
2021-06-14T10:09:06,1500.0,32.6,B
2021-06-14T10:09:06,5500.0,32.6,B
2021-06-14T10:09:06,100.0,32.6,B
2021-06-14T10:09:05,100.0,32.6,B
2021-06-14T10:08:09,2800.0,32.6,B
2021-06-14T10:08:02,500.0,32.55,S
2021-06-14T10:07:50,100.0,32.6,B
2021-06-14T10:07:50,200.0,32.6,B
2021-06-14T10:07:43,3000.0,32.55,S
2021-06-14T10:07:41,100.0,32.55,S
2021-06-14T10:07:34,300.0,32.55,S
2021-06-14T10:07:16,5800.0,32.6,B
2021-06-14T10:07:16,100.0,32.6,B
2021-06-14T10:07:16,44100.0,32.6,B
2021-06-14T10:07:09,8000.0,32.55,S
2021-06-14T10:06:50,30000.0,32.55,S
2021-06-14T10:06:50,100.0,32.55,S
2021-06-14T10:06:18,1000.0,32.6,B
2021-06-14T10:06:11,1000.0,32.55,S
2021-06-14T10:06:00,1600.0,32.55,S
2021-06-14T10:06:00,200.0,32.55,S
2021-06-14T10:05:22,100.0,32.55,S
2021-06-14T10:04:54,5000.0,32.55,S
2021-06-14T10:04:17,2000.0,32.55,S
2021-06-14T10:04:14,500.0,32.55,S
2021-06-14T10:04:11,300.0,32.55,S
2021-06-14T10:04:07,200.0,32.55,S
2021-06-14T10:03:31,100.0,32.55,S
2021-06-14T10:02:37,700.0,32.55,S
2021-06-14T10:02:34,5100.0,32.55,S
2021-06-14T10:02:32,1700.0,32.55,S
2021-06-14T10:02:18,3700.0,32.55,S
2021-06-14T10:02:13,100.0,32.55,S
2021-06-14T10:02:06,200.0,32.55,S
2021-06-14T10:01:50,8000.0,32.6,B
2021-06-14T10:01:45,71500.0,32.5,S
2021-06-14T10:01:45,2200.0,32.5,S
2021-06-14T10:01:45,22100.0,32.5,S
2021-06-14T10:01:45,1600.0,32.5,S
2021-06-14T10:01:45,200.0,32.55,S
2021-06-14T10:01:45,2400.0,32.55,S
2021-06-14T10:01:27,100.0,32.55,S
2021-06-14T10:00:40,2000.0,32.6,B
2021-06-14T10:00:34,2000.0,32.6,B
2021-06-14T10:00:31,500.0,32.6,B
2021-06-14T10:00:19,1000.0,32.55,S
2021-06-14T09:59:45,1200.0,32.6,B
2021-06-14T09:59:45,1000.0,32.55,S
2021-06-14T09:59:36,500.0,32.55,S
2021-06-14T09:58:19,500.0,32.6,B
2021-06-14T09:58:11,200.0,32.6,S
2021-06-14T09:58:10,400.0,32.6,S
2021-06-14T09:58:10,3300.0,32.55,S
2021-06-14T09:58:02,100.0,32.55,S
2021-06-14T09:57:49,1200.0,32.6,S
2021-06-14T09:57:30,3500.0,32.6,S
2021-06-14T09:57:27,400.0,32.6,S
2021-06-14T09:57:08,100.0,32.6,S
2021-06-14T09:56:54,3000.0,32.6,S
2021-06-14T09:56:34,500.0,32.6,S
2021-06-14T09:56:04,2000.0,32.6,S
2021-06-14T09:55:57,500.0,32.6,S
2021-06-14T09:55:57,5000.0,32.6,S
2021-06-14T09:55:52,200.0,32.65,B
2021-06-14T09:55:50,100.0,32.7,B
2021-06-14T09:55:46,200.0,32.65,B
2021-06-14T09:55:46,300.0,32.65,B
2021-06-14T09:55:32,300.0,32.65,B
2021-06-14T09:55:32,2400.0,32.65,B
2021-06-14T09:55:30,100.0,32.65,B
2021-06-14T09:55:30,1400.0,32.65,B
2021-06-14T09:55:08,200.0,32.6,S
2021-06-14T09:54:50,10000.0,32.65,B
2021-06-14T09:54:47,1000.0,32.65,B
2021-06-14T09:54:26,2000.0,32.6,S
2021-06-14T09:54:16,100.0,32.6,S
2021-06-14T09:54:15,100.0,32.6,S
2021-06-14T09:53:58,500.0,32.65,B
2021-06-14T09:53:51,1300.0,32.6,S
2021-06-14T09:53:51,600.0,32.6,S
2021-06-14T09:53:47,2000.0,32.6,S
2021-06-14T09:53:43,2000.0,32.65,B
2021-06-14T09:53:18,600.0,32.6,S
2021-06-14T09:52:59,400.0,32.6,S
2021-06-14T09:52:58,500.0,32.6,S
2021-06-14T09:52:40,100.0,32.6,B
2021-06-14T09:52:25,500.0,32.6,B
2021-06-14T09:52:19,1000.0,32.6,B
2021-06-14T09:52:17,5000.0,32.65,B
2021-06-14T09:51:47,300.0,32.6,B
2021-06-14T09:51:46,700.0,32.6,B
2021-06-14T09:51:28,500.0,32.6,B
2021-06-14T09:51:17,300.0,32.65,B
2021-06-14T09:51:17,2700.0,32.65,B
2021-06-14T09:51:08,200.0,32.65,B
2021-06-14T09:50:51,100.0,32.6,B
2021-06-14T09:50:51,200.0,32.6,B
2021-06-14T09:50:41,100.0,32.65,B
2021-06-14T09:50:23,200.0,32.65,B
2021-06-14T09:50:19,1000.0,32.6,B
2021-06-14T09:50:13,100.0,32.6,B
2021-06-14T09:50:04,400.0,32.6,B
2021-06-14T09:50:00,400.0,32.6,B
2021-06-14T09:50:00,3200.0,32.6,B
2021-06-14T09:50:00,200.0,32.6,B
2021-06-14T09:50:00,300.0,32.6,B
2021-06-14T09:50:00,2300.0,32.6,B
2021-06-14T09:50:00,1200.0,32.6,B
2021-06-14T09:49:58,1500.0,32.6,B
2021-06-14T09:49:58,1900.0,32.6,B
2021-06-14T09:49:58,1300.0,32.6,B
2021-06-14T09:49:58,3500.0,32.6,B
2021-06-14T09:48:58,1200.0,32.6,B
2021-06-14T09:48:43,400.0,32.6,B
2021-06-14T09:48:28,100.0,32.6,B
2021-06-14T09:48:24,800.0,32.6,B
2021-06-14T09:48:18,200.0,32.6,B
2021-06-14T09:48:14,200.0,32.6,B
2021-06-14T09:48:12,10000.0,32.6,B
2021-06-14T09:48:06,100.0,32.55,S
2021-06-14T09:47:38,10000.0,32.6,B
2021-06-14T09:47:24,300.0,32.6,B
2021-06-14T09:47:04,200.0,32.55,S
2021-06-14T09:46:55,1000.0,32.5,S
2021-06-14T09:46:45,500.0,32.6,B
2021-06-14T09:46:38,100.0,32.6,B
2021-06-14T09:46:15,300.0,32.6,B
2021-06-14T09:46:00,100.0,32.6,B
2021-06-14T09:45:52,1100.0,32.5,S
2021-06-14T09:45:35,25200.0,32.6,B
2021-06-14T09:45:25,200.0,32.6,B
2021-06-14T09:45:20,200.0,32.6,B
2021-06-14T09:45:15,300.0,32.6,B
2021-06-14T09:45:12,500.0,32.6,B
2021-06-14T09:45:06,500.0,32.6,B
2021-06-14T09:45:02,100.0,32.65,B
2021-06-14T09:45:02,500.0,32.6,B
2021-06-14T09:45:00,100.0,32.65,B
2021-06-14T09:45:00,300.0,32.6,B
2021-06-14T09:45:00,10100.0,32.6,B
2021-06-14T09:45:00,600.0,32.6,B
2021-06-14T09:45:00,1000.0,32.6,B
2021-06-14T09:45:00,13600.0,32.6,B
2021-06-14T09:44:38,1000.0,32.6,B
2021-06-14T09:44:29,100.0,32.6,B
2021-06-14T09:44:21,100.0,32.55,S
2021-06-14T09:44:20,1000.0,32.5,S
2021-06-14T09:44:18,100.0,32.6,B
2021-06-14T09:43:55,900.0,32.6,B
2021-06-14T09:43:46,400.0,32.6,B
2021-06-14T09:43:46,200.0,32.6,B
2021-06-14T09:43:46,1000.0,32.6,B
2021-06-14T09:43:46,1000.0,32.6,B
2021-06-14T09:43:46,3000.0,32.6,B
2021-06-14T09:43:46,100.0,32.6,B
2021-06-14T09:43:46,500.0,32.6,B
2021-06-14T09:43:46,1800.0,32.6,B
2021-06-14T09:43:40,100.0,32.5,S
2021-06-14T09:43:35,1000.0,32.5,S
2021-06-14T09:43:30,300.0,32.6,B
2021-06-14T09:43:16,1400.0,32.6,B
2021-06-14T09:43:11,20000.0,32.6,B
2021-06-14T09:42:46,200.0,32.5,S
2021-06-14T09:42:45,200.0,32.5,S
2021-06-14T09:42:44,1500.0,32.5,S
2021-06-14T09:42:37,1000.0,32.5,S
2021-06-14T09:42:36,100.0,32.5,S
2021-06-14T09:42:34,1000.0,32.6,B
2021-06-14T09:42:30,400.0,32.6,B
2021-06-14T09:42:25,1500.0,32.6,B
2021-06-14T09:42:06,300.0,32.5,S
2021-06-14T09:41:38,2000.0,32.5,S
2021-06-14T09:41:37,500.0,32.5,S
2021-06-14T09:41:37,400.0,32.6,B
2021-06-14T09:41:36,9600.0,32.6,B
2021-06-14T09:41:32,500.0,32.6,B
2021-06-14T09:41:24,2000.0,32.5,S
2021-06-14T09:41:01,200.0,32.5,S
2021-06-14T09:40:49,10400.0,32.5,S
2021-06-14T09:40:27,5000.0,32.5,B
2021-06-14T09:40:23,1000.0,32.5,B
2021-06-14T09:40:14,100.0,32.5,B
2021-06-14T09:40:10,2800.0,32.5,B
2021-06-14T09:40:04,1000.0,32.5,B
2021-06-14T09:39:52,3000.0,32.5,B
2021-06-14T09:39:38,1000.0,32.45,B
2021-06-14T09:39:35,500.0,32.5,B
2021-06-14T09:39:32,1000.0,32.5,B
2021-06-14T09:39:01,100.0,32.5,B
2021-06-14T09:38:43,1300.0,32.5,B
2021-06-14T09:38:27,100.0,32.5,B
2021-06-14T09:38:02,100.0,32.5,B
2021-06-14T09:37:57,500.0,32.5,B
2021-06-14T09:37:32,500.0,32.4,S
2021-06-14T09:37:31,500.0,32.5,B
2021-06-14T09:37:25,5000.0,32.6,B
2021-06-14T09:37:20,500.0,32.5,B
2021-06-14T09:37:18,200.0,32.5,B
2021-06-14T09:37:18,500.0,32.5,B
2021-06-14T09:37:15,300.0,32.45,B
2021-06-14T09:37:12,300.0,32.45,B
2021-06-14T09:37:10,2000.0,32.4,S
2021-06-14T09:37:08,800.0,32.5,B
2021-06-14T09:36:49,200.0,32.4,S
2021-06-14T09:36:47,500.0,32.4,S
2021-06-14T09:36:34,100.0,32.4,S
2021-06-14T09:36:20,500.0,32.4,S
2021-06-14T09:36:13,100.0,32.5,B
2021-06-14T09:36:13,900.0,32.5,B
2021-06-14T09:35:52,2000.0,32.5,B
2021-06-14T09:35:47,3000.0,32.4,S
2021-06-14T09:35:30,200.0,32.5,B
2021-06-14T09:34:22,2000.0,32.4,S
2021-06-14T09:34:04,1000.0,32.4,S
2021-06-14T09:33:53,20000.0,32.4,S
2021-06-14T09:33:50,1000.0,32.45,B
2021-06-14T09:33:45,200.0,32.5,B
2021-06-14T09:33:30,700.0,32.6,B
2021-06-14T09:33:30,5300.0,32.55,B
2021-06-14T09:33:30,500.0,32.5,B
2021-06-14T09:33:30,800.0,32.5,B
2021-06-14T09:33:29,12700.0,32.5,B
2021-06-14T09:33:29,100.0,32.4,S
2021-06-14T09:33:11,200.0,32.4,S
2021-06-14T09:33:04,1000.0,32.4,S
2021-06-14T09:32:27,5100.0,32.4,S
2021-06-14T09:32:27,100.0,32.4,S
2021-06-14T09:32:27,4700.0,32.4,S
2021-06-14T09:32:27,100.0,32.45,B
2021-06-14T09:31:55,1800.0,32.5,B
2021-06-14T09:31:55,300.0,32.5,B
2021-06-14T09:31:55,1300.0,32.5,B
2021-06-14T09:31:55,1700.0,32.45,S
2021-06-14T09:31:37,500.0,32.4,S
2021-06-14T09:31:12,2400.0,32.45,S
2021-06-14T09:30:00,100.0,32.5,B
2021-06-14T09:29:58,300.0,32.4,S
2021-06-14T09:29:43,1000.0,32.5,B
2021-06-14T09:29:25,100.0,32.5,B
2021-06-14T09:29:19,500.0,32.4,S
2021-06-14T09:28:57,200.0,32.5,B
2021-06-14T09:28:49,100.0,32.5,B
2021-06-14T09:28:31,1500.0,32.5,B
2021-06-14T09:28:22,400.0,32.5,B
2021-06-14T09:28:04,1100.0,32.5,B
2021-06-14T09:28:04,900.0,32.5,B
2021-06-14T09:27:58,500.0,32.5,B
2021-06-14T09:27:54,10500.0,32.5,B
2021-06-14T09:27:54,2200.0,32.5,B
2021-06-14T09:27:54,5000.0,32.5,B
2021-06-14T09:27:54,100.0,32.5,B
2021-06-14T09:27:54,11400.0,32.5,B
2021-06-14T09:27:46,2000.0,32.5,B
2021-06-14T09:27:46,1000.0,32.4,S
2021-06-14T09:27:07,10000.0,32.5,B
2021-06-14T09:27:07,2000.0,32.5,B
2021-06-14T09:26:44,100.0,32.5,B
2021-06-14T09:26:33,2000.0,32.4,S
2021-06-14T09:26:13,800.0,32.5,B
2021-06-14T09:26:05,1500.0,32.4,B
2021-06-14T09:25:21,700.0,32.5,B
2021-06-14T09:24:51,300.0,32.5,B
2021-06-14T09:24:51,5000.0,32.35,S
2021-06-14T09:24:45,200.0,32.4,B
2021-06-14T09:24:42,9700.0,32.4,B
2021-06-14T09:24:41,100.0,32.4,B
2021-06-14T09:24:27,500.0,32.4,B
2021-06-14T09:24:19,2200.0,32.4,B
2021-06-14T09:24:00,200.0,32.4,B
2021-06-14T09:23:59,500.0,32.4,B
2021-06-14T09:23:25,300.0,32.4,B
2021-06-14T09:23:24,100.0,32.4,B
2021-06-14T09:23:16,100.0,32.35,S
2021-06-14T09:23:06,500.0,32.4,B
2021-06-14T09:22:49,100.0,32.35,S
2021-06-14T09:22:36,400.0,32.4,B
2021-06-14T09:22:36,1000.0,32.4,B
2021-06-14T09:22:13,300.0,32.4,B
2021-06-14T09:21:46,200.0,32.4,B
2021-06-14T09:21:23,2000.0,32.4,B
2021-06-14T09:21:18,5500.0,32.4,B
2021-06-14T09:21:17,3300.0,32.5,B
2021-06-14T09:21:15,5000.0,32.5,B
2021-06-14T09:21:03,10000.0,32.4,B
2021-06-14T09:20:56,100.0,32.55,B
2021-06-14T09:20:45,1000.0,32.5,B
2021-06-14T09:20:45,300.0,32.5,B
2021-06-14T09:20:43,100.0,32.5,B
2021-06-14T09:19:37,1100.0,32.5,B
2021-06-14T09:19:37,7100.0,32.5,B
2021-06-14T09:19:27,5500.0,32.4,B
2021-06-14T09:19:23,200.0,32.4,B
2021-06-14T09:19:04,200.0,32.4,B
2021-06-14T09:19:00,100.0,32.4,B
2021-06-14T09:19:00,100.0,32.5,B
2021-06-14T09:18:57,200.0,32.4,B
2021-06-14T09:18:54,200.0,32.4,B
2021-06-14T09:18:09,900.0,32.4,B
2021-06-14T09:18:03,200.0,32.35,S
2021-06-14T09:17:46,1800.0,32.5,B
2021-06-14T09:17:46,2800.0,32.5,B
2021-06-14T09:17:44,300.0,32.4,B
2021-06-14T09:17:32,500.0,32.4,B
2021-06-14T09:17:32,700.0,32.4,B
2021-06-14T09:17:28,1000.0,32.5,B
2021-06-14T09:17:06,1000.0,32.4,S
2021-06-14T09:17:05,200.0,32.4,S
2021-06-14T09:17:05,4000.0,32.4,S
2021-06-14T09:17:00,600.0,32.5,B
2021-06-14T09:16:58,500.0,32.5,B
2021-06-14T09:16:32,200.0,32.5,B
2021-06-14T09:16:18,400.0,32.5,S
2021-06-14T09:16:10,700.0,32.6,B
2021-06-14T09:15:57,700.0,32.6,B
