tradingTime,volume,price,side
2021-06-14T14:27:08,900.0,25.7,B
2021-06-14T14:26:32,100.0,25.7,S
2021-06-14T14:26:17,100.0,25.7,B
2021-06-14T14:25:00,1000.0,25.7,B
2021-06-14T14:24:56,1000.0,25.6,B
2021-06-14T14:24:54,200.0,25.6,B
2021-06-14T14:24:00,1500.0,25.5,S
2021-06-14T14:23:42,8300.0,25.5,B
2021-06-14T14:23:34,300.0,25.5,B
2021-06-14T14:23:33,10000.0,25.5,B
2021-06-14T14:23:28,200.0,25.5,B
2021-06-14T14:23:23,1000.0,25.5,B
2021-06-14T14:23:16,3000.0,25.5,B
2021-06-14T14:23:11,300.0,25.5,B
2021-06-14T14:22:37,500.0,25.5,B
2021-06-14T14:22:15,200.0,25.45,B
2021-06-14T14:21:35,400.0,25.45,B
2021-06-14T14:21:32,1000.0,25.5,B
2021-06-14T14:21:26,1000.0,25.5,B
2021-06-14T14:20:37,4800.0,25.45,B
2021-06-14T14:20:34,400.0,25.5,B
2021-06-14T14:20:23,200.0,25.45,B
2021-06-14T14:20:00,300.0,25.5,B
2021-06-14T14:19:25,800.0,25.3,S
2021-06-14T14:19:24,1000.0,25.6,B
2021-06-14T14:19:10,100.0,25.45,S
2021-06-14T14:18:48,2500.0,25.3,S
2021-06-14T14:18:48,300.0,25.3,S
2021-06-14T14:18:48,1400.0,25.3,S
2021-06-14T14:18:48,8500.0,25.35,S
2021-06-14T14:18:48,1200.0,25.35,S
2021-06-14T14:18:48,300.0,25.35,S
2021-06-14T14:18:48,24800.0,25.35,S
2021-06-14T14:18:48,1000.0,25.4,S
2021-06-14T14:18:48,10000.0,25.4,S
2021-06-14T14:18:36,19200.0,25.5,B
2021-06-14T14:18:31,1000.0,25.5,B
2021-06-14T14:18:01,100.0,25.5,S
2021-06-14T14:17:27,1600.0,25.5,S
2021-06-14T14:17:27,3400.0,25.5,S
2021-06-14T14:17:27,1000.0,25.5,S
2021-06-14T14:17:26,5800.0,25.5,S
2021-06-14T14:17:26,4400.0,25.5,S
2021-06-14T14:16:55,5000.0,25.5,S
2021-06-14T14:16:22,200.0,25.7,S
2021-06-14T14:16:03,3000.0,25.5,S
2021-06-14T14:16:03,1400.0,25.55,S
2021-06-14T14:16:03,200.0,25.6,S
2021-06-14T14:16:03,4600.0,25.6,S
2021-06-14T14:16:03,2000.0,25.7,S
2021-06-14T14:16:03,1200.0,25.7,S
2021-06-14T14:16:03,1200.0,25.7,S
2021-06-14T14:16:03,2700.0,25.7,S
2021-06-14T14:16:03,12700.0,25.7,S
2021-06-14T14:15:55,200.0,25.7,S
2021-06-14T14:15:52,300.0,25.7,S
2021-06-14T14:15:49,100.0,25.7,S
2021-06-14T14:15:46,700.0,25.7,S
2021-06-14T14:15:11,400.0,25.7,S
2021-06-14T14:14:46,200.0,25.7,S
2021-06-14T14:14:34,100.0,25.75,S
2021-06-14T14:14:32,100.0,25.75,S
2021-06-14T14:14:32,2000.0,25.75,S
2021-06-14T14:13:14,2000.0,25.75,S
2021-06-14T14:13:14,800.0,25.75,S
2021-06-14T14:13:07,100.0,25.7,S
2021-06-14T14:13:04,1000.0,25.75,S
2021-06-14T14:13:02,1100.0,25.75,S
2021-06-14T14:12:55,5000.0,25.75,S
2021-06-14T14:12:38,100.0,25.75,S
2021-06-14T14:12:10,400.0,25.75,S
2021-06-14T14:11:59,1000.0,25.8,S
2021-06-14T14:11:38,500.0,25.8,S
2021-06-14T14:11:37,3900.0,25.8,S
2021-06-14T14:11:23,1000.0,25.85,S
2021-06-14T14:11:16,400.0,25.85,S
2021-06-14T14:11:12,1000.0,25.85,S
2021-06-14T14:10:37,1000.0,25.8,S
2021-06-14T14:10:13,1100.0,25.85,S
2021-06-14T14:10:04,1000.0,25.85,S
2021-06-14T14:09:53,5000.0,25.85,S
2021-06-14T14:09:37,3000.0,25.85,S
2021-06-14T14:08:51,1400.0,25.85,S
2021-06-14T14:08:48,200.0,25.85,S
2021-06-14T14:08:09,5000.0,25.85,S
2021-06-14T14:07:25,100.0,25.9,S
2021-06-14T14:07:23,1300.0,25.85,S
2021-06-14T14:06:56,500.0,25.9,S
2021-06-14T14:06:56,600.0,25.9,S
2021-06-14T14:06:56,3000.0,25.9,S
2021-06-14T14:06:56,1200.0,25.9,S
2021-06-14T14:06:56,1400.0,25.9,S
2021-06-14T14:06:48,100.0,25.9,S
2021-06-14T14:06:40,900.0,25.9,S
2021-06-14T14:06:38,2600.0,25.9,S
2021-06-14T14:06:38,4200.0,25.9,S
2021-06-14T14:06:38,3200.0,25.9,S
2021-06-14T14:06:32,500.0,25.9,S
2021-06-14T14:06:32,400.0,25.9,S
2021-06-14T14:06:02,1000.0,25.9,S
2021-06-14T14:04:11,2000.0,25.95,B
2021-06-14T14:01:45,2200.0,25.95,S
2021-06-14T14:00:32,1000.0,25.95,S
2021-06-14T13:59:51,700.0,26.0,B
2021-06-14T13:58:54,300.0,26.0,B
2021-06-14T13:58:54,200.0,26.0,B
2021-06-14T13:57:15,1000.0,26.0,B
2021-06-14T13:57:00,1000.0,25.95,S
2021-06-14T13:56:50,1000.0,25.95,S
2021-06-14T13:56:29,300.0,25.95,S
2021-06-14T13:56:29,3700.0,25.95,S
2021-06-14T13:55:10,1700.0,25.95,S
2021-06-14T13:55:10,1000.0,25.95,S
2021-06-14T13:55:10,300.0,25.95,S
2021-06-14T13:52:59,900.0,26.0,B
2021-06-14T13:52:12,1000.0,26.0,B
2021-06-14T13:51:19,100.0,26.0,B
2021-06-14T13:50:43,200.0,25.95,S
2021-06-14T13:50:15,100.0,26.0,B
2021-06-14T13:49:09,200.0,25.95,S
2021-06-14T13:48:37,500.0,26.0,B
2021-06-14T13:48:29,500.0,26.0,B
2021-06-14T13:47:25,100.0,26.0,B
2021-06-14T13:46:23,1000.0,26.0,B
2021-06-14T13:46:19,200.0,26.0,B
2021-06-14T13:46:19,800.0,26.0,B
2021-06-14T13:45:29,2000.0,26.0,B
2021-06-14T13:45:05,1000.0,26.0,B
2021-06-14T13:45:02,1000.0,26.0,B
2021-06-14T13:43:56,100.0,26.0,B
2021-06-14T13:42:12,10000.0,26.0,S
2021-06-14T13:41:51,300.0,26.0,S
2021-06-14T13:40:17,100.0,26.0,S
2021-06-14T13:40:14,300.0,26.0,S
2021-06-14T13:40:14,200.0,26.0,S
2021-06-14T13:40:14,1600.0,26.0,S
2021-06-14T13:40:14,4400.0,26.0,S
2021-06-14T13:40:14,3200.0,26.0,S
2021-06-14T13:40:13,400.0,26.0,S
2021-06-14T13:40:13,100.0,26.0,S
2021-06-14T13:40:13,2100.0,26.0,S
2021-06-14T13:40:13,2400.0,26.0,S
2021-06-14T13:39:57,100.0,26.1,B
2021-06-14T13:39:00,3700.0,26.1,S
2021-06-14T13:37:45,10000.0,26.1,S
2021-06-14T13:37:22,200.0,26.15,B
2021-06-14T13:37:09,100.0,26.1,S
2021-06-14T13:36:34,300.0,26.15,B
2021-06-14T13:36:23,5200.0,26.15,B
2021-06-14T13:35:26,700.0,26.15,S
2021-06-14T13:34:47,10000.0,26.15,S
2021-06-14T13:34:41,500.0,26.15,S
2021-06-14T13:33:55,1200.0,26.15,S
2021-06-14T13:33:39,1800.0,26.2,B
2021-06-14T13:33:34,400.0,26.2,B
2021-06-14T13:33:27,1000.0,26.15,S
2021-06-14T13:32:47,2000.0,26.15,S
2021-06-14T13:32:44,1000.0,26.15,S
2021-06-14T13:31:53,1200.0,26.15,S
2021-06-14T13:31:47,1000.0,26.2,B
2021-06-14T13:31:44,1000.0,26.2,B
2021-06-14T13:31:11,200.0,26.2,S
2021-06-14T13:28:26,1000.0,26.2,S
2021-06-14T13:28:05,400.0,26.25,B
2021-06-14T13:27:05,3700.0,26.25,B
2021-06-14T13:26:24,100.0,26.25,B
2021-06-14T13:26:14,1000.0,26.25,B
2021-06-14T13:25:14,1000.0,26.25,B
2021-06-14T13:24:25,3200.0,26.25,B
2021-06-14T13:23:43,800.0,26.25,B
2021-06-14T13:22:50,2000.0,26.15,S
2021-06-14T13:21:03,500.0,26.15,S
2021-06-14T13:21:00,1700.0,26.1,S
2021-06-14T13:20:49,13300.0,26.1,S
2021-06-14T13:20:30,200.0,26.1,S
2021-06-14T13:20:29,800.0,26.1,S
2021-06-14T13:20:01,100.0,26.1,S
2021-06-14T13:19:50,100.0,26.1,S
2021-06-14T13:19:47,5000.0,26.1,S
2021-06-14T13:19:07,1100.0,26.1,S
2021-06-14T13:19:01,500.0,26.15,S
2021-06-14T13:18:54,100.0,26.2,B
2021-06-14T13:18:50,200.0,26.2,B
2021-06-14T13:18:04,1100.0,26.2,S
2021-06-14T13:18:03,1500.0,26.25,S
2021-06-14T13:17:58,500.0,26.25,S
2021-06-14T13:17:46,6500.0,26.25,S
2021-06-14T13:17:32,500.0,26.3,B
2021-06-14T13:17:04,2000.0,26.25,S
2021-06-14T13:16:45,100.0,26.25,S
2021-06-14T13:16:45,100.0,26.3,B
2021-06-14T13:16:29,2000.0,26.3,B
2021-06-14T13:16:11,1500.0,26.3,B
2021-06-14T13:16:00,700.0,26.3,B
2021-06-14T13:15:54,200.0,26.3,B
2021-06-14T13:15:40,4200.0,26.3,B
2021-06-14T13:15:34,1000.0,26.3,B
2021-06-14T13:15:21,100.0,26.3,B
2021-06-14T13:15:08,100.0,26.3,B
2021-06-14T13:14:19,400.0,26.3,B
2021-06-14T13:13:54,700.0,26.3,B
2021-06-14T13:13:50,1000.0,26.3,B
2021-06-14T13:12:39,100.0,26.3,B
2021-06-14T13:12:22,200.0,26.25,S
2021-06-14T13:12:20,1000.0,26.3,B
2021-06-14T13:11:57,2000.0,26.3,B
2021-06-14T13:11:43,1000.0,26.3,B
2021-06-14T13:11:37,1000.0,26.3,B
2021-06-14T13:11:37,3000.0,26.25,S
2021-06-14T13:11:29,200.0,26.3,B
2021-06-14T13:11:22,100.0,26.3,B
2021-06-14T13:11:05,700.0,26.3,B
2021-06-14T13:11:05,1300.0,26.3,B
2021-06-14T13:10:57,100.0,26.3,B
2021-06-14T13:10:46,2300.0,26.3,B
2021-06-14T13:10:34,3000.0,26.3,B
2021-06-14T13:10:23,200.0,26.25,S
2021-06-14T13:10:22,100.0,26.3,B
2021-06-14T13:10:22,100.0,26.3,B
2021-06-14T13:10:19,3000.0,26.3,B
2021-06-14T13:09:59,3000.0,26.3,B
2021-06-14T13:09:45,2000.0,26.3,B
2021-06-14T13:09:06,5000.0,26.3,B
2021-06-14T13:09:03,5000.0,26.3,B
2021-06-14T13:08:55,200.0,26.3,B
2021-06-14T13:08:49,2000.0,26.3,B
2021-06-14T13:08:27,800.0,26.3,B
2021-06-14T13:08:11,1000.0,26.3,B
2021-06-14T13:07:53,1000.0,26.3,B
2021-06-14T13:07:50,3000.0,26.2,B
2021-06-14T13:07:46,100.0,26.15,S
2021-06-14T13:07:38,5000.0,26.2,B
2021-06-14T13:07:28,2000.0,26.2,B
2021-06-14T13:07:23,2000.0,26.2,B
2021-06-14T13:07:21,3200.0,26.2,B
2021-06-14T13:07:14,5000.0,26.2,B
2021-06-14T13:06:57,2000.0,26.2,B
2021-06-14T13:06:46,2000.0,26.2,B
2021-06-14T13:06:45,600.0,26.2,B
2021-06-14T13:06:40,3000.0,26.2,B
2021-06-14T13:06:08,400.0,26.2,B
2021-06-14T13:06:04,5000.0,26.2,B
2021-06-14T13:05:50,200.0,26.2,B
2021-06-14T13:05:35,5000.0,26.2,B
2021-06-14T13:05:21,100.0,26.2,B
2021-06-14T13:05:00,3000.0,26.2,B
2021-06-14T13:04:17,2000.0,26.2,B
2021-06-14T13:03:27,2000.0,26.2,B
2021-06-14T13:02:45,2000.0,26.2,B
2021-06-14T13:02:20,3000.0,26.1,B
2021-06-14T13:02:09,5000.0,26.1,B
2021-06-14T13:01:57,100.0,26.0,S
2021-06-14T13:01:57,2200.0,26.0,S
2021-06-14T13:01:56,2700.0,26.0,S
2021-06-14T13:01:42,200.0,26.0,S
2021-06-14T13:01:31,400.0,26.1,B
2021-06-14T13:01:30,1100.0,26.1,B
2021-06-14T13:01:29,1100.0,26.1,B
2021-06-14T13:01:29,17800.0,26.1,B
2021-06-14T13:01:28,1000.0,26.1,B
2021-06-14T13:01:26,15000.0,26.1,B
2021-06-14T13:00:40,100.0,26.1,B
2021-06-14T13:00:37,100.0,26.0,S
2021-06-14T13:00:37,4900.0,26.0,S
2021-06-14T13:00:36,200.0,26.1,B
2021-06-14T13:00:36,500.0,26.1,B
2021-06-14T13:00:34,500.0,26.1,B
2021-06-14T13:00:33,500.0,26.1,B
2021-06-14T13:00:30,1500.0,26.1,B
2021-06-14T13:00:25,1700.0,26.1,B
2021-06-14T13:00:24,500.0,26.1,B
2021-06-14T13:00:24,100.0,26.1,B
2021-06-14T13:00:23,1900.0,26.1,B
2021-06-14T11:29:47,1000.0,26.1,B
2021-06-14T11:28:53,800.0,26.1,B
2021-06-14T11:28:44,500.0,26.0,B
2021-06-14T11:28:35,300.0,26.0,S
2021-06-14T11:28:24,2400.0,26.0,B
2021-06-14T11:28:24,300.0,26.0,B
2021-06-14T11:28:24,5900.0,26.0,B
2021-06-14T11:28:24,2600.0,26.0,B
2021-06-14T11:28:11,800.0,26.0,B
2021-06-14T11:27:48,3000.0,26.0,B
2021-06-14T11:27:43,1500.0,26.0,B
2021-06-14T11:27:40,6400.0,26.0,B
2021-06-14T11:27:40,100.0,26.0,B
2021-06-14T11:27:40,3500.0,26.0,B
2021-06-14T11:27:20,200.0,26.0,B
2021-06-14T11:27:16,300.0,26.0,B
2021-06-14T11:27:16,1100.0,26.0,B
2021-06-14T11:27:16,100.0,26.0,B
2021-06-14T11:26:50,200.0,26.0,B
2021-06-14T11:26:44,200.0,26.0,B
2021-06-14T11:26:41,400.0,26.0,B
2021-06-14T11:26:41,400.0,26.0,B
2021-06-14T11:26:41,600.0,26.0,B
2021-06-14T11:26:25,1000.0,26.0,B
2021-06-14T11:26:25,2500.0,26.0,B
2021-06-14T11:26:22,1000.0,26.0,B
2021-06-14T11:26:03,1000.0,26.0,B
2021-06-14T11:25:54,100.0,26.0,B
2021-06-14T11:25:32,5900.0,26.0,B
2021-06-14T11:25:32,2000.0,26.0,B
2021-06-14T11:25:32,2100.0,26.0,B
2021-06-14T11:25:26,500.0,26.0,B
2021-06-14T11:23:34,1400.0,26.0,B
2021-06-14T11:23:34,6000.0,26.0,B
2021-06-14T11:23:34,500.0,25.95,B
2021-06-14T11:23:34,300.0,25.95,B
2021-06-14T11:23:34,1300.0,25.95,B
2021-06-14T11:23:34,5500.0,25.9,B
2021-06-14T11:22:27,4600.0,25.9,S
2021-06-14T11:21:43,300.0,25.9,S
2021-06-14T11:21:38,2000.0,25.9,B
2021-06-14T11:21:26,3100.0,25.9,B
2021-06-14T11:18:44,10000.0,25.9,S
2021-06-14T11:18:36,2700.0,25.9,S
2021-06-14T11:17:10,2800.0,25.9,B
2021-06-14T11:16:38,200.0,25.9,B
2021-06-14T11:16:13,400.0,25.9,B
2021-06-14T11:15:36,3200.0,25.9,B
2021-06-14T11:15:36,1200.0,25.9,B
2021-06-14T11:15:36,400.0,25.9,B
2021-06-14T11:15:35,700.0,25.9,B
2021-06-14T11:15:35,1600.0,25.9,B
2021-06-14T11:15:35,2000.0,25.9,B
2021-06-14T11:15:35,600.0,25.9,B
2021-06-14T11:15:35,1400.0,25.9,B
2021-06-14T11:15:35,4200.0,25.9,B
2021-06-14T11:15:35,2400.0,25.9,B
2021-06-14T11:15:35,2300.0,25.9,B
2021-06-14T11:15:24,200.0,25.9,B
2021-06-14T11:13:51,100.0,25.9,B
2021-06-14T11:13:22,100.0,25.85,S
2021-06-14T11:11:46,100.0,25.9,B
2021-06-14T11:10:15,600.0,25.85,S
2021-06-14T11:08:25,100.0,25.9,B
2021-06-14T11:07:29,500.0,25.85,S
2021-06-14T11:07:05,500.0,25.85,S
2021-06-14T11:05:55,2000.0,25.85,S
2021-06-14T11:05:09,5000.0,25.9,B
2021-06-14T11:04:30,200.0,25.9,B
2021-06-14T11:04:20,1300.0,25.9,B
2021-06-14T11:02:59,200.0,25.85,S
2021-06-14T11:00:35,100.0,25.85,S
2021-06-14T10:59:47,100.0,25.85,S
2021-06-14T10:59:35,2100.0,25.85,S
2021-06-14T10:57:41,200.0,25.85,S
2021-06-14T10:57:35,1000.0,25.85,S
2021-06-14T10:57:22,500.0,25.85,B
2021-06-14T10:57:15,900.0,25.85,B
2021-06-14T10:56:55,100.0,25.85,B
2021-06-14T10:56:07,1000.0,25.85,B
2021-06-14T10:55:43,12000.0,25.85,B
2021-06-14T10:55:39,500.0,25.8,S
2021-06-14T10:55:32,1000.0,25.8,S
2021-06-14T10:55:06,20000.0,25.8,S
2021-06-14T10:53:56,5000.0,25.8,S
2021-06-14T10:52:36,200.0,25.85,B
2021-06-14T10:52:13,200.0,25.85,B
2021-06-14T10:51:47,1000.0,25.85,B
2021-06-14T10:50:28,300.0,25.85,B
2021-06-14T10:50:24,800.0,25.85,B
2021-06-14T10:48:52,100.0,25.85,B
2021-06-14T10:48:05,8800.0,25.85,B
2021-06-14T10:48:05,1200.0,25.85,B
2021-06-14T10:48:00,100.0,25.85,B
2021-06-14T10:47:11,100.0,25.85,B
2021-06-14T10:44:51,200.0,25.85,B
2021-06-14T10:44:51,2500.0,25.85,B
2021-06-14T10:44:50,2300.0,25.85,B
2021-06-14T10:43:08,200.0,25.85,B
2021-06-14T10:43:00,100.0,25.8,S
2021-06-14T10:42:53,100.0,25.8,S
2021-06-14T10:42:25,1000.0,25.8,S
2021-06-14T10:42:03,100.0,25.8,S
2021-06-14T10:41:34,100.0,25.8,S
2021-06-14T10:41:15,400.0,25.85,B
2021-06-14T10:40:35,800.0,25.85,B
2021-06-14T10:40:14,200.0,25.85,B
2021-06-14T10:39:33,1000.0,25.85,B
2021-06-14T10:38:49,300.0,25.8,S
2021-06-14T10:38:32,100.0,25.8,S
2021-06-14T10:38:17,500.0,25.85,B
2021-06-14T10:38:01,200.0,25.8,S
2021-06-14T10:37:11,1000.0,25.8,S
2021-06-14T10:37:00,3000.0,25.8,S
2021-06-14T10:36:39,1500.0,25.8,S
2021-06-14T10:35:59,1000.0,25.8,S
2021-06-14T10:35:14,1500.0,25.8,S
2021-06-14T10:34:48,100.0,25.8,S
2021-06-14T10:34:06,100.0,25.8,S
2021-06-14T10:30:32,1000.0,25.8,S
2021-06-14T10:30:31,5000.0,25.85,B
2021-06-14T10:29:54,1900.0,25.8,S
2021-06-14T10:29:31,5000.0,25.8,S
2021-06-14T10:29:12,500.0,25.85,B
2021-06-14T10:27:50,9500.0,25.85,B
2021-06-14T10:27:22,600.0,25.8,S
2021-06-14T10:27:22,4200.0,25.8,S
2021-06-14T10:26:41,500.0,25.8,S
2021-06-14T10:26:21,300.0,25.8,S
2021-06-14T10:26:21,200.0,25.8,S
2021-06-14T10:25:21,200.0,25.8,B
2021-06-14T10:25:20,1200.0,25.8,B
2021-06-14T10:25:20,700.0,25.8,B
2021-06-14T10:25:20,7800.0,25.8,B
2021-06-14T10:24:19,1300.0,25.8,B
2021-06-14T10:24:09,200.0,25.8,B
2021-06-14T10:24:03,1000.0,25.75,S
2021-06-14T10:23:57,500.0,25.8,B
2021-06-14T10:22:30,5800.0,25.75,S
2021-06-14T10:22:24,1000.0,25.75,S
2021-06-14T10:20:09,1200.0,25.75,S
2021-06-14T10:17:59,300.0,25.75,S
2021-06-14T10:17:20,1200.0,25.75,S
2021-06-14T10:14:46,1900.0,25.75,B
2021-06-14T10:14:22,4000.0,25.75,B
2021-06-14T10:13:21,100.0,25.75,B
2021-06-14T10:12:48,2000.0,25.75,B
2021-06-14T10:11:20,100.0,25.75,B
2021-06-14T10:10:17,300.0,25.7,S
2021-06-14T10:10:17,400.0,25.7,S
2021-06-14T10:10:17,1000.0,25.7,S
2021-06-14T10:10:03,300.0,25.75,B
2021-06-14T10:09:27,200.0,25.7,S
2021-06-14T10:07:57,1000.0,25.7,S
2021-06-14T10:07:50,3000.0,25.75,B
2021-06-14T10:07:01,3000.0,25.75,B
2021-06-14T10:06:55,100.0,25.75,B
2021-06-14T10:06:22,2000.0,25.75,B
2021-06-14T10:05:49,3800.0,25.75,B
2021-06-14T10:03:39,1400.0,25.7,S
2021-06-14T10:01:32,6600.0,25.75,B
2021-06-14T10:01:29,200.0,25.7,S
2021-06-14T10:01:27,1500.0,25.7,S
2021-06-14T10:01:10,2000.0,25.7,S
2021-06-14T10:00:27,6300.0,25.7,S
2021-06-14T09:59:29,700.0,25.7,S
2021-06-14T09:59:22,700.0,25.7,S
2021-06-14T09:59:22,300.0,25.7,S
2021-06-14T09:59:22,1000.0,25.7,S
2021-06-14T09:57:47,1000.0,25.7,S
2021-06-14T09:56:00,1500.0,25.7,S
2021-06-14T09:55:19,500.0,25.75,B
2021-06-14T09:54:07,1000.0,25.75,B
2021-06-14T09:51:55,100.0,25.8,B
2021-06-14T09:51:31,100.0,25.7,S
2021-06-14T09:51:08,100.0,25.7,S
2021-06-14T09:50:29,700.0,25.7,S
2021-06-14T09:50:03,100.0,25.8,B
2021-06-14T09:50:02,900.0,25.8,B
2021-06-14T09:49:19,500.0,25.75,S
2021-06-14T09:49:16,1000.0,25.75,S
2021-06-14T09:48:15,2000.0,25.7,S
2021-06-14T09:48:07,600.0,25.75,S
2021-06-14T09:48:06,600.0,25.75,S
2021-06-14T09:48:01,5000.0,25.8,B
2021-06-14T09:47:46,100.0,25.8,B
2021-06-14T09:47:45,2500.0,25.8,B
2021-06-14T09:47:44,300.0,25.8,B
2021-06-14T09:47:19,200.0,25.8,B
2021-06-14T09:46:37,100.0,25.8,S
2021-06-14T09:46:14,1000.0,25.8,S
2021-06-14T09:45:42,100.0,25.8,S
2021-06-14T09:45:24,8300.0,25.8,S
2021-06-14T09:45:20,1000.0,25.8,S
2021-06-14T09:44:29,500.0,25.8,S
2021-06-14T09:44:16,1000.0,25.8,S
2021-06-14T09:44:14,2000.0,25.8,S
2021-06-14T09:43:49,1300.0,25.8,S
2021-06-14T09:43:44,100.0,25.8,S
2021-06-14T09:42:31,1000.0,25.8,S
2021-06-14T09:42:20,100.0,25.8,S
2021-06-14T09:41:32,2000.0,25.8,S
2021-06-14T09:41:25,400.0,25.8,S
2021-06-14T09:40:10,100.0,25.8,S
2021-06-14T09:39:56,500.0,25.8,S
2021-06-14T09:39:53,1200.0,25.9,B
2021-06-14T09:39:53,4600.0,25.9,B
2021-06-14T09:39:31,400.0,25.8,S
2021-06-14T09:39:18,3000.0,25.8,S
2021-06-14T09:38:29,200.0,25.8,S
2021-06-14T09:38:29,2000.0,25.8,S
2021-06-14T09:38:29,1300.0,25.8,S
2021-06-14T09:38:25,1000.0,25.85,S
2021-06-14T09:38:13,4800.0,25.8,S
2021-06-14T09:38:10,500.0,25.8,S
2021-06-14T09:38:00,1000.0,25.8,S
2021-06-14T09:37:46,100.0,25.85,S
2021-06-14T09:37:20,1000.0,25.8,S
2021-06-14T09:37:18,300.0,25.85,S
2021-06-14T09:36:32,500.0,25.85,S
2021-06-14T09:36:20,500.0,25.8,S
2021-06-14T09:35:22,100.0,25.85,S
2021-06-14T09:35:08,1000.0,25.9,B
2021-06-14T09:34:40,400.0,25.85,S
2021-06-14T09:34:31,1000.0,25.85,S
2021-06-14T09:34:03,100.0,25.9,B
2021-06-14T09:33:53,1000.0,25.9,B
2021-06-14T09:33:04,1000.0,25.8,S
2021-06-14T09:33:01,1000.0,25.9,B
2021-06-14T09:32:49,100.0,25.9,B
2021-06-14T09:32:25,100.0,25.8,S
2021-06-14T09:31:38,100.0,25.8,S
2021-06-14T09:31:31,400.0,25.8,S
2021-06-14T09:31:25,8500.0,26.0,B
2021-06-14T09:31:24,4900.0,26.0,B
2021-06-14T09:31:24,5500.0,25.9,B
2021-06-14T09:30:50,700.0,25.85,B
2021-06-14T09:30:41,300.0,25.9,B
2021-06-14T09:30:31,1000.0,25.9,B
2021-06-14T09:30:22,1000.0,25.9,B
2021-06-14T09:29:32,100.0,25.9,B
2021-06-14T09:29:20,1000.0,25.9,B
2021-06-14T09:29:08,1000.0,25.8,S
2021-06-14T09:29:06,300.0,25.85,B
2021-06-14T09:29:02,1000.0,25.85,B
2021-06-14T09:28:36,200.0,25.85,B
2021-06-14T09:28:31,1000.0,25.85,B
2021-06-14T09:28:30,500.0,25.85,B
2021-06-14T09:28:22,1400.0,25.8,S
2021-06-14T09:28:14,100.0,25.85,B
2021-06-14T09:28:03,1000.0,25.85,B
2021-06-14T09:27:42,2000.0,25.8,S
2021-06-14T09:26:51,100.0,25.85,B
2021-06-14T09:26:19,3800.0,25.9,B
2021-06-14T09:26:06,200.0,25.9,B
2021-06-14T09:24:50,2000.0,25.9,B
2021-06-14T09:24:28,3300.0,25.85,S
2021-06-14T09:24:28,600.0,25.85,S
2021-06-14T09:24:20,100.0,25.9,B
2021-06-14T09:24:16,1900.0,25.9,B
2021-06-14T09:24:11,4000.0,25.9,B
2021-06-14T09:23:47,600.0,25.9,B
2021-06-14T09:23:45,2800.0,25.9,B
2021-06-14T09:23:42,200.0,25.9,B
2021-06-14T09:23:19,800.0,25.9,B
2021-06-14T09:23:13,1000.0,25.9,B
2021-06-14T09:22:48,3000.0,25.9,B
2021-06-14T09:22:41,100.0,25.85,S
2021-06-14T09:22:21,3000.0,25.85,S
2021-06-14T09:22:12,2000.0,25.85,S
2021-06-14T09:22:10,2500.0,25.85,S
2021-06-14T09:22:02,300.0,25.9,B
2021-06-14T09:21:58,1100.0,25.9,B
2021-06-14T09:21:53,500.0,25.85,S
2021-06-14T09:21:35,1000.0,25.9,B
2021-06-14T09:21:33,1000.0,25.85,B
2021-06-14T09:21:15,1000.0,25.85,B
2021-06-14T09:20:53,200.0,25.8,B
2021-06-14T09:20:43,500.0,25.8,B
2021-06-14T09:20:33,300.0,25.8,B
2021-06-14T09:20:28,300.0,25.8,B
2021-06-14T09:20:17,500.0,25.8,B
2021-06-14T09:19:49,1000.0,25.8,B
2021-06-14T09:19:25,500.0,25.8,B
2021-06-14T09:18:52,100.0,25.5,S
2021-06-14T09:18:50,200.0,25.8,B
2021-06-14T09:18:47,700.0,25.5,S
2021-06-14T09:18:19,200.0,25.5,B
2021-06-14T09:18:02,1000.0,25.5,B
2021-06-14T09:16:29,1000.0,25.35,S
2021-06-14T09:16:29,1800.0,25.4,S
2021-06-14T09:16:29,200.0,25.85,S
2021-06-14T09:15:42,300.0,25.9,B
2021-06-14T09:15:42,300.0,25.9,B
2021-06-14T09:15:41,500.0,25.9,B
