tradingTime,volume,price,side
2021-06-14T14:25:49,10000.0,103.9,B
2021-06-14T14:24:59,500.0,103.9,B
2021-06-14T14:24:46,1000.0,103.9,B
2021-06-14T14:24:04,1000.0,103.9,B
2021-06-14T14:23:05,600.0,103.9,B
2021-06-14T14:22:03,100.0,103.9,B
2021-06-14T14:21:28,2600.0,103.9,B
2021-06-14T14:21:23,800.0,103.9,B
2021-06-14T14:21:23,300.0,103.8,B
2021-06-14T14:21:03,2400.0,103.9,B
2021-06-14T14:20:44,2900.0,103.8,B
2021-06-14T14:20:35,1500.0,103.1,S
2021-06-14T14:20:14,100.0,103.8,B
2021-06-14T14:20:13,1700.0,103.1,S
2021-06-14T14:20:13,2200.0,103.2,S
2021-06-14T14:20:13,500.0,103.2,S
2021-06-14T14:20:13,3600.0,103.2,S
2021-06-14T14:20:04,200.0,103.8,B
2021-06-14T14:19:40,800.0,103.8,B
2021-06-14T14:19:40,2100.0,103.8,B
2021-06-14T14:19:16,1900.0,103.7,S
2021-06-14T14:19:16,1000.0,103.7,S
2021-06-14T14:18:43,300.0,103.8,B
2021-06-14T14:18:43,2100.0,103.8,B
2021-06-14T14:18:43,1100.0,103.8,B
2021-06-14T14:18:17,2700.0,103.8,B
2021-06-14T14:17:53,2600.0,103.7,B
2021-06-14T14:17:53,5500.0,103.6,B
2021-06-14T14:17:36,5000.0,103.3,S
2021-06-14T14:17:26,700.0,103.6,B
2021-06-14T14:17:26,1000.0,103.5,B
2021-06-14T14:17:25,600.0,103.4,B
2021-06-14T14:17:15,400.0,103.4,B
2021-06-14T14:17:15,1800.0,103.4,B
2021-06-14T14:16:29,200.0,103.2,S
2021-06-14T14:16:29,1500.0,103.2,S
2021-06-14T14:16:15,700.0,103.2,S
2021-06-14T14:16:07,200.0,103.4,B
2021-06-14T14:14:37,100.0,103.2,S
2021-06-14T14:14:20,1200.0,103.2,S
2021-06-14T14:12:09,1400.0,103.1,S
2021-06-14T14:11:41,700.0,103.4,S
2021-06-14T14:11:37,1000.0,103.4,S
2021-06-14T14:10:40,2400.0,103.1,S
2021-06-14T14:10:27,2600.0,103.1,S
2021-06-14T14:10:27,100.0,103.5,S
2021-06-14T14:10:15,1000.0,103.5,S
2021-06-14T14:10:15,2700.0,103.5,S
2021-06-14T14:10:06,1000.0,103.5,S
2021-06-14T14:10:04,1100.0,103.5,S
2021-06-14T14:10:04,3500.0,103.5,S
2021-06-14T14:10:04,600.0,103.4,S
2021-06-14T14:10:04,3200.0,103.4,S
2021-06-14T14:09:47,100.0,103.4,S
2021-06-14T14:09:41,2400.0,103.1,S
2021-06-14T14:09:41,300.0,103.2,S
2021-06-14T14:09:34,2400.0,103.2,S
2021-06-14T14:09:23,2900.0,103.4,S
2021-06-14T14:09:11,2700.0,103.4,S
2021-06-14T14:09:05,100.0,103.5,S
2021-06-14T14:09:03,2400.0,103.4,S
2021-06-14T14:08:57,600.0,103.4,S
2021-06-14T14:08:57,1600.0,103.4,S
2021-06-14T14:08:49,2600.0,103.4,S
2021-06-14T14:08:45,600.0,103.5,S
2021-06-14T14:08:45,200.0,103.5,S
2021-06-14T14:08:45,1500.0,103.5,S
2021-06-14T14:08:33,2100.0,103.5,S
2021-06-14T14:08:24,2700.0,103.5,S
2021-06-14T14:08:18,1600.0,103.5,S
2021-06-14T14:08:18,500.0,103.5,S
2021-06-14T14:08:18,100.0,103.5,S
2021-06-14T14:08:18,1000.0,103.5,S
2021-06-14T14:08:16,2400.0,103.5,S
2021-06-14T14:08:13,100.0,103.6,B
2021-06-14T14:08:01,2600.0,103.5,S
2021-06-14T14:07:51,900.0,103.5,S
2021-06-14T14:07:51,300.0,103.5,S
2021-06-14T14:07:51,1000.0,103.5,S
2021-06-14T14:07:51,600.0,103.5,S
2021-06-14T14:07:51,2200.0,103.5,S
2021-06-14T14:07:46,100.0,103.5,S
2021-06-14T14:07:46,2500.0,103.5,S
2021-06-14T14:07:44,2200.0,103.5,S
2021-06-14T14:07:34,2600.0,103.5,S
2021-06-14T14:07:18,2900.0,103.5,S
2021-06-14T14:07:12,2700.0,103.5,S
2021-06-14T14:07:00,2600.0,103.5,S
2021-06-14T14:06:49,2000.0,103.6,S
2021-06-14T14:06:48,2900.0,103.5,S
2021-06-14T14:06:43,2600.0,103.5,S
2021-06-14T14:06:34,2400.0,103.5,S
2021-06-14T14:06:32,200.0,103.6,S
2021-06-14T14:06:25,900.0,103.6,S
2021-06-14T14:06:18,700.0,103.6,S
2021-06-14T14:06:18,1900.0,103.6,S
2021-06-14T14:06:08,1600.0,103.6,S
2021-06-14T14:06:02,2300.0,103.6,S
2021-06-14T14:06:02,400.0,103.6,S
2021-06-14T14:05:55,2700.0,103.6,S
2021-06-14T14:05:48,100.0,103.8,B
2021-06-14T14:05:40,2300.0,103.6,S
2021-06-14T14:05:35,1600.0,103.7,S
2021-06-14T14:04:38,1600.0,103.7,S
2021-06-14T14:04:31,1100.0,103.7,S
2021-06-14T14:04:24,500.0,103.8,S
2021-06-14T14:04:16,2700.0,103.8,S
2021-06-14T14:03:53,8100.0,104.0,B
2021-06-14T14:03:53,2500.0,104.0,B
2021-06-14T14:03:53,400.0,104.0,B
2021-06-14T14:02:56,900.0,103.9,B
2021-06-14T14:01:27,100.0,103.9,S
2021-06-14T13:59:58,1600.0,104.0,B
2021-06-14T13:59:14,1500.0,104.0,B
2021-06-14T13:58:55,10000.0,103.9,S
2021-06-14T13:58:53,100.0,104.0,B
2021-06-14T13:58:30,200.0,104.0,B
2021-06-14T13:58:27,1000.0,103.9,S
2021-06-14T13:58:16,100.0,104.0,B
2021-06-14T13:57:54,4800.0,104.0,B
2021-06-14T13:57:54,600.0,104.0,B
2021-06-14T13:56:49,4000.0,104.0,B
2021-06-14T13:56:35,400.0,104.0,B
2021-06-14T13:56:35,100.0,104.0,B
2021-06-14T13:56:34,100.0,103.9,S
2021-06-14T13:56:22,1000.0,103.9,S
2021-06-14T13:55:52,1000.0,103.9,S
2021-06-14T13:54:19,3600.0,103.9,S
2021-06-14T13:53:22,1600.0,103.8,S
2021-06-14T13:53:19,2900.0,103.8,S
2021-06-14T13:53:09,1600.0,103.8,S
2021-06-14T13:53:08,5500.0,104.1,B
2021-06-14T13:53:06,2600.0,103.8,S
2021-06-14T13:53:06,1000.0,103.8,S
2021-06-14T13:52:56,1400.0,103.8,S
2021-06-14T13:52:56,100.0,103.8,S
2021-06-14T13:52:56,1100.0,103.8,S
2021-06-14T13:52:51,3000.0,104.0,B
2021-06-14T13:52:49,1100.0,103.8,S
2021-06-14T13:52:48,500.0,103.8,S
2021-06-14T13:52:43,1100.0,103.8,S
2021-06-14T13:52:43,800.0,103.8,S
2021-06-14T13:52:43,500.0,103.9,S
2021-06-14T13:52:31,200.0,104.0,B
2021-06-14T13:51:46,13500.0,104.0,B
2021-06-14T13:50:56,20000.0,104.0,S
2021-06-14T13:50:56,2900.0,103.9,S
2021-06-14T13:50:47,2600.0,103.9,S
2021-06-14T13:50:44,2700.0,104.0,S
2021-06-14T13:50:44,10700.0,104.0,S
2021-06-14T13:50:41,7000.0,104.0,S
2021-06-14T13:50:20,1000.0,104.0,S
2021-06-14T13:50:16,4000.0,104.1,B
2021-06-14T13:49:32,1100.0,104.0,S
2021-06-14T13:49:18,2600.0,104.0,S
2021-06-14T13:48:39,800.0,104.1,B
2021-06-14T13:48:10,2300.0,104.0,S
2021-06-14T13:47:59,4200.0,104.0,S
2021-06-14T13:47:19,500.0,104.1,B
2021-06-14T13:47:07,2100.0,104.1,B
2021-06-14T13:46:54,100.0,104.1,B
2021-06-14T13:46:53,500.0,104.0,S
2021-06-14T13:46:52,5000.0,104.1,B
2021-06-14T13:46:48,1000.0,104.1,B
2021-06-14T13:46:46,100.0,104.0,S
2021-06-14T13:45:43,500.0,104.1,B
2021-06-14T13:45:14,6500.0,104.0,S
2021-06-14T13:45:14,8500.0,104.0,S
2021-06-14T13:44:51,3100.0,104.0,S
2021-06-14T13:44:51,2600.0,104.0,S
2021-06-14T13:44:51,800.0,104.0,S
2021-06-14T13:44:51,300.0,104.0,S
2021-06-14T13:44:51,3200.0,104.0,S
2021-06-14T13:44:49,2000.0,104.0,S
2021-06-14T13:44:19,500.0,104.0,S
2021-06-14T13:44:19,200.0,104.0,S
2021-06-14T13:44:18,4300.0,104.0,S
2021-06-14T13:43:44,1600.0,104.1,B
2021-06-14T13:43:29,1600.0,104.1,B
2021-06-14T13:42:40,5000.0,104.1,S
2021-06-14T13:42:26,8000.0,104.0,S
2021-06-14T13:41:12,100.0,104.1,S
2021-06-14T13:41:12,3400.0,104.1,S
2021-06-14T13:40:01,10000.0,104.1,S
2021-06-14T13:39:37,1000.0,104.1,S
2021-06-14T13:39:20,1000.0,104.2,B
2021-06-14T13:39:13,1000.0,104.2,B
2021-06-14T13:38:13,200.0,104.2,B
2021-06-14T13:38:02,10000.0,104.2,B
2021-06-14T13:37:12,1400.0,104.1,S
2021-06-14T13:36:43,1000.0,104.1,S
2021-06-14T13:36:07,500.0,104.1,S
2021-06-14T13:36:07,200.0,104.1,S
2021-06-14T13:35:19,100.0,104.1,B
2021-06-14T13:34:56,300.0,104.1,B
2021-06-14T13:33:14,2000.0,104.1,B
2021-06-14T13:33:08,100.0,104.1,B
2021-06-14T13:32:55,1600.0,104.1,B
2021-06-14T13:32:24,500.0,104.0,S
2021-06-14T13:32:08,3400.0,104.1,B
2021-06-14T13:32:08,8600.0,104.1,B
2021-06-14T13:31:35,100.0,104.1,B
2021-06-14T13:31:33,100.0,104.0,S
2021-06-14T13:30:56,10500.0,104.1,B
2021-06-14T13:30:39,5000.0,104.1,B
2021-06-14T13:29:46,300.0,104.0,S
2021-06-14T13:29:44,300.0,104.0,S
2021-06-14T13:29:00,100.0,104.0,S
2021-06-14T13:27:29,5000.0,104.0,S
2021-06-14T13:27:19,500.0,104.1,S
2021-06-14T13:26:31,2000.0,104.0,S
2021-06-14T13:26:14,300.0,104.1,S
2021-06-14T13:25:49,5000.0,104.0,S
2021-06-14T13:25:00,200.0,104.1,S
2021-06-14T13:24:56,300.0,104.1,S
2021-06-14T13:23:56,200.0,104.1,S
2021-06-14T13:23:25,1000.0,104.3,B
2021-06-14T13:21:54,600.0,104.0,S
2021-06-14T13:21:54,100.0,104.0,S
2021-06-14T13:21:54,4300.0,104.0,S
2021-06-14T13:21:50,200.0,104.3,S
2021-06-14T13:21:30,1200.0,104.3,S
2021-06-14T13:21:20,500.0,104.3,S
2021-06-14T13:20:51,4900.0,104.0,S
2021-06-14T13:20:41,200.0,104.3,S
2021-06-14T13:20:30,300.0,104.4,S
2021-06-14T13:19:41,1000.0,104.4,S
2021-06-14T13:18:58,300.0,104.3,S
2021-06-14T13:18:50,800.0,104.3,S
2021-06-14T13:18:41,300.0,104.3,S
2021-06-14T13:18:35,400.0,104.3,S
2021-06-14T13:17:50,2200.0,104.4,B
2021-06-14T13:17:35,5600.0,104.4,B
2021-06-14T13:17:31,1600.0,104.4,B
2021-06-14T13:17:30,600.0,104.4,B
2021-06-14T13:17:29,300.0,104.4,B
2021-06-14T13:17:25,1000.0,104.4,B
2021-06-14T13:16:44,100.0,104.4,B
2021-06-14T13:16:15,300.0,104.4,B
2021-06-14T13:15:42,6000.0,104.4,B
2021-06-14T13:15:35,1600.0,104.3,B
2021-06-14T13:15:32,200.0,104.3,B
2021-06-14T13:15:20,1600.0,104.3,B
2021-06-14T13:14:59,1600.0,104.3,B
2021-06-14T13:14:42,1000.0,104.2,S
2021-06-14T13:14:27,3200.0,104.3,B
2021-06-14T13:14:27,800.0,104.2,B
2021-06-14T13:14:27,6000.0,104.2,B
2021-06-14T13:13:57,13500.0,104.1,S
2021-06-14T13:13:57,6500.0,104.1,S
2021-06-14T13:13:41,2000.0,104.1,S
2021-06-14T13:13:24,1000.0,104.2,B
2021-06-14T13:12:46,8000.0,104.1,S
2021-06-14T13:12:28,2000.0,104.1,S
2021-06-14T13:12:15,1000.0,104.1,B
2021-06-14T13:11:52,1000.0,104.1,B
2021-06-14T13:11:01,100.0,104.1,B
2021-06-14T13:10:52,1000.0,104.1,B
2021-06-14T13:10:23,5000.0,104.1,B
2021-06-14T13:10:17,700.0,104.1,B
2021-06-14T13:10:03,4100.0,104.1,B
2021-06-14T13:09:05,1000.0,104.1,B
2021-06-14T13:09:00,100.0,104.0,S
2021-06-14T13:09:00,1800.0,104.0,S
2021-06-14T13:08:46,1000.0,104.0,S
2021-06-14T13:07:15,500.0,104.0,S
2021-06-14T13:07:15,3700.0,104.0,S
2021-06-14T13:07:08,100.0,104.0,S
2021-06-14T13:06:52,1200.0,104.0,S
2021-06-14T13:06:22,600.0,104.0,S
2021-06-14T13:06:16,3200.0,104.0,S
2021-06-14T13:06:06,500.0,104.0,S
2021-06-14T13:05:13,1300.0,104.0,S
2021-06-14T13:04:17,200.0,104.0,B
2021-06-14T13:04:07,1600.0,104.0,B
2021-06-14T13:03:56,1600.0,104.0,B
2021-06-14T13:03:52,1600.0,104.0,B
2021-06-14T13:03:48,100.0,103.9,S
2021-06-14T13:03:28,100.0,104.0,B
2021-06-14T13:03:08,2000.0,104.0,B
2021-06-14T13:01:14,200.0,103.9,S
2021-06-14T13:00:40,100.0,104.0,B
2021-06-14T13:00:38,10400.0,103.9,S
2021-06-14T13:00:37,100.0,103.9,S
2021-06-14T13:00:25,600.0,103.9,S
2021-06-14T13:00:24,400.0,104.2,B
2021-06-14T13:00:24,9600.0,104.0,B
2021-06-14T11:28:51,600.0,103.9,S
2021-06-14T11:23:54,700.0,104.0,B
2021-06-14T11:22:28,500.0,103.9,S
2021-06-14T11:22:28,500.0,104.0,S
2021-06-14T11:22:04,100.0,104.2,B
2021-06-14T11:22:03,300.0,104.0,B
2021-06-14T11:22:03,9200.0,104.0,B
2021-06-14T11:21:12,500.0,104.0,B
2021-06-14T11:20:22,500.0,104.0,B
2021-06-14T11:20:20,1000.0,104.0,B
2021-06-14T11:19:50,900.0,104.0,S
2021-06-14T11:19:36,1200.0,104.0,S
2021-06-14T11:19:00,100.0,104.0,S
2021-06-14T11:18:49,1200.0,104.0,S
2021-06-14T11:17:51,1600.0,104.0,S
2021-06-14T11:17:40,1600.0,104.0,S
2021-06-14T11:17:30,1600.0,104.0,S
2021-06-14T11:17:20,1600.0,104.0,S
2021-06-14T11:17:08,1600.0,104.0,S
2021-06-14T11:17:03,300.0,104.2,B
2021-06-14T11:16:54,2900.0,104.0,S
2021-06-14T11:15:42,2000.0,104.2,S
2021-06-14T11:15:08,500.0,104.2,B
2021-06-14T11:14:50,3400.0,104.2,B
2021-06-14T11:13:51,7000.0,104.2,B
2021-06-14T11:13:25,6600.0,104.0,S
2021-06-14T11:13:15,1400.0,104.1,B
2021-06-14T11:13:15,1600.0,104.1,B
2021-06-14T11:11:48,800.0,104.0,S
2021-06-14T11:11:48,100.0,104.0,S
2021-06-14T11:11:48,2300.0,104.0,S
2021-06-14T11:11:37,800.0,104.0,S
2021-06-14T11:10:56,500.0,104.0,S
2021-06-14T11:10:12,900.0,104.1,B
2021-06-14T11:09:05,2500.0,104.1,S
2021-06-14T11:07:45,1200.0,104.1,S
2021-06-14T11:06:45,1000.0,104.1,S
2021-06-14T11:06:24,700.0,104.1,S
2021-06-14T11:06:09,300.0,104.2,B
2021-06-14T11:05:19,200.0,104.1,S
2021-06-14T11:05:04,1600.0,104.2,B
2021-06-14T11:04:43,1600.0,104.2,B
2021-06-14T11:04:26,1600.0,104.2,B
2021-06-14T11:04:10,1600.0,104.2,B
2021-06-14T11:03:39,200.0,104.1,B
2021-06-14T11:03:30,1600.0,104.1,B
2021-06-14T11:03:20,1600.0,104.1,B
2021-06-14T11:03:14,1600.0,104.1,B
2021-06-14T11:03:07,1300.0,104.0,S
2021-06-14T11:02:39,1000.0,104.0,S
2021-06-14T11:02:22,600.0,104.0,B
2021-06-14T11:02:13,2200.0,104.0,B
2021-06-14T11:02:12,4000.0,104.0,B
2021-06-14T11:02:08,1000.0,104.0,B
2021-06-14T11:01:59,3000.0,103.9,S
2021-06-14T11:01:49,4000.0,103.9,S
2021-06-14T11:00:54,2600.0,103.9,B
2021-06-14T11:00:12,200.0,103.8,S
2021-06-14T11:00:11,200.0,103.8,S
2021-06-14T11:00:11,200.0,103.8,S
2021-06-14T10:58:49,1600.0,103.9,B
2021-06-14T10:58:39,100.0,103.8,B
2021-06-14T10:58:13,1900.0,103.8,B
2021-06-14T10:57:47,1100.0,103.8,B
2021-06-14T10:56:34,400.0,103.8,B
2021-06-14T10:56:01,1600.0,103.8,B
2021-06-14T10:55:45,2000.0,103.8,B
2021-06-14T10:54:37,1000.0,103.7,S
2021-06-14T10:53:53,1500.0,103.8,B
2021-06-14T10:52:48,1600.0,103.8,S
2021-06-14T10:52:34,1600.0,103.8,S
2021-06-14T10:51:58,200.0,103.8,S
2021-06-14T10:49:23,2000.0,103.9,B
2021-06-14T10:48:30,100.0,103.6,S
2021-06-14T10:47:56,2000.0,103.6,S
2021-06-14T10:47:38,1000.0,103.9,S
2021-06-14T10:46:46,1000.0,103.8,S
2021-06-14T10:46:27,8400.0,104.3,B
2021-06-14T10:46:27,2600.0,104.3,B
2021-06-14T10:46:18,100.0,103.8,S
2021-06-14T10:46:18,1900.0,103.8,S
2021-06-14T10:46:15,300.0,104.2,S
2021-06-14T10:45:57,100.0,104.2,S
2021-06-14T10:45:35,1000.0,104.3,B
2021-06-14T10:44:35,200.0,104.5,B
2021-06-14T10:43:20,3000.0,104.4,B
2021-06-14T10:43:20,6000.0,104.4,B
2021-06-14T10:43:18,1200.0,104.0,B
2021-06-14T10:42:53,400.0,104.0,B
2021-06-14T10:42:46,400.0,104.0,B
2021-06-14T10:42:36,6000.0,104.2,B
2021-06-14T10:42:30,100.0,104.0,B
2021-06-14T10:41:30,15000.0,104.2,B
2021-06-14T10:41:15,200.0,104.0,B
2021-06-14T10:41:15,1000.0,104.0,B
2021-06-14T10:41:15,100.0,104.0,B
2021-06-14T10:41:14,700.0,104.0,B
2021-06-14T10:40:39,800.0,104.0,B
2021-06-14T10:40:38,1700.0,104.0,B
2021-06-14T10:40:02,100.0,104.0,B
2021-06-14T10:39:31,100.0,104.0,B
2021-06-14T10:38:06,500.0,104.0,B
2021-06-14T10:38:06,6500.0,103.9,B
2021-06-14T10:38:06,1000.0,103.9,B
2021-06-14T10:38:05,2000.0,103.9,B
2021-06-14T10:37:47,400.0,103.9,B
2021-06-14T10:36:48,100.0,103.8,S
2021-06-14T10:36:00,400.0,103.8,S
2021-06-14T10:35:46,1200.0,103.9,B
2021-06-14T10:35:27,100.0,103.8,S
2021-06-14T10:35:24,1800.0,103.8,S
2021-06-14T10:34:56,100.0,103.8,S
2021-06-14T10:34:36,100.0,103.8,S
2021-06-14T10:34:36,100.0,103.8,S
2021-06-14T10:34:23,100.0,103.9,B
2021-06-14T10:34:13,1000.0,103.9,B
2021-06-14T10:34:02,100.0,103.9,B
2021-06-14T10:31:25,200.0,103.9,S
2021-06-14T10:31:18,400.0,104.0,B
2021-06-14T10:30:30,2700.0,104.0,B
2021-06-14T10:30:30,100.0,103.9,B
2021-06-14T10:30:30,100.0,103.9,B
2021-06-14T10:30:30,100.0,103.9,B
2021-06-14T10:30:16,5100.0,103.9,B
2021-06-14T10:30:16,4900.0,103.9,B
2021-06-14T10:29:53,2000.0,103.8,S
2021-06-14T10:29:51,200.0,103.8,S
2021-06-14T10:29:26,300.0,103.9,B
2021-06-14T10:29:26,800.0,103.9,B
2021-06-14T10:29:25,200.0,103.8,S
2021-06-14T10:29:13,1600.0,103.8,S
2021-06-14T10:29:03,1000.0,103.9,B
2021-06-14T10:27:58,3900.0,103.9,B
2021-06-14T10:27:58,5500.0,103.9,B
2021-06-14T10:27:58,3000.0,103.9,B
2021-06-14T10:27:38,5600.0,103.6,S
2021-06-14T10:27:38,100.0,103.6,S
2021-06-14T10:27:38,4300.0,103.6,S
2021-06-14T10:26:58,10000.0,103.8,S
2021-06-14T10:26:49,3300.0,103.8,S
2021-06-14T10:26:35,500.0,103.8,S
2021-06-14T10:25:52,300.0,103.8,S
2021-06-14T10:25:46,1000.0,103.8,S
2021-06-14T10:25:01,1000.0,103.8,S
2021-06-14T10:24:51,500.0,103.8,S
2021-06-14T10:24:44,400.0,103.9,B
2021-06-14T10:24:44,1100.0,103.9,B
2021-06-14T10:24:44,3500.0,103.9,B
2021-06-14T10:24:15,300.0,103.8,S
2021-06-14T10:23:50,700.0,103.8,S
2021-06-14T10:22:55,200.0,103.8,S
2021-06-14T10:22:42,200.0,103.8,S
2021-06-14T10:22:38,500.0,103.8,S
2021-06-14T10:22:04,100.0,103.8,B
2021-06-14T10:22:02,200.0,103.8,B
2021-06-14T10:21:28,1000.0,103.8,B
2021-06-14T10:21:12,1000.0,103.8,B
2021-06-14T10:21:12,1200.0,103.8,B
2021-06-14T10:17:31,200.0,103.8,B
2021-06-14T10:17:09,1000.0,103.5,S
2021-06-14T10:17:01,200.0,103.5,S
2021-06-14T10:16:46,100.0,103.6,S
2021-06-14T10:15:08,1000.0,103.5,S
2021-06-14T10:15:08,400.0,103.6,S
2021-06-14T10:14:08,800.0,103.8,S
2021-06-14T10:14:02,200.0,103.8,S
2021-06-14T10:14:02,1200.0,103.8,S
2021-06-14T10:13:42,100.0,103.9,B
2021-06-14T10:11:46,1400.0,103.9,B
2021-06-14T10:11:46,700.0,103.9,B
2021-06-14T10:11:46,3900.0,103.9,B
2021-06-14T10:11:45,100.0,103.8,S
2021-06-14T10:11:37,200.0,103.7,S
2021-06-14T10:11:34,300.0,103.7,S
2021-06-14T10:11:28,100.0,103.8,S
2021-06-14T10:11:24,500.0,103.8,S
2021-06-14T10:11:01,100.0,103.8,S
2021-06-14T10:11:00,400.0,103.8,S
2021-06-14T10:10:20,100.0,103.8,S
2021-06-14T10:09:29,100.0,103.9,B
2021-06-14T10:09:24,1000.0,103.9,B
2021-06-14T10:09:09,200.0,103.9,B
2021-06-14T10:09:09,10000.0,103.9,B
2021-06-14T10:08:50,100.0,103.9,B
2021-06-14T10:08:48,1900.0,103.7,S
2021-06-14T10:08:47,800.0,103.7,S
2021-06-14T10:08:47,300.0,103.8,S
2021-06-14T10:08:26,900.0,103.9,B
2021-06-14T10:07:25,1100.0,103.9,S
2021-06-14T10:05:46,700.0,103.9,S
2021-06-14T10:05:10,500.0,103.9,S
2021-06-14T10:03:22,2000.0,103.9,S
2021-06-14T10:03:20,10600.0,104.0,B
2021-06-14T10:03:04,5000.0,103.9,B
2021-06-14T10:03:02,2700.0,103.9,B
2021-06-14T10:03:01,300.0,103.9,B
2021-06-14T10:02:52,10000.0,104.0,B
2021-06-14T10:02:17,100.0,103.8,S
2021-06-14T10:02:15,2400.0,103.8,S
2021-06-14T10:02:09,100.0,103.9,B
2021-06-14T10:01:43,600.0,103.9,B
2021-06-14T10:01:38,300.0,103.9,B
2021-06-14T10:01:34,1000.0,103.9,B
2021-06-14T10:01:15,500.0,103.9,B
2021-06-14T10:00:30,1000.0,103.9,B
2021-06-14T10:00:24,700.0,103.9,B
2021-06-14T09:59:55,900.0,103.9,B
2021-06-14T09:59:49,1000.0,103.9,B
2021-06-14T09:59:47,1400.0,103.9,B
2021-06-14T09:59:33,1000.0,103.9,B
2021-06-14T09:59:23,300.0,103.9,B
2021-06-14T09:59:13,500.0,103.9,B
2021-06-14T09:59:03,4300.0,103.9,B
2021-06-14T09:56:40,700.0,103.9,S
2021-06-14T09:56:25,1300.0,104.0,S
2021-06-14T09:56:25,800.0,104.0,S
2021-06-14T09:56:25,100.0,104.0,S
2021-06-14T09:56:25,400.0,104.0,S
2021-06-14T09:56:25,2000.0,104.0,S
2021-06-14T09:56:15,500.0,104.0,S
2021-06-14T09:56:02,300.0,104.0,S
2021-06-14T09:56:02,200.0,104.0,S
2021-06-14T09:56:00,1700.0,104.0,S
2021-06-14T09:55:40,8400.0,104.0,S
2021-06-14T09:55:20,100.0,104.1,S
2021-06-14T09:55:20,100.0,104.1,S
2021-06-14T09:54:22,1000.0,104.0,S
2021-06-14T09:54:17,300.0,104.0,S
2021-06-14T09:53:35,300.0,104.0,S
2021-06-14T09:53:35,200.0,104.0,S
2021-06-14T09:53:35,9500.0,104.0,S
2021-06-14T09:53:24,600.0,104.0,S
2021-06-14T09:53:23,2100.0,104.0,S
2021-06-14T09:53:23,3100.0,104.0,S
2021-06-14T09:53:23,7200.0,104.1,S
2021-06-14T09:53:17,1800.0,104.1,S
2021-06-14T09:53:17,1000.0,104.1,S
2021-06-14T09:53:16,2200.0,104.1,S
2021-06-14T09:52:58,100.0,104.1,S
2021-06-14T09:52:19,800.0,104.2,B
2021-06-14T09:51:58,100.0,104.1,S
2021-06-14T09:51:28,500.0,104.1,S
2021-06-14T09:51:16,2100.0,104.1,S
2021-06-14T09:51:16,2000.0,104.1,S
2021-06-14T09:51:16,900.0,104.1,S
2021-06-14T09:50:56,1000.0,104.1,S
2021-06-14T09:50:46,3000.0,104.1,S
2021-06-14T09:50:15,1100.0,104.1,S
2021-06-14T09:49:58,3000.0,104.1,S
2021-06-14T09:49:58,2600.0,104.1,S
2021-06-14T09:49:58,3000.0,104.1,S
2021-06-14T09:49:58,3000.0,104.1,S
2021-06-14T09:49:58,7400.0,104.1,S
2021-06-14T09:48:37,5000.0,104.1,S
2021-06-14T09:48:21,1000.0,104.2,B
2021-06-14T09:47:19,100.0,104.2,B
2021-06-14T09:47:14,1800.0,104.1,S
2021-06-14T09:47:01,200.0,104.1,S
2021-06-14T09:47:01,2000.0,104.1,S
2021-06-14T09:46:40,3000.0,104.1,S
2021-06-14T09:46:28,2200.0,104.1,S
2021-06-14T09:46:05,10000.0,104.1,S
2021-06-14T09:46:03,100.0,104.1,S
2021-06-14T09:45:06,2000.0,104.1,S
2021-06-14T09:44:38,400.0,104.1,S
2021-06-14T09:44:37,500.0,104.1,S
2021-06-14T09:44:37,2500.0,104.1,S
2021-06-14T09:44:37,100.0,104.1,S
2021-06-14T09:44:37,1900.0,104.1,S
2021-06-14T09:43:53,100.0,104.1,S
2021-06-14T09:43:45,200.0,104.1,S
2021-06-14T09:43:31,500.0,104.1,S
2021-06-14T09:43:22,1000.0,104.1,S
2021-06-14T09:43:21,100.0,104.1,S
2021-06-14T09:42:08,400.0,104.1,S
2021-06-14T09:40:30,300.0,104.1,S
2021-06-14T09:39:41,500.0,104.1,S
2021-06-14T09:39:32,1000.0,104.2,S
2021-06-14T09:39:29,100.0,104.1,S
2021-06-14T09:39:10,700.0,104.1,S
2021-06-14T09:39:08,200.0,104.1,S
2021-06-14T09:39:00,600.0,104.1,S
2021-06-14T09:38:47,3400.0,104.1,S
2021-06-14T09:38:12,5000.0,104.0,S
2021-06-14T09:38:01,200.0,104.0,S
2021-06-14T09:37:58,1600.0,104.1,S
2021-06-14T09:37:14,100.0,104.2,S
2021-06-14T09:37:13,5000.0,104.0,S
2021-06-14T09:37:05,100.0,104.1,S
2021-06-14T09:36:44,5000.0,104.0,S
2021-06-14T09:36:42,10000.0,104.0,S
2021-06-14T09:36:38,1000.0,104.2,S
2021-06-14T09:36:38,11300.0,104.1,S
2021-06-14T09:36:38,8200.0,104.1,S
2021-06-14T09:36:38,100.0,104.1,S
2021-06-14T09:36:38,10400.0,104.1,S
2021-06-14T09:36:23,700.0,104.1,S
2021-06-14T09:36:20,600.0,104.1,S
2021-06-14T09:35:53,100.0,104.1,S
2021-06-14T09:35:46,100.0,104.2,S
2021-06-14T09:35:11,100.0,104.1,S
2021-06-14T09:34:47,100.0,104.1,S
2021-06-14T09:34:42,200.0,104.1,S
2021-06-14T09:34:31,5000.0,104.2,S
2021-06-14T09:34:18,400.0,104.2,S
2021-06-14T09:34:05,100.0,104.1,S
2021-06-14T09:33:58,200.0,104.1,S
2021-06-14T09:33:53,5000.0,104.1,S
2021-06-14T09:33:35,2200.0,104.1,S
2021-06-14T09:33:04,100.0,104.1,S
2021-06-14T09:33:04,2600.0,104.2,S
2021-06-14T09:32:42,2600.0,104.1,S
2021-06-14T09:32:25,2000.0,104.1,S
2021-06-14T09:32:21,100.0,104.4,S
2021-06-14T09:32:17,3500.0,104.1,S
2021-06-14T09:32:01,200.0,104.5,S
2021-06-14T09:31:58,100.0,104.1,S
2021-06-14T09:30:55,500.0,104.5,S
2021-06-14T09:30:49,10500.0,104.1,S
2021-06-14T09:30:49,100.0,104.1,S
2021-06-14T09:30:49,5900.0,104.1,S
2021-06-14T09:30:49,600.0,104.1,S
2021-06-14T09:30:33,3300.0,104.1,S
2021-06-14T09:29:56,1000.0,104.5,S
2021-06-14T09:29:53,400.0,104.2,S
2021-06-14T09:29:24,200.0,104.1,S
2021-06-14T09:29:21,200.0,104.5,S
2021-06-14T09:29:12,600.0,104.6,S
2021-06-14T09:28:58,2900.0,104.1,S
2021-06-14T09:28:18,1000.0,104.6,S
2021-06-14T09:27:58,100.0,104.4,S
2021-06-14T09:27:56,5000.0,104.5,S
2021-06-14T09:27:22,3000.0,104.6,S
2021-06-14T09:27:09,2700.0,104.6,S
2021-06-14T09:27:08,100.0,104.6,S
2021-06-14T09:27:04,500.0,104.6,S
2021-06-14T09:26:57,8200.0,104.6,S
2021-06-14T09:26:57,1800.0,104.6,S
2021-06-14T09:26:49,5000.0,104.8,B
2021-06-14T09:26:47,1000.0,104.6,S
2021-06-14T09:26:41,2900.0,104.6,S
2021-06-14T09:26:22,2000.0,104.6,S
2021-06-14T09:26:20,2600.0,104.6,S
2021-06-14T09:26:20,300.0,104.7,S
2021-06-14T09:25:53,2700.0,104.7,S
2021-06-14T09:25:51,500.0,104.8,S
2021-06-14T09:25:41,900.0,104.8,S
2021-06-14T09:25:13,1700.0,104.8,S
2021-06-14T09:24:07,300.0,104.8,S
2021-06-14T09:23:37,700.0,104.6,S
2021-06-14T09:23:01,2700.0,104.6,S
2021-06-14T09:22:36,1000.0,104.9,S
2021-06-14T09:22:02,1300.0,104.9,S
2021-06-14T09:21:05,8700.0,104.9,B
2021-06-14T09:20:58,1500.0,104.8,S
2021-06-14T09:20:30,10000.0,104.9,B
2021-06-14T09:20:09,100.0,104.8,S
2021-06-14T09:19:37,100.0,104.9,B
2021-06-14T09:19:37,700.0,104.9,B
2021-06-14T09:19:34,200.0,104.9,B
2021-06-14T09:19:29,100.0,104.8,S
2021-06-14T09:19:25,5000.0,104.9,B
2021-06-14T09:18:55,1000.0,104.9,B
2021-06-14T09:18:32,100.0,104.9,S
2021-06-14T09:17:55,1200.0,104.9,S
2021-06-14T09:17:14,400.0,104.9,S
2021-06-14T09:17:13,500.0,104.9,S
2021-06-14T09:16:55,500.0,104.9,S
2021-06-14T09:15:46,300.0,104.9,S
2021-06-14T09:15:45,700.0,104.9,S
2021-06-14T09:15:44,300.0,104.9,S
2021-06-14T09:15:42,2000.0,105.0,B
2021-06-14T09:15:42,300.0,105.0,B
