tradingTime,volume,price,side
2021-06-14T14:46:31,500.0,13.1,B
2021-06-14T14:44:26,200.0,13.0,S
2021-06-14T14:43:06,3500.0,13.0,S
2021-06-14T14:40:11,2500.0,13.0,S
2021-06-14T14:40:01,2000.0,13.1,B
2021-06-14T14:35:31,1000.0,13.1,B
2021-06-14T14:34:31,200.0,13.1,B
2021-06-14T14:19:23,200.0,13.1,B
2021-06-14T14:11:52,3000.0,13.0,S
2021-06-14T14:10:56,3000.0,13.0,S
2021-06-14T14:04:35,1000.0,13.1,S
2021-06-14T14:03:16,200.0,13.1,S
2021-06-14T14:01:36,300.0,13.1,S
2021-06-14T14:00:54,500.0,13.1,B
2021-06-14T13:58:49,10000.0,13.1,B
2021-06-14T13:55:02,1000.0,13.1,B
2021-06-14T13:46:37,5000.0,13.1,B
2021-06-14T13:45:49,2300.0,13.1,B
2021-06-14T13:44:40,100.0,13.1,S
2021-06-14T13:43:29,1000.0,13.1,S
2021-06-14T13:34:15,100.0,13.1,S
2021-06-14T13:33:52,1000.0,13.1,S
2021-06-14T13:33:52,500.0,13.1,S
2021-06-14T13:33:32,300.0,13.1,S
2021-06-14T13:32:08,1000.0,13.1,S
2021-06-14T13:30:49,5000.0,13.1,S
2021-06-14T13:29:11,200.0,13.1,S
2021-06-14T13:26:57,500.0,13.1,S
2021-06-14T13:25:21,200.0,13.1,S
2021-06-14T13:24:47,20000.0,13.1,S
2021-06-14T13:24:29,1000.0,13.1,S
2021-06-14T13:23:57,900.0,13.1,S
2021-06-14T13:22:52,400.0,13.1,B
2021-06-14T13:22:06,9600.0,13.1,S
2021-06-14T13:22:00,400.0,13.1,S
2021-06-14T13:21:42,300.0,13.1,S
2021-06-14T13:21:06,700.0,13.1,S
2021-06-14T13:20:59,100.0,13.1,S
2021-06-14T13:20:44,1000.0,13.1,S
2021-06-14T13:19:17,100.0,13.1,S
2021-06-14T13:19:07,1000.0,13.1,S
2021-06-14T13:18:12,300.0,13.1,S
2021-06-14T13:17:46,69500.0,13.1,B
2021-06-14T13:15:07,300.0,13.1,B
2021-06-14T13:15:06,100.0,13.1,B
2021-06-14T13:12:07,200.0,13.1,B
2021-06-14T13:11:12,200.0,13.1,B
2021-06-14T13:09:25,300.0,13.0,S
2021-06-14T13:05:43,2000.0,13.0,S
2021-06-14T13:05:08,2000.0,13.0,S
2021-06-14T13:03:44,4000.0,13.0,S
2021-06-14T11:27:34,100.0,13.0,S
2021-06-14T11:26:59,100.0,13.0,S
2021-06-14T11:25:43,1000.0,13.0,S
2021-06-14T11:18:35,5000.0,13.1,B
2021-06-14T11:17:12,100.0,13.0,S
2021-06-14T11:12:33,600.0,13.0,S
2021-06-14T11:12:19,300.0,13.0,S
2021-06-14T11:11:52,1000.0,13.0,S
2021-06-14T11:10:33,200.0,13.0,S
2021-06-14T11:08:52,1500.0,13.0,S
2021-06-14T11:08:35,100.0,13.0,B
2021-06-14T11:08:14,300.0,13.0,B
2021-06-14T11:08:06,900.0,13.0,B
2021-06-14T11:07:29,1200.0,13.0,S
2021-06-14T11:07:11,3800.0,13.0,B
2021-06-14T11:05:26,6200.0,13.0,S
2021-06-14T10:51:30,200.0,13.1,B
2021-06-14T10:50:58,100.0,13.1,B
2021-06-14T10:49:10,200.0,13.1,B
2021-06-14T10:42:25,200.0,13.1,B
2021-06-14T10:40:01,1000.0,13.0,S
2021-06-14T10:33:38,12400.0,13.0,S
2021-06-14T10:23:32,200.0,13.1,B
2021-06-14T10:20:48,3000.0,13.1,B
2021-06-14T10:16:02,500.0,13.0,S
2021-06-14T10:12:57,100.0,13.0,S
2021-06-14T10:11:42,200.0,13.0,S
2021-06-14T10:04:01,200.0,13.1,B
2021-06-14T10:01:50,500.0,13.1,B
2021-06-14T10:00:35,500.0,13.1,B
2021-06-14T10:00:06,300.0,13.0,S
2021-06-14T09:57:21,100.0,13.0,S
2021-06-14T09:45:27,200.0,13.1,B
2021-06-14T09:41:16,200.0,13.1,S
2021-06-14T09:40:23,500.0,13.1,S
2021-06-14T09:40:06,4000.0,13.1,S
2021-06-14T09:39:20,3000.0,13.1,S
2021-06-14T09:39:04,1100.0,13.1,S
2021-06-14T09:38:55,2000.0,13.1,S
2021-06-14T09:37:56,100.0,13.1,S
2021-06-14T09:37:53,100.0,13.1,S
2021-06-14T09:37:45,500.0,13.1,S
2021-06-14T09:33:18,3700.0,13.1,S
2021-06-14T09:30:48,200.0,13.1,S
2021-06-14T09:30:26,1000.0,13.1,S
2021-06-14T09:27:14,500.0,13.2,B
2021-06-14T09:27:07,100.0,13.2,B
2021-06-14T09:20:14,100.0,13.2,B
2021-06-14T09:18:23,2000.0,13.1,B
2021-06-14T09:17:52,3000.0,13.1,S
2021-06-14T09:15:43,200.0,13.2,B
2021-06-14T09:15:42,2000.0,13.1,S
2021-06-14T09:13:32,100.0,13.2,S
2021-06-14T09:12:09,2900.0,13.2,B
2021-06-14T09:12:01,2300.0,13.2,B
2021-06-14T09:11:37,1000.0,13.2,B
2021-06-14T09:11:18,1900.0,13.2,B
2021-06-14T09:10:47,100.0,13.2,B
2021-06-14T09:10:25,700.0,13.2,S
2021-06-14T09:08:57,200.0,13.2,S
2021-06-14T09:08:49,3000.0,13.2,S
2021-06-14T09:08:13,100.0,13.2,B
2021-06-14T09:08:11,1900.0,13.2,B
2021-06-14T09:07:38,500.0,13.2,B
2021-06-14T09:06:45,2000.0,13.2,B
2021-06-14T09:06:26,300.0,13.1,S
2021-06-14T09:05:51,100.0,13.1,S
2021-06-14T09:05:43,1100.0,13.2,S
