tradingTime,volume,price,side
2021-06-14T14:29:58,1000.0,40.8,B
2021-06-14T14:29:57,600.0,40.8,B
2021-06-14T14:29:48,100.0,40.7,S
2021-06-14T14:29:42,3100.0,40.8,B
2021-06-14T14:29:34,3000.0,40.8,B
2021-06-14T14:29:31,400.0,40.7,S
2021-06-14T14:29:29,100.0,40.8,B
2021-06-14T14:29:18,900.0,40.7,S
2021-06-14T14:29:07,10000.0,40.7,S
2021-06-14T14:29:07,500.0,40.9,B
2021-06-14T14:29:05,500.0,40.8,S
2021-06-14T14:29:03,100.0,40.9,B
2021-06-14T14:29:01,200.0,40.9,B
2021-06-14T14:28:58,500.0,40.8,S
2021-06-14T14:28:56,2500.0,40.8,S
2021-06-14T14:28:56,5000.0,40.8,S
2021-06-14T14:28:52,2000.0,40.8,S
2021-06-14T14:28:43,4000.0,40.8,S
2021-06-14T14:28:42,500.0,40.9,B
2021-06-14T14:28:36,1000.0,40.9,B
2021-06-14T14:28:34,300.0,40.8,S
2021-06-14T14:28:32,20300.0,40.9,B
2021-06-14T14:28:24,500.0,40.8,S
2021-06-14T14:28:19,2000.0,40.9,B
2021-06-14T14:28:15,500.0,40.8,S
2021-06-14T14:28:10,2000.0,40.8,S
2021-06-14T14:28:05,100.0,40.9,B
2021-06-14T14:28:04,2000.0,40.8,S
2021-06-14T14:28:01,100.0,40.8,S
2021-06-14T14:27:59,700.0,40.9,B
2021-06-14T14:27:53,5000.0,40.8,S
2021-06-14T14:27:43,1000.0,40.9,B
2021-06-14T14:27:42,500.0,40.9,B
2021-06-14T14:27:41,1200.0,40.9,B
2021-06-14T14:27:40,2000.0,40.9,B
2021-06-14T14:27:33,10000.0,40.9,B
2021-06-14T14:27:29,10000.0,40.9,B
2021-06-14T14:27:20,2000.0,40.9,B
2021-06-14T14:27:19,2000.0,40.8,S
2021-06-14T14:27:17,200.0,40.9,B
2021-06-14T14:27:17,100.0,40.8,S
2021-06-14T14:27:15,1400.0,40.9,B
2021-06-14T14:27:14,300.0,40.9,B
2021-06-14T14:27:14,31300.0,40.8,S
2021-06-14T14:27:13,4500.0,40.9,B
2021-06-14T14:27:10,1000.0,40.9,B
2021-06-14T14:27:00,1000.0,40.9,B
2021-06-14T14:26:59,5000.0,40.8,S
2021-06-14T14:26:56,100.0,40.9,B
2021-06-14T14:26:43,2000.0,40.9,B
2021-06-14T14:26:42,1000.0,40.9,B
2021-06-14T14:26:41,5000.0,40.9,B
2021-06-14T14:26:40,1300.0,40.9,B
2021-06-14T14:26:37,300.0,40.9,B
2021-06-14T14:26:33,900.0,40.9,B
2021-06-14T14:26:25,300.0,40.8,S
2021-06-14T14:26:23,100.0,40.9,B
2021-06-14T14:26:23,300.0,40.9,B
2021-06-14T14:26:18,400.0,40.9,B
2021-06-14T14:26:09,1000.0,40.9,B
2021-06-14T14:26:08,300.0,40.9,B
2021-06-14T14:26:03,3600.0,40.9,S
2021-06-14T14:26:02,5000.0,40.9,S
2021-06-14T14:26:00,3000.0,40.9,S
2021-06-14T14:26:00,400.0,40.9,S
2021-06-14T14:25:59,2000.0,40.9,S
2021-06-14T14:25:53,100.0,40.9,S
2021-06-14T14:25:51,500.0,40.9,S
2021-06-14T14:25:50,100.0,41.0,B
2021-06-14T14:25:45,7600.0,40.9,S
2021-06-14T14:25:38,5000.0,40.9,S
2021-06-14T14:25:36,100.0,40.9,S
2021-06-14T14:25:27,600.0,41.0,B
2021-06-14T14:25:24,100.0,40.9,S
2021-06-14T14:25:18,1000.0,41.0,B
2021-06-14T14:25:17,300.0,41.0,B
2021-06-14T14:25:12,200.0,41.0,B
2021-06-14T14:25:10,200.0,41.0,B
2021-06-14T14:25:06,100.0,41.0,B
2021-06-14T14:25:04,2000.0,41.0,B
2021-06-14T14:25:04,5000.0,40.9,S
2021-06-14T14:24:58,100.0,40.9,S
2021-06-14T14:24:56,100.0,41.0,B
2021-06-14T14:24:48,500.0,41.0,B
2021-06-14T14:24:47,4600.0,40.9,S
2021-06-14T14:24:43,500.0,40.9,S
2021-06-14T14:24:41,500.0,40.9,S
2021-06-14T14:24:38,10000.0,40.9,S
2021-06-14T14:24:35,1000.0,40.9,S
2021-06-14T14:24:26,100.0,40.9,S
2021-06-14T14:24:24,3000.0,40.9,S
2021-06-14T14:24:21,4000.0,40.9,B
2021-06-14T14:24:11,3000.0,40.9,S
2021-06-14T14:24:07,2300.0,40.8,S
2021-06-14T14:23:59,700.0,40.8,S
2021-06-14T14:23:59,2000.0,41.0,B
2021-06-14T14:23:57,500.0,40.9,B
2021-06-14T14:23:48,400.0,40.9,S
2021-06-14T14:23:47,100.0,41.0,B
2021-06-14T14:23:46,300.0,40.9,S
2021-06-14T14:23:42,3800.0,40.9,S
2021-06-14T14:23:41,1700.0,40.9,B
2021-06-14T14:23:40,1000.0,40.9,B
2021-06-14T14:23:37,7300.0,40.9,S
2021-06-14T14:23:35,1000.0,40.9,S
2021-06-14T14:23:34,100.0,40.9,S
2021-06-14T14:23:33,1300.0,40.9,S
2021-06-14T14:23:33,500.0,40.8,S
2021-06-14T14:23:32,500.0,40.9,B
2021-06-14T14:23:26,500.0,40.9,B
2021-06-14T14:23:24,1000.0,40.9,B
2021-06-14T14:23:22,1600.0,40.8,S
2021-06-14T14:23:18,2100.0,40.9,S
2021-06-14T14:23:15,1200.0,40.9,S
2021-06-14T14:23:14,6700.0,40.9,S
2021-06-14T14:23:12,2200.0,41.0,B
2021-06-14T14:23:10,200.0,40.9,S
2021-06-14T14:23:06,5000.0,40.9,S
2021-06-14T14:23:04,100.0,40.9,S
2021-06-14T14:23:02,21200.0,41.0,B
2021-06-14T14:22:52,38300.0,40.9,B
2021-06-14T14:22:50,500.0,40.8,S
2021-06-14T14:22:47,1500.0,40.9,B
2021-06-14T14:22:47,20000.0,40.8,S
2021-06-14T14:22:44,200.0,40.8,S
2021-06-14T14:22:42,4000.0,40.9,B
2021-06-14T14:22:39,100.0,40.8,S
2021-06-14T14:22:37,2100.0,40.8,S
2021-06-14T14:22:36,400.0,40.8,S
2021-06-14T14:22:35,900.0,40.8,B
2021-06-14T14:22:32,1000.0,40.8,B
2021-06-14T14:22:31,1500.0,40.7,S
2021-06-14T14:22:30,2400.0,40.8,B
2021-06-14T14:22:29,900.0,40.8,B
2021-06-14T14:22:28,500.0,40.8,B
2021-06-14T14:22:27,2000.0,40.8,S
2021-06-14T14:22:27,600.0,40.8,S
2021-06-14T14:22:26,100.0,40.8,S
2021-06-14T14:22:24,600.0,40.8,S
2021-06-14T14:22:22,500.0,40.8,S
2021-06-14T14:22:22,1200.0,40.8,S
2021-06-14T14:22:17,500.0,40.8,B
2021-06-14T14:22:15,1200.0,40.8,B
2021-06-14T14:22:12,1000.0,40.8,B
2021-06-14T14:22:05,1500.0,40.7,S
2021-06-14T14:22:02,100.0,40.8,B
2021-06-14T14:22:01,300.0,40.8,B
2021-06-14T14:21:56,100.0,40.8,B
2021-06-14T14:21:47,500.0,40.8,S
2021-06-14T14:21:46,4600.0,40.7,S
2021-06-14T14:21:40,2000.0,40.7,S
2021-06-14T14:21:39,100.0,40.8,S
2021-06-14T14:21:38,600.0,40.8,B
2021-06-14T14:21:34,1000.0,40.7,S
2021-06-14T14:21:25,2000.0,40.7,S
2021-06-14T14:21:23,25100.0,40.8,B
2021-06-14T14:21:21,200.0,40.7,S
2021-06-14T14:21:20,200.0,40.6,B
2021-06-14T14:21:20,700.0,40.7,S
2021-06-14T14:21:18,9300.0,40.7,B
2021-06-14T14:21:17,7000.0,40.7,B
2021-06-14T14:21:15,1000.0,40.6,S
2021-06-14T14:21:13,500.0,40.6,S
2021-06-14T14:21:12,200.0,40.6,S
2021-06-14T14:21:11,200.0,40.6,S
2021-06-14T14:21:06,100.0,40.6,S
2021-06-14T14:21:05,500.0,40.6,S
2021-06-14T14:21:04,3600.0,40.6,B
2021-06-14T14:21:03,3000.0,40.6,B
2021-06-14T14:21:02,33000.0,40.6,B
2021-06-14T14:21:00,5000.0,40.6,B
2021-06-14T14:20:58,1000.0,40.6,B
2021-06-14T14:20:57,2000.0,40.6,B
2021-06-14T14:20:50,2400.0,40.4,S
2021-06-14T14:20:44,19500.0,40.5,S
2021-06-14T14:20:42,2000.0,40.4,S
2021-06-14T14:20:40,1000.0,40.4,S
2021-06-14T14:20:38,100.0,40.5,B
2021-06-14T14:20:35,100.0,40.4,S
2021-06-14T14:20:33,300.0,40.4,S
2021-06-14T14:20:32,500.0,40.4,B
2021-06-14T14:20:31,300.0,40.3,S
2021-06-14T14:20:30,5300.0,40.4,B
2021-06-14T14:20:30,1000.0,40.4,B
2021-06-14T14:20:28,1200.0,40.4,B
2021-06-14T14:20:27,1700.0,40.4,B
2021-06-14T14:20:25,4100.0,40.4,B
2021-06-14T14:20:22,3000.0,40.4,B
2021-06-14T14:20:21,200.0,40.4,B
2021-06-14T14:20:20,1000.0,40.4,B
2021-06-14T14:20:20,5700.0,40.3,S
2021-06-14T14:20:18,700.0,40.4,B
2021-06-14T14:20:17,100.0,40.4,B
2021-06-14T14:20:16,100.0,40.4,B
2021-06-14T14:20:15,200.0,40.4,B
2021-06-14T14:20:10,1000.0,40.4,B
2021-06-14T14:20:08,4400.0,40.3,S
2021-06-14T14:20:06,500.0,40.3,S
2021-06-14T14:20:05,2000.0,40.4,B
2021-06-14T14:20:03,1000.0,40.4,B
2021-06-14T14:20:02,1000.0,40.4,B
2021-06-14T14:19:59,1000.0,40.4,B
2021-06-14T14:19:54,700.0,40.3,S
2021-06-14T14:19:53,3100.0,40.3,B
2021-06-14T14:19:52,500.0,40.3,B
2021-06-14T14:19:51,300.0,40.2,S
2021-06-14T14:19:47,500.0,40.2,S
2021-06-14T14:19:47,4000.0,40.3,B
2021-06-14T14:19:45,500.0,40.2,S
2021-06-14T14:19:45,10000.0,40.2,S
2021-06-14T14:19:44,100.0,40.2,S
2021-06-14T14:19:39,6500.0,40.2,B
2021-06-14T14:19:39,3000.0,40.2,B
2021-06-14T14:19:38,200.0,40.2,B
2021-06-14T14:19:37,5000.0,40.2,B
2021-06-14T14:19:36,1000.0,40.1,S
2021-06-14T14:19:35,400.0,40.2,B
2021-06-14T14:19:33,10000.0,40.2,B
2021-06-14T14:19:24,15700.0,40.1,B
2021-06-14T14:19:22,3300.0,40.1,B
2021-06-14T14:19:21,100.0,40.0,S
2021-06-14T14:19:18,1000.0,40.1,B
2021-06-14T14:19:17,500.0,40.1,B
2021-06-14T14:19:16,2100.0,40.1,B
2021-06-14T14:19:14,1000.0,40.1,B
2021-06-14T14:19:13,20000.0,40.1,B
2021-06-14T14:19:12,200.0,40.1,B
2021-06-14T14:19:11,100.0,40.1,B
2021-06-14T14:19:08,9000.0,40.0,S
2021-06-14T14:19:06,100.0,40.0,S
2021-06-14T14:19:06,700.0,40.0,S
2021-06-14T14:19:05,500.0,40.1,B
2021-06-14T14:19:04,500.0,40.0,S
2021-06-14T14:19:00,100.0,40.0,S
2021-06-14T14:18:59,400.0,40.0,S
2021-06-14T14:18:57,100.0,40.0,S
2021-06-14T14:18:56,1000.0,40.0,S
2021-06-14T14:18:55,200.0,40.0,S
2021-06-14T14:18:52,1500.0,40.0,S
2021-06-14T14:18:49,100.0,40.0,B
2021-06-14T14:18:49,2000.0,40.0,B
2021-06-14T14:18:49,5500.0,40.0,B
2021-06-14T14:18:47,1500.0,40.0,B
2021-06-14T14:18:46,2000.0,40.0,B
2021-06-14T14:18:43,21700.0,39.9,S
2021-06-14T14:18:39,900.0,40.0,B
2021-06-14T14:18:37,1600.0,39.9,S
2021-06-14T14:18:37,500.0,40.0,B
2021-06-14T14:18:32,2000.0,40.0,B
2021-06-14T14:18:32,3900.0,40.0,B
2021-06-14T14:18:30,4200.0,39.9,B
2021-06-14T14:18:29,2000.0,39.9,B
2021-06-14T14:18:28,400.0,39.9,B
2021-06-14T14:18:26,5300.0,39.9,B
2021-06-14T14:18:23,2800.0,39.9,B
2021-06-14T14:18:22,5000.0,39.9,B
2021-06-14T14:18:21,100.0,39.8,S
2021-06-14T14:18:21,2000.0,39.9,B
2021-06-14T14:18:13,600.0,39.8,B
2021-06-14T14:18:12,500.0,39.8,B
2021-06-14T14:18:10,1000.0,39.8,B
2021-06-14T14:18:09,500.0,39.8,B
2021-06-14T14:18:08,1000.0,39.8,B
2021-06-14T14:18:04,1000.0,39.8,B
2021-06-14T14:18:02,900.0,39.7,S
2021-06-14T14:18:00,1000.0,39.7,S
2021-06-14T14:17:57,400.0,39.7,B
2021-06-14T14:17:55,14600.0,39.7,B
2021-06-14T14:17:55,5000.0,39.7,B
2021-06-14T14:17:54,500.0,39.7,B
2021-06-14T14:17:52,2000.0,39.7,B
2021-06-14T14:17:51,1000.0,39.7,B
2021-06-14T14:17:49,300.0,39.6,S
2021-06-14T14:17:49,1000.0,39.6,S
2021-06-14T14:17:47,2000.0,39.7,B
2021-06-14T14:17:41,200.0,39.6,S
2021-06-14T14:17:40,3200.0,39.6,S
2021-06-14T14:17:40,1500.0,39.7,B
2021-06-14T14:17:39,5000.0,39.7,B
2021-06-14T14:17:35,1000.0,39.6,S
2021-06-14T14:17:32,2000.0,39.6,S
2021-06-14T14:17:31,5000.0,39.7,B
2021-06-14T14:17:29,1200.0,39.7,B
2021-06-14T14:17:25,200.0,39.6,S
2021-06-14T14:17:25,500.0,39.6,S
2021-06-14T14:17:24,8000.0,39.6,S
2021-06-14T14:17:20,600.0,39.6,S
2021-06-14T14:17:18,500.0,39.6,S
2021-06-14T14:17:16,100.0,39.6,S
2021-06-14T14:17:16,300.0,39.6,S
2021-06-14T14:17:15,1300.0,39.6,S
2021-06-14T14:17:09,7500.0,39.6,S
2021-06-14T14:17:07,200.0,39.6,S
2021-06-14T14:17:04,400.0,39.6,S
2021-06-14T14:17:04,500.0,39.6,S
2021-06-14T14:17:03,200.0,39.6,S
2021-06-14T14:17:01,2400.0,39.6,S
2021-06-14T14:17:00,10000.0,39.6,B
2021-06-14T14:16:57,3200.0,39.6,B
2021-06-14T14:16:56,1000.0,39.6,B
2021-06-14T14:16:54,100.0,39.6,B
2021-06-14T14:16:48,300.0,39.6,B
2021-06-14T14:16:46,800.0,39.5,S
2021-06-14T14:16:44,100.0,39.5,S
2021-06-14T14:16:44,1000.0,39.6,B
2021-06-14T14:16:43,500.0,39.6,B
2021-06-14T14:16:38,100.0,39.6,B
2021-06-14T14:16:36,1000.0,39.6,B
2021-06-14T14:16:34,600.0,39.5,S
2021-06-14T14:16:27,1100.0,39.6,B
2021-06-14T14:16:24,1000.0,39.5,S
2021-06-14T14:16:21,100.0,39.6,B
2021-06-14T14:16:18,300.0,39.6,B
2021-06-14T14:16:17,7800.0,39.6,S
2021-06-14T14:16:16,1000.0,39.6,S
2021-06-14T14:16:15,4000.0,39.6,S
2021-06-14T14:16:13,200.0,39.6,S
2021-06-14T14:16:12,1300.0,39.6,S
2021-06-14T14:16:12,300.0,39.6,S
2021-06-14T14:16:11,800.0,39.6,S
2021-06-14T14:16:09,5200.0,39.6,S
2021-06-14T14:16:04,200.0,39.5,S
2021-06-14T14:16:03,200.0,39.6,B
2021-06-14T14:16:02,8000.0,39.5,S
2021-06-14T14:16:00,1000.0,39.5,S
2021-06-14T14:15:57,1600.0,39.6,B
2021-06-14T14:15:53,1000.0,39.5,S
2021-06-14T14:15:53,2000.0,39.5,S
2021-06-14T14:15:51,500.0,39.6,B
2021-06-14T14:15:47,200.0,39.6,B
2021-06-14T14:15:46,2400.0,39.6,S
2021-06-14T14:15:46,3000.0,39.6,S
2021-06-14T14:15:43,3000.0,39.6,S
2021-06-14T14:15:42,200.0,39.6,S
2021-06-14T14:15:41,300.0,39.6,S
2021-06-14T14:15:41,1000.0,39.6,S
2021-06-14T14:15:40,700.0,39.6,S
2021-06-14T14:15:39,100.0,39.7,B
2021-06-14T14:15:37,3000.0,39.6,S
2021-06-14T14:15:36,10000.0,39.6,S
2021-06-14T14:15:35,10000.0,39.7,B
2021-06-14T14:15:34,6100.0,39.6,S
2021-06-14T14:15:32,5400.0,39.6,S
2021-06-14T14:15:32,5000.0,39.7,B
2021-06-14T14:15:31,3000.0,39.6,S
2021-06-14T14:15:29,7000.0,39.6,S
2021-06-14T14:15:26,400.0,39.6,S
2021-06-14T14:15:23,2000.0,39.6,S
2021-06-14T14:15:21,500.0,39.7,B
2021-06-14T14:15:14,700.0,39.6,S
2021-06-14T14:15:14,10000.0,39.6,S
2021-06-14T14:15:12,3000.0,39.7,B
2021-06-14T14:15:10,500.0,39.6,S
2021-06-14T14:15:01,1000.0,39.6,S
2021-06-14T14:15:01,300.0,39.6,S
2021-06-14T14:15:01,12000.0,39.6,S
2021-06-14T14:14:59,3000.0,39.6,S
2021-06-14T14:14:55,300.0,39.7,B
2021-06-14T14:14:54,100.0,39.7,B
2021-06-14T14:14:54,10000.0,39.7,B
2021-06-14T14:14:49,100.0,39.7,B
2021-06-14T14:14:48,1000.0,39.7,B
2021-06-14T14:14:47,500.0,39.7,B
2021-06-14T14:14:46,200.0,39.7,B
2021-06-14T14:14:44,200.0,39.7,B
2021-06-14T14:14:43,100.0,39.7,B
2021-06-14T14:14:42,5000.0,39.6,S
2021-06-14T14:14:39,200.0,39.7,B
2021-06-14T14:14:34,1400.0,39.7,B
2021-06-14T14:14:33,500.0,39.7,B
2021-06-14T14:14:32,200.0,39.7,B
2021-06-14T14:14:32,15600.0,39.7,B
2021-06-14T14:14:29,1500.0,39.7,S
2021-06-14T14:14:29,800.0,39.8,B
2021-06-14T14:14:28,5600.0,39.8,B
2021-06-14T14:14:25,300.0,39.7,S
2021-06-14T14:14:23,1300.0,39.7,S
2021-06-14T14:14:20,3000.0,39.7,S
2021-06-14T14:14:18,1300.0,39.7,S
2021-06-14T14:14:16,300.0,39.8,B
2021-06-14T14:14:16,8100.0,39.7,S
2021-06-14T14:14:15,1000.0,39.8,B
2021-06-14T14:14:13,1800.0,39.8,B
2021-06-14T14:14:11,1500.0,39.8,B
2021-06-14T14:14:10,500.0,39.8,B
2021-06-14T14:14:10,200.0,39.8,B
2021-06-14T14:14:09,10000.0,39.7,S
2021-06-14T14:14:06,100.0,39.8,B
2021-06-14T14:14:04,500.0,39.7,S
2021-06-14T14:13:57,5100.0,39.8,B
2021-06-14T14:13:51,9300.0,39.8,B
2021-06-14T14:13:48,300.0,39.8,S
2021-06-14T14:13:47,1500.0,39.8,S
2021-06-14T14:13:44,1300.0,39.8,S
2021-06-14T14:13:43,1000.0,39.8,S
2021-06-14T14:13:40,1300.0,39.8,S
2021-06-14T14:13:39,6000.0,39.8,S
2021-06-14T14:13:32,500.0,39.8,S
2021-06-14T14:13:32,300.0,39.9,B
2021-06-14T14:13:28,4000.0,39.8,S
2021-06-14T14:13:23,600.0,39.8,S
2021-06-14T14:13:22,5000.0,39.8,S
2021-06-14T14:13:17,2000.0,39.8,S
2021-06-14T14:13:15,200.0,39.8,S
2021-06-14T14:13:11,2900.0,39.8,S
2021-06-14T14:13:09,900.0,39.9,B
2021-06-14T14:13:07,1000.0,39.8,S
2021-06-14T14:13:07,1500.0,39.8,S
2021-06-14T14:13:06,5000.0,39.8,S
2021-06-14T14:13:06,500.0,39.9,B
2021-06-14T14:13:04,200.0,39.9,B
2021-06-14T14:13:02,1200.0,39.9,B
2021-06-14T14:13:01,800.0,39.9,S
2021-06-14T14:13:01,200.0,39.9,B
2021-06-14T14:12:59,10000.0,39.8,S
2021-06-14T14:12:58,3800.0,39.9,B
2021-06-14T14:12:57,2000.0,39.9,B
2021-06-14T14:12:56,600.0,39.9,B
2021-06-14T14:12:54,500.0,39.9,B
2021-06-14T14:12:49,500.0,39.9,B
2021-06-14T14:12:47,100.0,39.9,B
2021-06-14T14:12:45,1000.0,40.0,B
2021-06-14T14:12:43,30200.0,39.8,S
2021-06-14T14:12:40,200.0,39.9,B
2021-06-14T14:12:39,2500.0,39.9,B
2021-06-14T14:12:36,800.0,39.9,B
2021-06-14T14:12:35,15000.0,39.8,S
2021-06-14T14:12:34,600.0,40.0,B
2021-06-14T14:12:30,1000.0,39.9,S
2021-06-14T14:12:26,1000.0,40.0,B
2021-06-14T14:12:24,10000.0,39.9,S
2021-06-14T14:12:19,400.0,40.0,B
2021-06-14T14:12:16,100.0,39.9,S
2021-06-14T14:12:16,1000.0,40.0,B
2021-06-14T14:12:15,1000.0,40.0,B
2021-06-14T14:12:13,200.0,40.0,B
2021-06-14T14:12:11,20000.0,39.9,S
2021-06-14T14:12:08,500.0,40.0,B
2021-06-14T14:12:06,7000.0,40.0,B
2021-06-14T14:12:05,1000.0,40.0,B
2021-06-14T14:12:00,500.0,40.0,B
2021-06-14T14:11:53,17000.0,40.0,B
2021-06-14T14:11:49,1000.0,40.0,B
2021-06-14T14:11:45,9700.0,39.9,S
2021-06-14T14:11:44,500.0,40.0,B
2021-06-14T14:11:43,3300.0,39.9,S
2021-06-14T14:11:40,500.0,39.9,S
2021-06-14T14:11:37,1500.0,40.0,B
2021-06-14T14:11:33,3800.0,40.0,B
2021-06-14T14:11:31,100.0,39.9,S
2021-06-14T14:11:29,2900.0,40.0,B
2021-06-14T14:11:25,300.0,40.0,B
2021-06-14T14:11:23,2100.0,40.0,B
2021-06-14T14:11:22,1000.0,40.0,B
2021-06-14T14:11:18,2100.0,39.9,S
2021-06-14T14:11:16,20000.0,39.9,S
2021-06-14T14:11:12,500.0,40.0,S
2021-06-14T14:11:09,3000.0,40.0,S
2021-06-14T14:11:08,1000.0,40.0,S
2021-06-14T14:11:08,1000.0,40.0,S
2021-06-14T14:11:07,1000.0,40.0,S
2021-06-14T14:11:03,200.0,40.0,S
2021-06-14T14:11:01,3000.0,40.0,S
2021-06-14T14:11:00,100.0,40.1,B
2021-06-14T14:10:58,2600.0,40.0,S
2021-06-14T14:10:57,10000.0,40.0,S
2021-06-14T14:10:56,3000.0,40.0,S
2021-06-14T14:10:56,200.0,40.0,S
2021-06-14T14:10:53,1000.0,40.1,B
2021-06-14T14:10:52,500.0,40.0,S
2021-06-14T14:10:51,15000.0,40.1,B
2021-06-14T14:10:49,10000.0,40.0,S
2021-06-14T14:10:48,300.0,40.0,S
2021-06-14T14:10:46,5000.0,40.0,S
2021-06-14T14:10:44,3000.0,40.1,B
2021-06-14T14:10:42,13000.0,40.0,S
2021-06-14T14:10:39,1000.0,40.1,B
2021-06-14T14:10:33,3000.0,40.0,S
2021-06-14T14:10:32,10000.0,40.0,S
2021-06-14T14:10:31,200.0,40.0,S
2021-06-14T14:10:28,8600.0,40.1,S
2021-06-14T14:10:27,20500.0,40.1,S
2021-06-14T14:10:26,10000.0,40.1,S
2021-06-14T14:10:21,1600.0,40.1,S
2021-06-14T14:10:19,10300.0,40.1,B
2021-06-14T14:10:18,300.0,40.1,B
2021-06-14T14:10:16,200.0,40.1,B
2021-06-14T14:10:14,300.0,40.0,S
2021-06-14T14:10:14,200.0,40.1,B
2021-06-14T14:10:12,2200.0,40.0,S
2021-06-14T14:10:11,2200.0,40.0,S
2021-06-14T14:10:10,3900.0,40.0,S
2021-06-14T14:10:06,3800.0,40.0,S
2021-06-14T14:10:06,3000.0,40.0,S
2021-06-14T14:10:05,200.0,40.1,B
2021-06-14T14:10:04,2000.0,40.0,S
2021-06-14T14:10:01,1500.0,40.0,S
2021-06-14T14:10:00,300.0,40.0,S
2021-06-14T14:10:00,600.0,40.1,B
2021-06-14T14:09:58,7000.0,40.0,S
2021-06-14T14:09:56,5000.0,40.0,S
2021-06-14T14:09:56,400.0,40.0,S
2021-06-14T14:09:55,200.0,40.1,B
2021-06-14T14:09:54,100.0,40.0,S
2021-06-14T14:09:46,1000.0,40.0,S
2021-06-14T14:09:41,400.0,40.1,B
2021-06-14T14:09:40,37900.0,40.1,S
2021-06-14T14:09:37,1000.0,40.2,B
2021-06-14T14:09:36,600.0,40.2,B
2021-06-14T14:09:31,2000.0,40.1,S
2021-06-14T14:09:29,5000.0,40.1,S
2021-06-14T14:09:28,9700.0,40.2,S
2021-06-14T14:09:24,1000.0,40.2,S
2021-06-14T14:09:21,1000.0,40.3,B
2021-06-14T14:09:17,3000.0,40.2,S
2021-06-14T14:09:15,2000.0,40.3,B
2021-06-14T14:09:14,200.0,40.3,B
2021-06-14T14:09:07,1000.0,40.3,B
2021-06-14T14:09:07,3900.0,40.3,S
2021-06-14T14:09:05,5000.0,40.3,S
2021-06-14T14:09:00,100.0,40.3,S
2021-06-14T14:08:57,5000.0,40.3,S
2021-06-14T14:08:55,1000.0,40.4,B
2021-06-14T14:08:55,900.0,40.4,S
2021-06-14T14:08:54,300.0,40.4,S
2021-06-14T14:08:53,6000.0,40.4,S
2021-06-14T14:08:52,8400.0,40.4,S
2021-06-14T14:08:50,100.0,40.4,S
2021-06-14T14:08:48,5000.0,40.4,S
2021-06-14T14:08:47,100.0,40.5,B
2021-06-14T14:08:43,52000.0,40.4,S
2021-06-14T14:08:41,200.0,40.5,B
2021-06-14T14:08:35,1000.0,40.5,B
2021-06-14T14:08:33,4700.0,40.5,S
2021-06-14T14:08:32,5300.0,40.5,S
2021-06-14T14:08:31,200.0,40.5,S
2021-06-14T14:08:30,300.0,40.5,S
2021-06-14T14:08:27,300.0,40.5,S
2021-06-14T14:08:26,500.0,40.5,S
2021-06-14T14:08:24,1000.0,40.5,S
2021-06-14T14:08:23,1500.0,40.5,S
2021-06-14T14:08:22,200.0,40.5,S
2021-06-14T14:08:19,2000.0,40.5,S
2021-06-14T14:08:17,200.0,40.5,S
2021-06-14T14:08:16,5500.0,40.5,S
2021-06-14T14:08:12,200.0,40.5,S
2021-06-14T14:08:10,500.0,40.5,S
2021-06-14T14:08:10,1000.0,40.5,S
2021-06-14T14:08:09,300.0,40.5,S
2021-06-14T14:08:06,30000.0,40.5,S
2021-06-14T14:08:05,500.0,40.5,S
2021-06-14T14:08:03,500.0,40.5,S
2021-06-14T14:08:00,400.0,40.5,S
2021-06-14T14:07:59,9000.0,40.5,S
2021-06-14T14:07:51,5000.0,40.5,S
2021-06-14T14:07:49,500.0,40.6,B
2021-06-14T14:07:46,1000.0,40.6,B
2021-06-14T14:07:41,700.0,40.6,B
2021-06-14T14:07:39,1000.0,40.6,S
2021-06-14T14:07:39,1600.0,40.6,S
2021-06-14T14:07:38,1000.0,40.6,S
2021-06-14T14:07:35,1100.0,40.6,S
2021-06-14T14:07:33,5600.0,40.7,B
2021-06-14T14:07:33,2000.0,40.6,S
2021-06-14T14:07:31,1200.0,40.6,S
2021-06-14T14:07:28,2800.0,40.6,S
2021-06-14T14:07:27,3000.0,40.6,S
2021-06-14T14:07:26,2000.0,40.6,S
2021-06-14T14:07:26,500.0,40.6,S
2021-06-14T14:07:24,5000.0,40.6,S
2021-06-14T14:07:23,500.0,40.7,B
2021-06-14T14:07:21,1000.0,40.6,S
2021-06-14T14:07:18,100.0,40.6,S
2021-06-14T14:07:17,1000.0,40.6,S
2021-06-14T14:07:17,5000.0,40.6,S
2021-06-14T14:07:17,10000.0,40.6,S
2021-06-14T14:07:13,2000.0,40.6,S
2021-06-14T14:07:12,1000.0,40.6,S
2021-06-14T14:07:12,2000.0,40.6,S
2021-06-14T14:07:11,100.0,40.6,S
2021-06-14T14:07:10,3000.0,40.6,S
2021-06-14T14:07:09,1100.0,40.6,S
2021-06-14T14:07:08,1200.0,40.6,S
2021-06-14T14:07:08,1000.0,40.6,S
2021-06-14T14:07:06,500.0,40.6,S
2021-06-14T14:07:04,46200.0,40.6,S
2021-06-14T14:07:04,1000.0,40.6,S
2021-06-14T14:07:00,500.0,40.6,S
2021-06-14T14:06:58,100.0,40.6,S
2021-06-14T14:06:57,1000.0,40.6,S
2021-06-14T14:06:56,6000.0,40.6,S
2021-06-14T14:06:51,3000.0,40.6,S
2021-06-14T14:06:48,200.0,40.6,S
2021-06-14T14:06:45,2500.0,40.6,S
2021-06-14T14:06:42,100.0,40.7,B
2021-06-14T14:06:32,500.0,40.6,S
2021-06-14T14:06:31,500.0,40.6,S
2021-06-14T14:06:28,1000.0,40.7,B
2021-06-14T14:06:23,1000.0,40.7,B
2021-06-14T14:06:19,100.0,40.6,S
2021-06-14T14:06:18,1000.0,40.6,S
2021-06-14T14:06:13,6500.0,40.6,S
2021-06-14T14:06:11,500.0,40.7,B
2021-06-14T14:06:04,3000.0,40.7,B
2021-06-14T14:06:02,2000.0,40.7,B
2021-06-14T14:06:01,4000.0,40.7,B
2021-06-14T14:05:59,100.0,40.7,B
2021-06-14T14:05:55,800.0,40.7,B
2021-06-14T14:05:54,2800.0,40.7,S
2021-06-14T14:05:50,500.0,40.7,S
2021-06-14T14:05:44,25000.0,40.7,S
2021-06-14T14:05:40,5000.0,40.7,S
2021-06-14T14:05:40,2100.0,40.7,S
2021-06-14T14:05:28,26500.0,40.7,S
2021-06-14T14:05:24,100.0,40.7,S
2021-06-14T14:05:23,100.0,40.8,B
2021-06-14T14:05:22,1000.0,40.7,S
2021-06-14T14:05:20,200.0,40.7,S
2021-06-14T14:05:18,1200.0,40.8,B
2021-06-14T14:05:17,1000.0,40.7,S
2021-06-14T14:05:17,4000.0,40.7,S
2021-06-14T14:05:15,100.0,40.8,B
2021-06-14T14:05:13,300.0,40.8,B
2021-06-14T14:05:09,500.0,40.7,S
2021-06-14T14:05:08,100.0,40.7,S
2021-06-14T14:05:04,100.0,40.7,S
2021-06-14T14:05:03,200.0,40.7,S
2021-06-14T14:05:02,300.0,40.7,S
2021-06-14T14:04:57,2000.0,40.8,B
2021-06-14T14:04:55,500.0,40.7,S
2021-06-14T14:04:50,2000.0,40.7,S
2021-06-14T14:04:49,2500.0,40.8,B
2021-06-14T14:04:47,2000.0,40.7,S
2021-06-14T14:04:45,300.0,40.7,S
2021-06-14T14:04:41,1000.0,40.8,B
2021-06-14T14:04:39,2000.0,40.7,S
2021-06-14T14:04:38,200.0,40.7,S
2021-06-14T14:04:36,700.0,40.8,B
2021-06-14T14:04:32,5000.0,40.7,S
2021-06-14T14:04:30,1000.0,40.8,B
2021-06-14T14:04:28,500.0,40.7,S
2021-06-14T14:04:16,500.0,40.7,S
2021-06-14T14:04:03,300.0,40.7,S
2021-06-14T14:04:01,500.0,40.7,S
2021-06-14T14:03:54,3000.0,40.8,B
2021-06-14T14:03:52,1500.0,40.8,B
2021-06-14T14:03:46,100.0,40.8,B
2021-06-14T14:03:28,3000.0,40.7,S
2021-06-14T14:03:25,500.0,40.7,S
2021-06-14T14:03:23,300.0,40.8,B
2021-06-14T14:03:23,1800.0,40.8,B
2021-06-14T14:03:17,200.0,40.8,B
2021-06-14T14:03:16,100.0,40.7,S
2021-06-14T14:03:15,100.0,40.8,B
2021-06-14T14:03:05,4000.0,40.8,B
2021-06-14T14:03:00,500.0,40.7,S
2021-06-14T14:03:00,1000.0,40.7,S
2021-06-14T14:02:58,100.0,40.7,S
2021-06-14T14:02:58,200.0,40.7,S
2021-06-14T14:02:52,100.0,40.7,S
2021-06-14T14:02:50,200.0,40.7,S
2021-06-14T14:02:46,700.0,40.7,S
2021-06-14T14:02:44,5000.0,40.7,S
2021-06-14T14:02:42,500.0,40.7,S
2021-06-14T14:02:41,21800.0,40.7,S
2021-06-14T14:02:40,500.0,40.7,S
2021-06-14T14:02:38,1100.0,40.7,S
2021-06-14T14:02:35,500.0,40.8,B
2021-06-14T14:02:24,500.0,40.7,S
2021-06-14T14:02:23,900.0,40.7,S
2021-06-14T14:02:21,500.0,40.8,B
2021-06-14T14:02:20,2400.0,40.7,B
2021-06-14T14:02:20,1000.0,40.7,B
2021-06-14T14:02:16,400.0,40.7,B
2021-06-14T14:02:15,1000.0,40.7,B
2021-06-14T14:02:13,600.0,40.7,S
2021-06-14T14:02:10,1400.0,40.7,S
2021-06-14T14:02:09,4000.0,40.7,B
2021-06-14T14:02:02,500.0,40.7,B
2021-06-14T14:02:01,100.0,40.7,S
2021-06-14T14:02:00,4200.0,40.7,S
2021-06-14T14:01:55,300.0,40.8,B
2021-06-14T14:01:46,500.0,40.8,B
2021-06-14T14:01:45,1000.0,40.7,S
2021-06-14T14:01:26,10000.0,40.6,S
2021-06-14T14:01:24,1000.0,40.8,B
2021-06-14T14:01:23,1500.0,40.7,S
2021-06-14T14:01:17,900.0,40.7,S
2021-06-14T14:01:17,100.0,40.7,B
2021-06-14T14:01:15,1000.0,40.7,B
2021-06-14T14:00:59,2500.0,40.8,B
2021-06-14T14:00:57,200.0,40.6,S
2021-06-14T14:00:57,3400.0,40.7,B
2021-06-14T14:00:56,1200.0,40.7,B
2021-06-14T14:00:55,5000.0,40.6,S
2021-06-14T14:00:53,100.0,40.7,S
2021-06-14T14:00:51,7900.0,40.8,B
2021-06-14T14:00:49,400.0,40.6,S
2021-06-14T14:00:48,20000.0,40.6,S
2021-06-14T14:00:47,1000.0,40.7,S
2021-06-14T14:00:40,500.0,40.6,S
2021-06-14T14:00:38,1000.0,40.6,S
2021-06-14T14:00:30,2000.0,40.6,S
2021-06-14T14:00:29,3000.0,40.8,B
2021-06-14T14:00:26,500.0,40.7,B
2021-06-14T14:00:19,10000.0,40.6,S
2021-06-14T14:00:17,1000.0,40.7,S
2021-06-14T14:00:06,1000.0,40.6,S
2021-06-14T14:00:05,3000.0,40.7,S
2021-06-14T14:00:04,6900.0,40.7,B
2021-06-14T14:00:04,100.0,40.6,S
2021-06-14T14:00:02,1800.0,40.7,B
2021-06-14T14:00:02,1000.0,40.7,B
2021-06-14T14:00:01,100.0,40.7,B
2021-06-14T14:00:01,700.0,40.7,B
2021-06-14T13:59:52,200.0,40.7,B
2021-06-14T13:59:51,4000.0,40.7,S
2021-06-14T13:59:49,10400.0,40.6,S
2021-06-14T13:59:47,5000.0,40.7,S
2021-06-14T13:59:45,4000.0,40.7,S
2021-06-14T13:59:44,1000.0,40.7,S
2021-06-14T13:59:43,500.0,40.7,S
2021-06-14T13:59:40,10000.0,40.7,S
2021-06-14T13:59:37,1400.0,40.7,S
2021-06-14T13:59:34,500.0,40.7,S
2021-06-14T13:59:34,2000.0,40.7,S
2021-06-14T13:59:33,100.0,40.7,S
2021-06-14T13:59:32,500.0,40.7,S
2021-06-14T13:59:32,100.0,40.8,B
2021-06-14T13:59:24,5000.0,40.7,S
2021-06-14T13:59:19,600.0,40.7,S
2021-06-14T13:59:19,5000.0,40.7,S
2021-06-14T13:59:08,4600.0,40.8,B
2021-06-14T13:59:07,2000.0,40.7,S
2021-06-14T13:59:06,11000.0,40.7,S
2021-06-14T13:59:06,200.0,40.8,B
2021-06-14T13:59:03,5100.0,40.7,S
2021-06-14T13:58:59,100.0,40.7,S
2021-06-14T13:58:57,400.0,40.7,S
2021-06-14T13:58:57,600.0,40.8,B
2021-06-14T13:58:55,300.0,40.7,S
2021-06-14T13:58:53,1000.0,40.7,S
2021-06-14T13:58:51,1000.0,40.8,B
2021-06-14T13:58:49,4500.0,40.8,B
2021-06-14T13:58:47,7000.0,40.8,B
2021-06-14T13:58:43,300.0,40.8,B
2021-06-14T13:58:41,300.0,40.7,S
2021-06-14T13:58:38,300.0,40.8,B
2021-06-14T13:58:21,300.0,40.8,B
2021-06-14T13:58:18,500.0,40.7,S
2021-06-14T13:58:16,1000.0,40.7,S
2021-06-14T13:58:15,300.0,40.8,B
2021-06-14T13:58:11,500.0,40.8,B
2021-06-14T13:58:03,500.0,40.8,B
2021-06-14T13:57:59,3000.0,40.8,B
2021-06-14T13:57:47,1000.0,40.8,B
2021-06-14T13:57:46,400.0,40.8,B
2021-06-14T13:57:44,10000.0,40.8,B
2021-06-14T13:57:43,100.0,40.8,B
2021-06-14T13:57:39,1000.0,40.8,B
2021-06-14T13:57:37,500.0,40.8,S
2021-06-14T13:57:35,2000.0,40.8,S
2021-06-14T13:57:35,100.0,40.8,S
2021-06-14T13:57:33,3000.0,40.8,S
2021-06-14T13:57:32,2000.0,40.9,B
2021-06-14T13:57:29,1500.0,40.8,S
2021-06-14T13:57:29,2200.0,40.8,S
2021-06-14T13:57:28,400.0,40.8,S
2021-06-14T13:57:28,3000.0,40.8,S
2021-06-14T13:57:27,1000.0,40.8,S
2021-06-14T13:57:25,1000.0,40.8,S
2021-06-14T13:57:22,100.0,40.8,S
2021-06-14T13:57:20,1000.0,40.8,S
2021-06-14T13:57:19,2200.0,40.8,S
2021-06-14T13:57:18,2200.0,40.8,S
2021-06-14T13:57:17,1000.0,40.8,S
2021-06-14T13:57:16,2100.0,40.8,S
2021-06-14T13:57:13,1900.0,40.8,S
2021-06-14T13:57:09,5000.0,40.8,S
2021-06-14T13:57:08,800.0,40.8,S
2021-06-14T13:57:06,1100.0,40.8,S
2021-06-14T13:57:04,5000.0,40.8,S
2021-06-14T13:57:02,1000.0,40.8,S
2021-06-14T13:57:02,300.0,40.8,S
2021-06-14T13:57:00,200.0,40.8,S
2021-06-14T13:57:00,200.0,40.8,S
2021-06-14T13:56:57,4900.0,40.8,S
2021-06-14T13:56:57,1000.0,40.8,S
2021-06-14T13:56:55,3000.0,40.8,S
2021-06-14T13:56:50,700.0,40.8,S
2021-06-14T13:56:49,5000.0,40.8,S
2021-06-14T13:56:45,4000.0,40.8,S
2021-06-14T13:56:44,400.0,40.9,B
2021-06-14T13:56:37,10000.0,40.8,S
2021-06-14T13:56:31,700.0,40.9,B
2021-06-14T13:56:31,2000.0,40.9,B
2021-06-14T13:56:27,2000.0,40.8,S
2021-06-14T13:56:26,500.0,40.9,B
2021-06-14T13:56:25,10200.0,40.8,S
2021-06-14T13:56:21,6000.0,40.8,S
2021-06-14T13:56:20,100.0,40.9,B
2021-06-14T13:56:15,500.0,40.9,B
2021-06-14T13:56:14,200.0,40.9,B
2021-06-14T13:56:12,2200.0,40.9,S
2021-06-14T13:56:10,400.0,40.9,S
2021-06-14T13:56:08,300.0,40.9,S
2021-06-14T13:56:06,1000.0,41.0,B
2021-06-14T13:56:04,5000.0,40.9,S
2021-06-14T13:55:58,17600.0,40.9,S
2021-06-14T13:55:56,100.0,40.9,S
2021-06-14T13:55:55,2000.0,41.0,B
2021-06-14T13:55:52,1000.0,40.9,S
2021-06-14T13:55:52,200.0,41.0,B
2021-06-14T13:55:47,2000.0,40.9,S
2021-06-14T13:55:46,200.0,40.9,S
2021-06-14T13:55:45,5000.0,40.9,S
2021-06-14T13:55:45,100.0,41.0,B
2021-06-14T13:55:44,500.0,41.0,B
2021-06-14T13:55:42,2000.0,40.9,S
2021-06-14T13:55:41,5000.0,40.9,S
2021-06-14T13:55:38,3600.0,40.9,S
2021-06-14T13:55:35,2000.0,40.9,S
2021-06-14T13:55:32,200.0,41.0,B
2021-06-14T13:55:26,1000.0,41.0,B
2021-06-14T13:55:26,400.0,41.0,B
2021-06-14T13:55:24,500.0,41.0,B
2021-06-14T13:55:23,200.0,41.0,B
2021-06-14T13:55:20,23500.0,41.0,S
2021-06-14T13:55:19,14000.0,41.0,S
2021-06-14T13:55:19,20000.0,41.0,S
2021-06-14T13:55:18,500.0,41.0,S
2021-06-14T13:55:17,1500.0,41.0,S
2021-06-14T13:55:16,5000.0,41.0,S
2021-06-14T13:55:14,10000.0,41.0,S
2021-06-14T13:55:10,5000.0,41.0,S
2021-06-14T13:55:08,900.0,41.0,S
2021-06-14T13:55:07,800.0,41.0,S
2021-06-14T13:55:05,2000.0,41.0,S
2021-06-14T13:55:04,2000.0,41.0,S
2021-06-14T13:55:04,1000.0,41.0,S
2021-06-14T13:54:58,3100.0,41.0,S
2021-06-14T13:54:54,100.0,41.1,B
2021-06-14T13:54:46,400.0,41.1,B
2021-06-14T13:54:44,100.0,41.0,S
2021-06-14T13:54:35,5000.0,41.0,S
2021-06-14T13:54:30,800.0,41.1,B
2021-06-14T13:54:29,1000.0,41.0,S
2021-06-14T13:54:29,500.0,41.0,S
2021-06-14T13:54:26,200.0,41.0,S
2021-06-14T13:54:25,200.0,41.0,S
2021-06-14T13:54:23,500.0,41.0,S
2021-06-14T13:54:16,5000.0,41.0,S
2021-06-14T13:54:15,300.0,41.0,S
2021-06-14T13:54:05,2100.0,41.0,S
2021-06-14T13:54:04,700.0,41.0,S
2021-06-14T13:54:02,10000.0,41.0,S
2021-06-14T13:54:00,300.0,41.1,B
2021-06-14T13:53:57,500.0,41.0,S
2021-06-14T13:53:56,5200.0,41.0,S
2021-06-14T13:53:55,100.0,41.1,B
2021-06-14T13:53:51,24300.0,41.2,B
2021-06-14T13:53:50,200.0,41.1,S
2021-06-14T13:53:49,8000.0,41.1,B
2021-06-14T13:53:45,100.0,41.0,S
2021-06-14T13:53:42,700.0,41.1,B
2021-06-14T13:53:42,1000.0,41.1,B
2021-06-14T13:53:41,1000.0,41.0,S
2021-06-14T13:53:41,500.0,41.1,B
2021-06-14T13:53:39,900.0,41.1,S
2021-06-14T13:53:37,400.0,41.1,S
2021-06-14T13:53:34,500.0,41.1,S
2021-06-14T13:53:33,4000.0,41.1,S
2021-06-14T13:53:33,2000.0,41.1,S
2021-06-14T13:53:31,2000.0,41.1,S
2021-06-14T13:53:30,1100.0,41.1,S
2021-06-14T13:53:25,500.0,41.1,S
2021-06-14T13:53:22,1000.0,41.1,S
2021-06-14T13:53:21,600.0,41.2,B
2021-06-14T13:53:15,2000.0,41.1,S
2021-06-14T13:53:15,500.0,41.2,B
2021-06-14T13:53:07,34000.0,41.1,S
2021-06-14T13:53:05,900.0,41.2,B
2021-06-14T13:53:03,500.0,41.2,B
2021-06-14T13:52:59,200.0,41.2,S
2021-06-14T13:52:58,5700.0,41.2,S
2021-06-14T13:52:57,3000.0,41.2,S
2021-06-14T13:52:57,1000.0,41.2,S
2021-06-14T13:52:56,10000.0,41.2,S
2021-06-14T13:52:53,12000.0,41.2,S
2021-06-14T13:52:50,500.0,41.2,S
2021-06-14T13:52:49,3200.0,41.2,S
2021-06-14T13:52:47,6000.0,41.2,S
2021-06-14T13:52:42,2000.0,41.2,S
2021-06-14T13:52:40,1000.0,41.2,S
2021-06-14T13:52:39,800.0,41.2,S
2021-06-14T13:52:35,500.0,41.2,S
2021-06-14T13:52:35,700.0,41.2,S
2021-06-14T13:52:33,2000.0,41.2,S
2021-06-14T13:52:32,1000.0,41.2,S
2021-06-14T13:52:31,4800.0,41.2,S
2021-06-14T13:52:29,1300.0,41.2,S
2021-06-14T13:52:27,1000.0,41.2,S
2021-06-14T13:52:25,200.0,41.2,S
2021-06-14T13:52:24,1000.0,41.2,S
2021-06-14T13:52:23,1500.0,41.3,B
2021-06-14T13:52:18,2000.0,41.2,S
2021-06-14T13:52:18,2000.0,41.2,S
2021-06-14T13:52:15,200.0,41.3,B
2021-06-14T13:52:12,100.0,41.3,B
2021-06-14T13:52:11,9600.0,41.2,S
2021-06-14T13:52:09,200.0,41.2,S
2021-06-14T13:52:09,1000.0,41.2,S
2021-06-14T13:52:03,1200.0,41.2,S
2021-06-14T13:52:02,2000.0,41.2,S
2021-06-14T13:52:01,900.0,41.3,B
2021-06-14T13:52:00,1800.0,41.2,S
2021-06-14T13:52:00,100.0,41.2,S
2021-06-14T13:51:56,3000.0,41.2,S
2021-06-14T13:51:41,300.0,41.2,S
2021-06-14T13:51:37,100.0,41.2,S
2021-06-14T13:51:27,1000.0,41.3,B
2021-06-14T13:51:20,6000.0,41.3,B
2021-06-14T13:51:16,500.0,41.2,S
2021-06-14T13:51:12,600.0,41.3,B
2021-06-14T13:51:10,100.0,41.3,B
2021-06-14T13:51:07,1000.0,41.2,S
2021-06-14T13:50:56,300.0,41.3,B
2021-06-14T13:50:52,100.0,41.3,B
2021-06-14T13:50:47,500.0,41.3,B
2021-06-14T13:50:43,500.0,41.3,B
2021-06-14T13:50:42,100.0,41.3,B
2021-06-14T13:50:31,200.0,41.3,B
2021-06-14T13:50:26,1000.0,41.3,B
2021-06-14T13:50:20,1000.0,41.3,B
2021-06-14T13:50:17,2200.0,41.3,B
2021-06-14T13:50:09,100.0,41.3,B
2021-06-14T13:50:07,500.0,41.2,S
2021-06-14T13:50:04,5000.0,41.3,B
2021-06-14T13:50:03,500.0,41.3,B
2021-06-14T13:50:02,20000.0,41.3,B
2021-06-14T13:50:00,1000.0,41.2,S
2021-06-14T13:49:53,3000.0,41.3,B
2021-06-14T13:49:46,300.0,41.3,B
2021-06-14T13:49:39,100.0,41.3,B
2021-06-14T13:49:38,8000.0,41.3,B
2021-06-14T13:49:37,300.0,41.3,S
2021-06-14T13:49:36,5700.0,41.3,B
2021-06-14T13:49:34,300.0,41.3,B
2021-06-14T13:49:32,500.0,41.3,S
2021-06-14T13:49:26,4000.0,41.3,S
2021-06-14T13:49:25,500.0,41.3,S
2021-06-14T13:49:19,5400.0,41.2,S
2021-06-14T13:49:18,1000.0,41.3,S
2021-06-14T13:49:17,8900.0,41.3,B
2021-06-14T13:49:09,10300.0,41.3,B
2021-06-14T13:49:03,500.0,41.3,B
2021-06-14T13:49:03,1000.0,41.3,B
2021-06-14T13:49:01,100.0,41.3,B
2021-06-14T13:49:00,5000.0,41.3,B
2021-06-14T13:48:57,4800.0,41.2,S
2021-06-14T13:48:55,2000.0,41.3,B
2021-06-14T13:48:49,4800.0,41.3,B
2021-06-14T13:48:49,200.0,41.3,S
2021-06-14T13:48:45,20000.0,41.2,S
2021-06-14T13:48:44,1000.0,41.3,S
2021-06-14T13:48:42,1000.0,41.3,S
2021-06-14T13:48:41,1000.0,41.3,S
2021-06-14T13:48:39,700.0,41.3,S
2021-06-14T13:48:39,100.0,41.3,S
2021-06-14T13:48:37,100.0,41.3,S
2021-06-14T13:48:35,3100.0,41.3,S
2021-06-14T13:48:27,100.0,41.3,S
2021-06-14T13:48:22,2000.0,41.3,S
2021-06-14T13:48:21,13900.0,41.3,B
2021-06-14T13:48:19,400.0,41.3,B
2021-06-14T13:48:14,1700.0,41.3,B
2021-06-14T13:48:09,2000.0,41.3,S
2021-06-14T13:48:07,1000.0,41.3,S
2021-06-14T13:48:05,100.0,41.3,S
2021-06-14T13:48:05,1600.0,41.3,S
2021-06-14T13:48:04,1000.0,41.3,B
2021-06-14T13:48:00,1200.0,41.3,B
2021-06-14T13:47:57,1800.0,41.3,S
2021-06-14T13:47:56,100.0,41.3,S
2021-06-14T13:47:52,1000.0,41.3,S
2021-06-14T13:47:48,200.0,41.3,S
2021-06-14T13:47:48,200.0,41.3,S
2021-06-14T13:47:46,100.0,41.3,S
2021-06-14T13:47:40,800.0,41.3,B
2021-06-14T13:47:39,700.0,41.3,B
2021-06-14T13:47:37,22000.0,41.3,B
2021-06-14T13:47:33,300.0,41.3,B
2021-06-14T13:47:29,100.0,41.3,B
2021-06-14T13:47:28,500.0,41.3,B
2021-06-14T13:47:27,3100.0,41.3,B
2021-06-14T13:47:23,100.0,41.3,S
2021-06-14T13:47:19,7100.0,41.3,B
2021-06-14T13:47:16,500.0,41.3,B
2021-06-14T13:47:14,7700.0,41.3,B
2021-06-14T13:46:58,1500.0,41.4,B
2021-06-14T13:46:53,200.0,41.3,S
2021-06-14T13:46:52,2100.0,41.3,B
2021-06-14T13:46:50,100.0,41.3,S
2021-06-14T13:46:47,100.0,41.3,S
2021-06-14T13:46:45,100.0,41.4,B
2021-06-14T13:46:45,500.0,41.3,S
2021-06-14T13:46:43,1000.0,41.3,B
2021-06-14T13:46:38,1000.0,41.3,S
2021-06-14T13:46:33,100.0,41.4,B
2021-06-14T13:46:30,200.0,41.3,S
2021-06-14T13:46:27,100.0,41.3,S
2021-06-14T13:46:24,1400.0,41.3,B
2021-06-14T13:46:24,1000.0,41.3,B
2021-06-14T13:46:20,400.0,41.3,B
2021-06-14T13:46:20,500.0,41.3,B
2021-06-14T13:46:14,1000.0,41.3,B
2021-06-14T13:46:08,200.0,41.3,B
2021-06-14T13:46:07,1000.0,41.3,B
2021-06-14T13:46:07,1000.0,41.3,B
2021-06-14T13:46:06,1800.0,41.3,B
2021-06-14T13:46:06,300.0,41.3,B
2021-06-14T13:46:04,10300.0,41.3,B
2021-06-14T13:46:02,200.0,41.3,B
2021-06-14T13:45:59,3000.0,41.3,B
2021-06-14T13:45:58,1100.0,41.3,B
2021-06-14T13:45:55,5300.0,41.3,B
2021-06-14T13:45:53,1000.0,41.3,B
2021-06-14T13:45:51,1000.0,41.3,B
2021-06-14T13:45:51,100.0,41.3,B
2021-06-14T13:45:41,700.0,41.3,B
2021-06-14T13:45:41,500.0,41.2,S
2021-06-14T13:45:41,500.0,41.3,B
2021-06-14T13:45:34,1500.0,41.3,B
2021-06-14T13:45:23,2300.0,41.3,B
2021-06-14T13:45:20,700.0,41.3,B
2021-06-14T13:45:20,1000.0,41.3,B
2021-06-14T13:45:14,300.0,41.3,B
2021-06-14T13:45:03,100.0,41.3,B
2021-06-14T13:45:00,100.0,41.3,B
2021-06-14T13:44:59,16400.0,41.3,S
2021-06-14T13:44:49,100.0,41.3,S
2021-06-14T13:44:48,2600.0,41.3,B
2021-06-14T13:44:44,1000.0,41.3,B
2021-06-14T13:44:41,9300.0,41.3,S
2021-06-14T13:44:35,11000.0,41.3,S
2021-06-14T13:44:33,1100.0,41.3,S
2021-06-14T13:44:29,11900.0,41.3,B
2021-06-14T13:44:19,5000.0,41.3,B
2021-06-14T13:44:17,20000.0,41.2,S
2021-06-14T13:44:14,6000.0,41.3,B
2021-06-14T13:44:12,1700.0,41.3,B
2021-06-14T13:44:10,10000.0,41.3,B
2021-06-14T13:44:01,500.0,41.2,S
2021-06-14T13:43:55,300.0,41.3,B
2021-06-14T13:43:51,22000.0,41.3,B
2021-06-14T13:43:49,10100.0,41.2,B
2021-06-14T13:43:46,300.0,41.2,S
2021-06-14T13:43:42,700.0,41.2,B
2021-06-14T13:43:40,5000.0,41.2,B
2021-06-14T13:43:39,3000.0,41.2,B
2021-06-14T13:43:35,200.0,41.2,B
2021-06-14T13:43:34,100.0,41.1,S
2021-06-14T13:43:32,5000.0,41.1,S
2021-06-14T13:43:30,4700.0,41.2,B
2021-06-14T13:43:24,3000.0,41.1,S
2021-06-14T13:43:24,500.0,41.1,S
2021-06-14T13:43:19,1000.0,41.2,B
2021-06-14T13:43:13,10000.0,41.2,B
2021-06-14T13:43:11,1100.0,41.1,S
2021-06-14T13:43:04,100.0,41.2,B
2021-06-14T13:43:03,2800.0,41.1,S
2021-06-14T13:42:54,60000.0,41.0,S
2021-06-14T13:42:52,1200.0,41.1,S
2021-06-14T13:42:52,1000.0,41.1,S
2021-06-14T13:42:49,200.0,41.0,S
2021-06-14T13:42:47,1000.0,41.2,B
2021-06-14T13:42:43,500.0,41.1,B
2021-06-14T13:42:35,1000.0,41.0,S
2021-06-14T13:42:33,800.0,41.1,B
2021-06-14T13:42:32,5400.0,41.1,S
2021-06-14T13:42:31,1000.0,41.1,S
2021-06-14T13:42:28,11000.0,41.1,S
2021-06-14T13:42:22,500.0,41.1,S
2021-06-14T13:42:22,2000.0,41.1,S
2021-06-14T13:42:14,100.0,41.1,S
2021-06-14T13:42:12,2000.0,41.1,S
2021-06-14T13:42:09,10000.0,41.1,S
2021-06-14T13:42:05,300.0,41.2,B
2021-06-14T13:42:04,2000.0,41.1,S
2021-06-14T13:42:02,1000.0,41.2,B
2021-06-14T13:41:57,100.0,41.1,S
2021-06-14T13:41:56,200.0,41.2,B
2021-06-14T13:41:52,800.0,41.1,S
2021-06-14T13:41:45,1000.0,41.2,B
2021-06-14T13:41:39,20000.0,41.1,S
2021-06-14T13:41:38,200.0,41.1,S
2021-06-14T13:41:34,3000.0,41.2,B
2021-06-14T13:41:33,3000.0,41.1,S
2021-06-14T13:41:32,5000.0,41.1,S
2021-06-14T13:41:29,1000.0,41.1,S
2021-06-14T13:41:25,2300.0,41.1,S
2021-06-14T13:41:24,500.0,41.1,S
2021-06-14T13:41:15,1000.0,41.2,B
2021-06-14T13:41:14,2300.0,41.1,S
2021-06-14T13:41:08,1000.0,41.2,B
2021-06-14T13:41:05,1000.0,41.1,S
2021-06-14T13:41:04,100.0,41.1,S
2021-06-14T13:40:59,100.0,41.1,S
2021-06-14T13:40:53,200.0,41.1,S
2021-06-14T13:40:44,1000.0,41.1,S
2021-06-14T13:40:44,500.0,41.2,B
2021-06-14T13:40:43,2400.0,41.2,B
2021-06-14T13:40:42,400.0,41.2,B
2021-06-14T13:40:38,1000.0,41.1,S
2021-06-14T13:40:37,200.0,41.1,S
2021-06-14T13:40:35,500.0,41.2,B
2021-06-14T13:40:32,2000.0,41.2,B
2021-06-14T13:40:29,9400.0,41.2,S
2021-06-14T13:40:29,1000.0,41.2,S
2021-06-14T13:40:25,15000.0,41.3,B
2021-06-14T13:40:22,900.0,41.2,S
2021-06-14T13:40:22,3700.0,41.3,B
2021-06-14T13:40:21,300.0,41.2,S
2021-06-14T13:40:20,500.0,41.2,S
2021-06-14T13:40:17,2000.0,41.3,B
2021-06-14T13:40:10,5100.0,41.2,S
2021-06-14T13:40:08,200.0,41.2,S
2021-06-14T13:40:07,1500.0,41.2,S
2021-06-14T13:40:06,500.0,41.3,B
2021-06-14T13:40:01,200.0,41.3,B
2021-06-14T13:40:00,1000.0,41.3,B
2021-06-14T13:39:55,1000.0,41.3,B
2021-06-14T13:39:55,1000.0,41.3,B
2021-06-14T13:39:54,400.0,41.3,B
2021-06-14T13:39:53,200.0,41.3,B
2021-06-14T13:39:48,200.0,41.3,B
2021-06-14T13:39:47,100.0,41.3,B
2021-06-14T13:39:44,500.0,41.3,B
2021-06-14T13:39:35,10000.0,41.3,B
2021-06-14T13:39:34,100.0,41.2,S
2021-06-14T13:39:32,1700.0,41.2,S
2021-06-14T13:39:30,500.0,41.3,B
2021-06-14T13:39:30,2000.0,41.3,B
2021-06-14T13:39:28,500.0,41.3,B
2021-06-14T13:39:24,200.0,41.3,B
2021-06-14T13:39:12,3000.0,41.3,B
2021-06-14T13:39:10,500.0,41.2,S
2021-06-14T13:39:09,2000.0,41.3,B
2021-06-14T13:39:09,500.0,41.2,S
2021-06-14T13:39:07,5000.0,41.2,S
2021-06-14T13:39:05,5800.0,41.2,S
2021-06-14T13:39:01,500.0,41.3,B
2021-06-14T13:38:57,4000.0,41.3,B
2021-06-14T13:38:56,300.0,41.2,S
2021-06-14T13:38:52,1800.0,41.3,B
2021-06-14T13:38:50,2000.0,41.2,S
2021-06-14T13:38:32,30000.0,41.2,S
2021-06-14T13:38:31,200.0,41.3,B
2021-06-14T13:38:16,100.0,41.3,B
2021-06-14T13:38:12,6000.0,41.3,B
2021-06-14T13:38:11,200.0,41.3,B
2021-06-14T13:38:08,1000.0,41.2,S
2021-06-14T13:38:08,1000.0,41.3,B
2021-06-14T13:38:05,100.0,41.3,B
2021-06-14T13:38:04,2800.0,41.3,S
2021-06-14T13:38:00,200.0,41.3,B
2021-06-14T13:37:57,200.0,41.3,B
2021-06-14T13:37:57,100.0,41.3,S
2021-06-14T13:37:55,900.0,41.3,S
2021-06-14T13:37:55,900.0,41.3,B
2021-06-14T13:37:52,2000.0,41.3,B
2021-06-14T13:37:52,3200.0,41.3,S
2021-06-14T13:37:48,3000.0,41.3,S
2021-06-14T13:37:47,200.0,41.3,B
2021-06-14T13:37:46,600.0,41.3,B
2021-06-14T13:37:46,2200.0,41.3,S
2021-06-14T13:37:37,5000.0,41.3,S
2021-06-14T13:37:37,1300.0,41.4,B
2021-06-14T13:37:33,2000.0,41.4,B
2021-06-14T13:37:29,7000.0,41.3,S
2021-06-14T13:37:27,1000.0,41.4,B
2021-06-14T13:37:24,1200.0,41.4,B
2021-06-14T13:37:19,1000.0,41.3,S
2021-06-14T13:37:19,2000.0,41.4,B
2021-06-14T13:37:14,100.0,41.4,B
2021-06-14T13:37:13,1000.0,41.3,S
2021-06-14T13:37:11,1000.0,41.4,B
2021-06-14T13:37:11,10000.0,41.3,S
2021-06-14T13:37:10,1000.0,41.3,S
2021-06-14T13:36:59,100.0,41.4,B
2021-06-14T13:36:59,2000.0,41.4,B
2021-06-14T13:36:51,2000.0,41.3,S
2021-06-14T13:36:47,1500.0,41.4,B
2021-06-14T13:36:45,2000.0,41.4,B
2021-06-14T13:36:44,800.0,41.4,B
2021-06-14T13:36:42,1000.0,41.4,B
2021-06-14T13:36:30,19300.0,41.4,S
2021-06-14T13:36:29,500.0,41.4,S
2021-06-14T13:36:28,700.0,41.4,S
2021-06-14T13:36:25,3900.0,41.4,S
2021-06-14T13:36:23,200.0,41.4,S
2021-06-14T13:36:14,1000.0,41.4,S
2021-06-14T13:36:11,300.0,41.4,S
2021-06-14T13:36:09,800.0,41.4,S
2021-06-14T13:36:04,5000.0,41.4,S
2021-06-14T13:36:02,3000.0,41.4,S
2021-06-14T13:35:58,1000.0,41.4,S
2021-06-14T13:35:57,200.0,41.5,B
2021-06-14T13:35:53,200.0,41.4,S
2021-06-14T13:35:51,200.0,41.4,S
2021-06-14T13:35:48,500.0,41.4,S
2021-06-14T13:35:45,2000.0,41.4,S
2021-06-14T13:35:41,1700.0,41.4,S
2021-06-14T13:35:37,500.0,41.4,S
2021-06-14T13:35:34,300.0,41.4,S
2021-06-14T13:35:33,100.0,41.4,S
2021-06-14T13:35:32,1800.0,41.4,S
2021-06-14T13:35:31,3100.0,41.5,B
2021-06-14T13:35:31,1000.0,41.4,S
2021-06-14T13:35:28,1000.0,41.4,S
2021-06-14T13:35:27,500.0,41.4,S
2021-06-14T13:35:23,42600.0,41.4,B
2021-06-14T13:35:23,600.0,41.3,S
2021-06-14T13:35:22,1000.0,41.4,B
2021-06-14T13:35:16,200.0,41.4,B
2021-06-14T13:35:14,2200.0,41.4,B
2021-06-14T13:35:12,4000.0,41.4,B
2021-06-14T13:35:11,3000.0,41.3,S
2021-06-14T13:35:09,1100.0,41.4,S
2021-06-14T13:35:08,200.0,41.4,S
2021-06-14T13:35:07,100.0,41.4,S
2021-06-14T13:35:04,100.0,41.4,B
2021-06-14T13:35:02,1400.0,41.4,S
2021-06-14T13:35:02,200.0,41.4,S
2021-06-14T13:35:00,11900.0,41.4,S
2021-06-14T13:34:55,2400.0,41.4,B
2021-06-14T13:34:54,500.0,41.4,B
2021-06-14T13:34:52,500.0,41.4,B
2021-06-14T13:34:51,100.0,41.4,B
2021-06-14T13:34:50,20000.0,41.4,B
2021-06-14T13:34:47,40000.0,41.3,S
2021-06-14T13:34:46,200.0,41.4,B
2021-06-14T13:34:41,4500.0,41.4,B
2021-06-14T13:34:34,200.0,41.3,S
2021-06-14T13:34:32,100.0,41.4,B
2021-06-14T13:34:30,20500.0,41.4,B
2021-06-14T13:34:29,500.0,41.4,B
2021-06-14T13:34:24,300.0,41.4,B
2021-06-14T13:34:23,5000.0,41.3,S
2021-06-14T13:34:16,100.0,41.3,S
2021-06-14T13:34:10,200.0,41.4,B
2021-06-14T13:34:09,100.0,41.4,B
2021-06-14T13:34:08,2000.0,41.4,B
2021-06-14T13:34:06,300.0,41.4,B
2021-06-14T13:33:57,200.0,41.4,B
2021-06-14T13:33:52,400.0,41.4,B
2021-06-14T13:33:48,1000.0,41.3,S
2021-06-14T13:33:48,700.0,41.3,S
2021-06-14T13:33:47,500.0,41.4,B
2021-06-14T13:33:44,9000.0,41.4,B
2021-06-14T13:33:39,10300.0,41.3,S
2021-06-14T13:33:34,2900.0,41.4,B
2021-06-14T13:33:32,400.0,41.4,B
2021-06-14T13:33:31,1000.0,41.4,B
2021-06-14T13:33:25,1000.0,41.4,B
2021-06-14T13:33:21,200.0,41.4,B
2021-06-14T13:33:17,800.0,41.3,S
2021-06-14T13:33:16,1000.0,41.4,B
2021-06-14T13:33:15,4500.0,41.4,B
2021-06-14T13:33:11,1000.0,41.3,S
2021-06-14T13:33:10,8800.0,41.4,S
2021-06-14T13:33:09,500.0,41.4,S
2021-06-14T13:32:58,200.0,41.4,S
2021-06-14T13:32:56,300.0,41.4,S
2021-06-14T13:32:53,100.0,41.4,S
2021-06-14T13:32:52,15800.0,41.4,B
2021-06-14T13:32:47,500.0,41.3,S
2021-06-14T13:32:47,100.0,41.3,S
2021-06-14T13:32:47,500.0,41.3,S
2021-06-14T13:32:40,2000.0,41.4,B
2021-06-14T13:32:39,10000.0,41.3,S
2021-06-14T13:32:37,10000.0,41.4,B
2021-06-14T13:32:37,500.0,41.3,S
2021-06-14T13:32:36,100.0,41.3,S
2021-06-14T13:32:34,100.0,41.3,S
2021-06-14T13:32:28,500.0,41.3,S
2021-06-14T13:32:27,100.0,41.3,S
2021-06-14T13:32:26,1000.0,41.3,S
2021-06-14T13:32:24,400.0,41.4,B
2021-06-14T13:32:20,1600.0,41.4,B
2021-06-14T13:32:07,400.0,41.3,S
2021-06-14T13:32:05,200.0,41.3,S
2021-06-14T13:32:02,9900.0,41.4,B
2021-06-14T13:31:59,5100.0,41.3,S
2021-06-14T13:31:58,1000.0,41.3,S
2021-06-14T13:31:58,500.0,41.3,S
2021-06-14T13:31:56,200.0,41.3,S
2021-06-14T13:31:52,200.0,41.3,S
2021-06-14T13:31:48,300.0,41.3,S
2021-06-14T13:31:46,100.0,41.3,S
2021-06-14T13:31:46,100.0,41.3,S
2021-06-14T13:31:43,200.0,41.3,S
2021-06-14T13:31:38,1000.0,41.3,S
2021-06-14T13:31:32,100.0,41.3,S
2021-06-14T13:31:31,1300.0,41.3,S
2021-06-14T13:31:30,5300.0,41.3,S
2021-06-14T13:31:27,6300.0,41.3,S
2021-06-14T13:31:22,1000.0,41.3,S
2021-06-14T13:31:17,1000.0,41.3,S
2021-06-14T13:31:15,300.0,41.3,B
2021-06-14T13:31:12,2200.0,41.4,B
2021-06-14T13:31:00,800.0,41.3,S
2021-06-14T13:30:57,100.0,41.3,B
2021-06-14T13:30:55,200.0,41.3,B
2021-06-14T13:30:54,1300.0,41.0,S
2021-06-14T13:30:54,300.0,41.3,B
2021-06-14T13:30:53,15000.0,41.0,S
2021-06-14T13:30:50,400.0,41.3,B
2021-06-14T13:30:48,1200.0,41.3,S
2021-06-14T13:30:47,21200.0,41.4,B
2021-06-14T13:30:47,500.0,41.4,B
2021-06-14T13:30:43,200.0,41.4,B
2021-06-14T13:30:43,300.0,41.4,B
2021-06-14T13:30:42,2100.0,41.4,B
2021-06-14T13:30:39,20000.0,41.4,B
2021-06-14T13:30:39,22900.0,41.3,S
2021-06-14T13:30:38,10000.0,41.4,B
2021-06-14T13:30:31,500.0,41.4,B
2021-06-14T13:30:30,10000.0,41.3,S
2021-06-14T13:30:29,200.0,41.4,B
2021-06-14T13:30:26,500.0,41.4,B
2021-06-14T13:30:22,3500.0,41.4,B
2021-06-14T13:30:20,300.0,41.4,B
2021-06-14T13:30:17,1300.0,41.4,B
2021-06-14T13:30:17,100.0,41.4,B
2021-06-14T13:30:16,300.0,41.4,B
2021-06-14T13:30:14,100.0,41.4,B
2021-06-14T13:30:12,100.0,41.4,B
2021-06-14T13:30:09,500.0,41.4,B
2021-06-14T13:30:09,2000.0,41.4,B
2021-06-14T13:30:07,1000.0,41.4,B
2021-06-14T13:30:06,1200.0,41.4,S
2021-06-14T13:30:05,2000.0,41.4,B
2021-06-14T13:30:05,500.0,41.4,B
2021-06-14T13:30:02,4600.0,41.4,S
2021-06-14T13:30:01,2000.0,41.4,S
2021-06-14T13:30:00,2000.0,41.4,S
2021-06-14T13:30:00,1000.0,41.4,S
2021-06-14T13:29:59,1000.0,41.5,B
2021-06-14T13:29:55,1000.0,41.4,S
2021-06-14T13:29:55,1000.0,41.4,S
2021-06-14T13:29:51,2000.0,41.4,S
2021-06-14T13:29:51,300.0,41.5,B
2021-06-14T13:29:45,100.0,41.5,B
2021-06-14T13:29:44,2000.0,41.4,S
2021-06-14T13:29:42,1000.0,41.4,S
2021-06-14T13:29:40,700.0,41.4,S
2021-06-14T13:29:27,2200.0,41.4,S
2021-06-14T13:29:26,200.0,41.5,B
2021-06-14T13:29:24,2200.0,41.5,B
2021-06-14T13:29:23,1500.0,41.5,B
2021-06-14T13:29:22,5000.0,41.5,B
2021-06-14T13:29:22,100.0,41.5,B
2021-06-14T13:29:16,500.0,41.5,B
2021-06-14T13:29:14,1100.0,41.5,B
2021-06-14T13:29:14,100.0,41.5,B
2021-06-14T13:29:13,200.0,41.5,B
2021-06-14T13:29:12,700.0,41.5,B
2021-06-14T13:29:06,100.0,41.5,B
2021-06-14T13:29:05,300.0,41.5,B
2021-06-14T13:29:05,200.0,41.5,B
2021-06-14T13:29:03,200.0,41.5,B
2021-06-14T13:29:03,5000.0,41.5,B
2021-06-14T13:29:02,600.0,41.5,B
2021-06-14T13:29:01,500.0,41.5,B
2021-06-14T13:28:59,400.0,41.5,B
2021-06-14T13:28:56,500.0,41.5,B
2021-06-14T13:28:54,1500.0,41.6,B
2021-06-14T13:28:54,1000.0,41.6,B
2021-06-14T13:28:53,300.0,41.5,B
2021-06-14T13:28:53,300.0,41.6,B
2021-06-14T13:28:50,5800.0,41.6,B
2021-06-14T13:28:48,29900.0,41.6,B
2021-06-14T13:28:47,400.0,41.6,B
2021-06-14T13:28:47,5000.0,41.6,B
2021-06-14T13:28:43,5300.0,41.6,B
2021-06-14T13:28:40,200.0,41.6,B
2021-06-14T13:28:35,300.0,41.6,B
2021-06-14T13:28:35,800.0,41.6,B
2021-06-14T13:28:32,100.0,41.6,B
2021-06-14T13:28:31,600.0,41.6,B
2021-06-14T13:28:26,5000.0,41.6,B
2021-06-14T13:28:26,2000.0,41.6,B
2021-06-14T13:28:25,400.0,41.6,B
2021-06-14T13:28:21,100.0,41.6,B
2021-06-14T13:28:20,100.0,41.6,B
2021-06-14T13:28:19,500.0,41.6,B
2021-06-14T13:28:16,800.0,41.6,B
2021-06-14T13:28:16,700.0,41.6,B
2021-06-14T13:28:13,300.0,41.6,B
2021-06-14T13:28:12,3200.0,41.6,B
2021-06-14T13:28:11,51300.0,41.6,S
2021-06-14T13:28:11,100.0,41.7,S
2021-06-14T13:28:06,100.0,41.7,S
2021-06-14T13:28:05,200.0,41.7,S
2021-06-14T13:28:05,5000.0,41.7,S
2021-06-14T13:28:02,50000.0,41.8,B
2021-06-14T13:28:00,2000.0,41.7,B
2021-06-14T13:27:58,2100.0,41.7,B
2021-06-14T13:27:58,2000.0,41.6,S
2021-06-14T13:27:54,4000.0,41.7,B
2021-06-14T13:27:52,3900.0,41.7,S
2021-06-14T13:27:51,2000.0,41.7,B
2021-06-14T13:27:49,1000.0,41.7,B
2021-06-14T13:27:49,600.0,41.7,B
2021-06-14T13:27:45,1000.0,41.7,B
2021-06-14T13:27:40,300.0,41.7,B
2021-06-14T13:27:40,2200.0,41.7,B
2021-06-14T13:27:38,1000.0,41.7,B
2021-06-14T13:27:37,600.0,41.7,B
2021-06-14T13:27:36,1800.0,41.7,B
2021-06-14T13:27:35,1300.0,41.7,B
2021-06-14T13:27:34,3500.0,41.7,B
2021-06-14T13:27:32,300.0,41.7,B
2021-06-14T13:27:31,2000.0,41.7,B
2021-06-14T13:27:26,200.0,41.7,B
2021-06-14T13:27:25,2500.0,41.7,B
2021-06-14T13:27:20,1000.0,41.7,B
2021-06-14T13:27:17,1000.0,41.7,B
2021-06-14T13:27:14,5000.0,41.7,B
2021-06-14T13:27:09,400.0,41.6,S
2021-06-14T13:27:09,100.0,41.7,B
2021-06-14T13:27:07,7100.0,41.7,B
2021-06-14T13:27:04,100.0,41.7,B
2021-06-14T13:27:03,600.0,41.7,B
2021-06-14T13:27:00,5000.0,41.6,S
2021-06-14T13:27:00,500.0,41.6,S
2021-06-14T13:26:59,1700.0,41.7,B
2021-06-14T13:26:57,3000.0,41.6,S
2021-06-14T13:26:51,15000.0,41.7,B
2021-06-14T13:26:45,6000.0,41.7,B
2021-06-14T13:26:44,500.0,41.7,B
2021-06-14T13:26:43,7500.0,41.7,B
2021-06-14T13:26:41,2600.0,41.6,S
2021-06-14T13:26:40,100.0,41.6,S
2021-06-14T13:26:38,400.0,41.6,B
2021-06-14T13:26:37,500.0,41.6,B
2021-06-14T13:26:36,1100.0,41.6,B
2021-06-14T13:26:31,2900.0,41.6,B
2021-06-14T13:26:28,100.0,41.6,B
2021-06-14T13:26:24,1000.0,41.6,B
2021-06-14T13:26:21,7400.0,41.6,B
2021-06-14T13:26:19,200.0,41.5,S
2021-06-14T13:26:16,400.0,41.5,S
2021-06-14T13:26:16,2000.0,41.5,S
2021-06-14T13:26:13,1700.0,41.6,B
2021-06-14T13:26:03,300.0,41.5,S
2021-06-14T13:25:54,9300.0,41.5,S
2021-06-14T13:25:53,8700.0,41.5,S
2021-06-14T13:25:51,100.0,41.6,B
2021-06-14T13:25:49,100.0,41.6,B
2021-06-14T13:25:48,2000.0,41.5,S
2021-06-14T13:25:48,100.0,41.5,S
2021-06-14T13:25:46,100.0,41.5,B
2021-06-14T13:25:45,1500.0,41.5,B
2021-06-14T13:25:44,4000.0,41.5,B
2021-06-14T13:25:44,10000.0,41.5,B
2021-06-14T13:25:43,3500.0,41.5,B
2021-06-14T13:25:42,36300.0,41.5,B
2021-06-14T13:25:38,50200.0,41.5,B
2021-06-14T13:25:36,1000.0,41.5,B
2021-06-14T13:25:35,4000.0,41.5,B
2021-06-14T13:25:34,2000.0,41.5,B
2021-06-14T13:25:33,700.0,41.5,B
2021-06-14T13:25:32,1400.0,41.5,B
2021-06-14T13:25:31,500.0,41.5,B
2021-06-14T13:25:26,20000.0,41.5,B
2021-06-14T13:25:26,2300.0,41.4,S
2021-06-14T13:25:23,30000.0,41.5,B
2021-06-14T13:25:21,11000.0,41.5,B
2021-06-14T13:25:17,1900.0,41.5,B
2021-06-14T13:25:15,200.0,41.4,S
2021-06-14T13:25:11,2200.0,41.5,B
2021-06-14T13:25:11,200.0,41.5,B
2021-06-14T13:25:05,400.0,41.5,B
2021-06-14T13:25:03,500.0,41.5,B
2021-06-14T13:24:58,500.0,41.5,B
2021-06-14T13:24:57,800.0,41.5,B
2021-06-14T13:24:57,100.0,41.5,B
2021-06-14T13:24:54,300.0,41.5,B
2021-06-14T13:24:53,400.0,41.5,B
2021-06-14T13:24:49,2200.0,41.5,B
2021-06-14T13:24:48,400.0,41.5,B
2021-06-14T13:24:47,1000.0,41.5,B
2021-06-14T13:24:44,1000.0,41.5,B
2021-06-14T13:24:43,1000.0,41.5,B
2021-06-14T13:24:42,3000.0,41.4,S
2021-06-14T13:24:37,500.0,41.5,B
2021-06-14T13:24:34,1000.0,41.5,B
2021-06-14T13:24:34,200.0,41.5,B
2021-06-14T13:24:33,2000.0,41.5,B
2021-06-14T13:24:31,300.0,41.5,B
2021-06-14T13:24:31,200.0,41.5,B
2021-06-14T13:24:29,1000.0,41.5,B
2021-06-14T13:24:27,3500.0,41.5,B
2021-06-14T13:24:24,30000.0,41.5,B
2021-06-14T13:24:15,1100.0,41.5,B
2021-06-14T13:24:10,100.0,41.5,B
2021-06-14T13:24:10,200.0,41.5,B
2021-06-14T13:24:05,4400.0,41.5,B
2021-06-14T13:24:04,6600.0,41.5,B
2021-06-14T13:24:01,500.0,41.5,B
2021-06-14T13:24:00,11400.0,41.5,B
2021-06-14T13:23:57,600.0,41.5,B
2021-06-14T13:23:55,300.0,41.5,B
2021-06-14T13:23:54,1000.0,41.5,B
2021-06-14T13:23:54,200.0,41.5,B
2021-06-14T13:23:53,5500.0,41.5,B
2021-06-14T13:23:53,800.0,41.5,B
2021-06-14T13:23:50,300.0,41.5,B
2021-06-14T13:23:49,100.0,41.5,B
2021-06-14T13:23:47,300.0,41.5,B
2021-06-14T13:23:45,300.0,41.5,B
2021-06-14T13:23:44,100.0,41.5,B
2021-06-14T13:23:41,800.0,41.4,S
2021-06-14T13:23:40,100.0,41.5,B
2021-06-14T13:23:40,1000.0,41.5,B
2021-06-14T13:23:39,7000.0,41.5,B
2021-06-14T13:23:38,2000.0,41.5,B
2021-06-14T13:23:35,5200.0,41.5,B
2021-06-14T13:23:33,3000.0,41.5,B
2021-06-14T13:23:32,400.0,41.5,B
2021-06-14T13:23:32,5800.0,41.5,B
2021-06-14T13:23:30,3000.0,41.5,B
2021-06-14T13:23:29,3200.0,41.5,B
2021-06-14T13:23:28,300.0,41.4,S
2021-06-14T13:23:26,300.0,41.5,B
2021-06-14T13:23:24,200.0,41.5,B
2021-06-14T13:23:23,800.0,41.5,B
2021-06-14T13:23:23,1000.0,41.5,B
2021-06-14T13:23:21,300.0,41.4,S
2021-06-14T13:23:20,1100.0,41.5,B
2021-06-14T13:23:07,500.0,41.5,B
2021-06-14T13:23:05,500.0,41.4,S
2021-06-14T13:23:01,200.0,41.4,S
2021-06-14T13:22:57,4000.0,41.4,B
2021-06-14T13:22:56,12000.0,41.4,B
2021-06-14T13:22:54,300.0,41.4,B
2021-06-14T13:22:53,3000.0,41.4,B
2021-06-14T13:22:51,100.0,41.3,S
2021-06-14T13:22:50,500.0,41.4,B
2021-06-14T13:22:49,200.0,41.4,B
2021-06-14T13:22:45,900.0,41.4,B
2021-06-14T13:22:44,5000.0,41.4,B
2021-06-14T13:22:42,100.0,41.3,S
2021-06-14T13:22:42,1000.0,41.4,B
2021-06-14T13:22:41,2100.0,41.4,B
2021-06-14T13:22:37,500.0,41.3,S
2021-06-14T13:22:31,500.0,41.3,S
2021-06-14T13:22:30,500.0,41.3,S
2021-06-14T13:22:26,100.0,41.3,S
2021-06-14T13:22:17,500.0,41.3,S
2021-06-14T13:22:15,500.0,41.3,B
2021-06-14T13:22:14,2300.0,41.3,B
2021-06-14T13:22:13,1000.0,41.3,B
2021-06-14T13:22:12,7700.0,41.3,B
2021-06-14T13:22:11,3000.0,41.3,B
2021-06-14T13:22:09,200.0,41.3,B
2021-06-14T13:22:07,400.0,41.3,B
2021-06-14T13:22:06,1000.0,41.3,B
2021-06-14T13:22:04,100.0,41.3,B
2021-06-14T13:22:04,2000.0,41.3,B
2021-06-14T13:22:02,900.0,41.3,B
2021-06-14T13:22:02,500.0,41.2,S
2021-06-14T13:21:58,500.0,41.3,B
2021-06-14T13:21:53,2400.0,41.3,B
2021-06-14T13:21:52,1000.0,41.3,B
2021-06-14T13:21:48,1100.0,41.3,B
2021-06-14T13:21:45,100.0,41.3,B
2021-06-14T13:21:40,2600.0,41.2,S
2021-06-14T13:21:38,31200.0,41.2,B
2021-06-14T13:21:36,2200.0,41.2,B
2021-06-14T13:21:34,500.0,41.1,S
2021-06-14T13:21:30,100.0,41.1,S
2021-06-14T13:21:29,1500.0,41.2,B
2021-06-14T13:21:28,1000.0,41.2,B
2021-06-14T13:21:27,2200.0,41.2,B
2021-06-14T13:21:27,1400.0,41.1,B
2021-06-14T13:21:26,1700.0,41.1,B
2021-06-14T13:21:24,200.0,41.1,B
2021-06-14T13:21:23,1000.0,41.1,B
2021-06-14T13:21:21,600.0,41.1,B
2021-06-14T13:21:13,600.0,41.1,B
2021-06-14T13:21:10,500.0,41.0,S
2021-06-14T13:21:10,1000.0,41.0,S
2021-06-14T13:21:08,17000.0,41.1,B
2021-06-14T13:21:07,400.0,41.1,B
2021-06-14T13:21:06,200.0,41.0,S
2021-06-14T13:21:06,600.0,41.0,S
2021-06-14T13:21:05,200.0,41.0,S
2021-06-14T13:21:00,100.0,41.0,S
2021-06-14T13:20:59,3000.0,41.1,B
2021-06-14T13:20:59,1000.0,41.0,S
2021-06-14T13:20:54,100.0,41.0,S
2021-06-14T13:20:52,2000.0,41.0,B
2021-06-14T13:20:51,2300.0,41.0,B
2021-06-14T13:20:49,100.0,41.0,B
2021-06-14T13:20:49,1000.0,41.0,B
2021-06-14T13:20:48,6600.0,41.0,B
2021-06-14T13:20:47,1000.0,41.0,B
2021-06-14T13:20:47,1800.0,41.0,B
2021-06-14T13:20:46,1000.0,41.0,B
2021-06-14T13:20:44,100.0,41.0,B
2021-06-14T13:20:42,100.0,41.0,B
2021-06-14T13:20:42,1000.0,41.0,B
2021-06-14T13:20:41,2000.0,41.0,B
2021-06-14T13:20:40,200.0,41.0,B
2021-06-14T13:20:39,100.0,41.0,B
2021-06-14T13:20:37,500.0,41.0,B
2021-06-14T13:20:36,1100.0,41.0,B
2021-06-14T13:20:34,500.0,41.0,B
2021-06-14T13:20:33,5000.0,41.0,B
2021-06-14T13:20:32,39600.0,41.0,B
2021-06-14T13:20:32,1100.0,41.0,B
2021-06-14T13:20:30,100.0,41.0,B
2021-06-14T13:20:28,500.0,41.0,B
2021-06-14T13:20:26,2000.0,41.0,B
2021-06-14T13:20:25,1000.0,40.9,S
2021-06-14T13:20:25,300.0,41.0,B
2021-06-14T13:20:24,1100.0,41.0,B
2021-06-14T13:20:23,500.0,41.0,B
2021-06-14T13:20:22,400.0,41.0,B
2021-06-14T13:20:21,12300.0,41.0,B
2021-06-14T13:20:20,100.0,41.0,B
2021-06-14T13:20:18,300.0,41.0,B
2021-06-14T13:20:16,1000.0,41.0,B
2021-06-14T13:20:14,10000.0,41.0,B
2021-06-14T13:20:04,1000.0,40.9,S
2021-06-14T13:19:56,3500.0,41.0,B
2021-06-14T13:19:55,100.0,41.0,B
2021-06-14T13:19:50,500.0,41.0,B
2021-06-14T13:19:46,200.0,41.0,B
2021-06-14T13:19:45,2000.0,41.0,B
2021-06-14T13:19:44,11000.0,41.0,B
2021-06-14T13:19:39,1000.0,41.0,B
2021-06-14T13:19:37,500.0,41.0,B
2021-06-14T13:19:36,400.0,41.0,B
2021-06-14T13:19:31,2200.0,41.0,B
2021-06-14T13:19:31,400.0,41.0,B
2021-06-14T13:19:26,500.0,41.0,B
2021-06-14T13:19:23,1300.0,41.0,B
2021-06-14T13:19:23,400.0,41.0,B
2021-06-14T13:19:22,100.0,41.0,B
2021-06-14T13:19:19,10000.0,41.0,B
2021-06-14T13:19:18,600.0,41.0,B
2021-06-14T13:19:18,600.0,41.0,B
2021-06-14T13:19:16,5000.0,40.9,S
2021-06-14T13:19:11,2500.0,41.0,B
2021-06-14T13:19:10,800.0,41.0,B
2021-06-14T13:19:05,1000.0,41.0,B
2021-06-14T13:19:03,200.0,41.0,B
2021-06-14T13:19:01,900.0,41.0,B
2021-06-14T13:18:59,2000.0,41.0,B
2021-06-14T13:18:55,1000.0,41.0,B
2021-06-14T13:18:54,600.0,41.0,B
2021-06-14T13:18:54,5000.0,41.0,B
2021-06-14T13:18:48,1000.0,41.0,B
2021-06-14T13:18:47,1300.0,41.0,B
2021-06-14T13:18:45,500.0,41.0,B
2021-06-14T13:18:44,2000.0,41.0,B
2021-06-14T13:18:42,2000.0,41.0,B
2021-06-14T13:18:42,400.0,41.0,B
2021-06-14T13:18:39,2800.0,41.0,B
2021-06-14T13:18:37,3600.0,41.0,B
2021-06-14T13:18:35,2500.0,41.0,B
2021-06-14T13:18:34,100.0,41.0,B
2021-06-14T13:18:33,400.0,41.0,B
2021-06-14T13:18:32,1000.0,41.0,B
2021-06-14T13:18:31,1000.0,41.0,B
2021-06-14T13:18:29,700.0,41.0,B
2021-06-14T13:18:28,3000.0,41.0,B
2021-06-14T13:18:27,10000.0,41.0,B
2021-06-14T13:18:22,1500.0,41.0,B
2021-06-14T13:18:22,800.0,41.0,B
2021-06-14T13:18:21,500.0,41.0,B
2021-06-14T13:18:21,5000.0,41.0,B
2021-06-14T13:18:19,100.0,41.0,B
2021-06-14T13:18:17,10000.0,41.0,B
2021-06-14T13:18:16,2000.0,41.0,B
2021-06-14T13:18:14,1800.0,41.0,B
2021-06-14T13:18:13,1500.0,41.0,B
2021-06-14T13:18:12,7900.0,41.0,B
2021-06-14T13:18:12,60000.0,41.0,B
2021-06-14T13:18:11,100.0,41.0,B
2021-06-14T13:18:10,4500.0,41.0,B
2021-06-14T13:18:09,60000.0,41.0,B
2021-06-14T13:18:07,200.0,41.0,B
2021-06-14T13:18:07,1000.0,41.0,B
2021-06-14T13:18:05,26000.0,41.0,B
2021-06-14T13:18:04,1400.0,41.0,B
2021-06-14T13:18:02,200.0,41.0,B
2021-06-14T13:18:02,100.0,41.0,B
2021-06-14T13:17:56,3000.0,40.9,S
2021-06-14T13:17:54,3000.0,41.0,B
2021-06-14T13:17:53,500.0,41.0,B
2021-06-14T13:17:51,1000.0,41.0,B
2021-06-14T13:17:49,1500.0,41.0,B
2021-06-14T13:17:48,2400.0,41.0,B
2021-06-14T13:17:47,500.0,41.0,B
2021-06-14T13:17:42,200.0,41.0,B
2021-06-14T13:17:35,1000.0,41.0,B
2021-06-14T13:17:29,100.0,40.9,S
2021-06-14T13:17:26,200.0,40.9,S
2021-06-14T13:17:18,100000.0,41.0,B
2021-06-14T13:17:16,4000.0,41.0,B
2021-06-14T13:17:13,1000.0,41.0,B
2021-06-14T13:17:13,1000.0,40.9,S
2021-06-14T13:17:10,1200.0,41.0,B
2021-06-14T13:16:57,800.0,41.0,B
2021-06-14T13:16:47,1000.0,41.0,B
2021-06-14T13:16:46,1000.0,40.9,S
2021-06-14T13:16:24,200.0,40.9,S
2021-06-14T13:16:22,100.0,40.9,S
2021-06-14T13:16:19,700.0,40.9,S
2021-06-14T13:16:19,2400.0,40.9,S
2021-06-14T13:16:18,500.0,40.8,S
2021-06-14T13:16:17,2500.0,40.9,B
2021-06-14T13:16:17,4500.0,40.9,B
2021-06-14T13:16:16,300.0,40.9,B
2021-06-14T13:16:14,100.0,40.9,B
2021-06-14T13:16:13,2000.0,40.9,B
2021-06-14T13:16:13,6000.0,40.9,B
2021-06-14T13:16:11,20900.0,40.9,B
2021-06-14T13:16:11,100.0,40.9,B
2021-06-14T13:16:10,1000.0,40.9,B
2021-06-14T13:16:09,1000.0,40.9,B
2021-06-14T13:16:08,20000.0,40.9,B
2021-06-14T13:16:04,5000.0,40.9,B
2021-06-14T13:15:58,100.0,40.9,B
2021-06-14T13:15:58,2000.0,40.9,B
2021-06-14T13:15:56,2500.0,40.9,B
2021-06-14T13:15:49,2000.0,40.9,B
2021-06-14T13:15:46,100.0,40.9,B
2021-06-14T13:15:44,1000.0,40.9,B
2021-06-14T13:15:42,300.0,40.9,B
2021-06-14T13:15:37,500.0,40.9,B
2021-06-14T13:15:36,28000.0,40.9,B
2021-06-14T13:15:32,100.0,40.9,B
2021-06-14T13:15:30,400.0,40.9,B
2021-06-14T13:15:28,1900.0,40.9,B
2021-06-14T13:15:25,2000.0,40.9,B
2021-06-14T13:15:23,500.0,40.9,B
2021-06-14T13:15:22,3000.0,40.9,B
2021-06-14T13:15:21,400.0,40.9,B
2021-06-14T13:15:19,4000.0,40.9,B
2021-06-14T13:15:15,200.0,40.9,B
2021-06-14T13:15:14,2000.0,40.9,B
2021-06-14T13:15:13,1300.0,40.9,B
2021-06-14T13:15:12,3200.0,40.9,B
2021-06-14T13:15:11,500.0,40.9,B
2021-06-14T13:15:09,9000.0,40.9,B
2021-06-14T13:15:07,15000.0,40.9,B
2021-06-14T13:15:02,700.0,40.9,B
2021-06-14T13:15:00,12000.0,40.9,B
2021-06-14T13:14:58,2300.0,40.9,B
2021-06-14T13:14:58,100.0,40.9,B
2021-06-14T13:14:56,4100.0,40.9,B
2021-06-14T13:14:56,200.0,40.9,B
2021-06-14T13:14:55,200.0,40.9,B
2021-06-14T13:14:53,500.0,40.9,B
2021-06-14T13:14:52,500.0,40.9,B
2021-06-14T13:14:51,39900.0,40.9,S
2021-06-14T13:14:49,500.0,41.0,B
2021-06-14T13:14:45,1000.0,40.9,S
2021-06-14T13:14:44,1000.0,41.0,B
2021-06-14T13:14:43,3700.0,41.0,B
2021-06-14T13:14:43,10000.0,41.0,B
2021-06-14T13:14:42,300.0,41.0,B
2021-06-14T13:14:41,200.0,41.0,B
2021-06-14T13:14:40,1000.0,41.0,B
2021-06-14T13:14:36,2000.0,41.0,B
2021-06-14T13:14:34,4000.0,41.0,B
2021-06-14T13:14:33,200.0,41.0,B
2021-06-14T13:14:32,2000.0,41.0,B
2021-06-14T13:14:29,400.0,40.9,S
2021-06-14T13:14:23,300.0,41.0,B
2021-06-14T13:14:21,10100.0,40.9,S
2021-06-14T13:14:10,3000.0,40.9,S
2021-06-14T13:14:10,500.0,40.9,S
2021-06-14T13:14:07,21700.0,40.9,B
2021-06-14T13:14:06,5000.0,40.9,B
2021-06-14T13:14:05,10000.0,40.9,B
2021-06-14T13:14:03,100.0,40.9,B
2021-06-14T13:14:01,1000.0,40.9,B
2021-06-14T13:13:57,100.0,40.9,B
2021-06-14T13:13:52,4200.0,40.9,B
2021-06-14T13:13:51,100.0,40.9,B
2021-06-14T13:13:48,100.0,40.9,B
2021-06-14T13:13:46,1900.0,40.9,B
2021-06-14T13:13:42,1300.0,40.8,S
2021-06-14T13:13:35,2000.0,40.8,S
2021-06-14T13:13:33,1300.0,40.9,B
2021-06-14T13:13:29,200.0,40.8,S
2021-06-14T13:13:26,500.0,40.8,S
2021-06-14T13:13:20,100.0,40.8,S
2021-06-14T13:13:16,4600.0,40.8,B
2021-06-14T13:13:08,400.0,40.8,B
2021-06-14T13:13:05,100.0,40.8,S
2021-06-14T13:13:04,30100.0,40.9,B
2021-06-14T13:13:00,200.0,40.7,S
2021-06-14T13:12:59,5000.0,40.9,B
2021-06-14T13:12:48,18600.0,40.8,S
2021-06-14T13:12:46,4800.0,40.7,B
2021-06-14T13:12:43,400.0,40.7,B
2021-06-14T13:12:40,500.0,40.7,B
2021-06-14T13:12:39,5000.0,40.7,B
2021-06-14T13:12:38,500.0,40.7,B
2021-06-14T13:12:36,6700.0,40.7,B
2021-06-14T13:12:35,10000.0,40.7,B
2021-06-14T13:12:34,1000.0,40.7,B
2021-06-14T13:12:31,100.0,40.7,B
2021-06-14T13:12:30,3000.0,40.7,B
2021-06-14T13:12:29,10500.0,40.7,B
2021-06-14T13:12:26,400.0,40.7,B
2021-06-14T13:12:24,1300.0,40.7,B
2021-06-14T13:12:24,1100.0,40.7,B
2021-06-14T13:12:21,100.0,40.7,B
2021-06-14T13:12:21,200.0,40.7,B
2021-06-14T13:12:17,1500.0,40.7,B
2021-06-14T13:12:14,2000.0,40.7,B
2021-06-14T13:12:12,1000.0,40.7,B
2021-06-14T13:12:08,6000.0,40.7,B
2021-06-14T13:12:01,2000.0,40.7,B
2021-06-14T13:11:58,500.0,40.7,B
2021-06-14T13:11:57,1000.0,40.7,B
2021-06-14T13:11:52,10000.0,40.7,B
2021-06-14T13:11:49,500.0,40.7,B
2021-06-14T13:11:47,2000.0,40.7,B
2021-06-14T13:11:46,1000.0,40.7,B
2021-06-14T13:11:43,100.0,40.7,B
2021-06-14T13:11:39,2000.0,40.6,S
2021-06-14T13:11:37,3000.0,40.6,S
2021-06-14T13:11:29,100.0,40.7,B
2021-06-14T13:11:26,700.0,40.7,B
2021-06-14T13:11:24,100.0,40.7,B
2021-06-14T13:11:22,28900.0,40.7,S
2021-06-14T13:11:22,3000.0,40.9,B
2021-06-14T13:11:20,2000.0,40.8,B
2021-06-14T13:11:17,1600.0,40.8,B
2021-06-14T13:11:15,1000.0,40.8,B
2021-06-14T13:11:15,500.0,40.8,B
2021-06-14T13:11:11,300.0,40.8,B
2021-06-14T13:11:09,600.0,40.8,B
2021-06-14T13:11:08,500.0,40.8,B
2021-06-14T13:11:07,2000.0,40.8,B
2021-06-14T13:11:05,1000.0,40.8,B
2021-06-14T13:11:04,100.0,40.8,B
2021-06-14T13:11:03,500.0,40.8,B
2021-06-14T13:11:01,300.0,40.8,B
2021-06-14T13:11:00,800.0,40.8,B
2021-06-14T13:10:57,3000.0,40.8,B
2021-06-14T13:10:56,1000.0,40.8,B
2021-06-14T13:10:55,2000.0,40.8,B
2021-06-14T13:10:54,200.0,40.8,B
2021-06-14T13:10:51,4000.0,40.8,B
2021-06-14T13:10:49,500.0,40.8,B
2021-06-14T13:10:49,1600.0,40.8,B
2021-06-14T13:10:45,700.0,40.8,B
2021-06-14T13:10:44,16000.0,40.8,B
2021-06-14T13:10:43,500.0,40.8,B
2021-06-14T13:10:41,1000.0,40.8,B
2021-06-14T13:10:39,1000.0,40.8,B
2021-06-14T13:10:36,200.0,40.8,B
2021-06-14T13:10:36,100.0,40.8,B
2021-06-14T13:10:35,6600.0,40.8,B
2021-06-14T13:10:34,2000.0,40.8,B
2021-06-14T13:10:33,1000.0,40.8,B
2021-06-14T13:10:31,1000.0,40.8,B
2021-06-14T13:10:30,10000.0,40.8,B
2021-06-14T13:10:27,1100.0,40.8,B
2021-06-14T13:10:24,400.0,40.8,B
2021-06-14T13:10:23,500.0,40.8,B
2021-06-14T13:10:22,15300.0,40.8,B
2021-06-14T13:10:21,3000.0,40.8,B
2021-06-14T13:10:20,200.0,40.7,S
2021-06-14T13:10:20,800.0,40.8,B
2021-06-14T13:10:17,2000.0,40.8,B
2021-06-14T13:10:15,600.0,40.8,B
2021-06-14T13:10:03,1800.0,40.8,B
2021-06-14T13:09:54,1500.0,40.7,S
2021-06-14T13:09:51,700.0,40.7,S
2021-06-14T13:09:50,1000.0,40.8,B
2021-06-14T13:09:50,200.0,40.7,S
2021-06-14T13:09:43,1800.0,40.7,B
2021-06-14T13:09:43,1000.0,40.7,B
2021-06-14T13:09:40,500.0,40.6,S
2021-06-14T13:09:38,500.0,40.7,B
2021-06-14T13:09:37,9000.0,40.7,B
2021-06-14T13:09:34,300.0,40.7,B
2021-06-14T13:09:34,400.0,40.7,B
2021-06-14T13:09:32,100.0,40.6,S
2021-06-14T13:09:30,100.0,40.6,S
2021-06-14T13:09:30,200.0,40.7,B
2021-06-14T13:09:29,5000.0,40.7,B
2021-06-14T13:09:29,200.0,40.7,B
2021-06-14T13:09:19,300.0,40.6,S
2021-06-14T13:09:06,500.0,40.6,S
2021-06-14T13:09:04,28300.0,40.6,B
2021-06-14T13:09:03,2500.0,40.6,B
2021-06-14T13:09:00,500.0,40.6,B
2021-06-14T13:08:59,10600.0,40.6,B
2021-06-14T13:08:58,18500.0,40.6,B
2021-06-14T13:08:56,100.0,40.6,B
2021-06-14T13:08:55,700.0,40.6,B
2021-06-14T13:08:55,20000.0,40.6,B
2021-06-14T13:08:53,800.0,40.6,B
2021-06-14T13:08:49,1000.0,40.6,B
2021-06-14T13:08:47,200.0,40.6,B
2021-06-14T13:08:45,100.0,40.6,B
2021-06-14T13:08:44,1600.0,40.6,B
2021-06-14T13:08:43,1500.0,40.6,B
2021-06-14T13:08:42,500.0,40.6,B
2021-06-14T13:08:41,10200.0,40.6,B
2021-06-14T13:08:40,500.0,40.6,B
2021-06-14T13:08:38,1600.0,40.6,B
2021-06-14T13:08:37,2600.0,40.6,B
2021-06-14T13:08:32,3000.0,40.6,B
2021-06-14T13:08:32,1100.0,40.6,B
2021-06-14T13:08:24,200.0,40.6,B
2021-06-14T13:08:24,700.0,40.6,B
2021-06-14T13:08:21,200.0,40.6,B
2021-06-14T13:08:19,200.0,40.6,B
2021-06-14T13:08:17,3200.0,40.6,B
2021-06-14T13:08:15,3000.0,40.6,B
2021-06-14T13:08:10,200.0,40.6,B
2021-06-14T13:08:09,800.0,40.6,B
2021-06-14T13:08:06,3000.0,40.6,B
2021-06-14T13:08:05,3500.0,40.6,B
2021-06-14T13:08:01,20000.0,40.6,B
2021-06-14T13:08:00,200.0,40.6,B
2021-06-14T13:07:55,300.0,40.6,B
2021-06-14T13:07:53,500.0,40.6,B
2021-06-14T13:07:50,1400.0,40.6,B
2021-06-14T13:07:47,20200.0,40.6,B
2021-06-14T13:07:39,1300.0,40.6,B
2021-06-14T13:07:31,200.0,40.5,S
2021-06-14T13:07:28,31500.0,40.5,B
2021-06-14T13:07:27,1000.0,40.5,B
2021-06-14T13:07:25,1000.0,40.5,B
2021-06-14T13:07:22,5000.0,40.5,B
2021-06-14T13:07:22,5000.0,40.5,B
2021-06-14T13:07:21,700.0,40.5,B
2021-06-14T13:07:20,300.0,40.4,S
2021-06-14T13:07:16,700.0,40.5,B
2021-06-14T13:07:16,300.0,40.5,B
2021-06-14T13:07:14,2300.0,40.5,B
2021-06-14T13:07:13,500.0,40.5,B
2021-06-14T13:07:12,500.0,40.5,B
2021-06-14T13:07:08,1000.0,40.5,B
2021-06-14T13:07:04,100.0,40.5,B
2021-06-14T13:07:00,500.0,40.5,B
2021-06-14T13:06:58,100.0,40.5,B
2021-06-14T13:06:52,100.0,40.5,B
2021-06-14T13:06:49,500.0,40.5,B
2021-06-14T13:06:47,1300.0,40.5,B
2021-06-14T13:06:46,500.0,40.5,B
2021-06-14T13:06:43,1000.0,40.5,B
2021-06-14T13:06:43,700.0,40.5,B
2021-06-14T13:06:42,100.0,40.5,B
2021-06-14T13:06:42,5600.0,40.5,B
2021-06-14T13:06:40,300.0,40.5,B
2021-06-14T13:06:40,900.0,40.5,B
2021-06-14T13:06:37,500.0,40.5,B
2021-06-14T13:06:33,39000.0,40.5,B
2021-06-14T13:06:33,300.0,40.6,B
2021-06-14T13:06:32,500.0,40.6,B
2021-06-14T13:06:30,1000.0,40.6,B
2021-06-14T13:06:30,100.0,40.6,B
2021-06-14T13:06:24,300.0,40.6,B
2021-06-14T13:06:12,300.0,40.6,B
2021-06-14T13:05:59,1600.0,40.6,B
2021-06-14T13:05:58,20000.0,40.5,S
2021-06-14T13:05:57,1500.0,40.5,S
2021-06-14T13:05:56,3500.0,40.6,B
2021-06-14T13:05:45,400.0,40.6,B
2021-06-14T13:05:43,1000.0,40.6,B
2021-06-14T13:05:42,100.0,40.6,B
2021-06-14T13:05:37,25000.0,40.6,B
2021-06-14T13:05:26,2000.0,40.5,S
2021-06-14T13:05:22,100.0,40.6,B
2021-06-14T13:05:18,100.0,40.5,S
2021-06-14T13:05:17,100.0,40.5,S
2021-06-14T13:05:16,12500.0,40.5,B
2021-06-14T13:05:14,500.0,40.5,B
2021-06-14T13:05:13,300.0,40.5,B
2021-06-14T13:05:12,1000.0,40.5,B
2021-06-14T13:05:10,900.0,40.5,B
2021-06-14T13:05:09,1800.0,40.5,B
2021-06-14T13:05:09,2000.0,40.5,B
2021-06-14T13:05:06,7000.0,40.5,B
2021-06-14T13:05:05,1500.0,40.5,B
2021-06-14T13:04:47,900.0,40.5,B
2021-06-14T13:04:44,300.0,40.5,B
2021-06-14T13:04:34,2200.0,40.5,B
2021-06-14T13:04:32,9500.0,40.5,B
2021-06-14T13:04:31,48500.0,40.5,B
2021-06-14T13:04:30,200.0,40.5,B
2021-06-14T13:04:26,1700.0,40.5,B
2021-06-14T13:04:20,100.0,40.5,B
2021-06-14T13:04:19,500.0,40.5,B
2021-06-14T13:04:19,900.0,40.5,B
2021-06-14T13:04:10,6000.0,40.5,B
2021-06-14T13:04:09,100.0,40.4,S
2021-06-14T13:04:09,1000.0,40.5,B
2021-06-14T13:04:06,800.0,40.5,B
2021-06-14T13:04:06,500.0,40.5,B
2021-06-14T13:03:54,1800.0,40.5,B
2021-06-14T13:03:52,2000.0,40.5,B
2021-06-14T13:03:51,10000.0,40.4,S
2021-06-14T13:03:51,1000.0,40.4,S
2021-06-14T13:03:35,1000.0,40.4,S
2021-06-14T13:03:34,500.0,40.5,B
2021-06-14T13:03:28,81800.0,40.4,B
2021-06-14T13:03:25,500.0,40.4,B
2021-06-14T13:03:17,5000.0,40.4,B
2021-06-14T13:03:17,100.0,40.3,S
2021-06-14T13:03:16,5000.0,40.4,B
2021-06-14T13:03:15,200.0,40.4,B
2021-06-14T13:03:08,14000.0,40.4,B
2021-06-14T13:03:06,1000.0,40.4,B
2021-06-14T13:03:03,200.0,40.4,B
2021-06-14T13:02:57,2600.0,40.4,B
2021-06-14T13:02:51,2000.0,40.4,B
2021-06-14T13:02:48,1000.0,40.4,B
2021-06-14T13:02:42,100.0,40.4,B
2021-06-14T13:02:36,1000.0,40.4,B
2021-06-14T13:02:36,100.0,40.4,B
2021-06-14T13:02:34,200.0,40.3,S
2021-06-14T13:02:32,500.0,40.4,B
2021-06-14T13:02:32,5000.0,40.4,B
2021-06-14T13:02:28,1000.0,40.4,B
2021-06-14T13:02:24,500.0,40.4,B
2021-06-14T13:02:22,4000.0,40.4,B
2021-06-14T13:02:21,5000.0,40.4,B
2021-06-14T13:02:20,1300.0,40.4,B
2021-06-14T13:02:18,300.0,40.4,B
2021-06-14T13:02:13,500.0,40.4,B
2021-06-14T13:02:01,200.0,40.4,B
2021-06-14T13:02:00,500.0,40.3,S
2021-06-14T13:02:00,1000.0,40.4,B
2021-06-14T13:01:50,100.0,40.4,B
2021-06-14T13:01:41,7400.0,40.3,B
2021-06-14T13:01:40,500.0,40.3,B
2021-06-14T13:01:39,5000.0,40.3,B
2021-06-14T13:01:34,1500.0,40.3,B
2021-06-14T13:01:26,4000.0,40.3,B
2021-06-14T13:01:25,700.0,40.3,B
2021-06-14T13:01:23,8700.0,40.3,B
2021-06-14T13:01:20,800.0,40.3,B
2021-06-14T13:01:20,500.0,40.3,B
2021-06-14T13:01:10,500.0,40.3,B
2021-06-14T13:01:10,6600.0,40.3,B
2021-06-14T13:01:08,5000.0,40.3,B
2021-06-14T13:01:06,200.0,40.2,S
2021-06-14T13:01:05,200.0,40.3,B
2021-06-14T13:00:59,5000.0,40.3,B
2021-06-14T13:00:57,5000.0,40.3,B
2021-06-14T13:00:43,1200.0,40.2,S
2021-06-14T13:00:40,20700.0,40.3,S
2021-06-14T13:00:24,16300.0,40.3,B
2021-06-14T13:00:18,300.0,40.2,S
2021-06-14T13:00:16,20000.0,40.3,B
2021-06-14T13:00:16,100.0,40.3,B
2021-06-14T13:00:13,800.0,40.3,B
2021-06-14T13:00:13,200.0,40.2,S
2021-06-14T13:00:13,400.0,40.2,S
2021-06-14T13:00:11,400.0,40.2,S
2021-06-14T13:00:08,1200.0,40.2,S
2021-06-14T13:00:07,100.0,40.3,B
2021-06-14T13:00:07,1000.0,40.2,S
2021-06-14T13:00:07,5000.0,40.2,S
2021-06-14T13:00:07,1800.0,40.2,S
2021-06-14T13:00:07,4800.0,40.3,B
2021-06-14T13:00:05,100.0,40.2,S
2021-06-14T13:00:05,1500.0,40.3,B
2021-06-14T13:00:03,16000.0,40.2,S
2021-06-14T13:00:02,6100.0,40.3,B
2021-06-14T13:00:02,500.0,40.3,B
2021-06-14T11:29:55,300.0,40.2,S
2021-06-14T11:29:54,500.0,40.2,S
2021-06-14T11:29:50,5000.0,40.3,B
2021-06-14T11:29:42,5000.0,40.3,B
2021-06-14T11:29:38,100.0,40.2,S
2021-06-14T11:29:30,500.0,40.2,S
2021-06-14T11:29:22,200.0,40.3,B
2021-06-14T11:29:19,1000.0,40.2,S
2021-06-14T11:29:01,500.0,40.2,S
2021-06-14T11:28:45,4000.0,40.2,B
2021-06-14T11:28:44,1500.0,40.1,S
2021-06-14T11:28:39,13000.0,40.2,B
2021-06-14T11:28:32,300.0,40.2,B
2021-06-14T11:28:30,500.0,40.2,B
2021-06-14T11:28:30,1000.0,40.2,B
2021-06-14T11:28:29,1200.0,40.2,B
2021-06-14T11:28:24,100.0,40.2,B
2021-06-14T11:28:23,9800.0,40.2,B
2021-06-14T11:28:23,5000.0,40.2,B
2021-06-14T11:28:17,1300.0,40.2,B
2021-06-14T11:28:12,2500.0,40.2,B
2021-06-14T11:28:11,5000.0,40.2,B
2021-06-14T11:28:10,800.0,40.2,B
2021-06-14T11:28:08,5000.0,40.2,B
2021-06-14T11:27:58,1000.0,40.2,B
2021-06-14T11:27:52,1000.0,40.2,B
2021-06-14T11:27:35,8800.0,40.2,B
2021-06-14T11:27:33,200.0,40.2,B
2021-06-14T11:27:25,100.0,40.2,B
2021-06-14T11:27:20,500.0,40.1,S
2021-06-14T11:27:19,200.0,40.2,B
2021-06-14T11:27:18,700.0,40.2,B
2021-06-14T11:27:13,200.0,40.2,B
2021-06-14T11:27:11,300.0,40.2,B
2021-06-14T11:27:08,500.0,40.2,B
2021-06-14T11:27:04,500.0,40.2,B
2021-06-14T11:26:59,300.0,40.2,B
2021-06-14T11:26:52,100.0,40.2,B
2021-06-14T11:26:14,100.0,40.2,B
2021-06-14T11:26:13,200.0,40.1,S
2021-06-14T11:26:08,1600.0,40.2,B
2021-06-14T11:26:02,1300.0,40.2,B
2021-06-14T11:25:54,900.0,40.2,B
2021-06-14T11:25:46,100.0,40.2,B
2021-06-14T11:25:41,3000.0,40.1,S
2021-06-14T11:25:31,700.0,40.1,S
2021-06-14T11:25:30,1000.0,40.1,S
2021-06-14T11:25:22,100.0,40.1,S
2021-06-14T11:25:20,300.0,40.2,B
2021-06-14T11:25:17,5000.0,40.1,S
2021-06-14T11:25:03,2000.0,40.1,S
2021-06-14T11:24:35,1000.0,40.1,S
2021-06-14T11:24:31,500.0,40.2,B
2021-06-14T11:24:29,500.0,40.1,S
2021-06-14T11:24:26,20000.0,40.1,S
2021-06-14T11:24:25,5000.0,40.2,B
2021-06-14T11:24:20,500.0,40.1,S
2021-06-14T11:24:05,3000.0,40.2,B
2021-06-14T11:23:59,1200.0,40.1,S
2021-06-14T11:23:56,1000.0,40.2,B
2021-06-14T11:23:52,1000.0,40.1,S
2021-06-14T11:23:47,800.0,40.1,S
2021-06-14T11:23:38,500.0,40.2,B
2021-06-14T11:23:33,3300.0,40.1,S
2021-06-14T11:23:30,6000.0,40.2,B
2021-06-14T11:23:28,1000.0,40.1,S
2021-06-14T11:23:13,100.0,40.2,B
2021-06-14T11:23:10,300.0,40.2,B
2021-06-14T11:23:03,100.0,40.2,B
2021-06-14T11:23:02,300.0,40.2,B
2021-06-14T11:22:59,2000.0,40.2,B
2021-06-14T11:22:57,200.0,40.2,B
2021-06-14T11:22:56,500.0,40.2,B
2021-06-14T11:22:55,500.0,40.2,B
2021-06-14T11:22:54,2000.0,40.2,B
2021-06-14T11:22:48,100.0,40.2,B
2021-06-14T11:22:47,1000.0,40.2,B
2021-06-14T11:22:34,100.0,40.2,B
2021-06-14T11:22:33,10000.0,40.2,S
2021-06-14T11:22:29,50000.0,40.2,S
2021-06-14T11:22:16,1000.0,40.2,S
2021-06-14T11:21:49,1000.0,40.2,S
2021-06-14T11:21:22,500.0,40.3,B
2021-06-14T11:21:21,2100.0,40.2,S
2021-06-14T11:21:00,300.0,40.2,S
2021-06-14T11:20:31,2500.0,40.3,B
2021-06-14T11:20:30,3000.0,40.2,S
2021-06-14T11:20:19,1000.0,40.2,S
2021-06-14T11:20:05,1000.0,40.3,B
2021-06-14T11:19:55,2500.0,40.2,S
2021-06-14T11:19:53,200.0,40.2,S
2021-06-14T11:19:43,500.0,40.2,S
2021-06-14T11:19:36,2200.0,40.2,S
2021-06-14T11:19:30,200.0,40.2,S
2021-06-14T11:19:18,2000.0,40.3,B
2021-06-14T11:19:15,1000.0,40.2,S
2021-06-14T11:19:12,1000.0,40.2,S
2021-06-14T11:19:09,2500.0,40.3,B
2021-06-14T11:18:54,500.0,40.2,S
2021-06-14T11:18:48,15000.0,40.2,S
2021-06-14T11:18:44,400.0,40.2,S
2021-06-14T11:18:40,200.0,40.2,S
2021-06-14T11:18:38,700.0,40.2,S
2021-06-14T11:18:30,100.0,40.2,S
2021-06-14T11:18:27,1200.0,40.2,S
2021-06-14T11:18:13,500.0,40.2,S
2021-06-14T11:18:04,10000.0,40.2,S
2021-06-14T11:18:03,500.0,40.2,S
2021-06-14T11:18:02,1000.0,40.2,S
2021-06-14T11:17:59,200.0,40.2,S
2021-06-14T11:17:56,100.0,40.2,S
2021-06-14T11:17:51,200.0,40.2,S
2021-06-14T11:17:49,1000.0,40.3,B
2021-06-14T11:17:39,500.0,40.3,B
2021-06-14T11:17:35,300.0,40.3,B
2021-06-14T11:17:28,600.0,40.2,S
2021-06-14T11:17:27,8400.0,40.2,S
2021-06-14T11:17:16,200.0,40.2,S
2021-06-14T11:17:07,6800.0,40.3,B
2021-06-14T11:17:07,600.0,40.3,B
2021-06-14T11:16:49,600.0,40.3,B
2021-06-14T11:16:44,100.0,40.2,S
2021-06-14T11:16:43,10000.0,40.3,B
2021-06-14T11:16:24,100.0,40.3,B
2021-06-14T11:16:16,4200.0,40.2,S
2021-06-14T11:16:13,20000.0,40.4,B
2021-06-14T11:16:11,2900.0,40.3,B
2021-06-14T11:16:06,10000.0,40.3,S
2021-06-14T11:16:04,1000.0,40.3,S
2021-06-14T11:15:58,1000.0,40.3,S
2021-06-14T11:15:56,100.0,40.3,S
2021-06-14T11:15:48,100.0,40.4,B
2021-06-14T11:15:37,1000.0,40.3,S
2021-06-14T11:15:34,500.0,40.3,S
2021-06-14T11:15:31,10000.0,40.3,S
2021-06-14T11:15:28,2000.0,40.4,B
2021-06-14T11:15:28,35000.0,40.4,B
2021-06-14T11:15:25,200.0,40.4,B
2021-06-14T11:15:19,100.0,40.3,S
2021-06-14T11:15:18,5000.0,40.3,S
2021-06-14T11:15:16,1000.0,40.3,S
2021-06-14T11:15:14,100.0,40.4,B
2021-06-14T11:15:10,500.0,40.4,B
2021-06-14T11:15:07,100.0,40.4,B
2021-06-14T11:15:06,55900.0,40.4,B
2021-06-14T11:15:06,9700.0,40.4,S
2021-06-14T11:15:04,2000.0,40.4,S
2021-06-14T11:15:02,2800.0,40.4,S
2021-06-14T11:15:01,1000.0,40.4,S
2021-06-14T11:15:01,1000.0,40.4,S
2021-06-14T11:14:59,1000.0,40.4,S
2021-06-14T11:14:53,10000.0,40.5,B
2021-06-14T11:14:50,500.0,40.4,S
2021-06-14T11:14:48,500.0,40.4,S
2021-06-14T11:14:46,2600.0,40.4,S
2021-06-14T11:14:45,3300.0,40.4,S
2021-06-14T11:14:40,100.0,40.4,S
2021-06-14T11:14:37,200.0,40.4,S
2021-06-14T11:14:36,3000.0,40.4,S
2021-06-14T11:14:35,5300.0,40.4,S
2021-06-14T11:14:34,1000.0,40.4,S
2021-06-14T11:14:33,2000.0,40.4,S
2021-06-14T11:14:32,200.0,40.5,B
2021-06-14T11:14:29,5200.0,40.4,S
2021-06-14T11:14:27,200.0,40.5,B
2021-06-14T11:14:25,3200.0,40.5,B
2021-06-14T11:14:24,500.0,40.4,S
2021-06-14T11:14:24,500.0,40.4,S
2021-06-14T11:14:18,300.0,40.5,B
2021-06-14T11:14:13,500.0,40.4,S
2021-06-14T11:14:07,1000.0,40.5,B
2021-06-14T11:14:02,3000.0,40.4,S
2021-06-14T11:13:52,1000.0,40.5,B
2021-06-14T11:13:48,1000.0,40.4,S
2021-06-14T11:13:42,100.0,40.4,S
2021-06-14T11:13:39,2500.0,40.4,S
2021-06-14T11:13:37,2000.0,40.4,S
2021-06-14T11:13:30,300.0,40.4,S
2021-06-14T11:13:26,1000.0,40.4,S
2021-06-14T11:13:11,5000.0,40.4,S
2021-06-14T11:13:09,8000.0,40.4,S
2021-06-14T11:13:08,100.0,40.4,S
2021-06-14T11:13:07,1000.0,40.4,S
2021-06-14T11:13:06,900.0,40.5,B
2021-06-14T11:12:59,200.0,40.4,S
2021-06-14T11:12:58,100.0,40.4,S
2021-06-14T11:12:57,3000.0,40.4,S
2021-06-14T11:12:54,900.0,40.5,B
2021-06-14T11:12:53,1000.0,40.4,S
2021-06-14T11:12:50,1000.0,40.4,S
2021-06-14T11:12:46,2000.0,40.4,S
2021-06-14T11:12:44,100.0,40.4,S
2021-06-14T11:12:44,300.0,40.4,S
2021-06-14T11:12:41,9800.0,40.5,B
2021-06-14T11:12:30,2000.0,40.4,S
2021-06-14T11:12:30,100.0,40.4,S
2021-06-14T11:12:16,500.0,40.4,S
2021-06-14T11:12:16,3000.0,40.5,B
2021-06-14T11:12:13,600.0,40.5,B
2021-06-14T11:12:04,400.0,40.5,B
2021-06-14T11:12:03,500.0,40.4,S
2021-06-14T11:11:59,2000.0,40.4,S
2021-06-14T11:11:59,1000.0,40.4,S
2021-06-14T11:11:53,3000.0,40.5,B
2021-06-14T11:11:49,500.0,40.5,B
2021-06-14T11:11:47,2600.0,40.5,B
2021-06-14T11:11:46,3200.0,40.5,B
2021-06-14T11:11:43,100.0,40.5,B
2021-06-14T11:11:41,1100.0,40.5,B
2021-06-14T11:11:34,3000.0,40.5,B
2021-06-14T11:11:33,400.0,40.5,B
2021-06-14T11:11:31,500.0,40.5,B
2021-06-14T11:11:26,500.0,40.5,B
2021-06-14T11:11:25,300.0,40.5,B
2021-06-14T11:11:21,1000.0,40.5,B
2021-06-14T11:11:21,500.0,40.5,B
2021-06-14T11:11:15,200.0,40.5,B
2021-06-14T11:11:14,1000.0,40.5,B
2021-06-14T11:11:10,200.0,40.5,B
2021-06-14T11:11:04,2200.0,40.5,B
2021-06-14T11:11:00,12000.0,40.4,S
2021-06-14T11:11:00,3000.0,40.5,B
2021-06-14T11:10:57,200.0,40.5,B
2021-06-14T11:10:56,4900.0,40.5,B
2021-06-14T11:10:53,500.0,40.5,B
2021-06-14T11:10:50,600.0,40.5,B
2021-06-14T11:10:50,1000.0,40.5,B
2021-06-14T11:10:49,500.0,40.5,B
2021-06-14T11:10:47,8300.0,40.5,B
2021-06-14T11:10:40,300.0,40.5,B
2021-06-14T11:10:39,900.0,40.5,B
2021-06-14T11:10:36,1700.0,40.5,B
2021-06-14T11:10:33,2000.0,40.5,B
2021-06-14T11:10:31,200.0,40.5,B
2021-06-14T11:10:30,100.0,40.5,B
2021-06-14T11:10:29,1300.0,40.5,B
2021-06-14T11:10:24,4000.0,40.5,B
2021-06-14T11:10:24,200.0,40.5,B
2021-06-14T11:10:20,300.0,40.5,B
2021-06-14T11:10:20,20200.0,40.5,B
2021-06-14T11:10:20,400.0,40.5,B
2021-06-14T11:10:20,500.0,40.5,B
2021-06-14T11:10:19,100.0,40.5,B
2021-06-14T11:10:16,1000.0,40.5,B
2021-06-14T11:10:14,14000.0,40.5,B
2021-06-14T11:10:12,13700.0,40.5,B
2021-06-14T11:10:00,500.0,40.5,B
2021-06-14T11:09:57,200.0,40.5,B
2021-06-14T11:09:49,3000.0,40.5,B
2021-06-14T11:09:47,1000.0,40.4,S
2021-06-14T11:09:46,300.0,40.5,B
2021-06-14T11:09:38,400.0,40.4,S
2021-06-14T11:09:33,20000.0,40.5,B
2021-06-14T11:09:33,1500.0,40.5,B
2021-06-14T11:09:29,200.0,40.5,B
2021-06-14T11:09:29,200.0,40.5,B
2021-06-14T11:09:24,1400.0,40.5,B
2021-06-14T11:09:24,4000.0,40.5,B
2021-06-14T11:09:23,500.0,40.5,B
2021-06-14T11:09:20,2100.0,40.5,B
2021-06-14T11:09:14,100.0,40.5,B
2021-06-14T11:09:11,1500.0,40.5,B
2021-06-14T11:09:10,600.0,40.5,B
2021-06-14T11:09:08,200.0,40.4,S
2021-06-14T11:09:06,1000.0,40.5,B
2021-06-14T11:09:04,2400.0,40.5,B
2021-06-14T11:09:03,200.0,40.5,B
2021-06-14T11:08:57,100.0,40.5,B
2021-06-14T11:08:55,100.0,40.5,B
2021-06-14T11:08:55,800.0,40.5,B
2021-06-14T11:08:52,500.0,40.5,B
2021-06-14T11:08:49,3000.0,40.5,B
2021-06-14T11:08:41,700.0,40.5,B
2021-06-14T11:08:40,2000.0,40.5,B
2021-06-14T11:08:40,2000.0,40.5,B
2021-06-14T11:08:38,3100.0,40.4,S
2021-06-14T11:08:38,1100.0,40.5,B
2021-06-14T11:08:37,100.0,40.5,B
2021-06-14T11:08:34,500.0,40.5,B
2021-06-14T11:08:31,900.0,40.5,B
2021-06-14T11:08:29,1000.0,40.5,B
2021-06-14T11:08:27,500.0,40.4,S
2021-06-14T11:08:26,2100.0,40.5,B
2021-06-14T11:08:20,500.0,40.5,B
2021-06-14T11:08:15,500.0,40.5,B
2021-06-14T11:08:14,500.0,40.5,B
2021-06-14T11:08:11,700.0,40.5,B
2021-06-14T11:08:11,101500.0,40.5,B
2021-06-14T11:08:08,3000.0,40.5,B
2021-06-14T11:08:07,1000.0,40.4,S
2021-06-14T11:08:04,400.0,40.5,B
2021-06-14T11:08:03,600.0,40.5,B
2021-06-14T11:08:02,100.0,40.5,B
2021-06-14T11:08:02,500.0,40.5,B
2021-06-14T11:08:00,300.0,40.5,B
2021-06-14T11:07:59,37700.0,40.5,B
2021-06-14T11:07:54,100.0,40.5,B
2021-06-14T11:07:53,48000.0,40.5,B
2021-06-14T11:07:48,2000.0,40.5,B
2021-06-14T11:07:45,200.0,40.5,B
2021-06-14T11:07:39,1000.0,40.5,B
2021-06-14T11:07:39,10200.0,40.5,B
2021-06-14T11:07:37,1500.0,40.5,B
2021-06-14T11:07:37,1200.0,40.4,S
2021-06-14T11:07:26,100.0,40.5,B
2021-06-14T11:07:23,1000.0,40.5,B
2021-06-14T11:07:15,1200.0,40.4,S
2021-06-14T11:07:15,200.0,40.4,S
2021-06-14T11:07:09,19200.0,40.4,B
2021-06-14T11:07:09,31500.0,40.4,B
2021-06-14T11:07:07,100.0,40.4,B
2021-06-14T11:07:05,20000.0,40.4,B
2021-06-14T11:07:03,300.0,40.4,B
2021-06-14T11:07:02,300.0,40.4,B
2021-06-14T11:07:00,3100.0,40.4,B
2021-06-14T11:07:00,2200.0,40.4,B
2021-06-14T11:06:57,1100.0,40.4,B
2021-06-14T11:06:56,500.0,40.4,B
2021-06-14T11:06:54,400.0,40.4,B
2021-06-14T11:06:46,500.0,40.4,B
2021-06-14T11:06:45,500.0,40.4,B
2021-06-14T11:06:43,200.0,40.4,B
2021-06-14T11:06:39,3000.0,40.4,B
2021-06-14T11:06:38,2500.0,40.4,B
2021-06-14T11:06:38,800.0,40.4,B
2021-06-14T11:06:35,1000.0,40.4,B
2021-06-14T11:06:32,300.0,40.4,B
2021-06-14T11:06:31,500.0,40.3,S
2021-06-14T11:06:29,2500.0,40.4,B
2021-06-14T11:06:17,1000.0,40.4,B
2021-06-14T11:06:16,200.0,40.4,B
2021-06-14T11:06:13,2000.0,40.4,B
2021-06-14T11:06:10,800.0,40.4,B
2021-06-14T11:06:05,1000.0,40.3,S
2021-06-14T11:06:03,4000.0,40.4,B
2021-06-14T11:05:58,13000.0,40.4,B
2021-06-14T11:05:57,2000.0,40.3,S
2021-06-14T11:05:54,200.0,40.3,S
2021-06-14T11:05:47,1000.0,40.4,B
2021-06-14T11:05:40,200.0,40.3,S
2021-06-14T11:05:35,900.0,40.4,B
2021-06-14T11:05:33,100.0,40.4,B
2021-06-14T11:05:27,200.0,40.4,B
2021-06-14T11:05:26,500.0,40.4,B
2021-06-14T11:05:23,1000.0,40.3,S
2021-06-14T11:05:19,400.0,40.4,B
2021-06-14T11:05:14,8000.0,40.3,S
2021-06-14T11:04:51,1500.0,40.3,S
2021-06-14T11:04:49,1000.0,40.4,B
2021-06-14T11:04:40,300.0,40.3,S
2021-06-14T11:04:37,10000.0,40.4,B
2021-06-14T11:04:35,300.0,40.3,S
2021-06-14T11:04:32,1200.0,40.3,B
2021-06-14T11:04:31,500.0,40.3,B
2021-06-14T11:04:31,6300.0,40.3,B
2021-06-14T11:04:29,1300.0,40.3,B
2021-06-14T11:04:28,6000.0,40.3,B
2021-06-14T11:04:25,400.0,40.3,B
2021-06-14T11:04:22,5000.0,40.3,B
2021-06-14T11:04:19,46000.0,40.3,B
2021-06-14T11:04:11,5000.0,40.3,B
2021-06-14T11:04:11,10000.0,40.3,B
2021-06-14T11:04:10,5000.0,40.2,S
2021-06-14T11:04:05,5000.0,40.3,B
2021-06-14T11:04:00,500.0,40.3,B
2021-06-14T11:04:00,300.0,40.3,B
2021-06-14T11:03:46,600.0,40.3,B
2021-06-14T11:03:45,1000.0,40.3,B
2021-06-14T11:03:43,700.0,40.3,B
2021-06-14T11:03:42,200.0,40.3,B
2021-06-14T11:03:39,5500.0,40.2,S
2021-06-14T11:03:35,200.0,40.2,S
2021-06-14T11:03:33,2000.0,40.2,S
2021-06-14T11:03:30,800.0,40.3,B
2021-06-14T11:03:30,3000.0,40.2,S
2021-06-14T11:03:28,4600.0,40.3,B
2021-06-14T11:03:25,1000.0,40.2,S
2021-06-14T11:03:25,1000.0,40.3,B
2021-06-14T11:03:17,500.0,40.3,B
2021-06-14T11:03:13,100.0,40.2,S
2021-06-14T11:03:09,100.0,40.2,S
2021-06-14T11:03:04,300.0,40.3,B
2021-06-14T11:03:03,500.0,40.2,S
2021-06-14T11:03:01,300.0,40.3,B
2021-06-14T11:02:56,500.0,40.2,S
2021-06-14T11:02:54,100.0,40.2,S
2021-06-14T11:02:41,100.0,40.2,S
2021-06-14T11:02:40,600.0,40.2,S
2021-06-14T11:02:38,100.0,40.2,S
2021-06-14T11:02:34,1000.0,40.3,B
2021-06-14T11:02:32,1500.0,40.2,S
2021-06-14T11:02:26,100.0,40.2,S
2021-06-14T11:02:24,3500.0,40.3,B
2021-06-14T11:02:23,23600.0,40.3,B
2021-06-14T11:02:17,500.0,40.2,S
2021-06-14T11:02:13,200.0,40.3,B
2021-06-14T11:02:11,10500.0,40.3,B
2021-06-14T11:02:04,200.0,40.2,S
2021-06-14T11:02:03,2800.0,40.3,B
2021-06-14T11:02:00,15000.0,40.3,B
2021-06-14T11:01:57,3000.0,40.2,S
2021-06-14T11:01:50,300.0,40.3,B
2021-06-14T11:01:50,900.0,40.2,S
2021-06-14T11:01:45,10000.0,40.2,S
2021-06-14T11:01:44,2900.0,40.2,S
2021-06-14T11:01:42,100.0,40.2,S
2021-06-14T11:01:34,23600.0,40.3,B
2021-06-14T11:01:28,100.0,40.2,S
2021-06-14T11:01:20,200.0,40.2,S
2021-06-14T11:01:11,100.0,40.2,S
2021-06-14T11:01:10,1300.0,40.3,B
2021-06-14T11:00:56,10000.0,40.2,S
2021-06-14T11:00:54,1600.0,40.3,B
2021-06-14T11:00:54,1000.0,40.3,B
2021-06-14T11:00:44,100.0,40.2,S
2021-06-14T11:00:41,1400.0,40.2,S
2021-06-14T11:00:35,300.0,40.2,S
2021-06-14T11:00:35,100.0,40.2,S
2021-06-14T11:00:31,2000.0,40.3,B
2021-06-14T11:00:25,5000.0,40.3,B
2021-06-14T11:00:20,2500.0,40.3,B
2021-06-14T11:00:18,800.0,40.2,S
2021-06-14T11:00:17,300.0,40.3,B
2021-06-14T11:00:07,100.0,40.2,S
2021-06-14T11:00:04,2500.0,40.2,S
2021-06-14T11:00:01,300.0,40.2,S
2021-06-14T11:00:00,100.0,40.2,S
2021-06-14T10:59:59,300.0,40.3,B
2021-06-14T10:59:50,300.0,40.2,S
2021-06-14T10:59:40,700.0,40.2,S
2021-06-14T10:59:40,10000.0,40.3,B
2021-06-14T10:59:38,1100.0,40.2,S
2021-06-14T10:59:36,5000.0,40.3,B
2021-06-14T10:59:34,1000.0,40.2,S
2021-06-14T10:59:33,500.0,40.2,S
2021-06-14T10:59:32,1000.0,40.2,S
2021-06-14T10:59:31,500.0,40.2,S
2021-06-14T10:59:31,100.0,40.2,S
2021-06-14T10:59:29,6300.0,40.2,B
2021-06-14T10:59:27,500.0,40.2,B
2021-06-14T10:59:26,200.0,40.1,S
2021-06-14T10:59:18,1000.0,40.1,S
2021-06-14T10:59:16,100.0,40.1,S
2021-06-14T10:59:16,200.0,40.1,S
2021-06-14T10:59:16,1300.0,40.2,B
2021-06-14T10:59:14,100.0,40.1,S
2021-06-14T10:59:14,400.0,40.1,S
2021-06-14T10:59:05,300.0,40.1,S
2021-06-14T10:58:59,3100.0,40.1,S
2021-06-14T10:58:57,10000.0,40.2,B
2021-06-14T10:58:52,100.0,40.2,B
2021-06-14T10:58:50,5400.0,40.2,B
2021-06-14T10:58:47,16900.0,40.1,B
2021-06-14T10:58:42,400.0,40.0,S
2021-06-14T10:58:41,100.0,40.0,S
2021-06-14T10:58:40,500.0,40.0,S
2021-06-14T10:58:37,1400.0,40.0,S
2021-06-14T10:58:37,500.0,40.0,S
2021-06-14T10:58:29,2000.0,40.0,B
2021-06-14T10:58:28,11600.0,40.0,B
2021-06-14T10:58:27,10000.0,40.0,B
2021-06-14T10:58:24,6100.0,40.0,B
2021-06-14T10:58:20,500.0,40.0,B
2021-06-14T10:58:20,2000.0,40.0,B
2021-06-14T10:58:18,400.0,40.0,B
2021-06-14T10:58:16,1000.0,40.0,B
2021-06-14T10:58:13,10000.0,40.0,B
2021-06-14T10:58:13,1000.0,40.0,B
2021-06-14T10:58:09,48000.0,40.0,B
2021-06-14T10:57:51,1100.0,40.0,B
2021-06-14T10:57:35,2000.0,40.0,B
2021-06-14T10:57:35,6000.0,40.0,B
2021-06-14T10:57:18,1000.0,40.0,B
2021-06-14T10:57:15,4000.0,40.0,B
2021-06-14T10:57:10,10000.0,39.9,S
2021-06-14T10:56:51,1000.0,39.9,S
2021-06-14T10:56:47,2000.0,39.9,S
2021-06-14T10:56:38,1000.0,39.9,S
2021-06-14T10:56:30,500.0,39.9,S
2021-06-14T10:56:24,14000.0,39.9,S
2021-06-14T10:56:23,500.0,39.9,S
2021-06-14T10:56:19,100.0,40.0,B
2021-06-14T10:56:18,500.0,39.9,S
2021-06-14T10:56:16,200.0,39.9,S
2021-06-14T10:56:10,600.0,40.0,B
2021-06-14T10:56:10,500.0,39.9,S
2021-06-14T10:56:05,600.0,39.9,S
2021-06-14T10:56:01,500.0,39.9,S
2021-06-14T10:55:57,300.0,39.9,S
2021-06-14T10:55:49,500.0,39.9,S
2021-06-14T10:55:15,100.0,39.9,S
2021-06-14T10:55:09,2000.0,39.9,S
2021-06-14T10:55:08,5000.0,40.0,B
2021-06-14T10:55:05,500.0,39.9,S
2021-06-14T10:55:04,600.0,39.9,S
2021-06-14T10:54:57,7400.0,39.9,B
2021-06-14T10:54:56,200.0,39.9,B
2021-06-14T10:54:53,10000.0,39.9,B
2021-06-14T10:54:46,600.0,39.9,B
2021-06-14T10:54:45,4000.0,39.9,B
2021-06-14T10:54:39,12000.0,39.9,B
2021-06-14T10:54:39,3500.0,39.9,B
2021-06-14T10:54:23,400.0,39.9,B
2021-06-14T10:54:12,100.0,39.9,B
2021-06-14T10:53:49,6900.0,39.8,S
2021-06-14T10:53:49,100.0,39.9,B
2021-06-14T10:53:44,2000.0,39.9,B
2021-06-14T10:53:36,700.0,39.8,S
2021-06-14T10:53:35,1200.0,39.8,S
2021-06-14T10:53:35,10000.0,39.9,B
2021-06-14T10:53:30,200.0,39.9,B
2021-06-14T10:53:27,5000.0,39.8,S
2021-06-14T10:53:20,300.0,39.8,S
2021-06-14T10:53:20,500.0,39.9,B
2021-06-14T10:53:16,2000.0,39.8,S
2021-06-14T10:53:14,1000.0,39.8,S
2021-06-14T10:53:06,400.0,39.8,S
2021-06-14T10:53:06,5000.0,39.8,S
2021-06-14T10:53:05,1000.0,39.8,S
2021-06-14T10:52:58,1000.0,39.8,S
2021-06-14T10:52:56,900.0,39.8,S
2021-06-14T10:52:51,800.0,39.8,S
2021-06-14T10:52:51,1200.0,39.8,S
2021-06-14T10:52:49,1000.0,39.8,S
2021-06-14T10:52:39,2100.0,39.8,S
2021-06-14T10:52:36,800.0,39.9,B
2021-06-14T10:52:33,1500.0,39.9,B
2021-06-14T10:52:29,300.0,39.9,B
2021-06-14T10:52:27,700.0,39.8,S
2021-06-14T10:52:26,3000.0,39.9,B
2021-06-14T10:52:19,5000.0,39.8,S
2021-06-14T10:52:11,6000.0,39.8,S
2021-06-14T10:52:10,3000.0,39.9,B
2021-06-14T10:52:09,3000.0,39.8,S
2021-06-14T10:52:09,2300.0,39.9,B
2021-06-14T10:52:08,1000.0,39.8,S
2021-06-14T10:52:06,5000.0,39.8,S
2021-06-14T10:51:59,100.0,39.9,B
2021-06-14T10:51:54,8500.0,39.9,S
2021-06-14T10:51:49,500.0,40.0,B
2021-06-14T10:51:49,500.0,39.9,S
2021-06-14T10:51:47,100.0,39.9,S
2021-06-14T10:51:46,200.0,39.9,S
2021-06-14T10:51:44,500.0,39.9,S
2021-06-14T10:51:37,200.0,39.9,S
2021-06-14T10:51:37,1000.0,40.0,B
2021-06-14T10:51:36,500.0,39.9,S
2021-06-14T10:51:35,1000.0,40.0,B
2021-06-14T10:51:34,500.0,39.9,S
2021-06-14T10:51:33,300.0,40.0,B
2021-06-14T10:51:29,1000.0,39.9,S
2021-06-14T10:51:27,2000.0,40.0,B
2021-06-14T10:51:26,100.0,40.0,B
2021-06-14T10:51:25,3100.0,39.9,S
2021-06-14T10:51:15,1000.0,40.0,B
2021-06-14T10:51:13,700.0,40.0,B
2021-06-14T10:51:08,500.0,40.0,B
2021-06-14T10:51:07,200.0,40.0,S
2021-06-14T10:51:05,1500.0,40.0,S
2021-06-14T10:51:02,3000.0,40.0,S
2021-06-14T10:51:01,100.0,40.0,S
2021-06-14T10:51:00,5000.0,40.0,S
2021-06-14T10:50:57,1300.0,40.0,S
2021-06-14T10:50:56,3000.0,40.0,S
2021-06-14T10:50:55,3400.0,40.1,B
2021-06-14T10:50:55,3300.0,40.0,S
2021-06-14T10:50:54,1000.0,40.0,S
2021-06-14T10:50:52,500.0,40.0,S
2021-06-14T10:50:50,4600.0,40.1,B
2021-06-14T10:50:49,500.0,40.0,S
2021-06-14T10:50:49,1000.0,40.0,S
2021-06-14T10:50:47,10000.0,40.0,S
2021-06-14T10:50:47,500.0,40.0,S
2021-06-14T10:50:46,1000.0,40.0,S
2021-06-14T10:50:43,10000.0,40.0,S
2021-06-14T10:50:42,500.0,40.0,S
2021-06-14T10:50:39,1000.0,40.0,S
2021-06-14T10:50:36,2000.0,40.0,S
2021-06-14T10:50:29,500.0,40.0,S
2021-06-14T10:50:23,3000.0,40.1,B
2021-06-14T10:50:15,1000.0,40.1,B
2021-06-14T10:50:10,1000.0,40.1,B
2021-06-14T10:50:07,11600.0,40.1,S
2021-06-14T10:50:07,2000.0,40.2,S
2021-06-14T10:50:06,500.0,40.3,B
2021-06-14T10:50:05,200.0,40.3,B
2021-06-14T10:50:01,200.0,40.3,B
2021-06-14T10:50:00,5000.0,40.2,S
2021-06-14T10:49:58,500.0,40.2,S
2021-06-14T10:49:56,200.0,40.3,B
2021-06-14T10:49:53,2600.0,40.3,B
2021-06-14T10:49:53,300.0,40.3,B
2021-06-14T10:49:49,3100.0,40.3,B
2021-06-14T10:49:48,500.0,40.2,S
2021-06-14T10:49:47,500.0,40.3,B
2021-06-14T10:49:32,100.0,40.3,B
2021-06-14T10:49:31,5000.0,40.2,S
2021-06-14T10:49:29,300.0,40.4,B
2021-06-14T10:49:28,6000.0,40.3,S
2021-06-14T10:49:26,400.0,40.3,S
2021-06-14T10:49:21,500.0,40.3,S
2021-06-14T10:49:17,500.0,40.3,S
2021-06-14T10:49:16,20500.0,40.3,S
2021-06-14T10:49:13,1000.0,40.2,S
2021-06-14T10:49:08,600.0,40.3,S
2021-06-14T10:49:06,1900.0,40.3,S
2021-06-14T10:49:03,1400.0,40.3,B
2021-06-14T10:49:00,600.0,40.3,S
2021-06-14T10:48:57,100.0,40.4,B
2021-06-14T10:48:57,2800.0,40.4,B
2021-06-14T10:48:55,1300.0,40.3,S
2021-06-14T10:48:54,300.0,40.3,S
2021-06-14T10:48:52,300.0,40.3,S
2021-06-14T10:48:52,100.0,40.3,S
2021-06-14T10:48:48,1300.0,40.3,S
2021-06-14T10:48:47,1000.0,40.4,B
2021-06-14T10:48:46,600.0,40.3,S
2021-06-14T10:48:45,5600.0,40.3,B
2021-06-14T10:48:44,5000.0,40.3,S
2021-06-14T10:48:41,5000.0,40.3,S
2021-06-14T10:48:41,1000.0,40.3,S
2021-06-14T10:48:40,10000.0,40.4,B
2021-06-14T10:48:39,100.0,40.3,S
2021-06-14T10:48:37,300.0,40.3,S
2021-06-14T10:48:36,300.0,40.3,S
2021-06-14T10:48:36,6200.0,40.3,S
2021-06-14T10:48:34,2000.0,40.3,S
2021-06-14T10:48:32,5000.0,40.3,S
2021-06-14T10:48:30,200.0,40.3,S
2021-06-14T10:48:28,200.0,40.3,S
2021-06-14T10:48:27,100.0,40.3,S
2021-06-14T10:48:26,1000.0,40.3,S
2021-06-14T10:48:17,100.0,40.3,S
2021-06-14T10:48:09,5000.0,40.3,S
2021-06-14T10:48:07,1000.0,40.3,S
2021-06-14T10:48:07,500.0,40.3,S
2021-06-14T10:48:02,5000.0,40.4,B
2021-06-14T10:47:59,500.0,40.3,S
2021-06-14T10:47:59,600.0,40.3,S
2021-06-14T10:47:57,500.0,40.3,B
2021-06-14T10:47:56,4000.0,40.3,B
2021-06-14T10:47:53,2000.0,40.3,B
2021-06-14T10:47:45,100.0,40.3,B
2021-06-14T10:47:41,100.0,40.3,B
2021-06-14T10:47:37,400.0,40.3,B
2021-06-14T10:47:32,100.0,40.3,B
2021-06-14T10:47:31,1400.0,40.3,B
2021-06-14T10:47:29,100.0,40.3,B
2021-06-14T10:47:28,3000.0,40.3,B
2021-06-14T10:47:25,200.0,40.3,B
2021-06-14T10:47:25,300.0,40.3,B
2021-06-14T10:47:17,300.0,40.3,B
2021-06-14T10:47:16,1000.0,40.3,B
2021-06-14T10:47:11,1000.0,40.3,B
2021-06-14T10:47:11,5400.0,40.3,B
2021-06-14T10:47:08,3000.0,40.3,B
2021-06-14T10:47:03,10000.0,40.3,B
2021-06-14T10:47:02,600.0,40.2,S
2021-06-14T10:46:57,300.0,40.3,B
2021-06-14T10:46:56,200.0,40.2,B
2021-06-14T10:46:54,20000.0,40.3,B
2021-06-14T10:46:49,2000.0,40.2,B
2021-06-14T10:46:46,20600.0,40.2,B
2021-06-14T10:46:40,1000.0,40.2,B
2021-06-14T10:46:40,100.0,40.1,S
2021-06-14T10:46:39,2000.0,40.2,B
2021-06-14T10:46:33,500.0,40.2,B
2021-06-14T10:46:30,1700.0,40.2,B
2021-06-14T10:46:25,1000.0,40.1,S
2021-06-14T10:46:19,1000.0,40.2,B
2021-06-14T10:46:08,6000.0,40.2,B
2021-06-14T10:46:06,5200.0,40.1,B
2021-06-14T10:46:04,400.0,40.1,B
2021-06-14T10:46:04,700.0,40.0,S
2021-06-14T10:46:02,3000.0,40.1,B
2021-06-14T10:45:59,2000.0,40.1,B
2021-06-14T10:45:58,1200.0,40.1,B
2021-06-14T10:45:57,3000.0,40.1,B
2021-06-14T10:45:57,200.0,40.1,B
2021-06-14T10:45:55,600.0,40.1,B
2021-06-14T10:45:51,3000.0,40.1,B
2021-06-14T10:45:40,2900.0,40.1,B
2021-06-14T10:45:40,1200.0,40.1,B
2021-06-14T10:45:39,2000.0,40.1,B
2021-06-14T10:45:37,5000.0,40.1,B
2021-06-14T10:45:36,1000.0,40.0,S
2021-06-14T10:45:35,500.0,40.1,B
2021-06-14T10:45:26,1200.0,40.1,B
2021-06-14T10:45:24,1100.0,40.1,B
2021-06-14T10:45:21,1800.0,40.0,S
2021-06-14T10:45:20,500.0,40.0,S
2021-06-14T10:45:20,2500.0,40.0,S
2021-06-14T10:45:19,10000.0,40.0,S
2021-06-14T10:45:17,500.0,40.0,S
2021-06-14T10:45:17,700.0,40.1,B
2021-06-14T10:45:15,100.0,40.0,S
2021-06-14T10:45:13,700.0,40.0,S
2021-06-14T10:45:12,1100.0,40.0,S
2021-06-14T10:45:10,600.0,40.0,B
2021-06-14T10:45:10,7300.0,40.0,B
2021-06-14T10:45:08,5000.0,40.0,B
2021-06-14T10:45:07,2000.0,40.0,B
2021-06-14T10:45:05,40000.0,40.0,B
2021-06-14T10:45:04,3600.0,40.0,B
2021-06-14T10:45:04,4600.0,39.9,S
2021-06-14T10:45:03,400.0,40.0,B
2021-06-14T10:45:01,2100.0,40.0,B
2021-06-14T10:45:00,500.0,40.0,B
2021-06-14T10:45:00,11800.0,39.9,S
2021-06-14T10:44:58,10000.0,40.0,B
2021-06-14T10:44:57,5000.0,40.0,B
2021-06-14T10:44:56,700.0,40.0,B
2021-06-14T10:44:55,3000.0,40.0,B
2021-06-14T10:44:52,7400.0,40.0,B
2021-06-14T10:44:51,1000.0,39.9,S
2021-06-14T10:44:47,37500.0,39.9,S
2021-06-14T10:44:44,30000.0,40.0,B
2021-06-14T10:44:38,10800.0,40.0,B
2021-06-14T10:44:31,1000.0,40.0,B
2021-06-14T10:44:29,200.0,39.9,S
2021-06-14T10:44:24,2000.0,39.9,S
2021-06-14T10:44:23,1000.0,40.0,B
2021-06-14T10:44:23,400.0,40.0,B
2021-06-14T10:44:20,200.0,40.0,B
2021-06-14T10:44:18,1000.0,40.0,B
2021-06-14T10:44:14,10500.0,40.0,B
2021-06-14T10:44:12,5000.0,40.0,B
2021-06-14T10:44:11,900.0,40.0,B
2021-06-14T10:44:03,400.0,40.0,B
2021-06-14T10:44:01,1300.0,40.0,B
2021-06-14T10:43:55,400.0,40.0,B
2021-06-14T10:43:55,500.0,40.0,B
2021-06-14T10:43:54,1000.0,39.9,S
2021-06-14T10:43:50,1000.0,40.0,B
2021-06-14T10:43:49,100.0,39.9,S
2021-06-14T10:43:48,500.0,40.0,B
2021-06-14T10:43:46,1500.0,40.0,B
2021-06-14T10:43:39,200.0,40.0,B
2021-06-14T10:43:36,100.0,40.0,B
2021-06-14T10:43:34,200.0,40.0,B
2021-06-14T10:43:25,2000.0,40.0,B
2021-06-14T10:43:25,3000.0,40.0,B
2021-06-14T10:43:24,3000.0,40.0,B
2021-06-14T10:43:21,2000.0,40.0,B
2021-06-14T10:43:18,2000.0,40.0,B
2021-06-14T10:43:16,800.0,40.0,B
2021-06-14T10:43:14,200.0,40.0,B
2021-06-14T10:43:13,400.0,40.0,B
2021-06-14T10:43:10,200.0,40.0,B
2021-06-14T10:43:02,500.0,40.0,B
2021-06-14T10:42:49,100.0,40.0,B
2021-06-14T10:42:46,100.0,39.9,S
2021-06-14T10:42:43,1000.0,40.0,B
2021-06-14T10:42:40,200.0,39.9,S
2021-06-14T10:42:33,1000.0,39.9,S
2021-06-14T10:42:30,1000.0,39.9,S
2021-06-14T10:42:28,300.0,40.0,B
2021-06-14T10:42:25,100.0,39.9,S
2021-06-14T10:42:22,10600.0,39.9,S
2021-06-14T10:42:19,500.0,39.9,S
2021-06-14T10:42:14,100.0,39.9,S
2021-06-14T10:42:09,400.0,39.9,S
2021-06-14T10:42:07,200.0,39.9,S
2021-06-14T10:42:06,1200.0,39.9,B
2021-06-14T10:42:06,1000.0,39.9,B
2021-06-14T10:42:05,4400.0,39.9,B
2021-06-14T10:42:03,30000.0,39.9,B
2021-06-14T10:41:59,2000.0,39.9,B
2021-06-14T10:41:57,28000.0,39.9,B
2021-06-14T10:41:56,2000.0,39.9,B
2021-06-14T10:41:55,200.0,39.9,B
2021-06-14T10:41:53,5000.0,39.9,B
2021-06-14T10:41:51,10000.0,39.9,B
2021-06-14T10:41:48,600.0,39.9,B
2021-06-14T10:41:41,800.0,39.9,B
2021-06-14T10:41:41,100.0,39.9,B
2021-06-14T10:41:41,1500.0,39.9,B
2021-06-14T10:41:40,500.0,39.9,B
2021-06-14T10:41:39,5500.0,39.8,S
2021-06-14T10:41:34,100.0,39.9,B
2021-06-14T10:41:30,4300.0,39.8,S
2021-06-14T10:41:28,3000.0,39.9,B
2021-06-14T10:41:26,200.0,39.8,S
2021-06-14T10:41:22,19000.0,39.9,B
2021-06-14T10:41:21,500.0,39.8,S
2021-06-14T10:41:19,1000.0,39.9,B
2021-06-14T10:41:18,2000.0,39.9,B
2021-06-14T10:41:17,1000.0,39.8,S
2021-06-14T10:41:12,10000.0,39.8,S
2021-06-14T10:41:03,1000.0,39.9,B
2021-06-14T10:41:01,10000.0,39.8,S
2021-06-14T10:40:57,200.0,39.9,B
2021-06-14T10:40:57,500.0,39.8,S
2021-06-14T10:40:43,100.0,39.9,B
2021-06-14T10:40:39,700.0,39.9,B
2021-06-14T10:40:39,500.0,39.8,S
2021-06-14T10:40:36,1000.0,39.8,S
2021-06-14T10:40:30,1000.0,39.8,S
2021-06-14T10:40:27,1000.0,39.9,B
2021-06-14T10:40:26,500.0,39.8,S
2021-06-14T10:40:24,400.0,39.9,B
2021-06-14T10:40:16,1000.0,39.8,S
2021-06-14T10:40:16,900.0,39.8,B
2021-06-14T10:40:14,2000.0,39.8,B
2021-06-14T10:40:13,500.0,39.8,B
2021-06-14T10:40:10,1600.0,39.8,B
2021-06-14T10:40:10,200.0,39.8,S
2021-06-14T10:40:09,6900.0,39.8,S
2021-06-14T10:40:08,500.0,39.8,S
2021-06-14T10:40:07,3800.0,39.8,S
2021-06-14T10:40:07,200.0,39.8,S
2021-06-14T10:40:05,30000.0,39.9,B
2021-06-14T10:40:05,1000.0,39.8,S
2021-06-14T10:39:59,300.0,39.8,S
2021-06-14T10:39:51,1000.0,39.8,S
2021-06-14T10:39:51,2000.0,39.8,B
2021-06-14T10:39:49,2500.0,39.8,B
2021-06-14T10:39:47,17000.0,39.8,B
2021-06-14T10:39:47,500.0,39.8,B
2021-06-14T10:39:44,300.0,39.8,B
2021-06-14T10:39:43,5000.0,39.8,B
2021-06-14T10:39:42,1000.0,39.8,B
2021-06-14T10:39:41,1200.0,39.8,B
2021-06-14T10:39:39,1000.0,39.8,B
2021-06-14T10:39:39,400.0,39.8,B
2021-06-14T10:39:38,3000.0,39.8,B
2021-06-14T10:39:37,300.0,39.8,B
2021-06-14T10:39:35,5000.0,39.8,B
2021-06-14T10:39:35,1000.0,39.8,B
2021-06-14T10:39:34,300.0,39.8,B
2021-06-14T10:39:33,10000.0,39.8,B
2021-06-14T10:39:31,1000.0,39.8,B
2021-06-14T10:39:27,20000.0,39.8,B
2021-06-14T10:39:27,5000.0,39.8,B
2021-06-14T10:39:26,2100.0,39.8,B
2021-06-14T10:39:22,400.0,39.8,B
2021-06-14T10:39:21,200.0,39.8,B
2021-06-14T10:39:18,400.0,39.8,B
2021-06-14T10:39:18,200.0,39.8,B
2021-06-14T10:39:17,700.0,39.8,B
2021-06-14T10:39:13,300.0,39.8,B
2021-06-14T10:39:10,5000.0,39.8,B
2021-06-14T10:39:09,15000.0,39.8,B
2021-06-14T10:39:08,200.0,39.7,S
2021-06-14T10:39:07,5000.0,39.8,B
2021-06-14T10:39:06,300.0,39.8,B
2021-06-14T10:39:04,2500.0,39.8,B
2021-06-14T10:39:03,500.0,39.8,B
2021-06-14T10:39:01,100000.0,39.8,B
2021-06-14T10:39:00,1300.0,39.8,B
2021-06-14T10:38:57,200.0,39.8,B
2021-06-14T10:38:54,1200.0,39.8,B
2021-06-14T10:38:48,100.0,39.8,B
2021-06-14T10:38:46,100.0,39.7,S
2021-06-14T10:38:43,300.0,39.8,B
2021-06-14T10:38:40,1500.0,39.8,B
2021-06-14T10:38:40,100.0,39.7,S
2021-06-14T10:38:38,100.0,39.8,B
2021-06-14T10:38:34,100.0,39.7,S
2021-06-14T10:38:32,300.0,39.7,S
2021-06-14T10:38:30,1000.0,39.7,S
2021-06-14T10:38:24,1000.0,39.7,S
2021-06-14T10:38:22,500.0,39.7,S
2021-06-14T10:38:19,2000.0,39.7,S
2021-06-14T10:38:18,1000.0,39.7,S
2021-06-14T10:38:16,2000.0,39.7,S
2021-06-14T10:38:13,100.0,39.7,S
2021-06-14T10:38:13,3600.0,39.7,B
2021-06-14T10:38:12,1000.0,39.7,B
2021-06-14T10:38:10,500.0,39.7,B
2021-06-14T10:38:09,4900.0,39.7,S
2021-06-14T10:38:03,1500.0,39.7,B
2021-06-14T10:38:02,2300.0,39.7,B
2021-06-14T10:38:01,5000.0,39.7,B
2021-06-14T10:38:01,1000.0,39.7,B
2021-06-14T10:37:57,900.0,39.7,B
2021-06-14T10:37:56,500.0,39.7,B
2021-06-14T10:37:55,400.0,39.7,B
2021-06-14T10:37:55,1000.0,39.7,B
2021-06-14T10:37:54,1100.0,39.7,B
2021-06-14T10:37:54,22000.0,39.7,B
2021-06-14T10:37:53,600.0,39.7,B
2021-06-14T10:37:52,3000.0,39.7,B
2021-06-14T10:37:50,10000.0,39.7,B
