tradingTime,volume,price,side
2021-06-14T14:29:26,4100.0,22.15,B
2021-06-14T14:29:26,4900.0,22.15,B
2021-06-14T14:29:03,1400.0,22.1,S
2021-06-14T14:28:50,1000.0,22.15,B
2021-06-14T14:28:08,500.0,22.15,B
2021-06-14T14:27:42,10000.0,22.15,B
2021-06-14T14:26:58,1300.0,22.15,B
2021-06-14T14:26:48,800.0,22.15,B
2021-06-14T14:26:45,600.0,22.15,B
2021-06-14T14:26:31,5000.0,22.15,B
2021-06-14T14:26:25,5000.0,22.15,B
2021-06-14T14:25:57,200.0,22.15,B
2021-06-14T14:25:56,200.0,22.15,B
2021-06-14T14:25:51,1000.0,22.15,B
2021-06-14T14:25:50,500.0,22.15,B
2021-06-14T14:25:41,2000.0,22.1,S
2021-06-14T14:25:37,100.0,22.15,B
2021-06-14T14:25:36,100.0,22.15,B
2021-06-14T14:25:20,500.0,22.15,B
2021-06-14T14:25:08,500.0,22.15,B
2021-06-14T14:24:43,10000.0,22.1,S
2021-06-14T14:24:28,100.0,22.15,B
2021-06-14T14:24:22,1000.0,22.15,B
2021-06-14T14:24:08,900.0,22.15,B
2021-06-14T14:23:57,400.0,22.15,B
2021-06-14T14:23:50,100.0,22.15,S
2021-06-14T14:23:50,4900.0,22.15,S
2021-06-14T14:23:50,1700.0,22.15,S
2021-06-14T14:23:50,900.0,22.15,S
2021-06-14T14:23:40,1000.0,22.15,S
2021-06-14T14:23:29,100.0,22.2,B
2021-06-14T14:23:21,100.0,22.2,B
2021-06-14T14:23:13,600.0,22.15,S
2021-06-14T14:23:10,100.0,22.2,B
2021-06-14T14:23:09,100.0,22.2,B
2021-06-14T14:23:06,1000.0,22.2,B
2021-06-14T14:23:02,100.0,22.2,B
2021-06-14T14:22:56,100.0,22.2,B
2021-06-14T14:22:51,100.0,22.2,B
2021-06-14T14:22:46,100.0,22.2,B
2021-06-14T14:22:43,600.0,22.15,S
2021-06-14T14:22:38,100.0,22.2,B
2021-06-14T14:22:32,1500.0,22.2,B
2021-06-14T14:22:31,100.0,22.2,B
2021-06-14T14:22:29,500.0,22.15,S
2021-06-14T14:22:25,100.0,22.2,B
2021-06-14T14:22:24,100.0,22.2,B
2021-06-14T14:22:19,2500.0,22.15,S
2021-06-14T14:22:16,5000.0,22.2,B
2021-06-14T14:22:14,3000.0,22.15,S
2021-06-14T14:22:13,1000.0,22.2,B
2021-06-14T14:22:09,2700.0,22.15,S
2021-06-14T14:22:09,6500.0,22.15,S
2021-06-14T14:22:09,3700.0,22.15,S
2021-06-14T14:22:09,3100.0,22.15,S
2021-06-14T14:22:09,7600.0,22.15,S
2021-06-14T14:22:09,1200.0,22.15,S
2021-06-14T14:22:09,11800.0,22.15,S
2021-06-14T14:22:05,30000.0,22.15,S
2021-06-14T14:22:03,100.0,22.2,B
2021-06-14T14:22:01,100.0,22.15,S
2021-06-14T14:21:57,200.0,22.2,B
2021-06-14T14:21:51,1700.0,22.2,B
2021-06-14T14:21:50,100.0,22.15,S
2021-06-14T14:21:49,100.0,22.2,B
2021-06-14T14:21:49,5600.0,22.2,B
2021-06-14T14:21:45,100.0,22.2,B
2021-06-14T14:21:39,800.0,22.15,S
2021-06-14T14:21:38,100.0,22.2,B
2021-06-14T14:21:36,45000.0,22.15,S
2021-06-14T14:21:34,200.0,22.2,B
2021-06-14T14:21:28,100.0,22.2,B
2021-06-14T14:21:23,400.0,22.2,B
2021-06-14T14:21:18,100.0,22.2,B
2021-06-14T14:21:16,10000.0,22.15,S
2021-06-14T14:21:08,100.0,22.2,B
2021-06-14T14:21:00,100.0,22.2,B
2021-06-14T14:20:51,8000.0,22.15,S
2021-06-14T14:20:49,4600.0,22.2,B
2021-06-14T14:20:48,100.0,22.2,B
2021-06-14T14:20:45,500.0,22.2,B
2021-06-14T14:20:42,200.0,22.2,B
2021-06-14T14:20:37,100.0,22.2,B
2021-06-14T14:20:34,2200.0,22.2,B
2021-06-14T14:20:32,200.0,22.2,B
2021-06-14T14:20:31,9000.0,22.15,S
2021-06-14T14:20:30,100.0,22.2,B
2021-06-14T14:20:23,3200.0,22.15,S
2021-06-14T14:20:23,800.0,22.15,S
2021-06-14T14:20:22,100.0,22.2,B
2021-06-14T14:20:17,5100.0,22.2,B
2021-06-14T14:20:16,200.0,22.2,B
2021-06-14T14:20:15,1000.0,22.2,B
2021-06-14T14:20:06,100.0,22.2,B
2021-06-14T14:20:02,11300.0,22.15,S
2021-06-14T14:20:00,100.0,22.2,B
2021-06-14T14:19:57,200.0,22.2,B
2021-06-14T14:19:50,500.0,22.15,S
2021-06-14T14:19:49,100.0,22.2,B
2021-06-14T14:19:44,1000.0,22.15,S
2021-06-14T14:19:41,200.0,22.2,B
2021-06-14T14:19:21,1500.0,22.15,S
2021-06-14T14:19:19,100.0,22.2,B
2021-06-14T14:19:14,100.0,22.2,B
2021-06-14T14:19:12,1000.0,22.15,S
2021-06-14T14:19:06,100.0,22.2,B
2021-06-14T14:19:04,2800.0,22.15,S
2021-06-14T14:19:00,100.0,22.2,B
2021-06-14T14:19:00,300.0,22.2,B
2021-06-14T14:18:51,100.0,22.2,B
2021-06-14T14:18:49,100.0,22.15,S
2021-06-14T14:18:45,400.0,22.2,B
2021-06-14T14:18:42,100.0,22.2,B
2021-06-14T14:18:24,200.0,22.15,S
2021-06-14T14:18:22,100.0,22.2,B
2021-06-14T14:18:04,100.0,22.2,B
2021-06-14T14:18:01,1000.0,22.15,S
2021-06-14T14:17:54,2000.0,22.2,B
2021-06-14T14:17:52,4400.0,22.2,B
2021-06-14T14:17:47,100.0,22.15,S
2021-06-14T14:17:45,100.0,22.2,B
2021-06-14T14:17:45,1000.0,22.2,B
2021-06-14T14:17:45,10300.0,22.2,B
2021-06-14T14:17:45,12100.0,22.2,B
2021-06-14T14:17:45,100.0,22.2,B
2021-06-14T14:17:45,5900.0,22.2,B
2021-06-14T14:17:45,1100.0,22.2,B
2021-06-14T14:17:44,1500.0,22.2,B
2021-06-14T14:17:35,3000.0,22.15,S
2021-06-14T14:17:35,200.0,22.2,B
2021-06-14T14:17:35,1000.0,22.15,S
2021-06-14T14:17:33,200.0,22.15,S
2021-06-14T14:17:32,100.0,22.2,B
2021-06-14T14:17:26,200.0,22.2,B
2021-06-14T14:17:22,700.0,22.2,B
2021-06-14T14:17:22,3400.0,22.2,B
2021-06-14T14:17:18,20000.0,22.2,B
2021-06-14T14:17:16,800.0,22.2,B
2021-06-14T14:17:15,20000.0,22.15,S
2021-06-14T14:17:12,30000.0,22.15,S
2021-06-14T14:17:09,10200.0,22.2,B
2021-06-14T14:17:04,1700.0,22.2,B
2021-06-14T14:17:03,100.0,22.2,B
2021-06-14T14:16:58,100.0,22.2,B
2021-06-14T14:16:53,100.0,22.2,B
2021-06-14T14:16:53,1100.0,22.2,B
2021-06-14T14:16:41,100.0,22.2,B
2021-06-14T14:16:36,100.0,22.2,B
2021-06-14T14:16:36,1000.0,22.2,B
2021-06-14T14:16:27,13000.0,22.15,S
2021-06-14T14:16:25,300.0,22.15,S
2021-06-14T14:16:17,100.0,22.2,B
2021-06-14T14:16:16,5000.0,22.15,S
2021-06-14T14:16:07,100.0,22.2,B
2021-06-14T14:16:02,100.0,22.2,B
2021-06-14T14:15:55,100.0,22.2,B
2021-06-14T14:15:52,900.0,22.15,S
2021-06-14T14:15:50,100.0,22.2,B
2021-06-14T14:15:49,2400.0,22.15,S
2021-06-14T14:15:46,100.0,22.2,B
2021-06-14T14:15:42,500.0,22.15,S
2021-06-14T14:15:37,100.0,22.2,B
2021-06-14T14:15:36,16600.0,22.15,S
2021-06-14T14:15:34,100.0,22.2,B
2021-06-14T14:15:31,500.0,22.15,S
2021-06-14T14:15:27,100.0,22.2,B
2021-06-14T14:15:24,100.0,22.2,B
2021-06-14T14:15:17,5000.0,22.15,S
2021-06-14T14:15:15,4100.0,22.2,B
2021-06-14T14:15:14,500.0,22.15,S
2021-06-14T14:15:12,2600.0,22.15,S
2021-06-14T14:15:11,100.0,22.2,B
2021-06-14T14:15:10,200.0,22.15,S
2021-06-14T14:15:04,3000.0,22.15,S
2021-06-14T14:15:03,2000.0,22.15,S
2021-06-14T14:14:59,3000.0,22.15,S
2021-06-14T14:14:58,100.0,22.2,B
2021-06-14T14:14:48,100.0,22.2,B
2021-06-14T14:14:47,1000.0,22.15,S
2021-06-14T14:14:44,300.0,22.15,S
2021-06-14T14:14:43,100.0,22.2,B
2021-06-14T14:14:40,100.0,22.2,B
2021-06-14T14:14:38,2000.0,22.2,B
2021-06-14T14:14:28,200.0,22.15,S
2021-06-14T14:13:56,400.0,22.15,S
2021-06-14T14:13:45,300.0,22.2,B
2021-06-14T14:13:38,100.0,22.2,B
2021-06-14T14:13:33,200.0,22.2,B
2021-06-14T14:13:24,100.0,22.2,B
2021-06-14T14:13:21,100.0,22.2,B
2021-06-14T14:13:11,200.0,22.2,B
2021-06-14T14:13:05,100.0,22.2,B
2021-06-14T14:13:03,3000.0,22.15,S
2021-06-14T14:13:03,300.0,22.2,B
2021-06-14T14:13:01,200.0,22.2,B
2021-06-14T14:13:01,1000.0,22.15,S
2021-06-14T14:12:56,500.0,22.15,S
2021-06-14T14:12:54,100.0,22.2,B
2021-06-14T14:12:53,200.0,22.15,S
2021-06-14T14:12:41,100.0,22.2,B
2021-06-14T14:12:35,300.0,22.2,B
2021-06-14T14:12:32,200.0,22.2,B
2021-06-14T14:12:32,200.0,22.15,S
2021-06-14T14:12:24,100.0,22.2,B
2021-06-14T14:12:15,100.0,22.2,B
2021-06-14T14:12:11,200.0,22.2,B
2021-06-14T14:12:10,700.0,22.2,B
2021-06-14T14:12:10,1700.0,22.2,B
2021-06-14T14:12:10,3900.0,22.2,B
2021-06-14T14:12:04,100.0,22.2,B
2021-06-14T14:12:04,5000.0,22.15,S
2021-06-14T14:11:58,100.0,22.2,B
2021-06-14T14:11:56,1000.0,22.15,S
2021-06-14T14:11:51,300.0,22.15,S
2021-06-14T14:11:43,200.0,22.2,B
2021-06-14T14:11:42,500.0,22.15,S
2021-06-14T14:11:42,4600.0,22.15,S
2021-06-14T14:11:40,100.0,22.2,B
2021-06-14T14:11:36,17300.0,22.2,B
2021-06-14T14:11:36,2700.0,22.2,B
2021-06-14T14:11:35,100.0,22.2,B
2021-06-14T14:11:17,200.0,22.2,B
2021-06-14T14:11:12,100.0,22.15,S
2021-06-14T14:11:11,29100.0,22.15,S
2021-06-14T14:11:09,100.0,22.2,B
2021-06-14T14:11:00,100.0,22.2,B
2021-06-14T14:10:48,100.0,22.2,B
2021-06-14T14:10:48,500.0,22.2,B
2021-06-14T14:10:48,300.0,22.2,B
2021-06-14T14:10:48,29200.0,22.2,B
2021-06-14T14:10:44,500.0,22.15,S
2021-06-14T14:10:28,1000.0,22.15,S
2021-06-14T14:10:17,100.0,22.2,B
2021-06-14T14:10:14,5000.0,22.2,B
2021-06-14T14:10:13,16100.0,22.2,B
2021-06-14T14:10:08,100.0,22.2,B
2021-06-14T14:09:51,100.0,22.2,B
2021-06-14T14:09:49,2000.0,22.2,B
2021-06-14T14:09:45,100.0,22.15,S
2021-06-14T14:09:44,100.0,22.2,B
2021-06-14T14:09:42,500.0,22.2,B
2021-06-14T14:09:38,100.0,22.2,B
2021-06-14T14:09:33,2300.0,22.2,B
2021-06-14T14:09:33,100.0,22.2,B
2021-06-14T14:09:28,100.0,22.2,B
2021-06-14T14:09:27,900.0,22.2,B
2021-06-14T14:09:16,3000.0,22.2,B
2021-06-14T14:09:15,700.0,22.15,S
2021-06-14T14:09:13,100.0,22.2,B
2021-06-14T14:09:03,100.0,22.2,B
2021-06-14T14:08:59,600.0,22.15,S
2021-06-14T14:08:57,800.0,22.15,S
2021-06-14T14:08:57,100.0,22.2,B
2021-06-14T14:08:48,500.0,22.2,B
2021-06-14T14:08:28,600.0,22.15,S
2021-06-14T14:08:27,100.0,22.2,B
2021-06-14T14:08:20,100.0,22.2,B
2021-06-14T14:08:16,100.0,22.2,B
2021-06-14T14:08:15,1000.0,22.2,B
2021-06-14T14:08:09,200.0,22.2,B
2021-06-14T14:08:03,100.0,22.2,B
2021-06-14T14:08:00,2200.0,22.15,S
2021-06-14T14:07:58,100.0,22.2,B
2021-06-14T14:07:47,200.0,22.2,B
2021-06-14T14:07:45,800.0,22.15,S
2021-06-14T14:07:38,700.0,22.15,S
2021-06-14T14:07:37,200.0,22.2,B
2021-06-14T14:07:36,100.0,22.2,B
2021-06-14T14:07:29,300.0,22.2,B
2021-06-14T14:07:25,600.0,22.15,S
2021-06-14T14:07:21,100.0,22.2,B
2021-06-14T14:07:17,300.0,22.2,B
2021-06-14T14:07:14,100.0,22.15,S
2021-06-14T14:07:13,600.0,22.15,S
2021-06-14T14:07:07,1000.0,22.2,B
2021-06-14T14:07:06,200.0,22.2,B
2021-06-14T14:07:04,5000.0,22.15,S
2021-06-14T14:07:00,600.0,22.15,S
2021-06-14T14:06:58,500.0,22.15,S
2021-06-14T14:06:56,400.0,22.2,B
2021-06-14T14:06:54,600.0,22.15,S
2021-06-14T14:06:48,600.0,22.15,S
2021-06-14T14:06:42,600.0,22.15,S
2021-06-14T14:06:41,100.0,22.2,B
2021-06-14T14:06:36,5000.0,22.2,B
2021-06-14T14:06:28,600.0,22.15,S
2021-06-14T14:06:24,100.0,22.2,B
2021-06-14T14:06:17,100.0,22.2,B
2021-06-14T14:06:12,800.0,22.15,S
2021-06-14T14:06:09,700.0,22.2,B
2021-06-14T14:06:09,1000.0,22.2,B
2021-06-14T14:06:08,600.0,22.15,S
2021-06-14T14:06:08,400.0,22.2,B
2021-06-14T14:06:07,200.0,22.2,B
2021-06-14T14:06:07,200.0,22.2,B
2021-06-14T14:05:57,600.0,22.15,S
2021-06-14T14:05:56,1500.0,22.2,B
2021-06-14T14:05:50,400.0,22.15,S
2021-06-14T14:05:48,700.0,22.2,B
2021-06-14T14:05:48,100.0,22.2,B
2021-06-14T14:05:47,600.0,22.15,S
2021-06-14T14:05:40,600.0,22.15,S
2021-06-14T14:05:27,5000.0,22.2,B
2021-06-14T14:05:15,1000.0,22.2,B
2021-06-14T14:05:07,1000.0,22.2,B
2021-06-14T14:05:07,2100.0,22.2,B
2021-06-14T14:05:06,2300.0,22.25,B
2021-06-14T14:05:04,1900.0,22.2,B
2021-06-14T14:04:59,300.0,22.2,B
2021-06-14T14:04:55,200.0,22.2,B
2021-06-14T14:04:46,4800.0,22.25,B
2021-06-14T14:04:46,10500.0,22.25,B
2021-06-14T14:04:46,100.0,22.25,B
2021-06-14T14:04:46,600.0,22.25,B
2021-06-14T14:04:46,100.0,22.25,B
2021-06-14T14:04:46,3000.0,22.25,B
2021-06-14T14:04:46,1600.0,22.25,B
2021-06-14T14:04:46,8900.0,22.25,B
2021-06-14T14:04:46,2300.0,22.25,B
2021-06-14T14:04:46,15900.0,22.25,B
2021-06-14T14:04:43,6000.0,22.2,B
2021-06-14T14:04:33,1500.0,22.2,S
2021-06-14T14:04:31,400.0,22.15,S
2021-06-14T14:04:29,1000.0,22.2,S
2021-06-14T14:04:28,100.0,22.2,S
2021-06-14T14:04:28,900.0,22.2,S
2021-06-14T14:04:28,1000.0,22.2,S
2021-06-14T14:04:28,4000.0,22.2,S
2021-06-14T14:04:28,1700.0,22.2,S
2021-06-14T14:04:17,600.0,22.2,S
2021-06-14T14:04:17,2000.0,22.2,S
2021-06-14T14:04:17,7000.0,22.2,S
2021-06-14T14:04:11,2000.0,22.2,S
2021-06-14T14:04:07,2000.0,22.2,S
2021-06-14T14:04:07,100.0,22.2,S
2021-06-14T14:04:06,400.0,22.2,S
2021-06-14T14:04:06,900.0,22.2,S
2021-06-14T14:04:03,3600.0,22.2,S
2021-06-14T14:04:03,6200.0,22.2,S
2021-06-14T14:04:02,2000.0,22.2,S
2021-06-14T14:04:02,2500.0,22.2,S
2021-06-14T14:04:02,100.0,22.2,S
2021-06-14T14:04:02,500.0,22.2,S
2021-06-14T14:04:02,700.0,22.2,S
2021-06-14T14:04:02,4400.0,22.2,S
2021-06-14T14:04:02,1000.0,22.2,S
2021-06-14T14:03:59,4000.0,22.25,B
2021-06-14T14:03:56,200.0,22.2,S
2021-06-14T14:03:35,3800.0,22.2,S
2021-06-14T14:03:34,1200.0,22.2,S
2021-06-14T14:03:32,1000.0,22.2,S
2021-06-14T14:03:24,1400.0,22.2,S
2021-06-14T14:03:24,800.0,22.2,S
2021-06-14T14:03:24,1000.0,22.2,S
2021-06-14T14:03:24,200.0,22.2,S
2021-06-14T14:03:24,16600.0,22.2,S
2021-06-14T14:03:20,2000.0,22.25,B
2021-06-14T14:03:18,300.0,22.2,S
2021-06-14T14:03:14,400.0,22.2,S
2021-06-14T14:03:12,400.0,22.25,B
2021-06-14T14:03:06,400.0,22.25,B
2021-06-14T14:03:06,500.0,22.25,B
2021-06-14T14:03:02,900.0,22.2,S
2021-06-14T14:03:02,1000.0,22.2,S
2021-06-14T14:03:02,2500.0,22.2,S
2021-06-14T14:03:02,1500.0,22.2,S
2021-06-14T14:03:00,21100.0,22.2,S
2021-06-14T14:02:34,900.0,22.25,B
2021-06-14T14:02:31,5000.0,22.25,B
2021-06-14T14:02:24,1200.0,22.25,B
2021-06-14T14:02:21,500.0,22.25,B
2021-06-14T14:02:07,1500.0,22.25,B
2021-06-14T14:02:03,3000.0,22.25,B
2021-06-14T14:01:56,100.0,22.2,S
2021-06-14T14:01:52,1200.0,22.25,B
2021-06-14T14:01:51,400.0,22.25,B
2021-06-14T14:01:48,5300.0,22.2,S
2021-06-14T14:01:45,2000.0,22.25,B
2021-06-14T14:01:45,4500.0,22.25,B
2021-06-14T14:01:16,500.0,22.25,B
2021-06-14T14:01:15,2000.0,22.25,B
2021-06-14T14:01:10,300.0,22.2,S
2021-06-14T14:01:08,5000.0,22.25,B
2021-06-14T14:01:06,200.0,22.25,B
2021-06-14T14:01:06,300.0,22.25,B
2021-06-14T14:01:02,2900.0,22.25,S
2021-06-14T14:01:01,5000.0,22.25,S
2021-06-14T14:01:00,1000.0,22.25,S
2021-06-14T14:00:59,2000.0,22.25,S
2021-06-14T14:00:56,1500.0,22.25,S
2021-06-14T14:00:56,4700.0,22.25,S
2021-06-14T14:00:51,2000.0,22.25,S
2021-06-14T14:00:51,10000.0,22.25,S
2021-06-14T14:00:49,1000.0,22.25,S
2021-06-14T14:00:45,5000.0,22.25,S
2021-06-14T14:00:41,2100.0,22.25,S
2021-06-14T14:00:41,1000.0,22.25,S
2021-06-14T14:00:39,100.0,22.3,B
2021-06-14T14:00:38,3100.0,22.25,S
2021-06-14T14:00:36,200.0,22.25,S
2021-06-14T14:00:35,500.0,22.25,S
2021-06-14T14:00:32,1300.0,22.25,S
2021-06-14T14:00:32,1000.0,22.25,S
2021-06-14T14:00:31,10000.0,22.25,S
2021-06-14T14:00:07,41200.0,22.25,S
2021-06-14T14:00:07,30000.0,22.25,S
2021-06-14T14:00:06,3000.0,22.2,S
2021-06-14T14:00:02,600.0,22.25,S
2021-06-14T13:59:56,100.0,22.25,S
2021-06-14T13:59:56,800.0,22.2,S
2021-06-14T13:59:55,3000.0,22.2,S
2021-06-14T13:59:41,1200.0,22.25,S
2021-06-14T13:59:39,1000.0,22.25,S
2021-06-14T13:59:34,4000.0,22.25,S
2021-06-14T13:59:28,100.0,22.25,S
2021-06-14T13:59:27,5400.0,22.25,S
2021-06-14T13:59:21,200.0,22.25,S
2021-06-14T13:58:52,200.0,22.25,S
2021-06-14T13:58:49,500.0,22.25,S
2021-06-14T13:58:49,39000.0,22.25,S
2021-06-14T13:58:47,400.0,22.3,B
2021-06-14T13:58:46,200.0,22.25,S
2021-06-14T13:58:39,500.0,22.25,B
2021-06-14T13:58:34,200.0,22.25,B
2021-06-14T13:58:34,100.0,22.25,B
2021-06-14T13:58:15,200.0,22.25,B
2021-06-14T13:58:03,2600.0,22.3,B
2021-06-14T13:58:01,1000.0,22.25,B
2021-06-14T13:58:00,500.0,22.25,B
2021-06-14T13:57:54,2100.0,22.25,B
2021-06-14T13:57:54,100.0,22.25,B
2021-06-14T13:57:54,14300.0,22.25,B
2021-06-14T13:57:49,900.0,22.25,B
2021-06-14T13:57:41,1200.0,22.25,B
2021-06-14T13:57:41,5000.0,22.25,B
2021-06-14T13:57:35,100.0,22.25,B
2021-06-14T13:57:34,100.0,22.25,B
2021-06-14T13:57:28,600.0,22.25,B
2021-06-14T13:57:23,500.0,22.25,B
2021-06-14T13:57:21,2000.0,22.25,B
2021-06-14T13:57:18,7200.0,22.25,B
2021-06-14T13:57:16,4000.0,22.25,B
2021-06-14T13:57:14,300.0,22.25,B
2021-06-14T13:57:13,3000.0,22.25,B
2021-06-14T13:57:06,100.0,22.25,B
2021-06-14T13:57:04,2000.0,22.25,B
2021-06-14T13:57:04,2000.0,22.25,B
2021-06-14T13:57:02,500.0,22.25,B
2021-06-14T13:57:00,200.0,22.25,B
2021-06-14T13:56:49,500.0,22.25,B
2021-06-14T13:56:48,100.0,22.25,B
2021-06-14T13:56:46,4400.0,22.25,B
2021-06-14T13:56:46,5000.0,22.25,B
2021-06-14T13:56:44,10000.0,22.25,B
2021-06-14T13:56:43,100.0,22.25,B
2021-06-14T13:56:40,2000.0,22.25,B
2021-06-14T13:56:35,5000.0,22.25,B
2021-06-14T13:56:33,200.0,22.25,B
2021-06-14T13:56:30,4000.0,22.25,B
2021-06-14T13:56:27,200.0,22.25,B
2021-06-14T13:56:26,400.0,22.25,B
2021-06-14T13:56:26,2000.0,22.25,B
2021-06-14T13:56:12,10000.0,22.25,B
2021-06-14T13:56:12,100.0,22.25,B
2021-06-14T13:56:07,500.0,22.25,B
2021-06-14T13:56:04,5000.0,22.25,B
2021-06-14T13:56:03,2000.0,22.25,B
2021-06-14T13:56:01,100.0,22.25,B
2021-06-14T13:55:57,1000.0,22.25,B
2021-06-14T13:55:54,15000.0,22.25,B
2021-06-14T13:55:54,2000.0,22.25,B
2021-06-14T13:55:52,1000.0,22.25,B
2021-06-14T13:55:52,500.0,22.25,B
2021-06-14T13:55:46,200.0,22.25,B
2021-06-14T13:55:45,5000.0,22.25,B
2021-06-14T13:55:43,2000.0,22.2,S
2021-06-14T13:55:42,13000.0,22.25,B
2021-06-14T13:55:40,1400.0,22.25,B
2021-06-14T13:55:38,3000.0,22.25,B
2021-06-14T13:55:37,1000.0,22.25,B
2021-06-14T13:55:33,1000.0,22.25,B
2021-06-14T13:55:33,200.0,22.25,B
2021-06-14T13:55:32,2000.0,22.25,B
2021-06-14T13:55:31,500.0,22.2,S
2021-06-14T13:55:30,1000.0,22.25,B
2021-06-14T13:55:29,100.0,22.25,B
2021-06-14T13:55:19,10000.0,22.25,B
2021-06-14T13:55:19,700.0,22.25,B
2021-06-14T13:55:12,1000.0,22.25,B
2021-06-14T13:55:09,200.0,22.2,S
2021-06-14T13:55:09,100.0,22.25,B
2021-06-14T13:55:04,300.0,22.25,B
2021-06-14T13:55:03,14600.0,22.25,B
2021-06-14T13:55:03,600.0,22.25,B
2021-06-14T13:54:52,2500.0,22.25,B
2021-06-14T13:54:52,35300.0,22.25,B
2021-06-14T13:54:51,2500.0,22.25,B
2021-06-14T13:54:48,1400.0,22.25,B
2021-06-14T13:54:44,13100.0,22.25,B
2021-06-14T13:54:44,4100.0,22.25,B
2021-06-14T13:54:44,11900.0,22.25,B
2021-06-14T13:54:38,300.0,22.25,B
2021-06-14T13:54:37,2000.0,22.25,B
2021-06-14T13:54:31,2000.0,22.25,B
2021-06-14T13:54:29,100.0,22.25,B
2021-06-14T13:54:26,1000.0,22.25,B
2021-06-14T13:54:25,100.0,22.25,B
2021-06-14T13:54:25,500.0,22.25,B
2021-06-14T13:54:23,400.0,22.25,B
2021-06-14T13:54:22,1000.0,22.25,B
2021-06-14T13:54:20,300.0,22.25,B
2021-06-14T13:54:17,200.0,22.25,B
2021-06-14T13:54:16,200.0,22.25,B
2021-06-14T13:54:14,1000.0,22.25,B
2021-06-14T13:54:06,1000.0,22.25,B
2021-06-14T13:53:57,300.0,22.25,B
2021-06-14T13:53:56,100.0,22.25,B
2021-06-14T13:53:55,1000.0,22.25,B
2021-06-14T13:53:52,10000.0,22.25,B
2021-06-14T13:53:51,1100.0,22.25,B
2021-06-14T13:53:50,20000.0,22.25,B
2021-06-14T13:53:49,300.0,22.25,B
2021-06-14T13:53:34,100.0,22.2,S
2021-06-14T13:53:33,1000.0,22.25,B
2021-06-14T13:53:30,3200.0,22.25,B
2021-06-14T13:53:30,200.0,22.25,B
2021-06-14T13:53:26,100.0,22.2,S
2021-06-14T13:53:26,100.0,22.25,B
2021-06-14T13:53:24,1400.0,22.25,B
2021-06-14T13:53:24,100.0,22.2,S
2021-06-14T13:53:23,600.0,22.25,B
2021-06-14T13:53:20,500.0,22.25,B
2021-06-14T13:53:19,900.0,22.25,B
2021-06-14T13:53:14,6000.0,22.25,B
2021-06-14T13:53:12,200.0,22.2,S
2021-06-14T13:53:10,300.0,22.25,B
2021-06-14T13:53:08,600.0,22.2,S
2021-06-14T13:53:05,30800.0,22.25,B
2021-06-14T13:53:02,3000.0,22.25,B
2021-06-14T13:52:56,300.0,22.25,B
2021-06-14T13:52:56,4900.0,22.25,B
2021-06-14T13:52:56,100.0,22.25,B
2021-06-14T13:52:55,600.0,22.2,S
2021-06-14T13:52:51,1400.0,22.25,B
2021-06-14T13:52:51,2200.0,22.25,B
2021-06-14T13:52:44,600.0,22.2,S
2021-06-14T13:52:43,500.0,22.25,B
2021-06-14T13:52:40,1800.0,22.25,B
2021-06-14T13:52:35,600.0,22.25,B
2021-06-14T13:52:31,12000.0,22.25,B
2021-06-14T13:52:29,1400.0,22.25,B
2021-06-14T13:52:29,5000.0,22.25,B
2021-06-14T13:52:27,200.0,22.25,B
2021-06-14T13:52:27,1500.0,22.25,B
2021-06-14T13:52:01,100.0,22.25,B
2021-06-14T13:52:00,1000.0,22.25,B
2021-06-14T13:51:58,6000.0,22.25,B
2021-06-14T13:51:54,500.0,22.2,B
2021-06-14T13:51:46,30000.0,22.25,B
2021-06-14T13:51:43,400.0,22.25,B
2021-06-14T13:51:32,300.0,22.2,B
2021-06-14T13:51:27,1000.0,22.25,B
2021-06-14T13:51:18,600.0,22.2,B
2021-06-14T13:51:08,2000.0,22.25,B
2021-06-14T13:51:07,1000.0,22.25,B
2021-06-14T13:51:07,1000.0,22.25,B
2021-06-14T13:51:06,5000.0,22.25,B
2021-06-14T13:50:58,500.0,22.2,B
2021-06-14T13:50:56,2000.0,22.25,B
2021-06-14T13:50:54,6300.0,22.25,B
2021-06-14T13:50:45,2000.0,22.25,B
2021-06-14T13:50:40,4700.0,22.3,B
2021-06-14T13:50:40,1000.0,22.3,B
2021-06-14T13:50:40,700.0,22.3,B
2021-06-14T13:50:40,400.0,22.3,B
2021-06-14T13:50:40,500.0,22.3,B
2021-06-14T13:50:40,700.0,22.3,B
2021-06-14T13:50:39,4000.0,22.3,B
2021-06-14T13:50:39,4000.0,22.25,B
2021-06-14T13:50:35,1000.0,22.25,B
2021-06-14T13:50:34,500.0,22.25,B
2021-06-14T13:50:34,6500.0,22.25,B
2021-06-14T13:50:33,100.0,22.2,B
2021-06-14T13:50:33,100.0,22.2,B
2021-06-14T13:50:26,1000.0,22.2,B
2021-06-14T13:50:25,1000.0,22.2,B
2021-06-14T13:50:24,800.0,22.2,B
2021-06-14T13:50:23,3000.0,22.2,B
2021-06-14T13:50:21,800.0,22.2,B
2021-06-14T13:50:20,500.0,22.2,B
2021-06-14T13:50:19,100.0,22.2,B
2021-06-14T13:50:17,1000.0,22.2,B
2021-06-14T13:50:17,6000.0,22.2,B
2021-06-14T13:50:17,33200.0,22.2,B
2021-06-14T13:50:16,200.0,22.2,B
2021-06-14T13:50:13,1300.0,22.2,B
2021-06-14T13:50:03,1900.0,22.25,B
2021-06-14T13:50:03,100.0,22.25,B
2021-06-14T13:49:50,200.0,22.2,B
2021-06-14T13:49:50,500.0,22.2,B
2021-06-14T13:49:49,2000.0,22.2,B
2021-06-14T13:49:47,100.0,22.15,S
2021-06-14T13:49:47,6600.0,22.2,B
2021-06-14T13:49:46,500.0,22.2,B
2021-06-14T13:49:46,3000.0,22.2,B
2021-06-14T13:49:44,500.0,22.15,S
2021-06-14T13:49:44,500.0,22.2,B
2021-06-14T13:49:41,2300.0,22.2,B
2021-06-14T13:49:39,8000.0,22.2,B
2021-06-14T13:49:38,200.0,22.2,B
2021-06-14T13:49:37,5000.0,22.2,B
2021-06-14T13:49:37,5000.0,22.2,B
2021-06-14T13:49:35,400.0,22.2,B
2021-06-14T13:49:35,5200.0,22.2,B
2021-06-14T13:49:34,500.0,22.2,B
2021-06-14T13:49:34,400.0,22.15,S
2021-06-14T13:49:29,7000.0,22.2,B
2021-06-14T13:49:26,5500.0,22.2,B
2021-06-14T13:49:23,1000.0,22.2,B
2021-06-14T13:49:22,2000.0,22.2,B
2021-06-14T13:49:19,1500.0,22.2,B
2021-06-14T13:49:19,500.0,22.2,B
2021-06-14T13:49:19,1000.0,22.2,B
2021-06-14T13:49:13,5000.0,22.2,B
2021-06-14T13:49:13,500.0,22.2,B
2021-06-14T13:49:10,2500.0,22.2,B
2021-06-14T13:49:09,1000.0,22.2,B
2021-06-14T13:49:08,6200.0,22.2,B
2021-06-14T13:49:07,6000.0,22.2,B
2021-06-14T13:49:06,13000.0,22.15,S
2021-06-14T13:49:05,5000.0,22.2,B
2021-06-14T13:48:58,10000.0,22.2,B
2021-06-14T13:48:49,3000.0,22.2,B
2021-06-14T13:48:45,700.0,22.15,S
2021-06-14T13:48:44,100.0,22.2,B
2021-06-14T13:48:38,7500.0,22.2,B
2021-06-14T13:48:38,8200.0,22.15,B
2021-06-14T13:48:37,3000.0,22.15,B
2021-06-14T13:48:37,100.0,22.15,B
2021-06-14T13:48:34,800.0,22.1,S
2021-06-14T13:48:26,900.0,22.15,B
2021-06-14T13:48:18,100.0,22.15,B
2021-06-14T13:47:59,5000.0,22.15,B
2021-06-14T13:47:57,5000.0,22.15,B
2021-06-14T13:47:55,500.0,22.15,B
2021-06-14T13:47:52,100.0,22.1,S
2021-06-14T13:47:52,200.0,22.15,B
2021-06-14T13:47:50,100.0,22.15,B
2021-06-14T13:47:50,100.0,22.15,B
2021-06-14T13:47:48,500.0,22.1,S
2021-06-14T13:47:48,24500.0,22.1,S
2021-06-14T13:47:44,2000.0,22.1,S
2021-06-14T13:47:44,500.0,22.1,S
2021-06-14T13:47:43,11000.0,22.1,S
2021-06-14T13:47:42,700.0,22.1,S
2021-06-14T13:47:42,500.0,22.1,S
2021-06-14T13:47:40,1200.0,22.1,S
2021-06-14T13:47:39,500.0,22.1,S
2021-06-14T13:47:35,1000.0,22.1,S
2021-06-14T13:47:34,1000.0,22.1,S
2021-06-14T13:47:30,1000.0,22.1,S
2021-06-14T13:47:30,100.0,22.1,S
2021-06-14T13:47:30,5000.0,22.1,S
2021-06-14T13:47:29,300.0,22.1,S
2021-06-14T13:47:28,400.0,22.1,S
2021-06-14T13:47:28,100.0,22.1,S
2021-06-14T13:47:25,1000.0,22.1,S
2021-06-14T13:47:24,100.0,22.1,S
2021-06-14T13:47:23,200.0,22.1,S
2021-06-14T13:47:23,500.0,22.1,S
2021-06-14T13:47:19,2000.0,22.1,S
2021-06-14T13:47:19,200.0,22.1,S
2021-06-14T13:47:18,2000.0,22.1,S
2021-06-14T13:47:16,4400.0,22.1,S
2021-06-14T13:47:16,500.0,22.1,S
2021-06-14T13:47:16,300.0,22.1,S
2021-06-14T13:47:14,2000.0,22.1,S
2021-06-14T13:47:13,100.0,22.1,S
2021-06-14T13:47:13,1800.0,22.1,S
2021-06-14T13:47:12,2000.0,22.1,S
2021-06-14T13:47:11,10000.0,22.1,S
2021-06-14T13:47:10,100.0,22.05,S
2021-06-14T13:47:10,1000.0,22.1,S
2021-06-14T13:47:08,200.0,22.1,S
2021-06-14T13:47:08,100.0,22.1,S
2021-06-14T13:47:07,1000.0,22.1,S
2021-06-14T13:47:05,300.0,22.1,S
2021-06-14T13:47:03,600.0,22.1,S
2021-06-14T13:47:02,500.0,22.1,S
2021-06-14T13:47:00,5200.0,22.1,S
2021-06-14T13:47:00,500.0,22.1,S
2021-06-14T13:46:59,500.0,22.1,S
2021-06-14T13:46:58,1000.0,22.1,S
2021-06-14T13:46:56,1100.0,22.1,S
2021-06-14T13:46:56,2900.0,22.1,S
2021-06-14T13:46:55,9000.0,22.1,S
2021-06-14T13:46:55,1200.0,22.1,S
2021-06-14T13:46:54,52000.0,22.15,B
2021-06-14T13:46:53,20000.0,22.1,S
2021-06-14T13:46:51,10100.0,22.1,S
2021-06-14T13:46:49,34200.0,22.1,S
2021-06-14T13:46:46,4800.0,22.15,B
2021-06-14T13:46:46,5200.0,22.15,B
2021-06-14T13:46:44,1000.0,22.1,B
2021-06-14T13:46:44,1000.0,22.1,B
2021-06-14T13:46:44,5000.0,22.1,B
2021-06-14T13:46:43,500.0,22.1,B
2021-06-14T13:46:42,4000.0,22.1,B
2021-06-14T13:46:42,500.0,22.1,B
2021-06-14T13:46:40,35000.0,22.1,B
2021-06-14T13:46:40,10000.0,22.1,B
2021-06-14T13:46:39,8000.0,22.1,B
2021-06-14T13:46:39,7200.0,22.1,B
2021-06-14T13:46:37,1200.0,22.1,B
2021-06-14T13:46:37,100.0,22.1,B
2021-06-14T13:46:35,2000.0,22.1,B
2021-06-14T13:46:34,20800.0,22.1,B
2021-06-14T13:46:34,5000.0,22.1,B
2021-06-14T13:46:34,300.0,22.1,B
2021-06-14T13:46:32,500.0,22.1,B
2021-06-14T13:46:32,5500.0,22.1,B
2021-06-14T13:46:29,200.0,22.1,B
2021-06-14T13:46:28,5500.0,22.1,B
2021-06-14T13:46:25,9000.0,22.1,B
2021-06-14T13:46:25,500.0,22.1,B
2021-06-14T13:46:24,300.0,22.1,B
2021-06-14T13:46:24,200.0,22.1,B
2021-06-14T13:46:24,1000.0,22.1,B
2021-06-14T13:46:23,5000.0,22.1,B
2021-06-14T13:46:23,14500.0,22.1,B
2021-06-14T13:46:22,6000.0,22.1,B
2021-06-14T13:46:21,500.0,22.1,B
2021-06-14T13:46:20,5000.0,22.1,B
2021-06-14T13:46:19,30000.0,22.1,B
2021-06-14T13:46:18,3000.0,22.1,B
2021-06-14T13:46:18,4000.0,22.1,B
2021-06-14T13:46:17,3000.0,22.1,B
2021-06-14T13:46:14,5800.0,22.1,B
2021-06-14T13:46:12,3300.0,22.1,B
2021-06-14T13:46:11,2000.0,22.1,B
2021-06-14T13:46:11,5000.0,22.1,B
2021-06-14T13:46:11,1000.0,22.1,B
2021-06-14T13:46:09,300.0,22.1,B
2021-06-14T13:46:09,6000.0,22.1,B
2021-06-14T13:46:07,500.0,22.1,B
2021-06-14T13:46:05,10000.0,22.1,B
2021-06-14T13:46:05,600.0,22.1,B
2021-06-14T13:46:04,6500.0,22.1,B
2021-06-14T13:46:04,900.0,22.1,B
2021-06-14T13:46:01,5300.0,22.1,B
2021-06-14T13:46:01,100.0,22.1,B
2021-06-14T13:45:59,10000.0,22.1,B
2021-06-14T13:45:58,500.0,22.1,B
2021-06-14T13:45:58,5000.0,22.1,B
2021-06-14T13:45:53,43000.0,22.1,B
2021-06-14T13:45:45,2300.0,22.1,B
2021-06-14T13:45:45,2000.0,22.1,B
2021-06-14T13:45:44,1500.0,22.1,B
2021-06-14T13:45:43,1000.0,22.1,B
2021-06-14T13:45:41,800.0,22.1,B
2021-06-14T13:45:41,20300.0,22.1,B
2021-06-14T13:45:41,20500.0,22.1,B
2021-06-14T13:45:41,200.0,22.1,B
2021-06-14T13:45:41,7400.0,22.1,B
2021-06-14T13:45:41,11800.0,22.1,B
2021-06-14T13:45:41,200.0,22.1,B
2021-06-14T13:45:40,32000.0,22.1,B
2021-06-14T13:45:28,18000.0,22.1,B
2021-06-14T13:45:25,10500.0,22.1,B
2021-06-14T13:45:24,2900.0,22.1,B
2021-06-14T13:45:22,20000.0,22.1,B
2021-06-14T13:45:21,200.0,22.1,B
2021-06-14T13:45:19,20000.0,22.1,B
2021-06-14T13:45:19,200.0,22.1,B
2021-06-14T13:45:18,200.0,22.1,B
2021-06-14T13:45:17,700.0,22.1,B
2021-06-14T13:45:16,1000.0,22.1,B
2021-06-14T13:45:11,100.0,22.1,B
2021-06-14T13:45:09,10900.0,22.1,B
2021-06-14T13:45:07,10000.0,22.1,B
2021-06-14T13:45:02,2900.0,22.1,B
2021-06-14T13:45:01,500.0,22.1,B
2021-06-14T13:44:58,800.0,22.1,B
2021-06-14T13:44:57,500.0,22.1,B
2021-06-14T13:44:53,1300.0,22.1,B
2021-06-14T13:44:53,10000.0,22.1,B
2021-06-14T13:44:50,1000.0,22.1,B
2021-06-14T13:44:49,1500.0,22.1,B
2021-06-14T13:44:49,1000.0,22.1,B
2021-06-14T13:44:48,10000.0,22.1,B
2021-06-14T13:44:45,5000.0,22.1,B
2021-06-14T13:44:36,5000.0,22.1,B
2021-06-14T13:44:36,300.0,22.1,B
2021-06-14T13:44:33,100.0,22.1,B
2021-06-14T13:44:31,1000.0,22.1,B
2021-06-14T13:44:23,2000.0,22.1,B
2021-06-14T13:44:14,2900.0,22.1,B
2021-06-14T13:44:10,500.0,22.05,S
2021-06-14T13:43:58,10000.0,22.1,B
2021-06-14T13:43:56,100.0,22.1,B
2021-06-14T13:43:55,200.0,22.1,B
2021-06-14T13:43:46,800.0,22.1,B
2021-06-14T13:43:39,600.0,22.1,B
2021-06-14T13:43:34,300.0,22.1,B
2021-06-14T13:43:29,24300.0,22.1,B
2021-06-14T13:43:27,600.0,22.1,B
2021-06-14T13:43:15,1000.0,22.1,B
2021-06-14T13:43:09,2500.0,22.1,B
2021-06-14T13:43:07,10000.0,22.05,S
2021-06-14T13:43:06,200.0,22.1,B
2021-06-14T13:43:04,2300.0,22.1,B
2021-06-14T13:43:02,100.0,22.1,B
2021-06-14T13:42:55,100.0,22.1,B
2021-06-14T13:42:52,100.0,22.1,B
2021-06-14T13:42:48,1000.0,22.1,B
2021-06-14T13:42:44,1000.0,22.1,B
2021-06-14T13:42:42,10000.0,22.1,B
2021-06-14T13:42:34,1000.0,22.1,B
2021-06-14T13:42:34,9600.0,22.1,B
2021-06-14T13:42:34,500.0,22.1,B
2021-06-14T13:42:26,1000.0,22.1,B
2021-06-14T13:42:23,7700.0,22.1,B
2021-06-14T13:42:21,5000.0,22.1,B
2021-06-14T13:42:16,7600.0,22.1,B
2021-06-14T13:42:16,4200.0,22.1,B
2021-06-14T13:42:16,7000.0,22.1,B
2021-06-14T13:42:16,4700.0,22.1,B
2021-06-14T13:42:16,6500.0,22.1,B
2021-06-14T13:42:11,5000.0,22.1,B
2021-06-14T13:42:06,7000.0,22.1,B
2021-06-14T13:42:05,1000.0,22.1,B
2021-06-14T13:42:02,300.0,22.1,B
2021-06-14T13:42:00,500.0,22.1,B
2021-06-14T13:41:59,4500.0,22.1,B
2021-06-14T13:41:57,500.0,22.1,B
2021-06-14T13:41:56,500.0,22.05,S
2021-06-14T13:41:45,1000.0,22.1,B
2021-06-14T13:41:43,1000.0,22.1,B
2021-06-14T13:41:31,2800.0,22.1,B
2021-06-14T13:41:31,500.0,22.1,B
2021-06-14T13:41:31,3900.0,22.1,B
2021-06-14T13:41:31,1600.0,22.1,B
2021-06-14T13:41:31,1200.0,22.1,B
2021-06-14T13:41:28,100.0,22.1,B
2021-06-14T13:41:25,700.0,22.1,B
2021-06-14T13:41:25,5600.0,22.1,B
2021-06-14T13:41:25,13000.0,22.1,B
2021-06-14T13:41:25,700.0,22.1,B
2021-06-14T13:41:15,1800.0,22.1,B
2021-06-14T13:41:08,500.0,22.1,B
2021-06-14T13:40:39,10000.0,22.05,S
2021-06-14T13:40:30,100.0,22.05,B
2021-06-14T13:40:29,3500.0,22.05,B
2021-06-14T13:40:29,31800.0,22.05,B
2021-06-14T13:40:08,100.0,22.05,B
2021-06-14T13:40:07,1000.0,22.05,B
2021-06-14T13:39:58,600.0,22.05,B
2021-06-14T13:39:53,300.0,22.05,B
2021-06-14T13:39:51,100.0,22.05,B
2021-06-14T13:39:46,10500.0,22.05,B
2021-06-14T13:39:45,5000.0,22.05,B
2021-06-14T13:39:36,300.0,22.05,B
2021-06-14T13:39:30,2900.0,22.05,B
2021-06-14T13:39:28,14000.0,22.05,B
2021-06-14T13:39:26,4200.0,22.05,B
2021-06-14T13:39:24,3000.0,22.05,B
2021-06-14T13:39:22,1000.0,22.05,B
2021-06-14T13:39:19,5000.0,22.05,B
2021-06-14T13:39:16,500.0,22.05,B
2021-06-14T13:39:11,100.0,22.05,B
2021-06-14T13:39:09,3000.0,22.05,B
2021-06-14T13:38:58,200.0,22.05,B
2021-06-14T13:38:57,700.0,22.05,B
2021-06-14T13:38:54,5000.0,22.05,B
2021-06-14T13:38:53,100.0,22.05,B
2021-06-14T13:38:49,500.0,22.05,B
2021-06-14T13:38:47,5000.0,22.05,B
2021-06-14T13:38:47,200.0,22.05,B
2021-06-14T13:38:42,1000.0,22.05,B
2021-06-14T13:38:28,100.0,22.05,B
2021-06-14T13:38:27,400.0,22.05,B
2021-06-14T13:38:23,900.0,22.05,B
2021-06-14T13:38:23,1000.0,22.05,B
2021-06-14T13:38:19,5000.0,22.05,B
2021-06-14T13:38:15,200.0,22.05,B
2021-06-14T13:38:13,500.0,22.05,B
2021-06-14T13:38:13,500.0,22.05,B
2021-06-14T13:38:12,100.0,22.05,B
2021-06-14T13:38:10,2200.0,22.05,B
2021-06-14T13:38:08,2000.0,22.05,B
2021-06-14T13:38:07,3800.0,22.05,B
2021-06-14T13:38:07,1000.0,22.05,B
2021-06-14T13:38:06,200.0,22.05,B
2021-06-14T13:38:04,100.0,22.05,B
2021-06-14T13:38:03,900.0,22.05,B
2021-06-14T13:38:03,800.0,22.05,B
2021-06-14T13:37:55,2200.0,22.05,B
2021-06-14T13:37:47,2200.0,22.05,B
2021-06-14T13:37:47,12100.0,22.05,B
2021-06-14T13:37:47,200.0,22.0,S
2021-06-14T13:37:38,2900.0,22.05,B
2021-06-14T13:37:33,200.0,22.05,B
2021-06-14T13:37:32,1600.0,22.05,B
2021-06-14T13:37:29,200.0,22.05,B
2021-06-14T13:37:26,500.0,22.05,B
2021-06-14T13:37:24,2800.0,22.05,B
2021-06-14T13:37:23,7200.0,22.05,B
2021-06-14T13:37:20,900.0,22.05,B
2021-06-14T13:37:10,3800.0,22.05,B
2021-06-14T13:37:07,1000.0,22.05,B
2021-06-14T13:37:07,500.0,22.05,B
2021-06-14T13:37:05,100.0,22.05,B
2021-06-14T13:37:03,1000.0,22.05,B
2021-06-14T13:36:59,100.0,22.05,B
2021-06-14T13:36:58,2000.0,22.05,B
2021-06-14T13:36:58,3000.0,22.05,B
2021-06-14T13:36:56,400.0,22.05,B
2021-06-14T13:36:54,1000.0,22.05,B
2021-06-14T13:36:51,1500.0,22.05,B
2021-06-14T13:36:51,5700.0,22.05,B
2021-06-14T13:36:49,5000.0,22.05,B
2021-06-14T13:36:40,100.0,22.05,B
2021-06-14T13:36:34,100.0,22.05,B
2021-06-14T13:36:30,13000.0,22.05,B
2021-06-14T13:36:25,1000.0,22.05,B
2021-06-14T13:36:23,4000.0,22.05,B
2021-06-14T13:36:17,5000.0,22.05,B
2021-06-14T13:36:15,100.0,22.05,B
2021-06-14T13:36:12,8100.0,22.05,B
2021-06-14T13:36:10,6000.0,22.05,B
2021-06-14T13:36:06,100.0,22.05,B
2021-06-14T13:36:04,100.0,22.05,B
2021-06-14T13:35:55,300.0,22.05,B
2021-06-14T13:35:40,100.0,22.05,B
2021-06-14T13:35:37,500.0,22.05,B
2021-06-14T13:35:36,1000.0,22.05,B
2021-06-14T13:35:31,5000.0,22.05,B
2021-06-14T13:35:29,600.0,22.05,B
2021-06-14T13:35:28,100.0,22.05,B
2021-06-14T13:35:26,200.0,22.05,B
2021-06-14T13:35:23,500.0,22.05,B
2021-06-14T13:35:20,4400.0,22.05,B
2021-06-14T13:35:17,4900.0,22.05,B
2021-06-14T13:35:17,1500.0,22.05,B
2021-06-14T13:35:17,1800.0,22.05,B
2021-06-14T13:35:12,500.0,22.05,B
2021-06-14T13:35:06,400.0,22.05,B
2021-06-14T13:35:05,5000.0,22.05,B
2021-06-14T13:35:02,2000.0,22.05,B
2021-06-14T13:35:00,5000.0,22.05,B
2021-06-14T13:34:50,500.0,22.05,B
2021-06-14T13:34:49,800.0,22.05,B
2021-06-14T13:34:45,2700.0,22.05,B
2021-06-14T13:34:42,2200.0,22.05,B
2021-06-14T13:34:41,5500.0,22.05,B
2021-06-14T13:34:41,500.0,22.05,B
2021-06-14T13:34:40,100.0,22.05,B
2021-06-14T13:34:31,500.0,22.05,B
2021-06-14T13:34:29,200.0,22.05,B
2021-06-14T13:34:28,1000.0,22.05,B
2021-06-14T13:34:23,1000.0,22.05,B
2021-06-14T13:34:22,1500.0,22.05,B
2021-06-14T13:34:17,3000.0,22.05,B
2021-06-14T13:34:17,500.0,22.05,B
2021-06-14T13:34:16,400.0,22.05,B
2021-06-14T13:34:15,48000.0,22.05,B
2021-06-14T13:34:15,2000.0,22.05,B
2021-06-14T13:34:13,100.0,22.05,B
2021-06-14T13:34:13,500.0,22.05,B
2021-06-14T13:34:12,10000.0,22.05,B
2021-06-14T13:34:11,5000.0,22.05,B
2021-06-14T13:34:07,100.0,22.05,B
2021-06-14T13:34:06,2000.0,22.05,B
2021-06-14T13:34:05,5000.0,22.05,B
2021-06-14T13:34:05,600.0,22.05,B
2021-06-14T13:34:04,5000.0,22.05,B
2021-06-14T13:34:03,200.0,22.05,B
2021-06-14T13:34:03,400.0,22.05,B
2021-06-14T13:34:02,500.0,22.05,B
2021-06-14T13:34:00,500.0,22.05,B
2021-06-14T13:34:00,5000.0,22.05,B
2021-06-14T13:33:55,1500.0,22.05,B
2021-06-14T13:33:55,5100.0,22.05,B
2021-06-14T13:33:52,200.0,22.05,B
2021-06-14T13:33:51,200.0,22.05,B
2021-06-14T13:33:51,1000.0,22.05,B
2021-06-14T13:33:50,200.0,22.05,B
2021-06-14T13:33:47,10000.0,22.05,B
2021-06-14T13:33:47,900.0,22.05,B
2021-06-14T13:33:45,4000.0,22.05,B
2021-06-14T13:33:45,5500.0,22.05,B
2021-06-14T13:33:45,5500.0,22.05,B
2021-06-14T13:33:42,300.0,22.1,B
2021-06-14T13:33:38,3600.0,22.05,B
2021-06-14T13:33:37,20000.0,22.05,B
2021-06-14T13:33:33,20000.0,22.05,B
2021-06-14T13:33:32,100.0,22.05,B
2021-06-14T13:33:32,200.0,22.05,B
2021-06-14T13:33:30,1900.0,22.05,B
2021-06-14T13:33:30,10600.0,22.05,B
2021-06-14T13:33:29,1000.0,22.05,B
2021-06-14T13:33:27,2000.0,22.05,B
2021-06-14T13:33:27,10000.0,22.05,B
2021-06-14T13:33:17,14000.0,22.05,B
2021-06-14T13:33:13,11400.0,22.05,B
2021-06-14T13:33:11,500.0,22.05,B
2021-06-14T13:33:10,500.0,22.05,B
2021-06-14T13:33:10,4000.0,22.05,B
2021-06-14T13:33:07,300.0,22.05,B
2021-06-14T13:33:05,500.0,22.05,B
2021-06-14T13:33:03,2700.0,22.05,B
2021-06-14T13:33:00,1000.0,22.05,B
2021-06-14T13:32:57,5700.0,22.05,B
2021-06-14T13:32:56,4800.0,22.05,B
2021-06-14T13:32:50,6300.0,22.05,B
2021-06-14T13:32:49,10000.0,22.05,B
2021-06-14T13:32:47,1900.0,22.05,B
2021-06-14T13:32:40,100.0,22.05,B
2021-06-14T13:32:40,3000.0,22.05,B
2021-06-14T13:32:39,1000.0,22.05,B
2021-06-14T13:32:39,11000.0,22.05,B
2021-06-14T13:32:35,100.0,22.05,B
2021-06-14T13:32:33,20000.0,22.05,B
2021-06-14T13:32:32,50000.0,22.05,B
2021-06-14T13:32:31,300.0,22.05,B
2021-06-14T13:32:31,3000.0,22.05,B
2021-06-14T13:32:30,500.0,22.05,B
2021-06-14T13:32:30,200.0,22.05,B
2021-06-14T13:32:28,200.0,22.05,B
2021-06-14T13:32:26,3000.0,22.05,B
2021-06-14T13:32:24,1000.0,22.05,B
2021-06-14T13:32:24,200.0,22.05,B
2021-06-14T13:32:22,2000.0,22.05,B
2021-06-14T13:32:19,200.0,22.05,B
2021-06-14T13:32:12,5000.0,22.05,B
2021-06-14T13:32:12,5000.0,22.05,B
2021-06-14T13:32:12,2000.0,22.05,B
2021-06-14T13:32:11,200.0,22.05,B
2021-06-14T13:32:09,4500.0,22.05,B
2021-06-14T13:32:07,1000.0,22.05,B
2021-06-14T13:32:06,900.0,22.05,B
2021-06-14T13:32:05,2500.0,22.05,B
2021-06-14T13:32:03,200.0,22.05,B
2021-06-14T13:32:01,7000.0,22.05,B
2021-06-14T13:31:59,6000.0,22.05,B
2021-06-14T13:31:58,200.0,22.05,B
2021-06-14T13:31:57,3100.0,22.05,B
2021-06-14T13:31:49,800.0,22.05,B
2021-06-14T13:31:46,100.0,22.05,B
2021-06-14T13:31:46,200.0,22.05,B
2021-06-14T13:31:45,2000.0,22.05,B
2021-06-14T13:31:44,200.0,22.05,B
2021-06-14T13:31:38,1000.0,22.05,B
2021-06-14T13:31:38,200.0,22.05,B
2021-06-14T13:31:38,4800.0,22.05,B
2021-06-14T13:31:38,500.0,22.05,B
2021-06-14T13:31:35,14000.0,22.05,B
2021-06-14T13:31:34,500.0,22.05,B
2021-06-14T13:31:30,13000.0,22.05,B
2021-06-14T13:31:26,8500.0,22.05,B
2021-06-14T13:31:23,100.0,22.05,B
2021-06-14T13:31:22,5000.0,22.05,B
2021-06-14T13:31:20,28000.0,22.05,B
2021-06-14T13:31:18,5000.0,22.05,B
2021-06-14T13:31:11,800.0,22.05,B
2021-06-14T13:31:07,100.0,22.05,B
2021-06-14T13:31:07,5000.0,22.05,B
2021-06-14T13:31:07,5000.0,22.05,B
2021-06-14T13:31:05,5000.0,22.05,B
2021-06-14T13:31:04,5000.0,22.05,B
2021-06-14T13:31:01,500.0,22.05,B
2021-06-14T13:30:59,1000.0,22.05,B
2021-06-14T13:30:56,100.0,22.05,B
2021-06-14T13:30:53,1000.0,22.05,B
2021-06-14T13:30:52,1000.0,22.05,B
2021-06-14T13:30:51,600.0,22.05,B
2021-06-14T13:30:51,10000.0,22.05,B
2021-06-14T13:30:46,900.0,22.05,B
2021-06-14T13:30:39,5000.0,22.05,B
2021-06-14T13:30:38,5000.0,22.05,B
2021-06-14T13:30:37,10000.0,22.05,B
2021-06-14T13:30:37,1000.0,22.05,B
2021-06-14T13:30:36,10000.0,22.05,B
2021-06-14T13:30:35,500.0,22.05,B
2021-06-14T13:30:31,100.0,22.05,B
2021-06-14T13:30:27,100.0,22.05,B
2021-06-14T13:30:22,1000.0,22.05,B
2021-06-14T13:30:22,3700.0,22.05,B
2021-06-14T13:30:20,400.0,22.05,B
2021-06-14T13:30:19,7600.0,22.05,B
2021-06-14T13:30:17,3000.0,22.05,B
2021-06-14T13:30:17,100.0,22.05,B
2021-06-14T13:30:17,10900.0,22.0,S
2021-06-14T13:30:17,800.0,22.0,S
2021-06-14T13:30:17,18300.0,22.0,S
2021-06-14T13:30:17,7000.0,22.05,B
2021-06-14T13:30:17,3000.0,22.05,B
2021-06-14T13:30:16,1000.0,22.05,B
2021-06-14T13:30:14,100.0,22.05,B
2021-06-14T13:30:14,200.0,22.05,B
2021-06-14T13:30:06,600.0,22.05,B
2021-06-14T13:30:05,1000.0,22.05,B
2021-06-14T13:30:05,4600.0,22.05,B
2021-06-14T13:30:04,2000.0,22.05,B
2021-06-14T13:30:01,20000.0,22.05,B
2021-06-14T13:29:59,200.0,22.05,B
2021-06-14T13:29:59,100.0,22.05,B
2021-06-14T13:29:59,1000.0,22.05,B
2021-06-14T13:29:56,13000.0,22.05,B
2021-06-14T13:29:51,200.0,22.05,B
2021-06-14T13:29:48,10000.0,22.05,B
2021-06-14T13:29:48,500.0,22.05,B
2021-06-14T13:29:46,800.0,22.05,B
2021-06-14T13:29:44,1000.0,22.05,B
2021-06-14T13:29:34,200.0,22.05,B
2021-06-14T13:29:34,12700.0,22.05,B
2021-06-14T13:29:33,200.0,22.05,B
2021-06-14T13:29:31,1200.0,22.05,B
2021-06-14T13:29:29,1000.0,22.05,B
2021-06-14T13:29:27,7000.0,22.05,B
2021-06-14T13:29:26,2000.0,22.05,B
2021-06-14T13:29:25,500.0,22.05,B
2021-06-14T13:29:24,2700.0,22.05,B
2021-06-14T13:29:24,900.0,22.05,B
2021-06-14T13:29:22,2000.0,22.05,B
2021-06-14T13:29:22,500.0,22.05,B
2021-06-14T13:29:21,700.0,22.05,B
2021-06-14T13:29:18,500.0,22.05,B
2021-06-14T13:29:12,2000.0,22.05,B
2021-06-14T13:29:11,1000.0,22.05,B
2021-06-14T13:29:09,100.0,22.05,B
2021-06-14T13:29:05,100.0,22.05,B
2021-06-14T13:29:03,12000.0,22.05,B
2021-06-14T13:29:01,300.0,22.05,B
2021-06-14T13:29:01,800.0,22.05,B
2021-06-14T13:28:59,500.0,22.05,B
2021-06-14T13:28:58,1000.0,22.05,B
2021-06-14T13:28:56,5000.0,22.05,B
2021-06-14T13:28:54,100.0,22.05,B
2021-06-14T13:28:53,2900.0,22.05,B
2021-06-14T13:28:42,300.0,22.05,B
2021-06-14T13:28:38,400.0,22.05,B
2021-06-14T13:28:37,200.0,22.05,B
2021-06-14T13:28:37,500.0,22.05,B
2021-06-14T13:28:34,500.0,22.05,B
2021-06-14T13:28:29,10000.0,22.05,B
2021-06-14T13:28:28,1000.0,22.05,B
2021-06-14T13:28:27,5000.0,22.05,B
2021-06-14T13:28:26,200.0,22.05,B
2021-06-14T13:28:25,1700.0,22.05,B
2021-06-14T13:28:22,6000.0,22.05,B
2021-06-14T13:28:18,1100.0,22.05,B
2021-06-14T13:28:16,900.0,22.05,B
2021-06-14T13:28:16,200.0,22.0,S
2021-06-14T13:28:16,300.0,22.0,S
2021-06-14T13:28:14,300.0,22.05,B
2021-06-14T13:28:09,2000.0,22.05,B
2021-06-14T13:28:07,2000.0,22.05,B
2021-06-14T13:28:05,5000.0,22.05,B
2021-06-14T13:28:03,9800.0,22.05,B
2021-06-14T13:28:03,2200.0,22.05,B
2021-06-14T13:27:59,1000.0,22.05,B
2021-06-14T13:27:52,4000.0,22.05,B
2021-06-14T13:27:51,800.0,22.05,B
2021-06-14T13:27:49,11000.0,22.05,B
2021-06-14T13:27:49,200.0,22.05,B
2021-06-14T13:27:46,2500.0,22.05,B
2021-06-14T13:27:45,5000.0,22.05,B
2021-06-14T13:27:41,300.0,22.05,B
2021-06-14T13:27:41,1000.0,22.05,B
2021-06-14T13:27:40,3100.0,22.0,S
2021-06-14T13:27:34,1500.0,22.05,B
2021-06-14T13:27:34,1800.0,22.05,B
2021-06-14T13:27:32,2000.0,22.05,B
2021-06-14T13:27:32,5000.0,22.0,S
2021-06-14T13:27:31,1000.0,22.05,B
2021-06-14T13:27:29,2000.0,22.05,B
2021-06-14T13:27:26,10000.0,22.05,B
2021-06-14T13:27:24,100.0,22.05,B
2021-06-14T13:27:22,100.0,22.05,B
2021-06-14T13:27:22,7000.0,22.05,B
2021-06-14T13:27:17,100.0,22.0,S
2021-06-14T13:27:16,500.0,22.05,B
2021-06-14T13:27:15,1000.0,22.05,B
2021-06-14T13:27:13,10000.0,22.05,B
2021-06-14T13:27:11,800.0,22.05,B
2021-06-14T13:27:09,3000.0,22.05,B
2021-06-14T13:27:08,3000.0,22.05,B
2021-06-14T13:27:03,100.0,22.05,B
2021-06-14T13:27:02,500.0,22.05,B
2021-06-14T13:27:00,500.0,22.05,B
2021-06-14T13:26:59,20000.0,22.05,B
2021-06-14T13:26:57,1000.0,22.05,B
2021-06-14T13:26:57,900.0,22.05,B
2021-06-14T13:26:56,800.0,22.05,B
2021-06-14T13:26:54,2900.0,22.05,B
2021-06-14T13:26:51,200.0,22.0,S
2021-06-14T13:26:50,2500.0,22.05,B
2021-06-14T13:26:46,1000.0,22.05,B
2021-06-14T13:26:46,700.0,22.05,B
2021-06-14T13:26:43,1000.0,22.05,B
2021-06-14T13:26:41,1000.0,22.05,B
2021-06-14T13:26:41,3000.0,22.05,B
2021-06-14T13:26:39,100.0,22.0,S
2021-06-14T13:26:35,1000.0,22.05,B
2021-06-14T13:26:34,500.0,22.05,B
2021-06-14T13:26:33,400.0,22.05,B
2021-06-14T13:26:31,2000.0,22.05,B
2021-06-14T13:26:31,2900.0,22.05,B
2021-06-14T13:26:27,100.0,22.05,B
2021-06-14T13:26:27,1500.0,22.05,B
2021-06-14T13:26:26,1500.0,22.05,B
2021-06-14T13:26:25,100.0,22.05,B
2021-06-14T13:26:25,700.0,22.05,B
2021-06-14T13:26:25,5000.0,22.05,B
2021-06-14T13:26:24,100.0,22.05,B
2021-06-14T13:26:23,200.0,22.05,B
2021-06-14T13:26:22,1000.0,22.05,B
2021-06-14T13:26:22,100.0,22.05,B
2021-06-14T13:26:21,3000.0,22.05,B
2021-06-14T13:26:21,22700.0,22.05,B
2021-06-14T13:26:13,10000.0,22.1,B
2021-06-14T13:26:13,100.0,22.05,B
2021-06-14T13:26:12,2000.0,22.05,B
2021-06-14T13:26:11,5000.0,22.05,B
2021-06-14T13:26:10,100.0,22.05,B
2021-06-14T13:26:08,1000.0,22.05,B
2021-06-14T13:26:08,1200.0,22.05,B
2021-06-14T13:26:07,1200.0,22.05,B
2021-06-14T13:26:06,5000.0,22.0,S
2021-06-14T13:26:02,500.0,22.05,B
2021-06-14T13:26:00,500.0,22.05,B
2021-06-14T13:25:57,2600.0,22.05,B
2021-06-14T13:25:56,5000.0,22.05,B
2021-06-14T13:25:54,1000.0,22.05,B
2021-06-14T13:25:53,1000.0,22.05,B
2021-06-14T13:25:51,3000.0,22.05,B
2021-06-14T13:25:51,200.0,22.05,B
2021-06-14T13:25:49,500.0,22.05,B
2021-06-14T13:25:48,500.0,22.05,B
2021-06-14T13:25:46,100.0,22.05,B
2021-06-14T13:25:46,5000.0,22.05,B
2021-06-14T13:25:45,1600.0,22.05,B
2021-06-14T13:25:45,1000.0,22.05,B
2021-06-14T13:25:43,700.0,22.05,B
2021-06-14T13:25:39,10000.0,22.05,B
2021-06-14T13:25:38,2000.0,22.05,B
2021-06-14T13:25:34,200.0,22.05,B
2021-06-14T13:25:34,22800.0,22.05,B
2021-06-14T13:25:32,200.0,22.05,B
2021-06-14T13:25:30,10000.0,22.05,B
2021-06-14T13:25:27,100.0,22.05,B
2021-06-14T13:25:27,1000.0,22.05,B
2021-06-14T13:25:13,1500.0,22.05,B
2021-06-14T13:25:12,10000.0,22.05,B
2021-06-14T13:25:12,1500.0,22.05,B
2021-06-14T13:25:11,5000.0,22.05,B
2021-06-14T13:25:07,800.0,22.05,B
2021-06-14T13:25:03,1000.0,22.05,B
2021-06-14T13:25:01,200.0,22.05,B
2021-06-14T13:25:00,600.0,22.05,B
2021-06-14T13:25:00,700.0,22.05,B
2021-06-14T13:24:58,1000.0,22.05,B
2021-06-14T13:24:58,400.0,22.05,B
2021-06-14T13:24:54,100.0,22.05,B
2021-06-14T13:24:54,1500.0,22.05,B
2021-06-14T13:24:54,2500.0,22.05,B
2021-06-14T13:24:54,3000.0,22.05,B
2021-06-14T13:24:52,2000.0,22.05,B
2021-06-14T13:24:51,100.0,22.05,B
2021-06-14T13:24:51,2100.0,22.05,B
2021-06-14T13:24:50,1000.0,22.05,B
2021-06-14T13:24:49,300.0,22.05,B
2021-06-14T13:24:47,500.0,22.05,B
2021-06-14T13:24:46,100.0,22.05,B
2021-06-14T13:24:45,1000.0,22.05,B
2021-06-14T13:24:45,1400.0,22.05,B
2021-06-14T13:24:43,29000.0,22.05,B
2021-06-14T13:24:43,20000.0,22.05,B
2021-06-14T13:24:43,100.0,22.05,B
2021-06-14T13:24:40,500.0,22.05,B
2021-06-14T13:24:40,100.0,22.05,B
2021-06-14T13:24:36,600.0,22.05,B
2021-06-14T13:24:34,1000.0,22.0,S
2021-06-14T13:24:31,400.0,22.05,B
2021-06-14T13:24:29,1000.0,22.05,B
2021-06-14T13:24:27,10000.0,22.05,B
2021-06-14T13:24:24,500.0,22.05,B
2021-06-14T13:24:19,10100.0,22.05,B
2021-06-14T13:24:18,2000.0,22.05,B
2021-06-14T13:24:17,100.0,22.05,B
2021-06-14T13:24:14,500.0,22.05,B
2021-06-14T13:24:06,4000.0,22.05,B
2021-06-14T13:24:05,600.0,22.05,B
2021-06-14T13:24:04,3500.0,22.05,B
2021-06-14T13:24:04,500.0,22.05,B
2021-06-14T13:24:03,9800.0,22.1,B
2021-06-14T13:23:56,1500.0,22.05,B
2021-06-14T13:23:50,500.0,22.05,B
2021-06-14T13:23:49,13700.0,22.0,B
2021-06-14T13:23:49,1300.0,22.0,B
2021-06-14T13:23:49,1500.0,22.0,B
2021-06-14T13:23:49,15000.0,22.0,B
2021-06-14T13:23:49,68500.0,22.0,B
2021-06-14T13:23:45,500.0,22.05,B
2021-06-14T13:23:44,1000.0,22.05,B
2021-06-14T13:23:31,300.0,22.05,B
2021-06-14T13:23:30,60000.0,22.05,B
2021-06-14T13:23:26,5000.0,22.05,B
2021-06-14T13:23:21,4000.0,22.05,B
2021-06-14T13:23:12,4000.0,22.05,B
2021-06-14T13:23:11,500.0,22.0,B
2021-06-14T13:23:08,5900.0,22.05,B
2021-06-14T13:23:07,200.0,22.0,B
2021-06-14T13:23:05,500.0,22.0,B
2021-06-14T13:23:04,5000.0,22.05,B
2021-06-14T13:22:54,500.0,22.0,B
2021-06-14T13:22:49,3900.0,22.05,B
2021-06-14T13:22:48,11100.0,22.05,B
2021-06-14T13:22:48,500.0,22.05,B
2021-06-14T13:22:46,2000.0,22.05,B
2021-06-14T13:22:39,100.0,22.05,B
2021-06-14T13:22:32,2400.0,22.0,B
2021-06-14T13:22:31,15000.0,22.0,B
2021-06-14T13:22:31,10500.0,22.0,B
2021-06-14T13:22:31,4100.0,22.0,B
2021-06-14T13:22:31,7600.0,22.0,B
2021-06-14T13:22:31,60400.0,22.0,B
2021-06-14T13:22:04,100.0,22.0,B
2021-06-14T13:21:48,400.0,22.05,B
2021-06-14T13:21:19,100000.0,22.0,B
2021-06-14T13:21:07,500.0,22.0,B
2021-06-14T13:21:06,700.0,22.0,B
2021-06-14T13:21:06,4600.0,22.0,B
2021-06-14T13:21:05,900.0,22.0,B
2021-06-14T13:21:04,10900.0,22.0,B
2021-06-14T13:21:04,2300.0,22.0,B
2021-06-14T13:21:04,1500.0,22.0,B
2021-06-14T13:21:03,2600.0,22.0,B
2021-06-14T13:21:03,3000.0,22.0,B
2021-06-14T13:21:03,1800.0,22.0,B
2021-06-14T13:21:03,2000.0,22.0,B
2021-06-14T13:21:03,5900.0,22.0,B
2021-06-14T13:21:03,6500.0,22.0,B
2021-06-14T13:21:03,2000.0,22.0,B
2021-06-14T13:21:00,5500.0,22.0,B
2021-06-14T13:21:00,1800.0,22.0,B
2021-06-14T13:21:00,7700.0,22.0,B
2021-06-14T13:20:59,2000.0,22.0,B
2021-06-14T13:20:59,2000.0,22.0,B
2021-06-14T13:20:59,6000.0,22.0,B
2021-06-14T13:20:59,5300.0,22.0,B
2021-06-14T13:20:57,5000.0,22.0,B
2021-06-14T13:20:52,5000.0,22.0,B
2021-06-14T13:20:51,100.0,22.0,B
2021-06-14T13:20:51,5200.0,22.0,B
2021-06-14T13:20:51,700.0,22.0,B
2021-06-14T13:20:51,7100.0,22.0,B
2021-06-14T13:20:49,100.0,22.0,B
2021-06-14T13:20:44,5000.0,22.0,B
2021-06-14T13:20:41,1000.0,22.0,B
2021-06-14T13:20:39,3000.0,22.0,B
2021-06-14T13:20:39,1000.0,22.0,B
2021-06-14T13:20:38,10300.0,22.0,B
2021-06-14T13:20:38,3500.0,22.0,B
2021-06-14T13:20:37,500.0,22.0,B
2021-06-14T13:20:35,300.0,22.0,B
2021-06-14T13:20:34,5000.0,22.0,B
2021-06-14T13:20:33,100.0,21.95,S
2021-06-14T13:20:31,1700.0,22.0,B
2021-06-14T13:20:31,3200.0,22.0,B
2021-06-14T13:20:31,600.0,22.0,B
2021-06-14T13:20:31,1200.0,22.0,B
2021-06-14T13:20:31,2100.0,22.0,B
2021-06-14T13:20:31,1000.0,22.0,B
2021-06-14T13:20:31,1900.0,22.0,B
2021-06-14T13:20:28,2100.0,22.0,B
2021-06-14T13:20:28,2900.0,22.0,B
2021-06-14T13:20:28,2000.0,22.0,B
2021-06-14T13:20:27,1100.0,22.0,B
2021-06-14T13:20:26,2000.0,22.0,B
2021-06-14T13:20:16,5000.0,22.0,B
2021-06-14T13:20:12,6000.0,22.0,B
2021-06-14T13:20:10,3200.0,22.0,B
2021-06-14T13:20:10,1900.0,22.0,B
2021-06-14T13:20:10,4900.0,22.0,B
2021-06-14T13:20:09,100.0,22.0,B
2021-06-14T13:20:09,900.0,22.0,B
2021-06-14T13:20:09,5100.0,22.0,B
2021-06-14T13:20:07,300.0,22.0,B
2021-06-14T13:20:07,18000.0,22.0,B
2021-06-14T13:19:47,500.0,22.0,B
2021-06-14T13:19:45,3000.0,22.0,B
2021-06-14T13:19:41,2000.0,21.95,S
2021-06-14T13:19:36,100.0,21.95,S
2021-06-14T13:19:30,4000.0,22.0,B
2021-06-14T13:19:26,500.0,22.0,B
2021-06-14T13:19:22,1900.0,22.0,B
2021-06-14T13:19:22,1600.0,22.0,B
2021-06-14T13:19:22,3700.0,22.0,B
2021-06-14T13:19:22,42800.0,22.0,B
2021-06-14T13:19:03,500.0,21.95,B
2021-06-14T13:18:54,600.0,21.95,B
2021-06-14T13:18:54,500.0,21.95,B
2021-06-14T13:18:52,2000.0,21.95,B
2021-06-14T13:18:50,500.0,21.95,B
2021-06-14T13:18:42,1000.0,22.0,B
2021-06-14T13:18:39,500.0,21.95,B
2021-06-14T13:18:35,200.0,21.95,B
2021-06-14T13:18:32,100.0,21.95,B
2021-06-14T13:18:28,1000.0,21.95,B
2021-06-14T13:18:26,1000.0,21.95,B
2021-06-14T13:17:48,2500.0,21.95,B
2021-06-14T13:17:32,2000.0,21.95,B
2021-06-14T13:17:18,2000.0,21.95,B
2021-06-14T13:17:16,700.0,21.95,B
2021-06-14T13:17:05,1400.0,21.95,B
2021-06-14T13:17:05,100.0,21.95,B
2021-06-14T13:17:00,900.0,21.95,B
2021-06-14T13:16:56,5000.0,21.9,S
2021-06-14T13:16:55,13000.0,21.95,B
2021-06-14T13:16:55,3000.0,21.95,B
2021-06-14T13:16:54,300.0,21.95,B
2021-06-14T13:16:54,5600.0,21.95,B
2021-06-14T13:16:54,20000.0,21.95,B
2021-06-14T13:16:48,100.0,21.95,B
2021-06-14T13:16:48,400.0,21.95,B
2021-06-14T13:16:46,20000.0,21.9,S
2021-06-14T13:16:44,700.0,21.95,B
2021-06-14T13:16:44,1200.0,21.95,B
2021-06-14T13:16:43,2100.0,21.95,B
2021-06-14T13:16:43,300.0,21.95,B
2021-06-14T13:16:42,900.0,21.95,B
2021-06-14T13:16:42,7100.0,21.95,B
2021-06-14T13:16:41,1500.0,21.95,B
2021-06-14T13:16:36,10000.0,21.95,B
2021-06-14T13:16:33,700.0,21.95,B
2021-06-14T13:16:33,1200.0,21.95,B
2021-06-14T13:16:24,3500.0,21.95,B
2021-06-14T13:16:24,1500.0,21.95,B
2021-06-14T13:16:22,200.0,21.95,B
2021-06-14T13:16:21,100.0,21.95,B
2021-06-14T13:16:19,10000.0,21.95,B
2021-06-14T13:16:17,5000.0,21.95,B
2021-06-14T13:16:17,700.0,21.95,B
2021-06-14T13:16:13,500.0,21.9,S
2021-06-14T13:16:11,1500.0,21.95,B
2021-06-14T13:16:08,9500.0,21.95,B
2021-06-14T13:16:08,5500.0,21.95,B
2021-06-14T13:16:01,2300.0,21.9,S
2021-06-14T13:16:01,500.0,21.95,B
2021-06-14T13:15:58,8700.0,21.95,B
2021-06-14T13:15:58,5300.0,21.95,B
2021-06-14T13:15:54,200.0,21.9,S
2021-06-14T13:15:52,5000.0,21.95,B
2021-06-14T13:15:37,600.0,21.95,B
2021-06-14T13:15:32,300.0,21.95,B
2021-06-14T13:15:27,600.0,21.95,B
2021-06-14T13:15:20,200.0,21.95,B
2021-06-14T13:15:09,200.0,21.95,B
2021-06-14T13:14:59,20000.0,21.9,S
2021-06-14T13:14:58,600.0,21.95,B
2021-06-14T13:14:42,10000.0,21.9,S
2021-06-14T13:14:42,600.0,21.95,B
2021-06-14T13:14:37,2600.0,21.9,S
2021-06-14T13:14:37,700.0,21.9,S
2021-06-14T13:14:28,600.0,21.95,B
2021-06-14T13:14:10,2200.0,21.95,B
2021-06-14T13:14:10,800.0,21.95,B
2021-06-14T13:14:05,500.0,21.9,S
2021-06-14T13:13:56,100.0,21.9,S
2021-06-14T13:13:28,3000.0,21.9,S
2021-06-14T13:13:22,12000.0,21.95,B
2021-06-14T13:13:05,600.0,21.9,S
2021-06-14T13:12:49,1000.0,21.9,S
2021-06-14T13:12:46,1000.0,21.9,S
2021-06-14T13:12:32,400.0,21.9,S
2021-06-14T13:11:59,4000.0,21.9,S
2021-06-14T13:11:48,2000.0,21.95,B
2021-06-14T13:11:47,2400.0,21.95,B
2021-06-14T13:11:38,200.0,21.95,B
2021-06-14T13:11:35,4000.0,21.95,B
2021-06-14T13:11:10,500.0,21.95,B
2021-06-14T13:10:53,300.0,21.95,B
2021-06-14T13:10:49,3200.0,21.9,S
2021-06-14T13:10:49,19800.0,21.9,S
2021-06-14T13:10:49,1700.0,21.9,S
2021-06-14T13:10:49,1000.0,21.9,S
2021-06-14T13:10:49,1500.0,21.9,S
2021-06-14T13:10:49,800.0,21.9,S
2021-06-14T13:09:46,500.0,21.95,B
2021-06-14T13:09:43,200.0,21.9,S
2021-06-14T13:09:38,400.0,21.95,B
2021-06-14T13:09:23,100.0,21.9,S
2021-06-14T13:09:20,300.0,21.9,S
2021-06-14T13:09:15,100.0,21.9,S
2021-06-14T13:09:11,1000.0,21.9,S
2021-06-14T13:09:00,500.0,21.9,S
2021-06-14T13:08:46,1100.0,21.9,S
2021-06-14T13:08:45,900.0,21.9,S
2021-06-14T13:08:43,100.0,21.9,S
2021-06-14T13:08:32,500.0,21.95,B
2021-06-14T13:08:30,1000.0,21.9,S
2021-06-14T13:08:22,200.0,21.9,S
2021-06-14T13:08:22,2800.0,21.9,S
2021-06-14T13:08:20,100.0,21.9,S
2021-06-14T13:08:14,200.0,21.95,B
2021-06-14T13:08:11,100.0,21.9,S
2021-06-14T13:08:10,10000.0,21.9,S
2021-06-14T13:08:01,2000.0,21.9,S
2021-06-14T13:07:49,2000.0,21.9,S
2021-06-14T13:07:45,5000.0,21.9,S
2021-06-14T13:07:44,200.0,21.9,S
2021-06-14T13:07:43,1000.0,21.9,S
2021-06-14T13:07:39,300.0,21.9,S
2021-06-14T13:07:33,3000.0,21.9,S
2021-06-14T13:07:02,1500.0,21.9,S
2021-06-14T13:07:02,2500.0,21.9,S
2021-06-14T13:06:39,500.0,21.95,B
2021-06-14T13:06:26,300.0,21.95,B
2021-06-14T13:05:50,300.0,21.9,S
2021-06-14T13:05:18,1000.0,21.9,S
2021-06-14T13:04:44,2900.0,21.9,S
2021-06-14T13:04:44,1500.0,21.9,S
2021-06-14T13:04:44,1500.0,21.9,S
2021-06-14T13:04:44,1200.0,21.9,S
2021-06-14T13:04:44,700.0,21.9,S
2021-06-14T13:04:44,1100.0,21.9,S
2021-06-14T13:04:44,2400.0,21.9,S
2021-06-14T13:04:44,4200.0,21.9,S
2021-06-14T13:04:44,1800.0,21.9,S
2021-06-14T13:04:44,1000.0,21.9,S
2021-06-14T13:04:44,600.0,21.9,S
2021-06-14T13:04:44,1000.0,21.9,S
2021-06-14T13:04:43,5100.0,21.9,S
2021-06-14T13:04:20,3000.0,21.95,B
2021-06-14T13:04:19,2000.0,21.95,B
2021-06-14T13:04:08,600.0,21.95,B
2021-06-14T13:03:59,600.0,21.95,B
2021-06-14T13:03:52,600.0,21.95,B
2021-06-14T13:03:36,100.0,21.95,B
2021-06-14T13:03:21,5000.0,21.95,B
2021-06-14T13:03:16,1000.0,21.95,B
2021-06-14T13:02:10,2000.0,21.95,B
2021-06-14T13:01:57,100.0,21.9,B
2021-06-14T13:01:52,300.0,21.9,B
2021-06-14T13:01:38,4000.0,21.9,B
2021-06-14T13:01:27,2000.0,21.9,B
2021-06-14T13:01:25,1000.0,21.9,B
2021-06-14T13:01:16,500.0,21.95,B
2021-06-14T13:00:59,100.0,21.9,B
2021-06-14T13:00:37,2000.0,21.9,B
2021-06-14T13:00:36,1500.0,21.9,B
2021-06-14T13:00:34,1000.0,21.9,B
2021-06-14T13:00:34,3000.0,21.9,B
2021-06-14T13:00:33,7000.0,21.9,B
2021-06-14T13:00:32,100.0,21.9,B
2021-06-14T13:00:30,800.0,21.9,B
2021-06-14T13:00:25,300.0,21.9,B
2021-06-14T13:00:25,200.0,21.9,B
2021-06-14T13:00:25,3000.0,21.9,B
2021-06-14T13:00:23,100.0,21.9,B
2021-06-14T13:00:23,200.0,21.9,B
2021-06-14T13:00:23,1000.0,21.9,B
2021-06-14T13:00:23,100.0,21.85,S
2021-06-14T11:30:12,200.0,21.9,B
2021-06-14T11:30:12,500.0,21.9,B
2021-06-14T11:29:41,300.0,21.9,B
2021-06-14T11:29:37,1000.0,21.9,B
2021-06-14T11:29:00,1500.0,21.9,B
2021-06-14T11:29:00,500.0,21.9,B
2021-06-14T11:28:25,400.0,21.9,B
2021-06-14T11:27:58,1000.0,21.9,B
2021-06-14T11:27:56,2200.0,21.9,B
2021-06-14T11:27:54,200.0,21.9,B
2021-06-14T11:27:38,200.0,21.9,B
2021-06-14T11:27:36,400.0,21.9,B
2021-06-14T11:27:08,100.0,21.9,B
2021-06-14T11:26:44,4000.0,21.9,B
2021-06-14T11:26:41,300.0,21.85,S
2021-06-14T11:26:41,4800.0,21.85,S
2021-06-14T11:26:04,500.0,21.9,B
2021-06-14T11:25:50,1000.0,21.85,S
2021-06-14T11:25:46,1000.0,21.9,B
2021-06-14T11:25:44,100.0,21.9,B
2021-06-14T11:25:42,500.0,21.9,B
2021-06-14T11:25:36,1500.0,21.9,B
2021-06-14T11:25:28,200.0,21.9,B
2021-06-14T11:25:19,300.0,21.9,B
2021-06-14T11:25:16,500.0,21.9,B
2021-06-14T11:25:15,1000.0,21.9,B
2021-06-14T11:25:00,700.0,21.9,B
2021-06-14T11:24:47,1000.0,21.9,B
2021-06-14T11:24:19,500.0,21.9,B
2021-06-14T11:24:01,100.0,21.9,B
2021-06-14T11:23:36,700.0,21.9,B
2021-06-14T11:23:23,700.0,21.9,B
2021-06-14T11:23:19,2000.0,21.9,B
2021-06-14T11:23:17,1000.0,21.9,B
2021-06-14T11:23:06,1000.0,21.9,S
2021-06-14T11:23:05,100.0,21.9,S
2021-06-14T11:22:38,200.0,21.9,S
2021-06-14T11:22:20,1000.0,21.95,B
2021-06-14T11:22:18,100.0,21.9,B
2021-06-14T11:22:04,100.0,21.9,S
2021-06-14T11:21:43,200.0,21.9,S
2021-06-14T11:21:41,5000.0,21.9,S
2021-06-14T11:21:37,200.0,21.85,S
2021-06-14T11:21:37,4200.0,21.9,S
2021-06-14T11:21:37,2600.0,21.9,S
2021-06-14T11:21:36,2000.0,21.9,S
2021-06-14T11:21:19,100.0,21.9,S
2021-06-14T11:21:17,7300.0,21.9,S
2021-06-14T11:21:09,1000.0,21.9,S
2021-06-14T11:20:34,100.0,21.9,S
2021-06-14T11:20:18,8800.0,21.9,S
2021-06-14T11:20:18,300.0,21.9,S
2021-06-14T11:20:18,7600.0,21.9,S
2021-06-14T11:20:18,1300.0,21.9,S
2021-06-14T11:20:15,100.0,21.95,B
2021-06-14T11:19:56,1000.0,21.95,B
2021-06-14T11:19:40,1000.0,21.95,B
2021-06-14T11:19:27,700.0,21.9,S
2021-06-14T11:19:27,1400.0,21.9,S
2021-06-14T11:19:18,2500.0,21.9,S
2021-06-14T11:19:18,8600.0,21.9,S
2021-06-14T11:19:18,1000.0,21.9,S
2021-06-14T11:19:18,400.0,21.9,S
2021-06-14T11:18:51,800.0,21.9,S
2021-06-14T11:18:34,10000.0,21.9,S
2021-06-14T11:18:13,4000.0,21.9,S
2021-06-14T11:18:07,10000.0,21.95,B
2021-06-14T11:17:58,2000.0,21.95,B
2021-06-14T11:17:53,600.0,21.9,S
2021-06-14T11:17:39,600.0,21.9,S
2021-06-14T11:17:31,600.0,21.9,S
2021-06-14T11:17:20,600.0,21.9,S
2021-06-14T11:17:11,600.0,21.9,S
2021-06-14T11:16:22,200.0,21.9,S
2021-06-14T11:16:09,500.0,21.9,S
2021-06-14T11:15:57,1000.0,21.9,S
2021-06-14T11:15:54,400.0,21.9,S
2021-06-14T11:15:32,800.0,21.9,S
2021-06-14T11:15:28,3000.0,21.95,B
2021-06-14T11:15:25,1000.0,21.95,B
2021-06-14T11:15:19,27900.0,21.9,S
2021-06-14T11:15:05,200.0,21.95,B
2021-06-14T11:15:04,500.0,21.9,S
2021-06-14T11:14:52,16700.0,21.95,B
2021-06-14T11:14:52,3300.0,21.95,B
2021-06-14T11:14:49,500.0,21.95,B
2021-06-14T11:14:26,7700.0,21.95,B
2021-06-14T11:14:26,1000.0,21.95,B
2021-06-14T11:14:26,1100.0,21.95,B
2021-06-14T11:14:25,200.0,21.95,B
2021-06-14T11:14:11,1900.0,21.9,B
2021-06-14T11:14:11,3000.0,21.9,B
2021-06-14T11:14:06,1000.0,21.9,B
2021-06-14T11:14:02,1100.0,21.9,B
2021-06-14T11:14:02,3900.0,21.9,B
2021-06-14T11:14:00,2100.0,21.9,B
2021-06-14T11:14:00,8900.0,21.9,B
2021-06-14T11:13:58,1600.0,21.9,B
2021-06-14T11:13:49,20000.0,21.9,B
2021-06-14T11:13:45,1000.0,21.9,B
2021-06-14T11:13:42,1000.0,21.9,B
2021-06-14T11:13:40,700.0,21.9,B
2021-06-14T11:13:38,2000.0,21.9,B
2021-06-14T11:13:36,1000.0,21.9,B
2021-06-14T11:13:27,10000.0,21.9,B
2021-06-14T11:13:19,3100.0,21.9,B
2021-06-14T11:13:19,1100.0,21.9,B
2021-06-14T11:13:19,15800.0,21.9,B
2021-06-14T11:13:13,1000.0,21.9,B
2021-06-14T11:13:08,5000.0,21.9,B
2021-06-14T11:13:05,500.0,21.9,B
2021-06-14T11:12:48,1000.0,21.9,B
2021-06-14T11:12:26,10000.0,21.9,B
2021-06-14T11:12:17,100.0,21.9,B
2021-06-14T11:11:53,600.0,21.9,B
2021-06-14T11:11:53,1000.0,21.9,B
2021-06-14T11:11:53,700.0,21.9,B
2021-06-14T11:11:51,2000.0,21.85,S
2021-06-14T11:10:20,5000.0,21.85,S
2021-06-14T11:10:20,100.0,21.9,B
2021-06-14T11:10:17,3600.0,21.9,B
2021-06-14T11:10:04,100.0,21.9,B
2021-06-14T11:10:03,2000.0,21.85,S
2021-06-14T11:09:12,1000.0,21.9,B
2021-06-14T11:09:03,100.0,21.85,S
2021-06-14T11:08:58,100.0,21.85,S
2021-06-14T11:08:46,1500.0,21.85,S
2021-06-14T11:08:42,20000.0,21.9,B
2021-06-14T11:08:40,1000.0,21.9,B
2021-06-14T11:08:36,2000.0,21.9,B
2021-06-14T11:08:15,1000.0,21.9,B
2021-06-14T11:08:14,400.0,21.85,S
2021-06-14T11:08:06,1500.0,21.85,S
2021-06-14T11:08:02,3000.0,21.85,S
2021-06-14T11:08:02,1000.0,21.9,B
2021-06-14T11:07:45,500.0,21.85,S
2021-06-14T11:07:45,10900.0,21.85,S
2021-06-14T11:07:45,6000.0,21.85,S
2021-06-14T11:07:44,11000.0,21.85,S
2021-06-14T11:07:44,1900.0,21.85,S
2021-06-14T11:07:44,700.0,21.85,S
2021-06-14T11:07:44,12600.0,21.85,S
2021-06-14T11:07:21,2100.0,21.85,S
2021-06-14T11:06:49,1000.0,21.85,S
2021-06-14T11:06:11,2000.0,21.85,S
2021-06-14T11:05:46,4000.0,21.85,S
2021-06-14T11:05:40,5000.0,21.9,B
2021-06-14T11:05:32,300.0,21.9,B
2021-06-14T11:05:00,600.0,21.9,B
2021-06-14T11:04:50,5000.0,21.85,S
2021-06-14T11:04:44,5000.0,21.85,S
2021-06-14T11:04:41,600.0,21.9,B
2021-06-14T11:04:23,600.0,21.9,B
2021-06-14T11:04:20,1000.0,21.85,S
2021-06-14T11:04:20,8000.0,21.85,S
2021-06-14T11:04:14,100.0,21.9,B
2021-06-14T11:04:09,600.0,21.9,B
2021-06-14T11:03:47,600.0,21.9,B
2021-06-14T11:03:42,600.0,21.9,B
2021-06-14T11:03:39,500.0,21.9,B
2021-06-14T11:03:36,2600.0,21.9,B
2021-06-14T11:03:30,600.0,21.9,B
2021-06-14T11:03:22,600.0,21.9,B
2021-06-14T11:03:17,2000.0,21.85,S
2021-06-14T11:03:11,600.0,21.9,B
2021-06-14T11:03:00,4000.0,21.9,B
2021-06-14T11:02:55,100.0,21.9,B
2021-06-14T11:02:09,100.0,21.9,B
2021-06-14T11:02:02,4400.0,21.85,S
2021-06-14T11:01:57,100.0,21.85,S
2021-06-14T11:01:31,500.0,21.85,S
2021-06-14T11:01:31,2000.0,21.85,S
2021-06-14T11:01:31,4600.0,21.85,S
2021-06-14T11:01:30,400.0,21.85,S
2021-06-14T11:01:30,100.0,21.85,S
2021-06-14T11:01:30,11900.0,21.85,S
2021-06-14T11:01:20,3300.0,21.9,B
2021-06-14T11:01:04,10000.0,21.85,S
2021-06-14T11:00:57,2000.0,21.9,B
2021-06-14T11:00:54,100.0,21.85,S
2021-06-14T11:00:49,500.0,21.85,S
2021-06-14T11:00:42,2000.0,21.9,B
2021-06-14T11:00:36,500.0,21.85,S
2021-06-14T11:00:32,1000.0,21.85,S
2021-06-14T10:59:45,1000.0,21.85,S
2021-06-14T10:59:45,3000.0,21.85,S
2021-06-14T10:59:29,1000.0,21.85,S
2021-06-14T10:59:16,200.0,21.85,S
2021-06-14T10:58:55,11400.0,21.9,B
2021-06-14T10:58:49,600.0,21.9,B
2021-06-14T10:58:33,200.0,21.85,S
2021-06-14T10:58:29,400.0,21.85,S
2021-06-14T10:58:18,1000.0,21.85,S
2021-06-14T10:58:02,11600.0,21.85,S
2021-06-14T10:58:02,4100.0,21.85,S
2021-06-14T10:58:02,200.0,21.85,S
2021-06-14T10:58:01,9800.0,21.85,S
2021-06-14T10:58:01,6300.0,21.85,S
2021-06-14T10:57:57,6400.0,21.85,S
2021-06-14T10:57:57,1500.0,21.85,S
2021-06-14T10:57:57,100.0,21.85,S
2021-06-14T10:57:57,100.0,21.85,S
2021-06-14T10:57:57,4100.0,21.85,S
2021-06-14T10:57:53,300.0,21.9,B
2021-06-14T10:57:39,100.0,21.9,B
2021-06-14T10:56:46,200.0,21.9,B
2021-06-14T10:56:03,600.0,21.9,B
2021-06-14T10:55:52,13300.0,21.85,S
2021-06-14T10:55:52,2600.0,21.85,S
2021-06-14T10:55:52,4100.0,21.85,S
2021-06-14T10:55:44,100.0,21.85,S
2021-06-14T10:55:37,600.0,21.85,S
2021-06-14T10:55:37,100.0,21.85,S
2021-06-14T10:55:37,1700.0,21.85,S
2021-06-14T10:55:37,17600.0,21.85,S
2021-06-14T10:55:31,100.0,21.9,B
2021-06-14T10:55:15,700.0,21.85,S
2021-06-14T10:55:09,500.0,21.85,S
2021-06-14T10:55:09,1900.0,21.85,S
2021-06-14T10:55:09,9600.0,21.85,S
2021-06-14T10:55:04,400.0,21.85,S
2021-06-14T10:54:35,1000.0,21.85,S
2021-06-14T10:54:23,400.0,21.85,S
2021-06-14T10:54:23,400.0,21.85,S
2021-06-14T10:54:23,4600.0,21.85,S
2021-06-14T10:54:23,1200.0,21.85,S
2021-06-14T10:54:22,1000.0,21.85,S
2021-06-14T10:54:22,600.0,21.85,S
2021-06-14T10:54:22,2600.0,21.85,S
2021-06-14T10:54:07,100.0,21.85,S
2021-06-14T10:53:52,700.0,21.85,S
2021-06-14T10:53:45,300.0,21.9,B
2021-06-14T10:53:35,1500.0,21.85,S
2021-06-14T10:53:24,100.0,21.85,S
2021-06-14T10:53:24,900.0,21.85,S
2021-06-14T10:53:09,500.0,21.85,S
2021-06-14T10:52:55,700.0,21.85,S
2021-06-14T10:52:55,600.0,21.9,B
2021-06-14T10:52:38,1200.0,21.85,S
2021-06-14T10:52:33,600.0,21.9,B
2021-06-14T10:51:52,400.0,21.85,S
2021-06-14T10:51:52,2300.0,21.85,S
2021-06-14T10:51:52,600.0,21.85,S
2021-06-14T10:51:52,700.0,21.85,S
2021-06-14T10:51:44,2000.0,21.85,S
2021-06-14T10:51:38,300.0,21.85,S
2021-06-14T10:51:21,100.0,21.9,B
2021-06-14T10:51:15,1000.0,21.85,S
2021-06-14T10:51:02,1200.0,21.9,B
2021-06-14T10:50:44,1000.0,21.9,B
2021-06-14T10:50:36,100.0,21.9,B
2021-06-14T10:50:25,5000.0,21.9,B
2021-06-14T10:49:39,1000.0,21.9,B
2021-06-14T10:49:11,2000.0,21.9,B
2021-06-14T10:48:41,600.0,21.85,S
2021-06-14T10:47:36,5000.0,21.85,S
2021-06-14T10:47:35,5000.0,21.9,B
2021-06-14T10:47:24,4000.0,21.9,B
2021-06-14T10:47:02,100.0,21.85,S
2021-06-14T10:47:02,1000.0,21.85,S
2021-06-14T10:46:57,100.0,21.9,B
2021-06-14T10:46:56,12400.0,21.9,B
2021-06-14T10:46:56,12600.0,21.9,B
2021-06-14T10:46:40,100.0,21.9,B
2021-06-14T10:46:29,3000.0,21.85,S
2021-06-14T10:46:20,700.0,21.9,B
2021-06-14T10:46:11,5100.0,21.9,B
2021-06-14T10:46:04,3000.0,21.9,B
2021-06-14T10:45:58,1100.0,21.85,S
2021-06-14T10:45:50,10000.0,21.9,B
2021-06-14T10:45:46,100.0,21.9,B
2021-06-14T10:45:10,1000.0,21.9,B
2021-06-14T10:44:52,1500.0,21.85,S
2021-06-14T10:44:50,300.0,21.9,B
2021-06-14T10:44:41,400.0,21.85,S
2021-06-14T10:44:41,2000.0,21.85,S
2021-06-14T10:44:40,2600.0,21.85,S
2021-06-14T10:44:37,1500.0,21.9,B
2021-06-14T10:44:36,2000.0,21.9,B
2021-06-14T10:44:15,2000.0,21.85,S
2021-06-14T10:44:14,200.0,21.9,B
2021-06-14T10:44:02,10000.0,21.85,S
2021-06-14T10:44:00,100.0,21.9,B
2021-06-14T10:43:28,1000.0,21.9,B
2021-06-14T10:43:28,400.0,21.85,S
2021-06-14T10:43:00,300.0,21.9,B
2021-06-14T10:42:57,400.0,21.85,S
2021-06-14T10:42:53,700.0,21.85,S
2021-06-14T10:42:53,900.0,21.85,S
2021-06-14T10:42:39,3000.0,21.9,B
2021-06-14T10:42:21,2000.0,21.9,B
2021-06-14T10:42:19,800.0,21.9,B
2021-06-14T10:42:07,1000.0,21.85,S
2021-06-14T10:41:53,100.0,21.9,B
2021-06-14T10:41:53,800.0,21.9,B
2021-06-14T10:41:53,1800.0,21.9,B
2021-06-14T10:41:33,4500.0,21.9,B
2021-06-14T10:41:22,1000.0,21.9,B
2021-06-14T10:41:13,500.0,21.9,B
2021-06-14T10:40:32,500.0,21.9,B
2021-06-14T10:40:13,500.0,21.9,B
2021-06-14T10:40:00,200.0,21.9,B
2021-06-14T10:39:42,400.0,21.9,B
2021-06-14T10:39:32,2000.0,21.9,B
2021-06-14T10:39:23,1000.0,21.9,B
2021-06-14T10:39:15,600.0,21.9,B
2021-06-14T10:39:10,1000.0,21.9,B
2021-06-14T10:39:01,200.0,21.9,B
2021-06-14T10:38:57,500.0,21.9,B
2021-06-14T10:38:46,100.0,21.85,S
2021-06-14T10:38:34,3000.0,21.9,B
2021-06-14T10:38:27,100.0,21.9,B
2021-06-14T10:37:54,1000.0,21.85,S
2021-06-14T10:37:39,300.0,21.9,B
2021-06-14T10:37:06,200.0,21.85,S
2021-06-14T10:36:56,400.0,21.85,S
2021-06-14T10:36:28,500.0,21.9,B
2021-06-14T10:36:15,3800.0,21.85,S
2021-06-14T10:36:10,300.0,21.9,B
2021-06-14T10:36:10,2600.0,21.9,B
2021-06-14T10:36:10,27100.0,21.9,B
2021-06-14T10:36:02,100.0,21.9,B
2021-06-14T10:35:55,100.0,21.9,B
2021-06-14T10:35:41,100.0,21.9,B
2021-06-14T10:35:26,100.0,21.9,B
2021-06-14T10:35:20,900.0,21.85,S
2021-06-14T10:35:10,5000.0,21.9,B
2021-06-14T10:35:10,500.0,21.9,B
2021-06-14T10:35:00,100.0,21.9,B
2021-06-14T10:34:46,100.0,21.9,B
2021-06-14T10:34:46,1000.0,21.9,B
2021-06-14T10:34:34,1000.0,21.9,B
2021-06-14T10:34:26,5000.0,21.9,B
2021-06-14T10:34:12,4000.0,21.9,B
2021-06-14T10:33:59,500.0,21.9,B
2021-06-14T10:33:54,500.0,21.9,B
2021-06-14T10:33:42,800.0,21.85,S
2021-06-14T10:33:42,4200.0,21.85,S
2021-06-14T10:33:35,3000.0,21.9,B
2021-06-14T10:33:26,500.0,21.85,S
2021-06-14T10:33:20,1000.0,21.9,B
2021-06-14T10:33:11,100.0,21.9,B
2021-06-14T10:33:06,500.0,21.85,S
2021-06-14T10:33:06,100.0,21.9,B
2021-06-14T10:32:52,100.0,21.9,B
2021-06-14T10:32:26,300.0,21.9,B
2021-06-14T10:32:26,400.0,21.9,B
2021-06-14T10:32:18,1000.0,21.9,B
2021-06-14T10:32:17,100.0,21.9,B
2021-06-14T10:32:11,1100.0,21.9,B
2021-06-14T10:31:58,600.0,21.9,B
2021-06-14T10:31:57,1800.0,21.9,B
2021-06-14T10:31:55,100.0,21.9,B
2021-06-14T10:31:37,200.0,21.9,B
2021-06-14T10:31:35,3000.0,21.85,S
2021-06-14T10:31:35,400.0,21.9,B
2021-06-14T10:31:13,400.0,21.9,B
2021-06-14T10:31:07,200.0,21.85,S
2021-06-14T10:30:34,2000.0,21.9,B
2021-06-14T10:30:16,200.0,21.9,B
2021-06-14T10:29:38,200.0,21.85,S
2021-06-14T10:29:38,300.0,21.85,S
2021-06-14T10:29:38,10800.0,21.85,S
2021-06-14T10:29:38,20700.0,21.85,S
2021-06-14T10:29:26,9800.0,21.85,S
2021-06-14T10:29:00,33300.0,21.9,B
2021-06-14T10:29:00,500.0,21.9,B
2021-06-14T10:28:59,2200.0,21.9,B
2021-06-14T10:28:34,100.0,21.9,B
2021-06-14T10:28:16,100.0,21.9,B
2021-06-14T10:28:04,100.0,21.85,S
2021-06-14T10:27:54,1000.0,21.9,B
2021-06-14T10:27:47,200.0,21.9,B
2021-06-14T10:27:34,1000.0,21.85,S
2021-06-14T10:26:33,2300.0,21.85,B
2021-06-14T10:26:23,100.0,21.85,B
2021-06-14T10:26:21,1000.0,21.85,B
2021-06-14T10:26:18,200.0,21.85,B
2021-06-14T10:26:08,100.0,21.85,B
2021-06-14T10:25:52,5000.0,21.85,B
2021-06-14T10:25:51,300.0,21.8,S
2021-06-14T10:25:46,1500.0,21.85,B
2021-06-14T10:25:34,500.0,21.85,B
2021-06-14T10:25:17,1000.0,21.85,B
2021-06-14T10:24:43,200.0,21.8,S
2021-06-14T10:24:33,2000.0,21.85,B
2021-06-14T10:24:20,2000.0,21.85,B
2021-06-14T10:24:05,200.0,21.85,B
2021-06-14T10:24:04,1000.0,21.85,B
2021-06-14T10:24:00,300.0,21.85,B
2021-06-14T10:23:54,500.0,21.85,B
2021-06-14T10:23:30,200.0,21.85,B
2021-06-14T10:23:20,100.0,21.85,S
2021-06-14T10:23:14,1400.0,21.8,S
2021-06-14T10:23:14,2000.0,21.8,S
2021-06-14T10:23:14,5500.0,21.8,S
2021-06-14T10:23:14,300.0,21.8,S
2021-06-14T10:23:14,7800.0,21.8,S
2021-06-14T10:23:14,500.0,21.8,S
2021-06-14T10:23:14,6100.0,21.8,S
2021-06-14T10:23:14,6200.0,21.8,S
2021-06-14T10:23:14,2300.0,21.8,S
2021-06-14T10:23:14,14000.0,21.8,S
2021-06-14T10:23:14,1200.0,21.8,S
2021-06-14T10:23:14,10100.0,21.8,S
2021-06-14T10:23:13,2400.0,21.8,S
2021-06-14T10:23:13,2400.0,21.8,S
2021-06-14T10:23:13,600.0,21.8,S
2021-06-14T10:23:13,2200.0,21.8,S
2021-06-14T10:22:42,400.0,21.85,S
2021-06-14T10:22:41,800.0,21.85,S
2021-06-14T10:22:37,500.0,21.85,S
2021-06-14T10:22:32,1000.0,21.8,S
2021-06-14T10:22:30,700.0,21.85,S
2021-06-14T10:22:24,10000.0,21.8,S
2021-06-14T10:22:09,100.0,21.85,S
2021-06-14T10:22:08,300.0,21.85,S
2021-06-14T10:22:05,200.0,21.85,S
2021-06-14T10:21:58,200.0,21.85,S
2021-06-14T10:21:57,200.0,21.85,S
2021-06-14T10:21:56,1300.0,21.85,S
2021-06-14T10:21:55,1000.0,21.85,S
2021-06-14T10:21:43,300.0,21.85,S
2021-06-14T10:21:41,1000.0,21.85,S
2021-06-14T10:21:34,1000.0,21.85,S
2021-06-14T10:21:34,300.0,21.85,S
2021-06-14T10:21:24,1000.0,21.85,S
2021-06-14T10:21:21,100.0,21.85,S
2021-06-14T10:21:18,2000.0,21.85,S
2021-06-14T10:21:16,200.0,21.85,S
2021-06-14T10:21:06,15700.0,21.85,S
2021-06-14T10:20:26,100.0,21.9,B
2021-06-14T10:20:21,200.0,21.85,S
2021-06-14T10:19:57,5000.0,21.85,S
2021-06-14T10:19:50,4900.0,21.8,S
2021-06-14T10:19:17,20000.0,21.8,S
2021-06-14T10:19:12,2900.0,21.85,B
2021-06-14T10:19:09,100.0,21.85,B
2021-06-14T10:18:38,300.0,21.85,B
2021-06-14T10:18:16,200.0,21.85,B
2021-06-14T10:18:12,100.0,21.85,B
2021-06-14T10:17:53,100.0,21.85,B
2021-06-14T10:17:42,400.0,21.85,B
2021-06-14T10:17:23,2000.0,21.8,S
2021-06-14T10:17:13,1400.0,21.8,S
2021-06-14T10:17:13,2600.0,21.85,B
2021-06-14T10:16:40,3200.0,21.8,S
2021-06-14T10:16:40,400.0,21.8,S
2021-06-14T10:16:40,200.0,21.85,B
2021-06-14T10:16:40,2800.0,21.85,B
2021-06-14T10:16:14,700.0,21.8,S
2021-06-14T10:16:14,1900.0,21.8,S
2021-06-14T10:16:14,4500.0,21.85,B
2021-06-14T10:16:14,900.0,21.85,B
2021-06-14T10:15:54,900.0,21.9,B
2021-06-14T10:15:26,1100.0,21.9,B
2021-06-14T10:15:24,500.0,21.8,S
2021-06-14T10:14:56,16300.0,21.85,S
2021-06-14T10:14:17,400.0,21.9,B
2021-06-14T10:14:13,400.0,21.9,B
2021-06-14T10:14:07,1200.0,21.9,B
2021-06-14T10:14:07,500.0,21.9,B
2021-06-14T10:14:01,1100.0,21.95,B
2021-06-14T10:14:01,10200.0,21.95,B
2021-06-14T10:14:01,1600.0,21.95,B
2021-06-14T10:14:01,500.0,21.95,B
2021-06-14T10:14:01,10000.0,21.95,B
2021-06-14T10:14:01,1000.0,21.95,B
2021-06-14T10:14:00,1700.0,21.95,B
2021-06-14T10:14:00,3000.0,21.9,B
2021-06-14T10:14:00,700.0,21.9,B
2021-06-14T10:14:00,1000.0,21.9,B
2021-06-14T10:14:00,9200.0,21.9,B
2021-06-14T10:13:42,22600.0,21.9,B
2021-06-14T10:13:42,6000.0,21.9,B
2021-06-14T10:13:42,1400.0,21.9,B
2021-06-14T10:13:12,300.0,21.8,S
2021-06-14T10:12:53,400.0,21.8,S
2021-06-14T10:12:52,2100.0,21.8,S
2021-06-14T10:12:52,300.0,21.8,S
2021-06-14T10:12:52,19700.0,21.8,S
2021-06-14T10:12:52,2100.0,21.8,S
2021-06-14T10:12:52,8500.0,21.8,S
2021-06-14T10:12:46,800.0,21.9,B
2021-06-14T10:12:34,100.0,21.8,S
2021-06-14T10:12:29,100.0,21.9,B
2021-06-14T10:11:34,500.0,21.9,B
2021-06-14T10:11:34,1100.0,21.8,S
2021-06-14T10:11:34,2000.0,21.8,S
2021-06-14T10:11:34,9600.0,21.8,S
2021-06-14T10:11:34,600.0,21.8,S
2021-06-14T10:11:34,6700.0,21.8,S
2021-06-14T10:11:22,400.0,21.9,B
2021-06-14T10:10:43,300.0,21.9,B
2021-06-14T10:10:27,1000.0,21.8,S
2021-06-14T10:10:23,200.0,21.8,S
2021-06-14T10:10:10,500.0,21.8,S
2021-06-14T10:10:03,200.0,21.8,S
2021-06-14T10:09:33,600.0,21.8,S
2021-06-14T10:09:21,500.0,21.8,B
2021-06-14T10:09:13,100.0,21.8,B
2021-06-14T10:08:49,900.0,21.8,B
2021-06-14T10:08:49,3100.0,21.8,B
2021-06-14T10:08:05,300.0,21.8,B
2021-06-14T10:07:51,400.0,21.75,S
2021-06-14T10:07:51,100.0,21.75,S
2021-06-14T10:07:51,1800.0,21.75,S
2021-06-14T10:07:51,200.0,21.75,S
2021-06-14T10:07:51,7500.0,21.75,S
2021-06-14T10:07:16,6000.0,21.8,B
2021-06-14T10:07:05,1300.0,21.75,S
2021-06-14T10:07:05,8700.0,21.75,S
2021-06-14T10:06:52,1100.0,21.75,S
2021-06-14T10:06:52,100.0,21.75,S
2021-06-14T10:06:52,1300.0,21.75,S
2021-06-14T10:06:52,1500.0,21.75,S
2021-06-14T10:06:43,800.0,21.8,B
2021-06-14T10:06:43,800.0,21.8,B
2021-06-14T10:06:43,1400.0,21.8,B
2021-06-14T10:06:30,100.0,21.8,B
2021-06-14T10:06:19,700.0,21.8,B
2021-06-14T10:06:07,1500.0,21.8,B
2021-06-14T10:06:04,700.0,21.8,B
2021-06-14T10:06:04,1100.0,21.8,B
2021-06-14T10:06:04,22200.0,21.8,B
2021-06-14T10:05:47,100.0,21.8,B
2021-06-14T10:05:40,500.0,21.8,B
2021-06-14T10:05:36,3200.0,21.8,B
2021-06-14T10:05:27,11200.0,21.8,B
2021-06-14T10:05:25,300.0,21.8,B
2021-06-14T10:05:23,500.0,21.8,B
2021-06-14T10:05:22,200.0,21.8,B
2021-06-14T10:05:21,200.0,21.8,B
2021-06-14T10:05:20,2000.0,21.8,B
2021-06-14T10:05:17,400.0,21.8,B
2021-06-14T10:05:16,200.0,21.8,B
2021-06-14T10:05:16,2000.0,21.8,B
2021-06-14T10:05:10,100.0,21.8,B
2021-06-14T10:05:07,200.0,21.8,B
2021-06-14T10:05:06,3300.0,21.8,B
2021-06-14T10:05:05,4000.0,21.8,B
2021-06-14T10:05:05,2800.0,21.8,B
2021-06-14T10:05:05,200.0,21.8,B
2021-06-14T10:04:59,100.0,21.8,B
2021-06-14T10:04:58,200.0,21.8,B
2021-06-14T10:04:51,400.0,21.8,B
2021-06-14T10:04:48,700.0,21.8,B
2021-06-14T10:04:39,1000.0,21.8,B
2021-06-14T10:04:35,700.0,21.8,B
2021-06-14T10:04:32,500.0,21.8,B
2021-06-14T10:04:30,200.0,21.8,B
2021-06-14T10:04:30,5000.0,21.8,B
2021-06-14T10:04:29,1000.0,21.8,B
2021-06-14T10:04:23,200.0,21.8,B
2021-06-14T10:04:19,10000.0,21.8,B
2021-06-14T10:04:17,300.0,21.8,B
2021-06-14T10:04:08,100.0,21.8,S
2021-06-14T10:04:05,100.0,21.8,S
2021-06-14T10:04:04,10000.0,21.8,S
2021-06-14T10:04:00,100.0,21.8,S
2021-06-14T10:03:56,3000.0,21.8,S
2021-06-14T10:03:55,100.0,21.8,S
2021-06-14T10:03:54,3000.0,21.8,S
2021-06-14T10:03:45,900.0,21.8,S
2021-06-14T10:03:45,2200.0,21.8,S
2021-06-14T10:03:45,1500.0,21.8,S
2021-06-14T10:03:45,500.0,21.8,S
2021-06-14T10:03:45,4300.0,21.8,S
2021-06-14T10:03:45,6600.0,21.8,S
2021-06-14T10:03:45,1200.0,21.8,S
2021-06-14T10:03:45,1200.0,21.8,S
2021-06-14T10:03:44,8000.0,21.8,S
2021-06-14T10:03:44,5400.0,21.8,S
2021-06-14T10:03:44,1100.0,21.8,S
2021-06-14T10:03:44,900.0,21.8,S
2021-06-14T10:03:44,6600.0,21.8,S
2021-06-14T10:03:44,900.0,21.8,S
2021-06-14T10:03:44,1100.0,21.8,S
2021-06-14T10:03:44,1300.0,21.8,S
2021-06-14T10:03:44,400.0,21.8,S
2021-06-14T10:03:44,1100.0,21.8,S
2021-06-14T10:03:44,300.0,21.8,S
2021-06-14T10:03:44,15000.0,21.8,S
2021-06-14T10:03:44,1200.0,21.8,S
2021-06-14T10:03:44,100.0,21.8,S
2021-06-14T10:03:44,7200.0,21.8,S
2021-06-14T10:03:44,9500.0,21.8,S
2021-06-14T10:03:44,1200.0,21.8,S
2021-06-14T10:03:44,1000.0,21.8,S
2021-06-14T10:03:44,5000.0,21.8,S
2021-06-14T10:03:44,1200.0,21.8,S
2021-06-14T10:03:43,1300.0,21.8,S
2021-06-14T10:03:43,500.0,21.8,S
2021-06-14T10:03:43,700.0,21.8,S
2021-06-14T10:03:43,8100.0,21.8,S
2021-06-14T10:03:43,500.0,21.8,S
2021-06-14T10:03:43,1900.0,21.8,S
2021-06-14T10:03:43,4900.0,21.8,S
2021-06-14T10:03:43,600.0,21.8,S
2021-06-14T10:03:42,2000.0,21.8,S
2021-06-14T10:03:42,700.0,21.8,S
2021-06-14T10:03:42,5000.0,21.8,S
2021-06-14T10:03:23,500.0,21.9,B
2021-06-14T10:03:21,900.0,21.85,S
2021-06-14T10:03:18,200.0,21.85,S
2021-06-14T10:03:07,100.0,21.85,S
2021-06-14T10:02:49,1300.0,21.85,S
2021-06-14T10:02:49,3700.0,21.85,S
2021-06-14T10:02:49,1000.0,21.85,S
2021-06-14T10:02:49,2000.0,21.85,S
2021-06-14T10:02:49,1900.0,21.85,S
2021-06-14T10:02:49,1100.0,21.85,S
2021-06-14T10:02:49,5100.0,21.85,S
2021-06-14T10:02:49,2200.0,21.85,S
2021-06-14T10:02:49,100.0,21.85,S
2021-06-14T10:02:49,900.0,21.85,S
2021-06-14T10:02:49,1800.0,21.85,S
2021-06-14T10:02:49,200.0,21.85,S
2021-06-14T10:02:48,100.0,21.85,S
2021-06-14T10:02:48,6300.0,21.85,S
2021-06-14T10:02:48,100.0,21.85,S
2021-06-14T10:02:48,28900.0,21.85,S
2021-06-14T10:02:48,6100.0,21.85,S
2021-06-14T10:02:48,1500.0,21.85,S
2021-06-14T10:02:48,700.0,21.85,S
2021-06-14T10:02:48,15600.0,21.85,S
2021-06-14T10:02:48,200.0,21.85,S
2021-06-14T10:02:48,2200.0,21.85,S
2021-06-14T10:02:48,4000.0,21.85,S
2021-06-14T10:02:48,500.0,21.85,S
2021-06-14T10:02:47,1300.0,21.85,S
2021-06-14T10:02:25,100.0,21.9,B
2021-06-14T10:02:25,100.0,21.9,B
2021-06-14T10:02:22,100.0,21.9,B
2021-06-14T10:02:09,100.0,21.85,S
2021-06-14T10:01:59,500.0,21.9,B
2021-06-14T10:01:49,5000.0,21.9,B
2021-06-14T10:01:44,100.0,21.9,B
2021-06-14T10:01:33,400.0,21.9,B
2021-06-14T10:01:33,100.0,21.9,B
2021-06-14T10:01:23,2000.0,21.9,B
2021-06-14T10:01:20,200.0,21.9,B
2021-06-14T10:01:04,4700.0,21.9,B
2021-06-14T10:00:53,6400.0,21.9,B
2021-06-14T10:00:53,200.0,21.9,B
2021-06-14T10:00:53,3000.0,21.9,B
2021-06-14T10:00:53,400.0,21.9,B
2021-06-14T10:00:34,2200.0,21.9,B
2021-06-14T10:00:22,100.0,21.9,B
2021-06-14T10:00:17,1000.0,21.9,B
2021-06-14T10:00:10,1000.0,21.9,B
2021-06-14T09:59:54,100.0,21.9,B
2021-06-14T09:59:47,1700.0,21.9,B
2021-06-14T09:59:40,100.0,21.9,B
2021-06-14T09:59:35,100.0,21.9,B
2021-06-14T09:59:21,300.0,21.9,S
2021-06-14T09:59:19,400.0,21.9,S
2021-06-14T09:59:06,2800.0,21.9,S
2021-06-14T09:58:57,400.0,21.9,S
2021-06-14T09:58:41,100.0,21.9,S
2021-06-14T09:58:39,2100.0,21.9,S
2021-06-14T09:58:39,1400.0,21.9,S
2021-06-14T09:58:28,100.0,21.9,S
2021-06-14T09:58:22,1200.0,21.9,S
2021-06-14T09:58:12,200.0,21.9,S
2021-06-14T09:58:09,100.0,21.9,S
2021-06-14T09:57:22,50000.0,21.9,S
2021-06-14T09:57:08,1000.0,21.9,S
2021-06-14T09:57:08,1100.0,21.9,S
2021-06-14T09:57:08,2200.0,21.9,S
2021-06-14T09:57:08,1300.0,21.9,S
2021-06-14T09:57:08,4300.0,21.9,S
2021-06-14T09:57:08,1000.0,21.9,S
2021-06-14T09:57:08,2100.0,21.9,S
2021-06-14T09:57:08,900.0,21.9,S
2021-06-14T09:57:08,500.0,21.9,S
2021-06-14T09:57:08,500.0,21.9,S
2021-06-14T09:57:08,7000.0,21.9,S
2021-06-14T09:57:07,1200.0,21.9,S
2021-06-14T09:57:07,300.0,21.9,S
2021-06-14T09:57:07,9500.0,21.9,S
2021-06-14T09:57:07,4700.0,21.9,S
2021-06-14T09:56:44,400.0,21.9,S
2021-06-14T09:56:38,500.0,21.9,S
2021-06-14T09:56:34,7000.0,21.9,S
2021-06-14T09:56:27,100.0,21.95,B
2021-06-14T09:56:18,1000.0,21.9,S
2021-06-14T09:56:16,200.0,21.95,B
2021-06-14T09:56:15,4300.0,21.9,S
2021-06-14T09:56:15,100.0,21.9,S
2021-06-14T09:56:15,10600.0,21.9,S
2021-06-14T09:56:06,500.0,21.9,S
2021-06-14T09:56:05,800.0,21.9,S
2021-06-14T09:55:51,100.0,21.9,S
2021-06-14T09:55:49,100.0,21.9,S
2021-06-14T09:55:39,2000.0,21.9,S
2021-06-14T09:55:25,200.0,21.9,S
2021-06-14T09:55:13,7200.0,21.9,S
2021-06-14T09:55:13,2000.0,21.9,S
2021-06-14T09:55:13,500.0,21.9,S
2021-06-14T09:55:13,20100.0,21.9,S
2021-06-14T09:55:13,1500.0,21.9,S
2021-06-14T09:55:13,2200.0,21.9,S
2021-06-14T09:55:13,16500.0,21.9,S
2021-06-14T09:55:07,20000.0,21.9,S
2021-06-14T09:54:40,4000.0,21.9,S
2021-06-14T09:54:40,100.0,21.9,S
2021-06-14T09:54:40,400.0,21.9,S
2021-06-14T09:54:37,2400.0,21.9,S
2021-06-14T09:54:14,1900.0,21.95,B
2021-06-14T09:54:11,100.0,21.9,S
2021-06-14T09:53:56,100.0,21.9,S
2021-06-14T09:53:34,2000.0,21.9,S
2021-06-14T09:53:13,600.0,21.9,S
2021-06-14T09:52:50,4500.0,21.9,S
2021-06-14T09:52:29,100.0,21.95,B
2021-06-14T09:52:25,700.0,21.9,S
2021-06-14T09:52:20,100.0,21.9,S
2021-06-14T09:52:18,8800.0,21.9,S
2021-06-14T09:52:17,1200.0,21.9,S
2021-06-14T09:52:06,1000.0,21.9,S
2021-06-14T09:52:03,3000.0,21.9,S
2021-06-14T09:51:55,4300.0,21.9,S
2021-06-14T09:51:29,400.0,21.9,S
2021-06-14T09:51:29,1900.0,21.9,S
2021-06-14T09:51:29,6700.0,21.9,S
2021-06-14T09:51:29,1700.0,21.9,S
2021-06-14T09:51:29,200.0,21.9,S
2021-06-14T09:51:29,9100.0,21.9,S
2021-06-14T09:51:24,800.0,21.9,S
2021-06-14T09:51:10,400.0,21.9,S
2021-06-14T09:51:10,600.0,21.9,S
2021-06-14T09:51:05,3300.0,21.9,S
2021-06-14T09:51:03,2500.0,21.9,S
2021-06-14T09:50:44,2000.0,21.9,S
2021-06-14T09:50:41,500.0,21.95,B
2021-06-14T09:50:10,2800.0,21.9,S
2021-06-14T09:50:10,500.0,21.9,S
2021-06-14T09:49:31,1000.0,21.9,S
2021-06-14T09:49:20,500.0,21.9,S
2021-06-14T09:49:07,500.0,21.9,S
2021-06-14T09:49:01,2300.0,21.95,B
2021-06-14T09:48:31,500.0,21.9,S
2021-06-14T09:48:23,7400.0,21.95,B
2021-06-14T09:48:23,800.0,21.95,B
2021-06-14T09:48:23,2800.0,21.95,B
2021-06-14T09:48:19,1000.0,21.95,B
2021-06-14T09:48:12,500.0,21.95,B
2021-06-14T09:48:05,400.0,21.95,B
2021-06-14T09:48:04,500.0,21.9,S
2021-06-14T09:47:46,500.0,21.95,B
2021-06-14T09:47:18,100.0,21.95,B
2021-06-14T09:46:51,1000.0,21.95,B
2021-06-14T09:46:48,2900.0,21.95,B
2021-06-14T09:46:47,100.0,21.95,B
2021-06-14T09:46:36,500.0,21.9,S
2021-06-14T09:45:56,1600.0,21.95,B
2021-06-14T09:45:39,500.0,21.95,B
2021-06-14T09:45:18,1000.0,21.9,S
2021-06-14T09:45:16,5000.0,21.95,B
2021-06-14T09:45:04,100.0,21.95,B
2021-06-14T09:44:50,100.0,21.95,B
2021-06-14T09:44:46,13500.0,21.9,S
2021-06-14T09:44:46,600.0,21.9,S
2021-06-14T09:44:46,2200.0,21.9,S
2021-06-14T09:44:46,3600.0,21.9,S
2021-06-14T09:44:46,20200.0,21.9,S
2021-06-14T09:44:29,300.0,21.95,B
2021-06-14T09:44:10,5500.0,21.95,B
2021-06-14T09:44:09,1000.0,21.9,S
2021-06-14T09:43:47,10000.0,21.95,B
2021-06-14T09:43:38,1100.0,21.95,B
2021-06-14T09:43:31,1000.0,21.95,B
2021-06-14T09:43:31,2100.0,21.95,B
2021-06-14T09:43:09,100.0,21.95,B
2021-06-14T09:43:07,500.0,21.9,S
2021-06-14T09:42:53,100.0,21.95,B
2021-06-14T09:42:26,4700.0,21.95,B
2021-06-14T09:41:44,1000.0,21.95,B
2021-06-14T09:41:39,100.0,21.95,B
2021-06-14T09:41:23,100.0,21.95,B
2021-06-14T09:41:01,1000.0,21.95,B
2021-06-14T09:40:59,100.0,21.95,B
2021-06-14T09:40:45,1000.0,21.95,B
2021-06-14T09:40:40,100.0,21.95,B
2021-06-14T09:40:36,500.0,21.9,S
2021-06-14T09:40:24,10900.0,21.9,S
2021-06-14T09:40:17,200.0,21.9,S
2021-06-14T09:40:14,2800.0,21.9,S
2021-06-14T09:40:11,800.0,21.9,S
2021-06-14T09:40:11,200.0,21.95,B
2021-06-14T09:40:04,1400.0,21.9,S
2021-06-14T09:39:39,1000.0,21.9,S
2021-06-14T09:39:14,900.0,21.95,B
2021-06-14T09:39:12,1000.0,21.9,S
2021-06-14T09:39:12,100.0,21.9,S
2021-06-14T09:39:12,900.0,21.9,S
2021-06-14T09:38:59,100.0,21.95,B
2021-06-14T09:38:33,3000.0,21.95,B
2021-06-14T09:38:30,400.0,21.95,B
2021-06-14T09:38:30,1000.0,21.95,B
2021-06-14T09:38:30,800.0,21.95,B
2021-06-14T09:38:25,1000.0,21.9,S
2021-06-14T09:38:25,500.0,21.95,B
2021-06-14T09:38:22,1000.0,21.95,B
2021-06-14T09:37:54,1600.0,21.9,S
2021-06-14T09:37:50,200.0,21.95,B
2021-06-14T09:37:45,500.0,21.95,B
2021-06-14T09:37:34,2700.0,21.95,B
2021-06-14T09:37:18,500.0,21.95,B
2021-06-14T09:37:14,300.0,21.95,B
2021-06-14T09:37:14,500.0,21.95,B
2021-06-14T09:37:12,500.0,21.95,B
2021-06-14T09:37:08,700.0,21.95,B
2021-06-14T09:36:55,18000.0,21.9,S
2021-06-14T09:36:37,400.0,21.9,S
2021-06-14T09:36:20,1000.0,21.95,B
2021-06-14T09:36:05,700.0,21.95,B
2021-06-14T09:36:05,900.0,21.95,B
2021-06-14T09:36:05,7600.0,21.95,B
2021-06-14T09:36:05,100.0,21.95,B
2021-06-14T09:36:05,700.0,21.95,B
2021-06-14T09:36:01,100.0,21.9,S
2021-06-14T09:35:40,500.0,21.9,S
2021-06-14T09:35:36,300.0,21.9,S
2021-06-14T09:35:30,4000.0,21.9,S
2021-06-14T09:35:11,2000.0,21.95,B
2021-06-14T09:35:02,2000.0,21.9,S
2021-06-14T09:34:39,100.0,21.9,S
2021-06-14T09:34:16,600.0,21.95,B
2021-06-14T09:34:08,20000.0,21.95,B
2021-06-14T09:34:07,100.0,21.9,S
2021-06-14T09:33:19,100.0,21.9,S
2021-06-14T09:33:17,200.0,21.95,B
2021-06-14T09:32:58,400.0,21.95,B
2021-06-14T09:32:47,300.0,21.9,S
2021-06-14T09:32:45,200.0,21.95,B
2021-06-14T09:32:13,100.0,21.95,B
2021-06-14T09:32:04,300.0,21.95,B
2021-06-14T09:31:53,100.0,21.9,S
2021-06-14T09:31:51,100.0,21.9,S
2021-06-14T09:31:51,100.0,21.95,B
2021-06-14T09:31:48,200.0,21.95,B
2021-06-14T09:31:46,200.0,21.9,S
2021-06-14T09:31:40,10000.0,21.9,S
2021-06-14T09:30:57,100.0,21.95,B
2021-06-14T09:30:37,1200.0,21.9,S
2021-06-14T09:30:29,300.0,21.9,S
2021-06-14T09:30:26,800.0,21.9,S
2021-06-14T09:29:41,100.0,21.95,B
2021-06-14T09:29:28,10000.0,21.9,S
2021-06-14T09:29:12,100.0,21.95,B
2021-06-14T09:28:51,400.0,21.9,S
2021-06-14T09:28:51,1100.0,21.9,S
2021-06-14T09:28:51,700.0,21.9,S
2021-06-14T09:28:47,700.0,21.9,S
2021-06-14T09:28:45,200.0,21.95,B
2021-06-14T09:28:43,200.0,21.95,B
2021-06-14T09:28:39,200.0,21.95,B
2021-06-14T09:28:38,4000.0,21.9,S
2021-06-14T09:28:25,1000.0,21.95,B
2021-06-14T09:28:25,10300.0,21.95,B
2021-06-14T09:28:25,10100.0,21.95,B
2021-06-14T09:28:25,400.0,21.95,B
2021-06-14T09:28:24,300.0,21.95,B
2021-06-14T09:28:24,1000.0,21.95,B
2021-06-14T09:28:24,3700.0,21.95,B
2021-06-14T09:28:22,100.0,21.95,B
2021-06-14T09:28:18,1000.0,21.95,B
2021-06-14T09:28:10,2500.0,21.9,S
2021-06-14T09:28:04,200.0,21.9,S
2021-06-14T09:28:04,500.0,21.9,S
2021-06-14T09:28:04,12800.0,21.9,S
2021-06-14T09:28:00,300.0,21.95,B
2021-06-14T09:27:38,1000.0,21.9,S
2021-06-14T09:27:08,500.0,21.95,B
2021-06-14T09:27:04,1000.0,21.9,S
2021-06-14T09:27:02,800.0,21.9,S
2021-06-14T09:26:52,500.0,21.95,B
2021-06-14T09:26:28,100.0,21.9,S
2021-06-14T09:26:27,8700.0,21.9,S
2021-06-14T09:26:27,3000.0,21.9,S
2021-06-14T09:26:27,1300.0,21.9,S
2021-06-14T09:26:27,1200.0,21.9,S
2021-06-14T09:26:26,5800.0,21.9,S
2021-06-14T09:26:14,2000.0,21.95,B
2021-06-14T09:26:11,100.0,21.95,B
2021-06-14T09:26:08,100.0,21.95,B
2021-06-14T09:26:08,1400.0,21.95,B
2021-06-14T09:26:04,4000.0,21.9,S
2021-06-14T09:25:58,300.0,21.95,B
2021-06-14T09:25:58,200.0,21.95,B
2021-06-14T09:25:46,100.0,21.95,B
2021-06-14T09:25:44,1000.0,21.95,B
2021-06-14T09:25:35,5400.0,21.95,B
2021-06-14T09:25:32,1000.0,21.95,B
2021-06-14T09:25:26,100.0,21.95,B
2021-06-14T09:25:13,500.0,21.95,B
2021-06-14T09:25:12,1700.0,21.9,S
2021-06-14T09:25:12,1300.0,21.9,S
2021-06-14T09:25:10,1000.0,21.95,B
2021-06-14T09:24:58,1000.0,21.95,B
2021-06-14T09:24:45,400.0,21.9,S
2021-06-14T09:24:45,100.0,21.95,B
2021-06-14T09:24:40,1600.0,21.95,B
2021-06-14T09:24:29,9900.0,21.95,B
2021-06-14T09:24:27,100.0,21.95,B
2021-06-14T09:24:27,2400.0,21.95,B
2021-06-14T09:24:24,500.0,21.95,B
2021-06-14T09:24:22,600.0,21.95,B
2021-06-14T09:24:21,3000.0,21.95,B
2021-06-14T09:24:21,7000.0,21.95,B
2021-06-14T09:24:17,600.0,21.95,B
2021-06-14T09:24:10,100.0,21.95,B
2021-06-14T09:24:08,200.0,21.95,B
2021-06-14T09:24:00,100.0,21.95,B
2021-06-14T09:23:19,300.0,21.95,B
2021-06-14T09:23:17,100.0,21.9,S
2021-06-14T09:23:08,300.0,21.95,B
2021-06-14T09:23:05,100.0,21.95,B
2021-06-14T09:23:04,3800.0,21.95,B
2021-06-14T09:22:57,2000.0,21.95,B
2021-06-14T09:22:53,2000.0,21.95,B
2021-06-14T09:22:51,1500.0,21.9,S
2021-06-14T09:22:38,5000.0,21.95,B
2021-06-14T09:22:25,7100.0,21.95,B
2021-06-14T09:22:21,500.0,21.95,B
2021-06-14T09:22:02,100.0,21.95,B
2021-06-14T09:22:01,3500.0,21.9,S
2021-06-14T09:21:49,1000.0,21.9,S
2021-06-14T09:21:16,600.0,21.9,S
2021-06-14T09:21:16,29400.0,21.9,S
2021-06-14T09:21:12,21000.0,21.9,S
2021-06-14T09:21:06,1000.0,21.9,S
2021-06-14T09:20:53,1000.0,21.9,S
2021-06-14T09:20:43,100.0,21.9,S
2021-06-14T09:20:41,500.0,21.9,S
2021-06-14T09:20:36,1000.0,21.95,B
2021-06-14T09:20:21,5800.0,21.9,S
2021-06-14T09:20:19,2000.0,21.9,S
2021-06-14T09:20:02,100.0,21.9,S
2021-06-14T09:19:45,2400.0,21.9,S
2021-06-14T09:19:45,100.0,21.9,S
2021-06-14T09:19:45,300.0,21.9,S
2021-06-14T09:19:45,2200.0,21.9,S
2021-06-14T09:19:28,14000.0,21.9,S
2021-06-14T09:19:20,500.0,21.9,S
2021-06-14T09:19:17,300.0,21.9,S
2021-06-14T09:19:06,500.0,21.9,B
2021-06-14T09:19:05,100.0,21.9,B
2021-06-14T09:18:47,1000.0,21.9,B
2021-06-14T09:18:45,100.0,21.9,B
2021-06-14T09:18:43,5000.0,21.9,B
2021-06-14T09:18:33,100.0,21.9,B
2021-06-14T09:18:31,6000.0,21.9,B
2021-06-14T09:18:12,200.0,21.9,B
2021-06-14T09:18:05,3400.0,21.9,B
2021-06-14T09:18:03,1000.0,21.9,B
2021-06-14T09:18:00,12800.0,21.9,B
2021-06-14T09:17:45,2000.0,21.9,B
2021-06-14T09:17:45,10700.0,21.9,B
2021-06-14T09:17:35,200.0,21.85,S
2021-06-14T09:17:25,300.0,21.85,S
2021-06-14T09:17:17,100.0,21.9,B
2021-06-14T09:17:15,100.0,21.9,B
2021-06-14T09:17:14,3000.0,21.9,B
2021-06-14T09:17:10,1100.0,21.85,S
2021-06-14T09:17:08,500.0,21.9,B
2021-06-14T09:17:07,800.0,21.9,B
2021-06-14T09:17:03,1000.0,21.9,B
2021-06-14T09:16:59,1000.0,21.9,B
2021-06-14T09:16:58,200.0,21.85,S
2021-06-14T09:16:53,300.0,21.9,B
2021-06-14T09:16:32,500.0,21.9,B
2021-06-14T09:16:16,100.0,21.9,S
2021-06-14T09:16:09,200.0,21.9,S
2021-06-14T09:16:09,12000.0,21.9,S
2021-06-14T09:16:09,600.0,21.9,S
2021-06-14T09:16:09,700.0,21.9,S
2021-06-14T09:16:09,1200.0,21.9,S
2021-06-14T09:16:09,1400.0,21.9,S
2021-06-14T09:16:09,5300.0,21.9,S
2021-06-14T09:16:09,7600.0,21.9,S
2021-06-14T09:16:09,2500.0,21.9,S
2021-06-14T09:16:09,1700.0,21.9,S
2021-06-14T09:16:09,2600.0,21.9,S
2021-06-14T09:16:09,2100.0,21.9,S
2021-06-14T09:16:09,15400.0,21.9,S
2021-06-14T09:16:09,2000.0,21.9,S
2021-06-14T09:16:09,200.0,21.9,S
2021-06-14T09:16:09,2600.0,21.9,S
2021-06-14T09:16:09,100.0,21.9,S
2021-06-14T09:16:09,700.0,21.9,S
2021-06-14T09:16:09,3200.0,21.9,S
2021-06-14T09:16:09,100.0,21.9,S
2021-06-14T09:16:09,400.0,21.9,S
2021-06-14T09:16:09,600.0,21.9,S
2021-06-14T09:16:09,3400.0,21.9,S
2021-06-14T09:16:09,700.0,21.9,S
2021-06-14T09:16:09,3000.0,21.9,S
2021-06-14T09:16:09,7800.0,21.9,S
2021-06-14T09:15:54,700.0,21.9,S
2021-06-14T09:15:46,100.0,21.9,S
2021-06-14T09:15:42,300.0,21.9,S
2021-06-14T09:15:42,100.0,21.9,S
