tradingTime,volume,price,side
2021-06-14T14:25:37,100.0,36.45,B
2021-06-14T14:24:15,2600.0,36.45,B
2021-06-14T14:24:15,1400.0,36.45,B
2021-06-14T14:23:29,2000.0,36.4,S
2021-06-14T14:22:32,1000.0,36.4,S
2021-06-14T14:22:31,300.0,36.4,S
2021-06-14T14:20:34,300.0,36.4,S
2021-06-14T14:20:15,1000.0,36.4,S
2021-06-14T14:20:13,700.0,36.4,S
2021-06-14T14:20:13,600.0,36.4,S
2021-06-14T14:18:48,800.0,36.4,S
2021-06-14T14:17:49,900.0,36.4,B
2021-06-14T14:17:24,5000.0,36.4,B
2021-06-14T14:15:34,100.0,36.4,B
2021-06-14T14:15:33,1000.0,36.4,B
2021-06-14T14:15:10,400.0,36.45,B
2021-06-14T14:14:44,3200.0,36.4,B
2021-06-14T14:12:58,2000.0,36.4,S
2021-06-14T14:10:14,4100.0,36.4,S
2021-06-14T14:10:13,3000.0,36.4,S
2021-06-14T14:09:05,900.0,36.4,S
2021-06-14T14:09:05,1100.0,36.4,S
2021-06-14T14:08:54,2000.0,36.4,S
2021-06-14T14:07:58,3000.0,36.4,S
2021-06-14T14:04:21,100.0,36.45,B
2021-06-14T14:03:52,800.0,36.45,B
2021-06-14T14:02:28,1000.0,36.4,S
2021-06-14T14:02:00,400.0,36.4,S
2021-06-14T14:01:44,500.0,36.4,S
2021-06-14T13:58:27,400.0,36.4,S
2021-06-14T13:58:27,100.0,36.4,S
2021-06-14T13:58:11,500.0,36.4,S
2021-06-14T13:56:08,1000.0,36.4,S
2021-06-14T13:56:08,3400.0,36.4,S
2021-06-14T13:54:36,800.0,36.4,S
2021-06-14T13:54:29,200.0,36.4,S
2021-06-14T13:54:25,3000.0,36.4,S
2021-06-14T13:53:44,4300.0,36.4,S
2021-06-14T13:53:25,700.0,36.4,S
2021-06-14T13:53:25,500.0,36.4,S
2021-06-14T13:50:19,500.0,36.4,S
2021-06-14T13:47:40,100.0,36.4,B
2021-06-14T13:47:38,1400.0,36.4,B
2021-06-14T13:40:50,100.0,36.45,B
2021-06-14T13:40:10,2000.0,36.3,S
2021-06-14T13:40:10,1500.0,36.3,S
2021-06-14T13:40:10,1500.0,36.35,S
2021-06-14T13:38:01,5000.0,36.4,S
2021-06-14T13:35:20,200.0,36.45,S
2021-06-14T13:35:02,300.0,36.45,S
2021-06-14T13:34:47,3000.0,36.5,B
2021-06-14T13:34:41,300.0,36.5,B
2021-06-14T13:34:19,6200.0,36.4,S
2021-06-14T13:34:06,1000.0,36.5,B
2021-06-14T13:33:35,1000.0,36.5,B
2021-06-14T13:32:26,300.0,36.5,B
2021-06-14T13:31:38,500.0,36.45,S
2021-06-14T13:30:58,200.0,36.45,S
2021-06-14T13:27:44,900.0,36.45,B
2021-06-14T13:27:43,500.0,36.45,B
2021-06-14T13:27:37,5000.0,36.5,B
2021-06-14T13:27:24,900.0,36.45,B
2021-06-14T13:26:52,700.0,36.45,B
2021-06-14T13:26:41,200.0,36.45,B
2021-06-14T13:26:37,1900.0,36.45,B
2021-06-14T13:26:37,200.0,36.45,B
2021-06-14T13:26:37,1100.0,36.45,B
2021-06-14T13:26:21,100.0,36.45,B
2021-06-14T13:26:18,1000.0,36.45,B
2021-06-14T13:25:03,3300.0,36.45,B
2021-06-14T13:23:59,200.0,36.4,S
2021-06-14T13:20:49,11500.0,36.4,B
2021-06-14T13:20:47,500.0,36.4,B
2021-06-14T13:20:42,600.0,36.4,B
2021-06-14T13:17:14,200.0,36.4,B
2021-06-14T13:16:53,200.0,36.4,B
2021-06-14T13:16:27,500.0,36.4,B
2021-06-14T13:16:27,9200.0,36.4,B
2021-06-14T13:16:01,100.0,36.4,B
2021-06-14T13:08:30,100.0,36.4,B
2021-06-14T13:08:11,2000.0,36.4,B
2021-06-14T13:06:55,100.0,36.35,B
2021-06-14T13:05:21,100.0,36.35,B
2021-06-14T13:01:58,200.0,36.3,B
2021-06-14T13:00:38,100.0,36.3,B
2021-06-14T13:00:34,100.0,36.3,B
2021-06-14T13:00:23,300.0,36.2,S
2021-06-14T13:00:23,2500.0,36.2,S
2021-06-14T13:00:23,200.0,36.2,S
2021-06-14T13:00:23,6300.0,36.2,S
2021-06-14T13:00:23,700.0,36.25,S
2021-06-14T11:30:12,300.0,36.3,B
2021-06-14T11:29:34,1000.0,36.3,B
2021-06-14T11:29:09,500.0,36.3,B
2021-06-14T11:28:15,500.0,36.3,B
2021-06-14T11:27:15,100.0,36.3,B
2021-06-14T11:23:52,200.0,36.3,B
2021-06-14T11:23:09,200.0,36.3,S
2021-06-14T11:20:51,300.0,36.35,B
2021-06-14T11:20:34,100.0,36.35,B
2021-06-14T11:18:12,500.0,36.35,B
2021-06-14T11:14:54,1200.0,36.35,B
2021-06-14T11:14:23,100.0,36.35,B
2021-06-14T11:11:58,200.0,36.35,B
2021-06-14T11:10:15,300.0,36.35,B
2021-06-14T11:09:33,300.0,36.35,B
2021-06-14T11:09:19,100.0,36.35,B
2021-06-14T11:08:49,100.0,36.35,B
2021-06-14T11:08:47,700.0,36.35,B
2021-06-14T11:04:55,500.0,36.35,B
2021-06-14T11:04:52,300.0,36.35,B
2021-06-14T11:04:13,200.0,36.35,B
2021-06-14T11:02:42,100.0,36.3,S
2021-06-14T10:59:34,200.0,36.35,B
2021-06-14T10:56:10,5200.0,36.4,B
2021-06-14T10:55:47,500.0,36.3,B
2021-06-14T10:55:17,500.0,36.3,B
2021-06-14T10:52:49,100.0,36.3,B
2021-06-14T10:52:37,1900.0,36.3,B
2021-06-14T10:52:36,100.0,36.3,B
2021-06-14T10:49:52,800.0,36.3,B
2021-06-14T10:48:26,200.0,36.3,S
2021-06-14T10:47:53,5000.0,36.4,B
2021-06-14T10:45:55,700.0,36.4,B
2021-06-14T10:43:44,1000.0,36.4,S
2021-06-14T10:43:38,600.0,36.4,S
2021-06-14T10:40:52,100.0,36.4,B
2021-06-14T10:40:14,100.0,36.4,B
2021-06-14T10:39:40,9000.0,36.4,B
2021-06-14T10:39:29,1000.0,36.4,B
2021-06-14T10:38:03,1600.0,36.45,B
2021-06-14T10:38:03,1400.0,36.4,B
2021-06-14T10:36:39,10000.0,36.2,S
2021-06-14T10:36:33,3000.0,36.4,S
2021-06-14T10:36:30,1000.0,36.3,S
2021-06-14T10:35:33,400.0,36.4,S
2021-06-14T10:35:31,700.0,36.4,S
2021-06-14T10:35:20,4500.0,36.4,S
2021-06-14T10:33:32,500.0,36.45,B
2021-06-14T10:33:07,100.0,36.45,B
2021-06-14T10:32:47,100.0,36.45,B
2021-06-14T10:32:33,600.0,36.4,S
2021-06-14T10:31:39,100.0,36.4,B
2021-06-14T10:31:37,500.0,36.4,B
2021-06-14T10:31:34,4500.0,36.4,B
2021-06-14T10:31:03,500.0,36.4,B
2021-06-14T10:31:03,500.0,36.4,B
2021-06-14T10:30:19,300.0,36.4,B
2021-06-14T10:29:19,500.0,36.4,B
2021-06-14T10:27:57,900.0,36.4,B
2021-06-14T10:27:57,4100.0,36.4,B
2021-06-14T10:27:35,1000.0,36.2,S
2021-06-14T10:26:25,100.0,36.2,B
2021-06-14T10:26:03,4900.0,36.2,B
2021-06-14T10:25:48,500.0,36.2,B
2021-06-14T10:25:46,300.0,36.2,B
2021-06-14T10:25:22,200.0,36.2,B
2021-06-14T10:25:22,1000.0,36.2,B
2021-06-14T10:25:04,1000.0,36.2,B
2021-06-14T10:25:02,500.0,36.2,B
2021-06-14T10:23:49,100.0,36.2,B
2021-06-14T10:23:37,500.0,36.2,B
2021-06-14T10:23:33,100.0,36.2,B
2021-06-14T10:21:29,100.0,36.2,B
2021-06-14T10:20:59,100.0,36.15,S
2021-06-14T10:19:39,1200.0,36.1,B
2021-06-14T10:19:32,1000.0,36.1,B
2021-06-14T10:19:02,2000.0,36.1,B
2021-06-14T10:15:19,100.0,36.05,B
2021-06-14T10:15:16,3000.0,36.05,B
2021-06-14T10:15:04,500.0,36.05,B
2021-06-14T10:14:55,100.0,36.05,B
2021-06-14T10:14:49,3400.0,36.05,B
2021-06-14T10:14:41,2000.0,36.05,B
2021-06-14T10:14:18,100.0,36.05,B
2021-06-14T10:13:29,2000.0,36.0,B
2021-06-14T10:11:47,100.0,36.0,B
2021-06-14T10:11:42,2000.0,36.0,B
2021-06-14T10:10:52,1000.0,36.0,B
2021-06-14T10:10:15,100.0,36.0,B
2021-06-14T10:10:00,1000.0,36.0,B
2021-06-14T10:07:25,100.0,36.0,B
2021-06-14T10:07:14,100.0,36.0,B
2021-06-14T10:05:47,100.0,35.95,S
2021-06-14T10:05:17,100.0,36.0,B
2021-06-14T10:04:10,100.0,36.0,B
2021-06-14T10:03:34,2000.0,36.0,B
2021-06-14T10:03:12,1600.0,36.0,B
2021-06-14T10:03:07,200.0,36.0,B
2021-06-14T10:03:02,1000.0,36.0,B
2021-06-14T10:01:43,1000.0,36.0,B
2021-06-14T10:00:19,2000.0,36.0,B
2021-06-14T09:59:34,200.0,36.0,B
2021-06-14T09:59:20,100.0,36.0,B
2021-06-14T09:57:13,200.0,36.0,B
2021-06-14T09:56:47,3000.0,35.95,S
2021-06-14T09:55:07,1000.0,36.0,B
2021-06-14T09:55:05,700.0,36.0,B
2021-06-14T09:54:40,1000.0,36.0,B
2021-06-14T09:54:29,1000.0,36.0,B
2021-06-14T09:53:49,2000.0,36.0,B
2021-06-14T09:53:46,2000.0,36.0,B
2021-06-14T09:53:13,500.0,36.0,B
2021-06-14T09:53:09,200.0,36.0,B
2021-06-14T09:52:35,1000.0,36.0,B
2021-06-14T09:52:35,1600.0,36.0,B
2021-06-14T09:51:54,1400.0,36.0,B
2021-06-14T09:51:19,100.0,36.0,B
2021-06-14T09:50:43,500.0,36.0,B
2021-06-14T09:49:22,1000.0,36.0,B
2021-06-14T09:49:10,100.0,36.0,B
2021-06-14T09:48:42,1000.0,36.0,B
2021-06-14T09:47:08,500.0,36.0,S
2021-06-14T09:47:02,3000.0,36.0,S
2021-06-14T09:46:08,100.0,36.0,S
2021-06-14T09:46:07,300.0,36.0,S
2021-06-14T09:45:04,200.0,36.0,S
2021-06-14T09:44:32,800.0,36.0,S
2021-06-14T09:44:32,800.0,36.0,S
2021-06-14T09:44:32,200.0,36.0,S
2021-06-14T09:42:25,100.0,36.0,S
2021-06-14T09:39:34,1900.0,36.0,S
2021-06-14T09:38:25,700.0,36.0,S
2021-06-14T09:38:16,600.0,36.0,S
2021-06-14T09:37:56,300.0,36.0,S
2021-06-14T09:37:32,300.0,36.05,B
2021-06-14T09:36:56,500.0,36.05,B
2021-06-14T09:36:48,100.0,36.05,B
2021-06-14T09:36:23,1500.0,36.0,S
2021-06-14T09:36:22,200.0,36.05,B
2021-06-14T09:35:19,500.0,36.05,B
2021-06-14T09:34:28,100.0,36.0,S
2021-06-14T09:33:52,400.0,36.05,S
2021-06-14T09:33:26,100.0,36.05,S
2021-06-14T09:32:48,500.0,36.05,S
2021-06-14T09:30:17,8300.0,36.05,S
2021-06-14T09:27:45,200.0,36.4,B
2021-06-14T09:26:28,100.0,36.4,S
2021-06-14T09:26:18,2100.0,36.4,S
2021-06-14T09:25:56,600.0,36.45,S
2021-06-14T09:25:24,500.0,36.45,S
2021-06-14T09:24:55,100.0,36.4,S
2021-06-14T09:24:21,100.0,36.45,S
2021-06-14T09:22:16,600.0,36.5,B
2021-06-14T09:21:56,3000.0,36.5,B
2021-06-14T09:21:35,500.0,36.5,B
2021-06-14T09:21:33,100.0,36.45,S
2021-06-14T09:21:23,3000.0,36.45,S
2021-06-14T09:21:22,100.0,36.45,S
2021-06-14T09:21:18,1400.0,36.45,S
2021-06-14T09:21:09,3000.0,36.5,B
2021-06-14T09:21:00,300.0,36.5,B
2021-06-14T09:20:54,1500.0,36.5,B
2021-06-14T09:20:40,4400.0,36.5,B
2021-06-14T09:20:40,400.0,36.45,S
2021-06-14T09:20:27,100.0,36.45,S
2021-06-14T09:20:24,100.0,36.5,B
2021-06-14T09:20:11,400.0,36.5,B
2021-06-14T09:19:14,1000.0,36.5,B
2021-06-14T09:18:37,1000.0,36.5,S
2021-06-14T09:18:35,100.0,36.5,S
2021-06-14T09:17:57,200.0,36.5,S
2021-06-14T09:17:33,500.0,36.5,B
2021-06-14T09:17:28,200.0,36.5,B
2021-06-14T09:17:26,14100.0,36.5,B
2021-06-14T09:17:17,5000.0,36.5,B
2021-06-14T09:16:36,500.0,36.45,S
2021-06-14T09:16:11,1000.0,36.5,B
2021-06-14T09:16:10,6400.0,36.5,B
