tradingTime,volume,price,side
2021-06-14T14:50:56,10000.0,3.0,S
2021-06-14T14:50:46,1000.0,3.0,S
2021-06-14T14:48:01,400.0,3.1,B
2021-06-14T14:46:46,5300.0,3.1,B
2021-06-14T14:46:16,1000.0,3.1,B
2021-06-14T14:44:26,500.0,3.1,B
2021-06-14T14:43:36,10000.0,3.0,S
2021-06-14T14:43:31,500.0,3.1,B
2021-06-14T14:43:11,100.0,3.0,S
2021-06-14T14:38:36,300.0,3.0,S
2021-06-14T14:38:01,200.0,3.0,S
2021-06-14T14:37:46,50000.0,3.0,S
2021-06-14T14:36:36,2000.0,3.0,S
2021-06-14T14:36:16,6000.0,3.0,S
2021-06-14T14:35:56,1000.0,3.0,S
2021-06-14T14:35:21,400.0,3.1,B
2021-06-14T14:32:16,1500.0,3.1,B
2021-06-14T14:29:37,100.0,3.1,B
2021-06-14T14:27:27,500.0,3.0,S
2021-06-14T14:26:18,8800.0,3.0,S
2021-06-14T14:25:34,1900.0,3.1,B
2021-06-14T14:23:26,500.0,3.1,B
2021-06-14T14:23:25,2000.0,3.1,B
2021-06-14T14:23:24,300.0,3.0,S
2021-06-14T14:22:53,4300.0,3.0,S
2021-06-14T14:22:36,400.0,3.0,S
2021-06-14T14:19:47,100.0,3.0,S
2021-06-14T14:19:28,200.0,3.0,S
2021-06-14T14:17:49,33000.0,3.0,S
2021-06-14T14:17:38,100.0,3.0,S
2021-06-14T14:17:35,20000.0,3.0,S
2021-06-14T14:16:40,2000.0,3.1,B
2021-06-14T14:14:53,1000.0,3.0,S
2021-06-14T14:13:26,1000.0,3.0,S
2021-06-14T14:13:10,200.0,3.0,S
2021-06-14T14:12:40,600.0,3.0,S
2021-06-14T14:12:22,10100.0,3.0,S
2021-06-14T14:12:02,6000.0,3.1,B
2021-06-14T14:12:01,50000.0,3.0,S
2021-06-14T14:11:36,200.0,3.0,S
2021-06-14T14:08:27,15000.0,3.1,B
2021-06-14T14:06:23,100.0,3.1,B
2021-06-14T14:05:54,1000.0,3.0,S
2021-06-14T14:05:02,1000.0,3.0,S
2021-06-14T14:04:34,5000.0,3.1,B
2021-06-14T14:01:22,4000.0,3.1,B
2021-06-14T14:01:03,200.0,3.1,B
2021-06-14T14:00:45,100.0,3.1,B
2021-06-14T14:00:36,200.0,3.0,S
2021-06-14T13:59:48,100.0,3.1,B
2021-06-14T13:58:49,1000.0,3.0,S
2021-06-14T13:58:13,100.0,3.1,B
2021-06-14T13:57:51,300.0,3.1,B
2021-06-14T13:56:03,10000.0,3.1,B
2021-06-14T13:53:51,100.0,3.1,B
2021-06-14T13:52:58,7500.0,3.1,B
2021-06-14T13:50:04,100.0,3.1,B
2021-06-14T13:49:43,20000.0,3.0,S
2021-06-14T13:49:25,38000.0,3.1,B
2021-06-14T13:49:16,1900.0,3.1,B
2021-06-14T13:48:17,8000.0,3.1,B
2021-06-14T13:46:07,100.0,3.1,B
2021-06-14T13:45:56,2000.0,3.0,S
2021-06-14T13:45:38,20000.0,3.1,B
2021-06-14T13:41:45,2000.0,3.1,B
2021-06-14T13:41:11,200.0,3.1,B
2021-06-14T13:40:22,400.0,3.1,B
2021-06-14T13:37:50,50000.0,3.1,B
2021-06-14T13:37:32,300.0,3.1,B
2021-06-14T13:35:31,1000.0,3.1,B
2021-06-14T13:34:24,50000.0,3.1,B
2021-06-14T13:33:22,91500.0,3.0,S
2021-06-14T13:32:08,100.0,3.0,S
2021-06-14T13:29:39,100.0,3.0,S
2021-06-14T13:23:19,600.0,3.0,S
2021-06-14T13:22:18,3700.0,3.0,S
2021-06-14T13:22:08,12000.0,3.1,B
2021-06-14T13:21:52,10000.0,3.0,S
2021-06-14T13:20:44,1500.0,3.0,S
2021-06-14T13:20:18,100.0,3.0,S
2021-06-14T13:19:56,400.0,3.0,S
2021-06-14T13:19:13,5000.0,3.0,S
2021-06-14T13:19:07,10000.0,3.0,S
2021-06-14T13:17:59,10000.0,3.0,S
2021-06-14T13:16:28,200.0,3.0,S
2021-06-14T13:16:05,500.0,3.0,S
2021-06-14T13:16:03,400.0,3.0,S
2021-06-14T13:15:24,100.0,3.0,S
2021-06-14T13:09:17,100.0,3.0,S
2021-06-14T13:09:01,200.0,3.0,S
2021-06-14T13:08:13,5000.0,3.0,S
2021-06-14T13:07:00,1100.0,3.1,B
2021-06-14T13:06:26,100.0,3.1,B
2021-06-14T13:02:59,3000.0,3.0,S
2021-06-14T13:02:31,50000.0,3.0,S
2021-06-14T13:00:23,4000.0,3.1,B
2021-06-14T11:29:47,5000.0,3.0,S
2021-06-14T11:29:00,400.0,3.0,S
2021-06-14T11:25:38,19900.0,3.0,S
2021-06-14T11:25:30,33000.0,3.0,S
2021-06-14T11:23:41,400.0,3.0,S
2021-06-14T11:23:14,5000.0,3.0,S
2021-06-14T11:23:03,1000.0,3.1,B
2021-06-14T11:18:08,600.0,3.1,B
2021-06-14T11:17:56,200.0,3.0,S
2021-06-14T11:12:54,16100.0,3.0,S
2021-06-14T11:09:35,50000.0,3.0,S
2021-06-14T11:08:06,900.0,3.0,S
2021-06-14T11:08:00,100.0,3.0,S
2021-06-14T11:07:47,3400.0,3.1,B
2021-06-14T11:04:45,300.0,3.0,S
2021-06-14T11:03:48,50000.0,3.0,S
2021-06-14T11:03:47,1000.0,3.0,S
2021-06-14T11:03:31,100.0,3.1,B
2021-06-14T11:03:05,100.0,3.1,B
2021-06-14T10:57:44,300.0,3.1,B
2021-06-14T10:56:40,1000.0,3.1,B
2021-06-14T10:55:26,2000.0,3.1,B
2021-06-14T10:54:41,100.0,3.1,B
2021-06-14T10:54:11,500.0,3.1,B
2021-06-14T10:52:05,1000.0,3.1,B
2021-06-14T10:51:26,300.0,3.1,B
2021-06-14T10:49:33,300.0,3.1,B
2021-06-14T10:47:17,4000.0,3.1,B
2021-06-14T10:46:45,100.0,3.1,B
2021-06-14T10:41:35,22000.0,3.1,B
2021-06-14T10:41:32,1000.0,3.1,B
2021-06-14T10:41:21,1000.0,3.1,B
2021-06-14T10:38:45,3000.0,3.1,B
2021-06-14T10:36:20,500.0,3.0,S
2021-06-14T10:35:55,100.0,3.0,S
2021-06-14T10:35:21,4300.0,3.0,S
2021-06-14T10:34:33,5600.0,3.0,S
2021-06-14T10:34:10,200.0,3.0,S
2021-06-14T10:32:14,7200.0,3.0,S
2021-06-14T10:31:33,100.0,3.1,B
2021-06-14T10:31:04,40500.0,3.0,S
2021-06-14T10:30:32,200.0,3.1,B
2021-06-14T10:30:08,100.0,3.1,B
2021-06-14T10:29:55,3000.0,3.0,S
2021-06-14T10:27:34,300.0,3.1,B
2021-06-14T10:26:25,2500.0,3.0,S
2021-06-14T10:25:30,150900.0,3.0,S
2021-06-14T10:24:29,251000.0,3.0,S
2021-06-14T10:24:13,1000.0,3.1,B
2021-06-14T10:21:53,8800.0,3.1,B
2021-06-14T10:19:23,2000.0,3.1,B
2021-06-14T10:17:34,200.0,3.1,B
2021-06-14T10:17:04,300.0,3.1,B
2021-06-14T10:14:57,800.0,3.1,B
2021-06-14T10:13:07,5000.0,3.0,S
2021-06-14T10:11:25,100.0,3.0,S
2021-06-14T10:11:23,2300.0,3.1,B
2021-06-14T10:09:51,9100.0,3.0,S
2021-06-14T10:09:30,5000.0,3.0,S
2021-06-14T10:09:08,4800.0,3.0,S
2021-06-14T10:08:43,200.0,3.0,S
2021-06-14T10:05:20,300.0,3.1,B
2021-06-14T10:05:08,400.0,3.1,B
2021-06-14T10:02:22,100.0,3.1,B
2021-06-14T10:02:13,100.0,3.0,S
2021-06-14T10:00:10,200.0,3.1,B
2021-06-14T09:59:05,3000.0,3.1,B
2021-06-14T09:59:01,100.0,3.1,B
2021-06-14T09:58:48,2000.0,3.0,S
2021-06-14T09:56:22,1500.0,3.1,B
2021-06-14T09:55:50,1300.0,3.0,S
2021-06-14T09:54:47,5000.0,3.1,B
2021-06-14T09:53:40,3200.0,3.1,B
2021-06-14T09:52:37,100.0,3.1,B
2021-06-14T09:52:21,100.0,3.0,S
2021-06-14T09:50:54,5000.0,3.1,B
2021-06-14T09:48:32,5000.0,3.1,B
2021-06-14T09:48:05,100.0,3.1,B
2021-06-14T09:47:43,2000.0,3.0,S
2021-06-14T09:47:29,200.0,3.1,B
2021-06-14T09:47:17,100.0,3.1,B
2021-06-14T09:46:38,100.0,3.1,B
2021-06-14T09:46:21,1200.0,3.0,S
2021-06-14T09:45:48,100.0,3.1,B
2021-06-14T09:45:48,500.0,3.0,S
2021-06-14T09:45:44,600.0,3.0,S
2021-06-14T09:45:38,100.0,3.0,S
2021-06-14T09:45:24,1000.0,3.1,B
2021-06-14T09:45:16,100.0,3.1,B
2021-06-14T09:44:53,7400.0,3.0,S
2021-06-14T09:44:41,38000.0,3.0,S
2021-06-14T09:44:34,200.0,3.1,B
2021-06-14T09:44:27,10000.0,3.1,B
2021-06-14T09:43:58,200.0,3.1,B
2021-06-14T09:42:48,5000.0,3.1,B
2021-06-14T09:40:47,5000.0,3.1,B
2021-06-14T09:39:48,3700.0,3.1,B
2021-06-14T09:39:04,4900.0,3.1,B
2021-06-14T09:38:36,3600.0,3.1,B
2021-06-14T09:37:59,11200.0,3.1,B
2021-06-14T09:37:44,100.0,3.1,B
2021-06-14T09:37:29,200.0,3.0,S
2021-06-14T09:36:28,500.0,3.1,B
2021-06-14T09:36:09,6200.0,3.1,B
2021-06-14T09:35:34,27000.0,3.1,B
2021-06-14T09:33:03,500.0,3.1,B
2021-06-14T09:31:53,100.0,3.1,B
2021-06-14T09:31:17,200.0,3.1,B
2021-06-14T09:31:05,100.0,3.1,B
2021-06-14T09:30:48,1600.0,3.1,B
2021-06-14T09:30:43,100.0,3.1,B
2021-06-14T09:30:32,500.0,3.1,B
2021-06-14T09:29:56,400.0,3.0,S
2021-06-14T09:29:41,200.0,3.0,S
2021-06-14T09:28:09,1000.0,3.0,S
2021-06-14T09:27:32,5000.0,3.1,B
2021-06-14T09:26:25,500.0,3.1,B
2021-06-14T09:25:41,2000.0,3.1,B
2021-06-14T09:24:40,100.0,3.1,B
2021-06-14T09:24:03,500.0,3.0,S
2021-06-14T09:23:59,12000.0,3.1,B
2021-06-14T09:22:57,1800.0,3.1,B
2021-06-14T09:22:41,200.0,3.1,B
2021-06-14T09:21:55,400.0,3.1,B
2021-06-14T09:20:16,3000.0,3.1,B
2021-06-14T09:18:08,1000.0,3.1,B
2021-06-14T09:17:52,100.0,3.1,B
2021-06-14T09:16:51,1500.0,3.1,B
2021-06-14T09:16:42,3000.0,3.1,B
2021-06-14T09:15:20,2800.0,3.1,B
2021-06-14T09:14:41,10000.0,3.1,B
2021-06-14T09:14:21,100.0,3.1,B
2021-06-14T09:13:38,400.0,3.1,B
2021-06-14T09:13:19,3200.0,3.1,B
2021-06-14T09:12:49,700.0,3.1,B
2021-06-14T09:11:42,200.0,3.1,B
2021-06-14T09:11:33,1500.0,3.1,B
2021-06-14T09:08:49,400.0,3.1,B
2021-06-14T09:08:05,200.0,3.1,B
2021-06-14T09:08:03,5000.0,3.1,B
2021-06-14T09:07:34,1000.0,3.1,B
2021-06-14T09:07:32,500.0,3.1,B
2021-06-14T09:07:30,1000.0,3.1,B
2021-06-14T09:07:03,1000.0,3.1,B
2021-06-14T09:06:47,10000.0,3.1,B
2021-06-14T09:05:54,100.0,3.1,B
2021-06-14T09:04:36,100.0,3.1,B
2021-06-14T09:04:30,100.0,3.0,S
2021-06-14T09:04:07,10000.0,3.1,B
2021-06-14T09:03:51,1000.0,3.1,B
2021-06-14T09:03:42,10000.0,3.1,B
2021-06-14T09:03:34,200.0,3.1,B
2021-06-14T09:03:33,100.0,3.1,B
2021-06-14T09:02:57,9000.0,3.1,B
2021-06-14T09:02:05,1900.0,3.1,B
2021-06-14T09:01:52,1000.0,3.1,B
2021-06-14T09:01:23,1000.0,3.1,B
2021-06-14T09:00:38,3000.0,3.1,B
2021-06-14T09:00:26,5100.0,3.1,B
2021-06-14T09:00:24,5000.0,3.1,B
2021-06-14T09:00:10,200.0,3.1,B
