tradingTime,volume,price,side
2021-06-14T14:30:11,100.0,70.2,B
2021-06-14T14:29:51,900.0,70.1,S
2021-06-14T14:29:38,2900.0,70.2,B
2021-06-14T14:29:38,1500.0,70.2,B
2021-06-14T14:29:38,1400.0,70.2,B
2021-06-14T14:29:38,3100.0,70.2,B
2021-06-14T14:29:38,12100.0,70.2,B
2021-06-14T14:28:54,20000.0,70.1,S
2021-06-14T14:27:37,500.0,70.2,B
2021-06-14T14:27:17,100.0,70.2,B
2021-06-14T14:27:15,200.0,70.2,B
2021-06-14T14:27:14,100.0,70.2,B
2021-06-14T14:27:03,500.0,70.1,S
2021-06-14T14:27:01,500.0,70.2,B
2021-06-14T14:26:58,900.0,70.2,B
2021-06-14T14:26:58,300.0,70.2,B
2021-06-14T14:26:57,1000.0,70.1,S
2021-06-14T14:26:50,1500.0,70.1,S
2021-06-14T14:26:49,1000.0,70.1,S
2021-06-14T14:26:48,7100.0,70.1,S
2021-06-14T14:26:43,500.0,70.2,B
2021-06-14T14:26:36,100.0,70.1,S
2021-06-14T14:26:31,1000.0,70.1,S
2021-06-14T14:26:28,500.0,70.1,S
2021-06-14T14:26:25,100.0,70.1,S
2021-06-14T14:26:25,100.0,70.2,B
2021-06-14T14:26:23,5000.0,70.2,B
2021-06-14T14:26:18,2400.0,70.1,S
2021-06-14T14:26:16,5000.0,70.2,B
2021-06-14T14:26:12,400.0,70.2,B
2021-06-14T14:26:07,500.0,70.2,B
2021-06-14T14:26:01,1000.0,70.1,S
2021-06-14T14:25:58,100.0,70.2,B
2021-06-14T14:25:57,300.0,70.2,B
2021-06-14T14:25:56,500.0,70.2,B
2021-06-14T14:25:52,100.0,70.1,S
2021-06-14T14:25:27,5000.0,70.2,B
2021-06-14T14:25:24,500.0,70.1,S
2021-06-14T14:25:23,1500.0,70.1,S
2021-06-14T14:25:22,4000.0,70.1,S
2021-06-14T14:25:20,300.0,70.1,S
2021-06-14T14:25:18,500.0,70.1,S
2021-06-14T14:25:17,1000.0,70.1,S
2021-06-14T14:25:16,5000.0,70.2,B
2021-06-14T14:25:14,1000.0,70.2,B
2021-06-14T14:25:10,100000.0,70.1,S
2021-06-14T14:25:06,5500.0,70.1,S
2021-06-14T14:25:00,16300.0,70.1,S
2021-06-14T14:25:00,500.0,70.1,S
2021-06-14T14:25:00,1100.0,70.1,S
2021-06-14T14:25:00,7100.0,70.1,S
2021-06-14T14:25:00,300.0,70.1,S
2021-06-14T14:24:59,3000.0,70.1,S
2021-06-14T14:24:58,5000.0,70.2,B
2021-06-14T14:24:55,600.0,70.1,S
2021-06-14T14:24:54,2000.0,70.1,S
2021-06-14T14:24:48,200.0,70.1,S
2021-06-14T14:24:47,1000.0,70.1,S
2021-06-14T14:24:43,200.0,70.1,S
2021-06-14T14:24:43,500.0,70.1,S
2021-06-14T14:24:42,600.0,70.1,S
2021-06-14T14:24:39,200.0,70.1,S
2021-06-14T14:24:23,1000.0,70.1,S
2021-06-14T14:24:22,300.0,70.1,S
2021-06-14T14:24:19,7400.0,70.1,S
2021-06-14T14:24:17,1000.0,70.1,S
2021-06-14T14:24:12,500.0,70.2,B
2021-06-14T14:24:02,100.0,70.1,S
2021-06-14T14:23:56,9300.0,70.1,S
2021-06-14T14:23:49,200.0,70.1,B
2021-06-14T14:23:49,1200.0,70.1,B
2021-06-14T14:23:48,2200.0,70.1,B
2021-06-14T14:23:48,66200.0,70.1,B
2021-06-14T14:23:48,100.0,70.0,S
2021-06-14T14:23:45,200.0,70.1,B
2021-06-14T14:23:45,1000.0,70.0,S
2021-06-14T14:23:42,200.0,70.0,S
2021-06-14T14:23:42,200.0,70.1,B
2021-06-14T14:23:42,4900.0,70.0,S
2021-06-14T14:23:39,200.0,70.0,S
2021-06-14T14:23:37,100.0,70.0,S
2021-06-14T14:23:36,15000.0,70.0,S
2021-06-14T14:23:31,200.0,70.1,B
2021-06-14T14:23:27,1000.0,70.1,B
2021-06-14T14:23:25,100.0,70.1,B
2021-06-14T14:23:23,2000.0,70.0,S
2021-06-14T14:23:22,2000.0,70.0,S
2021-06-14T14:23:20,100.0,70.1,B
2021-06-14T14:22:59,1100.0,70.1,S
2021-06-14T14:22:59,2000.0,70.0,S
2021-06-14T14:22:58,7000.0,70.1,S
2021-06-14T14:22:54,100.0,70.1,S
2021-06-14T14:22:52,2000.0,70.0,S
2021-06-14T14:22:48,26500.0,70.0,S
2021-06-14T14:22:46,100.0,70.1,S
2021-06-14T14:22:44,1000.0,70.1,S
2021-06-14T14:22:42,59000.0,70.0,S
2021-06-14T14:22:37,37000.0,70.0,S
2021-06-14T14:22:32,5000.0,70.1,S
2021-06-14T14:22:31,500.0,70.1,S
2021-06-14T14:22:31,500.0,70.0,S
2021-06-14T14:22:31,500.0,70.1,S
2021-06-14T14:22:30,27500.0,70.0,S
2021-06-14T14:22:30,100.0,70.0,S
2021-06-14T14:22:30,2400.0,70.0,S
2021-06-14T14:22:30,100.0,70.0,S
2021-06-14T14:22:30,17900.0,70.0,S
2021-06-14T14:22:26,1500.0,70.1,S
2021-06-14T14:22:24,1000.0,70.1,S
2021-06-14T14:22:17,1000.0,70.1,S
2021-06-14T14:22:17,500.0,70.1,S
2021-06-14T14:22:16,1100.0,70.1,S
2021-06-14T14:22:15,500.0,70.1,S
2021-06-14T14:22:14,100.0,70.1,S
2021-06-14T14:22:14,400.0,70.1,S
2021-06-14T14:22:10,36800.0,70.0,S
2021-06-14T14:22:10,100.0,70.0,S
2021-06-14T14:22:10,1300.0,70.0,S
2021-06-14T14:22:10,20800.0,70.0,S
2021-06-14T14:22:08,11100.0,70.0,S
2021-06-14T14:22:08,1900.0,70.0,S
2021-06-14T14:22:08,2400.0,70.0,S
2021-06-14T14:22:08,4200.0,70.0,S
2021-06-14T14:22:08,1100.0,70.0,S
2021-06-14T14:22:07,5000.0,70.0,S
2021-06-14T14:22:07,4000.0,70.0,S
2021-06-14T14:22:07,1100.0,70.0,S
2021-06-14T14:22:07,1000.0,70.0,S
2021-06-14T14:22:07,1500.0,70.0,S
2021-06-14T14:22:07,300.0,70.0,S
2021-06-14T14:22:07,13400.0,70.0,S
2021-06-14T14:22:06,28500.0,70.0,S
2021-06-14T14:22:06,2200.0,70.0,S
2021-06-14T14:22:06,7300.0,70.0,S
2021-06-14T14:22:03,200.0,70.1,S
2021-06-14T14:22:01,5000.0,70.1,S
2021-06-14T14:21:59,600.0,70.1,S
2021-06-14T14:21:58,500.0,70.1,S
2021-06-14T14:21:55,2000.0,70.0,S
2021-06-14T14:21:53,1000.0,70.1,S
2021-06-14T14:21:53,11200.0,70.0,S
2021-06-14T14:21:53,11500.0,70.0,S
2021-06-14T14:21:53,1100.0,70.0,S
2021-06-14T14:21:53,300.0,70.0,S
2021-06-14T14:21:52,6900.0,70.0,S
2021-06-14T14:21:51,100.0,70.1,S
2021-06-14T14:21:45,1000.0,70.1,S
2021-06-14T14:21:45,200.0,70.1,S
2021-06-14T14:21:38,100.0,70.1,S
2021-06-14T14:21:35,200.0,70.1,S
2021-06-14T14:21:34,3000.0,70.1,S
2021-06-14T14:21:34,8100.0,70.1,S
2021-06-14T14:21:32,500.0,70.1,S
2021-06-14T14:21:25,1000.0,70.1,S
2021-06-14T14:21:24,4000.0,70.1,S
2021-06-14T14:21:24,900.0,70.0,S
2021-06-14T14:21:24,2000.0,70.1,S
2021-06-14T14:21:24,100.0,70.1,S
2021-06-14T14:21:07,2400.0,70.3,B
2021-06-14T14:21:07,4800.0,70.2,B
2021-06-14T14:21:07,500.0,70.2,B
2021-06-14T14:21:06,900.0,70.0,S
2021-06-14T14:21:06,800.0,70.0,S
2021-06-14T14:21:06,300.0,70.1,S
2021-06-14T14:21:01,600.0,70.1,S
2021-06-14T14:21:01,100.0,70.1,S
2021-06-14T14:20:59,100.0,70.0,S
2021-06-14T14:20:51,2900.0,70.2,B
2021-06-14T14:20:51,2100.0,70.2,B
2021-06-14T14:20:49,100.0,70.0,S
2021-06-14T14:20:48,13400.0,70.2,B
2021-06-14T14:20:47,3000.0,70.1,S
2021-06-14T14:20:45,100.0,70.0,S
2021-06-14T14:20:45,1700.0,70.0,S
2021-06-14T14:20:45,400.0,70.0,S
2021-06-14T14:20:41,100.0,70.1,S
2021-06-14T14:20:40,400.0,70.1,S
2021-06-14T14:20:40,15100.0,70.1,S
2021-06-14T14:20:37,1000.0,70.2,B
2021-06-14T14:20:34,300.0,70.1,S
2021-06-14T14:20:34,1000.0,70.1,S
2021-06-14T14:20:31,2100.0,70.1,S
2021-06-14T14:20:30,2000.0,70.1,S
2021-06-14T14:20:22,24600.0,70.0,S
2021-06-14T14:20:22,500.0,70.1,S
2021-06-14T14:20:22,100.0,70.1,S
2021-06-14T14:20:15,3000.0,70.0,S
2021-06-14T14:20:09,8000.0,70.0,S
2021-06-14T14:20:05,500.0,70.0,S
2021-06-14T14:20:05,300.0,70.0,S
2021-06-14T14:20:05,2400.0,70.0,S
2021-06-14T14:20:05,1000.0,70.0,S
2021-06-14T14:20:00,400.0,70.1,S
2021-06-14T14:19:58,10200.0,70.0,S
2021-06-14T14:19:58,3900.0,70.0,S
2021-06-14T14:19:58,3100.0,70.0,S
2021-06-14T14:19:57,4000.0,70.0,S
2021-06-14T14:19:49,10000.0,70.0,S
2021-06-14T14:19:48,200.0,70.3,B
2021-06-14T14:19:48,1000.0,70.1,S
2021-06-14T14:19:48,17500.0,70.3,B
2021-06-14T14:19:48,2100.0,70.3,B
2021-06-14T14:19:48,800.0,70.3,B
2021-06-14T14:19:48,5000.0,70.3,B
2021-06-14T14:19:48,3100.0,70.3,B
2021-06-14T14:19:48,5600.0,70.3,B
2021-06-14T14:19:48,11500.0,70.3,B
2021-06-14T14:19:48,6000.0,70.3,B
2021-06-14T14:19:47,3900.0,70.3,B
2021-06-14T14:19:47,500.0,70.3,B
2021-06-14T14:19:47,10000.0,70.0,S
2021-06-14T14:19:45,2100.0,70.2,B
2021-06-14T14:19:43,100.0,70.2,B
2021-06-14T14:19:43,8100.0,70.2,B
2021-06-14T14:19:41,600.0,70.2,B
2021-06-14T14:19:41,1400.0,70.3,B
2021-06-14T14:19:41,7600.0,70.3,B
2021-06-14T14:19:40,2000.0,70.2,B
2021-06-14T14:19:40,1000.0,70.2,B
2021-06-14T14:19:39,11500.0,70.2,B
2021-06-14T14:19:39,4000.0,70.2,B
2021-06-14T14:19:39,18000.0,70.2,B
2021-06-14T14:19:24,1600.0,70.0,S
2021-06-14T14:19:24,900.0,70.0,S
2021-06-14T14:19:24,27700.0,70.0,S
2021-06-14T14:19:23,200.0,70.1,S
2021-06-14T14:19:22,1000.0,70.1,S
2021-06-14T14:19:21,5000.0,70.1,S
2021-06-14T14:19:19,500.0,70.1,S
2021-06-14T14:19:19,5000.0,70.1,S
2021-06-14T14:19:14,600.0,70.1,S
2021-06-14T14:19:12,9000.0,70.2,B
2021-06-14T14:19:06,3400.0,70.0,S
2021-06-14T14:19:04,3300.0,70.0,S
2021-06-14T14:19:04,1300.0,70.0,S
2021-06-14T14:19:04,800.0,70.0,S
2021-06-14T14:19:04,1600.0,70.0,S
2021-06-14T14:19:04,1400.0,70.0,S
2021-06-14T14:19:04,21600.0,70.1,S
2021-06-14T14:18:52,200.0,70.1,S
2021-06-14T14:18:49,200.0,70.1,S
2021-06-14T14:18:45,4900.0,70.2,B
2021-06-14T14:18:45,2000.0,70.2,B
2021-06-14T14:18:45,500.0,70.2,B
2021-06-14T14:18:39,3600.0,70.1,S
2021-06-14T14:18:36,1600.0,70.1,S
2021-06-14T14:18:34,4900.0,70.1,S
2021-06-14T14:18:25,9000.0,70.2,B
2021-06-14T14:18:24,5000.0,70.1,S
2021-06-14T14:18:21,500.0,70.1,S
2021-06-14T14:18:19,200.0,70.1,S
2021-06-14T14:18:19,2800.0,70.1,S
2021-06-14T14:18:19,3000.0,70.2,B
2021-06-14T14:18:16,7400.0,70.2,B
2021-06-14T14:18:16,1200.0,70.2,B
2021-06-14T14:18:16,800.0,70.2,B
2021-06-14T14:18:13,100.0,70.2,B
2021-06-14T14:18:09,5500.0,70.1,S
2021-06-14T14:18:09,600.0,70.1,S
2021-06-14T14:18:09,200.0,70.1,S
2021-06-14T14:18:09,33700.0,70.1,S
2021-06-14T14:18:06,2000.0,70.2,B
2021-06-14T14:18:06,10000.0,70.2,B
2021-06-14T14:18:06,2500.0,70.2,B
2021-06-14T14:18:06,2000.0,70.2,B
2021-06-14T14:18:06,5500.0,70.2,B
2021-06-14T14:17:59,500.0,70.2,B
2021-06-14T14:17:58,5000.0,70.1,S
2021-06-14T14:17:57,100.0,70.1,S
2021-06-14T14:17:56,200.0,70.1,S
2021-06-14T14:17:55,100.0,70.2,B
2021-06-14T14:17:55,1600.0,70.2,B
2021-06-14T14:17:54,8100.0,70.2,B
2021-06-14T14:17:49,1200.0,70.1,S
2021-06-14T14:17:48,3400.0,70.1,S
2021-06-14T14:17:48,700.0,70.1,S
2021-06-14T14:17:48,700.0,70.1,S
2021-06-14T14:17:48,1700.0,70.1,S
2021-06-14T14:17:48,3400.0,70.1,S
2021-06-14T14:17:48,700.0,70.1,S
2021-06-14T14:17:48,3800.0,70.1,S
2021-06-14T14:17:48,600.0,70.1,S
2021-06-14T14:17:47,10000.0,70.1,S
2021-06-14T14:17:46,300.0,70.1,S
2021-06-14T14:17:40,400.0,70.1,S
2021-06-14T14:17:39,10100.0,70.2,B
2021-06-14T14:17:35,500.0,70.1,S
2021-06-14T14:17:35,100.0,70.1,S
2021-06-14T14:17:33,500.0,70.1,S
2021-06-14T14:17:28,600.0,70.1,S
2021-06-14T14:17:28,1300.0,70.1,S
2021-06-14T14:17:28,10400.0,70.1,S
2021-06-14T14:17:27,600.0,70.1,S
2021-06-14T14:17:27,1100.0,70.1,S
2021-06-14T14:17:27,7900.0,70.1,S
2021-06-14T14:17:27,700.0,70.1,S
2021-06-14T14:17:27,2500.0,70.1,S
2021-06-14T14:17:24,300.0,70.1,S
2021-06-14T14:17:24,2100.0,70.1,S
2021-06-14T14:17:24,600.0,70.1,S
2021-06-14T14:17:23,3600.0,70.2,B
2021-06-14T14:17:23,100.0,70.2,B
2021-06-14T14:17:23,3500.0,70.2,B
2021-06-14T14:17:23,100.0,70.1,S
2021-06-14T14:17:19,4600.0,70.1,S
2021-06-14T14:17:19,300.0,70.1,S
2021-06-14T14:17:19,2100.0,70.1,S
2021-06-14T14:17:19,13000.0,70.1,S
2021-06-14T14:17:19,500.0,70.1,S
2021-06-14T14:17:17,23800.0,70.2,B
2021-06-14T14:17:17,500.0,70.2,B
2021-06-14T14:17:17,8700.0,70.2,B
2021-06-14T14:17:09,1900.0,70.1,S
2021-06-14T14:17:09,7600.0,70.1,S
2021-06-14T14:17:09,400.0,70.1,S
2021-06-14T14:17:09,10100.0,70.1,S
2021-06-14T14:17:00,4000.0,70.1,S
2021-06-14T14:16:57,500.0,70.2,B
2021-06-14T14:16:57,500.0,70.2,B
2021-06-14T14:16:56,19000.0,70.2,B
2021-06-14T14:16:56,3000.0,70.1,S
2021-06-14T14:16:56,1000.0,70.1,S
2021-06-14T14:16:55,500.0,70.1,S
2021-06-14T14:16:44,8000.0,70.1,S
2021-06-14T14:16:43,1000.0,70.1,S
2021-06-14T14:16:42,9600.0,70.2,B
2021-06-14T14:16:41,300.0,70.2,B
2021-06-14T14:16:40,1000.0,70.1,S
2021-06-14T14:16:39,500.0,70.1,S
2021-06-14T14:16:38,12000.0,70.1,S
2021-06-14T14:16:37,12400.0,70.1,S
2021-06-14T14:16:35,1500.0,70.1,S
2021-06-14T14:16:29,1000.0,70.1,S
2021-06-14T14:16:27,500.0,70.1,S
2021-06-14T14:16:27,2000.0,70.1,S
2021-06-14T14:16:23,500.0,70.1,S
2021-06-14T14:16:22,100.0,70.1,S
2021-06-14T14:16:22,10000.0,70.2,B
2021-06-14T14:16:19,100.0,70.1,S
2021-06-14T14:16:19,100.0,70.1,S
2021-06-14T14:16:19,500.0,70.1,S
2021-06-14T14:16:16,10000.0,70.1,S
2021-06-14T14:16:16,20000.0,70.1,S
2021-06-14T14:16:15,10000.0,70.1,S
2021-06-14T14:16:14,100.0,70.1,S
2021-06-14T14:15:58,4000.0,70.1,S
2021-06-14T14:15:55,3800.0,70.1,S
2021-06-14T14:15:52,2000.0,70.1,S
2021-06-14T14:15:50,30000.0,70.1,S
2021-06-14T14:15:40,400.0,70.1,S
2021-06-14T14:15:36,7400.0,70.1,S
2021-06-14T14:15:35,300.0,70.1,S
2021-06-14T14:15:32,11000.0,70.2,B
2021-06-14T14:15:29,3000.0,70.1,S
2021-06-14T14:15:29,5000.0,70.1,S
2021-06-14T14:15:24,2000.0,70.1,S
2021-06-14T14:15:24,100.0,70.1,S
2021-06-14T14:15:21,7100.0,70.2,B
2021-06-14T14:15:21,2000.0,70.1,S
2021-06-14T14:15:19,10000.0,70.2,B
2021-06-14T14:15:13,5300.0,70.2,B
2021-06-14T14:15:13,4000.0,70.2,B
2021-06-14T14:15:10,10000.0,70.2,B
2021-06-14T14:15:04,5200.0,70.1,S
2021-06-14T14:14:55,4600.0,70.1,S
2021-06-14T14:14:54,4800.0,70.2,B
2021-06-14T14:14:54,2400.0,70.2,B
2021-06-14T14:14:51,10300.0,70.1,S
2021-06-14T14:14:49,2000.0,70.1,S
2021-06-14T14:14:49,100.0,70.1,S
2021-06-14T14:14:47,200.0,70.1,S
2021-06-14T14:14:46,400.0,70.1,S
2021-06-14T14:14:46,2000.0,70.1,S
2021-06-14T14:14:44,500.0,70.2,S
2021-06-14T14:14:44,10500.0,70.2,S
2021-06-14T14:14:43,5000.0,70.2,S
2021-06-14T14:14:43,1100.0,70.1,S
2021-06-14T14:14:37,10000.0,70.2,S
2021-06-14T14:14:36,3000.0,70.1,S
2021-06-14T14:14:31,100.0,70.1,S
2021-06-14T14:14:28,5000.0,70.2,S
2021-06-14T14:14:28,10000.0,70.2,S
2021-06-14T14:14:28,500.0,70.1,S
2021-06-14T14:14:21,1000.0,70.2,S
2021-06-14T14:13:57,80000.0,70.1,S
2021-06-14T14:13:56,900.0,70.1,S
2021-06-14T14:13:56,200.0,70.2,S
2021-06-14T14:13:54,100.0,70.2,S
2021-06-14T14:13:51,800.0,70.2,S
2021-06-14T14:13:45,10000.0,70.2,S
2021-06-14T14:13:43,1600.0,70.2,S
2021-06-14T14:13:39,42200.0,70.1,S
2021-06-14T14:13:39,1600.0,70.1,S
2021-06-14T14:13:39,100.0,70.1,S
2021-06-14T14:13:39,2100.0,70.1,S
2021-06-14T14:13:39,200.0,70.1,S
2021-06-14T14:13:39,1700.0,70.1,S
2021-06-14T14:13:38,2100.0,70.1,S
2021-06-14T14:13:35,500.0,70.1,S
2021-06-14T14:13:35,600.0,70.1,S
2021-06-14T14:13:35,300.0,70.1,S
2021-06-14T14:13:35,100.0,70.1,S
2021-06-14T14:13:32,10000.0,70.2,S
2021-06-14T14:13:24,400.0,70.2,S
2021-06-14T14:13:24,1800.0,70.2,S
2021-06-14T14:13:24,8200.0,70.2,S
2021-06-14T14:13:15,3000.0,70.2,S
2021-06-14T14:13:14,5000.0,70.2,S
2021-06-14T14:13:08,200.0,70.2,S
2021-06-14T14:13:04,1800.0,70.3,B
2021-06-14T14:13:04,3600.0,70.3,B
2021-06-14T14:13:03,200.0,70.2,S
2021-06-14T14:13:03,1200.0,70.2,S
2021-06-14T14:13:03,300.0,70.2,S
2021-06-14T14:13:02,1300.0,70.2,S
2021-06-14T14:13:02,3000.0,70.2,S
2021-06-14T14:13:01,1000.0,70.2,S
2021-06-14T14:13:00,200.0,70.2,S
2021-06-14T14:12:56,500.0,70.2,S
2021-06-14T14:12:53,5000.0,70.3,B
2021-06-14T14:12:53,700.0,70.2,S
2021-06-14T14:12:47,200.0,70.2,S
2021-06-14T14:12:41,1200.0,70.2,S
2021-06-14T14:12:39,10000.0,70.3,B
2021-06-14T14:12:38,1000.0,70.2,S
2021-06-14T14:12:36,100.0,70.2,S
2021-06-14T14:12:35,600.0,70.2,S
2021-06-14T14:12:35,100.0,70.2,S
2021-06-14T14:12:33,500.0,70.2,S
2021-06-14T14:12:32,800.0,70.2,S
2021-06-14T14:12:28,1000.0,70.2,S
2021-06-14T14:12:28,5000.0,70.2,S
2021-06-14T14:12:28,400.0,70.2,S
2021-06-14T14:12:24,5000.0,70.2,S
2021-06-14T14:12:21,300.0,70.2,S
2021-06-14T14:12:18,1400.0,70.2,S
2021-06-14T14:12:18,2000.0,70.2,S
2021-06-14T14:12:18,6600.0,70.2,S
2021-06-14T14:12:14,200.0,70.3,B
2021-06-14T14:12:14,1000.0,70.2,S
2021-06-14T14:12:13,100.0,70.2,S
2021-06-14T14:12:11,4000.0,70.2,S
2021-06-14T14:12:11,5000.0,70.2,S
2021-06-14T14:12:10,200.0,70.2,S
2021-06-14T14:12:10,4000.0,70.2,S
2021-06-14T14:12:06,4400.0,70.2,S
2021-06-14T14:12:05,100.0,70.2,S
2021-06-14T14:12:05,2400.0,70.2,S
2021-06-14T14:12:01,1000.0,70.2,S
2021-06-14T14:11:59,8600.0,70.2,S
2021-06-14T14:11:54,4000.0,70.2,S
2021-06-14T14:11:51,100.0,70.2,S
2021-06-14T14:11:49,1000.0,70.2,S
2021-06-14T14:11:49,1900.0,70.2,S
2021-06-14T14:11:49,7100.0,70.2,S
2021-06-14T14:11:46,2000.0,70.2,S
2021-06-14T14:11:46,400.0,70.2,S
2021-06-14T14:11:43,5300.0,70.2,S
2021-06-14T14:11:41,7700.0,70.2,S
2021-06-14T14:11:39,1500.0,70.2,S
2021-06-14T14:11:38,400.0,70.2,S
2021-06-14T14:11:36,7200.0,70.2,S
2021-06-14T14:11:34,1100.0,70.2,S
2021-06-14T14:11:27,500.0,70.3,B
2021-06-14T14:11:18,8300.0,70.2,S
2021-06-14T14:11:18,1000.0,70.2,S
2021-06-14T14:11:12,1000.0,70.3,B
2021-06-14T14:11:10,8300.0,70.2,S
2021-06-14T14:10:59,2300.0,70.2,S
2021-06-14T14:10:58,8300.0,70.2,S
2021-06-14T14:10:58,700.0,70.3,B
2021-06-14T14:10:55,4200.0,70.3,B
2021-06-14T14:10:51,8600.0,70.3,B
2021-06-14T14:10:49,100.0,70.3,B
2021-06-14T14:10:47,2000.0,70.3,B
2021-06-14T14:10:43,900.0,70.3,B
2021-06-14T14:10:41,500.0,70.3,B
2021-06-14T14:10:40,300.0,70.3,B
2021-06-14T14:10:40,5000.0,70.3,B
2021-06-14T14:10:39,10000.0,70.3,B
2021-06-14T14:10:37,24000.0,70.3,B
2021-06-14T14:10:36,7700.0,70.3,B
2021-06-14T14:10:34,1500.0,70.3,B
2021-06-14T14:10:32,1700.0,70.3,B
2021-06-14T14:10:32,400.0,70.3,B
2021-06-14T14:10:31,1000.0,70.3,B
2021-06-14T14:10:28,8300.0,70.3,B
2021-06-14T14:10:27,1400.0,70.3,B
2021-06-14T14:10:23,300.0,70.3,B
2021-06-14T14:10:23,1000.0,70.3,B
2021-06-14T14:10:18,100.0,70.3,B
2021-06-14T14:10:13,20000.0,70.3,B
2021-06-14T14:10:09,8600.0,70.3,B
2021-06-14T14:10:08,300.0,70.3,B
2021-06-14T14:10:04,1000.0,70.3,B
2021-06-14T14:09:57,9000.0,70.3,B
2021-06-14T14:09:53,900.0,70.3,B
2021-06-14T14:09:48,900.0,70.3,B
2021-06-14T14:09:47,500.0,70.3,B
2021-06-14T14:09:46,3000.0,70.3,B
2021-06-14T14:09:44,100.0,70.3,B
2021-06-14T14:09:43,3000.0,70.3,B
2021-06-14T14:09:43,8700.0,70.3,B
2021-06-14T14:09:42,500.0,70.3,B
2021-06-14T14:09:41,4000.0,70.3,B
2021-06-14T14:09:39,200.0,70.3,B
2021-06-14T14:09:37,5000.0,70.3,B
2021-06-14T14:09:37,10000.0,70.3,B
2021-06-14T14:09:36,1000.0,70.3,B
2021-06-14T14:09:33,7400.0,70.3,B
2021-06-14T14:09:31,800.0,70.4,B
2021-06-14T14:09:30,50000.0,70.3,B
2021-06-14T14:09:29,1000.0,70.3,B
2021-06-14T14:09:27,9000.0,70.3,B
2021-06-14T14:09:27,1000.0,70.3,B
2021-06-14T14:09:27,25500.0,70.3,B
2021-06-14T14:09:27,15300.0,70.3,B
2021-06-14T14:09:27,17700.0,70.3,B
2021-06-14T14:09:27,2200.0,70.3,B
2021-06-14T14:09:27,5900.0,70.3,B
2021-06-14T14:09:27,8600.0,70.3,B
2021-06-14T14:09:26,2000.0,70.2,S
2021-06-14T14:09:22,10000.0,70.3,B
2021-06-14T14:09:22,500.0,70.2,S
2021-06-14T14:09:20,300.0,70.2,S
2021-06-14T14:09:19,1000.0,70.2,S
2021-06-14T14:09:15,200.0,70.2,S
2021-06-14T14:09:13,8600.0,70.2,S
2021-06-14T14:09:08,3000.0,70.2,S
2021-06-14T14:09:02,7400.0,70.2,S
2021-06-14T14:09:00,800.0,70.2,S
2021-06-14T14:08:58,30000.0,70.2,S
2021-06-14T14:08:52,300.0,70.2,S
2021-06-14T14:08:52,1000.0,70.2,S
2021-06-14T14:08:50,8100.0,70.2,S
2021-06-14T14:08:44,7200.0,70.2,S
2021-06-14T14:08:40,10000.0,70.2,S
2021-06-14T14:08:24,8600.0,70.2,S
2021-06-14T14:08:18,300.0,70.3,S
2021-06-14T14:08:17,7700.0,70.2,S
2021-06-14T14:08:15,400.0,70.2,S
2021-06-14T14:08:04,43000.0,70.2,S
2021-06-14T14:08:01,8100.0,70.2,S
2021-06-14T14:07:55,2200.0,70.3,S
2021-06-14T14:07:55,2800.0,70.3,S
2021-06-14T14:07:49,8100.0,70.2,S
2021-06-14T14:07:49,100.0,70.3,S
2021-06-14T14:07:48,500.0,70.2,S
2021-06-14T14:07:37,8100.0,70.2,S
2021-06-14T14:07:31,100.0,70.3,S
2021-06-14T14:07:25,1900.0,70.3,S
2021-06-14T14:07:23,9000.0,70.3,S
2021-06-14T14:07:20,900.0,70.3,S
2021-06-14T14:07:16,5000.0,70.3,S
2021-06-14T14:07:14,4900.0,70.3,S
2021-06-14T14:07:11,700.0,70.3,S
2021-06-14T14:07:11,100.0,70.3,S
2021-06-14T14:07:11,9200.0,70.3,S
2021-06-14T14:07:10,8300.0,70.3,S
2021-06-14T14:07:09,100.0,70.3,S
2021-06-14T14:07:05,10000.0,70.4,B
2021-06-14T14:07:03,4900.0,70.3,S
2021-06-14T14:06:57,300.0,70.3,S
2021-06-14T14:06:56,8100.0,70.3,S
2021-06-14T14:06:54,6000.0,70.4,B
2021-06-14T14:06:53,4900.0,70.3,S
2021-06-14T14:06:52,20000.0,70.4,B
2021-06-14T14:06:50,5000.0,70.4,B
2021-06-14T14:06:48,9000.0,70.3,S
2021-06-14T14:06:46,5000.0,70.3,S
2021-06-14T14:06:45,4900.0,70.3,S
2021-06-14T14:06:44,8100.0,70.3,S
2021-06-14T14:06:41,4900.0,70.3,S
2021-06-14T14:06:36,5000.0,70.4,B
2021-06-14T14:06:35,7700.0,70.3,S
2021-06-14T14:06:34,5000.0,70.4,B
2021-06-14T14:06:31,3000.0,70.4,B
2021-06-14T14:06:30,4900.0,70.3,S
2021-06-14T14:06:28,100.0,70.4,B
2021-06-14T14:06:18,2000.0,70.3,S
2021-06-14T14:06:18,4800.0,70.4,B
2021-06-14T14:06:18,8100.0,70.3,S
2021-06-14T14:06:15,10000.0,70.4,B
2021-06-14T14:06:13,10000.0,70.3,S
2021-06-14T14:06:13,500.0,70.3,S
2021-06-14T14:06:11,5900.0,70.3,S
2021-06-14T14:06:07,8600.0,70.3,S
2021-06-14T14:06:00,5400.0,70.4,B
2021-06-14T14:06:00,200.0,70.3,S
2021-06-14T14:05:58,600.0,70.3,S
2021-06-14T14:05:57,4900.0,70.3,S
2021-06-14T14:05:55,8600.0,70.3,S
2021-06-14T14:05:55,200.0,70.4,B
2021-06-14T14:05:48,1000.0,70.3,S
2021-06-14T14:05:48,4900.0,70.3,S
2021-06-14T14:05:40,4900.0,70.3,S
2021-06-14T14:05:36,7200.0,70.3,S
2021-06-14T14:05:31,5400.0,70.4,B
2021-06-14T14:05:31,100000.0,70.3,S
2021-06-14T14:05:30,20000.0,70.4,B
2021-06-14T14:05:27,500.0,70.3,S
2021-06-14T14:05:21,4000.0,70.3,S
2021-06-14T14:05:19,1000.0,70.3,S
2021-06-14T14:05:15,7400.0,70.4,B
2021-06-14T14:05:12,11000.0,70.4,B
2021-06-14T14:05:11,900.0,70.4,B
2021-06-14T14:05:07,200.0,70.4,B
2021-06-14T14:05:05,200.0,70.4,B
2021-06-14T14:05:03,5000.0,70.4,B
2021-06-14T14:05:02,12900.0,70.4,B
2021-06-14T14:04:56,300.0,70.3,S
2021-06-14T14:04:51,10000.0,70.4,B
2021-06-14T14:04:45,10000.0,70.4,B
2021-06-14T14:04:38,5000.0,70.4,B
2021-06-14T14:04:37,600.0,70.4,B
2021-06-14T14:04:31,300.0,70.3,S
2021-06-14T14:04:27,10000.0,70.4,B
2021-06-14T14:04:26,10000.0,70.4,B
2021-06-14T14:04:20,1100.0,70.3,S
2021-06-14T14:04:17,8600.0,70.3,S
2021-06-14T14:04:17,200.0,70.3,S
2021-06-14T14:04:11,14700.0,70.4,S
2021-06-14T14:04:05,50100.0,70.4,S
2021-06-14T14:03:56,500.0,70.4,S
2021-06-14T14:03:56,40100.0,70.4,S
2021-06-14T14:03:54,33000.0,70.6,B
2021-06-14T14:03:50,1000.0,70.5,B
2021-06-14T14:03:50,100.0,70.5,B
2021-06-14T14:03:49,3000.0,70.4,S
2021-06-14T14:03:46,70000.0,70.4,S
2021-06-14T14:03:46,35500.0,70.4,S
2021-06-14T14:03:43,4600.0,70.5,B
2021-06-14T14:03:43,10400.0,70.5,B
2021-06-14T14:03:34,100.0,70.5,B
2021-06-14T14:03:33,49000.0,70.4,S
2021-06-14T14:03:26,800.0,70.5,B
2021-06-14T14:03:20,1000.0,70.5,B
2021-06-14T14:03:20,10000.0,70.6,B
2021-06-14T14:03:19,2000.0,70.5,B
2021-06-14T14:03:15,200.0,70.5,B
2021-06-14T14:03:15,1200.0,70.5,B
2021-06-14T14:03:14,300.0,70.5,B
2021-06-14T14:03:10,200.0,70.5,B
2021-06-14T14:03:10,2000.0,70.5,B
2021-06-14T14:03:10,11000.0,70.5,B
2021-06-14T14:03:10,1300.0,70.5,B
2021-06-14T14:03:10,2100.0,70.5,B
2021-06-14T14:03:10,3000.0,70.5,B
2021-06-14T14:03:09,3600.0,70.5,B
2021-06-14T14:03:09,1600.0,70.5,B
2021-06-14T14:03:09,15000.0,70.5,B
2021-06-14T14:03:09,4700.0,70.5,B
2021-06-14T14:03:06,1000.0,70.4,S
2021-06-14T14:03:05,600.0,70.4,S
2021-06-14T14:03:00,500.0,70.4,S
2021-06-14T14:02:59,1500.0,70.5,B
2021-06-14T14:02:38,5200.0,70.5,B
2021-06-14T14:02:26,5000.0,70.5,B
2021-06-14T14:02:24,300.0,70.4,S
2021-06-14T14:02:23,200.0,70.4,S
2021-06-14T14:02:23,5000.0,70.5,B
2021-06-14T14:02:19,500.0,70.4,S
2021-06-14T14:02:15,300.0,70.4,S
2021-06-14T14:02:15,11000.0,70.5,B
2021-06-14T14:02:08,1400.0,70.4,B
2021-06-14T14:02:07,10000.0,70.5,B
2021-06-14T14:02:01,500.0,70.4,B
2021-06-14T14:01:58,5000.0,70.4,B
2021-06-14T14:01:57,20000.0,70.5,B
2021-06-14T14:01:57,800.0,70.5,B
2021-06-14T14:01:57,1000.0,70.5,B
2021-06-14T14:01:56,2900.0,70.5,B
2021-06-14T14:01:56,400.0,70.4,B
2021-06-14T14:01:44,4300.0,70.4,B
2021-06-14T14:01:41,1500.0,70.4,B
2021-06-14T14:01:33,9200.0,70.5,B
2021-06-14T14:01:30,400.0,70.4,B
2021-06-14T14:01:27,5900.0,70.3,S
2021-06-14T14:01:19,21000.0,70.4,B
2021-06-14T14:01:15,200.0,70.3,S
2021-06-14T14:01:05,20000.0,70.3,S
2021-06-14T14:01:02,1000.0,70.3,S
2021-06-14T14:01:01,400.0,70.3,S
2021-06-14T14:01:00,7200.0,70.4,B
2021-06-14T14:00:51,700.0,70.3,S
2021-06-14T14:00:45,2000.0,70.3,S
2021-06-14T14:00:41,1000.0,70.3,S
2021-06-14T14:00:41,20000.0,70.3,S
2021-06-14T14:00:36,900.0,70.2,S
2021-06-14T14:00:30,9000.0,70.5,B
2021-06-14T14:00:30,14000.0,70.5,B
2021-06-14T14:00:08,8200.0,70.2,S
2021-06-14T14:00:05,2000.0,70.4,B
2021-06-14T14:00:02,1000.0,70.4,B
2021-06-14T14:00:02,5000.0,70.4,B
2021-06-14T14:00:00,5000.0,70.5,B
2021-06-14T13:59:56,1100.0,70.4,B
2021-06-14T13:59:53,300.0,70.2,S
2021-06-14T13:59:52,300.0,70.2,S
2021-06-14T13:59:50,600.0,70.2,S
2021-06-14T13:59:47,400.0,70.2,S
2021-06-14T13:59:47,4600.0,70.2,S
2021-06-14T13:59:47,500.0,70.2,S
2021-06-14T13:59:43,14800.0,70.5,B
2021-06-14T13:59:34,5000.0,70.2,S
2021-06-14T13:59:29,6100.0,70.5,B
2021-06-14T13:59:29,2900.0,70.4,B
2021-06-14T13:59:29,1800.0,70.4,B
2021-06-14T13:59:28,1500.0,70.2,S
2021-06-14T13:59:28,38900.0,70.2,S
2021-06-14T13:59:27,700.0,70.2,S
2021-06-14T13:59:25,100.0,70.2,S
2021-06-14T13:59:23,5800.0,70.2,S
2021-06-14T13:59:23,200.0,70.4,B
2021-06-14T13:59:20,2000.0,70.2,S
2021-06-14T13:59:15,2100.0,70.4,B
2021-06-14T13:59:15,3000.0,70.4,B
2021-06-14T13:59:15,700.0,70.4,B
2021-06-14T13:59:15,9200.0,70.4,B
2021-06-14T13:59:12,1100.0,70.2,S
2021-06-14T13:59:06,1000.0,70.2,S
2021-06-14T13:58:57,4400.0,70.2,S
2021-06-14T13:58:52,200.0,70.1,S
2021-06-14T13:58:52,1000.0,70.4,B
2021-06-14T13:58:52,2300.0,70.4,B
2021-06-14T13:58:52,400.0,70.4,B
2021-06-14T13:58:52,21300.0,70.4,B
2021-06-14T13:58:51,1200.0,70.1,S
2021-06-14T13:58:51,800.0,70.1,S
2021-06-14T13:58:51,1000.0,70.2,B
2021-06-14T13:58:46,900.0,70.1,S
2021-06-14T13:58:42,100.0,70.2,B
2021-06-14T13:58:39,100.0,70.2,B
2021-06-14T13:58:38,3500.0,70.1,S
2021-06-14T13:58:35,400.0,70.1,S
2021-06-14T13:58:34,10000.0,70.4,B
2021-06-14T13:58:33,4300.0,70.4,B
2021-06-14T13:58:33,3600.0,70.4,B
2021-06-14T13:58:33,1700.0,70.4,B
2021-06-14T13:58:33,800.0,70.4,B
2021-06-14T13:58:33,5000.0,70.4,B
2021-06-14T13:58:33,7600.0,70.4,B
2021-06-14T13:58:33,4000.0,70.3,B
2021-06-14T13:58:33,100.0,70.3,B
2021-06-14T13:58:33,300.0,70.3,B
2021-06-14T13:58:33,1300.0,70.3,B
2021-06-14T13:58:33,6000.0,70.3,B
2021-06-14T13:58:32,100.0,70.3,B
2021-06-14T13:58:32,1000.0,70.3,B
2021-06-14T13:58:32,8100.0,70.3,B
2021-06-14T13:58:32,6100.0,70.3,B
2021-06-14T13:58:32,1000.0,70.3,B
2021-06-14T13:58:32,10000.0,70.3,B
2021-06-14T13:58:32,2200.0,70.3,B
2021-06-14T13:58:32,3000.0,70.3,B
2021-06-14T13:58:32,2500.0,70.3,B
2021-06-14T13:58:32,1000.0,70.3,B
2021-06-14T13:58:32,1000.0,70.3,B
2021-06-14T13:58:32,400.0,70.3,B
2021-06-14T13:58:32,18400.0,70.3,B
2021-06-14T13:58:32,200.0,70.3,B
2021-06-14T13:58:32,1000.0,70.2,B
2021-06-14T13:58:32,2800.0,70.2,B
2021-06-14T13:58:32,6500.0,70.2,B
2021-06-14T13:58:31,4200.0,70.2,B
2021-06-14T13:58:31,1000.0,70.2,B
2021-06-14T13:58:31,3500.0,70.2,B
2021-06-14T13:58:31,5500.0,70.2,B
2021-06-14T13:58:31,200.0,70.2,B
2021-06-14T13:58:31,1100.0,70.2,B
2021-06-14T13:58:31,2700.0,70.2,B
2021-06-14T13:58:31,1200.0,70.2,B
2021-06-14T13:58:31,5300.0,70.2,B
2021-06-14T13:58:31,25300.0,70.2,B
2021-06-14T13:58:28,1000.0,70.1,S
2021-06-14T13:58:27,14000.0,70.2,B
2021-06-14T13:58:26,1500.0,70.1,S
2021-06-14T13:58:26,500.0,70.2,B
2021-06-14T13:58:25,9300.0,70.1,S
2021-06-14T13:58:17,20000.0,70.2,B
2021-06-14T13:58:14,2000.0,70.1,S
2021-06-14T13:58:09,300.0,70.2,B
2021-06-14T13:58:06,1700.0,70.1,S
2021-06-14T13:58:05,100.0,70.1,S
2021-06-14T13:58:05,500.0,70.1,S
2021-06-14T13:58:04,5000.0,70.1,S
2021-06-14T13:58:04,700.0,70.1,S
2021-06-14T13:58:03,12300.0,70.1,S
2021-06-14T13:58:01,3000.0,70.1,S
2021-06-14T13:57:58,200.0,70.1,S
2021-06-14T13:57:58,3200.0,70.1,S
2021-06-14T13:57:57,2500.0,70.1,S
2021-06-14T13:57:56,500.0,70.2,B
2021-06-14T13:57:55,30000.0,70.2,B
2021-06-14T13:57:55,200.0,70.1,S
2021-06-14T13:57:53,1000.0,70.1,S
2021-06-14T13:57:52,50000.0,70.1,S
2021-06-14T13:57:47,3000.0,70.1,S
2021-06-14T13:57:47,20000.0,70.2,B
2021-06-14T13:57:44,20000.0,70.2,B
2021-06-14T13:57:44,100.0,70.2,B
2021-06-14T13:57:44,2200.0,70.1,S
2021-06-14T13:57:44,1200.0,70.1,S
2021-06-14T13:57:44,900.0,70.1,S
2021-06-14T13:57:44,500.0,70.1,S
2021-06-14T13:57:44,3300.0,70.1,S
2021-06-14T13:57:44,11300.0,70.1,S
2021-06-14T13:57:44,200.0,70.1,S
2021-06-14T13:57:43,700.0,70.1,S
2021-06-14T13:57:43,3200.0,70.1,S
2021-06-14T13:57:43,1000.0,70.1,S
2021-06-14T13:57:43,400.0,70.1,S
2021-06-14T13:57:43,4000.0,70.1,S
2021-06-14T13:57:43,1300.0,70.1,S
2021-06-14T13:57:43,4600.0,70.1,S
2021-06-14T13:57:43,200.0,70.1,S
2021-06-14T13:57:43,5500.0,70.1,S
2021-06-14T13:57:43,300.0,70.1,S
2021-06-14T13:57:43,1700.0,70.1,S
2021-06-14T13:57:43,300.0,70.1,S
2021-06-14T13:57:43,3600.0,70.1,S
2021-06-14T13:57:43,200.0,70.1,S
2021-06-14T13:57:43,400.0,70.1,S
2021-06-14T13:57:43,10200.0,70.1,S
2021-06-14T13:57:43,800.0,70.1,S
2021-06-14T13:57:43,500.0,70.1,S
2021-06-14T13:57:43,500.0,70.1,S
2021-06-14T13:57:43,2100.0,70.1,S
2021-06-14T13:57:43,400.0,70.1,S
2021-06-14T13:57:43,200.0,70.1,S
2021-06-14T13:57:43,5700.0,70.1,S
2021-06-14T13:57:43,10100.0,70.1,S
2021-06-14T13:57:43,2300.0,70.1,S
2021-06-14T13:57:43,900.0,70.1,S
2021-06-14T13:57:41,200.0,70.1,S
2021-06-14T13:57:41,1000.0,70.1,S
2021-06-14T13:57:41,1000.0,70.1,S
2021-06-14T13:57:41,1100.0,70.1,S
2021-06-14T13:57:41,4700.0,70.1,S
2021-06-14T13:57:41,6100.0,70.1,S
2021-06-14T13:57:41,300.0,70.1,S
2021-06-14T13:57:41,400.0,70.1,S
2021-06-14T13:57:41,2200.0,70.1,S
2021-06-14T13:57:41,3800.0,70.1,S
2021-06-14T13:57:41,3500.0,70.1,S
2021-06-14T13:57:41,22600.0,70.1,S
2021-06-14T13:57:41,1000.0,70.1,S
2021-06-14T13:57:41,1400.0,70.1,S
2021-06-14T13:57:41,1000.0,70.1,S
2021-06-14T13:57:35,4000.0,70.1,S
2021-06-14T13:57:34,5000.0,70.1,S
2021-06-14T13:57:32,5200.0,70.2,B
2021-06-14T13:57:29,500.0,70.1,S
2021-06-14T13:57:29,100.0,70.1,S
2021-06-14T13:57:27,3600.0,70.1,S
2021-06-14T13:57:25,500.0,70.1,S
2021-06-14T13:57:24,900.0,70.1,S
2021-06-14T13:57:23,1000.0,70.1,S
2021-06-14T13:57:20,100.0,70.1,S
2021-06-14T13:57:20,2000.0,70.1,S
2021-06-14T13:57:18,3000.0,70.1,S
2021-06-14T13:57:18,1000.0,70.2,B
2021-06-14T13:57:17,100.0,70.2,B
2021-06-14T13:57:16,900.0,70.1,S
2021-06-14T13:57:16,6900.0,70.2,B
2021-06-14T13:57:16,4100.0,70.2,B
2021-06-14T13:57:15,500.0,70.2,B
2021-06-14T13:57:14,2200.0,70.2,B
2021-06-14T13:57:10,100.0,70.2,B
2021-06-14T13:57:06,100.0,70.1,S
2021-06-14T13:57:04,800.0,70.1,S
2021-06-14T13:57:02,400.0,70.1,S
2021-06-14T13:57:00,100.0,70.2,B
2021-06-14T13:56:53,1400.0,70.1,S
2021-06-14T13:56:46,100.0,70.1,S
2021-06-14T13:56:46,800.0,70.1,S
2021-06-14T13:56:45,200.0,70.2,B
2021-06-14T13:56:40,100.0,70.1,S
2021-06-14T13:56:40,10000.0,70.1,S
2021-06-14T13:56:37,2600.0,70.2,B
2021-06-14T13:56:35,1600.0,70.1,S
2021-06-14T13:56:32,400.0,70.2,B
2021-06-14T13:56:20,200.0,70.1,S
2021-06-14T13:56:20,200.0,70.1,S
2021-06-14T13:56:17,5000.0,70.1,S
2021-06-14T13:56:16,1000.0,70.1,S
2021-06-14T13:56:15,6400.0,70.1,S
2021-06-14T13:56:15,5100.0,70.1,S
2021-06-14T13:56:07,500.0,70.1,S
2021-06-14T13:56:06,700.0,70.1,S
2021-06-14T13:56:00,2000.0,70.1,S
2021-06-14T13:55:57,400.0,70.2,B
2021-06-14T13:55:54,100.0,70.2,B
2021-06-14T13:55:54,1000.0,70.2,B
2021-06-14T13:55:54,2000.0,70.1,S
2021-06-14T13:55:54,100.0,70.1,S
2021-06-14T13:55:52,200.0,70.1,S
2021-06-14T13:55:52,1700.0,70.2,B
2021-06-14T13:55:44,700.0,70.1,S
2021-06-14T13:55:41,500.0,70.2,B
2021-06-14T13:55:35,1600.0,70.1,S
2021-06-14T13:55:35,100.0,70.1,S
2021-06-14T13:55:35,100.0,70.1,S
2021-06-14T13:55:35,1500.0,70.1,S
2021-06-14T13:55:35,700.0,70.1,S
2021-06-14T13:55:35,500.0,70.1,S
2021-06-14T13:55:33,200.0,70.2,B
2021-06-14T13:55:28,100.0,70.2,B
2021-06-14T13:55:27,600.0,70.1,S
2021-06-14T13:55:27,1000.0,70.1,S
2021-06-14T13:55:26,1300.0,70.1,S
2021-06-14T13:55:23,500.0,70.2,B
2021-06-14T13:55:20,800.0,70.1,S
2021-06-14T13:55:19,5200.0,70.1,S
2021-06-14T13:55:15,500.0,70.1,S
2021-06-14T13:55:10,400.0,70.2,B
2021-06-14T13:55:09,500.0,70.1,S
2021-06-14T13:55:09,10000.0,70.1,S
2021-06-14T13:55:07,500.0,70.2,B
2021-06-14T13:54:51,200.0,70.1,S
2021-06-14T13:54:46,300.0,70.2,B
2021-06-14T13:54:45,400.0,70.1,S
2021-06-14T13:54:41,900.0,70.2,B
2021-06-14T13:54:39,100.0,70.1,S
2021-06-14T13:54:38,700.0,70.2,B
2021-06-14T13:54:36,200.0,70.1,S
2021-06-14T13:54:36,100.0,70.1,S
2021-06-14T13:54:34,400.0,70.2,B
2021-06-14T13:54:33,700.0,70.1,S
2021-06-14T13:54:32,1000.0,70.1,S
2021-06-14T13:54:28,200.0,70.1,S
2021-06-14T13:54:27,200.0,70.2,B
2021-06-14T13:54:26,300.0,70.1,S
2021-06-14T13:54:25,4100.0,70.2,B
2021-06-14T13:54:23,4900.0,70.1,S
2021-06-14T13:54:19,1000.0,70.2,B
2021-06-14T13:54:19,100.0,70.2,B
2021-06-14T13:54:15,1800.0,70.2,B
2021-06-14T13:54:10,400.0,70.1,S
2021-06-14T13:54:10,1600.0,70.1,S
2021-06-14T13:54:07,1400.0,70.1,S
2021-06-14T13:54:05,300.0,70.2,B
2021-06-14T13:54:04,4100.0,70.1,S
2021-06-14T13:54:04,600.0,70.1,S
2021-06-14T13:54:04,1300.0,70.1,S
2021-06-14T13:54:04,3000.0,70.1,S
2021-06-14T13:53:55,3300.0,70.2,B
2021-06-14T13:53:52,700.0,70.2,B
2021-06-14T13:53:50,800.0,70.2,B
2021-06-14T13:53:48,7500.0,70.1,S
2021-06-14T13:53:48,1900.0,70.1,S
2021-06-14T13:53:48,600.0,70.1,S
2021-06-14T13:53:46,1000.0,70.2,B
2021-06-14T13:53:44,900.0,70.2,B
2021-06-14T13:53:44,800.0,70.2,B
2021-06-14T13:53:41,10000.0,70.1,S
2021-06-14T13:53:38,800.0,70.1,S
2021-06-14T13:53:35,2000.0,70.1,S
2021-06-14T13:53:33,800.0,70.2,B
2021-06-14T13:53:31,200.0,70.2,B
2021-06-14T13:53:31,2000.0,70.2,B
2021-06-14T13:53:30,6600.0,70.2,B
2021-06-14T13:53:29,1400.0,70.2,B
2021-06-14T13:53:28,17900.0,70.1,S
2021-06-14T13:53:28,900.0,70.1,S
2021-06-14T13:53:28,500.0,70.1,S
2021-06-14T13:53:28,400.0,70.1,S
2021-06-14T13:53:28,500.0,70.1,S
2021-06-14T13:53:28,5800.0,70.1,S
2021-06-14T13:53:28,800.0,70.1,S
2021-06-14T13:53:28,300.0,70.1,S
2021-06-14T13:53:28,100.0,70.1,S
2021-06-14T13:53:28,3000.0,70.1,S
2021-06-14T13:53:28,11100.0,70.1,S
2021-06-14T13:53:28,400.0,70.1,S
2021-06-14T13:53:28,20000.0,70.1,S
2021-06-14T13:53:28,600.0,70.1,S
2021-06-14T13:53:28,2300.0,70.1,S
2021-06-14T13:53:28,15400.0,70.1,S
2021-06-14T13:53:28,1100.0,70.1,S
2021-06-14T13:53:26,800.0,70.2,B
2021-06-14T13:53:21,9000.0,70.1,S
2021-06-14T13:53:19,100.0,70.2,B
2021-06-14T13:53:19,500.0,70.2,B
2021-06-14T13:53:18,500.0,70.2,B
2021-06-14T13:53:15,100.0,70.2,B
2021-06-14T13:53:09,1000.0,70.2,B
2021-06-14T13:53:09,3000.0,70.2,B
2021-06-14T13:53:06,800.0,70.1,S
2021-06-14T13:53:05,300.0,70.1,S
2021-06-14T13:53:02,2700.0,70.1,S
2021-06-14T13:53:02,1500.0,70.2,S
2021-06-14T13:53:02,200.0,70.2,S
2021-06-14T13:53:02,1300.0,70.2,S
2021-06-14T13:53:02,200.0,70.2,S
2021-06-14T13:53:02,2200.0,70.2,S
2021-06-14T13:53:01,1000.0,70.2,S
2021-06-14T13:52:58,400.0,70.3,S
2021-06-14T13:52:56,200.0,70.2,S
2021-06-14T13:52:55,500.0,70.2,S
2021-06-14T13:52:55,100.0,70.2,S
2021-06-14T13:52:55,4600.0,70.2,S
2021-06-14T13:52:54,500.0,70.2,S
2021-06-14T13:52:54,200.0,70.2,S
2021-06-14T13:52:54,900.0,70.2,S
2021-06-14T13:52:54,1600.0,70.2,S
2021-06-14T13:52:54,6800.0,70.2,S
2021-06-14T13:52:53,3400.0,70.2,S
2021-06-14T13:52:50,200.0,70.2,S
2021-06-14T13:52:48,800.0,70.3,S
2021-06-14T13:52:45,1400.0,70.2,S
2021-06-14T13:52:45,2800.0,70.2,S
2021-06-14T13:52:45,3200.0,70.2,S
2021-06-14T13:52:44,1800.0,70.2,S
2021-06-14T13:52:44,600.0,70.2,S
2021-06-14T13:52:44,2600.0,70.2,S
2021-06-14T13:52:44,1200.0,70.2,S
2021-06-14T13:52:44,3700.0,70.2,S
2021-06-14T13:52:43,500.0,70.3,S
2021-06-14T13:52:38,200.0,70.2,S
2021-06-14T13:52:38,900.0,70.2,S
2021-06-14T13:52:30,100.0,70.2,S
2021-06-14T13:52:30,1000.0,70.3,S
2021-06-14T13:52:17,5000.0,70.2,S
2021-06-14T13:52:14,1000.0,70.3,S
2021-06-14T13:52:09,500.0,70.3,S
2021-06-14T13:52:08,1000.0,70.3,S
2021-06-14T13:52:05,2200.0,70.2,S
2021-06-14T13:52:05,1200.0,70.2,S
2021-06-14T13:52:05,1600.0,70.2,S
2021-06-14T13:52:05,800.0,70.3,S
2021-06-14T13:52:04,300.0,70.3,S
2021-06-14T13:52:04,200.0,70.3,S
2021-06-14T13:51:42,1400.0,70.2,S
2021-06-14T13:51:42,400.0,70.2,S
2021-06-14T13:51:32,100.0,70.3,S
2021-06-14T13:51:31,600.0,70.3,S
2021-06-14T13:51:20,500.0,70.3,S
2021-06-14T13:51:18,900.0,70.3,S
2021-06-14T13:51:18,200.0,70.3,S
2021-06-14T13:51:09,200.0,70.3,S
2021-06-14T13:51:07,100.0,70.3,S
2021-06-14T13:51:00,1100.0,70.2,S
2021-06-14T13:51:00,1400.0,70.2,S
2021-06-14T13:51:00,1800.0,70.2,S
2021-06-14T13:51:00,1000.0,70.2,S
2021-06-14T13:51:00,3700.0,70.2,S
2021-06-14T13:50:54,200.0,70.2,S
2021-06-14T13:50:52,15100.0,70.2,S
2021-06-14T13:50:52,49400.0,70.2,S
2021-06-14T13:50:52,500.0,70.3,S
2021-06-14T13:50:49,2000.0,70.3,S
2021-06-14T13:50:47,2000.0,70.3,S
2021-06-14T13:50:43,500.0,70.3,S
2021-06-14T13:50:43,8100.0,70.2,S
2021-06-14T13:50:39,200.0,70.3,S
2021-06-14T13:50:39,700.0,70.3,S
2021-06-14T13:50:29,1200.0,70.2,S
2021-06-14T13:50:26,100.0,70.3,S
2021-06-14T13:50:23,500.0,70.3,S
2021-06-14T13:50:21,2100.0,70.3,S
2021-06-14T13:50:19,200.0,70.3,S
2021-06-14T13:50:17,7800.0,70.3,S
2021-06-14T13:50:16,600.0,70.3,S
2021-06-14T13:50:16,1600.0,70.3,S
2021-06-14T13:49:53,1400.0,70.3,S
2021-06-14T13:49:53,600.0,70.3,S
2021-06-14T13:49:52,5000.0,70.2,S
2021-06-14T13:49:49,100.0,70.3,S
2021-06-14T13:49:44,200.0,70.3,S
2021-06-14T13:49:43,38900.0,70.2,S
2021-06-14T13:49:43,1000.0,70.2,S
2021-06-14T13:49:43,300.0,70.2,S
2021-06-14T13:49:43,900.0,70.2,S
2021-06-14T13:49:43,1300.0,70.2,S
2021-06-14T13:49:43,6200.0,70.2,S
2021-06-14T13:49:43,1800.0,70.2,S
2021-06-14T13:49:43,100.0,70.2,S
2021-06-14T13:49:43,2200.0,70.2,S
2021-06-14T13:49:43,2000.0,70.2,S
2021-06-14T13:49:43,10100.0,70.2,S
2021-06-14T13:49:43,32000.0,70.2,S
2021-06-14T13:49:43,300.0,70.2,S
2021-06-14T13:49:43,2200.0,70.2,S
2021-06-14T13:49:43,600.0,70.2,S
2021-06-14T13:49:43,100.0,70.2,S
2021-06-14T13:49:43,4400.0,70.2,S
2021-06-14T13:49:43,100.0,70.2,S
2021-06-14T13:49:43,600.0,70.2,S
2021-06-14T13:49:43,1100.0,70.2,S
2021-06-14T13:49:42,1800.0,70.2,S
2021-06-14T13:49:42,100.0,70.2,S
2021-06-14T13:49:42,2300.0,70.2,S
2021-06-14T13:49:42,2100.0,70.2,S
2021-06-14T13:49:41,800.0,70.2,S
2021-06-14T13:49:39,200.0,70.2,S
2021-06-14T13:49:39,100.0,70.2,S
2021-06-14T13:49:39,4700.0,70.2,S
2021-06-14T13:49:35,100.0,70.3,S
2021-06-14T13:49:27,4000.0,70.2,S
2021-06-14T13:49:27,1500.0,70.2,S
2021-06-14T13:49:15,1800.0,70.2,S
2021-06-14T13:49:15,6300.0,70.2,S
2021-06-14T13:49:05,200.0,70.4,B
2021-06-14T13:48:58,100.0,70.2,S
2021-06-14T13:48:56,100.0,70.2,S
2021-06-14T13:48:56,3000.0,70.2,S
2021-06-14T13:48:56,500.0,70.3,S
2021-06-14T13:48:53,300.0,70.4,B
2021-06-14T13:48:47,3300.0,70.3,S
2021-06-14T13:48:45,15000.0,70.3,S
2021-06-14T13:48:40,900.0,70.2,S
2021-06-14T13:48:39,1700.0,70.3,S
2021-06-14T13:48:38,1300.0,70.3,S
2021-06-14T13:48:18,100.0,70.2,S
2021-06-14T13:48:14,4800.0,70.2,S
2021-06-14T13:48:14,800.0,70.2,S
2021-06-14T13:48:14,4400.0,70.2,S
2021-06-14T13:48:07,7200.0,70.2,S
2021-06-14T13:47:50,1900.0,70.4,B
2021-06-14T13:47:49,2400.0,70.4,B
2021-06-14T13:47:49,5700.0,70.4,B
2021-06-14T13:47:44,300.0,70.3,S
2021-06-14T13:47:36,700.0,70.2,S
2021-06-14T13:47:23,4000.0,70.2,S
2021-06-14T13:47:22,5000.0,70.2,S
2021-06-14T13:47:20,100.0,70.4,B
2021-06-14T13:47:14,200.0,70.4,B
2021-06-14T13:47:10,1000.0,70.4,B
2021-06-14T13:47:04,200.0,70.2,S
2021-06-14T13:47:01,200.0,70.4,B
2021-06-14T13:46:54,2900.0,70.4,B
2021-06-14T13:46:51,9000.0,70.4,B
2021-06-14T13:46:44,7700.0,70.4,B
2021-06-14T13:46:44,2300.0,70.4,B
2021-06-14T13:46:40,900.0,70.2,S
2021-06-14T13:46:30,20000.0,70.4,B
2021-06-14T13:46:26,300.0,70.3,S
2021-06-14T13:46:20,3600.0,70.2,S
2021-06-14T13:46:13,700.0,70.3,S
2021-06-14T13:46:05,3600.0,70.2,S
2021-06-14T13:45:54,100.0,70.3,S
2021-06-14T13:45:49,100.0,70.3,S
2021-06-14T13:45:49,700.0,70.3,S
2021-06-14T13:45:45,400.0,70.2,S
2021-06-14T13:45:45,900.0,70.2,S
2021-06-14T13:45:43,7600.0,70.2,S
2021-06-14T13:45:43,100.0,70.3,S
2021-06-14T13:45:35,100.0,70.3,S
2021-06-14T13:45:35,300.0,70.3,S
2021-06-14T13:45:34,200.0,70.3,S
2021-06-14T13:45:30,100.0,70.3,S
2021-06-14T13:45:24,100.0,70.3,S
2021-06-14T13:45:20,100.0,70.3,S
2021-06-14T13:45:20,100.0,70.2,S
2021-06-14T13:45:20,200.0,70.2,S
2021-06-14T13:45:14,800.0,70.3,S
2021-06-14T13:45:12,100.0,70.3,S
2021-06-14T13:45:12,5000.0,70.4,B
2021-06-14T13:45:04,100.0,70.4,B
2021-06-14T13:44:58,1200.0,70.2,S
2021-06-14T13:44:41,300.0,70.4,B
2021-06-14T13:44:34,1000.0,70.2,S
2021-06-14T13:44:17,2800.0,70.4,B
2021-06-14T13:44:13,200.0,70.4,B
2021-06-14T13:44:08,2000.0,70.2,S
2021-06-14T13:44:08,100.0,70.4,B
2021-06-14T13:44:06,100.0,70.3,S
2021-06-14T13:43:52,500.0,70.4,B
2021-06-14T13:43:49,100.0,70.3,S
2021-06-14T13:43:47,100.0,70.2,S
2021-06-14T13:43:45,100.0,70.2,S
2021-06-14T13:43:43,100.0,70.2,S
2021-06-14T13:43:41,500.0,70.2,S
2021-06-14T13:43:40,100.0,70.3,S
2021-06-14T13:43:38,4900.0,70.4,B
2021-06-14T13:43:31,4900.0,70.4,B
2021-06-14T13:43:28,1000.0,70.4,B
2021-06-14T13:43:26,5300.0,70.1,S
2021-06-14T13:43:26,2200.0,70.1,S
2021-06-14T13:43:26,1400.0,70.1,S
2021-06-14T13:43:26,6400.0,70.1,S
2021-06-14T13:43:25,3700.0,70.1,S
2021-06-14T13:43:25,200.0,70.2,S
2021-06-14T13:43:25,14200.0,70.2,S
2021-06-14T13:43:25,200.0,70.2,S
2021-06-14T13:43:25,200.0,70.2,S
2021-06-14T13:43:25,10000.0,70.2,S
2021-06-14T13:43:25,1700.0,70.2,S
2021-06-14T13:43:25,600.0,70.2,S
2021-06-14T13:43:25,1000.0,70.2,S
2021-06-14T13:43:25,2900.0,70.2,S
2021-06-14T13:43:21,500.0,70.3,S
2021-06-14T13:43:08,1200.0,70.2,S
2021-06-14T13:43:08,200.0,70.2,S
2021-06-14T13:43:08,10900.0,70.2,S
2021-06-14T13:43:08,600.0,70.2,S
2021-06-14T13:43:08,1000.0,70.2,S
2021-06-14T13:43:08,800.0,70.2,S
2021-06-14T13:43:08,3100.0,70.2,S
2021-06-14T13:43:08,3000.0,70.2,S
2021-06-14T13:43:08,1100.0,70.2,S
2021-06-14T13:43:08,600.0,70.2,S
2021-06-14T13:43:08,10000.0,70.2,S
2021-06-14T13:43:08,6400.0,70.2,S
2021-06-14T13:43:08,5200.0,70.2,S
2021-06-14T13:43:08,1000.0,70.2,S
2021-06-14T13:43:08,2200.0,70.2,S
2021-06-14T13:43:08,500.0,70.2,S
2021-06-14T13:43:08,700.0,70.3,S
2021-06-14T13:43:07,1500.0,70.3,S
2021-06-14T13:43:03,4600.0,70.3,S
2021-06-14T13:43:03,200.0,70.3,S
2021-06-14T13:43:03,700.0,70.3,S
2021-06-14T13:43:03,12900.0,70.3,S
2021-06-14T13:43:03,10100.0,70.3,S
2021-06-14T13:43:03,100.0,70.3,S
2021-06-14T13:43:03,600.0,70.3,S
2021-06-14T13:43:03,2500.0,70.3,S
2021-06-14T13:43:03,1000.0,70.3,S
2021-06-14T13:43:03,1000.0,70.3,S
2021-06-14T13:43:03,1000.0,70.3,S
2021-06-14T13:43:03,2800.0,70.3,S
2021-06-14T13:43:03,1200.0,70.3,S
2021-06-14T13:43:02,11300.0,70.3,S
2021-06-14T13:42:56,300.0,70.3,S
2021-06-14T13:42:34,100.0,70.4,B
2021-06-14T13:42:31,200.0,70.4,B
2021-06-14T13:42:31,1700.0,70.4,B
2021-06-14T13:42:31,7500.0,70.4,B
2021-06-14T13:42:30,600.0,70.4,B
2021-06-14T13:42:26,6500.0,70.4,B
2021-06-14T13:42:18,800.0,70.3,S
2021-06-14T13:42:02,500.0,70.4,B
2021-06-14T13:42:00,200.0,70.3,S
2021-06-14T13:41:47,1500.0,70.4,B
2021-06-14T13:41:44,500.0,70.3,S
2021-06-14T13:41:39,10000.0,70.3,S
2021-06-14T13:41:28,200.0,70.4,B
2021-06-14T13:41:25,1000.0,70.3,S
2021-06-14T13:41:21,1000.0,70.3,S
2021-06-14T13:41:11,500.0,70.3,S
2021-06-14T13:41:09,100.0,70.4,B
2021-06-14T13:40:59,400.0,70.3,S
2021-06-14T13:40:49,500.0,70.3,S
2021-06-14T13:40:24,600.0,70.3,S
2021-06-14T13:40:16,500.0,70.3,S
2021-06-14T13:39:57,100.0,70.4,B
2021-06-14T13:39:54,100.0,70.3,S
2021-06-14T13:39:49,300.0,70.4,B
2021-06-14T13:39:44,500.0,70.4,B
2021-06-14T13:39:40,4500.0,70.4,B
2021-06-14T13:39:40,4100.0,70.4,B
2021-06-14T13:39:40,100.0,70.4,B
2021-06-14T13:39:39,1200.0,70.4,B
2021-06-14T13:39:38,500.0,70.3,S
2021-06-14T13:39:33,5000.0,70.4,B
2021-06-14T13:39:31,1200.0,70.4,B
2021-06-14T13:39:27,5900.0,70.4,B
2021-06-14T13:39:25,500.0,70.3,S
2021-06-14T13:39:13,2000.0,70.4,B
2021-06-14T13:39:04,1000.0,70.4,B
2021-06-14T13:38:50,100.0,70.3,S
2021-06-14T13:38:44,500.0,70.4,B
2021-06-14T13:38:40,500.0,70.4,B
2021-06-14T13:38:35,400.0,70.4,B
2021-06-14T13:38:32,2800.0,70.4,B
2021-06-14T13:38:28,1000.0,70.4,B
2021-06-14T13:38:26,4500.0,70.3,S
2021-06-14T13:38:23,1300.0,70.3,S
2021-06-14T13:38:23,1000.0,70.3,S
2021-06-14T13:38:11,600.0,70.3,S
2021-06-14T13:38:10,15000.0,70.3,S
2021-06-14T13:38:04,100.0,70.4,B
2021-06-14T13:38:01,10000.0,70.4,B
2021-06-14T13:37:55,160300.0,70.1,S
2021-06-14T13:37:55,700.0,70.1,S
2021-06-14T13:37:55,1300.0,70.1,S
2021-06-14T13:37:55,1000.0,70.1,S
2021-06-14T13:37:55,100.0,70.1,S
2021-06-14T13:37:54,50200.0,70.1,S
2021-06-14T13:37:54,2500.0,70.1,S
2021-06-14T13:37:54,200.0,70.1,S
2021-06-14T13:37:54,1000.0,70.1,S
2021-06-14T13:37:54,500.0,70.1,S
2021-06-14T13:37:54,11000.0,70.1,S
2021-06-14T13:37:54,2900.0,70.1,S
2021-06-14T13:37:54,600.0,70.1,S
2021-06-14T13:37:54,136200.0,70.1,S
2021-06-14T13:37:54,400.0,70.2,S
2021-06-14T13:37:54,28800.0,70.2,S
2021-06-14T13:37:54,1100.0,70.2,S
2021-06-14T13:37:54,500.0,70.2,S
2021-06-14T13:37:54,300.0,70.2,S
2021-06-14T13:37:54,400.0,70.2,S
2021-06-14T13:37:50,100.0,70.4,B
2021-06-14T13:37:47,500.0,70.2,S
2021-06-14T13:37:39,800.0,70.4,B
2021-06-14T13:37:39,4200.0,70.4,B
2021-06-14T13:37:37,42000.0,70.4,B
2021-06-14T13:37:37,5000.0,70.1,S
2021-06-14T13:37:37,70000.0,70.1,S
2021-06-14T13:37:37,21300.0,70.1,S
2021-06-14T13:37:37,1000.0,70.1,S
2021-06-14T13:37:37,32700.0,70.1,S
2021-06-14T13:37:36,1100.0,70.1,S
2021-06-14T13:37:36,27100.0,70.1,S
2021-06-14T13:37:32,3500.0,70.1,S
2021-06-14T13:37:32,30200.0,70.1,S
2021-06-14T13:37:32,100.0,70.1,S
2021-06-14T13:37:32,50500.0,70.1,S
2021-06-14T13:37:32,1000.0,70.1,S
2021-06-14T13:37:32,22500.0,70.1,S
2021-06-14T13:37:32,2000.0,70.1,S
2021-06-14T13:37:32,200300.0,70.1,S
2021-06-14T13:37:32,33300.0,70.1,S
2021-06-14T13:37:32,200.0,70.1,S
2021-06-14T13:37:32,1400.0,70.1,S
2021-06-14T13:37:32,1100.0,70.1,S
2021-06-14T13:37:32,500.0,70.1,S
2021-06-14T13:37:32,3000.0,70.1,S
2021-06-14T13:37:32,25100.0,70.1,S
2021-06-14T13:37:32,66100.0,70.1,S
2021-06-14T13:37:32,20300.0,70.1,S
2021-06-14T13:37:31,100.0,70.1,S
2021-06-14T13:37:31,10000.0,70.1,S
2021-06-14T13:37:31,7100.0,70.1,S
2021-06-14T13:37:31,6300.0,70.1,S
2021-06-14T13:37:31,300.0,70.2,S
2021-06-14T13:37:31,15100.0,70.2,S
2021-06-14T13:37:28,500.0,70.4,B
2021-06-14T13:37:28,100.0,70.4,B
2021-06-14T13:37:22,1500.0,70.3,S
2021-06-14T13:37:22,800.0,70.3,S
2021-06-14T13:37:18,253000.0,70.1,S
2021-06-14T13:37:18,6000.0,70.1,S
2021-06-14T13:37:18,5100.0,70.1,S
2021-06-14T13:37:18,1500.0,70.2,S
2021-06-14T13:37:18,2100.0,70.2,S
2021-06-14T13:37:16,4300.0,70.2,S
2021-06-14T13:37:16,1000.0,70.2,S
2021-06-14T13:37:16,3600.0,70.2,S
2021-06-14T13:37:16,7100.0,70.2,S
2021-06-14T13:37:16,4000.0,70.2,S
2021-06-14T13:37:16,2800.0,70.2,S
2021-06-14T13:37:16,200.0,70.2,S
2021-06-14T13:37:16,11500.0,70.2,S
2021-06-14T13:37:16,200.0,70.2,S
2021-06-14T13:37:16,500.0,70.2,S
2021-06-14T13:37:16,2100.0,70.2,S
2021-06-14T13:37:16,2500.0,70.2,S
2021-06-14T13:37:16,900.0,70.2,S
2021-06-14T13:37:16,500.0,70.2,S
2021-06-14T13:37:16,200.0,70.2,S
2021-06-14T13:37:16,5200.0,70.2,S
2021-06-14T13:37:16,1200.0,70.2,S
2021-06-14T13:37:16,500.0,70.2,S
2021-06-14T13:37:16,5200.0,70.2,S
2021-06-14T13:37:16,11300.0,70.2,S
2021-06-14T13:37:15,7200.0,70.2,S
2021-06-14T13:37:15,43800.0,70.2,S
2021-06-14T13:37:15,1200.0,70.2,S
2021-06-14T13:37:15,2400.0,70.2,S
2021-06-14T13:37:15,1500.0,70.2,S
2021-06-14T13:37:15,4300.0,70.2,S
2021-06-14T13:37:15,500.0,70.2,S
2021-06-14T13:37:15,1800.0,70.2,S
2021-06-14T13:37:15,5200.0,70.2,S
2021-06-14T13:37:15,23000.0,70.2,S
2021-06-14T13:37:15,57900.0,70.2,S
2021-06-14T13:37:15,100.0,70.3,S
2021-06-14T13:37:15,18600.0,70.3,S
2021-06-14T13:37:02,13800.0,70.3,S
2021-06-14T13:37:02,200.0,70.4,B
2021-06-14T13:37:01,1000.0,70.4,B
2021-06-14T13:37:00,19200.0,70.4,B
2021-06-14T13:36:53,1800.0,70.4,B
2021-06-14T13:36:46,500.0,70.3,S
2021-06-14T13:36:42,200.0,70.4,B
2021-06-14T13:36:41,1000.0,70.4,B
2021-06-14T13:36:32,150900.0,70.2,S
2021-06-14T13:36:32,2900.0,70.2,S
2021-06-14T13:36:32,45900.0,70.2,S
2021-06-14T13:36:32,300.0,70.3,S
2021-06-14T13:36:15,3000.0,70.4,B
2021-06-14T13:36:15,5400.0,70.2,S
2021-06-14T13:36:15,1400.0,70.2,S
2021-06-14T13:36:15,500.0,70.2,S
2021-06-14T13:36:15,3100.0,70.2,S
2021-06-14T13:36:15,3500.0,70.2,S
2021-06-14T13:36:15,500.0,70.2,S
2021-06-14T13:36:15,200.0,70.2,S
2021-06-14T13:36:15,400.0,70.2,S
2021-06-14T13:36:15,1300.0,70.2,S
2021-06-14T13:36:15,20600.0,70.2,S
2021-06-14T13:36:15,100.0,70.2,S
2021-06-14T13:36:14,2100.0,70.2,S
2021-06-14T13:36:14,41000.0,70.2,S
2021-06-14T13:36:14,400.0,70.2,S
2021-06-14T13:36:14,70000.0,70.2,S
2021-06-14T13:36:14,1200.0,70.2,S
2021-06-14T13:36:14,33500.0,70.2,S
2021-06-14T13:36:14,46500.0,70.2,S
2021-06-14T13:36:14,200.0,70.2,S
2021-06-14T13:36:14,10100.0,70.2,S
2021-06-14T13:36:14,10600.0,70.2,S
2021-06-14T13:36:14,11800.0,70.2,S
2021-06-14T13:36:14,2500.0,70.2,S
2021-06-14T13:36:14,12000.0,70.2,S
2021-06-14T13:36:13,2000.0,70.2,S
2021-06-14T13:36:13,3800.0,70.2,S
2021-06-14T13:36:13,14300.0,70.2,S
2021-06-14T13:36:13,50500.0,70.2,S
2021-06-14T13:36:13,2500.0,70.2,S
2021-06-14T13:36:13,100.0,70.2,S
2021-06-14T13:36:13,200.0,70.2,S
2021-06-14T13:36:13,8200.0,70.2,S
2021-06-14T13:36:13,21500.0,70.2,S
2021-06-14T13:36:13,3600.0,70.2,S
2021-06-14T13:36:13,100.0,70.2,S
2021-06-14T13:36:13,2100.0,70.2,S
2021-06-14T13:36:13,100.0,70.2,S
2021-06-14T13:36:13,20100.0,70.2,S
2021-06-14T13:36:13,5500.0,70.2,S
2021-06-14T13:36:13,1400.0,70.2,S
2021-06-14T13:36:13,1600.0,70.2,S
2021-06-14T13:36:13,2100.0,70.2,S
2021-06-14T13:36:13,500.0,70.2,S
2021-06-14T13:36:13,2700.0,70.2,S
2021-06-14T13:36:13,700.0,70.2,S
2021-06-14T13:36:13,700.0,70.2,S
2021-06-14T13:36:13,2700.0,70.2,S
2021-06-14T13:36:13,1400.0,70.2,S
2021-06-14T13:36:13,300.0,70.2,S
2021-06-14T13:36:12,600.0,70.2,S
2021-06-14T13:36:12,1000.0,70.2,S
2021-06-14T13:36:12,700.0,70.2,S
2021-06-14T13:36:12,11200.0,70.2,S
2021-06-14T13:36:12,3400.0,70.2,S
2021-06-14T13:36:12,600.0,70.2,S
2021-06-14T13:36:12,1200.0,70.2,S
2021-06-14T13:36:12,1000.0,70.2,S
2021-06-14T13:36:12,600.0,70.2,S
2021-06-14T13:36:12,1100.0,70.2,S
2021-06-14T13:36:12,1400.0,70.2,S
2021-06-14T13:36:12,49600.0,70.2,S
2021-06-14T13:36:09,1000.0,70.4,B
2021-06-14T13:36:02,6300.0,70.2,S
2021-06-14T13:36:02,200.0,70.2,S
2021-06-14T13:36:02,500.0,70.2,S
2021-06-14T13:36:02,1200.0,70.2,S
2021-06-14T13:36:02,1200.0,70.2,S
2021-06-14T13:36:02,4100.0,70.2,S
2021-06-14T13:36:02,2000.0,70.2,S
2021-06-14T13:36:02,11000.0,70.2,S
2021-06-14T13:36:02,2700.0,70.2,S
2021-06-14T13:36:02,1400.0,70.2,S
2021-06-14T13:36:02,600.0,70.2,S
2021-06-14T13:36:02,11300.0,70.2,S
2021-06-14T13:36:02,1000.0,70.2,S
2021-06-14T13:36:02,500.0,70.2,S
2021-06-14T13:36:02,8500.0,70.2,S
2021-06-14T13:36:02,36000.0,70.2,S
2021-06-14T13:36:02,200.0,70.2,S
2021-06-14T13:36:02,1300.0,70.2,S
2021-06-14T13:36:02,52300.0,70.2,S
2021-06-14T13:36:02,30200.0,70.2,S
2021-06-14T13:36:02,3200.0,70.2,S
2021-06-14T13:36:02,500.0,70.2,S
2021-06-14T13:36:02,50500.0,70.2,S
2021-06-14T13:36:02,1000.0,70.2,S
2021-06-14T13:36:02,18600.0,70.2,S
2021-06-14T13:36:02,5200.0,70.2,S
2021-06-14T13:36:01,100.0,70.2,S
2021-06-14T13:36:01,1500.0,70.2,S
2021-06-14T13:36:01,30100.0,70.2,S
2021-06-14T13:36:01,6000.0,70.2,S
2021-06-14T13:36:01,3100.0,70.2,S
2021-06-14T13:36:01,5500.0,70.2,S
2021-06-14T13:36:01,21200.0,70.2,S
2021-06-14T13:36:01,2500.0,70.2,S
2021-06-14T13:36:01,500.0,70.2,S
2021-06-14T13:36:01,10200.0,70.2,S
2021-06-14T13:36:01,10400.0,70.3,S
2021-06-14T13:36:01,800.0,70.3,S
2021-06-14T13:36:01,3600.0,70.3,S
2021-06-14T13:36:01,49100.0,70.3,S
2021-06-14T13:36:01,300.0,70.3,S
2021-06-14T13:36:00,1200.0,70.3,S
2021-06-14T13:36:00,4200.0,70.3,S
2021-06-14T13:36:00,1800.0,70.3,S
2021-06-14T13:36:00,60000.0,70.3,S
2021-06-14T13:36:00,6700.0,70.3,S
2021-06-14T13:36:00,2300.0,70.3,S
2021-06-14T13:36:00,27400.0,70.3,S
2021-06-14T13:35:58,300.0,70.3,S
2021-06-14T13:35:49,1000.0,70.4,B
2021-06-14T13:35:49,1000.0,70.4,B
2021-06-14T13:35:45,76700.0,70.3,S
2021-06-14T13:35:45,2700.0,70.3,S
2021-06-14T13:35:45,30300.0,70.3,S
2021-06-14T13:35:45,3100.0,70.3,S
2021-06-14T13:35:45,200.0,70.3,S
2021-06-14T13:35:45,2000.0,70.3,S
2021-06-14T13:35:45,6000.0,70.3,S
2021-06-14T13:35:45,200.0,70.3,S
2021-06-14T13:35:45,100.0,70.3,S
2021-06-14T13:35:45,11400.0,70.3,S
2021-06-14T13:35:45,300.0,70.3,S
2021-06-14T13:35:45,8800.0,70.3,S
2021-06-14T13:35:45,100.0,70.3,S
2021-06-14T13:35:45,700.0,70.3,S
2021-06-14T13:35:45,1000.0,70.3,S
2021-06-14T13:35:45,1900.0,70.3,S
2021-06-14T13:35:45,5500.0,70.3,S
2021-06-14T13:35:45,50300.0,70.3,S
2021-06-14T13:35:35,100.0,70.4,B
2021-06-14T13:35:33,1000.0,70.4,B
2021-06-14T13:35:31,300.0,70.4,B
2021-06-14T13:35:30,800.0,70.4,B
2021-06-14T13:35:30,2300.0,70.4,B
2021-06-14T13:35:20,2000.0,70.4,B
2021-06-14T13:35:14,1800.0,70.4,B
2021-06-14T13:35:11,2000.0,70.3,S
2021-06-14T13:35:08,2900.0,70.3,S
2021-06-14T13:35:08,5500.0,70.3,S
2021-06-14T13:35:08,1000.0,70.3,S
2021-06-14T13:35:08,10600.0,70.3,S
2021-06-14T13:35:02,400.0,70.5,B
2021-06-14T13:34:57,200.0,70.4,B
2021-06-14T13:34:54,900.0,70.4,B
2021-06-14T13:34:43,1100.0,70.4,B
2021-06-14T13:34:42,2000.0,70.4,B
2021-06-14T13:34:41,500.0,70.4,B
2021-06-14T13:34:39,3000.0,70.4,B
2021-06-14T13:34:30,100.0,70.4,B
2021-06-14T13:34:25,500.0,70.4,B
2021-06-14T13:34:25,3000.0,70.4,B
2021-06-14T13:34:25,500.0,70.4,B
2021-06-14T13:34:17,300.0,70.4,B
2021-06-14T13:34:15,2300.0,70.4,B
2021-06-14T13:34:12,1300.0,70.4,B
2021-06-14T13:33:52,100.0,70.4,B
2021-06-14T13:33:52,15500.0,70.4,B
2021-06-14T13:33:51,200.0,70.4,B
2021-06-14T13:33:40,1200.0,70.3,S
2021-06-14T13:33:39,200.0,70.4,B
2021-06-14T13:33:33,200.0,70.4,B
2021-06-14T13:33:33,19800.0,70.4,B
2021-06-14T13:33:29,1000.0,70.4,B
2021-06-14T13:33:29,600.0,70.4,B
2021-06-14T13:33:08,500.0,70.4,B
2021-06-14T13:33:03,4800.0,70.4,B
2021-06-14T13:32:49,600.0,70.4,S
2021-06-14T13:32:47,200.0,70.4,S
2021-06-14T13:32:47,9500.0,70.4,S
2021-06-14T13:32:37,200.0,70.4,S
2021-06-14T13:32:34,700.0,70.4,S
2021-06-14T13:32:30,500.0,70.4,S
2021-06-14T13:32:27,1000.0,70.4,S
2021-06-14T13:32:24,200.0,70.4,S
2021-06-14T13:32:12,500.0,70.4,S
2021-06-14T13:32:12,100.0,70.4,S
2021-06-14T13:32:09,500.0,70.4,S
2021-06-14T13:32:06,100.0,70.4,S
2021-06-14T13:32:04,100.0,70.4,S
2021-06-14T13:32:01,100.0,70.4,S
2021-06-14T13:31:56,5000.0,70.4,S
2021-06-14T13:31:55,1000.0,70.3,S
2021-06-14T13:31:55,1800.0,70.4,S
2021-06-14T13:31:45,900.0,70.4,S
2021-06-14T13:31:44,1000.0,70.4,S
2021-06-14T13:31:42,500.0,70.4,S
2021-06-14T13:31:37,100.0,70.4,S
2021-06-14T13:31:35,700.0,70.4,S
2021-06-14T13:31:34,300.0,70.4,S
2021-06-14T13:31:30,900.0,70.4,S
2021-06-14T13:31:30,12200.0,70.4,S
2021-06-14T13:31:30,1100.0,70.4,S
2021-06-14T13:31:29,300.0,70.5,B
2021-06-14T13:31:25,300.0,70.4,S
2021-06-14T13:31:24,1000.0,70.4,S
2021-06-14T13:31:21,200.0,70.4,S
2021-06-14T13:31:20,700.0,70.4,S
2021-06-14T13:31:04,700.0,70.4,S
2021-06-14T13:30:53,200.0,70.4,S
2021-06-14T13:30:44,1000.0,70.4,S
2021-06-14T13:30:41,300.0,70.4,S
2021-06-14T13:30:35,15000.0,70.5,B
2021-06-14T13:30:34,2600.0,70.3,S
2021-06-14T13:30:34,26800.0,70.3,S
2021-06-14T13:30:34,6300.0,70.3,S
2021-06-14T13:30:32,2100.0,70.3,S
2021-06-14T13:30:32,500.0,70.3,S
2021-06-14T13:30:32,3000.0,70.3,S
2021-06-14T13:30:32,1500.0,70.3,S
2021-06-14T13:30:32,101400.0,70.3,S
2021-06-14T13:30:32,600.0,70.3,S
2021-06-14T13:30:32,6600.0,70.3,S
2021-06-14T13:30:32,20100.0,70.3,S
2021-06-14T13:30:32,28500.0,70.3,S
2021-06-14T13:30:27,21400.0,70.3,S
2021-06-14T13:30:27,200.0,70.3,S
2021-06-14T13:30:27,4000.0,70.3,S
2021-06-14T13:30:27,5800.0,70.3,S
2021-06-14T13:30:27,500.0,70.3,S
2021-06-14T13:30:26,12200.0,70.3,S
2021-06-14T13:30:26,300.0,70.3,S
2021-06-14T13:30:26,1100.0,70.3,S
2021-06-14T13:30:26,1500.0,70.3,S
2021-06-14T13:30:26,100.0,70.3,S
2021-06-14T13:30:26,3800.0,70.3,S
2021-06-14T13:30:26,58300.0,70.3,S
2021-06-14T13:30:26,4500.0,70.3,S
2021-06-14T13:30:26,1100.0,70.3,S
2021-06-14T13:30:26,7000.0,70.3,S
2021-06-14T13:30:26,600.0,70.3,S
2021-06-14T13:30:26,900.0,70.3,S
2021-06-14T13:30:26,100.0,70.3,S
2021-06-14T13:30:26,8200.0,70.3,S
2021-06-14T13:30:26,200.0,70.3,S
2021-06-14T13:30:26,800.0,70.3,S
2021-06-14T13:30:26,300.0,70.3,S
2021-06-14T13:30:26,40400.0,70.3,S
2021-06-14T13:30:25,400.0,70.3,S
2021-06-14T13:30:25,6000.0,70.3,S
2021-06-14T13:30:25,300.0,70.3,S
2021-06-14T13:30:25,58000.0,70.3,S
2021-06-14T13:30:25,11000.0,70.3,S
2021-06-14T13:30:25,100.0,70.3,S
2021-06-14T13:30:25,30100.0,70.3,S
2021-06-14T13:30:25,13300.0,70.3,S
2021-06-14T13:30:25,2000.0,70.3,S
2021-06-14T13:30:25,5500.0,70.3,S
2021-06-14T13:30:19,2000.0,70.4,S
2021-06-14T13:30:19,1100.0,70.4,S
2021-06-14T13:30:14,1000.0,70.5,B
2021-06-14T13:30:11,3700.0,70.3,S
2021-06-14T13:30:11,11800.0,70.3,S
2021-06-14T13:30:11,600.0,70.3,S
2021-06-14T13:30:11,65000.0,70.3,S
2021-06-14T13:30:11,2000.0,70.3,S
2021-06-14T13:30:10,13900.0,70.3,S
2021-06-14T13:30:10,1500.0,70.4,S
2021-06-14T13:30:10,700.0,70.4,S
2021-06-14T13:30:10,1200.0,70.4,S
2021-06-14T13:30:10,100.0,70.4,S
2021-06-14T13:30:10,99500.0,70.4,S
2021-06-14T13:30:05,5000.0,70.4,S
2021-06-14T13:30:03,100.0,70.5,B
2021-06-14T13:29:57,1000.0,70.4,S
2021-06-14T13:29:48,2000.0,70.4,S
2021-06-14T13:29:48,1500.0,70.4,S
2021-06-14T13:29:48,1900.0,70.4,S
2021-06-14T13:29:47,600.0,70.4,S
2021-06-14T13:29:46,100.0,70.5,B
2021-06-14T13:29:39,100.0,70.4,S
2021-06-14T13:29:38,2000.0,70.4,S
2021-06-14T13:29:14,87600.0,70.4,S
2021-06-14T13:29:09,100.0,70.4,S
2021-06-14T13:29:09,300.0,70.4,S
2021-06-14T13:29:09,2000.0,70.4,S
2021-06-14T13:29:09,3000.0,70.4,S
2021-06-14T13:29:09,9400.0,70.4,S
2021-06-14T13:28:56,200.0,70.5,B
2021-06-14T13:28:44,1000.0,70.5,S
2021-06-14T13:28:39,2600.0,70.4,S
2021-06-14T13:28:39,1100.0,70.4,S
2021-06-14T13:28:39,500.0,70.4,S
2021-06-14T13:28:38,5800.0,70.4,S
2021-06-14T13:28:37,10000.0,70.5,S
2021-06-14T13:28:36,3000.0,70.5,S
2021-06-14T13:28:32,100.0,70.5,S
2021-06-14T13:28:29,1000.0,70.5,S
2021-06-14T13:28:19,500.0,70.5,S
2021-06-14T13:28:15,500.0,70.5,S
2021-06-14T13:28:09,100.0,70.5,S
2021-06-14T13:28:04,200.0,70.5,S
2021-06-14T13:28:02,1000.0,70.5,S
2021-06-14T13:28:02,9000.0,70.5,S
2021-06-14T13:28:01,2000.0,70.5,S
2021-06-14T13:27:58,100.0,70.4,S
2021-06-14T13:27:55,100.0,70.5,S
2021-06-14T13:27:48,100.0,70.5,S
2021-06-14T13:27:22,5000.0,70.5,S
2021-06-14T13:27:17,1000.0,70.4,S
2021-06-14T13:27:15,8500.0,70.4,S
2021-06-14T13:27:15,100.0,70.4,S
2021-06-14T13:27:11,2000.0,70.4,S
2021-06-14T13:27:11,3000.0,70.4,S
2021-06-14T13:27:11,10000.0,70.4,S
2021-06-14T13:27:09,500.0,70.4,S
2021-06-14T13:27:04,100.0,70.4,S
2021-06-14T13:27:03,1000.0,70.4,S
2021-06-14T13:26:59,10000.0,70.4,S
2021-06-14T13:26:57,10000.0,70.4,S
2021-06-14T13:26:57,3500.0,70.4,S
2021-06-14T13:26:57,500.0,70.4,S
2021-06-14T13:26:57,8400.0,70.4,S
2021-06-14T13:26:57,5000.0,70.4,S
2021-06-14T13:26:57,500.0,70.4,S
2021-06-14T13:26:57,800.0,70.4,S
2021-06-14T13:26:57,500.0,70.4,S
2021-06-14T13:26:57,20000.0,70.4,S
2021-06-14T13:26:57,10000.0,70.4,S
2021-06-14T13:26:57,1100.0,70.4,S
2021-06-14T13:26:57,1400.0,70.4,S
2021-06-14T13:26:57,31600.0,70.4,S
2021-06-14T13:26:57,83100.0,70.4,S
2021-06-14T13:26:57,4200.0,70.4,S
2021-06-14T13:26:57,3000.0,70.4,S
2021-06-14T13:26:57,31200.0,70.4,S
2021-06-14T13:26:51,500.0,70.4,S
2021-06-14T13:26:47,479700.0,70.4,S
2021-06-14T13:26:47,200.0,70.4,S
2021-06-14T13:26:46,20100.0,70.4,S
2021-06-14T13:26:30,500.0,70.5,S
2021-06-14T13:26:29,16100.0,70.5,S
2021-06-14T13:26:29,3800.0,70.5,S
2021-06-14T13:26:29,1400.0,70.5,S
2021-06-14T13:26:29,400.0,70.5,S
2021-06-14T13:26:29,3100.0,70.5,S
2021-06-14T13:26:29,6000.0,70.5,S
2021-06-14T13:26:29,500.0,70.5,S
2021-06-14T13:26:29,7100.0,70.5,S
2021-06-14T13:26:29,11500.0,70.5,S
2021-06-14T13:26:29,300.0,70.5,S
2021-06-14T13:26:29,200.0,70.5,S
2021-06-14T13:26:29,2100.0,70.5,S
2021-06-14T13:26:29,2700.0,70.5,S
2021-06-14T13:26:29,1200.0,70.5,S
2021-06-14T13:26:28,7900.0,70.5,S
2021-06-14T13:26:24,400.0,70.5,S
2021-06-14T13:26:23,200.0,70.5,S
2021-06-14T13:26:16,500.0,70.6,B
2021-06-14T13:26:13,200.0,70.5,S
2021-06-14T13:26:00,100.0,70.6,B
2021-06-14T13:25:39,1100.0,70.5,S
2021-06-14T13:25:39,1600.0,70.5,S
2021-06-14T13:25:39,1400.0,70.5,S
2021-06-14T13:25:39,800.0,70.5,S
2021-06-14T13:25:39,600.0,70.5,S
2021-06-14T13:25:36,3700.0,70.6,B
2021-06-14T13:24:57,900.0,70.5,S
2021-06-14T13:24:57,1400.0,70.5,S
2021-06-14T13:24:45,100.0,70.5,S
2021-06-14T13:24:25,100.0,70.6,B
2021-06-14T13:24:17,500.0,70.6,B
2021-06-14T13:24:17,100.0,70.6,B
2021-06-14T13:24:15,500.0,70.6,B
2021-06-14T13:24:06,200.0,70.6,S
2021-06-14T13:23:56,55000.0,70.5,S
2021-06-14T13:23:55,2000.0,70.6,S
2021-06-14T13:23:50,15700.0,70.5,S
2021-06-14T13:23:50,1100.0,70.5,S
2021-06-14T13:23:50,500.0,70.5,S
2021-06-14T13:23:50,400.0,70.5,S
2021-06-14T13:23:49,35300.0,70.5,S
2021-06-14T13:23:43,500.0,70.6,S
2021-06-14T13:23:38,10000.0,70.6,S
2021-06-14T13:23:35,100.0,70.6,S
2021-06-14T13:23:25,500.0,70.6,S
2021-06-14T13:23:25,1000.0,70.6,S
2021-06-14T13:23:24,300.0,70.6,S
2021-06-14T13:23:17,500.0,70.6,S
2021-06-14T13:23:17,100.0,70.5,S
2021-06-14T13:23:12,100.0,70.5,S
2021-06-14T13:23:11,100.0,70.5,S
2021-06-14T13:23:05,500.0,70.5,S
2021-06-14T13:22:49,4000.0,70.6,S
2021-06-14T13:22:36,3000.0,70.6,S
2021-06-14T13:22:19,100.0,70.6,S
2021-06-14T13:22:14,600.0,70.6,S
2021-06-14T13:21:56,6900.0,70.5,S
2021-06-14T13:21:56,2000.0,70.5,S
2021-06-14T13:21:56,500.0,70.5,S
2021-06-14T13:21:56,20400.0,70.5,S
2021-06-14T13:21:56,1400.0,70.5,S
2021-06-14T13:21:56,1400.0,70.5,S
2021-06-14T13:21:56,300.0,70.5,S
2021-06-14T13:21:56,2100.0,70.5,S
2021-06-14T13:21:56,800.0,70.5,S
2021-06-14T13:21:54,17200.0,70.5,S
2021-06-14T13:21:31,100.0,70.5,S
2021-06-14T13:21:28,100.0,70.5,S
2021-06-14T13:21:25,100.0,70.5,S
2021-06-14T13:21:16,5000.0,70.5,S
2021-06-14T13:21:04,5000.0,70.9,B
2021-06-14T13:21:00,500.0,70.8,S
2021-06-14T13:20:52,3000.0,70.9,B
2021-06-14T13:20:44,100.0,70.5,S
2021-06-14T13:20:44,1200.0,70.5,S
2021-06-14T13:20:44,900.0,70.5,S
2021-06-14T13:20:44,4800.0,70.5,S
2021-06-14T13:20:43,2000.0,70.9,B
2021-06-14T13:20:41,100.0,70.7,S
2021-06-14T13:20:38,100.0,70.7,S
2021-06-14T13:20:36,100.0,70.5,S
2021-06-14T13:20:31,5100.0,70.5,S
2021-06-14T13:20:31,5000.0,70.5,S
2021-06-14T13:20:31,5100.0,70.5,S
2021-06-14T13:20:31,1500.0,70.5,S
2021-06-14T13:20:31,1500.0,70.6,S
2021-06-14T13:20:31,300.0,70.6,S
2021-06-14T13:20:31,1500.0,70.6,S
2021-06-14T13:20:29,100.0,70.8,S
2021-06-14T13:20:26,5000.0,70.9,B
2021-06-14T13:20:15,100.0,70.9,B
2021-06-14T13:20:05,10000.0,70.9,B
2021-06-14T13:20:02,400.0,70.9,B
2021-06-14T13:19:51,4000.0,70.9,B
2021-06-14T13:19:46,2000.0,70.6,S
2021-06-14T13:19:44,5000.0,70.9,B
2021-06-14T13:19:42,900.0,70.7,S
2021-06-14T13:19:36,10000.0,70.9,B
2021-06-14T13:19:15,300.0,70.7,B
2021-06-14T13:19:09,10000.0,70.9,B
2021-06-14T13:18:52,2400.0,70.9,B
2021-06-14T13:18:52,2600.0,70.8,B
2021-06-14T13:18:50,500.0,70.7,B
2021-06-14T13:18:35,400.0,70.6,S
2021-06-14T13:18:34,100.0,70.6,S
2021-06-14T13:18:29,3900.0,70.6,S
2021-06-14T13:18:29,600.0,70.8,B
2021-06-14T13:18:24,22000.0,70.9,B
2021-06-14T13:18:04,20000.0,70.9,B
2021-06-14T13:18:03,13100.0,70.9,B
2021-06-14T13:18:03,6900.0,70.8,B
2021-06-14T13:17:51,50000.0,70.8,B
2021-06-14T13:17:50,300.0,70.5,S
2021-06-14T13:17:35,20000.0,70.8,B
2021-06-14T13:17:28,6700.0,70.8,B
2021-06-14T13:17:28,700.0,70.8,B
2021-06-14T13:17:28,22600.0,70.8,B
2021-06-14T13:17:20,200.0,70.6,S
2021-06-14T13:17:20,1100.0,70.6,S
2021-06-14T13:17:20,1100.0,70.7,B
2021-06-14T13:17:10,22500.0,70.8,B
2021-06-14T13:17:06,900.0,70.8,B
2021-06-14T13:16:56,2700.0,70.5,S
2021-06-14T13:16:56,11400.0,70.5,S
2021-06-14T13:16:56,700.0,70.5,S
2021-06-14T13:16:56,300.0,70.6,S
2021-06-14T13:16:56,1100.0,70.6,S
2021-06-14T13:16:56,2700.0,70.6,S
2021-06-14T13:16:56,700.0,70.6,S
2021-06-14T13:16:56,8400.0,70.6,S
2021-06-14T13:16:55,20000.0,70.8,B
2021-06-14T13:16:55,200.0,70.8,B
2021-06-14T13:16:47,100.0,70.6,S
2021-06-14T13:16:44,50000.0,70.8,B
2021-06-14T13:16:32,100.0,70.6,S
2021-06-14T13:16:29,7500.0,70.8,B
2021-06-14T13:16:29,5100.0,70.8,B
2021-06-14T13:16:29,800.0,70.8,B
2021-06-14T13:16:28,11600.0,70.8,B
2021-06-14T13:16:27,100.0,70.7,B
2021-06-14T13:16:15,4500.0,70.8,B
2021-06-14T13:16:15,800.0,70.7,B
2021-06-14T13:16:15,2400.0,70.7,B
2021-06-14T13:16:15,800.0,70.7,B
2021-06-14T13:16:15,21500.0,70.7,B
2021-06-14T13:15:53,5000.0,70.6,S
2021-06-14T13:15:53,100.0,70.7,B
2021-06-14T13:15:46,200.0,70.7,B
2021-06-14T13:15:41,4900.0,70.7,B
2021-06-14T13:15:34,15000.0,70.7,B
2021-06-14T13:15:27,3000.0,70.7,B
2021-06-14T13:15:26,100.0,70.7,B
2021-06-14T13:15:23,4900.0,70.7,B
2021-06-14T13:15:22,800.0,70.6,B
2021-06-14T13:15:20,10000.0,70.7,B
2021-06-14T13:15:20,1000.0,70.7,B
2021-06-14T13:15:12,12000.0,70.7,B
2021-06-14T13:15:07,1500.0,70.7,B
2021-06-14T13:15:01,1000.0,70.6,B
2021-06-14T13:15:00,4900.0,70.7,B
2021-06-14T13:14:59,2000.0,70.7,B
2021-06-14T13:14:59,3000.0,70.7,B
2021-06-14T13:14:48,4900.0,70.7,B
2021-06-14T13:14:46,4000.0,70.7,B
2021-06-14T13:14:34,5000.0,70.7,B
2021-06-14T13:14:27,4900.0,70.7,B
2021-06-14T13:14:14,100.0,70.6,B
2021-06-14T13:14:10,3000.0,70.7,B
2021-06-14T13:14:09,800.0,70.6,B
2021-06-14T13:13:59,100.0,70.7,B
2021-06-14T13:13:57,5000.0,70.7,B
2021-06-14T13:13:46,4000.0,70.7,B
2021-06-14T13:13:45,1500.0,70.6,B
2021-06-14T13:13:42,100.0,70.6,B
2021-06-14T13:13:39,3000.0,70.7,B
2021-06-14T13:13:38,200.0,70.6,B
2021-06-14T13:13:35,900.0,70.6,B
2021-06-14T13:13:25,2000.0,70.7,B
2021-06-14T13:13:25,800.0,70.6,B
2021-06-14T13:13:17,200.0,70.6,B
2021-06-14T13:13:12,4000.0,70.6,B
2021-06-14T13:13:12,1000.0,70.5,S
2021-06-14T13:13:07,1000.0,70.6,B
2021-06-14T13:13:05,5000.0,70.7,B
2021-06-14T13:12:49,2200.0,70.7,B
2021-06-14T13:12:49,300.0,70.6,B
2021-06-14T13:12:45,4000.0,70.6,B
2021-06-14T13:12:36,100.0,70.5,S
2021-06-14T13:12:36,100.0,70.6,B
2021-06-14T13:12:36,3000.0,70.6,B
2021-06-14T13:12:36,4200.0,70.6,B
2021-06-14T13:12:36,7700.0,70.6,B
2021-06-14T13:12:35,6600.0,70.5,S
2021-06-14T13:12:30,3000.0,70.6,B
2021-06-14T13:12:26,100.0,70.6,B
2021-06-14T13:12:23,800.0,70.6,B
2021-06-14T13:12:23,2200.0,70.6,B
2021-06-14T13:12:23,400.0,70.5,S
2021-06-14T13:12:16,1100.0,70.5,S
2021-06-14T13:12:14,100.0,70.6,B
2021-06-14T13:12:02,4000.0,70.6,B
2021-06-14T13:11:58,100.0,70.6,B
2021-06-14T13:11:48,5000.0,70.6,B
2021-06-14T13:11:25,1400.0,70.5,S
2021-06-14T13:11:20,3600.0,70.6,B
2021-06-14T13:11:17,1400.0,70.6,B
2021-06-14T13:11:10,100.0,70.6,B
2021-06-14T13:11:05,400.0,70.5,S
2021-06-14T13:10:56,4000.0,70.6,B
2021-06-14T13:10:51,1000.0,70.5,S
2021-06-14T13:10:46,3500.0,70.6,B
2021-06-14T13:10:41,5000.0,70.6,B
2021-06-14T13:10:36,100.0,70.5,S
2021-06-14T13:10:27,1100.0,70.5,S
2021-06-14T13:10:24,4000.0,70.6,B
2021-06-14T13:10:16,100.0,70.6,B
2021-06-14T13:10:03,4000.0,70.6,B
2021-06-14T13:10:01,6300.0,70.4,S
2021-06-14T13:10:01,700.0,70.4,S
2021-06-14T13:10:01,1600.0,70.4,S
2021-06-14T13:10:01,7200.0,70.4,S
2021-06-14T13:10:01,1200.0,70.4,S
2021-06-14T13:10:00,9100.0,70.4,S
2021-06-14T13:10:00,27500.0,70.4,S
2021-06-14T13:10:00,6400.0,70.4,S
2021-06-14T13:09:59,3000.0,70.6,B
2021-06-14T13:09:49,100.0,70.5,S
2021-06-14T13:09:47,2500.0,70.5,S
2021-06-14T13:09:46,100.0,70.5,S
2021-06-14T13:09:42,100.0,70.5,S
2021-06-14T13:09:41,100.0,70.4,S
2021-06-14T13:09:41,1100.0,70.4,S
2021-06-14T13:09:40,1100.0,70.4,S
2021-06-14T13:09:40,1300.0,70.4,S
2021-06-14T13:09:40,100.0,70.4,S
2021-06-14T13:09:40,2300.0,70.4,S
2021-06-14T13:09:40,1200.0,70.4,S
2021-06-14T13:09:40,3000.0,70.4,S
2021-06-14T13:09:40,1900.0,70.4,S
2021-06-14T13:09:40,6300.0,70.4,S
2021-06-14T13:09:40,2400.0,70.4,S
2021-06-14T13:09:40,49200.0,70.5,S
2021-06-14T13:09:37,1000.0,70.6,B
2021-06-14T13:09:34,700.0,70.5,S
2021-06-14T13:09:29,4000.0,70.6,B
2021-06-14T13:09:29,1000.0,70.5,S
2021-06-14T13:09:16,10000.0,70.6,B
2021-06-14T13:09:14,1000.0,70.5,S
2021-06-14T13:09:03,600.0,70.5,S
2021-06-14T13:09:03,3000.0,70.6,B
2021-06-14T13:08:54,3000.0,70.6,B
2021-06-14T13:08:49,10500.0,70.6,B
2021-06-14T13:08:27,100.0,70.5,S
2021-06-14T13:08:27,4500.0,70.5,S
2021-06-14T13:08:16,200.0,70.5,S
2021-06-14T13:08:14,3000.0,70.5,S
2021-06-14T13:08:10,2100.0,70.5,S
2021-06-14T13:08:09,200.0,70.5,S
2021-06-14T13:08:09,5000.0,70.5,S
2021-06-14T13:07:58,5000.0,70.6,B
2021-06-14T13:07:53,300.0,70.5,S
2021-06-14T13:07:53,200.0,70.5,S
2021-06-14T13:07:38,5000.0,70.4,S
2021-06-14T13:07:34,2000.0,70.6,B
2021-06-14T13:07:32,1000.0,70.6,B
2021-06-14T13:07:30,600.0,70.6,B
2021-06-14T13:07:30,1300.0,70.6,B
2021-06-14T13:07:21,800.0,70.5,S
2021-06-14T13:07:21,1200.0,70.5,S
2021-06-14T13:07:06,500.0,70.6,B
2021-06-14T13:06:54,200.0,70.5,S
2021-06-14T13:06:54,1300.0,70.5,S
2021-06-14T13:06:54,10000.0,70.6,B
2021-06-14T13:06:52,200.0,70.5,S
2021-06-14T13:06:47,5000.0,70.6,B
2021-06-14T13:06:34,100.0,70.6,B
2021-06-14T13:06:24,7900.0,70.4,S
2021-06-14T13:06:24,7100.0,70.5,S
2021-06-14T13:06:17,3000.0,70.5,S
2021-06-14T13:05:54,1300.0,70.6,B
2021-06-14T13:05:41,400.0,70.5,B
2021-06-14T13:05:41,5400.0,70.5,B
2021-06-14T13:05:41,1500.0,70.5,B
2021-06-14T13:05:40,10000.0,70.5,B
2021-06-14T13:05:40,2700.0,70.5,B
2021-06-14T13:05:40,2500.0,70.5,B
2021-06-14T13:05:30,14000.0,70.5,B
2021-06-14T13:05:29,700.0,70.4,S
2021-06-14T13:05:11,300.0,70.5,B
2021-06-14T13:05:10,1000.0,70.5,B
2021-06-14T13:05:09,600.0,70.5,B
2021-06-14T13:05:08,3000.0,70.5,B
2021-06-14T13:05:07,1500.0,70.5,B
2021-06-14T13:05:07,400.0,70.5,B
2021-06-14T13:05:07,500.0,70.5,B
2021-06-14T13:05:06,2000.0,70.5,B
2021-06-14T13:04:55,300.0,70.5,B
2021-06-14T13:04:47,500.0,70.5,B
2021-06-14T13:04:42,500.0,70.5,B
2021-06-14T13:04:33,600.0,70.5,B
2021-06-14T13:04:25,1000.0,70.5,B
2021-06-14T13:04:22,600.0,70.5,B
2021-06-14T13:04:18,100.0,70.5,B
2021-06-14T13:04:06,100.0,70.5,B
2021-06-14T13:04:05,3000.0,70.4,S
2021-06-14T13:04:05,4900.0,70.5,B
2021-06-14T13:04:02,1000.0,70.5,B
2021-06-14T13:04:01,4900.0,70.5,B
2021-06-14T13:03:53,4900.0,70.5,B
2021-06-14T13:03:49,100.0,70.5,B
2021-06-14T13:03:49,600.0,70.4,S
2021-06-14T13:03:49,1200.0,70.4,S
2021-06-14T13:03:48,2000.0,70.5,B
2021-06-14T13:03:42,500.0,70.5,B
2021-06-14T13:03:31,1000.0,70.4,S
2021-06-14T13:02:42,200.0,70.5,B
2021-06-14T13:01:49,300.0,70.4,B
2021-06-14T13:01:46,100.0,70.4,B
2021-06-14T13:01:46,200.0,70.4,B
2021-06-14T13:01:46,1000.0,70.4,B
2021-06-14T13:01:46,1600.0,70.4,B
2021-06-14T13:01:33,2000.0,70.4,B
2021-06-14T13:01:31,300.0,70.4,B
2021-06-14T13:01:29,100.0,70.4,B
2021-06-14T13:01:25,200.0,70.4,B
2021-06-14T13:00:49,300.0,70.5,B
2021-06-14T13:00:27,100.0,70.4,B
2021-06-14T13:00:27,500.0,70.4,B
2021-06-14T13:00:27,1000.0,70.4,B
2021-06-14T13:00:27,6600.0,70.4,B
2021-06-14T13:00:25,2200.0,70.4,B
2021-06-14T13:00:25,200.0,70.4,B
2021-06-14T13:00:25,100.0,70.4,B
2021-06-14T13:00:25,900.0,70.4,B
2021-06-14T13:00:24,10000.0,70.4,B
2021-06-14T13:00:24,100.0,70.4,B
2021-06-14T13:00:24,5000.0,70.4,B
2021-06-14T13:00:24,1000.0,70.4,B
2021-06-14T13:00:23,1600.0,70.4,B
2021-06-14T13:00:23,100.0,70.4,B
2021-06-14T13:00:23,500.0,70.4,B
2021-06-14T13:00:23,2000.0,70.4,B
2021-06-14T13:00:23,25000.0,70.4,B
2021-06-14T13:00:23,2000.0,70.4,B
2021-06-14T11:30:12,200.0,70.4,B
2021-06-14T11:30:12,20000.0,70.4,B
2021-06-14T11:30:12,1000.0,70.4,B
2021-06-14T11:30:12,300.0,70.4,B
2021-06-14T11:30:07,200.0,70.4,B
2021-06-14T11:30:04,1000.0,70.4,B
2021-06-14T11:30:02,200.0,70.4,B
2021-06-14T11:30:01,4000.0,70.4,B
2021-06-14T11:29:49,200.0,70.4,B
2021-06-14T11:29:47,8000.0,70.4,B
2021-06-14T11:29:30,1000.0,70.4,B
2021-06-14T11:29:30,1500.0,70.4,B
2021-06-14T11:29:22,100.0,70.4,B
2021-06-14T11:29:20,5000.0,70.4,B
2021-06-14T11:29:10,500.0,70.4,B
2021-06-14T11:29:00,100.0,70.4,B
2021-06-14T11:28:58,3100.0,70.4,B
2021-06-14T11:28:55,400.0,70.4,B
2021-06-14T11:28:54,10000.0,70.4,B
2021-06-14T11:28:43,400.0,70.4,B
2021-06-14T11:28:31,4000.0,70.4,B
2021-06-14T11:28:29,2000.0,70.4,B
2021-06-14T11:28:27,500.0,70.4,B
2021-06-14T11:28:25,2000.0,70.4,B
2021-06-14T11:28:17,500.0,70.4,B
2021-06-14T11:28:15,500.0,70.4,B
2021-06-14T11:28:13,10000.0,70.3,S
2021-06-14T11:28:12,3800.0,70.3,S
2021-06-14T11:28:12,6200.0,70.3,S
2021-06-14T11:28:11,5000.0,70.4,B
2021-06-14T11:28:05,200.0,70.4,B
2021-06-14T11:28:05,1100.0,70.2,S
2021-06-14T11:28:05,300.0,70.2,S
2021-06-14T11:28:05,500.0,70.2,S
2021-06-14T11:28:05,63700.0,70.2,S
2021-06-14T11:28:05,3000.0,70.2,S
2021-06-14T11:28:05,12800.0,70.2,S
2021-06-14T11:28:05,4400.0,70.2,S
2021-06-14T11:28:05,20400.0,70.2,S
2021-06-14T11:28:05,15000.0,70.2,S
2021-06-14T11:28:04,700.0,70.2,S
2021-06-14T11:28:04,600.0,70.2,S
2021-06-14T11:28:04,39200.0,70.2,S
2021-06-14T11:28:04,3800.0,70.2,S
2021-06-14T11:28:04,500.0,70.2,S
2021-06-14T11:28:04,20000.0,70.2,S
2021-06-14T11:28:04,1000.0,70.2,S
2021-06-14T11:28:04,10400.0,70.2,S
2021-06-14T11:28:04,2100.0,70.2,S
2021-06-14T11:28:04,22700.0,70.2,S
2021-06-14T11:28:04,100300.0,70.2,S
2021-06-14T11:28:02,1500.0,70.2,S
2021-06-14T11:28:02,2700.0,70.2,S
2021-06-14T11:28:02,173300.0,70.2,S
2021-06-14T11:28:01,100.0,70.4,B
2021-06-14T11:28:00,500.0,70.4,B
2021-06-14T11:27:59,1000.0,70.4,B
2021-06-14T11:27:59,31800.0,70.2,S
2021-06-14T11:27:59,14200.0,70.2,S
2021-06-14T11:27:59,23500.0,70.3,S
2021-06-14T11:27:58,200.0,70.3,S
2021-06-14T11:27:58,1500.0,70.3,S
2021-06-14T11:27:58,10100.0,70.3,S
2021-06-14T11:27:58,18700.0,70.3,S
2021-06-14T11:27:58,3000.0,70.4,B
2021-06-14T11:27:56,600.0,70.3,S
2021-06-14T11:27:55,1000.0,70.4,B
2021-06-14T11:27:50,2000.0,70.4,B
2021-06-14T11:27:45,3000.0,70.4,B
2021-06-14T11:27:40,100.0,70.4,B
2021-06-14T11:27:39,1000.0,70.4,B
2021-06-14T11:27:38,100.0,70.4,B
2021-06-14T11:27:36,92800.0,70.2,S
2021-06-14T11:27:36,9200.0,70.2,S
2021-06-14T11:27:36,200.0,70.2,S
2021-06-14T11:27:36,300.0,70.2,S
2021-06-14T11:27:36,1300.0,70.2,S
2021-06-14T11:27:36,1200.0,70.2,S
2021-06-14T11:27:36,3000.0,70.2,S
2021-06-14T11:27:36,4600.0,70.2,S
2021-06-14T11:27:36,35000.0,70.2,S
2021-06-14T11:27:36,30000.0,70.2,S
2021-06-14T11:27:36,1200.0,70.2,S
2021-06-14T11:27:36,1200.0,70.2,S
2021-06-14T11:27:36,4600.0,70.2,S
2021-06-14T11:27:36,1600.0,70.2,S
2021-06-14T11:27:35,9800.0,70.2,S
2021-06-14T11:27:35,2200.0,70.2,S
2021-06-14T11:27:35,50200.0,70.2,S
2021-06-14T11:27:35,5500.0,70.2,S
2021-06-14T11:27:35,1000.0,70.2,S
2021-06-14T11:27:35,500.0,70.2,S
2021-06-14T11:27:35,50300.0,70.2,S
2021-06-14T11:27:35,42900.0,70.2,S
2021-06-14T11:27:35,100.0,70.2,S
2021-06-14T11:27:35,137000.0,70.2,S
2021-06-14T11:27:35,14300.0,70.3,S
2021-06-14T11:27:34,2500.0,70.3,S
2021-06-14T11:27:32,3000.0,70.4,B
2021-06-14T11:27:30,1300.0,70.4,B
2021-06-14T11:27:29,6600.0,70.3,S
2021-06-14T11:27:27,20000.0,70.4,B
2021-06-14T11:27:21,3000.0,70.3,S
2021-06-14T11:27:19,5000.0,70.4,B
2021-06-14T11:27:18,500.0,70.4,B
2021-06-14T11:27:15,200.0,70.4,B
2021-06-14T11:27:15,69500.0,70.2,S
2021-06-14T11:27:15,700.0,70.2,S
2021-06-14T11:27:15,148100.0,70.2,S
2021-06-14T11:27:14,800.0,70.3,S
2021-06-14T11:27:14,12300.0,70.3,S
2021-06-14T11:27:14,6000.0,70.3,S
2021-06-14T11:27:14,11100.0,70.3,S
2021-06-14T11:27:14,8000.0,70.3,S
2021-06-14T11:27:14,20000.0,70.3,S
2021-06-14T11:27:14,1000.0,70.3,S
2021-06-14T11:27:14,2000.0,70.3,S
2021-06-14T11:27:14,500.0,70.3,S
2021-06-14T11:27:14,1500.0,70.3,S
2021-06-14T11:27:14,1000.0,70.3,S
2021-06-14T11:27:14,1400.0,70.3,S
2021-06-14T11:27:14,16100.0,70.3,S
2021-06-14T11:27:14,20100.0,70.3,S
2021-06-14T11:27:14,2300.0,70.3,S
2021-06-14T11:27:14,2100.0,70.3,S
2021-06-14T11:27:14,5100.0,70.3,S
2021-06-14T11:27:14,8400.0,70.3,S
2021-06-14T11:27:14,9000.0,70.3,S
2021-06-14T11:27:14,22200.0,70.3,S
2021-06-14T11:27:14,25500.0,70.3,S
2021-06-14T11:27:14,1500.0,70.3,S
2021-06-14T11:27:13,800.0,70.3,S
2021-06-14T11:27:13,500.0,70.3,S
2021-06-14T11:27:13,29000.0,70.3,S
2021-06-14T11:27:13,900.0,70.3,S
2021-06-14T11:27:13,5500.0,70.3,S
2021-06-14T11:27:13,4300.0,70.3,S
2021-06-14T11:27:13,1000.0,70.3,S
2021-06-14T11:27:13,300.0,70.3,S
2021-06-14T11:27:13,11600.0,70.3,S
2021-06-14T11:27:12,100.0,70.4,B
2021-06-14T11:27:09,5400.0,70.3,S
2021-06-14T11:27:09,1000.0,70.4,B
2021-06-14T11:27:08,200.0,70.4,B
2021-06-14T11:27:07,2000.0,70.4,B
2021-06-14T11:26:57,5000.0,70.4,B
2021-06-14T11:26:54,800.0,70.4,B
2021-06-14T11:26:52,4000.0,70.4,B
2021-06-14T11:26:48,400.0,70.3,S
2021-06-14T11:26:47,100.0,70.4,B
2021-06-14T11:26:41,100.0,70.4,B
2021-06-14T11:26:41,500.0,70.4,B
2021-06-14T11:26:40,2000.0,70.4,B
2021-06-14T11:26:37,100.0,70.4,B
2021-06-14T11:26:37,500.0,70.4,B
2021-06-14T11:26:36,100.0,70.4,B
2021-06-14T11:26:22,1000.0,70.4,B
2021-06-14T11:26:20,100.0,70.4,B
2021-06-14T11:26:08,100.0,70.4,B
2021-06-14T11:26:05,6500.0,70.3,S
2021-06-14T11:26:03,100.0,70.4,B
2021-06-14T11:26:01,5000.0,70.4,B
2021-06-14T11:25:48,400.0,70.4,B
2021-06-14T11:25:45,1000.0,70.4,B
2021-06-14T11:25:40,600.0,70.4,B
2021-06-14T11:25:40,3100.0,70.3,B
2021-06-14T11:25:40,1000.0,70.3,B
2021-06-14T11:25:37,400.0,70.3,B
2021-06-14T11:25:36,1000.0,70.3,B
2021-06-14T11:25:34,2000.0,70.3,B
2021-06-14T11:25:33,5000.0,70.3,B
2021-06-14T11:25:32,200.0,70.3,B
2021-06-14T11:25:31,100.0,70.3,B
2021-06-14T11:25:31,2000.0,70.3,B
2021-06-14T11:25:30,100.0,70.3,B
2021-06-14T11:25:29,100.0,70.3,B
2021-06-14T11:25:29,15300.0,70.3,B
2021-06-14T11:25:28,500.0,70.3,B
2021-06-14T11:25:26,100.0,70.3,B
2021-06-14T11:25:23,5200.0,70.3,B
2021-06-14T11:25:23,100.0,70.3,B
2021-06-14T11:25:22,200.0,70.3,B
2021-06-14T11:25:20,1000.0,70.3,B
2021-06-14T11:25:19,10000.0,70.3,B
2021-06-14T11:25:19,100.0,70.3,B
2021-06-14T11:25:17,700.0,70.3,B
2021-06-14T11:25:16,300.0,70.3,B
2021-06-14T11:25:16,100.0,70.3,B
2021-06-14T11:25:15,2000.0,70.3,B
2021-06-14T11:25:15,900.0,70.3,B
2021-06-14T11:25:13,500.0,70.3,B
2021-06-14T11:25:13,1300.0,70.3,B
2021-06-14T11:25:12,100.0,70.3,B
2021-06-14T11:25:12,1400.0,70.3,B
2021-06-14T11:25:12,400.0,70.3,B
2021-06-14T11:25:11,1100.0,70.3,B
2021-06-14T11:25:10,400.0,70.3,B
2021-06-14T11:25:08,3000.0,70.3,B
2021-06-14T11:25:08,300.0,70.3,B
2021-06-14T11:25:05,3100.0,70.3,B
2021-06-14T11:25:05,1500.0,70.3,B
2021-06-14T11:25:05,3000.0,70.3,B
2021-06-14T11:25:04,5000.0,70.3,B
2021-06-14T11:25:04,100.0,70.3,B
2021-06-14T11:25:03,200.0,70.3,B
2021-06-14T11:25:03,5000.0,70.3,B
2021-06-14T11:25:03,2000.0,70.3,B
2021-06-14T11:25:00,200.0,70.3,B
2021-06-14T11:25:00,250000.0,70.2,S
2021-06-14T11:24:58,4700.0,70.3,B
2021-06-14T11:24:57,3000.0,70.3,B
2021-06-14T11:24:56,10000.0,70.3,S
2021-06-14T11:24:54,1000.0,70.3,S
2021-06-14T11:24:53,50000.0,70.3,S
2021-06-14T11:24:49,1000.0,70.3,S
2021-06-14T11:24:49,1000.0,70.3,S
2021-06-14T11:24:47,100.0,70.3,S
2021-06-14T11:24:47,200.0,70.3,S
2021-06-14T11:24:46,1000.0,70.3,S
2021-06-14T11:24:46,243400.0,70.2,S
2021-06-14T11:24:46,20300.0,70.2,S
2021-06-14T11:24:46,21200.0,70.2,S
2021-06-14T11:24:46,18000.0,70.2,S
2021-06-14T11:24:46,3900.0,70.2,S
2021-06-14T11:24:46,2500.0,70.2,S
2021-06-14T11:24:46,54300.0,70.2,S
2021-06-14T11:24:46,100.0,70.2,S
2021-06-14T11:24:46,1000.0,70.2,S
2021-06-14T11:24:46,33000.0,70.2,S
2021-06-14T11:24:46,100.0,70.2,S
2021-06-14T11:24:45,20000.0,70.2,S
2021-06-14T11:24:45,50800.0,70.2,S
2021-06-14T11:24:45,3000.0,70.2,S
2021-06-14T11:24:45,28400.0,70.2,S
2021-06-14T11:24:45,300.0,70.3,S
2021-06-14T11:24:45,13500.0,70.3,S
2021-06-14T11:24:45,5100.0,70.3,S
2021-06-14T11:24:45,500.0,70.3,S
2021-06-14T11:24:45,22000.0,70.3,S
2021-06-14T11:24:45,600.0,70.3,S
2021-06-14T11:24:45,1600.0,70.3,S
2021-06-14T11:24:45,300.0,70.3,S
2021-06-14T11:24:45,400.0,70.3,S
2021-06-14T11:24:45,300.0,70.3,S
2021-06-14T11:24:45,1500.0,70.3,S
2021-06-14T11:24:45,3100.0,70.3,S
2021-06-14T11:24:45,1500.0,70.3,S
2021-06-14T11:24:45,2100.0,70.3,S
2021-06-14T11:24:45,800.0,70.3,S
2021-06-14T11:24:45,50200.0,70.3,S
2021-06-14T11:24:44,600.0,70.3,S
2021-06-14T11:24:44,800.0,70.3,S
2021-06-14T11:24:44,1000.0,70.3,S
2021-06-14T11:24:44,15000.0,70.3,S
2021-06-14T11:24:44,1900.0,70.3,S
2021-06-14T11:24:44,20000.0,70.3,S
2021-06-14T11:24:44,5300.0,70.3,S
2021-06-14T11:24:40,1000.0,70.4,B
2021-06-14T11:24:40,500.0,70.4,B
2021-06-14T11:24:40,3100.0,70.4,B
2021-06-14T11:24:39,1500.0,70.4,B
2021-06-14T11:24:39,100.0,70.4,B
2021-06-14T11:24:38,5000.0,70.4,B
2021-06-14T11:24:38,1000.0,70.4,B
2021-06-14T11:24:37,100.0,70.4,B
2021-06-14T11:24:37,4800.0,70.3,S
2021-06-14T11:24:37,8700.0,70.3,S
2021-06-14T11:24:37,1300.0,70.3,S
2021-06-14T11:24:36,10000.0,70.3,S
2021-06-14T11:24:36,31000.0,70.3,S
2021-06-14T11:24:36,100.0,70.3,S
2021-06-14T11:24:36,6600.0,70.3,S
2021-06-14T11:24:36,12600.0,70.3,S
2021-06-14T11:24:36,10100.0,70.3,S
2021-06-14T11:24:36,3500.0,70.3,S
2021-06-14T11:24:36,500.0,70.3,S
2021-06-14T11:24:36,200.0,70.3,S
2021-06-14T11:24:36,1300.0,70.3,S
2021-06-14T11:24:36,10600.0,70.3,S
2021-06-14T11:24:36,1500.0,70.3,S
2021-06-14T11:24:36,300.0,70.3,S
2021-06-14T11:24:36,10100.0,70.3,S
2021-06-14T11:24:36,1600.0,70.3,S
2021-06-14T11:24:36,6000.0,70.3,S
2021-06-14T11:24:36,2100.0,70.3,S
2021-06-14T11:24:36,1500.0,70.3,S
2021-06-14T11:24:36,600.0,70.3,S
2021-06-14T11:24:36,2400.0,70.3,S
2021-06-14T11:24:35,1000.0,70.3,S
2021-06-14T11:24:35,20000.0,70.3,S
2021-06-14T11:24:35,1300.0,70.3,S
2021-06-14T11:24:35,300.0,70.3,S
2021-06-14T11:24:35,900.0,70.3,S
2021-06-14T11:24:35,31000.0,70.3,S
2021-06-14T11:24:35,600.0,70.3,S
2021-06-14T11:24:35,2100.0,70.3,S
2021-06-14T11:24:35,700.0,70.3,S
2021-06-14T11:24:35,3200.0,70.3,S
2021-06-14T11:24:35,5700.0,70.3,S
2021-06-14T11:24:35,1100.0,70.3,S
2021-06-14T11:24:34,12500.0,70.3,S
2021-06-14T11:24:34,5200.0,70.3,S
2021-06-14T11:24:34,1700.0,70.3,S
2021-06-14T11:24:34,65100.0,70.4,B
2021-06-14T11:24:34,70900.0,70.3,S
2021-06-14T11:24:34,1500.0,70.3,S
2021-06-14T11:24:34,12700.0,70.3,S
2021-06-14T11:24:34,1300.0,70.3,S
2021-06-14T11:24:34,50100.0,70.3,S
2021-06-14T11:24:33,23800.0,70.3,S
2021-06-14T11:24:33,200.0,70.3,S
2021-06-14T11:24:33,700.0,70.3,S
2021-06-14T11:24:33,8000.0,70.3,S
2021-06-14T11:24:33,1700.0,70.3,S
2021-06-14T11:24:33,700.0,70.3,S
2021-06-14T11:24:33,2900.0,70.3,S
2021-06-14T11:24:33,20000.0,70.3,S
2021-06-14T11:24:33,4500.0,70.3,S
2021-06-14T11:24:33,700.0,70.3,S
2021-06-14T11:24:33,6700.0,70.3,S
2021-06-14T11:24:33,1000.0,70.3,S
2021-06-14T11:24:33,10000.0,70.3,S
2021-06-14T11:24:33,5600.0,70.3,S
2021-06-14T11:24:33,12700.0,70.3,S
2021-06-14T11:24:33,1600.0,70.3,S
2021-06-14T11:24:33,2600.0,70.3,S
2021-06-14T11:24:33,5800.0,70.3,S
2021-06-14T11:24:33,34000.0,70.3,S
2021-06-14T11:24:33,6100.0,70.3,S
2021-06-14T11:24:33,1000.0,70.3,S
2021-06-14T11:24:33,20200.0,70.3,S
2021-06-14T11:24:33,1000.0,70.3,S
2021-06-14T11:24:33,1700.0,70.3,S
2021-06-14T11:24:33,9500.0,70.3,S
2021-06-14T11:24:33,32900.0,70.3,S
2021-06-14T11:24:33,5100.0,70.3,S
2021-06-14T11:24:32,7400.0,70.3,S
2021-06-14T11:24:32,1000.0,70.3,S
2021-06-14T11:24:32,100.0,70.3,S
2021-06-14T11:24:32,12000.0,70.3,S
2021-06-14T11:24:32,2000.0,70.3,S
2021-06-14T11:24:32,3600.0,70.3,S
2021-06-14T11:24:32,53600.0,70.3,S
2021-06-14T11:24:29,2400.0,70.4,B
2021-06-14T11:24:28,500.0,70.4,B
2021-06-14T11:24:24,1000.0,70.4,B
2021-06-14T11:24:24,200.0,70.4,B
2021-06-14T11:24:23,8000.0,70.4,B
2021-06-14T11:24:19,100.0,70.4,B
2021-06-14T11:24:16,1000.0,70.4,B
2021-06-14T11:24:14,500.0,70.4,B
2021-06-14T11:24:11,100.0,70.4,B
2021-06-14T11:24:09,10500.0,70.4,B
2021-06-14T11:24:09,200.0,70.4,B
2021-06-14T11:24:09,2000.0,70.4,B
2021-06-14T11:24:09,24000.0,70.3,S
2021-06-14T11:24:09,10400.0,70.3,S
2021-06-14T11:24:09,500.0,70.3,S
2021-06-14T11:24:09,1800.0,70.3,S
2021-06-14T11:24:09,3100.0,70.3,S
2021-06-14T11:24:09,61600.0,70.3,S
2021-06-14T11:24:09,200.0,70.3,S
2021-06-14T11:24:09,5400.0,70.3,S
2021-06-14T11:24:09,13500.0,70.3,S
2021-06-14T11:24:09,1600.0,70.3,S
2021-06-14T11:24:09,26400.0,70.3,S
2021-06-14T11:24:09,11000.0,70.3,S
2021-06-14T11:24:09,100.0,70.3,S
2021-06-14T11:24:09,1500.0,70.3,S
2021-06-14T11:24:09,52400.0,70.3,S
2021-06-14T11:24:09,12000.0,70.3,S
2021-06-14T11:24:07,41900.0,70.3,S
2021-06-14T11:24:07,7300.0,70.3,S
2021-06-14T11:24:07,55000.0,70.3,S
2021-06-14T11:24:07,4000.0,70.3,S
2021-06-14T11:24:07,600.0,70.3,S
2021-06-14T11:24:07,600.0,70.3,S
2021-06-14T11:24:07,6000.0,70.3,S
2021-06-14T11:24:07,32200.0,70.3,S
2021-06-14T11:24:07,10000.0,70.3,S
2021-06-14T11:24:07,100.0,70.3,S
2021-06-14T11:24:07,3000.0,70.3,S
2021-06-14T11:24:07,1400.0,70.3,S
2021-06-14T11:24:07,6000.0,70.3,S
2021-06-14T11:24:07,10500.0,70.3,S
2021-06-14T11:24:07,15500.0,70.3,S
2021-06-14T11:24:07,3500.0,70.3,S
2021-06-14T11:24:07,1100.0,70.3,S
2021-06-14T11:24:07,2200.0,70.3,S
2021-06-14T11:24:07,1000.0,70.3,S
2021-06-14T11:24:07,20500.0,70.3,S
2021-06-14T11:24:07,2100.0,70.3,S
2021-06-14T11:24:06,200.0,70.4,B
2021-06-14T11:24:05,400.0,70.3,S
2021-06-14T11:24:04,200.0,70.3,S
2021-06-14T11:24:04,1100.0,70.3,S
2021-06-14T11:24:04,7500.0,70.3,S
2021-06-14T11:24:04,1200.0,70.3,S
2021-06-14T11:24:04,15700.0,70.3,S
2021-06-14T11:24:04,223000.0,70.3,S
2021-06-14T11:24:04,50800.0,70.3,S
2021-06-14T11:24:04,25000.0,70.3,S
2021-06-14T11:24:04,25100.0,70.3,S
2021-06-14T11:24:00,1000.0,70.4,B
2021-06-14T11:23:56,2000.0,70.4,S
2021-06-14T11:23:54,100.0,70.4,S
2021-06-14T11:23:53,1000.0,70.4,S
2021-06-14T11:23:52,300.0,70.4,S
2021-06-14T11:23:46,16000.0,70.3,S
2021-06-14T11:23:46,500.0,70.3,S
2021-06-14T11:23:46,62500.0,70.3,S
2021-06-14T11:23:45,121000.0,70.3,S
2021-06-14T11:23:40,500.0,70.5,B
2021-06-14T11:23:39,59100.0,70.3,S
2021-06-14T11:23:39,19500.0,70.3,S
2021-06-14T11:23:39,7000.0,70.3,S
2021-06-14T11:23:39,54800.0,70.3,S
2021-06-14T11:23:39,800.0,70.4,S
2021-06-14T11:23:39,11900.0,70.4,S
2021-06-14T11:23:39,1600.0,70.4,S
2021-06-14T11:23:39,6100.0,70.4,S
2021-06-14T11:23:39,2000.0,70.4,S
2021-06-14T11:23:38,24600.0,70.4,S
2021-06-14T11:23:38,4900.0,70.4,S
2021-06-14T11:23:38,300.0,70.4,S
2021-06-14T11:23:38,11300.0,70.4,S
2021-06-14T11:23:38,29500.0,70.4,S
2021-06-14T11:23:38,8000.0,70.4,S
2021-06-14T11:23:37,59200.0,70.4,S
2021-06-14T11:23:37,49400.0,70.4,S
2021-06-14T11:23:37,1800.0,70.5,B
2021-06-14T11:23:36,20000.0,70.5,B
2021-06-14T11:23:33,500.0,70.5,B
2021-06-14T11:23:30,100.0,70.5,B
2021-06-14T11:23:30,200.0,70.5,B
2021-06-14T11:23:18,200.0,70.5,B
2021-06-14T11:23:16,10000.0,70.5,B
2021-06-14T11:23:11,500.0,70.5,B
2021-06-14T11:23:07,11300.0,70.5,B
2021-06-14T11:22:55,200.0,70.5,B
2021-06-14T11:22:52,100.0,70.5,B
2021-06-14T11:22:46,100.0,70.5,B
2021-06-14T11:22:07,200.0,70.4,S
2021-06-14T11:22:01,500.0,70.4,B
2021-06-14T11:21:59,500.0,70.5,B
2021-06-14T11:21:58,3700.0,70.4,B
2021-06-14T11:21:57,11000.0,70.4,B
2021-06-14T11:21:57,9500.0,70.4,B
2021-06-14T11:21:55,1000.0,70.4,B
2021-06-14T11:21:54,2000.0,70.4,B
2021-06-14T11:21:49,2000.0,70.4,B
2021-06-14T11:21:47,500.0,70.4,B
2021-06-14T11:21:46,1000.0,70.4,B
2021-06-14T11:21:44,100.0,70.4,B
2021-06-14T11:21:44,4000.0,70.4,B
2021-06-14T11:21:43,100.0,70.4,B
2021-06-14T11:21:42,500.0,70.4,B
2021-06-14T11:21:41,700.0,70.4,B
2021-06-14T11:21:40,10000.0,70.4,B
2021-06-14T11:21:39,1300.0,70.4,B
2021-06-14T11:21:39,2800.0,70.4,B
2021-06-14T11:21:37,1000.0,70.4,B
2021-06-14T11:21:33,300.0,70.4,B
2021-06-14T11:21:32,200.0,70.4,B
2021-06-14T11:21:30,500.0,70.4,B
2021-06-14T11:21:30,500.0,70.4,B
2021-06-14T11:21:29,1100.0,70.4,B
2021-06-14T11:21:27,500.0,70.4,B
2021-06-14T11:21:27,5000.0,70.4,B
2021-06-14T11:21:27,100.0,70.4,B
2021-06-14T11:21:26,200.0,70.4,B
2021-06-14T11:21:25,100.0,70.4,B
2021-06-14T11:21:22,1000.0,70.4,B
2021-06-14T11:21:22,400.0,70.4,B
2021-06-14T11:21:20,1000.0,70.4,B
2021-06-14T11:21:20,1000.0,70.4,B
2021-06-14T11:21:18,5000.0,70.4,B
2021-06-14T11:21:16,5000.0,70.4,B
2021-06-14T11:21:15,500.0,70.4,B
2021-06-14T11:21:14,1900.0,70.4,B
2021-06-14T11:21:13,10000.0,70.4,B
2021-06-14T11:21:12,15000.0,70.4,B
2021-06-14T11:21:11,5000.0,70.4,B
2021-06-14T11:21:07,1500.0,70.4,S
2021-06-14T11:21:04,100.0,70.4,S
2021-06-14T11:21:04,200.0,70.4,S
2021-06-14T11:21:04,200.0,70.3,S
2021-06-14T11:21:00,200.0,70.4,S
2021-06-14T11:20:59,5000.0,70.4,S
2021-06-14T11:20:58,100.0,70.4,S
2021-06-14T11:20:57,100.0,70.4,S
2021-06-14T11:20:56,9100.0,70.4,S
2021-06-14T11:20:55,300.0,70.4,S
2021-06-14T11:20:55,11600.0,70.4,S
2021-06-14T11:20:55,500.0,70.4,S
2021-06-14T11:20:55,4900.0,70.4,S
2021-06-14T11:20:55,1200.0,70.4,S
2021-06-14T11:20:55,200.0,70.4,S
2021-06-14T11:20:55,43600.0,70.4,S
2021-06-14T11:20:55,500.0,70.4,S
2021-06-14T11:20:55,1600.0,70.4,S
2021-06-14T11:20:55,1100.0,70.4,S
2021-06-14T11:20:55,1300.0,70.4,S
2021-06-14T11:20:55,11600.0,70.4,S
2021-06-14T11:20:51,500.0,70.5,B
2021-06-14T11:20:48,1000.0,70.5,B
2021-06-14T11:20:34,200.0,70.4,S
2021-06-14T11:20:33,500.0,70.5,B
2021-06-14T11:20:26,100.0,70.4,S
2021-06-14T11:20:16,100.0,70.4,S
2021-06-14T11:20:14,6000.0,70.5,B
2021-06-14T11:20:14,9000.0,70.4,S
2021-06-14T11:20:11,5000.0,70.4,S
2021-06-14T11:20:10,700.0,70.4,S
2021-06-14T11:20:10,100.0,70.4,S
2021-06-14T11:20:10,100.0,70.4,S
2021-06-14T11:20:09,600.0,70.4,S
2021-06-14T11:20:09,100.0,70.4,S
2021-06-14T11:20:06,200.0,70.4,S
2021-06-14T11:20:04,100.0,70.4,S
2021-06-14T11:20:01,10200.0,70.4,S
2021-06-14T11:19:58,2800.0,70.4,S
2021-06-14T11:19:58,3000.0,70.4,S
2021-06-14T11:19:56,500.0,70.4,S
2021-06-14T11:19:54,500.0,70.4,S
2021-06-14T11:19:54,200.0,70.4,S
2021-06-14T11:19:53,200.0,70.4,S
2021-06-14T11:19:51,1000.0,70.4,S
2021-06-14T11:19:44,100.0,70.4,S
2021-06-14T11:19:44,300.0,70.4,S
2021-06-14T11:19:44,700.0,70.4,S
2021-06-14T11:19:43,200.0,70.4,S
2021-06-14T11:19:41,5000.0,70.4,S
2021-06-14T11:19:40,15000.0,70.4,S
2021-06-14T11:19:40,100.0,70.4,S
2021-06-14T11:19:39,200.0,70.4,S
2021-06-14T11:19:38,800.0,70.4,S
2021-06-14T11:19:38,15500.0,70.4,S
2021-06-14T11:19:38,4600.0,70.4,S
2021-06-14T11:19:38,11700.0,70.4,S
2021-06-14T11:19:38,4000.0,70.4,S
2021-06-14T11:19:38,200.0,70.4,S
2021-06-14T11:19:38,5400.0,70.4,S
2021-06-14T11:19:37,700.0,70.4,S
2021-06-14T11:19:37,200.0,70.4,S
2021-06-14T11:19:37,2000.0,70.4,S
2021-06-14T11:19:37,8500.0,70.4,S
2021-06-14T11:19:37,2700.0,70.4,S
2021-06-14T11:19:37,8200.0,70.4,S
2021-06-14T11:19:37,9500.0,70.4,S
2021-06-14T11:19:37,200.0,70.4,S
2021-06-14T11:19:37,1000.0,70.4,S
2021-06-14T11:19:37,10200.0,70.4,S
2021-06-14T11:19:37,6800.0,70.4,S
2021-06-14T11:19:37,6000.0,70.4,S
2021-06-14T11:19:37,200.0,70.4,S
2021-06-14T11:19:37,900.0,70.4,S
2021-06-14T11:19:37,1400.0,70.4,S
2021-06-14T11:19:37,11200.0,70.4,S
2021-06-14T11:19:36,43600.0,70.4,S
2021-06-14T11:19:33,500.0,70.5,B
2021-06-14T11:19:30,1000.0,70.5,B
2021-06-14T11:19:29,3000.0,70.5,B
2021-06-14T11:19:25,74800.0,70.4,S
2021-06-14T11:19:23,200.0,70.5,B
2021-06-14T11:19:22,1000.0,70.5,B
2021-06-14T11:19:21,200.0,70.5,S
2021-06-14T11:19:19,1000.0,70.5,S
2021-06-14T11:19:18,1500.0,70.5,S
2021-06-14T11:19:16,200.0,70.5,S
2021-06-14T11:19:15,100.0,70.5,S
2021-06-14T11:19:14,2000.0,70.5,S
2021-06-14T11:19:13,1000.0,70.5,S
2021-06-14T11:19:13,5000.0,70.5,S
2021-06-14T11:19:13,100.0,70.5,S
2021-06-14T11:19:13,200.0,70.5,S
2021-06-14T11:19:12,1000.0,70.5,S
2021-06-14T11:19:12,14300.0,70.4,S
2021-06-14T11:19:12,1400.0,70.4,S
2021-06-14T11:19:12,1000.0,70.4,S
2021-06-14T11:19:12,1000.0,70.4,S
2021-06-14T11:19:12,3000.0,70.4,S
2021-06-14T11:19:12,1400.0,70.4,S
2021-06-14T11:19:12,1000.0,70.4,S
2021-06-14T11:19:12,16500.0,70.4,S
2021-06-14T11:19:12,100.0,70.4,S
2021-06-14T11:19:12,1000.0,70.4,S
2021-06-14T11:19:12,1200.0,70.4,S
2021-06-14T11:19:12,900.0,70.4,S
2021-06-14T11:19:12,18900.0,70.4,S
2021-06-14T11:19:12,1000.0,70.4,S
2021-06-14T11:19:12,200.0,70.4,S
2021-06-14T11:19:12,4700.0,70.4,S
2021-06-14T11:19:12,1000.0,70.4,S
2021-06-14T11:19:12,10900.0,70.4,S
2021-06-14T11:19:12,15000.0,70.4,S
2021-06-14T11:19:12,1100.0,70.4,S
2021-06-14T11:19:12,4800.0,70.4,S
2021-06-14T11:19:12,3200.0,70.4,S
2021-06-14T11:19:10,10000.0,70.4,S
2021-06-14T11:19:10,10500.0,70.4,S
2021-06-14T11:19:10,10200.0,70.4,S
2021-06-14T11:19:10,100.0,70.4,S
2021-06-14T11:19:10,30000.0,70.4,S
2021-06-14T11:19:10,800.0,70.4,S
2021-06-14T11:19:10,1100.0,70.4,S
2021-06-14T11:19:10,1000.0,70.4,S
2021-06-14T11:19:10,21100.0,70.4,S
2021-06-14T11:19:10,800.0,70.4,S
2021-06-14T11:19:10,4500.0,70.4,S
2021-06-14T11:19:10,1900.0,70.4,S
2021-06-14T11:19:10,99000.0,70.4,S
2021-06-14T11:19:10,400.0,70.4,S
2021-06-14T11:19:10,300.0,70.4,S
2021-06-14T11:19:10,100.0,70.4,S
2021-06-14T11:19:10,6200.0,70.4,S
2021-06-14T11:19:10,2000.0,70.4,S
2021-06-14T11:19:10,1800.0,70.4,S
2021-06-14T11:19:10,3600.0,70.4,S
2021-06-14T11:19:10,5400.0,70.4,S
2021-06-14T11:19:10,1200.0,70.4,S
2021-06-14T11:19:10,200.0,70.4,S
2021-06-14T11:19:10,400.0,70.4,S
2021-06-14T11:19:10,100.0,70.4,S
2021-06-14T11:19:10,3700.0,70.4,S
2021-06-14T11:19:10,8100.0,70.4,S
2021-06-14T11:19:10,1800.0,70.4,S
2021-06-14T11:19:10,1700.0,70.4,S
2021-06-14T11:19:10,4700.0,70.4,S
2021-06-14T11:19:10,60000.0,70.4,S
2021-06-14T11:19:09,1000.0,70.4,S
2021-06-14T11:19:09,18800.0,70.4,S
2021-06-14T11:19:09,33000.0,70.4,S
2021-06-14T11:19:09,6100.0,70.4,S
2021-06-14T11:19:09,200400.0,70.4,S
2021-06-14T11:19:09,47400.0,70.4,S
2021-06-14T11:19:09,63000.0,70.4,S
2021-06-14T11:19:09,60000.0,70.4,S
2021-06-14T11:19:09,58300.0,70.4,S
2021-06-14T11:19:09,500.0,70.4,S
2021-06-14T11:19:08,100.0,70.4,S
2021-06-14T11:19:08,66800.0,70.4,S
2021-06-14T11:19:08,1000.0,70.4,S
2021-06-14T11:19:08,700.0,70.4,S
2021-06-14T11:19:08,2400.0,70.4,S
2021-06-14T11:19:08,10100.0,70.4,S
2021-06-14T11:19:08,13400.0,70.4,S
2021-06-14T11:19:08,1000.0,70.4,S
2021-06-14T11:19:08,19700.0,70.4,S
2021-06-14T11:19:03,5000.0,70.5,S
2021-06-14T11:19:02,1000.0,70.5,S
2021-06-14T11:19:02,100.0,70.5,S
2021-06-14T11:19:01,1500.0,70.5,S
2021-06-14T11:19:00,400.0,70.5,S
2021-06-14T11:18:59,39500.0,70.4,S
2021-06-14T11:18:59,11300.0,70.4,S
2021-06-14T11:18:59,50000.0,70.4,S
2021-06-14T11:18:59,68300.0,70.4,S
2021-06-14T11:18:59,9300.0,70.4,S
2021-06-14T11:18:59,5000.0,70.4,S
2021-06-14T11:18:59,16600.0,70.4,S
2021-06-14T11:18:57,700.0,70.5,S
2021-06-14T11:18:56,300.0,70.5,S
2021-06-14T11:18:54,1000.0,70.5,S
2021-06-14T11:18:49,200.0,70.5,S
2021-06-14T11:18:46,100.0,70.5,S
2021-06-14T11:18:44,500.0,70.5,S
2021-06-14T11:18:43,500.0,70.5,S
2021-06-14T11:18:43,1300.0,70.5,S
2021-06-14T11:18:43,100.0,70.5,S
2021-06-14T11:18:43,5500.0,70.5,S
2021-06-14T11:18:43,9600.0,70.5,S
2021-06-14T11:18:43,1500.0,70.5,S
2021-06-14T11:18:43,1500.0,70.5,S
2021-06-14T11:18:43,4400.0,70.5,S
2021-06-14T11:18:38,500.0,70.6,B
2021-06-14T11:18:36,100.0,70.6,B
2021-06-14T11:18:24,14600.0,70.5,S
2021-06-14T11:18:11,1000.0,70.5,S
2021-06-14T11:18:07,200.0,70.5,S
2021-06-14T11:18:07,500.0,70.5,S
2021-06-14T11:18:04,2300.0,70.5,S
2021-06-14T11:17:50,5700.0,70.4,S
2021-06-14T11:17:50,4900.0,70.4,S
2021-06-14T11:17:48,100.0,70.5,B
2021-06-14T11:17:48,500.0,70.5,B
2021-06-14T11:17:47,1000.0,70.5,B
2021-06-14T11:17:46,2000.0,70.5,B
2021-06-14T11:17:42,4900.0,70.4,S
2021-06-14T11:17:41,200.0,70.5,B
2021-06-14T11:17:41,2500.0,70.5,B
2021-06-14T11:17:40,100.0,70.5,B
2021-06-14T11:17:38,300.0,70.4,S
2021-06-14T11:17:38,1500.0,70.5,B
2021-06-14T11:17:37,300.0,70.5,B
2021-06-14T11:17:36,1000.0,70.5,B
2021-06-14T11:17:33,400.0,70.5,B
2021-06-14T11:17:33,200.0,70.5,B
2021-06-14T11:17:30,500.0,70.5,B
2021-06-14T11:17:29,1000.0,70.5,B
2021-06-14T11:17:27,1000.0,70.5,B
2021-06-14T11:17:24,1000.0,70.5,B
2021-06-14T11:17:20,1000.0,70.5,S
2021-06-14T11:17:19,500.0,70.5,S
2021-06-14T11:17:18,200.0,70.5,S
2021-06-14T11:17:10,400.0,70.5,S
2021-06-14T11:17:04,500.0,70.6,B
2021-06-14T11:16:56,10000.0,70.6,B
2021-06-14T11:16:54,9000.0,70.4,S
2021-06-14T11:16:50,5700.0,70.5,S
2021-06-14T11:16:50,1000.0,70.5,S
2021-06-14T11:16:49,1500.0,70.5,S
2021-06-14T11:16:49,1400.0,70.5,S
2021-06-14T11:16:49,93600.0,70.5,S
2021-06-14T11:16:49,99300.0,70.5,S
2021-06-14T11:16:49,31700.0,70.5,S
2021-06-14T11:16:49,14000.0,70.5,S
2021-06-14T11:16:49,500.0,70.5,S
2021-06-14T11:16:49,10000.0,70.5,S
2021-06-14T11:16:49,200.0,70.5,S
2021-06-14T11:16:49,100.0,70.5,S
2021-06-14T11:16:49,4100.0,70.5,S
2021-06-14T11:16:49,1200.0,70.5,S
2021-06-14T11:16:48,500.0,70.5,S
2021-06-14T11:16:48,500.0,70.5,S
2021-06-14T11:16:48,1100.0,70.5,S
2021-06-14T11:16:48,12000.0,70.5,S
2021-06-14T11:16:48,2100.0,70.5,S
2021-06-14T11:16:48,28000.0,70.5,S
2021-06-14T11:16:48,1200.0,70.5,S
2021-06-14T11:16:48,1000.0,70.5,S
2021-06-14T11:16:48,16600.0,70.5,S
2021-06-14T11:16:48,11000.0,70.5,S
2021-06-14T11:16:48,5200.0,70.5,S
2021-06-14T11:16:48,1100.0,70.5,S
2021-06-14T11:16:48,12400.0,70.5,S
2021-06-14T11:16:48,16700.0,70.5,S
2021-06-14T11:16:48,37600.0,70.5,S
2021-06-14T11:16:48,20000.0,70.5,S
2021-06-14T11:16:48,14200.0,70.5,S
2021-06-14T11:16:48,5000.0,70.5,S
2021-06-14T11:16:47,10000.0,70.5,S
2021-06-14T11:16:47,2100.0,70.5,S
2021-06-14T11:16:47,4100.0,70.5,S
2021-06-14T11:16:47,3100.0,70.5,S
2021-06-14T11:16:47,1000.0,70.5,S
2021-06-14T11:16:47,7300.0,70.5,S
2021-06-14T11:16:47,3900.0,70.5,S
2021-06-14T11:16:47,5000.0,70.5,S
2021-06-14T11:16:47,13000.0,70.5,S
2021-06-14T11:16:45,1300.0,70.5,S
2021-06-14T11:16:45,200.0,70.6,S
2021-06-14T11:16:38,27200.0,70.6,S
2021-06-14T11:16:38,2600.0,70.6,S
2021-06-14T11:16:38,20500.0,70.6,S
2021-06-14T11:16:38,600.0,70.6,S
2021-06-14T11:16:37,1700.0,70.6,S
2021-06-14T11:16:37,300.0,70.6,S
2021-06-14T11:16:37,2000.0,70.6,S
2021-06-14T11:16:37,20600.0,70.6,S
2021-06-14T11:16:37,1500.0,70.6,S
2021-06-14T11:16:37,300.0,70.6,S
2021-06-14T11:16:37,15000.0,70.6,S
2021-06-14T11:16:36,1400.0,70.6,S
2021-06-14T11:16:36,6600.0,70.6,S
2021-06-14T11:16:33,100.0,70.7,S
2021-06-14T11:16:33,500.0,70.7,S
2021-06-14T11:16:33,500.0,70.7,S
2021-06-14T11:16:32,400.0,70.7,S
2021-06-14T11:16:26,2500.0,70.7,S
2021-06-14T11:16:26,25400.0,70.7,S
2021-06-14T11:16:24,500.0,70.8,B
2021-06-14T11:16:12,100.0,70.8,B
2021-06-14T11:16:11,1800.0,70.7,S
2021-06-14T11:16:09,100.0,70.7,S
2021-06-14T11:16:07,1900.0,70.7,S
2021-06-14T11:16:01,1900.0,70.7,S
2021-06-14T11:15:56,1900.0,70.7,S
2021-06-14T11:15:55,3300.0,70.7,S
2021-06-14T11:15:45,9000.0,70.7,S
2021-06-14T11:15:37,1400.0,70.7,S
2021-06-14T11:15:37,2100.0,70.7,S
2021-06-14T11:15:37,1200.0,70.7,S
2021-06-14T11:15:37,400.0,70.7,S
2021-06-14T11:15:37,9900.0,70.7,S
2021-06-14T11:14:55,200.0,70.8,B
2021-06-14T11:14:53,1000.0,70.8,B
2021-06-14T11:13:43,100.0,70.8,B
2021-06-14T11:13:25,3000.0,70.8,B
2021-06-14T11:13:15,3000.0,70.7,S
2021-06-14T11:12:42,100.0,70.8,B
2021-06-14T11:12:41,30000.0,70.7,S
2021-06-14T11:12:30,1000.0,70.8,B
2021-06-14T11:12:27,1000.0,70.7,S
2021-06-14T11:12:21,200.0,70.8,B
2021-06-14T11:11:59,500.0,70.8,B
2021-06-14T11:11:45,200.0,70.7,S
2021-06-14T11:11:15,500.0,70.8,B
2021-06-14T11:11:14,600.0,70.8,B
2021-06-14T11:11:05,100.0,70.7,B
2021-06-14T11:11:00,200.0,70.7,B
2021-06-14T11:11:00,94900.0,70.7,B
2021-06-14T11:10:49,20000.0,70.7,B
2021-06-14T11:10:33,10000.0,70.7,B
2021-06-14T11:10:15,1000.0,70.7,B
2021-06-14T11:10:13,100.0,70.7,B
2021-06-14T11:10:12,5000.0,70.7,B
2021-06-14T11:10:00,1000.0,70.7,B
2021-06-14T11:09:33,900.0,70.7,B
2021-06-14T11:09:23,1000.0,70.6,S
2021-06-14T11:09:18,9600.0,70.5,S
2021-06-14T11:09:17,400.0,70.5,S
2021-06-14T11:09:17,500.0,70.5,S
2021-06-14T11:09:16,5000.0,70.5,S
2021-06-14T11:09:15,200.0,70.5,S
2021-06-14T11:09:15,2000.0,70.5,S
2021-06-14T11:09:14,100.0,70.5,S
2021-06-14T11:09:13,100.0,70.5,S
2021-06-14T11:09:13,300.0,70.5,S
2021-06-14T11:09:11,15000.0,70.5,S
2021-06-14T11:09:11,200.0,70.5,S
2021-06-14T11:09:11,3000.0,70.5,S
2021-06-14T11:09:07,500.0,70.5,S
2021-06-14T11:09:06,3000.0,70.5,S
2021-06-14T11:09:04,600.0,70.5,S
2021-06-14T11:09:03,100.0,70.5,S
2021-06-14T11:09:03,1200.0,70.5,S
2021-06-14T11:09:02,900.0,70.5,S
2021-06-14T11:09:00,2500.0,70.5,S
2021-06-14T11:08:59,500.0,70.5,S
2021-06-14T11:08:59,38800.0,70.5,S
2021-06-14T11:08:59,1200.0,70.5,S
2021-06-14T11:08:59,14300.0,70.5,S
2021-06-14T11:08:52,38500.0,70.5,S
2021-06-14T11:08:52,1500.0,70.5,S
2021-06-14T11:08:52,2300.0,70.5,S
2021-06-14T11:08:52,7700.0,70.5,S
2021-06-14T11:08:48,500.0,70.6,S
2021-06-14T11:08:38,59600.0,70.5,S
2021-06-14T11:08:38,2000.0,70.5,S
2021-06-14T11:08:38,6700.0,70.5,S
2021-06-14T11:08:38,1600.0,70.6,S
2021-06-14T11:08:38,100.0,70.6,S
2021-06-14T11:08:27,800.0,70.6,S
2021-06-14T11:08:20,1000.0,70.5,S
2021-06-14T11:08:20,1000.0,70.6,S
2021-06-14T11:08:18,200.0,70.7,B
2021-06-14T11:08:18,100.0,70.6,S
2021-06-14T11:08:13,100.0,70.7,B
2021-06-14T11:08:11,300.0,70.7,B
2021-06-14T11:08:11,22500.0,70.5,S
2021-06-14T11:08:11,18900.0,70.5,S
2021-06-14T11:08:11,100.0,70.5,S
2021-06-14T11:08:11,2000.0,70.5,S
2021-06-14T11:08:11,4200.0,70.5,S
2021-06-14T11:08:11,4100.0,70.5,S
2021-06-14T11:08:11,700.0,70.5,S
2021-06-14T11:08:11,74800.0,70.5,S
2021-06-14T11:08:11,57500.0,70.5,S
2021-06-14T11:08:11,200.0,70.5,S
2021-06-14T11:08:10,6200.0,70.5,S
2021-06-14T11:08:10,1500.0,70.5,S
2021-06-14T11:08:10,2000.0,70.5,S
2021-06-14T11:08:10,3100.0,70.5,S
2021-06-14T11:08:10,2300.0,70.5,S
2021-06-14T11:08:10,6500.0,70.5,S
2021-06-14T11:08:10,1800.0,70.5,S
2021-06-14T11:08:10,99100.0,70.5,S
2021-06-14T11:08:09,100.0,70.5,S
2021-06-14T11:08:09,26000.0,70.5,S
2021-06-14T11:08:09,12700.0,70.5,S
2021-06-14T11:08:09,32900.0,70.5,S
2021-06-14T11:08:09,3800.0,70.5,S
2021-06-14T11:08:09,3000.0,70.5,S
2021-06-14T11:08:09,22400.0,70.5,S
2021-06-14T11:08:09,3700.0,70.5,S
2021-06-14T11:08:09,100.0,70.5,S
2021-06-14T11:08:09,10100.0,70.5,S
2021-06-14T11:08:09,18100.0,70.5,S
2021-06-14T11:08:09,1500.0,70.5,S
2021-06-14T11:08:08,5000.0,70.5,S
2021-06-14T11:08:08,2200.0,70.5,S
2021-06-14T11:08:08,50900.0,70.5,S
2021-06-14T11:07:54,16700.0,70.6,S
2021-06-14T11:07:48,300.0,70.6,S
2021-06-14T11:07:45,2000.0,70.6,S
2021-06-14T11:07:42,500.0,70.6,S
2021-06-14T11:07:39,50000.0,70.6,S
2021-06-14T11:07:39,2000.0,70.6,S
2021-06-14T11:07:36,4800.0,70.6,S
2021-06-14T11:07:30,500.0,70.6,S
2021-06-14T11:07:27,64200.0,70.5,S
2021-06-14T11:07:27,2700.0,70.5,S
2021-06-14T11:07:27,300.0,70.5,S
2021-06-14T11:07:27,5200.0,70.5,S
2021-06-14T11:07:27,3000.0,70.5,S
2021-06-14T11:07:27,600.0,70.5,S
