tradingTime,volume,price,side
2021-07-28T09:55:32,400.0,33.5,B
2021-07-28T09:55:23,1400.0,33.5,S
2021-07-28T09:55:21,700.0,33.5,S
2021-07-28T09:55:18,200.0,33.5,S
2021-07-28T09:55:18,8200.0,33.5,S
2021-07-28T09:55:18,500.0,33.5,S
2021-07-28T09:55:18,200.0,33.5,S
2021-07-28T09:55:18,600.0,33.5,S
2021-07-28T09:55:18,300.0,33.5,S
2021-07-28T09:55:18,1100.0,33.5,S
2021-07-28T09:55:18,700.0,33.5,S
2021-07-28T09:55:18,10600.0,33.5,S
2021-07-28T09:55:18,35100.0,33.5,S
2021-07-28T09:55:13,200.0,33.5,S
2021-07-28T09:55:03,200.0,33.5,S
2021-07-28T09:55:02,500.0,33.5,S
2021-07-28T09:54:56,2500.0,33.5,S
2021-07-28T09:54:36,100.0,33.5,S
2021-07-28T09:54:32,100.0,33.5,S
2021-07-28T09:54:31,100.0,33.5,S
2021-07-28T09:54:26,400.0,33.5,S
2021-07-28T09:54:20,200.0,33.5,S
2021-07-28T09:54:11,14000.0,33.5,S
2021-07-28T09:54:08,6000.0,33.5,S
2021-07-28T09:53:51,1000.0,33.5,S
2021-07-28T09:53:35,300.0,33.5,S
2021-07-28T09:53:28,2000.0,33.5,S
2021-07-28T09:53:10,1200.0,33.5,S
2021-07-28T09:52:52,100.0,33.55,B
2021-07-28T09:52:48,3300.0,33.55,S
2021-07-28T09:52:48,600.0,33.55,S
2021-07-28T09:52:35,3000.0,33.55,S
2021-07-28T09:52:29,300.0,33.6,B
2021-07-28T09:52:20,5000.0,33.55,S
2021-07-28T09:52:12,600.0,33.55,S
2021-07-28T09:52:06,5000.0,33.55,S
2021-07-28T09:51:57,500.0,33.55,S
2021-07-28T09:51:49,100.0,33.55,S
2021-07-28T09:51:49,400.0,33.55,S
2021-07-28T09:51:47,1000.0,33.55,S
2021-07-28T09:51:46,800.0,33.55,S
2021-07-28T09:51:39,100.0,33.55,S
2021-07-28T09:51:39,2600.0,33.55,S
2021-07-28T09:51:39,400.0,33.55,S
2021-07-28T09:51:20,100.0,33.55,S
2021-07-28T09:51:15,1600.0,33.55,S
2021-07-28T09:51:11,100.0,33.55,S
2021-07-28T09:51:09,1500.0,33.55,S
2021-07-28T09:51:04,100.0,33.55,S
2021-07-28T09:50:56,100.0,33.55,S
2021-07-28T09:50:24,100.0,33.55,S
2021-07-28T09:50:23,300.0,33.6,B
2021-07-28T09:50:23,200.0,33.6,B
2021-07-28T09:50:21,5000.0,33.55,S
2021-07-28T09:50:21,500.0,33.55,S
2021-07-28T09:50:18,300.0,33.6,B
2021-07-28T09:50:18,100.0,33.6,B
2021-07-28T09:50:01,400.0,33.55,S
2021-07-28T09:49:36,100.0,33.6,B
2021-07-28T09:49:22,100.0,33.6,B
2021-07-28T09:49:22,100.0,33.6,B
2021-07-28T09:49:21,100.0,33.6,B
2021-07-28T09:49:16,500.0,33.6,B
2021-07-28T09:49:06,200.0,33.55,S
2021-07-28T09:49:03,2000.0,33.55,S
2021-07-28T09:48:58,100.0,33.6,B
2021-07-28T09:48:57,100.0,33.55,S
2021-07-28T09:48:50,500.0,33.55,S
2021-07-28T09:48:46,200.0,33.6,B
2021-07-28T09:48:33,100.0,33.6,B
2021-07-28T09:48:23,400.0,33.6,B
2021-07-28T09:48:15,300.0,33.6,B
2021-07-28T09:48:09,200.0,33.6,B
2021-07-28T09:47:55,100.0,33.6,B
2021-07-28T09:47:32,1300.0,33.55,S
2021-07-28T09:47:22,1300.0,33.6,B
2021-07-28T09:47:18,4000.0,33.55,S
2021-07-28T09:47:17,100.0,33.6,B
2021-07-28T09:47:12,100.0,33.55,S
2021-07-28T09:47:09,100.0,33.6,B
2021-07-28T09:47:03,600.0,33.6,B
2021-07-28T09:47:01,400.0,33.55,S
2021-07-28T09:46:41,2000.0,33.55,S
2021-07-28T09:46:39,100.0,33.6,B
2021-07-28T09:46:38,1000.0,33.55,S
2021-07-28T09:46:01,2500.0,33.55,S
2021-07-28T09:45:58,1600.0,33.6,B
2021-07-28T09:45:58,1100.0,33.6,B
2021-07-28T09:45:58,600.0,33.6,B
2021-07-28T09:45:40,500.0,33.6,B
2021-07-28T09:45:40,3200.0,33.6,B
2021-07-28T09:45:40,1300.0,33.6,B
2021-07-28T09:45:33,300.0,33.55,S
2021-07-28T09:45:18,300.0,33.55,S
2021-07-28T09:45:16,700.0,33.55,S
2021-07-28T09:45:16,100.0,33.55,B
2021-07-28T09:45:16,1300.0,33.55,B
2021-07-28T09:45:16,200.0,33.55,B
2021-07-28T09:45:16,8700.0,33.55,B
2021-07-28T09:45:12,100.0,33.5,S
2021-07-28T09:45:11,300.0,33.55,B
2021-07-28T09:44:55,1000.0,33.55,B
2021-07-28T09:44:51,700.0,33.55,B
2021-07-28T09:44:49,100.0,33.5,S
2021-07-28T09:44:47,500.0,33.55,B
2021-07-28T09:44:47,4000.0,33.55,B
2021-07-28T09:44:43,3000.0,33.55,B
2021-07-28T09:44:40,4900.0,33.55,B
2021-07-28T09:44:38,400.0,33.5,S
2021-07-28T09:44:17,500.0,33.55,B
2021-07-28T09:44:16,1500.0,33.55,B
2021-07-28T09:44:16,500.0,33.55,B
2021-07-28T09:44:00,100.0,33.55,B
2021-07-28T09:43:43,2000.0,33.55,B
2021-07-28T09:43:38,2000.0,33.55,B
2021-07-28T09:43:29,100.0,33.55,B
2021-07-28T09:43:28,300.0,33.55,B
2021-07-28T09:43:19,700.0,33.55,B
2021-07-28T09:43:19,1300.0,33.55,B
2021-07-28T09:43:07,100.0,33.5,S
2021-07-28T09:43:05,1000.0,33.55,B
2021-07-28T09:43:04,200.0,33.55,B
2021-07-28T09:43:03,500.0,33.5,S
2021-07-28T09:42:56,200.0,33.5,S
2021-07-28T09:42:42,500.0,33.5,B
2021-07-28T09:42:42,100.0,33.5,B
2021-07-28T09:42:42,3200.0,33.5,B
2021-07-28T09:42:42,1200.0,33.5,B
2021-07-28T09:42:42,1700.0,33.5,B
2021-07-28T09:42:42,2300.0,33.5,B
2021-07-28T09:42:42,20600.0,33.5,B
2021-07-28T09:42:32,2000.0,33.5,B
2021-07-28T09:42:29,9300.0,33.5,B
2021-07-28T09:42:29,4900.0,33.5,B
2021-07-28T09:42:29,24600.0,33.5,B
2021-07-28T09:42:29,4000.0,33.5,B
2021-07-28T09:42:17,400.0,33.4,S
2021-07-28T09:42:15,1000.0,33.4,S
2021-07-28T09:42:14,1600.0,33.5,B
2021-07-28T09:42:14,1700.0,33.5,B
2021-07-28T09:42:14,1000.0,33.5,B
2021-07-28T09:42:14,700.0,33.5,B
2021-07-28T09:42:14,17000.0,33.5,B
2021-07-28T09:42:14,800.0,33.5,B
2021-07-28T09:42:14,500.0,33.5,B
2021-07-28T09:42:14,12000.0,33.5,B
2021-07-28T09:42:14,1400.0,33.5,B
2021-07-28T09:42:14,2200.0,33.5,B
2021-07-28T09:42:14,1100.0,33.5,B
2021-07-28T09:42:14,3200.0,33.5,B
2021-07-28T09:42:14,500.0,33.5,B
2021-07-28T09:42:14,400.0,33.5,B
2021-07-28T09:42:14,900.0,33.5,B
2021-07-28T09:42:14,100.0,33.5,B
2021-07-28T09:42:14,5100.0,33.5,B
2021-07-28T09:42:05,200.0,33.5,B
2021-07-28T09:42:05,500.0,33.5,B
2021-07-28T09:42:05,4800.0,33.5,B
2021-07-28T09:42:05,300.0,33.5,B
2021-07-28T09:42:05,11300.0,33.5,B
2021-07-28T09:42:05,400.0,33.45,B
2021-07-28T09:42:05,12700.0,33.45,B
2021-07-28T09:42:05,19800.0,33.45,B
2021-07-28T09:41:59,500.0,33.4,S
2021-07-28T09:41:39,200.0,33.4,S
2021-07-28T09:41:10,100.0,33.4,S
2021-07-28T09:41:04,2500.0,33.4,S
2021-07-28T09:40:58,200.0,33.4,S
2021-07-28T09:40:53,400.0,33.4,S
2021-07-28T09:40:44,600.0,33.4,B
2021-07-28T09:40:37,300.0,33.4,B
2021-07-28T09:40:35,1000.0,33.35,S
2021-07-28T09:40:34,2500.0,33.45,B
2021-07-28T09:40:34,500.0,33.45,B
2021-07-28T09:40:34,5000.0,33.45,B
2021-07-28T09:40:30,1100.0,33.4,S
2021-07-28T09:40:27,8200.0,33.4,B
2021-07-28T09:40:27,1100.0,33.4,B
2021-07-28T09:40:24,500.0,33.35,S
2021-07-28T09:40:11,200.0,33.35,S
2021-07-28T09:39:31,6000.0,33.4,B
2021-07-28T09:39:24,100.0,33.4,B
2021-07-28T09:39:00,6100.0,33.4,B
2021-07-28T09:39:00,6800.0,33.4,B
2021-07-28T09:39:00,3000.0,33.4,B
2021-07-28T09:39:00,4100.0,33.4,B
2021-07-28T09:38:59,500.0,33.35,S
2021-07-28T09:38:53,3200.0,33.35,S
2021-07-28T09:38:32,300.0,33.35,S
2021-07-28T09:38:19,8000.0,33.4,B
2021-07-28T09:38:09,200.0,33.35,S
2021-07-28T09:38:07,100.0,33.4,B
2021-07-28T09:38:00,200.0,33.35,S
2021-07-28T09:37:55,100.0,33.35,S
2021-07-28T09:37:28,1000.0,33.35,S
2021-07-28T09:36:43,100.0,33.35,S
2021-07-28T09:36:14,1000.0,33.4,B
2021-07-28T09:35:50,15500.0,33.45,B
2021-07-28T09:35:50,16100.0,33.45,B
2021-07-28T09:35:50,600.0,33.4,B
2021-07-28T09:35:50,500.0,33.4,B
2021-07-28T09:35:37,1800.0,33.35,S
2021-07-28T09:35:30,8400.0,33.4,S
2021-07-28T09:35:26,1000.0,33.4,S
2021-07-28T09:35:23,1000.0,33.4,S
2021-07-28T09:35:22,500.0,33.4,S
2021-07-28T09:35:13,1000.0,33.4,S
2021-07-28T09:35:13,1500.0,33.4,S
2021-07-28T09:35:06,500.0,33.4,S
2021-07-28T09:35:03,1000.0,33.4,S
2021-07-28T09:34:58,2900.0,33.4,S
2021-07-28T09:34:58,100.0,33.4,S
2021-07-28T09:34:48,2500.0,33.4,S
2021-07-28T09:34:48,800.0,33.4,S
2021-07-28T09:34:48,1100.0,33.45,B
2021-07-28T09:34:46,500.0,33.4,S
2021-07-28T09:34:33,1000.0,33.4,S
2021-07-28T09:34:26,100.0,33.4,S
2021-07-28T09:34:19,300.0,33.4,S
2021-07-28T09:34:13,300.0,33.4,S
2021-07-28T09:34:11,200.0,33.4,S
2021-07-28T09:34:10,500.0,33.4,S
2021-07-28T09:34:08,300.0,33.4,S
2021-07-28T09:33:56,1000.0,33.4,S
2021-07-28T09:33:48,100.0,33.4,S
2021-07-28T09:33:40,500.0,33.4,S
2021-07-28T09:33:31,500.0,33.4,S
2021-07-28T09:33:28,100.0,33.45,S
2021-07-28T09:33:28,11100.0,33.45,S
2021-07-28T09:33:13,100.0,33.45,S
2021-07-28T09:33:11,200.0,33.45,S
2021-07-28T09:33:10,500.0,33.45,S
2021-07-28T09:33:10,2000.0,33.45,S
2021-07-28T09:33:10,1100.0,33.45,S
2021-07-28T09:33:02,11200.0,33.45,B
2021-07-28T09:33:02,800.0,33.45,B
2021-07-28T09:32:58,1000.0,33.45,S
2021-07-28T09:32:57,100.0,33.45,S
2021-07-28T09:32:57,1500.0,33.45,S
2021-07-28T09:32:55,200.0,33.45,S
2021-07-28T09:32:52,500.0,33.45,S
2021-07-28T09:32:50,400.0,33.45,S
2021-07-28T09:32:50,1000.0,33.45,S
2021-07-28T09:32:48,500.0,33.45,S
2021-07-28T09:32:47,300.0,33.45,S
2021-07-28T09:32:47,500.0,33.45,S
2021-07-28T09:32:47,500.0,33.45,S
2021-07-28T09:32:44,200.0,33.45,S
2021-07-28T09:32:39,300.0,33.45,S
2021-07-28T09:32:36,200.0,33.45,S
2021-07-28T09:32:34,1100.0,33.45,S
2021-07-28T09:32:33,100.0,33.45,S
2021-07-28T09:32:24,2000.0,33.45,S
2021-07-28T09:32:22,500.0,33.45,S
2021-07-28T09:32:19,1300.0,33.45,S
2021-07-28T09:32:17,1500.0,33.45,S
2021-07-28T09:32:15,100.0,33.45,S
2021-07-28T09:32:12,200.0,33.45,S
2021-07-28T09:32:12,5000.0,33.45,S
2021-07-28T09:32:10,300.0,33.45,S
2021-07-28T09:32:08,500.0,33.45,S
2021-07-28T09:32:03,500.0,33.45,S
2021-07-28T09:31:56,5000.0,33.45,S
2021-07-28T09:31:52,3000.0,33.45,S
2021-07-28T09:31:51,200.0,33.5,B
2021-07-28T09:31:50,1800.0,33.5,B
2021-07-28T09:31:33,3000.0,33.5,B
2021-07-28T09:31:33,2000.0,33.45,S
2021-07-28T09:31:29,100.0,33.45,S
2021-07-28T09:31:23,200.0,33.45,S
2021-07-28T09:31:21,4000.0,33.5,B
2021-07-28T09:31:10,1000.0,33.45,S
2021-07-28T09:31:07,300.0,33.5,B
2021-07-28T09:31:05,500.0,33.5,B
2021-07-28T09:30:40,500.0,33.5,B
2021-07-28T09:30:35,11000.0,33.45,S
2021-07-28T09:30:31,1000.0,33.45,S
2021-07-28T09:30:28,1000.0,33.5,B
2021-07-28T09:30:26,100.0,33.45,S
2021-07-28T09:30:19,300.0,33.5,B
2021-07-28T09:30:12,500.0,33.45,S
2021-07-28T09:29:56,1000.0,33.45,S
2021-07-28T09:29:51,300.0,33.45,S
2021-07-28T09:29:51,500.0,33.45,S
2021-07-28T09:29:45,26200.0,33.45,B
2021-07-28T09:29:36,7500.0,33.4,S
2021-07-28T09:29:34,3800.0,33.45,B
2021-07-28T09:29:28,500.0,33.4,S
2021-07-28T09:29:13,1000.0,33.45,B
2021-07-28T09:29:04,1000.0,33.4,S
2021-07-28T09:28:59,1600.0,33.4,S
2021-07-28T09:28:58,100.0,33.4,S
2021-07-28T09:28:50,1000.0,33.4,S
2021-07-28T09:28:30,100.0,33.4,S
2021-07-28T09:28:23,500.0,33.4,S
2021-07-28T09:28:19,100.0,33.45,B
2021-07-28T09:28:10,600.0,33.4,S
2021-07-28T09:28:10,200.0,33.4,S
2021-07-28T09:28:10,17600.0,33.4,S
2021-07-28T09:28:06,500.0,33.4,S
2021-07-28T09:28:03,400.0,33.45,B
2021-07-28T09:27:55,200.0,33.4,S
2021-07-28T09:27:32,100.0,33.4,S
2021-07-28T09:27:29,200.0,33.4,S
2021-07-28T09:27:21,200.0,33.4,S
2021-07-28T09:27:21,200.0,33.4,S
2021-07-28T09:27:15,300.0,33.4,S
2021-07-28T09:27:12,10000.0,33.45,B
2021-07-28T09:27:06,1200.0,33.45,S
2021-07-28T09:26:55,600.0,33.5,B
2021-07-28T09:26:51,500.0,33.5,B
2021-07-28T09:26:51,1100.0,33.45,S
2021-07-28T09:26:51,100.0,33.45,S
2021-07-28T09:26:51,500.0,33.45,S
2021-07-28T09:26:51,3300.0,33.45,S
2021-07-28T09:26:51,100.0,33.45,S
2021-07-28T09:26:45,10000.0,33.45,S
2021-07-28T09:26:23,300.0,33.45,S
2021-07-28T09:26:17,100.0,33.5,B
2021-07-28T09:26:17,100.0,33.45,S
2021-07-28T09:26:12,1000.0,33.45,S
2021-07-28T09:25:53,100.0,33.45,S
2021-07-28T09:25:41,200.0,33.45,S
2021-07-28T09:25:40,600.0,33.45,S
2021-07-28T09:25:33,900.0,33.45,S
2021-07-28T09:25:23,100.0,33.5,B
2021-07-28T09:25:20,4100.0,33.5,B
2021-07-28T09:25:16,600.0,33.5,B
2021-07-28T09:25:02,400.0,33.5,B
2021-07-28T09:24:55,1000.0,33.45,S
2021-07-28T09:24:52,1000.0,33.5,B
2021-07-28T09:24:51,13000.0,33.5,B
2021-07-28T09:24:40,1000.0,33.5,B
2021-07-28T09:24:19,5000.0,33.45,S
2021-07-28T09:24:13,400.0,33.5,B
2021-07-28T09:24:10,2000.0,33.5,B
2021-07-28T09:24:02,10000.0,33.5,B
2021-07-28T09:23:52,10000.0,33.5,B
2021-07-28T09:23:50,100.0,33.5,B
2021-07-28T09:23:46,4200.0,33.5,B
2021-07-28T09:23:39,200.0,33.45,B
2021-07-28T09:23:39,1200.0,33.45,S
2021-07-28T09:23:39,1200.0,33.45,S
2021-07-28T09:23:37,500.0,33.5,B
2021-07-28T09:23:28,1000.0,33.5,B
2021-07-28T09:23:26,200.0,33.5,B
2021-07-28T09:23:01,5000.0,33.5,B
2021-07-28T09:22:56,200.0,33.45,S
2021-07-28T09:22:49,100.0,33.45,S
2021-07-28T09:22:49,200.0,33.5,B
2021-07-28T09:22:46,200.0,33.5,B
2021-07-28T09:22:40,100.0,33.5,B
2021-07-28T09:22:37,200.0,33.5,B
2021-07-28T09:22:34,100.0,33.5,B
2021-07-28T09:22:33,100.0,33.5,B
2021-07-28T09:22:31,600.0,33.5,B
2021-07-28T09:22:25,1500.0,33.5,B
2021-07-28T09:22:15,10400.0,33.5,B
2021-07-28T09:22:15,2100.0,33.5,B
2021-07-28T09:22:15,1600.0,33.5,B
2021-07-28T09:22:15,2000.0,33.5,B
2021-07-28T09:22:15,3900.0,33.45,B
2021-07-28T09:22:04,100.0,33.4,S
2021-07-28T09:21:59,900.0,33.4,B
2021-07-28T09:21:31,5000.0,33.4,B
2021-07-28T09:21:29,300.0,33.35,S
2021-07-28T09:21:11,100.0,33.35,S
2021-07-28T09:21:02,1400.0,33.35,S
2021-07-28T09:21:00,500.0,33.35,B
2021-07-28T09:21:00,2000.0,33.35,B
2021-07-28T09:20:42,500.0,33.3,S
2021-07-28T09:20:36,2500.0,33.3,S
2021-07-28T09:20:31,2000.0,33.35,B
2021-07-28T09:20:30,2000.0,33.35,B
2021-07-28T09:20:30,500.0,33.3,S
2021-07-28T09:20:24,100.0,33.3,S
2021-07-28T09:20:21,3000.0,33.3,S
2021-07-28T09:20:16,1900.0,33.3,B
2021-07-28T09:20:03,300.0,33.3,B
2021-07-28T09:20:01,1000.0,33.25,S
2021-07-28T09:19:48,100.0,33.3,B
2021-07-28T09:19:48,200.0,33.25,B
2021-07-28T09:19:46,200.0,33.25,B
2021-07-28T09:19:43,500.0,33.25,B
2021-07-28T09:19:42,500.0,33.25,B
2021-07-28T09:19:40,2000.0,33.25,B
2021-07-28T09:19:35,100.0,33.25,B
2021-07-28T09:19:32,200.0,33.25,B
2021-07-28T09:19:29,100.0,33.25,B
2021-07-28T09:19:18,1000.0,33.25,B
2021-07-28T09:19:17,100.0,33.2,S
2021-07-28T09:19:04,400.0,33.2,S
2021-07-28T09:18:54,2200.0,33.2,B
2021-07-28T09:18:54,8400.0,33.2,B
2021-07-28T09:18:54,1200.0,33.2,B
2021-07-28T09:18:51,200.0,33.15,S
2021-07-28T09:18:31,300.0,33.15,S
2021-07-28T09:18:25,2000.0,33.2,B
2021-07-28T09:18:15,200.0,33.2,B
2021-07-28T09:18:06,200.0,33.2,B
2021-07-28T09:18:04,200.0,33.15,S
2021-07-28T09:18:01,600.0,33.2,B
2021-07-28T09:17:48,1200.0,33.15,S
2021-07-28T09:17:43,100.0,33.15,S
2021-07-28T09:17:40,200.0,33.2,B
2021-07-28T09:17:38,100.0,33.2,B
2021-07-28T09:17:35,1500.0,33.15,S
2021-07-28T09:17:34,100.0,33.2,B
2021-07-28T09:17:31,300.0,33.15,S
2021-07-28T09:17:31,500.0,33.2,B
2021-07-28T09:17:18,10000.0,33.2,B
2021-07-28T09:17:14,500.0,33.15,S
2021-07-28T09:17:12,100.0,33.2,B
2021-07-28T09:17:09,100.0,33.2,B
2021-07-28T09:17:04,300.0,33.2,S
2021-07-28T09:17:03,500.0,33.2,S
2021-07-28T09:17:03,100.0,33.25,B
2021-07-28T09:17:01,2000.0,33.2,S
2021-07-28T09:17:01,300.0,33.2,S
2021-07-28T09:17:01,3400.0,33.2,S
2021-07-28T09:17:00,300.0,33.2,S
2021-07-28T09:16:58,200.0,33.2,S
2021-07-28T09:16:57,700.0,33.2,S
2021-07-28T09:16:54,8200.0,33.2,S
2021-07-28T09:16:48,1200.0,33.2,S
2021-07-28T09:16:48,500.0,33.2,S
2021-07-28T09:16:45,500.0,33.2,S
2021-07-28T09:16:41,500.0,33.2,S
2021-07-28T09:16:17,500.0,33.2,S
2021-07-28T09:16:15,200.0,33.3,B
2021-07-28T09:16:11,4200.0,33.2,S
2021-07-28T09:16:11,400.0,33.2,S
2021-07-28T09:16:04,5000.0,33.3,B
2021-07-28T09:16:00,100.0,33.2,S
2021-07-28T09:15:49,400.0,33.2,S
2021-07-28T09:15:29,100.0,33.2,S
2021-07-28T09:15:28,100.0,33.2,S
2021-07-28T09:15:12,3600.0,33.2,S
