tradingTime,volume,price,side
2021-07-28T09:55:57,2000.0,32.9,S
2021-07-28T09:55:43,100.0,32.95,B
2021-07-28T09:55:37,1000.0,32.9,S
2021-07-28T09:55:35,500.0,32.9,S
2021-07-28T09:55:29,100.0,32.9,S
2021-07-28T09:55:21,6200.0,32.9,B
2021-07-28T09:55:06,500.0,32.9,B
2021-07-28T09:55:06,2000.0,32.9,B
2021-07-28T09:55:05,700.0,32.9,B
2021-07-28T09:55:00,100.0,32.9,B
2021-07-28T09:54:56,1000.0,32.9,B
2021-07-28T09:54:54,100.0,32.9,B
2021-07-28T09:54:52,100.0,32.9,B
2021-07-28T09:54:47,200.0,32.9,B
2021-07-28T09:54:47,100.0,32.9,B
2021-07-28T09:54:33,2000.0,32.9,B
2021-07-28T09:54:28,1000.0,32.9,B
2021-07-28T09:54:20,300.0,32.9,B
2021-07-28T09:54:16,500.0,32.9,B
2021-07-28T09:54:11,100.0,32.9,B
2021-07-28T09:54:02,300.0,32.9,B
2021-07-28T09:53:43,5400.0,32.85,S
2021-07-28T09:53:43,500.0,32.85,S
2021-07-28T09:53:43,300.0,32.85,S
2021-07-28T09:53:43,3800.0,32.85,S
2021-07-28T09:53:37,400.0,32.9,B
2021-07-28T09:53:12,4500.0,32.85,S
2021-07-28T09:53:10,1000.0,32.9,S
2021-07-28T09:52:55,5000.0,32.9,S
2021-07-28T09:52:44,300.0,32.9,S
2021-07-28T09:52:39,600.0,32.9,S
2021-07-28T09:52:34,300.0,32.9,S
2021-07-28T09:52:26,100.0,32.9,S
2021-07-28T09:52:23,1000.0,32.95,B
2021-07-28T09:52:21,600.0,32.95,B
2021-07-28T09:52:20,1000.0,32.95,B
2021-07-28T09:52:15,900.0,32.95,B
2021-07-28T09:52:13,100.0,32.95,B
2021-07-28T09:52:12,1000.0,32.95,B
2021-07-28T09:52:12,1100.0,32.95,S
2021-07-28T09:52:12,400.0,32.95,S
2021-07-28T09:52:12,7800.0,32.95,S
2021-07-28T09:52:12,2000.0,32.95,S
2021-07-28T09:52:12,8100.0,32.95,S
2021-07-28T09:52:01,1000.0,32.95,S
2021-07-28T09:51:59,300.0,32.95,S
2021-07-28T09:51:59,700.0,32.95,S
2021-07-28T09:51:53,1000.0,33.0,B
2021-07-28T09:51:50,1000.0,32.95,S
2021-07-28T09:51:45,100.0,33.0,B
2021-07-28T09:51:39,4500.0,33.0,B
2021-07-28T09:51:38,100.0,33.0,B
2021-07-28T09:51:28,100.0,33.0,B
2021-07-28T09:51:28,1000.0,33.0,B
2021-07-28T09:51:21,1800.0,33.0,B
2021-07-28T09:51:11,200.0,33.0,B
2021-07-28T09:51:08,600.0,33.0,B
2021-07-28T09:51:08,600.0,33.0,B
2021-07-28T09:51:06,900.0,33.0,S
2021-07-28T09:50:58,600.0,33.0,S
2021-07-28T09:50:56,7000.0,33.0,S
2021-07-28T09:50:56,3000.0,33.0,S
2021-07-28T09:50:55,7500.0,33.0,S
2021-07-28T09:50:55,3300.0,33.0,S
2021-07-28T09:50:55,400.0,33.0,S
2021-07-28T09:50:55,9000.0,33.0,S
2021-07-28T09:50:55,8200.0,33.0,S
2021-07-28T09:50:55,14500.0,33.0,S
2021-07-28T09:50:55,300.0,33.0,S
2021-07-28T09:50:53,7500.0,33.0,S
2021-07-28T09:50:53,200.0,33.0,S
2021-07-28T09:50:53,1000.0,33.0,S
2021-07-28T09:50:51,500.0,33.0,S
2021-07-28T09:50:49,10000.0,33.0,S
2021-07-28T09:50:46,1000.0,33.0,S
2021-07-28T09:50:38,2000.0,33.0,S
2021-07-28T09:50:37,10000.0,33.0,S
2021-07-28T09:50:35,200.0,33.0,S
2021-07-28T09:50:21,1000.0,33.0,S
2021-07-28T09:50:18,100.0,33.05,B
2021-07-28T09:50:16,1000.0,33.05,B
2021-07-28T09:50:08,2000.0,33.0,S
2021-07-28T09:50:08,500.0,33.05,B
2021-07-28T09:50:01,200.0,33.05,B
2021-07-28T09:49:57,500.0,33.05,B
2021-07-28T09:49:55,2500.0,33.0,S
2021-07-28T09:49:53,100.0,33.05,B
2021-07-28T09:49:53,1400.0,33.05,B
2021-07-28T09:49:51,300.0,33.05,B
2021-07-28T09:49:41,1000.0,33.05,B
2021-07-28T09:49:40,200.0,33.05,B
2021-07-28T09:49:36,100.0,33.05,B
2021-07-28T09:49:33,1000.0,33.05,B
2021-07-28T09:49:30,600.0,33.05,B
2021-07-28T09:49:25,1000.0,33.05,B
2021-07-28T09:49:19,300.0,33.0,S
2021-07-28T09:49:18,700.0,33.05,B
2021-07-28T09:49:16,1700.0,33.05,B
2021-07-28T09:49:15,100.0,33.05,B
2021-07-28T09:49:15,500.0,33.05,B
2021-07-28T09:49:12,1500.0,33.05,B
2021-07-28T09:49:10,100.0,33.0,S
2021-07-28T09:49:06,1500.0,33.05,B
2021-07-28T09:49:01,500.0,33.05,B
2021-07-28T09:48:55,1000.0,33.05,B
2021-07-28T09:48:52,200.0,33.05,B
2021-07-28T09:48:51,4900.0,33.05,B
2021-07-28T09:48:48,3200.0,33.05,S
2021-07-28T09:48:48,1800.0,33.05,S
2021-07-28T09:48:47,2000.0,33.05,S
2021-07-28T09:48:46,100.0,33.05,S
2021-07-28T09:48:43,1000.0,33.1,B
2021-07-28T09:48:29,100.0,33.05,S
2021-07-28T09:48:23,100.0,33.05,S
2021-07-28T09:48:22,200.0,33.05,S
2021-07-28T09:48:06,700.0,33.05,B
2021-07-28T09:48:05,500.0,33.05,B
2021-07-28T09:48:02,500.0,33.05,B
2021-07-28T09:47:57,200.0,33.05,B
2021-07-28T09:47:47,300.0,33.05,B
2021-07-28T09:47:44,500.0,33.05,B
2021-07-28T09:47:43,3000.0,33.05,B
2021-07-28T09:47:42,100.0,33.05,B
2021-07-28T09:47:33,500.0,33.05,B
2021-07-28T09:47:32,500.0,33.0,S
2021-07-28T09:47:24,100.0,33.0,S
2021-07-28T09:47:23,1000.0,33.0,S
2021-07-28T09:47:21,1000.0,33.05,B
2021-07-28T09:47:16,500.0,33.0,S
2021-07-28T09:47:16,500.0,33.0,S
2021-07-28T09:47:11,500.0,33.05,B
2021-07-28T09:47:11,500.0,33.05,B
2021-07-28T09:47:08,1400.0,33.0,B
2021-07-28T09:47:07,100.0,33.0,B
2021-07-28T09:47:06,2000.0,33.0,B
2021-07-28T09:47:05,500.0,33.0,B
2021-07-28T09:47:04,3000.0,33.0,B
2021-07-28T09:47:03,700.0,33.0,B
2021-07-28T09:47:02,1000.0,33.0,B
2021-07-28T09:46:58,100.0,33.0,B
2021-07-28T09:46:58,2000.0,33.0,B
2021-07-28T09:46:58,5000.0,33.0,B
2021-07-28T09:46:57,1000.0,33.0,B
2021-07-28T09:46:55,100.0,33.0,B
2021-07-28T09:46:53,100.0,33.0,B
2021-07-28T09:46:52,2000.0,33.0,B
2021-07-28T09:46:50,200.0,33.0,S
2021-07-28T09:46:50,100.0,33.0,S
2021-07-28T09:46:48,900.0,33.0,B
2021-07-28T09:46:47,300.0,33.0,B
2021-07-28T09:46:46,4600.0,33.0,B
2021-07-28T09:46:46,400.0,33.0,B
2021-07-28T09:46:46,6600.0,33.0,B
2021-07-28T09:46:46,5400.0,33.0,B
2021-07-28T09:46:43,700.0,33.0,B
2021-07-28T09:46:43,9300.0,33.0,B
2021-07-28T09:46:41,3000.0,33.0,B
2021-07-28T09:46:41,800.0,33.0,B
2021-07-28T09:46:41,400.0,33.0,B
2021-07-28T09:46:41,1100.0,33.0,B
2021-07-28T09:46:41,600.0,33.0,B
2021-07-28T09:46:41,400.0,33.0,B
2021-07-28T09:46:41,2200.0,33.0,B
2021-07-28T09:46:41,500.0,33.0,B
2021-07-28T09:46:41,400.0,33.0,B
2021-07-28T09:46:41,200.0,33.0,B
2021-07-28T09:46:41,1900.0,33.0,B
2021-07-28T09:46:41,2600.0,33.0,B
2021-07-28T09:46:41,700.0,33.0,B
2021-07-28T09:46:41,1600.0,33.0,B
2021-07-28T09:46:41,6100.0,33.0,B
2021-07-28T09:46:41,100.0,33.0,B
2021-07-28T09:46:41,400.0,33.0,B
2021-07-28T09:46:40,2000.0,33.0,B
2021-07-28T09:46:38,3000.0,33.0,B
2021-07-28T09:46:36,200.0,33.0,B
2021-07-28T09:46:36,3000.0,33.0,B
2021-07-28T09:46:36,1800.0,33.0,B
2021-07-28T09:46:36,3200.0,33.0,B
2021-07-28T09:46:36,1000.0,33.0,B
2021-07-28T09:46:34,1000.0,32.95,S
2021-07-28T09:46:32,100.0,32.95,S
2021-07-28T09:46:26,1300.0,33.0,B
2021-07-28T09:46:26,5100.0,33.0,B
2021-07-28T09:46:26,5600.0,33.0,B
2021-07-28T09:46:26,8000.0,33.0,B
2021-07-28T09:46:21,300.0,32.95,S
2021-07-28T09:46:19,3000.0,33.0,B
2021-07-28T09:46:17,500.0,32.95,S
2021-07-28T09:46:05,100.0,33.0,B
2021-07-28T09:46:03,2800.0,33.0,B
2021-07-28T09:45:57,1000.0,33.0,B
2021-07-28T09:45:49,100.0,33.0,B
2021-07-28T09:45:43,100.0,33.0,B
2021-07-28T09:45:39,100.0,32.95,S
2021-07-28T09:45:38,100.0,33.0,B
2021-07-28T09:45:33,100.0,33.0,B
2021-07-28T09:45:30,2500.0,33.0,B
2021-07-28T09:45:30,500.0,33.0,B
2021-07-28T09:45:30,500.0,33.0,B
2021-07-28T09:44:56,500.0,33.0,B
2021-07-28T09:44:56,2300.0,33.0,B
2021-07-28T09:44:48,200.0,33.0,B
2021-07-28T09:44:45,200.0,33.0,B
2021-07-28T09:44:38,200.0,33.0,B
2021-07-28T09:44:38,100.0,33.0,B
2021-07-28T09:44:29,500.0,33.0,B
2021-07-28T09:44:06,200.0,32.95,S
2021-07-28T09:44:03,300.0,33.0,B
2021-07-28T09:43:54,3000.0,33.0,B
2021-07-28T09:43:54,2000.0,33.0,B
2021-07-28T09:43:53,100.0,33.0,B
2021-07-28T09:43:45,1500.0,33.0,B
2021-07-28T09:43:40,7000.0,33.0,B
2021-07-28T09:43:33,200.0,32.95,S
2021-07-28T09:43:28,500.0,32.95,S
2021-07-28T09:43:27,1700.0,33.0,B
2021-07-28T09:43:27,1800.0,33.0,B
2021-07-28T09:43:14,100.0,33.0,B
2021-07-28T09:43:14,3000.0,32.95,S
2021-07-28T09:43:07,200.0,32.95,S
2021-07-28T09:43:04,6100.0,33.0,B
2021-07-28T09:42:59,1000.0,32.9,S
2021-07-28T09:42:59,600.0,33.0,B
2021-07-28T09:42:56,4400.0,33.0,B
2021-07-28T09:42:55,2000.0,33.0,B
2021-07-28T09:42:50,200.0,33.0,B
2021-07-28T09:42:41,7500.0,33.0,B
2021-07-28T09:42:39,500.0,33.0,B
2021-07-28T09:42:39,100.0,33.0,B
2021-07-28T09:42:28,100.0,33.0,B
2021-07-28T09:42:26,200.0,33.0,B
2021-07-28T09:42:18,3000.0,33.0,B
2021-07-28T09:42:02,15200.0,33.0,B
2021-07-28T09:42:02,4600.0,33.0,B
2021-07-28T09:42:02,10800.0,33.0,B
2021-07-28T09:42:02,5100.0,33.0,B
2021-07-28T09:42:02,1000.0,33.0,B
2021-07-28T09:42:02,400.0,33.0,B
2021-07-28T09:42:02,500.0,33.0,B
2021-07-28T09:42:02,1000.0,33.0,B
2021-07-28T09:42:02,2500.0,33.0,B
2021-07-28T09:42:02,1200.0,33.0,B
2021-07-28T09:42:02,100.0,33.0,B
2021-07-28T09:42:02,200.0,33.0,B
2021-07-28T09:42:02,200.0,33.0,B
2021-07-28T09:42:02,5800.0,33.0,B
2021-07-28T09:42:02,200.0,33.0,B
2021-07-28T09:42:02,100.0,33.0,B
2021-07-28T09:42:02,300.0,33.0,B
2021-07-28T09:42:02,200.0,33.0,B
2021-07-28T09:42:02,1500.0,33.0,B
2021-07-28T09:42:02,1100.0,33.0,B
2021-07-28T09:42:02,1000.0,33.0,B
2021-07-28T09:42:02,300.0,33.0,B
2021-07-28T09:42:02,500.0,33.0,B
2021-07-28T09:42:02,900.0,33.0,B
2021-07-28T09:42:02,29200.0,33.0,B
2021-07-28T09:42:02,2800.0,33.0,B
2021-07-28T09:42:02,1300.0,32.95,B
2021-07-28T09:42:02,100.0,32.95,B
2021-07-28T09:42:02,2100.0,32.95,B
2021-07-28T09:42:02,300.0,32.95,B
2021-07-28T09:42:02,1100.0,32.95,B
2021-07-28T09:42:02,2000.0,32.95,B
2021-07-28T09:42:02,200.0,32.95,B
2021-07-28T09:42:02,400.0,32.95,B
2021-07-28T09:42:02,800.0,32.9,B
2021-07-28T09:42:02,600.0,32.9,B
2021-07-28T09:42:02,6100.0,32.9,B
2021-07-28T09:42:02,1000.0,32.9,B
2021-07-28T09:42:02,1300.0,32.9,B
2021-07-28T09:41:49,1300.0,32.9,B
2021-07-28T09:41:49,1600.0,32.9,B
2021-07-28T09:41:49,600.0,32.9,B
2021-07-28T09:41:49,1000.0,32.9,B
2021-07-28T09:41:49,800.0,32.9,B
2021-07-28T09:41:49,4200.0,32.9,B
2021-07-28T09:41:49,10500.0,32.9,B
2021-07-28T09:41:44,200.0,32.85,B
2021-07-28T09:41:44,1100.0,32.85,B
2021-07-28T09:41:44,500.0,32.85,B
2021-07-28T09:41:44,300.0,32.85,B
2021-07-28T09:41:44,1800.0,32.85,B
2021-07-28T09:41:44,2000.0,32.85,B
2021-07-28T09:41:43,100.0,32.85,B
2021-07-28T09:41:34,100.0,32.85,B
2021-07-28T09:41:31,500.0,32.8,S
2021-07-28T09:41:27,1000.0,32.85,B
2021-07-28T09:41:27,1200.0,32.85,B
2021-07-28T09:41:27,800.0,32.85,B
2021-07-28T09:41:26,800.0,32.85,B
2021-07-28T09:41:13,9600.0,32.8,B
2021-07-28T09:41:13,6500.0,32.8,B
2021-07-28T09:41:13,2100.0,32.8,B
2021-07-28T09:41:13,300.0,32.8,B
2021-07-28T09:41:13,7900.0,32.8,B
2021-07-28T09:41:13,9200.0,32.8,B
2021-07-28T09:41:12,200.0,32.8,B
2021-07-28T09:41:11,4700.0,32.8,B
2021-07-28T09:41:11,500.0,32.8,B
2021-07-28T09:41:10,15400.0,32.8,B
2021-07-28T09:41:10,3000.0,32.8,B
2021-07-28T09:41:10,8000.0,32.8,B
2021-07-28T09:41:10,1600.0,32.8,B
2021-07-28T09:41:10,16000.0,32.8,B
2021-07-28T09:41:10,800.0,32.8,B
2021-07-28T09:41:01,200.0,32.8,B
2021-07-28T09:40:35,500.0,32.8,B
2021-07-28T09:40:35,900.0,32.8,B
2021-07-28T09:40:35,2600.0,32.8,B
2021-07-28T09:40:34,500.0,32.75,S
2021-07-28T09:40:30,300.0,32.75,S
2021-07-28T09:40:20,5000.0,32.75,S
2021-07-28T09:40:14,200.0,32.75,S
2021-07-28T09:40:08,200.0,32.75,S
2021-07-28T09:40:03,500.0,32.75,S
2021-07-28T09:39:30,100.0,32.75,S
2021-07-28T09:39:29,3300.0,32.75,B
2021-07-28T09:39:24,100.0,32.75,B
2021-07-28T09:39:23,8600.0,32.75,S
2021-07-28T09:39:19,3000.0,32.75,S
2021-07-28T09:39:18,100.0,32.75,S
2021-07-28T09:39:11,6000.0,32.75,S
2021-07-28T09:39:11,1000.0,32.75,S
2021-07-28T09:39:05,100.0,32.75,S
2021-07-28T09:39:00,200.0,32.8,B
2021-07-28T09:39:00,800.0,32.8,B
2021-07-28T09:39:00,200.0,32.75,S
2021-07-28T09:38:59,500.0,32.75,S
2021-07-28T09:38:59,5900.0,32.75,S
2021-07-28T09:38:59,4500.0,32.75,S
2021-07-28T09:38:59,100.0,32.75,S
2021-07-28T09:38:59,2000.0,32.75,S
2021-07-28T09:38:59,12500.0,32.75,S
2021-07-28T09:38:58,600.0,32.75,S
2021-07-28T09:38:49,100.0,32.75,S
2021-07-28T09:38:49,400.0,32.75,S
2021-07-28T09:38:45,500.0,32.75,S
2021-07-28T09:38:43,2700.0,32.75,S
2021-07-28T09:38:39,400.0,32.75,S
2021-07-28T09:38:38,1000.0,32.75,S
2021-07-28T09:38:36,200.0,32.75,S
2021-07-28T09:38:36,5900.0,32.75,S
2021-07-28T09:38:31,3000.0,32.75,S
2021-07-28T09:38:25,2500.0,32.75,S
2021-07-28T09:38:23,100.0,32.75,S
2021-07-28T09:38:23,100.0,32.8,B
2021-07-28T09:38:23,1900.0,32.8,B
2021-07-28T09:38:23,100.0,32.8,B
2021-07-28T09:38:23,500.0,32.75,S
2021-07-28T09:38:23,200.0,32.8,B
2021-07-28T09:38:22,300.0,32.75,S
2021-07-28T09:38:13,7600.0,32.75,S
2021-07-28T09:38:13,3000.0,32.75,S
2021-07-28T09:38:05,200.0,32.75,S
2021-07-28T09:37:59,500.0,32.75,S
2021-07-28T09:37:57,1000.0,32.75,S
2021-07-28T09:37:33,2000.0,32.75,S
2021-07-28T09:37:32,200.0,32.75,S
2021-07-28T09:37:19,300.0,32.75,S
2021-07-28T09:37:19,100.0,32.75,S
2021-07-28T09:37:19,1400.0,32.75,S
2021-07-28T09:36:48,3000.0,32.8,B
2021-07-28T09:36:43,500.0,32.75,S
2021-07-28T09:36:43,3400.0,32.75,S
2021-07-28T09:36:43,1300.0,32.75,S
2021-07-28T09:36:42,4800.0,32.75,S
2021-07-28T09:36:39,20000.0,32.75,S
2021-07-28T09:36:11,100.0,32.75,S
2021-07-28T09:36:07,100.0,32.8,B
2021-07-28T09:36:06,100.0,32.75,S
2021-07-28T09:35:57,100.0,32.75,S
2021-07-28T09:35:49,100.0,32.75,S
2021-07-28T09:35:48,200.0,32.8,B
2021-07-28T09:35:37,3000.0,32.8,B
2021-07-28T09:35:34,3000.0,32.75,S
2021-07-28T09:35:26,100.0,32.75,S
2021-07-28T09:35:24,400.0,32.75,S
2021-07-28T09:35:24,1000.0,32.75,S
2021-07-28T09:35:11,200.0,32.75,S
2021-07-28T09:35:09,500.0,32.75,S
2021-07-28T09:34:58,300.0,32.75,S
2021-07-28T09:34:50,1000.0,32.75,S
2021-07-28T09:34:48,500.0,32.75,S
2021-07-28T09:34:46,7200.0,32.8,B
2021-07-28T09:34:46,1300.0,32.8,B
2021-07-28T09:34:46,1600.0,32.8,B
2021-07-28T09:34:46,700.0,32.75,S
2021-07-28T09:34:40,1000.0,32.75,B
2021-07-28T09:34:38,900.0,32.75,B
2021-07-28T09:34:36,3000.0,32.75,S
2021-07-28T09:34:30,5000.0,32.75,S
2021-07-28T09:34:16,2300.0,32.75,S
2021-07-28T09:34:13,500.0,32.75,S
2021-07-28T09:34:13,2000.0,32.75,S
2021-07-28T09:34:08,300.0,32.75,S
2021-07-28T09:34:02,300.0,32.75,S
2021-07-28T09:33:53,15000.0,32.75,S
2021-07-28T09:33:50,200.0,32.75,S
2021-07-28T09:33:48,400.0,32.75,S
2021-07-28T09:33:40,3100.0,32.75,B
2021-07-28T09:33:38,400.0,32.75,B
2021-07-28T09:33:37,5000.0,32.75,B
2021-07-28T09:33:34,500.0,32.75,B
2021-07-28T09:33:27,1000.0,32.7,S
2021-07-28T09:33:24,3200.0,32.75,B
2021-07-28T09:33:20,6800.0,32.75,B
2021-07-28T09:33:16,100.0,32.75,B
2021-07-28T09:33:14,500.0,32.75,B
2021-07-28T09:33:11,500.0,32.75,B
2021-07-28T09:33:10,200.0,32.75,B
2021-07-28T09:33:08,300.0,32.75,S
2021-07-28T09:33:08,6600.0,32.75,S
2021-07-28T09:33:03,100.0,32.75,S
2021-07-28T09:32:58,13400.0,32.75,B
2021-07-28T09:32:54,200.0,32.75,B
2021-07-28T09:32:50,200.0,32.75,B
2021-07-28T09:32:48,1300.0,32.75,B
2021-07-28T09:32:45,5000.0,32.8,B
2021-07-28T09:32:36,5000.0,32.8,B
2021-07-28T09:32:28,200.0,32.75,B
2021-07-28T09:32:23,500.0,32.75,B
2021-07-28T09:32:22,200.0,32.75,B
2021-07-28T09:32:20,500.0,32.75,B
2021-07-28T09:32:19,1200.0,32.75,B
2021-07-28T09:32:18,1000.0,32.75,B
2021-07-28T09:32:07,500.0,32.75,B
2021-07-28T09:32:04,100.0,32.75,B
2021-07-28T09:31:59,800.0,32.75,B
2021-07-28T09:31:59,200.0,32.75,B
2021-07-28T09:31:56,100.0,32.75,B
2021-07-28T09:31:54,2000.0,32.75,B
2021-07-28T09:31:53,300.0,32.75,B
2021-07-28T09:31:53,700.0,32.75,B
2021-07-28T09:31:51,100.0,32.75,B
2021-07-28T09:31:48,2500.0,32.75,B
2021-07-28T09:31:48,2700.0,32.75,B
2021-07-28T09:31:46,400.0,32.75,B
2021-07-28T09:31:40,500.0,32.75,B
2021-07-28T09:31:37,1000.0,32.75,B
2021-07-28T09:31:36,1100.0,32.75,B
2021-07-28T09:31:29,100.0,32.75,B
2021-07-28T09:31:29,800.0,32.75,S
2021-07-28T09:31:29,200.0,32.75,S
2021-07-28T09:31:29,1800.0,32.75,S
2021-07-28T09:31:29,400.0,32.75,S
2021-07-28T09:31:29,6000.0,32.75,S
2021-07-28T09:31:23,600.0,32.8,B
2021-07-28T09:31:21,1200.0,32.75,S
2021-07-28T09:31:21,1200.0,32.75,S
2021-07-28T09:31:21,27600.0,32.75,S
2021-07-28T09:31:17,6000.0,32.8,B
2021-07-28T09:31:14,500.0,32.75,S
2021-07-28T09:31:10,2000.0,32.8,B
2021-07-28T09:31:08,100.0,32.8,B
2021-07-28T09:31:03,300.0,32.8,B
2021-07-28T09:31:00,200.0,32.8,B
2021-07-28T09:30:54,500.0,32.8,B
2021-07-28T09:30:45,600.0,32.8,B
2021-07-28T09:30:43,200.0,32.8,B
2021-07-28T09:30:40,700.0,32.8,B
2021-07-28T09:30:36,100.0,32.8,B
2021-07-28T09:30:28,200.0,32.8,B
2021-07-28T09:30:26,400.0,32.8,B
2021-07-28T09:30:20,400.0,32.75,S
2021-07-28T09:30:15,1000.0,32.8,B
2021-07-28T09:30:08,2000.0,32.75,S
2021-07-28T09:29:58,2000.0,32.8,B
2021-07-28T09:29:49,500.0,32.8,B
2021-07-28T09:29:36,1000.0,32.8,B
2021-07-28T09:29:31,1000.0,32.8,B
2021-07-28T09:29:26,100.0,32.8,B
2021-07-28T09:29:16,200.0,32.8,B
2021-07-28T09:29:14,1000.0,32.8,B
2021-07-28T09:29:08,3200.0,32.8,B
2021-07-28T09:29:06,800.0,32.8,B
2021-07-28T09:29:06,200.0,32.8,S
2021-07-28T09:29:05,300.0,32.8,S
2021-07-28T09:29:01,200.0,32.8,B
2021-07-28T09:29:01,1500.0,32.8,B
2021-07-28T09:28:58,8900.0,32.8,S
2021-07-28T09:28:58,1100.0,32.8,S
2021-07-28T09:28:57,100.0,32.8,S
2021-07-28T09:28:52,100.0,32.8,B
2021-07-28T09:28:52,9800.0,32.8,B
2021-07-28T09:28:48,1000.0,32.8,B
2021-07-28T09:28:46,100.0,32.8,B
2021-07-28T09:28:44,300.0,32.8,B
2021-07-28T09:28:39,200.0,32.8,B
2021-07-28T09:28:31,11400.0,32.8,S
2021-07-28T09:28:26,3600.0,32.8,B
2021-07-28T09:28:24,400.0,32.8,B
2021-07-28T09:28:21,1000.0,32.8,B
2021-07-28T09:28:19,400.0,32.8,B
2021-07-28T09:28:19,800.0,32.8,B
2021-07-28T09:28:19,5100.0,32.8,B
2021-07-28T09:28:19,3700.0,32.8,B
2021-07-28T09:28:17,500.0,32.8,B
2021-07-28T09:28:13,7000.0,32.8,B
2021-07-28T09:28:06,300.0,32.8,B
2021-07-28T09:28:00,2000.0,32.8,B
2021-07-28T09:28:00,400.0,32.8,B
2021-07-28T09:27:58,100.0,32.8,B
2021-07-28T09:27:57,200.0,32.8,B
2021-07-28T09:27:56,100.0,32.75,S
2021-07-28T09:27:48,2000.0,32.8,B
2021-07-28T09:27:47,200.0,32.8,B
2021-07-28T09:27:40,100.0,32.8,B
2021-07-28T09:27:34,4000.0,32.75,S
2021-07-28T09:27:30,500.0,32.75,S
2021-07-28T09:27:26,3000.0,32.8,B
2021-07-28T09:27:20,100.0,32.8,B
2021-07-28T09:27:13,3200.0,32.8,B
2021-07-28T09:27:12,9500.0,32.8,S
2021-07-28T09:27:07,200.0,32.8,S
2021-07-28T09:27:05,100.0,32.8,S
2021-07-28T09:26:54,900.0,32.8,S
2021-07-28T09:26:53,15200.0,32.8,B
2021-07-28T09:26:48,1500.0,32.8,B
2021-07-28T09:26:48,15200.0,32.8,B
2021-07-28T09:26:43,700.0,32.8,B
2021-07-28T09:26:43,1000.0,32.8,B
2021-07-28T09:26:39,300.0,32.8,B
2021-07-28T09:26:35,10000.0,32.8,B
2021-07-28T09:26:33,200.0,32.8,B
2021-07-28T09:26:33,10000.0,32.8,B
2021-07-28T09:26:28,500.0,32.8,B
2021-07-28T09:26:17,300.0,32.8,B
2021-07-28T09:26:17,100.0,32.8,B
2021-07-28T09:26:15,400.0,32.8,B
2021-07-28T09:26:13,600.0,32.8,B
2021-07-28T09:26:13,1000.0,32.8,B
2021-07-28T09:26:13,2700.0,32.8,S
2021-07-28T09:26:13,2800.0,32.8,S
2021-07-28T09:26:13,11700.0,32.85,S
2021-07-28T09:26:10,200.0,32.85,S
2021-07-28T09:26:05,15100.0,32.85,B
2021-07-28T09:26:02,400.0,32.8,S
2021-07-28T09:25:58,100.0,32.8,S
2021-07-28T09:25:57,100.0,32.8,S
2021-07-28T09:25:55,100.0,32.8,S
2021-07-28T09:25:55,100.0,32.8,S
2021-07-28T09:25:55,2100.0,32.8,B
2021-07-28T09:25:55,1000.0,32.8,B
2021-07-28T09:25:53,1000.0,32.8,B
2021-07-28T09:25:52,15200.0,32.8,B
2021-07-28T09:25:52,500.0,32.8,B
2021-07-28T09:25:52,14300.0,32.8,B
2021-07-28T09:25:51,100.0,32.8,B
2021-07-28T09:25:48,6000.0,32.75,S
2021-07-28T09:25:42,1000.0,32.8,B
2021-07-28T09:25:36,400.0,32.8,B
2021-07-28T09:25:33,2000.0,32.8,B
2021-07-28T09:25:28,100.0,32.8,B
2021-07-28T09:25:28,100.0,32.8,B
2021-07-28T09:25:24,10000.0,32.8,B
2021-07-28T09:25:21,200.0,32.8,B
2021-07-28T09:25:11,300.0,32.8,B
2021-07-28T09:25:05,3000.0,32.8,B
2021-07-28T09:25:04,700.0,32.8,B
2021-07-28T09:24:55,5500.0,32.8,B
2021-07-28T09:24:51,5000.0,32.8,B
2021-07-28T09:24:48,500.0,32.8,S
2021-07-28T09:24:48,83800.0,32.8,S
2021-07-28T09:24:47,2000.0,32.8,S
2021-07-28T09:24:38,500.0,32.8,S
2021-07-28T09:24:34,1100.0,32.8,S
2021-07-28T09:24:27,25500.0,32.8,B
2021-07-28T09:24:26,100.0,32.8,B
2021-07-28T09:24:23,5000.0,32.8,B
2021-07-28T09:24:20,100.0,32.8,B
2021-07-28T09:24:18,600.0,32.8,B
2021-07-28T09:24:18,5000.0,32.8,B
2021-07-28T09:24:17,1000.0,32.8,B
2021-07-28T09:24:15,27800.0,32.8,B
2021-07-28T09:24:15,100.0,32.8,B
2021-07-28T09:24:15,300.0,32.75,S
2021-07-28T09:24:14,800.0,32.75,S
2021-07-28T09:24:13,100.0,32.75,S
2021-07-28T09:24:12,200.0,32.8,B
2021-07-28T09:24:12,500.0,32.75,S
2021-07-28T09:24:08,500.0,32.75,S
2021-07-28T09:24:05,500.0,32.75,S
2021-07-28T09:24:00,3000.0,32.8,B
2021-07-28T09:24:00,500.0,32.75,S
2021-07-28T09:23:56,500.0,32.75,S
2021-07-28T09:23:54,800.0,32.75,S
2021-07-28T09:23:54,100.0,32.75,S
2021-07-28T09:23:52,500.0,32.75,S
2021-07-28T09:23:47,500.0,32.75,S
2021-07-28T09:23:45,500.0,32.75,S
2021-07-28T09:23:41,9300.0,32.75,B
2021-07-28T09:23:40,100.0,32.7,S
2021-07-28T09:23:39,200.0,32.75,B
2021-07-28T09:23:35,300.0,32.7,S
2021-07-28T09:23:34,500.0,32.75,B
2021-07-28T09:23:32,1100.0,32.7,S
2021-07-28T09:23:29,500.0,32.7,S
2021-07-28T09:23:27,3500.0,32.7,S
2021-07-28T09:23:26,500.0,32.7,S
2021-07-28T09:23:21,500.0,32.7,S
2021-07-28T09:23:21,500.0,32.8,B
2021-07-28T09:23:18,1000.0,32.7,S
2021-07-28T09:23:15,800.0,32.7,S
2021-07-28T09:23:14,500.0,32.7,S
2021-07-28T09:23:10,500.0,32.7,S
2021-07-28T09:23:06,500.0,32.75,S
2021-07-28T09:23:04,200.0,32.75,S
2021-07-28T09:23:04,300.0,32.8,B
2021-07-28T09:23:02,500.0,32.75,S
2021-07-28T09:23:01,200.0,32.75,S
2021-07-28T09:22:59,1000.0,32.75,S
2021-07-28T09:22:55,100.0,32.8,B
2021-07-28T09:22:53,1200.0,32.75,S
2021-07-28T09:22:44,300.0,32.75,S
2021-07-28T09:22:40,100.0,32.8,B
2021-07-28T09:22:40,300.0,32.7,S
2021-07-28T09:22:37,10500.0,32.7,S
2021-07-28T09:22:37,700.0,32.7,S
2021-07-28T09:22:34,6000.0,32.7,S
2021-07-28T09:22:33,500.0,32.7,S
2021-07-28T09:22:33,100.0,32.75,S
2021-07-28T09:22:33,1100.0,32.75,S
2021-07-28T09:22:33,6800.0,32.75,S
2021-07-28T09:22:32,900.0,32.75,S
2021-07-28T09:22:29,200.0,32.75,S
2021-07-28T09:22:29,500.0,32.75,S
2021-07-28T09:22:26,500.0,32.75,S
2021-07-28T09:22:23,5000.0,32.75,S
2021-07-28T09:22:22,200.0,32.8,S
2021-07-28T09:22:22,400.0,32.75,S
2021-07-28T09:22:20,100.0,32.8,S
2021-07-28T09:22:20,3000.0,32.85,B
2021-07-28T09:22:18,500.0,32.75,S
2021-07-28T09:22:13,2000.0,32.85,B
2021-07-28T09:22:11,400.0,32.75,S
2021-07-28T09:22:07,800.0,32.8,S
2021-07-28T09:22:04,11100.0,32.8,S
2021-07-28T09:22:04,7300.0,32.8,S
2021-07-28T09:22:04,4700.0,32.8,S
2021-07-28T09:22:04,6600.0,32.8,S
2021-07-28T09:22:04,100.0,32.8,S
2021-07-28T09:22:04,120200.0,32.8,S
2021-07-28T09:22:03,100.0,32.85,S
2021-07-28T09:21:59,300.0,32.9,B
2021-07-28T09:21:55,21600.0,32.8,S
2021-07-28T09:21:55,8400.0,32.85,S
2021-07-28T09:21:50,2000.0,32.85,S
2021-07-28T09:21:47,300.0,32.85,S
2021-07-28T09:21:46,1000.0,32.85,S
2021-07-28T09:21:46,3300.0,32.85,B
2021-07-28T09:21:46,8000.0,32.85,B
2021-07-28T09:21:38,1500.0,32.85,B
2021-07-28T09:21:37,1000.0,32.85,B
2021-07-28T09:21:37,100.0,32.85,B
2021-07-28T09:21:35,300.0,32.85,B
2021-07-28T09:21:33,500.0,32.85,B
2021-07-28T09:21:32,1000.0,32.85,B
2021-07-28T09:21:31,100.0,32.85,B
2021-07-28T09:21:27,1300.0,32.8,S
2021-07-28T09:21:27,300.0,32.85,B
2021-07-28T09:21:27,5000.0,32.8,S
2021-07-28T09:21:23,200.0,32.85,B
2021-07-28T09:21:23,3000.0,32.85,B
2021-07-28T09:21:23,1800.0,32.85,B
2021-07-28T09:21:20,2000.0,32.85,B
2021-07-28T09:21:18,100.0,32.85,B
2021-07-28T09:21:16,200.0,32.85,B
2021-07-28T09:21:16,1000.0,32.85,B
2021-07-28T09:21:16,300.0,32.85,S
2021-07-28T09:21:16,100.0,32.85,S
2021-07-28T09:21:16,2000.0,32.85,S
2021-07-28T09:21:16,500.0,32.85,S
2021-07-28T09:21:16,600.0,32.85,S
2021-07-28T09:21:16,600.0,32.9,B
2021-07-28T09:21:16,15000.0,32.9,B
2021-07-28T09:21:10,100.0,32.9,B
2021-07-28T09:21:10,300.0,32.9,B
2021-07-28T09:21:08,900.0,32.85,S
2021-07-28T09:21:08,100.0,32.9,B
2021-07-28T09:21:03,100.0,32.9,B
2021-07-28T09:21:00,100.0,32.9,B
2021-07-28T09:20:58,100.0,32.9,B
2021-07-28T09:20:58,10000.0,32.9,B
2021-07-28T09:20:57,500.0,32.9,B
2021-07-28T09:20:56,900.0,32.9,B
2021-07-28T09:20:56,300.0,32.9,B
2021-07-28T09:20:53,15000.0,32.9,B
2021-07-28T09:20:53,8000.0,32.9,B
2021-07-28T09:20:52,1100.0,32.85,S
2021-07-28T09:20:51,1000.0,32.9,B
2021-07-28T09:20:51,100.0,32.9,B
2021-07-28T09:20:50,20000.0,32.9,B
2021-07-28T09:20:48,1300.0,32.85,S
2021-07-28T09:20:47,1000.0,32.9,B
2021-07-28T09:20:47,8000.0,32.9,B
2021-07-28T09:20:46,100.0,32.9,B
2021-07-28T09:20:45,2700.0,32.9,B
2021-07-28T09:20:43,100.0,32.9,B
2021-07-28T09:20:43,100.0,32.9,B
2021-07-28T09:20:41,100.0,32.9,B
2021-07-28T09:20:41,900.0,32.9,B
2021-07-28T09:20:38,600.0,32.9,B
2021-07-28T09:20:38,100.0,32.9,B
2021-07-28T09:20:37,1100.0,32.9,B
2021-07-28T09:20:37,6000.0,32.9,B
2021-07-28T09:20:36,4500.0,32.9,B
2021-07-28T09:20:35,500.0,32.9,B
2021-07-28T09:20:34,6000.0,32.9,B
2021-07-28T09:20:34,2000.0,32.85,S
2021-07-28T09:20:33,1500.0,32.9,B
2021-07-28T09:20:31,900.0,32.85,S
2021-07-28T09:20:31,200.0,32.9,B
2021-07-28T09:20:28,3000.0,32.9,B
2021-07-28T09:20:26,700.0,32.9,B
2021-07-28T09:20:25,300.0,32.9,B
2021-07-28T09:20:25,20000.0,32.9,B
2021-07-28T09:20:25,200.0,32.9,B
2021-07-28T09:20:22,500.0,32.9,B
2021-07-28T09:20:21,100.0,32.9,B
2021-07-28T09:20:18,500.0,32.85,S
2021-07-28T09:20:16,200.0,32.85,S
2021-07-28T09:20:06,10000.0,32.85,B
2021-07-28T09:20:06,28200.0,32.85,B
2021-07-28T09:20:06,7500.0,32.85,B
2021-07-28T09:20:04,200.0,32.8,S
2021-07-28T09:20:04,11800.0,32.85,B
2021-07-28T09:19:57,100.0,32.8,S
2021-07-28T09:19:55,100.0,32.8,B
2021-07-28T09:19:55,200.0,32.8,B
2021-07-28T09:19:55,5400.0,32.8,B
2021-07-28T09:19:55,50400.0,32.8,B
2021-07-28T09:19:52,4700.0,32.75,B
2021-07-28T09:19:52,800.0,32.75,B
2021-07-28T09:19:52,22700.0,32.75,B
2021-07-28T09:19:48,1000.0,32.75,B
2021-07-28T09:19:48,700.0,32.75,B
2021-07-28T09:19:48,200.0,32.75,B
2021-07-28T09:19:48,500.0,32.75,B
2021-07-28T09:19:47,500.0,32.75,B
2021-07-28T09:19:44,200.0,32.75,B
2021-07-28T09:19:44,500.0,32.7,S
2021-07-28T09:19:37,100.0,32.75,B
2021-07-28T09:19:32,600.0,32.75,B
2021-07-28T09:19:27,100.0,32.7,S
2021-07-28T09:19:25,200.0,32.75,B
2021-07-28T09:19:17,300.0,32.7,B
2021-07-28T09:19:17,1300.0,32.7,B
2021-07-28T09:19:14,100.0,32.65,S
2021-07-28T09:19:14,2000.0,32.7,B
2021-07-28T09:19:13,2900.0,32.7,B
2021-07-28T09:19:11,500.0,32.7,B
2021-07-28T09:19:08,400.0,32.7,B
2021-07-28T09:19:08,1000.0,32.7,B
2021-07-28T09:19:05,2000.0,32.65,S
2021-07-28T09:19:01,11900.0,32.7,B
2021-07-28T09:18:53,100.0,32.65,S
2021-07-28T09:18:51,1000.0,32.65,S
2021-07-28T09:18:51,500.0,32.65,B
2021-07-28T09:18:51,3200.0,32.65,B
2021-07-28T09:18:51,100.0,32.65,B
2021-07-28T09:18:51,1900.0,32.65,B
2021-07-28T09:18:46,100.0,32.65,B
2021-07-28T09:18:45,500.0,32.65,B
2021-07-28T09:18:44,200.0,32.65,B
2021-07-28T09:18:29,300.0,32.6,S
2021-07-28T09:18:21,100.0,32.65,B
2021-07-28T09:18:15,500.0,32.6,S
2021-07-28T09:18:10,500.0,32.65,B
2021-07-28T09:18:00,500.0,32.6,S
2021-07-28T09:17:57,100.0,32.6,S
2021-07-28T09:17:52,600.0,32.6,B
2021-07-28T09:17:52,1800.0,32.6,B
2021-07-28T09:17:52,2000.0,32.6,B
2021-07-28T09:17:52,1000.0,32.6,B
2021-07-28T09:17:51,100.0,32.55,B
2021-07-28T09:17:51,500.0,32.55,B
2021-07-28T09:17:50,100.0,32.55,B
2021-07-28T09:17:47,100.0,32.55,B
2021-07-28T09:17:43,200.0,32.5,S
2021-07-28T09:17:40,200.0,32.55,B
2021-07-28T09:17:31,200.0,32.55,S
2021-07-28T09:17:28,500.0,32.6,B
2021-07-28T09:17:06,300.0,32.5,S
2021-07-28T09:17:00,100.0,32.5,S
2021-07-28T09:16:58,1000.0,32.5,S
2021-07-28T09:16:58,500.0,32.5,S
2021-07-28T09:16:54,500.0,32.5,S
2021-07-28T09:16:54,100.0,32.6,B
2021-07-28T09:16:52,500.0,32.5,S
2021-07-28T09:16:50,100.0,32.6,B
2021-07-28T09:16:48,500.0,32.5,S
2021-07-28T09:16:47,2400.0,32.65,B
2021-07-28T09:16:47,5600.0,32.6,B
2021-07-28T09:16:45,400.0,32.5,S
2021-07-28T09:16:43,10000.0,32.5,S
2021-07-28T09:16:42,100.0,32.6,B
2021-07-28T09:16:42,100.0,32.6,B
2021-07-28T09:16:41,400.0,32.5,S
2021-07-28T09:16:41,100.0,32.6,B
2021-07-28T09:16:41,100.0,32.6,S
2021-07-28T09:16:40,1000.0,32.6,S
2021-07-28T09:16:39,300.0,32.6,S
2021-07-28T09:16:36,400.0,32.6,S
2021-07-28T09:16:34,100.0,32.6,S
2021-07-28T09:16:34,700.0,32.6,S
2021-07-28T09:16:34,1000.0,32.6,S
2021-07-28T09:16:34,1700.0,32.6,S
2021-07-28T09:16:32,400.0,32.6,S
2021-07-28T09:16:25,100.0,32.6,S
2021-07-28T09:16:23,1000.0,32.6,S
2021-07-28T09:16:18,500.0,32.65,B
2021-07-28T09:16:11,500.0,32.6,S
2021-07-28T09:16:08,200.0,32.7,B
2021-07-28T09:16:08,3000.0,32.6,S
2021-07-28T09:16:02,100.0,32.6,S
2021-07-28T09:16:00,100.0,32.6,S
2021-07-28T09:15:54,100.0,32.6,S
2021-07-28T09:15:49,3500.0,32.6,B
2021-07-28T09:15:33,100.0,32.6,B
2021-07-28T09:15:30,100.0,32.5,S
2021-07-28T09:15:20,10000.0,32.5,S
2021-07-28T09:15:18,6000.0,32.5,S
