tradingTime,volume,price,side
2021-07-28T09:56:05,500.0,35.6,B
2021-07-28T09:56:02,1400.0,35.6,B
2021-07-28T09:55:48,500.0,35.6,B
2021-07-28T09:55:04,200.0,35.55,B
2021-07-28T09:55:00,300.0,35.55,B
2021-07-28T09:54:57,500.0,35.55,B
2021-07-28T09:54:52,200.0,35.55,B
2021-07-28T09:54:39,100.0,35.55,S
2021-07-28T09:54:30,100.0,35.55,S
2021-07-28T09:54:29,900.0,35.55,S
2021-07-28T09:54:28,400.0,35.55,S
2021-07-28T09:54:27,200.0,35.55,S
2021-07-28T09:54:25,100.0,35.6,B
2021-07-28T09:54:21,1000.0,35.6,B
2021-07-28T09:54:21,900.0,35.6,B
2021-07-28T09:54:16,800.0,35.6,S
2021-07-28T09:54:13,1000.0,35.6,S
2021-07-28T09:54:11,700.0,35.6,S
2021-07-28T09:54:06,1200.0,35.6,S
2021-07-28T09:54:06,500.0,35.6,S
2021-07-28T09:54:06,300.0,35.6,S
2021-07-28T09:53:44,2900.0,35.6,S
2021-07-28T09:53:44,100.0,35.6,S
2021-07-28T09:53:34,200.0,35.65,B
2021-07-28T09:53:32,8000.0,35.6,S
2021-07-28T09:53:26,600.0,35.65,S
2021-07-28T09:53:25,1400.0,35.65,B
2021-07-28T09:53:23,1000.0,35.65,B
2021-07-28T09:53:23,500.0,35.65,B
2021-07-28T09:53:16,500.0,35.65,B
2021-07-28T09:53:09,1000.0,35.65,B
2021-07-28T09:53:05,300.0,35.65,B
2021-07-28T09:52:58,100.0,35.65,B
2021-07-28T09:52:54,500.0,35.65,B
2021-07-28T09:52:45,600.0,35.65,B
2021-07-28T09:52:41,2000.0,35.65,B
2021-07-28T09:52:41,1000.0,35.65,B
2021-07-28T09:52:09,1000.0,35.65,B
2021-07-28T09:52:06,100.0,35.65,B
2021-07-28T09:51:53,200.0,35.65,B
2021-07-28T09:51:39,300.0,35.65,B
2021-07-28T09:51:39,100.0,35.65,B
2021-07-28T09:51:33,200.0,35.65,B
2021-07-28T09:51:32,200.0,35.65,B
2021-07-28T09:51:30,500.0,35.65,B
2021-07-28T09:51:26,1000.0,35.65,S
2021-07-28T09:51:26,600.0,35.65,S
2021-07-28T09:51:24,2100.0,35.65,S
2021-07-28T09:51:23,100.0,35.65,S
2021-07-28T09:51:13,100.0,35.7,B
2021-07-28T09:50:59,500.0,35.65,S
2021-07-28T09:50:53,300.0,35.7,B
2021-07-28T09:50:42,2000.0,35.7,B
2021-07-28T09:50:34,500.0,35.65,S
2021-07-28T09:50:28,400.0,35.7,B
2021-07-28T09:50:27,2000.0,35.7,B
2021-07-28T09:50:21,5000.0,35.7,B
2021-07-28T09:50:05,400.0,35.65,B
2021-07-28T09:50:05,2000.0,35.65,B
2021-07-28T09:49:53,5000.0,35.65,B
2021-07-28T09:49:51,500.0,35.65,B
2021-07-28T09:49:41,3200.0,35.65,S
2021-07-28T09:49:38,500.0,35.7,B
2021-07-28T09:49:36,2600.0,35.7,B
2021-07-28T09:49:31,1800.0,35.65,B
2021-07-28T09:49:28,800.0,35.65,B
2021-07-28T09:49:22,500.0,35.65,B
2021-07-28T09:49:10,500.0,35.65,B
2021-07-28T09:49:09,5000.0,35.65,B
2021-07-28T09:49:03,200.0,35.65,B
2021-07-28T09:48:53,100.0,35.65,B
2021-07-28T09:48:51,10000.0,35.6,B
2021-07-28T09:48:22,500.0,35.6,B
2021-07-28T09:48:11,1100.0,35.6,B
2021-07-28T09:48:07,400.0,35.6,B
2021-07-28T09:48:05,1000.0,35.6,B
2021-07-28T09:48:01,4400.0,35.6,B
2021-07-28T09:48:01,600.0,35.6,B
2021-07-28T09:47:56,200.0,35.6,B
2021-07-28T09:47:47,100.0,35.6,B
2021-07-28T09:47:44,100.0,35.6,B
2021-07-28T09:47:41,5000.0,35.6,B
2021-07-28T09:47:35,100.0,35.6,B
2021-07-28T09:47:31,500.0,35.6,B
2021-07-28T09:47:31,100.0,35.6,B
2021-07-28T09:47:20,100.0,35.6,B
2021-07-28T09:47:14,2000.0,35.6,B
2021-07-28T09:46:57,100.0,35.6,B
2021-07-28T09:46:55,2000.0,35.6,B
2021-07-28T09:46:36,100.0,35.6,B
2021-07-28T09:46:34,1400.0,35.6,B
2021-07-28T09:46:11,100.0,35.6,B
2021-07-28T09:46:03,300.0,35.6,S
2021-07-28T09:46:03,100.0,35.6,S
2021-07-28T09:46:03,100.0,35.6,S
2021-07-28T09:45:59,900.0,35.6,S
2021-07-28T09:45:59,2100.0,35.6,S
2021-07-28T09:45:59,5100.0,35.6,S
2021-07-28T09:45:59,1900.0,35.6,S
2021-07-28T09:45:59,100.0,35.65,B
2021-07-28T09:45:59,1000.0,35.6,S
2021-07-28T09:45:53,1000.0,35.65,B
2021-07-28T09:45:50,10000.0,35.6,S
2021-07-28T09:45:40,200.0,35.65,B
2021-07-28T09:45:38,100.0,35.65,B
2021-07-28T09:45:30,100.0,35.65,B
2021-07-28T09:45:29,3000.0,35.65,B
2021-07-28T09:45:22,1700.0,35.65,B
2021-07-28T09:45:15,100.0,35.65,B
2021-07-28T09:45:12,1800.0,35.65,B
2021-07-28T09:45:06,2000.0,35.65,B
2021-07-28T09:45:00,2100.0,35.65,S
2021-07-28T09:45:00,700.0,35.65,S
2021-07-28T09:44:55,100.0,35.65,S
2021-07-28T09:44:54,300.0,35.7,B
2021-07-28T09:44:48,1000.0,35.65,S
2021-07-28T09:44:38,3000.0,35.65,B
2021-07-28T09:44:35,1000.0,35.65,B
2021-07-28T09:44:30,5000.0,35.65,B
2021-07-28T09:44:14,700.0,35.65,B
2021-07-28T09:44:05,100.0,35.65,B
2021-07-28T09:43:59,500.0,35.6,S
2021-07-28T09:43:56,3500.0,35.65,B
2021-07-28T09:43:42,200.0,35.65,B
2021-07-28T09:43:41,100.0,35.65,B
2021-07-28T09:43:39,200.0,35.65,B
2021-07-28T09:43:35,200.0,35.65,S
2021-07-28T09:43:23,10000.0,35.7,B
2021-07-28T09:43:19,100.0,35.65,B
2021-07-28T09:43:14,200.0,35.65,B
2021-07-28T09:43:12,1000.0,35.65,B
2021-07-28T09:43:10,200.0,35.65,B
2021-07-28T09:42:58,2000.0,35.65,B
2021-07-28T09:42:52,200.0,35.65,B
2021-07-28T09:42:50,100.0,35.6,S
2021-07-28T09:42:48,10000.0,35.6,S
2021-07-28T09:42:48,4000.0,35.6,B
2021-07-28T09:42:47,600.0,35.6,B
2021-07-28T09:42:47,100.0,35.6,B
2021-07-28T09:42:46,2200.0,35.6,B
2021-07-28T09:42:44,200.0,35.6,B
2021-07-28T09:42:41,900.0,35.6,B
2021-07-28T09:42:41,3000.0,35.5,S
2021-07-28T09:42:36,4000.0,35.6,B
2021-07-28T09:42:35,300.0,35.6,B
2021-07-28T09:42:24,100.0,35.6,B
2021-07-28T09:42:23,4000.0,35.6,B
2021-07-28T09:42:23,2000.0,35.6,B
2021-07-28T09:42:20,1400.0,35.6,B
2021-07-28T09:42:17,100.0,35.6,B
2021-07-28T09:42:07,100.0,35.6,S
2021-07-28T09:42:02,2600.0,35.65,B
2021-07-28T09:42:00,1000.0,35.65,B
2021-07-28T09:41:55,3000.0,35.7,B
2021-07-28T09:41:53,200.0,35.6,B
2021-07-28T09:41:48,100.0,35.65,B
2021-07-28T09:41:47,200.0,35.6,B
2021-07-28T09:41:41,800.0,35.6,S
2021-07-28T09:41:14,1000.0,35.6,B
2021-07-28T09:41:14,100.0,35.6,B
2021-07-28T09:41:14,3100.0,35.6,B
2021-07-28T09:41:10,10000.0,35.5,S
2021-07-28T09:41:03,5000.0,35.5,S
2021-07-28T09:41:01,1000.0,35.5,B
2021-07-28T09:41:01,100.0,35.5,B
2021-07-28T09:41:01,14600.0,35.5,B
2021-07-28T09:41:01,1100.0,35.5,B
2021-07-28T09:41:01,1500.0,35.5,B
2021-07-28T09:41:01,21500.0,35.5,B
2021-07-28T09:41:01,10000.0,35.5,B
2021-07-28T09:40:57,3000.0,35.5,B
2021-07-28T09:40:54,100.0,35.5,B
2021-07-28T09:40:52,100.0,35.45,S
2021-07-28T09:40:42,100.0,35.5,B
2021-07-28T09:40:34,1000.0,35.45,S
2021-07-28T09:40:29,200.0,35.45,S
2021-07-28T09:40:25,200.0,35.45,B
2021-07-28T09:40:24,10800.0,35.45,B
2021-07-28T09:40:24,9400.0,35.4,S
2021-07-28T09:40:23,1000.0,35.45,B
2021-07-28T09:40:16,500.0,35.45,B
2021-07-28T09:40:10,1400.0,35.45,B
2021-07-28T09:40:04,300.0,35.45,S
2021-07-28T09:39:57,1000.0,35.45,S
2021-07-28T09:39:55,1000.0,35.45,S
2021-07-28T09:39:49,100.0,35.45,S
2021-07-28T09:39:48,100.0,35.45,S
2021-07-28T09:39:33,400.0,35.45,S
2021-07-28T09:39:27,500.0,35.5,B
2021-07-28T09:39:27,800.0,35.5,B
2021-07-28T09:39:19,500.0,35.5,B
2021-07-28T09:39:17,1400.0,35.5,B
2021-07-28T09:39:13,600.0,35.4,S
2021-07-28T09:39:12,200.0,35.4,S
2021-07-28T09:39:10,500.0,35.4,S
2021-07-28T09:39:08,300.0,35.4,B
2021-07-28T09:39:05,100.0,35.4,S
2021-07-28T09:39:01,200.0,35.4,B
2021-07-28T09:38:57,500.0,35.4,B
2021-07-28T09:38:54,4300.0,35.4,S
2021-07-28T09:38:46,1000.0,35.4,B
2021-07-28T09:38:46,900.0,35.4,B
2021-07-28T09:38:44,100.0,35.4,B
2021-07-28T09:38:34,100.0,35.35,S
2021-07-28T09:38:34,1000.0,35.4,B
2021-07-28T09:38:32,1000.0,35.4,B
2021-07-28T09:38:29,1000.0,35.4,B
2021-07-28T09:38:19,1000.0,35.4,B
2021-07-28T09:38:17,100.0,35.35,S
2021-07-28T09:38:09,3000.0,35.4,B
2021-07-28T09:38:08,500.0,35.4,B
2021-07-28T09:38:05,1000.0,35.35,S
2021-07-28T09:37:59,100.0,35.4,B
2021-07-28T09:37:57,1000.0,35.4,B
2021-07-28T09:37:50,200.0,35.4,B
2021-07-28T09:37:49,2000.0,35.4,B
2021-07-28T09:37:47,2700.0,35.4,S
2021-07-28T09:37:45,200.0,35.4,S
2021-07-28T09:37:40,100.0,35.4,S
2021-07-28T09:37:38,100.0,35.4,S
2021-07-28T09:37:35,2000.0,35.4,S
2021-07-28T09:37:34,4900.0,35.4,B
2021-07-28T09:37:32,700.0,35.35,S
2021-07-28T09:37:10,100.0,35.3,S
2021-07-28T09:37:10,1400.0,35.3,S
2021-07-28T09:37:10,5100.0,35.3,S
2021-07-28T09:37:10,300.0,35.3,S
2021-07-28T09:37:10,1000.0,35.3,S
2021-07-28T09:37:10,1500.0,35.35,S
2021-07-28T09:37:10,100.0,35.35,S
2021-07-28T09:37:10,40500.0,35.35,S
2021-07-28T09:36:53,400.0,35.4,B
2021-07-28T09:36:40,1100.0,35.35,S
2021-07-28T09:36:33,300.0,35.35,S
2021-07-28T09:36:27,500.0,35.35,S
2021-07-28T09:36:19,3000.0,35.35,S
2021-07-28T09:36:19,100.0,35.5,B
2021-07-28T09:36:11,100.0,35.5,B
2021-07-28T09:36:11,1000.0,35.35,S
2021-07-28T09:36:04,600.0,35.35,S
2021-07-28T09:35:59,200.0,35.3,S
2021-07-28T09:35:59,2000.0,35.3,S
2021-07-28T09:35:59,1800.0,35.3,S
2021-07-28T09:35:59,200.0,35.3,S
2021-07-28T09:35:59,3500.0,35.3,S
2021-07-28T09:35:59,3200.0,35.3,S
2021-07-28T09:35:59,4000.0,35.3,S
2021-07-28T09:35:54,1500.0,35.3,S
2021-07-28T09:35:48,900.0,35.3,S
2021-07-28T09:35:31,10000.0,35.3,S
2021-07-28T09:35:29,1000.0,35.4,B
2021-07-28T09:35:29,200.0,35.4,B
2021-07-28T09:35:19,100.0,35.3,S
2021-07-28T09:35:19,3100.0,35.3,S
2021-07-28T09:35:18,200.0,35.3,B
2021-07-28T09:35:18,6400.0,35.3,S
2021-07-28T09:35:18,300.0,35.3,S
2021-07-28T09:35:15,1000.0,35.3,S
2021-07-28T09:35:09,7000.0,35.3,S
2021-07-28T09:35:06,3000.0,35.3,S
2021-07-28T09:35:03,100.0,35.3,S
2021-07-28T09:35:02,1000.0,35.4,B
2021-07-28T09:35:02,400.0,35.3,B
2021-07-28T09:35:02,200.0,35.3,B
2021-07-28T09:35:02,3000.0,35.3,B
2021-07-28T09:34:58,200.0,35.25,S
2021-07-28T09:34:53,2400.0,35.3,B
2021-07-28T09:34:52,200.0,35.2,S
2021-07-28T09:34:51,1400.0,35.2,S
2021-07-28T09:34:51,100.0,35.25,S
2021-07-28T09:34:48,400.0,35.25,S
2021-07-28T09:34:48,200.0,35.25,S
2021-07-28T09:34:47,5000.0,35.3,B
2021-07-28T09:34:46,1000.0,35.3,B
2021-07-28T09:34:45,100.0,35.3,B
2021-07-28T09:34:45,100.0,35.3,B
2021-07-28T09:34:43,1000.0,35.3,B
2021-07-28T09:34:42,100.0,35.3,B
2021-07-28T09:34:33,200.0,35.3,B
2021-07-28T09:34:32,300.0,35.2,S
2021-07-28T09:34:32,100.0,35.25,S
2021-07-28T09:34:26,2400.0,35.3,S
2021-07-28T09:34:24,700.0,35.3,S
2021-07-28T09:34:21,100.0,35.2,S
2021-07-28T09:34:21,5000.0,35.2,S
2021-07-28T09:34:18,2600.0,35.3,B
2021-07-28T09:34:17,2000.0,35.3,S
2021-07-28T09:34:17,1000.0,35.3,S
2021-07-28T09:34:17,1600.0,35.3,S
2021-07-28T09:34:16,2900.0,35.3,S
2021-07-28T09:34:11,900.0,35.3,S
2021-07-28T09:34:11,100.0,35.3,S
2021-07-28T09:34:11,1000.0,35.3,S
2021-07-28T09:34:11,500.0,35.3,S
2021-07-28T09:34:11,4100.0,35.3,S
2021-07-28T09:34:11,5200.0,35.3,S
2021-07-28T09:34:11,100.0,35.3,S
2021-07-28T09:34:11,200.0,35.3,S
2021-07-28T09:34:11,100.0,35.3,S
2021-07-28T09:34:11,700.0,35.3,S
2021-07-28T09:34:11,3100.0,35.3,S
2021-07-28T09:34:11,1600.0,35.3,S
2021-07-28T09:34:11,2400.0,35.3,S
2021-07-28T09:34:03,200.0,35.3,S
2021-07-28T09:34:03,1500.0,35.3,S
2021-07-28T09:34:03,2900.0,35.3,S
2021-07-28T09:34:03,200.0,35.4,B
2021-07-28T09:34:02,11800.0,35.3,S
2021-07-28T09:34:00,3000.0,35.3,S
2021-07-28T09:33:59,100.0,35.4,B
2021-07-28T09:33:40,2600.0,35.3,S
2021-07-28T09:33:40,100.0,35.35,S
2021-07-28T09:33:40,3400.0,35.35,S
2021-07-28T09:33:40,2100.0,35.35,S
2021-07-28T09:33:40,12000.0,35.35,S
2021-07-28T09:33:40,5700.0,35.35,S
2021-07-28T09:33:40,2900.0,35.4,S
2021-07-28T09:33:40,5700.0,35.4,S
2021-07-28T09:33:40,1300.0,35.4,S
2021-07-28T09:33:40,500.0,35.4,S
2021-07-28T09:33:40,2800.0,35.4,S
2021-07-28T09:33:40,4300.0,35.4,S
2021-07-28T09:33:40,6600.0,35.4,S
2021-07-28T09:33:39,300.0,35.4,S
2021-07-28T09:33:38,100.0,35.4,S
2021-07-28T09:33:37,1000.0,35.4,S
2021-07-28T09:33:37,100.0,35.4,S
2021-07-28T09:33:29,2400.0,35.4,S
2021-07-28T09:33:29,1100.0,35.4,S
2021-07-28T09:33:29,1300.0,35.4,S
2021-07-28T09:33:29,5200.0,35.4,S
2021-07-28T09:33:16,100.0,35.4,S
2021-07-28T09:33:13,1100.0,35.4,S
2021-07-28T09:33:06,1300.0,35.4,S
2021-07-28T09:33:05,1000.0,35.5,B
2021-07-28T09:33:02,100.0,35.5,B
2021-07-28T09:33:02,5000.0,35.4,S
2021-07-28T09:32:57,1800.0,35.4,S
2021-07-28T09:32:57,6000.0,35.4,S
2021-07-28T09:32:57,1900.0,35.4,S
2021-07-28T09:32:56,600.0,35.5,B
2021-07-28T09:32:54,1000.0,35.4,S
2021-07-28T09:32:42,100.0,35.5,B
2021-07-28T09:32:41,4100.0,35.4,S
2021-07-28T09:32:41,200.0,35.4,S
2021-07-28T09:32:41,15700.0,35.45,S
2021-07-28T09:32:39,600.0,35.5,S
2021-07-28T09:32:39,700.0,35.5,S
2021-07-28T09:32:39,4100.0,35.5,S
2021-07-28T09:32:39,1600.0,35.5,S
2021-07-28T09:32:39,13700.0,35.5,S
2021-07-28T09:32:39,300.0,35.5,S
2021-07-28T09:32:39,2400.0,35.5,S
2021-07-28T09:32:39,100.0,35.5,S
2021-07-28T09:32:39,100.0,35.5,S
2021-07-28T09:32:39,1200.0,35.5,S
2021-07-28T09:32:39,800.0,35.5,S
2021-07-28T09:32:39,4100.0,35.5,S
2021-07-28T09:32:39,2000.0,35.5,S
2021-07-28T09:32:39,6200.0,35.5,S
2021-07-28T09:32:39,2400.0,35.5,S
2021-07-28T09:32:39,400.0,35.5,S
2021-07-28T09:32:39,2600.0,35.5,S
2021-07-28T09:32:38,100.0,35.5,S
2021-07-28T09:32:37,2000.0,35.5,S
2021-07-28T09:32:28,400.0,35.5,S
2021-07-28T09:32:23,7500.0,35.5,S
2021-07-28T09:32:15,200.0,35.6,B
2021-07-28T09:32:10,1000.0,35.6,B
2021-07-28T09:32:08,600.0,35.5,S
2021-07-28T09:32:08,200.0,35.5,S
2021-07-28T09:32:08,700.0,35.5,S
2021-07-28T09:32:08,700.0,35.55,S
2021-07-28T09:32:08,200.0,35.55,S
2021-07-28T09:31:56,1800.0,35.6,B
2021-07-28T09:31:54,100.0,35.6,B
2021-07-28T09:31:52,300.0,35.6,B
2021-07-28T09:31:17,700.0,35.6,B
2021-07-28T09:31:10,100.0,35.6,B
2021-07-28T09:31:10,3000.0,35.5,S
2021-07-28T09:31:09,10000.0,35.5,S
2021-07-28T09:31:00,100.0,35.6,B
2021-07-28T09:30:58,400.0,35.6,S
2021-07-28T09:30:58,900.0,35.6,S
2021-07-28T09:30:47,2600.0,35.6,S
2021-07-28T09:30:47,4300.0,35.6,S
2021-07-28T09:30:47,2000.0,35.6,S
2021-07-28T09:30:47,1000.0,35.6,S
2021-07-28T09:30:47,2100.0,35.6,S
2021-07-28T09:30:36,2000.0,35.65,S
2021-07-28T09:30:36,800.0,35.65,S
2021-07-28T09:30:32,400.0,35.65,S
2021-07-28T09:30:32,2600.0,35.65,S
2021-07-28T09:30:32,700.0,35.65,S
2021-07-28T09:30:32,100.0,35.65,S
2021-07-28T09:30:31,700.0,35.65,S
2021-07-28T09:30:23,10000.0,35.65,S
2021-07-28T09:30:19,100.0,35.7,B
2021-07-28T09:30:02,100.0,35.7,B
2021-07-28T09:29:59,100.0,35.7,B
2021-07-28T09:29:49,700.0,35.7,S
2021-07-28T09:29:49,1400.0,35.7,S
2021-07-28T09:29:49,1900.0,35.7,S
2021-07-28T09:29:48,2000.0,35.7,S
2021-07-28T09:29:36,200.0,35.7,S
2021-07-28T09:29:18,100.0,35.7,S
2021-07-28T09:29:18,800.0,35.7,B
2021-07-28T09:29:03,500.0,35.7,S
2021-07-28T09:29:03,100.0,35.75,B
2021-07-28T09:28:48,5000.0,35.65,S
2021-07-28T09:28:46,100.0,35.75,B
2021-07-28T09:28:38,1700.0,35.7,B
2021-07-28T09:28:37,100.0,35.65,S
2021-07-28T09:28:37,100.0,35.7,B
2021-07-28T09:28:36,200.0,35.7,S
2021-07-28T09:28:33,800.0,35.7,S
2021-07-28T09:28:30,2400.0,35.7,S
2021-07-28T09:28:03,9800.0,35.7,B
2021-07-28T09:27:33,5000.0,35.7,B
2021-07-28T09:27:28,1000.0,35.65,S
2021-07-28T09:27:21,200.0,35.7,B
2021-07-28T09:27:17,100.0,35.7,B
2021-07-28T09:27:15,1000.0,35.65,S
2021-07-28T09:27:11,1000.0,35.7,B
2021-07-28T09:27:09,1000.0,35.7,B
2021-07-28T09:27:06,200.0,35.7,S
2021-07-28T09:27:02,100.0,35.7,B
2021-07-28T09:27:02,100.0,35.7,B
2021-07-28T09:27:02,100.0,35.7,B
2021-07-28T09:27:02,1000.0,35.7,B
2021-07-28T09:26:55,3000.0,35.7,B
2021-07-28T09:26:51,200.0,35.7,B
2021-07-28T09:26:50,1500.0,35.7,B
2021-07-28T09:26:45,2000.0,35.7,B
2021-07-28T09:26:45,1000.0,35.7,B
2021-07-28T09:26:45,100.0,35.7,B
2021-07-28T09:26:44,200.0,35.7,B
2021-07-28T09:26:43,2000.0,35.7,B
2021-07-28T09:26:28,1000.0,35.7,B
2021-07-28T09:26:23,1500.0,35.7,B
2021-07-28T09:26:06,100.0,35.7,B
2021-07-28T09:26:02,100.0,35.65,B
2021-07-28T09:26:02,2200.0,35.6,S
2021-07-28T09:26:02,2800.0,35.6,S
2021-07-28T09:25:57,100.0,35.65,B
2021-07-28T09:25:53,500.0,35.7,B
2021-07-28T09:25:50,500.0,35.7,B
2021-07-28T09:25:48,2000.0,35.7,B
2021-07-28T09:25:45,2000.0,35.6,S
2021-07-28T09:25:44,400.0,35.65,S
2021-07-28T09:25:35,700.0,35.65,B
2021-07-28T09:25:35,1500.0,35.65,B
2021-07-28T09:25:35,1300.0,35.65,B
2021-07-28T09:25:35,1000.0,35.6,S
2021-07-28T09:25:26,500.0,35.6,S
2021-07-28T09:25:24,100.0,35.6,S
2021-07-28T09:25:16,2600.0,35.6,B
2021-07-28T09:25:16,100.0,35.6,B
2021-07-28T09:25:16,1700.0,35.6,B
2021-07-28T09:25:16,4100.0,35.6,B
2021-07-28T09:25:15,100.0,35.6,B
2021-07-28T09:25:08,300.0,35.55,S
2021-07-28T09:25:06,2000.0,35.6,B
2021-07-28T09:24:59,1000.0,35.6,B
2021-07-28T09:24:59,200.0,35.55,S
2021-07-28T09:24:58,1000.0,35.6,B
2021-07-28T09:24:45,5000.0,35.6,B
2021-07-28T09:24:42,200.0,35.6,B
2021-07-28T09:24:41,600.0,35.55,S
2021-07-28T09:24:38,500.0,35.6,B
2021-07-28T09:24:35,200.0,35.6,B
2021-07-28T09:24:34,1000.0,35.6,B
2021-07-28T09:24:34,1900.0,35.6,S
2021-07-28T09:24:34,1400.0,35.6,S
2021-07-28T09:24:34,1000.0,35.6,S
2021-07-28T09:24:34,200.0,35.6,S
2021-07-28T09:24:34,1300.0,35.6,S
2021-07-28T09:24:34,700.0,35.6,S
2021-07-28T09:24:34,2000.0,35.6,S
2021-07-28T09:24:34,2700.0,35.6,S
2021-07-28T09:24:34,2300.0,35.6,S
2021-07-28T09:24:23,500.0,35.65,B
2021-07-28T09:24:19,400.0,35.6,S
2021-07-28T09:24:08,500.0,35.65,B
2021-07-28T09:24:08,100.0,35.65,B
2021-07-28T09:23:55,100.0,35.65,B
2021-07-28T09:23:51,2200.0,35.65,S
2021-07-28T09:23:48,500.0,35.7,B
2021-07-28T09:23:45,300.0,35.7,B
2021-07-28T09:23:42,200.0,35.65,S
2021-07-28T09:23:36,700.0,35.65,B
2021-07-28T09:23:34,200.0,35.65,B
2021-07-28T09:23:34,6000.0,35.65,S
2021-07-28T09:23:29,100.0,35.7,B
2021-07-28T09:23:28,300.0,35.7,B
2021-07-28T09:23:21,200.0,35.7,B
2021-07-28T09:23:19,2000.0,35.65,S
2021-07-28T09:23:15,9200.0,35.7,S
2021-07-28T09:23:04,300.0,35.8,S
2021-07-28T09:22:59,1300.0,35.7,S
2021-07-28T09:22:59,3700.0,35.7,S
2021-07-28T09:22:58,500.0,35.9,B
2021-07-28T09:22:55,5200.0,35.8,S
2021-07-28T09:22:48,100.0,35.9,B
2021-07-28T09:22:42,100.0,35.8,S
2021-07-28T09:22:38,10000.0,35.8,S
2021-07-28T09:22:35,1000.0,35.9,B
2021-07-28T09:22:25,200.0,35.9,B
2021-07-28T09:22:23,500.0,35.9,B
2021-07-28T09:22:22,500.0,35.9,S
2021-07-28T09:22:22,1000.0,35.9,S
2021-07-28T09:22:22,6000.0,35.9,S
2021-07-28T09:22:20,300.0,36.0,B
2021-07-28T09:22:20,100.0,36.0,B
2021-07-28T09:22:15,200.0,36.0,B
2021-07-28T09:22:08,5000.0,36.0,B
2021-07-28T09:22:04,2000.0,35.9,B
2021-07-28T09:21:58,1000.0,35.9,B
2021-07-28T09:21:55,1000.0,35.9,B
2021-07-28T09:21:53,100.0,35.8,S
2021-07-28T09:21:50,200.0,35.8,B
2021-07-28T09:21:48,200.0,35.8,B
2021-07-28T09:21:47,500.0,35.8,B
2021-07-28T09:21:46,500.0,35.8,B
2021-07-28T09:21:43,3000.0,35.8,B
2021-07-28T09:21:42,100.0,35.8,B
2021-07-28T09:21:41,400.0,35.8,B
2021-07-28T09:21:38,10000.0,35.8,B
2021-07-28T09:21:38,100.0,35.8,B
2021-07-28T09:21:35,100.0,35.8,B
2021-07-28T09:21:33,500.0,35.8,B
2021-07-28T09:21:30,500.0,35.8,B
2021-07-28T09:21:25,2000.0,35.8,B
2021-07-28T09:21:23,200.0,35.8,B
2021-07-28T09:21:13,1600.0,35.7,S
2021-07-28T09:21:12,1000.0,35.65,S
2021-07-28T09:21:11,1000.0,35.65,S
2021-07-28T09:21:10,600.0,35.7,B
2021-07-28T09:21:05,1800.0,35.7,B
2021-07-28T09:21:05,100.0,35.7,B
2021-07-28T09:21:05,100.0,35.7,B
2021-07-28T09:21:05,5000.0,35.7,B
2021-07-28T09:21:00,1000.0,35.7,B
2021-07-28T09:21:00,500.0,35.7,B
2021-07-28T09:21:00,1000.0,35.7,B
2021-07-28T09:20:52,200.0,35.65,S
2021-07-28T09:20:48,200.0,35.65,S
2021-07-28T09:20:44,400.0,35.65,B
2021-07-28T09:20:41,500.0,35.65,B
2021-07-28T09:20:40,100.0,35.65,B
2021-07-28T09:20:38,2000.0,35.65,S
2021-07-28T09:20:34,1000.0,35.7,B
2021-07-28T09:20:34,100.0,35.7,B
2021-07-28T09:20:31,200.0,35.65,B
2021-07-28T09:20:31,100.0,35.65,B
2021-07-28T09:20:31,1000.0,35.65,B
2021-07-28T09:20:31,2000.0,35.65,B
2021-07-28T09:20:31,1000.0,35.65,B
2021-07-28T09:20:28,1900.0,35.65,B
2021-07-28T09:20:28,300.0,35.65,B
2021-07-28T09:20:26,3000.0,35.65,B
2021-07-28T09:20:25,100.0,35.65,B
2021-07-28T09:20:22,400.0,35.6,S
2021-07-28T09:20:22,100.0,35.6,S
2021-07-28T09:20:19,400.0,35.65,B
2021-07-28T09:20:19,100.0,35.65,B
2021-07-28T09:20:19,1600.0,35.65,B
2021-07-28T09:20:12,2500.0,35.6,S
2021-07-28T09:20:10,200.0,35.65,B
2021-07-28T09:20:04,500.0,35.6,S
2021-07-28T09:19:59,1000.0,35.6,S
2021-07-28T09:19:59,900.0,35.6,B
2021-07-28T09:19:56,100.0,35.6,B
2021-07-28T09:19:55,100.0,35.6,B
2021-07-28T09:19:55,200.0,35.6,B
2021-07-28T09:19:54,100.0,35.6,B
2021-07-28T09:19:53,100.0,35.6,B
2021-07-28T09:19:43,200.0,35.6,B
2021-07-28T09:19:41,500.0,35.5,S
2021-07-28T09:19:37,500.0,35.5,S
2021-07-28T09:19:33,100.0,35.55,B
2021-07-28T09:19:30,100.0,35.5,S
2021-07-28T09:19:29,100.0,35.5,S
2021-07-28T09:19:26,100.0,35.5,S
2021-07-28T09:19:26,4200.0,35.5,B
2021-07-28T09:19:22,100.0,35.5,B
2021-07-28T09:19:22,800.0,35.5,B
2021-07-28T09:19:22,700.0,35.5,B
2021-07-28T09:19:22,5100.0,35.5,B
2021-07-28T09:19:22,3300.0,35.5,B
2021-07-28T09:19:17,10000.0,35.5,B
2021-07-28T09:19:12,3000.0,35.45,S
2021-07-28T09:19:06,700.0,35.45,S
2021-07-28T09:19:01,1600.0,35.5,B
2021-07-28T09:18:55,200.0,35.45,S
2021-07-28T09:18:54,5000.0,35.5,B
2021-07-28T09:18:51,100.0,35.45,S
2021-07-28T09:18:51,1500.0,35.5,B
2021-07-28T09:18:47,100.0,35.4,S
2021-07-28T09:18:47,100.0,35.4,S
2021-07-28T09:18:45,1000.0,35.4,S
2021-07-28T09:18:40,500.0,35.45,S
2021-07-28T09:18:40,3200.0,35.45,B
2021-07-28T09:18:39,600.0,35.45,B
2021-07-28T09:18:38,600.0,35.45,B
2021-07-28T09:18:35,600.0,35.45,B
2021-07-28T09:18:34,1000.0,35.45,B
2021-07-28T09:18:34,1800.0,35.4,S
2021-07-28T09:18:26,200.0,35.4,S
2021-07-28T09:18:25,300.0,35.45,B
2021-07-28T09:18:23,1100.0,35.4,S
2021-07-28T09:18:20,100.0,35.45,B
2021-07-28T09:18:19,300.0,35.45,S
2021-07-28T09:18:18,200.0,35.45,S
2021-07-28T09:18:15,300.0,35.45,S
2021-07-28T09:18:09,2900.0,35.35,S
2021-07-28T09:18:09,600.0,35.4,S
2021-07-28T09:18:09,6500.0,35.4,S
2021-07-28T09:18:08,100.0,35.5,B
2021-07-28T09:18:05,1200.0,35.4,S
2021-07-28T09:18:05,800.0,35.45,S
2021-07-28T09:18:01,100.0,35.45,S
2021-07-28T09:17:53,100.0,35.45,B
2021-07-28T09:17:45,400.0,35.4,B
2021-07-28T09:17:44,2000.0,35.4,B
2021-07-28T09:17:40,3000.0,35.4,B
2021-07-28T09:17:39,100.0,35.4,B
2021-07-28T09:17:39,500.0,35.4,B
2021-07-28T09:17:38,3000.0,35.3,S
2021-07-28T09:17:34,1000.0,35.4,B
2021-07-28T09:17:31,200.0,35.4,B
2021-07-28T09:17:31,200.0,35.4,B
2021-07-28T09:17:29,2000.0,35.3,S
2021-07-28T09:17:29,200.0,35.3,S
2021-07-28T09:17:27,200.0,35.3,S
2021-07-28T09:17:24,2000.0,35.4,B
2021-07-28T09:17:21,1000.0,35.3,S
2021-07-28T09:17:18,500.0,35.3,S
2021-07-28T09:17:17,1000.0,35.3,S
2021-07-28T09:17:17,3000.0,35.4,B
2021-07-28T09:17:13,100.0,35.3,S
2021-07-28T09:17:13,100.0,35.3,S
2021-07-28T09:17:11,200.0,35.3,S
2021-07-28T09:17:08,200.0,35.3,S
2021-07-28T09:17:08,1200.0,35.3,S
2021-07-28T09:17:00,300.0,35.3,S
2021-07-28T09:16:58,100.0,35.4,B
2021-07-28T09:16:57,200.0,35.3,S
2021-07-28T09:16:54,10000.0,35.4,B
2021-07-28T09:16:52,2000.0,35.4,B
2021-07-28T09:16:51,100.0,35.4,B
2021-07-28T09:16:28,9800.0,35.5,B
2021-07-28T09:16:28,200.0,35.4,B
2021-07-28T09:16:27,300.0,35.4,S
2021-07-28T09:16:23,300.0,35.3,S
2021-07-28T09:16:18,400.0,35.3,B
2021-07-28T09:16:18,100.0,35.4,S
2021-07-28T09:16:18,1700.0,35.3,S
2021-07-28T09:16:18,7300.0,35.3,S
2021-07-28T09:16:17,4000.0,35.5,B
2021-07-28T09:16:16,200.0,35.4,S
2021-07-28T09:16:12,1000.0,35.4,S
2021-07-28T09:16:10,100.0,35.5,B
2021-07-28T09:16:08,5000.0,35.5,B
2021-07-28T09:16:08,100.0,35.5,B
2021-07-28T09:16:06,100.0,35.5,B
2021-07-28T09:16:03,300.0,35.4,S
2021-07-28T09:16:03,200.0,35.4,S
2021-07-28T09:16:03,2300.0,35.5,S
2021-07-28T09:16:03,400.0,35.5,S
2021-07-28T09:16:03,21400.0,35.5,S
2021-07-28T09:16:03,15500.0,35.5,S
2021-07-28T09:16:02,1500.0,35.5,S
2021-07-28T09:16:02,4800.0,35.5,S
2021-07-28T09:16:02,100.0,35.6,S
2021-07-28T09:16:02,800.0,35.6,S
2021-07-28T09:16:02,12900.0,35.6,S
2021-07-28T09:16:00,400.0,35.6,S
2021-07-28T09:16:00,14400.0,35.6,S
2021-07-28T09:15:54,2800.0,35.6,S
2021-07-28T09:15:54,2100.0,35.6,S
2021-07-28T09:15:54,3600.0,35.6,S
2021-07-28T09:15:48,200.0,35.65,B
2021-07-28T09:15:47,1500.0,35.6,S
2021-07-28T09:15:47,1000.0,35.65,B
2021-07-28T09:15:41,1100.0,35.6,S
2021-07-28T09:15:39,5000.0,35.6,S
2021-07-28T09:15:31,100.0,35.65,B
2021-07-28T09:15:29,1000.0,35.65,B
2021-07-28T09:15:28,1000.0,35.65,B
2021-07-28T09:15:26,100.0,35.6,S
2021-07-28T09:15:21,1000.0,35.65,B
2021-07-28T09:15:13,500.0,35.65,B
2021-07-28T09:15:04,1000.0,35.65,B
2021-07-28T09:15:04,100.0,35.6,S
2021-07-28T09:15:04,200.0,35.65,B
2021-07-28T09:15:04,300.0,35.6,S
