tradingTime,volume,price,side
2021-07-28T09:56:25,200.0,10.65,S
2021-07-28T09:56:22,200.0,10.65,S
2021-07-28T09:56:12,500.0,10.7,B
2021-07-28T09:56:02,100.0,10.7,B
2021-07-28T09:55:55,200.0,10.7,B
2021-07-28T09:55:46,500.0,10.7,B
2021-07-28T09:55:36,100.0,10.65,S
2021-07-28T09:55:30,500.0,10.7,B
2021-07-28T09:55:29,100.0,10.7,B
2021-07-28T09:55:27,300.0,10.65,S
2021-07-28T09:55:20,300.0,10.65,S
2021-07-28T09:54:45,1000.0,10.7,B
2021-07-28T09:54:42,500.0,10.7,B
2021-07-28T09:54:41,2500.0,10.7,B
2021-07-28T09:54:28,5000.0,10.7,B
2021-07-28T09:54:20,100.0,10.7,B
2021-07-28T09:54:05,200.0,10.7,B
2021-07-28T09:53:50,5000.0,10.7,B
2021-07-28T09:53:39,100.0,10.7,B
2021-07-28T09:53:24,1500.0,10.7,B
2021-07-28T09:53:21,200.0,10.7,B
2021-07-28T09:53:17,1700.0,10.7,B
2021-07-28T09:52:41,10000.0,10.7,B
2021-07-28T09:52:36,100.0,10.7,B
2021-07-28T09:52:33,100.0,10.7,B
2021-07-28T09:52:20,500.0,10.7,B
2021-07-28T09:52:18,500.0,10.7,B
2021-07-28T09:52:11,1000.0,10.7,B
2021-07-28T09:52:09,100.0,10.7,B
2021-07-28T09:52:01,24000.0,10.7,S
2021-07-28T09:51:56,26100.0,10.7,S
2021-07-28T09:51:56,2200.0,10.7,S
2021-07-28T09:51:56,21700.0,10.7,S
2021-07-28T09:51:56,20600.0,10.7,S
2021-07-28T09:51:56,3000.0,10.7,S
2021-07-28T09:51:55,14300.0,10.7,S
2021-07-28T09:51:55,12100.0,10.7,S
2021-07-28T09:51:44,20000.0,10.75,B
2021-07-28T09:51:23,100.0,10.7,S
2021-07-28T09:51:06,500.0,10.75,B
2021-07-28T09:50:13,200.0,10.75,B
2021-07-28T09:49:53,3500.0,10.75,B
2021-07-28T09:49:49,200.0,10.75,B
2021-07-28T09:49:34,5000.0,10.75,B
2021-07-28T09:49:20,1000.0,10.7,S
2021-07-28T09:49:19,200.0,10.75,B
2021-07-28T09:49:08,1000.0,10.75,B
2021-07-28T09:49:08,200.0,10.75,B
2021-07-28T09:49:00,2800.0,10.75,B
2021-07-28T09:49:00,100.0,10.75,B
2021-07-28T09:48:23,100.0,10.75,B
2021-07-28T09:48:01,600.0,10.75,B
2021-07-28T09:47:50,300.0,10.7,S
2021-07-28T09:47:08,200.0,10.7,S
2021-07-28T09:46:49,5700.0,10.7,B
2021-07-28T09:46:43,6000.0,10.7,B
2021-07-28T09:46:33,10000.0,10.7,B
2021-07-28T09:46:28,800.0,10.7,B
2021-07-28T09:46:25,10000.0,10.7,B
2021-07-28T09:46:21,2000.0,10.7,B
2021-07-28T09:46:19,100.0,10.7,B
2021-07-28T09:46:11,500.0,10.7,B
2021-07-28T09:46:03,100.0,10.7,B
2021-07-28T09:45:55,11600.0,10.7,S
2021-07-28T09:45:55,3700.0,10.7,S
2021-07-28T09:45:50,100.0,10.7,S
2021-07-28T09:45:46,1000.0,10.7,S
2021-07-28T09:45:39,5200.0,10.7,B
2021-07-28T09:45:32,2900.0,10.7,B
2021-07-28T09:45:29,25400.0,10.7,B
2021-07-28T09:45:28,1500.0,10.7,B
2021-07-28T09:45:28,15300.0,10.7,B
2021-07-28T09:45:28,20000.0,10.7,B
2021-07-28T09:45:28,4100.0,10.7,B
2021-07-28T09:45:28,900.0,10.7,B
2021-07-28T09:45:28,1500.0,10.7,B
2021-07-28T09:45:28,2300.0,10.7,B
2021-07-28T09:45:28,29000.0,10.7,B
2021-07-28T09:45:25,500.0,10.7,B
2021-07-28T09:44:55,100.0,10.7,B
2021-07-28T09:44:48,200.0,10.7,B
2021-07-28T09:44:21,5000.0,10.7,B
2021-07-28T09:44:07,10000.0,10.65,S
2021-07-28T09:43:58,100.0,10.65,S
2021-07-28T09:43:51,10000.0,10.65,S
2021-07-28T09:43:38,2100.0,10.7,B
2021-07-28T09:43:37,900.0,10.65,S
2021-07-28T09:43:31,15000.0,10.65,S
2021-07-28T09:43:29,100.0,10.7,B
2021-07-28T09:43:27,5000.0,10.7,B
2021-07-28T09:43:05,700.0,10.7,B
2021-07-28T09:42:44,100.0,10.65,S
2021-07-28T09:42:29,5000.0,10.7,B
2021-07-28T09:42:22,100.0,10.7,B
2021-07-28T09:42:08,1000.0,10.7,B
2021-07-28T09:41:56,1500.0,10.7,B
2021-07-28T09:41:50,5000.0,10.7,B
2021-07-28T09:41:33,300.0,10.7,B
2021-07-28T09:41:30,500.0,10.7,B
2021-07-28T09:41:28,7500.0,10.65,S
2021-07-28T09:41:13,1000.0,10.7,B
2021-07-28T09:41:09,100.0,10.65,S
2021-07-28T09:41:08,1000.0,10.7,B
2021-07-28T09:40:45,200.0,10.7,B
2021-07-28T09:40:30,2000.0,10.65,S
2021-07-28T09:40:13,1000.0,10.7,B
2021-07-28T09:39:43,1000.0,10.7,B
2021-07-28T09:39:41,1300.0,10.65,S
2021-07-28T09:39:27,200.0,10.65,S
2021-07-28T09:39:16,13400.0,10.7,B
2021-07-28T09:39:14,1900.0,10.65,S
2021-07-28T09:39:13,200.0,10.65,S
2021-07-28T09:39:12,100.0,10.65,S
2021-07-28T09:38:53,8200.0,10.65,S
2021-07-28T09:38:35,600.0,10.65,S
2021-07-28T09:38:19,5000.0,10.7,B
2021-07-28T09:38:03,1000.0,10.7,B
2021-07-28T09:37:47,4300.0,10.65,B
2021-07-28T09:37:47,5500.0,10.6,S
2021-07-28T09:37:45,200.0,10.65,B
2021-07-28T09:37:43,100.0,10.65,B
2021-07-28T09:37:40,2000.0,10.65,B
2021-07-28T09:37:40,5000.0,10.65,B
2021-07-28T09:37:39,10000.0,10.65,B
2021-07-28T09:37:37,1000.0,10.65,B
2021-07-28T09:37:37,100.0,10.65,B
2021-07-28T09:37:36,1000.0,10.65,B
2021-07-28T09:37:34,1500.0,10.65,B
2021-07-28T09:37:09,3300.0,10.65,S
2021-07-28T09:37:09,6700.0,10.65,S
2021-07-28T09:37:02,100.0,10.65,S
2021-07-28T09:36:57,200.0,10.65,S
2021-07-28T09:36:57,2300.0,10.65,S
2021-07-28T09:36:50,700.0,10.65,S
2021-07-28T09:36:50,7000.0,10.65,S
2021-07-28T09:36:50,2000.0,10.65,S
2021-07-28T09:36:50,100.0,10.65,S
2021-07-28T09:36:50,10800.0,10.65,S
2021-07-28T09:36:50,30000.0,10.65,S
2021-07-28T09:36:50,21000.0,10.65,S
2021-07-28T09:36:50,16000.0,10.65,S
2021-07-28T09:36:50,14100.0,10.65,S
2021-07-28T09:36:50,1500.0,10.65,S
2021-07-28T09:36:50,6600.0,10.65,S
2021-07-28T09:36:50,5000.0,10.65,S
2021-07-28T09:36:50,1100.0,10.65,S
2021-07-28T09:36:50,2200.0,10.65,S
2021-07-28T09:36:50,25200.0,10.65,S
2021-07-28T09:36:50,800.0,10.65,S
2021-07-28T09:36:50,12600.0,10.65,S
2021-07-28T09:36:50,20500.0,10.65,S
2021-07-28T09:36:50,600.0,10.65,S
2021-07-28T09:36:50,7000.0,10.65,S
2021-07-28T09:36:50,200.0,10.65,S
2021-07-28T09:36:50,4000.0,10.65,S
2021-07-28T09:36:50,700.0,10.65,S
2021-07-28T09:36:50,10100.0,10.65,S
2021-07-28T09:36:50,2600.0,10.65,S
2021-07-28T09:36:50,8000.0,10.65,S
2021-07-28T09:36:50,2100.0,10.65,S
2021-07-28T09:36:50,1200.0,10.65,S
2021-07-28T09:36:50,35700.0,10.65,S
2021-07-28T09:36:36,9200.0,10.65,S
2021-07-28T09:36:29,1000.0,10.65,S
2021-07-28T09:36:29,1600.0,10.65,S
2021-07-28T09:36:14,100.0,10.65,S
2021-07-28T09:36:04,5000.0,10.65,S
2021-07-28T09:35:39,200.0,10.7,B
2021-07-28T09:35:23,200.0,10.7,B
2021-07-28T09:35:14,500.0,10.7,B
2021-07-28T09:34:48,100.0,10.7,B
2021-07-28T09:34:24,1000.0,10.7,B
2021-07-28T09:34:03,9900.0,10.65,S
2021-07-28T09:33:53,2000.0,10.7,B
2021-07-28T09:33:43,3000.0,10.7,B
2021-07-28T09:33:36,2000.0,10.7,B
2021-07-28T09:33:26,100.0,10.7,B
2021-07-28T09:32:56,200.0,10.7,B
2021-07-28T09:32:23,100.0,10.7,B
2021-07-28T09:32:04,100.0,10.7,B
2021-07-28T09:31:59,100.0,10.7,B
2021-07-28T09:31:51,1600.0,10.7,B
2021-07-28T09:31:40,300.0,10.7,B
2021-07-28T09:31:38,500.0,10.65,S
2021-07-28T09:31:38,3000.0,10.65,S
2021-07-28T09:31:23,100.0,10.7,B
2021-07-28T09:31:20,100.0,10.7,B
2021-07-28T09:31:17,100.0,10.7,B
2021-07-28T09:31:09,100.0,10.7,B
2021-07-28T09:31:05,1000.0,10.7,B
2021-07-28T09:30:44,1200.0,10.7,B
2021-07-28T09:30:35,200.0,10.7,B
2021-07-28T09:30:29,300.0,10.7,B
2021-07-28T09:30:18,100.0,10.7,B
2021-07-28T09:29:59,71600.0,10.7,S
2021-07-28T09:29:56,400.0,10.7,S
2021-07-28T09:29:34,6700.0,10.7,S
2021-07-28T09:29:34,300.0,10.7,S
2021-07-28T09:29:30,1000.0,10.7,S
2021-07-28T09:29:29,300.0,10.7,S
2021-07-28T09:29:24,1000.0,10.7,B
2021-07-28T09:29:24,2400.0,10.7,B
2021-07-28T09:29:23,1000.0,10.7,B
2021-07-28T09:29:22,200.0,10.7,B
2021-07-28T09:29:18,100.0,10.7,B
2021-07-28T09:29:08,10000.0,10.7,B
2021-07-28T09:29:04,500.0,10.7,B
2021-07-28T09:29:01,500.0,10.65,S
2021-07-28T09:28:48,100.0,10.7,B
2021-07-28T09:28:46,300.0,10.7,B
2021-07-28T09:28:40,1100.0,10.7,B
2021-07-28T09:28:39,5000.0,10.7,B
2021-07-28T09:28:38,100.0,10.7,B
2021-07-28T09:28:37,100.0,10.7,B
2021-07-28T09:28:35,300.0,10.7,B
2021-07-28T09:28:33,200.0,10.7,B
2021-07-28T09:28:28,1300.0,10.7,B
2021-07-28T09:28:25,100.0,10.7,B
2021-07-28T09:28:18,1000.0,10.7,B
2021-07-28T09:28:17,100.0,10.7,B
2021-07-28T09:28:11,2000.0,10.7,B
2021-07-28T09:28:06,1200.0,10.7,S
2021-07-28T09:28:06,10100.0,10.7,S
2021-07-28T09:28:06,1200.0,10.7,S
2021-07-28T09:28:06,1800.0,10.7,S
2021-07-28T09:28:03,100.0,10.75,B
2021-07-28T09:27:50,1800.0,10.7,S
2021-07-28T09:27:50,1000.0,10.7,S
2021-07-28T09:27:50,400.0,10.7,S
2021-07-28T09:27:50,5300.0,10.7,S
2021-07-28T09:27:50,1000.0,10.7,S
2021-07-28T09:27:50,1100.0,10.7,S
2021-07-28T09:27:50,2700.0,10.7,S
2021-07-28T09:27:50,2000.0,10.7,S
2021-07-28T09:27:50,8900.0,10.7,S
2021-07-28T09:27:50,2000.0,10.7,S
2021-07-28T09:27:50,1100.0,10.7,S
2021-07-28T09:27:50,200.0,10.7,S
2021-07-28T09:27:50,36100.0,10.7,S
2021-07-28T09:27:50,4100.0,10.7,S
2021-07-28T09:27:50,24300.0,10.7,S
2021-07-28T09:27:50,20000.0,10.7,S
2021-07-28T09:27:50,38000.0,10.7,S
2021-07-28T09:27:50,1000.0,10.7,S
2021-07-28T09:27:45,300.0,10.75,B
2021-07-28T09:27:44,500.0,10.7,S
2021-07-28T09:27:43,300.0,10.75,B
2021-07-28T09:27:35,100.0,10.75,B
2021-07-28T09:27:23,100.0,10.75,B
2021-07-28T09:27:17,200.0,10.75,B
2021-07-28T09:27:15,1000.0,10.75,B
2021-07-28T09:27:12,500.0,10.75,B
2021-07-28T09:26:59,2000.0,10.75,B
2021-07-28T09:26:54,5000.0,10.75,B
2021-07-28T09:26:40,2000.0,10.75,B
2021-07-28T09:26:38,2000.0,10.75,B
2021-07-28T09:26:36,500.0,10.75,B
2021-07-28T09:26:29,300.0,10.75,B
2021-07-28T09:26:27,500.0,10.75,B
2021-07-28T09:26:27,200.0,10.75,B
2021-07-28T09:26:27,100.0,10.75,B
2021-07-28T09:26:19,500.0,10.75,B
2021-07-28T09:26:12,100.0,10.75,B
2021-07-28T09:26:10,100.0,10.75,B
2021-07-28T09:26:10,2000.0,10.75,B
2021-07-28T09:26:08,500.0,10.75,B
2021-07-28T09:26:07,100.0,10.75,B
2021-07-28T09:25:57,1100.0,10.75,B
2021-07-28T09:25:55,10000.0,10.75,B
2021-07-28T09:25:53,1000.0,10.75,B
2021-07-28T09:25:51,100.0,10.75,B
2021-07-28T09:25:48,100.0,10.75,B
2021-07-28T09:25:45,1000.0,10.75,B
2021-07-28T09:25:36,100.0,10.75,B
2021-07-28T09:25:32,200.0,10.75,B
2021-07-28T09:25:30,200.0,10.75,B
2021-07-28T09:25:08,500.0,10.75,B
2021-07-28T09:25:06,1000.0,10.75,B
2021-07-28T09:25:06,10000.0,10.75,B
2021-07-28T09:25:03,100.0,10.75,B
2021-07-28T09:24:57,100.0,10.75,B
2021-07-28T09:24:34,600.0,10.7,S
2021-07-28T09:24:33,1000.0,10.75,B
2021-07-28T09:24:28,100.0,10.75,B
2021-07-28T09:24:15,400.0,10.7,S
2021-07-28T09:24:07,1000.0,10.75,B
2021-07-28T09:24:06,5000.0,10.75,B
2021-07-28T09:23:58,8800.0,10.75,S
2021-07-28T09:23:54,400.0,10.7,S
2021-07-28T09:23:48,20000.0,10.7,S
2021-07-28T09:23:40,200.0,10.75,S
2021-07-28T09:23:39,400.0,10.75,B
2021-07-28T09:23:38,100.0,10.75,B
2021-07-28T09:23:35,1500.0,10.7,S
2021-07-28T09:23:35,1000.0,10.75,B
2021-07-28T09:23:29,1200.0,10.75,B
2021-07-28T09:23:28,600.0,10.75,B
2021-07-28T09:23:21,10000.0,10.75,B
2021-07-28T09:23:17,400.0,10.7,S
2021-07-28T09:23:08,400.0,10.75,B
2021-07-28T09:22:53,500.0,10.7,S
2021-07-28T09:22:49,11300.0,10.75,S
2021-07-28T09:22:38,1600.0,10.75,S
2021-07-28T09:22:31,500.0,10.75,S
2021-07-28T09:22:29,2000.0,10.75,S
2021-07-28T09:22:27,7400.0,10.75,B
2021-07-28T09:22:23,9000.0,10.75,B
2021-07-28T09:22:15,200.0,10.7,S
2021-07-28T09:22:15,4000.0,10.75,B
2021-07-28T09:22:14,14000.0,10.75,B
2021-07-28T09:22:09,100.0,10.7,S
2021-07-28T09:22:06,400.0,10.7,S
2021-07-28T09:21:46,500.0,10.7,S
2021-07-28T09:21:43,100.0,10.75,B
2021-07-28T09:21:29,600.0,10.7,S
2021-07-28T09:21:14,100.0,10.7,S
2021-07-28T09:21:12,100.0,10.75,B
2021-07-28T09:21:11,100.0,10.7,S
2021-07-28T09:21:08,500.0,10.7,S
2021-07-28T09:21:05,1000.0,10.75,B
2021-07-28T09:20:53,200.0,10.7,S
2021-07-28T09:20:48,600.0,10.7,S
2021-07-28T09:20:30,400.0,10.7,S
2021-07-28T09:20:28,500.0,10.7,S
2021-07-28T09:20:26,1700.0,10.7,S
2021-07-28T09:20:21,800.0,10.7,B
2021-07-28T09:20:20,1000.0,10.7,B
2021-07-28T09:20:20,7200.0,10.7,B
2021-07-28T09:20:16,1000.0,10.7,B
2021-07-28T09:20:12,100.0,10.65,S
2021-07-28T09:20:06,22900.0,10.7,B
2021-07-28T09:20:06,17100.0,10.7,B
2021-07-28T09:19:53,5000.0,10.7,B
2021-07-28T09:19:42,2000.0,10.65,S
2021-07-28T09:19:41,2000.0,10.7,B
2021-07-28T09:19:40,100.0,10.7,B
2021-07-28T09:19:31,100.0,10.7,B
2021-07-28T09:19:10,100.0,10.7,B
2021-07-28T09:19:10,30000.0,10.65,S
2021-07-28T09:19:00,1000.0,10.7,B
2021-07-28T09:19:00,100.0,10.7,B
2021-07-28T09:18:51,1000.0,10.7,B
2021-07-28T09:18:40,200.0,10.7,B
2021-07-28T09:18:39,1000.0,10.7,B
2021-07-28T09:18:38,300.0,10.65,S
2021-07-28T09:18:38,200.0,10.65,S
2021-07-28T09:18:38,1700.0,10.65,S
2021-07-28T09:18:38,1300.0,10.65,S
2021-07-28T09:18:38,2000.0,10.65,S
2021-07-28T09:18:38,5000.0,10.65,S
2021-07-28T09:18:38,4000.0,10.65,S
2021-07-28T09:18:38,1500.0,10.65,S
2021-07-28T09:18:38,200.0,10.65,S
2021-07-28T09:18:38,14300.0,10.65,S
2021-07-28T09:18:15,3000.0,10.65,S
2021-07-28T09:17:35,300.0,10.65,S
2021-07-28T09:17:31,100.0,10.65,S
2021-07-28T09:17:25,500.0,10.65,S
2021-07-28T09:17:22,15700.0,10.65,B
2021-07-28T09:17:18,100.0,10.65,B
2021-07-28T09:17:16,10400.0,10.65,S
2021-07-28T09:17:01,100.0,10.65,S
2021-07-28T09:17:01,1000.0,10.65,S
2021-07-28T09:16:58,500.0,10.65,S
2021-07-28T09:16:54,1600.0,10.65,B
2021-07-28T09:16:54,100.0,10.65,B
2021-07-28T09:16:53,400.0,10.65,S
2021-07-28T09:16:46,4700.0,10.65,B
2021-07-28T09:16:43,3800.0,10.65,S
2021-07-28T09:16:43,500.0,10.65,S
2021-07-28T09:16:37,15000.0,10.65,S
2021-07-28T09:16:37,12900.0,10.65,S
2021-07-28T09:16:37,5100.0,10.65,S
2021-07-28T09:16:37,200.0,10.65,S
2021-07-28T09:16:37,1800.0,10.65,S
2021-07-28T09:16:30,900.0,10.65,S
2021-07-28T09:16:30,3100.0,10.65,S
2021-07-28T09:15:56,200.0,10.65,S
2021-07-28T09:15:43,10800.0,10.65,S
2021-07-28T09:15:43,19200.0,10.65,S
2021-07-28T09:15:33,200.0,10.7,B
2021-07-28T09:15:29,1000.0,10.7,B
2021-07-28T09:15:23,100.0,10.7,S
2021-07-28T09:15:23,200.0,10.7,S
2021-07-28T09:15:21,300.0,10.75,B
2021-07-28T09:15:04,2000.0,10.75,B
2021-07-28T09:15:04,16200.0,10.65,S
2021-07-28T09:15:04,3800.0,10.7,S
2021-07-28T09:15:04,100.0,10.7,S
2021-07-28T09:15:04,500.0,10.7,S
