tradingTime,volume,price,side
2021-07-28T09:57:00,1000.0,7.39,S
2021-07-28T09:57:00,200.0,7.4,B
2021-07-28T09:56:56,300.0,7.4,B
2021-07-28T09:56:43,1000.0,7.4,B
2021-07-28T09:56:26,200.0,7.4,B
2021-07-28T09:56:05,100.0,7.4,B
2021-07-28T09:55:50,3000.0,7.4,B
2021-07-28T09:55:11,1000.0,7.4,S
2021-07-28T09:55:11,400.0,7.4,S
2021-07-28T09:54:51,500.0,7.41,B
2021-07-28T09:54:46,300.0,7.41,B
2021-07-28T09:54:46,2000.0,7.41,B
2021-07-28T09:54:43,700.0,7.4,S
2021-07-28T09:54:43,2100.0,7.4,S
2021-07-28T09:54:43,2200.0,7.4,S
2021-07-28T09:54:43,4300.0,7.4,S
2021-07-28T09:54:43,2500.0,7.4,S
2021-07-28T09:54:43,100.0,7.4,S
2021-07-28T09:54:43,3100.0,7.4,S
2021-07-28T09:54:34,100.0,7.41,B
2021-07-28T09:54:30,3500.0,7.41,S
2021-07-28T09:54:22,18700.0,7.41,S
2021-07-28T09:54:08,8000.0,7.41,S
2021-07-28T09:53:56,500.0,7.44,B
2021-07-28T09:53:53,100.0,7.44,B
2021-07-28T09:53:52,1000.0,7.44,B
2021-07-28T09:53:38,6400.0,7.42,S
2021-07-28T09:53:32,1000.0,7.44,B
2021-07-28T09:53:26,100.0,7.44,B
2021-07-28T09:53:26,500.0,7.44,B
2021-07-28T09:53:19,1400.0,7.43,S
2021-07-28T09:53:19,1000.0,7.43,S
2021-07-28T09:53:19,4300.0,7.43,S
2021-07-28T09:53:05,500.0,7.44,B
2021-07-28T09:52:52,1000.0,7.44,S
2021-07-28T09:52:52,2000.0,7.44,S
2021-07-28T09:52:52,3000.0,7.47,B
2021-07-28T09:52:18,100.0,7.47,B
2021-07-28T09:52:15,8500.0,7.44,S
2021-07-28T09:52:10,500.0,7.47,B
2021-07-28T09:52:00,1000.0,7.45,S
2021-07-28T09:52:00,4400.0,7.45,S
2021-07-28T09:51:49,1000.0,7.46,S
2021-07-28T09:51:04,200.0,7.47,B
2021-07-28T09:50:21,11400.0,7.47,S
2021-07-28T09:50:17,1000.0,7.47,S
2021-07-28T09:49:34,2100.0,7.47,S
2021-07-28T09:49:20,10000.0,7.48,B
2021-07-28T09:48:56,6400.0,7.48,B
2021-07-28T09:48:55,7100.0,7.46,S
2021-07-28T09:48:55,100.0,7.47,B
2021-07-28T09:48:52,2500.0,7.47,S
2021-07-28T09:48:43,2500.0,7.47,B
2021-07-28T09:48:05,2000.0,7.47,B
2021-07-28T09:48:00,100.0,7.47,B
2021-07-28T09:47:34,3000.0,7.47,B
2021-07-28T09:47:32,600.0,7.47,B
2021-07-28T09:47:32,2000.0,7.47,S
2021-07-28T09:47:05,1000.0,7.47,B
2021-07-28T09:46:52,600.0,7.48,B
2021-07-28T09:46:24,200.0,7.48,B
2021-07-28T09:46:23,3400.0,7.48,B
2021-07-28T09:46:22,1000.0,7.47,S
2021-07-28T09:46:22,2100.0,7.47,S
2021-07-28T09:46:22,200.0,7.47,S
2021-07-28T09:46:19,900.0,7.47,S
2021-07-28T09:45:40,200.0,7.48,B
2021-07-28T09:45:30,3700.0,7.47,S
2021-07-28T09:45:30,1300.0,7.47,S
2021-07-28T09:45:12,100.0,7.48,S
2021-07-28T09:44:45,100.0,7.48,B
2021-07-28T09:44:43,100.0,7.48,B
2021-07-28T09:44:33,500.0,7.48,B
2021-07-28T09:44:28,2000.0,7.48,B
2021-07-28T09:43:59,1000.0,7.47,S
2021-07-28T09:43:29,600.0,7.48,B
2021-07-28T09:43:12,1000.0,7.47,S
2021-07-28T09:43:07,3000.0,7.48,B
2021-07-28T09:42:54,15500.0,7.48,B
2021-07-28T09:42:52,200.0,7.48,B
2021-07-28T09:42:43,600.0,7.48,B
2021-07-28T09:42:41,400.0,7.48,S
2021-07-28T09:42:35,2000.0,7.47,S
2021-07-28T09:42:30,2000.0,7.48,B
2021-07-28T09:42:04,200.0,7.48,B
2021-07-28T09:41:57,100.0,7.48,B
2021-07-28T09:41:22,100.0,7.48,B
2021-07-28T09:41:18,100.0,7.47,S
2021-07-28T09:41:03,2000.0,7.48,B
2021-07-28T09:40:45,500.0,7.47,S
2021-07-28T09:39:58,100.0,7.47,B
2021-07-28T09:39:55,2000.0,7.47,B
2021-07-28T09:39:51,100.0,7.47,B
2021-07-28T09:39:23,100.0,7.47,B
2021-07-28T09:38:52,3100.0,7.46,B
2021-07-28T09:38:38,500.0,7.46,B
2021-07-28T09:38:34,4000.0,7.45,S
2021-07-28T09:38:32,500.0,7.45,S
2021-07-28T09:38:32,100.0,7.46,B
2021-07-28T09:38:21,500.0,7.45,S
2021-07-28T09:38:13,5000.0,7.46,B
2021-07-28T09:38:00,9500.0,7.45,B
2021-07-28T09:38:00,30000.0,7.45,B
2021-07-28T09:37:52,5000.0,7.44,B
2021-07-28T09:37:49,200.0,7.44,B
2021-07-28T09:37:49,700.0,7.43,S
2021-07-28T09:37:34,600.0,7.44,S
2021-07-28T09:37:34,100.0,7.45,B
2021-07-28T09:36:19,100.0,7.44,S
2021-07-28T09:35:51,1000.0,7.44,S
2021-07-28T09:35:34,1000.0,7.43,S
2021-07-28T09:34:55,500.0,7.43,S
2021-07-28T09:33:58,10000.0,7.43,B
2021-07-28T09:33:58,3000.0,7.43,B
2021-07-28T09:33:58,3100.0,7.43,B
2021-07-28T09:33:55,100.0,7.42,S
2021-07-28T09:33:48,900.0,7.43,B
2021-07-28T09:33:48,800.0,7.43,B
2021-07-28T09:33:48,1000.0,7.43,B
2021-07-28T09:33:43,100.0,7.42,S
2021-07-28T09:33:33,500.0,7.42,B
2021-07-28T09:33:27,100.0,7.42,B
2021-07-28T09:33:20,5000.0,7.41,S
2021-07-28T09:33:08,300.0,7.42,S
2021-07-28T09:32:48,500.0,7.42,S
2021-07-28T09:32:33,1700.0,7.41,S
2021-07-28T09:32:22,400.0,7.41,S
2021-07-28T09:32:07,500.0,7.4,S
2021-07-28T09:31:59,7600.0,7.43,B
2021-07-28T09:31:59,2300.0,7.43,B
2021-07-28T09:31:59,5100.0,7.43,B
2021-07-28T09:31:48,100.0,7.43,B
2021-07-28T09:31:48,9500.0,7.4,S
2021-07-28T09:31:47,8800.0,7.4,S
2021-07-28T09:31:40,200.0,7.43,B
2021-07-28T09:31:37,1400.0,7.43,B
2021-07-28T09:31:34,4600.0,7.43,S
2021-07-28T09:31:21,1000.0,7.43,S
2021-07-28T09:31:20,400.0,7.44,B
2021-07-28T09:31:15,100.0,7.43,S
2021-07-28T09:31:07,3600.0,7.45,S
2021-07-28T09:31:03,3700.0,7.45,S
2021-07-28T09:30:57,2600.0,7.45,S
2021-07-28T09:30:57,2000.0,7.45,S
2021-07-28T09:30:57,400.0,7.45,S
2021-07-28T09:30:54,5000.0,7.45,S
2021-07-28T09:30:50,200.0,7.46,S
2021-07-28T09:30:44,10000.0,7.46,S
2021-07-28T09:30:31,1500.0,7.47,S
2021-07-28T09:30:31,7500.0,7.47,S
2021-07-28T09:30:29,1000.0,7.47,S
2021-07-28T09:30:21,1000.0,7.47,S
2021-07-28T09:30:14,500.0,7.47,S
2021-07-28T09:30:08,200.0,7.49,B
2021-07-28T09:30:02,3100.0,7.49,S
2021-07-28T09:30:00,1000.0,7.49,S
2021-07-28T09:29:56,2100.0,7.49,S
2021-07-28T09:29:46,1100.0,7.49,S
2021-07-28T09:29:36,300.0,7.5,B
2021-07-28T09:29:34,300.0,7.49,S
2021-07-28T09:29:01,5000.0,7.5,B
2021-07-28T09:28:59,2400.0,7.5,B
2021-07-28T09:28:59,1900.0,7.5,B
2021-07-28T09:28:56,8100.0,7.5,S
2021-07-28T09:28:51,1000.0,7.5,S
2021-07-28T09:28:50,200.0,7.5,S
2021-07-28T09:28:44,700.0,7.5,S
2021-07-28T09:28:42,5000.0,7.5,S
2021-07-28T09:28:35,2000.0,7.5,S
2021-07-28T09:28:33,14000.0,7.5,S
2021-07-28T09:28:24,3700.0,7.51,S
2021-07-28T09:28:24,39400.0,7.51,S
2021-07-28T09:28:13,4000.0,7.51,S
2021-07-28T09:27:51,500.0,7.52,S
2021-07-28T09:27:45,200.0,7.52,S
2021-07-28T09:27:41,1300.0,7.52,S
2021-07-28T09:27:35,200.0,7.52,S
2021-07-28T09:27:28,300.0,7.52,B
2021-07-28T09:27:26,1000.0,7.52,B
2021-07-28T09:27:25,2300.0,7.52,S
2021-07-28T09:27:22,500.0,7.52,S
2021-07-28T09:27:15,10000.0,7.52,S
2021-07-28T09:27:13,100.0,7.52,S
2021-07-28T09:27:10,200.0,7.52,S
2021-07-28T09:27:03,8000.0,7.53,B
2021-07-28T09:26:59,100.0,7.53,B
2021-07-28T09:26:38,3400.0,7.53,B
2021-07-28T09:26:38,3500.0,7.53,B
2021-07-28T09:26:30,3600.0,7.53,B
2021-07-28T09:26:26,1000.0,7.53,B
2021-07-28T09:26:24,1000.0,7.52,S
2021-07-28T09:26:21,2900.0,7.52,S
2021-07-28T09:26:21,100.0,7.52,S
2021-07-28T09:26:20,1000.0,7.52,S
2021-07-28T09:26:10,1000.0,7.52,S
2021-07-28T09:26:07,10000.0,7.53,B
2021-07-28T09:26:06,500.0,7.52,S
2021-07-28T09:25:45,3000.0,7.52,S
2021-07-28T09:25:30,200.0,7.53,B
2021-07-28T09:25:23,100.0,7.52,S
2021-07-28T09:25:04,500.0,7.52,S
2021-07-28T09:24:53,700.0,7.52,S
2021-07-28T09:24:51,1000.0,7.52,B
2021-07-28T09:24:51,5000.0,7.52,B
2021-07-28T09:24:45,3000.0,7.52,B
2021-07-28T09:24:45,500.0,7.52,B
2021-07-28T09:24:45,5000.0,7.52,B
2021-07-28T09:24:42,1000.0,7.52,B
2021-07-28T09:24:40,2000.0,7.52,B
2021-07-28T09:24:40,100.0,7.52,B
2021-07-28T09:24:38,100.0,7.52,B
2021-07-28T09:24:38,100.0,7.52,B
2021-07-28T09:24:32,1000.0,7.52,B
2021-07-28T09:24:32,2000.0,7.52,B
2021-07-28T09:24:30,12600.0,7.51,S
2021-07-28T09:24:17,5000.0,7.52,B
2021-07-28T09:24:11,300.0,7.52,B
2021-07-28T09:24:02,1000.0,7.51,B
2021-07-28T09:24:00,1800.0,7.5,S
2021-07-28T09:23:56,8500.0,7.51,B
2021-07-28T09:23:50,2200.0,7.51,B
2021-07-28T09:23:50,2800.0,7.51,B
2021-07-28T09:23:45,1000.0,7.5,S
2021-07-28T09:23:39,2000.0,7.5,B
2021-07-28T09:23:39,14900.0,7.5,B
2021-07-28T09:23:37,100.0,7.5,B
2021-07-28T09:23:36,10000.0,7.5,B
2021-07-28T09:23:34,400.0,7.5,B
2021-07-28T09:23:32,10000.0,7.5,B
2021-07-28T09:23:29,8800.0,7.5,B
2021-07-28T09:23:28,40000.0,7.5,B
2021-07-28T09:23:20,1200.0,7.5,B
2021-07-28T09:23:19,1000.0,7.5,B
2021-07-28T09:23:09,2500.0,7.5,B
2021-07-28T09:23:08,1600.0,7.49,S
2021-07-28T09:23:06,3100.0,7.5,B
2021-07-28T09:23:06,7900.0,7.5,B
2021-07-28T09:23:01,1000.0,7.49,B
2021-07-28T09:22:49,10000.0,7.5,B
2021-07-28T09:22:49,2000.0,7.5,B
2021-07-28T09:22:46,7000.0,7.5,B
2021-07-28T09:22:42,500.0,7.47,S
2021-07-28T09:22:31,1100.0,7.5,B
2021-07-28T09:22:29,5000.0,7.5,B
2021-07-28T09:22:25,4000.0,7.47,S
2021-07-28T09:22:14,1100.0,7.5,B
2021-07-28T09:22:14,18900.0,7.5,B
2021-07-28T09:21:56,300.0,7.45,S
2021-07-28T09:21:52,2000.0,7.45,S
2021-07-28T09:21:49,1100.0,7.49,B
2021-07-28T09:21:35,1400.0,7.45,B
2021-07-28T09:21:33,500.0,7.45,B
2021-07-28T09:21:29,3100.0,7.45,B
2021-07-28T09:21:27,800.0,7.45,B
2021-07-28T09:21:16,200.0,7.45,B
2021-07-28T09:21:12,100.0,7.43,S
2021-07-28T09:21:09,500.0,7.43,B
2021-07-28T09:21:04,200.0,7.43,B
2021-07-28T09:21:00,500.0,7.43,B
2021-07-28T09:20:58,1000.0,7.43,B
2021-07-28T09:20:44,100.0,7.43,B
2021-07-28T09:20:35,700.0,7.43,B
2021-07-28T09:20:20,2000.0,7.4,S
2021-07-28T09:20:12,12700.0,7.4,B
2021-07-28T09:20:12,4000.0,7.4,B
2021-07-28T09:20:12,10300.0,7.4,B
2021-07-28T09:20:12,2000.0,7.4,B
2021-07-28T09:20:12,7900.0,7.4,B
2021-07-28T09:20:09,6500.0,7.34,B
2021-07-28T09:20:09,1000.0,7.34,B
2021-07-28T09:20:04,2000.0,7.34,B
2021-07-28T09:19:54,500.0,7.35,S
2021-07-28T09:19:52,200.0,7.35,B
2021-07-28T09:19:47,100.0,7.35,B
2021-07-28T09:19:44,10000.0,7.33,S
2021-07-28T09:19:44,100.0,7.35,B
2021-07-28T09:19:40,5000.0,7.39,B
2021-07-28T09:19:39,2000.0,7.35,B
2021-07-28T09:19:38,200.0,7.35,B
2021-07-28T09:19:32,500.0,7.34,S
2021-07-28T09:19:29,1500.0,7.33,S
2021-07-28T09:19:24,1300.0,7.35,B
2021-07-28T09:19:23,3300.0,7.35,B
2021-07-28T09:19:18,200.0,7.33,S
2021-07-28T09:19:08,4000.0,7.33,S
2021-07-28T09:19:08,100.0,7.33,S
2021-07-28T09:18:58,10000.0,7.33,S
2021-07-28T09:18:58,500.0,7.33,S
2021-07-28T09:18:55,300.0,7.35,B
2021-07-28T09:18:51,500.0,7.33,S
2021-07-28T09:18:49,1000.0,7.33,S
2021-07-28T09:18:44,500.0,7.33,S
2021-07-28T09:18:39,200.0,7.33,S
2021-07-28T09:18:33,200.0,7.33,S
2021-07-28T09:18:28,200.0,7.33,S
2021-07-28T09:18:26,800.0,7.33,S
2021-07-28T09:18:19,1500.0,7.39,B
2021-07-28T09:17:47,200.0,7.4,B
2021-07-28T09:17:40,500.0,7.32,S
2021-07-28T09:17:37,500.0,7.4,B
2021-07-28T09:17:18,1000.0,7.44,B
2021-07-28T09:17:12,2700.0,7.31,S
2021-07-28T09:17:12,1300.0,7.4,S
2021-07-28T09:17:07,100.0,7.45,B
2021-07-28T09:16:51,200.0,7.45,S
2021-07-28T09:15:40,100.0,7.5,B
2021-07-28T09:15:32,11000.0,7.5,S
2021-07-28T09:15:30,1900.0,7.5,S
2021-07-28T09:15:30,100.0,7.5,S
2021-07-28T09:15:21,300.0,7.5,S
2021-07-28T09:15:19,200.0,7.51,B
