tradingTime,volume,price,side
2021-06-15T14:27:49,1000.0,35.35,S
2021-06-15T14:27:49,1700.0,35.35,S
2021-06-15T14:27:49,2300.0,35.35,S
2021-06-15T14:25:48,300.0,35.4,B
2021-06-15T14:24:28,400.0,35.4,B
2021-06-15T14:23:58,1000.0,35.4,B
2021-06-15T14:22:12,300.0,35.4,B
2021-06-15T14:21:16,300.0,35.4,B
2021-06-15T14:19:59,100.0,35.4,B
2021-06-15T14:17:27,300.0,35.4,B
2021-06-15T14:16:31,100.0,35.4,B
2021-06-15T14:16:28,20000.0,35.4,B
2021-06-15T14:16:02,500.0,35.4,B
2021-06-15T14:16:02,200.0,35.4,B
2021-06-15T14:16:01,1000.0,35.4,B
2021-06-15T14:16:01,500.0,35.4,B
2021-06-15T14:15:53,300.0,35.4,B
2021-06-15T14:15:52,800.0,35.35,S
2021-06-15T14:15:52,4600.0,35.35,S
2021-06-15T14:15:52,700.0,35.35,S
2021-06-15T14:15:51,3500.0,35.35,S
2021-06-15T14:15:51,1500.0,35.35,S
2021-06-15T14:15:51,7500.0,35.35,S
2021-06-15T14:15:51,8400.0,35.35,S
2021-06-15T14:15:37,100.0,35.35,S
2021-06-15T14:15:37,800.0,35.35,S
2021-06-15T14:15:36,100.0,35.35,S
2021-06-15T14:15:29,10000.0,35.4,B
2021-06-15T14:15:26,900.0,35.4,B
2021-06-15T14:15:26,2000.0,35.4,B
2021-06-15T14:15:26,2100.0,35.4,B
2021-06-15T14:15:16,200.0,35.4,B
2021-06-15T14:15:11,7500.0,35.35,S
2021-06-15T14:15:03,200.0,35.35,S
2021-06-15T14:15:01,500.0,35.4,B
2021-06-15T14:14:59,300.0,35.35,S
2021-06-15T14:14:53,300.0,35.35,S
2021-06-15T14:14:53,300.0,35.4,B
2021-06-15T14:14:50,2700.0,35.4,B
2021-06-15T14:14:49,500.0,35.35,S
2021-06-15T14:14:24,300.0,35.35,S
2021-06-15T14:14:22,4000.0,35.35,S
2021-06-15T14:14:22,700.0,35.35,S
2021-06-15T14:14:22,300.0,35.35,S
2021-06-15T14:14:13,100.0,35.4,B
2021-06-15T14:14:13,4100.0,35.35,S
2021-06-15T14:14:13,100.0,35.35,S
2021-06-15T14:14:12,500.0,35.35,S
2021-06-15T14:14:12,100.0,35.4,B
2021-06-15T14:14:12,200.0,35.35,S
2021-06-15T14:14:12,500.0,35.4,B
2021-06-15T14:14:09,100.0,35.35,S
2021-06-15T14:14:07,2000.0,35.4,B
2021-06-15T14:14:04,3000.0,35.35,S
2021-06-15T14:13:58,100.0,35.35,S
2021-06-15T14:13:56,100.0,35.4,B
2021-06-15T14:13:52,100.0,35.35,S
2021-06-15T14:13:48,100.0,35.35,S
2021-06-15T14:13:44,1000.0,35.35,S
2021-06-15T14:13:44,1000.0,35.35,S
2021-06-15T14:13:42,400.0,35.3,S
2021-06-15T14:13:42,1400.0,35.3,S
2021-06-15T14:13:42,4900.0,35.3,S
2021-06-15T14:13:42,1100.0,35.3,S
2021-06-15T14:13:42,2500.0,35.3,S
2021-06-15T14:13:42,500.0,35.3,S
2021-06-15T14:13:42,1200.0,35.3,S
2021-06-15T14:13:42,2600.0,35.3,S
2021-06-15T14:13:42,300.0,35.3,S
2021-06-15T14:13:42,700.0,35.3,S
2021-06-15T14:13:42,3600.0,35.3,S
2021-06-15T14:13:42,1000.0,35.3,S
2021-06-15T14:13:42,3000.0,35.3,S
2021-06-15T14:13:42,7500.0,35.3,S
2021-06-15T14:13:42,2700.0,35.3,S
2021-06-15T14:13:42,1000.0,35.3,S
2021-06-15T14:13:41,500.0,35.3,S
2021-06-15T14:13:41,18000.0,35.3,S
2021-06-15T14:13:41,500.0,35.3,S
2021-06-15T14:13:41,200.0,35.3,S
2021-06-15T14:13:41,6100.0,35.3,S
2021-06-15T14:13:41,700.0,35.3,S
2021-06-15T14:13:41,500.0,35.3,S
2021-06-15T14:13:41,1400.0,35.3,S
2021-06-15T14:13:41,3400.0,35.3,S
2021-06-15T14:13:41,1700.0,35.3,S
2021-06-15T14:13:41,4100.0,35.3,S
2021-06-15T14:13:41,10300.0,35.3,S
2021-06-15T14:13:41,300.0,35.35,S
2021-06-15T14:13:41,17900.0,35.35,S
2021-06-15T14:13:40,1000.0,35.35,S
2021-06-15T14:13:37,100.0,35.35,B
2021-06-15T14:13:34,200.0,35.35,B
2021-06-15T14:13:32,3000.0,35.35,B
2021-06-15T14:13:32,4300.0,35.35,B
2021-06-15T14:13:32,1000.0,35.35,B
2021-06-15T14:13:32,7400.0,35.35,B
2021-06-15T14:13:32,24900.0,35.35,B
2021-06-15T14:13:28,100.0,35.35,B
2021-06-15T14:13:28,100.0,35.35,B
2021-06-15T14:13:27,1000.0,35.35,B
2021-06-15T14:13:25,1100.0,35.35,B
2021-06-15T14:13:24,4400.0,35.35,B
2021-06-15T14:13:16,18500.0,35.35,B
2021-06-15T14:13:14,500.0,35.35,B
2021-06-15T14:13:14,600.0,35.3,S
2021-06-15T14:13:14,400.0,35.3,S
2021-06-15T14:13:13,600.0,35.35,B
2021-06-15T14:13:13,200.0,35.35,B
2021-06-15T14:13:08,700.0,35.3,S
2021-06-15T14:13:08,5000.0,35.35,B
2021-06-15T14:13:04,1000.0,35.35,B
2021-06-15T14:13:03,300.0,35.35,B
2021-06-15T14:13:01,10000.0,35.35,B
2021-06-15T14:13:01,1600.0,35.35,B
2021-06-15T14:12:59,500.0,35.35,B
2021-06-15T14:12:56,100.0,35.35,B
2021-06-15T14:12:51,300.0,35.35,B
2021-06-15T14:12:47,5000.0,35.3,S
2021-06-15T14:12:45,100.0,35.3,S
2021-06-15T14:12:44,3400.0,35.35,B
2021-06-15T14:12:43,500.0,35.35,B
2021-06-15T14:12:39,3000.0,35.35,B
2021-06-15T14:12:39,200.0,35.35,B
2021-06-15T14:12:39,200.0,35.3,S
2021-06-15T14:12:39,800.0,35.3,S
2021-06-15T14:12:37,100.0,35.35,B
2021-06-15T14:12:37,600.0,35.35,B
2021-06-15T14:12:36,1000.0,35.35,B
2021-06-15T14:12:35,1000.0,35.35,B
2021-06-15T14:12:33,1800.0,35.35,B
2021-06-15T14:12:33,200.0,35.35,B
2021-06-15T14:12:33,100.0,35.35,B
2021-06-15T14:12:30,900.0,35.35,B
2021-06-15T14:12:30,10000.0,35.35,B
2021-06-15T14:12:30,200.0,35.35,B
2021-06-15T14:12:25,1000.0,35.35,B
2021-06-15T14:12:20,200.0,35.35,B
2021-06-15T14:12:18,100.0,35.35,B
2021-06-15T14:12:18,4000.0,35.35,B
2021-06-15T14:12:14,300.0,35.35,B
2021-06-15T14:12:14,4000.0,35.35,B
2021-06-15T14:12:13,200.0,35.3,S
2021-06-15T14:12:12,5000.0,35.35,B
2021-06-15T14:12:12,200.0,35.35,B
2021-06-15T14:12:09,1500.0,35.35,B
2021-06-15T14:12:07,100.0,35.35,B
2021-06-15T14:12:05,400.0,35.35,B
2021-06-15T14:12:01,9600.0,35.35,B
2021-06-15T14:12:00,1000.0,35.35,B
2021-06-15T14:11:59,200.0,35.35,B
2021-06-15T14:11:59,9700.0,35.35,B
2021-06-15T14:11:58,800.0,35.35,B
2021-06-15T14:11:58,39500.0,35.35,B
2021-06-15T14:11:56,2000.0,35.35,B
2021-06-15T14:11:56,100.0,35.35,B
2021-06-15T14:11:56,700.0,35.35,B
2021-06-15T14:11:55,2000.0,35.35,B
2021-06-15T14:11:54,300.0,35.35,B
2021-06-15T14:11:53,2000.0,35.35,B
2021-06-15T14:11:52,400.0,35.35,B
2021-06-15T14:11:52,1000.0,35.35,B
2021-06-15T14:11:49,500.0,35.35,B
2021-06-15T14:11:46,100.0,35.35,B
2021-06-15T14:11:46,3000.0,35.35,B
2021-06-15T14:11:45,800.0,35.35,B
2021-06-15T14:11:44,400.0,35.3,S
2021-06-15T14:11:41,300.0,35.35,B
2021-06-15T14:11:35,800.0,35.35,B
2021-06-15T14:11:29,3000.0,35.35,B
2021-06-15T14:11:29,2000.0,35.35,B
2021-06-15T14:11:25,1000.0,35.35,B
2021-06-15T14:11:24,700.0,35.35,B
2021-06-15T14:11:23,2500.0,35.35,B
2021-06-15T14:11:23,200.0,35.35,B
2021-06-15T14:11:23,1200.0,35.35,B
2021-06-15T14:11:12,2000.0,35.35,B
2021-06-15T14:11:11,100.0,35.35,B
2021-06-15T14:11:10,800.0,35.35,B
2021-06-15T14:11:10,3000.0,35.35,B
2021-06-15T14:11:10,100.0,35.35,B
2021-06-15T14:11:09,400.0,35.35,B
2021-06-15T14:11:06,1200.0,35.35,B
2021-06-15T14:11:05,200.0,35.35,B
2021-06-15T14:11:02,1800.0,35.3,S
2021-06-15T14:11:02,500.0,35.3,S
2021-06-15T14:11:02,5000.0,35.3,S
2021-06-15T14:11:02,700.0,35.3,S
2021-06-15T14:11:02,2000.0,35.3,S
2021-06-15T14:11:01,1200.0,35.35,B
2021-06-15T14:10:59,200.0,35.35,B
2021-06-15T14:10:59,600.0,35.35,B
2021-06-15T14:10:54,1700.0,35.35,B
2021-06-15T14:10:50,1000.0,35.35,B
2021-06-15T14:10:49,6000.0,35.35,B
2021-06-15T14:10:49,2000.0,35.35,B
2021-06-15T14:10:45,100.0,35.35,B
2021-06-15T14:10:44,100.0,35.35,B
2021-06-15T14:10:43,200.0,35.35,B
2021-06-15T14:10:43,300.0,35.35,B
2021-06-15T14:10:40,100.0,35.35,B
2021-06-15T14:10:40,1600.0,35.35,B
2021-06-15T14:10:38,800.0,35.35,B
2021-06-15T14:10:38,400.0,35.35,B
2021-06-15T14:10:37,200.0,35.35,B
2021-06-15T14:10:37,1000.0,35.35,B
2021-06-15T14:10:35,1000.0,35.35,B
2021-06-15T14:10:35,800.0,35.35,B
2021-06-15T14:10:33,700.0,35.35,B
2021-06-15T14:10:33,1000.0,35.35,B
2021-06-15T14:10:28,200.0,35.35,B
2021-06-15T14:10:22,100.0,35.35,B
2021-06-15T14:10:22,2100.0,35.35,B
2021-06-15T14:10:22,1900.0,35.35,B
2021-06-15T14:10:22,100.0,35.35,B
2021-06-15T14:10:22,1000.0,35.35,B
2021-06-15T14:10:20,4000.0,35.35,B
2021-06-15T14:10:19,2000.0,35.35,B
2021-06-15T14:10:17,10500.0,35.35,B
2021-06-15T14:10:07,10500.0,35.35,B
2021-06-15T14:10:07,100.0,35.35,B
2021-06-15T14:10:03,30000.0,35.35,B
2021-06-15T14:09:57,1000.0,35.35,B
2021-06-15T14:09:55,300.0,35.3,S
2021-06-15T14:09:50,1000.0,35.35,B
2021-06-15T14:09:50,2500.0,35.35,B
2021-06-15T14:09:49,8600.0,35.35,B
2021-06-15T14:09:49,6100.0,35.35,B
2021-06-15T14:09:49,7500.0,35.3,S
2021-06-15T14:09:48,300.0,35.35,B
2021-06-15T14:09:48,200.0,35.35,B
2021-06-15T14:09:47,1000.0,35.35,B
2021-06-15T14:09:46,1000.0,35.35,B
2021-06-15T14:09:46,500.0,35.35,B
2021-06-15T14:09:46,200.0,35.35,B
2021-06-15T14:09:45,1000.0,35.35,B
2021-06-15T14:09:45,2000.0,35.35,B
2021-06-15T14:09:43,1000.0,35.35,B
2021-06-15T14:09:43,200.0,35.35,B
2021-06-15T14:09:37,1500.0,35.35,B
2021-06-15T14:09:34,200.0,35.35,B
2021-06-15T14:09:33,2100.0,35.35,B
2021-06-15T14:09:24,1000.0,35.35,B
2021-06-15T14:09:24,1200.0,35.35,B
2021-06-15T14:09:19,17000.0,35.35,B
2021-06-15T14:09:18,1100.0,35.35,B
2021-06-15T14:09:16,5000.0,35.35,B
2021-06-15T14:09:09,2000.0,35.35,B
2021-06-15T14:09:07,1200.0,35.35,B
2021-06-15T14:09:06,500.0,35.35,B
2021-06-15T14:09:04,400.0,35.35,B
2021-06-15T14:08:59,2000.0,35.35,B
2021-06-15T14:08:58,100.0,35.35,B
2021-06-15T14:08:56,100.0,35.35,B
2021-06-15T14:08:56,1500.0,35.35,B
2021-06-15T14:08:56,400.0,35.35,B
2021-06-15T14:08:54,1000.0,35.35,B
2021-06-15T14:08:52,400.0,35.35,B
2021-06-15T14:08:52,100.0,35.35,B
2021-06-15T14:08:50,2500.0,35.35,B
2021-06-15T14:08:50,5000.0,35.35,B
2021-06-15T14:08:49,1000.0,35.35,B
2021-06-15T14:08:48,500.0,35.35,B
2021-06-15T14:08:48,200.0,35.35,B
2021-06-15T14:08:43,2000.0,35.3,S
2021-06-15T14:08:43,1000.0,35.35,B
2021-06-15T14:08:33,2000.0,35.35,B
2021-06-15T14:08:32,5400.0,35.3,S
2021-06-15T14:08:27,1000.0,35.35,B
2021-06-15T14:08:27,900.0,35.35,B
2021-06-15T14:08:27,1100.0,35.35,B
2021-06-15T14:08:18,600.0,35.3,S
2021-06-15T14:08:16,8900.0,35.3,S
2021-06-15T14:08:16,400.0,35.3,S
2021-06-15T14:08:16,40700.0,35.3,S
2021-06-15T14:08:12,1000.0,35.3,S
2021-06-15T14:08:06,600.0,35.35,B
2021-06-15T14:08:03,600.0,35.3,S
2021-06-15T14:07:50,3700.0,35.3,S
2021-06-15T14:07:49,8000.0,35.3,S
2021-06-15T14:07:48,2000.0,35.3,S
2021-06-15T14:07:47,1000.0,35.35,B
2021-06-15T14:07:47,400.0,35.3,S
2021-06-15T14:07:46,10000.0,35.3,S
2021-06-15T14:07:44,2000.0,35.3,S
2021-06-15T14:07:44,25000.0,35.3,S
2021-06-15T14:07:33,3000.0,35.3,B
2021-06-15T14:07:33,1000.0,35.3,B
2021-06-15T14:07:31,400.0,35.3,B
2021-06-15T14:07:27,50000.0,35.3,B
2021-06-15T14:07:25,2700.0,35.3,B
2021-06-15T14:07:24,300.0,35.3,B
2021-06-15T14:07:23,2000.0,35.35,B
2021-06-15T14:07:12,100.0,35.3,B
2021-06-15T14:07:07,2200.0,35.3,B
2021-06-15T14:07:07,300.0,35.3,B
2021-06-15T14:07:07,3400.0,35.3,B
2021-06-15T14:07:07,50500.0,35.3,B
2021-06-15T14:07:07,100.0,35.3,B
2021-06-15T14:07:07,800.0,35.3,B
2021-06-15T14:07:07,500.0,35.3,B
2021-06-15T14:07:07,22700.0,35.3,B
2021-06-15T14:07:05,100.0,35.3,B
2021-06-15T14:07:05,1100.0,35.3,B
2021-06-15T14:07:05,5700.0,35.3,B
2021-06-15T14:07:05,100.0,35.3,B
2021-06-15T14:07:05,200.0,35.3,B
2021-06-15T14:07:05,600.0,35.3,B
2021-06-15T14:07:05,4100.0,35.3,B
2021-06-15T14:07:05,1200.0,35.3,B
2021-06-15T14:07:05,10000.0,35.3,B
2021-06-15T14:07:05,1600.0,35.3,B
2021-06-15T14:07:05,1500.0,35.3,B
2021-06-15T14:07:04,100.0,35.3,B
2021-06-15T14:07:02,300.0,35.3,B
2021-06-15T14:07:02,700.0,35.3,B
2021-06-15T14:07:01,500.0,35.3,B
2021-06-15T14:07:00,2000.0,35.3,B
2021-06-15T14:07:00,1000.0,35.3,B
2021-06-15T14:07:00,4200.0,35.3,B
2021-06-15T14:07:00,3900.0,35.3,B
2021-06-15T14:07:00,1000.0,35.3,B
2021-06-15T14:07:00,2000.0,35.3,B
2021-06-15T14:06:47,10000.0,35.3,B
2021-06-15T14:06:46,200.0,35.3,B
2021-06-15T14:06:45,1000.0,35.3,B
2021-06-15T14:06:45,1900.0,35.3,B
2021-06-15T14:06:45,1100.0,35.3,B
2021-06-15T14:06:45,100.0,35.3,B
2021-06-15T14:06:41,100.0,35.3,B
2021-06-15T14:06:40,500.0,35.3,B
2021-06-15T14:06:38,1000.0,35.3,B
2021-06-15T14:06:37,500.0,35.3,B
2021-06-15T14:06:33,1200.0,35.3,B
2021-06-15T14:06:32,100.0,35.3,B
2021-06-15T14:06:31,100.0,35.3,B
2021-06-15T14:06:30,100.0,35.3,B
2021-06-15T14:06:29,6300.0,35.3,B
2021-06-15T14:06:29,1000.0,35.3,B
2021-06-15T14:06:28,4000.0,35.3,B
2021-06-15T14:06:28,14500.0,35.3,B
2021-06-15T14:06:25,500.0,35.3,B
2021-06-15T14:06:23,200.0,35.3,B
2021-06-15T14:06:22,1500.0,35.3,B
2021-06-15T14:06:22,400.0,35.3,B
2021-06-15T14:06:18,2000.0,35.3,B
2021-06-15T14:06:18,600.0,35.3,B
2021-06-15T14:06:13,500.0,35.3,B
2021-06-15T14:06:12,200.0,35.3,B
2021-06-15T14:06:12,1500.0,35.3,B
2021-06-15T14:06:06,1000.0,35.3,B
2021-06-15T14:06:03,1000.0,35.3,B
2021-06-15T14:06:02,1300.0,35.3,B
2021-06-15T14:06:00,300.0,35.3,B
2021-06-15T14:05:58,200.0,35.3,B
2021-06-15T14:05:54,2000.0,35.3,B
2021-06-15T14:05:54,5000.0,35.3,B
2021-06-15T14:05:53,1500.0,35.3,B
2021-06-15T14:05:53,300.0,35.3,B
2021-06-15T14:05:52,3200.0,35.3,B
2021-06-15T14:05:45,1200.0,35.25,S
2021-06-15T14:05:44,1000.0,35.3,B
2021-06-15T14:05:35,100.0,35.3,B
2021-06-15T14:05:33,5000.0,35.25,S
2021-06-15T14:05:32,300.0,35.25,S
2021-06-15T14:05:29,500.0,35.3,B
2021-06-15T14:05:28,300.0,35.3,B
2021-06-15T14:05:26,500.0,35.25,S
2021-06-15T14:05:22,500.0,35.3,B
2021-06-15T14:05:10,200.0,35.25,B
2021-06-15T14:05:10,1000.0,35.3,B
2021-06-15T14:05:08,500.0,35.25,B
2021-06-15T14:05:08,300.0,35.25,B
2021-06-15T14:05:06,20000.0,35.25,B
2021-06-15T14:05:06,1000.0,35.25,B
2021-06-15T14:05:05,400.0,35.25,B
2021-06-15T14:05:02,500.0,35.3,B
2021-06-15T14:04:59,1000.0,35.3,B
2021-06-15T14:04:56,800.0,35.25,B
2021-06-15T14:04:53,500.0,35.25,B
2021-06-15T14:04:53,2700.0,35.25,B
2021-06-15T14:04:53,3700.0,35.25,B
2021-06-15T14:04:53,1600.0,35.25,B
2021-06-15T14:04:53,1500.0,35.25,B
2021-06-15T14:04:50,1300.0,35.25,B
2021-06-15T14:04:49,200.0,35.25,B
2021-06-15T14:04:49,2000.0,35.25,B
2021-06-15T14:04:48,100.0,35.25,B
2021-06-15T14:04:45,500.0,35.2,S
2021-06-15T14:04:45,500.0,35.25,B
2021-06-15T14:04:43,3300.0,35.25,B
2021-06-15T14:04:42,2000.0,35.25,B
2021-06-15T14:04:41,400.0,35.25,B
2021-06-15T14:04:41,400.0,35.25,B
2021-06-15T14:04:38,100.0,35.25,B
2021-06-15T14:04:36,200.0,35.25,B
2021-06-15T14:04:36,300.0,35.25,B
2021-06-15T14:04:36,500.0,35.25,B
2021-06-15T14:04:23,100.0,35.2,S
2021-06-15T14:04:15,1000.0,35.25,B
2021-06-15T14:04:13,300.0,35.25,B
2021-06-15T14:04:10,300.0,35.25,B
2021-06-15T14:04:09,500.0,35.25,B
2021-06-15T14:04:08,100.0,35.2,S
2021-06-15T14:04:04,5300.0,35.25,B
2021-06-15T14:04:03,6000.0,35.25,B
2021-06-15T14:03:58,2000.0,35.25,B
2021-06-15T14:03:54,500.0,35.2,S
2021-06-15T14:03:51,700.0,35.25,B
2021-06-15T14:03:50,1000.0,35.25,B
2021-06-15T14:03:46,100.0,35.2,S
2021-06-15T14:03:46,6700.0,35.25,B
2021-06-15T14:03:44,500.0,35.25,B
2021-06-15T14:03:42,100.0,35.25,B
2021-06-15T14:03:39,1000.0,35.25,B
2021-06-15T14:03:38,500.0,35.2,S
2021-06-15T14:03:38,200.0,35.2,S
2021-06-15T14:03:36,100.0,35.2,S
2021-06-15T14:03:35,400.0,35.25,B
2021-06-15T14:03:31,200.0,35.25,B
2021-06-15T14:03:30,1000.0,35.25,B
2021-06-15T14:03:29,1000.0,35.25,B
2021-06-15T14:03:27,8000.0,35.2,S
2021-06-15T14:03:18,2400.0,35.2,S
2021-06-15T14:03:16,1000.0,35.2,S
2021-06-15T14:03:16,200.0,35.25,B
2021-06-15T14:03:13,100.0,35.2,S
2021-06-15T14:03:09,500.0,35.25,B
2021-06-15T14:03:08,100.0,35.2,S
2021-06-15T14:03:06,1500.0,35.2,S
2021-06-15T14:03:03,2900.0,35.25,B
2021-06-15T14:03:02,500.0,35.25,B
2021-06-15T14:02:51,4100.0,35.2,S
2021-06-15T14:02:51,900.0,35.2,S
2021-06-15T14:02:49,1500.0,35.25,S
2021-06-15T14:02:49,100.0,35.25,S
2021-06-15T14:02:38,1000.0,35.2,S
2021-06-15T14:02:35,1700.0,35.2,S
2021-06-15T14:02:35,100.0,35.25,S
2021-06-15T14:02:35,200.0,35.25,S
2021-06-15T14:02:33,200.0,35.25,S
2021-06-15T14:02:32,2000.0,35.2,S
2021-06-15T14:02:30,2000.0,35.2,S
2021-06-15T14:02:29,400.0,35.25,S
2021-06-15T14:02:26,500.0,35.2,S
2021-06-15T14:02:21,100.0,35.25,S
2021-06-15T14:02:19,900.0,35.25,S
2021-06-15T14:02:16,500.0,35.25,S
2021-06-15T14:02:16,1500.0,35.25,S
2021-06-15T14:02:14,300.0,35.25,S
2021-06-15T14:02:04,10500.0,35.25,S
2021-06-15T14:02:03,100.0,35.2,S
2021-06-15T14:01:57,3000.0,35.25,S
2021-06-15T14:01:56,300.0,35.25,S
2021-06-15T14:01:54,100.0,35.25,S
2021-06-15T14:01:54,400.0,35.25,S
2021-06-15T14:01:53,200.0,35.25,S
2021-06-15T14:01:53,200.0,35.25,S
2021-06-15T14:01:52,800.0,35.25,S
2021-06-15T14:01:50,2000.0,35.25,S
2021-06-15T14:01:50,2000.0,35.25,S
2021-06-15T14:01:48,1000.0,35.25,S
2021-06-15T14:01:44,400.0,35.25,S
2021-06-15T14:01:44,300.0,35.25,S
2021-06-15T14:01:41,200.0,35.25,S
2021-06-15T14:01:41,3000.0,35.2,S
2021-06-15T14:01:41,1000.0,35.25,S
2021-06-15T14:01:39,800.0,35.25,S
2021-06-15T14:01:37,1000.0,35.25,S
2021-06-15T14:01:36,1000.0,35.25,S
2021-06-15T14:01:35,1100.0,35.25,S
2021-06-15T14:01:35,1100.0,35.25,S
2021-06-15T14:01:35,1100.0,35.25,S
2021-06-15T14:01:35,2900.0,35.25,S
2021-06-15T14:01:35,11700.0,35.25,S
2021-06-15T14:01:35,300.0,35.25,S
2021-06-15T14:01:34,500.0,35.25,S
2021-06-15T14:01:31,2000.0,35.3,B
2021-06-15T14:01:24,100.0,35.3,B
2021-06-15T14:01:19,100.0,35.25,S
2021-06-15T14:01:19,500.0,35.3,B
2021-06-15T14:01:18,3000.0,35.3,B
2021-06-15T14:01:17,500.0,35.3,B
2021-06-15T14:01:13,900.0,35.3,B
2021-06-15T14:01:13,2800.0,35.25,S
2021-06-15T14:01:13,1000.0,35.3,B
2021-06-15T14:01:12,100.0,35.3,B
2021-06-15T14:01:08,500.0,35.3,B
2021-06-15T14:01:08,100.0,35.3,B
2021-06-15T14:01:00,200.0,35.3,B
2021-06-15T14:00:56,300.0,35.3,B
2021-06-15T14:00:56,200.0,35.3,B
2021-06-15T14:00:56,500.0,35.3,B
2021-06-15T14:00:55,3000.0,35.25,S
2021-06-15T14:00:50,6000.0,35.3,B
2021-06-15T14:00:48,200.0,35.3,B
2021-06-15T14:00:45,500.0,35.3,B
2021-06-15T14:00:33,500.0,35.3,B
2021-06-15T14:00:29,100.0,35.3,B
2021-06-15T14:00:28,800.0,35.3,B
2021-06-15T14:00:23,300.0,35.3,B
2021-06-15T14:00:21,2700.0,35.3,B
2021-06-15T14:00:21,1200.0,35.25,S
2021-06-15T14:00:21,3400.0,35.25,S
2021-06-15T14:00:21,500.0,35.25,S
2021-06-15T14:00:21,2900.0,35.25,S
2021-06-15T14:00:21,3700.0,35.25,S
2021-06-15T14:00:21,6000.0,35.25,S
2021-06-15T14:00:20,1000.0,35.3,B
2021-06-15T14:00:20,300.0,35.3,B
2021-06-15T14:00:18,2000.0,35.3,B
2021-06-15T14:00:14,1000.0,35.3,B
2021-06-15T14:00:11,500.0,35.25,S
2021-06-15T14:00:09,300.0,35.3,B
2021-06-15T14:00:09,5000.0,35.3,B
2021-06-15T14:00:07,2000.0,35.25,S
2021-06-15T14:00:04,1000.0,35.3,B
2021-06-15T14:00:03,500.0,35.3,B
2021-06-15T14:00:01,5400.0,35.3,B
2021-06-15T14:00:01,100.0,35.3,B
2021-06-15T13:59:57,3000.0,35.3,B
2021-06-15T13:59:54,300.0,35.3,B
2021-06-15T13:59:49,300.0,35.3,B
2021-06-15T13:59:49,100.0,35.3,B
2021-06-15T13:59:49,400.0,35.3,B
2021-06-15T13:59:45,500.0,35.3,S
2021-06-15T13:59:42,5000.0,35.3,S
2021-06-15T13:59:42,1000.0,35.25,S
2021-06-15T13:59:41,800.0,35.3,S
2021-06-15T13:59:28,1000.0,35.3,S
2021-06-15T13:59:27,500.0,35.3,S
2021-06-15T13:59:11,300.0,35.3,S
2021-06-15T13:59:05,300.0,35.3,S
2021-06-15T13:58:59,1000.0,35.25,S
2021-06-15T13:58:55,2300.0,35.3,S
2021-06-15T13:58:55,1500.0,35.3,S
2021-06-15T13:58:54,10000.0,35.25,S
2021-06-15T13:58:52,100.0,35.3,S
2021-06-15T13:58:50,500.0,35.25,S
2021-06-15T13:58:48,100.0,35.3,S
2021-06-15T13:58:46,300.0,35.25,S
2021-06-15T13:58:46,200.0,35.25,S
2021-06-15T13:58:46,700.0,35.3,S
2021-06-15T13:58:44,1000.0,35.3,S
2021-06-15T13:58:42,100.0,35.3,S
2021-06-15T13:58:42,1000.0,35.3,S
2021-06-15T13:58:41,2500.0,35.3,S
2021-06-15T13:58:41,200.0,35.3,S
2021-06-15T13:58:40,500.0,35.3,S
2021-06-15T13:58:38,200.0,35.3,S
2021-06-15T13:58:37,5000.0,35.3,S
2021-06-15T13:58:36,300.0,35.3,S
2021-06-15T13:58:34,400.0,35.3,S
2021-06-15T13:58:33,1000.0,35.3,S
2021-06-15T13:58:31,200.0,35.3,S
2021-06-15T13:58:29,400.0,35.3,S
2021-06-15T13:58:26,500.0,35.3,S
2021-06-15T13:58:25,1000.0,35.3,S
2021-06-15T13:58:22,300.0,35.3,S
2021-06-15T13:58:20,4000.0,35.3,S
2021-06-15T13:58:19,1000.0,35.3,S
2021-06-15T13:58:18,7000.0,35.25,S
2021-06-15T13:58:14,300.0,35.3,S
2021-06-15T13:58:11,200.0,35.3,S
2021-06-15T13:58:11,600.0,35.3,S
2021-06-15T13:58:09,500.0,35.25,S
2021-06-15T13:58:08,2800.0,35.3,S
2021-06-15T13:58:08,1200.0,35.3,S
2021-06-15T13:58:07,1400.0,35.3,S
2021-06-15T13:58:07,400.0,35.3,S
2021-06-15T13:58:07,500.0,35.3,S
2021-06-15T13:58:03,500.0,35.3,S
2021-06-15T13:58:00,1000.0,35.3,S
2021-06-15T13:57:57,100.0,35.3,S
2021-06-15T13:57:52,1300.0,35.3,S
2021-06-15T13:57:52,1800.0,35.3,S
2021-06-15T13:57:46,600.0,35.3,S
2021-06-15T13:57:44,12000.0,35.3,S
2021-06-15T13:57:43,3400.0,35.25,S
2021-06-15T13:57:42,2000.0,35.3,S
2021-06-15T13:57:39,9900.0,35.3,S
2021-06-15T13:57:38,1000.0,35.3,S
2021-06-15T13:57:29,1100.0,35.3,S
2021-06-15T13:57:28,5000.0,35.3,S
2021-06-15T13:57:28,1000.0,35.3,S
2021-06-15T13:57:26,100.0,35.3,S
2021-06-15T13:57:20,100.0,35.3,S
2021-06-15T13:57:18,1000.0,35.3,S
2021-06-15T13:57:17,100.0,35.3,S
2021-06-15T13:57:15,8400.0,35.3,S
2021-06-15T13:57:15,3000.0,35.3,S
2021-06-15T13:57:15,300.0,35.3,S
2021-06-15T13:57:15,2700.0,35.3,S
2021-06-15T13:57:15,2100.0,35.3,S
2021-06-15T13:57:15,800.0,35.3,S
2021-06-15T13:57:14,4600.0,35.3,S
2021-06-15T13:57:14,600.0,35.3,S
2021-06-15T13:57:14,100.0,35.3,S
2021-06-15T13:57:11,300.0,35.3,S
2021-06-15T13:57:09,2000.0,35.35,B
2021-06-15T13:57:09,400.0,35.3,S
2021-06-15T13:57:02,200.0,35.3,S
2021-06-15T13:57:01,2000.0,35.3,S
2021-06-15T13:56:58,100.0,35.35,B
2021-06-15T13:56:52,2000.0,35.3,S
2021-06-15T13:56:46,200.0,35.35,B
2021-06-15T13:56:44,200.0,35.3,S
2021-06-15T13:56:43,900.0,35.35,B
2021-06-15T13:56:42,5200.0,35.3,S
2021-06-15T13:56:39,800.0,35.35,B
2021-06-15T13:56:37,2100.0,35.35,B
2021-06-15T13:56:37,400.0,35.35,B
2021-06-15T13:56:37,10000.0,35.3,S
2021-06-15T13:56:30,300.0,35.35,B
2021-06-15T13:56:17,5000.0,35.35,B
2021-06-15T13:56:15,200.0,35.3,S
2021-06-15T13:56:15,1900.0,35.3,S
2021-06-15T13:56:15,3100.0,35.3,S
2021-06-15T13:56:14,1000.0,35.3,S
2021-06-15T13:56:13,300.0,35.35,B
2021-06-15T13:56:13,3500.0,35.3,S
2021-06-15T13:56:01,100.0,35.3,S
2021-06-15T13:56:00,1600.0,35.35,S
2021-06-15T13:56:00,4400.0,35.35,S
2021-06-15T13:55:57,800.0,35.3,S
2021-06-15T13:55:54,1000.0,35.35,S
2021-06-15T13:55:53,500.0,35.35,S
2021-06-15T13:55:52,400.0,35.35,S
2021-06-15T13:55:49,10000.0,35.3,S
2021-06-15T13:55:44,2200.0,35.3,S
2021-06-15T13:55:44,3000.0,35.3,S
2021-06-15T13:55:43,14400.0,35.3,S
2021-06-15T13:55:43,1000.0,35.3,S
2021-06-15T13:55:43,8000.0,35.3,S
2021-06-15T13:55:43,2000.0,35.3,S
2021-06-15T13:55:42,4600.0,35.3,S
2021-06-15T13:55:42,1100.0,35.35,S
2021-06-15T13:55:41,800.0,35.35,S
2021-06-15T13:55:41,1200.0,35.35,S
2021-06-15T13:55:31,200.0,35.3,S
2021-06-15T13:55:31,100.0,35.3,S
2021-06-15T13:55:26,400.0,35.3,S
2021-06-15T13:55:26,1600.0,35.3,S
2021-06-15T13:55:26,100.0,35.3,S
2021-06-15T13:55:23,800.0,35.3,S
2021-06-15T13:55:16,1200.0,35.3,S
2021-06-15T13:55:09,500.0,35.35,S
2021-06-15T13:55:07,200.0,35.35,S
2021-06-15T13:55:05,300.0,35.3,S
2021-06-15T13:55:05,1700.0,35.3,S
2021-06-15T13:55:01,300.0,35.35,S
2021-06-15T13:54:58,1700.0,35.3,S
2021-06-15T13:54:57,1500.0,35.35,S
2021-06-15T13:54:56,1000.0,35.35,S
2021-06-15T13:54:56,200.0,35.35,S
2021-06-15T13:54:50,300.0,35.3,S
2021-06-15T13:54:50,1600.0,35.3,S
2021-06-15T13:54:50,1900.0,35.3,S
2021-06-15T13:54:50,800.0,35.3,S
2021-06-15T13:54:50,10800.0,35.3,S
2021-06-15T13:54:50,1000.0,35.3,S
2021-06-15T13:54:50,900.0,35.3,S
2021-06-15T13:54:50,300.0,35.3,S
2021-06-15T13:54:50,200.0,35.3,S
2021-06-15T13:54:50,4000.0,35.3,S
2021-06-15T13:54:50,1200.0,35.3,S
2021-06-15T13:54:50,3000.0,35.3,S
2021-06-15T13:54:50,1300.0,35.3,S
2021-06-15T13:54:50,4300.0,35.3,S
2021-06-15T13:54:50,2600.0,35.3,S
2021-06-15T13:54:50,1300.0,35.3,S
2021-06-15T13:54:49,1200.0,35.3,S
2021-06-15T13:54:49,600.0,35.3,S
2021-06-15T13:54:49,700.0,35.3,S
2021-06-15T13:54:49,500.0,35.3,S
2021-06-15T13:54:49,100.0,35.3,S
2021-06-15T13:54:49,2200.0,35.3,S
2021-06-15T13:54:49,700.0,35.3,S
2021-06-15T13:54:49,5100.0,35.3,S
2021-06-15T13:54:49,7700.0,35.3,S
2021-06-15T13:54:49,3300.0,35.3,S
2021-06-15T13:54:49,1800.0,35.3,S
2021-06-15T13:54:49,200.0,35.3,S
2021-06-15T13:54:49,4500.0,35.3,S
2021-06-15T13:54:48,300.0,35.3,S
2021-06-15T13:54:48,3400.0,35.3,S
2021-06-15T13:54:48,1500.0,35.3,S
2021-06-15T13:54:48,5300.0,35.3,S
2021-06-15T13:54:48,8300.0,35.3,S
2021-06-15T13:54:48,500.0,35.3,S
2021-06-15T13:54:48,1400.0,35.3,S
2021-06-15T13:54:48,15200.0,35.3,S
2021-06-15T13:54:48,700.0,35.35,S
2021-06-15T13:54:46,100.0,35.3,S
2021-06-15T13:54:42,1100.0,35.3,S
2021-06-15T13:54:42,2100.0,35.3,S
2021-06-15T13:54:42,500.0,35.3,S
2021-06-15T13:54:42,26300.0,35.3,S
2021-06-15T13:54:39,1700.0,35.3,S
2021-06-15T13:54:35,800.0,35.3,S
2021-06-15T13:54:33,200.0,35.35,S
2021-06-15T13:54:31,1700.0,35.3,S
2021-06-15T13:54:28,5000.0,35.35,S
2021-06-15T13:54:28,1000.0,35.3,S
2021-06-15T13:54:27,300.0,35.35,S
2021-06-15T13:54:16,4000.0,35.3,S
2021-06-15T13:54:16,2100.0,35.35,S
2021-06-15T13:54:15,500.0,35.3,S
2021-06-15T13:54:14,1700.0,35.3,S
2021-06-15T13:54:14,700.0,35.35,S
2021-06-15T13:54:10,1000.0,35.35,S
2021-06-15T13:54:09,5000.0,35.3,S
2021-06-15T13:54:08,200.0,35.35,S
2021-06-15T13:53:59,1700.0,35.3,S
2021-06-15T13:53:57,300.0,35.3,S
2021-06-15T13:53:57,1700.0,35.3,S
2021-06-15T13:53:53,1700.0,35.3,S
2021-06-15T13:53:50,1000.0,35.3,S
2021-06-15T13:53:49,500.0,35.3,S
2021-06-15T13:53:48,500.0,35.35,S
2021-06-15T13:53:47,800.0,35.35,S
2021-06-15T13:53:46,100.0,35.35,S
2021-06-15T13:53:43,200.0,35.35,S
2021-06-15T13:53:43,4500.0,35.35,S
2021-06-15T13:53:43,2000.0,35.35,S
2021-06-15T13:53:41,100.0,35.35,S
2021-06-15T13:53:38,100.0,35.3,S
2021-06-15T13:53:38,3200.0,35.35,S
2021-06-15T13:53:36,500.0,35.35,S
2021-06-15T13:53:36,2000.0,35.35,S
2021-06-15T13:53:34,200.0,35.3,S
2021-06-15T13:53:33,1000.0,35.35,S
2021-06-15T13:53:29,1700.0,35.3,S
2021-06-15T13:53:27,1000.0,35.35,S
2021-06-15T13:53:25,500.0,35.3,S
2021-06-15T13:53:24,200.0,35.35,S
2021-06-15T13:53:17,800.0,35.3,S
2021-06-15T13:53:17,400.0,35.3,S
2021-06-15T13:53:16,400.0,35.3,S
2021-06-15T13:53:16,1000.0,35.35,S
2021-06-15T13:53:06,100.0,35.35,S
2021-06-15T13:53:05,100.0,35.3,S
2021-06-15T13:53:05,600.0,35.3,S
2021-06-15T13:53:05,300.0,35.3,S
2021-06-15T13:53:04,3000.0,35.35,S
2021-06-15T13:53:00,100.0,35.3,S
2021-06-15T13:52:58,3000.0,35.35,S
2021-06-15T13:52:58,1000.0,35.35,S
2021-06-15T13:52:57,100.0,35.35,S
2021-06-15T13:52:54,400.0,35.35,S
2021-06-15T13:52:52,500.0,35.35,S
2021-06-15T13:52:51,100.0,35.35,S
2021-06-15T13:52:49,100.0,35.35,S
2021-06-15T13:52:49,300.0,35.3,S
2021-06-15T13:52:40,1000.0,35.35,S
2021-06-15T13:52:40,100.0,35.35,S
2021-06-15T13:52:37,100.0,35.35,S
2021-06-15T13:52:35,500.0,35.35,S
2021-06-15T13:52:32,300.0,35.35,S
2021-06-15T13:52:29,100.0,35.35,S
2021-06-15T13:52:26,800.0,35.35,S
2021-06-15T13:52:26,100.0,35.35,S
2021-06-15T13:52:24,5000.0,35.35,S
2021-06-15T13:52:21,2000.0,35.35,S
2021-06-15T13:52:21,100.0,35.35,S
2021-06-15T13:52:20,500.0,35.35,S
2021-06-15T13:52:20,2000.0,35.35,S
2021-06-15T13:52:18,5000.0,35.35,S
2021-06-15T13:52:17,100.0,35.35,S
2021-06-15T13:52:17,100.0,35.35,S
2021-06-15T13:52:16,1000.0,35.35,S
2021-06-15T13:52:15,200.0,35.35,S
2021-06-15T13:52:11,500.0,35.35,S
2021-06-15T13:52:09,100.0,35.35,S
2021-06-15T13:52:08,3400.0,35.35,S
2021-06-15T13:52:06,100.0,35.35,S
2021-06-15T13:52:05,1000.0,35.35,S
2021-06-15T13:52:01,100.0,35.35,S
2021-06-15T13:52:00,300.0,35.35,S
2021-06-15T13:52:00,100.0,35.35,S
2021-06-15T13:51:56,200.0,35.35,S
2021-06-15T13:51:55,100.0,35.35,S
2021-06-15T13:51:55,100.0,35.3,S
2021-06-15T13:51:53,100.0,35.35,S
2021-06-15T13:51:53,300.0,35.35,S
2021-06-15T13:51:48,100.0,35.35,S
2021-06-15T13:51:48,200.0,35.3,S
2021-06-15T13:51:48,400.0,35.3,S
2021-06-15T13:51:48,300.0,35.35,S
2021-06-15T13:51:46,1000.0,35.35,S
2021-06-15T13:51:45,100.0,35.35,S
2021-06-15T13:51:44,500.0,35.35,S
2021-06-15T13:51:43,500.0,35.3,S
2021-06-15T13:51:42,6000.0,35.35,S
2021-06-15T13:51:42,200.0,35.35,S
2021-06-15T13:51:36,200.0,35.35,S
2021-06-15T13:51:34,500.0,35.35,S
2021-06-15T13:51:31,3000.0,35.35,S
2021-06-15T13:51:30,100.0,35.35,S
2021-06-15T13:51:27,500.0,35.35,S
2021-06-15T13:51:24,300.0,35.35,S
2021-06-15T13:51:23,1200.0,35.35,S
2021-06-15T13:51:22,1100.0,35.35,S
2021-06-15T13:51:22,1000.0,35.35,S
2021-06-15T13:51:21,1000.0,35.35,S
2021-06-15T13:51:21,100.0,35.35,S
2021-06-15T13:51:20,2000.0,35.3,S
2021-06-15T13:51:19,1400.0,35.35,S
2021-06-15T13:51:18,600.0,35.35,S
2021-06-15T13:51:07,500.0,35.35,S
2021-06-15T13:51:07,1200.0,35.35,S
2021-06-15T13:51:06,300.0,35.35,S
2021-06-15T13:51:02,1000.0,35.35,S
2021-06-15T13:51:02,9100.0,35.35,S
2021-06-15T13:51:02,200.0,35.4,B
2021-06-15T13:50:47,2000.0,35.35,S
2021-06-15T13:50:47,10400.0,35.35,S
2021-06-15T13:50:47,1000.0,35.35,S
2021-06-15T13:50:46,11500.0,35.35,S
2021-06-15T13:50:45,4000.0,35.35,S
2021-06-15T13:50:37,9800.0,35.35,S
2021-06-15T13:50:34,200.0,35.35,S
2021-06-15T13:50:33,1000.0,35.35,S
2021-06-15T13:50:31,2300.0,35.3,S
2021-06-15T13:50:30,7100.0,35.35,S
2021-06-15T13:50:27,5000.0,35.4,B
2021-06-15T13:50:27,100.0,35.4,B
2021-06-15T13:50:25,1000.0,35.4,B
2021-06-15T13:50:21,1000.0,35.4,B
2021-06-15T13:50:21,2500.0,35.4,B
2021-06-15T13:50:20,500.0,35.4,B
2021-06-15T13:50:20,100.0,35.4,B
2021-06-15T13:50:17,2000.0,35.4,B
2021-06-15T13:50:12,1000.0,35.4,B
2021-06-15T13:50:11,500.0,35.35,S
2021-06-15T13:50:05,2900.0,35.35,S
2021-06-15T13:50:05,400.0,35.35,S
2021-06-15T13:50:05,3800.0,35.35,S
2021-06-15T13:49:54,500.0,35.4,B
2021-06-15T13:49:52,500.0,35.35,S
2021-06-15T13:49:41,900.0,35.4,B
2021-06-15T13:49:41,200.0,35.4,B
2021-06-15T13:49:41,400.0,35.4,B
2021-06-15T13:49:28,6000.0,35.4,B
2021-06-15T13:49:22,100.0,35.4,B
2021-06-15T13:49:21,1100.0,35.35,S
2021-06-15T13:49:15,5000.0,35.4,B
2021-06-15T13:49:15,700.0,35.4,B
2021-06-15T13:49:10,100.0,35.4,B
2021-06-15T13:49:06,2000.0,35.4,B
2021-06-15T13:49:06,100.0,35.35,S
2021-06-15T13:49:00,200.0,35.35,S
2021-06-15T13:48:59,1100.0,35.35,S
2021-06-15T13:48:58,100.0,35.4,B
2021-06-15T13:48:56,100.0,35.35,S
2021-06-15T13:48:55,200.0,35.35,S
2021-06-15T13:48:52,200.0,35.4,B
2021-06-15T13:48:52,600.0,35.4,B
2021-06-15T13:48:52,400.0,35.4,B
2021-06-15T13:48:47,400.0,35.35,S
2021-06-15T13:48:45,200.0,35.35,S
2021-06-15T13:48:44,8800.0,35.35,S
2021-06-15T13:48:44,100.0,35.35,S
2021-06-15T13:48:43,1100.0,35.35,S
2021-06-15T13:48:42,200.0,35.35,S
2021-06-15T13:48:40,500.0,35.35,S
2021-06-15T13:48:40,300.0,35.35,S
2021-06-15T13:48:39,500.0,35.35,S
2021-06-15T13:48:39,200.0,35.35,S
2021-06-15T13:48:38,900.0,35.35,S
2021-06-15T13:48:36,100.0,35.35,S
2021-06-15T13:48:35,1000.0,35.35,S
2021-06-15T13:48:33,4000.0,35.35,S
2021-06-15T13:48:28,1100.0,35.35,S
2021-06-15T13:48:26,100.0,35.35,S
2021-06-15T13:48:25,2800.0,35.35,S
2021-06-15T13:48:13,1000.0,35.4,B
2021-06-15T13:48:10,2200.0,35.3,S
2021-06-15T13:48:10,600.0,35.3,S
2021-06-15T13:48:10,200.0,35.3,S
2021-06-15T13:48:09,7000.0,35.3,S
2021-06-15T13:48:05,1000.0,35.35,S
2021-06-15T13:48:01,100.0,35.35,S
2021-06-15T13:48:01,100.0,35.35,S
2021-06-15T13:48:01,1000.0,35.35,S
2021-06-15T13:47:59,1200.0,35.35,S
2021-06-15T13:47:58,1000.0,35.35,S
2021-06-15T13:47:58,1200.0,35.35,S
2021-06-15T13:47:58,100.0,35.35,S
2021-06-15T13:47:58,500.0,35.35,S
2021-06-15T13:47:58,7200.0,35.35,S
2021-06-15T13:47:55,500.0,35.4,B
2021-06-15T13:47:51,200.0,35.35,S
2021-06-15T13:47:49,500.0,35.35,S
2021-06-15T13:47:47,100.0,35.4,B
2021-06-15T13:47:43,3000.0,35.35,S
2021-06-15T13:47:27,800.0,35.35,S
2021-06-15T13:47:25,700.0,35.4,B
2021-06-15T13:47:25,1000.0,35.35,S
2021-06-15T13:47:25,300.0,35.4,B
2021-06-15T13:47:23,200.0,35.35,S
2021-06-15T13:47:23,100.0,35.35,S
2021-06-15T13:47:23,1400.0,35.35,S
2021-06-15T13:47:19,1000.0,35.35,S
2021-06-15T13:47:14,1700.0,35.35,S
2021-06-15T13:47:14,1500.0,35.35,S
2021-06-15T13:47:13,3000.0,35.35,S
2021-06-15T13:47:13,4000.0,35.35,S
2021-06-15T13:47:10,300.0,35.35,S
2021-06-15T13:47:08,100.0,35.4,B
2021-06-15T13:47:06,1700.0,35.35,S
2021-06-15T13:47:01,1700.0,35.35,S
2021-06-15T13:47:00,100.0,35.35,S
2021-06-15T13:46:57,800.0,35.35,S
2021-06-15T13:46:57,1200.0,35.35,S
2021-06-15T13:46:57,3000.0,35.35,S
2021-06-15T13:46:56,7000.0,35.4,B
2021-06-15T13:46:52,4000.0,35.4,B
2021-06-15T13:46:52,1700.0,35.35,S
2021-06-15T13:46:52,200.0,35.35,S
2021-06-15T13:46:52,400.0,35.35,S
2021-06-15T13:46:46,1800.0,35.35,S
2021-06-15T13:46:46,8200.0,35.35,S
2021-06-15T13:46:46,1700.0,35.4,B
2021-06-15T13:46:45,500.0,35.4,B
2021-06-15T13:46:45,200.0,35.35,S
2021-06-15T13:46:45,1700.0,35.35,S
2021-06-15T13:46:44,400.0,35.4,B
2021-06-15T13:46:42,100.0,35.4,B
2021-06-15T13:46:41,2000.0,35.35,S
2021-06-15T13:46:36,1700.0,35.35,S
2021-06-15T13:46:35,6000.0,35.4,B
2021-06-15T13:46:29,200.0,35.4,B
2021-06-15T13:46:29,1000.0,35.4,B
2021-06-15T13:46:28,1800.0,35.4,B
2021-06-15T13:46:28,2200.0,35.4,B
2021-06-15T13:46:28,2200.0,35.4,B
2021-06-15T13:46:28,500.0,35.4,B
2021-06-15T13:46:28,700.0,35.4,B
2021-06-15T13:46:28,300.0,35.4,B
2021-06-15T13:46:26,500.0,35.4,B
2021-06-15T13:46:25,1700.0,35.35,S
2021-06-15T13:46:25,300.0,35.4,B
2021-06-15T13:46:24,1500.0,35.4,B
2021-06-15T13:46:19,700.0,35.35,S
2021-06-15T13:46:16,500.0,35.35,S
2021-06-15T13:46:09,200.0,35.4,B
2021-06-15T13:46:09,300.0,35.4,B
2021-06-15T13:46:09,2000.0,35.4,B
2021-06-15T13:46:09,600.0,35.4,B
2021-06-15T13:46:09,600.0,35.4,B
2021-06-15T13:46:09,1000.0,35.4,B
2021-06-15T13:46:04,1200.0,35.4,B
2021-06-15T13:46:04,1000.0,35.4,B
2021-06-15T13:46:04,1700.0,35.35,S
2021-06-15T13:46:03,2300.0,35.35,S
2021-06-15T13:46:02,5800.0,35.4,B
2021-06-15T13:46:01,1000.0,35.4,B
2021-06-15T13:45:59,300.0,35.4,B
2021-06-15T13:45:56,10000.0,35.4,B
2021-06-15T13:45:56,1600.0,35.4,B
2021-06-15T13:45:55,100.0,35.4,B
2021-06-15T13:45:54,200.0,35.35,S
2021-06-15T13:45:52,500.0,35.4,B
2021-06-15T13:45:51,3000.0,35.4,B
2021-06-15T13:45:49,100.0,35.4,B
2021-06-15T13:45:46,800.0,35.35,S
2021-06-15T13:45:46,200.0,35.35,S
2021-06-15T13:45:46,2000.0,35.35,S
2021-06-15T13:45:44,200.0,35.4,B
2021-06-15T13:45:43,100.0,35.4,B
2021-06-15T13:45:37,100.0,35.4,B
2021-06-15T13:45:34,7300.0,35.4,B
2021-06-15T13:45:34,500.0,35.4,B
2021-06-15T13:45:34,1200.0,35.4,B
2021-06-15T13:45:33,200.0,35.4,B
2021-06-15T13:45:33,300.0,35.35,S
2021-06-15T13:45:33,2200.0,35.35,S
2021-06-15T13:45:33,4700.0,35.35,S
2021-06-15T13:45:33,2800.0,35.35,S
2021-06-15T13:45:30,400.0,35.4,B
2021-06-15T13:45:29,200.0,35.4,B
2021-06-15T13:45:17,500.0,35.4,B
2021-06-15T13:45:16,1000.0,35.35,S
2021-06-15T13:45:12,1300.0,35.35,S
2021-06-15T13:45:12,500.0,35.4,B
2021-06-15T13:45:12,500.0,35.4,B
2021-06-15T13:45:11,500.0,35.35,S
2021-06-15T13:45:11,15000.0,35.4,B
2021-06-15T13:45:11,600.0,35.4,B
2021-06-15T13:45:10,10000.0,35.35,S
2021-06-15T13:45:10,1000.0,35.4,B
2021-06-15T13:45:08,1000.0,35.4,B
2021-06-15T13:45:04,300.0,35.4,B
2021-06-15T13:44:54,15000.0,35.35,S
2021-06-15T13:44:53,19700.0,35.4,B
2021-06-15T13:44:52,2000.0,35.4,B
2021-06-15T13:44:52,3000.0,35.4,B
2021-06-15T13:44:50,100.0,35.4,B
2021-06-15T13:44:46,10000.0,35.35,S
2021-06-15T13:44:44,20000.0,35.4,B
2021-06-15T13:44:43,300.0,35.35,S
2021-06-15T13:44:38,2000.0,35.4,B
2021-06-15T13:44:34,2800.0,35.35,S
2021-06-15T13:44:30,200.0,35.4,B
2021-06-15T13:44:27,500.0,35.4,B
2021-06-15T13:44:27,100.0,35.4,B
2021-06-15T13:44:25,100.0,35.4,B
2021-06-15T13:44:24,1300.0,35.4,B
2021-06-15T13:44:24,500.0,35.4,B
2021-06-15T13:44:24,400.0,35.4,B
2021-06-15T13:44:18,2000.0,35.35,S
2021-06-15T13:44:17,5000.0,35.4,B
2021-06-15T13:44:16,100.0,35.35,S
2021-06-15T13:44:16,100.0,35.35,S
2021-06-15T13:44:15,1500.0,35.4,B
2021-06-15T13:44:14,700.0,35.4,B
2021-06-15T13:44:14,4700.0,35.4,B
2021-06-15T13:44:14,500.0,35.4,B
2021-06-15T13:44:14,2200.0,35.4,B
2021-06-15T13:44:14,5900.0,35.4,B
2021-06-15T13:44:14,1000.0,35.4,B
2021-06-15T13:44:14,2500.0,35.4,B
2021-06-15T13:44:14,300.0,35.4,B
2021-06-15T13:44:14,5900.0,35.4,B
2021-06-15T13:44:12,1500.0,35.4,B
2021-06-15T13:44:10,500.0,35.4,B
2021-06-15T13:44:08,1200.0,35.4,B
2021-06-15T13:44:08,1000.0,35.4,B
2021-06-15T13:44:04,2200.0,35.4,B
2021-06-15T13:44:02,100.0,35.4,B
2021-06-15T13:43:53,3000.0,35.4,B
2021-06-15T13:43:50,300.0,35.4,B
2021-06-15T13:43:45,1000.0,35.4,B
2021-06-15T13:43:41,1000.0,35.4,B
2021-06-15T13:43:39,5000.0,35.4,B
2021-06-15T13:43:39,500.0,35.4,B
2021-06-15T13:43:31,100.0,35.35,S
2021-06-15T13:43:28,10000.0,35.4,B
2021-06-15T13:43:27,200.0,35.4,B
2021-06-15T13:43:25,2000.0,35.4,B
2021-06-15T13:43:24,2200.0,35.4,B
2021-06-15T13:43:24,1400.0,35.4,B
2021-06-15T13:43:20,200.0,35.4,B
2021-06-15T13:43:20,3300.0,35.4,B
2021-06-15T13:43:19,500.0,35.4,B
2021-06-15T13:43:19,100.0,35.4,B
2021-06-15T13:43:18,100.0,35.4,B
2021-06-15T13:43:18,300.0,35.4,B
2021-06-15T13:43:17,2500.0,35.4,B
2021-06-15T13:43:12,7000.0,35.4,B
2021-06-15T13:43:12,100.0,35.4,B
2021-06-15T13:43:12,19000.0,35.4,B
2021-06-15T13:43:05,1600.0,35.4,B
2021-06-15T13:43:00,1800.0,35.4,B
2021-06-15T13:42:56,100.0,35.4,B
2021-06-15T13:42:54,600.0,35.4,B
2021-06-15T13:42:52,100.0,35.4,B
2021-06-15T13:42:50,1000.0,35.4,B
2021-06-15T13:42:47,300.0,35.4,B
2021-06-15T13:42:45,100.0,35.4,B
2021-06-15T13:42:44,200.0,35.4,B
2021-06-15T13:42:43,10000.0,35.35,S
2021-06-15T13:42:43,1000.0,35.35,S
2021-06-15T13:42:40,1000.0,35.35,S
2021-06-15T13:42:40,100.0,35.35,S
2021-06-15T13:42:40,1000.0,35.35,S
2021-06-15T13:42:39,200.0,35.4,B
2021-06-15T13:42:38,5000.0,35.35,S
2021-06-15T13:42:34,200.0,35.4,B
2021-06-15T13:42:30,2000.0,35.4,B
2021-06-15T13:42:26,700.0,35.4,B
2021-06-15T13:42:25,1000.0,35.4,B
2021-06-15T13:42:25,400.0,35.4,B
2021-06-15T13:42:20,200.0,35.4,B
2021-06-15T13:42:19,7500.0,35.35,S
2021-06-15T13:42:16,1000.0,35.35,S
2021-06-15T13:42:13,100.0,35.4,B
2021-06-15T13:42:09,100.0,35.4,B
2021-06-15T13:41:57,2000.0,35.35,S
2021-06-15T13:41:56,500.0,35.35,S
2021-06-15T13:41:55,1000.0,35.4,B
2021-06-15T13:41:54,5300.0,35.4,B
2021-06-15T13:41:51,2000.0,35.4,B
2021-06-15T13:41:51,10000.0,35.35,S
2021-06-15T13:41:45,1000.0,35.35,S
2021-06-15T13:41:45,800.0,35.35,S
2021-06-15T13:41:43,2000.0,35.3,S
2021-06-15T13:41:42,1000.0,35.3,S
2021-06-15T13:41:38,500.0,35.4,B
2021-06-15T13:41:37,500.0,35.3,S
2021-06-15T13:41:33,2000.0,35.3,S
2021-06-15T13:41:33,1000.0,35.35,S
2021-06-15T13:41:23,600.0,35.3,S
2021-06-15T13:41:21,600.0,35.3,S
2021-06-15T13:41:21,1200.0,35.3,S
2021-06-15T13:41:17,5000.0,35.3,S
2021-06-15T13:41:13,200.0,35.35,S
2021-06-15T13:41:12,500.0,35.35,S
2021-06-15T13:41:08,1000.0,35.4,B
2021-06-15T13:41:03,200.0,35.3,S
2021-06-15T13:40:59,500.0,35.3,S
2021-06-15T13:40:59,1500.0,35.3,S
2021-06-15T13:40:56,1700.0,35.4,B
2021-06-15T13:40:55,5000.0,35.4,B
2021-06-15T13:40:52,1000.0,35.35,S
2021-06-15T13:40:51,300.0,35.35,S
2021-06-15T13:40:50,100.0,35.4,B
2021-06-15T13:40:50,100.0,35.4,B
2021-06-15T13:40:47,500.0,35.4,B
2021-06-15T13:40:44,300.0,35.3,S
2021-06-15T13:40:42,1100.0,35.3,S
2021-06-15T13:40:41,300.0,35.35,S
2021-06-15T13:40:40,200.0,35.4,B
2021-06-15T13:40:40,600.0,35.35,S
2021-06-15T13:40:37,2000.0,35.4,B
2021-06-15T13:40:36,5000.0,35.4,B
2021-06-15T13:40:35,100.0,35.35,S
2021-06-15T13:40:34,100.0,35.4,B
2021-06-15T13:40:33,3000.0,35.4,B
2021-06-15T13:40:33,2000.0,35.4,B
2021-06-15T13:40:32,4000.0,35.4,B
2021-06-15T13:40:32,1000.0,35.4,B
2021-06-15T13:40:30,3400.0,35.3,S
2021-06-15T13:40:28,600.0,35.35,S
2021-06-15T13:40:28,100.0,35.4,B
2021-06-15T13:40:28,1200.0,35.4,B
2021-06-15T13:40:26,100.0,35.35,S
2021-06-15T13:40:25,100.0,35.4,B
2021-06-15T13:40:24,600.0,35.35,S
2021-06-15T13:40:23,100.0,35.4,B
2021-06-15T13:40:22,5000.0,35.3,S
2021-06-15T13:40:17,2000.0,35.4,B
2021-06-15T13:39:58,200.0,35.4,B
2021-06-15T13:39:58,100.0,35.4,B
2021-06-15T13:39:57,1000.0,35.3,S
2021-06-15T13:39:56,200.0,35.3,S
2021-06-15T13:39:56,200.0,35.35,S
2021-06-15T13:39:51,300.0,35.4,B
2021-06-15T13:39:51,25000.0,35.4,B
2021-06-15T13:39:49,500.0,35.35,S
2021-06-15T13:39:48,3000.0,35.3,S
2021-06-15T13:39:48,100.0,35.3,S
2021-06-15T13:39:47,500.0,35.35,S
2021-06-15T13:39:47,700.0,35.35,S
2021-06-15T13:39:45,800.0,35.35,S
2021-06-15T13:39:44,2000.0,35.4,B
2021-06-15T13:39:42,2000.0,35.4,B
2021-06-15T13:39:42,1000.0,35.3,S
2021-06-15T13:39:40,100.0,35.4,B
2021-06-15T13:39:40,700.0,35.4,B
2021-06-15T13:39:39,800.0,35.3,S
2021-06-15T13:39:35,100.0,35.4,B
2021-06-15T13:39:35,1000.0,35.4,B
2021-06-15T13:39:35,1000.0,35.4,B
2021-06-15T13:39:34,1200.0,35.4,B
2021-06-15T13:39:34,5000.0,35.4,B
2021-06-15T13:39:33,600.0,35.3,S
2021-06-15T13:39:32,1000.0,35.4,B
2021-06-15T13:39:30,5000.0,35.3,S
2021-06-15T13:39:29,200.0,35.4,B
2021-06-15T13:39:29,3000.0,35.4,B
2021-06-15T13:39:28,400.0,35.35,S
2021-06-15T13:39:27,100.0,35.4,B
2021-06-15T13:39:26,300.0,35.4,B
2021-06-15T13:39:24,500.0,35.4,B
2021-06-15T13:39:24,4200.0,35.4,B
2021-06-15T13:39:23,500.0,35.4,B
2021-06-15T13:39:18,2700.0,35.35,S
2021-06-15T13:39:16,500.0,35.35,S
2021-06-15T13:39:16,500.0,35.4,B
2021-06-15T13:39:15,100.0,35.4,B
2021-06-15T13:39:10,3000.0,35.4,B
2021-06-15T13:39:07,800.0,35.4,B
2021-06-15T13:39:05,17000.0,35.4,B
2021-06-15T13:39:03,300.0,35.4,B
2021-06-15T13:39:00,5000.0,35.4,B
2021-06-15T13:38:58,2000.0,35.3,S
2021-06-15T13:38:57,200.0,35.4,B
2021-06-15T13:38:52,1000.0,35.4,B
2021-06-15T13:38:49,600.0,35.4,B
2021-06-15T13:38:44,100.0,35.4,B
2021-06-15T13:38:43,3000.0,35.4,B
2021-06-15T13:38:36,300.0,35.4,B
2021-06-15T13:38:31,10000.0,35.4,B
2021-06-15T13:38:28,300.0,35.4,B
2021-06-15T13:38:27,100.0,35.4,B
2021-06-15T13:38:26,100.0,35.3,S
2021-06-15T13:38:25,200.0,35.4,B
2021-06-15T13:38:15,200.0,35.4,S
2021-06-15T13:38:15,100.0,35.4,S
2021-06-15T13:38:15,5000.0,35.3,S
2021-06-15T13:38:07,200.0,35.4,S
2021-06-15T13:38:05,100.0,35.4,S
2021-06-15T13:38:03,100.0,35.4,S
2021-06-15T13:38:01,300.0,35.4,S
2021-06-15T13:38:01,700.0,35.4,S
2021-06-15T13:38:01,300.0,35.3,S
2021-06-15T13:38:01,1000.0,35.4,S
2021-06-15T13:38:01,1000.0,35.4,S
2021-06-15T13:38:01,500.0,35.4,S
2021-06-15T13:37:59,800.0,35.4,S
2021-06-15T13:37:58,500.0,35.4,S
2021-06-15T13:37:58,1000.0,35.4,S
2021-06-15T13:37:56,500.0,35.4,S
2021-06-15T13:37:56,400.0,35.4,S
2021-06-15T13:37:56,100.0,35.4,S
2021-06-15T13:37:54,300.0,35.4,S
2021-06-15T13:37:49,100.0,35.4,S
2021-06-15T13:37:48,200.0,35.4,S
2021-06-15T13:37:46,700.0,35.4,S
2021-06-15T13:37:42,500.0,35.4,S
2021-06-15T13:37:42,100.0,35.4,S
2021-06-15T13:37:40,1300.0,35.4,S
2021-06-15T13:37:39,200.0,35.4,S
2021-06-15T13:37:39,3300.0,35.4,S
2021-06-15T13:37:39,2000.0,35.45,S
2021-06-15T13:37:34,100.0,35.45,S
2021-06-15T13:37:32,500.0,35.4,S
2021-06-15T13:37:32,100.0,35.45,S
2021-06-15T13:37:27,500.0,35.4,S
2021-06-15T13:37:26,300.0,35.4,S
2021-06-15T13:37:25,500.0,35.4,S
2021-06-15T13:37:20,200.0,35.4,S
2021-06-15T13:37:14,1700.0,35.4,S
2021-06-15T13:37:13,400.0,35.3,S
2021-06-15T13:37:12,900.0,35.4,S
2021-06-15T13:37:06,1400.0,35.4,S
2021-06-15T13:37:04,600.0,35.3,S
2021-06-15T13:37:02,1000.0,35.4,S
2021-06-15T13:37:00,100.0,35.4,S
2021-06-15T13:37:00,300.0,35.4,S
2021-06-15T13:36:58,9000.0,35.4,S
2021-06-15T13:36:57,1500.0,35.3,S
2021-06-15T13:36:55,100.0,35.4,S
2021-06-15T13:36:54,100.0,35.5,B
2021-06-15T13:36:53,1400.0,35.4,S
2021-06-15T13:36:51,200.0,35.4,S
2021-06-15T13:36:47,200.0,35.4,S
2021-06-15T13:36:46,100.0,35.5,B
2021-06-15T13:36:45,14100.0,35.5,B
2021-06-15T13:36:44,100.0,35.4,S
2021-06-15T13:36:43,2000.0,35.4,S
2021-06-15T13:36:39,300.0,35.3,S
2021-06-15T13:36:39,1000.0,35.3,S
2021-06-15T13:36:39,3500.0,35.3,S
2021-06-15T13:36:39,100.0,35.3,S
2021-06-15T13:36:39,100.0,35.3,S
2021-06-15T13:36:39,100.0,35.4,S
2021-06-15T13:36:39,100.0,35.4,S
2021-06-15T13:36:38,500.0,35.4,S
2021-06-15T13:36:38,500.0,35.4,S
2021-06-15T13:36:37,500.0,35.4,S
2021-06-15T13:36:36,200.0,35.4,S
2021-06-15T13:36:35,800.0,35.2,S
2021-06-15T13:36:33,8000.0,35.2,S
2021-06-15T13:36:33,2000.0,35.3,S
2021-06-15T13:36:32,18100.0,35.5,B
2021-06-15T13:36:32,12000.0,35.45,S
2021-06-15T13:36:32,9900.0,35.4,S
2021-06-15T13:36:30,2000.0,35.3,S
2021-06-15T13:36:29,100.0,35.4,S
2021-06-15T13:36:29,100.0,35.4,S
2021-06-15T13:36:28,1000.0,35.4,S
2021-06-15T13:36:27,100.0,35.4,S
2021-06-15T13:36:24,100.0,35.4,S
2021-06-15T13:36:22,500.0,35.4,S
2021-06-15T13:36:22,700.0,35.4,S
2021-06-15T13:36:21,400.0,35.4,S
2021-06-15T13:36:21,600.0,35.4,S
2021-06-15T13:36:20,200.0,35.4,S
2021-06-15T13:36:18,30000.0,35.45,S
2021-06-15T13:36:18,100.0,35.4,S
2021-06-15T13:36:17,500.0,35.4,S
2021-06-15T13:36:15,500.0,35.4,S
2021-06-15T13:36:15,5000.0,35.3,S
2021-06-15T13:36:15,900.0,35.4,S
2021-06-15T13:36:14,100.0,35.4,S
2021-06-15T13:36:14,100.0,35.4,S
2021-06-15T13:36:13,200.0,35.4,S
2021-06-15T13:36:13,5000.0,35.45,S
2021-06-15T13:36:12,300.0,35.4,S
2021-06-15T13:36:09,8400.0,35.4,S
2021-06-15T13:36:08,300.0,35.45,S
2021-06-15T13:36:07,500.0,35.45,S
2021-06-15T13:36:05,500.0,35.45,S
2021-06-15T13:36:05,400.0,35.4,S
2021-06-15T13:36:04,2000.0,35.4,S
2021-06-15T13:36:04,1000.0,35.45,S
2021-06-15T13:36:01,500.0,35.45,S
2021-06-15T13:35:59,1100.0,35.4,S
2021-06-15T13:35:58,600.0,35.3,S
2021-06-15T13:35:56,500.0,35.3,S
2021-06-15T13:35:56,100.0,35.4,S
2021-06-15T13:35:55,300.0,35.4,S
2021-06-15T13:35:51,100.0,35.4,S
2021-06-15T13:35:50,200.0,35.4,S
2021-06-15T13:35:50,1000.0,35.4,S
2021-06-15T13:35:49,200.0,35.5,B
2021-06-15T13:35:49,30000.0,35.5,B
2021-06-15T13:35:45,100.0,35.3,S
2021-06-15T13:35:43,100.0,35.4,S
2021-06-15T13:35:41,6400.0,35.5,B
2021-06-15T13:35:41,100.0,35.4,S
2021-06-15T13:35:39,1000.0,35.4,S
2021-06-15T13:35:38,200.0,35.4,S
2021-06-15T13:35:38,500.0,35.4,S
2021-06-15T13:35:35,500.0,35.2,S
2021-06-15T13:35:35,500.0,35.2,S
2021-06-15T13:35:33,500.0,35.4,S
2021-06-15T13:35:33,400.0,35.5,B
2021-06-15T13:35:27,1000.0,35.5,B
2021-06-15T13:35:25,500.0,35.5,B
2021-06-15T13:35:25,3100.0,35.5,B
2021-06-15T13:35:25,16900.0,35.5,B
2021-06-15T13:35:22,1300.0,35.25,S
2021-06-15T13:35:21,3100.0,35.4,S
2021-06-15T13:35:21,500.0,35.4,S
2021-06-15T13:35:07,1400.0,35.4,S
2021-06-15T13:35:05,400.0,35.4,S
2021-06-15T13:35:05,100.0,35.4,S
2021-06-15T13:35:04,4000.0,35.4,S
2021-06-15T13:35:03,300.0,35.4,S
2021-06-15T13:35:01,100.0,35.4,S
2021-06-15T13:34:57,200.0,35.4,S
2021-06-15T13:34:57,1000.0,35.4,S
2021-06-15T13:34:56,400.0,35.4,S
2021-06-15T13:34:55,1700.0,35.1,S
2021-06-15T13:34:53,2000.0,35.4,S
2021-06-15T13:34:52,9700.0,35.1,S
2021-06-15T13:34:52,300.0,35.2,S
2021-06-15T13:34:50,100.0,35.4,S
2021-06-15T13:34:47,10000.0,35.4,S
2021-06-15T13:34:46,200.0,35.1,S
2021-06-15T13:34:45,1000.0,35.4,S
2021-06-15T13:34:44,22100.0,35.1,S
2021-06-15T13:34:44,7800.0,35.1,S
2021-06-15T13:34:44,100.0,35.35,S
2021-06-15T13:34:44,9400.0,35.4,S
2021-06-15T13:34:44,2100.0,35.5,B
2021-06-15T13:34:43,100.0,35.5,B
2021-06-15T13:34:41,200.0,35.5,B
2021-06-15T13:34:41,10000.0,35.55,B
2021-06-15T13:34:40,25100.0,35.55,B
2021-06-15T13:34:40,100.0,35.55,B
2021-06-15T13:34:40,2000.0,35.55,B
2021-06-15T13:34:40,2800.0,35.55,B
2021-06-15T13:34:39,2000.0,35.5,B
2021-06-15T13:34:32,50000.0,35.55,B
2021-06-15T13:34:32,800.0,35.2,S
2021-06-15T13:34:31,500.0,35.5,B
2021-06-15T13:34:30,100.0,35.5,B
2021-06-15T13:34:29,100.0,35.5,B
2021-06-15T13:34:26,10000.0,35.5,B
2021-06-15T13:34:26,2200.0,35.5,B
2021-06-15T13:34:23,600.0,35.5,B
2021-06-15T13:34:23,5000.0,35.5,B
2021-06-15T13:34:23,300.0,35.1,S
2021-06-15T13:34:20,10000.0,35.1,S
2021-06-15T13:34:20,2000.0,35.5,B
2021-06-15T13:34:18,1000.0,35.5,B
2021-06-15T13:34:16,1000.0,35.5,B
2021-06-15T13:34:16,100.0,35.5,B
2021-06-15T13:34:15,20000.0,35.5,B
2021-06-15T13:34:15,100.0,35.5,B
2021-06-15T13:34:15,500.0,35.5,B
2021-06-15T13:34:15,15000.0,35.5,B
2021-06-15T13:34:14,1000.0,35.5,B
2021-06-15T13:34:14,400.0,35.5,B
2021-06-15T13:34:12,1900.0,35.5,B
2021-06-15T13:34:12,5500.0,35.5,B
2021-06-15T13:34:10,1000.0,35.5,B
2021-06-15T13:34:09,100.0,35.5,B
2021-06-15T13:34:08,1600.0,35.5,B
2021-06-15T13:34:08,100.0,35.5,B
2021-06-15T13:34:04,200.0,35.5,B
2021-06-15T13:34:02,14000.0,35.1,S
2021-06-15T13:34:02,800.0,35.2,S
2021-06-15T13:34:02,500.0,35.2,S
2021-06-15T13:34:02,100.0,35.2,S
2021-06-15T13:34:02,1200.0,35.2,S
2021-06-15T13:34:02,400.0,35.2,S
2021-06-15T13:34:02,5200.0,35.2,S
2021-06-15T13:34:02,10300.0,35.2,S
2021-06-15T13:34:02,26300.0,35.2,S
2021-06-15T13:34:02,400.0,35.3,S
2021-06-15T13:34:02,1100.0,35.3,S
2021-06-15T13:34:02,900.0,35.3,S
2021-06-15T13:34:02,2100.0,35.3,S
2021-06-15T13:34:02,1400.0,35.3,S
2021-06-15T13:34:02,1400.0,35.3,S
2021-06-15T13:34:02,1600.0,35.3,S
2021-06-15T13:34:02,3600.0,35.3,S
2021-06-15T13:34:02,2500.0,35.3,S
2021-06-15T13:34:01,2100.0,35.3,S
2021-06-15T13:34:01,9500.0,35.3,S
2021-06-15T13:34:01,5000.0,35.3,S
2021-06-15T13:34:01,2500.0,35.35,S
2021-06-15T13:34:01,5100.0,35.35,S
2021-06-15T13:34:01,300.0,35.4,S
2021-06-15T13:34:01,11500.0,35.4,S
2021-06-15T13:34:01,1200.0,35.4,S
2021-06-15T13:34:01,100.0,35.4,S
2021-06-15T13:34:01,2700.0,35.4,S
2021-06-15T13:34:01,100.0,35.4,S
2021-06-15T13:34:00,1000.0,35.4,S
2021-06-15T13:34:00,2500.0,35.4,S
2021-06-15T13:34:00,300.0,35.4,S
2021-06-15T13:34:00,4800.0,35.4,S
2021-06-15T13:34:00,5400.0,35.4,S
2021-06-15T13:34:00,700.0,35.45,S
2021-06-15T13:34:00,500.0,35.45,S
2021-06-15T13:33:59,2800.0,35.45,S
2021-06-15T13:33:59,14100.0,35.5,S
2021-06-15T13:33:59,10100.0,35.5,S
2021-06-15T13:33:59,200.0,35.5,S
2021-06-15T13:33:59,5000.0,35.5,S
2021-06-15T13:33:59,1600.0,35.5,S
2021-06-15T13:33:59,700.0,35.5,S
2021-06-15T13:33:59,300.0,35.5,S
2021-06-15T13:33:59,900.0,35.5,S
2021-06-15T13:33:59,6100.0,35.5,S
2021-06-15T13:33:59,1000.0,35.5,S
2021-06-15T13:33:59,20100.0,35.5,S
2021-06-15T13:33:59,1600.0,35.5,S
2021-06-15T13:33:57,2700.0,35.5,S
2021-06-15T13:33:57,3700.0,35.5,S
2021-06-15T13:33:57,1700.0,35.5,S
2021-06-15T13:33:57,500.0,35.5,S
2021-06-15T13:33:56,100.0,35.55,B
2021-06-15T13:33:56,1000.0,35.5,S
2021-06-15T13:33:52,3700.0,35.5,S
2021-06-15T13:33:52,100.0,35.5,S
2021-06-15T13:33:47,800.0,35.5,S
2021-06-15T13:33:47,900.0,35.5,S
2021-06-15T13:33:46,500.0,35.55,B
2021-06-15T13:33:42,1100.0,35.5,S
2021-06-15T13:33:42,600.0,35.5,S
2021-06-15T13:33:42,2000.0,35.5,S
2021-06-15T13:33:42,1700.0,35.5,S
2021-06-15T13:33:42,500.0,35.5,S
2021-06-15T13:33:42,1500.0,35.5,S
2021-06-15T13:33:42,1000.0,35.5,S
2021-06-15T13:33:42,700.0,35.5,S
2021-06-15T13:33:42,3300.0,35.5,S
2021-06-15T13:33:42,2500.0,35.5,S
2021-06-15T13:33:42,52400.0,35.5,S
2021-06-15T13:33:42,1100.0,35.5,S
2021-06-15T13:33:42,6300.0,35.5,S
2021-06-15T13:33:42,3600.0,35.5,S
2021-06-15T13:33:42,900.0,35.5,S
2021-06-15T13:33:42,1100.0,35.5,S
2021-06-15T13:33:42,800.0,35.5,S
2021-06-15T13:33:42,1100.0,35.5,S
2021-06-15T13:33:40,300.0,35.5,S
2021-06-15T13:33:40,100.0,35.5,S
2021-06-15T13:33:40,1600.0,35.5,S
2021-06-15T13:33:40,500.0,35.5,S
2021-06-15T13:33:40,100.0,35.5,S
2021-06-15T13:33:40,4000.0,35.5,S
2021-06-15T13:33:40,2600.0,35.5,S
2021-06-15T13:33:40,1400.0,35.5,S
2021-06-15T13:33:40,800.0,35.5,S
2021-06-15T13:33:40,6500.0,35.5,S
2021-06-15T13:33:39,100.0,35.5,S
2021-06-15T13:33:38,1700.0,35.5,S
2021-06-15T13:33:37,300.0,35.5,S
2021-06-15T13:33:37,400.0,35.5,S
2021-06-15T13:33:37,100.0,35.55,B
2021-06-15T13:33:37,1500.0,35.5,S
2021-06-15T13:33:37,1600.0,35.5,S
2021-06-15T13:33:35,700.0,35.5,S
2021-06-15T13:33:35,1300.0,35.5,S
2021-06-15T13:33:35,500.0,35.5,S
2021-06-15T13:33:32,1000.0,35.55,B
2021-06-15T13:33:32,800.0,35.5,S
2021-06-15T13:33:32,900.0,35.5,S
2021-06-15T13:33:31,2500.0,35.5,S
2021-06-15T13:33:30,100.0,35.55,B
2021-06-15T13:33:29,1000.0,35.5,S
2021-06-15T13:33:26,100.0,35.55,B
2021-06-15T13:33:26,1200.0,35.5,S
2021-06-15T13:33:25,500.0,35.55,B
2021-06-15T13:33:25,2000.0,35.55,B
2021-06-15T13:33:24,500.0,35.55,B
2021-06-15T13:33:23,400.0,35.5,S
2021-06-15T13:33:21,3000.0,35.55,B
2021-06-15T13:33:21,400.0,35.55,B
2021-06-15T13:33:20,500.0,35.5,S
2021-06-15T13:33:20,10000.0,35.5,S
2021-06-15T13:33:19,200.0,35.5,S
2021-06-15T13:33:19,1000.0,35.55,B
2021-06-15T13:33:17,100.0,35.5,S
2021-06-15T13:33:16,1000.0,35.5,S
2021-06-15T13:33:16,600.0,35.55,B
2021-06-15T13:33:16,1400.0,35.55,B
2021-06-15T13:33:16,900.0,35.5,S
2021-06-15T13:33:16,300.0,35.5,S
2021-06-15T13:33:15,500.0,35.5,S
2021-06-15T13:33:12,2000.0,35.5,S
2021-06-15T13:33:10,100.0,35.55,B
2021-06-15T13:33:08,600.0,35.55,B
2021-06-15T13:33:06,200.0,35.5,S
2021-06-15T13:33:05,2500.0,35.5,S
2021-06-15T13:33:05,3600.0,35.5,S
2021-06-15T13:33:05,43700.0,35.5,S
2021-06-15T13:33:02,5000.0,35.5,S
2021-06-15T13:33:01,100.0,35.5,S
2021-06-15T13:33:00,2000.0,35.5,S
2021-06-15T13:32:55,600.0,35.55,B
2021-06-15T13:32:55,2600.0,35.55,B
2021-06-15T13:32:54,700.0,35.55,B
2021-06-15T13:32:53,400.0,35.55,B
2021-06-15T13:32:52,3000.0,35.55,B
2021-06-15T13:32:52,800.0,35.55,B
2021-06-15T13:32:51,300.0,35.55,B
2021-06-15T13:32:51,1000.0,35.55,B
2021-06-15T13:32:47,100.0,35.55,B
2021-06-15T13:32:46,1000.0,35.5,S
2021-06-15T13:32:45,400.0,35.55,B
2021-06-15T13:32:44,2200.0,35.5,S
2021-06-15T13:32:42,1000.0,35.55,B
2021-06-15T13:32:40,3000.0,35.5,S
2021-06-15T13:32:36,1000.0,35.55,B
2021-06-15T13:32:34,100.0,35.5,S
2021-06-15T13:32:32,5000.0,35.5,S
2021-06-15T13:32:32,1000.0,35.5,S
2021-06-15T13:32:32,3000.0,35.55,B
2021-06-15T13:32:30,200.0,35.55,B
2021-06-15T13:32:28,500.0,35.5,S
2021-06-15T13:32:28,100.0,35.55,B
2021-06-15T13:32:28,3500.0,35.5,S
2021-06-15T13:32:27,2000.0,35.5,S
2021-06-15T13:32:27,1000.0,35.55,B
2021-06-15T13:32:25,1600.0,35.55,B
2021-06-15T13:32:25,500.0,35.5,S
2021-06-15T13:32:24,5000.0,35.5,S
2021-06-15T13:32:23,100.0,35.5,S
2021-06-15T13:32:23,100.0,35.55,B
2021-06-15T13:32:20,400.0,35.55,B
2021-06-15T13:32:19,1000.0,35.55,B
2021-06-15T13:32:18,1900.0,35.55,B
2021-06-15T13:32:18,1100.0,35.55,B
2021-06-15T13:32:16,100.0,35.55,B
2021-06-15T13:32:14,500.0,35.55,B
2021-06-15T13:32:11,2300.0,35.5,S
2021-06-15T13:32:11,300.0,35.5,S
2021-06-15T13:32:11,600.0,35.5,S
2021-06-15T13:32:11,4500.0,35.5,S
2021-06-15T13:32:11,3100.0,35.5,S
2021-06-15T13:32:11,400.0,35.5,S
2021-06-15T13:32:11,3800.0,35.5,S
2021-06-15T13:32:10,1000.0,35.5,S
2021-06-15T13:32:09,2000.0,35.55,B
2021-06-15T13:32:09,1000.0,35.55,B
2021-06-15T13:32:09,100.0,35.6,B
2021-06-15T13:32:09,2500.0,35.6,B
2021-06-15T13:32:09,2300.0,35.6,B
2021-06-15T13:32:09,5200.0,35.6,B
2021-06-15T13:32:03,900.0,35.5,S
2021-06-15T13:32:03,400.0,35.5,S
2021-06-15T13:32:03,5900.0,35.5,S
2021-06-15T13:32:03,100.0,35.5,S
2021-06-15T13:32:03,4600.0,35.5,S
2021-06-15T13:32:03,4100.0,35.5,S
2021-06-15T13:32:03,2500.0,35.5,S
2021-06-15T13:32:03,2900.0,35.5,S
2021-06-15T13:32:02,800.0,35.5,S
2021-06-15T13:32:02,1400.0,35.5,S
2021-06-15T13:32:02,2000.0,35.5,S
2021-06-15T13:32:02,2500.0,35.5,S
2021-06-15T13:32:02,1000.0,35.5,S
2021-06-15T13:32:02,100.0,35.5,S
2021-06-15T13:32:02,100.0,35.5,S
2021-06-15T13:32:02,1400.0,35.5,S
2021-06-15T13:32:02,300.0,35.5,S
2021-06-15T13:32:02,900.0,35.5,S
2021-06-15T13:32:02,5200.0,35.5,S
2021-06-15T13:32:02,200.0,35.5,S
2021-06-15T13:32:02,1000.0,35.5,S
2021-06-15T13:32:02,3700.0,35.5,S
2021-06-15T13:32:02,3200.0,35.5,S
2021-06-15T13:32:02,700.0,35.5,S
2021-06-15T13:32:02,1100.0,35.5,S
2021-06-15T13:32:01,500.0,35.5,S
2021-06-15T13:32:01,1100.0,35.5,S
2021-06-15T13:32:01,2000.0,35.55,B
2021-06-15T13:32:01,2400.0,35.55,B
2021-06-15T13:32:01,5300.0,35.55,B
2021-06-15T13:32:01,1700.0,35.55,B
2021-06-15T13:31:57,200.0,35.6,B
2021-06-15T13:31:57,2000.0,35.6,B
2021-06-15T13:31:56,500.0,35.55,B
2021-06-15T13:31:49,1000.0,35.55,B
2021-06-15T13:31:49,200.0,35.6,B
2021-06-15T13:31:49,300.0,35.6,B
2021-06-15T13:31:49,1000.0,35.6,B
2021-06-15T13:31:49,5200.0,35.6,B
2021-06-15T13:31:49,1400.0,35.6,B
2021-06-15T13:31:49,2500.0,35.6,B
2021-06-15T13:31:49,6000.0,35.6,B
2021-06-15T13:31:48,7400.0,35.6,B
2021-06-15T13:31:47,500.0,35.6,B
2021-06-15T13:31:40,1500.0,35.6,B
2021-06-15T13:31:40,1000.0,35.5,S
2021-06-15T13:31:39,1500.0,35.6,B
2021-06-15T13:31:39,2200.0,35.5,S
2021-06-15T13:31:38,5900.0,35.6,B
2021-06-15T13:31:36,100.0,35.55,B
2021-06-15T13:31:36,800.0,35.55,B
2021-06-15T13:31:33,800.0,35.5,S
2021-06-15T13:31:33,100.0,35.5,S
2021-06-15T13:31:33,900.0,35.5,S
2021-06-15T13:31:33,1000.0,35.55,B
2021-06-15T13:31:32,10100.0,35.5,S
2021-06-15T13:31:32,1000.0,35.6,B
2021-06-15T13:31:31,500.0,35.55,B
2021-06-15T13:31:30,400.0,35.55,B
2021-06-15T13:31:30,1700.0,35.6,B
2021-06-15T13:31:28,900.0,35.55,B
2021-06-15T13:31:27,2000.0,35.55,B
2021-06-15T13:31:27,500.0,35.55,B
2021-06-15T13:31:27,700.0,35.55,B
2021-06-15T13:31:27,900.0,35.55,B
2021-06-15T13:31:26,8000.0,35.6,B
2021-06-15T13:31:23,1300.0,35.6,B
2021-06-15T13:31:23,600.0,35.6,B
2021-06-15T13:31:22,500.0,35.6,B
2021-06-15T13:31:20,1000.0,35.6,B
2021-06-15T13:31:16,200.0,35.5,S
2021-06-15T13:31:16,200.0,35.5,S
2021-06-15T13:31:16,1600.0,35.5,S
2021-06-15T13:31:15,300.0,35.6,B
2021-06-15T13:31:12,3000.0,35.6,B
2021-06-15T13:31:09,500.0,35.55,B
2021-06-15T13:31:09,100.0,35.6,B
2021-06-15T13:31:04,500.0,35.55,B
2021-06-15T13:30:53,100.0,35.55,B
2021-06-15T13:30:53,800.0,35.6,B
2021-06-15T13:30:50,100.0,35.6,B
2021-06-15T13:30:48,100.0,35.6,B
2021-06-15T13:30:48,3700.0,35.5,S
2021-06-15T13:30:48,1100.0,35.5,S
2021-06-15T13:30:47,5200.0,35.5,S
2021-06-15T13:30:47,100.0,35.55,B
2021-06-15T13:30:47,200.0,35.6,B
2021-06-15T13:30:43,600.0,35.6,B
2021-06-15T13:30:43,300.0,35.6,B
2021-06-15T13:30:43,200.0,35.6,B
2021-06-15T13:30:42,200.0,35.6,B
2021-06-15T13:30:40,1000.0,35.6,B
2021-06-15T13:30:38,400.0,35.6,B
2021-06-15T13:30:37,200.0,35.6,B
2021-06-15T13:30:36,2200.0,35.6,B
2021-06-15T13:30:34,2000.0,35.55,B
2021-06-15T13:30:33,500.0,35.55,B
2021-06-15T13:30:30,300.0,35.6,B
2021-06-15T13:30:29,1000.0,35.6,B
2021-06-15T13:30:24,200.0,35.6,B
2021-06-15T13:30:24,600.0,35.6,B
2021-06-15T13:30:24,4000.0,35.6,B
2021-06-15T13:30:23,3800.0,35.6,B
2021-06-15T13:30:22,300.0,35.55,B
2021-06-15T13:30:22,800.0,35.55,B
2021-06-15T13:30:20,100.0,35.55,B
2021-06-15T13:30:19,300.0,35.55,B
2021-06-15T13:30:19,1000.0,35.55,S
2021-06-15T13:30:18,10000.0,35.5,S
2021-06-15T13:30:18,300.0,35.55,S
2021-06-15T13:30:18,200.0,35.55,S
2021-06-15T13:30:16,100.0,35.6,S
2021-06-15T13:30:14,400.0,35.6,S
2021-06-15T13:30:14,2000.0,35.6,S
2021-06-15T13:30:12,1000.0,35.6,S
2021-06-15T13:30:11,100.0,35.6,S
2021-06-15T13:30:09,2100.0,35.6,S
2021-06-15T13:30:07,1000.0,35.6,S
2021-06-15T13:30:06,1000.0,35.6,S
2021-06-15T13:30:06,200.0,35.6,S
2021-06-15T13:30:05,10000.0,35.6,S
2021-06-15T13:30:05,900.0,35.6,S
2021-06-15T13:30:02,1000.0,35.6,S
2021-06-15T13:30:02,5000.0,35.6,S
2021-06-15T13:30:00,100.0,35.6,S
2021-06-15T13:30:00,200.0,35.6,S
2021-06-15T13:29:59,3300.0,35.5,S
2021-06-15T13:29:54,2000.0,35.6,S
2021-06-15T13:29:54,200.0,35.6,S
2021-06-15T13:29:53,100.0,35.6,S
2021-06-15T13:29:53,100.0,35.6,S
2021-06-15T13:29:51,600.0,35.6,S
2021-06-15T13:29:49,1000.0,35.6,S
2021-06-15T13:29:48,100.0,35.6,S
2021-06-15T13:29:47,4000.0,35.6,S
2021-06-15T13:29:47,1000.0,35.6,S
2021-06-15T13:29:46,3700.0,35.6,S
2021-06-15T13:29:45,200.0,35.55,S
2021-06-15T13:29:45,1000.0,35.6,S
2021-06-15T13:29:44,100.0,35.6,S
2021-06-15T13:29:38,1800.0,35.6,S
2021-06-15T13:29:37,1000.0,35.6,S
2021-06-15T13:29:37,2000.0,35.6,S
2021-06-15T13:29:35,2600.0,35.6,S
2021-06-15T13:29:34,200.0,35.5,S
2021-06-15T13:29:34,200.0,35.5,S
2021-06-15T13:29:33,2200.0,35.6,S
2021-06-15T13:29:33,400.0,35.6,S
2021-06-15T13:29:30,1000.0,35.6,S
2021-06-15T13:29:25,3000.0,35.6,S
2021-06-15T13:29:24,2000.0,35.6,S
2021-06-15T13:29:23,100.0,35.6,S
2021-06-15T13:29:23,500.0,35.6,S
2021-06-15T13:29:22,300.0,35.6,S
2021-06-15T13:29:22,500.0,35.6,S
2021-06-15T13:29:21,2000.0,35.55,S
2021-06-15T13:29:20,300.0,35.6,S
2021-06-15T13:29:20,600.0,35.6,S
2021-06-15T13:29:19,5000.0,35.6,S
2021-06-15T13:29:18,500.0,35.6,S
2021-06-15T13:29:16,1400.0,35.6,S
2021-06-15T13:29:15,4000.0,35.6,S
2021-06-15T13:29:13,300.0,35.6,S
2021-06-15T13:29:11,300.0,35.6,S
2021-06-15T13:29:10,200.0,35.6,S
2021-06-15T13:29:09,1500.0,35.6,S
2021-06-15T13:29:09,500.0,35.55,S
2021-06-15T13:29:09,1000.0,35.55,S
2021-06-15T13:29:09,100.0,35.55,S
2021-06-15T13:29:09,1700.0,35.55,S
2021-06-15T13:29:09,2000.0,35.6,S
2021-06-15T13:29:08,3000.0,35.6,S
2021-06-15T13:29:07,100.0,35.6,S
2021-06-15T13:29:07,100.0,35.6,S
2021-06-15T13:29:06,1300.0,35.6,S
2021-06-15T13:29:02,3000.0,35.6,S
2021-06-15T13:29:01,1000.0,35.6,S
2021-06-15T13:29:01,900.0,35.6,S
2021-06-15T13:29:00,200.0,35.6,S
2021-06-15T13:28:57,1100.0,35.6,S
2021-06-15T13:28:56,3500.0,35.6,S
2021-06-15T13:28:49,500.0,35.6,S
2021-06-15T13:28:47,2000.0,35.6,S
2021-06-15T13:28:47,1500.0,35.55,S
2021-06-15T13:28:46,500.0,35.6,S
2021-06-15T13:28:45,1000.0,35.6,S
2021-06-15T13:28:42,100.0,35.6,S
2021-06-15T13:28:42,400.0,35.55,S
2021-06-15T13:28:42,50000.0,35.5,S
2021-06-15T13:28:41,150000.0,35.5,S
2021-06-15T13:28:41,800.0,35.6,S
2021-06-15T13:28:39,400.0,35.6,S
2021-06-15T13:28:39,4800.0,35.6,S
2021-06-15T13:28:38,1000.0,35.6,S
2021-06-15T13:28:37,1000.0,35.6,S
2021-06-15T13:28:36,15000.0,35.6,S
2021-06-15T13:28:36,1100.0,35.6,S
2021-06-15T13:28:36,100.0,35.6,S
2021-06-15T13:28:36,200.0,35.6,S
2021-06-15T13:28:34,100.0,35.6,S
2021-06-15T13:28:34,3000.0,35.6,S
2021-06-15T13:28:33,300.0,35.6,S
2021-06-15T13:28:33,100.0,35.6,S
2021-06-15T13:28:32,800.0,35.6,S
2021-06-15T13:28:31,3600.0,35.55,S
2021-06-15T13:28:30,200.0,35.6,S
2021-06-15T13:28:30,300.0,35.6,S
2021-06-15T13:28:30,1700.0,35.6,S
2021-06-15T13:28:29,6500.0,35.6,S
2021-06-15T13:28:28,200.0,35.6,S
2021-06-15T13:28:27,1600.0,35.6,S
2021-06-15T13:28:27,100.0,35.6,S
2021-06-15T13:28:26,500.0,35.6,S
2021-06-15T13:28:26,700.0,35.6,S
2021-06-15T13:28:25,300.0,35.6,S
2021-06-15T13:28:25,1000.0,35.6,S
2021-06-15T13:28:23,100.0,35.6,S
2021-06-15T13:28:23,100.0,35.6,S
2021-06-15T13:28:23,600.0,35.6,S
2021-06-15T13:28:22,200.0,35.6,S
2021-06-15T13:28:21,600.0,35.6,S
2021-06-15T13:28:20,10800.0,35.55,S
2021-06-15T13:28:20,1100.0,35.55,S
2021-06-15T13:28:20,1000.0,35.55,S
2021-06-15T13:28:20,900.0,35.55,S
2021-06-15T13:28:20,6200.0,35.55,S
2021-06-15T13:28:19,200.0,35.6,S
2021-06-15T13:28:19,3500.0,35.6,S
2021-06-15T13:28:18,5000.0,35.6,S
2021-06-15T13:28:18,100.0,35.6,S
2021-06-15T13:28:17,100.0,35.6,S
2021-06-15T13:28:16,600.0,35.6,S
2021-06-15T13:28:16,2000.0,35.6,S
2021-06-15T13:28:15,5000.0,35.6,S
2021-06-15T13:28:15,2700.0,35.6,S
2021-06-15T13:28:14,400.0,35.6,S
2021-06-15T13:28:13,1200.0,35.6,S
2021-06-15T13:28:13,500.0,35.6,S
2021-06-15T13:28:12,2200.0,35.6,S
2021-06-15T13:28:05,300.0,35.6,S
2021-06-15T13:28:04,1000.0,35.6,S
2021-06-15T13:28:04,100.0,35.6,S
2021-06-15T13:28:03,800.0,35.6,S
2021-06-15T13:28:00,2400.0,35.6,S
2021-06-15T13:28:00,2100.0,35.6,S
2021-06-15T13:28:00,600.0,35.6,S
2021-06-15T13:28:00,500.0,35.6,S
2021-06-15T13:27:59,1100.0,35.6,S
2021-06-15T13:27:58,300.0,35.6,S
2021-06-15T13:27:57,500.0,35.6,S
2021-06-15T13:27:57,1000.0,35.6,S
2021-06-15T13:27:57,100.0,35.6,S
2021-06-15T13:27:55,1000.0,35.6,S
2021-06-15T13:27:55,1000.0,35.6,S
2021-06-15T13:27:52,2000.0,35.6,S
2021-06-15T13:27:51,1000.0,35.6,S
2021-06-15T13:27:50,100.0,35.6,S
2021-06-15T13:27:49,5000.0,35.6,S
2021-06-15T13:27:49,500.0,35.6,S
2021-06-15T13:27:49,100.0,35.6,S
2021-06-15T13:27:47,500.0,35.6,S
2021-06-15T13:27:47,500.0,35.6,S
2021-06-15T13:27:44,500.0,35.6,S
2021-06-15T13:27:44,100.0,35.6,S
2021-06-15T13:27:43,500.0,35.55,S
2021-06-15T13:27:43,200.0,35.6,S
2021-06-15T13:27:43,800.0,35.6,S
2021-06-15T13:27:42,300.0,35.6,S
2021-06-15T13:27:40,200.0,35.55,S
2021-06-15T13:27:38,5000.0,35.6,S
2021-06-15T13:27:36,2000.0,35.6,S
2021-06-15T13:27:35,1000.0,35.6,S
2021-06-15T13:27:30,3500.0,35.6,S
2021-06-15T13:27:28,300.0,35.55,S
2021-06-15T13:27:27,100.0,35.6,S
2021-06-15T13:27:25,500.0,35.6,S
2021-06-15T13:27:25,2000.0,35.6,S
2021-06-15T13:27:21,6000.0,35.6,S
2021-06-15T13:27:21,100.0,35.6,S
2021-06-15T13:27:21,4000.0,35.6,S
2021-06-15T13:27:21,3000.0,35.6,S
2021-06-15T13:27:20,300.0,35.6,S
2021-06-15T13:27:20,100.0,35.6,S
2021-06-15T13:27:18,100.0,35.6,S
2021-06-15T13:27:18,100.0,35.6,S
2021-06-15T13:27:17,3000.0,35.6,S
2021-06-15T13:27:15,1100.0,35.6,S
2021-06-15T13:27:15,100.0,35.6,S
2021-06-15T13:27:15,500.0,35.6,S
2021-06-15T13:27:13,200.0,35.6,S
2021-06-15T13:27:12,500.0,35.6,S
2021-06-15T13:27:12,300.0,35.6,S
2021-06-15T13:27:12,2100.0,35.6,S
2021-06-15T13:27:12,4300.0,35.6,S
2021-06-15T13:27:11,2700.0,35.6,S
2021-06-15T13:27:11,30200.0,35.6,S
2021-06-15T13:27:11,4500.0,35.6,S
2021-06-15T13:27:11,3400.0,35.6,S
2021-06-15T13:27:11,500.0,35.6,S
2021-06-15T13:27:11,7400.0,35.6,S
2021-06-15T13:27:10,800.0,35.6,S
2021-06-15T13:27:07,7400.0,35.65,B
2021-06-15T13:27:05,100.0,35.6,S
2021-06-15T13:27:05,8000.0,35.6,S
2021-06-15T13:27:03,900.0,35.6,S
2021-06-15T13:27:03,100.0,35.6,S
2021-06-15T13:27:02,2400.0,35.6,S
2021-06-15T13:27:02,300.0,35.7,B
2021-06-15T13:27:01,100.0,35.7,B
2021-06-15T13:26:59,1000.0,35.7,B
2021-06-15T13:26:59,100.0,35.7,B
2021-06-15T13:26:58,100.0,35.6,S
2021-06-15T13:26:58,1000.0,35.6,S
2021-06-15T13:26:58,9500.0,35.6,S
2021-06-15T13:26:58,7100.0,35.6,S
2021-06-15T13:26:58,200.0,35.6,S
2021-06-15T13:26:58,1600.0,35.6,S
2021-06-15T13:26:57,500.0,35.65,B
2021-06-15T13:26:56,200.0,35.7,B
2021-06-15T13:26:54,3000.0,35.7,B
2021-06-15T13:26:53,2100.0,35.7,B
2021-06-15T13:26:51,1000.0,35.7,B
2021-06-15T13:26:51,500.0,35.7,B
2021-06-15T13:26:50,100.0,35.7,B
2021-06-15T13:26:49,200.0,35.7,B
2021-06-15T13:26:48,600.0,35.6,S
2021-06-15T13:26:48,100.0,35.6,S
2021-06-15T13:26:48,12700.0,35.6,S
2021-06-15T13:26:48,11500.0,35.6,S
2021-06-15T13:26:48,600.0,35.6,S
2021-06-15T13:26:47,6300.0,35.6,S
2021-06-15T13:26:47,300.0,35.7,B
2021-06-15T13:26:46,500.0,35.7,B
2021-06-15T13:26:46,1500.0,35.6,S
2021-06-15T13:26:45,400.0,35.7,B
2021-06-15T13:26:41,1000.0,35.7,B
2021-06-15T13:26:39,2000.0,35.6,S
2021-06-15T13:26:39,7000.0,35.7,B
2021-06-15T13:26:36,100.0,35.6,S
2021-06-15T13:26:34,200.0,35.7,B
2021-06-15T13:26:30,100.0,35.7,S
2021-06-15T13:26:30,1000.0,35.7,S
2021-06-15T13:26:29,1000.0,35.7,S
2021-06-15T13:26:27,800.0,35.6,S
2021-06-15T13:26:22,1700.0,35.7,S
2021-06-15T13:26:19,2000.0,35.7,S
2021-06-15T13:26:19,3000.0,35.7,S
2021-06-15T13:26:17,200.0,35.7,S
2021-06-15T13:26:17,100.0,35.7,S
2021-06-15T13:26:17,300.0,35.6,S
2021-06-15T13:26:16,100.0,35.7,S
2021-06-15T13:26:15,20100.0,35.7,S
2021-06-15T13:26:12,4000.0,35.6,S
2021-06-15T13:26:11,1000.0,35.7,S
2021-06-15T13:26:10,100.0,35.7,S
2021-06-15T13:26:09,1400.0,35.7,S
2021-06-15T13:26:09,1600.0,35.7,S
2021-06-15T13:26:07,500.0,35.7,S
2021-06-15T13:26:06,1000.0,35.7,S
2021-06-15T13:26:01,35200.0,35.6,S
2021-06-15T13:26:01,700.0,35.6,S
2021-06-15T13:26:01,14200.0,35.6,S
2021-06-15T13:25:59,500.0,35.7,S
2021-06-15T13:25:59,200.0,35.6,S
2021-06-15T13:25:58,300.0,35.7,S
2021-06-15T13:25:56,3100.0,35.7,S
2021-06-15T13:25:53,100.0,35.7,S
2021-06-15T13:25:53,200.0,35.7,S
2021-06-15T13:25:49,10100.0,35.6,S
2021-06-15T13:25:49,1400.0,35.6,S
2021-06-15T13:25:49,5900.0,35.6,S
2021-06-15T13:25:49,100.0,35.6,S
2021-06-15T13:25:48,3600.0,35.6,S
2021-06-15T13:25:48,1000.0,35.6,S
2021-06-15T13:25:48,7400.0,35.6,S
2021-06-15T13:25:48,500.0,35.65,S
2021-06-15T13:25:48,5000.0,35.75,S
2021-06-15T13:25:48,3000.0,35.75,S
2021-06-15T13:25:48,500.0,35.7,S
2021-06-15T13:25:48,300.0,35.7,S
2021-06-15T13:25:48,4600.0,35.7,S
2021-06-15T13:25:46,300.0,35.7,S
2021-06-15T13:25:45,1300.0,35.7,S
2021-06-15T13:25:45,900.0,35.7,S
2021-06-15T13:25:45,500.0,35.7,S
2021-06-15T13:25:45,1100.0,35.7,S
2021-06-15T13:25:45,1500.0,35.7,S
2021-06-15T13:25:42,1300.0,35.7,S
2021-06-15T13:25:40,100.0,35.7,S
2021-06-15T13:25:35,300.0,35.7,S
2021-06-15T13:25:34,1600.0,35.7,S
2021-06-15T13:25:34,300.0,35.7,S
2021-06-15T13:25:32,2800.0,35.7,S
2021-06-15T13:25:31,3000.0,35.7,S
2021-06-15T13:25:30,500.0,35.6,S
2021-06-15T13:25:29,500.0,35.7,S
2021-06-15T13:25:28,16000.0,35.7,S
2021-06-15T13:25:27,600.0,35.6,S
2021-06-15T13:25:27,1400.0,35.6,S
2021-06-15T13:25:24,100.0,35.7,S
2021-06-15T13:25:20,7100.0,35.7,S
2021-06-15T13:25:18,2300.0,35.7,S
2021-06-15T13:25:17,1000.0,35.7,S
2021-06-15T13:25:17,1500.0,35.7,S
2021-06-15T13:25:16,100.0,35.7,S
2021-06-15T13:25:14,800.0,35.7,S
2021-06-15T13:25:14,100.0,35.6,S
2021-06-15T13:25:14,500.0,35.6,S
2021-06-15T13:25:13,1000.0,35.6,S
2021-06-15T13:25:13,100.0,35.65,S
2021-06-15T13:25:13,300.0,35.7,S
2021-06-15T13:25:12,2000.0,35.7,S
2021-06-15T13:25:12,700.0,35.75,S
2021-06-15T13:25:12,100.0,35.75,S
2021-06-15T13:25:11,2000.0,35.75,S
2021-06-15T13:25:11,1000.0,35.75,S
2021-06-15T13:25:10,4600.0,35.75,S
2021-06-15T13:25:10,5400.0,35.75,S
2021-06-15T13:25:09,4000.0,35.7,S
2021-06-15T13:25:08,3100.0,35.6,S
2021-06-15T13:25:07,100.0,35.7,S
2021-06-15T13:25:06,400.0,35.7,S
2021-06-15T13:25:06,200.0,35.7,S
2021-06-15T13:25:05,1000.0,35.75,S
2021-06-15T13:25:04,900.0,35.6,S
2021-06-15T13:25:04,2200.0,35.65,S
2021-06-15T13:24:59,1300.0,35.7,S
2021-06-15T13:24:59,2700.0,35.7,S
2021-06-15T13:24:58,3800.0,35.7,S
2021-06-15T13:24:56,3200.0,35.7,S
2021-06-15T13:24:56,1000.0,35.7,S
2021-06-15T13:24:56,1300.0,35.75,S
2021-06-15T13:24:55,200.0,35.75,S
2021-06-15T13:24:54,4000.0,35.7,S
2021-06-15T13:24:53,500.0,35.75,S
2021-06-15T13:24:52,2000.0,35.7,S
2021-06-15T13:24:52,3600.0,35.7,S
2021-06-15T13:24:51,2100.0,35.7,S
2021-06-15T13:24:51,200.0,35.75,S
2021-06-15T13:24:49,1000.0,35.7,S
2021-06-15T13:24:48,1000.0,35.7,S
2021-06-15T13:24:48,400.0,35.75,S
2021-06-15T13:24:48,2000.0,35.75,S
2021-06-15T13:24:47,3000.0,35.7,S
2021-06-15T13:24:47,200.0,35.75,S
2021-06-15T13:24:44,500.0,35.75,S
2021-06-15T13:24:43,100.0,35.75,S
2021-06-15T13:24:43,17200.0,35.75,S
2021-06-15T13:24:43,100.0,35.7,S
2021-06-15T13:24:41,200.0,35.7,S
2021-06-15T13:24:40,500.0,35.7,S
2021-06-15T13:24:39,100.0,35.7,S
2021-06-15T13:24:39,5000.0,35.7,S
2021-06-15T13:24:39,100.0,35.7,S
2021-06-15T13:24:37,2000.0,35.7,S
2021-06-15T13:24:36,1500.0,35.7,S
2021-06-15T13:24:34,5000.0,35.6,S
2021-06-15T13:24:33,500.0,35.7,S
2021-06-15T13:24:32,4500.0,35.7,S
2021-06-15T13:24:32,100.0,35.7,S
2021-06-15T13:24:32,200.0,35.7,S
2021-06-15T13:24:31,500.0,35.7,S
2021-06-15T13:24:29,100.0,35.75,S
2021-06-15T13:24:29,1000.0,35.75,S
2021-06-15T13:24:29,100.0,35.75,S
2021-06-15T13:24:28,500.0,35.75,S
2021-06-15T13:24:27,500.0,35.7,S
2021-06-15T13:24:27,2200.0,35.7,S
2021-06-15T13:24:26,1000.0,35.7,S
2021-06-15T13:24:23,200.0,35.75,S
2021-06-15T13:24:22,2500.0,35.75,S
2021-06-15T13:24:20,400.0,35.75,S
2021-06-15T13:24:20,10000.0,35.75,S
2021-06-15T13:24:20,900.0,35.7,S
2021-06-15T13:24:19,700.0,35.7,S
2021-06-15T13:24:18,1000.0,35.7,S
2021-06-15T13:24:17,1000.0,35.6,S
2021-06-15T13:24:17,100.0,35.6,S
2021-06-15T13:24:16,100.0,35.7,S
2021-06-15T13:24:15,100.0,35.75,S
2021-06-15T13:24:14,100.0,35.75,S
2021-06-15T13:24:13,300.0,35.75,S
2021-06-15T13:24:11,1800.0,35.75,S
2021-06-15T13:24:09,500.0,35.75,S
2021-06-15T13:24:09,5500.0,35.8,B
2021-06-15T13:24:09,20000.0,35.8,B
2021-06-15T13:24:08,1100.0,35.8,B
2021-06-15T13:24:07,300.0,35.7,S
2021-06-15T13:24:05,100.0,35.8,B
2021-06-15T13:24:05,8200.0,35.5,S
2021-06-15T13:24:05,600.0,35.6,S
2021-06-15T13:24:05,1800.0,35.6,S
2021-06-15T13:24:05,200.0,35.6,S
2021-06-15T13:24:04,2100.0,35.6,S
2021-06-15T13:24:04,3100.0,35.7,S
2021-06-15T13:23:59,1000.0,35.8,B
2021-06-15T13:23:58,1700.0,35.7,S
2021-06-15T13:23:57,1500.0,35.7,S
2021-06-15T13:23:57,2000.0,35.7,S
2021-06-15T13:23:56,1900.0,35.7,S
2021-06-15T13:23:56,2100.0,35.7,S
2021-06-15T13:23:56,21100.0,35.8,B
2021-06-15T13:23:56,3900.0,35.75,S
2021-06-15T13:23:52,100.0,35.7,S
2021-06-15T13:23:46,200.0,35.75,S
2021-06-15T13:23:46,1000.0,35.75,S
2021-06-15T13:23:45,1700.0,35.6,S
2021-06-15T13:23:44,3500.0,35.6,S
2021-06-15T13:23:44,2600.0,35.6,S
2021-06-15T13:23:44,400.0,35.6,S
2021-06-15T13:23:44,100.0,35.7,S
2021-06-15T13:23:43,4000.0,35.8,B
2021-06-15T13:23:43,1400.0,35.8,B
2021-06-15T13:23:43,500.0,35.8,B
2021-06-15T13:23:43,200.0,35.8,B
2021-06-15T13:23:41,1000.0,35.8,B
2021-06-15T13:23:41,100.0,35.6,S
2021-06-15T13:23:41,11400.0,35.6,S
2021-06-15T13:23:41,300.0,35.6,S
2021-06-15T13:23:41,200.0,35.75,S
2021-06-15T13:23:38,3000.0,35.8,B
2021-06-15T13:23:34,5700.0,35.6,S
2021-06-15T13:23:32,1300.0,35.7,S
2021-06-15T13:23:30,13400.0,35.5,S
2021-06-15T13:23:30,300.0,35.5,S
2021-06-15T13:23:30,2300.0,35.5,S
2021-06-15T13:23:30,1400.0,35.55,S
2021-06-15T13:23:30,600.0,35.6,S
2021-06-15T13:23:30,500.0,35.6,S
2021-06-15T13:23:30,12200.0,35.6,S
2021-06-15T13:23:30,2900.0,35.6,S
2021-06-15T13:23:30,200.0,35.6,S
2021-06-15T13:23:30,600.0,35.6,S
2021-06-15T13:23:29,9600.0,35.6,S
2021-06-15T13:23:28,100.0,35.8,B
2021-06-15T13:23:27,200.0,35.8,B
2021-06-15T13:23:27,100.0,35.7,S
2021-06-15T13:23:26,600.0,35.7,S
2021-06-15T13:23:26,10000.0,35.8,B
2021-06-15T13:23:25,2400.0,35.7,S
2021-06-15T13:23:25,100.0,35.7,S
2021-06-15T13:23:25,500.0,35.7,S
2021-06-15T13:23:24,1000.0,35.8,B
2021-06-15T13:23:24,500.0,35.8,B
2021-06-15T13:23:23,1400.0,35.8,B
2021-06-15T13:23:22,1700.0,35.6,S
2021-06-15T13:23:22,100.0,35.8,B
2021-06-15T13:23:22,400.0,35.8,B
2021-06-15T13:23:19,100.0,35.8,B
2021-06-15T13:23:19,4000.0,35.7,S
2021-06-15T13:23:19,1000.0,35.8,B
2021-06-15T13:23:18,37000.0,35.6,S
2021-06-15T13:23:18,13000.0,35.6,S
2021-06-15T13:23:17,100.0,35.7,S
2021-06-15T13:23:16,300.0,35.8,B
2021-06-15T13:23:16,300.0,35.8,B
2021-06-15T13:23:16,100.0,35.7,S
2021-06-15T13:23:16,100.0,35.6,S
2021-06-15T13:23:16,600.0,35.6,S
2021-06-15T13:23:16,100.0,35.6,S
2021-06-15T13:23:16,1800.0,35.6,S
2021-06-15T13:23:16,1200.0,35.6,S
2021-06-15T13:23:16,400.0,35.6,S
2021-06-15T13:23:11,1000.0,35.8,B
2021-06-15T13:23:09,1000.0,35.6,S
2021-06-15T13:23:09,700.0,35.7,S
2021-06-15T13:23:07,900.0,35.7,S
2021-06-15T13:23:07,2000.0,35.8,B
2021-06-15T13:23:06,2000.0,35.8,B
2021-06-15T13:23:04,100.0,35.7,S
2021-06-15T13:23:02,100.0,35.8,B
2021-06-15T13:23:01,500.0,35.8,B
2021-06-15T13:23:00,400.0,35.8,B
2021-06-15T13:22:59,100.0,35.8,B
2021-06-15T13:22:59,100.0,35.8,B
2021-06-15T13:22:59,2700.0,35.6,S
2021-06-15T13:22:58,300.0,35.6,S
2021-06-15T13:22:58,3100.0,35.6,S
2021-06-15T13:22:58,200.0,35.6,S
2021-06-15T13:22:58,2600.0,35.7,S
2021-06-15T13:22:57,3800.0,35.7,S
2021-06-15T13:22:57,200.0,35.7,S
2021-06-15T13:22:52,300.0,35.8,B
2021-06-15T13:22:52,1300.0,35.8,B
2021-06-15T13:22:52,200.0,35.8,B
2021-06-15T13:22:52,3000.0,35.8,B
2021-06-15T13:22:52,1000.0,35.8,B
2021-06-15T13:22:50,200.0,35.8,B
2021-06-15T13:22:48,1700.0,35.6,S
2021-06-15T13:22:48,10000.0,35.6,S
2021-06-15T13:22:46,100.0,35.8,B
2021-06-15T13:22:44,800.0,35.8,B
2021-06-15T13:22:44,400.0,35.8,B
2021-06-15T13:22:43,1000.0,35.8,B
2021-06-15T13:22:43,100.0,35.8,B
2021-06-15T13:22:41,100.0,35.8,B
2021-06-15T13:22:41,500.0,35.8,B
2021-06-15T13:22:41,200.0,35.8,B
2021-06-15T13:22:40,500.0,35.8,B
2021-06-15T13:22:39,1000.0,35.8,B
2021-06-15T13:22:39,2700.0,35.8,B
2021-06-15T13:22:38,1000.0,35.8,B
2021-06-15T13:22:36,100.0,35.8,B
2021-06-15T13:22:36,500.0,35.8,B
2021-06-15T13:22:36,500.0,35.8,B
2021-06-15T13:22:35,500.0,35.8,B
2021-06-15T13:22:34,1000.0,35.8,B
2021-06-15T13:22:34,3200.0,35.7,S
2021-06-15T13:22:34,1000.0,35.8,B
2021-06-15T13:22:34,100.0,35.8,B
2021-06-15T13:22:32,700.0,35.8,B
2021-06-15T13:22:31,1000.0,35.8,B
2021-06-15T13:22:31,400.0,35.7,S
2021-06-15T13:22:29,900.0,35.8,B
2021-06-15T13:22:29,200.0,35.8,B
2021-06-15T13:22:29,300.0,35.8,B
2021-06-15T13:22:27,500.0,35.8,B
2021-06-15T13:22:26,600.0,35.8,B
2021-06-15T13:22:25,100.0,35.8,B
2021-06-15T13:22:23,100.0,35.8,B
2021-06-15T13:22:23,200.0,35.8,B
2021-06-15T13:22:23,10000.0,35.8,B
2021-06-15T13:22:21,200.0,35.8,B
2021-06-15T13:22:20,2000.0,35.8,B
2021-06-15T13:22:20,100.0,35.8,B
2021-06-15T13:22:19,100.0,35.8,B
2021-06-15T13:22:19,500.0,35.8,B
2021-06-15T13:22:18,1000.0,35.8,B
2021-06-15T13:22:18,1000.0,35.8,B
2021-06-15T13:22:17,500.0,35.9,B
2021-06-15T13:22:17,1000.0,35.9,B
2021-06-15T13:22:16,300.0,35.8,B
2021-06-15T13:22:16,15000.0,35.9,B
2021-06-15T13:22:15,1000.0,35.8,B
2021-06-15T13:22:15,700.0,35.8,B
2021-06-15T13:22:15,100.0,35.8,B
2021-06-15T13:22:15,100.0,35.75,S
2021-06-15T13:22:15,200.0,35.8,B
2021-06-15T13:22:11,100.0,35.8,B
2021-06-15T13:22:11,200.0,35.8,B
2021-06-15T13:22:11,100.0,35.8,B
2021-06-15T13:22:10,600.0,35.8,B
2021-06-15T13:22:10,1000.0,35.8,B
2021-06-15T13:22:10,700.0,35.8,B
2021-06-15T13:22:10,2000.0,35.8,B
2021-06-15T13:22:10,3700.0,35.8,B
2021-06-15T13:22:10,100.0,35.9,B
2021-06-15T13:22:09,100.0,35.9,B
2021-06-15T13:22:09,1300.0,35.9,S
2021-06-15T13:22:07,1000.0,35.85,S
2021-06-15T13:22:03,3500.0,35.9,S
2021-06-15T13:22:03,100.0,35.9,S
2021-06-15T13:22:01,5000.0,35.9,S
2021-06-15T13:22:00,1400.0,35.9,S
2021-06-15T13:22:00,500.0,35.9,S
2021-06-15T13:21:59,500.0,35.9,S
2021-06-15T13:21:58,3000.0,35.9,S
2021-06-15T13:21:55,5300.0,35.9,S
2021-06-15T13:21:53,100.0,35.85,S
2021-06-15T13:21:53,400.0,35.85,S
2021-06-15T13:21:50,2900.0,35.9,S
2021-06-15T13:21:49,3200.0,35.9,S
2021-06-15T13:21:49,100.0,35.9,S
2021-06-15T13:21:48,600.0,35.9,S
2021-06-15T13:21:47,100.0,35.9,S
2021-06-15T13:21:47,3200.0,35.9,S
2021-06-15T13:21:47,6800.0,35.9,S
2021-06-15T13:21:47,1000.0,35.9,S
2021-06-15T13:21:46,800.0,35.8,S
2021-06-15T13:21:46,1300.0,35.8,S
2021-06-15T13:21:46,7700.0,35.8,S
2021-06-15T13:21:46,200.0,35.8,S
2021-06-15T13:21:46,800.0,35.9,S
2021-06-15T13:21:45,100.0,35.9,S
2021-06-15T13:21:43,10000.0,35.9,S
2021-06-15T13:21:42,400.0,35.8,S
2021-06-15T13:21:40,2300.0,35.9,S
2021-06-15T13:21:40,500.0,35.9,S
2021-06-15T13:21:38,200.0,35.9,S
2021-06-15T13:21:38,2300.0,35.9,S
2021-06-15T13:21:38,5000.0,35.9,S
2021-06-15T13:21:37,100.0,35.9,S
2021-06-15T13:21:36,1500.0,35.9,S
2021-06-15T13:21:36,3000.0,35.9,S
2021-06-15T13:21:34,100.0,35.85,S
2021-06-15T13:21:33,500.0,35.85,S
2021-06-15T13:21:32,1300.0,35.85,S
2021-06-15T13:21:31,400.0,35.9,S
2021-06-15T13:21:31,300.0,35.9,S
2021-06-15T13:21:30,500.0,35.9,S
2021-06-15T13:21:30,3000.0,35.9,S
2021-06-15T13:21:28,500.0,35.9,S
2021-06-15T13:21:28,500.0,35.85,S
2021-06-15T13:21:28,200.0,35.7,S
2021-06-15T13:21:26,7000.0,35.6,S
2021-06-15T13:21:25,200.0,35.85,S
2021-06-15T13:21:24,600.0,35.9,S
2021-06-15T13:21:24,1000.0,35.9,S
2021-06-15T13:21:19,5000.0,35.9,S
2021-06-15T13:21:18,200.0,35.85,S
2021-06-15T13:21:14,1000.0,35.9,S
2021-06-15T13:21:12,200.0,35.9,S
2021-06-15T13:21:09,1000.0,35.9,S
2021-06-15T13:21:09,100.0,35.9,S
2021-06-15T13:21:09,1100.0,35.6,S
2021-06-15T13:21:09,1300.0,35.7,S
2021-06-15T13:21:09,1500.0,35.7,S
2021-06-15T13:21:09,1100.0,35.7,S
2021-06-15T13:21:09,400.0,35.7,S
2021-06-15T13:21:09,1900.0,35.7,S
2021-06-15T13:21:09,2100.0,35.75,S
2021-06-15T13:21:08,2200.0,35.75,S
2021-06-15T13:21:08,2200.0,35.8,S
2021-06-15T13:21:08,2600.0,35.8,S
2021-06-15T13:21:08,1900.0,35.8,S
2021-06-15T13:21:08,1500.0,35.8,S
2021-06-15T13:21:08,2300.0,35.8,S
2021-06-15T13:21:08,2800.0,35.8,S
2021-06-15T13:21:08,2900.0,35.8,S
2021-06-15T13:21:08,1500.0,35.8,S
2021-06-15T13:21:08,20700.0,35.8,S
2021-06-15T13:21:07,50000.0,35.9,S
2021-06-15T13:21:07,1000.0,35.9,S
2021-06-15T13:21:06,2000.0,35.9,S
2021-06-15T13:21:02,100.0,35.9,S
2021-06-15T13:21:00,1600.0,35.9,S
2021-06-15T13:20:59,100.0,35.9,S
2021-06-15T13:20:58,900.0,35.9,S
2021-06-15T13:20:56,1000.0,35.9,S
2021-06-15T13:20:56,200.0,35.9,S
2021-06-15T13:20:55,100.0,35.9,S
2021-06-15T13:20:54,1000.0,35.9,S
2021-06-15T13:20:54,3100.0,35.9,S
2021-06-15T13:20:53,300.0,35.9,S
2021-06-15T13:20:52,300.0,35.85,S
2021-06-15T13:20:52,500.0,35.9,S
2021-06-15T13:20:51,600.0,35.9,S
2021-06-15T13:20:51,1500.0,35.85,S
2021-06-15T13:20:50,300.0,35.85,S
2021-06-15T13:20:50,3200.0,35.85,S
2021-06-15T13:20:49,300.0,35.9,S
2021-06-15T13:20:49,200.0,35.9,S
2021-06-15T13:20:47,800.0,35.9,S
2021-06-15T13:20:47,400.0,35.9,S
2021-06-15T13:20:47,1100.0,35.9,S
2021-06-15T13:20:46,500.0,35.85,S
2021-06-15T13:20:45,1500.0,35.9,S
2021-06-15T13:20:44,100.0,35.8,S
2021-06-15T13:20:42,3500.0,35.8,S
2021-06-15T13:20:41,1100.0,35.9,S
2021-06-15T13:20:40,200.0,35.9,S
2021-06-15T13:20:40,1000.0,35.9,S
2021-06-15T13:20:40,800.0,35.9,S
2021-06-15T13:20:39,300.0,35.9,S
2021-06-15T13:20:38,800.0,35.9,S
2021-06-15T13:20:36,1200.0,35.9,S
2021-06-15T13:20:34,3700.0,35.8,S
2021-06-15T13:20:34,3000.0,35.8,S
2021-06-15T13:20:34,900.0,35.8,S
2021-06-15T13:20:34,200.0,35.8,S
2021-06-15T13:20:34,8200.0,35.8,S
2021-06-15T13:20:34,1000.0,35.9,S
2021-06-15T13:20:29,100.0,35.9,S
2021-06-15T13:20:26,100.0,35.8,S
2021-06-15T13:20:26,500.0,35.8,S
2021-06-15T13:20:25,1000.0,35.9,S
2021-06-15T13:20:23,100.0,35.9,S
2021-06-15T13:20:22,200.0,35.9,S
2021-06-15T13:20:22,400.0,35.8,S
2021-06-15T13:20:22,2000.0,35.9,S
2021-06-15T13:20:20,200.0,35.9,S
2021-06-15T13:20:20,100.0,35.9,S
2021-06-15T13:20:19,1600.0,35.9,S
2021-06-15T13:20:12,1000.0,35.85,S
2021-06-15T13:20:09,500.0,35.9,S
2021-06-15T13:20:07,500.0,35.8,S
2021-06-15T13:20:07,4600.0,35.8,S
2021-06-15T13:20:04,100.0,35.9,S
2021-06-15T13:20:04,2700.0,35.8,S
2021-06-15T13:20:04,4000.0,35.8,S
2021-06-15T13:20:04,300.0,35.8,S
2021-06-15T13:20:04,30300.0,35.8,S
2021-06-15T13:20:03,2700.0,35.8,S
2021-06-15T13:20:02,300.0,35.8,S
2021-06-15T13:20:01,1300.0,35.8,S
2021-06-15T13:20:01,700.0,35.8,S
2021-06-15T13:20:01,500.0,35.8,S
2021-06-15T13:20:00,300.0,35.8,S
2021-06-15T13:19:58,1200.0,35.9,S
2021-06-15T13:19:57,1000.0,35.9,S
2021-06-15T13:19:57,1300.0,35.9,S
2021-06-15T13:19:57,4500.0,35.8,S
2021-06-15T13:19:56,500.0,35.8,S
2021-06-15T13:19:56,900.0,35.8,S
2021-06-15T13:19:56,300.0,35.8,S
2021-06-15T13:19:55,200.0,35.8,S
2021-06-15T13:19:52,200.0,35.9,S
2021-06-15T13:19:52,100.0,35.8,S
2021-06-15T13:19:51,900.0,35.85,S
2021-06-15T13:19:50,600.0,35.8,S
2021-06-15T13:19:50,100.0,35.8,S
2021-06-15T13:19:49,100.0,35.8,S
2021-06-15T13:19:47,500.0,35.8,S
2021-06-15T13:19:45,1000.0,35.85,S
2021-06-15T13:19:40,3000.0,35.8,S
2021-06-15T13:19:40,1000.0,35.8,S
2021-06-15T13:19:40,700.0,35.8,S
2021-06-15T13:19:40,100.0,35.8,S
2021-06-15T13:19:40,700.0,35.8,S
2021-06-15T13:19:40,500.0,35.8,S
2021-06-15T13:19:40,300.0,35.8,S
2021-06-15T13:19:40,400.0,35.8,S
2021-06-15T13:19:40,800.0,35.8,S
2021-06-15T13:19:40,1900.0,35.8,S
2021-06-15T13:19:40,4400.0,35.8,S
2021-06-15T13:19:40,1200.0,35.8,S
2021-06-15T13:19:39,1000.0,35.9,S
2021-06-15T13:19:38,200.0,35.8,S
2021-06-15T13:19:38,200.0,35.9,S
2021-06-15T13:19:36,100.0,35.8,S
2021-06-15T13:19:35,1700.0,35.95,S
2021-06-15T13:19:33,900.0,35.8,S
2021-06-15T13:19:32,1600.0,35.95,S
2021-06-15T13:19:31,1000.0,35.95,S
2021-06-15T13:19:31,3000.0,35.8,S
2021-06-15T13:19:29,1000.0,35.95,S
2021-06-15T13:19:29,300.0,35.95,S
2021-06-15T13:19:26,200.0,35.8,S
2021-06-15T13:19:26,4100.0,35.8,S
2021-06-15T13:19:25,2000.0,35.9,S
2021-06-15T13:19:24,700.0,35.9,S
2021-06-15T13:19:24,2900.0,35.9,S
2021-06-15T13:19:21,900.0,35.8,S
2021-06-15T13:19:20,800.0,35.8,S
2021-06-15T13:19:20,100.0,35.8,S
2021-06-15T13:19:18,300.0,35.8,S
2021-06-15T13:19:18,800.0,35.8,S
2021-06-15T13:19:18,1200.0,35.8,S
2021-06-15T13:19:17,300.0,35.8,S
2021-06-15T13:19:16,200.0,35.8,S
2021-06-15T13:19:16,400.0,35.9,S
2021-06-15T13:19:14,500.0,35.8,S
2021-06-15T13:19:14,1600.0,35.8,S
2021-06-15T13:19:13,500.0,35.9,S
2021-06-15T13:19:13,1600.0,35.9,S
2021-06-15T13:19:12,1000.0,35.8,S
2021-06-15T13:19:12,20000.0,35.8,S
2021-06-15T13:19:10,200.0,35.8,S
2021-06-15T13:19:10,1300.0,35.8,S
2021-06-15T13:19:10,3700.0,35.9,S
2021-06-15T13:19:09,1100.0,35.8,S
2021-06-15T13:19:07,800.0,35.9,S
2021-06-15T13:19:07,900.0,35.8,S
2021-06-15T13:19:07,10000.0,35.8,S
2021-06-15T13:19:07,800.0,35.8,S
2021-06-15T13:19:06,1700.0,35.8,S
2021-06-15T13:19:06,400.0,35.8,S
2021-06-15T13:19:05,300.0,35.8,S
2021-06-15T13:19:04,300.0,35.8,S
2021-06-15T13:19:03,400.0,35.8,S
2021-06-15T13:19:03,2900.0,35.8,S
2021-06-15T13:19:02,1000.0,35.8,S
2021-06-15T13:19:01,500.0,35.8,S
2021-06-15T13:19:01,100.0,35.8,S
2021-06-15T13:19:00,1200.0,35.8,S
2021-06-15T13:19:00,200.0,35.8,S
2021-06-15T13:18:59,1600.0,35.8,S
2021-06-15T13:18:59,2000.0,35.8,S
2021-06-15T13:18:59,1000.0,35.8,S
2021-06-15T13:18:58,800.0,35.6,S
2021-06-15T13:18:58,1000.0,35.8,S
2021-06-15T13:18:58,2500.0,35.8,S
2021-06-15T13:18:57,400.0,35.8,S
2021-06-15T13:18:56,1100.0,35.8,S
2021-06-15T13:18:55,200.0,35.8,S
2021-06-15T13:18:53,1500.0,35.8,S
2021-06-15T13:18:52,3200.0,35.8,S
2021-06-15T13:18:50,300.0,35.8,S
2021-06-15T13:18:49,100.0,35.8,S
2021-06-15T13:18:49,5000.0,35.8,S
2021-06-15T13:18:49,2400.0,35.9,S
2021-06-15T13:18:49,6700.0,35.6,S
2021-06-15T13:18:49,200.0,35.7,S
2021-06-15T13:18:49,14100.0,35.7,S
2021-06-15T13:18:49,3000.0,35.7,S
2021-06-15T13:18:49,15600.0,35.7,S
2021-06-15T13:18:49,8100.0,35.8,S
2021-06-15T13:18:48,5600.0,35.8,S
2021-06-15T13:18:48,4400.0,35.8,S
2021-06-15T13:18:48,800.0,35.8,S
2021-06-15T13:18:48,9200.0,35.8,S
2021-06-15T13:18:47,10000.0,35.8,S
2021-06-15T13:18:47,300.0,35.95,S
2021-06-15T13:18:46,100.0,35.95,S
2021-06-15T13:18:46,1000.0,36.0,S
2021-06-15T13:18:46,200.0,36.0,S
2021-06-15T13:18:44,1000.0,35.8,S
2021-06-15T13:18:42,9600.0,36.0,S
2021-06-15T13:18:42,100.0,35.9,S
2021-06-15T13:18:42,700.0,35.9,S
2021-06-15T13:18:40,2000.0,35.9,S
2021-06-15T13:18:39,1500.0,35.9,S
2021-06-15T13:18:38,500.0,35.9,S
2021-06-15T13:18:37,400.0,35.9,S
2021-06-15T13:18:37,1500.0,35.9,S
2021-06-15T13:18:36,600.0,35.8,S
2021-06-15T13:18:35,1000.0,35.9,S
2021-06-15T13:18:35,200.0,35.9,S
2021-06-15T13:18:34,100.0,35.9,S
2021-06-15T13:18:34,3200.0,35.9,S
2021-06-15T13:18:33,1000.0,35.9,S
2021-06-15T13:18:33,2000.0,35.8,S
2021-06-15T13:18:33,2000.0,35.9,S
2021-06-15T13:18:33,2900.0,35.9,S
2021-06-15T13:18:32,300.0,35.9,S
2021-06-15T13:18:32,400.0,35.9,S
2021-06-15T13:18:32,2000.0,35.9,S
2021-06-15T13:18:30,2000.0,35.9,S
2021-06-15T13:18:30,11300.0,35.9,S
2021-06-15T13:18:30,100.0,35.9,S
2021-06-15T13:18:30,1500.0,35.9,S
2021-06-15T13:18:29,1500.0,35.9,S
2021-06-15T13:18:29,400.0,35.8,S
2021-06-15T13:18:29,500.0,35.8,S
2021-06-15T13:18:29,1200.0,35.8,S
2021-06-15T13:18:26,400.0,35.9,S
2021-06-15T13:18:26,1000.0,35.9,S
2021-06-15T13:18:26,3000.0,35.9,S
2021-06-15T13:18:25,1200.0,35.9,S
2021-06-15T13:18:25,900.0,35.85,S
2021-06-15T13:18:24,1000.0,35.9,S
2021-06-15T13:18:24,300.0,35.9,S
2021-06-15T13:18:24,200.0,35.9,S
2021-06-15T13:18:23,1300.0,35.9,S
2021-06-15T13:18:22,1000.0,35.9,S
2021-06-15T13:18:22,100.0,35.9,S
2021-06-15T13:18:22,2000.0,35.9,S
2021-06-15T13:18:22,2000.0,35.9,S
2021-06-15T13:18:21,800.0,35.9,S
2021-06-15T13:18:21,200.0,35.9,S
2021-06-15T13:18:20,100.0,35.9,S
2021-06-15T13:18:20,1000.0,35.9,S
2021-06-15T13:18:20,13000.0,35.9,S
2021-06-15T13:18:18,300.0,35.9,S
2021-06-15T13:18:18,1000.0,35.9,S
2021-06-15T13:18:18,700.0,35.9,S
2021-06-15T13:18:18,5600.0,35.9,S
2021-06-15T13:18:18,1400.0,35.9,S
2021-06-15T13:18:18,2700.0,35.9,S
2021-06-15T13:18:18,1100.0,35.9,S
2021-06-15T13:18:18,800.0,35.9,S
2021-06-15T13:18:18,6800.0,35.9,S
2021-06-15T13:18:18,500.0,35.95,S
2021-06-15T13:18:18,9200.0,35.95,S
2021-06-15T13:18:18,3400.0,35.95,S
2021-06-15T13:18:18,7700.0,35.95,S
2021-06-15T13:18:18,3500.0,35.95,S
2021-06-15T13:18:17,18200.0,35.95,S
2021-06-15T13:18:16,600.0,36.05,S
2021-06-15T13:18:15,200.0,36.1,B
2021-06-15T13:18:14,2100.0,36.0,S
2021-06-15T13:18:12,5000.0,36.1,B
2021-06-15T13:18:11,1700.0,35.95,S
2021-06-15T13:18:11,300.0,36.05,S
2021-06-15T13:18:11,3200.0,35.95,S
2021-06-15T13:18:11,8100.0,35.95,S
2021-06-15T13:18:11,200.0,36.0,S
2021-06-15T13:18:11,1300.0,36.0,S
2021-06-15T13:18:11,2300.0,36.0,S
2021-06-15T13:18:11,100.0,36.0,S
2021-06-15T13:18:11,5700.0,36.0,S
2021-06-15T13:18:11,3000.0,36.0,S
2021-06-15T13:18:11,700.0,36.0,S
2021-06-15T13:18:11,800.0,36.0,S
2021-06-15T13:18:11,3000.0,36.0,S
2021-06-15T13:18:10,1600.0,36.0,S
2021-06-15T13:18:09,400.0,36.1,B
2021-06-15T13:18:09,500.0,36.05,S
2021-06-15T13:18:05,1000.0,36.1,B
2021-06-15T13:18:05,2000.0,36.1,B
2021-06-15T13:18:04,2000.0,36.1,B
2021-06-15T13:18:04,200.0,36.1,B
2021-06-15T13:18:03,2000.0,36.1,B
2021-06-15T13:18:02,100.0,36.1,B
2021-06-15T13:18:01,3000.0,36.1,B
2021-06-15T13:18:01,400.0,36.05,S
2021-06-15T13:17:59,100.0,36.05,S
2021-06-15T13:17:59,200.0,36.1,B
2021-06-15T13:17:59,100.0,36.1,B
2021-06-15T13:17:59,1000.0,36.1,B
2021-06-15T13:17:59,500.0,36.1,B
2021-06-15T13:17:59,500.0,36.1,B
2021-06-15T13:17:58,2300.0,36.1,B
2021-06-15T13:17:56,200.0,36.1,B
2021-06-15T13:17:56,200.0,36.1,B
2021-06-15T13:17:56,400.0,36.1,B
2021-06-15T13:17:56,2000.0,36.1,B
2021-06-15T13:17:56,300.0,36.1,B
2021-06-15T13:17:55,400.0,36.1,B
2021-06-15T13:17:53,1200.0,36.0,S
2021-06-15T13:17:53,200.0,36.0,S
2021-06-15T13:17:53,500.0,36.0,S
2021-06-15T13:17:53,7300.0,36.0,S
2021-06-15T13:17:53,4000.0,36.0,S
2021-06-15T13:17:53,2100.0,36.0,S
2021-06-15T13:17:53,500.0,36.0,S
2021-06-15T13:17:53,1000.0,36.0,S
2021-06-15T13:17:52,9700.0,36.0,S
2021-06-15T13:17:52,2000.0,36.0,S
2021-06-15T13:17:52,1900.0,36.0,S
2021-06-15T13:17:52,1000.0,36.0,S
2021-06-15T13:17:52,8400.0,36.0,S
2021-06-15T13:17:52,6600.0,36.0,S
2021-06-15T13:17:52,3600.0,36.0,S
2021-06-15T13:17:52,900.0,36.0,S
2021-06-15T13:17:51,200.0,36.1,B
2021-06-15T13:17:50,500.0,36.0,S
2021-06-15T13:17:49,1200.0,36.0,S
2021-06-15T13:17:47,16300.0,36.1,B
2021-06-15T13:17:47,1700.0,36.1,B
2021-06-15T13:17:45,8000.0,36.1,B
2021-06-15T13:17:45,1000.0,36.1,B
2021-06-15T13:17:41,1000.0,36.1,B
2021-06-15T13:17:39,400.0,36.1,B
2021-06-15T13:17:38,100.0,36.05,S
2021-06-15T13:17:37,200.0,36.1,B
2021-06-15T13:17:37,5000.0,36.0,S
2021-06-15T13:17:37,2500.0,36.0,S
2021-06-15T13:17:37,700.0,36.0,S
2021-06-15T13:17:37,1100.0,36.0,S
2021-06-15T13:17:36,100.0,36.0,S
2021-06-15T13:17:36,200.0,36.0,S
2021-06-15T13:17:36,600.0,36.0,S
2021-06-15T13:17:36,600.0,36.0,S
2021-06-15T13:17:36,5500.0,36.0,S
2021-06-15T13:17:36,200.0,36.0,S
2021-06-15T13:17:36,14900.0,36.0,S
2021-06-15T13:17:36,3200.0,36.0,S
2021-06-15T13:17:36,1000.0,36.0,S
2021-06-15T13:17:36,1100.0,36.0,S
2021-06-15T13:17:36,4700.0,36.0,S
2021-06-15T13:17:36,500.0,36.0,S
2021-06-15T13:17:35,100.0,36.0,S
2021-06-15T13:17:35,2700.0,36.0,S
2021-06-15T13:17:35,5200.0,36.05,S
2021-06-15T13:17:35,200.0,36.1,B
2021-06-15T13:17:34,600.0,36.1,B
2021-06-15T13:17:34,1100.0,36.1,B
2021-06-15T13:17:32,1000.0,36.05,S
2021-06-15T13:17:31,500.0,36.1,B
2021-06-15T13:17:31,500.0,36.1,B
2021-06-15T13:17:30,1000.0,36.1,B
2021-06-15T13:17:30,1000.0,36.1,B
2021-06-15T13:17:29,1000.0,36.1,B
2021-06-15T13:17:28,100.0,36.05,S
2021-06-15T13:17:26,900.0,36.1,B
2021-06-15T13:17:26,3700.0,36.1,B
2021-06-15T13:17:25,1200.0,36.1,B
2021-06-15T13:17:25,1000.0,36.1,B
2021-06-15T13:17:25,2000.0,36.1,B
2021-06-15T13:17:25,200.0,36.1,B
2021-06-15T13:17:24,100.0,36.1,B
2021-06-15T13:17:23,500.0,36.1,B
2021-06-15T13:17:23,4000.0,36.1,B
2021-06-15T13:17:22,1400.0,36.1,B
2021-06-15T13:17:22,3200.0,36.1,B
2021-06-15T13:17:22,200.0,36.1,B
2021-06-15T13:17:21,1500.0,36.1,B
2021-06-15T13:17:20,100.0,36.1,B
2021-06-15T13:17:20,1000.0,36.1,B
2021-06-15T13:17:19,300.0,36.1,B
2021-06-15T13:17:18,1100.0,36.1,B
2021-06-15T13:17:18,5100.0,36.1,B
2021-06-15T13:17:17,200.0,36.1,B
2021-06-15T13:17:15,100.0,36.1,B
2021-06-15T13:17:14,100.0,36.1,B
2021-06-15T13:17:13,600.0,36.1,B
2021-06-15T13:17:11,300.0,36.1,B
2021-06-15T13:17:10,1000.0,36.15,B
2021-06-15T13:17:09,1000.0,36.0,S
2021-06-15T13:17:08,10000.0,36.15,B
2021-06-15T13:17:08,3000.0,36.1,B
2021-06-15T13:17:07,2200.0,36.0,S
2021-06-15T13:17:04,700.0,36.0,S
2021-06-15T13:17:04,1800.0,36.0,S
2021-06-15T13:17:04,4100.0,36.0,S
2021-06-15T13:17:04,100.0,36.0,S
2021-06-15T13:17:04,1000.0,36.0,S
2021-06-15T13:17:04,1000.0,36.0,S
2021-06-15T13:17:04,1700.0,36.0,S
2021-06-15T13:17:04,8100.0,36.0,S
2021-06-15T13:17:04,7000.0,36.0,S
2021-06-15T13:17:04,200.0,36.05,S
2021-06-15T13:17:04,1100.0,36.05,S
2021-06-15T13:17:04,900.0,36.05,S
2021-06-15T13:17:04,2200.0,36.05,S
2021-06-15T13:17:04,600.0,36.05,S
2021-06-15T13:17:04,200.0,36.05,S
2021-06-15T13:17:03,200.0,36.05,S
2021-06-15T13:17:03,1100.0,36.05,S
2021-06-15T13:17:03,5200.0,36.05,S
2021-06-15T13:17:03,1200.0,36.05,S
2021-06-15T13:17:03,900.0,36.05,S
2021-06-15T13:17:03,800.0,36.05,S
2021-06-15T13:17:03,700.0,36.05,S
2021-06-15T13:17:03,2000.0,36.05,S
2021-06-15T13:17:03,400.0,36.05,S
2021-06-15T13:17:03,5900.0,36.05,S
2021-06-15T13:17:03,900.0,36.05,S
2021-06-15T13:17:03,100.0,36.1,B
2021-06-15T13:17:02,100.0,36.1,B
2021-06-15T13:17:01,2000.0,36.15,B
2021-06-15T13:17:00,10000.0,36.15,B
2021-06-15T13:16:59,10000.0,36.15,B
2021-06-15T13:16:58,1100.0,36.15,B
2021-06-15T13:16:58,1000.0,36.1,B
2021-06-15T13:16:57,1700.0,36.15,B
2021-06-15T13:16:57,100.0,36.1,B
2021-06-15T13:16:56,600.0,36.1,B
2021-06-15T13:16:55,9100.0,36.1,B
2021-06-15T13:16:55,900.0,36.1,B
2021-06-15T13:16:54,100.0,36.15,B
2021-06-15T13:16:53,4000.0,36.15,B
2021-06-15T13:16:52,200.0,36.1,B
2021-06-15T13:16:50,1000.0,36.1,B
2021-06-15T13:16:50,400.0,36.1,B
2021-06-15T13:16:50,200.0,36.1,B
2021-06-15T13:16:49,800.0,36.1,B
2021-06-15T13:16:49,200.0,36.1,B
2021-06-15T13:16:48,100.0,36.1,B
2021-06-15T13:16:48,1500.0,36.1,B
2021-06-15T13:16:44,1200.0,36.1,B
2021-06-15T13:16:44,1500.0,36.1,B
2021-06-15T13:16:43,20600.0,36.1,B
2021-06-15T13:16:41,5000.0,36.15,B
2021-06-15T13:16:41,100.0,36.15,B
2021-06-15T13:16:40,200.0,36.15,B
2021-06-15T13:16:39,200.0,36.15,S
2021-06-15T13:16:37,600.0,36.15,S
2021-06-15T13:16:37,100.0,36.15,S
2021-06-15T13:16:36,100.0,36.15,S
2021-06-15T13:16:36,4900.0,36.15,S
2021-06-15T13:16:35,1000.0,36.15,S
2021-06-15T13:16:34,300.0,36.1,S
2021-06-15T13:16:33,800.0,36.15,S
2021-06-15T13:16:33,100.0,36.15,S
2021-06-15T13:16:30,300.0,36.15,S
2021-06-15T13:16:29,5200.0,36.15,S
2021-06-15T13:16:28,200.0,36.15,S
2021-06-15T13:16:28,2000.0,36.15,S
2021-06-15T13:16:26,500.0,36.15,S
2021-06-15T13:16:26,800.0,36.15,S
2021-06-15T13:16:26,200.0,36.15,S
2021-06-15T13:16:24,3000.0,36.15,S
2021-06-15T13:16:23,200.0,36.15,S
2021-06-15T13:16:23,10400.0,36.15,S
2021-06-15T13:16:23,600.0,36.15,S
2021-06-15T13:16:23,6000.0,36.15,S
2021-06-15T13:16:23,3800.0,36.15,S
2021-06-15T13:16:15,400.0,36.15,S
2021-06-15T13:16:15,1000.0,36.1,S
2021-06-15T13:16:13,5500.0,36.15,S
2021-06-15T13:16:13,2100.0,36.1,S
2021-06-15T13:16:13,1300.0,36.1,S
2021-06-15T13:16:12,1000.0,36.1,S
2021-06-15T13:16:12,1700.0,36.1,S
2021-06-15T13:16:12,1200.0,36.1,S
2021-06-15T13:16:12,100.0,36.1,S
2021-06-15T13:16:12,2600.0,36.1,S
2021-06-15T13:16:12,1200.0,36.1,S
2021-06-15T13:16:12,8200.0,36.1,S
2021-06-15T13:16:11,1800.0,36.1,S
2021-06-15T13:16:11,1200.0,36.15,S
2021-06-15T13:16:09,5200.0,36.15,S
2021-06-15T13:16:09,2600.0,36.15,S
2021-06-15T13:16:09,2000.0,36.15,S
2021-06-15T13:16:09,4000.0,36.15,S
2021-06-15T13:16:05,3200.0,36.15,S
2021-06-15T13:16:05,1900.0,36.15,S
2021-06-15T13:16:03,500.0,36.15,S
2021-06-15T13:16:02,100.0,36.15,S
2021-06-15T13:16:02,100.0,36.15,S
2021-06-15T13:16:00,1500.0,36.15,S
2021-06-15T13:16:00,100.0,36.15,S
2021-06-15T13:15:59,6600.0,36.15,S
2021-06-15T13:15:59,100.0,36.15,S
2021-06-15T13:15:59,1000.0,36.15,S
2021-06-15T13:15:58,200.0,36.1,S
2021-06-15T13:15:55,100.0,36.15,S
2021-06-15T13:15:54,4000.0,36.15,S
2021-06-15T13:15:53,100.0,36.1,S
2021-06-15T13:15:52,500.0,36.15,S
2021-06-15T13:15:52,4500.0,36.15,S
2021-06-15T13:15:51,1000.0,36.15,S
2021-06-15T13:15:51,5000.0,36.15,S
2021-06-15T13:15:49,5600.0,36.15,S
2021-06-15T13:15:49,5000.0,36.15,S
2021-06-15T13:15:49,1000.0,36.15,S
2021-06-15T13:15:47,400.0,36.15,S
2021-06-15T13:15:47,800.0,36.15,S
2021-06-15T13:15:46,2000.0,36.15,S
2021-06-15T13:15:44,1900.0,36.15,S
2021-06-15T13:15:43,500.0,36.15,S
2021-06-15T13:15:41,300.0,36.15,S
2021-06-15T13:15:41,300.0,36.1,S
2021-06-15T13:15:39,1200.0,36.15,S
2021-06-15T13:15:39,800.0,36.15,S
2021-06-15T13:15:38,500.0,36.1,S
2021-06-15T13:15:38,1000.0,36.15,S
2021-06-15T13:15:37,2300.0,36.15,S
2021-06-15T13:15:36,500.0,36.1,S
2021-06-15T13:15:35,800.0,36.15,S
2021-06-15T13:15:34,10400.0,36.15,S
2021-06-15T13:15:34,600.0,36.15,S
2021-06-15T13:15:32,200.0,36.15,S
2021-06-15T13:15:32,2000.0,36.15,S
2021-06-15T13:15:32,1000.0,36.15,S
2021-06-15T13:15:32,1200.0,36.15,S
2021-06-15T13:15:32,600.0,36.1,S
2021-06-15T13:15:31,1000.0,36.1,S
2021-06-15T13:15:30,1000.0,36.15,S
2021-06-15T13:15:29,400.0,36.15,S
2021-06-15T13:15:27,1200.0,36.15,S
2021-06-15T13:15:27,3000.0,36.15,S
2021-06-15T13:15:26,5000.0,36.15,S
2021-06-15T13:15:26,3000.0,36.15,S
2021-06-15T13:15:26,7000.0,36.15,S
2021-06-15T13:15:24,100.0,36.15,S
2021-06-15T13:15:24,100.0,36.15,S
2021-06-15T13:15:24,500.0,36.15,S
2021-06-15T13:15:22,2000.0,36.15,S
2021-06-15T13:15:21,12900.0,36.15,S
2021-06-15T13:15:20,200.0,36.15,S
2021-06-15T13:15:20,500.0,36.15,S
2021-06-15T13:15:18,5000.0,36.15,S
2021-06-15T13:15:16,1000.0,36.15,S
2021-06-15T13:15:16,2200.0,36.15,S
2021-06-15T13:15:16,400.0,36.15,S
2021-06-15T13:15:16,3700.0,36.15,S
2021-06-15T13:15:16,100.0,36.15,S
2021-06-15T13:15:16,200.0,36.2,B
2021-06-15T13:15:15,20000.0,36.2,B
2021-06-15T13:15:15,100.0,36.15,S
2021-06-15T13:15:15,400.0,36.1,S
2021-06-15T13:15:15,600.0,36.1,S
2021-06-15T13:15:14,500.0,36.15,S
2021-06-15T13:15:12,600.0,36.2,B
2021-06-15T13:15:12,400.0,36.15,S
2021-06-15T13:15:11,10300.0,36.15,S
2021-06-15T13:15:10,10100.0,36.15,S
2021-06-15T13:15:10,600.0,36.1,S
2021-06-15T13:15:10,6000.0,36.1,S
2021-06-15T13:15:09,3300.0,36.1,S
2021-06-15T13:15:07,3000.0,36.15,S
2021-06-15T13:15:07,1000.0,36.15,S
2021-06-15T13:15:07,1800.0,36.15,S
2021-06-15T13:15:07,300.0,36.15,S
2021-06-15T13:15:06,1100.0,36.15,S
2021-06-15T13:15:05,700.0,36.15,S
2021-06-15T13:15:04,200.0,36.15,S
2021-06-15T13:15:04,900.0,36.15,S
2021-06-15T13:15:04,5300.0,36.15,S
2021-06-15T13:15:03,11200.0,36.2,B
2021-06-15T13:15:03,11000.0,36.2,B
2021-06-15T13:15:02,4000.0,36.2,B
2021-06-15T13:15:02,200.0,36.2,B
2021-06-15T13:15:01,400.0,36.2,B
2021-06-15T13:14:59,300.0,36.2,B
2021-06-15T13:14:59,2500.0,36.2,B
2021-06-15T13:14:58,1000.0,36.15,S
2021-06-15T13:14:58,500.0,36.15,S
2021-06-15T13:14:57,2900.0,36.2,B
2021-06-15T13:14:56,500.0,36.2,B
2021-06-15T13:14:56,800.0,36.2,B
2021-06-15T13:14:56,8300.0,36.2,B
2021-06-15T13:14:56,2900.0,36.1,S
2021-06-15T13:14:56,2200.0,36.1,S
2021-06-15T13:14:55,1500.0,36.1,S
2021-06-15T13:14:55,1700.0,36.1,S
2021-06-15T13:14:55,3200.0,36.1,S
2021-06-15T13:14:55,2000.0,36.1,S
2021-06-15T13:14:55,1000.0,36.1,S
2021-06-15T13:14:55,100.0,36.1,S
2021-06-15T13:14:55,500.0,36.1,S
2021-06-15T13:14:55,1100.0,36.1,S
2021-06-15T13:14:55,3700.0,36.1,S
2021-06-15T13:14:55,1900.0,36.1,S
2021-06-15T13:14:55,700.0,36.1,S
2021-06-15T13:14:55,7200.0,36.1,S
2021-06-15T13:14:55,8800.0,36.1,S
2021-06-15T13:14:54,32100.0,36.1,S
2021-06-15T13:14:54,2300.0,36.1,S
2021-06-15T13:14:54,2500.0,36.1,S
2021-06-15T13:14:53,4000.0,36.1,S
2021-06-15T13:14:53,2000.0,36.15,S
2021-06-15T13:14:53,1400.0,36.15,S
2021-06-15T13:14:53,2500.0,36.15,S
2021-06-15T13:14:53,8400.0,36.15,S
2021-06-15T13:14:53,900.0,36.2,B
2021-06-15T13:14:53,5000.0,36.15,S
2021-06-15T13:14:52,100.0,36.2,B
2021-06-15T13:14:51,1000.0,36.2,B
2021-06-15T13:14:51,300.0,36.2,B
2021-06-15T13:14:50,1000.0,36.15,S
2021-06-15T13:14:48,10000.0,36.2,B
2021-06-15T13:14:46,4000.0,36.2,B
2021-06-15T13:14:45,1500.0,36.2,B
2021-06-15T13:14:44,5600.0,36.15,S
2021-06-15T13:14:42,100.0,36.2,B
2021-06-15T13:14:42,2000.0,36.2,B
2021-06-15T13:14:41,1000.0,36.2,B
2021-06-15T13:14:37,1800.0,36.2,B
2021-06-15T13:14:37,500.0,36.2,B
2021-06-15T13:14:36,1100.0,36.2,B
2021-06-15T13:14:35,1000.0,36.15,S
2021-06-15T13:14:33,2200.0,36.15,S
2021-06-15T13:14:33,10000.0,36.15,S
2021-06-15T13:14:32,7000.0,36.15,S
2021-06-15T13:14:32,1200.0,36.2,B
2021-06-15T13:14:30,1000.0,36.15,S
2021-06-15T13:14:30,1000.0,36.15,S
2021-06-15T13:14:29,1000.0,36.15,S
2021-06-15T13:14:28,2000.0,36.15,S
2021-06-15T13:14:28,1000.0,36.2,B
2021-06-15T13:14:26,1400.0,36.2,B
2021-06-15T13:14:26,800.0,36.15,S
2021-06-15T13:14:26,500.0,36.2,B
2021-06-15T13:14:25,7800.0,36.2,B
2021-06-15T13:14:25,300.0,36.2,B
2021-06-15T13:14:24,5900.0,36.2,B
2021-06-15T13:14:24,10200.0,36.15,S
2021-06-15T13:14:24,200.0,36.2,B
2021-06-15T13:14:23,200.0,36.2,B
2021-06-15T13:14:21,1000.0,36.2,B
2021-06-15T13:14:19,400.0,36.2,B
2021-06-15T13:14:18,5500.0,36.2,B
2021-06-15T13:14:18,2700.0,36.2,B
2021-06-15T13:14:17,3700.0,36.2,B
2021-06-15T13:14:17,100.0,36.15,S
2021-06-15T13:14:17,9300.0,36.15,S
2021-06-15T13:14:17,800.0,36.2,B
2021-06-15T13:14:16,2800.0,36.2,B
2021-06-15T13:14:15,4000.0,36.15,S
2021-06-15T13:14:14,100.0,36.2,B
2021-06-15T13:14:14,300.0,36.2,B
2021-06-15T13:14:14,100.0,36.2,B
2021-06-15T13:14:13,100.0,36.15,S
2021-06-15T13:14:13,100.0,36.2,B
2021-06-15T13:14:12,500.0,36.15,S
2021-06-15T13:14:12,500.0,36.15,S
2021-06-15T13:14:11,2000.0,36.2,B
2021-06-15T13:14:10,200.0,36.15,S
2021-06-15T13:14:07,4900.0,36.2,B
2021-06-15T13:14:07,5100.0,36.2,B
2021-06-15T13:14:05,300.0,36.2,B
2021-06-15T13:14:03,300.0,36.2,B
2021-06-15T13:14:03,2400.0,36.2,B
2021-06-15T13:14:03,6100.0,36.2,B
2021-06-15T13:14:03,3400.0,36.2,B
2021-06-15T13:14:03,2600.0,36.2,B
2021-06-15T13:14:03,3300.0,36.2,B
2021-06-15T13:14:03,400.0,36.2,B
2021-06-15T13:14:02,900.0,36.2,B
2021-06-15T13:14:00,500.0,36.2,B
2021-06-15T13:14:00,100.0,36.2,B
2021-06-15T13:14:00,1300.0,36.2,B
2021-06-15T13:14:00,2000.0,36.2,B
2021-06-15T13:14:00,1700.0,36.2,B
2021-06-15T13:14:00,2500.0,36.15,S
2021-06-15T13:13:59,1000.0,36.2,B
2021-06-15T13:13:59,100.0,36.2,B
2021-06-15T13:13:59,4100.0,36.1,S
2021-06-15T13:13:59,200.0,36.2,B
2021-06-15T13:13:58,3000.0,36.2,B
2021-06-15T13:13:57,2000.0,36.15,S
2021-06-15T13:13:55,500.0,36.15,S
2021-06-15T13:13:54,2400.0,36.15,S
2021-06-15T13:13:54,200.0,36.15,S
2021-06-15T13:13:53,100.0,36.15,S
2021-06-15T13:13:53,200.0,36.15,S
2021-06-15T13:13:53,100.0,36.1,S
2021-06-15T13:13:53,500.0,36.2,B
2021-06-15T13:13:53,9000.0,36.1,S
2021-06-15T13:13:53,400.0,36.1,S
2021-06-15T13:13:52,2600.0,36.1,S
2021-06-15T13:13:52,200.0,36.2,B
2021-06-15T13:13:52,3900.0,36.15,S
2021-06-15T13:13:52,3000.0,36.15,S
2021-06-15T13:13:51,1800.0,36.2,B
2021-06-15T13:13:51,5300.0,36.15,S
2021-06-15T13:13:51,1000.0,36.15,S
2021-06-15T13:13:51,200.0,36.15,S
2021-06-15T13:13:50,1000.0,36.15,S
