tradingTime,volume,price,side
2021-06-15T14:27:18,1800.0,29.35,B
2021-06-15T14:27:18,1200.0,29.2,B
2021-06-15T14:15:42,100.0,29.2,B
2021-06-15T14:15:15,700.0,29.0,S
2021-06-15T14:14:09,500.0,29.0,B
2021-06-15T14:14:08,22200.0,29.0,B
2021-06-15T14:13:55,3700.0,28.8,S
2021-06-15T14:12:30,1000.0,28.8,B
2021-06-15T14:11:46,200.0,28.8,B
2021-06-15T14:11:32,300.0,28.7,S
2021-06-15T14:11:27,800.0,28.8,B
2021-06-15T14:11:02,2000.0,28.7,S
2021-06-15T14:10:49,1000.0,28.7,S
2021-06-15T14:09:54,1500.0,28.7,B
2021-06-15T14:08:50,900.0,28.7,B
2021-06-15T14:08:50,9000.0,28.7,B
2021-06-15T14:08:29,500.0,28.7,B
2021-06-15T14:08:26,1000.0,28.7,B
2021-06-15T14:08:21,7700.0,28.7,B
2021-06-15T14:07:21,500.0,28.6,S
2021-06-15T14:07:19,1000.0,28.7,B
2021-06-15T14:06:28,1800.0,28.6,S
2021-06-15T14:06:19,1800.0,28.6,S
2021-06-15T14:06:07,200.0,28.6,S
2021-06-15T14:06:04,2000.0,28.7,B
2021-06-15T14:05:41,1100.0,28.7,B
2021-06-15T14:05:02,800.0,28.6,B
2021-06-15T14:04:59,1200.0,28.6,B
2021-06-15T14:04:01,100.0,28.6,B
2021-06-15T14:03:42,1000.0,28.5,S
2021-06-15T14:03:42,1000.0,28.5,S
2021-06-15T14:03:42,500.0,28.5,S
2021-06-15T14:03:42,700.0,28.5,S
2021-06-15T14:03:42,700.0,28.5,S
2021-06-15T14:03:31,5000.0,28.6,B
2021-06-15T14:03:27,2100.0,28.5,S
2021-06-15T14:03:27,2900.0,28.5,S
2021-06-15T14:03:26,100.0,28.55,S
2021-06-15T14:03:14,100.0,28.6,B
2021-06-15T14:02:13,500.0,28.5,S
2021-06-15T14:02:09,200.0,28.55,B
2021-06-15T14:01:41,100.0,28.55,B
2021-06-15T14:01:34,100.0,28.55,B
2021-06-15T14:01:23,100.0,28.55,B
2021-06-15T14:01:15,3900.0,28.5,S
2021-06-15T14:00:42,100.0,28.55,B
2021-06-15T13:59:45,100.0,28.55,B
2021-06-15T13:59:40,300.0,28.5,S
2021-06-15T13:59:32,100.0,28.5,S
2021-06-15T13:59:28,200.0,28.55,S
2021-06-15T13:58:51,100.0,28.5,S
2021-06-15T13:58:42,400.0,28.5,S
2021-06-15T13:58:19,600.0,28.5,S
2021-06-15T13:58:19,7400.0,28.5,S
2021-06-15T13:58:17,2600.0,28.5,S
2021-06-15T13:58:17,600.0,28.5,S
2021-06-15T13:58:17,5400.0,28.5,S
2021-06-15T13:58:17,1300.0,28.5,S
2021-06-15T13:58:17,5100.0,28.5,S
2021-06-15T13:57:59,500.0,28.6,B
2021-06-15T13:57:26,400.0,28.5,S
2021-06-15T13:57:26,1600.0,28.5,S
2021-06-15T13:57:26,600.0,28.5,S
2021-06-15T13:57:25,400.0,28.55,S
2021-06-15T13:56:57,1000.0,28.6,B
2021-06-15T13:56:54,1400.0,28.55,S
2021-06-15T13:55:54,1000.0,28.6,B
2021-06-15T13:55:42,2300.0,28.6,S
2021-06-15T13:55:31,300.0,28.6,S
2021-06-15T13:55:05,200.0,28.6,S
2021-06-15T13:54:56,6000.0,28.6,S
2021-06-15T13:54:33,7000.0,28.55,S
2021-06-15T13:54:28,200.0,28.55,S
2021-06-15T13:53:56,300.0,28.6,S
2021-06-15T13:53:17,1000.0,28.55,S
2021-06-15T13:52:46,100.0,28.6,S
2021-06-15T13:52:43,1000.0,28.55,S
2021-06-15T13:52:37,500.0,28.6,S
2021-06-15T13:52:28,800.0,28.6,S
2021-06-15T13:52:17,500.0,28.6,S
2021-06-15T13:52:16,800.0,28.6,S
2021-06-15T13:52:16,100.0,28.6,S
2021-06-15T13:52:16,200.0,28.6,S
2021-06-15T13:52:15,4000.0,28.6,S
2021-06-15T13:52:00,1000.0,28.65,B
2021-06-15T13:51:24,4000.0,28.6,S
2021-06-15T13:51:24,100.0,28.6,S
2021-06-15T13:51:19,500.0,28.6,S
2021-06-15T13:50:47,100.0,28.65,B
2021-06-15T13:50:32,1800.0,28.6,S
2021-06-15T13:50:25,400.0,28.6,S
2021-06-15T13:50:15,100.0,28.6,S
2021-06-15T13:49:51,1000.0,28.6,S
2021-06-15T13:49:48,200.0,28.6,S
2021-06-15T13:49:48,2300.0,28.6,S
2021-06-15T13:48:48,1300.0,28.6,S
2021-06-15T13:48:48,500.0,28.6,S
2021-06-15T13:48:48,5700.0,28.6,S
2021-06-15T13:48:42,2000.0,28.65,B
2021-06-15T13:48:25,1000.0,28.6,S
2021-06-15T13:48:05,500.0,28.65,B
2021-06-15T13:47:56,2500.0,28.6,S
2021-06-15T13:47:48,400.0,28.65,B
2021-06-15T13:47:33,500.0,28.65,B
2021-06-15T13:47:05,100.0,28.65,S
2021-06-15T13:46:02,500.0,28.6,S
2021-06-15T13:45:52,500.0,28.65,S
2021-06-15T13:45:39,1600.0,28.65,S
2021-06-15T13:45:39,200.0,28.65,S
2021-06-15T13:45:39,15700.0,28.65,S
2021-06-15T13:45:39,500.0,28.65,S
2021-06-15T13:45:29,2000.0,28.65,S
2021-06-15T13:45:13,3600.0,28.65,S
2021-06-15T13:45:12,2400.0,28.65,S
2021-06-15T13:44:30,1000.0,28.7,B
2021-06-15T13:43:11,4000.0,28.7,S
2021-06-15T13:42:47,4000.0,28.7,S
2021-06-15T13:42:38,500.0,28.65,S
2021-06-15T13:42:31,2000.0,28.7,S
2021-06-15T13:41:57,1000.0,28.65,S
2021-06-15T13:41:49,100.0,28.7,S
2021-06-15T13:41:06,500.0,28.65,S
2021-06-15T13:41:04,500.0,28.7,S
2021-06-15T13:40:15,100.0,28.7,S
2021-06-15T13:40:06,700.0,28.7,S
2021-06-15T13:40:05,700.0,28.7,S
2021-06-15T13:39:31,100.0,28.7,S
2021-06-15T13:39:29,200.0,28.7,S
2021-06-15T13:39:17,300.0,28.65,S
2021-06-15T13:39:15,1000.0,28.65,S
2021-06-15T13:38:54,100.0,28.7,S
2021-06-15T13:38:54,14300.0,28.7,S
2021-06-15T13:38:08,1000.0,28.7,S
2021-06-15T13:38:07,9000.0,28.7,S
2021-06-15T13:37:45,1000.0,28.7,S
2021-06-15T13:37:04,400.0,28.7,S
2021-06-15T13:37:04,600.0,28.7,S
2021-06-15T13:35:29,200.0,28.7,S
2021-06-15T13:34:53,600.0,28.8,B
2021-06-15T13:34:42,1000.0,28.7,S
2021-06-15T13:33:42,2000.0,28.7,B
2021-06-15T13:32:47,1400.0,28.7,B
2021-06-15T13:31:50,700.0,28.7,B
2021-06-15T13:31:43,21800.0,28.7,B
2021-06-15T13:31:39,500.0,28.6,S
2021-06-15T13:30:55,500.0,28.65,S
2021-06-15T13:30:50,300.0,28.65,S
2021-06-15T13:30:37,5000.0,28.7,B
2021-06-15T13:30:35,100.0,28.65,S
2021-06-15T13:30:34,300.0,28.65,S
2021-06-15T13:30:18,5300.0,28.7,B
2021-06-15T13:29:54,200.0,28.65,S
2021-06-15T13:29:53,200.0,28.65,S
2021-06-15T13:29:49,1200.0,28.7,B
2021-06-15T13:29:32,3000.0,28.7,B
2021-06-15T13:29:26,500.0,28.65,S
2021-06-15T13:29:12,1000.0,28.7,B
2021-06-15T13:29:11,200.0,28.7,B
2021-06-15T13:29:06,200.0,28.7,B
2021-06-15T13:29:03,1000.0,28.65,S
2021-06-15T13:28:42,5000.0,28.65,S
2021-06-15T13:28:28,500.0,28.65,S
2021-06-15T13:27:40,500.0,28.65,S
2021-06-15T13:27:15,200.0,28.7,B
2021-06-15T13:27:14,1000.0,28.65,S
2021-06-15T13:27:09,1200.0,28.7,B
2021-06-15T13:26:51,200.0,28.65,S
2021-06-15T13:26:34,100.0,28.7,B
2021-06-15T13:26:02,200.0,28.7,S
2021-06-15T13:25:50,2000.0,28.7,S
2021-06-15T13:25:50,100.0,28.7,S
2021-06-15T13:25:28,100.0,28.7,S
2021-06-15T13:25:11,1000.0,28.7,S
2021-06-15T13:24:33,400.0,28.7,S
2021-06-15T13:24:22,2000.0,28.7,S
2021-06-15T13:24:17,1000.0,28.7,S
2021-06-15T13:24:17,2000.0,28.7,S
2021-06-15T13:24:17,800.0,28.7,S
2021-06-15T13:24:17,300.0,28.7,S
2021-06-15T13:24:17,300.0,28.7,S
2021-06-15T13:24:16,9100.0,28.7,S
2021-06-15T13:23:25,500.0,28.85,B
2021-06-15T13:23:17,2600.0,28.85,B
2021-06-15T13:23:09,200.0,28.8,S
2021-06-15T13:22:41,600.0,28.85,B
2021-06-15T13:22:31,3000.0,28.8,S
2021-06-15T13:22:29,3000.0,28.85,B
2021-06-15T13:21:20,300.0,28.85,S
2021-06-15T13:21:19,8700.0,28.85,S
2021-06-15T13:20:39,1300.0,28.85,S
2021-06-15T13:20:30,10000.0,28.7,S
2021-06-15T13:20:26,1000.0,28.85,S
2021-06-15T13:20:12,400.0,28.85,S
2021-06-15T13:19:58,2000.0,28.85,S
2021-06-15T13:19:57,300.0,28.85,S
2021-06-15T13:19:57,100.0,28.85,S
2021-06-15T13:19:26,100.0,28.85,S
2021-06-15T13:19:24,100.0,28.85,S
2021-06-15T13:19:07,5100.0,28.85,S
2021-06-15T13:18:40,5000.0,28.85,S
2021-06-15T13:18:14,5000.0,28.8,S
2021-06-15T13:18:12,500.0,28.95,S
2021-06-15T13:17:54,600.0,28.8,S
2021-06-15T13:17:54,300.0,28.8,S
2021-06-15T13:17:54,9100.0,28.8,S
2021-06-15T13:17:00,2700.0,28.8,S
2021-06-15T13:17:00,4600.0,28.8,S
2021-06-15T13:17:00,700.0,28.9,S
2021-06-15T13:16:56,2100.0,28.95,S
2021-06-15T13:16:14,7000.0,28.95,S
2021-06-15T13:15:20,200.0,28.95,S
2021-06-15T13:15:04,300.0,28.95,S
2021-06-15T13:14:57,200.0,28.9,S
2021-06-15T13:14:49,1000.0,28.85,S
2021-06-15T13:14:43,300.0,28.9,S
2021-06-15T13:14:41,2000.0,28.9,S
2021-06-15T13:14:18,300.0,28.9,S
2021-06-15T13:13:45,2200.0,28.9,S
2021-06-15T13:13:25,5000.0,29.0,B
2021-06-15T13:12:37,1000.0,28.9,S
2021-06-15T13:12:17,4000.0,29.0,B
2021-06-15T13:12:07,300.0,29.0,B
2021-06-15T13:11:51,700.0,29.0,B
2021-06-15T13:11:48,1000.0,28.9,S
2021-06-15T13:11:36,300.0,29.0,B
2021-06-15T13:11:23,1000.0,29.0,B
2021-06-15T13:11:21,2000.0,29.0,B
2021-06-15T13:11:21,1000.0,29.0,B
2021-06-15T13:11:08,100.0,29.0,B
2021-06-15T13:10:32,400.0,29.0,B
2021-06-15T13:10:32,7600.0,29.0,B
2021-06-15T13:09:46,5000.0,29.0,B
2021-06-15T13:09:31,200.0,28.9,S
2021-06-15T13:09:31,100.0,28.9,S
2021-06-15T13:09:30,100.0,28.9,S
2021-06-15T13:09:30,1100.0,28.9,S
2021-06-15T13:09:17,200.0,29.0,B
2021-06-15T13:08:18,1000.0,29.0,B
2021-06-15T13:08:14,1000.0,29.0,B
2021-06-15T13:08:04,200.0,29.0,B
2021-06-15T13:07:54,4100.0,28.9,S
2021-06-15T13:07:54,300.0,28.95,S
2021-06-15T13:07:27,500.0,29.0,B
2021-06-15T13:07:27,800.0,29.0,B
2021-06-15T13:06:48,5000.0,29.0,S
2021-06-15T13:06:30,200.0,29.0,S
2021-06-15T13:06:12,100.0,29.0,S
2021-06-15T13:05:44,3600.0,29.0,S
2021-06-15T13:05:08,4600.0,29.0,S
2021-06-15T13:05:08,400.0,29.0,S
2021-06-15T13:04:10,2000.0,29.0,S
2021-06-15T13:03:29,5000.0,29.05,S
2021-06-15T13:02:12,2000.0,29.0,S
2021-06-15T13:02:10,100.0,29.1,S
2021-06-15T13:00:47,100.0,29.0,S
2021-06-15T13:00:38,600.0,29.0,S
2021-06-15T13:00:37,200.0,29.0,S
2021-06-15T13:00:37,100.0,29.3,B
2021-06-15T13:00:30,100.0,29.0,S
2021-06-15T11:30:09,8600.0,29.0,B
2021-06-15T11:29:49,300.0,29.0,B
2021-06-15T11:29:47,1100.0,29.0,S
2021-06-15T11:29:21,4500.0,29.0,S
2021-06-15T11:29:17,1000.0,29.3,B
2021-06-15T11:28:59,100.0,29.0,B
2021-06-15T11:28:28,14900.0,29.0,S
2021-06-15T11:28:07,300.0,29.3,B
2021-06-15T11:27:56,1000.0,29.3,B
2021-06-15T11:26:11,500.0,29.3,B
2021-06-15T11:25:30,100.0,29.35,B
2021-06-15T11:25:18,400.0,29.0,B
2021-06-15T11:25:09,14600.0,29.0,S
2021-06-15T11:24:17,1200.0,29.0,S
2021-06-15T11:23:52,1500.0,29.0,S
2021-06-15T11:23:43,15000.0,29.0,S
2021-06-15T11:23:11,1000.0,29.0,S
2021-06-15T11:22:51,7700.0,29.0,S
2021-06-15T11:21:28,1800.0,28.8,S
2021-06-15T11:21:28,3200.0,28.95,S
2021-06-15T11:21:16,1000.0,29.0,S
2021-06-15T11:20:28,4800.0,29.0,S
2021-06-15T11:19:46,1000.0,29.0,S
2021-06-15T11:19:37,1000.0,29.0,S
2021-06-15T11:19:23,500.0,29.0,S
2021-06-15T11:19:12,1000.0,29.0,S
2021-06-15T11:19:09,1000.0,29.0,S
2021-06-15T11:18:50,5000.0,29.0,S
2021-06-15T11:18:30,100.0,29.2,B
2021-06-15T11:17:44,200.0,29.2,S
2021-06-15T11:17:41,100.0,29.35,B
2021-06-15T11:15:38,1000.0,29.4,S
2021-06-15T11:15:30,500.0,29.5,B
2021-06-15T11:14:28,900.0,29.5,B
2021-06-15T11:14:28,1000.0,29.5,B
2021-06-15T11:14:28,1100.0,29.5,B
2021-06-15T11:13:35,100.0,29.5,B
2021-06-15T11:13:15,10000.0,29.5,B
2021-06-15T11:11:38,3000.0,29.5,B
2021-06-15T11:11:11,8000.0,29.5,B
2021-06-15T11:09:37,700.0,29.2,B
2021-06-15T11:08:53,100.0,29.2,B
2021-06-15T11:08:53,900.0,29.2,B
2021-06-15T11:08:22,1300.0,29.0,S
2021-06-15T11:08:06,200.0,29.0,S
2021-06-15T11:07:45,3300.0,29.0,B
2021-06-15T11:07:08,5000.0,29.0,B
2021-06-15T11:06:59,200.0,29.0,B
2021-06-15T11:06:57,200.0,29.0,B
2021-06-15T11:06:56,500.0,29.0,B
2021-06-15T11:06:45,800.0,29.0,S
2021-06-15T11:06:32,4200.0,29.0,B
2021-06-15T11:06:12,5000.0,29.0,B
2021-06-15T11:05:41,100.0,28.95,B
2021-06-15T11:03:51,5000.0,28.95,B
2021-06-15T11:03:47,12100.0,28.8,S
2021-06-15T11:03:47,600.0,28.8,S
2021-06-15T11:03:47,500.0,28.8,S
2021-06-15T11:03:47,2400.0,28.9,S
2021-06-15T11:03:40,500.0,28.95,B
2021-06-15T11:03:24,4200.0,29.0,B
2021-06-15T11:03:24,800.0,29.0,B
2021-06-15T11:03:08,200.0,29.0,S
2021-06-15T11:03:01,1000.0,29.0,S
2021-06-15T11:03:00,1000.0,29.0,S
2021-06-15T11:02:54,1000.0,29.0,S
2021-06-15T11:02:38,4200.0,29.0,S
2021-06-15T11:02:38,4100.0,29.0,S
2021-06-15T11:02:38,500.0,29.0,S
2021-06-15T11:02:38,21200.0,29.0,S
2021-06-15T11:00:49,1000.0,29.05,S
2021-06-15T11:00:05,3000.0,29.05,S
2021-06-15T11:00:05,3000.0,29.1,S
2021-06-15T10:59:53,600.0,29.35,B
2021-06-15T10:59:45,1000.0,29.2,S
2021-06-15T10:59:42,200.0,29.35,B
2021-06-15T10:58:39,900.0,29.35,S
2021-06-15T10:57:56,2000.0,29.35,S
2021-06-15T10:57:34,700.0,29.5,S
2021-06-15T10:57:03,5000.0,29.5,S
2021-06-15T10:56:31,500.0,29.5,S
2021-06-15T10:56:11,200.0,29.5,S
2021-06-15T10:55:50,200.0,29.5,S
2021-06-15T10:54:37,100.0,29.5,B
2021-06-15T10:53:45,200.0,29.5,B
2021-06-15T10:53:33,300.0,29.5,B
2021-06-15T10:53:31,100.0,29.5,B
2021-06-15T10:53:29,400.0,29.5,B
2021-06-15T10:53:23,3000.0,29.5,B
2021-06-15T10:53:22,500.0,29.5,B
2021-06-15T10:52:50,100.0,29.5,B
2021-06-15T10:52:34,800.0,29.5,B
2021-06-15T10:52:13,1000.0,29.5,B
2021-06-15T10:52:05,300.0,29.5,B
2021-06-15T10:51:57,3000.0,29.5,B
2021-06-15T10:51:10,1100.0,29.4,B
2021-06-15T10:51:09,100.0,29.35,B
2021-06-15T10:51:06,2400.0,29.35,B
2021-06-15T10:51:02,1000.0,29.35,B
2021-06-15T10:50:49,300.0,29.35,B
2021-06-15T10:50:15,2500.0,29.35,B
2021-06-15T10:50:13,100.0,29.35,B
2021-06-15T10:50:03,1500.0,29.35,B
2021-06-15T10:49:58,200.0,29.1,B
2021-06-15T10:49:38,800.0,29.35,B
2021-06-15T10:49:38,300.0,29.2,B
2021-06-15T10:49:38,900.0,29.2,B
2021-06-15T10:49:29,2600.0,29.1,B
2021-06-15T10:49:10,2000.0,29.0,S
2021-06-15T10:49:03,200.0,29.0,S
2021-06-15T10:48:09,400.0,29.0,B
2021-06-15T10:48:06,10200.0,29.0,B
2021-06-15T10:48:01,200.0,29.0,B
2021-06-15T10:48:01,100.0,29.0,B
2021-06-15T10:47:59,1000.0,29.0,B
2021-06-15T10:47:52,100.0,29.0,B
2021-06-15T10:47:51,2700.0,29.0,B
2021-06-15T10:47:51,1000.0,28.9,S
2021-06-15T10:47:47,100.0,29.0,B
2021-06-15T10:47:41,600.0,29.0,B
2021-06-15T10:47:19,2000.0,29.0,B
2021-06-15T10:47:17,1500.0,29.0,B
2021-06-15T10:47:12,700.0,29.0,B
2021-06-15T10:47:10,200.0,29.0,B
2021-06-15T10:47:10,900.0,29.0,B
2021-06-15T10:47:02,200.0,29.0,B
2021-06-15T10:46:44,3200.0,29.0,B
2021-06-15T10:46:40,300.0,29.0,B
2021-06-15T10:46:29,300.0,29.0,B
2021-06-15T10:46:23,4400.0,29.0,B
2021-06-15T10:46:14,2300.0,29.0,B
2021-06-15T10:46:08,1000.0,29.0,B
2021-06-15T10:45:53,200.0,29.0,B
2021-06-15T10:44:59,100.0,29.0,B
2021-06-15T10:44:26,100.0,29.0,B
2021-06-15T10:43:41,1000.0,29.0,B
2021-06-15T10:42:33,100.0,28.8,S
2021-06-15T10:42:33,900.0,28.8,S
2021-06-15T10:40:11,100.0,29.0,B
2021-06-15T10:39:36,100.0,29.0,B
2021-06-15T10:38:54,2000.0,28.8,B
2021-06-15T10:38:28,1000.0,28.8,B
2021-06-15T10:38:15,1000.0,28.8,B
2021-06-15T10:38:06,300.0,28.8,B
2021-06-15T10:37:19,4000.0,28.8,B
2021-06-15T10:36:52,1000.0,28.8,B
2021-06-15T10:36:15,200.0,28.8,B
2021-06-15T10:36:12,1000.0,29.0,B
2021-06-15T10:34:38,500.0,28.8,B
2021-06-15T10:34:09,300.0,28.8,B
2021-06-15T10:34:01,800.0,28.8,B
2021-06-15T10:33:49,100.0,28.8,B
2021-06-15T10:33:05,300.0,28.8,B
2021-06-15T10:32:47,8000.0,28.5,S
2021-06-15T10:32:30,2600.0,28.8,B
2021-06-15T10:32:17,500.0,28.8,B
2021-06-15T10:31:32,200.0,28.8,B
2021-06-15T10:31:08,400.0,28.8,B
2021-06-15T10:31:08,300.0,28.8,B
2021-06-15T10:31:05,1100.0,28.5,S
2021-06-15T10:31:00,8700.0,28.8,B
2021-06-15T10:30:59,1000.0,28.5,S
2021-06-15T10:30:55,200.0,28.8,B
2021-06-15T10:29:45,100.0,28.8,S
2021-06-15T10:29:38,1000.0,28.6,S
2021-06-15T10:28:24,1000.0,28.8,S
2021-06-15T10:28:15,3200.0,28.2,S
2021-06-15T10:28:15,6100.0,28.2,S
2021-06-15T10:28:15,4500.0,28.2,S
2021-06-15T10:28:15,1000.0,28.2,S
2021-06-15T10:28:15,17300.0,28.2,S
2021-06-15T10:28:15,2300.0,28.3,S
2021-06-15T10:28:15,4300.0,28.3,S
2021-06-15T10:28:14,10000.0,28.3,S
2021-06-15T10:28:14,16100.0,28.3,S
2021-06-15T10:28:14,2200.0,28.4,S
2021-06-15T10:28:14,2000.0,28.5,S
2021-06-15T10:28:14,4400.0,28.5,S
2021-06-15T10:28:14,1600.0,28.5,S
2021-06-15T10:28:13,13900.0,28.5,S
2021-06-15T10:28:13,1000.0,28.6,S
2021-06-15T10:28:13,100.0,28.6,S
2021-06-15T10:28:04,100.0,28.6,S
2021-06-15T10:28:04,400.0,28.6,S
2021-06-15T10:27:37,100.0,28.6,S
2021-06-15T10:27:08,100.0,28.8,S
2021-06-15T10:26:47,100.0,28.6,S
2021-06-15T10:26:46,100.0,28.9,B
2021-06-15T10:26:42,100.0,28.9,B
2021-06-15T10:26:36,700.0,28.9,B
2021-06-15T10:26:04,400.0,28.6,S
2021-06-15T10:25:53,200.0,29.0,B
2021-06-15T10:25:13,10000.0,28.5,S
2021-06-15T10:25:10,300.0,28.5,S
2021-06-15T10:25:02,1000.0,29.0,B
2021-06-15T10:24:49,1000.0,28.5,S
2021-06-15T10:24:20,4400.0,28.3,S
2021-06-15T10:24:20,5600.0,28.3,S
2021-06-15T10:24:13,2000.0,28.5,S
2021-06-15T10:24:13,1400.0,28.5,S
2021-06-15T10:23:51,700.0,28.5,S
2021-06-15T10:23:47,300.0,28.3,S
2021-06-15T10:23:39,500.0,28.5,S
2021-06-15T10:23:25,400.0,28.5,S
2021-06-15T10:23:21,100.0,28.5,B
2021-06-15T10:23:15,300.0,28.25,S
2021-06-15T10:23:15,100.0,28.5,B
2021-06-15T10:23:13,1000.0,28.2,S
2021-06-15T10:23:12,400.0,28.2,S
2021-06-15T10:23:12,400.0,28.5,B
2021-06-15T10:23:07,1000.0,28.2,S
2021-06-15T10:22:44,1000.0,28.5,B
2021-06-15T10:22:30,2200.0,28.25,S
2021-06-15T10:22:30,7800.0,28.5,B
2021-06-15T10:22:15,300.0,29.0,B
2021-06-15T10:22:07,2200.0,28.5,B
2021-06-15T10:22:07,900.0,28.5,B
2021-06-15T10:22:06,400.0,28.5,B
2021-06-15T10:21:45,100.0,28.2,S
2021-06-15T10:21:44,1900.0,28.2,S
2021-06-15T10:21:33,100.0,28.2,S
2021-06-15T10:21:32,100.0,28.2,S
2021-06-15T10:21:32,300.0,28.3,S
2021-06-15T10:21:32,100.0,28.5,B
2021-06-15T10:21:30,200.0,28.5,B
2021-06-15T10:21:14,700.0,28.5,B
2021-06-15T10:21:13,2500.0,28.1,S
2021-06-15T10:21:13,4000.0,28.1,S
2021-06-15T10:21:12,6600.0,28.1,S
2021-06-15T10:21:12,5100.0,28.1,S
2021-06-15T10:21:12,1900.0,28.1,S
2021-06-15T10:21:12,600.0,28.1,S
2021-06-15T10:21:12,2600.0,28.1,S
2021-06-15T10:21:12,1000.0,28.1,S
2021-06-15T10:21:12,2500.0,28.1,S
2021-06-15T10:21:12,5000.0,28.1,S
2021-06-15T10:21:12,100.0,28.1,S
2021-06-15T10:21:12,1200.0,28.1,S
2021-06-15T10:21:12,10000.0,28.1,S
2021-06-15T10:21:12,1100.0,28.2,S
2021-06-15T10:21:12,1000.0,28.2,S
2021-06-15T10:21:12,4800.0,28.2,S
2021-06-15T10:20:42,600.0,28.5,B
2021-06-15T10:20:27,10000.0,28.2,S
2021-06-15T10:20:26,1000.0,28.5,B
2021-06-15T10:20:21,500.0,28.5,B
2021-06-15T10:20:05,200.0,28.5,B
2021-06-15T10:20:01,2000.0,28.1,S
2021-06-15T10:20:01,4700.0,28.1,S
2021-06-15T10:19:59,500.0,28.1,S
2021-06-15T10:19:57,100.0,28.1,S
2021-06-15T10:19:54,100.0,28.1,S
2021-06-15T10:19:54,10000.0,28.1,S
2021-06-15T10:19:53,5000.0,28.1,S
2021-06-15T10:19:51,200.0,28.1,S
2021-06-15T10:19:51,500.0,28.1,S
2021-06-15T10:19:50,2000.0,28.1,S
2021-06-15T10:19:47,7000.0,28.1,S
2021-06-15T10:19:45,1000.0,28.1,S
2021-06-15T10:19:43,100.0,28.1,S
2021-06-15T10:19:42,1000.0,28.1,S
2021-06-15T10:19:41,200.0,28.1,S
2021-06-15T10:19:40,100.0,28.1,S
2021-06-15T10:19:40,100.0,28.1,S
2021-06-15T10:19:40,4000.0,28.1,S
2021-06-15T10:19:40,7000.0,28.1,S
2021-06-15T10:19:40,3400.0,28.1,S
2021-06-15T10:19:40,500.0,28.1,S
2021-06-15T10:19:40,1500.0,28.1,S
2021-06-15T10:19:39,2000.0,28.1,S
2021-06-15T10:19:39,700.0,28.1,S
2021-06-15T10:19:39,1400.0,28.1,S
2021-06-15T10:19:39,1800.0,28.1,S
2021-06-15T10:19:39,26800.0,28.1,S
2021-06-15T10:19:39,3300.0,28.15,S
2021-06-15T10:19:39,1600.0,28.3,S
2021-06-15T10:19:39,2100.0,28.5,S
2021-06-15T10:19:39,11300.0,28.5,S
2021-06-15T10:19:00,100.0,29.0,S
2021-06-15T10:18:58,31800.0,28.1,S
2021-06-15T10:18:58,1000.0,28.1,S
2021-06-15T10:18:58,24800.0,28.1,S
2021-06-15T10:18:58,10000.0,28.1,S
2021-06-15T10:18:58,36700.0,28.1,S
2021-06-15T10:18:58,16000.0,28.2,S
2021-06-15T10:18:58,5800.0,28.3,S
2021-06-15T10:18:58,5300.0,28.3,S
2021-06-15T10:18:58,1400.0,28.4,S
2021-06-15T10:18:58,200.0,28.5,S
2021-06-15T10:18:56,4400.0,28.5,S
2021-06-15T10:18:56,21300.0,28.5,S
2021-06-15T10:18:56,2600.0,28.5,S
2021-06-15T10:18:56,21200.0,28.5,S
2021-06-15T10:18:56,1300.0,28.5,S
2021-06-15T10:18:56,16200.0,28.5,S
2021-06-15T10:18:34,1000.0,28.6,S
2021-06-15T10:18:26,200.0,29.1,B
2021-06-15T10:18:15,23000.0,28.5,S
2021-06-15T10:18:15,3600.0,28.5,S
2021-06-15T10:18:15,500.0,28.5,S
2021-06-15T10:18:15,1000.0,28.5,S
2021-06-15T10:18:14,2900.0,28.5,S
2021-06-15T10:18:14,1000.0,28.5,S
2021-06-15T10:18:14,3400.0,28.5,S
2021-06-15T10:18:14,3000.0,28.55,S
2021-06-15T10:18:14,11600.0,28.55,S
2021-06-15T10:17:52,1000.0,29.1,B
2021-06-15T10:16:40,300.0,28.5,S
2021-06-15T10:16:40,100.0,28.5,S
2021-06-15T10:16:40,4200.0,28.5,S
2021-06-15T10:16:40,6000.0,28.5,S
2021-06-15T10:16:40,2500.0,28.5,S
2021-06-15T10:16:40,1800.0,28.5,S
2021-06-15T10:16:40,2500.0,28.5,S
2021-06-15T10:16:40,300.0,28.5,S
2021-06-15T10:16:40,8000.0,28.5,S
2021-06-15T10:16:40,100.0,28.5,S
2021-06-15T10:16:40,5800.0,28.5,S
2021-06-15T10:16:40,37700.0,28.5,S
2021-06-15T10:16:40,800.0,28.5,S
2021-06-15T10:16:40,5000.0,28.5,S
2021-06-15T10:16:40,700.0,28.5,S
2021-06-15T10:16:40,400.0,28.5,S
2021-06-15T10:16:40,1500.0,28.5,S
2021-06-15T10:16:39,22300.0,28.5,S
2021-06-15T10:16:36,500.0,28.6,S
2021-06-15T10:16:35,100.0,29.1,S
2021-06-15T10:16:18,100.0,29.1,S
2021-06-15T10:15:28,2100.0,28.5,S
2021-06-15T10:15:28,2000.0,28.6,S
2021-06-15T10:15:28,900.0,28.6,S
2021-06-15T10:15:01,1700.0,28.5,S
2021-06-15T10:15:01,8300.0,29.0,S
2021-06-15T10:14:17,1900.0,28.5,S
2021-06-15T10:14:17,3700.0,28.5,S
2021-06-15T10:14:17,5900.0,28.5,S
2021-06-15T10:14:17,200.0,28.5,S
2021-06-15T10:14:17,1500.0,28.5,S
2021-06-15T10:14:17,500.0,28.5,S
2021-06-15T10:14:17,5800.0,28.5,S
2021-06-15T10:14:17,10500.0,28.5,S
2021-06-15T10:14:17,400.0,28.55,S
2021-06-15T10:14:17,12200.0,28.55,S
2021-06-15T10:14:17,3000.0,28.6,S
2021-06-15T10:14:16,1700.0,28.6,S
2021-06-15T10:14:16,11200.0,28.6,S
2021-06-15T10:14:16,5000.0,28.7,S
2021-06-15T10:14:16,5800.0,28.7,S
2021-06-15T10:14:16,4000.0,29.0,S
2021-06-15T10:14:16,2200.0,29.0,S
2021-06-15T10:14:16,1100.0,29.0,S
2021-06-15T10:14:16,12500.0,29.0,S
2021-06-15T10:14:16,2900.0,29.0,S
2021-06-15T10:14:16,4800.0,29.0,S
2021-06-15T10:14:16,800.0,29.1,S
2021-06-15T10:14:16,1800.0,29.2,S
2021-06-15T10:14:16,600.0,29.3,S
2021-06-15T10:13:59,600.0,29.5,B
2021-06-15T10:13:28,100.0,29.5,B
2021-06-15T10:13:15,1000.0,29.5,B
2021-06-15T10:13:06,1000.0,29.5,B
2021-06-15T10:13:02,100.0,29.4,S
2021-06-15T10:12:58,400.0,29.4,S
2021-06-15T10:12:39,200.0,29.4,S
2021-06-15T10:12:03,300.0,29.5,B
2021-06-15T10:12:03,200.0,29.5,B
2021-06-15T10:10:53,500.0,29.5,B
2021-06-15T10:10:50,800.0,28.55,S
2021-06-15T10:10:50,15300.0,28.55,S
2021-06-15T10:10:50,3000.0,28.6,S
2021-06-15T10:10:50,1100.0,28.6,S
2021-06-15T10:10:50,10000.0,28.6,S
2021-06-15T10:10:50,3500.0,28.6,S
2021-06-15T10:10:50,600.0,28.6,S
2021-06-15T10:10:50,1000.0,28.8,S
2021-06-15T10:10:50,2100.0,28.8,S
2021-06-15T10:10:48,8700.0,28.8,S
2021-06-15T10:10:48,6000.0,28.9,S
2021-06-15T10:10:48,1100.0,28.9,S
2021-06-15T10:10:48,700.0,28.9,S
2021-06-15T10:10:48,3300.0,28.9,S
2021-06-15T10:10:48,6600.0,28.9,S
2021-06-15T10:10:48,12700.0,29.0,S
2021-06-15T10:10:48,3400.0,29.0,S
2021-06-15T10:10:48,900.0,29.0,S
2021-06-15T10:10:48,1200.0,29.0,S
2021-06-15T10:10:48,800.0,29.0,S
2021-06-15T10:10:48,5100.0,29.0,S
2021-06-15T10:10:48,12100.0,29.0,S
2021-06-15T10:10:38,300.0,29.5,B
2021-06-15T10:10:18,2700.0,29.0,S
2021-06-15T10:10:18,25000.0,29.0,S
2021-06-15T10:10:18,5000.0,29.0,S
2021-06-15T10:10:18,4000.0,29.0,S
2021-06-15T10:10:18,400.0,29.0,S
2021-06-15T10:10:18,25500.0,29.0,S
2021-06-15T10:10:18,500.0,29.0,S
2021-06-15T10:10:18,1400.0,29.0,S
2021-06-15T10:10:18,2300.0,29.0,S
2021-06-15T10:10:17,700.0,29.0,S
2021-06-15T10:10:17,32500.0,29.0,S
2021-06-15T10:10:11,100.0,29.5,B
2021-06-15T10:10:03,100.0,29.45,S
2021-06-15T10:10:01,100.0,29.5,B
2021-06-15T10:09:59,100.0,29.5,B
2021-06-15T10:09:54,1000.0,29.5,B
2021-06-15T10:09:40,500.0,29.5,B
2021-06-15T10:09:01,400.0,29.5,B
2021-06-15T10:08:07,800.0,29.0,B
2021-06-15T10:08:07,500.0,29.0,B
2021-06-15T10:08:04,2500.0,29.0,B
2021-06-15T10:08:03,2000.0,29.0,B
2021-06-15T10:08:03,100.0,29.0,B
2021-06-15T10:08:02,100.0,29.0,B
2021-06-15T10:08:01,5000.0,29.0,B
2021-06-15T10:07:58,1000.0,29.0,B
2021-06-15T10:07:58,200.0,29.0,B
2021-06-15T10:07:56,300.0,29.0,B
2021-06-15T10:07:49,500.0,29.0,B
2021-06-15T10:07:45,1000.0,29.0,B
2021-06-15T10:07:42,500.0,29.0,B
2021-06-15T10:07:41,200.0,29.0,B
2021-06-15T10:07:39,10000.0,29.0,B
2021-06-15T10:07:34,700.0,29.0,B
2021-06-15T10:07:32,300.0,29.0,B
2021-06-15T10:07:29,100.0,29.0,B
2021-06-15T10:07:22,1000.0,29.0,B
2021-06-15T10:07:18,2000.0,29.0,B
2021-06-15T10:07:17,500.0,29.0,B
2021-06-15T10:07:15,200.0,29.0,B
2021-06-15T10:07:12,1500.0,29.0,B
2021-06-15T10:07:10,500.0,29.0,B
2021-06-15T10:07:09,100.0,29.0,B
2021-06-15T10:07:08,100.0,29.0,B
2021-06-15T10:07:05,100.0,29.0,B
2021-06-15T10:07:03,200.0,29.0,B
2021-06-15T10:06:55,1000.0,29.0,B
2021-06-15T10:06:53,200.0,29.0,B
2021-06-15T10:06:52,100.0,29.0,B
2021-06-15T10:06:36,2000.0,29.0,S
2021-06-15T10:06:36,500.0,29.0,S
2021-06-15T10:06:34,2000.0,29.0,S
2021-06-15T10:06:33,100.0,29.0,S
2021-06-15T10:06:33,1200.0,29.0,S
2021-06-15T10:06:32,100.0,29.0,S
2021-06-15T10:06:30,4400.0,29.0,S
2021-06-15T10:06:28,500.0,29.0,S
2021-06-15T10:06:27,300.0,29.0,S
2021-06-15T10:06:25,100.0,29.0,S
2021-06-15T10:06:25,300.0,29.0,S
2021-06-15T10:06:23,200.0,29.0,S
2021-06-15T10:06:23,1000.0,29.0,S
2021-06-15T10:06:16,500.0,29.0,S
2021-06-15T10:06:15,600.0,29.0,S
2021-06-15T10:06:14,1600.0,29.0,S
2021-06-15T10:06:13,10000.0,29.0,S
2021-06-15T10:06:12,200.0,29.0,S
2021-06-15T10:06:12,2100.0,29.0,S
2021-06-15T10:06:12,200.0,29.0,S
2021-06-15T10:06:12,1100.0,29.0,S
2021-06-15T10:06:12,4500.0,29.0,S
2021-06-15T10:06:12,5000.0,29.0,S
2021-06-15T10:06:11,1500.0,29.0,S
2021-06-15T10:06:11,3500.0,29.0,S
2021-06-15T10:06:11,2600.0,29.0,S
2021-06-15T10:06:11,1600.0,29.0,S
2021-06-15T10:06:11,600.0,29.0,S
2021-06-15T10:06:11,1200.0,29.0,S
2021-06-15T10:06:11,1400.0,29.0,S
2021-06-15T10:06:11,7600.0,29.0,S
2021-06-15T10:06:11,5800.0,29.05,S
2021-06-15T10:06:11,1000.0,29.1,S
2021-06-15T10:06:11,2400.0,29.5,S
2021-06-15T10:06:08,300.0,29.8,B
2021-06-15T10:06:01,2000.0,29.8,B
2021-06-15T10:05:28,600.0,29.8,B
2021-06-15T10:05:26,200.0,29.8,B
2021-06-15T10:05:25,100.0,29.8,B
2021-06-15T10:05:01,2000.0,29.8,B
2021-06-15T10:04:41,200.0,30.0,B
2021-06-15T10:04:41,100.0,29.0,S
2021-06-15T10:04:39,300.0,29.0,S
2021-06-15T10:04:38,1000.0,29.0,S
2021-06-15T10:04:38,300.0,29.0,S
2021-06-15T10:04:37,500.0,29.0,S
2021-06-15T10:04:37,100.0,29.0,S
2021-06-15T10:04:35,200.0,29.0,S
2021-06-15T10:04:35,100.0,29.0,S
2021-06-15T10:04:31,5300.0,29.0,S
2021-06-15T10:04:31,100.0,29.0,S
2021-06-15T10:04:31,3400.0,29.0,S
2021-06-15T10:04:31,100.0,29.0,S
2021-06-15T10:04:31,2500.0,29.0,S
2021-06-15T10:04:31,2500.0,29.0,S
2021-06-15T10:04:31,1000.0,29.0,S
2021-06-15T10:04:31,3200.0,29.0,S
2021-06-15T10:04:31,1200.0,29.0,S
2021-06-15T10:04:31,5300.0,29.0,S
2021-06-15T10:04:31,6100.0,29.0,S
2021-06-15T10:04:31,3200.0,29.0,S
2021-06-15T10:04:31,13500.0,29.1,S
2021-06-15T10:04:19,100.0,30.0,S
2021-06-15T10:04:07,10800.0,29.0,S
2021-06-15T10:04:07,5600.0,29.0,S
2021-06-15T10:04:07,2200.0,29.0,S
2021-06-15T10:04:07,700.0,29.0,S
2021-06-15T10:04:07,500.0,29.0,S
2021-06-15T10:04:07,9800.0,29.0,S
2021-06-15T10:04:07,10500.0,29.1,S
2021-06-15T10:04:07,2000.0,29.1,S
2021-06-15T10:04:06,3200.0,29.1,S
2021-06-15T10:04:06,1700.0,29.5,S
2021-06-15T10:04:06,800.0,29.8,S
2021-06-15T10:04:06,2200.0,30.0,S
2021-06-15T10:04:06,200.0,30.1,S
2021-06-15T10:03:50,200.0,30.2,B
2021-06-15T10:03:13,700.0,29.8,S
2021-06-15T10:03:13,3900.0,29.9,S
2021-06-15T10:02:56,2300.0,30.1,B
2021-06-15T10:02:50,200.0,30.1,B
2021-06-15T10:02:46,1000.0,30.1,B
2021-06-15T10:02:40,1000.0,30.1,B
2021-06-15T10:02:40,200.0,30.0,S
2021-06-15T10:02:28,700.0,30.1,B
2021-06-15T10:02:27,300.0,30.1,B
2021-06-15T10:02:26,200.0,30.0,S
2021-06-15T10:02:26,100.0,30.0,S
2021-06-15T10:02:25,100.0,30.1,B
2021-06-15T10:02:15,500.0,30.0,S
2021-06-15T10:02:05,200.0,30.1,B
2021-06-15T10:02:03,4200.0,30.0,S
2021-06-15T10:01:50,5000.0,30.0,S
2021-06-15T10:01:29,5000.0,30.0,B
2021-06-15T10:01:14,4000.0,30.0,B
2021-06-15T10:01:14,1200.0,29.9,S
2021-06-15T10:01:05,800.0,29.9,S
2021-06-15T10:00:51,4500.0,29.0,S
2021-06-15T10:00:49,1000.0,29.0,S
2021-06-15T10:00:48,3000.0,29.0,S
2021-06-15T10:00:47,200.0,29.0,S
2021-06-15T10:00:47,1100.0,29.0,S
2021-06-15T10:00:46,300.0,29.0,S
2021-06-15T10:00:45,300.0,29.0,S
2021-06-15T10:00:44,1200.0,29.0,S
2021-06-15T10:00:41,200.0,29.0,S
2021-06-15T10:00:39,6000.0,29.0,S
2021-06-15T10:00:37,1000.0,29.0,S
2021-06-15T10:00:36,2000.0,29.0,S
2021-06-15T10:00:32,100.0,29.0,S
2021-06-15T10:00:31,100.0,29.0,S
2021-06-15T10:00:30,3000.0,29.0,S
2021-06-15T10:00:26,1000.0,29.0,S
2021-06-15T10:00:21,100.0,29.0,S
2021-06-15T10:00:21,6100.0,29.0,S
2021-06-15T10:00:20,2000.0,29.0,S
2021-06-15T10:00:19,2100.0,29.0,S
2021-06-15T10:00:19,100.0,29.0,S
2021-06-15T10:00:19,300.0,29.0,S
2021-06-15T10:00:18,2300.0,29.0,S
2021-06-15T10:00:15,200.0,29.0,S
2021-06-15T10:00:15,900.0,29.0,S
2021-06-15T10:00:15,300.0,29.0,S
2021-06-15T10:00:15,2000.0,29.0,S
2021-06-15T10:00:15,400.0,29.0,S
2021-06-15T10:00:15,3400.0,29.0,S
2021-06-15T10:00:15,5200.0,29.0,S
2021-06-15T10:00:15,2600.0,29.0,S
2021-06-15T10:00:15,3400.0,29.0,S
2021-06-15T10:00:15,1500.0,29.0,S
2021-06-15T10:00:15,2000.0,29.0,S
2021-06-15T10:00:15,600.0,29.0,S
2021-06-15T10:00:15,3300.0,29.0,S
2021-06-15T10:00:15,700.0,29.0,S
2021-06-15T10:00:15,5100.0,29.0,S
2021-06-15T10:00:15,2000.0,29.0,S
2021-06-15T10:00:15,17500.0,29.0,S
2021-06-15T10:00:15,200.0,29.05,S
2021-06-15T10:00:15,3100.0,29.1,S
2021-06-15T10:00:15,4100.0,29.1,S
2021-06-15T10:00:15,3500.0,29.6,S
2021-06-15T10:00:09,500.0,30.0,B
2021-06-15T09:59:59,2200.0,30.0,B
2021-06-15T09:59:53,1500.0,29.1,S
2021-06-15T09:59:53,1200.0,29.1,S
2021-06-15T09:59:53,6100.0,29.1,S
2021-06-15T09:59:53,11700.0,29.1,S
2021-06-15T09:59:53,800.0,29.1,S
2021-06-15T09:59:53,11100.0,29.15,S
2021-06-15T09:59:53,100.0,29.2,S
2021-06-15T09:59:53,4000.0,29.25,S
2021-06-15T09:59:53,2000.0,29.5,S
2021-06-15T09:59:53,3100.0,29.5,S
2021-06-15T09:59:53,1300.0,29.5,S
2021-06-15T09:59:52,7100.0,29.5,S
2021-06-15T09:59:48,1000.0,30.0,B
2021-06-15T09:59:44,200.0,30.0,B
2021-06-15T09:59:34,5000.0,29.6,S
2021-06-15T09:59:33,200.0,30.0,B
2021-06-15T09:58:47,5000.0,30.0,B
2021-06-15T09:58:32,1000.0,30.0,B
2021-06-15T09:58:12,1000.0,30.0,B
2021-06-15T09:58:08,300.0,30.0,B
2021-06-15T09:57:56,1400.0,29.5,S
2021-06-15T09:57:56,700.0,29.5,S
2021-06-15T09:57:56,2900.0,29.6,S
2021-06-15T09:57:47,500.0,30.0,B
2021-06-15T09:57:23,3300.0,30.0,S
2021-06-15T09:57:23,1800.0,30.0,S
2021-06-15T09:57:23,3100.0,30.0,S
2021-06-15T09:57:23,5300.0,30.0,S
2021-06-15T09:57:23,1800.0,30.0,S
2021-06-15T09:57:23,2000.0,30.0,S
2021-06-15T09:57:22,1000.0,30.0,S
2021-06-15T09:57:13,200.0,30.1,B
2021-06-15T09:57:13,1000.0,30.1,B
2021-06-15T09:56:49,200.0,30.05,S
2021-06-15T09:56:42,1500.0,30.05,S
2021-06-15T09:56:36,200.0,30.1,S
2021-06-15T09:56:35,1400.0,30.1,S
2021-06-15T09:56:33,1300.0,30.1,S
2021-06-15T09:56:30,100.0,30.15,S
2021-06-15T09:56:29,300.0,30.15,S
2021-06-15T09:56:22,500.0,30.2,B
2021-06-15T09:56:15,1000.0,30.2,B
2021-06-15T09:56:08,500.0,30.2,B
2021-06-15T09:55:57,1000.0,30.2,B
2021-06-15T09:55:51,200.0,30.2,S
2021-06-15T09:55:37,1000.0,30.2,S
2021-06-15T09:55:29,300.0,30.2,S
2021-06-15T09:55:29,1200.0,30.2,S
2021-06-15T09:55:00,10000.0,30.2,S
2021-06-15T09:54:19,300.0,30.5,S
2021-06-15T09:54:10,100.0,30.5,S
2021-06-15T09:53:45,100.0,30.6,B
2021-06-15T09:53:42,1000.0,30.6,B
2021-06-15T09:52:02,1000.0,30.7,B
2021-06-15T09:51:49,10000.0,30.05,S
2021-06-15T09:50:53,4500.0,29.0,S
2021-06-15T09:50:53,3200.0,29.1,S
2021-06-15T09:50:53,3700.0,29.1,S
2021-06-15T09:50:53,1800.0,29.2,S
2021-06-15T09:50:53,800.0,29.2,S
2021-06-15T09:50:53,4900.0,29.2,S
2021-06-15T09:50:53,3600.0,29.3,S
2021-06-15T09:50:53,5800.0,29.5,S
2021-06-15T09:50:53,4200.0,29.5,S
2021-06-15T09:50:53,5000.0,29.5,S
2021-06-15T09:50:52,500.0,29.5,S
2021-06-15T09:50:52,2000.0,29.5,S
2021-06-15T09:50:52,2100.0,29.5,S
2021-06-15T09:50:52,5000.0,29.6,S
2021-06-15T09:50:52,12200.0,29.6,S
2021-06-15T09:50:52,1800.0,29.6,S
2021-06-15T09:50:52,2300.0,29.65,S
2021-06-15T09:50:52,4200.0,29.65,S
2021-06-15T09:50:52,100.0,29.7,S
2021-06-15T09:50:52,1900.0,29.7,S
2021-06-15T09:50:52,1100.0,29.9,S
2021-06-15T09:50:52,3800.0,30.0,S
2021-06-15T09:50:52,9700.0,30.0,S
2021-06-15T09:50:52,10500.0,30.0,S
2021-06-15T09:50:52,5300.0,30.0,S
2021-06-15T09:49:55,1900.0,30.0,S
2021-06-15T09:49:55,1800.0,30.0,S
2021-06-15T09:49:55,700.0,30.0,S
2021-06-15T09:49:55,700.0,30.0,S
2021-06-15T09:49:55,200.0,30.1,S
2021-06-15T09:49:55,14600.0,30.2,S
2021-06-15T09:49:55,6000.0,30.2,S
2021-06-15T09:49:55,6300.0,30.2,S
2021-06-15T09:49:55,5300.0,30.2,S
2021-06-15T09:49:55,10100.0,30.3,S
2021-06-15T09:49:55,4400.0,30.4,S
2021-06-15T09:49:55,2100.0,30.4,S
2021-06-15T09:49:53,6200.0,30.4,S
2021-06-15T09:49:53,800.0,30.45,S
2021-06-15T09:49:53,11800.0,30.5,S
2021-06-15T09:49:53,5000.0,30.5,S
2021-06-15T09:49:53,5800.0,30.5,S
2021-06-15T09:49:53,9100.0,30.6,S
2021-06-15T09:49:53,2000.0,30.7,S
2021-06-15T09:49:53,5200.0,30.7,S
2021-06-15T09:49:48,300.0,30.75,B
2021-06-15T09:49:35,200.0,30.75,B
2021-06-15T09:49:14,600.0,30.7,S
2021-06-15T09:49:10,100.0,30.75,B
2021-06-15T09:48:59,300.0,30.75,B
2021-06-15T09:48:46,500.0,30.75,B
2021-06-15T09:48:46,1200.0,30.75,B
2021-06-15T09:48:15,500.0,30.75,S
2021-06-15T09:48:14,3300.0,30.75,S
2021-06-15T09:48:13,500.0,30.8,B
2021-06-15T09:48:06,100.0,30.75,S
2021-06-15T09:47:47,600.0,30.75,S
2021-06-15T09:47:25,1900.0,30.75,S
2021-06-15T09:47:09,500.0,30.75,S
2021-06-15T09:47:08,2000.0,30.75,S
2021-06-15T09:46:43,500.0,30.7,S
2021-06-15T09:46:43,100.0,30.8,B
2021-06-15T09:46:43,100.0,30.75,S
2021-06-15T09:46:41,900.0,30.75,S
2021-06-15T09:46:34,200.0,30.75,S
2021-06-15T09:46:22,1700.0,30.8,B
2021-06-15T09:46:04,200.0,30.8,B
2021-06-15T09:45:14,100.0,30.75,B
2021-06-15T09:44:54,100.0,30.75,B
2021-06-15T09:44:53,100.0,30.7,S
2021-06-15T09:44:32,1000.0,30.7,S
2021-06-15T09:44:29,1200.0,30.7,S
2021-06-15T09:44:28,3000.0,30.7,S
2021-06-15T09:44:18,800.0,30.7,S
2021-06-15T09:44:17,1200.0,30.7,S
2021-06-15T09:44:16,100.0,30.7,S
2021-06-15T09:43:46,400.0,30.7,S
2021-06-15T09:43:43,100.0,30.9,B
2021-06-15T09:43:43,500.0,30.9,B
2021-06-15T09:43:42,400.0,30.7,S
2021-06-15T09:43:42,100.0,30.7,S
2021-06-15T09:43:21,2900.0,30.7,B
2021-06-15T09:41:26,100.0,30.5,S
2021-06-15T09:41:17,100.0,30.55,B
2021-06-15T09:41:13,500.0,30.5,S
2021-06-15T09:39:56,200.0,30.5,B
2021-06-15T09:39:52,800.0,30.5,B
2021-06-15T09:39:45,2100.0,30.5,B
2021-06-15T09:39:38,1000.0,30.5,B
2021-06-15T09:39:30,5000.0,30.5,B
2021-06-15T09:39:14,300.0,30.5,B
2021-06-15T09:38:45,100.0,30.5,B
2021-06-15T09:38:37,1700.0,30.5,B
2021-06-15T09:38:36,700.0,30.5,B
2021-06-15T09:38:26,3000.0,30.5,B
2021-06-15T09:38:14,1100.0,30.5,B
2021-06-15T09:37:48,200.0,30.5,B
2021-06-15T09:37:34,100.0,30.45,B
2021-06-15T09:37:27,3600.0,30.45,B
2021-06-15T09:36:04,5000.0,30.45,B
2021-06-15T09:35:33,100.0,30.45,B
2021-06-15T09:35:31,200.0,30.45,B
2021-06-15T09:35:21,1000.0,30.45,B
2021-06-15T09:35:08,2000.0,30.45,B
2021-06-15T09:34:52,500.0,30.45,B
2021-06-15T09:34:34,1000.0,30.45,B
2021-06-15T09:34:05,800.0,30.4,B
2021-06-15T09:34:04,500.0,30.2,S
2021-06-15T09:33:52,100.0,30.2,B
2021-06-15T09:33:15,1500.0,30.2,B
2021-06-15T09:32:48,300.0,30.2,B
2021-06-15T09:31:10,500.0,30.2,B
2021-06-15T09:29:47,3000.0,30.2,B
2021-06-15T09:29:44,100.0,30.2,B
2021-06-15T09:29:43,100.0,30.2,B
2021-06-15T09:29:25,100.0,30.2,B
2021-06-15T09:29:19,5600.0,30.2,B
2021-06-15T09:29:14,1000.0,30.1,S
2021-06-15T09:29:05,17400.0,30.0,S
2021-06-15T09:28:49,2500.0,30.1,B
2021-06-15T09:28:33,1000.0,30.1,B
2021-06-15T09:28:11,1400.0,30.1,B
2021-06-15T09:27:58,100.0,30.1,B
2021-06-15T09:27:54,500.0,30.1,B
2021-06-15T09:27:54,1000.0,30.0,S
2021-06-15T09:27:50,1000.0,30.0,S
2021-06-15T09:27:44,100.0,30.1,B
2021-06-15T09:27:37,1000.0,30.1,B
2021-06-15T09:27:16,1000.0,30.1,B
2021-06-15T09:27:14,400.0,30.0,S
2021-06-15T09:27:14,5000.0,30.1,B
2021-06-15T09:26:46,200.0,30.1,B
2021-06-15T09:26:35,500.0,30.1,B
2021-06-15T09:26:35,500.0,30.0,S
2021-06-15T09:26:19,2500.0,30.1,B
2021-06-15T09:25:53,600.0,30.0,B
2021-06-15T09:24:59,3000.0,29.6,S
2021-06-15T09:24:41,300.0,30.0,B
2021-06-15T09:24:35,2000.0,29.65,S
2021-06-15T09:24:05,1500.0,29.6,S
2021-06-15T09:23:43,100.0,29.6,S
2021-06-15T09:23:19,500.0,29.6,S
2021-06-15T09:22:29,200.0,30.0,B
2021-06-15T09:20:39,100.0,30.0,S
2021-06-15T09:19:59,900.0,30.0,B
2021-06-15T09:19:55,200.0,30.0,B
2021-06-15T09:19:14,2000.0,30.0,B
2021-06-15T09:19:11,100.0,30.0,B
2021-06-15T09:18:51,2000.0,30.0,S
2021-06-15T09:18:20,1600.0,30.0,S
2021-06-15T09:18:20,400.0,30.1,S
2021-06-15T09:18:08,100.0,30.2,S
2021-06-15T09:18:03,1200.0,30.2,S
2021-06-15T09:18:03,1000.0,30.2,S
2021-06-15T09:17:22,4100.0,30.2,S
2021-06-15T09:17:22,2000.0,30.2,S
2021-06-15T09:17:22,3900.0,30.3,S
2021-06-15T09:16:29,100.0,30.5,B
2021-06-15T09:16:19,300.0,30.5,B
2021-06-15T09:16:05,700.0,30.5,S
2021-06-15T09:16:03,700.0,30.5,S
2021-06-15T09:16:00,4300.0,30.5,S
2021-06-15T09:15:53,400.0,30.5,S
2021-06-15T09:15:42,200.0,30.5,S
2021-06-15T09:15:41,5000.0,30.5,S
