tradingTime,volume,price,side
2021-06-15T14:48:04,2100.0,92.6,B
2021-06-15T14:43:49,2000.0,92.6,B
2021-06-15T14:43:29,1400.0,92.3,S
2021-06-15T14:34:34,2200.0,92.6,B
2021-06-15T14:34:19,1000.0,92.5,B
2021-06-15T14:34:09,4000.0,92.3,S
2021-06-15T14:32:44,500.0,92.5,S
2021-06-15T14:32:28,500.0,92.7,B
2021-06-15T14:31:54,100.0,92.6,B
2021-06-15T14:29:32,100.0,92.6,B
2021-06-15T14:27:29,1000.0,92.7,B
2021-06-15T14:27:14,4200.0,92.5,S
2021-06-15T14:26:36,1200.0,92.7,B
2021-06-15T14:25:22,1200.0,92.6,S
2021-06-15T14:23:49,300.0,92.6,B
2021-06-15T14:23:23,2200.0,92.6,B
2021-06-15T14:23:09,700.0,92.6,B
2021-06-15T14:21:54,300.0,92.6,B
2021-06-15T14:20:54,500.0,92.6,B
2021-06-15T14:20:01,500.0,92.6,B
2021-06-15T14:18:31,500.0,92.6,B
2021-06-15T14:15:47,300.0,92.6,B
2021-06-15T14:14:49,300.0,92.5,B
2021-06-15T14:14:26,700.0,92.5,S
2021-06-15T14:11:28,200.0,92.5,B
2021-06-15T14:11:20,300.0,92.5,S
2021-06-15T14:10:23,9700.0,92.5,B
2021-06-15T14:10:03,100.0,92.5,B
2021-06-15T14:09:54,200.0,92.5,B
2021-06-15T14:07:04,100.0,92.5,S
2021-06-15T14:05:56,14900.0,92.5,B
2021-06-15T14:05:27,2100.0,92.5,B
2021-06-15T14:04:41,100.0,92.4,S
2021-06-15T14:03:46,3000.0,92.4,S
2021-06-15T14:03:31,100.0,92.5,B
2021-06-15T14:01:53,600.0,92.5,B
2021-06-15T14:00:55,200.0,92.5,S
2021-06-15T14:00:30,600.0,92.5,B
2021-06-15T13:58:44,100.0,92.5,B
2021-06-15T13:58:32,100.0,92.5,B
2021-06-15T13:57:39,100.0,92.4,S
2021-06-15T13:55:17,400.0,92.4,S
2021-06-15T13:55:05,1000.0,92.5,B
2021-06-15T13:55:05,300.0,92.5,B
2021-06-15T13:53:23,600.0,92.4,S
2021-06-15T13:52:44,100.0,92.4,S
2021-06-15T13:52:40,100.0,92.5,B
2021-06-15T13:50:16,300.0,92.3,S
2021-06-15T13:50:01,400.0,92.3,S
2021-06-15T13:47:20,500.0,92.3,S
2021-06-15T13:44:31,200.0,92.3,S
2021-06-15T13:43:54,2000.0,92.3,S
2021-06-15T13:42:01,400.0,92.6,B
2021-06-15T13:38:03,800.0,92.5,B
2021-06-15T13:37:24,100.0,92.5,B
2021-06-15T13:36:46,100.0,92.5,B
2021-06-15T13:36:45,500.0,92.5,B
2021-06-15T13:34:21,600.0,92.3,S
2021-06-15T13:34:06,100.0,92.5,S
2021-06-15T13:33:59,1900.0,92.5,S
2021-06-15T13:32:36,300.0,92.6,S
2021-06-15T13:32:25,1000.0,92.6,S
2021-06-15T13:32:16,200.0,92.6,S
2021-06-15T13:30:32,100.0,92.7,B
2021-06-15T13:29:51,400.0,92.7,B
2021-06-15T13:27:30,1000.0,92.7,B
2021-06-15T13:27:06,1000.0,92.7,B
2021-06-15T13:26:47,200.0,92.7,B
2021-06-15T13:26:41,100.0,92.7,B
2021-06-15T13:26:23,1000.0,92.7,B
2021-06-15T13:25:30,1000.0,92.7,B
2021-06-15T13:24:58,800.0,92.5,S
2021-06-15T13:24:24,500.0,92.7,B
2021-06-15T13:24:08,100.0,92.7,B
2021-06-15T13:23:29,500.0,92.7,B
2021-06-15T13:23:00,4100.0,92.7,B
2021-06-15T13:22:08,400.0,92.8,B
2021-06-15T13:21:52,100.0,92.8,B
2021-06-15T13:21:51,100.0,92.7,S
2021-06-15T13:21:24,500.0,92.8,B
2021-06-15T13:19:49,700.0,92.8,B
2021-06-15T13:19:06,200.0,92.8,B
2021-06-15T13:19:00,500.0,92.8,B
2021-06-15T13:18:42,100.0,92.8,B
2021-06-15T13:18:35,400.0,92.8,B
2021-06-15T13:17:19,200.0,92.8,B
2021-06-15T13:16:37,100.0,92.7,S
2021-06-15T13:15:10,500.0,92.7,S
2021-06-15T13:11:20,100.0,92.7,S
2021-06-15T13:11:03,1100.0,92.7,B
2021-06-15T13:10:40,600.0,92.5,S
2021-06-15T13:02:44,3100.0,92.7,S
2021-06-15T13:02:03,1900.0,92.7,S
2021-06-15T13:01:00,3400.0,92.7,B
2021-06-15T13:00:14,4900.0,92.8,B
2021-06-15T11:28:57,300.0,92.7,B
2021-06-15T11:28:40,100.0,92.7,B
2021-06-15T11:27:31,500.0,92.7,B
2021-06-15T11:27:05,200.0,92.7,B
2021-06-15T11:26:50,200.0,92.7,B
2021-06-15T11:25:06,5000.0,92.6,B
2021-06-15T11:24:55,2800.0,91.8,S
2021-06-15T11:24:33,4500.0,91.9,S
2021-06-15T11:22:33,100.0,92.8,B
2021-06-15T11:22:13,100.0,92.8,B
2021-06-15T11:21:50,100.0,92.8,B
2021-06-15T11:20:25,100.0,92.8,B
2021-06-15T11:18:29,500.0,92.8,B
2021-06-15T11:11:49,2500.0,92.9,B
2021-06-15T11:11:37,2000.0,92.5,S
2021-06-15T11:10:13,2000.0,92.8,B
2021-06-15T11:09:55,1000.0,92.2,S
2021-06-15T11:09:37,300.0,91.9,S
2021-06-15T11:07:49,100.0,91.9,B
2021-06-15T11:06:30,100.0,91.8,S
2021-06-15T11:05:19,100.0,91.9,B
2021-06-15T11:04:06,200.0,91.9,B
2021-06-15T11:03:02,200.0,91.9,B
2021-06-15T11:02:32,100.0,91.9,B
2021-06-15T11:00:48,100.0,91.9,B
2021-06-15T11:00:34,2000.0,91.7,S
2021-06-15T10:58:29,3000.0,91.7,S
2021-06-15T10:56:28,100.0,91.9,B
2021-06-15T10:55:24,200.0,91.8,S
2021-06-15T10:55:12,100.0,91.9,B
2021-06-15T10:54:57,100.0,91.8,S
2021-06-15T10:54:13,300.0,91.9,B
2021-06-15T10:51:48,2000.0,91.6,S
2021-06-15T10:51:02,5000.0,91.6,S
2021-06-15T10:50:30,2500.0,91.8,B
2021-06-15T10:49:12,1000.0,91.7,B
2021-06-15T10:48:34,1000.0,91.6,S
2021-06-15T10:48:11,3500.0,91.6,B
2021-06-15T10:48:06,300.0,91.5,S
2021-06-15T10:48:00,2000.0,91.6,B
2021-06-15T10:47:51,9000.0,91.6,B
2021-06-15T10:47:48,400.0,91.6,B
2021-06-15T10:46:29,200.0,91.6,B
2021-06-15T10:46:22,1200.0,91.6,S
2021-06-15T10:45:39,500.0,91.6,B
2021-06-15T10:45:24,100.0,91.6,B
2021-06-15T10:45:02,600.0,91.5,B
2021-06-15T10:45:00,500.0,91.5,B
2021-06-15T10:44:52,800.0,91.5,B
2021-06-15T10:44:31,100.0,91.5,S
2021-06-15T10:44:21,500.0,91.5,S
2021-06-15T10:43:30,300.0,91.5,S
2021-06-15T10:43:16,100.0,91.5,B
2021-06-15T10:42:52,800.0,91.4,S
2021-06-15T10:42:18,600.0,91.5,B
2021-06-15T10:41:14,100.0,91.4,S
2021-06-15T10:40:06,100.0,91.5,S
2021-06-15T10:39:59,1000.0,91.5,S
2021-06-15T10:39:00,100.0,91.6,B
2021-06-15T10:33:26,100.0,91.8,B
2021-06-15T10:31:31,500.0,91.8,S
2021-06-15T10:31:17,500.0,91.8,B
2021-06-15T10:30:55,1000.0,91.2,B
2021-06-15T10:30:27,100.0,91.2,B
2021-06-15T10:30:23,900.0,91.2,S
2021-06-15T10:29:50,500.0,91.2,S
2021-06-15T10:29:33,2000.0,91.2,S
2021-06-15T10:29:04,500.0,91.3,S
2021-06-15T10:28:43,500.0,91.4,S
2021-06-15T10:28:19,25000.0,91.3,S
2021-06-15T10:28:15,100.0,91.4,S
2021-06-15T10:27:08,1000.0,91.5,B
2021-06-15T10:26:55,400.0,91.3,S
2021-06-15T10:26:52,600.0,91.3,S
2021-06-15T10:26:51,100.0,91.5,B
2021-06-15T10:26:46,100.0,91.3,S
2021-06-15T10:26:45,7900.0,91.5,S
2021-06-15T10:26:27,1000.0,91.6,S
2021-06-15T10:26:26,1000.0,91.6,S
2021-06-15T10:26:18,1200.0,91.6,S
2021-06-15T10:25:57,2000.0,91.6,S
2021-06-15T10:25:55,1700.0,91.6,S
2021-06-15T10:24:42,100.0,91.6,S
2021-06-15T10:24:07,100.0,91.6,S
2021-06-15T10:24:03,100.0,91.6,S
2021-06-15T10:23:03,3800.0,91.6,S
2021-06-15T10:22:30,100.0,91.9,S
2021-06-15T10:20:00,200.0,92.0,B
2021-06-15T10:18:21,100.0,92.0,B
2021-06-15T10:16:55,500.0,92.0,B
2021-06-15T10:14:39,400.0,91.8,S
2021-06-15T10:14:09,1000.0,91.8,S
2021-06-15T10:13:48,100.0,91.8,S
2021-06-15T10:13:10,1000.0,91.8,S
2021-06-15T10:12:05,2000.0,91.8,S
2021-06-15T10:12:00,200.0,92.0,B
2021-06-15T10:11:23,1200.0,92.0,S
2021-06-15T10:07:31,600.0,92.0,B
2021-06-15T10:07:30,500.0,92.0,B
2021-06-15T10:07:24,1000.0,92.0,B
2021-06-15T10:07:19,400.0,92.0,B
2021-06-15T10:06:46,100.0,92.0,S
2021-06-15T10:06:46,2400.0,92.0,S
2021-06-15T10:05:51,7400.0,92.0,B
2021-06-15T10:05:31,300.0,91.9,S
2021-06-15T10:04:21,100.0,92.0,B
2021-06-15T10:03:46,4600.0,92.0,S
2021-06-15T10:03:14,2500.0,92.0,B
2021-06-15T10:03:13,1000.0,92.0,B
2021-06-15T10:03:06,200.0,92.0,B
2021-06-15T10:02:12,300.0,92.0,S
2021-06-15T10:01:54,200.0,92.0,B
2021-06-15T10:01:50,200.0,92.0,B
2021-06-15T10:01:38,200.0,92.0,B
2021-06-15T10:01:16,100.0,92.0,B
2021-06-15T10:01:14,1000.0,92.0,B
2021-06-15T10:01:13,1000.0,92.0,B
2021-06-15T10:01:02,300.0,92.0,B
2021-06-15T10:01:01,100.0,92.0,B
2021-06-15T10:00:53,200.0,92.0,B
2021-06-15T10:00:50,500.0,92.0,B
2021-06-15T10:00:36,4200.0,92.0,S
2021-06-15T09:59:53,1000.0,92.0,S
2021-06-15T09:59:45,5000.0,92.0,B
2021-06-15T09:59:28,100.0,92.0,B
2021-06-15T09:58:39,200.0,92.0,B
2021-06-15T09:58:29,100.0,92.0,B
2021-06-15T09:58:03,200.0,92.0,B
2021-06-15T09:58:03,12800.0,92.0,B
2021-06-15T09:57:42,100.0,92.1,S
2021-06-15T09:57:14,200.0,92.1,S
2021-06-15T09:55:54,1000.0,92.1,S
2021-06-15T09:55:36,1000.0,92.1,S
2021-06-15T09:55:31,300.0,92.1,S
2021-06-15T09:53:46,500.0,92.0,S
2021-06-15T09:53:43,500.0,92.1,B
2021-06-15T09:53:17,500.0,92.0,S
2021-06-15T09:52:34,2500.0,92.0,S
2021-06-15T09:52:29,2000.0,92.0,S
2021-06-15T09:51:56,300.0,92.2,B
2021-06-15T09:51:55,10000.0,92.0,S
2021-06-15T09:51:38,1000.0,92.2,B
2021-06-15T09:50:23,100.0,92.2,B
2021-06-15T09:49:34,500.0,92.2,B
2021-06-15T09:49:12,100.0,92.2,S
2021-06-15T09:48:55,500.0,92.2,S
2021-06-15T09:48:55,500.0,92.2,S
2021-06-15T09:48:18,500.0,92.2,S
2021-06-15T09:47:15,100.0,92.2,S
2021-06-15T09:46:58,300.0,92.2,S
2021-06-15T09:46:46,100.0,92.3,B
2021-06-15T09:46:35,200.0,92.2,S
2021-06-15T09:46:16,900.0,92.3,B
2021-06-15T09:46:13,1000.0,92.2,S
2021-06-15T09:45:20,100.0,92.3,S
2021-06-15T09:44:57,2000.0,92.3,S
2021-06-15T09:44:25,1000.0,92.5,B
2021-06-15T09:44:21,300.0,92.5,B
2021-06-15T09:43:33,7500.0,92.5,S
2021-06-15T09:43:21,500.0,92.6,B
2021-06-15T09:43:05,200.0,92.6,B
2021-06-15T09:42:38,300.0,92.6,B
2021-06-15T09:42:37,200.0,92.6,B
2021-06-15T09:42:35,300.0,92.6,B
2021-06-15T09:42:33,300.0,92.6,B
2021-06-15T09:42:11,300.0,92.6,B
2021-06-15T09:42:07,300.0,92.6,B
2021-06-15T09:42:04,300.0,92.6,B
2021-06-15T09:42:02,300.0,92.6,B
2021-06-15T09:41:59,300.0,92.6,B
2021-06-15T09:41:53,200.0,92.6,B
2021-06-15T09:40:57,200.0,92.6,B
2021-06-15T09:39:54,500.0,92.6,B
2021-06-15T09:39:31,1000.0,92.6,B
2021-06-15T09:39:07,1000.0,92.5,S
2021-06-15T09:38:57,200.0,92.6,B
2021-06-15T09:38:43,1100.0,92.6,B
2021-06-15T09:38:08,500.0,92.6,B
2021-06-15T09:37:24,800.0,92.5,S
2021-06-15T09:36:18,1200.0,92.5,S
2021-06-15T09:36:06,2100.0,92.5,S
2021-06-15T09:33:36,100.0,92.5,B
2021-06-15T09:32:48,400.0,92.5,S
2021-06-15T09:32:23,600.0,92.5,S
2021-06-15T09:32:02,800.0,92.5,S
2021-06-15T09:31:00,700.0,92.5,S
2021-06-15T09:30:22,100.0,92.6,B
2021-06-15T09:29:59,1200.0,92.6,S
2021-06-15T09:29:53,800.0,92.6,B
2021-06-15T09:29:44,200.0,92.6,B
2021-06-15T09:29:28,1000.0,92.6,B
2021-06-15T09:29:08,400.0,92.5,B
2021-06-15T09:28:25,1000.0,92.3,S
2021-06-15T09:28:24,1000.0,92.4,B
2021-06-15T09:28:24,200.0,92.3,S
2021-06-15T09:27:42,6100.0,92.3,S
2021-06-15T09:27:16,400.0,92.3,S
2021-06-15T09:26:38,400.0,92.3,S
2021-06-15T09:25:40,500.0,92.3,S
2021-06-15T09:25:27,100.0,92.3,S
2021-06-15T09:24:28,200.0,92.3,S
2021-06-15T09:23:57,300.0,92.4,S
2021-06-15T09:23:30,1900.0,92.3,S
2021-06-15T09:21:54,300.0,92.3,S
2021-06-15T09:21:34,100.0,92.5,B
2021-06-15T09:19:43,500.0,92.3,S
2021-06-15T09:18:40,100.0,92.3,S
2021-06-15T09:18:38,500.0,92.3,S
2021-06-15T09:18:29,500.0,92.3,S
2021-06-15T09:18:14,200.0,92.3,S
2021-06-15T09:18:12,500.0,92.3,S
2021-06-15T09:17:55,200.0,92.3,S
2021-06-15T09:17:28,4400.0,92.3,S
2021-06-15T09:16:18,100.0,92.6,B
2021-06-15T09:16:14,300.0,92.6,B
2021-06-15T09:15:51,700.0,92.6,S
2021-06-15T09:15:40,400.0,92.6,S
2021-06-15T09:15:36,100.0,92.7,B
2021-06-15T09:15:08,300.0,92.6,S
2021-06-15T09:15:00,500.0,92.6,S
2021-06-15T09:14:49,2400.0,92.6,S
2021-06-15T09:14:44,200.0,92.7,B
2021-06-15T09:14:39,200.0,92.6,S
2021-06-15T09:14:24,500.0,92.6,B
2021-06-15T09:14:20,600.0,92.6,S
2021-06-15T09:13:43,500.0,92.7,B
2021-06-15T09:13:35,100.0,92.7,B
2021-06-15T09:13:34,4000.0,92.7,S
2021-06-15T09:13:27,1700.0,92.7,S
2021-06-15T09:12:49,1700.0,92.7,S
2021-06-15T09:12:37,100.0,92.8,B
2021-06-15T09:11:53,100.0,92.8,B
2021-06-15T09:10:56,800.0,92.8,B
2021-06-15T09:09:51,300.0,92.8,S
2021-06-15T09:07:53,500.0,92.7,S
2021-06-15T09:05:51,200.0,92.7,S
2021-06-15T09:04:29,200.0,92.7,B
2021-06-15T09:03:57,100.0,92.7,B
2021-06-15T09:03:50,500.0,92.3,S
2021-06-15T09:02:42,1000.0,92.3,S
2021-06-15T09:01:13,100.0,93.5,B
2021-06-15T09:00:42,1600.0,93.5,B
2021-06-15T09:00:36,100.0,93.3,B
2021-06-15T09:00:34,100.0,93.4,S
2021-06-15T09:00:06,100.0,93.5,B
