tradingTime,volume,price,side
2021-06-15T14:26:41,1900.0,15.0,S
2021-06-15T14:26:41,1100.0,15.0,S
2021-06-15T14:20:22,100.0,15.0,S
2021-06-15T14:20:22,800.0,15.0,B
2021-06-15T14:19:53,200.0,15.0,S
2021-06-15T14:19:25,20000.0,15.0,S
2021-06-15T14:18:31,5000.0,15.0,S
2021-06-15T14:18:10,800.0,15.0,S
2021-06-15T14:18:10,11200.0,15.0,S
2021-06-15T14:17:34,10000.0,15.0,S
2021-06-15T14:17:06,800.0,15.05,S
2021-06-15T14:16:00,1000.0,15.0,S
2021-06-15T14:15:47,25000.0,14.95,S
2021-06-15T14:15:26,100.0,15.0,S
2021-06-15T14:15:10,100.0,15.05,B
2021-06-15T14:14:57,1500.0,15.0,S
2021-06-15T14:14:21,7000.0,14.95,S
2021-06-15T14:14:18,21100.0,15.0,B
2021-06-15T14:13:57,10000.0,15.0,B
2021-06-15T14:13:50,500.0,15.0,B
2021-06-15T14:13:44,4800.0,14.95,S
2021-06-15T14:13:44,200.0,14.95,S
2021-06-15T14:13:28,1000.0,15.0,B
2021-06-15T14:13:14,3800.0,15.0,B
2021-06-15T14:13:04,1000.0,15.0,S
2021-06-15T14:13:04,500.0,15.0,S
2021-06-15T14:12:56,500.0,15.0,S
2021-06-15T14:12:46,500.0,15.0,S
2021-06-15T14:12:42,500.0,15.0,S
2021-06-15T14:12:40,1500.0,15.0,S
2021-06-15T14:12:37,3000.0,15.0,S
2021-06-15T14:12:37,500.0,15.0,S
2021-06-15T14:12:26,5000.0,15.0,S
2021-06-15T14:12:17,6000.0,15.0,S
2021-06-15T14:12:15,100.0,15.0,S
2021-06-15T14:12:12,1300.0,14.9,S
2021-06-15T14:12:12,600.0,14.9,S
2021-06-15T14:12:06,3100.0,14.95,S
2021-06-15T14:12:06,1900.0,14.95,S
2021-06-15T14:11:51,500.0,15.0,B
2021-06-15T14:11:39,17400.0,14.95,S
2021-06-15T14:11:38,2000.0,14.95,S
2021-06-15T14:11:38,40600.0,14.95,S
2021-06-15T14:11:30,5000.0,15.0,B
2021-06-15T14:11:11,11000.0,15.0,B
2021-06-15T14:11:06,10000.0,15.0,B
2021-06-15T14:10:41,1300.0,15.0,B
2021-06-15T14:10:37,700.0,15.0,B
2021-06-15T14:10:19,1800.0,15.0,B
2021-06-15T14:09:56,200.0,15.0,B
2021-06-15T14:09:56,300.0,14.95,S
2021-06-15T14:09:55,5000.0,15.0,B
2021-06-15T14:09:52,5000.0,15.0,B
2021-06-15T14:09:46,600.0,15.0,B
2021-06-15T14:09:19,300.0,15.0,B
2021-06-15T14:09:19,500.0,15.0,B
2021-06-15T14:09:07,300.0,15.0,B
2021-06-15T14:07:55,6000.0,15.0,S
2021-06-15T14:07:44,10900.0,15.0,S
2021-06-15T14:07:31,500.0,15.1,B
2021-06-15T14:07:31,900.0,15.1,B
2021-06-15T14:07:31,9100.0,15.1,B
2021-06-15T14:07:01,2000.0,15.1,B
2021-06-15T14:06:50,300.0,15.1,B
2021-06-15T14:06:45,2500.0,15.0,S
2021-06-15T14:06:45,500.0,15.0,S
2021-06-15T14:06:35,400.0,15.0,S
2021-06-15T14:06:34,19600.0,15.0,S
2021-06-15T14:06:31,100.0,15.1,B
2021-06-15T14:06:28,1500.0,15.0,S
2021-06-15T14:06:24,20000.0,15.0,S
2021-06-15T14:06:13,900.0,15.0,S
2021-06-15T14:06:06,2000.0,15.1,B
2021-06-15T14:05:55,100.0,15.1,B
2021-06-15T14:05:54,10000.0,15.0,S
2021-06-15T14:05:38,1200.0,15.1,B
2021-06-15T14:05:38,1200.0,15.1,B
2021-06-15T14:05:36,2600.0,15.1,B
2021-06-15T14:05:23,10000.0,15.0,S
2021-06-15T14:05:19,100.0,15.1,B
2021-06-15T14:05:00,100.0,15.1,B
2021-06-15T14:04:55,1300.0,15.0,S
2021-06-15T14:04:55,7000.0,15.0,S
2021-06-15T14:04:53,5600.0,15.0,S
2021-06-15T14:04:53,2700.0,15.0,S
2021-06-15T14:04:53,5300.0,15.0,S
2021-06-15T14:04:53,21100.0,15.0,S
2021-06-15T14:04:53,3700.0,15.0,S
2021-06-15T14:04:53,3000.0,15.0,S
2021-06-15T14:04:53,20300.0,15.0,S
2021-06-15T14:04:39,1000.0,15.1,B
2021-06-15T14:04:39,20000.0,15.05,S
2021-06-15T14:04:00,100.0,15.1,B
2021-06-15T14:03:47,2000.0,15.1,B
2021-06-15T14:03:38,10000.0,15.0,S
2021-06-15T14:03:38,1700.0,15.0,S
2021-06-15T14:03:38,100.0,15.05,S
2021-06-15T14:03:26,5000.0,15.1,S
2021-06-15T14:03:15,1800.0,15.0,S
2021-06-15T14:03:15,500.0,15.0,S
2021-06-15T14:03:15,700.0,15.0,S
2021-06-15T14:03:14,100.0,15.1,S
2021-06-15T14:02:55,100.0,15.0,S
2021-06-15T14:02:48,5000.0,15.1,S
2021-06-15T14:02:47,5000.0,15.0,S
2021-06-15T14:02:35,2600.0,15.15,B
2021-06-15T14:02:34,400.0,15.1,S
2021-06-15T14:02:29,2700.0,15.0,S
2021-06-15T14:02:29,27300.0,15.0,S
2021-06-15T14:02:26,200.0,15.1,S
2021-06-15T14:02:17,1400.0,15.1,S
2021-06-15T14:01:56,14300.0,15.05,S
2021-06-15T14:01:55,4700.0,15.1,S
2021-06-15T14:01:53,100.0,15.15,B
2021-06-15T14:01:28,500.0,15.15,B
2021-06-15T14:01:19,200.0,15.1,S
2021-06-15T14:01:15,500.0,15.15,B
2021-06-15T14:01:13,4000.0,15.1,S
2021-06-15T14:00:55,1000.0,15.15,B
2021-06-15T14:00:55,200.0,15.15,B
2021-06-15T14:00:46,1000.0,15.15,B
2021-06-15T14:00:42,5000.0,15.1,S
2021-06-15T14:00:06,2500.0,15.15,B
2021-06-15T13:59:57,2700.0,15.0,S
2021-06-15T13:59:57,1400.0,15.0,S
2021-06-15T13:59:57,10500.0,15.0,S
2021-06-15T13:59:57,100.0,15.1,S
2021-06-15T13:59:56,100.0,15.1,S
2021-06-15T13:59:56,400.0,15.1,S
2021-06-15T13:59:56,9100.0,15.1,S
2021-06-15T13:59:56,5700.0,15.1,S
2021-06-15T13:59:51,50000.0,15.15,B
2021-06-15T13:59:40,300.0,15.15,B
2021-06-15T13:59:38,1000.0,15.1,S
2021-06-15T13:59:28,2000.0,15.1,S
2021-06-15T13:59:28,100.0,15.15,B
2021-06-15T13:59:26,4400.0,15.15,B
2021-06-15T13:58:59,600.0,15.15,B
2021-06-15T13:58:47,4500.0,15.1,S
2021-06-15T13:58:38,400.0,15.15,B
2021-06-15T13:58:23,2000.0,15.2,S
2021-06-15T13:58:21,3500.0,15.1,S
2021-06-15T13:58:20,5000.0,15.1,S
2021-06-15T13:58:17,30000.0,15.1,S
2021-06-15T13:58:09,500.0,15.2,S
2021-06-15T13:58:07,300.0,15.2,S
2021-06-15T13:58:03,1000.0,15.2,S
2021-06-15T13:58:00,5000.0,15.15,S
2021-06-15T13:57:39,500.0,15.2,S
2021-06-15T13:57:29,500.0,15.2,S
2021-06-15T13:57:25,500.0,15.2,S
2021-06-15T13:56:52,500.0,15.2,S
2021-06-15T13:56:41,700.0,15.2,S
2021-06-15T13:56:39,2000.0,15.2,S
2021-06-15T13:56:34,500.0,15.2,S
2021-06-15T13:56:30,100.0,15.2,S
2021-06-15T13:56:20,200.0,15.2,S
2021-06-15T13:56:19,500.0,15.2,S
2021-06-15T13:55:51,400.0,15.2,S
2021-06-15T13:55:30,4400.0,15.2,S
2021-06-15T13:55:26,300.0,15.2,S
2021-06-15T13:54:41,500.0,15.25,S
2021-06-15T13:54:37,200.0,15.2,S
2021-06-15T13:54:35,200.0,15.2,S
2021-06-15T13:54:29,500.0,15.25,S
2021-06-15T13:54:04,3500.0,15.25,S
2021-06-15T13:53:41,100.0,15.3,B
2021-06-15T13:53:17,1500.0,15.25,S
2021-06-15T13:52:57,1000.0,15.2,S
2021-06-15T13:52:57,5000.0,15.2,S
2021-06-15T13:52:54,8600.0,15.2,S
2021-06-15T13:52:35,500.0,15.25,S
2021-06-15T13:52:27,2000.0,15.3,B
2021-06-15T13:52:16,3000.0,15.3,B
2021-06-15T13:52:05,5000.0,15.3,B
2021-06-15T13:51:09,100.0,15.25,S
2021-06-15T13:51:05,1000.0,15.2,S
2021-06-15T13:50:42,2900.0,15.3,B
2021-06-15T13:50:41,3000.0,15.3,B
2021-06-15T13:50:20,7300.0,15.3,B
2021-06-15T13:50:20,2700.0,15.3,B
2021-06-15T13:50:15,500.0,15.3,B
2021-06-15T13:50:05,2000.0,15.3,B
2021-06-15T13:50:04,300.0,15.3,B
2021-06-15T13:50:02,23500.0,15.2,S
2021-06-15T13:50:02,1100.0,15.2,S
2021-06-15T13:50:02,7000.0,15.2,S
2021-06-15T13:50:02,20000.0,15.2,S
2021-06-15T13:50:02,34000.0,15.2,S
2021-06-15T13:50:02,3500.0,15.2,S
2021-06-15T13:50:02,5700.0,15.2,S
2021-06-15T13:50:02,5100.0,15.2,S
2021-06-15T13:50:02,1800.0,15.2,S
2021-06-15T13:50:02,1300.0,15.2,S
2021-06-15T13:50:01,3000.0,15.2,S
2021-06-15T13:50:01,10000.0,15.25,S
2021-06-15T13:50:01,1100.0,15.25,S
2021-06-15T13:50:01,900.0,15.25,S
2021-06-15T13:50:01,27000.0,15.25,S
2021-06-15T13:49:22,700.0,15.3,B
2021-06-15T13:49:20,500.0,15.3,B
2021-06-15T13:49:18,10000.0,15.25,S
2021-06-15T13:48:56,500.0,15.3,B
2021-06-15T13:48:52,300.0,15.3,B
2021-06-15T13:48:50,5000.0,15.25,S
2021-06-15T13:48:49,500.0,15.3,B
2021-06-15T13:48:21,100.0,15.3,B
2021-06-15T13:48:00,1000.0,15.3,S
2021-06-15T13:47:36,15400.0,15.35,B
2021-06-15T13:47:36,3500.0,15.35,B
2021-06-15T13:47:36,1100.0,15.35,B
2021-06-15T13:47:33,8000.0,15.35,B
2021-06-15T13:47:32,1600.0,15.3,S
2021-06-15T13:47:08,100.0,15.35,B
2021-06-15T13:47:04,100.0,15.3,S
2021-06-15T13:46:54,1400.0,15.3,S
2021-06-15T13:46:54,8100.0,15.3,S
2021-06-15T13:46:54,500.0,15.3,S
2021-06-15T13:46:54,10000.0,15.3,S
2021-06-15T13:46:54,100.0,15.35,B
2021-06-15T13:46:52,700.0,15.35,B
2021-06-15T13:46:46,30000.0,15.3,S
2021-06-15T13:46:40,1100.0,15.3,S
2021-06-15T13:46:40,3900.0,15.3,S
2021-06-15T13:46:32,6100.0,15.3,S
2021-06-15T13:46:32,2600.0,15.3,S
2021-06-15T13:46:32,11300.0,15.3,S
2021-06-15T13:46:06,10000.0,15.35,B
2021-06-15T13:45:39,5000.0,15.35,B
2021-06-15T13:45:13,8000.0,15.35,B
2021-06-15T13:45:03,900.0,15.35,B
2021-06-15T13:44:52,3000.0,15.35,B
2021-06-15T13:44:28,900.0,15.35,B
2021-06-15T13:44:16,200.0,15.35,B
2021-06-15T13:43:30,500.0,15.35,B
2021-06-15T13:43:29,100.0,15.35,B
2021-06-15T13:43:17,1000.0,15.35,B
2021-06-15T13:42:57,15000.0,15.3,S
2021-06-15T13:42:55,100.0,15.35,B
2021-06-15T13:42:42,400.0,15.3,S
2021-06-15T13:42:27,3000.0,15.3,S
2021-06-15T13:42:00,500.0,15.3,S
2021-06-15T13:41:35,4200.0,15.35,B
2021-06-15T13:40:42,1000.0,15.35,B
2021-06-15T13:40:35,500.0,15.35,B
2021-06-15T13:40:29,500.0,15.35,B
2021-06-15T13:40:23,100.0,15.3,S
2021-06-15T13:40:17,800.0,15.35,B
2021-06-15T13:40:00,3300.0,15.35,B
2021-06-15T13:39:37,1000.0,15.35,B
2021-06-15T13:39:31,3000.0,15.3,S
2021-06-15T13:37:48,2000.0,15.35,B
2021-06-15T13:37:40,10000.0,15.3,S
2021-06-15T13:37:14,100.0,15.35,B
2021-06-15T13:37:00,2000.0,15.3,S
2021-06-15T13:36:52,6900.0,15.3,S
2021-06-15T13:36:37,400.0,15.3,S
2021-06-15T13:36:19,500.0,15.3,S
2021-06-15T13:35:57,2400.0,15.3,S
2021-06-15T13:35:57,2400.0,15.3,S
2021-06-15T13:35:57,7900.0,15.3,S
2021-06-15T13:35:57,7300.0,15.3,S
2021-06-15T13:35:42,1000.0,15.35,B
2021-06-15T13:35:34,15700.0,15.3,S
2021-06-15T13:35:34,4200.0,15.3,S
2021-06-15T13:35:33,100.0,15.3,S
2021-06-15T13:35:30,2000.0,15.3,S
2021-06-15T13:35:05,1000.0,15.35,B
2021-06-15T13:34:43,400.0,15.3,S
2021-06-15T13:34:31,100.0,15.35,B
2021-06-15T13:34:27,4300.0,15.3,S
2021-06-15T13:34:16,5000.0,15.35,B
2021-06-15T13:34:14,900.0,15.35,B
2021-06-15T13:34:04,1100.0,15.3,S
2021-06-15T13:33:49,500.0,15.3,S
2021-06-15T13:33:48,500.0,15.35,B
2021-06-15T13:33:35,100.0,15.35,B
2021-06-15T13:33:32,1000.0,15.35,B
2021-06-15T13:33:09,1000.0,15.35,B
2021-06-15T13:33:06,100.0,15.35,B
2021-06-15T13:33:01,2900.0,15.3,S
2021-06-15T13:33:01,900.0,15.3,S
2021-06-15T13:33:00,1200.0,15.3,S
2021-06-15T13:32:51,200.0,15.35,B
2021-06-15T13:32:42,2000.0,15.35,B
2021-06-15T13:32:34,8800.0,15.3,S
2021-06-15T13:32:34,1200.0,15.3,S
2021-06-15T13:32:34,1200.0,15.3,S
2021-06-15T13:32:34,1000.0,15.3,S
2021-06-15T13:32:33,7800.0,15.3,S
2021-06-15T13:32:25,100.0,15.35,B
2021-06-15T13:32:10,1300.0,15.35,B
2021-06-15T13:32:07,2700.0,15.35,B
2021-06-15T13:32:07,200.0,15.35,B
2021-06-15T13:32:07,1100.0,15.35,B
2021-06-15T13:32:07,200.0,15.35,B
2021-06-15T13:31:56,5000.0,15.35,B
2021-06-15T13:31:48,1000.0,15.35,B
2021-06-15T13:31:44,2000.0,15.35,B
2021-06-15T13:31:19,100.0,15.35,B
2021-06-15T13:31:08,100.0,15.35,B
2021-06-15T13:30:50,6000.0,15.35,S
2021-06-15T13:30:50,100.0,15.35,S
2021-06-15T13:30:47,6400.0,15.35,S
2021-06-15T13:30:40,11500.0,15.3,S
2021-06-15T13:30:40,1000.0,15.3,S
2021-06-15T13:30:40,17500.0,15.3,S
2021-06-15T13:30:36,1900.0,15.3,S
2021-06-15T13:30:36,1000.0,15.3,S
2021-06-15T13:30:36,6800.0,15.3,S
2021-06-15T13:30:36,11600.0,15.3,S
2021-06-15T13:30:23,9100.0,15.35,S
2021-06-15T13:30:11,10000.0,15.35,S
2021-06-15T13:30:04,900.0,15.35,S
2021-06-15T13:29:53,5000.0,15.4,B
2021-06-15T13:29:51,100.0,15.35,S
2021-06-15T13:29:22,100.0,15.3,S
2021-06-15T13:29:09,100.0,15.3,S
2021-06-15T13:28:57,1000.0,15.3,S
2021-06-15T13:28:26,400.0,15.3,S
2021-06-15T13:28:23,100.0,15.4,B
2021-06-15T13:28:22,1000.0,15.4,B
2021-06-15T13:28:16,20000.0,15.4,B
2021-06-15T13:28:16,1200.0,15.35,S
2021-06-15T13:28:15,3000.0,15.35,S
2021-06-15T13:28:10,9800.0,15.35,S
2021-06-15T13:28:10,3100.0,15.35,S
2021-06-15T13:28:10,22100.0,15.35,S
2021-06-15T13:26:50,2000.0,15.4,S
2021-06-15T13:26:19,5000.0,15.4,S
2021-06-15T13:25:56,900.0,15.4,S
2021-06-15T13:25:50,2000.0,15.4,S
2021-06-15T13:25:48,17100.0,15.4,S
2021-06-15T13:25:34,3400.0,15.4,S
2021-06-15T13:25:02,1700.0,15.4,S
2021-06-15T13:25:02,4900.0,15.4,S
2021-06-15T13:25:02,3400.0,15.4,S
2021-06-15T13:24:59,900.0,15.4,S
2021-06-15T13:24:59,29100.0,15.4,S
2021-06-15T13:24:55,3000.0,15.4,S
2021-06-15T13:24:45,100.0,15.45,B
2021-06-15T13:24:29,5000.0,15.4,S
2021-06-15T13:24:20,200.0,15.45,B
2021-06-15T13:24:15,1200.0,15.45,B
2021-06-15T13:24:15,5000.0,15.45,B
2021-06-15T13:24:13,7000.0,15.45,B
2021-06-15T13:23:27,500.0,15.45,S
2021-06-15T13:23:16,9000.0,15.45,S
2021-06-15T13:22:37,5000.0,15.45,S
2021-06-15T13:22:29,500.0,15.45,S
2021-06-15T13:22:21,5000.0,15.45,S
2021-06-15T13:22:03,16100.0,15.45,S
2021-06-15T13:20:52,18200.0,15.45,S
2021-06-15T13:20:05,7800.0,15.5,B
2021-06-15T13:20:04,1200.0,15.5,B
2021-06-15T13:20:00,5000.0,15.45,S
2021-06-15T13:18:46,100.0,15.5,B
2021-06-15T13:18:42,5000.0,15.5,S
2021-06-15T13:18:02,800.0,15.45,S
2021-06-15T13:18:02,400.0,15.5,S
2021-06-15T13:17:50,10000.0,15.5,S
2021-06-15T13:17:14,1500.0,15.45,S
2021-06-15T13:16:56,900.0,15.45,S
2021-06-15T13:16:55,2100.0,15.45,S
2021-06-15T13:16:41,1800.0,15.5,S
2021-06-15T13:16:14,1500.0,15.5,S
2021-06-15T13:16:14,500.0,15.5,S
2021-06-15T13:15:48,100.0,15.5,S
2021-06-15T13:15:48,13700.0,15.5,S
2021-06-15T13:15:48,6700.0,15.5,S
2021-06-15T13:15:48,3000.0,15.5,S
2021-06-15T13:15:47,6000.0,15.5,S
2021-06-15T13:15:39,1000.0,15.55,B
2021-06-15T13:15:36,20000.0,15.5,S
2021-06-15T13:13:26,5000.0,15.55,B
2021-06-15T13:12:54,5000.0,15.55,B
2021-06-15T13:12:21,100.0,15.5,S
2021-06-15T13:12:21,1000.0,15.5,S
2021-06-15T13:12:21,1400.0,15.5,S
2021-06-15T13:12:21,500.0,15.5,S
2021-06-15T13:11:41,7000.0,15.5,S
2021-06-15T13:10:51,1100.0,15.55,B
2021-06-15T13:10:44,2000.0,15.55,B
2021-06-15T13:10:42,300.0,15.5,S
2021-06-15T13:10:39,6800.0,15.5,S
2021-06-15T13:10:32,2000.0,15.55,B
2021-06-15T13:10:23,2000.0,15.55,B
2021-06-15T13:10:19,10000.0,15.55,B
2021-06-15T13:10:12,2000.0,15.55,B
2021-06-15T13:09:49,900.0,15.55,B
2021-06-15T13:09:46,10000.0,15.55,B
2021-06-15T13:09:42,100.0,15.55,B
2021-06-15T13:08:59,100.0,15.6,B
2021-06-15T13:08:23,17300.0,15.5,S
2021-06-15T13:08:23,2600.0,15.5,S
2021-06-15T13:08:23,100.0,15.55,B
2021-06-15T13:07:55,15000.0,15.6,B
2021-06-15T13:07:38,2000.0,15.55,B
2021-06-15T13:06:10,900.0,15.55,B
2021-06-15T13:05:44,700.0,15.55,B
2021-06-15T13:04:39,2000.0,15.55,B
2021-06-15T13:04:37,200.0,15.55,B
2021-06-15T13:02:26,11300.0,15.5,S
2021-06-15T13:02:23,300.0,15.55,B
2021-06-15T13:01:52,2000.0,15.55,B
2021-06-15T13:01:28,3000.0,15.5,S
2021-06-15T13:01:09,3900.0,15.5,S
2021-06-15T13:00:36,500.0,15.5,S
2021-06-15T13:00:27,12400.0,15.5,S
2021-06-15T11:29:53,10000.0,15.5,S
2021-06-15T11:29:19,1500.0,15.55,B
2021-06-15T11:29:12,20000.0,15.55,B
2021-06-15T11:29:07,500.0,15.55,B
2021-06-15T11:29:04,100.0,15.55,B
2021-06-15T11:28:54,1300.0,15.55,B
2021-06-15T11:28:23,1400.0,15.55,B
2021-06-15T11:28:14,1000.0,15.55,B
2021-06-15T11:27:24,200.0,15.55,B
2021-06-15T11:27:19,2100.0,15.55,B
2021-06-15T11:26:58,2000.0,15.55,S
2021-06-15T11:26:58,2100.0,15.55,S
2021-06-15T11:26:21,10000.0,15.55,S
2021-06-15T11:25:21,5000.0,15.55,S
2021-06-15T11:24:42,20000.0,15.55,S
2021-06-15T11:24:34,1000.0,15.55,S
2021-06-15T11:24:32,10000.0,15.55,S
2021-06-15T11:22:56,3000.0,15.55,B
2021-06-15T11:22:42,100.0,15.5,S
2021-06-15T11:22:40,1000.0,15.6,B
2021-06-15T11:22:36,2600.0,15.5,S
2021-06-15T11:22:20,20000.0,15.55,S
2021-06-15T11:22:16,1000.0,15.6,B
2021-06-15T11:22:16,25000.0,15.55,S
2021-06-15T11:21:48,300.0,15.6,B
2021-06-15T11:21:38,50000.0,15.55,S
2021-06-15T11:21:29,1600.0,15.6,B
2021-06-15T11:21:26,500.0,15.6,B
2021-06-15T11:21:23,50000.0,15.55,S
2021-06-15T11:21:08,1000.0,15.6,B
2021-06-15T11:20:35,5000.0,15.6,B
2021-06-15T11:20:28,10000.0,15.6,B
2021-06-15T11:20:21,3000.0,15.6,B
2021-06-15T11:20:08,7000.0,15.6,B
2021-06-15T11:19:58,800.0,15.6,S
2021-06-15T11:19:58,8000.0,15.6,S
2021-06-15T11:19:58,1700.0,15.6,S
2021-06-15T11:19:58,1600.0,15.6,S
2021-06-15T11:19:58,3000.0,15.6,S
2021-06-15T11:19:58,3000.0,15.6,S
2021-06-15T11:19:58,4300.0,15.6,S
2021-06-15T11:19:46,16000.0,15.65,B
2021-06-15T11:19:37,100.0,15.6,S
2021-06-15T11:19:23,12700.0,15.6,S
2021-06-15T11:18:40,1000.0,15.6,S
2021-06-15T11:18:37,600.0,15.65,B
2021-06-15T11:18:36,9000.0,15.65,B
2021-06-15T11:18:33,25800.0,15.65,S
2021-06-15T11:18:31,100.0,15.65,S
2021-06-15T11:18:25,2000.0,15.65,S
2021-06-15T11:18:24,100.0,15.65,S
2021-06-15T11:18:19,3000.0,15.65,S
2021-06-15T11:18:10,100.0,15.65,S
2021-06-15T11:17:59,10000.0,15.65,S
2021-06-15T11:17:58,2500.0,15.7,B
2021-06-15T11:17:57,100.0,15.65,S
2021-06-15T11:17:39,5000.0,15.65,S
2021-06-15T11:17:30,5000.0,15.65,S
2021-06-15T11:17:24,5000.0,15.65,S
2021-06-15T11:17:16,15900.0,15.65,B
2021-06-15T11:16:51,2000.0,15.6,S
2021-06-15T11:16:48,3700.0,15.65,B
2021-06-15T11:16:48,300.0,15.65,B
2021-06-15T11:15:42,9700.0,15.65,S
2021-06-15T11:15:29,1500.0,15.7,B
2021-06-15T11:15:21,1000.0,15.65,S
2021-06-15T11:15:17,14300.0,15.65,B
2021-06-15T11:15:12,1000.0,15.6,S
2021-06-15T11:15:09,10000.0,15.65,B
2021-06-15T11:14:44,1500.0,15.65,B
2021-06-15T11:14:41,100.0,15.65,B
2021-06-15T11:14:31,3300.0,15.65,B
2021-06-15T11:14:07,200.0,15.65,B
2021-06-15T11:13:51,2000.0,15.65,B
2021-06-15T11:13:45,700.0,15.65,B
2021-06-15T11:13:41,100.0,15.65,B
2021-06-15T11:13:22,3000.0,15.65,B
2021-06-15T11:13:19,300.0,15.65,B
2021-06-15T11:13:07,900.0,15.65,S
2021-06-15T11:12:57,3000.0,15.65,S
2021-06-15T11:12:55,1000.0,15.7,B
2021-06-15T11:12:47,5000.0,15.65,S
2021-06-15T11:12:07,3000.0,15.65,S
2021-06-15T11:11:53,600.0,15.65,S
2021-06-15T11:11:52,4400.0,15.65,S
2021-06-15T11:11:34,4500.0,15.65,S
2021-06-15T11:11:34,500.0,15.65,S
2021-06-15T11:11:05,2500.0,15.65,S
2021-06-15T11:11:04,2000.0,15.65,S
2021-06-15T11:10:58,5000.0,15.65,B
2021-06-15T11:10:49,3000.0,15.65,B
2021-06-15T11:10:39,4000.0,15.65,B
2021-06-15T11:10:20,4700.0,15.65,B
2021-06-15T11:10:09,500.0,15.65,B
2021-06-15T11:10:00,5000.0,15.65,B
2021-06-15T11:09:53,1000.0,15.65,B
2021-06-15T11:09:48,5000.0,15.65,B
2021-06-15T11:09:35,500.0,15.65,B
2021-06-15T11:09:20,5000.0,15.65,B
2021-06-15T11:09:19,3500.0,15.65,B
2021-06-15T11:09:15,2000.0,15.65,B
2021-06-15T11:08:49,10000.0,15.65,B
2021-06-15T11:08:25,1000.0,15.65,B
2021-06-15T11:08:17,100.0,15.65,B
2021-06-15T11:08:14,1500.0,15.65,B
2021-06-15T11:08:08,13700.0,15.65,S
2021-06-15T11:07:56,100.0,15.65,S
2021-06-15T11:07:49,1000.0,15.7,B
2021-06-15T11:07:47,5000.0,15.65,S
2021-06-15T11:07:42,100.0,15.65,S
2021-06-15T11:07:32,1000.0,15.7,B
2021-06-15T11:06:54,15000.0,15.65,S
2021-06-15T11:06:44,16000.0,15.65,B
2021-06-15T11:06:36,1000.0,15.65,B
2021-06-15T11:06:21,800.0,15.65,B
2021-06-15T11:06:14,100.0,15.65,B
2021-06-15T11:06:02,1000.0,15.65,B
2021-06-15T11:05:36,18200.0,15.65,B
2021-06-15T11:05:36,1800.0,15.65,B
2021-06-15T11:05:27,5000.0,15.65,B
2021-06-15T11:05:19,500.0,15.65,B
2021-06-15T11:04:36,5000.0,15.65,B
2021-06-15T11:04:31,500.0,15.6,S
2021-06-15T11:04:31,30000.0,15.65,B
2021-06-15T11:04:11,2000.0,15.65,B
2021-06-15T11:03:57,5000.0,15.6,S
2021-06-15T11:03:49,1000.0,15.65,B
2021-06-15T11:03:10,9900.0,15.65,B
2021-06-15T11:02:47,1000.0,15.6,S
2021-06-15T11:01:50,8900.0,15.6,B
2021-06-15T11:01:26,10000.0,15.6,B
2021-06-15T11:01:07,10000.0,15.6,B
2021-06-15T11:01:05,1900.0,15.6,B
2021-06-15T11:01:03,1000.0,15.6,B
2021-06-15T11:01:02,10000.0,15.6,B
2021-06-15T11:00:58,7100.0,15.6,B
2021-06-15T11:00:58,2900.0,15.6,B
2021-06-15T11:00:36,10000.0,15.6,B
2021-06-15T11:00:30,3000.0,15.6,B
2021-06-15T11:00:12,8000.0,15.6,B
2021-06-15T11:00:02,2000.0,15.6,B
2021-06-15T10:59:53,5400.0,15.55,S
2021-06-15T10:59:33,5000.0,15.6,B
2021-06-15T10:59:25,10000.0,15.6,B
2021-06-15T10:59:24,500.0,15.6,B
2021-06-15T10:59:16,200.0,15.6,B
2021-06-15T10:59:16,4800.0,15.6,B
2021-06-15T10:59:16,500.0,15.55,S
2021-06-15T10:58:51,1500.0,15.6,B
2021-06-15T10:58:13,2000.0,15.55,S
2021-06-15T10:57:59,3800.0,15.6,B
2021-06-15T10:57:59,2000.0,15.6,B
2021-06-15T10:57:59,800.0,15.6,B
2021-06-15T10:57:59,1700.0,15.6,B
2021-06-15T10:57:53,1000.0,15.6,B
2021-06-15T10:57:49,500.0,15.6,B
2021-06-15T10:57:45,200.0,15.6,B
2021-06-15T10:57:29,5000.0,15.6,B
2021-06-15T10:56:51,20000.0,15.6,B
2021-06-15T10:56:40,5000.0,15.6,B
2021-06-15T10:56:30,10100.0,15.55,S
2021-06-15T10:56:23,1200.0,15.6,B
2021-06-15T10:56:09,5000.0,15.6,B
2021-06-15T10:56:07,2000.0,15.6,B
2021-06-15T10:55:05,1900.0,15.55,S
2021-06-15T10:55:05,13100.0,15.55,S
2021-06-15T10:55:02,200.0,15.6,B
2021-06-15T10:55:01,2000.0,15.6,B
2021-06-15T10:54:56,300.0,15.6,B
2021-06-15T10:54:33,2100.0,15.6,B
2021-06-15T10:54:33,100.0,15.6,B
2021-06-15T10:54:33,2800.0,15.6,B
2021-06-15T10:54:22,4000.0,15.6,B
2021-06-15T10:54:16,1000.0,15.55,S
2021-06-15T10:54:15,700.0,15.55,S
2021-06-15T10:54:00,5000.0,15.6,B
2021-06-15T10:53:30,200.0,15.55,B
2021-06-15T10:53:21,2300.0,15.6,B
2021-06-15T10:53:16,4300.0,15.6,B
2021-06-15T10:53:13,5000.0,15.55,B
2021-06-15T10:52:45,500.0,15.5,S
2021-06-15T10:52:45,100.0,15.55,B
2021-06-15T10:52:39,500.0,15.55,B
2021-06-15T10:52:38,3000.0,15.55,B
2021-06-15T10:52:26,10000.0,15.55,B
2021-06-15T10:52:25,100.0,15.55,B
2021-06-15T10:52:12,100.0,15.55,B
2021-06-15T10:52:08,1300.0,15.55,B
2021-06-15T10:51:59,1000.0,15.5,S
2021-06-15T10:51:51,200.0,15.5,S
2021-06-15T10:51:38,2700.0,15.55,B
2021-06-15T10:51:37,300.0,15.5,B
2021-06-15T10:51:30,2500.0,15.5,B
2021-06-15T10:51:30,400.0,15.5,B
2021-06-15T10:51:29,27900.0,15.5,B
2021-06-15T10:51:22,300.0,15.5,B
2021-06-15T10:51:03,1000.0,15.5,B
2021-06-15T10:50:49,10000.0,15.5,B
2021-06-15T10:50:27,25200.0,15.45,B
2021-06-15T10:50:22,200.0,15.4,S
2021-06-15T10:50:07,10000.0,15.45,B
2021-06-15T10:50:07,1000.0,15.45,B
2021-06-15T10:49:19,2300.0,15.4,B
2021-06-15T10:48:55,200.0,15.4,B
2021-06-15T10:48:06,11100.0,15.4,B
2021-06-15T10:48:00,500.0,15.4,B
2021-06-15T10:47:42,500.0,15.4,B
2021-06-15T10:47:25,100.0,15.4,B
2021-06-15T10:47:24,5000.0,15.4,B
2021-06-15T10:47:16,3000.0,15.4,B
2021-06-15T10:47:13,1000.0,15.4,B
2021-06-15T10:46:57,4000.0,15.4,B
2021-06-15T10:46:56,200.0,15.4,B
2021-06-15T10:46:53,400.0,15.4,B
2021-06-15T10:46:19,100.0,15.4,B
2021-06-15T10:46:18,3000.0,15.3,S
2021-06-15T10:46:06,5000.0,15.4,B
2021-06-15T10:45:59,5000.0,15.4,B
2021-06-15T10:45:51,2000.0,15.4,B
2021-06-15T10:45:49,1600.0,15.3,S
2021-06-15T10:45:49,3000.0,15.3,S
2021-06-15T10:45:49,5500.0,15.3,S
2021-06-15T10:45:49,100.0,15.3,S
2021-06-15T10:45:49,34800.0,15.3,S
2021-06-15T10:45:47,6000.0,15.35,S
2021-06-15T10:45:41,300.0,15.35,S
2021-06-15T10:45:26,5000.0,15.4,B
2021-06-15T10:45:21,3400.0,15.4,B
2021-06-15T10:45:21,1600.0,15.4,B
2021-06-15T10:45:04,2000.0,15.4,B
2021-06-15T10:44:43,1000.0,15.4,B
2021-06-15T10:44:26,700.0,15.4,B
2021-06-15T10:44:25,2000.0,15.35,S
2021-06-15T10:44:16,1000.0,15.4,B
2021-06-15T10:44:14,20000.0,15.4,B
2021-06-15T10:43:35,3000.0,15.4,B
2021-06-15T10:43:32,200.0,15.4,B
2021-06-15T10:43:26,4000.0,15.4,B
2021-06-15T10:43:26,26000.0,15.4,B
2021-06-15T10:43:26,300.0,15.35,S
2021-06-15T10:43:10,1100.0,15.4,B
2021-06-15T10:43:10,100.0,15.35,S
2021-06-15T10:43:08,11900.0,15.35,S
2021-06-15T10:42:57,18700.0,15.4,B
2021-06-15T10:42:57,12600.0,15.4,B
2021-06-15T10:42:57,8700.0,15.4,B
2021-06-15T10:42:56,2000.0,15.4,B
2021-06-15T10:42:03,1000.0,15.4,B
2021-06-15T10:41:57,3000.0,15.4,B
2021-06-15T10:41:49,300.0,15.35,S
2021-06-15T10:41:46,5000.0,15.4,B
2021-06-15T10:41:44,20000.0,15.35,S
2021-06-15T10:41:40,4000.0,15.4,B
2021-06-15T10:41:37,300.0,15.4,B
2021-06-15T10:41:34,2000.0,15.4,B
2021-06-15T10:41:01,8000.0,15.4,B
2021-06-15T10:40:51,3000.0,15.4,B
2021-06-15T10:40:23,1000.0,15.35,S
2021-06-15T10:39:47,1000.0,15.4,B
2021-06-15T10:39:11,1000.0,15.4,B
2021-06-15T10:38:39,100.0,15.35,S
2021-06-15T10:38:16,300.0,15.35,S
2021-06-15T10:38:07,200.0,15.35,S
2021-06-15T10:37:35,2000.0,15.35,S
2021-06-15T10:37:33,600.0,15.35,S
2021-06-15T10:37:15,100.0,15.35,S
2021-06-15T10:36:59,100.0,15.4,B
2021-06-15T10:36:53,1000.0,15.35,S
2021-06-15T10:36:35,500.0,15.35,S
2021-06-15T10:36:33,800.0,15.35,S
2021-06-15T10:36:24,2000.0,15.35,S
2021-06-15T10:35:36,9500.0,15.3,S
2021-06-15T10:34:51,11000.0,15.3,S
2021-06-15T10:33:58,200.0,15.4,B
2021-06-15T10:33:47,400.0,15.4,S
2021-06-15T10:33:31,300.0,15.3,S
2021-06-15T10:32:52,300.0,15.4,S
2021-06-15T10:32:38,1500.0,15.4,S
2021-06-15T10:32:34,300.0,15.3,S
2021-06-15T10:32:28,1000.0,15.3,S
2021-06-15T10:32:21,1500.0,15.3,S
2021-06-15T10:32:19,1000.0,15.3,S
2021-06-15T10:32:13,100.0,15.3,S
2021-06-15T10:31:57,3100.0,15.3,S
2021-06-15T10:31:29,100.0,15.3,S
2021-06-15T10:31:03,10000.0,15.3,S
2021-06-15T10:30:20,3100.0,15.3,S
2021-06-15T10:30:17,1000.0,15.4,S
2021-06-15T10:29:41,500.0,15.4,S
2021-06-15T10:29:40,1500.0,15.3,S
2021-06-15T10:29:32,2000.0,15.4,S
2021-06-15T10:29:25,4000.0,15.3,S
2021-06-15T10:29:17,1100.0,15.3,S
2021-06-15T10:29:17,300.0,15.35,S
2021-06-15T10:29:16,8500.0,15.35,S
2021-06-15T10:29:02,5000.0,15.4,S
2021-06-15T10:28:56,100.0,15.4,S
2021-06-15T10:28:10,1000.0,15.4,S
2021-06-15T10:28:08,10000.0,15.35,S
2021-06-15T10:28:00,1000.0,15.4,S
2021-06-15T10:27:58,3000.0,15.4,S
2021-06-15T10:27:57,3400.0,15.4,S
2021-06-15T10:27:57,3400.0,15.4,S
2021-06-15T10:27:57,9100.0,15.4,S
2021-06-15T10:27:57,8000.0,15.4,S
2021-06-15T10:27:57,1500.0,15.4,S
2021-06-15T10:27:56,200.0,15.4,S
2021-06-15T10:27:55,3000.0,15.4,S
2021-06-15T10:27:41,200.0,15.4,S
2021-06-15T10:27:32,200.0,15.4,S
2021-06-15T10:26:54,1000.0,15.4,S
2021-06-15T10:26:48,400.0,15.4,S
2021-06-15T10:26:47,4600.0,15.4,S
2021-06-15T10:26:45,1000.0,15.45,S
2021-06-15T10:26:14,1000.0,15.4,S
2021-06-15T10:26:12,700.0,15.45,S
2021-06-15T10:25:47,100.0,15.45,S
2021-06-15T10:25:40,100.0,15.45,S
2021-06-15T10:25:16,100.0,15.5,B
2021-06-15T10:25:05,2600.0,15.4,S
2021-06-15T10:24:33,5500.0,15.45,S
2021-06-15T10:24:15,2500.0,15.45,S
2021-06-15T10:24:09,2000.0,15.45,S
2021-06-15T10:23:31,500.0,15.45,S
2021-06-15T10:23:19,1500.0,15.45,S
2021-06-15T10:23:18,3000.0,15.5,B
2021-06-15T10:23:15,10000.0,15.4,S
2021-06-15T10:22:59,4000.0,15.4,S
2021-06-15T10:22:28,1700.0,15.4,S
2021-06-15T10:22:27,200.0,15.45,S
2021-06-15T10:22:24,1000.0,15.45,S
2021-06-15T10:22:23,100.0,15.45,S
2021-06-15T10:22:13,3000.0,15.5,B
2021-06-15T10:21:58,600.0,15.45,S
2021-06-15T10:21:31,3500.0,15.45,S
2021-06-15T10:21:30,5900.0,15.45,S
2021-06-15T10:21:24,3000.0,15.5,B
2021-06-15T10:20:35,31200.0,15.5,B
2021-06-15T10:20:26,10000.0,15.5,B
2021-06-15T10:20:19,10500.0,15.45,S
2021-06-15T10:20:14,500.0,15.5,B
2021-06-15T10:20:02,1000.0,15.5,B
2021-06-15T10:20:01,4000.0,15.5,B
2021-06-15T10:20:01,400.0,15.5,B
2021-06-15T10:19:59,2000.0,15.45,S
2021-06-15T10:19:56,2000.0,15.5,B
2021-06-15T10:19:46,5000.0,15.5,B
2021-06-15T10:19:23,1000.0,15.5,B
2021-06-15T10:19:09,1200.0,15.5,B
2021-06-15T10:18:53,1500.0,15.5,B
2021-06-15T10:18:44,200.0,15.45,B
2021-06-15T10:18:39,4000.0,15.45,B
2021-06-15T10:18:35,2000.0,15.5,B
2021-06-15T10:18:34,400.0,15.45,B
2021-06-15T10:18:33,300.0,15.45,B
2021-06-15T10:18:13,76400.0,15.45,B
2021-06-15T10:17:46,1000.0,15.45,B
2021-06-15T10:17:20,32000.0,15.45,B
2021-06-15T10:17:20,4700.0,15.45,B
2021-06-15T10:16:57,100.0,15.45,B
2021-06-15T10:16:22,5000.0,15.4,S
2021-06-15T10:16:19,200.0,15.45,B
2021-06-15T10:16:18,500.0,15.4,S
2021-06-15T10:16:05,2200.0,15.4,S
2021-06-15T10:16:03,1000.0,15.4,S
2021-06-15T10:16:00,100.0,15.4,S
2021-06-15T10:15:55,400.0,15.4,S
2021-06-15T10:15:49,400.0,15.4,S
2021-06-15T10:15:45,19200.0,15.4,B
2021-06-15T10:15:44,800.0,15.4,B
2021-06-15T10:15:33,5000.0,15.4,B
2021-06-15T10:15:33,500.0,15.4,B
2021-06-15T10:15:33,7900.0,15.4,B
2021-06-15T10:15:33,5800.0,15.4,B
2021-06-15T10:15:25,1600.0,15.3,S
2021-06-15T10:15:25,5000.0,15.35,S
2021-06-15T10:15:18,5000.0,15.3,S
2021-06-15T10:15:03,30000.0,15.4,B
2021-06-15T10:15:01,300.0,15.3,S
2021-06-15T10:14:54,4800.0,15.3,S
2021-06-15T10:14:32,700.0,15.3,S
2021-06-15T10:14:19,1000.0,15.3,S
2021-06-15T10:14:18,1000.0,15.3,S
2021-06-15T10:14:15,200.0,15.3,S
2021-06-15T10:14:11,20000.0,15.3,S
2021-06-15T10:13:59,100.0,15.3,S
2021-06-15T10:13:56,10000.0,15.4,B
2021-06-15T10:13:48,1000.0,15.3,S
2021-06-15T10:13:44,100.0,15.4,B
2021-06-15T10:13:38,1000.0,15.3,S
2021-06-15T10:13:38,2000.0,15.3,S
2021-06-15T10:13:25,500.0,15.3,S
2021-06-15T10:13:23,6000.0,15.3,S
2021-06-15T10:13:16,10000.0,15.3,S
2021-06-15T10:13:12,500.0,15.4,B
2021-06-15T10:13:02,2000.0,15.3,S
2021-06-15T10:12:47,7000.0,15.3,S
2021-06-15T10:12:43,1000.0,15.3,S
2021-06-15T10:12:29,1000.0,15.3,S
2021-06-15T10:12:21,7000.0,15.4,B
2021-06-15T10:12:11,10000.0,15.3,S
2021-06-15T10:12:11,2000.0,15.4,B
2021-06-15T10:12:06,4000.0,15.4,B
2021-06-15T10:12:01,3000.0,15.3,S
2021-06-15T10:11:58,10500.0,15.3,S
2021-06-15T10:11:47,3000.0,15.4,B
2021-06-15T10:11:43,700.0,15.4,S
2021-06-15T10:11:43,4500.0,15.4,S
2021-06-15T10:11:43,2000.0,15.4,S
2021-06-15T10:11:42,30600.0,15.4,S
2021-06-15T10:11:42,25100.0,15.4,S
2021-06-15T10:11:42,600.0,15.4,S
2021-06-15T10:11:42,10800.0,15.4,S
2021-06-15T10:11:42,100.0,15.4,S
2021-06-15T10:11:42,2000.0,15.4,S
2021-06-15T10:11:42,3000.0,15.4,S
2021-06-15T10:11:42,1100.0,15.4,S
2021-06-15T10:11:42,70000.0,15.4,S
2021-06-15T10:11:42,53300.0,15.4,S
2021-06-15T10:11:42,48200.0,15.4,S
2021-06-15T10:11:42,21200.0,15.45,S
2021-06-15T10:11:42,20000.0,15.45,S
2021-06-15T10:11:37,1000.0,15.45,S
2021-06-15T10:11:33,10100.0,15.5,B
2021-06-15T10:11:23,10000.0,15.45,S
2021-06-15T10:11:20,100.0,15.5,B
2021-06-15T10:11:13,1000.0,15.45,S
2021-06-15T10:10:53,100.0,15.5,B
2021-06-15T10:10:48,400.0,15.5,B
2021-06-15T10:10:42,1000.0,15.5,B
2021-06-15T10:10:21,26000.0,15.5,S
2021-06-15T10:10:20,200.0,15.55,B
2021-06-15T10:10:14,2500.0,15.55,B
2021-06-15T10:10:13,5000.0,15.5,S
2021-06-15T10:10:08,2100.0,15.5,S
2021-06-15T10:10:08,300.0,15.5,S
2021-06-15T10:10:08,2100.0,15.5,S
2021-06-15T10:10:06,100.0,15.55,B
2021-06-15T10:09:27,1000.0,15.55,B
2021-06-15T10:09:11,4500.0,15.55,B
2021-06-15T10:09:11,10000.0,15.5,S
2021-06-15T10:09:10,5000.0,15.5,S
2021-06-15T10:09:09,500.0,15.55,B
2021-06-15T10:09:02,200.0,15.5,S
2021-06-15T10:08:58,100.0,15.55,B
2021-06-15T10:08:56,1000.0,15.55,B
2021-06-15T10:08:54,4300.0,15.5,S
2021-06-15T10:08:54,5000.0,15.5,S
2021-06-15T10:08:54,25000.0,15.5,S
2021-06-15T10:08:54,15700.0,15.5,S
2021-06-15T10:08:39,200.0,15.55,B
2021-06-15T10:08:39,300.0,15.55,B
2021-06-15T10:08:36,100.0,15.5,S
2021-06-15T10:08:31,4000.0,15.55,B
2021-06-15T10:08:30,7000.0,15.55,B
2021-06-15T10:08:28,5000.0,15.5,S
2021-06-15T10:08:14,25000.0,15.5,S
2021-06-15T10:08:14,2000.0,15.55,S
2021-06-15T10:08:12,2600.0,15.55,S
2021-06-15T10:08:04,300.0,15.55,S
2021-06-15T10:08:02,100.0,15.55,S
2021-06-15T10:07:58,100.0,15.55,S
2021-06-15T10:07:56,6000.0,15.5,S
2021-06-15T10:07:54,5000.0,15.55,S
2021-06-15T10:07:37,500.0,15.55,S
2021-06-15T10:07:35,3000.0,15.55,S
2021-06-15T10:07:33,1800.0,15.55,S
2021-06-15T10:07:30,4500.0,15.6,B
2021-06-15T10:07:25,100.0,15.55,S
2021-06-15T10:07:16,500.0,15.6,B
2021-06-15T10:07:12,11200.0,15.55,B
2021-06-15T10:07:11,500.0,15.55,B
2021-06-15T10:07:11,8000.0,15.55,B
2021-06-15T10:06:55,100.0,15.55,S
2021-06-15T10:06:55,400.0,15.55,S
2021-06-15T10:06:54,15900.0,15.55,S
2021-06-15T10:06:54,1000.0,15.55,S
2021-06-15T10:06:52,300.0,15.55,S
2021-06-15T10:06:51,700.0,15.6,B
2021-06-15T10:06:49,1000.0,15.55,S
2021-06-15T10:06:38,6000.0,15.55,S
2021-06-15T10:06:31,20000.0,15.55,S
2021-06-15T10:06:17,400.0,15.55,S
2021-06-15T10:06:17,3500.0,15.6,B
2021-06-15T10:06:02,900.0,15.6,B
2021-06-15T10:05:38,2100.0,15.6,B
2021-06-15T10:05:26,10000.0,15.6,B
2021-06-15T10:05:12,30000.0,15.6,B
2021-06-15T10:04:54,1000.0,15.6,B
2021-06-15T10:04:49,5000.0,15.6,B
2021-06-15T10:04:47,6200.0,15.6,B
2021-06-15T10:04:31,500.0,15.55,S
2021-06-15T10:04:17,45400.0,15.6,B
2021-06-15T10:04:17,34600.0,15.6,B
2021-06-15T10:04:04,1000.0,15.6,B
2021-06-15T10:03:54,10000.0,15.55,S
2021-06-15T10:03:40,100.0,15.6,B
2021-06-15T10:03:28,100.0,15.6,B
2021-06-15T10:03:16,1000.0,15.6,B
2021-06-15T10:03:15,20000.0,15.55,S
2021-06-15T10:02:54,100.0,15.6,B
2021-06-15T10:02:54,100.0,15.6,B
2021-06-15T10:02:26,2000.0,15.6,B
2021-06-15T10:02:19,100.0,15.6,B
2021-06-15T10:02:14,800.0,15.55,S
2021-06-15T10:02:14,9200.0,15.55,S
2021-06-15T10:01:56,1700.0,15.6,B
2021-06-15T10:01:56,12200.0,15.6,S
2021-06-15T10:01:27,14800.0,15.6,S
2021-06-15T10:01:14,41300.0,15.55,S
2021-06-15T10:01:14,8700.0,15.6,S
2021-06-15T10:01:07,1300.0,15.6,B
2021-06-15T10:00:50,600.0,15.6,B
2021-06-15T10:00:46,1100.0,15.6,B
2021-06-15T10:00:45,2200.0,15.6,B
2021-06-15T10:00:45,12800.0,15.6,B
2021-06-15T10:00:45,3900.0,15.6,B
2021-06-15T10:00:25,100.0,15.6,B
2021-06-15T10:00:21,400.0,15.6,B
2021-06-15T10:00:20,100.0,15.6,B
2021-06-15T10:00:02,200.0,15.6,B
2021-06-15T09:59:45,1000.0,15.6,B
2021-06-15T09:59:32,100.0,15.6,B
2021-06-15T09:59:32,3600.0,15.6,B
2021-06-15T09:59:23,100.0,15.6,B
2021-06-15T09:59:19,5000.0,15.55,S
2021-06-15T09:59:02,2200.0,15.6,B
2021-06-15T09:59:01,2400.0,15.6,B
2021-06-15T09:59:01,7600.0,15.6,B
2021-06-15T09:58:54,100.0,15.6,B
2021-06-15T09:58:48,10000.0,15.6,B
2021-06-15T09:58:39,10400.0,15.6,B
2021-06-15T09:58:37,2000.0,15.55,S
2021-06-15T09:58:34,5000.0,15.55,S
2021-06-15T09:58:12,100.0,15.6,B
2021-06-15T09:58:06,7500.0,15.55,S
2021-06-15T09:57:59,200.0,15.6,S
2021-06-15T09:57:53,2700.0,15.6,S
2021-06-15T09:57:53,5300.0,15.6,S
2021-06-15T09:57:53,5000.0,15.6,S
2021-06-15T09:57:53,4500.0,15.6,S
2021-06-15T09:57:53,4100.0,15.6,S
2021-06-15T09:57:53,10000.0,15.65,B
2021-06-15T09:57:49,20000.0,15.6,S
2021-06-15T09:57:48,200.0,15.6,S
2021-06-15T09:57:43,11500.0,15.6,S
2021-06-15T09:57:23,2000.0,15.6,S
2021-06-15T09:57:14,24000.0,15.6,S
2021-06-15T09:57:14,26000.0,15.6,S
2021-06-15T09:57:03,1000.0,15.65,B
2021-06-15T09:56:33,5000.0,15.65,S
2021-06-15T09:56:27,200.0,15.65,S
2021-06-15T09:56:11,1000.0,15.65,S
2021-06-15T09:56:08,100.0,15.65,S
2021-06-15T09:56:08,33200.0,15.65,S
2021-06-15T09:56:05,5000.0,15.65,S
2021-06-15T09:55:17,10000.0,15.65,S
2021-06-15T09:55:16,10000.0,15.7,B
2021-06-15T09:55:14,2100.0,15.7,B
2021-06-15T09:55:14,400.0,15.7,B
2021-06-15T09:54:40,1000.0,15.65,S
2021-06-15T09:54:40,100.0,15.7,B
2021-06-15T09:54:27,4000.0,15.65,S
2021-06-15T09:54:18,30000.0,15.7,B
2021-06-15T09:54:14,6000.0,15.7,B
2021-06-15T09:54:09,5000.0,15.7,B
2021-06-15T09:54:03,10000.0,15.7,B
2021-06-15T09:53:54,300.0,15.7,B
2021-06-15T09:53:35,200.0,15.7,B
2021-06-15T09:53:26,3000.0,15.7,S
2021-06-15T09:53:24,600.0,15.7,S
2021-06-15T09:53:15,100.0,15.7,S
2021-06-15T09:53:13,200.0,15.7,S
2021-06-15T09:53:13,6300.0,15.7,S
2021-06-15T09:53:07,4500.0,15.7,S
2021-06-15T09:52:57,5500.0,15.7,S
2021-06-15T09:52:54,2000.0,15.7,S
2021-06-15T09:52:49,8400.0,15.7,S
2021-06-15T09:52:46,10000.0,15.7,S
2021-06-15T09:52:45,200.0,15.7,S
2021-06-15T09:52:41,10000.0,15.7,S
2021-06-15T09:52:23,200.0,15.7,S
2021-06-15T09:52:21,1800.0,15.7,S
2021-06-15T09:52:16,10000.0,15.75,B
2021-06-15T09:52:12,3500.0,15.7,S
2021-06-15T09:52:12,6500.0,15.7,S
2021-06-15T09:52:12,2000.0,15.7,S
2021-06-15T09:52:12,4800.0,15.7,S
2021-06-15T09:51:47,300.0,15.7,S
2021-06-15T09:51:37,8800.0,15.75,B
2021-06-15T09:51:35,1900.0,15.7,S
2021-06-15T09:51:34,1000.0,15.7,S
2021-06-15T09:51:28,500.0,15.7,S
2021-06-15T09:51:21,20000.0,15.7,S
2021-06-15T09:51:21,10000.0,15.7,S
2021-06-15T09:50:08,800.0,15.7,S
2021-06-15T09:50:00,500.0,15.75,S
2021-06-15T09:49:53,2000.0,15.7,S
2021-06-15T09:49:50,400.0,15.75,S
2021-06-15T09:49:40,20000.0,15.75,S
2021-06-15T09:49:38,10000.0,15.7,S
2021-06-15T09:49:35,7000.0,15.7,S
2021-06-15T09:49:34,10000.0,15.75,S
2021-06-15T09:49:32,1000.0,15.75,S
2021-06-15T09:49:18,3000.0,15.7,S
2021-06-15T09:49:15,18000.0,15.7,S
2021-06-15T09:48:46,300.0,15.8,B
2021-06-15T09:48:44,2500.0,15.7,S
2021-06-15T09:48:43,9000.0,15.75,S
2021-06-15T09:48:39,1000.0,15.8,B
2021-06-15T09:48:36,500.0,15.75,S
2021-06-15T09:48:25,500.0,15.75,S
2021-06-15T09:48:24,1000.0,15.8,B
2021-06-15T09:48:23,6000.0,15.75,S
2021-06-15T09:48:21,800.0,15.75,S
2021-06-15T09:48:21,500.0,15.75,S
2021-06-15T09:48:20,6200.0,15.75,S
2021-06-15T09:48:18,12000.0,15.75,S
2021-06-15T09:48:04,9000.0,15.75,S
2021-06-15T09:48:01,4800.0,15.75,S
2021-06-15T09:47:59,500.0,15.75,S
2021-06-15T09:47:56,200.0,15.8,B
2021-06-15T09:47:56,1100.0,15.8,B
2021-06-15T09:47:48,7400.0,15.75,S
2021-06-15T09:47:48,2900.0,15.75,S
2021-06-15T09:47:48,15800.0,15.75,S
2021-06-15T09:47:29,19000.0,15.75,S
2021-06-15T09:47:25,400.0,15.8,B
2021-06-15T09:47:18,5100.0,15.8,B
2021-06-15T09:46:58,100.0,15.75,S
2021-06-15T09:46:46,400.0,15.8,B
2021-06-15T09:46:34,500.0,15.8,B
2021-06-15T09:46:09,1000.0,15.8,B
2021-06-15T09:45:57,2000.0,15.75,S
2021-06-15T09:45:39,7200.0,15.75,S
2021-06-15T09:45:39,2800.0,15.75,S
2021-06-15T09:45:13,3000.0,15.8,B
2021-06-15T09:44:59,1100.0,15.75,S
2021-06-15T09:44:40,200.0,15.8,B
2021-06-15T09:44:29,300.0,15.8,B
2021-06-15T09:44:25,100.0,15.75,S
2021-06-15T09:44:13,300.0,15.8,B
2021-06-15T09:44:02,2000.0,15.75,B
2021-06-15T09:43:49,200.0,15.8,B
2021-06-15T09:43:44,1100.0,15.75,B
2021-06-15T09:43:44,3400.0,15.75,B
2021-06-15T09:43:24,2600.0,15.75,B
2021-06-15T09:43:24,400.0,15.75,B
2021-06-15T09:43:21,10000.0,15.75,B
2021-06-15T09:43:08,5400.0,15.75,B
2021-06-15T09:43:05,1200.0,15.75,B
2021-06-15T09:43:05,800.0,15.75,B
2021-06-15T09:42:59,500.0,15.75,B
2021-06-15T09:42:53,100.0,15.75,S
2021-06-15T09:42:35,1000.0,15.75,S
2021-06-15T09:42:34,1900.0,15.75,S
2021-06-15T09:42:29,800.0,15.75,S
2021-06-15T09:42:29,2300.0,15.75,S
2021-06-15T09:42:24,9000.0,15.75,S
2021-06-15T09:42:09,100.0,15.75,S
2021-06-15T09:41:59,4000.0,15.75,S
2021-06-15T09:41:44,20000.0,15.75,S
2021-06-15T09:41:19,200.0,15.8,B
2021-06-15T09:41:15,1000.0,15.75,S
2021-06-15T09:41:04,500.0,15.75,S
2021-06-15T09:41:03,4000.0,15.75,S
2021-06-15T09:41:01,9000.0,15.75,S
2021-06-15T09:40:28,1000.0,15.75,S
2021-06-15T09:40:14,100.0,15.75,S
2021-06-15T09:40:13,6000.0,15.75,S
2021-06-15T09:40:12,100.0,15.8,B
2021-06-15T09:39:59,3200.0,15.75,S
2021-06-15T09:39:52,100.0,15.75,S
2021-06-15T09:39:47,6800.0,15.75,S
2021-06-15T09:39:46,200.0,15.8,B
2021-06-15T09:39:46,20000.0,15.75,S
2021-06-15T09:39:30,9000.0,15.75,S
2021-06-15T09:39:24,100.0,15.75,S
2021-06-15T09:39:16,4000.0,15.8,B
2021-06-15T09:39:13,100.0,15.75,B
2021-06-15T09:39:07,6000.0,15.7,S
2021-06-15T09:39:05,6000.0,15.7,S
2021-06-15T09:39:05,500.0,15.8,B
2021-06-15T09:38:58,50000.0,15.8,B
2021-06-15T09:38:56,19600.0,15.75,B
2021-06-15T09:38:41,10000.0,15.75,B
2021-06-15T09:38:32,1000.0,15.75,B
2021-06-15T09:38:30,100.0,15.75,B
2021-06-15T09:38:26,800.0,15.75,B
2021-06-15T09:38:24,400.0,15.75,B
2021-06-15T09:38:20,20000.0,15.7,S
2021-06-15T09:38:16,3800.0,15.7,S
2021-06-15T09:38:10,10000.0,15.75,B
2021-06-15T09:38:04,17000.0,15.75,B
2021-06-15T09:38:00,20000.0,15.75,B
2021-06-15T09:37:59,3500.0,15.75,B
2021-06-15T09:37:54,8000.0,15.7,S
2021-06-15T09:37:47,2000.0,15.75,B
2021-06-15T09:37:38,3500.0,15.75,B
2021-06-15T09:37:37,6500.0,15.75,B
2021-06-15T09:37:36,12000.0,15.7,S
2021-06-15T09:37:35,200.0,15.75,B
2021-06-15T09:37:35,100.0,15.7,S
2021-06-15T09:37:27,5200.0,15.75,B
2021-06-15T09:37:17,6000.0,15.7,S
2021-06-15T09:37:15,100.0,15.75,B
2021-06-15T09:37:15,1000.0,15.75,B
2021-06-15T09:37:05,900.0,15.75,B
2021-06-15T09:37:03,100.0,15.7,S
2021-06-15T09:36:58,3600.0,15.75,B
2021-06-15T09:36:51,2400.0,15.75,B
2021-06-15T09:36:47,3500.0,15.7,S
2021-06-15T09:36:39,5000.0,15.7,S
2021-06-15T09:36:37,2500.0,15.7,S
2021-06-15T09:36:34,100.0,15.7,S
2021-06-15T09:36:07,400.0,15.75,B
2021-06-15T09:36:06,10000.0,15.7,S
2021-06-15T09:35:50,6000.0,15.7,S
2021-06-15T09:35:47,11700.0,15.75,B
2021-06-15T09:35:47,1400.0,15.75,B
2021-06-15T09:35:47,700.0,15.75,B
2021-06-15T09:35:45,1700.0,15.75,B
2021-06-15T09:35:42,1000.0,15.7,S
2021-06-15T09:35:42,500.0,15.7,S
2021-06-15T09:35:42,5000.0,15.7,S
2021-06-15T09:35:37,1000.0,15.7,S
2021-06-15T09:35:34,8000.0,15.7,S
2021-06-15T09:35:25,400.0,15.7,S
2021-06-15T09:35:19,12000.0,15.7,S
2021-06-15T09:35:16,5800.0,15.75,B
2021-06-15T09:35:06,400.0,15.7,B
2021-06-15T09:35:05,300.0,15.75,B
2021-06-15T09:34:52,100.0,15.7,B
2021-06-15T09:34:51,500.0,15.7,B
2021-06-15T09:34:44,100.0,15.75,B
2021-06-15T09:34:39,1000.0,15.7,B
2021-06-15T09:34:12,9000.0,15.7,B
2021-06-15T09:34:09,300.0,15.75,B
2021-06-15T09:33:58,1000.0,15.7,B
2021-06-15T09:33:57,7000.0,15.7,B
2021-06-15T09:33:50,8000.0,15.7,B
2021-06-15T09:33:31,100.0,15.75,B
2021-06-15T09:33:22,500.0,15.7,B
2021-06-15T09:33:12,2000.0,15.7,B
2021-06-15T09:33:08,6400.0,15.7,B
2021-06-15T09:33:07,2600.0,15.7,B
2021-06-15T09:32:59,2200.0,15.65,B
2021-06-15T09:32:59,3100.0,15.75,B
2021-06-15T09:32:59,700.0,15.7,B
2021-06-15T09:32:54,19300.0,15.7,B
2021-06-15T09:32:54,5100.0,15.7,B
2021-06-15T09:32:54,18700.0,15.7,B
2021-06-15T09:32:54,6900.0,15.7,B
2021-06-15T09:32:54,1000.0,15.7,B
2021-06-15T09:32:48,10000.0,15.7,B
2021-06-15T09:32:46,500.0,15.7,B
2021-06-15T09:32:36,1000.0,15.7,B
2021-06-15T09:32:29,9000.0,15.65,B
2021-06-15T09:32:07,200.0,15.7,B
2021-06-15T09:32:04,100.0,15.65,B
2021-06-15T09:32:03,20300.0,15.65,B
2021-06-15T09:31:59,3000.0,15.6,S
2021-06-15T09:31:59,600.0,15.65,B
2021-06-15T09:31:55,4600.0,15.6,S
2021-06-15T09:31:51,1800.0,15.65,B
2021-06-15T09:31:49,500.0,15.65,B
2021-06-15T09:31:49,3000.0,15.65,B
2021-06-15T09:31:44,5000.0,15.65,B
2021-06-15T09:31:35,2200.0,15.65,B
2021-06-15T09:31:33,1200.0,15.65,B
2021-06-15T09:31:22,25000.0,15.6,S
2021-06-15T09:31:20,25000.0,15.6,S
2021-06-15T09:31:19,100.0,15.65,B
2021-06-15T09:31:19,500.0,15.65,B
2021-06-15T09:31:18,10000.0,15.6,S
2021-06-15T09:31:09,25000.0,15.6,S
2021-06-15T09:30:57,100.0,15.6,S
2021-06-15T09:30:57,100.0,15.6,S
2021-06-15T09:30:47,1700.0,15.6,B
2021-06-15T09:30:46,3500.0,15.6,B
2021-06-15T09:30:40,13800.0,15.6,B
2021-06-15T09:30:33,5000.0,15.6,B
2021-06-15T09:30:20,2000.0,15.6,B
2021-06-15T09:30:15,100.0,15.6,B
2021-06-15T09:30:10,7100.0,15.6,B
2021-06-15T09:30:02,7200.0,15.6,B
2021-06-15T09:29:51,1000.0,15.6,B
2021-06-15T09:29:46,50000.0,15.6,B
2021-06-15T09:29:43,1000.0,15.6,B
2021-06-15T09:29:37,2000.0,15.6,B
2021-06-15T09:29:30,1000.0,15.6,B
2021-06-15T09:29:30,2000.0,15.6,B
2021-06-15T09:29:30,4100.0,15.6,B
2021-06-15T09:29:30,1600.0,15.6,B
2021-06-15T09:29:30,1300.0,15.6,B
2021-06-15T09:29:12,1000.0,15.6,B
2021-06-15T09:29:11,10000.0,15.55,B
2021-06-15T09:29:04,1000.0,15.6,B
2021-06-15T09:29:03,500.0,15.55,B
2021-06-15T09:28:57,1000.0,15.6,B
2021-06-15T09:28:32,200.0,15.6,B
2021-06-15T09:28:26,2100.0,15.55,B
2021-06-15T09:28:25,7900.0,15.55,B
2021-06-15T09:28:15,300.0,15.55,B
2021-06-15T09:28:15,500.0,15.55,B
2021-06-15T09:28:11,9700.0,15.5,S
2021-06-15T09:28:11,2000.0,15.5,S
2021-06-15T09:28:10,4200.0,15.55,B
2021-06-15T09:28:10,5800.0,15.55,B
2021-06-15T09:28:02,2000.0,15.55,B
2021-06-15T09:27:58,5000.0,15.5,S
2021-06-15T09:27:56,1000.0,15.55,B
2021-06-15T09:27:47,5000.0,15.5,S
2021-06-15T09:27:38,1000.0,15.55,B
2021-06-15T09:27:30,2600.0,15.5,S
2021-06-15T09:27:19,900.0,15.55,B
2021-06-15T09:27:11,10000.0,15.6,B
2021-06-15T09:27:09,700.0,15.55,B
2021-06-15T09:27:04,5000.0,15.5,S
2021-06-15T09:27:03,10000.0,15.5,S
2021-06-15T09:27:02,1000.0,15.55,B
2021-06-15T09:27:01,2000.0,15.55,B
2021-06-15T09:26:58,1500.0,15.55,B
2021-06-15T09:26:49,10000.0,15.55,B
2021-06-15T09:26:19,200.0,15.55,B
2021-06-15T09:26:07,1000.0,15.55,S
2021-06-15T09:26:06,2900.0,15.55,S
2021-06-15T09:26:06,1500.0,15.55,S
2021-06-15T09:26:00,100.0,15.6,B
2021-06-15T09:25:53,1100.0,15.55,S
2021-06-15T09:25:43,800.0,15.6,B
2021-06-15T09:25:43,10000.0,15.6,B
2021-06-15T09:25:42,11100.0,15.5,S
2021-06-15T09:25:42,4800.0,15.5,S
2021-06-15T09:25:42,6100.0,15.55,S
2021-06-15T09:25:40,4000.0,15.6,B
2021-06-15T09:25:36,100.0,15.6,B
2021-06-15T09:25:30,2000.0,15.55,S
2021-06-15T09:25:27,4000.0,15.55,S
2021-06-15T09:24:47,5000.0,15.6,B
2021-06-15T09:24:45,7100.0,15.6,B
2021-06-15T09:24:34,1000.0,15.6,S
2021-06-15T09:24:29,1900.0,15.6,S
2021-06-15T09:24:29,3100.0,15.6,S
2021-06-15T09:24:19,2000.0,15.65,B
2021-06-15T09:24:18,300.0,15.65,B
2021-06-15T09:24:12,10500.0,15.6,S
2021-06-15T09:24:10,1000.0,15.6,S
2021-06-15T09:24:06,300.0,15.6,S
2021-06-15T09:24:03,9800.0,15.6,S
2021-06-15T09:24:03,200.0,15.6,S
2021-06-15T09:23:59,1000.0,15.6,S
2021-06-15T09:23:55,1000.0,15.6,S
2021-06-15T09:23:55,2000.0,15.65,B
2021-06-15T09:23:16,1000.0,15.6,S
2021-06-15T09:22:45,500.0,15.6,S
2021-06-15T09:22:22,1000.0,15.6,S
2021-06-15T09:22:19,1000.0,15.7,B
2021-06-15T09:22:16,200.0,15.6,S
2021-06-15T09:22:05,1800.0,15.6,S
2021-06-15T09:22:04,5300.0,15.6,S
2021-06-15T09:21:58,100.0,15.7,B
2021-06-15T09:21:57,1000.0,15.6,S
2021-06-15T09:21:47,5000.0,15.6,S
2021-06-15T09:21:45,5000.0,15.7,B
2021-06-15T09:21:40,8800.0,15.6,B
2021-06-15T09:21:38,200.0,15.6,B
2021-06-15T09:21:14,3100.0,15.65,S
2021-06-15T09:21:06,400.0,15.6,S
2021-06-15T09:20:58,20000.0,15.6,S
2021-06-15T09:20:58,10000.0,15.7,B
2021-06-15T09:20:56,4000.0,15.6,S
2021-06-15T09:20:53,3000.0,15.6,S
2021-06-15T09:20:52,200.0,15.65,S
2021-06-15T09:20:38,11800.0,15.6,S
2021-06-15T09:20:28,8200.0,15.6,S
2021-06-15T09:20:26,10000.0,15.7,B
2021-06-15T09:20:07,1000.0,15.6,S
2021-06-15T09:20:04,300.0,15.6,S
2021-06-15T09:20:03,20000.0,15.7,B
2021-06-15T09:19:58,600.0,15.65,S
2021-06-15T09:19:57,1000.0,15.6,S
2021-06-15T09:19:52,1000.0,15.6,S
2021-06-15T09:19:43,4000.0,15.55,S
2021-06-15T09:19:43,1000.0,15.6,S
2021-06-15T09:19:43,5000.0,15.6,S
2021-06-15T09:19:42,500.0,15.7,B
2021-06-15T09:19:31,7000.0,15.6,S
2021-06-15T09:19:27,1000.0,15.6,S
2021-06-15T09:19:17,4500.0,15.7,B
2021-06-15T09:19:07,200.0,15.7,B
2021-06-15T09:19:07,2800.0,15.7,B
2021-06-15T09:19:07,4400.0,15.7,B
2021-06-15T09:19:07,2200.0,15.6,S
2021-06-15T09:19:07,20400.0,15.6,S
2021-06-15T09:18:52,100.0,15.6,S
2021-06-15T09:18:41,400.0,15.6,S
2021-06-15T09:18:36,4100.0,15.6,S
2021-06-15T09:18:31,5700.0,15.6,S
2021-06-15T09:18:31,10100.0,15.6,S
2021-06-15T09:18:22,7700.0,15.7,B
2021-06-15T09:18:18,2000.0,15.7,B
2021-06-15T09:18:09,4000.0,15.6,S
2021-06-15T09:18:01,100.0,15.7,B
2021-06-15T09:17:58,1000.0,15.7,B
2021-06-15T09:17:50,500.0,15.7,B
2021-06-15T09:17:46,100.0,15.7,B
2021-06-15T09:17:39,2000.0,15.7,B
2021-06-15T09:17:38,300.0,15.6,S
2021-06-15T09:17:37,100.0,15.7,B
2021-06-15T09:17:33,100.0,15.7,B
2021-06-15T09:17:24,2600.0,15.7,B
2021-06-15T09:16:29,3000.0,15.7,B
2021-06-15T09:16:27,13500.0,15.7,B
2021-06-15T09:16:20,500.0,15.7,B
2021-06-15T09:16:16,100.0,15.6,S
2021-06-15T09:16:07,500.0,15.7,B
2021-06-15T09:15:58,300.0,15.6,S
2021-06-15T09:15:52,2000.0,15.6,S
2021-06-15T09:15:44,20000.0,15.6,S
2021-06-15T09:15:42,3000.0,15.6,S
2021-06-15T09:15:41,1000.0,15.7,B
2021-06-15T09:15:35,400.0,15.6,S
2021-06-15T09:15:35,1500.0,15.6,S
