tradingTime,volume,price,side
2021-06-15T14:25:29,500.0,31.8,S
2021-06-15T14:20:06,1000.0,31.8,S
2021-06-15T14:18:57,800.0,31.8,S
2021-06-15T14:17:23,100.0,31.8,S
2021-06-15T14:16:34,200.0,31.8,S
2021-06-15T14:15:57,200.0,31.8,S
2021-06-15T14:15:52,100.0,31.8,S
2021-06-15T14:15:36,7100.0,31.8,S
2021-06-15T14:15:36,100.0,31.8,S
2021-06-15T14:15:36,1500.0,31.8,S
2021-06-15T14:15:36,4300.0,31.8,S
2021-06-15T14:15:36,100.0,31.8,S
2021-06-15T14:15:35,1300.0,31.8,S
2021-06-15T14:15:35,5600.0,31.8,S
2021-06-15T14:15:33,1000.0,31.8,S
2021-06-15T14:15:30,300.0,31.8,S
2021-06-15T14:15:13,2500.0,31.8,S
2021-06-15T14:14:59,42200.0,31.8,S
2021-06-15T14:14:59,2300.0,31.8,S
2021-06-15T14:14:59,500.0,31.8,S
2021-06-15T14:14:59,13700.0,31.8,S
2021-06-15T14:14:59,14700.0,31.8,S
2021-06-15T14:14:59,1500.0,31.8,S
2021-06-15T14:14:58,8200.0,31.8,S
2021-06-15T14:14:58,4000.0,31.8,S
2021-06-15T14:14:58,5700.0,31.8,S
2021-06-15T14:14:58,1000.0,31.8,S
2021-06-15T14:14:58,300.0,31.8,S
2021-06-15T14:14:58,200.0,31.8,S
2021-06-15T14:14:58,500.0,31.8,S
2021-06-15T14:14:58,12000.0,31.8,S
2021-06-15T14:14:58,19300.0,31.8,S
2021-06-15T14:14:58,2000.0,31.8,S
2021-06-15T14:14:58,1000.0,31.8,S
2021-06-15T14:14:58,400.0,31.8,S
2021-06-15T14:14:58,1100.0,31.8,S
2021-06-15T14:14:58,2700.0,31.8,S
2021-06-15T14:14:58,1000.0,31.8,S
2021-06-15T14:14:58,5200.0,31.8,S
2021-06-15T14:14:58,7900.0,31.8,S
2021-06-15T14:14:58,10600.0,31.8,S
2021-06-15T14:14:45,400.0,31.8,S
2021-06-15T14:14:42,700.0,31.8,S
2021-06-15T14:14:23,300.0,31.8,S
2021-06-15T14:14:20,3500.0,31.8,S
2021-06-15T14:14:13,100.0,31.8,S
2021-06-15T14:14:06,100.0,31.8,S
2021-06-15T14:13:53,6300.0,31.8,S
2021-06-15T14:13:53,2500.0,31.8,S
2021-06-15T14:13:34,600.0,31.8,S
2021-06-15T14:13:34,1400.0,31.8,S
2021-06-15T14:13:30,1200.0,31.8,S
2021-06-15T14:13:28,2100.0,31.8,S
2021-06-15T14:13:28,600.0,31.8,S
2021-06-15T14:13:28,2300.0,31.8,S
2021-06-15T14:13:04,100.0,31.8,S
2021-06-15T14:13:03,400.0,31.8,S
2021-06-15T14:13:01,10000.0,31.8,S
2021-06-15T14:12:46,500.0,31.8,S
2021-06-15T14:12:39,700.0,31.8,S
2021-06-15T14:12:29,100.0,31.8,S
2021-06-15T14:12:14,300.0,31.8,S
2021-06-15T14:12:05,200.0,31.8,S
2021-06-15T14:11:40,300.0,31.8,S
2021-06-15T14:11:36,100.0,31.8,S
2021-06-15T14:11:35,300.0,31.8,S
2021-06-15T14:10:44,500.0,31.8,S
2021-06-15T14:10:43,1500.0,31.8,S
2021-06-15T14:10:37,100.0,31.8,S
2021-06-15T14:10:34,5000.0,31.8,S
2021-06-15T14:10:33,1000.0,31.8,S
2021-06-15T14:10:20,300.0,31.8,S
2021-06-15T14:10:18,800.0,31.8,S
2021-06-15T14:10:18,100.0,31.8,S
2021-06-15T14:10:18,100.0,31.8,S
2021-06-15T14:10:07,100.0,31.8,S
2021-06-15T14:09:49,500.0,31.8,S
2021-06-15T14:09:48,2100.0,31.8,S
2021-06-15T14:09:47,6000.0,31.8,S
2021-06-15T14:09:47,6900.0,31.8,S
2021-06-15T14:09:14,1000.0,31.8,S
2021-06-15T14:08:31,800.0,31.8,S
2021-06-15T14:08:29,400.0,31.8,S
2021-06-15T14:08:26,300.0,31.8,S
2021-06-15T14:08:22,300.0,31.8,S
2021-06-15T14:08:02,100.0,31.8,S
2021-06-15T14:07:31,300.0,31.8,S
2021-06-15T14:07:30,3000.0,31.8,S
2021-06-15T14:07:25,200.0,31.8,S
2021-06-15T14:07:22,500.0,31.8,S
2021-06-15T14:07:09,2000.0,31.8,S
2021-06-15T14:06:59,100.0,31.8,S
2021-06-15T14:06:50,400.0,31.8,S
2021-06-15T14:06:35,1000.0,31.8,S
2021-06-15T14:06:31,500.0,31.8,S
2021-06-15T14:06:12,100.0,31.8,S
2021-06-15T14:06:00,1000.0,31.8,S
2021-06-15T14:05:59,1000.0,31.8,S
2021-06-15T14:05:56,100.0,31.8,S
2021-06-15T14:05:45,500.0,31.8,S
2021-06-15T14:05:40,100.0,31.8,S
2021-06-15T14:05:35,300.0,31.8,S
2021-06-15T14:05:34,1000.0,31.8,S
2021-06-15T14:05:19,100.0,31.8,S
2021-06-15T14:05:02,1000.0,31.8,S
2021-06-15T14:04:59,1200.0,31.8,S
2021-06-15T14:04:55,1000.0,31.8,S
2021-06-15T14:04:47,100.0,31.8,S
2021-06-15T14:04:46,800.0,31.8,S
2021-06-15T14:04:19,100.0,31.8,S
2021-06-15T14:04:14,100.0,31.8,S
2021-06-15T14:04:09,500.0,31.8,S
2021-06-15T14:04:01,1000.0,31.8,S
2021-06-15T14:03:57,100.0,31.8,S
2021-06-15T14:03:54,200.0,31.8,S
2021-06-15T14:03:49,300.0,31.8,S
2021-06-15T14:03:31,500.0,31.8,S
2021-06-15T14:03:08,2300.0,31.8,S
2021-06-15T14:02:50,500.0,31.8,S
2021-06-15T14:02:24,100.0,31.8,S
2021-06-15T14:02:20,1000.0,31.8,S
2021-06-15T14:02:15,11600.0,31.8,S
2021-06-15T14:02:15,100.0,31.8,S
2021-06-15T14:02:15,15300.0,31.8,S
2021-06-15T14:02:15,18400.0,31.8,S
2021-06-15T14:02:15,2000.0,31.8,S
2021-06-15T14:02:14,2600.0,31.8,S
2021-06-15T14:02:11,11000.0,31.8,S
2021-06-15T14:01:55,500.0,31.8,S
2021-06-15T14:01:47,200.0,31.8,S
2021-06-15T14:01:32,900.0,31.8,S
2021-06-15T14:01:32,6300.0,31.8,S
2021-06-15T14:01:32,5000.0,31.8,S
2021-06-15T14:01:32,5300.0,31.8,S
2021-06-15T14:01:31,2500.0,31.8,S
2021-06-15T14:01:22,500.0,31.8,S
2021-06-15T14:01:18,1000.0,31.8,S
2021-06-15T14:01:08,100.0,31.8,S
2021-06-15T14:00:58,800.0,31.8,S
2021-06-15T14:00:39,1000.0,31.8,S
2021-06-15T14:00:35,200.0,31.8,S
2021-06-15T13:59:55,2000.0,31.8,S
2021-06-15T13:59:52,100.0,31.8,S
2021-06-15T13:59:46,1000.0,31.8,S
2021-06-15T13:59:32,1000.0,31.8,S
2021-06-15T13:59:32,100.0,31.8,S
2021-06-15T13:59:31,1000.0,31.8,S
2021-06-15T13:59:28,100.0,31.8,S
2021-06-15T13:59:17,10300.0,31.8,S
2021-06-15T13:59:16,8700.0,31.8,S
2021-06-15T13:59:16,22300.0,31.8,S
2021-06-15T13:59:16,1900.0,31.8,S
2021-06-15T13:59:16,200.0,31.8,S
2021-06-15T13:59:16,1100.0,31.8,S
2021-06-15T13:59:16,5500.0,31.8,S
2021-06-15T13:58:55,400.0,31.8,S
2021-06-15T13:58:48,100.0,31.8,S
2021-06-15T13:58:42,3000.0,31.8,S
2021-06-15T13:58:33,100.0,31.8,S
2021-06-15T13:58:26,100.0,31.8,S
2021-06-15T13:58:25,2000.0,31.8,S
2021-06-15T13:58:23,1000.0,31.8,S
2021-06-15T13:58:16,300.0,31.8,S
2021-06-15T13:58:09,800.0,31.8,S
2021-06-15T13:57:58,2000.0,31.8,S
2021-06-15T13:57:57,300.0,31.8,S
2021-06-15T13:57:39,1000.0,31.8,S
2021-06-15T13:57:28,4000.0,31.8,S
2021-06-15T13:57:21,4300.0,31.8,S
2021-06-15T13:57:21,3300.0,31.8,S
2021-06-15T13:57:02,1800.0,31.8,S
2021-06-15T13:57:01,3200.0,31.8,S
2021-06-15T13:56:52,700.0,31.8,S
2021-06-15T13:56:34,1000.0,31.8,S
2021-06-15T13:56:11,2000.0,31.8,S
2021-06-15T13:56:01,2000.0,31.8,S
2021-06-15T13:55:44,200.0,31.8,S
2021-06-15T13:55:34,6000.0,31.8,S
2021-06-15T13:55:34,300.0,31.8,S
2021-06-15T13:55:29,500.0,31.8,S
2021-06-15T13:54:55,1000.0,31.8,S
2021-06-15T13:54:48,6000.0,31.8,S
2021-06-15T13:54:48,1000.0,31.8,S
2021-06-15T13:54:48,3000.0,31.8,S
2021-06-15T13:54:45,200.0,31.8,S
2021-06-15T13:54:35,500.0,31.8,S
2021-06-15T13:54:33,100.0,31.8,S
2021-06-15T13:54:31,1000.0,31.8,S
2021-06-15T13:54:28,500.0,31.8,S
2021-06-15T13:54:16,200.0,31.8,S
2021-06-15T13:54:08,1000.0,31.8,S
2021-06-15T13:54:08,500.0,31.8,S
2021-06-15T13:53:58,100.0,31.8,S
2021-06-15T13:53:54,200.0,31.8,S
2021-06-15T13:53:20,500.0,31.8,S
2021-06-15T13:53:15,500.0,31.8,S
2021-06-15T13:53:15,4500.0,31.8,S
2021-06-15T13:53:08,3000.0,31.8,S
2021-06-15T13:53:08,800.0,31.8,S
2021-06-15T13:53:07,400.0,31.8,S
2021-06-15T13:53:00,500.0,31.8,S
2021-06-15T13:53:00,100.0,31.8,S
2021-06-15T13:53:00,200.0,31.8,S
2021-06-15T13:52:54,200.0,31.8,S
2021-06-15T13:52:51,500.0,31.8,S
2021-06-15T13:52:46,500.0,31.8,S
2021-06-15T13:52:41,6000.0,31.8,S
2021-06-15T13:52:39,300.0,31.8,S
2021-06-15T13:52:38,100.0,31.8,S
2021-06-15T13:52:24,100.0,31.8,S
2021-06-15T13:52:19,1500.0,31.8,S
2021-06-15T13:52:04,200.0,31.8,S
2021-06-15T13:52:00,200.0,31.8,S
2021-06-15T13:51:55,1000.0,31.8,S
2021-06-15T13:51:54,100.0,31.8,S
2021-06-15T13:51:48,100.0,31.8,S
2021-06-15T13:51:01,3000.0,31.8,S
2021-06-15T13:50:56,100.0,31.8,S
2021-06-15T13:50:32,200.0,31.8,S
2021-06-15T13:50:21,200.0,31.8,S
2021-06-15T13:50:04,100.0,31.8,S
2021-06-15T13:49:46,100.0,31.8,S
2021-06-15T13:49:24,2000.0,31.8,S
2021-06-15T13:49:03,200.0,31.8,S
2021-06-15T13:48:56,1000.0,31.8,S
2021-06-15T13:48:52,100.0,31.8,S
2021-06-15T13:48:50,100.0,31.8,S
2021-06-15T13:48:50,1000.0,31.8,S
2021-06-15T13:48:42,700.0,31.8,S
2021-06-15T13:48:33,300.0,31.8,S
2021-06-15T13:48:27,1000.0,31.8,S
2021-06-15T13:48:15,800.0,31.8,S
2021-06-15T13:48:10,100.0,31.8,S
2021-06-15T13:47:56,100.0,31.8,S
2021-06-15T13:47:25,1000.0,31.8,S
2021-06-15T13:47:19,2000.0,31.8,S
2021-06-15T13:47:13,200.0,31.8,S
2021-06-15T13:47:05,1000.0,31.8,S
2021-06-15T13:47:03,100.0,31.8,S
2021-06-15T13:47:02,500.0,31.8,S
2021-06-15T13:47:01,1100.0,31.8,S
2021-06-15T13:46:59,500.0,31.8,S
2021-06-15T13:46:58,400.0,31.8,S
2021-06-15T13:46:52,200.0,31.8,S
2021-06-15T13:46:49,300.0,31.8,S
2021-06-15T13:46:45,100.0,31.8,S
2021-06-15T13:46:33,100.0,31.8,S
2021-06-15T13:46:29,2200.0,31.8,S
2021-06-15T13:46:07,500.0,31.8,S
2021-06-15T13:45:51,300.0,31.8,S
2021-06-15T13:45:45,100.0,31.8,S
2021-06-15T13:45:34,400.0,31.8,S
2021-06-15T13:45:29,300.0,31.8,S
2021-06-15T13:44:55,200.0,31.8,S
2021-06-15T13:44:50,100.0,31.8,S
2021-06-15T13:44:43,100.0,31.8,S
2021-06-15T13:44:41,500.0,31.8,S
2021-06-15T13:44:32,200.0,31.8,S
2021-06-15T13:44:29,1000.0,31.8,S
2021-06-15T13:44:16,500.0,31.8,S
2021-06-15T13:44:03,1000.0,31.8,S
2021-06-15T13:43:50,1200.0,31.8,S
2021-06-15T13:43:28,100.0,31.8,S
2021-06-15T13:43:20,1000.0,31.8,S
2021-06-15T13:43:11,100.0,31.8,S
2021-06-15T13:42:56,500.0,31.8,S
2021-06-15T13:42:50,500.0,31.8,S
2021-06-15T13:42:48,300.0,31.8,S
2021-06-15T13:42:34,1600.0,31.8,S
2021-06-15T13:42:33,1400.0,31.8,S
2021-06-15T13:42:25,500.0,31.8,S
2021-06-15T13:42:24,300.0,31.8,S
2021-06-15T13:42:01,800.0,31.8,S
2021-06-15T13:41:58,100.0,31.8,S
2021-06-15T13:41:58,200.0,31.8,S
2021-06-15T13:41:57,1000.0,31.8,S
2021-06-15T13:41:36,2000.0,31.8,S
2021-06-15T13:41:23,2100.0,31.8,S
2021-06-15T13:41:17,200.0,31.8,S
2021-06-15T13:41:10,1500.0,31.8,S
2021-06-15T13:41:01,100.0,31.8,S
2021-06-15T13:40:56,200.0,31.8,S
2021-06-15T13:40:54,200.0,31.8,S
2021-06-15T13:40:36,500.0,31.8,S
2021-06-15T13:40:33,500.0,31.8,S
2021-06-15T13:40:27,100.0,31.8,S
2021-06-15T13:40:03,1000.0,31.8,S
2021-06-15T13:39:54,100.0,31.8,S
2021-06-15T13:39:50,100.0,31.8,S
2021-06-15T13:39:27,500.0,31.8,S
2021-06-15T13:39:15,1200.0,31.8,S
2021-06-15T13:39:09,700.0,31.8,S
2021-06-15T13:39:08,300.0,31.8,S
2021-06-15T13:38:38,600.0,31.8,S
2021-06-15T13:38:28,5000.0,31.8,S
2021-06-15T13:38:06,200.0,31.8,S
2021-06-15T13:37:54,100.0,31.8,S
2021-06-15T13:37:47,100.0,31.8,S
2021-06-15T13:37:44,100.0,31.8,S
2021-06-15T13:37:27,100.0,31.8,S
2021-06-15T13:37:26,100.0,31.8,S
2021-06-15T13:37:23,1000.0,31.8,S
2021-06-15T13:37:14,500.0,31.8,S
2021-06-15T13:37:12,1000.0,31.8,S
2021-06-15T13:36:42,200.0,31.8,S
2021-06-15T13:36:38,500.0,31.8,S
2021-06-15T13:36:36,100.0,31.8,S
2021-06-15T13:36:32,300.0,31.8,S
2021-06-15T13:36:23,200.0,31.8,S
2021-06-15T13:36:22,200.0,31.8,S
2021-06-15T13:36:17,100.0,31.8,S
2021-06-15T13:35:58,200.0,31.8,S
2021-06-15T13:35:50,100.0,31.8,S
2021-06-15T13:35:33,100.0,31.8,S
2021-06-15T13:35:33,500.0,31.8,S
2021-06-15T13:35:28,100.0,31.8,S
2021-06-15T13:35:04,200.0,31.8,S
2021-06-15T13:34:14,100.0,31.8,S
2021-06-15T13:34:09,200.0,31.8,S
2021-06-15T13:34:05,6000.0,31.8,S
2021-06-15T13:34:05,4000.0,31.8,S
2021-06-15T13:33:26,500.0,31.8,S
2021-06-15T13:33:11,200.0,31.8,S
2021-06-15T13:32:58,100.0,31.8,S
2021-06-15T13:32:58,2900.0,31.8,S
2021-06-15T13:32:53,2000.0,31.8,S
2021-06-15T13:32:47,100.0,31.8,S
2021-06-15T13:32:45,500.0,31.8,S
2021-06-15T13:32:43,1000.0,31.8,S
2021-06-15T13:32:42,200.0,31.8,S
2021-06-15T13:32:40,100.0,31.8,S
2021-06-15T13:32:30,2000.0,31.8,S
2021-06-15T13:32:20,500.0,31.8,S
2021-06-15T13:32:10,1000.0,31.8,S
2021-06-15T13:32:09,800.0,31.8,S
2021-06-15T13:31:57,1000.0,31.8,S
2021-06-15T13:31:54,2000.0,31.8,S
2021-06-15T13:31:45,200.0,31.8,S
2021-06-15T13:31:42,400.0,31.8,S
2021-06-15T13:31:40,3000.0,31.8,S
2021-06-15T13:30:22,1000.0,31.8,S
2021-06-15T13:30:16,300.0,31.8,S
2021-06-15T13:30:11,500.0,31.8,S
2021-06-15T13:30:00,500.0,31.8,S
2021-06-15T13:29:57,100.0,31.8,S
2021-06-15T13:29:47,700.0,31.8,S
2021-06-15T13:29:37,100.0,31.8,S
2021-06-15T13:29:35,1000.0,31.8,S
2021-06-15T13:28:56,400.0,31.8,S
2021-06-15T13:28:54,200.0,31.8,S
2021-06-15T13:28:53,100.0,31.8,S
2021-06-15T13:28:53,100.0,31.8,S
2021-06-15T13:28:42,300.0,31.8,S
2021-06-15T13:28:21,2200.0,31.8,S
2021-06-15T13:28:14,500.0,31.8,S
2021-06-15T13:28:00,500.0,31.8,S
2021-06-15T13:27:37,100.0,31.8,S
2021-06-15T13:27:36,600.0,31.8,S
2021-06-15T13:27:35,1200.0,31.8,S
2021-06-15T13:27:19,500.0,31.8,S
2021-06-15T13:27:04,100.0,31.8,S
2021-06-15T13:27:00,2000.0,31.8,S
2021-06-15T13:26:55,400.0,31.8,S
2021-06-15T13:26:52,300.0,31.8,S
2021-06-15T13:26:46,100.0,31.8,S
2021-06-15T13:26:45,300.0,31.8,S
2021-06-15T13:26:38,200.0,31.8,S
2021-06-15T13:26:34,400.0,31.8,S
2021-06-15T13:26:34,500.0,31.8,S
2021-06-15T13:26:23,200.0,31.8,S
2021-06-15T13:26:20,3000.0,31.8,S
2021-06-15T13:26:19,100.0,31.8,S
2021-06-15T13:26:17,100.0,31.8,S
2021-06-15T13:26:13,6100.0,31.8,S
2021-06-15T13:26:13,5500.0,31.8,S
2021-06-15T13:26:13,2000.0,31.8,S
2021-06-15T13:26:12,500.0,31.8,S
2021-06-15T13:26:12,500.0,31.8,S
2021-06-15T13:26:12,300.0,31.8,S
2021-06-15T13:26:12,1200.0,31.8,S
2021-06-15T13:26:12,600.0,31.8,S
2021-06-15T13:26:12,15300.0,31.8,S
2021-06-15T13:26:08,400.0,31.8,S
2021-06-15T13:26:04,1300.0,31.8,S
2021-06-15T13:25:57,300.0,31.8,S
2021-06-15T13:25:29,200.0,31.8,S
2021-06-15T13:25:07,100.0,31.8,S
2021-06-15T13:24:58,1000.0,31.8,S
2021-06-15T13:24:49,2000.0,31.8,S
2021-06-15T13:24:35,1000.0,31.8,S
2021-06-15T13:24:24,200.0,31.8,S
2021-06-15T13:24:20,2000.0,31.8,S
2021-06-15T13:24:18,3000.0,31.8,S
2021-06-15T13:23:24,100.0,31.8,S
2021-06-15T13:23:17,200.0,31.8,S
2021-06-15T13:23:15,100.0,31.8,S
2021-06-15T13:22:44,100.0,31.8,S
2021-06-15T13:22:16,1000.0,31.8,S
2021-06-15T13:21:58,1000.0,31.8,S
2021-06-15T13:21:55,100.0,31.8,S
2021-06-15T13:21:50,3000.0,31.8,S
2021-06-15T13:21:28,100.0,31.8,S
2021-06-15T13:20:58,100.0,31.8,S
2021-06-15T13:20:53,2000.0,31.8,S
2021-06-15T13:20:53,500.0,31.8,S
2021-06-15T13:20:48,1700.0,31.8,S
2021-06-15T13:20:41,500.0,31.8,S
2021-06-15T13:20:20,3000.0,31.8,S
2021-06-15T13:20:17,500.0,31.8,S
2021-06-15T13:20:12,1000.0,31.8,S
2021-06-15T13:19:44,2400.0,31.8,S
2021-06-15T13:19:25,100.0,31.8,S
2021-06-15T13:19:22,1000.0,31.8,S
2021-06-15T13:19:18,400.0,31.8,S
2021-06-15T13:19:16,300.0,31.8,S
2021-06-15T13:19:09,100.0,31.8,S
2021-06-15T13:19:07,100.0,31.8,S
2021-06-15T13:18:58,400.0,31.8,S
2021-06-15T13:18:45,100.0,31.8,S
2021-06-15T13:18:40,200.0,31.8,S
2021-06-15T13:18:29,100.0,31.8,S
2021-06-15T13:18:19,5000.0,31.8,S
2021-06-15T13:18:14,500.0,31.8,S
2021-06-15T13:18:06,200.0,31.8,S
2021-06-15T13:18:02,100.0,31.8,S
2021-06-15T13:17:58,100.0,31.8,S
2021-06-15T13:17:54,100.0,31.8,S
2021-06-15T13:17:50,2000.0,31.8,S
2021-06-15T13:17:49,500.0,31.8,S
2021-06-15T13:17:38,100.0,31.8,S
2021-06-15T13:17:34,500.0,31.8,S
2021-06-15T13:17:31,100.0,31.8,S
2021-06-15T13:17:20,300.0,31.8,S
2021-06-15T13:17:14,1100.0,31.8,S
2021-06-15T13:17:10,100.0,31.8,S
2021-06-15T13:16:58,200.0,31.8,S
2021-06-15T13:16:56,100.0,31.8,S
2021-06-15T13:16:44,500.0,31.8,S
2021-06-15T13:16:42,300.0,31.8,S
2021-06-15T13:16:39,300.0,31.8,S
2021-06-15T13:16:33,700.0,31.8,S
2021-06-15T13:16:30,1000.0,31.8,S
2021-06-15T13:16:30,2000.0,31.8,S
2021-06-15T13:16:30,500.0,31.8,S
2021-06-15T13:16:24,1500.0,31.8,S
2021-06-15T13:16:23,1000.0,31.8,S
2021-06-15T13:16:17,4300.0,31.8,S
2021-06-15T13:15:54,500.0,31.8,S
2021-06-15T13:15:53,300.0,31.8,S
2021-06-15T13:15:48,3000.0,31.8,S
2021-06-15T13:15:47,3000.0,31.8,S
2021-06-15T13:15:43,5000.0,31.8,S
2021-06-15T13:15:32,300.0,31.8,S
2021-06-15T13:15:30,100.0,31.8,S
2021-06-15T13:15:20,500.0,31.8,S
2021-06-15T13:15:16,8000.0,31.8,S
2021-06-15T13:15:16,300.0,31.8,S
2021-06-15T13:15:11,500.0,31.8,S
2021-06-15T13:15:05,100.0,31.8,S
2021-06-15T13:14:59,100.0,31.8,S
2021-06-15T13:14:57,200.0,31.8,S
2021-06-15T13:14:56,200.0,31.8,S
2021-06-15T13:14:46,2000.0,31.8,S
2021-06-15T13:14:36,100.0,31.8,S
2021-06-15T13:14:19,100.0,31.8,S
2021-06-15T13:14:17,200.0,31.8,S
2021-06-15T13:14:12,100.0,31.8,S
2021-06-15T13:14:08,100.0,31.8,S
2021-06-15T13:13:59,1000.0,31.8,S
2021-06-15T13:13:58,300.0,31.8,S
2021-06-15T13:13:54,3000.0,31.8,S
2021-06-15T13:13:43,200.0,31.8,S
2021-06-15T13:13:37,400.0,31.8,S
2021-06-15T13:13:32,100.0,31.8,S
2021-06-15T13:13:13,100.0,31.8,S
2021-06-15T13:13:12,200.0,31.8,S
2021-06-15T13:13:06,300.0,31.8,S
2021-06-15T13:13:04,300.0,31.8,S
2021-06-15T13:12:34,100.0,31.8,S
2021-06-15T13:12:10,5000.0,31.8,S
2021-06-15T13:11:59,300.0,31.8,S
2021-06-15T13:11:53,200.0,31.8,S
2021-06-15T13:11:46,3600.0,31.8,S
2021-06-15T13:11:45,400.0,31.8,S
2021-06-15T13:11:41,1100.0,31.8,S
2021-06-15T13:11:30,200.0,31.8,S
2021-06-15T13:11:30,600.0,31.8,S
2021-06-15T13:11:17,500.0,31.8,S
2021-06-15T13:11:17,200.0,31.8,S
2021-06-15T13:11:11,100.0,31.8,S
2021-06-15T13:10:57,2500.0,31.8,S
2021-06-15T13:10:56,100.0,31.8,S
2021-06-15T13:10:54,300.0,31.8,S
2021-06-15T13:10:44,500.0,31.8,S
2021-06-15T13:10:38,3500.0,31.8,S
2021-06-15T13:10:14,100.0,31.8,S
2021-06-15T13:10:12,2000.0,31.8,S
2021-06-15T13:10:08,100.0,31.8,S
2021-06-15T13:10:08,1000.0,31.8,S
2021-06-15T13:09:58,1500.0,31.8,S
2021-06-15T13:09:54,200.0,31.8,S
2021-06-15T13:09:52,500.0,31.8,S
2021-06-15T13:09:46,3000.0,31.8,S
2021-06-15T13:09:42,1000.0,31.8,S
2021-06-15T13:09:21,100.0,31.8,S
2021-06-15T13:09:14,100.0,31.8,S
2021-06-15T13:09:00,300.0,31.8,S
2021-06-15T13:08:38,100.0,31.8,S
2021-06-15T13:08:18,400.0,31.8,S
2021-06-15T13:08:02,500.0,31.8,S
2021-06-15T13:07:37,9300.0,31.8,S
2021-06-15T13:07:37,700.0,31.8,S
2021-06-15T13:07:26,100.0,31.8,S
2021-06-15T13:07:23,1000.0,31.8,S
2021-06-15T13:07:17,700.0,31.8,S
2021-06-15T13:07:01,4000.0,31.8,S
2021-06-15T13:07:00,100.0,31.8,S
2021-06-15T13:06:44,1000.0,31.8,S
2021-06-15T13:06:42,1000.0,31.8,S
2021-06-15T13:06:29,2000.0,31.8,S
2021-06-15T13:06:24,1200.0,31.8,S
2021-06-15T13:06:24,2000.0,31.8,S
2021-06-15T13:06:24,1300.0,31.8,S
2021-06-15T13:06:11,500.0,31.8,S
2021-06-15T13:06:09,500.0,31.8,S
2021-06-15T13:06:05,2000.0,31.8,S
2021-06-15T13:05:46,1000.0,31.8,S
2021-06-15T13:05:44,9400.0,31.8,S
2021-06-15T13:05:44,10000.0,31.8,S
2021-06-15T13:05:43,600.0,31.8,S
2021-06-15T13:05:34,200.0,31.8,S
2021-06-15T13:05:34,1200.0,31.8,S
2021-06-15T13:05:32,900.0,31.8,S
2021-06-15T13:05:31,400.0,31.8,S
2021-06-15T13:05:27,2000.0,31.8,S
2021-06-15T13:05:26,200.0,31.8,S
2021-06-15T13:05:17,400.0,31.8,S
2021-06-15T13:05:11,500.0,31.8,S
2021-06-15T13:05:07,300.0,31.8,S
2021-06-15T13:04:57,100.0,31.8,S
2021-06-15T13:04:55,100.0,31.8,S
2021-06-15T13:04:39,100.0,31.8,S
2021-06-15T13:04:38,500.0,31.8,S
2021-06-15T13:04:34,400.0,31.8,S
2021-06-15T13:04:34,1500.0,31.8,S
2021-06-15T13:04:29,500.0,31.8,S
2021-06-15T13:04:22,200.0,31.8,S
2021-06-15T13:04:20,1000.0,31.8,S
2021-06-15T13:04:20,500.0,31.8,S
2021-06-15T13:04:17,500.0,31.8,S
2021-06-15T13:04:16,100.0,31.8,S
2021-06-15T13:04:15,400.0,31.8,S
2021-06-15T13:04:15,1000.0,31.8,S
2021-06-15T13:04:12,300.0,31.8,S
2021-06-15T13:04:06,300.0,31.8,S
2021-06-15T13:03:57,300.0,31.8,S
2021-06-15T13:03:55,500.0,31.8,S
2021-06-15T13:03:51,100.0,31.8,S
2021-06-15T13:03:51,1000.0,31.8,S
2021-06-15T13:03:51,6100.0,31.8,S
2021-06-15T13:03:51,12700.0,31.8,S
2021-06-15T13:03:51,100.0,31.8,S
2021-06-15T13:03:51,1500.0,31.8,S
2021-06-15T13:03:51,300.0,31.8,S
2021-06-15T13:03:51,24200.0,31.8,S
2021-06-15T13:03:44,2000.0,31.8,S
2021-06-15T13:03:39,1000.0,31.8,S
2021-06-15T13:03:36,4000.0,31.8,S
2021-06-15T13:03:32,500.0,31.8,S
2021-06-15T13:03:31,700.0,31.8,S
2021-06-15T13:03:29,5000.0,31.8,S
2021-06-15T13:03:26,2200.0,31.8,S
2021-06-15T13:03:14,100.0,31.8,S
2021-06-15T13:03:06,900.0,31.8,S
2021-06-15T13:02:52,11400.0,31.8,S
2021-06-15T13:02:50,4000.0,31.8,S
2021-06-15T13:02:50,15000.0,31.8,S
2021-06-15T13:02:47,100.0,31.8,S
2021-06-15T13:02:45,3000.0,31.8,S
2021-06-15T13:02:41,100.0,31.8,S
2021-06-15T13:02:39,1300.0,31.8,S
2021-06-15T13:02:39,25400.0,31.8,S
2021-06-15T13:02:39,6500.0,31.8,S
2021-06-15T13:02:39,2800.0,31.8,S
2021-06-15T13:02:39,500.0,31.8,S
2021-06-15T13:02:38,200.0,31.8,S
2021-06-15T13:02:38,2000.0,31.8,S
2021-06-15T13:02:38,2200.0,31.8,S
2021-06-15T13:02:38,700.0,31.8,S
2021-06-15T13:02:38,2600.0,31.8,S
2021-06-15T13:02:38,100.0,31.8,S
2021-06-15T13:02:38,1500.0,31.8,S
2021-06-15T13:02:38,3000.0,31.8,S
2021-06-15T13:02:38,2600.0,31.8,S
2021-06-15T13:02:38,4000.0,31.8,S
2021-06-15T13:02:38,700.0,31.8,S
2021-06-15T13:02:38,3600.0,31.8,S
2021-06-15T13:02:38,600.0,31.8,S
2021-06-15T13:02:38,1200.0,31.8,S
2021-06-15T13:02:38,2500.0,31.8,S
2021-06-15T13:02:38,31800.0,31.8,S
2021-06-15T13:02:38,35500.0,31.8,S
2021-06-15T13:02:37,100.0,31.8,S
2021-06-15T13:02:36,100.0,31.8,S
2021-06-15T13:02:29,2000.0,31.8,S
2021-06-15T13:02:29,300.0,31.8,S
2021-06-15T13:02:28,200.0,31.8,S
2021-06-15T13:02:27,200.0,31.8,S
2021-06-15T13:02:23,3300.0,31.8,S
2021-06-15T13:02:20,500.0,31.8,S
2021-06-15T13:02:19,300.0,31.8,S
2021-06-15T13:02:15,800.0,31.8,S
2021-06-15T13:02:13,900.0,31.8,S
2021-06-15T13:02:11,100.0,31.8,S
2021-06-15T13:02:11,100.0,31.8,S
2021-06-15T13:02:10,900.0,31.8,S
2021-06-15T13:02:10,100.0,31.8,S
2021-06-15T13:02:10,600.0,31.8,S
2021-06-15T13:02:09,1500.0,31.8,S
2021-06-15T13:02:08,3000.0,31.8,S
2021-06-15T13:02:08,200.0,31.8,S
2021-06-15T13:02:07,1000.0,31.8,S
2021-06-15T13:02:06,2100.0,31.8,S
2021-06-15T13:02:06,2300.0,31.8,S
2021-06-15T13:02:05,1000.0,31.8,S
2021-06-15T13:02:04,19000.0,31.8,S
2021-06-15T13:02:04,100.0,31.8,S
2021-06-15T13:02:03,2000.0,31.8,S
2021-06-15T13:02:02,8400.0,31.8,S
2021-06-15T13:02:02,2000.0,31.8,S
2021-06-15T13:02:02,200.0,31.8,S
2021-06-15T13:02:01,200.0,31.8,S
2021-06-15T13:01:58,1300.0,31.8,S
2021-06-15T13:01:57,3000.0,31.8,S
2021-06-15T13:01:56,5000.0,31.8,S
2021-06-15T13:01:56,1000.0,31.8,S
2021-06-15T13:01:55,600.0,31.8,S
2021-06-15T13:01:54,1000.0,31.8,S
2021-06-15T13:01:54,400.0,31.8,S
2021-06-15T13:01:54,500.0,31.8,S
2021-06-15T13:01:53,200.0,31.8,S
2021-06-15T13:01:52,200.0,31.8,S
2021-06-15T13:01:51,800.0,31.8,S
2021-06-15T13:01:51,600.0,31.8,S
2021-06-15T13:01:49,100.0,31.8,S
2021-06-15T13:01:49,500.0,31.8,S
2021-06-15T13:01:49,400.0,31.8,S
2021-06-15T13:01:48,600.0,31.8,S
2021-06-15T13:01:48,1500.0,31.8,S
2021-06-15T13:01:48,400.0,31.8,S
2021-06-15T13:01:46,100.0,31.8,S
2021-06-15T13:01:44,100.0,31.8,S
2021-06-15T13:01:43,100.0,31.8,S
2021-06-15T13:01:43,900.0,31.8,S
2021-06-15T13:01:41,600.0,31.8,S
2021-06-15T13:01:41,900.0,31.8,S
2021-06-15T13:01:41,1000.0,31.8,S
2021-06-15T13:01:38,100.0,31.8,S
2021-06-15T13:01:37,100.0,31.8,S
2021-06-15T13:01:34,1000.0,31.8,S
2021-06-15T13:01:33,1200.0,31.8,S
2021-06-15T13:01:32,2000.0,31.8,S
2021-06-15T13:01:31,500.0,31.8,S
2021-06-15T13:01:29,300.0,31.8,S
2021-06-15T13:01:29,300.0,31.8,S
2021-06-15T13:01:29,100.0,31.8,S
2021-06-15T13:01:28,100.0,31.8,S
2021-06-15T13:01:28,200.0,31.8,S
2021-06-15T13:01:27,100.0,31.8,S
2021-06-15T13:01:26,4800.0,31.8,S
2021-06-15T13:01:26,100.0,31.8,S
2021-06-15T13:01:25,100.0,31.8,S
2021-06-15T13:01:24,200.0,31.8,S
2021-06-15T13:01:23,100.0,31.8,S
2021-06-15T13:01:22,200.0,31.8,S
2021-06-15T13:01:22,1000.0,31.8,S
2021-06-15T13:01:22,1500.0,31.8,S
2021-06-15T13:01:21,1000.0,31.8,S
2021-06-15T13:01:21,1000.0,31.8,S
2021-06-15T13:01:21,100.0,31.8,S
2021-06-15T13:01:19,500.0,31.8,S
2021-06-15T13:01:19,1000.0,31.8,S
2021-06-15T13:01:19,4500.0,31.8,S
2021-06-15T13:01:19,300.0,31.8,S
2021-06-15T13:01:19,1500.0,31.8,S
2021-06-15T13:01:19,1000.0,31.8,S
2021-06-15T13:01:18,1000.0,31.8,S
2021-06-15T13:01:18,5000.0,31.8,S
2021-06-15T13:01:16,500.0,31.8,S
2021-06-15T13:01:16,100.0,31.8,S
2021-06-15T13:01:16,100.0,31.8,S
2021-06-15T13:01:14,100.0,31.8,S
2021-06-15T13:01:14,2600.0,31.8,S
2021-06-15T13:01:14,1000.0,31.8,S
2021-06-15T13:01:14,4600.0,31.8,S
2021-06-15T13:01:13,2000.0,31.8,S
2021-06-15T13:01:13,500.0,31.8,S
2021-06-15T13:01:09,3300.0,31.8,S
2021-06-15T13:01:08,600.0,31.8,S
2021-06-15T13:01:07,200.0,31.8,S
2021-06-15T13:01:06,500.0,31.8,S
2021-06-15T13:01:04,100.0,31.8,S
2021-06-15T13:01:03,400.0,31.8,S
2021-06-15T13:01:01,5300.0,31.8,S
2021-06-15T13:01:01,100.0,31.8,S
2021-06-15T13:01:01,100.0,31.8,S
2021-06-15T13:01:01,1600.0,31.8,S
2021-06-15T13:01:00,500.0,31.8,S
2021-06-15T13:01:00,400.0,31.8,S
2021-06-15T13:00:58,100.0,31.8,S
2021-06-15T13:00:57,2000.0,31.8,S
2021-06-15T13:00:53,500.0,31.8,S
2021-06-15T13:00:53,1400.0,31.8,S
2021-06-15T13:00:49,1000.0,31.8,S
2021-06-15T13:00:48,800.0,31.8,S
2021-06-15T13:00:46,200.0,31.8,S
2021-06-15T13:00:45,200.0,31.8,S
2021-06-15T13:00:45,300.0,31.8,S
2021-06-15T13:00:44,1800.0,31.8,S
2021-06-15T13:00:42,200.0,31.8,S
2021-06-15T13:00:41,500.0,31.8,S
2021-06-15T13:00:41,1400.0,31.8,S
2021-06-15T13:00:41,1000.0,31.8,S
2021-06-15T13:00:41,600.0,31.8,S
2021-06-15T13:00:39,1000.0,31.8,S
2021-06-15T13:00:38,1500.0,31.8,S
2021-06-15T13:00:38,600.0,31.8,S
2021-06-15T13:00:38,2000.0,31.8,S
2021-06-15T13:00:38,100.0,31.8,S
2021-06-15T13:00:38,2700.0,31.8,S
2021-06-15T13:00:38,10000.0,31.8,S
2021-06-15T13:00:38,200.0,31.8,S
2021-06-15T13:00:38,1000.0,31.8,S
2021-06-15T13:00:38,100.0,31.8,S
2021-06-15T13:00:38,900.0,31.8,S
2021-06-15T13:00:38,400.0,31.8,S
2021-06-15T13:00:37,100.0,31.8,S
2021-06-15T13:00:37,100.0,31.8,S
2021-06-15T13:00:37,500.0,31.8,S
2021-06-15T13:00:37,300.0,31.8,S
2021-06-15T13:00:37,1900.0,31.8,S
2021-06-15T13:00:37,2100.0,31.8,S
2021-06-15T13:00:37,100.0,31.8,S
2021-06-15T13:00:37,1000.0,31.8,S
2021-06-15T13:00:37,600.0,31.8,S
2021-06-15T13:00:37,200.0,31.8,S
2021-06-15T13:00:37,12700.0,31.8,S
2021-06-15T13:00:37,500.0,31.8,S
2021-06-15T13:00:37,500.0,31.8,S
2021-06-15T13:00:37,2300.0,31.8,S
2021-06-15T13:00:37,300.0,31.8,S
2021-06-15T13:00:37,1900.0,31.8,S
2021-06-15T13:00:36,1200.0,31.8,S
2021-06-15T13:00:36,100.0,31.8,S
2021-06-15T13:00:36,300.0,31.8,S
2021-06-15T13:00:36,400.0,31.8,S
2021-06-15T13:00:36,1400.0,31.8,S
2021-06-15T13:00:36,300.0,31.8,S
2021-06-15T13:00:36,1500.0,31.8,S
2021-06-15T13:00:36,1000.0,31.8,S
2021-06-15T13:00:36,2300.0,31.8,S
2021-06-15T13:00:36,1100.0,31.8,S
2021-06-15T13:00:36,18600.0,31.8,S
2021-06-15T13:00:36,1400.0,31.8,S
2021-06-15T13:00:36,700.0,31.8,S
2021-06-15T13:00:36,900.0,31.8,S
2021-06-15T13:00:34,100.0,31.8,S
2021-06-15T13:00:34,100.0,31.8,S
2021-06-15T13:00:34,100.0,31.8,S
2021-06-15T13:00:34,200.0,31.8,S
2021-06-15T13:00:34,1700.0,31.8,S
2021-06-15T13:00:34,500.0,31.8,S
2021-06-15T13:00:34,100.0,31.8,S
2021-06-15T13:00:34,300.0,31.8,S
2021-06-15T13:00:34,1500.0,31.8,S
2021-06-15T13:00:34,400.0,31.8,S
2021-06-15T13:00:34,700.0,31.8,S
2021-06-15T13:00:33,500.0,31.8,S
2021-06-15T13:00:33,200.0,31.8,S
2021-06-15T13:00:33,1700.0,31.8,S
2021-06-15T13:00:33,3900.0,31.8,S
2021-06-15T13:00:32,900.0,31.8,S
2021-06-15T13:00:32,100.0,31.8,S
2021-06-15T13:00:32,700.0,31.8,S
2021-06-15T13:00:32,1100.0,31.8,S
2021-06-15T13:00:30,100.0,31.8,S
2021-06-15T13:00:30,2000.0,31.8,S
2021-06-15T13:00:30,100.0,31.8,S
2021-06-15T13:00:30,2000.0,31.8,S
2021-06-15T13:00:30,300.0,31.8,S
2021-06-15T13:00:30,3300.0,31.8,S
2021-06-15T13:00:30,200.0,31.8,S
2021-06-15T13:00:30,1200.0,31.8,S
2021-06-15T13:00:30,300.0,31.8,S
2021-06-15T13:00:30,1800.0,31.8,S
2021-06-15T13:00:29,1600.0,31.8,S
2021-06-15T13:00:29,3300.0,31.8,S
2021-06-15T13:00:29,3500.0,31.8,S
2021-06-15T13:00:29,1000.0,31.8,S
2021-06-15T13:00:29,3000.0,31.8,S
2021-06-15T13:00:29,5000.0,31.8,S
2021-06-15T13:00:29,2300.0,31.8,S
2021-06-15T13:00:29,43100.0,31.8,S
2021-06-15T13:00:29,10400.0,31.8,S
2021-06-15T13:00:29,10000.0,31.8,S
2021-06-15T13:00:29,9300.0,31.8,S
2021-06-15T13:00:29,600.0,31.8,S
2021-06-15T13:00:29,2100.0,31.8,S
2021-06-15T13:00:29,1200.0,31.8,S
2021-06-15T13:00:29,3600.0,31.8,S
2021-06-15T13:00:29,2300.0,31.8,S
2021-06-15T13:00:29,15100.0,31.8,S
2021-06-15T13:00:29,1000.0,31.8,S
2021-06-15T13:00:29,4100.0,31.8,S
2021-06-15T13:00:29,300.0,31.8,S
2021-06-15T13:00:29,1400.0,31.8,S
2021-06-15T13:00:29,1600.0,31.8,S
2021-06-15T13:00:29,600.0,31.8,S
2021-06-15T13:00:29,800.0,31.8,S
2021-06-15T13:00:29,1000.0,31.8,S
2021-06-15T13:00:29,1400.0,31.8,S
2021-06-15T13:00:29,100.0,31.8,S
2021-06-15T13:00:29,3800.0,31.8,S
2021-06-15T13:00:29,100.0,31.8,S
2021-06-15T13:00:29,300.0,31.8,S
2021-06-15T13:00:29,1500.0,31.8,S
2021-06-15T13:00:29,1400.0,31.8,S
2021-06-15T13:00:29,2000.0,31.8,S
2021-06-15T13:00:29,2300.0,31.8,S
2021-06-15T13:00:29,500.0,31.8,S
2021-06-15T13:00:29,400.0,31.8,S
2021-06-15T13:00:27,2000.0,31.8,S
2021-06-15T13:00:27,8000.0,31.8,S
2021-06-15T13:00:27,400.0,31.8,S
2021-06-15T13:00:27,600.0,31.8,S
2021-06-15T13:00:27,800.0,31.8,S
2021-06-15T13:00:27,900.0,31.8,S
2021-06-15T13:00:27,100.0,31.8,S
2021-06-15T13:00:27,700.0,31.8,S
2021-06-15T13:00:27,1200.0,31.8,S
2021-06-15T13:00:27,1000.0,31.8,S
2021-06-15T13:00:27,7000.0,31.8,S
2021-06-15T13:00:27,2000.0,31.8,S
2021-06-15T13:00:27,100.0,31.8,S
2021-06-15T13:00:27,2600.0,31.8,S
2021-06-15T13:00:27,600.0,31.8,S
2021-06-15T13:00:27,700.0,31.8,S
2021-06-15T13:00:27,4800.0,31.8,S
2021-06-15T13:00:27,1000.0,31.8,S
2021-06-15T13:00:27,12000.0,31.8,S
2021-06-15T13:00:27,10000.0,31.8,S
2021-06-15T13:00:25,3100.0,31.8,S
2021-06-15T13:00:25,800.0,31.8,S
2021-06-15T13:00:25,6300.0,31.8,S
2021-06-15T13:00:25,1100.0,31.8,S
2021-06-15T13:00:25,9400.0,31.8,S
2021-06-15T13:00:25,600.0,31.8,S
2021-06-15T13:00:25,500.0,31.8,S
2021-06-15T13:00:25,4000.0,31.8,S
2021-06-15T13:00:25,10700.0,31.8,S
2021-06-15T13:00:25,2000.0,31.8,S
2021-06-15T13:00:25,800.0,31.8,S
2021-06-15T13:00:25,5000.0,31.8,S
2021-06-15T13:00:25,2600.0,31.8,S
2021-06-15T13:00:25,300.0,31.8,S
2021-06-15T13:00:25,1200.0,31.8,S
2021-06-15T13:00:25,2300.0,31.8,S
2021-06-15T13:00:25,1200.0,31.8,S
2021-06-15T13:00:25,4200.0,31.8,S
2021-06-15T13:00:25,4000.0,31.8,S
2021-06-15T13:00:25,1900.0,31.8,S
2021-06-15T13:00:25,100.0,31.8,S
2021-06-15T13:00:25,2600.0,31.8,S
2021-06-15T13:00:25,100.0,31.8,S
2021-06-15T11:30:27,100.0,31.8,S
2021-06-15T11:30:27,100.0,31.8,S
2021-06-15T11:30:27,1400.0,31.8,S
2021-06-15T11:30:09,100.0,31.8,S
2021-06-15T11:30:09,200.0,31.8,S
2021-06-15T11:30:09,34600.0,31.8,S
2021-06-15T11:30:09,4100.0,31.8,S
2021-06-15T11:30:09,11300.0,31.8,S
2021-06-15T11:30:09,900.0,31.8,S
2021-06-15T11:30:09,500.0,31.8,S
2021-06-15T11:30:09,1100.0,31.8,S
2021-06-15T11:30:09,100.0,31.8,S
2021-06-15T11:30:09,100.0,31.8,S
2021-06-15T11:30:09,1000.0,31.8,S
2021-06-15T11:30:09,100.0,31.8,S
2021-06-15T11:30:09,400.0,31.8,S
2021-06-15T11:30:09,700.0,31.8,S
2021-06-15T11:30:04,100.0,31.8,S
2021-06-15T11:30:04,200.0,31.8,S
2021-06-15T11:30:04,100.0,31.8,S
2021-06-15T11:30:04,200.0,31.8,S
2021-06-15T11:30:01,1000.0,31.8,S
2021-06-15T11:29:58,300.0,31.8,S
2021-06-15T11:29:57,3000.0,31.8,S
2021-06-15T11:29:57,1000.0,31.8,S
2021-06-15T11:29:56,500.0,31.8,S
2021-06-15T11:29:55,1000.0,31.8,S
2021-06-15T11:29:55,1000.0,31.8,S
2021-06-15T11:29:54,5000.0,31.8,S
2021-06-15T11:29:52,20100.0,31.8,S
2021-06-15T11:29:51,100.0,31.8,S
2021-06-15T11:29:44,500.0,31.8,S
2021-06-15T11:29:44,300.0,31.8,S
2021-06-15T11:29:44,2700.0,31.8,S
2021-06-15T11:29:44,3000.0,31.8,S
2021-06-15T11:29:43,800.0,31.8,S
2021-06-15T11:29:43,1500.0,31.8,S
2021-06-15T11:29:43,300.0,31.8,S
2021-06-15T11:29:43,57400.0,31.8,S
2021-06-15T11:29:43,700.0,31.8,S
2021-06-15T11:29:39,1300.0,31.8,S
2021-06-15T11:29:39,1200.0,31.8,S
2021-06-15T11:29:37,100.0,31.8,S
2021-06-15T11:29:36,1000.0,31.8,S
2021-06-15T11:29:36,100.0,31.8,S
2021-06-15T11:29:34,100.0,31.8,S
2021-06-15T11:29:34,1000.0,31.8,S
2021-06-15T11:29:32,100.0,31.8,S
2021-06-15T11:29:30,1000.0,31.8,S
2021-06-15T11:29:28,3000.0,31.8,S
2021-06-15T11:29:25,300.0,31.8,S
2021-06-15T11:29:24,2000.0,31.8,S
2021-06-15T11:29:23,2000.0,31.8,S
2021-06-15T11:29:22,500.0,31.8,S
2021-06-15T11:29:21,500.0,31.8,S
2021-06-15T11:29:19,100.0,31.8,S
2021-06-15T11:29:17,2000.0,31.8,S
2021-06-15T11:29:14,100.0,31.8,S
2021-06-15T11:29:13,500.0,31.8,S
2021-06-15T11:29:13,100.0,31.8,S
2021-06-15T11:29:13,3000.0,31.8,S
2021-06-15T11:29:12,400.0,31.8,S
2021-06-15T11:29:10,300.0,31.8,S
2021-06-15T11:29:08,700.0,31.8,S
2021-06-15T11:29:04,1900.0,31.8,S
2021-06-15T11:29:04,2000.0,31.8,S
2021-06-15T11:29:04,11600.0,31.8,S
2021-06-15T11:29:04,900.0,31.8,S
2021-06-15T11:29:03,3600.0,31.8,S
2021-06-15T11:29:01,2300.0,31.8,S
2021-06-15T11:28:57,700.0,31.8,S
2021-06-15T11:28:55,200.0,31.8,S
2021-06-15T11:28:55,1600.0,31.8,S
2021-06-15T11:28:54,500.0,31.8,S
2021-06-15T11:28:53,1500.0,31.8,S
2021-06-15T11:28:52,500.0,31.8,S
2021-06-15T11:28:51,500.0,31.8,S
2021-06-15T11:28:51,100.0,31.8,S
2021-06-15T11:28:50,400.0,31.8,S
2021-06-15T11:28:50,200.0,31.8,S
2021-06-15T11:28:49,1000.0,31.8,S
2021-06-15T11:28:49,500.0,31.8,S
2021-06-15T11:28:48,700.0,31.8,S
2021-06-15T11:28:48,11800.0,31.8,S
2021-06-15T11:28:48,1100.0,31.8,S
2021-06-15T11:28:48,500.0,31.8,S
2021-06-15T11:28:47,2600.0,31.8,S
2021-06-15T11:28:47,2000.0,31.8,S
2021-06-15T11:28:42,1000.0,31.8,S
2021-06-15T11:28:40,200.0,31.8,S
2021-06-15T11:28:40,100.0,31.8,S
2021-06-15T11:28:39,1000.0,31.8,S
2021-06-15T11:28:36,200.0,31.8,S
2021-06-15T11:28:34,23700.0,31.8,S
2021-06-15T11:28:34,100.0,31.8,S
2021-06-15T11:28:34,10300.0,31.8,S
2021-06-15T11:28:34,1400.0,31.8,S
2021-06-15T11:28:34,3200.0,31.8,S
2021-06-15T11:28:34,11300.0,31.8,S
2021-06-15T11:28:34,100.0,31.8,S
2021-06-15T11:28:34,1300.0,31.8,S
2021-06-15T11:28:32,100.0,31.8,S
2021-06-15T11:28:30,300.0,31.8,S
2021-06-15T11:28:29,100.0,31.8,S
2021-06-15T11:28:27,300.0,31.8,S
2021-06-15T11:28:24,300.0,31.8,S
2021-06-15T11:28:24,1700.0,31.8,S
2021-06-15T11:28:24,200.0,31.8,S
2021-06-15T11:28:23,200.0,31.8,S
2021-06-15T11:28:21,300.0,31.8,S
2021-06-15T11:28:17,300.0,31.8,S
2021-06-15T11:28:15,1000.0,31.8,S
2021-06-15T11:28:14,1500.0,31.8,S
2021-06-15T11:28:12,2000.0,31.8,S
2021-06-15T11:28:10,900.0,31.8,S
2021-06-15T11:28:10,2000.0,31.8,S
2021-06-15T11:28:10,500.0,31.8,S
2021-06-15T11:28:09,5600.0,31.8,S
2021-06-15T11:28:08,1500.0,31.8,S
2021-06-15T11:28:07,1000.0,31.8,S
2021-06-15T11:28:05,200.0,31.8,S
2021-06-15T11:28:05,1100.0,31.8,S
2021-06-15T11:28:05,1900.0,31.8,S
2021-06-15T11:28:05,200.0,31.8,S
2021-06-15T11:28:04,4600.0,31.8,S
2021-06-15T11:28:02,200.0,31.8,S
2021-06-15T11:28:02,500.0,31.8,S
2021-06-15T11:28:02,8200.0,31.8,S
2021-06-15T11:28:02,19700.0,31.8,S
2021-06-15T11:28:02,13000.0,31.8,S
2021-06-15T11:28:02,9100.0,31.8,S
2021-06-15T11:28:01,100.0,31.8,S
2021-06-15T11:28:01,200.0,31.8,S
2021-06-15T11:27:57,800.0,31.8,S
2021-06-15T11:27:54,400.0,31.8,S
2021-06-15T11:27:54,400.0,31.8,S
2021-06-15T11:27:53,700.0,31.8,S
2021-06-15T11:27:53,100.0,31.8,S
2021-06-15T11:27:50,100.0,31.8,S
2021-06-15T11:27:50,2500.0,31.8,S
2021-06-15T11:27:50,4500.0,31.8,S
2021-06-15T11:27:47,6500.0,31.8,S
2021-06-15T11:27:47,5000.0,31.8,S
2021-06-15T11:27:47,2800.0,31.8,S
2021-06-15T11:27:47,500.0,31.8,S
2021-06-15T11:27:47,200.0,31.8,S
2021-06-15T11:27:45,1000.0,31.8,S
2021-06-15T11:27:45,1500.0,31.8,S
2021-06-15T11:27:44,9000.0,31.8,S
2021-06-15T11:27:44,500.0,31.8,S
2021-06-15T11:27:40,300.0,31.8,S
2021-06-15T11:27:40,2000.0,31.8,S
2021-06-15T11:27:40,100.0,31.8,S
2021-06-15T11:27:40,200.0,31.8,S
2021-06-15T11:27:39,500.0,31.8,S
2021-06-15T11:27:37,6100.0,31.8,S
2021-06-15T11:27:37,1100.0,31.8,S
2021-06-15T11:27:37,12800.0,31.8,S
2021-06-15T11:27:36,100.0,31.8,S
2021-06-15T11:27:34,800.0,31.8,S
2021-06-15T11:27:34,4100.0,31.8,S
2021-06-15T11:27:30,200.0,31.8,S
2021-06-15T11:27:30,100.0,31.8,S
2021-06-15T11:27:28,500.0,31.8,S
2021-06-15T11:27:28,5000.0,31.8,S
2021-06-15T11:27:27,500.0,31.8,S
2021-06-15T11:27:27,200.0,31.8,S
2021-06-15T11:27:25,1000.0,31.8,S
2021-06-15T11:27:25,100.0,31.8,S
2021-06-15T11:27:25,200.0,31.8,S
2021-06-15T11:27:24,500.0,31.8,S
2021-06-15T11:27:22,2300.0,31.8,S
2021-06-15T11:27:22,100.0,31.8,S
2021-06-15T11:27:22,7800.0,31.8,S
2021-06-15T11:27:21,200.0,31.8,S
2021-06-15T11:27:19,500.0,31.8,S
2021-06-15T11:27:18,5000.0,31.8,S
2021-06-15T11:27:17,200.0,31.8,S
2021-06-15T11:27:16,1200.0,31.8,S
2021-06-15T11:27:16,300.0,31.8,B
2021-06-15T11:27:15,200.0,31.8,B
2021-06-15T11:27:15,100.0,31.8,B
2021-06-15T11:27:14,1000.0,31.8,B
2021-06-15T11:27:12,100.0,31.8,B
2021-06-15T11:27:11,1800.0,31.8,B
2021-06-15T11:27:11,4000.0,31.8,B
2021-06-15T11:27:11,100.0,31.8,B
2021-06-15T11:27:11,3800.0,31.8,B
2021-06-15T11:27:11,3500.0,31.8,B
2021-06-15T11:27:11,2500.0,31.8,B
2021-06-15T11:27:11,1200.0,31.8,B
2021-06-15T11:27:11,4900.0,31.8,B
2021-06-15T11:27:10,1000.0,31.8,B
2021-06-15T11:27:09,500.0,31.8,B
2021-06-15T11:27:09,1000.0,31.8,B
2021-06-15T11:27:08,1000.0,31.8,B
2021-06-15T11:27:08,5000.0,31.8,B
2021-06-15T11:27:08,10000.0,31.8,B
2021-06-15T11:27:08,8900.0,31.8,B
2021-06-15T11:27:08,5200.0,31.8,B
2021-06-15T11:27:08,5500.0,31.8,B
2021-06-15T11:27:07,3500.0,31.8,B
2021-06-15T11:27:07,200.0,31.8,B
2021-06-15T11:27:07,16700.0,31.8,B
2021-06-15T11:27:07,4000.0,31.8,B
2021-06-15T11:27:07,17400.0,31.8,B
2021-06-15T11:27:06,6000.0,31.8,B
2021-06-15T11:27:05,8500.0,31.8,B
2021-06-15T11:27:05,100.0,31.8,B
2021-06-15T11:27:04,200.0,31.8,B
2021-06-15T11:27:02,5000.0,31.8,B
2021-06-15T11:27:02,400.0,31.8,B
2021-06-15T11:27:02,300.0,31.8,B
2021-06-15T11:27:02,100.0,31.8,B
2021-06-15T11:27:02,300.0,31.8,B
2021-06-15T11:27:02,2000.0,31.8,B
2021-06-15T11:27:01,300.0,31.8,B
2021-06-15T11:27:01,3400.0,31.8,B
2021-06-15T11:27:01,2900.0,31.8,B
2021-06-15T11:27:01,1700.0,31.8,B
2021-06-15T11:27:01,5000.0,31.8,B
2021-06-15T11:27:00,15000.0,31.8,B
2021-06-15T11:26:59,5600.0,31.8,B
2021-06-15T11:26:59,10200.0,31.8,B
2021-06-15T11:26:59,1000.0,31.8,B
2021-06-15T11:26:58,1000.0,31.8,B
2021-06-15T11:26:58,18000.0,31.8,B
2021-06-15T11:26:58,1000.0,31.8,B
2021-06-15T11:26:57,2100.0,31.8,B
2021-06-15T11:26:55,5000.0,31.8,B
2021-06-15T11:26:55,700.0,31.8,B
2021-06-15T11:26:55,200.0,31.8,B
2021-06-15T11:26:55,3000.0,31.8,B
2021-06-15T11:26:55,7000.0,31.8,B
2021-06-15T11:26:53,2000.0,31.8,B
2021-06-15T11:26:53,600.0,31.8,B
2021-06-15T11:26:53,7200.0,31.8,B
2021-06-15T11:26:53,9400.0,31.8,B
2021-06-15T11:26:53,2800.0,31.8,B
2021-06-15T11:26:53,3200.0,31.8,B
2021-06-15T11:26:52,100.0,31.75,S
2021-06-15T11:26:52,500.0,31.8,B
2021-06-15T11:26:50,500.0,31.8,B
2021-06-15T11:26:50,400.0,31.8,B
2021-06-15T11:26:50,1000.0,31.8,B
2021-06-15T11:26:50,52400.0,31.8,B
2021-06-15T11:26:49,900.0,31.8,B
2021-06-15T11:26:49,200.0,31.8,B
2021-06-15T11:26:49,500.0,31.8,B
2021-06-15T11:26:47,17000.0,31.8,B
2021-06-15T11:26:47,7000.0,31.8,B
2021-06-15T11:26:45,1000.0,31.8,B
2021-06-15T11:26:45,3200.0,31.8,B
2021-06-15T11:26:44,100.0,31.8,B
2021-06-15T11:26:44,6200.0,31.8,B
2021-06-15T11:26:44,3000.0,31.8,B
2021-06-15T11:26:44,1000.0,31.8,B
2021-06-15T11:26:43,10100.0,31.8,B
2021-06-15T11:26:43,5000.0,31.8,B
2021-06-15T11:26:42,1000.0,31.8,B
2021-06-15T11:26:42,3000.0,31.8,B
2021-06-15T11:26:41,1000.0,31.8,B
2021-06-15T11:26:41,500.0,31.8,B
2021-06-15T11:26:41,5600.0,31.8,B
2021-06-15T11:26:41,2000.0,31.8,B
2021-06-15T11:26:40,1000.0,31.8,B
2021-06-15T11:26:40,12600.0,31.8,B
2021-06-15T11:26:40,1000.0,31.8,B
2021-06-15T11:26:39,800.0,31.8,B
2021-06-15T11:26:38,10100.0,31.8,B
2021-06-15T11:26:37,5800.0,31.8,B
2021-06-15T11:26:37,3000.0,31.8,B
2021-06-15T11:26:37,4500.0,31.8,B
2021-06-15T11:26:37,500.0,31.8,B
2021-06-15T11:26:35,100.0,31.8,B
2021-06-15T11:26:35,400.0,31.8,B
2021-06-15T11:26:35,2600.0,31.8,B
2021-06-15T11:26:35,9200.0,31.8,B
2021-06-15T11:26:35,1900.0,31.75,S
2021-06-15T11:26:34,4200.0,31.75,S
2021-06-15T11:26:34,9000.0,31.75,S
2021-06-15T11:26:34,6500.0,31.75,S
2021-06-15T11:26:34,3200.0,31.75,S
2021-06-15T11:26:34,1100.0,31.75,S
2021-06-15T11:26:34,14700.0,31.75,S
2021-06-15T11:26:34,23300.0,31.75,S
2021-06-15T11:26:32,300.0,31.8,B
2021-06-15T11:26:32,13700.0,31.8,B
2021-06-15T11:26:32,1300.0,31.8,B
2021-06-15T11:26:32,2000.0,31.8,B
2021-06-15T11:26:31,1400.0,31.8,B
2021-06-15T11:26:31,200.0,31.8,B
2021-06-15T11:26:29,2500.0,31.8,B
2021-06-15T11:26:29,600.0,31.8,B
2021-06-15T11:26:29,6000.0,31.8,B
2021-06-15T11:26:29,2000.0,31.8,B
2021-06-15T11:26:28,500.0,31.8,B
2021-06-15T11:26:28,400.0,31.8,B
2021-06-15T11:26:28,1400.0,31.8,B
2021-06-15T11:26:28,3600.0,31.8,B
2021-06-15T11:26:26,500.0,31.8,B
2021-06-15T11:26:26,700.0,31.8,B
2021-06-15T11:26:26,6000.0,31.8,B
2021-06-15T11:26:24,2000.0,31.8,B
2021-06-15T11:26:24,1900.0,31.8,B
2021-06-15T11:26:22,1000.0,31.8,B
2021-06-15T11:26:22,1000.0,31.8,B
2021-06-15T11:26:22,1000.0,31.8,B
2021-06-15T11:26:22,12700.0,31.8,B
2021-06-15T11:26:22,3000.0,31.8,B
2021-06-15T11:26:21,1000.0,31.75,S
2021-06-15T11:26:21,100.0,31.8,B
2021-06-15T11:26:21,200.0,31.8,B
2021-06-15T11:26:21,1000.0,31.8,B
2021-06-15T11:26:20,2600.0,31.8,B
2021-06-15T11:26:20,1600.0,31.8,B
2021-06-15T11:26:20,5100.0,31.8,B
2021-06-15T11:26:20,1100.0,31.8,B
2021-06-15T11:26:20,2000.0,31.8,B
2021-06-15T11:26:20,3800.0,31.8,B
2021-06-15T11:26:20,700.0,31.8,B
2021-06-15T11:26:20,1600.0,31.8,B
2021-06-15T11:26:20,11100.0,31.8,B
2021-06-15T11:26:20,3700.0,31.8,B
2021-06-15T11:26:20,5700.0,31.8,B
2021-06-15T11:26:20,300.0,31.8,B
2021-06-15T11:26:20,4000.0,31.8,B
2021-06-15T11:26:20,5500.0,31.8,B
2021-06-15T11:26:20,500.0,31.8,B
2021-06-15T11:26:20,5000.0,31.8,B
2021-06-15T11:26:20,2500.0,31.8,B
2021-06-15T11:26:19,7800.0,31.8,B
2021-06-15T11:26:19,11400.0,31.8,B
2021-06-15T11:26:19,30000.0,31.8,B
2021-06-15T11:26:19,500.0,31.8,B
2021-06-15T11:26:18,6000.0,31.8,B
2021-06-15T11:26:17,20000.0,31.8,B
2021-06-15T11:26:15,500.0,31.8,B
2021-06-15T11:26:12,43900.0,31.8,B
2021-06-15T11:26:12,200.0,31.8,B
2021-06-15T11:26:12,4700.0,31.8,B
2021-06-15T11:26:12,5000.0,31.8,B
2021-06-15T11:26:12,6200.0,31.8,B
2021-06-15T11:26:12,3000.0,31.8,B
2021-06-15T11:26:12,600.0,31.8,B
2021-06-15T11:26:12,200.0,31.8,B
2021-06-15T11:26:11,500.0,31.8,B
2021-06-15T11:26:10,600.0,31.8,B
2021-06-15T11:26:10,400.0,31.8,B
2021-06-15T11:26:10,2000.0,31.8,B
2021-06-15T11:26:10,200.0,31.8,B
2021-06-15T11:26:10,2500.0,31.8,B
2021-06-15T11:26:09,200.0,31.75,S
2021-06-15T11:26:09,3100.0,31.8,B
2021-06-15T11:26:07,5500.0,31.8,B
2021-06-15T11:26:06,10000.0,31.8,B
2021-06-15T11:26:04,500.0,31.75,S
2021-06-15T11:26:04,1000.0,31.8,B
2021-06-15T11:26:00,1800.0,31.8,B
2021-06-15T11:26:00,5000.0,31.8,B
2021-06-15T11:26:00,25000.0,31.8,B
2021-06-15T11:26:00,100.0,31.75,S
2021-06-15T11:26:00,1600.0,31.8,B
2021-06-15T11:25:58,1000.0,31.8,B
2021-06-15T11:25:57,200.0,31.8,B
2021-06-15T11:25:57,300.0,31.8,B
2021-06-15T11:25:57,12200.0,31.8,B
2021-06-15T11:25:57,1000.0,31.8,B
2021-06-15T11:25:57,2800.0,31.8,B
2021-06-15T11:25:56,1000.0,31.8,B
2021-06-15T11:25:56,2000.0,31.8,B
2021-06-15T11:25:54,1000.0,31.8,B
2021-06-15T11:25:54,3000.0,31.8,B
2021-06-15T11:25:54,200.0,31.8,B
2021-06-15T11:25:53,5000.0,31.8,B
2021-06-15T11:25:52,3000.0,31.8,B
2021-06-15T11:25:52,6000.0,31.8,B
2021-06-15T11:25:50,2000.0,31.8,B
2021-06-15T11:25:50,200.0,31.8,B
2021-06-15T11:25:50,1300.0,31.8,B
2021-06-15T11:25:50,10000.0,31.8,B
2021-06-15T11:25:49,5000.0,31.8,B
2021-06-15T11:25:49,1400.0,31.8,B
2021-06-15T11:25:49,2200.0,31.8,B
2021-06-15T11:25:49,100.0,31.8,B
2021-06-15T11:25:49,2100.0,31.8,B
2021-06-15T11:25:49,1200.0,31.8,B
2021-06-15T11:25:47,1000.0,31.8,B
2021-06-15T11:25:46,100.0,31.8,B
2021-06-15T11:25:46,10700.0,31.8,B
2021-06-15T11:25:45,1100.0,31.8,B
2021-06-15T11:25:44,2400.0,31.8,B
2021-06-15T11:25:43,6000.0,31.8,B
2021-06-15T11:25:42,200.0,31.8,B
2021-06-15T11:25:41,1000.0,31.8,B
2021-06-15T11:25:39,300.0,31.8,B
2021-06-15T11:25:38,100.0,31.8,B
2021-06-15T11:25:35,1500.0,31.8,B
2021-06-15T11:25:35,10000.0,31.8,B
2021-06-15T11:25:35,1000.0,31.8,B
2021-06-15T11:25:33,900.0,31.8,B
2021-06-15T11:25:33,2300.0,31.8,B
2021-06-15T11:25:31,1000.0,31.8,B
2021-06-15T11:25:30,2000.0,31.8,B
2021-06-15T11:25:28,1000.0,31.75,S
2021-06-15T11:25:28,300.0,31.8,B
2021-06-15T11:25:27,3000.0,31.8,B
2021-06-15T11:25:26,20000.0,31.8,B
2021-06-15T11:25:25,1100.0,31.8,B
2021-06-15T11:25:25,3500.0,31.8,B
2021-06-15T11:25:25,1000.0,31.8,B
2021-06-15T11:25:24,6500.0,31.8,B
2021-06-15T11:25:23,500.0,31.8,B
2021-06-15T11:25:21,2000.0,31.8,B
2021-06-15T11:25:21,500.0,31.8,B
2021-06-15T11:25:21,800.0,31.8,B
2021-06-15T11:25:21,200.0,31.8,B
2021-06-15T11:25:21,1300.0,31.8,B
2021-06-15T11:25:21,6300.0,31.8,B
2021-06-15T11:25:21,2100.0,31.8,B
2021-06-15T11:25:21,300.0,31.8,B
2021-06-15T11:25:21,3000.0,31.8,B
2021-06-15T11:25:21,1000.0,31.8,B
2021-06-15T11:25:21,15000.0,31.8,B
2021-06-15T11:25:20,500.0,31.8,B
2021-06-15T11:25:19,400.0,31.8,B
2021-06-15T11:25:19,11400.0,31.8,B
2021-06-15T11:25:19,4000.0,31.8,B
2021-06-15T11:25:19,1500.0,31.8,B
2021-06-15T11:25:19,1000.0,31.8,B
2021-06-15T11:25:19,6700.0,31.8,B
2021-06-15T11:25:17,400.0,31.8,B
2021-06-15T11:25:17,12200.0,31.8,B
2021-06-15T11:25:17,100.0,31.8,B
2021-06-15T11:25:17,2400.0,31.8,B
2021-06-15T11:25:17,1000.0,31.8,B
2021-06-15T11:25:17,1200.0,31.8,B
2021-06-15T11:25:17,300.0,31.8,B
2021-06-15T11:25:16,2400.0,31.8,B
2021-06-15T11:25:14,500.0,31.8,B
2021-06-15T11:25:14,3000.0,31.8,B
2021-06-15T11:25:14,5100.0,31.8,B
2021-06-15T11:25:14,2000.0,31.8,B
2021-06-15T11:25:14,1000.0,31.8,B
2021-06-15T11:25:13,1200.0,31.8,B
2021-06-15T11:25:13,500.0,31.8,B
2021-06-15T11:25:13,2300.0,31.8,B
2021-06-15T11:25:11,1200.0,31.8,B
2021-06-15T11:25:10,5000.0,31.8,B
2021-06-15T11:25:10,100.0,31.8,B
2021-06-15T11:25:09,500.0,31.8,B
2021-06-15T11:25:09,200.0,31.8,B
2021-06-15T11:25:09,2000.0,31.8,B
2021-06-15T11:25:09,3400.0,31.8,B
2021-06-15T11:25:09,6500.0,31.8,B
2021-06-15T11:25:09,500.0,31.8,B
2021-06-15T11:25:09,2400.0,31.8,B
2021-06-15T11:25:09,1500.0,31.8,B
2021-06-15T11:25:09,100.0,31.8,B
2021-06-15T11:25:09,2000.0,31.8,B
2021-06-15T11:25:09,900.0,31.8,B
2021-06-15T11:25:09,1000.0,31.8,B
2021-06-15T11:25:09,1000.0,31.8,B
2021-06-15T11:25:09,5000.0,31.8,B
2021-06-15T11:25:09,14800.0,31.8,B
2021-06-15T11:25:09,2500.0,31.8,B
2021-06-15T11:25:09,2800.0,31.8,B
2021-06-15T11:25:09,2900.0,31.8,B
2021-06-15T11:25:09,3000.0,31.8,B
2021-06-15T11:25:07,500.0,31.8,B
2021-06-15T11:25:06,500.0,31.8,B
2021-06-15T11:25:04,1400.0,31.8,B
2021-06-15T11:25:04,300.0,31.8,B
2021-06-15T11:25:03,100.0,31.75,S
2021-06-15T11:25:01,1000.0,31.8,B
2021-06-15T11:24:59,1400.0,31.8,B
2021-06-15T11:24:59,300.0,31.8,B
2021-06-15T11:24:56,200.0,31.8,B
2021-06-15T11:24:56,100.0,31.8,B
2021-06-15T11:24:54,4500.0,31.8,B
2021-06-15T11:24:54,1600.0,31.75,S
2021-06-15T11:24:52,5000.0,31.8,B
2021-06-15T11:24:51,1500.0,31.8,B
2021-06-15T11:24:50,2000.0,31.75,S
2021-06-15T11:24:47,3000.0,31.8,B
2021-06-15T11:24:44,500.0,31.8,B
2021-06-15T11:24:44,2000.0,31.8,B
2021-06-15T11:24:42,3000.0,31.75,B
2021-06-15T11:24:41,200.0,31.75,B
2021-06-15T11:24:39,1200.0,31.8,B
2021-06-15T11:24:39,1800.0,31.8,B
2021-06-15T11:24:38,2000.0,31.7,S
2021-06-15T11:24:37,300.0,31.7,S
2021-06-15T11:24:37,1000.0,31.8,B
2021-06-15T11:24:36,2600.0,31.8,B
2021-06-15T11:24:34,700.0,31.8,B
2021-06-15T11:24:33,500.0,31.8,B
2021-06-15T11:24:33,100.0,31.8,B
2021-06-15T11:24:33,2000.0,31.8,B
2021-06-15T11:24:33,600.0,31.8,B
2021-06-15T11:24:33,1000.0,31.8,B
2021-06-15T11:24:31,12100.0,31.8,B
2021-06-15T11:24:31,1500.0,31.75,B
2021-06-15T11:24:30,10500.0,31.75,B
2021-06-15T11:24:26,5000.0,31.8,B
2021-06-15T11:24:25,2000.0,31.7,S
2021-06-15T11:24:24,1000.0,31.7,S
2021-06-15T11:24:24,800.0,31.8,B
2021-06-15T11:24:22,2000.0,31.8,B
2021-06-15T11:24:21,2000.0,31.7,S
2021-06-15T11:24:16,5000.0,31.8,B
2021-06-15T11:24:15,200.0,31.75,B
2021-06-15T11:24:15,17800.0,31.75,B
2021-06-15T11:24:15,1500.0,31.75,B
2021-06-15T11:24:14,200.0,31.7,S
2021-06-15T11:24:12,800.0,31.7,B
2021-06-15T11:24:12,100.0,31.7,B
2021-06-15T11:24:11,300.0,31.75,B
2021-06-15T11:24:10,100.0,31.7,B
2021-06-15T11:24:10,500.0,31.7,B
2021-06-15T11:24:10,400.0,31.75,B
2021-06-15T11:24:10,1000.0,31.75,B
2021-06-15T11:24:09,3600.0,31.75,B
2021-06-15T11:24:08,500.0,31.7,B
2021-06-15T11:24:08,600.0,31.75,B
2021-06-15T11:24:07,2600.0,31.7,B
2021-06-15T11:24:07,1700.0,31.7,B
2021-06-15T11:24:07,500.0,31.65,S
2021-06-15T11:24:07,8000.0,31.7,B
2021-06-15T11:24:06,4100.0,31.7,B
2021-06-15T11:24:06,300.0,31.7,B
2021-06-15T11:24:06,400.0,31.7,B
2021-06-15T11:24:06,700.0,31.7,B
2021-06-15T11:24:06,1100.0,31.7,B
2021-06-15T11:24:06,200.0,31.7,B
2021-06-15T11:24:06,13200.0,31.7,B
2021-06-15T11:24:05,2000.0,31.7,B
2021-06-15T11:24:04,100.0,31.7,B
2021-06-15T11:24:03,1000.0,31.7,B
2021-06-15T11:24:02,200.0,31.7,B
2021-06-15T11:24:02,1500.0,31.65,S
2021-06-15T11:24:01,200.0,31.65,S
2021-06-15T11:23:59,500.0,31.65,S
2021-06-15T11:23:58,300.0,31.7,B
2021-06-15T11:23:56,4500.0,31.7,B
2021-06-15T11:23:56,300.0,31.7,B
2021-06-15T11:23:55,2700.0,31.7,B
2021-06-15T11:23:55,300.0,31.7,B
2021-06-15T11:23:53,2000.0,31.7,B
2021-06-15T11:23:52,1000.0,31.7,B
2021-06-15T11:23:51,1000.0,31.7,B
2021-06-15T11:23:50,1300.0,31.7,B
2021-06-15T11:23:50,3700.0,31.7,B
2021-06-15T11:23:49,100.0,31.65,B
2021-06-15T11:23:49,1000.0,31.65,B
2021-06-15T11:23:49,4800.0,31.65,B
2021-06-15T11:23:49,8000.0,31.65,B
2021-06-15T11:23:48,5000.0,31.65,B
2021-06-15T11:23:48,100.0,31.6,S
2021-06-15T11:23:48,300.0,31.6,S
2021-06-15T11:23:48,2000.0,31.65,B
2021-06-15T11:23:48,10500.0,31.65,B
2021-06-15T11:23:47,1000.0,31.7,B
2021-06-15T11:23:47,1200.0,31.65,B
2021-06-15T11:23:47,300.0,31.65,B
2021-06-15T11:23:46,16800.0,31.65,B
2021-06-15T11:23:45,2400.0,31.65,B
2021-06-15T11:23:43,1700.0,31.65,B
2021-06-15T11:23:43,50000.0,31.65,B
2021-06-15T11:23:42,1000.0,31.65,B
2021-06-15T11:23:42,500.0,31.65,B
2021-06-15T11:23:39,300.0,31.65,B
2021-06-15T11:23:39,500.0,31.65,B
2021-06-15T11:23:38,1900.0,31.65,B
2021-06-15T11:23:38,100.0,31.65,B
2021-06-15T11:23:38,1000.0,31.65,B
2021-06-15T11:23:38,3000.0,31.65,B
2021-06-15T11:23:38,3000.0,31.65,B
2021-06-15T11:23:38,1000.0,31.6,S
2021-06-15T11:23:37,300.0,31.65,B
2021-06-15T11:23:36,3000.0,31.65,B
2021-06-15T11:23:34,2400.0,31.65,B
2021-06-15T11:23:34,200.0,31.6,S
2021-06-15T11:23:34,400.0,31.65,B
2021-06-15T11:23:34,2800.0,31.65,B
2021-06-15T11:23:33,100.0,31.65,B
2021-06-15T11:23:31,200.0,31.65,B
2021-06-15T11:23:28,400.0,31.65,B
2021-06-15T11:23:26,1000.0,31.65,B
2021-06-15T11:23:26,1000.0,31.65,B
2021-06-15T11:23:26,100.0,31.65,B
2021-06-15T11:23:24,700.0,31.65,B
2021-06-15T11:23:24,100.0,31.6,S
2021-06-15T11:23:24,1600.0,31.65,B
2021-06-15T11:23:23,9000.0,31.65,B
2021-06-15T11:23:23,1600.0,31.6,S
2021-06-15T11:23:22,1000.0,31.65,B
2021-06-15T11:23:21,100.0,31.6,S
2021-06-15T11:23:17,3000.0,31.65,B
2021-06-15T11:23:16,5000.0,31.65,B
2021-06-15T11:23:15,6000.0,31.65,B
2021-06-15T11:23:13,100.0,31.6,S
2021-06-15T11:23:13,1000.0,31.6,S
2021-06-15T11:23:13,200.0,31.65,B
2021-06-15T11:23:13,500.0,31.65,B
2021-06-15T11:23:11,200.0,31.6,S
2021-06-15T11:23:09,1300.0,31.6,S
2021-06-15T11:23:09,100.0,31.6,S
2021-06-15T11:23:05,5700.0,31.6,B
2021-06-15T11:23:03,600.0,31.6,B
2021-06-15T11:23:03,10000.0,31.55,S
2021-06-15T11:23:01,100.0,31.6,B
2021-06-15T11:23:01,100.0,31.6,B
2021-06-15T11:22:58,2800.0,31.6,B
2021-06-15T11:22:58,500.0,31.6,B
2021-06-15T11:22:58,500.0,31.6,B
2021-06-15T11:22:58,12100.0,31.6,B
2021-06-15T11:22:58,1500.0,31.5,S
2021-06-15T11:22:58,1100.0,31.5,S
2021-06-15T11:22:58,4300.0,31.5,S
2021-06-15T11:22:58,1200.0,31.6,B
2021-06-15T11:22:58,8800.0,31.6,B
2021-06-15T11:22:58,5000.0,31.55,B
2021-06-15T11:22:57,1500.0,31.55,B
2021-06-15T11:22:56,3300.0,31.55,B
2021-06-15T11:22:55,1000.0,31.55,B
2021-06-15T11:22:54,5000.0,31.55,B
2021-06-15T11:22:54,500.0,31.55,B
2021-06-15T11:22:53,700.0,31.55,B
2021-06-15T11:22:52,500.0,31.55,B
2021-06-15T11:22:51,100.0,31.5,S
2021-06-15T11:22:48,500.0,31.55,B
2021-06-15T11:22:47,1800.0,31.6,B
2021-06-15T11:22:47,6500.0,31.6,B
2021-06-15T11:22:47,2900.0,31.6,B
2021-06-15T11:22:47,400.0,31.6,B
2021-06-15T11:22:47,1700.0,31.6,B
2021-06-15T11:22:47,200.0,31.6,B
2021-06-15T11:22:47,6200.0,31.6,B
2021-06-15T11:22:47,1600.0,31.6,B
2021-06-15T11:22:47,3100.0,31.6,B
2021-06-15T11:22:47,3300.0,31.6,B
2021-06-15T11:22:47,10000.0,31.6,B
2021-06-15T11:22:47,12300.0,31.6,B
2021-06-15T11:22:46,1100.0,31.55,B
2021-06-15T11:22:44,1000.0,31.55,B
2021-06-15T11:22:43,500.0,31.55,S
2021-06-15T11:22:42,10000.0,31.55,S
2021-06-15T11:22:42,100.0,31.5,S
2021-06-15T11:22:41,400.0,31.55,S
2021-06-15T11:22:40,1400.0,31.55,S
2021-06-15T11:22:40,1000.0,31.55,S
2021-06-15T11:22:38,400.0,31.55,S
2021-06-15T11:22:38,100.0,31.55,S
2021-06-15T11:22:38,10000.0,31.5,S
2021-06-15T11:22:38,400.0,31.6,B
2021-06-15T11:22:38,1600.0,31.6,B
2021-06-15T11:22:37,100.0,31.6,B
2021-06-15T11:22:35,6000.0,31.6,B
2021-06-15T11:22:33,5000.0,31.6,B
2021-06-15T11:22:33,2000.0,31.55,B
2021-06-15T11:22:32,600.0,31.5,S
2021-06-15T11:22:31,5000.0,31.55,B
2021-06-15T11:22:31,100.0,31.5,S
2021-06-15T11:22:28,1000.0,31.5,S
2021-06-15T11:22:27,3500.0,31.55,B
2021-06-15T11:22:25,3000.0,31.55,B
2021-06-15T11:22:24,2500.0,31.55,B
2021-06-15T11:22:22,1000.0,31.55,B
2021-06-15T11:22:20,100.0,31.5,S
2021-06-15T11:22:20,1000.0,31.5,S
2021-06-15T11:22:20,500.0,31.55,B
2021-06-15T11:22:19,300.0,31.5,S
2021-06-15T11:22:17,2000.0,31.55,S
2021-06-15T11:22:16,700.0,31.5,S
2021-06-15T11:22:15,2000.0,31.6,B
2021-06-15T11:22:10,9000.0,31.5,S
2021-06-15T11:22:07,500.0,31.6,B
2021-06-15T11:22:07,200.0,31.5,S
2021-06-15T11:22:02,1000.0,31.5,S
2021-06-15T11:22:01,2000.0,31.6,B
2021-06-15T11:22:01,1100.0,31.55,B
2021-06-15T11:21:59,1500.0,31.5,S
2021-06-15T11:21:59,36500.0,31.5,B
2021-06-15T11:21:58,500.0,31.45,B
2021-06-15T11:21:57,1500.0,31.45,S
2021-06-15T11:21:56,3000.0,31.45,S
2021-06-15T11:21:53,100.0,31.45,S
2021-06-15T11:21:53,500.0,31.5,B
2021-06-15T11:21:52,400.0,31.5,B
2021-06-15T11:21:52,300.0,31.5,B
2021-06-15T11:21:52,500.0,31.5,B
2021-06-15T11:21:52,2400.0,31.5,B
2021-06-15T11:21:52,800.0,31.5,B
2021-06-15T11:21:52,400.0,31.5,B
2021-06-15T11:21:52,1600.0,31.5,B
2021-06-15T11:21:52,5700.0,31.5,B
2021-06-15T11:21:52,2100.0,31.5,B
2021-06-15T11:21:51,15800.0,31.5,B
2021-06-15T11:21:49,1000.0,31.45,B
2021-06-15T11:21:48,1400.0,31.45,S
2021-06-15T11:21:48,1100.0,31.45,S
2021-06-15T11:21:46,4300.0,31.45,S
2021-06-15T11:21:46,300.0,31.5,B
2021-06-15T11:21:44,500.0,31.5,B
2021-06-15T11:21:41,12000.0,31.5,B
2021-06-15T11:21:40,200.0,31.5,B
2021-06-15T11:21:40,1300.0,31.5,B
2021-06-15T11:21:40,5300.0,31.5,B
2021-06-15T11:21:40,5400.0,31.5,B
2021-06-15T11:21:39,200.0,31.5,B
2021-06-15T11:21:37,500.0,31.4,S
2021-06-15T11:21:34,600.0,31.5,B
2021-06-15T11:21:34,400.0,31.5,B
2021-06-15T11:21:33,2000.0,31.4,S
2021-06-15T11:21:31,4800.0,31.5,B
2021-06-15T11:21:30,13400.0,31.45,B
2021-06-15T11:21:30,1900.0,31.45,B
2021-06-15T11:21:28,1000.0,31.5,B
2021-06-15T11:21:28,900.0,31.5,B
2021-06-15T11:21:26,3000.0,31.5,B
2021-06-15T11:21:26,200.0,31.5,B
2021-06-15T11:21:26,1600.0,31.5,B
2021-06-15T11:21:26,3300.0,31.5,B
2021-06-15T11:21:26,2000.0,31.5,B
2021-06-15T11:21:26,400.0,31.5,B
2021-06-15T11:21:25,100.0,31.5,B
2021-06-15T11:21:25,300.0,31.45,B
2021-06-15T11:21:25,500.0,31.45,B
2021-06-15T11:21:23,200.0,31.45,B
2021-06-15T11:21:23,1000.0,31.45,S
2021-06-15T11:21:23,500.0,31.45,S
2021-06-15T11:21:22,4000.0,31.5,B
2021-06-15T11:21:21,2000.0,31.5,B
2021-06-15T11:21:20,100.0,31.5,B
2021-06-15T11:21:19,2000.0,31.5,B
2021-06-15T11:21:18,47100.0,31.5,B
2021-06-15T11:21:18,100.0,31.5,B
2021-06-15T11:21:17,2800.0,31.5,B
2021-06-15T11:21:13,1000.0,31.5,B
2021-06-15T11:21:12,5000.0,31.5,B
2021-06-15T11:21:12,100.0,31.45,B
2021-06-15T11:21:11,100.0,31.45,B
2021-06-15T11:21:11,1000.0,31.45,B
2021-06-15T11:21:11,500.0,31.45,B
2021-06-15T11:21:07,9000.0,31.45,S
2021-06-15T11:21:07,100.0,31.45,S
2021-06-15T11:21:07,1000.0,31.5,B
2021-06-15T11:21:07,300.0,31.5,B
2021-06-15T11:21:07,3000.0,31.5,B
2021-06-15T11:21:06,10000.0,31.5,B
2021-06-15T11:21:05,1000.0,31.45,S
2021-06-15T11:21:03,100.0,31.45,S
2021-06-15T11:21:02,1000.0,31.5,B
2021-06-15T11:21:01,2600.0,31.45,S
2021-06-15T11:20:59,100.0,31.45,S
2021-06-15T11:20:56,500.0,31.45,S
2021-06-15T11:20:55,1400.0,31.5,B
2021-06-15T11:20:54,5000.0,31.5,B
2021-06-15T11:20:54,500.0,31.5,B
2021-06-15T11:20:53,1500.0,31.3,S
2021-06-15T11:20:52,600.0,31.45,B
2021-06-15T11:20:49,100.0,31.3,S
2021-06-15T11:20:46,1000.0,31.3,S
2021-06-15T11:20:45,400.0,31.45,B
2021-06-15T11:20:44,10000.0,31.3,S
2021-06-15T11:20:39,100.0,31.3,S
2021-06-15T11:20:35,500.0,31.3,B
2021-06-15T11:20:34,1000.0,31.3,B
2021-06-15T11:20:34,900.0,31.5,B
2021-06-15T11:20:34,100.0,31.5,B
2021-06-15T11:20:34,600.0,31.3,B
2021-06-15T11:20:34,9300.0,31.5,B
2021-06-15T11:20:34,2800.0,31.5,B
2021-06-15T11:20:34,6400.0,31.5,B
2021-06-15T11:20:34,5500.0,31.5,B
2021-06-15T11:20:33,100.0,31.5,B
2021-06-15T11:20:33,1800.0,31.5,B
2021-06-15T11:20:33,300.0,31.5,B
2021-06-15T11:20:33,1500.0,31.5,B
2021-06-15T11:20:33,3200.0,31.5,B
2021-06-15T11:20:33,600.0,31.5,B
2021-06-15T11:20:33,2700.0,31.5,B
2021-06-15T11:20:33,3000.0,31.5,B
2021-06-15T11:20:33,16000.0,31.5,B
2021-06-15T11:20:33,3100.0,31.5,B
2021-06-15T11:20:33,1600.0,31.5,B
2021-06-15T11:20:33,400.0,31.5,B
2021-06-15T11:20:33,12800.0,31.5,B
2021-06-15T11:20:33,4200.0,31.5,B
2021-06-15T11:20:33,3000.0,31.5,B
2021-06-15T11:20:33,600.0,31.5,B
2021-06-15T11:20:33,16800.0,31.5,B
2021-06-15T11:20:33,600.0,31.5,B
2021-06-15T11:20:33,1000.0,31.5,B
2021-06-15T11:20:33,8200.0,31.5,B
2021-06-15T11:20:33,100.0,31.5,B
2021-06-15T11:20:33,1700.0,31.5,B
2021-06-15T11:20:32,8000.0,31.5,B
2021-06-15T11:20:32,14600.0,31.5,B
2021-06-15T11:20:32,12000.0,31.5,B
2021-06-15T11:20:32,10700.0,31.5,B
2021-06-15T11:20:32,100.0,31.5,B
2021-06-15T11:20:32,2100.0,31.5,B
2021-06-15T11:20:32,1100.0,31.5,B
2021-06-15T11:20:32,7000.0,31.5,B
2021-06-15T11:20:32,2100.0,31.5,B
2021-06-15T11:20:32,22500.0,31.5,B
2021-06-15T11:20:32,38000.0,31.45,B
2021-06-15T11:20:32,1100.0,31.4,B
2021-06-15T11:20:32,200.0,31.4,B
2021-06-15T11:20:32,2000.0,31.4,B
2021-06-15T11:20:32,1000.0,31.4,B
2021-06-15T11:20:32,35900.0,31.4,B
2021-06-15T11:20:32,1600.0,31.4,B
2021-06-15T11:20:32,1900.0,31.4,B
2021-06-15T11:20:32,1700.0,31.4,B
2021-06-15T11:20:32,9500.0,31.4,B
2021-06-15T11:20:32,1500.0,31.4,B
2021-06-15T11:20:32,1000.0,31.4,B
2021-06-15T11:20:32,1300.0,31.4,B
2021-06-15T11:20:32,1300.0,31.35,B
2021-06-15T11:20:32,900.0,31.3,B
2021-06-15T11:20:32,5000.0,31.3,B
2021-06-15T11:20:32,1400.0,31.3,B
2021-06-15T11:20:32,10500.0,31.3,B
2021-06-15T11:20:32,12900.0,31.3,B
2021-06-15T11:20:31,800.0,31.3,B
2021-06-15T11:20:28,15600.0,31.3,B
2021-06-15T11:20:28,2400.0,31.3,B
2021-06-15T11:20:28,2500.0,31.3,B
2021-06-15T11:20:28,500.0,31.3,B
2021-06-15T11:20:28,5000.0,31.3,B
2021-06-15T11:20:28,1100.0,31.3,B
2021-06-15T11:20:28,500.0,31.3,B
2021-06-15T11:20:28,4400.0,31.3,B
2021-06-15T11:20:28,1000.0,31.3,B
2021-06-15T11:20:28,1000.0,31.3,B
2021-06-15T11:20:28,2000.0,31.3,B
2021-06-15T11:20:28,800.0,31.25,S
2021-06-15T11:20:28,200.0,31.3,B
2021-06-15T11:20:27,900.0,31.3,B
2021-06-15T11:20:26,800.0,31.3,B
2021-06-15T11:20:26,100.0,31.2,S
2021-06-15T11:20:24,2000.0,31.3,B
2021-06-15T11:20:23,10000.0,31.3,B
2021-06-15T11:20:19,100.0,31.2,S
2021-06-15T11:20:18,900.0,31.3,B
2021-06-15T11:20:13,5000.0,31.3,B
2021-06-15T11:20:10,2000.0,31.3,B
2021-06-15T11:20:07,3000.0,31.3,B
2021-06-15T11:20:04,1000.0,31.25,B
2021-06-15T11:20:03,200.0,31.2,B
2021-06-15T11:20:03,1000.0,31.2,B
2021-06-15T11:20:03,100.0,31.2,B
2021-06-15T11:20:02,2200.0,31.2,B
2021-06-15T11:20:02,500.0,31.2,B
2021-06-15T11:19:59,5000.0,31.2,B
2021-06-15T11:19:58,3300.0,31.2,B
2021-06-15T11:19:58,3000.0,31.2,B
2021-06-15T11:19:58,1000.0,31.2,B
2021-06-15T11:19:57,500.0,31.2,B
2021-06-15T11:19:55,1000.0,31.2,B
2021-06-15T11:19:54,500.0,31.2,B
2021-06-15T11:19:54,2600.0,31.2,B
2021-06-15T11:19:53,300.0,31.2,B
2021-06-15T11:19:53,2000.0,31.2,B
2021-06-15T11:19:51,500.0,31.2,B
2021-06-15T11:19:50,200.0,31.2,B
2021-06-15T11:19:50,9000.0,31.2,B
2021-06-15T11:19:48,200.0,31.2,B
2021-06-15T11:19:46,100.0,31.2,B
2021-06-15T11:19:46,2400.0,31.2,B
2021-06-15T11:19:43,100.0,31.2,B
2021-06-15T11:19:43,2000.0,31.2,B
2021-06-15T11:19:43,2400.0,31.2,B
2021-06-15T11:19:43,3600.0,31.2,B
2021-06-15T11:19:42,1000.0,31.1,S
2021-06-15T11:19:40,1300.0,31.2,B
2021-06-15T11:19:40,500.0,31.1,S
2021-06-15T11:19:40,100.0,31.2,B
2021-06-15T11:19:40,1900.0,31.2,B
2021-06-15T11:19:40,300.0,31.2,B
2021-06-15T11:19:38,700.0,31.2,B
2021-06-15T11:19:38,600.0,31.2,B
2021-06-15T11:19:38,1000.0,31.2,B
2021-06-15T11:19:38,1000.0,31.2,B
2021-06-15T11:19:38,500.0,31.2,B
2021-06-15T11:19:38,800.0,31.2,B
2021-06-15T11:19:38,3100.0,31.2,B
2021-06-15T11:19:38,2100.0,31.2,B
2021-06-15T11:19:38,10700.0,31.2,B
2021-06-15T11:19:38,300.0,31.2,B
2021-06-15T11:19:36,5000.0,31.2,B
2021-06-15T11:19:35,1200.0,31.2,B
2021-06-15T11:19:34,2000.0,31.2,B
2021-06-15T11:19:32,5000.0,31.2,B
2021-06-15T11:19:31,1600.0,31.1,S
2021-06-15T11:19:30,100.0,31.1,S
2021-06-15T11:19:30,10600.0,31.2,B
2021-06-15T11:19:30,500.0,31.2,B
2021-06-15T11:19:29,10000.0,31.2,B
2021-06-15T11:19:28,1500.0,31.1,S
2021-06-15T11:19:27,1200.0,31.1,B
2021-06-15T11:19:27,35000.0,31.1,B
2021-06-15T11:19:27,10000.0,31.1,B
2021-06-15T11:19:26,1100.0,31.1,B
2021-06-15T11:19:24,2500.0,31.1,B
2021-06-15T11:19:24,5000.0,31.1,B
2021-06-15T11:19:24,15000.0,31.1,B
2021-06-15T11:19:24,1500.0,31.1,B
2021-06-15T11:19:23,200.0,31.05,S
2021-06-15T11:19:23,1400.0,31.1,B
2021-06-15T11:19:23,3600.0,31.1,B
2021-06-15T11:19:23,1500.0,31.1,B
2021-06-15T11:19:21,500.0,31.1,B
2021-06-15T11:19:17,1000.0,31.05,S
2021-06-15T11:19:14,6500.0,31.0,S
2021-06-15T11:19:13,3300.0,31.0,S
2021-06-15T11:19:13,400.0,31.05,B
2021-06-15T11:19:11,1000.0,31.0,B
2021-06-15T11:19:11,1100.0,31.0,B
2021-06-15T11:19:11,600.0,31.0,B
2021-06-15T11:19:11,2100.0,31.0,B
2021-06-15T11:19:11,12500.0,31.0,B
2021-06-15T11:19:11,700.0,31.0,B
2021-06-15T11:19:11,5900.0,31.0,B
2021-06-15T11:19:10,2600.0,31.0,B
2021-06-15T11:19:10,6800.0,31.0,B
2021-06-15T11:19:10,100.0,31.0,B
2021-06-15T11:19:10,800.0,31.0,B
2021-06-15T11:19:10,1300.0,31.0,B
2021-06-15T11:19:10,700.0,31.0,B
2021-06-15T11:19:10,700.0,31.0,B
2021-06-15T11:19:10,300.0,31.0,B
2021-06-15T11:19:10,1100.0,31.0,B
2021-06-15T11:19:10,2700.0,31.0,B
2021-06-15T11:19:10,2000.0,31.0,B
2021-06-15T11:19:10,400.0,31.0,B
2021-06-15T11:19:10,400.0,31.0,B
2021-06-15T11:19:10,20000.0,31.0,B
2021-06-15T11:19:10,5800.0,31.0,B
2021-06-15T11:19:10,7600.0,31.0,B
2021-06-15T11:19:10,3000.0,31.0,B
2021-06-15T11:19:10,100.0,31.0,B
2021-06-15T11:19:10,1000.0,31.0,B
2021-06-15T11:19:10,4200.0,31.0,B
2021-06-15T11:19:10,500.0,31.0,B
2021-06-15T11:19:10,6600.0,31.0,B
2021-06-15T11:19:10,500.0,31.0,B
2021-06-15T11:19:10,3400.0,31.0,B
2021-06-15T11:19:10,500.0,31.0,B
2021-06-15T11:19:10,5000.0,31.0,B
2021-06-15T11:19:10,5000.0,31.0,B
2021-06-15T11:19:10,6800.0,31.0,B
2021-06-15T11:19:10,200.0,31.0,B
2021-06-15T11:19:10,100.0,31.0,B
2021-06-15T11:19:10,5100.0,31.0,B
2021-06-15T11:19:10,1500.0,31.0,B
2021-06-15T11:19:09,1900.0,31.0,B
2021-06-15T11:19:09,1700.0,31.0,B
2021-06-15T11:19:08,900.0,31.0,B
2021-06-15T11:19:08,600.0,31.0,B
2021-06-15T11:19:08,900.0,31.0,B
2021-06-15T11:19:08,200.0,31.0,B
2021-06-15T11:19:08,4400.0,31.0,B
2021-06-15T11:19:08,800.0,31.0,B
2021-06-15T11:19:08,4500.0,31.0,B
2021-06-15T11:19:08,600.0,31.0,B
2021-06-15T11:19:08,2500.0,31.0,B
2021-06-15T11:19:08,3600.0,31.0,B
2021-06-15T11:19:08,1100.0,31.0,B
2021-06-15T11:19:08,4900.0,31.0,B
2021-06-15T11:19:08,500.0,31.0,B
2021-06-15T11:19:08,500.0,31.0,B
2021-06-15T11:19:08,25400.0,31.0,B
2021-06-15T11:19:08,9800.0,31.0,B
2021-06-15T11:19:08,35000.0,31.0,B
2021-06-15T11:19:08,400.0,31.0,B
2021-06-15T11:19:08,10400.0,31.0,B
2021-06-15T11:19:08,8200.0,31.0,B
2021-06-15T11:19:08,1800.0,31.0,B
2021-06-15T11:19:08,2000.0,31.0,B
2021-06-15T11:19:07,5000.0,31.0,B
2021-06-15T11:19:05,1800.0,31.0,B
2021-06-15T11:19:05,3400.0,31.0,B
2021-06-15T11:19:05,2000.0,31.0,B
2021-06-15T11:19:05,1000.0,31.0,B
2021-06-15T11:19:05,2300.0,31.0,B
2021-06-15T11:19:05,1000.0,31.0,B
2021-06-15T11:19:05,1100.0,31.0,B
2021-06-15T11:19:05,2100.0,31.0,B
2021-06-15T11:19:05,1600.0,31.0,B
2021-06-15T11:19:05,21700.0,31.0,B
2021-06-15T11:19:05,2000.0,31.0,B
2021-06-15T11:19:04,1000.0,31.0,B
2021-06-15T11:19:03,300.0,31.0,B
2021-06-15T11:19:02,6500.0,31.0,B
2021-06-15T11:19:02,100.0,31.0,B
2021-06-15T11:19:02,2100.0,31.0,B
2021-06-15T11:19:02,300.0,31.0,B
2021-06-15T11:19:02,2200.0,31.0,B
2021-06-15T11:19:02,200.0,31.0,B
2021-06-15T11:19:02,8600.0,31.0,B
2021-06-15T11:19:02,3000.0,31.0,B
2021-06-15T11:19:02,100.0,31.0,B
2021-06-15T11:19:02,400.0,31.0,B
2021-06-15T11:19:01,2000.0,31.0,B
2021-06-15T11:19:01,400.0,31.0,B
2021-06-15T11:19:01,2700.0,31.0,B
2021-06-15T11:19:01,500.0,31.0,B
2021-06-15T11:19:01,8000.0,31.0,B
2021-06-15T11:19:01,1500.0,31.0,B
2021-06-15T11:19:01,800.0,31.0,B
2021-06-15T11:19:01,1100.0,31.0,B
2021-06-15T11:19:01,7800.0,31.0,B
2021-06-15T11:19:01,7200.0,31.0,B
2021-06-15T11:19:00,3000.0,31.0,B
2021-06-15T11:19:00,100.0,31.0,B
2021-06-15T11:18:59,500.0,31.0,B
2021-06-15T11:18:56,9600.0,31.0,B
2021-06-15T11:18:56,1500.0,31.0,B
2021-06-15T11:18:54,5000.0,31.0,B
2021-06-15T11:18:54,200.0,31.0,B
2021-06-15T11:18:53,2200.0,31.0,B
2021-06-15T11:18:53,400.0,31.0,B
2021-06-15T11:18:50,3500.0,31.0,B
2021-06-15T11:18:50,100.0,31.0,B
2021-06-15T11:18:50,500.0,31.0,B
2021-06-15T11:18:49,5600.0,31.0,B
2021-06-15T11:18:49,900.0,31.0,B
2021-06-15T11:18:49,100.0,31.0,B
2021-06-15T11:18:49,100.0,31.0,B
2021-06-15T11:18:49,900.0,31.0,B
2021-06-15T11:18:49,1600.0,31.0,B
2021-06-15T11:18:49,1300.0,31.0,B
2021-06-15T11:18:49,500.0,31.0,B
2021-06-15T11:18:49,10500.0,31.0,B
2021-06-15T11:18:49,900.0,31.0,B
2021-06-15T11:18:49,9400.0,31.0,B
2021-06-15T11:18:49,1000.0,31.0,B
2021-06-15T11:18:49,1200.0,31.0,B
2021-06-15T11:18:49,1300.0,31.0,B
2021-06-15T11:18:49,300.0,31.0,B
2021-06-15T11:18:49,4000.0,31.0,B
2021-06-15T11:18:49,1300.0,31.0,B
2021-06-15T11:18:49,12200.0,31.0,B
2021-06-15T11:18:49,800.0,31.0,B
2021-06-15T11:18:49,1600.0,31.0,B
2021-06-15T11:18:49,2100.0,31.0,B
2021-06-15T11:18:49,10000.0,31.0,B
2021-06-15T11:18:48,200.0,31.0,B
2021-06-15T11:18:48,10000.0,31.0,B
2021-06-15T11:18:47,3000.0,31.0,B
2021-06-15T11:18:46,4400.0,31.0,B
2021-06-15T11:18:45,1000.0,31.0,B
2021-06-15T11:18:44,5000.0,31.0,B
2021-06-15T11:18:44,5000.0,31.0,B
2021-06-15T11:18:44,500.0,31.0,B
2021-06-15T11:18:43,7200.0,31.0,B
2021-06-15T11:18:43,7600.0,31.0,B
2021-06-15T11:18:42,20000.0,31.0,B
2021-06-15T11:18:40,1000.0,31.0,B
2021-06-15T11:18:40,500.0,31.0,B
2021-06-15T11:18:39,500.0,31.0,B
2021-06-15T11:18:39,500.0,31.0,B
2021-06-15T11:18:38,10000.0,30.95,S
2021-06-15T11:18:37,1000.0,31.0,B
2021-06-15T11:18:37,300.0,31.0,B
2021-06-15T11:18:37,100.0,31.0,B
2021-06-15T11:18:36,3000.0,31.0,B
2021-06-15T11:18:35,5000.0,31.0,B
2021-06-15T11:18:33,200.0,31.0,B
2021-06-15T11:18:33,500.0,31.0,B
2021-06-15T11:18:33,1000.0,31.0,B
2021-06-15T11:18:30,13900.0,31.0,B
2021-06-15T11:18:30,100.0,31.0,B
2021-06-15T11:18:30,500.0,31.0,B
2021-06-15T11:18:30,3800.0,31.0,B
2021-06-15T11:18:27,400.0,31.0,B
2021-06-15T11:18:27,500.0,31.0,B
2021-06-15T11:18:25,1400.0,31.0,B
2021-06-15T11:18:25,1600.0,31.0,B
2021-06-15T11:18:20,1000.0,31.0,B
2021-06-15T11:18:18,3000.0,31.0,B
2021-06-15T11:18:14,5000.0,31.0,B
2021-06-15T11:18:14,15000.0,31.0,B
2021-06-15T11:18:11,1700.0,30.95,B
2021-06-15T11:18:11,21700.0,30.95,B
2021-06-15T11:18:09,500.0,30.95,B
2021-06-15T11:18:09,300.0,30.95,B
2021-06-15T11:18:03,100.0,30.9,S
2021-06-15T11:18:00,800.0,30.95,B
2021-06-15T11:18:00,500.0,30.9,S
2021-06-15T11:17:59,1000.0,30.95,B
2021-06-15T11:17:58,500.0,30.95,B
2021-06-15T11:17:56,1000.0,30.95,B
2021-06-15T11:17:56,1400.0,30.95,B
2021-06-15T11:17:55,2000.0,30.95,B
2021-06-15T11:17:50,1000.0,30.9,S
2021-06-15T11:17:50,5700.0,30.95,B
2021-06-15T11:17:50,2100.0,30.95,B
2021-06-15T11:17:50,2200.0,30.95,B
2021-06-15T11:17:49,1000.0,30.9,S
2021-06-15T11:17:48,1000.0,30.95,B
2021-06-15T11:17:46,3900.0,30.95,B
2021-06-15T11:17:46,500.0,30.9,S
2021-06-15T11:17:46,100.0,30.9,S
2021-06-15T11:17:46,500.0,30.9,B
2021-06-15T11:17:46,2000.0,30.9,B
2021-06-15T11:17:46,6000.0,30.9,B
2021-06-15T11:17:46,1600.0,30.9,B
2021-06-15T11:17:46,4700.0,30.9,B
2021-06-15T11:17:46,2900.0,30.9,B
2021-06-15T11:17:46,400.0,30.9,B
2021-06-15T11:17:46,600.0,30.9,B
2021-06-15T11:17:46,1000.0,30.9,B
2021-06-15T11:17:46,8100.0,30.9,B
2021-06-15T11:17:46,800.0,30.9,B
2021-06-15T11:17:44,200.0,30.9,B
2021-06-15T11:17:44,10000.0,30.9,B
2021-06-15T11:17:44,19600.0,30.9,B
2021-06-15T11:17:44,10400.0,30.9,B
2021-06-15T11:17:41,300.0,30.9,B
2021-06-15T11:17:41,500.0,30.9,B
2021-06-15T11:17:41,1200.0,30.9,B
2021-06-15T11:17:39,200.0,30.9,B
2021-06-15T11:17:39,400.0,30.9,B
2021-06-15T11:17:37,1000.0,30.9,B
2021-06-15T11:17:36,10000.0,30.9,B
2021-06-15T11:17:34,2000.0,30.85,S
2021-06-15T11:17:30,200.0,30.9,B
2021-06-15T11:17:30,1000.0,30.9,B
2021-06-15T11:17:29,1500.0,30.85,S
2021-06-15T11:17:29,1000.0,30.9,B
2021-06-15T11:17:27,1000.0,30.9,B
2021-06-15T11:17:21,200.0,30.9,B
2021-06-15T11:17:21,300.0,30.85,S
2021-06-15T11:17:15,100.0,30.85,S
2021-06-15T11:17:11,1500.0,30.85,S
2021-06-15T11:17:11,1000.0,30.85,S
2021-06-15T11:17:11,7500.0,30.85,S
2021-06-15T11:17:11,1000.0,30.9,B
2021-06-15T11:17:11,100.0,30.85,S
2021-06-15T11:17:08,1000.0,30.85,B
2021-06-15T11:17:06,200.0,30.85,B
2021-06-15T11:17:06,3300.0,30.85,B
2021-06-15T11:17:03,200.0,30.85,B
2021-06-15T11:17:01,800.0,30.85,B
2021-06-15T11:17:00,4600.0,30.85,B
2021-06-15T11:16:57,2000.0,30.85,B
2021-06-15T11:16:57,100.0,30.85,B
2021-06-15T11:16:56,3000.0,30.85,B
2021-06-15T11:16:54,4200.0,30.85,B
2021-06-15T11:16:51,500.0,30.85,B
2021-06-15T11:16:51,100.0,30.85,B
2021-06-15T11:16:51,2300.0,30.85,B
2021-06-15T11:16:50,15000.0,30.85,B
2021-06-15T11:16:50,1000.0,30.85,B
2021-06-15T11:16:48,500.0,30.85,B
2021-06-15T11:16:48,500.0,30.85,B
2021-06-15T11:16:47,500.0,30.85,B
2021-06-15T11:16:46,5000.0,30.8,S
2021-06-15T11:16:43,3200.0,30.85,B
2021-06-15T11:16:42,500.0,30.85,B
2021-06-15T11:16:41,5900.0,30.85,B
2021-06-15T11:16:37,5000.0,30.85,B
2021-06-15T11:16:36,10000.0,30.85,B
2021-06-15T11:16:35,1000.0,30.8,S
2021-06-15T11:16:31,600.0,30.85,B
2021-06-15T11:16:26,1000.0,30.8,S
2021-06-15T11:16:24,300.0,30.85,B
2021-06-15T11:16:22,500.0,30.85,B
2021-06-15T11:16:18,300.0,30.85,B
2021-06-15T11:16:17,500.0,30.8,S
2021-06-15T11:16:15,1000.0,30.85,B
2021-06-15T11:16:15,200.0,30.85,B
2021-06-15T11:16:08,2000.0,30.8,S
2021-06-15T11:16:03,400.0,30.85,B
2021-06-15T11:16:02,3000.0,30.85,B
2021-06-15T11:16:00,800.0,30.8,B
2021-06-15T11:15:59,1000.0,30.8,B
2021-06-15T11:15:58,200.0,30.8,B
2021-06-15T11:15:58,500.0,30.8,B
2021-06-15T11:15:56,5000.0,30.8,B
2021-06-15T11:15:52,1000.0,30.8,B
2021-06-15T11:15:51,400.0,30.8,B
2021-06-15T11:15:48,100.0,30.8,B
2021-06-15T11:15:48,500.0,30.8,B
2021-06-15T11:15:46,500.0,30.8,B
2021-06-15T11:15:38,200.0,30.8,S
2021-06-15T11:15:38,700.0,30.8,S
2021-06-15T11:15:38,1000.0,30.85,B
2021-06-15T11:15:38,4100.0,30.8,S
2021-06-15T11:15:37,400.0,30.8,S
2021-06-15T11:15:35,5900.0,30.8,B
2021-06-15T11:15:34,2000.0,30.8,B
2021-06-15T11:15:33,600.0,30.8,B
2021-06-15T11:15:31,15000.0,30.8,B
2021-06-15T11:15:30,900.0,30.8,B
2021-06-15T11:15:30,1300.0,30.8,B
2021-06-15T11:15:30,500.0,30.8,B
2021-06-15T11:15:26,10000.0,30.8,B
2021-06-15T11:15:26,1000.0,30.8,B
2021-06-15T11:15:26,300.0,30.8,B
2021-06-15T11:15:25,2000.0,30.8,B
2021-06-15T11:15:25,2000.0,30.8,B
2021-06-15T11:15:22,5000.0,30.8,B
2021-06-15T11:15:18,3000.0,30.8,B
2021-06-15T11:15:16,5000.0,30.8,B
2021-06-15T11:15:16,5000.0,30.8,B
2021-06-15T11:15:14,1000.0,30.8,B
2021-06-15T11:15:14,500.0,30.8,B
2021-06-15T11:15:13,1400.0,30.8,B
2021-06-15T11:15:12,2000.0,30.8,B
2021-06-15T11:15:10,4300.0,30.8,B
2021-06-15T11:15:10,7700.0,30.8,B
2021-06-15T11:15:10,1800.0,30.7,S
2021-06-15T11:15:07,7100.0,30.8,B
2021-06-15T11:15:07,22900.0,30.8,B
2021-06-15T11:15:05,600.0,30.8,B
2021-06-15T11:14:59,1000.0,30.8,B
2021-06-15T11:14:58,10000.0,30.8,B
2021-06-15T11:14:58,3000.0,30.8,B
2021-06-15T11:14:57,2000.0,30.8,B
2021-06-15T11:14:54,100.0,30.8,B
2021-06-15T11:14:52,1000.0,30.8,B
2021-06-15T11:14:51,1000.0,30.8,B
2021-06-15T11:14:50,1000.0,30.7,S
2021-06-15T11:14:47,5000.0,30.8,B
2021-06-15T11:14:46,600.0,30.8,B
2021-06-15T11:14:46,200.0,30.8,B
2021-06-15T11:14:44,500.0,30.8,B
2021-06-15T11:14:44,2000.0,30.8,B
2021-06-15T11:14:44,3400.0,30.8,B
2021-06-15T11:14:44,100.0,30.8,B
2021-06-15T11:14:44,500.0,30.8,B
2021-06-15T11:14:44,1200.0,30.8,B
2021-06-15T11:14:44,400.0,30.8,B
2021-06-15T11:14:44,11600.0,30.8,B
2021-06-15T11:14:44,3000.0,30.8,B
2021-06-15T11:14:44,6500.0,30.8,B
2021-06-15T11:14:38,2000.0,30.8,B
2021-06-15T11:14:34,2000.0,30.8,B
2021-06-15T11:14:33,500.0,30.8,B
2021-06-15T11:14:28,1400.0,30.8,B
2021-06-15T11:14:28,1000.0,30.8,B
2021-06-15T11:14:28,600.0,30.8,B
2021-06-15T11:14:28,1000.0,30.7,B
2021-06-15T11:14:23,800.0,30.6,S
2021-06-15T11:14:15,200.0,30.7,B
2021-06-15T11:14:15,500.0,30.6,S
2021-06-15T11:14:07,200.0,30.8,B
2021-06-15T11:14:07,1100.0,30.8,B
2021-06-15T11:14:07,500.0,30.8,B
2021-06-15T11:14:07,700.0,30.8,B
2021-06-15T11:14:07,1600.0,30.8,B
2021-06-15T11:14:07,200.0,30.8,B
2021-06-15T11:14:07,5800.0,30.75,B
2021-06-15T11:14:07,1000.0,30.75,B
2021-06-15T11:14:07,300.0,30.75,B
2021-06-15T11:14:07,2300.0,30.75,B
2021-06-15T11:14:06,12100.0,30.75,B
2021-06-15T11:14:06,1100.0,30.75,B
2021-06-15T11:14:06,1100.0,30.7,B
2021-06-15T11:14:06,5200.0,30.7,B
2021-06-15T11:14:06,400.0,30.7,B
2021-06-15T11:14:06,12700.0,30.7,B
2021-06-15T11:14:06,2000.0,30.7,B
2021-06-15T11:14:06,800.0,30.7,B
2021-06-15T11:14:06,500.0,30.7,B
2021-06-15T11:14:06,1700.0,30.7,B
2021-06-15T11:14:06,1000.0,30.7,B
2021-06-15T11:14:06,7800.0,30.7,B
2021-06-15T11:14:06,30000.0,30.7,B
2021-06-15T11:14:06,1000.0,30.7,B
2021-06-15T11:14:06,5500.0,30.7,B
2021-06-15T11:14:06,100.0,30.7,B
2021-06-15T11:14:06,11400.0,30.7,B
2021-06-15T11:14:06,1500.0,30.7,B
2021-06-15T11:14:06,3500.0,30.7,B
2021-06-15T11:14:06,1000.0,30.7,B
2021-06-15T11:14:06,1600.0,30.7,B
2021-06-15T11:14:06,11800.0,30.7,B
2021-06-15T11:14:06,6200.0,30.7,B
2021-06-15T11:14:06,300.0,30.7,B
2021-06-15T11:14:05,3000.0,30.7,B
2021-06-15T11:14:05,1500.0,30.7,B
2021-06-15T11:14:05,7900.0,30.7,B
2021-06-15T11:14:05,200.0,30.7,B
2021-06-15T11:14:05,2500.0,30.7,B
2021-06-15T11:14:05,3500.0,30.7,B
2021-06-15T11:14:05,3400.0,30.7,B
2021-06-15T11:14:05,100.0,30.7,B
2021-06-15T11:14:05,11900.0,30.7,B
2021-06-15T11:14:05,500.0,30.7,B
2021-06-15T11:14:05,1400.0,30.7,B
2021-06-15T11:14:05,1000.0,30.7,B
2021-06-15T11:14:05,400.0,30.7,B
2021-06-15T11:14:05,10000.0,30.7,B
2021-06-15T11:14:05,2300.0,30.7,B
2021-06-15T11:14:05,2200.0,30.7,B
2021-06-15T11:14:05,4900.0,30.7,B
2021-06-15T11:14:05,700.0,30.7,B
2021-06-15T11:14:04,3000.0,30.7,B
2021-06-15T11:14:04,2500.0,30.7,B
2021-06-15T11:14:04,1400.0,30.7,B
2021-06-15T11:14:04,4100.0,30.7,B
2021-06-15T11:14:04,700.0,30.7,B
2021-06-15T11:14:04,5400.0,30.7,B
2021-06-15T11:14:04,200.0,30.7,B
2021-06-15T11:14:04,10200.0,30.7,B
2021-06-15T11:14:04,400.0,30.65,S
2021-06-15T11:14:04,5100.0,30.65,S
2021-06-15T11:14:04,2700.0,30.65,S
2021-06-15T11:14:04,700.0,30.65,S
2021-06-15T11:14:04,1000.0,30.65,S
2021-06-15T11:14:04,200.0,30.65,S
2021-06-15T11:14:04,1900.0,30.65,S
2021-06-15T11:14:04,10400.0,30.65,S
2021-06-15T11:14:04,1400.0,30.65,S
2021-06-15T11:14:02,7300.0,30.65,S
2021-06-15T11:14:02,100.0,30.6,B
2021-06-15T11:14:00,2000.0,30.6,B
2021-06-15T11:13:55,1200.0,30.6,B
2021-06-15T11:13:55,700.0,30.6,B
2021-06-15T11:13:55,100.0,30.6,B
2021-06-15T11:13:54,1900.0,30.6,B
2021-06-15T11:13:53,5100.0,30.6,B
2021-06-15T11:13:53,7000.0,30.6,B
2021-06-15T11:13:50,1100.0,30.6,B
2021-06-15T11:13:50,900.0,30.6,B
2021-06-15T11:13:46,3000.0,30.6,B
2021-06-15T11:13:46,1000.0,30.6,B
2021-06-15T11:13:42,1000.0,30.6,B
2021-06-15T11:13:36,11400.0,30.6,B
2021-06-15T11:13:34,5000.0,30.6,B
2021-06-15T11:13:34,7400.0,30.6,B
2021-06-15T11:13:33,500.0,30.6,B
2021-06-15T11:13:30,3000.0,30.6,B
2021-06-15T11:13:29,5000.0,30.6,B
2021-06-15T11:13:29,7300.0,30.6,B
2021-06-15T11:13:29,900.0,30.6,B
2021-06-15T11:13:29,2700.0,30.6,B
2021-06-15T11:13:29,200.0,30.6,B
2021-06-15T11:13:29,1200.0,30.6,B
2021-06-15T11:13:29,100.0,30.6,B
2021-06-15T11:13:29,1600.0,30.6,B
2021-06-15T11:13:29,1000.0,30.6,B
2021-06-15T11:13:29,900.0,30.6,B
2021-06-15T11:13:29,14100.0,30.6,B
2021-06-15T11:13:29,600.0,30.6,B
2021-06-15T11:13:28,400.0,30.6,B
2021-06-15T11:13:25,900.0,30.6,B
2021-06-15T11:13:25,3000.0,30.6,B
2021-06-15T11:13:22,3700.0,30.6,B
2021-06-15T11:13:20,300.0,30.6,B
2021-06-15T11:13:19,5000.0,30.6,B
2021-06-15T11:13:15,4400.0,30.6,B
2021-06-15T11:13:14,400.0,30.6,B
2021-06-15T11:13:11,5000.0,30.6,B
2021-06-15T11:13:11,500.0,30.6,B
2021-06-15T11:13:09,100.0,30.6,B
2021-06-15T11:13:07,100.0,30.55,B
2021-06-15T11:13:07,300.0,30.6,B
2021-06-15T11:13:05,4700.0,30.6,B
2021-06-15T11:13:05,100.0,30.6,B
2021-06-15T11:13:05,1400.0,30.6,B
2021-06-15T11:13:05,3100.0,30.6,B
2021-06-15T11:13:05,2700.0,30.6,B
2021-06-15T11:13:05,1400.0,30.6,B
2021-06-15T11:13:05,1000.0,30.6,B
2021-06-15T11:13:04,2000.0,30.55,B
2021-06-15T11:13:02,900.0,30.6,B
2021-06-15T11:13:00,500.0,30.6,B
2021-06-15T11:12:57,1700.0,30.6,B
2021-06-15T11:12:56,100.0,30.6,B
2021-06-15T11:12:55,1000.0,30.6,B
2021-06-15T11:12:54,300.0,30.55,B
2021-06-15T11:12:54,200.0,30.55,B
2021-06-15T11:12:53,3300.0,30.6,B
2021-06-15T11:12:53,700.0,30.6,B
2021-06-15T11:12:53,100.0,30.6,B
2021-06-15T11:12:53,2000.0,30.6,B
2021-06-15T11:12:53,300.0,30.6,B
2021-06-15T11:12:53,7500.0,30.6,B
2021-06-15T11:12:53,4100.0,30.6,B
2021-06-15T11:12:53,600.0,30.55,B
2021-06-15T11:12:53,1600.0,30.55,B
2021-06-15T11:12:53,3200.0,30.55,B
2021-06-15T11:12:53,1100.0,30.55,B
2021-06-15T11:12:53,500.0,30.55,B
2021-06-15T11:12:50,500.0,30.55,B
2021-06-15T11:12:48,1000.0,30.55,B
2021-06-15T11:12:47,3900.0,30.55,B
2021-06-15T11:12:46,1100.0,30.55,B
2021-06-15T11:12:46,3900.0,30.55,B
2021-06-15T11:12:43,1500.0,30.55,B
2021-06-15T11:12:43,2000.0,30.55,B
2021-06-15T11:12:42,1600.0,30.55,B
2021-06-15T11:12:42,3000.0,30.55,B
2021-06-15T11:12:38,5000.0,30.55,B
2021-06-15T11:12:34,900.0,30.55,B
2021-06-15T11:12:32,500.0,30.5,S
2021-06-15T11:12:31,2700.0,30.5,S
2021-06-15T11:12:31,5500.0,30.5,S
2021-06-15T11:12:27,400.0,30.55,B
2021-06-15T11:12:24,100.0,30.55,B
2021-06-15T11:12:22,7300.0,30.55,B
2021-06-15T11:12:21,3200.0,30.5,B
2021-06-15T11:12:21,3700.0,30.5,B
2021-06-15T11:12:21,300.0,30.5,B
2021-06-15T11:12:21,1000.0,30.5,B
2021-06-15T11:12:21,1900.0,30.5,B
2021-06-15T11:12:21,6400.0,30.5,B
2021-06-15T11:12:21,1300.0,30.5,B
2021-06-15T11:12:21,44100.0,30.5,B
2021-06-15T11:12:21,4200.0,30.5,B
2021-06-15T11:12:16,1000.0,30.5,B
2021-06-15T11:12:16,100.0,30.5,B
2021-06-15T11:12:15,400.0,30.5,B
2021-06-15T11:12:15,7000.0,30.5,B
2021-06-15T11:12:14,10000.0,30.5,B
2021-06-15T11:12:14,1400.0,30.5,B
2021-06-15T11:12:14,100.0,30.5,B
2021-06-15T11:12:14,1300.0,30.5,B
2021-06-15T11:12:14,500.0,30.5,B
2021-06-15T11:12:13,4500.0,30.5,B
2021-06-15T11:12:13,3200.0,30.5,B
2021-06-15T11:12:11,300.0,30.5,B
2021-06-15T11:12:11,900.0,30.5,B
2021-06-15T11:12:04,200.0,30.5,B
2021-06-15T11:12:01,400.0,30.5,B
2021-06-15T11:12:01,600.0,30.5,B
2021-06-15T11:12:01,1200.0,30.5,B
2021-06-15T11:12:01,4700.0,30.5,B
2021-06-15T11:11:59,10900.0,30.5,B
2021-06-15T11:11:59,1700.0,30.5,B
2021-06-15T11:11:59,5600.0,30.5,B
2021-06-15T11:11:59,500.0,30.5,B
2021-06-15T11:11:59,800.0,30.5,B
2021-06-15T11:11:59,10500.0,30.5,B
2021-06-15T11:11:57,5000.0,30.5,B
2021-06-15T11:11:50,300.0,30.5,B
2021-06-15T11:11:47,2000.0,30.5,B
2021-06-15T11:11:40,5700.0,30.5,B
2021-06-15T11:11:40,1300.0,30.5,B
2021-06-15T11:11:30,100.0,30.5,B
2021-06-15T11:11:24,1000.0,30.45,S
2021-06-15T11:11:17,1000.0,30.45,S
2021-06-15T11:11:13,2600.0,30.5,B
2021-06-15T11:11:08,100.0,30.45,S
2021-06-15T11:11:07,600.0,30.45,S
2021-06-15T11:11:03,100.0,30.45,S
2021-06-15T11:10:54,900.0,30.45,B
2021-06-15T11:10:54,400.0,30.45,B
2021-06-15T11:10:54,500.0,30.45,B
2021-06-15T11:10:54,3800.0,30.45,B
2021-06-15T11:10:47,200.0,30.4,S
2021-06-15T11:10:31,500.0,30.4,S
2021-06-15T11:10:24,300.0,30.4,S
2021-06-15T11:10:13,300.0,30.4,B
2021-06-15T11:10:07,700.0,30.4,B
2021-06-15T11:10:00,700.0,30.4,B
2021-06-15T11:09:47,400.0,30.4,B
2021-06-15T11:09:47,2000.0,30.4,B
2021-06-15T11:09:47,2600.0,30.4,B
2021-06-15T11:09:20,100.0,30.3,B
2021-06-15T11:09:18,600.0,30.4,B
2021-06-15T11:09:18,4400.0,30.4,B
2021-06-15T11:09:11,100.0,30.3,B
2021-06-15T11:09:07,1000.0,30.3,B
2021-06-15T11:08:49,5000.0,30.3,B
2021-06-15T11:08:47,3000.0,30.3,B
2021-06-15T11:08:44,2000.0,30.3,B
2021-06-15T11:08:24,200.0,30.3,B
2021-06-15T11:08:24,30000.0,30.3,B
2021-06-15T11:08:22,200.0,30.3,B
2021-06-15T11:08:21,5400.0,30.3,B
2021-06-15T11:08:13,100.0,30.3,B
2021-06-15T11:08:11,500.0,30.3,B
2021-06-15T11:08:11,100.0,30.3,B
2021-06-15T11:08:09,1000.0,30.3,B
2021-06-15T11:08:07,300.0,30.3,B
2021-06-15T11:08:06,3000.0,30.3,B
2021-06-15T11:08:03,1000.0,30.3,B
2021-06-15T11:07:55,1000.0,30.3,S
2021-06-15T11:07:53,3000.0,30.3,S
2021-06-15T11:07:52,100.0,30.3,S
2021-06-15T11:07:52,300.0,30.3,S
2021-06-15T11:07:52,600.0,30.3,S
2021-06-15T11:07:52,5200.0,30.3,S
2021-06-15T11:07:47,10000.0,30.4,B
2021-06-15T11:07:47,5000.0,30.4,B
2021-06-15T11:07:45,300.0,30.4,B
2021-06-15T11:07:42,500.0,30.3,S
2021-06-15T11:07:29,1000.0,30.3,S
2021-06-15T11:07:27,8100.0,30.4,B
2021-06-15T11:07:27,11900.0,30.35,B
2021-06-15T11:07:05,100.0,30.3,S
2021-06-15T11:07:05,100.0,30.35,B
2021-06-15T11:06:48,200.0,30.3,S
2021-06-15T11:06:46,1700.0,30.3,B
2021-06-15T11:06:41,200.0,30.3,B
2021-06-15T11:06:40,600.0,30.3,B
2021-06-15T11:06:33,300.0,30.3,B
2021-06-15T11:06:32,200.0,30.3,B
2021-06-15T11:06:32,2000.0,30.3,B
2021-06-15T11:06:02,100.0,30.3,B
2021-06-15T11:06:00,300.0,30.3,B
2021-06-15T11:05:36,1100.0,30.25,B
2021-06-15T11:05:31,100.0,30.25,B
2021-06-15T11:05:29,300.0,30.25,B
2021-06-15T11:05:28,500.0,30.25,B
2021-06-15T11:05:24,200.0,30.25,B
2021-06-15T11:05:22,1600.0,30.25,B
2021-06-15T11:05:17,500.0,30.25,B
2021-06-15T11:05:13,3600.0,30.25,S
2021-06-15T11:05:09,7000.0,30.25,S
2021-06-15T11:05:07,300.0,30.25,S
2021-06-15T11:05:03,5000.0,30.25,S
2021-06-15T11:04:59,2000.0,30.25,S
2021-06-15T11:04:54,1400.0,30.25,B
2021-06-15T11:04:33,1500.0,30.25,B
2021-06-15T11:04:31,1100.0,30.25,B
2021-06-15T11:04:27,1800.0,30.25,B
2021-06-15T11:04:22,100.0,30.25,B
2021-06-15T11:04:17,100.0,30.25,B
2021-06-15T11:04:11,5000.0,30.3,B
2021-06-15T11:04:00,500.0,30.25,B
2021-06-15T11:03:54,3600.0,30.25,S
2021-06-15T11:03:54,500.0,30.25,S
2021-06-15T11:03:54,16800.0,30.25,S
2021-06-15T11:03:45,800.0,30.3,B
2021-06-15T11:03:37,5000.0,30.3,B
2021-06-15T11:03:30,500.0,30.3,B
2021-06-15T11:03:27,600.0,30.3,B
2021-06-15T11:03:26,1000.0,30.3,B
2021-06-15T11:03:24,1000.0,30.3,B
2021-06-15T11:03:21,500.0,30.3,B
2021-06-15T11:03:18,200.0,30.3,B
2021-06-15T11:03:14,3000.0,30.3,B
2021-06-15T11:03:06,500.0,30.3,B
2021-06-15T11:03:04,200.0,30.3,B
2021-06-15T11:03:01,300.0,30.3,B
2021-06-15T11:02:58,500.0,30.3,B
2021-06-15T11:02:52,6300.0,30.3,S
2021-06-15T11:02:45,200.0,30.35,B
2021-06-15T11:02:45,2000.0,30.3,S
2021-06-15T11:02:38,1100.0,30.3,S
2021-06-15T11:02:32,2800.0,30.3,S
2021-06-15T11:02:32,500.0,30.3,S
2021-06-15T11:02:31,400.0,30.3,S
2021-06-15T11:02:31,300.0,30.3,S
2021-06-15T11:02:31,1600.0,30.3,S
2021-06-15T11:02:22,1000.0,30.3,S
2021-06-15T11:02:14,100.0,30.3,S
2021-06-15T11:02:14,6400.0,30.3,S
2021-06-15T11:02:13,300.0,30.35,B
2021-06-15T11:01:54,200.0,30.35,B
2021-06-15T11:01:49,100.0,30.3,S
2021-06-15T11:01:33,500.0,30.3,B
2021-06-15T11:01:29,1000.0,30.3,B
2021-06-15T11:01:06,1000.0,30.35,B
2021-06-15T11:01:05,700.0,30.3,B
2021-06-15T11:01:04,10000.0,30.3,B
2021-06-15T11:00:59,1900.0,30.3,B
2021-06-15T11:00:59,12400.0,30.3,B
2021-06-15T11:00:48,4000.0,30.3,B
2021-06-15T11:00:40,100.0,30.3,B
2021-06-15T11:00:31,100.0,30.3,B
2021-06-15T11:00:29,1000.0,30.3,B
2021-06-15T11:00:25,8000.0,30.3,B
2021-06-15T11:00:22,600.0,30.3,B
2021-06-15T11:00:19,2000.0,30.3,B
2021-06-15T11:00:18,300.0,30.3,B
2021-06-15T11:00:13,3100.0,30.3,B
2021-06-15T11:00:09,700.0,30.3,B
2021-06-15T11:00:08,500.0,30.3,B
2021-06-15T11:00:03,700.0,30.3,B
2021-06-15T11:00:02,100.0,30.3,B
2021-06-15T10:59:56,3500.0,30.3,B
2021-06-15T10:59:53,600.0,30.3,B
2021-06-15T10:59:53,2800.0,30.3,B
2021-06-15T10:59:47,4200.0,30.3,S
2021-06-15T10:59:47,300.0,30.3,S
2021-06-15T10:59:39,200.0,30.3,S
2021-06-15T10:59:18,500.0,30.3,B
2021-06-15T10:59:12,2200.0,30.3,B
2021-06-15T10:59:12,3800.0,30.3,B
2021-06-15T10:59:05,4900.0,30.25,S
2021-06-15T10:59:02,500.0,30.3,B
2021-06-15T10:58:57,500.0,30.3,B
2021-06-15T10:58:32,300.0,30.3,B
2021-06-15T10:58:32,300.0,30.3,B
2021-06-15T10:58:32,29400.0,30.3,B
2021-06-15T10:58:28,10000.0,30.25,B
2021-06-15T10:58:28,3000.0,30.25,B
2021-06-15T10:58:28,1000.0,30.25,B
2021-06-15T10:58:27,100.0,30.25,B
2021-06-15T10:58:27,500.0,30.25,B
2021-06-15T10:58:23,5000.0,30.25,B
2021-06-15T10:58:21,1000.0,30.25,B
2021-06-15T10:58:08,200.0,30.3,B
2021-06-15T10:58:03,1600.0,30.3,B
2021-06-15T10:57:59,1400.0,30.3,B
2021-06-15T10:57:58,4600.0,30.3,B
2021-06-15T10:57:52,200.0,30.25,B
2021-06-15T10:57:44,500.0,30.25,S
2021-06-15T10:57:26,2000.0,30.3,B
2021-06-15T10:57:24,3500.0,30.3,B
2021-06-15T10:57:21,1200.0,30.3,B
2021-06-15T10:57:21,1600.0,30.3,B
2021-06-15T10:57:21,700.0,30.3,B
2021-06-15T10:57:21,1500.0,30.25,S
2021-06-15T10:57:21,1100.0,30.25,S
2021-06-15T10:57:20,2000.0,30.3,B
2021-06-15T10:57:15,500.0,30.25,S
2021-06-15T10:57:13,1000.0,30.25,S
2021-06-15T10:57:11,1000.0,30.3,B
2021-06-15T10:57:03,1000.0,30.3,B
2021-06-15T10:57:03,500.0,30.3,B
2021-06-15T10:56:56,3800.0,30.3,B
2021-06-15T10:56:51,2000.0,30.3,B
2021-06-15T10:56:46,100.0,30.3,B
2021-06-15T10:56:36,1100.0,30.3,B
2021-06-15T10:56:23,100.0,30.3,B
2021-06-15T10:56:18,1500.0,30.25,B
2021-06-15T10:56:16,1000.0,30.25,B
2021-06-15T10:56:09,5000.0,30.3,B
2021-06-15T10:56:08,1500.0,30.2,S
2021-06-15T10:55:57,1000.0,30.25,B
2021-06-15T10:55:52,200.0,30.25,B
2021-06-15T10:55:48,3000.0,30.25,B
2021-06-15T10:55:37,10000.0,30.25,B
2021-06-15T10:55:31,200.0,30.2,S
2021-06-15T10:55:30,2000.0,30.25,S
2021-06-15T10:55:29,100.0,30.25,S
2021-06-15T10:55:20,900.0,30.25,S
2021-06-15T10:55:09,4600.0,30.25,S
2021-06-15T10:55:09,4400.0,30.25,S
2021-06-15T10:55:08,2400.0,30.3,B
2021-06-15T10:55:01,100.0,30.3,B
2021-06-15T10:54:50,1000.0,30.3,B
2021-06-15T10:54:46,400.0,30.3,B
2021-06-15T10:54:41,1600.0,30.25,S
2021-06-15T10:54:41,200.0,30.25,S
2021-06-15T10:54:41,500.0,30.25,S
2021-06-15T10:53:55,1000.0,30.3,B
2021-06-15T10:53:28,100.0,30.3,B
2021-06-15T10:53:24,1000.0,30.3,B
2021-06-15T10:52:34,4000.0,30.3,B
2021-06-15T10:52:13,100.0,30.25,B
2021-06-15T10:52:12,10000.0,30.3,B
2021-06-15T10:52:02,14000.0,30.3,B
2021-06-15T10:51:58,200.0,30.2,B
2021-06-15T10:51:57,500.0,30.2,B
2021-06-15T10:51:49,11600.0,30.2,S
2021-06-15T10:51:44,200.0,30.3,B
2021-06-15T10:51:43,300.0,30.25,S
2021-06-15T10:51:31,4600.0,30.2,S
2021-06-15T10:51:28,500.0,30.2,S
2021-06-15T10:51:27,5900.0,30.2,S
2021-06-15T10:51:26,200.0,30.2,S
2021-06-15T10:51:26,3200.0,30.2,S
2021-06-15T10:51:26,500.0,30.2,S
2021-06-15T10:51:26,4100.0,30.2,S
2021-06-15T10:51:26,500.0,30.2,S
2021-06-15T10:51:26,5500.0,30.2,S
2021-06-15T10:51:13,5000.0,30.25,S
2021-06-15T10:51:06,200.0,30.3,B
2021-06-15T10:51:01,400.0,30.25,B
2021-06-15T10:50:58,300.0,30.25,B
2021-06-15T10:50:54,600.0,30.25,B
2021-06-15T10:50:49,500.0,30.25,B
2021-06-15T10:50:45,800.0,30.25,B
2021-06-15T10:50:40,200.0,30.2,S
2021-06-15T10:50:27,500.0,30.25,B
2021-06-15T10:50:26,500.0,30.25,B
2021-06-15T10:50:26,400.0,30.25,B
2021-06-15T10:50:23,500.0,30.25,B
2021-06-15T10:50:10,1000.0,30.25,B
2021-06-15T10:50:10,100.0,30.25,B
2021-06-15T10:49:59,300.0,30.25,B
2021-06-15T10:49:45,7700.0,30.2,S
2021-06-15T10:49:34,2000.0,30.25,B
2021-06-15T10:49:33,1000.0,30.2,S
2021-06-15T10:49:16,500.0,30.2,S
2021-06-15T10:49:16,1000.0,30.25,B
2021-06-15T10:48:59,200.0,30.25,B
2021-06-15T10:48:57,5000.0,30.25,B
2021-06-15T10:48:45,1500.0,30.2,S
2021-06-15T10:48:44,5000.0,30.25,B
2021-06-15T10:48:42,700.0,30.2,S
2021-06-15T10:48:42,500.0,30.2,S
2021-06-15T10:48:42,1900.0,30.2,S
2021-06-15T10:48:38,200.0,30.25,B
2021-06-15T10:48:35,3000.0,30.25,B
2021-06-15T10:48:33,100.0,30.25,B
2021-06-15T10:48:24,1700.0,30.2,S
2021-06-15T10:48:23,6200.0,30.25,B
2021-06-15T10:48:23,3800.0,30.25,B
2021-06-15T10:48:18,5000.0,30.25,B
2021-06-15T10:48:12,100.0,30.2,S
2021-06-15T10:48:09,500.0,30.25,B
2021-06-15T10:48:01,400.0,30.25,B
2021-06-15T10:47:58,9900.0,30.2,B
2021-06-15T10:47:53,2000.0,30.25,B
2021-06-15T10:47:47,100.0,30.2,B
2021-06-15T10:47:34,1000.0,30.25,B
2021-06-15T10:47:27,1000.0,30.25,B
2021-06-15T10:47:27,300.0,30.2,B
2021-06-15T10:47:24,5600.0,30.2,B
2021-06-15T10:47:24,9400.0,30.2,B
2021-06-15T10:47:15,10000.0,30.2,B
2021-06-15T10:47:13,1000.0,30.15,B
2021-06-15T10:47:08,500.0,30.15,B
2021-06-15T10:47:06,2000.0,30.15,B
2021-06-15T10:46:59,1000.0,30.15,B
2021-06-15T10:46:59,500.0,30.15,B
2021-06-15T10:46:47,100.0,30.15,B
2021-06-15T10:46:23,500.0,30.1,B
2021-06-15T10:46:23,3200.0,30.1,B
2021-06-15T10:46:11,1400.0,30.1,B
2021-06-15T10:46:08,2000.0,30.1,B
2021-06-15T10:46:03,100.0,30.0,S
2021-06-15T10:46:02,500.0,30.0,S
2021-06-15T10:46:02,3000.0,30.1,B
2021-06-15T10:45:42,300.0,30.0,S
2021-06-15T10:45:41,500.0,30.0,S
2021-06-15T10:45:27,300.0,30.0,S
2021-06-15T10:45:26,1000.0,30.0,S
2021-06-15T10:45:24,200.0,30.0,S
2021-06-15T10:45:18,4000.0,29.95,S
2021-06-15T10:45:08,800.0,30.0,B
2021-06-15T10:45:08,5000.0,30.0,B
2021-06-15T10:45:08,500.0,30.0,B
2021-06-15T10:45:04,500.0,30.0,B
2021-06-15T10:45:03,1000.0,30.0,B
2021-06-15T10:44:59,2000.0,30.0,B
2021-06-15T10:44:56,6000.0,30.0,B
2021-06-15T10:44:56,1200.0,30.0,B
2021-06-15T10:44:56,3200.0,30.0,B
2021-06-15T10:44:56,100.0,30.0,B
2021-06-15T10:44:53,1700.0,30.0,B
2021-06-15T10:44:51,1000.0,30.0,B
2021-06-15T10:44:49,5000.0,30.0,B
2021-06-15T10:44:46,1000.0,30.0,B
2021-06-15T10:44:42,100.0,30.0,B
2021-06-15T10:44:42,300.0,30.0,B
2021-06-15T10:44:27,300.0,30.0,B
2021-06-15T10:44:27,1200.0,30.0,B
2021-06-15T10:44:27,2500.0,30.0,B
2021-06-15T10:44:27,900.0,30.0,B
2021-06-15T10:44:27,2000.0,30.0,B
2021-06-15T10:44:25,1000.0,30.0,B
2021-06-15T10:44:23,1000.0,30.0,B
2021-06-15T10:44:15,400.0,30.0,B
2021-06-15T10:44:11,10000.0,30.0,B
2021-06-15T10:44:03,400.0,30.0,B
2021-06-15T10:43:59,1000.0,30.0,B
2021-06-15T10:43:51,600.0,30.0,B
2021-06-15T10:43:43,300.0,30.0,B
2021-06-15T10:43:38,1000.0,29.95,S
2021-06-15T10:43:30,500.0,29.95,S
2021-06-15T10:43:28,1000.0,30.0,B
2021-06-15T10:43:27,1400.0,29.9,S
2021-06-15T10:43:27,1100.0,29.9,S
2021-06-15T10:43:27,400.0,29.9,S
2021-06-15T10:43:20,1100.0,30.0,B
2021-06-15T10:43:15,1000.0,30.0,B
2021-06-15T10:43:11,300.0,29.95,S
2021-06-15T10:43:08,300.0,29.95,S
2021-06-15T10:43:03,300.0,29.95,S
2021-06-15T10:42:57,1000.0,30.0,B
2021-06-15T10:42:57,100.0,29.95,S
2021-06-15T10:42:49,1900.0,29.9,S
2021-06-15T10:42:49,6800.0,29.9,S
2021-06-15T10:42:49,1100.0,29.95,S
2021-06-15T10:42:38,100.0,30.0,B
2021-06-15T10:42:29,2800.0,29.9,S
2021-06-15T10:42:29,6000.0,29.9,S
2021-06-15T10:42:29,1200.0,29.95,S
2021-06-15T10:42:23,500.0,30.0,B
2021-06-15T10:42:14,1000.0,29.95,S
2021-06-15T10:42:08,2000.0,29.95,S
2021-06-15T10:42:00,500.0,29.95,S
2021-06-15T10:41:51,20000.0,29.95,S
2021-06-15T10:41:42,500.0,29.95,S
2021-06-15T10:41:41,8000.0,29.95,S
2021-06-15T10:41:37,100.0,30.0,B
2021-06-15T10:41:37,200.0,29.9,S
2021-06-15T10:41:36,2200.0,29.9,S
2021-06-15T10:41:33,2000.0,30.0,B
2021-06-15T10:41:29,2500.0,30.0,B
2021-06-15T10:41:16,1000.0,30.0,B
2021-06-15T10:41:04,600.0,29.95,S
2021-06-15T10:40:56,500.0,30.0,S
2021-06-15T10:40:55,3500.0,30.0,S
2021-06-15T10:40:55,1100.0,30.0,S
2021-06-15T10:40:55,9400.0,30.0,S
2021-06-15T10:40:55,400.0,30.0,S
2021-06-15T10:40:55,5600.0,30.0,S
2021-06-15T10:40:52,500.0,30.0,S
2021-06-15T10:40:46,300.0,30.0,S
2021-06-15T10:40:41,300.0,30.0,S
2021-06-15T10:40:32,1200.0,30.0,S
2021-06-15T10:40:12,5000.0,30.0,S
2021-06-15T10:40:06,5000.0,30.0,S
2021-06-15T10:40:04,1000.0,30.0,S
2021-06-15T10:40:04,5000.0,30.0,S
2021-06-15T10:39:59,2000.0,29.95,S
2021-06-15T10:39:53,500.0,30.0,S
2021-06-15T10:39:48,200.0,30.0,S
2021-06-15T10:39:39,300.0,30.0,S
2021-06-15T10:39:27,3400.0,30.0,S
2021-06-15T10:39:14,300.0,30.0,S
2021-06-15T10:39:13,10000.0,30.0,S
2021-06-15T10:39:08,1000.0,29.95,S
2021-06-15T10:39:00,200.0,30.0,S
2021-06-15T10:38:58,300.0,30.0,S
2021-06-15T10:38:54,5000.0,30.0,S
2021-06-15T10:38:54,3000.0,30.0,S
2021-06-15T10:38:52,500.0,30.0,S
2021-06-15T10:38:46,100.0,30.0,S
2021-06-15T10:38:30,500.0,30.0,S
2021-06-15T10:38:23,500.0,30.0,S
2021-06-15T10:38:19,500.0,30.0,S
2021-06-15T10:38:17,500.0,30.0,S
2021-06-15T10:38:16,5000.0,30.0,S
2021-06-15T10:38:10,1000.0,30.0,S
2021-06-15T10:38:08,100.0,30.0,S
2021-06-15T10:38:07,1100.0,29.95,S
2021-06-15T10:38:04,900.0,29.95,S
2021-06-15T10:38:03,500.0,30.0,S
2021-06-15T10:37:36,100.0,30.0,S
2021-06-15T10:37:18,1900.0,29.95,S
2021-06-15T10:37:15,600.0,30.0,S
2021-06-15T10:37:12,1000.0,30.0,S
2021-06-15T10:37:04,1000.0,30.0,S
2021-06-15T10:37:01,1000.0,30.0,S
2021-06-15T10:37:01,100.0,30.0,S
2021-06-15T10:36:55,1500.0,30.0,S
2021-06-15T10:36:44,1000.0,30.0,S
2021-06-15T10:36:42,2500.0,30.0,S
2021-06-15T10:36:38,11100.0,30.0,S
2021-06-15T10:36:36,100.0,30.0,S
2021-06-15T10:36:33,500.0,30.0,S
2021-06-15T10:36:33,3100.0,30.0,S
2021-06-15T10:36:32,5100.0,30.0,S
2021-06-15T10:36:27,1000.0,30.0,S
2021-06-15T10:36:25,1000.0,30.0,S
2021-06-15T10:36:25,700.0,30.0,S
2021-06-15T10:36:21,500.0,30.0,S
2021-06-15T10:36:17,2000.0,30.0,S
2021-06-15T10:36:15,100.0,30.0,S
2021-06-15T10:36:14,1000.0,30.0,S
2021-06-15T10:36:14,500.0,30.0,S
2021-06-15T10:36:11,100.0,30.0,S
2021-06-15T10:36:09,600.0,29.95,S
2021-06-15T10:36:05,2000.0,30.0,S
2021-06-15T10:36:03,2000.0,30.0,S
2021-06-15T10:35:49,1500.0,30.0,S
2021-06-15T10:35:42,300.0,30.0,S
2021-06-15T10:35:35,500.0,30.0,S
2021-06-15T10:35:33,4000.0,30.0,S
2021-06-15T10:35:21,3000.0,30.0,S
2021-06-15T10:35:16,700.0,30.0,S
2021-06-15T10:35:03,1500.0,30.0,S
2021-06-15T10:35:03,1200.0,30.0,S
2021-06-15T10:35:03,6200.0,30.0,S
2021-06-15T10:35:03,1800.0,30.0,S
2021-06-15T10:35:03,600.0,30.0,S
2021-06-15T10:35:03,2700.0,30.0,S
2021-06-15T10:35:03,11500.0,30.0,S
2021-06-15T10:35:03,2800.0,30.0,S
2021-06-15T10:35:03,5500.0,30.0,S
2021-06-15T10:35:03,2300.0,30.0,S
2021-06-15T10:35:03,900.0,30.0,S
2021-06-15T10:35:03,5800.0,30.0,S
2021-06-15T10:35:03,2200.0,30.0,S
2021-06-15T10:35:02,100.0,30.2,B
2021-06-15T10:34:48,700.0,30.2,B
2021-06-15T10:34:36,500.0,30.2,B
2021-06-15T10:34:30,2100.0,30.0,S
2021-06-15T10:34:30,2300.0,30.0,S
2021-06-15T10:34:30,500.0,30.0,S
2021-06-15T10:34:30,100.0,30.0,S
2021-06-15T10:34:30,2500.0,30.0,S
2021-06-15T10:34:30,24300.0,30.0,S
2021-06-15T10:34:30,1300.0,30.0,S
2021-06-15T10:34:30,600.0,30.0,S
2021-06-15T10:34:29,4000.0,30.0,S
2021-06-15T10:34:29,1000.0,30.0,S
2021-06-15T10:34:29,10700.0,30.0,S
2021-06-15T10:34:29,1500.0,30.0,S
2021-06-15T10:34:29,100.0,30.0,S
2021-06-15T10:34:29,300.0,30.0,S
2021-06-15T10:34:29,300.0,30.0,S
2021-06-15T10:34:29,3200.0,30.0,S
2021-06-15T10:34:29,700.0,30.0,S
2021-06-15T10:34:29,2400.0,30.0,S
2021-06-15T10:34:29,2000.0,30.0,S
2021-06-15T10:34:28,100.0,30.0,S
2021-06-15T10:34:28,1500.0,30.0,S
2021-06-15T10:34:28,3000.0,30.0,S
2021-06-15T10:34:28,700.0,30.0,S
2021-06-15T10:34:28,5200.0,30.0,S
2021-06-15T10:34:28,2000.0,30.0,S
2021-06-15T10:34:27,300.0,30.05,S
2021-06-15T10:34:27,500.0,30.1,S
2021-06-15T10:34:27,200.0,30.1,S
2021-06-15T10:34:27,6300.0,30.1,S
2021-06-15T10:34:27,300.0,30.1,S
2021-06-15T10:34:27,1800.0,30.1,S
2021-06-15T10:34:27,7100.0,30.1,S
2021-06-15T10:34:27,300.0,30.1,S
2021-06-15T10:34:25,1000.0,30.1,S
2021-06-15T10:34:25,7100.0,30.1,S
2021-06-15T10:34:25,1000.0,30.1,S
2021-06-15T10:34:25,200.0,30.1,S
2021-06-15T10:34:25,1500.0,30.1,S
2021-06-15T10:34:10,1800.0,30.2,S
2021-06-15T10:34:04,2000.0,30.2,S
2021-06-15T10:34:03,500.0,30.2,S
2021-06-15T10:33:59,300.0,30.2,S
2021-06-15T10:33:50,100.0,30.2,S
2021-06-15T10:33:48,600.0,30.1,S
2021-06-15T10:33:48,3400.0,30.1,S
2021-06-15T10:33:31,100.0,30.2,S
2021-06-15T10:33:30,500.0,30.2,S
2021-06-15T10:33:27,200.0,30.2,S
2021-06-15T10:33:26,2800.0,30.2,S
2021-06-15T10:33:19,1500.0,30.2,S
2021-06-15T10:32:59,1000.0,30.2,S
2021-06-15T10:32:55,5100.0,30.2,S
2021-06-15T10:32:19,500.0,30.2,S
2021-06-15T10:32:08,6100.0,30.2,S
2021-06-15T10:32:02,1000.0,30.2,S
2021-06-15T10:32:02,2700.0,30.2,S
2021-06-15T10:32:02,200.0,30.2,S
2021-06-15T10:31:56,100.0,30.2,S
2021-06-15T10:31:23,100.0,30.2,S
2021-06-15T10:31:07,1000.0,30.2,S
2021-06-15T10:30:55,600.0,30.2,S
2021-06-15T10:30:51,300.0,30.2,S
2021-06-15T10:30:49,200.0,30.2,S
2021-06-15T10:30:42,500.0,30.2,S
2021-06-15T10:30:32,3000.0,30.2,S
2021-06-15T10:30:26,3400.0,30.2,S
2021-06-15T10:30:19,200.0,30.25,S
2021-06-15T10:30:17,100.0,30.25,S
2021-06-15T10:30:15,200.0,30.25,S
2021-06-15T10:30:14,1000.0,30.25,S
2021-06-15T10:30:07,1700.0,30.2,S
2021-06-15T10:29:48,200.0,30.2,S
2021-06-15T10:29:36,1000.0,30.2,S
2021-06-15T10:29:26,3700.0,30.2,S
2021-06-15T10:29:26,400.0,30.2,S
2021-06-15T10:29:26,1100.0,30.2,S
2021-06-15T10:29:26,7000.0,30.2,S
2021-06-15T10:29:26,2000.0,30.2,S
2021-06-15T10:29:26,7700.0,30.2,S
2021-06-15T10:29:26,100.0,30.2,S
2021-06-15T10:29:26,8000.0,30.2,S
2021-06-15T10:29:14,300.0,30.25,S
2021-06-15T10:28:58,4500.0,30.2,S
2021-06-15T10:28:55,3000.0,30.2,S
2021-06-15T10:28:48,1200.0,30.25,S
2021-06-15T10:28:48,500.0,30.25,S
2021-06-15T10:28:33,5000.0,30.25,S
2021-06-15T10:28:08,2000.0,30.2,S
2021-06-15T10:27:48,100.0,30.25,S
2021-06-15T10:27:36,1000.0,30.25,S
2021-06-15T10:27:22,1000.0,30.3,B
2021-06-15T10:27:15,2000.0,30.3,B
2021-06-15T10:27:13,2000.0,30.25,S
2021-06-15T10:27:02,500.0,30.25,S
2021-06-15T10:26:55,4600.0,30.2,S
2021-06-15T10:26:55,1400.0,30.2,S
2021-06-15T10:26:55,8600.0,30.2,S
2021-06-15T10:26:55,500.0,30.2,S
2021-06-15T10:26:55,4900.0,30.2,S
2021-06-15T10:26:52,5000.0,30.25,S
2021-06-15T10:26:42,1000.0,30.3,B
2021-06-15T10:26:40,2000.0,30.3,B
2021-06-15T10:26:28,300.0,30.3,B
2021-06-15T10:26:04,3100.0,30.3,B
2021-06-15T10:25:46,100.0,30.3,B
2021-06-15T10:25:35,500.0,30.3,S
2021-06-15T10:25:21,100.0,30.3,S
2021-06-15T10:25:14,300.0,30.3,S
2021-06-15T10:25:06,200.0,30.3,S
2021-06-15T10:25:05,15000.0,30.3,S
2021-06-15T10:24:58,3000.0,30.25,S
2021-06-15T10:24:50,300.0,30.3,S
2021-06-15T10:24:45,200.0,30.3,S
2021-06-15T10:24:32,200.0,30.3,S
2021-06-15T10:24:18,5000.0,30.25,S
2021-06-15T10:24:12,3900.0,30.3,S
2021-06-15T10:24:08,100.0,30.3,S
2021-06-15T10:23:56,1700.0,30.3,S
2021-06-15T10:23:53,100.0,30.25,S
2021-06-15T10:23:50,1000.0,30.3,S
2021-06-15T10:23:41,2000.0,30.3,S
2021-06-15T10:23:40,300.0,30.3,S
2021-06-15T10:23:34,2000.0,30.3,S
2021-06-15T10:23:25,5000.0,30.3,S
2021-06-15T10:23:25,2200.0,30.25,S
2021-06-15T10:23:17,4000.0,30.25,S
2021-06-15T10:23:03,1800.0,30.25,S
2021-06-15T10:22:48,500.0,30.25,S
2021-06-15T10:22:45,1000.0,30.3,S
2021-06-15T10:22:39,5000.0,30.3,S
2021-06-15T10:22:38,1000.0,30.3,S
2021-06-15T10:22:28,5000.0,30.3,S
2021-06-15T10:22:23,5000.0,30.3,S
2021-06-15T10:22:21,100.0,30.3,S
2021-06-15T10:21:53,400.0,30.3,S
2021-06-15T10:21:53,3300.0,30.3,S
2021-06-15T10:21:53,500.0,30.3,S
2021-06-15T10:21:53,1700.0,30.3,S
2021-06-15T10:21:53,600.0,30.3,S
2021-06-15T10:21:53,1400.0,30.3,S
2021-06-15T10:21:53,400.0,30.3,S
2021-06-15T10:21:53,600.0,30.3,S
2021-06-15T10:21:53,1300.0,30.3,S
2021-06-15T10:21:53,2200.0,30.3,S
2021-06-15T10:21:52,200.0,30.3,S
2021-06-15T10:21:52,10700.0,30.3,S
2021-06-15T10:21:52,3600.0,30.3,S
2021-06-15T10:21:52,100.0,30.3,S
2021-06-15T10:21:52,1100.0,30.3,S
2021-06-15T10:21:52,8900.0,30.3,S
2021-06-15T10:21:52,1600.0,30.3,S
2021-06-15T10:21:52,6000.0,30.3,S
2021-06-15T10:21:52,5800.0,30.3,S
2021-06-15T10:21:51,500.0,30.3,S
2021-06-15T10:21:50,2000.0,30.3,S
2021-06-15T10:21:47,1500.0,30.3,S
2021-06-15T10:21:47,100.0,30.3,S
2021-06-15T10:21:34,13600.0,30.3,S
2021-06-15T10:21:27,2000.0,30.3,S
2021-06-15T10:21:25,300.0,30.3,S
2021-06-15T10:21:24,4000.0,30.3,S
2021-06-15T10:21:20,100.0,30.3,S
2021-06-15T10:21:18,2000.0,30.3,S
2021-06-15T10:20:34,3000.0,30.3,S
2021-06-15T10:20:22,1100.0,30.35,S
2021-06-15T10:20:19,1300.0,30.35,S
2021-06-15T10:20:19,2000.0,30.35,S
2021-06-15T10:20:19,1200.0,30.35,S
2021-06-15T10:20:18,6000.0,30.35,S
2021-06-15T10:20:11,1000.0,30.35,S
2021-06-15T10:20:02,500.0,30.35,S
2021-06-15T10:19:41,7200.0,30.4,B
2021-06-15T10:19:31,1000.0,30.4,B
2021-06-15T10:19:22,500.0,30.4,B
2021-06-15T10:19:22,100.0,30.4,B
2021-06-15T10:19:15,500.0,30.4,B
2021-06-15T10:19:11,100.0,30.35,S
2021-06-15T10:19:02,1700.0,30.4,S
2021-06-15T10:19:00,200.0,30.45,B
2021-06-15T10:18:39,3900.0,30.4,S
2021-06-15T10:18:39,2900.0,30.4,S
2021-06-15T10:18:31,2000.0,30.4,S
2021-06-15T10:18:07,100.0,30.4,S
2021-06-15T10:18:03,2000.0,30.35,S
2021-06-15T10:17:51,200.0,30.4,S
2021-06-15T10:17:40,300.0,30.4,S
2021-06-15T10:17:40,700.0,30.4,S
2021-06-15T10:17:37,4000.0,30.4,S
2021-06-15T10:17:37,1000.0,30.4,S
2021-06-15T10:17:37,100.0,30.4,S
2021-06-15T10:17:35,2000.0,30.4,S
2021-06-15T10:17:17,100.0,30.4,B
2021-06-15T10:16:47,200.0,30.4,B
2021-06-15T10:16:45,1100.0,30.45,B
2021-06-15T10:16:36,7400.0,30.4,B
2021-06-15T10:16:36,100.0,30.35,S
2021-06-15T10:16:35,1400.0,30.35,S
2021-06-15T10:16:32,1600.0,30.4,B
2021-06-15T10:16:26,200.0,30.35,S
2021-06-15T10:16:21,3000.0,30.4,B
2021-06-15T10:16:17,2000.0,30.35,S
2021-06-15T10:16:15,3000.0,30.4,B
2021-06-15T10:16:14,100.0,30.35,S
2021-06-15T10:16:14,200.0,30.35,S
2021-06-15T10:16:09,500.0,30.35,S
