tradingTime,volume,price,side
2021-06-15T14:23:35,500.0,30.0,S
2021-06-15T14:15:58,200.0,30.1,B
2021-06-15T14:15:57,1700.0,30.1,B
2021-06-15T14:15:48,200.0,30.0,S
2021-06-15T14:15:47,100.0,30.1,B
2021-06-15T14:15:14,300.0,30.0,S
2021-06-15T14:13:52,100.0,30.0,S
2021-06-15T14:13:28,500.0,30.0,S
2021-06-15T14:13:18,500.0,30.1,B
2021-06-15T14:12:42,2000.0,30.1,B
2021-06-15T14:12:36,200.0,30.0,S
2021-06-15T14:12:18,500.0,30.0,B
2021-06-15T14:11:49,600.0,30.0,B
2021-06-15T14:11:49,2100.0,30.0,B
2021-06-15T14:11:48,1000.0,30.0,B
2021-06-15T14:11:33,3000.0,30.0,B
2021-06-15T14:11:33,2900.0,30.0,B
2021-06-15T14:11:31,500.0,30.1,B
2021-06-15T14:11:31,1500.0,30.1,B
2021-06-15T14:11:05,100.0,30.0,B
2021-06-15T14:11:03,5000.0,30.1,B
2021-06-15T14:09:22,100.0,30.1,B
2021-06-15T14:09:22,5900.0,30.1,B
2021-06-15T14:09:22,2500.0,30.1,B
2021-06-15T14:09:22,9500.0,30.05,B
2021-06-15T14:09:22,2000.0,30.0,B
2021-06-15T14:08:30,100.0,29.95,B
2021-06-15T14:07:13,800.0,30.0,B
2021-06-15T14:07:13,2700.0,30.0,B
2021-06-15T14:07:13,7400.0,30.0,B
2021-06-15T14:07:13,500.0,30.0,B
2021-06-15T14:07:13,31800.0,30.0,B
2021-06-15T14:06:29,2800.0,29.8,S
2021-06-15T14:06:15,1200.0,29.85,S
2021-06-15T14:06:15,1500.0,29.85,S
2021-06-15T14:06:15,4300.0,29.85,S
2021-06-15T14:06:15,1400.0,29.9,S
2021-06-15T14:06:15,500.0,29.9,S
2021-06-15T14:06:15,1700.0,29.9,S
2021-06-15T14:06:15,400.0,29.9,S
2021-06-15T14:05:45,2800.0,29.9,S
2021-06-15T14:05:32,100.0,29.95,B
2021-06-15T14:05:31,900.0,29.95,B
2021-06-15T14:05:20,500.0,29.9,S
2021-06-15T14:04:36,1000.0,29.9,S
2021-06-15T14:04:15,200.0,29.9,S
2021-06-15T14:03:56,1100.0,29.9,S
2021-06-15T14:03:53,2800.0,29.85,S
2021-06-15T14:03:40,2800.0,29.85,S
2021-06-15T14:03:30,1900.0,29.9,S
2021-06-15T14:03:29,3300.0,29.9,S
2021-06-15T14:03:29,3700.0,29.9,S
2021-06-15T14:02:49,200.0,29.9,S
2021-06-15T14:01:16,3000.0,29.9,S
2021-06-15T14:00:09,2700.0,29.9,S
2021-06-15T14:00:09,100.0,29.9,S
2021-06-15T13:59:42,3000.0,29.9,S
2021-06-15T13:59:24,900.0,29.9,S
2021-06-15T13:58:11,500.0,29.95,B
2021-06-15T13:58:07,200.0,29.95,B
2021-06-15T13:56:58,2800.0,29.9,S
2021-06-15T13:56:37,400.0,29.9,S
2021-06-15T13:55:52,400.0,29.9,S
2021-06-15T13:55:31,1000.0,29.9,S
2021-06-15T13:55:24,1000.0,30.0,B
2021-06-15T13:54:58,1000.0,29.9,S
2021-06-15T13:54:58,300.0,30.0,B
2021-06-15T13:54:16,100.0,29.9,S
2021-06-15T13:53:26,900.0,29.9,S
2021-06-15T13:53:25,1900.0,29.9,S
2021-06-15T13:52:27,600.0,29.9,S
2021-06-15T13:52:19,1000.0,29.9,S
2021-06-15T13:51:18,1000.0,29.9,S
2021-06-15T13:51:06,500.0,29.95,B
2021-06-15T13:49:58,600.0,29.9,S
2021-06-15T13:49:58,2100.0,29.9,S
2021-06-15T13:49:24,600.0,29.9,S
2021-06-15T13:49:24,100.0,29.9,S
2021-06-15T13:49:24,300.0,29.9,S
2021-06-15T13:49:22,300.0,29.9,S
2021-06-15T13:49:22,700.0,29.95,B
2021-06-15T13:49:02,300.0,29.95,B
2021-06-15T13:48:45,300.0,29.9,S
2021-06-15T13:48:45,500.0,29.9,S
2021-06-15T13:48:44,200.0,29.9,S
2021-06-15T13:48:42,1200.0,29.9,S
2021-06-15T13:48:12,500.0,29.9,S
2021-06-15T13:46:46,500.0,29.9,S
2021-06-15T13:46:39,2000.0,29.9,S
2021-06-15T13:46:24,1000.0,29.9,S
2021-06-15T13:46:15,1400.0,29.9,S
2021-06-15T13:46:15,300.0,29.9,S
2021-06-15T13:46:14,300.0,29.9,S
2021-06-15T13:46:14,500.0,29.9,S
2021-06-15T13:46:14,300.0,29.9,S
2021-06-15T13:46:03,600.0,29.9,S
2021-06-15T13:45:21,1000.0,29.9,S
2021-06-15T13:45:17,100.0,30.0,B
2021-06-15T13:45:04,200.0,29.95,S
2021-06-15T13:44:59,1000.0,29.95,S
2021-06-15T13:44:49,100.0,30.0,B
2021-06-15T13:44:35,1000.0,30.0,B
2021-06-15T13:44:10,100.0,30.0,B
2021-06-15T13:43:12,2000.0,30.0,B
2021-06-15T13:42:49,2800.0,29.95,S
2021-06-15T13:41:49,1000.0,30.0,B
2021-06-15T13:41:48,100.0,30.0,B
2021-06-15T13:41:15,100.0,30.0,B
2021-06-15T13:40:50,5000.0,29.9,S
2021-06-15T13:40:46,2000.0,29.95,S
2021-06-15T13:40:41,900.0,30.0,B
2021-06-15T13:40:35,1100.0,29.95,S
2021-06-15T13:40:05,800.0,29.9,S
2021-06-15T13:40:04,700.0,29.9,S
2021-06-15T13:40:04,8500.0,29.9,S
2021-06-15T13:40:01,100.0,29.95,S
2021-06-15T13:39:50,500.0,29.95,S
2021-06-15T13:39:48,4400.0,29.95,S
2021-06-15T13:39:31,500.0,29.95,S
2021-06-15T13:39:28,2800.0,29.95,S
2021-06-15T13:39:21,2300.0,29.95,S
2021-06-15T13:39:09,1000.0,29.95,S
2021-06-15T13:39:03,1700.0,29.95,S
2021-06-15T13:38:28,300.0,29.95,S
2021-06-15T13:38:17,500.0,29.95,S
2021-06-15T13:38:17,1900.0,29.95,S
2021-06-15T13:38:17,1100.0,29.95,S
2021-06-15T13:38:17,1700.0,29.95,S
2021-06-15T13:38:17,1700.0,29.95,S
2021-06-15T13:38:17,3100.0,29.95,S
2021-06-15T13:38:11,200.0,29.95,S
2021-06-15T13:38:07,1500.0,29.95,S
2021-06-15T13:38:03,100.0,29.95,S
2021-06-15T13:37:40,100.0,29.95,S
2021-06-15T13:37:32,500.0,30.0,B
2021-06-15T13:37:30,7700.0,29.95,S
2021-06-15T13:37:27,1000.0,29.95,S
2021-06-15T13:37:14,5000.0,30.0,B
2021-06-15T13:37:05,300.0,29.95,S
2021-06-15T13:37:05,200.0,29.95,S
2021-06-15T13:36:55,1000.0,30.0,B
2021-06-15T13:36:31,1000.0,30.0,S
2021-06-15T13:36:27,100.0,30.0,S
2021-06-15T13:36:21,2000.0,30.0,S
2021-06-15T13:36:08,500.0,30.0,S
2021-06-15T13:36:02,500.0,29.95,S
2021-06-15T13:36:02,400.0,29.95,S
2021-06-15T13:36:02,1600.0,29.95,S
2021-06-15T13:36:02,500.0,29.95,S
2021-06-15T13:36:01,300.0,29.95,S
2021-06-15T13:35:57,200.0,30.0,S
2021-06-15T13:35:20,700.0,30.0,S
2021-06-15T13:35:03,200.0,30.0,S
2021-06-15T13:34:59,100.0,29.95,S
2021-06-15T13:34:43,500.0,30.0,S
2021-06-15T13:34:23,2000.0,30.0,S
2021-06-15T13:34:04,500.0,30.0,S
2021-06-15T13:33:39,1400.0,30.0,S
2021-06-15T13:33:36,500.0,30.0,S
2021-06-15T13:33:24,1000.0,30.0,S
2021-06-15T13:33:22,1000.0,30.0,S
2021-06-15T13:33:22,300.0,30.0,S
2021-06-15T13:33:22,4100.0,30.0,S
2021-06-15T13:33:22,1500.0,30.0,S
2021-06-15T13:33:22,4100.0,30.0,S
2021-06-15T13:33:22,200.0,30.0,S
2021-06-15T13:33:22,300.0,30.0,S
2021-06-15T13:33:22,1300.0,30.0,S
2021-06-15T13:33:22,1200.0,30.0,S
2021-06-15T13:33:22,2600.0,30.0,S
2021-06-15T13:33:22,1200.0,30.0,S
2021-06-15T13:33:22,700.0,30.0,S
2021-06-15T13:33:22,1000.0,30.0,S
2021-06-15T13:33:22,1300.0,30.0,S
2021-06-15T13:33:22,2300.0,30.0,S
2021-06-15T13:33:21,3400.0,30.0,S
2021-06-15T13:33:16,500.0,30.05,S
2021-06-15T13:33:07,100.0,30.05,S
2021-06-15T13:33:05,500.0,30.1,B
2021-06-15T13:33:01,500.0,30.1,B
2021-06-15T13:32:51,1000.0,30.05,S
2021-06-15T13:32:19,1200.0,30.0,S
2021-06-15T13:32:19,1600.0,30.05,S
2021-06-15T13:32:14,1000.0,30.1,B
2021-06-15T13:31:34,300.0,30.05,S
2021-06-15T13:31:34,500.0,30.05,S
2021-06-15T13:31:34,9200.0,30.05,S
2021-06-15T13:31:24,300.0,30.1,B
2021-06-15T13:31:24,5500.0,30.1,B
2021-06-15T13:31:24,9200.0,30.1,B
2021-06-15T13:31:08,1000.0,30.1,B
2021-06-15T13:31:08,100.0,30.1,B
2021-06-15T13:30:50,300.0,30.1,B
2021-06-15T13:30:50,7000.0,30.1,B
2021-06-15T13:30:07,2300.0,30.1,B
2021-06-15T13:30:06,500.0,30.1,B
2021-06-15T13:30:04,2000.0,30.05,S
2021-06-15T13:29:18,2000.0,30.1,B
2021-06-15T13:28:42,1400.0,30.1,B
2021-06-15T13:28:41,2800.0,30.05,S
2021-06-15T13:28:29,1000.0,30.05,S
2021-06-15T13:28:20,100.0,30.05,B
2021-06-15T13:27:13,500.0,30.0,S
2021-06-15T13:26:15,1300.0,30.0,S
2021-06-15T13:26:15,500.0,30.0,S
2021-06-15T13:26:15,2500.0,30.0,S
2021-06-15T13:26:15,300.0,30.0,S
2021-06-15T13:26:15,1500.0,30.0,S
2021-06-15T13:26:15,2400.0,30.0,S
2021-06-15T13:26:14,1300.0,30.0,S
2021-06-15T13:26:14,3800.0,30.0,S
2021-06-15T13:26:14,500.0,30.0,S
2021-06-15T13:26:14,1400.0,30.0,S
2021-06-15T13:26:14,500.0,30.0,S
2021-06-15T13:26:14,2100.0,30.0,S
2021-06-15T13:26:14,200.0,30.0,S
2021-06-15T13:26:13,4000.0,30.0,S
2021-06-15T13:25:29,3600.0,30.0,S
2021-06-15T13:25:11,1600.0,30.0,S
2021-06-15T13:25:11,200.0,30.0,S
2021-06-15T13:25:11,900.0,30.0,S
2021-06-15T13:24:35,600.0,30.0,S
2021-06-15T13:24:35,1200.0,30.0,S
2021-06-15T13:24:35,100.0,30.0,S
2021-06-15T13:24:34,3100.0,30.0,S
2021-06-15T13:24:11,7000.0,30.1,B
2021-06-15T13:23:46,100.0,30.05,S
2021-06-15T13:23:30,300.0,30.05,S
2021-06-15T13:23:30,700.0,30.05,S
2021-06-15T13:23:24,500.0,30.05,S
2021-06-15T13:23:10,200.0,30.05,S
2021-06-15T13:22:46,800.0,30.05,S
2021-06-15T13:22:29,1000.0,30.0,S
2021-06-15T13:22:25,600.0,30.05,S
2021-06-15T13:22:12,200.0,30.05,S
2021-06-15T13:22:08,1000.0,30.05,S
2021-06-15T13:21:59,600.0,30.0,S
2021-06-15T13:21:58,2200.0,30.0,S
2021-06-15T13:21:47,2000.0,30.0,S
2021-06-15T13:21:34,400.0,30.05,S
2021-06-15T13:21:06,600.0,30.05,S
2021-06-15T13:20:56,200.0,30.05,S
2021-06-15T13:20:54,1800.0,30.1,B
2021-06-15T13:20:50,7000.0,30.0,S
2021-06-15T13:20:34,100.0,30.05,S
2021-06-15T13:20:01,1800.0,30.1,B
2021-06-15T13:19:41,300.0,30.1,B
2021-06-15T13:18:33,100.0,30.1,S
2021-06-15T13:18:24,2800.0,30.05,S
2021-06-15T13:18:23,1500.0,30.1,S
2021-06-15T13:18:06,500.0,30.1,S
2021-06-15T13:18:01,1000.0,30.05,S
2021-06-15T13:16:57,1000.0,30.1,S
2021-06-15T13:16:54,3500.0,30.1,S
2021-06-15T13:16:54,500.0,30.1,S
2021-06-15T13:16:52,1000.0,30.1,S
2021-06-15T13:16:22,500.0,30.05,S
2021-06-15T13:16:11,1000.0,30.05,S
2021-06-15T13:14:57,2800.0,30.05,S
2021-06-15T13:14:37,400.0,30.05,S
2021-06-15T13:14:37,300.0,30.05,S
2021-06-15T13:14:37,800.0,30.05,S
2021-06-15T13:14:37,200.0,30.05,S
2021-06-15T13:14:29,1500.0,30.1,S
2021-06-15T13:14:29,1400.0,30.1,S
2021-06-15T13:14:29,13500.0,30.1,S
2021-06-15T13:13:34,400.0,30.1,S
2021-06-15T13:13:01,700.0,30.1,S
2021-06-15T13:12:55,1000.0,30.1,S
2021-06-15T13:12:25,500.0,30.1,S
2021-06-15T13:12:10,100.0,30.1,S
2021-06-15T13:12:01,3000.0,30.1,S
2021-06-15T13:11:10,2800.0,30.1,S
2021-06-15T13:11:09,1000.0,30.1,S
2021-06-15T13:10:28,100.0,30.1,S
2021-06-15T13:10:04,3000.0,30.1,S
2021-06-15T13:09:57,2000.0,30.15,B
2021-06-15T13:09:55,2900.0,30.15,B
2021-06-15T13:08:13,1000.0,30.1,S
2021-06-15T13:08:05,1500.0,30.1,S
2021-06-15T13:07:46,100.0,30.1,S
2021-06-15T13:07:44,2800.0,30.1,S
2021-06-15T13:06:57,1500.0,30.1,S
2021-06-15T13:06:17,400.0,30.1,S
2021-06-15T13:06:07,1000.0,30.1,S
2021-06-15T13:05:37,500.0,30.1,S
2021-06-15T13:05:31,100.0,30.1,S
2021-06-15T13:05:06,500.0,30.1,S
2021-06-15T13:04:13,2800.0,30.1,S
2021-06-15T13:03:51,3000.0,30.1,S
2021-06-15T13:03:32,100.0,30.15,S
2021-06-15T13:03:29,300.0,30.15,S
2021-06-15T13:03:10,900.0,30.1,S
2021-06-15T13:03:10,800.0,30.1,S
2021-06-15T13:03:10,8300.0,30.15,S
2021-06-15T13:03:07,400.0,30.15,S
2021-06-15T13:02:43,100.0,30.15,S
2021-06-15T13:02:35,3500.0,30.2,B
2021-06-15T13:02:12,300.0,30.15,S
2021-06-15T13:02:10,200.0,30.15,S
2021-06-15T13:02:06,1400.0,30.15,S
2021-06-15T13:02:05,1400.0,30.15,S
2021-06-15T13:01:41,100.0,30.15,S
2021-06-15T13:01:07,100.0,30.2,B
2021-06-15T13:01:03,200.0,30.15,S
2021-06-15T13:00:38,2700.0,30.15,S
2021-06-15T13:00:37,1000.0,30.15,S
2021-06-15T13:00:27,1000.0,30.15,S
2021-06-15T11:30:09,200.0,30.15,B
2021-06-15T11:30:09,200.0,30.15,B
2021-06-15T11:28:53,200.0,30.15,S
2021-06-15T11:28:36,500.0,30.15,S
2021-06-15T11:28:05,200.0,30.1,S
2021-06-15T11:28:05,1800.0,30.1,S
2021-06-15T11:27:58,400.0,30.2,B
2021-06-15T11:27:44,500.0,30.15,S
2021-06-15T11:27:12,2800.0,30.15,S
2021-06-15T11:27:10,100.0,30.2,B
2021-06-15T11:26:32,1200.0,30.2,B
2021-06-15T11:26:16,100.0,30.15,S
2021-06-15T11:25:53,1000.0,30.2,B
2021-06-15T11:24:46,6000.0,30.2,B
2021-06-15T11:24:41,100.0,30.15,S
2021-06-15T11:24:36,2000.0,30.15,S
2021-06-15T11:24:03,1500.0,30.15,S
2021-06-15T11:23:42,2800.0,30.15,S
2021-06-15T11:23:40,900.0,30.15,B
2021-06-15T11:23:26,5000.0,30.1,S
2021-06-15T11:23:22,2500.0,30.15,S
2021-06-15T11:23:03,100.0,30.2,B
2021-06-15T11:22:41,300.0,30.2,B
2021-06-15T11:22:22,1000.0,30.2,B
2021-06-15T11:22:10,100.0,30.15,S
2021-06-15T11:21:45,6000.0,30.2,B
2021-06-15T11:21:44,100.0,30.2,B
2021-06-15T11:21:17,700.0,30.2,B
2021-06-15T11:21:17,300.0,30.2,B
2021-06-15T11:21:17,1000.0,30.2,B
2021-06-15T11:20:55,500.0,30.2,B
2021-06-15T11:20:41,500.0,30.15,S
2021-06-15T11:20:38,10000.0,30.2,B
2021-06-15T11:20:16,500.0,30.2,B
2021-06-15T11:20:08,2800.0,30.1,S
2021-06-15T11:20:05,1000.0,30.2,B
2021-06-15T11:20:05,500.0,30.2,B
2021-06-15T11:20:05,1200.0,30.2,B
2021-06-15T11:19:39,700.0,30.2,B
2021-06-15T11:19:22,1000.0,30.15,B
2021-06-15T11:18:42,100.0,30.15,B
2021-06-15T11:18:28,3000.0,30.1,S
2021-06-15T11:18:04,300.0,30.15,B
2021-06-15T11:17:54,300.0,30.15,B
2021-06-15T11:17:42,100.0,30.15,B
2021-06-15T11:17:28,2500.0,30.1,S
2021-06-15T11:17:27,500.0,30.15,B
2021-06-15T11:17:04,2000.0,30.1,S
2021-06-15T11:16:56,10000.0,30.2,B
2021-06-15T11:16:51,1000.0,30.15,B
2021-06-15T11:16:42,400.0,30.1,S
2021-06-15T11:16:42,1400.0,30.1,S
2021-06-15T11:16:42,1000.0,30.1,S
2021-06-15T11:16:39,1900.0,30.15,B
2021-06-15T11:16:18,100.0,30.15,B
2021-06-15T11:16:08,200.0,30.15,B
2021-06-15T11:15:51,6700.0,30.15,S
2021-06-15T11:15:50,1000.0,30.15,S
2021-06-15T11:15:49,1000.0,30.15,S
2021-06-15T11:15:14,1000.0,30.15,S
2021-06-15T11:14:28,300.0,30.15,B
2021-06-15T11:14:10,4100.0,30.0,S
2021-06-15T11:14:10,5200.0,30.0,S
2021-06-15T11:14:10,2000.0,30.0,S
2021-06-15T11:14:10,3100.0,30.0,S
2021-06-15T11:14:10,2500.0,30.0,S
2021-06-15T11:14:10,3100.0,30.0,S
2021-06-15T11:14:10,900.0,30.0,S
2021-06-15T11:14:10,9100.0,30.0,S
2021-06-15T11:14:02,500.0,30.2,B
2021-06-15T11:14:02,9500.0,30.2,B
2021-06-15T11:13:38,900.0,30.1,S
2021-06-15T11:13:09,2800.0,30.1,S
2021-06-15T11:13:09,100.0,30.2,B
2021-06-15T11:13:00,2000.0,30.2,B
2021-06-15T11:12:48,100.0,30.2,B
2021-06-15T11:12:41,200.0,30.2,B
2021-06-15T11:12:35,1000.0,30.2,B
2021-06-15T11:12:21,5800.0,30.2,B
2021-06-15T11:12:17,3000.0,30.2,B
2021-06-15T11:12:08,100.0,30.2,B
2021-06-15T11:12:04,100.0,30.2,B
2021-06-15T11:11:52,100.0,30.2,B
2021-06-15T11:11:52,200.0,30.2,B
2021-06-15T11:11:52,1700.0,30.2,B
2021-06-15T11:11:41,5900.0,30.15,S
2021-06-15T11:11:39,1500.0,30.15,S
2021-06-15T11:11:18,100.0,30.1,S
2021-06-15T11:11:18,900.0,30.2,B
2021-06-15T11:11:06,8000.0,30.2,B
2021-06-15T11:11:06,7200.0,30.15,B
2021-06-15T11:11:06,14800.0,30.15,B
2021-06-15T11:10:43,1000.0,30.1,B
2021-06-15T11:10:13,100.0,30.0,S
2021-06-15T11:10:05,1000.0,30.1,S
2021-06-15T11:09:39,2800.0,30.0,S
2021-06-15T11:09:28,400.0,30.1,B
2021-06-15T11:09:24,2000.0,30.1,B
2021-06-15T11:09:12,700.0,30.1,B
2021-06-15T11:09:12,2300.0,30.1,B
2021-06-15T11:09:12,500.0,30.1,B
2021-06-15T11:09:11,1500.0,30.1,B
2021-06-15T11:09:07,100.0,30.0,S
2021-06-15T11:08:15,1000.0,30.0,S
2021-06-15T11:08:14,2400.0,30.1,B
2021-06-15T11:08:04,500.0,30.0,S
2021-06-15T11:07:51,1000.0,30.0,S
2021-06-15T11:07:37,300.0,30.1,B
2021-06-15T11:07:32,300.0,30.0,S
2021-06-15T11:07:32,19700.0,30.0,S
2021-06-15T11:07:24,100.0,30.1,B
2021-06-15T11:07:21,100.0,30.1,B
2021-06-15T11:07:11,10000.0,30.0,S
2021-06-15T11:06:50,200.0,30.0,S
2021-06-15T11:06:47,400.0,30.0,S
2021-06-15T11:06:39,1500.0,30.1,B
2021-06-15T11:06:38,100.0,30.0,S
2021-06-15T11:06:08,2900.0,30.0,S
2021-06-15T11:05:57,600.0,30.0,S
2021-06-15T11:05:43,100.0,30.0,S
2021-06-15T11:05:41,500.0,30.0,B
2021-06-15T11:05:22,1000.0,30.0,B
2021-06-15T11:05:17,5900.0,30.0,B
2021-06-15T11:05:11,100.0,30.0,B
2021-06-15T11:05:04,1000.0,30.0,B
2021-06-15T11:05:03,2100.0,29.95,S
2021-06-15T11:05:03,3000.0,30.0,B
2021-06-15T11:04:51,300.0,30.0,B
2021-06-15T11:04:51,400.0,30.0,B
2021-06-15T11:04:51,200.0,30.0,B
2021-06-15T11:04:36,1000.0,30.0,B
2021-06-15T11:04:36,4000.0,30.0,B
2021-06-15T11:04:12,2000.0,30.0,B
2021-06-15T11:03:45,2500.0,29.95,S
2021-06-15T11:03:27,5000.0,29.95,S
2021-06-15T11:03:20,300.0,30.0,B
2021-06-15T11:03:12,300.0,30.0,B
2021-06-15T11:03:03,1000.0,30.0,B
2021-06-15T11:02:58,200.0,30.0,B
2021-06-15T11:02:56,9200.0,30.0,B
2021-06-15T11:02:56,500.0,30.0,B
2021-06-15T11:02:56,1800.0,30.0,B
2021-06-15T11:02:56,1000.0,30.0,B
2021-06-15T11:02:56,7500.0,30.0,B
2021-06-15T11:02:54,300.0,30.0,B
2021-06-15T11:02:54,10000.0,30.0,B
2021-06-15T11:02:43,1000.0,30.0,B
2021-06-15T11:02:41,500.0,29.9,S
2021-06-15T11:02:40,2300.0,29.95,S
2021-06-15T11:02:37,300.0,30.0,B
2021-06-15T11:02:37,500.0,30.0,B
2021-06-15T11:02:27,200.0,29.95,B
2021-06-15T11:02:19,100.0,30.0,B
2021-06-15T11:02:03,6000.0,30.0,B
2021-06-15T11:01:59,1500.0,29.95,B
2021-06-15T11:01:50,700.0,29.95,B
2021-06-15T11:01:49,300.0,29.95,B
2021-06-15T11:01:31,1000.0,29.95,B
2021-06-15T11:01:12,500.0,29.95,B
2021-06-15T11:01:07,1500.0,29.9,S
2021-06-15T11:01:07,100.0,29.9,S
2021-06-15T11:01:04,6500.0,29.9,S
2021-06-15T11:00:36,200.0,29.95,B
2021-06-15T11:00:36,800.0,29.95,B
2021-06-15T11:00:36,100.0,29.9,S
2021-06-15T10:59:59,2000.0,30.0,B
2021-06-15T10:59:14,10000.0,30.0,B
2021-06-15T10:59:09,2800.0,29.8,S
2021-06-15T10:58:51,5200.0,29.9,B
2021-06-15T10:58:51,2000.0,29.9,B
2021-06-15T10:58:51,2800.0,29.8,B
2021-06-15T10:58:29,1000.0,29.8,B
2021-06-15T10:58:26,2000.0,29.8,B
2021-06-15T10:58:13,9300.0,29.8,B
2021-06-15T10:58:12,700.0,29.75,B
2021-06-15T10:58:10,400.0,29.7,B
2021-06-15T10:58:08,4400.0,29.7,B
2021-06-15T10:58:08,900.0,29.7,B
2021-06-15T10:57:28,300.0,29.7,B
2021-06-15T10:57:19,2500.0,29.7,B
2021-06-15T10:56:36,5000.0,29.7,B
2021-06-15T10:56:31,500.0,29.7,B
2021-06-15T10:56:28,500.0,29.7,B
2021-06-15T10:56:23,900.0,29.65,S
2021-06-15T10:56:13,100.0,29.65,S
2021-06-15T10:56:03,500.0,29.7,B
2021-06-15T10:55:45,300.0,29.7,B
2021-06-15T10:55:45,500.0,29.7,B
2021-06-15T10:55:40,900.0,29.6,S
2021-06-15T10:55:40,1900.0,29.65,S
2021-06-15T10:55:32,1000.0,29.7,B
2021-06-15T10:55:32,100.0,29.65,S
2021-06-15T10:55:28,7000.0,29.7,B
2021-06-15T10:55:24,100.0,29.7,B
2021-06-15T10:55:23,600.0,29.7,B
2021-06-15T10:55:12,200.0,29.7,B
2021-06-15T10:55:01,300.0,29.7,B
2021-06-15T10:54:52,2000.0,29.7,B
2021-06-15T10:54:37,1000.0,29.7,B
2021-06-15T10:54:29,600.0,29.7,B
2021-06-15T10:54:28,500.0,29.7,B
2021-06-15T10:54:25,1000.0,29.7,B
2021-06-15T10:54:22,2000.0,29.7,B
2021-06-15T10:54:21,13000.0,29.7,B
2021-06-15T10:54:17,100.0,29.65,S
2021-06-15T10:54:15,100.0,29.7,B
2021-06-15T10:54:09,200.0,29.7,B
2021-06-15T10:54:08,100.0,29.7,B
2021-06-15T10:53:35,20000.0,29.7,B
2021-06-15T10:53:35,500.0,29.7,B
2021-06-15T10:53:15,100.0,29.7,B
2021-06-15T10:53:07,5000.0,29.7,B
2021-06-15T10:52:52,500.0,29.7,B
2021-06-15T10:52:45,5000.0,29.7,B
2021-06-15T10:52:12,2800.0,29.6,S
2021-06-15T10:52:04,300.0,29.7,B
2021-06-15T10:51:11,3200.0,29.6,S
2021-06-15T10:51:09,3000.0,29.7,B
2021-06-15T10:51:08,4800.0,29.7,B
2021-06-15T10:51:03,5000.0,29.7,B
2021-06-15T10:50:58,700.0,29.6,B
2021-06-15T10:50:56,100.0,29.6,B
2021-06-15T10:50:56,100.0,29.6,B
2021-06-15T10:50:43,100.0,29.6,B
2021-06-15T10:50:43,200.0,29.6,B
2021-06-15T10:50:31,3000.0,29.7,B
2021-06-15T10:50:31,400.0,29.6,B
2021-06-15T10:50:31,600.0,29.6,B
2021-06-15T10:50:15,1000.0,29.6,B
2021-06-15T10:50:09,200.0,29.6,B
2021-06-15T10:50:09,100.0,29.6,B
2021-06-15T10:49:31,900.0,29.6,B
2021-06-15T10:49:17,500.0,29.5,B
2021-06-15T10:49:15,10000.0,29.6,B
2021-06-15T10:48:41,2300.0,29.4,S
2021-06-15T10:48:41,500.0,29.45,S
2021-06-15T10:48:36,100.0,29.5,B
2021-06-15T10:48:23,100.0,29.5,B
2021-06-15T10:48:18,500.0,29.5,B
2021-06-15T10:48:13,100.0,29.5,B
2021-06-15T10:48:08,1200.0,29.5,B
2021-06-15T10:48:03,100.0,29.5,B
2021-06-15T10:47:44,7000.0,29.5,B
2021-06-15T10:47:40,200.0,29.5,B
2021-06-15T10:47:33,10000.0,29.5,B
2021-06-15T10:47:31,200.0,29.4,B
2021-06-15T10:47:27,10000.0,29.5,B
2021-06-15T10:47:15,2000.0,29.45,B
2021-06-15T10:47:14,1000.0,29.4,B
2021-06-15T10:47:06,100.0,29.4,B
2021-06-15T10:47:04,900.0,29.45,B
2021-06-15T10:46:57,500.0,29.4,B
2021-06-15T10:46:41,2000.0,29.4,B
2021-06-15T10:46:29,1500.0,29.4,B
2021-06-15T10:46:09,600.0,29.35,B
2021-06-15T10:45:57,2000.0,29.35,B
2021-06-15T10:45:42,200.0,29.45,B
2021-06-15T10:45:33,100.0,29.35,B
2021-06-15T10:45:30,1800.0,29.35,B
2021-06-15T10:45:20,3000.0,29.35,B
2021-06-15T10:45:11,2800.0,29.3,B
2021-06-15T10:44:49,4000.0,29.35,B
2021-06-15T10:44:44,6400.0,29.3,B
2021-06-15T10:44:28,3000.0,29.3,B
2021-06-15T10:44:15,100.0,29.3,B
2021-06-15T10:44:11,200.0,29.25,S
2021-06-15T10:44:09,500.0,29.25,S
2021-06-15T10:44:06,500.0,29.2,S
2021-06-15T10:44:00,2300.0,29.25,S
2021-06-15T10:43:57,2000.0,29.3,B
2021-06-15T10:43:56,100.0,29.3,B
2021-06-15T10:43:53,300.0,29.25,S
2021-06-15T10:43:53,1200.0,29.25,S
2021-06-15T10:43:53,2500.0,29.25,S
2021-06-15T10:43:52,400.0,29.3,B
2021-06-15T10:43:45,1500.0,29.3,B
2021-06-15T10:43:45,500.0,29.25,S
2021-06-15T10:43:43,1600.0,29.25,S
2021-06-15T10:43:30,100.0,29.3,B
2021-06-15T10:43:27,500.0,29.3,B
2021-06-15T10:43:21,1900.0,29.25,S
2021-06-15T10:43:08,3100.0,29.3,B
2021-06-15T10:43:04,3000.0,29.45,B
2021-06-15T10:42:58,1000.0,29.2,S
2021-06-15T10:42:58,600.0,29.2,S
2021-06-15T10:42:58,1700.0,29.2,S
2021-06-15T10:42:58,2000.0,29.2,S
2021-06-15T10:42:58,3600.0,29.2,S
2021-06-15T10:42:58,1100.0,29.2,S
2021-06-15T10:42:54,300.0,29.25,S
2021-06-15T10:42:50,200.0,29.25,S
2021-06-15T10:42:50,1500.0,29.25,S
2021-06-15T10:42:41,10000.0,29.3,B
2021-06-15T10:42:25,1000.0,29.25,S
2021-06-15T10:42:12,100.0,29.25,S
2021-06-15T10:42:07,1000.0,29.2,S
2021-06-15T10:41:57,1100.0,29.25,S
2021-06-15T10:41:52,100.0,29.25,S
2021-06-15T10:41:52,500.0,29.3,B
2021-06-15T10:41:45,2700.0,29.25,S
2021-06-15T10:41:40,2000.0,29.25,S
2021-06-15T10:41:33,100.0,29.3,B
2021-06-15T10:41:28,100.0,29.3,B
2021-06-15T10:41:25,200.0,29.3,B
2021-06-15T10:41:24,500.0,29.3,B
2021-06-15T10:41:06,400.0,29.3,S
2021-06-15T10:40:56,400.0,29.3,S
2021-06-15T10:40:35,300.0,29.3,S
2021-06-15T10:40:34,5000.0,29.3,S
2021-06-15T10:40:27,100.0,29.3,S
2021-06-15T10:40:27,900.0,29.3,S
2021-06-15T10:40:23,1500.0,29.3,S
2021-06-15T10:40:20,1000.0,29.3,S
2021-06-15T10:40:19,100.0,29.35,S
2021-06-15T10:39:57,1100.0,29.3,S
2021-06-15T10:39:55,5100.0,29.35,S
2021-06-15T10:39:35,1200.0,29.35,S
2021-06-15T10:39:33,200.0,29.35,S
2021-06-15T10:39:04,5000.0,29.3,S
2021-06-15T10:38:21,2800.0,29.3,S
2021-06-15T10:38:02,1000.0,29.35,S
2021-06-15T10:37:50,500.0,29.35,S
2021-06-15T10:37:43,1000.0,29.3,S
2021-06-15T10:37:41,100.0,29.35,S
2021-06-15T10:37:39,1200.0,29.35,S
2021-06-15T10:37:29,9800.0,29.4,B
2021-06-15T10:37:27,1000.0,29.4,B
2021-06-15T10:37:26,300.0,29.4,B
2021-06-15T10:36:55,100.0,29.45,B
2021-06-15T10:36:27,2000.0,29.4,B
2021-06-15T10:36:24,400.0,29.4,B
2021-06-15T10:36:23,600.0,29.4,B
2021-06-15T10:36:22,2000.0,29.4,B
2021-06-15T10:35:48,900.0,29.5,B
2021-06-15T10:35:48,100.0,29.45,B
2021-06-15T10:35:40,400.0,29.4,B
2021-06-15T10:35:27,200.0,29.3,S
2021-06-15T10:35:26,100.0,29.4,B
2021-06-15T10:35:22,3000.0,29.3,S
2021-06-15T10:35:20,200.0,29.4,B
2021-06-15T10:35:17,500.0,29.4,B
2021-06-15T10:35:14,2000.0,29.4,B
2021-06-15T10:35:04,2800.0,29.3,S
2021-06-15T10:35:03,100.0,29.4,B
2021-06-15T10:34:54,200.0,29.4,B
2021-06-15T10:34:54,1000.0,29.4,B
2021-06-15T10:34:33,100.0,29.4,S
2021-06-15T10:34:16,900.0,29.4,S
2021-06-15T10:34:08,500.0,29.4,S
2021-06-15T10:34:04,100.0,29.5,S
2021-06-15T10:33:59,5000.0,29.5,S
2021-06-15T10:33:41,1000.0,29.45,S
2021-06-15T10:33:33,400.0,29.3,S
2021-06-15T10:33:33,400.0,29.3,S
2021-06-15T10:33:31,2200.0,29.3,S
2021-06-15T10:33:31,1000.0,29.5,S
2021-06-15T10:33:31,100.0,29.45,S
2021-06-15T10:33:13,200.0,29.45,S
2021-06-15T10:33:10,200.0,29.45,S
2021-06-15T10:32:08,100.0,29.45,S
2021-06-15T10:31:55,200.0,29.45,S
2021-06-15T10:31:25,400.0,29.4,S
2021-06-15T10:31:25,1800.0,29.4,S
2021-06-15T10:31:25,200.0,29.4,S
2021-06-15T10:31:25,400.0,29.4,S
2021-06-15T10:31:22,1000.0,29.5,S
2021-06-15T10:31:08,5000.0,29.45,S
2021-06-15T10:31:01,100.0,29.45,S
2021-06-15T10:30:47,100.0,29.45,S
2021-06-15T10:30:12,1000.0,29.4,S
2021-06-15T10:29:50,1000.0,29.4,S
2021-06-15T10:29:48,600.0,29.5,S
2021-06-15T10:29:43,1300.0,29.4,S
2021-06-15T10:29:38,200.0,29.5,S
2021-06-15T10:29:13,5000.0,29.3,S
2021-06-15T10:29:09,400.0,29.5,S
2021-06-15T10:28:56,1000.0,29.4,S
2021-06-15T10:28:54,100.0,29.5,S
2021-06-15T10:28:48,300.0,29.4,S
2021-06-15T10:28:41,200.0,29.5,S
2021-06-15T10:28:33,300.0,29.5,S
2021-06-15T10:28:00,2800.0,29.4,S
2021-06-15T10:27:41,100.0,29.5,S
2021-06-15T10:27:30,1000.0,29.5,S
2021-06-15T10:27:29,3000.0,29.5,S
2021-06-15T10:27:13,300.0,29.5,S
2021-06-15T10:26:58,100.0,29.5,S
2021-06-15T10:26:57,100.0,29.5,S
2021-06-15T10:26:46,1000.0,29.5,S
2021-06-15T10:26:42,100.0,29.5,S
2021-06-15T10:26:42,5300.0,29.1,S
2021-06-15T10:26:42,2000.0,29.1,S
2021-06-15T10:26:42,800.0,29.2,S
2021-06-15T10:26:42,11100.0,29.2,S
2021-06-15T10:26:42,4000.0,29.3,S
2021-06-15T10:26:42,1000.0,29.35,S
2021-06-15T10:26:42,6500.0,29.4,S
2021-06-15T10:26:42,600.0,29.4,S
2021-06-15T10:26:41,3700.0,29.4,S
2021-06-15T10:26:40,400.0,29.5,S
2021-06-15T10:26:40,1500.0,29.5,S
2021-06-15T10:26:39,3100.0,29.5,S
2021-06-15T10:26:39,400.0,29.5,S
2021-06-15T10:26:39,800.0,29.5,S
2021-06-15T10:26:39,2100.0,29.5,S
2021-06-15T10:26:39,1200.0,29.5,S
2021-06-15T10:26:39,1800.0,29.5,S
2021-06-15T10:26:39,1000.0,29.5,S
2021-06-15T10:26:39,300.0,29.5,S
2021-06-15T10:26:39,6100.0,29.5,S
2021-06-15T10:26:35,500.0,29.55,B
2021-06-15T10:26:27,700.0,29.55,B
2021-06-15T10:26:20,3000.0,29.55,B
2021-06-15T10:26:09,2700.0,29.55,B
2021-06-15T10:25:56,200.0,29.6,S
2021-06-15T10:25:14,300.0,29.6,S
2021-06-15T10:25:13,500.0,29.6,S
2021-06-15T10:25:13,6200.0,29.6,S
2021-06-15T10:25:13,100.0,29.6,S
2021-06-15T10:25:13,1200.0,29.6,S
2021-06-15T10:25:13,9200.0,29.6,S
2021-06-15T10:25:13,100.0,29.6,S
2021-06-15T10:25:13,2100.0,29.6,S
2021-06-15T10:25:13,200.0,29.6,S
2021-06-15T10:25:13,600.0,29.6,S
2021-06-15T10:25:13,1500.0,29.6,S
2021-06-15T10:25:13,700.0,29.6,S
2021-06-15T10:25:13,1900.0,29.6,S
2021-06-15T10:25:13,1100.0,29.6,S
2021-06-15T10:25:13,500.0,29.6,S
2021-06-15T10:25:13,1500.0,29.6,S
2021-06-15T10:25:13,300.0,29.6,S
2021-06-15T10:25:13,700.0,29.6,S
2021-06-15T10:25:13,2700.0,29.6,S
2021-06-15T10:25:13,7300.0,29.6,S
2021-06-15T10:24:45,1100.0,29.65,S
2021-06-15T10:24:45,200.0,29.65,S
2021-06-15T10:24:45,100.0,29.65,S
2021-06-15T10:24:45,800.0,29.65,S
2021-06-15T10:24:45,800.0,29.65,S
2021-06-15T10:24:45,2100.0,29.65,S
2021-06-15T10:24:44,2000.0,29.65,S
2021-06-15T10:24:44,10800.0,29.65,S
2021-06-15T10:24:19,1000.0,29.7,S
2021-06-15T10:24:15,300.0,29.7,S
2021-06-15T10:24:15,100.0,29.7,S
2021-06-15T10:24:12,2800.0,29.65,S
2021-06-15T10:23:47,100.0,29.7,S
2021-06-15T10:23:46,200.0,29.7,S
2021-06-15T10:23:21,100.0,29.7,S
2021-06-15T10:23:05,100.0,29.7,S
2021-06-15T10:22:56,2000.0,29.7,S
2021-06-15T10:22:55,4500.0,29.7,S
2021-06-15T10:22:55,2100.0,29.7,S
2021-06-15T10:22:55,40000.0,29.7,S
2021-06-15T10:22:53,100.0,29.8,S
2021-06-15T10:22:36,20000.0,29.7,S
2021-06-15T10:22:33,100.0,29.7,S
2021-06-15T10:22:22,1500.0,29.7,S
2021-06-15T10:22:16,12100.0,29.7,S
2021-06-15T10:22:16,100.0,29.7,S
2021-06-15T10:22:15,300.0,29.7,S
2021-06-15T10:22:15,17500.0,29.7,S
2021-06-15T10:22:13,2000.0,29.7,S
2021-06-15T10:21:50,200.0,29.7,S
2021-06-15T10:20:43,800.0,29.7,S
2021-06-15T10:20:43,400.0,29.7,S
2021-06-15T10:20:43,1600.0,29.75,S
2021-06-15T10:20:42,100.0,29.75,S
2021-06-15T10:20:42,2200.0,29.75,S
2021-06-15T10:20:42,600.0,29.75,S
2021-06-15T10:20:42,5700.0,29.75,S
2021-06-15T10:20:42,300.0,29.8,S
2021-06-15T10:20:42,500.0,29.8,S
2021-06-15T10:20:42,5600.0,29.8,S
2021-06-15T10:20:09,9100.0,29.85,S
2021-06-15T10:20:02,2000.0,29.9,S
2021-06-15T10:19:40,2000.0,29.85,S
2021-06-15T10:19:07,500.0,29.85,S
2021-06-15T10:18:31,100.0,29.8,S
2021-06-15T10:18:03,300.0,29.8,S
2021-06-15T10:17:53,500.0,29.95,B
2021-06-15T10:17:53,4500.0,29.95,B
2021-06-15T10:17:51,200.0,29.8,S
2021-06-15T10:17:40,900.0,29.8,S
2021-06-15T10:17:35,400.0,29.8,S
2021-06-15T10:17:35,4300.0,29.8,S
2021-06-15T10:17:35,400.0,29.8,S
2021-06-15T10:17:13,1200.0,29.8,S
2021-06-15T10:17:12,1500.0,29.8,S
2021-06-15T10:16:42,200.0,29.8,S
2021-06-15T10:16:38,2000.0,29.9,S
2021-06-15T10:16:19,100.0,29.9,S
2021-06-15T10:16:03,700.0,29.9,S
2021-06-15T10:15:46,300.0,29.9,S
2021-06-15T10:15:16,2700.0,29.8,S
2021-06-15T10:15:10,100.0,29.9,S
2021-06-15T10:14:51,200.0,29.9,S
2021-06-15T10:14:42,200.0,29.9,S
2021-06-15T10:14:29,100.0,29.9,S
2021-06-15T10:14:29,300.0,29.9,S
2021-06-15T10:14:28,1100.0,29.95,B
2021-06-15T10:14:17,800.0,29.95,S
2021-06-15T10:14:00,200.0,29.95,S
2021-06-15T10:13:52,2000.0,29.95,S
2021-06-15T10:13:43,500.0,29.95,S
2021-06-15T10:13:40,2800.0,29.95,S
2021-06-15T10:13:38,500.0,29.95,S
2021-06-15T10:13:19,600.0,29.95,S
2021-06-15T10:13:06,900.0,29.95,S
2021-06-15T10:12:31,2800.0,29.95,S
2021-06-15T10:12:24,2000.0,29.95,S
2021-06-15T10:12:22,500.0,29.95,S
2021-06-15T10:12:01,1000.0,29.95,S
2021-06-15T10:11:42,2000.0,29.95,S
2021-06-15T10:11:17,500.0,29.95,S
2021-06-15T10:11:08,600.0,29.95,B
2021-06-15T10:10:55,2500.0,29.95,B
2021-06-15T10:10:44,2600.0,29.95,B
2021-06-15T10:10:15,2500.0,29.9,S
2021-06-15T10:10:10,2800.0,29.9,S
2021-06-15T10:09:59,1000.0,29.95,B
2021-06-15T10:09:18,100.0,29.95,B
2021-06-15T10:09:07,100.0,29.95,B
2021-06-15T10:08:39,200.0,29.95,S
2021-06-15T10:08:17,10000.0,30.0,B
2021-06-15T10:07:18,700.0,29.95,B
2021-06-15T10:06:45,200.0,29.9,B
2021-06-15T10:06:40,2800.0,29.8,S
2021-06-15T10:06:03,1000.0,29.9,B
2021-06-15T10:05:52,1000.0,29.8,S
2021-06-15T10:05:43,200.0,29.9,B
2021-06-15T10:05:01,500.0,29.8,S
2021-06-15T10:04:30,4000.0,29.8,B
2021-06-15T10:04:22,5000.0,29.8,B
2021-06-15T10:04:19,200.0,29.8,B
2021-06-15T10:04:14,500.0,29.8,B
2021-06-15T10:04:09,100.0,29.8,B
2021-06-15T10:04:07,2000.0,29.75,S
2021-06-15T10:03:43,2000.0,29.8,B
2021-06-15T10:03:17,200.0,29.8,B
2021-06-15T10:02:53,2300.0,29.75,B
2021-06-15T10:02:53,600.0,29.75,B
2021-06-15T10:02:52,100.0,29.75,B
2021-06-15T10:02:23,500.0,29.75,B
2021-06-15T10:02:18,400.0,29.75,B
2021-06-15T10:02:14,100.0,29.75,B
2021-06-15T10:02:09,1000.0,29.75,B
2021-06-15T10:02:02,500.0,29.75,S
2021-06-15T10:02:02,2000.0,29.75,S
2021-06-15T10:02:00,300.0,29.75,S
2021-06-15T10:01:41,4800.0,29.75,S
2021-06-15T10:01:41,5000.0,29.8,B
2021-06-15T10:01:32,200.0,29.75,S
2021-06-15T10:01:25,2600.0,29.7,S
2021-06-15T10:01:25,3200.0,29.7,S
2021-06-15T10:01:25,100.0,29.7,S
2021-06-15T10:01:24,4100.0,29.7,S
2021-06-15T10:01:14,4000.0,29.8,B
2021-06-15T10:01:05,500.0,29.75,B
2021-06-15T10:00:47,500.0,29.75,B
2021-06-15T10:00:01,600.0,29.7,B
2021-06-15T10:00:00,700.0,29.7,B
2021-06-15T09:59:59,500.0,29.7,B
2021-06-15T09:59:47,400.0,29.7,B
2021-06-15T09:59:39,200.0,29.7,B
2021-06-15T09:59:35,400.0,29.7,B
2021-06-15T09:59:16,1600.0,29.7,B
2021-06-15T09:59:16,5000.0,29.7,B
2021-06-15T09:59:02,1000.0,29.7,B
2021-06-15T09:58:54,1400.0,29.65,S
2021-06-15T09:58:52,1000.0,29.7,B
2021-06-15T09:58:47,500.0,29.7,B
2021-06-15T09:58:39,100.0,29.7,B
2021-06-15T09:58:34,3000.0,29.7,B
2021-06-15T09:58:28,500.0,29.7,B
2021-06-15T09:58:19,500.0,29.7,B
2021-06-15T09:58:11,100.0,29.7,B
2021-06-15T09:58:10,1000.0,29.7,B
2021-06-15T09:58:08,100.0,29.7,B
2021-06-15T09:57:59,1000.0,29.7,B
2021-06-15T09:57:58,500.0,29.7,B
2021-06-15T09:57:40,200.0,29.7,S
2021-06-15T09:57:33,500.0,29.7,S
2021-06-15T09:57:27,1000.0,29.65,S
2021-06-15T09:57:23,10000.0,29.7,S
2021-06-15T09:57:15,100.0,29.7,S
2021-06-15T09:57:08,300.0,29.7,S
2021-06-15T09:57:03,1200.0,29.7,S
2021-06-15T09:56:59,300.0,29.7,S
2021-06-15T09:56:58,2100.0,29.7,S
2021-06-15T09:56:58,7600.0,29.7,S
2021-06-15T09:56:57,1000.0,29.7,S
2021-06-15T09:56:30,2000.0,29.7,S
2021-06-15T09:56:24,4000.0,29.7,S
2021-06-15T09:56:01,500.0,29.7,B
2021-06-15T09:56:00,2000.0,29.7,B
2021-06-15T09:55:55,600.0,29.7,B
2021-06-15T09:55:48,600.0,29.7,B
2021-06-15T09:55:24,1700.0,29.7,S
2021-06-15T09:54:56,100.0,29.65,S
2021-06-15T09:54:56,100.0,29.65,S
2021-06-15T09:54:54,400.0,29.65,S
2021-06-15T09:54:54,500.0,29.65,S
2021-06-15T09:54:53,500.0,29.65,S
2021-06-15T09:54:48,100.0,29.7,S
2021-06-15T09:54:44,300.0,29.7,S
2021-06-15T09:54:43,500.0,29.65,S
2021-06-15T09:54:29,1700.0,29.6,S
2021-06-15T09:54:29,1200.0,29.6,S
2021-06-15T09:54:29,1500.0,29.6,S
2021-06-15T09:54:29,1000.0,29.6,S
2021-06-15T09:54:29,1000.0,29.6,S
2021-06-15T09:54:29,5000.0,29.6,S
2021-06-15T09:54:29,1700.0,29.6,S
2021-06-15T09:54:29,100.0,29.6,S
2021-06-15T09:54:29,1300.0,29.6,S
2021-06-15T09:54:29,11500.0,29.65,S
2021-06-15T09:54:23,1000.0,29.65,S
2021-06-15T09:54:23,1100.0,29.7,B
2021-06-15T09:54:08,4000.0,29.65,S
2021-06-15T09:54:03,1000.0,29.65,S
2021-06-15T09:54:00,100.0,29.7,B
2021-06-15T09:53:53,2000.0,29.65,S
2021-06-15T09:53:51,8400.0,29.7,B
2021-06-15T09:53:43,1000.0,29.7,B
2021-06-15T09:53:28,100.0,29.7,S
2021-06-15T09:53:28,2000.0,29.7,S
2021-06-15T09:53:24,200.0,29.7,S
2021-06-15T09:53:23,100.0,29.7,S
2021-06-15T09:53:17,200.0,29.7,S
2021-06-15T09:53:11,1000.0,29.7,S
2021-06-15T09:53:06,1000.0,29.7,S
2021-06-15T09:53:05,10000.0,29.7,S
2021-06-15T09:53:05,200.0,29.7,S
2021-06-15T09:53:01,500.0,29.7,S
2021-06-15T09:52:56,1000.0,29.7,S
2021-06-15T09:52:48,500.0,29.7,S
2021-06-15T09:52:43,3000.0,29.7,S
2021-06-15T09:52:43,200.0,29.7,S
2021-06-15T09:52:42,600.0,29.7,S
2021-06-15T09:52:33,600.0,29.7,S
2021-06-15T09:52:33,400.0,29.7,S
2021-06-15T09:52:28,500.0,29.8,B
2021-06-15T09:52:23,1000.0,29.7,S
2021-06-15T09:52:16,7100.0,29.7,S
2021-06-15T09:52:16,2700.0,29.7,S
2021-06-15T09:52:16,500.0,29.7,S
2021-06-15T09:52:14,100.0,29.7,S
2021-06-15T09:52:14,9600.0,29.7,S
2021-06-15T09:52:03,1000.0,29.7,S
2021-06-15T09:51:40,200.0,29.7,S
2021-06-15T09:51:15,3200.0,29.7,S
2021-06-15T09:51:15,200.0,29.7,S
2021-06-15T09:51:15,2500.0,29.7,S
2021-06-15T09:51:15,4100.0,29.7,S
2021-06-15T09:51:14,1000.0,29.7,S
2021-06-15T09:50:44,100.0,29.8,S
2021-06-15T09:50:42,2000.0,29.8,S
2021-06-15T09:50:34,200.0,29.75,S
2021-06-15T09:50:33,1000.0,29.7,S
2021-06-15T09:50:28,200.0,29.8,S
2021-06-15T09:50:21,1200.0,29.8,S
2021-06-15T09:50:16,500.0,29.8,S
2021-06-15T09:50:13,100.0,29.8,S
2021-06-15T09:50:11,1000.0,29.8,S
2021-06-15T09:50:00,1000.0,29.8,S
2021-06-15T09:49:52,500.0,29.8,S
2021-06-15T09:49:52,200.0,29.7,S
2021-06-15T09:49:40,500.0,29.8,S
2021-06-15T09:49:40,700.0,29.8,S
2021-06-15T09:49:38,400.0,29.7,S
2021-06-15T09:49:32,1000.0,29.7,S
2021-06-15T09:49:27,100.0,29.8,S
2021-06-15T09:49:26,700.0,29.8,S
2021-06-15T09:49:26,600.0,29.8,S
2021-06-15T09:49:26,1200.0,29.8,S
2021-06-15T09:49:26,500.0,29.8,S
2021-06-15T09:49:25,100.0,29.8,S
2021-06-15T09:49:25,300.0,29.8,S
2021-06-15T09:49:25,800.0,29.8,S
2021-06-15T09:49:25,1200.0,29.8,S
2021-06-15T09:49:25,1500.0,29.8,S
2021-06-15T09:49:25,700.0,29.8,S
2021-06-15T09:49:25,26400.0,29.8,S
2021-06-15T09:49:15,200.0,29.9,B
2021-06-15T09:49:13,1800.0,29.9,B
2021-06-15T09:49:12,1000.0,29.9,B
2021-06-15T09:49:00,600.0,29.85,S
2021-06-15T09:49:00,400.0,29.85,S
2021-06-15T09:49:00,500.0,29.85,S
2021-06-15T09:49:00,2100.0,29.85,S
2021-06-15T09:49:00,500.0,29.85,S
2021-06-15T09:49:00,1400.0,29.85,S
2021-06-15T09:48:38,10000.0,29.9,B
2021-06-15T09:48:32,5000.0,29.85,S
2021-06-15T09:48:28,300.0,29.85,S
2021-06-15T09:48:27,2000.0,29.85,S
2021-06-15T09:48:18,5600.0,29.85,S
2021-06-15T09:48:08,300.0,29.85,S
2021-06-15T09:48:02,200.0,29.9,B
2021-06-15T09:47:56,300.0,29.85,S
2021-06-15T09:47:47,1000.0,29.9,B
2021-06-15T09:47:24,500.0,29.9,B
2021-06-15T09:47:18,1000.0,29.9,B
2021-06-15T09:47:13,1000.0,29.9,S
2021-06-15T09:47:12,500.0,29.9,S
2021-06-15T09:47:01,1000.0,29.9,S
2021-06-15T09:46:59,500.0,29.9,S
2021-06-15T09:46:59,6300.0,29.9,S
2021-06-15T09:46:50,200.0,29.9,S
2021-06-15T09:46:46,300.0,29.9,S
2021-06-15T09:46:46,400.0,29.9,S
2021-06-15T09:46:45,1000.0,29.9,S
2021-06-15T09:46:30,2000.0,29.9,S
2021-06-15T09:46:18,1500.0,29.9,S
2021-06-15T09:45:53,300.0,29.9,S
2021-06-15T09:45:28,2000.0,29.9,S
2021-06-15T09:45:19,6100.0,30.0,S
2021-06-15T09:44:56,11800.0,30.0,S
2021-06-15T09:44:56,2600.0,30.0,S
2021-06-15T09:44:56,2100.0,30.0,S
2021-06-15T09:44:56,1400.0,30.0,S
2021-06-15T09:44:56,8900.0,30.0,S
2021-06-15T09:44:56,1000.0,30.1,S
2021-06-15T09:44:56,700.0,30.1,S
2021-06-15T09:44:55,14000.0,30.1,S
2021-06-15T09:44:54,1000.0,30.1,S
2021-06-15T09:44:49,1000.0,30.1,S
2021-06-15T09:44:21,100.0,30.2,S
2021-06-15T09:44:15,300.0,30.1,S
2021-06-15T09:44:11,2000.0,30.1,S
2021-06-15T09:44:01,900.0,30.2,S
2021-06-15T09:43:46,300.0,30.25,B
2021-06-15T09:43:46,4700.0,30.25,B
2021-06-15T09:43:24,3000.0,30.25,B
2021-06-15T09:43:17,3200.0,30.2,S
2021-06-15T09:43:17,5700.0,30.2,S
2021-06-15T09:43:17,3200.0,30.2,S
2021-06-15T09:43:17,1500.0,30.2,S
2021-06-15T09:43:17,2000.0,30.2,S
2021-06-15T09:43:17,800.0,30.2,S
2021-06-15T09:43:17,13600.0,30.2,S
2021-06-15T09:43:13,500.0,30.25,B
2021-06-15T09:42:18,1000.0,30.25,S
2021-06-15T09:42:09,6000.0,30.2,S
2021-06-15T09:42:08,1000.0,30.25,S
2021-06-15T09:42:07,500.0,30.25,S
2021-06-15T09:42:06,100.0,30.25,S
2021-06-15T09:42:01,5000.0,30.25,S
2021-06-15T09:41:52,2800.0,30.25,S
2021-06-15T09:41:51,1200.0,30.25,S
2021-06-15T09:41:37,1000.0,30.25,S
2021-06-15T09:41:30,400.0,30.25,S
2021-06-15T09:41:30,600.0,30.25,S
2021-06-15T09:41:22,1000.0,30.3,S
2021-06-15T09:41:13,800.0,30.3,S
2021-06-15T09:40:55,1000.0,30.3,S
2021-06-15T09:40:42,100.0,30.35,B
2021-06-15T09:40:36,1000.0,30.3,S
2021-06-15T09:40:11,100.0,30.3,S
2021-06-15T09:40:04,2000.0,30.3,S
2021-06-15T09:40:02,10000.0,30.35,B
2021-06-15T09:39:55,200.0,30.3,S
2021-06-15T09:39:39,600.0,30.3,S
2021-06-15T09:39:38,1000.0,30.3,S
2021-06-15T09:39:08,1000.0,30.3,S
2021-06-15T09:38:40,5000.0,30.35,B
2021-06-15T09:38:30,1000.0,30.35,B
2021-06-15T09:38:23,1000.0,30.35,B
2021-06-15T09:38:22,5000.0,30.35,B
2021-06-15T09:37:51,2000.0,30.35,B
2021-06-15T09:37:47,400.0,30.3,B
2021-06-15T09:37:44,100.0,30.3,B
2021-06-15T09:37:17,400.0,30.3,B
2021-06-15T09:37:01,200.0,30.3,B
2021-06-15T09:37:01,800.0,30.3,B
2021-06-15T09:36:24,5200.0,30.3,B
2021-06-15T09:36:15,1000.0,30.3,B
2021-06-15T09:35:47,2000.0,30.25,S
2021-06-15T09:35:31,5000.0,30.25,B
2021-06-15T09:34:31,4400.0,30.25,B
2021-06-15T09:34:25,1700.0,30.3,B
2021-06-15T09:34:14,500.0,30.3,B
2021-06-15T09:33:08,800.0,30.25,B
2021-06-15T09:33:07,200.0,30.25,B
2021-06-15T09:32:07,500.0,30.2,S
2021-06-15T09:31:38,400.0,30.25,B
2021-06-15T09:31:37,4000.0,30.2,S
2021-06-15T09:31:37,100.0,30.2,S
2021-06-15T09:31:10,1000.0,30.2,B
2021-06-15T09:31:08,1000.0,30.2,B
2021-06-15T09:31:01,100.0,30.2,B
2021-06-15T09:30:10,200.0,30.2,B
2021-06-15T09:29:55,100.0,30.25,B
2021-06-15T09:29:42,3000.0,30.2,B
2021-06-15T09:29:27,5000.0,30.2,B
2021-06-15T09:29:23,1000.0,30.25,B
2021-06-15T09:29:08,500.0,30.2,B
2021-06-15T09:29:05,500.0,30.2,B
2021-06-15T09:28:49,1600.0,30.2,B
2021-06-15T09:28:38,10000.0,30.2,B
2021-06-15T09:28:18,500.0,30.1,B
2021-06-15T09:28:16,1800.0,30.2,B
2021-06-15T09:28:16,100.0,30.2,B
2021-06-15T09:28:16,6100.0,30.2,B
2021-06-15T09:28:02,3000.0,30.1,B
2021-06-15T09:27:58,1000.0,30.0,S
2021-06-15T09:27:51,2300.0,30.0,S
2021-06-15T09:27:49,3000.0,30.0,S
2021-06-15T09:27:39,5700.0,30.0,S
2021-06-15T09:27:15,1000.0,30.0,B
2021-06-15T09:27:13,4100.0,30.0,B
2021-06-15T09:27:12,5000.0,30.0,B
2021-06-15T09:27:10,500.0,29.9,S
2021-06-15T09:26:53,100.0,29.9,S
2021-06-15T09:26:51,5000.0,30.0,B
2021-06-15T09:26:47,100.0,30.0,B
2021-06-15T09:26:30,1000.0,29.85,S
2021-06-15T09:26:05,200.0,29.85,B
2021-06-15T09:25:49,100.0,29.85,B
2021-06-15T09:25:36,1100.0,29.85,B
2021-06-15T09:25:19,2000.0,29.85,B
2021-06-15T09:25:19,500.0,29.85,B
2021-06-15T09:25:17,600.0,29.8,S
2021-06-15T09:25:09,2000.0,29.8,S
2021-06-15T09:25:07,700.0,29.85,B
2021-06-15T09:24:58,2000.0,29.8,S
2021-06-15T09:24:27,400.0,29.8,B
2021-06-15T09:24:14,1000.0,29.8,B
2021-06-15T09:24:13,2500.0,29.8,B
2021-06-15T09:24:12,1000.0,29.8,B
2021-06-15T09:24:11,2000.0,29.7,S
2021-06-15T09:23:58,2400.0,29.8,B
2021-06-15T09:23:38,1100.0,29.7,B
2021-06-15T09:23:38,1000.0,29.8,B
2021-06-15T09:23:27,1000.0,29.7,B
2021-06-15T09:23:27,100.0,29.7,B
2021-06-15T09:23:21,600.0,29.7,S
2021-06-15T09:23:13,100.0,29.65,S
2021-06-15T09:23:04,100.0,29.7,S
2021-06-15T09:22:58,500.0,29.65,B
2021-06-15T09:22:39,5000.0,29.6,S
2021-06-15T09:22:32,4300.0,29.8,B
2021-06-15T09:22:32,1700.0,29.8,B
2021-06-15T09:22:31,3100.0,29.6,S
2021-06-15T09:22:30,500.0,29.6,S
2021-06-15T09:22:21,3500.0,29.65,S
2021-06-15T09:22:20,100.0,29.8,B
2021-06-15T09:22:17,100.0,29.65,S
2021-06-15T09:22:15,1000.0,29.7,S
2021-06-15T09:21:59,1000.0,29.65,S
2021-06-15T09:21:51,8000.0,29.65,S
2021-06-15T09:21:47,1000.0,29.65,S
2021-06-15T09:21:43,4000.0,29.6,S
2021-06-15T09:21:42,5800.0,29.8,B
2021-06-15T09:21:38,4000.0,29.6,S
2021-06-15T09:21:28,500.0,29.6,S
2021-06-15T09:21:19,2600.0,29.6,S
2021-06-15T09:21:17,5000.0,29.6,S
2021-06-15T09:21:15,200.0,29.65,S
2021-06-15T09:21:14,1000.0,29.8,B
2021-06-15T09:21:02,2000.0,29.8,B
2021-06-15T09:20:54,1000.0,29.8,B
2021-06-15T09:20:45,300.0,29.7,S
2021-06-15T09:20:43,600.0,29.65,S
2021-06-15T09:20:40,200.0,29.7,S
2021-06-15T09:20:39,1100.0,29.7,S
2021-06-15T09:20:39,300.0,29.7,S
2021-06-15T09:20:39,900.0,29.7,S
2021-06-15T09:20:32,100.0,29.7,S
2021-06-15T09:20:30,100.0,29.7,S
2021-06-15T09:20:29,1600.0,29.7,S
2021-06-15T09:20:26,1000.0,29.8,B
2021-06-15T09:20:22,300.0,29.7,S
2021-06-15T09:20:21,100.0,29.7,S
2021-06-15T09:20:20,100.0,29.7,S
2021-06-15T09:20:20,500.0,29.7,S
2021-06-15T09:20:13,1000.0,29.7,S
2021-06-15T09:20:09,2100.0,29.7,S
2021-06-15T09:20:09,500.0,29.7,S
2021-06-15T09:19:54,100.0,29.7,S
2021-06-15T09:19:54,500.0,29.7,S
2021-06-15T09:19:53,300.0,29.8,B
2021-06-15T09:19:41,100.0,29.7,S
2021-06-15T09:19:18,100.0,29.7,S
2021-06-15T09:19:17,200.0,29.8,S
2021-06-15T09:19:10,300.0,29.8,S
2021-06-15T09:19:07,200.0,29.85,S
2021-06-15T09:19:04,100.0,29.8,S
2021-06-15T09:18:59,500.0,29.7,S
2021-06-15T09:18:55,200.0,29.8,S
2021-06-15T09:18:52,100.0,29.8,S
2021-06-15T09:18:48,200.0,29.8,S
2021-06-15T09:18:47,200.0,29.8,S
2021-06-15T09:18:47,2000.0,29.7,S
2021-06-15T09:18:42,300.0,29.8,S
2021-06-15T09:18:42,1000.0,29.8,S
2021-06-15T09:18:42,1200.0,29.8,S
2021-06-15T09:18:41,1000.0,29.8,S
2021-06-15T09:18:34,300.0,29.9,S
2021-06-15T09:18:24,3900.0,29.8,S
2021-06-15T09:18:23,200.0,29.9,S
2021-06-15T09:18:12,2000.0,29.85,S
2021-06-15T09:18:00,1300.0,29.8,S
2021-06-15T09:17:57,100.0,29.8,S
2021-06-15T09:17:53,500.0,29.7,S
2021-06-15T09:17:53,100.0,29.7,S
2021-06-15T09:17:53,300.0,29.7,S
2021-06-15T09:17:49,100.0,29.8,S
2021-06-15T09:17:46,100.0,29.8,S
2021-06-15T09:17:38,300.0,29.8,S
2021-06-15T09:17:37,900.0,29.8,S
2021-06-15T09:16:34,4900.0,30.15,B
2021-06-15T09:16:27,4500.0,30.0,S
2021-06-15T09:16:20,800.0,30.0,S
2021-06-15T09:16:06,2000.0,30.0,S
