tradingTime,volume,price,side
2021-06-15T14:20:45,400.0,5.24,B
2021-06-15T14:17:17,100.0,5.16,S
2021-06-15T14:15:30,500.0,5.23,B
2021-06-15T14:14:22,2000.0,5.24,B
2021-06-15T14:08:58,700.0,5.24,B
2021-06-15T14:08:03,1000.0,5.24,S
2021-06-15T14:05:39,100.0,5.25,B
2021-06-15T14:04:55,300.0,5.25,B
2021-06-15T14:04:50,500.0,5.25,B
2021-06-15T14:04:50,300.0,5.25,B
2021-06-15T14:04:50,200.0,5.2,B
2021-06-15T14:04:18,100.0,5.12,S
2021-06-15T14:04:18,400.0,5.13,B
2021-06-15T14:04:01,500.0,5.18,B
2021-06-15T14:03:58,100.0,5.13,B
2021-06-15T14:03:33,100.0,5.12,B
2021-06-15T14:02:32,100.0,5.11,B
2021-06-15T13:59:46,100.0,5.1,S
2021-06-15T13:59:20,100.0,5.25,B
2021-06-15T13:58:39,300.0,5.1,S
2021-06-15T13:57:54,100.0,5.25,B
2021-06-15T13:56:34,100.0,5.22,S
2021-06-15T13:55:44,500.0,5.25,B
2021-06-15T13:55:01,200.0,5.25,B
2021-06-15T13:54:33,100.0,5.25,B
2021-06-15T13:53:56,500.0,5.25,B
2021-06-15T13:51:09,10300.0,5.01,S
2021-06-15T13:51:09,7400.0,5.1,S
2021-06-15T13:51:09,10500.0,5.15,S
2021-06-15T13:51:09,6800.0,5.15,S
2021-06-15T13:51:08,500.0,5.18,S
2021-06-15T13:51:08,1000.0,5.19,S
2021-06-15T13:51:08,3200.0,5.19,S
2021-06-15T13:51:08,5100.0,5.2,S
2021-06-15T13:51:08,2500.0,5.2,S
2021-06-15T13:51:08,500.0,5.2,S
2021-06-15T13:51:08,5100.0,5.2,S
2021-06-15T13:51:08,1800.0,5.2,S
2021-06-15T13:51:08,11300.0,5.21,S
2021-06-15T13:49:13,4000.0,5.22,S
2021-06-15T13:46:52,200.0,5.22,S
2021-06-15T13:46:46,100.0,5.25,S
2021-06-15T13:45:15,100.0,5.26,B
2021-06-15T13:43:33,1400.0,5.26,S
2021-06-15T13:43:15,300.0,5.26,S
2021-06-15T13:42:52,500.0,5.26,S
2021-06-15T13:41:44,1300.0,5.26,S
2021-06-15T13:34:26,6200.0,5.27,B
2021-06-15T13:34:26,3300.0,5.26,B
2021-06-15T13:34:26,1200.0,5.26,B
2021-06-15T13:34:26,3000.0,5.26,B
2021-06-15T13:34:26,1000.0,5.25,B
2021-06-15T13:34:26,1300.0,5.25,B
2021-06-15T13:33:05,1000.0,5.25,B
2021-06-15T13:32:07,3000.0,5.25,B
2021-06-15T13:31:05,12000.0,5.25,B
2021-06-15T13:30:44,3000.0,5.25,B
2021-06-15T13:29:51,20000.0,5.25,B
2021-06-15T13:28:56,2000.0,5.25,B
2021-06-15T13:25:36,300.0,5.25,B
2021-06-15T13:25:24,500.0,5.25,B
2021-06-15T13:25:20,15000.0,5.25,B
2021-06-15T13:25:03,2700.0,5.24,B
2021-06-15T13:24:15,700.0,5.2,S
2021-06-15T13:23:59,100.0,5.2,S
2021-06-15T13:23:37,300.0,5.2,S
2021-06-15T13:23:31,900.0,5.2,S
2021-06-15T13:23:19,500.0,5.24,S
2021-06-15T13:23:06,100.0,5.2,S
2021-06-15T13:23:02,100.0,5.2,S
2021-06-15T13:23:01,2400.0,5.2,S
2021-06-15T13:22:38,1000.0,5.2,S
2021-06-15T13:22:34,10000.0,5.2,S
2021-06-15T13:22:29,2000.0,5.2,S
2021-06-15T13:22:18,300.0,5.2,S
2021-06-15T13:21:29,2000.0,5.2,S
2021-06-15T13:21:28,2000.0,5.2,S
2021-06-15T13:21:05,4000.0,5.2,S
2021-06-15T13:20:55,1000.0,5.2,S
2021-06-15T13:20:52,1000.0,5.2,S
2021-06-15T13:20:48,10000.0,5.2,S
2021-06-15T13:20:43,7000.0,5.2,S
2021-06-15T13:20:26,500.0,5.2,S
2021-06-15T13:20:05,200.0,5.2,S
2021-06-15T13:19:43,100.0,5.2,S
2021-06-15T13:19:43,500.0,5.2,S
2021-06-15T13:19:43,500.0,5.2,S
2021-06-15T13:19:43,2700.0,5.2,S
2021-06-15T13:19:43,400.0,5.2,S
2021-06-15T13:19:43,1000.0,5.2,S
2021-06-15T13:19:43,200.0,5.2,S
2021-06-15T13:19:43,10700.0,5.2,S
2021-06-15T13:19:43,4000.0,5.2,S
2021-06-15T13:19:43,500.0,5.21,S
2021-06-15T13:19:43,800.0,5.21,S
2021-06-15T13:19:43,8800.0,5.22,S
2021-06-15T13:19:43,1000.0,5.22,S
2021-06-15T13:19:43,9400.0,5.23,S
2021-06-15T13:19:43,600.0,5.23,S
2021-06-15T13:17:11,2000.0,5.25,B
2021-06-15T13:16:56,6700.0,5.25,B
2021-06-15T13:14:43,1500.0,5.25,B
2021-06-15T13:14:43,17500.0,5.25,B
2021-06-15T13:14:42,5300.0,5.25,B
2021-06-15T13:13:38,2900.0,5.25,B
2021-06-15T13:13:14,2000.0,5.24,S
2021-06-15T13:13:06,1400.0,5.24,S
2021-06-15T13:10:00,2000.0,5.25,B
2021-06-15T13:09:19,800.0,5.25,B
2021-06-15T13:08:22,13000.0,5.24,S
2021-06-15T13:08:05,100.0,5.25,B
2021-06-15T13:08:05,1000.0,5.25,B
2021-06-15T13:08:02,100.0,5.25,B
2021-06-15T13:07:04,100.0,5.25,S
2021-06-15T13:06:16,13400.0,5.25,S
2021-06-15T13:05:43,800.0,5.25,S
2021-06-15T13:05:42,600.0,5.25,S
2021-06-15T13:05:21,1000.0,5.26,B
2021-06-15T13:05:08,200.0,5.26,B
2021-06-15T13:04:21,4000.0,5.26,B
2021-06-15T13:04:16,500.0,5.26,B
2021-06-15T13:03:26,10000.0,5.26,B
2021-06-15T13:02:03,300.0,5.26,B
2021-06-15T11:27:05,5000.0,5.26,B
2021-06-15T11:17:11,100.0,5.25,S
2021-06-15T11:14:02,300.0,5.26,B
2021-06-15T11:13:18,500.0,5.26,B
2021-06-15T11:13:04,200.0,5.26,B
2021-06-15T11:08:10,300.0,5.26,B
2021-06-15T11:04:19,500.0,5.26,S
2021-06-15T11:04:19,1800.0,5.26,S
2021-06-15T11:03:34,200.0,5.26,S
2021-06-15T11:03:17,100.0,5.26,S
2021-06-15T11:02:59,200.0,5.26,S
2021-06-15T11:00:23,300.0,5.26,S
2021-06-15T10:59:41,100.0,5.26,B
2021-06-15T10:59:41,7700.0,5.26,B
2021-06-15T10:59:28,2000.0,5.26,B
2021-06-15T10:57:29,500.0,5.26,B
2021-06-15T10:56:43,700.0,5.25,S
2021-06-15T10:56:43,300.0,5.25,S
2021-06-15T10:55:32,100.0,5.26,B
2021-06-15T10:44:44,700.0,5.26,B
2021-06-15T10:43:30,4500.0,5.26,S
2021-06-15T10:36:09,2400.0,5.27,B
2021-06-15T10:30:56,1000.0,5.27,S
2021-06-15T10:28:04,100.0,5.27,S
2021-06-15T10:27:22,1000.0,5.27,S
2021-06-15T10:23:29,200.0,5.28,B
2021-06-15T10:22:36,100.0,5.27,S
2021-06-15T10:22:27,600.0,5.28,B
2021-06-15T10:22:04,300.0,5.27,S
2021-06-15T10:20:43,100.0,5.27,S
2021-06-15T10:20:33,1000.0,5.28,B
2021-06-15T10:19:56,200.0,5.27,S
2021-06-15T10:19:49,200.0,5.27,S
2021-06-15T10:19:35,400.0,5.27,S
2021-06-15T10:19:24,100.0,5.27,B
2021-06-15T10:18:34,200.0,5.27,B
2021-06-15T10:18:23,400.0,5.27,B
2021-06-15T10:18:17,700.0,5.27,B
2021-06-15T10:18:13,1000.0,5.27,B
2021-06-15T10:17:55,10000.0,5.26,S
2021-06-15T10:16:36,13500.0,5.27,B
2021-06-15T10:14:23,1300.0,5.27,B
2021-06-15T10:12:20,1000.0,5.27,B
2021-06-15T10:10:59,1400.0,5.26,S
2021-06-15T10:09:37,300.0,5.26,S
2021-06-15T10:08:39,1000.0,5.26,B
2021-06-15T10:08:36,2000.0,5.26,B
2021-06-15T10:07:42,1000.0,5.26,B
2021-06-15T10:06:33,700.0,5.26,S
2021-06-15T10:05:49,3600.0,5.26,S
2021-06-15T10:05:49,400.0,5.26,S
2021-06-15T10:05:22,6200.0,5.26,S
2021-06-15T10:05:12,100.0,5.27,B
2021-06-15T10:04:19,3100.0,5.27,S
2021-06-15T10:03:34,600.0,5.27,S
2021-06-15T10:02:19,100.0,5.28,B
2021-06-15T10:02:18,400.0,5.27,S
2021-06-15T10:02:18,600.0,5.27,S
2021-06-15T10:00:54,5000.0,5.28,B
2021-06-15T09:57:53,8700.0,5.28,S
2021-06-15T09:57:22,2300.0,5.28,S
2021-06-15T09:45:52,600.0,5.35,B
2021-06-15T09:45:02,100.0,5.3,B
2021-06-15T09:38:45,1500.0,5.27,S
2021-06-15T09:36:57,2900.0,5.27,B
2021-06-15T09:33:00,1000.0,5.26,S
2021-06-15T09:31:31,400.0,5.27,B
2021-06-15T09:29:27,200.0,5.26,S
2021-06-15T09:29:14,2000.0,5.27,B
2021-06-15T09:28:50,600.0,5.27,B
2021-06-15T09:28:02,1100.0,5.27,B
2021-06-15T09:27:59,500.0,5.26,S
2021-06-15T09:27:11,1000.0,5.27,B
2021-06-15T09:25:43,200.0,5.26,B
2021-06-15T09:25:43,100.0,5.26,B
2021-06-15T09:23:55,900.0,5.26,S
2021-06-15T09:22:08,2000.0,5.26,S
2021-06-15T09:21:46,500.0,5.26,S
2021-06-15T09:21:27,2300.0,5.26,S
2021-06-15T09:21:27,1000.0,5.26,S
2021-06-15T09:21:06,1100.0,5.27,B
2021-06-15T09:20:21,3000.0,5.27,S
2021-06-15T09:20:21,3900.0,5.27,S
2021-06-15T09:18:25,500.0,5.27,S
2021-06-15T09:18:00,3000.0,5.27,S
2021-06-15T09:17:28,500.0,5.28,B
