tradingTime,volume,price,side
2021-06-15T14:28:47,10700.0,62.5,S
2021-06-15T14:28:47,800.0,62.5,S
2021-06-15T14:28:47,1500.0,62.5,S
2021-06-15T14:26:19,300.0,62.5,S
2021-06-15T14:26:19,2500.0,62.5,S
2021-06-15T14:26:19,6100.0,62.5,S
2021-06-15T14:26:19,1100.0,62.8,S
2021-06-15T14:19:10,100.0,62.8,S
2021-06-15T14:15:12,8900.0,62.9,S
2021-06-15T14:15:05,200.0,63.0,B
2021-06-15T14:14:46,100.0,63.0,B
2021-06-15T14:14:40,1100.0,62.9,S
2021-06-15T14:14:28,100.0,63.0,S
2021-06-15T14:14:18,400.0,63.0,S
2021-06-15T14:14:18,1100.0,63.0,S
2021-06-15T14:14:18,7200.0,63.0,S
2021-06-15T14:14:13,10000.0,63.0,S
2021-06-15T14:13:39,500.0,63.2,B
2021-06-15T14:13:35,100.0,63.0,S
2021-06-15T14:13:17,100.0,63.1,B
2021-06-15T14:13:12,6900.0,63.0,S
2021-06-15T14:13:10,2000.0,63.0,S
2021-06-15T14:12:48,2000.0,63.0,S
2021-06-15T14:12:32,2000.0,63.0,S
2021-06-15T14:12:18,2000.0,63.1,S
2021-06-15T14:11:46,8600.0,63.1,S
2021-06-15T14:11:33,2400.0,63.3,B
2021-06-15T14:11:09,100.0,63.2,S
2021-06-15T14:11:03,2000.0,63.2,S
2021-06-15T14:10:38,100.0,63.2,S
2021-06-15T14:10:37,400.0,63.2,S
2021-06-15T14:10:02,200.0,63.2,S
2021-06-15T14:09:45,600.0,63.2,S
2021-06-15T14:09:45,400.0,63.2,S
2021-06-15T14:09:45,200.0,63.2,S
2021-06-15T14:09:23,200.0,63.3,B
2021-06-15T14:08:43,100.0,63.3,B
2021-06-15T14:07:50,100.0,63.3,S
2021-06-15T14:07:38,3000.0,63.3,S
2021-06-15T14:07:33,100.0,63.3,S
2021-06-15T14:07:22,100.0,63.3,S
2021-06-15T14:07:12,2000.0,63.3,S
2021-06-15T14:07:09,900.0,63.3,S
2021-06-15T14:07:09,1000.0,63.3,S
2021-06-15T14:07:09,1400.0,63.3,S
2021-06-15T14:07:09,200.0,63.3,S
2021-06-15T14:07:09,400.0,63.3,S
2021-06-15T14:07:09,600.0,63.3,S
2021-06-15T14:06:00,100.0,63.5,B
2021-06-15T14:05:58,10000.0,63.3,S
2021-06-15T14:05:08,400.0,63.5,B
2021-06-15T14:05:01,200.0,63.5,B
2021-06-15T14:04:59,500.0,63.5,B
2021-06-15T14:02:35,2000.0,63.5,B
2021-06-15T14:00:01,400.0,63.3,S
2021-06-15T13:58:59,300.0,63.5,B
2021-06-15T13:58:59,100.0,63.3,S
2021-06-15T13:58:59,900.0,63.3,S
2021-06-15T13:58:51,100.0,63.5,B
2021-06-15T13:58:39,500.0,63.5,B
2021-06-15T13:58:21,1000.0,63.5,B
2021-06-15T13:58:19,800.0,63.5,B
2021-06-15T13:58:11,100.0,63.6,B
2021-06-15T13:58:04,200.0,63.5,B
2021-06-15T13:58:04,500.0,63.5,B
2021-06-15T13:57:58,1000.0,63.6,B
2021-06-15T13:57:39,100.0,63.5,B
2021-06-15T13:55:09,1000.0,63.5,B
2021-06-15T13:52:51,4500.0,63.6,B
2021-06-15T13:52:49,500.0,63.5,B
2021-06-15T13:49:30,800.0,63.6,B
2021-06-15T13:49:30,2200.0,63.5,B
2021-06-15T13:49:21,300.0,63.3,S
2021-06-15T13:48:49,100.0,63.4,S
2021-06-15T13:48:32,200.0,63.5,B
2021-06-15T13:48:01,300.0,63.5,S
2021-06-15T13:47:59,1000.0,63.5,S
2021-06-15T13:47:56,1000.0,63.3,S
2021-06-15T13:47:53,1400.0,63.5,S
2021-06-15T13:47:46,200.0,63.6,B
2021-06-15T13:47:20,1000.0,63.5,S
2021-06-15T13:46:40,600.0,63.5,S
2021-06-15T13:46:40,4400.0,63.5,S
2021-06-15T13:46:35,200.0,63.5,S
2021-06-15T13:46:07,1000.0,63.6,B
2021-06-15T13:45:36,1600.0,63.6,B
2021-06-15T13:45:22,100.0,63.6,B
2021-06-15T13:44:46,100.0,63.6,S
2021-06-15T13:44:44,100.0,63.6,S
2021-06-15T13:43:34,1300.0,63.6,S
2021-06-15T13:43:19,1000.0,63.6,S
2021-06-15T13:42:12,400.0,63.6,S
2021-06-15T13:42:12,9600.0,63.6,S
2021-06-15T13:41:17,1400.0,63.6,S
2021-06-15T13:41:17,600.0,63.7,S
2021-06-15T13:40:50,300.0,63.7,S
2021-06-15T13:40:43,300.0,63.8,B
2021-06-15T13:40:09,100.0,63.7,S
2021-06-15T13:40:05,1000.0,63.7,S
2021-06-15T13:39:57,2000.0,63.8,B
2021-06-15T13:39:40,2300.0,63.8,B
2021-06-15T13:39:31,200.0,63.8,B
2021-06-15T13:39:10,100.0,63.8,B
2021-06-15T13:38:49,3000.0,63.8,B
2021-06-15T13:37:58,1000.0,63.8,B
2021-06-15T13:37:48,100.0,63.8,B
2021-06-15T13:37:42,1000.0,63.8,B
2021-06-15T13:37:02,400.0,63.8,B
2021-06-15T13:36:52,800.0,63.8,B
2021-06-15T13:35:39,700.0,63.8,B
2021-06-15T13:35:00,1300.0,63.8,B
2021-06-15T13:34:24,700.0,63.8,B
2021-06-15T13:34:02,100.0,63.8,B
2021-06-15T13:33:54,100.0,63.8,B
2021-06-15T13:33:51,500.0,63.8,B
2021-06-15T13:33:09,100.0,63.8,B
2021-06-15T13:32:51,100.0,63.8,B
2021-06-15T13:32:44,500.0,63.8,B
2021-06-15T13:30:57,100.0,63.6,B
2021-06-15T13:30:34,200.0,63.8,B
2021-06-15T13:29:49,100.0,63.8,B
2021-06-15T13:29:29,200.0,63.8,B
2021-06-15T13:29:03,200.0,63.8,B
2021-06-15T13:28:49,11600.0,63.5,B
2021-06-15T13:28:42,200.0,63.5,B
2021-06-15T13:28:33,100.0,63.5,B
2021-06-15T13:28:30,5000.0,63.5,B
2021-06-15T13:27:54,1000.0,63.5,S
2021-06-15T13:27:54,1100.0,63.5,S
2021-06-15T13:27:54,1000.0,63.5,S
2021-06-15T13:27:14,1000.0,63.6,S
2021-06-15T13:26:27,100.0,63.7,B
2021-06-15T13:26:03,400.0,63.7,B
2021-06-15T13:25:10,300.0,63.7,B
2021-06-15T13:25:04,200.0,63.7,B
2021-06-15T13:24:51,900.0,63.7,B
2021-06-15T13:24:22,100.0,63.7,B
2021-06-15T13:22:25,100.0,63.7,B
2021-06-15T13:22:09,100.0,64.0,B
2021-06-15T13:21:30,17300.0,64.0,B
2021-06-15T13:20:44,11100.0,63.0,S
2021-06-15T13:20:44,2500.0,63.2,S
2021-06-15T13:20:44,1400.0,63.2,S
2021-06-15T13:20:44,3300.0,63.2,S
2021-06-15T13:20:43,2700.0,63.5,S
2021-06-15T13:20:37,5000.0,63.7,B
2021-06-15T13:20:11,1000.0,63.6,B
2021-06-15T13:20:11,100.0,63.6,B
2021-06-15T13:20:10,3900.0,63.6,B
2021-06-15T13:19:44,100.0,63.6,B
2021-06-15T13:19:35,900.0,63.6,B
2021-06-15T13:19:11,500.0,63.6,B
2021-06-15T13:18:32,1000.0,63.5,B
2021-06-15T13:18:24,300.0,63.6,B
2021-06-15T13:16:59,900.0,63.6,B
2021-06-15T13:16:41,100.0,63.5,B
2021-06-15T13:15:34,2000.0,63.5,B
2021-06-15T13:15:20,100.0,63.5,B
2021-06-15T13:15:03,2000.0,63.5,B
2021-06-15T13:14:41,1000.0,63.5,B
2021-06-15T13:13:39,400.0,63.5,B
2021-06-15T13:13:39,100.0,63.5,B
2021-06-15T13:13:38,2300.0,63.5,B
2021-06-15T13:13:38,10900.0,63.5,B
2021-06-15T13:13:00,15000.0,63.5,B
2021-06-15T13:12:39,100.0,63.2,S
2021-06-15T13:10:06,100.0,63.2,S
2021-06-15T13:10:05,4900.0,63.2,S
2021-06-15T13:08:27,1400.0,63.4,B
2021-06-15T13:08:21,2000.0,63.4,B
2021-06-15T13:07:47,1300.0,63.5,B
2021-06-15T13:07:39,200.0,63.4,B
2021-06-15T13:06:55,200.0,63.4,S
2021-06-15T13:06:55,100.0,63.4,S
2021-06-15T13:06:54,1300.0,63.5,B
2021-06-15T13:06:38,100.0,63.4,S
2021-06-15T13:06:37,800.0,63.5,B
2021-06-15T13:06:00,1000.0,63.5,B
2021-06-15T13:05:26,5200.0,63.5,B
2021-06-15T13:05:03,15600.0,63.5,B
2021-06-15T13:05:03,1400.0,63.5,B
2021-06-15T13:05:03,12900.0,63.5,B
2021-06-15T13:04:49,100.0,63.4,B
2021-06-15T13:04:39,200.0,63.4,B
2021-06-15T13:03:03,2000.0,63.4,S
2021-06-15T13:01:29,100.0,63.4,S
2021-06-15T13:01:14,300.0,63.4,S
2021-06-15T13:01:09,100.0,63.4,S
2021-06-15T13:00:41,100.0,63.4,S
2021-06-15T13:00:38,200.0,63.4,S
2021-06-15T13:00:36,1000.0,63.2,S
2021-06-15T13:00:32,100.0,63.4,S
2021-06-15T11:30:09,500.0,63.5,B
2021-06-15T11:29:25,30000.0,63.3,S
2021-06-15T11:29:06,100.0,63.5,B
2021-06-15T11:24:18,2400.0,63.5,B
2021-06-15T11:23:41,100.0,63.5,B
2021-06-15T11:22:56,3700.0,63.5,B
2021-06-15T11:22:56,5000.0,63.5,B
2021-06-15T11:22:56,300.0,63.5,B
2021-06-15T11:22:56,200.0,63.5,B
2021-06-15T11:22:56,10400.0,63.5,B
2021-06-15T11:22:56,1200.0,63.5,B
2021-06-15T11:22:56,400.0,63.5,B
2021-06-15T11:22:56,8800.0,63.5,B
2021-06-15T11:21:57,100.0,63.5,B
2021-06-15T11:21:12,200.0,63.5,B
2021-06-15T11:20:58,200.0,63.5,B
2021-06-15T11:20:48,200.0,63.5,B
2021-06-15T11:20:36,200.0,63.5,B
2021-06-15T11:19:53,200.0,63.5,B
2021-06-15T11:19:37,200.0,63.5,B
2021-06-15T11:19:11,200.0,63.5,B
2021-06-15T11:18:50,5000.0,63.5,B
2021-06-15T11:16:53,100.0,63.3,B
2021-06-15T11:16:42,100.0,63.3,B
2021-06-15T11:16:36,1000.0,63.3,B
2021-06-15T11:16:13,100.0,63.0,S
2021-06-15T11:15:33,100.0,63.3,B
2021-06-15T11:15:18,200.0,63.0,S
2021-06-15T11:14:59,3500.0,63.0,B
2021-06-15T11:14:19,300.0,63.0,B
2021-06-15T11:14:07,13600.0,62.5,S
2021-06-15T11:13:55,100.0,63.0,B
2021-06-15T11:13:05,200.0,63.0,B
2021-06-15T11:12:35,3000.0,62.5,S
2021-06-15T11:11:34,400.0,62.5,S
2021-06-15T11:11:34,4200.0,62.5,S
2021-06-15T11:11:34,12500.0,62.6,S
2021-06-15T11:11:34,100.0,62.7,S
2021-06-15T11:11:34,9900.0,62.7,S
2021-06-15T11:10:58,300.0,63.0,B
2021-06-15T11:10:38,2000.0,63.1,S
2021-06-15T11:10:14,500.0,63.1,S
2021-06-15T11:09:29,300.0,63.1,B
2021-06-15T11:09:15,1700.0,63.1,B
2021-06-15T11:09:10,800.0,63.0,S
2021-06-15T11:09:10,100.0,63.0,S
2021-06-15T11:09:10,1000.0,63.0,S
2021-06-15T11:09:09,3000.0,63.0,S
2021-06-15T11:09:05,1300.0,63.1,B
2021-06-15T11:08:50,4000.0,63.0,S
2021-06-15T11:08:27,500.0,63.1,B
2021-06-15T11:08:22,3900.0,63.0,S
2021-06-15T11:08:03,100.0,63.1,B
2021-06-15T11:07:29,20000.0,63.0,S
2021-06-15T11:06:20,1400.0,63.1,S
2021-06-15T11:05:46,100.0,63.2,B
2021-06-15T11:05:12,1000.0,63.3,B
2021-06-15T11:04:49,2500.0,63.3,S
2021-06-15T11:04:26,100.0,63.4,B
2021-06-15T11:03:15,2200.0,63.4,S
2021-06-15T11:02:58,200.0,63.4,B
2021-06-15T11:02:16,300.0,63.4,B
2021-06-15T11:02:08,700.0,63.4,B
2021-06-15T11:01:53,1000.0,63.4,B
2021-06-15T11:00:53,1000.0,63.4,B
2021-06-15T11:00:46,1000.0,63.4,B
2021-06-15T11:00:20,1800.0,63.4,B
2021-06-15T11:00:12,100.0,63.3,S
2021-06-15T11:00:12,300.0,63.3,S
2021-06-15T11:00:07,100.0,63.4,B
2021-06-15T10:58:51,600.0,63.3,B
2021-06-15T10:58:39,4800.0,63.3,B
2021-06-15T10:58:30,5000.0,63.2,S
2021-06-15T10:57:48,1000.0,63.3,B
2021-06-15T10:57:20,1500.0,63.2,B
2021-06-15T10:57:09,2500.0,63.2,B
2021-06-15T10:57:09,5000.0,63.1,S
2021-06-15T10:56:53,100.0,63.2,B
2021-06-15T10:56:43,100.0,63.2,S
2021-06-15T10:56:43,400.0,63.2,S
2021-06-15T10:56:05,200.0,63.3,B
2021-06-15T10:56:00,200.0,63.3,B
2021-06-15T10:55:52,100.0,63.3,B
2021-06-15T10:55:52,1000.0,63.3,B
2021-06-15T10:55:25,2500.0,63.3,B
2021-06-15T10:54:55,7500.0,63.3,B
2021-06-15T10:54:37,9200.0,63.3,B
2021-06-15T10:54:37,800.0,63.2,B
2021-06-15T10:54:16,300.0,63.2,B
2021-06-15T10:54:15,200.0,63.1,B
2021-06-15T10:53:46,200.0,63.1,B
2021-06-15T10:53:18,800.0,63.1,B
2021-06-15T10:53:08,1400.0,63.1,B
2021-06-15T10:53:07,500.0,63.1,B
2021-06-15T10:52:59,800.0,63.1,B
2021-06-15T10:52:51,200.0,63.1,B
2021-06-15T10:52:50,5000.0,63.0,S
2021-06-15T10:52:46,5900.0,63.1,B
2021-06-15T10:52:46,1000.0,63.1,B
2021-06-15T10:52:46,1000.0,63.1,B
2021-06-15T10:52:27,200.0,63.0,S
2021-06-15T10:51:58,1000.0,63.0,S
2021-06-15T10:50:59,10800.0,63.0,B
2021-06-15T10:50:52,900.0,63.0,B
2021-06-15T10:50:51,1600.0,63.0,B
2021-06-15T10:50:51,400.0,63.0,B
2021-06-15T10:50:25,200.0,63.0,B
2021-06-15T10:50:25,9800.0,63.0,B
2021-06-15T10:50:23,700.0,63.0,B
2021-06-15T10:50:23,7300.0,63.0,B
2021-06-15T10:49:46,6100.0,63.0,B
2021-06-15T10:49:46,200.0,63.0,B
2021-06-15T10:49:46,11700.0,63.0,B
2021-06-15T10:49:09,5000.0,62.9,B
2021-06-15T10:49:08,500.0,62.8,S
2021-06-15T10:49:06,200.0,62.9,B
2021-06-15T10:49:06,800.0,62.9,B
2021-06-15T10:48:45,200.0,62.9,B
2021-06-15T10:48:32,3600.0,62.8,S
2021-06-15T10:48:27,1400.0,62.8,S
2021-06-15T10:47:30,3800.0,62.9,B
2021-06-15T10:46:14,200.0,62.8,B
2021-06-15T10:46:10,1500.0,62.8,B
2021-06-15T10:45:45,3000.0,62.8,B
2021-06-15T10:45:39,700.0,62.8,B
2021-06-15T10:45:04,4800.0,62.8,S
2021-06-15T10:45:02,5300.0,62.9,B
2021-06-15T10:45:02,2500.0,62.9,B
2021-06-15T10:45:02,700.0,62.9,B
2021-06-15T10:45:02,2300.0,62.9,B
2021-06-15T10:45:02,3200.0,62.9,B
2021-06-15T10:45:01,1000.0,62.9,B
2021-06-15T10:44:06,10000.0,62.7,S
2021-06-15T10:44:00,4000.0,62.9,B
2021-06-15T10:43:59,2000.0,62.8,S
2021-06-15T10:43:56,300.0,62.8,S
2021-06-15T10:43:55,7000.0,62.8,S
2021-06-15T10:43:52,1000.0,62.9,B
2021-06-15T10:43:31,100.0,62.8,B
2021-06-15T10:43:18,100.0,62.9,B
2021-06-15T10:43:16,20000.0,62.9,B
2021-06-15T10:42:59,2000.0,62.8,B
2021-06-15T10:42:41,5000.0,62.7,S
2021-06-15T10:42:34,1400.0,62.8,B
2021-06-15T10:42:15,3600.0,62.8,B
2021-06-15T10:42:03,7000.0,62.8,B
2021-06-15T10:41:50,2000.0,62.8,B
2021-06-15T10:41:25,10000.0,62.7,S
2021-06-15T10:39:49,3000.0,62.8,B
2021-06-15T10:38:51,1400.0,62.8,B
2021-06-15T10:38:23,400.0,62.8,B
2021-06-15T10:37:50,100.0,62.8,B
2021-06-15T10:36:59,900.0,62.7,S
2021-06-15T10:36:05,500.0,62.7,S
2021-06-15T10:35:14,5100.0,62.5,S
2021-06-15T10:35:14,3900.0,62.6,S
2021-06-15T10:34:54,100.0,62.6,S
2021-06-15T10:34:09,300.0,62.6,S
2021-06-15T10:33:09,300.0,62.6,S
2021-06-15T10:32:49,300.0,62.7,B
2021-06-15T10:32:28,500.0,62.7,B
2021-06-15T10:31:27,400.0,62.6,S
2021-06-15T10:31:20,500.0,62.6,S
2021-06-15T10:30:27,400.0,62.6,S
2021-06-15T10:29:38,1000.0,62.7,B
2021-06-15T10:27:41,200.0,62.9,B
2021-06-15T10:27:29,300.0,62.7,B
2021-06-15T10:27:15,100.0,62.7,B
2021-06-15T10:26:51,400.0,62.7,B
2021-06-15T10:26:51,100.0,62.7,B
2021-06-15T10:26:50,200.0,62.7,B
2021-06-15T10:26:35,200.0,62.7,B
2021-06-15T10:26:32,3000.0,62.7,B
2021-06-15T10:26:25,200.0,62.6,S
2021-06-15T10:26:23,1500.0,62.6,S
2021-06-15T10:26:23,2800.0,62.6,S
2021-06-15T10:25:57,200.0,62.6,S
2021-06-15T10:25:57,800.0,62.6,S
2021-06-15T10:25:53,500.0,62.7,B
2021-06-15T10:25:22,500.0,62.7,B
2021-06-15T10:24:40,400.0,62.6,S
2021-06-15T10:23:54,100.0,62.6,S
2021-06-15T10:23:54,1000.0,62.6,S
2021-06-15T10:23:39,100.0,62.6,S
2021-06-15T10:22:49,300.0,62.7,B
2021-06-15T10:20:36,600.0,62.7,S
2021-06-15T10:20:36,200.0,62.7,S
2021-06-15T10:20:27,100.0,62.7,S
2021-06-15T10:20:27,1000.0,62.7,S
2021-06-15T10:19:48,1000.0,62.7,S
2021-06-15T10:19:07,500.0,62.7,S
2021-06-15T10:18:48,100.0,62.8,S
2021-06-15T10:18:17,1000.0,63.0,B
2021-06-15T10:18:13,1000.0,63.0,B
2021-06-15T10:17:59,1000.0,63.0,B
2021-06-15T10:17:53,1000.0,63.0,B
2021-06-15T10:17:52,10000.0,63.0,B
2021-06-15T10:17:46,1000.0,63.0,B
2021-06-15T10:17:40,1000.0,63.0,B
2021-06-15T10:17:28,1000.0,63.0,B
2021-06-15T10:17:24,1000.0,63.0,B
2021-06-15T10:17:12,1000.0,62.9,S
2021-06-15T10:16:54,100.0,63.0,B
2021-06-15T10:16:09,1000.0,63.0,B
2021-06-15T10:16:05,1000.0,63.0,B
2021-06-15T10:15:59,1000.0,63.0,B
2021-06-15T10:15:53,100.0,63.0,B
2021-06-15T10:15:50,1000.0,63.0,B
2021-06-15T10:15:44,1000.0,63.0,B
2021-06-15T10:15:23,300.0,63.0,B
2021-06-15T10:15:23,1700.0,63.0,B
2021-06-15T10:15:23,800.0,62.9,B
2021-06-15T10:15:03,500.0,62.9,S
2021-06-15T10:14:45,1300.0,62.9,S
2021-06-15T10:14:39,500.0,62.9,S
2021-06-15T10:14:15,600.0,62.9,S
2021-06-15T10:13:47,1000.0,62.8,S
2021-06-15T10:13:30,100.0,62.9,S
2021-06-15T10:13:15,300.0,62.9,S
2021-06-15T10:12:47,500.0,63.0,B
2021-06-15T10:12:39,500.0,63.0,B
2021-06-15T10:12:37,100.0,63.0,B
2021-06-15T10:11:52,100.0,63.0,B
2021-06-15T10:11:31,100.0,63.0,B
2021-06-15T10:11:27,600.0,63.0,B
2021-06-15T10:11:12,900.0,63.0,B
2021-06-15T10:10:45,200.0,63.0,B
2021-06-15T10:10:40,500.0,63.0,B
2021-06-15T10:10:20,500.0,63.0,B
2021-06-15T10:09:48,1500.0,63.0,B
2021-06-15T10:09:47,2000.0,63.0,B
2021-06-15T10:09:28,1400.0,63.0,B
2021-06-15T10:09:01,2300.0,63.0,B
2021-06-15T10:08:57,1000.0,63.0,B
2021-06-15T10:08:57,3300.0,63.0,B
2021-06-15T10:08:57,300.0,63.0,B
2021-06-15T10:08:56,3400.0,63.0,B
2021-06-15T10:08:50,1000.0,62.8,S
2021-06-15T10:08:35,100.0,63.0,B
2021-06-15T10:08:35,1100.0,63.0,B
2021-06-15T10:08:35,1200.0,63.0,B
2021-06-15T10:08:35,200.0,63.0,B
2021-06-15T10:08:35,3000.0,63.0,B
2021-06-15T10:08:35,2600.0,62.9,B
2021-06-15T10:08:35,3600.0,62.9,B
2021-06-15T10:08:34,3200.0,62.9,B
2021-06-15T10:08:21,3600.0,62.8,B
2021-06-15T10:08:21,400.0,62.8,B
2021-06-15T10:08:10,200.0,62.8,B
2021-06-15T10:08:01,200.0,62.7,S
2021-06-15T10:07:22,300.0,62.8,B
2021-06-15T10:07:15,100.0,62.7,B
2021-06-15T10:07:08,200.0,62.7,B
2021-06-15T10:05:51,200.0,62.6,B
2021-06-15T10:04:10,200.0,62.5,S
2021-06-15T10:04:02,200.0,62.5,B
2021-06-15T10:03:54,400.0,62.5,B
2021-06-15T10:03:39,1000.0,62.5,B
2021-06-15T10:03:36,300.0,62.5,B
2021-06-15T10:03:36,200.0,62.5,B
2021-06-15T10:03:35,1200.0,62.5,B
2021-06-15T10:03:16,300.0,62.5,B
2021-06-15T10:03:11,300.0,62.5,B
2021-06-15T10:02:56,1000.0,62.5,B
2021-06-15T10:02:44,2500.0,62.5,B
2021-06-15T10:02:21,100.0,62.5,B
2021-06-15T10:02:03,2000.0,62.5,B
2021-06-15T10:01:36,600.0,62.5,B
2021-06-15T10:01:33,1700.0,62.5,B
2021-06-15T10:01:03,2000.0,62.5,B
2021-06-15T10:00:00,2500.0,62.3,S
2021-06-15T10:00:00,7500.0,62.3,S
2021-06-15T09:59:38,400.0,62.5,S
2021-06-15T09:59:32,1100.0,62.5,S
2021-06-15T09:59:09,500.0,62.5,S
2021-06-15T09:59:07,6900.0,62.5,S
2021-06-15T09:58:03,1000.0,62.6,S
2021-06-15T09:57:35,2200.0,62.5,B
2021-06-15T09:57:27,2000.0,62.5,B
2021-06-15T09:57:22,1000.0,62.5,B
2021-06-15T09:57:15,200.0,62.3,S
2021-06-15T09:56:54,1000.0,62.5,B
2021-06-15T09:56:35,300.0,62.2,S
2021-06-15T09:55:44,300.0,62.5,B
2021-06-15T09:55:41,400.0,62.5,B
2021-06-15T09:55:29,100.0,62.5,B
2021-06-15T09:55:24,500.0,62.2,S
2021-06-15T09:54:31,6000.0,62.5,B
2021-06-15T09:54:29,100.0,62.2,S
2021-06-15T09:54:27,6300.0,62.2,S
2021-06-15T09:53:33,1000.0,62.2,S
2021-06-15T09:53:26,100.0,62.3,B
2021-06-15T09:53:21,200.0,62.3,B
2021-06-15T09:53:19,100.0,62.3,B
2021-06-15T09:52:48,1700.0,62.3,B
2021-06-15T09:52:43,200.0,62.3,B
2021-06-15T09:51:37,900.0,62.3,S
2021-06-15T09:51:35,200.0,62.3,S
2021-06-15T09:51:35,400.0,62.3,S
2021-06-15T09:51:35,6100.0,62.3,S
2021-06-15T09:51:35,500.0,62.4,S
2021-06-15T09:51:12,100.0,62.5,S
2021-06-15T09:50:55,500.0,62.5,S
2021-06-15T09:50:55,6400.0,62.5,S
2021-06-15T09:50:55,6300.0,62.5,S
2021-06-15T09:50:55,300.0,62.5,S
2021-06-15T09:50:31,500.0,62.5,S
2021-06-15T09:50:28,1000.0,62.9,B
2021-06-15T09:50:22,5300.0,62.6,S
2021-06-15T09:50:15,300.0,62.7,S
2021-06-15T09:49:28,1300.0,62.6,S
2021-06-15T09:48:27,300.0,63.0,B
2021-06-15T09:48:09,1900.0,62.6,S
2021-06-15T09:48:09,700.0,62.7,S
2021-06-15T09:47:48,200.0,63.0,B
2021-06-15T09:47:25,500.0,63.0,B
2021-06-15T09:47:12,1000.0,63.0,S
2021-06-15T09:46:46,1000.0,63.0,B
2021-06-15T09:46:43,400.0,63.0,B
2021-06-15T09:46:42,200.0,63.0,B
2021-06-15T09:46:41,2400.0,63.0,B
2021-06-15T09:46:32,2600.0,63.0,B
2021-06-15T09:46:21,3300.0,63.0,B
2021-06-15T09:46:07,200.0,63.0,B
2021-06-15T09:46:04,200.0,63.0,B
2021-06-15T09:46:02,1700.0,63.0,B
2021-06-15T09:46:01,200.0,63.0,B
2021-06-15T09:45:58,200.0,63.0,B
2021-06-15T09:45:50,400.0,63.0,B
2021-06-15T09:45:41,1000.0,63.0,B
2021-06-15T09:45:20,100.0,63.0,S
2021-06-15T09:45:15,400.0,63.0,S
2021-06-15T09:45:14,300.0,63.0,S
2021-06-15T09:45:08,100.0,63.0,S
2021-06-15T09:45:08,200.0,63.0,S
2021-06-15T09:45:08,500.0,63.0,S
2021-06-15T09:44:58,100.0,63.0,B
2021-06-15T09:44:58,2000.0,63.0,B
2021-06-15T09:44:58,2200.0,63.0,B
2021-06-15T09:44:52,500.0,63.0,B
2021-06-15T09:44:49,1200.0,63.0,B
2021-06-15T09:44:49,1000.0,63.0,B
2021-06-15T09:44:44,200.0,63.0,B
2021-06-15T09:44:36,200.0,63.0,B
2021-06-15T09:44:33,5000.0,63.0,B
2021-06-15T09:44:21,400.0,63.0,B
2021-06-15T09:44:20,500.0,63.0,B
2021-06-15T09:43:46,500.0,63.0,B
2021-06-15T09:43:32,200.0,63.0,B
2021-06-15T09:43:29,800.0,63.0,B
2021-06-15T09:43:24,6000.0,63.0,B
2021-06-15T09:43:24,600.0,63.0,B
2021-06-15T09:43:13,100.0,63.0,B
2021-06-15T09:43:11,200.0,63.0,B
2021-06-15T09:43:01,500.0,63.0,B
2021-06-15T09:42:41,2000.0,63.0,B
2021-06-15T09:42:31,500.0,63.0,B
2021-06-15T09:42:25,5000.0,63.0,B
2021-06-15T09:42:24,300.0,63.0,B
2021-06-15T09:42:24,500.0,63.0,B
2021-06-15T09:42:14,500.0,63.0,B
2021-06-15T09:42:14,400.0,63.0,B
2021-06-15T09:41:50,700.0,63.0,B
2021-06-15T09:41:50,500.0,63.0,B
2021-06-15T09:41:50,200.0,62.9,B
2021-06-15T09:41:48,1600.0,62.8,B
2021-06-15T09:41:21,600.0,62.5,B
2021-06-15T09:41:20,5000.0,62.5,B
2021-06-15T09:41:11,700.0,62.5,B
2021-06-15T09:41:06,200.0,62.5,B
2021-06-15T09:41:03,1000.0,62.4,S
2021-06-15T09:40:00,100.0,62.4,B
2021-06-15T09:39:45,100.0,62.3,B
2021-06-15T09:39:30,1000.0,62.3,B
2021-06-15T09:38:50,600.0,62.2,B
2021-06-15T09:38:49,800.0,62.2,B
2021-06-15T09:38:49,100.0,62.2,B
2021-06-15T09:38:38,100.0,62.2,B
2021-06-15T09:38:30,400.0,62.2,B
2021-06-15T09:38:10,200.0,62.2,B
2021-06-15T09:38:01,500.0,62.2,B
2021-06-15T09:37:57,1000.0,62.2,B
2021-06-15T09:37:42,1400.0,62.2,B
2021-06-15T09:37:17,200.0,62.0,B
2021-06-15T09:36:55,200.0,62.0,B
2021-06-15T09:36:52,1000.0,62.2,B
2021-06-15T09:36:39,200.0,62.1,B
2021-06-15T09:36:32,1000.0,62.0,B
2021-06-15T09:35:25,200.0,62.0,B
2021-06-15T09:35:09,800.0,62.0,B
2021-06-15T09:34:55,600.0,62.0,B
2021-06-15T09:34:30,1200.0,62.0,B
2021-06-15T09:34:21,1000.0,62.0,B
2021-06-15T09:34:21,4000.0,62.0,B
2021-06-15T09:34:08,1500.0,62.0,B
2021-06-15T09:34:06,200.0,62.0,B
2021-06-15T09:34:05,100.0,62.0,B
2021-06-15T09:34:04,100.0,62.0,B
2021-06-15T09:33:47,1000.0,62.0,B
2021-06-15T09:33:44,400.0,62.0,B
2021-06-15T09:33:22,100.0,62.0,B
2021-06-15T09:32:16,5500.0,61.9,B
2021-06-15T09:32:16,300.0,61.9,B
2021-06-15T09:32:12,100.0,61.9,B
2021-06-15T09:32:08,100.0,61.9,B
2021-06-15T09:31:58,800.0,61.9,B
2021-06-15T09:31:57,400.0,61.9,B
2021-06-15T09:31:50,800.0,61.9,B
2021-06-15T09:31:44,300.0,61.9,B
2021-06-15T09:29:30,600.0,61.7,B
2021-06-15T09:28:51,100.0,61.6,B
2021-06-15T09:28:49,1000.0,61.6,B
2021-06-15T09:28:34,1900.0,61.5,S
2021-06-15T09:28:10,2000.0,61.5,B
2021-06-15T09:28:06,100.0,61.5,B
2021-06-15T09:27:57,100.0,61.5,B
2021-06-15T09:27:55,100.0,61.5,B
2021-06-15T09:27:26,300.0,61.3,S
2021-06-15T09:27:25,10800.0,61.3,S
2021-06-15T09:27:25,500.0,61.3,S
2021-06-15T09:27:25,1500.0,61.4,S
2021-06-15T09:27:25,200.0,61.4,S
2021-06-15T09:27:19,100.0,61.4,B
2021-06-15T09:27:11,200.0,61.4,B
2021-06-15T09:26:49,600.0,61.4,B
2021-06-15T09:26:04,500.0,61.4,B
2021-06-15T09:25:58,4300.0,61.2,S
2021-06-15T09:25:48,100.0,61.3,B
2021-06-15T09:25:34,1000.0,61.3,B
2021-06-15T09:25:21,200.0,61.3,B
2021-06-15T09:25:16,500.0,61.3,B
2021-06-15T09:25:15,300.0,61.3,B
2021-06-15T09:25:06,100.0,61.3,B
2021-06-15T09:24:51,100.0,61.3,B
2021-06-15T09:24:18,400.0,61.3,B
2021-06-15T09:24:13,500.0,61.3,B
2021-06-15T09:24:12,600.0,61.3,B
2021-06-15T09:24:12,100.0,61.2,S
2021-06-15T09:24:09,100.0,61.3,B
2021-06-15T09:23:54,100.0,61.2,S
2021-06-15T09:23:50,100.0,61.3,B
2021-06-15T09:23:47,1000.0,61.3,B
2021-06-15T09:23:09,5200.0,61.3,S
2021-06-15T09:22:49,700.0,61.4,S
2021-06-15T09:22:45,100.0,61.4,S
2021-06-15T09:22:28,400.0,61.4,S
2021-06-15T09:22:21,1000.0,61.5,B
2021-06-15T09:22:06,200.0,61.4,B
2021-06-15T09:21:46,300.0,61.4,S
2021-06-15T09:21:30,1000.0,61.4,S
2021-06-15T09:21:25,100.0,61.5,B
2021-06-15T09:21:02,100.0,61.5,B
2021-06-15T09:20:52,500.0,61.4,S
2021-06-15T09:20:42,5000.0,61.5,B
2021-06-15T09:20:25,500.0,61.4,S
2021-06-15T09:20:25,300.0,61.4,S
2021-06-15T09:20:09,700.0,61.4,S
2021-06-15T09:20:03,1400.0,61.6,B
2021-06-15T09:19:59,1000.0,61.5,B
2021-06-15T09:19:54,100.0,61.5,B
2021-06-15T09:19:25,2000.0,61.5,S
2021-06-15T09:19:17,100.0,61.6,B
2021-06-15T09:19:12,400.0,61.6,B
2021-06-15T09:18:47,100.0,61.6,B
2021-06-15T09:18:42,1000.0,61.6,B
2021-06-15T09:18:24,300.0,61.6,B
2021-06-15T09:18:17,100.0,61.6,B
2021-06-15T09:18:02,100.0,61.6,B
2021-06-15T09:17:53,200.0,61.6,S
2021-06-15T09:17:42,500.0,61.6,S
2021-06-15T09:17:26,3400.0,61.6,S
2021-06-15T09:16:32,1100.0,61.6,S
2021-06-15T09:16:32,4900.0,61.6,S
2021-06-15T09:16:25,5000.0,62.0,B
2021-06-15T09:15:55,600.0,61.8,B
2021-06-15T09:15:37,200.0,61.6,S
2021-06-15T09:15:37,2800.0,61.6,S
