tradingTime,volume,price,side
2021-06-15T14:26:03,10000.0,10.8,B
2021-06-15T14:25:32,9700.0,10.8,B
2021-06-15T14:25:32,5500.0,10.8,B
2021-06-15T14:25:32,33200.0,10.8,B
2021-06-15T14:25:32,7600.0,10.8,B
2021-06-15T14:25:32,4000.0,10.8,B
2021-06-15T14:25:11,10000.0,10.8,B
2021-06-15T14:24:48,1000.0,10.8,B
2021-06-15T14:24:37,2800.0,10.8,B
2021-06-15T14:21:07,12500.0,10.8,B
2021-06-15T14:21:07,600.0,10.8,B
2021-06-15T14:21:07,11400.0,10.8,B
2021-06-15T14:21:07,10900.0,10.8,B
2021-06-15T14:21:07,4100.0,10.8,B
2021-06-15T14:21:07,4700.0,10.8,B
2021-06-15T14:21:07,900.0,10.8,B
2021-06-15T14:21:07,1000.0,10.8,B
2021-06-15T14:21:07,700.0,10.8,B
2021-06-15T14:21:07,1500.0,10.8,B
2021-06-15T14:21:07,4900.0,10.8,B
2021-06-15T14:21:07,1000.0,10.8,B
2021-06-15T14:21:07,7500.0,10.8,B
2021-06-15T14:21:07,2500.0,10.8,B
2021-06-15T14:21:07,4500.0,10.8,B
2021-06-15T14:21:07,4600.0,10.8,B
2021-06-15T14:21:07,3100.0,10.8,B
2021-06-15T14:21:07,4500.0,10.8,B
2021-06-15T14:21:07,3700.0,10.8,B
2021-06-15T14:21:07,3900.0,10.8,B
2021-06-15T14:21:07,500.0,10.8,B
2021-06-15T14:21:07,800.0,10.8,B
2021-06-15T14:21:07,21000.0,10.8,B
2021-06-15T14:21:07,11300.0,10.8,B
2021-06-15T14:21:07,3000.0,10.8,B
2021-06-15T14:21:07,21000.0,10.8,B
2021-06-15T14:21:07,53900.0,10.8,B
2021-06-15T14:17:19,500.0,10.75,S
2021-06-15T14:16:44,2400.0,10.8,B
2021-06-15T14:16:32,500.0,10.75,S
2021-06-15T14:16:00,5000.0,10.8,B
2021-06-15T14:15:49,300.0,10.75,S
2021-06-15T14:15:48,100.0,10.75,S
2021-06-15T14:15:46,7600.0,10.8,B
2021-06-15T14:15:36,2000.0,10.75,S
2021-06-15T14:15:36,1400.0,10.8,B
2021-06-15T14:14:36,1000.0,10.8,B
2021-06-15T14:14:28,100.0,10.8,B
2021-06-15T14:13:51,1000.0,10.75,S
2021-06-15T14:13:50,100.0,10.8,B
2021-06-15T14:13:32,200.0,10.8,B
2021-06-15T14:13:13,100.0,10.75,S
2021-06-15T14:13:12,10000.0,10.75,S
2021-06-15T14:13:08,400.0,10.75,S
2021-06-15T14:12:50,300.0,10.75,S
2021-06-15T14:12:43,4000.0,10.75,S
2021-06-15T14:12:07,1500.0,10.75,B
2021-06-15T14:11:53,4000.0,10.75,B
2021-06-15T14:11:29,200.0,10.8,B
2021-06-15T14:11:27,1000.0,10.75,B
2021-06-15T14:11:10,1000.0,10.75,B
2021-06-15T14:10:41,100.0,10.75,B
2021-06-15T14:10:35,1000.0,10.75,B
2021-06-15T14:10:19,4000.0,10.75,B
2021-06-15T14:09:52,1000.0,10.75,B
2021-06-15T14:09:31,31400.0,10.8,B
2021-06-15T14:09:31,2700.0,10.8,B
2021-06-15T14:09:31,3500.0,10.8,B
2021-06-15T14:09:31,14000.0,10.8,B
2021-06-15T14:09:31,300.0,10.8,B
2021-06-15T14:09:31,8000.0,10.8,B
2021-06-15T14:09:31,4000.0,10.8,B
2021-06-15T14:09:31,5900.0,10.8,B
2021-06-15T14:09:31,10000.0,10.8,B
2021-06-15T14:09:30,1800.0,10.8,B
2021-06-15T14:09:30,5200.0,10.8,B
2021-06-15T14:09:30,1600.0,10.8,B
2021-06-15T14:09:30,100.0,10.8,B
2021-06-15T14:09:30,200.0,10.8,B
2021-06-15T14:09:30,20200.0,10.8,B
2021-06-15T14:09:30,300.0,10.8,B
2021-06-15T14:09:30,26800.0,10.8,B
2021-06-15T14:09:30,500.0,10.8,B
2021-06-15T14:09:30,15000.0,10.8,B
2021-06-15T14:09:30,1800.0,10.8,B
2021-06-15T14:09:30,2300.0,10.8,B
2021-06-15T14:09:30,600.0,10.8,B
2021-06-15T14:09:14,45200.0,10.75,B
2021-06-15T14:09:07,200.0,10.7,S
2021-06-15T14:09:01,800.0,10.75,B
2021-06-15T14:09:01,3400.0,10.75,B
2021-06-15T14:09:01,5800.0,10.75,B
2021-06-15T14:08:43,300.0,10.75,B
2021-06-15T14:08:42,2100.0,10.75,B
2021-06-15T14:08:42,2900.0,10.75,B
2021-06-15T14:08:41,100.0,10.75,B
2021-06-15T14:08:41,200.0,10.75,B
2021-06-15T14:08:41,2100.0,10.75,B
2021-06-15T14:08:41,2700.0,10.75,B
2021-06-15T14:08:41,1000.0,10.75,B
2021-06-15T14:08:41,1000.0,10.75,B
2021-06-15T14:08:41,87900.0,10.75,B
2021-06-15T14:08:32,1000.0,10.75,B
2021-06-15T14:08:28,3000.0,10.75,B
2021-06-15T14:08:20,100.0,10.75,B
2021-06-15T14:08:19,1000.0,10.75,B
2021-06-15T14:07:44,1000.0,10.75,B
2021-06-15T14:07:43,100.0,10.75,B
2021-06-15T14:07:36,2000.0,10.75,B
2021-06-15T14:07:34,1000.0,10.75,B
2021-06-15T14:07:33,500.0,10.75,B
2021-06-15T14:07:29,100.0,10.7,S
2021-06-15T14:07:27,1900.0,10.75,B
2021-06-15T14:07:24,5400.0,10.75,B
2021-06-15T14:07:22,100.0,10.75,B
2021-06-15T14:07:14,10000.0,10.75,B
2021-06-15T14:07:14,800.0,10.75,B
2021-06-15T14:07:08,400.0,10.75,B
2021-06-15T14:06:42,500.0,10.75,B
2021-06-15T14:06:41,500.0,10.75,B
2021-06-15T14:06:36,1000.0,10.75,B
2021-06-15T14:06:31,400.0,10.75,B
2021-06-15T14:06:28,1000.0,10.75,B
2021-06-15T14:06:12,800.0,10.75,B
2021-06-15T14:05:55,1900.0,10.75,B
2021-06-15T14:05:53,100.0,10.75,B
2021-06-15T14:05:47,400.0,10.75,B
2021-06-15T14:05:35,100.0,10.75,B
2021-06-15T14:05:30,1000.0,10.75,B
2021-06-15T14:05:29,5000.0,10.75,B
2021-06-15T14:05:27,800.0,10.75,B
2021-06-15T14:05:22,200.0,10.75,B
2021-06-15T14:05:20,800.0,10.75,B
2021-06-15T14:05:15,800.0,10.75,B
2021-06-15T14:05:10,800.0,10.75,B
2021-06-15T14:05:07,800.0,10.75,B
2021-06-15T14:05:03,800.0,10.75,B
2021-06-15T14:05:01,800.0,10.75,B
2021-06-15T14:04:57,800.0,10.75,B
2021-06-15T14:04:53,800.0,10.75,B
2021-06-15T14:04:50,800.0,10.75,B
2021-06-15T14:04:48,800.0,10.75,B
2021-06-15T14:04:44,2000.0,10.75,B
2021-06-15T14:04:41,800.0,10.75,B
2021-06-15T14:04:37,1000.0,10.75,B
2021-06-15T14:04:37,800.0,10.75,B
2021-06-15T14:04:18,200.0,10.75,B
2021-06-15T14:04:18,200.0,10.75,B
2021-06-15T14:04:16,800.0,10.75,B
2021-06-15T14:04:10,800.0,10.75,B
2021-06-15T14:04:09,400.0,10.7,S
2021-06-15T14:04:04,800.0,10.75,B
2021-06-15T14:04:01,3000.0,10.75,B
2021-06-15T14:04:00,700.0,10.75,B
2021-06-15T14:03:59,4600.0,10.75,B
2021-06-15T14:03:58,800.0,10.75,B
2021-06-15T14:03:54,800.0,10.75,B
2021-06-15T14:03:51,600.0,10.75,B
2021-06-15T14:03:50,1100.0,10.75,B
2021-06-15T14:03:47,6300.0,10.75,B
2021-06-15T14:03:43,800.0,10.75,B
2021-06-15T14:03:38,800.0,10.75,B
2021-06-15T14:03:31,800.0,10.75,B
2021-06-15T14:03:26,800.0,10.75,B
2021-06-15T14:03:22,800.0,10.75,B
2021-06-15T14:03:16,800.0,10.75,B
2021-06-15T14:03:10,800.0,10.75,B
2021-06-15T14:03:03,4700.0,10.7,S
2021-06-15T14:03:03,5300.0,10.7,S
2021-06-15T14:03:03,800.0,10.75,B
2021-06-15T14:03:01,4000.0,10.75,B
2021-06-15T14:02:58,800.0,10.75,B
2021-06-15T14:02:58,100.0,10.75,B
2021-06-15T14:02:56,900.0,10.75,B
2021-06-15T14:02:51,800.0,10.75,B
2021-06-15T14:02:49,10000.0,10.75,B
2021-06-15T14:02:48,800.0,10.75,B
2021-06-15T14:02:47,3000.0,10.75,B
2021-06-15T14:02:45,3600.0,10.7,S
2021-06-15T14:02:40,800.0,10.75,B
2021-06-15T14:02:40,1000.0,10.75,B
2021-06-15T14:02:35,800.0,10.75,B
2021-06-15T14:02:31,800.0,10.75,B
2021-06-15T14:02:27,800.0,10.75,B
2021-06-15T14:02:26,2100.0,10.7,S
2021-06-15T14:02:26,2400.0,10.7,S
2021-06-15T14:02:26,500.0,10.7,S
2021-06-15T14:02:26,5000.0,10.7,S
2021-06-15T14:02:24,300.0,10.75,B
2021-06-15T14:02:24,500.0,10.75,B
2021-06-15T14:02:23,2000.0,10.75,B
2021-06-15T14:02:21,500.0,10.7,S
2021-06-15T14:02:20,800.0,10.75,B
2021-06-15T14:02:14,800.0,10.75,B
2021-06-15T14:02:07,800.0,10.75,B
2021-06-15T14:02:02,800.0,10.75,B
2021-06-15T14:01:57,800.0,10.75,B
2021-06-15T14:01:56,300.0,10.75,B
2021-06-15T14:01:53,1000.0,10.75,B
2021-06-15T14:01:53,800.0,10.75,B
2021-06-15T14:01:50,500.0,10.75,B
2021-06-15T14:01:48,800.0,10.75,B
2021-06-15T14:01:41,800.0,10.75,B
2021-06-15T14:01:41,13000.0,10.7,S
2021-06-15T14:01:40,600.0,10.75,B
2021-06-15T14:01:38,800.0,10.75,B
2021-06-15T14:01:34,100.0,10.75,B
2021-06-15T14:01:30,1000.0,10.75,B
2021-06-15T14:01:26,800.0,10.75,B
2021-06-15T14:01:24,1000.0,10.75,B
2021-06-15T14:01:22,800.0,10.75,B
2021-06-15T14:01:22,50000.0,10.75,B
2021-06-15T14:01:16,800.0,10.75,B
2021-06-15T14:01:12,800.0,10.75,B
2021-06-15T14:01:10,1000.0,10.75,B
2021-06-15T14:01:07,800.0,10.75,B
2021-06-15T14:00:59,100.0,10.75,B
2021-06-15T14:00:59,800.0,10.75,B
2021-06-15T14:00:55,200.0,10.75,B
2021-06-15T14:00:49,100.0,10.75,B
2021-06-15T14:00:48,800.0,10.75,B
2021-06-15T14:00:43,800.0,10.75,B
2021-06-15T14:00:35,800.0,10.75,B
2021-06-15T14:00:31,1000.0,10.75,B
2021-06-15T14:00:29,800.0,10.75,B
2021-06-15T14:00:27,2000.0,10.75,B
2021-06-15T14:00:23,900.0,10.75,B
2021-06-15T14:00:23,100.0,10.75,B
2021-06-15T14:00:19,800.0,10.75,B
2021-06-15T14:00:11,800.0,10.75,B
2021-06-15T14:00:07,800.0,10.75,B
2021-06-15T14:00:02,800.0,10.75,B
2021-06-15T13:59:57,5000.0,10.75,B
2021-06-15T13:59:55,800.0,10.75,B
2021-06-15T13:59:52,200.0,10.75,B
2021-06-15T13:59:49,400.0,10.75,B
2021-06-15T13:59:49,400.0,10.75,B
2021-06-15T13:59:45,800.0,10.75,B
2021-06-15T13:59:40,2800.0,10.75,B
2021-06-15T13:59:37,2500.0,10.75,B
2021-06-15T13:59:32,800.0,10.75,B
2021-06-15T13:59:28,800.0,10.75,B
2021-06-15T13:59:26,800.0,10.75,B
2021-06-15T13:59:23,100.0,10.75,B
2021-06-15T13:59:17,800.0,10.75,B
2021-06-15T13:59:13,2000.0,10.75,B
2021-06-15T13:59:11,800.0,10.75,B
2021-06-15T13:59:05,800.0,10.75,B
2021-06-15T13:58:59,800.0,10.75,B
2021-06-15T13:58:57,800.0,10.75,B
2021-06-15T13:58:53,800.0,10.75,B
2021-06-15T13:58:50,800.0,10.75,B
2021-06-15T13:58:47,800.0,10.75,B
2021-06-15T13:58:47,5000.0,10.75,B
2021-06-15T13:58:45,10000.0,10.75,B
2021-06-15T13:58:44,100.0,10.75,B
2021-06-15T13:58:42,800.0,10.75,B
2021-06-15T13:58:40,200.0,10.75,B
2021-06-15T13:58:38,800.0,10.75,B
2021-06-15T13:58:35,800.0,10.75,B
2021-06-15T13:58:32,800.0,10.75,B
2021-06-15T13:58:29,3000.0,10.7,S
2021-06-15T13:58:28,800.0,10.75,B
2021-06-15T13:58:23,800.0,10.75,B
2021-06-15T13:58:21,600.0,10.7,S
2021-06-15T13:58:21,19400.0,10.7,S
2021-06-15T13:58:20,800.0,10.75,B
2021-06-15T13:58:19,100.0,10.75,B
2021-06-15T13:58:16,2000.0,10.75,B
2021-06-15T13:58:15,800.0,10.75,B
2021-06-15T13:58:12,800.0,10.75,B
2021-06-15T13:58:08,100.0,10.75,B
2021-06-15T13:58:08,700.0,10.75,B
2021-06-15T13:58:07,100.0,10.7,S
2021-06-15T13:58:03,800.0,10.75,B
2021-06-15T13:58:00,500.0,10.75,B
2021-06-15T13:58:00,800.0,10.75,B
2021-06-15T13:57:59,2000.0,10.7,S
2021-06-15T13:57:55,800.0,10.75,B
2021-06-15T13:57:55,1000.0,10.75,B
2021-06-15T13:57:52,5300.0,10.7,S
2021-06-15T13:57:46,800.0,10.75,B
2021-06-15T13:57:41,800.0,10.75,B
2021-06-15T13:57:31,800.0,10.75,B
2021-06-15T13:57:26,800.0,10.75,B
2021-06-15T13:57:21,800.0,10.75,B
2021-06-15T13:57:13,800.0,10.75,B
2021-06-15T13:57:11,4000.0,10.7,S
2021-06-15T13:57:09,800.0,10.75,B
2021-06-15T13:57:07,1000.0,10.75,B
2021-06-15T13:57:02,3800.0,10.7,S
2021-06-15T13:56:56,800.0,10.75,B
2021-06-15T13:56:54,13900.0,10.7,S
2021-06-15T13:56:54,3600.0,10.7,S
2021-06-15T13:56:54,900.0,10.7,S
2021-06-15T13:56:54,1600.0,10.7,S
2021-06-15T13:56:52,800.0,10.75,B
2021-06-15T13:56:49,500.0,10.75,B
2021-06-15T13:56:49,800.0,10.75,B
2021-06-15T13:56:44,1000.0,10.75,B
2021-06-15T13:56:43,800.0,10.75,B
2021-06-15T13:56:38,800.0,10.75,B
2021-06-15T13:56:33,800.0,10.75,B
2021-06-15T13:56:24,2800.0,10.75,B
2021-06-15T13:56:20,800.0,10.75,B
2021-06-15T13:56:15,800.0,10.75,B
2021-06-15T13:56:13,800.0,10.75,B
2021-06-15T13:56:07,20000.0,10.7,S
2021-06-15T13:56:01,800.0,10.75,B
2021-06-15T13:55:57,800.0,10.75,B
2021-06-15T13:55:53,800.0,10.75,B
2021-06-15T13:55:50,800.0,10.75,B
2021-06-15T13:55:46,100.0,10.75,B
2021-06-15T13:55:44,800.0,10.75,B
2021-06-15T13:55:41,800.0,10.75,B
2021-06-15T13:55:34,800.0,10.75,B
2021-06-15T13:55:34,500.0,10.75,B
2021-06-15T13:55:31,300.0,10.75,B
2021-06-15T13:55:31,500.0,10.75,B
2021-06-15T13:55:26,800.0,10.75,B
2021-06-15T13:55:26,4000.0,10.75,B
2021-06-15T13:55:22,800.0,10.75,B
2021-06-15T13:55:07,700.0,10.75,B
2021-06-15T13:55:05,100.0,10.75,B
2021-06-15T13:55:01,5700.0,10.75,B
2021-06-15T13:55:01,800.0,10.75,B
2021-06-15T13:55:01,3900.0,10.7,S
2021-06-15T13:54:55,800.0,10.75,B
2021-06-15T13:54:52,800.0,10.75,B
2021-06-15T13:54:45,800.0,10.75,B
2021-06-15T13:54:42,500.0,10.75,B
2021-06-15T13:54:40,800.0,10.75,B
2021-06-15T13:54:36,800.0,10.75,B
2021-06-15T13:54:36,7500.0,10.75,B
2021-06-15T13:54:36,2400.0,10.75,B
2021-06-15T13:54:36,76000.0,10.75,B
2021-06-15T13:54:36,20000.0,10.75,B
2021-06-15T13:54:36,600.0,10.75,B
2021-06-15T13:54:36,8200.0,10.75,B
2021-06-15T13:54:36,100.0,10.75,B
2021-06-15T13:54:36,144400.0,10.75,B
2021-06-15T13:54:35,800.0,10.75,B
2021-06-15T13:54:31,800.0,10.75,B
2021-06-15T13:54:29,3000.0,10.7,S
2021-06-15T13:54:18,800.0,10.75,B
2021-06-15T13:54:13,800.0,10.75,B
2021-06-15T13:54:09,800.0,10.75,B
2021-06-15T13:54:08,10000.0,10.7,S
2021-06-15T13:54:06,7800.0,10.75,B
2021-06-15T13:53:58,800.0,10.75,B
2021-06-15T13:53:56,800.0,10.75,B
2021-06-15T13:53:51,800.0,10.75,B
2021-06-15T13:53:43,800.0,10.75,B
2021-06-15T13:53:40,900.0,10.75,B
2021-06-15T13:53:38,800.0,10.75,B
2021-06-15T13:53:33,800.0,10.75,B
2021-06-15T13:53:33,15000.0,10.75,B
2021-06-15T13:53:23,800.0,10.75,B
2021-06-15T13:53:17,800.0,10.75,B
2021-06-15T13:53:16,1700.0,10.7,S
2021-06-15T13:53:16,14800.0,10.7,S
2021-06-15T13:53:16,3500.0,10.7,S
2021-06-15T13:53:15,20000.0,10.75,B
2021-06-15T13:53:06,800.0,10.75,B
2021-06-15T13:53:00,800.0,10.75,B
2021-06-15T13:52:54,800.0,10.75,B
2021-06-15T13:52:49,7000.0,10.7,S
2021-06-15T13:52:49,7200.0,10.7,S
2021-06-15T13:52:49,4700.0,10.7,S
2021-06-15T13:52:49,6000.0,10.7,S
2021-06-15T13:52:48,1300.0,10.7,S
2021-06-15T13:52:48,13500.0,10.7,S
2021-06-15T13:52:48,3000.0,10.7,S
2021-06-15T13:52:48,5500.0,10.7,S
2021-06-15T13:52:48,1500.0,10.7,S
2021-06-15T13:52:48,13000.0,10.7,S
2021-06-15T13:52:48,60000.0,10.7,S
2021-06-15T13:52:48,1100.0,10.7,S
2021-06-15T13:52:48,300.0,10.7,S
2021-06-15T13:52:48,200.0,10.7,S
2021-06-15T13:52:48,1200.0,10.7,S
2021-06-15T13:52:48,1200.0,10.7,S
2021-06-15T13:52:48,32800.0,10.7,S
2021-06-15T13:52:48,5300.0,10.7,S
2021-06-15T13:52:47,1300.0,10.7,S
2021-06-15T13:52:47,5500.0,10.7,S
2021-06-15T13:52:47,700.0,10.7,S
2021-06-15T13:52:47,3100.0,10.7,S
2021-06-15T13:52:47,4100.0,10.7,S
2021-06-15T13:52:47,5000.0,10.7,S
2021-06-15T13:52:47,1300.0,10.7,S
2021-06-15T13:52:47,2500.0,10.7,S
2021-06-15T13:52:47,700.0,10.7,S
2021-06-15T13:52:47,400.0,10.7,S
2021-06-15T13:52:47,2500.0,10.7,S
2021-06-15T13:52:47,100.0,10.7,S
2021-06-15T13:52:47,10600.0,10.7,S
2021-06-15T13:52:47,900.0,10.7,S
2021-06-15T13:52:47,1500.0,10.7,S
2021-06-15T13:52:47,10000.0,10.7,S
2021-06-15T13:52:47,5500.0,10.7,S
2021-06-15T13:52:47,100.0,10.7,S
2021-06-15T13:52:47,3200.0,10.7,S
2021-06-15T13:52:47,500.0,10.7,S
2021-06-15T13:52:47,2300.0,10.7,S
2021-06-15T13:52:47,100.0,10.7,S
2021-06-15T13:52:47,3900.0,10.7,S
2021-06-15T13:52:47,6000.0,10.7,S
2021-06-15T13:52:47,2500.0,10.7,S
2021-06-15T13:52:47,200.0,10.7,S
2021-06-15T13:52:46,19600.0,10.7,S
2021-06-15T13:52:46,1100.0,10.7,S
2021-06-15T13:52:46,1000.0,10.7,S
2021-06-15T13:52:46,9800.0,10.7,S
2021-06-15T13:52:46,900.0,10.7,S
2021-06-15T13:52:46,28300.0,10.7,S
2021-06-15T13:52:46,800.0,10.75,B
2021-06-15T13:52:45,2500.0,10.75,B
2021-06-15T13:52:42,800.0,10.75,B
2021-06-15T13:52:41,3700.0,10.75,B
2021-06-15T13:52:38,800.0,10.75,B
2021-06-15T13:52:37,300.0,10.75,B
2021-06-15T13:52:34,800.0,10.75,B
2021-06-15T13:52:30,800.0,10.75,B
2021-06-15T13:52:26,300.0,10.75,B
2021-06-15T13:52:25,800.0,10.75,B
2021-06-15T13:52:21,800.0,10.75,B
2021-06-15T13:52:21,7900.0,10.75,B
2021-06-15T13:52:17,800.0,10.75,B
2021-06-15T13:52:13,800.0,10.75,B
2021-06-15T13:52:12,3000.0,10.7,S
2021-06-15T13:52:09,800.0,10.75,B
2021-06-15T13:52:06,5000.0,10.75,B
2021-06-15T13:52:05,800.0,10.75,B
2021-06-15T13:52:01,800.0,10.75,B
2021-06-15T13:52:01,5000.0,10.75,B
2021-06-15T13:52:00,300.0,10.75,B
2021-06-15T13:52:00,500.0,10.7,S
2021-06-15T13:51:58,800.0,10.75,B
2021-06-15T13:51:57,400.0,10.7,S
2021-06-15T13:51:57,17000.0,10.7,S
2021-06-15T13:51:57,5400.0,10.7,S
2021-06-15T13:51:57,7200.0,10.7,S
2021-06-15T13:51:49,800.0,10.75,B
2021-06-15T13:51:45,300.0,10.7,S
2021-06-15T13:51:44,800.0,10.75,B
2021-06-15T13:51:41,300.0,10.7,S
2021-06-15T13:51:38,800.0,10.75,B
2021-06-15T13:51:36,800.0,10.75,B
2021-06-15T13:51:36,3000.0,10.7,S
2021-06-15T13:51:29,800.0,10.75,B
2021-06-15T13:51:23,600.0,10.75,B
2021-06-15T13:51:23,800.0,10.75,B
2021-06-15T13:51:18,800.0,10.75,B
2021-06-15T13:51:06,800.0,10.75,B
2021-06-15T13:51:02,800.0,10.75,B
2021-06-15T13:50:53,800.0,10.75,B
2021-06-15T13:50:45,800.0,10.75,B
2021-06-15T13:50:41,800.0,10.75,B
2021-06-15T13:50:34,800.0,10.75,B
2021-06-15T13:50:32,800.0,10.75,B
2021-06-15T13:50:28,800.0,10.75,B
2021-06-15T13:50:23,800.0,10.75,B
2021-06-15T13:50:19,800.0,10.75,B
2021-06-15T13:50:16,800.0,10.75,B
2021-06-15T13:50:13,800.0,10.75,B
2021-06-15T13:50:05,200.0,10.7,S
2021-06-15T13:50:04,800.0,10.75,B
2021-06-15T13:49:59,5000.0,10.75,B
2021-06-15T13:49:55,800.0,10.75,B
2021-06-15T13:49:47,800.0,10.75,B
2021-06-15T13:49:40,800.0,10.75,B
2021-06-15T13:49:23,800.0,10.75,B
2021-06-15T13:49:22,100.0,10.7,S
2021-06-15T13:49:20,500.0,10.75,B
2021-06-15T13:49:18,800.0,10.75,B
2021-06-15T13:49:15,500.0,10.7,S
2021-06-15T13:49:09,800.0,10.75,B
2021-06-15T13:49:03,800.0,10.75,B
2021-06-15T13:49:02,100.0,10.75,B
2021-06-15T13:49:01,100.0,10.75,B
2021-06-15T13:48:57,800.0,10.75,B
2021-06-15T13:48:52,800.0,10.75,B
2021-06-15T13:48:47,900.0,10.75,B
2021-06-15T13:48:45,2000.0,10.75,B
2021-06-15T13:48:42,4700.0,10.7,S
2021-06-15T13:48:42,800.0,10.75,B
2021-06-15T13:48:39,20400.0,10.75,B
2021-06-15T13:48:36,800.0,10.75,B
2021-06-15T13:48:35,400.0,10.75,B
2021-06-15T13:48:33,800.0,10.75,B
2021-06-15T13:48:29,200.0,10.75,B
2021-06-15T13:48:27,10800.0,10.75,B
2021-06-15T13:48:23,800.0,10.75,B
2021-06-15T13:48:22,1000.0,10.75,B
2021-06-15T13:48:18,800.0,10.75,B
2021-06-15T13:48:13,800.0,10.75,B
2021-06-15T13:48:13,300.0,10.75,B
2021-06-15T13:48:04,800.0,10.75,B
2021-06-15T13:48:00,45700.0,10.75,B
2021-06-15T13:47:56,900.0,10.75,B
2021-06-15T13:47:51,900.0,10.75,B
2021-06-15T13:47:46,900.0,10.75,B
2021-06-15T13:47:41,900.0,10.75,B
2021-06-15T13:47:35,1000.0,10.75,B
2021-06-15T13:47:34,900.0,10.75,B
2021-06-15T13:47:32,2300.0,10.7,S
2021-06-15T13:47:31,900.0,10.75,B
2021-06-15T13:47:30,1800.0,10.75,B
2021-06-15T13:47:25,900.0,10.75,B
2021-06-15T13:47:20,900.0,10.75,B
2021-06-15T13:47:17,100.0,10.75,B
2021-06-15T13:47:16,900.0,10.75,B
2021-06-15T13:47:14,1000.0,10.75,B
2021-06-15T13:47:10,800.0,10.75,B
2021-06-15T13:47:10,100.0,10.75,B
2021-06-15T13:47:06,900.0,10.75,B
2021-06-15T13:47:02,1000.0,10.75,B
2021-06-15T13:47:02,7600.0,10.75,B
2021-06-15T13:47:02,4000.0,10.75,B
2021-06-15T13:47:01,900.0,10.75,B
2021-06-15T13:47:00,1100.0,10.7,S
2021-06-15T13:47:00,8900.0,10.7,S
2021-06-15T13:47:00,2000.0,10.7,S
2021-06-15T13:46:54,900.0,10.75,B
2021-06-15T13:46:50,900.0,10.75,B
2021-06-15T13:46:45,900.0,10.75,B
2021-06-15T13:46:41,900.0,10.75,B
2021-06-15T13:46:40,500.0,10.75,B
2021-06-15T13:46:39,5000.0,10.75,B
2021-06-15T13:46:36,900.0,10.75,B
2021-06-15T13:46:35,900.0,10.75,B
2021-06-15T13:46:34,500.0,10.75,B
2021-06-15T13:46:32,1000.0,10.75,B
2021-06-15T13:46:31,900.0,10.75,B
2021-06-15T13:46:27,100.0,10.75,B
2021-06-15T13:46:25,900.0,10.75,B
2021-06-15T13:46:18,900.0,10.75,B
2021-06-15T13:46:17,10000.0,10.75,B
2021-06-15T13:46:16,700.0,10.75,B
2021-06-15T13:46:16,2700.0,10.75,B
2021-06-15T13:46:15,3000.0,10.75,B
2021-06-15T13:46:11,900.0,10.75,B
2021-06-15T13:46:04,900.0,10.75,B
2021-06-15T13:46:01,900.0,10.75,B
2021-06-15T13:45:59,300.0,10.75,B
2021-06-15T13:45:56,1000.0,10.75,B
2021-06-15T13:45:54,900.0,10.75,B
2021-06-15T13:45:54,100.0,10.75,B
2021-06-15T13:45:52,4000.0,10.75,B
2021-06-15T13:45:49,900.0,10.75,B
2021-06-15T13:45:46,1000.0,10.7,S
2021-06-15T13:45:42,900.0,10.75,B
2021-06-15T13:45:41,100.0,10.75,B
2021-06-15T13:45:39,100.0,10.75,B
2021-06-15T13:45:38,900.0,10.75,B
2021-06-15T13:45:38,200.0,10.75,B
2021-06-15T13:45:37,2900.0,10.75,B
2021-06-15T13:45:36,500.0,10.75,B
2021-06-15T13:45:33,100.0,10.75,B
2021-06-15T13:45:32,900.0,10.75,B
2021-06-15T13:45:29,100.0,10.75,B
2021-06-15T13:45:22,900.0,10.75,B
2021-06-15T13:45:18,900.0,10.75,B
2021-06-15T13:45:17,5000.0,10.75,B
2021-06-15T13:45:13,900.0,10.75,B
2021-06-15T13:45:09,900.0,10.75,B
2021-06-15T13:45:04,2000.0,10.7,S
2021-06-15T13:45:01,900.0,10.75,B
2021-06-15T13:44:56,900.0,10.75,B
2021-06-15T13:44:50,900.0,10.75,B
2021-06-15T13:44:50,300.0,10.75,B
2021-06-15T13:44:50,1100.0,10.75,B
2021-06-15T13:44:46,900.0,10.75,B
2021-06-15T13:44:41,900.0,10.75,B
2021-06-15T13:44:34,900.0,10.75,B
2021-06-15T13:44:33,500.0,10.75,B
2021-06-15T13:44:30,1400.0,10.75,B
2021-06-15T13:44:30,3000.0,10.75,B
2021-06-15T13:44:26,900.0,10.75,B
2021-06-15T13:44:24,1000.0,10.75,B
2021-06-15T13:44:23,1000.0,10.75,B
2021-06-15T13:44:23,900.0,10.75,B
2021-06-15T13:44:16,900.0,10.75,B
2021-06-15T13:44:12,900.0,10.75,B
2021-06-15T13:44:08,900.0,10.75,B
2021-06-15T13:44:07,4500.0,10.75,B
2021-06-15T13:44:03,900.0,10.75,B
2021-06-15T13:44:02,1000.0,10.75,B
2021-06-15T13:43:54,1500.0,10.75,B
2021-06-15T13:43:52,3000.0,10.75,B
2021-06-15T13:43:50,900.0,10.75,B
2021-06-15T13:43:39,900.0,10.75,B
2021-06-15T13:43:36,200.0,10.75,B
2021-06-15T13:43:34,100.0,10.75,B
2021-06-15T13:43:31,900.0,10.75,B
2021-06-15T13:43:30,1000.0,10.7,S
2021-06-15T13:43:25,900.0,10.75,B
2021-06-15T13:43:22,1400.0,10.75,B
2021-06-15T13:43:18,1000.0,10.75,B
2021-06-15T13:43:18,900.0,10.75,B
2021-06-15T13:43:17,100.0,10.75,B
2021-06-15T13:43:17,300.0,10.75,B
2021-06-15T13:43:13,100.0,10.75,B
2021-06-15T13:43:12,900.0,10.75,B
2021-06-15T13:43:12,500.0,10.75,B
2021-06-15T13:43:11,400.0,10.75,B
2021-06-15T13:43:09,6600.0,10.75,B
2021-06-15T13:43:09,1500.0,10.75,B
2021-06-15T13:43:09,200.0,10.75,B
2021-06-15T13:43:09,3300.0,10.75,B
2021-06-15T13:43:07,900.0,10.75,B
2021-06-15T13:43:03,3700.0,10.75,B
2021-06-15T13:43:02,900.0,10.75,B
2021-06-15T13:43:02,5000.0,10.75,B
2021-06-15T13:42:59,900.0,10.75,B
2021-06-15T13:42:58,5000.0,10.75,B
2021-06-15T13:42:55,900.0,10.75,B
2021-06-15T13:42:50,900.0,10.75,B
2021-06-15T13:42:50,2900.0,10.75,B
2021-06-15T13:42:49,4000.0,10.7,S
2021-06-15T13:42:48,100.0,10.75,B
2021-06-15T13:42:45,900.0,10.75,B
2021-06-15T13:42:43,900.0,10.75,B
2021-06-15T13:42:40,3000.0,10.75,B
2021-06-15T13:42:36,6800.0,10.75,B
2021-06-15T13:42:30,100.0,10.75,B
2021-06-15T13:42:28,900.0,10.75,B
2021-06-15T13:42:24,300.0,10.75,B
2021-06-15T13:42:22,3000.0,10.75,B
2021-06-15T13:42:21,500.0,10.75,B
2021-06-15T13:42:20,900.0,10.75,B
2021-06-15T13:42:20,5000.0,10.75,B
2021-06-15T13:42:15,900.0,10.75,B
2021-06-15T13:42:11,200.0,10.75,B
2021-06-15T13:42:07,900.0,10.75,B
2021-06-15T13:42:04,900.0,10.75,B
2021-06-15T13:42:03,100.0,10.75,B
2021-06-15T13:41:57,500.0,10.75,B
2021-06-15T13:41:57,500.0,10.75,B
2021-06-15T13:41:56,900.0,10.75,B
2021-06-15T13:41:51,900.0,10.75,B
2021-06-15T13:41:47,900.0,10.75,B
2021-06-15T13:41:42,900.0,10.75,B
2021-06-15T13:41:35,900.0,10.75,B
2021-06-15T13:41:34,100.0,10.75,B
2021-06-15T13:41:28,900.0,10.75,B
2021-06-15T13:41:26,5000.0,10.75,B
2021-06-15T13:41:24,900.0,10.75,B
2021-06-15T13:41:19,900.0,10.75,B
2021-06-15T13:41:12,900.0,10.75,B
2021-06-15T13:41:11,1100.0,10.75,B
2021-06-15T13:41:06,900.0,10.75,B
2021-06-15T13:41:03,900.0,10.75,B
2021-06-15T13:40:56,900.0,10.75,B
2021-06-15T13:40:53,900.0,10.75,B
2021-06-15T13:40:50,1000.0,10.75,B
2021-06-15T13:40:47,900.0,10.75,B
2021-06-15T13:40:45,900.0,10.75,B
2021-06-15T13:40:44,300.0,10.75,B
2021-06-15T13:40:40,900.0,10.75,B
2021-06-15T13:40:36,900.0,10.75,B
2021-06-15T13:40:34,5000.0,10.75,B
2021-06-15T13:40:33,1000.0,10.75,B
2021-06-15T13:40:33,1400.0,10.75,B
2021-06-15T13:40:33,900.0,10.75,B
2021-06-15T13:40:28,4600.0,10.75,B
2021-06-15T13:40:28,900.0,10.75,B
2021-06-15T13:40:23,900.0,10.75,B
2021-06-15T13:40:20,4200.0,10.7,S
2021-06-15T13:40:18,900.0,10.75,B
2021-06-15T13:40:17,300.0,10.75,B
2021-06-15T13:40:17,300.0,10.75,B
2021-06-15T13:40:16,5000.0,10.75,B
2021-06-15T13:40:10,900.0,10.75,B
2021-06-15T13:40:05,900.0,10.75,B
2021-06-15T13:39:57,3700.0,10.75,B
2021-06-15T13:39:56,900.0,10.75,B
2021-06-15T13:39:51,900.0,10.75,B
2021-06-15T13:39:45,900.0,10.75,B
2021-06-15T13:39:42,5200.0,10.75,B
2021-06-15T13:39:42,900.0,10.75,B
2021-06-15T13:39:41,500.0,10.75,B
2021-06-15T13:39:37,900.0,10.75,B
2021-06-15T13:39:33,100900.0,10.75,B
2021-06-15T13:39:30,900.0,10.75,B
2021-06-15T13:39:26,900.0,10.75,B
2021-06-15T13:39:21,900.0,10.75,B
2021-06-15T13:39:21,100.0,10.75,B
2021-06-15T13:39:18,1000.0,10.75,B
2021-06-15T13:39:17,100.0,10.75,B
2021-06-15T13:39:17,900.0,10.75,B
2021-06-15T13:39:14,900.0,10.75,B
2021-06-15T13:39:09,100.0,10.75,B
2021-06-15T13:39:08,900.0,10.75,B
2021-06-15T13:39:03,900.0,10.75,B
2021-06-15T13:38:56,900.0,10.75,B
2021-06-15T13:38:50,900.0,10.75,B
2021-06-15T13:38:29,900.0,10.75,B
2021-06-15T13:38:26,900.0,10.75,B
2021-06-15T13:38:17,1300.0,10.75,B
2021-06-15T13:38:14,900.0,10.75,B
2021-06-15T13:38:05,900.0,10.75,B
2021-06-15T13:38:01,900.0,10.75,B
2021-06-15T13:37:59,1000.0,10.7,S
2021-06-15T13:37:57,900.0,10.75,B
2021-06-15T13:37:55,5000.0,10.75,B
2021-06-15T13:37:52,400.0,10.75,B
2021-06-15T13:37:50,900.0,10.75,B
2021-06-15T13:37:49,100.0,10.75,B
2021-06-15T13:37:48,600.0,10.75,B
2021-06-15T13:37:45,10000.0,10.7,S
2021-06-15T13:37:44,900.0,10.75,B
2021-06-15T13:37:41,1000.0,10.75,B
2021-06-15T13:37:41,1000.0,10.7,S
2021-06-15T13:37:39,900.0,10.75,B
2021-06-15T13:37:39,10000.0,10.75,B
2021-06-15T13:37:34,300.0,10.7,S
2021-06-15T13:37:32,900.0,10.75,B
2021-06-15T13:37:31,800.0,10.75,B
2021-06-15T13:37:31,2000.0,10.75,B
2021-06-15T13:37:28,600.0,10.75,B
2021-06-15T13:37:28,900.0,10.75,B
2021-06-15T13:37:26,5100.0,10.75,B
2021-06-15T13:37:25,1000.0,10.75,B
2021-06-15T13:37:24,900.0,10.75,B
2021-06-15T13:37:17,1700.0,10.75,B
2021-06-15T13:37:16,900.0,10.75,B
2021-06-15T13:37:14,30000.0,10.75,B
2021-06-15T13:37:14,3000.0,10.75,B
2021-06-15T13:37:14,100.0,10.75,B
2021-06-15T13:37:11,1600.0,10.75,B
2021-06-15T13:37:06,5100.0,10.7,S
2021-06-15T13:37:06,5900.0,10.7,S
2021-06-15T13:37:06,4000.0,10.75,B
2021-06-15T13:37:05,900.0,10.75,B
2021-06-15T13:37:03,6000.0,10.75,B
2021-06-15T13:37:01,900.0,10.75,B
2021-06-15T13:36:56,900.0,10.75,B
2021-06-15T13:36:52,900.0,10.75,B
2021-06-15T13:36:47,2000.0,10.75,S
2021-06-15T13:36:46,900.0,10.75,S
2021-06-15T13:36:42,900.0,10.75,S
2021-06-15T13:36:39,900.0,10.75,S
2021-06-15T13:36:34,900.0,10.75,S
2021-06-15T13:36:33,2000.0,10.75,S
2021-06-15T13:36:31,900.0,10.75,S
2021-06-15T13:36:30,4000.0,10.75,S
2021-06-15T13:36:30,1000.0,10.75,S
2021-06-15T13:36:30,300.0,10.75,S
2021-06-15T13:36:28,900.0,10.75,S
2021-06-15T13:36:23,900.0,10.75,S
2021-06-15T13:36:20,900.0,10.75,S
2021-06-15T13:36:17,900.0,10.75,S
2021-06-15T13:36:15,500.0,10.75,S
2021-06-15T13:36:15,500.0,10.75,S
2021-06-15T13:36:13,500.0,10.75,S
2021-06-15T13:36:12,900.0,10.75,S
2021-06-15T13:36:09,1000.0,10.75,S
2021-06-15T13:36:08,900.0,10.75,S
2021-06-15T13:36:04,200.0,10.75,S
2021-06-15T13:36:04,900.0,10.75,S
2021-06-15T13:35:59,900.0,10.75,S
2021-06-15T13:35:55,200.0,10.75,S
2021-06-15T13:35:55,900.0,10.75,S
2021-06-15T13:35:52,36100.0,10.75,S
2021-06-15T13:35:52,100.0,10.75,S
2021-06-15T13:35:51,900.0,10.8,B
2021-06-15T13:35:47,900.0,10.8,B
2021-06-15T13:35:41,1900.0,10.8,B
2021-06-15T13:35:37,400.0,10.75,S
2021-06-15T13:35:37,300.0,10.8,B
2021-06-15T13:35:37,600.0,10.8,B
2021-06-15T13:35:35,500.0,10.8,B
2021-06-15T13:35:32,900.0,10.8,B
2021-06-15T13:35:25,900.0,10.8,B
2021-06-15T13:35:21,10000.0,10.75,S
2021-06-15T13:35:08,20600.0,10.75,S
2021-06-15T13:35:08,900.0,10.75,S
2021-06-15T13:35:07,500.0,10.75,S
2021-06-15T13:35:07,1000.0,10.75,S
2021-06-15T13:35:07,800.0,10.75,S
2021-06-15T13:35:04,700.0,10.75,S
2021-06-15T13:35:04,200.0,10.75,S
2021-06-15T13:35:02,800.0,10.75,S
2021-06-15T13:34:56,900.0,10.75,S
2021-06-15T13:34:47,900.0,10.75,S
2021-06-15T13:34:44,200.0,10.75,S
2021-06-15T13:34:42,900.0,10.75,S
2021-06-15T13:34:35,500.0,10.75,S
2021-06-15T13:34:35,900.0,10.75,S
2021-06-15T13:34:29,900.0,10.75,S
2021-06-15T13:34:24,900.0,10.75,S
2021-06-15T13:34:23,500.0,10.75,S
2021-06-15T13:34:20,5000.0,10.75,S
2021-06-15T13:34:17,900.0,10.75,S
2021-06-15T13:34:14,900.0,10.75,S
2021-06-15T13:34:12,900.0,10.75,S
2021-06-15T13:34:12,100.0,10.7,S
2021-06-15T13:34:07,900.0,10.75,S
2021-06-15T13:34:03,900.0,10.75,S
2021-06-15T13:33:52,900.0,10.75,S
2021-06-15T13:33:49,4700.0,10.75,S
2021-06-15T13:33:48,1500.0,10.75,S
2021-06-15T13:33:45,900.0,10.75,S
2021-06-15T13:33:39,900.0,10.75,S
2021-06-15T13:33:36,200.0,10.75,S
2021-06-15T13:33:33,1400.0,10.75,S
2021-06-15T13:33:33,3500.0,10.75,S
2021-06-15T13:33:31,1300.0,10.75,S
2021-06-15T13:33:28,900.0,10.75,S
2021-06-15T13:33:26,500.0,10.75,S
2021-06-15T13:33:23,900.0,10.75,S
2021-06-15T13:33:20,200.0,10.75,S
2021-06-15T13:33:19,100.0,10.75,S
2021-06-15T13:33:17,900.0,10.75,S
2021-06-15T13:33:14,600.0,10.75,S
2021-06-15T13:33:13,5000.0,10.75,S
2021-06-15T13:33:12,900.0,10.75,S
2021-06-15T13:33:09,500.0,10.75,S
2021-06-15T13:33:09,900.0,10.75,S
2021-06-15T13:33:04,100.0,10.75,S
2021-06-15T13:33:04,900.0,10.75,S
2021-06-15T13:33:00,900.0,10.75,S
2021-06-15T13:33:00,500.0,10.75,S
2021-06-15T13:32:59,1000.0,10.75,S
2021-06-15T13:32:58,1000.0,10.75,S
2021-06-15T13:32:53,900.0,10.75,S
2021-06-15T13:32:52,600.0,10.75,S
2021-06-15T13:32:51,200.0,10.75,S
2021-06-15T13:32:46,900.0,10.75,S
2021-06-15T13:32:45,3200.0,10.75,S
2021-06-15T13:32:43,900.0,10.75,S
2021-06-15T13:32:40,1400.0,10.7,S
2021-06-15T13:32:37,900.0,10.75,S
2021-06-15T13:32:35,1000.0,10.75,S
2021-06-15T13:32:30,900.0,10.75,S
2021-06-15T13:32:28,35000.0,10.75,S
2021-06-15T13:32:27,900.0,10.75,S
2021-06-15T13:32:22,900.0,10.75,S
2021-06-15T13:32:17,900.0,10.75,S
2021-06-15T13:32:17,1000.0,10.75,S
2021-06-15T13:32:17,13000.0,10.75,S
2021-06-15T13:32:17,10000.0,10.75,S
2021-06-15T13:32:17,3500.0,10.75,S
2021-06-15T13:32:17,10800.0,10.75,S
2021-06-15T13:32:16,100.0,10.75,S
2021-06-15T13:32:16,3800.0,10.75,S
2021-06-15T13:32:16,14800.0,10.75,S
2021-06-15T13:32:16,200.0,10.75,S
2021-06-15T13:32:16,7100.0,10.75,S
2021-06-15T13:32:16,22000.0,10.75,S
2021-06-15T13:32:16,300.0,10.75,S
2021-06-15T13:32:16,1300.0,10.75,S
2021-06-15T13:32:16,23700.0,10.75,S
2021-06-15T13:32:13,900.0,10.8,B
2021-06-15T13:32:09,5000.0,10.75,S
2021-06-15T13:32:07,900.0,10.8,B
2021-06-15T13:32:00,900.0,10.8,B
2021-06-15T13:31:55,300.0,10.8,B
2021-06-15T13:31:54,900.0,10.8,B
2021-06-15T13:31:48,900.0,10.8,B
2021-06-15T13:31:44,4100.0,10.8,B
2021-06-15T13:31:44,500.0,10.75,S
2021-06-15T13:31:44,1300.0,10.75,S
2021-06-15T13:31:40,900.0,10.8,B
2021-06-15T13:31:35,900.0,10.8,B
2021-06-15T13:31:33,2000.0,10.8,B
2021-06-15T13:31:30,600.0,10.8,B
2021-06-15T13:31:30,300.0,10.8,B
2021-06-15T13:31:28,900.0,10.8,B
2021-06-15T13:31:27,100.0,10.8,B
2021-06-15T13:31:26,100.0,10.75,S
2021-06-15T13:31:26,700.0,10.75,S
2021-06-15T13:31:26,1200.0,10.8,B
2021-06-15T13:31:26,500.0,10.8,B
2021-06-15T13:31:25,1300.0,10.8,B
2021-06-15T13:31:16,900.0,10.8,B
2021-06-15T13:31:12,1500.0,10.75,S
2021-06-15T13:31:10,1200.0,10.8,B
2021-06-15T13:31:07,900.0,10.8,B
2021-06-15T13:31:05,1700.0,10.8,B
2021-06-15T13:30:56,900.0,10.8,B
2021-06-15T13:30:50,900.0,10.8,B
2021-06-15T13:30:50,300.0,10.8,B
2021-06-15T13:30:47,19000.0,10.8,B
2021-06-15T13:30:44,200.0,10.8,B
2021-06-15T13:30:44,900.0,10.8,B
2021-06-15T13:30:38,900.0,10.8,B
2021-06-15T13:30:34,900.0,10.8,B
2021-06-15T13:30:29,100.0,10.8,B
2021-06-15T13:30:27,900.0,10.8,B
2021-06-15T13:30:22,900.0,10.8,B
2021-06-15T13:30:19,23000.0,10.8,B
2021-06-15T13:30:19,1100.0,10.8,B
2021-06-15T13:30:19,200.0,10.8,B
2021-06-15T13:30:19,1500.0,10.8,B
2021-06-15T13:30:19,400.0,10.8,B
2021-06-15T13:30:18,100.0,10.75,S
2021-06-15T13:30:17,900.0,10.8,B
2021-06-15T13:30:12,900.0,10.8,B
2021-06-15T13:30:05,900.0,10.8,B
2021-06-15T13:30:02,500.0,10.8,B
2021-06-15T13:30:02,2000.0,10.8,B
2021-06-15T13:30:00,1100.0,10.8,B
2021-06-15T13:29:56,900.0,10.8,B
2021-06-15T13:29:53,10000.0,10.75,S
2021-06-15T13:29:51,900.0,10.8,B
2021-06-15T13:29:48,900.0,10.8,B
2021-06-15T13:29:45,900.0,10.8,B
2021-06-15T13:29:44,9000.0,10.8,B
2021-06-15T13:29:39,100.0,10.8,B
2021-06-15T13:29:39,800.0,10.8,B
2021-06-15T13:29:37,1000.0,10.75,S
2021-06-15T13:29:33,900.0,10.8,B
2021-06-15T13:29:32,200.0,10.8,B
2021-06-15T13:29:26,900.0,10.8,B
2021-06-15T13:29:22,500.0,10.75,S
2021-06-15T13:29:20,900.0,10.8,B
2021-06-15T13:29:13,900.0,10.8,B
2021-06-15T13:29:07,900.0,10.8,B
2021-06-15T13:28:59,900.0,10.8,B
2021-06-15T13:28:54,900.0,10.8,B
2021-06-15T13:28:51,4000.0,10.8,B
2021-06-15T13:28:48,900.0,10.8,B
2021-06-15T13:28:45,400.0,10.8,B
2021-06-15T13:28:42,800.0,10.8,B
2021-06-15T13:28:42,900.0,10.8,B
2021-06-15T13:28:41,3100.0,10.75,S
2021-06-15T13:28:41,7100.0,10.75,S
2021-06-15T13:28:41,10000.0,10.75,S
2021-06-15T13:28:40,11000.0,10.75,S
2021-06-15T13:28:40,5000.0,10.75,S
2021-06-15T13:28:40,1100.0,10.75,S
2021-06-15T13:28:40,10000.0,10.75,S
2021-06-15T13:28:40,12000.0,10.75,S
2021-06-15T13:28:40,1500.0,10.75,S
2021-06-15T13:28:40,3300.0,10.75,S
2021-06-15T13:28:40,500.0,10.75,S
2021-06-15T13:28:40,3200.0,10.75,S
2021-06-15T13:28:40,1200.0,10.75,S
2021-06-15T13:28:40,1300.0,10.75,S
2021-06-15T13:28:40,6300.0,10.75,S
2021-06-15T13:28:40,23400.0,10.75,S
2021-06-15T13:28:39,200.0,10.8,B
2021-06-15T13:28:38,900.0,10.8,B
2021-06-15T13:28:34,900.0,10.8,B
2021-06-15T13:28:32,10900.0,10.8,B
2021-06-15T13:28:28,900.0,10.8,B
2021-06-15T13:28:27,1000.0,10.8,B
2021-06-15T13:28:26,200.0,10.8,B
2021-06-15T13:28:24,900.0,10.8,B
2021-06-15T13:28:22,1000.0,10.75,S
2021-06-15T13:28:21,1900.0,10.75,S
2021-06-15T13:28:19,900.0,10.8,B
2021-06-15T13:28:16,900.0,10.8,B
2021-06-15T13:28:15,1200.0,10.8,B
2021-06-15T13:28:15,8800.0,10.8,B
2021-06-15T13:28:13,900.0,10.8,B
2021-06-15T13:28:10,900.0,10.8,B
2021-06-15T13:28:09,4000.0,10.8,B
2021-06-15T13:27:59,900.0,10.8,B
2021-06-15T13:27:59,1000.0,10.8,B
2021-06-15T13:27:55,900.0,10.8,B
2021-06-15T13:27:50,900.0,10.8,B
2021-06-15T13:27:43,3000.0,10.75,S
2021-06-15T13:27:42,900.0,10.8,B
2021-06-15T13:27:42,43400.0,10.8,B
2021-06-15T13:27:41,1900.0,10.8,B
2021-06-15T13:27:41,500.0,10.8,B
2021-06-15T13:27:41,6600.0,10.8,B
2021-06-15T13:27:41,1000.0,10.8,B
2021-06-15T13:27:41,200.0,10.8,B
2021-06-15T13:27:41,1500.0,10.8,B
2021-06-15T13:27:41,2600.0,10.8,B
2021-06-15T13:27:41,3000.0,10.8,B
2021-06-15T13:27:41,5700.0,10.8,B
2021-06-15T13:27:41,13600.0,10.8,B
2021-06-15T13:27:41,500.0,10.8,B
2021-06-15T13:27:41,400.0,10.8,B
2021-06-15T13:27:41,13000.0,10.8,B
2021-06-15T13:27:41,400.0,10.8,B
2021-06-15T13:27:41,500.0,10.8,B
2021-06-15T13:27:41,4600.0,10.8,B
2021-06-15T13:27:41,600.0,10.8,B
2021-06-15T13:27:35,900.0,10.8,B
2021-06-15T13:27:28,100.0,10.8,B
2021-06-15T13:27:22,900.0,10.8,B
2021-06-15T13:27:20,200.0,10.8,B
2021-06-15T13:27:16,200.0,10.8,B
2021-06-15T13:27:16,600.0,10.8,B
2021-06-15T13:27:16,100.0,10.8,B
2021-06-15T13:27:09,1000.0,10.8,B
2021-06-15T13:27:08,900.0,10.8,B
2021-06-15T13:27:03,900.0,10.8,B
2021-06-15T13:26:58,900.0,10.8,B
2021-06-15T13:26:54,1000.0,10.8,B
2021-06-15T13:26:54,900.0,10.8,B
2021-06-15T13:26:48,900.0,10.8,B
2021-06-15T13:26:45,900.0,10.8,B
2021-06-15T13:26:39,5500.0,10.8,B
2021-06-15T13:26:39,2000.0,10.8,B
2021-06-15T13:26:39,600.0,10.8,B
2021-06-15T13:26:39,1300.0,10.8,B
2021-06-15T13:26:35,2700.0,10.8,B
2021-06-15T13:26:35,10000.0,10.75,S
2021-06-15T13:26:34,900.0,10.8,B
2021-06-15T13:26:34,5000.0,10.75,S
2021-06-15T13:26:30,900.0,10.8,B
2021-06-15T13:26:26,200.0,10.8,B
2021-06-15T13:26:24,700.0,10.8,B
2021-06-15T13:26:24,2000.0,10.75,S
2021-06-15T13:26:22,300.0,10.8,B
2021-06-15T13:26:22,600.0,10.8,B
2021-06-15T13:26:20,100.0,10.8,B
2021-06-15T13:26:16,300.0,10.8,B
2021-06-15T13:26:16,600.0,10.8,B
2021-06-15T13:26:10,900.0,10.8,B
2021-06-15T13:26:06,900.0,10.8,B
2021-06-15T13:25:59,900.0,10.8,B
2021-06-15T13:25:56,1000.0,10.8,B
2021-06-15T13:25:53,700.0,10.8,B
2021-06-15T13:25:53,200.0,10.8,B
2021-06-15T13:25:49,900.0,10.8,B
2021-06-15T13:25:45,900.0,10.8,B
2021-06-15T13:25:36,100.0,10.8,B
2021-06-15T13:25:34,900.0,10.8,B
2021-06-15T13:25:29,900.0,10.8,B
2021-06-15T13:25:27,1000.0,10.75,S
2021-06-15T13:25:25,900.0,10.8,B
2021-06-15T13:25:17,900.0,10.8,B
2021-06-15T13:25:17,1000.0,10.75,S
2021-06-15T13:25:12,900.0,10.8,B
2021-06-15T13:25:08,900.0,10.8,B
2021-06-15T13:25:01,900.0,10.8,B
2021-06-15T13:24:56,900.0,10.8,B
2021-06-15T13:24:52,500.0,10.75,S
2021-06-15T13:24:50,1500.0,10.8,B
2021-06-15T13:24:47,900.0,10.8,B
2021-06-15T13:24:44,50000.0,10.75,S
2021-06-15T13:24:43,900.0,10.8,B
2021-06-15T13:24:42,600.0,10.75,S
2021-06-15T13:24:42,400.0,10.8,B
2021-06-15T13:24:38,900.0,10.8,B
2021-06-15T13:24:34,200.0,10.75,S
2021-06-15T13:24:34,900.0,10.8,B
2021-06-15T13:24:32,700.0,10.8,B
2021-06-15T13:24:31,900.0,10.8,B
2021-06-15T13:24:28,900.0,10.8,B
2021-06-15T13:24:26,1600.0,10.75,S
2021-06-15T13:24:24,100.0,10.8,B
2021-06-15T13:24:23,1900.0,10.8,B
2021-06-15T13:24:19,10000.0,10.8,B
2021-06-15T13:24:18,900.0,10.8,B
2021-06-15T13:24:15,500.0,10.8,B
2021-06-15T13:24:14,100.0,10.8,B
2021-06-15T13:24:14,900.0,10.8,B
2021-06-15T13:24:08,200.0,10.8,B
2021-06-15T13:24:08,700.0,10.8,B
2021-06-15T13:24:00,900.0,10.8,B
2021-06-15T13:23:54,1000.0,10.75,S
2021-06-15T13:23:53,8200.0,10.75,S
2021-06-15T13:23:53,1500.0,10.75,S
2021-06-15T13:23:53,10300.0,10.75,S
2021-06-15T13:23:52,900.0,10.8,B
2021-06-15T13:23:46,900.0,10.8,B
2021-06-15T13:23:42,500.0,10.75,S
2021-06-15T13:23:40,900.0,10.8,B
2021-06-15T13:23:34,900.0,10.8,B
2021-06-15T13:23:27,900.0,10.8,B
2021-06-15T13:23:24,900.0,10.8,B
2021-06-15T13:23:22,30000.0,10.8,B
2021-06-15T13:23:19,900.0,10.8,B
2021-06-15T13:23:14,200.0,10.8,B
2021-06-15T13:23:10,700.0,10.8,B
2021-06-15T13:23:10,200.0,10.8,B
2021-06-15T13:23:08,1200.0,10.8,B
2021-06-15T13:23:08,400.0,10.8,B
2021-06-15T13:23:07,1000.0,10.75,S
2021-06-15T13:23:06,1000.0,10.8,B
2021-06-15T13:23:06,300.0,10.8,B
2021-06-15T13:23:06,300.0,10.8,B
2021-06-15T13:23:06,300.0,10.8,B
2021-06-15T13:23:01,900.0,10.8,B
2021-06-15T13:22:58,1000.0,10.8,B
2021-06-15T13:22:57,100.0,10.8,B
2021-06-15T13:22:55,900.0,10.8,B
2021-06-15T13:22:54,20000.0,10.8,B
2021-06-15T13:22:51,3000.0,10.8,B
2021-06-15T13:22:50,900.0,10.8,B
2021-06-15T13:22:46,900.0,10.8,B
2021-06-15T13:22:43,200.0,10.8,B
2021-06-15T13:22:41,900.0,10.8,B
2021-06-15T13:22:38,900.0,10.8,B
2021-06-15T13:22:34,900.0,10.8,B
2021-06-15T13:22:31,1000.0,10.8,B
2021-06-15T13:22:29,900.0,10.8,B
2021-06-15T13:22:25,900.0,10.8,B
2021-06-15T13:22:19,900.0,10.8,B
2021-06-15T13:22:17,900.0,10.8,B
2021-06-15T13:22:15,100.0,10.8,B
2021-06-15T13:22:15,900.0,10.8,B
2021-06-15T13:22:11,900.0,10.8,B
2021-06-15T13:22:08,900.0,10.8,B
2021-06-15T13:22:04,500.0,10.75,S
2021-06-15T13:22:01,900.0,10.8,B
2021-06-15T13:21:55,900.0,10.8,B
2021-06-15T13:21:50,900.0,10.8,B
2021-06-15T13:21:45,900.0,10.8,B
2021-06-15T13:21:40,600.0,10.8,B
2021-06-15T13:21:38,900.0,10.8,B
2021-06-15T13:21:35,900.0,10.8,B
2021-06-15T13:21:33,1000.0,10.75,S
2021-06-15T13:21:31,900.0,10.8,B
2021-06-15T13:21:25,900.0,10.8,B
2021-06-15T13:21:12,900.0,10.8,B
2021-06-15T13:21:06,900.0,10.8,B
2021-06-15T13:20:58,900.0,10.8,B
2021-06-15T13:20:54,900.0,10.8,B
2021-06-15T13:20:54,300.0,10.8,B
2021-06-15T13:20:52,1000.0,10.8,B
2021-06-15T13:20:49,900.0,10.8,B
2021-06-15T13:20:49,1000.0,10.75,S
2021-06-15T13:20:44,200.0,10.8,B
2021-06-15T13:20:44,700.0,10.8,B
2021-06-15T13:20:40,900.0,10.8,B
2021-06-15T13:20:37,100.0,10.8,B
2021-06-15T13:20:36,800.0,10.8,B
2021-06-15T13:20:25,900.0,10.8,B
2021-06-15T13:20:20,900.0,10.8,B
2021-06-15T13:20:11,900.0,10.8,B
2021-06-15T13:20:00,900.0,10.8,B
2021-06-15T13:19:57,900.0,10.8,B
2021-06-15T13:19:50,900.0,10.8,B
2021-06-15T13:19:46,1200.0,10.8,B
2021-06-15T13:19:44,900.0,10.8,B
2021-06-15T13:19:38,400.0,10.75,S
2021-06-15T13:19:37,2000.0,10.75,S
2021-06-15T13:19:36,900.0,10.8,B
2021-06-15T13:19:31,900.0,10.8,B
2021-06-15T13:19:30,1000.0,10.8,B
2021-06-15T13:19:26,900.0,10.8,B
2021-06-15T13:19:24,400.0,10.75,S
2021-06-15T13:19:22,900.0,10.8,B
2021-06-15T13:19:14,900.0,10.8,B
2021-06-15T13:19:12,35000.0,10.8,B
2021-06-15T13:19:11,900.0,10.75,B
2021-06-15T13:19:07,1000.0,10.75,B
2021-06-15T13:19:05,900.0,10.75,B
2021-06-15T13:19:04,300.0,10.75,B
2021-06-15T13:19:01,900.0,10.75,B
2021-06-15T13:18:58,400.0,10.75,B
2021-06-15T13:18:58,1800.0,10.75,B
2021-06-15T13:18:57,900.0,10.75,B
2021-06-15T13:18:54,5000.0,10.75,B
2021-06-15T13:18:54,500.0,10.75,B
2021-06-15T13:18:53,900.0,10.75,B
2021-06-15T13:18:47,900.0,10.75,B
2021-06-15T13:18:45,500.0,10.75,B
2021-06-15T13:18:42,900.0,10.75,B
2021-06-15T13:18:39,900.0,10.75,B
2021-06-15T13:18:36,400.0,10.75,B
2021-06-15T13:18:36,900.0,10.75,B
2021-06-15T13:18:33,100000.0,10.75,B
2021-06-15T13:18:33,1100.0,10.75,B
2021-06-15T13:18:32,900.0,10.75,B
2021-06-15T13:18:32,200.0,10.7,S
2021-06-15T13:18:28,900.0,10.75,B
2021-06-15T13:18:22,900.0,10.75,B
2021-06-15T13:18:16,200.0,10.75,B
2021-06-15T13:18:15,900.0,10.75,B
2021-06-15T13:18:12,100.0,10.75,B
2021-06-15T13:18:11,800.0,10.75,B
2021-06-15T13:18:07,900.0,10.75,B
2021-06-15T13:18:03,900.0,10.75,B
2021-06-15T13:18:01,2000.0,10.75,B
2021-06-15T13:17:59,7900.0,10.75,B
2021-06-15T13:17:56,900.0,10.75,B
2021-06-15T13:17:47,900.0,10.75,B
2021-06-15T13:17:47,1000.0,10.75,B
2021-06-15T13:17:42,900.0,10.75,B
2021-06-15T13:17:34,100.0,10.75,B
2021-06-15T13:17:34,900.0,10.75,B
2021-06-15T13:17:33,600.0,10.75,B
2021-06-15T13:17:26,900.0,10.75,B
2021-06-15T13:17:22,900.0,10.75,B
2021-06-15T13:17:18,900.0,10.75,B
2021-06-15T13:17:17,3000.0,10.75,B
2021-06-15T13:17:13,900.0,10.75,B
2021-06-15T13:17:10,900.0,10.75,B
2021-06-15T13:17:03,900.0,10.75,B
2021-06-15T13:17:00,500.0,10.75,B
2021-06-15T13:16:59,900.0,10.75,B
2021-06-15T13:16:58,1000.0,10.75,B
2021-06-15T13:16:56,900.0,10.75,B
2021-06-15T13:16:53,900.0,10.75,B
2021-06-15T13:16:49,3000.0,10.75,B
2021-06-15T13:16:45,900.0,10.75,B
2021-06-15T13:16:42,900.0,10.75,B
2021-06-15T13:16:37,600.0,10.75,B
2021-06-15T13:16:37,900.0,10.75,B
2021-06-15T13:16:32,900.0,10.75,B
2021-06-15T13:16:26,1200.0,10.75,B
2021-06-15T13:16:22,900.0,10.75,B
2021-06-15T13:16:14,5000.0,10.75,B
2021-06-15T13:16:12,900.0,10.75,B
2021-06-15T13:16:05,900.0,10.75,B
2021-06-15T13:15:57,900.0,10.75,B
2021-06-15T13:15:55,100.0,10.75,B
2021-06-15T13:15:52,400.0,10.75,B
2021-06-15T13:15:52,900.0,10.75,B
2021-06-15T13:15:51,11900.0,10.75,B
2021-06-15T13:15:46,1800.0,10.75,B
2021-06-15T13:15:46,900.0,10.75,B
2021-06-15T13:15:41,900.0,10.75,B
2021-06-15T13:15:40,2300.0,10.7,S
2021-06-15T13:15:39,2000.0,10.75,B
2021-06-15T13:15:37,500.0,10.75,B
2021-06-15T13:15:36,900.0,10.75,B
2021-06-15T13:15:32,2100.0,10.7,S
2021-06-15T13:15:32,100.0,10.7,S
2021-06-15T13:15:32,1600.0,10.7,S
2021-06-15T13:15:32,1400.0,10.7,S
2021-06-15T13:15:32,200.0,10.7,S
2021-06-15T13:15:32,800.0,10.7,S
2021-06-15T13:15:32,6700.0,10.7,S
2021-06-15T13:15:32,3100.0,10.7,S
2021-06-15T13:15:32,2300.0,10.7,S
2021-06-15T13:15:32,300.0,10.7,S
2021-06-15T13:15:32,6400.0,10.7,S
2021-06-15T13:15:32,900.0,10.75,B
2021-06-15T13:15:31,2400.0,10.75,B
2021-06-15T13:15:27,900.0,10.75,B
2021-06-15T13:15:23,900.0,10.75,B
2021-06-15T13:15:16,200.0,10.75,B
2021-06-15T13:15:16,900.0,10.75,B
2021-06-15T13:15:12,900.0,10.75,B
2021-06-15T13:15:07,20100.0,10.75,B
2021-06-15T13:15:05,900.0,10.75,B
2021-06-15T13:15:02,2000.0,10.75,B
2021-06-15T13:15:02,900.0,10.75,B
2021-06-15T13:14:59,1100.0,10.75,B
2021-06-15T13:14:57,400.0,10.75,B
2021-06-15T13:14:56,900.0,10.75,B
2021-06-15T13:14:50,900.0,10.75,B
2021-06-15T13:14:43,900.0,10.75,B
2021-06-15T13:14:37,900.0,10.75,B
2021-06-15T13:14:37,100.0,10.75,B
2021-06-15T13:14:32,900.0,10.75,B
2021-06-15T13:14:26,900.0,10.75,B
2021-06-15T13:14:21,900.0,10.75,B
2021-06-15T13:14:14,900.0,10.75,B
2021-06-15T13:14:13,2000.0,10.75,B
2021-06-15T13:14:10,5000.0,10.75,B
2021-06-15T13:14:10,900.0,10.75,B
2021-06-15T13:14:10,3000.0,10.75,B
2021-06-15T13:14:02,900.0,10.75,B
2021-06-15T13:13:59,500.0,10.75,B
2021-06-15T13:13:59,900.0,10.75,B
2021-06-15T13:13:51,200.0,10.75,B
2021-06-15T13:13:50,15900.0,10.75,B
2021-06-15T13:13:48,300.0,10.75,B
2021-06-15T13:13:43,900.0,10.75,S
2021-06-15T13:13:37,900.0,10.75,S
2021-06-15T13:13:34,2000.0,10.75,S
2021-06-15T13:13:32,900.0,10.75,S
2021-06-15T13:13:29,700.0,10.75,S
2021-06-15T13:13:26,900.0,10.75,S
2021-06-15T13:13:22,900.0,10.75,S
2021-06-15T13:13:18,10000.0,10.75,S
2021-06-15T13:13:17,5000.0,10.75,S
2021-06-15T13:13:14,900.0,10.75,S
2021-06-15T13:13:10,900.0,10.75,S
2021-06-15T13:13:05,900.0,10.75,S
2021-06-15T13:13:04,2200.0,10.75,S
2021-06-15T13:13:02,900.0,10.75,S
2021-06-15T13:12:58,900.0,10.8,B
2021-06-15T13:12:55,900.0,10.8,B
2021-06-15T13:12:46,900.0,10.8,B
2021-06-15T13:12:38,700.0,10.8,B
2021-06-15T13:12:38,100.0,10.75,S
2021-06-15T13:12:37,100.0,10.75,S
2021-06-15T13:12:32,900.0,10.75,S
2021-06-15T13:12:31,3000.0,10.75,S
2021-06-15T13:12:26,900.0,10.75,S
2021-06-15T13:12:19,900.0,10.75,S
2021-06-15T13:12:14,900.0,10.75,S
2021-06-15T13:12:11,400.0,10.75,S
2021-06-15T13:12:09,1000.0,10.7,S
2021-06-15T13:12:09,900.0,10.75,S
2021-06-15T13:12:01,1000.0,10.75,S
2021-06-15T13:11:59,900.0,10.75,S
2021-06-15T13:11:59,1200.0,10.75,S
2021-06-15T13:11:55,400.0,10.75,S
2021-06-15T13:11:55,500.0,10.75,S
2021-06-15T13:11:54,500.0,10.75,S
2021-06-15T13:11:50,900.0,10.75,S
2021-06-15T13:11:47,700.0,10.75,S
2021-06-15T13:11:45,900.0,10.75,S
2021-06-15T13:11:36,900.0,10.75,S
2021-06-15T13:11:36,5000.0,10.75,S
2021-06-15T13:11:30,3000.0,10.75,S
2021-06-15T13:11:30,700.0,10.75,S
2021-06-15T13:11:30,1300.0,10.75,S
2021-06-15T13:11:29,900.0,10.8,B
2021-06-15T13:11:21,900.0,10.8,B
2021-06-15T13:11:14,900.0,10.8,B
2021-06-15T13:11:07,900.0,10.8,B
2021-06-15T13:11:03,900.0,10.8,B
2021-06-15T13:10:57,900.0,10.8,B
2021-06-15T13:10:51,900.0,10.8,B
2021-06-15T13:10:45,900.0,10.8,B
2021-06-15T13:10:40,900.0,10.8,B
2021-06-15T13:10:37,100.0,10.75,S
2021-06-15T13:10:35,900.0,10.75,S
2021-06-15T13:10:31,900.0,10.8,B
2021-06-15T13:10:31,9600.0,10.75,S
2021-06-15T13:10:27,900.0,10.8,B
2021-06-15T13:10:22,900.0,10.8,B
2021-06-15T13:10:21,1000.0,10.8,B
2021-06-15T13:10:16,900.0,10.8,B
2021-06-15T13:10:08,900.0,10.8,B
2021-06-15T13:10:06,900.0,10.8,B
2021-06-15T13:10:00,900.0,10.8,B
2021-06-15T13:09:55,900.0,10.8,B
2021-06-15T13:09:50,900.0,10.8,B
2021-06-15T13:09:46,900.0,10.8,B
2021-06-15T13:09:45,1000.0,10.8,B
2021-06-15T13:09:42,5000.0,10.75,S
2021-06-15T13:09:41,900.0,10.8,B
2021-06-15T13:09:37,6000.0,10.75,S
2021-06-15T13:09:34,900.0,10.8,B
2021-06-15T13:09:31,3000.0,10.75,S
2021-06-15T13:09:30,200.0,10.75,S
2021-06-15T13:09:30,200.0,10.75,S
2021-06-15T13:09:28,900.0,10.75,S
2021-06-15T13:09:24,200.0,10.75,S
2021-06-15T13:09:24,900.0,10.75,S
2021-06-15T13:09:21,900.0,10.75,S
2021-06-15T13:09:18,500.0,10.75,S
2021-06-15T13:09:16,900.0,10.75,S
2021-06-15T13:09:14,100.0,10.75,S
2021-06-15T13:09:14,500.0,10.75,S
2021-06-15T13:09:12,900.0,10.8,B
2021-06-15T13:09:06,700.0,10.8,B
2021-06-15T13:09:06,900.0,10.8,B
2021-06-15T13:09:03,1000.0,10.75,S
2021-06-15T13:09:01,1600.0,10.75,S
2021-06-15T13:09:00,1000.0,10.75,S
2021-06-15T13:08:59,900.0,10.75,S
2021-06-15T13:08:57,100.0,10.75,S
2021-06-15T13:08:55,400.0,10.75,S
2021-06-15T13:08:49,900.0,10.75,S
2021-06-15T13:08:41,900.0,10.75,S
2021-06-15T13:08:41,1000.0,10.75,S
2021-06-15T13:08:36,5000.0,10.75,S
2021-06-15T13:08:35,900.0,10.75,S
2021-06-15T13:08:32,1800.0,10.75,S
2021-06-15T13:08:29,2000.0,10.75,S
2021-06-15T13:08:29,900.0,10.75,S
2021-06-15T13:08:28,400.0,10.75,S
2021-06-15T13:08:24,900.0,10.75,S
2021-06-15T13:08:23,1000.0,10.75,S
2021-06-15T13:08:22,100.0,10.75,S
2021-06-15T13:08:20,900.0,10.75,S
2021-06-15T13:08:16,900.0,10.8,B
2021-06-15T13:08:11,900.0,10.8,B
2021-06-15T13:08:05,800.0,10.8,B
2021-06-15T13:08:05,100.0,10.75,S
2021-06-15T13:08:02,900.0,10.75,S
2021-06-15T13:07:55,900.0,10.8,B
2021-06-15T13:07:55,200.0,10.75,S
2021-06-15T13:07:53,500.0,10.8,B
2021-06-15T13:07:52,900.0,10.8,B
2021-06-15T13:07:52,79600.0,10.7,S
2021-06-15T13:07:52,500.0,10.7,S
2021-06-15T13:07:52,3300.0,10.7,S
2021-06-15T13:07:52,600.0,10.7,S
2021-06-15T13:07:52,100.0,10.7,S
2021-06-15T13:07:52,7200.0,10.7,S
2021-06-15T13:07:52,1800.0,10.7,S
2021-06-15T13:07:52,52500.0,10.7,S
2021-06-15T13:07:51,3000.0,10.7,S
2021-06-15T13:07:51,3000.0,10.7,S
2021-06-15T13:07:51,1600.0,10.7,S
2021-06-15T13:07:51,600.0,10.7,S
2021-06-15T13:07:51,85100.0,10.7,S
2021-06-15T13:07:51,11500.0,10.7,S
2021-06-15T13:07:51,800.0,10.7,S
2021-06-15T13:07:51,100600.0,10.7,S
2021-06-15T13:07:51,300.0,10.7,S
2021-06-15T13:07:51,6400.0,10.7,S
2021-06-15T13:07:51,800.0,10.7,S
2021-06-15T13:07:50,10700.0,10.7,S
2021-06-15T13:07:50,10100.0,10.7,S
2021-06-15T13:07:50,2400.0,10.7,S
2021-06-15T13:07:50,2200.0,10.7,S
2021-06-15T13:07:50,300.0,10.7,S
2021-06-15T13:07:50,600.0,10.7,S
2021-06-15T13:07:50,800.0,10.7,S
2021-06-15T13:07:50,4700.0,10.7,S
2021-06-15T13:07:50,1800.0,10.7,S
2021-06-15T13:07:50,1000.0,10.7,S
2021-06-15T13:07:50,100.0,10.7,S
2021-06-15T13:07:50,10500.0,10.7,S
2021-06-15T13:07:50,2200.0,10.7,S
2021-06-15T13:07:50,1300.0,10.7,S
2021-06-15T13:07:50,2900.0,10.7,S
2021-06-15T13:07:49,1200.0,10.7,S
2021-06-15T13:07:49,6100.0,10.7,S
2021-06-15T13:07:49,1100.0,10.7,S
2021-06-15T13:07:49,1000.0,10.7,S
2021-06-15T13:07:49,1900.0,10.7,S
2021-06-15T13:07:49,3100.0,10.7,S
2021-06-15T13:07:49,11300.0,10.7,S
2021-06-15T13:07:49,50300.0,10.7,S
2021-06-15T13:07:49,2100.0,10.7,S
2021-06-15T13:07:49,3100.0,10.7,S
2021-06-15T13:07:49,200.0,10.7,S
2021-06-15T13:07:49,1000.0,10.7,S
2021-06-15T13:07:49,2000.0,10.7,S
2021-06-15T13:07:49,10000.0,10.7,S
2021-06-15T13:07:49,1100.0,10.7,S
2021-06-15T13:07:49,2900.0,10.7,S
2021-06-15T13:07:49,26800.0,10.7,S
2021-06-15T13:07:49,9400.0,10.7,S
2021-06-15T13:07:49,3100.0,10.7,S
2021-06-15T13:07:48,1900.0,10.7,S
2021-06-15T13:07:48,800.0,10.7,S
2021-06-15T13:07:48,1000.0,10.7,S
2021-06-15T13:07:48,100.0,10.7,S
2021-06-15T13:07:48,3000.0,10.7,S
2021-06-15T13:07:48,7100.0,10.7,S
2021-06-15T13:07:48,3200.0,10.7,S
2021-06-15T13:07:48,11400.0,10.7,S
2021-06-15T13:07:48,5000.0,10.7,S
2021-06-15T13:07:48,1500.0,10.7,S
2021-06-15T13:07:48,100.0,10.7,S
2021-06-15T13:07:48,1200.0,10.7,S
2021-06-15T13:07:48,3500.0,10.7,S
2021-06-15T13:07:48,4300.0,10.7,S
2021-06-15T13:07:48,1500.0,10.7,S
2021-06-15T13:07:48,1800.0,10.7,S
2021-06-15T13:07:48,1200.0,10.7,S
2021-06-15T13:07:47,102800.0,10.7,S
2021-06-15T13:07:41,900.0,10.8,B
2021-06-15T13:07:32,900.0,10.8,B
2021-06-15T13:07:28,2300.0,10.75,S
2021-06-15T13:07:27,900.0,10.75,S
2021-06-15T13:07:25,5000.0,10.75,S
2021-06-15T13:07:23,800.0,10.75,S
2021-06-15T13:07:22,900.0,10.75,S
2021-06-15T13:07:21,1500.0,10.75,S
2021-06-15T13:07:18,7000.0,10.75,S
2021-06-15T13:07:17,600.0,10.75,S
2021-06-15T13:07:16,900.0,10.75,S
2021-06-15T13:07:12,1000.0,10.75,S
2021-06-15T13:07:11,900.0,10.75,S
2021-06-15T13:07:06,10500.0,10.75,S
2021-06-15T13:07:06,3200.0,10.75,S
2021-06-15T13:07:05,900.0,10.8,B
2021-06-15T13:07:04,3500.0,10.75,S
2021-06-15T13:07:01,1900.0,10.8,B
2021-06-15T13:06:58,4300.0,10.75,S
2021-06-15T13:06:58,5000.0,10.8,B
2021-06-15T13:06:55,900.0,10.8,B
2021-06-15T13:06:49,900.0,10.8,B
2021-06-15T13:06:43,900.0,10.8,B
2021-06-15T13:06:39,900.0,10.8,B
2021-06-15T13:06:35,1000.0,10.75,S
2021-06-15T13:06:31,900.0,10.8,B
2021-06-15T13:06:28,100.0,10.8,B
2021-06-15T13:06:28,800.0,10.8,B
2021-06-15T13:06:21,900.0,10.8,B
2021-06-15T13:06:15,900.0,10.8,B
2021-06-15T13:06:11,800.0,10.75,S
2021-06-15T13:06:11,900.0,10.8,B
2021-06-15T13:06:07,1000.0,10.8,B
2021-06-15T13:06:05,900.0,10.8,B
2021-06-15T13:05:59,900.0,10.8,B
2021-06-15T13:05:56,200.0,10.8,B
2021-06-15T13:05:50,900.0,10.8,B
2021-06-15T13:05:48,900.0,10.8,B
2021-06-15T13:05:48,10500.0,10.8,B
2021-06-15T13:05:48,1000.0,10.8,B
2021-06-15T13:05:48,8200.0,10.8,B
2021-06-15T13:05:48,4400.0,10.8,B
2021-06-15T13:05:47,25900.0,10.8,B
2021-06-15T13:05:42,900.0,10.8,B
2021-06-15T13:05:38,900.0,10.8,B
2021-06-15T13:05:34,500.0,10.8,B
2021-06-15T13:05:34,400.0,10.8,B
2021-06-15T13:05:33,900.0,10.8,B
2021-06-15T13:05:33,600.0,10.8,B
2021-06-15T13:05:29,900.0,10.8,B
2021-06-15T13:05:22,600.0,10.8,B
2021-06-15T13:05:22,600.0,10.8,B
2021-06-15T13:05:19,4400.0,10.8,B
2021-06-15T13:05:19,600.0,10.8,B
2021-06-15T13:05:18,44000.0,10.75,S
2021-06-15T13:05:17,900.0,10.8,B
2021-06-15T13:05:17,10000.0,10.8,B
2021-06-15T13:05:15,2000.0,10.8,B
2021-06-15T13:05:15,36000.0,10.8,B
2021-06-15T13:05:15,13100.0,10.8,B
2021-06-15T13:05:15,900.0,10.8,B
2021-06-15T13:05:11,100.0,10.8,B
2021-06-15T13:05:11,800.0,10.8,B
2021-06-15T13:05:07,900.0,10.8,B
2021-06-15T13:05:04,2000.0,10.75,S
2021-06-15T13:05:04,1100.0,10.75,S
2021-06-15T13:05:03,500.0,10.75,S
2021-06-15T13:05:02,900.0,10.8,B
2021-06-15T13:04:56,1000.0,10.8,B
2021-06-15T13:04:55,900.0,10.8,B
2021-06-15T13:04:47,900.0,10.8,B
2021-06-15T13:04:42,1000.0,10.8,B
2021-06-15T13:04:38,13000.0,10.8,B
2021-06-15T13:04:38,1000.0,10.8,B
2021-06-15T13:04:37,100.0,10.75,S
2021-06-15T13:04:31,1000.0,10.8,B
2021-06-15T13:04:26,1000.0,10.8,B
2021-06-15T13:04:22,10000.0,10.75,S
2021-06-15T13:04:21,1000.0,10.8,B
2021-06-15T13:04:20,1100.0,10.75,S
2021-06-15T13:04:16,1000.0,10.8,B
2021-06-15T13:04:10,1000.0,10.8,B
2021-06-15T13:04:06,1000.0,10.8,B
2021-06-15T13:03:57,1000.0,10.8,B
2021-06-15T13:03:51,1000.0,10.8,B
2021-06-15T13:03:44,1000.0,10.8,B
2021-06-15T13:03:44,1100.0,10.8,B
2021-06-15T13:03:44,4000.0,10.8,B
2021-06-15T13:03:43,1000.0,10.8,B
2021-06-15T13:03:38,1000.0,10.8,B
2021-06-15T13:03:33,1000.0,10.8,B
2021-06-15T13:03:32,200.0,10.8,B
2021-06-15T13:03:31,1000.0,10.8,B
2021-06-15T13:03:27,1000.0,10.8,B
2021-06-15T13:03:24,1000.0,10.8,B
2021-06-15T13:03:19,1000.0,10.8,B
2021-06-15T13:03:16,1000.0,10.8,B
2021-06-15T13:03:13,1000.0,10.8,B
2021-06-15T13:03:08,1000.0,10.8,B
2021-06-15T13:03:06,200.0,10.8,B
2021-06-15T13:03:06,1000.0,10.8,B
2021-06-15T13:03:04,100.0,10.8,B
2021-06-15T13:03:03,1000.0,10.8,B
2021-06-15T13:02:57,1000.0,10.8,B
2021-06-15T13:02:53,1000.0,10.8,B
2021-06-15T13:02:52,100.0,10.8,B
2021-06-15T13:02:50,1000.0,10.8,B
2021-06-15T13:02:47,1000.0,10.8,B
2021-06-15T13:02:45,1000.0,10.8,B
2021-06-15T13:02:43,1000.0,10.8,B
2021-06-15T13:02:40,5900.0,10.8,B
2021-06-15T13:02:40,1000.0,10.8,B
2021-06-15T13:02:37,18700.0,10.8,B
2021-06-15T13:02:35,1000.0,10.75,S
2021-06-15T13:02:34,1000.0,10.75,S
2021-06-15T13:02:31,1000.0,10.75,S
2021-06-15T13:02:29,1000.0,10.75,S
2021-06-15T13:02:27,2000.0,10.75,S
2021-06-15T13:02:25,1000.0,10.75,S
2021-06-15T13:02:24,18900.0,10.75,S
2021-06-15T13:02:23,1000.0,10.75,S
2021-06-15T13:02:20,2300.0,10.75,S
2021-06-15T13:02:16,1100.0,10.75,S
2021-06-15T13:02:13,100.0,10.75,S
2021-06-15T13:02:12,100.0,10.75,S
2021-06-15T13:02:11,100.0,10.75,S
2021-06-15T13:02:08,200.0,10.75,S
2021-06-15T13:02:07,1000.0,10.75,S
2021-06-15T13:02:06,100.0,10.75,S
2021-06-15T13:02:04,20000.0,10.75,S
2021-06-15T13:02:02,1000.0,10.75,S
2021-06-15T13:02:02,2400.0,10.75,S
2021-06-15T13:02:02,2300.0,10.75,S
2021-06-15T13:02:02,900.0,10.75,S
2021-06-15T13:02:02,1400.0,10.75,S
2021-06-15T13:02:02,31000.0,10.75,S
2021-06-15T13:02:02,6500.0,10.75,S
2021-06-15T13:02:02,60000.0,10.75,S
2021-06-15T13:02:02,6000.0,10.75,S
2021-06-15T13:02:02,4000.0,10.75,S
2021-06-15T13:02:02,17900.0,10.75,S
2021-06-15T13:02:01,200.0,10.8,B
2021-06-15T13:01:53,1000.0,10.8,B
2021-06-15T13:01:52,100.0,10.8,B
2021-06-15T13:01:52,800.0,10.8,B
2021-06-15T13:01:48,10000.0,10.8,B
2021-06-15T13:01:44,1500.0,10.8,B
2021-06-15T13:01:34,100.0,10.75,S
2021-06-15T13:01:32,1000.0,10.8,B
2021-06-15T13:01:13,1000.0,10.8,B
2021-06-15T13:01:09,500.0,10.8,B
2021-06-15T13:01:07,1000.0,10.8,B
2021-06-15T13:01:05,3000.0,10.75,S
2021-06-15T13:01:04,1000.0,10.8,B
2021-06-15T13:00:39,100.0,10.8,B
2021-06-15T13:00:39,200.0,10.8,B
2021-06-15T13:00:38,100.0,10.8,B
2021-06-15T13:00:38,500.0,10.8,B
2021-06-15T13:00:38,200.0,10.8,B
2021-06-15T13:00:37,600.0,10.8,B
2021-06-15T13:00:37,100.0,10.8,B
2021-06-15T13:00:37,1000.0,10.8,B
2021-06-15T13:00:37,100.0,10.8,B
2021-06-15T13:00:37,3000.0,10.8,B
2021-06-15T13:00:36,5900.0,10.8,B
2021-06-15T13:00:36,100.0,10.8,B
2021-06-15T13:00:36,2000.0,10.8,B
2021-06-15T13:00:34,1000.0,10.8,B
2021-06-15T13:00:34,500.0,10.8,B
2021-06-15T13:00:33,400.0,10.8,B
2021-06-15T13:00:29,2000.0,10.8,B
2021-06-15T13:00:29,400.0,10.75,S
2021-06-15T13:00:29,500.0,10.75,S
2021-06-15T13:00:29,800.0,10.75,S
2021-06-15T13:00:29,100.0,10.8,B
2021-06-15T13:00:27,10000.0,10.7,S
2021-06-15T13:00:27,2000.0,10.8,B
2021-06-15T13:00:27,3200.0,10.8,B
2021-06-15T13:00:27,100.0,10.75,S
2021-06-15T13:00:27,4000.0,10.75,S
2021-06-15T13:00:27,1000.0,10.75,S
2021-06-15T13:00:27,200.0,10.75,S
2021-06-15T13:00:27,5400.0,10.75,S
2021-06-15T13:00:27,3600.0,10.75,S
2021-06-15T13:00:27,1000.0,10.75,S
2021-06-15T13:00:27,2700.0,10.75,S
2021-06-15T13:00:27,10400.0,10.75,S
2021-06-15T13:00:27,5000.0,10.75,S
2021-06-15T13:00:27,5000.0,10.75,S
2021-06-15T13:00:27,5900.0,10.75,S
2021-06-15T13:00:27,3800.0,10.75,S
2021-06-15T13:00:27,3800.0,10.75,S
2021-06-15T13:00:27,100.0,10.75,S
2021-06-15T13:00:27,2600.0,10.75,S
2021-06-15T13:00:27,9500.0,10.75,S
2021-06-15T13:00:27,33600.0,10.75,S
2021-06-15T13:00:25,10000.0,10.8,B
2021-06-15T13:00:25,2000.0,10.8,B
2021-06-15T13:00:25,700.0,10.8,B
2021-06-15T11:30:09,10000.0,10.8,B
2021-06-15T11:30:09,1000.0,10.8,B
2021-06-15T11:30:04,900.0,10.8,B
2021-06-15T11:30:01,400.0,10.75,S
2021-06-15T11:29:59,900.0,10.8,B
2021-06-15T11:29:57,700.0,10.75,S
2021-06-15T11:29:56,400.0,10.8,B
2021-06-15T11:29:54,900.0,10.8,B
2021-06-15T11:29:49,900.0,10.8,B
2021-06-15T11:29:47,100.0,10.8,B
2021-06-15T11:29:42,900.0,10.8,B
2021-06-15T11:29:38,900.0,10.8,B
2021-06-15T11:29:37,100.0,10.75,S
2021-06-15T11:29:36,900.0,10.75,S
2021-06-15T11:29:34,900.0,10.8,B
2021-06-15T11:29:26,100.0,10.75,S
2021-06-15T11:29:25,900.0,10.8,B
2021-06-15T11:29:22,500.0,10.8,B
2021-06-15T11:29:19,900.0,10.8,B
2021-06-15T11:29:18,100.0,10.8,B
2021-06-15T11:29:14,900.0,10.8,B
2021-06-15T11:29:10,900.0,10.8,B
2021-06-15T11:29:04,900.0,10.8,B
2021-06-15T11:28:57,900.0,10.8,B
2021-06-15T11:28:53,900.0,10.8,B
2021-06-15T11:28:48,900.0,10.8,B
2021-06-15T11:28:42,900.0,10.8,B
2021-06-15T11:28:40,100.0,10.8,B
2021-06-15T11:28:36,900.0,10.8,B
2021-06-15T11:28:32,900.0,10.8,B
2021-06-15T11:28:29,4200.0,10.75,S
2021-06-15T11:28:29,13900.0,10.75,S
2021-06-15T11:28:29,1900.0,10.75,S
2021-06-15T11:28:24,1000.0,10.8,B
2021-06-15T11:28:24,900.0,10.8,B
2021-06-15T11:28:21,900.0,10.8,B
2021-06-15T11:28:14,900.0,10.8,B
2021-06-15T11:28:09,1000.0,10.8,B
2021-06-15T11:28:09,800.0,10.8,B
2021-06-15T11:28:09,100.0,10.8,B
2021-06-15T11:28:04,900.0,10.8,B
2021-06-15T11:27:58,900.0,10.8,B
2021-06-15T11:27:57,2000.0,10.8,B
2021-06-15T11:27:54,900.0,10.8,B
2021-06-15T11:27:53,2600.0,10.8,B
2021-06-15T11:27:53,400.0,10.8,B
2021-06-15T11:27:50,900.0,10.8,B
2021-06-15T11:27:47,1100.0,10.75,S
2021-06-15T11:27:47,1400.0,10.75,S
2021-06-15T11:27:45,900.0,10.8,B
2021-06-15T11:27:38,900.0,10.8,B
2021-06-15T11:27:36,100.0,10.8,B
2021-06-15T11:27:33,100.0,10.8,B
2021-06-15T11:27:32,900.0,10.8,B
2021-06-15T11:27:26,900.0,10.8,B
2021-06-15T11:27:22,900.0,10.8,B
2021-06-15T11:27:14,900.0,10.8,B
2021-06-15T11:27:08,900.0,10.8,B
2021-06-15T11:27:06,100.0,10.8,B
2021-06-15T11:27:02,900.0,10.8,B
2021-06-15T11:26:57,900.0,10.8,B
2021-06-15T11:26:55,900.0,10.8,B
2021-06-15T11:26:52,900.0,10.8,B
2021-06-15T11:26:45,900.0,10.8,B
2021-06-15T11:26:40,900.0,10.8,B
2021-06-15T11:26:32,900.0,10.8,B
2021-06-15T11:26:29,15000.0,10.8,B
2021-06-15T11:26:28,900.0,10.8,B
2021-06-15T11:26:22,900.0,10.8,B
2021-06-15T11:26:15,900.0,10.8,B
2021-06-15T11:26:12,10000.0,10.8,B
2021-06-15T11:26:07,900.0,10.8,B
2021-06-15T11:26:02,900.0,10.8,B
2021-06-15T11:25:56,900.0,10.8,B
2021-06-15T11:25:55,200.0,10.75,S
2021-06-15T11:25:52,900.0,10.8,B
2021-06-15T11:25:52,1000.0,10.8,B
2021-06-15T11:25:46,900.0,10.8,B
2021-06-15T11:25:41,900.0,10.8,B
2021-06-15T11:25:35,900.0,10.8,B
2021-06-15T11:25:35,900.0,10.8,B
2021-06-15T11:25:31,900.0,10.8,B
2021-06-15T11:25:30,1500.0,10.8,B
2021-06-15T11:25:25,900.0,10.8,B
2021-06-15T11:25:21,900.0,10.8,B
2021-06-15T11:25:19,10000.0,10.75,S
2021-06-15T11:25:14,900.0,10.8,B
2021-06-15T11:25:11,900.0,10.8,B
2021-06-15T11:25:06,1000.0,10.8,B
2021-06-15T11:25:06,1000.0,10.8,B
2021-06-15T11:25:04,900.0,10.8,B
2021-06-15T11:25:03,6500.0,10.8,B
2021-06-15T11:24:59,900.0,10.8,B
2021-06-15T11:24:54,900.0,10.8,B
2021-06-15T11:24:49,900.0,10.8,B
2021-06-15T11:24:43,900.0,10.8,B
2021-06-15T11:24:37,900.0,10.8,B
2021-06-15T11:24:31,900.0,10.8,B
2021-06-15T11:24:29,3000.0,10.8,B
2021-06-15T11:24:26,900.0,10.8,B
2021-06-15T11:24:22,900.0,10.8,B
2021-06-15T11:24:18,10000.0,10.75,S
2021-06-15T11:24:15,900.0,10.8,B
2021-06-15T11:24:12,900.0,10.8,B
2021-06-15T11:24:08,5000.0,10.8,B
2021-06-15T11:24:06,10900.0,10.8,B
2021-06-15T11:24:03,4700.0,10.75,S
2021-06-15T11:24:02,900.0,10.8,B
2021-06-15T11:23:55,900.0,10.8,B
2021-06-15T11:23:51,800.0,10.8,B
2021-06-15T11:23:50,500.0,10.8,B
2021-06-15T11:23:50,400.0,10.8,B
2021-06-15T11:23:47,10000.0,10.8,B
2021-06-15T11:23:46,900.0,10.8,B
2021-06-15T11:23:43,1000.0,10.8,B
2021-06-15T11:23:39,900.0,10.8,B
2021-06-15T11:23:31,900.0,10.8,B
2021-06-15T11:23:24,900.0,10.8,B
2021-06-15T11:23:22,500.0,10.8,B
2021-06-15T11:23:20,900.0,10.8,B
2021-06-15T11:23:13,900.0,10.8,B
2021-06-15T11:23:10,900.0,10.8,B
2021-06-15T11:23:05,900.0,10.8,B
2021-06-15T11:22:58,500.0,10.8,B
2021-06-15T11:22:58,900.0,10.8,B
2021-06-15T11:22:55,1000.0,10.8,B
2021-06-15T11:22:53,900.0,10.8,B
2021-06-15T11:22:48,900.0,10.8,B
2021-06-15T11:22:42,900.0,10.8,B
2021-06-15T11:22:36,900.0,10.8,B
2021-06-15T11:22:33,900.0,10.8,B
2021-06-15T11:22:26,900.0,10.8,B
2021-06-15T11:22:20,100.0,10.8,B
2021-06-15T11:22:20,900.0,10.8,B
2021-06-15T11:22:16,200.0,10.8,B
2021-06-15T11:22:16,900.0,10.8,B
2021-06-15T11:22:09,900.0,10.8,B
2021-06-15T11:22:07,500.0,10.8,B
2021-06-15T11:22:03,900.0,10.8,B
2021-06-15T11:21:58,900.0,10.8,B
2021-06-15T11:21:52,900.0,10.8,B
2021-06-15T11:21:46,900.0,10.8,B
2021-06-15T11:21:41,1100.0,10.8,B
2021-06-15T11:21:41,900.0,10.8,B
2021-06-15T11:21:40,500.0,10.75,S
2021-06-15T11:21:36,900.0,10.8,B
2021-06-15T11:21:30,900.0,10.8,B
2021-06-15T11:21:23,900.0,10.8,B
2021-06-15T11:21:17,900.0,10.8,B
2021-06-15T11:21:10,900.0,10.8,B
2021-06-15T11:21:05,900.0,10.8,B
2021-06-15T11:20:59,900.0,10.8,B
2021-06-15T11:20:54,900.0,10.8,B
2021-06-15T11:20:49,900.0,10.8,B
2021-06-15T11:20:45,900.0,10.8,B
2021-06-15T11:20:39,900.0,10.8,B
2021-06-15T11:20:35,900.0,10.8,B
2021-06-15T11:20:31,5000.0,10.8,B
2021-06-15T11:20:28,900.0,10.8,B
2021-06-15T11:20:25,900.0,10.8,B
2021-06-15T11:20:21,900.0,10.8,B
2021-06-15T11:20:20,200.0,10.8,B
2021-06-15T11:20:14,900.0,10.8,B
2021-06-15T11:20:05,900.0,10.8,B
2021-06-15T11:19:57,900.0,10.8,B
2021-06-15T11:19:50,900.0,10.8,B
2021-06-15T11:19:43,900.0,10.8,B
2021-06-15T11:19:40,300.0,10.8,B
2021-06-15T11:19:39,900.0,10.8,B
2021-06-15T11:19:34,1000.0,10.8,B
2021-06-15T11:19:33,20900.0,10.8,B
2021-06-15T11:19:28,900.0,10.8,B
2021-06-15T11:19:22,900.0,10.8,B
2021-06-15T11:19:18,500.0,10.8,B
2021-06-15T11:19:17,900.0,10.8,B
2021-06-15T11:19:11,900.0,10.8,B
2021-06-15T11:19:08,900.0,10.75,S
2021-06-15T11:19:05,900.0,10.8,B
2021-06-15T11:19:00,900.0,10.8,B
2021-06-15T11:18:54,900.0,10.8,B
2021-06-15T11:18:50,4400.0,10.75,B
2021-06-15T11:18:50,2800.0,10.75,B
2021-06-15T11:18:50,3200.0,10.75,B
2021-06-15T11:18:50,14300.0,10.75,B
2021-06-15T11:18:49,900.0,10.75,B
2021-06-15T11:18:47,500.0,10.75,B
2021-06-15T11:18:45,900.0,10.75,B
2021-06-15T11:18:40,2000.0,10.75,B
2021-06-15T11:18:40,7600.0,10.75,B
2021-06-15T11:18:38,900.0,10.75,B
2021-06-15T11:18:33,20000.0,10.75,B
2021-06-15T11:18:33,4000.0,10.75,B
2021-06-15T11:18:33,900.0,10.75,B
2021-06-15T11:18:30,2500.0,10.75,B
2021-06-15T11:18:28,3000.0,10.75,B
2021-06-15T11:18:27,1900.0,10.75,B
2021-06-15T11:18:25,900.0,10.75,B
2021-06-15T11:18:22,5000.0,10.75,B
2021-06-15T11:18:22,5000.0,10.75,B
2021-06-15T11:18:18,900.0,10.75,B
2021-06-15T11:18:13,900.0,10.75,B
2021-06-15T11:18:06,900.0,10.75,B
2021-06-15T11:18:04,900.0,10.75,B
2021-06-15T11:18:03,2000.0,10.75,B
2021-06-15T11:17:57,900.0,10.75,B
2021-06-15T11:17:56,100.0,10.75,B
2021-06-15T11:17:50,900.0,10.75,B
2021-06-15T11:17:49,100.0,10.75,B
2021-06-15T11:17:46,900.0,10.75,B
2021-06-15T11:17:43,6000.0,10.75,B
2021-06-15T11:17:42,900.0,10.75,B
2021-06-15T11:17:39,900.0,10.75,B
2021-06-15T11:17:37,5000.0,10.75,B
2021-06-15T11:17:34,1000.0,10.75,B
2021-06-15T11:17:32,900.0,10.75,B
2021-06-15T11:17:32,300.0,10.75,B
2021-06-15T11:17:30,900.0,10.75,B
2021-06-15T11:17:26,100.0,10.75,B
2021-06-15T11:17:24,900.0,10.75,B
2021-06-15T11:17:16,900.0,10.75,B
2021-06-15T11:17:14,3400.0,10.75,B
2021-06-15T11:17:13,8000.0,10.75,B
2021-06-15T11:17:11,900.0,10.75,B
2021-06-15T11:17:10,900.0,10.75,B
2021-06-15T11:16:59,900.0,10.75,B
2021-06-15T11:16:58,900.0,10.75,B
2021-06-15T11:16:54,300.0,10.75,B
2021-06-15T11:16:50,900.0,10.75,B
2021-06-15T11:16:47,900.0,10.75,B
2021-06-15T11:16:47,4000.0,10.75,B
2021-06-15T11:16:43,37000.0,10.75,B
2021-06-15T11:16:42,2000.0,10.75,B
2021-06-15T11:16:41,900.0,10.75,B
2021-06-15T11:16:36,100.0,10.75,B
2021-06-15T11:16:35,900.0,10.75,B
2021-06-15T11:16:31,1000.0,10.75,B
2021-06-15T11:16:31,900.0,10.75,B
2021-06-15T11:16:28,700.0,10.75,B
2021-06-15T11:16:22,1900.0,10.75,B
2021-06-15T11:16:17,900.0,10.75,B
2021-06-15T11:16:17,100.0,10.75,B
2021-06-15T11:16:16,200.0,10.75,B
2021-06-15T11:16:15,200.0,10.75,B
2021-06-15T11:16:12,300.0,10.75,B
2021-06-15T11:16:10,900.0,10.75,B
2021-06-15T11:16:07,1000.0,10.75,B
2021-06-15T11:16:04,1000.0,10.75,B
2021-06-15T11:16:04,700.0,10.75,B
2021-06-15T11:16:03,900.0,10.75,B
2021-06-15T11:16:03,2000.0,10.75,B
2021-06-15T11:15:56,900.0,10.75,B
2021-06-15T11:15:53,300.0,10.75,B
2021-06-15T11:15:51,900.0,10.75,B
2021-06-15T11:15:46,900.0,10.75,B
2021-06-15T11:15:45,1000.0,10.75,B
2021-06-15T11:15:43,1000.0,10.75,B
2021-06-15T11:15:38,900.0,10.75,B
2021-06-15T11:15:37,900.0,10.75,B
2021-06-15T11:15:31,100.0,10.75,B
2021-06-15T11:15:29,900.0,10.75,B
2021-06-15T11:15:23,900.0,10.75,B
2021-06-15T11:15:20,900.0,10.75,B
2021-06-15T11:15:13,100.0,10.75,B
2021-06-15T11:15:13,900.0,10.75,B
2021-06-15T11:15:10,900.0,10.75,B
2021-06-15T11:15:08,700.0,10.75,B
2021-06-15T11:15:03,900.0,10.75,B
2021-06-15T11:15:03,1000.0,10.75,B
2021-06-15T11:14:59,1900.0,10.75,B
2021-06-15T11:14:58,900.0,10.75,B
2021-06-15T11:14:47,900.0,10.75,B
2021-06-15T11:14:43,1200.0,10.75,B
2021-06-15T11:14:41,900.0,10.75,B
2021-06-15T11:14:38,900.0,10.75,B
2021-06-15T11:14:36,3500.0,10.75,B
2021-06-15T11:14:36,14500.0,10.75,B
2021-06-15T11:14:35,100.0,10.75,B
2021-06-15T11:14:32,900.0,10.75,B
2021-06-15T11:14:25,900.0,10.75,B
2021-06-15T11:14:20,900.0,10.75,B
2021-06-15T11:14:17,900.0,10.75,B
2021-06-15T11:14:15,10000.0,10.75,B
2021-06-15T11:14:15,1000.0,10.7,S
2021-06-15T11:14:11,900.0,10.75,B
2021-06-15T11:14:07,900.0,10.75,B
2021-06-15T11:13:57,900.0,10.75,B
2021-06-15T11:13:57,5000.0,10.75,B
2021-06-15T11:13:53,900.0,10.75,B
2021-06-15T11:13:48,900.0,10.75,B
2021-06-15T11:13:45,100.0,10.75,B
2021-06-15T11:13:40,900.0,10.75,B
2021-06-15T11:13:37,900.0,10.75,B
2021-06-15T11:13:36,900.0,10.75,B
2021-06-15T11:13:35,200.0,10.75,B
2021-06-15T11:13:35,1800.0,10.75,B
2021-06-15T11:13:29,900.0,10.75,B
2021-06-15T11:13:25,900.0,10.75,B
2021-06-15T11:13:20,900.0,10.75,B
2021-06-15T11:13:14,900.0,10.75,B
2021-06-15T11:13:13,2000.0,10.75,B
2021-06-15T11:13:09,1000.0,10.75,B
2021-06-15T11:13:04,900.0,10.75,B
2021-06-15T11:12:59,900.0,10.75,B
2021-06-15T11:12:57,1000.0,10.75,B
2021-06-15T11:12:55,900.0,10.75,B
2021-06-15T11:12:54,2000.0,10.75,B
2021-06-15T11:12:50,900.0,10.75,B
2021-06-15T11:12:43,900.0,10.75,B
2021-06-15T11:12:35,900.0,10.75,B
2021-06-15T11:12:31,1000.0,10.75,B
2021-06-15T11:12:29,900.0,10.75,B
2021-06-15T11:12:24,2000.0,10.75,B
2021-06-15T11:12:23,900.0,10.75,B
2021-06-15T11:12:22,100.0,10.75,B
2021-06-15T11:12:21,2100.0,10.75,B
2021-06-15T11:12:19,300.0,10.75,B
2021-06-15T11:12:18,900.0,10.75,B
2021-06-15T11:12:14,900.0,10.75,B
2021-06-15T11:12:12,700.0,10.75,B
2021-06-15T11:12:05,900.0,10.75,B
2021-06-15T11:12:01,900.0,10.75,B
2021-06-15T11:12:00,10000.0,10.75,B
2021-06-15T11:11:59,5000.0,10.75,B
2021-06-15T11:11:57,2200.0,10.75,B
2021-06-15T11:11:55,400.0,10.75,B
2021-06-15T11:11:55,2000.0,10.75,B
2021-06-15T11:11:55,900.0,10.75,B
2021-06-15T11:11:55,500.0,10.75,B
2021-06-15T11:11:54,1000.0,10.75,B
2021-06-15T11:11:54,100.0,10.75,B
2021-06-15T11:11:51,3400.0,10.75,B
2021-06-15T11:11:50,500.0,10.75,B
2021-06-15T11:11:47,2000.0,10.75,B
2021-06-15T11:11:44,5000.0,10.75,B
2021-06-15T11:11:44,900.0,10.75,B
2021-06-15T11:11:42,100.0,10.75,B
2021-06-15T11:11:40,700.0,10.75,B
2021-06-15T11:11:39,900.0,10.75,B
2021-06-15T11:11:34,200.0,10.75,B
2021-06-15T11:11:33,900.0,10.75,B
2021-06-15T11:11:30,1400.0,10.75,B
2021-06-15T11:11:29,900.0,10.75,B
2021-06-15T11:11:27,200.0,10.75,B
2021-06-15T11:11:23,2300.0,10.75,S
2021-06-15T11:11:17,900.0,10.8,B
2021-06-15T11:11:12,900.0,10.8,B
2021-06-15T11:11:12,3600.0,10.75,B
2021-06-15T11:11:11,5000.0,10.75,B
2021-06-15T11:11:06,900.0,10.75,B
2021-06-15T11:11:04,10000.0,10.75,B
2021-06-15T11:11:03,3000.0,10.75,B
2021-06-15T11:11:01,900.0,10.75,B
2021-06-15T11:10:59,500.0,10.75,B
2021-06-15T11:10:57,16600.0,10.75,B
2021-06-15T11:10:57,900.0,10.75,B
2021-06-15T11:10:51,100.0,10.75,B
2021-06-15T11:10:49,1000.0,10.75,B
2021-06-15T11:10:49,300.0,10.75,B
2021-06-15T11:10:49,600.0,10.75,B
2021-06-15T11:10:47,1500.0,10.75,B
2021-06-15T11:10:47,5100.0,10.75,B
2021-06-15T11:10:47,2000.0,10.75,B
2021-06-15T11:10:44,900.0,10.75,B
2021-06-15T11:10:39,900.0,10.75,B
2021-06-15T11:10:32,900.0,10.75,B
2021-06-15T11:10:31,1800.0,10.75,B
2021-06-15T11:10:30,3200.0,10.75,B
2021-06-15T11:10:30,28000.0,10.75,B
2021-06-15T11:10:28,900.0,10.75,B
2021-06-15T11:10:23,900.0,10.75,B
2021-06-15T11:10:22,2000.0,10.75,B
2021-06-15T11:10:17,900.0,10.75,B
2021-06-15T11:10:11,900.0,10.75,B
2021-06-15T11:10:10,10000.0,10.75,B
2021-06-15T11:10:07,2500.0,10.75,B
2021-06-15T11:10:07,900.0,10.75,B
2021-06-15T11:10:00,900.0,10.75,B
2021-06-15T11:09:56,9500.0,10.75,B
2021-06-15T11:09:54,900.0,10.75,B
2021-06-15T11:09:48,900.0,10.75,B
2021-06-15T11:09:44,200.0,10.75,B
2021-06-15T11:09:43,900.0,10.75,B
2021-06-15T11:09:43,10000.0,10.75,B
2021-06-15T11:09:37,900.0,10.75,B
2021-06-15T11:09:33,900.0,10.75,B
2021-06-15T11:09:28,1000.0,10.75,B
2021-06-15T11:09:26,900.0,10.75,B
2021-06-15T11:09:24,900.0,10.75,B
2021-06-15T11:09:17,900.0,10.75,B
2021-06-15T11:09:13,900.0,10.75,B
2021-06-15T11:09:08,900.0,10.75,B
2021-06-15T11:09:08,5000.0,10.75,B
2021-06-15T11:09:07,3000.0,10.75,B
2021-06-15T11:09:07,1000.0,10.75,B
2021-06-15T11:09:06,10000.0,10.75,B
2021-06-15T11:09:02,900.0,10.75,B
2021-06-15T11:08:54,900.0,10.75,B
2021-06-15T11:08:50,900.0,10.75,B
2021-06-15T11:08:46,100.0,10.75,B
2021-06-15T11:08:44,900.0,10.75,B
2021-06-15T11:08:44,500.0,10.75,B
2021-06-15T11:08:38,900.0,10.75,B
2021-06-15T11:08:33,600.0,10.75,B
2021-06-15T11:08:31,900.0,10.75,B
2021-06-15T11:08:27,1800.0,10.75,B
2021-06-15T11:08:25,900.0,10.75,B
2021-06-15T11:08:25,1000.0,10.75,B
2021-06-15T11:08:24,2000.0,10.75,B
2021-06-15T11:08:24,200.0,10.75,B
2021-06-15T11:08:21,1000.0,10.75,B
2021-06-15T11:08:19,900.0,10.75,B
2021-06-15T11:08:13,900.0,10.75,B
2021-06-15T11:08:11,5000.0,10.75,B
2021-06-15T11:08:08,900.0,10.75,B
2021-06-15T11:08:07,5000.0,10.75,B
2021-06-15T11:08:03,900.0,10.75,B
2021-06-15T11:07:58,900.0,10.75,B
2021-06-15T11:07:53,900.0,10.75,B
2021-06-15T11:07:51,5000.0,10.75,B
2021-06-15T11:07:49,1000.0,10.75,B
2021-06-15T11:07:49,300.0,10.75,B
2021-06-15T11:07:49,100.0,10.75,B
2021-06-15T11:07:48,600.0,10.75,B
2021-06-15T11:07:48,200.0,10.75,B
2021-06-15T11:07:47,700.0,10.75,B
2021-06-15T11:07:47,500.0,10.75,B
2021-06-15T11:07:46,100.0,10.75,B
2021-06-15T11:07:41,900.0,10.75,B
2021-06-15T11:07:40,200.0,10.75,B
2021-06-15T11:07:36,900.0,10.75,B
2021-06-15T11:07:32,5000.0,10.75,B
2021-06-15T11:07:29,900.0,10.75,B
2021-06-15T11:07:26,1300.0,10.75,B
2021-06-15T11:07:25,8700.0,10.75,B
2021-06-15T11:07:25,900.0,10.75,B
2021-06-15T11:07:24,400.0,10.75,B
2021-06-15T11:07:19,900.0,10.75,B
2021-06-15T11:07:16,200.0,10.75,B
2021-06-15T11:07:14,900.0,10.75,B
2021-06-15T11:07:12,100.0,10.75,B
2021-06-15T11:07:12,2000.0,10.75,B
2021-06-15T11:07:12,1000.0,10.75,B
2021-06-15T11:07:08,900.0,10.75,B
2021-06-15T11:07:06,100.0,10.75,B
2021-06-15T11:07:03,900.0,10.75,B
2021-06-15T11:06:58,2000.0,10.75,B
2021-06-15T11:06:56,900.0,10.75,B
2021-06-15T11:06:52,2200.0,10.75,B
2021-06-15T11:06:51,900.0,10.75,B
2021-06-15T11:06:45,900.0,10.75,B
2021-06-15T11:06:40,100.0,10.75,B
2021-06-15T11:06:40,900.0,10.75,B
2021-06-15T11:06:38,500.0,10.75,B
2021-06-15T11:06:37,1000.0,10.75,B
2021-06-15T11:06:34,900.0,10.75,B
2021-06-15T11:06:33,500.0,10.75,B
2021-06-15T11:06:31,1000.0,10.75,B
2021-06-15T11:06:30,600.0,10.75,B
2021-06-15T11:06:29,300.0,10.75,B
2021-06-15T11:06:24,900.0,10.75,B
2021-06-15T11:06:21,10000.0,10.75,B
2021-06-15T11:06:19,2000.0,10.75,B
2021-06-15T11:06:16,900.0,10.75,B
2021-06-15T11:06:12,900.0,10.75,B
2021-06-15T11:06:06,900.0,10.75,B
2021-06-15T11:06:03,1000.0,10.75,B
2021-06-15T11:06:01,900.0,10.75,B
2021-06-15T11:05:55,2900.0,10.75,B
2021-06-15T11:05:52,200.0,10.75,B
2021-06-15T11:05:51,900.0,10.75,B
2021-06-15T11:05:43,900.0,10.75,B
2021-06-15T11:05:41,1500.0,10.75,B
2021-06-15T11:05:41,900.0,10.75,B
2021-06-15T11:05:38,400.0,10.75,B
2021-06-15T11:05:37,900.0,10.75,B
2021-06-15T11:05:32,900.0,10.75,B
2021-06-15T11:05:28,1100.0,10.75,B
2021-06-15T11:05:25,1000.0,10.75,B
2021-06-15T11:05:22,9200.0,10.75,B
2021-06-15T11:05:21,900.0,10.75,B
2021-06-15T11:05:20,500.0,10.75,B
2021-06-15T11:05:14,900.0,10.75,B
2021-06-15T11:05:12,5000.0,10.75,B
2021-06-15T11:05:08,900.0,10.75,B
2021-06-15T11:05:07,2000.0,10.75,B
2021-06-15T11:05:04,2000.0,10.75,B
2021-06-15T11:05:04,10000.0,10.75,B
2021-06-15T11:05:03,900.0,10.75,B
2021-06-15T11:04:57,900.0,10.75,B
2021-06-15T11:04:51,100.0,10.75,B
2021-06-15T11:04:49,900.0,10.75,B
2021-06-15T11:04:46,100.0,10.75,B
2021-06-15T11:04:45,900.0,10.75,B
2021-06-15T11:04:45,10000.0,10.75,B
2021-06-15T11:04:44,700.0,10.75,B
2021-06-15T11:04:39,1000.0,10.75,B
2021-06-15T11:04:36,100.0,10.75,B
2021-06-15T11:04:33,900.0,10.75,B
2021-06-15T11:04:31,1000.0,10.75,B
2021-06-15T11:04:28,900.0,10.75,B
2021-06-15T11:04:28,2000.0,10.75,B
2021-06-15T11:04:26,2000.0,10.75,B
2021-06-15T11:04:23,900.0,10.75,B
2021-06-15T11:04:19,100.0,10.75,B
2021-06-15T11:04:17,1000.0,10.75,B
2021-06-15T11:04:17,900.0,10.75,B
2021-06-15T11:04:13,5000.0,10.75,B
2021-06-15T11:04:12,900.0,10.75,B
2021-06-15T11:04:06,900.0,10.75,B
2021-06-15T11:04:01,900.0,10.75,B
2021-06-15T11:04:00,300.0,10.75,B
2021-06-15T11:03:57,900.0,10.75,B
2021-06-15T11:03:51,10000.0,10.75,B
2021-06-15T11:03:50,900.0,10.75,B
2021-06-15T11:03:49,5000.0,10.75,B
2021-06-15T11:03:49,100.0,10.75,B
2021-06-15T11:03:45,900.0,10.75,B
2021-06-15T11:03:38,900.0,10.75,B
2021-06-15T11:03:33,900.0,10.75,B
2021-06-15T11:03:27,900.0,10.75,B
2021-06-15T11:03:23,900.0,10.75,B
2021-06-15T11:03:21,100.0,10.75,B
2021-06-15T11:03:20,1000.0,10.75,B
2021-06-15T11:03:16,900.0,10.75,B
2021-06-15T11:03:11,900.0,10.75,B
2021-06-15T11:03:04,900.0,10.75,B
2021-06-15T11:03:01,900.0,10.75,B
2021-06-15T11:02:56,900.0,10.75,B
2021-06-15T11:02:54,2000.0,10.7,S
2021-06-15T11:02:52,1000.0,10.7,S
2021-06-15T11:02:50,900.0,10.75,B
2021-06-15T11:02:49,5000.0,10.75,B
2021-06-15T11:02:45,900.0,10.75,B
2021-06-15T11:02:38,900.0,10.75,B
2021-06-15T11:02:38,50000.0,10.75,B
2021-06-15T11:02:33,900.0,10.75,B
2021-06-15T11:02:27,900.0,10.75,B
2021-06-15T11:02:23,900.0,10.75,B
2021-06-15T11:02:17,900.0,10.75,B
2021-06-15T11:02:14,4000.0,10.75,B
2021-06-15T11:02:12,900.0,10.75,B
2021-06-15T11:02:07,900.0,10.75,B
2021-06-15T11:02:00,900.0,10.75,B
2021-06-15T11:01:57,900.0,10.75,B
2021-06-15T11:01:56,2700.0,10.75,B
2021-06-15T11:01:54,900.0,10.75,B
2021-06-15T11:01:50,900.0,10.75,B
2021-06-15T11:01:46,900.0,10.75,B
2021-06-15T11:01:39,5000.0,10.75,B
2021-06-15T11:01:36,900.0,10.75,B
2021-06-15T11:01:36,4000.0,10.75,B
2021-06-15T11:01:31,900.0,10.75,B
2021-06-15T11:01:30,600.0,10.75,B
2021-06-15T11:01:24,3900.0,10.75,B
2021-06-15T11:01:18,1000.0,10.75,B
2021-06-15T11:01:18,900.0,10.75,B
2021-06-15T11:01:16,3000.0,10.75,B
2021-06-15T11:01:12,1000.0,10.75,B
2021-06-15T11:01:12,200.0,10.75,B
2021-06-15T11:01:10,900.0,10.75,B
2021-06-15T11:01:05,900.0,10.75,B
2021-06-15T11:00:59,900.0,10.75,B
2021-06-15T11:00:54,900.0,10.75,B
2021-06-15T11:00:48,900.0,10.75,B
2021-06-15T11:00:45,1000.0,10.75,B
2021-06-15T11:00:38,900.0,10.75,B
2021-06-15T11:00:31,900.0,10.75,B
2021-06-15T11:00:31,100.0,10.75,B
2021-06-15T11:00:29,100.0,10.75,B
2021-06-15T11:00:28,700.0,10.75,B
2021-06-15T11:00:28,15000.0,10.75,B
2021-06-15T11:00:26,900.0,10.75,B
2021-06-15T11:00:20,900.0,10.75,B
2021-06-15T11:00:14,900.0,10.75,B
2021-06-15T11:00:12,2000.0,10.75,B
2021-06-15T11:00:09,900.0,10.75,B
2021-06-15T11:00:08,4000.0,10.75,B
2021-06-15T11:00:04,900.0,10.75,B
2021-06-15T11:00:00,1000.0,10.75,B
2021-06-15T10:59:58,900.0,10.75,B
2021-06-15T10:59:54,900.0,10.75,B
2021-06-15T10:59:46,900.0,10.75,B
2021-06-15T10:59:42,900.0,10.75,B
2021-06-15T10:59:36,900.0,10.75,B
2021-06-15T10:59:33,900.0,10.75,B
2021-06-15T10:59:27,500.0,10.75,B
2021-06-15T10:59:26,900.0,10.75,B
2021-06-15T10:59:22,100.0,10.75,B
2021-06-15T10:59:21,900.0,10.75,B
2021-06-15T10:59:17,100.0,10.75,B
2021-06-15T10:59:16,900.0,10.75,B
2021-06-15T10:59:15,25000.0,10.75,B
2021-06-15T10:59:10,800.0,10.75,B
2021-06-15T10:59:09,900.0,10.75,B
2021-06-15T10:59:07,200.0,10.75,B
2021-06-15T10:59:05,900.0,10.75,B
2021-06-15T10:59:04,100.0,10.75,B
2021-06-15T10:58:58,900.0,10.75,B
2021-06-15T10:58:55,300.0,10.75,S
2021-06-15T10:58:55,6200.0,10.75,S
2021-06-15T10:58:55,2500.0,10.75,S
2021-06-15T10:58:55,4000.0,10.75,S
2021-06-15T10:58:55,1000.0,10.75,S
2021-06-15T10:58:54,4600.0,10.75,S
2021-06-15T10:58:52,900.0,10.8,B
2021-06-15T10:58:47,900.0,10.8,B
2021-06-15T10:58:43,6000.0,10.8,B
2021-06-15T10:58:40,900.0,10.8,B
2021-06-15T10:58:37,1500.0,10.75,S
2021-06-15T10:58:35,900.0,10.8,B
2021-06-15T10:58:29,900.0,10.8,B
2021-06-15T10:58:28,2000.0,10.8,B
2021-06-15T10:58:26,900.0,10.8,B
2021-06-15T10:58:22,900.0,10.8,B
2021-06-15T10:58:17,900.0,10.8,B
2021-06-15T10:58:08,900.0,10.8,B
2021-06-15T10:58:08,2000.0,10.8,B
2021-06-15T10:58:03,900.0,10.8,B
2021-06-15T10:57:59,6000.0,10.75,S
2021-06-15T10:57:59,900.0,10.8,B
2021-06-15T10:57:54,900.0,10.8,B
2021-06-15T10:57:54,9200.0,10.75,S
2021-06-15T10:57:54,8000.0,10.75,S
2021-06-15T10:57:54,300.0,10.75,S
2021-06-15T10:57:54,2500.0,10.75,S
2021-06-15T10:57:47,900.0,10.8,B
2021-06-15T10:57:41,900.0,10.8,B
2021-06-15T10:57:36,5000.0,10.8,B
2021-06-15T10:57:36,900.0,10.8,B
2021-06-15T10:57:29,900.0,10.8,B
2021-06-15T10:57:27,300.0,10.75,S
2021-06-15T10:57:25,900.0,10.8,B
2021-06-15T10:57:20,100.0,10.8,B
2021-06-15T10:57:20,900.0,10.8,B
2021-06-15T10:57:19,500.0,10.8,B
2021-06-15T10:57:14,900.0,10.8,B
2021-06-15T10:57:10,8000.0,10.8,B
2021-06-15T10:57:08,900.0,10.8,B
2021-06-15T10:57:03,900.0,10.8,B
2021-06-15T10:56:56,900.0,10.8,B
2021-06-15T10:56:50,900.0,10.8,B
2021-06-15T10:56:43,900.0,10.8,B
2021-06-15T10:56:43,300.0,10.8,B
2021-06-15T10:56:39,900.0,10.8,B
2021-06-15T10:56:34,900.0,10.8,B
2021-06-15T10:56:28,900.0,10.8,B
2021-06-15T10:56:23,900.0,10.8,B
2021-06-15T10:56:16,900.0,10.8,B
2021-06-15T10:56:16,100.0,10.8,B
2021-06-15T10:56:13,900.0,10.8,B
2021-06-15T10:56:08,900.0,10.8,B
2021-06-15T10:56:02,900.0,10.8,B
2021-06-15T10:55:57,900.0,10.8,B
2021-06-15T10:55:49,900.0,10.8,B
2021-06-15T10:55:49,100.0,10.75,S
2021-06-15T10:55:46,10000.0,10.75,S
2021-06-15T10:55:46,100.0,10.8,B
2021-06-15T10:55:43,900.0,10.8,B
2021-06-15T10:55:40,900.0,10.8,B
2021-06-15T10:55:36,100.0,10.75,S
2021-06-15T10:55:34,900.0,10.8,B
2021-06-15T10:55:32,200.0,10.75,S
2021-06-15T10:55:28,900.0,10.8,B
2021-06-15T10:55:27,20000.0,10.75,S
2021-06-15T10:55:23,900.0,10.8,B
2021-06-15T10:55:19,900.0,10.8,B
2021-06-15T10:55:11,900.0,10.8,B
2021-06-15T10:55:05,900.0,10.8,B
2021-06-15T10:55:04,100.0,10.75,S
2021-06-15T10:55:01,900.0,10.8,B
2021-06-15T10:54:56,900.0,10.8,B
2021-06-15T10:54:50,1000.0,10.8,B
2021-06-15T10:54:49,900.0,10.8,B
2021-06-15T10:54:41,900.0,10.8,B
2021-06-15T10:54:38,900.0,10.8,B
2021-06-15T10:54:34,900.0,10.8,B
2021-06-15T10:54:29,900.0,10.8,B
2021-06-15T10:54:25,7200.0,10.75,B
2021-06-15T10:54:24,900.0,10.75,B
2021-06-15T10:54:20,2000.0,10.75,B
2021-06-15T10:54:20,900.0,10.75,B
2021-06-15T10:54:18,200.0,10.75,B
2021-06-15T10:54:14,900.0,10.75,B
2021-06-15T10:54:12,1000.0,10.75,B
2021-06-15T10:54:10,900.0,10.75,B
2021-06-15T10:54:10,200.0,10.75,B
2021-06-15T10:54:05,900.0,10.75,B
2021-06-15T10:53:59,900.0,10.75,B
2021-06-15T10:53:54,200.0,10.75,B
2021-06-15T10:53:48,900.0,10.75,S
2021-06-15T10:53:45,600.0,10.75,S
2021-06-15T10:53:45,900.0,10.75,S
2021-06-15T10:53:44,400.0,10.75,S
2021-06-15T10:53:41,1700.0,10.75,S
2021-06-15T10:53:41,1200.0,10.75,S
2021-06-15T10:53:41,3000.0,10.75,S
2021-06-15T10:53:41,5700.0,10.75,S
2021-06-15T10:53:41,1600.0,10.75,S
2021-06-15T10:53:40,5300.0,10.75,S
2021-06-15T10:53:40,5900.0,10.75,S
2021-06-15T10:53:40,600.0,10.75,S
2021-06-15T10:53:40,21100.0,10.75,S
2021-06-15T10:53:40,134900.0,10.75,S
2021-06-15T10:53:38,900.0,10.8,B
2021-06-15T10:53:34,100.0,10.8,B
2021-06-15T10:53:33,900.0,10.8,B
2021-06-15T10:53:24,900.0,10.8,B
2021-06-15T10:53:22,100.0,10.8,B
2021-06-15T10:53:20,900.0,10.8,B
2021-06-15T10:53:19,500.0,10.75,S
2021-06-15T10:53:16,900.0,10.8,B
2021-06-15T10:53:11,100.0,10.8,B
2021-06-15T10:53:10,900.0,10.8,B
2021-06-15T10:53:07,1000.0,10.8,B
2021-06-15T10:53:06,900.0,10.8,B
2021-06-15T10:52:59,900.0,10.8,B
2021-06-15T10:52:52,900.0,10.8,B
2021-06-15T10:52:48,900.0,10.8,B
2021-06-15T10:52:44,1000.0,10.75,S
2021-06-15T10:52:44,100.0,10.8,B
2021-06-15T10:52:41,900.0,10.8,B
2021-06-15T10:52:39,100.0,10.8,B
2021-06-15T10:52:35,900.0,10.8,B
2021-06-15T10:52:31,900.0,10.8,B
2021-06-15T10:52:25,900.0,10.8,B
2021-06-15T10:52:22,2700.0,10.8,B
2021-06-15T10:52:19,900.0,10.8,B
2021-06-15T10:52:14,900.0,10.8,B
2021-06-15T10:52:11,800.0,10.8,B
2021-06-15T10:52:11,100.0,10.8,B
2021-06-15T10:52:09,400.0,10.8,B
2021-06-15T10:52:03,900.0,10.8,B
2021-06-15T10:51:58,900.0,10.8,B
2021-06-15T10:51:52,900.0,10.8,B
2021-06-15T10:51:47,900.0,10.8,B
2021-06-15T10:51:47,1000.0,10.8,B
2021-06-15T10:51:45,2000.0,10.8,B
2021-06-15T10:51:41,900.0,10.8,B
2021-06-15T10:51:37,900.0,10.8,B
2021-06-15T10:51:31,2800.0,10.8,B
2021-06-15T10:51:30,1300.0,10.75,S
2021-06-15T10:51:27,900.0,10.8,B
2021-06-15T10:51:22,800.0,10.75,S
2021-06-15T10:51:22,2200.0,10.75,S
2021-06-15T10:51:20,300.0,10.8,B
2021-06-15T10:51:19,600.0,10.8,B
2021-06-15T10:51:19,1200.0,10.75,S
2021-06-15T10:51:17,100.0,10.75,S
2021-06-15T10:51:14,900.0,10.8,B
2021-06-15T10:51:11,200.0,10.75,S
2021-06-15T10:51:08,900.0,10.8,B
2021-06-15T10:51:03,900.0,10.8,B
2021-06-15T10:51:02,1000.0,10.75,B
2021-06-15T10:51:01,700.0,10.8,B
2021-06-15T10:51:01,100.0,10.8,B
2021-06-15T10:51:01,100.0,10.8,B
2021-06-15T10:50:57,900.0,10.8,B
2021-06-15T10:50:54,8500.0,10.75,B
2021-06-15T10:50:52,900.0,10.75,B
2021-06-15T10:50:49,300.0,10.75,B
2021-06-15T10:50:49,900.0,10.75,B
2021-06-15T10:50:47,2900.0,10.75,B
2021-06-15T10:50:47,800.0,10.75,B
2021-06-15T10:50:43,900.0,10.75,B
2021-06-15T10:50:41,11700.0,10.75,B
2021-06-15T10:50:32,900.0,10.75,B
2021-06-15T10:50:28,900.0,10.75,B
2021-06-15T10:50:27,800.0,10.7,S
2021-06-15T10:50:24,2000.0,10.75,B
2021-06-15T10:50:22,900.0,10.75,B
2021-06-15T10:50:15,100.0,10.75,B
2021-06-15T10:50:15,400.0,10.75,B
2021-06-15T10:50:15,400.0,10.75,B
2021-06-15T10:50:14,100.0,10.75,B
2021-06-15T10:50:08,3300.0,10.75,B
2021-06-15T10:50:07,900.0,10.75,B
2021-06-15T10:50:01,900.0,10.75,B
2021-06-15T10:50:01,6500.0,10.7,S
2021-06-15T10:49:56,900.0,10.75,B
2021-06-15T10:49:56,4600.0,10.75,B
2021-06-15T10:49:51,900.0,10.75,B
2021-06-15T10:49:46,900.0,10.75,B
2021-06-15T10:49:45,1000.0,10.75,B
2021-06-15T10:49:44,1000.0,10.75,B
2021-06-15T10:49:42,500.0,10.75,B
2021-06-15T10:49:40,900.0,10.75,B
2021-06-15T10:49:34,900.0,10.75,B
2021-06-15T10:49:30,900.0,10.75,B
2021-06-15T10:49:26,200.0,10.75,B
2021-06-15T10:49:26,400.0,10.75,B
2021-06-15T10:49:23,900.0,10.75,B
2021-06-15T10:49:21,3500.0,10.75,B
2021-06-15T10:49:21,8400.0,10.75,B
2021-06-15T10:49:21,4500.0,10.75,B
2021-06-15T10:49:21,3300.0,10.75,B
2021-06-15T10:49:21,13000.0,10.75,B
2021-06-15T10:49:20,40800.0,10.75,B
2021-06-15T10:49:18,900.0,10.75,B
2021-06-15T10:49:13,900.0,10.75,B
2021-06-15T10:49:12,2000.0,10.75,B
2021-06-15T10:49:09,40000.0,10.75,B
2021-06-15T10:49:08,900.0,10.75,B
2021-06-15T10:49:01,900.0,10.75,B
2021-06-15T10:48:58,500.0,10.75,B
2021-06-15T10:48:56,900.0,10.75,B
2021-06-15T10:48:56,50000.0,10.75,B
2021-06-15T10:48:55,200.0,10.75,B
2021-06-15T10:48:51,9000.0,10.75,B
2021-06-15T10:48:50,900.0,10.75,B
2021-06-15T10:48:45,900.0,10.75,B
2021-06-15T10:48:40,900.0,10.75,B
2021-06-15T10:48:38,10000.0,10.75,B
2021-06-15T10:48:36,18400.0,10.75,B
2021-06-15T10:48:34,900.0,10.75,B
2021-06-15T10:48:28,900.0,10.75,B
2021-06-15T10:48:23,900.0,10.75,B
2021-06-15T10:48:20,100.0,10.75,B
2021-06-15T10:48:18,900.0,10.75,B
2021-06-15T10:48:11,900.0,10.75,B
2021-06-15T10:48:07,1000.0,10.75,B
2021-06-15T10:48:07,900.0,10.75,B
2021-06-15T10:48:07,2000.0,10.75,B
2021-06-15T10:48:00,900.0,10.75,B
2021-06-15T10:47:53,900.0,10.75,B
2021-06-15T10:47:53,100.0,10.75,B
2021-06-15T10:47:49,900.0,10.75,B
2021-06-15T10:47:48,2000.0,10.7,S
2021-06-15T10:47:47,2000.0,10.75,B
2021-06-15T10:47:46,100.0,10.7,S
2021-06-15T10:47:44,1800.0,10.75,B
2021-06-15T10:47:44,900.0,10.75,B
2021-06-15T10:47:43,800.0,10.75,B
2021-06-15T10:47:39,900.0,10.75,B
2021-06-15T10:47:37,9700.0,10.75,B
2021-06-15T10:47:34,900.0,10.75,B
2021-06-15T10:47:30,900.0,10.75,B
2021-06-15T10:47:27,900.0,10.75,B
2021-06-15T10:47:20,900.0,10.75,B
2021-06-15T10:47:18,60000.0,10.7,S
2021-06-15T10:47:16,900.0,10.75,B
2021-06-15T10:47:13,900.0,10.75,B
2021-06-15T10:47:10,900.0,10.75,B
2021-06-15T10:47:04,900.0,10.75,B
2021-06-15T10:47:00,1000.0,10.75,B
2021-06-15T10:46:58,900.0,10.75,B
2021-06-15T10:46:53,900.0,10.75,B
2021-06-15T10:46:43,900.0,10.75,B
2021-06-15T10:46:33,900.0,10.75,B
2021-06-15T10:46:26,900.0,10.75,B
2021-06-15T10:46:20,1900.0,10.75,B
2021-06-15T10:46:17,2000.0,10.7,S
2021-06-15T10:46:17,800.0,10.75,B
2021-06-15T10:46:15,200.0,10.75,B
2021-06-15T10:46:14,900.0,10.75,B
2021-06-15T10:46:12,5000.0,10.75,B
2021-06-15T10:46:10,900.0,10.75,B
2021-06-15T10:46:09,4000.0,10.75,B
2021-06-15T10:46:04,900.0,10.75,B
2021-06-15T10:46:01,2000.0,10.75,B
2021-06-15T10:45:59,900.0,10.75,B
2021-06-15T10:45:53,900.0,10.75,B
2021-06-15T10:45:48,900.0,10.75,B
2021-06-15T10:45:44,1000.0,10.75,B
2021-06-15T10:45:41,900.0,10.75,B
2021-06-15T10:45:37,900.0,10.75,B
2021-06-15T10:45:30,900.0,10.75,B
2021-06-15T10:45:26,900.0,10.75,B
2021-06-15T10:45:20,900.0,10.75,B
2021-06-15T10:45:13,900.0,10.75,B
2021-06-15T10:45:09,900.0,10.75,B
2021-06-15T10:45:05,900.0,10.75,B
2021-06-15T10:44:58,900.0,10.75,B
2021-06-15T10:44:55,300.0,10.7,B
2021-06-15T10:44:53,2000.0,10.7,B
2021-06-15T10:44:52,900.0,10.75,B
2021-06-15T10:44:49,1500.0,10.7,B
2021-06-15T10:44:49,12000.0,10.7,B
2021-06-15T10:44:49,100.0,10.7,B
2021-06-15T10:44:49,4900.0,10.7,B
2021-06-15T10:44:49,5100.0,10.7,B
2021-06-15T10:44:49,20700.0,10.7,B
2021-06-15T10:44:49,2500.0,10.7,B
2021-06-15T10:44:49,700.0,10.7,B
2021-06-15T10:44:48,500.0,10.7,B
2021-06-15T10:44:48,22000.0,10.7,B
2021-06-15T10:44:48,19000.0,10.7,B
2021-06-15T10:44:48,2600.0,10.7,B
2021-06-15T10:44:48,11200.0,10.7,B
2021-06-15T10:44:48,3000.0,10.7,B
2021-06-15T10:44:48,10400.0,10.7,B
2021-06-15T10:44:48,57600.0,10.7,B
2021-06-15T10:44:47,5000.0,10.7,B
2021-06-15T10:44:46,900.0,10.7,B
2021-06-15T10:44:43,300.0,10.7,B
2021-06-15T10:44:42,900.0,10.7,B
2021-06-15T10:44:36,900.0,10.7,B
2021-06-15T10:44:29,900.0,10.7,B
2021-06-15T10:44:28,1500.0,10.7,B
2021-06-15T10:44:25,900.0,10.7,B
2021-06-15T10:44:19,900.0,10.7,B
2021-06-15T10:44:17,15000.0,10.7,B
2021-06-15T10:44:15,900.0,10.7,B
2021-06-15T10:44:12,500.0,10.7,B
2021-06-15T10:44:12,3200.0,10.65,S
2021-06-15T10:44:12,16500.0,10.65,S
2021-06-15T10:44:11,1300.0,10.65,S
2021-06-15T10:44:11,2500.0,10.65,S
2021-06-15T10:44:11,21500.0,10.65,S
2021-06-15T10:44:10,200.0,10.7,B
2021-06-15T10:44:08,2900.0,10.7,B
2021-06-15T10:44:03,300.0,10.7,B
2021-06-15T10:44:03,900.0,10.7,B
2021-06-15T10:44:00,100.0,10.7,B
2021-06-15T10:43:58,900.0,10.7,B
2021-06-15T10:43:54,900.0,10.7,B
2021-06-15T10:43:51,900.0,10.7,B
2021-06-15T10:43:46,2000.0,10.65,S
2021-06-15T10:43:43,900.0,10.7,B
2021-06-15T10:43:40,2000.0,10.7,B
2021-06-15T10:43:38,900.0,10.7,B
2021-06-15T10:43:32,900.0,10.7,B
2021-06-15T10:43:28,900.0,10.7,B
2021-06-15T10:43:27,200.0,10.65,S
2021-06-15T10:43:24,900.0,10.7,B
2021-06-15T10:43:20,4000.0,10.65,S
2021-06-15T10:43:18,900.0,10.7,B
2021-06-15T10:43:17,2400.0,10.7,B
2021-06-15T10:43:13,4500.0,10.7,B
2021-06-15T10:43:13,1100.0,10.7,B
2021-06-15T10:43:06,900.0,10.7,B
2021-06-15T10:43:03,2000.0,10.7,B
2021-06-15T10:42:59,900.0,10.7,B
2021-06-15T10:42:52,900.0,10.7,B
2021-06-15T10:42:46,900.0,10.7,B
2021-06-15T10:42:41,100.0,10.65,S
2021-06-15T10:42:39,900.0,10.7,B
2021-06-15T10:42:39,1700.0,10.7,B
2021-06-15T10:42:38,1000.0,10.7,B
2021-06-15T10:42:37,10000.0,10.65,S
2021-06-15T10:42:35,900.0,10.7,B
2021-06-15T10:42:32,1500.0,10.7,B
2021-06-15T10:42:30,900.0,10.7,B
2021-06-15T10:42:23,900.0,10.7,B
2021-06-15T10:42:19,2500.0,10.7,B
2021-06-15T10:42:18,200.0,10.65,S
2021-06-15T10:42:18,900.0,10.7,B
2021-06-15T10:42:12,900.0,10.7,B
2021-06-15T10:42:07,1700.0,10.7,B
2021-06-15T10:42:02,900.0,10.7,B
2021-06-15T10:42:01,500.0,10.7,B
2021-06-15T10:42:00,500.0,10.65,S
2021-06-15T10:41:55,900.0,10.7,B
2021-06-15T10:41:52,500.0,10.7,B
2021-06-15T10:41:51,900.0,10.7,B
2021-06-15T10:41:47,900.0,10.7,B
2021-06-15T10:41:46,3000.0,10.65,S
2021-06-15T10:41:46,900.0,10.7,B
2021-06-15T10:41:44,1000.0,10.7,B
2021-06-15T10:41:42,900.0,10.7,B
2021-06-15T10:41:38,900.0,10.7,B
2021-06-15T10:41:35,2000.0,10.7,B
2021-06-15T10:41:34,900.0,10.7,B
2021-06-15T10:41:29,900.0,10.7,B
2021-06-15T10:41:24,500.0,10.7,B
2021-06-15T10:41:24,900.0,10.7,B
2021-06-15T10:41:21,1000.0,10.7,B
2021-06-15T10:41:18,900.0,10.7,B
2021-06-15T10:41:13,1700.0,10.7,B
2021-06-15T10:41:01,900.0,10.7,B
2021-06-15T10:41:00,2000.0,10.7,B
2021-06-15T10:40:55,900.0,10.7,B
2021-06-15T10:40:51,900.0,10.7,B
2021-06-15T10:40:45,900.0,10.7,B
2021-06-15T10:40:38,900.0,10.7,B
2021-06-15T10:40:37,34900.0,10.7,B
2021-06-15T10:40:34,900.0,10.7,B
2021-06-15T10:40:27,900.0,10.7,B
2021-06-15T10:40:23,900.0,10.7,B
2021-06-15T10:40:20,900.0,10.7,B
2021-06-15T10:40:16,900.0,10.7,B
2021-06-15T10:40:10,900.0,10.7,B
2021-06-15T10:40:04,900.0,10.7,B
2021-06-15T10:40:02,1300.0,10.7,B
2021-06-15T10:39:58,900.0,10.7,B
2021-06-15T10:39:52,900.0,10.7,B
2021-06-15T10:39:49,900.0,10.7,B
2021-06-15T10:39:45,900.0,10.7,B
2021-06-15T10:39:45,3000.0,10.65,S
2021-06-15T10:39:39,900.0,10.7,B
2021-06-15T10:39:34,900.0,10.7,B
2021-06-15T10:39:26,900.0,10.7,B
2021-06-15T10:39:20,900.0,10.7,B
2021-06-15T10:39:14,900.0,10.7,B
2021-06-15T10:39:10,1600.0,10.65,S
2021-06-15T10:39:09,100.0,10.7,B
2021-06-15T10:39:03,900.0,10.7,B
2021-06-15T10:38:59,900.0,10.7,B
2021-06-15T10:38:55,900.0,10.7,B
2021-06-15T10:38:51,4200.0,10.65,S
2021-06-15T10:38:51,1500.0,10.65,S
2021-06-15T10:38:50,12300.0,10.65,S
2021-06-15T10:38:50,900.0,10.7,B
2021-06-15T10:38:48,1000.0,10.65,S
2021-06-15T10:38:46,900.0,10.7,B
2021-06-15T10:38:38,900.0,10.7,B
2021-06-15T10:38:35,10000.0,10.65,S
2021-06-15T10:38:34,600.0,10.65,S
2021-06-15T10:38:34,1800.0,10.65,S
2021-06-15T10:38:34,1200.0,10.65,S
2021-06-15T10:38:34,11400.0,10.65,S
2021-06-15T10:38:33,900.0,10.7,B
2021-06-15T10:38:28,900.0,10.7,B
2021-06-15T10:38:25,900.0,10.7,B
2021-06-15T10:38:24,500.0,10.65,S
2021-06-15T10:38:23,100.0,10.65,S
2021-06-15T10:38:20,1300.0,10.65,S
2021-06-15T10:38:19,900.0,10.7,B
2021-06-15T10:38:16,900.0,10.7,B
2021-06-15T10:38:10,900.0,10.7,B
2021-06-15T10:38:06,900.0,10.7,B
2021-06-15T10:38:06,100.0,10.7,B
2021-06-15T10:37:59,900.0,10.7,B
2021-06-15T10:37:58,900.0,10.7,B
2021-06-15T10:37:53,900.0,10.7,B
2021-06-15T10:37:53,700.0,10.65,S
2021-06-15T10:37:53,2200.0,10.65,S
2021-06-15T10:37:52,7100.0,10.65,S
2021-06-15T10:37:51,20000.0,10.65,S
2021-06-15T10:37:51,900.0,10.7,B
2021-06-15T10:37:45,200.0,10.7,B
2021-06-15T10:37:44,900.0,10.7,B
2021-06-15T10:37:41,900.0,10.7,B
2021-06-15T10:37:35,900.0,10.7,B
2021-06-15T10:37:32,3000.0,10.7,B
2021-06-15T10:37:31,900.0,10.7,B
2021-06-15T10:37:27,900.0,10.7,B
2021-06-15T10:37:20,900.0,10.7,B
2021-06-15T10:37:20,1000.0,10.65,S
2021-06-15T10:37:20,1000.0,10.65,S
2021-06-15T10:37:20,5000.0,10.65,S
2021-06-15T10:37:18,7800.0,10.65,S
2021-06-15T10:37:16,900.0,10.7,B
2021-06-15T10:37:14,500.0,10.7,B
2021-06-15T10:37:13,3000.0,10.7,B
2021-06-15T10:37:13,900.0,10.7,B
2021-06-15T10:37:11,10000.0,10.65,S
2021-06-15T10:37:05,900.0,10.7,B
2021-06-15T10:37:04,100.0,10.7,B
2021-06-15T10:37:01,500.0,10.7,B
2021-06-15T10:37:01,900.0,10.7,B
2021-06-15T10:36:59,3000.0,10.65,S
2021-06-15T10:36:59,800.0,10.65,S
2021-06-15T10:36:58,900.0,10.7,B
2021-06-15T10:36:53,2000.0,10.7,B
2021-06-15T10:36:52,300.0,10.7,B
2021-06-15T10:36:50,900.0,10.7,B
2021-06-15T10:36:47,7000.0,10.7,B
2021-06-15T10:36:44,900.0,10.7,B
2021-06-15T10:36:40,900.0,10.7,B
2021-06-15T10:36:37,1300.0,10.65,S
2021-06-15T10:36:37,2400.0,10.65,S
2021-06-15T10:36:37,300.0,10.65,S
2021-06-15T10:36:36,10000.0,10.65,S
2021-06-15T10:36:33,900.0,10.7,B
2021-06-15T10:36:29,100.0,10.7,B
2021-06-15T10:36:28,900.0,10.7,B
2021-06-15T10:36:27,6000.0,10.7,B
2021-06-15T10:36:24,900.0,10.7,B
2021-06-15T10:36:22,1800.0,10.7,B
2021-06-15T10:36:21,900.0,10.7,B
2021-06-15T10:36:17,2000.0,10.7,B
2021-06-15T10:36:15,900.0,10.7,B
2021-06-15T10:36:12,900.0,10.7,B
2021-06-15T10:36:09,900.0,10.7,B
2021-06-15T10:36:07,2000.0,10.7,B
2021-06-15T10:36:03,900.0,10.7,B
2021-06-15T10:36:01,100.0,10.7,B
2021-06-15T10:36:00,900.0,10.7,B
2021-06-15T10:35:50,900.0,10.7,B
2021-06-15T10:35:47,200.0,10.7,B
2021-06-15T10:35:44,900.0,10.7,B
2021-06-15T10:35:36,300.0,10.7,B
2021-06-15T10:35:33,900.0,10.7,B
2021-06-15T10:35:27,900.0,10.7,B
2021-06-15T10:35:20,100.0,10.7,B
2021-06-15T10:35:19,900.0,10.7,B
2021-06-15T10:35:14,1900.0,10.7,B
2021-06-15T10:35:01,900.0,10.7,B
2021-06-15T10:34:59,900.0,10.7,B
2021-06-15T10:34:57,900.0,10.7,B
2021-06-15T10:34:51,900.0,10.7,B
2021-06-15T10:34:49,2000.0,10.7,S
2021-06-15T10:34:48,900.0,10.7,S
2021-06-15T10:34:44,900.0,10.7,S
2021-06-15T10:34:36,900.0,10.7,S
2021-06-15T10:34:32,900.0,10.7,S
2021-06-15T10:34:25,500.0,10.7,S
2021-06-15T10:34:18,900.0,10.7,S
2021-06-15T10:34:18,200.0,10.7,S
2021-06-15T10:34:15,200.0,10.7,S
2021-06-15T10:34:12,1100.0,10.7,S
2021-06-15T10:34:09,900.0,10.7,S
2021-06-15T10:34:08,800.0,10.7,S
2021-06-15T10:34:05,9000.0,10.7,S
2021-06-15T10:34:04,900.0,10.7,S
2021-06-15T10:34:01,900.0,10.7,S
2021-06-15T10:34:01,400.0,10.7,S
2021-06-15T10:33:59,900.0,10.7,S
2021-06-15T10:33:55,900.0,10.7,S
2021-06-15T10:33:48,200.0,10.7,S
2021-06-15T10:33:47,900.0,10.7,S
2021-06-15T10:33:45,1000.0,10.7,S
2021-06-15T10:33:44,200.0,10.7,S
2021-06-15T10:33:44,900.0,10.7,S
2021-06-15T10:33:44,1000.0,10.7,S
2021-06-15T10:33:41,100.0,10.7,S
2021-06-15T10:33:41,900.0,10.7,S
2021-06-15T10:33:39,100.0,10.7,S
2021-06-15T10:33:33,900.0,10.7,S
2021-06-15T10:33:29,900.0,10.7,S
2021-06-15T10:33:23,900.0,10.7,S
2021-06-15T10:33:18,2000.0,10.7,S
2021-06-15T10:33:18,1000.0,10.7,S
2021-06-15T10:33:18,200.0,10.7,S
2021-06-15T10:33:13,900.0,10.7,S
2021-06-15T10:33:09,900.0,10.7,S
2021-06-15T10:33:06,1000.0,10.7,S
2021-06-15T10:33:05,900.0,10.7,S
2021-06-15T10:33:01,900.0,10.7,S
2021-06-15T10:32:54,900.0,10.7,S
2021-06-15T10:32:50,900.0,10.7,S
2021-06-15T10:32:50,200.0,10.65,S
2021-06-15T10:32:44,900.0,10.7,S
2021-06-15T10:32:35,900.0,10.7,S
2021-06-15T10:32:32,900.0,10.7,S
2021-06-15T10:32:30,1000.0,10.7,S
2021-06-15T10:32:29,1000.0,10.7,S
2021-06-15T10:32:28,900.0,10.7,S
2021-06-15T10:32:22,900.0,10.7,S
2021-06-15T10:32:18,900.0,10.7,S
2021-06-15T10:32:09,100.0,10.7,S
2021-06-15T10:32:09,900.0,10.7,S
2021-06-15T10:32:01,900.0,10.7,S
2021-06-15T10:31:57,100.0,10.7,S
2021-06-15T10:31:56,1000.0,10.7,S
2021-06-15T10:31:54,900.0,10.7,S
2021-06-15T10:31:52,5300.0,10.7,S
2021-06-15T10:31:40,900.0,10.7,S
2021-06-15T10:31:28,900.0,10.7,S
2021-06-15T10:31:25,1000.0,10.7,S
2021-06-15T10:31:25,100.0,10.7,S
2021-06-15T10:31:25,900.0,10.7,S
2021-06-15T10:31:20,900.0,10.7,S
2021-06-15T10:31:16,13300.0,10.7,S
2021-06-15T10:31:16,5800.0,10.7,S
2021-06-15T10:31:10,1000.0,10.7,S
2021-06-15T10:31:08,900.0,10.7,S
2021-06-15T10:31:04,900.0,10.7,S
2021-06-15T10:31:03,700.0,10.7,S
2021-06-15T10:31:00,900.0,10.7,S
2021-06-15T10:31:00,100.0,10.65,S
2021-06-15T10:31:00,2200.0,10.65,S
2021-06-15T10:31:00,1000.0,10.65,S
2021-06-15T10:30:59,10700.0,10.65,S
2021-06-15T10:30:56,100.0,10.7,S
2021-06-15T10:30:55,900.0,10.7,S
2021-06-15T10:30:47,900.0,10.7,S
2021-06-15T10:30:46,300.0,10.7,S
2021-06-15T10:30:42,900.0,10.7,S
2021-06-15T10:30:38,900.0,10.7,S
2021-06-15T10:30:37,10000.0,10.7,S
2021-06-15T10:30:35,900.0,10.7,S
2021-06-15T10:30:31,900.0,10.7,S
2021-06-15T10:30:27,1000.0,10.7,S
2021-06-15T10:30:27,900.0,10.7,S
2021-06-15T10:30:24,1700.0,10.65,S
2021-06-15T10:30:23,900.0,10.7,S
2021-06-15T10:30:19,1200.0,10.7,S
2021-06-15T10:30:15,100.0,10.7,S
2021-06-15T10:30:14,10300.0,10.7,S
2021-06-15T10:30:14,2500.0,10.7,S
2021-06-15T10:30:13,900.0,10.7,S
2021-06-15T10:30:07,500.0,10.7,S
2021-06-15T10:30:07,400.0,10.7,S
2021-06-15T10:29:53,1000.0,10.7,S
2021-06-15T10:29:49,900.0,10.7,S
2021-06-15T10:29:45,500.0,10.7,S
2021-06-15T10:29:45,900.0,10.7,S
2021-06-15T10:29:45,100.0,10.7,S
2021-06-15T10:29:42,700.0,10.7,S
2021-06-15T10:29:42,200.0,10.7,S
2021-06-15T10:29:38,900.0,10.7,S
2021-06-15T10:29:34,900.0,10.7,S
2021-06-15T10:29:30,900.0,10.7,S
2021-06-15T10:29:25,900.0,10.7,S
2021-06-15T10:29:21,900.0,10.7,S
2021-06-15T10:29:19,600.0,10.7,S
2021-06-15T10:29:15,900.0,10.7,S
2021-06-15T10:29:10,900.0,10.7,S
2021-06-15T10:29:04,500.0,10.7,S
2021-06-15T10:29:03,1000.0,10.7,S
2021-06-15T10:28:59,900.0,10.7,S
2021-06-15T10:28:56,900.0,10.7,S
2021-06-15T10:28:51,900.0,10.7,S
2021-06-15T10:28:51,100.0,10.7,S
2021-06-15T10:28:46,900.0,10.7,S
2021-06-15T10:28:44,5000.0,10.7,S
2021-06-15T10:28:41,900.0,10.7,S
2021-06-15T10:28:39,100.0,10.7,S
2021-06-15T10:28:35,900.0,10.7,S
2021-06-15T10:28:33,200.0,10.7,S
2021-06-15T10:28:29,900.0,10.7,S
2021-06-15T10:28:21,900.0,10.7,S
2021-06-15T10:28:21,100.0,10.7,S
2021-06-15T10:28:10,900.0,10.7,S
2021-06-15T10:28:04,900.0,10.7,S
2021-06-15T10:28:01,4000.0,10.7,S
2021-06-15T10:27:59,900.0,10.7,S
2021-06-15T10:27:50,100.0,10.7,S
2021-06-15T10:27:48,900.0,10.7,S
2021-06-15T10:27:39,900.0,10.7,S
2021-06-15T10:27:34,900.0,10.7,S
2021-06-15T10:27:29,900.0,10.7,S
2021-06-15T10:27:28,1000.0,10.7,S
2021-06-15T10:27:25,100.0,10.7,S
2021-06-15T10:27:24,1500.0,10.7,S
2021-06-15T10:27:24,10100.0,10.7,S
2021-06-15T10:27:23,900.0,10.75,B
2021-06-15T10:27:23,8300.0,10.75,B
2021-06-15T10:27:23,1700.0,10.75,B
2021-06-15T10:27:19,1700.0,10.7,S
2021-06-15T10:27:19,100.0,10.7,S
2021-06-15T10:27:19,1200.0,10.7,S
2021-06-15T10:27:19,15100.0,10.7,S
2021-06-15T10:27:19,11000.0,10.7,S
2021-06-15T10:27:19,2300.0,10.7,S
2021-06-15T10:27:19,6000.0,10.7,S
2021-06-15T10:27:19,5700.0,10.7,S
2021-06-15T10:27:19,1200.0,10.7,S
2021-06-15T10:27:19,7200.0,10.7,S
2021-06-15T10:27:19,500.0,10.7,S
2021-06-15T10:27:19,400.0,10.7,S
2021-06-15T10:27:19,5000.0,10.7,S
2021-06-15T10:27:19,3000.0,10.7,S
2021-06-15T10:27:19,10100.0,10.7,S
2021-06-15T10:27:19,4700.0,10.7,S
2021-06-15T10:27:19,1600.0,10.7,S
2021-06-15T10:27:19,800.0,10.7,S
2021-06-15T10:27:19,7100.0,10.7,S
2021-06-15T10:27:19,22800.0,10.7,S
2021-06-15T10:27:19,1100.0,10.7,S
2021-06-15T10:27:19,16200.0,10.7,S
2021-06-15T10:27:19,18300.0,10.7,S
2021-06-15T10:27:18,800.0,10.7,S
2021-06-15T10:27:18,4100.0,10.7,S
2021-06-15T10:27:18,6100.0,10.7,S
2021-06-15T10:27:18,200.0,10.7,S
2021-06-15T10:27:18,200.0,10.7,S
2021-06-15T10:27:18,8600.0,10.7,S
2021-06-15T10:27:18,1500.0,10.7,S
2021-06-15T10:27:18,18500.0,10.7,S
2021-06-15T10:27:18,13100.0,10.7,S
2021-06-15T10:27:18,5000.0,10.7,S
2021-06-15T10:27:18,1200.0,10.7,S
2021-06-15T10:27:18,700.0,10.7,S
2021-06-15T10:27:18,200.0,10.7,S
2021-06-15T10:27:18,3400.0,10.7,S
2021-06-15T10:27:18,3600.0,10.7,S
2021-06-15T10:27:18,9300.0,10.7,S
2021-06-15T10:27:18,12400.0,10.7,S
2021-06-15T10:27:16,2800.0,10.7,S
2021-06-15T10:27:16,1200.0,10.7,S
2021-06-15T10:27:16,200.0,10.7,S
2021-06-15T10:27:16,13200.0,10.7,S
2021-06-15T10:27:16,10300.0,10.7,S
2021-06-15T10:27:16,1500.0,10.7,S
2021-06-15T10:27:16,100.0,10.7,S
2021-06-15T10:27:16,4600.0,10.7,S
2021-06-15T10:27:16,2200.0,10.7,S
2021-06-15T10:27:16,23000.0,10.7,S
2021-06-15T10:27:16,8900.0,10.7,S
2021-06-15T10:27:15,900.0,10.75,B
2021-06-15T10:27:12,900.0,10.75,B
2021-06-15T10:27:12,100.0,10.75,B
2021-06-15T10:27:10,1100.0,10.7,S
2021-06-15T10:27:07,1000.0,10.75,B
2021-06-15T10:27:06,2500.0,10.7,S
2021-06-15T10:27:01,900.0,10.75,B
2021-06-15T10:26:55,900.0,10.75,B
2021-06-15T10:26:54,900.0,10.75,B
2021-06-15T10:26:54,1000.0,10.7,S
2021-06-15T10:26:50,900.0,10.75,B
2021-06-15T10:26:49,7000.0,10.7,S
2021-06-15T10:26:48,200.0,10.7,S
2021-06-15T10:26:46,900.0,10.75,B
2021-06-15T10:26:45,2500.0,10.7,S
2021-06-15T10:26:42,900.0,10.75,B
2021-06-15T10:26:36,900.0,10.75,B
2021-06-15T10:26:35,3000.0,10.7,S
