tradingTime,volume,price,side
2021-06-15T14:29:48,9700.0,53.0,S
2021-06-15T14:28:33,7500.0,53.0,S
2021-06-15T14:28:09,5000.0,53.0,S
2021-06-15T14:25:49,500.0,53.0,S
2021-06-15T14:25:38,2700.0,53.0,S
2021-06-15T14:25:03,2500.0,53.0,S
2021-06-15T14:22:58,400.0,53.0,S
2021-06-15T14:22:41,1000.0,53.0,S
2021-06-15T14:21:44,1500.0,53.0,S
2021-06-15T14:21:44,500.0,53.0,S
2021-06-15T14:21:00,200.0,53.1,B
2021-06-15T14:20:09,500.0,53.1,S
2021-06-15T14:19:40,1000.0,53.1,S
2021-06-15T14:19:40,2200.0,53.1,S
2021-06-15T14:19:40,300.0,53.1,S
2021-06-15T14:19:40,5500.0,53.1,S
2021-06-15T14:19:24,100.0,53.1,S
2021-06-15T14:18:29,500.0,53.1,S
2021-06-15T14:18:29,600.0,53.1,S
2021-06-15T14:16:41,100.0,53.2,B
2021-06-15T14:15:59,400.0,53.2,B
2021-06-15T14:15:57,1400.0,53.1,S
2021-06-15T14:15:57,200.0,53.1,S
2021-06-15T14:15:55,500.0,53.1,S
2021-06-15T14:15:55,5600.0,53.1,S
2021-06-15T14:15:55,200.0,53.1,S
2021-06-15T14:15:55,3700.0,53.1,S
2021-06-15T14:15:53,700.0,53.2,B
2021-06-15T14:15:52,500.0,53.1,S
2021-06-15T14:15:52,500.0,53.1,S
2021-06-15T14:15:44,100.0,53.2,B
2021-06-15T14:15:44,100.0,53.1,S
2021-06-15T14:15:41,2000.0,53.2,B
2021-06-15T14:15:33,300.0,53.2,B
2021-06-15T14:15:12,100.0,53.2,S
2021-06-15T14:15:11,5000.0,53.1,S
2021-06-15T14:15:08,5200.0,53.1,S
2021-06-15T14:15:08,400.0,53.1,S
2021-06-15T14:15:08,14400.0,53.1,S
2021-06-15T14:15:04,1000.0,53.2,S
2021-06-15T14:14:53,2000.0,53.1,S
2021-06-15T14:14:53,1900.0,53.1,S
2021-06-15T14:14:53,300.0,53.1,S
2021-06-15T14:14:53,800.0,53.1,S
2021-06-15T14:14:52,500.0,53.2,S
2021-06-15T14:14:38,2400.0,53.1,S
2021-06-15T14:14:38,5000.0,53.3,B
2021-06-15T14:14:37,500.0,53.2,B
2021-06-15T14:14:36,900.0,53.1,S
2021-06-15T14:14:36,600.0,53.1,S
2021-06-15T14:14:33,4500.0,53.2,B
2021-06-15T14:14:31,200.0,53.2,B
2021-06-15T14:14:23,2000.0,53.2,B
2021-06-15T14:14:20,300.0,53.2,B
2021-06-15T14:14:12,200.0,53.2,B
2021-06-15T14:14:10,3600.0,53.2,B
2021-06-15T14:14:10,100.0,53.2,B
2021-06-15T14:14:10,1200.0,53.2,B
2021-06-15T14:14:10,700.0,53.2,B
2021-06-15T14:14:10,600.0,53.2,B
2021-06-15T14:14:10,100.0,53.2,B
2021-06-15T14:14:10,2000.0,53.2,B
2021-06-15T14:14:10,3500.0,53.2,B
2021-06-15T14:14:06,100.0,53.2,B
2021-06-15T14:14:06,1900.0,53.2,B
2021-06-15T14:14:04,300.0,53.1,S
2021-06-15T14:14:00,700.0,53.2,B
2021-06-15T14:14:00,200.0,53.2,B
2021-06-15T14:14:00,3000.0,53.2,B
2021-06-15T14:14:00,1100.0,53.2,B
2021-06-15T14:13:52,800.0,53.2,B
2021-06-15T14:13:51,2000.0,53.1,S
2021-06-15T14:13:44,200.0,53.2,B
2021-06-15T14:13:34,1000.0,53.1,S
2021-06-15T14:13:33,400.0,53.1,S
2021-06-15T14:13:31,1000.0,53.1,S
2021-06-15T14:13:28,200.0,53.2,B
2021-06-15T14:13:21,1000.0,53.2,B
2021-06-15T14:13:17,800.0,53.2,B
2021-06-15T14:13:16,1500.0,53.1,S
2021-06-15T14:13:16,1500.0,53.1,S
2021-06-15T14:13:16,1200.0,53.1,S
2021-06-15T14:13:15,2300.0,53.1,S
2021-06-15T14:13:14,200.0,53.2,S
2021-06-15T14:13:08,1100.0,53.2,S
2021-06-15T14:13:04,200.0,53.1,S
2021-06-15T14:13:00,1500.0,53.1,S
2021-06-15T14:13:00,2000.0,53.2,S
2021-06-15T14:12:56,200.0,53.2,S
2021-06-15T14:12:51,2000.0,53.2,S
2021-06-15T14:12:43,200.0,53.2,S
2021-06-15T14:12:30,200.0,53.2,S
2021-06-15T14:12:30,900.0,53.2,S
2021-06-15T14:12:23,200.0,53.2,S
2021-06-15T14:12:23,700.0,53.1,S
2021-06-15T14:12:23,2000.0,53.1,S
2021-06-15T14:12:23,3300.0,53.1,S
2021-06-15T14:12:22,2400.0,53.2,S
2021-06-15T14:12:21,100.0,53.2,S
2021-06-15T14:12:21,100.0,53.3,B
2021-06-15T14:12:17,700.0,53.2,S
2021-06-15T14:12:15,500.0,53.2,S
2021-06-15T14:12:14,2000.0,53.2,S
2021-06-15T14:12:13,600.0,53.2,S
2021-06-15T14:12:10,100.0,53.2,S
2021-06-15T14:12:10,300.0,53.2,S
2021-06-15T14:12:10,700.0,53.2,S
2021-06-15T14:12:09,400.0,53.1,S
2021-06-15T14:12:08,1000.0,53.1,S
2021-06-15T14:12:08,100.0,53.1,S
2021-06-15T14:12:08,500.0,53.1,S
2021-06-15T14:12:06,3600.0,53.1,S
2021-06-15T14:12:06,100.0,53.2,S
2021-06-15T14:12:05,300.0,53.2,S
2021-06-15T14:12:01,200.0,53.2,S
2021-06-15T14:11:58,200.0,53.3,B
2021-06-15T14:11:56,100.0,53.2,S
2021-06-15T14:11:52,100.0,53.2,S
2021-06-15T14:11:47,200.0,53.2,S
2021-06-15T14:11:45,300.0,53.3,B
2021-06-15T14:11:44,700.0,53.2,S
2021-06-15T14:11:44,800.0,53.2,S
2021-06-15T14:11:39,100.0,53.3,B
2021-06-15T14:11:32,300.0,53.2,S
2021-06-15T14:11:32,1000.0,53.2,S
2021-06-15T14:11:32,1100.0,53.2,S
2021-06-15T14:11:32,3000.0,53.2,S
2021-06-15T14:11:32,700.0,53.2,S
2021-06-15T14:11:32,300.0,53.2,S
2021-06-15T14:11:31,1100.0,53.2,S
2021-06-15T14:11:31,1300.0,53.2,S
2021-06-15T14:11:31,600.0,53.2,S
2021-06-15T14:11:31,600.0,53.2,S
2021-06-15T14:11:29,200.0,53.3,B
2021-06-15T14:11:27,100.0,53.3,B
2021-06-15T14:11:10,200.0,53.2,S
2021-06-15T14:11:09,600.0,53.3,B
2021-06-15T14:11:05,2000.0,53.3,B
2021-06-15T14:11:05,1600.0,53.2,S
2021-06-15T14:11:05,100.0,53.2,S
2021-06-15T14:11:05,3800.0,53.2,S
2021-06-15T14:11:03,500.0,53.3,B
2021-06-15T14:10:58,1500.0,53.3,B
2021-06-15T14:10:58,3000.0,53.3,B
2021-06-15T14:10:58,500.0,53.3,B
2021-06-15T14:10:57,2000.0,53.3,B
2021-06-15T14:10:43,200.0,53.3,B
2021-06-15T14:10:41,100.0,53.2,S
2021-06-15T14:10:40,4900.0,53.3,B
2021-06-15T14:10:37,200.0,53.3,B
2021-06-15T14:10:28,200.0,53.2,S
2021-06-15T14:10:17,200.0,53.3,B
2021-06-15T14:10:07,4000.0,53.4,B
2021-06-15T14:10:07,1200.0,53.4,B
2021-06-15T14:10:05,200.0,53.4,B
2021-06-15T14:10:05,3300.0,53.4,B
2021-06-15T14:10:05,12800.0,53.4,B
2021-06-15T14:10:05,1000.0,53.4,B
2021-06-15T14:10:05,5100.0,53.4,B
2021-06-15T14:10:05,200.0,53.4,B
2021-06-15T14:10:05,11600.0,53.4,B
2021-06-15T14:10:05,200.0,53.4,B
2021-06-15T14:10:05,3200.0,53.4,B
2021-06-15T14:10:05,1000.0,53.4,B
2021-06-15T14:10:05,1100.0,53.4,B
2021-06-15T14:10:05,200.0,53.4,B
2021-06-15T14:10:05,3100.0,53.4,B
2021-06-15T14:10:05,10600.0,53.4,B
2021-06-15T14:10:05,100.0,53.4,B
2021-06-15T14:10:03,2000.0,53.4,B
2021-06-15T14:10:03,3100.0,53.4,B
2021-06-15T14:10:03,1600.0,53.4,B
2021-06-15T14:10:03,1500.0,53.4,B
2021-06-15T14:10:03,500.0,53.3,B
2021-06-15T14:10:03,700.0,53.3,B
2021-06-15T14:10:03,5200.0,53.3,B
2021-06-15T14:10:03,2000.0,53.3,B
2021-06-15T14:10:03,3100.0,53.3,B
2021-06-15T14:10:03,3200.0,53.3,B
2021-06-15T14:10:03,800.0,53.3,B
2021-06-15T14:10:03,1000.0,53.3,B
2021-06-15T14:10:03,16400.0,53.3,B
2021-06-15T14:10:02,100.0,53.2,S
2021-06-15T14:10:02,500.0,53.3,B
2021-06-15T14:10:00,100.0,53.2,S
2021-06-15T14:09:56,5000.0,53.2,S
2021-06-15T14:09:55,300.0,53.2,S
2021-06-15T14:09:54,200.0,53.3,B
2021-06-15T14:09:53,7000.0,53.3,B
2021-06-15T14:09:52,2000.0,53.2,S
2021-06-15T14:09:49,200.0,53.2,S
2021-06-15T14:09:47,400.0,53.3,B
2021-06-15T14:09:46,200.0,53.2,S
2021-06-15T14:09:45,1400.0,53.2,S
2021-06-15T14:09:38,200.0,53.3,B
2021-06-15T14:09:33,1900.0,53.3,B
2021-06-15T14:09:22,10000.0,53.2,S
2021-06-15T14:09:20,2000.0,53.2,S
2021-06-15T14:09:19,5500.0,53.2,S
2021-06-15T14:09:19,200.0,53.3,B
2021-06-15T14:09:19,300.0,53.3,B
2021-06-15T14:09:17,300.0,53.2,S
2021-06-15T14:09:14,500.0,53.3,B
2021-06-15T14:09:09,12000.0,53.2,S
2021-06-15T14:09:09,1700.0,53.2,S
2021-06-15T14:09:08,200.0,53.2,S
2021-06-15T14:09:08,2000.0,53.2,S
2021-06-15T14:09:08,4100.0,53.2,S
2021-06-15T14:09:07,100.0,53.2,S
2021-06-15T14:08:55,100.0,53.3,B
2021-06-15T14:08:50,200.0,53.2,S
2021-06-15T14:08:47,300.0,53.3,B
2021-06-15T14:08:47,200.0,53.3,B
2021-06-15T14:08:47,1000.0,53.2,S
2021-06-15T14:08:46,200.0,53.3,B
2021-06-15T14:08:42,1000.0,53.2,S
2021-06-15T14:08:30,400.0,53.3,B
2021-06-15T14:08:30,100.0,53.2,B
2021-06-15T14:08:30,100.0,53.2,B
2021-06-15T14:08:28,1600.0,53.2,B
2021-06-15T14:08:28,1000.0,53.2,B
2021-06-15T14:08:20,200.0,53.3,B
2021-06-15T14:08:03,200.0,53.2,B
2021-06-15T14:08:03,300.0,53.2,B
2021-06-15T14:08:02,100.0,53.3,B
2021-06-15T14:07:55,100.0,53.2,B
2021-06-15T14:07:51,1000.0,53.2,B
2021-06-15T14:07:48,200.0,53.3,B
2021-06-15T14:07:42,700.0,53.3,B
2021-06-15T14:07:42,300.0,53.3,B
2021-06-15T14:07:34,1500.0,53.1,S
2021-06-15T14:07:34,500.0,53.1,S
2021-06-15T14:07:32,1200.0,53.1,S
2021-06-15T14:07:32,2000.0,53.2,B
2021-06-15T14:07:31,36300.0,53.3,B
2021-06-15T14:07:30,500.0,53.3,B
2021-06-15T14:07:28,1500.0,53.3,B
2021-06-15T14:07:25,1000.0,53.3,B
2021-06-15T14:07:25,100.0,53.4,B
2021-06-15T14:07:22,2600.0,53.3,B
2021-06-15T14:07:20,5100.0,53.3,B
2021-06-15T14:07:16,8200.0,53.3,B
2021-06-15T14:07:16,79000.0,53.3,B
2021-06-15T14:07:16,100.0,53.3,B
2021-06-15T14:07:16,6000.0,53.3,B
2021-06-15T14:07:16,1400.0,53.3,B
2021-06-15T14:07:16,800.0,53.3,B
2021-06-15T14:07:16,200.0,53.3,B
2021-06-15T14:07:16,6100.0,53.3,B
2021-06-15T14:07:16,2500.0,53.3,B
2021-06-15T14:07:16,700.0,53.3,B
2021-06-15T14:07:16,17900.0,53.3,B
2021-06-15T14:07:16,100.0,53.3,B
2021-06-15T14:07:16,600.0,53.3,B
2021-06-15T14:07:16,50500.0,53.3,B
2021-06-15T14:07:16,700.0,53.3,B
2021-06-15T14:07:16,1100.0,53.3,B
2021-06-15T14:07:16,8100.0,53.3,B
2021-06-15T14:07:16,300.0,53.3,B
2021-06-15T14:07:15,50500.0,53.3,B
2021-06-15T14:07:15,3700.0,53.3,B
2021-06-15T14:07:15,100.0,53.3,B
2021-06-15T14:07:15,400.0,53.3,B
2021-06-15T14:07:15,25400.0,53.3,B
2021-06-15T14:07:15,3200.0,53.3,B
2021-06-15T14:07:15,100.0,53.3,B
2021-06-15T14:07:15,2100.0,53.3,B
2021-06-15T14:07:15,14400.0,53.3,B
2021-06-15T14:07:15,600.0,53.3,B
2021-06-15T14:07:15,2600.0,53.3,B
2021-06-15T14:07:15,400.0,53.3,B
2021-06-15T14:07:15,23500.0,53.3,B
2021-06-15T14:07:15,900.0,53.3,B
2021-06-15T14:07:15,900.0,53.3,B
2021-06-15T14:07:15,7800.0,53.3,B
2021-06-15T14:07:15,17200.0,53.3,B
2021-06-15T14:07:15,2000.0,53.2,B
2021-06-15T14:07:15,4500.0,53.2,B
2021-06-15T14:07:15,2000.0,53.2,B
2021-06-15T14:07:15,13400.0,53.2,B
2021-06-15T14:07:14,1000.0,53.1,S
2021-06-15T14:07:12,2000.0,53.1,S
2021-06-15T14:07:12,300.0,53.2,B
2021-06-15T14:07:07,200.0,53.1,S
2021-06-15T14:07:05,2300.0,53.1,S
2021-06-15T14:07:05,400.0,53.1,S
2021-06-15T14:07:05,2300.0,53.1,S
2021-06-15T14:07:02,700.0,53.1,S
2021-06-15T14:07:02,200.0,53.1,S
2021-06-15T14:07:02,100.0,53.1,S
2021-06-15T14:07:02,3300.0,53.1,S
2021-06-15T14:07:02,5700.0,53.1,S
2021-06-15T14:06:38,2000.0,53.1,S
2021-06-15T14:06:36,500.0,53.2,B
2021-06-15T14:06:32,6800.0,53.1,S
2021-06-15T14:06:28,2000.0,53.1,S
2021-06-15T14:06:24,100.0,53.1,S
2021-06-15T14:06:19,200.0,53.2,B
2021-06-15T14:06:12,200.0,53.1,S
2021-06-15T14:06:08,2000.0,53.1,S
2021-06-15T14:06:07,1500.0,53.1,S
2021-06-15T14:06:00,500.0,53.1,S
2021-06-15T14:06:00,700.0,53.1,S
2021-06-15T14:05:58,2500.0,53.1,S
2021-06-15T14:05:58,1000.0,53.2,B
2021-06-15T14:05:57,1200.0,53.1,S
2021-06-15T14:05:47,400.0,53.1,S
2021-06-15T14:05:41,2000.0,53.1,S
2021-06-15T14:05:40,6000.0,53.1,S
2021-06-15T14:05:30,200.0,53.1,B
2021-06-15T14:05:29,900.0,53.1,B
2021-06-15T14:05:28,1100.0,53.1,B
2021-06-15T14:05:23,5000.0,53.1,B
2021-06-15T14:05:22,200.0,53.1,B
2021-06-15T14:05:17,1000.0,53.1,B
2021-06-15T14:05:14,200.0,53.1,B
2021-06-15T14:05:10,23100.0,53.1,B
2021-06-15T14:05:08,400.0,53.0,S
2021-06-15T14:05:07,2000.0,53.1,B
2021-06-15T14:05:04,200.0,53.0,S
2021-06-15T14:05:02,100.0,53.0,S
2021-06-15T14:05:00,200.0,53.0,S
2021-06-15T14:04:57,1300.0,53.0,S
2021-06-15T14:04:55,200.0,53.0,S
2021-06-15T14:04:55,1000.0,53.0,S
2021-06-15T14:04:55,1000.0,53.2,B
2021-06-15T14:04:53,400.0,53.0,S
2021-06-15T14:04:53,100.0,53.1,B
2021-06-15T14:04:52,10000.0,53.0,S
2021-06-15T14:04:51,200.0,53.0,S
2021-06-15T14:04:49,500.0,53.0,S
2021-06-15T14:04:48,1000.0,53.0,S
2021-06-15T14:04:48,500.0,53.1,B
2021-06-15T14:04:45,200.0,53.0,S
2021-06-15T14:04:44,400.0,53.0,S
2021-06-15T14:04:44,2000.0,53.0,S
2021-06-15T14:04:41,5000.0,53.0,S
2021-06-15T14:04:41,2000.0,53.2,B
2021-06-15T14:04:39,600.0,53.0,S
2021-06-15T14:04:37,200.0,53.0,S
2021-06-15T14:04:16,200.0,53.0,S
2021-06-15T14:04:14,3000.0,53.0,S
2021-06-15T14:04:08,1400.0,53.0,S
2021-06-15T14:04:07,3700.0,53.2,B
2021-06-15T14:04:07,10900.0,53.2,B
2021-06-15T14:04:05,37700.0,53.2,B
2021-06-15T14:04:05,1700.0,53.2,B
2021-06-15T14:04:05,2100.0,53.2,B
2021-06-15T14:04:05,1400.0,53.2,B
2021-06-15T14:04:05,300.0,53.2,B
2021-06-15T14:04:05,100.0,53.2,B
2021-06-15T14:04:05,1000.0,53.2,B
2021-06-15T14:04:05,1500.0,53.2,B
2021-06-15T14:04:05,52600.0,53.2,B
2021-06-15T14:04:05,1300.0,53.2,B
2021-06-15T14:04:05,86300.0,53.2,B
2021-06-15T14:04:05,5000.0,53.2,B
2021-06-15T14:04:05,100.0,53.2,B
2021-06-15T14:04:05,167000.0,53.2,B
2021-06-15T14:04:05,2500.0,53.2,B
2021-06-15T14:04:05,8000.0,53.2,B
2021-06-15T14:04:05,600.0,53.2,B
2021-06-15T14:04:05,9700.0,53.2,B
2021-06-15T14:04:05,500.0,53.1,B
2021-06-15T14:04:05,300.0,53.1,B
2021-06-15T14:04:05,2200.0,53.1,B
2021-06-15T14:04:05,4000.0,53.1,B
2021-06-15T14:04:05,5900.0,53.1,B
2021-06-15T14:04:05,12200.0,53.1,B
2021-06-15T14:04:05,3700.0,53.1,B
2021-06-15T14:04:05,400.0,53.1,B
2021-06-15T14:04:05,100.0,53.1,B
2021-06-15T14:04:05,14500.0,53.1,B
2021-06-15T14:04:05,2500.0,53.1,B
2021-06-15T14:04:05,60200.0,53.1,B
2021-06-15T14:04:01,500.0,53.0,S
2021-06-15T14:03:59,200.0,53.0,S
2021-06-15T14:03:59,1500.0,53.1,B
2021-06-15T14:03:57,900.0,53.0,S
2021-06-15T14:03:54,500.0,53.0,S
2021-06-15T14:03:54,3500.0,53.0,S
2021-06-15T14:03:52,2200.0,53.0,S
2021-06-15T14:03:51,2000.0,53.0,S
2021-06-15T14:03:47,200.0,53.0,B
2021-06-15T14:03:44,1900.0,53.0,B
2021-06-15T14:03:38,200.0,53.0,B
2021-06-15T14:03:32,5000.0,53.0,B
2021-06-15T14:03:32,1000.0,53.0,B
2021-06-15T14:03:30,200.0,53.0,B
2021-06-15T14:03:25,200.0,53.0,B
2021-06-15T14:03:22,1100.0,53.0,B
2021-06-15T14:03:21,2000.0,53.0,B
2021-06-15T14:03:17,1000.0,53.0,B
2021-06-15T14:03:17,500.0,53.0,B
2021-06-15T14:03:16,200.0,53.0,B
2021-06-15T14:03:15,5000.0,53.0,B
2021-06-15T14:03:13,1000.0,53.1,B
2021-06-15T14:03:08,200.0,53.0,B
2021-06-15T14:03:08,200.0,53.0,B
2021-06-15T14:03:07,200.0,53.0,B
2021-06-15T14:03:04,500.0,53.0,B
2021-06-15T14:02:59,200.0,53.0,B
2021-06-15T14:02:55,500.0,53.0,B
2021-06-15T14:02:51,200.0,53.0,B
2021-06-15T14:02:48,100.0,53.0,B
2021-06-15T14:02:45,100.0,53.0,B
2021-06-15T14:02:44,200.0,53.0,B
2021-06-15T14:02:44,5000.0,53.1,B
2021-06-15T14:02:43,100.0,53.1,B
2021-06-15T14:02:40,200.0,53.0,B
2021-06-15T14:02:40,400.0,53.0,B
2021-06-15T14:02:40,2700.0,53.0,B
2021-06-15T14:02:37,300.0,53.0,B
2021-06-15T14:02:32,500.0,53.0,B
2021-06-15T14:02:30,200.0,53.0,B
2021-06-15T14:02:29,700.0,53.0,B
2021-06-15T14:02:29,2000.0,53.0,B
2021-06-15T14:02:29,100.0,53.0,B
2021-06-15T14:02:27,700.0,53.0,B
2021-06-15T14:02:26,3000.0,53.0,B
2021-06-15T14:02:25,200.0,53.0,B
2021-06-15T14:02:23,800.0,53.0,B
2021-06-15T14:02:21,200.0,53.0,B
2021-06-15T14:02:21,800.0,53.0,B
2021-06-15T14:02:21,1900.0,53.0,B
2021-06-15T14:02:21,600.0,53.0,B
2021-06-15T14:02:20,200.0,53.0,B
2021-06-15T14:02:15,100.0,53.0,B
2021-06-15T14:02:15,800.0,53.0,B
2021-06-15T14:02:14,1200.0,53.0,B
2021-06-15T14:02:11,200.0,53.0,B
2021-06-15T14:02:04,200.0,53.0,B
2021-06-15T14:02:02,2000.0,53.0,B
2021-06-15T14:01:56,3000.0,53.1,B
2021-06-15T14:01:55,4100.0,52.9,S
2021-06-15T14:01:54,400.0,53.0,B
2021-06-15T14:01:54,2000.0,53.0,B
2021-06-15T14:01:53,1000.0,53.1,B
2021-06-15T14:01:53,4000.0,53.1,B
2021-06-15T14:01:53,600.0,53.0,B
2021-06-15T14:01:53,7700.0,53.0,B
2021-06-15T14:01:52,600.0,53.0,B
2021-06-15T14:01:52,100.0,53.0,B
2021-06-15T14:01:50,500.0,53.0,B
2021-06-15T14:01:50,1000.0,53.0,B
2021-06-15T14:01:50,100.0,53.0,B
2021-06-15T14:01:50,800.0,53.0,B
2021-06-15T14:01:50,1300.0,53.0,B
2021-06-15T14:01:50,11700.0,53.0,B
2021-06-15T14:01:50,78900.0,53.0,B
2021-06-15T14:01:44,500.0,53.0,B
2021-06-15T14:01:44,200.0,53.0,B
2021-06-15T14:01:41,200.0,53.0,B
2021-06-15T14:01:39,5000.0,53.0,B
2021-06-15T14:01:38,3900.0,53.0,B
2021-06-15T14:01:38,5000.0,53.0,B
2021-06-15T14:01:37,200.0,53.0,B
2021-06-15T14:01:37,300.0,53.1,B
2021-06-15T14:01:36,2500.0,53.0,B
2021-06-15T14:01:36,5000.0,53.1,B
2021-06-15T14:01:32,3500.0,53.0,B
2021-06-15T14:01:28,200.0,53.0,B
2021-06-15T14:01:28,3000.0,53.0,B
2021-06-15T14:01:28,3700.0,53.0,B
2021-06-15T14:01:27,1000.0,53.0,B
2021-06-15T14:01:24,7000.0,53.0,B
2021-06-15T14:01:23,200.0,53.0,B
2021-06-15T14:01:22,300.0,53.0,B
2021-06-15T14:01:19,200.0,53.1,B
2021-06-15T14:01:18,300.0,53.0,B
2021-06-15T14:01:17,5200.0,53.1,B
2021-06-15T14:01:17,1600.0,53.0,B
2021-06-15T14:01:17,100.0,53.0,B
2021-06-15T14:01:16,200.0,53.0,B
2021-06-15T14:01:16,200.0,53.0,B
2021-06-15T14:01:13,200.0,53.0,B
2021-06-15T14:01:13,200.0,53.0,B
2021-06-15T14:01:12,500.0,53.0,B
2021-06-15T14:01:09,200.0,53.0,B
2021-06-15T14:01:08,300.0,53.0,B
2021-06-15T14:01:08,200.0,53.0,B
2021-06-15T14:01:08,3400.0,53.0,B
2021-06-15T14:01:08,10600.0,53.0,B
2021-06-15T14:01:08,200.0,53.0,B
2021-06-15T14:01:06,100.0,53.0,B
2021-06-15T14:00:54,1200.0,53.0,B
2021-06-15T14:00:54,3800.0,53.0,B
2021-06-15T14:00:54,700.0,53.0,B
2021-06-15T14:00:54,2800.0,53.0,B
2021-06-15T14:00:54,700.0,53.0,B
2021-06-15T14:00:54,300.0,53.0,B
2021-06-15T14:00:53,500.0,53.0,B
2021-06-15T14:00:53,5000.0,53.0,B
2021-06-15T14:00:50,4800.0,53.0,B
2021-06-15T14:00:49,500.0,53.0,B
2021-06-15T14:00:49,500.0,53.0,B
2021-06-15T14:00:49,1800.0,53.0,B
2021-06-15T14:00:49,5000.0,53.0,B
2021-06-15T14:00:46,100.0,53.0,B
2021-06-15T14:00:45,200.0,53.0,B
2021-06-15T14:00:37,200.0,53.0,B
2021-06-15T14:00:30,5000.0,53.0,B
2021-06-15T14:00:28,800.0,53.0,B
2021-06-15T14:00:28,2800.0,53.0,B
2021-06-15T14:00:28,1400.0,53.0,B
2021-06-15T14:00:24,600.0,53.0,B
2021-06-15T14:00:24,7000.0,53.0,B
2021-06-15T14:00:20,2000.0,52.9,B
2021-06-15T14:00:19,500.0,53.0,B
2021-06-15T14:00:16,1900.0,53.0,B
2021-06-15T14:00:16,1000.0,53.0,B
2021-06-15T14:00:16,1400.0,53.0,B
2021-06-15T14:00:16,200.0,53.0,B
2021-06-15T14:00:16,500.0,53.0,B
2021-06-15T14:00:16,800.0,53.0,B
2021-06-15T14:00:15,1800.0,53.0,B
2021-06-15T14:00:11,4100.0,52.9,B
2021-06-15T14:00:11,1000.0,53.0,B
2021-06-15T14:00:09,700.0,52.9,B
2021-06-15T14:00:07,7600.0,53.0,B
2021-06-15T13:59:58,3200.0,53.0,B
2021-06-15T13:59:58,1000.0,53.0,B
2021-06-15T13:59:58,300.0,53.0,B
2021-06-15T13:59:58,200.0,53.0,B
2021-06-15T13:59:58,300.0,53.0,B
2021-06-15T13:59:55,1000.0,52.9,B
2021-06-15T13:59:55,500.0,53.0,B
2021-06-15T13:59:55,1300.0,53.0,B
2021-06-15T13:59:55,400.0,53.0,B
2021-06-15T13:59:54,5400.0,53.0,B
2021-06-15T13:59:52,500.0,52.9,B
2021-06-15T13:59:49,500.0,52.9,B
2021-06-15T13:59:45,200.0,52.9,B
2021-06-15T13:59:41,2000.0,52.9,B
2021-06-15T13:59:34,1500.0,52.9,B
2021-06-15T13:59:32,200.0,52.9,B
2021-06-15T13:59:32,100.0,52.9,B
2021-06-15T13:59:30,500.0,52.9,B
2021-06-15T13:59:29,200.0,52.9,B
2021-06-15T13:59:28,100.0,52.9,B
2021-06-15T13:59:28,100.0,52.9,B
2021-06-15T13:59:27,1000.0,52.9,B
2021-06-15T13:59:27,100.0,52.9,B
2021-06-15T13:59:27,1000.0,52.9,B
2021-06-15T13:59:26,1000.0,52.9,B
2021-06-15T13:59:24,200.0,52.9,B
2021-06-15T13:59:23,200.0,52.9,B
2021-06-15T13:59:23,400.0,52.9,B
2021-06-15T13:59:23,2800.0,52.9,B
2021-06-15T13:59:21,100.0,52.9,B
2021-06-15T13:59:21,2000.0,52.8,S
2021-06-15T13:59:21,5000.0,52.9,B
2021-06-15T13:59:20,400.0,52.9,B
2021-06-15T13:59:16,700.0,52.9,B
2021-06-15T13:59:14,2100.0,52.9,B
2021-06-15T13:59:14,700.0,52.9,B
2021-06-15T13:59:13,300.0,52.9,B
2021-06-15T13:59:11,3200.0,52.9,B
2021-06-15T13:59:11,300.0,52.9,B
2021-06-15T13:59:11,100.0,52.9,B
2021-06-15T13:59:10,300.0,52.9,B
2021-06-15T13:59:09,200.0,52.9,B
2021-06-15T13:59:07,100.0,52.9,B
2021-06-15T13:59:07,800.0,52.9,B
2021-06-15T13:59:06,200.0,52.8,S
2021-06-15T13:59:05,100.0,52.9,B
2021-06-15T13:59:04,2000.0,52.9,B
2021-06-15T13:59:04,400.0,52.9,B
2021-06-15T13:58:58,3000.0,52.8,S
2021-06-15T13:58:58,200.0,52.9,B
2021-06-15T13:58:57,100.0,52.9,B
2021-06-15T13:58:57,1200.0,52.9,B
2021-06-15T13:58:57,500.0,52.9,B
2021-06-15T13:58:55,1000.0,52.9,B
2021-06-15T13:58:55,100.0,52.9,B
2021-06-15T13:58:55,1000.0,52.9,B
2021-06-15T13:58:54,200.0,52.9,B
2021-06-15T13:58:53,100.0,52.9,B
2021-06-15T13:58:52,100.0,52.9,B
2021-06-15T13:58:51,500.0,52.9,B
2021-06-15T13:58:51,1000.0,52.9,B
2021-06-15T13:58:51,300.0,52.9,B
2021-06-15T13:58:50,4500.0,52.8,S
2021-06-15T13:58:50,1500.0,52.8,S
2021-06-15T13:58:49,300.0,52.9,B
2021-06-15T13:58:49,500.0,52.9,B
2021-06-15T13:58:48,500.0,52.9,B
2021-06-15T13:58:48,5000.0,52.9,B
2021-06-15T13:58:48,200.0,52.9,B
2021-06-15T13:58:47,1200.0,52.9,S
2021-06-15T13:58:46,200.0,52.9,S
2021-06-15T13:58:44,600.0,52.9,S
2021-06-15T13:58:42,1000.0,52.9,S
2021-06-15T13:58:41,200.0,52.9,S
2021-06-15T13:58:40,1800.0,52.9,S
2021-06-15T13:58:39,2100.0,52.9,S
2021-06-15T13:58:38,100.0,52.9,S
2021-06-15T13:58:37,200.0,52.9,S
2021-06-15T13:58:36,100.0,52.9,S
2021-06-15T13:58:35,1000.0,52.9,S
2021-06-15T13:58:34,400.0,52.9,S
2021-06-15T13:58:34,3000.0,52.9,S
2021-06-15T13:58:33,300.0,52.9,S
2021-06-15T13:58:29,3000.0,52.9,S
2021-06-15T13:58:29,100.0,52.9,S
2021-06-15T13:58:28,1000.0,52.9,S
2021-06-15T13:58:27,300.0,52.9,S
2021-06-15T13:58:26,1500.0,52.8,S
2021-06-15T13:58:25,200.0,52.9,S
2021-06-15T13:58:24,100.0,52.9,S
2021-06-15T13:58:20,500.0,52.9,S
2021-06-15T13:58:16,1500.0,52.8,S
2021-06-15T13:58:16,500.0,52.8,S
2021-06-15T13:58:16,1100.0,52.9,S
2021-06-15T13:58:16,200.0,52.9,S
2021-06-15T13:58:15,700.0,52.9,S
2021-06-15T13:58:15,200.0,52.9,S
2021-06-15T13:58:14,300.0,52.9,S
2021-06-15T13:58:14,200.0,52.9,S
2021-06-15T13:58:13,1600.0,52.9,S
2021-06-15T13:58:08,200.0,53.0,B
2021-06-15T13:58:07,1000.0,52.9,S
2021-06-15T13:58:06,100.0,52.9,S
2021-06-15T13:58:03,1000.0,52.9,S
2021-06-15T13:58:03,400.0,53.0,B
2021-06-15T13:58:02,1000.0,52.9,S
2021-06-15T13:57:59,100.0,52.9,S
2021-06-15T13:57:58,100.0,52.9,S
2021-06-15T13:57:57,200.0,53.0,B
2021-06-15T13:57:54,3000.0,53.0,B
2021-06-15T13:57:52,1900.0,52.8,S
2021-06-15T13:57:52,500.0,52.8,S
2021-06-15T13:57:52,12600.0,52.8,S
2021-06-15T13:57:52,800.0,53.0,B
2021-06-15T13:57:52,3500.0,53.0,B
2021-06-15T13:57:52,200.0,53.0,B
2021-06-15T13:57:51,11200.0,53.0,B
2021-06-15T13:57:51,1000.0,53.0,B
2021-06-15T13:57:51,1100.0,53.0,B
2021-06-15T13:57:51,1700.0,53.0,B
2021-06-15T13:57:51,2000.0,53.0,B
2021-06-15T13:57:51,300.0,53.0,B
2021-06-15T13:57:51,1300.0,53.0,B
2021-06-15T13:57:51,4200.0,53.0,B
2021-06-15T13:57:51,200.0,53.0,B
2021-06-15T13:57:51,1200.0,53.0,B
2021-06-15T13:57:51,200.0,53.0,B
2021-06-15T13:57:51,2100.0,53.0,B
2021-06-15T13:57:51,1000.0,53.0,B
2021-06-15T13:57:51,1200.0,53.0,B
2021-06-15T13:57:51,5700.0,53.0,B
2021-06-15T13:57:51,2500.0,53.0,B
2021-06-15T13:57:51,200.0,53.0,B
2021-06-15T13:57:50,2900.0,53.0,B
2021-06-15T13:57:50,3300.0,53.0,B
2021-06-15T13:57:50,400.0,53.0,B
2021-06-15T13:57:48,1200.0,53.0,B
2021-06-15T13:57:48,900.0,53.0,B
2021-06-15T13:57:48,100.0,53.0,B
2021-06-15T13:57:48,7200.0,53.0,B
2021-06-15T13:57:48,133900.0,53.0,B
2021-06-15T13:57:48,800.0,53.0,B
2021-06-15T13:57:48,200.0,53.0,B
2021-06-15T13:57:48,100.0,53.0,B
2021-06-15T13:57:48,1000.0,53.0,B
2021-06-15T13:57:48,5200.0,53.0,B
2021-06-15T13:57:48,14000.0,53.0,B
2021-06-15T13:57:48,15800.0,53.0,B
2021-06-15T13:57:48,4200.0,53.0,B
2021-06-15T13:57:48,2700.0,53.0,B
2021-06-15T13:57:48,200.0,53.0,B
2021-06-15T13:57:48,50900.0,53.0,B
2021-06-15T13:57:48,1600.0,53.0,B
2021-06-15T13:57:48,200.0,53.0,B
2021-06-15T13:57:48,1200.0,53.0,B
2021-06-15T13:57:48,62700.0,53.0,B
2021-06-15T13:57:48,3500.0,53.0,B
2021-06-15T13:57:48,1300.0,53.0,B
2021-06-15T13:57:48,2000.0,53.0,B
2021-06-15T13:57:48,3100.0,53.0,B
2021-06-15T13:57:47,700.0,53.0,B
2021-06-15T13:57:47,8500.0,53.0,B
2021-06-15T13:57:47,2000.0,53.0,B
2021-06-15T13:57:47,6000.0,53.0,B
2021-06-15T13:57:47,3200.0,53.0,B
2021-06-15T13:57:46,117400.0,52.9,S
2021-06-15T13:57:46,200.0,52.8,S
2021-06-15T13:57:46,300.0,52.9,S
2021-06-15T13:57:43,100.0,52.9,S
2021-06-15T13:57:42,200.0,52.9,S
2021-06-15T13:57:40,100.0,52.9,S
2021-06-15T13:57:39,1000.0,52.9,S
2021-06-15T13:57:38,300.0,52.9,S
2021-06-15T13:57:34,100.0,52.9,S
2021-06-15T13:57:28,200.0,52.8,S
2021-06-15T13:57:24,1000.0,52.9,S
2021-06-15T13:57:20,1000.0,52.9,S
2021-06-15T13:57:15,5000.0,52.9,S
2021-06-15T13:57:13,500.0,52.8,S
2021-06-15T13:57:12,400.0,52.8,S
2021-06-15T13:57:12,100.0,52.9,S
2021-06-15T13:57:11,1000.0,52.9,S
2021-06-15T13:57:11,100.0,52.9,S
2021-06-15T13:57:09,1000.0,52.9,S
2021-06-15T13:57:09,300.0,52.9,S
2021-06-15T13:57:09,1000.0,52.9,S
2021-06-15T13:57:07,1000.0,52.9,S
2021-06-15T13:57:05,1000.0,52.9,S
2021-06-15T13:57:04,100.0,52.9,S
2021-06-15T13:57:02,1000.0,52.9,S
2021-06-15T13:57:02,100.0,52.9,S
2021-06-15T13:57:02,100.0,52.9,S
2021-06-15T13:57:01,200.0,52.9,S
2021-06-15T13:57:00,200.0,52.8,S
2021-06-15T13:57:00,4800.0,52.8,S
2021-06-15T13:57:00,500.0,52.9,S
2021-06-15T13:57:00,5600.0,52.9,S
2021-06-15T13:56:58,600.0,52.9,S
2021-06-15T13:56:58,3600.0,52.9,S
2021-06-15T13:56:58,20300.0,52.9,S
2021-06-15T13:56:57,9000.0,52.9,S
2021-06-15T13:56:57,1000.0,52.9,S
2021-06-15T13:56:57,1000.0,52.9,S
2021-06-15T13:56:52,1500.0,52.9,S
2021-06-15T13:56:52,3500.0,52.9,S
2021-06-15T13:56:46,100.0,53.0,B
2021-06-15T13:56:45,200.0,53.0,B
2021-06-15T13:56:38,1000.0,52.8,S
2021-06-15T13:56:37,3000.0,53.0,B
2021-06-15T13:56:37,2000.0,52.9,S
2021-06-15T13:56:35,1000.0,52.9,S
2021-06-15T13:56:35,200.0,52.9,S
2021-06-15T13:56:35,200.0,52.9,S
2021-06-15T13:56:34,500.0,53.0,B
2021-06-15T13:56:34,800.0,52.8,S
2021-06-15T13:56:34,29700.0,52.8,S
2021-06-15T13:56:34,6000.0,52.9,S
2021-06-15T13:56:33,3500.0,52.9,S
2021-06-15T13:56:33,200.0,52.9,S
2021-06-15T13:56:28,300.0,52.9,S
2021-06-15T13:56:28,600.0,52.9,S
2021-06-15T13:56:28,1000.0,52.9,S
2021-06-15T13:56:27,500.0,52.9,S
2021-06-15T13:56:27,2300.0,52.9,S
2021-06-15T13:56:27,2600.0,52.9,S
2021-06-15T13:56:27,900.0,52.9,S
2021-06-15T13:56:27,1000.0,52.9,S
2021-06-15T13:56:27,3700.0,52.9,S
2021-06-15T13:56:27,1700.0,52.9,S
2021-06-15T13:56:27,3400.0,52.9,S
2021-06-15T13:56:27,400.0,52.9,S
2021-06-15T13:56:27,1800.0,52.9,S
2021-06-15T13:56:27,1800.0,52.9,S
2021-06-15T13:56:27,600.0,52.9,S
2021-06-15T13:56:27,5700.0,52.9,S
2021-06-15T13:56:27,4800.0,52.9,S
2021-06-15T13:56:27,200.0,52.9,S
2021-06-15T13:56:26,2100.0,52.9,S
2021-06-15T13:56:26,1000.0,52.9,S
2021-06-15T13:56:26,700.0,52.9,S
2021-06-15T13:56:26,700.0,52.9,S
2021-06-15T13:56:26,600.0,52.9,S
2021-06-15T13:56:26,1600.0,52.9,S
2021-06-15T13:56:26,100.0,52.9,S
2021-06-15T13:56:26,4800.0,52.9,S
2021-06-15T13:56:26,300.0,52.9,S
2021-06-15T13:56:26,1900.0,52.9,S
2021-06-15T13:56:26,200.0,52.9,S
2021-06-15T13:56:26,100.0,52.9,S
2021-06-15T13:56:26,400.0,52.9,S
2021-06-15T13:56:26,10300.0,52.9,S
2021-06-15T13:56:26,200.0,52.9,S
2021-06-15T13:56:26,1000.0,52.9,S
2021-06-15T13:56:26,2600.0,52.9,S
2021-06-15T13:56:26,100.0,52.9,S
2021-06-15T13:56:26,400.0,52.9,S
2021-06-15T13:56:26,1100.0,52.9,S
2021-06-15T13:56:26,900.0,52.9,S
2021-06-15T13:56:26,7800.0,52.9,S
2021-06-15T13:56:26,600.0,52.9,S
2021-06-15T13:56:25,400.0,52.9,S
2021-06-15T13:56:25,100.0,52.9,S
2021-06-15T13:56:25,500.0,52.9,S
2021-06-15T13:56:25,2700.0,52.9,S
2021-06-15T13:56:25,400.0,52.9,S
2021-06-15T13:56:25,1100.0,52.9,S
2021-06-15T13:56:25,1500.0,52.9,S
2021-06-15T13:56:25,200.0,52.9,S
2021-06-15T13:56:25,1500.0,52.9,S
2021-06-15T13:56:25,7000.0,52.9,S
2021-06-15T13:56:24,5000.0,53.0,B
2021-06-15T13:56:22,1000.0,53.0,B
2021-06-15T13:56:19,300.0,52.9,S
2021-06-15T13:56:18,500.0,53.0,B
2021-06-15T13:56:13,500.0,53.0,B
2021-06-15T13:56:08,10000.0,52.9,S
2021-06-15T13:56:08,800.0,52.9,S
2021-06-15T13:56:08,500.0,52.9,S
2021-06-15T13:56:08,8700.0,52.9,S
2021-06-15T13:56:07,500.0,53.0,B
2021-06-15T13:55:57,700.0,53.0,B
2021-06-15T13:55:54,200.0,52.9,S
2021-06-15T13:55:52,600.0,53.0,B
2021-06-15T13:55:51,100.0,53.0,B
2021-06-15T13:55:50,100.0,53.0,B
2021-06-15T13:55:49,100.0,53.0,B
2021-06-15T13:55:48,700.0,53.0,B
2021-06-15T13:55:48,200.0,52.9,S
2021-06-15T13:55:48,2600.0,52.9,S
2021-06-15T13:55:46,2100.0,52.9,S
2021-06-15T13:55:46,700.0,52.9,S
2021-06-15T13:55:46,1400.0,52.9,S
2021-06-15T13:55:46,800.0,52.9,S
2021-06-15T13:55:46,500.0,53.0,B
2021-06-15T13:55:44,3000.0,52.9,S
2021-06-15T13:55:44,500.0,53.0,B
2021-06-15T13:55:44,2000.0,52.9,S
2021-06-15T13:55:42,200.0,53.0,B
2021-06-15T13:55:34,900.0,52.9,S
2021-06-15T13:55:34,800.0,53.0,B
2021-06-15T13:55:34,200.0,53.0,B
2021-06-15T13:55:34,200.0,53.0,B
2021-06-15T13:55:31,200.0,52.9,S
2021-06-15T13:55:25,2000.0,52.9,S
2021-06-15T13:55:09,300.0,53.0,B
2021-06-15T13:55:09,200.0,53.0,B
2021-06-15T13:55:09,200.0,53.0,B
2021-06-15T13:55:07,100.0,53.0,B
2021-06-15T13:55:01,200.0,52.9,S
2021-06-15T13:55:01,1600.0,52.9,S
2021-06-15T13:55:01,600.0,52.9,S
2021-06-15T13:55:01,400.0,52.9,S
2021-06-15T13:55:01,3200.0,52.9,S
2021-06-15T13:55:01,100.0,53.0,B
2021-06-15T13:54:58,100.0,53.0,B
2021-06-15T13:54:57,200.0,53.0,B
2021-06-15T13:54:56,100.0,53.0,B
2021-06-15T13:54:55,1000.0,53.0,B
2021-06-15T13:54:52,500.0,53.0,B
2021-06-15T13:54:46,1000.0,53.0,B
2021-06-15T13:54:44,800.0,52.9,S
2021-06-15T13:54:41,1400.0,53.0,B
2021-06-15T13:54:40,200.0,53.0,B
2021-06-15T13:54:37,1100.0,53.0,B
2021-06-15T13:54:37,1000.0,52.9,S
2021-06-15T13:54:33,300.0,53.0,B
2021-06-15T13:54:30,300.0,52.9,S
2021-06-15T13:54:29,100.0,53.0,B
2021-06-15T13:54:28,1000.0,52.9,S
2021-06-15T13:54:27,700.0,53.0,B
2021-06-15T13:54:14,500.0,53.0,B
2021-06-15T13:54:13,200.0,53.0,B
2021-06-15T13:54:13,5800.0,53.0,B
2021-06-15T13:54:10,200.0,52.9,S
2021-06-15T13:54:08,100.0,53.0,B
2021-06-15T13:54:08,7000.0,53.0,B
2021-06-15T13:54:08,1200.0,53.0,B
2021-06-15T13:54:07,2000.0,53.0,B
2021-06-15T13:54:06,200.0,53.0,B
2021-06-15T13:54:05,300.0,53.0,B
2021-06-15T13:54:04,2000.0,52.9,S
2021-06-15T13:54:03,100.0,53.0,B
2021-06-15T13:54:03,1500.0,52.9,S
2021-06-15T13:53:55,100.0,53.0,B
2021-06-15T13:53:51,100.0,53.0,B
2021-06-15T13:53:50,1000.0,53.0,B
2021-06-15T13:53:50,3400.0,52.9,S
2021-06-15T13:53:50,1500.0,52.9,S
2021-06-15T13:53:50,300.0,53.0,B
2021-06-15T13:53:48,100.0,53.0,B
2021-06-15T13:53:46,100.0,53.0,B
2021-06-15T13:53:45,1000.0,53.0,B
2021-06-15T13:53:39,300.0,53.0,B
2021-06-15T13:53:37,100.0,53.0,B
2021-06-15T13:53:34,100.0,53.0,B
2021-06-15T13:53:33,20000.0,53.0,B
2021-06-15T13:53:33,1000.0,52.9,S
2021-06-15T13:53:33,400.0,53.0,B
2021-06-15T13:53:29,200.0,53.0,B
2021-06-15T13:53:28,700.0,53.0,B
2021-06-15T13:53:26,1000.0,52.9,S
2021-06-15T13:53:25,300.0,52.9,S
2021-06-15T13:53:25,600.0,52.9,S
2021-06-15T13:53:25,1300.0,52.9,S
2021-06-15T13:53:25,100.0,52.9,S
2021-06-15T13:53:25,1300.0,52.9,S
2021-06-15T13:53:25,400.0,52.9,S
2021-06-15T13:53:25,700.0,52.9,S
2021-06-15T13:53:25,3300.0,52.9,S
2021-06-15T13:53:24,6000.0,53.0,B
2021-06-15T13:53:23,1100.0,52.9,S
2021-06-15T13:53:22,200.0,52.9,S
2021-06-15T13:53:22,200.0,52.9,S
2021-06-15T13:53:20,100.0,53.0,B
2021-06-15T13:53:18,900.0,52.9,S
2021-06-15T13:53:14,2400.0,53.0,B
2021-06-15T13:53:00,2100.0,53.0,B
2021-06-15T13:52:58,100.0,53.0,B
2021-06-15T13:52:57,100.0,53.0,B
2021-06-15T13:52:57,100.0,53.0,B
2021-06-15T13:52:46,100.0,53.0,B
2021-06-15T13:52:43,5000.0,53.0,B
2021-06-15T13:52:43,500.0,52.9,S
2021-06-15T13:52:42,500.0,53.0,B
2021-06-15T13:52:37,500.0,53.0,B
2021-06-15T13:52:35,100.0,53.0,B
2021-06-15T13:52:35,1500.0,53.0,B
2021-06-15T13:52:34,100.0,53.0,B
2021-06-15T13:52:34,300.0,53.0,B
2021-06-15T13:52:32,300.0,52.9,S
2021-06-15T13:52:32,100.0,53.0,S
2021-06-15T13:52:32,12400.0,53.0,S
2021-06-15T13:52:27,1000.0,53.0,S
2021-06-15T13:52:25,3500.0,52.9,S
2021-06-15T13:52:21,100.0,53.0,S
2021-06-15T13:52:20,100.0,53.0,S
2021-06-15T13:52:19,5000.0,53.0,S
2021-06-15T13:52:18,1800.0,53.0,S
2021-06-15T13:52:16,600.0,53.0,S
2021-06-15T13:52:16,500.0,52.9,S
2021-06-15T13:52:13,3800.0,53.0,S
2021-06-15T13:52:12,1000.0,53.0,S
2021-06-15T13:52:05,2500.0,53.0,S
2021-06-15T13:52:03,100.0,53.0,S
2021-06-15T13:52:03,15300.0,52.9,S
2021-06-15T13:52:03,1700.0,52.9,S
2021-06-15T13:52:01,100.0,53.0,S
2021-06-15T13:52:01,700.0,53.0,S
2021-06-15T13:51:59,1500.0,53.0,S
2021-06-15T13:51:59,100.0,53.0,S
2021-06-15T13:51:57,100.0,53.0,S
2021-06-15T13:51:56,100.0,53.0,S
2021-06-15T13:51:55,1000.0,53.0,S
2021-06-15T13:51:53,500.0,53.0,S
2021-06-15T13:51:46,800.0,53.0,S
2021-06-15T13:51:45,400.0,53.0,S
2021-06-15T13:51:44,100.0,53.0,S
2021-06-15T13:51:44,100.0,53.0,S
2021-06-15T13:51:43,500.0,53.0,S
2021-06-15T13:51:42,1000.0,52.9,S
2021-06-15T13:51:41,300.0,52.9,S
2021-06-15T13:51:41,300.0,52.9,S
2021-06-15T13:51:41,100.0,52.9,S
2021-06-15T13:51:41,12400.0,52.9,S
2021-06-15T13:51:41,1200.0,52.9,S
2021-06-15T13:51:41,2000.0,52.9,S
2021-06-15T13:51:41,300.0,52.9,S
2021-06-15T13:51:40,11800.0,52.9,S
2021-06-15T13:51:40,2600.0,52.9,S
2021-06-15T13:51:40,3600.0,52.9,S
2021-06-15T13:51:40,5700.0,52.9,S
2021-06-15T13:51:40,100.0,52.9,S
2021-06-15T13:51:40,100.0,52.9,S
2021-06-15T13:51:40,400.0,52.9,S
2021-06-15T13:51:40,5400.0,52.9,S
2021-06-15T13:51:40,1100.0,52.9,S
2021-06-15T13:51:40,1100.0,52.9,S
2021-06-15T13:51:40,1100.0,52.9,S
2021-06-15T13:51:40,2000.0,52.9,S
2021-06-15T13:51:40,900.0,52.9,S
2021-06-15T13:51:40,300.0,52.9,S
2021-06-15T13:51:40,1200.0,52.9,S
2021-06-15T13:51:39,700.0,52.9,S
2021-06-15T13:51:39,4700.0,52.9,S
2021-06-15T13:51:39,400.0,52.9,S
2021-06-15T13:51:39,700.0,52.9,S
2021-06-15T13:51:39,1600.0,52.9,S
2021-06-15T13:51:39,4800.0,52.9,S
2021-06-15T13:51:39,1400.0,52.9,S
2021-06-15T13:51:39,700.0,52.9,S
2021-06-15T13:51:39,500.0,52.9,S
2021-06-15T13:51:39,21900.0,52.9,S
2021-06-15T13:51:39,200.0,52.9,S
2021-06-15T13:51:39,200.0,52.9,S
2021-06-15T13:51:39,10700.0,52.9,S
2021-06-15T13:51:38,1000.0,53.0,S
2021-06-15T13:51:37,100.0,53.0,S
2021-06-15T13:51:36,1200.0,53.0,S
2021-06-15T13:51:36,100.0,53.0,S
2021-06-15T13:51:35,5000.0,53.0,S
2021-06-15T13:51:31,2200.0,53.0,S
2021-06-15T13:51:29,300.0,52.9,S
2021-06-15T13:51:21,500.0,53.0,S
2021-06-15T13:51:20,600.0,53.0,S
2021-06-15T13:51:18,10100.0,53.0,S
2021-06-15T13:51:18,100.0,53.0,S
2021-06-15T13:51:18,200.0,53.0,S
2021-06-15T13:51:17,2100.0,53.0,S
2021-06-15T13:51:17,200.0,53.0,S
2021-06-15T13:51:17,49800.0,53.0,S
2021-06-15T13:51:17,15500.0,53.0,S
2021-06-15T13:51:17,200.0,53.0,S
2021-06-15T13:51:17,50500.0,53.0,S
2021-06-15T13:51:17,22600.0,53.0,S
2021-06-15T13:51:17,3300.0,53.0,S
2021-06-15T13:51:17,10500.0,53.0,S
2021-06-15T13:51:17,3500.0,53.0,S
2021-06-15T13:51:17,2700.0,53.0,S
2021-06-15T13:51:17,1900.0,53.0,S
2021-06-15T13:51:17,3000.0,53.0,S
2021-06-15T13:51:17,3200.0,53.0,S
2021-06-15T13:51:15,11800.0,53.0,S
2021-06-15T13:51:15,2000.0,53.0,S
2021-06-15T13:51:15,600.0,53.0,S
2021-06-15T13:51:15,500.0,53.0,S
2021-06-15T13:51:15,10200.0,53.0,S
2021-06-15T13:51:15,900.0,53.0,S
2021-06-15T13:51:15,4200.0,53.0,S
2021-06-15T13:51:15,5000.0,53.0,S
2021-06-15T13:51:15,1100.0,53.0,S
2021-06-15T13:51:15,400.0,53.0,S
2021-06-15T13:51:15,5000.0,53.0,S
2021-06-15T13:51:15,1500.0,53.0,S
2021-06-15T13:51:15,600.0,53.0,S
2021-06-15T13:51:15,100.0,53.0,S
2021-06-15T13:51:15,10800.0,53.0,S
2021-06-15T13:51:15,1000.0,53.0,S
2021-06-15T13:51:15,700.0,53.0,S
2021-06-15T13:51:15,3000.0,53.0,S
2021-06-15T13:51:15,300.0,53.0,S
2021-06-15T13:51:15,9500.0,53.0,S
2021-06-15T13:51:15,200.0,53.0,S
2021-06-15T13:51:15,1400.0,53.0,S
2021-06-15T13:51:15,10500.0,53.0,S
2021-06-15T13:51:15,2100.0,53.0,S
2021-06-15T13:51:15,1500.0,53.0,S
2021-06-15T13:51:15,11600.0,53.0,S
2021-06-15T13:51:15,2900.0,53.0,S
2021-06-15T13:51:14,200.0,53.0,S
2021-06-15T13:51:14,11500.0,53.0,S
2021-06-15T13:51:14,12000.0,53.0,S
2021-06-15T13:51:14,2200.0,53.0,S
2021-06-15T13:51:14,300.0,53.0,S
2021-06-15T13:51:14,1000.0,53.0,S
2021-06-15T13:51:14,1800.0,53.0,S
2021-06-15T13:51:14,26300.0,53.0,S
2021-06-15T13:51:14,10100.0,53.0,S
2021-06-15T13:51:14,600.0,53.0,S
2021-06-15T13:51:13,3200.0,53.0,S
2021-06-15T13:51:13,400.0,53.0,S
2021-06-15T13:51:13,100.0,53.0,S
2021-06-15T13:51:13,1100.0,53.0,S
2021-06-15T13:51:13,3500.0,53.0,S
2021-06-15T13:51:13,1700.0,53.0,S
2021-06-15T13:51:13,5600.0,53.0,S
2021-06-15T13:51:13,1000.0,53.0,S
2021-06-15T13:51:13,1200.0,53.0,S
2021-06-15T13:51:13,6800.0,53.0,S
2021-06-15T13:51:13,600.0,53.0,S
2021-06-15T13:51:13,800.0,53.0,S
2021-06-15T13:51:13,900.0,53.0,S
2021-06-15T13:51:13,100.0,53.0,S
2021-06-15T13:51:13,1400.0,53.0,S
2021-06-15T13:51:13,700.0,53.0,S
2021-06-15T13:51:13,1500.0,53.0,S
2021-06-15T13:51:13,5000.0,53.0,S
2021-06-15T13:51:12,8500.0,53.0,S
2021-06-15T13:51:12,7600.0,53.0,S
2021-06-15T13:51:12,600.0,53.0,S
2021-06-15T13:51:12,300.0,53.0,S
2021-06-15T13:51:12,300.0,53.0,S
2021-06-15T13:51:12,1400.0,53.0,S
2021-06-15T13:51:12,600.0,53.0,S
2021-06-15T13:51:12,300.0,53.0,S
2021-06-15T13:51:12,800.0,53.0,S
2021-06-15T13:51:12,200.0,53.0,S
2021-06-15T13:51:12,700.0,53.0,S
2021-06-15T13:51:12,10700.0,53.0,S
2021-06-15T13:51:12,400.0,53.0,S
2021-06-15T13:51:12,700.0,53.0,S
2021-06-15T13:51:12,3800.0,53.0,S
2021-06-15T13:51:12,1100.0,53.0,S
2021-06-15T13:51:12,500.0,53.0,S
2021-06-15T13:51:12,1300.0,53.0,S
2021-06-15T13:51:10,4500.0,53.0,S
2021-06-15T13:51:10,1000.0,53.0,S
2021-06-15T13:51:10,6400.0,53.0,S
2021-06-15T13:51:10,1100.0,53.0,S
2021-06-15T13:51:10,3300.0,53.0,S
2021-06-15T13:51:10,900.0,53.0,S
2021-06-15T13:51:10,2800.0,53.0,S
2021-06-15T13:51:10,2000.0,53.0,S
2021-06-15T13:51:10,6700.0,53.0,S
2021-06-15T13:51:10,1000.0,53.0,S
2021-06-15T13:51:10,3100.0,53.0,S
2021-06-15T13:51:10,1600.0,53.0,S
2021-06-15T13:51:10,500.0,53.0,S
2021-06-15T13:51:10,500.0,53.0,S
2021-06-15T13:51:10,1000.0,53.0,S
2021-06-15T13:51:10,500.0,53.0,S
2021-06-15T13:51:10,100.0,53.0,S
2021-06-15T13:51:10,300.0,53.0,S
2021-06-15T13:51:10,6200.0,53.0,S
2021-06-15T13:51:10,1900.0,53.0,S
2021-06-15T13:51:10,1500.0,53.0,S
2021-06-15T13:51:10,800.0,53.0,S
2021-06-15T13:51:10,200.0,53.0,S
2021-06-15T13:51:10,500.0,53.0,S
2021-06-15T13:51:10,1000.0,53.0,S
2021-06-15T13:51:10,400.0,53.0,S
2021-06-15T13:51:10,1300.0,53.0,S
2021-06-15T13:51:10,300.0,53.0,S
2021-06-15T13:51:10,300.0,53.0,S
2021-06-15T13:51:10,800.0,53.0,S
2021-06-15T13:51:10,7300.0,53.0,S
2021-06-15T13:51:10,10000.0,53.0,S
2021-06-15T13:51:10,5200.0,53.0,S
2021-06-15T13:51:10,900.0,53.0,S
2021-06-15T13:51:10,1300.0,53.0,S
2021-06-15T13:51:10,100.0,53.0,S
2021-06-15T13:51:10,100.0,53.0,S
2021-06-15T13:51:10,5100.0,53.0,S
2021-06-15T13:51:09,10000.0,53.0,S
2021-06-15T13:51:05,100.0,53.0,S
2021-06-15T13:51:05,100.0,53.0,S
2021-06-15T13:51:02,100.0,53.1,S
2021-06-15T13:50:58,500.0,53.1,S
2021-06-15T13:50:57,100.0,53.1,S
2021-06-15T13:50:55,200.0,53.0,S
2021-06-15T13:50:50,5400.0,53.0,S
2021-06-15T13:50:49,1100.0,53.0,S
2021-06-15T13:50:49,400.0,53.0,S
2021-06-15T13:50:49,2200.0,53.0,S
2021-06-15T13:50:49,5200.0,53.0,S
2021-06-15T13:50:49,600.0,53.0,S
2021-06-15T13:50:49,800.0,53.0,S
2021-06-15T13:50:49,4100.0,53.0,S
2021-06-15T13:50:49,200.0,53.0,S
2021-06-15T13:50:49,5400.0,53.0,S
2021-06-15T13:50:49,1100.0,53.0,S
2021-06-15T13:50:49,200.0,53.0,S
2021-06-15T13:50:49,1400.0,53.0,S
2021-06-15T13:50:49,1000.0,53.0,S
2021-06-15T13:50:49,200.0,53.0,S
2021-06-15T13:50:49,10300.0,53.0,S
2021-06-15T13:50:49,1200.0,53.0,S
2021-06-15T13:50:49,2500.0,53.0,S
2021-06-15T13:50:49,13100.0,53.0,S
2021-06-15T13:50:49,2500.0,53.0,S
2021-06-15T13:50:48,3600.0,53.0,S
2021-06-15T13:50:48,2300.0,53.0,S
2021-06-15T13:50:48,300.0,53.0,S
2021-06-15T13:50:48,1600.0,53.0,S
2021-06-15T13:50:48,1900.0,53.0,S
2021-06-15T13:50:48,3700.0,53.0,S
2021-06-15T13:50:48,600.0,53.0,S
2021-06-15T13:50:48,2600.0,53.0,S
2021-06-15T13:50:48,2200.0,53.0,S
2021-06-15T13:50:48,500.0,53.0,S
2021-06-15T13:50:48,4500.0,53.0,S
2021-06-15T13:50:48,2000.0,53.0,S
2021-06-15T13:50:48,2400.0,53.0,S
2021-06-15T13:50:48,1300.0,53.0,S
2021-06-15T13:50:48,200.0,53.0,S
2021-06-15T13:50:47,48900.0,53.0,S
2021-06-15T13:50:46,400.0,53.1,S
2021-06-15T13:50:45,6000.0,53.1,S
2021-06-15T13:50:44,200.0,53.0,S
2021-06-15T13:50:38,1500.0,53.1,S
2021-06-15T13:50:38,200.0,53.0,S
2021-06-15T13:50:34,500.0,53.1,S
2021-06-15T13:50:33,300.0,53.1,S
2021-06-15T13:50:33,200.0,53.0,S
2021-06-15T13:50:32,200.0,53.0,S
2021-06-15T13:50:31,100.0,53.1,S
2021-06-15T13:50:30,1000.0,53.1,S
2021-06-15T13:50:27,200.0,53.0,S
2021-06-15T13:50:21,100.0,53.1,S
2021-06-15T13:50:21,500.0,53.1,S
2021-06-15T13:50:21,200.0,53.0,S
2021-06-15T13:50:20,300.0,53.1,S
2021-06-15T13:50:19,200.0,53.1,S
2021-06-15T13:50:19,1500.0,53.1,S
2021-06-15T13:50:19,10000.0,53.1,S
2021-06-15T13:50:19,400.0,53.1,S
2021-06-15T13:50:19,2100.0,53.1,S
2021-06-15T13:50:19,2600.0,53.1,S
2021-06-15T13:50:18,19900.0,53.1,S
2021-06-15T13:50:18,800.0,53.1,S
2021-06-15T13:50:17,1000.0,53.1,S
2021-06-15T13:50:17,300.0,53.1,S
2021-06-15T13:50:16,200.0,53.1,S
2021-06-15T13:50:14,500.0,53.1,S
2021-06-15T13:50:12,200.0,53.1,S
2021-06-15T13:50:11,500.0,53.1,S
2021-06-15T13:50:05,5000.0,53.1,S
2021-06-15T13:50:05,1000.0,53.1,S
2021-06-15T13:50:04,1400.0,53.1,S
2021-06-15T13:49:57,200.0,53.1,S
2021-06-15T13:49:53,300.0,53.1,S
2021-06-15T13:49:51,1000.0,53.1,S
2021-06-15T13:49:49,100.0,53.1,S
2021-06-15T13:49:49,2100.0,53.1,S
2021-06-15T13:49:49,1000.0,53.1,S
2021-06-15T13:49:49,2000.0,53.1,S
2021-06-15T13:49:49,2000.0,53.1,S
2021-06-15T13:49:49,300.0,53.1,S
2021-06-15T13:49:49,6500.0,53.1,S
2021-06-15T13:49:48,100.0,53.1,S
2021-06-15T13:49:48,200.0,53.1,S
2021-06-15T13:49:48,900.0,53.1,S
2021-06-15T13:49:48,100.0,53.1,S
2021-06-15T13:49:47,700.0,53.1,S
2021-06-15T13:49:46,300.0,53.1,S
2021-06-15T13:49:44,900.0,53.1,S
2021-06-15T13:49:44,100.0,53.1,S
2021-06-15T13:49:44,1000.0,53.1,S
2021-06-15T13:49:43,600.0,53.1,S
2021-06-15T13:49:29,200.0,53.1,S
2021-06-15T13:49:28,2000.0,53.1,S
2021-06-15T13:49:27,1000.0,53.2,B
2021-06-15T13:49:25,1000.0,53.1,S
2021-06-15T13:49:21,200.0,53.1,S
2021-06-15T13:49:21,100.0,53.1,S
2021-06-15T13:49:20,5000.0,53.1,S
2021-06-15T13:49:19,200.0,53.1,S
2021-06-15T13:49:18,1100.0,53.2,B
2021-06-15T13:49:15,2000.0,53.1,S
2021-06-15T13:49:10,1700.0,53.1,S
2021-06-15T13:49:09,200.0,53.1,S
2021-06-15T13:49:04,200.0,53.1,S
2021-06-15T13:49:04,1000.0,53.1,S
2021-06-15T13:48:59,200.0,53.1,S
2021-06-15T13:48:57,100.0,53.1,S
2021-06-15T13:48:55,3100.0,53.2,B
2021-06-15T13:48:53,6300.0,53.1,S
2021-06-15T13:48:52,400.0,53.1,S
2021-06-15T13:48:52,1600.0,53.1,S
2021-06-15T13:48:49,2400.0,53.1,S
2021-06-15T13:48:48,7600.0,53.1,S
2021-06-15T13:48:45,200.0,53.1,S
2021-06-15T13:48:40,200.0,53.1,S
2021-06-15T13:48:37,200.0,53.1,S
2021-06-15T13:48:33,5000.0,53.1,S
2021-06-15T13:48:32,200.0,53.1,S
2021-06-15T13:48:30,100.0,53.2,S
2021-06-15T13:48:28,500.0,53.1,S
2021-06-15T13:48:28,1900.0,53.2,S
2021-06-15T13:48:27,500.0,53.1,S
2021-06-15T13:48:27,1300.0,53.2,S
2021-06-15T13:48:26,200.0,53.1,S
2021-06-15T13:48:21,200.0,53.1,S
2021-06-15T13:48:11,200.0,53.1,S
2021-06-15T13:48:01,300.0,53.2,S
2021-06-15T13:48:01,100.0,53.1,S
2021-06-15T13:48:01,200.0,53.1,S
2021-06-15T13:48:01,100.0,53.1,S
2021-06-15T13:47:56,100.0,53.1,S
2021-06-15T13:47:53,200.0,53.1,S
2021-06-15T13:47:52,500.0,53.2,S
2021-06-15T13:47:51,4200.0,53.1,S
2021-06-15T13:47:47,1700.0,53.2,S
2021-06-15T13:47:45,200.0,53.1,S
2021-06-15T13:47:41,1000.0,53.1,S
2021-06-15T13:47:38,200.0,53.1,S
2021-06-15T13:47:37,6000.0,53.1,S
2021-06-15T13:47:32,2200.0,53.2,S
2021-06-15T13:47:27,2800.0,53.1,S
2021-06-15T13:47:27,2700.0,53.1,S
2021-06-15T13:47:27,1600.0,53.1,S
2021-06-15T13:47:27,400.0,53.1,S
2021-06-15T13:47:27,2500.0,53.1,S
2021-06-15T13:47:26,500.0,53.1,S
2021-06-15T13:47:26,500.0,53.1,S
2021-06-15T13:47:25,200.0,53.1,S
2021-06-15T13:47:20,1000.0,53.1,S
2021-06-15T13:47:17,200.0,53.1,S
2021-06-15T13:47:17,300.0,53.1,S
2021-06-15T13:47:17,100.0,53.1,S
2021-06-15T13:47:15,1000.0,53.2,S
2021-06-15T13:47:14,600.0,53.2,S
2021-06-15T13:47:11,3300.0,53.2,S
2021-06-15T13:47:11,200.0,53.1,S
2021-06-15T13:47:11,1300.0,53.1,S
2021-06-15T13:47:11,4000.0,53.1,S
2021-06-15T13:47:11,5700.0,53.1,S
2021-06-15T13:47:10,200.0,53.1,S
2021-06-15T13:47:07,200.0,53.1,S
2021-06-15T13:47:04,200.0,53.1,S
2021-06-15T13:47:04,200.0,53.1,S
2021-06-15T13:47:03,2000.0,53.1,S
2021-06-15T13:46:57,200.0,53.1,S
2021-06-15T13:46:50,500.0,53.1,S
2021-06-15T13:46:49,200.0,53.1,S
2021-06-15T13:46:46,2000.0,53.2,S
2021-06-15T13:46:43,200.0,53.1,S
2021-06-15T13:46:42,100.0,53.1,S
2021-06-15T13:46:36,300.0,53.1,S
2021-06-15T13:46:36,100.0,53.1,S
2021-06-15T13:46:33,1000.0,53.1,S
2021-06-15T13:46:30,200.0,53.1,S
2021-06-15T13:46:29,3000.0,53.1,S
2021-06-15T13:46:27,1300.0,53.2,S
2021-06-15T13:46:23,600.0,53.1,S
2021-06-15T13:46:23,400.0,53.1,S
2021-06-15T13:46:23,26000.0,53.2,S
2021-06-15T13:46:19,200.0,53.1,S
2021-06-15T13:46:16,500.0,53.1,S
2021-06-15T13:46:13,1000.0,53.1,S
2021-06-15T13:46:12,2000.0,53.1,S
2021-06-15T13:46:12,200.0,53.1,S
2021-06-15T13:46:12,200.0,53.1,S
2021-06-15T13:46:12,200.0,53.1,S
2021-06-15T13:46:12,1600.0,53.1,S
2021-06-15T13:46:11,500.0,53.1,S
2021-06-15T13:46:11,500.0,53.1,S
2021-06-15T13:46:10,200.0,53.2,S
2021-06-15T13:46:09,1500.0,53.1,S
2021-06-15T13:46:04,200.0,53.1,S
2021-06-15T13:46:02,2000.0,53.1,S
2021-06-15T13:45:56,1100.0,53.1,S
2021-06-15T13:45:56,300.0,53.1,S
2021-06-15T13:45:55,3600.0,53.1,S
2021-06-15T13:45:55,200.0,53.1,S
2021-06-15T13:45:51,18700.0,53.1,S
2021-06-15T13:45:51,13300.0,53.1,S
2021-06-15T13:45:51,600.0,53.1,S
2021-06-15T13:45:51,2200.0,53.1,S
2021-06-15T13:45:51,1800.0,53.1,S
2021-06-15T13:45:51,2100.0,53.1,S
2021-06-15T13:45:49,1400.0,53.1,S
2021-06-15T13:45:49,100.0,53.1,S
2021-06-15T13:45:49,200.0,53.1,S
2021-06-15T13:45:49,9600.0,53.1,S
2021-06-15T13:45:49,200.0,53.1,S
2021-06-15T13:45:48,100.0,53.2,S
2021-06-15T13:45:39,200.0,53.1,S
2021-06-15T13:45:36,200.0,53.1,S
2021-06-15T13:45:22,200.0,53.1,S
2021-06-15T13:45:21,100.0,53.2,S
2021-06-15T13:45:20,1000.0,53.2,S
2021-06-15T13:45:20,100.0,53.2,S
2021-06-15T13:45:16,200.0,53.1,S
2021-06-15T13:45:13,1700.0,53.2,S
2021-06-15T13:45:13,1000.0,53.2,S
2021-06-15T13:45:13,100.0,53.2,S
2021-06-15T13:45:13,300.0,53.2,S
2021-06-15T13:45:13,200.0,53.2,S
2021-06-15T13:45:13,4600.0,53.2,S
2021-06-15T13:45:13,2700.0,53.2,S
2021-06-15T13:45:13,15000.0,53.2,S
2021-06-15T13:45:11,11000.0,53.2,S
2021-06-15T13:45:10,500.0,53.2,S
2021-06-15T13:45:09,300.0,53.2,S
2021-06-15T13:45:05,600.0,53.3,B
2021-06-15T13:45:04,200.0,53.2,S
2021-06-15T13:45:04,100.0,53.2,S
2021-06-15T13:45:04,1000.0,53.2,S
2021-06-15T13:45:04,1000.0,53.2,S
2021-06-15T13:45:01,200.0,53.2,S
2021-06-15T13:45:01,100.0,53.2,S
2021-06-15T13:45:00,2000.0,53.2,S
2021-06-15T13:44:59,3000.0,53.2,S
2021-06-15T13:44:58,2900.0,53.2,S
2021-06-15T13:44:54,100.0,53.2,S
2021-06-15T13:44:52,200.0,53.2,S
2021-06-15T13:44:50,10000.0,53.2,S
2021-06-15T13:44:49,10000.0,53.2,S
2021-06-15T13:44:48,200.0,53.2,S
2021-06-15T13:44:44,200.0,53.2,S
2021-06-15T13:44:43,2000.0,53.2,S
2021-06-15T13:44:41,200.0,53.2,S
2021-06-15T13:44:37,600.0,53.2,S
2021-06-15T13:44:35,20200.0,53.2,S
2021-06-15T13:44:33,11000.0,53.2,S
2021-06-15T13:44:32,200.0,53.2,S
2021-06-15T13:44:30,900.0,53.2,S
2021-06-15T13:44:30,5000.0,53.3,B
2021-06-15T13:44:29,800.0,53.2,S
2021-06-15T13:44:27,600.0,53.2,S
2021-06-15T13:44:25,200.0,53.2,S
2021-06-15T13:44:24,1000.0,53.2,S
2021-06-15T13:44:23,100.0,53.2,S
2021-06-15T13:44:22,2700.0,53.2,S
2021-06-15T13:44:22,1800.0,53.2,S
2021-06-15T13:44:21,500.0,53.2,S
2021-06-15T13:44:21,200.0,53.2,S
2021-06-15T13:44:20,300.0,53.2,S
2021-06-15T13:44:20,6100.0,53.2,S
2021-06-15T13:44:18,200.0,53.2,S
2021-06-15T13:44:16,100.0,53.2,S
2021-06-15T13:44:14,200.0,53.2,S
2021-06-15T13:44:12,200.0,53.2,S
2021-06-15T13:44:07,200.0,53.2,S
2021-06-15T13:44:04,800.0,53.2,S
2021-06-15T13:44:02,900.0,53.2,S
2021-06-15T13:44:02,2100.0,53.2,S
2021-06-15T13:43:58,200.0,53.2,S
2021-06-15T13:43:58,100.0,53.2,S
2021-06-15T13:43:54,600.0,53.2,S
2021-06-15T13:43:53,1000.0,53.2,S
2021-06-15T13:43:52,4000.0,53.2,S
2021-06-15T13:43:50,2500.0,53.2,S
2021-06-15T13:43:50,200.0,53.2,S
2021-06-15T13:43:41,500.0,53.2,S
2021-06-15T13:43:39,1000.0,53.2,S
2021-06-15T13:43:39,2200.0,53.3,B
2021-06-15T13:43:37,1500.0,53.2,S
2021-06-15T13:43:37,300.0,53.2,S
2021-06-15T13:43:30,100.0,53.2,S
2021-06-15T13:43:29,200.0,53.2,S
2021-06-15T13:43:27,1200.0,53.2,S
2021-06-15T13:43:22,10000.0,53.2,S
2021-06-15T13:43:22,200.0,53.2,S
2021-06-15T13:43:20,1200.0,53.2,S
2021-06-15T13:43:20,3000.0,53.2,S
2021-06-15T13:43:18,200.0,53.2,S
2021-06-15T13:43:17,1500.0,53.2,S
2021-06-15T13:43:17,200.0,53.2,S
2021-06-15T13:43:17,2000.0,53.2,S
2021-06-15T13:43:16,100.0,53.2,S
2021-06-15T13:43:12,1000.0,53.2,S
2021-06-15T13:43:12,26500.0,53.2,S
2021-06-15T13:43:09,22000.0,53.2,S
2021-06-15T13:43:09,800.0,53.2,S
2021-06-15T13:43:09,2000.0,53.2,S
2021-06-15T13:43:09,17900.0,53.2,S
2021-06-15T13:43:07,200.0,53.1,S
2021-06-15T13:43:07,300.0,53.2,S
2021-06-15T13:43:06,200.0,53.1,S
2021-06-15T13:43:06,1000.0,53.1,S
2021-06-15T13:43:06,300.0,53.2,S
2021-06-15T13:43:02,200.0,53.1,S
2021-06-15T13:42:57,200.0,53.1,S
2021-06-15T13:42:52,300.0,53.2,S
2021-06-15T13:42:52,200.0,53.1,S
2021-06-15T13:42:50,10000.0,53.2,S
2021-06-15T13:42:50,4900.0,53.2,S
2021-06-15T13:42:50,1400.0,53.2,S
2021-06-15T13:42:50,3100.0,53.2,S
2021-06-15T13:42:45,100.0,53.3,B
2021-06-15T13:42:45,17200.0,53.2,S
2021-06-15T13:42:42,30000.0,53.2,S
2021-06-15T13:42:41,10000.0,53.2,S
2021-06-15T13:42:40,200.0,53.2,S
2021-06-15T13:42:38,700.0,53.2,S
2021-06-15T13:42:34,3000.0,53.2,S
2021-06-15T13:42:31,2500.0,53.2,S
2021-06-15T13:42:27,1700.0,53.2,S
2021-06-15T13:42:24,1000.0,53.2,S
2021-06-15T13:42:20,500.0,53.2,S
2021-06-15T13:42:19,1000.0,53.2,S
2021-06-15T13:42:19,200.0,53.2,S
2021-06-15T13:42:11,1200.0,53.2,S
2021-06-15T13:42:09,300.0,53.2,S
2021-06-15T13:42:08,1500.0,53.2,S
2021-06-15T13:42:07,1000.0,53.2,S
2021-06-15T13:42:06,1900.0,53.2,S
2021-06-15T13:42:06,700.0,53.3,B
2021-06-15T13:42:03,200.0,53.2,S
2021-06-15T13:42:02,25700.0,53.2,S
2021-06-15T13:42:02,300.0,53.2,S
2021-06-15T13:42:02,2100.0,53.2,S
2021-06-15T13:42:02,9200.0,53.2,S
2021-06-15T13:42:02,1300.0,53.2,S
2021-06-15T13:42:02,1300.0,53.2,S
2021-06-15T13:42:01,2000.0,53.2,S
2021-06-15T13:41:54,200.0,53.2,S
2021-06-15T13:41:48,1000.0,53.2,S
2021-06-15T13:41:48,10000.0,53.2,S
2021-06-15T13:41:47,200.0,53.2,S
2021-06-15T13:41:44,500.0,53.2,S
2021-06-15T13:41:43,100.0,53.2,S
2021-06-15T13:41:42,200.0,53.2,S
2021-06-15T13:41:36,100.0,53.3,B
2021-06-15T13:41:35,2000.0,53.2,S
2021-06-15T13:41:35,7100.0,53.3,B
2021-06-15T13:41:34,700.0,53.2,S
2021-06-15T13:41:34,1000.0,53.2,S
2021-06-15T13:41:33,200.0,53.2,S
2021-06-15T13:41:29,1000.0,53.2,S
2021-06-15T13:41:28,1300.0,53.2,S
2021-06-15T13:41:28,100.0,53.2,S
2021-06-15T13:41:26,200.0,53.3,B
2021-06-15T13:41:24,200.0,53.2,S
2021-06-15T13:41:23,200.0,53.3,B
2021-06-15T13:41:21,30000.0,53.2,S
2021-06-15T13:41:17,200.0,53.2,S
2021-06-15T13:41:16,100.0,53.2,S
2021-06-15T13:41:13,2000.0,53.2,S
2021-06-15T13:41:11,100.0,53.2,S
2021-06-15T13:41:10,200.0,53.2,S
2021-06-15T13:41:10,200.0,53.2,S
2021-06-15T13:41:08,1600.0,53.2,S
2021-06-15T13:41:07,3000.0,53.2,S
2021-06-15T13:41:06,2200.0,53.2,S
2021-06-15T13:41:06,500.0,53.2,S
2021-06-15T13:41:04,600.0,53.2,S
2021-06-15T13:41:03,200.0,53.2,S
2021-06-15T13:41:03,600.0,53.2,S
2021-06-15T13:41:03,10000.0,53.2,S
2021-06-15T13:41:01,36600.0,53.2,S
2021-06-15T13:41:01,900.0,53.2,S
2021-06-15T13:41:01,1100.0,53.2,S
2021-06-15T13:41:01,5000.0,53.2,S
2021-06-15T13:41:01,300.0,53.2,S
2021-06-15T13:41:01,7600.0,53.2,S
2021-06-15T13:41:00,600.0,53.2,S
2021-06-15T13:40:58,500.0,53.2,S
2021-06-15T13:40:58,100.0,53.2,S
2021-06-15T13:40:58,200.0,53.2,S
2021-06-15T13:40:57,19700.0,53.2,S
2021-06-15T13:40:57,100.0,53.2,S
2021-06-15T13:40:56,3000.0,53.2,S
2021-06-15T13:40:55,200.0,53.2,S
2021-06-15T13:40:54,200.0,53.2,S
2021-06-15T13:40:53,2000.0,53.2,S
2021-06-15T13:40:53,10500.0,53.2,S
2021-06-15T13:40:48,300.0,53.2,S
2021-06-15T13:40:46,1000.0,53.2,S
2021-06-15T13:40:45,20000.0,53.2,S
2021-06-15T13:40:44,200.0,53.2,S
2021-06-15T13:40:42,2200.0,53.2,S
2021-06-15T13:40:42,5000.0,53.2,S
2021-06-15T13:40:40,1000.0,53.2,S
2021-06-15T13:40:39,200.0,53.2,S
2021-06-15T13:40:36,100.0,53.2,S
2021-06-15T13:40:35,600.0,53.3,B
2021-06-15T13:40:35,100.0,53.2,S
2021-06-15T13:40:33,200.0,53.2,S
2021-06-15T13:40:28,500.0,53.2,S
2021-06-15T13:40:27,200.0,53.2,S
2021-06-15T13:40:22,2000.0,53.2,S
2021-06-15T13:40:20,200.0,53.2,S
2021-06-15T13:40:18,1000.0,53.2,S
2021-06-15T13:40:10,200.0,53.2,S
2021-06-15T13:40:10,200.0,53.2,S
2021-06-15T13:40:09,100.0,53.2,S
2021-06-15T13:40:05,3200.0,53.2,S
2021-06-15T13:40:03,5000.0,53.3,B
2021-06-15T13:40:02,200.0,53.2,S
2021-06-15T13:39:58,2200.0,53.2,S
2021-06-15T13:39:54,2000.0,53.2,S
2021-06-15T13:39:53,200.0,53.2,S
2021-06-15T13:39:47,1000.0,53.2,S
2021-06-15T13:39:45,200.0,53.2,S
2021-06-15T13:39:45,2000.0,53.2,S
2021-06-15T13:39:42,1000.0,53.3,B
2021-06-15T13:39:41,10000.0,53.2,S
2021-06-15T13:39:40,200.0,53.2,S
2021-06-15T13:39:39,2000.0,53.2,S
2021-06-15T13:39:39,300.0,53.2,S
2021-06-15T13:39:35,1000.0,53.2,S
2021-06-15T13:39:34,1200.0,53.2,S
2021-06-15T13:39:32,300.0,53.2,S
2021-06-15T13:39:29,300.0,53.2,S
2021-06-15T13:39:27,100.0,53.2,S
2021-06-15T13:39:26,200.0,53.2,S
2021-06-15T13:39:25,1000.0,53.2,S
2021-06-15T13:39:24,200.0,53.2,S
2021-06-15T13:39:23,55000.0,53.2,S
2021-06-15T13:39:23,200.0,53.2,S
2021-06-15T13:39:20,100.0,53.3,B
2021-06-15T13:39:18,200.0,53.2,S
2021-06-15T13:39:13,200.0,53.2,S
2021-06-15T13:39:12,2000.0,53.2,S
2021-06-15T13:39:11,1000.0,53.2,S
2021-06-15T13:39:11,10000.0,53.2,S
2021-06-15T13:39:11,3000.0,53.2,S
2021-06-15T13:39:10,200.0,53.2,S
2021-06-15T13:39:09,500.0,53.3,B
2021-06-15T13:39:09,100.0,53.2,S
2021-06-15T13:39:08,10000.0,53.3,B
2021-06-15T13:39:05,100.0,53.2,S
2021-06-15T13:39:05,200.0,53.2,S
2021-06-15T13:39:03,2000.0,53.2,S
2021-06-15T13:39:02,2800.0,53.2,S
2021-06-15T13:39:02,10000.0,53.2,S
2021-06-15T13:39:02,2500.0,53.2,S
2021-06-15T13:39:00,2600.0,53.2,S
2021-06-15T13:39:00,400.0,53.2,S
2021-06-15T13:38:59,15000.0,53.2,S
2021-06-15T13:38:57,1000.0,53.3,B
2021-06-15T13:38:55,200.0,53.2,S
2021-06-15T13:38:52,100.0,53.2,S
2021-06-15T13:38:49,200.0,53.2,S
2021-06-15T13:38:43,200.0,53.2,S
2021-06-15T13:38:31,100.0,53.2,S
2021-06-15T13:38:26,200.0,53.2,S
2021-06-15T13:38:26,40000.0,53.2,S
2021-06-15T13:38:15,10000.0,53.2,S
2021-06-15T13:38:14,200.0,53.2,S
2021-06-15T13:38:11,7000.0,53.2,S
2021-06-15T13:38:06,600.0,53.2,S
2021-06-15T13:38:04,200.0,53.3,B
2021-06-15T13:38:03,200.0,53.2,S
2021-06-15T13:38:03,600.0,53.2,S
2021-06-15T13:38:01,1600.0,53.2,S
2021-06-15T13:37:57,200.0,53.2,S
2021-06-15T13:37:56,1000.0,53.2,S
2021-06-15T13:37:55,2000.0,53.2,S
2021-06-15T13:37:52,100.0,53.3,B
2021-06-15T13:37:49,200.0,53.2,S
2021-06-15T13:37:48,5000.0,53.2,S
2021-06-15T13:37:47,10000.0,53.2,S
2021-06-15T13:37:47,1800.0,53.2,S
2021-06-15T13:37:47,300.0,53.2,S
2021-06-15T13:37:47,900.0,53.2,S
2021-06-15T13:37:47,1500.0,53.2,S
2021-06-15T13:37:47,1300.0,53.2,S
2021-06-15T13:37:47,1000.0,53.2,S
2021-06-15T13:37:47,2000.0,53.2,S
2021-06-15T13:37:47,1300.0,53.2,S
2021-06-15T13:37:47,200.0,53.2,S
2021-06-15T13:37:47,2800.0,53.2,S
2021-06-15T13:37:47,700.0,53.2,S
2021-06-15T13:37:47,6200.0,53.2,S
2021-06-15T13:37:47,2900.0,53.2,S
2021-06-15T13:37:46,41100.0,53.2,S
2021-06-15T13:37:42,15000.0,53.2,S
2021-06-15T13:37:42,500.0,53.2,S
2021-06-15T13:37:42,300.0,53.2,S
2021-06-15T13:37:41,1200.0,53.2,S
2021-06-15T13:37:39,300.0,53.2,S
2021-06-15T13:37:39,1000.0,53.2,S
2021-06-15T13:37:38,9200.0,53.2,S
2021-06-15T13:37:38,1000.0,53.2,S
2021-06-15T13:37:34,100.0,53.2,S
2021-06-15T13:37:32,10000.0,53.2,S
2021-06-15T13:37:32,200.0,53.2,S
2021-06-15T13:37:32,11900.0,53.2,S
2021-06-15T13:37:30,200.0,53.2,S
2021-06-15T13:37:29,200.0,53.2,S
2021-06-15T13:37:28,200.0,53.3,B
2021-06-15T13:37:27,1000.0,53.2,S
2021-06-15T13:37:27,200.0,53.2,S
2021-06-15T13:37:26,10000.0,53.2,S
2021-06-15T13:37:24,1800.0,53.2,S
2021-06-15T13:37:24,400.0,53.2,S
2021-06-15T13:37:24,2800.0,53.2,S
2021-06-15T13:37:21,1000.0,53.2,S
2021-06-15T13:37:21,100.0,53.2,S
2021-06-15T13:37:21,600.0,53.2,S
2021-06-15T13:37:21,200.0,53.2,S
2021-06-15T13:37:21,900.0,53.2,S
2021-06-15T13:37:21,1800.0,53.2,S
2021-06-15T13:37:21,600.0,53.2,S
2021-06-15T13:37:21,800.0,53.2,S
2021-06-15T13:37:18,200.0,53.2,S
2021-06-15T13:37:17,600.0,53.2,S
2021-06-15T13:37:14,200.0,53.2,S
2021-06-15T13:37:14,500.0,53.3,B
2021-06-15T13:37:14,10000.0,53.2,S
2021-06-15T13:37:14,500.0,53.2,S
2021-06-15T13:37:11,200.0,53.2,S
2021-06-15T13:37:06,100.0,53.3,B
2021-06-15T13:37:04,2000.0,53.2,S
2021-06-15T13:37:04,200.0,53.2,S
2021-06-15T13:37:03,200.0,53.2,S
2021-06-15T13:37:02,100.0,53.3,B
2021-06-15T13:37:02,10000.0,53.2,S
2021-06-15T13:36:56,200.0,53.2,S
2021-06-15T13:36:55,1000.0,53.2,S
2021-06-15T13:36:52,2000.0,53.2,S
2021-06-15T13:36:52,200.0,53.2,S
2021-06-15T13:36:50,2500.0,53.3,B
2021-06-15T13:36:48,1000.0,53.2,S
2021-06-15T13:36:47,5000.0,53.2,S
2021-06-15T13:36:45,2000.0,53.2,S
2021-06-15T13:36:44,5200.0,53.2,S
2021-06-15T13:36:44,300.0,53.3,B
2021-06-15T13:36:42,400.0,53.2,S
2021-06-15T13:36:41,2000.0,53.2,S
2021-06-15T13:36:39,200.0,53.2,S
2021-06-15T13:36:39,1000.0,53.3,B
2021-06-15T13:36:36,5000.0,53.2,S
2021-06-15T13:36:36,3000.0,53.2,S
2021-06-15T13:36:34,200.0,53.2,S
2021-06-15T13:36:33,200.0,53.3,B
2021-06-15T13:36:31,10000.0,53.2,S
2021-06-15T13:36:29,300.0,53.2,S
2021-06-15T13:36:24,100.0,53.3,B
2021-06-15T13:36:22,200.0,53.2,S
2021-06-15T13:36:21,3000.0,53.2,S
2021-06-15T13:36:20,1200.0,53.2,S
2021-06-15T13:36:19,100.0,53.2,S
2021-06-15T13:36:19,200.0,53.2,S
2021-06-15T13:36:18,1400.0,53.2,S
2021-06-15T13:36:15,100.0,53.2,S
2021-06-15T13:36:13,200.0,53.2,S
2021-06-15T13:36:13,2000.0,53.2,S
2021-06-15T13:36:09,100.0,53.3,B
2021-06-15T13:36:08,100.0,53.3,B
2021-06-15T13:36:07,200.0,53.2,S
2021-06-15T13:36:06,100.0,53.3,B
2021-06-15T13:36:04,1000.0,53.2,S
2021-06-15T13:36:02,200.0,53.2,S
2021-06-15T13:35:58,300.0,53.3,B
2021-06-15T13:35:56,200.0,53.3,B
2021-06-15T13:35:56,200.0,53.2,S
2021-06-15T13:35:53,1000.0,53.2,S
2021-06-15T13:35:51,200.0,53.2,S
2021-06-15T13:35:50,1500.0,53.2,S
2021-06-15T13:35:50,500.0,53.2,S
2021-06-15T13:35:49,200.0,53.2,S
2021-06-15T13:35:44,200.0,53.2,S
2021-06-15T13:35:41,700.0,53.2,S
2021-06-15T13:35:38,200.0,53.2,S
2021-06-15T13:35:37,200.0,53.2,S
2021-06-15T13:35:29,200.0,53.2,S
2021-06-15T13:35:28,200.0,53.2,S
2021-06-15T13:35:27,100.0,53.2,S
2021-06-15T13:35:23,500.0,53.2,S
2021-06-15T13:35:22,4000.0,53.3,B
2021-06-15T13:35:04,300.0,53.2,S
2021-06-15T13:34:54,500.0,53.2,S
2021-06-15T13:34:53,2000.0,53.2,S
2021-06-15T13:34:51,200.0,53.2,S
2021-06-15T13:34:50,3000.0,53.2,S
2021-06-15T13:34:45,500.0,53.2,S
2021-06-15T13:34:44,5300.0,53.3,B
2021-06-15T13:34:43,4900.0,53.3,B
2021-06-15T13:34:39,5000.0,53.2,S
2021-06-15T13:34:37,2000.0,53.2,S
2021-06-15T13:34:33,200.0,53.2,S
2021-06-15T13:34:31,500.0,53.3,B
2021-06-15T13:34:30,5000.0,53.2,S
2021-06-15T13:34:28,3500.0,53.2,S
2021-06-15T13:34:28,1500.0,53.2,S
2021-06-15T13:34:27,200.0,53.2,S
2021-06-15T13:34:27,1000.0,53.2,S
2021-06-15T13:34:25,2000.0,53.2,S
2021-06-15T13:34:20,1500.0,53.2,S
2021-06-15T13:34:18,200.0,53.2,S
2021-06-15T13:34:15,500.0,53.2,S
2021-06-15T13:34:14,1200.0,53.2,S
2021-06-15T13:34:14,700.0,53.2,S
2021-06-15T13:34:14,8500.0,53.2,S
2021-06-15T13:34:14,100.0,53.2,S
2021-06-15T13:34:12,200.0,53.2,S
2021-06-15T13:34:10,1200.0,53.2,S
2021-06-15T13:34:08,100.0,53.2,S
2021-06-15T13:34:05,200.0,53.2,S
2021-06-15T13:34:04,700.0,53.2,S
2021-06-15T13:34:03,200.0,53.2,S
2021-06-15T13:34:02,100.0,53.3,B
2021-06-15T13:33:57,500.0,53.2,S
2021-06-15T13:33:56,600.0,53.3,B
2021-06-15T13:33:55,1700.0,53.3,B
2021-06-15T13:33:55,300.0,53.3,B
2021-06-15T13:33:54,200.0,53.2,S
2021-06-15T13:33:51,300.0,53.2,S
2021-06-15T13:33:49,200.0,53.2,S
2021-06-15T13:33:49,1000.0,53.2,S
2021-06-15T13:33:44,200.0,53.2,S
2021-06-15T13:33:37,2000.0,53.2,S
2021-06-15T13:33:36,1100.0,53.3,B
2021-06-15T13:33:29,100.0,53.3,B
2021-06-15T13:33:28,300.0,53.2,S
2021-06-15T13:33:28,100.0,53.2,S
2021-06-15T13:33:25,500.0,53.2,S
2021-06-15T13:33:24,500.0,53.2,S
2021-06-15T13:33:23,2000.0,53.3,B
2021-06-15T13:33:20,300.0,53.2,S
2021-06-15T13:33:15,3200.0,53.3,B
2021-06-15T13:33:13,400.0,53.3,B
2021-06-15T13:33:09,700.0,53.3,B
2021-06-15T13:33:08,200.0,53.2,S
2021-06-15T13:33:08,200.0,53.2,S
2021-06-15T13:33:05,500.0,53.3,B
2021-06-15T13:33:01,200.0,53.2,S
2021-06-15T13:33:01,100.0,53.2,S
2021-06-15T13:32:59,400.0,53.2,S
2021-06-15T13:32:59,100.0,53.2,S
2021-06-15T13:32:59,100.0,53.2,S
2021-06-15T13:32:59,500.0,53.2,S
2021-06-15T13:32:59,4000.0,53.2,S
2021-06-15T13:32:55,700.0,53.2,S
2021-06-15T13:32:55,2000.0,53.2,S
2021-06-15T13:32:53,200.0,53.2,S
2021-06-15T13:32:52,100.0,53.3,B
2021-06-15T13:32:46,200.0,53.2,S
2021-06-15T13:32:40,200.0,53.2,S
2021-06-15T13:32:34,1400.0,53.2,S
2021-06-15T13:32:32,300.0,53.2,S
2021-06-15T13:32:32,300.0,53.2,S
2021-06-15T13:32:31,100.0,53.2,S
2021-06-15T13:32:30,500.0,53.2,S
2021-06-15T13:32:30,200.0,53.2,S
2021-06-15T13:32:28,400.0,53.3,B
2021-06-15T13:32:25,200.0,53.2,S
2021-06-15T13:32:24,200.0,53.3,B
2021-06-15T13:32:22,1000.0,53.2,S
2021-06-15T13:32:19,200.0,53.2,S
2021-06-15T13:32:19,200.0,53.2,S
2021-06-15T13:32:18,500.0,53.2,S
2021-06-15T13:32:16,200.0,53.3,B
2021-06-15T13:32:15,1000.0,53.3,B
2021-06-15T13:32:15,1000.0,53.3,B
2021-06-15T13:32:14,1000.0,53.2,S
2021-06-15T13:32:13,200.0,53.2,S
2021-06-15T13:32:10,3000.0,53.2,S
2021-06-15T13:32:06,2000.0,53.3,B
2021-06-15T13:32:04,300.0,53.2,S
2021-06-15T13:32:04,1300.0,53.2,S
2021-06-15T13:32:00,900.0,53.2,S
2021-06-15T13:32:00,13000.0,53.2,S
2021-06-15T13:31:56,200.0,53.2,S
2021-06-15T13:31:56,200.0,53.3,B
2021-06-15T13:31:55,10000.0,53.2,S
2021-06-15T13:31:48,200.0,53.2,S
2021-06-15T13:31:45,800.0,53.2,S
2021-06-15T13:31:42,200.0,53.2,S
2021-06-15T13:31:36,10000.0,53.2,S
2021-06-15T13:31:36,200.0,53.2,S
2021-06-15T13:31:36,44200.0,53.2,S
2021-06-15T13:31:32,200.0,53.3,B
2021-06-15T13:31:30,200.0,53.2,S
2021-06-15T13:31:27,100.0,53.3,B
2021-06-15T13:31:24,9000.0,53.2,S
2021-06-15T13:31:20,200.0,53.2,S
2021-06-15T13:31:08,200.0,53.2,S
2021-06-15T13:31:07,200.0,53.2,S
2021-06-15T13:31:06,5000.0,53.2,S
2021-06-15T13:30:53,200.0,53.2,S
2021-06-15T13:30:48,3000.0,53.2,S
2021-06-15T13:30:47,2000.0,53.3,S
2021-06-15T13:30:47,100.0,53.3,S
2021-06-15T13:30:45,200.0,53.3,S
2021-06-15T13:30:42,500.0,53.3,S
2021-06-15T13:30:40,3000.0,53.4,S
2021-06-15T13:30:38,200.0,53.3,S
2021-06-15T13:30:30,100.0,53.2,S
2021-06-15T13:30:30,100.0,53.2,S
2021-06-15T13:30:25,1000.0,53.2,S
2021-06-15T13:30:24,100.0,53.4,S
2021-06-15T13:30:23,300.0,53.2,S
2021-06-15T13:30:18,100.0,53.4,S
2021-06-15T13:30:17,200.0,53.2,S
2021-06-15T13:30:07,200.0,53.2,S
2021-06-15T13:30:02,500.0,53.2,S
2021-06-15T13:30:02,85800.0,53.5,S
2021-06-15T13:30:02,500.0,53.5,S
2021-06-15T13:30:00,1200.0,53.5,S
2021-06-15T13:30:00,3100.0,53.5,S
2021-06-15T13:30:00,2600.0,53.5,S
2021-06-15T13:30:00,200.0,53.5,S
2021-06-15T13:30:00,6600.0,53.5,S
2021-06-15T13:30:00,200.0,53.2,S
2021-06-15T13:30:00,1000.0,53.4,S
2021-06-15T13:29:57,300.0,53.4,S
2021-06-15T13:29:54,400.0,53.2,S
2021-06-15T13:29:53,800.0,53.2,S
2021-06-15T13:29:49,200.0,53.1,S
2021-06-15T13:29:49,1700.0,53.2,S
2021-06-15T13:29:45,600.0,53.1,S
2021-06-15T13:29:45,200.0,53.1,S
2021-06-15T13:29:37,200.0,53.2,S
2021-06-15T13:29:33,200.0,53.5,S
2021-06-15T13:29:30,1000.0,53.5,S
2021-06-15T13:29:30,100.0,53.5,S
2021-06-15T13:29:29,200.0,53.5,S
2021-06-15T13:29:28,200.0,53.5,S
2021-06-15T13:29:27,10000.0,53.6,B
2021-06-15T13:29:27,100.0,53.5,S
2021-06-15T13:29:27,1000.0,53.5,S
2021-06-15T13:29:26,300.0,53.6,B
2021-06-15T13:29:26,100.0,53.6,B
2021-06-15T13:29:25,500.0,53.2,S
2021-06-15T13:29:25,1300.0,53.2,S
2021-06-15T13:29:25,3700.0,53.2,S
2021-06-15T13:29:25,1500.0,53.2,S
2021-06-15T13:29:25,5000.0,53.2,S
2021-06-15T13:29:25,1300.0,53.2,S
2021-06-15T13:29:25,12600.0,53.2,S
2021-06-15T13:29:25,7700.0,53.2,S
2021-06-15T13:29:25,2200.0,53.2,S
2021-06-15T13:29:25,100.0,53.2,S
2021-06-15T13:29:24,13100.0,53.2,S
2021-06-15T13:29:24,1700.0,53.3,S
2021-06-15T13:29:24,700.0,53.3,S
2021-06-15T13:29:24,2200.0,53.4,S
2021-06-15T13:29:24,21000.0,53.4,S
2021-06-15T13:29:24,23700.0,53.4,S
2021-06-15T13:29:24,6100.0,53.4,S
2021-06-15T13:29:24,7200.0,53.4,S
2021-06-15T13:29:24,1100.0,53.4,S
2021-06-15T13:29:24,6000.0,53.4,S
2021-06-15T13:29:24,1300.0,53.5,S
2021-06-15T13:29:21,700.0,53.5,S
2021-06-15T13:29:20,900.0,53.5,S
2021-06-15T13:29:20,200.0,53.5,S
2021-06-15T13:29:18,4000.0,53.5,S
2021-06-15T13:29:13,2000.0,53.5,S
2021-06-15T13:29:12,500.0,53.5,S
2021-06-15T13:29:12,1000.0,53.5,S
2021-06-15T13:29:10,300.0,53.5,S
2021-06-15T13:29:09,200.0,53.5,S
2021-06-15T13:29:09,2100.0,53.5,S
2021-06-15T13:29:03,200.0,53.6,B
2021-06-15T13:29:02,1000.0,53.6,B
2021-06-15T13:29:01,200.0,53.5,S
2021-06-15T13:29:01,100.0,53.5,S
2021-06-15T13:29:01,300.0,53.5,S
2021-06-15T13:28:57,2000.0,53.5,S
2021-06-15T13:28:53,300.0,53.5,S
2021-06-15T13:28:51,400.0,53.5,S
2021-06-15T13:28:49,1000.0,53.5,S
2021-06-15T13:28:47,1000.0,53.6,B
2021-06-15T13:28:45,4200.0,53.5,S
2021-06-15T13:28:42,1000.0,53.6,B
2021-06-15T13:28:42,30000.0,53.6,B
2021-06-15T13:28:41,600.0,53.5,S
2021-06-15T13:28:40,1000.0,53.5,S
2021-06-15T13:28:38,200.0,53.5,S
2021-06-15T13:28:36,32000.0,53.5,S
2021-06-15T13:28:34,1000.0,53.5,S
2021-06-15T13:28:33,200.0,53.5,S
2021-06-15T13:28:33,1500.0,53.5,S
2021-06-15T13:28:32,1000.0,53.5,S
2021-06-15T13:28:31,10000.0,53.6,B
2021-06-15T13:28:30,300.0,53.6,B
2021-06-15T13:28:30,1100.0,53.5,S
2021-06-15T13:28:28,200.0,53.5,S
2021-06-15T13:28:28,1300.0,53.5,S
2021-06-15T13:28:26,500.0,53.5,S
2021-06-15T13:28:24,1000.0,53.5,S
2021-06-15T13:28:24,200.0,53.5,S
2021-06-15T13:28:23,500.0,53.5,S
2021-06-15T13:28:23,5200.0,53.5,S
2021-06-15T13:28:23,100.0,53.5,S
2021-06-15T13:28:20,200.0,53.5,B
2021-06-15T13:28:19,500.0,53.5,B
2021-06-15T13:28:18,200.0,53.5,B
2021-06-15T13:28:18,700.0,53.5,B
2021-06-15T13:28:16,400.0,53.5,B
2021-06-15T13:28:16,5300.0,53.5,B
2021-06-15T13:28:15,500.0,53.6,B
2021-06-15T13:28:14,1500.0,53.5,B
2021-06-15T13:28:13,200.0,53.5,B
2021-06-15T13:28:13,100.0,53.6,B
2021-06-15T13:28:12,100.0,53.5,B
2021-06-15T13:28:11,200.0,53.5,B
2021-06-15T13:28:10,5000.0,53.5,B
2021-06-15T13:28:05,5600.0,53.5,B
2021-06-15T13:28:05,4400.0,53.6,B
2021-06-15T13:28:04,200.0,53.5,B
2021-06-15T13:28:03,200.0,53.6,B
2021-06-15T13:28:03,4000.0,53.6,B
2021-06-15T13:28:00,100.0,53.5,B
2021-06-15T13:28:00,100.0,53.5,B
2021-06-15T13:27:59,1000.0,53.5,B
2021-06-15T13:27:59,3000.0,53.6,B
2021-06-15T13:27:58,100.0,53.5,B
2021-06-15T13:27:58,600.0,53.5,B
2021-06-15T13:27:57,500.0,53.5,B
2021-06-15T13:27:57,1000.0,53.5,B
2021-06-15T13:27:56,6000.0,53.6,B
2021-06-15T13:27:54,1000.0,53.5,B
2021-06-15T13:27:51,200.0,53.5,B
2021-06-15T13:27:49,1200.0,53.5,B
2021-06-15T13:27:49,1900.0,53.5,B
2021-06-15T13:27:48,700.0,53.5,B
2021-06-15T13:27:48,5700.0,53.5,B
2021-06-15T13:27:48,3600.0,53.5,B
2021-06-15T13:27:48,3800.0,53.5,B
2021-06-15T13:27:48,900.0,53.5,B
2021-06-15T13:27:48,2300.0,53.5,B
2021-06-15T13:27:48,5300.0,53.5,B
2021-06-15T13:27:48,2200.0,53.5,B
2021-06-15T13:27:48,1000.0,53.5,B
2021-06-15T13:27:48,1200.0,53.5,B
2021-06-15T13:27:47,3200.0,53.5,B
2021-06-15T13:27:43,5000.0,53.4,B
2021-06-15T13:27:42,100.0,53.5,B
2021-06-15T13:27:40,300.0,53.4,B
2021-06-15T13:27:35,600.0,53.4,B
2021-06-15T13:27:35,2400.0,53.4,B
2021-06-15T13:27:33,1100.0,53.5,B
2021-06-15T13:27:33,2100.0,53.5,B
2021-06-15T13:27:33,1900.0,53.5,B
2021-06-15T13:27:33,100.0,53.5,B
2021-06-15T13:27:33,400.0,53.5,B
2021-06-15T13:27:33,4400.0,53.5,B
2021-06-15T13:27:32,1000.0,53.4,B
2021-06-15T13:27:25,5000.0,53.4,B
2021-06-15T13:27:22,2200.0,53.5,B
2021-06-15T13:27:22,300.0,53.5,B
2021-06-15T13:27:22,8200.0,53.5,B
2021-06-15T13:27:17,200.0,53.4,B
2021-06-15T13:27:14,100.0,53.4,B
2021-06-15T13:27:10,6000.0,53.5,B
2021-06-15T13:27:10,3200.0,53.5,B
2021-06-15T13:27:10,1200.0,53.5,B
2021-06-15T13:27:09,1100.0,53.5,B
2021-06-15T13:27:09,6800.0,53.5,B
2021-06-15T13:27:09,10900.0,53.5,B
2021-06-15T13:27:09,6100.0,53.5,B
2021-06-15T13:27:09,5300.0,53.5,B
2021-06-15T13:27:09,2400.0,53.5,B
2021-06-15T13:27:09,2400.0,53.5,B
2021-06-15T13:27:09,4600.0,53.5,B
2021-06-15T13:27:09,200.0,53.4,B
2021-06-15T13:27:08,800.0,53.5,B
2021-06-15T13:27:08,1000.0,53.4,B
2021-06-15T13:27:07,100.0,53.4,B
2021-06-15T13:27:02,6000.0,53.5,B
2021-06-15T13:27:01,200.0,53.4,B
2021-06-15T13:27:00,200.0,53.4,B
2021-06-15T13:26:56,200.0,53.4,B
2021-06-15T13:26:54,1000.0,53.5,B
2021-06-15T13:26:52,10000.0,53.4,B
2021-06-15T13:26:51,100.0,53.4,B
2021-06-15T13:26:49,5000.0,53.5,B
2021-06-15T13:26:47,100.0,53.4,B
2021-06-15T13:26:47,100.0,53.5,B
2021-06-15T13:26:47,600.0,53.4,B
2021-06-15T13:26:45,5300.0,53.5,B
2021-06-15T13:26:45,500.0,53.5,B
2021-06-15T13:26:44,1100.0,53.5,B
2021-06-15T13:26:44,1400.0,53.5,B
2021-06-15T13:26:44,800.0,53.5,B
2021-06-15T13:26:44,500.0,53.5,B
2021-06-15T13:26:44,100.0,53.5,B
2021-06-15T13:26:44,20000.0,53.5,B
2021-06-15T13:26:44,2100.0,53.5,B
2021-06-15T13:26:44,400.0,53.5,B
2021-06-15T13:26:44,7800.0,53.5,B
2021-06-15T13:26:44,600.0,53.5,B
2021-06-15T13:26:44,1200.0,53.5,B
2021-06-15T13:26:44,1500.0,53.5,B
2021-06-15T13:26:44,1300.0,53.5,B
2021-06-15T13:26:44,500.0,53.5,B
2021-06-15T13:26:44,4900.0,53.5,B
2021-06-15T13:26:39,200.0,53.4,B
2021-06-15T13:26:36,36300.0,53.5,B
2021-06-15T13:26:36,100.0,53.5,B
2021-06-15T13:26:36,2700.0,53.5,B
2021-06-15T13:26:36,1900.0,53.5,B
2021-06-15T13:26:36,1300.0,53.5,B
2021-06-15T13:26:36,200.0,53.5,B
2021-06-15T13:26:36,600.0,53.5,B
2021-06-15T13:26:36,6900.0,53.5,B
2021-06-15T13:26:31,100.0,53.4,B
2021-06-15T13:26:30,200.0,53.4,B
2021-06-15T13:26:27,10000.0,53.4,B
2021-06-15T13:26:24,200.0,53.4,B
2021-06-15T13:26:20,200.0,53.5,B
2021-06-15T13:26:19,100.0,53.4,B
2021-06-15T13:26:16,100.0,53.5,B
2021-06-15T13:26:16,24900.0,53.5,B
2021-06-15T13:26:10,200.0,53.4,B
2021-06-15T13:26:10,1000.0,53.4,B
2021-06-15T13:26:09,1000.0,53.4,B
2021-06-15T13:26:09,5000.0,53.4,B
2021-06-15T13:26:07,1000.0,53.4,B
2021-06-15T13:26:06,200.0,53.4,B
2021-06-15T13:26:04,500.0,53.4,B
2021-06-15T13:26:03,200.0,53.4,B
2021-06-15T13:26:03,32900.0,53.5,B
2021-06-15T13:26:03,2200.0,53.5,B
2021-06-15T13:26:03,14900.0,53.5,B
2021-06-15T13:25:59,42000.0,53.5,B
2021-06-15T13:25:59,200.0,53.5,B
2021-06-15T13:25:59,7800.0,53.5,B
2021-06-15T13:25:56,100.0,53.4,B
2021-06-15T13:25:56,200.0,53.4,B
2021-06-15T13:25:51,100.0,53.4,B
2021-06-15T13:25:49,800.0,53.4,B
2021-06-15T13:25:48,1000.0,53.4,B
2021-06-15T13:25:46,5000.0,53.4,B
2021-06-15T13:25:45,500.0,53.4,B
2021-06-15T13:25:44,3000.0,53.4,B
2021-06-15T13:25:42,100.0,53.4,B
2021-06-15T13:25:40,12000.0,53.4,B
2021-06-15T13:25:40,700.0,53.4,B
2021-06-15T13:25:40,800.0,53.4,B
2021-06-15T13:25:40,21200.0,53.4,B
2021-06-15T13:25:40,8200.0,53.4,B
2021-06-15T13:25:40,600.0,53.4,B
2021-06-15T13:25:38,300.0,53.4,B
2021-06-15T13:25:38,3100.0,53.4,B
2021-06-15T13:25:38,2500.0,53.4,B
2021-06-15T13:25:38,2400.0,53.4,B
2021-06-15T13:25:38,900.0,53.4,B
2021-06-15T13:25:38,10300.0,53.4,B
2021-06-15T13:25:38,14000.0,53.4,B
2021-06-15T13:25:38,17000.0,53.4,B
2021-06-15T13:25:38,5200.0,53.4,B
2021-06-15T13:25:38,13600.0,53.4,B
2021-06-15T13:25:38,100.0,53.4,B
2021-06-15T13:25:38,2000.0,53.4,B
2021-06-15T13:25:38,300.0,53.4,B
2021-06-15T13:25:38,4500.0,53.4,B
2021-06-15T13:25:38,100.0,53.4,B
2021-06-15T13:25:38,15100.0,53.4,B
2021-06-15T13:25:38,75300.0,53.4,B
2021-06-15T13:25:38,800.0,53.4,B
2021-06-15T13:25:38,100.0,53.4,B
2021-06-15T13:25:38,300.0,53.4,B
2021-06-15T13:25:38,200.0,53.4,B
2021-06-15T13:25:38,900.0,53.4,B
2021-06-15T13:25:38,100.0,53.4,B
2021-06-15T13:25:38,1800.0,53.4,B
2021-06-15T13:25:38,2000.0,53.3,B
2021-06-15T13:25:38,30100.0,53.3,B
2021-06-15T13:25:38,5700.0,53.3,B
2021-06-15T13:25:38,10200.0,53.3,B
2021-06-15T13:25:38,2400.0,53.3,B
2021-06-15T13:25:38,1300.0,53.3,B
2021-06-15T13:25:38,1700.0,53.3,B
2021-06-15T13:25:38,300.0,53.3,B
2021-06-15T13:25:38,3800.0,53.3,B
2021-06-15T13:25:38,2100.0,53.3,B
2021-06-15T13:25:38,2300.0,53.3,B
2021-06-15T13:25:37,600.0,53.3,B
2021-06-15T13:25:37,300.0,53.3,B
2021-06-15T13:25:37,7800.0,53.3,B
2021-06-15T13:25:37,2700.0,53.3,B
2021-06-15T13:25:37,8300.0,53.3,B
2021-06-15T13:25:37,100.0,53.3,B
2021-06-15T13:25:37,9300.0,53.3,B
2021-06-15T13:25:37,1200.0,53.3,B
2021-06-15T13:25:37,14800.0,53.3,B
2021-06-15T13:25:37,11000.0,53.3,B
2021-06-15T13:25:37,2400.0,53.3,B
2021-06-15T13:25:37,500.0,53.3,B
2021-06-15T13:25:37,2100.0,53.3,B
2021-06-15T13:25:37,8300.0,53.3,B
2021-06-15T13:25:37,56400.0,53.3,B
2021-06-15T13:25:37,12500.0,53.3,B
2021-06-15T13:25:37,1000.0,53.3,B
2021-06-15T13:25:36,2000.0,53.3,B
2021-06-15T13:25:36,2300.0,53.3,B
2021-06-15T13:25:36,4200.0,53.3,B
2021-06-15T13:25:36,10000.0,53.3,B
2021-06-15T13:25:36,24500.0,53.3,B
2021-06-15T13:25:32,100.0,53.2,B
2021-06-15T13:25:30,300.0,53.2,B
2021-06-15T13:25:30,200.0,53.1,S
2021-06-15T13:25:25,2300.0,53.2,B
2021-06-15T13:25:25,6000.0,53.2,B
2021-06-15T13:25:25,11700.0,53.2,B
2021-06-15T13:25:24,200.0,53.1,S
2021-06-15T13:25:17,200.0,53.2,B
2021-06-15T13:25:14,200.0,53.1,S
2021-06-15T13:25:12,200.0,53.2,B
2021-06-15T13:25:09,100.0,53.1,S
2021-06-15T13:25:09,1500.0,53.1,S
2021-06-15T13:25:08,200.0,53.1,S
2021-06-15T13:25:07,600.0,53.1,S
2021-06-15T13:25:05,200.0,53.2,B
2021-06-15T13:25:05,3000.0,53.1,S
2021-06-15T13:24:59,100.0,53.1,S
2021-06-15T13:24:57,5000.0,53.2,B
2021-06-15T13:24:52,200.0,53.1,S
2021-06-15T13:24:50,1000.0,53.1,S
2021-06-15T13:24:49,500.0,53.1,S
2021-06-15T13:24:49,3300.0,53.2,B
2021-06-15T13:24:47,200.0,53.1,S
2021-06-15T13:24:44,2000.0,53.2,B
2021-06-15T13:24:41,200.0,53.1,S
2021-06-15T13:24:39,1000.0,53.1,S
2021-06-15T13:24:37,200.0,53.1,S
2021-06-15T13:24:35,100.0,53.1,S
2021-06-15T13:24:30,8000.0,53.1,S
2021-06-15T13:24:30,200.0,53.1,S
2021-06-15T13:24:29,3000.0,53.1,S
2021-06-15T13:24:26,200.0,53.1,B
2021-06-15T13:24:24,17000.0,53.1,B
2021-06-15T13:24:24,1000.0,53.1,B
2021-06-15T13:24:24,1100.0,53.1,B
2021-06-15T13:24:24,500.0,53.1,B
2021-06-15T13:24:24,10700.0,53.1,B
2021-06-15T13:24:23,1000.0,53.1,B
2021-06-15T13:24:20,200.0,53.1,B
2021-06-15T13:24:17,100.0,53.1,B
2021-06-15T13:24:11,200.0,53.1,B
2021-06-15T13:24:09,100.0,53.2,B
2021-06-15T13:24:05,300.0,53.1,B
2021-06-15T13:24:05,600.0,53.1,B
2021-06-15T13:24:04,900.0,53.2,B
2021-06-15T13:24:03,5000.0,53.1,B
2021-06-15T13:24:03,100.0,53.1,B
2021-06-15T13:24:03,100.0,53.1,B
2021-06-15T13:24:03,1600.0,53.1,B
2021-06-15T13:24:03,300.0,53.1,B
2021-06-15T13:24:03,4000.0,53.1,B
2021-06-15T13:24:02,4000.0,53.2,B
2021-06-15T13:24:02,1000.0,53.2,B
2021-06-15T13:24:02,600.0,53.2,B
2021-06-15T13:24:02,11400.0,53.2,B
2021-06-15T13:24:02,3000.0,53.2,B
2021-06-15T13:23:59,200.0,53.1,B
2021-06-15T13:23:52,200.0,53.1,B
2021-06-15T13:23:44,200.0,53.1,B
2021-06-15T13:23:44,100.0,53.1,B
2021-06-15T13:23:44,300.0,53.1,B
2021-06-15T13:23:44,100.0,53.1,B
2021-06-15T13:23:43,400.0,53.1,B
2021-06-15T13:23:43,8000.0,53.1,B
2021-06-15T13:23:38,1000.0,53.1,B
2021-06-15T13:23:36,200.0,53.1,B
2021-06-15T13:23:33,2000.0,53.2,B
2021-06-15T13:23:29,1300.0,53.2,B
2021-06-15T13:23:28,4500.0,53.1,B
2021-06-15T13:23:28,7000.0,53.1,B
2021-06-15T13:23:28,200.0,53.1,B
2021-06-15T13:23:28,5400.0,53.1,B
2021-06-15T13:23:28,4900.0,53.1,B
2021-06-15T13:23:27,200.0,53.1,B
2021-06-15T13:23:25,800.0,53.1,B
2021-06-15T13:23:24,100.0,53.1,B
2021-06-15T13:23:24,100.0,53.2,B
2021-06-15T13:23:22,100.0,53.1,B
2021-06-15T13:23:15,3600.0,53.1,B
2021-06-15T13:23:15,1200.0,53.1,B
2021-06-15T13:23:15,700.0,53.1,B
2021-06-15T13:23:15,100.0,53.1,B
2021-06-15T13:23:14,200.0,53.1,B
2021-06-15T13:23:05,10000.0,53.1,B
2021-06-15T13:23:05,200.0,53.1,B
2021-06-15T13:23:03,1000.0,53.2,B
2021-06-15T13:22:57,200.0,53.1,B
2021-06-15T13:22:57,2800.0,53.2,B
2021-06-15T13:22:57,9100.0,53.2,B
2021-06-15T13:22:57,10000.0,53.2,B
2021-06-15T13:22:57,28100.0,53.2,B
2021-06-15T13:22:55,10000.0,53.2,B
2021-06-15T13:22:52,100.0,53.1,B
2021-06-15T13:22:50,100.0,53.1,B
2021-06-15T13:22:50,22500.0,53.2,B
2021-06-15T13:22:50,5400.0,53.2,B
2021-06-15T13:22:50,200.0,53.2,B
2021-06-15T13:22:50,10100.0,53.2,B
2021-06-15T13:22:50,200.0,53.2,B
2021-06-15T13:22:50,11600.0,53.2,B
2021-06-15T13:22:47,600.0,53.1,B
2021-06-15T13:22:47,100.0,53.1,B
2021-06-15T13:22:47,100.0,53.1,B
2021-06-15T13:22:46,200.0,53.2,B
2021-06-15T13:22:44,200.0,53.1,B
2021-06-15T13:22:44,700.0,53.1,B
2021-06-15T13:22:43,5000.0,53.2,B
2021-06-15T13:22:41,1000.0,53.1,B
2021-06-15T13:22:40,2000.0,53.2,B
2021-06-15T13:22:39,200.0,53.1,B
2021-06-15T13:22:34,200.0,53.1,B
2021-06-15T13:22:32,1500.0,53.2,B
2021-06-15T13:22:27,200.0,53.1,B
2021-06-15T13:22:27,2400.0,53.1,B
2021-06-15T13:22:27,1800.0,53.1,B
2021-06-15T13:22:27,2000.0,53.1,B
2021-06-15T13:22:27,1200.0,53.1,B
2021-06-15T13:22:27,5000.0,53.1,B
2021-06-15T13:22:27,7600.0,53.1,B
2021-06-15T13:22:26,1900.0,53.2,B
2021-06-15T13:22:26,300.0,53.2,B
2021-06-15T13:22:26,500.0,53.2,B
2021-06-15T13:22:26,500.0,53.2,B
2021-06-15T13:22:26,1500.0,53.2,B
2021-06-15T13:22:26,200.0,53.2,B
2021-06-15T13:22:26,1000.0,53.2,B
2021-06-15T13:22:26,2100.0,53.2,B
2021-06-15T13:22:26,2000.0,53.2,B
2021-06-15T13:22:23,200.0,53.1,B
2021-06-15T13:22:20,100.0,53.1,B
2021-06-15T13:22:19,4700.0,53.2,B
2021-06-15T13:22:17,100.0,53.2,B
2021-06-15T13:22:15,100.0,53.1,B
2021-06-15T13:22:15,200.0,53.1,B
2021-06-15T13:22:09,400.0,53.1,B
2021-06-15T13:22:08,3800.0,53.1,B
2021-06-15T13:22:03,700.0,53.2,B
2021-06-15T13:22:03,4300.0,53.2,B
2021-06-15T13:22:02,200.0,53.1,B
2021-06-15T13:22:01,500.0,53.1,B
2021-06-15T13:22:01,1000.0,53.2,B
2021-06-15T13:22:00,500.0,53.2,B
2021-06-15T13:21:59,10000.0,53.1,B
2021-06-15T13:21:55,200.0,53.2,B
2021-06-15T13:21:54,100.0,53.1,B
2021-06-15T13:21:53,100.0,53.2,B
2021-06-15T13:21:53,100.0,53.2,B
2021-06-15T13:21:53,4900.0,53.2,B
2021-06-15T13:21:53,2200.0,53.2,B
2021-06-15T13:21:53,7200.0,53.2,B
2021-06-15T13:21:53,3600.0,53.2,B
2021-06-15T13:21:53,2100.0,53.2,B
2021-06-15T13:21:51,400.0,53.1,B
2021-06-15T13:21:51,900.0,53.1,B
2021-06-15T13:21:51,300.0,53.1,B
2021-06-15T13:21:50,600.0,53.1,B
2021-06-15T13:21:50,6400.0,53.1,B
2021-06-15T13:21:50,300.0,53.1,B
2021-06-15T13:21:50,2500.0,53.1,B
2021-06-15T13:21:49,1000.0,53.2,B
2021-06-15T13:21:47,200.0,53.1,B
2021-06-15T13:21:42,200.0,53.2,B
2021-06-15T13:21:42,600.0,53.1,B
2021-06-15T13:21:40,500.0,53.2,B
2021-06-15T13:21:38,200.0,53.1,B
2021-06-15T13:21:34,100.0,53.2,B
2021-06-15T13:21:32,300.0,53.2,B
2021-06-15T13:21:32,200.0,53.1,B
2021-06-15T13:21:29,2000.0,53.1,B
2021-06-15T13:21:27,5000.0,53.1,B
2021-06-15T13:21:26,200.0,53.1,B
2021-06-15T13:21:19,100.0,53.1,B
2021-06-15T13:21:19,600.0,53.1,B
2021-06-15T13:21:11,100.0,53.1,B
2021-06-15T13:21:10,1000.0,53.1,B
2021-06-15T13:21:09,100.0,53.2,B
2021-06-15T13:21:09,100.0,53.2,B
2021-06-15T13:21:02,200.0,53.1,B
2021-06-15T13:21:00,1000.0,53.2,B
2021-06-15T13:21:00,400.0,53.1,B
2021-06-15T13:20:58,10000.0,53.1,B
2021-06-15T13:20:56,4200.0,53.1,B
2021-06-15T13:20:55,20000.0,53.2,B
2021-06-15T13:20:55,1000.0,53.2,B
2021-06-15T13:20:55,100.0,53.2,B
2021-06-15T13:20:54,400.0,53.1,B
2021-06-15T13:20:49,2000.0,53.1,B
2021-06-15T13:20:48,16000.0,53.1,B
2021-06-15T13:20:47,400.0,53.1,B
2021-06-15T13:20:45,4700.0,53.1,B
2021-06-15T13:20:42,200.0,53.1,B
2021-06-15T13:20:42,200.0,53.1,B
2021-06-15T13:20:41,500.0,53.1,B
2021-06-15T13:20:40,900.0,53.2,B
2021-06-15T13:20:40,400.0,53.2,B
2021-06-15T13:20:36,100.0,53.1,B
2021-06-15T13:20:28,600.0,53.1,B
2021-06-15T13:20:28,1600.0,53.1,B
2021-06-15T13:20:28,300.0,53.1,B
2021-06-15T13:20:26,100.0,53.1,B
2021-06-15T13:20:25,200.0,53.2,B
2021-06-15T13:20:24,200.0,53.1,B
2021-06-15T13:20:23,500.0,53.2,B
2021-06-15T13:20:17,500.0,53.2,B
2021-06-15T13:20:16,100.0,53.2,B
2021-06-15T13:20:16,3000.0,53.0,S
2021-06-15T13:20:16,100.0,53.1,B
2021-06-15T13:20:16,200.0,53.1,B
2021-06-15T13:20:11,100.0,53.1,B
2021-06-15T13:20:06,5400.0,53.0,S
2021-06-15T13:20:06,5600.0,53.1,B
2021-06-15T13:20:06,100.0,53.1,B
2021-06-15T13:20:05,1000.0,53.1,B
2021-06-15T13:20:05,7900.0,53.1,B
2021-06-15T13:20:04,300.0,53.2,B
2021-06-15T13:20:00,200.0,53.1,B
2021-06-15T13:19:54,1400.0,53.2,B
2021-06-15T13:19:54,100.0,53.2,B
2021-06-15T13:19:54,8500.0,53.2,B
2021-06-15T13:19:53,1000.0,53.1,B
2021-06-15T13:19:53,100.0,53.1,B
2021-06-15T13:19:51,200.0,53.1,B
2021-06-15T13:19:51,2600.0,53.1,B
2021-06-15T13:19:47,200.0,53.1,B
2021-06-15T13:19:46,100.0,53.2,B
2021-06-15T13:19:45,100.0,53.2,B
2021-06-15T13:19:45,200.0,53.1,B
2021-06-15T13:19:44,1000.0,53.1,B
2021-06-15T13:19:42,1000.0,53.1,B
2021-06-15T13:19:40,200.0,53.1,B
2021-06-15T13:19:36,200.0,53.1,B
2021-06-15T13:19:35,1000.0,53.2,B
2021-06-15T13:19:33,1000.0,53.1,B
2021-06-15T13:19:32,100.0,53.1,B
2021-06-15T13:19:31,8600.0,53.1,B
2021-06-15T13:19:29,3200.0,53.1,B
2021-06-15T13:19:29,200.0,53.0,S
2021-06-15T13:19:29,2400.0,53.1,B
2021-06-15T13:19:27,300.0,53.1,B
2021-06-15T13:19:27,2000.0,53.0,S
2021-06-15T13:19:24,100.0,53.0,S
2021-06-15T13:19:24,100.0,53.0,S
2021-06-15T13:19:23,200.0,53.0,S
2021-06-15T13:19:22,200.0,53.0,S
2021-06-15T13:19:17,200.0,53.1,B
2021-06-15T13:19:14,2500.0,53.0,S
2021-06-15T13:19:14,700.0,53.0,S
2021-06-15T13:19:14,1800.0,53.0,S
2021-06-15T13:19:14,100.0,53.0,S
2021-06-15T13:19:07,200.0,53.0,S
2021-06-15T13:19:00,200.0,53.0,B
2021-06-15T13:18:59,1000.0,53.2,B
2021-06-15T13:18:57,600.0,53.2,B
2021-06-15T13:18:56,500.0,53.0,B
2021-06-15T13:18:55,2800.0,53.0,B
2021-06-15T13:18:55,400.0,53.2,B
2021-06-15T13:18:54,1100.0,53.1,B
2021-06-15T13:18:53,900.0,53.1,B
2021-06-15T13:18:53,1700.0,53.1,B
2021-06-15T13:18:53,1500.0,53.1,B
2021-06-15T13:18:53,5900.0,53.1,B
2021-06-15T13:18:51,200.0,53.1,B
2021-06-15T13:18:48,200.0,53.0,B
2021-06-15T13:18:47,2100.0,53.0,B
2021-06-15T13:18:46,1300.0,53.0,B
2021-06-15T13:18:42,5700.0,53.1,B
2021-06-15T13:18:42,700.0,53.1,B
2021-06-15T13:18:42,4100.0,53.1,B
2021-06-15T13:18:42,100.0,53.0,B
2021-06-15T13:18:42,2000.0,53.0,B
2021-06-15T13:18:41,1400.0,53.0,B
2021-06-15T13:18:41,200.0,53.1,B
2021-06-15T13:18:40,7000.0,53.1,B
2021-06-15T13:18:36,2000.0,53.0,B
2021-06-15T13:18:36,200.0,53.0,B
2021-06-15T13:18:33,200.0,53.0,B
2021-06-15T13:18:30,5200.0,53.0,B
2021-06-15T13:18:30,4800.0,53.0,B
2021-06-15T13:18:28,1000.0,53.0,B
2021-06-15T13:18:28,1500.0,53.0,B
2021-06-15T13:18:27,200.0,53.0,B
2021-06-15T13:18:26,600.0,53.0,B
2021-06-15T13:18:22,30000.0,53.0,B
2021-06-15T13:18:20,1200.0,53.0,B
2021-06-15T13:18:20,5200.0,53.1,B
2021-06-15T13:18:20,4500.0,53.1,B
2021-06-15T13:18:20,500.0,53.1,B
2021-06-15T13:18:20,4500.0,53.1,B
2021-06-15T13:18:19,4900.0,53.1,B
2021-06-15T13:18:19,400.0,53.1,B
2021-06-15T13:18:19,200.0,53.1,B
2021-06-15T13:18:19,1700.0,53.1,B
2021-06-15T13:18:19,1000.0,53.1,B
2021-06-15T13:18:19,1000.0,53.1,B
2021-06-15T13:18:19,500.0,53.1,B
2021-06-15T13:18:19,9700.0,53.1,B
2021-06-15T13:18:19,100.0,53.1,B
2021-06-15T13:18:19,4300.0,53.1,B
2021-06-15T13:18:19,100.0,53.1,B
2021-06-15T13:18:19,1900.0,53.1,B
2021-06-15T13:18:19,400.0,53.1,B
2021-06-15T13:18:19,1800.0,53.1,B
2021-06-15T13:18:19,300.0,53.1,B
2021-06-15T13:18:19,7000.0,53.1,B
2021-06-15T13:18:17,100.0,53.0,B
2021-06-15T13:18:17,1200.0,53.0,B
2021-06-15T13:18:15,1000.0,53.0,B
2021-06-15T13:18:13,14600.0,53.1,B
2021-06-15T13:18:13,1500.0,53.1,B
2021-06-15T13:18:13,900.0,53.1,B
2021-06-15T13:18:13,500.0,53.1,B
2021-06-15T13:18:13,1100.0,53.1,B
2021-06-15T13:18:13,31400.0,53.1,B
2021-06-15T13:18:12,100.0,53.1,B
2021-06-15T13:18:11,200.0,53.0,B
2021-06-15T13:18:11,4000.0,53.0,B
2021-06-15T13:18:10,1400.0,53.0,B
2021-06-15T13:18:08,8900.0,53.0,B
2021-06-15T13:18:07,200.0,53.0,B
2021-06-15T13:18:07,100.0,53.0,B
2021-06-15T13:18:05,200.0,53.0,B
2021-06-15T13:18:03,100.0,53.0,B
2021-06-15T13:18:03,1000.0,53.0,B
2021-06-15T13:18:01,200.0,53.0,B
2021-06-15T13:17:59,200.0,53.0,B
2021-06-15T13:17:58,900.0,53.0,B
2021-06-15T13:17:56,200.0,53.0,B
2021-06-15T13:17:55,200.0,53.0,B
2021-06-15T13:17:47,400.0,53.0,B
2021-06-15T13:17:46,100.0,53.0,B
2021-06-15T13:17:45,100.0,53.0,B
2021-06-15T13:17:34,200.0,53.0,B
2021-06-15T13:17:34,200.0,53.0,B
2021-06-15T13:17:33,200.0,53.0,B
2021-06-15T13:17:25,200.0,53.0,B
2021-06-15T13:17:21,200.0,53.0,B
2021-06-15T13:17:20,200.0,53.0,B
2021-06-15T13:17:18,500.0,53.0,B
2021-06-15T13:17:13,200.0,53.0,B
2021-06-15T13:17:11,300.0,53.0,B
2021-06-15T13:17:08,100.0,53.0,B
2021-06-15T13:17:04,1900.0,53.0,B
2021-06-15T13:17:00,200.0,53.0,B
2021-06-15T13:16:58,600.0,53.0,B
2021-06-15T13:16:57,6600.0,53.0,B
2021-06-15T13:16:55,1200.0,53.0,B
2021-06-15T13:16:53,1000.0,53.1,B
2021-06-15T13:16:48,200.0,53.0,B
2021-06-15T13:16:47,600.0,53.0,B
2021-06-15T13:16:44,200.0,53.1,B
2021-06-15T13:16:42,300.0,53.0,B
2021-06-15T13:16:41,100.0,53.0,B
2021-06-15T13:16:40,1000.0,53.1,B
2021-06-15T13:16:39,500.0,53.1,B
2021-06-15T13:16:37,10000.0,53.0,B
2021-06-15T13:16:37,2000.0,53.0,B
2021-06-15T13:16:36,200.0,53.0,B
2021-06-15T13:16:33,300.0,53.0,B
2021-06-15T13:16:25,200.0,53.0,B
2021-06-15T13:16:22,100.0,53.0,B
2021-06-15T13:16:14,200.0,53.0,B
2021-06-15T13:16:06,1000.0,53.0,B
2021-06-15T13:16:04,2000.0,53.0,B
2021-06-15T13:16:02,1000.0,53.0,B
2021-06-15T13:16:02,200.0,53.0,B
2021-06-15T13:16:02,1000.0,53.1,B
2021-06-15T13:16:00,10000.0,53.0,B
2021-06-15T13:15:58,2300.0,53.0,B
2021-06-15T13:15:53,1000.0,53.0,B
2021-06-15T13:15:53,100.0,53.0,B
2021-06-15T13:15:50,200.0,53.0,B
2021-06-15T13:15:49,2000.0,53.0,B
2021-06-15T13:15:44,200.0,53.0,B
2021-06-15T13:15:44,1000.0,53.0,B
2021-06-15T13:15:42,1000.0,53.0,B
2021-06-15T13:15:38,200.0,53.0,B
2021-06-15T13:15:38,300.0,53.0,B
2021-06-15T13:15:37,600.0,53.0,B
2021-06-15T13:15:35,700.0,53.0,B
2021-06-15T13:15:34,5000.0,53.0,B
2021-06-15T13:15:34,100.0,53.0,B
2021-06-15T13:15:32,200.0,53.0,B
2021-06-15T13:15:26,100.0,53.0,B
2021-06-15T13:15:23,100.0,53.0,B
2021-06-15T13:15:19,200.0,53.0,B
2021-06-15T13:15:14,8300.0,53.0,B
2021-06-15T13:15:12,200.0,53.0,B
2021-06-15T13:15:11,200.0,53.0,B
2021-06-15T13:15:10,1600.0,53.0,B
2021-06-15T13:15:07,2100.0,53.1,B
2021-06-15T13:15:07,2900.0,53.0,B
2021-06-15T13:15:04,100.0,53.0,B
2021-06-15T13:15:04,3500.0,53.0,B
2021-06-15T13:14:59,2000.0,53.0,B
2021-06-15T13:14:58,3000.0,53.0,B
2021-06-15T13:14:58,10700.0,53.0,B
2021-06-15T13:14:57,1000.0,53.0,B
2021-06-15T13:14:56,800.0,53.0,B
2021-06-15T13:14:53,500.0,53.0,B
2021-06-15T13:14:51,2000.0,53.0,B
2021-06-15T13:14:50,5000.0,53.0,B
2021-06-15T13:14:50,500.0,53.0,B
2021-06-15T13:14:48,2000.0,53.0,B
2021-06-15T13:14:47,200.0,53.0,B
2021-06-15T13:14:46,200.0,53.0,B
2021-06-15T13:14:46,500.0,53.0,B
2021-06-15T13:14:42,1600.0,53.0,B
2021-06-15T13:14:42,200.0,53.0,B
2021-06-15T13:14:42,300.0,53.0,B
2021-06-15T13:14:42,900.0,53.0,B
2021-06-15T13:14:42,100.0,53.0,B
2021-06-15T13:14:40,1400.0,53.0,B
2021-06-15T13:14:37,100.0,53.0,B
2021-06-15T13:14:37,100.0,53.0,B
2021-06-15T13:14:36,300.0,53.0,B
2021-06-15T13:14:36,100.0,53.0,B
2021-06-15T13:14:36,100.0,53.0,B
2021-06-15T13:14:35,500.0,53.0,B
2021-06-15T13:14:34,1000.0,53.0,B
2021-06-15T13:14:34,3500.0,53.0,B
2021-06-15T13:14:34,200.0,53.0,B
2021-06-15T13:14:34,1000.0,53.0,B
2021-06-15T13:14:33,500.0,53.0,B
2021-06-15T13:14:30,500.0,53.0,B
2021-06-15T13:14:30,7500.0,52.9,S
2021-06-15T13:14:30,1900.0,52.9,S
2021-06-15T13:14:30,100.0,52.9,S
2021-06-15T13:14:29,500.0,52.9,S
2021-06-15T13:14:26,1500.0,52.9,S
2021-06-15T13:14:26,3500.0,52.9,S
2021-06-15T13:14:26,1000.0,52.9,S
2021-06-15T13:14:26,100.0,53.0,B
2021-06-15T13:14:24,300.0,53.0,B
2021-06-15T13:14:24,300.0,52.9,S
2021-06-15T13:14:24,400.0,53.0,B
2021-06-15T13:14:23,2000.0,53.0,B
2021-06-15T13:14:21,1000.0,53.0,B
2021-06-15T13:14:20,100.0,53.0,B
2021-06-15T13:14:18,100.0,53.0,B
2021-06-15T13:14:18,400.0,53.0,B
2021-06-15T13:14:18,4000.0,53.0,B
2021-06-15T13:14:18,500.0,53.0,B
2021-06-15T13:14:17,200.0,52.9,S
2021-06-15T13:14:15,700.0,53.0,B
2021-06-15T13:14:15,800.0,53.0,B
2021-06-15T13:14:14,300.0,53.0,B
2021-06-15T13:14:14,1000.0,53.0,B
2021-06-15T13:14:14,100.0,53.0,B
2021-06-15T13:14:13,400.0,53.0,B
2021-06-15T13:14:10,100.0,53.0,B
2021-06-15T13:14:10,7800.0,52.9,S
2021-06-15T13:14:08,500.0,53.0,B
2021-06-15T13:14:05,100.0,52.9,S
2021-06-15T13:14:05,300.0,52.9,S
2021-06-15T13:14:05,1600.0,52.9,S
2021-06-15T13:14:02,2000.0,53.0,B
2021-06-15T13:14:02,5000.0,53.0,B
2021-06-15T13:14:02,100.0,52.9,S
2021-06-15T13:13:56,500.0,53.0,B
2021-06-15T13:13:55,200.0,53.0,B
2021-06-15T13:13:54,4600.0,53.0,B
2021-06-15T13:13:54,200.0,53.0,B
2021-06-15T13:13:54,300.0,53.0,B
2021-06-15T13:13:54,4900.0,53.0,B
2021-06-15T13:13:54,10000.0,53.0,B
2021-06-15T13:13:50,3800.0,53.0,B
2021-06-15T13:13:48,1000.0,53.0,B
2021-06-15T13:13:47,1000.0,53.0,B
2021-06-15T13:13:46,300.0,52.9,S
2021-06-15T13:13:46,700.0,52.9,S
2021-06-15T13:13:44,6000.0,53.0,B
2021-06-15T13:13:39,300.0,53.0,B
2021-06-15T13:13:39,100.0,53.0,B
2021-06-15T13:13:37,7600.0,53.0,B
2021-06-15T13:13:34,1000.0,53.0,B
2021-06-15T13:13:32,1500.0,53.0,B
2021-06-15T13:13:32,6100.0,53.0,B
2021-06-15T13:13:25,100.0,53.0,B
2021-06-15T13:13:24,1000.0,53.0,B
2021-06-15T13:13:17,1000.0,53.0,B
2021-06-15T13:13:17,800.0,53.0,B
2021-06-15T13:13:17,3300.0,53.0,B
2021-06-15T13:13:17,900.0,53.0,B
2021-06-15T13:13:16,1600.0,53.0,B
2021-06-15T13:13:16,600.0,53.0,B
2021-06-15T13:13:16,1200.0,53.0,B
2021-06-15T13:13:16,500.0,53.0,B
2021-06-15T13:13:16,2700.0,53.0,B
2021-06-15T13:13:13,600.0,52.9,S
2021-06-15T13:13:04,400.0,53.0,B
2021-06-15T13:13:02,100.0,53.0,B
2021-06-15T13:12:59,500.0,53.0,B
2021-06-15T13:12:58,1000.0,52.9,S
2021-06-15T13:12:57,900.0,52.9,S
2021-06-15T13:12:56,1900.0,53.0,B
2021-06-15T13:12:56,8100.0,53.0,B
2021-06-15T13:12:53,600.0,52.9,S
2021-06-15T13:12:53,6000.0,52.9,S
2021-06-15T13:12:52,5100.0,52.9,S
2021-06-15T13:12:52,5000.0,52.9,S
2021-06-15T13:12:52,400.0,52.9,S
2021-06-15T13:12:52,200.0,52.9,S
2021-06-15T13:12:52,2300.0,52.9,S
2021-06-15T13:12:52,8800.0,52.9,S
2021-06-15T13:12:52,1200.0,52.9,S
2021-06-15T13:12:52,40400.0,52.9,S
2021-06-15T13:12:49,700.0,53.0,B
2021-06-15T13:12:48,600.0,52.9,S
2021-06-15T13:12:47,500.0,53.0,B
2021-06-15T13:12:43,4100.0,53.0,B
2021-06-15T13:12:43,3000.0,53.0,B
2021-06-15T13:12:43,100.0,53.0,B
2021-06-15T13:12:42,200.0,53.0,B
2021-06-15T13:12:42,1400.0,53.0,B
2021-06-15T13:12:42,10000.0,53.0,B
2021-06-15T13:12:42,1000.0,53.0,B
2021-06-15T13:12:42,3400.0,53.0,B
2021-06-15T13:12:42,1200.0,53.0,B
2021-06-15T13:12:42,2200.0,53.0,B
2021-06-15T13:12:42,1000.0,53.0,B
2021-06-15T13:12:42,1700.0,53.0,B
2021-06-15T13:12:42,1500.0,53.0,B
2021-06-15T13:12:42,100.0,53.0,B
2021-06-15T13:12:42,500.0,53.0,B
2021-06-15T13:12:42,700.0,53.0,B
2021-06-15T13:12:42,9600.0,53.0,B
2021-06-15T13:12:42,2000.0,53.0,B
2021-06-15T13:12:41,1400.0,53.0,B
2021-06-15T13:12:41,500.0,53.0,B
2021-06-15T13:12:41,1300.0,53.0,B
2021-06-15T13:12:41,500.0,53.0,B
2021-06-15T13:12:41,2200.0,53.0,B
2021-06-15T13:12:41,15200.0,53.0,B
2021-06-15T13:12:40,200.0,53.0,B
2021-06-15T13:12:40,7400.0,53.0,B
2021-06-15T13:12:40,200.0,53.0,B
2021-06-15T13:12:40,800.0,53.0,B
2021-06-15T13:12:39,200.0,52.9,S
2021-06-15T13:12:36,100.0,53.0,B
2021-06-15T13:12:34,100.0,53.0,B
2021-06-15T13:12:32,300.0,53.0,B
2021-06-15T13:12:31,100.0,53.0,B
2021-06-15T13:12:28,6800.0,52.9,S
2021-06-15T13:12:27,2100.0,53.0,B
2021-06-15T13:12:25,100.0,53.0,B
2021-06-15T13:12:23,2000.0,52.9,S
2021-06-15T13:12:23,6000.0,52.9,S
2021-06-15T13:12:21,2000.0,52.9,S
2021-06-15T13:12:21,200.0,52.9,S
2021-06-15T13:12:20,2800.0,52.9,S
2021-06-15T13:12:19,2200.0,52.9,S
2021-06-15T13:12:16,700.0,53.0,B
2021-06-15T13:12:13,100.0,52.9,S
2021-06-15T13:12:10,1900.0,52.9,S
2021-06-15T13:12:07,200.0,53.0,B
2021-06-15T13:11:58,100.0,53.0,B
2021-06-15T13:11:56,100.0,53.0,B
2021-06-15T13:11:55,100.0,53.0,B
2021-06-15T13:11:55,2800.0,52.9,S
2021-06-15T13:11:55,200.0,52.9,S
2021-06-15T13:11:55,300.0,52.9,S
2021-06-15T13:11:55,1700.0,52.9,S
2021-06-15T13:11:54,3700.0,53.0,B
2021-06-15T13:11:54,400.0,52.9,S
2021-06-15T13:11:52,8200.0,52.9,S
2021-06-15T13:11:52,800.0,52.9,S
2021-06-15T13:11:52,1000.0,52.9,S
2021-06-15T13:11:51,4300.0,52.9,S
2021-06-15T13:11:51,2000.0,53.0,B
2021-06-15T13:11:50,10000.0,53.0,B
2021-06-15T13:11:46,10000.0,52.9,S
2021-06-15T13:11:45,500.0,53.0,B
2021-06-15T13:11:45,400.0,53.0,B
2021-06-15T13:11:45,1100.0,53.0,B
2021-06-15T13:11:45,3000.0,53.0,B
2021-06-15T13:11:43,2000.0,52.9,S
2021-06-15T13:11:43,300.0,53.0,B
2021-06-15T13:11:34,500.0,53.0,B
2021-06-15T13:11:34,1000.0,52.9,S
2021-06-15T13:11:32,2000.0,53.0,B
2021-06-15T13:11:29,100.0,53.0,B
2021-06-15T13:11:29,10000.0,52.9,S
2021-06-15T13:11:23,100.0,53.0,B
2021-06-15T13:11:21,5000.0,53.0,B
2021-06-15T13:11:20,900.0,53.0,B
2021-06-15T13:11:20,3500.0,53.0,B
2021-06-15T13:11:20,200.0,53.0,B
2021-06-15T13:11:19,1000.0,53.0,B
2021-06-15T13:11:19,1500.0,53.0,B
2021-06-15T13:11:19,2900.0,53.0,B
2021-06-15T13:11:19,1000.0,53.0,B
2021-06-15T13:11:17,300.0,53.0,B
2021-06-15T13:11:16,100.0,53.0,B
2021-06-15T13:11:13,1000.0,52.9,S
2021-06-15T13:11:06,500.0,53.0,B
2021-06-15T13:11:01,100.0,53.0,B
2021-06-15T13:11:00,1000.0,53.0,B
2021-06-15T13:10:53,2600.0,53.0,B
2021-06-15T13:10:51,1000.0,52.9,S
2021-06-15T13:10:48,1000.0,53.0,B
2021-06-15T13:10:47,1000.0,53.0,B
2021-06-15T13:10:44,5000.0,53.0,B
2021-06-15T13:10:34,1900.0,52.9,S
2021-06-15T13:10:32,100.0,53.0,B
2021-06-15T13:10:31,1000.0,53.0,B
2021-06-15T13:10:29,100.0,53.0,B
2021-06-15T13:10:21,500.0,53.0,B
2021-06-15T13:10:19,500.0,53.0,B
2021-06-15T13:10:18,1000.0,53.0,B
2021-06-15T13:10:16,100.0,53.0,B
2021-06-15T13:10:15,100.0,53.0,B
2021-06-15T13:10:09,200.0,53.0,B
2021-06-15T13:10:08,3000.0,52.9,S
2021-06-15T13:10:06,200.0,52.9,S
2021-06-15T13:10:06,1100.0,53.0,B
2021-06-15T13:10:05,200.0,52.9,S
2021-06-15T13:10:04,100.0,53.0,B
2021-06-15T13:10:03,200.0,53.0,B
2021-06-15T13:10:02,100.0,53.0,B
2021-06-15T13:09:55,1000.0,53.0,B
2021-06-15T13:09:54,2100.0,53.0,B
2021-06-15T13:09:54,100.0,53.0,B
2021-06-15T13:09:50,200.0,52.9,S
2021-06-15T13:09:47,600.0,52.9,S
2021-06-15T13:09:43,2100.0,52.9,S
2021-06-15T13:09:43,500.0,52.9,S
2021-06-15T13:09:43,1700.0,52.9,S
2021-06-15T13:09:43,600.0,52.9,S
2021-06-15T13:09:43,1100.0,52.9,S
2021-06-15T13:09:43,800.0,52.9,S
2021-06-15T13:09:42,300.0,52.9,S
2021-06-15T13:09:42,3500.0,52.9,S
2021-06-15T13:09:42,200.0,52.9,S
2021-06-15T13:09:42,2300.0,52.9,S
2021-06-15T13:09:42,200.0,52.9,S
2021-06-15T13:09:42,500.0,52.9,S
2021-06-15T13:09:42,1200.0,52.9,S
2021-06-15T13:09:42,1900.0,52.9,S
2021-06-15T13:09:42,400.0,52.9,S
2021-06-15T13:09:42,300.0,52.9,S
2021-06-15T13:09:42,2400.0,52.9,S
2021-06-15T13:09:25,100.0,53.0,B
2021-06-15T13:09:24,200.0,52.9,S
2021-06-15T13:09:24,900.0,52.9,S
2021-06-15T13:09:22,1000.0,53.0,B
2021-06-15T13:09:21,500.0,53.0,B
2021-06-15T13:09:20,1000.0,53.0,B
2021-06-15T13:09:15,500.0,53.0,B
2021-06-15T13:09:15,100.0,53.0,B
2021-06-15T13:09:09,200.0,53.0,B
2021-06-15T13:09:09,300.0,53.0,B
2021-06-15T13:09:06,700.0,52.9,S
2021-06-15T13:09:02,100.0,53.0,B
2021-06-15T13:09:02,1900.0,52.9,S
2021-06-15T13:08:57,1000.0,53.0,B
2021-06-15T13:08:57,500.0,53.0,B
2021-06-15T13:08:57,100.0,53.0,B
2021-06-15T13:08:57,5000.0,53.0,B
2021-06-15T13:08:44,300.0,53.0,B
2021-06-15T13:08:42,100.0,53.0,B
2021-06-15T13:08:38,1000.0,53.0,B
2021-06-15T13:08:27,100.0,53.0,B
2021-06-15T13:08:26,3900.0,53.0,B
2021-06-15T13:08:25,6100.0,53.0,B
2021-06-15T13:08:18,100.0,53.0,B
2021-06-15T13:08:14,1000.0,52.9,S
2021-06-15T13:08:14,100.0,52.9,S
2021-06-15T13:08:13,100.0,53.0,B
2021-06-15T13:08:13,2200.0,53.0,B
2021-06-15T13:08:13,7700.0,53.0,B
2021-06-15T13:08:08,10000.0,52.9,S
2021-06-15T13:08:05,2700.0,52.9,S
2021-06-15T13:08:05,1000.0,52.9,S
2021-06-15T13:08:04,500.0,52.9,S
2021-06-15T13:08:02,1000.0,52.9,S
2021-06-15T13:07:59,500.0,53.0,B
2021-06-15T13:07:59,2400.0,52.9,S
2021-06-15T13:07:59,700.0,52.9,S
2021-06-15T13:07:59,100.0,52.9,S
2021-06-15T13:07:59,4300.0,52.9,S
2021-06-15T13:07:59,600.0,52.9,S
2021-06-15T13:07:58,1900.0,52.9,S
2021-06-15T13:07:55,1000.0,53.0,B
2021-06-15T13:07:52,900.0,52.9,S
2021-06-15T13:07:52,100.0,52.9,S
2021-06-15T13:07:35,700.0,52.9,S
2021-06-15T13:07:31,1400.0,53.0,B
2021-06-15T13:07:28,1000.0,52.9,S
2021-06-15T13:07:22,200.0,52.9,S
2021-06-15T13:07:12,900.0,52.9,S
2021-06-15T13:07:11,100.0,53.0,B
2021-06-15T13:07:06,300.0,53.0,B
2021-06-15T13:07:06,1100.0,53.0,B
2021-06-15T13:07:05,100.0,53.0,B
2021-06-15T13:07:05,300.0,52.9,S
2021-06-15T13:07:02,100.0,52.9,S
2021-06-15T13:07:01,500.0,53.0,B
2021-06-15T13:07:00,200.0,52.9,S
2021-06-15T13:06:59,1100.0,52.9,S
2021-06-15T13:06:58,1000.0,53.0,B
2021-06-15T13:06:51,600.0,52.9,S
2021-06-15T13:06:50,100.0,52.9,S
2021-06-15T13:06:48,100.0,53.0,B
2021-06-15T13:06:48,200.0,53.0,B
2021-06-15T13:06:47,200.0,53.0,B
2021-06-15T13:06:41,1000.0,53.0,B
2021-06-15T13:06:38,2000.0,53.0,B
2021-06-15T13:06:27,1000.0,53.0,B
2021-06-15T13:06:27,200.0,53.0,B
2021-06-15T13:06:24,1300.0,52.9,S
2021-06-15T13:06:17,2000.0,52.9,S
2021-06-15T13:06:16,2500.0,53.0,B
2021-06-15T13:06:13,2000.0,53.0,B
2021-06-15T13:05:58,2100.0,53.0,B
2021-06-15T13:05:54,200.0,53.0,B
2021-06-15T13:05:53,55600.0,52.9,S
2021-06-15T13:05:53,11700.0,52.9,S
2021-06-15T13:05:53,1600.0,52.9,S
2021-06-15T13:05:53,400.0,52.9,S
2021-06-15T13:05:53,300.0,52.9,S
2021-06-15T13:05:53,400.0,52.9,S
2021-06-15T13:05:53,500.0,52.9,S
2021-06-15T13:05:53,100.0,52.9,S
2021-06-15T13:05:53,1500.0,52.9,S
2021-06-15T13:05:53,2600.0,52.9,S
2021-06-15T13:05:53,300.0,52.9,S
2021-06-15T13:05:53,700.0,52.9,S
2021-06-15T13:05:52,3300.0,52.9,S
2021-06-15T13:05:52,700.0,52.9,S
2021-06-15T13:05:52,100.0,52.9,S
2021-06-15T13:05:52,500.0,52.9,S
2021-06-15T13:05:52,2700.0,52.9,S
2021-06-15T13:05:52,3100.0,52.9,S
2021-06-15T13:05:52,1500.0,52.9,S
2021-06-15T13:05:52,900.0,52.9,S
2021-06-15T13:05:52,2000.0,52.9,S
2021-06-15T13:05:52,1800.0,52.9,S
2021-06-15T13:05:52,6000.0,52.9,S
2021-06-15T13:05:52,2000.0,52.9,S
2021-06-15T13:05:52,1000.0,52.9,S
2021-06-15T13:05:52,1900.0,52.9,S
2021-06-15T13:05:52,100.0,52.9,S
2021-06-15T13:05:52,3200.0,52.9,S
2021-06-15T13:05:52,2200.0,52.9,S
2021-06-15T13:05:52,600.0,52.9,S
2021-06-15T13:05:52,500.0,52.9,S
2021-06-15T13:05:51,1700.0,52.9,S
2021-06-15T13:05:51,4600.0,52.9,S
2021-06-15T13:05:51,700.0,52.9,S
2021-06-15T13:05:51,5500.0,52.9,S
2021-06-15T13:05:51,7700.0,52.9,S
2021-06-15T13:05:45,500.0,53.0,B
2021-06-15T13:05:44,600.0,53.0,B
2021-06-15T13:05:41,2000.0,52.9,S
2021-06-15T13:05:41,100.0,53.0,B
2021-06-15T13:05:37,300.0,53.0,B
2021-06-15T13:05:37,100.0,52.9,S
2021-06-15T13:05:35,4200.0,52.9,S
2021-06-15T13:05:35,5800.0,52.9,S
2021-06-15T13:05:34,300.0,53.0,B
2021-06-15T13:05:25,200.0,53.0,B
2021-06-15T13:05:25,100.0,52.9,S
2021-06-15T13:05:19,800.0,52.9,S
2021-06-15T13:05:19,200.0,52.9,S
2021-06-15T13:05:19,300.0,53.0,B
2021-06-15T13:05:19,100.0,52.9,S
2021-06-15T13:05:18,200.0,52.9,S
2021-06-15T13:05:16,100.0,52.9,S
2021-06-15T13:05:16,1000.0,52.9,S
2021-06-15T13:05:16,200.0,52.9,S
2021-06-15T13:05:16,700.0,52.9,S
2021-06-15T13:05:14,100.0,53.0,B
2021-06-15T13:05:13,200.0,52.9,S
2021-06-15T13:05:09,2000.0,53.0,B
2021-06-15T13:05:08,200.0,53.0,B
2021-06-15T13:05:07,100.0,53.0,B
2021-06-15T13:05:03,1300.0,52.9,S
2021-06-15T13:04:50,100.0,53.0,B
2021-06-15T13:04:47,5000.0,53.0,B
2021-06-15T13:04:41,200.0,52.9,S
2021-06-15T13:04:39,200.0,53.0,B
2021-06-15T13:04:39,3000.0,53.0,B
2021-06-15T13:04:34,100.0,53.0,B
2021-06-15T13:04:33,1000.0,53.0,B
2021-06-15T13:04:33,100.0,52.9,S
2021-06-15T13:04:32,4900.0,52.9,S
2021-06-15T13:04:23,3500.0,52.9,S
2021-06-15T13:04:23,200.0,52.9,S
2021-06-15T13:04:22,6300.0,52.9,S
2021-06-15T13:04:22,700.0,53.0,B
2021-06-15T13:04:18,100.0,53.0,B
2021-06-15T13:04:17,300.0,53.0,B
2021-06-15T13:04:16,100.0,53.0,B
2021-06-15T13:04:15,1000.0,53.0,B
2021-06-15T13:04:13,1000.0,53.0,B
2021-06-15T13:04:11,2000.0,52.9,S
2021-06-15T13:04:10,200.0,53.0,B
2021-06-15T13:04:04,600.0,52.9,S
2021-06-15T13:03:54,100.0,53.0,B
2021-06-15T13:03:53,1000.0,53.0,B
2021-06-15T13:03:51,10000.0,52.9,S
2021-06-15T13:03:49,500.0,53.0,S
2021-06-15T13:03:44,800.0,53.0,S
2021-06-15T13:03:44,200.0,53.0,S
2021-06-15T13:03:44,400.0,53.0,S
2021-06-15T13:03:44,200.0,53.0,S
2021-06-15T13:03:43,100.0,53.0,S
2021-06-15T13:03:40,200.0,53.0,S
2021-06-15T13:03:38,200.0,53.0,S
2021-06-15T13:03:38,900.0,53.0,S
2021-06-15T13:03:38,600.0,53.0,S
2021-06-15T13:03:38,3500.0,53.0,S
2021-06-15T13:03:37,500.0,53.0,S
2021-06-15T13:03:37,300.0,53.0,S
2021-06-15T13:03:37,400.0,53.0,S
2021-06-15T13:03:36,100.0,53.0,S
2021-06-15T13:03:32,1000.0,53.0,S
2021-06-15T13:03:32,1500.0,53.0,S
2021-06-15T13:03:27,2800.0,53.0,S
2021-06-15T13:03:24,800.0,53.0,S
2021-06-15T13:03:20,500.0,53.0,S
2021-06-15T13:03:20,10000.0,53.0,S
2021-06-15T13:03:19,400.0,53.0,S
2021-06-15T13:03:19,800.0,53.0,S
2021-06-15T13:03:17,1100.0,53.0,S
2021-06-15T13:03:08,400.0,53.0,S
2021-06-15T13:03:08,600.0,53.0,S
2021-06-15T13:03:08,200.0,53.0,S
2021-06-15T13:03:07,900.0,53.0,S
2021-06-15T13:03:07,100.0,53.0,S
2021-06-15T13:03:07,200.0,53.0,S
2021-06-15T13:02:57,100.0,53.0,S
2021-06-15T13:02:50,200.0,53.0,S
2021-06-15T13:02:50,800.0,53.0,S
2021-06-15T13:02:50,200.0,53.0,S
2021-06-15T13:02:47,500.0,53.0,S
2021-06-15T13:02:45,400.0,53.1,B
2021-06-15T13:02:45,1600.0,53.0,S
2021-06-15T13:02:44,100.0,53.0,S
2021-06-15T13:02:44,300.0,53.0,S
2021-06-15T13:02:43,200.0,53.0,S
2021-06-15T13:02:43,800.0,53.1,B
2021-06-15T13:02:40,200.0,53.0,S
2021-06-15T13:02:38,30000.0,52.9,S
2021-06-15T13:02:37,100.0,53.1,B
2021-06-15T13:02:36,200.0,53.0,S
2021-06-15T13:02:34,100.0,53.0,S
2021-06-15T13:02:31,1000.0,53.1,B
2021-06-15T13:02:31,200.0,53.0,S
2021-06-15T13:02:28,200.0,53.0,S
2021-06-15T13:02:25,200.0,53.0,S
2021-06-15T13:02:23,100.0,53.0,S
2021-06-15T13:02:23,500.0,53.0,S
2021-06-15T13:02:22,400.0,53.0,S
