tradingTime,volume,price,side
2021-06-15T14:27:19,500.0,7.37,B
2021-06-15T14:17:43,3300.0,7.37,S
2021-06-15T14:16:01,200.0,7.37,B
2021-06-15T14:16:01,500.0,7.37,B
2021-06-15T14:16:01,1000.0,7.37,B
2021-06-15T14:15:57,100.0,7.37,B
2021-06-15T14:15:54,5000.0,7.37,B
2021-06-15T14:15:52,3000.0,7.37,B
2021-06-15T14:15:13,5000.0,7.37,B
2021-06-15T14:14:56,1000.0,7.37,B
2021-06-15T14:14:52,2000.0,7.37,B
2021-06-15T14:14:52,200.0,7.36,S
2021-06-15T14:14:41,1000.0,7.37,B
2021-06-15T14:14:36,1200.0,7.37,B
2021-06-15T14:14:33,1600.0,7.37,B
2021-06-15T14:14:33,4400.0,7.37,B
2021-06-15T14:14:24,11600.0,7.37,B
2021-06-15T14:14:22,6000.0,7.37,B
2021-06-15T14:14:20,1000.0,7.36,S
2021-06-15T14:14:07,5000.0,7.37,B
2021-06-15T14:13:45,1500.0,7.36,S
2021-06-15T14:13:44,12200.0,7.37,B
2021-06-15T14:13:44,3800.0,7.37,B
2021-06-15T14:13:30,100.0,7.37,B
2021-06-15T14:13:30,1000.0,7.37,B
2021-06-15T14:13:21,400.0,7.36,S
2021-06-15T14:13:04,200.0,7.37,B
2021-06-15T14:12:30,1000.0,7.36,S
2021-06-15T14:12:14,10000.0,7.36,S
2021-06-15T14:12:10,2000.0,7.36,S
2021-06-15T14:11:48,1400.0,7.36,S
2021-06-15T14:11:06,600.0,7.36,S
2021-06-15T14:10:58,1000.0,7.36,S
2021-06-15T14:10:46,5800.0,7.36,S
2021-06-15T14:10:45,5000.0,7.36,S
2021-06-15T14:10:44,300.0,7.36,S
2021-06-15T14:10:44,7700.0,7.35,S
2021-06-15T14:10:44,5900.0,7.35,S
2021-06-15T14:10:44,24300.0,7.35,S
2021-06-15T14:10:44,12100.0,7.35,S
2021-06-15T14:10:44,19000.0,7.36,S
2021-06-15T14:10:44,1000.0,7.36,S
2021-06-15T14:10:41,18900.0,7.36,S
2021-06-15T14:10:38,2400.0,7.36,S
2021-06-15T14:10:38,5800.0,7.36,S
2021-06-15T14:10:38,1800.0,7.36,S
2021-06-15T14:10:01,200.0,7.36,S
2021-06-15T14:10:00,500.0,7.37,B
2021-06-15T14:09:43,1000.0,7.36,S
2021-06-15T14:09:37,3500.0,7.36,S
2021-06-15T14:09:37,1000.0,7.36,S
2021-06-15T14:09:37,500.0,7.36,S
2021-06-15T14:09:17,2000.0,7.37,B
2021-06-15T14:09:16,1500.0,7.36,S
2021-06-15T14:09:14,5000.0,7.36,S
2021-06-15T14:09:07,1000.0,7.36,S
2021-06-15T14:09:06,2500.0,7.36,S
2021-06-15T14:08:55,5000.0,7.36,S
2021-06-15T14:08:52,4500.0,7.36,S
2021-06-15T14:08:52,3000.0,7.36,S
2021-06-15T14:08:52,8700.0,7.36,S
2021-06-15T14:08:52,1200.0,7.36,S
2021-06-15T14:08:50,22100.0,7.36,S
2021-06-15T14:08:50,3000.0,7.37,B
2021-06-15T14:08:49,500.0,7.36,S
2021-06-15T14:08:43,600.0,7.36,S
2021-06-15T14:08:41,200.0,7.37,B
2021-06-15T14:08:32,4700.0,7.36,S
2021-06-15T14:08:21,1600.0,7.37,B
2021-06-15T14:08:20,11400.0,7.37,B
2021-06-15T14:08:15,8000.0,7.36,S
2021-06-15T14:08:03,200.0,7.36,S
2021-06-15T14:08:00,100.0,7.36,S
2021-06-15T14:07:39,100.0,7.37,B
2021-06-15T14:07:30,1100.0,7.37,B
2021-06-15T14:07:30,13900.0,7.37,B
2021-06-15T14:07:29,7900.0,7.36,S
2021-06-15T14:07:24,1200.0,7.36,S
2021-06-15T14:07:24,6300.0,7.36,S
2021-06-15T14:07:24,1100.0,7.36,S
2021-06-15T14:07:24,10500.0,7.36,S
2021-06-15T14:07:24,30900.0,7.36,S
2021-06-15T14:07:22,2000.0,7.36,S
2021-06-15T14:07:21,4600.0,7.37,B
2021-06-15T14:07:12,500.0,7.37,B
2021-06-15T14:06:42,100.0,7.36,S
2021-06-15T14:06:38,12000.0,7.36,S
2021-06-15T14:06:37,500.0,7.37,B
2021-06-15T14:06:35,2000.0,7.37,B
2021-06-15T14:06:30,100.0,7.36,S
2021-06-15T14:06:28,100.0,7.36,S
2021-06-15T14:06:28,1000.0,7.37,B
2021-06-15T14:06:24,3000.0,7.37,B
2021-06-15T14:06:18,200.0,7.36,S
2021-06-15T14:06:14,50000.0,7.36,S
2021-06-15T14:06:13,5000.0,7.37,B
2021-06-15T14:06:02,100.0,7.37,B
2021-06-15T14:05:55,100.0,7.37,B
2021-06-15T14:05:54,200.0,7.36,S
2021-06-15T14:05:45,100.0,7.37,B
2021-06-15T14:05:43,200.0,7.37,B
2021-06-15T14:05:36,200.0,7.36,S
2021-06-15T14:05:31,1000.0,7.37,B
2021-06-15T14:05:09,100.0,7.37,B
2021-06-15T14:05:00,22800.0,7.36,S
2021-06-15T14:05:00,100.0,7.37,B
2021-06-15T14:04:56,5000.0,7.36,S
2021-06-15T14:04:50,200.0,7.36,S
2021-06-15T14:04:49,5000.0,7.36,S
2021-06-15T14:04:38,5000.0,7.37,B
2021-06-15T14:04:10,1000.0,7.36,S
2021-06-15T14:04:10,100.0,7.37,B
2021-06-15T14:04:08,18600.0,7.36,S
2021-06-15T14:04:03,200.0,7.37,B
2021-06-15T14:03:56,100.0,7.37,S
2021-06-15T14:03:56,14800.0,7.37,S
2021-06-15T14:03:43,100.0,7.37,S
2021-06-15T14:03:33,200.0,7.37,S
2021-06-15T14:03:31,1000.0,7.37,S
2021-06-15T14:03:29,10000.0,7.37,S
2021-06-15T14:03:13,200.0,7.37,S
2021-06-15T14:03:03,3000.0,7.37,S
2021-06-15T14:03:03,700.0,7.37,S
2021-06-15T14:03:03,2700.0,7.37,S
2021-06-15T14:02:58,2500.0,7.37,S
2021-06-15T14:02:58,7500.0,7.37,S
2021-06-15T14:02:51,500.0,7.37,S
2021-06-15T14:02:43,900.0,7.37,S
2021-06-15T14:02:40,1000.0,7.37,S
2021-06-15T14:02:27,600.0,7.37,S
2021-06-15T14:02:24,2000.0,7.37,S
2021-06-15T14:02:21,1000.0,7.37,S
2021-06-15T14:02:15,2000.0,7.37,S
2021-06-15T14:02:11,2000.0,7.37,S
2021-06-15T14:02:11,5000.0,7.37,S
2021-06-15T14:02:09,1300.0,7.38,B
2021-06-15T14:02:08,10000.0,7.37,S
2021-06-15T14:02:08,500.0,7.37,S
2021-06-15T14:02:07,200.0,7.37,S
2021-06-15T14:02:07,2400.0,7.37,S
2021-06-15T14:02:06,14000.0,7.37,S
2021-06-15T14:02:06,8000.0,7.37,S
2021-06-15T14:02:00,500.0,7.37,S
2021-06-15T14:01:52,400.0,7.37,S
2021-06-15T14:01:37,20000.0,7.37,S
2021-06-15T14:01:37,200.0,7.37,S
2021-06-15T14:01:34,800.0,7.37,S
2021-06-15T14:01:34,3500.0,7.37,S
2021-06-15T14:01:34,15700.0,7.37,S
2021-06-15T14:01:32,400.0,7.38,B
2021-06-15T14:01:30,500.0,7.38,B
2021-06-15T14:01:30,100.0,7.38,B
2021-06-15T14:01:22,100.0,7.38,B
2021-06-15T14:01:17,1100.0,7.38,S
2021-06-15T14:01:17,5000.0,7.38,S
2021-06-15T14:01:16,3900.0,7.38,S
2021-06-15T14:01:13,2600.0,7.38,S
2021-06-15T14:01:12,700.0,7.37,S
2021-06-15T14:01:12,1600.0,7.37,S
2021-06-15T14:01:12,6400.0,7.37,S
2021-06-15T14:01:12,1300.0,7.37,S
2021-06-15T14:01:09,25500.0,7.38,S
2021-06-15T14:00:49,2000.0,7.38,S
2021-06-15T14:00:35,10000.0,7.38,S
2021-06-15T14:00:31,4000.0,7.38,S
2021-06-15T14:00:25,1000.0,7.38,S
2021-06-15T14:00:25,50000.0,7.37,S
2021-06-15T14:00:24,10000.0,7.37,S
2021-06-15T14:00:13,200.0,7.38,S
2021-06-15T14:00:13,1000.0,7.38,S
2021-06-15T14:00:11,100.0,7.38,S
2021-06-15T14:00:09,500.0,7.38,S
2021-06-15T14:00:09,2700.0,7.38,S
2021-06-15T14:00:01,200.0,7.38,S
2021-06-15T13:59:54,1300.0,7.38,S
2021-06-15T13:59:54,800.0,7.38,S
2021-06-15T13:59:54,4200.0,7.38,S
2021-06-15T13:59:52,700.0,7.38,S
2021-06-15T13:59:49,700.0,7.38,S
2021-06-15T13:59:47,100.0,7.39,B
2021-06-15T13:59:46,700.0,7.38,S
2021-06-15T13:59:46,1300.0,7.38,S
2021-06-15T13:59:46,5000.0,7.38,S
2021-06-15T13:59:38,2300.0,7.38,S
2021-06-15T13:59:38,7700.0,7.38,S
2021-06-15T13:59:35,1000.0,7.38,S
2021-06-15T13:59:32,2500.0,7.39,B
2021-06-15T13:59:29,5300.0,7.38,S
2021-06-15T13:59:29,4400.0,7.38,S
2021-06-15T13:59:29,500.0,7.38,S
2021-06-15T13:59:29,2600.0,7.38,S
2021-06-15T13:59:29,7200.0,7.38,S
2021-06-15T13:59:03,5000.0,7.39,S
2021-06-15T13:58:57,300.0,7.39,S
2021-06-15T13:58:56,2200.0,7.39,S
2021-06-15T13:58:55,3000.0,7.39,S
2021-06-15T13:58:41,1000.0,7.39,S
2021-06-15T13:58:37,2000.0,7.39,S
2021-06-15T13:58:28,1200.0,7.39,S
2021-06-15T13:58:17,100.0,7.39,S
2021-06-15T13:58:15,1000.0,7.39,S
2021-06-15T13:58:07,3000.0,7.39,S
2021-06-15T13:58:00,16800.0,7.38,S
2021-06-15T13:58:00,1000.0,7.38,S
2021-06-15T13:58:00,1300.0,7.38,S
2021-06-15T13:58:00,3500.0,7.38,S
2021-06-15T13:58:00,4000.0,7.38,S
2021-06-15T13:58:00,3400.0,7.38,S
2021-06-15T13:57:46,500.0,7.39,S
2021-06-15T13:57:41,1000.0,7.39,S
2021-06-15T13:57:38,100.0,7.39,S
2021-06-15T13:57:23,3000.0,7.39,S
2021-06-15T13:57:21,1200.0,7.39,S
2021-06-15T13:57:17,1000.0,7.39,S
2021-06-15T13:57:11,2000.0,7.39,S
2021-06-15T13:57:09,500.0,7.39,S
2021-06-15T13:57:02,300.0,7.39,S
2021-06-15T13:57:02,100.0,7.39,S
2021-06-15T13:57:00,11000.0,7.39,S
2021-06-15T13:56:58,2000.0,7.39,S
2021-06-15T13:56:49,1200.0,7.39,S
2021-06-15T13:56:41,100.0,7.39,S
2021-06-15T13:56:39,100.0,7.39,S
2021-06-15T13:56:25,5000.0,7.39,S
2021-06-15T13:56:24,2000.0,7.39,S
2021-06-15T13:56:24,200.0,7.39,S
2021-06-15T13:56:15,200.0,7.39,S
2021-06-15T13:56:15,1000.0,7.39,S
2021-06-15T13:56:14,200.0,7.39,S
2021-06-15T13:56:14,500.0,7.39,S
2021-06-15T13:56:13,1000.0,7.39,S
2021-06-15T13:55:54,5000.0,7.39,S
2021-06-15T13:55:54,10000.0,7.39,S
2021-06-15T13:55:53,10000.0,7.39,S
2021-06-15T13:55:50,5000.0,7.4,B
2021-06-15T13:55:46,5000.0,7.39,S
2021-06-15T13:55:34,400.0,7.4,B
2021-06-15T13:55:26,5000.0,7.39,S
2021-06-15T13:55:24,4500.0,7.4,B
2021-06-15T13:55:24,5500.0,7.4,B
2021-06-15T13:55:09,300.0,7.39,S
2021-06-15T13:55:07,200.0,7.39,S
2021-06-15T13:55:04,500.0,7.39,S
2021-06-15T13:54:59,400.0,7.39,S
2021-06-15T13:54:59,1600.0,7.39,S
2021-06-15T13:54:54,200.0,7.4,B
2021-06-15T13:54:54,1500.0,7.4,B
2021-06-15T13:54:53,23500.0,7.4,B
2021-06-15T13:54:53,300.0,7.4,B
2021-06-15T13:54:51,5000.0,7.39,S
2021-06-15T13:54:43,5400.0,7.39,S
2021-06-15T13:54:43,1000.0,7.39,S
2021-06-15T13:54:43,4000.0,7.39,S
2021-06-15T13:54:43,9600.0,7.39,S
2021-06-15T13:54:39,300.0,7.39,S
2021-06-15T13:54:39,2200.0,7.39,S
2021-06-15T13:54:39,1000.0,7.39,S
2021-06-15T13:54:39,6500.0,7.39,S
2021-06-15T13:54:38,1000.0,7.39,S
2021-06-15T13:54:36,1300.0,7.39,S
2021-06-15T13:54:34,1000.0,7.4,B
2021-06-15T13:54:34,200.0,7.39,S
2021-06-15T13:54:34,400.0,7.39,S
2021-06-15T13:54:33,9400.0,7.39,S
2021-06-15T13:54:29,3000.0,7.4,B
2021-06-15T13:54:27,1500.0,7.39,S
2021-06-15T13:54:16,500.0,7.39,S
2021-06-15T13:54:14,1000.0,7.39,S
2021-06-15T13:54:08,2000.0,7.4,B
2021-06-15T13:54:06,1000.0,7.4,B
2021-06-15T13:54:05,3300.0,7.4,B
2021-06-15T13:54:05,6700.0,7.4,B
2021-06-15T13:54:03,10200.0,7.39,S
2021-06-15T13:53:58,800.0,7.4,B
2021-06-15T13:53:57,500.0,7.39,S
2021-06-15T13:53:52,500.0,7.4,B
2021-06-15T13:53:52,100.0,7.4,B
2021-06-15T13:53:50,500.0,7.4,B
2021-06-15T13:53:49,4500.0,7.39,S
2021-06-15T13:53:44,1000.0,7.4,B
2021-06-15T13:53:43,300.0,7.4,B
2021-06-15T13:53:41,100.0,7.39,S
2021-06-15T13:53:38,100.0,7.4,B
2021-06-15T13:53:36,200.0,7.39,S
2021-06-15T13:53:36,800.0,7.39,S
2021-06-15T13:53:13,100.0,7.4,B
2021-06-15T13:53:13,1000.0,7.4,B
2021-06-15T13:53:05,20000.0,7.39,S
2021-06-15T13:53:03,500.0,7.4,B
2021-06-15T13:53:00,100.0,7.4,B
2021-06-15T13:52:57,1000.0,7.4,B
2021-06-15T13:52:51,1000.0,7.4,B
2021-06-15T13:52:51,500.0,7.39,S
2021-06-15T13:52:49,8700.0,7.4,B
2021-06-15T13:52:42,5500.0,7.39,S
2021-06-15T13:52:35,5000.0,7.4,B
2021-06-15T13:52:23,3000.0,7.4,B
2021-06-15T13:52:21,11000.0,7.4,B
2021-06-15T13:52:17,2000.0,7.4,B
2021-06-15T13:52:17,5000.0,7.4,B
2021-06-15T13:52:16,5000.0,7.4,B
2021-06-15T13:52:15,500.0,7.4,B
2021-06-15T13:52:11,4200.0,7.39,S
2021-06-15T13:52:11,1800.0,7.39,S
2021-06-15T13:52:06,10000.0,7.4,B
2021-06-15T13:52:00,10000.0,7.4,B
2021-06-15T13:51:53,1000.0,7.4,B
2021-06-15T13:51:53,100.0,7.39,S
2021-06-15T13:51:45,9000.0,7.39,S
2021-06-15T13:51:45,1000.0,7.4,B
2021-06-15T13:51:44,200.0,7.4,B
2021-06-15T13:51:31,2000.0,7.4,B
2021-06-15T13:51:27,800.0,7.39,S
2021-06-15T13:51:24,200.0,7.39,S
2021-06-15T13:51:20,1000.0,7.4,B
2021-06-15T13:51:20,100.0,7.39,S
2021-06-15T13:51:19,600.0,7.4,B
2021-06-15T13:51:19,100.0,7.4,B
2021-06-15T13:51:05,1000.0,7.39,S
2021-06-15T13:51:04,1900.0,7.4,B
2021-06-15T13:51:03,23100.0,7.4,B
2021-06-15T13:51:03,100.0,7.4,B
2021-06-15T13:51:03,5000.0,7.4,B
2021-06-15T13:51:03,9100.0,7.4,B
2021-06-15T13:51:03,15800.0,7.4,B
2021-06-15T13:50:43,500.0,7.4,B
2021-06-15T13:50:39,10000.0,7.39,S
2021-06-15T13:50:33,100.0,7.4,B
2021-06-15T13:50:30,400.0,7.39,S
2021-06-15T13:50:23,4800.0,7.4,B
2021-06-15T13:50:23,800.0,7.4,B
2021-06-15T13:50:23,9800.0,7.4,B
2021-06-15T13:50:21,500.0,7.39,S
2021-06-15T13:50:19,100.0,7.4,B
2021-06-15T13:50:16,4000.0,7.39,S
2021-06-15T13:50:15,4600.0,7.39,S
2021-06-15T13:50:15,4000.0,7.4,B
2021-06-15T13:50:14,1400.0,7.4,B
2021-06-15T13:50:11,10000.0,7.39,S
2021-06-15T13:50:05,500.0,7.4,B
2021-06-15T13:49:59,400.0,7.4,B
2021-06-15T13:49:57,10000.0,7.4,B
2021-06-15T13:49:56,5200.0,7.4,B
2021-06-15T13:49:55,2600.0,7.4,B
2021-06-15T13:49:49,500.0,7.4,B
2021-06-15T13:49:30,500.0,7.39,S
2021-06-15T13:49:29,2000.0,7.4,B
2021-06-15T13:49:22,100.0,7.4,B
2021-06-15T13:49:18,100.0,7.4,B
2021-06-15T13:49:09,1700.0,7.4,B
2021-06-15T13:49:08,100.0,7.4,B
2021-06-15T13:49:05,4600.0,7.4,B
2021-06-15T13:48:59,200.0,7.4,B
2021-06-15T13:48:55,300.0,7.4,B
2021-06-15T13:48:52,2000.0,7.4,B
2021-06-15T13:48:48,1000.0,7.4,B
2021-06-15T13:48:44,1000.0,7.39,S
2021-06-15T13:48:42,1000.0,7.4,B
2021-06-15T13:48:37,100.0,7.4,B
2021-06-15T13:48:33,1000.0,7.4,B
2021-06-15T13:48:30,1000.0,7.4,B
2021-06-15T13:48:27,100.0,7.4,B
2021-06-15T13:48:25,200.0,7.4,B
2021-06-15T13:48:24,900.0,7.4,B
2021-06-15T13:48:22,100.0,7.4,B
2021-06-15T13:48:21,900.0,7.4,B
2021-06-15T13:48:18,100.0,7.4,B
2021-06-15T13:48:17,18000.0,7.4,B
2021-06-15T13:48:15,10000.0,7.4,B
2021-06-15T13:48:15,1000.0,7.4,B
2021-06-15T13:48:11,800.0,7.4,B
2021-06-15T13:48:10,500.0,7.4,B
2021-06-15T13:48:00,800.0,7.4,B
2021-06-15T13:47:51,5000.0,7.4,B
2021-06-15T13:47:51,400.0,7.39,S
2021-06-15T13:47:49,1000.0,7.39,S
2021-06-15T13:47:48,2000.0,7.4,B
2021-06-15T13:47:45,500.0,7.4,B
2021-06-15T13:47:43,1200.0,7.4,B
2021-06-15T13:47:42,6000.0,7.4,B
2021-06-15T13:47:39,1000.0,7.4,B
2021-06-15T13:47:28,2200.0,7.4,B
2021-06-15T13:47:27,2000.0,7.4,B
2021-06-15T13:47:26,100.0,7.39,S
2021-06-15T13:47:25,900.0,7.4,B
2021-06-15T13:47:25,700.0,7.4,B
2021-06-15T13:47:20,2500.0,7.4,B
2021-06-15T13:47:19,300.0,7.4,B
2021-06-15T13:47:17,500.0,7.4,B
2021-06-15T13:47:16,400.0,7.4,B
2021-06-15T13:47:13,1400.0,7.39,S
2021-06-15T13:47:13,1100.0,7.39,S
2021-06-15T13:47:13,1100.0,7.39,S
2021-06-15T13:47:13,6400.0,7.39,S
2021-06-15T13:47:09,1000.0,7.4,B
2021-06-15T13:47:04,200.0,7.4,B
2021-06-15T13:47:02,100.0,7.39,S
2021-06-15T13:47:02,4400.0,7.39,S
2021-06-15T13:47:00,2000.0,7.4,B
2021-06-15T13:46:52,5000.0,7.4,B
2021-06-15T13:46:46,3000.0,7.4,B
2021-06-15T13:46:45,2500.0,7.39,S
2021-06-15T13:46:45,1000.0,7.4,B
2021-06-15T13:46:44,300.0,7.4,B
2021-06-15T13:46:39,2000.0,7.4,B
2021-06-15T13:46:24,100.0,7.4,B
2021-06-15T13:46:23,200.0,7.4,B
2021-06-15T13:46:18,1000.0,7.4,B
2021-06-15T13:46:18,1000.0,7.4,B
2021-06-15T13:46:16,5300.0,7.4,B
2021-06-15T13:46:06,200.0,7.39,S
2021-06-15T13:46:06,4800.0,7.39,S
2021-06-15T13:46:04,500.0,7.4,B
2021-06-15T13:46:03,600.0,7.4,B
2021-06-15T13:46:02,500.0,7.4,B
2021-06-15T13:45:59,1000.0,7.4,B
2021-06-15T13:45:56,1400.0,7.39,S
2021-06-15T13:45:55,2000.0,7.4,B
2021-06-15T13:45:49,1400.0,7.4,B
2021-06-15T13:45:49,1100.0,7.4,B
2021-06-15T13:45:49,2500.0,7.4,B
2021-06-15T13:45:49,300.0,7.39,S
2021-06-15T13:45:47,10000.0,7.4,B
2021-06-15T13:45:45,2300.0,7.39,S
2021-06-15T13:45:45,1600.0,7.39,S
2021-06-15T13:45:45,5000.0,7.39,S
2021-06-15T13:45:45,7000.0,7.39,S
2021-06-15T13:45:45,1100.0,7.39,S
2021-06-15T13:45:45,1000.0,7.39,S
2021-06-15T13:45:45,2000.0,7.39,S
2021-06-15T13:45:42,2100.0,7.4,B
2021-06-15T13:45:41,10000.0,7.4,B
2021-06-15T13:45:38,4500.0,7.39,S
2021-06-15T13:45:30,300.0,7.4,B
2021-06-15T13:45:29,500.0,7.4,B
2021-06-15T13:45:29,2000.0,7.4,B
2021-06-15T13:45:21,5000.0,7.4,B
2021-06-15T13:45:21,1500.0,7.4,B
2021-06-15T13:45:21,3500.0,7.4,B
2021-06-15T13:45:17,600.0,7.4,B
2021-06-15T13:45:15,500.0,7.4,B
2021-06-15T13:45:13,10000.0,7.39,S
2021-06-15T13:45:10,1500.0,7.39,S
2021-06-15T13:45:09,2000.0,7.4,B
2021-06-15T13:45:04,2300.0,7.4,B
2021-06-15T13:45:01,1000.0,7.4,B
2021-06-15T13:44:59,5000.0,7.4,B
2021-06-15T13:44:58,3300.0,7.39,S
2021-06-15T13:44:57,3000.0,7.4,B
2021-06-15T13:44:57,2000.0,7.4,B
2021-06-15T13:44:55,500.0,7.4,B
2021-06-15T13:44:54,1000.0,7.39,S
2021-06-15T13:44:53,3800.0,7.4,B
2021-06-15T13:44:52,5000.0,7.4,B
2021-06-15T13:44:49,500.0,7.4,B
2021-06-15T13:44:47,1000.0,7.4,B
2021-06-15T13:44:44,100.0,7.4,B
2021-06-15T13:44:44,500.0,7.4,B
2021-06-15T13:44:44,1500.0,7.4,B
2021-06-15T13:44:41,1000.0,7.4,B
2021-06-15T13:44:37,900.0,7.4,B
2021-06-15T13:44:37,1500.0,7.4,B
2021-06-15T13:44:37,600.0,7.4,B
2021-06-15T13:44:37,3100.0,7.4,B
2021-06-15T13:44:37,43900.0,7.4,B
2021-06-15T13:44:35,100.0,7.4,B
2021-06-15T13:44:34,100.0,7.4,B
2021-06-15T13:44:32,100.0,7.4,B
2021-06-15T13:44:29,600.0,7.39,S
2021-06-15T13:44:29,600.0,7.4,B
2021-06-15T13:44:29,500.0,7.4,B
2021-06-15T13:44:24,6400.0,7.4,B
2021-06-15T13:44:22,2000.0,7.4,B
2021-06-15T13:44:21,11000.0,7.4,B
2021-06-15T13:44:18,1900.0,7.4,B
2021-06-15T13:44:16,1000.0,7.4,B
2021-06-15T13:44:15,2000.0,7.4,B
2021-06-15T13:44:14,3000.0,7.4,B
2021-06-15T13:44:12,200.0,7.4,B
2021-06-15T13:44:08,6900.0,7.4,B
2021-06-15T13:44:04,100.0,7.39,S
2021-06-15T13:43:57,5000.0,7.4,B
2021-06-15T13:43:54,5000.0,7.4,B
2021-06-15T13:43:54,300.0,7.4,B
2021-06-15T13:43:50,300.0,7.4,B
2021-06-15T13:43:45,1000.0,7.4,B
2021-06-15T13:43:39,5000.0,7.4,B
2021-06-15T13:43:37,5000.0,7.39,S
2021-06-15T13:43:36,3000.0,7.4,B
2021-06-15T13:43:34,100.0,7.4,B
2021-06-15T13:43:30,3000.0,7.4,B
2021-06-15T13:43:28,100.0,7.39,S
2021-06-15T13:43:27,200.0,7.39,S
2021-06-15T13:43:24,5000.0,7.4,B
2021-06-15T13:43:24,500.0,7.4,B
2021-06-15T13:43:22,5400.0,7.39,S
2021-06-15T13:43:22,2100.0,7.39,S
2021-06-15T13:43:22,3000.0,7.39,S
2021-06-15T13:43:22,9500.0,7.39,S
2021-06-15T13:43:20,3400.0,7.4,B
2021-06-15T13:43:20,5000.0,7.39,S
2021-06-15T13:43:16,100.0,7.4,B
2021-06-15T13:43:13,2000.0,7.4,B
2021-06-15T13:43:12,800.0,7.4,B
2021-06-15T13:43:09,1100.0,7.4,B
2021-06-15T13:43:09,4900.0,7.4,B
2021-06-15T13:43:07,100.0,7.4,B
2021-06-15T13:43:07,1000.0,7.39,S
2021-06-15T13:43:06,3800.0,7.4,B
2021-06-15T13:43:04,3200.0,7.4,B
2021-06-15T13:43:04,1300.0,7.4,B
2021-06-15T13:43:04,1000.0,7.4,B
2021-06-15T13:43:04,1100.0,7.4,B
2021-06-15T13:43:04,17800.0,7.4,B
2021-06-15T13:43:03,200.0,7.4,B
2021-06-15T13:43:03,1700.0,7.4,B
2021-06-15T13:43:03,5000.0,7.4,B
2021-06-15T13:43:03,1100.0,7.4,B
2021-06-15T13:43:03,7000.0,7.4,B
2021-06-15T13:43:00,300.0,7.4,B
2021-06-15T13:43:00,3000.0,7.4,B
2021-06-15T13:42:55,4600.0,7.39,S
2021-06-15T13:42:52,200.0,7.4,B
2021-06-15T13:42:50,500.0,7.4,B
2021-06-15T13:42:50,1000.0,7.4,B
2021-06-15T13:42:43,6000.0,7.39,S
2021-06-15T13:42:42,4000.0,7.4,B
2021-06-15T13:42:42,10000.0,7.4,B
2021-06-15T13:42:38,500.0,7.39,S
2021-06-15T13:42:26,100.0,7.4,B
2021-06-15T13:42:25,1000.0,7.39,S
2021-06-15T13:42:22,300.0,7.39,S
2021-06-15T13:42:09,7000.0,7.4,B
2021-06-15T13:42:09,2500.0,7.39,S
2021-06-15T13:42:06,1000.0,7.4,B
2021-06-15T13:42:01,5000.0,7.39,S
2021-06-15T13:41:54,600.0,7.39,S
2021-06-15T13:41:49,300.0,7.39,S
2021-06-15T13:41:47,100.0,7.4,B
2021-06-15T13:41:36,10000.0,7.39,S
2021-06-15T13:41:09,2000.0,7.39,B
2021-06-15T13:41:09,1000.0,7.39,B
2021-06-15T13:41:09,500.0,7.39,B
2021-06-15T13:41:09,2000.0,7.39,B
2021-06-15T13:41:09,10000.0,7.39,B
2021-06-15T13:41:09,2500.0,7.39,B
2021-06-15T13:41:09,100.0,7.39,B
2021-06-15T13:41:09,2300.0,7.39,B
2021-06-15T13:41:06,100.0,7.38,B
2021-06-15T13:41:04,1200.0,7.39,B
2021-06-15T13:41:03,3000.0,7.39,B
2021-06-15T13:41:03,500.0,7.39,B
2021-06-15T13:41:03,100.0,7.39,B
2021-06-15T13:41:01,100.0,7.39,B
2021-06-15T13:40:57,5000.0,7.39,B
2021-06-15T13:40:54,200.0,7.39,B
2021-06-15T13:40:53,900.0,7.39,B
2021-06-15T13:40:51,400.0,7.39,B
2021-06-15T13:40:50,500.0,7.39,B
2021-06-15T13:40:47,200.0,7.39,B
2021-06-15T13:40:46,200.0,7.39,B
2021-06-15T13:40:45,5300.0,7.39,B
2021-06-15T13:40:40,2000.0,7.39,B
2021-06-15T13:40:37,5000.0,7.39,B
2021-06-15T13:40:35,300.0,7.39,B
2021-06-15T13:40:35,5200.0,7.39,B
2021-06-15T13:40:33,1000.0,7.39,B
2021-06-15T13:40:27,3300.0,7.39,B
2021-06-15T13:40:26,100.0,7.39,B
2021-06-15T13:40:24,2000.0,7.39,B
2021-06-15T13:40:23,3000.0,7.39,B
2021-06-15T13:40:22,1000.0,7.39,B
2021-06-15T13:40:20,500.0,7.39,B
2021-06-15T13:40:19,1300.0,7.38,B
2021-06-15T13:40:18,200.0,7.39,B
2021-06-15T13:40:17,13300.0,7.39,B
2021-06-15T13:40:17,16700.0,7.39,B
2021-06-15T13:40:17,18200.0,7.39,B
2021-06-15T13:40:16,11800.0,7.39,B
2021-06-15T13:40:10,200.0,7.39,B
2021-06-15T13:40:10,1000.0,7.38,B
2021-06-15T13:40:06,3000.0,7.39,B
2021-06-15T13:40:03,2000.0,7.39,B
2021-06-15T13:39:51,3000.0,7.39,B
2021-06-15T13:39:50,5000.0,7.39,B
2021-06-15T13:39:41,500.0,7.39,B
2021-06-15T13:39:40,400.0,7.38,B
2021-06-15T13:39:25,3300.0,7.38,B
2021-06-15T13:39:21,2000.0,7.39,B
2021-06-15T13:39:19,2600.0,7.39,B
2021-06-15T13:39:16,500.0,7.39,B
2021-06-15T13:39:05,13600.0,7.38,B
2021-06-15T13:38:58,20000.0,7.38,B
2021-06-15T13:38:53,500.0,7.39,B
2021-06-15T13:38:49,7000.0,7.38,B
2021-06-15T13:38:28,500.0,7.39,B
2021-06-15T13:38:28,2000.0,7.39,B
2021-06-15T13:38:28,600.0,7.39,B
2021-06-15T13:38:28,1800.0,7.39,B
2021-06-15T13:38:28,300.0,7.39,B
2021-06-15T13:38:28,4800.0,7.39,B
2021-06-15T13:38:27,1000.0,7.39,B
2021-06-15T13:38:23,1500.0,7.38,B
2021-06-15T13:38:23,1200.0,7.38,B
2021-06-15T13:38:23,800.0,7.38,B
2021-06-15T13:38:23,9100.0,7.38,B
2021-06-15T13:38:22,600.0,7.38,B
2021-06-15T13:38:22,1500.0,7.38,B
2021-06-15T13:38:22,4100.0,7.38,B
2021-06-15T13:38:22,7500.0,7.38,B
2021-06-15T13:38:22,300.0,7.38,B
2021-06-15T13:38:22,23100.0,7.38,B
2021-06-15T13:38:20,32000.0,7.38,B
2021-06-15T13:38:15,6000.0,7.38,B
2021-06-15T13:38:15,2000.0,7.38,B
2021-06-15T13:38:05,200.0,7.38,B
2021-06-15T13:38:01,200.0,7.38,B
2021-06-15T13:37:52,10000.0,7.38,B
2021-06-15T13:37:49,500.0,7.37,B
2021-06-15T13:37:42,15000.0,7.38,B
2021-06-15T13:37:40,500.0,7.37,B
2021-06-15T13:37:39,500.0,7.37,B
2021-06-15T13:37:30,2000.0,7.37,B
2021-06-15T13:37:29,2000.0,7.38,B
2021-06-15T13:37:27,100.0,7.38,B
2021-06-15T13:37:27,2000.0,7.38,B
2021-06-15T13:37:26,500.0,7.37,B
2021-06-15T13:37:26,1000.0,7.38,B
2021-06-15T13:37:23,6000.0,7.37,B
2021-06-15T13:37:23,2200.0,7.37,B
2021-06-15T13:37:23,2000.0,7.37,B
2021-06-15T13:37:23,1600.0,7.37,B
2021-06-15T13:37:23,1500.0,7.37,B
2021-06-15T13:37:23,100.0,7.37,B
2021-06-15T13:37:23,14700.0,7.37,B
2021-06-15T13:37:23,16800.0,7.37,B
2021-06-15T13:37:21,2000.0,7.37,B
2021-06-15T13:37:16,200.0,7.37,B
2021-06-15T13:37:09,900.0,7.37,B
2021-06-15T13:37:08,2000.0,7.36,S
2021-06-15T13:36:57,1500.0,7.37,B
2021-06-15T13:36:56,700.0,7.36,S
2021-06-15T13:36:55,70000.0,7.36,S
2021-06-15T13:36:55,1000.0,7.36,S
2021-06-15T13:36:52,700.0,7.35,S
2021-06-15T13:36:52,20000.0,7.36,S
2021-06-15T13:36:51,50000.0,7.36,S
2021-06-15T13:36:50,1000.0,7.35,S
2021-06-15T13:36:45,5000.0,7.36,S
2021-06-15T13:36:39,3000.0,7.35,S
2021-06-15T13:36:30,300.0,7.35,S
2021-06-15T13:36:28,4000.0,7.35,S
2021-06-15T13:36:28,3100.0,7.35,S
2021-06-15T13:36:21,5000.0,7.34,S
2021-06-15T13:36:17,2000.0,7.34,S
2021-06-15T13:36:15,8800.0,7.35,S
2021-06-15T13:35:43,400.0,7.35,S
2021-06-15T13:35:43,2400.0,7.35,S
2021-06-15T13:35:43,500.0,7.35,S
2021-06-15T13:35:25,500.0,7.35,S
2021-06-15T13:35:23,1000.0,7.34,S
2021-06-15T13:34:46,500.0,7.35,S
2021-06-15T13:34:46,1500.0,7.35,S
2021-06-15T13:34:23,1000.0,7.35,S
2021-06-15T13:34:19,200.0,7.35,S
2021-06-15T13:34:07,300.0,7.35,S
2021-06-15T13:33:55,1500.0,7.35,S
2021-06-15T13:33:40,1000.0,7.35,S
2021-06-15T13:33:20,4500.0,7.35,S
2021-06-15T13:33:17,500.0,7.35,S
2021-06-15T13:33:11,15000.0,7.35,S
2021-06-15T13:33:11,500.0,7.35,S
2021-06-15T13:33:11,14400.0,7.35,S
2021-06-15T13:32:18,2100.0,7.35,S
2021-06-15T13:32:09,800.0,7.35,S
2021-06-15T13:32:08,7100.0,7.36,S
2021-06-15T13:32:07,1000.0,7.37,B
2021-06-15T13:32:04,12900.0,7.36,S
2021-06-15T13:32:04,2000.0,7.35,S
2021-06-15T13:31:57,1000.0,7.35,S
2021-06-15T13:31:53,300.0,7.36,S
2021-06-15T13:31:52,100.0,7.35,S
2021-06-15T13:31:40,100.0,7.35,S
2021-06-15T13:31:36,9900.0,7.36,S
2021-06-15T13:31:35,6000.0,7.35,S
2021-06-15T13:31:32,5900.0,7.35,S
2021-06-15T13:31:32,1000.0,7.35,S
2021-06-15T13:31:04,1000.0,7.35,S
2021-06-15T13:30:42,1000.0,7.35,S
2021-06-15T13:30:33,2000.0,7.35,S
2021-06-15T13:30:24,13900.0,7.35,S
2021-06-15T13:30:24,1200.0,7.35,S
2021-06-15T13:30:23,25000.0,7.35,S
2021-06-15T13:30:06,1000.0,7.36,S
2021-06-15T13:30:05,100.0,7.35,S
2021-06-15T13:29:41,300.0,7.35,S
2021-06-15T13:29:34,800.0,7.36,S
2021-06-15T13:28:47,1000.0,7.35,S
2021-06-15T13:28:39,1000.0,7.36,S
2021-06-15T13:28:37,10000.0,7.37,B
2021-06-15T13:28:33,5000.0,7.37,B
2021-06-15T13:28:33,5000.0,7.37,B
2021-06-15T13:28:32,100.0,7.36,S
2021-06-15T13:28:25,100.0,7.35,S
2021-06-15T13:28:23,2700.0,7.36,S
2021-06-15T13:28:23,100.0,7.36,S
2021-06-15T13:28:22,4600.0,7.37,B
2021-06-15T13:28:22,4000.0,7.37,B
2021-06-15T13:28:22,7000.0,7.37,B
2021-06-15T13:28:22,1500.0,7.37,B
2021-06-15T13:28:22,37900.0,7.37,B
2021-06-15T13:28:20,200.0,7.36,S
2021-06-15T13:28:16,1200.0,7.37,B
2021-06-15T13:28:13,300.0,7.37,B
2021-06-15T13:28:13,700.0,7.36,S
2021-06-15T13:28:13,4300.0,7.36,S
2021-06-15T13:28:12,1000.0,7.37,B
2021-06-15T13:28:09,4200.0,7.37,B
2021-06-15T13:27:40,400.0,7.36,S
2021-06-15T13:27:40,800.0,7.36,S
2021-06-15T13:27:38,2000.0,7.37,B
2021-06-15T13:27:25,400.0,7.37,B
2021-06-15T13:27:18,1000.0,7.36,S
2021-06-15T13:27:16,5000.0,7.36,S
2021-06-15T13:27:14,4200.0,7.36,S
2021-06-15T13:27:03,5000.0,7.37,B
2021-06-15T13:27:02,5000.0,7.36,S
2021-06-15T13:27:01,10000.0,7.37,B
2021-06-15T13:26:47,2000.0,7.36,S
2021-06-15T13:26:47,1000.0,7.37,B
2021-06-15T13:26:31,5000.0,7.36,S
2021-06-15T13:26:18,1700.0,7.36,S
2021-06-15T13:25:59,10000.0,7.36,S
2021-06-15T13:25:49,2500.0,7.36,S
2021-06-15T13:25:46,1600.0,7.37,B
2021-06-15T13:25:46,700.0,7.37,B
2021-06-15T13:25:33,2000.0,7.37,B
2021-06-15T13:25:31,200.0,7.37,B
2021-06-15T13:25:28,5000.0,7.37,B
2021-06-15T13:25:20,1000.0,7.37,B
2021-06-15T13:25:08,200.0,7.37,B
2021-06-15T13:24:47,8000.0,7.37,S
2021-06-15T13:24:36,500.0,7.36,S
2021-06-15T13:24:14,1600.0,7.37,S
2021-06-15T13:24:14,10700.0,7.37,S
2021-06-15T13:24:14,15100.0,7.37,S
2021-06-15T13:24:14,2100.0,7.37,S
2021-06-15T13:24:14,20000.0,7.37,S
2021-06-15T13:24:14,2600.0,7.37,S
2021-06-15T13:24:14,20000.0,7.37,S
2021-06-15T13:24:14,2400.0,7.37,S
2021-06-15T13:24:14,25500.0,7.37,S
2021-06-15T13:24:13,1500.0,7.37,S
2021-06-15T13:24:09,1000.0,7.37,S
2021-06-15T13:24:06,500.0,7.37,S
2021-06-15T13:23:37,1000.0,7.37,S
2021-06-15T13:23:27,500.0,7.37,S
2021-06-15T13:23:24,1000.0,7.37,S
2021-06-15T13:23:14,3000.0,7.37,S
2021-06-15T13:23:10,2000.0,7.37,S
2021-06-15T13:23:05,1000.0,7.37,S
2021-06-15T13:22:38,100.0,7.37,S
2021-06-15T13:22:23,5000.0,7.37,S
2021-06-15T13:22:22,3000.0,7.37,S
2021-06-15T13:22:19,10000.0,7.37,S
2021-06-15T13:22:09,800.0,7.37,S
2021-06-15T13:21:45,3000.0,7.37,S
2021-06-15T13:21:43,5300.0,7.37,S
2021-06-15T13:21:43,5500.0,7.37,S
2021-06-15T13:21:42,800.0,7.37,S
2021-06-15T13:21:38,1000.0,7.37,S
2021-06-15T13:21:37,2700.0,7.37,S
2021-06-15T13:21:37,1800.0,7.37,S
2021-06-15T13:21:29,500.0,7.37,S
2021-06-15T13:21:18,1000.0,7.37,S
2021-06-15T13:20:41,1000.0,7.37,S
2021-06-15T13:20:40,5000.0,7.37,S
2021-06-15T13:20:20,1000.0,7.38,B
2021-06-15T13:20:15,1300.0,7.38,B
2021-06-15T13:20:15,3700.0,7.38,B
2021-06-15T13:19:48,1600.0,7.38,B
2021-06-15T13:19:38,200.0,7.38,S
2021-06-15T13:19:24,2000.0,7.38,S
2021-06-15T13:19:05,500.0,7.38,S
2021-06-15T13:19:01,5000.0,7.38,S
2021-06-15T13:18:56,100.0,7.38,S
2021-06-15T13:18:53,200.0,7.37,S
2021-06-15T13:18:50,2000.0,7.38,S
2021-06-15T13:18:36,2000.0,7.38,S
2021-06-15T13:18:32,2000.0,7.38,S
2021-06-15T13:18:25,1000.0,7.38,S
2021-06-15T13:18:05,1900.0,7.39,B
2021-06-15T13:18:04,100.0,7.38,S
2021-06-15T13:18:03,1000.0,7.38,S
2021-06-15T13:17:59,300.0,7.38,S
2021-06-15T13:17:59,600.0,7.38,S
2021-06-15T13:17:51,400.0,7.38,S
2021-06-15T13:17:46,600.0,7.38,S
2021-06-15T13:17:34,2000.0,7.38,S
2021-06-15T13:17:34,300.0,7.39,B
2021-06-15T13:17:32,4000.0,7.38,S
2021-06-15T13:17:29,1000.0,7.38,S
2021-06-15T13:17:21,4200.0,7.39,B
2021-06-15T13:17:21,800.0,7.39,B
2021-06-15T13:17:21,200.0,7.39,B
2021-06-15T13:17:20,4800.0,7.39,B
2021-06-15T13:17:18,500.0,7.38,S
2021-06-15T13:17:18,2000.0,7.39,B
2021-06-15T13:17:09,900.0,7.39,B
2021-06-15T13:17:09,1500.0,7.39,B
2021-06-15T13:17:09,2600.0,7.39,B
2021-06-15T13:17:02,500.0,7.38,S
2021-06-15T13:16:53,10000.0,7.39,B
2021-06-15T13:16:37,15800.0,7.39,B
2021-06-15T13:16:35,1800.0,7.36,S
2021-06-15T13:16:35,2000.0,7.37,S
2021-06-15T13:16:34,5600.0,7.37,S
2021-06-15T13:16:34,600.0,7.38,S
2021-06-15T13:16:32,1000.0,7.38,S
2021-06-15T13:16:28,700.0,7.39,B
2021-06-15T13:16:11,1000.0,7.38,S
2021-06-15T13:15:58,3500.0,7.38,S
2021-06-15T13:15:58,400.0,7.38,S
2021-06-15T13:15:58,1000.0,7.38,S
2021-06-15T13:15:58,5500.0,7.38,S
2021-06-15T13:15:58,9600.0,7.38,S
2021-06-15T13:15:52,500.0,7.39,B
2021-06-15T13:15:50,500.0,7.39,B
2021-06-15T13:15:48,200.0,7.39,B
2021-06-15T13:15:47,1000.0,7.39,B
2021-06-15T13:15:46,100.0,7.38,S
2021-06-15T13:15:41,1000.0,7.39,B
2021-06-15T13:15:38,300.0,7.39,B
2021-06-15T13:15:35,1000.0,7.38,S
2021-06-15T13:15:32,300.0,7.38,S
2021-06-15T13:15:30,1000.0,7.39,B
2021-06-15T13:15:26,3000.0,7.39,B
2021-06-15T13:15:22,500.0,7.39,B
2021-06-15T13:15:20,200.0,7.39,B
2021-06-15T13:14:59,1000.0,7.38,S
2021-06-15T13:14:57,3000.0,7.39,B
2021-06-15T13:14:57,2000.0,7.39,B
2021-06-15T13:14:43,3000.0,7.39,B
2021-06-15T13:14:33,20000.0,7.39,B
2021-06-15T13:14:25,100.0,7.38,S
2021-06-15T13:14:14,1900.0,7.39,B
2021-06-15T13:14:14,3100.0,7.39,B
2021-06-15T13:14:13,400.0,7.39,B
2021-06-15T13:14:11,900.0,7.39,B
2021-06-15T13:13:52,2000.0,7.39,B
2021-06-15T13:13:47,100.0,7.39,B
2021-06-15T13:13:38,1000.0,7.39,B
2021-06-15T13:13:38,1000.0,7.38,B
2021-06-15T13:13:37,1000.0,7.39,B
2021-06-15T13:13:32,1000.0,7.39,B
2021-06-15T13:13:25,500.0,7.39,B
2021-06-15T13:13:09,3700.0,7.4,B
2021-06-15T13:13:08,5000.0,7.4,B
2021-06-15T13:13:04,3000.0,7.4,B
2021-06-15T13:13:03,7600.0,7.39,B
2021-06-15T13:12:55,800.0,7.39,B
2021-06-15T13:12:49,2000.0,7.39,B
2021-06-15T13:12:34,5000.0,7.38,B
2021-06-15T13:12:28,800.0,7.39,B
2021-06-15T13:12:27,1000.0,7.39,B
2021-06-15T13:12:17,25000.0,7.4,B
2021-06-15T13:12:15,400.0,7.38,B
2021-06-15T13:11:53,5000.0,7.39,B
2021-06-15T13:11:41,1000.0,7.38,B
2021-06-15T13:11:41,1000.0,7.38,B
2021-06-15T13:11:36,2000.0,7.38,B
2021-06-15T13:11:08,1300.0,7.4,B
2021-06-15T13:11:08,500.0,7.4,B
2021-06-15T13:11:08,5900.0,7.4,B
2021-06-15T13:11:07,53500.0,7.4,B
2021-06-15T13:11:07,15500.0,7.4,B
2021-06-15T13:11:07,200.0,7.4,B
2021-06-15T13:11:07,22800.0,7.39,B
2021-06-15T13:11:07,300.0,7.38,B
2021-06-15T13:10:32,5000.0,7.39,B
2021-06-15T13:10:31,2000.0,7.39,B
2021-06-15T13:10:30,2000.0,7.38,B
2021-06-15T13:10:23,2500.0,7.39,B
2021-06-15T13:10:01,500.0,7.4,B
2021-06-15T13:10:01,1000.0,7.4,B
2021-06-15T13:10:01,4800.0,7.4,B
2021-06-15T13:10:01,1000.0,7.4,B
2021-06-15T13:10:01,10900.0,7.4,B
2021-06-15T13:10:01,6300.0,7.4,B
2021-06-15T13:10:01,5600.0,7.4,B
2021-06-15T13:10:01,8500.0,7.4,B
2021-06-15T13:10:01,1300.0,7.4,B
2021-06-15T13:10:01,10200.0,7.4,B
2021-06-15T13:10:01,2000.0,7.4,B
2021-06-15T13:10:01,5900.0,7.4,B
2021-06-15T13:10:01,1100.0,7.4,B
2021-06-15T13:10:01,8000.0,7.4,B
2021-06-15T13:10:01,2500.0,7.4,B
2021-06-15T13:10:00,3500.0,7.4,B
2021-06-15T13:10:00,2100.0,7.4,B
2021-06-15T13:10:00,20100.0,7.4,B
2021-06-15T13:10:00,2000.0,7.38,S
2021-06-15T13:10:00,4700.0,7.38,S
2021-06-15T13:09:58,300.0,7.38,S
2021-06-15T13:09:32,400.0,7.38,S
2021-06-15T13:09:30,2000.0,7.36,S
2021-06-15T13:09:25,500.0,7.38,S
2021-06-15T13:09:25,3600.0,7.38,S
2021-06-15T13:09:25,500.0,7.38,S
2021-06-15T13:09:18,100.0,7.38,S
2021-06-15T13:09:17,3000.0,7.38,S
2021-06-15T13:09:16,10000.0,7.39,B
2021-06-15T13:09:11,100.0,7.38,S
2021-06-15T13:09:11,10000.0,7.38,S
2021-06-15T13:09:02,2900.0,7.38,S
2021-06-15T13:09:00,500.0,7.38,S
2021-06-15T13:08:16,500.0,7.38,S
2021-06-15T13:08:08,32000.0,7.39,B
2021-06-15T13:08:05,1000.0,7.38,S
2021-06-15T13:08:04,100.0,7.38,S
2021-06-15T13:07:57,2500.0,7.38,S
2021-06-15T13:07:32,19000.0,7.38,B
2021-06-15T13:07:27,1500.0,7.38,B
2021-06-15T13:07:25,32300.0,7.38,B
2021-06-15T13:07:25,17200.0,7.38,B
2021-06-15T13:07:25,100.0,7.38,B
2021-06-15T13:07:24,12100.0,7.37,B
2021-06-15T13:07:23,5000.0,7.35,S
2021-06-15T13:07:19,500.0,7.36,B
2021-06-15T13:07:07,900.0,7.35,S
2021-06-15T13:06:50,300.0,7.36,B
2021-06-15T13:06:40,1000.0,7.35,S
2021-06-15T13:06:14,200.0,7.35,B
2021-06-15T13:06:14,800.0,7.35,B
2021-06-15T13:06:07,100.0,7.35,B
2021-06-15T13:05:48,500.0,7.35,B
2021-06-15T13:05:48,12300.0,7.35,B
2021-06-15T13:05:48,4600.0,7.35,B
2021-06-15T13:05:48,7200.0,7.35,B
2021-06-15T13:05:48,14500.0,7.35,B
2021-06-15T13:05:48,3500.0,7.35,B
2021-06-15T13:05:48,6500.0,7.35,B
2021-06-15T13:05:29,8600.0,7.35,B
2021-06-15T13:05:29,300.0,7.35,B
2021-06-15T13:05:29,200.0,7.35,B
2021-06-15T13:05:29,8000.0,7.35,B
2021-06-15T13:05:29,200.0,7.35,B
2021-06-15T13:05:29,10100.0,7.35,B
2021-06-15T13:05:29,4100.0,7.35,B
2021-06-15T13:05:29,8200.0,7.35,B
2021-06-15T13:05:29,200.0,7.35,B
2021-06-15T13:05:29,12100.0,7.35,B
2021-06-15T13:05:03,5000.0,7.34,B
2021-06-15T13:05:02,900.0,7.34,B
2021-06-15T13:05:02,9100.0,7.34,B
2021-06-15T13:04:50,5000.0,7.33,S
2021-06-15T13:04:49,5000.0,7.33,S
2021-06-15T13:04:26,2400.0,7.34,B
2021-06-15T13:04:26,2500.0,7.34,B
2021-06-15T13:04:26,100.0,7.34,B
2021-06-15T13:04:24,10000.0,7.33,S
2021-06-15T13:03:06,3000.0,7.33,B
2021-06-15T13:03:03,1000.0,7.33,B
2021-06-15T13:02:49,20000.0,7.32,S
2021-06-15T13:02:46,1400.0,7.33,B
2021-06-15T13:02:36,500.0,7.34,B
2021-06-15T13:02:16,3200.0,7.33,B
2021-06-15T13:02:15,5000.0,7.33,B
2021-06-15T13:02:13,100.0,7.33,B
2021-06-15T13:02:10,3000.0,7.33,B
2021-06-15T13:02:09,100.0,7.33,B
2021-06-15T13:02:09,100.0,7.33,B
2021-06-15T13:02:08,100.0,7.33,B
2021-06-15T13:02:07,200.0,7.33,B
2021-06-15T13:02:05,600.0,7.33,B
2021-06-15T13:02:05,1400.0,7.33,B
2021-06-15T13:02:05,500.0,7.32,S
2021-06-15T13:02:03,800.0,7.33,B
2021-06-15T13:02:03,1300.0,7.33,B
2021-06-15T13:02:03,12200.0,7.33,B
2021-06-15T13:02:03,6500.0,7.33,B
2021-06-15T13:02:02,100.0,7.33,B
2021-06-15T13:01:54,200.0,7.33,B
2021-06-15T13:01:21,5800.0,7.33,B
2021-06-15T13:01:21,700.0,7.32,S
2021-06-15T13:01:19,7000.0,7.32,S
2021-06-15T13:01:19,2500.0,7.32,S
2021-06-15T13:01:09,1500.0,7.32,S
2021-06-15T13:01:08,300.0,7.32,S
2021-06-15T13:00:38,200.0,7.32,S
2021-06-15T13:00:37,300.0,7.32,S
2021-06-15T13:00:34,3000.0,7.32,S
2021-06-15T13:00:33,2000.0,7.32,S
2021-06-15T13:00:33,100.0,7.32,S
2021-06-15T13:00:33,2000.0,7.32,S
2021-06-15T13:00:33,1000.0,7.32,S
2021-06-15T13:00:32,5000.0,7.32,S
2021-06-15T13:00:30,20000.0,7.32,S
2021-06-15T13:00:29,200.0,7.32,S
2021-06-15T13:00:29,200.0,7.32,S
2021-06-15T13:00:25,1000.0,7.31,S
2021-06-15T11:30:09,10000.0,7.33,B
2021-06-15T11:30:04,1000.0,7.32,S
2021-06-15T11:29:59,600.0,7.32,B
2021-06-15T11:29:59,3800.0,7.32,B
2021-06-15T11:29:59,4500.0,7.32,B
2021-06-15T11:29:38,14000.0,7.32,B
2021-06-15T11:29:30,100.0,7.3,S
2021-06-15T11:29:15,3600.0,7.29,S
2021-06-15T11:29:13,3300.0,7.3,B
2021-06-15T11:29:12,500.0,7.3,B
2021-06-15T11:29:10,10000.0,7.3,B
2021-06-15T11:29:07,10000.0,7.3,B
2021-06-15T11:29:03,5000.0,7.3,B
2021-06-15T11:28:57,2000.0,7.3,B
2021-06-15T11:28:53,3000.0,7.3,B
2021-06-15T11:28:49,50000.0,7.29,S
2021-06-15T11:28:49,100.0,7.29,S
2021-06-15T11:28:47,50000.0,7.3,B
2021-06-15T11:28:34,1400.0,7.3,B
2021-06-15T11:28:34,8700.0,7.3,B
2021-06-15T11:28:34,8100.0,7.3,B
2021-06-15T11:28:34,500.0,7.3,B
2021-06-15T11:28:34,5000.0,7.3,B
2021-06-15T11:28:34,10400.0,7.3,B
2021-06-15T11:28:34,4000.0,7.3,B
2021-06-15T11:28:34,12700.0,7.3,B
2021-06-15T11:28:34,4000.0,7.3,B
2021-06-15T11:28:33,7900.0,7.3,B
2021-06-15T11:28:33,5100.0,7.3,B
2021-06-15T11:28:33,16200.0,7.3,B
2021-06-15T11:27:56,3000.0,7.29,B
2021-06-15T11:27:39,4000.0,7.29,B
2021-06-15T11:27:39,16000.0,7.29,B
2021-06-15T11:27:04,4000.0,7.29,S
2021-06-15T11:26:37,200.0,7.3,B
2021-06-15T11:25:54,10000.0,7.3,B
2021-06-15T11:25:46,10000.0,7.29,B
2021-06-15T11:25:37,1000.0,7.28,S
2021-06-15T11:25:28,500.0,7.29,B
2021-06-15T11:24:52,1000.0,7.28,B
2021-06-15T11:24:51,500.0,7.28,B
2021-06-15T11:24:34,5000.0,7.28,B
2021-06-15T11:24:21,11300.0,7.28,B
2021-06-15T11:24:21,1000.0,7.28,B
2021-06-15T11:24:21,7700.0,7.28,B
2021-06-15T11:24:05,400.0,7.25,S
2021-06-15T11:23:59,300.0,7.25,S
2021-06-15T11:22:41,800.0,7.25,B
2021-06-15T11:22:04,20000.0,7.27,B
2021-06-15T11:21:49,3000.0,7.25,S
2021-06-15T11:21:33,3400.0,7.25,B
2021-06-15T11:21:33,600.0,7.25,B
2021-06-15T11:21:15,5000.0,7.24,S
2021-06-15T11:20:10,2000.0,7.25,B
2021-06-15T11:19:36,9400.0,7.24,B
2021-06-15T11:19:31,5000.0,7.24,B
2021-06-15T11:18:54,200.0,7.24,B
2021-06-15T11:18:50,2400.0,7.24,S
2021-06-15T11:18:35,2500.0,7.24,S
2021-06-15T11:18:23,300.0,7.25,B
2021-06-15T11:18:14,5100.0,7.24,B
2021-06-15T11:18:03,200.0,7.24,B
2021-06-15T11:17:19,200.0,7.24,S
2021-06-15T11:17:13,5000.0,7.25,B
2021-06-15T11:17:04,100.0,7.24,B
2021-06-15T11:16:31,200.0,7.24,B
2021-06-15T11:13:52,200.0,7.2,S
2021-06-15T11:13:52,900.0,7.2,S
2021-06-15T11:13:52,4100.0,7.2,S
2021-06-15T11:13:52,10500.0,7.2,S
2021-06-15T11:13:52,3000.0,7.2,S
2021-06-15T11:13:52,4300.0,7.2,S
2021-06-15T11:13:52,400.0,7.2,S
2021-06-15T11:13:52,2000.0,7.2,S
2021-06-15T11:13:52,4500.0,7.2,S
2021-06-15T11:13:52,2600.0,7.2,S
2021-06-15T11:13:52,14400.0,7.2,S
2021-06-15T11:13:52,5200.0,7.2,S
2021-06-15T11:13:52,5000.0,7.2,S
2021-06-15T11:13:52,2300.0,7.2,S
2021-06-15T11:13:52,1000.0,7.2,S
2021-06-15T11:13:52,500.0,7.2,S
2021-06-15T11:13:52,2600.0,7.2,S
2021-06-15T11:13:52,2900.0,7.2,S
2021-06-15T11:13:52,24600.0,7.2,S
2021-06-15T11:13:52,5200.0,7.2,S
2021-06-15T11:13:52,5400.0,7.2,S
2021-06-15T11:13:52,1600.0,7.2,S
2021-06-15T11:13:52,600.0,7.2,S
2021-06-15T11:13:52,6400.0,7.2,S
2021-06-15T11:13:52,11400.0,7.21,S
2021-06-15T11:13:52,100.0,7.21,S
2021-06-15T11:13:52,12100.0,7.21,S
2021-06-15T11:13:52,14100.0,7.21,S
2021-06-15T11:13:52,700.0,7.22,S
2021-06-15T11:13:52,13500.0,7.22,S
2021-06-15T11:13:51,10500.0,7.22,S
2021-06-15T11:13:51,4100.0,7.22,S
2021-06-15T11:13:51,29800.0,7.23,S
2021-06-15T11:13:11,1500.0,7.24,S
2021-06-15T11:12:50,100.0,7.25,B
2021-06-15T11:12:27,15800.0,7.26,B
2021-06-15T11:12:27,19200.0,7.25,B
2021-06-15T11:12:24,1200.0,7.25,B
2021-06-15T11:10:41,1000.0,7.25,B
2021-06-15T11:10:31,100.0,7.25,B
2021-06-15T11:10:18,2000.0,7.24,S
2021-06-15T11:10:00,1000.0,7.25,B
2021-06-15T11:09:39,10000.0,7.25,B
2021-06-15T11:09:26,3000.0,7.24,S
2021-06-15T11:08:54,300.0,7.25,S
2021-06-15T11:08:54,2700.0,7.25,S
2021-06-15T11:08:31,500.0,7.25,S
2021-06-15T11:08:09,200.0,7.25,B
2021-06-15T11:08:05,5000.0,7.25,B
2021-06-15T11:07:39,10000.0,7.25,B
2021-06-15T11:07:20,500.0,7.24,S
2021-06-15T11:07:10,5800.0,7.25,S
2021-06-15T11:05:39,400.0,7.25,S
2021-06-15T11:05:03,100.0,7.25,S
2021-06-15T11:05:01,900.0,7.25,S
2021-06-15T11:04:59,3700.0,7.25,S
2021-06-15T11:04:19,200.0,7.25,S
2021-06-15T11:04:17,5000.0,7.26,B
2021-06-15T11:03:45,600.0,7.25,S
2021-06-15T11:02:51,6200.0,7.25,S
2021-06-15T11:01:31,200.0,7.26,S
2021-06-15T11:01:04,5300.0,7.26,S
2021-06-15T11:00:59,100.0,7.27,B
2021-06-15T11:00:46,13000.0,7.26,S
2021-06-15T10:59:35,1000.0,7.27,B
2021-06-15T10:59:20,200.0,7.26,S
2021-06-15T10:58:25,500.0,7.26,S
2021-06-15T10:58:23,400.0,7.27,B
2021-06-15T10:58:23,7100.0,7.27,B
2021-06-15T10:58:23,2600.0,7.27,B
2021-06-15T10:58:21,100.0,7.27,B
2021-06-15T10:58:17,2000.0,7.27,B
2021-06-15T10:58:14,6500.0,7.27,B
2021-06-15T10:57:38,900.0,7.27,B
2021-06-15T10:57:21,500.0,7.26,S
2021-06-15T10:57:20,5000.0,7.27,B
2021-06-15T10:57:15,100.0,7.26,S
2021-06-15T10:56:28,900.0,7.25,B
2021-06-15T10:56:18,3700.0,7.25,B
2021-06-15T10:56:03,100.0,7.25,B
2021-06-15T10:55:43,3000.0,7.25,B
2021-06-15T10:55:38,800.0,7.25,B
2021-06-15T10:55:25,100.0,7.25,B
2021-06-15T10:55:22,5000.0,7.25,B
2021-06-15T10:54:59,100.0,7.25,B
2021-06-15T10:54:43,1000.0,7.25,B
2021-06-15T10:54:34,11500.0,7.25,B
2021-06-15T10:54:32,600.0,7.25,B
2021-06-15T10:54:27,5000.0,7.25,B
2021-06-15T10:54:23,100.0,7.25,B
2021-06-15T10:54:00,4000.0,7.25,B
2021-06-15T10:53:39,200.0,7.25,B
2021-06-15T10:53:09,200.0,7.25,B
2021-06-15T10:52:39,100.0,7.25,B
2021-06-15T10:52:27,400.0,7.24,S
2021-06-15T10:52:12,2000.0,7.25,B
2021-06-15T10:52:00,100.0,7.24,S
2021-06-15T10:51:27,200.0,7.25,B
2021-06-15T10:51:20,2000.0,7.25,B
2021-06-15T10:51:02,100.0,7.25,B
2021-06-15T10:50:58,5000.0,7.25,B
2021-06-15T10:50:26,2300.0,7.24,S
2021-06-15T10:49:13,1000.0,7.24,B
2021-06-15T10:48:57,6100.0,7.24,B
2021-06-15T10:48:25,2000.0,7.23,B
2021-06-15T10:47:49,3000.0,7.23,B
2021-06-15T10:47:15,700.0,7.24,B
2021-06-15T10:47:13,1000.0,7.24,B
2021-06-15T10:47:08,100.0,7.23,B
2021-06-15T10:46:31,500.0,7.23,B
2021-06-15T10:46:15,900.0,7.22,B
2021-06-15T10:45:35,2500.0,7.21,B
2021-06-15T10:45:22,500.0,7.22,S
2021-06-15T10:45:21,500.0,7.22,S
2021-06-15T10:45:18,300.0,7.22,S
2021-06-15T10:45:12,9200.0,7.22,S
2021-06-15T10:45:03,7700.0,7.2,S
2021-06-15T10:45:03,52300.0,7.21,S
2021-06-15T10:44:53,1500.0,7.22,S
2021-06-15T10:44:29,6000.0,7.21,S
2021-06-15T10:44:29,2000.0,7.22,S
2021-06-15T10:44:25,100.0,7.22,S
2021-06-15T10:44:22,200.0,7.22,S
2021-06-15T10:44:15,2500.0,7.22,S
2021-06-15T10:44:00,1500.0,7.22,B
2021-06-15T10:43:45,100.0,7.22,B
2021-06-15T10:43:41,1000.0,7.22,B
2021-06-15T10:43:21,100.0,7.22,B
2021-06-15T10:43:15,2000.0,7.22,B
2021-06-15T10:42:46,300.0,7.22,B
2021-06-15T10:42:36,100.0,7.22,B
2021-06-15T10:42:34,100.0,7.22,B
2021-06-15T10:42:34,500.0,7.22,B
2021-06-15T10:42:32,500.0,7.22,B
2021-06-15T10:42:15,1500.0,7.22,B
2021-06-15T10:42:13,6000.0,7.21,S
2021-06-15T10:42:12,400.0,7.22,B
2021-06-15T10:42:12,3100.0,7.21,S
2021-06-15T10:42:10,6900.0,7.21,S
2021-06-15T10:42:10,1000.0,7.21,S
2021-06-15T10:42:06,1500.0,7.22,B
2021-06-15T10:41:52,1500.0,7.22,B
2021-06-15T10:41:40,1500.0,7.22,B
2021-06-15T10:41:36,10000.0,7.22,B
2021-06-15T10:41:31,12800.0,7.22,S
2021-06-15T10:41:28,4200.0,7.22,S
2021-06-15T10:41:18,2200.0,7.22,S
2021-06-15T10:41:18,3800.0,7.22,S
2021-06-15T10:41:06,1000.0,7.22,S
2021-06-15T10:40:40,200.0,7.23,B
2021-06-15T10:40:07,200.0,7.23,B
2021-06-15T10:40:03,200.0,7.23,B
2021-06-15T10:39:57,5000.0,7.22,S
2021-06-15T10:39:50,200.0,7.23,B
2021-06-15T10:39:24,200.0,7.23,B
2021-06-15T10:38:56,30000.0,7.22,S
2021-06-15T10:37:53,2700.0,7.22,S
2021-06-15T10:37:26,5000.0,7.22,S
2021-06-15T10:37:04,1000.0,7.23,B
2021-06-15T10:37:01,1500.0,7.23,B
2021-06-15T10:36:54,300.0,7.23,B
2021-06-15T10:36:54,2100.0,7.23,B
2021-06-15T10:36:47,100.0,7.23,B
2021-06-15T10:36:12,300.0,7.23,B
2021-06-15T10:35:48,100.0,7.23,B
2021-06-15T10:35:22,20000.0,7.22,S
2021-06-15T10:35:15,7500.0,7.23,S
2021-06-15T10:35:15,100.0,7.23,S
2021-06-15T10:35:15,1000.0,7.23,S
2021-06-15T10:34:56,100.0,7.23,S
2021-06-15T10:34:35,100.0,7.23,S
2021-06-15T10:34:32,200.0,7.23,S
2021-06-15T10:33:48,100.0,7.23,S
2021-06-15T10:33:18,600.0,7.23,S
2021-06-15T10:33:10,500.0,7.23,S
2021-06-15T10:32:50,100.0,7.23,S
2021-06-15T10:32:30,100.0,7.23,S
2021-06-15T10:32:23,1300.0,7.23,S
2021-06-15T10:30:50,500.0,7.23,S
2021-06-15T10:30:42,100.0,7.23,S
2021-06-15T10:30:30,200.0,7.23,S
2021-06-15T10:30:30,9400.0,7.23,S
2021-06-15T10:30:30,2500.0,7.23,S
2021-06-15T10:30:29,6400.0,7.23,S
2021-06-15T10:30:28,1000.0,7.24,S
2021-06-15T10:29:37,2800.0,7.24,S
2021-06-15T10:29:36,20000.0,7.24,S
2021-06-15T10:29:32,2000.0,7.23,S
2021-06-15T10:29:22,700.0,7.23,S
2021-06-15T10:29:18,400.0,7.24,S
2021-06-15T10:29:15,200.0,7.24,S
2021-06-15T10:27:12,1200.0,7.24,S
2021-06-15T10:26:23,100.0,7.25,S
2021-06-15T10:25:28,2000.0,7.25,S
2021-06-15T10:25:28,5500.0,7.25,S
2021-06-15T10:25:28,900.0,7.25,S
2021-06-15T10:25:28,600.0,7.25,S
2021-06-15T10:25:28,900.0,7.25,S
2021-06-15T10:25:28,10800.0,7.25,S
2021-06-15T10:25:28,1500.0,7.25,S
2021-06-15T10:25:28,1500.0,7.25,S
2021-06-15T10:25:28,5000.0,7.25,S
2021-06-15T10:25:28,49700.0,7.25,S
2021-06-15T10:25:06,5000.0,7.26,S
2021-06-15T10:23:23,4000.0,7.27,S
2021-06-15T10:23:17,100.0,7.27,S
2021-06-15T10:23:11,200.0,7.27,S
2021-06-15T10:21:58,23600.0,7.27,S
2021-06-15T10:21:49,500.0,7.27,S
2021-06-15T10:21:17,4000.0,7.27,S
2021-06-15T10:20:14,2000.0,7.28,B
2021-06-15T10:20:11,1500.0,7.27,S
2021-06-15T10:20:02,1000.0,7.28,B
2021-06-15T10:19:06,500.0,7.28,B
2021-06-15T10:18:54,100.0,7.28,B
2021-06-15T10:18:48,1000.0,7.28,B
2021-06-15T10:18:48,1100.0,7.28,B
2021-06-15T10:18:48,7900.0,7.28,B
2021-06-15T10:18:31,16000.0,7.28,B
2021-06-15T10:18:15,2000.0,7.28,B
2021-06-15T10:18:13,6000.0,7.27,S
2021-06-15T10:17:49,600.0,7.28,B
2021-06-15T10:17:26,400.0,7.28,B
2021-06-15T10:17:20,800.0,7.27,S
2021-06-15T10:16:36,100.0,7.28,B
2021-06-15T10:16:26,10000.0,7.28,B
2021-06-15T10:16:07,1000.0,7.28,B
2021-06-15T10:15:22,1000.0,7.28,B
2021-06-15T10:14:36,100.0,7.28,B
2021-06-15T10:14:14,200.0,7.28,B
2021-06-15T10:14:01,17800.0,7.27,B
2021-06-15T10:13:56,2500.0,7.26,S
2021-06-15T10:13:37,100.0,7.27,B
2021-06-15T10:13:12,300.0,7.27,S
2021-06-15T10:12:57,6000.0,7.27,S
2021-06-15T10:12:11,3500.0,7.27,S
2021-06-15T10:11:47,1000.0,7.28,S
2021-06-15T10:11:45,100.0,7.28,S
2021-06-15T10:11:37,12700.0,7.28,S
2021-06-15T10:11:15,500.0,7.28,S
2021-06-15T10:10:41,22200.0,7.28,B
2021-06-15T10:10:38,5000.0,7.27,S
2021-06-15T10:10:26,10000.0,7.28,B
2021-06-15T10:10:19,100.0,7.28,B
2021-06-15T10:10:15,20000.0,7.28,B
2021-06-15T10:09:55,100.0,7.27,S
2021-06-15T10:09:31,100.0,7.28,B
2021-06-15T10:07:05,100.0,7.28,B
2021-06-15T10:06:27,200.0,7.28,S
2021-06-15T10:06:27,1200.0,7.28,S
2021-06-15T10:05:20,5000.0,7.28,S
2021-06-15T10:05:17,500.0,7.3,B
2021-06-15T10:04:56,1400.0,7.28,S
2021-06-15T10:03:30,20000.0,7.3,B
2021-06-15T10:03:17,400.0,7.29,B
2021-06-15T10:02:32,400.0,7.29,S
2021-06-15T10:02:18,600.0,7.29,S
2021-06-15T10:01:46,200.0,7.3,B
2021-06-15T10:01:30,100.0,7.3,B
2021-06-15T10:01:19,1000.0,7.3,B
2021-06-15T10:01:06,3000.0,7.3,B
2021-06-15T10:00:57,1100.0,7.29,S
2021-06-15T10:00:26,500.0,7.29,S
2021-06-15T09:59:57,900.0,7.29,B
2021-06-15T09:59:46,100.0,7.27,S
2021-06-15T09:59:41,3600.0,7.29,B
2021-06-15T09:59:38,1000.0,7.28,S
2021-06-15T09:59:26,100.0,7.28,S
2021-06-15T09:59:25,1300.0,7.29,B
2021-06-15T09:58:47,100.0,7.28,B
2021-06-15T09:58:33,45200.0,7.28,B
2021-06-15T09:57:58,10000.0,7.27,S
2021-06-15T09:57:43,1400.0,7.28,B
2021-06-15T09:56:35,300.0,7.27,B
2021-06-15T09:56:15,3000.0,7.27,B
2021-06-15T09:56:07,40000.0,7.26,S
2021-06-15T09:55:29,1300.0,7.27,S
2021-06-15T09:55:29,100.0,7.26,S
2021-06-15T09:55:29,600.0,7.26,S
2021-06-15T09:55:25,100.0,7.27,S
2021-06-15T09:55:10,300.0,7.27,S
2021-06-15T09:55:00,5000.0,7.27,S
2021-06-15T09:54:58,1000.0,7.27,S
2021-06-15T09:54:44,300.0,7.27,S
2021-06-15T09:54:43,100.0,7.27,S
2021-06-15T09:54:25,6700.0,7.28,S
2021-06-15T09:53:32,6000.0,7.29,B
2021-06-15T09:53:21,400.0,7.28,S
2021-06-15T09:53:17,1000.0,7.29,B
2021-06-15T09:53:09,200.0,7.28,S
2021-06-15T09:52:30,3100.0,7.28,S
2021-06-15T09:52:14,2900.0,7.27,S
2021-06-15T09:51:50,1000.0,7.29,B
2021-06-15T09:51:40,800.0,7.27,S
2021-06-15T09:51:40,300.0,7.27,S
2021-06-15T09:51:39,1400.0,7.28,S
2021-06-15T09:51:03,2000.0,7.29,B
2021-06-15T09:50:38,500.0,7.29,S
2021-06-15T09:50:03,200.0,7.29,S
2021-06-15T09:49:57,6400.0,7.28,S
2021-06-15T09:49:40,1900.0,7.29,S
2021-06-15T09:49:32,100.0,7.29,S
2021-06-15T09:49:32,4900.0,7.29,S
2021-06-15T09:49:18,6000.0,7.3,B
2021-06-15T09:48:58,2000.0,7.3,B
2021-06-15T09:48:45,200.0,7.29,S
2021-06-15T09:48:41,1900.0,7.3,B
2021-06-15T09:48:28,1000.0,7.3,B
2021-06-15T09:48:23,500.0,7.3,B
2021-06-15T09:48:18,1000.0,7.3,B
2021-06-15T09:48:02,1500.0,7.3,B
2021-06-15T09:47:59,2400.0,7.3,B
2021-06-15T09:47:43,1100.0,7.3,B
2021-06-15T09:47:39,1500.0,7.3,B
2021-06-15T09:47:15,400.0,7.3,B
2021-06-15T09:46:59,200.0,7.3,B
2021-06-15T09:46:46,1000.0,7.3,S
2021-06-15T09:46:42,500.0,7.3,S
2021-06-15T09:46:36,200.0,7.3,S
2021-06-15T09:46:23,9900.0,7.3,S
2021-06-15T09:46:18,200.0,7.3,S
2021-06-15T09:46:13,2000.0,7.3,S
2021-06-15T09:46:10,400.0,7.3,S
2021-06-15T09:46:07,200.0,7.3,S
2021-06-15T09:46:05,4800.0,7.3,S
2021-06-15T09:46:02,5200.0,7.3,S
2021-06-15T09:45:58,8300.0,7.3,S
2021-06-15T09:45:57,1500.0,7.3,S
2021-06-15T09:45:33,3300.0,7.3,S
2021-06-15T09:45:29,5000.0,7.3,S
2021-06-15T09:45:27,200.0,7.32,B
2021-06-15T09:45:10,300.0,7.32,B
2021-06-15T09:45:02,200.0,7.32,S
2021-06-15T09:44:53,200.0,7.32,S
2021-06-15T09:44:41,10000.0,7.32,S
2021-06-15T09:44:40,5000.0,7.32,S
2021-06-15T09:44:25,2000.0,7.32,S
2021-06-15T09:44:24,100.0,7.33,S
2021-06-15T09:44:15,1000.0,7.33,S
2021-06-15T09:44:11,1000.0,7.33,S
2021-06-15T09:44:08,200.0,7.33,S
2021-06-15T09:44:01,1000.0,7.35,B
2021-06-15T09:43:54,5000.0,7.35,B
2021-06-15T09:43:52,600.0,7.35,B
2021-06-15T09:43:37,15000.0,7.33,S
2021-06-15T09:43:24,4000.0,7.35,B
2021-06-15T09:43:14,1000.0,7.35,B
2021-06-15T09:43:02,2400.0,7.35,B
2021-06-15T09:42:47,200.0,7.33,B
2021-06-15T09:42:45,10000.0,7.33,B
2021-06-15T09:42:17,100.0,7.32,B
2021-06-15T09:42:09,13000.0,7.32,B
2021-06-15T09:42:09,500.0,7.3,B
2021-06-15T09:42:08,5000.0,7.3,B
2021-06-15T09:41:57,100.0,7.29,S
2021-06-15T09:41:54,100.0,7.3,B
2021-06-15T09:41:44,12100.0,7.3,B
2021-06-15T09:41:44,17900.0,7.3,B
2021-06-15T09:41:34,200.0,7.3,B
2021-06-15T09:41:29,400.0,7.3,B
2021-06-15T09:41:23,500.0,7.3,B
2021-06-15T09:41:16,500.0,7.29,S
2021-06-15T09:41:16,5500.0,7.3,B
2021-06-15T09:41:14,2000.0,7.3,B
2021-06-15T09:40:35,5000.0,7.3,B
2021-06-15T09:40:28,100.0,7.29,S
2021-06-15T09:40:25,5900.0,7.29,S
2021-06-15T09:40:25,4100.0,7.29,S
2021-06-15T09:39:55,1000.0,7.29,S
2021-06-15T09:39:13,100.0,7.29,B
2021-06-15T09:38:50,14100.0,7.28,B
2021-06-15T09:38:48,10200.0,7.28,B
2021-06-15T09:38:48,2300.0,7.27,B
2021-06-15T09:38:48,7500.0,7.27,B
2021-06-15T09:38:41,10000.0,7.27,B
2021-06-15T09:38:32,1000.0,7.27,B
2021-06-15T09:38:04,100.0,7.27,B
2021-06-15T09:38:03,3200.0,7.25,S
2021-06-15T09:38:02,6800.0,7.25,S
2021-06-15T09:37:49,3000.0,7.26,B
2021-06-15T09:37:27,100.0,7.26,B
2021-06-15T09:36:31,800.0,7.26,B
2021-06-15T09:36:31,1000.0,7.26,B
2021-06-15T09:36:12,5000.0,7.25,S
2021-06-15T09:36:06,2000.0,7.26,B
2021-06-15T09:35:54,11000.0,7.26,B
2021-06-15T09:35:22,500.0,7.25,S
2021-06-15T09:35:21,1000.0,7.26,B
2021-06-15T09:34:42,200.0,7.26,B
2021-06-15T09:34:38,6800.0,7.26,B
2021-06-15T09:34:19,3200.0,7.26,B
2021-06-15T09:34:07,200.0,7.26,B
2021-06-15T09:33:54,100.0,7.26,B
2021-06-15T09:33:09,800.0,7.25,S
2021-06-15T09:33:07,400.0,7.25,S
2021-06-15T09:32:28,200.0,7.23,S
2021-06-15T09:32:28,9800.0,7.26,B
2021-06-15T09:32:28,200.0,7.25,S
2021-06-15T09:32:11,200.0,7.25,S
2021-06-15T09:32:05,100.0,7.25,S
2021-06-15T09:32:00,500.0,7.25,S
2021-06-15T09:31:53,1000.0,7.26,B
2021-06-15T09:31:46,500.0,7.26,B
2021-06-15T09:31:44,300.0,7.26,B
2021-06-15T09:31:34,500.0,7.26,B
2021-06-15T09:31:22,3000.0,7.26,B
2021-06-15T09:31:20,5000.0,7.26,B
2021-06-15T09:31:05,5000.0,7.26,B
2021-06-15T09:30:52,2000.0,7.25,S
2021-06-15T09:30:24,2000.0,7.22,S
2021-06-15T09:29:38,100.0,7.22,S
2021-06-15T09:29:07,100.0,7.22,S
2021-06-15T09:28:24,3100.0,7.21,S
2021-06-15T09:28:24,3300.0,7.21,S
2021-06-15T09:28:24,200.0,7.22,S
2021-06-15T09:28:24,7100.0,7.22,S
2021-06-15T09:28:24,4200.0,7.22,S
2021-06-15T09:28:24,1800.0,7.23,S
2021-06-15T09:28:24,6300.0,7.24,S
2021-06-15T09:28:18,200.0,7.25,B
2021-06-15T09:28:06,2500.0,7.25,B
2021-06-15T09:28:06,14100.0,7.25,B
2021-06-15T09:27:50,1000.0,7.25,B
2021-06-15T09:27:39,900.0,7.25,B
2021-06-15T09:27:32,200.0,7.25,B
2021-06-15T09:27:04,100.0,7.25,B
2021-06-15T09:26:10,200.0,7.25,S
2021-06-15T09:26:06,100.0,7.25,S
2021-06-15T09:25:54,500.0,7.25,S
2021-06-15T09:25:48,2000.0,7.25,S
2021-06-15T09:25:48,100.0,7.25,S
2021-06-15T09:25:43,5000.0,7.26,B
2021-06-15T09:25:13,200.0,7.25,S
2021-06-15T09:25:10,400.0,7.25,S
2021-06-15T09:24:16,200.0,7.25,S
2021-06-15T09:24:05,200.0,7.26,B
2021-06-15T09:23:53,5000.0,7.26,B
2021-06-15T09:23:49,1000.0,7.25,S
2021-06-15T09:23:38,2000.0,7.26,B
2021-06-15T09:23:32,1000.0,7.26,B
2021-06-15T09:23:27,6800.0,7.26,B
2021-06-15T09:23:17,2400.0,7.26,B
2021-06-15T09:22:58,3000.0,7.26,B
2021-06-15T09:22:57,1000.0,7.26,B
2021-06-15T09:22:52,500.0,7.26,B
2021-06-15T09:22:45,500.0,7.26,B
2021-06-15T09:22:45,100.0,7.26,B
2021-06-15T09:22:42,2000.0,7.26,B
2021-06-15T09:22:35,1500.0,7.26,B
2021-06-15T09:22:34,500.0,7.26,B
2021-06-15T09:22:23,10000.0,7.26,B
2021-06-15T09:22:20,500.0,7.25,S
2021-06-15T09:22:15,5000.0,7.22,S
2021-06-15T09:21:57,100.0,7.26,B
2021-06-15T09:21:52,100.0,7.26,B
2021-06-15T09:21:43,10000.0,7.26,B
2021-06-15T09:21:25,2000.0,7.25,S
2021-06-15T09:21:07,500.0,7.25,S
2021-06-15T09:20:58,8000.0,7.25,B
2021-06-15T09:20:40,300.0,7.21,S
2021-06-15T09:19:52,10800.0,7.21,S
2021-06-15T09:16:20,1600.0,7.2,S
2021-06-15T09:16:20,5700.0,7.22,S
2021-06-15T09:15:58,2000.0,7.25,S
