tradingTime,volume,price,side
2021-06-15T14:29:35,5000.0,18.9,S
2021-06-15T14:28:37,200.0,18.9,S
2021-06-15T14:27:59,2000.0,19.0,B
2021-06-15T14:27:42,100.0,18.9,B
2021-06-15T14:27:37,1000.0,18.9,B
2021-06-15T14:26:54,1000.0,18.8,S
2021-06-15T14:26:14,1000.0,18.8,S
2021-06-15T14:26:12,7700.0,18.9,S
2021-06-15T14:25:55,300.0,18.9,S
2021-06-15T14:25:51,200.0,18.9,S
2021-06-15T14:25:16,2500.0,18.9,S
2021-06-15T14:24:58,500.0,18.9,S
2021-06-15T14:24:56,5000.0,18.9,S
2021-06-15T14:24:48,8000.0,18.9,S
2021-06-15T14:24:29,200.0,18.9,S
2021-06-15T14:23:42,2100.0,18.9,S
2021-06-15T14:23:27,300.0,18.9,S
2021-06-15T14:23:23,100.0,18.9,S
2021-06-15T14:22:38,5000.0,19.0,B
2021-06-15T14:21:36,500.0,18.9,S
2021-06-15T14:20:27,300.0,18.9,S
2021-06-15T14:19:51,100.0,19.0,B
2021-06-15T14:19:15,1100.0,18.9,S
2021-06-15T14:19:01,300.0,18.9,S
2021-06-15T14:18:55,6400.0,18.9,B
2021-06-15T14:18:48,14000.0,18.9,B
2021-06-15T14:18:35,16000.0,18.9,B
2021-06-15T14:18:31,15000.0,18.9,B
2021-06-15T14:18:30,7800.0,18.9,B
2021-06-15T14:18:28,6900.0,18.9,B
2021-06-15T14:18:26,9000.0,18.9,B
2021-06-15T14:18:25,600.0,18.9,B
2021-06-15T14:18:23,11000.0,18.9,B
2021-06-15T14:18:11,1800.0,18.9,B
2021-06-15T14:17:37,1000.0,18.9,B
2021-06-15T14:17:33,2000.0,18.9,B
2021-06-15T14:17:29,1000.0,18.8,S
2021-06-15T14:17:19,1000.0,18.8,S
2021-06-15T14:17:02,200.0,18.9,B
2021-06-15T14:16:32,100.0,18.8,S
2021-06-15T14:16:24,1000.0,18.8,S
2021-06-15T14:16:20,800.0,18.9,B
2021-06-15T14:15:51,1000.0,18.8,S
2021-06-15T14:14:58,100.0,18.8,S
2021-06-15T14:14:43,300.0,18.8,S
2021-06-15T14:14:40,100.0,18.9,B
2021-06-15T14:14:22,100.0,18.9,B
2021-06-15T14:13:35,100.0,18.8,S
2021-06-15T14:13:15,1800.0,18.8,S
2021-06-15T14:13:02,2900.0,18.8,S
2021-06-15T14:12:13,400.0,18.8,S
2021-06-15T14:12:10,400.0,18.8,S
2021-06-15T14:10:33,300.0,18.8,S
2021-06-15T14:10:33,200.0,18.9,B
2021-06-15T14:10:28,1000.0,18.9,B
2021-06-15T14:10:05,1000.0,18.9,B
2021-06-15T14:10:01,1300.0,18.9,B
2021-06-15T14:09:50,1000.0,18.9,B
2021-06-15T14:09:39,300.0,18.9,B
2021-06-15T14:09:39,400.0,18.9,B
2021-06-15T14:09:25,1000.0,18.9,B
2021-06-15T14:08:29,5900.0,18.9,B
2021-06-15T14:08:20,1000.0,18.9,B
2021-06-15T14:08:20,100.0,18.9,B
2021-06-15T14:08:18,10000.0,18.9,B
2021-06-15T14:08:15,9900.0,18.9,B
2021-06-15T14:08:11,6500.0,18.9,B
2021-06-15T14:08:08,8500.0,18.9,B
2021-06-15T14:08:06,3600.0,18.9,B
2021-06-15T14:08:03,1400.0,18.9,B
2021-06-15T14:08:01,9200.0,18.9,B
2021-06-15T14:07:59,7400.0,18.9,B
2021-06-15T14:07:56,1300.0,18.9,B
2021-06-15T14:07:54,17400.0,18.9,B
2021-06-15T14:07:52,100.0,18.9,B
2021-06-15T14:07:42,20000.0,18.9,B
2021-06-15T14:07:33,4600.0,18.9,B
2021-06-15T14:07:30,6700.0,18.9,B
2021-06-15T14:07:28,6500.0,18.9,B
2021-06-15T14:07:25,11200.0,18.9,B
2021-06-15T14:07:23,9800.0,18.9,B
2021-06-15T14:07:21,8500.0,18.9,B
2021-06-15T14:07:19,14000.0,18.9,B
2021-06-15T14:07:16,11000.0,18.9,B
2021-06-15T14:07:14,13200.0,18.9,B
2021-06-15T14:07:11,19900.0,18.9,B
2021-06-15T14:07:08,72300.0,18.9,S
2021-06-15T14:07:05,7700.0,18.9,S
2021-06-15T14:07:02,11500.0,18.9,B
2021-06-15T14:06:20,100.0,18.9,S
2021-06-15T14:06:06,1000.0,18.9,B
2021-06-15T14:05:18,700.0,18.9,B
2021-06-15T14:05:11,200.0,18.9,B
2021-06-15T14:05:08,8500.0,18.9,B
2021-06-15T14:04:59,17000.0,18.9,B
2021-06-15T14:04:57,23000.0,18.9,B
2021-06-15T14:04:53,49700.0,18.9,S
2021-06-15T14:04:44,6600.0,18.9,B
2021-06-15T14:04:44,100.0,18.9,B
2021-06-15T14:04:41,14500.0,18.9,B
2021-06-15T14:04:38,100.0,18.9,B
2021-06-15T14:04:38,18800.0,18.9,B
2021-06-15T14:04:35,11200.0,18.9,B
2021-06-15T14:04:35,200.0,18.9,B
2021-06-15T14:04:23,2000.0,18.9,B
2021-06-15T14:04:11,1000.0,18.9,B
2021-06-15T14:04:10,11900.0,18.9,B
2021-06-15T14:04:08,12000.0,18.9,B
2021-06-15T14:04:05,2900.0,18.9,B
2021-06-15T14:04:01,16000.0,18.9,B
2021-06-15T14:03:58,14000.0,18.9,B
2021-06-15T14:03:55,5900.0,18.9,B
2021-06-15T14:03:50,100.0,18.9,S
2021-06-15T14:03:48,1400.0,18.9,B
2021-06-15T14:03:42,600.0,18.9,S
2021-06-15T14:03:40,400.0,18.9,B
2021-06-15T14:03:40,4800.0,18.9,B
2021-06-15T14:03:36,15000.0,18.9,B
2021-06-15T14:03:29,13000.0,18.9,B
2021-06-15T14:03:27,12000.0,18.9,B
2021-06-15T14:03:24,30000.0,18.9,B
2021-06-15T14:03:22,19900.0,18.9,B
2021-06-15T14:03:19,16800.0,18.9,B
2021-06-15T14:03:17,33000.0,18.9,B
2021-06-15T14:03:09,13000.0,18.9,B
2021-06-15T14:03:05,6100.0,18.9,B
2021-06-15T14:03:02,33000.0,18.9,S
2021-06-15T14:02:58,65900.0,18.9,B
2021-06-15T14:02:53,1900.0,18.9,B
2021-06-15T14:02:53,1200.0,18.9,S
2021-06-15T14:02:49,11200.0,18.9,B
2021-06-15T14:02:45,14500.0,18.9,B
2021-06-15T14:02:42,23000.0,18.9,B
2021-06-15T14:02:38,16800.0,18.9,B
2021-06-15T14:02:29,20000.0,18.9,B
2021-06-15T14:02:23,500.0,18.9,B
2021-06-15T14:02:13,13500.0,18.9,B
2021-06-15T14:02:04,23000.0,18.9,B
2021-06-15T14:02:02,14600.0,18.9,B
2021-06-15T14:01:57,12000.0,18.9,B
2021-06-15T14:01:47,19500.0,18.9,B
2021-06-15T14:01:44,13000.0,18.9,B
2021-06-15T14:01:41,1000.0,18.9,B
2021-06-15T14:01:40,17400.0,18.9,B
2021-06-15T14:01:38,100.0,18.9,B
2021-06-15T14:01:37,28000.0,18.9,B
2021-06-15T14:01:28,100.0,18.9,B
2021-06-15T14:01:28,2000.0,18.9,B
2021-06-15T14:01:23,22000.0,18.9,B
2021-06-15T14:01:23,500.0,18.9,B
2021-06-15T14:01:21,12000.0,18.9,B
2021-06-15T14:01:18,16500.0,18.9,B
2021-06-15T14:01:13,14000.0,18.9,B
2021-06-15T14:01:02,55000.0,18.9,B
2021-06-15T14:00:57,16000.0,18.9,B
2021-06-15T14:00:54,20000.0,18.9,B
2021-06-15T14:00:54,100.0,18.9,B
2021-06-15T14:00:52,1000.0,18.9,B
2021-06-15T14:00:51,17000.0,18.9,B
2021-06-15T14:00:48,15000.0,18.9,B
2021-06-15T14:00:46,100000.0,18.9,B
2021-06-15T14:00:37,33000.0,18.9,B
2021-06-15T14:00:32,13000.0,18.9,B
2021-06-15T14:00:29,14700.0,18.9,B
2021-06-15T14:00:26,15000.0,18.9,B
2021-06-15T14:00:21,300.0,18.9,S
2021-06-15T14:00:19,2100.0,18.9,B
2021-06-15T14:00:14,300.0,18.9,B
2021-06-15T14:00:13,6400.0,18.9,B
2021-06-15T14:00:00,500.0,18.9,B
2021-06-15T13:59:57,200.0,18.9,B
2021-06-15T13:59:32,300.0,18.9,B
2021-06-15T13:59:31,100.0,18.9,B
2021-06-15T13:59:24,800.0,18.9,B
2021-06-15T13:59:14,200.0,18.9,B
2021-06-15T13:58:57,400.0,18.9,B
2021-06-15T13:58:44,1100.0,18.9,B
2021-06-15T13:58:30,1000.0,18.9,S
2021-06-15T13:58:06,5000.0,18.8,S
2021-06-15T13:58:04,1000.0,18.9,S
2021-06-15T13:57:40,100.0,18.9,B
2021-06-15T13:57:26,500.0,18.9,B
2021-06-15T13:57:22,2000.0,18.9,B
2021-06-15T13:57:18,100.0,18.9,B
2021-06-15T13:57:14,100.0,18.9,B
2021-06-15T13:56:26,100.0,18.9,B
2021-06-15T13:56:07,500.0,18.9,S
2021-06-15T13:55:54,300.0,18.9,S
2021-06-15T13:55:49,4700.0,18.9,S
2021-06-15T13:55:36,1000.0,18.9,S
2021-06-15T13:55:19,1400.0,18.9,S
2021-06-15T13:54:54,10000.0,18.9,S
2021-06-15T13:53:41,100.0,18.9,S
2021-06-15T13:51:34,100.0,18.9,S
2021-06-15T13:51:09,600.0,19.0,B
2021-06-15T13:50:47,1000.0,19.0,B
2021-06-15T13:50:15,1000.0,18.9,S
2021-06-15T13:50:02,2000.0,18.9,S
2021-06-15T13:49:54,500.0,19.0,B
2021-06-15T13:49:25,1000.0,19.0,B
2021-06-15T13:49:19,3300.0,19.0,B
2021-06-15T13:49:05,1300.0,19.0,B
2021-06-15T13:48:35,1000.0,19.0,B
2021-06-15T13:48:08,300.0,19.0,B
2021-06-15T13:48:07,100.0,19.0,B
2021-06-15T13:48:06,1000.0,18.9,S
2021-06-15T13:48:02,3000.0,18.9,S
2021-06-15T13:47:37,2200.0,19.0,B
2021-06-15T13:47:10,25000.0,19.0,B
2021-06-15T13:47:04,25000.0,19.0,B
2021-06-15T13:46:48,20000.0,19.0,B
2021-06-15T13:46:45,19900.0,19.0,B
2021-06-15T13:46:32,100.0,19.0,B
2021-06-15T13:46:10,1000.0,18.9,S
2021-06-15T13:45:54,13200.0,19.0,B
2021-06-15T13:45:36,50000.0,19.0,B
2021-06-15T13:45:25,9700.0,19.0,B
2021-06-15T13:45:18,16900.0,19.0,B
2021-06-15T13:45:09,14800.0,19.0,B
2021-06-15T13:45:06,23000.0,19.0,B
2021-06-15T13:45:05,500.0,19.0,B
2021-06-15T13:45:02,18900.0,19.0,B
2021-06-15T13:44:59,28000.0,19.0,B
2021-06-15T13:44:52,5000.0,19.0,S
2021-06-15T13:44:51,2000.0,19.0,S
2021-06-15T13:44:35,5000.0,19.0,S
2021-06-15T13:44:33,100.0,19.0,B
2021-06-15T13:44:33,10000.0,19.0,B
2021-06-15T13:44:22,4500.0,19.0,B
2021-06-15T13:44:18,13500.0,19.0,B
2021-06-15T13:44:15,19000.0,19.0,B
2021-06-15T13:43:59,300.0,19.0,B
2021-06-15T13:43:46,25000.0,19.0,B
2021-06-15T13:43:42,10000.0,19.0,B
2021-06-15T13:43:32,14700.0,19.0,B
2021-06-15T13:43:29,13000.0,19.0,B
2021-06-15T13:43:24,6900.0,19.0,B
2021-06-15T13:43:22,8900.0,19.0,B
2021-06-15T13:43:19,100.0,19.0,B
2021-06-15T13:43:16,17800.0,19.0,B
2021-06-15T13:43:10,16500.0,19.0,B
2021-06-15T13:43:06,15000.0,19.0,B
2021-06-15T13:42:58,52300.0,19.0,B
2021-06-15T13:41:24,1100.0,19.1,B
2021-06-15T13:40:42,5000.0,19.1,B
2021-06-15T13:40:23,100.0,19.1,B
2021-06-15T13:40:05,1300.0,19.1,B
2021-06-15T13:40:02,1100.0,19.0,S
2021-06-15T13:39:37,3000.0,19.1,B
2021-06-15T13:39:34,9500.0,19.1,B
2021-06-15T13:39:29,6500.0,19.1,B
2021-06-15T13:39:24,8700.0,19.1,B
2021-06-15T13:39:18,100.0,19.0,S
2021-06-15T13:39:17,200.0,19.1,B
2021-06-15T13:39:09,15200.0,19.1,B
2021-06-15T13:38:58,2000.0,19.0,S
2021-06-15T13:38:55,800.0,19.1,B
2021-06-15T13:38:53,2000.0,19.1,B
2021-06-15T13:38:53,28200.0,19.1,B
2021-06-15T13:38:47,2000.0,19.1,B
2021-06-15T13:38:33,800.0,19.1,B
2021-06-15T13:38:32,40000.0,19.1,B
2021-06-15T13:38:27,39000.0,19.1,B
2021-06-15T13:38:22,100000.0,19.1,B
2021-06-15T13:37:25,100.0,19.1,B
2021-06-15T13:37:24,18000.0,19.1,B
2021-06-15T13:36:59,1400.0,19.1,B
2021-06-15T13:36:54,6900.0,19.1,B
2021-06-15T13:36:50,12000.0,19.1,B
2021-06-15T13:36:44,4600.0,19.1,B
2021-06-15T13:36:36,10000.0,19.1,B
2021-06-15T13:36:32,6800.0,19.1,B
2021-06-15T13:36:29,19000.0,19.1,B
2021-06-15T13:36:21,20900.0,19.1,S
2021-06-15T13:36:18,3000.0,19.1,S
2021-06-15T13:36:07,3000.0,19.1,S
2021-06-15T13:36:02,1100.0,19.1,S
2021-06-15T13:35:46,8000.0,19.1,S
2021-06-15T13:35:40,500.0,19.1,S
2021-06-15T13:35:39,100.0,19.1,S
2021-06-15T13:35:32,5200.0,19.1,B
2021-06-15T13:35:27,9800.0,19.1,B
2021-06-15T13:35:24,15600.0,19.1,B
2021-06-15T13:35:19,14000.0,19.1,B
2021-06-15T13:35:15,23000.0,19.1,B
2021-06-15T13:35:11,300.0,19.1,B
2021-06-15T13:34:55,15000.0,19.1,B
2021-06-15T13:34:44,14500.0,19.1,B
2021-06-15T13:34:41,17800.0,19.1,B
2021-06-15T13:34:36,13000.0,19.1,B
2021-06-15T13:34:34,300.0,19.1,B
2021-06-15T13:34:33,8500.0,19.1,B
2021-06-15T13:34:30,2000.0,19.1,B
2021-06-15T13:34:24,13000.0,19.1,B
2021-06-15T13:34:21,10000.0,19.1,B
2021-06-15T13:34:18,8700.0,19.1,B
2021-06-15T13:34:10,500.0,19.1,B
2021-06-15T13:34:07,13200.0,19.1,S
2021-06-15T13:34:05,100.0,19.1,S
2021-06-15T13:33:21,2000.0,19.1,S
2021-06-15T13:33:15,8300.0,19.1,B
2021-06-15T13:33:01,5000.0,19.1,B
2021-06-15T13:32:49,10000.0,19.1,B
2021-06-15T13:32:36,2800.0,19.0,S
2021-06-15T13:32:36,9800.0,19.1,B
2021-06-15T13:32:30,25000.0,19.1,B
2021-06-15T13:32:28,200.0,19.1,B
2021-06-15T13:32:15,15100.0,19.1,B
2021-06-15T13:31:51,3000.0,19.1,B
2021-06-15T13:31:48,24000.0,19.1,B
2021-06-15T13:31:40,30000.0,19.1,B
2021-06-15T13:31:35,2000.0,19.1,B
2021-06-15T13:31:30,13000.0,19.1,B
2021-06-15T13:31:22,21000.0,19.1,B
2021-06-15T13:31:18,18900.0,19.1,B
2021-06-15T13:31:12,13000.0,19.1,B
2021-06-15T13:31:09,300.0,19.0,S
2021-06-15T13:31:07,19000.0,19.1,B
2021-06-15T13:31:04,200.0,19.1,B
2021-06-15T13:31:02,600.0,19.0,S
2021-06-15T13:30:59,6900.0,19.1,B
2021-06-15T13:30:56,400.0,19.0,S
2021-06-15T13:30:55,9800.0,19.1,B
2021-06-15T13:30:53,8500.0,19.1,B
2021-06-15T13:30:48,10000.0,19.1,B
2021-06-15T13:30:40,5600.0,19.1,S
2021-06-15T13:30:19,2000.0,19.2,B
2021-06-15T13:30:17,100.0,19.2,B
2021-06-15T13:30:16,3000.0,19.2,B
2021-06-15T13:30:10,100.0,19.2,B
2021-06-15T13:29:21,1600.0,19.2,B
2021-06-15T13:28:32,100.0,19.2,B
2021-06-15T13:28:03,3000.0,19.2,B
2021-06-15T13:27:58,2200.0,19.2,B
2021-06-15T13:27:48,3000.0,19.2,B
2021-06-15T13:27:47,100.0,19.2,B
2021-06-15T13:27:32,3600.0,19.2,B
2021-06-15T13:27:26,200.0,19.2,B
2021-06-15T13:27:10,5000.0,19.2,B
2021-06-15T13:27:05,5000.0,19.2,B
2021-06-15T13:27:01,100.0,19.2,B
2021-06-15T13:26:59,500.0,19.2,B
2021-06-15T13:26:04,1300.0,19.2,B
2021-06-15T13:25:36,800.0,19.1,B
2021-06-15T13:25:29,1000.0,19.1,B
2021-06-15T13:25:22,1000.0,19.1,B
2021-06-15T13:25:07,30000.0,19.1,B
2021-06-15T13:24:28,1000.0,19.1,B
2021-06-15T13:24:19,500.0,19.1,B
2021-06-15T13:24:08,300.0,19.1,B
2021-06-15T13:24:00,2400.0,19.1,B
2021-06-15T13:23:44,900.0,19.1,B
2021-06-15T13:23:02,3000.0,19.1,B
2021-06-15T13:22:52,700.0,19.1,B
2021-06-15T13:21:19,1200.0,19.1,B
2021-06-15T13:21:09,200.0,19.1,B
2021-06-15T13:20:43,5500.0,19.0,S
2021-06-15T13:19:59,100.0,19.0,S
2021-06-15T13:19:58,2000.0,19.0,B
2021-06-15T13:19:54,4000.0,19.0,B
2021-06-15T13:19:52,1000.0,19.0,B
2021-06-15T13:19:50,100.0,19.0,B
2021-06-15T13:19:44,3000.0,19.0,B
2021-06-15T13:19:34,400.0,19.0,B
2021-06-15T13:19:31,3000.0,19.0,B
2021-06-15T13:19:29,2000.0,19.0,B
2021-06-15T13:19:16,20000.0,19.0,B
2021-06-15T13:19:05,200.0,19.0,B
2021-06-15T13:19:01,100.0,19.0,B
2021-06-15T13:18:57,200.0,19.0,B
2021-06-15T13:18:49,1700.0,19.0,B
2021-06-15T13:18:39,1400.0,19.0,B
2021-06-15T13:18:24,200.0,19.0,B
2021-06-15T13:18:06,300.0,19.0,B
2021-06-15T13:18:01,500.0,19.0,B
2021-06-15T13:17:56,5300.0,19.0,B
2021-06-15T13:17:51,2000.0,19.0,B
2021-06-15T13:17:47,4000.0,19.0,B
2021-06-15T13:17:35,1000.0,19.0,B
2021-06-15T13:17:32,500.0,19.0,B
2021-06-15T13:17:08,1100.0,19.0,B
2021-06-15T13:16:40,200.0,19.0,B
2021-06-15T13:16:30,400.0,19.0,B
2021-06-15T13:16:14,700.0,19.0,B
2021-06-15T13:16:04,200.0,19.0,B
2021-06-15T13:16:03,1600.0,19.0,B
2021-06-15T13:15:49,500.0,19.0,B
2021-06-15T13:15:40,1900.0,19.0,B
2021-06-15T13:15:27,500.0,19.0,B
2021-06-15T13:15:25,100.0,19.0,B
2021-06-15T13:15:07,500.0,19.0,B
2021-06-15T13:15:02,1000.0,19.0,B
2021-06-15T13:14:58,2000.0,19.0,B
2021-06-15T13:14:55,1000.0,19.0,B
2021-06-15T13:14:41,2300.0,19.0,B
2021-06-15T13:14:28,1000.0,19.0,B
2021-06-15T13:14:05,1200.0,19.0,B
2021-06-15T13:13:32,100.0,18.9,B
2021-06-15T13:13:29,200.0,18.9,B
2021-06-15T13:13:25,300.0,18.9,B
2021-06-15T13:13:19,100.0,18.9,B
2021-06-15T13:13:06,100.0,18.9,B
2021-06-15T13:13:04,300.0,18.9,B
2021-06-15T13:12:57,3000.0,18.9,B
2021-06-15T13:12:47,100.0,18.9,B
2021-06-15T13:12:35,5000.0,18.9,B
2021-06-15T13:12:31,100.0,18.9,B
2021-06-15T13:12:06,500.0,18.9,B
2021-06-15T13:11:28,1000.0,18.8,S
2021-06-15T13:11:01,900.0,18.8,S
2021-06-15T13:10:51,500.0,18.8,S
2021-06-15T13:10:48,700.0,18.8,S
2021-06-15T13:10:45,1000.0,18.8,S
2021-06-15T13:10:40,100.0,18.8,S
2021-06-15T13:10:35,100.0,18.8,S
2021-06-15T13:10:09,1000.0,18.8,S
2021-06-15T13:10:04,3000.0,18.8,S
2021-06-15T13:09:24,3000.0,18.8,S
2021-06-15T13:09:23,2000.0,18.9,B
2021-06-15T13:07:26,200.0,18.8,S
2021-06-15T13:07:04,2000.0,18.8,S
2021-06-15T13:07:00,3000.0,18.9,B
2021-06-15T13:06:59,100.0,18.9,B
2021-06-15T13:05:55,1500.0,18.9,B
2021-06-15T13:05:51,1000.0,18.9,B
2021-06-15T13:04:10,100.0,18.9,B
2021-06-15T13:04:02,6000.0,18.9,B
2021-06-15T13:03:19,400.0,18.9,B
2021-06-15T13:01:51,1000.0,18.9,B
2021-06-15T13:00:16,3000.0,18.9,B
2021-06-15T13:00:07,400.0,18.8,S
2021-06-15T13:00:05,200.0,18.9,B
2021-06-15T13:00:03,100.0,18.9,B
2021-06-15T13:00:03,900.0,18.9,B
2021-06-15T13:00:01,2000.0,18.9,B
2021-06-15T11:29:22,1000.0,18.8,S
2021-06-15T11:29:16,100.0,18.9,B
2021-06-15T11:25:54,1000.0,18.9,B
2021-06-15T11:25:02,1000.0,18.9,B
2021-06-15T11:24:32,100.0,18.9,B
2021-06-15T11:23:48,1000.0,18.9,B
2021-06-15T11:23:28,700.0,18.9,B
2021-06-15T11:21:51,200.0,18.9,B
2021-06-15T11:21:44,1000.0,18.9,B
2021-06-15T11:21:35,600.0,18.9,B
2021-06-15T11:19:14,1000.0,18.9,B
2021-06-15T11:18:18,100.0,18.8,S
2021-06-15T11:17:35,400.0,18.8,S
2021-06-15T11:17:31,100.0,18.8,S
2021-06-15T11:17:14,200.0,18.8,S
2021-06-15T11:13:19,1500.0,18.8,S
2021-06-15T11:10:57,1000.0,18.8,S
2021-06-15T11:10:09,1000.0,18.9,B
2021-06-15T11:08:47,100.0,18.9,B
2021-06-15T11:08:17,2300.0,18.9,B
2021-06-15T11:07:45,2000.0,18.9,B
2021-06-15T11:07:16,500.0,18.9,B
2021-06-15T11:06:52,1000.0,18.9,B
2021-06-15T11:04:31,100.0,18.9,B
2021-06-15T11:04:14,1800.0,18.9,B
2021-06-15T11:04:12,300.0,18.9,B
2021-06-15T11:03:33,900.0,18.9,B
2021-06-15T11:03:17,10000.0,18.9,B
2021-06-15T11:03:09,500.0,18.8,S
2021-06-15T11:02:33,100.0,18.8,S
2021-06-15T11:01:14,4600.0,18.8,S
2021-06-15T11:00:26,3000.0,18.9,S
2021-06-15T10:59:19,1000.0,18.9,S
2021-06-15T10:58:07,200.0,18.9,S
2021-06-15T10:57:34,100.0,18.9,S
2021-06-15T10:57:10,500.0,18.9,S
2021-06-15T10:57:02,1300.0,18.9,B
2021-06-15T10:55:53,1000.0,18.9,B
2021-06-15T10:54:57,100.0,18.9,B
2021-06-15T10:54:41,100.0,18.9,B
2021-06-15T10:54:22,100.0,18.9,B
2021-06-15T10:54:08,100.0,18.9,B
2021-06-15T10:54:00,100.0,18.9,B
2021-06-15T10:53:48,2100.0,18.9,S
2021-06-15T10:53:29,3200.0,18.9,B
2021-06-15T10:53:19,200.0,18.9,B
2021-06-15T10:52:30,9600.0,18.9,B
2021-06-15T10:51:44,100.0,19.0,B
2021-06-15T10:51:14,5700.0,18.9,B
2021-06-15T10:51:11,2000.0,18.9,B
2021-06-15T10:50:48,100.0,18.9,B
2021-06-15T10:50:28,100.0,18.9,B
2021-06-15T10:50:23,100.0,18.9,B
2021-06-15T10:50:00,100.0,18.9,B
2021-06-15T10:49:29,200.0,18.9,B
2021-06-15T10:49:15,300.0,18.8,S
2021-06-15T10:49:08,400.0,18.8,S
2021-06-15T10:49:05,200.0,18.8,S
2021-06-15T10:48:29,3700.0,18.8,S
2021-06-15T10:47:57,100.0,18.9,B
2021-06-15T10:47:26,1500.0,18.9,B
2021-06-15T10:47:23,500.0,18.9,B
2021-06-15T10:47:06,17200.0,18.9,B
2021-06-15T10:47:00,100.0,18.9,B
2021-06-15T10:46:58,100.0,18.9,B
2021-06-15T10:46:12,400.0,18.9,B
2021-06-15T10:46:09,300.0,18.9,B
2021-06-15T10:46:06,2200.0,18.9,B
2021-06-15T10:45:39,500.0,18.9,B
2021-06-15T10:45:23,400.0,18.8,S
2021-06-15T10:43:15,100.0,18.9,B
2021-06-15T10:42:27,400.0,18.9,B
2021-06-15T10:42:18,100.0,18.9,B
2021-06-15T10:41:44,100.0,18.9,B
2021-06-15T10:40:59,100.0,18.8,S
2021-06-15T10:40:52,2100.0,18.8,S
2021-06-15T10:40:38,400.0,18.8,S
2021-06-15T10:40:10,200.0,18.8,S
2021-06-15T10:39:28,12700.0,18.8,B
2021-06-15T10:39:22,1500.0,18.8,B
2021-06-15T10:38:59,1700.0,18.8,B
2021-06-15T10:38:43,4900.0,18.8,B
2021-06-15T10:38:41,100.0,18.8,B
2021-06-15T10:38:35,5000.0,18.8,B
2021-06-15T10:38:32,100.0,18.8,B
2021-06-15T10:38:28,8500.0,18.8,B
2021-06-15T10:38:14,100.0,18.8,B
2021-06-15T10:38:13,1400.0,18.8,B
2021-06-15T10:38:09,7900.0,18.8,B
2021-06-15T10:37:56,14900.0,18.8,B
2021-06-15T10:37:53,2000.0,18.8,B
2021-06-15T10:37:49,100.0,18.8,B
2021-06-15T10:37:49,15700.0,18.8,B
2021-06-15T10:37:42,20000.0,18.8,B
2021-06-15T10:37:32,50000.0,18.8,B
2021-06-15T10:37:28,14000.0,18.8,B
2021-06-15T10:37:20,7000.0,18.8,B
2021-06-15T10:37:16,4600.0,18.8,B
2021-06-15T10:37:11,10000.0,18.8,B
2021-06-15T10:37:06,17400.0,18.8,B
2021-06-15T10:36:42,100.0,18.8,B
2021-06-15T10:36:10,100.0,18.8,B
2021-06-15T10:36:00,1400.0,18.7,S
2021-06-15T10:35:44,5000.0,18.8,B
2021-06-15T10:35:38,500.0,18.8,B
2021-06-15T10:35:37,10000.0,18.8,B
2021-06-15T10:35:26,100000.0,18.8,B
2021-06-15T10:35:17,20000.0,18.8,B
2021-06-15T10:35:09,300.0,18.7,S
2021-06-15T10:35:04,11800.0,18.8,B
2021-06-15T10:34:51,14600.0,18.8,B
2021-06-15T10:34:46,14500.0,18.8,B
2021-06-15T10:34:39,20000.0,18.8,B
2021-06-15T10:34:38,200.0,18.8,B
2021-06-15T10:34:33,12000.0,18.8,B
2021-06-15T10:34:27,16000.0,18.8,B
2021-06-15T10:34:21,1000.0,18.7,S
2021-06-15T10:34:20,11000.0,18.8,B
2021-06-15T10:34:10,15000.0,18.8,B
2021-06-15T10:34:04,13000.0,18.8,B
2021-06-15T10:33:55,20500.0,18.7,S
2021-06-15T10:33:51,3000.0,18.7,S
2021-06-15T10:33:50,11000.0,18.8,B
2021-06-15T10:33:43,22500.0,18.7,S
2021-06-15T10:33:36,10000.0,18.8,B
2021-06-15T10:33:24,1500.0,18.8,B
2021-06-15T10:33:12,6100.0,18.8,S
2021-06-15T10:31:04,100.0,18.8,S
2021-06-15T10:30:39,200.0,18.8,B
2021-06-15T10:30:28,1200.0,18.8,S
2021-06-15T10:30:24,900.0,18.8,S
2021-06-15T10:30:14,2000.0,18.8,S
2021-06-15T10:30:09,1000.0,18.8,S
2021-06-15T10:30:05,300.0,18.8,S
2021-06-15T10:30:04,500.0,18.8,S
2021-06-15T10:29:57,6000.0,18.8,S
2021-06-15T10:29:54,100.0,18.8,S
2021-06-15T10:29:47,5000.0,18.8,S
2021-06-15T10:29:47,1000.0,18.8,S
2021-06-15T10:29:41,17000.0,18.8,S
2021-06-15T10:29:36,5000.0,18.8,S
2021-06-15T10:29:35,1000.0,18.8,S
2021-06-15T10:29:33,100.0,18.8,S
2021-06-15T10:29:29,1000.0,18.8,S
2021-06-15T10:29:28,5000.0,18.8,S
2021-06-15T10:29:21,5000.0,18.8,S
2021-06-15T10:28:58,6000.0,18.8,S
2021-06-15T10:28:41,200.0,18.8,S
2021-06-15T10:28:27,20000.0,18.8,S
2021-06-15T10:28:08,3500.0,18.8,S
2021-06-15T10:28:01,500.0,18.8,S
2021-06-15T10:27:52,100.0,18.8,S
2021-06-15T10:27:34,200.0,18.8,S
2021-06-15T10:27:16,100.0,18.8,S
2021-06-15T10:26:02,400.0,18.8,S
2021-06-15T10:24:22,100.0,18.9,B
2021-06-15T10:24:08,1000.0,18.9,B
2021-06-15T10:22:43,100.0,18.9,B
2021-06-15T10:22:09,500.0,18.9,B
2021-06-15T10:22:06,9800.0,18.9,S
2021-06-15T10:22:01,10000.0,18.9,S
2021-06-15T10:22:00,2000.0,18.9,S
2021-06-15T10:21:48,300.0,18.9,S
2021-06-15T10:21:12,3500.0,18.9,S
2021-06-15T10:20:26,800.0,18.9,S
2021-06-15T10:19:46,100.0,19.0,B
2021-06-15T10:19:45,500.0,18.9,S
2021-06-15T10:18:08,500.0,18.9,S
2021-06-15T10:17:22,100.0,19.0,B
2021-06-15T10:16:51,100.0,19.0,B
2021-06-15T10:15:16,10000.0,19.0,B
2021-06-15T10:14:24,100.0,18.9,S
2021-06-15T10:13:59,200.0,19.0,B
2021-06-15T10:13:28,5000.0,19.0,B
2021-06-15T10:13:11,100.0,19.0,B
2021-06-15T10:12:55,100.0,19.0,B
2021-06-15T10:12:37,5000.0,19.0,B
2021-06-15T10:11:29,5000.0,19.0,B
2021-06-15T10:10:47,300.0,19.0,B
2021-06-15T10:10:07,800.0,19.0,B
2021-06-15T10:09:55,100.0,19.0,B
2021-06-15T10:08:01,3200.0,19.0,B
2021-06-15T10:07:51,2000.0,19.0,B
2021-06-15T10:07:30,100.0,19.0,B
2021-06-15T10:07:25,600.0,19.0,B
2021-06-15T10:07:22,500.0,19.0,B
2021-06-15T10:06:53,2000.0,19.0,B
2021-06-15T10:06:32,1000.0,19.0,B
2021-06-15T10:06:29,10000.0,19.0,B
2021-06-15T10:06:26,100.0,19.0,B
2021-06-15T10:06:18,14800.0,19.0,B
2021-06-15T10:06:08,16900.0,19.0,B
2021-06-15T10:06:05,1800.0,18.9,S
2021-06-15T10:05:48,11000.0,19.0,B
2021-06-15T10:05:47,500.0,19.0,B
2021-06-15T10:05:39,14600.0,19.0,B
2021-06-15T10:05:38,1000.0,18.9,S
2021-06-15T10:05:33,12500.0,19.0,B
2021-06-15T10:05:25,14500.0,19.0,B
2021-06-15T10:05:16,30000.0,19.0,B
2021-06-15T10:05:09,13500.0,19.0,B
2021-06-15T10:05:01,17000.0,19.0,B
2021-06-15T10:04:48,14000.0,19.0,B
2021-06-15T10:04:41,13000.0,19.0,B
2021-06-15T10:04:34,8200.0,19.0,S
2021-06-15T10:04:27,100.0,19.0,S
2021-06-15T10:04:27,100.0,19.0,S
2021-06-15T10:04:25,3600.0,19.0,B
2021-06-15T10:04:18,5600.0,19.0,B
2021-06-15T10:04:13,2000.0,19.0,B
2021-06-15T10:04:10,12300.0,19.0,B
2021-06-15T10:04:02,9500.0,19.0,B
2021-06-15T10:03:52,8500.0,19.0,B
2021-06-15T10:03:46,10000.0,19.0,B
2021-06-15T10:03:24,100.0,19.0,B
2021-06-15T10:02:40,200.0,19.0,B
2021-06-15T10:02:23,1000.0,19.0,B
2021-06-15T10:02:19,200.0,19.0,B
2021-06-15T10:01:41,300.0,19.0,B
2021-06-15T10:01:00,100.0,19.0,B
2021-06-15T10:00:54,2000.0,19.0,B
2021-06-15T10:00:48,100.0,19.0,B
2021-06-15T09:59:54,8000.0,18.9,S
2021-06-15T09:59:51,400.0,18.9,S
2021-06-15T09:59:39,200.0,19.0,B
2021-06-15T09:59:29,1300.0,19.0,S
2021-06-15T09:59:02,400.0,19.0,B
2021-06-15T09:59:01,400.0,19.0,B
2021-06-15T09:58:56,500.0,19.0,B
2021-06-15T09:58:44,5000.0,19.0,B
2021-06-15T09:58:14,1000.0,19.0,B
2021-06-15T09:57:45,100.0,19.0,B
2021-06-15T09:57:25,5000.0,19.0,B
2021-06-15T09:57:03,5000.0,19.0,B
2021-06-15T09:56:32,200.0,19.0,B
2021-06-15T09:56:15,100.0,19.0,B
2021-06-15T09:56:08,1200.0,19.0,B
2021-06-15T09:55:23,2600.0,19.0,B
2021-06-15T09:55:18,200.0,19.0,S
2021-06-15T09:55:10,3000.0,19.0,S
2021-06-15T09:55:09,500.0,19.0,S
2021-06-15T09:54:51,100.0,19.0,S
2021-06-15T09:54:17,100.0,19.0,S
2021-06-15T09:54:14,700.0,19.0,B
2021-06-15T09:54:04,300.0,19.0,S
2021-06-15T09:53:56,200.0,19.0,B
2021-06-15T09:53:45,2000.0,19.0,B
2021-06-15T09:53:44,600.0,19.0,B
2021-06-15T09:53:38,500.0,19.0,B
2021-06-15T09:53:31,100.0,19.0,B
2021-06-15T09:53:31,2000.0,19.0,B
2021-06-15T09:53:23,1000.0,19.0,B
2021-06-15T09:53:15,100.0,19.0,B
2021-06-15T09:53:09,100.0,19.0,B
2021-06-15T09:53:09,500.0,19.0,B
2021-06-15T09:52:29,15000.0,19.0,B
2021-06-15T09:52:20,30000.0,19.0,B
2021-06-15T09:52:18,200.0,19.0,B
2021-06-15T09:52:08,25000.0,19.0,B
2021-06-15T09:52:02,50000.0,19.0,B
2021-06-15T09:51:58,1400.0,19.0,B
2021-06-15T09:51:56,13000.0,19.0,B
2021-06-15T09:51:50,7900.0,19.0,B
2021-06-15T09:51:49,1200.0,19.0,B
2021-06-15T09:51:42,14500.0,19.0,B
2021-06-15T09:51:40,1000.0,19.0,B
2021-06-15T09:51:31,13000.0,19.0,B
2021-06-15T09:51:22,12000.0,19.0,B
2021-06-15T09:51:20,100.0,19.0,B
2021-06-15T09:51:17,14000.0,19.0,B
2021-06-15T09:51:10,20000.0,19.0,B
2021-06-15T09:51:03,11000.0,19.0,B
2021-06-15T09:50:55,16000.0,19.0,B
2021-06-15T09:50:48,7500.0,19.0,B
2021-06-15T09:50:45,1800.0,18.9,S
2021-06-15T09:50:44,500.0,19.0,B
2021-06-15T09:50:43,100.0,19.0,B
2021-06-15T09:50:41,8800.0,19.0,B
2021-06-15T09:50:36,8900.0,19.0,B
2021-06-15T09:50:28,5800.0,19.0,B
2021-06-15T09:50:26,1000.0,19.0,B
2021-06-15T09:50:23,12000.0,19.0,B
2021-06-15T09:50:18,13000.0,19.0,B
2021-06-15T09:50:12,7600.0,19.0,B
2021-06-15T09:50:08,100.0,19.0,B
2021-06-15T09:50:06,8900.0,19.0,B
2021-06-15T09:50:01,19000.0,19.0,B
2021-06-15T09:49:55,10000.0,19.0,B
2021-06-15T09:49:51,1000.0,19.0,B
2021-06-15T09:49:48,8900.0,19.0,B
2021-06-15T09:49:42,12000.0,19.0,B
2021-06-15T09:49:37,17000.0,19.0,B
2021-06-15T09:49:29,12300.0,19.0,B
2021-06-15T09:49:26,100.0,19.0,S
2021-06-15T09:48:56,500.0,19.1,B
2021-06-15T09:46:07,1000.0,19.1,B
2021-06-15T09:46:05,3500.0,19.0,S
2021-06-15T09:45:33,300.0,19.0,S
2021-06-15T09:45:32,3500.0,19.0,B
2021-06-15T09:45:25,20000.0,19.0,B
2021-06-15T09:45:20,18000.0,19.0,B
2021-06-15T09:45:13,25000.0,19.0,B
2021-06-15T09:45:06,12000.0,19.0,B
2021-06-15T09:45:00,8600.0,19.0,B
2021-06-15T09:44:58,100.0,19.0,B
2021-06-15T09:44:54,100.0,19.0,B
2021-06-15T09:44:46,1000.0,19.0,B
2021-06-15T09:44:46,500.0,19.0,B
2021-06-15T09:44:31,100.0,19.0,B
2021-06-15T09:44:28,200.0,19.0,B
2021-06-15T09:44:24,50000.0,19.0,B
2021-06-15T09:44:17,11900.0,19.0,B
2021-06-15T09:43:36,18300.0,19.0,B
2021-06-15T09:43:28,20000.0,19.0,B
2021-06-15T09:43:20,36700.0,19.0,S
2021-06-15T09:43:03,500.0,19.0,S
2021-06-15T09:42:57,900.0,19.0,S
2021-06-15T09:42:32,400.0,19.0,S
2021-06-15T09:42:16,700.0,19.0,S
2021-06-15T09:41:48,300.0,19.0,S
2021-06-15T09:41:27,500.0,19.0,S
2021-06-15T09:39:42,1500.0,19.0,S
2021-06-15T09:38:55,10800.0,19.0,B
2021-06-15T09:38:50,2300.0,19.0,B
2021-06-15T09:38:41,6800.0,19.0,B
2021-06-15T09:38:36,4800.0,19.0,B
2021-06-15T09:38:30,3200.0,19.0,B
2021-06-15T09:38:23,5000.0,19.0,S
2021-06-15T09:37:30,5000.0,19.0,S
2021-06-15T09:37:25,1000.0,19.0,S
2021-06-15T09:37:03,100.0,19.0,S
2021-06-15T09:36:48,100.0,19.0,S
2021-06-15T09:36:46,200.0,19.0,S
2021-06-15T09:36:16,8200.0,19.0,S
2021-06-15T09:36:14,100.0,19.0,B
2021-06-15T09:35:40,100.0,19.0,B
2021-06-15T09:35:38,1000.0,19.0,B
2021-06-15T09:35:37,10000.0,19.0,B
2021-06-15T09:35:12,400.0,19.0,B
2021-06-15T09:35:05,200.0,19.0,B
2021-06-15T09:34:51,1000.0,19.0,B
2021-06-15T09:34:37,500.0,19.0,B
2021-06-15T09:34:35,100.0,19.0,B
2021-06-15T09:34:19,1000.0,19.0,B
2021-06-15T09:34:18,1300.0,19.0,B
2021-06-15T09:34:00,800.0,19.0,B
2021-06-15T09:33:27,500.0,19.0,B
2021-06-15T09:33:22,300.0,19.0,B
2021-06-15T09:31:40,4200.0,19.0,B
2021-06-15T09:31:18,1000.0,19.0,S
2021-06-15T09:30:59,1300.0,19.0,S
2021-06-15T09:30:49,3100.0,19.0,S
2021-06-15T09:30:25,100.0,19.0,S
2021-06-15T09:30:17,1200.0,19.0,B
2021-06-15T09:30:13,600.0,19.0,B
2021-06-15T09:30:06,500.0,19.0,S
2021-06-15T09:29:53,200.0,19.0,S
2021-06-15T09:29:10,1000.0,19.0,S
2021-06-15T09:28:44,3600.0,19.0,B
2021-06-15T09:28:42,100.0,19.0,B
2021-06-15T09:27:52,600.0,19.0,S
2021-06-15T09:27:46,400.0,19.0,S
2021-06-15T09:27:35,10000.0,19.0,B
2021-06-15T09:27:23,100.0,19.0,B
2021-06-15T09:27:23,900.0,19.0,S
2021-06-15T09:27:07,9100.0,19.0,B
2021-06-15T09:27:00,2000.0,19.0,B
2021-06-15T09:26:59,8700.0,19.0,B
2021-06-15T09:26:52,9800.0,19.0,B
2021-06-15T09:26:47,100.0,19.0,B
2021-06-15T09:26:21,3500.0,19.0,B
2021-06-15T09:26:17,6800.0,19.0,S
2021-06-15T09:25:58,19000.0,19.0,S
2021-06-15T09:25:55,10000.0,19.0,B
2021-06-15T09:25:48,2300.0,19.0,B
2021-06-15T09:25:43,700.0,19.0,B
2021-06-15T09:25:42,3000.0,19.0,B
2021-06-15T09:25:34,18000.0,19.0,B
2021-06-15T09:25:28,2000.0,19.0,S
2021-06-15T09:25:25,100.0,19.0,S
2021-06-15T09:25:21,200.0,19.0,S
2021-06-15T09:24:39,100.0,19.0,S
2021-06-15T09:23:38,5000.0,19.0,S
2021-06-15T09:21:55,1000.0,19.0,S
2021-06-15T09:21:54,100.0,19.0,S
2021-06-15T09:20:47,3000.0,19.0,S
2021-06-15T09:19:28,100.0,19.0,S
2021-06-15T09:18:51,10000.0,19.0,S
2021-06-15T09:18:43,500.0,19.2,B
2021-06-15T09:18:37,2600.0,19.1,B
2021-06-15T09:18:27,2400.0,19.1,B
2021-06-15T09:18:09,10600.0,19.1,B
2021-06-15T09:18:01,11000.0,19.1,B
2021-06-15T09:17:57,200.0,19.1,B
2021-06-15T09:17:53,16000.0,19.1,B
2021-06-15T09:17:47,14200.0,19.1,B
2021-06-15T09:17:38,5500.0,19.1,B
2021-06-15T09:17:29,2500.0,19.1,S
2021-06-15T09:17:20,21300.0,19.1,B
2021-06-15T09:16:35,5300.0,19.1,B
2021-06-15T09:16:29,8900.0,19.1,B
2021-06-15T09:16:22,12000.0,19.1,B
2021-06-15T09:16:19,2500.0,19.1,S
2021-06-15T09:16:10,2100.0,19.1,S
2021-06-15T09:15:55,7900.0,19.1,B
2021-06-15T09:15:45,1000.0,19.1,B
2021-06-15T09:15:40,5600.0,19.1,B
2021-06-15T09:15:34,5300.0,19.1,B
2021-06-15T09:15:31,500.0,19.1,B
2021-06-15T09:15:24,700.0,19.1,S
2021-06-15T09:15:23,100.0,19.1,S
2021-06-15T09:15:13,500.0,19.1,S
2021-06-15T09:15:10,100.0,19.1,S
2021-06-15T09:13:51,3000.0,19.1,S
2021-06-15T09:13:50,600.0,19.1,B
2021-06-15T09:13:47,1900.0,19.0,S
2021-06-15T09:13:21,100.0,19.1,B
2021-06-15T09:13:17,4000.0,19.1,B
2021-06-15T09:12:19,1000.0,19.1,B
2021-06-15T09:11:36,1000.0,19.1,B
2021-06-15T09:11:24,100.0,19.1,B
2021-06-15T09:10:49,1400.0,19.1,B
2021-06-15T09:10:24,1300.0,19.1,B
2021-06-15T09:10:20,500.0,19.1,B
2021-06-15T09:09:58,1000.0,19.1,B
2021-06-15T09:09:49,500.0,19.1,B
2021-06-15T09:09:48,2000.0,19.1,B
2021-06-15T09:09:13,100.0,19.1,S
2021-06-15T09:08:32,1800.0,19.0,B
2021-06-15T09:08:09,3200.0,19.0,B
2021-06-15T09:04:22,200.0,18.8,S
2021-06-15T09:00:24,200.0,18.8,S
2021-06-15T09:00:24,400.0,18.8,B
2021-06-15T09:00:24,100.0,18.8,B
2021-06-15T09:00:18,1300.0,18.8,S
