tradingTime,volume,price,side
2021-06-15T14:26:41,4200.0,37.1,S
2021-06-15T14:26:41,800.0,37.05,B
2021-06-15T14:15:42,100.0,37.05,S
2021-06-15T14:15:37,100.0,37.05,S
2021-06-15T14:14:42,100.0,37.1,B
2021-06-15T14:13:59,200.0,37.1,B
2021-06-15T14:13:18,1000.0,37.05,S
2021-06-15T14:12:19,100.0,37.1,B
2021-06-15T14:11:40,100.0,37.1,B
2021-06-15T14:10:43,200.0,37.1,B
2021-06-15T14:08:57,3000.0,37.1,B
2021-06-15T14:07:27,1500.0,37.1,B
2021-06-15T14:05:58,500.0,37.1,B
2021-06-15T14:04:09,2000.0,37.0,S
2021-06-15T14:03:43,500.0,37.0,S
2021-06-15T14:02:27,1000.0,37.1,S
2021-06-15T14:02:21,700.0,37.1,S
2021-06-15T14:01:48,5000.0,37.1,S
2021-06-15T14:01:23,1000.0,37.1,S
2021-06-15T14:01:16,200.0,37.1,S
2021-06-15T14:00:59,200.0,37.1,S
2021-06-15T13:59:20,600.0,37.1,S
2021-06-15T13:58:52,200.0,37.1,B
2021-06-15T13:58:51,1000.0,37.1,B
2021-06-15T13:58:47,400.0,37.1,B
2021-06-15T13:58:45,300.0,37.1,B
2021-06-15T13:58:42,500.0,37.1,B
2021-06-15T13:57:39,300.0,37.0,S
2021-06-15T13:57:26,1000.0,37.0,S
2021-06-15T13:56:34,3000.0,37.0,S
2021-06-15T13:55:31,1000.0,37.0,S
2021-06-15T13:54:01,500.0,37.0,S
2021-06-15T13:53:52,2000.0,37.1,S
2021-06-15T13:53:48,100.0,37.15,S
2021-06-15T13:50:29,300.0,37.2,B
2021-06-15T13:49:25,100.0,37.2,B
2021-06-15T13:48:50,2000.0,37.2,B
2021-06-15T13:48:36,1000.0,37.2,B
2021-06-15T13:47:36,800.0,37.2,B
2021-06-15T13:47:00,200.0,37.2,B
2021-06-15T13:47:00,100.0,37.15,B
2021-06-15T13:45:20,100.0,37.15,B
2021-06-15T13:44:58,400.0,37.15,B
2021-06-15T13:44:49,100.0,37.15,B
2021-06-15T13:43:34,1000.0,37.15,B
2021-06-15T13:42:45,1700.0,37.0,S
2021-06-15T13:41:47,1000.0,37.0,B
2021-06-15T13:41:25,200.0,37.0,B
2021-06-15T13:41:25,400.0,37.0,B
2021-06-15T13:41:25,1300.0,37.0,B
2021-06-15T13:41:25,2100.0,37.0,B
2021-06-15T13:41:25,500.0,37.0,B
2021-06-15T13:41:25,1200.0,37.0,B
2021-06-15T13:39:56,3000.0,37.0,B
2021-06-15T13:39:09,900.0,36.95,S
2021-06-15T13:36:56,200.0,36.9,B
2021-06-15T13:36:01,200.0,36.9,B
2021-06-15T13:36:00,200.0,36.9,B
2021-06-15T13:34:24,800.0,36.9,B
2021-06-15T13:34:24,5900.0,36.9,B
2021-06-15T13:34:24,500.0,36.9,B
2021-06-15T13:34:23,100.0,36.9,B
2021-06-15T13:34:23,700.0,36.9,B
2021-06-15T13:33:04,1000.0,36.9,B
2021-06-15T13:32:25,400.0,36.9,B
2021-06-15T13:31:56,100.0,36.85,S
2021-06-15T13:30:15,600.0,36.9,B
2021-06-15T13:30:00,1600.0,36.8,S
2021-06-15T13:29:15,200.0,36.85,B
2021-06-15T13:28:33,300.0,36.8,S
2021-06-15T13:27:13,1000.0,36.8,S
2021-06-15T13:26:58,500.0,36.8,S
2021-06-15T13:26:13,500.0,36.8,S
2021-06-15T13:26:09,300.0,36.85,B
2021-06-15T13:24:17,400.0,36.8,B
2021-06-15T13:23:43,500.0,36.8,B
2021-06-15T13:22:01,5300.0,36.8,B
2021-06-15T13:20:55,400.0,36.8,B
2021-06-15T13:18:59,1000.0,36.8,S
2021-06-15T13:18:05,500.0,36.8,S
2021-06-15T13:16:09,900.0,36.8,S
2021-06-15T13:13:38,100.0,36.8,S
2021-06-15T13:12:16,3000.0,36.85,B
2021-06-15T13:10:30,300.0,36.85,B
2021-06-15T13:09:25,500.0,36.7,S
2021-06-15T13:09:05,100.0,36.8,B
2021-06-15T13:08:40,100.0,36.8,B
2021-06-15T13:08:14,1900.0,36.8,B
2021-06-15T13:08:00,500.0,36.8,B
2021-06-15T13:07:08,500.0,36.8,B
2021-06-15T13:05:18,200.0,36.8,B
2021-06-15T13:04:38,100.0,36.8,B
2021-06-15T13:02:48,200.0,36.8,B
2021-06-15T13:02:48,100.0,36.8,B
2021-06-15T13:02:11,500.0,36.7,S
2021-06-15T13:00:37,800.0,36.7,S
2021-06-15T13:00:29,500.0,36.7,S
2021-06-15T13:00:25,500.0,36.7,S
2021-06-15T11:28:45,2300.0,36.7,B
2021-06-15T11:28:24,300.0,36.7,B
2021-06-15T11:24:08,800.0,36.7,B
2021-06-15T11:24:08,700.0,36.65,S
2021-06-15T11:23:51,100.0,36.7,B
2021-06-15T11:22:38,600.0,36.7,S
2021-06-15T11:22:04,1500.0,36.7,S
2021-06-15T11:18:29,200.0,36.7,S
2021-06-15T11:15:52,800.0,36.7,S
2021-06-15T11:15:09,1000.0,36.8,B
2021-06-15T11:13:39,1100.0,36.65,S
2021-06-15T11:13:39,900.0,36.65,S
2021-06-15T11:10:51,500.0,36.8,B
2021-06-15T11:10:24,500.0,36.8,B
2021-06-15T11:05:54,1000.0,36.8,B
2021-06-15T11:04:15,100.0,36.65,S
2021-06-15T11:03:39,5000.0,36.65,S
2021-06-15T11:03:08,300.0,36.8,B
2021-06-15T11:01:53,100.0,36.7,S
2021-06-15T11:00:46,1000.0,36.8,B
2021-06-15T10:56:18,1000.0,36.8,B
2021-06-15T10:54:51,500.0,36.75,B
2021-06-15T10:51:55,500.0,36.7,B
2021-06-15T10:51:54,100.0,36.7,B
2021-06-15T10:51:53,500.0,36.65,B
2021-06-15T10:51:14,100.0,36.65,B
2021-06-15T10:51:02,200.0,36.65,B
2021-06-15T10:50:25,200.0,36.65,B
2021-06-15T10:49:51,400.0,36.6,B
2021-06-15T10:49:10,1000.0,36.6,B
2021-06-15T10:46:21,200.0,36.55,S
2021-06-15T10:46:09,100.0,36.6,B
2021-06-15T10:45:47,700.0,36.5,S
2021-06-15T10:45:13,100.0,36.6,B
2021-06-15T10:45:11,100.0,36.6,B
2021-06-15T10:44:23,4000.0,36.6,B
2021-06-15T10:43:46,600.0,36.55,S
2021-06-15T10:43:30,500.0,36.5,S
2021-06-15T10:43:23,3000.0,36.5,S
2021-06-15T10:41:33,500.0,36.5,S
2021-06-15T10:40:21,200.0,36.5,S
2021-06-15T10:39:07,1000.0,36.6,B
2021-06-15T10:38:15,500.0,36.6,B
2021-06-15T10:38:10,2600.0,36.5,S
2021-06-15T10:37:14,100.0,36.5,S
2021-06-15T10:37:04,200.0,36.6,S
2021-06-15T10:36:13,500.0,36.5,S
2021-06-15T10:35:42,1000.0,36.6,S
2021-06-15T10:34:33,7300.0,36.5,S
2021-06-15T10:34:33,700.0,36.55,S
2021-06-15T10:33:30,100.0,36.6,S
2021-06-15T10:31:23,1000.0,36.6,S
2021-06-15T10:30:59,700.0,36.6,S
2021-06-15T10:29:57,1800.0,36.6,S
2021-06-15T10:29:44,100.0,36.65,S
2021-06-15T10:28:45,2500.0,36.6,S
2021-06-15T10:28:45,1000.0,36.6,S
2021-06-15T10:28:45,1100.0,36.65,S
2021-06-15T10:28:45,5400.0,36.65,S
2021-06-15T10:25:40,100.0,36.65,S
2021-06-15T10:25:33,100.0,36.7,S
2021-06-15T10:22:59,9600.0,36.7,S
2021-06-15T10:19:12,1000.0,36.9,B
2021-06-15T10:19:08,500.0,36.9,B
2021-06-15T10:19:00,1000.0,36.9,B
2021-06-15T10:18:01,1000.0,36.9,B
2021-06-15T10:14:35,5000.0,36.9,B
2021-06-15T10:14:13,200.0,36.9,B
2021-06-15T10:13:11,2900.0,36.9,B
2021-06-15T10:13:11,200.0,36.9,B
2021-06-15T10:13:11,1900.0,36.9,B
2021-06-15T10:13:04,500.0,36.8,B
2021-06-15T10:12:17,500.0,36.9,B
2021-06-15T10:12:11,1000.0,36.6,S
2021-06-15T10:09:15,4000.0,36.9,B
2021-06-15T10:08:06,700.0,36.6,S
2021-06-15T10:07:59,100.0,36.6,S
2021-06-15T10:07:45,1100.0,36.7,B
2021-06-15T10:07:09,100.0,36.6,B
2021-06-15T10:04:48,500.0,36.6,B
2021-06-15T10:04:47,500.0,36.6,B
2021-06-15T10:04:42,600.0,36.55,S
2021-06-15T10:04:29,300.0,36.6,B
2021-06-15T10:04:14,700.0,36.6,S
2021-06-15T10:03:35,100.0,36.6,B
2021-06-15T10:03:35,600.0,36.55,B
2021-06-15T10:03:17,500.0,36.55,B
2021-06-15T10:02:26,200.0,36.55,S
2021-06-15T10:02:26,3000.0,36.55,S
2021-06-15T10:02:26,300.0,36.55,S
2021-06-15T10:02:26,2500.0,36.55,S
2021-06-15T10:02:26,100.0,36.55,S
2021-06-15T10:01:41,100.0,36.6,S
2021-06-15T10:00:10,300.0,36.6,S
2021-06-15T10:00:10,100.0,36.6,S
2021-06-15T09:58:35,600.0,36.6,S
2021-06-15T09:58:20,200.0,36.6,S
2021-06-15T09:58:08,100.0,36.6,S
2021-06-15T09:58:06,100.0,36.6,S
2021-06-15T09:57:03,600.0,36.6,B
2021-06-15T09:57:03,400.0,36.6,B
2021-06-15T09:56:37,300.0,36.6,B
2021-06-15T09:56:22,100.0,36.6,B
2021-06-15T09:56:07,200.0,36.6,B
2021-06-15T09:56:06,100.0,36.6,B
2021-06-15T09:55:39,200.0,36.6,B
2021-06-15T09:55:03,1000.0,36.5,S
2021-06-15T09:54:29,500.0,36.5,S
2021-06-15T09:53:50,500.0,36.5,S
2021-06-15T09:52:57,600.0,36.5,S
2021-06-15T09:52:00,100.0,36.5,S
2021-06-15T09:51:54,800.0,36.5,S
2021-06-15T09:51:54,100.0,36.5,S
2021-06-15T09:51:53,1800.0,36.5,S
2021-06-15T09:51:47,300.0,36.5,S
2021-06-15T09:51:38,1100.0,36.5,S
2021-06-15T09:50:54,300.0,36.5,S
2021-06-15T09:50:53,1100.0,36.5,S
2021-06-15T09:50:53,4900.0,36.5,S
2021-06-15T09:50:52,200.0,36.55,S
2021-06-15T09:49:28,500.0,36.6,S
2021-06-15T09:49:16,500.0,36.6,S
2021-06-15T09:49:01,2000.0,36.6,S
2021-06-15T09:49:00,1000.0,36.55,S
2021-06-15T09:48:20,800.0,36.6,S
2021-06-15T09:48:01,100.0,36.6,S
2021-06-15T09:47:56,6100.0,36.6,S
2021-06-15T09:46:22,1100.0,36.65,S
2021-06-15T09:46:21,3700.0,36.65,S
2021-06-15T09:46:08,100.0,36.65,S
2021-06-15T09:46:02,100.0,36.65,S
2021-06-15T09:45:50,3000.0,36.8,B
2021-06-15T09:45:03,1000.0,36.65,S
2021-06-15T09:44:25,500.0,36.8,B
2021-06-15T09:43:24,100.0,36.8,B
2021-06-15T09:43:10,100.0,36.7,S
2021-06-15T09:42:30,500.0,36.8,B
2021-06-15T09:41:21,2000.0,36.65,S
2021-06-15T09:40:33,100.0,36.65,S
2021-06-15T09:40:22,300.0,36.65,S
2021-06-15T09:38:03,100.0,36.65,B
2021-06-15T09:36:49,2000.0,36.65,B
2021-06-15T09:36:42,200.0,36.6,S
2021-06-15T09:34:19,1000.0,36.65,S
2021-06-15T09:33:48,300.0,36.65,S
2021-06-15T09:33:10,100.0,36.65,S
2021-06-15T09:32:40,700.0,36.8,B
2021-06-15T09:32:23,100.0,36.8,B
2021-06-15T09:31:28,400.0,36.8,B
2021-06-15T09:31:20,100.0,36.65,B
2021-06-15T09:31:08,300.0,36.8,B
2021-06-15T09:29:49,300.0,36.8,B
2021-06-15T09:29:40,500.0,36.6,B
2021-06-15T09:28:49,100.0,36.6,B
2021-06-15T09:28:32,200.0,36.6,B
2021-06-15T09:27:58,200.0,36.6,B
2021-06-15T09:27:52,100.0,36.6,B
2021-06-15T09:27:04,100.0,36.6,B
2021-06-15T09:26:32,500.0,36.6,B
2021-06-15T09:26:23,500.0,36.6,B
2021-06-15T09:25:07,200.0,36.6,S
2021-06-15T09:24:55,100.0,36.6,S
2021-06-15T09:24:44,400.0,36.55,S
2021-06-15T09:24:36,1200.0,36.6,S
2021-06-15T09:23:42,100.0,36.6,B
2021-06-15T09:23:06,100.0,36.6,S
2021-06-15T09:23:02,100.0,36.7,B
2021-06-15T09:22:22,1000.0,36.7,B
2021-06-15T09:21:49,300.0,36.6,S
2021-06-15T09:21:37,1300.0,36.6,S
2021-06-15T09:19:16,100.0,36.8,B
2021-06-15T09:19:10,400.0,36.9,B
2021-06-15T09:18:15,100.0,36.8,S
2021-06-15T09:16:30,1100.0,36.9,S
