tradingTime,volume,price,side
2021-06-15T14:22:35,1200.0,84.3,B
2021-06-15T14:22:35,6100.0,84.2,B
2021-06-15T14:22:35,700.0,84.1,B
2021-06-15T14:22:01,500.0,84.1,B
2021-06-15T14:19:47,500.0,84.0,S
2021-06-15T14:18:19,500.0,84.0,S
2021-06-15T14:17:01,500.0,84.0,S
2021-06-15T14:14:33,900.0,84.0,B
2021-06-15T14:14:32,6100.0,84.0,B
2021-06-15T14:11:05,400.0,83.9,B
2021-06-15T14:10:50,100.0,83.5,B
2021-06-15T14:10:35,8900.0,82.9,S
2021-06-15T14:10:35,3100.0,82.9,S
2021-06-15T14:08:13,3500.0,83.0,S
2021-06-15T14:07:08,300.0,83.9,B
2021-06-15T14:05:35,300.0,83.9,S
2021-06-15T14:04:39,100.0,84.0,B
2021-06-15T14:04:09,700.0,83.9,B
2021-06-15T13:58:33,500.0,83.5,S
2021-06-15T13:57:28,100.0,83.9,B
2021-06-15T13:57:09,600.0,83.9,B
2021-06-15T13:55:48,300.0,83.0,S
2021-06-15T13:54:13,100.0,83.9,S
2021-06-15T13:47:56,300.0,83.0,S
2021-06-15T13:47:03,500.0,84.0,B
2021-06-15T13:45:29,100.0,84.0,B
2021-06-15T13:45:22,100.0,84.0,B
2021-06-15T13:45:20,100.0,84.0,B
2021-06-15T13:45:17,100.0,84.0,B
2021-06-15T13:45:15,100.0,84.0,B
2021-06-15T13:45:10,200.0,84.0,B
2021-06-15T13:45:04,300.0,84.0,B
2021-06-15T13:44:34,200.0,83.0,S
2021-06-15T13:36:09,100.0,84.0,B
2021-06-15T13:36:07,1000.0,84.0,B
2021-06-15T13:35:40,300.0,83.0,S
2021-06-15T13:31:33,1000.0,84.0,B
2021-06-15T13:31:10,3600.0,83.0,S
2021-06-15T13:31:10,1400.0,83.0,S
2021-06-15T13:31:10,800.0,83.0,S
2021-06-15T13:31:10,100.0,83.0,S
2021-06-15T13:31:10,1100.0,83.0,S
2021-06-15T13:28:05,300.0,84.0,B
2021-06-15T13:27:59,200.0,84.0,B
2021-06-15T13:27:57,200.0,84.0,B
2021-06-15T13:27:52,100.0,84.0,B
2021-06-15T13:27:44,100.0,84.0,B
2021-06-15T13:27:01,2000.0,83.0,S
2021-06-15T13:25:27,300.0,83.0,S
2021-06-15T13:24:39,300.0,83.0,S
2021-06-15T13:21:55,100.0,84.0,B
2021-06-15T13:19:13,300.0,84.0,B
2021-06-15T13:19:04,600.0,83.1,S
2021-06-15T13:18:15,5000.0,84.1,B
2021-06-15T13:06:40,500.0,84.1,S
2021-06-15T13:02:17,200.0,84.1,S
2021-06-15T13:00:37,200.0,84.2,B
2021-06-15T13:00:25,800.0,84.2,B
2021-06-15T11:30:27,800.0,84.1,B
2021-06-15T11:30:09,1000.0,84.0,B
2021-06-15T11:29:57,5000.0,83.0,S
2021-06-15T11:25:49,2000.0,84.1,B
2021-06-15T11:19:27,200.0,84.0,B
2021-06-15T11:19:20,100.0,84.0,B
2021-06-15T11:19:11,100.0,84.0,B
2021-06-15T11:15:43,1400.0,84.1,B
2021-06-15T11:11:13,500.0,84.1,B
2021-06-15T11:11:13,300.0,84.0,B
2021-06-15T11:11:13,200.0,84.0,B
2021-06-15T11:11:13,13000.0,84.0,B
2021-06-15T11:05:14,1000.0,84.0,B
2021-06-15T11:04:53,1000.0,83.6,B
2021-06-15T11:03:27,9800.0,83.1,S
2021-06-15T11:03:27,300.0,83.5,S
2021-06-15T11:03:27,9900.0,83.5,S
2021-06-15T11:02:45,300.0,83.5,S
2021-06-15T11:01:39,300.0,83.5,S
2021-06-15T11:00:12,300.0,83.5,S
2021-06-15T10:54:00,100.0,84.0,B
2021-06-15T10:53:54,100.0,83.9,B
2021-06-15T10:53:45,200.0,83.9,B
2021-06-15T10:53:39,200.0,83.9,B
2021-06-15T10:48:09,100.0,84.0,B
2021-06-15T10:39:53,200.0,84.0,B
2021-06-15T10:38:25,200.0,84.1,B
2021-06-15T10:38:22,300.0,84.1,B
2021-06-15T10:38:19,300.0,84.0,B
2021-06-15T10:38:15,200.0,84.0,B
2021-06-15T10:38:08,100.0,84.0,B
2021-06-15T10:38:05,100.0,84.0,B
2021-06-15T10:38:02,100.0,84.0,B
2021-06-15T10:37:59,100.0,84.0,B
2021-06-15T10:37:58,100.0,84.0,S
2021-06-15T10:37:56,100.0,84.0,S
2021-06-15T10:37:31,200.0,84.0,S
2021-06-15T10:32:15,500.0,84.0,S
2021-06-15T10:32:10,100.0,84.0,S
2021-06-15T10:29:18,100.0,84.2,B
2021-06-15T10:29:14,100.0,84.2,B
2021-06-15T10:29:10,100.0,84.2,B
2021-06-15T10:29:06,100.0,84.2,B
2021-06-15T10:29:01,200.0,84.2,B
2021-06-15T10:28:57,200.0,84.2,B
2021-06-15T10:28:56,200.0,84.2,B
2021-06-15T10:28:55,100.0,84.0,S
2021-06-15T10:25:24,200.0,84.2,B
2021-06-15T10:25:21,200.0,84.2,B
2021-06-15T10:25:19,200.0,84.0,S
2021-06-15T10:25:13,100.0,84.2,B
2021-06-15T10:25:03,100.0,84.2,B
2021-06-15T10:25:02,100.0,84.0,S
2021-06-15T10:24:59,100.0,84.0,S
2021-06-15T10:23:21,500.0,84.0,S
2021-06-15T10:23:21,300.0,84.0,S
2021-06-15T10:12:24,200.0,84.3,B
2021-06-15T10:10:42,100.0,84.3,B
2021-06-15T10:10:38,100.0,84.3,B
2021-06-15T10:10:35,100.0,84.3,B
2021-06-15T10:07:55,100.0,84.3,B
2021-06-15T10:07:51,100.0,84.3,B
2021-06-15T10:07:45,200.0,84.3,B
2021-06-15T10:07:42,200.0,84.3,B
2021-06-15T10:07:40,200.0,84.3,B
2021-06-15T10:07:16,100.0,84.3,B
2021-06-15T10:01:45,200.0,84.4,B
2021-06-15T10:01:41,200.0,84.4,B
2021-06-15T10:01:37,100.0,84.4,B
2021-06-15T10:01:36,100.0,84.4,B
2021-06-15T10:01:34,100.0,84.4,B
2021-06-15T10:01:12,100.0,84.4,B
2021-06-15T10:01:11,100.0,84.4,B
2021-06-15T10:01:08,100.0,84.4,B
2021-06-15T10:01:05,100.0,84.4,B
2021-06-15T09:59:42,200.0,84.4,B
2021-06-15T09:59:42,1000.0,84.3,B
2021-06-15T09:59:42,5800.0,84.3,B
2021-06-15T09:58:02,100.0,84.2,B
2021-06-15T09:57:56,100.0,84.2,B
2021-06-15T09:57:53,100.0,84.2,B
2021-06-15T09:57:48,300.0,84.2,B
2021-06-15T09:57:31,300.0,84.2,B
2021-06-15T09:57:22,100.0,84.2,B
2021-06-15T09:57:18,100.0,84.2,B
2021-06-15T09:57:13,200.0,84.2,B
2021-06-15T09:57:10,200.0,84.2,B
2021-06-15T09:54:17,200.0,84.2,S
2021-06-15T09:54:13,200.0,84.3,B
2021-06-15T09:54:09,100.0,84.3,B
2021-06-15T09:54:06,100.0,84.3,B
2021-06-15T09:53:50,100.0,84.3,B
2021-06-15T09:53:50,4900.0,84.0,B
2021-06-15T09:50:59,100.0,84.0,B
2021-06-15T09:50:55,100.0,84.0,B
2021-06-15T09:50:49,100.0,84.0,B
2021-06-15T09:50:44,1000.0,84.0,B
2021-06-15T09:44:08,100.0,84.0,B
2021-06-15T09:44:01,200.0,84.0,B
2021-06-15T09:43:55,200.0,84.0,B
2021-06-15T09:38:57,200.0,83.9,S
2021-06-15T09:37:19,200.0,84.0,B
2021-06-15T09:37:17,200.0,84.0,B
2021-06-15T09:37:11,200.0,84.0,B
2021-06-15T09:35:13,8100.0,84.0,B
2021-06-15T09:35:13,4400.0,84.0,B
2021-06-15T09:35:13,900.0,84.0,B
2021-06-15T09:35:13,1600.0,83.9,B
2021-06-15T09:34:24,100.0,83.9,B
2021-06-15T09:34:19,200.0,83.9,B
2021-06-15T09:34:16,200.0,83.9,B
2021-06-15T09:20:21,200.0,84.0,B
2021-06-15T09:20:10,200.0,84.0,B
2021-06-15T09:20:07,200.0,84.0,B
2021-06-15T09:20:01,100.0,84.0,B
2021-06-15T09:19:57,100.0,84.0,B
2021-06-15T09:19:54,100.0,84.0,B
2021-06-15T09:18:56,2000.0,83.5,S
