tradingTime,volume,price,side
2021-06-15T14:23:00,200.0,7.25,B
2021-06-15T14:21:38,200.0,7.25,B
2021-06-15T14:14:15,600.0,7.24,S
2021-06-15T14:13:57,100.0,7.25,B
2021-06-15T14:13:19,600.0,7.25,B
2021-06-15T14:12:35,2000.0,7.24,S
2021-06-15T14:12:30,100.0,7.25,B
2021-06-15T14:10:37,200.0,7.24,S
2021-06-15T14:08:03,200.0,7.24,S
2021-06-15T14:05:58,500.0,7.24,B
2021-06-15T14:04:57,7600.0,7.24,B
2021-06-15T14:04:09,3000.0,7.24,B
2021-06-15T14:03:57,100.0,7.24,B
2021-06-15T14:03:18,100.0,7.24,B
2021-06-15T14:02:25,5000.0,7.24,B
2021-06-15T14:01:53,2000.0,7.24,B
2021-06-15T13:59:26,100.0,7.24,B
2021-06-15T13:59:11,1100.0,7.24,S
2021-06-15T13:59:09,200.0,7.24,S
2021-06-15T13:58:06,7200.0,7.24,S
2021-06-15T13:57:52,23400.0,7.24,S
2021-06-15T13:57:28,1000.0,7.24,S
2021-06-15T13:57:09,2500.0,7.25,B
2021-06-15T13:57:09,500.0,7.25,B
2021-06-15T13:57:04,1500.0,7.25,B
2021-06-15T13:56:58,10000.0,7.24,S
2021-06-15T13:56:35,6000.0,7.24,S
2021-06-15T13:51:56,1500.0,7.25,S
2021-06-15T13:50:51,10700.0,7.25,S
2021-06-15T13:50:51,4300.0,7.25,S
2021-06-15T13:48:26,5000.0,7.26,B
2021-06-15T13:47:38,100.0,7.25,S
2021-06-15T13:45:52,3000.0,7.25,B
2021-06-15T13:44:43,600.0,7.25,B
2021-06-15T13:44:34,1000.0,7.25,B
2021-06-15T13:44:30,600.0,7.25,B
2021-06-15T13:44:16,5000.0,7.25,B
2021-06-15T13:44:07,6000.0,7.25,B
2021-06-15T13:43:17,5000.0,7.25,B
2021-06-15T13:42:33,800.0,7.25,S
2021-06-15T13:42:01,2000.0,7.25,S
2021-06-15T13:42:01,1000.0,7.25,S
2021-06-15T13:41:25,1900.0,7.25,S
2021-06-15T13:41:08,2100.0,7.25,S
2021-06-15T13:40:59,500.0,7.25,S
2021-06-15T13:40:59,700.0,7.25,S
2021-06-15T13:39:28,500.0,7.25,S
2021-06-15T13:39:26,21200.0,7.25,S
2021-06-15T13:37:06,100.0,7.26,B
2021-06-15T13:36:09,500.0,7.26,B
2021-06-15T13:36:01,500.0,7.25,S
2021-06-15T13:34:54,2900.0,7.26,B
2021-06-15T13:34:54,2100.0,7.26,B
2021-06-15T13:34:07,1000.0,7.26,B
2021-06-15T13:33:28,200.0,7.26,B
2021-06-15T13:33:06,200.0,7.26,B
2021-06-15T13:32:40,1000.0,7.26,B
2021-06-15T13:32:39,500.0,7.26,B
2021-06-15T13:31:45,2000.0,7.26,B
2021-06-15T13:31:43,1000.0,7.26,B
2021-06-15T13:31:31,200.0,7.26,B
2021-06-15T13:30:52,1000.0,7.26,B
2021-06-15T13:30:13,5800.0,7.26,B
2021-06-15T13:30:13,3500.0,7.26,B
2021-06-15T13:29:57,100.0,7.25,S
2021-06-15T13:29:52,1000.0,7.26,B
2021-06-15T13:29:47,200.0,7.25,S
2021-06-15T13:29:41,3000.0,7.26,B
2021-06-15T13:29:30,400.0,7.26,B
2021-06-15T13:29:10,100.0,7.26,B
2021-06-15T13:28:35,1500.0,7.25,S
2021-06-15T13:28:28,3000.0,7.25,S
2021-06-15T13:28:15,3000.0,7.25,S
2021-06-15T13:27:57,26000.0,7.25,S
2021-06-15T13:27:57,10000.0,7.25,S
2021-06-15T13:27:49,100.0,7.25,S
2021-06-15T13:27:47,100.0,7.25,S
2021-06-15T13:27:02,3300.0,7.25,S
2021-06-15T13:26:52,7500.0,7.25,S
2021-06-15T13:26:27,26000.0,7.25,S
2021-06-15T13:26:22,15000.0,7.25,S
2021-06-15T13:24:57,200.0,7.25,B
2021-06-15T13:23:21,2100.0,7.25,B
2021-06-15T13:23:21,2000.0,7.25,B
2021-06-15T13:23:20,700.0,7.25,B
2021-06-15T13:23:20,20900.0,7.25,B
2021-06-15T13:22:09,200.0,7.24,S
2021-06-15T13:19:58,2800.0,7.24,B
2021-06-15T13:19:30,6000.0,7.24,B
2021-06-15T13:18:24,100.0,7.24,B
2021-06-15T13:17:55,2000.0,7.24,B
2021-06-15T13:16:16,400.0,7.24,B
2021-06-15T13:15:52,100.0,7.24,B
2021-06-15T13:14:56,200.0,7.24,S
2021-06-15T13:13:36,400.0,7.24,S
2021-06-15T13:12:45,200.0,7.24,S
2021-06-15T13:12:45,200.0,7.24,S
2021-06-15T13:10:23,7300.0,7.24,B
2021-06-15T13:08:48,2600.0,7.24,B
2021-06-15T13:08:02,500.0,7.23,S
2021-06-15T13:07:29,800.0,7.23,S
2021-06-15T13:06:53,400.0,7.21,S
2021-06-15T13:06:53,7500.0,7.21,S
2021-06-15T13:06:53,31200.0,7.22,S
2021-06-15T13:06:53,1500.0,7.22,S
2021-06-15T13:06:53,3100.0,7.22,S
2021-06-15T13:06:53,6300.0,7.23,S
2021-06-15T13:05:37,1000.0,7.23,S
2021-06-15T11:24:20,700.0,7.23,B
2021-06-15T11:23:12,200.0,7.23,B
2021-06-15T11:22:35,1000.0,7.23,B
2021-06-15T11:22:09,300.0,7.23,B
2021-06-15T11:22:04,200.0,7.23,B
2021-06-15T11:20:21,100.0,7.23,B
2021-06-15T11:20:19,2000.0,7.23,B
2021-06-15T11:19:29,900.0,7.23,B
2021-06-15T11:19:18,14600.0,7.23,S
2021-06-15T11:17:38,1600.0,7.24,B
2021-06-15T11:16:01,3500.0,7.24,S
2021-06-15T11:13:16,100.0,7.24,S
2021-06-15T11:12:31,2400.0,7.25,B
2021-06-15T11:12:22,1500.0,7.25,B
2021-06-15T11:12:16,3000.0,7.25,B
2021-06-15T11:12:05,1200.0,7.25,S
2021-06-15T11:11:51,800.0,7.25,B
2021-06-15T11:11:42,3500.0,7.25,B
2021-06-15T11:11:37,100.0,7.25,B
2021-06-15T11:11:35,3000.0,7.25,B
2021-06-15T11:11:31,100.0,7.25,B
2021-06-15T11:11:28,1500.0,7.25,B
2021-06-15T11:11:19,2000.0,7.25,B
2021-06-15T11:11:17,4000.0,7.25,B
2021-06-15T11:11:14,3500.0,7.25,B
2021-06-15T11:11:06,1400.0,7.25,B
2021-06-15T11:11:01,100.0,7.25,S
2021-06-15T11:10:53,1400.0,7.25,B
2021-06-15T11:10:45,100.0,7.25,B
2021-06-15T11:10:45,3000.0,7.25,B
2021-06-15T11:10:38,3500.0,7.25,B
2021-06-15T11:10:30,3500.0,7.25,B
2021-06-15T11:10:14,1800.0,7.25,S
2021-06-15T11:10:14,100.0,7.25,S
2021-06-15T11:10:02,1100.0,7.25,B
2021-06-15T11:10:01,1200.0,7.25,B
2021-06-15T11:10:01,700.0,7.25,B
2021-06-15T11:09:52,1800.0,7.25,S
2021-06-15T11:09:20,1800.0,7.25,B
2021-06-15T11:08:54,2000.0,7.25,S
2021-06-15T11:08:46,1200.0,7.25,S
2021-06-15T11:08:45,1800.0,7.25,B
2021-06-15T11:08:35,1500.0,7.25,B
2021-06-15T11:08:29,1500.0,7.25,B
2021-06-15T11:08:29,10000.0,7.25,B
2021-06-15T11:08:22,2000.0,7.25,B
2021-06-15T11:08:14,2000.0,7.25,B
2021-06-15T11:08:08,3500.0,7.25,B
2021-06-15T11:08:02,1500.0,7.25,B
2021-06-15T11:07:55,3000.0,7.25,B
2021-06-15T11:07:49,3500.0,7.25,B
2021-06-15T11:07:42,2000.0,7.25,B
2021-06-15T11:07:34,700.0,7.25,S
2021-06-15T11:07:27,700.0,7.25,B
2021-06-15T11:07:19,1000.0,7.25,S
2021-06-15T11:07:11,2500.0,7.25,S
2021-06-15T11:07:03,3500.0,7.25,B
2021-06-15T11:06:56,1500.0,7.25,B
2021-06-15T11:06:46,1500.0,7.25,B
2021-06-15T11:06:40,2000.0,7.25,B
2021-06-15T11:06:30,1000.0,7.25,S
2021-06-15T11:06:13,1000.0,7.25,B
2021-06-15T11:06:06,1000.0,7.25,S
2021-06-15T11:04:36,2000.0,7.25,S
2021-06-15T11:04:13,400.0,7.25,B
2021-06-15T11:04:06,3000.0,7.25,B
2021-06-15T11:03:58,2000.0,7.25,B
2021-06-15T11:03:49,1900.0,7.25,S
2021-06-15T11:03:12,100.0,7.25,B
2021-06-15T11:03:04,3500.0,7.25,B
2021-06-15T11:02:56,3000.0,7.25,B
2021-06-15T11:02:49,3500.0,7.25,B
2021-06-15T11:02:23,400.0,7.25,S
2021-06-15T11:02:07,1000.0,7.25,B
2021-06-15T11:02:03,100.0,7.25,B
2021-06-15T11:01:53,2000.0,7.25,B
2021-06-15T11:01:38,3500.0,7.25,B
2021-06-15T11:01:24,2000.0,7.25,B
2021-06-15T11:01:12,1500.0,7.25,B
2021-06-15T11:00:50,900.0,7.25,S
2021-06-15T10:58:52,800.0,7.25,B
2021-06-15T10:58:03,200.0,7.25,S
2021-06-15T10:56:57,3300.0,7.25,B
2021-06-15T10:56:49,2000.0,7.25,B
2021-06-15T10:56:23,700.0,7.25,S
2021-06-15T10:55:27,800.0,7.25,B
2021-06-15T10:55:18,3500.0,7.25,B
2021-06-15T10:55:08,3000.0,7.25,B
2021-06-15T10:54:59,1500.0,7.25,B
2021-06-15T10:54:49,2000.0,7.25,B
2021-06-15T10:54:40,1200.0,7.25,B
2021-06-15T10:54:32,1200.0,7.25,B
2021-06-15T10:54:25,1000.0,7.25,B
2021-06-15T10:54:22,1200.0,7.25,B
2021-06-15T10:54:10,1200.0,7.25,B
2021-06-15T10:53:55,1200.0,7.25,B
2021-06-15T10:53:45,1200.0,7.25,B
2021-06-15T10:53:31,100.0,7.26,B
2021-06-15T10:53:30,1200.0,7.25,B
2021-06-15T10:53:16,400.0,7.25,S
2021-06-15T10:53:16,1100.0,7.25,S
2021-06-15T10:53:16,2300.0,7.25,S
2021-06-15T10:51:11,800.0,7.25,B
2021-06-15T10:51:04,1500.0,7.25,B
2021-06-15T10:50:55,2000.0,7.25,B
2021-06-15T10:50:41,2000.0,7.25,B
2021-06-15T10:50:24,3000.0,7.25,B
2021-06-15T10:50:12,3000.0,7.25,B
2021-06-15T10:49:19,2700.0,7.25,S
2021-06-15T10:48:42,1500.0,7.24,S
2021-06-15T10:48:33,2500.0,7.24,S
2021-06-15T10:48:11,1300.0,7.25,B
2021-06-15T10:48:03,200.0,7.24,S
2021-06-15T10:48:01,3500.0,7.25,B
2021-06-15T10:47:53,2000.0,7.25,B
2021-06-15T10:47:47,2000.0,7.25,B
2021-06-15T10:47:38,900.0,7.25,B
2021-06-15T10:47:30,900.0,7.25,B
2021-06-15T10:47:18,900.0,7.25,B
2021-06-15T10:47:04,900.0,7.25,B
2021-06-15T10:46:46,900.0,7.25,B
2021-06-15T10:46:29,900.0,7.25,B
2021-06-15T10:46:21,900.0,7.25,B
2021-06-15T10:46:13,600.0,7.25,B
2021-06-15T10:45:55,900.0,7.25,B
2021-06-15T10:45:47,3000.0,7.25,B
2021-06-15T10:45:38,3500.0,7.25,B
2021-06-15T10:45:29,2000.0,7.25,B
2021-06-15T10:45:21,3500.0,7.25,B
2021-06-15T10:45:12,1500.0,7.25,B
2021-06-15T10:45:04,3500.0,7.25,B
2021-06-15T10:44:55,3000.0,7.25,B
2021-06-15T10:44:46,2000.0,7.25,B
2021-06-15T10:44:37,1500.0,7.25,B
2021-06-15T10:44:28,3500.0,7.25,B
2021-06-15T10:43:02,100.0,7.25,S
2021-06-15T10:42:47,5300.0,7.25,S
2021-06-15T10:42:41,2000.0,7.25,S
2021-06-15T10:42:32,3200.0,7.25,S
2021-06-15T10:41:57,6000.0,7.25,B
2021-06-15T10:41:24,2000.0,7.23,S
2021-06-15T10:41:11,2800.0,7.25,B
2021-06-15T10:40:57,10200.0,7.23,S
2021-06-15T10:40:54,1500.0,7.25,B
2021-06-15T10:40:46,1500.0,7.25,B
2021-06-15T10:40:36,3000.0,7.25,B
2021-06-15T10:40:27,3000.0,7.25,B
2021-06-15T10:40:18,1400.0,7.25,B
2021-06-15T10:40:07,100.0,7.25,B
2021-06-15T10:39:53,3500.0,7.25,B
2021-06-15T10:39:36,2000.0,7.25,B
2021-06-15T10:39:14,3000.0,7.25,B
2021-06-15T10:38:57,1500.0,7.25,B
2021-06-15T10:38:42,2000.0,7.25,B
2021-06-15T10:38:24,3000.0,7.25,B
2021-06-15T10:38:06,3500.0,7.25,B
2021-06-15T10:37:44,3500.0,7.25,B
2021-06-15T10:37:15,2000.0,7.24,S
2021-06-15T10:36:42,1500.0,7.25,B
2021-06-15T10:36:01,1500.0,7.25,B
2021-06-15T10:35:19,100.0,7.25,B
2021-06-15T10:35:12,3000.0,7.25,B
2021-06-15T10:34:33,3000.0,7.25,B
2021-06-15T10:33:59,3000.0,7.25,B
2021-06-15T10:33:25,1500.0,7.25,B
2021-06-15T10:32:46,3000.0,7.25,B
2021-06-15T10:32:03,3500.0,7.25,B
2021-06-15T10:31:26,3000.0,7.25,B
2021-06-15T10:31:02,2000.0,7.25,B
2021-06-15T10:30:48,100.0,7.24,S
2021-06-15T10:30:48,1100.0,7.24,S
2021-06-15T10:30:42,1000.0,7.24,S
2021-06-15T10:30:40,1500.0,7.25,B
2021-06-15T10:30:20,1500.0,7.25,B
2021-06-15T10:29:52,1500.0,7.25,B
2021-06-15T10:29:32,3500.0,7.25,B
2021-06-15T10:28:51,2000.0,7.24,S
2021-06-15T10:28:46,600.0,7.25,S
2021-06-15T10:28:28,10000.0,7.24,S
2021-06-15T10:26:23,200.0,7.24,S
2021-06-15T10:25:10,100.0,7.24,S
2021-06-15T10:23:54,900.0,7.25,S
2021-06-15T10:20:19,2300.0,7.25,B
2021-06-15T10:20:07,3500.0,7.25,B
2021-06-15T10:20:00,2000.0,7.25,B
2021-06-15T10:19:52,1500.0,7.25,B
2021-06-15T10:19:44,1500.0,7.25,B
2021-06-15T10:19:35,3500.0,7.25,B
2021-06-15T10:19:24,1500.0,7.25,B
2021-06-15T10:19:13,500.0,7.25,B
2021-06-15T10:19:06,5000.0,7.26,B
2021-06-15T10:18:56,4000.0,7.25,B
2021-06-15T10:18:25,100.0,7.25,B
2021-06-15T10:18:18,2000.0,7.25,B
2021-06-15T10:18:16,600.0,7.24,S
2021-06-15T10:18:10,3500.0,7.25,B
2021-06-15T10:17:26,44400.0,7.25,S
2021-06-15T10:17:04,1000.0,7.25,S
2021-06-15T10:16:36,600.0,7.25,B
2021-06-15T10:16:29,7000.0,7.25,B
2021-06-15T10:16:22,3500.0,7.25,B
2021-06-15T10:16:07,500.0,7.25,S
2021-06-15T10:15:27,500.0,7.25,S
2021-06-15T10:14:39,2500.0,7.25,B
2021-06-15T10:14:33,500.0,7.25,B
2021-06-15T10:14:29,2000.0,7.25,B
2021-06-15T10:14:20,3500.0,7.25,B
2021-06-15T10:14:13,3000.0,7.25,B
2021-06-15T10:14:10,500.0,7.25,B
2021-06-15T10:13:37,1500.0,7.25,S
2021-06-15T10:12:29,700.0,7.26,B
2021-06-15T10:12:26,100.0,7.26,B
2021-06-15T10:12:05,200.0,7.25,B
2021-06-15T10:11:58,1500.0,7.25,B
2021-06-15T10:11:49,3000.0,7.25,B
2021-06-15T10:11:41,3500.0,7.25,B
2021-06-15T10:11:34,2000.0,7.25,B
2021-06-15T10:11:27,2000.0,7.25,B
2021-06-15T10:10:59,50000.0,7.25,S
2021-06-15T10:10:53,3100.0,7.25,S
2021-06-15T10:10:22,500.0,7.25,S
2021-06-15T10:09:51,2000.0,7.25,B
2021-06-15T10:09:42,3500.0,7.25,B
2021-06-15T10:09:33,2000.0,7.25,B
2021-06-15T10:09:24,2000.0,7.25,B
2021-06-15T10:09:18,1500.0,7.25,B
2021-06-15T10:09:11,3000.0,7.25,B
2021-06-15T10:09:06,1500.0,7.25,B
2021-06-15T10:08:43,1000.0,7.25,S
2021-06-15T10:08:32,3500.0,7.25,S
2021-06-15T10:08:29,100.0,7.25,S
2021-06-15T10:08:20,2900.0,7.25,B
2021-06-15T10:08:13,2000.0,7.25,B
2021-06-15T10:08:05,2000.0,7.25,B
2021-06-15T10:08:02,2500.0,7.25,B
2021-06-15T10:07:56,3100.0,7.25,S
2021-06-15T10:06:53,1900.0,7.25,B
2021-06-15T10:06:46,2000.0,7.25,B
2021-06-15T10:06:40,1000.0,7.25,B
2021-06-15T10:06:40,3000.0,7.25,B
2021-06-15T10:06:36,200.0,7.25,B
2021-06-15T10:06:32,1500.0,7.25,B
2021-06-15T10:06:28,400.0,7.25,B
2021-06-15T10:06:23,1600.0,7.25,B
2021-06-15T10:06:17,2000.0,7.25,B
2021-06-15T10:06:14,1500.0,7.25,B
2021-06-15T10:06:03,2000.0,7.25,B
2021-06-15T10:05:43,2900.0,7.25,S
2021-06-15T10:05:25,600.0,7.25,B
2021-06-15T10:05:23,1000.0,7.25,B
2021-06-15T10:05:17,3000.0,7.25,B
2021-06-15T10:05:08,5500.0,7.25,S
2021-06-15T10:03:54,1500.0,7.25,B
2021-06-15T10:03:48,2000.0,7.25,B
2021-06-15T10:03:40,5500.0,7.25,B
2021-06-15T10:03:31,3500.0,7.25,B
2021-06-15T10:03:24,1500.0,7.25,B
2021-06-15T10:01:09,500.0,7.25,S
2021-06-15T10:00:38,1000.0,7.25,S
2021-06-15T10:00:09,500.0,7.25,B
2021-06-15T10:00:01,2000.0,7.25,B
2021-06-15T09:59:53,2000.0,7.25,B
2021-06-15T09:59:44,1500.0,7.25,B
2021-06-15T09:59:35,1500.0,7.25,B
2021-06-15T09:59:23,2000.0,7.25,B
2021-06-15T09:59:02,800.0,7.25,S
2021-06-15T09:58:02,900.0,7.25,B
2021-06-15T09:57:56,2000.0,7.25,B
2021-06-15T09:57:32,4000.0,7.24,S
2021-06-15T09:57:18,100.0,7.25,S
2021-06-15T09:56:03,2000.0,7.25,B
2021-06-15T09:55:54,3100.0,7.25,B
2021-06-15T09:55:25,1900.0,7.25,S
2021-06-15T09:55:13,500.0,7.25,S
2021-06-15T09:54:26,200.0,7.25,S
2021-06-15T09:53:21,200.0,7.25,B
2021-06-15T09:53:13,2800.0,7.25,B
2021-06-15T09:52:55,2200.0,7.25,S
2021-06-15T09:52:41,1000.0,7.25,S
2021-06-15T09:52:03,400.0,7.25,S
2021-06-15T09:51:18,100.0,7.25,B
2021-06-15T09:51:10,1500.0,7.25,B
2021-06-15T09:51:05,400.0,7.25,B
2021-06-15T09:50:57,300.0,7.25,B
2021-06-15T09:50:27,2300.0,7.25,B
2021-06-15T09:50:19,3000.0,7.25,B
2021-06-15T09:50:09,3500.0,7.25,B
2021-06-15T09:50:01,1500.0,7.25,B
2021-06-15T09:49:53,1500.0,7.25,B
2021-06-15T09:48:39,600.0,7.25,S
2021-06-15T09:47:57,5000.0,7.25,S
2021-06-15T09:46:32,500.0,7.25,S
2021-06-15T09:46:11,900.0,7.25,B
2021-06-15T09:46:05,3500.0,7.25,B
2021-06-15T09:45:52,2500.0,7.25,S
2021-06-15T09:44:58,500.0,7.25,S
2021-06-15T09:44:18,1500.0,7.25,B
2021-06-15T09:44:13,500.0,7.25,B
2021-06-15T09:44:11,5000.0,7.25,B
2021-06-15T09:43:45,1500.0,7.25,B
2021-06-15T09:43:35,3500.0,7.25,B
2021-06-15T09:43:27,3500.0,7.25,B
2021-06-15T09:43:20,1500.0,7.25,B
2021-06-15T09:42:50,1500.0,7.25,B
2021-06-15T09:42:43,3500.0,7.25,B
2021-06-15T09:42:23,2700.0,7.21,S
2021-06-15T09:42:23,2000.0,7.21,S
2021-06-15T09:42:23,10200.0,7.22,S
2021-06-15T09:42:23,500.0,7.24,S
2021-06-15T09:42:23,600.0,7.24,S
2021-06-15T09:42:23,200.0,7.24,S
2021-06-15T09:42:23,100.0,7.24,S
2021-06-15T09:42:23,100.0,7.24,S
2021-06-15T09:42:23,4600.0,7.24,S
2021-06-15T09:41:44,2300.0,7.25,S
2021-06-15T09:41:26,100.0,7.25,S
2021-06-15T09:40:41,2000.0,7.25,B
2021-06-15T09:39:59,100.0,7.24,S
2021-06-15T09:38:49,1500.0,7.25,S
2021-06-15T09:38:35,5000.0,7.24,S
2021-06-15T09:38:28,800.0,7.25,B
2021-06-15T09:38:28,1000.0,7.25,B
2021-06-15T09:38:21,3200.0,7.25,B
2021-06-15T09:36:50,2300.0,7.25,B
2021-06-15T09:36:38,3000.0,7.25,B
2021-06-15T09:35:30,700.0,7.25,S
2021-06-15T09:35:00,1000.0,7.25,S
2021-06-15T09:34:40,400.0,7.25,S
2021-06-15T09:33:37,3700.0,7.25,S
2021-06-15T09:32:06,300.0,7.26,S
2021-06-15T09:29:30,1000.0,7.25,S
2021-06-15T09:28:59,5000.0,7.26,S
2021-06-15T09:28:18,5000.0,7.26,B
2021-06-15T09:28:18,2700.0,7.25,S
2021-06-15T09:27:33,500.0,7.25,S
2021-06-15T09:26:58,5000.0,7.25,S
2021-06-15T09:25:43,3500.0,7.24,B
2021-06-15T09:24:54,2900.0,7.24,B
2021-06-15T09:24:53,1000.0,7.24,B
2021-06-15T09:24:48,3500.0,7.24,B
2021-06-15T09:24:41,3500.0,7.24,B
2021-06-15T09:24:36,100.0,7.24,B
2021-06-15T09:24:34,3000.0,7.24,B
2021-06-15T09:24:25,1500.0,7.24,B
2021-06-15T09:24:18,1500.0,7.24,B
2021-06-15T09:24:05,1900.0,7.2,S
2021-06-15T09:23:14,500.0,7.2,S
2021-06-15T09:23:14,400.0,7.2,S
2021-06-15T09:23:14,4200.0,7.25,S
2021-06-15T09:23:00,7100.0,7.25,S
2021-06-15T09:23:00,8000.0,7.25,S
2021-06-15T09:23:00,20500.0,7.25,S
2021-06-15T09:23:00,27500.0,7.25,S
2021-06-15T09:23:00,800.0,7.25,S
2021-06-15T09:22:59,36100.0,7.25,S
2021-06-15T09:22:53,10000.0,7.26,S
2021-06-15T09:20:36,3000.0,7.26,S
2021-06-15T09:19:42,5000.0,7.26,S
2021-06-15T09:18:09,1000.0,7.28,S
2021-06-15T09:18:08,3300.0,7.28,S
2021-06-15T09:17:59,5000.0,7.28,S
2021-06-15T09:16:29,4900.0,7.28,B
