tradingTime,volume,price,side
2021-06-15T14:24:36,100.0,3.81,B
2021-06-15T14:23:19,100.0,3.8,S
2021-06-15T14:21:02,400.0,3.8,S
2021-06-15T14:15:57,800.0,3.81,B
2021-06-15T14:15:54,100.0,3.81,B
2021-06-15T14:14:57,100.0,3.81,B
2021-06-15T14:14:56,200.0,3.81,B
2021-06-15T14:14:53,1000.0,3.8,S
2021-06-15T14:14:35,100.0,3.81,B
2021-06-15T14:13:59,2000.0,3.8,S
2021-06-15T14:13:47,100.0,3.81,B
2021-06-15T14:13:28,2000.0,3.8,S
2021-06-15T14:13:21,1000.0,3.81,B
2021-06-15T14:12:37,200.0,3.81,B
2021-06-15T14:11:56,100.0,3.8,S
2021-06-15T14:11:55,900.0,3.8,S
2021-06-15T14:11:51,1000.0,3.8,S
2021-06-15T14:11:06,4000.0,3.8,S
2021-06-15T14:09:47,1900.0,3.8,S
2021-06-15T14:09:25,1000.0,3.81,B
2021-06-15T14:09:00,1000.0,3.8,S
2021-06-15T14:09:00,2700.0,3.8,S
2021-06-15T14:08:40,7300.0,3.8,S
2021-06-15T14:08:40,700.0,3.8,S
2021-06-15T14:08:40,1500.0,3.8,S
2021-06-15T14:08:40,2700.0,3.8,S
2021-06-15T14:08:40,2000.0,3.8,S
2021-06-15T14:08:40,800.0,3.8,S
2021-06-15T14:07:57,15000.0,3.81,B
2021-06-15T14:06:18,600.0,3.81,S
2021-06-15T14:06:17,5500.0,3.81,S
2021-06-15T14:05:30,5900.0,3.81,S
2021-06-15T14:05:30,12000.0,3.81,S
2021-06-15T14:05:30,2100.0,3.81,S
2021-06-15T14:05:06,3900.0,3.81,S
2021-06-15T14:04:11,5000.0,3.81,S
2021-06-15T14:03:38,3500.0,3.82,B
2021-06-15T14:02:44,2000.0,3.82,B
2021-06-15T14:00:59,1000.0,3.82,S
2021-06-15T14:00:52,10500.0,3.82,S
2021-06-15T14:00:52,6000.0,3.82,S
2021-06-15T14:00:52,800.0,3.82,S
2021-06-15T14:00:52,2500.0,3.82,S
2021-06-15T14:00:52,2300.0,3.82,S
2021-06-15T13:59:40,10000.0,3.82,S
2021-06-15T13:58:58,700.0,3.82,S
2021-06-15T13:56:46,15600.0,3.82,S
2021-06-15T13:56:41,100.0,3.83,B
2021-06-15T13:54:56,10000.0,3.82,S
2021-06-15T13:54:37,2900.0,3.83,B
2021-06-15T13:54:15,100.0,3.83,B
2021-06-15T13:53:23,1000.0,3.82,S
2021-06-15T13:52:25,100.0,3.83,B
2021-06-15T13:50:31,1000.0,3.83,B
2021-06-15T13:48:02,2000.0,3.83,B
2021-06-15T13:46:58,3000.0,3.82,S
2021-06-15T13:46:16,3000.0,3.82,B
2021-06-15T13:44:54,2000.0,3.82,B
2021-06-15T13:44:04,3500.0,3.82,B
2021-06-15T13:43:18,10000.0,3.82,B
2021-06-15T13:43:12,13200.0,3.82,B
2021-06-15T13:42:49,1000.0,3.82,B
2021-06-15T13:42:13,8700.0,3.82,B
2021-06-15T13:42:13,300.0,3.82,B
2021-06-15T13:41:08,100.0,3.82,B
2021-06-15T13:40:07,100.0,3.81,S
2021-06-15T13:36:53,600.0,3.81,S
2021-06-15T13:35:52,5000.0,3.81,S
2021-06-15T13:35:47,1000.0,3.81,S
2021-06-15T13:35:47,1000.0,3.81,S
2021-06-15T13:35:28,1500.0,3.82,B
2021-06-15T13:34:40,28100.0,3.8,S
2021-06-15T13:33:56,100.0,3.81,S
2021-06-15T13:33:11,2000.0,3.81,B
2021-06-15T13:32:00,2000.0,3.81,B
2021-06-15T13:32:00,4000.0,3.81,B
2021-06-15T13:31:48,8000.0,3.8,S
2021-06-15T13:31:30,2500.0,3.81,B
2021-06-15T13:28:54,1200.0,3.81,S
2021-06-15T13:28:11,200.0,3.81,S
2021-06-15T13:27:50,400.0,3.81,S
2021-06-15T13:26:45,1000.0,3.81,S
2021-06-15T13:25:54,17800.0,3.8,S
2021-06-15T13:24:17,1000.0,3.82,B
2021-06-15T13:22:35,100.0,3.82,B
2021-06-15T13:18:59,900.0,3.8,S
2021-06-15T13:18:51,4000.0,3.8,S
2021-06-15T13:18:50,600.0,3.8,S
2021-06-15T13:18:45,40000.0,3.8,S
2021-06-15T13:18:20,100.0,3.8,S
2021-06-15T13:17:50,200.0,3.8,S
2021-06-15T13:17:13,40000.0,3.8,S
2021-06-15T13:16:54,3000.0,3.8,S
2021-06-15T13:15:50,10000.0,3.8,S
2021-06-15T13:15:50,2000.0,3.8,S
2021-06-15T13:15:50,20600.0,3.8,S
2021-06-15T13:15:50,300.0,3.8,S
2021-06-15T13:15:49,1300.0,3.82,S
2021-06-15T13:15:26,3700.0,3.82,B
2021-06-15T13:14:58,200.0,3.82,B
2021-06-15T13:10:25,2600.0,3.82,B
2021-06-15T13:10:24,400.0,3.8,S
2021-06-15T13:09:42,100.0,3.8,S
2021-06-15T13:08:44,100.0,3.81,B
2021-06-15T13:08:42,9000.0,3.79,S
2021-06-15T13:08:00,1000.0,3.8,S
2021-06-15T13:07:55,1500.0,3.8,S
2021-06-15T13:06:52,1400.0,3.8,S
2021-06-15T13:06:29,2000.0,3.8,S
2021-06-15T13:06:16,400.0,3.81,B
2021-06-15T13:05:43,100.0,3.81,B
2021-06-15T13:05:40,2000.0,3.8,S
2021-06-15T13:05:20,5700.0,3.8,S
2021-06-15T13:05:20,300.0,3.8,S
2021-06-15T13:03:51,700.0,3.8,S
2021-06-15T13:03:51,700.0,3.8,S
2021-06-15T13:03:51,10800.0,3.8,S
2021-06-15T13:01:39,2500.0,3.8,S
2021-06-15T13:00:38,1600.0,3.8,S
2021-06-15T13:00:38,100.0,3.81,B
2021-06-15T13:00:33,900.0,3.81,B
2021-06-15T13:00:29,8400.0,3.8,S
2021-06-15T13:00:29,100.0,3.8,S
2021-06-15T13:00:29,1500.0,3.8,S
2021-06-15T13:00:27,800.0,3.8,S
2021-06-15T11:28:34,11700.0,3.8,S
2021-06-15T11:28:34,9400.0,3.8,S
2021-06-15T11:28:34,1100.0,3.8,S
2021-06-15T11:28:34,1100.0,3.8,S
2021-06-15T11:28:34,1700.0,3.8,S
2021-06-15T11:28:24,200.0,3.81,B
2021-06-15T11:24:59,900.0,3.8,S
2021-06-15T11:24:59,2100.0,3.8,S
2021-06-15T11:24:59,3800.0,3.8,S
2021-06-15T11:24:59,5100.0,3.8,S
2021-06-15T11:24:59,18100.0,3.8,S
2021-06-15T11:23:59,100.0,3.81,B
2021-06-15T11:23:28,300.0,3.81,S
2021-06-15T11:23:17,200.0,3.81,S
2021-06-15T11:23:16,1000.0,3.81,S
2021-06-15T11:21:49,100.0,3.83,B
2021-06-15T11:20:56,100.0,3.81,B
2021-06-15T11:20:15,800.0,3.81,S
2021-06-15T11:18:43,100.0,3.81,B
2021-06-15T11:18:23,4000.0,3.81,B
2021-06-15T11:17:30,7500.0,3.81,S
2021-06-15T11:17:30,100.0,3.81,S
2021-06-15T11:17:30,1400.0,3.81,S
2021-06-15T11:17:23,4000.0,3.82,S
2021-06-15T11:14:00,1000.0,3.82,S
2021-06-15T11:13:55,15600.0,3.82,B
2021-06-15T11:13:51,9000.0,3.82,B
2021-06-15T11:13:07,2800.0,3.81,S
2021-06-15T11:10:41,4500.0,3.81,S
2021-06-15T11:10:41,3500.0,3.81,S
2021-06-15T11:10:17,100.0,3.82,B
2021-06-15T11:09:55,100.0,3.82,B
2021-06-15T11:07:29,300.0,3.81,S
2021-06-15T11:05:43,1700.0,3.81,S
2021-06-15T11:04:47,3400.0,3.81,B
2021-06-15T11:04:36,1000.0,3.81,B
2021-06-15T11:04:36,2000.0,3.8,S
2021-06-15T11:04:28,300.0,3.81,B
2021-06-15T11:04:26,1000.0,3.81,B
2021-06-15T11:04:05,6000.0,3.81,B
2021-06-15T11:03:21,1000.0,3.81,B
2021-06-15T11:03:09,500.0,3.8,S
2021-06-15T11:02:52,11100.0,3.81,B
2021-06-15T11:02:48,100.0,3.81,B
2021-06-15T11:02:43,300.0,3.81,B
2021-06-15T11:02:23,100.0,3.81,B
2021-06-15T11:02:17,500.0,3.81,B
2021-06-15T11:02:03,1000.0,3.8,S
2021-06-15T11:00:15,1000.0,3.8,S
2021-06-15T10:56:31,800.0,3.8,S
2021-06-15T10:56:31,3200.0,3.8,S
2021-06-15T10:56:18,100.0,3.81,B
2021-06-15T10:56:08,10000.0,3.81,B
2021-06-15T10:56:05,500.0,3.8,S
2021-06-15T10:55:14,10000.0,3.81,B
2021-06-15T10:55:10,1000.0,3.8,S
2021-06-15T10:54:44,900.0,3.8,S
2021-06-15T10:54:44,5600.0,3.8,S
2021-06-15T10:54:44,43500.0,3.8,S
2021-06-15T10:54:00,1400.0,3.81,B
2021-06-15T10:53:35,500.0,3.81,B
2021-06-15T10:50:52,1000.0,3.8,S
2021-06-15T10:50:23,15900.0,3.8,S
2021-06-15T10:50:15,100.0,3.8,S
2021-06-15T10:50:03,1000.0,3.8,B
2021-06-15T10:49:55,400.0,3.8,B
2021-06-15T10:49:38,500.0,3.8,B
2021-06-15T10:48:59,9100.0,3.8,B
2021-06-15T10:48:58,1000.0,3.8,B
2021-06-15T10:48:38,1000.0,3.8,S
2021-06-15T10:48:29,24200.0,3.8,S
2021-06-15T10:47:44,7300.0,3.8,S
2021-06-15T10:47:44,700.0,3.8,S
2021-06-15T10:47:44,2000.0,3.8,S
2021-06-15T10:47:29,100.0,3.81,B
2021-06-15T10:46:08,1000.0,3.81,B
2021-06-15T10:45:47,10000.0,3.8,S
2021-06-15T10:45:45,1000.0,3.8,S
2021-06-15T10:45:45,200.0,3.8,S
2021-06-15T10:45:45,48800.0,3.8,S
2021-06-15T10:45:30,100.0,3.81,B
2021-06-15T10:44:16,10000.0,3.8,S
2021-06-15T10:43:41,200.0,3.81,B
2021-06-15T10:43:24,1500.0,3.81,B
2021-06-15T10:42:44,10000.0,3.8,S
2021-06-15T10:41:46,5500.0,3.8,S
2021-06-15T10:41:46,13200.0,3.8,S
2021-06-15T10:41:46,2000.0,3.8,S
2021-06-15T10:41:46,19300.0,3.8,S
2021-06-15T10:41:15,10000.0,3.81,B
2021-06-15T10:40:41,100.0,3.8,S
2021-06-15T10:40:24,10000.0,3.8,S
2021-06-15T10:40:12,5000.0,3.81,B
2021-06-15T10:40:04,1000.0,3.81,B
2021-06-15T10:38:44,100.0,3.81,B
2021-06-15T10:37:01,400.0,3.81,S
2021-06-15T10:36:59,1000.0,3.8,S
2021-06-15T10:33:12,5000.0,3.81,S
2021-06-15T10:32:38,100.0,3.82,B
2021-06-15T10:31:05,200.0,3.82,B
2021-06-15T10:30:25,45000.0,3.8,S
2021-06-15T10:30:10,1000.0,3.82,B
2021-06-15T10:29:53,300.0,3.81,S
2021-06-15T10:27:57,200.0,3.82,B
2021-06-15T10:25:35,600.0,3.82,B
2021-06-15T10:25:22,1000.0,3.82,B
2021-06-15T10:24:59,100.0,3.81,S
2021-06-15T10:24:59,300.0,3.81,S
2021-06-15T10:24:13,2500.0,3.81,S
2021-06-15T10:23:01,100.0,3.81,S
2021-06-15T10:22:50,5200.0,3.81,S
2021-06-15T10:22:50,500.0,3.81,S
2021-06-15T10:22:49,600.0,3.81,S
2021-06-15T10:22:49,3000.0,3.81,S
2021-06-15T10:22:49,10700.0,3.81,S
2021-06-15T10:19:19,2500.0,3.81,S
2021-06-15T10:19:19,5100.0,3.81,S
2021-06-15T10:19:19,2200.0,3.81,S
2021-06-15T10:19:19,2400.0,3.81,S
2021-06-15T10:19:19,6200.0,3.82,S
2021-06-15T10:19:19,500.0,3.82,S
2021-06-15T10:19:19,1400.0,3.82,S
2021-06-15T10:19:19,4900.0,3.82,S
2021-06-15T10:19:19,24800.0,3.82,S
2021-06-15T10:17:37,500.0,3.84,B
2021-06-15T10:16:49,400.0,3.84,B
2021-06-15T10:15:42,200.0,3.84,B
2021-06-15T10:15:26,300.0,3.84,B
2021-06-15T10:14:20,500.0,3.83,S
2021-06-15T10:13:34,100.0,3.84,B
2021-06-15T10:09:55,1100.0,3.84,B
2021-06-15T10:07:04,2200.0,3.83,S
2021-06-15T10:07:04,7800.0,3.83,S
2021-06-15T10:06:31,1000.0,3.84,B
2021-06-15T10:06:29,400.0,3.84,B
2021-06-15T10:06:20,500.0,3.83,S
2021-06-15T10:06:12,200.0,3.84,B
2021-06-15T10:05:58,400.0,3.84,B
2021-06-15T10:05:24,100.0,3.84,B
2021-06-15T10:05:19,100.0,3.83,S
2021-06-15T10:04:40,500.0,3.84,B
2021-06-15T10:04:27,1500.0,3.83,S
2021-06-15T10:03:36,600.0,3.83,S
2021-06-15T10:02:42,2500.0,3.83,B
2021-06-15T10:00:13,100.0,3.83,B
2021-06-15T09:59:45,3000.0,3.82,S
2021-06-15T09:59:40,2600.0,3.82,S
2021-06-15T09:59:08,100.0,3.83,B
2021-06-15T09:56:26,7400.0,3.83,S
2021-06-15T09:56:26,400.0,3.83,S
2021-06-15T09:56:26,300.0,3.83,S
2021-06-15T09:55:14,5400.0,3.83,S
2021-06-15T09:54:29,10000.0,3.83,S
2021-06-15T09:51:21,7000.0,3.84,B
2021-06-15T09:46:48,3300.0,3.84,B
2021-06-15T09:45:49,4000.0,3.84,B
2021-06-15T09:45:08,100.0,3.84,S
2021-06-15T09:45:01,14500.0,3.84,S
2021-06-15T09:44:35,3000.0,3.85,B
2021-06-15T09:44:32,800.0,3.85,B
2021-06-15T09:44:32,200.0,3.85,B
2021-06-15T09:43:48,100.0,3.85,B
2021-06-15T09:43:19,500.0,3.85,B
2021-06-15T09:43:01,100.0,3.85,B
2021-06-15T09:41:44,3000.0,3.85,B
2021-06-15T09:38:47,5700.0,3.85,B
2021-06-15T09:37:05,5000.0,3.85,B
2021-06-15T09:36:54,2200.0,3.84,S
2021-06-15T09:35:59,3000.0,3.84,B
2021-06-15T09:35:34,2000.0,3.84,B
2021-06-15T09:35:24,700.0,3.84,B
2021-06-15T09:34:43,3000.0,3.83,S
2021-06-15T09:33:57,100.0,3.83,S
2021-06-15T09:33:30,3100.0,3.83,S
2021-06-15T09:32:56,100.0,3.83,S
2021-06-15T09:32:39,10000.0,3.84,S
2021-06-15T09:32:16,4800.0,3.84,S
2021-06-15T09:31:03,2000.0,3.84,S
2021-06-15T09:29:40,100.0,3.85,B
2021-06-15T09:28:49,800.0,3.85,B
2021-06-15T09:27:27,200.0,3.85,B
2021-06-15T09:26:31,2000.0,3.84,S
2021-06-15T09:22:37,200.0,3.85,B
2021-06-15T09:22:18,700.0,3.85,B
2021-06-15T09:20:44,100.0,3.85,S
2021-06-15T09:18:51,100.0,3.85,B
2021-06-15T09:18:43,100.0,3.85,B
2021-06-15T09:17:44,200.0,3.82,S
2021-06-15T09:17:41,100.0,3.85,B
2021-06-15T09:17:19,500.0,3.84,S
