tradingTime,volume,price,side
2021-06-15T14:28:32,1200.0,102.2,S
2021-06-15T14:28:08,800.0,102.2,S
2021-06-15T14:27:33,400.0,102.2,S
2021-06-15T14:25:02,400.0,102.2,S
2021-06-15T14:15:59,4000.0,102.8,B
2021-06-15T14:15:55,800.0,102.7,S
2021-06-15T14:15:46,2700.0,102.7,S
2021-06-15T14:15:41,2300.0,102.7,S
2021-06-15T14:15:03,500.0,102.7,S
2021-06-15T14:14:34,1200.0,102.7,B
2021-06-15T14:14:31,200.0,102.8,B
2021-06-15T14:14:31,500.0,102.8,B
2021-06-15T14:14:31,4300.0,102.8,B
2021-06-15T14:14:13,100.0,102.7,S
2021-06-15T14:13:50,4000.0,102.2,S
2021-06-15T14:13:42,1400.0,102.8,B
2021-06-15T14:13:42,600.0,102.8,B
2021-06-15T14:12:45,7000.0,102.8,B
2021-06-15T14:11:51,200.0,102.8,B
2021-06-15T14:11:05,400.0,102.2,S
2021-06-15T14:11:02,3400.0,102.8,B
2021-06-15T14:11:02,1600.0,102.8,B
2021-06-15T14:10:58,7000.0,102.8,B
2021-06-15T14:09:52,200.0,102.8,B
2021-06-15T14:09:43,3100.0,102.2,S
2021-06-15T14:09:43,100.0,102.3,S
2021-06-15T14:09:43,200.0,102.3,S
2021-06-15T14:09:43,5600.0,102.3,S
2021-06-15T14:09:19,1900.0,102.5,S
2021-06-15T14:09:17,100.0,102.7,S
2021-06-15T14:07:18,3200.0,102.4,S
2021-06-15T14:07:18,5200.0,102.5,S
2021-06-15T14:07:18,4100.0,102.5,S
2021-06-15T14:06:40,1000.0,102.9,B
2021-06-15T14:06:23,400.0,102.9,B
2021-06-15T14:06:23,500.0,102.9,B
2021-06-15T14:06:23,1000.0,102.9,B
2021-06-15T14:06:23,100.0,102.8,S
2021-06-15T14:06:12,1500.0,102.9,B
2021-06-15T14:05:06,100.0,102.8,S
2021-06-15T14:04:53,700.0,102.9,B
2021-06-15T14:04:53,1300.0,102.9,B
2021-06-15T14:04:53,500.0,102.9,B
2021-06-15T14:04:53,200.0,102.9,B
2021-06-15T14:04:53,700.0,102.8,B
2021-06-15T14:04:53,2500.0,102.8,B
2021-06-15T14:04:09,400.0,102.8,B
2021-06-15T14:03:30,100.0,102.8,B
2021-06-15T14:03:14,100.0,102.8,B
2021-06-15T14:02:51,500.0,102.8,B
2021-06-15T14:02:50,1300.0,102.8,B
2021-06-15T14:02:50,1300.0,102.8,B
2021-06-15T14:02:50,1300.0,102.8,B
2021-06-15T14:02:43,800.0,102.8,B
2021-06-15T14:02:25,3000.0,102.4,B
2021-06-15T14:02:04,2400.0,102.8,B
2021-06-15T14:02:04,1000.0,102.7,B
2021-06-15T14:02:04,500.0,102.7,B
2021-06-15T14:02:04,1000.0,102.7,B
2021-06-15T14:01:54,3000.0,102.4,B
2021-06-15T14:01:53,200.0,102.5,B
2021-06-15T14:01:44,1000.0,102.5,B
2021-06-15T14:01:36,800.0,102.6,B
2021-06-15T14:01:19,200.0,102.5,B
2021-06-15T14:01:18,800.0,102.5,B
2021-06-15T14:00:51,800.0,102.5,B
2021-06-15T14:00:39,300.0,102.4,B
2021-06-15T14:00:29,800.0,102.5,B
2021-06-15T14:00:25,1000.0,102.4,B
2021-06-15T14:00:20,500.0,102.3,S
2021-06-15T14:00:14,1300.0,102.4,B
2021-06-15T14:00:07,400.0,102.3,S
2021-06-15T14:00:07,1300.0,102.3,S
2021-06-15T14:00:05,2000.0,102.3,S
2021-06-15T14:00:01,1000.0,102.2,S
2021-06-15T14:00:00,800.0,102.3,S
2021-06-15T13:59:52,1300.0,102.3,S
2021-06-15T13:59:36,2500.0,102.3,S
2021-06-15T13:59:24,100.0,102.3,B
2021-06-15T13:59:16,500.0,102.4,B
2021-06-15T13:59:14,2400.0,102.3,B
2021-06-15T13:59:05,1000.0,102.3,B
2021-06-15T13:57:46,200.0,102.3,B
2021-06-15T13:57:42,200.0,102.3,B
2021-06-15T13:57:34,100.0,102.2,S
2021-06-15T13:56:33,100.0,102.3,B
2021-06-15T13:56:20,3000.0,102.4,B
2021-06-15T13:55:57,500.0,102.3,B
2021-06-15T13:55:26,200.0,102.3,B
2021-06-15T13:55:04,2000.0,102.3,S
2021-06-15T13:55:01,400.0,102.3,S
2021-06-15T13:54:43,2000.0,102.3,S
2021-06-15T13:54:33,500.0,102.3,S
2021-06-15T13:54:15,400.0,102.5,B
2021-06-15T13:54:15,2100.0,102.5,B
2021-06-15T13:54:15,2000.0,102.5,B
2021-06-15T13:54:15,1700.0,102.5,B
2021-06-15T13:54:14,3700.0,102.4,B
2021-06-15T13:54:05,5000.0,102.3,S
2021-06-15T13:53:56,9900.0,102.4,B
2021-06-15T13:52:06,500.0,102.3,S
2021-06-15T13:51:17,400.0,102.3,S
2021-06-15T13:51:01,3500.0,102.3,S
2021-06-15T13:50:25,2500.0,102.3,S
2021-06-15T13:50:23,1000.0,102.3,S
2021-06-15T13:49:15,400.0,102.4,S
2021-06-15T13:48:52,800.0,102.4,S
2021-06-15T13:48:45,100.0,102.5,B
2021-06-15T13:48:28,500.0,102.5,B
2021-06-15T13:48:26,300.0,102.4,S
2021-06-15T13:48:13,2000.0,102.5,B
2021-06-15T13:47:01,100.0,102.5,S
2021-06-15T13:46:50,2000.0,102.5,S
2021-06-15T13:46:49,100.0,102.5,S
2021-06-15T13:46:45,200.0,102.5,S
2021-06-15T13:46:43,100.0,102.5,S
2021-06-15T13:46:36,900.0,102.5,S
2021-06-15T13:46:27,1000.0,102.5,S
2021-06-15T13:46:23,500.0,102.5,S
2021-06-15T13:46:13,300.0,102.5,S
2021-06-15T13:46:13,100.0,102.5,S
2021-06-15T13:46:13,200.0,102.5,S
2021-06-15T13:46:13,200.0,102.5,S
2021-06-15T13:46:13,900.0,102.5,S
2021-06-15T13:46:13,200.0,102.5,S
2021-06-15T13:46:13,100.0,102.5,S
2021-06-15T13:46:04,1000.0,102.5,S
2021-06-15T13:45:44,500.0,102.5,S
2021-06-15T13:45:13,100.0,102.6,S
2021-06-15T13:44:32,800.0,102.6,S
2021-06-15T13:44:23,1000.0,102.6,S
2021-06-15T13:44:04,600.0,102.6,S
2021-06-15T13:43:32,100.0,102.6,S
2021-06-15T13:43:05,500.0,102.7,S
2021-06-15T13:43:04,1100.0,102.7,S
2021-06-15T13:43:02,100.0,102.7,S
2021-06-15T13:42:45,300.0,102.7,S
2021-06-15T13:42:38,200.0,102.7,S
2021-06-15T13:42:29,100.0,102.7,S
2021-06-15T13:42:03,2600.0,102.7,S
2021-06-15T13:41:53,200.0,102.8,S
2021-06-15T13:41:53,300.0,102.8,S
2021-06-15T13:41:48,500.0,102.8,S
2021-06-15T13:41:47,100.0,102.7,S
2021-06-15T13:41:25,100.0,102.8,S
2021-06-15T13:41:21,500.0,102.8,S
2021-06-15T13:41:07,200.0,102.8,S
2021-06-15T13:41:06,5000.0,102.7,S
2021-06-15T13:41:05,2000.0,102.7,S
2021-06-15T13:40:53,5000.0,102.7,S
2021-06-15T13:40:39,4000.0,102.7,S
2021-06-15T13:40:30,5000.0,102.7,S
2021-06-15T13:39:19,200.0,102.8,S
2021-06-15T13:39:03,300.0,102.8,S
2021-06-15T13:39:00,400.0,102.7,S
2021-06-15T13:38:57,200.0,102.8,S
2021-06-15T13:38:55,500.0,102.9,B
2021-06-15T13:38:14,400.0,102.9,B
2021-06-15T13:38:14,100.0,102.9,B
2021-06-15T13:38:14,4400.0,102.9,B
2021-06-15T13:37:41,200.0,102.9,B
2021-06-15T13:37:40,500.0,102.8,S
2021-06-15T13:37:14,2000.0,102.8,S
2021-06-15T13:36:17,100.0,102.9,B
2021-06-15T13:35:56,1000.0,102.7,S
2021-06-15T13:35:42,500.0,102.9,B
2021-06-15T13:35:37,1300.0,102.8,S
2021-06-15T13:35:30,400.0,102.9,B
2021-06-15T13:34:39,100.0,102.9,B
2021-06-15T13:34:27,1500.0,102.9,B
2021-06-15T13:34:19,3000.0,102.9,B
2021-06-15T13:33:54,300.0,102.9,B
2021-06-15T13:33:44,1100.0,103.0,B
2021-06-15T13:33:44,4200.0,103.0,B
2021-06-15T13:33:44,900.0,103.0,B
2021-06-15T13:33:44,200.0,103.0,B
2021-06-15T13:33:44,1400.0,103.0,B
2021-06-15T13:33:44,8200.0,102.9,B
2021-06-15T13:33:29,500.0,102.9,B
2021-06-15T13:33:25,800.0,102.9,B
2021-06-15T13:33:25,400.0,102.9,B
2021-06-15T13:33:25,1300.0,102.9,B
2021-06-15T13:33:25,2700.0,102.8,S
2021-06-15T13:33:01,2700.0,102.8,S
2021-06-15T13:33:01,700.0,102.8,S
2021-06-15T13:33:01,3900.0,102.8,S
2021-06-15T13:32:54,2100.0,102.8,S
2021-06-15T13:32:54,100.0,102.8,S
2021-06-15T13:32:54,800.0,102.8,S
2021-06-15T13:32:47,2500.0,102.8,S
2021-06-15T13:32:40,100.0,102.8,S
2021-06-15T13:32:34,2000.0,102.8,S
2021-06-15T13:32:31,200.0,102.9,B
2021-06-15T13:32:25,100.0,102.9,B
2021-06-15T13:31:48,400.0,102.8,S
2021-06-15T13:31:40,500.0,102.9,B
2021-06-15T13:31:40,1600.0,102.8,S
2021-06-15T13:31:40,100.0,102.9,B
2021-06-15T13:31:28,2000.0,102.9,B
2021-06-15T13:31:25,100.0,102.9,B
2021-06-15T13:31:20,500.0,102.9,B
2021-06-15T13:31:05,800.0,102.8,S
2021-06-15T13:30:50,200.0,102.9,B
2021-06-15T13:30:47,1000.0,102.9,B
2021-06-15T13:30:33,1000.0,102.9,B
2021-06-15T13:30:33,1800.0,102.9,B
2021-06-15T13:30:05,1000.0,102.9,S
2021-06-15T13:30:04,2200.0,102.9,S
2021-06-15T13:29:36,100.0,103.0,B
2021-06-15T13:29:36,1300.0,103.0,B
2021-06-15T13:29:36,300.0,103.0,B
2021-06-15T13:29:36,300.0,103.0,B
2021-06-15T13:29:36,1200.0,103.0,B
2021-06-15T13:29:36,100.0,103.0,B
2021-06-15T13:29:35,1400.0,102.9,S
2021-06-15T13:29:35,200.0,102.9,S
2021-06-15T13:29:33,2000.0,102.9,S
2021-06-15T13:29:26,1600.0,102.9,S
2021-06-15T13:29:20,1000.0,102.9,S
2021-06-15T13:28:57,2600.0,102.9,S
2021-06-15T13:28:30,1000.0,102.9,S
2021-06-15T13:28:25,1000.0,102.9,S
2021-06-15T13:28:25,2500.0,102.9,S
2021-06-15T13:28:20,1000.0,102.9,S
2021-06-15T13:27:57,500.0,102.9,S
2021-06-15T13:27:42,6000.0,103.0,B
2021-06-15T13:27:42,200.0,103.0,B
2021-06-15T13:27:42,400.0,103.0,B
2021-06-15T13:27:42,300.0,103.0,B
2021-06-15T13:27:42,800.0,103.0,B
2021-06-15T13:27:42,300.0,102.9,S
2021-06-15T13:27:27,400.0,102.9,S
2021-06-15T13:27:26,1300.0,102.9,S
2021-06-15T13:27:17,1400.0,103.0,B
2021-06-15T13:27:05,200.0,102.9,S
2021-06-15T13:27:02,500.0,103.0,B
2021-06-15T13:27:02,1200.0,103.0,B
2021-06-15T13:27:02,1300.0,103.0,B
2021-06-15T13:27:02,1100.0,103.0,B
2021-06-15T13:27:02,6400.0,103.0,B
2021-06-15T13:26:56,300.0,103.0,B
2021-06-15T13:26:45,500.0,103.0,B
2021-06-15T13:26:41,1900.0,103.0,B
2021-06-15T13:26:34,500.0,102.9,S
2021-06-15T13:26:11,100.0,103.0,B
2021-06-15T13:25:50,500.0,103.0,B
2021-06-15T13:25:48,2100.0,103.0,B
2021-06-15T13:25:11,1000.0,103.0,B
2021-06-15T13:24:54,3300.0,102.9,B
2021-06-15T13:24:52,500.0,102.9,B
2021-06-15T13:24:50,500.0,102.9,B
2021-06-15T13:24:48,200.0,102.9,B
2021-06-15T13:24:47,500.0,102.9,B
2021-06-15T13:24:39,100.0,102.9,B
2021-06-15T13:24:30,100.0,102.9,B
2021-06-15T13:24:13,2000.0,102.8,S
2021-06-15T13:24:11,400.0,102.9,B
2021-06-15T13:24:01,3000.0,102.9,B
2021-06-15T13:24:00,1000.0,102.9,B
2021-06-15T13:23:39,300.0,102.9,B
2021-06-15T13:23:39,100.0,102.9,B
2021-06-15T13:23:39,500.0,102.9,B
2021-06-15T13:23:39,6100.0,102.9,B
2021-06-15T13:23:35,500.0,102.9,B
2021-06-15T13:23:15,300.0,102.9,B
2021-06-15T13:23:11,300.0,102.8,S
2021-06-15T13:23:11,2000.0,102.8,S
2021-06-15T13:23:10,600.0,102.8,S
2021-06-15T13:22:59,500.0,102.9,B
2021-06-15T13:22:36,1000.0,102.9,B
2021-06-15T13:22:34,500.0,102.9,B
2021-06-15T13:22:20,500.0,102.9,B
2021-06-15T13:22:02,100.0,102.9,B
2021-06-15T13:22:02,200.0,102.9,B
2021-06-15T13:21:59,1000.0,102.7,S
2021-06-15T13:21:46,100.0,102.8,S
2021-06-15T13:21:42,1000.0,102.8,S
2021-06-15T13:21:41,500.0,102.8,S
2021-06-15T13:21:37,3500.0,102.8,B
2021-06-15T13:21:26,100.0,102.8,B
2021-06-15T13:21:01,500.0,102.8,B
2021-06-15T13:20:51,2500.0,102.8,B
2021-06-15T13:20:51,1100.0,102.8,B
2021-06-15T13:20:51,1300.0,102.8,B
2021-06-15T13:20:06,700.0,102.8,B
2021-06-15T13:20:06,1300.0,102.8,B
2021-06-15T13:19:50,6000.0,102.7,B
2021-06-15T13:19:40,300.0,102.8,B
2021-06-15T13:19:35,3000.0,102.7,B
2021-06-15T13:19:20,100.0,102.7,B
2021-06-15T13:19:10,2000.0,102.7,B
2021-06-15T13:18:55,100.0,102.7,B
2021-06-15T13:18:55,100.0,102.8,B
2021-06-15T13:18:42,100.0,102.7,B
2021-06-15T13:18:14,200.0,102.7,B
2021-06-15T13:18:02,2000.0,102.7,B
2021-06-15T13:17:56,100.0,102.7,B
2021-06-15T13:17:50,200.0,102.7,B
2021-06-15T13:17:41,100.0,102.7,B
2021-06-15T13:17:13,1200.0,102.7,B
2021-06-15T13:17:02,500.0,102.6,S
2021-06-15T13:16:59,300.0,102.7,B
2021-06-15T13:16:56,500.0,102.7,B
2021-06-15T13:16:55,500.0,102.7,B
2021-06-15T13:16:40,500.0,102.7,B
2021-06-15T13:16:35,1500.0,102.7,B
2021-06-15T13:16:26,200.0,102.7,B
2021-06-15T13:16:07,1000.0,102.7,B
2021-06-15T13:16:05,100.0,102.7,B
2021-06-15T13:15:52,500.0,102.7,B
2021-06-15T13:15:44,700.0,102.7,B
2021-06-15T13:15:16,200.0,102.7,B
2021-06-15T13:15:11,800.0,102.7,B
2021-06-15T13:15:11,1000.0,102.7,B
2021-06-15T13:14:59,500.0,102.7,B
2021-06-15T13:14:57,1000.0,102.7,B
2021-06-15T13:14:51,200.0,102.7,B
2021-06-15T13:14:51,600.0,102.7,B
2021-06-15T13:14:51,4100.0,102.7,B
2021-06-15T13:14:50,300.0,102.7,B
2021-06-15T13:14:48,800.0,102.7,B
2021-06-15T13:14:44,1000.0,102.7,B
2021-06-15T13:14:42,500.0,102.7,B
2021-06-15T13:14:37,500.0,102.7,B
2021-06-15T13:14:37,5000.0,102.7,B
2021-06-15T13:14:18,800.0,102.7,B
2021-06-15T13:14:15,1000.0,102.7,B
2021-06-15T13:14:03,200.0,102.7,B
2021-06-15T13:13:47,2000.0,102.7,B
2021-06-15T13:13:46,4600.0,102.7,B
2021-06-15T13:13:46,5400.0,102.7,B
2021-06-15T13:13:43,1300.0,102.7,B
2021-06-15T13:13:29,1300.0,102.7,B
2021-06-15T13:13:19,500.0,102.6,S
2021-06-15T13:13:17,1300.0,102.6,S
2021-06-15T13:13:09,1000.0,102.5,S
2021-06-15T13:12:20,500.0,102.7,B
2021-06-15T13:12:11,3000.0,102.7,B
2021-06-15T13:12:09,600.0,102.5,S
2021-06-15T13:12:09,900.0,102.5,S
2021-06-15T13:11:55,800.0,102.7,B
2021-06-15T13:11:43,100.0,102.6,S
2021-06-15T13:11:29,800.0,102.7,B
2021-06-15T13:11:28,2000.0,102.7,B
2021-06-15T13:10:51,2000.0,102.5,S
2021-06-15T13:10:45,800.0,102.7,B
2021-06-15T13:10:40,5000.0,102.6,S
2021-06-15T13:10:37,500.0,102.6,S
2021-06-15T13:09:33,1000.0,102.5,S
2021-06-15T13:08:38,100.0,102.5,S
2021-06-15T13:08:30,5000.0,102.5,S
2021-06-15T13:08:29,500.0,102.6,S
2021-06-15T13:07:38,1000.0,102.6,B
2021-06-15T13:07:34,2400.0,102.6,B
2021-06-15T13:07:18,1000.0,102.6,B
2021-06-15T13:07:09,200.0,102.5,S
2021-06-15T13:06:33,1200.0,102.5,B
2021-06-15T13:06:17,1000.0,102.5,B
2021-06-15T13:06:17,1700.0,102.5,B
2021-06-15T13:06:17,8100.0,102.5,B
2021-06-15T13:06:17,1500.0,102.5,B
2021-06-15T13:06:17,100.0,102.5,B
2021-06-15T13:06:17,500.0,102.5,B
2021-06-15T13:06:17,3500.0,102.5,B
2021-06-15T13:06:17,2800.0,102.5,B
2021-06-15T13:06:17,800.0,102.5,B
2021-06-15T13:06:17,2100.0,102.5,B
2021-06-15T13:06:17,6200.0,102.5,B
2021-06-15T13:05:34,500.0,102.5,B
2021-06-15T13:05:25,1000.0,102.5,B
2021-06-15T13:05:21,100.0,102.5,B
2021-06-15T13:05:16,1500.0,102.5,B
2021-06-15T13:05:03,2000.0,102.5,B
2021-06-15T13:04:50,100.0,102.5,B
2021-06-15T13:04:42,1000.0,102.5,B
2021-06-15T13:04:37,200.0,102.5,B
2021-06-15T13:04:37,4700.0,102.5,B
2021-06-15T13:04:22,100.0,102.5,B
2021-06-15T13:03:40,1000.0,102.3,S
2021-06-15T13:03:05,2900.0,102.5,B
2021-06-15T13:03:05,1400.0,102.5,B
2021-06-15T13:03:05,3300.0,102.5,B
2021-06-15T13:03:05,1100.0,102.4,B
2021-06-15T13:03:05,1000.0,102.4,B
2021-06-15T13:03:05,2100.0,102.4,B
2021-06-15T13:03:05,2900.0,102.4,B
2021-06-15T13:03:04,300.0,102.4,B
2021-06-15T13:03:04,200.0,102.4,B
2021-06-15T13:02:24,400.0,102.4,B
2021-06-15T13:02:17,500.0,102.4,B
2021-06-15T13:01:56,100.0,102.4,B
2021-06-15T13:01:52,3000.0,102.4,B
2021-06-15T13:01:42,100.0,102.2,S
2021-06-15T13:01:40,100.0,102.2,S
2021-06-15T13:01:25,1000.0,102.4,B
2021-06-15T13:01:03,2300.0,102.0,S
2021-06-15T13:01:03,4600.0,102.0,S
2021-06-15T13:01:03,1200.0,102.2,S
2021-06-15T13:01:03,1900.0,102.2,S
2021-06-15T13:01:01,500.0,102.4,B
2021-06-15T13:00:53,1200.0,102.4,B
2021-06-15T13:00:41,100.0,102.2,S
2021-06-15T13:00:41,900.0,102.2,S
2021-06-15T13:00:38,1000.0,102.4,B
2021-06-15T13:00:37,500.0,102.4,B
2021-06-15T13:00:34,1000.0,102.4,B
2021-06-15T13:00:34,3000.0,102.3,S
2021-06-15T13:00:30,1000.0,102.3,S
2021-06-15T13:00:29,1200.0,102.3,S
2021-06-15T13:00:27,100.0,102.3,S
2021-06-15T13:00:27,100.0,102.3,S
2021-06-15T13:00:25,100.0,102.2,S
2021-06-15T13:00:25,4000.0,102.3,S
2021-06-15T11:30:09,200.0,102.4,B
2021-06-15T11:29:38,1000.0,102.3,B
2021-06-15T11:29:34,500.0,102.3,B
2021-06-15T11:29:34,5300.0,102.3,B
2021-06-15T11:29:34,3200.0,102.3,B
2021-06-15T11:28:38,100.0,102.2,S
2021-06-15T11:28:15,2700.0,102.2,B
2021-06-15T11:28:15,100.0,102.2,B
2021-06-15T11:28:14,1500.0,102.2,B
2021-06-15T11:28:14,500.0,102.2,B
2021-06-15T11:28:14,400.0,102.2,B
2021-06-15T11:28:14,1800.0,102.2,B
2021-06-15T11:27:55,100.0,102.2,B
2021-06-15T11:27:55,100.0,102.2,B
2021-06-15T11:27:47,800.0,102.1,B
2021-06-15T11:27:30,100.0,102.1,S
2021-06-15T11:27:27,200.0,102.1,S
2021-06-15T11:27:24,100.0,102.1,S
2021-06-15T11:27:11,4700.0,102.1,B
2021-06-15T11:27:02,300.0,102.1,S
2021-06-15T11:26:55,900.0,102.1,S
2021-06-15T11:26:54,2100.0,102.1,S
2021-06-15T11:26:40,200.0,102.1,S
2021-06-15T11:26:28,2700.0,102.1,B
2021-06-15T11:26:12,2300.0,102.1,S
2021-06-15T11:25:21,2800.0,102.1,B
2021-06-15T11:25:17,100.0,102.1,B
2021-06-15T11:24:24,1100.0,102.1,B
2021-06-15T11:24:24,3600.0,102.1,B
2021-06-15T11:24:24,200.0,102.1,B
2021-06-15T11:23:49,900.0,102.1,B
2021-06-15T11:22:22,100.0,102.0,S
2021-06-15T11:21:47,500.0,102.0,S
2021-06-15T11:21:46,1000.0,102.1,B
2021-06-15T11:21:36,5000.0,102.1,B
2021-06-15T11:21:03,1000.0,102.0,S
2021-06-15T11:20:04,700.0,102.0,S
2021-06-15T11:19:12,200.0,102.1,B
2021-06-15T11:18:58,500.0,102.0,S
2021-06-15T11:18:31,2000.0,102.0,S
2021-06-15T11:18:25,200.0,102.1,B
2021-06-15T11:17:49,1000.0,102.0,S
2021-06-15T11:17:46,500.0,102.0,S
2021-06-15T11:17:28,200.0,102.1,B
2021-06-15T11:17:14,2000.0,102.0,S
2021-06-15T11:17:14,1000.0,102.0,S
2021-06-15T11:17:11,500.0,102.0,S
2021-06-15T11:16:54,1000.0,102.0,S
2021-06-15T11:16:51,1000.0,102.0,S
2021-06-15T11:16:31,800.0,102.0,S
2021-06-15T11:16:31,500.0,102.0,S
2021-06-15T11:16:31,700.0,102.0,S
2021-06-15T11:16:17,6000.0,102.0,S
2021-06-15T11:16:16,800.0,102.1,B
2021-06-15T11:16:13,1000.0,102.1,B
2021-06-15T11:15:30,500.0,102.1,B
2021-06-15T11:15:15,500.0,102.1,B
2021-06-15T11:15:08,200.0,102.1,B
2021-06-15T11:14:52,3400.0,102.0,S
2021-06-15T11:14:15,1000.0,102.0,S
2021-06-15T11:14:09,800.0,102.0,S
2021-06-15T11:13:40,2500.0,102.1,S
2021-06-15T11:13:30,1900.0,102.1,S
2021-06-15T11:12:59,500.0,102.2,B
2021-06-15T11:12:56,800.0,102.2,B
2021-06-15T11:12:52,500.0,102.2,B
2021-06-15T11:12:31,1000.0,102.1,S
2021-06-15T11:12:18,800.0,102.0,S
2021-06-15T11:11:40,300.0,102.1,S
2021-06-15T11:11:35,200.0,102.1,S
2021-06-15T11:11:31,2300.0,102.1,B
2021-06-15T11:11:30,2100.0,102.1,B
2021-06-15T11:11:26,5000.0,102.0,S
2021-06-15T11:11:02,500.0,102.0,S
2021-06-15T11:10:07,300.0,102.0,S
2021-06-15T11:10:01,800.0,102.1,B
2021-06-15T11:10:00,800.0,102.1,B
2021-06-15T11:09:40,300.0,102.1,B
2021-06-15T11:09:29,2000.0,102.0,S
2021-06-15T11:09:22,100.0,102.0,S
2021-06-15T11:09:07,1400.0,102.0,B
2021-06-15T11:09:06,200.0,102.0,B
2021-06-15T11:08:54,600.0,102.0,B
2021-06-15T11:08:44,200.0,102.0,B
2021-06-15T11:08:19,100.0,102.0,B
2021-06-15T11:08:17,4300.0,102.0,B
2021-06-15T11:08:13,1000.0,101.9,S
2021-06-15T11:08:11,1000.0,102.0,B
2021-06-15T11:08:01,800.0,102.0,B
2021-06-15T11:07:55,500.0,102.0,B
2021-06-15T11:07:46,100.0,102.0,B
2021-06-15T11:07:41,1000.0,102.0,B
2021-06-15T11:07:41,200.0,102.0,B
2021-06-15T11:07:02,300.0,102.0,B
2021-06-15T11:06:56,100.0,102.0,B
2021-06-15T11:06:52,200.0,102.0,B
2021-06-15T11:06:52,200.0,101.9,S
2021-06-15T11:06:45,100.0,102.0,B
2021-06-15T11:06:40,400.0,102.0,B
2021-06-15T11:06:16,100.0,102.0,B
2021-06-15T11:05:39,2200.0,102.0,B
2021-06-15T11:05:27,800.0,101.9,S
2021-06-15T11:05:23,1000.0,102.0,B
2021-06-15T11:05:17,5000.0,101.9,S
2021-06-15T11:05:04,100.0,101.9,S
2021-06-15T11:04:50,2000.0,101.9,S
2021-06-15T11:04:25,2000.0,101.9,S
2021-06-15T11:04:16,4000.0,102.0,B
2021-06-15T11:04:09,3800.0,101.9,S
2021-06-15T11:03:21,100.0,101.9,S
2021-06-15T11:03:04,100.0,101.9,S
2021-06-15T11:02:52,100.0,101.9,S
2021-06-15T11:02:07,1000.0,102.0,B
2021-06-15T11:01:02,2100.0,101.9,S
2021-06-15T11:00:49,1800.0,101.9,S
2021-06-15T11:00:35,1800.0,101.9,S
2021-06-15T11:00:14,300.0,102.0,S
2021-06-15T10:59:58,400.0,102.0,S
2021-06-15T10:59:57,600.0,102.0,S
2021-06-15T10:59:54,2100.0,102.0,S
2021-06-15T10:59:53,1000.0,102.0,S
2021-06-15T10:59:38,500.0,102.0,S
2021-06-15T10:59:36,2300.0,102.0,S
2021-06-15T10:59:35,500.0,102.0,S
2021-06-15T10:59:33,300.0,102.1,B
2021-06-15T10:59:33,2400.0,102.0,S
2021-06-15T10:59:19,1900.0,102.0,S
2021-06-15T10:59:13,1200.0,102.0,S
2021-06-15T10:59:12,2000.0,102.0,S
2021-06-15T10:59:04,100.0,102.0,S
2021-06-15T10:59:04,600.0,102.0,S
2021-06-15T10:59:02,2000.0,102.0,S
2021-06-15T10:58:57,1000.0,102.0,S
2021-06-15T10:58:25,1800.0,102.0,S
2021-06-15T10:58:10,200.0,102.1,B
2021-06-15T10:58:06,100.0,102.0,S
2021-06-15T10:57:54,800.0,102.0,S
2021-06-15T10:57:44,2400.0,102.0,S
2021-06-15T10:56:43,100.0,102.0,S
2021-06-15T10:55:53,1600.0,102.0,S
2021-06-15T10:55:09,3200.0,102.2,B
2021-06-15T10:54:41,200.0,102.2,B
2021-06-15T10:54:41,100.0,101.9,S
2021-06-15T10:54:09,800.0,101.9,S
2021-06-15T10:53:38,600.0,101.9,S
2021-06-15T10:53:23,2100.0,102.2,B
2021-06-15T10:53:23,2000.0,102.2,B
2021-06-15T10:53:23,800.0,102.1,B
2021-06-15T10:53:16,100.0,101.9,S
2021-06-15T10:53:15,200.0,102.0,B
2021-06-15T10:53:10,100.0,102.0,B
2021-06-15T10:52:59,600.0,102.0,B
2021-06-15T10:52:59,400.0,102.0,B
2021-06-15T10:52:59,4000.0,102.0,B
2021-06-15T10:52:56,5000.0,102.0,B
2021-06-15T10:52:44,5000.0,102.0,B
2021-06-15T10:52:43,100.0,101.9,B
2021-06-15T10:52:41,100.0,102.0,B
2021-06-15T10:52:35,5000.0,102.0,B
2021-06-15T10:52:14,4700.0,102.0,B
2021-06-15T10:52:08,1200.0,101.9,B
2021-06-15T10:52:06,4000.0,101.9,B
2021-06-15T10:51:39,100.0,101.8,S
2021-06-15T10:50:51,200.0,101.8,S
2021-06-15T10:50:31,1600.0,101.9,B
2021-06-15T10:50:30,1400.0,101.9,B
2021-06-15T10:50:21,800.0,101.9,B
2021-06-15T10:49:52,100.0,101.8,S
2021-06-15T10:49:06,200.0,101.8,S
2021-06-15T10:49:06,800.0,101.9,B
2021-06-15T10:48:49,400.0,101.9,B
2021-06-15T10:48:48,1200.0,101.9,B
2021-06-15T10:48:36,500.0,101.9,B
2021-06-15T10:48:22,200.0,101.8,S
2021-06-15T10:48:12,1200.0,101.8,S
2021-06-15T10:47:47,700.0,101.6,S
2021-06-15T10:47:43,300.0,101.8,S
2021-06-15T10:47:33,200.0,101.8,B
2021-06-15T10:47:26,900.0,101.8,B
2021-06-15T10:46:57,1500.0,101.8,B
2021-06-15T10:46:38,3200.0,101.8,B
2021-06-15T10:46:34,600.0,101.7,B
2021-06-15T10:46:34,1000.0,101.7,B
2021-06-15T10:45:16,900.0,101.8,B
2021-06-15T10:45:16,100.0,101.8,B
2021-06-15T10:45:03,400.0,101.6,S
2021-06-15T10:44:31,200.0,101.5,S
2021-06-15T10:44:22,100.0,101.5,S
2021-06-15T10:44:16,200.0,101.5,S
2021-06-15T10:43:45,2000.0,101.5,S
2021-06-15T10:43:35,4800.0,101.8,B
2021-06-15T10:42:56,700.0,101.5,S
2021-06-15T10:42:56,1300.0,101.5,S
2021-06-15T10:42:41,2000.0,101.5,S
2021-06-15T10:41:33,10000.0,101.5,B
2021-06-15T10:41:32,2400.0,101.8,B
2021-06-15T10:41:06,4800.0,101.8,B
2021-06-15T10:39:57,800.0,101.9,B
2021-06-15T10:39:39,800.0,101.9,B
2021-06-15T10:39:37,100.0,101.5,B
2021-06-15T10:39:31,1400.0,101.9,B
2021-06-15T10:39:31,1000.0,101.9,B
2021-06-15T10:39:27,1200.0,101.5,B
2021-06-15T10:39:23,1300.0,101.5,B
2021-06-15T10:39:06,1300.0,101.5,B
2021-06-15T10:38:59,1300.0,101.5,B
2021-06-15T10:38:53,1000.0,101.2,S
2021-06-15T10:38:52,100.0,101.5,B
2021-06-15T10:38:50,1300.0,101.5,B
2021-06-15T10:38:41,800.0,101.5,B
2021-06-15T10:38:40,1300.0,101.5,B
2021-06-15T10:38:26,1300.0,101.5,B
2021-06-15T10:38:24,1300.0,101.5,B
2021-06-15T10:38:14,700.0,101.2,S
2021-06-15T10:38:14,800.0,101.2,S
2021-06-15T10:38:03,800.0,101.9,B
2021-06-15T10:37:59,300.0,101.2,S
2021-06-15T10:37:49,600.0,101.2,S
2021-06-15T10:37:49,4500.0,101.2,S
2021-06-15T10:37:49,2800.0,101.2,S
2021-06-15T10:37:49,100.0,101.5,B
2021-06-15T10:37:34,800.0,101.9,B
2021-06-15T10:37:04,1500.0,101.2,S
2021-06-15T10:37:04,3500.0,101.2,S
2021-06-15T10:37:03,200.0,101.5,B
2021-06-15T10:37:01,100.0,101.5,B
2021-06-15T10:36:59,800.0,101.9,B
2021-06-15T10:36:40,800.0,101.9,B
2021-06-15T10:36:33,3700.0,101.7,B
2021-06-15T10:36:32,100.0,101.5,B
2021-06-15T10:36:15,200.0,101.2,S
2021-06-15T10:36:15,100.0,101.3,S
2021-06-15T10:35:50,100.0,101.2,S
2021-06-15T10:35:33,800.0,101.5,B
2021-06-15T10:35:20,800.0,101.5,B
2021-06-15T10:35:13,1300.0,101.5,B
2021-06-15T10:34:51,700.0,101.2,S
2021-06-15T10:34:51,100.0,101.3,S
2021-06-15T10:34:51,1200.0,101.3,S
2021-06-15T10:34:39,100.0,101.5,B
2021-06-15T10:34:20,800.0,101.5,B
2021-06-15T10:34:03,200.0,101.5,B
2021-06-15T10:33:33,800.0,101.5,B
2021-06-15T10:32:52,100.0,101.5,B
2021-06-15T10:32:43,400.0,101.3,S
2021-06-15T10:32:42,200.0,101.3,S
2021-06-15T10:32:21,100.0,101.3,S
2021-06-15T10:32:19,200.0,101.3,S
2021-06-15T10:31:08,200.0,101.3,S
2021-06-15T10:30:10,2000.0,101.2,S
2021-06-15T10:30:10,400.0,101.3,S
2021-06-15T10:29:52,100.0,101.4,S
2021-06-15T10:29:33,1100.0,101.3,S
2021-06-15T10:29:33,200.0,101.3,S
2021-06-15T10:29:02,100.0,101.3,S
2021-06-15T10:28:50,1100.0,101.3,S
2021-06-15T10:28:50,600.0,101.3,S
2021-06-15T10:28:50,300.0,101.3,S
2021-06-15T10:28:21,900.0,101.4,S
2021-06-15T10:27:47,900.0,101.3,S
2021-06-15T10:27:29,200.0,101.4,S
2021-06-15T10:27:08,1200.0,101.3,S
2021-06-15T10:26:47,1800.0,101.4,S
2021-06-15T10:26:44,600.0,101.3,S
2021-06-15T10:26:41,400.0,101.4,S
2021-06-15T10:26:27,100.0,101.3,S
2021-06-15T10:26:12,1700.0,101.4,S
2021-06-15T10:26:12,900.0,101.4,S
2021-06-15T10:26:12,100.0,101.4,S
2021-06-15T10:26:12,1500.0,101.4,S
2021-06-15T10:26:12,200.0,101.4,S
2021-06-15T10:26:12,2100.0,101.4,S
2021-06-15T10:26:11,300.0,101.5,S
2021-06-15T10:25:53,600.0,101.5,S
2021-06-15T10:25:05,100.0,101.6,B
2021-06-15T10:24:55,400.0,101.5,S
2021-06-15T10:24:41,100.0,101.6,B
2021-06-15T10:24:30,700.0,101.5,S
2021-06-15T10:23:50,500.0,101.6,B
2021-06-15T10:23:39,500.0,101.5,S
2021-06-15T10:23:36,400.0,101.5,S
2021-06-15T10:23:08,100.0,101.6,S
2021-06-15T10:22:59,700.0,101.5,S
2021-06-15T10:22:59,3700.0,101.5,S
2021-06-15T10:22:59,1600.0,101.5,S
2021-06-15T10:22:59,300.0,101.5,S
2021-06-15T10:22:59,500.0,101.5,S
2021-06-15T10:22:59,8900.0,101.5,S
2021-06-15T10:22:24,100.0,101.6,S
2021-06-15T10:22:04,1500.0,101.6,S
2021-06-15T10:22:04,900.0,101.6,S
2021-06-15T10:22:03,100.0,101.6,S
2021-06-15T10:21:41,100.0,101.7,B
2021-06-15T10:21:33,200.0,101.7,B
2021-06-15T10:21:17,100.0,101.7,B
2021-06-15T10:20:41,1000.0,101.7,B
2021-06-15T10:20:38,400.0,101.6,S
2021-06-15T10:20:38,300.0,101.6,S
2021-06-15T10:20:38,800.0,101.6,S
2021-06-15T10:20:38,700.0,101.6,S
2021-06-15T10:20:38,4100.0,101.6,S
2021-06-15T10:19:56,900.0,101.6,S
2021-06-15T10:19:50,2000.0,101.7,B
2021-06-15T10:19:48,200.0,101.6,S
2021-06-15T10:19:39,2000.0,101.6,S
2021-06-15T10:19:05,100.0,101.6,S
2021-06-15T10:19:04,500.0,101.6,S
2021-06-15T10:19:04,400.0,101.6,S
2021-06-15T10:19:03,1900.0,101.9,B
2021-06-15T10:18:58,100.0,101.7,B
2021-06-15T10:18:48,1300.0,101.6,S
2021-06-15T10:18:37,800.0,101.6,S
2021-06-15T10:18:31,700.0,101.6,S
2021-06-15T10:18:31,100.0,101.6,S
2021-06-15T10:18:31,500.0,101.6,S
2021-06-15T10:18:13,1300.0,101.6,S
2021-06-15T10:17:38,400.0,101.6,S
2021-06-15T10:17:27,300.0,101.7,S
2021-06-15T10:17:24,1000.0,101.6,S
2021-06-15T10:17:05,500.0,101.7,S
2021-06-15T10:17:04,1700.0,101.7,S
2021-06-15T10:16:44,5500.0,101.7,S
2021-06-15T10:16:09,2400.0,101.7,S
2021-06-15T10:15:58,500.0,101.8,B
2021-06-15T10:15:56,2400.0,101.8,B
2021-06-15T10:15:51,1300.0,101.8,B
2021-06-15T10:15:51,7600.0,101.8,B
2021-06-15T10:15:44,1000.0,101.8,B
2021-06-15T10:15:41,800.0,101.7,S
2021-06-15T10:15:40,100.0,101.8,B
2021-06-15T10:15:34,100.0,101.8,B
2021-06-15T10:15:24,200.0,101.8,B
2021-06-15T10:15:09,1000.0,101.8,B
2021-06-15T10:15:07,200.0,101.8,B
2021-06-15T10:15:03,2000.0,101.7,S
2021-06-15T10:15:00,1000.0,101.7,S
2021-06-15T10:14:43,1000.0,101.8,B
2021-06-15T10:14:39,300.0,101.7,S
2021-06-15T10:14:37,1200.0,101.7,S
2021-06-15T10:14:19,1000.0,101.8,B
2021-06-15T10:14:17,100.0,101.7,S
2021-06-15T10:13:06,300.0,101.8,B
2021-06-15T10:13:01,500.0,101.8,B
2021-06-15T10:12:57,200.0,101.8,B
2021-06-15T10:12:41,2800.0,101.8,B
2021-06-15T10:12:41,1000.0,101.8,B
2021-06-15T10:12:26,1100.0,101.8,B
2021-06-15T10:12:16,200.0,101.8,B
2021-06-15T10:12:11,1900.0,101.8,B
2021-06-15T10:11:57,1200.0,101.7,B
2021-06-15T10:11:57,200.0,101.7,B
2021-06-15T10:11:57,7500.0,101.7,B
2021-06-15T10:11:36,2000.0,101.7,B
2021-06-15T10:11:08,400.0,101.7,B
2021-06-15T10:10:07,100.0,101.7,B
2021-06-15T10:10:07,200.0,101.6,S
2021-06-15T10:10:07,1100.0,101.6,S
2021-06-15T10:10:06,100.0,101.6,S
2021-06-15T10:10:06,600.0,101.6,S
2021-06-15T10:09:59,400.0,101.6,S
2021-06-15T10:09:59,100.0,101.6,S
2021-06-15T10:09:18,200.0,101.6,S
2021-06-15T10:08:05,200.0,101.6,S
2021-06-15T10:07:20,2000.0,101.5,S
2021-06-15T10:07:20,1000.0,101.6,S
2021-06-15T10:07:16,100.0,101.7,B
2021-06-15T10:06:57,200.0,101.7,B
2021-06-15T10:06:46,1000.0,101.7,B
2021-06-15T10:06:35,100.0,101.7,B
2021-06-15T10:06:33,300.0,101.7,B
2021-06-15T10:06:22,300.0,101.7,B
2021-06-15T10:06:18,2000.0,101.7,B
2021-06-15T10:06:13,100.0,101.7,B
2021-06-15T10:06:11,100.0,101.7,B
2021-06-15T10:06:08,1100.0,101.5,S
2021-06-15T10:06:08,600.0,101.5,S
2021-06-15T10:06:07,4000.0,101.5,S
2021-06-15T10:06:07,200.0,101.6,S
2021-06-15T10:06:07,4100.0,101.6,S
2021-06-15T10:05:27,800.0,101.7,B
2021-06-15T10:05:25,500.0,101.6,S
2021-06-15T10:05:23,2000.0,101.6,S
2021-06-15T10:05:20,200.0,101.6,S
2021-06-15T10:05:18,300.0,101.6,S
2021-06-15T10:04:53,300.0,101.6,S
2021-06-15T10:04:44,5000.0,101.7,B
2021-06-15T10:04:38,1000.0,101.6,S
2021-06-15T10:03:47,3000.0,101.6,S
2021-06-15T10:03:19,200.0,101.7,B
2021-06-15T10:03:12,200.0,101.7,S
2021-06-15T10:03:12,700.0,101.7,S
2021-06-15T10:03:11,700.0,101.7,S
2021-06-15T10:02:49,2000.0,101.8,B
2021-06-15T10:02:16,300.0,101.8,S
2021-06-15T10:01:56,100.0,101.8,S
2021-06-15T10:01:56,1400.0,101.8,S
2021-06-15T10:01:56,100.0,101.9,B
2021-06-15T10:01:50,200.0,101.9,B
2021-06-15T10:01:42,10000.0,101.9,B
2021-06-15T10:01:22,5000.0,101.9,B
2021-06-15T10:01:19,300.0,101.8,S
2021-06-15T10:01:05,5000.0,101.8,S
2021-06-15T10:01:05,200.0,101.8,S
2021-06-15T10:00:59,100.0,101.8,S
2021-06-15T10:00:59,100.0,101.8,S
2021-06-15T10:00:59,23700.0,101.8,S
2021-06-15T10:00:50,500.0,101.8,S
2021-06-15T10:00:45,1000.0,101.9,B
2021-06-15T10:00:41,1000.0,101.9,B
2021-06-15T10:00:39,100.0,101.9,B
2021-06-15T10:00:20,2600.0,101.9,B
2021-06-15T10:00:20,200.0,101.9,B
2021-06-15T10:00:15,3200.0,101.9,B
2021-06-15T09:59:48,700.0,101.9,B
2021-06-15T09:59:32,200.0,102.0,B
2021-06-15T09:59:29,1300.0,101.9,B
2021-06-15T09:59:19,800.0,101.9,S
2021-06-15T09:59:16,100.0,101.9,S
2021-06-15T09:58:55,1000.0,101.9,S
2021-06-15T09:58:52,100.0,101.9,S
2021-06-15T09:58:46,1500.0,101.9,S
2021-06-15T09:58:36,400.0,101.9,S
2021-06-15T09:58:31,100.0,101.9,S
2021-06-15T09:58:15,3200.0,102.0,B
2021-06-15T09:58:11,300.0,101.8,S
2021-06-15T09:57:45,1900.0,101.8,S
2021-06-15T09:57:13,1000.0,101.9,S
2021-06-15T09:57:10,1000.0,102.0,B
2021-06-15T09:56:57,700.0,101.9,S
2021-06-15T09:56:22,300.0,102.0,B
2021-06-15T09:56:11,500.0,102.0,B
2021-06-15T09:56:06,300.0,102.0,B
2021-06-15T09:55:38,1300.0,102.0,S
2021-06-15T09:55:16,100.0,102.0,S
2021-06-15T09:54:54,100.0,102.0,S
2021-06-15T09:54:54,900.0,102.0,S
2021-06-15T09:54:54,1000.0,102.0,S
2021-06-15T09:54:54,4400.0,102.0,S
2021-06-15T09:54:54,500.0,102.0,S
2021-06-15T09:54:53,9900.0,102.0,S
2021-06-15T09:54:48,600.0,102.0,S
2021-06-15T09:54:34,2000.0,102.0,S
2021-06-15T09:54:09,1000.0,102.0,S
2021-06-15T09:53:54,1000.0,102.1,B
2021-06-15T09:53:26,100.0,102.1,B
2021-06-15T09:53:24,100.0,102.0,S
2021-06-15T09:52:39,100.0,102.1,S
2021-06-15T09:52:16,300.0,102.2,S
2021-06-15T09:52:08,500.0,102.2,S
2021-06-15T09:51:59,2500.0,102.2,S
2021-06-15T09:51:53,20000.0,102.0,S
2021-06-15T09:51:48,1200.0,102.1,S
2021-06-15T09:51:32,600.0,102.2,S
2021-06-15T09:51:08,800.0,102.1,S
2021-06-15T09:50:54,200.0,102.1,S
2021-06-15T09:50:54,400.0,102.1,S
2021-06-15T09:50:42,800.0,102.2,S
2021-06-15T09:50:20,1000.0,102.2,S
2021-06-15T09:50:15,100.0,102.2,S
2021-06-15T09:50:11,100.0,102.2,S
2021-06-15T09:50:05,300.0,102.2,S
2021-06-15T09:49:56,500.0,102.2,S
2021-06-15T09:49:40,800.0,102.2,B
2021-06-15T09:49:24,100.0,102.2,B
2021-06-15T09:49:20,800.0,102.2,B
2021-06-15T09:49:11,100.0,102.2,B
2021-06-15T09:48:49,200.0,102.2,B
2021-06-15T09:48:27,2200.0,102.2,B
2021-06-15T09:48:12,500.0,102.2,B
2021-06-15T09:47:31,300.0,102.2,S
2021-06-15T09:47:31,1400.0,102.2,S
2021-06-15T09:47:09,1000.0,102.2,S
2021-06-15T09:46:36,500.0,102.3,B
2021-06-15T09:46:20,100.0,102.3,B
2021-06-15T09:46:13,5000.0,102.2,S
2021-06-15T09:46:11,1000.0,102.3,B
2021-06-15T09:46:04,400.0,102.3,B
2021-06-15T09:45:40,100.0,102.3,B
2021-06-15T09:45:17,300.0,102.3,B
2021-06-15T09:45:12,400.0,102.3,S
2021-06-15T09:45:12,500.0,102.3,S
2021-06-15T09:45:10,100.0,102.3,S
2021-06-15T09:45:01,100.0,102.3,S
2021-06-15T09:44:58,3400.0,102.3,S
2021-06-15T09:44:35,200.0,102.3,B
2021-06-15T09:43:59,600.0,102.5,B
2021-06-15T09:43:58,1700.0,102.2,S
2021-06-15T09:43:58,300.0,102.3,B
2021-06-15T09:43:58,100.0,102.3,B
2021-06-15T09:43:46,200.0,102.3,B
2021-06-15T09:43:46,2700.0,102.3,B
2021-06-15T09:43:45,1400.0,102.2,S
2021-06-15T09:43:45,700.0,102.2,S
2021-06-15T09:43:43,1000.0,102.3,B
2021-06-15T09:43:22,300.0,102.3,S
2021-06-15T09:43:12,2200.0,102.2,S
2021-06-15T09:42:49,200.0,102.5,B
2021-06-15T09:42:44,500.0,102.3,S
2021-06-15T09:42:23,900.0,102.3,B
2021-06-15T09:42:15,100.0,102.3,B
2021-06-15T09:42:13,200.0,102.3,B
2021-06-15T09:42:10,200.0,102.3,B
2021-06-15T09:42:08,400.0,102.3,B
2021-06-15T09:41:55,500.0,102.3,B
2021-06-15T09:41:25,1000.0,102.2,B
2021-06-15T09:40:47,3000.0,102.2,B
2021-06-15T09:40:38,500.0,102.1,B
2021-06-15T09:40:35,2000.0,102.1,B
2021-06-15T09:40:30,100.0,102.2,B
2021-06-15T09:40:30,100.0,102.2,B
2021-06-15T09:40:30,600.0,102.2,B
2021-06-15T09:40:15,2000.0,102.1,B
2021-06-15T09:40:00,100.0,102.1,B
2021-06-15T09:39:58,5000.0,102.1,B
2021-06-15T09:39:16,300.0,102.1,B
2021-06-15T09:39:12,100.0,102.1,B
2021-06-15T09:39:06,100.0,102.0,S
2021-06-15T09:38:43,200.0,102.0,B
2021-06-15T09:38:39,1700.0,102.0,B
2021-06-15T09:38:37,900.0,102.0,B
2021-06-15T09:38:24,200.0,102.0,B
2021-06-15T09:38:21,200.0,102.0,B
2021-06-15T09:37:50,700.0,102.0,B
2021-06-15T09:37:50,4300.0,102.0,B
2021-06-15T09:37:48,500.0,102.0,B
2021-06-15T09:37:43,100.0,101.8,S
2021-06-15T09:37:34,2000.0,102.0,B
2021-06-15T09:37:33,1000.0,102.0,B
2021-06-15T09:37:28,100.0,102.0,B
2021-06-15T09:37:08,500.0,102.0,B
2021-06-15T09:36:59,500.0,102.0,B
2021-06-15T09:36:44,1500.0,102.0,B
2021-06-15T09:36:44,500.0,102.0,B
2021-06-15T09:36:30,100.0,102.0,B
2021-06-15T09:36:30,300.0,102.0,B
2021-06-15T09:36:30,3000.0,102.0,B
2021-06-15T09:36:29,1700.0,102.0,B
2021-06-15T09:36:15,100.0,102.0,B
2021-06-15T09:35:44,1000.0,102.0,B
2021-06-15T09:35:03,100.0,102.0,B
2021-06-15T09:35:03,1000.0,102.0,B
2021-06-15T09:35:01,200.0,102.0,B
2021-06-15T09:35:00,400.0,102.0,B
2021-06-15T09:34:39,100.0,102.0,B
2021-06-15T09:34:34,1000.0,102.0,B
2021-06-15T09:34:23,2000.0,102.0,B
2021-06-15T09:34:07,2000.0,102.1,B
2021-06-15T09:34:07,2700.0,102.0,B
2021-06-15T09:34:07,200.0,102.0,B
2021-06-15T09:33:25,600.0,102.0,S
2021-06-15T09:32:57,600.0,101.5,S
2021-06-15T09:32:18,900.0,101.0,S
2021-06-15T09:32:18,600.0,101.0,S
2021-06-15T09:32:18,8300.0,101.0,S
2021-06-15T09:32:18,6000.0,101.1,S
2021-06-15T09:32:18,2700.0,101.5,S
2021-06-15T09:32:18,1000.0,101.6,S
2021-06-15T09:32:18,5500.0,101.6,S
2021-06-15T09:32:05,300.0,102.0,S
2021-06-15T09:31:57,1000.0,102.0,S
2021-06-15T09:31:40,1200.0,102.0,S
2021-06-15T09:31:31,100.0,102.0,S
2021-06-15T09:31:17,100.0,102.0,S
2021-06-15T09:31:06,100.0,102.0,S
2021-06-15T09:31:05,100.0,102.0,S
2021-06-15T09:30:50,1200.0,102.1,B
2021-06-15T09:30:50,1800.0,101.8,S
2021-06-15T09:30:31,4000.0,101.8,S
2021-06-15T09:30:25,1800.0,101.0,S
2021-06-15T09:30:25,12500.0,101.1,S
2021-06-15T09:30:25,1000.0,101.3,S
2021-06-15T09:30:25,500.0,101.5,S
2021-06-15T09:30:25,1600.0,101.5,S
2021-06-15T09:30:25,800.0,101.5,S
2021-06-15T09:30:25,300.0,101.5,S
2021-06-15T09:30:25,6500.0,101.5,S
2021-06-15T09:30:15,100.0,101.8,S
2021-06-15T09:30:10,500.0,101.8,S
2021-06-15T09:30:08,3000.0,101.8,S
2021-06-15T09:30:06,3800.0,101.8,S
2021-06-15T09:30:06,3200.0,101.8,S
2021-06-15T09:30:04,10100.0,101.8,S
2021-06-15T09:30:04,3200.0,102.1,B
2021-06-15T09:29:47,100.0,102.0,S
2021-06-15T09:29:42,300.0,102.0,S
2021-06-15T09:29:39,100.0,102.0,S
2021-06-15T09:29:26,100.0,102.0,S
2021-06-15T09:29:08,300.0,102.0,S
2021-06-15T09:28:53,10000.0,101.8,S
2021-06-15T09:28:53,1000.0,102.0,S
2021-06-15T09:28:51,1700.0,102.0,S
2021-06-15T09:28:41,200.0,102.0,B
2021-06-15T09:28:41,1300.0,102.0,B
2021-06-15T09:28:41,1800.0,102.0,B
2021-06-15T09:28:34,1000.0,102.0,B
2021-06-15T09:28:22,300.0,102.0,B
2021-06-15T09:28:22,2100.0,102.0,B
2021-06-15T09:28:18,200.0,102.0,B
2021-06-15T09:28:14,2000.0,102.0,B
2021-06-15T09:28:13,200.0,101.8,S
2021-06-15T09:28:07,500.0,102.0,B
2021-06-15T09:27:47,3000.0,101.8,S
2021-06-15T09:27:32,400.0,102.0,B
2021-06-15T09:27:26,500.0,102.0,B
2021-06-15T09:27:20,10000.0,102.0,B
2021-06-15T09:26:57,800.0,102.0,B
2021-06-15T09:26:49,7400.0,102.0,B
2021-06-15T09:26:49,2000.0,102.0,B
2021-06-15T09:26:49,100.0,102.0,B
2021-06-15T09:26:48,500.0,102.0,B
2021-06-15T09:26:44,2400.0,102.0,B
2021-06-15T09:26:38,2000.0,102.0,B
2021-06-15T09:26:27,1300.0,102.0,B
2021-06-15T09:26:21,1300.0,102.0,B
2021-06-15T09:26:20,800.0,102.0,B
2021-06-15T09:26:12,1300.0,102.0,B
2021-06-15T09:25:50,3900.0,101.5,S
2021-06-15T09:25:50,300.0,101.5,S
2021-06-15T09:25:50,1100.0,101.6,S
2021-06-15T09:25:50,1800.0,101.6,S
2021-06-15T09:25:50,2900.0,101.7,S
2021-06-15T09:25:50,2000.0,101.8,B
2021-06-15T09:25:46,1200.0,101.8,B
2021-06-15T09:25:42,200.0,101.8,B
2021-06-15T09:25:39,3200.0,102.0,B
2021-06-15T09:25:34,200.0,101.8,B
2021-06-15T09:25:19,200.0,101.7,S
2021-06-15T09:25:11,200.0,101.7,S
2021-06-15T09:25:08,1000.0,101.7,S
2021-06-15T09:25:07,300.0,102.0,B
2021-06-15T09:25:07,2000.0,101.8,B
2021-06-15T09:25:07,1200.0,101.8,B
2021-06-15T09:25:07,6500.0,101.8,B
2021-06-15T09:24:57,5000.0,101.6,S
2021-06-15T09:24:43,200.0,101.8,B
2021-06-15T09:24:42,3700.0,101.7,S
2021-06-15T09:23:54,200.0,101.8,B
2021-06-15T09:23:53,800.0,101.7,S
2021-06-15T09:23:36,100.0,101.7,S
2021-06-15T09:23:36,100.0,101.7,S
2021-06-15T09:23:16,3200.0,101.8,B
2021-06-15T09:23:11,100.0,101.8,B
2021-06-15T09:22:55,1000.0,101.8,B
2021-06-15T09:22:28,800.0,101.8,S
2021-06-15T09:22:13,5000.0,101.8,S
2021-06-15T09:22:03,3200.0,102.0,B
2021-06-15T09:21:59,1000.0,101.8,S
2021-06-15T09:21:34,10000.0,102.0,B
2021-06-15T09:21:15,700.0,101.9,S
2021-06-15T09:20:35,500.0,102.0,S
2021-06-15T09:20:34,3400.0,102.0,S
2021-06-15T09:20:28,800.0,102.0,S
2021-06-15T09:20:24,3200.0,102.1,B
2021-06-15T09:20:13,500.0,102.0,S
2021-06-15T09:20:05,2000.0,102.0,S
2021-06-15T09:19:46,1700.0,102.0,S
2021-06-15T09:19:45,1000.0,102.1,B
2021-06-15T09:19:44,2800.0,102.0,S
2021-06-15T09:19:44,1200.0,102.0,S
2021-06-15T09:19:44,100.0,102.0,S
2021-06-15T09:19:44,400.0,102.0,S
2021-06-15T09:19:43,300.0,102.0,S
2021-06-15T09:19:41,1000.0,102.0,S
2021-06-15T09:19:12,2000.0,102.0,S
2021-06-15T09:19:10,800.0,102.1,B
2021-06-15T09:19:00,100.0,102.0,S
2021-06-15T09:18:51,1000.0,102.0,S
2021-06-15T09:18:42,200.0,102.0,S
2021-06-15T09:18:34,2000.0,102.0,S
2021-06-15T09:18:26,200.0,102.0,S
2021-06-15T09:18:19,100.0,102.0,S
2021-06-15T09:18:17,100.0,102.1,B
2021-06-15T09:17:51,300.0,102.0,S
2021-06-15T09:17:47,300.0,102.0,S
2021-06-15T09:17:43,800.0,102.1,B
2021-06-15T09:17:39,400.0,102.0,S
2021-06-15T09:17:35,100.0,102.1,B
2021-06-15T09:17:35,500.0,102.0,S
2021-06-15T09:16:34,1800.0,102.0,S
2021-06-15T09:16:31,300.0,102.0,S
2021-06-15T09:15:57,100.0,102.1,B
2021-06-15T09:15:55,200.0,102.0,S
