tradingTime,volume,price,side
2021-06-15T14:30:14,300.0,66.3,S
2021-06-15T14:29:36,7600.0,66.3,S
2021-06-15T14:29:21,12000.0,66.3,B
2021-06-15T14:29:21,400.0,66.3,S
2021-06-15T14:29:05,5500.0,66.4,B
2021-06-15T14:28:33,4900.0,66.2,S
2021-06-15T14:28:27,2000.0,66.5,B
2021-06-15T14:28:08,3300.0,66.4,S
2021-06-15T14:28:07,100.0,66.4,B
2021-06-15T14:27:53,3500.0,66.3,B
2021-06-15T14:27:41,1000.0,66.2,S
2021-06-15T14:27:33,100.0,66.3,B
2021-06-15T14:27:22,1400.0,66.3,B
2021-06-15T14:27:19,2000.0,66.3,S
2021-06-15T14:26:41,1000.0,66.3,S
2021-06-15T14:26:41,1500.0,66.3,S
2021-06-15T14:26:36,2000.0,66.3,S
2021-06-15T14:26:26,3000.0,66.3,S
2021-06-15T14:26:14,2000.0,66.3,S
2021-06-15T14:26:03,200.0,66.3,S
2021-06-15T14:25:44,2000.0,66.3,S
2021-06-15T14:25:34,1000.0,66.3,S
2021-06-15T14:25:03,1600.0,66.3,S
2021-06-15T14:25:02,2100.0,66.3,S
2021-06-15T14:25:02,700.0,66.3,B
2021-06-15T14:24:47,8000.0,66.2,S
2021-06-15T14:24:45,1900.0,66.2,S
2021-06-15T14:24:24,900.0,66.0,S
2021-06-15T14:24:07,800.0,66.0,S
2021-06-15T14:24:07,2300.0,66.0,S
2021-06-15T14:24:01,1000.0,66.0,S
2021-06-15T14:24:01,1200.0,66.0,S
2021-06-15T14:24:01,1000.0,66.0,S
2021-06-15T14:24:01,1700.0,66.0,S
2021-06-15T14:24:01,4000.0,66.1,S
2021-06-15T14:24:01,1300.0,66.1,S
2021-06-15T14:24:01,19600.0,66.1,S
2021-06-15T14:24:01,3600.0,66.1,S
2021-06-15T14:24:01,6500.0,66.1,S
2021-06-15T14:24:01,600.0,66.1,S
2021-06-15T14:24:01,1300.0,66.1,S
2021-06-15T14:24:01,200.0,66.1,S
2021-06-15T14:24:01,1700.0,66.1,S
2021-06-15T14:24:01,1100.0,66.1,S
2021-06-15T14:24:01,100.0,66.1,S
2021-06-15T14:24:01,500.0,66.1,S
2021-06-15T14:24:01,2100.0,66.1,S
2021-06-15T14:24:01,300.0,66.1,S
2021-06-15T14:24:01,30800.0,66.1,S
2021-06-15T14:24:01,1100.0,66.2,S
2021-06-15T14:24:01,800.0,66.2,S
2021-06-15T14:24:01,19500.0,66.2,S
2021-06-15T14:23:55,1000.0,66.3,B
2021-06-15T14:23:48,300.0,66.3,B
2021-06-15T14:23:47,700.0,66.3,S
2021-06-15T14:23:27,300.0,66.3,S
2021-06-15T14:23:16,100.0,66.4,S
2021-06-15T14:23:15,500.0,66.5,B
2021-06-15T14:21:57,500.0,66.5,B
2021-06-15T14:21:30,100.0,66.3,S
2021-06-15T14:21:01,3000.0,66.2,S
2021-06-15T14:20:54,4700.0,66.2,S
2021-06-15T14:20:16,7000.0,66.2,S
2021-06-15T14:20:16,5000.0,66.2,S
2021-06-15T14:19:53,6000.0,66.2,S
2021-06-15T14:19:13,3000.0,66.2,S
2021-06-15T14:19:06,2000.0,66.5,B
2021-06-15T14:18:14,10000.0,66.2,S
2021-06-15T14:17:53,4300.0,66.2,S
2021-06-15T14:17:53,500.0,66.3,B
2021-06-15T14:17:49,900.0,66.2,S
2021-06-15T14:17:49,4100.0,66.2,S
2021-06-15T14:17:39,6000.0,66.2,S
2021-06-15T14:17:39,600.0,66.2,S
2021-06-15T14:17:39,31200.0,66.2,S
2021-06-15T14:17:39,12200.0,66.2,S
2021-06-15T14:17:37,3900.0,66.2,S
2021-06-15T14:17:37,300.0,66.2,S
2021-06-15T14:17:37,19900.0,66.2,S
2021-06-15T14:17:23,5000.0,66.2,S
2021-06-15T14:17:07,500.0,66.3,B
2021-06-15T14:17:02,1300.0,66.3,B
2021-06-15T14:17:02,600.0,66.3,S
2021-06-15T14:17:02,400.0,66.3,S
2021-06-15T14:17:02,800.0,66.3,S
2021-06-15T14:17:02,500.0,66.3,S
2021-06-15T14:17:02,2700.0,66.3,S
2021-06-15T14:17:02,6600.0,66.3,S
2021-06-15T14:17:02,300.0,66.3,S
2021-06-15T14:17:02,5700.0,66.3,S
2021-06-15T14:17:02,500.0,66.3,S
2021-06-15T14:17:02,3700.0,66.3,S
2021-06-15T14:17:02,1100.0,66.3,S
2021-06-15T14:17:02,14200.0,66.4,S
2021-06-15T14:17:02,300.0,66.4,S
2021-06-15T14:17:02,1600.0,66.4,S
2021-06-15T14:17:02,1400.0,66.4,S
2021-06-15T14:17:02,1400.0,66.4,S
2021-06-15T14:17:02,1600.0,66.4,S
2021-06-15T14:16:20,500.0,66.5,B
2021-06-15T14:16:02,200.0,66.5,S
2021-06-15T14:16:01,200.0,66.5,S
2021-06-15T14:16:01,10000.0,66.4,S
2021-06-15T14:16:00,1000.0,66.5,S
2021-06-15T14:15:59,1100.0,66.5,S
2021-06-15T14:15:59,200.0,66.5,S
2021-06-15T14:15:57,300.0,66.5,S
2021-06-15T14:15:56,600.0,66.5,S
2021-06-15T14:15:56,5200.0,66.5,S
2021-06-15T14:15:55,1000.0,66.5,S
2021-06-15T14:15:55,1000.0,66.5,S
2021-06-15T14:15:54,1000.0,66.5,S
2021-06-15T14:15:54,10000.0,66.5,S
2021-06-15T14:15:54,200.0,66.5,S
2021-06-15T14:15:53,1500.0,66.5,S
2021-06-15T14:15:53,200.0,66.5,S
2021-06-15T14:15:52,500.0,66.5,S
2021-06-15T14:15:51,1000.0,66.5,S
2021-06-15T14:15:51,100.0,66.5,S
2021-06-15T14:15:49,300.0,66.5,S
2021-06-15T14:15:48,500.0,66.5,S
2021-06-15T14:15:47,300.0,66.5,S
2021-06-15T14:15:46,100.0,66.5,S
2021-06-15T14:15:46,2800.0,66.5,S
2021-06-15T14:15:46,3200.0,66.5,S
2021-06-15T14:15:45,100.0,66.5,S
2021-06-15T14:15:45,100.0,66.5,S
2021-06-15T14:15:45,6000.0,66.5,S
2021-06-15T14:15:45,1000.0,66.5,S
2021-06-15T14:15:44,1000.0,66.5,S
2021-06-15T14:15:44,4000.0,66.4,S
2021-06-15T14:15:44,200.0,66.5,S
2021-06-15T14:15:42,100.0,66.5,S
2021-06-15T14:15:42,200.0,66.5,S
2021-06-15T14:15:41,100.0,66.5,S
2021-06-15T14:15:41,1300.0,66.5,S
2021-06-15T14:15:40,4200.0,66.5,S
2021-06-15T14:15:40,1000.0,66.5,S
2021-06-15T14:15:40,600.0,66.5,S
2021-06-15T14:15:40,1400.0,66.5,S
2021-06-15T14:15:40,10200.0,66.5,S
2021-06-15T14:15:40,200.0,66.5,S
2021-06-15T14:15:40,2700.0,66.5,S
2021-06-15T14:15:40,5200.0,66.5,S
2021-06-15T14:15:40,400.0,66.5,S
2021-06-15T14:15:40,300.0,66.5,S
2021-06-15T14:15:40,300.0,66.5,S
2021-06-15T14:15:40,1100.0,66.5,S
2021-06-15T14:15:39,2000.0,66.5,S
2021-06-15T14:15:39,400.0,66.5,S
2021-06-15T14:15:39,300.0,66.5,S
2021-06-15T14:15:39,1600.0,66.5,S
2021-06-15T14:15:39,1100.0,66.5,S
2021-06-15T14:15:39,100.0,66.5,S
2021-06-15T14:15:39,1000.0,66.5,S
2021-06-15T14:15:39,100.0,66.5,S
2021-06-15T14:15:39,300.0,66.5,S
2021-06-15T14:15:39,500.0,66.5,S
2021-06-15T14:15:39,300.0,66.5,S
2021-06-15T14:15:39,2100.0,66.5,S
2021-06-15T14:15:39,7600.0,66.5,S
2021-06-15T14:15:39,2600.0,66.5,S
2021-06-15T14:15:39,2000.0,66.5,S
2021-06-15T14:15:39,600.0,66.5,S
2021-06-15T14:15:39,300.0,66.5,S
2021-06-15T14:15:39,300.0,66.5,S
2021-06-15T14:15:39,800.0,66.5,S
2021-06-15T14:15:39,300.0,66.5,S
2021-06-15T14:15:38,800.0,66.5,S
2021-06-15T14:15:38,800.0,66.5,S
2021-06-15T14:15:38,100.0,66.5,S
2021-06-15T14:15:38,100.0,66.5,S
2021-06-15T14:15:38,600.0,66.5,S
2021-06-15T14:15:38,1600.0,66.5,S
2021-06-15T14:15:38,1200.0,66.5,S
2021-06-15T14:15:38,1200.0,66.5,S
2021-06-15T14:15:38,1700.0,66.5,S
2021-06-15T14:15:38,400.0,66.5,S
2021-06-15T14:15:38,2600.0,66.5,S
2021-06-15T14:15:38,3100.0,66.5,S
2021-06-15T14:15:38,1700.0,66.5,S
2021-06-15T14:15:38,100.0,66.5,S
2021-06-15T14:15:38,300.0,66.5,S
2021-06-15T14:15:38,5700.0,66.5,S
2021-06-15T14:15:38,1100.0,66.5,S
2021-06-15T14:15:38,1500.0,66.5,S
2021-06-15T14:15:38,1200.0,66.5,S
2021-06-15T14:15:37,2000.0,66.5,S
2021-06-15T14:15:37,1000.0,66.5,S
2021-06-15T14:15:37,3200.0,66.5,S
2021-06-15T14:15:37,1500.0,66.5,S
2021-06-15T14:15:37,600.0,66.5,S
2021-06-15T14:15:37,1200.0,66.5,S
2021-06-15T14:15:37,1600.0,66.5,S
2021-06-15T14:15:37,500.0,66.5,S
2021-06-15T14:15:37,700.0,66.5,S
2021-06-15T14:15:37,7400.0,66.5,S
2021-06-15T14:15:37,700.0,66.5,S
2021-06-15T14:15:37,100.0,66.5,S
2021-06-15T14:15:37,400.0,66.5,S
2021-06-15T14:15:37,21400.0,66.5,S
2021-06-15T14:15:37,29800.0,66.5,S
2021-06-15T14:15:37,200.0,66.5,S
2021-06-15T14:15:36,200.0,66.5,S
2021-06-15T14:15:36,600.0,66.5,S
2021-06-15T14:15:33,1000.0,66.5,S
2021-06-15T14:15:33,100.0,66.5,S
2021-06-15T14:15:31,400.0,66.5,S
2021-06-15T14:15:31,100.0,66.5,S
2021-06-15T14:15:31,2000.0,66.5,S
2021-06-15T14:15:30,2000.0,66.5,S
2021-06-15T14:15:30,100.0,66.5,S
2021-06-15T14:15:30,1800.0,66.5,S
2021-06-15T14:15:29,100.0,66.6,B
2021-06-15T14:15:29,200.0,66.5,S
2021-06-15T14:15:29,600.0,66.5,S
2021-06-15T14:15:28,1000.0,66.5,S
2021-06-15T14:15:28,1500.0,66.5,S
2021-06-15T14:15:28,2500.0,66.5,S
2021-06-15T14:15:26,300.0,66.5,S
2021-06-15T14:15:26,200.0,66.6,B
2021-06-15T14:15:26,300.0,66.5,S
2021-06-15T14:15:25,900.0,66.5,S
2021-06-15T14:15:16,3100.0,66.5,S
2021-06-15T14:15:16,1200.0,66.5,S
2021-06-15T14:15:16,5700.0,66.5,S
2021-06-15T14:15:16,100.0,66.5,S
2021-06-15T14:15:15,200.0,66.5,S
2021-06-15T14:15:14,100.0,66.6,B
2021-06-15T14:15:14,1000.0,66.5,S
2021-06-15T14:15:13,1000.0,66.5,S
2021-06-15T14:15:06,900.0,66.5,S
2021-06-15T14:15:06,10500.0,66.5,S
2021-06-15T14:15:05,1000.0,66.5,S
2021-06-15T14:15:04,1000.0,66.5,S
2021-06-15T14:15:00,5000.0,66.5,S
2021-06-15T14:15:00,100.0,66.6,B
2021-06-15T14:14:59,3000.0,66.6,B
2021-06-15T14:14:57,1000.0,66.5,S
2021-06-15T14:14:57,5500.0,66.5,S
2021-06-15T14:14:57,200.0,66.6,B
2021-06-15T14:14:56,100.0,66.6,B
2021-06-15T14:14:56,200.0,66.6,B
2021-06-15T14:14:56,11800.0,66.5,S
2021-06-15T14:14:56,800.0,66.5,S
2021-06-15T14:14:56,1000.0,66.5,S
2021-06-15T14:14:56,4100.0,66.5,S
2021-06-15T14:14:55,1500.0,66.5,S
2021-06-15T14:14:55,1200.0,66.5,S
2021-06-15T14:14:55,800.0,66.5,S
2021-06-15T14:14:55,500.0,66.5,S
2021-06-15T14:14:55,100.0,66.5,S
2021-06-15T14:14:55,700.0,66.5,S
2021-06-15T14:14:55,1300.0,66.5,S
2021-06-15T14:14:55,100.0,66.5,S
2021-06-15T14:14:55,700.0,66.5,S
2021-06-15T14:14:55,800.0,66.5,S
2021-06-15T14:14:55,1500.0,66.5,S
2021-06-15T14:14:55,23100.0,66.5,S
2021-06-15T14:14:53,200.0,66.6,B
2021-06-15T14:14:53,100.0,66.6,B
2021-06-15T14:14:52,1000.0,66.6,B
2021-06-15T14:14:49,1000.0,66.6,B
2021-06-15T14:14:46,300.0,66.5,S
2021-06-15T14:14:46,1000.0,66.6,B
2021-06-15T14:14:45,200.0,66.6,B
2021-06-15T14:14:45,100.0,66.6,B
2021-06-15T14:14:44,100000.0,66.5,S
2021-06-15T14:14:43,100.0,66.6,B
2021-06-15T14:14:43,1000.0,66.6,B
2021-06-15T14:14:43,400.0,66.6,B
2021-06-15T14:14:41,200.0,66.6,S
2021-06-15T14:14:41,3700.0,66.6,S
2021-06-15T14:14:40,5100.0,66.6,S
2021-06-15T14:14:40,500.0,66.6,S
2021-06-15T14:14:40,5000.0,66.6,S
2021-06-15T14:14:40,4900.0,66.6,S
2021-06-15T14:14:39,1100.0,66.6,S
2021-06-15T14:14:39,1200.0,66.6,S
2021-06-15T14:14:39,600.0,66.6,S
2021-06-15T14:14:39,1000.0,66.6,S
2021-06-15T14:14:39,1800.0,66.6,S
2021-06-15T14:14:39,2100.0,66.6,S
2021-06-15T14:14:39,1000.0,66.6,S
2021-06-15T14:14:39,1000.0,66.6,S
2021-06-15T14:14:39,2500.0,66.6,S
2021-06-15T14:14:39,300.0,66.6,S
2021-06-15T14:14:39,500.0,66.6,S
2021-06-15T14:14:39,200.0,66.6,S
2021-06-15T14:14:39,1800.0,66.6,S
2021-06-15T14:14:37,200.0,66.7,B
2021-06-15T14:14:37,300.0,66.6,S
2021-06-15T14:14:37,1500.0,66.6,S
2021-06-15T14:14:36,2000.0,66.6,S
2021-06-15T14:14:35,100.0,66.6,S
2021-06-15T14:14:33,2000.0,66.6,S
2021-06-15T14:14:32,1000.0,66.6,S
2021-06-15T14:14:28,1000.0,66.6,S
2021-06-15T14:14:27,1700.0,66.6,S
2021-06-15T14:14:27,300.0,66.6,S
2021-06-15T14:14:27,500.0,66.6,S
2021-06-15T14:14:27,2000.0,66.6,S
2021-06-15T14:14:26,100.0,66.6,S
2021-06-15T14:14:26,2200.0,66.7,B
2021-06-15T14:14:26,1000.0,66.6,S
2021-06-15T14:14:26,2800.0,66.6,S
2021-06-15T14:14:26,900.0,66.6,S
2021-06-15T14:14:26,200.0,66.6,S
2021-06-15T14:14:25,8600.0,66.6,S
2021-06-15T14:14:24,1000.0,66.6,S
2021-06-15T14:14:24,4500.0,66.7,B
2021-06-15T14:14:24,400.0,66.7,B
2021-06-15T14:14:24,500.0,66.6,S
2021-06-15T14:14:23,200.0,66.6,S
2021-06-15T14:14:19,2000.0,66.6,S
2021-06-15T14:14:18,5000.0,66.6,S
2021-06-15T14:14:16,300.0,66.6,S
2021-06-15T14:14:15,100.0,66.6,S
2021-06-15T14:14:15,25000.0,66.6,S
2021-06-15T14:14:13,6000.0,66.6,S
2021-06-15T14:14:12,3000.0,66.6,S
2021-06-15T14:14:12,1000.0,66.6,S
2021-06-15T14:14:11,100.0,66.7,B
2021-06-15T14:14:09,1000.0,66.6,S
2021-06-15T14:14:09,50000.0,66.7,B
2021-06-15T14:14:08,500.0,66.6,S
2021-06-15T14:14:08,300.0,66.6,S
2021-06-15T14:14:04,500.0,66.6,S
2021-06-15T14:14:03,100.0,66.6,S
2021-06-15T14:14:03,19500.0,66.6,S
2021-06-15T14:14:03,400.0,66.6,S
2021-06-15T14:14:03,23300.0,66.6,S
2021-06-15T14:14:02,7500.0,66.6,S
2021-06-15T14:14:02,1100.0,66.6,S
2021-06-15T14:14:02,100.0,66.6,S
2021-06-15T14:14:02,4500.0,66.6,S
2021-06-15T14:14:02,300.0,66.6,S
2021-06-15T14:14:02,100.0,66.6,S
2021-06-15T14:14:02,1400.0,66.6,S
2021-06-15T14:14:00,41900.0,66.6,S
2021-06-15T14:14:00,400.0,66.7,B
2021-06-15T14:13:57,1500.0,66.7,B
2021-06-15T14:13:56,100.0,66.7,B
2021-06-15T14:13:50,8200.0,66.6,S
2021-06-15T14:13:50,1000.0,66.7,B
2021-06-15T14:13:49,45000.0,66.7,B
2021-06-15T14:13:49,300.0,66.6,S
2021-06-15T14:13:47,200.0,66.7,B
2021-06-15T14:13:44,1000.0,66.6,S
2021-06-15T14:13:44,100.0,66.7,B
2021-06-15T14:13:43,1000.0,66.7,B
2021-06-15T14:13:43,600.0,66.6,S
2021-06-15T14:13:37,10000.0,66.7,S
2021-06-15T14:13:36,1000.0,66.7,S
2021-06-15T14:13:35,500.0,66.7,S
2021-06-15T14:13:34,100.0,66.7,S
2021-06-15T14:13:32,10000.0,66.6,S
2021-06-15T14:13:32,2000.0,66.6,S
2021-06-15T14:13:28,2500.0,66.7,S
2021-06-15T14:13:27,300.0,66.7,S
2021-06-15T14:13:24,200.0,66.7,S
2021-06-15T14:13:24,300.0,66.7,S
2021-06-15T14:13:23,100.0,66.7,S
2021-06-15T14:13:21,500.0,66.6,S
2021-06-15T14:13:21,200.0,66.7,S
2021-06-15T14:13:21,200.0,66.6,S
2021-06-15T14:13:18,3000.0,66.6,S
2021-06-15T14:13:16,2000.0,66.6,S
2021-06-15T14:13:15,1700.0,66.7,S
2021-06-15T14:13:14,1000.0,66.7,S
2021-06-15T14:13:13,2000.0,66.8,B
2021-06-15T14:13:11,500.0,66.7,S
2021-06-15T14:13:07,3800.0,66.8,B
2021-06-15T14:13:04,100.0,66.7,S
2021-06-15T14:13:04,18000.0,66.8,B
2021-06-15T14:13:03,500.0,66.8,B
2021-06-15T14:13:03,100.0,66.8,B
2021-06-15T14:13:01,9000.0,66.6,S
2021-06-15T14:13:00,100.0,66.8,B
2021-06-15T14:13:00,500.0,66.6,S
2021-06-15T14:12:59,800.0,66.6,S
2021-06-15T14:12:59,1200.0,66.6,S
2021-06-15T14:12:59,500.0,66.8,B
2021-06-15T14:12:58,200.0,66.8,B
2021-06-15T14:12:57,1300.0,66.6,S
2021-06-15T14:12:57,500.0,66.6,S
2021-06-15T14:12:57,1000.0,66.6,S
2021-06-15T14:12:57,47200.0,66.6,S
2021-06-15T14:12:56,900.0,66.8,B
2021-06-15T14:12:51,1300.0,66.6,S
2021-06-15T14:12:51,500.0,66.8,B
2021-06-15T14:12:51,400.0,66.7,S
2021-06-15T14:12:50,100.0,66.7,S
2021-06-15T14:12:50,500.0,66.8,B
2021-06-15T14:12:50,2100.0,66.6,S
2021-06-15T14:12:50,400.0,66.6,S
2021-06-15T14:12:49,200.0,66.6,S
2021-06-15T14:12:49,200.0,66.6,S
2021-06-15T14:12:49,900.0,66.6,S
2021-06-15T14:12:49,7000.0,66.6,S
2021-06-15T14:12:49,1300.0,66.6,S
2021-06-15T14:12:49,100.0,66.6,S
2021-06-15T14:12:49,10100.0,66.6,S
2021-06-15T14:12:49,2100.0,66.6,S
2021-06-15T14:12:49,800.0,66.6,S
2021-06-15T14:12:49,1000.0,66.6,S
2021-06-15T14:12:49,1500.0,66.6,S
2021-06-15T14:12:49,1700.0,66.6,S
2021-06-15T14:12:49,1500.0,66.6,S
2021-06-15T14:12:49,35600.0,66.6,S
2021-06-15T14:12:49,3500.0,66.7,S
2021-06-15T14:12:49,4200.0,66.7,S
2021-06-15T14:12:49,300.0,66.7,S
2021-06-15T14:12:48,25500.0,66.7,S
2021-06-15T14:12:42,300.0,66.7,S
2021-06-15T14:12:42,400.0,66.7,S
2021-06-15T14:12:42,8100.0,66.7,S
2021-06-15T14:12:39,18700.0,66.7,S
2021-06-15T14:12:39,2600.0,66.7,S
2021-06-15T14:12:39,300.0,66.7,S
2021-06-15T14:12:39,1400.0,66.7,S
2021-06-15T14:12:38,3000.0,66.7,S
2021-06-15T14:12:38,200.0,66.7,S
2021-06-15T14:12:37,5000.0,66.8,S
2021-06-15T14:12:36,1000.0,66.7,S
2021-06-15T14:12:36,100.0,66.8,S
2021-06-15T14:12:36,1100.0,66.7,S
2021-06-15T14:12:36,5100.0,66.7,S
2021-06-15T14:12:36,1500.0,66.7,S
2021-06-15T14:12:36,200.0,66.7,S
2021-06-15T14:12:36,400.0,66.7,S
2021-06-15T14:12:36,6700.0,66.7,S
2021-06-15T14:12:35,1400.0,66.7,S
2021-06-15T14:12:35,1200.0,66.7,S
2021-06-15T14:12:35,5700.0,66.7,S
2021-06-15T14:12:35,5000.0,66.7,S
2021-06-15T14:12:35,2300.0,66.7,S
2021-06-15T14:12:35,100.0,66.7,S
2021-06-15T14:12:35,1000.0,66.7,S
2021-06-15T14:12:35,700.0,66.7,S
2021-06-15T14:12:35,32800.0,66.7,S
2021-06-15T14:12:35,1000.0,66.8,S
2021-06-15T14:12:33,1000.0,66.8,S
2021-06-15T14:12:32,100.0,66.8,S
2021-06-15T14:12:30,200.0,66.8,S
2021-06-15T14:12:30,2500.0,66.8,S
2021-06-15T14:12:28,10000.0,66.8,S
2021-06-15T14:12:26,3400.0,66.8,S
2021-06-15T14:12:26,1700.0,66.8,S
2021-06-15T14:12:25,200.0,66.8,S
2021-06-15T14:12:25,100.0,66.8,S
2021-06-15T14:12:23,500.0,66.8,S
2021-06-15T14:12:20,200.0,66.8,S
2021-06-15T14:12:19,50100.0,66.7,S
2021-06-15T14:12:19,100.0,66.8,S
2021-06-15T14:12:19,10200.0,66.8,S
2021-06-15T14:12:17,1500.0,66.8,S
2021-06-15T14:12:15,500.0,66.8,S
2021-06-15T14:12:14,3000.0,66.8,S
2021-06-15T14:12:13,200.0,66.8,S
2021-06-15T14:12:12,3000.0,66.8,S
2021-06-15T14:12:11,2400.0,66.8,S
2021-06-15T14:12:11,22500.0,66.8,S
2021-06-15T14:12:09,600.0,66.8,S
2021-06-15T14:11:59,100.0,66.8,S
2021-06-15T14:11:56,100.0,66.8,S
2021-06-15T14:11:55,100.0,66.8,S
2021-06-15T14:11:54,700.0,66.7,S
2021-06-15T14:11:54,300.0,66.8,S
2021-06-15T14:11:50,100.0,66.8,S
2021-06-15T14:11:49,100.0,66.8,S
2021-06-15T14:11:49,1000.0,66.8,S
2021-06-15T14:11:46,1700.0,66.8,S
2021-06-15T14:11:41,900.0,66.8,S
2021-06-15T14:11:40,200.0,66.8,S
2021-06-15T14:11:40,100.0,66.8,S
2021-06-15T14:11:39,800.0,66.8,S
2021-06-15T14:11:39,200.0,66.8,S
2021-06-15T14:11:38,100.0,66.7,S
2021-06-15T14:11:38,1000.0,66.8,S
2021-06-15T14:11:38,300.0,66.8,S
2021-06-15T14:11:38,100.0,66.8,S
2021-06-15T14:11:36,600.0,66.8,S
2021-06-15T14:11:35,2000.0,66.7,S
2021-06-15T14:11:33,500.0,66.8,S
2021-06-15T14:11:33,1000.0,66.8,S
2021-06-15T14:11:33,500.0,66.8,S
2021-06-15T14:11:33,200.0,66.8,S
2021-06-15T14:11:33,100.0,66.8,S
2021-06-15T14:11:30,50000.0,66.7,S
2021-06-15T14:11:29,4900.0,66.8,S
2021-06-15T14:11:27,5000.0,66.8,S
2021-06-15T14:11:26,100.0,66.7,S
2021-06-15T14:11:25,400.0,66.8,S
2021-06-15T14:11:24,100.0,66.8,S
2021-06-15T14:11:23,100.0,66.8,S
2021-06-15T14:11:12,400.0,66.8,S
2021-06-15T14:11:11,200.0,66.8,S
2021-06-15T14:11:06,100.0,66.8,S
2021-06-15T14:11:05,2000.0,66.7,S
2021-06-15T14:11:05,4000.0,66.8,S
2021-06-15T14:11:05,46400.0,66.8,S
2021-06-15T14:11:05,20000.0,66.8,S
2021-06-15T14:11:03,100.0,66.8,S
2021-06-15T14:11:03,42900.0,66.7,S
2021-06-15T14:11:03,6500.0,66.8,S
2021-06-15T14:11:03,3000.0,66.8,S
2021-06-15T14:11:01,100.0,66.8,S
2021-06-15T14:11:00,100.0,66.8,S
2021-06-15T14:10:59,2200.0,66.7,S
2021-06-15T14:10:59,700.0,66.7,S
2021-06-15T14:10:55,2000.0,66.7,S
2021-06-15T14:10:50,200.0,66.8,S
2021-06-15T14:10:50,4100.0,66.8,S
2021-06-15T14:10:50,1100.0,66.8,S
2021-06-15T14:10:47,80000.0,66.7,S
2021-06-15T14:10:45,500.0,66.8,S
2021-06-15T14:10:44,5200.0,67.0,B
2021-06-15T14:10:43,100.0,66.9,S
2021-06-15T14:10:43,200.0,66.9,S
2021-06-15T14:10:41,10000.0,66.8,S
2021-06-15T14:10:37,3000.0,66.9,S
2021-06-15T14:10:34,3000.0,66.7,S
2021-06-15T14:10:33,100.0,66.9,S
2021-06-15T14:10:33,700.0,66.9,S
2021-06-15T14:10:33,300.0,66.9,S
2021-06-15T14:10:20,200.0,66.7,S
2021-06-15T14:10:20,3000.0,66.7,S
2021-06-15T14:10:19,25000.0,67.0,B
2021-06-15T14:10:17,100.0,67.0,B
2021-06-15T14:10:08,57100.0,66.7,S
2021-06-15T14:10:08,100.0,66.8,S
2021-06-15T14:10:08,1700.0,66.8,S
2021-06-15T14:10:08,8000.0,66.8,S
2021-06-15T14:10:08,4100.0,66.9,S
2021-06-15T14:09:55,16800.0,67.0,B
2021-06-15T14:09:55,13200.0,67.0,B
2021-06-15T14:09:53,40700.0,67.0,B
2021-06-15T14:09:53,1100.0,67.0,B
2021-06-15T14:09:53,2900.0,67.0,B
2021-06-15T14:09:53,1300.0,67.0,B
2021-06-15T14:09:53,1000.0,67.0,B
2021-06-15T14:09:53,800.0,67.0,B
2021-06-15T14:09:53,2600.0,67.0,B
2021-06-15T14:09:53,1500.0,67.0,B
2021-06-15T14:09:52,48100.0,67.0,B
2021-06-15T14:09:52,1000.0,66.9,S
2021-06-15T14:09:47,3000.0,66.9,S
2021-06-15T14:09:46,1000.0,66.9,S
2021-06-15T14:09:45,1200.0,66.9,S
2021-06-15T14:09:38,20000.0,66.7,S
2021-06-15T14:09:37,6500.0,67.0,B
2021-06-15T14:09:37,1500.0,67.0,B
2021-06-15T14:09:37,600.0,67.0,B
2021-06-15T14:09:37,800.0,67.0,B
2021-06-15T14:09:37,3900.0,67.0,B
2021-06-15T14:09:37,8500.0,67.0,B
2021-06-15T14:09:37,3200.0,66.9,S
2021-06-15T14:09:37,118300.0,66.7,S
2021-06-15T14:09:37,400.0,66.7,S
2021-06-15T14:09:37,8100.0,66.7,S
2021-06-15T14:09:36,300.0,66.7,S
2021-06-15T14:09:36,1200.0,66.7,S
2021-06-15T14:09:36,1000.0,66.7,S
2021-06-15T14:09:36,2700.0,66.7,S
2021-06-15T14:09:36,6800.0,66.7,S
2021-06-15T14:09:36,200.0,66.7,S
2021-06-15T14:09:36,700.0,66.7,S
2021-06-15T14:09:36,300.0,66.7,S
2021-06-15T14:09:36,200.0,66.7,S
2021-06-15T14:09:36,1100.0,66.7,S
2021-06-15T14:09:36,4100.0,66.7,S
2021-06-15T14:09:36,200.0,66.7,S
2021-06-15T14:09:36,100.0,66.7,S
2021-06-15T14:09:36,700.0,66.7,S
2021-06-15T14:09:36,200.0,66.7,S
2021-06-15T14:09:36,300.0,66.7,S
2021-06-15T14:09:36,400.0,66.7,S
2021-06-15T14:09:36,300.0,66.7,S
2021-06-15T14:09:35,2600.0,66.7,S
2021-06-15T14:09:35,6300.0,66.7,S
2021-06-15T14:09:35,100.0,66.7,S
2021-06-15T14:09:35,200.0,66.7,S
2021-06-15T14:09:35,6000.0,66.7,S
2021-06-15T14:09:35,20200.0,66.7,S
2021-06-15T14:09:35,22400.0,66.7,S
2021-06-15T14:09:35,1100.0,66.7,S
2021-06-15T14:09:35,100.0,66.7,S
2021-06-15T14:09:35,3000.0,66.7,S
2021-06-15T14:09:35,21000.0,66.7,S
2021-06-15T14:09:35,100.0,66.7,S
2021-06-15T14:09:35,10200.0,66.7,S
2021-06-15T14:09:35,200.0,66.7,S
2021-06-15T14:09:35,100.0,66.7,S
2021-06-15T14:09:35,2300.0,66.7,S
2021-06-15T14:09:35,2800.0,66.7,S
2021-06-15T14:09:35,1000.0,66.7,S
2021-06-15T14:09:35,12700.0,66.7,S
2021-06-15T14:09:25,5200.0,66.9,S
2021-06-15T14:09:24,200.0,66.9,S
2021-06-15T14:09:22,25000.0,67.0,B
2021-06-15T14:09:14,1000.0,67.0,B
2021-06-15T14:09:14,4000.0,67.0,B
2021-06-15T14:09:14,200.0,67.0,B
2021-06-15T14:09:14,19800.0,67.0,B
2021-06-15T14:09:14,10000.0,66.7,S
2021-06-15T14:09:14,1200.0,66.7,S
2021-06-15T14:09:14,300.0,66.7,S
2021-06-15T14:09:14,3100.0,66.7,S
2021-06-15T14:09:14,800.0,66.7,S
2021-06-15T14:09:14,200.0,66.7,S
2021-06-15T14:09:14,200.0,66.7,S
2021-06-15T14:09:14,1600.0,66.7,S
2021-06-15T14:09:14,10500.0,66.7,S
2021-06-15T14:09:14,2700.0,66.7,S
2021-06-15T14:09:14,200.0,66.7,S
2021-06-15T14:09:14,1100.0,66.7,S
2021-06-15T14:09:14,1300.0,66.7,S
2021-06-15T14:09:14,300.0,66.7,S
2021-06-15T14:09:14,9000.0,66.7,S
2021-06-15T14:09:14,500.0,66.7,S
2021-06-15T14:09:14,700.0,66.7,S
2021-06-15T14:09:14,700.0,66.7,S
2021-06-15T14:09:14,900.0,66.7,S
2021-06-15T14:09:14,400.0,66.7,S
2021-06-15T14:09:14,700.0,66.7,S
2021-06-15T14:09:14,21600.0,66.8,S
2021-06-15T14:09:14,4100.0,66.8,S
2021-06-15T14:09:14,100.0,66.8,S
2021-06-15T14:09:14,200.0,66.8,S
2021-06-15T14:09:14,700.0,66.8,S
2021-06-15T14:09:14,800.0,66.8,S
2021-06-15T14:09:14,600.0,66.8,S
2021-06-15T14:09:14,2300.0,66.8,S
2021-06-15T14:09:14,200.0,66.8,S
2021-06-15T14:09:14,2200.0,66.8,S
2021-06-15T14:09:14,5000.0,66.8,S
2021-06-15T14:09:14,100.0,66.8,S
2021-06-15T14:09:14,10100.0,66.8,S
2021-06-15T14:09:13,10400.0,66.8,S
2021-06-15T14:09:13,7700.0,66.8,S
2021-06-15T14:09:13,900.0,66.8,S
2021-06-15T14:09:13,4500.0,66.8,S
2021-06-15T14:09:13,1100.0,66.8,S
2021-06-15T14:09:13,500.0,66.8,S
2021-06-15T14:09:13,12700.0,66.8,S
2021-06-15T14:09:13,600.0,66.8,S
2021-06-15T14:09:13,200.0,66.8,S
2021-06-15T14:09:13,300.0,66.8,S
2021-06-15T14:09:13,38200.0,66.8,S
2021-06-15T14:09:13,200.0,66.8,S
2021-06-15T14:09:13,100.0,66.8,S
2021-06-15T14:09:13,3200.0,66.8,S
2021-06-15T14:09:13,300.0,66.8,S
2021-06-15T14:09:13,800.0,66.8,S
2021-06-15T14:09:13,10200.0,66.8,S
2021-06-15T14:09:13,1100.0,66.8,S
2021-06-15T14:09:13,1500.0,66.8,S
2021-06-15T14:09:13,5400.0,66.8,S
2021-06-15T14:09:13,2600.0,66.8,S
2021-06-15T14:09:13,400.0,66.8,S
2021-06-15T14:09:12,100.0,66.8,S
2021-06-15T14:09:12,4400.0,66.8,S
2021-06-15T14:09:12,10800.0,66.8,S
2021-06-15T14:09:12,1200.0,66.8,S
2021-06-15T14:09:12,2400.0,66.8,S
2021-06-15T14:09:12,200.0,66.8,S
2021-06-15T14:09:10,400.0,66.8,S
2021-06-15T14:09:10,300.0,66.8,S
2021-06-15T14:09:10,1400.0,66.8,S
2021-06-15T14:09:10,1600.0,66.8,S
2021-06-15T14:09:10,1800.0,66.8,S
2021-06-15T14:09:10,400.0,66.8,S
2021-06-15T14:09:10,2100.0,66.8,S
2021-06-15T14:09:10,1100.0,66.8,S
2021-06-15T14:09:10,1100.0,66.8,S
2021-06-15T14:09:10,2000.0,66.8,S
2021-06-15T14:09:10,600.0,66.8,S
2021-06-15T14:09:10,1200.0,66.8,S
2021-06-15T14:09:10,100.0,66.8,S
2021-06-15T14:09:10,5300.0,66.8,S
2021-06-15T14:09:10,1000.0,66.8,S
2021-06-15T14:09:10,3000.0,66.8,S
2021-06-15T14:09:10,600.0,66.8,S
2021-06-15T14:09:10,6100.0,66.8,S
2021-06-15T14:09:10,600.0,66.8,S
2021-06-15T14:09:10,2000.0,66.8,S
2021-06-15T14:09:10,2600.0,66.8,S
2021-06-15T14:09:10,27100.0,66.8,S
2021-06-15T14:09:10,6000.0,66.9,S
2021-06-15T14:09:10,10500.0,66.9,S
2021-06-15T14:09:10,1100.0,66.9,S
2021-06-15T14:09:10,4100.0,66.9,S
2021-06-15T14:09:10,3600.0,67.0,B
2021-06-15T14:09:09,1900.0,66.9,S
2021-06-15T14:09:07,1000.0,67.0,B
2021-06-15T14:09:03,1000.0,66.9,S
2021-06-15T14:09:03,200.0,66.9,S
2021-06-15T14:09:02,200.0,66.9,S
2021-06-15T14:09:00,4000.0,66.9,S
2021-06-15T14:08:58,200.0,66.9,S
2021-06-15T14:08:56,2000.0,66.9,S
2021-06-15T14:08:55,9500.0,66.9,S
2021-06-15T14:08:55,10500.0,66.9,S
2021-06-15T14:08:54,2000.0,66.9,S
2021-06-15T14:08:54,3100.0,66.9,S
2021-06-15T14:08:54,5600.0,66.9,S
2021-06-15T14:08:54,5100.0,66.9,S
2021-06-15T14:08:54,5000.0,66.9,S
2021-06-15T14:08:53,100.0,66.9,S
2021-06-15T14:08:53,2500.0,66.9,S
2021-06-15T14:08:53,3300.0,66.9,S
2021-06-15T14:08:53,5500.0,66.9,S
2021-06-15T14:08:53,5200.0,66.9,S
2021-06-15T14:08:53,1800.0,66.9,S
2021-06-15T14:08:53,500.0,66.9,S
2021-06-15T14:08:52,1500.0,66.9,S
2021-06-15T14:08:52,500.0,66.9,S
2021-06-15T14:08:52,10100.0,66.9,S
2021-06-15T14:08:50,100.0,66.9,S
2021-06-15T14:08:49,2000.0,67.0,B
2021-06-15T14:08:49,100.0,67.0,B
2021-06-15T14:08:48,2000.0,67.0,B
2021-06-15T14:08:47,100.0,66.9,S
2021-06-15T14:08:47,100.0,67.0,B
2021-06-15T14:08:43,100.0,67.0,B
2021-06-15T14:08:43,500.0,66.9,S
2021-06-15T14:08:43,7000.0,67.0,B
2021-06-15T14:08:42,100.0,67.0,B
2021-06-15T14:08:41,500.0,67.0,B
2021-06-15T14:08:31,200.0,66.9,S
2021-06-15T14:08:30,300.0,67.0,B
2021-06-15T14:08:30,2700.0,67.0,B
2021-06-15T14:08:29,1000.0,66.9,S
2021-06-15T14:08:27,18000.0,66.9,S
2021-06-15T14:08:27,5000.0,66.9,S
2021-06-15T14:08:22,2500.0,67.0,B
2021-06-15T14:08:16,200.0,67.0,B
2021-06-15T14:08:16,1800.0,67.0,B
2021-06-15T14:08:15,1000.0,67.0,B
2021-06-15T14:08:11,600.0,67.0,B
2021-06-15T14:08:08,3000.0,67.0,B
2021-06-15T14:08:07,300.0,66.9,S
2021-06-15T14:08:06,1400.0,67.0,B
2021-06-15T14:08:06,1700.0,67.0,B
2021-06-15T14:08:05,1000.0,66.9,S
2021-06-15T14:08:03,2000.0,67.0,B
2021-06-15T14:08:00,2500.0,67.0,B
2021-06-15T14:07:56,200.0,66.9,S
2021-06-15T14:07:51,50000.0,67.0,B
2021-06-15T14:07:50,2000.0,67.0,B
2021-06-15T14:07:50,100.0,67.0,B
2021-06-15T14:07:47,103000.0,67.0,B
2021-06-15T14:07:45,300.0,66.9,S
2021-06-15T14:07:44,2000.0,67.0,B
2021-06-15T14:07:43,1000.0,67.0,B
2021-06-15T14:07:43,1000.0,66.9,S
2021-06-15T14:07:42,1000.0,67.0,B
2021-06-15T14:07:42,2700.0,66.9,S
2021-06-15T14:07:42,2500.0,66.9,S
2021-06-15T14:07:39,3000.0,67.0,B
2021-06-15T14:07:36,3000.0,67.0,B
2021-06-15T14:07:35,7000.0,66.9,S
2021-06-15T14:07:35,4100.0,66.9,S
2021-06-15T14:07:33,1500.0,67.0,B
2021-06-15T14:07:31,200.0,67.0,B
2021-06-15T14:07:30,1000.0,67.0,B
2021-06-15T14:07:29,3500.0,66.9,S
2021-06-15T14:07:28,300.0,67.0,B
2021-06-15T14:07:28,100.0,67.0,B
2021-06-15T14:07:27,500.0,66.9,S
2021-06-15T14:07:25,100.0,67.0,B
2021-06-15T14:07:25,2500.0,67.0,B
2021-06-15T14:07:25,400.0,66.9,S
2021-06-15T14:07:23,800.0,66.9,S
2021-06-15T14:07:23,2000.0,66.9,S
2021-06-15T14:07:23,17200.0,66.9,S
2021-06-15T14:07:23,12100.0,66.9,S
2021-06-15T14:07:22,2500.0,67.0,B
2021-06-15T14:07:22,500.0,66.9,S
2021-06-15T14:07:21,30000.0,66.9,S
2021-06-15T14:07:21,100.0,67.0,B
2021-06-15T14:07:20,1300.0,67.0,B
2021-06-15T14:07:14,200.0,67.0,B
2021-06-15T14:07:13,300000.0,67.0,B
2021-06-15T14:07:12,2000.0,67.0,B
2021-06-15T14:07:12,200.0,67.0,B
2021-06-15T14:07:11,200.0,66.9,S
2021-06-15T14:07:10,2000.0,66.9,S
2021-06-15T14:07:10,2500.0,66.9,S
2021-06-15T14:07:08,200.0,67.0,B
2021-06-15T14:07:08,500.0,67.0,B
2021-06-15T14:07:02,1000.0,66.9,S
2021-06-15T14:07:01,5000.0,67.0,B
2021-06-15T14:07:01,3000.0,67.0,B
2021-06-15T14:07:00,400.0,67.0,B
2021-06-15T14:07:00,2500.0,67.0,B
2021-06-15T14:06:58,100.0,67.0,B
2021-06-15T14:06:46,1500.0,67.0,B
2021-06-15T14:06:45,200.0,66.9,S
2021-06-15T14:06:45,1500.0,67.0,B
2021-06-15T14:06:45,1000.0,66.9,S
2021-06-15T14:06:41,100.0,67.0,B
2021-06-15T14:06:40,2000.0,67.0,B
2021-06-15T14:06:38,30000.0,67.0,B
2021-06-15T14:06:37,2500.0,67.0,B
2021-06-15T14:06:35,100.0,67.0,B
2021-06-15T14:06:32,100.0,67.0,B
2021-06-15T14:06:31,2000.0,67.0,B
2021-06-15T14:06:29,100.0,67.0,B
2021-06-15T14:06:25,100.0,67.0,B
2021-06-15T14:06:25,5500.0,67.0,B
2021-06-15T14:06:25,200.0,67.0,B
2021-06-15T14:06:24,4300.0,67.0,B
2021-06-15T14:06:24,200.0,67.0,B
2021-06-15T14:06:23,200.0,66.9,S
2021-06-15T14:06:22,2000.0,67.0,B
2021-06-15T14:06:19,600.0,66.9,S
2021-06-15T14:06:15,100.0,67.0,B
2021-06-15T14:06:15,3000.0,67.0,B
2021-06-15T14:06:15,1000.0,66.9,S
2021-06-15T14:06:13,5000.0,67.0,B
2021-06-15T14:06:08,500.0,67.0,B
2021-06-15T14:06:07,600.0,67.0,B
2021-06-15T14:06:06,3000.0,67.0,B
2021-06-15T14:06:06,1000.0,66.9,S
2021-06-15T14:06:05,100.0,67.0,B
2021-06-15T14:06:02,2000.0,67.0,B
2021-06-15T14:06:02,2100.0,67.0,B
2021-06-15T14:05:59,20000.0,67.0,B
2021-06-15T14:05:58,200.0,67.0,B
2021-06-15T14:05:57,100.0,67.0,B
2021-06-15T14:05:57,1000.0,67.0,B
2021-06-15T14:05:57,3000.0,67.0,B
2021-06-15T14:05:55,42900.0,66.9,S
2021-06-15T14:05:55,56900.0,66.9,S
2021-06-15T14:05:55,10000.0,67.0,B
2021-06-15T14:05:53,2500.0,67.0,B
2021-06-15T14:05:52,500.0,66.9,S
2021-06-15T14:05:45,1600.0,67.0,B
2021-06-15T14:05:43,100.0,67.0,B
2021-06-15T14:05:42,3000.0,67.0,B
2021-06-15T14:05:41,20000.0,66.9,S
2021-06-15T14:05:40,1000.0,67.0,B
2021-06-15T14:05:39,2000.0,67.0,B
2021-06-15T14:05:38,10000.0,66.9,S
2021-06-15T14:05:35,7500.0,66.9,S
2021-06-15T14:05:35,14100.0,66.9,S
2021-06-15T14:05:35,1200.0,66.9,S
2021-06-15T14:05:35,3800.0,66.9,S
2021-06-15T14:05:35,600.0,67.0,B
2021-06-15T14:05:35,200.0,67.0,B
2021-06-15T14:05:34,1400.0,67.0,B
2021-06-15T14:05:34,3500.0,66.9,S
2021-06-15T14:05:34,1000.0,66.9,S
2021-06-15T14:05:33,500.0,67.0,B
2021-06-15T14:05:29,3000.0,67.0,B
2021-06-15T14:05:26,1000.0,67.0,B
2021-06-15T14:05:24,2000.0,67.0,B
2021-06-15T14:05:24,2000.0,67.0,B
2021-06-15T14:05:23,1200.0,67.0,B
2021-06-15T14:05:21,200.0,67.0,B
2021-06-15T14:05:20,1500.0,67.0,B
2021-06-15T14:05:20,1000.0,67.0,B
2021-06-15T14:05:17,2000.0,67.0,B
2021-06-15T14:05:16,500.0,67.0,B
2021-06-15T14:05:14,3000.0,67.0,B
2021-06-15T14:05:12,100.0,67.0,B
2021-06-15T14:05:09,2000.0,67.0,B
2021-06-15T14:05:08,5000.0,67.0,B
2021-06-15T14:05:08,1000.0,66.9,B
2021-06-15T14:05:07,800.0,67.0,B
2021-06-15T14:05:06,5000.0,67.0,B
2021-06-15T14:05:06,3000.0,67.0,B
2021-06-15T14:05:05,800.0,67.0,B
2021-06-15T14:05:04,4400.0,66.9,B
2021-06-15T14:05:01,200.0,67.0,B
2021-06-15T14:05:01,100.0,67.0,B
2021-06-15T14:05:00,2000.0,67.0,B
2021-06-15T14:04:59,100.0,67.0,B
2021-06-15T14:04:56,3000.0,67.0,B
2021-06-15T14:04:53,3000.0,66.9,B
2021-06-15T14:04:53,300.0,67.0,B
2021-06-15T14:04:52,800.0,67.0,B
2021-06-15T14:04:49,500.0,67.0,B
2021-06-15T14:04:48,1000.0,67.0,B
2021-06-15T14:04:48,100.0,67.0,B
2021-06-15T14:04:45,3000.0,66.9,B
2021-06-15T14:04:38,2000.0,67.0,B
2021-06-15T14:04:37,600.0,67.0,B
2021-06-15T14:04:19,2000.0,67.0,B
2021-06-15T14:04:18,500.0,67.0,B
2021-06-15T14:04:13,700.0,67.0,B
2021-06-15T14:04:13,20800.0,67.0,B
2021-06-15T14:04:11,2500.0,67.0,B
2021-06-15T14:04:09,1500.0,67.0,B
2021-06-15T14:04:05,100.0,67.0,B
2021-06-15T14:04:03,3000.0,67.0,B
2021-06-15T14:04:03,500.0,67.0,B
2021-06-15T14:04:01,100.0,66.9,B
2021-06-15T14:04:00,2000.0,67.0,B
2021-06-15T14:03:59,20000.0,67.0,B
2021-06-15T14:03:57,100.0,67.0,B
2021-06-15T14:03:56,2300.0,66.9,B
2021-06-15T14:03:55,100.0,67.0,B
2021-06-15T14:03:54,100.0,67.0,B
2021-06-15T14:03:54,1500.0,67.0,B
2021-06-15T14:03:52,2000.0,66.9,B
2021-06-15T14:03:51,1500.0,67.0,B
2021-06-15T14:03:44,1500.0,67.0,B
2021-06-15T14:03:43,11100.0,67.0,B
2021-06-15T14:03:40,30000.0,67.0,B
2021-06-15T14:03:39,2500.0,67.0,B
2021-06-15T14:03:35,100.0,67.0,B
2021-06-15T14:03:34,5000.0,67.0,B
2021-06-15T14:03:33,2500.0,67.0,B
2021-06-15T14:03:32,300.0,67.0,B
2021-06-15T14:03:29,2500.0,67.0,B
2021-06-15T14:03:27,1000.0,67.0,B
2021-06-15T14:03:26,3000.0,67.0,B
2021-06-15T14:03:25,500.0,67.0,B
2021-06-15T14:03:20,4500.0,66.8,S
2021-06-15T14:03:20,10600.0,66.8,S
2021-06-15T14:03:20,500.0,66.8,S
2021-06-15T14:03:20,3200.0,66.8,S
2021-06-15T14:03:20,100.0,66.8,S
2021-06-15T14:03:20,19200.0,66.8,S
2021-06-15T14:03:20,24100.0,66.8,S
2021-06-15T14:03:20,3600.0,66.8,S
2021-06-15T14:03:20,300.0,66.8,S
2021-06-15T14:03:19,6000.0,66.8,S
2021-06-15T14:03:19,4300.0,66.8,S
2021-06-15T14:03:19,1000.0,66.8,S
2021-06-15T14:03:19,1000.0,66.8,S
2021-06-15T14:03:19,15900.0,66.8,S
2021-06-15T14:03:19,5700.0,66.8,S
2021-06-15T14:03:19,1100.0,66.8,S
2021-06-15T14:03:18,3400.0,66.8,S
2021-06-15T14:03:18,2000.0,67.0,B
2021-06-15T14:03:17,300.0,66.9,B
2021-06-15T14:03:14,3000.0,67.0,B
2021-06-15T14:03:14,200.0,66.9,B
2021-06-15T14:03:14,13000.0,66.8,S
2021-06-15T14:03:14,21400.0,66.8,S
2021-06-15T14:03:14,400.0,66.9,B
2021-06-15T14:03:13,700.0,66.9,B
2021-06-15T14:03:08,2500.0,67.0,B
2021-06-15T14:03:02,3000.0,67.0,B
2021-06-15T14:03:02,1200.0,66.8,S
2021-06-15T14:03:02,100.0,66.9,B
2021-06-15T14:02:58,100.0,67.0,B
2021-06-15T14:02:58,2000.0,67.0,B
2021-06-15T14:02:58,100.0,66.9,B
2021-06-15T14:02:53,2500.0,67.0,B
2021-06-15T14:02:49,2000.0,67.0,B
2021-06-15T14:02:48,100.0,66.9,B
2021-06-15T14:02:47,500.0,66.9,B
2021-06-15T14:02:44,2500.0,67.0,S
2021-06-15T14:02:40,2000.0,67.0,S
2021-06-15T14:02:37,1500.0,67.0,S
2021-06-15T14:02:34,1200.0,67.0,S
2021-06-15T14:02:34,300.0,67.0,S
2021-06-15T14:02:31,2200.0,67.0,S
2021-06-15T14:02:31,300.0,67.0,S
2021-06-15T14:02:27,400.0,66.9,S
2021-06-15T14:02:27,2000.0,66.9,S
2021-06-15T14:02:25,200.0,66.9,S
2021-06-15T14:02:24,100.0,66.9,S
2021-06-15T14:02:23,2000.0,66.9,S
2021-06-15T14:02:21,100.0,66.9,S
2021-06-15T14:02:21,2500.0,66.9,S
2021-06-15T14:02:20,300.0,66.9,S
2021-06-15T14:02:16,200.0,66.9,S
2021-06-15T14:02:15,500.0,66.9,S
2021-06-15T14:02:14,300.0,66.9,S
2021-06-15T14:02:11,2000.0,66.9,S
2021-06-15T14:02:09,200.0,66.9,S
2021-06-15T14:02:09,1000.0,66.9,S
2021-06-15T14:02:08,400.0,66.9,S
2021-06-15T14:02:06,100.0,66.9,S
2021-06-15T14:02:06,1500.0,66.9,S
2021-06-15T14:02:04,100.0,66.9,S
2021-06-15T14:02:03,200.0,66.9,S
2021-06-15T14:02:00,4900.0,66.9,S
2021-06-15T14:01:57,200.0,67.0,S
2021-06-15T14:01:57,200.0,67.0,S
2021-06-15T14:01:55,1500.0,67.0,S
2021-06-15T14:01:55,500.0,67.0,S
2021-06-15T14:01:53,2500.0,67.0,S
2021-06-15T14:01:52,3400.0,67.0,S
2021-06-15T14:01:52,4200.0,67.0,S
2021-06-15T14:01:52,700.0,67.0,S
2021-06-15T14:01:50,2600.0,66.8,S
2021-06-15T14:01:50,1600.0,66.8,S
2021-06-15T14:01:50,200.0,66.8,S
2021-06-15T14:01:50,500.0,66.8,S
2021-06-15T14:01:50,3100.0,66.9,S
2021-06-15T14:01:47,400.0,67.0,S
2021-06-15T14:01:44,200.0,67.0,S
2021-06-15T14:01:44,2500.0,67.0,S
2021-06-15T14:01:44,200.0,67.0,S
2021-06-15T14:01:44,1000.0,67.0,S
2021-06-15T14:01:44,1800.0,66.9,S
2021-06-15T14:01:44,2600.0,66.9,S
2021-06-15T14:01:41,4900.0,67.0,S
2021-06-15T14:01:40,100.0,67.0,S
2021-06-15T14:01:36,500.0,67.0,S
2021-06-15T14:01:34,5000.0,67.0,S
2021-06-15T14:01:28,5400.0,67.0,S
2021-06-15T14:01:22,5300.0,67.0,S
2021-06-15T14:01:22,100.0,67.0,S
2021-06-15T14:01:19,1800.0,67.0,S
2021-06-15T14:01:19,1500.0,67.0,S
2021-06-15T14:01:18,3100.0,67.0,S
2021-06-15T14:01:17,200.0,67.0,S
2021-06-15T14:01:17,500.0,67.0,S
2021-06-15T14:01:15,1000.0,67.0,S
2021-06-15T14:01:15,100.0,67.0,S
2021-06-15T14:01:12,100.0,67.0,S
2021-06-15T14:01:12,1200.0,67.0,S
2021-06-15T14:01:12,8000.0,67.0,S
2021-06-15T14:01:11,200.0,67.0,S
2021-06-15T14:01:10,1000.0,67.0,S
2021-06-15T14:01:09,100.0,67.0,S
2021-06-15T14:01:08,100.0,67.0,S
2021-06-15T14:01:08,100.0,67.0,S
2021-06-15T14:01:08,1700.0,67.0,S
2021-06-15T14:01:07,400.0,67.0,S
2021-06-15T14:01:07,100.0,67.0,S
2021-06-15T14:01:07,100.0,67.0,S
2021-06-15T14:01:02,100.0,67.0,S
2021-06-15T14:01:01,600.0,66.9,S
2021-06-15T14:01:01,500.0,66.9,S
2021-06-15T14:01:01,900.0,66.9,S
2021-06-15T14:00:58,1000.0,66.9,S
2021-06-15T14:00:58,100.0,66.9,S
2021-06-15T14:00:58,2500.0,66.9,S
2021-06-15T14:00:58,2500.0,66.9,S
2021-06-15T14:00:58,11900.0,66.9,S
2021-06-15T14:00:58,200.0,66.9,S
2021-06-15T14:00:57,8400.0,66.9,S
2021-06-15T14:00:57,500.0,66.9,S
2021-06-15T14:00:57,1400.0,66.9,S
2021-06-15T14:00:57,1000.0,66.9,S
2021-06-15T14:00:57,2100.0,66.9,S
2021-06-15T14:00:57,1400.0,66.9,S
2021-06-15T14:00:57,100.0,66.9,S
2021-06-15T14:00:56,5200.0,66.9,S
2021-06-15T14:00:56,4100.0,66.9,S
2021-06-15T14:00:56,2400.0,67.0,S
2021-06-15T14:00:56,500.0,67.0,S
2021-06-15T14:00:56,4700.0,67.0,S
2021-06-15T14:00:52,4900.0,67.1,B
2021-06-15T14:00:51,3300.0,67.1,B
2021-06-15T14:00:50,12400.0,67.0,S
2021-06-15T14:00:48,1000.0,67.1,B
2021-06-15T14:00:46,1000.0,67.0,S
2021-06-15T14:00:46,100.0,67.1,B
2021-06-15T14:00:46,300.0,67.0,S
2021-06-15T14:00:46,400.0,67.0,S
2021-06-15T14:00:45,2000.0,67.0,S
2021-06-15T14:00:45,500.0,67.0,S
2021-06-15T14:00:45,2500.0,67.0,S
2021-06-15T14:00:45,100.0,67.0,S
2021-06-15T14:00:45,14200.0,67.0,S
2021-06-15T14:00:43,600.0,67.0,S
2021-06-15T14:00:39,200.0,67.0,S
2021-06-15T14:00:36,400.0,67.1,B
2021-06-15T14:00:31,500.0,67.1,B
2021-06-15T14:00:31,100.0,67.1,B
2021-06-15T14:00:30,1000.0,67.0,S
2021-06-15T14:00:30,2800.0,67.1,B
2021-06-15T14:00:30,500.0,67.1,B
2021-06-15T14:00:30,1000.0,67.1,B
2021-06-15T14:00:29,1000.0,67.0,S
2021-06-15T14:00:27,50200.0,67.1,B
2021-06-15T14:00:25,2300.0,67.1,B
2021-06-15T14:00:25,500.0,67.1,B
2021-06-15T14:00:25,1000.0,67.1,B
2021-06-15T14:00:25,1100.0,67.1,B
2021-06-15T14:00:22,2200.0,67.0,S
2021-06-15T14:00:19,5000.0,67.0,S
2021-06-15T14:00:14,22100.0,67.0,S
2021-06-15T14:00:12,20000.0,67.1,B
2021-06-15T14:00:11,100.0,67.1,B
2021-06-15T14:00:09,15000.0,67.2,B
2021-06-15T14:00:07,20100.0,67.0,S
2021-06-15T14:00:07,1000.0,67.1,B
2021-06-15T14:00:05,1000.0,67.0,S
2021-06-15T14:00:05,5900.0,67.0,S
2021-06-15T14:00:04,500.0,67.1,B
2021-06-15T14:00:01,3000.0,67.0,S
2021-06-15T14:00:01,25000.0,67.2,B
2021-06-15T14:00:01,3300.0,67.1,B
2021-06-15T13:59:57,20000.0,67.1,B
2021-06-15T13:59:57,4500.0,67.0,S
2021-06-15T13:59:54,100.0,67.1,B
2021-06-15T13:59:54,100.0,67.0,S
2021-06-15T13:59:52,13800.0,67.1,B
2021-06-15T13:59:52,8000.0,67.0,S
2021-06-15T13:59:52,8200.0,67.0,S
2021-06-15T13:59:52,4900.0,67.0,S
2021-06-15T13:59:51,100.0,67.0,S
2021-06-15T13:59:48,15000.0,67.0,S
2021-06-15T13:59:47,100.0,67.0,S
2021-06-15T13:59:45,20000.0,67.0,S
2021-06-15T13:59:45,100.0,67.0,S
2021-06-15T13:59:44,5900.0,66.9,S
2021-06-15T13:59:44,4100.0,66.9,S
2021-06-15T13:59:44,1200.0,66.9,S
2021-06-15T13:59:44,2100.0,66.9,S
2021-06-15T13:59:43,6700.0,66.9,S
2021-06-15T13:59:41,20000.0,67.2,B
2021-06-15T13:59:40,10000.0,66.9,S
2021-06-15T13:59:38,5400.0,67.1,B
2021-06-15T13:59:37,14300.0,67.1,B
2021-06-15T13:59:37,5000.0,67.1,B
2021-06-15T13:59:37,700.0,67.1,B
2021-06-15T13:59:32,25000.0,67.1,B
2021-06-15T13:59:31,900.0,67.0,S
2021-06-15T13:59:30,1000.0,67.0,S
2021-06-15T13:59:29,300.0,67.0,S
2021-06-15T13:59:27,2600.0,67.1,B
2021-06-15T13:59:27,1200.0,67.1,B
2021-06-15T13:59:27,1500.0,67.1,B
2021-06-15T13:59:27,1100.0,67.1,B
2021-06-15T13:59:27,1500.0,67.1,B
2021-06-15T13:59:27,200.0,67.1,B
2021-06-15T13:59:27,6900.0,67.1,B
2021-06-15T13:59:25,11200.0,66.9,S
2021-06-15T13:59:25,400.0,66.9,S
2021-06-15T13:59:25,600.0,66.9,S
2021-06-15T13:59:25,2100.0,66.9,S
2021-06-15T13:59:25,10600.0,66.9,S
2021-06-15T13:59:24,1100.0,66.9,S
2021-06-15T13:59:24,200.0,66.9,S
2021-06-15T13:59:24,5100.0,66.9,S
2021-06-15T13:59:24,800.0,66.9,S
2021-06-15T13:59:24,1300.0,66.9,S
2021-06-15T13:59:24,4600.0,66.9,S
2021-06-15T13:59:24,1000.0,67.1,B
2021-06-15T13:59:23,300.0,67.0,S
2021-06-15T13:59:23,4800.0,67.1,B
2021-06-15T13:59:23,3000.0,67.1,B
2021-06-15T13:59:23,17200.0,67.1,B
2021-06-15T13:59:19,20000.0,67.1,B
2021-06-15T13:59:17,100.0,67.1,B
2021-06-15T13:59:17,500.0,67.1,B
2021-06-15T13:59:17,100.0,66.9,S
2021-06-15T13:59:17,2000.0,66.9,S
2021-06-15T13:59:13,3200.0,66.9,S
2021-06-15T13:59:13,1400.0,66.9,S
2021-06-15T13:59:13,1500.0,66.9,S
2021-06-15T13:59:13,6000.0,66.9,S
2021-06-15T13:59:13,1200.0,66.9,S
2021-06-15T13:59:13,100.0,66.9,S
2021-06-15T13:59:13,6100.0,66.9,S
2021-06-15T13:59:13,16500.0,67.0,S
2021-06-15T13:59:12,500.0,67.0,S
2021-06-15T13:59:11,100.0,67.0,S
2021-06-15T13:59:11,5600.0,67.0,S
2021-06-15T13:59:11,600.0,67.0,S
2021-06-15T13:59:09,30000.0,67.1,B
2021-06-15T13:59:06,20000.0,67.1,B
2021-06-15T13:59:05,1000.0,67.0,S
2021-06-15T13:59:04,600.0,67.0,S
2021-06-15T13:59:03,100.0,67.0,S
2021-06-15T13:59:03,100.0,67.0,S
2021-06-15T13:59:02,100.0,67.0,S
2021-06-15T13:59:00,15500.0,67.1,B
2021-06-15T13:58:58,100.0,67.0,S
2021-06-15T13:58:57,20000.0,67.1,B
2021-06-15T13:58:56,2000.0,67.0,S
2021-06-15T13:58:53,100.0,67.0,S
2021-06-15T13:58:53,2200.0,67.1,B
2021-06-15T13:58:53,13700.0,67.1,B
2021-06-15T13:58:53,9100.0,67.0,S
2021-06-15T13:58:52,2300.0,67.0,S
2021-06-15T13:58:47,15300.0,67.1,B
2021-06-15T13:58:46,700.0,67.0,S
2021-06-15T13:58:40,200.0,67.1,B
2021-06-15T13:58:40,700.0,67.1,B
2021-06-15T13:58:40,400.0,67.0,S
2021-06-15T13:58:40,100.0,67.0,S
2021-06-15T13:58:37,400.0,67.0,S
2021-06-15T13:58:37,100.0,67.0,S
2021-06-15T13:58:36,200.0,67.0,S
2021-06-15T13:58:35,1000.0,67.0,S
2021-06-15T13:58:35,300.0,67.0,S
2021-06-15T13:58:34,30000.0,67.0,S
2021-06-15T13:58:33,100.0,67.0,S
2021-06-15T13:58:33,800.0,67.0,S
2021-06-15T13:58:32,900.0,67.0,S
2021-06-15T13:58:31,1900.0,66.9,S
2021-06-15T13:58:31,500.0,66.9,S
2021-06-15T13:58:31,300.0,66.9,S
2021-06-15T13:58:31,1700.0,66.9,S
2021-06-15T13:58:29,100.0,67.0,S
2021-06-15T13:58:28,1000.0,66.9,S
2021-06-15T13:58:27,100.0,67.0,S
2021-06-15T13:58:26,500.0,67.0,S
2021-06-15T13:58:26,500.0,67.0,S
2021-06-15T13:58:26,100.0,67.0,S
2021-06-15T13:58:25,1500.0,66.9,S
2021-06-15T13:58:25,100.0,67.0,S
2021-06-15T13:58:24,100.0,67.0,S
2021-06-15T13:58:23,300.0,67.0,S
2021-06-15T13:58:21,200.0,67.0,S
2021-06-15T13:58:20,100.0,67.0,S
2021-06-15T13:58:20,400.0,67.0,S
2021-06-15T13:58:19,100.0,67.0,S
2021-06-15T13:58:19,600.0,67.0,S
2021-06-15T13:58:18,300.0,67.0,S
2021-06-15T13:58:17,100.0,67.0,S
2021-06-15T13:58:16,25000.0,67.1,B
2021-06-15T13:58:15,4500.0,67.0,S
2021-06-15T13:58:15,1500.0,67.0,S
2021-06-15T13:58:14,400.0,67.0,S
2021-06-15T13:58:14,100.0,67.0,S
2021-06-15T13:58:13,200.0,66.9,S
2021-06-15T13:58:12,100.0,67.0,S
2021-06-15T13:58:12,100.0,67.0,S
2021-06-15T13:58:11,3200.0,67.0,S
2021-06-15T13:58:11,4400.0,67.0,S
2021-06-15T13:58:11,200.0,67.0,S
2021-06-15T13:58:10,400.0,67.0,S
2021-06-15T13:58:10,900.0,67.0,S
2021-06-15T13:58:10,100.0,67.0,S
2021-06-15T13:58:10,900.0,67.0,S
2021-06-15T13:58:10,100.0,67.0,S
2021-06-15T13:58:10,500.0,67.0,S
2021-06-15T13:58:10,1400.0,67.0,S
2021-06-15T13:58:10,500.0,67.0,S
2021-06-15T13:58:10,500.0,67.0,S
2021-06-15T13:58:10,11000.0,67.0,S
2021-06-15T13:58:10,600.0,67.0,S
2021-06-15T13:58:10,8500.0,67.0,S
2021-06-15T13:58:09,20000.0,67.0,S
2021-06-15T13:58:09,500.0,67.0,S
2021-06-15T13:58:09,400.0,67.1,B
2021-06-15T13:58:08,400.0,67.1,B
2021-06-15T13:58:08,1900.0,67.0,S
2021-06-15T13:58:08,3500.0,67.0,S
2021-06-15T13:58:07,200.0,67.1,B
2021-06-15T13:58:07,10000.0,67.1,B
2021-06-15T13:58:06,6000.0,67.0,S
2021-06-15T13:58:05,1500.0,67.1,B
2021-06-15T13:58:04,800.0,67.1,B
2021-06-15T13:57:59,14300.0,67.0,S
2021-06-15T13:57:58,100.0,67.0,S
2021-06-15T13:57:58,100.0,67.1,B
2021-06-15T13:57:52,18200.0,67.1,B
2021-06-15T13:57:52,1800.0,67.1,B
2021-06-15T13:57:46,200.0,67.1,B
2021-06-15T13:57:46,1000.0,67.0,S
2021-06-15T13:57:44,4800.0,67.1,B
2021-06-15T13:57:42,500.0,67.1,B
2021-06-15T13:57:41,100.0,67.1,B
2021-06-15T13:57:39,1000.0,67.1,B
2021-06-15T13:57:39,300.0,67.0,S
2021-06-15T13:57:38,2600.0,67.0,S
2021-06-15T13:57:38,1100.0,67.0,S
2021-06-15T13:57:38,800.0,67.0,S
2021-06-15T13:57:38,2100.0,67.0,S
2021-06-15T13:57:38,300.0,67.0,S
2021-06-15T13:57:38,1300.0,67.0,S
2021-06-15T13:57:38,400.0,67.0,S
2021-06-15T13:57:38,1300.0,67.0,S
2021-06-15T13:57:38,300.0,67.0,S
2021-06-15T13:57:38,1600.0,67.0,S
2021-06-15T13:57:38,400.0,67.0,S
2021-06-15T13:57:37,200.0,67.0,S
2021-06-15T13:57:37,1000.0,67.0,S
2021-06-15T13:57:37,1100.0,67.0,S
2021-06-15T13:57:37,500.0,67.0,S
2021-06-15T13:57:37,4000.0,67.0,S
2021-06-15T13:57:37,3700.0,67.0,S
2021-06-15T13:57:37,100.0,67.0,S
2021-06-15T13:57:37,2000.0,67.0,S
2021-06-15T13:57:37,1000.0,67.0,S
2021-06-15T13:57:37,2200.0,67.0,S
2021-06-15T13:57:37,300.0,67.0,S
2021-06-15T13:57:37,1700.0,67.0,S
2021-06-15T13:57:37,2000.0,67.1,B
2021-06-15T13:57:36,4600.0,67.0,S
2021-06-15T13:57:36,5100.0,67.0,S
2021-06-15T13:57:36,600.0,67.0,S
2021-06-15T13:57:36,200.0,67.0,S
2021-06-15T13:57:36,200.0,67.0,S
2021-06-15T13:57:36,600.0,67.0,S
2021-06-15T13:57:36,500.0,67.0,S
2021-06-15T13:57:36,6500.0,67.0,S
2021-06-15T13:57:36,200.0,67.0,S
2021-06-15T13:57:36,200.0,67.0,S
2021-06-15T13:57:36,2100.0,67.0,S
2021-06-15T13:57:36,9600.0,67.0,S
2021-06-15T13:57:36,1000.0,67.0,S
2021-06-15T13:57:35,600.0,67.0,S
2021-06-15T13:57:35,13900.0,67.0,S
2021-06-15T13:57:35,4200.0,67.0,S
2021-06-15T13:57:35,2200.0,67.0,S
2021-06-15T13:57:35,1100.0,67.0,S
2021-06-15T13:57:34,6600.0,67.0,S
2021-06-15T13:57:34,5000.0,67.0,S
2021-06-15T13:57:34,1000.0,67.0,S
2021-06-15T13:57:34,2000.0,67.0,S
2021-06-15T13:57:34,9100.0,67.0,S
2021-06-15T13:57:34,2500.0,67.0,S
2021-06-15T13:57:34,200.0,67.0,S
2021-06-15T13:57:34,500.0,67.0,S
2021-06-15T13:57:34,500.0,67.0,S
2021-06-15T13:57:34,6900.0,67.0,S
2021-06-15T13:57:34,2600.0,67.0,S
2021-06-15T13:57:34,600.0,67.0,S
2021-06-15T13:57:34,5100.0,67.0,S
2021-06-15T13:57:32,1400.0,67.0,S
2021-06-15T13:57:32,3400.0,67.0,S
2021-06-15T13:57:32,200.0,67.0,S
2021-06-15T13:57:32,500.0,67.0,S
2021-06-15T13:57:32,3500.0,67.0,S
2021-06-15T13:57:32,1600.0,67.0,S
2021-06-15T13:57:32,1400.0,67.0,S
2021-06-15T13:57:32,1700.0,67.0,S
2021-06-15T13:57:32,1000.0,67.0,S
2021-06-15T13:57:32,2000.0,67.0,S
2021-06-15T13:57:32,4500.0,67.0,S
2021-06-15T13:57:32,2800.0,67.0,S
2021-06-15T13:57:32,3200.0,67.0,S
2021-06-15T13:57:32,1100.0,67.0,S
2021-06-15T13:57:32,1000.0,67.0,S
2021-06-15T13:57:32,1300.0,67.0,S
2021-06-15T13:57:32,200.0,67.0,S
2021-06-15T13:57:31,500.0,67.0,S
2021-06-15T13:57:31,700.0,67.0,S
2021-06-15T13:57:31,2300.0,67.0,S
2021-06-15T13:57:31,400.0,67.0,S
2021-06-15T13:57:31,1500.0,67.0,S
2021-06-15T13:57:31,1300.0,67.0,S
2021-06-15T13:57:31,2400.0,67.0,S
2021-06-15T13:57:31,10200.0,67.0,S
2021-06-15T13:57:31,900.0,67.0,S
2021-06-15T13:57:31,3000.0,67.0,S
2021-06-15T13:57:31,2700.0,67.0,S
2021-06-15T13:57:31,1100.0,67.0,S
2021-06-15T13:57:31,2200.0,67.0,S
2021-06-15T13:57:31,400.0,67.0,S
2021-06-15T13:57:31,300.0,67.0,S
2021-06-15T13:57:31,700.0,67.0,S
2021-06-15T13:57:30,100.0,67.0,S
2021-06-15T13:57:30,1100.0,67.0,S
2021-06-15T13:57:30,100.0,67.0,S
2021-06-15T13:57:30,2300.0,67.0,S
2021-06-15T13:57:30,4100.0,67.0,S
2021-06-15T13:57:30,1500.0,67.0,S
2021-06-15T13:57:30,3000.0,67.0,S
2021-06-15T13:57:30,40400.0,67.0,S
2021-06-15T13:57:30,30000.0,67.0,S
2021-06-15T13:57:29,30000.0,67.0,S
2021-06-15T13:57:25,5900.0,67.1,B
2021-06-15T13:57:24,16900.0,67.1,B
2021-06-15T13:57:24,1300.0,67.1,B
2021-06-15T13:57:24,1500.0,67.1,B
2021-06-15T13:57:24,4400.0,67.1,B
2021-06-15T13:57:23,1000.0,67.1,B
2021-06-15T13:57:21,100.0,67.1,B
2021-06-15T13:57:17,100.0,67.1,B
2021-06-15T13:57:15,200.0,67.0,S
2021-06-15T13:57:14,300.0,67.1,B
2021-06-15T13:57:13,3000.0,67.0,S
2021-06-15T13:57:12,20000.0,67.0,S
2021-06-15T13:57:11,1500.0,67.0,S
2021-06-15T13:57:06,1000.0,67.1,B
2021-06-15T13:57:05,500.0,67.1,B
2021-06-15T13:57:01,500.0,67.1,B
2021-06-15T13:57:00,7000.0,67.0,S
2021-06-15T13:57:00,10000.0,67.0,S
2021-06-15T13:56:58,2100.0,67.0,S
2021-06-15T13:56:57,500.0,67.0,S
2021-06-15T13:56:54,100.0,67.1,B
2021-06-15T13:56:54,7500.0,67.0,S
2021-06-15T13:56:52,500.0,67.1,B
2021-06-15T13:56:44,200.0,67.1,B
2021-06-15T13:56:43,1000.0,67.1,B
2021-06-15T13:56:43,500.0,67.0,S
2021-06-15T13:56:41,3000.0,67.0,S
2021-06-15T13:56:34,100.0,67.0,S
2021-06-15T13:56:32,700.0,67.0,S
2021-06-15T13:56:32,100.0,67.1,B
2021-06-15T13:56:24,500.0,67.0,S
2021-06-15T13:56:22,5000.0,67.0,S
2021-06-15T13:56:18,100.0,67.1,B
2021-06-15T13:56:08,500.0,67.1,B
2021-06-15T13:56:07,18000.0,67.1,B
2021-06-15T13:56:01,400.0,67.1,B
2021-06-15T13:55:59,700.0,67.1,B
2021-06-15T13:55:57,100.0,67.1,B
2021-06-15T13:55:56,43700.0,67.0,S
2021-06-15T13:55:54,19500.0,67.0,S
2021-06-15T13:55:54,3000.0,67.0,S
2021-06-15T13:55:54,1100.0,67.0,S
2021-06-15T13:55:54,1900.0,67.0,S
2021-06-15T13:55:54,1600.0,67.0,S
2021-06-15T13:55:54,1200.0,67.0,S
2021-06-15T13:55:54,600.0,67.0,S
2021-06-15T13:55:54,1100.0,67.0,S
2021-06-15T13:55:53,14600.0,67.0,S
2021-06-15T13:55:52,300.0,67.0,S
2021-06-15T13:55:52,100.0,67.1,B
2021-06-15T13:55:50,10000.0,67.0,S
2021-06-15T13:55:44,100.0,67.1,B
2021-06-15T13:55:44,500.0,67.0,S
2021-06-15T13:55:44,900.0,67.1,B
2021-06-15T13:55:41,100.0,67.1,B
2021-06-15T13:55:34,100.0,67.0,S
2021-06-15T13:55:31,500.0,67.0,S
2021-06-15T13:55:31,300.0,67.1,B
2021-06-15T13:55:31,25000.0,67.1,B
2021-06-15T13:55:30,100.0,67.1,B
2021-06-15T13:55:29,300.0,67.1,B
2021-06-15T13:55:25,1000.0,67.1,B
2021-06-15T13:55:24,200.0,67.0,S
2021-06-15T13:55:23,700.0,67.0,S
2021-06-15T13:55:23,4000.0,67.0,S
2021-06-15T13:55:23,400.0,67.0,S
2021-06-15T13:55:22,200.0,67.1,B
2021-06-15T13:55:16,600.0,67.1,B
2021-06-15T13:55:09,500.0,67.0,S
2021-06-15T13:55:09,2000.0,67.1,B
2021-06-15T13:55:09,100.0,67.1,B
2021-06-15T13:55:05,5500.0,67.0,S
2021-06-15T13:55:05,1000.0,67.0,S
2021-06-15T13:55:05,500.0,67.0,S
2021-06-15T13:55:05,900.0,67.0,S
2021-06-15T13:55:05,5600.0,67.0,S
2021-06-15T13:55:05,600.0,67.0,S
2021-06-15T13:55:04,15900.0,67.0,S
2021-06-15T13:55:04,800.0,67.0,S
2021-06-15T13:55:04,500.0,67.0,S
2021-06-15T13:55:03,2000.0,67.0,S
2021-06-15T13:54:59,20000.0,67.1,B
2021-06-15T13:54:58,1300.0,67.0,S
2021-06-15T13:54:58,500.0,67.1,B
2021-06-15T13:54:57,9100.0,67.1,B
2021-06-15T13:54:55,100.0,67.0,S
2021-06-15T13:54:53,1000.0,67.0,S
2021-06-15T13:54:53,4000.0,67.1,B
2021-06-15T13:54:45,1000.0,67.1,B
2021-06-15T13:54:41,500.0,67.0,S
2021-06-15T13:54:40,100.0,67.0,S
2021-06-15T13:54:39,1300.0,67.0,S
2021-06-15T13:54:39,900.0,67.0,S
2021-06-15T13:54:39,500.0,67.0,S
2021-06-15T13:54:39,11500.0,67.0,S
2021-06-15T13:54:39,100.0,67.0,S
2021-06-15T13:54:38,500.0,67.0,S
2021-06-15T13:54:38,5100.0,67.0,S
2021-06-15T13:54:38,1200.0,67.0,S
2021-06-15T13:54:38,1700.0,67.0,S
2021-06-15T13:54:38,1100.0,67.0,S
2021-06-15T13:54:38,1500.0,67.0,S
2021-06-15T13:54:38,1100.0,67.0,S
2021-06-15T13:54:38,1100.0,67.0,S
2021-06-15T13:54:38,800.0,67.0,S
2021-06-15T13:54:38,21600.0,67.0,S
2021-06-15T13:54:38,1100.0,67.0,S
2021-06-15T13:54:38,37300.0,67.0,S
2021-06-15T13:54:38,20000.0,67.2,B
2021-06-15T13:54:32,100.0,67.1,B
2021-06-15T13:54:31,2600.0,67.0,S
2021-06-15T13:54:31,100.0,67.1,B
2021-06-15T13:54:29,200.0,67.1,B
2021-06-15T13:54:27,100.0,67.1,B
2021-06-15T13:54:27,100.0,67.1,B
2021-06-15T13:54:27,600.0,67.1,B
2021-06-15T13:54:20,2000.0,67.1,B
2021-06-15T13:54:16,13800.0,67.2,B
2021-06-15T13:54:16,11200.0,67.2,B
2021-06-15T13:54:14,1000.0,67.0,S
2021-06-15T13:54:14,300.0,67.1,B
2021-06-15T13:54:13,300.0,67.1,B
2021-06-15T13:54:09,10200.0,67.1,B
2021-06-15T13:54:09,3000.0,67.1,B
2021-06-15T13:54:09,100.0,67.1,B
2021-06-15T13:54:08,1600.0,67.1,B
2021-06-15T13:54:07,400.0,67.1,B
2021-06-15T13:54:05,100.0,67.1,B
2021-06-15T13:53:59,1300.0,67.0,S
2021-06-15T13:53:56,30000.0,67.2,B
2021-06-15T13:53:56,100.0,67.1,B
2021-06-15T13:53:55,400.0,67.1,B
2021-06-15T13:53:55,5300.0,67.1,B
2021-06-15T13:53:55,600.0,67.1,B
2021-06-15T13:53:55,900.0,67.1,B
2021-06-15T13:53:55,6200.0,67.1,B
2021-06-15T13:53:55,2600.0,67.1,B
2021-06-15T13:53:55,6000.0,67.1,B
2021-06-15T13:53:55,3000.0,67.1,B
2021-06-15T13:53:54,7900.0,67.1,B
2021-06-15T13:53:54,200.0,67.2,B
2021-06-15T13:53:54,1300.0,67.1,B
2021-06-15T13:53:51,100.0,67.1,B
2021-06-15T13:53:50,6000.0,67.2,B
2021-06-15T13:53:47,100.0,67.2,B
2021-06-15T13:53:45,200.0,67.2,B
2021-06-15T13:53:44,200.0,67.1,B
2021-06-15T13:53:43,300.0,67.1,B
2021-06-15T13:53:40,14100.0,67.2,B
2021-06-15T13:53:40,1600.0,67.2,B
2021-06-15T13:53:40,8800.0,67.2,B
2021-06-15T13:53:35,1000.0,67.1,B
2021-06-15T13:53:35,200.0,67.2,B
2021-06-15T13:53:27,1300.0,67.1,B
2021-06-15T13:53:26,4400.0,67.1,B
2021-06-15T13:53:20,2000.0,67.1,B
2021-06-15T13:53:17,100.0,67.2,B
2021-06-15T13:53:17,1000.0,67.2,B
2021-06-15T13:53:16,500.0,67.1,B
2021-06-15T13:53:05,1000.0,67.1,B
2021-06-15T13:53:00,300.0,67.2,B
2021-06-15T13:52:59,6000.0,67.2,B
2021-06-15T13:52:57,100.0,67.2,B
2021-06-15T13:52:57,500.0,67.1,B
2021-06-15T13:52:45,1000.0,67.2,B
2021-06-15T13:52:44,7000.0,67.2,B
2021-06-15T13:52:40,2400.0,67.1,B
2021-06-15T13:52:34,6000.0,67.2,B
2021-06-15T13:52:34,2000.0,67.1,B
2021-06-15T13:52:32,500.0,67.1,B
2021-06-15T13:52:28,1000.0,67.1,B
2021-06-15T13:52:27,100.0,67.1,B
2021-06-15T13:52:24,100.0,67.1,B
2021-06-15T13:52:23,200.0,67.1,B
2021-06-15T13:52:17,5000.0,67.2,B
2021-06-15T13:52:16,200.0,67.1,B
2021-06-15T13:52:16,1000.0,67.1,B
2021-06-15T13:52:15,100.0,67.1,B
2021-06-15T13:52:13,100.0,67.1,B
2021-06-15T13:52:08,3500.0,67.1,B
2021-06-15T13:52:04,1000.0,67.1,B
2021-06-15T13:52:03,600.0,67.1,B
2021-06-15T13:52:03,500.0,67.1,B
2021-06-15T13:52:01,10000.0,67.1,B
2021-06-15T13:52:01,500.0,67.1,B
2021-06-15T13:52:00,1600.0,67.1,B
2021-06-15T13:52:00,10600.0,67.1,B
2021-06-15T13:52:00,4000.0,67.1,B
2021-06-15T13:51:58,5800.0,67.1,B
2021-06-15T13:51:58,300.0,67.0,S
2021-06-15T13:51:58,200.0,67.1,B
2021-06-15T13:51:56,1000.0,67.1,B
2021-06-15T13:51:56,7000.0,67.1,B
2021-06-15T13:51:56,1300.0,67.1,B
2021-06-15T13:51:54,4500.0,67.0,S
2021-06-15T13:51:54,200.0,67.0,S
2021-06-15T13:51:53,1600.0,67.1,B
2021-06-15T13:51:48,100.0,67.1,B
2021-06-15T13:51:48,100.0,67.1,B
2021-06-15T13:51:43,6000.0,67.0,S
2021-06-15T13:51:42,6000.0,67.1,B
2021-06-15T13:51:38,200.0,67.1,B
2021-06-15T13:51:36,3000.0,67.1,B
2021-06-15T13:51:34,300.0,67.0,S
2021-06-15T13:51:29,100.0,67.1,B
2021-06-15T13:51:29,500.0,67.1,B
2021-06-15T13:51:24,6000.0,67.1,B
2021-06-15T13:51:23,100.0,67.1,B
2021-06-15T13:51:21,200.0,67.1,B
2021-06-15T13:51:09,500.0,67.0,S
2021-06-15T13:51:08,2700.0,67.0,S
2021-06-15T13:51:07,400.0,67.1,B
2021-06-15T13:51:06,100.0,67.1,B
2021-06-15T13:51:06,2000.0,67.1,B
2021-06-15T13:51:05,300.0,67.0,S
2021-06-15T13:51:02,300.0,67.1,B
2021-06-15T13:51:02,300.0,67.1,B
2021-06-15T13:51:01,7900.0,67.0,S
2021-06-15T13:51:01,2100.0,67.1,B
2021-06-15T13:50:53,10000.0,67.0,S
2021-06-15T13:50:53,100.0,67.1,B
2021-06-15T13:50:52,7000.0,67.2,B
2021-06-15T13:50:40,1000.0,67.1,B
2021-06-15T13:50:39,900.0,67.1,B
2021-06-15T13:50:38,2000.0,67.0,S
2021-06-15T13:50:37,4000.0,67.0,S
2021-06-15T13:50:35,23000.0,67.0,S
2021-06-15T13:50:34,1000.0,67.1,B
2021-06-15T13:50:32,900.0,67.1,B
2021-06-15T13:50:30,100.0,67.1,B
2021-06-15T13:50:30,200.0,67.1,B
2021-06-15T13:50:29,10000.0,67.0,S
2021-06-15T13:50:28,500.0,67.0,S
2021-06-15T13:50:27,500.0,67.0,S
2021-06-15T13:50:27,200.0,67.1,B
2021-06-15T13:50:21,1000.0,67.0,S
2021-06-15T13:50:21,100.0,67.1,B
2021-06-15T13:50:20,100.0,67.1,B
2021-06-15T13:50:18,500.0,67.1,B
2021-06-15T13:50:15,1000.0,67.1,B
2021-06-15T13:50:15,500.0,67.1,B
2021-06-15T13:50:15,200.0,67.1,B
2021-06-15T13:50:14,1500.0,67.0,S
2021-06-15T13:50:14,1500.0,67.0,S
2021-06-15T13:50:14,2500.0,67.0,S
2021-06-15T13:50:14,100.0,67.0,S
2021-06-15T13:50:13,4400.0,67.0,S
2021-06-15T13:50:12,900.0,67.0,S
2021-06-15T13:50:12,700.0,67.0,S
2021-06-15T13:50:12,1900.0,67.0,S
2021-06-15T13:50:12,200.0,67.0,S
2021-06-15T13:50:12,700.0,67.0,S
2021-06-15T13:50:04,3000.0,67.1,B
2021-06-15T13:50:04,300.0,67.0,S
2021-06-15T13:49:58,500.0,67.0,S
2021-06-15T13:49:57,100.0,67.1,B
2021-06-15T13:49:57,2000.0,67.1,B
2021-06-15T13:49:56,100.0,67.0,S
2021-06-15T13:49:55,600.0,67.1,B
2021-06-15T13:49:51,1000.0,67.1,S
2021-06-15T13:49:51,400.0,67.0,S
2021-06-15T13:49:44,100.0,67.0,S
2021-06-15T13:49:44,1300.0,67.0,S
2021-06-15T13:49:43,1100.0,67.0,S
2021-06-15T13:49:41,1000.0,67.1,S
2021-06-15T13:49:27,132000.0,67.3,B
2021-06-15T13:49:27,15400.0,67.2,S
2021-06-15T13:49:27,75000.0,67.2,S
2021-06-15T13:49:27,45000.0,67.2,S
2021-06-15T13:49:27,16200.0,67.2,S
2021-06-15T13:49:27,105700.0,67.2,S
2021-06-15T13:49:26,51200.0,67.2,S
2021-06-15T13:49:26,32400.0,67.2,S
2021-06-15T13:49:26,1900.0,67.1,S
2021-06-15T13:49:26,100.0,67.1,S
2021-06-15T13:49:26,7600.0,67.1,S
2021-06-15T13:49:26,100.0,67.1,S
2021-06-15T13:49:26,7500.0,67.1,S
2021-06-15T13:49:26,800.0,67.1,S
2021-06-15T13:49:26,9100.0,67.1,S
2021-06-15T13:49:19,1700.0,67.0,S
2021-06-15T13:49:19,12200.0,67.0,S
2021-06-15T13:49:19,1200.0,67.0,S
2021-06-15T13:49:18,2700.0,67.0,S
2021-06-15T13:49:15,500.0,67.1,S
2021-06-15T13:49:15,500.0,67.0,S
2021-06-15T13:49:15,800.0,67.0,S
2021-06-15T13:49:15,100.0,67.0,S
2021-06-15T13:49:15,900.0,67.0,S
2021-06-15T13:49:15,500.0,67.0,S
2021-06-15T13:49:15,200.0,67.0,S
2021-06-15T13:49:15,12000.0,67.0,S
2021-06-15T13:49:15,3000.0,67.1,S
2021-06-15T13:49:10,1500.0,67.1,S
2021-06-15T13:49:08,800.0,67.0,S
2021-06-15T13:49:08,700.0,67.0,S
2021-06-15T13:49:05,100.0,67.1,S
2021-06-15T13:49:03,100.0,67.1,S
2021-06-15T13:49:02,2500.0,67.0,S
2021-06-15T13:49:02,200.0,67.0,S
2021-06-15T13:49:02,7300.0,67.0,S
2021-06-15T13:49:00,100.0,67.1,S
2021-06-15T13:48:59,100.0,67.1,S
2021-06-15T13:48:59,300.0,67.1,S
2021-06-15T13:48:58,200.0,67.1,S
2021-06-15T13:48:57,100.0,67.1,S
2021-06-15T13:48:57,13400.0,67.0,S
2021-06-15T13:48:57,5500.0,67.0,S
2021-06-15T13:48:57,4200.0,67.0,S
2021-06-15T13:48:57,1100.0,67.0,S
2021-06-15T13:48:57,9800.0,67.0,S
2021-06-15T13:48:53,100.0,67.1,S
2021-06-15T13:48:52,1600.0,67.0,S
2021-06-15T13:48:52,800.0,67.0,S
2021-06-15T13:48:52,1100.0,67.0,S
2021-06-15T13:48:52,2000.0,67.0,S
2021-06-15T13:48:50,10500.0,67.0,S
2021-06-15T13:48:49,300.0,67.1,S
2021-06-15T13:48:45,100.0,67.1,S
2021-06-15T13:48:44,400.0,67.1,S
2021-06-15T13:48:43,200.0,67.1,S
2021-06-15T13:48:42,1500.0,67.1,S
2021-06-15T13:48:42,100.0,67.1,S
2021-06-15T13:48:41,500.0,67.1,S
2021-06-15T13:48:40,1000.0,67.1,S
2021-06-15T13:48:40,500.0,67.0,S
2021-06-15T13:48:40,500.0,67.0,S
2021-06-15T13:48:38,100.0,67.1,S
2021-06-15T13:48:37,100.0,67.1,S
2021-06-15T13:48:37,500.0,67.1,S
2021-06-15T13:48:37,9800.0,67.1,S
2021-06-15T13:48:37,1000.0,67.1,S
2021-06-15T13:48:37,100.0,67.1,S
2021-06-15T13:48:37,200.0,67.1,S
2021-06-15T13:48:37,1200.0,67.1,S
2021-06-15T13:48:37,1000.0,67.1,S
2021-06-15T13:48:37,3500.0,67.1,S
2021-06-15T13:48:37,8600.0,67.1,S
2021-06-15T13:48:33,10000.0,67.1,S
2021-06-15T13:48:28,3000.0,67.1,S
2021-06-15T13:48:28,800.0,67.1,S
2021-06-15T13:48:25,200.0,67.1,S
2021-06-15T13:48:25,100.0,67.2,S
2021-06-15T13:48:21,2000.0,67.1,S
2021-06-15T13:48:15,100.0,67.2,S
2021-06-15T13:48:11,1000.0,67.2,S
2021-06-15T13:48:11,100.0,67.2,S
2021-06-15T13:48:11,4500.0,67.1,S
2021-06-15T13:48:10,200.0,67.1,S
2021-06-15T13:48:05,1900.0,67.2,S
2021-06-15T13:48:02,100.0,67.2,S
2021-06-15T13:48:01,1000.0,67.3,B
2021-06-15T13:47:58,20000.0,67.1,S
2021-06-15T13:47:58,11600.0,67.1,S
2021-06-15T13:47:56,2600.0,67.1,S
2021-06-15T13:47:56,500.0,67.1,S
2021-06-15T13:47:56,2800.0,67.1,S
2021-06-15T13:47:56,600.0,67.1,S
2021-06-15T13:47:56,6100.0,67.1,S
2021-06-15T13:47:56,6500.0,67.1,S
2021-06-15T13:47:56,1000.0,67.1,S
2021-06-15T13:47:56,1200.0,67.1,S
2021-06-15T13:47:56,3100.0,67.2,S
2021-06-15T13:47:56,4000.0,67.2,S
2021-06-15T13:47:55,10000.0,67.2,S
2021-06-15T13:47:55,700.0,67.2,S
2021-06-15T13:47:55,10000.0,67.2,S
2021-06-15T13:47:53,500.0,67.2,S
2021-06-15T13:47:53,1000.0,67.2,S
2021-06-15T13:47:52,2400.0,67.2,S
2021-06-15T13:47:52,1200.0,67.2,S
2021-06-15T13:47:52,1800.0,67.2,S
2021-06-15T13:47:52,4100.0,67.2,S
2021-06-15T13:47:52,5700.0,67.2,S
2021-06-15T13:47:52,1400.0,67.2,S
2021-06-15T13:47:52,3400.0,67.2,S
2021-06-15T13:47:52,27000.0,67.2,S
2021-06-15T13:47:46,10000.0,67.3,B
2021-06-15T13:47:46,1300.0,67.2,S
2021-06-15T13:47:42,500.0,67.2,S
2021-06-15T13:47:42,100.0,67.2,S
2021-06-15T13:47:41,13300.0,67.2,S
2021-06-15T13:47:40,200.0,67.3,B
2021-06-15T13:47:40,2000.0,67.2,S
2021-06-15T13:47:38,600.0,67.2,S
2021-06-15T13:47:35,6000.0,67.2,S
2021-06-15T13:47:33,2000.0,67.3,B
2021-06-15T13:47:31,100.0,67.3,B
2021-06-15T13:47:27,700.0,67.2,S
2021-06-15T13:47:27,2000.0,67.3,B
2021-06-15T13:47:25,100.0,67.2,S
2021-06-15T13:47:23,1300.0,67.2,S
2021-06-15T13:47:17,100.0,67.3,S
2021-06-15T13:47:17,200.0,67.3,S
2021-06-15T13:47:16,5000.0,67.3,S
2021-06-15T13:47:14,1300.0,67.2,S
2021-06-15T13:47:12,56700.0,67.2,S
2021-06-15T13:47:12,300.0,67.2,S
2021-06-15T13:47:12,200.0,67.2,S
2021-06-15T13:47:12,1200.0,67.2,S
2021-06-15T13:47:12,1200.0,67.2,S
2021-06-15T13:47:11,10400.0,67.2,S
2021-06-15T13:47:09,600.0,67.2,S
2021-06-15T13:47:09,500.0,67.2,S
2021-06-15T13:47:06,1300.0,67.2,S
2021-06-15T13:47:04,1000.0,67.3,S
2021-06-15T13:47:04,300.0,67.3,S
2021-06-15T13:47:04,500.0,67.3,S
2021-06-15T13:47:01,1300.0,67.2,S
2021-06-15T13:47:00,300.0,67.3,S
2021-06-15T13:46:55,1000.0,67.3,S
2021-06-15T13:46:52,1300.0,67.2,S
2021-06-15T13:46:52,200.0,67.3,S
2021-06-15T13:46:51,100.0,67.3,S
2021-06-15T13:46:51,1200.0,67.3,S
2021-06-15T13:46:51,200.0,67.3,S
2021-06-15T13:46:51,500.0,67.3,S
2021-06-15T13:46:51,1100.0,67.3,S
2021-06-15T13:46:51,200.0,67.3,S
2021-06-15T13:46:51,5400.0,67.3,S
2021-06-15T13:46:51,1800.0,67.3,S
2021-06-15T13:46:51,300.0,67.3,S
2021-06-15T13:46:51,700.0,67.3,S
2021-06-15T13:46:51,3600.0,67.3,S
2021-06-15T13:46:51,1100.0,67.3,S
2021-06-15T13:46:51,2300.0,67.3,S
2021-06-15T13:46:51,52200.0,67.3,S
2021-06-15T13:46:51,700.0,67.3,S
2021-06-15T13:46:51,800.0,67.3,S
2021-06-15T13:46:51,1000.0,67.3,S
2021-06-15T13:46:51,500.0,67.3,S
2021-06-15T13:46:51,30400.0,67.3,S
2021-06-15T13:46:51,1400.0,67.3,S
2021-06-15T13:46:51,121200.0,67.3,S
2021-06-15T13:46:49,1400.0,67.4,S
2021-06-15T13:46:49,600.0,67.4,S
2021-06-15T13:46:49,3000.0,67.4,S
2021-06-15T13:46:45,1300.0,67.3,S
2021-06-15T13:46:44,3100.0,67.3,S
2021-06-15T13:46:42,100.0,67.4,S
2021-06-15T13:46:39,1000.0,67.3,S
2021-06-15T13:46:36,1300.0,67.3,S
2021-06-15T13:46:33,100.0,67.4,S
2021-06-15T13:46:33,200.0,67.4,S
2021-06-15T13:46:32,200.0,67.4,S
2021-06-15T13:46:31,4500.0,67.3,S
2021-06-15T13:46:30,100.0,67.4,S
2021-06-15T13:46:25,1300.0,67.3,S
2021-06-15T13:46:16,3000.0,67.4,S
2021-06-15T13:46:15,200.0,67.4,S
2021-06-15T13:46:06,1000.0,67.4,S
2021-06-15T13:46:06,1000.0,67.3,S
2021-06-15T13:46:03,100.0,67.4,S
2021-06-15T13:45:56,1000.0,67.4,S
2021-06-15T13:45:47,100.0,67.4,S
2021-06-15T13:45:39,300.0,67.3,S
2021-06-15T13:45:39,2400.0,67.3,S
2021-06-15T13:45:39,2000.0,67.4,S
2021-06-15T13:45:39,300.0,67.4,S
2021-06-15T13:45:31,100.0,67.5,B
2021-06-15T13:45:21,3000.0,67.3,S
2021-06-15T13:45:19,30000.0,67.3,S
2021-06-15T13:45:16,5000.0,67.5,B
2021-06-15T13:45:05,100.0,67.4,S
2021-06-15T13:45:02,3000.0,67.3,S
2021-06-15T13:44:58,1500.0,67.5,B
2021-06-15T13:44:56,2900.0,67.3,S
2021-06-15T13:44:56,2100.0,67.3,S
2021-06-15T13:44:54,100.0,67.5,B
2021-06-15T13:44:54,500.0,67.4,S
2021-06-15T13:44:54,1000.0,67.4,S
2021-06-15T13:44:49,200.0,67.5,B
2021-06-15T13:44:45,1100.0,67.3,S
2021-06-15T13:44:45,400.0,67.3,S
2021-06-15T13:44:45,1200.0,67.3,S
2021-06-15T13:44:45,1200.0,67.3,S
2021-06-15T13:44:45,1800.0,67.3,S
2021-06-15T13:44:45,1200.0,67.3,S
2021-06-15T13:44:44,700.0,67.4,S
2021-06-15T13:44:43,1000.0,67.5,B
2021-06-15T13:44:43,1000.0,67.5,B
2021-06-15T13:44:38,800.0,67.5,B
2021-06-15T13:44:35,900.0,67.4,S
2021-06-15T13:44:35,9100.0,67.4,S
2021-06-15T13:44:30,11200.0,67.4,S
2021-06-15T13:44:30,1100.0,67.4,S
2021-06-15T13:44:30,2500.0,67.4,S
2021-06-15T13:44:30,100.0,67.4,S
2021-06-15T13:44:30,200.0,67.4,S
2021-06-15T13:44:30,500.0,67.4,S
2021-06-15T13:44:30,19400.0,67.4,S
2021-06-15T13:44:29,100.0,67.5,B
2021-06-15T13:44:24,2000.0,67.5,B
2021-06-15T13:44:22,100.0,67.4,S
2021-06-15T13:44:20,1900.0,67.4,S
2021-06-15T13:44:20,2600.0,67.5,B
2021-06-15T13:44:20,500.0,67.5,B
2021-06-15T13:44:10,400.0,67.5,B
2021-06-15T13:44:08,200.0,67.5,B
2021-06-15T13:44:08,200.0,67.5,B
2021-06-15T13:44:04,24800.0,67.4,S
2021-06-15T13:44:04,200.0,67.5,B
2021-06-15T13:44:02,2000.0,67.5,B
2021-06-15T13:43:59,28000.0,67.5,B
2021-06-15T13:43:57,5000.0,67.5,B
2021-06-15T13:43:54,2100.0,67.5,B
2021-06-15T13:43:53,18700.0,67.4,S
2021-06-15T13:43:53,500.0,67.4,S
2021-06-15T13:43:53,1700.0,67.4,S
2021-06-15T13:43:53,57500.0,67.4,S
2021-06-15T13:43:53,700.0,67.4,S
2021-06-15T13:43:53,20900.0,67.4,S
2021-06-15T13:43:52,15000.0,67.5,B
2021-06-15T13:43:39,700.0,67.5,B
2021-06-15T13:43:39,20000.0,67.5,B
2021-06-15T13:43:38,4000.0,67.5,B
2021-06-15T13:43:38,500.0,67.5,B
2021-06-15T13:43:37,2500.0,67.5,B
2021-06-15T13:43:37,200.0,67.6,B
2021-06-15T13:43:36,2500.0,67.5,B
2021-06-15T13:43:31,400.0,67.6,B
2021-06-15T13:43:31,200.0,67.5,B
2021-06-15T13:43:24,200.0,67.5,B
2021-06-15T13:43:22,1700.0,67.5,B
2021-06-15T13:43:22,200.0,67.5,B
2021-06-15T13:43:20,5000.0,67.4,S
2021-06-15T13:43:18,1000.0,67.4,S
2021-06-15T13:43:17,500.0,67.5,S
2021-06-15T13:43:16,400.0,67.5,S
2021-06-15T13:43:16,13300.0,67.4,S
2021-06-15T13:43:15,31700.0,67.5,S
2021-06-15T13:43:13,1000.0,67.5,S
2021-06-15T13:43:12,8000.0,67.5,S
2021-06-15T13:43:10,4000.0,67.5,S
2021-06-15T13:43:09,10000.0,67.5,S
2021-06-15T13:43:07,5000.0,67.6,B
2021-06-15T13:43:07,5000.0,67.5,S
2021-06-15T13:43:06,600.0,67.5,S
2021-06-15T13:43:05,3900.0,67.5,S
2021-06-15T13:43:02,100.0,67.5,S
2021-06-15T13:43:02,1500.0,67.5,S
2021-06-15T13:43:02,21800.0,67.5,S
2021-06-15T13:42:58,300.0,67.5,S
2021-06-15T13:42:49,1200.0,67.5,S
2021-06-15T13:42:49,6300.0,67.5,S
2021-06-15T13:42:49,1300.0,67.5,S
2021-06-15T13:42:48,3900.0,67.5,S
2021-06-15T13:42:46,2000.0,67.4,S
2021-06-15T13:42:43,200.0,67.5,S
2021-06-15T13:42:41,1000.0,67.5,S
2021-06-15T13:42:40,200.0,67.5,S
2021-06-15T13:42:23,200.0,67.5,S
2021-06-15T13:42:22,1200.0,67.4,S
2021-06-15T13:42:13,1500.0,67.5,S
2021-06-15T13:42:08,200.0,67.5,S
2021-06-15T13:42:05,100.0,67.5,S
2021-06-15T13:42:00,200.0,67.5,S
2021-06-15T13:41:59,7700.0,67.5,S
2021-06-15T13:41:58,42300.0,67.5,S
2021-06-15T13:41:57,200.0,67.5,S
2021-06-15T13:41:57,500.0,67.5,S
2021-06-15T13:41:54,1000.0,67.5,S
2021-06-15T13:41:51,22800.0,67.5,S
2021-06-15T13:41:51,400.0,67.5,S
2021-06-15T13:41:49,26800.0,67.5,S
2021-06-15T13:41:49,3000.0,67.4,S
2021-06-15T13:41:43,5000.0,67.5,S
2021-06-15T13:41:42,11700.0,67.4,S
2021-06-15T13:41:42,1400.0,67.4,S
2021-06-15T13:41:42,600.0,67.4,S
2021-06-15T13:41:42,200.0,67.4,S
2021-06-15T13:41:42,5700.0,67.4,S
2021-06-15T13:41:42,600.0,67.4,S
2021-06-15T13:41:41,29800.0,67.4,S
2021-06-15T13:41:39,3000.0,67.4,S
2021-06-15T13:41:28,600.0,67.5,S
2021-06-15T13:41:26,500.0,67.5,S
2021-06-15T13:41:26,1000.0,67.5,S
2021-06-15T13:41:25,300.0,67.4,S
2021-06-15T13:41:24,3900.0,67.4,S
2021-06-15T13:41:23,100.0,67.5,S
2021-06-15T13:41:23,500.0,67.5,S
2021-06-15T13:41:17,19100.0,67.4,S
2021-06-15T13:41:16,200.0,67.5,S
2021-06-15T13:41:11,1000.0,67.5,S
2021-06-15T13:41:09,100.0,67.5,S
2021-06-15T13:41:08,200.0,67.5,S
2021-06-15T13:41:05,100.0,67.5,S
2021-06-15T13:41:03,50000.0,67.5,S
2021-06-15T13:41:03,200.0,67.5,S
2021-06-15T13:41:00,200.0,67.5,S
2021-06-15T13:40:50,600.0,67.4,S
2021-06-15T13:40:46,50000.0,67.5,S
2021-06-15T13:40:40,100.0,67.5,S
2021-06-15T13:40:39,2000.0,67.4,S
2021-06-15T13:40:39,100.0,67.5,S
2021-06-15T13:40:38,14800.0,67.5,S
2021-06-15T13:40:38,15000.0,67.5,S
2021-06-15T13:40:38,20200.0,67.5,S
2021-06-15T13:40:37,500.0,67.4,S
2021-06-15T13:40:36,500.0,67.4,S
2021-06-15T13:40:35,500.0,67.5,S
2021-06-15T13:40:35,300.0,67.4,S
2021-06-15T13:40:32,100.0,67.5,S
2021-06-15T13:40:31,50000.0,67.5,S
2021-06-15T13:40:24,200.0,67.5,S
2021-06-15T13:40:23,5000.0,67.5,S
2021-06-15T13:40:23,2000.0,67.4,S
2021-06-15T13:40:23,900.0,67.4,S
2021-06-15T13:40:23,600.0,67.4,S
2021-06-15T13:40:23,100.0,67.4,S
2021-06-15T13:40:22,1900.0,67.4,S
2021-06-15T13:40:22,1000.0,67.5,S
2021-06-15T13:40:20,800.0,67.5,S
2021-06-15T13:40:20,8800.0,67.5,S
2021-06-15T13:40:20,2000.0,67.5,S
2021-06-15T13:40:20,800.0,67.5,S
2021-06-15T13:40:20,100.0,67.5,S
2021-06-15T13:40:20,16500.0,67.5,S
2021-06-15T13:40:20,200.0,67.4,S
2021-06-15T13:40:18,2000.0,67.4,S
2021-06-15T13:40:17,300.0,67.4,S
2021-06-15T13:40:15,2400.0,67.4,S
2021-06-15T13:40:07,1000.0,67.4,S
2021-06-15T13:40:03,5000.0,67.4,S
2021-06-15T13:39:57,100.0,67.5,S
2021-06-15T13:39:55,9900.0,67.5,S
2021-06-15T13:39:55,7000.0,67.5,S
2021-06-15T13:39:55,13100.0,67.5,S
2021-06-15T13:39:54,2000.0,67.4,S
2021-06-15T13:39:49,3900.0,67.4,S
2021-06-15T13:39:48,6000.0,67.5,S
2021-06-15T13:39:48,20000.0,67.4,S
2021-06-15T13:39:42,20000.0,67.4,S
2021-06-15T13:39:40,2000.0,67.4,S
2021-06-15T13:39:40,2600.0,67.4,S
2021-06-15T13:39:37,5200.0,67.5,S
2021-06-15T13:39:27,200.0,67.5,S
2021-06-15T13:39:26,100.0,67.5,S
2021-06-15T13:39:20,1000.0,67.4,S
2021-06-15T13:39:20,1900.0,67.5,S
2021-06-15T13:39:19,4000.0,67.4,S
2021-06-15T13:39:15,400.0,67.5,S
2021-06-15T13:39:12,100.0,67.5,S
2021-06-15T13:39:10,20000.0,67.5,S
2021-06-15T13:39:10,1000.0,67.4,S
2021-06-15T13:39:08,200.0,67.5,S
2021-06-15T13:39:08,100.0,67.5,S
2021-06-15T13:39:05,100.0,67.5,S
2021-06-15T13:39:02,7000.0,67.4,S
2021-06-15T13:39:00,1600.0,67.4,S
2021-06-15T13:38:57,500.0,67.5,S
2021-06-15T13:38:54,500.0,67.5,S
2021-06-15T13:38:54,3200.0,67.4,S
2021-06-15T13:38:54,800.0,67.4,S
2021-06-15T13:38:54,100.0,67.4,S
2021-06-15T13:38:53,300.0,67.4,S
2021-06-15T13:38:53,200.0,67.4,S
2021-06-15T13:38:53,800.0,67.4,S
2021-06-15T13:38:53,300.0,67.4,S
2021-06-15T13:38:53,300.0,67.4,S
2021-06-15T13:38:53,400.0,67.4,S
2021-06-15T13:38:53,600.0,67.4,S
2021-06-15T13:38:53,700.0,67.4,S
2021-06-15T13:38:53,400.0,67.4,S
2021-06-15T13:38:53,200.0,67.4,S
2021-06-15T13:38:53,11200.0,67.4,S
2021-06-15T13:38:53,500.0,67.4,S
2021-06-15T13:38:50,1000.0,67.5,S
2021-06-15T13:38:49,100.0,67.5,S
2021-06-15T13:38:43,600.0,67.5,S
2021-06-15T13:38:43,300.0,67.5,S
2021-06-15T13:38:43,900.0,67.4,S
2021-06-15T13:38:43,800.0,67.4,S
2021-06-15T13:38:36,100.0,67.5,S
2021-06-15T13:38:29,100.0,67.5,S
2021-06-15T13:38:25,100.0,67.5,S
2021-06-15T13:38:25,1000.0,67.5,S
2021-06-15T13:38:25,400.0,67.5,S
2021-06-15T13:38:25,2800.0,67.5,S
2021-06-15T13:38:25,300.0,67.5,S
2021-06-15T13:38:24,300.0,67.5,S
2021-06-15T13:38:24,1000.0,67.5,S
2021-06-15T13:38:24,1400.0,67.5,S
2021-06-15T13:38:24,1900.0,67.5,S
2021-06-15T13:38:24,1500.0,67.5,S
2021-06-15T13:38:24,4300.0,67.5,S
2021-06-15T13:38:24,10700.0,67.5,S
2021-06-15T13:38:24,29900.0,67.5,S
2021-06-15T13:38:24,400.0,67.5,S
2021-06-15T13:38:23,100.0,67.5,S
2021-06-15T13:38:23,3000.0,67.5,S
2021-06-15T13:38:23,2800.0,67.5,S
2021-06-15T13:38:23,500.0,67.5,S
2021-06-15T13:38:23,1400.0,67.5,S
2021-06-15T13:38:23,1200.0,67.5,S
2021-06-15T13:38:23,5700.0,67.5,S
2021-06-15T13:38:22,2000.0,67.5,S
2021-06-15T13:38:22,3000.0,67.5,S
2021-06-15T13:38:22,100.0,67.5,S
2021-06-15T13:38:21,10000.0,67.5,S
2021-06-15T13:38:21,1400.0,67.5,S
2021-06-15T13:38:21,100.0,67.5,S
2021-06-15T13:38:21,100.0,67.5,S
2021-06-15T13:38:21,7500.0,67.5,S
2021-06-15T13:38:21,900.0,67.5,S
2021-06-15T13:38:21,4800.0,67.5,S
2021-06-15T13:38:21,6000.0,67.5,S
2021-06-15T13:38:21,1300.0,67.5,S
2021-06-15T13:38:21,100.0,67.5,S
2021-06-15T13:38:21,2300.0,67.5,S
2021-06-15T13:38:21,5400.0,67.5,S
2021-06-15T13:38:20,1300.0,67.5,S
2021-06-15T13:38:20,500.0,67.5,S
2021-06-15T13:38:20,1000.0,67.5,S
2021-06-15T13:38:20,700.0,67.5,S
2021-06-15T13:38:19,1300.0,67.5,S
2021-06-15T13:38:19,700.0,67.5,S
2021-06-15T13:38:19,3600.0,67.5,S
2021-06-15T13:38:19,5900.0,67.5,S
2021-06-15T13:38:16,20600.0,67.6,B
2021-06-15T13:38:16,1000.0,67.5,S
2021-06-15T13:38:16,100.0,67.5,S
2021-06-15T13:38:16,1200.0,67.5,S
2021-06-15T13:38:16,1700.0,67.5,S
2021-06-15T13:38:16,700.0,67.5,S
2021-06-15T13:38:16,1500.0,67.5,S
2021-06-15T13:38:15,3000.0,67.5,S
2021-06-15T13:38:14,1200.0,67.6,B
2021-06-15T13:38:10,500.0,67.5,S
2021-06-15T13:38:08,500.0,67.5,S
2021-06-15T13:38:05,800.0,67.6,S
2021-06-15T13:38:03,400.0,67.5,S
2021-06-15T13:37:58,900.0,67.5,S
2021-06-15T13:37:58,200.0,67.5,S
2021-06-15T13:37:58,600.0,67.5,S
2021-06-15T13:37:58,1700.0,67.5,S
2021-06-15T13:37:58,100.0,67.5,S
2021-06-15T13:37:58,1900.0,67.5,S
2021-06-15T13:37:58,100.0,67.5,S
2021-06-15T13:37:58,300.0,67.5,S
2021-06-15T13:37:57,1600.0,67.5,S
2021-06-15T13:37:52,1000.0,67.5,S
2021-06-15T13:37:48,1000.0,67.5,S
2021-06-15T13:37:44,800.0,67.5,S
2021-06-15T13:37:42,200.0,67.5,S
2021-06-15T13:37:42,1300.0,67.6,S
2021-06-15T13:37:42,200.0,67.6,S
2021-06-15T13:37:34,100.0,67.6,S
2021-06-15T13:37:32,500.0,67.6,S
2021-06-15T13:37:26,200.0,67.5,S
2021-06-15T13:37:25,400.0,67.6,S
2021-06-15T13:37:25,100.0,67.5,S
2021-06-15T13:37:20,300.0,67.6,S
2021-06-15T13:37:18,100.0,67.6,S
2021-06-15T13:37:09,1000.0,67.6,S
2021-06-15T13:37:08,1000.0,67.6,S
2021-06-15T13:37:08,500.0,67.6,S
2021-06-15T13:37:08,3000.0,67.6,S
2021-06-15T13:37:06,600.0,67.5,S
2021-06-15T13:37:06,200.0,67.5,S
2021-06-15T13:37:05,300.0,67.6,S
2021-06-15T13:37:04,100.0,67.6,S
2021-06-15T13:37:04,3500.0,67.5,S
2021-06-15T13:37:03,1000.0,67.6,S
2021-06-15T13:36:51,1000.0,67.6,S
2021-06-15T13:36:49,500.0,67.6,S
2021-06-15T13:36:45,100.0,67.6,S
2021-06-15T13:36:45,2000.0,67.6,S
2021-06-15T13:36:42,100.0,67.6,S
2021-06-15T13:36:41,100.0,67.6,S
2021-06-15T13:36:39,200.0,67.6,S
2021-06-15T13:36:37,200.0,67.6,S
2021-06-15T13:36:34,100.0,67.6,S
2021-06-15T13:36:34,300.0,67.6,S
2021-06-15T13:36:33,400.0,67.6,S
2021-06-15T13:36:33,500.0,67.6,S
2021-06-15T13:36:32,300.0,67.6,S
2021-06-15T13:36:28,500.0,67.6,S
2021-06-15T13:36:28,3300.0,67.5,S
2021-06-15T13:36:28,600.0,67.5,S
2021-06-15T13:36:24,300.0,67.6,S
2021-06-15T13:36:24,200.0,67.6,S
2021-06-15T13:36:24,1600.0,67.6,S
2021-06-15T13:36:24,500.0,67.6,S
2021-06-15T13:36:24,600.0,67.6,S
2021-06-15T13:36:24,2700.0,67.6,S
2021-06-15T13:36:24,1100.0,67.6,S
2021-06-15T13:36:24,400.0,67.6,S
2021-06-15T13:36:24,600.0,67.6,S
2021-06-15T13:36:24,800.0,67.6,S
2021-06-15T13:36:24,1200.0,67.6,S
2021-06-15T13:36:24,1100.0,67.6,S
2021-06-15T13:36:24,200.0,67.6,S
2021-06-15T13:36:24,1300.0,67.6,S
2021-06-15T13:36:24,2800.0,67.6,S
2021-06-15T13:36:24,900.0,67.6,S
2021-06-15T13:36:24,600.0,67.6,S
2021-06-15T13:36:24,700.0,67.6,S
2021-06-15T13:36:24,1000.0,67.6,S
2021-06-15T13:36:24,2900.0,67.6,S
2021-06-15T13:36:23,300.0,67.7,S
2021-06-15T13:36:22,400.0,67.7,S
2021-06-15T13:36:22,500.0,67.7,S
2021-06-15T13:36:21,1000.0,67.7,S
2021-06-15T13:36:19,200.0,67.7,S
2021-06-15T13:36:18,300.0,67.6,S
2021-06-15T13:36:18,200.0,67.6,S
2021-06-15T13:36:18,2800.0,67.6,S
2021-06-15T13:35:59,1600.0,67.6,S
2021-06-15T13:35:59,3400.0,67.6,S
2021-06-15T13:35:58,5000.0,67.7,S
2021-06-15T13:35:55,200.0,67.7,S
2021-06-15T13:35:52,1600.0,67.7,S
2021-06-15T13:35:47,2500.0,67.6,S
2021-06-15T13:35:44,100.0,67.6,S
2021-06-15T13:35:27,300.0,67.7,S
2021-06-15T13:35:22,500.0,67.6,S
2021-06-15T13:35:22,700.0,67.6,S
2021-06-15T13:34:55,1100.0,67.6,S
2021-06-15T13:34:55,200.0,67.7,S
2021-06-15T13:34:47,1000.0,67.8,S
2021-06-15T13:34:46,400.0,67.8,S
2021-06-15T13:34:45,1800.0,67.6,S
2021-06-15T13:34:45,100.0,67.6,S
2021-06-15T13:34:45,600.0,67.6,S
2021-06-15T13:34:45,1000.0,67.6,S
2021-06-15T13:34:44,100.0,67.6,S
2021-06-15T13:34:43,7300.0,67.8,S
2021-06-15T13:34:39,200.0,67.8,S
2021-06-15T13:34:39,1300.0,67.6,S
2021-06-15T13:34:37,200.0,67.6,S
2021-06-15T13:34:37,7400.0,67.6,S
2021-06-15T13:34:37,5000.0,67.6,S
2021-06-15T13:34:36,1000.0,67.6,S
2021-06-15T13:34:36,24900.0,67.6,S
2021-06-15T13:34:36,1200.0,67.7,S
2021-06-15T13:34:36,300.0,67.7,S
2021-06-15T13:34:36,1100.0,67.7,S
2021-06-15T13:34:36,2000.0,67.7,S
2021-06-15T13:34:36,300.0,67.7,S
2021-06-15T13:34:36,200.0,67.7,S
2021-06-15T13:34:36,1000.0,67.7,S
2021-06-15T13:34:36,500.0,67.7,S
2021-06-15T13:34:36,200.0,67.7,S
2021-06-15T13:34:36,2400.0,67.7,S
2021-06-15T13:34:36,500.0,67.7,S
2021-06-15T13:34:36,2500.0,67.7,S
2021-06-15T13:34:36,100.0,67.7,S
2021-06-15T13:34:36,3300.0,67.7,S
2021-06-15T13:34:36,500.0,67.7,S
2021-06-15T13:34:36,1300.0,67.7,S
2021-06-15T13:34:36,100.0,67.7,S
2021-06-15T13:34:35,4000.0,67.7,S
2021-06-15T13:34:32,1700.0,67.7,S
2021-06-15T13:34:32,3400.0,67.7,S
2021-06-15T13:34:32,500.0,67.7,S
2021-06-15T13:34:32,8500.0,67.7,S
2021-06-15T13:34:29,1000.0,67.8,S
2021-06-15T13:34:29,7900.0,67.8,S
2021-06-15T13:34:29,100.0,67.8,S
2021-06-15T13:34:29,500.0,67.8,S
2021-06-15T13:34:29,1000.0,67.8,S
2021-06-15T13:34:29,400.0,67.8,S
2021-06-15T13:34:29,1300.0,67.8,S
2021-06-15T13:34:29,1200.0,67.8,S
2021-06-15T13:34:28,500.0,67.8,S
2021-06-15T13:34:28,2600.0,67.8,S
2021-06-15T13:34:28,200.0,67.8,S
2021-06-15T13:34:28,600.0,67.8,S
2021-06-15T13:34:28,600.0,67.8,S
2021-06-15T13:34:28,4000.0,67.8,S
2021-06-15T13:34:28,300.0,67.8,S
2021-06-15T13:34:28,4300.0,67.8,S
2021-06-15T13:34:28,300.0,67.8,S
2021-06-15T13:34:28,3100.0,67.8,S
2021-06-15T13:34:26,1100.0,67.8,S
2021-06-15T13:34:26,200.0,67.8,S
2021-06-15T13:34:17,2000.0,67.8,S
2021-06-15T13:34:16,500.0,67.9,B
2021-06-15T13:34:16,1000.0,67.9,B
2021-06-15T13:34:15,2800.0,67.8,S
2021-06-15T13:34:15,900.0,67.8,S
2021-06-15T13:34:15,100.0,67.8,S
2021-06-15T13:34:15,1000.0,67.8,S
2021-06-15T13:34:15,700.0,67.8,S
2021-06-15T13:34:15,100.0,67.8,S
2021-06-15T13:34:15,4400.0,67.8,S
2021-06-15T13:34:14,1000.0,67.9,B
2021-06-15T13:34:12,1300.0,67.8,S
2021-06-15T13:34:12,900.0,67.8,S
2021-06-15T13:34:12,1500.0,67.8,S
2021-06-15T13:34:12,2000.0,67.8,S
2021-06-15T13:34:12,1900.0,67.8,S
2021-06-15T13:34:12,2100.0,67.8,S
2021-06-15T13:34:12,1600.0,67.8,S
2021-06-15T13:34:08,100.0,67.8,S
2021-06-15T13:34:06,2300.0,67.8,S
2021-06-15T13:34:06,1300.0,67.8,S
2021-06-15T13:34:06,3400.0,67.8,S
2021-06-15T13:34:04,600.0,67.8,S
2021-06-15T13:34:04,3200.0,67.8,S
2021-06-15T13:34:04,600.0,67.8,S
2021-06-15T13:34:03,5600.0,67.8,S
2021-06-15T13:33:57,1000.0,67.8,S
2021-06-15T13:33:57,200.0,67.8,S
2021-06-15T13:33:57,100.0,67.8,S
2021-06-15T13:33:47,1800.0,67.9,B
2021-06-15T13:33:45,1300.0,67.8,S
2021-06-15T13:33:45,1200.0,67.8,S
2021-06-15T13:33:45,2500.0,67.8,S
2021-06-15T13:33:42,400.0,67.9,B
2021-06-15T13:33:39,1300.0,67.8,S
2021-06-15T13:33:32,200.0,67.9,S
2021-06-15T13:33:32,1100.0,67.8,S
2021-06-15T13:33:32,200.0,67.8,S
2021-06-15T13:33:05,2000.0,67.9,S
2021-06-15T13:33:00,1800.0,67.8,S
2021-06-15T13:33:00,400.0,67.8,S
2021-06-15T13:33:00,1300.0,67.8,S
2021-06-15T13:32:55,100.0,67.9,S
2021-06-15T13:32:54,300.0,67.9,S
2021-06-15T13:32:46,700.0,67.8,S
2021-06-15T13:32:43,5000.0,67.9,S
2021-06-15T13:32:42,3000.0,67.8,S
2021-06-15T13:32:37,900.0,67.9,S
2021-06-15T13:32:36,5000.0,67.9,S
2021-06-15T13:32:31,2000.0,67.8,S
2021-06-15T13:32:31,500.0,67.8,S
2021-06-15T13:32:28,6000.0,67.8,S
2021-06-15T13:32:28,1500.0,67.9,S
2021-06-15T13:32:15,2000.0,67.9,S
2021-06-15T13:32:15,900.0,67.9,S
2021-06-15T13:32:14,1000.0,67.9,S
2021-06-15T13:32:14,300.0,67.9,S
2021-06-15T13:32:10,400.0,67.9,S
2021-06-15T13:32:08,300.0,67.9,S
2021-06-15T13:32:06,4000.0,67.9,S
2021-06-15T13:31:59,4000.0,67.9,S
2021-06-15T13:31:57,500.0,67.8,S
2021-06-15T13:31:49,6700.0,67.9,S
2021-06-15T13:31:44,200.0,67.9,S
2021-06-15T13:31:40,100.0,67.9,S
2021-06-15T13:31:33,100.0,67.9,S
2021-06-15T13:31:31,200.0,67.9,S
2021-06-15T13:31:28,3500.0,67.8,S
2021-06-15T13:31:26,100.0,67.9,S
2021-06-15T13:31:12,2000.0,67.9,S
2021-06-15T13:31:08,400.0,67.9,S
2021-06-15T13:31:08,100.0,67.9,S
2021-06-15T13:31:06,3300.0,67.8,S
2021-06-15T13:30:57,1000.0,67.9,S
2021-06-15T13:30:53,1000.0,67.9,S
2021-06-15T13:30:53,700.0,67.8,S
2021-06-15T13:30:50,100.0,67.9,S
2021-06-15T13:30:49,300.0,67.9,S
2021-06-15T13:30:49,1100.0,67.9,S
2021-06-15T13:30:49,3100.0,67.9,S
2021-06-15T13:30:49,6600.0,67.9,S
2021-06-15T13:30:49,1400.0,67.9,S
2021-06-15T13:30:49,1200.0,67.9,S
2021-06-15T13:30:49,1900.0,67.9,S
2021-06-15T13:30:49,1000.0,67.9,S
2021-06-15T13:30:49,1000.0,67.9,S
2021-06-15T13:30:49,1000.0,67.9,S
2021-06-15T13:30:49,9900.0,67.9,S
2021-06-15T13:30:47,2000.0,67.9,S
2021-06-15T13:30:40,13700.0,68.0,B
2021-06-15T13:30:40,2300.0,68.0,B
2021-06-15T13:30:39,9000.0,68.0,B
2021-06-15T13:30:39,1000.0,67.9,S
2021-06-15T13:30:34,1000.0,68.0,B
2021-06-15T13:30:34,100.0,67.9,S
2021-06-15T13:30:26,100.0,67.9,S
2021-06-15T13:30:24,200.0,68.0,B
2021-06-15T13:30:23,100.0,67.9,S
2021-06-15T13:30:22,700.0,68.0,B
2021-06-15T13:30:22,5000.0,67.9,S
2021-06-15T13:30:22,1000.0,67.9,S
2021-06-15T13:30:10,100.0,67.9,S
2021-06-15T13:30:09,10000.0,67.9,S
2021-06-15T13:30:05,200.0,68.0,B
2021-06-15T13:30:05,3800.0,68.0,B
2021-06-15T13:30:00,1100.0,68.0,B
2021-06-15T13:29:59,200.0,67.9,S
2021-06-15T13:29:59,300.0,67.9,S
2021-06-15T13:29:56,800.0,67.9,S
2021-06-15T13:29:54,5000.0,67.9,S
2021-06-15T13:29:54,3400.0,68.0,B
2021-06-15T13:29:54,1000.0,68.0,B
2021-06-15T13:29:52,500.0,67.9,S
2021-06-15T13:29:48,3000.0,67.9,S
2021-06-15T13:29:41,100.0,67.9,S
2021-06-15T13:29:37,3600.0,67.9,S
2021-06-15T13:29:37,100.0,68.0,B
2021-06-15T13:29:36,900.0,68.0,B
2021-06-15T13:29:18,300.0,68.0,B
2021-06-15T13:29:15,2000.0,67.9,S
2021-06-15T13:29:00,400.0,67.9,S
2021-06-15T13:28:47,300.0,68.0,B
2021-06-15T13:28:42,800.0,67.9,S
2021-06-15T13:28:36,300.0,68.0,B
2021-06-15T13:28:30,100.0,68.0,B
2021-06-15T13:28:30,300.0,68.0,B
2021-06-15T13:28:28,400.0,68.0,B
2021-06-15T13:28:24,500.0,67.9,S
2021-06-15T13:28:19,500.0,67.9,S
2021-06-15T13:28:16,1000.0,68.0,B
2021-06-15T13:28:13,500.0,68.0,B
2021-06-15T13:28:05,10500.0,68.0,B
2021-06-15T13:28:03,100.0,68.0,B
2021-06-15T13:28:03,1900.0,68.0,B
2021-06-15T13:28:00,100.0,68.0,B
2021-06-15T13:28:00,400.0,68.0,B
2021-06-15T13:27:59,10800.0,68.0,B
2021-06-15T13:27:54,1000.0,67.9,S
2021-06-15T13:27:47,2000.0,68.0,B
2021-06-15T13:27:44,10000.0,68.0,B
2021-06-15T13:27:42,100.0,68.0,B
2021-06-15T13:27:37,10000.0,68.0,B
2021-06-15T13:27:32,1300.0,67.9,S
2021-06-15T13:27:30,400.0,68.0,B
2021-06-15T13:27:29,2400.0,68.0,B
2021-06-15T13:27:29,400.0,68.0,B
2021-06-15T13:27:29,4100.0,68.0,B
2021-06-15T13:27:29,2900.0,68.0,B
2021-06-15T13:27:29,10200.0,68.0,B
2021-06-15T13:27:28,200.0,67.9,S
2021-06-15T13:27:20,300.0,67.9,S
2021-06-15T13:27:19,1500.0,68.0,B
2021-06-15T13:27:19,600.0,68.0,B
2021-06-15T13:27:19,1000.0,68.0,B
2021-06-15T13:27:19,1300.0,68.0,B
2021-06-15T13:27:17,4400.0,68.0,B
2021-06-15T13:27:17,600.0,68.0,B
2021-06-15T13:27:15,100.0,68.0,B
2021-06-15T13:27:14,600.0,68.0,B
2021-06-15T13:27:11,3000.0,68.0,B
2021-06-15T13:27:04,300.0,68.0,B
2021-06-15T13:27:02,2100.0,67.9,S
2021-06-15T13:27:01,17500.0,68.0,B
2021-06-15T13:27:01,2500.0,68.0,B
2021-06-15T13:27:00,1000.0,68.0,B
2021-06-15T13:26:52,1000.0,68.0,B
2021-06-15T13:26:45,100.0,68.0,B
2021-06-15T13:26:31,1000.0,68.0,B
2021-06-15T13:26:23,4000.0,68.0,B
2021-06-15T13:26:20,400.0,68.0,B
2021-06-15T13:26:20,1000.0,68.0,B
2021-06-15T13:26:20,1300.0,68.0,B
2021-06-15T13:26:20,400.0,68.0,B
2021-06-15T13:26:20,1100.0,68.0,B
2021-06-15T13:26:20,800.0,68.0,B
2021-06-15T13:26:20,300.0,68.0,B
2021-06-15T13:26:19,4700.0,68.0,B
2021-06-15T13:26:18,1000.0,68.0,B
2021-06-15T13:26:13,200.0,68.0,B
2021-06-15T13:26:11,1000.0,68.0,B
2021-06-15T13:26:10,100.0,68.0,B
2021-06-15T13:26:04,200.0,67.9,B
2021-06-15T13:25:56,200.0,68.0,B
2021-06-15T13:25:51,500.0,68.0,B
2021-06-15T13:25:49,100.0,68.0,B
2021-06-15T13:25:47,2500.0,68.0,B
2021-06-15T13:25:20,1000.0,68.0,B
2021-06-15T13:25:16,15000.0,68.0,B
2021-06-15T13:25:14,1500.0,67.9,B
2021-06-15T13:25:11,3000.0,67.9,B
2021-06-15T13:25:08,2400.0,67.8,S
2021-06-15T13:25:07,2000.0,68.0,B
2021-06-15T13:25:03,2400.0,67.8,S
2021-06-15T13:24:58,2400.0,67.8,S
2021-06-15T13:24:57,100.0,67.9,B
2021-06-15T13:24:55,3000.0,68.0,B
2021-06-15T13:24:52,2400.0,67.8,S
2021-06-15T13:24:48,1000.0,67.9,B
2021-06-15T13:24:41,100.0,67.9,B
2021-06-15T13:24:41,1500.0,67.9,B
2021-06-15T13:24:41,34200.0,67.8,S
2021-06-15T13:24:40,100.0,67.9,B
2021-06-15T13:24:39,10000.0,68.0,B
2021-06-15T13:24:35,100.0,68.0,B
2021-06-15T13:24:34,2000.0,68.0,B
2021-06-15T13:24:34,1300.0,67.9,B
2021-06-15T13:24:34,500.0,67.9,B
2021-06-15T13:24:33,1000.0,68.0,B
2021-06-15T13:24:29,3000.0,68.0,B
2021-06-15T13:24:24,5000.0,68.0,B
2021-06-15T13:24:23,1000.0,67.9,B
2021-06-15T13:24:17,200.0,67.9,B
2021-06-15T13:24:14,2000.0,68.0,B
2021-06-15T13:24:14,500.0,68.0,B
2021-06-15T13:24:13,2000.0,68.0,B
2021-06-15T13:24:13,1400.0,67.9,B
2021-06-15T13:24:11,1300.0,67.9,B
2021-06-15T13:24:05,2500.0,68.0,B
2021-06-15T13:23:59,200.0,68.0,B
2021-06-15T13:23:59,10000.0,68.0,B
2021-06-15T13:23:58,300.0,67.9,B
2021-06-15T13:23:58,1000.0,67.9,B
2021-06-15T13:23:57,1000.0,67.9,B
2021-06-15T13:23:49,1600.0,67.9,B
2021-06-15T13:23:49,200.0,67.9,B
2021-06-15T13:23:49,700.0,67.9,B
2021-06-15T13:23:46,200.0,67.9,B
2021-06-15T13:23:45,1300.0,67.9,B
2021-06-15T13:23:38,400.0,67.9,B
2021-06-15T13:23:35,3000.0,68.0,B
2021-06-15T13:23:34,1300.0,67.9,B
2021-06-15T13:23:30,500.0,67.9,B
2021-06-15T13:23:25,5000.0,67.9,B
2021-06-15T13:23:24,1000.0,67.9,B
2021-06-15T13:23:23,1000.0,68.0,B
2021-06-15T13:23:22,1300.0,67.9,B
2021-06-15T13:23:16,6700.0,67.9,B
2021-06-15T13:23:15,3200.0,67.8,S
2021-06-15T13:23:15,100.0,67.9,B
2021-06-15T13:23:09,1300.0,67.8,S
2021-06-15T13:23:07,3000.0,68.0,B
2021-06-15T13:23:01,5000.0,68.0,B
2021-06-15T13:22:59,6300.0,67.9,B
2021-06-15T13:22:58,200.0,67.9,B
2021-06-15T13:22:56,1000.0,67.9,B
2021-06-15T13:22:54,100.0,67.9,B
2021-06-15T13:22:52,1000.0,67.9,B
2021-06-15T13:22:50,2000.0,67.9,B
2021-06-15T13:22:48,20000.0,67.9,B
2021-06-15T13:22:48,1300.0,67.8,S
2021-06-15T13:22:46,20000.0,67.9,B
2021-06-15T13:22:44,3000.0,67.9,B
2021-06-15T13:22:43,5000.0,67.9,B
2021-06-15T13:22:41,300.0,67.9,B
2021-06-15T13:22:38,700.0,67.9,B
2021-06-15T13:22:37,3500.0,67.9,B
2021-06-15T13:22:36,100.0,67.9,B
2021-06-15T13:22:36,1900.0,67.9,B
2021-06-15T13:22:34,500.0,67.9,B
2021-06-15T13:22:33,2000.0,68.0,B
2021-06-15T13:22:32,100.0,67.9,B
2021-06-15T13:22:29,100.0,68.0,B
2021-06-15T13:22:29,400.0,67.9,B
2021-06-15T13:22:29,900.0,67.9,B
2021-06-15T13:22:28,100.0,67.9,B
2021-06-15T13:22:27,100.0,67.9,B
2021-06-15T13:22:25,700.0,67.8,S
2021-06-15T13:22:25,3000.0,67.9,B
2021-06-15T13:22:17,1400.0,67.9,B
2021-06-15T13:22:16,2300.0,68.0,B
2021-06-15T13:22:12,3000.0,68.0,B
2021-06-15T13:22:11,1100.0,67.9,B
2021-06-15T13:22:11,100.0,67.9,B
2021-06-15T13:22:08,100.0,68.0,B
2021-06-15T13:22:08,500.0,67.9,B
2021-06-15T13:22:02,1400.0,68.0,B
2021-06-15T13:21:59,200.0,68.0,B
2021-06-15T13:21:59,4800.0,68.0,B
2021-06-15T13:21:59,3700.0,67.9,B
2021-06-15T13:21:58,200.0,67.9,B
2021-06-15T13:21:58,1000.0,67.9,B
2021-06-15T13:21:53,500.0,67.9,B
2021-06-15T13:21:52,5000.0,67.8,S
2021-06-15T13:21:52,500.0,67.9,B
2021-06-15T13:21:51,400.0,67.9,B
2021-06-15T13:21:42,3700.0,67.9,B
2021-06-15T13:21:29,5000.0,68.0,B
2021-06-15T13:21:14,400.0,67.9,B
2021-06-15T13:21:06,1100.0,67.9,B
2021-06-15T13:21:05,100.0,67.9,B
2021-06-15T13:21:01,10000.0,67.8,S
2021-06-15T13:20:56,3000.0,68.0,B
2021-06-15T13:20:56,700.0,67.9,B
2021-06-15T13:20:53,2000.0,68.0,B
2021-06-15T13:20:52,100.0,67.9,B
2021-06-15T13:20:48,8000.0,67.9,B
2021-06-15T13:20:47,1000.0,67.9,B
2021-06-15T13:20:43,600.0,67.9,B
2021-06-15T13:20:43,600.0,67.9,B
2021-06-15T13:20:42,1000.0,67.8,S
2021-06-15T13:20:34,1900.0,67.8,S
2021-06-15T13:20:26,5000.0,67.9,B
2021-06-15T13:20:26,1900.0,67.9,B
2021-06-15T13:20:20,2000.0,67.9,B
2021-06-15T13:20:04,500.0,67.9,B
2021-06-15T13:20:04,200.0,67.9,B
2021-06-15T13:20:04,15400.0,67.9,B
2021-06-15T13:19:51,700.0,67.9,B
2021-06-15T13:19:50,700.0,67.9,B
2021-06-15T13:19:44,1900.0,67.9,B
2021-06-15T13:19:44,6700.0,67.9,B
2021-06-15T13:19:39,100.0,67.9,B
2021-06-15T13:19:38,3200.0,67.9,B
2021-06-15T13:19:35,200.0,67.9,B
2021-06-15T13:19:35,4100.0,67.9,B
2021-06-15T13:19:29,400.0,67.9,B
2021-06-15T13:19:28,300.0,67.9,B
2021-06-15T13:19:28,5000.0,68.0,B
2021-06-15T13:19:27,100.0,67.9,B
2021-06-15T13:19:23,5100.0,67.9,B
2021-06-15T13:19:21,3000.0,67.9,B
2021-06-15T13:19:14,200.0,67.9,B
2021-06-15T13:19:14,1900.0,67.8,S
2021-06-15T13:19:14,200.0,67.8,S
2021-06-15T13:19:13,100.0,67.9,B
2021-06-15T13:19:13,500.0,67.9,B
2021-06-15T13:19:11,500.0,67.9,B
2021-06-15T13:19:10,300.0,67.8,S
2021-06-15T13:19:09,1000.0,67.9,B
2021-06-15T13:19:06,300.0,67.9,B
2021-06-15T13:19:05,2000.0,67.8,S
2021-06-15T13:19:01,1000.0,67.9,B
2021-06-15T13:18:54,1000.0,67.9,B
2021-06-15T13:18:50,3200.0,67.9,B
2021-06-15T13:18:46,200.0,67.9,B
2021-06-15T13:18:42,5000.0,67.8,S
2021-06-15T13:18:42,100.0,67.9,B
2021-06-15T13:18:36,1100.0,67.9,B
2021-06-15T13:18:30,6000.0,67.9,B
2021-06-15T13:18:22,5000.0,67.8,S
2021-06-15T13:18:18,16000.0,67.9,B
2021-06-15T13:18:15,4800.0,67.9,B
2021-06-15T13:18:14,5000.0,67.8,S
2021-06-15T13:18:14,900.0,67.9,B
2021-06-15T13:18:12,500.0,67.9,B
2021-06-15T13:18:10,400.0,67.9,B
2021-06-15T13:18:03,500.0,67.9,B
2021-06-15T13:18:01,600.0,67.8,S
2021-06-15T13:17:59,3000.0,67.8,S
2021-06-15T13:17:56,3100.0,67.8,S
2021-06-15T13:17:52,200.0,67.8,S
2021-06-15T13:17:50,1000.0,67.8,S
2021-06-15T13:17:45,400.0,67.9,B
2021-06-15T13:17:45,500.0,67.8,S
2021-06-15T13:17:44,1500.0,67.9,B
2021-06-15T13:17:43,1000.0,67.8,S
2021-06-15T13:17:41,1000.0,67.9,B
2021-06-15T13:17:41,8200.0,67.9,B
2021-06-15T13:17:41,1000.0,67.9,B
2021-06-15T13:17:40,8800.0,67.9,B
2021-06-15T13:17:35,200.0,67.9,B
2021-06-15T13:17:33,500.0,67.8,S
2021-06-15T13:17:29,1500.0,67.9,B
2021-06-15T13:17:26,1900.0,67.8,S
2021-06-15T13:17:25,500.0,67.8,S
2021-06-15T13:17:21,1100.0,67.9,B
2021-06-15T13:17:13,500.0,67.8,S
2021-06-15T13:17:06,100.0,67.8,S
2021-06-15T13:17:01,200.0,67.8,S
2021-06-15T13:16:58,1000.0,67.8,S
2021-06-15T13:16:57,300.0,67.8,S
2021-06-15T13:16:55,600.0,67.9,B
2021-06-15T13:16:53,200.0,67.9,B
2021-06-15T13:16:39,100.0,67.8,S
2021-06-15T13:16:37,600.0,67.9,B
2021-06-15T13:16:37,200.0,67.9,B
2021-06-15T13:16:33,1000.0,67.8,S
2021-06-15T13:16:30,6500.0,67.8,S
2021-06-15T13:16:30,3500.0,67.8,S
2021-06-15T13:16:24,200.0,67.8,S
2021-06-15T13:16:12,200.0,67.8,S
2021-06-15T13:16:04,3000.0,67.8,S
2021-06-15T13:15:54,1000.0,67.9,B
2021-06-15T13:15:48,3000.0,67.8,B
2021-06-15T13:15:47,100.0,67.9,B
2021-06-15T13:15:46,3200.0,67.8,B
2021-06-15T13:15:41,200.0,67.8,B
2021-06-15T13:15:41,100.0,67.8,B
2021-06-15T13:15:39,5700.0,67.8,B
2021-06-15T13:15:38,200.0,67.8,B
2021-06-15T13:15:35,500.0,67.8,B
2021-06-15T13:15:32,1000.0,67.8,B
2021-06-15T13:15:30,200.0,67.8,B
2021-06-15T13:15:27,200.0,67.8,B
2021-06-15T13:15:20,2200.0,67.8,B
2021-06-15T13:15:20,500.0,67.8,B
2021-06-15T13:15:19,100.0,67.8,B
2021-06-15T13:15:14,15000.0,67.8,B
2021-06-15T13:15:14,100.0,67.8,B
2021-06-15T13:15:06,500.0,67.8,B
2021-06-15T13:15:05,10000.0,67.9,B
2021-06-15T13:15:04,800.0,67.8,B
2021-06-15T13:15:03,400.0,67.8,B
2021-06-15T13:14:57,1000.0,67.8,B
2021-06-15T13:14:57,500.0,67.8,B
2021-06-15T13:14:53,15000.0,67.8,B
2021-06-15T13:14:47,1000.0,67.8,B
2021-06-15T13:14:44,1000.0,67.8,B
2021-06-15T13:14:37,100.0,67.8,B
2021-06-15T13:14:34,100.0,67.8,B
2021-06-15T13:14:33,10000.0,67.8,B
2021-06-15T13:14:30,100.0,67.8,B
2021-06-15T13:14:25,200.0,67.8,B
2021-06-15T13:14:19,2000.0,67.8,B
2021-06-15T13:14:13,3800.0,67.8,B
2021-06-15T13:14:13,1000.0,67.8,B
2021-06-15T13:14:13,3000.0,67.8,B
2021-06-15T13:14:10,1200.0,67.7,S
2021-06-15T13:14:09,300.0,67.7,S
2021-06-15T13:14:03,200.0,67.7,S
2021-06-15T13:14:02,3000.0,67.7,S
2021-06-15T13:13:46,800.0,67.7,S
2021-06-15T13:13:42,100.0,67.7,S
2021-06-15T13:13:41,4900.0,67.8,B
2021-06-15T13:13:37,100.0,67.7,S
2021-06-15T13:13:37,100.0,67.8,B
2021-06-15T13:13:37,2900.0,67.8,B
2021-06-15T13:13:30,2600.0,67.8,B
2021-06-15T13:13:30,2300.0,67.8,B
2021-06-15T13:13:22,300.0,67.7,S
2021-06-15T13:13:19,10000.0,67.8,B
2021-06-15T13:13:18,3500.0,67.8,B
2021-06-15T13:13:17,1400.0,67.8,B
2021-06-15T13:13:12,1000.0,67.7,S
2021-06-15T13:13:11,400.0,67.7,S
2021-06-15T13:13:09,600.0,67.8,B
2021-06-15T13:13:09,200.0,67.8,B
2021-06-15T13:13:09,300.0,67.8,B
2021-06-15T13:13:04,2000.0,67.7,S
2021-06-15T13:13:02,1000.0,67.7,S
2021-06-15T13:12:59,200.0,67.8,B
2021-06-15T13:12:56,700.0,67.8,B
2021-06-15T13:12:56,14300.0,67.8,B
2021-06-15T13:12:55,100.0,67.7,S
2021-06-15T13:12:55,900.0,67.7,S
2021-06-15T13:12:46,100.0,67.7,S
2021-06-15T13:12:37,200.0,67.7,S
2021-06-15T13:12:34,300.0,67.7,S
2021-06-15T13:12:30,500.0,67.7,S
2021-06-15T13:12:27,100.0,67.7,S
2021-06-15T13:12:26,900.0,67.7,S
2021-06-15T13:12:24,1000.0,67.7,S
2021-06-15T13:12:20,300.0,67.8,B
2021-06-15T13:12:17,10000.0,67.7,S
2021-06-15T13:12:10,8800.0,67.7,S
2021-06-15T13:12:07,200.0,67.7,S
2021-06-15T13:12:07,300.0,67.6,S
2021-06-15T13:12:07,3000.0,67.7,S
2021-06-15T13:11:59,1000.0,67.7,S
2021-06-15T13:11:55,700.0,67.7,S
2021-06-15T13:11:54,100.0,67.7,S
2021-06-15T13:11:50,100.0,67.6,S
2021-06-15T13:11:49,2000.0,67.7,S
2021-06-15T13:11:48,100.0,67.7,S
2021-06-15T13:11:46,500.0,67.7,S
2021-06-15T13:11:41,100.0,67.7,S
2021-06-15T13:11:34,1000.0,67.6,S
2021-06-15T13:11:32,200.0,67.7,S
2021-06-15T13:11:30,1800.0,67.8,B
2021-06-15T13:11:30,1500.0,67.8,B
2021-06-15T13:11:30,6700.0,67.8,B
2021-06-15T13:11:30,3300.0,67.8,B
2021-06-15T13:11:28,600.0,67.7,S
2021-06-15T13:11:25,1200.0,67.7,S
2021-06-15T13:11:23,100.0,67.7,S
2021-06-15T13:11:19,400.0,67.7,S
2021-06-15T13:11:17,800.0,67.7,S
2021-06-15T13:11:17,500.0,67.7,S
2021-06-15T13:11:15,8700.0,67.7,S
2021-06-15T13:11:11,1000.0,67.7,S
2021-06-15T13:11:10,5000.0,67.7,S
2021-06-15T13:11:10,1000.0,67.7,S
2021-06-15T13:11:00,4000.0,67.7,B
2021-06-15T13:10:59,1000.0,67.7,B
2021-06-15T13:10:59,500.0,67.7,B
2021-06-15T13:10:54,400.0,67.7,B
2021-06-15T13:10:54,1700.0,67.7,B
2021-06-15T13:10:54,2400.0,67.7,B
2021-06-15T13:10:53,100.0,67.7,B
2021-06-15T13:10:53,900.0,67.7,B
2021-06-15T13:10:51,100.0,67.6,S
2021-06-15T13:10:49,100.0,67.7,B
2021-06-15T13:10:45,3300.0,67.7,B
2021-06-15T13:10:44,15000.0,67.7,B
2021-06-15T13:10:33,1500.0,67.7,B
2021-06-15T13:10:32,10000.0,67.7,B
2021-06-15T13:10:29,300.0,67.6,S
2021-06-15T13:10:27,5000.0,67.7,B
2021-06-15T13:10:23,1000.0,67.6,S
2021-06-15T13:10:21,1000.0,67.6,S
2021-06-15T13:10:19,500.0,67.7,B
2021-06-15T13:10:15,5000.0,67.7,B
2021-06-15T13:10:10,100.0,67.6,S
2021-06-15T13:10:08,1200.0,67.6,S
2021-06-15T13:10:05,10000.0,67.7,B
2021-06-15T13:10:00,3900.0,67.7,B
2021-06-15T13:10:00,2500.0,67.7,B
2021-06-15T13:09:59,3600.0,67.7,B
2021-06-15T13:09:54,10000.0,67.6,S
2021-06-15T13:09:43,2000.0,67.6,S
2021-06-15T13:09:42,100.0,67.7,B
2021-06-15T13:09:34,2000.0,67.6,S
2021-06-15T13:09:32,500.0,67.7,B
2021-06-15T13:09:30,3200.0,67.6,S
2021-06-15T13:09:16,2800.0,67.6,S
2021-06-15T13:09:15,1000.0,67.6,S
2021-06-15T13:09:04,200.0,67.6,S
2021-06-15T13:09:03,1100.0,67.6,S
2021-06-15T13:08:59,100.0,67.7,B
2021-06-15T13:08:56,2000.0,67.6,S
2021-06-15T13:08:54,1000.0,67.6,S
2021-06-15T13:08:54,2900.0,67.6,S
2021-06-15T13:08:41,7000.0,67.5,S
2021-06-15T13:08:38,100.0,67.6,S
2021-06-15T13:08:24,1000.0,67.6,S
2021-06-15T13:08:24,19800.0,67.6,S
2021-06-15T13:08:24,1000.0,67.6,S
2021-06-15T13:08:23,29300.0,67.6,S
2021-06-15T13:08:20,5500.0,67.5,S
2021-06-15T13:08:18,500.0,67.6,S
2021-06-15T13:08:16,200.0,67.6,S
2021-06-15T13:08:16,5000.0,67.6,S
2021-06-15T13:07:53,200.0,67.6,S
2021-06-15T13:07:52,1000.0,67.6,S
2021-06-15T13:07:41,400.0,67.6,S
2021-06-15T13:07:34,1000.0,67.5,S
2021-06-15T13:07:21,200.0,67.6,S
2021-06-15T13:07:21,2800.0,67.5,S
2021-06-15T13:07:21,400.0,67.5,S
2021-06-15T13:07:17,4000.0,67.5,S
2021-06-15T13:07:14,7000.0,67.6,S
2021-06-15T13:07:10,300.0,67.5,S
2021-06-15T13:07:03,6200.0,67.5,S
2021-06-15T13:07:03,100.0,67.5,S
2021-06-15T13:07:03,800.0,67.5,S
2021-06-15T13:07:03,200.0,67.5,S
2021-06-15T13:07:03,1100.0,67.5,S
2021-06-15T13:07:03,1000.0,67.5,S
2021-06-15T13:07:03,2100.0,67.5,S
2021-06-15T13:07:03,800.0,67.5,S
2021-06-15T13:07:03,1400.0,67.5,S
2021-06-15T13:07:03,6300.0,67.5,S
2021-06-15T13:07:01,1000.0,67.6,S
2021-06-15T13:06:54,200.0,67.6,S
2021-06-15T13:06:46,700.0,67.6,B
2021-06-15T13:06:46,500.0,67.5,S
2021-06-15T13:06:39,1600.0,67.5,S
2021-06-15T13:06:39,200.0,67.5,S
2021-06-15T13:06:39,200.0,67.5,S
2021-06-15T13:06:39,1600.0,67.5,S
2021-06-15T13:06:39,6400.0,67.5,S
2021-06-15T13:06:38,500.0,67.6,B
2021-06-15T13:06:38,500.0,67.6,B
2021-06-15T13:06:35,10000.0,67.6,B
2021-06-15T13:06:30,200.0,67.6,B
2021-06-15T13:06:30,2500.0,67.6,B
2021-06-15T13:06:20,100.0,67.6,B
2021-06-15T13:06:16,100.0,67.6,B
2021-06-15T13:06:16,500.0,67.6,B
2021-06-15T13:06:11,1600.0,67.6,B
2021-06-15T13:06:11,100.0,67.6,B
2021-06-15T13:06:09,1000.0,67.6,B
2021-06-15T13:06:04,1000.0,67.6,B
2021-06-15T13:06:04,1000.0,67.6,B
2021-06-15T13:05:55,1000.0,67.6,B
2021-06-15T13:05:49,1100.0,67.6,B
2021-06-15T13:05:48,1200.0,67.6,B
2021-06-15T13:05:46,200.0,67.6,B
2021-06-15T13:05:41,1500.0,67.6,B
2021-06-15T13:05:37,100.0,67.6,B
2021-06-15T13:05:34,100.0,67.6,B
2021-06-15T13:05:30,300.0,67.6,B
2021-06-15T13:05:19,3000.0,67.6,B
2021-06-15T13:05:19,200.0,67.6,B
2021-06-15T13:05:16,200.0,67.6,B
2021-06-15T13:05:06,100.0,67.6,B
2021-06-15T13:05:06,5400.0,67.6,B
2021-06-15T13:05:01,4600.0,67.6,B
2021-06-15T13:04:51,500.0,67.6,B
2021-06-15T13:04:51,500.0,67.6,B
2021-06-15T13:04:51,200.0,67.6,B
2021-06-15T13:04:51,4200.0,67.6,B
2021-06-15T13:04:47,100.0,67.6,B
2021-06-15T13:04:44,200.0,67.5,S
2021-06-15T13:04:37,30000.0,67.5,S
2021-06-15T13:04:34,100.0,67.5,S
2021-06-15T13:04:31,500.0,67.6,S
2021-06-15T13:04:26,100.0,67.5,S
2021-06-15T13:04:16,50100.0,67.5,S
2021-06-15T13:04:14,900.0,67.5,S
2021-06-15T13:04:14,10000.0,67.6,S
2021-06-15T13:04:13,500.0,67.6,S
2021-06-15T13:04:10,1000.0,67.5,S
2021-06-15T13:04:10,3000.0,67.5,S
2021-06-15T13:04:09,1000.0,67.5,S
2021-06-15T13:04:06,15000.0,67.5,S
2021-06-15T13:04:04,3000.0,67.6,S
2021-06-15T13:03:58,500.0,67.5,S
2021-06-15T13:03:56,8000.0,67.6,S
2021-06-15T13:03:54,1000.0,67.5,S
2021-06-15T13:03:50,600.0,67.5,S
2021-06-15T13:03:49,700.0,67.5,S
2021-06-15T13:03:47,3200.0,67.5,S
2021-06-15T13:03:44,2000.0,67.5,S
2021-06-15T13:03:44,1000.0,67.5,S
2021-06-15T13:03:44,5000.0,67.5,S
2021-06-15T13:03:43,17000.0,67.5,S
2021-06-15T13:03:43,700.0,67.6,S
2021-06-15T13:03:40,500.0,67.5,S
2021-06-15T13:03:39,200.0,67.5,S
2021-06-15T13:03:38,5900.0,67.5,S
2021-06-15T13:03:38,100.0,67.6,S
2021-06-15T13:03:33,500.0,67.6,S
2021-06-15T13:03:29,30000.0,67.5,S
2021-06-15T13:03:29,3000.0,67.5,S
2021-06-15T13:03:28,500.0,67.5,S
2021-06-15T13:03:28,500.0,67.5,S
2021-06-15T13:03:27,1000.0,67.6,S
2021-06-15T13:03:26,2800.0,67.5,S
2021-06-15T13:03:16,300.0,67.6,S
2021-06-15T13:03:15,1000.0,67.6,S
2021-06-15T13:03:15,100.0,67.6,S
2021-06-15T13:03:12,500.0,67.6,S
2021-06-15T13:03:12,13000.0,67.5,S
2021-06-15T13:03:07,18500.0,67.5,S
2021-06-15T13:03:07,1500.0,67.5,S
2021-06-15T13:03:04,2200.0,67.6,S
2021-06-15T13:02:53,100.0,67.6,S
2021-06-15T13:02:53,1600.0,67.5,S
2021-06-15T13:02:53,300.0,67.6,S
2021-06-15T13:02:44,600.0,67.6,S
2021-06-15T13:02:43,100.0,67.5,S
2021-06-15T13:02:37,30000.0,67.7,S
2021-06-15T13:02:29,3800.0,67.5,S
2021-06-15T13:02:29,2100.0,67.6,S
2021-06-15T13:02:29,1000.0,67.6,S
2021-06-15T13:02:29,600.0,67.6,S
2021-06-15T13:02:29,22500.0,67.6,S
2021-06-15T13:02:28,1000.0,67.6,S
2021-06-15T13:02:22,14000.0,67.6,S
2021-06-15T13:02:21,300.0,67.7,S
2021-06-15T13:02:20,500.0,67.6,S
2021-06-15T13:02:17,7000.0,67.6,S
2021-06-15T13:02:16,600.0,67.7,S
2021-06-15T13:02:15,500.0,67.7,S
2021-06-15T13:02:13,500.0,67.7,S
2021-06-15T13:02:12,200.0,67.6,S
2021-06-15T13:02:11,5000.0,67.7,S
2021-06-15T13:02:11,1000.0,67.7,S
2021-06-15T13:02:11,200.0,67.6,S
2021-06-15T13:02:09,200.0,67.7,S
2021-06-15T13:02:06,100.0,67.8,B
2021-06-15T13:02:04,1000.0,67.6,S
2021-06-15T13:02:04,13000.0,67.6,S
2021-06-15T13:02:04,500.0,67.8,B
2021-06-15T13:02:01,100.0,67.8,B
2021-06-15T13:02:00,100.0,67.7,S
2021-06-15T13:01:58,200.0,67.8,B
2021-06-15T13:01:57,100.0,67.8,B
2021-06-15T13:01:57,100.0,67.7,S
2021-06-15T13:01:57,2000.0,67.7,S
2021-06-15T13:01:56,100.0,67.7,S
2021-06-15T13:01:56,10000.0,67.6,S
2021-06-15T13:01:54,300.0,67.7,S
2021-06-15T13:01:54,200.0,67.7,S
2021-06-15T13:01:49,2000.0,67.8,B
2021-06-15T13:01:48,2800.0,67.6,S
2021-06-15T13:01:44,1500.0,67.6,S
2021-06-15T13:01:44,1000.0,67.6,S
2021-06-15T13:01:43,200.0,67.7,S
2021-06-15T13:01:43,4000.0,67.6,S
2021-06-15T13:01:42,200.0,67.7,S
2021-06-15T13:01:40,200.0,67.7,S
2021-06-15T13:01:39,100.0,67.7,S
2021-06-15T13:01:34,100.0,67.7,S
2021-06-15T13:01:32,300.0,67.7,S
2021-06-15T13:01:32,500.0,67.7,S
2021-06-15T13:01:31,500.0,67.7,S
2021-06-15T13:01:31,200.0,67.7,S
2021-06-15T13:01:27,2000.0,67.7,S
2021-06-15T13:01:25,500.0,67.7,S
2021-06-15T13:01:23,1000.0,67.7,S
2021-06-15T13:01:22,100.0,67.7,S
2021-06-15T13:01:19,200.0,67.7,S
2021-06-15T13:01:19,300.0,67.7,S
2021-06-15T13:01:09,1800.0,67.7,S
2021-06-15T13:01:09,100.0,67.7,S
2021-06-15T13:01:09,500.0,67.7,S
2021-06-15T13:01:08,400.0,67.7,S
2021-06-15T13:01:07,500.0,67.7,S
2021-06-15T13:01:04,100.0,67.7,S
2021-06-15T13:01:03,1000.0,67.7,S
2021-06-15T13:00:59,200.0,67.7,S
2021-06-15T13:00:58,100.0,67.7,S
2021-06-15T13:00:49,100.0,67.7,S
2021-06-15T13:00:49,100.0,67.7,S
2021-06-15T13:00:47,100.0,67.7,S
2021-06-15T13:00:46,100.0,67.7,S
2021-06-15T13:00:41,200.0,67.7,S
2021-06-15T13:00:41,100.0,67.7,S
2021-06-15T13:00:39,1300.0,67.7,S
2021-06-15T13:00:38,100.0,67.7,S
2021-06-15T13:00:38,2000.0,67.7,S
2021-06-15T13:00:37,10000.0,67.6,S
2021-06-15T13:00:37,22000.0,67.6,S
2021-06-15T13:00:37,10700.0,67.6,S
2021-06-15T13:00:37,1000.0,67.7,S
2021-06-15T13:00:37,2000.0,67.7,S
2021-06-15T13:00:36,3000.0,67.6,S
2021-06-15T13:00:34,100.0,67.7,S
2021-06-15T13:00:34,100.0,67.7,S
2021-06-15T13:00:34,800.0,67.7,S
2021-06-15T13:00:33,300.0,67.7,S
2021-06-15T13:00:33,100.0,67.7,S
2021-06-15T13:00:33,6000.0,67.6,S
2021-06-15T13:00:33,200.0,67.7,S
2021-06-15T13:00:33,3700.0,67.7,S
2021-06-15T13:00:33,100.0,67.7,S
2021-06-15T13:00:33,300.0,67.7,S
2021-06-15T13:00:33,2200.0,67.7,S
2021-06-15T13:00:33,1400.0,67.7,S
2021-06-15T13:00:33,32100.0,67.7,S
2021-06-15T13:00:33,3100.0,67.8,B
2021-06-15T13:00:30,200.0,67.8,B
2021-06-15T13:00:30,1500.0,67.7,S
