tradingTime,volume,price,side
2021-06-24T14:28:09,600.0,58.6,S
2021-06-24T14:28:09,400.0,58.6,S
2021-06-24T14:26:31,200.0,58.6,S
2021-06-24T14:25:15,400.0,58.6,S
2021-06-24T14:23:52,200.0,58.5,S
2021-06-24T14:23:14,900.0,58.8,B
2021-06-24T14:23:14,300.0,58.7,B
2021-06-24T14:23:05,200.0,58.5,S
2021-06-24T14:22:50,5000.0,58.7,B
2021-06-24T14:22:48,300.0,58.7,B
2021-06-24T14:21:20,100.0,58.7,B
2021-06-24T14:19:51,200.0,58.7,B
2021-06-24T14:15:05,400.0,58.7,B
2021-06-24T14:15:05,1500.0,58.7,B
2021-06-24T14:15:05,1100.0,58.7,B
2021-06-24T14:14:54,400.0,58.6,S
2021-06-24T14:13:38,100.0,58.6,S
2021-06-24T14:13:38,1000.0,58.6,S
2021-06-24T14:13:29,2300.0,58.6,S
2021-06-24T14:13:22,100.0,58.6,S
2021-06-24T14:13:22,1500.0,58.6,S
2021-06-24T14:13:07,2000.0,58.6,S
2021-06-24T14:13:04,8000.0,58.6,S
2021-06-24T14:13:03,1800.0,58.6,S
2021-06-24T14:13:03,200.0,58.6,S
2021-06-24T14:12:55,400.0,58.6,S
2021-06-24T14:12:49,5600.0,58.6,S
2021-06-24T14:12:47,1000.0,58.6,S
2021-06-24T14:11:48,700.0,58.6,S
2021-06-24T14:08:36,1900.0,58.7,S
2021-06-24T14:06:57,1000.0,58.8,B
2021-06-24T14:05:37,200.0,58.8,B
2021-06-24T14:03:58,100.0,58.6,S
2021-06-24T14:03:02,500.0,58.8,B
2021-06-24T14:01:24,1000.0,58.8,B
2021-06-24T14:00:23,100.0,58.8,B
2021-06-24T13:56:20,100.0,58.8,B
2021-06-24T13:56:18,200.0,58.6,S
2021-06-24T13:56:11,800.0,58.6,S
2021-06-24T13:56:09,1500.0,58.6,S
2021-06-24T13:55:57,200.0,58.7,B
2021-06-24T13:55:27,200.0,58.7,B
2021-06-24T13:49:36,3000.0,58.7,B
2021-06-24T13:49:36,400.0,58.6,B
2021-06-24T13:49:15,400.0,58.6,B
2021-06-24T13:48:44,200.0,58.6,B
2021-06-24T13:48:44,700.0,58.6,B
2021-06-24T13:48:16,2300.0,58.6,S
2021-06-24T13:48:10,700.0,58.6,S
2021-06-24T13:47:56,700.0,58.6,S
2021-06-24T13:47:08,1300.0,58.6,S
2021-06-24T13:45:58,100.0,58.9,B
2021-06-24T13:44:02,100.0,58.9,B
2021-06-24T13:43:53,1900.0,58.9,B
2021-06-24T13:43:53,1300.0,58.6,B
2021-06-24T13:43:44,200.0,58.5,S
2021-06-24T13:43:34,2000.0,58.6,B
2021-06-24T13:43:33,400.0,58.5,S
2021-06-24T13:43:33,300.0,58.5,S
2021-06-24T13:43:33,4300.0,58.5,S
2021-06-24T13:42:41,2700.0,58.6,S
2021-06-24T13:42:30,100.0,58.7,S
2021-06-24T13:42:27,200.0,58.7,S
2021-06-24T13:42:22,2600.0,58.7,B
2021-06-24T13:42:19,2500.0,58.6,S
2021-06-24T13:42:19,2500.0,58.6,S
2021-06-24T13:42:17,100.0,58.7,B
2021-06-24T13:41:48,300.0,58.7,S
2021-06-24T13:41:18,100.0,58.8,S
2021-06-24T13:41:15,200.0,58.8,S
2021-06-24T13:41:10,3100.0,58.8,B
2021-06-24T13:41:08,5000.0,58.7,S
2021-06-24T13:40:47,100.0,58.8,B
2021-06-24T13:39:27,500.0,58.8,S
2021-06-24T13:38:07,100.0,58.9,B
2021-06-24T13:37:14,200.0,58.9,S
2021-06-24T13:36:02,400.0,58.9,S
2021-06-24T13:35:53,200.0,59.0,B
2021-06-24T13:33:13,100.0,59.0,S
2021-06-24T13:32:42,500.0,59.0,S
2021-06-24T13:30:31,100.0,59.0,S
2021-06-24T13:30:24,400.0,59.0,S
2021-06-24T13:30:21,800.0,59.0,S
2021-06-24T13:30:21,1800.0,59.0,S
2021-06-24T13:30:07,100.0,59.1,B
2021-06-24T13:29:14,100.0,59.1,B
2021-06-24T13:25:26,3000.0,59.1,B
2021-06-24T13:25:17,500.0,59.1,S
2021-06-24T13:21:52,100.0,59.1,S
2021-06-24T13:19:49,400.0,59.2,B
2021-06-24T13:19:46,500.0,59.1,S
2021-06-24T13:19:46,1000.0,59.1,S
2021-06-24T13:15:38,200.0,59.2,B
2021-06-24T13:11:47,600.0,59.2,S
2021-06-24T13:11:38,100.0,59.2,B
2021-06-24T13:11:35,2700.0,59.2,B
2021-06-24T13:11:18,6000.0,59.2,B
2021-06-24T13:09:39,400.0,59.1,B
2021-06-24T13:08:44,3800.0,59.1,B
2021-06-24T13:07:37,100.0,59.0,B
2021-06-24T13:07:25,100.0,59.0,S
2021-06-24T13:07:25,700.0,59.0,S
2021-06-24T13:07:25,900.0,59.0,S
2021-06-24T13:07:25,100.0,59.0,S
2021-06-24T13:07:25,500.0,59.0,S
2021-06-24T13:07:13,100.0,59.0,S
2021-06-24T13:06:10,300.0,59.1,S
2021-06-24T13:06:08,4700.0,59.1,S
2021-06-24T13:06:08,300.0,59.1,S
2021-06-24T13:06:08,1000.0,59.1,S
2021-06-24T13:04:50,1200.0,59.2,B
2021-06-24T13:04:48,9800.0,59.2,B
2021-06-24T13:04:47,200.0,59.2,B
2021-06-24T13:04:39,100.0,59.2,S
2021-06-24T13:04:38,7700.0,59.2,B
2021-06-24T13:04:38,300.0,59.2,S
2021-06-24T13:04:32,200.0,59.2,S
2021-06-24T13:04:31,4500.0,59.2,S
2021-06-24T13:04:20,1000.0,59.2,B
2021-06-24T13:04:15,6000.0,59.2,B
2021-06-24T13:04:15,100.0,59.2,S
2021-06-24T13:01:56,300.0,59.3,S
2021-06-24T13:01:56,2000.0,59.3,S
2021-06-24T13:01:55,10000.0,59.3,B
2021-06-24T13:00:13,200.0,59.4,B
2021-06-24T13:00:08,200.0,59.4,B
2021-06-24T13:00:08,500.0,59.4,B
2021-06-24T11:25:53,100.0,59.4,S
2021-06-24T11:25:52,5900.0,59.4,B
2021-06-24T11:25:35,100.0,59.4,B
2021-06-24T11:25:09,100.0,59.4,B
2021-06-24T11:25:07,7700.0,59.4,S
2021-06-24T11:25:04,200.0,59.4,S
2021-06-24T11:24:56,200.0,59.4,B
2021-06-24T11:24:54,6800.0,59.4,B
2021-06-24T11:24:08,100.0,59.5,B
2021-06-24T11:20:04,2300.0,59.5,B
2021-06-24T11:19:56,400.0,59.1,S
2021-06-24T11:19:53,4800.0,59.5,S
2021-06-24T11:19:23,1000.0,59.1,S
2021-06-24T11:19:23,9000.0,59.1,S
2021-06-24T11:19:03,100.0,59.5,B
2021-06-24T11:14:25,2500.0,59.5,B
2021-06-24T11:14:22,5000.0,59.5,B
2021-06-24T11:12:31,5600.0,59.4,B
2021-06-24T11:12:29,1000.0,59.4,S
2021-06-24T11:11:39,100.0,59.5,S
2021-06-24T11:09:16,2900.0,59.5,B
2021-06-24T11:09:11,10000.0,59.5,B
2021-06-24T11:09:06,3000.0,59.5,S
2021-06-24T11:09:05,100.0,59.5,S
2021-06-24T11:05:30,700.0,59.6,S
2021-06-24T11:03:36,10000.0,59.6,B
2021-06-24T11:03:36,100.0,59.6,B
2021-06-24T11:03:36,1200.0,59.6,B
2021-06-24T10:59:13,3800.0,59.6,B
2021-06-24T10:59:13,2200.0,59.6,B
2021-06-24T10:59:07,300.0,59.5,S
2021-06-24T10:58:31,200.0,59.6,B
2021-06-24T10:58:28,7800.0,59.6,B
2021-06-24T10:55:52,100.0,59.4,S
2021-06-24T10:55:11,100.0,59.6,S
2021-06-24T10:55:08,4800.0,59.6,S
2021-06-24T10:55:07,200.0,59.7,B
2021-06-24T10:55:03,8000.0,59.6,S
2021-06-24T10:49:58,500.0,59.7,B
2021-06-24T10:49:53,6800.0,59.7,B
2021-06-24T10:46:59,1000.0,59.7,B
2021-06-24T10:46:51,6700.0,59.7,B
2021-06-24T10:46:51,1000.0,59.7,B
2021-06-24T10:44:41,4800.0,59.7,B
2021-06-24T10:44:33,100.0,59.4,S
2021-06-24T10:44:29,2100.0,59.4,B
2021-06-24T10:43:37,100.0,59.4,B
2021-06-24T10:43:20,500.0,59.1,S
2021-06-24T10:42:19,600.0,59.1,S
2021-06-24T10:42:19,400.0,59.3,S
2021-06-24T10:41:45,600.0,59.4,S
2021-06-24T10:41:45,1900.0,59.4,S
2021-06-24T10:41:45,10300.0,59.4,S
2021-06-24T10:40:20,3600.0,59.7,S
2021-06-24T10:38:03,3200.0,59.8,B
2021-06-24T10:37:57,1000.0,59.8,S
2021-06-24T10:36:24,100.0,59.8,S
2021-06-24T10:33:56,300.0,59.8,S
2021-06-24T10:32:39,4000.0,59.8,B
2021-06-24T10:32:36,3000.0,59.7,S
2021-06-24T10:31:24,300.0,59.8,B
2021-06-24T10:28:07,2400.0,59.9,B
2021-06-24T10:28:05,4200.0,59.9,B
2021-06-24T10:28:05,1200.0,59.9,B
2021-06-24T10:27:58,2300.0,59.9,B
2021-06-24T10:27:54,5000.0,59.9,B
2021-06-24T10:24:40,2800.0,59.9,B
2021-06-24T10:24:38,10000.0,59.9,B
2021-06-24T10:24:36,700.0,59.9,S
2021-06-24T10:24:28,5300.0,59.9,B
2021-06-24T10:24:20,400.0,59.9,S
2021-06-24T10:17:39,500.0,59.9,S
2021-06-24T10:16:36,1500.0,59.9,S
2021-06-24T10:11:25,1300.0,60.0,B
2021-06-24T10:11:21,1600.0,59.9,S
2021-06-24T10:10:53,300.0,60.0,B
2021-06-24T10:10:53,600.0,60.0,B
2021-06-24T10:10:33,6500.0,60.0,B
2021-06-24T10:09:32,1000.0,59.9,S
2021-06-24T10:06:38,300.0,59.9,B
2021-06-24T10:05:49,700.0,59.9,S
2021-06-24T10:05:43,4300.0,59.9,B
2021-06-24T10:05:41,3300.0,59.9,B
2021-06-24T10:04:45,100.0,59.9,B
2021-06-24T10:03:18,1400.0,59.9,B
2021-06-24T10:03:10,4800.0,59.9,B
2021-06-24T10:02:51,2500.0,59.8,B
2021-06-24T10:02:49,2500.0,59.7,S
2021-06-24T10:02:09,2100.0,59.7,B
2021-06-24T10:02:08,200.0,59.6,S
2021-06-24T09:56:59,500.0,59.7,B
2021-06-24T09:56:57,7000.0,59.7,B
2021-06-24T09:55:53,5300.0,59.8,S
2021-06-24T09:55:53,200.0,59.8,S
2021-06-24T09:55:50,4300.0,59.8,S
2021-06-24T09:54:50,100.0,59.4,S
2021-06-24T09:54:26,5000.0,59.9,B
2021-06-24T09:54:08,2000.0,59.8,B
2021-06-24T09:54:05,3400.0,59.8,B
2021-06-24T09:54:02,5000.0,59.8,B
2021-06-24T09:52:20,1400.0,59.4,B
2021-06-24T09:51:54,100.0,59.4,B
2021-06-24T09:50:51,100.0,59.4,B
2021-06-24T09:50:39,100.0,59.4,B
2021-06-24T09:50:21,100.0,59.4,B
2021-06-24T09:50:05,100.0,59.4,B
2021-06-24T09:49:49,10500.0,59.8,B
2021-06-24T09:49:46,1100.0,59.5,B
2021-06-24T09:49:39,100.0,59.4,S
2021-06-24T09:49:39,400.0,59.4,S
2021-06-24T09:47:58,500.0,59.5,S
2021-06-24T09:47:58,1000.0,59.5,S
2021-06-24T09:47:58,300.0,59.6,S
2021-06-24T09:47:58,100.0,59.7,S
2021-06-24T09:47:58,600.0,59.7,S
2021-06-24T09:47:33,1000.0,59.8,S
2021-06-24T09:47:28,100.0,59.9,B
2021-06-24T09:46:48,300.0,59.9,B
2021-06-24T09:45:09,100.0,59.9,B
2021-06-24T09:44:06,100.0,59.9,B
2021-06-24T09:41:46,200.0,59.9,B
2021-06-24T09:39:53,1400.0,59.9,S
2021-06-24T09:39:09,300.0,60.0,B
2021-06-24T09:38:17,2400.0,60.0,S
2021-06-24T09:37:44,100.0,60.0,S
2021-06-24T09:37:44,4000.0,60.0,S
2021-06-24T09:37:44,900.0,60.1,S
2021-06-24T09:35:47,400.0,60.1,S
2021-06-24T09:34:25,200.0,60.2,S
2021-06-24T09:33:04,2000.0,60.2,S
2021-06-24T09:30:48,700.0,60.3,S
2021-06-24T09:29:18,4400.0,60.4,S
2021-06-24T09:29:11,800.0,60.4,S
2021-06-24T09:29:08,7200.0,60.4,S
2021-06-24T09:28:34,400.0,60.4,S
2021-06-24T09:27:39,900.0,60.5,S
2021-06-24T09:26:30,3000.0,60.6,B
2021-06-24T09:26:03,100.0,60.6,S
2021-06-24T09:25:26,300.0,60.6,S
2021-06-24T09:25:16,500.0,60.6,S
2021-06-24T09:25:12,300.0,60.6,B
2021-06-24T09:25:08,2800.0,60.6,B
2021-06-24T09:25:07,400.0,60.6,B
2021-06-24T09:25:05,2800.0,60.6,B
2021-06-24T09:25:01,5000.0,60.6,B
2021-06-24T09:24:49,4100.0,60.5,B
2021-06-24T09:24:44,200.0,60.5,S
2021-06-24T09:24:03,500.0,60.5,S
2021-06-24T09:23:44,500.0,60.5,S
2021-06-24T09:23:22,2800.0,60.6,B
2021-06-24T09:22:52,400.0,60.6,S
2021-06-24T09:21:24,700.0,60.7,S
2021-06-24T09:20:39,2600.0,60.8,B
2021-06-24T09:20:35,900.0,60.8,B
2021-06-24T09:20:32,5000.0,60.8,B
2021-06-24T09:20:28,2400.0,60.8,B
2021-06-24T09:20:26,10000.0,60.8,B
2021-06-24T09:20:17,700.0,60.8,B
2021-06-24T09:20:16,1300.0,60.8,B
2021-06-24T09:20:00,1000.0,60.8,B
2021-06-24T09:19:59,3500.0,60.8,B
2021-06-24T09:19:57,4500.0,60.8,B
2021-06-24T09:19:56,500.0,60.8,B
2021-06-24T09:19:19,100.0,60.8,B
2021-06-24T09:18:29,3800.0,60.8,B
2021-06-24T09:18:01,400.0,60.8,S
2021-06-24T09:17:09,100.0,60.9,S
2021-06-24T09:16:48,100.0,60.9,S
