tradingTime,volume,price,side
2021-06-24T14:29:23,200.0,5.98,S
2021-06-24T14:28:24,1200.0,5.98,B
2021-06-24T14:27:01,200.0,5.97,S
2021-06-24T14:26:43,1000.0,5.98,B
2021-06-24T14:25:15,200.0,5.98,S
2021-06-24T14:25:07,200.0,5.99,B
2021-06-24T14:22:02,100.0,5.98,S
2021-06-24T14:18:51,4800.0,5.97,S
2021-06-24T14:18:30,3000.0,5.98,S
2021-06-24T14:17:34,1000.0,5.98,S
2021-06-24T14:17:09,2400.0,5.98,S
2021-06-24T14:17:02,100.0,6.0,B
2021-06-24T14:16:45,1000.0,6.0,B
2021-06-24T14:14:45,500.0,6.0,S
2021-06-24T14:14:38,200.0,6.0,S
2021-06-24T14:14:01,2000.0,6.0,S
2021-06-24T14:13:50,3000.0,6.0,S
2021-06-24T14:13:09,500.0,6.0,S
2021-06-24T14:12:47,1900.0,6.0,S
2021-06-24T14:12:47,4600.0,6.0,S
2021-06-24T14:12:38,500.0,6.0,S
2021-06-24T14:11:58,5000.0,6.0,S
2021-06-24T14:11:50,800.0,6.0,S
2021-06-24T14:07:49,1800.0,6.0,S
2021-06-24T14:06:13,200.0,6.0,S
2021-06-24T14:03:33,300.0,6.01,S
2021-06-24T14:02:32,1000.0,6.01,S
2021-06-24T14:01:53,2000.0,6.01,S
2021-06-24T13:56:47,1000.0,6.01,S
2021-06-24T13:55:56,2000.0,6.01,S
2021-06-24T13:53:15,100.0,6.01,S
2021-06-24T13:52:11,100.0,6.02,S
2021-06-24T13:50:10,200.0,6.03,B
2021-06-24T13:46:56,100.0,6.03,B
2021-06-24T13:44:30,100.0,6.03,B
2021-06-24T13:43:57,200.0,6.03,S
2021-06-24T13:35:49,100.0,6.03,B
2021-06-24T13:35:11,600.0,6.03,B
2021-06-24T13:34:21,2000.0,6.0,B
2021-06-24T13:34:17,1600.0,6.0,B
2021-06-24T13:33:38,200.0,6.0,B
2021-06-24T13:32:55,200.0,6.0,B
2021-06-24T13:31:36,1000.0,6.0,B
2021-06-24T13:26:01,1000.0,6.03,S
2021-06-24T13:22:27,400.0,6.03,B
2021-06-24T13:20:51,300.0,6.0,S
2021-06-24T13:20:44,2500.0,6.0,S
2021-06-24T13:20:41,5500.0,6.0,B
2021-06-24T13:15:18,1000.0,5.98,S
2021-06-24T13:06:28,6400.0,5.97,S
2021-06-24T13:06:28,3100.0,5.97,S
2021-06-24T13:06:28,2900.0,5.98,S
2021-06-24T13:06:27,5600.0,5.98,S
2021-06-24T13:00:13,500.0,5.98,S
2021-06-24T13:00:08,300.0,5.98,S
2021-06-24T11:27:34,3000.0,5.98,S
2021-06-24T11:21:24,5000.0,5.98,S
2021-06-24T11:19:52,900.0,5.98,B
2021-06-24T11:19:44,100.0,5.98,B
2021-06-24T11:19:21,2000.0,5.98,B
2021-06-24T11:18:51,900.0,5.98,B
2021-06-24T11:18:46,800.0,5.98,B
2021-06-24T11:17:20,300.0,5.98,B
2021-06-24T11:17:07,400.0,6.0,S
2021-06-24T11:16:11,1000.0,6.0,B
2021-06-24T11:13:25,500.0,6.0,B
2021-06-24T11:10:51,100.0,6.0,B
2021-06-24T11:10:13,100.0,6.0,B
2021-06-24T11:10:05,1000.0,6.0,B
2021-06-24T11:09:37,300.0,6.0,B
2021-06-24T11:07:28,100.0,6.0,B
2021-06-24T11:07:28,100.0,6.03,S
2021-06-24T11:06:37,200.0,6.0,S
2021-06-24T11:06:22,200.0,6.0,S
2021-06-24T11:06:21,100.0,6.0,S
2021-06-24T11:05:40,200.0,6.0,B
2021-06-24T11:04:57,100.0,6.0,S
2021-06-24T11:04:50,500.0,6.0,B
2021-06-24T11:04:20,500.0,6.0,S
2021-06-24T10:57:42,200.0,6.0,S
2021-06-24T10:54:34,12000.0,6.0,S
2021-06-24T10:52:41,1000.0,6.02,S
2021-06-24T10:52:13,100.0,6.02,S
2021-06-24T10:49:49,2000.0,6.03,S
2021-06-24T10:41:35,1000.0,6.03,S
2021-06-24T10:40:27,20000.0,6.03,S
2021-06-24T10:40:06,100.0,6.05,B
2021-06-24T10:38:26,300.0,6.05,B
2021-06-24T10:38:18,100.0,6.05,B
2021-06-24T10:35:48,200.0,6.05,S
2021-06-24T10:35:48,1400.0,6.05,S
2021-06-24T10:35:48,100.0,6.05,S
2021-06-24T10:32:05,200.0,6.06,B
2021-06-24T10:30:54,5000.0,6.05,S
2021-06-24T10:28:55,500.0,6.05,S
2021-06-24T10:25:23,1000.0,6.05,B
2021-06-24T10:25:21,6600.0,6.05,B
2021-06-24T10:24:56,200.0,6.05,B
2021-06-24T10:24:13,400.0,6.05,S
2021-06-24T10:23:43,600.0,6.05,B
2021-06-24T10:23:36,1000.0,6.05,B
2021-06-24T10:23:20,8000.0,6.05,B
2021-06-24T10:20:09,100.0,6.05,B
2021-06-24T10:16:40,600.0,6.05,S
2021-06-24T10:16:40,300.0,6.05,S
2021-06-24T10:14:27,500.0,6.05,S
2021-06-24T10:14:20,100.0,6.05,S
2021-06-24T10:13:55,400.0,6.05,S
2021-06-24T10:13:43,500.0,6.05,S
2021-06-24T10:13:36,8200.0,6.05,B
2021-06-24T10:11:42,7500.0,6.05,S
2021-06-24T10:11:07,200.0,6.05,S
2021-06-24T10:08:19,200.0,6.05,S
2021-06-24T10:06:48,1200.0,6.05,S
2021-06-24T10:06:26,100.0,6.05,S
2021-06-24T10:06:11,2000.0,6.05,S
2021-06-24T10:05:26,15000.0,6.05,B
2021-06-24T10:01:27,3000.0,6.05,B
2021-06-24T10:00:49,2100.0,6.05,S
2021-06-24T09:59:13,2700.0,6.06,B
2021-06-24T09:54:35,1000.0,6.06,B
2021-06-24T09:53:16,800.0,6.06,B
2021-06-24T09:53:15,200.0,6.06,B
2021-06-24T09:52:21,100.0,6.06,B
2021-06-24T09:51:25,300.0,6.06,B
2021-06-24T09:50:03,4000.0,6.06,B
2021-06-24T09:48:54,600.0,6.06,B
2021-06-24T09:48:54,200.0,6.06,B
2021-06-24T09:48:20,1000.0,6.06,B
2021-06-24T09:46:12,100.0,6.04,B
2021-06-24T09:45:35,1000.0,6.04,B
2021-06-24T09:43:38,1300.0,6.04,B
2021-06-24T09:42:55,100.0,6.03,S
2021-06-24T09:35:33,500.0,6.04,B
2021-06-24T09:32:47,1000.0,6.04,B
2021-06-24T09:32:25,900.0,6.04,S
2021-06-24T09:31:25,2000.0,6.06,B
2021-06-24T09:31:24,200.0,6.04,S
2021-06-24T09:30:49,200.0,6.06,B
2021-06-24T09:30:49,1800.0,6.05,S
2021-06-24T09:30:18,1200.0,6.04,S
2021-06-24T09:30:00,1000.0,6.05,S
2021-06-24T09:29:21,400.0,6.05,S
2021-06-24T09:28:19,200.0,6.05,S
2021-06-24T09:27:17,100.0,6.06,S
2021-06-24T09:24:37,500.0,6.06,B
2021-06-24T09:20:25,100.0,6.05,S
2021-06-24T09:20:25,1900.0,6.05,S
2021-06-24T09:18:46,600.0,6.06,S
2021-06-24T09:18:22,700.0,6.06,S
2021-06-24T09:18:00,1000.0,6.06,S
2021-06-24T09:16:44,1100.0,6.06,S
