tradingTime,volume,price,side
2021-06-24T14:30:04,6000.0,60.3,S
2021-06-24T14:29:51,1000.0,60.4,S
2021-06-24T14:29:17,1400.0,60.4,B
2021-06-24T14:29:04,400.0,60.4,S
2021-06-24T14:29:03,3000.0,60.4,S
2021-06-24T14:28:00,200.0,60.5,B
2021-06-24T14:28:00,300.0,60.5,B
2021-06-24T14:26:35,2500.0,60.4,S
2021-06-24T14:26:30,200.0,60.4,S
2021-06-24T14:26:29,1800.0,60.4,S
2021-06-24T14:25:45,900.0,60.4,B
2021-06-24T14:25:37,100.0,60.4,B
2021-06-24T14:25:36,100.0,60.4,B
2021-06-24T14:25:11,100.0,60.4,B
2021-06-24T14:24:56,100.0,60.4,B
2021-06-24T14:24:53,2200.0,60.4,B
2021-06-24T14:24:24,2000.0,60.4,B
2021-06-24T14:23:49,2000.0,60.4,S
2021-06-24T14:23:40,2500.0,60.4,S
2021-06-24T14:23:18,1000.0,60.4,S
2021-06-24T14:23:15,200.0,60.5,B
2021-06-24T14:23:14,300.0,60.5,B
2021-06-24T14:23:05,3000.0,60.4,S
2021-06-24T14:22:24,100.0,60.4,B
2021-06-24T14:22:24,2200.0,60.4,B
2021-06-24T14:21:32,1000.0,60.3,S
2021-06-24T14:20:54,500.0,60.3,S
2021-06-24T14:20:44,1000.0,60.3,S
2021-06-24T14:20:14,200.0,60.3,S
2021-06-24T14:20:13,100.0,60.4,B
2021-06-24T14:20:11,900.0,60.4,B
2021-06-24T14:19:56,700.0,60.4,B
2021-06-24T14:19:30,2000.0,60.4,B
2021-06-24T14:18:56,2000.0,60.3,B
2021-06-24T14:18:52,14600.0,60.3,B
2021-06-24T14:18:52,900.0,60.3,B
2021-06-24T14:18:50,2000.0,60.2,S
2021-06-24T14:18:47,200.0,60.3,B
2021-06-24T14:18:43,500.0,60.3,B
2021-06-24T14:18:37,2000.0,60.3,B
2021-06-24T14:18:35,1400.0,60.2,S
2021-06-24T14:18:33,2000.0,60.3,B
2021-06-24T14:18:30,3000.0,60.3,B
2021-06-24T14:18:30,100.0,60.3,B
2021-06-24T14:18:18,25000.0,60.3,B
2021-06-24T14:18:00,100.0,60.3,B
2021-06-24T14:17:56,2000.0,60.3,B
2021-06-24T14:17:44,100.0,60.3,B
2021-06-24T14:17:34,500.0,60.3,B
2021-06-24T14:17:26,500.0,60.2,S
2021-06-24T14:16:55,100.0,60.3,B
2021-06-24T14:16:46,1400.0,60.3,B
2021-06-24T14:16:45,4600.0,60.3,B
2021-06-24T14:16:38,100.0,60.3,B
2021-06-24T14:16:23,200.0,60.3,B
2021-06-24T14:16:15,4200.0,60.2,S
2021-06-24T14:16:12,200.0,60.2,S
2021-06-24T14:16:11,1000.0,60.2,S
2021-06-24T14:16:07,3800.0,60.3,B
2021-06-24T14:15:09,200.0,60.2,B
2021-06-24T14:14:50,500.0,60.2,B
2021-06-24T14:14:29,4400.0,60.1,S
2021-06-24T14:14:21,5000.0,60.1,S
2021-06-24T14:13:59,300.0,60.1,S
2021-06-24T14:13:58,500.0,60.2,S
2021-06-24T14:13:57,300.0,60.1,S
2021-06-24T14:13:57,1000.0,60.1,S
2021-06-24T14:13:57,10200.0,60.1,S
2021-06-24T14:13:57,200.0,60.1,S
2021-06-24T14:13:57,500.0,60.1,S
2021-06-24T14:13:57,800.0,60.1,S
2021-06-24T14:13:57,400.0,60.1,S
2021-06-24T14:13:56,8600.0,60.1,S
2021-06-24T14:13:38,2400.0,60.1,S
2021-06-24T14:13:38,200.0,60.2,S
2021-06-24T14:13:38,2400.0,60.2,S
2021-06-24T14:13:32,600.0,60.2,S
2021-06-24T14:13:29,100.0,60.2,S
2021-06-24T14:13:27,3000.0,60.1,S
2021-06-24T14:13:18,4000.0,60.1,S
2021-06-24T14:13:03,500.0,60.2,S
2021-06-24T14:12:54,10000.0,60.1,S
2021-06-24T14:12:52,500.0,60.2,S
2021-06-24T14:12:47,900.0,60.1,S
2021-06-24T14:12:40,400.0,60.1,S
2021-06-24T14:12:39,1300.0,60.2,S
2021-06-24T14:12:28,200.0,60.2,S
2021-06-24T14:12:28,1300.0,60.2,S
2021-06-24T14:12:27,1000.0,60.2,S
2021-06-24T14:12:24,3400.0,60.2,S
2021-06-24T14:12:23,100.0,60.2,S
2021-06-24T14:12:23,1000.0,60.2,S
2021-06-24T14:12:23,100.0,60.2,S
2021-06-24T14:12:23,400.0,60.2,S
2021-06-24T14:12:23,15000.0,60.2,S
2021-06-24T14:12:10,400.0,60.2,S
2021-06-24T14:12:02,700.0,60.2,S
2021-06-24T14:11:46,2000.0,60.2,S
2021-06-24T14:11:19,500.0,60.3,S
2021-06-24T14:11:06,100.0,60.3,S
2021-06-24T14:11:04,100.0,60.2,S
2021-06-24T14:11:04,2600.0,60.2,S
2021-06-24T14:10:40,100.0,60.3,S
2021-06-24T14:10:13,600.0,60.3,S
2021-06-24T14:10:12,1200.0,60.3,S
2021-06-24T14:10:12,800.0,60.3,S
2021-06-24T14:10:09,9200.0,60.3,S
2021-06-24T14:10:09,800.0,60.3,S
2021-06-24T14:10:08,100.0,60.3,S
2021-06-24T14:10:06,47000.0,60.3,S
2021-06-24T14:09:51,100.0,60.3,S
2021-06-24T14:09:27,8000.0,60.3,S
2021-06-24T14:09:19,5000.0,60.3,S
2021-06-24T14:09:02,100.0,60.4,B
2021-06-24T14:08:49,500.0,60.3,S
2021-06-24T14:08:47,500.0,60.4,B
2021-06-24T14:08:46,100.0,60.4,B
2021-06-24T14:08:39,800.0,60.4,B
2021-06-24T14:08:32,200.0,60.5,B
2021-06-24T14:08:28,2100.0,60.4,B
2021-06-24T14:07:52,500.0,60.4,S
2021-06-24T14:07:51,1300.0,60.4,S
2021-06-24T14:07:51,100.0,60.4,S
2021-06-24T14:07:51,600.0,60.4,S
2021-06-24T14:07:51,300.0,60.4,S
2021-06-24T14:07:51,1500.0,60.4,S
2021-06-24T14:07:51,500.0,60.4,S
2021-06-24T14:07:07,10000.0,60.5,B
2021-06-24T14:06:57,5000.0,60.4,S
2021-06-24T14:06:57,1500.0,60.4,S
2021-06-24T14:06:42,500.0,60.4,S
2021-06-24T14:06:37,2000.0,60.4,S
2021-06-24T14:06:29,1500.0,60.4,S
2021-06-24T14:05:41,2000.0,60.4,S
2021-06-24T14:05:28,1400.0,60.4,S
2021-06-24T14:05:25,100.0,60.4,S
2021-06-24T14:05:25,200.0,60.4,S
2021-06-24T14:05:24,200.0,60.4,S
2021-06-24T14:05:21,300.0,60.4,S
2021-06-24T14:05:18,300.0,60.5,B
2021-06-24T14:04:41,2900.0,60.4,S
2021-06-24T14:04:41,100.0,60.4,S
2021-06-24T14:04:20,100.0,60.5,S
2021-06-24T14:04:04,4200.0,60.5,S
2021-06-24T14:03:55,1700.0,60.5,S
2021-06-24T14:03:54,1000.0,60.5,S
2021-06-24T14:03:47,200.0,60.5,S
2021-06-24T14:03:46,1500.0,60.5,S
2021-06-24T14:03:41,500.0,60.5,S
2021-06-24T14:03:34,2000.0,60.5,S
2021-06-24T14:03:30,1500.0,60.5,S
2021-06-24T14:03:30,500.0,60.5,S
2021-06-24T14:03:30,5000.0,60.5,S
2021-06-24T14:03:28,400.0,60.5,S
2021-06-24T14:03:15,900.0,60.5,S
2021-06-24T14:03:14,15000.0,60.5,S
2021-06-24T14:03:13,2000.0,60.5,S
2021-06-24T14:03:12,2000.0,60.5,S
2021-06-24T14:02:55,100.0,60.5,S
2021-06-24T14:02:53,4000.0,60.5,S
2021-06-24T14:01:38,1100.0,60.5,S
2021-06-24T14:01:10,100.0,60.6,S
2021-06-24T14:01:02,4200.0,60.5,S
2021-06-24T14:01:02,5800.0,60.6,S
2021-06-24T14:01:02,2000.0,60.6,S
2021-06-24T14:00:58,2000.0,60.6,S
2021-06-24T14:00:41,1000.0,60.6,S
2021-06-24T14:00:41,600.0,60.6,S
2021-06-24T14:00:41,10000.0,60.6,S
2021-06-24T14:00:19,200.0,60.6,S
2021-06-24T14:00:17,4000.0,60.6,S
2021-06-24T14:00:15,2500.0,60.6,S
2021-06-24T14:00:10,1000.0,60.6,S
2021-06-24T13:59:56,500.0,60.6,S
2021-06-24T13:59:55,4100.0,60.6,S
2021-06-24T13:59:11,500.0,60.6,S
2021-06-24T13:59:05,1800.0,60.6,S
2021-06-24T13:58:50,2000.0,60.7,S
2021-06-24T13:58:40,1000.0,60.7,S
2021-06-24T13:58:11,2000.0,60.6,S
2021-06-24T13:58:00,300.0,60.7,S
2021-06-24T13:57:38,700.0,60.6,S
2021-06-24T13:57:35,100.0,60.6,S
2021-06-24T13:56:01,100.0,60.7,B
2021-06-24T13:55:23,100.0,60.7,B
2021-06-24T13:55:21,4000.0,60.6,S
2021-06-24T13:54:38,5000.0,60.6,S
2021-06-24T13:54:33,200.0,60.6,S
2021-06-24T13:53:46,1600.0,60.6,B
2021-06-24T13:53:31,200.0,60.6,B
2021-06-24T13:53:26,200.0,60.6,S
2021-06-24T13:53:26,24900.0,60.6,S
2021-06-24T13:53:26,3100.0,60.7,S
2021-06-24T13:53:25,100.0,60.8,B
2021-06-24T13:53:08,5000.0,60.7,S
2021-06-24T13:52:41,100.0,60.8,B
2021-06-24T13:52:08,500.0,60.7,S
2021-06-24T13:51:23,12500.0,60.7,B
2021-06-24T13:50:37,3600.0,60.6,B
2021-06-24T13:49:57,200.0,60.6,S
2021-06-24T13:49:57,500.0,60.6,S
2021-06-24T13:49:03,3000.0,60.5,S
2021-06-24T13:46:56,500.0,60.5,S
2021-06-24T13:46:56,900.0,60.5,S
2021-06-24T13:46:56,12000.0,60.5,S
2021-06-24T13:45:53,1000.0,60.6,S
2021-06-24T13:45:40,3300.0,60.6,S
2021-06-24T13:44:56,500.0,60.6,S
2021-06-24T13:44:50,1000.0,60.7,S
2021-06-24T13:44:39,3000.0,60.7,S
2021-06-24T13:44:16,100.0,60.7,S
2021-06-24T13:42:56,500.0,60.8,B
2021-06-24T13:42:30,100.0,60.7,S
2021-06-24T13:41:47,2700.0,60.8,S
2021-06-24T13:41:13,4300.0,60.8,S
2021-06-24T13:38:58,200.0,60.8,S
2021-06-24T13:38:56,300.0,61.0,B
2021-06-24T13:38:35,700.0,61.0,B
2021-06-24T13:38:35,3300.0,61.0,B
2021-06-24T13:38:35,1000.0,60.9,B
2021-06-24T13:36:32,300.0,61.0,B
2021-06-24T13:35:31,100.0,61.0,B
2021-06-24T13:35:28,1700.0,60.8,S
2021-06-24T13:35:28,5400.0,60.8,S
2021-06-24T13:35:28,1900.0,60.9,S
2021-06-24T13:34:45,300.0,61.0,B
2021-06-24T13:34:43,9000.0,61.0,B
2021-06-24T13:34:09,2000.0,61.0,B
2021-06-24T13:33:49,100.0,61.0,B
2021-06-24T13:33:49,200.0,61.0,B
2021-06-24T13:32:59,300.0,60.9,S
2021-06-24T13:32:07,1000.0,61.0,B
2021-06-24T13:31:40,500.0,61.0,B
2021-06-24T13:30:48,1000.0,61.0,B
2021-06-24T13:30:06,400.0,60.9,S
2021-06-24T13:29:58,100.0,61.0,B
2021-06-24T13:28:48,1000.0,60.8,S
2021-06-24T13:27:29,100.0,61.0,B
2021-06-24T13:24:44,600.0,60.8,S
2021-06-24T13:23:28,1100.0,61.0,S
2021-06-24T13:23:03,1000.0,61.1,B
2021-06-24T13:22:38,1000.0,61.0,S
2021-06-24T13:21:59,500.0,61.0,S
2021-06-24T13:21:56,1000.0,61.0,S
2021-06-24T13:21:09,2000.0,61.0,S
2021-06-24T13:20:31,500.0,61.1,B
2021-06-24T13:20:20,100.0,61.0,S
2021-06-24T13:20:19,400.0,61.0,S
2021-06-24T13:20:11,100.0,61.1,B
2021-06-24T13:19:56,900.0,61.1,B
2021-06-24T13:18:54,1000.0,61.1,B
2021-06-24T13:18:33,1000.0,61.0,S
2021-06-24T13:18:19,100.0,61.1,B
2021-06-24T13:18:10,300.0,61.1,B
2021-06-24T13:18:09,1000.0,61.1,B
2021-06-24T13:17:57,1000.0,61.0,S
2021-06-24T13:17:42,1000.0,61.0,S
2021-06-24T13:17:34,100.0,61.1,B
2021-06-24T13:16:46,300.0,61.1,B
2021-06-24T13:16:40,2800.0,61.1,B
2021-06-24T13:16:00,300.0,61.1,B
2021-06-24T13:15:26,100.0,61.1,B
2021-06-24T13:14:11,100.0,61.1,B
2021-06-24T13:13:29,100.0,61.1,B
2021-06-24T13:13:18,400.0,61.1,B
2021-06-24T13:11:48,300.0,61.1,B
2021-06-24T13:11:48,7600.0,61.1,B
2021-06-24T13:11:48,100.0,61.1,B
2021-06-24T13:11:35,600.0,61.0,B
2021-06-24T13:11:35,3200.0,61.0,B
2021-06-24T13:11:35,4300.0,61.0,B
2021-06-24T13:11:35,14800.0,61.0,B
2021-06-24T13:11:35,4400.0,61.0,B
2021-06-24T13:09:33,2000.0,60.9,B
2021-06-24T13:09:33,500.0,60.8,S
2021-06-24T13:09:06,500.0,60.9,B
2021-06-24T13:08:56,2000.0,60.9,B
2021-06-24T13:08:14,3000.0,60.9,B
2021-06-24T13:08:03,200.0,60.9,B
2021-06-24T13:07:03,100.0,60.9,B
2021-06-24T13:06:44,5400.0,60.8,S
2021-06-24T13:06:29,100.0,60.8,B
2021-06-24T13:04:55,600.0,60.6,S
2021-06-24T13:04:14,1400.0,60.8,B
2021-06-24T13:03:08,1200.0,60.8,S
2021-06-24T13:03:08,300.0,60.8,S
2021-06-24T13:02:45,300.0,60.9,S
2021-06-24T13:02:43,100.0,60.9,S
2021-06-24T13:02:29,500.0,60.9,S
2021-06-24T13:02:14,1000.0,60.9,S
2021-06-24T13:00:13,100.0,61.0,S
2021-06-24T13:00:13,3000.0,61.0,S
2021-06-24T13:00:08,1500.0,60.9,S
2021-06-24T13:00:08,100.0,61.0,S
2021-06-24T13:00:08,800.0,61.0,S
2021-06-24T11:30:00,500.0,61.0,S
2021-06-24T11:29:42,500.0,61.0,S
2021-06-24T11:29:38,3000.0,61.0,S
2021-06-24T11:29:26,14900.0,61.0,B
2021-06-24T11:29:09,500.0,60.9,S
2021-06-24T11:28:38,500.0,60.9,S
2021-06-24T11:28:20,100.0,60.9,S
2021-06-24T11:28:03,1400.0,61.0,B
2021-06-24T11:27:48,1500.0,61.0,S
2021-06-24T11:27:39,2000.0,61.0,S
2021-06-24T11:27:34,5000.0,61.0,S
2021-06-24T11:26:18,1000.0,61.1,B
2021-06-24T11:26:02,900.0,61.1,S
2021-06-24T11:25:52,1100.0,61.1,S
2021-06-24T11:24:58,1000.0,61.1,S
2021-06-24T11:24:28,1000.0,61.1,B
2021-06-24T11:24:20,3000.0,61.1,S
2021-06-24T11:23:19,6500.0,61.1,B
2021-06-24T11:23:03,500.0,61.0,S
2021-06-24T11:22:44,100.0,61.0,B
2021-06-24T11:22:36,1000.0,61.0,S
2021-06-24T11:22:03,2000.0,61.0,S
2021-06-24T11:21:41,1000.0,61.0,S
2021-06-24T11:21:41,1000.0,61.0,S
2021-06-24T11:21:03,2000.0,61.0,S
2021-06-24T11:20:56,400.0,61.0,S
2021-06-24T11:20:28,6500.0,61.0,B
2021-06-24T11:19:54,700.0,60.9,B
2021-06-24T11:19:46,1300.0,60.9,B
2021-06-24T11:19:23,200.0,60.9,B
2021-06-24T11:19:06,900.0,60.9,S
2021-06-24T11:18:35,1000.0,60.9,S
2021-06-24T11:17:13,100.0,60.9,S
2021-06-24T11:16:44,1000.0,60.9,S
2021-06-24T11:16:26,1000.0,60.9,S
2021-06-24T11:15:55,500.0,61.0,S
2021-06-24T11:15:49,2000.0,61.0,S
2021-06-24T11:15:31,5000.0,61.0,S
2021-06-24T11:15:24,300.0,61.0,S
2021-06-24T11:15:16,200.0,61.0,S
2021-06-24T11:15:10,300.0,61.1,B
2021-06-24T11:14:58,100.0,61.1,S
2021-06-24T11:14:57,300.0,61.1,S
2021-06-24T11:14:35,1000.0,61.1,S
2021-06-24T11:14:29,1000.0,61.1,S
2021-06-24T11:14:24,2600.0,61.2,S
2021-06-24T11:14:22,2000.0,61.2,S
2021-06-24T11:13:31,300.0,61.3,B
2021-06-24T11:13:20,9700.0,61.3,S
2021-06-24T11:13:20,300.0,61.3,S
2021-06-24T11:13:17,500.0,61.3,S
2021-06-24T11:13:13,100.0,61.3,S
2021-06-24T11:13:10,1000.0,61.3,S
2021-06-24T11:13:06,200.0,61.3,S
2021-06-24T11:12:44,600.0,61.3,S
2021-06-24T11:12:41,800.0,61.3,B
2021-06-24T11:12:33,1000.0,61.3,S
2021-06-24T11:12:29,700.0,61.4,B
2021-06-24T11:12:28,1000.0,61.3,S
2021-06-24T11:12:28,1000.0,61.3,S
2021-06-24T11:12:27,200.0,61.3,S
2021-06-24T11:12:26,300.0,61.3,S
2021-06-24T11:11:59,1000.0,61.3,S
2021-06-24T11:11:53,200.0,61.3,S
2021-06-24T11:11:46,200.0,61.3,S
2021-06-24T11:11:43,10500.0,61.3,B
2021-06-24T11:11:43,300.0,61.3,B
2021-06-24T11:11:25,100.0,61.3,B
2021-06-24T11:11:16,18000.0,61.3,B
2021-06-24T11:11:07,200.0,61.2,S
2021-06-24T11:10:54,100.0,61.2,S
2021-06-24T11:10:46,500.0,61.3,B
2021-06-24T11:10:42,1000.0,61.3,B
2021-06-24T11:10:28,10800.0,61.3,B
2021-06-24T11:10:24,200.0,61.2,S
2021-06-24T11:10:23,1000.0,61.2,S
2021-06-24T11:10:18,100.0,61.3,B
2021-06-24T11:10:18,2100.0,61.3,B
2021-06-24T11:10:18,500.0,61.3,B
2021-06-24T11:10:09,200.0,61.2,S
2021-06-24T11:10:01,200.0,61.2,S
2021-06-24T11:09:58,100.0,61.2,S
2021-06-24T11:09:56,500.0,61.2,S
2021-06-24T11:09:35,1600.0,61.2,B
2021-06-24T11:09:35,1000.0,61.2,B
2021-06-24T11:09:33,12400.0,61.2,B
2021-06-24T11:09:15,2600.0,61.1,B
2021-06-24T11:09:11,1500.0,61.1,B
2021-06-24T11:09:07,5000.0,61.1,B
2021-06-24T11:09:05,2000.0,61.1,B
2021-06-24T11:08:54,2500.0,61.1,B
2021-06-24T11:08:47,10000.0,61.1,B
2021-06-24T11:08:40,200.0,61.1,B
2021-06-24T11:08:26,16100.0,61.0,B
2021-06-24T11:08:26,10900.0,61.0,B
2021-06-24T11:07:48,5000.0,61.0,B
2021-06-24T11:07:18,20000.0,61.0,B
2021-06-24T11:07:15,100.0,60.9,S
2021-06-24T11:07:09,100.0,60.9,S
2021-06-24T11:07:00,1800.0,60.9,B
2021-06-24T11:06:48,500.0,60.9,B
2021-06-24T11:05:56,300.0,60.9,B
2021-06-24T11:05:46,1000.0,60.9,B
2021-06-24T11:04:33,500.0,60.9,B
2021-06-24T11:04:05,500.0,60.9,B
2021-06-24T11:03:58,1000.0,60.9,B
2021-06-24T11:03:58,1000.0,60.9,B
2021-06-24T11:03:26,1000.0,61.0,B
2021-06-24T11:03:14,100.0,60.8,S
2021-06-24T11:02:50,500.0,60.9,S
2021-06-24T11:02:47,200.0,60.9,S
2021-06-24T11:02:05,300.0,60.9,B
2021-06-24T11:01:48,700.0,60.9,S
2021-06-24T11:01:38,4300.0,60.9,B
2021-06-24T11:01:28,200.0,60.9,B
2021-06-24T11:01:15,1500.0,60.9,B
2021-06-24T11:01:14,200.0,60.8,S
2021-06-24T11:00:58,3000.0,60.9,B
2021-06-24T11:00:17,100.0,60.8,B
2021-06-24T11:00:09,2700.0,60.8,B
2021-06-24T10:59:01,200.0,60.6,B
2021-06-24T10:58:59,2300.0,60.6,B
2021-06-24T10:58:54,100.0,60.6,B
2021-06-24T10:58:45,100.0,60.6,B
2021-06-24T10:58:44,1000.0,60.6,B
2021-06-24T10:58:22,2500.0,60.6,B
2021-06-24T10:57:13,900.0,60.5,B
2021-06-24T10:56:37,200.0,60.4,S
2021-06-24T10:56:26,100.0,60.5,B
2021-06-24T10:56:18,100.0,60.4,S
2021-06-24T10:55:54,500.0,60.4,S
2021-06-24T10:55:40,3000.0,60.5,S
2021-06-24T10:55:35,2000.0,60.5,S
2021-06-24T10:54:27,100.0,60.4,S
2021-06-24T10:54:27,2300.0,60.5,S
2021-06-24T10:54:26,3000.0,60.8,B
2021-06-24T10:54:09,200.0,60.6,B
2021-06-24T10:53:56,100.0,60.4,S
2021-06-24T10:53:42,100.0,60.6,B
2021-06-24T10:53:40,600.0,60.4,S
2021-06-24T10:53:40,4400.0,60.4,S
2021-06-24T10:52:41,2000.0,60.6,B
2021-06-24T10:52:29,100.0,60.5,B
2021-06-24T10:52:12,1000.0,60.5,B
2021-06-24T10:52:10,100.0,60.5,B
2021-06-24T10:52:08,500.0,60.5,B
2021-06-24T10:51:55,100.0,60.5,B
2021-06-24T10:51:26,500.0,60.5,B
2021-06-24T10:51:17,100.0,60.4,S
2021-06-24T10:50:38,400.0,60.4,S
2021-06-24T10:50:30,100.0,60.5,B
2021-06-24T10:50:30,300.0,60.5,B
2021-06-24T10:50:25,100.0,60.5,B
2021-06-24T10:50:23,100.0,60.5,B
2021-06-24T10:50:16,100.0,60.5,S
2021-06-24T10:50:06,1300.0,60.5,S
2021-06-24T10:50:03,200.0,60.5,S
2021-06-24T10:49:41,100.0,60.5,S
2021-06-24T10:49:40,2000.0,60.6,B
2021-06-24T10:49:35,2000.0,60.5,S
2021-06-24T10:49:03,500.0,60.6,S
2021-06-24T10:49:02,1000.0,60.6,S
2021-06-24T10:48:24,1000.0,60.6,S
2021-06-24T10:48:10,100.0,60.7,B
2021-06-24T10:47:23,1000.0,60.6,S
2021-06-24T10:47:12,300.0,60.7,B
2021-06-24T10:46:58,1000.0,60.7,B
2021-06-24T10:46:37,1000.0,60.7,B
2021-06-24T10:44:54,3000.0,60.5,S
2021-06-24T10:44:54,200.0,60.7,B
2021-06-24T10:44:33,5000.0,60.7,B
2021-06-24T10:44:22,100.0,60.4,S
2021-06-24T10:44:19,24900.0,60.5,S
2021-06-24T10:44:03,5000.0,60.5,S
2021-06-24T10:43:40,100.0,60.7,S
2021-06-24T10:43:25,700.0,60.7,S
2021-06-24T10:43:05,1000.0,60.7,S
2021-06-24T10:43:03,100.0,60.7,S
2021-06-24T10:42:49,100.0,60.7,B
2021-06-24T10:42:09,10000.0,60.5,S
2021-06-24T10:42:01,100.0,60.6,B
2021-06-24T10:41:48,100.0,60.6,B
2021-06-24T10:41:43,200.0,60.6,B
2021-06-24T10:41:37,100.0,60.6,B
2021-06-24T10:41:36,23900.0,60.5,S
2021-06-24T10:41:29,800.0,60.6,B
2021-06-24T10:41:22,100.0,60.6,S
2021-06-24T10:41:19,1000.0,60.6,S
2021-06-24T10:41:04,15000.0,60.6,S
2021-06-24T10:41:01,1500.0,60.7,B
2021-06-24T10:40:42,700.0,60.7,S
2021-06-24T10:40:38,8000.0,60.7,S
2021-06-24T10:40:28,3600.0,60.7,S
2021-06-24T10:40:20,2000.0,60.8,S
2021-06-24T10:40:19,300.0,60.8,S
2021-06-24T10:40:10,1000.0,60.8,S
2021-06-24T10:40:01,100.0,60.9,S
2021-06-24T10:39:54,400.0,60.9,S
2021-06-24T10:39:50,100.0,61.0,B
2021-06-24T10:39:47,3000.0,60.9,S
2021-06-24T10:39:34,500.0,61.0,B
2021-06-24T10:38:29,100.0,61.0,B
2021-06-24T10:38:23,1000.0,61.0,B
2021-06-24T10:38:14,5000.0,61.0,B
2021-06-24T10:38:09,200.0,60.9,S
2021-06-24T10:38:05,2200.0,61.0,B
2021-06-24T10:37:07,200.0,61.0,B
2021-06-24T10:36:53,500.0,61.0,B
2021-06-24T10:36:52,5000.0,61.0,B
2021-06-24T10:36:28,500.0,61.0,B
2021-06-24T10:36:21,2000.0,61.0,B
2021-06-24T10:35:51,100.0,61.0,B
2021-06-24T10:35:48,100.0,61.0,B
2021-06-24T10:35:41,300.0,61.0,B
2021-06-24T10:35:24,500.0,61.0,B
2021-06-24T10:35:11,300.0,61.0,B
2021-06-24T10:35:02,100.0,61.0,B
2021-06-24T10:34:23,1000.0,61.0,B
2021-06-24T10:34:21,1000.0,61.0,B
2021-06-24T10:34:16,200.0,61.0,B
2021-06-24T10:34:16,400.0,61.0,B
2021-06-24T10:34:13,400.0,61.0,B
2021-06-24T10:34:03,2000.0,61.0,B
2021-06-24T10:33:52,200.0,61.0,B
2021-06-24T10:33:19,500.0,61.0,B
2021-06-24T10:33:11,100.0,60.9,B
2021-06-24T10:33:01,500.0,60.9,B
2021-06-24T10:32:19,1000.0,60.8,S
2021-06-24T10:32:06,2600.0,61.0,B
2021-06-24T10:31:45,100.0,60.9,S
2021-06-24T10:31:24,700.0,60.9,B
2021-06-24T10:31:23,300.0,60.9,B
2021-06-24T10:30:57,1500.0,60.9,B
2021-06-24T10:30:28,700.0,60.8,S
2021-06-24T10:30:21,200.0,60.9,B
2021-06-24T10:29:52,1000.0,60.7,S
2021-06-24T10:29:44,300.0,61.0,B
2021-06-24T10:29:43,4900.0,60.7,S
2021-06-24T10:28:44,1600.0,60.8,S
2021-06-24T10:28:44,2100.0,60.8,S
2021-06-24T10:27:25,100.0,61.2,S
2021-06-24T10:27:13,1100.0,61.2,B
2021-06-24T10:27:13,100.0,61.1,B
2021-06-24T10:27:11,100.0,61.0,B
2021-06-24T10:26:51,500.0,61.0,S
2021-06-24T10:25:35,4500.0,60.6,S
2021-06-24T10:25:28,100.0,61.0,B
2021-06-24T10:25:25,300.0,60.8,S
2021-06-24T10:25:25,1400.0,60.9,S
2021-06-24T10:25:03,200.0,61.2,S
2021-06-24T10:24:46,1000.0,61.3,B
2021-06-24T10:24:35,1000.0,61.3,B
2021-06-24T10:24:08,2700.0,61.3,B
2021-06-24T10:23:58,5000.0,61.4,B
2021-06-24T10:23:57,600.0,61.4,B
2021-06-24T10:23:57,700.0,61.2,S
2021-06-24T10:23:56,2400.0,61.2,S
2021-06-24T10:23:56,200.0,61.4,B
2021-06-24T10:23:49,1000.0,61.4,B
2021-06-24T10:23:22,100.0,61.5,B
2021-06-24T10:23:07,600.0,61.5,B
2021-06-24T10:23:05,2900.0,61.5,S
2021-06-24T10:23:05,1000.0,61.5,S
2021-06-24T10:23:02,1000.0,61.5,S
2021-06-24T10:23:00,100.0,61.5,S
2021-06-24T10:22:54,2000.0,61.5,S
2021-06-24T10:22:50,400.0,61.5,S
2021-06-24T10:22:48,400.0,61.5,S
2021-06-24T10:22:38,10000.0,61.5,S
2021-06-24T10:22:30,500.0,61.6,S
2021-06-24T10:22:23,2900.0,61.8,B
2021-06-24T10:22:22,700.0,61.8,B
2021-06-24T10:22:16,6600.0,61.6,B
2021-06-24T10:22:12,2000.0,61.6,B
2021-06-24T10:22:10,900.0,61.5,S
2021-06-24T10:22:06,1500.0,61.6,B
2021-06-24T10:22:02,28200.0,61.5,B
2021-06-24T10:22:01,2200.0,61.4,S
2021-06-24T10:21:58,800.0,61.4,B
2021-06-24T10:21:49,500.0,61.3,B
2021-06-24T10:21:46,1000.0,61.3,B
2021-06-24T10:21:34,300.0,61.3,B
2021-06-24T10:21:33,500.0,61.3,B
2021-06-24T10:21:32,500.0,61.2,S
2021-06-24T10:21:30,100.0,61.3,B
2021-06-24T10:21:21,700.0,61.2,B
2021-06-24T10:21:18,500.0,61.2,B
2021-06-24T10:21:08,1000.0,61.2,B
2021-06-24T10:21:00,100.0,61.0,B
2021-06-24T10:21:00,18500.0,61.0,B
2021-06-24T10:21:00,5200.0,61.0,B
2021-06-24T10:21:00,6200.0,61.0,B
2021-06-24T10:20:55,100.0,60.8,S
2021-06-24T10:20:53,7000.0,60.9,B
2021-06-24T10:20:52,200.0,60.8,B
2021-06-24T10:20:45,100.0,60.8,B
2021-06-24T10:20:41,3000.0,60.8,B
2021-06-24T10:20:38,400.0,60.8,B
2021-06-24T10:20:34,4000.0,60.8,B
2021-06-24T10:20:33,6000.0,60.8,B
2021-06-24T10:20:33,200.0,60.8,B
2021-06-24T10:20:21,10000.0,60.8,B
2021-06-24T10:20:08,1200.0,60.8,B
2021-06-24T10:20:08,400.0,60.8,B
2021-06-24T10:20:08,3400.0,60.7,B
2021-06-24T10:20:01,24800.0,60.6,B
2021-06-24T10:19:46,200.0,60.5,B
2021-06-24T10:19:44,800.0,60.5,B
2021-06-24T10:19:44,10600.0,60.5,B
2021-06-24T10:19:44,500.0,60.5,B
2021-06-24T10:19:44,6000.0,60.5,B
2021-06-24T10:19:44,2100.0,60.5,B
2021-06-24T10:19:30,3100.0,60.5,B
2021-06-24T10:19:30,3000.0,60.5,B
2021-06-24T10:19:30,3000.0,60.5,B
2021-06-24T10:19:30,700.0,60.5,B
2021-06-24T10:19:30,6100.0,60.5,B
2021-06-24T10:19:30,100.0,60.5,B
2021-06-24T10:19:30,24000.0,60.5,B
2021-06-24T10:19:21,1000.0,60.4,S
2021-06-24T10:19:14,100.0,60.5,B
2021-06-24T10:18:55,100.0,60.5,B
2021-06-24T10:18:30,6000.0,60.4,B
2021-06-24T10:18:30,300.0,60.4,B
2021-06-24T10:18:30,3500.0,60.4,B
2021-06-24T10:18:30,200.0,60.4,B
2021-06-24T10:18:30,5100.0,60.4,B
2021-06-24T10:18:30,11000.0,60.4,B
2021-06-24T10:18:30,14900.0,60.4,B
2021-06-24T10:18:09,100.0,60.3,B
2021-06-24T10:18:08,19700.0,60.3,B
2021-06-24T10:18:08,200.0,60.3,B
2021-06-24T10:18:06,2000.0,60.3,B
2021-06-24T10:17:18,300.0,60.3,B
2021-06-24T10:17:08,1100.0,60.2,S
2021-06-24T10:17:08,100.0,60.2,S
2021-06-24T10:17:08,1000.0,60.2,S
2021-06-24T10:17:08,2000.0,60.2,S
2021-06-24T10:16:52,400.0,60.3,B
2021-06-24T10:16:52,600.0,60.3,B
2021-06-24T10:16:44,200.0,60.3,B
2021-06-24T10:16:28,200.0,60.3,B
2021-06-24T10:16:00,100.0,60.3,B
2021-06-24T10:15:45,300.0,60.3,B
2021-06-24T10:14:08,800.0,60.2,S
2021-06-24T10:13:51,100.0,60.2,S
2021-06-24T10:13:50,600.0,60.3,B
2021-06-24T10:13:48,200.0,60.3,B
2021-06-24T10:13:23,100.0,60.3,B
2021-06-24T10:12:46,1000.0,60.2,S
2021-06-24T10:12:18,300.0,60.3,B
2021-06-24T10:11:32,100.0,60.2,S
2021-06-24T10:10:12,1000.0,60.2,S
2021-06-24T10:09:45,600.0,60.2,B
2021-06-24T10:09:43,1000.0,60.2,B
2021-06-24T10:09:42,3000.0,60.2,B
2021-06-24T10:09:39,2000.0,60.2,B
2021-06-24T10:09:21,1000.0,60.2,B
2021-06-24T10:09:04,15000.0,60.2,B
2021-06-24T10:08:55,200.0,60.2,B
2021-06-24T10:08:15,1000.0,60.2,B
2021-06-24T10:08:12,2900.0,60.2,B
2021-06-24T10:07:59,1500.0,60.1,S
2021-06-24T10:06:44,2000.0,60.1,S
2021-06-24T10:06:17,200.0,60.1,S
2021-06-24T10:06:14,1400.0,60.1,S
2021-06-24T10:06:07,500.0,60.1,S
2021-06-24T10:05:26,700.0,60.1,S
2021-06-24T10:05:25,2000.0,60.1,S
2021-06-24T10:05:23,500.0,60.1,S
2021-06-24T10:05:00,700.0,60.1,S
2021-06-24T10:04:56,2000.0,60.1,S
2021-06-24T10:04:45,1000.0,60.1,S
2021-06-24T10:04:18,1000.0,60.1,S
2021-06-24T10:04:07,1000.0,60.1,S
2021-06-24T10:04:07,5600.0,60.1,S
2021-06-24T10:04:03,1000.0,60.2,B
2021-06-24T10:03:55,5000.0,60.1,S
2021-06-24T10:03:36,1500.0,60.1,S
2021-06-24T10:03:20,2000.0,60.1,S
2021-06-24T10:03:17,1000.0,60.1,S
2021-06-24T10:03:08,5000.0,60.1,S
2021-06-24T10:02:40,1000.0,60.1,S
2021-06-24T10:02:38,2800.0,60.1,S
2021-06-24T10:02:27,1500.0,60.1,S
2021-06-24T10:02:00,200.0,60.1,S
2021-06-24T10:01:36,1000.0,60.1,S
2021-06-24T10:00:49,100.0,60.2,B
2021-06-24T10:00:11,1000.0,60.2,B
2021-06-24T10:00:00,300.0,60.2,B
2021-06-24T09:59:35,500.0,60.2,B
2021-06-24T09:59:03,1000.0,60.2,B
2021-06-24T09:58:33,2000.0,60.2,B
2021-06-24T09:57:17,1500.0,60.1,S
2021-06-24T09:56:50,800.0,60.1,S
2021-06-24T09:56:43,100.0,60.2,B
2021-06-24T09:56:20,2000.0,60.1,S
2021-06-24T09:54:55,2400.0,60.1,S
2021-06-24T09:54:55,2600.0,60.1,S
2021-06-24T09:54:51,4700.0,60.1,S
2021-06-24T09:54:19,400.0,60.1,S
2021-06-24T09:54:00,100.0,60.2,B
2021-06-24T09:53:31,4000.0,60.1,S
2021-06-24T09:53:31,500.0,60.2,S
2021-06-24T09:52:37,900.0,60.1,S
2021-06-24T09:51:16,1000.0,60.4,B
2021-06-24T09:51:13,900.0,60.1,S
2021-06-24T09:51:12,2300.0,60.1,S
2021-06-24T09:51:12,20800.0,60.2,S
2021-06-24T09:51:09,500.0,60.3,S
2021-06-24T09:51:00,100.0,60.3,S
2021-06-24T09:50:51,1000.0,60.4,B
2021-06-24T09:50:24,2000.0,60.4,B
2021-06-24T09:50:17,500.0,60.4,B
2021-06-24T09:50:01,1000.0,60.4,B
2021-06-24T09:49:59,18000.0,60.2,S
2021-06-24T09:49:53,1000.0,60.4,B
2021-06-24T09:49:51,500.0,60.4,B
2021-06-24T09:49:41,5000.0,60.4,B
2021-06-24T09:49:35,600.0,60.4,B
2021-06-24T09:49:31,500.0,60.4,B
2021-06-24T09:49:13,2000.0,60.4,B
2021-06-24T09:49:09,3000.0,60.4,B
2021-06-24T09:48:58,1900.0,60.4,B
2021-06-24T09:48:33,200.0,60.4,B
2021-06-24T09:48:26,100.0,60.4,B
2021-06-24T09:48:24,2000.0,60.3,S
2021-06-24T09:48:24,5000.0,60.4,B
2021-06-24T09:48:15,500.0,60.4,B
2021-06-24T09:48:00,200.0,60.4,B
2021-06-24T09:47:40,100.0,60.4,B
2021-06-24T09:47:24,1000.0,60.3,S
2021-06-24T09:47:14,500.0,60.3,S
2021-06-24T09:47:05,300.0,60.4,B
2021-06-24T09:46:53,2500.0,60.4,B
2021-06-24T09:46:48,1000.0,60.3,S
2021-06-24T09:46:34,100.0,60.4,B
2021-06-24T09:45:54,1500.0,60.3,S
2021-06-24T09:45:50,300.0,60.3,S
2021-06-24T09:45:46,4000.0,60.3,S
2021-06-24T09:45:39,4600.0,60.3,B
2021-06-24T09:45:15,400.0,60.3,B
2021-06-24T09:45:15,7600.0,60.3,B
2021-06-24T09:45:15,2000.0,60.3,B
2021-06-24T09:45:13,1000.0,60.2,S
2021-06-24T09:45:07,1000.0,60.2,S
2021-06-24T09:45:00,2200.0,60.2,S
2021-06-24T09:44:57,100.0,60.2,S
2021-06-24T09:44:30,900.0,60.2,S
2021-06-24T09:44:21,100.0,60.2,B
2021-06-24T09:44:18,2700.0,60.2,B
2021-06-24T09:44:18,1000.0,60.2,B
2021-06-24T09:44:09,200.0,60.2,B
2021-06-24T09:44:07,5000.0,60.2,B
2021-06-24T09:43:45,1000.0,60.1,S
2021-06-24T09:42:55,100.0,60.1,S
2021-06-24T09:42:52,1000.0,60.2,B
2021-06-24T09:42:30,1400.0,60.2,B
2021-06-24T09:42:27,2000.0,60.2,B
2021-06-24T09:42:14,300.0,60.2,B
2021-06-24T09:42:09,100.0,60.2,B
2021-06-24T09:42:05,100.0,60.2,B
2021-06-24T09:41:55,200.0,60.2,B
2021-06-24T09:41:26,900.0,60.2,B
2021-06-24T09:41:23,1000.0,60.2,B
2021-06-24T09:41:07,5000.0,60.2,B
2021-06-24T09:41:03,100.0,60.2,B
2021-06-24T09:41:00,5000.0,60.2,B
2021-06-24T09:40:49,2000.0,60.2,B
2021-06-24T09:40:49,200.0,60.2,B
2021-06-24T09:40:46,900.0,60.1,S
2021-06-24T09:40:30,500.0,60.1,S
2021-06-24T09:40:25,10000.0,60.2,B
2021-06-24T09:40:21,3600.0,60.2,B
2021-06-24T09:40:03,1000.0,60.2,B
2021-06-24T09:39:59,100.0,60.2,B
2021-06-24T09:39:53,5000.0,60.2,B
2021-06-24T09:39:49,1000.0,60.2,B
2021-06-24T09:39:25,600.0,60.2,B
2021-06-24T09:39:19,2000.0,60.1,S
2021-06-24T09:39:03,1500.0,60.1,S
2021-06-24T09:38:33,500.0,60.2,B
2021-06-24T09:38:31,100.0,60.1,S
2021-06-24T09:38:10,1000.0,60.2,B
2021-06-24T09:38:09,2000.0,60.1,S
2021-06-24T09:37:26,100.0,60.2,B
2021-06-24T09:37:03,3000.0,60.2,B
2021-06-24T09:36:25,100.0,60.2,B
2021-06-24T09:36:06,100.0,60.1,S
2021-06-24T09:36:03,16000.0,60.1,S
2021-06-24T09:35:25,500.0,60.1,S
2021-06-24T09:35:16,5000.0,60.1,S
2021-06-24T09:35:05,1000.0,60.1,S
2021-06-24T09:35:00,1100.0,60.2,B
2021-06-24T09:34:35,500.0,60.1,S
2021-06-24T09:34:35,200.0,60.1,S
2021-06-24T09:34:35,1700.0,60.1,S
2021-06-24T09:34:35,7600.0,60.1,S
2021-06-24T09:33:07,100.0,60.2,B
2021-06-24T09:33:00,500.0,60.1,S
2021-06-24T09:32:55,3000.0,60.1,S
2021-06-24T09:32:30,2000.0,60.1,S
2021-06-24T09:32:20,2400.0,60.2,S
2021-06-24T09:32:16,1000.0,60.2,S
2021-06-24T09:32:11,200.0,60.2,S
2021-06-24T09:31:50,1500.0,60.2,S
2021-06-24T09:31:47,900.0,60.2,S
2021-06-24T09:31:36,3000.0,60.2,S
2021-06-24T09:31:35,200.0,60.2,S
2021-06-24T09:31:15,8000.0,60.2,B
2021-06-24T09:31:08,1500.0,60.2,B
2021-06-24T09:31:05,200.0,60.2,B
2021-06-24T09:30:55,100.0,60.2,B
2021-06-24T09:30:51,100.0,60.2,B
2021-06-24T09:30:46,400.0,60.2,B
2021-06-24T09:30:44,1400.0,60.2,B
2021-06-24T09:30:42,1000.0,60.2,B
2021-06-24T09:30:42,400.0,60.2,B
2021-06-24T09:30:37,9900.0,60.2,B
2021-06-24T09:30:31,100.0,60.2,B
2021-06-24T09:30:27,3000.0,60.1,S
2021-06-24T09:30:16,300.0,60.2,B
2021-06-24T09:30:14,700.0,60.2,B
2021-06-24T09:30:13,1000.0,60.1,S
2021-06-24T09:29:49,500.0,60.1,S
2021-06-24T09:29:39,5000.0,60.1,S
2021-06-24T09:29:38,1400.0,60.1,S
2021-06-24T09:29:21,500.0,60.2,S
2021-06-24T09:29:21,2000.0,60.2,S
2021-06-24T09:29:19,6000.0,60.2,S
2021-06-24T09:29:05,5000.0,60.2,S
2021-06-24T09:28:49,500.0,60.2,S
2021-06-24T09:28:25,500.0,60.2,S
2021-06-24T09:28:15,20000.0,60.2,S
2021-06-24T09:28:14,1000.0,60.3,B
2021-06-24T09:28:11,2000.0,60.3,B
2021-06-24T09:28:10,500.0,60.3,B
2021-06-24T09:28:06,1700.0,60.2,S
2021-06-24T09:28:04,200.0,60.2,S
2021-06-24T09:27:59,1000.0,60.2,S
2021-06-24T09:27:54,500.0,60.3,S
2021-06-24T09:27:40,15900.0,60.2,S
2021-06-24T09:27:33,5000.0,60.3,S
2021-06-24T09:27:26,100.0,60.3,S
2021-06-24T09:27:09,3600.0,60.3,S
2021-06-24T09:27:09,400.0,60.4,S
2021-06-24T09:26:54,500.0,60.4,S
2021-06-24T09:26:54,1000.0,60.4,S
2021-06-24T09:26:52,5000.0,60.4,S
2021-06-24T09:26:09,4500.0,60.4,B
2021-06-24T09:26:04,400.0,60.4,B
2021-06-24T09:25:48,700.0,60.4,S
2021-06-24T09:25:18,300.0,60.4,S
2021-06-24T09:25:17,600.0,60.5,B
2021-06-24T09:25:12,3000.0,60.4,S
2021-06-24T09:25:05,200.0,60.5,B
2021-06-24T09:25:02,9800.0,60.5,B
2021-06-24T09:24:58,2000.0,60.4,S
2021-06-24T09:24:58,600.0,60.5,B
2021-06-24T09:24:58,7400.0,60.5,B
2021-06-24T09:24:53,8000.0,60.5,B
2021-06-24T09:24:43,700.0,60.5,B
2021-06-24T09:24:21,6000.0,60.5,B
2021-06-24T09:24:17,2000.0,60.3,S
2021-06-24T09:24:12,100.0,60.4,B
2021-06-24T09:23:52,100.0,60.3,S
2021-06-24T09:23:44,100.0,60.5,B
2021-06-24T09:23:41,200.0,60.3,S
2021-06-24T09:22:51,200.0,60.2,S
2021-06-24T09:22:45,5000.0,60.3,B
2021-06-24T09:22:43,15000.0,60.2,S
2021-06-24T09:22:43,2000.0,60.2,S
2021-06-24T09:22:40,100.0,60.3,B
2021-06-24T09:22:29,500.0,60.2,S
2021-06-24T09:22:21,400.0,60.2,S
2021-06-24T09:21:43,3000.0,60.2,B
2021-06-24T09:21:29,700.0,60.1,S
2021-06-24T09:21:11,1000.0,60.2,B
2021-06-24T09:21:08,5000.0,60.1,S
2021-06-24T09:20:48,5000.0,60.1,S
2021-06-24T09:20:48,1500.0,60.2,B
2021-06-24T09:20:39,9500.0,60.2,B
2021-06-24T09:20:29,1000.0,60.1,S
2021-06-24T09:20:07,1600.0,60.1,S
2021-06-24T09:20:07,900.0,60.1,S
2021-06-24T09:19:56,100.0,60.1,S
2021-06-24T09:19:54,900.0,60.1,S
2021-06-24T09:19:52,300.0,60.1,S
2021-06-24T09:19:41,2900.0,60.1,S
2021-06-24T09:19:09,100.0,60.1,S
2021-06-24T09:18:59,300.0,60.2,S
2021-06-24T09:18:59,5900.0,60.2,S
2021-06-24T09:18:59,500.0,60.2,S
2021-06-24T09:18:59,1200.0,60.2,S
2021-06-24T09:18:49,4300.0,60.2,S
2021-06-24T09:18:34,500.0,60.2,S
2021-06-24T09:18:34,500.0,60.2,S
2021-06-24T09:18:28,100.0,60.3,B
2021-06-24T09:18:09,500.0,60.3,S
2021-06-24T09:18:09,700.0,60.3,S
2021-06-24T09:18:00,300.0,60.5,B
2021-06-24T09:17:03,400.0,60.5,S
2021-06-24T09:17:00,2000.0,60.5,S
2021-06-24T09:16:38,2000.0,60.5,S
2021-06-24T09:16:33,500.0,60.5,S
2021-06-24T09:16:29,100.0,60.4,S
2021-06-24T09:16:25,900.0,60.4,S
2021-06-24T09:16:14,7500.0,60.4,S
2021-06-24T09:16:13,2700.0,60.5,B
2021-06-24T09:16:09,100.0,60.5,B
2021-06-24T09:16:08,5000.0,60.4,S
2021-06-24T09:15:56,500.0,60.4,S
2021-06-24T09:15:56,400.0,60.4,S
2021-06-24T09:15:50,1900.0,60.4,S
