tradingTime,volume,price,side
2021-06-24T14:30:03,1000.0,15.95,S
2021-06-24T14:29:28,1800.0,15.95,S
2021-06-24T14:21:59,100.0,15.95,S
2021-06-24T14:21:32,6000.0,15.95,S
2021-06-24T14:21:04,3000.0,15.95,S
2021-06-24T14:20:51,200.0,15.95,S
2021-06-24T14:19:57,200.0,15.95,S
2021-06-24T14:19:35,100.0,15.95,S
2021-06-24T14:19:26,100.0,15.95,S
2021-06-24T14:19:15,1200.0,15.95,S
2021-06-24T14:19:11,10000.0,15.95,S
2021-06-24T14:18:38,3000.0,15.95,S
2021-06-24T14:18:24,700.0,15.95,S
2021-06-24T14:16:59,200.0,15.95,S
2021-06-24T14:16:54,2000.0,15.95,S
2021-06-24T14:16:43,1200.0,15.95,S
2021-06-24T14:16:05,1500.0,15.95,S
2021-06-24T14:15:46,1400.0,15.95,S
2021-06-24T14:15:43,800.0,15.95,S
2021-06-24T14:15:05,1000.0,15.95,S
2021-06-24T14:14:27,2000.0,15.95,S
2021-06-24T14:14:01,100.0,15.95,S
2021-06-24T14:13:38,500.0,15.95,S
2021-06-24T14:13:29,1500.0,15.95,S
2021-06-24T14:13:25,500.0,15.95,S
2021-06-24T14:12:10,100.0,15.95,S
2021-06-24T14:11:14,2000.0,15.95,S
2021-06-24T14:11:12,2000.0,15.95,S
2021-06-24T14:10:35,5000.0,15.95,S
2021-06-24T14:10:33,2000.0,15.95,S
2021-06-24T14:10:27,5000.0,15.95,S
2021-06-24T14:10:26,3000.0,15.95,S
2021-06-24T14:10:13,6100.0,15.95,S
2021-06-24T14:10:01,500.0,15.95,S
2021-06-24T14:09:25,4000.0,15.95,S
2021-06-24T14:09:13,1000.0,15.95,S
2021-06-24T14:08:57,6600.0,15.95,S
2021-06-24T14:08:33,4100.0,15.95,S
2021-06-24T14:08:33,5900.0,15.95,S
2021-06-24T14:04:52,100.0,15.95,S
2021-06-24T14:04:45,1000.0,15.95,S
2021-06-24T14:03:25,1000.0,15.95,S
2021-06-24T14:03:06,3000.0,15.95,S
2021-06-24T14:01:57,100.0,15.95,S
2021-06-24T14:01:18,2000.0,15.95,S
2021-06-24T13:58:24,200.0,15.95,S
2021-06-24T13:58:10,200.0,15.95,S
2021-06-24T13:57:29,3000.0,15.95,S
2021-06-24T13:56:01,500.0,15.95,S
2021-06-24T13:55:07,100.0,15.95,S
2021-06-24T13:53:45,5000.0,15.95,S
2021-06-24T13:53:26,200.0,15.95,S
2021-06-24T13:52:37,8000.0,15.95,S
2021-06-24T13:52:02,3000.0,15.95,S
2021-06-24T13:51:56,100.0,15.95,S
2021-06-24T13:49:55,2700.0,15.95,S
2021-06-24T13:49:42,3900.0,15.95,S
2021-06-24T13:48:28,4300.0,15.95,S
2021-06-24T13:44:02,2000.0,15.95,S
2021-06-24T13:41:41,5000.0,15.95,S
2021-06-24T13:40:55,100.0,15.95,S
2021-06-24T13:39:19,100.0,15.95,S
2021-06-24T13:38:21,2000.0,15.95,S
2021-06-24T13:36:45,3000.0,15.95,S
2021-06-24T13:36:09,100.0,15.95,S
2021-06-24T13:36:08,1000.0,15.95,S
2021-06-24T13:36:02,200.0,15.95,S
2021-06-24T13:35:41,100.0,15.95,S
2021-06-24T13:35:26,500.0,15.95,S
2021-06-24T13:34:02,100.0,15.95,S
2021-06-24T13:32:46,1000.0,15.95,S
2021-06-24T13:31:23,300.0,15.95,S
2021-06-24T13:28:32,500.0,15.95,S
2021-06-24T13:28:24,2000.0,15.95,S
2021-06-24T13:28:21,1000.0,15.95,S
2021-06-24T13:27:16,1000.0,15.95,S
2021-06-24T13:25:31,8400.0,15.95,S
2021-06-24T13:23:56,300.0,15.95,S
2021-06-24T13:23:56,4500.0,15.95,S
2021-06-24T13:23:31,100.0,15.95,S
2021-06-24T13:21:52,500.0,15.95,S
2021-06-24T13:15:19,100.0,15.95,S
2021-06-24T13:12:42,7000.0,15.95,S
2021-06-24T13:11:39,100.0,15.95,S
2021-06-24T13:10:14,1500.0,15.95,S
2021-06-24T13:09:23,300.0,15.95,S
2021-06-24T13:08:48,100.0,15.95,S
2021-06-24T13:08:39,500.0,15.95,S
2021-06-24T13:07:45,2000.0,15.95,S
2021-06-24T13:06:57,300.0,15.95,S
2021-06-24T13:06:54,600.0,15.95,S
2021-06-24T13:06:35,700.0,15.95,S
2021-06-24T13:06:29,400.0,15.95,S
2021-06-24T13:06:08,2000.0,15.95,S
2021-06-24T13:05:59,7000.0,15.95,S
2021-06-24T13:03:11,100.0,15.95,S
2021-06-24T13:02:35,2200.0,15.95,S
2021-06-24T13:02:35,300.0,15.95,S
2021-06-24T13:00:59,500.0,15.95,S
2021-06-24T13:00:38,300.0,15.95,S
2021-06-24T13:00:18,3100.0,15.95,S
2021-06-24T13:00:18,4100.0,15.95,S
2021-06-24T13:00:18,100.0,15.95,S
2021-06-24T13:00:18,2000.0,15.95,S
2021-06-24T13:00:18,2900.0,15.95,S
2021-06-24T13:00:18,100.0,15.95,S
2021-06-24T13:00:16,1200.0,15.95,S
2021-06-24T13:00:15,3000.0,15.95,S
2021-06-24T13:00:15,2100.0,15.95,S
2021-06-24T13:00:13,15000.0,15.95,S
2021-06-24T13:00:13,500.0,15.95,S
2021-06-24T13:00:13,200.0,15.95,S
2021-06-24T13:00:13,5000.0,15.95,S
2021-06-24T13:00:13,300.0,15.95,S
2021-06-24T13:00:10,1300.0,15.95,S
2021-06-24T13:00:10,2000.0,15.95,S
2021-06-24T13:00:08,1000.0,15.95,S
2021-06-24T13:00:08,100.0,15.95,S
2021-06-24T13:00:08,500.0,15.95,S
2021-06-24T13:00:08,10000.0,15.95,S
2021-06-24T13:00:08,1000.0,15.95,S
2021-06-24T13:00:08,100.0,15.95,S
2021-06-24T13:00:08,3400.0,15.95,S
2021-06-24T13:00:08,200.0,15.95,S
2021-06-24T13:00:08,300.0,15.95,S
2021-06-24T13:00:08,500.0,15.95,S
2021-06-24T13:00:08,100.0,15.95,S
2021-06-24T13:00:08,1000.0,15.95,S
2021-06-24T13:00:08,200.0,15.95,S
2021-06-24T13:00:08,2500.0,15.95,S
2021-06-24T13:00:08,10000.0,15.95,S
2021-06-24T13:00:07,2000.0,15.95,S
2021-06-24T11:30:00,100.0,15.95,S
2021-06-24T11:29:46,500.0,15.95,S
2021-06-24T11:29:43,1000.0,15.95,S
2021-06-24T11:29:26,600.0,15.95,S
2021-06-24T11:29:07,500.0,15.95,S
2021-06-24T11:28:53,100000.0,15.95,S
2021-06-24T11:28:35,20000.0,15.95,S
2021-06-24T11:28:18,400.0,15.95,S
2021-06-24T11:28:12,200.0,15.95,S
2021-06-24T11:27:48,7500.0,15.95,S
2021-06-24T11:27:34,100.0,15.95,S
2021-06-24T11:27:23,100.0,15.95,S
2021-06-24T11:27:14,1500.0,15.95,S
2021-06-24T11:26:30,5000.0,15.95,S
2021-06-24T11:26:28,500.0,15.95,S
2021-06-24T11:26:15,500.0,15.95,S
2021-06-24T11:25:53,1000.0,15.95,S
2021-06-24T11:25:49,3500.0,15.95,S
2021-06-24T11:25:13,600.0,15.95,S
2021-06-24T11:25:11,3600.0,15.95,S
2021-06-24T11:24:43,100.0,15.95,S
2021-06-24T11:24:38,1500.0,15.95,S
2021-06-24T11:24:33,4000.0,15.95,S
2021-06-24T11:24:30,1000.0,15.95,S
2021-06-24T11:24:19,1000.0,15.95,S
2021-06-24T11:24:13,1700.0,15.95,S
2021-06-24T11:23:55,3000.0,15.95,S
2021-06-24T11:23:45,2500.0,15.95,S
2021-06-24T11:23:44,80000.0,15.95,S
2021-06-24T11:23:32,2500.0,15.95,S
2021-06-24T11:23:14,1000.0,15.95,S
2021-06-24T11:23:12,15000.0,15.95,S
2021-06-24T11:22:32,30500.0,15.95,S
2021-06-24T11:22:32,2700.0,15.95,B
2021-06-24T11:22:32,4100.0,15.95,B
2021-06-24T11:22:32,2800.0,15.95,B
2021-06-24T11:22:32,1000.0,15.95,B
2021-06-24T11:22:25,200.0,15.95,B
2021-06-24T11:22:25,1000.0,15.95,B
2021-06-24T11:22:22,3400.0,15.95,B
2021-06-24T11:22:21,2000.0,15.95,B
2021-06-24T11:22:20,400.0,15.95,B
2021-06-24T11:22:19,1000.0,15.95,B
2021-06-24T11:22:14,200.0,15.95,B
2021-06-24T11:22:06,50000.0,15.95,B
2021-06-24T11:21:49,300.0,15.95,B
2021-06-24T11:21:34,500.0,15.95,B
2021-06-24T11:21:31,900.0,15.95,B
2021-06-24T11:21:29,500.0,15.95,B
2021-06-24T11:21:28,1000.0,15.95,B
2021-06-24T11:21:21,500.0,15.95,B
2021-06-24T11:21:19,2600.0,15.95,B
2021-06-24T11:21:17,1500.0,15.95,B
2021-06-24T11:21:17,1000.0,15.95,B
2021-06-24T11:21:13,300.0,15.95,B
2021-06-24T11:21:11,5000.0,15.95,B
2021-06-24T11:21:11,100.0,15.95,B
2021-06-24T11:21:11,11500.0,15.95,B
2021-06-24T11:21:11,1100.0,15.95,B
2021-06-24T11:21:08,500.0,15.95,B
2021-06-24T11:21:07,19300.0,15.95,B
2021-06-24T11:21:07,30700.0,15.95,B
2021-06-24T11:21:07,23000.0,15.95,B
2021-06-24T11:21:05,1000.0,15.95,B
2021-06-24T11:21:03,9500.0,15.95,B
2021-06-24T11:21:01,6400.0,15.95,B
2021-06-24T11:20:58,300.0,15.95,B
2021-06-24T11:20:58,10000.0,15.95,B
2021-06-24T11:20:58,5000.0,15.95,B
2021-06-24T11:20:56,15300.0,15.95,B
2021-06-24T11:20:54,10000.0,15.95,B
2021-06-24T11:20:44,3300.0,15.95,B
2021-06-24T11:20:43,10000.0,15.95,B
2021-06-24T11:20:43,500.0,15.9,S
2021-06-24T11:20:42,6800.0,15.95,B
2021-06-24T11:20:42,2200.0,15.95,B
2021-06-24T11:20:41,600.0,15.95,B
2021-06-24T11:20:38,2100.0,15.95,B
2021-06-24T11:20:31,8700.0,15.95,B
2021-06-24T11:20:30,400.0,15.95,B
2021-06-24T11:20:28,3000.0,15.95,B
2021-06-24T11:20:23,1400.0,15.95,B
2021-06-24T11:20:23,7300.0,15.95,B
2021-06-24T11:20:22,500.0,15.95,B
2021-06-24T11:20:19,2200.0,15.95,B
2021-06-24T11:20:18,11000.0,15.95,B
2021-06-24T11:20:16,100.0,15.95,B
2021-06-24T11:20:13,2400.0,15.95,B
2021-06-24T11:20:10,10000.0,15.95,B
2021-06-24T11:20:08,600.0,15.95,B
2021-06-24T11:20:07,10000.0,15.95,B
2021-06-24T11:20:07,2000.0,15.95,B
2021-06-24T11:20:06,12900.0,15.95,B
2021-06-24T11:20:05,300.0,15.95,B
2021-06-24T11:20:04,20000.0,15.95,B
2021-06-24T11:19:59,5100.0,15.95,B
2021-06-24T11:19:58,1900.0,15.95,B
2021-06-24T11:19:53,1000.0,15.95,B
2021-06-24T11:19:53,1200.0,15.95,B
2021-06-24T11:19:53,7000.0,15.95,B
2021-06-24T11:19:53,8800.0,15.95,B
2021-06-24T11:19:53,31000.0,15.95,B
2021-06-24T11:19:53,1000.0,15.95,B
2021-06-24T11:19:51,1100.0,15.95,B
2021-06-24T11:19:48,2200.0,15.95,B
2021-06-24T11:19:43,19200.0,15.95,B
2021-06-24T11:19:41,3400.0,15.95,B
2021-06-24T11:19:27,6500.0,15.95,B
2021-06-24T11:19:27,3300.0,15.95,B
2021-06-24T11:19:27,46700.0,15.95,B
2021-06-24T11:19:23,100.0,15.95,B
2021-06-24T11:19:19,5000.0,15.95,B
2021-06-24T11:19:12,12200.0,15.95,B
2021-06-24T11:19:03,35600.0,15.95,B
2021-06-24T11:19:03,600.0,15.95,B
2021-06-24T11:19:03,4900.0,15.95,B
2021-06-24T11:19:03,1000.0,15.95,B
2021-06-24T11:19:03,3000.0,15.95,B
2021-06-24T11:19:03,2000.0,15.95,B
2021-06-24T11:19:03,5800.0,15.95,B
2021-06-24T11:19:03,100.0,15.95,B
2021-06-24T11:19:03,1400.0,15.95,B
2021-06-24T11:19:03,5200.0,15.95,B
2021-06-24T11:19:03,6600.0,15.95,B
2021-06-24T11:19:03,7000.0,15.95,B
2021-06-24T11:19:03,10900.0,15.95,B
2021-06-24T11:19:03,1200.0,15.95,B
2021-06-24T11:19:03,1600.0,15.95,B
2021-06-24T11:19:03,13100.0,15.95,B
2021-06-24T11:18:58,1000.0,15.95,B
2021-06-24T11:18:58,15000.0,15.95,B
2021-06-24T11:18:51,2000.0,15.95,B
2021-06-24T11:18:36,1000.0,15.95,B
2021-06-24T11:18:33,2000.0,15.95,B
2021-06-24T11:18:31,100.0,15.95,B
2021-06-24T11:18:30,100.0,15.95,B
2021-06-24T11:18:29,100.0,15.95,B
2021-06-24T11:18:25,50000.0,15.95,B
2021-06-24T11:18:23,1000.0,15.95,B
2021-06-24T11:18:18,1300.0,15.95,B
2021-06-24T11:18:09,1000.0,15.95,B
2021-06-24T11:18:08,200.0,15.9,S
2021-06-24T11:17:58,5500.0,15.95,B
2021-06-24T11:17:53,10000.0,15.95,B
2021-06-24T11:17:46,1200.0,15.95,B
2021-06-24T11:17:37,100.0,15.9,S
2021-06-24T11:17:34,2000.0,15.95,B
2021-06-24T11:17:26,16900.0,15.95,B
2021-06-24T11:17:23,1000.0,15.95,B
2021-06-24T11:17:22,600.0,15.95,B
2021-06-24T11:17:21,1000.0,15.95,B
2021-06-24T11:17:14,10000.0,15.95,B
2021-06-24T11:17:06,700.0,15.95,B
2021-06-24T11:17:02,12300.0,15.95,B
2021-06-24T11:17:02,2100.0,15.95,B
2021-06-24T11:17:02,2500.0,15.95,B
2021-06-24T11:17:02,56900.0,15.95,B
2021-06-24T11:17:02,22100.0,15.95,B
2021-06-24T11:17:02,12900.0,15.95,B
2021-06-24T11:17:02,11200.0,15.95,B
2021-06-24T11:17:02,1000.0,15.9,S
2021-06-24T11:16:55,20000.0,15.95,B
2021-06-24T11:16:38,3000.0,15.95,B
2021-06-24T11:16:36,4100.0,15.95,B
2021-06-24T11:16:26,13700.0,15.95,B
2021-06-24T11:16:26,11300.0,15.95,B
2021-06-24T11:16:26,500.0,15.95,B
2021-06-24T11:16:06,20000.0,15.95,B
2021-06-24T11:15:59,400.0,15.95,B
2021-06-24T11:15:54,100.0,15.95,B
2021-06-24T11:15:49,600.0,15.95,B
2021-06-24T11:15:44,600.0,15.95,B
2021-06-24T11:15:39,300.0,15.95,B
2021-06-24T11:15:27,200.0,15.95,B
2021-06-24T11:15:26,2000.0,15.95,B
2021-06-24T11:15:23,300.0,15.95,B
2021-06-24T11:15:21,100.0,15.95,B
2021-06-24T11:15:20,15500.0,15.95,B
2021-06-24T11:15:19,4500.0,15.95,B
2021-06-24T11:15:11,100.0,15.95,B
2021-06-24T11:15:04,5000.0,15.95,B
2021-06-24T11:15:04,1000.0,15.95,B
2021-06-24T11:15:03,100.0,15.95,B
2021-06-24T11:15:00,10000.0,15.95,B
2021-06-24T11:14:55,2000.0,15.95,B
2021-06-24T11:14:54,10000.0,15.95,B
2021-06-24T11:14:49,700.0,15.95,B
2021-06-24T11:14:43,5500.0,15.95,B
2021-06-24T11:14:40,200.0,15.95,B
2021-06-24T11:14:38,3300.0,15.95,B
2021-06-24T11:14:38,1000.0,15.95,B
2021-06-24T11:14:38,5000.0,15.95,B
2021-06-24T11:14:30,1700.0,15.95,B
2021-06-24T11:14:19,1000.0,15.95,B
2021-06-24T11:14:19,6500.0,15.95,B
2021-06-24T11:14:17,8000.0,15.95,B
2021-06-24T11:14:15,1500.0,15.95,B
2021-06-24T11:14:13,10000.0,15.95,B
2021-06-24T11:14:12,1000.0,15.95,B
2021-06-24T11:14:12,10000.0,15.95,B
2021-06-24T11:14:07,500.0,15.95,B
2021-06-24T11:14:04,500.0,15.95,B
2021-06-24T11:14:02,200000.0,15.95,B
2021-06-24T11:14:01,1000.0,15.95,B
2021-06-24T11:14:00,200.0,15.9,S
2021-06-24T11:13:52,200.0,15.95,B
2021-06-24T11:13:52,2000.0,15.95,B
2021-06-24T11:13:51,15000.0,15.95,B
2021-06-24T11:13:49,6000.0,15.95,B
2021-06-24T11:13:45,50000.0,15.95,B
2021-06-24T11:13:41,14500.0,15.95,B
2021-06-24T11:13:32,20000.0,15.95,B
2021-06-24T11:13:21,10000.0,15.95,B
2021-06-24T11:13:13,100.0,15.9,S
2021-06-24T11:13:11,5000.0,15.95,B
2021-06-24T11:13:11,1500.0,15.95,B
2021-06-24T11:13:06,14100.0,15.95,B
2021-06-24T11:13:06,8000.0,15.95,B
2021-06-24T11:13:06,1800.0,15.95,B
2021-06-24T11:13:06,700.0,15.95,B
2021-06-24T11:13:06,7000.0,15.95,B
2021-06-24T11:13:06,8400.0,15.95,B
2021-06-24T11:12:43,5300.0,15.95,B
2021-06-24T11:12:43,24700.0,15.95,B
2021-06-24T11:12:41,500.0,15.9,S
2021-06-24T11:12:33,50000.0,15.9,S
2021-06-24T11:12:29,2100.0,15.95,B
2021-06-24T11:12:29,2500.0,15.95,B
2021-06-24T11:12:29,2800.0,15.95,B
2021-06-24T11:12:29,100.0,15.95,B
2021-06-24T11:12:29,14000.0,15.95,B
2021-06-24T11:12:29,1000.0,15.95,B
2021-06-24T11:12:29,2100.0,15.95,B
2021-06-24T11:12:29,20000.0,15.95,B
2021-06-24T11:12:29,5400.0,15.95,B
2021-06-24T11:12:26,500.0,15.9,S
2021-06-24T11:12:26,33500.0,15.9,S
2021-06-24T11:12:26,6000.0,15.9,S
2021-06-24T11:12:22,1000.0,15.95,B
2021-06-24T11:12:14,500.0,15.9,S
2021-06-24T11:11:57,10000.0,15.95,B
2021-06-24T11:11:56,12000.0,15.95,B
2021-06-24T11:11:53,7100.0,15.95,B
2021-06-24T11:11:39,1500.0,15.95,B
2021-06-24T11:11:33,15000.0,15.95,B
2021-06-24T11:11:33,500.0,15.95,B
2021-06-24T11:11:27,5000.0,15.9,S
2021-06-24T11:11:27,100.0,15.9,S
2021-06-24T11:11:27,24900.0,15.9,S
2021-06-24T11:11:23,30000.0,15.95,B
2021-06-24T11:11:22,100.0,15.9,S
2021-06-24T11:11:16,50000.0,15.95,B
2021-06-24T11:11:09,4500.0,15.95,B
2021-06-24T11:11:03,200000.0,15.95,B
2021-06-24T11:11:01,500.0,15.95,B
2021-06-24T11:10:33,900.0,15.9,S
2021-06-24T11:10:17,200.0,15.95,B
2021-06-24T11:10:13,600.0,15.95,B
2021-06-24T11:10:12,1000.0,15.95,B
2021-06-24T11:10:09,400.0,15.95,B
2021-06-24T11:10:06,1000.0,15.95,B
2021-06-24T11:09:54,30000.0,15.95,B
2021-06-24T11:09:51,1000.0,15.9,S
2021-06-24T11:09:44,800.0,15.9,S
2021-06-24T11:09:37,35000.0,15.95,B
2021-06-24T11:09:28,2000.0,15.9,S
2021-06-24T11:09:27,20000.0,15.95,B
2021-06-24T11:09:26,100.0,15.9,S
2021-06-24T11:09:13,1000.0,15.95,B
2021-06-24T11:09:03,50000.0,15.95,B
2021-06-24T11:08:57,50000.0,15.95,B
2021-06-24T11:08:55,4200.0,15.95,B
2021-06-24T11:08:55,6000.0,15.95,B
2021-06-24T11:08:54,4800.0,15.95,B
2021-06-24T11:08:35,1000.0,15.95,B
2021-06-24T11:08:28,1000.0,15.95,B
2021-06-24T11:08:24,2000.0,15.95,B
2021-06-24T11:08:23,12300.0,15.95,B
2021-06-24T11:08:23,2900.0,15.95,B
2021-06-24T11:08:22,39800.0,15.95,B
2021-06-24T11:08:16,2000.0,15.9,S
2021-06-24T11:08:09,3000.0,15.9,S
2021-06-24T11:08:03,1000.0,15.95,B
2021-06-24T11:07:56,1000.0,15.9,S
2021-06-24T11:07:54,12400.0,15.95,B
2021-06-24T11:07:54,1000.0,15.95,B
2021-06-24T11:07:54,100.0,15.95,B
2021-06-24T11:07:54,26500.0,15.95,B
2021-06-24T11:07:46,31500.0,15.95,B
2021-06-24T11:07:43,2500.0,15.9,S
2021-06-24T11:07:38,200.0,15.9,S
2021-06-24T11:07:34,3000.0,15.95,B
2021-06-24T11:07:31,20000.0,15.95,B
2021-06-24T11:07:21,5000.0,15.9,S
2021-06-24T11:07:21,50000.0,15.95,B
2021-06-24T11:07:11,9100.0,15.95,B
2021-06-24T11:07:11,9400.0,15.95,B
2021-06-24T11:07:11,600.0,15.95,B
2021-06-24T11:07:11,6000.0,15.95,B
2021-06-24T11:07:11,4900.0,15.95,B
2021-06-24T11:07:07,3300.0,15.95,B
2021-06-24T11:07:06,300.0,15.95,B
2021-06-24T11:07:06,48800.0,15.95,B
2021-06-24T11:06:56,500.0,15.9,S
2021-06-24T11:06:53,3300.0,15.95,B
2021-06-24T11:06:44,50000.0,15.9,S
2021-06-24T11:05:54,1900.0,15.95,B
2021-06-24T11:05:54,3100.0,15.95,B
2021-06-24T11:05:40,800.0,15.95,B
2021-06-24T11:05:24,2000.0,15.95,B
2021-06-24T11:05:16,15000.0,15.9,S
2021-06-24T11:04:53,3000.0,15.95,B
2021-06-24T11:04:39,10000.0,15.95,B
2021-06-24T11:04:36,1000.0,15.95,B
2021-06-24T11:04:29,3500.0,15.95,B
2021-06-24T11:04:29,4500.0,15.95,B
2021-06-24T11:04:26,6900.0,15.95,B
2021-06-24T11:04:26,3100.0,15.95,B
2021-06-24T11:04:11,100.0,15.95,B
2021-06-24T11:04:09,2000.0,15.95,B
2021-06-24T11:03:34,3000.0,15.95,B
2021-06-24T11:03:21,5000.0,15.9,B
2021-06-24T11:03:21,900.0,15.9,B
2021-06-24T11:03:20,123100.0,15.9,B
2021-06-24T11:03:09,10000.0,15.9,B
2021-06-24T11:02:56,5000.0,15.9,B
2021-06-24T11:02:56,6000.0,15.85,S
2021-06-24T11:02:46,1400.0,15.9,B
2021-06-24T11:02:46,2000.0,15.9,B
2021-06-24T11:02:38,10000.0,15.85,S
2021-06-24T11:02:20,9800.0,15.9,S
2021-06-24T11:02:12,10000.0,15.9,S
2021-06-24T11:02:07,100.0,15.95,B
2021-06-24T11:01:56,20000.0,15.9,S
2021-06-24T11:01:50,43700.0,15.9,B
2021-06-24T11:01:45,2500.0,15.9,B
2021-06-24T11:01:36,300.0,15.9,B
2021-06-24T11:01:27,6200.0,15.9,B
2021-06-24T11:01:18,55600.0,15.9,S
2021-06-24T11:01:00,100.0,15.9,S
2021-06-24T11:00:59,2500.0,15.9,S
2021-06-24T11:00:51,1000.0,15.9,S
2021-06-24T11:00:48,2000.0,15.9,S
2021-06-24T11:00:45,200.0,15.9,S
2021-06-24T11:00:41,200.0,15.95,B
2021-06-24T11:00:38,2900.0,15.9,B
2021-06-24T11:00:38,20400.0,15.9,B
2021-06-24T11:00:38,5300.0,15.9,B
2021-06-24T11:00:38,7100.0,15.9,B
2021-06-24T11:00:38,400.0,15.9,B
2021-06-24T11:00:38,25000.0,15.9,B
2021-06-24T11:00:38,10500.0,15.9,B
2021-06-24T11:00:28,1800.0,15.9,B
2021-06-24T11:00:23,100.0,15.85,S
2021-06-24T11:00:09,1000.0,15.9,B
2021-06-24T11:00:08,5000.0,15.85,S
2021-06-24T10:59:51,1000.0,15.9,B
2021-06-24T10:59:31,500.0,15.85,S
2021-06-24T10:59:26,5000.0,15.9,B
2021-06-24T10:59:26,500.0,15.9,B
2021-06-24T10:59:26,1000.0,15.9,B
2021-06-24T10:59:23,600.0,15.9,B
2021-06-24T10:59:17,30000.0,15.9,B
2021-06-24T10:59:16,3000.0,15.9,B
2021-06-24T10:59:05,600.0,15.9,B
2021-06-24T10:59:04,200.0,15.9,B
2021-06-24T10:59:03,39800.0,15.9,B
2021-06-24T10:58:52,30000.0,15.9,B
2021-06-24T10:58:47,500.0,15.9,B
2021-06-24T10:58:36,6500.0,15.9,B
2021-06-24T10:58:33,86400.0,15.9,B
2021-06-24T10:58:33,4400.0,15.9,B
2021-06-24T10:58:33,5000.0,15.9,B
2021-06-24T10:58:33,4200.0,15.9,B
2021-06-24T10:58:20,100.0,15.9,B
2021-06-24T10:58:18,60000.0,15.9,B
2021-06-24T10:58:04,1000.0,15.85,S
2021-06-24T10:58:03,1000.0,15.85,S
2021-06-24T10:57:58,10000.0,15.9,B
2021-06-24T10:57:49,900.0,15.9,B
2021-06-24T10:57:41,10000.0,15.9,B
2021-06-24T10:57:33,5000.0,15.9,B
2021-06-24T10:57:31,5000.0,15.9,B
2021-06-24T10:57:30,20000.0,15.9,B
2021-06-24T10:57:08,100.0,15.85,S
2021-06-24T10:56:50,500.0,15.85,B
2021-06-24T10:56:49,1000.0,15.85,B
2021-06-24T10:56:47,100.0,15.85,B
2021-06-24T10:56:47,5700.0,15.85,B
2021-06-24T10:56:47,27400.0,15.85,B
2021-06-24T10:56:42,600.0,15.85,B
2021-06-24T10:56:37,800.0,15.8,S
2021-06-24T10:56:33,10000.0,15.8,S
2021-06-24T10:56:33,10000.0,15.85,B
2021-06-24T10:56:31,3000.0,15.8,S
2021-06-24T10:56:29,2000.0,15.8,S
2021-06-24T10:56:28,200.0,15.85,B
2021-06-24T10:56:25,100.0,15.8,S
2021-06-24T10:56:24,5000.0,15.8,S
2021-06-24T10:56:16,5000.0,15.8,S
2021-06-24T10:56:08,1000.0,15.8,S
2021-06-24T10:56:02,100.0,15.8,S
2021-06-24T10:55:47,2000.0,15.8,S
2021-06-24T10:55:34,500.0,15.8,S
2021-06-24T10:55:29,200.0,15.85,B
2021-06-24T10:55:28,3000.0,15.8,S
2021-06-24T10:55:19,10000.0,15.8,S
2021-06-24T10:55:18,5000.0,15.8,S
2021-06-24T10:55:12,10000.0,15.8,S
2021-06-24T10:55:09,500.0,15.8,S
2021-06-24T10:55:05,400.0,15.8,S
2021-06-24T10:55:03,10000.0,15.8,S
2021-06-24T10:54:58,200.0,15.8,S
2021-06-24T10:54:55,10000.0,15.8,S
2021-06-24T10:54:42,3000.0,15.8,S
2021-06-24T10:54:35,100.0,15.8,S
2021-06-24T10:54:35,500.0,15.8,S
2021-06-24T10:54:30,5000.0,15.8,S
2021-06-24T10:54:24,500.0,15.8,S
2021-06-24T10:54:23,5000.0,15.8,S
2021-06-24T10:54:18,10000.0,15.8,S
2021-06-24T10:54:12,1000.0,15.8,S
2021-06-24T10:54:12,4000.0,15.8,S
2021-06-24T10:54:10,200.0,15.8,S
2021-06-24T10:54:07,1000.0,15.8,S
2021-06-24T10:54:04,12000.0,15.85,B
2021-06-24T10:53:57,1000.0,15.8,S
2021-06-24T10:53:25,100.0,15.8,S
2021-06-24T10:53:16,10000.0,15.8,S
2021-06-24T10:53:08,1000.0,15.8,S
2021-06-24T10:53:05,200.0,15.8,S
2021-06-24T10:53:05,5000.0,15.8,S
2021-06-24T10:52:57,1000.0,15.85,B
2021-06-24T10:52:32,400.0,15.85,B
2021-06-24T10:52:32,500.0,15.85,B
2021-06-24T10:52:18,2000.0,15.9,B
2021-06-24T10:52:18,200.0,15.85,B
2021-06-24T10:52:15,5000.0,15.8,S
2021-06-24T10:52:12,2400.0,15.85,S
2021-06-24T10:52:11,200.0,15.85,S
2021-06-24T10:52:00,10000.0,15.85,S
2021-06-24T10:51:36,1500.0,15.85,S
2021-06-24T10:51:20,5000.0,15.9,B
2021-06-24T10:51:20,300.0,15.9,B
2021-06-24T10:51:03,30000.0,15.9,S
2021-06-24T10:50:58,300.0,15.9,S
2021-06-24T10:50:58,600.0,15.9,S
2021-06-24T10:50:58,5800.0,15.9,S
2021-06-24T10:50:58,500.0,15.9,S
2021-06-24T10:50:58,1100.0,15.9,S
2021-06-24T10:50:57,3900.0,15.9,S
2021-06-24T10:50:56,1100.0,15.9,S
2021-06-24T10:50:54,5000.0,15.9,S
2021-06-24T10:50:53,7000.0,15.9,S
2021-06-24T10:50:43,200.0,15.9,S
2021-06-24T10:50:42,500.0,15.9,S
2021-06-24T10:50:42,8500.0,15.9,S
2021-06-24T10:50:36,4100.0,15.95,B
2021-06-24T10:50:32,50000.0,15.9,S
2021-06-24T10:50:21,7000.0,15.9,S
2021-06-24T10:50:20,15000.0,15.9,S
2021-06-24T10:50:18,2000.0,15.9,S
2021-06-24T10:50:16,14000.0,15.9,S
2021-06-24T10:50:14,20000.0,15.9,S
2021-06-24T10:50:13,100.0,15.9,S
2021-06-24T10:50:12,15000.0,15.95,B
2021-06-24T10:50:08,10000.0,15.9,S
2021-06-24T10:50:07,2500.0,15.9,S
2021-06-24T10:50:03,900.0,15.95,B
2021-06-24T10:50:03,1000.0,15.95,B
2021-06-24T10:50:01,15000.0,15.9,S
2021-06-24T10:49:59,5000.0,15.9,S
2021-06-24T10:49:59,5000.0,15.9,S
2021-06-24T10:49:58,600.0,15.9,S
2021-06-24T10:49:53,10000.0,15.95,B
2021-06-24T10:49:47,5000.0,15.9,S
2021-06-24T10:49:42,20000.0,15.95,B
2021-06-24T10:49:42,5000.0,15.9,S
2021-06-24T10:49:40,900.0,15.9,S
2021-06-24T10:49:40,10000.0,15.95,B
2021-06-24T10:49:35,20000.0,15.9,S
2021-06-24T10:49:30,5000.0,15.9,S
2021-06-24T10:49:27,10000.0,15.95,B
2021-06-24T10:49:23,200.0,15.95,B
2021-06-24T10:49:23,300.0,15.95,B
2021-06-24T10:49:21,3000.0,15.95,B
2021-06-24T10:49:06,10000.0,15.95,B
2021-06-24T10:48:53,5600.0,15.9,S
2021-06-24T10:48:53,500.0,15.9,S
2021-06-24T10:48:53,3900.0,15.9,S
2021-06-24T10:48:50,100.0,15.95,B
2021-06-24T10:48:50,3000.0,15.95,B
2021-06-24T10:48:46,10000.0,15.95,B
2021-06-24T10:48:45,2000.0,15.9,S
2021-06-24T10:48:36,800.0,15.95,B
2021-06-24T10:48:33,10000.0,15.95,B
2021-06-24T10:48:28,1000.0,15.95,B
2021-06-24T10:48:24,1000.0,15.9,S
2021-06-24T10:48:18,10000.0,15.95,B
2021-06-24T10:48:08,200.0,15.9,S
2021-06-24T10:48:07,3000.0,15.9,S
2021-06-24T10:48:05,2000.0,15.9,S
2021-06-24T10:48:03,1000.0,15.9,S
2021-06-24T10:48:02,29000.0,15.9,S
2021-06-24T10:48:00,10000.0,15.95,B
2021-06-24T10:47:58,2000.0,15.9,S
2021-06-24T10:47:57,1000.0,15.9,S
2021-06-24T10:47:51,200.0,15.9,S
2021-06-24T10:47:45,100.0,15.9,S
2021-06-24T10:47:45,500.0,15.9,S
2021-06-24T10:47:44,500.0,15.9,S
2021-06-24T10:47:44,100.0,15.9,S
2021-06-24T10:47:41,100.0,15.9,S
2021-06-24T10:47:38,2000.0,15.9,S
2021-06-24T10:47:34,8000.0,15.9,S
2021-06-24T10:47:33,3000.0,15.9,S
2021-06-24T10:47:28,3000.0,15.9,S
2021-06-24T10:47:23,200.0,15.9,S
2021-06-24T10:47:22,100.0,15.95,B
2021-06-24T10:47:19,200.0,15.9,S
2021-06-24T10:47:13,6000.0,15.95,B
2021-06-24T10:47:05,3600.0,15.95,B
2021-06-24T10:46:59,1000.0,15.9,S
2021-06-24T10:46:53,500.0,15.95,B
2021-06-24T10:46:53,200.0,15.9,S
2021-06-24T10:46:45,1900.0,15.95,B
2021-06-24T10:46:45,100.0,15.9,S
2021-06-24T10:46:38,1000.0,15.9,S
2021-06-24T10:46:37,7100.0,15.9,S
2021-06-24T10:46:24,500.0,15.9,S
2021-06-24T10:46:10,10000.0,15.9,S
2021-06-24T10:46:05,1000.0,15.95,B
2021-06-24T10:45:56,300.0,15.95,B
2021-06-24T10:45:53,1500.0,15.95,B
2021-06-24T10:45:53,100.0,15.95,B
2021-06-24T10:45:53,1500.0,15.9,S
2021-06-24T10:45:53,3500.0,15.95,B
2021-06-24T10:45:51,1000.0,15.9,S
2021-06-24T10:45:44,4300.0,15.95,B
2021-06-24T10:45:38,300.0,15.9,S
2021-06-24T10:45:23,1000.0,15.95,B
2021-06-24T10:45:07,9000.0,15.95,B
2021-06-24T10:45:04,700.0,15.95,B
2021-06-24T10:45:01,10000.0,15.95,B
2021-06-24T10:44:54,2000.0,15.95,B
2021-06-24T10:44:52,16100.0,15.9,S
2021-06-24T10:44:52,28700.0,15.9,S
2021-06-24T10:44:52,1000.0,15.9,S
2021-06-24T10:44:52,4200.0,15.9,S
2021-06-24T10:44:51,5000.0,15.95,S
2021-06-24T10:44:50,100.0,15.95,S
2021-06-24T10:44:50,8300.0,15.95,S
2021-06-24T10:44:46,3000.0,15.95,S
2021-06-24T10:44:45,1300.0,15.95,S
2021-06-24T10:44:44,100.0,15.95,S
2021-06-24T10:44:44,5900.0,15.95,S
2021-06-24T10:44:42,5000.0,15.95,S
2021-06-24T10:44:41,200.0,15.95,S
2021-06-24T10:44:37,100.0,15.95,S
2021-06-24T10:44:34,100.0,15.95,S
2021-06-24T10:44:33,18900.0,15.95,S
2021-06-24T10:44:33,1200.0,15.95,S
2021-06-24T10:44:33,200.0,15.95,S
2021-06-24T10:44:32,49700.0,15.95,S
2021-06-24T10:44:32,3300.0,15.95,S
2021-06-24T10:44:29,10000.0,15.95,S
2021-06-24T10:44:28,1400.0,15.95,S
2021-06-24T10:44:27,500.0,15.95,S
2021-06-24T10:44:23,10000.0,15.95,S
2021-06-24T10:44:23,1500.0,15.95,S
2021-06-24T10:44:22,1000.0,15.95,S
2021-06-24T10:44:22,100.0,15.95,S
2021-06-24T10:44:19,3000.0,15.95,S
2021-06-24T10:44:18,100000.0,15.95,S
2021-06-24T10:44:17,500.0,15.95,S
2021-06-24T10:44:16,1000.0,15.95,S
2021-06-24T10:44:14,1000.0,15.95,S
2021-06-24T10:44:12,6000.0,15.95,S
2021-06-24T10:44:10,200.0,15.95,S
2021-06-24T10:44:10,10100.0,15.95,S
2021-06-24T10:44:07,100.0,15.95,S
2021-06-24T10:44:06,1000.0,15.95,S
2021-06-24T10:44:06,500.0,15.95,S
2021-06-24T10:44:05,10100.0,15.95,S
2021-06-24T10:44:02,3000.0,15.95,S
2021-06-24T10:44:00,5000.0,15.95,S
2021-06-24T10:44:00,400.0,15.95,S
2021-06-24T10:43:59,1500.0,15.95,S
2021-06-24T10:43:53,100.0,15.95,B
2021-06-24T10:43:53,1000.0,15.95,B
2021-06-24T10:43:52,24400.0,15.95,B
2021-06-24T10:43:52,68800.0,15.95,B
2021-06-24T10:43:52,10300.0,15.95,B
2021-06-24T10:43:52,20500.0,15.95,B
2021-06-24T10:43:52,2900.0,15.95,B
2021-06-24T10:43:52,13900.0,15.95,B
2021-06-24T10:43:52,10000.0,15.95,B
2021-06-24T10:43:52,43000.0,15.95,B
2021-06-24T10:43:52,2900.0,15.95,B
2021-06-24T10:43:52,15100.0,15.95,B
2021-06-24T10:43:52,77700.0,15.95,B
2021-06-24T10:43:48,100.0,15.95,B
2021-06-24T10:43:46,1000.0,15.95,B
2021-06-24T10:43:44,5600.0,15.9,S
2021-06-24T10:43:44,200.0,15.95,B
2021-06-24T10:43:42,300.0,15.9,S
2021-06-24T10:43:39,1300.0,15.95,B
2021-06-24T10:43:35,2000.0,15.95,B
2021-06-24T10:43:32,1000.0,15.95,B
2021-06-24T10:43:31,5000.0,15.95,B
2021-06-24T10:43:30,79400.0,15.95,B
2021-06-24T10:43:29,50000.0,15.95,B
2021-06-24T10:43:28,200.0,15.95,B
2021-06-24T10:43:26,200.0,15.95,B
2021-06-24T10:43:23,1000.0,15.95,B
2021-06-24T10:43:20,200.0,15.9,S
2021-06-24T10:43:18,19000.0,15.95,B
2021-06-24T10:43:15,1000.0,15.95,B
2021-06-24T10:43:14,3200.0,15.95,B
2021-06-24T10:43:13,2500.0,15.95,B
2021-06-24T10:43:12,2000.0,15.95,B
2021-06-24T10:43:10,100000.0,15.95,B
2021-06-24T10:43:10,2500.0,15.95,B
2021-06-24T10:43:03,200.0,15.95,B
2021-06-24T10:43:02,44900.0,15.95,B
2021-06-24T10:43:02,1300.0,15.95,B
2021-06-24T10:43:02,23800.0,15.95,B
2021-06-24T10:42:59,2100.0,15.95,B
2021-06-24T10:42:57,1500.0,15.95,B
2021-06-24T10:42:56,200.0,15.9,S
2021-06-24T10:42:54,1000.0,15.95,B
2021-06-24T10:42:53,10000.0,15.95,B
2021-06-24T10:42:53,2000.0,15.95,B
2021-06-24T10:42:42,3300.0,15.95,B
2021-06-24T10:42:42,35800.0,15.95,B
2021-06-24T10:42:42,1300.0,15.95,B
2021-06-24T10:42:42,19600.0,15.95,B
2021-06-24T10:42:35,600.0,15.95,B
2021-06-24T10:42:35,500.0,15.95,B
2021-06-24T10:42:32,4400.0,15.95,B
2021-06-24T10:42:32,95600.0,15.95,B
2021-06-24T10:42:30,30000.0,15.95,B
2021-06-24T10:42:29,4900.0,15.95,B
2021-06-24T10:42:25,200.0,15.95,B
2021-06-24T10:42:23,2000.0,15.95,B
2021-06-24T10:42:20,3000.0,15.95,B
2021-06-24T10:42:20,10000.0,15.95,B
2021-06-24T10:42:19,2500.0,15.9,S
2021-06-24T10:42:17,1800.0,15.95,B
2021-06-24T10:42:15,3000.0,15.9,S
2021-06-24T10:42:15,100.0,15.95,B
2021-06-24T10:42:15,25400.0,15.95,B
2021-06-24T10:42:15,5800.0,15.95,B
2021-06-24T10:42:15,300.0,15.95,B
2021-06-24T10:42:15,7400.0,15.95,B
2021-06-24T10:42:15,1500.0,15.95,B
2021-06-24T10:42:15,9600.0,15.95,B
2021-06-24T10:42:13,100.0,15.95,B
2021-06-24T10:42:12,300.0,15.95,B
2021-06-24T10:42:10,400.0,15.95,B
2021-06-24T10:42:06,1000.0,15.95,B
2021-06-24T10:42:04,500.0,15.95,B
2021-06-24T10:42:03,20000.0,15.95,B
2021-06-24T10:42:02,300.0,15.9,S
2021-06-24T10:41:58,3000.0,15.95,B
2021-06-24T10:41:58,500.0,15.95,B
2021-06-24T10:41:48,50000.0,15.95,B
2021-06-24T10:41:45,2000.0,15.9,S
2021-06-24T10:41:44,5600.0,15.95,B
2021-06-24T10:41:44,13400.0,15.95,B
2021-06-24T10:41:43,2200.0,15.95,B
2021-06-24T10:41:43,4200.0,15.95,B
2021-06-24T10:41:43,13700.0,15.95,B
2021-06-24T10:41:43,900.0,15.95,B
2021-06-24T10:41:38,200.0,15.95,B
2021-06-24T10:41:37,500.0,15.95,B
2021-06-24T10:41:37,500.0,15.95,B
2021-06-24T10:41:35,8000.0,15.95,B
2021-06-24T10:41:35,32000.0,15.95,B
2021-06-24T10:41:35,1000.0,15.95,B
2021-06-24T10:41:35,1000.0,15.95,B
2021-06-24T10:41:33,1000.0,15.95,B
2021-06-24T10:41:32,200.0,15.95,B
2021-06-24T10:41:31,200.0,15.95,B
2021-06-24T10:41:28,1000.0,15.95,B
2021-06-24T10:41:28,4000.0,15.95,B
2021-06-24T10:41:27,1000.0,15.95,B
2021-06-24T10:41:26,6000.0,15.95,B
2021-06-24T10:41:24,2000.0,15.95,B
2021-06-24T10:41:24,24300.0,15.95,B
2021-06-24T10:41:24,3000.0,15.95,B
2021-06-24T10:41:24,2300.0,15.95,B
2021-06-24T10:41:24,5200.0,15.95,B
2021-06-24T10:41:24,10400.0,15.95,B
2021-06-24T10:41:24,26000.0,15.95,B
2021-06-24T10:41:24,1200.0,15.95,B
2021-06-24T10:41:24,200.0,15.95,B
2021-06-24T10:41:24,6200.0,15.95,B
2021-06-24T10:41:24,10000.0,15.95,B
2021-06-24T10:41:24,6600.0,15.95,B
2021-06-24T10:41:24,1000.0,15.95,B
2021-06-24T10:41:24,4300.0,15.95,B
2021-06-24T10:41:24,1100.0,15.95,B
2021-06-24T10:41:24,16500.0,15.95,B
2021-06-24T10:41:24,25500.0,15.95,B
2021-06-24T10:41:24,1000.0,15.95,B
2021-06-24T10:41:24,2000.0,15.95,B
2021-06-24T10:41:24,10000.0,15.95,B
2021-06-24T10:41:24,19400.0,15.95,B
2021-06-24T10:41:24,1400.0,15.95,B
2021-06-24T10:41:24,9000.0,15.95,B
2021-06-24T10:41:24,1600.0,15.95,B
2021-06-24T10:41:24,2200.0,15.95,B
2021-06-24T10:41:24,17500.0,15.95,B
2021-06-24T10:41:24,2000.0,15.95,B
2021-06-24T10:41:24,13400.0,15.95,B
2021-06-24T10:41:24,10000.0,15.95,B
2021-06-24T10:41:24,8500.0,15.95,B
2021-06-24T10:41:24,35000.0,15.95,B
2021-06-24T10:41:24,5200.0,15.95,B
2021-06-24T10:41:24,16000.0,15.95,B
2021-06-24T10:41:23,3900.0,15.95,B
2021-06-24T10:41:21,100.0,15.95,B
2021-06-24T10:41:21,5100.0,15.95,B
2021-06-24T10:41:21,14900.0,15.95,B
2021-06-24T10:41:17,30000.0,15.95,B
2021-06-24T10:41:12,28400.0,15.95,B
2021-06-24T10:41:12,600.0,15.9,S
2021-06-24T10:41:12,2000.0,15.95,B
2021-06-24T10:41:10,2000.0,15.95,B
2021-06-24T10:41:10,4000.0,15.95,B
2021-06-24T10:41:10,2100.0,15.95,B
2021-06-24T10:41:10,4500.0,15.95,B
2021-06-24T10:41:10,3000.0,15.95,B
2021-06-24T10:41:10,21000.0,15.95,B
2021-06-24T10:41:10,16400.0,15.95,B
2021-06-24T10:41:10,4600.0,15.95,B
2021-06-24T10:41:10,14400.0,15.95,B
2021-06-24T10:41:10,9000.0,15.95,B
2021-06-24T10:41:10,1000.0,15.95,B
2021-06-24T10:41:07,20000.0,15.95,B
2021-06-24T10:41:07,1800.0,15.95,B
2021-06-24T10:41:05,100300.0,15.95,B
2021-06-24T10:41:04,1000.0,15.9,S
2021-06-24T10:41:03,1000.0,15.95,B
2021-06-24T10:41:03,10000.0,15.95,B
2021-06-24T10:40:55,5000.0,15.9,S
2021-06-24T10:40:52,20000.0,15.95,B
2021-06-24T10:40:44,1000.0,15.9,S
2021-06-24T10:40:43,600.0,15.95,B
2021-06-24T10:40:40,60000.0,15.95,B
2021-06-24T10:40:37,100.0,15.9,S
2021-06-24T10:40:35,500.0,15.95,B
2021-06-24T10:40:35,1000.0,15.95,B
2021-06-24T10:40:35,1000.0,15.9,S
2021-06-24T10:40:29,1500.0,15.95,B
2021-06-24T10:40:27,2000.0,15.95,B
2021-06-24T10:40:24,7800.0,15.95,B
2021-06-24T10:40:24,100.0,15.95,B
2021-06-24T10:40:24,4900.0,15.95,B
2021-06-24T10:40:24,6700.0,15.95,B
2021-06-24T10:40:24,200.0,15.95,B
2021-06-24T10:40:24,700.0,15.95,B
2021-06-24T10:40:24,2700.0,15.95,B
2021-06-24T10:40:24,1300.0,15.95,B
2021-06-24T10:40:24,1000.0,15.95,B
2021-06-24T10:40:24,16100.0,15.95,B
2021-06-24T10:40:24,6100.0,15.95,B
2021-06-24T10:40:24,4000.0,15.95,B
2021-06-24T10:40:24,4700.0,15.95,B
2021-06-24T10:40:24,1300.0,15.95,B
2021-06-24T10:40:24,1000.0,15.95,B
2021-06-24T10:40:24,3200.0,15.95,B
2021-06-24T10:40:24,2000.0,15.95,B
2021-06-24T10:40:24,36200.0,15.95,B
2021-06-24T10:40:23,30000.0,15.95,B
2021-06-24T10:40:20,2000.0,15.95,B
2021-06-24T10:40:17,24900.0,15.95,B
2021-06-24T10:40:17,2400.0,15.95,B
2021-06-24T10:40:17,5000.0,15.95,B
2021-06-24T10:40:16,17700.0,15.95,B
2021-06-24T10:40:15,300.0,15.95,B
2021-06-24T10:40:13,100000.0,15.95,B
2021-06-24T10:40:10,2100.0,15.95,B
2021-06-24T10:40:09,10000.0,15.95,B
2021-06-24T10:40:07,300.0,15.9,S
2021-06-24T10:39:59,9100.0,15.95,B
2021-06-24T10:39:59,100.0,15.95,B
2021-06-24T10:39:59,3700.0,15.95,B
2021-06-24T10:39:59,6400.0,15.95,B
2021-06-24T10:39:59,1500.0,15.95,B
2021-06-24T10:39:59,2000.0,15.95,B
2021-06-24T10:39:59,1200.0,15.95,B
2021-06-24T10:39:59,2000.0,15.95,B
2021-06-24T10:39:59,3100.0,15.95,B
2021-06-24T10:39:59,300.0,15.95,B
2021-06-24T10:39:59,1000.0,15.95,B
2021-06-24T10:39:59,7500.0,15.95,B
2021-06-24T10:39:59,21100.0,15.95,B
2021-06-24T10:39:59,3000.0,15.95,B
2021-06-24T10:39:59,2300.0,15.95,B
2021-06-24T10:39:59,1100.0,15.95,B
2021-06-24T10:39:59,800.0,15.95,B
2021-06-24T10:39:59,33800.0,15.95,B
2021-06-24T10:39:55,800.0,15.95,B
2021-06-24T10:39:52,23100.0,15.95,B
2021-06-24T10:39:52,9100.0,15.95,B
2021-06-24T10:39:52,400.0,15.95,B
2021-06-24T10:39:52,6700.0,15.95,B
2021-06-24T10:39:52,16200.0,15.95,B
2021-06-24T10:39:52,600.0,15.95,B
2021-06-24T10:39:51,6500.0,15.95,B
2021-06-24T10:39:51,3500.0,15.95,B
2021-06-24T10:39:51,4000.0,15.95,B
2021-06-24T10:39:51,29900.0,15.95,B
2021-06-24T10:39:50,5000.0,15.9,S
2021-06-24T10:39:48,1000.0,15.9,S
2021-06-24T10:39:47,5500.0,15.9,S
2021-06-24T10:39:43,22000.0,15.95,B
2021-06-24T10:39:42,100.0,15.9,S
2021-06-24T10:39:41,200.0,15.9,S
2021-06-24T10:39:40,100.0,15.95,B
2021-06-24T10:39:34,200.0,15.9,S
2021-06-24T10:39:28,50000.0,15.95,B
2021-06-24T10:39:26,2000.0,15.95,B
2021-06-24T10:39:22,500.0,15.9,S
2021-06-24T10:39:20,300.0,15.95,B
2021-06-24T10:39:18,100.0,15.9,S
2021-06-24T10:39:15,500.0,15.9,S
2021-06-24T10:39:14,21800.0,15.9,S
2021-06-24T10:39:14,200.0,15.9,S
2021-06-24T10:39:14,2200.0,15.9,S
2021-06-24T10:39:14,800.0,15.9,S
2021-06-24T10:39:09,7100.0,15.95,B
2021-06-24T10:39:09,2900.0,15.95,B
2021-06-24T10:39:08,300.0,15.95,B
2021-06-24T10:39:08,2300.0,15.95,B
2021-06-24T10:39:06,500.0,15.9,S
2021-06-24T10:39:06,3800.0,15.95,B
2021-06-24T10:39:00,100.0,15.9,S
2021-06-24T10:38:54,1500.0,15.9,S
2021-06-24T10:38:54,1000.0,15.9,S
2021-06-24T10:38:52,28600.0,15.95,B
2021-06-24T10:38:52,4000.0,15.95,B
2021-06-24T10:38:52,400.0,15.95,B
2021-06-24T10:38:52,90000.0,15.95,B
2021-06-24T10:38:52,500.0,15.95,B
2021-06-24T10:38:52,2000.0,15.95,B
2021-06-24T10:38:52,4000.0,15.95,B
2021-06-24T10:38:52,105300.0,15.95,B
2021-06-24T10:38:52,3700.0,15.95,B
2021-06-24T10:38:52,101400.0,15.95,B
2021-06-24T10:38:52,3200.0,15.95,B
2021-06-24T10:38:52,9500.0,15.95,B
2021-06-24T10:38:52,12100.0,15.95,B
2021-06-24T10:38:52,7200.0,15.95,B
2021-06-24T10:38:52,17600.0,15.95,B
2021-06-24T10:38:52,18400.0,15.95,B
2021-06-24T10:38:52,7300.0,15.95,B
2021-06-24T10:38:52,20000.0,15.95,B
2021-06-24T10:38:52,9700.0,15.95,B
2021-06-24T10:38:52,40200.0,15.95,B
2021-06-24T10:38:52,1000.0,15.95,B
2021-06-24T10:38:52,5000.0,15.95,B
2021-06-24T10:38:52,12100.0,15.95,B
2021-06-24T10:38:52,42800.0,15.95,B
2021-06-24T10:38:52,4500.0,15.95,B
2021-06-24T10:38:52,1100.0,15.95,B
2021-06-24T10:38:52,48400.0,15.95,B
2021-06-24T10:38:51,10000.0,15.95,B
2021-06-24T10:38:51,2000.0,15.9,S
2021-06-24T10:38:44,5000.0,15.9,S
2021-06-24T10:38:39,3000.0,15.9,S
2021-06-24T10:38:39,100.0,15.9,S
2021-06-24T10:38:31,300.0,15.9,S
2021-06-24T10:38:31,1000.0,15.9,S
2021-06-24T10:38:30,8700.0,15.9,S
2021-06-24T10:38:18,100.0,15.9,S
2021-06-24T10:38:18,200.0,15.95,B
2021-06-24T10:38:09,200.0,15.95,B
2021-06-24T10:38:07,100.0,15.9,S
2021-06-24T10:38:05,80000.0,15.95,B
2021-06-24T10:38:02,1000.0,15.95,B
2021-06-24T10:38:00,100.0,15.9,S
2021-06-24T10:37:54,30000.0,15.95,B
2021-06-24T10:37:51,3100.0,15.9,S
2021-06-24T10:37:49,4000.0,15.9,S
2021-06-24T10:37:43,1000.0,15.9,S
2021-06-24T10:37:42,2000.0,15.9,S
2021-06-24T10:37:42,31400.0,15.95,B
2021-06-24T10:37:42,18600.0,15.95,B
2021-06-24T10:37:39,100.0,15.9,S
2021-06-24T10:37:38,3000.0,15.9,B
2021-06-24T10:37:38,24700.0,15.9,B
2021-06-24T10:37:38,2400.0,15.9,B
2021-06-24T10:37:38,200.0,15.9,B
2021-06-24T10:37:38,2000.0,15.9,B
2021-06-24T10:37:38,1400.0,15.9,B
2021-06-24T10:37:38,5000.0,15.9,B
2021-06-24T10:37:38,8000.0,15.9,B
2021-06-24T10:37:38,7000.0,15.9,B
2021-06-24T10:37:38,800.0,15.9,B
2021-06-24T10:37:38,12200.0,15.9,B
2021-06-24T10:37:38,500.0,15.9,B
2021-06-24T10:37:38,1500.0,15.9,B
2021-06-24T10:37:38,2000.0,15.9,B
2021-06-24T10:37:38,116700.0,15.9,B
2021-06-24T10:37:36,4000.0,15.9,B
2021-06-24T10:37:31,200.0,15.9,B
2021-06-24T10:37:31,13700.0,15.9,B
2021-06-24T10:37:31,15800.0,15.9,B
2021-06-24T10:37:31,10500.0,15.9,B
2021-06-24T10:37:31,10000.0,15.9,B
2021-06-24T10:37:29,200.0,15.9,B
2021-06-24T10:37:29,2300.0,15.9,B
2021-06-24T10:37:29,10300.0,15.9,B
2021-06-24T10:37:29,3400.0,15.9,B
2021-06-24T10:37:29,2100.0,15.9,B
2021-06-24T10:37:29,31700.0,15.9,B
2021-06-24T10:37:28,500.0,15.9,B
2021-06-24T10:37:28,17800.0,15.9,B
2021-06-24T10:37:27,2000.0,15.9,B
2021-06-24T10:37:27,200.0,15.9,B
2021-06-24T10:37:20,100.0,15.9,B
2021-06-24T10:37:19,1000.0,15.9,B
2021-06-24T10:37:15,700.0,15.9,B
2021-06-24T10:37:14,400.0,15.9,B
2021-06-24T10:37:14,7600.0,15.9,B
2021-06-24T10:37:14,12400.0,15.9,B
2021-06-24T10:37:12,100.0,15.9,B
2021-06-24T10:37:08,5000.0,15.9,B
2021-06-24T10:37:07,30700.0,15.9,B
2021-06-24T10:37:07,9300.0,15.9,B
2021-06-24T10:37:06,1000.0,15.9,B
2021-06-24T10:37:01,1900.0,15.9,B
2021-06-24T10:37:01,300.0,15.9,B
2021-06-24T10:37:01,20000.0,15.9,B
2021-06-24T10:36:59,200.0,15.9,B
2021-06-24T10:36:52,17700.0,15.9,B
2021-06-24T10:36:52,2500.0,15.9,B
2021-06-24T10:36:52,3400.0,15.9,B
2021-06-24T10:36:52,10100.0,15.9,B
2021-06-24T10:36:52,16300.0,15.9,B
2021-06-24T10:36:52,800.0,15.9,B
2021-06-24T10:36:52,300.0,15.9,B
2021-06-24T10:36:52,100.0,15.9,B
2021-06-24T10:36:48,1000.0,15.9,B
2021-06-24T10:36:45,5000.0,15.9,B
2021-06-24T10:36:45,6000.0,15.9,B
2021-06-24T10:36:45,9000.0,15.9,B
2021-06-24T10:36:45,400.0,15.9,B
2021-06-24T10:36:45,2000.0,15.9,B
2021-06-24T10:36:43,5000.0,15.9,B
2021-06-24T10:36:38,800.0,15.9,B
2021-06-24T10:36:28,10000.0,15.9,B
2021-06-24T10:36:22,300.0,15.9,B
2021-06-24T10:36:21,500.0,15.9,B
2021-06-24T10:36:19,200.0,15.9,B
2021-06-24T10:36:18,300.0,15.9,B
2021-06-24T10:36:16,200.0,15.9,B
2021-06-24T10:36:13,36900.0,15.9,B
2021-06-24T10:36:13,23100.0,15.9,B
2021-06-24T10:36:12,400.0,15.9,B
2021-06-24T10:36:12,1300.0,15.9,B
2021-06-24T10:36:12,78700.0,15.9,B
2021-06-24T10:36:09,100.0,15.9,B
2021-06-24T10:36:05,50000.0,15.9,B
2021-06-24T10:36:01,100.0,15.9,B
2021-06-24T10:36:00,1000.0,15.9,B
2021-06-24T10:35:55,20000.0,15.9,B
2021-06-24T10:35:54,15000.0,15.9,B
2021-06-24T10:35:51,500.0,15.9,B
2021-06-24T10:35:38,13400.0,15.9,B
2021-06-24T10:35:38,6100.0,15.9,B
2021-06-24T10:35:38,10000.0,15.85,B
2021-06-24T10:35:38,5500.0,15.85,B
2021-06-24T10:35:38,3800.0,15.85,B
2021-06-24T10:35:38,40300.0,15.85,B
2021-06-24T10:35:38,4000.0,15.85,B
2021-06-24T10:35:38,16900.0,15.85,B
2021-06-24T10:35:29,33600.0,15.85,B
2021-06-24T10:35:29,8200.0,15.85,B
2021-06-24T10:35:28,6400.0,15.8,B
2021-06-24T10:35:28,5600.0,15.8,B
2021-06-24T10:35:28,2400.0,15.8,B
2021-06-24T10:35:28,3600.0,15.8,B
2021-06-24T10:35:28,6500.0,15.8,B
2021-06-24T10:35:28,200.0,15.8,B
2021-06-24T10:35:28,3800.0,15.8,B
2021-06-24T10:35:28,500.0,15.8,B
2021-06-24T10:35:28,2600.0,15.8,B
2021-06-24T10:35:28,15500.0,15.8,B
2021-06-24T10:35:28,6000.0,15.8,B
2021-06-24T10:35:28,14000.0,15.8,B
2021-06-24T10:35:28,800.0,15.8,B
2021-06-24T10:35:28,3300.0,15.8,B
2021-06-24T10:35:28,3600.0,15.8,B
2021-06-24T10:35:28,3400.0,15.8,B
2021-06-24T10:35:28,20000.0,15.8,B
2021-06-24T10:35:26,100.0,15.8,B
2021-06-24T10:35:24,500.0,15.8,B
2021-06-24T10:35:23,400.0,15.8,B
2021-06-24T10:35:19,1000.0,15.8,B
2021-06-24T10:35:17,500.0,15.8,B
2021-06-24T10:35:16,100000.0,15.8,B
2021-06-24T10:35:15,900.0,15.8,B
2021-06-24T10:35:08,100.0,15.8,B
2021-06-24T10:35:06,100.0,15.8,B
2021-06-24T10:34:57,100000.0,15.8,B
2021-06-24T10:34:49,3000.0,15.8,B
2021-06-24T10:34:40,16800.0,15.8,B
2021-06-24T10:34:31,38400.0,15.8,B
2021-06-24T10:34:31,100.0,15.8,B
2021-06-24T10:34:31,52800.0,15.8,B
2021-06-24T10:34:31,4000.0,15.8,B
2021-06-24T10:34:31,4700.0,15.8,B
2021-06-24T10:34:23,5000.0,15.8,B
2021-06-24T10:34:19,500.0,15.8,B
2021-06-24T10:34:10,4800.0,15.75,S
2021-06-24T10:34:07,300.0,15.8,B
2021-06-24T10:34:03,400.0,15.8,B
2021-06-24T10:34:01,100.0,15.8,B
2021-06-24T10:33:51,120000.0,15.8,B
2021-06-24T10:33:49,800.0,15.8,B
2021-06-24T10:33:41,12100.0,15.8,B
2021-06-24T10:33:41,27900.0,15.8,B
2021-06-24T10:33:39,10000.0,15.75,S
2021-06-24T10:33:39,300.0,15.8,B
2021-06-24T10:33:26,26300.0,15.8,B
2021-06-24T10:33:26,3700.0,15.8,B
2021-06-24T10:33:26,1000.0,15.75,S
2021-06-24T10:33:14,50000.0,15.8,B
2021-06-24T10:32:54,100.0,15.75,S
2021-06-24T10:32:54,1000.0,15.75,S
2021-06-24T10:32:50,12500.0,15.75,S
2021-06-24T10:32:28,100.0,15.75,S
2021-06-24T10:32:22,1000.0,15.75,S
2021-06-24T10:32:14,5000.0,15.75,S
2021-06-24T10:32:08,100.0,15.75,S
2021-06-24T10:31:42,100.0,15.8,B
2021-06-24T10:31:40,1000.0,15.75,S
2021-06-24T10:31:36,5000.0,15.75,S
2021-06-24T10:31:33,2400.0,15.8,B
2021-06-24T10:31:33,200.0,15.8,B
2021-06-24T10:31:22,1200.0,15.8,B
2021-06-24T10:31:20,500.0,15.8,B
2021-06-24T10:31:18,2500.0,15.8,B
2021-06-24T10:30:51,300.0,15.8,B
2021-06-24T10:30:49,100.0,15.75,S
2021-06-24T10:30:45,200.0,15.8,B
2021-06-24T10:30:33,43200.0,15.75,B
2021-06-24T10:30:25,2000.0,15.75,B
2021-06-24T10:30:25,1400.0,15.75,B
2021-06-24T10:30:24,600.0,15.75,B
2021-06-24T10:30:23,300.0,15.75,B
2021-06-24T10:30:20,4800.0,15.75,B
2021-06-24T10:30:19,10000.0,15.75,B
2021-06-24T10:30:17,700.0,15.75,B
2021-06-24T10:30:17,5000.0,15.75,B
2021-06-24T10:30:14,200.0,15.7,S
2021-06-24T10:30:00,500.0,15.75,B
2021-06-24T10:29:55,4500.0,15.75,B
2021-06-24T10:29:52,3000.0,15.75,B
2021-06-24T10:29:23,500.0,15.7,S
2021-06-24T10:29:23,3000.0,15.7,S
2021-06-24T10:29:16,400.0,15.7,B
2021-06-24T10:29:16,13000.0,15.7,B
2021-06-24T10:29:16,3500.0,15.7,B
2021-06-24T10:29:16,3000.0,15.7,B
2021-06-24T10:29:16,200.0,15.7,B
2021-06-24T10:29:16,2200.0,15.7,B
2021-06-24T10:29:16,2600.0,15.7,B
2021-06-24T10:29:16,2100.0,15.7,B
2021-06-24T10:29:16,15500.0,15.7,B
2021-06-24T10:29:16,6000.0,15.7,B
2021-06-24T10:29:16,700.0,15.7,B
2021-06-24T10:29:16,45700.0,15.7,B
2021-06-24T10:29:16,10000.0,15.7,B
2021-06-24T10:29:16,500.0,15.7,B
2021-06-24T10:29:14,800.0,15.7,B
2021-06-24T10:29:14,33200.0,15.7,B
2021-06-24T10:29:14,18000.0,15.7,B
2021-06-24T10:29:14,34600.0,15.7,B
2021-06-24T10:29:14,60000.0,15.7,B
2021-06-24T10:29:14,31000.0,15.7,B
2021-06-24T10:29:14,26000.0,15.7,B
2021-06-24T10:29:14,20500.0,15.7,B
2021-06-24T10:29:08,1000.0,15.7,B
2021-06-24T10:29:02,100.0,15.7,B
2021-06-24T10:28:46,6400.0,15.7,B
2021-06-24T10:28:43,6800.0,15.7,B
2021-06-24T10:28:39,21300.0,15.7,B
2021-06-24T10:28:39,3700.0,15.7,B
2021-06-24T10:28:39,1000.0,15.7,B
2021-06-24T10:28:39,400.0,15.7,B
2021-06-24T10:28:39,1500.0,15.7,B
2021-06-24T10:28:39,1000.0,15.7,B
2021-06-24T10:28:39,16100.0,15.7,B
2021-06-24T10:28:29,6000.0,15.7,B
2021-06-24T10:28:29,1300.0,15.7,B
2021-06-24T10:28:29,9100.0,15.7,B
2021-06-24T10:28:29,2400.0,15.7,B
2021-06-24T10:28:29,27200.0,15.7,B
2021-06-24T10:28:10,10000.0,15.7,B
2021-06-24T10:28:08,500.0,15.65,S
2021-06-24T10:28:05,1000.0,15.65,S
2021-06-24T10:27:56,300.0,15.65,S
2021-06-24T10:27:44,50000.0,15.7,B
2021-06-24T10:27:37,9000.0,15.7,B
2021-06-24T10:27:25,300.0,15.7,B
2021-06-24T10:27:15,500.0,15.7,B
2021-06-24T10:27:11,60000.0,15.7,B
2021-06-24T10:26:59,40000.0,15.7,B
2021-06-24T10:26:56,100000.0,15.7,B
2021-06-24T10:26:54,14400.0,15.7,B
2021-06-24T10:26:45,5000.0,15.65,S
2021-06-24T10:26:22,64500.0,15.7,B
2021-06-24T10:26:22,500.0,15.7,B
2021-06-24T10:26:05,2000.0,15.7,B
2021-06-24T10:25:58,100000.0,15.7,B
2021-06-24T10:25:56,100.0,15.7,B
2021-06-24T10:25:47,1600.0,15.7,B
2021-06-24T10:25:43,50000.0,15.7,B
2021-06-24T10:25:23,100000.0,15.7,B
2021-06-24T10:25:18,1000.0,15.65,B
2021-06-24T10:25:04,3500.0,15.65,B
2021-06-24T10:25:04,5000.0,15.65,B
2021-06-24T10:25:04,14000.0,15.65,B
2021-06-24T10:25:04,14500.0,15.65,B
2021-06-24T10:25:04,100.0,15.65,B
2021-06-24T10:25:04,12900.0,15.65,B
2021-06-24T10:24:55,20600.0,15.65,B
2021-06-24T10:24:55,3800.0,15.65,B
2021-06-24T10:24:55,1500.0,15.65,B
2021-06-24T10:24:55,10300.0,15.65,B
2021-06-24T10:24:55,4000.0,15.65,B
2021-06-24T10:24:55,100.0,15.65,B
2021-06-24T10:24:55,1500.0,15.65,B
2021-06-24T10:24:55,78200.0,15.65,B
2021-06-24T10:24:47,1200.0,15.6,S
2021-06-24T10:24:44,102700.0,15.65,B
2021-06-24T10:24:36,2800.0,15.65,B
2021-06-24T10:24:32,30000.0,15.65,B
2021-06-24T10:24:27,100.0,15.6,S
2021-06-24T10:24:22,12500.0,15.65,B
2021-06-24T10:24:12,4000.0,15.6,B
2021-06-24T10:24:12,12300.0,15.6,B
2021-06-24T10:24:12,7100.0,15.6,B
2021-06-24T10:24:12,7500.0,15.6,B
2021-06-24T10:24:12,1000.0,15.6,B
2021-06-24T10:24:12,22600.0,15.6,B
2021-06-24T10:24:12,6900.0,15.6,B
2021-06-24T10:24:03,5800.0,15.6,B
2021-06-24T10:24:03,2200.0,15.6,B
2021-06-24T10:24:03,2600.0,15.6,B
2021-06-24T10:24:03,3100.0,15.6,B
2021-06-24T10:24:03,16300.0,15.6,B
2021-06-24T10:23:54,700.0,15.6,B
2021-06-24T10:23:54,600.0,15.6,B
2021-06-24T10:23:54,700.0,15.6,B
2021-06-24T10:23:54,4300.0,15.6,B
2021-06-24T10:23:54,300.0,15.6,B
2021-06-24T10:23:54,3200.0,15.6,B
2021-06-24T10:23:54,10200.0,15.6,B
2021-06-24T10:23:48,10000.0,15.6,B
2021-06-24T10:23:17,100.0,15.6,B
2021-06-24T10:23:08,2900.0,15.6,B
2021-06-24T10:23:08,1400.0,15.6,B
2021-06-24T10:23:08,22200.0,15.6,B
2021-06-24T10:22:56,10000.0,15.6,B
2021-06-24T10:22:20,4100.0,15.6,B
2021-06-24T10:22:19,300.0,15.55,S
2021-06-24T10:22:10,30000.0,15.6,B
2021-06-24T10:22:03,3500.0,15.55,S
2021-06-24T10:21:51,1000.0,15.55,S
2021-06-24T10:21:49,18000.0,15.55,B
2021-06-24T10:21:49,700.0,15.55,B
2021-06-24T10:21:49,3300.0,15.55,B
2021-06-24T10:21:49,56500.0,15.55,B
2021-06-24T10:21:49,3900.0,15.55,B
2021-06-24T10:21:36,400.0,15.5,S
2021-06-24T10:21:08,200.0,15.5,S
2021-06-24T10:21:02,5000.0,15.5,S
2021-06-24T10:21:01,300.0,15.5,S
2021-06-24T10:20:55,20200.0,15.5,S
2021-06-24T10:20:51,1000.0,15.5,S
2021-06-24T10:20:30,200.0,15.5,S
2021-06-24T10:20:17,100.0,15.5,S
2021-06-24T10:20:08,4600.0,15.5,S
2021-06-24T10:20:07,1000.0,15.5,S
2021-06-24T10:19:47,500.0,15.5,S
2021-06-24T10:19:44,200.0,15.5,S
2021-06-24T10:19:25,200.0,15.5,B
2021-06-24T10:19:23,800.0,15.5,B
2021-06-24T10:19:20,1000.0,15.5,B
2021-06-24T10:18:46,45400.0,15.5,B
2021-06-24T10:18:45,4600.0,15.5,B
2021-06-24T10:18:39,100.0,15.5,B
2021-06-24T10:18:38,200.0,15.5,B
2021-06-24T10:18:34,1300.0,15.5,B
2021-06-24T10:18:20,10000.0,15.5,B
2021-06-24T10:18:17,100.0,15.5,B
2021-06-24T10:17:25,1000.0,15.5,B
2021-06-24T10:17:15,3000.0,15.5,B
2021-06-24T10:15:31,9800.0,15.5,B
2021-06-24T10:15:28,100000.0,15.5,B
2021-06-24T10:14:50,100.0,15.5,B
2021-06-24T10:13:37,8300.0,15.5,S
2021-06-24T10:13:11,100.0,15.5,S
2021-06-24T10:13:11,400.0,15.5,S
2021-06-24T10:12:44,1000.0,15.5,S
2021-06-24T10:12:27,200.0,15.5,S
2021-06-24T10:12:18,300.0,15.5,B
2021-06-24T10:12:16,1000.0,15.5,B
2021-06-24T10:12:16,600.0,15.5,B
2021-06-24T10:12:16,5000.0,15.5,B
2021-06-24T10:12:16,11500.0,15.5,B
2021-06-24T10:12:16,41000.0,15.5,B
2021-06-24T10:12:16,30200.0,15.5,B
2021-06-24T10:12:16,400.0,15.5,B
2021-06-24T10:11:41,8600.0,15.45,S
2021-06-24T10:10:41,200.0,15.45,S
2021-06-24T10:10:41,500.0,15.5,B
2021-06-24T10:10:33,3000.0,15.5,B
2021-06-24T10:10:11,3000.0,15.5,B
2021-06-24T10:09:55,100.0,15.5,B
2021-06-24T10:09:44,3000.0,15.45,S
2021-06-24T10:09:36,1000.0,15.5,B
2021-06-24T10:09:36,8800.0,15.5,B
2021-06-24T10:09:36,5400.0,15.5,B
2021-06-24T10:09:36,20000.0,15.5,B
2021-06-24T10:09:36,14800.0,15.5,B
2021-06-24T10:09:36,1000.0,15.45,S
2021-06-24T10:09:33,200.0,15.45,S
2021-06-24T10:09:31,100.0,15.45,S
2021-06-24T10:08:59,1000.0,15.45,S
2021-06-24T10:08:53,400.0,15.45,S
2021-06-24T10:08:46,200.0,15.45,S
2021-06-24T10:08:43,2000.0,15.45,S
2021-06-24T10:08:34,1300.0,15.45,S
2021-06-24T10:08:26,1000.0,15.45,S
2021-06-24T10:08:25,700.0,15.45,S
2021-06-24T10:08:23,100.0,15.45,S
2021-06-24T10:08:14,100.0,15.45,S
2021-06-24T10:08:13,2000.0,15.45,S
2021-06-24T10:08:06,800.0,15.45,S
2021-06-24T10:08:00,1300.0,15.45,S
2021-06-24T10:07:50,100.0,15.45,S
2021-06-24T10:07:34,700.0,15.45,B
2021-06-24T10:07:23,100.0,15.4,S
2021-06-24T10:07:13,39000.0,15.4,S
2021-06-24T10:07:00,100.0,15.45,S
2021-06-24T10:06:59,100.0,15.45,S
2021-06-24T10:06:56,34700.0,15.45,B
2021-06-24T10:06:53,400.0,15.4,S
2021-06-24T10:06:53,2400.0,15.4,S
2021-06-24T10:06:53,4700.0,15.4,S
2021-06-24T10:06:44,20000.0,15.4,S
2021-06-24T10:06:21,10000.0,15.4,S
2021-06-24T10:06:06,500.0,15.4,S
2021-06-24T10:06:05,500.0,15.45,B
2021-06-24T10:06:00,3000.0,15.4,S
2021-06-24T10:05:55,1000.0,15.45,B
2021-06-24T10:05:48,2500.0,15.45,S
2021-06-24T10:05:48,100.0,15.45,S
2021-06-24T10:05:47,26400.0,15.45,S
2021-06-24T10:05:47,1400.0,15.45,S
2021-06-24T10:05:45,100.0,15.5,B
2021-06-24T10:05:44,10000.0,15.45,S
2021-06-24T10:05:43,20000.0,15.45,S
2021-06-24T10:05:34,29200.0,15.45,S
2021-06-24T10:05:20,100.0,15.45,S
2021-06-24T10:05:15,100.0,15.45,S
2021-06-24T10:05:15,2200.0,15.45,S
2021-06-24T10:04:52,20000.0,15.45,S
2021-06-24T10:04:49,2000.0,15.45,S
2021-06-24T10:04:43,100.0,15.45,S
2021-06-24T10:04:37,5000.0,15.45,S
2021-06-24T10:04:20,300.0,15.5,B
2021-06-24T10:04:17,1000.0,15.45,S
2021-06-24T10:03:52,100.0,15.45,S
2021-06-24T10:03:49,5000.0,15.45,S
2021-06-24T10:03:47,3000.0,15.45,S
2021-06-24T10:03:33,100.0,15.45,S
2021-06-24T10:03:28,10000.0,15.45,S
2021-06-24T10:03:24,100.0,15.45,S
2021-06-24T10:03:23,5000.0,15.45,S
2021-06-24T10:03:15,1200.0,15.45,S
2021-06-24T10:03:14,100.0,15.45,S
2021-06-24T10:03:08,5000.0,15.45,S
2021-06-24T10:03:03,100.0,15.45,S
2021-06-24T10:02:55,5000.0,15.45,S
2021-06-24T10:02:49,40000.0,15.45,S
2021-06-24T10:02:43,100.0,15.45,S
2021-06-24T10:02:38,4800.0,15.5,S
2021-06-24T10:02:33,100.0,15.5,S
2021-06-24T10:02:27,214300.0,15.5,S
2021-06-24T10:02:27,3500.0,15.5,S
2021-06-24T10:02:27,11100.0,15.5,S
2021-06-24T10:02:26,5100.0,15.5,S
2021-06-24T10:02:17,4000.0,15.5,S
2021-06-24T10:02:17,400.0,15.55,B
2021-06-24T10:02:10,1000.0,15.5,S
2021-06-24T10:02:07,1100.0,15.55,S
2021-06-24T10:01:55,1000.0,15.55,S
2021-06-24T10:01:44,100.0,15.55,S
2021-06-24T10:01:42,2000.0,15.55,S
2021-06-24T10:01:37,1000.0,15.55,S
2021-06-24T10:01:25,7400.0,15.55,S
2021-06-24T10:01:24,10000.0,15.55,S
2021-06-24T10:01:02,1000.0,15.6,B
2021-06-24T10:00:48,100.0,15.55,S
2021-06-24T10:00:38,100.0,15.55,S
2021-06-24T10:00:34,3000.0,15.55,S
2021-06-24T09:59:50,10000.0,15.55,S
2021-06-24T09:59:26,3400.0,15.55,S
2021-06-24T09:59:14,100.0,15.6,B
2021-06-24T09:58:50,1400.0,15.55,S
2021-06-24T09:58:33,100.0,15.55,S
2021-06-24T09:58:28,3000.0,15.55,S
2021-06-24T09:58:24,3000.0,15.55,S
2021-06-24T09:58:18,2000.0,15.55,S
2021-06-24T09:58:05,20000.0,15.6,B
2021-06-24T09:57:58,500.0,15.55,S
2021-06-24T09:57:51,1000.0,15.55,S
2021-06-24T09:57:49,2300.0,15.55,S
2021-06-24T09:57:45,5300.0,15.55,S
2021-06-24T09:57:45,14700.0,15.55,S
2021-06-24T09:57:43,10000.0,15.55,S
2021-06-24T09:57:41,5000.0,15.55,S
2021-06-24T09:57:34,100.0,15.6,B
2021-06-24T09:57:34,100.0,15.55,S
2021-06-24T09:57:29,10000.0,15.55,S
2021-06-24T09:57:28,3500.0,15.55,S
2021-06-24T09:57:26,5000.0,15.55,S
2021-06-24T09:57:23,6000.0,15.6,B
2021-06-24T09:57:22,1000.0,15.6,B
2021-06-24T09:57:15,2000.0,15.6,B
2021-06-24T09:57:12,5000.0,15.55,S
2021-06-24T09:57:05,3000.0,15.55,S
2021-06-24T09:57:01,30000.0,15.55,S
2021-06-24T09:56:59,8800.0,15.6,B
2021-06-24T09:56:51,3000.0,15.55,S
2021-06-24T09:56:51,15000.0,15.55,S
2021-06-24T09:56:50,3000.0,15.55,S
2021-06-24T09:56:12,400.0,15.55,S
2021-06-24T09:56:06,2000.0,15.6,B
2021-06-24T09:55:40,2500.0,15.6,B
2021-06-24T09:55:11,1000.0,15.6,S
2021-06-24T09:55:09,300.0,15.6,S
2021-06-24T09:55:08,2000.0,15.6,S
2021-06-24T09:55:08,8900.0,15.6,S
2021-06-24T09:55:08,6000.0,15.6,S
2021-06-24T09:55:05,100.0,15.6,S
2021-06-24T09:54:59,100000.0,15.6,S
2021-06-24T09:54:57,1500.0,15.65,B
2021-06-24T09:54:57,4200.0,15.65,B
2021-06-24T09:54:57,3600.0,15.65,B
2021-06-24T09:54:57,11500.0,15.65,B
2021-06-24T09:54:54,4000.0,15.65,B
2021-06-24T09:54:43,1000.0,15.65,B
2021-06-24T09:54:28,1000.0,15.65,B
2021-06-24T09:54:15,500.0,15.6,S
2021-06-24T09:54:03,200.0,15.6,S
2021-06-24T09:54:03,1700.0,15.65,B
2021-06-24T09:54:00,400.0,15.65,B
2021-06-24T09:53:59,5000.0,15.6,S
2021-06-24T09:53:58,200.0,15.6,S
2021-06-24T09:53:58,5000.0,15.65,B
2021-06-24T09:53:44,2000.0,15.6,S
2021-06-24T09:53:37,5000.0,15.6,B
2021-06-24T09:53:29,100.0,15.6,B
2021-06-24T09:53:26,37900.0,15.6,B
2021-06-24T09:53:26,2400.0,15.6,B
2021-06-24T09:53:26,17400.0,15.6,B
2021-06-24T09:53:26,2300.0,15.6,B
2021-06-24T09:53:20,2000.0,15.6,B
2021-06-24T09:53:19,5700.0,15.6,B
2021-06-24T09:53:19,5400.0,15.6,B
2021-06-24T09:53:19,3200.0,15.6,B
2021-06-24T09:53:19,31000.0,15.6,B
2021-06-24T09:53:19,54400.0,15.6,B
2021-06-24T09:53:19,21200.0,15.6,B
2021-06-24T09:53:19,5800.0,15.6,B
2021-06-24T09:53:19,12000.0,15.6,B
2021-06-24T09:53:19,600.0,15.6,B
2021-06-24T09:53:19,53700.0,15.6,B
2021-06-24T09:53:16,11500.0,15.6,B
2021-06-24T09:53:10,20000.0,15.6,B
2021-06-24T09:53:07,1000.0,15.6,B
2021-06-24T09:53:03,12500.0,15.6,B
2021-06-24T09:52:59,600.0,15.6,B
2021-06-24T09:52:58,600.0,15.55,S
2021-06-24T09:52:55,3000.0,15.6,B
2021-06-24T09:52:52,2700.0,15.55,S
2021-06-24T09:52:45,1200.0,15.6,B
2021-06-24T09:52:45,8800.0,15.6,B
2021-06-24T09:52:44,100.0,15.55,S
2021-06-24T09:52:43,1000.0,15.6,B
2021-06-24T09:52:28,500.0,15.6,B
2021-06-24T09:52:11,2400.0,15.6,B
2021-06-24T09:52:11,1600.0,15.6,B
2021-06-24T09:52:11,500.0,15.6,B
2021-06-24T09:52:11,1000.0,15.55,S
2021-06-24T09:52:09,2000.0,15.55,S
2021-06-24T09:52:07,200.0,15.55,S
2021-06-24T09:51:52,100.0,15.55,S
2021-06-24T09:51:48,10000.0,15.55,S
2021-06-24T09:51:43,3600.0,15.55,B
2021-06-24T09:51:40,1000.0,15.5,S
2021-06-24T09:51:37,1500.0,15.55,B
2021-06-24T09:51:34,100.0,15.55,B
2021-06-24T09:51:18,6000.0,15.55,S
2021-06-24T09:51:15,100.0,15.55,S
2021-06-24T09:51:07,500.0,15.55,S
2021-06-24T09:50:55,18000.0,15.55,B
2021-06-24T09:50:54,30400.0,15.55,B
2021-06-24T09:50:50,600.0,15.55,B
2021-06-24T09:50:28,300.0,15.55,B
2021-06-24T09:50:22,500.0,15.5,S
2021-06-24T09:49:46,5000.0,15.5,S
2021-06-24T09:49:43,20000.0,15.5,S
2021-06-24T09:49:42,900.0,15.55,B
2021-06-24T09:49:42,100.0,15.55,B
2021-06-24T09:49:41,200.0,15.5,S
2021-06-24T09:49:36,1000.0,15.55,B
2021-06-24T09:49:09,4000.0,15.5,S
2021-06-24T09:48:59,6700.0,15.55,B
2021-06-24T09:48:55,1000.0,15.5,S
2021-06-24T09:48:48,5700.0,15.5,B
2021-06-24T09:48:48,10000.0,15.5,B
2021-06-24T09:48:48,800.0,15.5,B
2021-06-24T09:48:48,1200.0,15.5,B
2021-06-24T09:48:48,1300.0,15.5,B
2021-06-24T09:48:48,5600.0,15.5,B
2021-06-24T09:48:48,1100.0,15.5,B
2021-06-24T09:48:48,2400.0,15.5,B
2021-06-24T09:48:48,2100.0,15.5,B
2021-06-24T09:48:48,400.0,15.5,B
2021-06-24T09:48:48,20600.0,15.5,B
2021-06-24T09:48:48,1600.0,15.5,B
2021-06-24T09:48:48,300.0,15.5,B
2021-06-24T09:48:48,200.0,15.5,B
2021-06-24T09:48:48,8300.0,15.5,B
2021-06-24T09:48:48,1000.0,15.5,B
2021-06-24T09:48:48,18400.0,15.5,B
2021-06-24T09:48:48,2000.0,15.5,B
2021-06-24T09:48:48,2100.0,15.5,B
2021-06-24T09:48:48,200.0,15.5,B
2021-06-24T09:48:48,8400.0,15.5,B
2021-06-24T09:48:46,500.0,15.45,S
2021-06-24T09:48:38,10100.0,15.5,B
2021-06-24T09:48:38,1300.0,15.5,B
2021-06-24T09:48:38,1300.0,15.5,B
2021-06-24T09:48:38,1600.0,15.5,B
2021-06-24T09:48:38,2600.0,15.5,B
2021-06-24T09:48:38,900.0,15.5,B
2021-06-24T09:48:38,7100.0,15.5,B
2021-06-24T09:48:38,100.0,15.5,B
2021-06-24T09:48:38,1000.0,15.5,B
2021-06-24T09:48:38,11000.0,15.5,B
2021-06-24T09:48:38,5200.0,15.5,B
2021-06-24T09:48:38,1000.0,15.5,B
2021-06-24T09:48:38,2200.0,15.5,B
2021-06-24T09:48:38,10600.0,15.5,B
2021-06-24T09:48:38,1200.0,15.5,B
2021-06-24T09:48:38,2500.0,15.5,B
2021-06-24T09:48:38,1000.0,15.5,B
2021-06-24T09:48:38,8500.0,15.5,B
2021-06-24T09:48:38,2200.0,15.5,B
2021-06-24T09:48:38,1300.0,15.5,B
2021-06-24T09:48:37,27300.0,15.5,B
2021-06-24T09:48:35,500.0,15.45,S
2021-06-24T09:48:29,300.0,15.45,S
2021-06-24T09:48:24,1000.0,15.45,S
2021-06-24T09:48:12,100.0,15.45,B
2021-06-24T09:48:12,3500.0,15.45,B
2021-06-24T09:48:12,4700.0,15.45,B
2021-06-24T09:48:04,200.0,15.45,B
2021-06-24T09:47:43,100.0,15.45,B
2021-06-24T09:47:36,700.0,15.45,S
2021-06-24T09:47:28,5000.0,15.45,S
2021-06-24T09:47:24,15000.0,15.5,B
2021-06-24T09:47:19,2000.0,15.45,S
2021-06-24T09:47:17,100.0,15.5,B
2021-06-24T09:47:08,100.0,15.45,S
2021-06-24T09:46:56,300.0,15.45,S
2021-06-24T09:46:40,900.0,15.45,S
2021-06-24T09:46:40,3700.0,15.45,S
2021-06-24T09:46:38,11000.0,15.5,B
2021-06-24T09:46:30,1000.0,15.45,S
2021-06-24T09:46:27,8500.0,15.5,B
2021-06-24T09:46:08,100.0,15.45,S
2021-06-24T09:45:49,100.0,15.45,S
2021-06-24T09:45:45,200.0,15.45,S
2021-06-24T09:45:44,300.0,15.45,S
2021-06-24T09:45:35,1000.0,15.45,S
2021-06-24T09:45:33,4800.0,15.45,S
2021-06-24T09:45:33,5200.0,15.45,S
2021-06-24T09:45:29,100.0,15.45,S
2021-06-24T09:45:26,10000.0,15.45,S
2021-06-24T09:45:23,100.0,15.45,S
2021-06-24T09:45:21,5000.0,15.45,S
2021-06-24T09:45:18,10000.0,15.45,B
2021-06-24T09:45:18,19600.0,15.45,B
2021-06-24T09:45:06,2500.0,15.45,B
2021-06-24T09:45:03,100.0,15.45,B
2021-06-24T09:44:59,300.0,15.4,S
2021-06-24T09:44:42,100.0,15.4,S
2021-06-24T09:44:27,4300.0,15.45,S
2021-06-24T09:44:22,100.0,15.45,S
2021-06-24T09:44:18,1000.0,15.45,S
2021-06-24T09:44:12,5000.0,15.45,S
2021-06-24T09:44:11,10000.0,15.45,S
2021-06-24T09:44:06,2000.0,15.45,S
2021-06-24T09:43:54,1000.0,15.45,S
2021-06-24T09:43:46,30600.0,15.45,S
2021-06-24T09:43:43,6000.0,15.45,S
2021-06-24T09:43:42,100.0,15.45,S
2021-06-24T09:43:42,6600.0,15.45,S
2021-06-24T09:43:38,10000.0,15.45,S
2021-06-24T09:43:35,1000.0,15.5,B
2021-06-24T09:43:34,1000.0,15.45,S
2021-06-24T09:43:26,1000.0,15.45,S
2021-06-24T09:43:13,1000.0,15.45,S
2021-06-24T09:43:07,4000.0,15.45,S
2021-06-24T09:43:02,5000.0,15.45,S
2021-06-24T09:42:48,200.0,15.45,S
2021-06-24T09:42:47,10000.0,15.45,S
2021-06-24T09:42:42,5000.0,15.4,S
2021-06-24T09:42:35,200.0,15.45,B
2021-06-24T09:42:30,18000.0,15.45,B
2021-06-24T09:42:22,200.0,15.45,B
2021-06-24T09:42:21,500.0,15.4,S
2021-06-24T09:42:16,100.0,15.4,S
2021-06-24T09:42:12,1500.0,15.45,S
2021-06-24T09:42:12,15400.0,15.45,S
2021-06-24T09:42:12,1200.0,15.45,S
2021-06-24T09:42:11,5000.0,15.45,S
2021-06-24T09:42:09,1500.0,15.45,S
2021-06-24T09:41:56,5000.0,15.45,S
2021-06-24T09:41:50,300.0,15.45,S
2021-06-24T09:41:49,700.0,15.45,S
2021-06-24T09:41:39,500.0,15.45,S
2021-06-24T09:41:31,500.0,15.45,S
2021-06-24T09:41:28,100.0,15.45,S
2021-06-24T09:41:26,10000.0,15.45,S
2021-06-24T09:41:26,3000.0,15.45,S
2021-06-24T09:41:21,100.0,15.45,S
2021-06-24T09:41:21,200.0,15.45,S
2021-06-24T09:41:10,2400.0,15.45,S
2021-06-24T09:41:10,1000.0,15.45,S
2021-06-24T09:41:01,100.0,15.45,S
2021-06-24T09:40:59,200.0,15.45,S
2021-06-24T09:40:58,2000.0,15.45,S
2021-06-24T09:40:56,100.0,15.45,S
2021-06-24T09:40:54,100.0,15.45,S
2021-06-24T09:40:52,1000.0,15.45,S
2021-06-24T09:40:52,100.0,15.45,S
2021-06-24T09:40:49,2000.0,15.45,S
2021-06-24T09:40:39,12900.0,15.45,B
2021-06-24T09:40:35,5300.0,15.45,B
2021-06-24T09:40:32,12000.0,15.45,B
2021-06-24T09:40:23,16500.0,15.45,B
2021-06-24T09:40:05,3400.0,15.45,B
2021-06-24T09:40:05,1000.0,15.45,B
2021-06-24T09:40:04,1200.0,15.45,B
2021-06-24T09:39:55,2800.0,15.45,B
2021-06-24T09:39:55,11400.0,15.45,B
2021-06-24T09:39:55,1400.0,15.45,B
2021-06-24T09:39:43,15400.0,15.45,B
2021-06-24T09:39:26,300.0,15.45,B
2021-06-24T09:39:23,2000.0,15.4,S
2021-06-24T09:39:19,8500.0,15.45,B
2021-06-24T09:39:09,30000.0,15.45,B
2021-06-24T09:39:07,12300.0,15.45,B
2021-06-24T09:38:58,20000.0,15.45,B
2021-06-24T09:38:38,5000.0,15.4,S
2021-06-24T09:38:31,100.0,15.45,B
2021-06-24T09:38:21,600.0,15.4,S
2021-06-24T09:38:17,400.0,15.4,S
2021-06-24T09:38:14,10500.0,15.45,B
2021-06-24T09:38:09,3000.0,15.45,B
2021-06-24T09:37:50,1100.0,15.45,B
2021-06-24T09:37:47,15600.0,15.45,B
2021-06-24T09:37:28,12500.0,15.45,B
2021-06-24T09:37:26,200.0,15.4,S
2021-06-24T09:36:50,10200.0,15.45,B
2021-06-24T09:36:49,9600.0,15.45,B
2021-06-24T09:36:49,10000.0,15.4,S
2021-06-24T09:36:48,400.0,15.4,S
2021-06-24T09:36:44,500.0,15.4,S
2021-06-24T09:36:26,25800.0,15.45,B
2021-06-24T09:36:22,5600.0,15.4,S
2021-06-24T09:36:15,40500.0,15.4,S
2021-06-24T09:36:13,15000.0,15.45,B
2021-06-24T09:35:48,9400.0,15.45,B
2021-06-24T09:35:48,12400.0,15.4,B
2021-06-24T09:35:44,11600.0,15.4,B
2021-06-24T09:35:38,1000.0,15.4,B
2021-06-24T09:35:25,10000.0,15.45,B
2021-06-24T09:35:13,100.0,15.4,B
2021-06-24T09:35:08,8100.0,15.45,B
2021-06-24T09:35:01,6900.0,15.45,B
2021-06-24T09:34:56,5000.0,15.45,B
2021-06-24T09:34:53,12900.0,15.5,B
2021-06-24T09:34:53,7400.0,15.45,B
2021-06-24T09:34:51,100.0,15.4,B
2021-06-24T09:34:48,400.0,15.45,B
2021-06-24T09:34:44,5000.0,15.4,B
2021-06-24T09:34:35,1000.0,15.4,B
2021-06-24T09:34:27,8800.0,15.45,B
2021-06-24T09:34:24,10000.0,15.45,B
2021-06-24T09:34:24,1500.0,15.45,B
2021-06-24T09:34:24,9700.0,15.45,B
2021-06-24T09:34:23,2100.0,15.45,B
2021-06-24T09:34:23,2900.0,15.4,B
2021-06-24T09:33:46,300.0,15.45,B
2021-06-24T09:33:46,49700.0,15.45,B
2021-06-24T09:33:37,5000.0,15.3,S
2021-06-24T09:33:25,19600.0,15.3,S
2021-06-24T09:33:25,43400.0,15.3,S
2021-06-24T09:33:08,5400.0,15.45,B
2021-06-24T09:33:08,1400.0,15.45,B
2021-06-24T09:33:08,23200.0,15.45,B
2021-06-24T09:32:52,21400.0,15.45,B
2021-06-24T09:32:52,500.0,15.45,B
2021-06-24T09:32:52,500.0,15.45,B
2021-06-24T09:32:52,1000.0,15.45,B
2021-06-24T09:32:52,2100.0,15.45,B
2021-06-24T09:32:52,3200.0,15.45,B
2021-06-24T09:32:52,12900.0,15.45,B
2021-06-24T09:32:52,6300.0,15.4,B
2021-06-24T09:32:52,12100.0,15.4,B
2021-06-24T09:32:46,4600.0,15.3,S
2021-06-24T09:32:42,30000.0,15.4,B
2021-06-24T09:32:32,19400.0,15.4,B
2021-06-24T09:32:14,47900.0,15.35,S
2021-06-24T09:32:14,16600.0,15.4,B
2021-06-24T09:32:10,1400.0,15.4,B
2021-06-24T09:32:10,23000.0,15.4,B
2021-06-24T09:32:10,10600.0,15.4,B
2021-06-24T09:31:29,2300.0,15.35,S
2021-06-24T09:31:04,700.0,15.4,S
2021-06-24T09:31:03,1000.0,15.4,S
2021-06-24T09:31:02,1000.0,15.4,S
2021-06-24T09:31:02,500.0,15.4,S
2021-06-24T09:31:00,500.0,15.4,S
2021-06-24T09:30:58,200.0,15.4,S
2021-06-24T09:30:43,100.0,15.4,S
2021-06-24T09:30:41,2000.0,15.4,S
2021-06-24T09:30:38,8000.0,15.4,S
2021-06-24T09:30:26,12000.0,15.4,S
2021-06-24T09:30:18,200.0,15.4,S
2021-06-24T09:30:14,1100.0,15.45,B
2021-06-24T09:30:14,2300.0,15.45,B
2021-06-24T09:30:14,1100.0,15.45,B
2021-06-24T09:30:14,42600.0,15.45,B
2021-06-24T09:30:13,5000.0,15.4,S
2021-06-24T09:30:09,2000.0,15.4,S
2021-06-24T09:30:03,4000.0,15.4,S
2021-06-24T09:30:00,100.0,15.45,B
2021-06-24T09:29:55,30000.0,15.4,S
2021-06-24T09:29:55,2000.0,15.4,S
2021-06-24T09:29:52,20000.0,15.4,S
2021-06-24T09:29:47,500.0,15.4,S
2021-06-24T09:29:41,1000.0,15.4,S
2021-06-24T09:29:37,200.0,15.4,S
2021-06-24T09:29:36,1100.0,15.4,S
2021-06-24T09:29:33,1000.0,15.4,S
2021-06-24T09:29:31,20000.0,15.4,S
2021-06-24T09:29:31,100.0,15.4,S
2021-06-24T09:29:21,10000.0,15.4,S
2021-06-24T09:29:19,10000.0,15.4,S
2021-06-24T09:29:15,100.0,15.4,S
2021-06-24T09:29:08,100.0,15.4,S
2021-06-24T09:29:08,1000.0,15.4,S
2021-06-24T09:29:05,300.0,15.4,S
2021-06-24T09:28:58,2000.0,15.4,S
2021-06-24T09:28:53,1000.0,15.4,S
2021-06-24T09:28:49,10000.0,15.45,B
2021-06-24T09:28:45,2000.0,15.4,S
2021-06-24T09:28:34,100.0,15.4,S
2021-06-24T09:28:29,100.0,15.4,S
2021-06-24T09:28:23,3000.0,15.45,B
2021-06-24T09:28:21,300.0,15.45,B
2021-06-24T09:28:19,100.0,15.4,S
2021-06-24T09:28:17,300.0,15.4,S
2021-06-24T09:28:15,5000.0,15.45,B
2021-06-24T09:28:10,2000.0,15.45,B
2021-06-24T09:28:07,1000.0,15.4,S
2021-06-24T09:27:46,5000.0,15.45,B
2021-06-24T09:27:46,5000.0,15.45,B
2021-06-24T09:27:31,5400.0,15.45,B
2021-06-24T09:27:26,10000.0,15.4,B
2021-06-24T09:27:20,200.0,15.4,B
2021-06-24T09:27:19,100.0,15.4,B
2021-06-24T09:27:18,300.0,15.4,B
2021-06-24T09:27:18,300.0,15.4,B
2021-06-24T09:27:18,11800.0,15.4,B
2021-06-24T09:27:17,5000.0,15.4,B
2021-06-24T09:27:17,100.0,15.3,S
2021-06-24T09:27:02,10000.0,15.4,B
2021-06-24T09:27:00,1500.0,15.4,B
2021-06-24T09:26:47,3700.0,15.4,S
2021-06-24T09:26:40,10000.0,15.4,S
2021-06-24T09:26:38,5000.0,15.4,S
2021-06-24T09:26:14,10000.0,15.4,B
2021-06-24T09:26:13,71300.0,15.4,B
2021-06-24T09:25:56,10000.0,15.3,S
2021-06-24T09:25:40,100.0,15.35,S
2021-06-24T09:25:35,200.0,15.35,S
2021-06-24T09:25:28,200.0,15.35,B
2021-06-24T09:25:28,91200.0,15.35,B
2021-06-24T09:24:53,400.0,15.3,S
2021-06-24T09:24:48,1800.0,15.3,B
2021-06-24T09:24:46,300.0,15.25,S
2021-06-24T09:24:46,21400.0,15.35,B
2021-06-24T09:24:46,37700.0,15.3,B
2021-06-24T09:24:37,200.0,15.25,S
2021-06-24T09:24:30,100.0,15.25,S
2021-06-24T09:24:28,500.0,15.25,S
2021-06-24T09:24:19,5000.0,15.25,S
2021-06-24T09:23:44,10000.0,15.3,B
2021-06-24T09:23:33,3000.0,15.3,B
2021-06-24T09:23:22,2400.0,15.25,S
2021-06-24T09:22:59,5000.0,15.3,B
2021-06-24T09:22:52,200.0,15.3,B
2021-06-24T09:22:38,3600.0,15.3,S
2021-06-24T09:22:36,2000.0,15.3,S
2021-06-24T09:22:31,100.0,15.3,S
2021-06-24T09:22:28,10000.0,15.3,S
2021-06-24T09:22:26,100.0,15.3,S
2021-06-24T09:22:01,200.0,15.3,B
2021-06-24T09:21:54,1000.0,15.3,B
2021-06-24T09:21:43,1000.0,15.3,B
2021-06-24T09:21:43,1700.0,15.35,B
2021-06-24T09:21:38,200.0,15.3,B
2021-06-24T09:21:38,5200.0,15.3,B
2021-06-24T09:21:38,100.0,15.3,B
2021-06-24T09:21:28,200.0,15.25,S
2021-06-24T09:21:28,100.0,15.3,B
2021-06-24T09:21:02,20000.0,15.35,B
2021-06-24T09:21:02,500.0,15.3,B
2021-06-24T09:20:55,10000.0,15.2,S
2021-06-24T09:20:33,100.0,15.25,S
2021-06-24T09:20:29,2000.0,15.3,B
2021-06-24T09:20:20,500.0,15.3,B
2021-06-24T09:20:08,5000.0,15.2,S
2021-06-24T09:20:02,100.0,15.3,S
2021-06-24T09:20:01,15000.0,15.3,S
2021-06-24T09:19:59,5000.0,15.2,S
2021-06-24T09:19:53,500.0,15.2,S
2021-06-24T09:19:53,600.0,15.3,S
2021-06-24T09:19:27,2000.0,15.35,S
2021-06-24T09:19:23,900.0,15.4,B
2021-06-24T09:19:08,10000.0,15.2,S
2021-06-24T09:19:05,300.0,15.4,B
2021-06-24T09:18:57,4800.0,15.4,B
2021-06-24T09:18:57,5200.0,15.35,S
2021-06-24T09:18:57,800.0,15.3,S
2021-06-24T09:18:57,20000.0,15.3,S
2021-06-24T09:18:55,3000.0,15.35,S
2021-06-24T09:18:45,100.0,15.35,B
2021-06-24T09:18:43,1000.0,15.35,B
2021-06-24T09:18:34,200.0,15.35,B
2021-06-24T09:18:30,1000.0,15.35,B
2021-06-24T09:18:26,15000.0,15.3,B
2021-06-24T09:18:14,300.0,15.2,S
2021-06-24T09:18:12,21000.0,15.3,S
2021-06-24T09:18:11,100.0,15.3,S
2021-06-24T09:18:05,1000.0,15.3,S
2021-06-24T09:18:02,10000.0,15.3,S
2021-06-24T09:18:02,1000.0,15.3,S
2021-06-24T09:18:01,1000.0,15.4,S
2021-06-24T09:17:51,5000.0,15.3,S
2021-06-24T09:17:50,2000.0,15.45,B
2021-06-24T09:17:46,200.0,15.3,S
2021-06-24T09:17:45,1000.0,15.3,S
2021-06-24T09:17:45,20000.0,15.45,B
2021-06-24T09:17:42,900.0,15.3,S
2021-06-24T09:17:42,10000.0,15.3,S
2021-06-24T09:17:41,100.0,15.3,S
2021-06-24T09:17:38,1000.0,15.3,S
2021-06-24T09:17:25,200.0,15.3,S
2021-06-24T09:17:22,1000.0,15.3,S
2021-06-24T09:17:22,13000.0,15.3,S
2021-06-24T09:17:13,10000.0,15.3,S
2021-06-24T09:17:09,700.0,15.3,S
2021-06-24T09:16:59,500.0,15.3,S
2021-06-24T09:16:50,1300.0,15.3,S
2021-06-24T09:16:30,7000.0,15.3,S
2021-06-24T09:16:28,500.0,15.3,S
2021-06-24T09:16:15,1000.0,15.5,B
2021-06-24T09:15:48,10000.0,15.5,B
2021-06-24T09:15:43,1000.0,15.5,B
