tradingTime,volume,price,side
2021-06-24T14:30:08,3000.0,22.0,S
2021-06-24T14:29:59,100.0,22.05,B
2021-06-24T14:29:45,100.0,22.05,B
2021-06-24T14:29:43,600.0,22.05,B
2021-06-24T14:29:41,2500.0,22.0,S
2021-06-24T14:29:41,2500.0,22.0,S
2021-06-24T14:29:33,1500.0,22.0,S
2021-06-24T14:29:28,600.0,22.05,B
2021-06-24T14:29:20,2500.0,22.0,S
2021-06-24T14:29:18,100.0,22.05,B
2021-06-24T14:29:17,100.0,22.05,B
2021-06-24T14:28:48,1000.0,22.0,S
2021-06-24T14:28:47,200.0,22.05,S
2021-06-24T14:28:46,700.0,22.05,S
2021-06-24T14:28:38,1500.0,22.0,S
2021-06-24T14:28:35,3000.0,22.0,S
2021-06-24T14:28:35,500.0,22.0,S
2021-06-24T14:28:35,6500.0,22.0,S
2021-06-24T14:28:33,1000.0,22.0,S
2021-06-24T14:28:16,100.0,22.0,S
2021-06-24T14:28:14,9900.0,22.0,S
2021-06-24T14:28:11,1000.0,22.0,S
2021-06-24T14:27:49,5000.0,22.0,S
2021-06-24T14:27:30,100.0,22.1,B
2021-06-24T14:27:09,1400.0,22.0,S
2021-06-24T14:27:09,8600.0,22.0,S
2021-06-24T14:26:43,10000.0,22.0,S
2021-06-24T14:26:11,100000.0,22.0,S
2021-06-24T14:26:05,500.0,22.1,B
2021-06-24T14:25:58,100.0,22.05,S
2021-06-24T14:25:39,100.0,22.1,S
2021-06-24T14:25:39,6800.0,22.1,S
2021-06-24T14:25:24,5000.0,22.1,S
2021-06-24T14:25:15,100.0,22.15,B
2021-06-24T14:25:12,2000.0,22.1,S
2021-06-24T14:25:09,200.0,22.1,S
2021-06-24T14:24:40,5100.0,22.1,B
2021-06-24T14:24:33,10000.0,22.0,S
2021-06-24T14:24:17,100.0,22.1,B
2021-06-24T14:24:16,2000.0,22.1,B
2021-06-24T14:24:00,100.0,22.1,B
2021-06-24T14:23:53,1700.0,22.0,S
2021-06-24T14:23:53,16900.0,22.0,S
2021-06-24T14:23:53,9000.0,22.05,S
2021-06-24T14:23:53,22400.0,22.05,S
2021-06-24T14:23:52,1700.0,22.1,B
2021-06-24T14:23:30,900.0,22.1,B
2021-06-24T14:23:27,15300.0,22.05,S
2021-06-24T14:23:26,100.0,22.1,B
2021-06-24T14:23:22,800.0,22.1,B
2021-06-24T14:23:22,1200.0,22.1,B
2021-06-24T14:23:20,200.0,22.1,B
2021-06-24T14:23:13,3000.0,22.1,B
2021-06-24T14:23:12,200.0,22.1,B
2021-06-24T14:23:12,3000.0,22.1,B
2021-06-24T14:23:05,1000.0,22.1,B
2021-06-24T14:23:00,2000.0,22.1,B
2021-06-24T14:23:00,1000.0,22.1,B
2021-06-24T14:22:54,5000.0,22.1,B
2021-06-24T14:22:39,200.0,22.1,B
2021-06-24T14:22:39,400.0,22.1,B
2021-06-24T14:22:39,100.0,22.1,B
2021-06-24T14:22:24,5000.0,22.1,B
2021-06-24T14:22:22,500.0,22.05,S
2021-06-24T14:22:12,5000.0,22.1,B
2021-06-24T14:22:00,5000.0,22.05,S
2021-06-24T14:21:30,3400.0,22.05,S
2021-06-24T14:21:23,3000.0,22.1,B
2021-06-24T14:20:54,800.0,22.05,B
2021-06-24T14:20:34,5000.0,22.05,B
2021-06-24T14:20:22,200.0,22.05,B
2021-06-24T14:20:18,1000.0,22.0,S
2021-06-24T14:20:06,5000.0,22.05,B
2021-06-24T14:19:53,2000.0,22.0,B
2021-06-24T14:19:29,1100.0,22.0,B
2021-06-24T14:19:21,3000.0,22.0,B
2021-06-24T14:19:21,100.0,22.0,B
2021-06-24T14:19:20,1000.0,22.0,B
2021-06-24T14:19:16,500.0,22.0,B
2021-06-24T14:19:08,500.0,22.0,B
2021-06-24T14:19:06,500.0,22.0,B
2021-06-24T14:19:04,5000.0,22.0,B
2021-06-24T14:19:01,2000.0,22.0,B
2021-06-24T14:18:56,2000.0,22.0,B
2021-06-24T14:18:56,10000.0,22.0,B
2021-06-24T14:18:52,10000.0,22.0,B
2021-06-24T14:18:38,500.0,22.0,B
2021-06-24T14:18:35,5000.0,22.0,B
2021-06-24T14:18:18,1500.0,22.0,B
2021-06-24T14:18:17,1500.0,21.95,S
2021-06-24T14:18:17,300.0,21.95,S
2021-06-24T14:18:17,8200.0,21.95,S
2021-06-24T14:18:16,100.0,22.0,B
2021-06-24T14:18:00,1000.0,21.95,S
2021-06-24T14:17:26,300.0,21.95,S
2021-06-24T14:17:00,2000.0,21.95,B
2021-06-24T14:16:56,1000.0,22.0,B
2021-06-24T14:16:50,1000.0,21.95,B
2021-06-24T14:16:48,15000.0,22.0,B
2021-06-24T14:16:40,1000.0,21.95,B
2021-06-24T14:16:25,36600.0,21.95,B
2021-06-24T14:16:23,1000.0,21.95,B
2021-06-24T14:16:10,1000.0,21.95,B
2021-06-24T14:15:49,100.0,21.95,B
2021-06-24T14:15:48,2000.0,21.95,B
2021-06-24T14:15:39,1600.0,21.9,S
2021-06-24T14:15:38,1000.0,21.95,B
2021-06-24T14:15:31,100.0,21.95,B
2021-06-24T14:15:31,5000.0,21.9,S
2021-06-24T14:15:30,100.0,21.95,B
2021-06-24T14:15:28,2000.0,21.9,S
2021-06-24T14:15:23,3000.0,21.95,B
2021-06-24T14:15:15,1000.0,21.95,B
2021-06-24T14:15:09,400.0,21.9,S
2021-06-24T14:15:06,100.0,21.95,B
2021-06-24T14:15:06,100.0,21.95,B
2021-06-24T14:15:02,400.0,21.95,B
2021-06-24T14:14:54,8000.0,21.95,B
2021-06-24T14:14:46,10000.0,21.95,B
2021-06-24T14:14:38,1000.0,21.95,B
2021-06-24T14:14:36,5000.0,21.9,S
2021-06-24T14:14:33,2000.0,21.95,B
2021-06-24T14:14:25,9700.0,21.95,B
2021-06-24T14:14:23,2000.0,21.95,B
2021-06-24T14:14:21,500.0,22.0,B
2021-06-24T14:14:10,500.0,21.95,B
2021-06-24T14:14:04,5000.0,21.95,B
2021-06-24T14:14:01,700.0,21.95,B
2021-06-24T14:13:46,100.0,21.95,B
2021-06-24T14:13:43,3000.0,21.95,B
2021-06-24T14:13:43,2000.0,21.95,B
2021-06-24T14:13:43,5000.0,21.95,B
2021-06-24T14:13:38,1700.0,21.9,S
2021-06-24T14:13:38,1200.0,21.9,S
2021-06-24T14:13:38,100.0,21.95,B
2021-06-24T14:13:12,100.0,21.95,B
2021-06-24T14:13:07,2000.0,22.0,B
2021-06-24T14:13:01,600.0,21.9,S
2021-06-24T14:13:00,4000.0,21.9,S
2021-06-24T14:13:00,400.0,21.9,S
2021-06-24T14:12:53,1000.0,21.95,B
2021-06-24T14:12:45,100.0,22.0,B
2021-06-24T14:12:44,10000.0,22.0,B
2021-06-24T14:12:39,500.0,21.95,B
2021-06-24T14:12:32,200.0,21.95,B
2021-06-24T14:12:20,4500.0,21.95,S
2021-06-24T14:12:17,100.0,22.0,B
2021-06-24T14:12:14,1000.0,22.0,B
2021-06-24T14:12:09,1000.0,22.0,B
2021-06-24T14:12:04,100.0,21.95,S
2021-06-24T14:12:04,10400.0,21.95,S
2021-06-24T14:11:57,1000.0,22.0,B
2021-06-24T14:11:55,200.0,22.0,B
2021-06-24T14:11:49,500.0,22.0,B
2021-06-24T14:11:45,100.0,22.0,S
2021-06-24T14:11:44,100.0,22.0,S
2021-06-24T14:11:43,100.0,22.0,S
2021-06-24T14:11:41,2000.0,21.95,S
2021-06-24T14:11:38,15000.0,22.0,S
2021-06-24T14:11:33,5000.0,22.0,S
2021-06-24T14:11:31,1000.0,22.0,S
2021-06-24T14:11:29,1000.0,22.0,S
2021-06-24T14:11:28,1000.0,22.0,S
2021-06-24T14:11:26,1000.0,22.0,S
2021-06-24T14:11:26,2500.0,21.95,S
2021-06-24T14:11:22,15000.0,22.0,S
2021-06-24T14:11:14,10000.0,22.0,S
2021-06-24T14:11:10,1000.0,22.0,S
2021-06-24T14:11:08,200.0,22.0,S
2021-06-24T14:10:59,500.0,22.0,S
2021-06-24T14:10:56,1000.0,22.0,S
2021-06-24T14:10:56,5000.0,22.0,S
2021-06-24T14:10:54,1000.0,22.0,S
2021-06-24T14:10:51,10000.0,22.0,S
2021-06-24T14:10:50,500.0,22.0,S
2021-06-24T14:10:50,1800.0,22.0,S
2021-06-24T14:10:50,400.0,22.0,S
2021-06-24T14:10:50,2400.0,22.0,S
2021-06-24T14:10:35,4700.0,22.0,S
2021-06-24T14:10:35,600.0,22.0,S
2021-06-24T14:10:35,700.0,22.0,S
2021-06-24T14:10:34,3300.0,22.0,S
2021-06-24T14:10:34,700.0,22.0,S
2021-06-24T14:10:33,1000.0,22.0,S
2021-06-24T14:10:19,2000.0,22.05,B
2021-06-24T14:10:16,3900.0,22.0,S
2021-06-24T14:10:16,1200.0,22.0,S
2021-06-24T14:10:16,2900.0,22.0,S
2021-06-24T14:10:16,5500.0,22.0,S
2021-06-24T14:10:15,500.0,22.0,S
2021-06-24T14:10:15,1500.0,22.0,S
2021-06-24T14:10:15,34500.0,22.0,S
2021-06-24T14:10:14,1000.0,22.05,B
2021-06-24T14:10:10,500.0,22.0,S
2021-06-24T14:10:08,2000.0,22.05,B
2021-06-24T14:10:05,200.0,22.05,B
2021-06-24T14:10:02,5900.0,22.0,S
2021-06-24T14:10:00,2000.0,22.05,B
2021-06-24T14:09:47,3700.0,22.0,S
2021-06-24T14:09:47,1300.0,22.0,S
2021-06-24T14:09:37,2000.0,22.05,B
2021-06-24T14:09:35,2000.0,22.05,B
2021-06-24T14:09:35,300.0,22.0,S
2021-06-24T14:09:35,200.0,22.0,S
2021-06-24T14:09:34,200.0,22.0,S
2021-06-24T14:09:34,100.0,22.0,S
2021-06-24T14:09:34,9200.0,22.0,S
2021-06-24T14:09:27,3600.0,22.0,S
2021-06-24T14:09:26,6000.0,22.0,S
2021-06-24T14:09:26,600.0,22.0,S
2021-06-24T14:09:25,300.0,22.0,S
2021-06-24T14:09:25,2000.0,22.0,S
2021-06-24T14:09:25,1300.0,22.0,S
2021-06-24T14:09:25,200.0,22.0,S
2021-06-24T14:09:25,100.0,22.0,S
2021-06-24T14:09:25,5900.0,22.0,S
2021-06-24T14:09:22,10000.0,22.0,S
2021-06-24T14:09:15,400.0,22.05,B
2021-06-24T14:09:03,4300.0,22.0,S
2021-06-24T14:09:03,2000.0,22.0,S
2021-06-24T14:09:03,2000.0,22.0,S
2021-06-24T14:09:03,13700.0,22.0,S
2021-06-24T14:09:02,1000.0,22.0,S
2021-06-24T14:09:02,11000.0,22.0,S
2021-06-24T14:08:59,10000.0,22.0,S
2021-06-24T14:08:57,100.0,22.05,B
2021-06-24T14:08:56,1200.0,22.0,S
2021-06-24T14:08:56,6000.0,22.0,S
2021-06-24T14:08:56,2800.0,22.0,S
2021-06-24T14:08:53,1000.0,22.05,B
2021-06-24T14:08:41,300.0,22.0,S
2021-06-24T14:08:40,8800.0,22.05,B
2021-06-24T14:08:40,36600.0,22.0,S
2021-06-24T14:08:39,5600.0,22.0,S
2021-06-24T14:08:35,100.0,22.0,S
2021-06-24T14:08:32,20000.0,22.0,S
2021-06-24T14:08:19,2600.0,22.0,S
2021-06-24T14:08:19,1300.0,22.0,S
2021-06-24T14:08:19,6700.0,22.0,S
2021-06-24T14:08:19,3100.0,22.0,S
2021-06-24T14:08:19,1500.0,22.0,S
2021-06-24T14:08:19,900.0,22.0,S
2021-06-24T14:08:19,4000.0,22.0,S
2021-06-24T14:08:18,10800.0,22.0,S
2021-06-24T14:08:14,6400.0,22.0,S
2021-06-24T14:08:14,23500.0,22.0,S
2021-06-24T14:08:14,2600.0,22.0,S
2021-06-24T14:08:14,12500.0,22.0,S
2021-06-24T14:07:58,700.0,22.0,S
2021-06-24T14:07:55,2000.0,22.0,S
2021-06-24T14:07:45,5100.0,22.05,S
2021-06-24T14:07:39,1000.0,22.05,S
2021-06-24T14:07:35,10100.0,22.0,S
2021-06-24T14:07:35,300.0,22.0,S
2021-06-24T14:07:35,8200.0,22.0,S
2021-06-24T14:07:35,800.0,22.0,S
2021-06-24T14:07:35,6100.0,22.0,S
2021-06-24T14:07:35,2300.0,22.0,S
2021-06-24T14:07:35,400.0,22.0,S
2021-06-24T14:07:35,21800.0,22.0,S
2021-06-24T14:07:35,2900.0,22.1,B
2021-06-24T14:07:35,5000.0,22.05,S
2021-06-24T14:07:34,2100.0,22.05,S
2021-06-24T14:07:29,5000.0,22.0,S
2021-06-24T14:07:29,100.0,22.05,S
2021-06-24T14:07:27,200.0,22.05,S
2021-06-24T14:07:25,1300.0,22.05,S
2021-06-24T14:07:25,200.0,22.05,S
2021-06-24T14:07:25,6100.0,22.05,S
2021-06-24T14:07:21,200.0,22.1,B
2021-06-24T14:07:19,5000.0,22.05,S
2021-06-24T14:07:15,500.0,22.1,B
2021-06-24T14:07:14,20500.0,22.05,S
2021-06-24T14:07:07,5000.0,22.05,S
2021-06-24T14:06:57,1000.0,22.05,S
2021-06-24T14:06:57,100.0,22.05,S
2021-06-24T14:06:56,1000.0,22.05,S
2021-06-24T14:06:55,10000.0,22.05,S
2021-06-24T14:06:45,2000.0,22.1,B
2021-06-24T14:06:44,3000.0,22.05,S
2021-06-24T14:06:42,100.0,22.1,B
2021-06-24T14:06:42,1700.0,22.05,S
2021-06-24T14:06:41,2300.0,22.05,S
2021-06-24T14:06:34,20000.0,22.05,S
2021-06-24T14:05:57,100.0,22.1,B
2021-06-24T14:05:57,600.0,22.05,S
2021-06-24T14:05:54,1000.0,22.1,B
2021-06-24T14:05:49,1000.0,22.1,B
2021-06-24T14:05:48,1000.0,22.05,S
2021-06-24T14:05:32,1000.0,22.05,S
2021-06-24T14:05:23,2000.0,22.1,B
2021-06-24T14:04:55,200.0,22.1,B
2021-06-24T14:04:54,100.0,22.1,B
2021-06-24T14:04:52,300.0,22.1,B
2021-06-24T14:04:42,20000.0,22.1,S
2021-06-24T14:04:24,1000.0,22.1,S
2021-06-24T14:04:19,1000.0,22.1,S
2021-06-24T14:04:11,1000.0,22.1,S
2021-06-24T14:04:09,5000.0,22.05,S
2021-06-24T14:04:06,1200.0,22.1,S
2021-06-24T14:04:04,100.0,22.1,S
2021-06-24T14:04:02,100.0,22.1,S
2021-06-24T14:04:02,1000.0,22.1,S
2021-06-24T14:03:54,200.0,22.1,S
2021-06-24T14:03:32,100.0,22.1,S
2021-06-24T14:03:19,11000.0,22.05,S
2021-06-24T14:03:14,5000.0,22.1,S
2021-06-24T14:03:13,5000.0,22.1,S
2021-06-24T14:03:06,5000.0,22.1,S
2021-06-24T14:03:05,500.0,22.1,S
2021-06-24T14:03:00,29600.0,22.1,S
2021-06-24T14:02:45,10000.0,22.1,S
2021-06-24T14:02:35,79400.0,22.05,S
2021-06-24T14:02:27,2000.0,22.1,S
2021-06-24T14:02:07,1000.0,22.1,S
2021-06-24T14:01:54,100.0,22.1,S
2021-06-24T14:01:44,2600.0,22.1,S
2021-06-24T14:01:42,2400.0,22.1,S
2021-06-24T14:01:38,5000.0,22.1,S
2021-06-24T14:01:38,22600.0,22.1,S
2021-06-24T14:01:36,200.0,22.15,B
2021-06-24T14:01:25,900.0,22.15,B
2021-06-24T14:01:24,800.0,22.15,B
2021-06-24T14:01:24,9200.0,22.15,B
2021-06-24T14:01:16,3000.0,22.15,B
2021-06-24T14:01:11,1500.0,22.15,B
2021-06-24T14:01:11,400.0,22.15,B
2021-06-24T14:01:05,200.0,22.15,B
2021-06-24T14:00:55,3200.0,22.1,S
2021-06-24T14:00:55,700.0,22.1,S
2021-06-24T14:00:55,2100.0,22.1,S
2021-06-24T14:00:50,5100.0,22.1,S
2021-06-24T14:00:50,3100.0,22.1,S
2021-06-24T14:00:50,600.0,22.1,S
2021-06-24T14:00:50,2100.0,22.1,S
2021-06-24T14:00:50,2100.0,22.1,S
2021-06-24T14:00:50,2200.0,22.1,S
2021-06-24T14:00:50,1400.0,22.1,S
2021-06-24T14:00:50,300.0,22.1,S
2021-06-24T14:00:50,700.0,22.1,S
2021-06-24T14:00:50,9400.0,22.1,S
2021-06-24T14:00:50,4800.0,22.1,S
2021-06-24T14:00:50,2100.0,22.1,S
2021-06-24T14:00:50,2000.0,22.1,S
2021-06-24T14:00:50,800.0,22.1,S
2021-06-24T14:00:50,20700.0,22.1,S
2021-06-24T14:00:50,2100.0,22.1,S
2021-06-24T14:00:49,500.0,22.1,S
2021-06-24T14:00:40,5000.0,22.15,S
2021-06-24T14:00:31,200.0,22.15,S
2021-06-24T14:00:29,3000.0,22.15,S
2021-06-24T14:00:22,2000.0,22.15,S
2021-06-24T14:00:05,100.0,22.15,S
2021-06-24T14:00:00,500.0,22.15,S
2021-06-24T13:59:53,200.0,22.15,S
2021-06-24T13:59:43,5200.0,22.15,S
2021-06-24T13:59:43,3300.0,22.15,S
2021-06-24T13:59:43,2300.0,22.15,S
2021-06-24T13:59:43,3400.0,22.15,S
2021-06-24T13:59:43,500.0,22.15,S
2021-06-24T13:59:30,2000.0,22.15,S
2021-06-24T13:59:28,100.0,22.15,S
2021-06-24T13:58:18,200.0,22.2,B
2021-06-24T13:58:10,2000.0,22.2,B
2021-06-24T13:58:04,1400.0,22.15,S
2021-06-24T13:58:03,7800.0,22.15,S
2021-06-24T13:58:03,2000.0,22.15,S
2021-06-24T13:58:03,3500.0,22.15,S
2021-06-24T13:58:03,5000.0,22.15,S
2021-06-24T13:58:03,1000.0,22.15,S
2021-06-24T13:58:03,700.0,22.15,S
2021-06-24T13:58:03,1400.0,22.15,S
2021-06-24T13:58:03,500.0,22.15,S
2021-06-24T13:58:03,1500.0,22.15,S
2021-06-24T13:58:03,1400.0,22.15,S
2021-06-24T13:58:03,3800.0,22.15,S
2021-06-24T13:57:36,500.0,22.2,B
2021-06-24T13:57:27,100.0,22.2,B
2021-06-24T13:57:23,600.0,22.2,B
2021-06-24T13:57:16,500.0,22.15,S
2021-06-24T13:57:15,6000.0,22.15,S
2021-06-24T13:56:56,100.0,22.2,B
2021-06-24T13:56:50,500.0,22.2,B
2021-06-24T13:56:36,8000.0,22.2,B
2021-06-24T13:56:18,400.0,22.2,B
2021-06-24T13:55:11,100.0,22.2,B
2021-06-24T13:55:04,10000.0,22.2,S
2021-06-24T13:54:49,200.0,22.2,S
2021-06-24T13:54:48,100.0,22.2,S
2021-06-24T13:54:47,7900.0,22.2,S
2021-06-24T13:54:43,100.0,22.2,S
2021-06-24T13:54:41,7000.0,22.2,S
2021-06-24T13:54:41,3000.0,22.2,S
2021-06-24T13:54:40,6000.0,22.2,S
2021-06-24T13:53:16,3000.0,22.2,S
2021-06-24T13:53:09,7000.0,22.2,S
2021-06-24T13:53:07,8300.0,22.2,S
2021-06-24T13:53:07,1700.0,22.2,S
2021-06-24T13:53:01,1000.0,22.2,S
2021-06-24T13:52:39,17800.0,22.2,B
2021-06-24T13:52:12,1000.0,22.2,B
2021-06-24T13:52:10,1200.0,22.2,B
2021-06-24T13:52:08,800.0,22.2,B
2021-06-24T13:51:56,100.0,22.2,B
2021-06-24T13:51:56,3500.0,22.2,B
2021-06-24T13:51:47,47500.0,22.2,B
2021-06-24T13:51:42,100.0,22.2,B
2021-06-24T13:51:38,2000.0,22.2,B
2021-06-24T13:51:33,1500.0,22.2,B
2021-06-24T13:51:26,1000.0,22.2,B
2021-06-24T13:51:18,100.0,22.2,S
2021-06-24T13:51:00,100.0,22.2,S
2021-06-24T13:50:59,4100.0,22.2,S
2021-06-24T13:50:59,700.0,22.2,S
2021-06-24T13:50:59,600.0,22.2,S
2021-06-24T13:50:59,400.0,22.2,S
2021-06-24T13:50:59,1100.0,22.2,S
2021-06-24T13:50:59,5000.0,22.2,S
2021-06-24T13:50:59,7900.0,22.2,S
2021-06-24T13:50:59,500.0,22.2,S
2021-06-24T13:50:59,2200.0,22.2,S
2021-06-24T13:50:59,500.0,22.2,S
2021-06-24T13:50:59,500.0,22.2,S
2021-06-24T13:50:59,1500.0,22.2,S
2021-06-24T13:50:59,13000.0,22.2,S
2021-06-24T13:50:59,1100.0,22.2,S
2021-06-24T13:50:58,800.0,22.2,S
2021-06-24T13:50:58,4700.0,22.2,S
2021-06-24T13:50:58,25500.0,22.2,S
2021-06-24T13:50:58,2700.0,22.2,S
2021-06-24T13:50:54,100.0,22.25,B
2021-06-24T13:50:31,100.0,22.2,S
2021-06-24T13:50:20,700.0,22.2,S
2021-06-24T13:50:19,500.0,22.25,B
2021-06-24T13:50:10,200.0,22.2,S
2021-06-24T13:50:08,800.0,22.25,B
2021-06-24T13:50:08,200.0,22.25,B
2021-06-24T13:50:08,200.0,22.25,B
2021-06-24T13:50:02,1000.0,22.2,S
2021-06-24T13:49:57,5700.0,22.25,B
2021-06-24T13:49:50,500.0,22.25,B
2021-06-24T13:49:49,200.0,22.2,S
2021-06-24T13:49:40,3300.0,22.25,B
2021-06-24T13:49:40,5200.0,22.25,B
2021-06-24T13:49:33,700.0,22.2,S
2021-06-24T13:49:10,100.0,22.25,B
2021-06-24T13:48:13,100.0,22.25,B
2021-06-24T13:48:02,1000.0,22.2,S
2021-06-24T13:47:40,3000.0,22.2,S
2021-06-24T13:47:16,100.0,22.2,S
2021-06-24T13:47:06,100.0,22.25,B
2021-06-24T13:46:58,100.0,22.25,B
2021-06-24T13:46:40,800.0,22.25,B
2021-06-24T13:46:12,100.0,22.25,B
2021-06-24T13:46:11,400.0,22.25,B
2021-06-24T13:45:55,1000.0,22.25,B
2021-06-24T13:45:54,1000.0,22.25,B
2021-06-24T13:45:26,100.0,22.25,B
2021-06-24T13:45:25,100.0,22.25,B
2021-06-24T13:45:13,5000.0,22.25,B
2021-06-24T13:44:50,3000.0,22.25,B
2021-06-24T13:44:47,800.0,22.25,B
2021-06-24T13:44:42,500.0,22.25,B
2021-06-24T13:44:40,100.0,22.25,B
2021-06-24T13:44:32,2000.0,22.25,B
2021-06-24T13:44:23,1000.0,22.25,S
2021-06-24T13:44:22,100.0,22.25,S
2021-06-24T13:44:17,200.0,22.25,S
2021-06-24T13:44:16,10000.0,22.25,S
2021-06-24T13:44:06,5000.0,22.3,B
2021-06-24T13:43:54,200.0,22.25,S
2021-06-24T13:43:50,20000.0,22.25,S
2021-06-24T13:43:30,500.0,22.25,B
2021-06-24T13:43:30,10500.0,22.25,B
2021-06-24T13:43:30,3600.0,22.25,B
2021-06-24T13:43:28,500.0,22.25,B
2021-06-24T13:42:59,200.0,22.25,B
2021-06-24T13:42:58,100.0,22.25,B
2021-06-24T13:42:57,300.0,22.25,B
2021-06-24T13:42:55,2000.0,22.2,S
2021-06-24T13:42:24,100.0,22.25,B
2021-06-24T13:42:12,2000.0,22.2,S
2021-06-24T13:42:11,200.0,22.25,B
2021-06-24T13:41:42,57400.0,22.2,B
2021-06-24T13:41:40,1000.0,22.2,B
2021-06-24T13:41:36,3000.0,22.2,B
2021-06-24T13:41:32,100.0,22.2,B
2021-06-24T13:41:28,1000.0,22.2,B
2021-06-24T13:41:24,100.0,22.2,B
2021-06-24T13:41:20,600.0,22.2,B
2021-06-24T13:41:17,100.0,22.2,B
2021-06-24T13:41:13,1500.0,22.2,S
2021-06-24T13:41:07,100.0,22.2,S
2021-06-24T13:41:07,2200.0,22.2,S
2021-06-24T13:41:07,1300.0,22.2,S
2021-06-24T13:41:07,1300.0,22.2,S
2021-06-24T13:41:07,600.0,22.2,S
2021-06-24T13:41:07,10400.0,22.2,S
2021-06-24T13:41:07,600.0,22.2,S
2021-06-24T13:41:07,2000.0,22.2,S
2021-06-24T13:41:07,3000.0,22.2,S
2021-06-24T13:41:07,5100.0,22.2,S
2021-06-24T13:41:07,1300.0,22.2,S
2021-06-24T13:41:07,1400.0,22.2,S
2021-06-24T13:41:07,6400.0,22.2,S
2021-06-24T13:41:07,3600.0,22.2,S
2021-06-24T13:41:07,40000.0,22.2,S
2021-06-24T13:41:06,100.0,22.2,S
2021-06-24T13:41:06,1200.0,22.2,S
2021-06-24T13:41:06,6000.0,22.2,S
2021-06-24T13:41:06,5600.0,22.2,S
2021-06-24T13:41:06,1100.0,22.2,S
2021-06-24T13:41:06,1600.0,22.2,S
2021-06-24T13:41:06,3000.0,22.2,S
2021-06-24T13:41:06,12200.0,22.2,S
2021-06-24T13:41:06,8100.0,22.2,S
2021-06-24T13:41:06,5800.0,22.2,S
2021-06-24T13:41:06,1000.0,22.2,S
2021-06-24T13:41:06,2300.0,22.2,S
2021-06-24T13:41:06,100.0,22.2,S
2021-06-24T13:41:06,1800.0,22.2,S
2021-06-24T13:41:06,1600.0,22.2,S
2021-06-24T13:41:06,400.0,22.2,S
2021-06-24T13:41:06,10500.0,22.2,S
2021-06-24T13:41:06,5300.0,22.2,S
2021-06-24T13:41:06,7200.0,22.2,S
2021-06-24T13:41:06,7800.0,22.2,S
2021-06-24T13:41:05,11500.0,22.2,S
2021-06-24T13:41:05,2400.0,22.25,S
2021-06-24T13:41:05,5000.0,22.25,S
2021-06-24T13:41:05,4200.0,22.25,S
2021-06-24T13:41:05,1900.0,22.25,S
2021-06-24T13:41:05,7500.0,22.25,S
2021-06-24T13:41:05,2000.0,22.25,S
2021-06-24T13:41:05,2500.0,22.25,S
2021-06-24T13:41:05,14000.0,22.25,S
2021-06-24T13:40:48,27000.0,22.25,S
2021-06-24T13:40:41,300.0,22.25,S
2021-06-24T13:38:38,6000.0,22.25,S
2021-06-24T13:38:37,500.0,22.3,B
2021-06-24T13:38:36,200.0,22.3,B
2021-06-24T13:38:21,200.0,22.3,B
2021-06-24T13:38:15,400.0,22.3,B
2021-06-24T13:38:14,900.0,22.3,B
2021-06-24T13:38:09,100.0,22.3,B
2021-06-24T13:37:52,100.0,22.3,B
2021-06-24T13:37:47,200.0,22.3,B
2021-06-24T13:37:40,300.0,22.3,B
2021-06-24T13:37:38,600.0,22.3,B
2021-06-24T13:37:26,1100.0,22.3,B
2021-06-24T13:37:26,1000.0,22.3,B
2021-06-24T13:37:23,500.0,22.3,B
2021-06-24T13:37:22,100.0,22.3,B
2021-06-24T13:36:50,500.0,22.3,B
2021-06-24T13:36:45,400.0,22.25,S
2021-06-24T13:36:45,1500.0,22.25,S
2021-06-24T13:36:44,100.0,22.25,S
2021-06-24T13:36:38,300.0,22.3,B
2021-06-24T13:36:09,2000.0,22.3,B
2021-06-24T13:36:03,100.0,22.3,B
2021-06-24T13:36:03,1000.0,22.3,B
2021-06-24T13:35:42,400.0,22.25,S
2021-06-24T13:35:42,2000.0,22.25,S
2021-06-24T13:35:42,100.0,22.25,S
2021-06-24T13:35:42,3200.0,22.25,S
2021-06-24T13:35:42,1000.0,22.25,S
2021-06-24T13:35:42,2600.0,22.25,S
2021-06-24T13:35:35,100.0,22.3,B
2021-06-24T13:35:22,10000.0,22.3,B
2021-06-24T13:35:00,1000.0,22.3,B
2021-06-24T13:34:59,1000.0,22.3,B
2021-06-24T13:34:48,10000.0,22.3,B
2021-06-24T13:34:43,500.0,22.3,B
2021-06-24T13:34:23,5000.0,22.25,S
2021-06-24T13:33:55,200.0,22.25,S
2021-06-24T13:33:50,500.0,22.3,B
2021-06-24T13:33:50,500.0,22.3,B
2021-06-24T13:33:39,200.0,22.25,S
2021-06-24T13:33:39,100.0,22.25,S
2021-06-24T13:32:29,3000.0,22.25,S
2021-06-24T13:32:26,1000.0,22.3,B
2021-06-24T13:32:07,3200.0,22.25,B
2021-06-24T13:31:58,2900.0,22.25,B
2021-06-24T13:31:19,200.0,22.25,S
2021-06-24T13:31:19,10200.0,22.25,S
2021-06-24T13:31:19,1700.0,22.25,S
2021-06-24T13:31:19,5700.0,22.25,S
2021-06-24T13:31:19,4000.0,22.25,S
2021-06-24T13:31:19,1000.0,22.25,S
2021-06-24T13:31:18,5900.0,22.25,S
2021-06-24T13:31:18,300.0,22.25,S
2021-06-24T13:31:18,8500.0,22.25,S
2021-06-24T13:31:18,44000.0,22.25,S
2021-06-24T13:31:18,3300.0,22.25,S
2021-06-24T13:31:18,700.0,22.25,S
2021-06-24T13:31:18,700.0,22.25,S
2021-06-24T13:31:18,1500.0,22.25,S
2021-06-24T13:31:18,8100.0,22.25,S
2021-06-24T13:31:18,3100.0,22.25,S
2021-06-24T13:29:48,1000.0,22.25,S
2021-06-24T13:28:25,1000.0,22.3,B
2021-06-24T13:28:15,1000.0,22.25,S
2021-06-24T13:27:40,3000.0,22.25,S
2021-06-24T13:27:19,200.0,22.3,B
2021-06-24T13:26:18,300.0,22.25,S
2021-06-24T13:25:56,100.0,22.3,B
2021-06-24T13:25:39,3000.0,22.25,S
2021-06-24T13:25:22,1000.0,22.25,B
2021-06-24T13:25:22,400.0,22.25,B
2021-06-24T13:25:19,300.0,22.25,B
2021-06-24T13:25:13,500.0,22.25,B
2021-06-24T13:25:09,100.0,22.25,B
2021-06-24T13:25:09,200.0,22.25,B
2021-06-24T13:25:01,500.0,22.25,B
2021-06-24T13:25:00,9500.0,22.25,B
2021-06-24T13:24:52,2000.0,22.25,B
2021-06-24T13:24:50,200.0,22.25,B
2021-06-24T13:24:49,200.0,22.25,B
2021-06-24T13:24:46,200.0,22.25,B
2021-06-24T13:24:33,300.0,22.25,B
2021-06-24T13:24:29,1000.0,22.25,B
2021-06-24T13:24:28,1000.0,22.25,B
2021-06-24T13:24:23,2000.0,22.25,B
2021-06-24T13:24:09,1000.0,22.25,B
2021-06-24T13:24:08,3000.0,22.25,B
2021-06-24T13:23:34,100.0,22.25,B
2021-06-24T13:23:30,3000.0,22.25,B
2021-06-24T13:23:25,800.0,22.25,B
2021-06-24T13:23:20,300.0,22.25,B
2021-06-24T13:23:18,100.0,22.25,B
2021-06-24T13:23:06,3000.0,22.25,B
2021-06-24T13:23:03,100.0,22.25,B
2021-06-24T13:22:55,1000.0,22.25,B
2021-06-24T13:22:52,100.0,22.25,B
2021-06-24T13:22:44,500.0,22.25,S
2021-06-24T13:22:44,2100.0,22.25,S
2021-06-24T13:22:08,500.0,22.25,S
2021-06-24T13:22:08,2000.0,22.25,S
2021-06-24T13:22:08,6000.0,22.25,S
2021-06-24T13:22:08,12300.0,22.25,S
2021-06-24T13:22:08,1100.0,22.25,S
2021-06-24T13:22:08,1400.0,22.25,S
2021-06-24T13:22:08,600.0,22.25,S
2021-06-24T13:22:08,1300.0,22.25,S
2021-06-24T13:22:08,1400.0,22.25,S
2021-06-24T13:22:08,3400.0,22.25,S
2021-06-24T13:22:06,300.0,22.25,S
2021-06-24T13:22:06,700.0,22.25,S
2021-06-24T13:22:00,500.0,22.3,B
2021-06-24T13:21:40,2100.0,22.25,S
2021-06-24T13:21:38,6200.0,22.25,S
2021-06-24T13:21:16,100.0,22.3,B
2021-06-24T13:21:06,20000.0,22.25,S
2021-06-24T13:20:53,200.0,22.25,S
2021-06-24T13:20:22,19000.0,22.25,S
2021-06-24T13:20:08,2000.0,22.25,S
2021-06-24T13:19:54,5000.0,22.3,B
2021-06-24T13:19:46,100.0,22.3,B
2021-06-24T13:19:36,100.0,22.3,B
2021-06-24T13:19:25,1300.0,22.3,B
2021-06-24T13:19:20,10000.0,22.3,B
2021-06-24T13:19:16,2000.0,22.3,B
2021-06-24T13:18:59,1000.0,22.3,B
2021-06-24T13:18:43,2000.0,22.3,B
2021-06-24T13:18:35,1000.0,22.3,B
2021-06-24T13:18:32,700.0,22.3,B
2021-06-24T13:18:21,5000.0,22.3,B
2021-06-24T13:18:19,200.0,22.3,B
2021-06-24T13:18:09,400.0,22.3,B
2021-06-24T13:18:00,1000.0,22.3,B
2021-06-24T13:17:57,5000.0,22.3,B
2021-06-24T13:17:57,100.0,22.3,B
2021-06-24T13:17:53,1000.0,22.3,B
2021-06-24T13:17:35,5000.0,22.3,B
2021-06-24T13:17:30,1000.0,22.3,B
2021-06-24T13:17:25,300.0,22.3,B
2021-06-24T13:17:18,2300.0,22.3,B
2021-06-24T13:16:59,110000.0,22.25,B
2021-06-24T13:16:55,1000.0,22.25,B
2021-06-24T13:16:49,500.0,22.25,B
2021-06-24T13:16:28,1000.0,22.25,B
2021-06-24T13:16:22,1000.0,22.25,B
2021-06-24T13:16:15,500.0,22.25,B
2021-06-24T13:16:06,5000.0,22.25,B
2021-06-24T13:15:43,1000.0,22.25,B
2021-06-24T13:15:41,1000.0,22.25,B
2021-06-24T13:15:30,900.0,22.25,B
2021-06-24T13:15:21,3000.0,22.25,B
2021-06-24T13:15:18,100.0,22.25,B
2021-06-24T13:15:07,3500.0,22.25,B
2021-06-24T13:15:03,4000.0,22.25,B
2021-06-24T13:14:53,3600.0,22.25,B
2021-06-24T13:14:49,3600.0,22.25,B
2021-06-24T13:14:49,3200.0,22.25,B
2021-06-24T13:14:35,3000.0,22.2,S
2021-06-24T13:14:33,200.0,22.2,S
2021-06-24T13:14:33,1100.0,22.2,S
2021-06-24T13:14:33,3500.0,22.2,S
2021-06-24T13:14:33,500.0,22.2,S
2021-06-24T13:14:32,4700.0,22.2,S
2021-06-24T13:14:23,6000.0,22.2,S
2021-06-24T13:14:19,1600.0,22.25,B
2021-06-24T13:14:13,2000.0,22.25,B
2021-06-24T13:14:10,50000.0,22.25,B
2021-06-24T13:13:56,1000.0,22.25,B
2021-06-24T13:13:41,300.0,22.25,B
2021-06-24T13:13:30,500.0,22.25,B
2021-06-24T13:13:19,500.0,22.25,B
2021-06-24T13:13:17,100.0,22.25,B
2021-06-24T13:13:15,5000.0,22.25,B
2021-06-24T13:13:10,2000.0,22.25,B
2021-06-24T13:13:02,1000.0,22.25,B
2021-06-24T13:12:53,400.0,22.25,B
2021-06-24T13:12:05,5000.0,22.25,B
2021-06-24T13:12:01,2000.0,22.25,S
2021-06-24T13:12:01,4000.0,22.25,S
2021-06-24T13:12:01,1300.0,22.25,S
2021-06-24T13:12:01,1100.0,22.25,S
2021-06-24T13:12:01,12300.0,22.25,S
2021-06-24T13:12:01,1000.0,22.25,S
2021-06-24T13:12:01,18000.0,22.25,S
2021-06-24T13:11:54,500.0,22.25,S
2021-06-24T13:11:38,1500.0,22.25,S
2021-06-24T13:11:25,100.0,22.3,B
2021-06-24T13:11:19,5300.0,22.3,B
2021-06-24T13:11:15,100.0,22.3,B
2021-06-24T13:11:14,900.0,22.3,B
2021-06-24T13:11:10,500.0,22.3,B
2021-06-24T13:10:50,4000.0,22.3,B
2021-06-24T13:10:48,7500.0,22.3,B
2021-06-24T13:10:24,5300.0,22.3,B
2021-06-24T13:07:52,1000.0,22.25,S
2021-06-24T13:05:09,200.0,22.25,B
2021-06-24T13:05:09,5000.0,22.25,B
2021-06-24T13:05:01,4800.0,22.25,B
2021-06-24T13:04:47,500.0,22.25,B
2021-06-24T13:04:40,100.0,22.25,B
2021-06-24T13:04:39,7000.0,22.25,B
2021-06-24T13:04:29,2400.0,22.25,B
2021-06-24T13:04:28,600.0,22.25,B
2021-06-24T13:04:23,3000.0,22.25,B
2021-06-24T13:04:07,1400.0,22.25,B
2021-06-24T13:04:01,1000.0,22.25,S
2021-06-24T13:03:54,300.0,22.25,S
2021-06-24T13:03:39,100.0,22.25,B
2021-06-24T13:03:32,4600.0,22.25,B
2021-06-24T13:03:32,400.0,22.25,B
2021-06-24T13:03:13,2000.0,22.25,B
2021-06-24T13:02:54,5000.0,22.25,B
2021-06-24T13:02:48,100.0,22.25,S
2021-06-24T13:02:48,200.0,22.25,S
2021-06-24T13:02:48,600.0,22.25,S
2021-06-24T13:02:48,200.0,22.25,S
2021-06-24T13:02:48,300.0,22.25,S
2021-06-24T13:02:48,1200.0,22.25,S
2021-06-24T13:02:41,4800.0,22.25,S
2021-06-24T13:02:41,200.0,22.25,S
2021-06-24T13:02:34,800.0,22.25,S
2021-06-24T13:02:34,19300.0,22.25,S
2021-06-24T13:02:18,100.0,22.3,B
2021-06-24T13:01:52,500.0,22.3,B
2021-06-24T13:01:50,5000.0,22.3,B
2021-06-24T13:01:50,1500.0,22.25,S
2021-06-24T13:01:48,5000.0,22.25,S
2021-06-24T13:01:39,100.0,22.3,B
2021-06-24T13:01:26,100.0,22.3,S
2021-06-24T13:01:25,2100.0,22.3,S
2021-06-24T13:01:25,1000.0,22.3,S
2021-06-24T13:01:25,3500.0,22.3,S
2021-06-24T13:01:25,7600.0,22.3,S
2021-06-24T13:01:24,100.0,22.35,B
2021-06-24T13:00:58,1000.0,22.3,S
2021-06-24T13:00:23,2000.0,22.3,S
2021-06-24T13:00:18,100.0,22.3,S
2021-06-24T13:00:18,100.0,22.3,S
2021-06-24T13:00:18,5000.0,22.35,B
2021-06-24T13:00:16,500.0,22.35,B
2021-06-24T13:00:13,100.0,22.35,B
2021-06-24T13:00:13,3000.0,22.3,S
2021-06-24T13:00:13,400.0,22.35,B
2021-06-24T13:00:12,2000.0,22.3,S
2021-06-24T13:00:08,6000.0,22.35,B
2021-06-24T13:00:08,200.0,22.3,S
2021-06-24T13:00:08,100.0,22.35,B
2021-06-24T13:00:08,100.0,22.35,B
2021-06-24T13:00:08,1600.0,22.3,S
2021-06-24T13:00:08,100.0,22.3,S
2021-06-24T13:00:08,500.0,22.25,S
2021-06-24T13:00:08,34300.0,22.3,S
2021-06-24T13:00:08,10000.0,22.3,S
2021-06-24T13:00:08,22700.0,22.3,S
2021-06-24T13:00:08,3600.0,22.3,S
2021-06-24T13:00:08,700.0,22.3,S
2021-06-24T13:00:08,19100.0,22.3,S
2021-06-24T11:30:07,6200.0,22.3,S
2021-06-24T11:30:07,400.0,22.3,S
2021-06-24T11:30:07,3400.0,22.3,S
2021-06-24T11:30:07,10000.0,22.3,S
2021-06-24T11:29:35,400.0,22.35,B
2021-06-24T11:29:12,1000.0,22.35,S
2021-06-24T11:29:12,200.0,22.35,S
2021-06-24T11:28:43,300.0,22.35,B
2021-06-24T11:28:43,20000.0,22.35,B
2021-06-24T11:28:30,10000.0,22.35,B
2021-06-24T11:28:27,400.0,22.35,B
2021-06-24T11:28:08,200.0,22.35,B
2021-06-24T11:27:03,4100.0,22.35,B
2021-06-24T11:26:56,1000.0,22.35,S
2021-06-24T11:26:52,1000.0,22.35,S
2021-06-24T11:25:49,800.0,22.35,B
2021-06-24T11:25:42,9200.0,22.35,B
2021-06-24T11:25:30,400.0,22.35,S
2021-06-24T11:24:48,1000.0,22.35,S
2021-06-24T11:24:19,500.0,22.35,S
2021-06-24T11:23:46,200.0,22.35,B
2021-06-24T11:23:38,300.0,22.35,B
2021-06-24T11:23:01,800.0,22.35,S
2021-06-24T11:21:45,100.0,22.4,B
2021-06-24T11:21:13,2300.0,22.3,S
2021-06-24T11:21:08,500.0,22.35,B
2021-06-24T11:21:01,200.0,22.35,B
2021-06-24T11:21:01,14800.0,22.35,B
2021-06-24T11:20:44,1500.0,22.3,S
2021-06-24T11:20:44,2300.0,22.3,S
2021-06-24T11:20:44,8200.0,22.3,S
2021-06-24T11:20:33,1000.0,22.35,B
2021-06-24T11:20:09,2300.0,22.35,S
2021-06-24T11:18:21,1600.0,22.35,B
2021-06-24T11:18:07,1000.0,22.35,B
2021-06-24T11:18:00,1000.0,22.35,B
2021-06-24T11:17:19,7000.0,22.35,B
2021-06-24T11:16:51,300.0,22.35,S
2021-06-24T11:16:50,100.0,22.35,S
2021-06-24T11:16:17,9900.0,22.35,B
2021-06-24T11:15:38,500.0,22.3,S
2021-06-24T11:15:23,100.0,22.35,B
2021-06-24T11:15:11,2500.0,22.4,B
2021-06-24T11:15:06,10000.0,22.3,S
2021-06-24T11:13:23,1000.0,22.4,B
2021-06-24T11:11:39,500.0,22.4,B
2021-06-24T11:10:54,3200.0,22.3,S
2021-06-24T11:10:54,8800.0,22.35,S
2021-06-24T11:10:47,500.0,22.4,B
2021-06-24T11:10:20,500.0,22.4,B
2021-06-24T11:09:19,6000.0,22.35,S
2021-06-24T11:07:41,5000.0,22.35,S
2021-06-24T11:06:31,900.0,22.4,B
2021-06-24T11:06:27,100.0,22.4,B
2021-06-24T11:06:04,1600.0,22.45,B
2021-06-24T11:06:03,400.0,22.4,B
2021-06-24T11:06:01,500.0,22.4,B
2021-06-24T11:05:33,300.0,22.4,B
2021-06-24T11:05:09,500.0,22.4,B
2021-06-24T11:05:06,20000.0,22.3,S
2021-06-24T11:05:01,400.0,22.35,B
2021-06-24T11:04:36,300.0,22.35,B
2021-06-24T11:04:16,2000.0,22.35,B
2021-06-24T11:04:16,200.0,22.35,B
2021-06-24T11:04:14,6500.0,22.3,S
2021-06-24T11:04:14,3500.0,22.3,S
2021-06-24T11:04:05,100.0,22.35,B
2021-06-24T11:03:35,13000.0,22.35,S
2021-06-24T11:03:35,300.0,22.35,S
2021-06-24T11:03:35,2100.0,22.35,S
2021-06-24T11:03:35,5700.0,22.35,S
2021-06-24T11:03:34,5000.0,22.4,S
2021-06-24T11:03:29,300.0,22.4,S
2021-06-24T11:02:29,20000.0,22.4,S
2021-06-24T11:02:22,3000.0,22.45,B
2021-06-24T11:02:14,100.0,22.45,B
2021-06-24T11:01:49,1000.0,22.45,B
2021-06-24T11:01:47,40000.0,22.45,B
2021-06-24T11:01:44,100.0,22.45,B
2021-06-24T11:01:19,1000.0,22.45,B
2021-06-24T11:01:03,4500.0,22.4,B
2021-06-24T11:01:03,2700.0,22.4,B
2021-06-24T11:01:03,1000.0,22.4,B
2021-06-24T11:00:42,500.0,22.35,S
2021-06-24T11:00:36,100.0,22.35,B
2021-06-24T11:00:26,500.0,22.35,B
2021-06-24T11:00:23,10000.0,22.35,B
2021-06-24T11:00:18,1000.0,22.35,B
2021-06-24T11:00:17,100.0,22.35,B
2021-06-24T10:59:56,500.0,22.35,B
2021-06-24T10:59:38,2500.0,22.35,B
2021-06-24T10:59:04,2000.0,22.35,B
2021-06-24T10:58:55,5000.0,22.35,B
2021-06-24T10:58:45,2000.0,22.35,B
2021-06-24T10:58:39,500.0,22.35,B
2021-06-24T10:58:38,2500.0,22.35,B
2021-06-24T10:58:38,100.0,22.35,B
2021-06-24T10:58:30,1800.0,22.35,B
2021-06-24T10:58:14,2000.0,22.35,B
2021-06-24T10:57:34,800.0,22.3,S
2021-06-24T10:57:33,19200.0,22.3,S
2021-06-24T10:57:19,400.0,22.35,B
2021-06-24T10:56:45,600.0,22.3,S
2021-06-24T10:56:28,2000.0,22.35,B
2021-06-24T10:56:12,10700.0,22.3,S
2021-06-24T10:56:12,500.0,22.3,S
2021-06-24T10:56:12,500.0,22.3,S
2021-06-24T10:56:12,100.0,22.3,S
2021-06-24T10:56:12,6200.0,22.3,S
2021-06-24T10:56:12,5100.0,22.3,S
2021-06-24T10:56:12,100.0,22.3,S
2021-06-24T10:56:12,11500.0,22.3,S
2021-06-24T10:56:12,5300.0,22.3,S
2021-06-24T10:56:02,4000.0,22.3,S
2021-06-24T10:55:54,5000.0,22.35,B
2021-06-24T10:55:48,1000.0,22.35,B
2021-06-24T10:55:46,200.0,22.35,B
2021-06-24T10:55:39,1300.0,22.3,S
2021-06-24T10:55:39,5300.0,22.3,S
2021-06-24T10:55:39,23400.0,22.3,S
2021-06-24T10:55:37,1000.0,22.3,S
2021-06-24T10:55:33,5000.0,22.35,B
2021-06-24T10:55:30,20000.0,22.3,S
2021-06-24T10:55:22,2800.0,22.3,S
2021-06-24T10:55:21,7700.0,22.3,S
2021-06-24T10:55:19,1400.0,22.3,S
2021-06-24T10:55:19,3100.0,22.3,S
2021-06-24T10:55:17,1000.0,22.35,B
2021-06-24T10:55:09,500.0,22.35,B
2021-06-24T10:54:42,10000.0,22.35,S
2021-06-24T10:54:22,2400.0,22.35,S
2021-06-24T10:54:22,5500.0,22.35,S
2021-06-24T10:54:22,500.0,22.35,S
2021-06-24T10:54:20,11600.0,22.35,S
2021-06-24T10:54:17,2900.0,22.35,S
2021-06-24T10:54:03,100.0,22.4,B
2021-06-24T10:53:23,200.0,22.4,B
2021-06-24T10:53:09,1800.0,22.35,S
2021-06-24T10:53:08,5000.0,22.35,S
2021-06-24T10:52:50,1000.0,22.4,B
2021-06-24T10:52:47,200.0,22.35,S
2021-06-24T10:52:47,1500.0,22.35,S
2021-06-24T10:52:47,1800.0,22.35,S
2021-06-24T10:52:37,100.0,22.35,S
2021-06-24T10:52:20,10000.0,22.35,S
2021-06-24T10:52:07,500.0,22.35,S
2021-06-24T10:52:02,400.0,22.4,B
2021-06-24T10:51:35,14000.0,22.35,S
2021-06-24T10:51:35,36000.0,22.35,S
2021-06-24T10:51:23,8800.0,22.35,S
2021-06-24T10:51:23,1200.0,22.35,S
2021-06-24T10:50:54,2000.0,22.4,B
2021-06-24T10:50:47,1000.0,22.4,B
2021-06-24T10:49:47,400.0,22.4,B
2021-06-24T10:49:35,6600.0,22.4,S
2021-06-24T10:49:27,3300.0,22.4,S
2021-06-24T10:48:53,300.0,22.4,S
2021-06-24T10:48:18,20000.0,22.45,B
2021-06-24T10:48:06,100.0,22.4,S
2021-06-24T10:47:17,19000.0,22.4,S
2021-06-24T10:46:48,1300.0,22.45,B
2021-06-24T10:45:53,100.0,22.4,S
2021-06-24T10:45:43,500.0,22.45,B
2021-06-24T10:45:17,1000.0,22.4,S
2021-06-24T10:44:56,20000.0,22.45,B
2021-06-24T10:44:02,1000.0,22.45,B
2021-06-24T10:43:26,3500.0,22.4,S
2021-06-24T10:43:18,30000.0,22.45,B
2021-06-24T10:43:06,2000.0,22.4,S
2021-06-24T10:42:54,1000.0,22.4,S
2021-06-24T10:42:53,3900.0,22.4,S
2021-06-24T10:42:50,1000.0,22.4,S
2021-06-24T10:42:42,2000.0,22.4,S
2021-06-24T10:42:30,3100.0,22.4,S
2021-06-24T10:42:30,100.0,22.4,S
2021-06-24T10:42:30,800.0,22.4,S
2021-06-24T10:42:15,1200.0,22.4,S
2021-06-24T10:42:15,1700.0,22.4,S
2021-06-24T10:42:10,200.0,22.4,S
2021-06-24T10:42:10,9800.0,22.4,S
2021-06-24T10:42:03,7400.0,22.4,S
2021-06-24T10:42:03,500.0,22.4,S
2021-06-24T10:42:03,5000.0,22.4,S
2021-06-24T10:42:03,2000.0,22.4,S
2021-06-24T10:42:03,7800.0,22.4,S
2021-06-24T10:42:03,1200.0,22.4,S
2021-06-24T10:42:03,6400.0,22.4,S
2021-06-24T10:42:03,4700.0,22.4,S
2021-06-24T10:41:51,1400.0,22.4,S
2021-06-24T10:41:51,2100.0,22.4,S
2021-06-24T10:41:51,16500.0,22.4,S
2021-06-24T10:41:14,200.0,22.45,B
2021-06-24T10:41:06,2000.0,22.4,S
2021-06-24T10:41:02,800.0,22.4,S
2021-06-24T10:40:44,3200.0,22.4,S
2021-06-24T10:40:44,16800.0,22.4,S
2021-06-24T10:40:30,3900.0,22.4,S
2021-06-24T10:40:30,2400.0,22.4,S
2021-06-24T10:38:59,200.0,22.45,B
2021-06-24T10:38:44,10000.0,22.45,B
2021-06-24T10:38:29,10000.0,22.45,B
2021-06-24T10:37:13,1000.0,22.45,B
2021-06-24T10:37:07,2000.0,22.4,S
2021-06-24T10:37:07,3000.0,22.4,S
2021-06-24T10:37:07,500.0,22.4,S
2021-06-24T10:37:07,10100.0,22.4,S
2021-06-24T10:37:07,800.0,22.4,S
2021-06-24T10:37:07,100.0,22.4,S
2021-06-24T10:37:07,16700.0,22.4,S
2021-06-24T10:37:07,600.0,22.4,S
2021-06-24T10:37:07,500.0,22.4,S
2021-06-24T10:37:07,100.0,22.4,S
2021-06-24T10:37:07,2300.0,22.4,S
2021-06-24T10:37:07,2300.0,22.4,S
2021-06-24T10:37:04,500.0,22.45,B
2021-06-24T10:36:56,2000.0,22.45,B
2021-06-24T10:35:43,1100.0,22.4,S
2021-06-24T10:35:43,8900.0,22.4,S
2021-06-24T10:34:40,2000.0,22.45,B
2021-06-24T10:33:58,200.0,22.4,S
2021-06-24T10:33:44,20000.0,22.4,S
2021-06-24T10:33:24,1000.0,22.4,S
2021-06-24T10:31:59,500.0,22.4,S
2021-06-24T10:30:51,1000.0,22.4,S
2021-06-24T10:29:57,1000.0,22.45,B
2021-06-24T10:29:53,600.0,22.45,B
2021-06-24T10:28:48,4000.0,22.45,B
2021-06-24T10:27:08,200.0,22.4,S
2021-06-24T10:26:52,100.0,22.45,B
2021-06-24T10:26:08,900.0,22.4,S
2021-06-24T10:24:47,1000.0,22.4,S
2021-06-24T10:24:40,1000.0,22.45,B
2021-06-24T10:24:18,500.0,22.45,B
2021-06-24T10:24:12,2000.0,22.4,S
2021-06-24T10:24:08,1000.0,22.4,S
2021-06-24T10:23:50,1000.0,22.4,S
2021-06-24T10:23:37,3000.0,22.45,B
2021-06-24T10:23:32,1000.0,22.4,S
2021-06-24T10:23:10,1300.0,22.45,B
2021-06-24T10:22:58,5000.0,22.45,B
2021-06-24T10:22:30,5000.0,22.45,B
2021-06-24T10:22:16,3000.0,22.45,B
2021-06-24T10:21:53,700.0,22.45,B
2021-06-24T10:21:41,500.0,22.45,B
2021-06-24T10:21:30,5000.0,22.45,B
2021-06-24T10:21:06,1000.0,22.45,B
2021-06-24T10:20:28,900.0,22.45,B
2021-06-24T10:20:12,4000.0,22.45,B
2021-06-24T10:17:24,100.0,22.45,B
2021-06-24T10:15:50,300.0,22.4,S
2021-06-24T10:15:50,200.0,22.4,S
2021-06-24T10:15:10,3200.0,22.4,S
2021-06-24T10:14:45,100.0,22.4,S
2021-06-24T10:12:55,1000.0,22.45,B
2021-06-24T10:12:26,500.0,22.45,B
2021-06-24T10:12:11,3000.0,22.45,B
2021-06-24T10:11:55,3000.0,22.45,B
2021-06-24T10:11:53,100.0,22.45,B
2021-06-24T10:10:58,1000.0,22.45,B
2021-06-24T10:10:50,1000.0,22.4,S
2021-06-24T10:10:34,2000.0,22.4,S
2021-06-24T10:10:18,1000.0,22.4,S
2021-06-24T10:10:03,100.0,22.45,B
2021-06-24T10:08:57,4000.0,22.45,B
2021-06-24T10:08:54,2700.0,22.45,B
2021-06-24T10:08:30,100.0,22.45,B
2021-06-24T10:07:39,1800.0,22.4,S
2021-06-24T10:06:37,1000.0,22.4,S
2021-06-24T10:05:23,500.0,22.45,B
2021-06-24T10:05:19,500.0,22.45,B
2021-06-24T10:04:41,100.0,22.45,B
2021-06-24T10:04:09,500.0,22.45,B
2021-06-24T10:04:02,30000.0,22.45,B
2021-06-24T10:03:36,200.0,22.45,B
2021-06-24T10:02:35,8000.0,22.45,B
2021-06-24T10:02:14,9900.0,22.45,S
2021-06-24T10:02:04,12300.0,22.45,S
2021-06-24T10:02:04,600.0,22.45,S
2021-06-24T10:02:04,7100.0,22.45,S
2021-06-24T10:02:01,2000.0,22.45,S
2021-06-24T10:01:51,500.0,22.45,S
2021-06-24T10:00:43,400.0,22.45,S
2021-06-24T10:00:35,1000.0,22.5,B
2021-06-24T09:59:39,400.0,22.45,S
2021-06-24T09:59:02,1000.0,22.45,S
2021-06-24T09:58:46,500.0,22.5,B
2021-06-24T09:57:18,100.0,22.5,B
2021-06-24T09:56:50,7000.0,22.5,B
2021-06-24T09:55:53,1900.0,22.45,S
2021-06-24T09:55:30,20000.0,22.45,S
2021-06-24T09:54:52,500.0,22.5,B
2021-06-24T09:53:42,100.0,22.5,B
2021-06-24T09:53:36,8000.0,22.45,S
2021-06-24T09:52:39,9400.0,22.45,S
2021-06-24T09:52:39,12100.0,22.45,S
2021-06-24T09:52:39,700.0,22.45,S
2021-06-24T09:52:39,600.0,22.45,S
2021-06-24T09:52:39,6600.0,22.45,S
2021-06-24T09:52:39,600.0,22.45,S
2021-06-24T09:52:37,500.0,22.5,B
2021-06-24T09:52:10,500.0,22.5,B
2021-06-24T09:51:31,500.0,22.5,B
2021-06-24T09:51:20,200.0,22.5,B
2021-06-24T09:50:53,400.0,22.45,S
2021-06-24T09:50:37,5000.0,22.5,B
2021-06-24T09:50:21,500.0,22.5,B
2021-06-24T09:49:54,200.0,22.5,B
2021-06-24T09:49:13,400.0,22.5,B
2021-06-24T09:49:11,3000.0,22.45,S
2021-06-24T09:48:55,100.0,22.5,B
2021-06-24T09:48:33,800.0,22.5,B
2021-06-24T09:47:54,1000.0,22.5,B
2021-06-24T09:46:58,2000.0,22.5,B
2021-06-24T09:46:58,1000.0,22.5,B
2021-06-24T09:46:50,200.0,22.5,B
2021-06-24T09:46:19,300.0,22.5,B
2021-06-24T09:46:19,1000.0,22.5,B
2021-06-24T09:45:35,2500.0,22.5,S
2021-06-24T09:45:12,200.0,22.5,S
2021-06-24T09:44:34,100.0,22.5,S
2021-06-24T09:44:22,200.0,22.5,B
2021-06-24T09:44:18,100.0,22.5,B
2021-06-24T09:43:48,200.0,22.5,S
2021-06-24T09:42:59,100.0,22.55,B
2021-06-24T09:42:31,2200.0,22.55,S
2021-06-24T09:42:17,500.0,22.55,S
2021-06-24T09:41:15,200.0,22.55,S
2021-06-24T09:40:53,300.0,22.55,S
2021-06-24T09:40:44,4000.0,22.6,B
2021-06-24T09:40:40,300.0,22.55,S
2021-06-24T09:40:38,100.0,22.55,S
2021-06-24T09:40:20,300.0,22.55,S
2021-06-24T09:40:02,1600.0,22.55,B
2021-06-24T09:40:00,1000.0,22.55,B
2021-06-24T09:39:50,100.0,22.5,S
2021-06-24T09:38:46,600.0,22.5,B
2021-06-24T09:38:46,400.0,22.5,B
2021-06-24T09:38:09,100.0,22.5,B
2021-06-24T09:37:16,200.0,22.45,S
2021-06-24T09:37:16,200.0,22.45,S
2021-06-24T09:37:13,400.0,22.45,S
2021-06-24T09:37:13,100.0,22.45,S
2021-06-24T09:37:13,200.0,22.45,S
2021-06-24T09:37:13,600.0,22.45,S
2021-06-24T09:36:06,2000.0,22.45,S
2021-06-24T09:35:52,4000.0,22.45,S
2021-06-24T09:35:40,100.0,22.45,S
2021-06-24T09:34:51,2500.0,22.45,S
2021-06-24T09:34:16,900.0,22.45,S
2021-06-24T09:33:00,300.0,22.45,S
2021-06-24T09:33:00,100.0,22.5,S
2021-06-24T09:32:56,100.0,22.5,S
2021-06-24T09:32:19,200.0,22.6,B
2021-06-24T09:31:15,5300.0,22.45,S
2021-06-24T09:31:15,2300.0,22.45,S
2021-06-24T09:31:15,100.0,22.5,S
2021-06-24T09:31:15,4900.0,22.5,S
2021-06-24T09:31:15,7400.0,22.5,S
2021-06-24T09:30:53,1500.0,22.6,B
2021-06-24T09:30:26,14600.0,22.6,S
2021-06-24T09:30:13,100.0,22.65,B
2021-06-24T09:30:08,10000.0,22.6,S
2021-06-24T09:30:02,20000.0,22.6,S
2021-06-24T09:29:13,100.0,22.65,B
2021-06-24T09:29:03,200.0,22.6,S
2021-06-24T09:29:01,3000.0,22.6,S
2021-06-24T09:28:57,8000.0,22.6,S
2021-06-24T09:28:56,1000.0,22.6,S
2021-06-24T09:28:56,2500.0,22.6,S
2021-06-24T09:28:46,1000.0,22.6,S
2021-06-24T09:28:35,4000.0,22.6,S
2021-06-24T09:28:34,500.0,22.6,S
2021-06-24T09:28:29,4000.0,22.6,S
2021-06-24T09:28:06,1600.0,22.65,B
2021-06-24T09:28:04,200.0,22.6,S
2021-06-24T09:27:48,5000.0,22.6,S
2021-06-24T09:27:39,20000.0,22.6,S
2021-06-24T09:27:32,1000.0,22.65,B
2021-06-24T09:27:21,500.0,22.6,S
2021-06-24T09:27:20,200.0,22.6,S
2021-06-24T09:27:19,1100.0,22.6,S
2021-06-24T09:27:00,10000.0,22.6,S
2021-06-24T09:26:37,400.0,22.6,S
2021-06-24T09:26:36,30000.0,22.6,S
2021-06-24T09:26:31,300.0,22.6,S
2021-06-24T09:26:03,300.0,22.6,S
2021-06-24T09:25:57,900.0,22.6,S
2021-06-24T09:25:52,200.0,22.6,B
2021-06-24T09:25:47,200.0,22.6,B
2021-06-24T09:25:47,14800.0,22.6,B
2021-06-24T09:25:35,13200.0,22.6,B
2021-06-24T09:25:07,100.0,22.6,B
2021-06-24T09:24:56,100.0,22.6,B
2021-06-24T09:24:55,100.0,22.6,B
2021-06-24T09:24:35,500.0,22.6,S
2021-06-24T09:24:25,15500.0,22.6,S
2021-06-24T09:24:15,20000.0,22.6,S
2021-06-24T09:24:08,300.0,22.65,B
2021-06-24T09:23:09,10000.0,22.6,S
2021-06-24T09:23:05,6000.0,22.6,S
2021-06-24T09:22:55,1800.0,22.6,B
2021-06-24T09:22:55,6000.0,22.6,B
2021-06-24T09:22:55,41700.0,22.6,B
2021-06-24T09:22:50,200.0,22.6,B
2021-06-24T09:21:32,200.0,22.6,B
2021-06-24T09:21:30,10000.0,22.6,B
2021-06-24T09:21:11,1100.0,22.6,B
2021-06-24T09:20:51,37800.0,22.6,S
2021-06-24T09:20:42,10000.0,22.6,S
2021-06-24T09:20:42,100.0,22.65,B
2021-06-24T09:20:41,400.0,22.65,B
2021-06-24T09:20:41,2500.0,22.65,B
2021-06-24T09:20:35,2000.0,22.6,S
2021-06-24T09:20:26,8000.0,22.6,S
2021-06-24T09:20:25,6000.0,22.6,S
2021-06-24T09:20:18,100.0,22.6,B
2021-06-24T09:20:13,400.0,22.6,B
2021-06-24T09:20:11,100.0,22.6,B
2021-06-24T09:20:09,10000.0,22.6,B
2021-06-24T09:19:59,1000.0,22.6,B
2021-06-24T09:19:53,1000.0,22.6,B
2021-06-24T09:19:50,3500.0,22.6,B
2021-06-24T09:19:50,11000.0,22.6,B
2021-06-24T09:19:50,1200.0,22.6,B
2021-06-24T09:19:50,8300.0,22.6,B
2021-06-24T09:19:14,100.0,22.6,B
2021-06-24T09:18:33,1000.0,22.6,B
2021-06-24T09:17:15,1000.0,22.6,B
2021-06-24T09:17:08,700.0,22.45,S
2021-06-24T09:16:05,15000.0,22.4,S
