tradingTime,volume,price,side
2021-06-24T14:29:37,9600.0,7.59,B
2021-06-24T14:29:35,3000.0,7.59,B
2021-06-24T14:29:30,2000.0,7.58,S
2021-06-24T14:29:09,200.0,7.58,B
2021-06-24T14:29:05,1000.0,7.58,B
2021-06-24T14:28:53,28400.0,7.58,B
2021-06-24T14:28:40,1000.0,7.58,B
2021-06-24T14:28:40,1000.0,7.57,B
2021-06-24T14:28:36,2000.0,7.57,B
2021-06-24T14:28:36,4000.0,7.57,B
2021-06-24T14:28:21,20000.0,7.57,B
2021-06-24T14:27:59,4900.0,7.57,B
2021-06-24T14:27:57,600.0,7.57,B
2021-06-24T14:27:48,100.0,7.57,B
2021-06-24T14:27:44,3000.0,7.57,B
2021-06-24T14:27:43,2000.0,7.57,B
2021-06-24T14:27:41,3000.0,7.57,B
2021-06-24T14:27:41,100.0,7.57,B
2021-06-24T14:27:38,300.0,7.57,B
2021-06-24T14:27:35,1000.0,7.57,B
2021-06-24T14:27:35,100.0,7.57,B
2021-06-24T14:27:34,900.0,7.57,B
2021-06-24T14:27:33,900.0,7.57,B
2021-06-24T14:27:31,500.0,7.57,B
2021-06-24T14:27:24,1700.0,7.57,B
2021-06-24T14:27:19,1000.0,7.57,B
2021-06-24T14:27:13,20000.0,7.56,S
2021-06-24T14:27:13,10000.0,7.56,S
2021-06-24T14:27:09,300.0,7.57,B
2021-06-24T14:27:08,200.0,7.56,S
2021-06-24T14:27:08,3000.0,7.57,B
2021-06-24T14:27:06,400.0,7.57,B
2021-06-24T14:27:01,200.0,7.57,B
2021-06-24T14:27:01,5000.0,7.57,B
2021-06-24T14:26:56,2000.0,7.57,B
2021-06-24T14:26:54,5000.0,7.57,B
2021-06-24T14:26:45,200.0,7.57,B
2021-06-24T14:26:44,11000.0,7.57,B
2021-06-24T14:26:41,200.0,7.57,B
2021-06-24T14:26:34,1000.0,7.57,B
2021-06-24T14:26:29,100.0,7.57,B
2021-06-24T14:26:14,700.0,7.57,S
2021-06-24T14:25:59,2500.0,7.57,B
2021-06-24T14:25:39,2500.0,7.57,S
2021-06-24T14:25:29,400.0,7.57,B
2021-06-24T14:25:23,1000.0,7.57,B
2021-06-24T14:25:19,100.0,7.56,S
2021-06-24T14:24:55,1000.0,7.56,S
2021-06-24T14:24:51,300.0,7.56,S
2021-06-24T14:24:41,500.0,7.56,S
2021-06-24T14:24:31,500.0,7.55,S
2021-06-24T14:24:24,5000.0,7.55,S
2021-06-24T14:24:05,3600.0,7.56,B
2021-06-24T14:24:00,2000.0,7.55,S
2021-06-24T14:23:59,200.0,7.56,B
2021-06-24T14:23:49,10000.0,7.56,B
2021-06-24T14:23:36,10000.0,7.56,B
2021-06-24T14:23:18,2100.0,7.55,S
2021-06-24T14:23:18,200.0,7.55,S
2021-06-24T14:23:18,2000.0,7.55,S
2021-06-24T14:23:18,2000.0,7.55,S
2021-06-24T14:23:18,3700.0,7.55,S
2021-06-24T14:23:05,400.0,7.54,S
2021-06-24T14:23:05,2600.0,7.54,S
2021-06-24T14:23:05,5000.0,7.55,S
2021-06-24T14:22:52,2200.0,7.55,B
2021-06-24T14:22:52,300.0,7.55,B
2021-06-24T14:22:52,200.0,7.55,B
2021-06-24T14:22:39,100.0,7.55,B
2021-06-24T14:22:38,10000.0,7.55,B
2021-06-24T14:22:28,100.0,7.55,B
2021-06-24T14:22:25,48000.0,7.55,B
2021-06-24T14:22:11,2000.0,7.54,S
2021-06-24T14:22:04,20000.0,7.55,B
2021-06-24T14:22:02,5000.0,7.54,S
2021-06-24T14:21:57,3100.0,7.54,S
2021-06-24T14:21:56,500.0,7.54,S
2021-06-24T14:21:46,500.0,7.55,B
2021-06-24T14:21:41,500.0,7.54,S
2021-06-24T14:21:41,500.0,7.55,B
2021-06-24T14:21:33,4000.0,7.54,S
2021-06-24T14:21:30,200.0,7.55,B
2021-06-24T14:21:04,1000.0,7.55,B
2021-06-24T14:20:57,4900.0,7.55,S
2021-06-24T14:20:54,4000.0,7.54,S
2021-06-24T14:20:49,500.0,7.55,S
2021-06-24T14:20:48,2600.0,7.55,S
2021-06-24T14:20:43,17000.0,7.55,S
2021-06-24T14:20:19,900.0,7.55,S
2021-06-24T14:20:15,9700.0,7.55,S
2021-06-24T14:20:15,3000.0,7.55,S
2021-06-24T14:20:15,100.0,7.55,S
2021-06-24T14:20:15,1100.0,7.55,S
2021-06-24T14:20:15,1800.0,7.55,S
2021-06-24T14:20:15,300.0,7.55,S
2021-06-24T14:20:15,4000.0,7.55,S
2021-06-24T14:20:12,1100.0,7.55,S
2021-06-24T14:20:04,500.0,7.55,S
2021-06-24T14:20:00,500.0,7.55,S
2021-06-24T14:20:00,5100.0,7.55,S
2021-06-24T14:19:53,400.0,7.56,B
2021-06-24T14:19:41,800.0,7.55,S
2021-06-24T14:19:36,4500.0,7.56,B
2021-06-24T14:19:20,2000.0,7.56,S
2021-06-24T14:19:08,500.0,7.55,S
2021-06-24T14:19:05,2000.0,7.56,S
2021-06-24T14:19:05,100.0,7.56,S
2021-06-24T14:18:39,1000.0,7.56,S
2021-06-24T14:18:34,2700.0,7.56,S
2021-06-24T14:18:19,2000.0,7.56,S
2021-06-24T14:17:52,100.0,7.56,S
2021-06-24T14:17:50,1900.0,7.55,S
2021-06-24T14:17:47,300.0,7.55,S
2021-06-24T14:17:45,300.0,7.55,S
2021-06-24T14:17:44,200.0,7.55,S
2021-06-24T14:17:39,500.0,7.55,S
2021-06-24T14:17:37,300.0,7.55,S
2021-06-24T14:17:31,200.0,7.55,S
2021-06-24T14:17:23,2900.0,7.55,S
2021-06-24T14:17:10,20000.0,7.55,S
2021-06-24T14:17:10,100.0,7.56,B
2021-06-24T14:17:03,500.0,7.56,B
2021-06-24T14:16:56,4100.0,7.58,B
2021-06-24T14:16:56,1000.0,7.58,B
2021-06-24T14:16:55,14900.0,7.58,B
2021-06-24T14:16:51,200.0,7.55,S
2021-06-24T14:16:39,400.0,7.55,S
2021-06-24T14:16:36,1700.0,7.56,B
2021-06-24T14:16:36,3300.0,7.56,B
2021-06-24T14:16:32,1000.0,7.55,S
2021-06-24T14:16:29,14300.0,7.51,S
2021-06-24T14:16:29,11000.0,7.51,S
2021-06-24T14:16:29,3600.0,7.51,S
2021-06-24T14:16:29,7900.0,7.51,S
2021-06-24T14:16:29,500.0,7.51,S
2021-06-24T14:16:29,4800.0,7.52,S
2021-06-24T14:16:29,6500.0,7.52,S
2021-06-24T14:16:29,2000.0,7.52,S
2021-06-24T14:16:29,2200.0,7.52,S
2021-06-24T14:16:29,2000.0,7.52,S
2021-06-24T14:16:29,1300.0,7.52,S
2021-06-24T14:16:29,10700.0,7.52,S
2021-06-24T14:16:29,200.0,7.53,S
2021-06-24T14:16:29,3500.0,7.53,S
2021-06-24T14:16:29,700.0,7.53,S
2021-06-24T14:16:29,1500.0,7.53,S
2021-06-24T14:16:29,17300.0,7.54,S
2021-06-24T14:16:26,800.0,7.55,S
2021-06-24T14:16:26,700.0,7.55,S
2021-06-24T14:16:26,600.0,7.55,S
2021-06-24T14:16:26,9400.0,7.55,S
2021-06-24T14:16:26,600.0,7.55,S
2021-06-24T14:16:26,8600.0,7.55,S
2021-06-24T14:16:23,500.0,7.56,B
2021-06-24T14:16:17,1900.0,7.55,S
2021-06-24T14:16:17,15700.0,7.55,S
2021-06-24T14:16:13,100.0,7.56,B
2021-06-24T14:15:35,500.0,7.56,S
2021-06-24T14:15:31,5100.0,7.56,S
2021-06-24T14:15:31,300.0,7.56,S
2021-06-24T14:15:31,4400.0,7.56,S
2021-06-24T14:15:31,3000.0,7.56,S
2021-06-24T14:15:31,500.0,7.56,S
2021-06-24T14:15:31,14100.0,7.56,S
2021-06-24T14:15:31,20000.0,7.56,S
2021-06-24T14:15:31,30600.0,7.56,S
2021-06-24T14:15:27,500.0,7.57,S
2021-06-24T14:15:16,500.0,7.57,S
2021-06-24T14:15:09,6000.0,7.57,S
2021-06-24T14:14:54,700.0,7.57,S
2021-06-24T14:14:50,1000.0,7.58,B
2021-06-24T14:14:50,100.0,7.57,S
2021-06-24T14:14:18,1000.0,7.57,S
2021-06-24T14:14:12,300.0,7.57,S
2021-06-24T14:14:12,5000.0,7.57,S
2021-06-24T14:14:10,100.0,7.57,S
2021-06-24T14:14:01,3000.0,7.57,S
2021-06-24T14:13:35,700.0,7.57,S
2021-06-24T14:13:35,10000.0,7.57,S
2021-06-24T14:13:35,100.0,7.57,S
2021-06-24T14:13:34,10000.0,7.57,S
2021-06-24T14:13:24,1000.0,7.57,S
2021-06-24T14:13:18,10000.0,7.58,B
2021-06-24T14:13:12,200.0,7.58,B
2021-06-24T14:13:06,1000.0,7.58,B
2021-06-24T14:12:39,200.0,7.58,B
2021-06-24T14:12:14,7200.0,7.58,B
2021-06-24T14:12:11,100.0,7.57,B
2021-06-24T14:12:10,2000.0,7.57,B
2021-06-24T14:12:06,5800.0,7.57,B
2021-06-24T14:12:04,100.0,7.57,B
2021-06-24T14:12:00,10000.0,7.56,S
2021-06-24T14:11:50,10000.0,7.57,S
2021-06-24T14:11:35,2000.0,7.56,S
2021-06-24T14:11:31,100.0,7.57,S
2021-06-24T14:11:30,100.0,7.57,S
2021-06-24T14:11:28,400.0,7.56,S
2021-06-24T14:11:28,600.0,7.57,S
2021-06-24T14:11:17,900.0,7.57,S
2021-06-24T14:11:08,500.0,7.57,S
2021-06-24T14:11:06,500.0,7.57,S
2021-06-24T14:10:54,1500.0,7.57,S
2021-06-24T14:10:54,2000.0,7.58,S
2021-06-24T14:10:41,1500.0,7.57,S
2021-06-24T14:10:40,100.0,7.58,S
2021-06-24T14:10:38,100.0,7.58,S
2021-06-24T14:10:36,400.0,7.57,S
2021-06-24T14:10:36,1500.0,7.57,S
2021-06-24T14:10:36,600.0,7.57,S
2021-06-24T14:10:11,200.0,7.58,S
2021-06-24T14:10:00,500.0,7.58,S
2021-06-24T14:09:58,400.0,7.58,S
2021-06-24T14:09:46,1000.0,7.58,S
2021-06-24T14:09:34,500.0,7.58,S
2021-06-24T14:09:34,4000.0,7.58,S
2021-06-24T14:09:34,2500.0,7.58,S
2021-06-24T14:09:32,5000.0,7.58,S
2021-06-24T14:09:29,1000.0,7.58,S
2021-06-24T14:08:58,2000.0,7.58,S
2021-06-24T14:08:49,1000.0,7.58,S
2021-06-24T14:08:44,200.0,7.58,S
2021-06-24T14:08:33,5500.0,7.58,S
2021-06-24T14:08:32,10000.0,7.59,B
2021-06-24T14:08:10,3300.0,7.58,S
2021-06-24T14:08:10,6700.0,7.58,S
2021-06-24T14:07:56,10000.0,7.59,B
2021-06-24T14:07:55,400.0,7.58,S
2021-06-24T14:07:51,900.0,7.59,B
2021-06-24T14:07:25,500.0,7.59,B
2021-06-24T14:07:16,100.0,7.59,B
2021-06-24T14:06:41,100.0,7.59,B
2021-06-24T14:06:40,10400.0,7.58,S
2021-06-24T14:06:40,4600.0,7.58,S
2021-06-24T14:05:53,100.0,7.59,B
2021-06-24T14:05:29,2100.0,7.58,S
2021-06-24T14:05:20,1000.0,7.58,S
2021-06-24T14:05:18,9200.0,7.6,B
2021-06-24T14:04:57,1000.0,7.58,S
2021-06-24T14:04:43,5000.0,7.58,S
2021-06-24T14:04:02,500.0,7.58,S
2021-06-24T14:03:49,3600.0,7.58,S
2021-06-24T14:03:47,2800.0,7.59,S
2021-06-24T14:03:32,1000.0,7.58,S
2021-06-24T14:03:32,1000.0,7.58,S
2021-06-24T14:03:24,500.0,7.59,S
2021-06-24T14:03:19,10000.0,7.6,B
2021-06-24T14:03:17,10000.0,7.6,B
2021-06-24T14:03:08,200.0,7.58,S
2021-06-24T14:03:08,100.0,7.59,S
2021-06-24T14:03:07,1000.0,7.59,S
2021-06-24T14:03:04,500.0,7.59,S
2021-06-24T14:02:28,1000.0,7.59,S
2021-06-24T14:02:24,1000.0,7.6,B
2021-06-24T14:02:00,2500.0,7.59,S
2021-06-24T14:02:00,2500.0,7.59,S
2021-06-24T14:01:47,100.0,7.6,B
2021-06-24T14:01:10,2000.0,7.6,S
2021-06-24T14:01:08,100.0,7.6,S
2021-06-24T14:00:58,15000.0,7.58,S
2021-06-24T14:00:44,1000.0,7.6,S
2021-06-24T14:00:41,1000.0,7.6,S
2021-06-24T14:00:35,500.0,7.6,S
2021-06-24T14:00:35,100.0,7.59,S
2021-06-24T14:00:34,400.0,7.59,S
2021-06-24T14:00:26,100.0,7.59,S
2021-06-24T14:00:20,100.0,7.59,S
2021-06-24T14:00:00,2700.0,7.6,S
2021-06-24T13:59:52,3000.0,7.6,S
2021-06-24T13:59:42,5000.0,7.6,S
2021-06-24T13:59:28,200.0,7.6,S
2021-06-24T13:59:27,15400.0,7.58,S
2021-06-24T13:59:27,200.0,7.59,S
2021-06-24T13:59:27,7900.0,7.59,S
2021-06-24T13:59:24,7400.0,7.6,S
2021-06-24T13:59:24,11600.0,7.6,S
2021-06-24T13:59:23,20000.0,7.6,S
2021-06-24T13:59:19,4000.0,7.6,S
2021-06-24T13:59:00,100.0,7.6,S
2021-06-24T13:58:57,1000.0,7.6,S
2021-06-24T13:58:54,10000.0,7.6,S
2021-06-24T13:58:52,6100.0,7.6,S
2021-06-24T13:58:52,11100.0,7.6,S
2021-06-24T13:58:52,1000.0,7.6,S
2021-06-24T13:58:52,7200.0,7.6,S
2021-06-24T13:58:52,700.0,7.6,S
2021-06-24T13:58:52,800.0,7.6,S
2021-06-24T13:58:50,1500.0,7.62,B
2021-06-24T13:58:48,6400.0,7.6,S
2021-06-24T13:58:28,4200.0,7.6,S
2021-06-24T13:58:28,200.0,7.6,S
2021-06-24T13:58:28,4500.0,7.6,S
2021-06-24T13:58:28,1100.0,7.6,S
2021-06-24T13:58:16,100.0,7.6,S
2021-06-24T13:58:12,1300.0,7.6,S
2021-06-24T13:58:12,8700.0,7.6,S
2021-06-24T13:58:09,100.0,7.62,B
2021-06-24T13:58:09,3000.0,7.61,S
2021-06-24T13:57:33,2000.0,7.62,S
2021-06-24T13:57:21,3000.0,7.62,S
2021-06-24T13:57:15,17900.0,7.62,S
2021-06-24T13:57:13,6000.0,7.62,S
2021-06-24T13:57:12,100.0,7.62,S
2021-06-24T13:57:00,1000.0,7.62,S
2021-06-24T13:56:48,800.0,7.62,S
2021-06-24T13:56:48,200.0,7.62,S
2021-06-24T13:56:48,8900.0,7.62,S
2021-06-24T13:56:29,4000.0,7.63,B
2021-06-24T13:56:04,300.0,7.62,S
2021-06-24T13:55:45,800.0,7.63,B
2021-06-24T13:55:42,200.0,7.62,S
2021-06-24T13:55:41,3000.0,7.62,S
2021-06-24T13:55:32,4000.0,7.62,S
2021-06-24T13:55:17,1000.0,7.62,S
2021-06-24T13:54:54,1000.0,7.63,B
2021-06-24T13:54:45,2300.0,7.62,S
2021-06-24T13:54:41,4500.0,7.63,B
2021-06-24T13:54:34,100.0,7.63,B
2021-06-24T13:54:28,4000.0,7.63,B
2021-06-24T13:53:51,5900.0,7.63,S
2021-06-24T13:53:49,1000.0,7.63,S
2021-06-24T13:53:46,1500.0,7.63,S
2021-06-24T13:53:45,3000.0,7.63,S
2021-06-24T13:53:42,3000.0,7.63,S
2021-06-24T13:53:34,1000.0,7.63,S
2021-06-24T13:53:34,4000.0,7.63,S
2021-06-24T13:53:21,3000.0,7.63,S
2021-06-24T13:52:46,500.0,7.63,S
2021-06-24T13:52:43,5000.0,7.63,S
2021-06-24T13:52:36,3000.0,7.63,S
2021-06-24T13:52:28,5400.0,7.63,S
2021-06-24T13:52:28,4600.0,7.63,S
2021-06-24T13:52:03,2200.0,7.63,S
2021-06-24T13:51:24,1000.0,7.63,B
2021-06-24T13:50:53,200.0,7.63,B
2021-06-24T13:50:53,300.0,7.63,B
2021-06-24T13:50:33,500.0,7.63,B
2021-06-24T13:50:20,800.0,7.63,S
2021-06-24T13:50:20,1400.0,7.63,S
2021-06-24T13:49:39,200.0,7.65,B
2021-06-24T13:49:29,100.0,7.63,B
2021-06-24T13:49:26,1200.0,7.63,B
2021-06-24T13:49:21,100.0,7.63,B
2021-06-24T13:49:17,100.0,7.63,B
2021-06-24T13:48:50,500.0,7.63,S
2021-06-24T13:48:50,300.0,7.63,S
2021-06-24T13:48:50,500.0,7.63,S
2021-06-24T13:48:50,2200.0,7.63,S
2021-06-24T13:48:50,2000.0,7.65,B
2021-06-24T13:48:10,300.0,7.65,B
2021-06-24T13:48:08,200.0,7.65,B
2021-06-24T13:48:00,4000.0,7.63,S
2021-06-24T13:47:43,100.0,7.65,S
2021-06-24T13:47:32,6400.0,7.63,S
2021-06-24T13:47:32,3000.0,7.63,S
2021-06-24T13:47:32,4100.0,7.63,S
2021-06-24T13:47:31,1500.0,7.65,S
2021-06-24T13:47:15,6300.0,7.65,B
2021-06-24T13:47:15,2500.0,7.65,B
2021-06-24T13:47:13,3700.0,7.65,B
2021-06-24T13:47:13,13000.0,7.65,B
2021-06-24T13:47:00,100.0,7.63,S
2021-06-24T13:46:46,100.0,7.65,B
2021-06-24T13:46:45,2000.0,7.65,B
2021-06-24T13:46:17,100.0,7.65,S
2021-06-24T13:46:10,13000.0,7.63,S
2021-06-24T13:46:08,4800.0,7.65,S
2021-06-24T13:46:06,3900.0,7.65,S
2021-06-24T13:46:06,1000.0,7.65,S
2021-06-24T13:46:06,100.0,7.65,S
2021-06-24T13:46:04,500.0,7.65,S
2021-06-24T13:46:00,2000.0,7.65,S
2021-06-24T13:45:54,200.0,7.65,S
2021-06-24T13:45:49,3000.0,7.65,S
2021-06-24T13:45:42,500.0,7.65,S
2021-06-24T13:45:41,2000.0,7.65,S
2021-06-24T13:45:26,5000.0,7.65,S
2021-06-24T13:45:21,5000.0,7.65,S
2021-06-24T13:45:07,20000.0,7.65,S
2021-06-24T13:45:05,1000.0,7.66,B
2021-06-24T13:45:03,8300.0,7.65,S
2021-06-24T13:45:03,700.0,7.65,S
2021-06-24T13:44:28,700.0,7.66,S
2021-06-24T13:44:28,300.0,7.66,S
2021-06-24T13:44:27,3000.0,7.66,S
2021-06-24T13:44:15,2300.0,7.66,S
2021-06-24T13:44:15,100.0,7.66,S
2021-06-24T13:44:15,2100.0,7.66,S
2021-06-24T13:44:15,500.0,7.66,S
2021-06-24T13:44:01,100.0,7.66,S
2021-06-24T13:44:01,1000.0,7.66,S
2021-06-24T13:43:44,1000.0,7.66,S
2021-06-24T13:43:43,200.0,7.67,S
2021-06-24T13:43:34,200.0,7.67,S
2021-06-24T13:43:16,9000.0,7.66,S
2021-06-24T13:43:15,200.0,7.67,S
2021-06-24T13:43:10,4000.0,7.68,B
2021-06-24T13:42:49,2000.0,7.68,B
2021-06-24T13:42:41,400.0,7.67,S
2021-06-24T13:42:40,100.0,7.68,B
2021-06-24T13:42:15,3200.0,7.68,B
2021-06-24T13:42:15,100.0,7.68,B
2021-06-24T13:42:15,200.0,7.68,B
2021-06-24T13:42:15,500.0,7.68,B
2021-06-24T13:42:09,400.0,7.67,S
2021-06-24T13:41:48,100.0,7.67,B
2021-06-24T13:41:42,1600.0,7.67,B
2021-06-24T13:41:40,3000.0,7.66,S
2021-06-24T13:41:18,900.0,7.67,B
2021-06-24T13:41:18,2500.0,7.66,S
2021-06-24T13:40:40,200.0,7.66,B
2021-06-24T13:40:39,1000.0,7.66,B
2021-06-24T13:40:39,3200.0,7.66,B
2021-06-24T13:40:39,5500.0,7.66,B
2021-06-24T13:40:35,5000.0,7.66,B
2021-06-24T13:40:35,100.0,7.66,B
2021-06-24T13:40:33,1200.0,7.66,B
2021-06-24T13:40:31,1000.0,7.66,B
2021-06-24T13:40:07,200.0,7.66,B
2021-06-24T13:40:06,500.0,7.66,B
2021-06-24T13:40:05,1300.0,7.66,B
2021-06-24T13:40:05,8700.0,7.66,B
2021-06-24T13:40:03,100.0,7.66,B
2021-06-24T13:40:03,1800.0,7.66,B
2021-06-24T13:40:02,3000.0,7.65,S
2021-06-24T13:39:50,300.0,7.66,B
2021-06-24T13:39:48,500.0,7.66,B
2021-06-24T13:39:40,300.0,7.66,B
2021-06-24T13:39:36,100.0,7.66,B
2021-06-24T13:39:31,500.0,7.66,B
2021-06-24T13:39:30,100.0,7.66,B
2021-06-24T13:39:27,7000.0,7.66,B
2021-06-24T13:39:25,500.0,7.65,S
2021-06-24T13:39:22,1000.0,7.66,B
2021-06-24T13:39:19,1300.0,7.66,B
2021-06-24T13:39:01,500.0,7.66,B
2021-06-24T13:38:59,100.0,7.66,B
2021-06-24T13:38:56,5000.0,7.66,B
2021-06-24T13:38:54,1000.0,7.66,B
2021-06-24T13:38:53,1200.0,7.66,B
2021-06-24T13:38:49,200.0,7.66,B
2021-06-24T13:38:40,5000.0,7.66,B
2021-06-24T13:38:30,5100.0,7.66,B
2021-06-24T13:38:30,1900.0,7.66,B
2021-06-24T13:38:28,100.0,7.65,S
2021-06-24T13:38:21,1200.0,7.66,B
2021-06-24T13:38:16,15000.0,7.66,B
2021-06-24T13:37:34,700.0,7.66,B
2021-06-24T13:37:33,500.0,7.66,B
2021-06-24T13:37:26,3500.0,7.65,S
2021-06-24T13:37:26,2100.0,7.65,S
2021-06-24T13:37:26,1300.0,7.65,S
2021-06-24T13:37:26,3100.0,7.65,S
2021-06-24T13:37:18,5000.0,7.66,B
2021-06-24T13:37:16,300.0,7.66,B
2021-06-24T13:37:07,5000.0,7.66,B
2021-06-24T13:37:06,20000.0,7.65,S
2021-06-24T13:36:59,500.0,7.66,B
2021-06-24T13:36:58,6000.0,7.65,S
2021-06-24T13:36:57,100.0,7.65,S
2021-06-24T13:36:57,1000.0,7.66,B
2021-06-24T13:36:51,2000.0,7.65,S
2021-06-24T13:36:44,200.0,7.66,B
2021-06-24T13:36:37,100.0,7.65,S
2021-06-24T13:36:35,2000.0,7.66,B
2021-06-24T13:36:13,500.0,7.66,B
2021-06-24T13:36:11,500.0,7.65,S
2021-06-24T13:36:09,20000.0,7.65,S
2021-06-24T13:36:01,300.0,7.66,B
2021-06-24T13:35:31,100.0,7.65,S
2021-06-24T13:35:12,7800.0,7.65,S
2021-06-24T13:35:12,400.0,7.65,S
2021-06-24T13:35:06,1000.0,7.65,S
2021-06-24T13:34:43,600.0,7.65,B
2021-06-24T13:34:33,900.0,7.65,B
2021-06-24T13:34:28,2300.0,7.65,B
2021-06-24T13:34:28,1000.0,7.65,B
2021-06-24T13:34:26,2000.0,7.65,B
2021-06-24T13:34:23,500.0,7.65,S
2021-06-24T13:34:16,800.0,7.65,S
2021-06-24T13:34:14,13600.0,7.65,S
2021-06-24T13:34:09,100.0,7.66,B
2021-06-24T13:34:00,10000.0,7.65,S
2021-06-24T13:33:55,5000.0,7.66,B
2021-06-24T13:33:42,27600.0,7.65,B
2021-06-24T13:33:38,4500.0,7.62,S
2021-06-24T13:33:38,1100.0,7.62,S
2021-06-24T13:33:38,2800.0,7.62,S
2021-06-24T13:33:38,500.0,7.63,S
2021-06-24T13:33:38,2100.0,7.63,S
2021-06-24T13:33:32,500.0,7.65,B
2021-06-24T13:33:29,100.0,7.65,B
2021-06-24T13:33:18,1000.0,7.65,B
2021-06-24T13:33:17,300.0,7.65,B
2021-06-24T13:33:03,5000.0,7.65,B
2021-06-24T13:33:03,200.0,7.65,B
2021-06-24T13:32:49,6400.0,7.65,S
2021-06-24T13:32:18,2100.0,7.65,B
2021-06-24T13:32:18,2000.0,7.65,B
2021-06-24T13:31:48,700.0,7.63,S
2021-06-24T13:31:48,1800.0,7.64,S
2021-06-24T13:31:46,800.0,7.66,B
2021-06-24T13:31:25,6100.0,7.66,B
2021-06-24T13:31:13,5000.0,7.66,B
2021-06-24T13:31:10,5000.0,7.64,S
2021-06-24T13:30:50,100.0,7.65,B
2021-06-24T13:30:50,1200.0,7.65,B
2021-06-24T13:30:31,200.0,7.65,B
2021-06-24T13:30:24,1000.0,7.65,B
2021-06-24T13:30:21,100.0,7.65,B
2021-06-24T13:30:14,4000.0,7.65,B
2021-06-24T13:30:04,300.0,7.65,B
2021-06-24T13:30:04,1500.0,7.65,B
2021-06-24T13:30:02,5000.0,7.65,B
2021-06-24T13:29:59,15000.0,7.65,B
2021-06-24T13:29:52,1500.0,7.65,B
2021-06-24T13:29:40,1400.0,7.65,B
2021-06-24T13:29:33,900.0,7.63,S
2021-06-24T13:29:26,3300.0,7.65,B
2021-06-24T13:29:23,200.0,7.65,B
2021-06-24T13:29:21,100.0,7.65,B
2021-06-24T13:29:20,2000.0,7.63,S
2021-06-24T13:29:18,2100.0,7.65,B
2021-06-24T13:29:10,500.0,7.65,B
2021-06-24T13:29:03,400.0,7.65,B
2021-06-24T13:29:00,100.0,7.65,B
2021-06-24T13:28:57,20000.0,7.65,B
2021-06-24T13:27:59,100.0,7.65,B
2021-06-24T13:27:55,1000.0,7.65,B
2021-06-24T13:27:42,3500.0,7.65,B
2021-06-24T13:27:32,200.0,7.62,S
2021-06-24T13:27:31,200.0,7.65,B
2021-06-24T13:27:30,500.0,7.65,B
2021-06-24T13:27:30,500.0,7.65,B
2021-06-24T13:27:18,100.0,7.6,S
2021-06-24T13:27:16,20000.0,7.65,B
2021-06-24T13:27:14,1000.0,7.6,S
2021-06-24T13:26:58,5700.0,7.6,S
2021-06-24T13:26:58,5000.0,7.6,S
2021-06-24T13:26:58,6000.0,7.6,S
2021-06-24T13:26:58,8300.0,7.6,S
2021-06-24T13:26:58,500.0,7.65,B
2021-06-24T13:26:41,800.0,7.65,B
2021-06-24T13:26:41,1000.0,7.65,B
2021-06-24T13:26:38,200.0,7.65,B
2021-06-24T13:26:35,200.0,7.65,B
2021-06-24T13:26:32,900.0,7.65,B
2021-06-24T13:26:28,1000.0,7.65,S
2021-06-24T13:26:27,500.0,7.65,S
2021-06-24T13:26:27,75400.0,7.65,S
2021-06-24T13:26:26,200.0,7.66,B
2021-06-24T13:26:24,200.0,7.66,B
2021-06-24T13:26:20,100.0,7.66,B
2021-06-24T13:26:19,500.0,7.66,B
2021-06-24T13:26:17,3000.0,7.66,B
2021-06-24T13:26:15,7000.0,7.65,S
2021-06-24T13:26:05,200.0,7.66,B
2021-06-24T13:26:02,200.0,7.66,S
2021-06-24T13:25:58,300.0,7.65,S
2021-06-24T13:25:56,7900.0,7.69,B
2021-06-24T13:25:55,4000.0,7.69,B
2021-06-24T13:25:55,3000.0,7.69,B
2021-06-24T13:25:55,4300.0,7.69,B
2021-06-24T13:25:55,2700.0,7.69,B
2021-06-24T13:25:55,60800.0,7.69,B
2021-06-24T13:25:38,8400.0,7.66,S
2021-06-24T13:25:35,1000.0,7.68,S
2021-06-24T13:25:33,100.0,7.68,S
2021-06-24T13:25:13,5700.0,7.69,B
2021-06-24T13:25:13,400.0,7.69,B
2021-06-24T13:25:12,3900.0,7.69,B
2021-06-24T13:25:09,5000.0,7.69,B
2021-06-24T13:25:09,300.0,7.67,B
2021-06-24T13:25:08,500.0,7.67,S
2021-06-24T13:25:08,13700.0,7.67,S
2021-06-24T13:25:02,2000.0,7.69,B
2021-06-24T13:24:40,200.0,7.69,B
2021-06-24T13:24:39,1300.0,7.69,B
2021-06-24T13:24:37,1700.0,7.67,S
2021-06-24T13:24:37,3500.0,7.68,S
2021-06-24T13:24:37,3300.0,7.68,S
2021-06-24T13:24:37,1500.0,7.68,S
2021-06-24T13:24:35,19800.0,7.69,S
2021-06-24T13:24:35,3500.0,7.69,S
2021-06-24T13:24:29,1000.0,7.7,B
2021-06-24T13:24:29,1000.0,7.7,B
2021-06-24T13:24:27,4500.0,7.7,B
2021-06-24T13:24:26,6000.0,7.7,B
2021-06-24T13:24:22,300.0,7.69,S
2021-06-24T13:24:22,15000.0,7.7,B
2021-06-24T13:24:17,900.0,7.7,B
2021-06-24T13:24:15,200.0,7.7,B
2021-06-24T13:24:09,100.0,7.7,B
2021-06-24T13:24:08,600.0,7.7,B
2021-06-24T13:24:06,2000.0,7.7,B
2021-06-24T13:24:04,2800.0,7.7,B
2021-06-24T13:24:04,1000.0,7.7,B
2021-06-24T13:24:00,10600.0,7.7,B
2021-06-24T13:24:00,4400.0,7.7,B
2021-06-24T13:23:58,500.0,7.7,B
2021-06-24T13:23:53,100.0,7.7,B
2021-06-24T13:23:49,500.0,7.7,B
2021-06-24T13:23:45,100.0,7.7,B
2021-06-24T13:23:44,100.0,7.7,B
2021-06-24T13:23:39,400.0,7.7,S
2021-06-24T13:23:35,200.0,7.7,B
2021-06-24T13:23:35,100.0,7.71,B
2021-06-24T13:23:34,400.0,7.7,B
2021-06-24T13:23:31,9900.0,7.7,S
2021-06-24T13:23:23,100.0,7.7,S
2021-06-24T13:23:23,2900.0,7.7,S
2021-06-24T13:23:21,4100.0,7.7,S
2021-06-24T13:23:21,5900.0,7.7,S
2021-06-24T13:23:19,1000.0,7.71,B
2021-06-24T13:23:14,1000.0,7.7,S
2021-06-24T13:23:14,100.0,7.7,S
2021-06-24T13:23:13,500.0,7.7,S
2021-06-24T13:23:12,2000.0,7.7,S
2021-06-24T13:23:07,2000.0,7.7,S
2021-06-24T13:23:05,500.0,7.7,S
2021-06-24T13:23:02,8600.0,7.7,B
2021-06-24T13:22:56,1600.0,7.7,B
2021-06-24T13:22:52,10000.0,7.7,B
2021-06-24T13:22:52,100.0,7.7,B
2021-06-24T13:22:44,700.0,7.7,S
2021-06-24T13:22:41,200.0,7.72,B
2021-06-24T13:22:38,100.0,7.72,B
2021-06-24T13:22:38,100.0,7.7,S
2021-06-24T13:22:38,400.0,7.72,B
2021-06-24T13:22:35,200.0,7.72,B
2021-06-24T13:22:35,400.0,7.7,B
2021-06-24T13:22:35,7900.0,7.69,S
2021-06-24T13:22:35,1100.0,7.69,S
2021-06-24T13:22:35,1000.0,7.7,B
2021-06-24T13:22:33,18600.0,7.7,S
2021-06-24T13:22:33,5000.0,7.7,S
2021-06-24T13:22:29,16000.0,7.7,S
2021-06-24T13:22:29,4000.0,7.7,S
2021-06-24T13:22:27,1000.0,7.72,B
2021-06-24T13:22:25,100.0,7.72,B
2021-06-24T13:22:25,1000.0,7.7,S
2021-06-24T13:22:22,5000.0,7.72,B
2021-06-24T13:22:19,400.0,7.72,S
2021-06-24T13:22:10,500.0,7.73,B
2021-06-24T13:22:05,500.0,7.73,B
2021-06-24T13:22:01,2300.0,7.7,S
2021-06-24T13:22:01,100.0,7.72,S
2021-06-24T13:22:01,3600.0,7.72,S
2021-06-24T13:21:58,200.0,7.72,S
2021-06-24T13:21:57,2000.0,7.73,B
2021-06-24T13:21:53,5000.0,7.73,B
2021-06-24T13:21:49,20000.0,7.72,S
2021-06-24T13:21:48,12000.0,7.73,B
2021-06-24T13:21:41,1200.0,7.73,B
2021-06-24T13:21:41,4100.0,7.73,B
2021-06-24T13:21:27,100.0,7.73,B
2021-06-24T13:21:21,4000.0,7.73,B
2021-06-24T13:21:08,26200.0,7.72,B
2021-06-24T13:21:04,10200.0,7.7,S
2021-06-24T13:21:04,6100.0,7.7,S
2021-06-24T13:21:04,1000.0,7.7,S
2021-06-24T13:21:04,20200.0,7.7,S
2021-06-24T13:21:04,3000.0,7.7,S
2021-06-24T13:21:04,9500.0,7.7,S
2021-06-24T13:21:02,5000.0,7.72,B
2021-06-24T13:20:48,1000.0,7.7,S
2021-06-24T13:20:40,2000.0,7.7,S
2021-06-24T13:20:36,4000.0,7.73,B
2021-06-24T13:20:33,1000.0,7.72,B
2021-06-24T13:20:33,2000.0,7.7,B
2021-06-24T13:20:31,2000.0,7.7,B
2021-06-24T13:20:31,500.0,7.7,B
2021-06-24T13:20:31,6900.0,7.7,B
2021-06-24T13:20:31,500.0,7.7,B
2021-06-24T13:20:31,700.0,7.7,B
2021-06-24T13:20:31,100.0,7.7,B
2021-06-24T13:20:30,100.0,7.7,B
2021-06-24T13:20:29,10000.0,7.7,B
2021-06-24T13:20:28,300.0,7.7,B
2021-06-24T13:20:28,1000.0,7.7,B
2021-06-24T13:20:27,2100.0,7.7,B
2021-06-24T13:20:27,3900.0,7.7,B
2021-06-24T13:20:27,2000.0,7.7,B
2021-06-24T13:20:27,2700.0,7.7,B
2021-06-24T13:20:27,1300.0,7.7,B
2021-06-24T13:20:26,6500.0,7.7,B
2021-06-24T13:20:24,500.0,7.7,B
2021-06-24T13:20:24,1000.0,7.7,B
2021-06-24T13:20:24,1000.0,7.7,B
2021-06-24T13:20:24,200.0,7.7,B
2021-06-24T13:20:22,100.0,7.7,B
2021-06-24T13:20:20,100.0,7.69,S
2021-06-24T13:20:19,1100.0,7.7,B
2021-06-24T13:20:18,200.0,7.7,B
2021-06-24T13:20:16,1200.0,7.7,B
2021-06-24T13:20:15,800.0,7.7,B
2021-06-24T13:20:15,3700.0,7.7,B
2021-06-24T13:20:15,300.0,7.7,B
2021-06-24T13:20:15,1700.0,7.7,B
2021-06-24T13:20:15,200.0,7.7,B
2021-06-24T13:20:14,3100.0,7.7,B
2021-06-24T13:20:13,500.0,7.7,B
2021-06-24T13:20:13,2000.0,7.7,B
2021-06-24T13:20:12,1000.0,7.7,B
2021-06-24T13:20:12,900.0,7.7,B
2021-06-24T13:20:11,10000.0,7.7,B
2021-06-24T13:20:09,5000.0,7.7,B
2021-06-24T13:20:08,10000.0,7.7,B
2021-06-24T13:20:06,100.0,7.7,B
2021-06-24T13:20:05,1000.0,7.7,B
2021-06-24T13:20:04,15000.0,7.7,B
2021-06-24T13:20:04,10000.0,7.7,B
2021-06-24T13:20:01,5000.0,7.7,B
2021-06-24T13:20:01,2000.0,7.7,B
2021-06-24T13:19:58,100.0,7.7,B
2021-06-24T13:19:56,8400.0,7.7,B
2021-06-24T13:19:54,3000.0,7.7,B
2021-06-24T13:19:50,1000.0,7.7,B
2021-06-24T13:19:50,1000.0,7.7,B
2021-06-24T13:19:49,30000.0,7.7,B
2021-06-24T13:19:46,5000.0,7.7,B
2021-06-24T13:19:43,1000.0,7.68,S
2021-06-24T13:19:38,30000.0,7.7,B
2021-06-24T13:19:36,300.0,7.69,B
2021-06-24T13:19:36,5000.0,7.69,B
2021-06-24T13:19:33,1300.0,7.69,B
2021-06-24T13:19:29,100.0,7.69,B
2021-06-24T13:19:26,1000.0,7.69,B
2021-06-24T13:19:26,1000.0,7.69,B
2021-06-24T13:19:25,1000.0,7.69,B
2021-06-24T13:19:17,400.0,7.69,B
2021-06-24T13:19:13,1000.0,7.68,S
2021-06-24T13:19:09,9000.0,7.69,B
2021-06-24T13:19:08,1000.0,7.68,B
2021-06-24T13:19:07,30000.0,7.67,S
2021-06-24T13:19:07,1000.0,7.68,B
2021-06-24T13:19:06,2000.0,7.68,B
2021-06-24T13:19:04,500.0,7.68,B
2021-06-24T13:18:54,1000.0,7.69,B
2021-06-24T13:18:53,5000.0,7.69,B
2021-06-24T13:18:49,10000.0,7.69,B
2021-06-24T13:18:49,3000.0,7.69,B
2021-06-24T13:18:49,4100.0,7.67,B
2021-06-24T13:18:42,3100.0,7.67,B
2021-06-24T13:18:42,1900.0,7.66,B
2021-06-24T13:18:41,6100.0,7.65,B
2021-06-24T13:18:41,1800.0,7.65,B
2021-06-24T13:18:41,900.0,7.65,B
2021-06-24T13:18:41,2400.0,7.65,B
2021-06-24T13:18:41,5700.0,7.65,B
2021-06-24T13:18:41,9900.0,7.65,B
2021-06-24T13:18:35,500.0,7.63,B
2021-06-24T13:18:33,1000.0,7.63,B
2021-06-24T13:18:31,1000.0,7.63,B
2021-06-24T13:18:30,2500.0,7.63,S
2021-06-24T13:18:29,5000.0,7.65,B
2021-06-24T13:18:29,7000.0,7.65,B
2021-06-24T13:18:28,10000.0,7.65,B
2021-06-24T13:18:26,1500.0,7.65,B
2021-06-24T13:18:26,500.0,7.65,B
2021-06-24T13:18:23,1000.0,7.65,B
2021-06-24T13:18:23,500.0,7.65,B
2021-06-24T13:18:21,400.0,7.65,B
2021-06-24T13:18:20,200.0,7.65,B
2021-06-24T13:18:18,1400.0,7.65,B
2021-06-24T13:18:18,11400.0,7.65,B
2021-06-24T13:18:13,5000.0,7.65,B
2021-06-24T13:18:08,100.0,7.65,B
2021-06-24T13:18:06,20000.0,7.65,B
2021-06-24T13:18:03,1000.0,7.62,B
2021-06-24T13:17:52,10000.0,7.61,S
2021-06-24T13:17:52,500.0,7.62,B
2021-06-24T13:17:51,1000.0,7.61,S
2021-06-24T13:17:45,1400.0,7.61,B
2021-06-24T13:17:45,1800.0,7.61,B
2021-06-24T13:17:45,300.0,7.61,B
2021-06-24T13:17:43,200.0,7.61,B
2021-06-24T13:17:41,400.0,7.6,S
2021-06-24T13:17:40,2000.0,7.61,B
2021-06-24T13:17:31,100.0,7.6,B
2021-06-24T13:17:31,1900.0,7.6,B
2021-06-24T13:17:31,9900.0,7.6,B
2021-06-24T13:17:31,1000.0,7.6,B
2021-06-24T13:17:30,3000.0,7.6,B
2021-06-24T13:17:30,10000.0,7.6,B
2021-06-24T13:17:27,8100.0,7.6,B
2021-06-24T13:17:27,11900.0,7.6,B
2021-06-24T13:17:27,100.0,7.6,B
2021-06-24T13:17:26,3000.0,7.6,B
2021-06-24T13:17:26,10000.0,7.6,B
2021-06-24T13:17:26,1800.0,7.6,B
2021-06-24T13:17:26,1300.0,7.6,B
2021-06-24T13:17:25,16900.0,7.6,B
2021-06-24T13:17:23,5200.0,7.6,B
2021-06-24T13:17:22,1400.0,7.6,B
2021-06-24T13:17:22,17500.0,7.6,B
2021-06-24T13:17:22,1100.0,7.6,B
2021-06-24T13:17:13,10000.0,7.6,B
2021-06-24T13:17:05,1000.0,7.59,S
2021-06-24T13:17:05,3100.0,7.6,B
2021-06-24T13:17:05,12100.0,7.6,B
2021-06-24T13:17:05,400.0,7.6,B
2021-06-24T13:17:04,34400.0,7.6,B
2021-06-24T13:17:04,2000.0,7.6,B
2021-06-24T13:16:58,200.0,7.6,B
2021-06-24T13:16:55,1000.0,7.6,B
2021-06-24T13:16:47,3300.0,7.59,B
2021-06-24T13:16:46,3000.0,7.59,B
2021-06-24T13:16:44,3000.0,7.59,B
2021-06-24T13:16:42,800.0,7.59,B
2021-06-24T13:16:42,200.0,7.59,B
2021-06-24T13:16:42,100.0,7.59,B
2021-06-24T13:16:42,7700.0,7.59,B
2021-06-24T13:16:42,10000.0,7.59,B
2021-06-24T13:16:42,12800.0,7.59,B
2021-06-24T13:16:42,16400.0,7.59,B
2021-06-24T13:16:42,2000.0,7.59,B
2021-06-24T13:16:42,800.0,7.59,B
2021-06-24T13:16:41,5000.0,7.59,B
2021-06-24T13:16:41,2000.0,7.59,B
2021-06-24T13:16:28,100.0,7.59,B
2021-06-24T13:16:09,3000.0,7.58,B
2021-06-24T13:16:09,10400.0,7.58,B
2021-06-24T13:16:09,50400.0,7.58,B
2021-06-24T13:16:02,20000.0,7.57,S
2021-06-24T13:16:00,1000.0,7.58,B
2021-06-24T13:16:00,10000.0,7.58,B
2021-06-24T13:15:52,600.0,7.57,S
2021-06-24T13:15:52,1100.0,7.57,B
2021-06-24T13:15:52,1100.0,7.57,B
2021-06-24T13:15:51,49200.0,7.57,B
2021-06-24T13:15:45,1000.0,7.57,B
2021-06-24T13:15:42,2000.0,7.57,B
2021-06-24T13:15:36,100.0,7.57,B
2021-06-24T13:15:30,10000.0,7.57,B
2021-06-24T13:15:26,500.0,7.57,B
2021-06-24T13:15:24,1000.0,7.57,B
2021-06-24T13:15:22,200.0,7.57,B
2021-06-24T13:15:22,500.0,7.57,B
2021-06-24T13:15:21,6000.0,7.57,B
2021-06-24T13:15:20,2000.0,7.57,B
2021-06-24T13:15:16,600.0,7.57,B
2021-06-24T13:15:15,2000.0,7.57,B
2021-06-24T13:15:15,1000.0,7.57,B
2021-06-24T13:15:14,400.0,7.57,B
2021-06-24T13:15:14,2000.0,7.57,B
2021-06-24T13:15:12,10000.0,7.57,B
2021-06-24T13:15:09,1000.0,7.57,B
2021-06-24T13:15:07,1000.0,7.57,B
2021-06-24T13:15:04,5000.0,7.57,B
2021-06-24T13:15:03,1000.0,7.56,S
2021-06-24T13:14:53,200.0,7.57,B
2021-06-24T13:14:51,7100.0,7.56,B
2021-06-24T13:14:51,3500.0,7.56,B
2021-06-24T13:14:51,2500.0,7.56,B
2021-06-24T13:14:51,2300.0,7.56,B
2021-06-24T13:14:51,4200.0,7.56,B
2021-06-24T13:14:51,37500.0,7.56,B
2021-06-24T13:14:43,18000.0,7.56,B
2021-06-24T13:14:40,1500.0,7.56,B
2021-06-24T13:14:35,3000.0,7.56,B
2021-06-24T13:14:26,1000.0,7.55,S
2021-06-24T13:14:17,1100.0,7.55,B
2021-06-24T13:14:17,15000.0,7.55,B
2021-06-24T13:14:17,14200.0,7.55,B
2021-06-24T13:14:17,400.0,7.55,B
2021-06-24T13:14:17,1300.0,7.55,B
2021-06-24T13:14:17,6600.0,7.55,B
2021-06-24T13:14:16,23000.0,7.55,B
2021-06-24T13:14:16,16900.0,7.55,B
2021-06-24T13:14:09,10000.0,7.54,S
2021-06-24T13:14:03,900.0,7.55,B
2021-06-24T13:14:03,2100.0,7.55,B
2021-06-24T13:14:03,1000.0,7.55,B
2021-06-24T13:13:48,1000.0,7.55,B
2021-06-24T13:13:43,1000.0,7.54,S
2021-06-24T13:13:21,100.0,7.54,S
2021-06-24T13:13:05,100.0,7.54,S
2021-06-24T13:13:05,1000.0,7.54,S
2021-06-24T13:12:55,1900.0,7.54,S
2021-06-24T13:12:55,2000.0,7.54,B
2021-06-24T13:12:53,3400.0,7.54,B
2021-06-24T13:12:53,2500.0,7.54,B
2021-06-24T13:12:53,4100.0,7.54,B
2021-06-24T13:12:41,3000.0,7.54,B
2021-06-24T13:12:35,900.0,7.54,B
2021-06-24T13:12:32,3400.0,7.54,B
2021-06-24T13:12:28,100.0,7.54,B
2021-06-24T13:12:28,5000.0,7.54,B
2021-06-24T13:12:18,2000.0,7.54,B
2021-06-24T13:12:17,200.0,7.54,B
2021-06-24T13:12:17,600.0,7.54,B
2021-06-24T13:12:05,100.0,7.54,B
2021-06-24T13:11:58,1000.0,7.54,B
2021-06-24T13:11:50,13000.0,7.53,S
2021-06-24T13:11:45,200.0,7.54,B
2021-06-24T13:11:34,100.0,7.54,B
2021-06-24T13:11:32,2000.0,7.53,S
2021-06-24T13:11:31,200.0,7.54,B
2021-06-24T13:11:23,400.0,7.53,S
2021-06-24T13:10:45,1000.0,7.53,S
2021-06-24T13:10:36,1300.0,7.54,B
2021-06-24T13:10:17,900.0,7.53,S
2021-06-24T13:10:01,2200.0,7.53,B
2021-06-24T13:09:54,1000.0,7.53,B
2021-06-24T13:09:38,1500.0,7.53,B
2021-06-24T13:09:33,1100.0,7.53,B
2021-06-24T13:09:19,500.0,7.53,B
2021-06-24T13:09:17,1000.0,7.53,B
2021-06-24T13:09:08,300.0,7.52,S
2021-06-24T13:09:06,1000.0,7.52,S
2021-06-24T13:08:57,400.0,7.52,S
2021-06-24T13:08:31,1500.0,7.52,S
2021-06-24T13:08:01,2000.0,7.52,S
2021-06-24T13:07:37,500.0,7.52,S
2021-06-24T13:07:30,200.0,7.53,B
2021-06-24T13:07:25,5000.0,7.53,B
2021-06-24T13:07:20,1000.0,7.53,B
2021-06-24T13:07:03,1300.0,7.52,S
2021-06-24T13:07:01,500.0,7.53,B
2021-06-24T13:06:54,1600.0,7.53,B
2021-06-24T13:06:54,8400.0,7.53,B
2021-06-24T13:06:54,2000.0,7.52,S
2021-06-24T13:06:19,1700.0,7.52,S
2021-06-24T13:06:01,200.0,7.52,S
2021-06-24T13:05:53,1000.0,7.53,B
2021-06-24T13:05:49,200.0,7.52,B
2021-06-24T13:05:48,100.0,7.52,B
2021-06-24T13:05:47,700.0,7.52,B
2021-06-24T13:05:47,300.0,7.52,B
2021-06-24T13:05:40,100.0,7.52,B
2021-06-24T13:05:38,300.0,7.52,B
2021-06-24T13:05:22,2000.0,7.52,B
2021-06-24T13:05:13,6400.0,7.52,S
2021-06-24T13:04:59,8000.0,7.52,S
2021-06-24T13:04:42,500.0,7.53,B
2021-06-24T13:04:40,200.0,7.52,S
2021-06-24T13:03:51,800.0,7.52,S
2021-06-24T13:03:48,2000.0,7.52,S
2021-06-24T13:03:44,4900.0,7.52,B
2021-06-24T13:03:33,500.0,7.51,S
2021-06-24T13:03:28,9000.0,7.51,S
2021-06-24T13:03:26,3000.0,7.52,B
2021-06-24T13:03:15,1000.0,7.52,B
2021-06-24T13:03:12,2000.0,7.52,B
2021-06-24T13:03:08,1000.0,7.52,B
2021-06-24T13:03:04,1000.0,7.52,B
2021-06-24T13:02:50,700.0,7.52,B
2021-06-24T13:02:45,1000.0,7.52,B
2021-06-24T13:02:26,1200.0,7.52,B
2021-06-24T13:02:26,800.0,7.52,S
2021-06-24T13:02:26,13300.0,7.52,S
2021-06-24T13:02:26,2000.0,7.52,S
2021-06-24T13:02:25,200.0,7.52,S
2021-06-24T13:02:25,8100.0,7.52,S
2021-06-24T13:02:25,7600.0,7.53,B
2021-06-24T13:02:25,1700.0,7.53,B
2021-06-24T13:02:25,700.0,7.53,B
2021-06-24T13:02:05,1000.0,7.53,B
2021-06-24T13:01:48,500.0,7.53,B
2021-06-24T13:01:30,1000.0,7.53,B
2021-06-24T13:01:04,500.0,7.53,B
2021-06-24T13:00:23,200.0,7.53,B
2021-06-24T13:00:21,4000.0,7.52,S
2021-06-24T13:00:21,500.0,7.53,B
2021-06-24T13:00:18,200.0,7.53,B
2021-06-24T13:00:18,100.0,7.53,B
2021-06-24T13:00:18,1000.0,7.53,B
2021-06-24T13:00:18,400.0,7.53,B
2021-06-24T13:00:16,500.0,7.53,B
2021-06-24T13:00:13,10000.0,7.53,B
2021-06-24T13:00:13,100.0,7.53,B
2021-06-24T13:00:13,200.0,7.53,B
2021-06-24T13:00:13,1600.0,7.52,S
2021-06-24T13:00:13,4000.0,7.52,S
2021-06-24T13:00:13,4400.0,7.52,S
2021-06-24T13:00:10,2900.0,7.53,B
2021-06-24T13:00:08,5000.0,7.53,B
2021-06-24T13:00:08,1000.0,7.53,B
2021-06-24T13:00:08,1000.0,7.53,B
2021-06-24T13:00:08,200.0,7.53,B
2021-06-24T13:00:08,200.0,7.53,B
2021-06-24T13:00:08,100.0,7.53,B
2021-06-24T13:00:08,100.0,7.52,S
2021-06-24T13:00:08,1200.0,7.52,S
2021-06-24T13:00:08,100.0,7.53,B
2021-06-24T11:30:04,900.0,7.53,B
2021-06-24T11:29:58,10000.0,7.53,B
2021-06-24T11:29:57,1000.0,7.53,B
2021-06-24T11:29:52,500.0,7.53,B
2021-06-24T11:29:15,800.0,7.53,B
2021-06-24T11:28:55,300.0,7.53,B
2021-06-24T11:28:50,10000.0,7.53,B
2021-06-24T11:28:48,10000.0,7.52,S
2021-06-24T11:28:23,700.0,7.53,B
2021-06-24T11:28:22,400.0,7.52,S
2021-06-24T11:28:04,3000.0,7.53,B
2021-06-24T11:27:43,100.0,7.53,B
2021-06-24T11:27:37,200.0,7.53,B
2021-06-24T11:27:10,100.0,7.53,B
2021-06-24T11:27:03,300.0,7.53,B
2021-06-24T11:26:46,800.0,7.53,B
2021-06-24T11:26:27,100.0,7.53,B
2021-06-24T11:26:19,3500.0,7.53,B
2021-06-24T11:26:18,500.0,7.52,S
2021-06-24T11:26:09,7200.0,7.52,S
2021-06-24T11:26:09,6000.0,7.52,S
2021-06-24T11:26:09,12200.0,7.52,S
2021-06-24T11:25:43,3000.0,7.52,S
2021-06-24T11:25:30,100.0,7.53,B
2021-06-24T11:24:44,15000.0,7.53,B
2021-06-24T11:24:24,100.0,7.52,S
2021-06-24T11:24:20,6000.0,7.52,S
2021-06-24T11:24:13,12800.0,7.52,S
2021-06-24T11:24:13,6500.0,7.52,S
2021-06-24T11:23:55,5200.0,7.52,S
2021-06-24T11:23:27,800.0,7.52,S
2021-06-24T11:23:27,1400.0,7.52,S
2021-06-24T11:23:14,200.0,7.52,S
2021-06-24T11:23:05,200.0,7.53,B
2021-06-24T11:22:42,6400.0,7.52,B
2021-06-24T11:22:39,100.0,7.52,B
2021-06-24T11:22:29,300.0,7.52,B
2021-06-24T11:22:29,1700.0,7.52,B
2021-06-24T11:22:25,1000.0,7.52,B
2021-06-24T11:22:20,100.0,7.52,B
2021-06-24T11:22:15,2000.0,7.52,B
2021-06-24T11:21:59,500.0,7.52,B
2021-06-24T11:21:36,1000.0,7.52,B
2021-06-24T11:21:35,1000.0,7.52,B
2021-06-24T11:21:34,1000.0,7.52,B
2021-06-24T11:21:29,1000.0,7.52,S
2021-06-24T11:21:29,1600.0,7.52,S
2021-06-24T11:21:29,500.0,7.52,S
2021-06-24T11:21:29,6100.0,7.52,S
2021-06-24T11:21:21,2300.0,7.52,S
2021-06-24T11:21:21,11000.0,7.52,S
2021-06-24T11:21:21,5000.0,7.52,S
2021-06-24T11:21:21,8100.0,7.52,S
2021-06-24T11:21:19,900.0,7.53,B
2021-06-24T11:21:07,2700.0,7.53,B
2021-06-24T11:20:53,300.0,7.53,B
2021-06-24T11:20:40,1000.0,7.53,B
2021-06-24T11:20:22,500.0,7.53,B
2021-06-24T11:20:10,100.0,7.52,S
2021-06-24T11:19:59,100.0,7.53,B
2021-06-24T11:19:38,200.0,7.53,B
2021-06-24T11:19:23,9700.0,7.53,B
2021-06-24T11:18:54,600.0,7.53,S
2021-06-24T11:18:54,200.0,7.53,S
2021-06-24T11:18:54,100.0,7.53,S
2021-06-24T11:18:54,5300.0,7.53,S
2021-06-24T11:18:54,20100.0,7.53,S
2021-06-24T11:18:54,13000.0,7.53,S
2021-06-24T11:18:38,500.0,7.53,S
2021-06-24T11:18:38,1300.0,7.53,S
2021-06-24T11:18:38,300.0,7.53,S
2021-06-24T11:18:38,900.0,7.53,S
2021-06-24T11:18:38,7000.0,7.53,S
2021-06-24T11:18:21,4200.0,7.54,S
2021-06-24T11:18:01,4400.0,7.54,S
2021-06-24T11:17:55,200.0,7.53,S
2021-06-24T11:17:51,1600.0,7.54,S
2021-06-24T11:17:43,1200.0,7.54,B
2021-06-24T11:17:20,1000.0,7.54,B
2021-06-24T11:17:16,1000.0,7.54,B
2021-06-24T11:17:14,1000.0,7.54,S
2021-06-24T11:17:14,200.0,7.54,S
2021-06-24T11:17:14,700.0,7.54,S
2021-06-24T11:17:14,5400.0,7.54,S
2021-06-24T11:16:46,500.0,7.54,S
2021-06-24T11:16:26,300.0,7.55,B
2021-06-24T11:16:18,400.0,7.55,B
2021-06-24T11:16:07,500.0,7.55,B
2021-06-24T11:15:27,1500.0,7.55,S
2021-06-24T11:15:04,5000.0,7.56,B
2021-06-24T11:14:56,2300.0,7.55,B
2021-06-24T11:14:54,800.0,7.55,S
2021-06-24T11:14:38,2000.0,7.55,S
2021-06-24T11:14:34,200.0,7.56,B
2021-06-24T11:14:33,100.0,7.56,B
2021-06-24T11:14:24,1500.0,7.55,S
2021-06-24T11:14:24,700.0,7.55,S
2021-06-24T11:14:24,2800.0,7.55,S
2021-06-24T11:14:17,2000.0,7.55,S
2021-06-24T11:13:27,300.0,7.56,B
2021-06-24T11:12:57,3000.0,7.56,B
2021-06-24T11:12:54,5000.0,7.56,B
2021-06-24T11:12:22,100.0,7.56,B
2021-06-24T11:12:15,100.0,7.56,B
2021-06-24T11:12:05,200.0,7.56,B
2021-06-24T11:11:58,2000.0,7.55,S
2021-06-24T11:11:56,2800.0,7.56,B
2021-06-24T11:11:55,300.0,7.57,B
2021-06-24T11:11:45,10000.0,7.56,S
2021-06-24T11:11:33,7200.0,7.56,B
2021-06-24T11:11:07,9800.0,7.56,S
2021-06-24T11:10:58,100.0,7.57,B
2021-06-24T11:10:33,300.0,7.56,S
2021-06-24T11:10:28,13800.0,7.56,B
2021-06-24T11:10:06,10000.0,7.56,B
2021-06-24T11:10:01,200.0,7.56,B
2021-06-24T11:09:54,600.0,7.56,B
2021-06-24T11:09:48,5000.0,7.55,S
2021-06-24T11:09:28,1000.0,7.56,B
2021-06-24T11:09:07,100.0,7.56,B
2021-06-24T11:09:03,400.0,7.56,B
2021-06-24T11:08:25,500.0,7.55,S
2021-06-24T11:08:23,3000.0,7.56,B
2021-06-24T11:07:46,3000.0,7.56,B
2021-06-24T11:07:41,10000.0,7.56,B
2021-06-24T11:07:33,1000.0,7.56,B
2021-06-24T11:07:32,6700.0,7.56,B
2021-06-24T11:07:26,100.0,7.56,B
2021-06-24T11:07:17,1300.0,7.56,B
2021-06-24T11:07:17,600.0,7.56,B
2021-06-24T11:07:17,100.0,7.56,B
2021-06-24T11:07:03,100.0,7.56,B
2021-06-24T11:06:50,5000.0,7.55,S
2021-06-24T11:06:36,100.0,7.55,S
2021-06-24T11:06:33,7100.0,7.55,B
2021-06-24T11:06:22,40000.0,7.55,B
2021-06-24T11:06:19,1000.0,7.55,B
2021-06-24T11:06:10,600.0,7.55,B
2021-06-24T11:06:08,3000.0,7.54,S
2021-06-24T11:05:52,10000.0,7.55,B
2021-06-24T11:05:44,100.0,7.54,S
2021-06-24T11:05:44,1000.0,7.54,S
2021-06-24T11:05:13,100.0,7.54,S
2021-06-24T11:05:03,100.0,7.54,B
2021-06-24T11:05:02,1000.0,7.54,B
2021-06-24T11:05:02,1600.0,7.54,B
2021-06-24T11:04:57,2000.0,7.54,B
2021-06-24T11:04:53,1000.0,7.54,S
2021-06-24T11:04:49,200.0,7.54,S
2021-06-24T11:04:47,3900.0,7.54,B
2021-06-24T11:04:38,400.0,7.54,B
2021-06-24T11:04:21,3000.0,7.54,B
2021-06-24T11:04:05,1000.0,7.54,B
2021-06-24T11:03:56,200.0,7.54,B
2021-06-24T11:03:53,500.0,7.54,B
2021-06-24T11:03:29,100.0,7.54,B
2021-06-24T11:03:12,300.0,7.54,B
2021-06-24T11:02:58,300.0,7.54,B
2021-06-24T11:02:58,2700.0,7.54,B
2021-06-24T11:02:47,100.0,7.53,S
2021-06-24T11:02:47,100.0,7.54,B
2021-06-24T11:02:39,100.0,7.53,S
2021-06-24T11:02:37,5000.0,7.53,S
2021-06-24T11:02:37,200.0,7.54,B
2021-06-24T11:02:34,1500.0,7.54,B
2021-06-24T11:02:02,200.0,7.53,S
2021-06-24T11:01:53,2000.0,7.53,S
2021-06-24T11:01:52,1200.0,7.53,S
2021-06-24T11:01:48,300.0,7.54,B
2021-06-24T11:01:40,500.0,7.53,S
2021-06-24T11:01:36,300.0,7.54,B
2021-06-24T11:01:31,1000.0,7.53,S
2021-06-24T11:01:29,1500.0,7.53,S
2021-06-24T11:01:17,100.0,7.53,S
2021-06-24T11:01:15,200.0,7.53,S
2021-06-24T11:01:14,100.0,7.54,B
2021-06-24T11:01:14,1000.0,7.53,S
2021-06-24T11:00:54,12000.0,7.53,S
2021-06-24T11:00:50,32500.0,7.53,B
2021-06-24T11:00:40,10000.0,7.52,S
2021-06-24T11:00:29,100.0,7.53,B
2021-06-24T11:00:26,9000.0,7.52,S
2021-06-24T11:00:24,100.0,7.53,B
2021-06-24T11:00:23,9500.0,7.53,B
2021-06-24T11:00:23,500.0,7.53,B
2021-06-24T11:00:21,1000.0,7.53,B
2021-06-24T11:00:13,6500.0,7.52,S
2021-06-24T10:59:41,300.0,7.53,B
2021-06-24T10:59:41,5000.0,7.53,B
2021-06-24T10:59:33,100.0,7.53,B
2021-06-24T10:59:26,3000.0,7.53,B
2021-06-24T10:59:26,200.0,7.53,B
2021-06-24T10:59:24,200.0,7.53,B
2021-06-24T10:59:23,100.0,7.53,B
2021-06-24T10:59:22,200.0,7.53,B
2021-06-24T10:58:55,12900.0,7.52,B
2021-06-24T10:58:55,5300.0,7.51,S
2021-06-24T10:58:55,4700.0,7.51,S
2021-06-24T10:58:50,500.0,7.51,S
2021-06-24T10:58:48,1000.0,7.52,B
2021-06-24T10:58:47,400.0,7.52,B
2021-06-24T10:58:44,1000.0,7.52,B
2021-06-24T10:58:44,1000.0,7.52,B
2021-06-24T10:58:38,3500.0,7.52,B
2021-06-24T10:58:36,1000.0,7.52,B
2021-06-24T10:58:33,200.0,7.52,B
2021-06-24T10:58:33,300.0,7.52,B
2021-06-24T10:58:32,5000.0,7.52,B
2021-06-24T10:58:30,1000.0,7.52,B
2021-06-24T10:58:26,1000.0,7.52,B
2021-06-24T10:58:21,2200.0,7.52,B
2021-06-24T10:58:20,2000.0,7.52,B
2021-06-24T10:58:19,800.0,7.52,B
2021-06-24T10:58:14,500.0,7.52,B
2021-06-24T10:58:10,1000.0,7.52,B
2021-06-24T10:58:07,3200.0,7.51,S
2021-06-24T10:58:03,300.0,7.51,S
2021-06-24T10:58:03,500.0,7.51,S
2021-06-24T10:58:00,5000.0,7.51,S
2021-06-24T10:57:46,500.0,7.51,S
2021-06-24T10:57:35,3000.0,7.51,S
2021-06-24T10:57:34,600.0,7.52,B
2021-06-24T10:57:32,2000.0,7.51,S
2021-06-24T10:57:27,300.0,7.52,B
2021-06-24T10:57:26,400.0,7.51,S
2021-06-24T10:57:23,10000.0,7.51,S
2021-06-24T10:57:20,200.0,7.52,B
2021-06-24T10:57:16,100.0,7.51,S
2021-06-24T10:57:13,100.0,7.51,S
2021-06-24T10:57:12,1200.0,7.51,S
2021-06-24T10:57:04,400.0,7.51,S
2021-06-24T10:57:03,500.0,7.51,S
2021-06-24T10:56:59,300.0,7.51,S
2021-06-24T10:56:58,400.0,7.51,S
2021-06-24T10:56:57,5000.0,7.51,B
2021-06-24T10:56:53,1300.0,7.51,B
2021-06-24T10:56:45,15600.0,7.51,B
2021-06-24T10:56:42,200.0,7.5,S
2021-06-24T10:56:40,4000.0,7.51,B
2021-06-24T10:56:38,700.0,7.5,S
2021-06-24T10:56:37,2000.0,7.51,B
2021-06-24T10:56:35,2100.0,7.5,S
2021-06-24T10:56:35,5000.0,7.51,B
2021-06-24T10:56:31,100.0,7.51,B
2021-06-24T10:56:30,2000.0,7.51,B
2021-06-24T10:56:29,4000.0,7.5,S
2021-06-24T10:56:27,2000.0,7.51,B
2021-06-24T10:56:24,5000.0,7.51,B
2021-06-24T10:56:24,300.0,7.51,B
2021-06-24T10:56:24,1000.0,7.51,B
2021-06-24T10:56:00,200.0,7.51,B
2021-06-24T10:55:58,1000.0,7.51,B
2021-06-24T10:55:53,2500.0,7.5,S
2021-06-24T10:55:51,4900.0,7.51,S
2021-06-24T10:55:49,5300.0,7.51,S
2021-06-24T10:55:23,100.0,7.51,B
2021-06-24T10:55:22,3000.0,7.51,B
2021-06-24T10:55:20,1500.0,7.5,S
2021-06-24T10:55:20,100.0,7.51,B
2021-06-24T10:55:17,3000.0,7.51,B
2021-06-24T10:55:17,11800.0,7.51,B
2021-06-24T10:55:15,200.0,7.51,B
2021-06-24T10:55:12,500.0,7.51,B
2021-06-24T10:55:11,1500.0,7.51,B
2021-06-24T10:55:09,1000.0,7.51,B
2021-06-24T10:55:05,10300.0,7.51,B
2021-06-24T10:55:05,6400.0,7.51,B
2021-06-24T10:55:02,200.0,7.51,B
2021-06-24T10:54:53,300.0,7.51,B
2021-06-24T10:54:49,100.0,7.51,B
2021-06-24T10:54:45,200.0,7.51,B
2021-06-24T10:54:39,2000.0,7.51,B
2021-06-24T10:54:37,2000.0,7.51,B
2021-06-24T10:54:36,100.0,7.51,B
2021-06-24T10:54:35,700.0,7.51,B
2021-06-24T10:54:34,300.0,7.51,B
2021-06-24T10:54:32,700.0,7.5,S
2021-06-24T10:54:32,3100.0,7.5,S
2021-06-24T10:54:32,10000.0,7.5,S
2021-06-24T10:54:32,2000.0,7.5,S
2021-06-24T10:54:32,1200.0,7.5,S
2021-06-24T10:54:32,6000.0,7.5,S
2021-06-24T10:54:32,30000.0,7.5,S
2021-06-24T10:54:32,2100.0,7.5,S
2021-06-24T10:54:32,6500.0,7.5,S
2021-06-24T10:54:32,3000.0,7.5,S
2021-06-24T10:54:32,7900.0,7.5,S
2021-06-24T10:54:32,100.0,7.5,S
2021-06-24T10:54:32,2800.0,7.5,S
2021-06-24T10:54:32,1000.0,7.5,S
2021-06-24T10:54:32,600.0,7.5,S
2021-06-24T10:54:32,8800.0,7.5,S
2021-06-24T10:54:32,1000.0,7.5,S
2021-06-24T10:54:32,600.0,7.5,S
2021-06-24T10:54:32,1200.0,7.5,S
2021-06-24T10:54:32,1100.0,7.5,S
2021-06-24T10:54:32,1400.0,7.5,S
2021-06-24T10:54:32,500.0,7.5,S
2021-06-24T10:54:32,12000.0,7.5,S
2021-06-24T10:54:32,400.0,7.5,S
2021-06-24T10:54:32,200.0,7.5,S
2021-06-24T10:54:32,300.0,7.5,S
2021-06-24T10:54:32,100.0,7.5,S
2021-06-24T10:54:32,300.0,7.5,S
2021-06-24T10:54:32,7000.0,7.5,S
2021-06-24T10:54:32,3100.0,7.5,S
2021-06-24T10:54:32,300.0,7.5,S
2021-06-24T10:54:32,2300.0,7.5,S
2021-06-24T10:54:32,18600.0,7.5,S
2021-06-24T10:54:32,1000.0,7.5,S
2021-06-24T10:54:32,12100.0,7.5,S
2021-06-24T10:54:32,2000.0,7.5,S
2021-06-24T10:54:32,100.0,7.5,S
2021-06-24T10:54:32,10000.0,7.5,S
2021-06-24T10:54:32,1100.0,7.5,S
2021-06-24T10:54:32,5200.0,7.5,S
2021-06-24T10:54:32,1000.0,7.5,S
2021-06-24T10:54:32,1000.0,7.5,S
2021-06-24T10:54:32,1100.0,7.5,S
2021-06-24T10:54:32,4100.0,7.5,S
2021-06-24T10:54:32,1100.0,7.5,S
2021-06-24T10:54:32,5600.0,7.5,S
2021-06-24T10:54:32,1000.0,7.5,S
2021-06-24T10:54:32,2500.0,7.5,S
2021-06-24T10:54:32,6000.0,7.5,S
2021-06-24T10:54:30,27500.0,7.5,S
2021-06-24T10:54:26,1000.0,7.51,S
2021-06-24T10:54:19,6000.0,7.51,S
2021-06-24T10:54:19,32700.0,7.51,S
2021-06-24T10:54:15,25000.0,7.51,S
2021-06-24T10:54:11,3000.0,7.51,S
2021-06-24T10:54:04,8600.0,7.51,S
2021-06-24T10:54:01,13400.0,7.51,S
2021-06-24T10:54:01,5600.0,7.51,S
2021-06-24T10:54:01,4300.0,7.51,S
2021-06-24T10:54:01,1200.0,7.51,S
2021-06-24T10:54:01,1300.0,7.51,S
2021-06-24T10:54:01,4200.0,7.51,S
2021-06-24T10:53:47,12100.0,7.51,S
2021-06-24T10:53:47,2500.0,7.51,S
2021-06-24T10:53:46,300.0,7.51,S
2021-06-24T10:53:46,6200.0,7.51,S
2021-06-24T10:53:46,13000.0,7.51,S
2021-06-24T10:53:46,10400.0,7.51,S
2021-06-24T10:53:46,500.0,7.52,S
2021-06-24T10:53:46,500.0,7.52,S
2021-06-24T10:53:46,1400.0,7.52,S
2021-06-24T10:53:46,3000.0,7.52,S
2021-06-24T10:53:46,20000.0,7.52,S
2021-06-24T10:53:46,14000.0,7.52,S
2021-06-24T10:53:46,36100.0,7.52,S
2021-06-24T10:53:42,1600.0,7.52,S
2021-06-24T10:53:42,1500.0,7.52,S
2021-06-24T10:53:42,200.0,7.52,S
2021-06-24T10:53:42,1400.0,7.52,S
2021-06-24T10:53:42,200.0,7.52,S
2021-06-24T10:53:42,11100.0,7.52,S
2021-06-24T10:53:42,5400.0,7.52,S
2021-06-24T10:53:42,1600.0,7.52,S
2021-06-24T10:53:42,1300.0,7.52,S
2021-06-24T10:53:42,200.0,7.52,S
2021-06-24T10:53:42,1100.0,7.52,S
2021-06-24T10:53:42,7900.0,7.52,S
2021-06-24T10:53:42,100.0,7.52,S
2021-06-24T10:53:42,1100.0,7.52,S
2021-06-24T10:53:40,400.0,7.52,S
2021-06-24T10:53:40,14900.0,7.52,S
2021-06-24T10:53:25,500.0,7.53,B
2021-06-24T10:53:22,500.0,7.53,B
2021-06-24T10:53:18,500.0,7.53,S
2021-06-24T10:53:03,1500.0,7.53,S
2021-06-24T10:53:03,6200.0,7.53,S
2021-06-24T10:53:02,5100.0,7.53,S
2021-06-24T10:53:02,600.0,7.53,S
2021-06-24T10:53:02,600.0,7.53,S
2021-06-24T10:53:02,1200.0,7.53,S
2021-06-24T10:53:02,3100.0,7.53,S
2021-06-24T10:53:02,3600.0,7.53,S
2021-06-24T10:52:52,5000.0,7.53,S
2021-06-24T10:52:46,1000.0,7.54,B
2021-06-24T10:52:38,100.0,7.53,S
2021-06-24T10:52:32,300.0,7.53,S
2021-06-24T10:52:29,10000.0,7.53,S
2021-06-24T10:52:18,900.0,7.53,S
2021-06-24T10:52:18,2100.0,7.53,S
2021-06-24T10:52:17,8800.0,7.53,S
2021-06-24T10:52:17,600.0,7.53,S
2021-06-24T10:52:11,3500.0,7.53,S
2021-06-24T10:52:11,1100.0,7.53,S
2021-06-24T10:52:11,500.0,7.53,S
2021-06-24T10:52:10,9900.0,7.53,S
2021-06-24T10:52:06,20000.0,7.53,S
2021-06-24T10:51:53,200.0,7.54,B
2021-06-24T10:51:42,100.0,7.55,B
2021-06-24T10:51:41,200.0,7.54,B
2021-06-24T10:51:26,2500.0,7.53,S
2021-06-24T10:51:26,2300.0,7.54,S
2021-06-24T10:51:26,400.0,7.54,S
2021-06-24T10:50:30,10000.0,7.55,B
2021-06-24T10:50:21,1000.0,7.54,S
2021-06-24T10:50:21,2000.0,7.54,S
2021-06-24T10:50:21,100.0,7.54,S
2021-06-24T10:50:21,2000.0,7.54,S
2021-06-24T10:50:21,2200.0,7.54,S
2021-06-24T10:50:21,1900.0,7.54,S
2021-06-24T10:50:21,2400.0,7.54,S
2021-06-24T10:50:21,600.0,7.54,S
2021-06-24T10:50:20,2000.0,7.54,S
2021-06-24T10:50:20,1300.0,7.54,S
2021-06-24T10:50:20,100.0,7.54,S
2021-06-24T10:50:20,6000.0,7.54,S
2021-06-24T10:50:20,26400.0,7.54,S
2021-06-24T10:50:19,1000.0,7.54,S
2021-06-24T10:50:11,10000.0,7.54,S
2021-06-24T10:50:01,100.0,7.55,B
2021-06-24T10:49:53,11000.0,7.54,S
2021-06-24T10:49:53,1700.0,7.54,S
2021-06-24T10:49:53,1300.0,7.54,S
2021-06-24T10:49:53,10500.0,7.54,S
2021-06-24T10:49:33,500.0,7.54,S
2021-06-24T10:49:32,2000.0,7.55,B
2021-06-24T10:49:27,100.0,7.54,S
2021-06-24T10:49:25,10000.0,7.54,S
2021-06-24T10:49:03,4400.0,7.54,S
2021-06-24T10:48:38,1000.0,7.54,S
2021-06-24T10:48:36,1000.0,7.55,B
2021-06-24T10:48:28,1000.0,7.55,B
2021-06-24T10:48:17,1000.0,7.55,B
2021-06-24T10:48:11,2500.0,7.55,S
2021-06-24T10:48:05,300.0,7.55,S
2021-06-24T10:48:00,27500.0,7.55,B
2021-06-24T10:47:58,1000.0,7.54,S
2021-06-24T10:47:45,9000.0,7.54,S
2021-06-24T10:47:44,7000.0,7.55,B
2021-06-24T10:47:35,300.0,7.55,B
2021-06-24T10:47:21,2000.0,7.54,S
2021-06-24T10:47:10,1500.0,7.54,S
2021-06-24T10:46:58,6100.0,7.54,S
2021-06-24T10:46:57,100.0,7.55,B
2021-06-24T10:46:55,1100.0,7.55,B
2021-06-24T10:46:53,2000.0,7.55,B
2021-06-24T10:46:51,100.0,7.55,B
2021-06-24T10:46:40,1000.0,7.55,B
2021-06-24T10:46:26,10000.0,7.55,B
2021-06-24T10:46:07,100.0,7.55,B
2021-06-24T10:45:59,4400.0,7.55,B
2021-06-24T10:45:53,1000.0,7.55,B
2021-06-24T10:45:39,1000.0,7.55,S
2021-06-24T10:45:38,2000.0,7.55,S
2021-06-24T10:45:38,9800.0,7.55,S
2021-06-24T10:45:36,9200.0,7.55,S
2021-06-24T10:45:32,500.0,7.55,S
2021-06-24T10:45:28,2600.0,7.55,B
2021-06-24T10:45:12,1000.0,7.55,B
2021-06-24T10:45:11,100.0,7.55,B
2021-06-24T10:45:04,100.0,7.55,B
2021-06-24T10:44:56,1000.0,7.55,B
2021-06-24T10:44:54,10000.0,7.54,S
2021-06-24T10:44:53,20000.0,7.55,B
2021-06-24T10:44:53,15200.0,7.54,S
2021-06-24T10:44:46,300.0,7.55,B
2021-06-24T10:44:46,100.0,7.55,B
2021-06-24T10:44:39,3000.0,7.54,S
2021-06-24T10:44:19,1000.0,7.54,S
2021-06-24T10:44:17,5000.0,7.55,B
2021-06-24T10:44:03,300.0,7.54,S
2021-06-24T10:43:55,500.0,7.54,S
2021-06-24T10:43:48,500.0,7.55,B
2021-06-24T10:43:40,2000.0,7.55,S
2021-06-24T10:43:39,500.0,7.55,S
2021-06-24T10:43:39,600.0,7.55,S
2021-06-24T10:43:39,1000.0,7.55,S
2021-06-24T10:43:39,2500.0,7.55,S
2021-06-24T10:43:39,9800.0,7.55,S
2021-06-24T10:43:27,3000.0,7.55,S
2021-06-24T10:43:27,100.0,7.55,S
2021-06-24T10:43:23,200.0,7.55,S
2021-06-24T10:43:10,3400.0,7.55,S
2021-06-24T10:42:52,18000.0,7.55,S
2021-06-24T10:42:52,9500.0,7.55,S
2021-06-24T10:42:52,39300.0,7.55,S
2021-06-24T10:42:52,7200.0,7.55,S
2021-06-24T10:42:52,5100.0,7.55,S
2021-06-24T10:42:52,600.0,7.55,S
2021-06-24T10:42:52,400.0,7.55,S
2021-06-24T10:42:52,300.0,7.55,S
2021-06-24T10:42:52,1400.0,7.55,S
2021-06-24T10:42:52,5500.0,7.55,S
2021-06-24T10:42:52,500.0,7.55,S
2021-06-24T10:42:52,12200.0,7.55,S
2021-06-24T10:42:49,9200.0,7.55,S
2021-06-24T10:42:40,10000.0,7.56,S
2021-06-24T10:42:14,5000.0,7.56,S
2021-06-24T10:42:12,100.0,7.57,B
2021-06-24T10:42:07,1600.0,7.57,B
2021-06-24T10:42:07,300.0,7.57,B
2021-06-24T10:42:07,2600.0,7.57,B
2021-06-24T10:41:48,2400.0,7.57,B
2021-06-24T10:41:41,400.0,7.57,S
2021-06-24T10:41:32,15000.0,7.57,S
2021-06-24T10:41:16,100.0,7.57,S
2021-06-24T10:40:35,1000.0,7.57,S
2021-06-24T10:40:24,100.0,7.57,S
2021-06-24T10:40:15,500.0,7.58,B
2021-06-24T10:40:10,10000.0,7.56,S
2021-06-24T10:40:08,1000.0,7.58,B
2021-06-24T10:40:02,2000.0,7.56,S
2021-06-24T10:39:58,400.0,7.58,S
2021-06-24T10:39:47,2000.0,7.58,S
2021-06-24T10:39:38,600.0,7.58,B
2021-06-24T10:39:20,100.0,7.58,B
2021-06-24T10:39:14,2000.0,7.58,B
2021-06-24T10:39:13,100.0,7.56,S
2021-06-24T10:39:10,5000.0,7.58,B
2021-06-24T10:39:06,5000.0,7.58,B
2021-06-24T10:39:01,5000.0,7.58,B
2021-06-24T10:38:58,5000.0,7.58,B
2021-06-24T10:38:54,5000.0,7.58,B
2021-06-24T10:38:49,5000.0,7.57,B
2021-06-24T10:38:44,2300.0,7.56,B
2021-06-24T10:38:37,3000.0,7.56,B
2021-06-24T10:38:32,1300.0,7.56,B
2021-06-24T10:38:23,5000.0,7.55,S
2021-06-24T10:38:22,200.0,7.56,B
2021-06-24T10:38:20,2000.0,7.56,B
2021-06-24T10:38:20,100.0,7.56,B
2021-06-24T10:38:19,10000.0,7.55,S
2021-06-24T10:38:06,100.0,7.56,B
2021-06-24T10:38:05,300.0,7.56,B
2021-06-24T10:38:02,100.0,7.56,B
2021-06-24T10:37:50,100.0,7.56,B
2021-06-24T10:37:37,500.0,7.56,B
2021-06-24T10:37:33,300.0,7.55,S
2021-06-24T10:37:31,7200.0,7.56,S
2021-06-24T10:37:31,400.0,7.56,S
2021-06-24T10:37:31,1000.0,7.56,S
2021-06-24T10:37:31,17700.0,7.56,S
2021-06-24T10:37:31,5300.0,7.56,S
2021-06-24T10:37:31,800.0,7.56,S
2021-06-24T10:37:31,5100.0,7.56,S
2021-06-24T10:37:31,2200.0,7.56,S
2021-06-24T10:37:28,2000.0,7.56,S
2021-06-24T10:37:08,400.0,7.56,S
2021-06-24T10:36:44,1200.0,7.56,S
2021-06-24T10:36:44,1800.0,7.56,S
2021-06-24T10:36:41,2500.0,7.57,B
2021-06-24T10:35:55,100.0,7.57,B
2021-06-24T10:35:54,100.0,7.57,B
2021-06-24T10:35:30,600.0,7.57,S
2021-06-24T10:35:16,1600.0,7.57,B
2021-06-24T10:35:15,8000.0,7.57,B
2021-06-24T10:35:08,5000.0,7.57,B
2021-06-24T10:35:00,100.0,7.56,S
2021-06-24T10:34:42,1800.0,7.57,B
2021-06-24T10:34:19,10000.0,7.56,S
2021-06-24T10:34:17,5000.0,7.57,B
2021-06-24T10:33:52,300.0,7.57,B
2021-06-24T10:33:39,100.0,7.57,B
2021-06-24T10:33:35,1000.0,7.57,S
2021-06-24T10:33:35,6100.0,7.57,S
2021-06-24T10:33:10,4300.0,7.57,S
2021-06-24T10:33:09,700.0,7.57,S
2021-06-24T10:32:57,5000.0,7.57,S
2021-06-24T10:32:42,2000.0,7.57,S
2021-06-24T10:32:36,600.0,7.58,B
2021-06-24T10:32:34,10000.0,7.57,S
2021-06-24T10:32:31,1000.0,7.57,S
2021-06-24T10:32:27,200.0,7.58,B
2021-06-24T10:32:25,100.0,7.58,B
2021-06-24T10:32:14,200.0,7.58,B
2021-06-24T10:31:33,200.0,7.58,B
2021-06-24T10:31:28,400.0,7.57,S
2021-06-24T10:31:25,10000.0,7.57,S
2021-06-24T10:31:16,700.0,7.58,B
2021-06-24T10:31:16,2300.0,7.58,B
2021-06-24T10:31:08,1700.0,7.58,B
2021-06-24T10:31:07,1000.0,7.57,S
2021-06-24T10:31:03,2000.0,7.58,B
2021-06-24T10:30:59,1000.0,7.58,B
2021-06-24T10:30:51,500.0,7.58,B
2021-06-24T10:30:41,4000.0,7.58,B
2021-06-24T10:30:31,200.0,7.58,B
2021-06-24T10:29:53,500.0,7.57,S
2021-06-24T10:29:34,100.0,7.58,B
2021-06-24T10:29:32,100.0,7.58,B
2021-06-24T10:29:31,100.0,7.58,B
2021-06-24T10:29:30,100.0,7.58,B
2021-06-24T10:29:28,100.0,7.58,B
2021-06-24T10:29:26,100.0,7.58,B
2021-06-24T10:29:25,100.0,7.58,B
2021-06-24T10:29:23,100.0,7.58,B
2021-06-24T10:29:21,100.0,7.58,B
2021-06-24T10:29:20,5100.0,7.58,B
2021-06-24T10:29:19,100.0,7.58,B
2021-06-24T10:29:16,100.0,7.58,B
2021-06-24T10:29:08,100.0,7.58,S
2021-06-24T10:29:08,800.0,7.58,S
2021-06-24T10:29:08,2100.0,7.58,S
2021-06-24T10:29:08,5100.0,7.58,S
2021-06-24T10:29:08,500.0,7.58,S
2021-06-24T10:29:07,1500.0,7.58,S
2021-06-24T10:28:43,400.0,7.58,S
2021-06-24T10:28:08,1000.0,7.58,S
2021-06-24T10:27:51,1000.0,7.58,S
2021-06-24T10:27:13,4500.0,7.58,B
2021-06-24T10:26:43,100.0,7.58,B
2021-06-24T10:26:33,500.0,7.58,B
2021-06-24T10:26:30,1000.0,7.58,B
2021-06-24T10:26:28,2900.0,7.58,S
2021-06-24T10:26:19,1000.0,7.58,S
2021-06-24T10:26:10,100.0,7.58,S
2021-06-24T10:26:08,1300.0,7.58,B
2021-06-24T10:25:56,3400.0,7.58,B
2021-06-24T10:25:56,3500.0,7.58,B
2021-06-24T10:25:56,13100.0,7.58,B
2021-06-24T10:25:41,300.0,7.58,B
2021-06-24T10:25:31,300.0,7.58,B
2021-06-24T10:25:28,1300.0,7.57,S
2021-06-24T10:25:09,1100.0,7.58,B
2021-06-24T10:24:59,100.0,7.58,B
2021-06-24T10:24:57,2000.0,7.58,B
2021-06-24T10:24:50,200.0,7.58,B
2021-06-24T10:24:48,1400.0,7.58,B
2021-06-24T10:24:48,7100.0,7.58,B
2021-06-24T10:24:48,1500.0,7.58,B
2021-06-24T10:24:44,3300.0,7.58,B
2021-06-24T10:24:25,3100.0,7.58,B
2021-06-24T10:24:20,500.0,7.58,B
2021-06-24T10:24:20,500.0,7.58,B
2021-06-24T10:24:00,11000.0,7.58,B
2021-06-24T10:23:35,5000.0,7.57,S
2021-06-24T10:23:28,700.0,7.58,B
2021-06-24T10:23:20,1000.0,7.58,B
2021-06-24T10:23:05,5000.0,7.58,B
2021-06-24T10:22:50,1000.0,7.57,S
2021-06-24T10:22:48,200.0,7.57,S
2021-06-24T10:22:12,600.0,7.57,S
2021-06-24T10:21:08,6900.0,7.57,S
2021-06-24T10:20:49,3200.0,7.57,B
2021-06-24T10:19:49,8800.0,7.57,S
2021-06-24T10:19:42,2000.0,7.57,S
2021-06-24T10:19:08,1000.0,7.58,B
2021-06-24T10:18:43,300.0,7.58,B
2021-06-24T10:18:43,200.0,7.58,B
2021-06-24T10:18:11,1000.0,7.58,B
2021-06-24T10:18:07,300.0,7.57,S
2021-06-24T10:18:07,500.0,7.57,S
2021-06-24T10:18:06,1400.0,7.57,S
2021-06-24T10:18:03,800.0,7.57,S
2021-06-24T10:17:26,1000.0,7.58,B
2021-06-24T10:17:18,1300.0,7.57,B
2021-06-24T10:17:14,1000.0,7.57,B
2021-06-24T10:17:07,1800.0,7.58,B
2021-06-24T10:17:04,500.0,7.57,B
2021-06-24T10:17:00,1000.0,7.57,B
2021-06-24T10:16:47,100.0,7.57,S
2021-06-24T10:16:42,2000.0,7.57,S
2021-06-24T10:16:40,500.0,7.57,S
2021-06-24T10:16:38,500.0,7.57,S
2021-06-24T10:16:33,800.0,7.57,S
2021-06-24T10:16:11,300.0,7.57,B
2021-06-24T10:16:08,2900.0,7.57,B
2021-06-24T10:16:00,1500.0,7.56,S
2021-06-24T10:15:59,100.0,7.57,B
2021-06-24T10:15:57,1200.0,7.56,S
2021-06-24T10:15:46,1000.0,7.56,S
2021-06-24T10:15:25,2000.0,7.56,S
2021-06-24T10:15:23,2900.0,7.56,B
2021-06-24T10:15:09,600.0,7.56,B
2021-06-24T10:15:08,2000.0,7.56,B
2021-06-24T10:15:05,5500.0,7.56,S
2021-06-24T10:14:59,5000.0,7.57,B
2021-06-24T10:14:43,3500.0,7.56,B
2021-06-24T10:14:42,500.0,7.56,B
2021-06-24T10:14:28,200.0,7.56,B
2021-06-24T10:14:25,3000.0,7.56,B
2021-06-24T10:14:18,3000.0,7.56,S
2021-06-24T10:14:15,3000.0,7.56,S
2021-06-24T10:14:15,25800.0,7.56,S
2021-06-24T10:14:15,3700.0,7.56,S
2021-06-24T10:14:15,7300.0,7.57,S
2021-06-24T10:14:05,100.0,7.57,B
2021-06-24T10:14:04,5600.0,7.57,B
2021-06-24T10:14:03,100.0,7.57,B
2021-06-24T10:13:56,1000.0,7.57,B
2021-06-24T10:13:55,100.0,7.57,B
2021-06-24T10:13:51,100.0,7.57,B
2021-06-24T10:13:34,5000.0,7.57,B
2021-06-24T10:13:29,1300.0,7.56,S
2021-06-24T10:13:28,1000.0,7.57,B
2021-06-24T10:13:28,100.0,7.57,S
2021-06-24T10:13:26,3200.0,7.57,S
2021-06-24T10:13:22,200.0,7.57,S
2021-06-24T10:13:16,5000.0,7.58,B
2021-06-24T10:13:16,100.0,7.57,S
2021-06-24T10:13:15,200.0,7.58,B
2021-06-24T10:13:05,100.0,7.57,S
2021-06-24T10:12:55,100.0,7.57,S
2021-06-24T10:12:50,13000.0,7.57,S
2021-06-24T10:12:48,300.0,7.57,S
2021-06-24T10:12:40,1500.0,7.57,B
2021-06-24T10:12:39,200.0,7.57,B
2021-06-24T10:12:39,12400.0,7.57,B
2021-06-24T10:12:30,1000.0,7.56,S
2021-06-24T10:12:25,2400.0,7.56,S
2021-06-24T10:12:18,100.0,7.56,S
2021-06-24T10:12:05,1300.0,7.56,S
2021-06-24T10:12:01,100.0,7.56,S
2021-06-24T10:11:52,700.0,7.56,S
2021-06-24T10:11:38,10000.0,7.56,B
2021-06-24T10:11:36,14000.0,7.56,B
2021-06-24T10:11:36,100.0,7.56,B
2021-06-24T10:11:36,100.0,7.55,S
2021-06-24T10:11:27,500.0,7.55,S
2021-06-24T10:11:13,25000.0,7.55,S
2021-06-24T10:11:04,4000.0,7.55,S
2021-06-24T10:11:03,2000.0,7.55,S
2021-06-24T10:10:48,100.0,7.55,B
2021-06-24T10:10:45,300.0,7.55,B
2021-06-24T10:10:35,2000.0,7.55,B
2021-06-24T10:10:31,1500.0,7.55,B
2021-06-24T10:10:29,3300.0,7.55,B
2021-06-24T10:10:28,5000.0,7.55,B
2021-06-24T10:10:27,1100.0,7.55,B
2021-06-24T10:10:19,500.0,7.55,B
2021-06-24T10:10:15,3000.0,7.55,B
2021-06-24T10:10:11,800.0,7.55,B
2021-06-24T10:09:52,2000.0,7.55,S
2021-06-24T10:09:51,1000.0,7.55,S
2021-06-24T10:09:51,1900.0,7.55,S
2021-06-24T10:09:35,1200.0,7.55,S
2021-06-24T10:09:18,1700.0,7.55,B
2021-06-24T10:09:17,2300.0,7.55,B
2021-06-24T10:09:16,1000.0,7.54,S
2021-06-24T10:09:14,10000.0,7.55,B
2021-06-24T10:09:08,100.0,7.54,S
2021-06-24T10:09:02,2000.0,7.55,B
2021-06-24T10:08:43,200.0,7.54,S
2021-06-24T10:08:42,10000.0,7.55,B
2021-06-24T10:08:41,200.0,7.55,B
2021-06-24T10:08:38,100.0,7.54,S
2021-06-24T10:08:36,400.0,7.54,S
2021-06-24T10:08:28,4200.0,7.54,S
2021-06-24T10:08:27,500.0,7.54,S
2021-06-24T10:08:08,1000.0,7.54,S
2021-06-24T10:08:04,400.0,7.55,B
2021-06-24T10:08:02,5000.0,7.54,S
2021-06-24T10:07:58,8500.0,7.54,S
2021-06-24T10:07:53,400.0,7.54,S
2021-06-24T10:07:42,1000.0,7.54,S
2021-06-24T10:07:38,1000.0,7.55,B
2021-06-24T10:07:30,700.0,7.54,S
2021-06-24T10:07:25,3100.0,7.54,S
2021-06-24T10:07:21,20000.0,7.54,S
2021-06-24T10:07:18,100.0,7.54,S
2021-06-24T10:07:16,5000.0,7.55,B
2021-06-24T10:07:00,200.0,7.54,S
2021-06-24T10:06:53,1000.0,7.55,B
2021-06-24T10:06:46,9800.0,7.54,B
2021-06-24T10:06:44,100.0,7.54,B
2021-06-24T10:06:43,100.0,7.54,B
2021-06-24T10:06:39,100.0,7.54,B
2021-06-24T10:06:35,800.0,7.54,B
2021-06-24T10:06:29,2000.0,7.54,B
2021-06-24T10:06:27,500.0,7.54,S
2021-06-24T10:06:24,1600.0,7.54,S
2021-06-24T10:06:21,3000.0,7.55,B
2021-06-24T10:06:16,1000.0,7.54,S
2021-06-24T10:06:01,200.0,7.54,S
2021-06-24T10:05:53,2000.0,7.55,B
2021-06-24T10:05:51,500.0,7.54,S
2021-06-24T10:05:35,2900.0,7.55,B
2021-06-24T10:05:35,2100.0,7.55,B
2021-06-24T10:05:23,1000.0,7.55,B
2021-06-24T10:05:19,400.0,7.54,S
2021-06-24T10:05:10,100.0,7.55,B
2021-06-24T10:04:53,2000.0,7.55,B
2021-06-24T10:04:49,100.0,7.55,B
2021-06-24T10:04:44,3000.0,7.55,B
2021-06-24T10:04:40,1300.0,7.53,S
2021-06-24T10:04:40,10700.0,7.53,S
2021-06-24T10:04:40,15200.0,7.54,S
2021-06-24T10:04:40,10500.0,7.54,S
2021-06-24T10:04:40,200.0,7.54,S
2021-06-24T10:04:40,2000.0,7.54,S
2021-06-24T10:04:40,10100.0,7.54,S
2021-06-24T10:04:28,5000.0,7.54,S
2021-06-24T10:04:26,100.0,7.55,B
2021-06-24T10:04:08,100.0,7.55,B
2021-06-24T10:04:07,1000.0,7.54,S
2021-06-24T10:04:05,2600.0,7.55,B
2021-06-24T10:04:03,17000.0,7.54,S
2021-06-24T10:04:00,400.0,7.54,S
2021-06-24T10:03:49,1000.0,7.55,B
2021-06-24T10:03:49,400.0,7.54,S
2021-06-24T10:03:15,5000.0,7.54,S
2021-06-24T10:03:06,200.0,7.55,B
2021-06-24T10:03:00,2000.0,7.55,B
2021-06-24T10:03:00,7000.0,7.55,B
2021-06-24T10:02:55,100.0,7.55,B
2021-06-24T10:02:52,2400.0,7.55,B
2021-06-24T10:02:49,300.0,7.55,B
2021-06-24T10:02:49,4500.0,7.55,S
2021-06-24T10:02:46,10000.0,7.55,S
2021-06-24T10:02:38,3500.0,7.55,B
2021-06-24T10:02:38,100.0,7.55,B
2021-06-24T10:02:29,7000.0,7.55,B
2021-06-24T10:02:22,2000.0,7.55,B
2021-06-24T10:02:10,2000.0,7.55,B
2021-06-24T10:02:03,1500.0,7.54,S
2021-06-24T10:01:45,2100.0,7.55,S
2021-06-24T10:01:37,4600.0,7.54,S
2021-06-24T10:01:34,2600.0,7.55,B
2021-06-24T10:01:33,500.0,7.54,S
2021-06-24T10:01:25,300.0,7.55,B
2021-06-24T10:01:20,1800.0,7.54,B
2021-06-24T10:01:12,8200.0,7.54,S
2021-06-24T10:01:08,200.0,7.55,S
2021-06-24T10:01:06,1000.0,7.56,B
2021-06-24T10:01:06,300.0,7.55,S
2021-06-24T10:00:59,3000.0,7.55,S
2021-06-24T10:00:43,200.0,7.55,B
2021-06-24T10:00:43,2200.0,7.55,B
2021-06-24T10:00:39,900.0,7.55,B
2021-06-24T10:00:39,1100.0,7.55,B
2021-06-24T10:00:34,300.0,7.55,B
2021-06-24T10:00:12,500.0,7.55,B
2021-06-24T10:00:05,1300.0,7.54,B
2021-06-24T10:00:02,100.0,7.54,B
2021-06-24T09:59:58,5000.0,7.53,S
2021-06-24T09:59:57,3800.0,7.53,S
2021-06-24T09:59:57,3000.0,7.53,S
2021-06-24T09:59:57,1600.0,7.53,S
2021-06-24T09:59:54,400.0,7.54,B
2021-06-24T09:59:47,5900.0,7.54,B
2021-06-24T09:59:41,1000.0,7.54,B
2021-06-24T09:59:40,100.0,7.54,B
2021-06-24T09:59:38,1000.0,7.54,S
2021-06-24T09:59:26,100.0,7.55,B
2021-06-24T09:59:26,500.0,7.55,B
2021-06-24T09:59:25,7000.0,7.53,S
2021-06-24T09:59:21,100.0,7.55,B
2021-06-24T09:59:07,100.0,7.55,B
2021-06-24T09:58:59,10000.0,7.53,S
2021-06-24T09:58:56,100.0,7.55,B
2021-06-24T09:58:51,100.0,7.55,B
2021-06-24T09:58:40,2700.0,7.55,S
2021-06-24T09:58:26,1000.0,7.55,S
2021-06-24T09:58:19,100.0,7.56,S
2021-06-24T09:57:54,700.0,7.57,B
2021-06-24T09:57:37,400.0,7.57,S
2021-06-24T09:57:34,10300.0,7.57,S
2021-06-24T09:57:23,1300.0,7.57,S
2021-06-24T09:57:01,1700.0,7.57,S
2021-06-24T09:56:58,200.0,7.57,S
2021-06-24T09:56:51,100.0,7.58,B
2021-06-24T09:56:50,500.0,7.53,S
2021-06-24T09:56:50,7000.0,7.53,S
2021-06-24T09:56:50,4100.0,7.53,S
2021-06-24T09:56:50,100.0,7.53,S
2021-06-24T09:56:50,9500.0,7.53,S
2021-06-24T09:56:50,1800.0,7.54,S
2021-06-24T09:56:49,900.0,7.54,S
2021-06-24T09:56:49,100.0,7.54,S
2021-06-24T09:56:49,10200.0,7.54,S
2021-06-24T09:56:49,100.0,7.54,S
2021-06-24T09:56:49,500.0,7.54,S
2021-06-24T09:56:49,400.0,7.54,S
2021-06-24T09:56:49,4700.0,7.54,S
2021-06-24T09:56:49,500.0,7.55,S
2021-06-24T09:56:49,200.0,7.55,S
2021-06-24T09:56:49,3700.0,7.55,S
2021-06-24T09:56:49,1100.0,7.55,S
2021-06-24T09:56:49,1000.0,7.55,S
2021-06-24T09:56:49,5600.0,7.55,S
2021-06-24T09:56:49,10300.0,7.55,S
2021-06-24T09:56:49,600.0,7.55,S
2021-06-24T09:56:49,4900.0,7.55,S
2021-06-24T09:56:49,1200.0,7.55,S
2021-06-24T09:56:48,3200.0,7.55,S
2021-06-24T09:56:48,100.0,7.55,S
2021-06-24T09:56:48,600.0,7.55,S
2021-06-24T09:56:48,5400.0,7.55,S
2021-06-24T09:56:48,700.0,7.55,S
2021-06-24T09:56:48,2500.0,7.55,S
2021-06-24T09:56:48,200.0,7.55,S
2021-06-24T09:56:48,1600.0,7.55,S
2021-06-24T09:56:48,47100.0,7.55,S
2021-06-24T09:56:48,100.0,7.56,S
2021-06-24T09:56:48,16800.0,7.56,S
2021-06-24T09:56:48,2100.0,7.56,S
2021-06-24T09:56:48,11100.0,7.56,S
2021-06-24T09:56:48,6100.0,7.56,S
2021-06-24T09:56:48,10700.0,7.56,S
2021-06-24T09:56:48,2000.0,7.56,S
2021-06-24T09:56:48,2300.0,7.57,S
2021-06-24T09:56:48,7600.0,7.57,S
2021-06-24T09:56:48,3100.0,7.57,S
2021-06-24T09:56:48,1500.0,7.57,S
2021-06-24T09:56:47,500.0,7.57,S
2021-06-24T09:56:47,4900.0,7.57,S
2021-06-24T09:56:47,100.0,7.57,S
2021-06-24T09:56:47,20500.0,7.57,S
2021-06-24T09:56:47,5400.0,7.57,S
2021-06-24T09:56:38,1000.0,7.58,B
2021-06-24T09:56:34,1000.0,7.58,B
2021-06-24T09:56:33,1000.0,7.58,B
2021-06-24T09:56:27,100.0,7.58,B
2021-06-24T09:56:12,300.0,7.58,B
2021-06-24T09:55:32,3000.0,7.57,S
2021-06-24T09:54:43,3000.0,7.57,S
2021-06-24T09:54:40,10000.0,7.58,B
2021-06-24T09:54:39,10000.0,7.57,S
2021-06-24T09:54:13,10000.0,7.57,S
2021-06-24T09:54:11,2000.0,7.57,S
2021-06-24T09:53:54,700.0,7.57,S
2021-06-24T09:53:53,1500.0,7.57,S
2021-06-24T09:53:45,200.0,7.58,B
2021-06-24T09:53:43,2000.0,7.58,B
2021-06-24T09:53:39,1000.0,7.57,S
2021-06-24T09:53:37,2000.0,7.58,B
2021-06-24T09:53:26,200.0,7.57,S
2021-06-24T09:53:25,100.0,7.58,B
2021-06-24T09:53:22,1300.0,7.58,B
2021-06-24T09:53:12,4300.0,7.57,S
2021-06-24T09:52:59,1600.0,7.57,S
2021-06-24T09:52:59,3700.0,7.57,S
2021-06-24T09:52:59,3300.0,7.57,S
2021-06-24T09:52:43,100.0,7.58,S
2021-06-24T09:51:52,1300.0,7.57,S
2021-06-24T09:51:52,200.0,7.57,S
2021-06-24T09:51:45,1000.0,7.57,S
2021-06-24T09:51:44,1800.0,7.58,B
2021-06-24T09:51:43,600.0,7.58,B
2021-06-24T09:51:40,1500.0,7.58,S
2021-06-24T09:51:39,1100.0,7.58,S
2021-06-24T09:51:35,2900.0,7.58,B
2021-06-24T09:51:17,2000.0,7.58,B
2021-06-24T09:51:00,5000.0,7.58,B
2021-06-24T09:50:45,4000.0,7.58,B
2021-06-24T09:50:43,200.0,7.58,B
2021-06-24T09:50:35,200.0,7.57,S
2021-06-24T09:49:57,200.0,7.57,S
2021-06-24T09:49:56,100.0,7.57,S
2021-06-24T09:49:51,30000.0,7.58,B
2021-06-24T09:49:51,100.0,7.57,B
2021-06-24T09:49:43,100.0,7.57,B
2021-06-24T09:49:31,2100.0,7.57,S
2021-06-24T09:49:25,500.0,7.58,B
2021-06-24T09:49:14,1000.0,7.58,B
2021-06-24T09:49:14,100.0,7.57,B
2021-06-24T09:49:09,1000.0,7.57,B
2021-06-24T09:49:07,900.0,7.57,S
2021-06-24T09:48:56,600.0,7.57,S
2021-06-24T09:48:47,1000.0,7.56,S
2021-06-24T09:48:45,1000.0,7.56,S
2021-06-24T09:48:40,3000.0,7.56,S
2021-06-24T09:48:28,7400.0,7.56,B
2021-06-24T09:48:18,100.0,7.56,S
2021-06-24T09:48:17,2000.0,7.56,S
2021-06-24T09:48:17,14500.0,7.56,S
2021-06-24T09:48:17,100.0,7.57,B
2021-06-24T09:48:17,900.0,7.57,B
2021-06-24T09:48:16,100.0,7.57,B
2021-06-24T09:48:15,2000.0,7.56,S
2021-06-24T09:47:57,500.0,7.57,B
2021-06-24T09:47:48,6000.0,7.56,S
2021-06-24T09:47:48,2000.0,7.56,S
2021-06-24T09:47:46,500.0,7.57,B
2021-06-24T09:47:46,40000.0,7.57,B
2021-06-24T09:47:28,300.0,7.56,B
2021-06-24T09:47:22,4700.0,7.56,S
2021-06-24T09:47:21,1000.0,7.57,B
2021-06-24T09:47:18,5000.0,7.56,S
2021-06-24T09:47:17,500.0,7.56,B
2021-06-24T09:47:16,1000.0,7.56,B
2021-06-24T09:47:10,50000.0,7.57,B
2021-06-24T09:47:06,500.0,7.56,B
2021-06-24T09:47:02,7700.0,7.56,S
2021-06-24T09:47:00,10300.0,7.56,S
2021-06-24T09:46:58,1000.0,7.56,S
2021-06-24T09:46:52,7100.0,7.56,B
2021-06-24T09:46:51,1700.0,7.56,B
2021-06-24T09:46:44,100.0,7.56,B
2021-06-24T09:46:41,5000.0,7.56,B
2021-06-24T09:46:35,300.0,7.56,S
2021-06-24T09:46:35,3000.0,7.56,S
2021-06-24T09:46:34,2000.0,7.56,S
2021-06-24T09:46:33,1000.0,7.56,S
2021-06-24T09:46:29,100.0,7.56,S
2021-06-24T09:46:29,100.0,7.56,S
2021-06-24T09:46:29,4000.0,7.56,S
2021-06-24T09:46:29,100.0,7.56,S
2021-06-24T09:46:29,200.0,7.56,S
2021-06-24T09:46:28,3400.0,7.56,S
2021-06-24T09:46:27,100.0,7.57,B
2021-06-24T09:46:26,100.0,7.57,B
2021-06-24T09:46:19,3000.0,7.56,S
2021-06-24T09:46:11,300.0,7.56,S
2021-06-24T09:46:02,200.0,7.57,B
2021-06-24T09:46:01,20000.0,7.56,S
2021-06-24T09:45:59,300.0,7.56,S
2021-06-24T09:45:59,200.0,7.57,B
2021-06-24T09:45:54,3000.0,7.57,B
2021-06-24T09:45:51,1000.0,7.56,S
2021-06-24T09:45:50,1400.0,7.57,B
2021-06-24T09:45:45,700.0,7.56,S
2021-06-24T09:45:42,5000.0,7.56,S
2021-06-24T09:45:23,900.0,7.56,S
2021-06-24T09:44:45,3000.0,7.56,S
2021-06-24T09:44:25,100.0,7.58,B
2021-06-24T09:44:22,2200.0,7.56,S
2021-06-24T09:44:09,5000.0,7.56,S
2021-06-24T09:44:02,700.0,7.57,S
2021-06-24T09:43:41,1200.0,7.57,S
2021-06-24T09:43:21,1500.0,7.57,B
2021-06-24T09:43:21,100.0,7.57,B
2021-06-24T09:43:20,1100.0,7.57,B
2021-06-24T09:43:07,1000.0,7.57,B
2021-06-24T09:42:37,2200.0,7.55,B
2021-06-24T09:42:32,7500.0,7.55,B
2021-06-24T09:42:30,3000.0,7.53,S
2021-06-24T09:42:30,100.0,7.55,B
2021-06-24T09:42:23,100.0,7.54,S
2021-06-24T09:42:23,300.0,7.55,B
2021-06-24T09:42:21,200.0,7.55,B
2021-06-24T09:42:13,2700.0,7.55,B
2021-06-24T09:42:09,2000.0,7.55,B
2021-06-24T09:42:05,30000.0,7.55,B
2021-06-24T09:41:53,5000.0,7.53,S
2021-06-24T09:41:49,2400.0,7.55,B
2021-06-24T09:41:48,7600.0,7.55,B
2021-06-24T09:41:39,500.0,7.55,B
2021-06-24T09:41:38,300.0,7.55,B
2021-06-24T09:41:31,5000.0,7.55,S
2021-06-24T09:41:15,600.0,7.55,S
2021-06-24T09:41:14,1000.0,7.55,S
2021-06-24T09:41:12,5800.0,7.52,S
2021-06-24T09:41:12,300.0,7.53,S
2021-06-24T09:41:12,51400.0,7.53,S
2021-06-24T09:41:12,7200.0,7.54,S
2021-06-24T09:40:37,500.0,7.57,S
2021-06-24T09:40:36,300.0,7.55,S
2021-06-24T09:40:36,100.0,7.55,S
2021-06-24T09:40:34,100.0,7.57,S
2021-06-24T09:40:28,7300.0,7.58,S
2021-06-24T09:40:24,100.0,7.58,S
2021-06-24T09:40:14,1200.0,7.58,S
2021-06-24T09:40:12,3900.0,7.58,S
2021-06-24T09:40:11,200.0,7.58,S
2021-06-24T09:40:09,600.0,7.58,S
2021-06-24T09:40:07,1000.0,7.58,S
2021-06-24T09:39:54,200.0,7.58,B
2021-06-24T09:39:53,7900.0,7.58,B
2021-06-24T09:39:52,500.0,7.56,B
2021-06-24T09:39:52,100.0,7.55,S
2021-06-24T09:39:45,7000.0,7.52,S
2021-06-24T09:39:44,400.0,7.53,S
2021-06-24T09:39:44,100.0,7.53,S
2021-06-24T09:39:43,2000.0,7.56,B
2021-06-24T09:39:39,9900.0,7.53,S
2021-06-24T09:39:39,1200.0,7.53,S
2021-06-24T09:39:39,16200.0,7.53,S
2021-06-24T09:39:39,200.0,7.54,S
2021-06-24T09:39:39,100.0,7.54,S
2021-06-24T09:39:39,1500.0,7.55,S
2021-06-24T09:39:39,1300.0,7.55,S
2021-06-24T09:39:39,100.0,7.55,S
2021-06-24T09:39:39,200.0,7.55,S
2021-06-24T09:39:39,1100.0,7.55,S
2021-06-24T09:39:39,1200.0,7.55,S
2021-06-24T09:39:39,600.0,7.55,S
2021-06-24T09:39:39,6400.0,7.55,S
2021-06-24T09:39:35,2000.0,7.56,B
2021-06-24T09:39:32,5300.0,7.55,S
2021-06-24T09:39:32,4700.0,7.55,S
2021-06-24T09:39:31,200.0,7.56,B
2021-06-24T09:39:29,1000.0,7.55,S
2021-06-24T09:39:23,200.0,7.56,B
2021-06-24T09:39:12,5800.0,7.55,S
2021-06-24T09:39:12,200.0,7.55,S
2021-06-24T09:39:12,2100.0,7.55,S
2021-06-24T09:39:12,4400.0,7.55,S
2021-06-24T09:39:12,10000.0,7.55,S
2021-06-24T09:39:12,500.0,7.55,S
2021-06-24T09:39:12,22000.0,7.55,S
2021-06-24T09:39:12,2200.0,7.55,S
2021-06-24T09:39:12,2000.0,7.56,S
2021-06-24T09:39:12,800.0,7.56,S
2021-06-24T09:38:43,200.0,7.56,B
2021-06-24T09:38:35,10000.0,7.58,B
2021-06-24T09:38:34,4000.0,7.55,S
2021-06-24T09:38:34,5200.0,7.55,S
2021-06-24T09:38:34,200.0,7.55,S
2021-06-24T09:38:34,600.0,7.55,S
2021-06-24T09:38:33,5000.0,7.56,B
2021-06-24T09:38:33,400.0,7.56,B
2021-06-24T09:38:28,100.0,7.56,S
2021-06-24T09:38:19,200.0,7.56,S
2021-06-24T09:38:18,4400.0,7.55,S
2021-06-24T09:38:18,200.0,7.55,S
2021-06-24T09:38:18,2000.0,7.56,S
2021-06-24T09:38:13,300.0,7.56,S
2021-06-24T09:38:09,100.0,7.56,S
2021-06-24T09:38:09,3000.0,7.56,S
2021-06-24T09:38:09,1000.0,7.56,S
2021-06-24T09:38:07,2000.0,7.56,S
2021-06-24T09:38:06,1000.0,7.56,S
2021-06-24T09:38:01,1000.0,7.56,S
2021-06-24T09:38:01,4000.0,7.56,S
2021-06-24T09:38:01,11300.0,7.56,S
2021-06-24T09:38:01,800.0,7.56,S
2021-06-24T09:38:01,50000.0,7.56,S
2021-06-24T09:38:01,100.0,7.56,S
2021-06-24T09:38:01,1800.0,7.56,S
2021-06-24T09:38:01,600.0,7.56,S
2021-06-24T09:38:01,600.0,7.56,S
2021-06-24T09:38:01,1400.0,7.56,S
2021-06-24T09:38:01,1300.0,7.56,S
2021-06-24T09:38:01,1900.0,7.56,S
2021-06-24T09:38:01,1500.0,7.57,S
2021-06-24T09:38:01,5000.0,7.57,S
2021-06-24T09:38:01,600.0,7.57,S
2021-06-24T09:37:50,300.0,7.58,B
2021-06-24T09:37:47,500.0,7.58,B
2021-06-24T09:37:47,1000.0,7.58,B
2021-06-24T09:37:47,100.0,7.58,B
2021-06-24T09:37:35,900.0,7.58,B
2021-06-24T09:37:31,3000.0,7.58,B
2021-06-24T09:37:29,1600.0,7.57,S
2021-06-24T09:37:29,5000.0,7.58,B
2021-06-24T09:37:25,3000.0,7.57,S
2021-06-24T09:37:22,1000.0,7.58,B
2021-06-24T09:37:21,5000.0,7.58,B
2021-06-24T09:37:18,5000.0,7.58,B
2021-06-24T09:37:12,300.0,7.57,S
2021-06-24T09:37:07,10000.0,7.57,S
2021-06-24T09:37:07,100.0,7.57,S
2021-06-24T09:37:04,3000.0,7.58,B
2021-06-24T09:37:04,200.0,7.57,S
2021-06-24T09:36:46,6100.0,7.57,S
2021-06-24T09:36:33,1000.0,7.57,S
2021-06-24T09:36:21,1800.0,7.58,S
2021-06-24T09:36:16,900.0,7.58,S
2021-06-24T09:36:10,32100.0,7.58,S
2021-06-24T09:36:09,200.0,7.58,S
2021-06-24T09:35:58,10000.0,7.58,B
2021-06-24T09:35:58,6000.0,7.58,B
2021-06-24T09:35:58,3800.0,7.58,B
2021-06-24T09:35:58,1500.0,7.58,B
2021-06-24T09:35:58,8500.0,7.58,B
2021-06-24T09:35:54,100.0,7.58,B
2021-06-24T09:35:52,100.0,7.57,S
2021-06-24T09:35:52,2000.0,7.58,B
2021-06-24T09:35:40,5400.0,7.57,S
2021-06-24T09:35:34,8200.0,7.57,S
2021-06-24T09:35:34,200.0,7.57,S
2021-06-24T09:35:34,6300.0,7.57,S
2021-06-24T09:35:13,4600.0,7.57,S
2021-06-24T09:35:13,4500.0,7.58,B
2021-06-24T09:35:09,100.0,7.58,B
2021-06-24T09:35:09,300.0,7.57,S
2021-06-24T09:35:09,300.0,7.57,S
2021-06-24T09:35:09,2200.0,7.57,S
2021-06-24T09:35:05,1000.0,7.58,B
2021-06-24T09:34:56,4000.0,7.58,B
2021-06-24T09:34:53,2000.0,7.58,B
2021-06-24T09:34:51,200.0,7.58,B
2021-06-24T09:34:35,1000.0,7.58,B
2021-06-24T09:34:34,300.0,7.58,B
2021-06-24T09:34:29,1300.0,7.58,B
2021-06-24T09:34:11,100.0,7.58,B
2021-06-24T09:34:01,300.0,7.58,B
2021-06-24T09:33:43,1000.0,7.58,S
2021-06-24T09:33:42,200.0,7.58,S
2021-06-24T09:33:42,3700.0,7.58,S
2021-06-24T09:33:42,200.0,7.58,S
2021-06-24T09:33:38,200.0,7.59,B
2021-06-24T09:33:38,2000.0,7.58,S
2021-06-24T09:33:35,3000.0,7.58,S
2021-06-24T09:33:28,10000.0,7.58,S
2021-06-24T09:33:18,2100.0,7.58,S
2021-06-24T09:33:14,1000.0,7.58,S
2021-06-24T09:33:11,900.0,7.58,S
2021-06-24T09:33:08,200.0,7.58,S
2021-06-24T09:33:07,400.0,7.58,S
2021-06-24T09:33:02,200.0,7.58,S
2021-06-24T09:32:53,1200.0,7.58,S
2021-06-24T09:32:47,5000.0,7.58,S
2021-06-24T09:32:32,300.0,7.58,S
2021-06-24T09:32:30,2000.0,7.58,S
2021-06-24T09:32:16,200.0,7.58,S
2021-06-24T09:32:13,1000.0,7.59,B
2021-06-24T09:32:05,5000.0,7.58,S
2021-06-24T09:31:43,200.0,7.58,S
2021-06-24T09:31:43,100.0,7.58,S
2021-06-24T09:31:40,200.0,7.58,S
2021-06-24T09:31:36,1000.0,7.58,S
2021-06-24T09:31:35,1000.0,7.59,B
2021-06-24T09:31:24,700.0,7.58,S
2021-06-24T09:31:13,1200.0,7.58,S
2021-06-24T09:31:06,100.0,7.59,B
2021-06-24T09:31:03,20000.0,7.58,S
2021-06-24T09:30:57,3000.0,7.58,S
2021-06-24T09:30:53,56800.0,7.59,B
2021-06-24T09:30:51,3600.0,7.57,S
2021-06-24T09:30:51,1300.0,7.57,S
2021-06-24T09:30:51,100.0,7.57,S
2021-06-24T09:30:48,1000.0,7.58,B
2021-06-24T09:30:48,7500.0,7.57,S
2021-06-24T09:30:44,100.0,7.57,S
2021-06-24T09:30:42,200.0,7.58,B
2021-06-24T09:30:33,2600.0,7.57,S
2021-06-24T09:30:33,1000.0,7.57,S
2021-06-24T09:30:33,900.0,7.57,S
2021-06-24T09:30:33,500.0,7.57,S
2021-06-24T09:30:32,100.0,7.58,B
2021-06-24T09:30:20,200.0,7.58,B
2021-06-24T09:30:17,1100.0,7.58,B
2021-06-24T09:30:14,100.0,7.58,B
2021-06-24T09:30:13,10000.0,7.57,S
2021-06-24T09:30:12,400.0,7.58,B
2021-06-24T09:30:02,7500.0,7.58,B
2021-06-24T09:30:02,42500.0,7.58,B
2021-06-24T09:29:58,1000.0,7.58,S
2021-06-24T09:29:51,10000.0,7.58,S
2021-06-24T09:29:48,200.0,7.59,B
2021-06-24T09:29:47,10600.0,7.58,S
2021-06-24T09:29:47,2900.0,7.58,S
2021-06-24T09:29:45,4200.0,7.58,S
2021-06-24T09:29:45,1000.0,7.58,S
2021-06-24T09:29:40,400.0,7.58,S
2021-06-24T09:29:39,10000.0,7.59,B
2021-06-24T09:29:34,200.0,7.59,B
2021-06-24T09:29:31,600.0,7.58,S
2021-06-24T09:29:18,3000.0,7.58,S
2021-06-24T09:29:11,900.0,7.58,S
2021-06-24T09:29:06,500.0,7.59,S
2021-06-24T09:28:51,47100.0,7.58,S
2021-06-24T09:28:51,2900.0,7.58,S
2021-06-24T09:28:50,100.0,7.59,S
2021-06-24T09:28:38,1000.0,7.59,B
2021-06-24T09:28:36,100.0,7.59,B
2021-06-24T09:28:34,8900.0,7.59,B
2021-06-24T09:28:19,300.0,7.59,B
2021-06-24T09:28:12,1000.0,7.59,B
2021-06-24T09:28:07,600.0,7.6,B
2021-06-24T09:28:06,1000.0,7.6,B
2021-06-24T09:28:06,1600.0,7.58,S
2021-06-24T09:28:02,2000.0,7.59,B
2021-06-24T09:27:43,1000.0,7.59,S
2021-06-24T09:27:42,1000.0,7.59,S
2021-06-24T09:27:31,1000.0,7.59,S
2021-06-24T09:27:28,1000.0,7.58,S
2021-06-24T09:27:28,5300.0,7.59,S
2021-06-24T09:27:25,5100.0,7.59,S
2021-06-24T09:27:25,4600.0,7.59,S
2021-06-24T09:27:25,700.0,7.59,S
2021-06-24T09:27:25,3200.0,7.59,S
2021-06-24T09:27:25,8400.0,7.59,S
2021-06-24T09:27:23,3300.0,7.59,S
2021-06-24T09:27:23,4000.0,7.59,S
2021-06-24T09:26:46,1000.0,7.59,S
2021-06-24T09:26:18,100.0,7.6,B
2021-06-24T09:26:14,900.0,7.59,S
2021-06-24T09:26:14,1600.0,7.59,S
2021-06-24T09:26:11,9000.0,7.59,S
2021-06-24T09:26:07,1000.0,7.6,B
2021-06-24T09:25:49,2000.0,7.59,S
2021-06-24T09:25:39,300.0,7.6,B
2021-06-24T09:25:20,200.0,7.6,B
2021-06-24T09:25:15,200.0,7.6,B
2021-06-24T09:25:10,1700.0,7.6,B
2021-06-24T09:25:09,2000.0,7.6,B
2021-06-24T09:25:01,300.0,7.6,B
2021-06-24T09:24:53,200.0,7.6,S
2021-06-24T09:24:51,100.0,7.6,S
2021-06-24T09:24:49,1000.0,7.6,S
2021-06-24T09:24:47,500.0,7.6,S
2021-06-24T09:24:46,2000.0,7.6,S
2021-06-24T09:24:46,500.0,7.6,S
2021-06-24T09:24:46,6900.0,7.6,S
2021-06-24T09:24:46,3300.0,7.6,S
2021-06-24T09:24:46,1000.0,7.6,S
2021-06-24T09:24:46,1100.0,7.6,S
2021-06-24T09:24:46,3000.0,7.6,S
2021-06-24T09:24:46,1200.0,7.6,S
2021-06-24T09:24:46,5000.0,7.6,S
2021-06-24T09:24:46,9700.0,7.6,S
2021-06-24T09:24:46,100.0,7.6,S
2021-06-24T09:24:46,1000.0,7.6,S
2021-06-24T09:24:46,28100.0,7.6,S
2021-06-24T09:24:46,5000.0,7.6,S
2021-06-24T09:24:46,16700.0,7.6,S
2021-06-24T09:24:37,1000.0,7.61,S
2021-06-24T09:24:14,500.0,7.61,S
2021-06-24T09:24:13,500.0,7.61,S
2021-06-24T09:24:12,2200.0,7.6,S
2021-06-24T09:24:11,2500.0,7.61,S
2021-06-24T09:23:48,1100.0,7.61,S
2021-06-24T09:23:34,1500.0,7.61,S
2021-06-24T09:23:27,1500.0,7.62,B
2021-06-24T09:23:13,3000.0,7.63,B
2021-06-24T09:23:12,100.0,7.62,B
2021-06-24T09:23:06,200.0,7.62,S
2021-06-24T09:22:55,200.0,7.63,B
2021-06-24T09:22:55,900.0,7.63,B
2021-06-24T09:22:49,100.0,7.63,B
2021-06-24T09:22:48,500.0,7.63,B
2021-06-24T09:22:37,1000.0,7.63,S
2021-06-24T09:22:33,100.0,7.63,S
2021-06-24T09:22:25,500.0,7.63,S
2021-06-24T09:22:20,500.0,7.63,S
2021-06-24T09:22:18,500.0,7.64,S
2021-06-24T09:22:16,10000.0,7.61,S
2021-06-24T09:22:15,5000.0,7.65,B
2021-06-24T09:21:53,7000.0,7.65,B
2021-06-24T09:21:51,200.0,7.65,B
2021-06-24T09:21:51,400.0,7.65,B
2021-06-24T09:21:45,1000.0,7.65,B
2021-06-24T09:21:42,900.0,7.65,B
2021-06-24T09:21:36,2200.0,7.61,S
2021-06-24T09:21:31,100.0,7.65,B
2021-06-24T09:21:30,100.0,7.65,B
2021-06-24T09:21:28,500.0,7.65,B
2021-06-24T09:21:00,700.0,7.65,B
2021-06-24T09:21:00,5300.0,7.65,B
2021-06-24T09:20:39,700.0,7.61,B
2021-06-24T09:20:38,2000.0,7.6,S
2021-06-24T09:20:31,700.0,7.6,S
2021-06-24T09:20:23,100.0,7.6,S
2021-06-24T09:20:20,400.0,7.6,S
2021-06-24T09:20:12,700.0,7.6,B
2021-06-24T09:20:12,100.0,7.6,B
2021-06-24T09:19:55,1000.0,7.6,B
2021-06-24T09:19:50,1000.0,7.6,B
2021-06-24T09:19:39,1400.0,7.6,B
2021-06-24T09:19:39,1200.0,7.6,B
2021-06-24T09:19:39,2200.0,7.6,B
2021-06-24T09:19:29,100.0,7.6,B
2021-06-24T09:19:26,5000.0,7.6,B
2021-06-24T09:19:17,5000.0,7.6,B
2021-06-24T09:19:10,5000.0,7.6,B
2021-06-24T09:19:10,300.0,7.6,B
2021-06-24T09:19:05,500.0,7.6,B
2021-06-24T09:19:01,20000.0,7.6,B
2021-06-24T09:18:48,500.0,7.6,B
2021-06-24T09:18:29,400.0,7.6,B
2021-06-24T09:18:28,10000.0,7.6,B
2021-06-24T09:18:28,100.0,7.59,B
2021-06-24T09:18:20,2000.0,7.57,S
2021-06-24T09:18:20,800.0,7.59,S
2021-06-24T09:18:20,8100.0,7.59,S
2021-06-24T09:18:20,12500.0,7.59,S
2021-06-24T09:18:16,1000.0,7.6,B
2021-06-24T09:18:14,5000.0,7.6,B
2021-06-24T09:18:14,8500.0,7.6,B
2021-06-24T09:18:09,10000.0,7.6,B
2021-06-24T09:18:05,1000.0,7.6,B
2021-06-24T09:17:56,4000.0,7.6,B
2021-06-24T09:17:55,1000.0,7.6,B
2021-06-24T09:17:46,300.0,7.6,B
2021-06-24T09:17:43,600.0,7.6,B
2021-06-24T09:17:39,2000.0,7.6,B
2021-06-24T09:17:38,1000.0,7.6,B
2021-06-24T09:17:35,1000.0,7.6,B
2021-06-24T09:17:34,400.0,7.6,B
2021-06-24T09:17:21,1700.0,7.6,B
2021-06-24T09:17:21,3300.0,7.6,B
2021-06-24T09:17:17,2000.0,7.6,B
2021-06-24T09:17:17,10000.0,7.59,S
2021-06-24T09:17:02,2000.0,7.6,B
2021-06-24T09:16:58,100.0,7.6,B
2021-06-24T09:16:50,2500.0,7.59,S
2021-06-24T09:16:50,1000.0,7.59,S
2021-06-24T09:16:48,100.0,7.59,S
2021-06-24T09:16:42,3000.0,7.59,S
2021-06-24T09:16:05,900.0,7.59,S
2021-06-24T09:15:50,2400.0,7.59,S
