tradingTime,volume,price,side
2021-06-24T14:30:08,300.0,36.15,S
2021-06-24T14:30:04,1500.0,36.15,S
2021-06-24T14:29:52,200.0,36.2,B
2021-06-24T14:29:50,1800.0,36.15,S
2021-06-24T14:29:41,2900.0,36.15,B
2021-06-24T14:29:27,100.0,36.1,S
2021-06-24T14:29:18,300.0,36.15,B
2021-06-24T14:29:17,10000.0,36.1,S
2021-06-24T14:29:15,100.0,36.15,B
2021-06-24T14:29:03,100.0,36.15,S
2021-06-24T14:29:02,200.0,36.15,S
2021-06-24T14:28:37,500.0,36.2,B
2021-06-24T14:28:33,100.0,36.15,S
2021-06-24T14:28:23,200.0,36.2,B
2021-06-24T14:28:21,200.0,36.2,B
2021-06-24T14:28:19,1100.0,36.2,B
2021-06-24T14:27:42,100.0,36.2,B
2021-06-24T14:27:42,100.0,36.2,B
2021-06-24T14:27:35,100.0,36.15,B
2021-06-24T14:27:31,200.0,36.15,S
2021-06-24T14:27:15,1000.0,36.2,B
2021-06-24T14:27:14,30000.0,36.2,B
2021-06-24T14:26:45,200.0,36.2,B
2021-06-24T14:26:41,200.0,36.2,B
2021-06-24T14:26:28,100.0,36.2,B
2021-06-24T14:26:10,2000.0,36.2,B
2021-06-24T14:25:46,100.0,36.2,B
2021-06-24T14:25:39,2400.0,36.2,S
2021-06-24T14:25:39,300.0,36.2,S
2021-06-24T14:25:39,800.0,36.2,S
2021-06-24T14:25:39,21600.0,36.2,S
2021-06-24T14:25:39,300.0,36.2,S
2021-06-24T14:25:38,400.0,36.2,S
2021-06-24T14:25:38,64200.0,36.2,S
2021-06-24T14:25:38,2000.0,36.25,S
2021-06-24T14:25:38,200.0,36.25,S
2021-06-24T14:25:38,300.0,36.25,S
2021-06-24T14:25:38,5600.0,36.25,S
2021-06-24T14:25:35,1300.0,36.25,S
2021-06-24T14:24:41,300.0,36.3,B
2021-06-24T14:24:30,200.0,36.3,B
2021-06-24T14:24:29,200.0,36.25,S
2021-06-24T14:24:12,1000.0,36.3,B
2021-06-24T14:24:10,100.0,36.3,B
2021-06-24T14:23:23,500.0,36.3,B
2021-06-24T14:23:05,2400.0,36.3,B
2021-06-24T14:22:39,10000.0,36.25,S
2021-06-24T14:22:33,1000.0,36.3,B
2021-06-24T14:22:29,5000.0,36.25,S
2021-06-24T14:21:46,500.0,36.3,B
2021-06-24T14:21:38,1000.0,36.25,S
2021-06-24T14:21:18,1400.0,36.3,S
2021-06-24T14:21:18,1500.0,36.3,S
2021-06-24T14:21:18,500.0,36.3,S
2021-06-24T14:21:18,10700.0,36.3,S
2021-06-24T14:21:18,2300.0,36.3,S
2021-06-24T14:21:18,100.0,36.3,S
2021-06-24T14:21:18,200.0,36.3,S
2021-06-24T14:21:18,600.0,36.3,S
2021-06-24T14:21:18,2600.0,36.3,S
2021-06-24T14:21:18,3300.0,36.3,S
2021-06-24T14:21:18,11100.0,36.3,S
2021-06-24T14:21:18,6500.0,36.3,S
2021-06-24T14:21:18,51800.0,36.3,S
2021-06-24T14:21:02,1000.0,36.3,S
2021-06-24T14:20:35,1300.0,36.3,S
2021-06-24T14:20:21,500.0,36.35,B
2021-06-24T14:20:15,100.0,36.35,B
2021-06-24T14:20:03,500.0,36.3,S
2021-06-24T14:19:21,3100.0,36.3,S
2021-06-24T14:19:19,100.0,36.35,B
2021-06-24T14:19:19,100.0,36.35,B
2021-06-24T14:19:08,500.0,36.35,B
2021-06-24T14:18:32,300.0,36.35,S
2021-06-24T14:18:23,400.0,36.35,S
2021-06-24T14:18:05,700.0,36.35,S
2021-06-24T14:17:50,100.0,36.35,S
2021-06-24T14:16:59,5000.0,36.35,S
2021-06-24T14:16:58,15000.0,36.35,S
2021-06-24T14:16:31,400.0,36.4,B
2021-06-24T14:16:26,500.0,36.35,S
2021-06-24T14:15:43,200.0,36.4,B
2021-06-24T14:15:28,5000.0,36.35,S
2021-06-24T14:15:22,1000.0,36.4,B
2021-06-24T14:15:18,700.0,36.35,S
2021-06-24T14:15:15,200.0,36.4,B
2021-06-24T14:14:59,400.0,36.35,S
2021-06-24T14:14:30,200.0,36.35,S
2021-06-24T14:14:21,500.0,36.4,S
2021-06-24T14:14:17,1000.0,36.4,S
2021-06-24T14:13:48,1600.0,36.4,S
2021-06-24T14:13:43,3400.0,36.4,S
2021-06-24T14:13:39,3000.0,36.4,S
2021-06-24T14:13:35,1000.0,36.4,S
2021-06-24T14:13:13,1000.0,36.4,S
2021-06-24T14:13:04,500.0,36.4,S
2021-06-24T14:12:42,500.0,36.4,S
2021-06-24T14:12:24,6000.0,36.45,B
2021-06-24T14:12:10,100.0,36.4,B
2021-06-24T14:12:04,1000.0,36.4,B
2021-06-24T14:12:01,100.0,36.4,B
2021-06-24T14:12:00,400.0,36.4,B
2021-06-24T14:11:54,300.0,36.35,S
2021-06-24T14:11:34,5000.0,36.35,S
2021-06-24T14:11:28,800.0,36.4,S
2021-06-24T14:11:00,3200.0,36.4,S
2021-06-24T14:10:42,2000.0,36.4,S
2021-06-24T14:10:41,200.0,36.4,S
2021-06-24T14:10:35,4600.0,36.4,S
2021-06-24T14:10:19,30000.0,36.35,S
2021-06-24T14:10:09,200.0,36.35,S
2021-06-24T14:09:35,2600.0,36.4,S
2021-06-24T14:09:31,1500.0,36.4,S
2021-06-24T14:09:29,1000.0,36.4,S
2021-06-24T14:09:25,100.0,36.4,S
2021-06-24T14:09:25,2000.0,36.4,S
2021-06-24T14:09:21,2000.0,36.4,S
2021-06-24T14:09:18,1000.0,36.4,S
2021-06-24T14:09:14,300.0,36.4,S
2021-06-24T14:09:14,3700.0,36.4,S
2021-06-24T14:08:53,10000.0,36.4,S
2021-06-24T14:08:34,1800.0,36.4,S
2021-06-24T14:08:27,4800.0,36.4,S
2021-06-24T14:08:18,300.0,36.4,S
2021-06-24T14:08:06,400.0,36.4,S
2021-06-24T14:07:55,5000.0,36.4,S
2021-06-24T14:07:51,600.0,36.4,S
2021-06-24T14:07:45,300.0,36.4,S
2021-06-24T14:07:45,100.0,36.4,S
2021-06-24T14:07:45,200.0,36.4,S
2021-06-24T14:07:38,6000.0,36.4,S
2021-06-24T14:07:35,400.0,36.4,S
2021-06-24T14:07:35,1200.0,36.4,S
2021-06-24T14:07:25,200.0,36.45,S
2021-06-24T14:07:07,1000.0,36.4,S
2021-06-24T14:07:00,16200.0,36.4,S
2021-06-24T14:07:00,3800.0,36.45,S
2021-06-24T14:06:57,200.0,36.45,S
2021-06-24T14:06:31,2000.0,36.45,S
2021-06-24T14:06:13,500.0,36.45,S
2021-06-24T14:06:12,500.0,36.45,S
2021-06-24T14:06:07,2000.0,36.45,S
2021-06-24T14:05:52,26400.0,36.45,S
2021-06-24T14:05:52,3600.0,36.45,S
2021-06-24T14:05:51,8000.0,36.45,S
2021-06-24T14:05:41,2200.0,36.45,S
2021-06-24T14:05:04,100.0,36.5,B
2021-06-24T14:04:58,100.0,36.5,S
2021-06-24T14:04:08,100.0,36.5,S
2021-06-24T14:03:32,200.0,36.5,S
2021-06-24T14:03:14,8500.0,36.45,S
2021-06-24T14:02:49,1500.0,36.5,S
2021-06-24T14:02:44,1000.0,36.5,S
2021-06-24T14:02:32,1200.0,36.5,S
2021-06-24T14:02:32,300.0,36.5,S
2021-06-24T14:02:32,1000.0,36.5,S
2021-06-24T14:02:32,1100.0,36.5,S
2021-06-24T14:02:32,300.0,36.5,S
2021-06-24T14:02:32,700.0,36.5,S
2021-06-24T14:02:32,600.0,36.5,S
2021-06-24T14:02:32,600.0,36.5,S
2021-06-24T14:02:32,2600.0,36.5,S
2021-06-24T14:02:32,3800.0,36.5,S
2021-06-24T14:02:32,100.0,36.5,S
2021-06-24T14:02:32,1000.0,36.5,S
2021-06-24T14:02:32,900.0,36.5,S
2021-06-24T14:02:32,300.0,36.5,S
2021-06-24T14:02:32,400.0,36.5,S
2021-06-24T14:02:31,600.0,36.5,S
2021-06-24T14:02:31,14500.0,36.5,S
2021-06-24T14:01:33,7300.0,36.5,S
2021-06-24T14:01:33,300.0,36.55,S
2021-06-24T14:01:33,1200.0,36.55,S
2021-06-24T14:01:32,11200.0,36.55,S
2021-06-24T14:01:31,400.0,36.55,S
2021-06-24T14:01:19,100.0,36.55,S
2021-06-24T14:01:15,300.0,36.55,S
2021-06-24T14:00:41,1600.0,36.55,S
2021-06-24T13:59:50,1200.0,36.55,S
2021-06-24T13:59:42,2700.0,36.55,S
2021-06-24T13:59:40,100.0,36.6,B
2021-06-24T13:59:35,1500.0,36.55,S
2021-06-24T13:59:31,2000.0,36.55,S
2021-06-24T13:59:00,800.0,36.55,S
2021-06-24T13:59:00,800.0,36.55,S
2021-06-24T13:58:54,5000.0,36.55,S
2021-06-24T13:58:00,800.0,36.55,S
2021-06-24T13:57:51,100.0,36.6,B
2021-06-24T13:56:50,500.0,36.6,S
2021-06-24T13:56:38,700.0,36.6,S
2021-06-24T13:56:38,100.0,36.6,S
2021-06-24T13:56:38,2300.0,36.6,S
2021-06-24T13:56:38,100.0,36.6,S
2021-06-24T13:56:38,1600.0,36.6,S
2021-06-24T13:56:38,100.0,36.6,S
2021-06-24T13:56:38,2700.0,36.6,S
2021-06-24T13:56:36,1500.0,36.6,S
2021-06-24T13:56:36,800.0,36.6,S
2021-06-24T13:56:31,500.0,36.6,S
2021-06-24T13:56:21,500.0,36.6,S
2021-06-24T13:55:59,500.0,36.6,S
2021-06-24T13:55:56,1000.0,36.6,S
2021-06-24T13:55:21,1000.0,36.6,S
2021-06-24T13:55:17,10000.0,36.6,S
2021-06-24T13:54:37,3100.0,36.6,S
2021-06-24T13:53:50,2000.0,36.6,S
2021-06-24T13:52:16,1000.0,36.65,B
2021-06-24T13:52:15,800.0,36.65,B
2021-06-24T13:51:54,2000.0,36.6,S
2021-06-24T13:51:49,200.0,36.6,S
2021-06-24T13:51:38,100.0,36.65,B
2021-06-24T13:51:32,200.0,36.6,S
2021-06-24T13:50:55,1000.0,36.6,S
2021-06-24T13:50:35,500.0,36.65,B
2021-06-24T13:50:29,1000.0,36.6,S
2021-06-24T13:49:06,100.0,36.65,B
2021-06-24T13:48:56,500.0,36.6,S
2021-06-24T13:47:48,100.0,36.65,B
2021-06-24T13:47:36,300.0,36.6,S
2021-06-24T13:47:26,100.0,36.65,B
2021-06-24T13:47:13,500.0,36.6,S
2021-06-24T13:47:06,100.0,36.65,B
2021-06-24T13:47:06,900.0,36.6,S
2021-06-24T13:46:42,900.0,36.6,S
2021-06-24T13:46:40,1000.0,36.6,S
2021-06-24T13:46:23,800.0,36.6,S
2021-06-24T13:46:14,300.0,36.65,B
2021-06-24T13:45:48,2300.0,36.65,S
2021-06-24T13:45:44,2000.0,36.65,S
2021-06-24T13:45:28,2200.0,36.65,S
2021-06-24T13:45:28,500.0,36.65,S
2021-06-24T13:45:26,1800.0,36.65,S
2021-06-24T13:45:26,500.0,36.65,S
2021-06-24T13:45:11,200.0,36.65,S
2021-06-24T13:44:35,2200.0,36.65,S
2021-06-24T13:44:18,800.0,36.65,S
2021-06-24T13:43:55,1000.0,36.65,S
2021-06-24T13:42:57,3200.0,36.65,S
2021-06-24T13:41:08,500.0,36.7,B
2021-06-24T13:40:27,1200.0,36.65,S
2021-06-24T13:40:25,2000.0,36.7,B
2021-06-24T13:39:46,300.0,36.65,B
2021-06-24T13:39:40,1500.0,36.6,S
2021-06-24T13:39:31,100.0,36.65,B
2021-06-24T13:39:28,200.0,36.65,B
2021-06-24T13:39:01,500.0,36.65,B
2021-06-24T13:38:39,100.0,36.65,B
2021-06-24T13:37:57,400.0,36.65,B
2021-06-24T13:37:49,500.0,36.65,B
2021-06-24T13:37:23,1000.0,36.65,B
2021-06-24T13:37:10,500.0,36.65,B
2021-06-24T13:36:53,1000.0,36.65,B
2021-06-24T13:36:36,5800.0,36.65,S
2021-06-24T13:36:17,1000.0,36.7,B
2021-06-24T13:36:10,600.0,36.7,B
2021-06-24T13:35:30,1500.0,36.7,B
2021-06-24T13:35:22,500.0,36.7,B
2021-06-24T13:34:58,3000.0,36.7,B
2021-06-24T13:34:57,1000.0,36.65,S
2021-06-24T13:34:33,100.0,36.7,B
2021-06-24T13:34:26,1000.0,36.65,S
2021-06-24T13:33:30,400.0,36.7,B
2021-06-24T13:33:00,2600.0,36.7,B
2021-06-24T13:32:32,400.0,36.7,B
2021-06-24T13:32:32,500.0,36.7,B
2021-06-24T13:32:32,300.0,36.7,B
2021-06-24T13:32:32,300.0,36.65,B
2021-06-24T13:32:26,100.0,36.65,B
2021-06-24T13:32:16,600.0,36.65,S
2021-06-24T13:31:50,2000.0,36.65,S
2021-06-24T13:31:12,700.0,36.65,S
2021-06-24T13:31:12,1300.0,36.65,S
2021-06-24T13:31:11,1700.0,36.65,S
2021-06-24T13:31:11,400.0,36.65,S
2021-06-24T13:31:11,900.0,36.65,S
2021-06-24T13:31:08,200.0,36.7,B
2021-06-24T13:30:31,300.0,36.65,S
2021-06-24T13:30:14,200.0,36.65,S
2021-06-24T13:30:10,100.0,36.65,S
2021-06-24T13:30:03,100.0,36.65,S
2021-06-24T13:29:50,500.0,36.65,S
2021-06-24T13:29:29,100.0,36.65,S
2021-06-24T13:28:57,2800.0,36.65,S
2021-06-24T13:28:57,200.0,36.65,S
2021-06-24T13:28:57,2000.0,36.65,S
2021-06-24T13:28:28,300.0,36.65,S
2021-06-24T13:27:37,5000.0,36.65,S
2021-06-24T13:27:23,2600.0,36.7,B
2021-06-24T13:26:19,1000.0,36.7,B
2021-06-24T13:25:52,100.0,36.7,B
2021-06-24T13:25:34,1000.0,36.7,B
2021-06-24T13:24:19,800.0,36.7,B
2021-06-24T13:24:10,100.0,36.7,B
2021-06-24T13:23:46,500.0,36.7,B
2021-06-24T13:23:39,300.0,36.7,B
2021-06-24T13:23:03,2000.0,36.7,B
2021-06-24T13:22:58,1000.0,36.7,B
2021-06-24T13:22:24,2000.0,36.7,B
2021-06-24T13:22:24,3000.0,36.7,B
2021-06-24T13:22:21,100.0,36.65,S
2021-06-24T13:22:06,100.0,36.65,S
2021-06-24T13:21:24,500.0,36.65,S
2021-06-24T13:21:09,100.0,36.65,S
2021-06-24T13:21:06,1600.0,36.65,B
2021-06-24T13:20:44,200.0,36.65,B
2021-06-24T13:20:31,900.0,36.6,S
2021-06-24T13:20:19,100.0,36.65,B
2021-06-24T13:20:11,5000.0,36.65,B
2021-06-24T13:20:06,1000.0,36.6,S
2021-06-24T13:19:58,500.0,36.6,S
2021-06-24T13:19:48,2200.0,36.6,B
2021-06-24T13:19:28,2700.0,36.6,B
2021-06-24T13:19:28,5300.0,36.6,B
2021-06-24T13:18:16,1500.0,36.55,S
2021-06-24T13:17:40,600.0,36.6,B
2021-06-24T13:17:26,1000.0,36.55,S
2021-06-24T13:16:44,200.0,36.6,B
2021-06-24T13:16:00,300.0,36.6,B
2021-06-24T13:15:50,2800.0,36.6,B
2021-06-24T13:15:50,2200.0,36.6,B
2021-06-24T13:15:41,1000.0,36.55,S
2021-06-24T13:13:33,200.0,36.55,S
2021-06-24T13:13:24,100.0,36.55,S
2021-06-24T13:13:14,100.0,36.55,B
2021-06-24T13:13:07,1000.0,36.55,B
2021-06-24T13:12:45,500.0,36.55,B
2021-06-24T13:12:42,3000.0,36.55,B
2021-06-24T13:12:29,1000.0,36.55,B
2021-06-24T13:11:45,100.0,36.5,S
2021-06-24T13:11:38,400.0,36.55,B
2021-06-24T13:09:59,100.0,36.55,B
2021-06-24T13:07:54,100.0,36.55,B
2021-06-24T13:07:44,2000.0,36.55,B
2021-06-24T13:06:03,400.0,36.55,B
2021-06-24T13:06:03,300.0,36.55,B
2021-06-24T13:06:03,800.0,36.55,B
2021-06-24T13:05:42,1000.0,36.5,S
2021-06-24T13:05:31,100.0,36.5,S
2021-06-24T13:05:19,1100.0,36.5,S
2021-06-24T13:04:50,1000.0,36.5,S
2021-06-24T13:03:10,4000.0,36.5,S
2021-06-24T13:03:06,200.0,36.5,S
2021-06-24T13:02:22,2000.0,36.5,S
2021-06-24T13:02:14,100.0,36.5,S
2021-06-24T13:01:23,3700.0,36.5,S
2021-06-24T13:00:21,200.0,36.5,S
2021-06-24T13:00:21,100.0,36.5,S
2021-06-24T13:00:20,200.0,36.5,S
2021-06-24T13:00:18,400.0,36.5,S
2021-06-24T13:00:18,100.0,36.55,B
2021-06-24T13:00:16,100.0,36.5,S
2021-06-24T13:00:15,100.0,36.5,S
2021-06-24T13:00:08,1500.0,36.5,S
2021-06-24T13:00:08,200.0,36.5,S
2021-06-24T13:00:08,600.0,36.5,S
2021-06-24T13:00:08,100.0,36.5,S
2021-06-24T13:00:08,700.0,36.5,S
2021-06-24T13:00:08,10000.0,36.55,B
2021-06-24T13:00:08,500.0,36.5,S
2021-06-24T11:29:52,1200.0,36.5,S
2021-06-24T11:29:43,500.0,36.5,S
2021-06-24T11:28:34,100.0,36.5,S
2021-06-24T11:26:40,1000.0,36.5,S
2021-06-24T11:26:03,500.0,36.5,S
2021-06-24T11:25:48,1500.0,36.5,S
2021-06-24T11:24:17,1200.0,36.5,S
2021-06-24T11:23:17,100.0,36.55,B
2021-06-24T11:21:03,100.0,36.55,B
2021-06-24T11:19:41,2000.0,36.5,S
2021-06-24T11:19:22,600.0,36.55,B
2021-06-24T11:19:01,2000.0,36.5,S
2021-06-24T11:18:04,500.0,36.55,S
2021-06-24T11:17:29,100.0,36.55,S
2021-06-24T11:17:29,100.0,36.55,S
2021-06-24T11:14:52,500.0,36.6,B
2021-06-24T11:14:26,800.0,36.6,B
2021-06-24T11:13:43,1500.0,36.6,B
2021-06-24T11:13:27,500.0,36.6,B
2021-06-24T11:13:26,500.0,36.5,S
2021-06-24T11:12:54,2300.0,36.5,S
2021-06-24T11:12:49,1000.0,36.6,B
2021-06-24T11:10:13,1000.0,36.5,S
2021-06-24T11:09:56,1500.0,36.55,B
2021-06-24T11:09:54,4500.0,36.55,B
2021-06-24T11:09:54,5500.0,36.55,B
2021-06-24T11:09:50,500.0,36.55,B
2021-06-24T11:08:55,3000.0,36.5,S
2021-06-24T11:08:51,100.0,36.5,S
2021-06-24T11:07:36,100.0,36.5,S
2021-06-24T11:07:33,1000.0,36.5,S
2021-06-24T11:06:13,100.0,36.5,B
2021-06-24T11:05:57,300.0,36.5,S
2021-06-24T11:05:51,500.0,36.5,S
2021-06-24T11:05:41,200.0,36.5,S
2021-06-24T11:05:22,4000.0,36.45,S
2021-06-24T11:04:43,2400.0,36.45,S
2021-06-24T11:04:16,4000.0,36.45,S
2021-06-24T11:03:46,2000.0,36.55,B
2021-06-24T11:03:23,400.0,36.55,B
2021-06-24T11:02:34,2800.0,36.55,B
2021-06-24T11:02:30,3500.0,36.45,S
2021-06-24T11:02:18,100.0,36.55,B
2021-06-24T11:02:10,100.0,36.5,S
2021-06-24T11:01:35,8700.0,36.5,B
2021-06-24T11:01:19,500.0,36.5,B
2021-06-24T11:01:16,500.0,36.5,B
2021-06-24T11:00:45,10000.0,36.5,B
2021-06-24T11:00:32,1000.0,36.5,B
2021-06-24T11:00:26,10000.0,36.5,B
2021-06-24T11:00:09,100.0,36.5,B
2021-06-24T11:00:09,100.0,36.5,B
2021-06-24T11:00:02,300.0,36.5,B
2021-06-24T10:59:28,200.0,36.5,B
2021-06-24T10:59:23,1000.0,36.45,S
2021-06-24T10:58:59,4000.0,36.5,B
2021-06-24T10:58:45,200.0,36.5,B
2021-06-24T10:58:21,3000.0,36.5,S
2021-06-24T10:57:52,800.0,36.6,B
2021-06-24T10:57:28,300.0,36.5,S
2021-06-24T10:57:11,300.0,36.5,S
2021-06-24T10:56:45,300.0,36.5,S
2021-06-24T10:55:51,300.0,36.5,B
2021-06-24T10:55:46,100.0,36.5,B
2021-06-24T10:55:17,800.0,36.5,B
2021-06-24T10:55:13,100.0,36.4,S
2021-06-24T10:54:13,3700.0,36.4,S
2021-06-24T10:54:03,1900.0,36.5,B
2021-06-24T10:53:44,500.0,36.5,B
2021-06-24T10:53:44,500.0,36.5,B
2021-06-24T10:53:44,1200.0,36.5,B
2021-06-24T10:53:44,2700.0,36.5,B
2021-06-24T10:53:44,6000.0,36.5,B
2021-06-24T10:53:44,4100.0,36.5,B
2021-06-24T10:52:49,200.0,36.4,S
2021-06-24T10:52:43,5000.0,36.4,S
2021-06-24T10:51:31,2000.0,36.45,S
2021-06-24T10:51:20,500.0,36.45,B
2021-06-24T10:51:19,2500.0,36.45,B
2021-06-24T10:51:11,3000.0,36.4,S
2021-06-24T10:50:55,100.0,36.45,B
2021-06-24T10:50:49,1000.0,36.4,S
2021-06-24T10:50:48,1000.0,36.4,S
2021-06-24T10:50:36,1500.0,36.4,S
2021-06-24T10:50:28,700.0,36.4,S
2021-06-24T10:50:20,1300.0,36.45,B
2021-06-24T10:50:17,400.0,36.4,S
2021-06-24T10:50:08,1300.0,36.4,S
2021-06-24T10:49:47,1500.0,36.4,S
2021-06-24T10:49:44,800.0,36.45,B
2021-06-24T10:49:42,200.0,36.4,S
2021-06-24T10:49:38,1000.0,36.4,S
2021-06-24T10:49:23,1000.0,36.4,S
2021-06-24T10:49:18,1000.0,36.4,S
2021-06-24T10:48:37,2600.0,36.45,B
2021-06-24T10:48:37,1400.0,36.45,B
2021-06-24T10:48:14,700.0,36.4,S
2021-06-24T10:48:13,1500.0,36.4,S
2021-06-24T10:48:12,4600.0,36.4,S
2021-06-24T10:47:58,1000.0,36.4,S
2021-06-24T10:47:54,3000.0,36.4,S
2021-06-24T10:47:25,200.0,36.4,S
2021-06-24T10:47:03,3000.0,36.4,S
2021-06-24T10:46:59,500.0,36.4,S
2021-06-24T10:46:58,100.0,36.4,S
2021-06-24T10:46:33,9000.0,36.4,S
2021-06-24T10:46:30,400.0,36.45,B
2021-06-24T10:46:20,9800.0,36.4,S
2021-06-24T10:46:19,1000.0,36.4,S
2021-06-24T10:46:13,1000.0,36.45,B
2021-06-24T10:45:34,100.0,36.45,B
2021-06-24T10:45:24,3000.0,36.45,B
2021-06-24T10:45:13,600.0,36.45,B
2021-06-24T10:45:12,10400.0,36.45,S
2021-06-24T10:45:04,500.0,36.45,S
2021-06-24T10:44:23,300.0,36.45,S
2021-06-24T10:44:07,2000.0,36.45,S
2021-06-24T10:43:51,200.0,36.45,S
2021-06-24T10:43:20,100.0,36.5,B
2021-06-24T10:43:01,1000.0,36.45,S
2021-06-24T10:42:43,2000.0,36.45,S
2021-06-24T10:42:41,500.0,36.45,S
2021-06-24T10:42:37,2000.0,36.45,S
2021-06-24T10:42:34,200.0,36.45,S
2021-06-24T10:42:23,3000.0,36.45,S
2021-06-24T10:42:09,500.0,36.45,S
2021-06-24T10:41:44,700.0,36.45,S
2021-06-24T10:41:31,2000.0,36.45,S
2021-06-24T10:41:29,700.0,36.5,B
2021-06-24T10:41:29,4300.0,36.5,B
2021-06-24T10:41:23,3000.0,36.45,S
2021-06-24T10:41:21,3000.0,36.5,B
2021-06-24T10:41:13,2700.0,36.5,B
2021-06-24T10:40:30,3000.0,36.5,B
2021-06-24T10:40:19,500.0,36.5,B
2021-06-24T10:40:13,100.0,36.5,B
2021-06-24T10:40:06,200.0,36.5,B
2021-06-24T10:40:02,100.0,36.5,B
2021-06-24T10:39:43,500.0,36.5,B
2021-06-24T10:39:28,600.0,36.5,S
2021-06-24T10:39:28,1800.0,36.5,S
2021-06-24T10:39:26,400.0,36.5,S
2021-06-24T10:39:26,600.0,36.5,S
2021-06-24T10:39:20,100.0,36.5,S
2021-06-24T10:39:20,900.0,36.5,S
2021-06-24T10:39:20,100.0,36.5,S
2021-06-24T10:39:20,600.0,36.5,S
2021-06-24T10:39:20,3300.0,36.5,S
2021-06-24T10:39:17,500.0,36.5,S
2021-06-24T10:39:15,600.0,36.55,B
2021-06-24T10:39:14,1000.0,36.5,S
2021-06-24T10:39:14,3500.0,36.5,S
2021-06-24T10:39:09,4000.0,36.5,S
2021-06-24T10:39:08,1000.0,36.5,S
2021-06-24T10:39:05,4100.0,36.5,S
2021-06-24T10:38:52,2000.0,36.5,S
2021-06-24T10:38:47,1500.0,36.5,S
2021-06-24T10:38:43,800.0,36.5,S
2021-06-24T10:38:31,2900.0,36.5,S
2021-06-24T10:38:31,1900.0,36.5,S
2021-06-24T10:38:31,500.0,36.5,S
2021-06-24T10:38:31,600.0,36.5,S
2021-06-24T10:38:31,1300.0,36.5,S
2021-06-24T10:38:31,600.0,36.5,S
2021-06-24T10:38:31,500.0,36.5,S
2021-06-24T10:38:31,8600.0,36.5,S
2021-06-24T10:38:09,46600.0,36.5,S
2021-06-24T10:38:09,100.0,36.5,S
2021-06-24T10:38:09,2300.0,36.5,S
2021-06-24T10:38:09,35300.0,36.5,S
2021-06-24T10:38:09,200.0,36.55,S
2021-06-24T10:38:09,7500.0,36.55,S
2021-06-24T10:38:09,200.0,36.55,S
2021-06-24T10:38:09,1100.0,36.55,S
2021-06-24T10:38:09,6700.0,36.55,S
2021-06-24T10:37:58,500.0,36.55,S
2021-06-24T10:37:54,3300.0,36.55,S
2021-06-24T10:37:48,10000.0,36.55,S
2021-06-24T10:37:20,800.0,36.55,S
2021-06-24T10:36:22,2200.0,36.6,S
2021-06-24T10:36:22,3800.0,36.6,S
2021-06-24T10:36:00,500.0,36.6,S
2021-06-24T10:35:49,500.0,36.6,S
2021-06-24T10:35:11,2000.0,36.6,S
2021-06-24T10:34:15,700.0,36.6,S
2021-06-24T10:34:15,800.0,36.6,S
2021-06-24T10:32:25,500.0,36.6,S
2021-06-24T10:32:24,200.0,36.65,B
2021-06-24T10:31:08,300.0,36.6,S
2021-06-24T10:31:04,500.0,36.6,S
2021-06-24T10:30:48,1000.0,36.6,S
2021-06-24T10:29:39,800.0,36.6,S
2021-06-24T10:28:41,900.0,36.65,S
2021-06-24T10:28:30,200.0,36.6,S
2021-06-24T10:28:25,2000.0,36.6,S
2021-06-24T10:28:23,200.0,36.6,S
2021-06-24T10:27:44,300.0,36.6,S
2021-06-24T10:27:43,1900.0,36.6,S
2021-06-24T10:27:43,200.0,36.6,S
2021-06-24T10:27:43,3900.0,36.6,S
2021-06-24T10:27:16,800.0,36.6,S
2021-06-24T10:27:11,500.0,36.6,S
2021-06-24T10:27:11,500.0,36.6,S
2021-06-24T10:27:11,8300.0,36.6,S
2021-06-24T10:26:51,2500.0,36.6,S
2021-06-24T10:25:33,200.0,36.6,S
2021-06-24T10:25:20,300.0,36.6,S
2021-06-24T10:24:48,500.0,36.6,S
2021-06-24T10:24:48,800.0,36.6,S
2021-06-24T10:24:26,200.0,36.6,S
2021-06-24T10:23:42,200.0,36.6,S
2021-06-24T10:23:42,1200.0,36.6,S
2021-06-24T10:23:40,300.0,36.6,S
2021-06-24T10:22:25,600.0,36.6,S
2021-06-24T10:22:25,1200.0,36.6,S
2021-06-24T10:22:25,3200.0,36.6,S
2021-06-24T10:22:10,1000.0,36.65,B
2021-06-24T10:21:49,5000.0,36.65,B
2021-06-24T10:21:37,200.0,36.6,S
2021-06-24T10:20:46,400.0,36.6,S
2021-06-24T10:20:46,200.0,36.6,S
2021-06-24T10:20:46,6900.0,36.6,S
2021-06-24T10:20:46,2500.0,36.6,S
2021-06-24T10:20:31,1000.0,36.6,S
2021-06-24T10:20:04,1100.0,36.6,S
2021-06-24T10:19:58,2000.0,36.65,B
2021-06-24T10:19:43,8000.0,36.6,S
2021-06-24T10:18:29,100.0,36.65,B
2021-06-24T10:17:21,400.0,36.65,B
2021-06-24T10:16:45,100.0,36.65,B
2021-06-24T10:16:40,300.0,36.65,S
2021-06-24T10:16:27,500.0,36.65,S
2021-06-24T10:16:19,100.0,36.65,S
2021-06-24T10:15:59,100.0,36.65,S
2021-06-24T10:15:57,2400.0,36.7,B
2021-06-24T10:14:53,100.0,36.65,S
2021-06-24T10:14:41,500.0,36.65,S
2021-06-24T10:14:15,300.0,36.65,B
2021-06-24T10:14:12,200.0,36.65,S
2021-06-24T10:13:56,4800.0,36.65,B
2021-06-24T10:13:47,100.0,36.6,S
2021-06-24T10:13:43,1000.0,36.65,B
2021-06-24T10:13:39,500.0,36.6,S
2021-06-24T10:13:34,500.0,36.6,S
2021-06-24T10:12:46,800.0,36.6,S
2021-06-24T10:12:11,100.0,36.6,S
2021-06-24T10:12:10,100.0,36.6,S
2021-06-24T10:11:25,1000.0,36.6,S
2021-06-24T10:10:22,5000.0,36.65,B
2021-06-24T10:09:31,800.0,36.6,S
2021-06-24T10:08:00,100.0,36.65,B
2021-06-24T10:07:57,1100.0,36.65,S
2021-06-24T10:07:28,900.0,36.65,B
2021-06-24T10:07:18,100.0,36.65,B
2021-06-24T10:06:43,7300.0,36.65,S
2021-06-24T10:06:33,3000.0,36.65,S
2021-06-24T10:06:28,100.0,36.65,S
2021-06-24T10:06:18,900.0,36.65,S
2021-06-24T10:04:59,500.0,36.65,S
2021-06-24T10:04:40,100.0,36.65,S
2021-06-24T10:03:58,100.0,36.65,S
2021-06-24T10:03:34,2500.0,36.65,S
2021-06-24T10:03:33,5500.0,36.65,B
2021-06-24T10:03:23,7100.0,36.6,S
2021-06-24T10:03:23,2000.0,36.6,S
2021-06-24T10:03:23,900.0,36.6,S
2021-06-24T10:02:54,400.0,36.6,S
2021-06-24T10:02:45,1000.0,36.6,S
2021-06-24T10:02:37,1400.0,36.6,S
2021-06-24T10:02:14,1000.0,36.6,S
2021-06-24T10:01:40,800.0,36.6,S
2021-06-24T10:01:33,4000.0,36.6,S
2021-06-24T10:01:10,100.0,36.65,B
2021-06-24T10:01:03,400.0,36.6,S
2021-06-24T10:00:29,700.0,36.6,S
2021-06-24T10:00:27,400.0,36.65,S
2021-06-24T10:00:05,300.0,36.65,S
2021-06-24T10:00:02,800.0,36.65,S
2021-06-24T10:00:01,200.0,36.65,S
2021-06-24T10:00:01,2000.0,36.65,S
2021-06-24T10:00:01,3200.0,36.65,S
2021-06-24T09:59:58,500.0,36.65,S
2021-06-24T09:59:30,2500.0,36.65,S
2021-06-24T09:59:17,300.0,36.65,S
2021-06-24T09:59:13,800.0,36.65,S
2021-06-24T09:59:09,1000.0,36.65,S
2021-06-24T09:59:05,3000.0,36.65,S
2021-06-24T09:59:01,1400.0,36.65,S
2021-06-24T09:58:21,800.0,36.65,S
2021-06-24T09:58:00,2000.0,36.65,S
2021-06-24T09:57:45,100.0,36.7,B
2021-06-24T09:56:57,1500.0,36.65,S
2021-06-24T09:56:43,100.0,36.7,B
2021-06-24T09:56:01,100.0,36.7,B
2021-06-24T09:55:59,800.0,36.65,S
2021-06-24T09:55:58,200.0,36.65,S
2021-06-24T09:55:44,100.0,36.65,S
2021-06-24T09:55:28,100.0,36.7,B
2021-06-24T09:54:54,1000.0,36.65,S
2021-06-24T09:54:53,800.0,36.65,S
2021-06-24T09:54:43,500.0,36.65,S
2021-06-24T09:53:54,300.0,36.65,S
2021-06-24T09:53:20,1000.0,36.65,S
2021-06-24T09:52:00,100.0,36.7,B
2021-06-24T09:51:28,100.0,36.7,B
2021-06-24T09:51:25,300.0,36.65,S
2021-06-24T09:51:08,100.0,36.65,S
2021-06-24T09:51:07,200.0,36.7,B
2021-06-24T09:50:25,500.0,36.65,S
2021-06-24T09:50:21,2000.0,36.65,S
2021-06-24T09:50:04,100.0,36.7,B
2021-06-24T09:49:50,300.0,36.7,B
2021-06-24T09:49:27,100.0,36.7,B
2021-06-24T09:49:09,200.0,36.7,B
2021-06-24T09:49:05,1000.0,36.7,B
2021-06-24T09:48:51,400.0,36.7,B
2021-06-24T09:48:43,300.0,36.7,B
2021-06-24T09:48:37,100.0,36.7,B
2021-06-24T09:48:33,500.0,36.7,B
2021-06-24T09:48:29,100.0,36.7,B
2021-06-24T09:47:59,200.0,36.7,B
2021-06-24T09:47:36,800.0,36.7,B
2021-06-24T09:47:01,500.0,36.7,B
2021-06-24T09:46:58,200.0,36.7,B
2021-06-24T09:46:49,2000.0,36.7,B
2021-06-24T09:46:38,2800.0,36.7,S
2021-06-24T09:46:31,100.0,36.7,S
2021-06-24T09:46:20,500.0,36.7,S
2021-06-24T09:46:18,100.0,36.7,S
2021-06-24T09:46:07,100.0,36.7,S
2021-06-24T09:45:51,1400.0,36.7,B
2021-06-24T09:45:07,200.0,36.7,B
2021-06-24T09:45:02,100.0,36.7,S
2021-06-24T09:45:02,4000.0,36.7,S
2021-06-24T09:44:28,6000.0,36.7,B
2021-06-24T09:43:43,2700.0,36.7,B
2021-06-24T09:43:12,10000.0,36.7,B
2021-06-24T09:43:09,2000.0,36.65,S
2021-06-24T09:42:58,500.0,36.65,S
2021-06-24T09:42:52,100.0,36.65,S
2021-06-24T09:42:12,900.0,36.65,S
2021-06-24T09:42:09,3000.0,36.65,S
2021-06-24T09:41:30,1200.0,36.65,S
2021-06-24T09:41:19,500.0,36.7,B
2021-06-24T09:41:13,5000.0,36.65,S
2021-06-24T09:41:03,2000.0,36.7,S
2021-06-24T09:40:54,3200.0,36.7,S
2021-06-24T09:40:47,500.0,36.7,S
2021-06-24T09:40:42,100.0,36.75,B
2021-06-24T09:40:25,1100.0,36.7,S
2021-06-24T09:40:24,500.0,36.7,S
2021-06-24T09:40:07,100.0,36.75,B
2021-06-24T09:40:07,100.0,36.75,B
2021-06-24T09:40:05,700.0,36.7,S
2021-06-24T09:40:05,200.0,36.7,S
2021-06-24T09:40:05,400.0,36.7,S
2021-06-24T09:39:56,500.0,36.75,B
2021-06-24T09:39:53,400.0,36.7,S
2021-06-24T09:39:53,6700.0,36.7,S
2021-06-24T09:39:31,100.0,36.7,S
2021-06-24T09:39:29,300.0,36.7,S
2021-06-24T09:39:07,500.0,36.75,B
2021-06-24T09:39:07,100.0,36.7,S
2021-06-24T09:38:54,6800.0,36.7,S
2021-06-24T09:38:54,3200.0,36.7,S
2021-06-24T09:37:17,200.0,36.75,B
2021-06-24T09:37:12,200.0,36.7,S
2021-06-24T09:37:04,100.0,36.75,B
2021-06-24T09:36:54,100.0,36.75,B
2021-06-24T09:36:52,400.0,36.75,B
2021-06-24T09:36:42,1000.0,36.75,B
2021-06-24T09:36:26,1600.0,36.75,B
2021-06-24T09:36:22,6300.0,36.7,S
2021-06-24T09:36:19,500.0,36.7,S
2021-06-24T09:36:17,300.0,36.7,S
2021-06-24T09:35:27,1200.0,36.75,B
2021-06-24T09:35:22,100.0,36.75,B
2021-06-24T09:35:09,300.0,36.75,B
2021-06-24T09:35:03,100.0,36.75,B
2021-06-24T09:34:59,1300.0,36.75,B
2021-06-24T09:34:51,2100.0,36.75,B
2021-06-24T09:34:50,600.0,36.75,B
2021-06-24T09:34:45,800.0,36.75,B
2021-06-24T09:34:39,800.0,36.75,B
2021-06-24T09:34:37,500.0,36.7,S
2021-06-24T09:34:35,1000.0,36.75,B
2021-06-24T09:34:32,800.0,36.75,B
2021-06-24T09:34:22,400.0,36.75,B
2021-06-24T09:34:18,400.0,36.75,B
2021-06-24T09:34:18,1200.0,36.75,B
2021-06-24T09:34:11,200.0,36.75,B
2021-06-24T09:33:41,100.0,36.75,B
2021-06-24T09:33:41,100.0,36.7,S
2021-06-24T09:33:35,1600.0,36.75,B
2021-06-24T09:33:23,100.0,36.75,B
2021-06-24T09:33:11,600.0,36.7,S
2021-06-24T09:32:55,600.0,36.7,S
2021-06-24T09:32:47,400.0,36.75,S
2021-06-24T09:32:47,1100.0,36.75,S
2021-06-24T09:32:46,2900.0,36.75,S
2021-06-24T09:32:44,1100.0,36.8,B
2021-06-24T09:32:39,2400.0,36.75,S
2021-06-24T09:32:26,1000.0,36.75,S
2021-06-24T09:32:23,1000.0,36.75,S
2021-06-24T09:32:19,2000.0,36.75,S
2021-06-24T09:32:15,500.0,36.75,S
2021-06-24T09:32:10,1000.0,36.75,S
2021-06-24T09:31:43,1500.0,36.75,S
2021-06-24T09:31:33,1300.0,36.8,B
2021-06-24T09:31:13,800.0,36.75,S
2021-06-24T09:30:58,100.0,36.75,S
2021-06-24T09:30:57,3000.0,36.75,S
2021-06-24T09:30:13,1000.0,36.75,S
2021-06-24T09:29:20,200.0,36.8,B
2021-06-24T09:29:05,100.0,36.8,S
2021-06-24T09:29:00,9400.0,36.8,S
2021-06-24T09:28:41,10000.0,36.8,S
2021-06-24T09:28:21,600.0,36.8,S
2021-06-24T09:28:11,200.0,36.75,S
2021-06-24T09:28:05,9900.0,36.8,B
2021-06-24T09:27:57,10000.0,36.75,S
2021-06-24T09:27:44,1900.0,36.75,B
2021-06-24T09:27:42,100.0,36.8,B
2021-06-24T09:27:07,6300.0,36.75,B
2021-06-24T09:27:03,1000.0,36.75,B
2021-06-24T09:26:06,3500.0,36.75,S
2021-06-24T09:25:57,1600.0,36.75,S
2021-06-24T09:25:39,1000.0,36.75,S
2021-06-24T09:25:31,300.0,36.75,S
2021-06-24T09:25:30,500.0,36.75,S
2021-06-24T09:25:29,10000.0,36.75,S
2021-06-24T09:25:26,100.0,36.75,S
2021-06-24T09:24:58,1500.0,36.75,S
2021-06-24T09:24:57,1300.0,36.8,S
2021-06-24T09:24:53,100.0,36.8,B
2021-06-24T09:24:39,3600.0,36.8,B
2021-06-24T09:24:29,600.0,36.75,S
2021-06-24T09:24:08,1500.0,36.8,B
2021-06-24T09:23:44,400.0,36.8,S
2021-06-24T09:23:44,500.0,36.8,S
2021-06-24T09:22:53,100.0,36.85,B
2021-06-24T09:22:40,10000.0,36.85,B
2021-06-24T09:22:40,5000.0,36.8,S
2021-06-24T09:22:30,500.0,36.8,S
2021-06-24T09:22:01,5000.0,36.85,B
2021-06-24T09:21:53,2000.0,36.8,S
2021-06-24T09:21:10,1000.0,36.8,S
2021-06-24T09:20:34,2000.0,36.8,S
2021-06-24T09:20:31,10000.0,36.85,B
2021-06-24T09:20:04,500.0,36.85,B
2021-06-24T09:19:54,1000.0,36.75,S
2021-06-24T09:19:20,200.0,36.7,S
2021-06-24T09:19:10,1000.0,36.7,S
2021-06-24T09:18:14,900.0,36.85,B
2021-06-24T09:18:10,2000.0,36.85,B
2021-06-24T09:18:01,1300.0,36.85,B
2021-06-24T09:17:40,1000.0,36.85,B
2021-06-24T09:17:17,1100.0,36.85,B
2021-06-24T09:16:41,500.0,36.7,S
2021-06-24T09:16:22,300.0,36.85,B
2021-06-24T09:16:22,300.0,36.8,B
2021-06-24T09:16:22,400.0,36.8,B
2021-06-24T09:16:03,4200.0,36.7,S
2021-06-24T09:15:58,100.0,36.8,B
2021-06-24T09:15:49,6100.0,36.75,B
2021-06-24T09:15:30,1100.0,36.75,B
