tradingTime,volume,price,side
2021-06-24T14:29:57,2300.0,55.8,S
2021-06-24T14:29:57,100.0,55.8,S
2021-06-24T14:29:57,1200.0,55.8,S
2021-06-24T14:29:57,300.0,55.8,S
2021-06-24T14:29:57,1200.0,55.8,S
2021-06-24T14:29:52,2000.0,56.0,B
2021-06-24T14:29:27,400.0,55.9,B
2021-06-24T14:29:21,300.0,55.9,B
2021-06-24T14:29:16,100.0,55.9,B
2021-06-24T14:29:14,600.0,55.9,B
2021-06-24T14:29:11,200.0,56.0,B
2021-06-24T14:28:47,300.0,55.9,S
2021-06-24T14:28:37,400.0,55.9,S
2021-06-24T14:27:58,22000.0,56.0,B
2021-06-24T14:27:23,200.0,56.0,B
2021-06-24T14:26:41,1000.0,56.0,B
2021-06-24T14:26:35,200.0,56.0,B
2021-06-24T14:26:19,100.0,56.0,B
2021-06-24T14:25:53,200.0,56.0,B
2021-06-24T14:25:17,600.0,56.0,B
2021-06-24T14:25:05,1700.0,56.0,S
2021-06-24T14:24:59,200.0,56.0,S
2021-06-24T14:24:50,900.0,56.0,S
2021-06-24T14:24:33,10800.0,56.0,B
2021-06-24T14:24:33,2600.0,56.0,B
2021-06-24T14:24:33,3300.0,56.0,B
2021-06-24T14:24:33,3400.0,56.0,B
2021-06-24T14:24:33,27100.0,55.9,B
2021-06-24T14:24:16,300.0,55.8,B
2021-06-24T14:23:59,100.0,55.8,B
2021-06-24T14:23:55,1000.0,55.8,B
2021-06-24T14:23:36,1000.0,55.8,B
2021-06-24T14:23:15,800.0,55.8,S
2021-06-24T14:23:12,1100.0,55.8,S
2021-06-24T14:23:12,1100.0,55.8,S
2021-06-24T14:23:11,6700.0,55.8,S
2021-06-24T14:22:10,500.0,55.8,S
2021-06-24T14:22:09,300.0,55.9,B
2021-06-24T14:22:07,500.0,55.9,B
2021-06-24T14:21:39,1000.0,55.8,S
2021-06-24T14:21:37,500.0,55.9,B
2021-06-24T14:21:36,100.0,55.9,B
2021-06-24T14:21:33,500.0,55.8,S
2021-06-24T14:21:11,100.0,55.9,B
2021-06-24T14:21:06,100.0,55.8,S
2021-06-24T14:20:43,500.0,55.8,S
2021-06-24T14:20:34,200.0,55.9,B
2021-06-24T14:20:20,200.0,55.9,B
2021-06-24T14:20:16,200.0,55.8,S
2021-06-24T14:20:11,100.0,55.9,B
2021-06-24T14:20:11,600.0,55.9,B
2021-06-24T14:19:33,1000.0,55.8,S
2021-06-24T14:19:30,200.0,55.9,B
2021-06-24T14:19:27,7600.0,55.8,S
2021-06-24T14:19:16,2500.0,55.8,S
2021-06-24T14:19:13,500.0,55.8,S
2021-06-24T14:19:09,2000.0,55.9,B
2021-06-24T14:18:59,200.0,55.8,S
2021-06-24T14:18:44,200.0,55.8,S
2021-06-24T14:18:40,2000.0,55.8,S
2021-06-24T14:18:27,700.0,55.8,S
2021-06-24T14:18:05,1000.0,55.8,S
2021-06-24T14:18:00,2000.0,55.8,S
2021-06-24T14:17:37,100.0,55.6,S
2021-06-24T14:17:37,100.0,55.7,S
2021-06-24T14:17:37,1100.0,55.7,S
2021-06-24T14:17:37,4900.0,55.7,S
2021-06-24T14:17:37,1300.0,55.7,S
2021-06-24T14:17:37,2000.0,55.7,S
2021-06-24T14:17:37,2000.0,55.7,S
2021-06-24T14:17:37,3600.0,55.7,S
2021-06-24T14:17:37,3500.0,55.8,B
2021-06-24T14:17:37,1500.0,55.8,B
2021-06-24T14:17:24,500.0,55.9,B
2021-06-24T14:17:09,300.0,55.8,B
2021-06-24T14:17:09,800.0,55.8,B
2021-06-24T14:16:51,400.0,55.7,S
2021-06-24T14:16:45,400.0,55.7,S
2021-06-24T14:16:43,1000.0,55.7,S
2021-06-24T14:16:35,200.0,55.8,B
2021-06-24T14:16:34,1000.0,55.8,B
2021-06-24T14:16:15,500.0,55.7,S
2021-06-24T14:16:12,100.0,55.8,B
2021-06-24T14:16:09,1000.0,55.8,B
2021-06-24T14:16:09,200.0,55.7,S
2021-06-24T14:16:08,700.0,55.8,B
2021-06-24T14:16:07,100.0,55.8,B
2021-06-24T14:16:01,500.0,55.7,S
2021-06-24T14:15:48,500.0,55.8,B
2021-06-24T14:15:23,300.0,55.7,S
2021-06-24T14:15:06,1000.0,55.7,S
2021-06-24T14:14:51,300.0,55.7,S
2021-06-24T14:14:43,600.0,55.7,B
2021-06-24T14:14:38,700.0,55.7,B
2021-06-24T14:14:34,19300.0,55.7,B
2021-06-24T14:14:28,500.0,55.8,B
2021-06-24T14:14:15,5000.0,55.8,B
2021-06-24T14:14:14,2000.0,55.8,B
2021-06-24T14:14:10,3100.0,55.8,B
2021-06-24T14:14:06,1000.0,55.7,B
2021-06-24T14:14:01,5000.0,55.8,B
2021-06-24T14:13:53,1800.0,55.7,B
2021-06-24T14:13:50,600.0,55.8,B
2021-06-24T14:13:46,200.0,55.7,B
2021-06-24T14:13:43,13100.0,55.7,B
2021-06-24T14:13:38,500.0,55.7,B
2021-06-24T14:13:38,200.0,55.6,S
2021-06-24T14:13:32,100.0,55.7,B
2021-06-24T14:13:29,1000.0,55.7,B
2021-06-24T14:13:22,1000.0,55.7,B
2021-06-24T14:13:15,1000.0,55.7,B
2021-06-24T14:13:15,100.0,55.7,B
2021-06-24T14:12:58,1000.0,55.7,B
2021-06-24T14:12:53,600.0,55.7,S
2021-06-24T14:12:53,2600.0,55.7,S
2021-06-24T14:12:47,300.0,55.7,S
2021-06-24T14:12:47,2200.0,55.7,S
2021-06-24T14:12:47,7500.0,55.7,S
2021-06-24T14:12:35,2000.0,55.7,S
2021-06-24T14:12:32,500.0,55.8,B
2021-06-24T14:12:32,600.0,55.8,B
2021-06-24T14:12:28,2000.0,55.8,B
2021-06-24T14:12:25,1000.0,55.8,B
2021-06-24T14:12:22,2600.0,55.8,B
2021-06-24T14:12:20,200.0,55.8,B
2021-06-24T14:12:08,8000.0,55.8,B
2021-06-24T14:11:53,100.0,55.8,B
2021-06-24T14:11:49,700.0,55.8,B
2021-06-24T14:11:43,4000.0,55.8,B
2021-06-24T14:11:43,400.0,55.7,S
2021-06-24T14:11:28,300.0,55.8,B
2021-06-24T14:11:28,200.0,55.8,B
2021-06-24T14:11:24,100.0,55.8,B
2021-06-24T14:11:23,1000.0,55.8,B
2021-06-24T14:11:02,100.0,55.8,B
2021-06-24T14:10:57,600.0,55.8,B
2021-06-24T14:10:47,500.0,55.8,B
2021-06-24T14:10:46,300.0,55.7,S
2021-06-24T14:10:46,400.0,55.7,S
2021-06-24T14:10:46,2300.0,55.7,S
2021-06-24T14:10:37,500.0,55.7,S
2021-06-24T14:10:27,10000.0,55.8,B
2021-06-24T14:10:25,1000.0,55.8,B
2021-06-24T14:10:19,1500.0,55.7,S
2021-06-24T14:10:08,500.0,55.8,B
2021-06-24T14:10:06,1400.0,55.7,S
2021-06-24T14:10:06,3500.0,55.7,S
2021-06-24T14:10:06,600.0,55.7,S
2021-06-24T14:09:03,200.0,55.8,S
2021-06-24T14:08:56,100.0,55.8,S
2021-06-24T14:08:53,100.0,55.8,S
2021-06-24T14:08:50,300.0,55.8,S
2021-06-24T14:08:44,100.0,55.8,S
2021-06-24T14:08:41,1100.0,55.8,S
2021-06-24T14:08:41,1900.0,55.8,S
2021-06-24T14:08:41,200.0,55.8,S
2021-06-24T14:08:30,8000.0,55.8,S
2021-06-24T14:08:29,1800.0,55.8,S
2021-06-24T14:08:10,400.0,55.8,S
2021-06-24T14:07:51,2100.0,55.9,S
2021-06-24T14:07:48,200.0,55.8,S
2021-06-24T14:07:48,2100.0,55.8,S
2021-06-24T14:07:48,1100.0,55.8,S
2021-06-24T14:07:47,6600.0,55.8,S
2021-06-24T14:07:45,500.0,55.9,S
2021-06-24T14:07:44,700.0,55.9,S
2021-06-24T14:07:14,3000.0,55.8,S
2021-06-24T14:07:14,1400.0,55.9,S
2021-06-24T14:07:14,5600.0,55.9,S
2021-06-24T14:07:14,100.0,55.9,S
2021-06-24T14:07:12,1000.0,55.9,S
2021-06-24T14:07:05,2500.0,55.9,S
2021-06-24T14:07:00,100.0,55.9,S
2021-06-24T14:06:55,500.0,55.9,S
2021-06-24T14:06:48,2100.0,55.9,S
2021-06-24T14:06:48,500.0,55.9,S
2021-06-24T14:06:48,100.0,55.9,S
2021-06-24T14:06:48,2300.0,55.9,S
2021-06-24T14:06:13,400.0,55.9,S
2021-06-24T14:06:09,1100.0,56.0,B
2021-06-24T14:06:05,1000.0,55.9,S
2021-06-24T14:05:37,10000.0,55.9,S
2021-06-24T14:05:30,600.0,55.9,S
2021-06-24T14:04:49,500.0,56.0,B
2021-06-24T14:04:46,200.0,56.0,B
2021-06-24T14:04:44,600.0,55.9,S
2021-06-24T14:04:21,200.0,56.0,B
2021-06-24T14:04:19,100.0,56.0,B
2021-06-24T14:04:09,400.0,56.0,B
2021-06-24T14:03:38,700.0,56.0,B
2021-06-24T14:03:19,500.0,55.9,S
2021-06-24T14:03:01,500.0,55.9,S
2021-06-24T14:02:44,100.0,55.9,S
2021-06-24T14:02:31,1000.0,56.0,S
2021-06-24T14:02:24,600.0,55.9,S
2021-06-24T14:02:07,700.0,56.0,S
2021-06-24T14:01:29,500.0,55.9,S
2021-06-24T14:01:29,3600.0,55.9,S
2021-06-24T14:01:20,200.0,55.9,S
2021-06-24T14:00:39,600.0,55.9,S
2021-06-24T14:00:08,5100.0,56.0,S
2021-06-24T14:00:08,14900.0,56.0,S
2021-06-24T14:00:08,1500.0,56.0,S
2021-06-24T14:00:08,300.0,56.0,S
2021-06-24T14:00:08,200.0,56.0,S
2021-06-24T14:00:08,1500.0,56.0,S
2021-06-24T14:00:08,6200.0,56.0,S
2021-06-24T14:00:07,100.0,56.0,S
2021-06-24T14:00:07,100.0,56.0,S
2021-06-24T14:00:07,600.0,56.0,S
2021-06-24T14:00:07,5200.0,56.0,S
2021-06-24T14:00:07,2200.0,56.0,S
2021-06-24T14:00:07,5500.0,56.0,S
2021-06-24T14:00:07,900.0,56.0,S
2021-06-24T14:00:07,17600.0,56.0,S
2021-06-24T14:00:05,6400.0,56.0,S
2021-06-24T14:00:05,1000.0,56.0,S
2021-06-24T14:00:05,300.0,56.0,S
2021-06-24T14:00:05,8500.0,56.0,S
2021-06-24T14:00:02,500.0,56.0,S
2021-06-24T14:00:01,2500.0,56.0,S
2021-06-24T13:59:30,1500.0,56.0,S
2021-06-24T13:59:29,700.0,56.1,S
2021-06-24T13:58:58,600.0,56.0,S
2021-06-24T13:58:52,100.0,56.1,S
2021-06-24T13:58:49,2700.0,56.0,S
2021-06-24T13:58:49,4500.0,56.0,S
2021-06-24T13:58:48,500.0,56.1,S
2021-06-24T13:58:42,1000.0,56.1,S
2021-06-24T13:58:04,1000.0,56.1,S
2021-06-24T13:58:02,300.0,56.1,S
2021-06-24T13:57:58,7000.0,56.1,S
2021-06-24T13:57:55,2000.0,56.1,S
2021-06-24T13:57:44,600.0,56.2,S
2021-06-24T13:57:20,2000.0,56.1,S
2021-06-24T13:56:53,200.0,56.2,S
2021-06-24T13:56:53,7700.0,56.2,S
2021-06-24T13:56:48,2000.0,56.2,S
2021-06-24T13:56:34,300.0,56.2,S
2021-06-24T13:56:31,1200.0,56.2,S
2021-06-24T13:56:31,3000.0,56.2,S
2021-06-24T13:55:32,500.0,56.3,B
2021-06-24T13:55:31,100.0,56.2,S
2021-06-24T13:55:16,700.0,56.3,B
2021-06-24T13:54:25,100.0,56.2,S
2021-06-24T13:54:19,700.0,56.2,S
2021-06-24T13:53:37,1500.0,56.3,B
2021-06-24T13:52:45,300.0,56.2,S
2021-06-24T13:52:43,300.0,56.2,S
2021-06-24T13:52:12,20000.0,56.2,S
2021-06-24T13:51:46,1000.0,56.3,S
2021-06-24T13:51:21,600.0,56.3,B
2021-06-24T13:51:21,6800.0,56.3,B
2021-06-24T13:51:21,4900.0,56.3,B
2021-06-24T13:51:17,800.0,56.3,B
2021-06-24T13:50:57,1000.0,56.2,S
2021-06-24T13:50:37,100.0,56.3,B
2021-06-24T13:50:23,200.0,56.2,S
2021-06-24T13:50:13,700.0,56.2,S
2021-06-24T13:49:59,5000.0,56.2,S
2021-06-24T13:49:28,200.0,56.2,S
2021-06-24T13:48:08,2000.0,56.2,S
2021-06-24T13:47:49,1000.0,56.2,S
2021-06-24T13:47:35,5000.0,56.3,B
2021-06-24T13:47:16,1000.0,56.3,B
2021-06-24T13:46:53,700.0,56.3,B
2021-06-24T13:46:25,300.0,56.1,S
2021-06-24T13:45:30,500.0,56.0,S
2021-06-24T13:45:08,400.0,56.0,S
2021-06-24T13:45:08,2000.0,56.0,S
2021-06-24T13:45:08,14100.0,56.1,S
2021-06-24T13:45:08,6200.0,56.1,S
2021-06-24T13:45:08,2500.0,56.2,S
2021-06-24T13:45:08,700.0,56.2,S
2021-06-24T13:45:08,14100.0,56.2,S
2021-06-24T13:45:05,300.0,56.2,S
2021-06-24T13:44:32,17500.0,56.3,S
2021-06-24T13:44:30,4800.0,56.3,S
2021-06-24T13:44:26,300.0,56.3,S
2021-06-24T13:44:23,8100.0,56.3,S
2021-06-24T13:44:18,300.0,56.3,S
2021-06-24T13:44:06,200.0,56.3,S
2021-06-24T13:42:55,900.0,56.3,S
2021-06-24T13:42:50,5000.0,56.3,S
2021-06-24T13:42:45,700.0,56.4,B
2021-06-24T13:42:07,2000.0,56.4,B
2021-06-24T13:41:57,2000.0,56.4,B
2021-06-24T13:41:10,300.0,56.3,S
2021-06-24T13:40:54,100.0,56.4,S
2021-06-24T13:40:17,300.0,56.4,B
2021-06-24T13:39:55,300.0,56.4,B
2021-06-24T13:39:55,400.0,56.4,B
2021-06-24T13:39:55,1300.0,56.4,B
2021-06-24T13:39:32,5000.0,56.4,B
2021-06-24T13:39:17,5000.0,56.3,S
2021-06-24T13:39:14,500.0,56.4,B
2021-06-24T13:38:34,700.0,56.4,B
2021-06-24T13:38:02,500.0,56.4,B
2021-06-24T13:37:49,2000.0,56.4,B
2021-06-24T13:37:36,200.0,56.3,S
2021-06-24T13:37:22,500.0,56.4,B
2021-06-24T13:37:22,1500.0,56.4,B
2021-06-24T13:37:22,2000.0,56.4,B
2021-06-24T13:37:20,100.0,56.3,S
2021-06-24T13:36:48,500.0,56.3,S
2021-06-24T13:35:39,100.0,56.3,S
2021-06-24T13:35:17,800.0,56.3,S
2021-06-24T13:35:13,200.0,56.3,S
2021-06-24T13:34:25,700.0,56.4,B
2021-06-24T13:33:28,100.0,56.3,B
2021-06-24T13:33:26,4500.0,56.3,B
2021-06-24T13:33:00,300.0,56.3,B
2021-06-24T13:32:55,500.0,56.3,B
2021-06-24T13:31:58,1000.0,56.3,B
2021-06-24T13:31:46,1700.0,56.3,S
2021-06-24T13:31:35,300.0,56.4,B
2021-06-24T13:30:46,900.0,56.4,B
2021-06-24T13:30:17,500.0,56.3,S
2021-06-24T13:30:14,600.0,56.4,B
2021-06-24T13:30:12,100.0,56.3,S
2021-06-24T13:30:05,3300.0,56.3,S
2021-06-24T13:29:19,1000.0,56.3,S
2021-06-24T13:29:19,5000.0,56.3,S
2021-06-24T13:27:43,300.0,56.3,S
2021-06-24T13:27:19,300.0,56.3,S
2021-06-24T13:26:05,600.0,56.4,B
2021-06-24T13:25:36,600.0,56.3,B
2021-06-24T13:25:09,500.0,56.3,B
2021-06-24T13:24:52,1000.0,56.3,S
2021-06-24T13:24:47,3400.0,56.3,S
2021-06-24T13:24:38,100.0,56.3,S
2021-06-24T13:24:12,900.0,56.3,S
2021-06-24T13:24:00,100.0,56.3,S
2021-06-24T13:23:58,500.0,56.4,B
2021-06-24T13:23:07,2000.0,56.4,B
2021-06-24T13:22:46,1500.0,56.3,B
2021-06-24T13:22:45,1500.0,56.3,B
2021-06-24T13:22:38,300.0,56.3,B
2021-06-24T13:22:27,1500.0,56.3,B
2021-06-24T13:22:01,300.0,56.3,B
2021-06-24T13:21:55,600.0,56.3,B
2021-06-24T13:20:05,500.0,56.3,B
2021-06-24T13:19:54,700.0,56.3,B
2021-06-24T13:19:20,2500.0,56.3,B
2021-06-24T13:18:39,500.0,56.3,B
2021-06-24T13:17:45,7900.0,56.2,B
2021-06-24T13:17:39,600.0,56.2,B
2021-06-24T13:16:52,200.0,56.2,B
2021-06-24T13:16:49,100.0,56.2,B
2021-06-24T13:16:28,4100.0,56.2,S
2021-06-24T13:16:27,1000.0,56.2,S
2021-06-24T13:16:20,100.0,56.2,S
2021-06-24T13:16:02,3000.0,56.2,S
2021-06-24T13:15:48,1000.0,56.2,S
2021-06-24T13:15:47,5000.0,56.2,S
2021-06-24T13:15:32,2000.0,56.2,S
2021-06-24T13:15:18,200.0,56.2,S
2021-06-24T13:14:55,1000.0,56.2,S
2021-06-24T13:14:40,1100.0,56.2,S
2021-06-24T13:14:40,3900.0,56.2,S
2021-06-24T13:14:39,100.0,56.3,B
2021-06-24T13:14:17,200.0,56.3,S
2021-06-24T13:13:46,300.0,56.3,B
2021-06-24T13:13:44,500.0,56.3,B
2021-06-24T13:13:30,600.0,56.3,B
2021-06-24T13:13:27,500.0,56.3,B
2021-06-24T13:13:22,1000.0,56.3,B
2021-06-24T13:13:19,500.0,56.3,B
2021-06-24T13:13:07,500.0,56.3,B
2021-06-24T13:12:44,1300.0,56.3,B
2021-06-24T13:12:44,1700.0,56.3,B
2021-06-24T13:12:35,1000.0,56.3,B
2021-06-24T13:12:21,1000.0,56.3,B
2021-06-24T13:12:13,2400.0,56.3,B
2021-06-24T13:10:55,900.0,56.3,B
2021-06-24T13:10:50,1000.0,56.3,B
2021-06-24T13:10:06,500.0,56.3,B
2021-06-24T13:10:01,500.0,56.3,B
2021-06-24T13:09:57,500.0,56.3,B
2021-06-24T13:09:53,500.0,56.3,B
2021-06-24T13:09:50,500.0,56.3,B
2021-06-24T13:09:43,500.0,56.3,B
2021-06-24T13:09:42,500.0,56.3,B
2021-06-24T13:09:41,1100.0,56.1,S
2021-06-24T13:09:39,500.0,56.3,B
2021-06-24T13:09:36,500.0,56.3,B
2021-06-24T13:09:20,600.0,56.2,B
2021-06-24T13:08:50,300.0,56.2,B
2021-06-24T13:07:44,500.0,56.2,S
2021-06-24T13:07:35,1000.0,56.2,S
2021-06-24T13:07:15,500.0,56.2,S
2021-06-24T13:06:11,100.0,56.2,S
2021-06-24T13:05:49,300.0,56.2,S
2021-06-24T13:05:45,500.0,56.2,B
2021-06-24T13:05:34,300.0,56.2,S
2021-06-24T13:05:11,500.0,56.3,B
2021-06-24T13:05:09,100.0,56.3,B
2021-06-24T13:04:36,100.0,56.2,S
2021-06-24T13:04:14,200.0,56.2,S
2021-06-24T13:02:28,100.0,56.2,S
2021-06-24T13:02:26,1500.0,56.2,S
2021-06-24T13:02:20,700.0,56.2,S
2021-06-24T13:02:05,2000.0,56.2,S
2021-06-24T13:01:31,100.0,56.2,B
2021-06-24T13:01:31,2900.0,56.2,B
2021-06-24T13:01:31,100.0,56.2,B
2021-06-24T13:01:31,3000.0,56.2,B
2021-06-24T13:01:01,600.0,56.2,B
2021-06-24T13:00:33,100.0,56.0,S
2021-06-24T13:00:23,1500.0,56.0,S
2021-06-24T13:00:22,5000.0,56.0,S
2021-06-24T13:00:21,200.0,56.0,S
2021-06-24T13:00:21,5000.0,56.0,S
2021-06-24T13:00:18,300.0,56.1,S
2021-06-24T13:00:18,300.0,56.1,S
2021-06-24T13:00:18,3000.0,56.1,S
2021-06-24T13:00:16,100.0,56.1,S
2021-06-24T13:00:13,2200.0,56.1,S
2021-06-24T13:00:13,300.0,56.1,S
2021-06-24T13:00:10,200.0,56.1,S
2021-06-24T13:00:08,700.0,56.1,S
2021-06-24T13:00:08,100.0,56.1,S
2021-06-24T13:00:08,1000.0,56.0,S
2021-06-24T13:00:08,1000.0,56.0,S
2021-06-24T13:00:07,100.0,56.0,S
2021-06-24T13:00:07,1000.0,56.2,B
2021-06-24T11:29:55,2200.0,56.0,B
2021-06-24T11:29:50,100.0,56.0,B
2021-06-24T11:29:14,500.0,56.0,B
2021-06-24T11:29:12,500.0,56.0,B
2021-06-24T11:28:49,1500.0,56.0,B
2021-06-24T11:28:33,47600.0,55.9,B
2021-06-24T11:28:22,2600.0,55.8,S
2021-06-24T11:28:22,7400.0,55.8,S
2021-06-24T11:27:58,700.0,55.8,S
2021-06-24T11:27:42,400.0,55.8,S
2021-06-24T11:27:37,4000.0,55.9,B
2021-06-24T11:27:29,500.0,55.8,S
2021-06-24T11:27:29,9200.0,55.8,S
2021-06-24T11:27:29,300.0,55.8,S
2021-06-24T11:27:20,5800.0,55.8,S
2021-06-24T11:27:14,200.0,55.9,B
2021-06-24T11:27:06,2300.0,55.8,S
2021-06-24T11:27:06,6000.0,55.8,S
2021-06-24T11:27:00,1000.0,55.8,S
2021-06-24T11:26:57,500.0,55.9,B
2021-06-24T11:26:54,400.0,55.9,B
2021-06-24T11:26:46,200.0,55.9,B
2021-06-24T11:26:40,5000.0,55.9,B
2021-06-24T11:26:30,200.0,55.9,B
2021-06-24T11:26:29,400.0,55.9,B
2021-06-24T11:26:22,1000.0,55.9,B
2021-06-24T11:26:14,9000.0,55.8,S
2021-06-24T11:26:13,5000.0,55.8,S
2021-06-24T11:26:12,5000.0,55.9,B
2021-06-24T11:26:09,4600.0,55.9,B
2021-06-24T11:26:03,2000.0,55.9,B
2021-06-24T11:26:01,1000.0,55.9,B
2021-06-24T11:25:55,5000.0,55.9,B
2021-06-24T11:25:52,500.0,55.9,B
2021-06-24T11:25:44,500.0,55.9,B
2021-06-24T11:25:23,1000.0,55.9,B
2021-06-24T11:25:23,800.0,55.9,B
2021-06-24T11:25:21,100.0,55.9,B
2021-06-24T11:25:20,100.0,55.9,B
2021-06-24T11:25:15,500.0,55.9,B
2021-06-24T11:25:01,500.0,55.9,B
2021-06-24T11:24:48,1000.0,55.8,S
2021-06-24T11:24:27,3600.0,55.8,S
2021-06-24T11:24:27,400.0,55.8,S
2021-06-24T11:24:19,500.0,55.9,B
2021-06-24T11:24:14,500.0,55.9,B
2021-06-24T11:24:07,5400.0,55.9,B
2021-06-24T11:24:04,200.0,55.8,S
2021-06-24T11:24:04,1400.0,55.8,S
2021-06-24T11:24:04,1100.0,55.8,S
2021-06-24T11:24:04,200.0,55.8,S
2021-06-24T11:24:04,2100.0,55.8,S
2021-06-24T11:23:57,400.0,55.8,S
2021-06-24T11:23:57,4600.0,55.8,S
2021-06-24T11:23:56,200.0,55.9,B
2021-06-24T11:23:49,1000.0,55.9,B
2021-06-24T11:23:46,100.0,55.9,B
2021-06-24T11:23:43,500.0,55.9,B
2021-06-24T11:23:40,2400.0,55.8,S
2021-06-24T11:23:30,400.0,55.9,B
2021-06-24T11:23:30,5000.0,55.9,B
2021-06-24T11:23:28,1000.0,55.9,B
2021-06-24T11:23:27,500.0,55.9,B
2021-06-24T11:23:25,100.0,55.9,B
2021-06-24T11:23:22,300.0,55.9,B
2021-06-24T11:23:14,1000.0,55.9,B
2021-06-24T11:23:10,100.0,55.9,B
2021-06-24T11:23:08,500.0,55.9,B
2021-06-24T11:23:05,200.0,55.9,B
2021-06-24T11:23:05,4600.0,55.9,S
2021-06-24T11:23:05,1000.0,55.9,S
2021-06-24T11:23:05,100.0,55.9,S
2021-06-24T11:23:05,3000.0,55.9,S
2021-06-24T11:23:05,2900.0,55.9,S
2021-06-24T11:23:05,1100.0,55.9,S
2021-06-24T11:23:05,1000.0,55.9,S
2021-06-24T11:23:05,800.0,55.9,S
2021-06-24T11:23:05,200.0,55.9,S
2021-06-24T11:23:05,200.0,55.9,S
2021-06-24T11:23:05,300.0,55.9,S
2021-06-24T11:23:05,2600.0,55.9,S
2021-06-24T11:23:05,600.0,55.9,S
2021-06-24T11:23:05,16600.0,55.9,S
2021-06-24T11:23:05,200.0,55.9,S
2021-06-24T11:23:05,600.0,55.9,S
2021-06-24T11:23:05,4300.0,56.0,S
2021-06-24T11:23:05,5700.0,56.0,S
2021-06-24T11:23:05,200.0,56.0,S
2021-06-24T11:23:05,1700.0,56.0,S
2021-06-24T11:23:05,2700.0,56.0,S
2021-06-24T11:23:05,500.0,56.0,S
2021-06-24T11:23:05,200.0,56.0,S
2021-06-24T11:23:05,1100.0,56.0,S
2021-06-24T11:23:05,1000.0,56.0,S
2021-06-24T11:23:05,3200.0,56.0,S
2021-06-24T11:23:05,2200.0,56.0,S
2021-06-24T11:23:05,2000.0,56.0,S
2021-06-24T11:23:05,2500.0,56.0,S
2021-06-24T11:23:05,1000.0,56.0,S
2021-06-24T11:23:05,3300.0,56.0,S
2021-06-24T11:23:05,1100.0,56.0,S
2021-06-24T11:23:05,1500.0,56.0,S
2021-06-24T11:23:05,3500.0,56.0,S
2021-06-24T11:23:05,2500.0,56.0,S
2021-06-24T11:23:05,1100.0,56.0,S
2021-06-24T11:23:05,7500.0,56.0,S
2021-06-24T11:23:05,6500.0,56.0,S
2021-06-24T11:23:05,4900.0,56.0,S
2021-06-24T11:23:05,2000.0,56.0,S
2021-06-24T11:23:05,100.0,56.0,S
2021-06-24T11:23:05,13800.0,56.0,S
2021-06-24T11:23:05,1600.0,56.0,S
2021-06-24T11:23:05,28500.0,56.0,S
2021-06-24T11:23:02,500.0,56.2,B
2021-06-24T11:22:58,10000.0,56.1,S
2021-06-24T11:22:56,100.0,56.2,B
2021-06-24T11:22:21,1000.0,56.2,B
2021-06-24T11:22:04,3000.0,56.2,S
2021-06-24T11:21:03,500.0,56.3,B
2021-06-24T11:20:49,200.0,56.1,S
2021-06-24T11:20:49,700.0,56.1,S
2021-06-24T11:20:49,5100.0,56.1,S
2021-06-24T11:20:49,100.0,56.1,S
2021-06-24T11:20:49,1600.0,56.1,S
2021-06-24T11:20:49,600.0,56.1,S
2021-06-24T11:20:49,500.0,56.1,S
2021-06-24T11:20:49,300.0,56.1,S
2021-06-24T11:20:49,300.0,56.1,S
2021-06-24T11:20:49,1800.0,56.1,S
2021-06-24T11:20:49,2500.0,56.1,S
2021-06-24T11:20:14,2100.0,56.2,S
2021-06-24T11:20:14,900.0,56.2,S
2021-06-24T11:19:56,2000.0,56.2,S
2021-06-24T11:19:02,500.0,56.3,B
2021-06-24T11:19:01,2000.0,56.2,S
2021-06-24T11:18:41,1200.0,56.2,S
2021-06-24T11:18:41,1700.0,56.2,S
2021-06-24T11:18:40,30100.0,56.2,S
2021-06-24T11:18:25,700.0,56.3,S
2021-06-24T11:18:25,300.0,56.3,S
2021-06-24T11:17:54,100.0,56.3,S
2021-06-24T11:17:46,5000.0,56.3,S
2021-06-24T11:17:02,500.0,56.4,B
2021-06-24T11:16:09,100.0,56.4,B
2021-06-24T11:15:03,500.0,56.4,B
2021-06-24T11:13:52,5000.0,56.2,S
2021-06-24T11:13:48,4500.0,56.3,B
2021-06-24T11:13:27,500.0,56.3,B
2021-06-24T11:13:27,1000.0,56.3,B
2021-06-24T11:13:02,500.0,56.3,B
2021-06-24T11:12:59,4000.0,56.3,B
2021-06-24T11:12:54,500.0,56.3,B
2021-06-24T11:12:43,200.0,56.3,B
2021-06-24T11:12:31,2000.0,56.3,B
2021-06-24T11:12:24,1400.0,56.3,S
2021-06-24T11:11:58,200.0,56.3,S
2021-06-24T11:11:48,500.0,56.3,S
2021-06-24T11:11:13,3100.0,56.3,S
2021-06-24T11:11:13,2900.0,56.3,S
2021-06-24T11:11:04,500.0,56.4,B
2021-06-24T11:10:13,100.0,56.3,S
2021-06-24T11:09:40,200.0,56.4,B
2021-06-24T11:09:33,400.0,56.3,S
2021-06-24T11:09:03,400.0,56.4,B
2021-06-24T11:09:02,2300.0,56.4,B
2021-06-24T11:09:02,400.0,56.4,S
2021-06-24T11:07:04,400.0,56.5,B
2021-06-24T11:06:44,1000.0,56.4,B
2021-06-24T11:06:44,600.0,56.4,B
2021-06-24T11:06:13,200.0,56.4,B
2021-06-24T11:05:46,100.0,56.4,B
2021-06-24T11:05:44,100.0,56.4,B
2021-06-24T11:05:28,1000.0,56.4,B
2021-06-24T11:05:11,400.0,56.4,B
2021-06-24T11:04:25,6100.0,56.3,S
2021-06-24T11:04:09,500.0,56.4,B
2021-06-24T11:03:55,400.0,56.4,B
2021-06-24T11:03:47,2000.0,56.4,B
2021-06-24T11:03:18,2900.0,56.3,S
2021-06-24T11:03:14,300.0,56.4,S
2021-06-24T11:03:09,400.0,56.5,B
2021-06-24T11:03:01,5500.0,56.4,S
2021-06-24T11:03:01,9500.0,56.4,S
2021-06-24T11:02:38,1500.0,56.5,B
2021-06-24T11:02:34,1000.0,56.5,B
2021-06-24T11:02:20,500.0,56.5,B
2021-06-24T11:02:13,500.0,56.5,B
2021-06-24T11:02:13,1100.0,56.5,B
2021-06-24T11:02:00,700.0,56.5,B
2021-06-24T11:01:29,100.0,56.5,B
2021-06-24T11:01:12,600.0,56.5,B
2021-06-24T11:01:12,400.0,56.5,B
2021-06-24T11:00:40,300.0,56.5,B
2021-06-24T11:00:38,200.0,56.4,S
2021-06-24T11:00:34,1900.0,56.4,S
2021-06-24T11:00:32,3000.0,56.5,B
2021-06-24T10:59:56,100.0,56.4,S
2021-06-24T10:59:44,1000.0,56.4,S
2021-06-24T10:59:29,100.0,56.4,S
2021-06-24T10:59:10,200.0,56.4,S
2021-06-24T10:59:10,400.0,56.5,B
2021-06-24T10:58:57,1500.0,56.5,B
2021-06-24T10:58:40,2000.0,56.4,B
2021-06-24T10:58:40,900.0,56.4,B
2021-06-24T10:58:40,5400.0,56.4,B
2021-06-24T10:58:38,500.0,56.4,B
2021-06-24T10:58:29,100.0,56.4,B
2021-06-24T10:58:23,100.0,56.3,S
2021-06-24T10:58:09,100.0,56.3,B
2021-06-24T10:58:04,700.0,56.3,B
2021-06-24T10:58:03,200.0,56.3,B
2021-06-24T10:57:54,1000.0,56.3,S
2021-06-24T10:57:53,300.0,56.4,B
2021-06-24T10:57:33,200.0,56.3,S
2021-06-24T10:57:26,5000.0,56.3,S
2021-06-24T10:57:22,100.0,56.3,S
2021-06-24T10:57:18,3000.0,56.3,S
2021-06-24T10:57:13,5000.0,56.3,S
2021-06-24T10:57:12,400.0,56.4,B
2021-06-24T10:57:11,400.0,56.4,B
2021-06-24T10:56:59,1200.0,56.4,B
2021-06-24T10:56:47,400.0,56.3,S
2021-06-24T10:56:30,400.0,56.4,B
2021-06-24T10:56:28,2100.0,56.3,S
2021-06-24T10:56:06,300.0,56.4,B
2021-06-24T10:55:24,200.0,56.4,B
2021-06-24T10:55:16,300.0,56.4,B
2021-06-24T10:55:13,400.0,56.4,B
2021-06-24T10:54:54,300.0,56.3,S
2021-06-24T10:54:44,1000.0,56.4,B
2021-06-24T10:54:24,9800.0,56.3,S
2021-06-24T10:54:24,6900.0,56.3,S
2021-06-24T10:54:24,3300.0,56.3,S
2021-06-24T10:54:22,1000.0,56.3,S
2021-06-24T10:53:12,400.0,56.4,S
2021-06-24T10:53:08,9700.0,56.4,S
2021-06-24T10:53:08,300.0,56.4,S
2021-06-24T10:52:54,500.0,56.4,S
2021-06-24T10:52:29,1700.0,56.4,S
2021-06-24T10:52:29,400.0,56.4,S
2021-06-24T10:52:29,100.0,56.4,S
2021-06-24T10:52:29,12800.0,56.4,S
2021-06-24T10:52:22,1200.0,56.5,B
2021-06-24T10:52:22,800.0,56.5,B
2021-06-24T10:52:13,100.0,56.4,S
2021-06-24T10:52:08,2300.0,56.5,B
2021-06-24T10:51:44,200.0,56.5,B
2021-06-24T10:51:41,1800.0,56.5,B
2021-06-24T10:51:41,200.0,56.5,B
2021-06-24T10:51:21,1000.0,56.4,S
2021-06-24T10:51:16,400.0,56.5,B
2021-06-24T10:50:44,600.0,56.4,S
2021-06-24T10:50:37,300.0,56.4,S
2021-06-24T10:50:30,4800.0,56.5,B
2021-06-24T10:50:25,300.0,56.5,B
2021-06-24T10:50:16,100.0,56.4,S
2021-06-24T10:50:14,100.0,56.4,S
2021-06-24T10:49:45,300.0,56.5,B
2021-06-24T10:49:18,2000.0,56.4,S
2021-06-24T10:49:13,200.0,56.5,B
2021-06-24T10:49:13,200.0,56.5,B
2021-06-24T10:48:54,1500.0,56.4,S
2021-06-24T10:48:46,500.0,56.4,S
2021-06-24T10:48:45,500.0,56.4,S
2021-06-24T10:48:18,2000.0,56.5,B
2021-06-24T10:47:57,3000.0,56.5,B
2021-06-24T10:47:55,2000.0,56.4,S
2021-06-24T10:47:17,6000.0,56.5,S
2021-06-24T10:47:10,2600.0,56.5,S
2021-06-24T10:47:10,1000.0,56.5,S
2021-06-24T10:47:10,700.0,56.5,S
2021-06-24T10:47:10,4900.0,56.5,S
2021-06-24T10:47:09,100.0,56.5,S
2021-06-24T10:47:07,400.0,56.6,B
2021-06-24T10:47:05,400.0,56.5,S
2021-06-24T10:47:05,200.0,56.5,S
2021-06-24T10:46:55,2000.0,56.5,S
2021-06-24T10:46:48,100.0,56.5,S
2021-06-24T10:46:29,1000.0,56.5,S
2021-06-24T10:46:02,1100.0,56.6,B
2021-06-24T10:46:00,1000.0,56.5,S
2021-06-24T10:45:58,4000.0,56.5,S
2021-06-24T10:45:51,1500.0,56.5,S
2021-06-24T10:45:51,5000.0,56.5,S
2021-06-24T10:45:31,10000.0,56.5,S
2021-06-24T10:45:15,100.0,56.5,S
2021-06-24T10:44:49,10000.0,56.5,S
2021-06-24T10:44:26,1000.0,56.6,B
2021-06-24T10:44:12,3100.0,56.6,B
2021-06-24T10:43:52,400.0,56.6,B
2021-06-24T10:43:40,6800.0,56.6,S
2021-06-24T10:43:27,200.0,56.7,B
2021-06-24T10:42:56,200.0,56.7,B
2021-06-24T10:42:22,2300.0,56.6,S
2021-06-24T10:42:22,2700.0,56.6,S
2021-06-24T10:42:18,500.0,56.6,S
2021-06-24T10:42:02,2000.0,56.6,S
2021-06-24T10:41:43,1000.0,56.6,S
2021-06-24T10:41:27,1000.0,56.6,S
2021-06-24T10:41:19,1800.0,56.6,S
2021-06-24T10:41:19,8200.0,56.6,S
2021-06-24T10:41:13,2000.0,56.6,S
2021-06-24T10:40:41,100.0,56.6,S
2021-06-24T10:40:22,1000.0,56.6,S
2021-06-24T10:38:58,200.0,56.6,S
2021-06-24T10:38:23,200.0,56.6,S
2021-06-24T10:38:15,100.0,56.6,S
2021-06-24T10:38:13,800.0,56.8,B
2021-06-24T10:38:13,1200.0,56.8,B
2021-06-24T10:38:13,1500.0,56.8,B
2021-06-24T10:37:21,300.0,56.6,S
2021-06-24T10:36:28,3000.0,56.6,S
2021-06-24T10:36:19,4000.0,56.8,B
2021-06-24T10:36:13,200.0,56.7,S
2021-06-24T10:35:55,3000.0,56.7,S
2021-06-24T10:34:58,800.0,56.7,S
2021-06-24T10:34:52,4000.0,56.7,S
2021-06-24T10:34:43,4000.0,56.7,S
2021-06-24T10:34:06,22000.0,56.7,S
2021-06-24T10:33:56,200.0,56.8,B
2021-06-24T10:33:51,800.0,56.8,S
2021-06-24T10:33:31,200.0,56.8,S
2021-06-24T10:33:31,300.0,56.8,S
2021-06-24T10:33:31,5000.0,56.8,S
2021-06-24T10:33:13,5000.0,56.8,S
2021-06-24T10:33:09,100.0,56.8,S
2021-06-24T10:32:54,1000.0,56.8,B
2021-06-24T10:32:54,900.0,56.8,B
2021-06-24T10:32:22,1100.0,56.8,S
2021-06-24T10:32:15,2000.0,56.8,S
2021-06-24T10:31:49,4000.0,56.8,S
2021-06-24T10:31:24,3000.0,56.8,S
2021-06-24T10:31:22,1500.0,56.8,B
2021-06-24T10:31:22,1600.0,56.8,B
2021-06-24T10:31:22,22700.0,56.8,B
2021-06-24T10:31:22,1100.0,56.8,B
2021-06-24T10:31:22,3900.0,56.8,B
2021-06-24T10:31:22,2400.0,56.8,B
2021-06-24T10:31:19,2000.0,56.8,B
2021-06-24T10:31:05,100.0,56.8,B
2021-06-24T10:30:50,2000.0,56.8,B
2021-06-24T10:30:45,4500.0,56.7,S
2021-06-24T10:30:30,500.0,56.7,S
2021-06-24T10:30:16,3000.0,56.7,S
2021-06-24T10:30:12,700.0,56.7,S
2021-06-24T10:29:40,300.0,56.7,S
2021-06-24T10:29:34,100.0,56.7,S
2021-06-24T10:29:02,300.0,56.8,B
2021-06-24T10:28:36,100.0,56.8,B
2021-06-24T10:28:33,4700.0,56.8,B
2021-06-24T10:28:00,3100.0,56.8,B
2021-06-24T10:27:51,100.0,56.7,S
2021-06-24T10:27:44,700.0,56.7,S
2021-06-24T10:27:18,300.0,56.7,S
2021-06-24T10:27:13,1000.0,56.7,S
2021-06-24T10:27:10,300.0,56.8,B
2021-06-24T10:26:47,500.0,56.8,B
2021-06-24T10:25:55,100.0,56.8,B
2021-06-24T10:25:07,500.0,56.8,B
2021-06-24T10:24:58,12600.0,56.8,B
2021-06-24T10:24:58,1400.0,56.8,B
2021-06-24T10:24:58,300.0,56.8,B
2021-06-24T10:24:58,5100.0,56.8,B
2021-06-24T10:24:58,10600.0,56.8,B
2021-06-24T10:24:52,2000.0,56.8,B
2021-06-24T10:23:49,1000.0,56.8,B
2021-06-24T10:23:45,100.0,56.8,B
2021-06-24T10:22:40,1000.0,56.8,B
2021-06-24T10:22:28,900.0,56.8,B
2021-06-24T10:21:50,1000.0,56.8,B
2021-06-24T10:20:17,200.0,56.8,B
2021-06-24T10:19:36,300.0,56.7,S
2021-06-24T10:19:29,1000.0,56.7,S
2021-06-24T10:19:28,3900.0,56.7,S
2021-06-24T10:19:28,800.0,56.7,S
2021-06-24T10:19:01,400.0,56.7,S
2021-06-24T10:18:41,200.0,56.7,S
2021-06-24T10:18:37,100.0,56.8,B
2021-06-24T10:18:11,200.0,56.8,B
2021-06-24T10:17:38,1000.0,56.8,B
2021-06-24T10:17:26,1000.0,56.7,S
2021-06-24T10:17:24,100.0,56.7,S
2021-06-24T10:17:04,100.0,56.7,S
2021-06-24T10:16:24,2000.0,56.7,S
2021-06-24T10:16:10,1700.0,56.7,S
2021-06-24T10:15:57,900.0,56.8,B
2021-06-24T10:15:31,10000.0,56.6,S
2021-06-24T10:14:59,4900.0,56.7,B
2021-06-24T10:14:52,100.0,56.7,B
2021-06-24T10:14:40,5000.0,56.7,B
2021-06-24T10:14:27,4700.0,56.7,B
2021-06-24T10:14:13,7000.0,56.7,B
2021-06-24T10:13:25,200.0,56.7,B
2021-06-24T10:13:20,2000.0,56.7,B
2021-06-24T10:13:07,100.0,56.7,B
2021-06-24T10:13:06,2000.0,56.7,S
2021-06-24T10:13:05,7100.0,56.7,S
2021-06-24T10:12:49,500.0,56.7,S
2021-06-24T10:12:37,100.0,56.8,B
2021-06-24T10:12:17,1200.0,56.8,B
2021-06-24T10:12:01,1000.0,56.8,B
2021-06-24T10:11:38,1800.0,56.8,B
2021-06-24T10:11:38,1300.0,56.8,B
2021-06-24T10:11:38,200.0,56.8,B
2021-06-24T10:11:38,2100.0,56.8,B
2021-06-24T10:11:38,5000.0,56.8,B
2021-06-24T10:11:38,500.0,56.8,B
2021-06-24T10:11:38,500.0,56.8,B
2021-06-24T10:11:38,6900.0,56.8,B
2021-06-24T10:11:08,1400.0,56.7,B
2021-06-24T10:11:02,100.0,56.7,B
2021-06-24T10:10:58,500.0,56.7,B
2021-06-24T10:09:43,100.0,56.8,B
2021-06-24T10:09:33,300.0,56.8,B
2021-06-24T10:09:31,300.0,56.6,S
2021-06-24T10:08:38,700.0,56.8,B
2021-06-24T10:08:33,200.0,56.8,B
2021-06-24T10:08:25,100.0,56.8,B
2021-06-24T10:08:02,1000.0,56.8,B
2021-06-24T10:07:33,100.0,56.8,B
2021-06-24T10:06:57,2900.0,56.8,B
2021-06-24T10:06:57,6100.0,56.7,B
2021-06-24T10:06:48,100.0,56.5,S
2021-06-24T10:06:06,100.0,56.5,S
2021-06-24T10:06:05,3700.0,56.6,B
2021-06-24T10:05:34,5500.0,56.5,B
2021-06-24T10:05:26,100.0,56.5,B
2021-06-24T10:05:25,500.0,56.5,B
2021-06-24T10:05:23,500.0,56.5,B
2021-06-24T10:05:09,1000.0,56.5,S
2021-06-24T10:05:08,3400.0,56.5,S
2021-06-24T10:05:02,300.0,56.5,S
2021-06-24T10:04:58,1100.0,56.5,S
2021-06-24T10:04:47,500.0,56.5,S
2021-06-24T10:04:45,100.0,56.5,S
2021-06-24T10:04:35,2600.0,56.5,S
2021-06-24T10:04:34,400.0,56.5,S
2021-06-24T10:04:29,5500.0,56.5,B
2021-06-24T10:04:00,14500.0,56.5,S
2021-06-24T10:03:14,200.0,56.5,S
2021-06-24T10:02:40,200.0,56.5,S
2021-06-24T10:02:37,12000.0,56.5,S
2021-06-24T10:02:29,5000.0,56.5,S
2021-06-24T10:02:29,1000.0,56.6,S
2021-06-24T10:01:59,17900.0,56.5,S
2021-06-24T10:01:59,100.0,56.6,S
2021-06-24T10:01:55,200.0,56.6,S
2021-06-24T10:01:41,300.0,56.6,S
2021-06-24T10:01:18,3000.0,56.6,S
2021-06-24T10:01:06,6400.0,56.6,B
2021-06-24T10:01:04,1000.0,56.6,B
2021-06-24T10:00:48,1000.0,56.6,B
2021-06-24T10:00:46,100.0,56.6,B
2021-06-24T10:00:38,400.0,56.6,S
2021-06-24T10:00:37,400.0,56.6,S
2021-06-24T10:00:34,500.0,56.6,S
2021-06-24T10:00:34,4600.0,56.6,S
2021-06-24T10:00:34,100.0,56.6,S
2021-06-24T10:00:33,6500.0,56.6,S
2021-06-24T10:00:24,400.0,56.6,S
2021-06-24T09:59:21,100.0,56.6,S
2021-06-24T09:59:17,200.0,56.8,B
2021-06-24T09:59:12,300.0,56.6,S
2021-06-24T09:58:51,300.0,56.8,S
2021-06-24T09:58:46,300.0,56.8,S
2021-06-24T09:58:42,500.0,56.8,S
2021-06-24T09:58:41,500.0,56.8,S
2021-06-24T09:58:30,900.0,56.8,S
2021-06-24T09:58:27,200.0,56.8,S
2021-06-24T09:58:21,300.0,56.8,S
2021-06-24T09:58:12,1000.0,56.9,B
2021-06-24T09:58:06,500.0,56.9,B
2021-06-24T09:58:02,1000.0,56.9,B
2021-06-24T09:57:59,500.0,56.9,B
2021-06-24T09:57:52,1000.0,56.9,B
2021-06-24T09:57:22,300.0,56.9,B
2021-06-24T09:57:15,500.0,56.9,B
2021-06-24T09:57:14,2200.0,56.9,B
2021-06-24T09:57:02,2000.0,56.9,B
2021-06-24T09:57:02,1000.0,56.9,B
2021-06-24T09:57:02,1500.0,56.9,B
2021-06-24T09:57:02,500.0,56.9,B
2021-06-24T09:56:55,1500.0,56.9,B
2021-06-24T09:56:55,500.0,56.9,B
2021-06-24T09:56:45,600.0,56.9,B
2021-06-24T09:56:28,300.0,56.9,B
2021-06-24T09:56:28,2700.0,56.9,B
2021-06-24T09:56:26,1000.0,56.9,B
2021-06-24T09:56:12,1100.0,56.9,B
2021-06-24T09:56:09,1000.0,56.8,S
2021-06-24T09:55:57,1000.0,56.8,S
2021-06-24T09:55:53,200.0,56.9,B
2021-06-24T09:55:39,300.0,56.8,S
2021-06-24T09:55:38,1000.0,56.8,S
2021-06-24T09:55:28,1000.0,56.8,S
2021-06-24T09:55:28,200.0,56.8,S
2021-06-24T09:55:17,12800.0,56.8,B
2021-06-24T09:55:08,10000.0,56.8,B
2021-06-24T09:54:50,50000.0,56.8,B
2021-06-24T09:54:06,12200.0,56.7,B
2021-06-24T09:54:06,3700.0,56.7,B
2021-06-24T09:54:06,2800.0,56.6,B
2021-06-24T09:54:06,1300.0,56.6,B
2021-06-24T09:53:25,20000.0,56.6,B
2021-06-24T09:53:14,1000.0,56.5,B
2021-06-24T09:53:03,500.0,56.5,B
2021-06-24T09:52:58,600.0,56.5,B
2021-06-24T09:52:50,1000.0,56.5,S
2021-06-24T09:52:13,300.0,56.4,S
2021-06-24T09:51:55,20000.0,56.6,B
2021-06-24T09:51:37,500.0,56.4,S
2021-06-24T09:51:36,500.0,56.4,S
2021-06-24T09:51:18,100.0,56.5,S
2021-06-24T09:51:18,4000.0,56.5,S
2021-06-24T09:51:18,25000.0,56.5,S
2021-06-24T09:51:05,6700.0,56.7,B
2021-06-24T09:51:05,1000.0,56.7,B
2021-06-24T09:51:05,22300.0,56.7,B
2021-06-24T09:50:44,300.0,56.6,B
2021-06-24T09:50:41,4000.0,56.5,S
2021-06-24T09:50:40,100.0,56.5,S
2021-06-24T09:50:36,500.0,56.6,B
2021-06-24T09:50:32,1000.0,56.5,S
2021-06-24T09:50:32,200.0,56.5,S
2021-06-24T09:50:13,700.0,56.5,S
2021-06-24T09:50:13,600.0,56.5,S
2021-06-24T09:50:11,28700.0,56.5,S
2021-06-24T09:50:08,200.0,56.5,S
2021-06-24T09:50:00,500.0,56.6,B
2021-06-24T09:49:57,200.0,56.6,B
2021-06-24T09:49:51,600.0,56.5,S
2021-06-24T09:49:50,6000.0,56.6,S
2021-06-24T09:49:45,1000.0,56.7,B
2021-06-24T09:49:43,1000.0,56.6,S
2021-06-24T09:49:41,4800.0,56.6,S
2021-06-24T09:49:41,500.0,56.6,S
2021-06-24T09:49:05,1000.0,56.6,S
2021-06-24T09:48:57,300.0,56.6,S
2021-06-24T09:48:37,1000.0,56.6,S
2021-06-24T09:48:22,100.0,56.6,S
2021-06-24T09:48:08,500.0,56.6,S
2021-06-24T09:47:45,2200.0,56.7,B
2021-06-24T09:47:34,1300.0,56.7,S
2021-06-24T09:46:59,800.0,56.7,B
2021-06-24T09:46:55,100.0,56.7,B
2021-06-24T09:46:36,100.0,56.7,B
2021-06-24T09:46:33,200.0,56.7,B
2021-06-24T09:46:21,500.0,56.7,B
2021-06-24T09:46:03,200.0,56.6,S
2021-06-24T09:45:50,400.0,56.7,S
2021-06-24T09:45:50,100.0,56.7,S
2021-06-24T09:45:43,700.0,56.7,S
2021-06-24T09:45:39,600.0,56.7,S
2021-06-24T09:45:33,2600.0,56.7,S
2021-06-24T09:45:27,3000.0,56.7,S
2021-06-24T09:45:15,5000.0,56.8,B
2021-06-24T09:45:14,300.0,56.7,S
2021-06-24T09:45:13,100.0,56.8,B
2021-06-24T09:45:13,300.0,56.8,B
2021-06-24T09:45:12,900.0,56.8,B
2021-06-24T09:45:06,5000.0,56.7,S
2021-06-24T09:44:41,100.0,56.8,B
2021-06-24T09:44:25,2000.0,56.7,S
2021-06-24T09:44:03,200.0,56.7,B
2021-06-24T09:43:59,5800.0,56.7,B
2021-06-24T09:43:56,1000.0,56.7,B
2021-06-24T09:43:31,200.0,56.6,S
2021-06-24T09:43:26,5000.0,56.7,B
2021-06-24T09:43:13,1000.0,56.6,S
2021-06-24T09:42:55,300.0,56.6,B
2021-06-24T09:42:55,3500.0,56.6,B
2021-06-24T09:42:54,2000.0,56.5,S
2021-06-24T09:42:40,200.0,56.5,S
2021-06-24T09:42:35,2000.0,56.5,S
2021-06-24T09:42:23,100.0,56.5,B
2021-06-24T09:42:13,1000.0,56.5,B
2021-06-24T09:42:05,600.0,56.5,B
2021-06-24T09:41:58,200.0,56.5,B
2021-06-24T09:41:53,100.0,56.5,B
2021-06-24T09:41:43,5600.0,56.5,B
2021-06-24T09:41:43,500.0,56.5,B
2021-06-24T09:41:43,2000.0,56.5,B
2021-06-24T09:41:43,1900.0,56.5,B
2021-06-24T09:41:42,200.0,56.5,B
2021-06-24T09:41:21,2000.0,56.5,B
2021-06-24T09:41:21,4100.0,56.5,B
2021-06-24T09:41:04,200.0,56.5,B
2021-06-24T09:40:47,500.0,56.5,B
2021-06-24T09:40:40,2900.0,56.5,B
2021-06-24T09:40:10,3200.0,56.5,B
2021-06-24T09:40:10,500.0,56.5,B
2021-06-24T09:40:10,1000.0,56.5,B
2021-06-24T09:40:10,3700.0,56.5,B
2021-06-24T09:40:10,1000.0,56.5,B
2021-06-24T09:40:10,900.0,56.5,B
2021-06-24T09:40:10,2100.0,56.4,B
2021-06-24T09:40:10,3600.0,56.4,B
2021-06-24T09:39:53,900.0,56.4,B
2021-06-24T09:39:48,1000.0,56.3,S
2021-06-24T09:39:35,500.0,56.3,S
2021-06-24T09:39:01,100.0,56.3,S
2021-06-24T09:38:43,100.0,56.3,S
2021-06-24T09:38:30,2200.0,56.3,B
2021-06-24T09:38:21,1000.0,56.3,B
2021-06-24T09:38:18,200.0,56.3,B
2021-06-24T09:38:17,300.0,56.3,B
2021-06-24T09:38:05,700.0,56.3,B
2021-06-24T09:38:05,300.0,56.3,B
2021-06-24T09:38:00,300.0,56.3,B
2021-06-24T09:37:57,500.0,56.2,S
2021-06-24T09:37:29,300.0,56.3,B
2021-06-24T09:37:25,1900.0,56.2,S
2021-06-24T09:36:25,800.0,56.3,B
2021-06-24T09:36:22,5000.0,56.2,S
2021-06-24T09:36:20,3000.0,56.2,S
2021-06-24T09:36:06,500.0,56.3,B
2021-06-24T09:36:06,3100.0,56.3,B
2021-06-24T09:36:06,1200.0,56.3,B
2021-06-24T09:36:03,500.0,56.2,S
2021-06-24T09:35:56,500.0,56.2,S
2021-06-24T09:35:40,500.0,56.2,S
2021-06-24T09:35:33,500.0,56.3,B
2021-06-24T09:35:08,8000.0,56.2,S
2021-06-24T09:35:05,500.0,56.3,B
2021-06-24T09:35:03,1000.0,56.3,B
2021-06-24T09:35:03,2500.0,56.3,B
2021-06-24T09:35:02,2500.0,56.3,B
2021-06-24T09:35:00,500.0,56.3,B
2021-06-24T09:35:00,1100.0,56.3,B
2021-06-24T09:35:00,300.0,56.2,S
2021-06-24T09:34:50,500.0,56.3,B
2021-06-24T09:34:32,400.0,56.3,B
2021-06-24T09:34:29,500.0,56.2,S
2021-06-24T09:34:19,500.0,56.3,B
2021-06-24T09:34:09,1000.0,56.3,B
2021-06-24T09:33:55,200.0,56.3,B
2021-06-24T09:33:46,500.0,56.2,S
2021-06-24T09:33:39,100.0,56.2,S
2021-06-24T09:33:35,600.0,56.4,B
2021-06-24T09:33:33,100.0,56.2,S
2021-06-24T09:33:32,5700.0,56.2,S
2021-06-24T09:33:27,6800.0,56.3,B
2021-06-24T09:33:15,300.0,56.2,S
2021-06-24T09:33:12,3000.0,56.3,B
2021-06-24T09:33:08,2000.0,56.2,S
2021-06-24T09:33:04,200.0,56.2,S
2021-06-24T09:33:03,1500.0,56.2,S
2021-06-24T09:32:48,500.0,56.3,B
2021-06-24T09:32:43,2000.0,56.2,S
2021-06-24T09:32:34,300.0,56.2,S
2021-06-24T09:32:34,200.0,56.2,S
2021-06-24T09:32:32,100.0,56.2,S
2021-06-24T09:32:31,1100.0,56.2,S
2021-06-24T09:32:16,100.0,56.2,S
2021-06-24T09:32:06,100.0,56.2,S
2021-06-24T09:32:02,600.0,56.2,B
2021-06-24T09:31:54,1000.0,56.2,B
2021-06-24T09:31:33,600.0,56.2,B
2021-06-24T09:31:17,1500.0,56.1,S
2021-06-24T09:31:16,1000.0,56.2,B
2021-06-24T09:31:09,1000.0,56.1,S
2021-06-24T09:31:00,400.0,56.1,S
2021-06-24T09:30:33,10000.0,56.1,S
2021-06-24T09:30:04,800.0,56.1,S
2021-06-24T09:30:03,900.0,56.2,B
2021-06-24T09:29:42,1000.0,56.2,B
2021-06-24T09:29:19,3000.0,56.1,B
2021-06-24T09:29:17,3500.0,56.1,B
2021-06-24T09:29:13,500.0,56.2,B
2021-06-24T09:29:00,300.0,56.1,B
2021-06-24T09:28:57,100.0,56.1,B
2021-06-24T09:28:51,1100.0,56.1,B
2021-06-24T09:28:43,1000.0,56.1,S
2021-06-24T09:28:36,10500.0,56.1,S
2021-06-24T09:28:31,2000.0,56.1,S
2021-06-24T09:28:25,1500.0,56.1,S
2021-06-24T09:28:23,900.0,56.2,B
2021-06-24T09:28:18,7600.0,56.1,S
2021-06-24T09:28:18,2400.0,56.1,S
2021-06-24T09:28:17,1000.0,56.2,B
2021-06-24T09:28:07,100.0,56.2,S
2021-06-24T09:27:58,4000.0,56.1,S
2021-06-24T09:27:56,100.0,56.2,S
2021-06-24T09:27:55,200.0,56.2,S
2021-06-24T09:27:48,300.0,56.2,S
2021-06-24T09:27:45,300.0,56.2,S
2021-06-24T09:27:26,300.0,56.2,S
2021-06-24T09:27:04,2000.0,56.1,S
2021-06-24T09:26:58,1000.0,56.1,S
2021-06-24T09:26:49,18000.0,56.1,S
2021-06-24T09:26:46,1200.0,56.2,B
2021-06-24T09:26:46,10000.0,56.2,B
2021-06-24T09:26:44,2000.0,56.2,B
2021-06-24T09:26:35,1000.0,56.2,B
2021-06-24T09:26:26,1900.0,56.2,S
2021-06-24T09:26:23,500.0,56.3,B
2021-06-24T09:26:18,100.0,56.2,S
2021-06-24T09:26:00,1100.0,56.1,S
2021-06-24T09:26:00,3900.0,56.1,S
2021-06-24T09:25:57,1000.0,56.2,B
2021-06-24T09:25:49,100.0,56.1,S
2021-06-24T09:25:16,3000.0,56.1,S
2021-06-24T09:24:53,700.0,56.3,B
2021-06-24T09:24:53,100.0,56.2,S
2021-06-24T09:24:44,13400.0,56.1,S
2021-06-24T09:24:26,100.0,56.3,B
2021-06-24T09:24:22,100.0,56.1,B
2021-06-24T09:24:21,200.0,56.1,B
2021-06-24T09:24:19,2500.0,56.1,B
2021-06-24T09:24:14,3600.0,56.1,B
2021-06-24T09:24:12,10000.0,56.0,S
2021-06-24T09:24:06,2000.0,56.1,B
2021-06-24T09:24:00,1500.0,55.9,S
2021-06-24T09:23:59,100.0,56.1,B
2021-06-24T09:23:59,400.0,56.1,B
2021-06-24T09:23:58,1000.0,56.0,S
2021-06-24T09:23:55,2000.0,56.0,S
2021-06-24T09:23:51,100.0,56.0,S
2021-06-24T09:23:47,7500.0,56.0,S
2021-06-24T09:23:41,100.0,56.0,S
2021-06-24T09:23:41,1000.0,56.0,S
2021-06-24T09:23:39,300.0,56.0,S
2021-06-24T09:23:39,400.0,56.0,S
2021-06-24T09:23:39,5000.0,56.0,S
2021-06-24T09:23:39,12400.0,56.0,S
2021-06-24T09:23:39,400.0,56.0,S
2021-06-24T09:23:38,500.0,56.0,S
2021-06-24T09:23:38,1100.0,56.0,S
2021-06-24T09:23:38,3300.0,56.0,S
2021-06-24T09:23:38,1500.0,56.0,S
2021-06-24T09:23:38,4000.0,56.0,S
2021-06-24T09:23:38,1200.0,56.0,S
2021-06-24T09:23:38,18000.0,56.0,S
2021-06-24T09:23:34,2200.0,56.0,S
2021-06-24T09:23:33,2800.0,56.0,S
2021-06-24T09:23:33,2700.0,56.0,S
2021-06-24T09:23:33,12000.0,56.0,S
2021-06-24T09:23:33,300.0,56.0,S
2021-06-24T09:23:30,1200.0,56.1,B
2021-06-24T09:23:22,2000.0,56.1,B
2021-06-24T09:23:21,100.0,56.1,B
2021-06-24T09:23:11,600.0,56.1,B
2021-06-24T09:23:08,200.0,56.1,B
2021-06-24T09:22:59,100.0,56.0,S
2021-06-24T09:22:58,100.0,56.0,S
2021-06-24T09:22:58,300.0,56.0,S
2021-06-24T09:22:52,500.0,56.1,B
2021-06-24T09:22:50,5000.0,56.1,B
2021-06-24T09:22:46,200.0,56.1,S
2021-06-24T09:22:40,2800.0,56.1,S
2021-06-24T09:22:40,9700.0,56.1,S
2021-06-24T09:22:40,800.0,56.1,S
2021-06-24T09:22:40,10700.0,56.1,S
2021-06-24T09:22:40,500.0,56.2,S
2021-06-24T09:22:40,1600.0,56.2,S
2021-06-24T09:22:40,3900.0,56.2,S
2021-06-24T09:22:29,300.0,56.3,S
2021-06-24T09:22:03,1000.0,56.3,S
2021-06-24T09:21:54,1700.0,56.4,B
2021-06-24T09:21:39,100.0,56.4,B
2021-06-24T09:21:38,1000.0,56.3,S
2021-06-24T09:21:15,1900.0,56.4,S
2021-06-24T09:20:33,400.0,56.4,S
2021-06-24T09:20:25,100.0,56.4,S
2021-06-24T09:20:18,500.0,56.4,S
2021-06-24T09:20:04,2000.0,56.4,S
2021-06-24T09:19:28,400.0,56.4,S
2021-06-24T09:18:48,1000.0,56.5,B
2021-06-24T09:18:39,1000.0,56.5,B
2021-06-24T09:18:17,400.0,56.5,B
2021-06-24T09:18:13,1100.0,56.4,S
2021-06-24T09:18:04,600.0,56.4,S
2021-06-24T09:18:01,1400.0,56.4,B
2021-06-24T09:18:01,600.0,56.4,B
2021-06-24T09:17:41,400.0,56.4,B
2021-06-24T09:17:40,6300.0,56.2,B
2021-06-24T09:17:34,300.0,56.2,B
2021-06-24T09:17:27,500.0,56.1,S
2021-06-24T09:17:17,100.0,56.2,B
2021-06-24T09:17:14,500.0,56.2,B
2021-06-24T09:16:52,500.0,56.2,S
2021-06-24T09:16:52,8300.0,56.2,S
2021-06-24T09:16:34,1500.0,56.4,B
2021-06-24T09:16:25,400.0,56.5,B
2021-06-24T09:16:23,3300.0,56.2,S
2021-06-24T09:16:18,100.0,56.5,B
2021-06-24T09:16:09,100.0,56.4,S
2021-06-24T09:16:00,100.0,56.4,S
2021-06-24T09:15:54,700.0,56.4,B
2021-06-24T09:15:46,300.0,56.4,B
2021-06-24T09:15:35,500.0,56.4,B
2021-06-24T09:15:26,10000.0,56.1,S
