tradingTime,volume,price,side
2021-06-24T14:29:51,3900.0,12.0,B
2021-06-24T14:29:07,100.0,12.0,S
2021-06-24T14:28:41,400.0,12.0,S
2021-06-24T14:28:29,5000.0,12.0,S
2021-06-24T14:28:23,300.0,12.0,S
2021-06-24T14:28:05,1000.0,12.0,S
2021-06-24T14:27:51,1300.0,12.0,S
2021-06-24T14:27:39,800.0,12.0,S
2021-06-24T14:27:19,100.0,12.0,S
2021-06-24T14:27:07,200.0,12.0,S
2021-06-24T14:26:56,35800.0,12.0,B
2021-06-24T14:26:34,17700.0,12.0,B
2021-06-24T14:26:19,100.0,11.9,S
2021-06-24T14:26:11,200.0,11.9,S
2021-06-24T14:25:06,5200.0,11.9,S
2021-06-24T14:24:23,26900.0,11.9,B
2021-06-24T14:24:21,10000.0,11.9,B
2021-06-24T14:24:16,100.0,11.9,B
2021-06-24T14:24:11,1600.0,11.9,B
2021-06-24T14:23:35,2000.0,11.9,B
2021-06-24T14:21:18,200.0,11.9,B
2021-06-24T14:21:03,5000.0,11.9,B
2021-06-24T14:20:37,500.0,11.9,B
2021-06-24T14:20:08,1000.0,11.9,B
2021-06-24T14:19:49,600.0,11.9,B
2021-06-24T14:19:18,1200.0,11.9,B
2021-06-24T14:19:06,1000.0,11.8,S
2021-06-24T14:18:08,500.0,11.9,B
2021-06-24T14:17:14,10000.0,11.8,S
2021-06-24T14:15:40,300.0,11.8,S
2021-06-24T14:14:34,2000.0,11.9,B
2021-06-24T14:13:02,5000.0,11.9,B
2021-06-24T14:11:08,100.0,11.9,B
2021-06-24T14:10:06,100.0,11.9,B
2021-06-24T14:09:22,1400.0,11.9,B
2021-06-24T14:09:15,200.0,11.8,S
2021-06-24T14:08:44,2500.0,11.8,S
2021-06-24T14:07:41,800.0,11.8,S
2021-06-24T14:07:38,1700.0,11.8,S
2021-06-24T14:07:38,3000.0,11.8,S
2021-06-24T14:07:18,500.0,11.8,S
2021-06-24T14:07:05,1000.0,11.8,S
2021-06-24T14:06:41,4400.0,11.8,S
2021-06-24T14:05:58,1000.0,11.8,S
2021-06-24T14:05:45,2000.0,11.8,S
2021-06-24T14:05:38,2000.0,11.8,S
2021-06-24T14:05:25,5000.0,11.8,S
2021-06-24T14:05:21,100.0,11.8,S
2021-06-24T14:05:12,500.0,11.8,S
2021-06-24T14:05:10,6300.0,11.8,S
2021-06-24T14:04:41,500.0,11.8,S
2021-06-24T14:04:34,300.0,11.8,S
2021-06-24T14:04:33,100.0,11.8,S
2021-06-24T14:04:26,2000.0,11.9,B
2021-06-24T14:04:04,1000.0,11.8,S
2021-06-24T14:03:49,2000.0,11.8,S
2021-06-24T14:03:47,85000.0,11.8,S
2021-06-24T14:03:36,15000.0,11.8,S
2021-06-24T14:03:32,100.0,11.9,B
2021-06-24T14:03:11,100.0,11.9,B
2021-06-24T14:02:36,6000.0,11.9,B
2021-06-24T14:02:25,3000.0,11.9,B
2021-06-24T14:02:12,1100.0,11.9,B
2021-06-24T14:01:48,1000.0,11.9,B
2021-06-24T14:01:35,200.0,11.9,B
2021-06-24T14:00:40,1000.0,11.9,B
2021-06-24T14:00:23,54000.0,11.9,B
2021-06-24T14:00:22,200.0,11.9,S
2021-06-24T14:00:14,500.0,12.0,B
2021-06-24T14:00:12,100000.0,11.9,S
2021-06-24T13:59:55,10000.0,11.9,S
2021-06-24T13:59:36,4600.0,11.9,S
2021-06-24T13:59:18,10000.0,11.9,S
2021-06-24T13:57:58,1000.0,11.9,S
2021-06-24T13:55:59,100.0,12.0,B
2021-06-24T13:55:41,2000.0,12.0,B
2021-06-24T13:54:21,100.0,12.0,B
2021-06-24T13:54:09,500.0,12.0,B
2021-06-24T13:50:42,200.0,12.0,B
2021-06-24T13:49:00,100.0,12.0,B
2021-06-24T13:47:58,300.0,12.0,B
2021-06-24T13:47:52,100.0,12.0,B
2021-06-24T13:46:04,2000.0,12.0,B
2021-06-24T13:45:08,1000.0,12.0,B
2021-06-24T13:44:35,500.0,12.0,B
2021-06-24T13:42:46,10400.0,12.0,B
2021-06-24T13:40:30,4000.0,12.0,S
2021-06-24T13:39:55,3000.0,12.0,S
2021-06-24T13:36:40,1000.0,12.0,S
2021-06-24T13:35:21,1000.0,12.0,S
2021-06-24T13:32:14,1000.0,12.0,S
2021-06-24T13:32:09,100.0,12.0,S
2021-06-24T13:30:32,500.0,12.0,S
2021-06-24T13:30:16,8500.0,12.0,B
2021-06-24T13:29:53,100.0,12.0,B
2021-06-24T13:29:41,3000.0,12.0,B
2021-06-24T13:29:40,1000.0,12.0,B
2021-06-24T13:29:33,1400.0,12.0,B
2021-06-24T13:29:25,200.0,12.0,B
2021-06-24T13:27:58,500.0,11.9,S
2021-06-24T13:26:09,2000.0,12.0,B
2021-06-24T13:25:29,100.0,12.0,B
2021-06-24T13:25:26,200.0,12.0,B
2021-06-24T13:23:25,100.0,12.0,B
2021-06-24T13:22:31,1000.0,12.0,B
2021-06-24T13:22:19,100.0,12.0,B
2021-06-24T13:21:43,2000.0,12.0,B
2021-06-24T13:20:33,100.0,12.0,B
2021-06-24T13:20:11,1000.0,12.0,B
2021-06-24T13:19:36,4200.0,12.0,S
2021-06-24T13:19:25,100.0,12.1,B
2021-06-24T13:19:24,700.0,12.0,S
2021-06-24T13:18:52,2000.0,12.0,S
2021-06-24T13:17:47,100.0,12.0,S
2021-06-24T13:17:36,200.0,12.0,S
2021-06-24T13:17:11,800.0,12.0,S
2021-06-24T13:16:52,5000.0,12.0,S
2021-06-24T13:11:29,1000.0,12.0,S
2021-06-24T13:08:54,400.0,12.0,S
2021-06-24T13:05:47,1100.0,12.0,S
2021-06-24T13:03:13,1000.0,12.0,S
2021-06-24T13:00:55,200.0,12.0,B
2021-06-24T13:00:33,100.0,12.0,B
2021-06-24T13:00:05,200.0,12.0,B
2021-06-24T13:00:02,3800.0,12.0,B
2021-06-24T11:29:39,18000.0,11.9,S
2021-06-24T11:27:29,300.0,11.9,S
2021-06-24T11:26:15,100.0,12.0,B
2021-06-24T11:25:30,3700.0,12.0,S
2021-06-24T11:24:06,500.0,12.0,S
2021-06-24T11:22:38,600.0,12.0,S
2021-06-24T11:22:06,100.0,12.0,S
2021-06-24T11:20:24,800.0,12.0,S
2021-06-24T11:19:33,100.0,12.0,S
2021-06-24T11:18:16,2500.0,12.0,S
2021-06-24T11:17:51,3000.0,12.0,S
2021-06-24T11:17:02,5700.0,12.0,S
2021-06-24T11:14:02,200.0,12.1,B
2021-06-24T11:12:28,1000.0,12.0,S
2021-06-24T11:11:53,1000.0,12.0,S
2021-06-24T11:10:09,500.0,12.0,S
2021-06-24T11:06:22,3000.0,12.0,S
2021-06-24T11:02:17,1000.0,12.0,S
2021-06-24T11:01:03,700.0,12.0,S
2021-06-24T11:00:44,800.0,12.0,S
2021-06-24T10:59:24,500.0,12.0,S
2021-06-24T10:58:29,1300.0,12.0,B
2021-06-24T10:58:26,1000.0,12.0,B
2021-06-24T10:58:22,500.0,12.0,B
2021-06-24T10:58:15,10000.0,12.0,B
2021-06-24T10:58:12,2000.0,12.0,B
2021-06-24T10:57:51,200.0,12.0,B
2021-06-24T10:56:52,100.0,11.9,S
2021-06-24T10:53:55,5000.0,11.9,S
2021-06-24T10:51:03,100.0,12.0,S
2021-06-24T10:50:38,5000.0,12.0,S
2021-06-24T10:50:37,6800.0,12.0,S
2021-06-24T10:50:07,1000.0,12.0,S
2021-06-24T10:49:55,100.0,12.0,S
2021-06-24T10:49:44,3000.0,12.0,S
2021-06-24T10:49:35,100.0,12.0,S
2021-06-24T10:49:11,900.0,12.0,S
2021-06-24T10:48:04,800.0,12.0,S
2021-06-24T10:47:36,100.0,12.0,S
2021-06-24T10:47:31,2000.0,12.0,S
2021-06-24T10:46:16,400.0,12.0,S
2021-06-24T10:46:12,500.0,12.0,S
2021-06-24T10:46:10,3000.0,12.0,S
2021-06-24T10:46:04,4000.0,12.0,S
2021-06-24T10:45:25,200.0,12.1,B
2021-06-24T10:44:14,2000.0,12.0,S
2021-06-24T10:43:52,500.0,12.0,S
2021-06-24T10:43:51,600.0,12.0,S
2021-06-24T10:43:30,500.0,12.0,S
2021-06-24T10:42:33,400.0,12.0,S
2021-06-24T10:41:00,10000.0,12.0,S
2021-06-24T10:40:30,100.0,12.1,B
2021-06-24T10:40:07,1400.0,12.1,B
2021-06-24T10:39:01,100.0,12.1,B
2021-06-24T10:38:10,200.0,12.1,B
2021-06-24T10:35:23,100.0,12.1,B
2021-06-24T10:34:36,300.0,12.1,B
2021-06-24T10:33:56,11200.0,12.1,B
2021-06-24T10:33:36,100.0,12.1,S
2021-06-24T10:33:24,10000.0,12.1,S
2021-06-24T10:32:59,40000.0,12.1,S
2021-06-24T10:31:54,100.0,12.1,S
2021-06-24T10:31:41,700.0,12.1,S
2021-06-24T10:31:23,500.0,12.1,S
2021-06-24T10:31:12,8000.0,12.1,S
2021-06-24T10:31:01,1000.0,12.2,B
2021-06-24T10:30:53,100.0,12.1,S
2021-06-24T10:29:38,3000.0,12.2,B
2021-06-24T10:26:59,2000.0,12.2,B
2021-06-24T10:25:28,300.0,12.2,B
2021-06-24T10:24:46,5500.0,12.2,B
2021-06-24T10:24:32,1000.0,12.2,S
2021-06-24T10:24:29,400.0,12.2,S
2021-06-24T10:24:25,8100.0,12.2,S
2021-06-24T10:23:29,5000.0,12.2,B
2021-06-24T10:23:07,2000.0,12.2,B
2021-06-24T10:23:03,300.0,12.2,B
2021-06-24T10:22:24,10000.0,12.2,B
2021-06-24T10:21:56,10000.0,12.2,B
2021-06-24T10:21:37,100.0,12.2,B
2021-06-24T10:21:33,1000.0,12.2,B
2021-06-24T10:21:14,10000.0,12.2,B
2021-06-24T10:21:05,2000.0,12.2,B
2021-06-24T10:20:54,16000.0,12.2,B
2021-06-24T10:19:56,7600.0,12.1,B
2021-06-24T10:19:14,3000.0,12.1,B
2021-06-24T10:18:22,74000.0,12.1,B
2021-06-24T10:17:25,200.0,12.1,B
2021-06-24T10:17:01,1000.0,12.1,B
2021-06-24T10:16:42,100.0,12.1,B
2021-06-24T10:14:35,400.0,12.1,B
2021-06-24T10:14:03,100.0,12.1,B
2021-06-24T10:13:45,1600.0,12.1,B
2021-06-24T10:13:28,200.0,12.1,B
2021-06-24T10:13:08,100.0,12.0,S
2021-06-24T10:12:09,1000.0,12.1,B
2021-06-24T10:11:57,100.0,12.0,S
2021-06-24T10:10:30,200.0,12.0,S
2021-06-24T10:09:23,200.0,12.0,S
2021-06-24T10:09:14,100.0,12.0,S
2021-06-24T10:08:55,100.0,12.0,S
2021-06-24T10:08:11,200.0,12.0,S
2021-06-24T10:06:28,500.0,12.0,S
2021-06-24T10:05:32,600.0,12.0,B
2021-06-24T10:05:27,30000.0,12.0,B
2021-06-24T10:05:07,2900.0,12.0,B
2021-06-24T10:04:33,500.0,12.0,B
2021-06-24T09:58:06,20000.0,12.0,B
2021-06-24T09:57:41,10000.0,12.0,B
2021-06-24T09:56:12,2000.0,12.0,B
2021-06-24T09:54:21,100.0,12.0,B
2021-06-24T09:54:17,17400.0,12.0,S
2021-06-24T09:53:01,4000.0,12.0,S
2021-06-24T09:52:41,700.0,12.0,S
2021-06-24T09:50:46,100.0,12.0,S
2021-06-24T09:50:39,1000.0,12.0,S
2021-06-24T09:48:52,2000.0,12.0,S
2021-06-24T09:46:12,500.0,12.0,S
2021-06-24T09:45:27,1000.0,12.0,S
2021-06-24T09:42:27,100.0,12.0,S
2021-06-24T09:39:48,500.0,12.1,B
2021-06-24T09:39:16,1200.0,12.1,B
2021-06-24T09:38:49,900.0,12.0,S
2021-06-24T09:38:34,7200.0,12.0,B
2021-06-24T09:38:27,1000.0,12.0,B
2021-06-24T09:38:24,1000.0,12.0,B
2021-06-24T09:38:18,10000.0,12.0,B
2021-06-24T09:38:18,2000.0,12.0,B
2021-06-24T09:38:08,1800.0,12.0,B
2021-06-24T09:37:29,500.0,12.0,B
2021-06-24T09:37:25,5000.0,12.0,B
2021-06-24T09:37:23,200.0,12.0,B
2021-06-24T09:37:12,500.0,12.0,B
2021-06-24T09:36:50,500.0,12.0,B
2021-06-24T09:36:00,5000.0,12.0,B
2021-06-24T09:34:38,3000.0,12.0,B
2021-06-24T09:34:29,5000.0,12.0,B
2021-06-24T09:34:24,1000.0,12.0,B
2021-06-24T09:32:49,5000.0,12.0,B
2021-06-24T09:32:20,500.0,11.9,S
2021-06-24T09:31:08,300.0,11.9,S
2021-06-24T09:30:02,2600.0,11.9,S
2021-06-24T09:29:04,200.0,11.9,S
2021-06-24T09:26:46,1000.0,11.9,S
2021-06-24T09:25:39,2000.0,11.9,S
2021-06-24T09:25:32,1000.0,12.0,B
2021-06-24T09:22:52,100.0,12.0,B
2021-06-24T09:22:31,2500.0,12.0,B
2021-06-24T09:22:09,800.0,12.0,B
2021-06-24T09:22:08,3000.0,12.0,B
2021-06-24T09:20:28,1800.0,12.0,S
2021-06-24T09:20:24,100.0,12.0,S
2021-06-24T09:19:44,8000.0,12.0,S
2021-06-24T09:17:35,8100.0,12.0,S
2021-06-24T09:17:29,1600.0,12.1,B
2021-06-24T09:17:05,200.0,12.1,B
2021-06-24T09:16:29,500.0,12.1,B
2021-06-24T09:14:54,100.0,12.1,B
2021-06-24T09:13:00,1000.0,12.1,B
2021-06-24T09:12:08,800.0,12.1,B
2021-06-24T09:10:45,500.0,12.1,B
2021-06-24T09:08:55,4000.0,12.1,S
2021-06-24T09:08:48,6000.0,12.1,S
2021-06-24T09:06:15,600.0,12.1,S
2021-06-24T09:06:08,7000.0,12.2,B
2021-06-24T09:05:47,100.0,12.2,B
2021-06-24T09:05:22,1000.0,12.2,B
2021-06-24T09:05:00,1000.0,12.2,B
2021-06-24T09:04:50,400.0,12.2,S
2021-06-24T09:04:47,500.0,12.2,S
2021-06-24T09:04:25,600.0,12.2,S
2021-06-24T09:04:22,100.0,12.2,S
2021-06-24T09:03:33,900.0,12.2,S
2021-06-24T09:03:18,100.0,12.2,S
2021-06-24T09:03:16,3000.0,12.3,B
2021-06-24T09:02:50,1900.0,12.2,B
2021-06-24T09:02:44,3600.0,12.2,B
2021-06-24T09:02:21,100.0,12.1,S
2021-06-24T09:02:09,1200.0,12.1,B
2021-06-24T09:01:49,3600.0,12.0,B
2021-06-24T09:00:14,100.0,11.9,S
2021-06-24T09:00:10,500.0,11.9,S
