tradingTime,volume,price,side
2021-06-24T14:30:08,2000.0,21.0,S
2021-06-24T14:29:59,500.0,21.0,S
2021-06-24T14:29:58,20000.0,21.0,S
2021-06-24T14:29:53,5000.0,21.0,S
2021-06-24T14:29:52,100.0,21.0,S
2021-06-24T14:29:52,1000.0,21.05,B
2021-06-24T14:29:41,100.0,21.0,S
2021-06-24T14:29:14,1000.0,21.05,B
2021-06-24T14:29:13,1000.0,21.05,S
2021-06-24T14:29:09,3000.0,21.05,S
2021-06-24T14:29:05,400.0,21.05,S
2021-06-24T14:29:05,600.0,21.05,S
2021-06-24T14:28:56,200.0,21.1,B
2021-06-24T14:28:48,200.0,21.05,S
2021-06-24T14:28:48,800.0,21.05,S
2021-06-24T14:28:47,100.0,21.1,B
2021-06-24T14:28:44,100.0,21.1,B
2021-06-24T14:28:43,100.0,21.1,B
2021-06-24T14:28:35,300.0,21.1,B
2021-06-24T14:28:22,4000.0,21.1,B
2021-06-24T14:28:22,5000.0,21.0,S
2021-06-24T14:28:14,1000.0,21.1,B
2021-06-24T14:28:14,500.0,21.0,S
2021-06-24T14:28:00,500.0,21.0,S
2021-06-24T14:27:45,500.0,21.1,B
2021-06-24T14:27:32,1000.0,21.0,S
2021-06-24T14:27:26,1000.0,21.1,B
2021-06-24T14:27:24,600.0,21.1,B
2021-06-24T14:27:14,4500.0,21.1,B
2021-06-24T14:26:58,1000.0,21.0,S
2021-06-24T14:26:53,1700.0,21.1,B
2021-06-24T14:26:33,5000.0,21.1,B
2021-06-24T14:26:01,200.0,21.1,B
2021-06-24T14:26:00,600.0,21.1,B
2021-06-24T14:25:54,3000.0,21.1,B
2021-06-24T14:25:51,1000.0,21.1,B
2021-06-24T14:25:40,500.0,21.1,B
2021-06-24T14:25:30,2000.0,21.0,S
2021-06-24T14:25:27,6500.0,21.1,B
2021-06-24T14:25:27,500.0,21.0,S
2021-06-24T14:25:19,200.0,21.0,S
2021-06-24T14:25:03,8000.0,21.0,S
2021-06-24T14:24:45,5000.0,21.0,B
2021-06-24T14:24:38,10000.0,21.1,B
2021-06-24T14:24:36,2700.0,20.9,S
2021-06-24T14:24:36,1100.0,20.9,S
2021-06-24T14:24:36,15100.0,20.9,S
2021-06-24T14:24:36,2200.0,20.9,S
2021-06-24T14:24:36,10200.0,20.95,S
2021-06-24T14:24:36,13700.0,20.95,S
2021-06-24T14:24:33,200.0,21.0,B
2021-06-24T14:24:30,400.0,21.0,B
2021-06-24T14:24:30,800.0,21.0,B
2021-06-24T14:24:30,1200.0,21.0,B
2021-06-24T14:24:29,500.0,21.1,B
2021-06-24T14:24:19,2800.0,21.0,B
2021-06-24T14:24:18,1200.0,21.0,B
2021-06-24T14:24:18,6400.0,21.0,B
2021-06-24T14:24:16,2600.0,21.0,B
2021-06-24T14:24:05,1000.0,21.0,B
2021-06-24T14:24:00,300.0,21.0,B
2021-06-24T14:23:59,200.0,21.0,B
2021-06-24T14:23:50,1000.0,21.0,B
2021-06-24T14:23:42,1000.0,21.0,B
2021-06-24T14:23:38,100.0,21.0,S
2021-06-24T14:23:38,1000.0,21.0,S
2021-06-24T14:23:36,500.0,21.0,S
2021-06-24T14:23:36,200.0,21.0,S
2021-06-24T14:23:36,14500.0,21.0,S
2021-06-24T14:23:36,3700.0,21.0,S
2021-06-24T14:23:10,500.0,21.0,S
2021-06-24T14:22:56,4900.0,21.0,B
2021-06-24T14:22:56,10000.0,21.0,B
2021-06-24T14:22:54,100.0,21.0,B
2021-06-24T14:22:45,1000.0,21.0,B
2021-06-24T14:22:44,1000.0,21.0,B
2021-06-24T14:22:39,100.0,21.0,B
2021-06-24T14:22:37,200.0,21.0,B
2021-06-24T14:22:36,10700.0,21.0,B
2021-06-24T14:22:27,1000.0,21.0,B
2021-06-24T14:22:24,200.0,21.0,B
2021-06-24T14:22:18,200.0,21.0,B
2021-06-24T14:22:17,1400.0,21.0,B
2021-06-24T14:22:11,3000.0,20.95,S
2021-06-24T14:22:03,5000.0,20.95,S
2021-06-24T14:21:55,3700.0,21.0,B
2021-06-24T14:21:54,200.0,21.0,B
2021-06-24T14:21:50,800.0,21.0,B
2021-06-24T14:21:50,200.0,21.0,B
2021-06-24T14:21:48,1000.0,21.0,B
2021-06-24T14:21:43,100.0,21.0,B
2021-06-24T14:21:31,500.0,21.0,B
2021-06-24T14:21:24,2000.0,20.95,B
2021-06-24T14:21:21,500.0,20.95,B
2021-06-24T14:21:17,200.0,20.95,B
2021-06-24T14:21:16,1000.0,20.95,B
2021-06-24T14:21:11,1000.0,20.95,B
2021-06-24T14:21:04,3000.0,20.95,B
2021-06-24T14:20:49,3000.0,20.95,B
2021-06-24T14:20:49,1000.0,20.95,B
2021-06-24T14:19:59,6000.0,20.9,B
2021-06-24T14:19:58,100.0,20.9,B
2021-06-24T14:19:35,3500.0,20.9,B
2021-06-24T14:19:35,1000.0,20.9,B
2021-06-24T14:19:35,1000.0,20.9,B
2021-06-24T14:19:33,3000.0,20.9,B
2021-06-24T14:19:32,500.0,20.9,B
2021-06-24T14:19:26,500.0,20.9,B
2021-06-24T14:19:24,1000.0,20.9,B
2021-06-24T14:19:14,100.0,20.9,B
2021-06-24T14:19:14,2000.0,20.9,B
2021-06-24T14:19:06,100.0,20.9,B
2021-06-24T14:18:38,10000.0,20.85,B
2021-06-24T14:18:26,200.0,20.85,B
2021-06-24T14:18:17,100.0,20.85,B
2021-06-24T14:18:04,500.0,20.85,B
2021-06-24T14:18:00,2000.0,20.85,B
2021-06-24T14:17:53,6000.0,20.85,B
2021-06-24T14:17:53,1000.0,20.85,B
2021-06-24T14:17:46,10000.0,20.85,B
2021-06-24T14:17:44,100.0,20.85,B
2021-06-24T14:17:44,1900.0,20.8,S
2021-06-24T14:17:44,100.0,20.85,B
2021-06-24T14:17:44,400.0,20.85,B
2021-06-24T14:17:37,1700.0,20.85,B
2021-06-24T14:17:34,2000.0,20.85,B
2021-06-24T14:17:33,500.0,20.85,B
2021-06-24T14:17:30,100.0,20.85,B
2021-06-24T14:17:24,200.0,20.85,B
2021-06-24T14:17:23,200.0,20.85,B
2021-06-24T14:17:22,1000.0,20.85,B
2021-06-24T14:17:19,4000.0,20.85,B
2021-06-24T14:17:13,3800.0,20.85,B
2021-06-24T14:17:13,1200.0,20.85,B
2021-06-24T14:17:03,1000.0,20.85,B
2021-06-24T14:16:55,1000.0,20.85,B
2021-06-24T14:16:53,1200.0,20.85,B
2021-06-24T14:16:50,1000.0,20.85,B
2021-06-24T14:16:46,1000.0,20.85,B
2021-06-24T14:16:45,10000.0,20.85,B
2021-06-24T14:16:43,1000.0,20.85,B
2021-06-24T14:16:42,1000.0,20.85,B
2021-06-24T14:16:38,500.0,20.85,B
2021-06-24T14:16:31,500.0,20.85,B
2021-06-24T14:16:28,1000.0,20.85,B
2021-06-24T14:16:28,1500.0,20.85,B
2021-06-24T14:16:26,5000.0,20.85,B
2021-06-24T14:16:24,20000.0,20.8,S
2021-06-24T14:16:23,500.0,20.85,B
2021-06-24T14:16:19,5000.0,20.85,B
2021-06-24T14:16:18,100.0,20.85,B
2021-06-24T14:16:15,200.0,20.85,B
2021-06-24T14:16:14,100.0,20.85,B
2021-06-24T14:16:13,300.0,20.85,B
2021-06-24T14:16:12,500.0,20.85,B
2021-06-24T14:16:11,300.0,20.85,B
2021-06-24T14:16:11,200.0,20.85,B
2021-06-24T14:16:10,1000.0,20.85,B
2021-06-24T14:16:08,500.0,20.85,B
2021-06-24T14:16:07,1000.0,20.85,B
2021-06-24T14:16:04,1000.0,20.85,B
2021-06-24T14:15:49,1000.0,20.85,B
2021-06-24T14:15:48,400.0,20.85,B
2021-06-24T14:15:47,2200.0,20.85,B
2021-06-24T14:15:46,2000.0,20.85,B
2021-06-24T14:15:45,6200.0,20.85,B
2021-06-24T14:15:45,2000.0,20.85,B
2021-06-24T14:15:45,2700.0,20.85,B
2021-06-24T14:15:29,600.0,20.85,B
2021-06-24T14:15:25,200.0,20.85,B
2021-06-24T14:15:25,2100.0,20.85,B
2021-06-24T14:15:11,100.0,20.85,B
2021-06-24T14:15:09,100.0,20.85,B
2021-06-24T14:15:09,100.0,20.85,B
2021-06-24T14:15:04,100.0,20.8,S
2021-06-24T14:15:03,3400.0,20.85,B
2021-06-24T14:14:52,3000.0,20.85,B
2021-06-24T14:14:48,200.0,20.85,B
2021-06-24T14:14:43,200.0,20.8,S
2021-06-24T14:14:42,2200.0,20.85,S
2021-06-24T14:14:38,400.0,20.85,S
2021-06-24T14:14:30,5200.0,20.85,S
2021-06-24T14:14:27,1000.0,20.85,S
2021-06-24T14:14:25,500.0,20.85,S
2021-06-24T14:14:25,800.0,20.85,S
2021-06-24T14:14:18,400.0,20.8,S
2021-06-24T14:14:18,200.0,20.85,S
2021-06-24T14:14:15,100.0,20.85,S
2021-06-24T14:14:12,2000.0,20.85,S
2021-06-24T14:14:10,1000.0,20.8,S
2021-06-24T14:14:04,200.0,20.85,S
2021-06-24T14:13:59,900.0,20.85,S
2021-06-24T14:13:57,1000.0,20.85,S
2021-06-24T14:13:45,5900.0,20.8,S
2021-06-24T14:13:43,500.0,20.85,S
2021-06-24T14:13:38,1000.0,20.85,S
2021-06-24T14:13:29,10000.0,20.9,B
2021-06-24T14:13:20,14300.0,20.8,S
2021-06-24T14:13:20,100.0,20.8,S
2021-06-24T14:13:20,2800.0,20.85,S
2021-06-24T14:13:20,2800.0,20.85,S
2021-06-24T14:13:14,900.0,20.85,S
2021-06-24T14:13:14,400.0,20.85,S
2021-06-24T14:13:10,500.0,20.9,B
2021-06-24T14:12:48,1700.0,20.9,B
2021-06-24T14:12:48,8300.0,20.9,B
2021-06-24T14:12:37,200.0,20.9,B
2021-06-24T14:12:17,10000.0,20.9,B
2021-06-24T14:12:08,4000.0,20.9,B
2021-06-24T14:12:06,2500.0,20.85,S
2021-06-24T14:11:47,100.0,20.85,S
2021-06-24T14:11:29,1000.0,20.85,S
2021-06-24T14:11:27,1400.0,20.8,S
2021-06-24T14:11:27,4500.0,20.8,S
2021-06-24T14:11:27,4100.0,20.8,S
2021-06-24T14:11:19,1000.0,20.9,B
2021-06-24T14:11:07,4000.0,20.9,B
2021-06-24T14:11:04,200.0,20.85,S
2021-06-24T14:11:04,400.0,20.85,S
2021-06-24T14:11:03,1300.0,20.85,S
2021-06-24T14:10:56,7500.0,20.8,S
2021-06-24T14:10:50,1100.0,20.85,S
2021-06-24T14:10:38,1000.0,20.9,B
2021-06-24T14:10:35,1000.0,20.9,B
2021-06-24T14:10:30,2000.0,20.8,S
2021-06-24T14:10:27,4000.0,20.8,S
2021-06-24T14:10:17,400.0,20.85,S
2021-06-24T14:10:04,600.0,20.85,S
2021-06-24T14:09:58,2100.0,20.8,S
2021-06-24T14:09:58,2400.0,20.8,S
2021-06-24T14:09:47,1000.0,20.8,S
2021-06-24T14:09:36,200.0,20.8,S
2021-06-24T14:09:20,800.0,20.8,S
2021-06-24T14:09:20,100.0,20.8,S
2021-06-24T14:09:20,1100.0,20.8,S
2021-06-24T14:09:20,1800.0,20.8,S
2021-06-24T14:09:04,100.0,20.8,S
2021-06-24T14:08:49,4700.0,20.8,S
2021-06-24T14:08:44,1300.0,20.8,S
2021-06-24T14:08:40,1100.0,20.8,S
2021-06-24T14:08:34,1000.0,20.9,B
2021-06-24T14:08:29,100.0,20.9,B
2021-06-24T14:08:18,100.0,20.9,B
2021-06-24T14:08:12,100.0,20.9,B
2021-06-24T14:08:12,1000.0,20.8,S
2021-06-24T14:08:11,500.0,20.9,B
2021-06-24T14:08:08,100.0,20.9,B
2021-06-24T14:08:06,500.0,20.8,S
2021-06-24T14:08:06,100.0,20.9,B
2021-06-24T14:08:04,100.0,20.9,B
2021-06-24T14:08:04,100.0,20.9,B
2021-06-24T14:08:01,100.0,20.9,B
2021-06-24T14:07:58,100.0,20.9,B
2021-06-24T14:07:52,2000.0,20.9,S
2021-06-24T14:07:34,1000.0,20.9,S
2021-06-24T14:07:30,2000.0,20.9,S
2021-06-24T14:07:27,500.0,20.9,S
2021-06-24T14:07:25,3100.0,20.9,S
2021-06-24T14:07:25,22900.0,20.9,S
2021-06-24T14:07:25,100.0,20.85,S
2021-06-24T14:07:22,200.0,20.9,S
2021-06-24T14:07:18,100.0,20.85,S
2021-06-24T14:07:11,1000.0,20.9,S
2021-06-24T14:06:54,100.0,20.9,S
2021-06-24T14:06:53,1000.0,20.9,S
2021-06-24T14:06:48,200.0,20.9,S
2021-06-24T14:06:46,500.0,20.9,S
2021-06-24T14:06:46,1000.0,20.8,S
2021-06-24T14:06:40,2000.0,20.9,S
2021-06-24T14:06:38,100.0,20.9,S
2021-06-24T14:06:22,1000.0,20.9,S
2021-06-24T14:06:21,12500.0,20.9,S
2021-06-24T14:06:15,100.0,20.8,S
2021-06-24T14:06:12,100.0,20.9,S
2021-06-24T14:06:11,100.0,20.9,S
2021-06-24T14:06:09,10000.0,20.9,S
2021-06-24T14:06:06,500.0,20.9,S
2021-06-24T14:05:57,200.0,20.9,S
2021-06-24T14:05:56,800.0,20.9,S
2021-06-24T14:05:45,500.0,20.9,S
2021-06-24T14:05:41,500.0,20.9,S
2021-06-24T14:05:39,500.0,20.9,S
2021-06-24T14:05:27,9500.0,20.9,S
2021-06-24T14:05:27,500.0,20.85,S
2021-06-24T14:05:25,200.0,20.85,S
2021-06-24T14:05:24,200.0,20.85,S
2021-06-24T14:05:06,6000.0,20.5,S
2021-06-24T14:05:06,2000.0,20.55,S
2021-06-24T14:05:06,1800.0,20.55,S
2021-06-24T14:05:06,700.0,20.6,S
2021-06-24T14:05:06,2000.0,20.6,S
2021-06-24T14:05:06,700.0,20.8,S
2021-06-24T14:05:06,4200.0,20.85,S
2021-06-24T14:05:06,19600.0,20.9,S
2021-06-24T14:04:56,400.0,20.9,S
2021-06-24T14:04:40,100.0,20.9,S
2021-06-24T14:04:38,2000.0,20.85,S
2021-06-24T14:04:34,2000.0,20.9,S
2021-06-24T14:04:19,1000.0,20.95,S
2021-06-24T14:04:12,100.0,20.95,S
2021-06-24T14:04:04,200.0,20.95,S
2021-06-24T14:04:03,500.0,20.95,S
2021-06-24T14:04:02,500.0,20.95,S
2021-06-24T14:04:02,100.0,20.95,S
2021-06-24T14:03:54,5300.0,20.5,S
2021-06-24T14:03:49,1000.0,21.0,B
2021-06-24T14:03:38,29500.0,21.0,B
2021-06-24T14:03:38,500.0,20.9,S
2021-06-24T14:03:38,2000.0,20.5,S
2021-06-24T14:03:35,20000.0,20.5,S
2021-06-24T14:03:33,500.0,20.9,S
2021-06-24T14:03:32,100.0,20.95,S
2021-06-24T14:03:28,500.0,21.0,B
2021-06-24T14:03:26,200.0,21.0,B
2021-06-24T14:03:20,100.0,21.0,B
2021-06-24T14:03:17,3500.0,20.75,S
2021-06-24T14:03:17,1200.0,20.8,S
2021-06-24T14:03:16,200.0,20.8,S
2021-06-24T14:03:16,1300.0,20.8,S
2021-06-24T14:03:16,5000.0,20.8,S
2021-06-24T14:03:16,8800.0,20.8,S
2021-06-24T14:03:14,100.0,21.0,B
2021-06-24T14:03:13,2000.0,20.9,S
2021-06-24T14:03:12,900.0,20.95,S
2021-06-24T14:03:11,500.0,20.95,S
2021-06-24T14:03:09,200.0,20.95,S
2021-06-24T14:03:08,200.0,20.95,S
2021-06-24T14:03:07,1200.0,20.95,S
2021-06-24T14:03:06,1000.0,21.0,B
2021-06-24T14:03:05,500.0,21.0,B
2021-06-24T14:03:04,100.0,21.0,B
2021-06-24T14:03:03,100.0,21.0,B
2021-06-24T14:03:02,1000.0,21.0,B
2021-06-24T14:03:00,5700.0,21.0,B
2021-06-24T14:02:59,1000.0,21.0,B
2021-06-24T14:02:57,2300.0,21.0,B
2021-06-24T14:02:57,700.0,21.0,B
2021-06-24T14:02:54,100.0,21.0,B
2021-06-24T14:02:53,500.0,21.0,B
2021-06-24T14:02:50,3000.0,21.0,B
2021-06-24T14:02:45,1000.0,21.0,B
2021-06-24T14:02:35,100.0,21.0,B
2021-06-24T14:02:32,1000.0,21.0,B
2021-06-24T14:02:30,200.0,21.0,B
2021-06-24T14:02:26,6300.0,21.0,S
2021-06-24T14:02:26,400.0,21.0,S
2021-06-24T14:02:26,5900.0,21.0,S
2021-06-24T14:02:26,2600.0,21.0,S
2021-06-24T14:02:26,2100.0,21.0,S
2021-06-24T14:02:26,4700.0,21.0,S
2021-06-24T14:02:26,700.0,21.0,S
2021-06-24T14:02:26,700.0,21.0,S
2021-06-24T14:02:26,1100.0,21.0,S
2021-06-24T14:02:26,7900.0,21.0,S
2021-06-24T14:02:26,3100.0,21.0,S
2021-06-24T14:02:25,2500.0,21.0,S
2021-06-24T14:02:25,15000.0,21.0,S
2021-06-24T14:02:25,500.0,21.0,S
2021-06-24T14:02:25,4600.0,21.0,S
2021-06-24T14:02:25,500.0,21.0,S
2021-06-24T14:02:25,11100.0,21.0,S
2021-06-24T14:02:25,1200.0,21.0,S
2021-06-24T14:02:25,200.0,21.0,S
2021-06-24T14:02:25,200.0,21.0,S
2021-06-24T14:02:25,500.0,21.0,S
2021-06-24T14:02:25,1500.0,21.0,S
2021-06-24T14:02:25,3300.0,21.0,S
2021-06-24T14:02:25,1300.0,21.0,S
2021-06-24T14:02:25,700.0,21.0,S
2021-06-24T14:02:25,2000.0,21.0,S
2021-06-24T14:02:25,3000.0,21.0,S
2021-06-24T14:02:24,9800.0,21.0,S
2021-06-24T14:02:08,500.0,21.0,S
2021-06-24T14:02:08,5600.0,21.0,S
2021-06-24T14:02:08,1400.0,21.0,S
2021-06-24T14:02:08,1900.0,21.0,S
2021-06-24T14:02:08,600.0,21.0,S
2021-06-24T14:02:05,300.0,21.1,S
2021-06-24T14:01:39,2000.0,21.0,S
2021-06-24T14:01:39,4300.0,21.0,S
2021-06-24T14:01:39,100.0,21.0,S
2021-06-24T14:01:39,1600.0,21.0,S
2021-06-24T14:01:39,800.0,21.0,S
2021-06-24T14:01:39,200.0,21.0,S
2021-06-24T14:01:39,2100.0,21.0,S
2021-06-24T14:01:39,27800.0,21.0,S
2021-06-24T14:01:39,200.0,21.0,S
2021-06-24T14:01:39,300.0,21.05,S
2021-06-24T14:01:39,1000.0,21.05,S
2021-06-24T14:01:38,500.0,21.05,S
2021-06-24T14:01:38,200.0,21.05,S
2021-06-24T14:01:38,9600.0,21.05,S
2021-06-24T14:01:38,49300.0,21.05,S
2021-06-24T14:01:36,36600.0,21.05,S
2021-06-24T14:01:36,400.0,21.05,S
2021-06-24T14:01:36,13000.0,21.05,S
2021-06-24T14:01:33,400.0,21.1,S
2021-06-24T14:01:33,4600.0,21.1,S
2021-06-24T14:01:29,3000.0,21.1,S
2021-06-24T14:01:24,4200.0,21.1,S
2021-06-24T14:01:24,100.0,21.1,S
2021-06-24T14:01:24,1100.0,21.1,S
2021-06-24T14:01:24,5800.0,21.1,S
2021-06-24T14:01:24,5000.0,21.1,S
2021-06-24T14:01:24,3500.0,21.1,S
2021-06-24T14:01:24,5000.0,21.1,S
2021-06-24T14:01:24,7100.0,21.1,S
2021-06-24T14:01:24,1000.0,21.1,S
2021-06-24T14:01:24,12700.0,21.1,S
2021-06-24T14:01:14,100.0,21.1,S
2021-06-24T14:01:06,500.0,21.15,S
2021-06-24T14:01:05,500.0,21.15,S
2021-06-24T14:01:02,500.0,21.1,S
2021-06-24T14:00:44,1000.0,21.15,S
2021-06-24T14:00:30,10000.0,21.1,S
2021-06-24T14:00:22,2400.0,21.1,S
2021-06-24T14:00:00,5000.0,21.1,S
2021-06-24T13:59:35,100.0,21.15,S
2021-06-24T13:59:19,2000.0,21.15,S
2021-06-24T13:59:14,1500.0,21.15,S
2021-06-24T13:58:52,200.0,21.15,S
2021-06-24T13:58:16,1100.0,21.15,S
2021-06-24T13:58:16,100.0,21.15,S
2021-06-24T13:58:16,200.0,21.15,S
2021-06-24T13:58:14,500.0,21.15,S
2021-06-24T13:58:14,500.0,21.15,S
2021-06-24T13:58:12,600.0,21.15,S
2021-06-24T13:58:12,1100.0,21.15,S
2021-06-24T13:58:12,3600.0,21.15,S
2021-06-24T13:57:59,3000.0,21.15,S
2021-06-24T13:57:55,11200.0,21.15,S
2021-06-24T13:57:55,13800.0,21.15,S
2021-06-24T13:57:53,200.0,21.2,B
2021-06-24T13:57:06,15000.0,21.15,S
2021-06-24T13:57:05,200.0,21.2,B
2021-06-24T13:56:44,5000.0,21.2,B
2021-06-24T13:56:33,200.0,21.2,B
2021-06-24T13:56:31,200.0,21.2,B
2021-06-24T13:56:28,200.0,21.2,B
2021-06-24T13:56:21,200.0,21.2,B
2021-06-24T13:56:20,200.0,21.2,B
2021-06-24T13:55:58,2200.0,21.15,S
2021-06-24T13:55:39,100.0,21.2,B
2021-06-24T13:55:39,200.0,21.15,S
2021-06-24T13:55:25,900.0,21.2,B
2021-06-24T13:55:17,7100.0,21.15,S
2021-06-24T13:55:10,1000.0,21.15,S
2021-06-24T13:55:04,3300.0,21.2,B
2021-06-24T13:55:04,800.0,21.2,B
2021-06-24T13:55:04,7400.0,21.2,B
2021-06-24T13:54:21,500.0,21.2,B
2021-06-24T13:54:16,500.0,21.2,B
2021-06-24T13:54:14,10000.0,21.2,B
2021-06-24T13:53:45,500.0,21.2,B
2021-06-24T13:53:36,500.0,21.2,B
2021-06-24T13:53:34,2000.0,21.15,S
2021-06-24T13:53:18,100.0,21.2,B
2021-06-24T13:52:54,2000.0,21.2,B
2021-06-24T13:52:41,100.0,21.2,B
2021-06-24T13:52:39,1000.0,21.15,S
2021-06-24T13:52:16,1000.0,21.2,B
2021-06-24T13:52:09,1000.0,21.15,S
2021-06-24T13:52:00,2300.0,21.2,B
2021-06-24T13:52:00,600.0,21.2,B
2021-06-24T13:52:00,100.0,21.2,B
2021-06-24T13:52:00,1500.0,21.2,B
2021-06-24T13:51:57,100.0,21.2,B
2021-06-24T13:51:37,300.0,21.2,B
2021-06-24T13:50:53,100.0,21.2,B
2021-06-24T13:50:53,4700.0,21.2,B
2021-06-24T13:50:46,2600.0,21.15,S
2021-06-24T13:50:34,2000.0,21.2,B
2021-06-24T13:50:31,100.0,21.2,B
2021-06-24T13:50:30,100.0,21.2,B
2021-06-24T13:50:05,2000.0,21.2,B
2021-06-24T13:49:48,9700.0,21.2,B
2021-06-24T13:49:08,1000.0,21.15,S
2021-06-24T13:48:56,200.0,21.2,B
2021-06-24T13:48:44,2000.0,21.2,B
2021-06-24T13:48:39,5000.0,21.2,B
2021-06-24T13:48:37,2000.0,21.15,S
2021-06-24T13:48:37,900.0,21.15,S
2021-06-24T13:48:37,2600.0,21.15,S
2021-06-24T13:48:37,900.0,21.15,S
2021-06-24T13:48:37,400.0,21.15,S
2021-06-24T13:48:36,4000.0,21.15,S
2021-06-24T13:48:28,11100.0,21.2,B
2021-06-24T13:48:28,2500.0,21.2,B
2021-06-24T13:48:28,6000.0,21.2,B
2021-06-24T13:48:24,1000.0,21.2,B
2021-06-24T13:48:04,200.0,21.2,B
2021-06-24T13:47:48,1000.0,21.2,B
2021-06-24T13:47:15,100.0,21.2,B
2021-06-24T13:46:42,2000.0,21.2,B
2021-06-24T13:46:41,200.0,21.2,B
2021-06-24T13:46:35,2000.0,21.2,B
2021-06-24T13:46:30,100.0,21.2,S
2021-06-24T13:46:29,4100.0,21.2,S
2021-06-24T13:46:19,100.0,21.2,S
2021-06-24T13:46:08,1000.0,21.2,S
2021-06-24T13:46:06,2000.0,21.25,B
2021-06-24T13:46:01,2000.0,21.2,S
2021-06-24T13:45:40,200.0,21.2,S
2021-06-24T13:45:30,700.0,21.2,S
2021-06-24T13:45:30,300.0,21.2,S
2021-06-24T13:45:30,500.0,21.2,S
2021-06-24T13:45:30,7500.0,21.2,S
2021-06-24T13:45:30,1000.0,21.2,S
2021-06-24T13:45:28,10400.0,21.2,S
2021-06-24T13:45:28,20000.0,21.25,B
2021-06-24T13:45:28,800.0,21.25,B
2021-06-24T13:45:18,900.0,21.2,S
2021-06-24T13:45:18,2100.0,21.2,S
2021-06-24T13:45:10,100.0,21.2,S
2021-06-24T13:45:09,700.0,21.2,S
2021-06-24T13:45:09,29200.0,21.2,S
2021-06-24T13:45:08,5000.0,21.25,B
2021-06-24T13:44:53,100.0,21.25,B
2021-06-24T13:44:46,500.0,21.25,B
2021-06-24T13:44:42,100.0,21.25,B
2021-06-24T13:44:39,300.0,21.25,B
2021-06-24T13:44:27,500.0,21.25,B
2021-06-24T13:44:25,300.0,21.25,B
2021-06-24T13:44:25,300.0,21.25,B
2021-06-24T13:43:46,200.0,21.25,B
2021-06-24T13:43:02,1500.0,21.25,S
2021-06-24T13:43:02,3000.0,21.25,S
2021-06-24T13:43:02,1700.0,21.25,S
2021-06-24T13:43:00,400.0,21.3,B
2021-06-24T13:43:00,100.0,21.3,B
2021-06-24T13:42:48,1900.0,21.25,S
2021-06-24T13:42:48,1000.0,21.25,S
2021-06-24T13:42:48,21600.0,21.25,S
2021-06-24T13:42:48,1400.0,21.25,S
2021-06-24T13:42:48,1300.0,21.25,S
2021-06-24T13:42:48,2800.0,21.25,S
2021-06-24T13:42:06,400.0,21.3,B
2021-06-24T13:42:00,300.0,21.25,S
2021-06-24T13:41:32,3000.0,21.3,B
2021-06-24T13:41:17,900.0,21.25,S
2021-06-24T13:41:17,300.0,21.25,S
2021-06-24T13:41:16,800.0,21.25,S
2021-06-24T13:41:12,400.0,21.3,B
2021-06-24T13:41:08,100.0,21.3,B
2021-06-24T13:40:53,500.0,21.3,S
2021-06-24T13:40:23,200.0,21.35,B
2021-06-24T13:40:13,200.0,21.35,B
2021-06-24T13:40:13,600.0,21.3,S
2021-06-24T13:40:13,5300.0,21.3,S
2021-06-24T13:40:13,2000.0,21.3,S
2021-06-24T13:40:13,3000.0,21.3,S
2021-06-24T13:40:13,19100.0,21.3,S
2021-06-24T13:40:10,12000.0,21.3,S
2021-06-24T13:40:09,1000.0,21.3,S
2021-06-24T13:39:30,2500.0,21.3,S
2021-06-24T13:39:11,8500.0,21.3,S
2021-06-24T13:38:51,100.0,21.3,S
2021-06-24T13:38:44,200.0,21.3,S
2021-06-24T13:38:08,200.0,21.3,S
2021-06-24T13:37:50,1400.0,21.35,B
2021-06-24T13:37:31,200.0,21.35,B
2021-06-24T13:37:07,1000.0,21.3,S
2021-06-24T13:37:06,200.0,21.35,B
2021-06-24T13:36:55,200.0,21.35,B
2021-06-24T13:35:46,1200.0,21.35,B
2021-06-24T13:35:40,100.0,21.35,B
2021-06-24T13:35:34,6900.0,21.3,S
2021-06-24T13:35:31,500.0,21.35,B
2021-06-24T13:35:30,200.0,21.35,B
2021-06-24T13:35:13,200.0,21.35,B
2021-06-24T13:35:02,700.0,21.35,B
2021-06-24T13:34:59,3000.0,21.35,B
2021-06-24T13:34:55,300.0,21.35,B
2021-06-24T13:34:18,200.0,21.35,B
2021-06-24T13:34:14,200.0,21.35,B
2021-06-24T13:34:09,200.0,21.35,B
2021-06-24T13:34:08,1000.0,21.3,S
2021-06-24T13:33:43,16400.0,21.3,B
2021-06-24T13:33:43,900.0,21.3,B
2021-06-24T13:33:43,30200.0,21.3,B
2021-06-24T13:33:42,3000.0,21.3,B
2021-06-24T13:33:27,100.0,21.3,B
2021-06-24T13:33:20,200.0,21.3,B
2021-06-24T13:33:14,2000.0,21.3,B
2021-06-24T13:33:13,200.0,21.3,B
2021-06-24T13:32:59,200.0,21.25,S
2021-06-24T13:32:58,100.0,21.25,S
2021-06-24T13:32:53,2000.0,21.3,B
2021-06-24T13:32:33,1000.0,21.3,B
2021-06-24T13:32:16,200.0,21.3,B
2021-06-24T13:31:17,200.0,21.3,B
2021-06-24T13:31:07,900.0,21.25,S
2021-06-24T13:30:56,200.0,21.3,B
2021-06-24T13:30:13,100.0,21.3,B
2021-06-24T13:29:54,200.0,21.3,B
2021-06-24T13:29:20,300.0,21.25,S
2021-06-24T13:29:08,1000.0,21.3,B
2021-06-24T13:28:25,200.0,21.3,B
2021-06-24T13:28:10,200.0,21.3,B
2021-06-24T13:28:03,2000.0,21.3,S
2021-06-24T13:27:32,2000.0,21.3,B
2021-06-24T13:27:29,1000.0,21.3,B
2021-06-24T13:27:29,5000.0,21.3,B
2021-06-24T13:27:03,100.0,21.3,B
2021-06-24T13:26:55,400.0,21.3,S
2021-06-24T13:26:37,4600.0,21.3,B
2021-06-24T13:26:36,1000.0,21.3,B
2021-06-24T13:26:27,1000.0,21.3,B
2021-06-24T13:25:42,100.0,21.3,B
2021-06-24T13:25:16,2000.0,21.25,S
2021-06-24T13:25:14,400.0,21.3,B
2021-06-24T13:25:09,900.0,21.25,S
2021-06-24T13:25:08,600.0,21.25,S
2021-06-24T13:25:02,3700.0,21.3,B
2021-06-24T13:25:02,6300.0,21.3,B
2021-06-24T13:24:43,300.0,21.25,S
2021-06-24T13:24:19,200.0,21.3,B
2021-06-24T13:24:05,800.0,21.25,S
2021-06-24T13:23:58,2000.0,21.25,S
2021-06-24T13:23:51,2500.0,21.25,S
2021-06-24T13:23:36,200.0,21.3,B
2021-06-24T13:22:53,13000.0,21.25,S
2021-06-24T13:22:19,200.0,21.3,B
2021-06-24T13:22:16,200.0,21.3,B
2021-06-24T13:22:06,900.0,21.25,S
2021-06-24T13:22:03,400.0,21.3,B
2021-06-24T13:21:28,200.0,21.3,B
2021-06-24T13:21:26,200.0,21.3,B
2021-06-24T13:21:17,500.0,21.3,B
2021-06-24T13:21:15,2000.0,21.3,B
2021-06-24T13:21:13,100.0,21.25,S
2021-06-24T13:21:01,200.0,21.3,B
2021-06-24T13:20:52,200.0,21.3,B
2021-06-24T13:20:34,1000.0,21.3,B
2021-06-24T13:20:31,2500.0,21.25,S
2021-06-24T13:20:24,2000.0,21.3,B
2021-06-24T13:20:19,200.0,21.3,B
2021-06-24T13:20:09,4000.0,21.25,S
2021-06-24T13:20:09,1000.0,21.25,S
2021-06-24T13:20:05,2500.0,21.3,B
2021-06-24T13:19:46,100.0,21.3,B
2021-06-24T13:19:36,1100.0,21.3,B
2021-06-24T13:19:29,3000.0,21.3,B
2021-06-24T13:19:03,200.0,21.3,B
2021-06-24T13:18:59,900.0,21.25,S
2021-06-24T13:18:40,100.0,21.3,B
2021-06-24T13:18:21,2000.0,21.3,B
2021-06-24T13:18:00,200.0,21.3,B
2021-06-24T13:17:45,200.0,21.3,B
2021-06-24T13:17:42,200.0,21.3,B
2021-06-24T13:16:50,200.0,21.3,B
2021-06-24T13:16:14,500.0,21.25,S
2021-06-24T13:16:00,900.0,21.25,S
2021-06-24T13:15:57,500.0,21.3,B
2021-06-24T13:15:26,100.0,21.3,B
2021-06-24T13:15:18,200.0,21.3,B
2021-06-24T13:15:06,200.0,21.3,B
2021-06-24T13:14:59,200.0,21.3,B
2021-06-24T13:14:46,100.0,21.3,B
2021-06-24T13:14:14,200.0,21.3,B
2021-06-24T13:14:03,4700.0,21.3,S
2021-06-24T13:13:40,200.0,21.35,B
2021-06-24T13:13:03,300.0,21.3,B
2021-06-24T13:13:01,200.0,21.3,B
2021-06-24T13:13:00,100.0,21.25,S
2021-06-24T13:13:00,800.0,21.25,S
2021-06-24T13:12:31,600.0,21.3,S
2021-06-24T13:12:26,1400.0,21.3,B
2021-06-24T13:12:22,100.0,21.3,B
2021-06-24T13:11:51,10000.0,21.3,B
2021-06-24T13:11:33,200.0,21.25,S
2021-06-24T13:11:32,200.0,21.3,B
2021-06-24T13:11:25,200.0,21.3,B
2021-06-24T13:11:24,200.0,21.25,B
2021-06-24T13:11:23,800.0,21.25,S
2021-06-24T13:11:19,200.0,21.3,B
2021-06-24T13:11:17,1000.0,21.25,B
2021-06-24T13:11:15,200.0,21.25,B
2021-06-24T13:10:38,3000.0,21.25,B
2021-06-24T13:10:36,500.0,21.25,B
2021-06-24T13:10:00,900.0,21.2,S
2021-06-24T13:09:55,200.0,21.25,B
2021-06-24T13:09:50,200.0,21.25,B
2021-06-24T13:09:36,200.0,21.25,B
2021-06-24T13:09:24,200.0,21.25,B
2021-06-24T13:09:17,2500.0,21.25,B
2021-06-24T13:09:14,100.0,21.25,B
2021-06-24T13:09:13,100.0,21.25,B
2021-06-24T13:09:03,300.0,21.2,S
2021-06-24T13:09:00,1000.0,21.25,B
2021-06-24T13:08:59,300.0,21.25,B
2021-06-24T13:08:36,40000.0,21.25,B
2021-06-24T13:07:59,1000.0,21.25,B
2021-06-24T13:07:56,2900.0,21.2,S
2021-06-24T13:07:56,1000.0,21.2,S
2021-06-24T13:07:45,100.0,21.25,B
2021-06-24T13:07:30,100.0,21.25,B
2021-06-24T13:07:23,100.0,21.2,S
2021-06-24T13:07:12,500.0,21.2,S
2021-06-24T13:07:10,200.0,21.2,S
2021-06-24T13:07:10,800.0,21.2,S
2021-06-24T13:07:05,300.0,21.25,B
2021-06-24T13:06:59,200.0,21.25,S
2021-06-24T13:05:39,200.0,21.2,S
2021-06-24T13:05:39,1000.0,21.25,S
2021-06-24T13:05:39,2800.0,21.25,S
2021-06-24T13:05:36,1000.0,21.25,S
2021-06-24T13:04:12,3000.0,21.25,S
2021-06-24T13:04:01,900.0,21.25,S
2021-06-24T13:03:32,1700.0,21.25,S
2021-06-24T13:03:32,200.0,21.25,S
2021-06-24T13:03:32,600.0,21.25,S
2021-06-24T13:03:22,2000.0,21.25,S
2021-06-24T13:03:17,7500.0,21.3,S
2021-06-24T13:03:15,2000.0,21.3,S
2021-06-24T13:03:11,100.0,21.3,S
2021-06-24T13:02:54,4300.0,21.3,S
2021-06-24T13:02:45,39100.0,21.3,B
2021-06-24T13:02:11,4300.0,21.3,B
2021-06-24T13:02:11,2600.0,21.3,S
2021-06-24T13:02:11,6000.0,21.3,S
2021-06-24T13:01:39,25900.0,21.3,S
2021-06-24T13:01:16,2000.0,21.3,S
2021-06-24T13:01:15,1000.0,21.3,S
2021-06-24T13:01:09,200.0,21.35,B
2021-06-24T13:01:00,900.0,21.3,S
2021-06-24T13:01:00,3000.0,21.3,S
2021-06-24T13:00:56,200.0,21.35,B
2021-06-24T13:00:55,300.0,21.35,B
2021-06-24T13:00:55,300.0,21.35,B
2021-06-24T13:00:50,200.0,21.35,B
2021-06-24T13:00:44,200.0,21.35,B
2021-06-24T13:00:29,200.0,21.35,B
2021-06-24T13:00:22,200.0,21.35,B
2021-06-24T13:00:21,1400.0,21.3,S
2021-06-24T13:00:16,100.0,21.3,S
2021-06-24T13:00:13,3000.0,21.35,B
2021-06-24T13:00:13,200.0,21.3,S
2021-06-24T13:00:08,800.0,21.35,B
2021-06-24T13:00:08,5000.0,21.35,B
2021-06-24T13:00:08,200.0,21.35,B
2021-06-24T13:00:08,200.0,21.35,B
2021-06-24T13:00:08,2500.0,21.3,S
2021-06-24T11:29:58,200.0,21.35,B
2021-06-24T11:29:56,100.0,21.35,B
2021-06-24T11:29:42,200.0,21.35,B
2021-06-24T11:29:41,200.0,21.35,B
2021-06-24T11:28:41,100.0,21.35,B
2021-06-24T11:28:26,2200.0,21.3,S
2021-06-24T11:28:22,500.0,21.35,B
2021-06-24T11:27:57,1600.0,21.35,B
2021-06-24T11:27:38,1000.0,21.35,B
2021-06-24T11:25:30,200.0,21.35,B
2021-06-24T11:25:17,200.0,21.35,B
2021-06-24T11:25:02,200.0,21.35,S
2021-06-24T11:24:25,4500.0,21.3,S
2021-06-24T11:24:25,2500.0,21.3,B
2021-06-24T11:24:12,200.0,21.3,B
2021-06-24T11:24:08,300.0,21.25,S
2021-06-24T11:23:59,200.0,21.3,B
2021-06-24T11:23:44,2700.0,21.3,B
2021-06-24T11:23:38,2000.0,21.25,S
2021-06-24T11:23:10,100.0,21.25,S
2021-06-24T11:22:12,400.0,21.25,S
2021-06-24T11:21:59,100.0,21.25,B
2021-06-24T11:21:35,1000.0,21.3,B
2021-06-24T11:21:25,43400.0,21.3,B
2021-06-24T11:21:17,400.0,21.4,B
2021-06-24T11:20:41,400.0,21.4,B
2021-06-24T11:20:33,1500.0,21.35,S
2021-06-24T11:20:25,200.0,21.4,B
2021-06-24T11:20:19,100.0,21.35,S
2021-06-24T11:20:12,200.0,21.4,B
2021-06-24T11:20:10,200.0,21.4,B
2021-06-24T11:20:01,1100.0,21.35,S
2021-06-24T11:19:56,2000.0,21.35,B
2021-06-24T11:19:47,200.0,21.35,B
2021-06-24T11:19:46,200.0,21.35,B
2021-06-24T11:19:44,200.0,21.35,B
2021-06-24T11:19:18,100.0,21.35,B
2021-06-24T11:19:18,100.0,21.35,B
2021-06-24T11:19:11,200.0,21.35,B
2021-06-24T11:19:09,200.0,21.35,B
2021-06-24T11:19:08,200.0,21.35,B
2021-06-24T11:19:06,200.0,21.35,B
2021-06-24T11:19:05,200.0,21.35,B
2021-06-24T11:18:48,200.0,21.35,B
2021-06-24T11:18:46,200.0,21.35,B
2021-06-24T11:18:44,200.0,21.35,B
2021-06-24T11:18:16,18000.0,21.3,B
2021-06-24T11:17:46,200.0,21.3,B
2021-06-24T11:17:39,200.0,21.3,B
2021-06-24T11:17:28,500.0,21.3,B
2021-06-24T11:17:26,1500.0,21.2,S
2021-06-24T11:17:26,8500.0,21.2,S
2021-06-24T11:17:06,200.0,21.3,B
2021-06-24T11:17:04,200.0,21.3,B
2021-06-24T11:16:30,200.0,21.3,B
2021-06-24T11:16:11,400.0,21.25,S
2021-06-24T11:16:08,200.0,21.25,S
2021-06-24T11:16:08,900.0,21.25,S
2021-06-24T11:15:31,600.0,21.25,S
2021-06-24T11:15:31,9400.0,21.25,S
2021-06-24T11:15:21,15000.0,21.25,S
2021-06-24T11:15:11,200.0,21.35,B
2021-06-24T11:15:06,1000.0,21.3,S
2021-06-24T11:14:37,300.0,21.35,B
2021-06-24T11:14:26,1000.0,21.3,S
2021-06-24T11:14:23,200.0,21.35,B
2021-06-24T11:14:06,200.0,21.35,B
2021-06-24T11:14:03,200.0,21.35,B
2021-06-24T11:14:02,200.0,21.35,B
2021-06-24T11:13:56,200.0,21.35,B
2021-06-24T11:13:55,200.0,21.35,B
2021-06-24T11:13:54,200.0,21.35,B
2021-06-24T11:13:48,200.0,21.35,B
2021-06-24T11:13:40,200.0,21.35,B
2021-06-24T11:13:38,200.0,21.35,B
2021-06-24T11:13:37,200.0,21.35,B
2021-06-24T11:13:35,200.0,21.35,B
2021-06-24T11:13:32,200.0,21.35,B
2021-06-24T11:13:06,700.0,21.35,S
2021-06-24T11:12:43,500.0,21.35,S
2021-06-24T11:12:22,100.0,21.35,S
2021-06-24T11:11:39,1500.0,21.35,S
2021-06-24T11:10:33,100.0,21.4,B
2021-06-24T11:10:33,900.0,21.4,B
2021-06-24T11:10:21,19100.0,21.4,B
2021-06-24T11:10:01,400.0,21.35,S
2021-06-24T11:10:01,1600.0,21.35,S
2021-06-24T11:09:31,1000.0,21.35,S
2021-06-24T11:09:22,300.0,21.4,B
2021-06-24T11:09:21,200.0,21.4,B
2021-06-24T11:08:36,200.0,21.4,B
2021-06-24T11:08:24,200.0,21.4,B
2021-06-24T11:07:34,200.0,21.4,B
2021-06-24T11:07:13,400.0,21.35,S
2021-06-24T11:07:13,200.0,21.35,S
2021-06-24T11:07:13,400.0,21.35,S
2021-06-24T11:07:13,500.0,21.35,S
2021-06-24T11:07:10,200.0,21.4,B
2021-06-24T11:06:21,1000.0,21.4,B
2021-06-24T11:06:04,100.0,21.35,S
2021-06-24T11:05:58,400.0,21.4,S
2021-06-24T11:05:09,1700.0,21.45,B
2021-06-24T11:05:09,12800.0,21.45,B
2021-06-24T11:04:57,1000.0,21.4,B
2021-06-24T11:03:47,100.0,21.3,S
2021-06-24T11:03:06,100.0,21.4,B
2021-06-24T11:02:56,200.0,21.4,B
2021-06-24T11:02:51,1500.0,21.25,S
2021-06-24T11:02:45,500.0,21.4,S
2021-06-24T11:02:08,400.0,21.4,B
2021-06-24T11:02:08,200.0,21.4,B
2021-06-24T11:02:05,200.0,21.4,B
2021-06-24T11:01:56,400.0,21.25,S
2021-06-24T11:01:37,1000.0,21.4,B
2021-06-24T11:01:22,1000.0,21.4,B
2021-06-24T11:01:12,200.0,21.4,B
2021-06-24T11:01:11,2700.0,21.4,B
2021-06-24T11:01:11,500.0,21.4,B
2021-06-24T11:01:11,4000.0,21.4,B
2021-06-24T11:01:11,3500.0,21.35,B
2021-06-24T11:01:11,19300.0,21.35,B
2021-06-24T11:01:00,800.0,21.25,S
2021-06-24T11:00:57,200.0,21.3,B
2021-06-24T11:00:53,4000.0,21.3,B
2021-06-24T11:00:51,200.0,21.3,B
2021-06-24T11:00:48,200.0,21.3,B
2021-06-24T11:00:47,1200.0,21.25,S
2021-06-24T11:00:45,200.0,21.3,B
2021-06-24T11:00:44,200.0,21.3,B
2021-06-24T11:00:18,200.0,21.3,B
2021-06-24T11:00:09,200.0,21.3,B
2021-06-24T10:59:55,300.0,21.25,S
2021-06-24T10:59:46,500.0,21.25,S
2021-06-24T10:59:37,2400.0,21.25,B
2021-06-24T10:59:34,100.0,21.25,B
2021-06-24T10:59:34,1000.0,21.25,B
2021-06-24T10:59:28,200.0,21.25,B
2021-06-24T10:59:28,1000.0,21.25,B
2021-06-24T10:59:26,500.0,21.25,B
2021-06-24T10:59:25,8500.0,21.25,B
2021-06-24T10:59:24,200.0,21.25,B
2021-06-24T10:59:24,200.0,21.25,B
2021-06-24T10:59:19,100.0,21.25,B
2021-06-24T10:59:17,1000.0,21.25,B
2021-06-24T10:58:58,1700.0,21.25,S
2021-06-24T10:58:51,300.0,21.25,B
2021-06-24T10:58:48,200.0,21.3,B
2021-06-24T10:58:48,5000.0,21.25,B
2021-06-24T10:58:36,2000.0,21.25,B
2021-06-24T10:58:28,200.0,21.25,B
2021-06-24T10:58:27,1500.0,21.1,S
2021-06-24T10:58:18,200.0,21.25,B
2021-06-24T10:58:15,200.0,21.25,B
2021-06-24T10:58:13,1000.0,21.1,S
2021-06-24T10:57:59,1000.0,21.1,S
2021-06-24T10:57:58,200.0,21.25,B
2021-06-24T10:57:54,200.0,21.25,B
2021-06-24T10:57:53,2400.0,21.1,B
2021-06-24T10:57:52,500.0,21.1,B
2021-06-24T10:57:49,200.0,21.1,B
2021-06-24T10:57:49,100.0,21.1,B
2021-06-24T10:57:48,500.0,21.1,B
2021-06-24T10:57:47,200.0,21.1,B
2021-06-24T10:57:46,1000.0,21.1,B
2021-06-24T10:57:44,200.0,21.1,B
2021-06-24T10:57:44,100.0,21.05,S
2021-06-24T10:57:36,200.0,21.1,B
2021-06-24T10:57:34,1000.0,21.1,B
2021-06-24T10:57:31,20200.0,21.1,B
2021-06-24T10:57:30,2000.0,21.05,S
2021-06-24T10:57:30,200.0,21.1,B
2021-06-24T10:57:28,100.0,21.1,B
2021-06-24T10:57:23,300.0,21.05,S
2021-06-24T10:57:21,100.0,21.1,B
2021-06-24T10:57:16,1000.0,21.1,B
2021-06-24T10:57:14,500.0,21.1,B
2021-06-24T10:57:12,100.0,21.1,B
2021-06-24T10:57:11,700.0,21.1,B
2021-06-24T10:57:08,1300.0,21.05,S
2021-06-24T10:57:07,700.0,21.05,S
2021-06-24T10:57:01,500.0,21.1,B
2021-06-24T10:57:01,500.0,21.1,B
2021-06-24T10:56:58,600.0,21.1,B
2021-06-24T10:56:53,500.0,21.1,B
2021-06-24T10:56:53,100.0,21.1,B
2021-06-24T10:56:49,2000.0,21.1,B
2021-06-24T10:56:49,500.0,21.1,B
2021-06-24T10:56:45,300.0,21.1,B
2021-06-24T10:56:37,500.0,21.1,S
2021-06-24T10:56:35,2000.0,21.1,S
2021-06-24T10:56:32,1300.0,21.1,S
2021-06-24T10:56:31,1000.0,21.1,S
2021-06-24T10:56:30,2000.0,21.1,S
2021-06-24T10:56:27,2000.0,21.1,S
2021-06-24T10:56:23,1100.0,21.1,S
2021-06-24T10:56:22,100.0,21.1,S
2021-06-24T10:56:19,100.0,21.1,S
2021-06-24T10:56:18,1600.0,21.1,S
2021-06-24T10:56:18,200.0,21.1,S
2021-06-24T10:56:15,11000.0,21.1,S
2021-06-24T10:56:15,4000.0,21.1,S
2021-06-24T10:56:15,3200.0,21.1,S
2021-06-24T10:56:15,16200.0,21.1,S
2021-06-24T10:56:05,100.0,21.2,S
2021-06-24T10:55:42,15600.0,21.1,S
2021-06-24T10:55:42,2300.0,21.1,S
2021-06-24T10:55:42,10100.0,21.1,S
2021-06-24T10:55:42,500.0,21.1,S
2021-06-24T10:55:42,10000.0,21.1,S
2021-06-24T10:55:42,500.0,21.1,S
2021-06-24T10:55:42,30200.0,21.1,S
2021-06-24T10:55:42,5200.0,21.1,S
2021-06-24T10:55:42,9000.0,21.15,S
2021-06-24T10:55:42,6600.0,21.15,S
2021-06-24T10:55:27,2000.0,21.2,S
2021-06-24T10:55:23,4000.0,21.2,S
2021-06-24T10:55:17,4200.0,21.15,S
2021-06-24T10:55:17,4200.0,21.15,S
2021-06-24T10:55:17,1600.0,21.15,S
2021-06-24T10:55:12,2500.0,21.2,S
2021-06-24T10:55:03,2200.0,21.2,S
2021-06-24T10:55:03,600.0,21.2,S
2021-06-24T10:55:02,1400.0,21.2,S
2021-06-24T10:55:02,1200.0,21.2,S
2021-06-24T10:55:02,15100.0,21.2,S
2021-06-24T10:55:02,9500.0,21.2,S
2021-06-24T10:54:45,100.0,21.2,S
2021-06-24T10:54:40,800.0,21.2,S
2021-06-24T10:54:30,100.0,21.2,S
2021-06-24T10:53:58,6000.0,21.2,S
2021-06-24T10:53:47,400.0,21.3,B
2021-06-24T10:53:33,300.0,21.25,S
2021-06-24T10:53:33,700.0,21.25,S
2021-06-24T10:53:07,3000.0,21.25,S
2021-06-24T10:53:04,700.0,21.25,S
2021-06-24T10:52:37,2000.0,21.25,S
2021-06-24T10:52:27,700.0,21.25,S
2021-06-24T10:52:25,100.0,21.25,S
2021-06-24T10:52:22,600.0,21.3,B
2021-06-24T10:51:31,2000.0,21.25,S
2021-06-24T10:51:28,1800.0,21.25,S
2021-06-24T10:51:09,1300.0,21.3,S
2021-06-24T10:50:47,700.0,21.3,B
2021-06-24T10:50:39,300.0,21.3,S
2021-06-24T10:49:38,2000.0,21.3,S
2021-06-24T10:49:31,1000.0,21.3,S
2021-06-24T10:49:31,500.0,21.3,S
2021-06-24T10:49:25,200.0,21.35,B
2021-06-24T10:49:09,6000.0,21.3,S
2021-06-24T10:48:37,800.0,21.3,S
2021-06-24T10:48:28,1700.0,21.3,S
2021-06-24T10:48:28,4300.0,21.3,S
2021-06-24T10:48:20,200.0,21.35,B
2021-06-24T10:48:18,100.0,21.35,B
2021-06-24T10:47:37,200.0,21.35,B
2021-06-24T10:47:10,300.0,21.3,S
2021-06-24T10:47:05,400.0,21.35,B
2021-06-24T10:46:28,200.0,21.3,S
2021-06-24T10:46:21,200.0,21.35,B
2021-06-24T10:46:01,1000.0,21.3,S
2021-06-24T10:45:57,200.0,21.4,B
2021-06-24T10:45:33,1000.0,21.3,S
2021-06-24T10:45:25,900.0,21.3,S
2021-06-24T10:45:25,100.0,21.3,S
2021-06-24T10:45:09,300.0,21.3,S
2021-06-24T10:44:59,1400.0,21.3,S
2021-06-24T10:44:59,100.0,21.3,S
2021-06-24T10:44:58,200.0,21.4,B
2021-06-24T10:44:54,200.0,21.4,B
2021-06-24T10:44:52,200.0,21.4,B
2021-06-24T10:44:51,5000.0,21.3,S
2021-06-24T10:44:51,200.0,21.4,B
2021-06-24T10:44:49,200.0,21.4,B
2021-06-24T10:44:47,200.0,21.4,B
2021-06-24T10:44:29,100.0,21.3,S
2021-06-24T10:44:23,100.0,21.3,S
2021-06-24T10:44:08,800.0,21.3,S
2021-06-24T10:44:08,600.0,21.35,S
2021-06-24T10:44:08,600.0,21.35,S
2021-06-24T10:44:05,100.0,21.4,B
2021-06-24T10:44:01,700.0,21.4,B
2021-06-24T10:43:57,1200.0,21.4,B
2021-06-24T10:43:51,100.0,21.4,B
2021-06-24T10:43:49,100.0,21.4,B
2021-06-24T10:43:48,100.0,21.4,B
2021-06-24T10:43:36,400.0,21.35,S
2021-06-24T10:43:06,100.0,21.4,B
2021-06-24T10:43:06,500.0,21.4,B
2021-06-24T10:42:59,200.0,21.4,B
2021-06-24T10:42:57,200.0,21.4,B
2021-06-24T10:42:50,1900.0,21.3,S
2021-06-24T10:42:50,3000.0,21.3,S
2021-06-24T10:42:50,200.0,21.3,S
2021-06-24T10:42:50,100.0,21.3,S
2021-06-24T10:42:50,1400.0,21.3,S
2021-06-24T10:42:50,4300.0,21.3,S
2021-06-24T10:42:50,100.0,21.3,S
2021-06-24T10:42:50,100.0,21.3,S
2021-06-24T10:42:50,1700.0,21.3,S
2021-06-24T10:42:50,300.0,21.3,S
2021-06-24T10:42:50,5000.0,21.3,S
2021-06-24T10:42:50,2100.0,21.3,S
2021-06-24T10:42:50,400.0,21.3,S
2021-06-24T10:42:50,300.0,21.35,S
2021-06-24T10:42:50,800.0,21.35,S
2021-06-24T10:42:50,200.0,21.35,S
2021-06-24T10:42:50,1900.0,21.35,S
2021-06-24T10:42:50,3500.0,21.35,S
2021-06-24T10:42:50,7700.0,21.35,S
2021-06-24T10:42:37,200.0,21.4,B
2021-06-24T10:42:26,200.0,21.4,B
2021-06-24T10:42:24,200.0,21.4,B
2021-06-24T10:42:23,400.0,21.4,B
2021-06-24T10:42:20,200.0,21.4,B
2021-06-24T10:42:19,100.0,21.4,B
2021-06-24T10:42:18,200.0,21.4,B
2021-06-24T10:41:59,200.0,21.4,S
2021-06-24T10:41:59,100.0,21.4,S
2021-06-24T10:41:59,1400.0,21.4,S
2021-06-24T10:41:31,100.0,21.4,S
2021-06-24T10:41:25,200.0,21.45,B
2021-06-24T10:41:13,2000.0,21.4,S
2021-06-24T10:40:32,500.0,21.4,S
2021-06-24T10:40:32,1000.0,21.4,S
2021-06-24T10:40:28,200.0,21.45,B
2021-06-24T10:40:22,200.0,21.4,S
2021-06-24T10:40:12,2200.0,21.45,B
2021-06-24T10:40:04,1000.0,21.4,S
2021-06-24T10:40:00,3500.0,21.45,B
2021-06-24T10:39:59,3000.0,21.4,S
2021-06-24T10:39:38,2900.0,21.45,B
2021-06-24T10:39:35,200.0,21.45,B
2021-06-24T10:39:33,1000.0,21.4,S
2021-06-24T10:39:17,1100.0,21.4,S
2021-06-24T10:39:11,5000.0,21.4,S
2021-06-24T10:39:03,1000.0,21.45,B
2021-06-24T10:39:01,1000.0,21.4,S
2021-06-24T10:38:38,200.0,21.45,B
2021-06-24T10:38:36,200.0,21.45,B
2021-06-24T10:38:33,200.0,21.45,B
2021-06-24T10:38:07,100.0,21.45,B
2021-06-24T10:38:02,900.0,21.45,S
2021-06-24T10:37:58,100.0,21.45,B
2021-06-24T10:37:56,2200.0,21.45,S
2021-06-24T10:37:48,100.0,21.5,B
2021-06-24T10:37:44,4800.0,21.5,B
2021-06-24T10:37:37,600.0,21.45,S
2021-06-24T10:37:36,5900.0,21.45,S
2021-06-24T10:37:34,500.0,21.45,S
2021-06-24T10:37:16,1200.0,21.45,S
2021-06-24T10:37:00,1200.0,21.45,S
2021-06-24T10:36:53,600.0,21.5,B
2021-06-24T10:36:39,200.0,21.5,B
2021-06-24T10:36:35,2000.0,21.45,S
2021-06-24T10:36:16,400.0,21.45,S
2021-06-24T10:36:05,1500.0,21.45,S
2021-06-24T10:35:53,100.0,21.45,B
2021-06-24T10:35:53,5800.0,21.45,B
2021-06-24T10:35:52,10100.0,21.45,B
2021-06-24T10:35:45,200.0,21.45,B
2021-06-24T10:35:28,700.0,21.45,B
2021-06-24T10:35:28,2300.0,21.45,B
2021-06-24T10:35:26,100.0,21.4,S
2021-06-24T10:34:55,2000.0,21.45,B
2021-06-24T10:34:04,200.0,21.45,B
2021-06-24T10:33:54,200.0,21.45,B
2021-06-24T10:33:27,200.0,21.45,B
2021-06-24T10:32:58,200.0,21.45,B
2021-06-24T10:32:12,600.0,21.45,B
2021-06-24T10:32:10,100.0,21.4,S
2021-06-24T10:31:47,200.0,21.4,S
2021-06-24T10:31:39,5500.0,21.4,S
2021-06-24T10:31:38,1500.0,21.35,S
2021-06-24T10:31:33,500.0,21.4,B
2021-06-24T10:31:25,4800.0,21.4,B
2021-06-24T10:31:20,300.0,21.35,S
2021-06-24T10:30:58,400.0,21.4,B
2021-06-24T10:30:41,300.0,21.4,B
2021-06-24T10:30:40,1000.0,21.4,B
2021-06-24T10:30:33,3000.0,21.4,B
2021-06-24T10:30:32,100.0,21.4,B
2021-06-24T10:30:18,300.0,21.4,B
2021-06-24T10:30:17,300.0,21.4,B
2021-06-24T10:30:15,200.0,21.4,B
2021-06-24T10:29:53,12400.0,21.4,B
2021-06-24T10:29:50,600.0,21.4,S
2021-06-24T10:29:50,1900.0,21.4,S
2021-06-24T10:29:50,20100.0,21.4,S
2021-06-24T10:29:50,22000.0,21.4,S
2021-06-24T10:29:50,3500.0,21.4,S
2021-06-24T10:29:50,3300.0,21.45,S
2021-06-24T10:29:42,800.0,21.45,S
2021-06-24T10:29:34,200.0,21.45,S
2021-06-24T10:29:34,100.0,21.5,B
2021-06-24T10:29:20,500.0,21.45,S
2021-06-24T10:28:55,5000.0,21.45,S
2021-06-24T10:28:55,100.0,21.45,S
2021-06-24T10:28:54,3000.0,21.45,S
2021-06-24T10:28:23,500.0,21.45,S
2021-06-24T10:28:20,5000.0,21.45,S
2021-06-24T10:28:14,400.0,21.45,S
2021-06-24T10:28:11,100.0,21.5,B
2021-06-24T10:27:35,300.0,21.5,B
2021-06-24T10:27:25,100.0,21.45,S
2021-06-24T10:27:18,100.0,21.5,B
2021-06-24T10:27:11,500.0,21.5,B
2021-06-24T10:27:10,200.0,21.45,S
2021-06-24T10:27:10,1200.0,21.45,S
2021-06-24T10:27:10,100.0,21.45,S
2021-06-24T10:26:05,100.0,21.5,B
2021-06-24T10:25:49,700.0,21.5,B
2021-06-24T10:25:47,1000.0,21.5,B
2021-06-24T10:25:46,300.0,21.5,B
2021-06-24T10:25:08,8000.0,21.5,B
2021-06-24T10:24:55,200.0,21.5,S
2021-06-24T10:24:55,2100.0,21.5,S
2021-06-24T10:24:55,100.0,21.5,S
2021-06-24T10:24:55,29200.0,21.5,S
2021-06-24T10:24:46,13100.0,21.5,S
2021-06-24T10:24:44,100.0,21.5,S
2021-06-24T10:24:40,5000.0,21.55,B
2021-06-24T10:24:28,9100.0,21.5,S
2021-06-24T10:24:26,1000.0,21.5,S
2021-06-24T10:24:23,1100.0,21.5,S
2021-06-24T10:24:20,4600.0,21.5,S
2021-06-24T10:24:13,5000.0,21.5,S
2021-06-24T10:24:11,100.0,21.55,B
2021-06-24T10:24:07,2200.0,21.5,S
2021-06-24T10:23:22,1000.0,21.55,B
2021-06-24T10:23:20,300.0,21.55,B
2021-06-24T10:23:07,1000.0,21.55,B
2021-06-24T10:23:05,1000.0,21.5,S
2021-06-24T10:22:56,1000.0,21.55,B
2021-06-24T10:22:52,700.0,21.5,S
2021-06-24T10:22:44,1500.0,21.5,S
2021-06-24T10:22:44,1000.0,21.55,B
2021-06-24T10:22:40,300.0,21.55,B
2021-06-24T10:22:33,100.0,21.55,B
2021-06-24T10:22:14,2000.0,21.55,B
2021-06-24T10:22:12,2000.0,21.55,B
2021-06-24T10:21:52,100.0,21.55,B
2021-06-24T10:21:49,2000.0,21.55,B
2021-06-24T10:21:46,5000.0,21.55,B
2021-06-24T10:21:18,500.0,21.55,B
2021-06-24T10:21:16,5000.0,21.55,B
2021-06-24T10:21:03,400.0,21.5,S
2021-06-24T10:20:49,1000.0,21.5,S
2021-06-24T10:20:46,1500.0,21.55,B
2021-06-24T10:20:41,4900.0,21.55,B
2021-06-24T10:20:35,500.0,21.55,B
2021-06-24T10:20:18,3000.0,21.5,S
2021-06-24T10:20:04,500.0,21.55,B
2021-06-24T10:19:58,1500.0,21.5,S
2021-06-24T10:19:43,200.0,21.5,B
2021-06-24T10:19:42,3000.0,21.5,B
2021-06-24T10:19:42,300.0,21.5,B
2021-06-24T10:19:42,900.0,21.5,B
2021-06-24T10:19:42,200.0,21.5,B
2021-06-24T10:19:42,24500.0,21.5,B
2021-06-24T10:19:42,2100.0,21.5,B
2021-06-24T10:19:42,900.0,21.5,B
2021-06-24T10:19:42,2300.0,21.5,B
2021-06-24T10:19:42,2600.0,21.5,B
2021-06-24T10:19:42,1000.0,21.5,B
2021-06-24T10:19:41,3000.0,21.5,B
2021-06-24T10:19:41,2000.0,21.5,B
2021-06-24T10:19:41,1100.0,21.5,B
2021-06-24T10:19:41,1100.0,21.5,B
2021-06-24T10:19:41,300.0,21.5,B
2021-06-24T10:19:41,23300.0,21.5,B
2021-06-24T10:18:44,300.0,21.45,B
2021-06-24T10:18:37,300.0,21.45,B
2021-06-24T10:18:35,300.0,21.45,B
2021-06-24T10:18:35,300.0,21.45,B
2021-06-24T10:18:34,300.0,21.45,B
2021-06-24T10:18:24,1500.0,21.4,S
2021-06-24T10:18:22,9300.0,21.45,B
2021-06-24T10:18:02,500.0,21.45,B
2021-06-24T10:17:54,2500.0,21.45,S
2021-06-24T10:17:48,1200.0,21.45,B
2021-06-24T10:17:00,100.0,21.45,S
2021-06-24T10:16:59,100.0,21.45,S
2021-06-24T10:16:43,300.0,21.45,B
2021-06-24T10:16:42,2000.0,21.4,S
2021-06-24T10:16:23,2500.0,21.4,B
2021-06-24T10:16:19,1000.0,21.4,B
2021-06-24T10:16:10,2000.0,21.4,B
2021-06-24T10:16:05,100.0,21.4,B
2021-06-24T10:16:03,500.0,21.4,B
2021-06-24T10:16:00,100.0,21.4,B
2021-06-24T10:16:00,23800.0,21.4,B
2021-06-24T10:15:40,10000.0,21.4,B
2021-06-24T10:15:29,200.0,21.4,B
2021-06-24T10:15:16,300.0,21.4,B
2021-06-24T10:15:00,3000.0,21.4,B
2021-06-24T10:14:58,500.0,21.4,B
2021-06-24T10:14:54,300.0,21.4,B
2021-06-24T10:14:40,900.0,21.4,B
2021-06-24T10:14:06,100.0,21.4,B
2021-06-24T10:13:58,1500.0,21.35,S
2021-06-24T10:13:56,500.0,21.35,S
2021-06-24T10:13:55,2000.0,21.4,B
2021-06-24T10:13:51,500.0,21.35,S
2021-06-24T10:13:51,2000.0,21.35,S
2021-06-24T10:13:42,100.0,21.35,S
2021-06-24T10:13:13,100.0,21.4,S
2021-06-24T10:13:13,27000.0,21.4,S
2021-06-24T10:13:08,200.0,21.4,S
2021-06-24T10:12:55,100.0,21.45,B
2021-06-24T10:11:28,26600.0,21.4,S
2021-06-24T10:11:28,200.0,21.4,S
2021-06-24T10:11:28,2100.0,21.4,S
2021-06-24T10:11:28,10100.0,21.4,S
2021-06-24T10:11:28,1600.0,21.4,S
2021-06-24T10:11:28,9400.0,21.4,S
2021-06-24T10:11:05,6000.0,21.4,S
2021-06-24T10:11:02,100.0,21.5,B
2021-06-24T10:11:02,900.0,21.5,B
2021-06-24T10:10:46,100.0,21.45,S
2021-06-24T10:10:36,100.0,21.45,S
2021-06-24T10:10:32,300.0,21.45,S
2021-06-24T10:09:54,600.0,21.45,S
2021-06-24T10:09:53,1000.0,21.45,S
2021-06-24T10:09:38,900.0,21.45,S
2021-06-24T10:09:38,100.0,21.45,S
2021-06-24T10:09:32,1500.0,21.45,S
2021-06-24T10:09:08,300.0,21.45,S
2021-06-24T10:09:02,800.0,21.45,S
2021-06-24T10:08:41,2000.0,21.45,S
2021-06-24T10:08:23,500.0,21.45,B
2021-06-24T10:08:19,500.0,21.45,B
2021-06-24T10:08:08,2000.0,21.45,B
2021-06-24T10:07:33,300.0,21.45,B
2021-06-24T10:07:13,500.0,21.4,S
2021-06-24T10:07:10,500.0,21.45,B
2021-06-24T10:07:08,300.0,21.45,B
2021-06-24T10:07:00,300.0,21.45,B
2021-06-24T10:06:59,300.0,21.45,B
2021-06-24T10:06:40,300.0,21.45,B
2021-06-24T10:06:27,300.0,21.45,B
2021-06-24T10:06:24,300.0,21.45,B
2021-06-24T10:06:17,300.0,21.4,S
2021-06-24T10:06:04,3600.0,21.4,S
2021-06-24T10:06:00,300.0,21.45,B
2021-06-24T10:05:56,500.0,21.4,S
2021-06-24T10:05:38,1000.0,21.4,S
2021-06-24T10:05:13,800.0,21.4,S
2021-06-24T10:05:03,1500.0,21.4,S
2021-06-24T10:05:02,1000.0,21.4,S
2021-06-24T10:04:24,1600.0,21.4,S
2021-06-24T10:04:24,200.0,21.4,S
2021-06-24T10:04:24,4100.0,21.4,S
2021-06-24T10:04:24,200.0,21.4,S
2021-06-24T10:04:10,300.0,21.45,B
2021-06-24T10:03:53,500.0,21.45,S
2021-06-24T10:03:45,1500.0,21.45,B
2021-06-24T10:03:15,2200.0,21.45,S
2021-06-24T10:02:58,50000.0,21.45,S
2021-06-24T10:02:58,100.0,21.45,S
2021-06-24T10:02:46,1400.0,21.45,S
2021-06-24T10:02:19,300.0,21.5,B
2021-06-24T10:01:51,1100.0,21.45,S
2021-06-24T10:01:26,1000.0,21.5,B
2021-06-24T10:00:38,1500.0,21.45,S
2021-06-24T10:00:15,2100.0,21.5,S
2021-06-24T10:00:03,500.0,21.5,S
2021-06-24T10:00:03,5000.0,21.5,S
2021-06-24T09:59:58,100.0,21.5,S
2021-06-24T09:59:57,900.0,21.5,S
2021-06-24T09:59:55,100.0,21.5,S
2021-06-24T09:59:50,1000.0,21.5,S
2021-06-24T09:59:46,100.0,21.5,S
2021-06-24T09:59:23,300.0,21.5,S
2021-06-24T09:59:19,500.0,21.55,B
2021-06-24T09:59:19,400.0,21.5,S
2021-06-24T09:59:12,200.0,21.5,S
2021-06-24T09:58:51,2000.0,21.5,S
2021-06-24T09:58:24,100.0,21.55,B
2021-06-24T09:58:12,100.0,21.55,B
2021-06-24T09:58:11,100.0,21.55,B
2021-06-24T09:58:09,200.0,21.5,S
2021-06-24T09:58:05,2900.0,21.5,S
2021-06-24T09:58:03,500.0,21.5,S
2021-06-24T09:58:01,100.0,21.55,B
2021-06-24T09:57:51,100.0,21.5,S
2021-06-24T09:57:51,4000.0,21.5,S
2021-06-24T09:57:36,2500.0,21.5,S
2021-06-24T09:57:20,1000.0,21.5,S
2021-06-24T09:57:13,100.0,21.5,S
2021-06-24T09:56:32,100.0,21.5,S
2021-06-24T09:56:26,200.0,21.5,S
2021-06-24T09:56:20,1000.0,21.5,S
2021-06-24T09:56:12,2000.0,21.5,S
2021-06-24T09:56:09,1500.0,21.5,S
2021-06-24T09:56:06,2000.0,21.5,S
2021-06-24T09:56:05,1500.0,21.5,S
2021-06-24T09:55:40,2200.0,21.5,S
2021-06-24T09:55:37,200.0,21.5,S
2021-06-24T09:55:27,1000.0,21.5,S
2021-06-24T09:55:21,200.0,21.5,S
2021-06-24T09:55:21,500.0,21.5,S
2021-06-24T09:55:18,400.0,21.5,S
2021-06-24T09:55:04,100.0,21.5,S
2021-06-24T09:54:39,700.0,21.5,S
2021-06-24T09:54:22,500.0,21.5,S
2021-06-24T09:54:00,2500.0,21.5,S
2021-06-24T09:53:31,300.0,21.55,B
2021-06-24T09:53:29,300.0,21.55,B
2021-06-24T09:53:27,300.0,21.55,B
2021-06-24T09:53:25,3300.0,21.5,S
2021-06-24T09:53:24,300.0,21.55,B
2021-06-24T09:53:20,300.0,21.55,B
2021-06-24T09:53:17,300.0,21.55,B
2021-06-24T09:53:04,300.0,21.5,S
2021-06-24T09:53:03,1200.0,21.5,S
2021-06-24T09:51:44,100.0,21.5,S
2021-06-24T09:51:37,1400.0,21.5,S
2021-06-24T09:51:29,300.0,21.5,S
2021-06-24T09:51:28,100.0,21.55,B
2021-06-24T09:51:20,300.0,21.55,B
2021-06-24T09:51:18,300.0,21.55,B
2021-06-24T09:51:00,300.0,21.55,B
2021-06-24T09:51:00,1200.0,21.55,B
2021-06-24T09:50:56,100.0,21.5,S
2021-06-24T09:50:40,1000.0,21.55,B
2021-06-24T09:50:20,1000.0,21.55,B
2021-06-24T09:50:10,8000.0,21.55,B
2021-06-24T09:50:06,300.0,21.55,B
2021-06-24T09:49:55,200.0,21.55,B
2021-06-24T09:49:51,500.0,21.55,B
2021-06-24T09:49:40,100.0,21.5,S
2021-06-24T09:49:31,100.0,21.55,B
2021-06-24T09:49:03,2000.0,21.55,B
2021-06-24T09:48:40,300.0,21.55,B
2021-06-24T09:48:05,500.0,21.5,S
2021-06-24T09:47:59,200.0,21.5,S
2021-06-24T09:47:51,500.0,21.55,B
2021-06-24T09:47:40,1100.0,21.5,S
2021-06-24T09:47:38,2000.0,21.55,B
2021-06-24T09:47:35,200.0,21.55,B
2021-06-24T09:47:18,200.0,21.5,S
2021-06-24T09:47:15,1300.0,21.5,S
2021-06-24T09:47:15,100.0,21.5,S
2021-06-24T09:46:33,500.0,21.5,S
2021-06-24T09:46:25,1000.0,21.5,S
2021-06-24T09:46:01,100.0,21.5,S
2021-06-24T09:45:48,1000.0,21.5,S
2021-06-24T09:45:45,100.0,21.5,S
2021-06-24T09:45:43,500.0,21.5,S
2021-06-24T09:45:34,6000.0,21.5,S
2021-06-24T09:45:16,100.0,21.5,S
2021-06-24T09:45:00,100.0,21.5,S
2021-06-24T09:44:37,600.0,21.5,S
2021-06-24T09:44:37,2200.0,21.5,S
2021-06-24T09:44:22,200.0,21.55,B
2021-06-24T09:44:16,500.0,21.5,S
2021-06-24T09:43:59,1800.0,21.55,B
2021-06-24T09:43:54,100.0,21.55,S
2021-06-24T09:43:54,300.0,21.55,S
2021-06-24T09:43:51,1000.0,21.5,S
2021-06-24T09:43:48,2100.0,21.55,S
2021-06-24T09:43:40,300.0,21.55,B
2021-06-24T09:43:40,200.0,21.55,B
2021-06-24T09:43:39,1500.0,21.55,B
2021-06-24T09:43:39,600.0,21.55,B
2021-06-24T09:43:38,5300.0,21.55,B
2021-06-24T09:43:26,3100.0,21.55,B
2021-06-24T09:43:26,100.0,21.55,B
2021-06-24T09:43:26,5000.0,21.55,B
2021-06-24T09:43:25,21800.0,21.55,B
2021-06-24T09:43:13,300.0,21.55,B
2021-06-24T09:43:03,300.0,21.55,B
2021-06-24T09:42:50,300.0,21.55,B
2021-06-24T09:42:48,20000.0,21.55,B
2021-06-24T09:42:48,1400.0,21.5,S
2021-06-24T09:42:35,300.0,21.55,B
2021-06-24T09:42:35,300.0,21.55,B
2021-06-24T09:42:30,300.0,21.55,B
2021-06-24T09:42:10,1600.0,21.5,S
2021-06-24T09:41:59,1000.0,21.5,S
2021-06-24T09:41:57,800.0,21.5,S
2021-06-24T09:41:57,100.0,21.5,S
2021-06-24T09:41:57,9700.0,21.5,S
2021-06-24T09:41:55,100.0,21.5,S
2021-06-24T09:41:53,100.0,21.55,B
2021-06-24T09:41:50,300.0,21.5,S
2021-06-24T09:41:44,5000.0,21.55,B
2021-06-24T09:41:39,300.0,21.5,S
2021-06-24T09:41:17,6700.0,21.5,S
2021-06-24T09:40:49,3200.0,21.5,S
2021-06-24T09:40:48,5000.0,21.55,B
2021-06-24T09:40:07,7900.0,21.55,B
2021-06-24T09:40:07,22100.0,21.5,B
2021-06-24T09:40:03,1000.0,21.5,B
2021-06-24T09:39:45,300.0,21.5,B
2021-06-24T09:39:01,7200.0,21.5,S
2021-06-24T09:38:54,1300.0,21.5,S
2021-06-24T09:38:53,1000.0,21.5,S
2021-06-24T09:38:48,200.0,21.5,S
2021-06-24T09:38:47,200.0,21.5,S
2021-06-24T09:38:47,4300.0,21.5,S
2021-06-24T09:38:46,700.0,21.5,S
2021-06-24T09:38:39,300.0,21.5,S
2021-06-24T09:38:24,400.0,21.5,S
2021-06-24T09:38:23,1000.0,21.5,S
2021-06-24T09:38:22,3600.0,21.5,S
2021-06-24T09:38:14,300.0,21.55,B
2021-06-24T09:38:10,500.0,21.5,S
2021-06-24T09:38:01,200.0,21.5,S
2021-06-24T09:37:37,1000.0,21.5,S
2021-06-24T09:37:33,29100.0,21.5,S
2021-06-24T09:37:32,500.0,21.55,B
2021-06-24T09:37:31,1000.0,21.5,S
2021-06-24T09:37:23,1500.0,21.55,B
2021-06-24T09:37:18,200.0,21.5,S
2021-06-24T09:37:13,1000.0,21.5,S
2021-06-24T09:36:50,200.0,21.5,S
2021-06-24T09:36:43,500.0,21.5,S
2021-06-24T09:36:32,100.0,21.5,S
2021-06-24T09:36:27,5300.0,21.5,S
2021-06-24T09:36:20,5000.0,21.5,S
2021-06-24T09:36:10,1200.0,21.5,S
2021-06-24T09:36:09,500.0,21.5,S
2021-06-24T09:36:03,500.0,21.5,S
2021-06-24T09:35:50,200.0,21.5,S
2021-06-24T09:35:49,400.0,21.5,S
2021-06-24T09:35:43,900.0,21.5,S
2021-06-24T09:35:40,2000.0,21.5,S
2021-06-24T09:35:38,1100.0,21.5,S
2021-06-24T09:35:38,3900.0,21.5,S
2021-06-24T09:35:35,1000.0,21.5,S
2021-06-24T09:35:35,500.0,21.5,S
2021-06-24T09:35:29,7000.0,21.5,S
2021-06-24T09:35:19,400.0,21.5,S
2021-06-24T09:35:14,1000.0,21.5,S
2021-06-24T09:35:12,1000.0,21.5,S
2021-06-24T09:35:08,500.0,21.5,S
2021-06-24T09:35:03,200.0,21.5,S
2021-06-24T09:34:55,5000.0,21.5,S
2021-06-24T09:34:53,500.0,21.55,B
2021-06-24T09:34:52,5000.0,21.5,S
2021-06-24T09:34:46,2000.0,21.5,S
2021-06-24T09:34:43,500.0,21.5,S
2021-06-24T09:34:42,300.0,21.5,S
2021-06-24T09:34:32,2000.0,21.5,S
2021-06-24T09:34:24,400.0,21.5,S
2021-06-24T09:34:01,100.0,21.5,S
2021-06-24T09:33:58,100.0,21.55,B
2021-06-24T09:33:55,500.0,21.5,S
2021-06-24T09:33:55,700.0,21.5,S
2021-06-24T09:33:55,200.0,21.5,S
2021-06-24T09:33:35,2000.0,21.55,B
2021-06-24T09:33:07,700.0,21.55,B
2021-06-24T09:33:02,500.0,21.5,S
2021-06-24T09:32:38,1800.0,21.55,B
2021-06-24T09:32:09,52000.0,21.55,S
2021-06-24T09:32:07,100.0,21.55,S
2021-06-24T09:32:05,500.0,21.55,S
2021-06-24T09:32:01,3000.0,21.55,S
2021-06-24T09:32:00,700.0,21.6,B
2021-06-24T09:32:00,600.0,21.6,B
2021-06-24T09:32:00,4000.0,21.6,B
2021-06-24T09:32:00,400.0,21.6,B
2021-06-24T09:32:00,9300.0,21.6,B
2021-06-24T09:31:52,100.0,21.55,S
2021-06-24T09:31:41,100.0,21.55,S
2021-06-24T09:31:34,1000.0,21.55,S
2021-06-24T09:31:29,400.0,21.55,S
2021-06-24T09:31:28,300.0,21.6,B
2021-06-24T09:31:00,4100.0,21.6,B
2021-06-24T09:31:00,400.0,21.6,B
2021-06-24T09:31:00,500.0,21.6,B
2021-06-24T09:30:49,100.0,21.55,S
2021-06-24T09:30:48,300.0,21.55,S
2021-06-24T09:30:48,1200.0,21.55,S
2021-06-24T09:30:44,2000.0,21.55,S
2021-06-24T09:30:27,1000.0,21.55,S
2021-06-24T09:30:26,1500.0,21.55,S
2021-06-24T09:30:20,2000.0,21.55,S
2021-06-24T09:30:17,2000.0,21.55,S
2021-06-24T09:30:13,300.0,21.55,S
2021-06-24T09:30:09,5000.0,21.55,S
2021-06-24T09:30:03,3000.0,21.55,S
2021-06-24T09:30:01,200.0,21.55,S
2021-06-24T09:29:51,200.0,21.55,S
2021-06-24T09:29:47,1000.0,21.55,S
2021-06-24T09:29:36,2000.0,21.55,S
2021-06-24T09:29:36,500.0,21.55,S
2021-06-24T09:29:34,1100.0,21.55,S
2021-06-24T09:29:31,500.0,21.55,S
2021-06-24T09:29:28,1400.0,21.55,S
2021-06-24T09:29:23,2000.0,21.55,S
2021-06-24T09:29:20,2000.0,21.55,S
2021-06-24T09:29:04,500.0,21.55,S
2021-06-24T09:28:56,400.0,21.55,S
2021-06-24T09:28:46,100.0,21.55,S
2021-06-24T09:28:46,1200.0,21.55,S
2021-06-24T09:28:41,500.0,21.55,S
2021-06-24T09:28:38,3000.0,21.55,S
2021-06-24T09:28:38,200.0,21.6,B
2021-06-24T09:28:38,100.0,21.6,B
2021-06-24T09:28:34,1000.0,21.55,S
2021-06-24T09:28:15,400.0,21.55,S
2021-06-24T09:27:58,100.0,21.6,B
2021-06-24T09:27:46,900.0,21.6,B
2021-06-24T09:27:44,300.0,21.6,B
2021-06-24T09:27:42,100.0,21.55,S
2021-06-24T09:27:23,100.0,21.6,B
2021-06-24T09:27:08,10000.0,21.6,B
2021-06-24T09:26:54,2000.0,21.6,B
2021-06-24T09:26:48,11300.0,21.55,S
2021-06-24T09:26:48,5000.0,21.55,S
2021-06-24T09:26:28,300.0,21.6,B
2021-06-24T09:26:17,800.0,21.6,B
2021-06-24T09:26:14,300.0,21.6,B
2021-06-24T09:26:13,300.0,21.6,B
2021-06-24T09:25:34,4200.0,21.6,B
2021-06-24T09:25:34,25800.0,21.6,B
2021-06-24T09:25:27,500.0,21.55,S
2021-06-24T09:25:21,500.0,21.55,S
2021-06-24T09:25:07,500.0,21.55,S
2021-06-24T09:24:57,1400.0,21.55,S
2021-06-24T09:24:43,100.0,21.6,B
2021-06-24T09:24:37,1000.0,21.6,B
2021-06-24T09:24:21,3000.0,21.6,S
2021-06-24T09:24:06,13600.0,21.6,S
2021-06-24T09:23:58,1000.0,21.6,B
2021-06-24T09:23:44,5800.0,21.6,B
2021-06-24T09:23:41,2000.0,21.6,B
2021-06-24T09:23:41,600.0,21.6,B
2021-06-24T09:23:41,300.0,21.6,B
2021-06-24T09:23:41,1300.0,21.6,B
2021-06-24T09:23:41,900.0,21.6,B
2021-06-24T09:23:41,400.0,21.6,B
2021-06-24T09:23:36,8600.0,21.6,B
2021-06-24T09:23:36,3400.0,21.6,B
2021-06-24T09:23:33,500.0,21.6,B
2021-06-24T09:23:33,300.0,21.6,B
2021-06-24T09:23:30,1000.0,21.6,B
2021-06-24T09:23:22,300.0,21.6,B
2021-06-24T09:23:08,100.0,21.6,B
2021-06-24T09:23:00,2000.0,21.6,B
2021-06-24T09:22:59,200.0,21.6,B
2021-06-24T09:22:40,5000.0,21.6,B
2021-06-24T09:22:32,500.0,21.55,S
2021-06-24T09:22:32,2000.0,21.55,S
2021-06-24T09:22:30,200.0,21.6,B
2021-06-24T09:22:28,200.0,21.6,B
2021-06-24T09:22:09,500.0,21.55,S
2021-06-24T09:22:06,100.0,21.55,S
2021-06-24T09:22:01,100.0,21.6,B
2021-06-24T09:21:57,500.0,21.55,S
2021-06-24T09:21:39,5000.0,21.55,S
2021-06-24T09:21:36,2000.0,21.6,B
2021-06-24T09:21:30,500.0,21.55,S
2021-06-24T09:21:24,600.0,21.55,S
2021-06-24T09:21:13,200.0,21.55,B
2021-06-24T09:21:08,200.0,21.55,B
2021-06-24T09:21:07,6600.0,21.55,B
2021-06-24T09:21:01,1400.0,21.5,S
2021-06-24T09:20:51,100.0,21.5,S
2021-06-24T09:20:34,1400.0,21.5,S
2021-06-24T09:20:17,300.0,21.5,S
2021-06-24T09:20:08,200.0,21.55,B
2021-06-24T09:20:04,100.0,21.55,B
2021-06-24T09:19:53,1000.0,21.55,B
2021-06-24T09:19:29,500.0,21.55,S
2021-06-24T09:19:28,300.0,21.5,S
2021-06-24T09:19:28,2700.0,21.5,S
2021-06-24T09:19:28,6700.0,21.5,S
2021-06-24T09:19:27,600.0,21.5,S
2021-06-24T09:19:27,1000.0,21.55,S
2021-06-24T09:19:05,1000.0,21.55,S
2021-06-24T09:18:52,1900.0,21.6,B
2021-06-24T09:18:52,1100.0,21.55,S
2021-06-24T09:18:49,100.0,21.55,S
2021-06-24T09:18:37,400.0,21.55,S
2021-06-24T09:18:16,600.0,21.55,S
2021-06-24T09:18:13,100.0,21.6,B
2021-06-24T09:17:56,400.0,21.6,B
2021-06-24T09:17:54,5000.0,21.5,S
2021-06-24T09:17:52,600.0,21.55,S
2021-06-24T09:17:51,5000.0,21.6,B
2021-06-24T09:17:33,400.0,21.55,S
2021-06-24T09:17:01,11500.0,21.6,S
2021-06-24T09:16:59,100.0,21.6,S
2021-06-24T09:16:57,200.0,21.6,S
2021-06-24T09:16:56,1400.0,21.6,S
2021-06-24T09:16:50,500.0,21.6,S
2021-06-24T09:16:50,1000.0,21.6,S
2021-06-24T09:16:33,6000.0,21.6,S
2021-06-24T09:16:19,2600.0,21.6,S
2021-06-24T09:16:19,400.0,21.7,S
2021-06-24T09:16:14,200.0,21.7,S
2021-06-24T09:16:01,1400.0,21.7,S
2021-06-24T09:16:00,500.0,21.75,B
2021-06-24T09:15:58,500.0,21.75,B
2021-06-24T09:15:56,500.0,21.75,B
2021-06-24T09:15:54,100.0,21.75,B
2021-06-24T09:15:50,1000.0,21.75,B
2021-06-24T09:15:44,500.0,21.75,B
2021-06-24T09:15:41,2000.0,21.7,S
2021-06-24T09:15:41,500.0,21.75,B
2021-06-24T09:15:36,100.0,21.7,S
2021-06-24T09:15:33,5000.0,21.7,S
2021-06-24T09:15:26,900.0,21.75,B
