tradingTime,volume,price,side
2021-06-24T14:30:04,3000.0,10.85,B
2021-06-24T14:30:04,3000.0,10.85,B
2021-06-24T14:30:04,1100.0,10.85,B
2021-06-24T14:29:59,1000.0,10.85,B
2021-06-24T14:29:50,1300.0,10.85,S
2021-06-24T14:29:50,8500.0,10.85,S
2021-06-24T14:29:36,1000.0,10.85,B
2021-06-24T14:29:27,1500.0,10.85,S
2021-06-24T14:29:22,2500.0,10.85,S
2021-06-24T14:29:17,200.0,10.9,B
2021-06-24T14:29:15,1000.0,10.85,S
2021-06-24T14:29:11,2400.0,10.85,B
2021-06-24T14:29:10,12000.0,10.85,B
2021-06-24T14:29:02,1000.0,10.85,B
2021-06-24T14:28:54,200.0,10.85,B
2021-06-24T14:28:49,24100.0,10.8,S
2021-06-24T14:28:49,6600.0,10.8,S
2021-06-24T14:28:49,300.0,10.8,S
2021-06-24T14:28:49,1500.0,10.8,S
2021-06-24T14:28:49,11200.0,10.8,S
2021-06-24T14:28:49,11300.0,10.8,S
2021-06-24T14:28:36,1000.0,10.85,S
2021-06-24T14:28:36,300.0,10.85,S
2021-06-24T14:28:35,100.0,10.85,S
2021-06-24T14:28:35,1500.0,10.85,S
2021-06-24T14:28:35,500.0,10.85,S
2021-06-24T14:28:31,1500.0,10.8,S
2021-06-24T14:28:30,4800.0,10.8,S
2021-06-24T14:28:30,3700.0,10.85,S
2021-06-24T14:28:29,100.0,10.9,B
2021-06-24T14:28:22,1400.0,10.85,S
2021-06-24T14:28:06,600.0,10.85,S
2021-06-24T14:27:56,5000.0,10.85,S
2021-06-24T14:27:54,10000.0,10.9,B
2021-06-24T14:27:31,200.0,10.8,S
2021-06-24T14:27:31,2200.0,10.8,S
2021-06-24T14:27:31,4100.0,10.8,S
2021-06-24T14:27:31,1100.0,10.8,S
2021-06-24T14:27:31,2200.0,10.8,S
2021-06-24T14:27:31,3100.0,10.8,S
2021-06-24T14:27:31,2300.0,10.8,S
2021-06-24T14:27:31,14800.0,10.8,S
2021-06-24T14:27:25,100.0,10.9,B
2021-06-24T14:27:19,2000.0,10.9,B
2021-06-24T14:27:15,1500.0,10.85,S
2021-06-24T14:27:11,100.0,10.85,S
2021-06-24T14:27:01,200.0,10.9,B
2021-06-24T14:27:01,2000.0,10.85,S
2021-06-24T14:26:58,3000.0,10.9,B
2021-06-24T14:26:56,100.0,10.9,B
2021-06-24T14:26:56,100.0,10.9,B
2021-06-24T14:26:30,700.0,10.9,B
2021-06-24T14:26:29,7500.0,10.85,B
2021-06-24T14:26:27,10000.0,10.8,S
2021-06-24T14:26:25,500.0,10.85,B
2021-06-24T14:26:25,100.0,10.85,B
2021-06-24T14:26:22,100.0,10.85,B
2021-06-24T14:26:21,900.0,10.85,B
2021-06-24T14:26:16,100.0,10.85,B
2021-06-24T14:26:16,900.0,10.8,S
2021-06-24T14:26:11,2900.0,10.85,B
2021-06-24T14:26:10,1000.0,10.8,S
2021-06-24T14:26:09,29000.0,10.85,B
2021-06-24T14:26:06,200.0,10.85,B
2021-06-24T14:26:05,1000.0,10.85,B
2021-06-24T14:26:03,400.0,10.85,B
2021-06-24T14:26:01,500.0,10.85,B
2021-06-24T14:25:58,300.0,10.85,B
2021-06-24T14:25:53,5000.0,10.85,B
2021-06-24T14:25:49,2000.0,10.85,B
2021-06-24T14:25:44,3000.0,10.85,B
2021-06-24T14:25:39,700.0,10.85,B
2021-06-24T14:25:37,1000.0,10.85,B
2021-06-24T14:25:37,500.0,10.85,S
2021-06-24T14:25:36,100.0,10.85,S
2021-06-24T14:25:35,500.0,10.85,S
2021-06-24T14:25:35,5600.0,10.85,S
2021-06-24T14:25:35,18500.0,10.85,S
2021-06-24T14:25:35,23700.0,10.85,S
2021-06-24T14:25:32,1000.0,10.85,S
2021-06-24T14:25:28,2000.0,10.9,B
2021-06-24T14:25:13,30000.0,10.85,S
2021-06-24T14:25:08,700.0,10.9,B
2021-06-24T14:25:08,100.0,10.9,B
2021-06-24T14:25:07,900.0,10.9,B
2021-06-24T14:24:59,1000.0,10.9,B
2021-06-24T14:24:58,100.0,10.85,S
2021-06-24T14:24:57,1000.0,10.9,B
2021-06-24T14:24:55,15000.0,10.9,B
2021-06-24T14:24:49,100.0,10.9,B
2021-06-24T14:24:34,15000.0,10.9,B
2021-06-24T14:24:28,1000.0,10.9,B
2021-06-24T14:24:27,10000.0,10.9,B
2021-06-24T14:24:22,1000.0,10.9,B
2021-06-24T14:24:13,5000.0,10.85,S
2021-06-24T14:24:12,1000.0,10.9,B
2021-06-24T14:24:12,200.0,10.9,B
2021-06-24T14:24:05,15000.0,10.9,B
2021-06-24T14:24:05,100.0,10.9,B
2021-06-24T14:24:04,2000.0,10.85,S
2021-06-24T14:24:02,200.0,10.9,B
2021-06-24T14:23:55,2000.0,10.9,B
2021-06-24T14:23:52,6000.0,10.9,B
2021-06-24T14:23:52,100.0,10.9,B
2021-06-24T14:23:49,8000.0,10.9,B
2021-06-24T14:23:49,500.0,10.9,B
2021-06-24T14:23:48,4000.0,10.9,B
2021-06-24T14:23:43,500.0,10.9,B
2021-06-24T14:23:41,900.0,10.9,B
2021-06-24T14:23:41,100.0,10.9,B
2021-06-24T14:23:29,100.0,10.9,B
2021-06-24T14:23:24,300.0,10.9,B
2021-06-24T14:23:24,1700.0,10.9,B
2021-06-24T14:23:22,200.0,10.9,B
2021-06-24T14:23:21,19600.0,10.8,S
2021-06-24T14:23:21,6100.0,10.8,S
2021-06-24T14:23:21,1500.0,10.8,S
2021-06-24T14:23:21,11700.0,10.8,S
2021-06-24T14:23:21,700.0,10.8,S
2021-06-24T14:23:21,400.0,10.8,S
2021-06-24T14:23:21,28000.0,10.8,S
2021-06-24T14:23:21,6200.0,10.8,S
2021-06-24T14:23:21,2100.0,10.8,S
2021-06-24T14:23:21,2000.0,10.8,S
2021-06-24T14:23:21,1600.0,10.8,S
2021-06-24T14:23:21,9000.0,10.8,S
2021-06-24T14:23:21,55000.0,10.8,S
2021-06-24T14:23:21,4000.0,10.85,S
2021-06-24T14:23:21,1000.0,10.85,S
2021-06-24T14:23:21,5500.0,10.85,S
2021-06-24T14:23:21,24600.0,10.85,S
2021-06-24T14:23:18,2000.0,10.9,B
2021-06-24T14:23:15,1000.0,10.9,B
2021-06-24T14:23:14,1500.0,10.9,B
2021-06-24T14:23:11,200.0,10.9,B
2021-06-24T14:23:05,19000.0,10.9,B
2021-06-24T14:22:58,200.0,10.9,B
2021-06-24T14:22:52,20000.0,10.9,B
2021-06-24T14:22:51,1000.0,10.9,B
2021-06-24T14:22:47,100.0,10.9,B
2021-06-24T14:22:39,500.0,10.9,B
2021-06-24T14:22:38,200.0,10.9,B
2021-06-24T14:22:37,500.0,10.9,B
2021-06-24T14:22:27,100.0,10.9,B
2021-06-24T14:22:24,1500.0,10.85,S
2021-06-24T14:22:18,3000.0,10.9,B
2021-06-24T14:22:15,500.0,10.9,B
2021-06-24T14:22:12,2000.0,10.9,B
2021-06-24T14:22:11,500.0,10.9,B
2021-06-24T14:22:05,500.0,10.9,B
2021-06-24T14:21:55,100.0,10.9,B
2021-06-24T14:21:44,2000.0,10.9,B
2021-06-24T14:21:41,3000.0,10.85,S
2021-06-24T14:21:32,900.0,10.85,S
2021-06-24T14:21:32,3700.0,10.85,S
2021-06-24T14:21:32,5400.0,10.85,S
2021-06-24T14:21:23,100.0,10.85,B
2021-06-24T14:21:19,1100.0,10.85,B
2021-06-24T14:21:18,10000.0,10.85,B
2021-06-24T14:21:11,400.0,10.85,B
2021-06-24T14:21:08,500.0,10.85,B
2021-06-24T14:21:07,2000.0,10.85,B
2021-06-24T14:21:06,8400.0,10.85,B
2021-06-24T14:21:06,2000.0,10.85,B
2021-06-24T14:21:04,100.0,10.85,B
2021-06-24T14:21:04,5500.0,10.85,B
2021-06-24T14:20:59,5000.0,10.85,B
2021-06-24T14:20:58,2900.0,10.85,B
2021-06-24T14:20:55,1000.0,10.85,B
2021-06-24T14:20:54,3100.0,10.85,B
2021-06-24T14:20:53,200.0,10.85,B
2021-06-24T14:20:47,100.0,10.85,B
2021-06-24T14:20:42,8000.0,10.85,B
2021-06-24T14:20:41,5000.0,10.85,B
2021-06-24T14:20:37,4700.0,10.85,B
2021-06-24T14:20:37,8300.0,10.85,B
2021-06-24T14:20:34,400.0,10.85,B
2021-06-24T14:20:33,5000.0,10.85,B
2021-06-24T14:20:31,800.0,10.85,B
2021-06-24T14:20:24,1000.0,10.85,B
2021-06-24T14:20:21,6000.0,10.85,B
2021-06-24T14:20:18,100.0,10.85,B
2021-06-24T14:20:16,2000.0,10.85,B
2021-06-24T14:20:12,400.0,10.85,B
2021-06-24T14:20:11,500.0,10.8,S
2021-06-24T14:20:11,300.0,10.8,S
2021-06-24T14:20:11,2400.0,10.85,B
2021-06-24T14:20:11,600.0,10.85,B
2021-06-24T14:20:10,2000.0,10.85,B
2021-06-24T14:20:09,3400.0,10.85,B
2021-06-24T14:20:09,2600.0,10.85,B
2021-06-24T14:20:08,15000.0,10.85,B
2021-06-24T14:20:03,300.0,10.8,S
2021-06-24T14:20:01,100.0,10.85,B
2021-06-24T14:19:59,1500.0,10.85,B
2021-06-24T14:19:47,4900.0,10.85,B
2021-06-24T14:19:45,16800.0,10.85,B
2021-06-24T14:19:44,300.0,10.8,S
2021-06-24T14:19:37,2000.0,10.85,B
2021-06-24T14:19:28,500.0,10.8,B
2021-06-24T14:19:28,1000.0,10.8,B
2021-06-24T14:19:23,600.0,10.8,B
2021-06-24T14:19:21,100.0,10.8,B
2021-06-24T14:19:19,100.0,10.8,B
2021-06-24T14:19:11,200.0,10.8,B
2021-06-24T14:19:05,1000.0,10.8,B
2021-06-24T14:18:58,3000.0,10.8,B
2021-06-24T14:18:58,500.0,10.8,B
2021-06-24T14:18:58,500.0,10.8,B
2021-06-24T14:18:58,5500.0,10.8,B
2021-06-24T14:18:58,56300.0,10.8,B
2021-06-24T14:18:58,5100.0,10.8,B
2021-06-24T14:18:58,93400.0,10.8,B
2021-06-24T14:18:56,2100.0,10.7,S
2021-06-24T14:18:55,51500.0,10.7,S
2021-06-24T14:18:55,700.0,10.7,S
2021-06-24T14:18:55,2700.0,10.7,S
2021-06-24T14:18:55,2900.0,10.7,S
2021-06-24T14:18:55,10100.0,10.7,S
2021-06-24T14:18:55,1600.0,10.7,S
2021-06-24T14:18:55,400.0,10.7,S
2021-06-24T14:18:55,2700.0,10.7,S
2021-06-24T14:18:55,6100.0,10.7,S
2021-06-24T14:18:55,2000.0,10.7,S
2021-06-24T14:18:55,1800.0,10.7,S
2021-06-24T14:18:55,9700.0,10.7,S
2021-06-24T14:18:55,13700.0,10.75,S
2021-06-24T14:18:52,21000.0,10.8,B
2021-06-24T14:18:47,5000.0,10.8,B
2021-06-24T14:18:45,12500.0,10.8,B
2021-06-24T14:18:43,300.0,10.8,B
2021-06-24T14:18:42,300.0,10.8,B
2021-06-24T14:18:40,3000.0,10.8,B
2021-06-24T14:18:40,2000.0,10.8,B
2021-06-24T14:18:37,1000.0,10.8,B
2021-06-24T14:18:28,25000.0,10.8,B
2021-06-24T14:18:16,200.0,10.8,B
2021-06-24T14:18:13,2000.0,10.8,B
2021-06-24T14:18:11,2000.0,10.8,B
2021-06-24T14:18:05,4000.0,10.75,S
2021-06-24T14:18:03,800.0,10.75,S
2021-06-24T14:18:00,100.0,10.8,B
2021-06-24T14:17:56,6000.0,10.7,S
2021-06-24T14:17:54,100.0,10.8,B
2021-06-24T14:17:53,17800.0,10.8,B
2021-06-24T14:17:51,400.0,10.7,S
2021-06-24T14:17:51,1800.0,10.7,S
2021-06-24T14:17:51,7800.0,10.7,S
2021-06-24T14:17:50,5000.0,10.8,B
2021-06-24T14:17:46,100.0,10.8,B
2021-06-24T14:17:46,5000.0,10.8,B
2021-06-24T14:17:44,8000.0,10.8,B
2021-06-24T14:17:35,200.0,10.8,B
2021-06-24T14:17:34,5900.0,10.8,B
2021-06-24T14:17:31,10000.0,10.8,B
2021-06-24T14:17:30,1500.0,10.7,B
2021-06-24T14:17:30,2700.0,10.7,B
2021-06-24T14:17:30,600.0,10.7,B
2021-06-24T14:17:30,25000.0,10.7,B
2021-06-24T14:17:30,3300.0,10.7,B
2021-06-24T14:17:30,16900.0,10.7,B
2021-06-24T14:17:26,3000.0,10.8,B
2021-06-24T14:17:25,500.0,10.8,B
2021-06-24T14:17:22,100.0,10.8,B
2021-06-24T14:17:20,9000.0,10.8,B
2021-06-24T14:17:17,300.0,10.7,B
2021-06-24T14:17:15,50000.0,10.7,B
2021-06-24T14:17:10,1100.0,10.8,B
2021-06-24T14:17:09,600.0,10.8,B
2021-06-24T14:17:01,5000.0,10.8,B
2021-06-24T14:17:00,20000.0,10.7,B
2021-06-24T14:16:55,26000.0,10.8,B
2021-06-24T14:16:55,1000.0,10.7,B
2021-06-24T14:16:47,45500.0,10.7,B
2021-06-24T14:16:46,600.0,10.8,B
2021-06-24T14:16:44,300.0,10.7,B
2021-06-24T14:16:44,100.0,10.7,B
2021-06-24T14:16:42,600.0,10.7,B
2021-06-24T14:16:39,9400.0,10.7,B
2021-06-24T14:16:39,6500.0,10.6,S
2021-06-24T14:16:39,3000.0,10.6,S
2021-06-24T14:16:39,1100.0,10.6,S
2021-06-24T14:16:38,9400.0,10.6,S
2021-06-24T14:16:32,1000.0,10.7,B
2021-06-24T14:16:31,100.0,10.7,B
2021-06-24T14:16:31,10000.0,10.65,S
2021-06-24T14:16:28,4000.0,10.65,S
2021-06-24T14:16:27,6000.0,10.7,B
2021-06-24T14:16:27,1000.0,10.7,B
2021-06-24T14:16:26,100.0,10.7,B
2021-06-24T14:16:19,200.0,10.7,S
2021-06-24T14:16:19,19400.0,10.7,S
2021-06-24T14:16:18,2000.0,10.65,S
2021-06-24T14:16:14,11400.0,10.6,S
2021-06-24T14:16:13,200.0,10.7,S
2021-06-24T14:16:13,20000.0,10.6,S
2021-06-24T14:16:12,100.0,10.7,S
2021-06-24T14:16:12,8500.0,10.6,S
2021-06-24T14:16:12,2500.0,10.6,S
2021-06-24T14:16:11,400.0,10.7,S
2021-06-24T14:16:10,4100.0,10.6,S
2021-06-24T14:16:10,300.0,10.6,S
2021-06-24T14:16:09,20600.0,10.6,S
2021-06-24T14:16:07,10000.0,10.7,S
2021-06-24T14:16:05,20000.0,10.7,S
2021-06-24T14:16:05,12400.0,10.7,S
2021-06-24T14:16:05,28700.0,10.6,S
2021-06-24T14:16:01,2200.0,10.7,S
2021-06-24T14:15:43,10000.0,10.6,S
2021-06-24T14:15:43,4300.0,10.6,S
2021-06-24T14:15:43,10000.0,10.6,S
2021-06-24T14:15:43,2700.0,10.6,S
2021-06-24T14:15:43,14800.0,10.6,S
2021-06-24T14:15:43,5500.0,10.7,S
2021-06-24T14:15:43,18700.0,10.7,S
2021-06-24T14:15:39,300.0,10.7,S
2021-06-24T14:15:31,5000.0,10.7,S
2021-06-24T14:15:28,1000.0,10.8,B
2021-06-24T14:15:27,3200.0,10.6,S
2021-06-24T14:15:27,10200.0,10.6,S
2021-06-24T14:15:27,11000.0,10.6,S
2021-06-24T14:15:27,700.0,10.6,S
2021-06-24T14:15:26,19900.0,10.6,S
2021-06-24T14:15:26,10000.0,10.6,S
2021-06-24T14:15:25,1000.0,10.7,B
2021-06-24T14:15:21,200.0,10.7,B
2021-06-24T14:15:19,2500.0,10.8,B
2021-06-24T14:15:16,7900.0,10.7,B
2021-06-24T14:15:14,4000.0,10.6,S
2021-06-24T14:15:14,40000.0,10.6,S
2021-06-24T14:15:09,2000.0,10.7,B
2021-06-24T14:15:04,10000.0,10.7,B
2021-06-24T14:15:02,5000.0,10.7,B
2021-06-24T14:14:59,100.0,10.7,B
2021-06-24T14:14:56,1000.0,10.7,B
2021-06-24T14:14:56,1000.0,10.7,B
2021-06-24T14:14:53,1500.0,10.7,B
2021-06-24T14:14:52,1000.0,10.7,B
2021-06-24T14:14:52,1000.0,10.7,B
2021-06-24T14:14:51,1000.0,10.7,B
2021-06-24T14:14:50,500.0,10.7,B
2021-06-24T14:14:50,20000.0,10.7,S
2021-06-24T14:14:49,2000.0,10.7,S
2021-06-24T14:14:44,3700.0,10.7,S
2021-06-24T14:14:44,3300.0,10.7,S
2021-06-24T14:14:43,34600.0,10.6,S
2021-06-24T14:14:43,15900.0,10.6,S
2021-06-24T14:14:43,4000.0,10.7,S
2021-06-24T14:14:38,200.0,10.6,S
2021-06-24T14:14:38,1000.0,10.7,S
2021-06-24T14:14:37,1000.0,10.7,S
2021-06-24T14:14:36,5000.0,10.7,S
2021-06-24T14:14:34,10000.0,10.7,S
2021-06-24T14:14:33,100.0,10.7,S
2021-06-24T14:14:29,2000.0,10.6,S
2021-06-24T14:14:28,500.0,10.7,S
2021-06-24T14:14:27,6000.0,10.7,S
2021-06-24T14:14:27,900.0,10.6,S
2021-06-24T14:14:27,11000.0,10.6,S
2021-06-24T14:14:25,18100.0,10.6,S
2021-06-24T14:14:23,2000.0,10.7,S
2021-06-24T14:14:21,100.0,10.7,S
2021-06-24T14:14:18,5000.0,10.7,S
2021-06-24T14:14:17,2000.0,10.7,S
2021-06-24T14:14:17,100.0,10.7,S
2021-06-24T14:14:16,2000.0,10.7,S
2021-06-24T14:14:16,15400.0,10.7,S
2021-06-24T14:14:12,4500.0,10.6,S
2021-06-24T14:14:12,600.0,10.6,S
2021-06-24T14:14:12,2000.0,10.6,S
2021-06-24T14:14:12,3300.0,10.6,S
2021-06-24T14:14:12,6800.0,10.65,S
2021-06-24T14:14:12,900.0,10.7,S
2021-06-24T14:14:11,25600.0,10.7,S
2021-06-24T14:14:11,12000.0,10.7,S
2021-06-24T14:14:11,500.0,10.7,S
2021-06-24T14:14:11,800.0,10.7,S
2021-06-24T14:14:11,12600.0,10.7,S
2021-06-24T14:14:11,55500.0,10.7,S
2021-06-24T14:14:11,500.0,10.7,S
2021-06-24T14:14:10,100.0,10.7,S
2021-06-24T14:14:10,2000.0,10.7,S
2021-06-24T14:14:10,30700.0,10.7,S
2021-06-24T14:14:10,16600.0,10.7,S
2021-06-24T14:14:10,200.0,10.8,S
2021-06-24T14:14:09,500.0,10.8,S
2021-06-24T14:14:06,100.0,10.8,S
2021-06-24T14:14:04,16800.0,10.8,S
2021-06-24T14:14:01,1000.0,10.8,S
2021-06-24T14:14:01,18000.0,10.8,S
2021-06-24T14:13:51,1000.0,10.75,S
2021-06-24T14:13:50,100.0,10.8,S
2021-06-24T14:13:43,1000.0,10.8,S
2021-06-24T14:13:43,1500.0,10.8,S
2021-06-24T14:13:41,100.0,10.8,S
2021-06-24T14:13:41,100.0,10.8,S
2021-06-24T14:13:41,1000.0,10.75,S
2021-06-24T14:13:38,500.0,10.8,S
2021-06-24T14:13:35,100.0,10.8,S
2021-06-24T14:13:35,500.0,10.8,S
2021-06-24T14:13:34,100.0,10.8,S
2021-06-24T14:13:33,10000.0,10.8,S
2021-06-24T14:13:32,1100.0,10.8,S
2021-06-24T14:13:23,3000.0,10.8,S
2021-06-24T14:13:22,100.0,10.8,S
2021-06-24T14:13:22,500.0,10.8,S
2021-06-24T14:13:21,200.0,10.8,S
2021-06-24T14:13:20,1000.0,10.8,S
2021-06-24T14:13:14,24100.0,10.8,S
2021-06-24T14:13:10,100.0,10.8,S
2021-06-24T14:13:07,500.0,10.8,S
2021-06-24T14:13:06,1100.0,10.8,S
2021-06-24T14:12:59,200.0,10.8,S
2021-06-24T14:12:59,1000.0,10.8,S
2021-06-24T14:12:59,3000.0,10.8,S
2021-06-24T14:12:59,2000.0,10.8,S
2021-06-24T14:12:59,7000.0,10.8,S
2021-06-24T14:12:58,2200.0,10.85,B
2021-06-24T14:12:58,2200.0,10.8,S
2021-06-24T14:12:56,3000.0,10.8,S
2021-06-24T14:12:56,13100.0,10.8,S
2021-06-24T14:12:56,15800.0,10.8,S
2021-06-24T14:12:56,3500.0,10.8,S
2021-06-24T14:12:56,100.0,10.8,S
2021-06-24T14:12:56,100.0,10.8,S
2021-06-24T14:12:56,2800.0,10.8,S
2021-06-24T14:12:56,6600.0,10.8,S
2021-06-24T14:12:56,1100.0,10.8,S
2021-06-24T14:12:56,7100.0,10.8,S
2021-06-24T14:12:56,900.0,10.8,S
2021-06-24T14:12:56,3700.0,10.8,S
2021-06-24T14:12:56,4200.0,10.8,S
2021-06-24T14:12:56,2500.0,10.8,S
2021-06-24T14:12:56,5200.0,10.8,S
2021-06-24T14:12:56,32200.0,10.8,S
2021-06-24T14:12:55,2900.0,10.8,S
2021-06-24T14:12:52,900.0,10.8,S
2021-06-24T14:12:49,5000.0,10.8,S
2021-06-24T14:12:45,15000.0,10.8,S
2021-06-24T14:12:45,10000.0,10.8,S
2021-06-24T14:12:42,10000.0,10.8,S
2021-06-24T14:12:40,11000.0,10.8,S
2021-06-24T14:12:39,20000.0,10.8,S
2021-06-24T14:12:37,15000.0,10.8,S
2021-06-24T14:12:36,600.0,10.8,S
2021-06-24T14:12:36,4500.0,10.8,S
2021-06-24T14:12:35,500.0,10.8,S
2021-06-24T14:12:33,2200.0,10.8,S
2021-06-24T14:12:29,10000.0,10.8,S
2021-06-24T14:12:28,2000.0,10.85,B
2021-06-24T14:12:28,1000.0,10.85,B
2021-06-24T14:12:26,200.0,10.8,S
2021-06-24T14:12:25,36000.0,10.8,S
2021-06-24T14:12:25,1000.0,10.8,S
2021-06-24T14:12:21,100.0,10.8,S
2021-06-24T14:12:14,1000.0,10.8,S
2021-06-24T14:11:56,100.0,10.85,S
2021-06-24T14:11:45,2000.0,10.85,S
2021-06-24T14:11:41,1000.0,10.8,S
2021-06-24T14:11:41,3700.0,10.8,S
2021-06-24T14:11:34,9600.0,10.85,S
2021-06-24T14:11:33,100.0,10.85,S
2021-06-24T14:11:31,5000.0,10.85,S
2021-06-24T14:11:31,2000.0,10.85,S
2021-06-24T14:11:29,200.0,10.85,S
2021-06-24T14:11:27,500.0,10.85,S
2021-06-24T14:11:24,3000.0,10.85,S
2021-06-24T14:11:23,33000.0,10.8,S
2021-06-24T14:11:19,300.0,10.85,S
2021-06-24T14:11:14,4000.0,10.85,S
2021-06-24T14:11:14,5000.0,10.85,S
2021-06-24T14:11:10,500.0,10.85,S
2021-06-24T14:11:08,100.0,10.85,S
2021-06-24T14:11:03,1000.0,10.85,S
2021-06-24T14:11:02,9900.0,10.85,S
2021-06-24T14:10:58,1000.0,10.85,S
2021-06-24T14:10:54,600.0,10.85,S
2021-06-24T14:10:51,100.0,10.9,B
2021-06-24T14:10:46,18000.0,10.85,S
2021-06-24T14:10:40,500.0,10.9,B
2021-06-24T14:10:40,4000.0,10.85,S
2021-06-24T14:10:40,200.0,10.9,B
2021-06-24T14:10:38,2000.0,10.9,B
2021-06-24T14:10:35,1000.0,10.9,B
2021-06-24T14:10:35,4000.0,10.85,S
2021-06-24T14:10:31,25800.0,10.85,S
2021-06-24T14:10:30,20000.0,10.9,B
2021-06-24T14:10:29,13500.0,10.85,S
2021-06-24T14:10:27,20100.0,10.9,B
2021-06-24T14:10:27,1800.0,10.85,S
2021-06-24T14:10:27,10200.0,10.85,S
2021-06-24T14:10:25,9000.0,10.9,B
2021-06-24T14:10:21,1000.0,10.9,B
2021-06-24T14:10:17,2000.0,10.9,B
2021-06-24T14:10:08,200.0,10.9,B
2021-06-24T14:10:04,2000.0,10.9,B
2021-06-24T14:09:58,3000.0,10.9,B
2021-06-24T14:09:57,100.0,10.9,B
2021-06-24T14:09:53,1000.0,10.9,B
2021-06-24T14:09:51,200.0,10.9,S
2021-06-24T14:09:51,1200.0,10.9,S
2021-06-24T14:09:49,200.0,10.9,S
2021-06-24T14:09:48,100.0,10.9,S
2021-06-24T14:09:38,2000.0,10.9,S
2021-06-24T14:09:35,500.0,10.9,S
2021-06-24T14:09:34,900.0,10.85,S
2021-06-24T14:09:34,4500.0,10.85,S
2021-06-24T14:09:29,20000.0,10.9,S
2021-06-24T14:09:22,500.0,10.9,S
2021-06-24T14:09:20,1000.0,10.9,S
2021-06-24T14:09:15,500.0,10.9,S
2021-06-24T14:09:13,5000.0,10.85,S
2021-06-24T14:09:02,400.0,10.9,S
2021-06-24T14:08:56,200.0,10.9,S
2021-06-24T14:08:49,2000.0,10.9,S
2021-06-24T14:08:46,5000.0,10.9,S
2021-06-24T14:08:46,100.0,10.9,S
2021-06-24T14:08:46,400.0,10.9,S
2021-06-24T14:08:46,200.0,10.9,S
2021-06-24T14:08:46,5700.0,10.9,S
2021-06-24T14:08:46,1000.0,10.9,S
2021-06-24T14:08:46,1100.0,10.9,S
2021-06-24T14:08:46,10200.0,10.9,S
2021-06-24T14:08:46,4500.0,10.9,S
2021-06-24T14:08:46,600.0,10.9,S
2021-06-24T14:08:46,4500.0,10.9,S
2021-06-24T14:08:46,5800.0,10.9,S
2021-06-24T14:08:46,100.0,10.9,S
2021-06-24T14:08:45,4100.0,10.9,S
2021-06-24T14:08:44,500.0,10.9,S
2021-06-24T14:08:42,300.0,10.95,B
2021-06-24T14:08:35,1100.0,10.9,S
2021-06-24T14:08:19,1300.0,10.95,B
2021-06-24T14:08:18,13000.0,10.9,S
2021-06-24T14:08:16,2000.0,10.95,B
2021-06-24T14:08:15,50000.0,10.9,S
2021-06-24T14:07:58,200.0,10.95,S
2021-06-24T14:07:55,1000.0,10.95,S
2021-06-24T14:07:51,500.0,10.95,S
2021-06-24T14:07:51,17300.0,10.9,S
2021-06-24T14:07:38,2000.0,10.95,S
2021-06-24T14:07:38,23000.0,10.9,S
2021-06-24T14:07:30,1000.0,10.95,S
2021-06-24T14:07:29,400.0,10.95,S
2021-06-24T14:07:25,300.0,10.95,S
2021-06-24T14:07:21,500.0,10.95,S
2021-06-24T14:07:00,800.0,10.95,S
2021-06-24T14:06:57,1000.0,10.95,S
2021-06-24T14:06:55,3000.0,10.95,S
2021-06-24T14:06:54,6000.0,10.9,S
2021-06-24T14:06:54,900.0,10.95,S
2021-06-24T14:06:48,1000.0,10.95,S
2021-06-24T14:06:45,900.0,10.95,S
2021-06-24T14:06:41,500.0,10.95,S
2021-06-24T14:06:40,200.0,10.95,S
2021-06-24T14:06:37,600.0,11.0,B
2021-06-24T14:06:36,6500.0,11.0,B
2021-06-24T14:06:34,2000.0,10.95,S
2021-06-24T14:06:32,3000.0,11.0,B
2021-06-24T14:06:29,1100.0,10.9,S
2021-06-24T14:06:29,100.0,10.9,S
2021-06-24T14:06:28,15000.0,10.9,S
2021-06-24T14:06:19,2000.0,11.0,B
2021-06-24T14:06:19,500.0,11.0,B
2021-06-24T14:06:13,1000.0,11.0,B
2021-06-24T14:06:09,500.0,11.0,B
2021-06-24T14:06:03,1000.0,10.95,S
2021-06-24T14:06:02,1600.0,10.95,S
2021-06-24T14:05:59,100.0,11.0,B
2021-06-24T14:05:58,1300.0,10.95,S
2021-06-24T14:05:55,3000.0,11.0,B
2021-06-24T14:05:54,10000.0,11.0,B
2021-06-24T14:05:49,500.0,11.0,B
2021-06-24T14:05:49,1000.0,11.0,B
2021-06-24T14:05:48,2000.0,11.0,B
2021-06-24T14:05:46,500.0,11.0,B
2021-06-24T14:05:37,200.0,11.0,B
2021-06-24T14:05:34,1000.0,11.0,B
2021-06-24T14:05:32,1000.0,11.0,B
2021-06-24T14:05:29,500.0,11.0,B
2021-06-24T14:05:27,10000.0,11.0,B
2021-06-24T14:05:25,500.0,11.0,B
2021-06-24T14:05:22,7000.0,11.0,B
2021-06-24T14:05:22,3200.0,11.0,S
2021-06-24T14:05:22,2000.0,11.0,S
2021-06-24T14:05:21,100.0,11.0,S
2021-06-24T14:05:21,13400.0,11.0,S
2021-06-24T14:05:21,1000.0,11.0,S
2021-06-24T14:05:21,5000.0,11.0,S
2021-06-24T14:05:21,500.0,11.0,S
2021-06-24T14:05:21,11900.0,11.0,S
2021-06-24T14:05:21,100.0,11.0,S
2021-06-24T14:05:21,400.0,11.0,S
2021-06-24T14:05:21,1700.0,11.0,S
2021-06-24T14:05:21,3000.0,11.0,S
2021-06-24T14:05:21,300.0,11.0,S
2021-06-24T14:05:21,2100.0,11.0,S
2021-06-24T14:05:21,20200.0,11.0,S
2021-06-24T14:05:21,5200.0,11.0,S
2021-06-24T14:05:20,4100.0,11.0,S
2021-06-24T14:05:20,10100.0,11.0,S
2021-06-24T14:05:20,9500.0,11.0,S
2021-06-24T14:05:20,20700.0,11.0,S
2021-06-24T14:05:20,4200.0,11.0,S
2021-06-24T14:05:20,1200.0,11.0,S
2021-06-24T14:05:20,100.0,11.0,S
2021-06-24T14:05:20,500.0,11.0,S
2021-06-24T14:05:20,5100.0,11.0,S
2021-06-24T14:05:20,7000.0,11.0,S
2021-06-24T14:05:20,23500.0,11.0,S
2021-06-24T14:05:02,10000.0,11.0,S
2021-06-24T14:05:01,10000.0,11.0,S
2021-06-24T14:05:01,13600.0,11.0,S
2021-06-24T14:05:01,300.0,11.0,S
2021-06-24T14:05:01,700.0,11.0,S
2021-06-24T14:05:00,5400.0,11.0,S
2021-06-24T14:04:56,2800.0,11.0,S
2021-06-24T14:04:56,102000.0,11.0,S
2021-06-24T14:04:56,2000.0,11.0,S
2021-06-24T14:04:56,5500.0,11.0,S
2021-06-24T14:04:56,14100.0,11.0,S
2021-06-24T14:04:56,100.0,11.0,S
2021-06-24T14:04:56,2600.0,11.0,S
2021-06-24T14:04:56,9100.0,11.0,S
2021-06-24T14:04:56,1200.0,11.0,S
2021-06-24T14:04:55,82300.0,11.0,S
2021-06-24T14:04:54,4000.0,11.0,S
2021-06-24T14:04:46,5000.0,11.05,S
2021-06-24T14:04:46,14600.0,11.0,S
2021-06-24T14:04:39,2000.0,11.0,S
2021-06-24T14:04:34,20000.0,11.05,S
2021-06-24T14:04:33,30000.0,11.0,S
2021-06-24T14:04:31,2000.0,11.05,S
2021-06-24T14:04:30,300.0,11.0,S
2021-06-24T14:04:30,4700.0,11.0,S
2021-06-24T14:04:27,6400.0,11.0,S
2021-06-24T14:04:27,100.0,11.0,S
2021-06-24T14:04:27,3500.0,11.0,S
2021-06-24T14:04:23,40000.0,11.0,S
2021-06-24T14:04:19,200.0,11.0,S
2021-06-24T14:04:17,10000.0,11.0,S
2021-06-24T14:04:15,7000.0,11.0,S
2021-06-24T14:04:15,100.0,11.0,S
2021-06-24T14:04:13,5000.0,11.0,S
2021-06-24T14:04:10,2700.0,11.0,S
2021-06-24T14:04:10,2000.0,11.0,S
2021-06-24T14:04:10,500.0,11.0,S
2021-06-24T14:04:09,5000.0,11.0,S
2021-06-24T14:04:03,1000.0,11.05,S
2021-06-24T14:03:56,11300.0,11.0,S
2021-06-24T14:03:56,4200.0,11.0,S
2021-06-24T14:03:56,10400.0,11.0,S
2021-06-24T14:03:56,4400.0,11.0,S
2021-06-24T14:03:56,400.0,11.0,S
2021-06-24T14:03:55,51300.0,11.0,S
2021-06-24T14:03:55,30000.0,11.05,S
2021-06-24T14:03:51,5000.0,11.0,S
2021-06-24T14:03:49,700.0,11.0,S
2021-06-24T14:03:45,100.0,11.0,S
2021-06-24T14:03:36,100.0,11.05,S
2021-06-24T14:03:35,900.0,11.05,S
2021-06-24T14:03:35,10000.0,11.05,S
2021-06-24T14:03:28,3000.0,11.1,B
2021-06-24T14:03:27,73500.0,11.0,S
2021-06-24T14:03:27,16900.0,11.0,S
2021-06-24T14:03:27,5900.0,11.05,S
2021-06-24T14:03:27,22100.0,11.05,S
2021-06-24T14:03:27,200.0,11.05,S
2021-06-24T14:03:27,500.0,11.05,S
2021-06-24T14:03:27,51000.0,11.05,S
2021-06-24T14:03:27,13000.0,11.05,S
2021-06-24T14:03:27,2100.0,11.05,S
2021-06-24T14:03:27,14800.0,11.05,S
2021-06-24T14:03:11,100.0,11.1,B
2021-06-24T14:03:09,200.0,11.1,B
2021-06-24T14:03:09,2000.0,11.1,B
2021-06-24T14:03:06,30000.0,11.1,S
2021-06-24T14:03:03,3200.0,11.1,S
2021-06-24T14:03:01,4000.0,11.05,S
2021-06-24T14:02:54,3000.0,11.1,S
2021-06-24T14:02:44,200.0,11.1,S
2021-06-24T14:02:35,46100.0,11.1,S
2021-06-24T14:02:24,3000.0,11.1,S
2021-06-24T14:02:24,2000.0,11.1,S
2021-06-24T14:02:17,4000.0,11.1,S
2021-06-24T14:02:16,200.0,11.15,B
2021-06-24T14:02:07,200.0,11.15,B
2021-06-24T14:02:05,200.0,11.15,B
2021-06-24T14:02:00,3000.0,11.1,S
2021-06-24T14:01:59,200.0,11.15,B
2021-06-24T14:01:57,5000.0,11.1,S
2021-06-24T14:01:56,2000.0,11.1,S
2021-06-24T14:01:48,3000.0,11.1,S
2021-06-24T14:01:43,10000.0,11.1,S
2021-06-24T14:01:43,10000.0,11.1,S
2021-06-24T14:01:42,3000.0,11.1,S
2021-06-24T14:01:35,17600.0,11.1,S
2021-06-24T14:01:21,1000.0,11.1,S
2021-06-24T14:01:20,800.0,11.15,B
2021-06-24T14:01:18,500.0,11.1,S
2021-06-24T14:01:15,5000.0,11.1,S
2021-06-24T14:01:11,5900.0,11.1,S
2021-06-24T14:01:11,4100.0,11.1,S
2021-06-24T14:01:08,17000.0,11.1,S
2021-06-24T14:01:08,1100.0,11.1,S
2021-06-24T14:01:08,300.0,11.1,S
2021-06-24T14:01:08,2600.0,11.1,S
2021-06-24T14:01:08,3000.0,11.1,S
2021-06-24T14:01:08,3100.0,11.1,S
2021-06-24T14:01:08,3000.0,11.1,S
2021-06-24T14:01:07,7000.0,11.1,S
2021-06-24T14:01:07,6900.0,11.1,S
2021-06-24T14:01:07,1900.0,11.1,S
2021-06-24T14:01:07,1000.0,11.1,S
2021-06-24T14:01:07,5100.0,11.1,S
2021-06-24T14:01:07,10100.0,11.1,S
2021-06-24T14:01:07,2200.0,11.1,S
2021-06-24T14:01:07,1900.0,11.1,S
2021-06-24T14:01:07,300.0,11.1,S
2021-06-24T14:01:07,500.0,11.1,S
2021-06-24T14:01:07,1100.0,11.1,S
2021-06-24T14:01:07,200.0,11.1,S
2021-06-24T14:01:07,1200.0,11.1,S
2021-06-24T14:01:07,10000.0,11.1,S
2021-06-24T14:01:07,16000.0,11.1,S
2021-06-24T14:01:06,200.0,11.15,B
2021-06-24T14:00:41,2000.0,11.1,S
2021-06-24T14:00:38,5000.0,11.15,B
2021-06-24T14:00:22,3500.0,11.1,S
2021-06-24T14:00:21,4800.0,11.1,S
2021-06-24T14:00:21,4900.0,11.1,S
2021-06-24T14:00:21,600.0,11.1,S
2021-06-24T14:00:20,54400.0,11.1,S
2021-06-24T14:00:04,200.0,11.15,B
2021-06-24T14:00:00,12200.0,11.1,S
2021-06-24T14:00:00,5800.0,11.1,S
2021-06-24T13:59:50,20000.0,11.1,S
2021-06-24T13:59:37,5000.0,11.1,S
2021-06-24T13:59:29,9700.0,11.1,S
2021-06-24T13:59:24,1200.0,11.15,B
2021-06-24T13:59:22,100.0,11.15,B
2021-06-24T13:59:18,8700.0,11.1,S
2021-06-24T13:59:18,1100.0,11.1,S
2021-06-24T13:59:18,900.0,11.1,S
2021-06-24T13:59:18,1000.0,11.1,S
2021-06-24T13:59:18,1800.0,11.1,S
2021-06-24T13:59:18,6800.0,11.1,S
2021-06-24T13:59:18,200.0,11.1,S
2021-06-24T13:59:17,1100.0,11.1,S
2021-06-24T13:59:17,17900.0,11.1,S
2021-06-24T13:59:13,5600.0,11.1,S
2021-06-24T13:59:00,5000.0,11.1,S
2021-06-24T13:58:54,4000.0,11.1,S
2021-06-24T13:58:53,6800.0,11.1,S
2021-06-24T13:58:42,5000.0,11.1,S
2021-06-24T13:58:41,1800.0,11.1,S
2021-06-24T13:58:24,500.0,11.1,S
2021-06-24T13:57:53,100.0,11.1,S
2021-06-24T13:57:53,2000.0,11.1,S
2021-06-24T13:57:21,100.0,11.15,B
2021-06-24T13:57:15,100.0,11.15,B
2021-06-24T13:57:02,19700.0,11.15,B
2021-06-24T13:56:58,5000.0,11.15,B
2021-06-24T13:56:42,3000.0,11.15,B
2021-06-24T13:56:39,2200.0,11.1,S
2021-06-24T13:56:31,2000.0,11.1,S
2021-06-24T13:56:30,1000.0,11.15,B
2021-06-24T13:55:56,500.0,11.15,B
2021-06-24T13:55:25,7500.0,11.15,S
2021-06-24T13:55:25,26200.0,11.15,S
2021-06-24T13:55:23,3000.0,11.2,B
2021-06-24T13:55:00,200.0,11.2,B
2021-06-24T13:54:51,200.0,11.2,B
2021-06-24T13:54:43,400.0,11.15,S
2021-06-24T13:54:40,15000.0,11.15,S
2021-06-24T13:53:23,200.0,11.2,B
2021-06-24T13:53:22,1000.0,11.15,S
2021-06-24T13:53:21,200.0,11.2,B
2021-06-24T13:53:08,1000.0,11.15,S
2021-06-24T13:52:58,4000.0,11.15,S
2021-06-24T13:52:37,100.0,11.2,B
2021-06-24T13:52:26,1900.0,11.2,B
2021-06-24T13:51:53,1100.0,11.2,B
2021-06-24T13:51:53,1000.0,11.2,B
2021-06-24T13:51:51,1000.0,11.2,B
2021-06-24T13:51:42,5000.0,11.2,B
2021-06-24T13:51:26,100.0,11.2,B
2021-06-24T13:51:25,11700.0,11.15,S
2021-06-24T13:51:25,6000.0,11.15,S
2021-06-24T13:51:25,15300.0,11.15,S
2021-06-24T13:51:25,5000.0,11.15,S
2021-06-24T13:51:25,10200.0,11.15,S
2021-06-24T13:51:25,19300.0,11.15,S
2021-06-24T13:51:24,21000.0,11.15,S
2021-06-24T13:51:24,20900.0,11.15,S
2021-06-24T13:51:24,50100.0,11.15,S
2021-06-24T13:51:24,6500.0,11.15,S
2021-06-24T13:51:24,6100.0,11.15,S
2021-06-24T13:51:24,3500.0,11.15,S
2021-06-24T13:51:24,24400.0,11.15,S
2021-06-24T13:51:23,100.0,11.2,B
2021-06-24T13:51:22,10000.0,11.2,B
2021-06-24T13:51:03,100.0,11.2,B
2021-06-24T13:50:31,100.0,11.2,B
2021-06-24T13:50:27,600.0,11.2,B
2021-06-24T13:50:20,500.0,11.2,B
2021-06-24T13:50:20,19500.0,11.2,B
2021-06-24T13:50:11,100.0,11.2,B
2021-06-24T13:50:11,500.0,11.2,B
2021-06-24T13:50:04,100.0,11.2,B
2021-06-24T13:49:26,100.0,11.2,B
2021-06-24T13:49:18,2000.0,11.2,B
2021-06-24T13:49:04,300.0,11.2,B
2021-06-24T13:48:54,100.0,11.2,B
2021-06-24T13:48:50,1000.0,11.15,S
2021-06-24T13:48:15,100.0,11.2,B
2021-06-24T13:47:55,100.0,11.2,B
2021-06-24T13:47:47,100.0,11.2,B
2021-06-24T13:47:39,5000.0,11.15,S
2021-06-24T13:47:20,500.0,11.2,B
2021-06-24T13:47:20,100.0,11.2,B
2021-06-24T13:47:13,500.0,11.2,B
2021-06-24T13:47:06,100.0,11.2,B
2021-06-24T13:46:58,500.0,11.2,B
2021-06-24T13:46:40,500.0,11.2,B
2021-06-24T13:46:35,100.0,11.2,B
2021-06-24T13:45:42,5000.0,11.2,B
2021-06-24T13:45:33,2000.0,11.15,S
2021-06-24T13:45:19,5600.0,11.15,S
2021-06-24T13:45:19,1500.0,11.15,S
2021-06-24T13:45:19,17900.0,11.15,S
2021-06-24T13:45:15,100.0,11.2,B
2021-06-24T13:44:35,1000.0,11.2,B
2021-06-24T13:44:16,4000.0,11.2,B
2021-06-24T13:44:15,2000.0,11.2,B
2021-06-24T13:44:12,5000.0,11.2,B
2021-06-24T13:43:51,1000.0,11.2,B
2021-06-24T13:43:35,2000.0,11.2,B
2021-06-24T13:43:33,2000.0,11.2,B
2021-06-24T13:43:08,1000.0,11.2,B
2021-06-24T13:43:07,100.0,11.2,B
2021-06-24T13:42:45,40000.0,11.2,B
2021-06-24T13:42:00,100.0,11.2,B
2021-06-24T13:41:58,200.0,11.2,B
2021-06-24T13:41:55,500.0,11.2,B
2021-06-24T13:41:50,100.0,11.2,B
2021-06-24T13:41:38,200.0,11.2,B
2021-06-24T13:41:05,100.0,11.2,B
2021-06-24T13:41:00,100.0,11.2,B
2021-06-24T13:40:54,20000.0,11.15,S
2021-06-24T13:40:49,100.0,11.2,B
2021-06-24T13:40:45,15000.0,11.2,B
2021-06-24T13:40:37,2000.0,11.2,B
2021-06-24T13:40:30,3000.0,11.2,B
2021-06-24T13:40:28,15000.0,11.15,S
2021-06-24T13:40:09,1000.0,11.2,B
2021-06-24T13:40:01,100.0,11.2,B
2021-06-24T13:39:11,1900.0,11.2,B
2021-06-24T13:39:11,700.0,11.2,B
2021-06-24T13:39:11,7400.0,11.2,B
2021-06-24T13:39:06,6200.0,11.15,S
2021-06-24T13:39:06,3800.0,11.15,S
2021-06-24T13:38:30,5000.0,11.2,B
2021-06-24T13:38:04,100.0,11.2,B
2021-06-24T13:37:13,100.0,11.2,B
2021-06-24T13:37:07,7000.0,11.2,B
2021-06-24T13:36:51,200.0,11.2,B
2021-06-24T13:36:42,300.0,11.2,B
2021-06-24T13:36:42,10000.0,11.2,B
2021-06-24T13:36:37,4000.0,11.15,S
2021-06-24T13:36:36,8000.0,11.2,B
2021-06-24T13:36:36,200.0,11.2,B
2021-06-24T13:36:23,1000.0,11.2,B
2021-06-24T13:36:08,5000.0,11.2,B
2021-06-24T13:35:55,100.0,11.2,B
2021-06-24T13:35:46,1000.0,11.2,S
2021-06-24T13:35:45,600.0,11.2,S
2021-06-24T13:35:40,2500.0,11.2,S
2021-06-24T13:35:39,100.0,11.2,S
2021-06-24T13:35:16,7800.0,11.2,B
2021-06-24T13:35:02,1600.0,11.2,B
2021-06-24T13:35:00,100.0,11.15,S
2021-06-24T13:34:58,5000.0,11.2,B
2021-06-24T13:34:45,2500.0,11.15,S
2021-06-24T13:34:40,5000.0,11.2,B
2021-06-24T13:34:36,100.0,11.15,S
2021-06-24T13:34:25,2000.0,11.2,B
2021-06-24T13:34:20,1000.0,11.2,B
2021-06-24T13:34:17,300.0,11.2,B
2021-06-24T13:34:09,100.0,11.2,B
2021-06-24T13:33:39,1400.0,11.2,B
2021-06-24T13:33:39,1600.0,11.2,B
2021-06-24T13:33:36,1000.0,11.2,B
2021-06-24T13:33:29,1000.0,11.2,B
2021-06-24T13:32:58,500.0,11.2,B
2021-06-24T13:32:53,1000.0,11.2,B
2021-06-24T13:32:53,1000.0,11.2,B
2021-06-24T13:32:39,1100.0,11.2,B
2021-06-24T13:32:36,2000.0,11.2,B
2021-06-24T13:32:16,2000.0,11.2,B
2021-06-24T13:32:09,500.0,11.2,B
2021-06-24T13:32:07,1000.0,11.2,B
2021-06-24T13:31:26,800.0,11.2,S
2021-06-24T13:31:22,500.0,11.2,S
2021-06-24T13:31:17,8700.0,11.2,B
2021-06-24T13:31:15,10000.0,11.2,B
2021-06-24T13:31:12,2000.0,11.2,B
2021-06-24T13:31:12,200.0,11.2,B
2021-06-24T13:31:03,100.0,11.2,B
2021-06-24T13:30:31,1000.0,11.2,B
2021-06-24T13:30:17,18200.0,11.2,S
2021-06-24T13:30:13,5900.0,11.2,S
2021-06-24T13:29:49,5000.0,11.2,S
2021-06-24T13:29:41,12000.0,11.2,S
2021-06-24T13:29:23,10000.0,11.2,S
2021-06-24T13:28:13,10700.0,11.2,S
2021-06-24T13:28:13,1100.0,11.2,S
2021-06-24T13:28:12,18200.0,11.2,S
2021-06-24T13:27:36,4400.0,11.2,S
2021-06-24T13:27:34,10000.0,11.2,S
2021-06-24T13:27:16,1500.0,11.2,S
2021-06-24T13:26:48,900.0,11.2,S
2021-06-24T13:26:29,16500.0,11.2,S
2021-06-24T13:26:10,17500.0,11.25,B
2021-06-24T13:25:42,8100.0,11.2,S
2021-06-24T13:25:42,11900.0,11.2,S
2021-06-24T13:25:24,1000.0,11.25,B
2021-06-24T13:25:16,2000.0,11.25,B
2021-06-24T13:24:39,200.0,11.25,B
2021-06-24T13:24:36,1000.0,11.2,S
2021-06-24T13:23:13,3000.0,11.25,B
2021-06-24T13:22:53,8000.0,11.25,B
2021-06-24T13:22:46,100.0,11.25,B
2021-06-24T13:22:30,400.0,11.25,B
2021-06-24T13:22:12,10000.0,11.2,S
2021-06-24T13:21:12,6000.0,11.2,S
2021-06-24T13:20:49,100.0,11.2,S
2021-06-24T13:20:36,100.0,11.25,B
2021-06-24T13:20:33,2000.0,11.2,S
2021-06-24T13:20:31,20000.0,11.2,S
2021-06-24T13:20:22,100.0,11.2,S
2021-06-24T13:19:40,2000.0,11.2,S
2021-06-24T13:19:29,1500.0,11.2,S
2021-06-24T13:18:58,1200.0,11.2,S
2021-06-24T13:17:19,300.0,11.2,S
2021-06-24T13:16:58,1000.0,11.2,S
2021-06-24T13:16:49,10000.0,11.2,S
2021-06-24T13:16:38,10000.0,11.2,S
2021-06-24T13:15:42,500.0,11.2,S
2021-06-24T13:15:38,20000.0,11.2,S
2021-06-24T13:15:10,5800.0,11.2,B
2021-06-24T13:15:07,5000.0,11.2,B
2021-06-24T13:15:00,17600.0,11.2,B
2021-06-24T13:14:55,1000.0,11.2,B
2021-06-24T13:14:31,8000.0,11.2,B
2021-06-24T13:14:14,20000.0,11.2,B
2021-06-24T13:14:05,19500.0,11.15,S
2021-06-24T13:13:58,10000.0,11.15,S
2021-06-24T13:13:42,900.0,11.2,B
2021-06-24T13:13:42,4100.0,11.2,B
2021-06-24T13:13:41,100.0,11.2,B
2021-06-24T13:13:35,400.0,11.2,B
2021-06-24T13:13:08,400.0,11.2,B
2021-06-24T13:13:08,10000.0,11.2,B
2021-06-24T13:13:08,4200.0,11.2,B
2021-06-24T13:12:00,1000.0,11.2,B
2021-06-24T13:11:57,3000.0,11.15,S
2021-06-24T13:11:33,10000.0,11.15,S
2021-06-24T13:11:07,100.0,11.15,S
2021-06-24T13:11:05,19600.0,11.15,S
2021-06-24T13:11:03,100.0,11.15,S
2021-06-24T13:10:40,10000.0,11.15,S
2021-06-24T13:10:33,3000.0,11.2,B
2021-06-24T13:10:02,2500.0,11.15,S
2021-06-24T13:10:02,17300.0,11.15,S
2021-06-24T13:09:35,32700.0,11.15,B
2021-06-24T13:09:30,10000.0,11.15,B
2021-06-24T13:09:29,1000.0,11.15,B
2021-06-24T13:08:49,200.0,11.15,B
2021-06-24T13:08:45,500.0,11.15,B
2021-06-24T13:08:41,6200.0,11.15,S
2021-06-24T13:08:41,3300.0,11.15,S
2021-06-24T13:08:41,9700.0,11.15,S
2021-06-24T13:08:19,3000.0,11.15,S
2021-06-24T13:07:07,19800.0,11.15,S
2021-06-24T13:06:36,2500.0,11.15,S
2021-06-24T13:06:36,10000.0,11.15,S
2021-06-24T13:06:29,100.0,11.15,S
2021-06-24T13:06:23,500.0,11.15,S
2021-06-24T13:06:12,19200.0,11.15,S
2021-06-24T13:05:58,6000.0,11.15,S
2021-06-24T13:05:32,10000.0,11.15,S
2021-06-24T13:05:09,10000.0,11.15,S
2021-06-24T13:05:02,500.0,11.15,S
2021-06-24T13:04:32,2000.0,11.15,S
2021-06-24T13:03:44,200.0,11.15,S
2021-06-24T13:03:36,10000.0,11.15,S
2021-06-24T13:02:35,500.0,11.15,S
2021-06-24T13:00:18,300.0,11.15,S
2021-06-24T13:00:18,500.0,11.15,S
2021-06-24T13:00:16,1000.0,11.15,S
2021-06-24T13:00:16,2000.0,11.15,S
2021-06-24T13:00:13,800.0,11.15,S
2021-06-24T13:00:13,100.0,11.15,S
2021-06-24T13:00:13,2400.0,11.15,S
2021-06-24T13:00:13,3100.0,11.15,S
2021-06-24T13:00:13,1100.0,11.15,S
2021-06-24T13:00:13,39600.0,11.15,S
2021-06-24T13:00:13,1000.0,11.15,S
2021-06-24T13:00:13,2000.0,11.15,S
2021-06-24T13:00:12,2900.0,11.15,S
2021-06-24T13:00:10,1000.0,11.2,B
2021-06-24T13:00:08,100.0,11.2,B
2021-06-24T11:29:39,1000.0,11.15,S
2021-06-24T11:29:36,5000.0,11.15,S
2021-06-24T11:29:20,6000.0,11.15,S
2021-06-24T11:29:16,500.0,11.2,B
2021-06-24T11:28:55,100.0,11.2,B
2021-06-24T11:28:18,62300.0,11.15,S
2021-06-24T11:28:18,10100.0,11.15,S
2021-06-24T11:28:18,3900.0,11.15,S
2021-06-24T11:28:18,2000.0,11.15,S
2021-06-24T11:28:18,13700.0,11.15,S
2021-06-24T11:28:18,8000.0,11.15,S
2021-06-24T11:28:17,600.0,11.15,S
2021-06-24T11:28:11,7200.0,11.15,S
2021-06-24T11:27:18,1200.0,11.15,S
2021-06-24T11:26:50,200.0,11.15,S
2021-06-24T11:26:14,5800.0,11.15,S
2021-06-24T11:26:14,4200.0,11.15,S
2021-06-24T11:26:08,4900.0,11.15,S
2021-06-24T11:25:09,300.0,11.15,S
2021-06-24T11:25:07,10000.0,11.15,S
2021-06-24T11:23:49,5000.0,11.15,S
2021-06-24T11:23:38,2000.0,11.15,S
2021-06-24T11:23:08,1100.0,11.2,B
2021-06-24T11:22:33,400.0,11.2,B
2021-06-24T11:22:15,1000.0,11.15,S
2021-06-24T11:22:14,5000.0,11.15,S
2021-06-24T11:21:31,1100.0,11.15,S
2021-06-24T11:21:21,6000.0,11.15,S
2021-06-24T11:21:11,5900.0,11.15,S
2021-06-24T11:21:11,800.0,11.15,S
2021-06-24T11:21:11,800.0,11.15,S
2021-06-24T11:21:11,5000.0,11.15,S
2021-06-24T11:21:11,60900.0,11.15,S
2021-06-24T11:21:11,26600.0,11.15,S
2021-06-24T11:20:19,3000.0,11.15,S
2021-06-24T11:19:09,3000.0,11.15,S
2021-06-24T11:19:05,500.0,11.15,S
2021-06-24T11:18:58,2500.0,11.15,S
2021-06-24T11:18:54,10000.0,11.2,B
2021-06-24T11:18:43,5000.0,11.15,S
2021-06-24T11:17:19,5000.0,11.15,S
2021-06-24T11:17:16,2000.0,11.15,S
2021-06-24T11:16:53,11000.0,11.15,S
2021-06-24T11:16:28,2000.0,11.15,S
2021-06-24T11:16:03,600.0,11.15,S
2021-06-24T11:15:41,100.0,11.15,S
2021-06-24T11:15:19,400.0,11.2,B
2021-06-24T11:14:48,300.0,11.2,B
2021-06-24T11:14:33,400.0,11.2,B
2021-06-24T11:13:22,100.0,11.2,B
2021-06-24T11:12:56,2000.0,11.15,S
2021-06-24T11:12:44,600.0,11.15,S
2021-06-24T11:12:31,8000.0,11.15,S
2021-06-24T11:12:08,16600.0,11.15,S
2021-06-24T11:12:08,13400.0,11.15,S
2021-06-24T11:11:31,200.0,11.2,B
2021-06-24T11:09:33,300.0,11.2,B
2021-06-24T11:09:26,3000.0,11.2,B
2021-06-24T11:09:23,500.0,11.2,S
2021-06-24T11:09:23,5400.0,11.2,S
2021-06-24T11:09:23,20000.0,11.2,S
2021-06-24T11:09:06,6000.0,11.2,S
2021-06-24T11:08:42,5000.0,11.2,S
2021-06-24T11:08:09,5000.0,11.2,S
2021-06-24T11:07:01,8000.0,11.2,S
2021-06-24T11:06:28,20000.0,11.2,S
2021-06-24T11:05:54,2000.0,11.2,S
2021-06-24T11:05:40,400.0,11.2,S
2021-06-24T11:05:26,2000.0,11.2,S
2021-06-24T11:04:48,10000.0,11.2,S
2021-06-24T11:04:37,2500.0,11.2,S
2021-06-24T11:04:13,17300.0,11.2,B
2021-06-24T11:04:09,100.0,11.2,B
2021-06-24T11:03:46,1000.0,11.2,B
2021-06-24T11:03:01,2000.0,11.2,S
2021-06-24T11:02:48,300.0,11.15,S
2021-06-24T11:02:30,2000.0,11.2,B
2021-06-24T11:02:25,1000.0,11.2,B
2021-06-24T11:02:20,2000.0,11.2,B
2021-06-24T11:02:04,1000.0,11.2,B
2021-06-24T11:02:00,400.0,11.2,B
2021-06-24T11:01:52,1000.0,11.2,B
2021-06-24T11:01:52,1000.0,11.2,B
2021-06-24T11:01:27,2000.0,11.2,B
2021-06-24T11:01:11,2000.0,11.2,B
2021-06-24T11:00:58,500.0,11.15,S
2021-06-24T11:00:24,300.0,11.15,S
2021-06-24T11:00:08,600.0,11.15,B
2021-06-24T11:00:02,2000.0,11.15,B
2021-06-24T10:59:41,2000.0,11.15,B
2021-06-24T10:59:34,1000.0,11.15,S
2021-06-24T10:59:31,1400.0,11.15,S
2021-06-24T10:59:30,10800.0,11.15,S
2021-06-24T10:59:30,9200.0,11.15,S
2021-06-24T10:59:01,1500.0,11.15,S
2021-06-24T10:59:01,3000.0,11.2,B
2021-06-24T10:58:45,13000.0,11.15,S
2021-06-24T10:58:44,10000.0,11.15,S
2021-06-24T10:58:33,1000.0,11.15,S
2021-06-24T10:58:04,200.0,11.15,S
2021-06-24T10:57:58,6300.0,11.15,S
2021-06-24T10:57:58,1100.0,11.15,S
2021-06-24T10:57:58,2600.0,11.15,S
2021-06-24T10:57:54,1000.0,11.15,S
2021-06-24T10:57:44,2000.0,11.15,S
2021-06-24T10:57:39,1800.0,11.15,S
2021-06-24T10:57:39,3200.0,11.15,S
2021-06-24T10:57:25,1200.0,11.15,S
2021-06-24T10:57:25,7000.0,11.15,S
2021-06-24T10:57:25,91800.0,11.15,S
2021-06-24T10:57:24,4000.0,11.15,S
2021-06-24T10:57:01,10700.0,11.15,S
2021-06-24T10:57:01,300.0,11.15,S
2021-06-24T10:57:01,900.0,11.15,S
2021-06-24T10:57:01,13400.0,11.15,S
2021-06-24T10:57:01,24700.0,11.15,S
2021-06-24T10:56:58,10000.0,11.15,S
2021-06-24T10:56:53,50000.0,11.15,S
2021-06-24T10:56:35,4000.0,11.15,S
2021-06-24T10:56:03,200.0,11.15,S
2021-06-24T10:56:01,12900.0,11.15,S
2021-06-24T10:55:34,2000.0,11.15,S
2021-06-24T10:55:09,10000.0,11.15,S
2021-06-24T10:54:26,1000.0,11.2,B
2021-06-24T10:54:14,100.0,11.2,B
2021-06-24T10:53:25,5300.0,11.15,S
2021-06-24T10:52:50,300.0,11.2,S
2021-06-24T10:52:50,2900.0,11.2,S
2021-06-24T10:52:50,4500.0,11.2,S
2021-06-24T10:52:45,2200.0,11.2,S
2021-06-24T10:52:45,62100.0,11.2,S
2021-06-24T10:52:45,5000.0,11.2,S
2021-06-24T10:52:45,4900.0,11.2,S
2021-06-24T10:52:45,5400.0,11.2,S
2021-06-24T10:52:45,600.0,11.2,S
2021-06-24T10:52:44,19300.0,11.2,S
2021-06-24T10:52:44,1100.0,11.2,S
2021-06-24T10:52:44,6400.0,11.2,S
2021-06-24T10:52:25,6200.0,11.2,S
2021-06-24T10:51:53,9000.0,11.2,S
2021-06-24T10:51:41,21000.0,11.2,S
2021-06-24T10:51:31,30000.0,11.2,S
2021-06-24T10:51:17,15000.0,11.2,S
2021-06-24T10:51:15,1700.0,11.2,S
2021-06-24T10:50:51,2000.0,11.2,S
2021-06-24T10:50:25,1000.0,11.2,S
2021-06-24T10:50:21,5000.0,11.2,S
2021-06-24T10:49:44,4000.0,11.2,S
2021-06-24T10:49:31,10000.0,11.2,S
2021-06-24T10:49:15,500.0,11.2,S
2021-06-24T10:49:02,40000.0,11.2,S
2021-06-24T10:47:48,1400.0,11.2,S
2021-06-24T10:47:02,3000.0,11.2,S
2021-06-24T10:46:40,20000.0,11.2,S
2021-06-24T10:46:33,1000.0,11.2,S
2021-06-24T10:46:18,3000.0,11.2,S
2021-06-24T10:45:53,100.0,11.2,S
2021-06-24T10:45:53,1000.0,11.25,B
2021-06-24T10:45:40,3900.0,11.2,S
2021-06-24T10:45:40,5700.0,11.2,S
2021-06-24T10:45:40,1500.0,11.2,S
2021-06-24T10:45:40,1100.0,11.2,S
2021-06-24T10:45:40,7800.0,11.2,S
2021-06-24T10:44:38,1100.0,11.25,B
2021-06-24T10:44:37,1500.0,11.2,S
2021-06-24T10:44:34,200.0,11.2,S
2021-06-24T10:43:52,200.0,11.2,S
2021-06-24T10:43:40,600.0,11.2,S
2021-06-24T10:43:40,2400.0,11.2,S
2021-06-24T10:43:12,5000.0,11.25,B
2021-06-24T10:43:03,500.0,11.25,B
2021-06-24T10:42:35,200.0,11.25,B
2021-06-24T10:41:59,1000.0,11.25,B
2021-06-24T10:40:35,100.0,11.25,B
2021-06-24T10:40:30,2000.0,11.25,B
2021-06-24T10:40:29,500.0,11.25,B
2021-06-24T10:40:03,500.0,11.25,B
2021-06-24T10:39:54,100.0,11.25,B
2021-06-24T10:39:15,4000.0,11.25,B
2021-06-24T10:38:44,100.0,11.25,S
2021-06-24T10:38:39,900.0,11.25,B
2021-06-24T10:38:38,500.0,11.2,S
2021-06-24T10:38:22,2000.0,11.25,S
2021-06-24T10:38:22,7100.0,11.25,S
2021-06-24T10:37:51,10000.0,11.25,S
2021-06-24T10:37:43,300.0,11.25,S
2021-06-24T10:36:46,100.0,11.25,S
2021-06-24T10:36:26,3000.0,11.25,S
2021-06-24T10:36:22,200.0,11.3,B
2021-06-24T10:35:19,1000.0,11.25,B
2021-06-24T10:35:03,700.0,11.2,S
2021-06-24T10:35:03,10100.0,11.2,S
2021-06-24T10:35:03,5000.0,11.2,S
2021-06-24T10:35:03,700.0,11.2,S
2021-06-24T10:35:03,1200.0,11.2,S
2021-06-24T10:35:03,3000.0,11.2,S
2021-06-24T10:35:03,5800.0,11.2,S
2021-06-24T10:35:03,16000.0,11.2,S
2021-06-24T10:35:03,11300.0,11.2,S
2021-06-24T10:35:03,1200.0,11.2,S
2021-06-24T10:35:03,1100.0,11.2,S
2021-06-24T10:35:03,4400.0,11.2,S
2021-06-24T10:35:03,200.0,11.2,S
2021-06-24T10:35:03,39300.0,11.2,S
2021-06-24T10:35:01,200.0,11.25,S
2021-06-24T10:34:52,1700.0,11.25,B
2021-06-24T10:34:42,1000.0,11.25,B
2021-06-24T10:34:33,200.0,11.25,B
2021-06-24T10:34:30,2000.0,11.25,S
2021-06-24T10:34:30,100.0,11.25,S
2021-06-24T10:34:30,5500.0,11.25,S
2021-06-24T10:33:41,1000.0,11.3,B
2021-06-24T10:33:16,5000.0,11.25,S
2021-06-24T10:32:12,10000.0,11.25,S
2021-06-24T10:31:49,2000.0,11.25,S
2021-06-24T10:31:33,2500.0,11.25,B
2021-06-24T10:31:17,200.0,11.25,B
2021-06-24T10:31:08,500.0,11.25,S
2021-06-24T10:31:08,3800.0,11.25,S
2021-06-24T10:30:36,10000.0,11.25,S
2021-06-24T10:30:13,100.0,11.25,S
2021-06-24T10:30:12,6500.0,11.25,S
2021-06-24T10:29:43,200.0,11.25,S
2021-06-24T10:28:46,200.0,11.25,S
2021-06-24T10:28:44,5500.0,11.25,S
2021-06-24T10:27:53,1000.0,11.25,S
2021-06-24T10:27:01,4000.0,11.25,S
2021-06-24T10:26:53,4200.0,11.25,B
2021-06-24T10:26:45,800.0,11.25,B
2021-06-24T10:26:36,100.0,11.25,B
2021-06-24T10:26:23,200.0,11.25,S
2021-06-24T10:26:23,12300.0,11.25,S
2021-06-24T10:26:23,1000.0,11.25,S
2021-06-24T10:26:23,1100.0,11.25,S
2021-06-24T10:26:23,4000.0,11.25,S
2021-06-24T10:26:23,16300.0,11.25,S
2021-06-24T10:25:18,15000.0,11.25,S
2021-06-24T10:24:15,3000.0,11.25,S
2021-06-24T10:23:17,500.0,11.3,B
2021-06-24T10:23:00,100.0,11.3,B
2021-06-24T10:22:30,100.0,11.3,B
2021-06-24T10:21:58,5000.0,11.25,S
2021-06-24T10:21:05,800.0,11.25,S
2021-06-24T10:20:57,3600.0,11.25,B
2021-06-24T10:20:47,6400.0,11.25,S
2021-06-24T10:20:33,500.0,11.3,B
2021-06-24T10:20:01,5300.0,11.25,S
2021-06-24T10:20:01,7700.0,11.25,S
2021-06-24T10:20:01,500.0,11.25,S
2021-06-24T10:20:01,5500.0,11.25,S
2021-06-24T10:20:01,14000.0,11.25,S
2021-06-24T10:18:06,8600.0,11.25,S
2021-06-24T10:15:42,100.0,11.25,S
2021-06-24T10:15:33,500.0,11.25,S
2021-06-24T10:14:23,12000.0,11.25,S
2021-06-24T10:14:10,900.0,11.25,S
2021-06-24T10:12:48,2500.0,11.25,S
2021-06-24T10:12:40,500.0,11.25,S
2021-06-24T10:12:34,2000.0,11.25,S
2021-06-24T10:12:16,5000.0,11.25,S
2021-06-24T10:12:14,5000.0,11.25,S
2021-06-24T10:11:41,61000.0,11.25,B
2021-06-24T10:10:55,20000.0,11.25,B
2021-06-24T10:10:52,1200.0,11.2,S
2021-06-24T10:10:21,29000.0,11.25,S
2021-06-24T10:10:12,71000.0,11.25,B
2021-06-24T10:10:08,500.0,11.2,S
2021-06-24T10:08:17,2900.0,11.2,S
2021-06-24T10:08:17,10100.0,11.2,S
2021-06-24T10:08:06,29100.0,11.25,S
2021-06-24T10:08:00,100.0,11.25,S
2021-06-24T10:07:54,3000.0,11.25,B
2021-06-24T10:07:54,9800.0,11.25,B
2021-06-24T10:07:54,5000.0,11.25,B
2021-06-24T10:07:54,3000.0,11.25,B
2021-06-24T10:07:34,100.0,11.25,B
2021-06-24T10:07:09,1000.0,11.25,B
2021-06-24T10:07:07,100.0,11.25,B
2021-06-24T10:06:30,100.0,11.25,B
2021-06-24T10:06:22,400.0,11.2,S
2021-06-24T10:06:11,1800.0,11.25,B
2021-06-24T10:06:08,1000.0,11.25,B
2021-06-24T10:06:00,100.0,11.25,B
2021-06-24T10:05:32,8000.0,11.25,B
2021-06-24T10:05:12,4000.0,11.2,S
2021-06-24T10:05:08,2000.0,11.2,S
2021-06-24T10:04:23,2000.0,11.2,S
2021-06-24T10:04:03,1000.0,11.25,B
2021-06-24T10:03:13,3000.0,11.2,S
2021-06-24T10:03:13,5300.0,11.2,S
2021-06-24T10:03:13,600.0,11.2,S
2021-06-24T10:03:12,1100.0,11.2,S
2021-06-24T10:02:58,1000.0,11.25,B
2021-06-24T10:01:49,1000.0,11.25,B
2021-06-24T10:01:46,20000.0,11.25,B
2021-06-24T10:01:22,2000.0,11.25,B
2021-06-24T10:01:20,100.0,11.25,B
2021-06-24T10:01:16,1000.0,11.25,B
2021-06-24T10:01:12,200.0,11.25,B
2021-06-24T10:00:29,300.0,11.25,S
2021-06-24T10:00:29,16400.0,11.25,S
2021-06-24T10:00:29,600.0,11.25,S
2021-06-24T10:00:29,41200.0,11.25,S
2021-06-24T09:59:23,200.0,11.25,S
2021-06-24T09:59:06,1000.0,11.25,S
2021-06-24T09:58:53,2000.0,11.25,S
2021-06-24T09:58:51,1000.0,11.25,S
2021-06-24T09:58:36,300.0,11.25,S
2021-06-24T09:58:31,5500.0,11.25,S
2021-06-24T09:58:05,200.0,11.25,S
2021-06-24T09:57:52,900.0,11.25,S
2021-06-24T09:57:30,100.0,11.3,B
2021-06-24T09:57:18,100.0,11.3,B
2021-06-24T09:56:28,400.0,11.3,B
2021-06-24T09:55:32,10000.0,11.3,B
2021-06-24T09:55:19,500.0,11.3,B
2021-06-24T09:55:18,500.0,11.3,B
2021-06-24T09:55:14,500.0,11.3,B
2021-06-24T09:55:14,500.0,11.3,B
2021-06-24T09:55:11,500.0,11.3,B
2021-06-24T09:55:02,2000.0,11.25,S
2021-06-24T09:54:55,500.0,11.3,B
2021-06-24T09:54:47,500.0,11.3,B
2021-06-24T09:54:42,2000.0,11.25,S
2021-06-24T09:54:33,5000.0,11.3,B
2021-06-24T09:54:26,500.0,11.3,B
2021-06-24T09:54:04,15000.0,11.25,S
2021-06-24T09:54:04,13100.0,11.25,S
2021-06-24T09:54:04,5100.0,11.25,S
2021-06-24T09:54:04,66800.0,11.25,S
2021-06-24T09:54:02,1500.0,11.3,B
2021-06-24T09:53:56,100.0,11.3,B
2021-06-24T09:53:53,1000.0,11.3,B
2021-06-24T09:53:31,10000.0,11.3,B
2021-06-24T09:53:26,100.0,11.3,B
2021-06-24T09:53:26,3000.0,11.3,B
2021-06-24T09:53:24,16800.0,11.3,B
2021-06-24T09:52:55,1000.0,11.3,B
2021-06-24T09:52:45,200.0,11.3,B
2021-06-24T09:52:26,100.0,11.3,B
2021-06-24T09:52:20,100.0,11.3,B
2021-06-24T09:52:10,1000.0,11.3,B
2021-06-24T09:52:05,200.0,11.3,B
2021-06-24T09:51:51,200.0,11.3,B
2021-06-24T09:51:34,100.0,11.3,B
2021-06-24T09:51:24,1000.0,11.25,S
2021-06-24T09:51:23,5000.0,11.3,B
2021-06-24T09:51:22,3000.0,11.25,S
2021-06-24T09:51:22,1000.0,11.3,B
2021-06-24T09:51:17,30000.0,11.3,B
2021-06-24T09:50:32,500.0,11.3,B
2021-06-24T09:50:14,20000.0,11.3,B
2021-06-24T09:49:27,10000.0,11.3,B
2021-06-24T09:49:26,300.0,11.3,B
2021-06-24T09:48:48,10000.0,11.3,B
2021-06-24T09:48:15,9400.0,11.25,B
2021-06-24T09:48:15,19500.0,11.25,B
2021-06-24T09:48:15,100.0,11.25,B
2021-06-24T09:48:14,10000.0,11.25,B
2021-06-24T09:48:10,50000.0,11.25,B
2021-06-24T09:48:06,2000.0,11.25,B
2021-06-24T09:48:05,1000.0,11.25,B
2021-06-24T09:48:03,3000.0,11.25,B
2021-06-24T09:47:57,14400.0,11.25,B
2021-06-24T09:47:57,29700.0,11.25,B
2021-06-24T09:47:57,55900.0,11.25,B
2021-06-24T09:47:43,10000.0,11.25,B
2021-06-24T09:47:43,4000.0,11.25,B
2021-06-24T09:47:42,10000.0,11.2,S
2021-06-24T09:47:39,200.0,11.25,B
2021-06-24T09:47:37,1000.0,11.25,B
2021-06-24T09:47:24,100.0,11.25,B
2021-06-24T09:47:17,14000.0,11.2,S
2021-06-24T09:46:48,20000.0,11.25,B
2021-06-24T09:46:36,100.0,11.25,B
2021-06-24T09:46:33,2600.0,11.25,B
2021-06-24T09:46:31,500.0,11.2,S
2021-06-24T09:46:19,4000.0,11.25,B
2021-06-24T09:46:12,200.0,11.25,B
2021-06-24T09:46:04,300.0,11.25,B
2021-06-24T09:45:57,500.0,11.25,B
2021-06-24T09:45:39,300.0,11.25,B
2021-06-24T09:45:27,2000.0,11.25,B
2021-06-24T09:45:06,3900.0,11.25,B
2021-06-24T09:45:04,100.0,11.25,B
2021-06-24T09:44:39,2500.0,11.25,B
2021-06-24T09:44:07,100.0,11.25,B
2021-06-24T09:43:56,1000.0,11.2,S
2021-06-24T09:43:56,10000.0,11.2,S
2021-06-24T09:43:48,3100.0,11.25,B
2021-06-24T09:43:45,100.0,11.2,S
2021-06-24T09:43:35,2000.0,11.25,B
2021-06-24T09:43:20,3000.0,11.2,S
2021-06-24T09:43:13,100.0,11.2,S
2021-06-24T09:43:12,100.0,11.2,S
2021-06-24T09:43:09,100.0,11.25,B
2021-06-24T09:42:25,1000.0,11.2,S
2021-06-24T09:42:17,8000.0,11.2,S
2021-06-24T09:41:56,4900.0,11.2,S
2021-06-24T09:41:56,400.0,11.2,S
2021-06-24T09:41:56,1000.0,11.2,S
2021-06-24T09:41:56,3200.0,11.2,S
2021-06-24T09:41:56,2400.0,11.2,S
2021-06-24T09:41:56,5100.0,11.2,S
2021-06-24T09:41:28,1000.0,11.2,S
2021-06-24T09:40:44,3000.0,11.2,S
2021-06-24T09:40:25,10000.0,11.25,B
2021-06-24T09:40:07,200.0,11.2,S
2021-06-24T09:40:07,100.0,11.2,S
2021-06-24T09:40:07,200.0,11.2,S
2021-06-24T09:39:53,100.0,11.2,S
2021-06-24T09:39:34,500.0,11.2,S
2021-06-24T09:39:09,1000.0,11.25,B
2021-06-24T09:38:47,700.0,11.25,B
2021-06-24T09:38:45,500.0,11.2,S
2021-06-24T09:38:38,900.0,11.25,B
2021-06-24T09:38:38,1100.0,11.25,B
2021-06-24T09:38:33,1200.0,11.2,S
2021-06-24T09:37:59,1000.0,11.25,B
2021-06-24T09:37:50,500.0,11.2,S
2021-06-24T09:37:50,2900.0,11.2,S
2021-06-24T09:37:50,300.0,11.2,S
2021-06-24T09:37:50,1300.0,11.2,S
2021-06-24T09:37:34,400.0,11.25,B
2021-06-24T09:37:31,1000.0,11.25,B
2021-06-24T09:37:12,3100.0,11.25,B
2021-06-24T09:36:42,500.0,11.25,B
2021-06-24T09:36:22,2700.0,11.2,S
2021-06-24T09:36:22,2000.0,11.2,S
2021-06-24T09:36:21,300.0,11.2,S
2021-06-24T09:36:14,100.0,11.25,B
2021-06-24T09:36:11,100.0,11.25,B
2021-06-24T09:36:00,1000.0,11.25,B
2021-06-24T09:35:34,5000.0,11.25,B
2021-06-24T09:35:08,8800.0,11.2,S
2021-06-24T09:35:08,1700.0,11.2,S
2021-06-24T09:35:08,5000.0,11.2,S
2021-06-24T09:35:08,4400.0,11.2,S
2021-06-24T09:35:07,300.0,11.25,B
2021-06-24T09:35:07,2000.0,11.25,B
2021-06-24T09:34:58,2000.0,11.25,B
2021-06-24T09:34:03,300.0,11.25,B
2021-06-24T09:33:32,1000.0,11.2,S
2021-06-24T09:33:32,1000.0,11.2,S
2021-06-24T09:33:32,100.0,11.25,B
2021-06-24T09:33:12,2000.0,11.2,S
2021-06-24T09:33:11,1500.0,11.2,S
2021-06-24T09:32:47,200.0,11.2,S
2021-06-24T09:32:25,100.0,11.2,S
2021-06-24T09:32:23,100.0,11.2,S
2021-06-24T09:31:47,1700.0,11.2,S
2021-06-24T09:31:47,300.0,11.2,S
2021-06-24T09:31:47,3100.0,11.2,S
2021-06-24T09:31:47,1000.0,11.2,S
2021-06-24T09:31:47,1000.0,11.2,S
2021-06-24T09:31:47,11000.0,11.2,S
2021-06-24T09:31:46,5500.0,11.2,S
2021-06-24T09:31:26,23000.0,11.2,S
2021-06-24T09:31:16,1300.0,11.25,S
2021-06-24T09:31:06,19700.0,11.2,S
2021-06-24T09:31:06,3100.0,11.2,S
2021-06-24T09:31:06,2300.0,11.2,S
2021-06-24T09:31:05,5100.0,11.2,S
2021-06-24T09:31:05,500.0,11.2,S
2021-06-24T09:31:05,108200.0,11.2,S
2021-06-24T09:31:05,2000.0,11.25,S
2021-06-24T09:31:05,10600.0,11.25,S
2021-06-24T09:31:05,11000.0,11.25,S
2021-06-24T09:31:05,6000.0,11.25,S
2021-06-24T09:31:05,31500.0,11.25,S
2021-06-24T09:29:54,500.0,11.25,S
2021-06-24T09:29:50,7000.0,11.25,S
2021-06-24T09:29:41,1600.0,11.25,S
2021-06-24T09:29:33,200.0,11.25,S
2021-06-24T09:29:12,5000.0,11.25,S
2021-06-24T09:28:43,1600.0,11.25,S
2021-06-24T09:28:10,35000.0,11.25,S
2021-06-24T09:28:10,1500.0,11.3,B
2021-06-24T09:28:09,100.0,11.3,B
2021-06-24T09:27:57,500.0,11.3,B
2021-06-24T09:27:49,500.0,11.3,B
2021-06-24T09:27:01,100.0,11.3,B
2021-06-24T09:26:28,1000.0,11.3,B
2021-06-24T09:26:15,500.0,11.3,B
2021-06-24T09:26:14,2900.0,11.3,B
2021-06-24T09:26:14,1000.0,11.3,B
2021-06-24T09:25:48,16100.0,11.3,S
2021-06-24T09:24:58,3000.0,11.35,B
2021-06-24T09:24:58,3900.0,11.35,B
2021-06-24T09:24:58,100.0,11.35,B
2021-06-24T09:24:42,100.0,11.35,B
2021-06-24T09:24:06,10000.0,11.4,B
2021-06-24T09:23:36,4500.0,11.3,S
2021-06-24T09:23:00,13200.0,11.35,B
2021-06-24T09:22:59,4000.0,11.3,B
2021-06-24T09:22:58,3000.0,11.3,B
2021-06-24T09:22:57,200.0,11.3,B
2021-06-24T09:22:36,200.0,11.3,B
2021-06-24T09:22:18,1000.0,11.2,S
2021-06-24T09:22:16,2000.0,11.3,B
2021-06-24T09:22:13,5000.0,11.3,B
2021-06-24T09:22:13,300.0,11.3,B
2021-06-24T09:22:11,300.0,11.2,S
2021-06-24T09:21:55,4900.0,11.3,S
2021-06-24T09:21:54,500.0,11.3,S
2021-06-24T09:21:50,100.0,11.3,S
2021-06-24T09:21:50,500.0,11.3,S
2021-06-24T09:21:49,500.0,11.3,S
2021-06-24T09:21:49,5000.0,11.3,S
2021-06-24T09:21:49,2000.0,11.3,S
2021-06-24T09:21:49,1800.0,11.3,S
2021-06-24T09:21:49,11300.0,11.3,S
2021-06-24T09:21:49,400.0,11.3,S
2021-06-24T09:21:49,20000.0,11.3,S
2021-06-24T09:21:49,10500.0,11.3,S
2021-06-24T09:21:00,17100.0,11.35,S
2021-06-24T09:20:59,100.0,11.35,S
2021-06-24T09:20:35,3800.0,11.35,S
2021-06-24T09:20:29,100.0,11.35,S
2021-06-24T09:20:16,5000.0,11.35,S
2021-06-24T09:20:11,300.0,11.35,S
2021-06-24T09:19:39,3900.0,11.4,B
2021-06-24T09:19:12,1000.0,11.35,S
2021-06-24T09:19:08,500.0,11.4,B
2021-06-24T09:19:06,3000.0,11.4,B
2021-06-24T09:18:59,700.0,11.35,S
2021-06-24T09:18:09,1800.0,11.4,S
2021-06-24T09:18:08,2000.0,11.45,B
2021-06-24T09:18:00,600.0,11.45,B
2021-06-24T09:17:55,100.0,11.4,S
2021-06-24T09:17:39,1000.0,11.45,B
2021-06-24T09:17:36,1000.0,11.4,S
2021-06-24T09:17:23,100.0,11.45,B
2021-06-24T09:17:20,1000.0,11.45,B
2021-06-24T09:17:01,1000.0,11.4,S
2021-06-24T09:17:00,100.0,11.4,B
2021-06-24T09:16:59,6100.0,11.4,B
2021-06-24T09:16:59,4500.0,11.4,B
2021-06-24T09:16:52,10000.0,11.4,B
2021-06-24T09:16:37,300.0,11.4,B
2021-06-24T09:16:13,2600.0,11.4,B
2021-06-24T09:16:13,400.0,11.4,B
2021-06-24T09:16:05,100.0,11.4,B
