tradingTime,volume,price,side
2021-06-24T14:47:03,1700.0,23.6,S
2021-06-24T14:44:18,500.0,23.7,S
2021-06-24T14:44:03,1000.0,23.8,B
2021-06-24T14:37:23,600.0,23.8,S
2021-06-24T14:32:08,400.0,23.8,S
2021-06-24T14:28:56,300.0,23.7,S
2021-06-24T14:28:21,1400.0,23.7,S
2021-06-24T14:27:18,500.0,23.9,B
2021-06-24T14:25:22,400.0,23.8,S
2021-06-24T14:24:12,500.0,23.9,B
2021-06-24T14:22:50,500.0,23.8,B
2021-06-24T14:19:03,100.0,23.8,B
2021-06-24T14:18:47,100.0,23.8,B
2021-06-24T14:17:49,400.0,23.8,S
2021-06-24T14:17:05,600.0,23.8,S
2021-06-24T14:16:59,2000.0,23.8,S
2021-06-24T14:12:10,900.0,23.8,B
2021-06-24T14:08:14,300.0,23.8,S
2021-06-24T14:06:15,7000.0,23.8,S
2021-06-24T14:04:20,200.0,23.9,S
2021-06-24T14:01:54,300.0,23.9,S
2021-06-24T13:59:14,1000.0,23.9,S
2021-06-24T13:57:42,500.0,24.0,B
2021-06-24T13:55:37,100.0,24.0,B
2021-06-24T13:50:41,1000.0,24.0,B
2021-06-24T13:49:58,1300.0,24.0,B
2021-06-24T13:41:01,300.0,23.8,S
2021-06-24T13:40:01,1000.0,23.8,S
2021-06-24T13:38:28,200.0,23.9,S
2021-06-24T13:32:23,500.0,23.9,B
2021-06-24T13:32:22,300.0,23.8,S
2021-06-24T13:31:22,2500.0,23.8,S
2021-06-24T13:31:10,4000.0,24.0,B
2021-06-24T13:30:43,1000.0,23.9,B
2021-06-24T13:30:41,1000.0,23.9,B
2021-06-24T13:30:24,400.0,23.9,B
2021-06-24T13:30:21,100.0,23.9,B
2021-06-24T13:30:12,1600.0,23.9,B
2021-06-24T13:30:05,900.0,23.9,B
2021-06-24T13:29:41,1000.0,23.9,B
2021-06-24T13:29:14,500.0,23.9,B
2021-06-24T13:29:02,2000.0,23.9,B
2021-06-24T13:28:59,800.0,23.9,B
2021-06-24T13:28:52,200.0,23.9,B
2021-06-24T13:26:59,4000.0,23.9,B
2021-06-24T13:21:54,100.0,23.9,B
2021-06-24T13:21:16,1500.0,23.9,B
2021-06-24T13:19:24,100.0,23.6,B
2021-06-24T13:18:33,200.0,23.5,B
2021-06-24T13:18:24,300.0,23.5,B
2021-06-24T13:17:43,100.0,23.5,B
2021-06-24T13:16:44,100.0,23.5,B
2021-06-24T13:16:30,300.0,23.5,B
2021-06-24T13:14:33,200.0,23.5,B
2021-06-24T13:14:21,500.0,23.5,B
2021-06-24T13:13:51,400.0,23.5,B
2021-06-24T13:13:42,5000.0,23.5,B
2021-06-24T13:13:32,1000.0,23.5,B
2021-06-24T13:13:15,1000.0,23.5,B
2021-06-24T13:13:10,1000.0,23.5,B
2021-06-24T13:12:58,200.0,23.5,B
2021-06-24T13:12:26,400.0,23.4,B
2021-06-24T13:12:01,100.0,23.3,S
2021-06-24T13:11:45,100.0,23.3,B
2021-06-24T13:10:38,1000.0,23.2,S
2021-06-24T13:09:36,1000.0,23.2,S
2021-06-24T13:09:22,200.0,23.3,B
2021-06-24T13:08:43,3000.0,23.2,S
2021-06-24T13:08:03,2700.0,23.3,S
2021-06-24T13:03:56,100.0,23.3,S
2021-06-24T13:02:12,2000.0,23.3,S
2021-06-24T13:02:09,400.0,23.4,B
2021-06-24T13:01:43,1000.0,23.4,B
2021-06-24T13:01:43,100.0,23.4,B
2021-06-24T13:00:13,500.0,23.4,B
2021-06-24T11:27:12,300.0,23.4,B
2021-06-24T11:24:51,2000.0,23.3,S
2021-06-24T11:24:17,200.0,23.4,B
2021-06-24T11:23:00,500.0,23.4,B
2021-06-24T11:23:00,4000.0,23.3,S
2021-06-24T11:22:16,200.0,23.3,B
2021-06-24T11:21:56,200.0,23.3,B
2021-06-24T11:21:08,100.0,23.3,B
2021-06-24T11:21:03,300.0,23.3,B
2021-06-24T11:20:42,9500.0,23.3,S
2021-06-24T11:20:00,1000.0,23.3,S
2021-06-24T11:19:44,1000.0,23.4,B
2021-06-24T11:19:12,300.0,23.4,S
2021-06-24T11:18:39,2000.0,23.5,B
2021-06-24T11:18:10,7000.0,23.4,S
2021-06-24T11:18:00,100.0,23.5,B
2021-06-24T11:15:46,1200.0,23.5,S
2021-06-24T11:14:42,200.0,23.5,B
2021-06-24T11:14:41,1000.0,23.5,B
2021-06-24T11:13:52,500.0,23.5,B
2021-06-24T11:11:29,200.0,23.5,B
2021-06-24T11:11:26,3100.0,23.5,S
2021-06-24T11:11:09,1900.0,23.5,S
2021-06-24T11:10:47,13100.0,23.5,S
2021-06-24T11:10:16,500.0,23.5,S
2021-06-24T11:04:14,800.0,23.5,B
2021-06-24T11:04:14,200.0,23.5,B
2021-06-24T11:01:54,1900.0,23.5,S
2021-06-24T11:01:10,1000.0,23.5,B
2021-06-24T11:01:05,200.0,23.4,S
2021-06-24T10:59:48,1000.0,23.4,S
2021-06-24T10:59:36,500.0,23.4,S
2021-06-24T10:58:36,1400.0,23.4,B
2021-06-24T10:58:33,100.0,23.4,B
2021-06-24T10:58:11,1000.0,23.4,B
2021-06-24T10:58:08,13700.0,23.4,S
2021-06-24T10:57:22,2300.0,23.5,S
2021-06-24T10:57:12,2200.0,23.5,S
2021-06-24T10:55:22,100.0,23.5,B
2021-06-24T10:55:20,500.0,23.5,B
2021-06-24T10:55:13,100.0,23.5,B
2021-06-24T10:54:29,39100.0,23.5,S
2021-06-24T10:54:29,7200.0,23.6,S
2021-06-24T10:53:51,19100.0,23.7,S
2021-06-24T10:53:19,500.0,24.0,S
2021-06-24T10:52:17,400.0,24.0,S
2021-06-24T10:51:22,100.0,24.0,B
2021-06-24T10:51:16,100.0,24.0,B
2021-06-24T10:51:13,200.0,24.0,B
2021-06-24T10:50:06,900.0,24.0,B
2021-06-24T10:48:24,200.0,24.0,B
2021-06-24T10:48:20,6200.0,24.0,B
2021-06-24T10:45:28,5000.0,24.0,B
2021-06-24T10:43:14,900.0,23.9,S
2021-06-24T10:40:02,100.0,23.9,S
2021-06-24T10:39:35,100.0,23.9,B
2021-06-24T10:39:21,4600.0,23.9,B
2021-06-24T10:38:41,3000.0,23.9,B
2021-06-24T10:37:49,1600.0,23.9,B
2021-06-24T10:36:59,200.0,23.8,S
2021-06-24T10:34:48,1000.0,23.8,S
2021-06-24T10:31:52,100.0,23.9,B
2021-06-24T10:30:03,100.0,23.9,B
2021-06-24T10:29:06,1200.0,23.9,B
2021-06-24T10:27:16,400.0,23.8,B
2021-06-24T10:26:24,100.0,23.8,B
2021-06-24T10:26:12,100.0,23.8,B
2021-06-24T10:26:05,2400.0,23.8,B
2021-06-24T10:26:01,3300.0,23.8,B
2021-06-24T10:25:43,500.0,23.7,S
2021-06-24T10:25:15,200.0,23.7,S
2021-06-24T10:24:43,100.0,23.8,B
2021-06-24T10:24:33,100.0,23.8,B
2021-06-24T10:22:57,100.0,23.8,B
2021-06-24T10:22:56,100.0,23.8,B
2021-06-24T10:21:44,100.0,23.8,B
2021-06-24T10:20:55,100.0,23.8,B
2021-06-24T10:20:47,400.0,23.8,B
2021-06-24T10:20:46,300.0,23.8,B
2021-06-24T10:19:28,500.0,23.8,S
2021-06-24T10:19:05,100.0,23.8,S
2021-06-24T10:18:25,1000.0,23.9,B
2021-06-24T10:18:22,1000.0,23.9,B
2021-06-24T10:13:58,100.0,23.9,B
2021-06-24T10:13:01,800.0,23.9,B
2021-06-24T10:12:13,2500.0,23.9,B
2021-06-24T10:11:30,100.0,23.7,S
2021-06-24T10:09:25,200.0,23.7,B
2021-06-24T10:08:48,100.0,23.7,B
2021-06-24T10:08:37,1000.0,23.7,S
2021-06-24T10:05:47,500.0,23.6,S
2021-06-24T10:05:35,300.0,23.7,B
2021-06-24T10:05:26,400.0,23.7,B
2021-06-24T10:05:07,100.0,23.7,B
2021-06-24T10:04:20,200.0,23.7,B
2021-06-24T10:04:03,1000.0,23.7,S
2021-06-24T10:02:59,10000.0,23.6,S
2021-06-24T10:02:12,2000.0,23.7,S
2021-06-24T10:00:34,700.0,23.7,S
2021-06-24T09:55:22,1500.0,24.0,B
2021-06-24T09:55:09,1700.0,23.9,B
2021-06-24T09:55:08,1000.0,23.7,S
2021-06-24T09:54:49,1000.0,23.9,B
2021-06-24T09:54:18,2100.0,23.7,S
2021-06-24T09:54:12,100.0,23.8,B
2021-06-24T09:54:05,100.0,23.7,S
2021-06-24T09:53:58,300.0,23.7,S
2021-06-24T09:53:56,1000.0,23.8,B
2021-06-24T09:53:52,100.0,23.8,B
2021-06-24T09:53:51,100.0,23.7,S
2021-06-24T09:53:29,1700.0,23.8,S
2021-06-24T09:53:13,1000.0,23.8,S
2021-06-24T09:51:30,200.0,23.9,B
2021-06-24T09:51:25,1500.0,23.9,S
2021-06-24T09:50:17,1600.0,23.9,B
2021-06-24T09:50:11,2400.0,23.9,S
2021-06-24T09:47:59,400.0,24.0,B
2021-06-24T09:46:59,100.0,24.0,B
2021-06-24T09:46:25,100.0,24.0,B
2021-06-24T09:45:29,200.0,24.0,B
2021-06-24T09:45:03,3100.0,24.0,B
2021-06-24T09:43:58,200.0,24.1,B
2021-06-24T09:43:31,500.0,24.0,S
2021-06-24T09:42:43,100.0,24.0,S
2021-06-24T09:42:02,400.0,24.1,B
2021-06-24T09:41:32,300.0,24.0,B
2021-06-24T09:41:11,100.0,24.0,B
2021-06-24T09:40:19,500.0,24.0,B
2021-06-24T09:40:18,100.0,24.0,S
2021-06-24T09:39:19,400.0,24.0,S
2021-06-24T09:38:43,100.0,24.0,B
2021-06-24T09:38:39,100.0,24.0,B
2021-06-24T09:37:58,3400.0,24.0,S
2021-06-24T09:36:56,700.0,24.1,B
2021-06-24T09:36:30,100.0,24.1,B
2021-06-24T09:35:48,1300.0,24.0,S
2021-06-24T09:35:28,1000.0,24.0,S
2021-06-24T09:35:26,1000.0,24.0,S
2021-06-24T09:35:05,1400.0,24.1,B
2021-06-24T09:35:05,100.0,24.1,S
2021-06-24T09:34:04,200.0,24.1,S
2021-06-24T09:30:35,400.0,24.2,B
2021-06-24T09:30:32,1600.0,24.2,S
2021-06-24T09:29:37,200.0,24.2,S
2021-06-24T09:28:18,300.0,24.2,S
2021-06-24T09:18:46,2000.0,24.2,S
2021-06-24T09:17:54,400.0,24.2,S
2021-06-24T09:16:18,200.0,24.2,S
2021-06-24T09:10:35,2000.0,24.9,B
2021-06-24T09:04:45,400.0,24.2,B
2021-06-24T09:04:35,100.0,24.2,S
2021-06-24T09:03:58,200.0,24.5,B
2021-06-24T09:01:03,100.0,24.5,B
2021-06-24T09:00:22,200.0,24.4,S
