tradingTime,volume,price,side
2021-06-24T14:30:04,2100.0,3.93,S
2021-06-24T14:30:04,1000.0,3.93,S
2021-06-24T14:30:04,2000.0,3.93,S
2021-06-24T14:30:03,3100.0,3.93,S
2021-06-24T14:30:03,1800.0,3.93,S
2021-06-24T14:28:41,1700.0,3.93,S
2021-06-24T14:24:51,2000.0,3.93,S
2021-06-24T14:24:17,8000.0,3.93,S
2021-06-24T14:23:29,10000.0,3.93,S
2021-06-24T14:23:05,100.0,3.94,B
2021-06-24T14:22:50,1000.0,3.94,B
2021-06-24T14:19:46,5000.0,3.94,B
2021-06-24T14:19:45,300.0,3.94,B
2021-06-24T14:19:19,500.0,3.94,B
2021-06-24T14:18:56,16800.0,3.93,S
2021-06-24T14:18:23,300.0,3.93,S
2021-06-24T14:17:53,2400.0,3.93,S
2021-06-24T14:17:43,100.0,3.94,B
2021-06-24T14:17:34,1800.0,3.93,S
2021-06-24T14:17:34,300.0,3.93,S
2021-06-24T14:17:34,6200.0,3.93,S
2021-06-24T14:17:15,500.0,3.93,S
2021-06-24T14:17:05,20000.0,3.94,B
2021-06-24T14:16:19,100.0,3.94,B
2021-06-24T14:15:43,5100.0,3.93,S
2021-06-24T14:15:23,2800.0,3.94,B
2021-06-24T14:14:30,100.0,3.94,S
2021-06-24T14:13:55,34400.0,3.94,S
2021-06-24T14:13:53,34400.0,3.94,S
2021-06-24T14:12:43,20900.0,3.94,S
2021-06-24T14:12:30,13000.0,3.94,S
2021-06-24T14:10:33,1100.0,3.95,S
2021-06-24T14:10:31,10000.0,3.95,S
2021-06-24T14:10:19,300.0,3.95,S
2021-06-24T14:08:47,6000.0,3.95,S
2021-06-24T14:08:14,100.0,3.96,B
2021-06-24T14:08:02,200.0,3.96,B
2021-06-24T14:06:14,23500.0,3.96,B
2021-06-24T14:06:14,10000.0,3.96,B
2021-06-24T14:06:14,2900.0,3.96,B
2021-06-24T14:05:49,5000.0,3.95,S
2021-06-24T14:05:32,400.0,3.95,S
2021-06-24T14:05:15,900.0,3.95,S
2021-06-24T14:04:55,400.0,3.95,S
2021-06-24T14:03:40,10000.0,3.95,S
2021-06-24T14:03:40,1400.0,3.96,B
2021-06-24T14:03:17,2000.0,3.95,S
2021-06-24T14:02:15,3700.0,3.95,S
2021-06-24T14:02:15,100.0,3.95,S
2021-06-24T14:02:12,1000.0,3.95,S
2021-06-24T14:02:05,1000.0,3.95,S
2021-06-24T14:01:42,100.0,3.95,S
2021-06-24T14:00:51,1100.0,3.96,B
2021-06-24T13:55:18,700.0,3.96,S
2021-06-24T13:55:18,700.0,3.96,S
2021-06-24T13:52:43,300.0,3.96,S
2021-06-24T13:51:20,1500.0,3.96,S
2021-06-24T13:51:20,600.0,3.96,S
2021-06-24T13:50:35,500.0,3.97,B
2021-06-24T13:48:16,800.0,3.96,S
2021-06-24T13:48:12,100.0,3.96,S
2021-06-24T13:47:54,300.0,3.97,B
2021-06-24T13:47:51,100.0,3.96,S
2021-06-24T13:43:38,500.0,3.97,B
2021-06-24T13:43:28,5000.0,3.96,S
2021-06-24T13:42:09,2000.0,3.96,S
2021-06-24T13:41:38,1000.0,3.96,S
2021-06-24T13:39:46,3500.0,3.96,B
2021-06-24T13:38:51,500.0,3.96,B
2021-06-24T13:36:51,1000.0,3.96,S
2021-06-24T13:35:46,1000.0,3.96,B
2021-06-24T13:34:28,3900.0,3.95,B
2021-06-24T13:34:05,2000.0,3.95,B
2021-06-24T13:33:39,300.0,3.95,B
2021-06-24T13:33:12,17000.0,3.95,B
2021-06-24T13:32:55,1000.0,3.95,B
2021-06-24T13:31:40,3700.0,3.95,S
2021-06-24T13:31:40,11600.0,3.95,S
2021-06-24T13:31:40,800.0,3.95,S
2021-06-24T13:31:40,1000.0,3.95,S
2021-06-24T13:31:40,2900.0,3.95,S
2021-06-24T13:31:20,10000.0,3.95,S
2021-06-24T13:30:18,5000.0,3.95,S
2021-06-24T13:30:00,1000.0,3.96,S
2021-06-24T13:29:58,500.0,3.97,B
2021-06-24T13:29:13,100.0,3.97,B
2021-06-24T13:28:06,500.0,3.95,S
2021-06-24T13:19:33,2500.0,3.95,S
2021-06-24T13:19:33,300.0,3.95,S
2021-06-24T13:19:33,2200.0,3.95,S
2021-06-24T13:13:02,400.0,3.95,B
2021-06-24T13:12:58,200.0,3.95,B
2021-06-24T13:12:31,4000.0,3.95,B
2021-06-24T13:12:12,24300.0,3.95,S
2021-06-24T13:12:12,1100.0,3.95,S
2021-06-24T13:11:59,400.0,3.96,B
2021-06-24T13:11:47,500.0,3.96,B
2021-06-24T13:09:22,1000.0,3.96,B
2021-06-24T13:08:16,4400.0,3.96,B
2021-06-24T13:08:08,200.0,3.96,B
2021-06-24T13:00:13,5000.0,3.95,S
2021-06-24T13:00:08,7400.0,3.95,S
2021-06-24T13:00:08,12600.0,3.95,S
2021-06-24T13:00:08,500.0,3.97,B
2021-06-24T13:00:08,5000.0,3.97,B
2021-06-24T13:00:08,800.0,3.96,S
2021-06-24T13:00:08,2000.0,3.96,S
2021-06-24T11:29:13,800.0,3.97,B
2021-06-24T11:27:42,500.0,3.97,B
2021-06-24T11:23:38,3000.0,3.97,B
2021-06-24T11:22:17,2000.0,3.97,B
2021-06-24T11:20:22,500.0,3.98,B
2021-06-24T11:19:01,500.0,3.98,B
2021-06-24T11:17:33,10000.0,3.98,B
2021-06-24T11:17:10,2100.0,3.96,B
2021-06-24T11:16:56,100.0,3.96,B
2021-06-24T11:16:34,2000.0,3.96,B
2021-06-24T11:15:16,5000.0,3.96,B
2021-06-24T11:13:24,900.0,3.96,B
2021-06-24T11:12:25,5100.0,3.96,B
2021-06-24T11:11:55,2000.0,3.94,S
2021-06-24T11:09:52,5100.0,3.94,S
2021-06-24T11:05:52,1000.0,3.94,S
2021-06-24T11:05:44,10000.0,3.95,B
2021-06-24T11:05:44,5000.0,3.95,B
2021-06-24T11:05:31,100.0,3.94,S
2021-06-24T11:05:03,1000.0,3.95,B
2021-06-24T11:03:44,4900.0,3.95,B
2021-06-24T11:03:44,100.0,3.94,B
2021-06-24T11:03:14,1000.0,3.94,S
2021-06-24T11:03:14,18900.0,3.94,S
2021-06-24T11:01:51,6300.0,3.94,S
2021-06-24T11:01:48,5000.0,3.94,S
2021-06-24T11:01:38,300.0,3.94,S
2021-06-24T11:01:19,3000.0,3.94,S
2021-06-24T10:59:26,1000.0,3.94,S
2021-06-24T10:59:13,500.0,3.94,S
2021-06-24T10:59:10,5200.0,3.94,S
2021-06-24T10:58:08,7400.0,3.94,S
2021-06-24T10:57:54,500.0,3.95,B
2021-06-24T10:57:16,200.0,3.95,B
2021-06-24T10:56:58,600.0,3.94,S
2021-06-24T10:55:11,400.0,3.95,S
2021-06-24T10:54:55,1500.0,3.95,S
2021-06-24T10:54:32,500.0,3.95,S
2021-06-24T10:54:30,100.0,3.95,S
2021-06-24T10:54:15,1500.0,3.95,S
2021-06-24T10:52:43,2200.0,3.95,B
2021-06-24T10:52:32,1000.0,3.95,B
2021-06-24T10:52:20,700.0,3.95,B
2021-06-24T10:52:13,200.0,3.94,S
2021-06-24T10:51:05,4400.0,3.94,S
2021-06-24T10:50:48,300.0,3.95,B
2021-06-24T10:50:32,500.0,3.95,B
2021-06-24T10:49:48,20000.0,3.95,B
2021-06-24T10:48:13,900.0,3.94,S
2021-06-24T10:46:16,2800.0,3.94,S
2021-06-24T10:45:56,4000.0,3.94,S
2021-06-24T10:43:35,5000.0,3.94,S
2021-06-24T10:42:49,2100.0,3.95,S
2021-06-24T10:42:49,14700.0,3.95,S
2021-06-24T10:41:41,100.0,3.95,S
2021-06-24T10:40:11,200.0,3.95,B
2021-06-24T10:39:15,200.0,3.95,S
2021-06-24T10:38:49,800.0,3.95,B
2021-06-24T10:38:01,3000.0,3.95,B
2021-06-24T10:37:14,2000.0,3.95,B
2021-06-24T10:37:07,3000.0,3.95,B
2021-06-24T10:37:06,500.0,3.95,B
2021-06-24T10:36:37,10700.0,3.95,S
2021-06-24T10:36:28,4400.0,3.95,S
2021-06-24T10:35:40,1700.0,3.96,S
2021-06-24T10:34:08,5500.0,3.96,S
2021-06-24T10:32:28,1000.0,3.96,S
2021-06-24T10:30:12,1700.0,3.96,S
2021-06-24T10:29:14,300.0,3.96,S
2021-06-24T10:28:36,4600.0,3.96,S
2021-06-24T10:27:43,1300.0,3.96,S
2021-06-24T10:27:10,1000.0,3.97,B
2021-06-24T10:25:50,600.0,3.96,S
2021-06-24T10:25:39,4000.0,3.96,S
2021-06-24T10:24:11,3100.0,3.97,S
2021-06-24T10:23:40,1900.0,3.97,B
2021-06-24T10:23:38,100.0,3.96,S
2021-06-24T10:23:17,100.0,3.97,B
2021-06-24T10:22:27,1000.0,3.97,B
2021-06-24T10:22:16,100.0,3.96,B
2021-06-24T10:22:16,200.0,3.96,B
2021-06-24T10:22:15,200.0,3.96,B
2021-06-24T10:22:10,10000.0,3.95,S
2021-06-24T10:20:50,400.0,3.95,S
2021-06-24T10:20:25,600.0,3.95,B
2021-06-24T10:20:14,1000.0,3.95,B
2021-06-24T10:19:57,100.0,3.95,B
2021-06-24T10:19:44,2000.0,3.95,B
2021-06-24T10:18:47,500.0,3.95,S
2021-06-24T10:18:35,1000.0,3.96,B
2021-06-24T10:18:29,20000.0,3.95,S
2021-06-24T10:15:58,100.0,3.96,B
2021-06-24T10:15:44,100.0,3.96,B
2021-06-24T10:15:00,100.0,3.96,B
2021-06-24T10:14:00,200.0,3.96,B
2021-06-24T10:13:03,300.0,3.96,B
2021-06-24T10:10:52,200.0,3.96,B
2021-06-24T10:10:04,400.0,3.94,S
2021-06-24T10:08:58,2800.0,3.93,S
2021-06-24T10:08:58,300.0,3.93,S
2021-06-24T10:08:58,6100.0,3.93,S
2021-06-24T10:08:23,100.0,3.95,S
2021-06-24T10:08:19,700.0,3.95,S
2021-06-24T10:08:00,1000.0,3.96,B
2021-06-24T10:07:56,100.0,3.95,S
2021-06-24T10:07:54,2400.0,3.95,S
2021-06-24T10:07:48,200.0,3.96,B
2021-06-24T10:07:21,4700.0,3.96,B
2021-06-24T10:05:20,500.0,3.95,B
2021-06-24T10:04:49,1000.0,3.95,B
2021-06-24T10:03:46,1000.0,3.95,B
2021-06-24T10:03:08,1000.0,3.95,B
2021-06-24T10:02:43,1000.0,3.95,B
2021-06-24T10:02:08,100.0,3.93,S
2021-06-24T10:00:33,100.0,3.96,B
2021-06-24T09:59:36,300.0,3.96,B
2021-06-24T09:59:25,100.0,3.96,B
2021-06-24T09:59:08,100.0,3.96,B
2021-06-24T09:59:03,1400.0,3.96,B
2021-06-24T09:57:28,200.0,3.96,S
2021-06-24T09:56:42,800.0,3.93,S
2021-06-24T09:55:01,10400.0,3.93,S
2021-06-24T09:55:00,3000.0,3.93,S
2021-06-24T09:55:00,6900.0,3.93,S
2021-06-24T09:55:00,2000.0,3.94,S
2021-06-24T09:55:00,28100.0,3.94,S
2021-06-24T09:53:18,1300.0,3.95,S
2021-06-24T09:51:24,9400.0,3.95,S
2021-06-24T09:51:18,5000.0,3.95,B
2021-06-24T09:51:00,12800.0,3.95,S
2021-06-24T09:51:00,23100.0,3.95,S
2021-06-24T09:50:50,9300.0,3.98,B
2021-06-24T09:47:02,500.0,3.96,B
2021-06-24T09:46:31,900.0,3.95,S
2021-06-24T09:46:17,500.0,3.96,B
2021-06-24T09:45:20,1100.0,3.95,S
2021-06-24T09:45:20,900.0,3.95,S
2021-06-24T09:44:47,300.0,3.95,S
2021-06-24T09:43:42,10000.0,3.95,S
2021-06-24T09:43:20,1000.0,3.95,S
2021-06-24T09:43:02,20000.0,3.95,S
2021-06-24T09:42:47,25000.0,3.95,S
2021-06-24T09:42:26,3000.0,3.96,S
2021-06-24T09:40:18,400.0,3.95,B
2021-06-24T09:39:53,16000.0,3.95,B
2021-06-24T09:39:29,5000.0,3.95,B
2021-06-24T09:39:28,1000.0,3.95,S
2021-06-24T09:39:28,2500.0,3.95,S
2021-06-24T09:39:27,5100.0,3.95,S
2021-06-24T09:39:13,100.0,3.95,S
2021-06-24T09:37:41,200.0,3.95,S
2021-06-24T09:37:29,100.0,3.95,S
2021-06-24T09:36:26,500.0,3.95,S
2021-06-24T09:35:40,1000.0,3.95,S
2021-06-24T09:34:54,300.0,3.95,S
2021-06-24T09:34:27,1100.0,3.95,S
2021-06-24T09:34:27,3600.0,3.95,S
2021-06-24T09:33:36,700.0,3.95,S
2021-06-24T09:33:17,100.0,3.95,S
2021-06-24T09:32:05,100.0,3.95,S
2021-06-24T09:32:05,1500.0,3.95,S
2021-06-24T09:32:05,2900.0,3.95,S
2021-06-24T09:31:39,600.0,3.95,S
2021-06-24T09:31:39,6000.0,3.95,S
2021-06-24T09:31:39,3500.0,3.95,S
2021-06-24T09:31:29,100.0,3.99,B
2021-06-24T09:31:03,8000.0,3.99,B
2021-06-24T09:30:42,500.0,3.99,B
2021-06-24T09:29:45,2100.0,3.99,S
2021-06-24T09:28:57,200.0,3.99,S
2021-06-24T09:27:17,100.0,3.99,S
2021-06-24T09:27:17,1100.0,4.0,B
2021-06-24T09:27:14,900.0,4.0,B
2021-06-24T09:25:29,500.0,4.0,B
2021-06-24T09:25:05,300.0,4.0,B
2021-06-24T09:23:44,1000.0,4.0,B
2021-06-24T09:23:11,1700.0,4.0,S
2021-06-24T09:22:52,18900.0,4.0,S
2021-06-24T09:22:52,1100.0,4.0,S
2021-06-24T09:22:38,500.0,4.01,B
2021-06-24T09:22:30,100.0,4.0,S
2021-06-24T09:21:24,100.0,4.0,S
2021-06-24T09:21:20,100.0,4.0,S
2021-06-24T09:21:06,200.0,4.01,B
2021-06-24T09:19:11,200.0,4.0,S
2021-06-24T09:18:21,200.0,4.0,B
