tradingTime,volume,price,side
2021-06-24T14:29:36,4000.0,5.5,B
2021-06-24T14:29:06,1500.0,5.5,B
2021-06-24T14:28:33,100.0,5.5,B
2021-06-24T14:28:05,600.0,5.4,S
2021-06-24T14:27:51,900.0,5.5,B
2021-06-24T14:26:38,100.0,5.5,B
2021-06-24T14:25:01,300.0,5.5,B
2021-06-24T14:24:11,2000.0,5.5,B
2021-06-24T14:23:41,200.0,5.5,B
2021-06-24T14:22:48,1600.0,5.5,B
2021-06-24T14:21:08,64200.0,5.4,S
2021-06-24T14:20:59,2000.0,5.5,B
2021-06-24T14:20:09,10000.0,5.5,B
2021-06-24T14:20:06,100.0,5.5,B
2021-06-24T14:16:59,600.0,5.5,B
2021-06-24T14:16:27,200.0,5.5,B
2021-06-24T14:16:22,300.0,5.5,B
2021-06-24T14:13:32,400.0,5.5,B
2021-06-24T14:10:04,500.0,5.5,B
2021-06-24T14:09:32,1000.0,5.5,B
2021-06-24T14:09:09,300.0,5.5,B
2021-06-24T14:08:25,400.0,5.5,B
2021-06-24T14:06:25,500.0,5.5,B
2021-06-24T14:05:17,35100.0,5.5,S
2021-06-24T14:05:09,8000.0,5.5,S
2021-06-24T14:04:59,4000.0,5.5,S
2021-06-24T14:02:20,100.0,5.5,S
2021-06-24T14:00:10,100.0,5.6,B
2021-06-24T13:59:04,200.0,5.6,B
2021-06-24T13:56:52,100.0,5.6,B
2021-06-24T13:56:37,1000.0,5.6,B
2021-06-24T13:56:31,1000.0,5.6,B
2021-06-24T13:55:04,1200.0,5.5,S
2021-06-24T13:54:49,100.0,5.5,S
2021-06-24T13:53:09,4000.0,5.5,S
2021-06-24T13:52:33,10000.0,5.5,S
2021-06-24T13:51:19,700.0,5.6,B
2021-06-24T13:48:46,10000.0,5.6,B
2021-06-24T13:47:58,100.0,5.6,B
2021-06-24T13:47:11,100.0,5.6,B
2021-06-24T13:46:12,500.0,5.5,S
2021-06-24T13:44:12,15000.0,5.5,S
2021-06-24T13:43:20,20000.0,5.5,S
2021-06-24T13:43:08,400.0,5.5,S
2021-06-24T13:40:56,2000.0,5.5,S
2021-06-24T13:39:17,100.0,5.5,S
2021-06-24T13:38:34,200.0,5.6,B
2021-06-24T13:35:25,100.0,5.6,B
2021-06-24T13:31:46,200.0,5.6,B
2021-06-24T13:31:20,500.0,5.6,B
2021-06-24T13:29:32,100.0,5.6,B
2021-06-24T13:28:37,100.0,5.6,B
2021-06-24T13:27:43,300.0,5.5,S
2021-06-24T13:26:26,200.0,5.6,B
2021-06-24T13:26:01,2500.0,5.6,B
2021-06-24T13:25:00,200.0,5.6,B
2021-06-24T13:24:58,5000.0,5.6,B
2021-06-24T13:21:29,1000.0,5.5,S
2021-06-24T13:18:53,5000.0,5.5,S
2021-06-24T13:18:46,500.0,5.6,B
2021-06-24T13:17:27,200.0,5.5,S
2021-06-24T13:16:48,200.0,5.5,S
2021-06-24T13:15:37,500.0,5.5,S
2021-06-24T13:12:19,100.0,5.5,S
2021-06-24T13:10:30,200.0,5.6,B
2021-06-24T13:06:01,1000.0,5.6,B
2021-06-24T13:03:07,1000.0,5.5,S
2021-06-24T13:03:06,100.0,5.5,S
2021-06-24T13:01:50,3000.0,5.5,S
2021-06-24T13:00:07,1200.0,5.5,S
2021-06-24T13:00:02,1000.0,5.6,B
2021-06-24T13:00:02,300.0,5.5,S
2021-06-24T13:00:00,1000.0,5.6,B
2021-06-24T11:28:32,100.0,5.6,B
2021-06-24T11:25:52,500.0,5.5,S
2021-06-24T11:24:54,1400.0,5.6,B
2021-06-24T11:24:02,2000.0,5.5,S
2021-06-24T11:19:28,200.0,5.5,S
2021-06-24T11:19:25,200.0,5.5,S
2021-06-24T11:19:19,200.0,5.5,S
2021-06-24T11:18:04,100.0,5.6,B
2021-06-24T11:15:49,300.0,5.6,B
2021-06-24T11:11:17,100.0,5.6,B
2021-06-24T11:11:04,3100.0,5.5,S
2021-06-24T11:09:31,31500.0,5.5,S
2021-06-24T11:06:46,100.0,5.6,B
2021-06-24T11:05:23,3000.0,5.5,S
2021-06-24T11:05:08,100.0,5.6,B
2021-06-24T11:03:24,100.0,5.6,B
2021-06-24T11:01:08,6000.0,5.5,S
2021-06-24T11:00:59,5000.0,5.5,S
2021-06-24T11:00:42,300.0,5.5,S
2021-06-24T10:59:41,600.0,5.5,S
2021-06-24T10:59:02,400.0,5.5,S
2021-06-24T10:56:06,900.0,5.5,S
2021-06-24T10:55:54,23200.0,5.5,S
2021-06-24T10:55:53,7800.0,5.5,S
2021-06-24T10:52:57,100.0,5.6,B
2021-06-24T10:52:37,200.0,5.5,S
2021-06-24T10:52:28,5000.0,5.5,S
2021-06-24T10:52:18,5000.0,5.5,S
2021-06-24T10:52:08,20000.0,5.5,S
2021-06-24T10:51:49,10000.0,5.5,S
2021-06-24T10:50:53,10000.0,5.5,S
2021-06-24T10:50:07,100.0,5.5,S
2021-06-24T10:49:26,1000.0,5.5,S
2021-06-24T10:47:23,100.0,5.5,S
2021-06-24T10:44:28,2000.0,5.5,S
2021-06-24T10:36:08,300.0,5.6,B
2021-06-24T10:29:37,700.0,5.5,S
2021-06-24T10:24:32,8500.0,5.5,S
2021-06-24T10:23:15,300.0,5.5,S
2021-06-24T10:21:25,5000.0,5.5,S
2021-06-24T10:19:05,10000.0,5.5,S
2021-06-24T10:19:00,3000.0,5.5,S
2021-06-24T10:15:53,3000.0,5.5,S
2021-06-24T10:15:46,5000.0,5.5,S
2021-06-24T10:15:27,200.0,5.5,S
2021-06-24T10:11:25,1000.0,5.5,S
2021-06-24T10:10:24,400.0,5.5,S
2021-06-24T10:10:14,1500.0,5.5,S
2021-06-24T10:09:36,3000.0,5.5,S
2021-06-24T10:09:36,100.0,5.5,S
2021-06-24T10:08:54,2000.0,5.5,S
2021-06-24T10:06:30,2000.0,5.5,S
2021-06-24T10:04:22,53400.0,5.5,S
2021-06-24T10:02:55,2000.0,5.5,S
2021-06-24T10:02:38,2800.0,5.5,S
2021-06-24T09:59:34,100.0,5.6,B
2021-06-24T09:56:13,300.0,5.5,S
2021-06-24T09:55:19,400.0,5.5,S
2021-06-24T09:52:13,10000.0,5.5,S
2021-06-24T09:49:37,2000.0,5.5,S
2021-06-24T09:49:17,2000.0,5.5,S
2021-06-24T09:47:56,5000.0,5.5,S
2021-06-24T09:45:43,3000.0,5.5,S
2021-06-24T09:43:50,200.0,5.5,S
2021-06-24T09:39:07,200.0,5.6,B
2021-06-24T09:36:46,100.0,5.5,S
2021-06-24T09:36:00,100.0,5.5,S
2021-06-24T09:34:56,100.0,5.6,B
2021-06-24T09:32:48,5000.0,5.5,S
2021-06-24T09:26:13,500.0,5.6,B
2021-06-24T09:23:55,2000.0,5.6,B
2021-06-24T09:23:53,500.0,5.6,B
2021-06-24T09:23:27,1000.0,5.6,B
2021-06-24T09:22:49,500.0,5.6,B
2021-06-24T09:22:00,700.0,5.6,B
2021-06-24T09:21:33,1000.0,5.6,B
2021-06-24T09:21:01,300.0,5.6,B
2021-06-24T09:20:46,1000.0,5.6,B
2021-06-24T09:19:07,6700.0,5.6,B
2021-06-24T09:17:56,4000.0,5.6,B
2021-06-24T09:17:45,2000.0,5.6,B
2021-06-24T09:17:18,3900.0,5.6,B
2021-06-24T09:12:50,2000.0,5.6,B
2021-06-24T09:12:34,2500.0,5.6,B
2021-06-24T09:07:24,300.0,5.6,B
2021-06-24T09:05:33,200.0,5.6,B
2021-06-24T09:05:22,2000.0,5.6,B
2021-06-24T09:04:57,10000.0,5.6,B
2021-06-24T09:00:30,100.0,5.6,B
2021-06-24T09:00:22,1000.0,5.6,B
2021-06-24T09:00:01,100.0,5.8,B
