tradingTime,volume,price,side
2021-06-24T14:30:03,3500.0,68.6,S
2021-06-24T14:29:48,900.0,68.8,B
2021-06-24T14:29:33,100.0,68.6,S
2021-06-24T14:29:31,5000.0,68.8,B
2021-06-24T14:29:13,10000.0,68.5,S
2021-06-24T14:28:40,100.0,68.8,B
2021-06-24T14:28:39,10000.0,68.9,B
2021-06-24T14:28:26,600.0,68.8,B
2021-06-24T14:28:23,500.0,68.8,B
2021-06-24T14:28:17,4300.0,68.5,S
2021-06-24T14:28:16,5300.0,68.6,S
2021-06-24T14:28:16,300.0,68.6,S
2021-06-24T14:28:16,700.0,68.6,S
2021-06-24T14:28:16,7400.0,68.6,S
2021-06-24T14:28:16,2000.0,68.7,S
2021-06-24T14:27:01,2900.0,68.9,B
2021-06-24T14:27:01,500.0,68.9,B
2021-06-24T14:27:01,3600.0,68.7,S
2021-06-24T14:27:00,4900.0,68.8,B
2021-06-24T14:26:55,900.0,68.8,B
2021-06-24T14:26:54,9200.0,68.8,B
2021-06-24T14:26:43,500.0,68.7,B
2021-06-24T14:26:41,500.0,68.7,B
2021-06-24T14:26:41,2000.0,68.7,B
2021-06-24T14:26:41,2800.0,68.7,B
2021-06-24T14:26:41,600.0,68.7,B
2021-06-24T14:26:41,600.0,68.6,S
2021-06-24T14:26:41,500.0,68.6,S
2021-06-24T14:26:33,1100.0,68.6,B
2021-06-24T14:26:16,2900.0,68.6,B
2021-06-24T14:26:16,300.0,68.6,B
2021-06-24T14:26:14,500.0,68.5,S
2021-06-24T14:26:13,500.0,68.5,S
2021-06-24T14:26:03,2000.0,68.5,S
2021-06-24T14:26:03,600.0,68.6,B
2021-06-24T14:25:55,500.0,68.6,B
2021-06-24T14:25:46,1000.0,68.6,B
2021-06-24T14:25:34,1000.0,68.6,B
2021-06-24T14:25:27,1800.0,68.6,B
2021-06-24T14:25:20,200.0,68.5,S
2021-06-24T14:25:14,500.0,68.6,B
2021-06-24T14:25:08,7000.0,68.5,S
2021-06-24T14:25:08,2300.0,68.5,S
2021-06-24T14:25:06,7000.0,68.5,S
2021-06-24T14:25:00,7000.0,68.5,S
2021-06-24T14:24:55,100.0,68.5,S
2021-06-24T14:24:55,7000.0,68.5,S
2021-06-24T14:24:53,200.0,68.5,S
2021-06-24T14:24:53,7000.0,68.5,S
2021-06-24T14:24:53,400.0,68.6,S
2021-06-24T14:24:51,7000.0,68.5,S
2021-06-24T14:24:41,7000.0,68.5,S
2021-06-24T14:24:41,100.0,68.5,S
2021-06-24T14:24:37,7000.0,68.5,S
2021-06-24T14:24:35,400.0,68.6,S
2021-06-24T14:24:28,200.0,68.5,S
2021-06-24T14:24:26,200.0,68.6,S
2021-06-24T14:24:26,6600.0,68.6,S
2021-06-24T14:24:22,7000.0,68.6,S
2021-06-24T14:24:21,100.0,68.6,S
2021-06-24T14:24:17,6300.0,68.6,S
2021-06-24T14:24:17,700.0,68.6,S
2021-06-24T14:24:15,600.0,68.6,S
2021-06-24T14:24:15,100.0,68.6,S
2021-06-24T14:24:15,1400.0,68.6,S
2021-06-24T14:24:15,4900.0,68.6,S
2021-06-24T14:24:14,400.0,68.6,S
2021-06-24T14:24:13,6600.0,68.6,S
2021-06-24T14:24:04,200.0,68.6,S
2021-06-24T14:24:03,3100.0,68.6,S
2021-06-24T14:24:03,500.0,68.6,S
2021-06-24T14:24:03,3400.0,68.6,S
2021-06-24T14:24:00,200.0,68.6,S
2021-06-24T14:23:59,400.0,68.6,S
2021-06-24T14:23:59,6600.0,68.6,S
2021-06-24T14:23:52,7000.0,68.6,S
2021-06-24T14:23:48,7000.0,68.6,S
2021-06-24T14:23:47,2000.0,68.7,B
2021-06-24T14:23:38,100.0,68.6,S
2021-06-24T14:23:34,500.0,68.7,B
2021-06-24T14:23:18,2400.0,68.7,B
2021-06-24T14:23:15,100.0,68.7,B
2021-06-24T14:22:56,500.0,68.7,B
2021-06-24T14:22:56,9500.0,68.7,B
2021-06-24T14:22:39,2000.0,68.7,B
2021-06-24T14:22:09,1300.0,68.7,S
2021-06-24T14:22:00,200.0,68.7,S
2021-06-24T14:21:39,100.0,68.8,B
2021-06-24T14:21:11,2300.0,68.8,B
2021-06-24T14:21:08,100.0,68.8,B
2021-06-24T14:21:08,200.0,68.8,B
2021-06-24T14:21:07,4700.0,68.8,B
2021-06-24T14:20:21,100.0,68.8,B
2021-06-24T14:19:53,2400.0,68.8,B
2021-06-24T14:19:53,900.0,68.8,B
2021-06-24T14:19:46,100.0,68.8,S
2021-06-24T14:19:30,1500.0,68.8,S
2021-06-24T14:19:30,2200.0,68.8,S
2021-06-24T14:19:23,400.0,68.8,S
2021-06-24T14:19:23,2900.0,68.8,S
2021-06-24T14:19:23,300.0,68.8,S
2021-06-24T14:19:23,1400.0,68.8,S
2021-06-24T14:19:21,100.0,68.8,S
2021-06-24T14:19:06,1000.0,68.8,S
2021-06-24T14:19:04,2000.0,68.9,B
2021-06-24T14:19:04,400.0,68.9,B
2021-06-24T14:19:03,2500.0,68.8,S
2021-06-24T14:18:58,2500.0,68.8,S
2021-06-24T14:18:54,2500.0,68.8,S
2021-06-24T14:18:51,2500.0,68.8,S
2021-06-24T14:18:46,200.0,68.8,B
2021-06-24T14:18:45,2500.0,68.8,B
2021-06-24T14:18:41,2500.0,68.8,B
2021-06-24T14:18:38,200.0,68.8,B
2021-06-24T14:18:37,2500.0,68.8,B
2021-06-24T14:18:34,2500.0,68.8,B
2021-06-24T14:18:28,2500.0,68.8,B
2021-06-24T14:18:19,200.0,68.8,B
2021-06-24T14:18:15,1000.0,68.8,B
2021-06-24T14:18:14,100.0,68.8,B
2021-06-24T14:18:12,200.0,68.8,B
2021-06-24T14:18:11,1200.0,68.8,B
2021-06-24T14:17:54,2300.0,68.6,S
2021-06-24T14:17:50,2000.0,68.6,S
2021-06-24T14:17:46,200.0,68.6,S
2021-06-24T14:17:41,1900.0,68.9,B
2021-06-24T14:17:41,5300.0,68.9,B
2021-06-24T14:17:41,2300.0,68.9,B
2021-06-24T14:17:40,140500.0,68.9,B
2021-06-24T14:17:31,1500.0,68.6,S
2021-06-24T14:17:26,200.0,68.6,S
2021-06-24T14:17:20,200.0,68.6,S
2021-06-24T14:17:05,200.0,68.6,S
2021-06-24T14:17:01,200.0,68.6,S
2021-06-24T14:16:55,2400.0,68.8,B
2021-06-24T14:16:53,200.0,68.6,S
2021-06-24T14:16:33,200.0,68.6,S
2021-06-24T14:16:29,2300.0,68.6,S
2021-06-24T14:16:25,300.0,68.6,S
2021-06-24T14:16:24,14500.0,68.8,B
2021-06-24T14:16:23,3000.0,68.8,B
2021-06-24T14:16:21,200.0,68.6,S
2021-06-24T14:16:14,100.0,68.6,S
2021-06-24T14:16:12,500.0,68.6,S
2021-06-24T14:16:07,300.0,68.6,S
2021-06-24T14:15:45,200.0,68.6,S
2021-06-24T14:15:43,1000.0,68.6,S
2021-06-24T14:15:42,2000.0,68.8,B
2021-06-24T14:15:39,200.0,68.6,S
2021-06-24T14:15:36,2000.0,68.6,S
2021-06-24T14:15:34,400.0,68.6,S
2021-06-24T14:15:31,200.0,68.6,S
2021-06-24T14:15:31,100000.0,68.8,B
2021-06-24T14:15:13,200.0,68.6,S
2021-06-24T14:15:05,1400.0,68.6,S
2021-06-24T14:15:02,2300.0,68.6,S
2021-06-24T14:14:59,700.0,68.6,S
2021-06-24T14:14:55,62500.0,68.8,B
2021-06-24T14:14:55,3000.0,68.8,B
2021-06-24T14:14:55,4000.0,68.8,B
2021-06-24T14:14:55,600.0,68.8,B
2021-06-24T14:14:55,2500.0,68.8,B
2021-06-24T14:14:55,300.0,68.8,B
2021-06-24T14:14:55,1200.0,68.8,B
2021-06-24T14:14:55,125900.0,68.8,B
2021-06-24T14:14:53,2000.0,68.6,S
2021-06-24T14:14:48,2300.0,68.7,B
2021-06-24T14:14:48,200.0,68.6,S
2021-06-24T14:14:38,500.0,68.6,S
2021-06-24T14:14:38,200.0,68.6,S
2021-06-24T14:14:21,200.0,68.6,S
2021-06-24T14:14:18,300.0,68.6,S
2021-06-24T14:14:12,300.0,68.6,S
2021-06-24T14:14:10,50000.0,68.7,B
2021-06-24T14:13:57,200.0,68.6,S
2021-06-24T14:13:54,1000.0,68.6,S
2021-06-24T14:13:51,10000.0,68.7,B
2021-06-24T14:13:43,300.0,68.6,B
2021-06-24T14:13:38,2300.0,68.6,B
2021-06-24T14:13:33,200.0,68.6,B
2021-06-24T14:13:33,200.0,68.6,B
2021-06-24T14:13:24,22800.0,68.5,S
2021-06-24T14:13:24,2200.0,68.6,B
2021-06-24T14:13:23,1400.0,68.6,B
2021-06-24T14:13:06,200.0,68.6,B
2021-06-24T14:12:52,200.0,68.6,B
2021-06-24T14:12:49,1100.0,68.6,B
2021-06-24T14:12:45,2300.0,68.8,B
2021-06-24T14:12:44,1600.0,68.6,B
2021-06-24T14:12:35,100.0,68.6,B
2021-06-24T14:12:32,4500.0,68.6,B
2021-06-24T14:12:25,102500.0,68.6,B
2021-06-24T14:12:25,2300.0,68.6,B
2021-06-24T14:12:25,35200.0,68.6,B
2021-06-24T14:12:22,100.0,68.6,B
2021-06-24T14:12:06,1500.0,68.6,S
2021-06-24T14:12:06,500.0,68.6,S
2021-06-24T14:12:06,1800.0,68.6,S
2021-06-24T14:12:06,400.0,68.6,S
2021-06-24T14:12:06,500.0,68.6,S
2021-06-24T14:12:05,1000.0,68.6,S
2021-06-24T14:12:05,1100.0,68.6,S
2021-06-24T14:12:05,1900.0,68.6,S
2021-06-24T14:12:05,1000.0,68.6,S
2021-06-24T14:12:05,30300.0,68.6,S
2021-06-24T14:12:05,100.0,68.6,S
2021-06-24T14:12:05,100.0,68.6,S
2021-06-24T14:12:05,100.0,68.6,S
2021-06-24T14:12:05,2000.0,68.6,S
2021-06-24T14:12:05,101300.0,68.6,S
2021-06-24T14:12:05,21200.0,68.6,S
2021-06-24T14:11:56,200.0,68.6,S
2021-06-24T14:11:49,3800.0,68.8,B
2021-06-24T14:11:41,100.0,68.6,S
2021-06-24T14:11:31,100.0,68.6,S
2021-06-24T14:11:24,500.0,68.6,S
2021-06-24T14:11:19,200.0,68.6,S
2021-06-24T14:11:09,1000.0,68.6,S
2021-06-24T14:11:07,200.0,68.6,S
2021-06-24T14:10:55,100.0,68.6,S
2021-06-24T14:10:50,1000.0,68.6,S
2021-06-24T14:10:50,2200.0,68.6,S
2021-06-24T14:10:42,2400.0,68.8,B
2021-06-24T14:10:42,100.0,68.6,S
2021-06-24T14:10:39,100.0,68.6,S
2021-06-24T14:10:37,2000.0,68.6,S
2021-06-24T14:10:31,100.0,68.6,S
2021-06-24T14:10:30,800.0,68.6,S
2021-06-24T14:10:08,100.0,68.6,S
2021-06-24T14:10:08,1800.0,68.6,S
2021-06-24T14:10:08,100.0,68.7,B
2021-06-24T14:10:08,2100.0,68.7,B
2021-06-24T14:10:08,300.0,68.7,B
2021-06-24T14:10:08,100.0,68.7,B
2021-06-24T14:10:08,500.0,68.7,B
2021-06-24T14:10:06,1200.0,68.7,B
2021-06-24T14:09:57,2000.0,68.7,B
2021-06-24T14:09:53,700.0,68.6,S
2021-06-24T14:09:52,200.0,68.6,S
2021-06-24T14:09:47,10300.0,68.6,S
2021-06-24T14:09:38,200.0,68.6,S
2021-06-24T14:09:23,100.0,68.6,S
2021-06-24T14:09:22,2300.0,68.6,S
2021-06-24T14:09:21,100.0,68.6,S
2021-06-24T14:09:18,2000.0,68.6,S
2021-06-24T14:09:11,100.0,68.6,S
2021-06-24T14:09:04,300.0,68.6,S
2021-06-24T14:08:49,500.0,68.6,S
2021-06-24T14:08:44,100.0,68.6,S
2021-06-24T14:08:33,2400.0,68.7,B
2021-06-24T14:08:32,500.0,68.6,S
2021-06-24T14:08:29,200.0,68.6,S
2021-06-24T14:08:19,100.0,68.6,S
2021-06-24T14:08:16,100.0,68.7,B
2021-06-24T14:08:15,100.0,68.7,B
2021-06-24T14:08:15,100.0,68.7,B
2021-06-24T14:08:09,100.0,68.6,S
2021-06-24T14:08:01,100.0,68.6,S
2021-06-24T14:07:48,100.0,68.6,S
2021-06-24T14:07:47,300.0,68.7,B
2021-06-24T14:07:45,1000.0,68.7,B
2021-06-24T14:07:03,100.0,68.7,B
2021-06-24T14:06:55,100.0,68.7,B
2021-06-24T14:06:36,5000.0,68.6,S
2021-06-24T14:06:34,100.0,68.6,S
2021-06-24T14:06:29,2300.0,68.6,S
2021-06-24T14:06:21,2300.0,68.8,B
2021-06-24T14:06:12,1000.0,68.6,S
2021-06-24T14:06:07,78100.0,68.8,B
2021-06-24T14:06:07,127300.0,68.7,B
2021-06-24T14:06:05,200.0,68.6,S
2021-06-24T14:05:56,3000.0,68.7,B
2021-06-24T14:05:48,100.0,68.6,S
2021-06-24T14:05:40,2800.0,68.6,S
2021-06-24T14:05:39,100.0,68.6,S
2021-06-24T14:05:30,100.0,68.6,S
2021-06-24T14:05:28,2000.0,68.7,B
2021-06-24T14:05:28,500.0,68.6,S
2021-06-24T14:05:19,100.0,68.6,S
2021-06-24T14:05:17,100.0,68.6,S
2021-06-24T14:05:04,100.0,68.6,S
2021-06-24T14:04:56,2300.0,68.6,S
2021-06-24T14:04:48,1000.0,68.6,S
2021-06-24T14:04:46,200.0,68.6,S
2021-06-24T14:04:39,200.0,68.6,S
2021-06-24T14:04:29,1000.0,68.6,S
2021-06-24T14:04:12,2400.0,68.7,B
2021-06-24T14:04:03,76400.0,68.7,B
2021-06-24T14:04:02,1000.0,68.7,B
2021-06-24T14:03:54,33400.0,68.7,S
2021-06-24T14:03:54,2300.0,68.7,S
2021-06-24T14:03:54,300.0,68.7,S
2021-06-24T14:03:54,164000.0,68.7,S
2021-06-24T14:03:52,100.0,68.8,S
2021-06-24T14:03:19,1000.0,68.8,S
2021-06-24T14:03:11,50700.0,68.8,S
2021-06-24T14:03:06,300.0,68.8,S
2021-06-24T14:03:06,149700.0,68.8,S
2021-06-24T14:02:50,400.0,68.9,S
2021-06-24T14:02:43,2300.0,68.9,S
2021-06-24T14:01:46,2600.0,68.9,S
2021-06-24T14:01:10,200.0,68.9,S
2021-06-24T14:00:37,98800.0,68.9,S
2021-06-24T14:00:35,400.0,68.9,S
2021-06-24T14:00:31,100.0,68.9,S
2021-06-24T14:00:24,100.0,68.9,S
2021-06-24T14:00:22,100.0,68.9,S
2021-06-24T14:00:19,500.0,68.9,S
2021-06-24T14:00:18,2300.0,69.0,B
2021-06-24T14:00:17,2000.0,68.9,S
2021-06-24T14:00:15,500.0,68.9,S
2021-06-24T14:00:15,500.0,68.9,S
2021-06-24T14:00:10,200.0,68.9,S
2021-06-24T14:00:04,200.0,68.9,S
2021-06-24T14:00:04,100.0,68.9,S
2021-06-24T14:00:04,700.0,68.9,S
2021-06-24T14:00:02,2600.0,68.9,S
2021-06-24T14:00:00,100.0,68.9,S
2021-06-24T13:59:52,1500.0,68.9,S
2021-06-24T13:59:47,700.0,68.9,S
2021-06-24T13:59:43,10000.0,68.9,S
2021-06-24T13:59:31,100.0,68.9,S
2021-06-24T13:59:28,200.0,68.9,S
2021-06-24T13:59:22,200.0,68.9,S
2021-06-24T13:59:20,2300.0,68.9,S
2021-06-24T13:59:17,1100.0,68.9,S
2021-06-24T13:59:12,200.0,68.9,S
2021-06-24T13:59:11,2000.0,69.0,B
2021-06-24T13:59:07,100.0,68.9,S
2021-06-24T13:59:06,700.0,68.9,S
2021-06-24T13:58:27,200.0,68.9,S
2021-06-24T13:58:07,2300.0,69.0,B
2021-06-24T13:58:06,600.0,69.0,B
2021-06-24T13:58:06,600.0,69.0,B
2021-06-24T13:58:03,100.0,69.0,B
2021-06-24T13:57:55,1000.0,69.0,B
2021-06-24T13:57:52,1000.0,69.0,B
2021-06-24T13:57:52,1600.0,69.0,B
2021-06-24T13:57:52,400.0,69.0,B
2021-06-24T13:57:51,5200.0,69.0,B
2021-06-24T13:57:29,100.0,69.0,B
2021-06-24T13:57:26,500.0,69.0,B
2021-06-24T13:57:10,100.0,69.0,B
2021-06-24T13:56:53,100.0,69.0,S
2021-06-24T13:56:46,500.0,69.0,S
2021-06-24T13:56:40,4700.0,69.0,S
2021-06-24T13:56:39,300.0,69.0,S
2021-06-24T13:56:39,5500.0,69.0,S
2021-06-24T13:56:38,10000.0,69.0,S
2021-06-24T13:56:33,1000.0,69.0,S
2021-06-24T13:56:29,400.0,69.0,S
2021-06-24T13:56:21,2300.0,69.0,S
2021-06-24T13:56:17,1000.0,69.0,S
2021-06-24T13:56:05,1500.0,69.0,S
2021-06-24T13:56:02,100.0,69.0,S
2021-06-24T13:56:01,1000.0,69.0,S
2021-06-24T13:56:00,2300.0,69.1,B
2021-06-24T13:56:00,500.0,69.0,S
2021-06-24T13:55:57,400.0,69.0,S
2021-06-24T13:55:46,500.0,69.0,S
2021-06-24T13:55:43,2000.0,69.0,S
2021-06-24T13:55:31,400.0,69.0,S
2021-06-24T13:55:28,900.0,69.0,S
2021-06-24T13:55:25,3000.0,69.0,S
2021-06-24T13:55:22,100.0,69.0,S
2021-06-24T13:55:18,800.0,69.0,S
2021-06-24T13:55:10,4000.0,69.0,S
2021-06-24T13:55:07,1500.0,69.0,S
2021-06-24T13:55:04,5000.0,69.0,S
2021-06-24T13:55:04,500.0,69.0,S
2021-06-24T13:54:54,1000.0,69.0,S
2021-06-24T13:54:52,2200.0,69.0,S
2021-06-24T13:54:49,5000.0,69.0,S
2021-06-24T13:54:43,1000.0,69.0,S
2021-06-24T13:54:40,9000.0,69.0,S
2021-06-24T13:54:38,400.0,69.0,S
2021-06-24T13:54:37,800.0,69.0,S
2021-06-24T13:54:34,1000.0,69.0,S
2021-06-24T13:54:33,1000.0,69.0,S
2021-06-24T13:54:33,700.0,69.0,S
2021-06-24T13:54:27,400.0,69.0,S
2021-06-24T13:54:27,600.0,69.0,S
2021-06-24T13:54:20,200.0,69.0,S
2021-06-24T13:54:20,400.0,69.0,S
2021-06-24T13:54:16,100.0,69.0,S
2021-06-24T13:54:14,2400.0,69.1,B
2021-06-24T13:53:45,100.0,69.0,S
2021-06-24T13:53:42,400.0,69.0,S
2021-06-24T13:53:23,2300.0,69.0,S
2021-06-24T13:53:15,900.0,69.0,S
2021-06-24T13:53:15,600.0,69.0,S
2021-06-24T13:52:58,15000.0,69.1,B
2021-06-24T13:52:48,1000.0,69.0,B
2021-06-24T13:52:48,300.0,69.0,B
2021-06-24T13:52:35,100.0,69.1,B
2021-06-24T13:52:27,2000.0,69.1,B
2021-06-24T13:52:18,100.0,69.0,B
2021-06-24T13:52:18,1600.0,68.9,S
2021-06-24T13:52:01,1600.0,69.1,B
2021-06-24T13:52:00,400.0,69.0,S
2021-06-24T13:51:56,2300.0,68.9,S
2021-06-24T13:51:50,3000.0,69.1,B
2021-06-24T13:51:48,3700.0,68.9,S
2021-06-24T13:51:45,1700.0,69.0,S
2021-06-24T13:51:40,100.0,69.1,S
2021-06-24T13:51:40,600.0,69.0,S
2021-06-24T13:51:28,10000.0,68.9,S
2021-06-24T13:51:28,100.0,69.1,S
2021-06-24T13:51:24,5100.0,69.2,B
2021-06-24T13:51:23,15000.0,69.2,B
2021-06-24T13:51:23,1700.0,69.2,B
2021-06-24T13:51:23,1600.0,69.1,S
2021-06-24T13:51:23,200.0,69.1,S
2021-06-24T13:51:23,17500.0,69.1,S
2021-06-24T13:51:22,100.0,69.0,S
2021-06-24T13:50:54,5000.0,69.0,S
2021-06-24T13:50:52,5300.0,69.1,B
2021-06-24T13:50:49,10500.0,69.1,B
2021-06-24T13:50:49,400.0,69.1,B
2021-06-24T13:50:48,4900.0,69.1,B
2021-06-24T13:50:30,1000.0,69.0,S
2021-06-24T13:50:30,400.0,69.0,S
2021-06-24T13:50:29,900.0,69.0,S
2021-06-24T13:50:27,1800.0,69.1,B
2021-06-24T13:50:25,2000.0,69.1,B
2021-06-24T13:50:19,2000.0,69.0,S
2021-06-24T13:50:18,1300.0,69.1,B
2021-06-24T13:50:02,900.0,69.1,S
2021-06-24T13:50:02,9100.0,69.1,S
2021-06-24T13:50:02,100.0,69.1,S
2021-06-24T13:49:59,100.0,69.1,S
2021-06-24T13:49:56,500.0,69.2,B
2021-06-24T13:49:56,200.0,69.2,B
2021-06-24T13:49:55,500.0,69.2,B
2021-06-24T13:49:53,1000.0,69.3,B
2021-06-24T13:49:52,100.0,69.2,B
2021-06-24T13:49:52,100.0,69.2,B
2021-06-24T13:49:52,100.0,69.2,B
2021-06-24T13:49:52,100.0,69.2,B
2021-06-24T13:49:52,10200.0,69.2,B
2021-06-24T13:49:52,1000.0,69.2,B
2021-06-24T13:49:52,11000.0,69.2,B
2021-06-24T13:49:52,200.0,69.2,B
2021-06-24T13:49:51,1000.0,69.2,B
2021-06-24T13:49:49,100.0,69.1,S
2021-06-24T13:49:48,100.0,69.1,S
2021-06-24T13:49:40,200.0,69.1,S
2021-06-24T13:49:40,200.0,69.1,S
2021-06-24T13:49:40,300.0,69.2,B
2021-06-24T13:49:40,700.0,69.2,B
2021-06-24T13:49:39,800.0,69.1,S
2021-06-24T13:49:29,1000.0,69.1,S
2021-06-24T13:49:28,400.0,69.2,B
2021-06-24T13:49:27,500.0,69.2,B
2021-06-24T13:49:26,8500.0,69.2,B
2021-06-24T13:49:26,100.0,69.2,B
2021-06-24T13:49:26,1500.0,69.2,B
2021-06-24T13:49:25,400.0,69.2,B
2021-06-24T13:49:25,1800.0,69.2,B
2021-06-24T13:49:25,5200.0,69.2,B
2021-06-24T13:49:25,1400.0,69.2,B
2021-06-24T13:49:25,500.0,69.2,B
2021-06-24T13:49:25,6400.0,69.2,B
2021-06-24T13:49:25,4200.0,69.2,B
2021-06-24T13:49:25,1900.0,69.2,B
2021-06-24T13:49:25,1100.0,69.2,B
2021-06-24T13:49:23,1200.0,69.2,B
2021-06-24T13:49:23,12100.0,69.2,B
2021-06-24T13:49:23,500.0,69.2,B
2021-06-24T13:49:23,3000.0,69.2,B
2021-06-24T13:49:23,5500.0,69.2,B
2021-06-24T13:49:23,3000.0,69.2,B
2021-06-24T13:49:23,800.0,69.2,B
2021-06-24T13:49:23,100.0,69.2,B
2021-06-24T13:49:23,100.0,69.2,B
2021-06-24T13:49:23,7200.0,69.2,B
2021-06-24T13:49:23,500.0,69.2,B
2021-06-24T13:49:23,1000.0,69.2,B
2021-06-24T13:49:23,15000.0,69.2,B
2021-06-24T13:49:18,1000.0,69.1,S
2021-06-24T13:49:12,37000.0,69.2,B
2021-06-24T13:49:10,500.0,69.1,S
2021-06-24T13:49:05,1000.0,69.2,B
2021-06-24T13:49:05,10000.0,69.2,B
2021-06-24T13:49:05,30000.0,69.2,B
2021-06-24T13:49:04,2300.0,69.1,S
2021-06-24T13:48:55,100.0,69.1,S
2021-06-24T13:48:53,3300.0,69.1,S
2021-06-24T13:48:48,200.0,69.2,B
2021-06-24T13:48:41,1000.0,69.1,S
2021-06-24T13:48:38,21400.0,69.2,B
2021-06-24T13:48:38,600.0,69.2,B
2021-06-24T13:48:38,5200.0,69.2,B
2021-06-24T13:48:38,500.0,69.2,B
2021-06-24T13:48:37,72300.0,69.2,B
2021-06-24T13:48:28,2000.0,69.2,B
2021-06-24T13:48:28,1000.0,69.2,B
2021-06-24T13:48:21,100.0,69.1,S
2021-06-24T13:48:15,9000.0,69.2,B
2021-06-24T13:48:10,31000.0,69.2,B
2021-06-24T13:48:08,26500.0,69.1,S
2021-06-24T13:48:04,300.0,69.1,S
2021-06-24T13:48:01,100.0,69.1,S
2021-06-24T13:48:01,7000.0,69.1,S
2021-06-24T13:47:54,300.0,69.1,S
2021-06-24T13:47:54,200.0,69.1,S
2021-06-24T13:47:54,200.0,69.1,S
2021-06-24T13:47:53,1000.0,69.2,B
2021-06-24T13:47:53,1000.0,69.2,B
2021-06-24T13:47:53,1000.0,69.2,B
2021-06-24T13:47:51,1000.0,69.1,S
2021-06-24T13:47:50,1000.0,69.1,S
2021-06-24T13:47:49,100.0,69.1,S
2021-06-24T13:47:46,500.0,69.1,S
2021-06-24T13:47:42,7400.0,69.1,S
2021-06-24T13:47:41,500.0,69.1,S
2021-06-24T13:47:39,200.0,69.1,S
2021-06-24T13:47:38,2300.0,69.1,S
2021-06-24T13:47:35,300.0,69.1,S
2021-06-24T13:47:35,300.0,69.1,S
2021-06-24T13:47:34,3000.0,69.1,S
2021-06-24T13:47:33,700.0,69.1,S
2021-06-24T13:47:33,200.0,69.1,S
2021-06-24T13:47:25,200.0,69.1,B
2021-06-24T13:47:22,500.0,69.1,B
2021-06-24T13:47:12,200.0,69.1,B
2021-06-24T13:47:12,3000.0,69.1,B
2021-06-24T13:47:12,3400.0,69.1,B
2021-06-24T13:47:12,10600.0,69.1,B
2021-06-24T13:47:12,2000.0,69.1,B
2021-06-24T13:47:12,22500.0,69.1,B
2021-06-24T13:47:11,5900.0,69.1,B
2021-06-24T13:47:11,1700.0,69.1,B
2021-06-24T13:47:11,3900.0,69.1,B
2021-06-24T13:47:11,2000.0,69.1,B
2021-06-24T13:47:11,500.0,69.1,B
2021-06-24T13:47:11,3400.0,69.1,B
2021-06-24T13:47:11,1800.0,69.1,B
2021-06-24T13:47:11,400.0,69.1,B
2021-06-24T13:47:11,700.0,69.1,B
2021-06-24T13:47:11,300.0,69.1,B
2021-06-24T13:47:11,300.0,69.1,B
2021-06-24T13:47:11,2800.0,69.1,B
2021-06-24T13:47:11,300.0,69.1,B
2021-06-24T13:47:11,300.0,69.1,B
2021-06-24T13:47:11,2300.0,69.1,B
2021-06-24T13:47:11,4900.0,69.1,B
2021-06-24T13:47:11,101200.0,69.1,B
2021-06-24T13:47:10,100500.0,69.1,B
2021-06-24T13:47:01,400.0,69.0,S
2021-06-24T13:47:01,100.0,69.0,S
2021-06-24T13:47:01,8100.0,69.0,S
2021-06-24T13:46:56,3000.0,69.0,B
2021-06-24T13:46:49,2000.0,69.0,B
2021-06-24T13:46:45,7100.0,69.1,B
2021-06-24T13:46:45,300.0,69.1,B
2021-06-24T13:46:45,6000.0,69.0,B
2021-06-24T13:46:45,1800.0,69.0,B
2021-06-24T13:46:45,200.0,69.0,B
2021-06-24T13:46:45,1600.0,69.0,B
2021-06-24T13:46:45,2200.0,69.0,B
2021-06-24T13:46:45,600.0,69.0,B
2021-06-24T13:46:45,10500.0,69.0,B
2021-06-24T13:46:45,1400.0,69.0,B
2021-06-24T13:46:45,1800.0,69.0,B
2021-06-24T13:46:45,2000.0,69.0,B
2021-06-24T13:46:45,17900.0,69.0,B
2021-06-24T13:46:45,200.0,69.0,B
2021-06-24T13:46:45,1200.0,69.0,B
2021-06-24T13:46:45,3400.0,69.0,B
2021-06-24T13:46:45,5500.0,69.0,B
2021-06-24T13:46:45,100.0,69.0,B
2021-06-24T13:46:45,300.0,69.0,B
2021-06-24T13:46:45,300.0,69.0,B
2021-06-24T13:46:45,1900.0,69.0,B
2021-06-24T13:46:45,100.0,69.0,B
2021-06-24T13:46:45,1100.0,69.0,B
2021-06-24T13:46:45,3300.0,69.0,B
2021-06-24T13:46:45,200.0,69.0,B
2021-06-24T13:46:43,300.0,69.0,B
2021-06-24T13:46:43,1500.0,69.0,B
2021-06-24T13:46:43,500.0,69.0,B
2021-06-24T13:46:43,1500.0,69.0,B
2021-06-24T13:46:43,1200.0,69.0,B
2021-06-24T13:46:43,5400.0,69.0,B
2021-06-24T13:46:43,1500.0,69.0,B
2021-06-24T13:46:43,200.0,69.0,B
2021-06-24T13:46:43,300.0,69.0,B
2021-06-24T13:46:43,900.0,69.0,B
2021-06-24T13:46:43,8200.0,69.0,B
2021-06-24T13:46:43,200.0,69.0,B
2021-06-24T13:46:43,7300.0,69.0,B
2021-06-24T13:46:35,400.0,68.9,S
2021-06-24T13:46:30,1000.0,69.0,B
2021-06-24T13:46:07,500.0,68.9,S
2021-06-24T13:46:00,600.0,69.0,B
2021-06-24T13:46:00,2400.0,69.0,B
2021-06-24T13:45:55,21700.0,68.9,S
2021-06-24T13:45:55,9000.0,69.0,B
2021-06-24T13:45:50,100.0,69.0,B
2021-06-24T13:45:45,300.0,69.0,B
2021-06-24T13:45:44,2300.0,69.0,B
2021-06-24T13:45:44,300.0,69.0,B
2021-06-24T13:45:44,1000.0,69.0,B
2021-06-24T13:45:44,1400.0,69.0,B
2021-06-24T13:45:39,100.0,69.0,B
2021-06-24T13:45:39,7000.0,69.0,B
2021-06-24T13:45:39,4600.0,69.0,B
2021-06-24T13:45:39,100.0,69.0,B
2021-06-24T13:45:39,3400.0,69.0,B
2021-06-24T13:45:39,100.0,69.0,B
2021-06-24T13:45:39,600.0,69.0,B
2021-06-24T13:45:39,1300.0,69.0,B
2021-06-24T13:45:39,200.0,69.0,B
2021-06-24T13:45:39,32600.0,69.0,B
2021-06-24T13:45:33,1000.0,68.9,S
2021-06-24T13:45:23,3200.0,69.0,B
2021-06-24T13:45:23,500.0,69.0,B
2021-06-24T13:44:56,3000.0,69.0,B
2021-06-24T13:44:53,5100.0,69.0,B
2021-06-24T13:44:53,8100.0,69.0,B
2021-06-24T13:44:52,4900.0,69.0,B
2021-06-24T13:44:52,8300.0,69.0,B
2021-06-24T13:44:52,5400.0,69.0,B
2021-06-24T13:44:52,1900.0,69.0,B
2021-06-24T13:44:51,1800.0,69.0,B
2021-06-24T13:44:51,14800.0,69.0,B
2021-06-24T13:44:51,200.0,69.0,B
2021-06-24T13:44:51,200.0,69.0,B
2021-06-24T13:44:51,12500.0,69.0,B
2021-06-24T13:44:47,400.0,68.9,S
2021-06-24T13:44:45,52000.0,69.0,B
2021-06-24T13:44:43,200.0,69.0,B
2021-06-24T13:44:38,500.0,68.9,S
2021-06-24T13:44:34,100.0,69.0,B
2021-06-24T13:44:24,2000.0,69.0,B
2021-06-24T13:44:19,400.0,68.9,B
2021-06-24T13:44:19,3300.0,68.9,B
2021-06-24T13:44:13,500.0,68.9,B
2021-06-24T13:44:07,1500.0,68.9,B
2021-06-24T13:44:05,1000.0,68.9,B
2021-06-24T13:44:05,200.0,68.9,B
2021-06-24T13:44:05,2500.0,68.9,B
2021-06-24T13:44:05,2100.0,68.9,B
2021-06-24T13:44:05,12400.0,68.9,B
2021-06-24T13:44:04,5000.0,68.9,B
2021-06-24T13:44:04,15000.0,68.9,B
2021-06-24T13:44:02,100.0,68.9,B
2021-06-24T13:44:00,10000.0,68.9,B
2021-06-24T13:43:51,600.0,68.9,B
2021-06-24T13:43:51,800.0,68.9,B
2021-06-24T13:43:50,600.0,68.9,B
2021-06-24T13:43:43,5000.0,68.9,B
2021-06-24T13:43:31,5900.0,68.9,B
2021-06-24T13:43:31,400.0,68.9,B
2021-06-24T13:43:31,2200.0,68.9,B
2021-06-24T13:43:31,21500.0,68.9,B
2021-06-24T13:43:19,800.0,68.9,B
2021-06-24T13:43:17,40000.0,68.9,B
2021-06-24T13:43:02,31000.0,68.9,B
2021-06-24T13:43:01,19800.0,68.8,S
2021-06-24T13:43:00,400.0,68.8,S
2021-06-24T13:43:00,1400.0,68.8,S
2021-06-24T13:42:53,2000.0,68.9,B
2021-06-24T13:42:44,100.0,68.8,B
2021-06-24T13:42:44,500.0,68.8,B
2021-06-24T13:42:43,500.0,68.8,B
2021-06-24T13:42:43,100.0,68.8,B
2021-06-24T13:42:43,400.0,68.8,B
2021-06-24T13:42:43,300.0,68.8,B
2021-06-24T13:42:43,2300.0,68.8,B
2021-06-24T13:42:43,1400.0,68.8,B
2021-06-24T13:42:43,400.0,68.8,B
2021-06-24T13:42:43,1300.0,68.8,B
2021-06-24T13:42:43,2500.0,68.8,B
2021-06-24T13:42:43,900.0,68.8,B
2021-06-24T13:42:43,1000.0,68.8,B
2021-06-24T13:42:43,700.0,68.8,B
2021-06-24T13:42:43,1500.0,68.8,B
2021-06-24T13:42:43,700.0,68.8,B
2021-06-24T13:42:43,3600.0,68.8,B
2021-06-24T13:42:43,300.0,68.8,B
2021-06-24T13:42:42,11700.0,68.8,B
2021-06-24T13:42:32,400.0,68.7,S
2021-06-24T13:42:28,5000.0,68.7,S
2021-06-24T13:42:09,600.0,68.7,S
2021-06-24T13:42:08,500.0,68.7,S
2021-06-24T13:42:00,3000.0,68.8,B
2021-06-24T13:41:50,2300.0,68.7,S
2021-06-24T13:41:40,5000.0,68.7,S
2021-06-24T13:41:33,100.0,68.7,S
2021-06-24T13:41:24,100.0,68.8,B
2021-06-24T13:41:24,2500.0,68.8,B
2021-06-24T13:41:24,400.0,68.8,B
2021-06-24T13:41:13,200.0,68.7,S
2021-06-24T13:41:12,200.0,68.7,S
2021-06-24T13:40:45,400.0,68.7,S
2021-06-24T13:40:33,100.0,68.7,S
2021-06-24T13:40:10,100.0,68.8,B
2021-06-24T13:39:55,200.0,68.7,S
2021-06-24T13:39:55,300.0,68.7,S
2021-06-24T13:39:39,500.0,68.7,S
2021-06-24T13:39:32,1000.0,68.7,S
2021-06-24T13:39:29,200.0,68.8,B
2021-06-24T13:39:25,400.0,68.7,S
2021-06-24T13:38:59,100.0,68.7,S
2021-06-24T13:38:58,400.0,68.7,S
2021-06-24T13:38:56,2200.0,68.7,S
2021-06-24T13:38:56,100.0,68.7,S
2021-06-24T13:38:53,300.0,68.7,S
2021-06-24T13:38:46,5000.0,68.7,S
2021-06-24T13:38:46,1000.0,68.7,S
2021-06-24T13:38:35,200.0,68.7,S
2021-06-24T13:38:32,400.0,68.7,S
2021-06-24T13:38:21,200.0,68.7,S
2021-06-24T13:38:06,400.0,68.7,S
2021-06-24T13:37:49,100.0,68.7,S
2021-06-24T13:37:38,200.0,68.7,S
2021-06-24T13:37:38,300.0,68.7,S
2021-06-24T13:37:35,100.0,68.7,S
2021-06-24T13:37:31,2300.0,68.7,S
2021-06-24T13:37:06,1000.0,68.7,S
2021-06-24T13:37:02,1000.0,68.8,B
2021-06-24T13:36:45,5000.0,68.8,B
2021-06-24T13:36:33,1500.0,68.8,B
2021-06-24T13:36:29,1000.0,68.8,B
2021-06-24T13:36:24,1200.0,68.8,B
2021-06-24T13:36:24,500.0,68.8,B
2021-06-24T13:36:24,200.0,68.8,B
2021-06-24T13:36:24,500.0,68.8,B
2021-06-24T13:36:24,300.0,68.8,B
2021-06-24T13:36:23,300.0,68.8,B
2021-06-24T13:36:22,200.0,68.7,S
2021-06-24T13:36:19,200.0,68.7,S
2021-06-24T13:36:16,3500.0,68.8,B
2021-06-24T13:36:16,100.0,68.8,B
2021-06-24T13:36:16,100.0,68.8,B
2021-06-24T13:36:16,1300.0,68.8,B
2021-06-24T13:36:00,7200.0,68.7,S
2021-06-24T13:35:59,1300.0,68.8,B
2021-06-24T13:35:59,1400.0,68.8,B
2021-06-24T13:35:59,2700.0,68.8,B
2021-06-24T13:35:59,5500.0,68.8,B
2021-06-24T13:35:58,3700.0,68.8,B
2021-06-24T13:35:58,400.0,68.8,B
2021-06-24T13:35:40,200.0,68.8,B
2021-06-24T13:35:26,1900.0,68.8,B
2021-06-24T13:35:26,800.0,68.8,B
2021-06-24T13:35:26,300.0,68.8,B
2021-06-24T13:35:26,500.0,68.8,B
2021-06-24T13:35:17,700.0,68.8,B
2021-06-24T13:35:17,4300.0,68.8,B
2021-06-24T13:35:15,500.0,68.8,B
2021-06-24T13:34:46,300.0,68.8,B
2021-06-24T13:34:41,4400.0,68.8,B
2021-06-24T13:34:41,600.0,68.8,B
2021-06-24T13:34:33,1000.0,68.8,B
2021-06-24T13:34:33,200.0,68.8,B
2021-06-24T13:34:33,8800.0,68.8,B
2021-06-24T13:34:29,10000.0,68.8,B
2021-06-24T13:34:23,100.0,68.8,B
2021-06-24T13:34:18,1500.0,68.8,B
2021-06-24T13:34:11,2000.0,68.7,B
2021-06-24T13:34:08,500.0,68.7,B
2021-06-24T13:34:08,3500.0,68.7,B
2021-06-24T13:34:08,700.0,68.7,B
2021-06-24T13:34:08,1400.0,68.7,B
2021-06-24T13:34:08,9800.0,68.7,B
2021-06-24T13:34:03,200.0,68.6,S
2021-06-24T13:34:03,200.0,68.6,S
2021-06-24T13:33:39,400.0,68.6,S
2021-06-24T13:33:14,200.0,68.6,S
2021-06-24T13:33:12,800.0,68.7,B
2021-06-24T13:33:11,100.0,68.6,S
2021-06-24T13:33:09,31000.0,68.7,B
2021-06-24T13:32:58,2000.0,68.7,B
2021-06-24T13:32:55,500.0,68.6,B
2021-06-24T13:32:48,200.0,68.6,B
2021-06-24T13:32:48,200.0,68.6,B
2021-06-24T13:32:39,100.0,68.6,B
2021-06-24T13:32:39,34400.0,68.6,B
2021-06-24T13:32:30,600.0,68.6,B
2021-06-24T13:32:22,1000.0,68.6,B
2021-06-24T13:32:02,600.0,68.6,S
2021-06-24T13:32:02,7000.0,68.6,S
2021-06-24T13:32:02,6000.0,68.6,S
2021-06-24T13:32:02,39600.0,68.6,S
2021-06-24T13:31:44,2300.0,68.6,S
2021-06-24T13:31:41,2600.0,68.7,B
2021-06-24T13:31:38,500.0,68.6,S
2021-06-24T13:31:38,100000.0,68.7,B
2021-06-24T13:31:38,300.0,68.6,S
2021-06-24T13:31:24,500.0,68.6,S
2021-06-24T13:31:13,200.0,68.6,S
2021-06-24T13:31:08,3000.0,68.7,B
2021-06-24T13:30:59,400.0,68.6,B
2021-06-24T13:30:59,2200.0,68.6,B
2021-06-24T13:30:59,200.0,68.6,B
2021-06-24T13:30:58,2400.0,68.6,B
2021-06-24T13:30:58,200.0,68.6,B
2021-06-24T13:30:58,200.0,68.6,B
2021-06-24T13:30:58,6600.0,68.6,B
2021-06-24T13:30:58,200.0,68.6,B
2021-06-24T13:30:58,400.0,68.6,B
2021-06-24T13:30:58,2500.0,68.6,B
2021-06-24T13:30:58,41500.0,68.6,B
2021-06-24T13:30:54,1000.0,68.6,B
2021-06-24T13:30:49,20000.0,68.6,B
2021-06-24T13:30:38,100.0,68.6,B
2021-06-24T13:30:26,2000.0,68.6,B
2021-06-24T13:29:50,100.0,68.6,B
2021-06-24T13:29:49,11000.0,68.6,B
2021-06-24T13:29:49,100.0,68.6,B
2021-06-24T13:29:41,300.0,68.6,B
2021-06-24T13:29:33,14000.0,68.6,B
2021-06-24T13:29:19,25000.0,68.6,B
2021-06-24T13:29:13,500.0,68.5,S
2021-06-24T13:29:08,300.0,68.6,B
2021-06-24T13:29:03,300.0,68.6,B
2021-06-24T13:28:53,1000.0,68.5,S
2021-06-24T13:28:52,2300.0,68.5,S
2021-06-24T13:28:51,2500.0,68.6,B
2021-06-24T13:28:43,1000.0,68.6,B
2021-06-24T13:28:42,1000.0,68.5,S
2021-06-24T13:28:32,2000.0,68.6,B
2021-06-24T13:28:25,400.0,68.5,B
2021-06-24T13:28:25,38900.0,68.5,B
2021-06-24T13:28:21,20000.0,68.5,B
2021-06-24T13:28:17,1000.0,68.4,S
2021-06-24T13:28:04,7400.0,68.5,S
2021-06-24T13:27:59,2100.0,68.5,S
2021-06-24T13:27:59,3000.0,68.5,S
2021-06-24T13:27:58,1000.0,68.5,S
2021-06-24T13:27:58,2300.0,68.5,S
2021-06-24T13:27:58,500.0,68.5,S
2021-06-24T13:27:58,6600.0,68.5,S
2021-06-24T13:27:58,9900.0,68.5,S
2021-06-24T13:27:55,27000.0,68.5,S
2021-06-24T13:27:55,100.0,68.6,B
2021-06-24T13:27:52,5000.0,68.5,S
2021-06-24T13:27:47,200.0,68.5,S
2021-06-24T13:27:46,8500.0,68.5,S
2021-06-24T13:27:46,2100.0,68.5,S
2021-06-24T13:27:46,300.0,68.5,S
2021-06-24T13:27:46,2300.0,68.5,S
2021-06-24T13:27:46,800.0,68.5,S
2021-06-24T13:27:46,1400.0,68.5,S
2021-06-24T13:27:46,1100.0,68.5,S
2021-06-24T13:27:46,100.0,68.5,S
2021-06-24T13:27:46,1200.0,68.5,S
2021-06-24T13:27:46,1000.0,68.5,S
2021-06-24T13:27:44,2600.0,68.5,S
2021-06-24T13:27:44,200.0,68.5,S
2021-06-24T13:27:44,300.0,68.5,S
2021-06-24T13:27:44,1900.0,68.5,S
2021-06-24T13:27:44,5000.0,68.5,S
2021-06-24T13:27:44,11600.0,68.5,S
2021-06-24T13:27:44,1000.0,68.5,S
2021-06-24T13:27:44,2200.0,68.5,S
2021-06-24T13:27:44,10200.0,68.5,S
2021-06-24T13:27:44,200.0,68.5,S
2021-06-24T13:27:44,3000.0,68.5,S
2021-06-24T13:27:44,20200.0,68.5,S
2021-06-24T13:27:44,2800.0,68.5,S
2021-06-24T13:27:44,2000.0,68.5,S
2021-06-24T13:27:44,500.0,68.5,S
2021-06-24T13:27:44,3600.0,68.5,S
2021-06-24T13:27:44,23900.0,68.5,S
2021-06-24T13:27:35,1000.0,68.6,B
2021-06-24T13:27:30,91400.0,68.5,S
2021-06-24T13:27:30,108600.0,68.5,S
2021-06-24T13:27:23,44500.0,68.5,S
2021-06-24T13:27:23,600.0,68.5,S
2021-06-24T13:27:23,10300.0,68.5,S
2021-06-24T13:27:23,100.0,68.5,S
2021-06-24T13:27:23,5100.0,68.5,S
2021-06-24T13:27:23,1600.0,68.5,S
2021-06-24T13:27:23,1100.0,68.5,S
2021-06-24T13:27:22,100.0,68.5,S
2021-06-24T13:27:22,700.0,68.5,S
2021-06-24T13:27:22,8000.0,68.5,S
2021-06-24T13:27:22,1300.0,68.5,S
2021-06-24T13:27:22,4100.0,68.5,S
2021-06-24T13:27:22,900.0,68.5,S
2021-06-24T13:27:22,100.0,68.5,S
2021-06-24T13:27:22,600.0,68.5,S
2021-06-24T13:27:22,100.0,68.5,S
2021-06-24T13:27:22,20800.0,68.5,S
2021-06-24T13:27:05,5000.0,68.6,B
2021-06-24T13:27:05,100.0,68.6,B
2021-06-24T13:26:53,2900.0,68.6,S
2021-06-24T13:26:53,200.0,68.6,S
2021-06-24T13:26:53,500.0,68.6,S
2021-06-24T13:26:53,19400.0,68.6,S
2021-06-24T13:26:51,200.0,68.7,B
2021-06-24T13:26:39,2000.0,68.7,S
2021-06-24T13:26:32,200.0,68.7,S
2021-06-24T13:24:28,3800.0,68.8,B
2021-06-24T13:24:28,1200.0,68.8,B
2021-06-24T13:24:23,800.0,68.8,B
2021-06-24T13:24:23,2200.0,68.8,B
2021-06-24T13:24:18,100.0,68.6,S
2021-06-24T13:24:18,400.0,68.6,S
2021-06-24T13:23:49,400.0,68.6,S
2021-06-24T13:23:41,2000.0,68.6,S
2021-06-24T13:23:22,400.0,68.6,S
2021-06-24T13:23:21,500.0,68.6,S
2021-06-24T13:23:10,500.0,68.6,S
2021-06-24T13:23:03,2300.0,68.6,S
2021-06-24T13:22:56,200.0,68.6,S
2021-06-24T13:22:56,200.0,68.6,S
2021-06-24T13:22:56,50100.0,68.8,B
2021-06-24T13:22:56,4400.0,68.7,B
2021-06-24T13:22:56,105900.0,68.7,B
2021-06-24T13:22:55,200.0,68.7,B
2021-06-24T13:22:55,200.0,68.7,B
2021-06-24T13:22:55,2000.0,68.7,B
2021-06-24T13:22:55,15700.0,68.7,B
2021-06-24T13:22:55,500.0,68.7,B
2021-06-24T13:22:55,200.0,68.7,B
2021-06-24T13:22:55,2400.0,68.7,B
2021-06-24T13:22:55,1000.0,68.7,B
2021-06-24T13:22:55,1000.0,68.7,B
2021-06-24T13:22:55,16400.0,68.7,B
2021-06-24T13:22:55,2900.0,68.7,B
2021-06-24T13:22:29,200.0,68.6,S
2021-06-24T13:22:24,800.0,68.7,B
2021-06-24T13:22:17,3000.0,68.7,B
2021-06-24T13:22:16,1000.0,68.6,S
2021-06-24T13:22:01,400.0,68.6,S
2021-06-24T13:21:53,3000.0,68.6,B
2021-06-24T13:21:53,200.0,68.6,B
2021-06-24T13:21:53,200.0,68.6,B
2021-06-24T13:21:53,22000.0,68.6,B
2021-06-24T13:21:51,100.0,68.5,S
2021-06-24T13:21:38,100.0,68.6,B
2021-06-24T13:21:36,10000.0,68.6,B
2021-06-24T13:21:32,2100.0,68.6,B
2021-06-24T13:21:29,600.0,68.6,B
2021-06-24T13:21:29,400.0,68.5,S
2021-06-24T13:21:26,9600.0,68.5,S
2021-06-24T13:21:20,10000.0,68.6,B
2021-06-24T13:21:12,200.0,68.6,B
2021-06-24T13:20:55,2000.0,68.6,B
2021-06-24T13:20:46,6100.0,68.6,B
2021-06-24T13:20:46,43900.0,68.6,B
2021-06-24T13:20:09,1400.0,68.6,B
2021-06-24T13:20:05,200.0,68.6,B
2021-06-24T13:19:56,5000.0,68.6,S
2021-06-24T13:19:56,21400.0,68.6,S
2021-06-24T13:19:56,2600.0,68.6,S
2021-06-24T13:19:56,1100.0,68.6,S
2021-06-24T13:19:56,7000.0,68.6,S
2021-06-24T13:19:56,10600.0,68.6,S
2021-06-24T13:19:56,9300.0,68.6,S
2021-06-24T13:19:54,1300.0,68.7,B
2021-06-24T13:19:54,1700.0,68.7,B
2021-06-24T13:19:44,100.0,68.7,B
2021-06-24T13:19:43,3500.0,68.7,B
2021-06-24T13:19:41,400.0,68.6,S
2021-06-24T13:19:41,500.0,68.6,S
2021-06-24T13:19:33,2000.0,68.7,B
2021-06-24T13:19:32,5000.0,68.6,S
2021-06-24T13:19:32,2000.0,68.7,B
2021-06-24T13:19:26,2000.0,68.7,B
2021-06-24T13:19:11,2000.0,68.7,B
2021-06-24T13:19:04,4500.0,68.7,B
2021-06-24T13:19:01,500.0,68.7,B
2021-06-24T13:18:51,2500.0,68.7,B
2021-06-24T13:18:46,3000.0,68.7,B
2021-06-24T13:18:43,5500.0,68.7,B
2021-06-24T13:18:40,500.0,68.7,B
2021-06-24T13:18:17,200.0,68.7,B
2021-06-24T13:17:40,25000.0,68.7,B
2021-06-24T13:17:27,400.0,68.6,S
2021-06-24T13:17:13,1400.0,68.6,S
2021-06-24T13:17:07,3700.0,68.7,B
2021-06-24T13:17:01,50000.0,68.7,B
2021-06-24T13:16:42,1000.0,68.7,B
2021-06-24T13:16:38,1000.0,68.7,B
2021-06-24T13:16:34,400.0,68.6,S
2021-06-24T13:16:24,82600.0,68.6,B
2021-06-24T13:16:17,3100.0,68.5,S
2021-06-24T13:16:14,100.0,68.6,B
2021-06-24T13:16:00,18000.0,68.6,B
2021-06-24T13:15:54,1000.0,68.6,S
2021-06-24T13:15:54,400.0,68.7,B
2021-06-24T13:15:53,11000.0,68.6,S
2021-06-24T13:15:53,500.0,68.6,S
2021-06-24T13:15:53,2700.0,68.6,S
2021-06-24T13:15:53,70000.0,68.6,S
2021-06-24T13:15:53,200.0,68.6,S
2021-06-24T13:15:53,10100.0,68.6,S
2021-06-24T13:15:53,100.0,68.6,S
2021-06-24T13:15:53,5400.0,68.6,S
2021-06-24T13:15:46,2000.0,68.7,B
2021-06-24T13:15:45,2300.0,68.6,S
2021-06-24T13:15:40,400.0,68.6,S
2021-06-24T13:15:24,100.0,68.6,S
2021-06-24T13:15:15,200.0,68.6,S
2021-06-24T13:15:15,200.0,68.6,S
2021-06-24T13:14:48,400.0,68.6,S
2021-06-24T13:14:46,200.0,68.6,S
2021-06-24T13:14:44,1000.0,68.7,B
2021-06-24T13:14:31,2800.0,68.6,B
2021-06-24T13:14:31,100.0,68.6,B
2021-06-24T13:14:31,13900.0,68.6,B
2021-06-24T13:14:31,200.0,68.6,B
2021-06-24T13:14:23,100.0,68.6,B
2021-06-24T13:14:13,100.0,68.6,B
2021-06-24T13:14:08,5000.0,68.6,B
2021-06-24T13:14:08,10500.0,68.6,B
2021-06-24T13:14:03,400.0,68.6,B
2021-06-24T13:14:02,500.0,68.6,B
2021-06-24T13:13:55,35000.0,68.6,B
2021-06-24T13:13:41,56000.0,68.6,B
2021-06-24T13:13:24,200.0,68.6,B
2021-06-24T13:13:15,29600.0,68.6,S
2021-06-24T13:13:01,400.0,68.6,S
2021-06-24T13:13:00,300.0,68.7,B
2021-06-24T13:12:53,3200.0,68.6,S
2021-06-24T13:12:31,3000.0,68.7,B
2021-06-24T13:12:22,400.0,68.6,B
2021-06-24T13:12:22,27100.0,68.6,B
2021-06-24T13:12:12,1800.0,68.6,B
2021-06-24T13:12:07,500.0,68.6,B
2021-06-24T13:11:50,3000.0,68.6,B
2021-06-24T13:11:47,100.0,68.6,B
2021-06-24T13:11:39,20300.0,68.6,B
2021-06-24T13:11:39,200.0,68.6,B
2021-06-24T13:11:39,29500.0,68.6,B
2021-06-24T13:11:30,5000.0,68.6,B
2021-06-24T13:11:29,100.0,68.6,B
2021-06-24T13:11:25,5000.0,68.6,B
2021-06-24T13:11:21,100.0,68.6,B
2021-06-24T13:11:21,200.0,68.6,B
2021-06-24T13:11:11,10500.0,68.6,S
2021-06-24T13:11:03,600.0,68.6,S
2021-06-24T13:11:03,3000.0,68.6,S
2021-06-24T13:11:03,100.0,68.6,S
2021-06-24T13:11:03,2300.0,68.6,S
2021-06-24T13:11:03,1000.0,68.6,S
2021-06-24T13:11:03,1000.0,68.6,S
2021-06-24T13:11:03,2100.0,68.6,S
2021-06-24T13:11:03,31300.0,68.6,S
2021-06-24T13:11:03,20100.0,68.6,S
2021-06-24T13:11:03,400.0,68.6,S
2021-06-24T13:11:03,38100.0,68.6,S
2021-06-24T13:10:56,1000.0,68.7,B
2021-06-24T13:10:54,100.0,68.7,B
2021-06-24T13:10:47,600.0,68.7,S
2021-06-24T13:10:47,1300.0,68.7,S
2021-06-24T13:10:47,2100.0,68.7,S
2021-06-24T13:10:47,7700.0,68.7,S
2021-06-24T13:10:46,400.0,68.7,S
2021-06-24T13:10:43,3000.0,68.7,S
2021-06-24T13:10:41,5000.0,68.8,B
2021-06-24T13:10:32,200.0,68.8,B
2021-06-24T13:10:26,3000.0,68.8,B
2021-06-24T13:10:24,7500.0,68.8,B
2021-06-24T13:09:57,100.0,68.8,B
2021-06-24T13:09:24,1000.0,68.8,B
2021-06-24T13:09:16,500.0,68.7,S
2021-06-24T13:09:13,10400.0,68.7,B
2021-06-24T13:09:05,100.0,68.7,B
2021-06-24T13:09:03,200.0,68.7,B
2021-06-24T13:09:01,100.0,68.7,B
2021-06-24T13:09:01,3000.0,68.7,B
2021-06-24T13:09:01,11200.0,68.7,S
2021-06-24T13:09:00,400.0,68.7,S
2021-06-24T13:08:57,400.0,68.7,B
2021-06-24T13:08:57,2800.0,68.7,B
2021-06-24T13:08:57,600.0,68.7,B
2021-06-24T13:08:57,900.0,68.7,B
2021-06-24T13:08:57,200.0,68.7,B
2021-06-24T13:08:57,33500.0,68.7,B
2021-06-24T13:08:40,7000.0,68.7,B
2021-06-24T13:08:28,5000.0,68.7,B
2021-06-24T13:08:11,5000.0,68.7,B
2021-06-24T13:08:02,2500.0,68.7,B
2021-06-24T13:07:39,500.0,68.7,B
2021-06-24T13:07:11,500.0,68.7,B
2021-06-24T13:06:59,100.0,68.7,B
2021-06-24T13:06:49,10000.0,68.7,B
2021-06-24T13:06:24,15000.0,68.7,B
2021-06-24T13:06:20,1000.0,68.7,B
2021-06-24T13:06:11,100.0,68.7,B
2021-06-24T13:06:10,26400.0,68.7,S
2021-06-24T13:05:59,3600.0,68.7,B
2021-06-24T13:05:59,1600.0,68.6,S
2021-06-24T13:05:45,200.0,68.7,B
2021-06-24T13:05:39,1800.0,68.7,B
2021-06-24T13:05:34,300.0,68.7,S
2021-06-24T13:05:26,500.0,68.7,S
2021-06-24T13:05:24,800.0,68.7,B
2021-06-24T13:05:14,400.0,68.7,B
2021-06-24T13:04:58,200.0,68.7,B
2021-06-24T13:04:35,400.0,68.8,B
2021-06-24T13:04:24,1200.0,68.8,B
2021-06-24T13:04:07,200.0,68.8,B
2021-06-24T13:04:05,1200.0,68.8,B
2021-06-24T13:02:30,1000.0,68.8,B
2021-06-24T13:02:16,3800.0,68.8,B
2021-06-24T13:02:16,5200.0,68.7,B
2021-06-24T13:01:52,200.0,68.6,S
2021-06-24T13:01:52,200.0,68.6,S
2021-06-24T13:01:25,200.0,68.6,S
2021-06-24T13:01:25,200.0,68.6,S
2021-06-24T13:01:20,2300.0,68.6,S
2021-06-24T13:01:16,500.0,68.6,S
2021-06-24T13:00:59,200.0,68.6,S
2021-06-24T13:00:58,300.0,68.6,S
2021-06-24T13:00:53,500.0,68.6,S
2021-06-24T13:00:22,100.0,68.7,S
2021-06-24T13:00:21,300.0,68.8,B
2021-06-24T13:00:18,2000.0,68.8,B
2021-06-24T13:00:16,21000.0,68.8,B
2021-06-24T13:00:16,1000.0,68.7,S
2021-06-24T13:00:16,100.0,68.7,S
2021-06-24T13:00:16,4500.0,68.7,S
2021-06-24T13:00:10,500.0,68.7,S
2021-06-24T13:00:08,100.0,68.8,B
2021-06-24T13:00:08,100.0,68.8,B
2021-06-24T13:00:08,200.0,68.8,B
2021-06-24T13:00:08,500.0,68.8,B
2021-06-24T13:00:08,500.0,68.8,B
2021-06-24T11:30:03,600.0,68.8,B
2021-06-24T11:29:55,300.0,68.7,S
2021-06-24T11:29:54,13400.0,68.8,B
2021-06-24T11:29:54,300.0,68.8,B
2021-06-24T11:29:54,1300.0,68.8,B
2021-06-24T11:29:53,2300.0,68.7,S
2021-06-24T11:29:49,1000.0,68.7,S
2021-06-24T11:29:22,2300.0,68.8,B
2021-06-24T11:29:22,600.0,68.8,B
2021-06-24T11:29:22,300.0,68.8,B
2021-06-24T11:29:22,500.0,68.8,B
2021-06-24T11:29:22,200.0,68.8,B
2021-06-24T11:29:22,1100.0,68.8,B
2021-06-24T11:29:07,100.0,68.8,B
2021-06-24T11:28:34,100.0,68.8,B
2021-06-24T11:28:28,2000.0,68.8,B
2021-06-24T11:28:27,2300.0,68.7,S
2021-06-24T11:28:23,500.0,68.7,S
2021-06-24T11:28:18,300.0,68.7,S
2021-06-24T11:28:18,200.0,68.7,S
2021-06-24T11:28:16,600.0,68.7,B
2021-06-24T11:28:16,200.0,68.7,B
2021-06-24T11:28:16,37300.0,68.7,B
2021-06-24T11:28:13,200.0,68.6,S
2021-06-24T11:28:05,200.0,68.7,B
2021-06-24T11:26:57,13000.0,68.7,B
2021-06-24T11:26:48,300.0,68.6,S
2021-06-24T11:26:42,3100.0,68.7,B
2021-06-24T11:26:40,2000.0,68.6,S
2021-06-24T11:26:30,400.0,68.6,S
2021-06-24T11:26:14,8800.0,68.6,S
2021-06-24T11:26:05,41200.0,68.6,S
2021-06-24T11:26:03,2000.0,68.7,B
2021-06-24T11:25:54,51000.0,68.7,B
2021-06-24T11:25:54,1000.0,68.7,B
2021-06-24T11:25:54,5100.0,68.7,B
2021-06-24T11:25:54,1400.0,68.7,B
2021-06-24T11:25:54,3700.0,68.7,B
2021-06-24T11:25:54,37800.0,68.7,B
2021-06-24T11:25:50,3000.0,68.6,B
2021-06-24T11:25:42,3000.0,68.6,B
2021-06-24T11:25:35,2300.0,68.6,S
2021-06-24T11:25:35,1000.0,68.6,S
2021-06-24T11:25:35,1600.0,68.6,S
2021-06-24T11:25:35,700.0,68.6,S
2021-06-24T11:25:35,2000.0,68.6,S
2021-06-24T11:25:33,2300.0,68.6,S
2021-06-24T11:25:30,1000.0,68.6,S
2021-06-24T11:25:12,200.0,68.6,S
2021-06-24T11:25:11,200.0,68.6,S
2021-06-24T11:25:04,100.0,68.6,S
2021-06-24T11:25:03,500.0,68.7,B
2021-06-24T11:24:53,300.0,68.7,B
2021-06-24T11:24:14,100.0,68.7,B
2021-06-24T11:23:59,100.0,68.7,B
2021-06-24T11:23:48,2800.0,68.7,B
2021-06-24T11:23:48,3400.0,68.7,B
2021-06-24T11:23:48,53800.0,68.7,B
2021-06-24T11:23:34,2000.0,68.6,S
2021-06-24T11:23:25,400.0,68.6,S
2021-06-24T11:23:22,200.0,68.6,S
2021-06-24T11:23:21,10000.0,68.6,S
2021-06-24T11:22:58,400.0,68.6,S
2021-06-24T11:22:53,17000.0,68.7,B
2021-06-24T11:22:53,2200.0,68.7,B
2021-06-24T11:22:51,800.0,68.7,B
2021-06-24T11:22:44,1300.0,68.6,B
2021-06-24T11:22:40,1000.0,68.6,S
2021-06-24T11:22:37,2000.0,68.6,S
2021-06-24T11:22:37,400.0,68.6,S
2021-06-24T11:22:25,500.0,68.6,S
2021-06-24T11:22:09,400.0,68.7,B
2021-06-24T11:22:09,500.0,68.7,B
2021-06-24T11:22:08,2100.0,68.7,B
2021-06-24T11:22:06,1000.0,68.6,S
2021-06-24T11:22:04,400.0,68.6,S
2021-06-24T11:22:03,500.0,68.6,S
2021-06-24T11:22:03,2300.0,68.6,B
2021-06-24T11:22:03,12100.0,68.6,B
2021-06-24T11:21:14,1000.0,68.6,B
2021-06-24T11:21:08,39400.0,68.6,B
2021-06-24T11:21:08,10600.0,68.6,B
2021-06-24T11:20:52,1000.0,68.6,B
2021-06-24T11:20:51,400.0,68.5,S
2021-06-24T11:20:48,18000.0,68.6,B
2021-06-24T11:20:45,7700.0,68.6,B
2021-06-24T11:20:41,2000.0,68.5,S
2021-06-24T11:20:40,100.0,68.6,B
2021-06-24T11:20:36,200.0,68.6,B
2021-06-24T11:20:30,300.0,68.6,B
2021-06-24T11:20:30,20000.0,68.6,B
2021-06-24T11:20:29,30000.0,68.6,B
2021-06-24T11:20:19,100.0,68.6,B
2021-06-24T11:20:13,1200.0,68.6,B
2021-06-24T11:20:10,500.0,68.6,B
2021-06-24T11:20:05,26100.0,68.6,S
2021-06-24T11:19:48,400.0,68.6,S
2021-06-24T11:19:47,2200.0,68.6,S
2021-06-24T11:19:43,22400.0,68.6,S
2021-06-24T11:19:34,25000.0,68.6,B
2021-06-24T11:19:29,23900.0,68.6,S
2021-06-24T11:19:26,11100.0,68.6,B
2021-06-24T11:19:21,55000.0,68.6,B
2021-06-24T11:19:13,100.0,68.6,B
2021-06-24T11:19:03,15700.0,68.6,S
2021-06-24T11:18:57,200.0,68.6,S
2021-06-24T11:18:57,200.0,68.6,S
2021-06-24T11:18:30,200.0,68.6,S
2021-06-24T11:18:30,200.0,68.6,S
2021-06-24T11:18:29,100.0,68.6,S
2021-06-24T11:18:21,300.0,68.7,B
2021-06-24T11:18:21,100.0,68.7,B
2021-06-24T11:18:21,200.0,68.7,B
2021-06-24T11:18:21,800.0,68.7,B
2021-06-24T11:18:21,700.0,68.7,B
2021-06-24T11:18:21,200.0,68.7,B
2021-06-24T11:18:21,700.0,68.7,B
2021-06-24T11:18:19,2300.0,68.6,S
2021-06-24T11:18:15,2000.0,68.6,B
2021-06-24T11:18:15,52700.0,68.6,B
2021-06-24T11:18:15,29300.0,68.6,B
2021-06-24T11:17:53,70700.0,68.6,S
2021-06-24T11:17:51,1000.0,68.6,S
2021-06-24T11:17:43,8000.0,68.6,S
2021-06-24T11:17:39,4500.0,68.6,B
2021-06-24T11:17:39,400.0,68.6,B
2021-06-24T11:17:39,30800.0,68.6,B
2021-06-24T11:17:14,5000.0,68.6,B
2021-06-24T11:17:11,3000.0,68.6,B
2021-06-24T11:17:09,1000.0,68.6,B
2021-06-24T11:17:06,1000.0,68.6,B
2021-06-24T11:17:02,10000.0,68.6,B
2021-06-24T11:17:00,1200.0,68.6,B
2021-06-24T11:16:57,2000.0,68.6,B
2021-06-24T11:16:48,1000.0,68.6,B
2021-06-24T11:16:41,5000.0,68.6,B
2021-06-24T11:16:31,20000.0,68.6,B
2021-06-24T11:16:17,25000.0,68.6,B
2021-06-24T11:16:16,400.0,68.5,S
2021-06-24T11:16:11,2000.0,68.5,S
2021-06-24T11:16:06,2500.0,68.5,S
2021-06-24T11:16:06,200.0,68.5,S
2021-06-24T11:16:06,300.0,68.5,S
2021-06-24T11:16:06,200.0,68.5,S
2021-06-24T11:16:06,500.0,68.5,S
2021-06-24T11:16:06,300.0,68.5,S
2021-06-24T11:16:06,200.0,68.5,S
2021-06-24T11:16:06,500.0,68.5,S
2021-06-24T11:16:05,30000.0,68.6,B
2021-06-24T11:16:01,500.0,68.6,B
2021-06-24T11:15:54,3000.0,68.6,B
2021-06-24T11:15:49,63700.0,68.6,B
2021-06-24T11:15:49,400.0,68.6,S
2021-06-24T11:15:41,2300.0,68.6,B
2021-06-24T11:15:41,33600.0,68.6,B
2021-06-24T11:15:29,15000.0,68.6,B
2021-06-24T11:15:28,100.0,68.5,S
2021-06-24T11:15:21,35000.0,68.6,B
2021-06-24T11:15:08,100.0,68.6,B
2021-06-24T11:15:08,100000.0,68.6,B
2021-06-24T11:14:48,500.0,68.6,B
2021-06-24T11:14:47,100.0,68.6,B
2021-06-24T11:14:47,16800.0,68.6,S
2021-06-24T11:14:43,3000.0,68.6,S
2021-06-24T11:14:31,21200.0,68.6,S
2021-06-24T11:14:31,500.0,68.6,B
2021-06-24T11:14:19,100000.0,68.6,B
2021-06-24T11:14:09,100.0,68.6,B
2021-06-24T11:14:07,1000.0,68.6,B
2021-06-24T11:14:06,5000.0,68.6,B
2021-06-24T11:14:01,25600.0,68.6,S
2021-06-24T11:13:42,200.0,68.6,B
2021-06-24T11:13:42,14200.0,68.6,B
2021-06-24T11:13:34,50000.0,68.6,B
2021-06-24T11:13:30,1000.0,68.6,B
2021-06-24T11:13:28,200.0,68.6,B
2021-06-24T11:13:11,200.0,68.6,S
2021-06-24T11:13:11,900.0,68.6,S
2021-06-24T11:13:11,3300.0,68.6,S
2021-06-24T11:13:11,6800.0,68.6,S
2021-06-24T11:13:10,200.0,68.6,S
2021-06-24T11:13:10,39100.0,68.6,S
2021-06-24T11:13:09,400.0,68.6,S
2021-06-24T11:13:01,400.0,68.6,S
2021-06-24T11:12:59,13600.0,68.6,S
2021-06-24T11:12:59,100.0,68.6,S
2021-06-24T11:12:59,1300.0,68.6,S
2021-06-24T11:12:59,2000.0,68.6,S
2021-06-24T11:12:59,400.0,68.6,S
2021-06-24T11:12:59,2200.0,68.6,S
2021-06-24T11:12:59,5400.0,68.6,S
2021-06-24T11:12:59,100.0,68.6,S
2021-06-24T11:12:59,6000.0,68.6,S
2021-06-24T11:12:59,19100.0,68.6,S
2021-06-24T11:12:42,500.0,68.6,S
2021-06-24T11:12:34,2300.0,68.6,S
2021-06-24T11:12:18,200.0,68.6,S
2021-06-24T11:12:16,100.0,68.6,S
2021-06-24T11:12:15,400.0,68.6,S
2021-06-24T11:11:55,1000.0,68.6,S
2021-06-24T11:11:48,200.0,68.6,S
2021-06-24T11:11:48,200.0,68.6,S
2021-06-24T11:11:21,400.0,68.6,S
2021-06-24T11:11:07,2200.0,68.6,S
2021-06-24T11:10:54,400.0,68.6,S
2021-06-24T11:10:51,100.0,68.6,S
2021-06-24T11:10:51,200.0,68.7,B
2021-06-24T11:10:28,500.0,68.6,S
2021-06-24T11:10:01,400.0,68.6,S
2021-06-24T11:09:41,2300.0,68.6,S
2021-06-24T11:09:35,200.0,68.6,S
2021-06-24T11:09:35,200.0,68.6,S
2021-06-24T11:09:28,200.0,68.6,S
2021-06-24T11:08:55,500.0,68.7,B
2021-06-24T11:08:51,1000.0,68.7,B
2021-06-24T11:08:36,7000.0,68.7,B
2021-06-24T11:08:18,1300.0,68.7,B
2021-06-24T11:08:18,600.0,68.7,B
2021-06-24T11:08:18,100.0,68.7,B
2021-06-24T11:07:41,400.0,68.7,B
2021-06-24T11:07:41,300.0,68.7,B
2021-06-24T11:07:21,2000.0,68.7,B
2021-06-24T11:07:04,1000.0,68.7,B
2021-06-24T11:06:56,400.0,68.6,S
2021-06-24T11:06:51,2300.0,68.6,S
2021-06-24T11:06:31,500.0,68.6,S
2021-06-24T11:06:30,600.0,68.7,B
2021-06-24T11:06:30,1400.0,68.7,B
2021-06-24T11:06:27,1500.0,68.7,B
2021-06-24T11:06:19,1000.0,68.6,S
2021-06-24T11:05:59,6000.0,68.7,B
2021-06-24T11:05:39,400.0,68.6,S
2021-06-24T11:05:26,2300.0,68.6,S
2021-06-24T11:05:14,400.0,68.6,S
2021-06-24T11:04:43,4000.0,68.6,S
2021-06-24T11:04:35,500.0,68.7,B
2021-06-24T11:04:35,200.0,68.7,B
2021-06-24T11:04:35,700.0,68.7,B
2021-06-24T11:04:35,3500.0,68.7,B
2021-06-24T11:04:21,100.0,68.6,S
2021-06-24T11:04:11,200.0,68.7,B
2021-06-24T11:04:04,2300.0,68.6,S
2021-06-24T11:03:57,800.0,68.6,S
2021-06-24T11:03:50,100.0,68.6,S
2021-06-24T11:03:45,200.0,68.7,B
2021-06-24T11:03:44,400.0,68.7,B
2021-06-24T11:03:27,500.0,68.6,S
2021-06-24T11:03:21,300.0,68.7,B
2021-06-24T11:03:09,2000.0,68.6,S
2021-06-24T11:03:08,1000.0,68.7,B
2021-06-24T11:02:48,100.0,68.7,B
2021-06-24T11:02:48,800.0,68.7,B
2021-06-24T11:02:48,4000.0,68.7,B
2021-06-24T11:02:31,2000.0,68.7,B
2021-06-24T11:02:16,1000.0,68.7,B
2021-06-24T11:01:44,100.0,68.7,B
2021-06-24T11:01:40,100.0,68.7,B
2021-06-24T11:01:38,1100.0,68.6,S
2021-06-24T11:01:38,400.0,68.6,S
2021-06-24T11:01:35,400.0,68.6,S
2021-06-24T11:01:15,300.0,68.6,S
2021-06-24T11:01:15,500.0,68.6,S
2021-06-24T11:01:13,500.0,68.6,S
2021-06-24T11:01:12,500.0,68.6,S
2021-06-24T11:01:07,2300.0,68.6,S
2021-06-24T11:01:00,1000.0,68.6,S
2021-06-24T11:00:45,200.0,68.6,S
2021-06-24T11:00:45,200.0,68.6,S
2021-06-24T11:00:33,100.0,68.6,S
2021-06-24T11:00:20,200.0,68.6,S
2021-06-24T11:00:20,200.0,68.6,S
2021-06-24T11:00:20,8000.0,68.6,S
2021-06-24T11:00:17,1000.0,68.6,S
2021-06-24T10:59:54,1000.0,68.6,S
2021-06-24T10:59:32,1000.0,68.7,B
2021-06-24T10:59:14,10000.0,68.7,B
2021-06-24T10:59:10,7000.0,68.6,S
2021-06-24T10:58:59,500.0,68.6,S
2021-06-24T10:58:55,10000.0,68.6,S
2021-06-24T10:58:50,1000.0,68.6,S
2021-06-24T10:58:36,5000.0,68.6,S
2021-06-24T10:57:54,3000.0,68.7,B
2021-06-24T10:57:51,1000.0,68.6,S
2021-06-24T10:57:33,700.0,68.7,B
2021-06-24T10:57:33,1000.0,68.6,S
2021-06-24T10:57:31,1000.0,68.7,B
2021-06-24T10:57:12,200.0,68.6,S
2021-06-24T10:57:12,200.0,68.6,S
2021-06-24T10:57:01,200.0,68.6,S
2021-06-24T10:56:54,500.0,68.6,S
2021-06-24T10:56:49,2300.0,68.6,S
2021-06-24T10:56:47,200.0,68.6,S
2021-06-24T10:56:47,300.0,68.6,S
2021-06-24T10:56:35,1000.0,68.6,S
2021-06-24T10:56:25,50400.0,68.6,S
2021-06-24T10:55:53,200.0,68.6,S
2021-06-24T10:55:52,200.0,68.6,S
2021-06-24T10:55:47,1000.0,68.6,S
2021-06-24T10:55:43,700.0,68.6,S
2021-06-24T10:55:39,2000.0,68.5,S
2021-06-24T10:55:29,10100.0,68.7,B
2021-06-24T10:55:29,700.0,68.7,B
2021-06-24T10:55:29,1000.0,68.7,B
2021-06-24T10:55:29,8200.0,68.6,B
2021-06-24T10:55:24,1000.0,68.6,B
2021-06-24T10:55:24,400.0,68.6,B
2021-06-24T10:55:24,2800.0,68.6,B
2021-06-24T10:55:24,5800.0,68.6,B
2021-06-24T10:55:22,50000.0,68.6,B
2021-06-24T10:55:21,25000.0,68.6,B
2021-06-24T10:55:16,35000.0,68.6,B
2021-06-24T10:55:16,1000.0,68.6,B
2021-06-24T10:55:16,5000.0,68.5,S
2021-06-24T10:54:41,400.0,68.6,B
2021-06-24T10:54:17,32900.0,68.6,S
2021-06-24T10:54:06,400.0,68.6,S
2021-06-24T10:54:02,13000.0,68.6,S
2021-06-24T10:54:00,600.0,68.6,S
2021-06-24T10:53:57,2300.0,68.6,S
2021-06-24T10:53:39,200.0,68.6,S
2021-06-24T10:53:39,200.0,68.6,S
2021-06-24T10:53:39,800.0,68.6,S
2021-06-24T10:53:36,1000.0,68.6,S
2021-06-24T10:53:27,700.0,68.6,S
2021-06-24T10:53:21,300.0,68.6,S
2021-06-24T10:53:16,100.0,68.7,B
2021-06-24T10:52:50,1600.0,68.7,B
2021-06-24T10:52:50,400.0,68.7,B
2021-06-24T10:52:49,400.0,68.6,S
2021-06-24T10:52:39,1000.0,68.6,S
2021-06-24T10:52:29,2300.0,68.6,S
2021-06-24T10:52:23,500.0,68.6,B
2021-06-24T10:52:23,400.0,68.6,B
2021-06-24T10:52:23,1200.0,68.6,B
2021-06-24T10:52:23,400.0,68.6,B
2021-06-24T10:52:23,3200.0,68.6,B
2021-06-24T10:52:19,5000.0,68.5,S
2021-06-24T10:52:18,100.0,68.6,B
2021-06-24T10:52:08,100.0,68.6,B
2021-06-24T10:52:06,13400.0,68.6,B
2021-06-24T10:52:06,700.0,68.6,B
2021-06-24T10:52:06,2000.0,68.6,B
2021-06-24T10:52:06,3900.0,68.6,B
2021-06-24T10:52:01,100.0,68.6,B
2021-06-24T10:51:58,6300.0,68.5,S
2021-06-24T10:51:58,3700.0,68.5,S
2021-06-24T10:51:55,400.0,68.6,B
2021-06-24T10:51:43,700.0,68.6,B
2021-06-24T10:51:43,100.0,68.5,S
2021-06-24T10:51:35,5000.0,68.6,B
2021-06-24T10:51:32,1500.0,68.6,B
2021-06-24T10:51:30,100.0,68.6,B
2021-06-24T10:51:28,300.0,68.6,B
2021-06-24T10:51:28,200.0,68.5,S
2021-06-24T10:51:25,1000.0,68.6,B
2021-06-24T10:51:23,19300.0,68.6,B
2021-06-24T10:51:23,700.0,68.6,B
2021-06-24T10:51:17,300.0,68.6,B
2021-06-24T10:51:17,200.0,68.6,B
2021-06-24T10:51:17,49500.0,68.6,B
2021-06-24T10:51:14,1000.0,68.6,B
2021-06-24T10:51:07,100.0,68.6,B
2021-06-24T10:50:41,300.0,68.6,B
2021-06-24T10:50:27,2000.0,68.6,S
2021-06-24T10:50:23,5000.0,68.6,S
2021-06-24T10:50:22,600.0,68.6,S
2021-06-24T10:50:22,800.0,68.6,S
2021-06-24T10:50:22,3600.0,68.6,S
2021-06-24T10:50:22,100.0,68.6,S
2021-06-24T10:50:22,3700.0,68.6,S
2021-06-24T10:50:22,10800.0,68.6,S
2021-06-24T10:50:22,6000.0,68.6,S
2021-06-24T10:50:22,800.0,68.6,S
2021-06-24T10:50:22,4800.0,68.6,S
2021-06-24T10:50:22,6000.0,68.6,S
2021-06-24T10:50:21,700.0,68.6,S
2021-06-24T10:50:21,3500.0,68.6,S
2021-06-24T10:50:21,100.0,68.6,S
2021-06-24T10:50:21,300.0,68.6,S
2021-06-24T10:50:21,3600.0,68.6,S
2021-06-24T10:50:21,10100.0,68.6,S
2021-06-24T10:50:21,6000.0,68.6,S
2021-06-24T10:50:21,200.0,68.6,S
2021-06-24T10:50:21,400.0,68.6,S
2021-06-24T10:50:19,700.0,68.6,S
2021-06-24T10:50:19,5100.0,68.6,S
2021-06-24T10:50:19,1700.0,68.6,S
2021-06-24T10:50:19,3100.0,68.6,S
2021-06-24T10:50:19,119400.0,68.6,S
2021-06-24T10:50:06,200.0,68.7,B
2021-06-24T10:50:03,500.0,68.6,S
2021-06-24T10:49:51,29000.0,68.6,S
2021-06-24T10:49:23,5500.0,68.7,B
2021-06-24T10:49:18,1800.0,68.7,B
2021-06-24T10:49:18,5200.0,68.7,B
2021-06-24T10:49:18,200.0,68.7,B
2021-06-24T10:49:18,2800.0,68.7,B
2021-06-24T10:49:12,800.0,68.7,B
2021-06-24T10:49:12,2200.0,68.7,B
2021-06-24T10:49:08,200.0,68.7,B
2021-06-24T10:48:57,10000.0,68.7,B
2021-06-24T10:48:56,1000.0,68.6,S
2021-06-24T10:48:49,5000.0,68.7,B
2021-06-24T10:48:46,1200.0,68.7,B
2021-06-24T10:48:38,400.0,68.6,S
2021-06-24T10:48:37,1000.0,68.6,S
2021-06-24T10:47:49,25000.0,68.7,B
2021-06-24T10:47:44,1500.0,68.7,B
2021-06-24T10:47:38,5000.0,68.7,B
2021-06-24T10:47:35,600.0,68.6,S
2021-06-24T10:47:13,15000.0,68.7,B
2021-06-24T10:47:11,200.0,68.7,B
2021-06-24T10:47:04,20000.0,68.7,B
2021-06-24T10:46:57,200.0,68.7,B
2021-06-24T10:46:53,100.0,68.7,B
2021-06-24T10:46:31,100.0,68.7,B
2021-06-24T10:46:28,100.0,68.7,S
2021-06-24T10:46:28,1900.0,68.7,S
2021-06-24T10:46:28,400.0,68.7,S
2021-06-24T10:46:27,14300.0,68.7,S
2021-06-24T10:45:53,1900.0,68.8,B
2021-06-24T10:45:36,100.0,68.7,S
2021-06-24T10:45:15,100.0,68.8,B
2021-06-24T10:44:23,5000.0,68.8,B
2021-06-24T10:44:10,500.0,68.7,S
2021-06-24T10:44:08,27300.0,68.8,B
2021-06-24T10:44:08,22700.0,68.8,B
2021-06-24T10:43:44,200.0,68.7,S
2021-06-24T10:43:44,200.0,68.7,S
2021-06-24T10:43:43,800.0,68.7,S
2021-06-24T10:43:42,2800.0,68.7,S
2021-06-24T10:43:27,200.0,68.7,S
2021-06-24T10:43:09,10000.0,68.8,B
2021-06-24T10:43:09,40000.0,68.7,B
2021-06-24T10:43:05,1000.0,68.7,B
2021-06-24T10:42:44,39600.0,68.7,S
2021-06-24T10:42:35,10400.0,68.7,B
2021-06-24T10:42:34,800.0,68.7,B
2021-06-24T10:42:30,100.0,68.7,B
2021-06-24T10:42:17,400.0,68.7,S
2021-06-24T10:42:10,20000.0,68.8,B
2021-06-24T10:41:25,3000.0,68.8,S
2021-06-24T10:41:21,500.0,68.8,S
2021-06-24T10:41:19,36500.0,68.8,B
2021-06-24T10:40:45,50000.0,68.8,B
2021-06-24T10:40:36,400.0,68.6,S
2021-06-24T10:40:20,10000.0,68.6,S
2021-06-24T10:40:18,1000.0,68.7,B
2021-06-24T10:40:10,400.0,68.6,S
2021-06-24T10:39:49,1000.0,68.6,S
2021-06-24T10:39:43,100.0,68.7,B
2021-06-24T10:39:35,200.0,68.7,B
2021-06-24T10:39:23,400.0,68.7,S
2021-06-24T10:39:15,400.0,68.7,S
2021-06-24T10:38:49,200.0,68.6,S
2021-06-24T10:38:49,300.0,68.6,S
2021-06-24T10:38:23,400.0,68.6,S
2021-06-24T10:38:22,6600.0,68.6,S
2021-06-24T10:38:16,800.0,68.9,B
2021-06-24T10:38:16,500.0,68.9,B
2021-06-24T10:38:16,200.0,68.9,B
2021-06-24T10:38:16,2500.0,68.9,B
2021-06-24T10:38:16,400.0,68.9,B
2021-06-24T10:38:16,200.0,68.9,B
2021-06-24T10:38:16,200.0,68.9,B
2021-06-24T10:38:16,400.0,68.9,B
2021-06-24T10:38:16,2500.0,68.9,B
2021-06-24T10:38:16,200.0,68.9,B
2021-06-24T10:38:16,200.0,68.9,B
2021-06-24T10:38:16,200.0,68.9,B
2021-06-24T10:38:16,200.0,68.9,B
2021-06-24T10:38:16,100.0,68.9,B
2021-06-24T10:38:16,700.0,68.9,B
2021-06-24T10:38:16,2500.0,68.8,B
2021-06-24T10:38:16,98200.0,68.8,B
2021-06-24T10:38:00,100000.0,68.8,B
2021-06-24T10:37:36,3700.0,68.8,S
2021-06-24T10:37:29,400.0,68.8,S
2021-06-24T10:37:11,800.0,68.8,B
2021-06-24T10:37:11,25200.0,68.8,B
2021-06-24T10:36:53,4000.0,68.8,B
2021-06-24T10:36:42,72900.0,68.8,B
2021-06-24T10:36:42,200.0,68.8,B
2021-06-24T10:36:42,1100.0,68.8,B
2021-06-24T10:36:42,2800.0,68.8,B
2021-06-24T10:36:42,73000.0,68.8,B
2021-06-24T10:36:41,3800.0,68.7,S
2021-06-24T10:36:41,600.0,68.7,S
2021-06-24T10:36:41,900.0,68.7,S
2021-06-24T10:36:41,2300.0,68.7,S
2021-06-24T10:36:41,3000.0,68.7,S
2021-06-24T10:36:41,1600.0,68.7,S
2021-06-24T10:36:41,5000.0,68.7,S
2021-06-24T10:36:41,3000.0,68.7,S
2021-06-24T10:36:41,10600.0,68.7,S
2021-06-24T10:36:36,500.0,68.7,S
2021-06-24T10:36:35,1000.0,68.7,S
2021-06-24T10:36:35,1300.0,68.7,S
2021-06-24T10:36:21,500.0,68.7,S
2021-06-24T10:35:59,100.0,68.8,B
2021-06-24T10:35:58,1000.0,68.7,S
2021-06-24T10:35:41,400.0,68.7,S
2021-06-24T10:35:34,500.0,68.7,S
2021-06-24T10:35:22,100.0,68.7,S
2021-06-24T10:35:03,200.0,68.8,B
2021-06-24T10:34:48,2000.0,68.8,B
2021-06-24T10:34:41,700.0,68.8,B
2021-06-24T10:34:36,1800.0,68.8,S
2021-06-24T10:34:29,500.0,68.8,S
2021-06-24T10:34:12,100.0,68.9,B
2021-06-24T10:34:10,100.0,68.9,B
2021-06-24T10:33:17,300.0,68.9,B
2021-06-24T10:33:11,100.0,68.8,B
2021-06-24T10:32:58,2500.0,68.9,B
2021-06-24T10:32:58,700.0,68.9,B
2021-06-24T10:32:58,6800.0,68.9,B
2021-06-24T10:32:52,2000.0,68.8,S
2021-06-24T10:32:51,200.0,68.8,B
2021-06-24T10:32:48,300.0,68.8,B
2021-06-24T10:32:34,14000.0,68.8,B
2021-06-24T10:32:22,50900.0,68.7,S
2021-06-24T10:32:21,200.0,68.8,B
2021-06-24T10:32:19,1000.0,68.8,B
2021-06-24T10:32:14,500.0,68.8,B
2021-06-24T10:32:12,152000.0,68.7,S
2021-06-24T10:32:07,200.0,68.8,S
2021-06-24T10:32:06,2300.0,68.8,S
2021-06-24T10:32:05,300.0,68.8,S
2021-06-24T10:32:05,5200.0,68.8,S
2021-06-24T10:32:05,300.0,68.8,S
2021-06-24T10:32:05,1000.0,68.8,S
2021-06-24T10:32:05,500.0,68.8,S
2021-06-24T10:32:05,1000.0,68.8,S
2021-06-24T10:32:05,1300.0,68.8,S
2021-06-24T10:32:05,300.0,68.8,S
2021-06-24T10:32:05,900.0,68.8,S
2021-06-24T10:32:05,4100.0,68.8,S
2021-06-24T10:32:05,2600.0,68.8,S
2021-06-24T10:32:05,100.0,68.8,S
2021-06-24T10:32:05,37800.0,68.8,S
2021-06-24T10:32:00,200.0,68.9,B
2021-06-24T10:31:54,300.0,68.9,B
2021-06-24T10:31:49,500.0,68.9,B
2021-06-24T10:31:43,1200.0,68.9,B
2021-06-24T10:31:43,1300.0,68.9,B
2021-06-24T10:31:41,300.0,68.8,S
2021-06-24T10:31:41,200.0,68.8,S
2021-06-24T10:31:32,147200.0,68.8,S
2021-06-24T10:31:31,1500.0,68.9,B
2021-06-24T10:31:16,1000.0,68.9,B
2021-06-24T10:30:49,1000.0,68.9,B
2021-06-24T10:30:41,30000.0,68.9,B
2021-06-24T10:30:41,500.0,68.9,B
2021-06-24T10:30:40,10000.0,68.8,S
2021-06-24T10:30:39,500.0,68.9,B
2021-06-24T10:30:35,200.0,68.9,B
2021-06-24T10:30:28,1200.0,68.9,B
2021-06-24T10:30:21,1500.0,68.9,B
2021-06-24T10:30:18,25100.0,68.9,B
2021-06-24T10:30:16,2000.0,68.9,B
2021-06-24T10:30:11,3000.0,68.9,B
2021-06-24T10:30:05,12000.0,68.9,B
2021-06-24T10:29:58,100.0,68.8,S
2021-06-24T10:28:45,400.0,68.9,B
2021-06-24T10:28:33,500.0,68.9,B
2021-06-24T10:28:27,4700.0,68.9,B
2021-06-24T10:28:27,300.0,68.9,B
2021-06-24T10:28:20,100.0,68.9,B
2021-06-24T10:28:19,20000.0,68.9,B
2021-06-24T10:28:18,4500.0,68.9,B
2021-06-24T10:28:14,500.0,68.9,B
2021-06-24T10:28:14,300.0,68.9,B
2021-06-24T10:28:07,100.0,68.9,B
2021-06-24T10:28:04,500.0,68.9,B
2021-06-24T10:28:01,1000.0,68.8,S
2021-06-24T10:27:58,1500.0,68.9,B
2021-06-24T10:27:47,300.0,68.9,B
2021-06-24T10:27:29,700.0,68.9,B
2021-06-24T10:27:29,10000.0,68.9,B
2021-06-24T10:27:24,500.0,68.9,B
2021-06-24T10:27:23,1000.0,68.9,B
2021-06-24T10:27:10,300.0,68.9,B
2021-06-24T10:27:04,1000.0,68.9,B
2021-06-24T10:26:58,500.0,68.9,B
2021-06-24T10:26:55,1000.0,68.9,B
2021-06-24T10:26:55,116300.0,68.9,S
2021-06-24T10:26:55,20600.0,68.9,S
2021-06-24T10:26:43,6000.0,69.0,B
2021-06-24T10:26:40,8000.0,69.0,B
2021-06-24T10:26:39,2000.0,69.0,B
2021-06-24T10:26:37,1500.0,69.0,B
2021-06-24T10:26:30,200.0,69.0,B
2021-06-24T10:26:28,800.0,69.0,B
2021-06-24T10:26:20,5000.0,69.0,S
2021-06-24T10:26:20,6000.0,69.0,S
2021-06-24T10:26:20,4500.0,69.0,S
2021-06-24T10:26:14,2000.0,69.0,S
2021-06-24T10:25:53,1000.0,69.1,B
2021-06-24T10:25:35,1000.0,69.1,B
2021-06-24T10:25:29,2500.0,69.0,S
2021-06-24T10:25:27,400.0,69.0,S
2021-06-24T10:25:26,2000.0,69.0,S
2021-06-24T10:25:23,2000.0,69.1,B
2021-06-24T10:25:18,2000.0,69.0,S
2021-06-24T10:25:09,2000.0,69.1,B
2021-06-24T10:25:09,500.0,69.0,S
2021-06-24T10:24:59,500.0,69.0,S
2021-06-24T10:24:57,2300.0,69.0,S
2021-06-24T10:24:43,500.0,69.0,S
2021-06-24T10:24:30,1300.0,69.1,B
2021-06-24T10:24:29,1700.0,69.1,B
2021-06-24T10:24:23,300.0,69.0,B
2021-06-24T10:24:11,6300.0,69.1,B
2021-06-24T10:24:11,1000.0,69.1,B
2021-06-24T10:24:10,3300.0,69.1,B
2021-06-24T10:24:10,3200.0,69.1,B
2021-06-24T10:24:10,700.0,69.0,B
2021-06-24T10:24:10,200.0,69.0,B
2021-06-24T10:24:10,13300.0,69.0,B
2021-06-24T10:24:07,400.0,69.0,B
2021-06-24T10:23:58,5000.0,69.0,B
2021-06-24T10:23:45,1000.0,69.0,B
2021-06-24T10:23:40,5000.0,69.0,B
2021-06-24T10:23:34,10000.0,69.0,B
2021-06-24T10:23:31,13000.0,69.0,B
2021-06-24T10:23:18,100.0,69.0,B
2021-06-24T10:23:17,400.0,69.0,B
2021-06-24T10:23:05,6500.0,69.0,B
2021-06-24T10:23:03,1000.0,69.0,B
2021-06-24T10:22:56,700.0,69.0,B
2021-06-24T10:22:53,3000.0,69.0,B
2021-06-24T10:22:47,100000.0,69.0,B
2021-06-24T10:22:40,500.0,69.0,B
2021-06-24T10:22:32,1000.0,69.0,B
2021-06-24T10:22:27,1000.0,69.0,S
2021-06-24T10:22:27,4400.0,69.0,S
2021-06-24T10:22:20,200.0,69.0,S
2021-06-24T10:22:19,2000.0,69.1,B
2021-06-24T10:22:15,500.0,69.1,B
2021-06-24T10:22:06,3800.0,69.0,B
2021-06-24T10:22:06,7700.0,69.0,B
2021-06-24T10:22:06,200.0,69.0,B
2021-06-24T10:22:06,200.0,69.0,B
2021-06-24T10:22:06,200.0,69.0,B
2021-06-24T10:22:06,200.0,69.0,B
2021-06-24T10:22:06,300.0,69.0,B
2021-06-24T10:22:06,300.0,69.0,B
2021-06-24T10:22:06,2300.0,69.0,B
2021-06-24T10:22:06,200.0,69.0,B
2021-06-24T10:22:06,300.0,69.0,B
2021-06-24T10:22:06,200.0,69.0,B
2021-06-24T10:22:06,200.0,69.0,B
2021-06-24T10:22:06,30800.0,69.0,B
2021-06-24T10:22:03,2000.0,69.0,B
2021-06-24T10:21:55,100.0,69.0,B
2021-06-24T10:21:53,100.0,68.9,S
2021-06-24T10:21:52,3000.0,69.0,B
2021-06-24T10:21:52,1000.0,69.0,B
2021-06-24T10:21:49,100.0,69.0,B
2021-06-24T10:21:08,1000.0,69.0,B
2021-06-24T10:20:52,800.0,69.0,B
2021-06-24T10:20:47,100.0,69.0,B
2021-06-24T10:20:43,100.0,69.0,B
2021-06-24T10:20:31,100000.0,69.0,B
2021-06-24T10:20:14,2000.0,69.0,B
2021-06-24T10:20:06,100.0,69.0,S
2021-06-24T10:20:05,2000.0,69.0,S
2021-06-24T10:20:04,6900.0,69.0,S
2021-06-24T10:20:00,300.0,69.0,S
2021-06-24T10:19:57,3000.0,69.0,S
2021-06-24T10:19:56,5000.0,69.0,S
2021-06-24T10:19:51,300.0,69.0,S
2021-06-24T10:19:44,1000.0,69.0,B
2021-06-24T10:19:44,700.0,69.0,B
2021-06-24T10:19:44,500.0,69.0,B
2021-06-24T10:19:44,32600.0,69.0,B
2021-06-24T10:19:44,3600.0,69.0,B
2021-06-24T10:19:44,2000.0,69.0,B
2021-06-24T10:19:42,700.0,69.0,B
2021-06-24T10:19:40,400.0,69.0,B
2021-06-24T10:19:24,70000.0,69.0,B
2021-06-24T10:19:18,85000.0,69.0,B
2021-06-24T10:19:12,500.0,69.0,B
2021-06-24T10:19:07,1000.0,69.0,B
2021-06-24T10:19:03,100.0,69.0,B
2021-06-24T10:19:01,9500.0,68.9,S
2021-06-24T10:18:58,7600.0,69.0,S
2021-06-24T10:18:51,400.0,69.0,S
2021-06-24T10:18:49,10000.0,69.0,B
2021-06-24T10:18:49,3000.0,69.0,B
2021-06-24T10:18:49,200.0,69.0,B
2021-06-24T10:18:49,1500.0,69.0,B
2021-06-24T10:18:49,200.0,69.0,B
2021-06-24T10:18:49,200.0,69.0,B
2021-06-24T10:18:49,2300.0,69.0,B
2021-06-24T10:18:49,300.0,69.0,B
2021-06-24T10:18:49,2300.0,69.0,B
2021-06-24T10:18:49,400.0,69.0,B
2021-06-24T10:18:49,4500.0,69.0,B
2021-06-24T10:18:49,400.0,69.0,B
2021-06-24T10:18:48,1100.0,69.0,B
2021-06-24T10:18:48,3300.0,69.0,B
2021-06-24T10:18:48,500.0,69.0,B
2021-06-24T10:18:48,500.0,69.0,B
2021-06-24T10:18:48,400.0,69.0,B
2021-06-24T10:18:48,2000.0,69.0,B
2021-06-24T10:18:48,400.0,69.0,B
2021-06-24T10:18:48,8600.0,69.0,B
2021-06-24T10:18:43,600.0,69.0,B
2021-06-24T10:18:42,1100.0,69.0,B
2021-06-24T10:18:26,1000.0,69.0,B
2021-06-24T10:18:24,2700.0,69.0,B
2021-06-24T10:18:16,1000.0,69.0,B
2021-06-24T10:18:06,1000.0,69.0,B
2021-06-24T10:18:03,100.0,68.9,S
2021-06-24T10:17:58,1000.0,69.0,B
2021-06-24T10:17:56,1000.0,69.0,B
2021-06-24T10:17:29,100.0,69.0,B
2021-06-24T10:17:29,300.0,69.0,B
2021-06-24T10:17:29,3100.0,69.0,B
2021-06-24T10:17:20,800.0,69.0,B
2021-06-24T10:17:11,800.0,69.0,B
2021-06-24T10:17:10,3000.0,69.0,B
2021-06-24T10:17:09,3400.0,69.0,B
2021-06-24T10:16:58,1500.0,69.0,B
2021-06-24T10:16:54,300.0,69.0,B
2021-06-24T10:16:52,200.0,69.0,B
2021-06-24T10:16:46,5000.0,69.0,B
2021-06-24T10:16:45,4000.0,69.0,B
2021-06-24T10:16:43,400.0,69.0,B
2021-06-24T10:16:37,3200.0,69.0,B
2021-06-24T10:16:36,7900.0,69.0,B
2021-06-24T10:16:32,5000.0,69.0,B
2021-06-24T10:16:23,300.0,69.0,B
2021-06-24T10:16:23,600.0,69.0,B
2021-06-24T10:16:23,1600.0,69.0,B
2021-06-24T10:16:23,2100.0,69.0,B
2021-06-24T10:16:23,1000.0,69.0,B
2021-06-24T10:16:23,1100.0,69.0,B
2021-06-24T10:16:23,1300.0,69.0,B
2021-06-24T10:16:15,100.0,69.0,B
2021-06-24T10:16:12,600.0,69.0,B
2021-06-24T10:16:12,4300.0,69.0,B
2021-06-24T10:16:12,500.0,69.0,B
2021-06-24T10:16:12,2600.0,69.0,B
2021-06-24T10:16:07,3000.0,69.0,B
2021-06-24T10:16:02,100.0,69.0,B
2021-06-24T10:16:02,900.0,69.0,B
2021-06-24T10:16:02,19000.0,69.0,B
2021-06-24T10:15:34,11300.0,69.0,B
2021-06-24T10:15:34,38700.0,69.0,B
2021-06-24T10:15:11,5000.0,69.0,B
2021-06-24T10:15:05,38500.0,69.0,B
2021-06-24T10:15:05,11000.0,69.0,B
2021-06-24T10:15:05,500.0,69.0,B
2021-06-24T10:14:43,700.0,69.0,B
2021-06-24T10:14:43,2200.0,69.0,B
2021-06-24T10:14:43,7100.0,69.0,B
2021-06-24T10:14:39,500.0,69.0,B
2021-06-24T10:14:39,300.0,69.0,B
2021-06-24T10:14:39,2700.0,69.0,B
2021-06-24T10:14:34,300.0,68.9,S
2021-06-24T10:14:33,100.0,68.9,S
2021-06-24T10:14:29,2100.0,69.0,B
2021-06-24T10:14:21,100.0,68.9,S
2021-06-24T10:14:18,500.0,68.9,S
2021-06-24T10:14:09,4500.0,69.0,B
2021-06-24T10:13:53,300.0,68.9,S
2021-06-24T10:13:50,1200.0,69.0,B
2021-06-24T10:13:50,1000.0,69.0,B
2021-06-24T10:13:50,400.0,69.0,B
2021-06-24T10:13:50,500.0,69.0,B
2021-06-24T10:13:50,400.0,69.0,B
2021-06-24T10:13:50,500.0,69.0,B
2021-06-24T10:13:50,300.0,69.0,B
2021-06-24T10:13:50,700.0,69.0,B
2021-06-24T10:13:36,1300.0,69.0,B
2021-06-24T10:13:36,5700.0,69.0,B
2021-06-24T10:13:30,100.0,68.9,S
2021-06-24T10:13:25,2000.0,68.9,S
2021-06-24T10:13:23,2900.0,69.0,B
2021-06-24T10:13:23,100.0,69.0,B
2021-06-24T10:13:18,1200.0,68.9,B
2021-06-24T10:13:18,400.0,68.9,B
2021-06-24T10:13:18,200.0,68.9,B
2021-06-24T10:13:18,22000.0,68.9,B
2021-06-24T10:13:10,1500.0,68.8,S
2021-06-24T10:13:05,400.0,68.8,S
2021-06-24T10:12:41,800.0,68.8,S
2021-06-24T10:12:41,20000.0,68.9,B
2021-06-24T10:12:35,500.0,68.9,B
2021-06-24T10:12:31,30000.0,68.9,B
2021-06-24T10:12:26,55000.0,68.9,B
2021-06-24T10:12:21,500.0,68.9,B
2021-06-24T10:12:17,100.0,68.9,B
2021-06-24T10:12:05,500.0,68.9,S
2021-06-24T10:12:05,26900.0,68.9,S
2021-06-24T10:11:48,74800.0,68.9,S
2021-06-24T10:11:45,100.0,68.9,S
2021-06-24T10:11:45,100.0,68.9,S
2021-06-24T10:11:45,2800.0,68.9,S
2021-06-24T10:11:45,800.0,68.9,S
2021-06-24T10:11:45,21900.0,68.9,S
2021-06-24T10:11:29,3300.0,68.9,S
2021-06-24T10:11:25,3000.0,69.0,B
2021-06-24T10:11:18,200.0,68.9,B
2021-06-24T10:11:18,200.0,68.9,B
2021-06-24T10:11:18,2900.0,68.9,B
2021-06-24T10:11:18,400.0,68.9,B
2021-06-24T10:11:17,3700.0,68.9,B
2021-06-24T10:11:17,3000.0,68.9,B
2021-06-24T10:11:17,200.0,68.9,B
2021-06-24T10:11:17,400.0,68.9,B
2021-06-24T10:11:17,2500.0,68.9,B
2021-06-24T10:11:17,18600.0,68.9,B
2021-06-24T10:11:13,7800.0,68.9,B
2021-06-24T10:11:13,2200.0,68.9,B
2021-06-24T10:11:05,3000.0,68.9,B
2021-06-24T10:10:55,5000.0,68.9,B
2021-06-24T10:10:53,300.0,68.9,B
2021-06-24T10:10:52,100.0,68.9,B
2021-06-24T10:10:46,300.0,68.9,B
2021-06-24T10:10:45,3000.0,68.9,B
2021-06-24T10:10:44,1000.0,68.9,B
2021-06-24T10:10:40,1000.0,68.9,B
2021-06-24T10:10:36,1000.0,68.9,B
2021-06-24T10:10:33,6900.0,68.9,B
2021-06-24T10:10:27,1000.0,68.9,B
2021-06-24T10:10:25,500.0,68.9,B
2021-06-24T10:10:13,20000.0,68.9,B
2021-06-24T10:10:12,300.0,68.9,B
2021-06-24T10:10:03,1000.0,68.9,B
2021-06-24T10:10:02,1500.0,68.9,B
2021-06-24T10:09:53,1000.0,68.9,B
2021-06-24T10:09:52,20000.0,68.9,B
2021-06-24T10:09:51,900.0,68.9,B
2021-06-24T10:09:43,1000.0,68.9,B
2021-06-24T10:09:37,500.0,68.9,B
2021-06-24T10:09:34,5000.0,68.9,B
2021-06-24T10:09:31,500.0,68.9,B
2021-06-24T10:09:16,1000.0,68.9,B
2021-06-24T10:09:16,600.0,68.9,B
2021-06-24T10:09:09,2000.0,68.9,B
2021-06-24T10:09:02,1000.0,68.9,B
2021-06-24T10:08:49,1000.0,68.9,B
2021-06-24T10:08:47,1000.0,68.9,B
2021-06-24T10:08:43,400.0,68.9,B
2021-06-24T10:08:36,600.0,68.9,B
2021-06-24T10:08:22,300.0,68.9,B
2021-06-24T10:08:12,400.0,68.9,B
2021-06-24T10:08:08,2000.0,68.9,B
2021-06-24T10:08:03,5000.0,68.9,B
2021-06-24T10:07:59,3000.0,68.9,B
2021-06-24T10:07:54,3500.0,68.9,B
2021-06-24T10:07:48,1500.0,68.9,B
2021-06-24T10:07:45,23500.0,68.9,B
2021-06-24T10:07:41,3000.0,68.9,B
2021-06-24T10:07:21,4200.0,68.9,B
2021-06-24T10:07:21,300.0,68.9,B
2021-06-24T10:07:21,100.0,68.9,B
2021-06-24T10:07:20,5400.0,68.9,B
2021-06-24T10:07:15,200.0,68.8,S
2021-06-24T10:07:15,300.0,68.8,S
2021-06-24T10:07:13,100.0,68.8,S
2021-06-24T10:07:09,100.0,68.8,B
2021-06-24T10:07:07,100.0,68.8,B
2021-06-24T10:07:05,1000.0,68.8,B
2021-06-24T10:07:05,200.0,68.8,B
2021-06-24T10:07:05,500.0,68.8,B
2021-06-24T10:07:05,200.0,68.8,B
2021-06-24T10:07:05,600.0,68.8,B
2021-06-24T10:07:05,2500.0,68.8,B
2021-06-24T10:07:05,200.0,68.8,B
2021-06-24T10:07:05,500.0,68.8,B
2021-06-24T10:07:05,200.0,68.8,B
2021-06-24T10:07:05,2900.0,68.8,B
2021-06-24T10:07:05,400.0,68.8,B
2021-06-24T10:07:05,200.0,68.8,B
2021-06-24T10:07:05,500.0,68.8,B
2021-06-24T10:07:05,200.0,68.8,B
2021-06-24T10:07:05,12000.0,68.8,B
2021-06-24T10:07:05,3100.0,68.8,B
2021-06-24T10:07:05,6300.0,68.8,B
2021-06-24T10:07:04,3000.0,68.7,S
2021-06-24T10:07:03,100.0,68.8,B
2021-06-24T10:06:56,2000.0,68.8,B
2021-06-24T10:06:52,1000.0,68.8,B
2021-06-24T10:06:50,1800.0,68.8,B
2021-06-24T10:06:43,10000.0,68.8,B
2021-06-24T10:06:35,15000.0,68.8,B
2021-06-24T10:06:33,600.0,68.8,B
2021-06-24T10:06:28,5000.0,68.8,B
2021-06-24T10:06:14,500.0,68.8,B
2021-06-24T10:06:08,7900.0,68.8,B
2021-06-24T10:06:00,2500.0,68.8,B
2021-06-24T10:05:57,1000.0,68.8,B
2021-06-24T10:05:48,2000.0,68.8,B
2021-06-24T10:05:45,5600.0,68.8,B
2021-06-24T10:05:45,44400.0,68.8,B
2021-06-24T10:05:27,10000.0,68.8,B
2021-06-24T10:05:23,500.0,68.8,B
2021-06-24T10:05:13,500.0,68.8,B
2021-06-24T10:05:09,3900.0,68.8,B
2021-06-24T10:05:06,1200.0,68.8,B
2021-06-24T10:05:03,500.0,68.8,B
2021-06-24T10:05:01,200.0,68.8,B
2021-06-24T10:04:51,300.0,68.8,B
2021-06-24T10:04:45,500.0,68.8,B
2021-06-24T10:04:39,500.0,68.8,B
2021-06-24T10:04:26,3000.0,68.8,B
2021-06-24T10:04:12,3000.0,68.8,B
2021-06-24T10:04:09,4000.0,68.8,B
2021-06-24T10:04:09,100.0,68.8,B
2021-06-24T10:04:05,4800.0,68.8,B
2021-06-24T10:03:58,100.0,68.8,B
2021-06-24T10:03:52,500.0,68.8,B
2021-06-24T10:03:46,3000.0,68.7,S
2021-06-24T10:03:36,400.0,68.7,S
2021-06-24T10:03:35,500.0,68.7,S
2021-06-24T10:03:26,100.0,68.7,S
2021-06-24T10:03:18,2300.0,68.7,S
2021-06-24T10:03:10,400.0,68.7,S
2021-06-24T10:03:00,500.0,68.7,S
2021-06-24T10:02:53,2400.0,68.7,B
2021-06-24T10:02:53,200.0,68.7,B
2021-06-24T10:02:53,2100.0,68.7,B
2021-06-24T10:02:53,1000.0,68.7,B
2021-06-24T10:02:53,3700.0,68.7,B
2021-06-24T10:02:53,9600.0,68.7,B
2021-06-24T10:02:49,2200.0,68.7,B
2021-06-24T10:02:49,100.0,68.7,B
2021-06-24T10:02:48,100.0,68.6,S
2021-06-24T10:02:29,300.0,68.7,B
2021-06-24T10:02:17,1000.0,68.7,B
2021-06-24T10:02:00,1000.0,68.7,B
2021-06-24T10:01:55,2300.0,68.6,S
2021-06-24T10:01:55,400.0,68.6,S
2021-06-24T10:01:49,900.0,68.6,S
2021-06-24T10:01:49,1200.0,68.6,S
2021-06-24T10:01:49,1000.0,68.6,S
2021-06-24T10:01:48,600.0,68.6,S
2021-06-24T10:01:47,100.0,68.6,S
2021-06-24T10:01:30,2900.0,68.6,S
2021-06-24T10:01:25,400.0,68.6,S
2021-06-24T10:01:23,500.0,68.6,S
2021-06-24T10:01:14,400.0,68.6,S
2021-06-24T10:01:07,100.0,68.6,S
2021-06-24T10:01:04,200.0,68.6,S
2021-06-24T10:01:03,200.0,68.6,S
2021-06-24T10:00:51,500.0,68.6,S
2021-06-24T10:00:49,100.0,68.6,S
2021-06-24T10:00:49,1000.0,68.7,B
2021-06-24T10:00:46,500.0,68.6,S
2021-06-24T10:00:37,400.0,68.6,S
2021-06-24T10:00:33,2300.0,68.6,S
2021-06-24T10:00:08,500.0,68.6,S
2021-06-24T10:00:05,500.0,68.6,B
2021-06-24T10:00:05,10000.0,68.6,B
2021-06-24T09:59:55,600.0,68.6,B
2021-06-24T09:59:46,300.0,68.6,S
2021-06-24T09:59:44,200.0,68.6,S
2021-06-24T09:59:44,1400.0,68.6,S
2021-06-24T09:59:44,4300.0,68.6,S
2021-06-24T09:59:44,5500.0,68.6,S
2021-06-24T09:59:44,1700.0,68.6,S
2021-06-24T09:59:44,4400.0,68.6,S
2021-06-24T09:59:44,4800.0,68.6,S
2021-06-24T09:59:44,1800.0,68.6,S
2021-06-24T09:59:44,5100.0,68.6,S
2021-06-24T09:59:44,500.0,68.6,S
2021-06-24T09:59:44,4200.0,68.6,S
2021-06-24T09:59:44,1000.0,68.6,S
2021-06-24T09:59:44,1100.0,68.6,S
2021-06-24T09:59:44,2000.0,68.6,S
2021-06-24T09:59:44,200.0,68.6,S
2021-06-24T09:59:44,2600.0,68.6,S
2021-06-24T09:59:44,1500.0,68.6,S
2021-06-24T09:59:44,3400.0,68.6,S
2021-06-24T09:59:44,100.0,68.6,S
2021-06-24T09:59:44,5500.0,68.6,S
2021-06-24T09:59:44,200.0,68.6,S
2021-06-24T09:59:44,4100.0,68.6,S
2021-06-24T09:59:44,1100.0,68.6,S
2021-06-24T09:59:44,400.0,68.6,S
2021-06-24T09:59:39,200.0,68.6,S
2021-06-24T09:59:39,200.0,68.6,S
2021-06-24T09:59:33,6100.0,68.6,S
2021-06-24T09:59:28,7000.0,68.7,B
2021-06-24T09:59:26,200.0,68.7,B
2021-06-24T09:59:11,200.0,68.7,B
2021-06-24T09:59:09,1000.0,68.7,B
2021-06-24T09:59:08,700.0,68.7,B
2021-06-24T09:59:08,600.0,68.7,B
2021-06-24T09:59:08,200.0,68.7,B
2021-06-24T09:59:08,3500.0,68.7,B
2021-06-24T09:58:41,300.0,68.7,B
2021-06-24T09:58:24,200.0,68.6,S
2021-06-24T09:58:23,500.0,68.7,B
2021-06-24T09:58:15,1100.0,68.7,B
2021-06-24T09:57:38,14900.0,68.7,S
2021-06-24T09:57:34,2200.0,68.7,S
2021-06-24T09:57:33,20000.0,68.7,S
2021-06-24T09:57:32,300.0,68.7,S
2021-06-24T09:57:31,600.0,68.7,S
2021-06-24T09:57:26,1000.0,68.7,S
2021-06-24T09:57:26,200.0,68.7,S
2021-06-24T09:57:25,200.0,68.7,S
2021-06-24T09:57:03,100.0,68.7,S
2021-06-24T09:57:01,400.0,68.7,S
2021-06-24T09:56:52,5000.0,68.7,S
2021-06-24T09:56:45,400.0,68.7,S
2021-06-24T09:56:38,400.0,68.7,S
2021-06-24T09:56:34,200.0,68.7,B
2021-06-24T09:56:33,200.0,68.7,B
2021-06-24T09:56:30,9400.0,68.7,B
2021-06-24T09:56:30,200.0,68.7,B
2021-06-24T09:56:30,700.0,68.7,B
2021-06-24T09:56:30,4100.0,68.7,B
2021-06-24T09:56:30,100.0,68.7,B
2021-06-24T09:56:29,200.0,68.7,B
2021-06-24T09:56:29,900.0,68.7,B
2021-06-24T09:56:29,200.0,68.7,B
2021-06-24T09:56:29,300.0,68.7,B
2021-06-24T09:56:29,2000.0,68.7,B
2021-06-24T09:56:29,100.0,68.7,B
2021-06-24T09:56:28,2500.0,68.7,B
2021-06-24T09:56:28,500.0,68.7,B
2021-06-24T09:56:28,200.0,68.7,B
2021-06-24T09:56:28,4100.0,68.7,B
2021-06-24T09:56:09,500.0,68.7,B
2021-06-24T09:56:09,700.0,68.7,B
2021-06-24T09:56:07,200.0,68.7,B
2021-06-24T09:56:05,700.0,68.7,B
2021-06-24T09:55:58,200.0,68.7,B
2021-06-24T09:55:58,4800.0,68.7,B
2021-06-24T09:55:57,700.0,68.6,S
2021-06-24T09:55:46,200.0,68.6,S
2021-06-24T09:55:39,400.0,68.7,B
2021-06-24T09:55:29,500.0,68.7,B
2021-06-24T09:55:25,2000.0,68.7,B
2021-06-24T09:55:21,200.0,68.6,S
2021-06-24T09:55:19,200.0,68.6,S
2021-06-24T09:55:08,1000.0,68.7,B
2021-06-24T09:54:47,400.0,68.6,S
2021-06-24T09:54:46,1000.0,68.7,B
2021-06-24T09:54:44,2300.0,68.6,S
2021-06-24T09:54:32,900.0,68.6,S
2021-06-24T09:54:25,200.0,68.6,S
2021-06-24T09:54:24,200.0,68.6,S
2021-06-24T09:54:24,200.0,68.6,S
2021-06-24T09:54:19,2000.0,68.6,S
2021-06-24T09:54:10,100.0,68.6,S
2021-06-24T09:54:10,1300.0,68.7,B
2021-06-24T09:53:56,100.0,68.6,S
2021-06-24T09:53:52,200.0,68.6,S
2021-06-24T09:53:51,200.0,68.6,S
2021-06-24T09:53:42,100.0,68.6,S
2021-06-24T09:53:37,1000.0,68.6,S
2021-06-24T09:53:26,500.0,68.6,S
2021-06-24T09:53:21,500.0,68.6,S
2021-06-24T09:53:20,100.0,68.6,S
2021-06-24T09:53:20,2300.0,68.6,S
2021-06-24T09:52:59,5000.0,68.6,S
2021-06-24T09:52:55,2000.0,68.7,B
2021-06-24T09:52:53,200.0,68.7,B
2021-06-24T09:52:47,100.0,68.7,B
2021-06-24T09:52:44,300.0,68.7,B
2021-06-24T09:52:37,100.0,68.7,B
2021-06-24T09:52:36,5000.0,68.6,S
2021-06-24T09:52:19,500.0,68.7,B
2021-06-24T09:51:20,500.0,68.7,B
2021-06-24T09:51:20,500.0,68.6,S
2021-06-24T09:51:16,100.0,68.7,B
2021-06-24T09:51:13,800.0,68.7,B
2021-06-24T09:51:09,500.0,68.7,B
2021-06-24T09:50:58,100.0,68.7,B
2021-06-24T09:50:45,500.0,68.7,B
2021-06-24T09:50:24,400.0,68.7,B
2021-06-24T09:50:20,500.0,68.6,S
2021-06-24T09:50:06,1600.0,68.7,B
2021-06-24T09:49:57,10000.0,68.6,S
2021-06-24T09:49:54,20000.0,68.7,B
2021-06-24T09:49:51,1000.0,68.6,S
2021-06-24T09:49:51,500.0,68.6,S
2021-06-24T09:49:51,400.0,68.6,S
2021-06-24T09:49:43,500.0,68.6,S
2021-06-24T09:49:19,300.0,68.7,B
2021-06-24T09:49:16,500.0,68.7,B
2021-06-24T09:48:43,3000.0,68.7,S
2021-06-24T09:48:43,800.0,68.7,S
2021-06-24T09:48:43,200.0,68.7,S
2021-06-24T09:48:43,600.0,68.7,S
2021-06-24T09:48:43,700.0,68.7,S
2021-06-24T09:48:43,2000.0,68.7,S
2021-06-24T09:48:43,6000.0,68.7,S
2021-06-24T09:48:43,2900.0,68.7,S
2021-06-24T09:48:43,2000.0,68.7,S
2021-06-24T09:48:43,2400.0,68.7,S
2021-06-24T09:48:43,44100.0,68.7,S
2021-06-24T09:48:33,100.0,68.8,B
2021-06-24T09:48:27,500.0,68.8,B
2021-06-24T09:48:24,100.0,68.8,B
2021-06-24T09:48:05,200.0,68.8,B
2021-06-24T09:47:59,800.0,68.8,B
2021-06-24T09:47:59,500.0,68.8,B
2021-06-24T09:47:43,300.0,68.8,B
2021-06-24T09:47:38,600.0,68.8,B
2021-06-24T09:47:28,3000.0,68.8,B
2021-06-24T09:47:24,500.0,68.8,B
2021-06-24T09:47:14,3600.0,68.8,S
2021-06-24T09:47:14,1700.0,68.8,S
2021-06-24T09:47:14,4800.0,68.8,S
2021-06-24T09:47:14,600.0,68.8,S
2021-06-24T09:47:14,4800.0,68.8,S
2021-06-24T09:47:11,200.0,68.8,S
2021-06-24T09:47:11,200.0,68.8,S
2021-06-24T09:47:08,2000.0,68.9,B
2021-06-24T09:46:59,1400.0,68.8,S
2021-06-24T09:46:54,9400.0,68.8,S
2021-06-24T09:46:52,500.0,68.8,S
2021-06-24T09:46:51,500.0,68.8,S
2021-06-24T09:46:44,300.0,68.8,S
2021-06-24T09:46:44,200.0,68.8,S
2021-06-24T09:46:40,200.0,68.8,S
2021-06-24T09:46:35,300.0,68.8,S
2021-06-24T09:46:25,700.0,68.8,S
2021-06-24T09:46:24,200.0,68.8,S
2021-06-24T09:46:12,100.0,68.9,B
2021-06-24T09:46:04,2300.0,68.8,S
2021-06-24T09:45:58,20900.0,68.8,S
2021-06-24T09:45:58,3800.0,68.8,S
2021-06-24T09:45:58,700.0,68.8,S
2021-06-24T09:45:58,24600.0,68.8,S
2021-06-24T09:45:57,1000.0,68.9,B
2021-06-24T09:45:53,400.0,68.8,S
2021-06-24T09:45:50,100.0,68.8,S
2021-06-24T09:45:50,100.0,68.8,S
2021-06-24T09:45:50,300.0,68.9,B
2021-06-24T09:45:39,1900.0,68.8,S
2021-06-24T09:45:39,10600.0,68.8,S
2021-06-24T09:45:37,1000.0,68.9,B
2021-06-24T09:45:32,500.0,68.8,S
2021-06-24T09:45:30,100.0,68.9,B
2021-06-24T09:45:27,200.0,68.8,S
2021-06-24T09:45:26,200.0,68.8,S
2021-06-24T09:45:23,200.0,68.9,B
2021-06-24T09:45:20,100.0,68.9,B
2021-06-24T09:45:16,200.0,68.8,S
2021-06-24T09:45:14,200.0,68.8,S
2021-06-24T09:45:10,300.0,68.8,S
2021-06-24T09:45:09,1000.0,68.8,S
2021-06-24T09:44:59,200.0,68.8,S
2021-06-24T09:44:59,200.0,68.8,S
2021-06-24T09:44:52,100.0,68.8,S
2021-06-24T09:44:52,200.0,68.8,S
2021-06-24T09:44:41,2300.0,68.8,S
2021-06-24T09:44:39,200.0,68.8,S
2021-06-24T09:44:32,500.0,68.8,S
2021-06-24T09:44:25,100.0,68.8,S
2021-06-24T09:43:59,500.0,68.8,S
2021-06-24T09:43:59,3000.0,68.8,S
2021-06-24T09:43:43,100.0,68.9,B
2021-06-24T09:43:39,400.0,68.8,S
2021-06-24T09:43:23,300.0,68.8,S
2021-06-24T09:43:13,400.0,68.8,S
2021-06-24T09:43:13,2300.0,68.8,S
2021-06-24T09:43:09,300.0,68.8,S
2021-06-24T09:43:03,100.0,68.8,S
2021-06-24T09:43:02,100.0,68.9,B
2021-06-24T09:42:39,33000.0,68.9,B
2021-06-24T09:42:39,500.0,68.9,B
2021-06-24T09:42:39,5200.0,68.9,B
2021-06-24T09:42:38,11300.0,68.9,B
2021-06-24T09:42:35,800.0,68.9,B
2021-06-24T09:42:31,1000.0,68.8,S
2021-06-24T09:42:10,1000.0,68.9,B
2021-06-24T09:42:06,1000.0,68.9,B
2021-06-24T09:41:54,2400.0,68.8,S
2021-06-24T09:41:53,700.0,68.9,B
2021-06-24T09:41:47,300.0,68.9,B
2021-06-24T09:41:37,400.0,68.9,B
2021-06-24T09:41:37,600.0,68.9,B
2021-06-24T09:41:37,200.0,68.9,B
2021-06-24T09:41:37,200.0,68.9,B
2021-06-24T09:41:28,100.0,68.8,S
2021-06-24T09:41:27,400.0,68.9,B
2021-06-24T09:41:25,400.0,68.8,S
2021-06-24T09:41:21,100.0,68.9,B
2021-06-24T09:41:19,1900.0,68.8,S
2021-06-24T09:41:15,100.0,68.8,S
2021-06-24T09:41:14,100.0,68.8,S
2021-06-24T09:41:14,100.0,68.8,S
2021-06-24T09:41:14,900.0,68.8,S
2021-06-24T09:41:10,400.0,68.9,B
2021-06-24T09:40:57,400.0,68.8,S
2021-06-24T09:40:56,300.0,68.9,B
2021-06-24T09:40:38,100.0,68.8,S
2021-06-24T09:40:36,100.0,68.8,S
2021-06-24T09:40:30,200.0,68.8,S
2021-06-24T09:40:30,200.0,68.8,S
2021-06-24T09:40:22,200.0,68.8,S
2021-06-24T09:40:19,2200.0,68.8,S
2021-06-24T09:40:07,3900.0,68.8,S
2021-06-24T09:40:07,2500.0,68.8,S
2021-06-24T09:40:07,200.0,68.8,S
2021-06-24T09:40:07,900.0,68.8,S
2021-06-24T09:39:49,200.0,68.9,B
2021-06-24T09:39:48,6700.0,68.8,S
2021-06-24T09:39:48,200.0,68.8,S
2021-06-24T09:39:48,300.0,68.8,S
2021-06-24T09:39:48,800.0,68.8,S
2021-06-24T09:39:39,8000.0,68.8,S
2021-06-24T09:39:38,400.0,68.8,S
2021-06-24T09:39:30,500.0,68.8,S
2021-06-24T09:39:29,2000.0,68.9,B
2021-06-24T09:39:09,200.0,68.9,B
2021-06-24T09:38:33,3000.0,68.9,B
2021-06-24T09:38:29,100.0,68.8,S
2021-06-24T09:38:15,1000.0,68.8,S
2021-06-24T09:38:11,2000.0,68.9,B
2021-06-24T09:38:07,4000.0,68.9,B
2021-06-24T09:38:05,100.0,68.9,B
2021-06-24T09:37:31,1400.0,68.9,B
2021-06-24T09:37:29,100.0,68.9,B
2021-06-24T09:37:26,100.0,68.9,B
2021-06-24T09:37:18,100.0,68.9,B
2021-06-24T09:36:32,100.0,68.9,S
2021-06-24T09:36:30,400.0,68.9,S
2021-06-24T09:36:15,100.0,68.9,S
2021-06-24T09:36:10,900.0,68.9,S
2021-06-24T09:36:05,200.0,68.9,S
2021-06-24T09:36:03,200.0,68.9,S
2021-06-24T09:36:03,200.0,68.9,S
2021-06-24T09:36:00,2300.0,68.9,S
2021-06-24T09:35:38,1700.0,68.9,S
2021-06-24T09:35:38,200.0,69.0,B
2021-06-24T09:35:37,1100.0,68.9,S
2021-06-24T09:35:34,5900.0,69.0,B
2021-06-24T09:35:07,1800.0,69.0,B
2021-06-24T09:35:05,2200.0,69.0,B
2021-06-24T09:34:59,5700.0,69.0,B
2021-06-24T09:34:48,4700.0,69.0,B
2021-06-24T09:34:48,1100.0,69.0,B
2021-06-24T09:34:44,3600.0,69.0,B
2021-06-24T09:34:40,2300.0,68.8,S
2021-06-24T09:34:37,3600.0,69.0,B
2021-06-24T09:34:35,1000.0,69.0,B
2021-06-24T09:34:31,4300.0,69.0,B
2021-06-24T09:34:26,3600.0,69.0,B
2021-06-24T09:34:23,100.0,68.8,S
2021-06-24T09:34:19,500.0,69.0,B
2021-06-24T09:34:19,200.0,69.0,B
2021-06-24T09:34:19,200.0,69.0,B
2021-06-24T09:34:19,1000.0,69.0,B
2021-06-24T09:34:18,3900.0,69.0,B
2021-06-24T09:34:18,1200.0,68.9,B
2021-06-24T09:34:14,1400.0,68.9,B
2021-06-24T09:34:14,500.0,68.9,B
2021-06-24T09:34:14,500.0,68.8,S
2021-06-24T09:34:09,300.0,68.8,S
2021-06-24T09:34:09,800.0,68.9,B
2021-06-24T09:34:05,800.0,68.8,S
2021-06-24T09:34:01,15000.0,68.8,S
2021-06-24T09:33:49,200.0,68.8,S
2021-06-24T09:33:49,200.0,68.8,S
2021-06-24T09:33:42,100.0,68.8,S
2021-06-24T09:33:29,3800.0,68.9,B
2021-06-24T09:33:29,300.0,68.9,B
2021-06-24T09:33:29,700.0,68.9,B
2021-06-24T09:33:29,800.0,68.9,B
2021-06-24T09:33:29,2400.0,68.9,B
2021-06-24T09:33:28,4800.0,68.9,B
2021-06-24T09:33:24,200.0,68.9,B
2021-06-24T09:33:20,200.0,68.8,S
2021-06-24T09:32:48,1800.0,68.9,B
2021-06-24T09:32:48,2000.0,68.9,B
2021-06-24T09:32:48,500.0,68.9,B
2021-06-24T09:32:48,200.0,68.9,B
2021-06-24T09:32:48,200.0,68.9,B
2021-06-24T09:32:34,100.0,68.8,S
2021-06-24T09:32:32,500.0,68.8,S
2021-06-24T09:32:31,1000.0,68.8,S
2021-06-24T09:32:31,200.0,68.8,S
2021-06-24T09:32:31,200.0,68.8,S
2021-06-24T09:32:28,200.0,68.8,S
2021-06-24T09:32:23,500.0,68.8,S
2021-06-24T09:32:11,1000.0,68.8,S
2021-06-24T09:32:06,1000.0,68.8,S
2021-06-24T09:32:06,1000.0,68.8,S
2021-06-24T09:32:03,200.0,68.8,S
2021-06-24T09:32:03,200.0,68.8,S
2021-06-24T09:32:03,500.0,68.8,S
2021-06-24T09:32:01,1000.0,68.9,B
2021-06-24T09:32:01,300.0,68.8,S
2021-06-24T09:31:43,500.0,68.8,S
2021-06-24T09:31:40,2300.0,68.8,S
2021-06-24T09:31:37,400.0,68.8,S
2021-06-24T09:31:36,400.0,68.8,S
2021-06-24T09:31:32,5100.0,68.8,S
2021-06-24T09:31:29,3000.0,68.8,S
2021-06-24T09:31:28,100.0,68.9,B
2021-06-24T09:31:28,5600.0,68.9,B
2021-06-24T09:31:19,1000.0,68.8,S
2021-06-24T09:31:16,200.0,68.8,S
2021-06-24T09:31:09,800.0,68.8,S
2021-06-24T09:31:08,200.0,68.8,S
2021-06-24T09:31:08,200.0,68.8,S
2021-06-24T09:31:06,1200.0,68.8,S
2021-06-24T09:31:05,20000.0,68.8,S
2021-06-24T09:30:53,100.0,68.8,S
2021-06-24T09:30:51,500.0,68.8,S
2021-06-24T09:30:51,400.0,68.8,S
2021-06-24T09:30:51,700.0,68.8,S
2021-06-24T09:30:49,1400.0,68.8,S
2021-06-24T09:30:47,1300.0,68.8,S
2021-06-24T09:30:46,300.0,68.8,S
2021-06-24T09:30:45,200.0,68.8,S
2021-06-24T09:30:37,100.0,68.8,S
2021-06-24T09:30:31,1000.0,68.8,S
2021-06-24T09:30:29,1000.0,68.8,S
2021-06-24T09:30:25,1900.0,68.8,S
2021-06-24T09:30:23,2000.0,68.8,S
2021-06-24T09:30:18,100.0,68.8,S
2021-06-24T09:30:16,400.0,68.8,S
2021-06-24T09:30:13,2300.0,68.8,S
2021-06-24T09:30:02,200.0,68.8,S
2021-06-24T09:30:02,300.0,68.9,B
2021-06-24T09:29:59,1200.0,68.8,S
2021-06-24T09:29:34,100.0,68.9,B
2021-06-24T09:29:34,100.0,68.9,B
2021-06-24T09:29:26,5000.0,68.9,B
2021-06-24T09:29:23,8100.0,69.0,B
2021-06-24T09:29:23,5500.0,69.0,B
2021-06-24T09:29:23,4100.0,69.0,B
2021-06-24T09:29:23,300.0,69.0,B
2021-06-24T09:29:23,1100.0,69.0,B
2021-06-24T09:29:23,89700.0,69.0,B
2021-06-24T09:29:23,4200.0,68.9,B
2021-06-24T09:29:22,400.0,68.8,S
2021-06-24T09:29:20,100.0,68.9,B
2021-06-24T09:29:19,700.0,68.9,B
2021-06-24T09:29:12,7300.0,68.8,S
2021-06-24T09:29:01,100.0,68.9,B
2021-06-24T09:28:50,100.0,68.9,S
2021-06-24T09:28:49,500.0,68.9,S
2021-06-24T09:28:48,5000.0,68.9,S
2021-06-24T09:28:46,100.0,69.0,B
2021-06-24T09:28:46,100.0,68.9,S
2021-06-24T09:28:46,100.0,68.9,S
2021-06-24T09:28:46,600.0,68.9,S
2021-06-24T09:28:46,300.0,68.9,S
2021-06-24T09:28:45,1200.0,68.9,S
2021-06-24T09:28:40,100.0,68.9,S
2021-06-24T09:28:36,100.0,68.9,S
2021-06-24T09:28:34,5000.0,68.9,S
2021-06-24T09:28:33,600.0,68.9,S
2021-06-24T09:28:33,400.0,68.9,S
2021-06-24T09:28:29,500.0,68.9,S
2021-06-24T09:28:27,1000.0,68.9,S
2021-06-24T09:28:19,100.0,68.9,S
2021-06-24T09:28:15,200.0,68.9,S
2021-06-24T09:28:11,1300.0,69.0,B
2021-06-24T09:28:10,1000.0,68.9,S
2021-06-24T09:28:05,700.0,69.0,B
2021-06-24T09:28:05,3000.0,68.9,S
2021-06-24T09:28:03,400.0,68.9,S
2021-06-24T09:27:57,2000.0,68.9,S
2021-06-24T09:27:39,500.0,68.9,S
2021-06-24T09:27:20,1000.0,69.0,B
2021-06-24T09:27:18,2300.0,68.9,S
2021-06-24T09:27:17,200.0,68.9,S
2021-06-24T09:27:09,400.0,68.9,S
2021-06-24T09:27:03,500.0,68.9,S
2021-06-24T09:27:01,1500.0,68.9,S
2021-06-24T09:26:47,500.0,68.9,S
2021-06-24T09:26:42,1000.0,69.0,B
2021-06-24T09:26:41,200.0,68.9,S
2021-06-24T09:26:41,200.0,68.9,S
2021-06-24T09:26:40,1000.0,69.0,B
2021-06-24T09:26:37,1000.0,69.0,B
2021-06-24T09:26:35,1200.0,68.9,S
2021-06-24T09:26:32,1000.0,69.0,B
2021-06-24T09:26:31,200.0,68.9,S
2021-06-24T09:26:29,1000.0,69.0,B
2021-06-24T09:26:27,4000.0,68.9,S
2021-06-24T09:26:22,300.0,68.9,S
2021-06-24T09:26:18,200.0,68.9,S
2021-06-24T09:26:17,200.0,68.9,S
2021-06-24T09:26:14,5000.0,68.9,S
2021-06-24T09:26:13,400.0,68.9,S
2021-06-24T09:26:13,300.0,69.0,B
2021-06-24T09:26:08,1000.0,69.0,B
2021-06-24T09:26:07,30000.0,68.9,S
2021-06-24T09:26:03,5000.0,68.9,S
2021-06-24T09:26:01,1000.0,69.0,B
2021-06-24T09:25:58,1000.0,69.0,B
2021-06-24T09:25:53,1800.0,68.9,S
2021-06-24T09:25:53,1000.0,69.0,B
2021-06-24T09:25:51,2300.0,68.9,S
2021-06-24T09:25:49,15000.0,68.9,S
2021-06-24T09:25:47,400.0,68.9,S
2021-06-24T09:25:46,1000.0,69.0,B
2021-06-24T09:25:30,200.0,68.9,S
2021-06-24T09:25:29,1100.0,69.0,B
2021-06-24T09:25:26,1000.0,69.0,B
2021-06-24T09:25:19,200.0,68.9,S
2021-06-24T09:25:18,200.0,68.9,S
2021-06-24T09:25:07,100.0,68.9,S
2021-06-24T09:25:03,1000.0,69.0,B
2021-06-24T09:24:58,3000.0,68.9,S
2021-06-24T09:24:51,200.0,68.9,S
2021-06-24T09:24:51,200.0,68.9,S
2021-06-24T09:24:51,400.0,69.0,B
2021-06-24T09:24:49,1000.0,69.0,B
2021-06-24T09:24:48,1600.0,69.0,B
2021-06-24T09:24:47,1000.0,68.9,S
2021-06-24T09:24:46,100.0,69.0,B
2021-06-24T09:24:45,1000.0,69.0,B
2021-06-24T09:24:40,700.0,69.0,S
2021-06-24T09:24:40,2700.0,69.0,S
2021-06-24T09:24:40,2000.0,69.0,S
2021-06-24T09:24:40,33300.0,69.0,S
2021-06-24T09:24:40,5500.0,69.0,S
2021-06-24T09:24:40,23300.0,69.0,S
2021-06-24T09:24:40,800.0,69.0,S
2021-06-24T09:24:40,100.0,69.0,S
2021-06-24T09:24:40,900.0,69.0,S
2021-06-24T09:24:39,600.0,69.0,S
2021-06-24T09:24:39,300.0,69.0,S
2021-06-24T09:24:39,600.0,69.0,S
2021-06-24T09:24:39,1300.0,69.0,S
2021-06-24T09:24:39,100.0,69.0,S
2021-06-24T09:24:39,900.0,69.0,S
2021-06-24T09:24:39,22600.0,69.0,S
2021-06-24T09:24:37,1700.0,69.1,B
2021-06-24T09:24:37,100.0,69.1,B
2021-06-24T09:24:36,100.0,69.1,B
2021-06-24T09:24:36,1100.0,69.1,B
2021-06-24T09:24:35,1000.0,69.1,B
2021-06-24T09:24:28,500.0,69.1,B
2021-06-24T09:24:28,500.0,69.1,B
2021-06-24T09:24:28,200.0,69.1,B
2021-06-24T09:24:19,500.0,69.1,B
2021-06-24T09:24:19,300.0,69.1,B
2021-06-24T09:24:19,200.0,69.1,B
2021-06-24T09:24:08,300.0,69.1,B
2021-06-24T09:24:08,300.0,69.1,B
2021-06-24T09:24:08,700.0,69.1,B
2021-06-24T09:24:08,200.0,69.1,B
2021-06-24T09:24:03,200.0,69.1,B
2021-06-24T09:23:55,500.0,69.1,B
2021-06-24T09:23:52,300.0,69.0,S
2021-06-24T09:23:44,1000.0,69.1,B
2021-06-24T09:23:41,100.0,69.1,B
2021-06-24T09:23:35,100.0,69.0,S
2021-06-24T09:23:26,200.0,69.1,B
2021-06-24T09:23:17,2500.0,69.1,B
2021-06-24T09:23:10,1000.0,69.1,B
2021-06-24T09:23:09,300.0,69.0,S
2021-06-24T09:23:09,200.0,69.0,S
2021-06-24T09:23:08,200.0,69.0,S
2021-06-24T09:23:08,1100.0,69.0,S
2021-06-24T09:23:03,2000.0,69.0,S
2021-06-24T09:23:00,2300.0,69.0,S
2021-06-24T09:22:59,10000.0,69.0,S
2021-06-24T09:22:50,3000.0,69.0,S
2021-06-24T09:22:47,200.0,69.1,S
2021-06-24T09:22:39,100.0,69.1,S
2021-06-24T09:22:38,500.0,69.1,S
2021-06-24T09:22:36,100.0,69.1,S
2021-06-24T09:22:33,100.0,69.1,B
2021-06-24T09:22:33,1700.0,69.1,B
2021-06-24T09:22:33,400.0,69.1,B
2021-06-24T09:22:26,9000.0,69.1,B
2021-06-24T09:22:26,500.0,69.1,B
2021-06-24T09:22:21,500.0,69.1,B
2021-06-24T09:22:13,10000.0,69.0,S
2021-06-24T09:21:59,100.0,69.1,B
2021-06-24T09:21:55,200.0,69.1,B
2021-06-24T09:21:53,3000.0,69.0,S
2021-06-24T09:21:51,200.0,69.1,B
2021-06-24T09:21:51,3000.0,69.0,S
2021-06-24T09:21:45,300.0,69.1,B
2021-06-24T09:21:41,200.0,69.1,B
2021-06-24T09:21:33,2200.0,69.0,S
2021-06-24T09:21:23,300.0,69.1,B
2021-06-24T09:21:20,100.0,69.1,B
2021-06-24T09:21:12,400.0,69.1,B
2021-06-24T09:21:11,500.0,69.0,S
2021-06-24T09:21:02,100.0,69.0,S
2021-06-24T09:20:48,300.0,69.0,S
2021-06-24T09:20:48,100.0,69.1,B
2021-06-24T09:20:46,200.0,69.0,S
2021-06-24T09:20:46,200.0,69.1,B
2021-06-24T09:20:31,1000.0,69.0,S
2021-06-24T09:20:26,400.0,69.0,S
2021-06-24T09:20:14,100.0,69.0,S
2021-06-24T09:20:11,100.0,69.0,S
2021-06-24T09:20:08,500.0,69.0,S
2021-06-24T09:20:07,2300.0,69.0,S
2021-06-24T09:20:04,500.0,69.0,S
2021-06-24T09:19:59,700.0,69.0,B
2021-06-24T09:19:59,200.0,69.0,B
2021-06-24T09:19:57,100.0,69.0,B
2021-06-24T09:19:55,8700.0,69.0,B
2021-06-24T09:19:54,200.0,69.0,B
2021-06-24T09:19:54,300.0,69.0,B
2021-06-24T09:19:54,1500.0,69.0,B
2021-06-24T09:19:54,400.0,69.0,B
2021-06-24T09:19:54,100.0,69.0,B
2021-06-24T09:19:54,1000.0,69.0,B
2021-06-24T09:19:54,5400.0,69.0,B
2021-06-24T09:19:54,300.0,69.0,B
2021-06-24T09:19:54,700.0,69.0,B
2021-06-24T09:19:54,4100.0,69.0,B
2021-06-24T09:19:53,200.0,69.0,B
2021-06-24T09:19:51,1800.0,69.0,B
2021-06-24T09:19:51,100.0,69.0,B
2021-06-24T09:19:51,600.0,69.0,B
2021-06-24T09:19:51,500.0,69.0,B
2021-06-24T09:19:45,500.0,69.0,B
2021-06-24T09:19:44,100.0,69.0,B
2021-06-24T09:19:44,5100.0,69.0,B
2021-06-24T09:19:44,200.0,69.0,B
2021-06-24T09:19:42,3300.0,69.0,B
2021-06-24T09:19:42,200.0,69.0,B
2021-06-24T09:19:42,200.0,69.0,B
2021-06-24T09:19:39,500.0,69.0,B
2021-06-24T09:19:26,1100.0,69.0,B
2021-06-24T09:19:26,700.0,69.0,B
2021-06-24T09:19:26,700.0,69.0,B
2021-06-24T09:19:25,10000.0,69.0,B
2021-06-24T09:19:20,100.0,69.0,B
2021-06-24T09:19:17,1200.0,68.9,S
2021-06-24T09:19:12,800.0,69.0,B
2021-06-24T09:19:09,500.0,69.0,B
2021-06-24T09:19:08,2100.0,69.0,B
2021-06-24T09:19:05,5000.0,69.0,B
2021-06-24T09:19:01,100.0,69.0,B
2021-06-24T09:19:00,1000.0,69.0,B
2021-06-24T09:18:59,100.0,69.0,B
2021-06-24T09:18:58,200.0,69.0,B
2021-06-24T09:18:55,100.0,69.0,B
2021-06-24T09:18:52,1000.0,69.0,B
2021-06-24T09:18:49,1000.0,69.0,B
2021-06-24T09:18:47,3300.0,69.0,B
2021-06-24T09:18:47,200.0,69.0,B
2021-06-24T09:18:41,4000.0,68.9,S
2021-06-24T09:18:41,100.0,68.9,S
2021-06-24T09:18:41,10900.0,68.9,S
2021-06-24T09:18:38,500.0,69.0,B
2021-06-24T09:18:37,10000.0,69.0,B
2021-06-24T09:18:37,200.0,69.0,B
2021-06-24T09:18:28,5000.0,69.0,B
2021-06-24T09:18:26,500.0,69.0,B
2021-06-24T09:18:23,200.0,69.0,B
2021-06-24T09:18:20,2000.0,68.9,S
2021-06-24T09:18:19,1000.0,69.0,B
2021-06-24T09:18:16,3900.0,69.0,B
2021-06-24T09:18:14,800.0,69.0,B
2021-06-24T09:18:12,100.0,69.0,B
2021-06-24T09:18:10,200.0,69.0,B
2021-06-24T09:18:08,8300.0,69.0,B
2021-06-24T09:18:07,3000.0,69.0,B
2021-06-24T09:18:02,100.0,69.0,B
2021-06-24T09:18:02,300.0,69.0,B
2021-06-24T09:18:00,7300.0,69.0,B
2021-06-24T09:17:56,1500.0,69.0,B
2021-06-24T09:17:50,100.0,69.0,B
2021-06-24T09:17:46,700.0,69.0,B
2021-06-24T09:17:44,100.0,68.9,S
2021-06-24T09:17:43,200.0,69.0,B
2021-06-24T09:17:42,3000.0,69.0,B
2021-06-24T09:17:40,100.0,69.0,B
2021-06-24T09:17:39,100.0,69.0,B
2021-06-24T09:17:39,4300.0,69.0,B
2021-06-24T09:17:28,1000.0,69.0,B
2021-06-24T09:17:24,500.0,69.0,B
2021-06-24T09:17:19,10000.0,69.0,B
2021-06-24T09:17:19,2000.0,69.0,B
2021-06-24T09:17:18,3000.0,69.0,B
2021-06-24T09:17:12,4700.0,69.0,B
2021-06-24T09:17:11,500.0,69.0,B
2021-06-24T09:17:07,100.0,69.0,B
2021-06-24T09:17:03,1000.0,69.0,B
2021-06-24T09:16:56,200.0,69.0,B
2021-06-24T09:16:54,500.0,69.0,B
2021-06-24T09:16:52,100.0,68.9,S
2021-06-24T09:16:51,100.0,68.9,S
2021-06-24T09:16:51,2000.0,69.0,B
2021-06-24T09:16:50,500.0,69.0,B
2021-06-24T09:16:49,1000.0,69.0,B
2021-06-24T09:16:43,1000.0,69.0,B
2021-06-24T09:16:42,1000.0,69.0,B
2021-06-24T09:16:40,100.0,68.9,S
2021-06-24T09:16:34,5000.0,69.0,B
2021-06-24T09:16:34,200.0,69.0,B
2021-06-24T09:16:32,500.0,69.0,B
2021-06-24T09:16:30,100.0,68.8,S
2021-06-24T09:16:29,1700.0,69.0,B
2021-06-24T09:16:29,2600.0,68.9,B
2021-06-24T09:16:27,1000.0,68.9,B
2021-06-24T09:16:25,100.0,68.8,S
2021-06-24T09:16:20,500.0,68.9,B
2021-06-24T09:16:19,200.0,68.9,B
2021-06-24T09:16:19,1400.0,68.8,S
2021-06-24T09:16:19,100.0,68.8,S
2021-06-24T09:16:19,700.0,68.8,S
2021-06-24T09:16:15,200.0,68.9,S
2021-06-24T09:16:12,3500.0,68.9,S
2021-06-24T09:16:04,1800.0,69.0,B
2021-06-24T09:16:00,1400.0,69.0,B
2021-06-24T09:15:59,1000.0,69.0,B
2021-06-24T09:15:57,200.0,68.9,S
2021-06-24T09:15:54,500.0,68.9,S
2021-06-24T09:15:53,400.0,68.9,S
2021-06-24T09:15:47,100.0,68.9,S
2021-06-24T09:15:47,500.0,69.0,B
2021-06-24T09:15:45,500.0,69.0,B
2021-06-24T09:15:45,100.0,69.0,B
2021-06-24T09:15:41,12300.0,69.0,S
2021-06-24T09:15:41,5700.0,69.0,S
2021-06-24T09:15:41,1500.0,69.0,S
2021-06-24T09:15:41,7400.0,69.0,S
2021-06-24T09:15:41,9800.0,69.0,S
2021-06-24T09:15:41,2800.0,69.0,S
2021-06-24T09:15:41,100.0,69.0,S
2021-06-24T09:15:41,300.0,69.0,S
2021-06-24T09:15:41,61300.0,69.0,S
2021-06-24T09:15:30,4700.0,69.6,B
