tradingTime,volume,price,side
2021-06-24T14:30:01,1000.0,36.35,B
2021-06-24T14:28:43,2300.0,36.3,S
2021-06-24T14:27:56,200.0,36.3,S
2021-06-24T14:27:54,700.0,36.3,S
2021-06-24T14:27:15,700.0,36.3,S
2021-06-24T14:25:51,500.0,36.35,S
2021-06-24T14:25:51,1400.0,36.35,S
2021-06-24T14:24:54,200.0,36.35,S
2021-06-24T14:23:49,400.0,36.35,S
2021-06-24T14:23:25,500.0,36.35,S
2021-06-24T14:21:57,300.0,36.4,S
2021-06-24T14:21:11,1000.0,36.4,S
2021-06-24T14:20:55,4700.0,36.4,B
2021-06-24T14:20:49,3300.0,36.35,B
2021-06-24T14:20:49,2700.0,36.35,B
2021-06-24T14:20:48,6900.0,36.35,B
2021-06-24T14:19:10,100.0,36.35,B
2021-06-24T14:18:00,500.0,36.35,B
2021-06-24T14:17:39,1000.0,36.35,B
2021-06-24T14:15:24,400.0,36.25,S
2021-06-24T14:15:09,1000.0,36.35,B
2021-06-24T14:14:51,7700.0,36.25,S
2021-06-24T14:14:50,7300.0,36.3,S
2021-06-24T14:14:42,500.0,36.35,B
2021-06-24T14:14:20,300.0,36.35,B
2021-06-24T14:13:51,200.0,36.35,B
2021-06-24T14:12:53,900.0,36.25,S
2021-06-24T14:12:49,4000.0,36.25,S
2021-06-24T14:12:49,5000.0,36.25,S
2021-06-24T14:12:46,7900.0,36.35,B
2021-06-24T14:11:54,4500.0,36.25,S
2021-06-24T14:11:44,600.0,36.3,S
2021-06-24T14:11:44,100.0,36.3,S
2021-06-24T14:11:44,4600.0,36.3,S
2021-06-24T14:11:35,1600.0,36.3,S
2021-06-24T14:11:34,300.0,36.3,S
2021-06-24T14:11:34,2300.0,36.3,S
2021-06-24T14:11:34,600.0,36.3,S
2021-06-24T14:11:34,2000.0,36.3,S
2021-06-24T14:11:31,5000.0,36.3,S
2021-06-24T14:11:10,400.0,36.3,S
2021-06-24T14:10:30,1000.0,36.3,S
2021-06-24T14:10:19,100.0,36.35,S
2021-06-24T14:10:00,300.0,36.35,S
2021-06-24T14:09:38,3800.0,36.35,S
2021-06-24T14:09:33,100.0,36.35,S
2021-06-24T14:09:31,400.0,36.35,S
2021-06-24T14:09:00,5000.0,36.35,S
2021-06-24T14:07:59,400.0,36.35,S
2021-06-24T14:07:52,600.0,36.4,B
2021-06-24T14:07:25,500.0,36.4,B
2021-06-24T14:07:21,100.0,36.4,B
2021-06-24T14:07:08,100.0,36.35,S
2021-06-24T14:06:57,500.0,36.4,B
2021-06-24T14:04:09,2100.0,36.4,S
2021-06-24T14:04:03,900.0,36.45,B
2021-06-24T14:03:54,5000.0,36.4,S
2021-06-24T14:00:41,200.0,36.45,S
2021-06-24T14:00:41,2700.0,36.45,S
2021-06-24T13:59:26,1000.0,36.45,S
2021-06-24T13:59:14,1000.0,36.45,S
2021-06-24T13:58:58,400.0,36.45,S
2021-06-24T13:58:58,200.0,36.45,S
2021-06-24T13:57:49,200.0,36.45,S
2021-06-24T13:56:22,1000.0,36.45,S
2021-06-24T13:55:39,1000.0,36.45,S
2021-06-24T13:55:02,300.0,36.45,S
2021-06-24T13:54:44,5000.0,36.45,S
2021-06-24T13:53:15,100.0,36.45,S
2021-06-24T13:51:25,400.0,36.45,S
2021-06-24T13:50:38,1000.0,36.45,S
2021-06-24T13:49:49,100.0,36.45,S
2021-06-24T13:46:49,200.0,36.45,S
2021-06-24T13:43:17,800.0,36.45,B
2021-06-24T13:43:04,3000.0,36.45,B
2021-06-24T13:42:36,100.0,36.45,B
2021-06-24T13:42:27,1000.0,36.45,B
2021-06-24T13:41:53,100.0,36.45,B
2021-06-24T13:41:53,9900.0,36.45,B
2021-06-24T13:41:48,1000.0,36.4,S
2021-06-24T13:41:46,5000.0,36.4,S
2021-06-24T13:40:25,1000.0,36.45,B
2021-06-24T13:40:22,100.0,36.45,B
2021-06-24T13:40:17,300.0,36.4,S
2021-06-24T13:40:10,1000.0,36.45,B
2021-06-24T13:38:16,100.0,36.4,S
2021-06-24T13:37:04,400.0,36.4,S
2021-06-24T13:36:41,100.0,36.4,S
2021-06-24T13:31:50,1000.0,36.35,S
2021-06-24T13:31:30,100.0,36.35,S
2021-06-24T13:29:56,2000.0,36.35,S
2021-06-24T13:29:00,800.0,36.35,S
2021-06-24T13:29:00,200.0,36.35,S
2021-06-24T13:27:50,600.0,36.35,S
2021-06-24T13:25:09,1700.0,36.35,S
2021-06-24T13:24:17,200.0,36.35,S
2021-06-24T13:22:22,700.0,36.45,B
2021-06-24T13:20:42,2000.0,36.45,B
2021-06-24T13:19:58,200.0,36.4,B
2021-06-24T13:18:59,1000.0,36.4,B
2021-06-24T13:17:13,800.0,36.4,S
2021-06-24T13:17:13,600.0,36.4,S
2021-06-24T13:16:30,300.0,36.4,S
2021-06-24T13:12:17,2600.0,36.45,B
2021-06-24T13:11:53,500.0,36.45,B
2021-06-24T13:08:44,300.0,36.4,S
2021-06-24T13:08:17,200.0,36.4,S
2021-06-24T13:05:43,5000.0,36.4,B
2021-06-24T13:05:29,100.0,36.3,S
2021-06-24T13:04:31,1000.0,36.3,S
2021-06-24T13:02:08,100.0,36.3,S
2021-06-24T13:00:18,200.0,36.35,S
2021-06-24T13:00:16,300.0,36.35,S
2021-06-24T13:00:16,2200.0,36.35,S
2021-06-24T13:00:10,200.0,36.35,S
2021-06-24T11:26:57,100.0,36.35,S
2021-06-24T11:25:55,4000.0,36.35,S
2021-06-24T11:21:22,3000.0,36.35,S
2021-06-24T11:20:58,5200.0,36.35,B
2021-06-24T11:19:56,1500.0,36.3,S
2021-06-24T11:19:20,2000.0,36.3,S
2021-06-24T11:18:13,1000.0,36.3,S
2021-06-24T11:18:07,1000.0,36.35,B
2021-06-24T11:16:02,500.0,36.3,S
2021-06-24T11:13:22,2000.0,36.3,S
2021-06-24T11:13:02,200.0,36.35,B
2021-06-24T11:11:16,800.0,36.3,S
2021-06-24T11:10:38,1700.0,36.3,S
2021-06-24T11:10:36,3500.0,36.3,B
2021-06-24T11:10:36,5000.0,36.3,B
2021-06-24T11:10:26,10000.0,36.3,B
2021-06-24T11:09:16,2000.0,36.25,S
2021-06-24T11:07:21,200.0,36.25,S
2021-06-24T11:05:34,2000.0,36.25,S
2021-06-24T11:04:39,500.0,36.25,S
2021-06-24T11:04:11,100.0,36.25,S
2021-06-24T11:04:09,400.0,36.25,S
2021-06-24T11:03:58,100.0,36.25,S
2021-06-24T11:02:20,4000.0,36.2,S
2021-06-24T11:02:12,100.0,36.2,S
2021-06-24T11:01:48,10000.0,36.2,S
2021-06-24T11:01:18,6000.0,36.2,S
2021-06-24T11:00:00,16100.0,36.15,S
2021-06-24T11:00:00,1100.0,36.2,S
2021-06-24T11:00:00,2800.0,36.2,S
2021-06-24T10:59:46,2000.0,36.2,S
2021-06-24T10:59:46,20500.0,36.2,S
2021-06-24T10:59:46,2100.0,36.3,S
2021-06-24T10:59:46,3200.0,36.3,S
2021-06-24T10:59:46,2200.0,36.3,S
2021-06-24T10:59:01,4200.0,36.35,B
2021-06-24T10:59:01,400.0,36.35,B
2021-06-24T10:59:01,1100.0,36.35,B
2021-06-24T10:59:01,800.0,36.4,B
2021-06-24T10:59:01,6200.0,36.4,B
2021-06-24T10:57:19,500.0,36.4,S
2021-06-24T10:56:54,1100.0,36.4,S
2021-06-24T10:56:53,500.0,36.4,S
2021-06-24T10:56:05,300.0,36.4,S
2021-06-24T10:55:36,1600.0,36.4,S
2021-06-24T10:55:36,1300.0,36.4,S
2021-06-24T10:55:36,500.0,36.4,S
2021-06-24T10:55:36,1300.0,36.4,S
2021-06-24T10:55:36,200.0,36.4,S
2021-06-24T10:55:36,2200.0,36.4,S
2021-06-24T10:55:36,2900.0,36.4,S
2021-06-24T10:54:32,500.0,36.4,S
2021-06-24T10:54:32,1100.0,36.4,S
2021-06-24T10:54:32,1200.0,36.4,S
2021-06-24T10:54:32,2000.0,36.4,S
2021-06-24T10:54:32,200.0,36.4,S
2021-06-24T10:54:23,3000.0,36.4,S
2021-06-24T10:54:10,500.0,36.45,B
2021-06-24T10:52:56,200.0,36.4,S
2021-06-24T10:52:48,200.0,36.4,S
2021-06-24T10:52:29,200.0,36.4,S
2021-06-24T10:52:00,100.0,36.4,S
2021-06-24T10:50:33,600.0,36.4,S
2021-06-24T10:50:29,1100.0,36.4,S
2021-06-24T10:50:20,100.0,36.4,S
2021-06-24T10:49:50,300.0,36.4,S
2021-06-24T10:48:39,500.0,36.4,S
2021-06-24T10:48:27,2000.0,36.4,S
2021-06-24T10:47:55,1300.0,36.45,S
2021-06-24T10:47:55,1000.0,36.45,S
2021-06-24T10:47:55,3400.0,36.45,S
2021-06-24T10:47:55,1000.0,36.45,S
2021-06-24T10:47:55,1700.0,36.45,S
2021-06-24T10:47:55,1300.0,36.45,S
2021-06-24T10:47:48,3000.0,36.45,S
2021-06-24T10:47:12,100.0,36.5,B
2021-06-24T10:47:02,200.0,36.45,S
2021-06-24T10:46:32,2500.0,36.45,S
2021-06-24T10:46:01,6000.0,36.45,S
2021-06-24T10:43:00,100.0,36.5,B
2021-06-24T10:42:42,200.0,36.45,S
2021-06-24T10:41:26,100.0,36.5,B
2021-06-24T10:41:12,700.0,36.45,S
2021-06-24T10:41:12,3300.0,36.45,S
2021-06-24T10:32:59,1100.0,36.45,S
2021-06-24T10:32:59,5900.0,36.5,S
2021-06-24T10:32:40,100.0,36.55,S
2021-06-24T10:29:40,500.0,36.55,S
2021-06-24T10:28:29,200.0,36.55,S
2021-06-24T10:27:51,100.0,36.55,S
2021-06-24T10:25:48,500.0,36.55,S
2021-06-24T10:25:29,200.0,36.55,S
2021-06-24T10:24:25,2000.0,36.55,B
2021-06-24T10:23:43,1000.0,36.55,B
2021-06-24T10:23:42,1000.0,36.55,B
2021-06-24T10:23:27,200.0,36.55,B
2021-06-24T10:22:24,1000.0,36.55,B
2021-06-24T10:21:31,4000.0,36.5,S
2021-06-24T10:15:31,500.0,36.5,S
2021-06-24T10:15:11,700.0,36.5,S
2021-06-24T10:14:22,500.0,36.5,S
2021-06-24T10:13:55,200.0,36.5,S
2021-06-24T10:12:45,500.0,36.5,S
2021-06-24T10:12:23,100.0,36.5,S
2021-06-24T10:11:24,3000.0,36.5,B
2021-06-24T10:11:23,1000.0,36.5,B
2021-06-24T10:11:13,8000.0,36.5,B
2021-06-24T10:11:13,500.0,36.5,B
2021-06-24T10:10:27,2000.0,36.5,B
2021-06-24T10:09:32,300.0,36.5,B
2021-06-24T10:09:04,2600.0,36.5,B
2021-06-24T10:08:50,200.0,36.5,B
2021-06-24T10:08:02,55000.0,36.5,B
2021-06-24T10:07:46,100.0,36.5,B
2021-06-24T10:06:33,5900.0,36.5,S
2021-06-24T10:06:23,200.0,36.5,S
2021-06-24T10:06:23,100.0,36.5,S
2021-06-24T10:06:16,1900.0,36.5,S
2021-06-24T10:04:49,500.0,36.5,S
2021-06-24T10:03:38,100.0,36.55,B
2021-06-24T10:03:24,100.0,36.55,B
2021-06-24T10:02:08,200.0,36.55,B
2021-06-24T10:01:34,500.0,36.5,S
2021-06-24T10:01:09,2500.0,36.5,S
2021-06-24T10:00:46,100.0,36.55,B
2021-06-24T10:00:19,400.0,36.55,S
2021-06-24T10:00:00,500.0,36.55,S
2021-06-24T09:59:39,100.0,36.55,S
2021-06-24T09:59:23,700.0,36.55,S
2021-06-24T09:58:51,1000.0,36.55,S
2021-06-24T09:58:33,700.0,36.6,B
2021-06-24T09:58:19,1000.0,36.55,S
2021-06-24T09:57:48,500.0,36.6,B
2021-06-24T09:57:05,100.0,36.6,B
2021-06-24T09:56:59,300.0,36.5,S
2021-06-24T09:56:43,100.0,36.5,S
2021-06-24T09:55:48,1000.0,36.5,S
2021-06-24T09:55:43,600.0,36.5,S
2021-06-24T09:54:54,1000.0,36.5,S
2021-06-24T09:54:36,100.0,36.5,S
2021-06-24T09:53:47,1000.0,36.5,S
2021-06-24T09:52:59,300.0,36.5,S
2021-06-24T09:52:28,1000.0,36.5,S
2021-06-24T09:51:32,1500.0,36.5,S
2021-06-24T09:51:31,500.0,36.5,S
2021-06-24T09:51:18,600.0,36.6,B
2021-06-24T09:50:43,200.0,36.5,S
2021-06-24T09:50:36,200.0,36.5,B
2021-06-24T09:50:06,2600.0,36.5,B
2021-06-24T09:50:06,3400.0,36.5,B
2021-06-24T09:49:53,200.0,36.5,B
2021-06-24T09:49:38,1000.0,36.5,B
2021-06-24T09:49:01,500.0,36.5,B
2021-06-24T09:48:48,1000.0,36.5,B
2021-06-24T09:47:59,400.0,36.5,B
2021-06-24T09:46:46,100.0,36.5,B
2021-06-24T09:46:20,100.0,36.5,B
2021-06-24T09:45:53,200.0,36.5,B
2021-06-24T09:45:25,500.0,36.5,B
2021-06-24T09:45:23,500.0,36.5,B
2021-06-24T09:45:18,1000.0,36.5,B
2021-06-24T09:45:08,1000.0,36.5,S
2021-06-24T09:45:08,500.0,36.5,S
2021-06-24T09:44:58,5000.0,36.6,B
2021-06-24T09:44:22,1500.0,36.5,B
2021-06-24T09:44:03,100.0,36.5,B
2021-06-24T09:43:58,500.0,36.5,B
2021-06-24T09:43:46,100.0,36.5,B
2021-06-24T09:43:27,700.0,36.5,B
2021-06-24T09:43:27,1000.0,36.5,B
2021-06-24T09:41:33,100.0,36.45,S
2021-06-24T09:41:12,500.0,36.45,S
2021-06-24T09:40:25,100.0,36.45,S
2021-06-24T09:39:39,600.0,36.45,S
2021-06-24T09:39:30,100.0,36.45,S
2021-06-24T09:39:15,2800.0,36.45,S
2021-06-24T09:39:15,1200.0,36.45,S
2021-06-24T09:38:25,100.0,36.45,S
2021-06-24T09:37:34,200.0,36.45,S
2021-06-24T09:37:31,200.0,36.5,B
2021-06-24T09:36:59,6000.0,36.4,S
2021-06-24T09:36:59,1500.0,36.4,S
2021-06-24T09:36:59,3500.0,36.45,S
2021-06-24T09:36:31,200.0,36.5,B
2021-06-24T09:36:24,500.0,36.5,B
2021-06-24T09:35:19,100.0,36.5,B
2021-06-24T09:34:34,200.0,36.45,S
2021-06-24T09:34:29,100.0,36.45,S
2021-06-24T09:33:58,500.0,36.45,B
2021-06-24T09:33:44,8800.0,36.5,B
2021-06-24T09:33:12,100.0,36.45,B
2021-06-24T09:32:48,1000.0,36.45,B
2021-06-24T09:32:42,400.0,36.45,B
2021-06-24T09:32:18,1300.0,36.45,S
2021-06-24T09:31:42,300.0,36.5,B
2021-06-24T09:31:04,700.0,36.45,S
2021-06-24T09:30:53,2600.0,36.45,S
2021-06-24T09:30:48,300.0,36.45,S
2021-06-24T09:30:31,200.0,36.45,S
2021-06-24T09:30:24,100.0,36.45,S
2021-06-24T09:30:14,200.0,36.45,S
2021-06-24T09:30:09,500.0,36.45,S
2021-06-24T09:30:09,700.0,36.45,S
2021-06-24T09:30:09,600.0,36.45,S
2021-06-24T09:30:09,1600.0,36.45,S
2021-06-24T09:30:01,900.0,36.45,S
2021-06-24T09:29:53,500.0,36.45,S
2021-06-24T09:29:39,2000.0,36.45,S
2021-06-24T09:29:36,500.0,36.45,S
2021-06-24T09:29:31,3400.0,36.45,S
2021-06-24T09:29:14,5000.0,36.45,S
2021-06-24T09:29:12,500.0,36.45,S
2021-06-24T09:28:31,600.0,36.45,S
2021-06-24T09:28:29,200.0,36.5,B
2021-06-24T09:28:11,100.0,36.5,B
2021-06-24T09:28:08,300.0,36.5,B
2021-06-24T09:27:18,200.0,36.5,S
2021-06-24T09:27:18,200.0,36.5,S
2021-06-24T09:27:18,3800.0,36.5,S
2021-06-24T09:27:18,2700.0,36.5,S
2021-06-24T09:27:18,20600.0,36.5,S
2021-06-24T09:27:03,2000.0,36.6,B
2021-06-24T09:26:52,200.0,36.6,B
2021-06-24T09:26:33,1300.0,36.6,S
2021-06-24T09:26:27,2400.0,36.6,S
2021-06-24T09:26:27,200.0,36.6,S
2021-06-24T09:26:26,400.0,36.6,S
2021-06-24T09:26:09,500.0,36.65,S
2021-06-24T09:26:01,1000.0,36.6,S
2021-06-24T09:25:47,400.0,36.65,S
2021-06-24T09:25:47,600.0,36.65,S
2021-06-24T09:25:24,500.0,36.65,S
2021-06-24T09:25:20,700.0,36.65,S
2021-06-24T09:25:20,300.0,36.65,S
2021-06-24T09:25:19,800.0,36.65,S
2021-06-24T09:24:45,400.0,36.65,S
2021-06-24T09:23:58,100.0,36.65,S
2021-06-24T09:23:12,600.0,36.65,S
2021-06-24T09:23:11,300.0,36.7,S
2021-06-24T09:23:11,500.0,36.8,B
2021-06-24T09:22:38,2000.0,36.7,S
2021-06-24T09:21:31,100.0,36.8,B
2021-06-24T09:21:17,100.0,36.8,B
2021-06-24T09:21:01,300.0,36.7,S
2021-06-24T09:20:59,200.0,36.7,S
2021-06-24T09:20:59,2100.0,36.7,S
2021-06-24T09:20:59,2700.0,36.7,S
2021-06-24T09:20:11,2300.0,36.7,B
2021-06-24T09:20:11,200.0,36.7,B
2021-06-24T09:20:02,200.0,36.7,B
2021-06-24T09:19:57,1000.0,36.7,B
2021-06-24T09:19:49,1900.0,36.7,B
2021-06-24T09:19:41,1000.0,36.7,B
2021-06-24T09:19:18,1000.0,36.7,B
2021-06-24T09:19:09,300.0,36.65,S
2021-06-24T09:19:03,500.0,36.7,B
2021-06-24T09:18:17,100.0,36.65,B
2021-06-24T09:17:21,700.0,36.5,S
2021-06-24T09:16:53,500.0,36.5,S
2021-06-24T09:16:33,3000.0,36.5,S
2021-06-24T09:16:33,200.0,36.5,S
2021-06-24T09:16:20,100.0,36.55,S
2021-06-24T09:16:09,500.0,36.65,S
2021-06-24T09:15:28,1000.0,36.7,B
