tradingTime,volume,price,side
2021-07-05T10:45:29,300.0,36.1,B
2021-07-05T10:45:28,3000.0,36.05,S
2021-07-05T10:45:28,500.0,36.05,S
2021-07-05T10:45:28,500.0,36.1,B
2021-07-05T10:45:27,800.0,36.05,S
2021-07-05T10:45:24,200.0,36.05,S
2021-07-05T10:45:24,900.0,36.05,S
2021-07-05T10:45:24,300.0,36.05,S
2021-07-05T10:45:24,1700.0,36.05,S
2021-07-05T10:45:24,2900.0,36.1,S
2021-07-05T10:45:24,1000.0,36.1,S
2021-07-05T10:45:23,300.0,36.1,S
2021-07-05T10:45:23,300.0,36.1,S
2021-07-05T10:45:21,1000.0,36.1,S
2021-07-05T10:45:21,200.0,36.1,S
2021-07-05T10:45:19,1400.0,36.1,S
2021-07-05T10:45:19,100.0,36.1,S
2021-07-05T10:45:19,100.0,36.1,S
2021-07-05T10:45:19,100.0,36.1,S
2021-07-05T10:45:18,500.0,36.1,S
2021-07-05T10:45:15,2000.0,36.1,S
2021-07-05T10:45:15,700.0,36.1,S
2021-07-05T10:45:11,400.0,36.1,S
2021-07-05T10:45:11,1000.0,36.1,S
2021-07-05T10:45:11,200.0,36.1,S
2021-07-05T10:45:10,800.0,36.1,S
2021-07-05T10:45:09,100.0,36.15,B
2021-07-05T10:45:07,200.0,36.1,S
2021-07-05T10:45:04,6500.0,36.1,S
2021-07-05T10:45:02,5000.0,36.1,S
2021-07-05T10:44:56,2000.0,36.1,S
2021-07-05T10:44:56,200.0,36.1,S
2021-07-05T10:44:56,500.0,36.1,S
2021-07-05T10:44:56,600.0,36.1,S
2021-07-05T10:44:56,400.0,36.1,S
2021-07-05T10:44:56,1000.0,36.1,S
2021-07-05T10:44:56,400.0,36.1,S
2021-07-05T10:44:56,200.0,36.15,B
2021-07-05T10:44:55,200.0,36.1,S
2021-07-05T10:44:54,1500.0,36.1,S
2021-07-05T10:44:54,500.0,36.1,S
2021-07-05T10:44:52,1000.0,36.1,S
2021-07-05T10:44:46,500.0,36.1,S
2021-07-05T10:44:46,200.0,36.1,S
2021-07-05T10:44:43,500.0,36.1,S
2021-07-05T10:44:43,3000.0,36.1,S
2021-07-05T10:44:43,39900.0,36.1,S
2021-07-05T10:44:43,100.0,36.1,S
2021-07-05T10:44:43,1600.0,36.1,S
2021-07-05T10:44:43,400.0,36.1,S
2021-07-05T10:44:43,300.0,36.1,S
2021-07-05T10:44:43,2000.0,36.1,S
2021-07-05T10:44:43,15800.0,36.1,S
2021-07-05T10:44:43,4700.0,36.1,S
2021-07-05T10:44:43,5300.0,36.1,S
2021-07-05T10:44:43,6900.0,36.1,S
2021-07-05T10:44:41,500.0,36.1,S
2021-07-05T10:44:38,1300.0,36.15,B
2021-07-05T10:44:38,700.0,36.15,B
2021-07-05T10:44:38,400.0,36.1,S
2021-07-05T10:44:38,2000.0,36.1,S
2021-07-05T10:44:37,300.0,36.1,S
2021-07-05T10:44:34,2000.0,36.1,S
2021-07-05T10:44:29,100.0,36.1,S
2021-07-05T10:44:27,3000.0,36.1,S
2021-07-05T10:44:26,100.0,36.1,S
2021-07-05T10:44:23,1000.0,36.1,S
2021-07-05T10:44:23,500.0,36.1,S
2021-07-05T10:44:21,300.0,36.1,S
2021-07-05T10:44:20,2000.0,36.1,S
2021-07-05T10:44:16,10000.0,36.1,S
2021-07-05T10:44:15,400.0,36.1,S
2021-07-05T10:44:11,1000.0,36.1,S
2021-07-05T10:44:10,13600.0,36.1,S
2021-07-05T10:44:10,2000.0,36.1,S
2021-07-05T10:44:10,200.0,36.1,S
2021-07-05T10:44:10,4200.0,36.1,S
2021-07-05T10:44:09,500.0,36.1,S
2021-07-05T10:44:07,500.0,36.1,S
2021-07-05T10:44:05,100.0,36.1,S
2021-07-05T10:44:03,2000.0,36.1,S
2021-07-05T10:44:00,1000.0,36.1,S
2021-07-05T10:43:58,1000.0,36.1,S
2021-07-05T10:43:58,4000.0,36.1,S
2021-07-05T10:43:58,4000.0,36.1,S
2021-07-05T10:43:55,3000.0,36.1,S
2021-07-05T10:43:49,3000.0,36.1,S
2021-07-05T10:43:41,100.0,36.1,S
2021-07-05T10:43:38,100.0,36.15,B
2021-07-05T10:43:35,1000.0,36.15,B
2021-07-05T10:43:32,500.0,36.15,B
2021-07-05T10:43:23,6300.0,36.15,B
2021-07-05T10:43:22,5000.0,36.1,S
2021-07-05T10:43:08,100.0,36.15,B
2021-07-05T10:43:08,500.0,36.15,S
2021-07-05T10:43:07,2000.0,36.2,B
2021-07-05T10:43:05,500.0,36.15,S
2021-07-05T10:43:03,500.0,36.15,S
2021-07-05T10:43:03,3000.0,36.15,S
2021-07-05T10:43:02,500.0,36.15,S
2021-07-05T10:43:00,300.0,36.2,B
2021-07-05T10:43:00,10000.0,36.15,S
2021-07-05T10:42:59,3000.0,36.15,S
2021-07-05T10:42:57,23000.0,36.15,S
2021-07-05T10:42:53,900.0,36.15,S
2021-07-05T10:42:53,300.0,36.15,S
2021-07-05T10:42:48,1000.0,36.15,S
2021-07-05T10:42:48,100.0,36.15,S
2021-07-05T10:42:42,2000.0,36.15,S
2021-07-05T10:42:42,100.0,36.15,S
2021-07-05T10:42:34,500.0,36.15,S
2021-07-05T10:42:32,5900.0,36.15,B
2021-07-05T10:42:31,2000.0,36.15,B
2021-07-05T10:42:25,1000.0,36.15,B
2021-07-05T10:42:25,5000.0,36.15,B
2021-07-05T10:42:23,200.0,36.15,B
2021-07-05T10:42:21,7000.0,36.1,S
2021-07-05T10:42:19,100.0,36.1,S
2021-07-05T10:42:19,5000.0,36.2,B
2021-07-05T10:42:17,200.0,36.15,B
2021-07-05T10:42:15,400.0,36.15,S
2021-07-05T10:42:15,200.0,36.15,S
2021-07-05T10:42:15,500.0,36.15,S
2021-07-05T10:42:15,700.0,36.15,S
2021-07-05T10:42:15,800.0,36.15,S
2021-07-05T10:42:15,1500.0,36.15,S
2021-07-05T10:42:15,7000.0,36.15,S
2021-07-05T10:42:04,100.0,36.2,B
2021-07-05T10:42:04,100.0,36.2,B
2021-07-05T10:42:03,100.0,36.2,B
2021-07-05T10:42:02,400.0,36.15,S
2021-07-05T10:41:59,300.0,36.2,B
2021-07-05T10:41:59,100.0,36.15,S
2021-07-05T10:41:55,2500.0,36.15,S
2021-07-05T10:41:55,5000.0,36.15,S
2021-07-05T10:41:49,5800.0,36.2,B
2021-07-05T10:41:44,100.0,36.2,B
2021-07-05T10:41:25,100.0,36.2,B
2021-07-05T10:41:23,200.0,36.2,B
2021-07-05T10:41:18,300.0,36.2,B
2021-07-05T10:41:16,800.0,36.2,B
2021-07-05T10:41:13,100.0,36.2,B
2021-07-05T10:41:13,2100.0,36.15,S
2021-07-05T10:41:09,300.0,36.2,B
2021-07-05T10:41:08,200.0,36.2,B
2021-07-05T10:41:04,300.0,36.2,B
2021-07-05T10:40:59,1000.0,36.2,B
2021-07-05T10:40:58,100.0,36.2,B
2021-07-05T10:40:56,2900.0,36.2,B
2021-07-05T10:40:51,9200.0,36.15,S
2021-07-05T10:40:50,1000.0,36.15,S
2021-07-05T10:40:41,100.0,36.15,S
2021-07-05T10:40:40,5000.0,36.2,B
2021-07-05T10:40:38,500.0,36.15,S
2021-07-05T10:40:38,2000.0,36.2,B
2021-07-05T10:40:34,500.0,36.2,B
2021-07-05T10:40:31,400.0,36.2,B
2021-07-05T10:40:30,1000.0,36.15,S
2021-07-05T10:40:25,2000.0,36.25,B
2021-07-05T10:40:25,6400.0,36.15,S
2021-07-05T10:40:25,1500.0,36.15,S
2021-07-05T10:40:25,200.0,36.15,S
2021-07-05T10:40:25,2800.0,36.2,S
2021-07-05T10:40:25,100.0,36.2,S
2021-07-05T10:40:25,700.0,36.2,S
2021-07-05T10:40:25,100.0,36.2,S
2021-07-05T10:40:25,6200.0,36.2,S
2021-07-05T10:40:25,2000.0,36.2,S
2021-07-05T10:40:16,1500.0,36.2,S
2021-07-05T10:40:15,700.0,36.2,S
2021-07-05T10:40:15,1000.0,36.2,S
2021-07-05T10:40:14,1000.0,36.2,S
2021-07-05T10:40:12,1000.0,36.2,S
2021-07-05T10:40:11,100.0,36.2,S
2021-07-05T10:40:10,4000.0,36.2,S
2021-07-05T10:40:08,1000.0,36.2,S
2021-07-05T10:40:04,500.0,36.2,S
2021-07-05T10:40:04,200.0,36.2,S
2021-07-05T10:40:04,700.0,36.25,B
2021-07-05T10:40:03,500.0,36.2,S
2021-07-05T10:39:59,6000.0,36.2,S
2021-07-05T10:39:58,1900.0,36.2,S
2021-07-05T10:39:58,200.0,36.2,S
2021-07-05T10:39:58,6000.0,36.2,S
2021-07-05T10:39:58,200.0,36.2,S
2021-07-05T10:39:58,700.0,36.2,S
2021-07-05T10:39:58,4100.0,36.2,S
2021-07-05T10:39:58,1100.0,36.2,S
2021-07-05T10:39:58,200.0,36.2,S
2021-07-05T10:39:58,400.0,36.2,S
2021-07-05T10:39:58,100.0,36.2,S
2021-07-05T10:39:58,3300.0,36.2,S
2021-07-05T10:39:58,500.0,36.2,S
2021-07-05T10:39:58,1500.0,36.2,S
2021-07-05T10:39:58,2300.0,36.2,S
2021-07-05T10:39:58,400.0,36.2,S
2021-07-05T10:39:58,300.0,36.2,S
2021-07-05T10:39:58,1100.0,36.2,S
2021-07-05T10:39:58,5200.0,36.2,S
2021-07-05T10:39:58,500.0,36.2,S
2021-07-05T10:39:57,400.0,36.2,S
2021-07-05T10:39:57,100.0,36.2,S
2021-07-05T10:39:56,100.0,36.2,S
2021-07-05T10:39:53,40000.0,36.25,B
2021-07-05T10:39:45,1200.0,36.2,S
2021-07-05T10:39:45,200.0,36.2,S
2021-07-05T10:39:44,200.0,36.2,S
2021-07-05T10:39:43,15000.0,36.2,S
2021-07-05T10:39:40,500.0,36.2,S
2021-07-05T10:39:38,500.0,36.2,S
2021-07-05T10:39:35,500.0,36.25,B
2021-07-05T10:39:34,2500.0,36.2,S
2021-07-05T10:39:32,300.0,36.2,S
2021-07-05T10:39:31,500.0,36.2,S
2021-07-05T10:39:20,300.0,36.2,S
2021-07-05T10:39:19,200.0,36.25,B
2021-07-05T10:39:16,100.0,36.25,B
2021-07-05T10:39:10,400.0,36.2,S
2021-07-05T10:39:10,100.0,36.2,S
2021-07-05T10:39:04,100.0,36.2,S
2021-07-05T10:39:03,200.0,36.25,S
2021-07-05T10:39:03,100.0,36.25,S
2021-07-05T10:39:03,1100.0,36.25,S
2021-07-05T10:39:03,2000.0,36.25,S
2021-07-05T10:39:03,100.0,36.25,S
2021-07-05T10:39:03,400.0,36.25,S
2021-07-05T10:39:03,600.0,36.25,S
2021-07-05T10:39:03,100.0,36.25,S
2021-07-05T10:39:03,2200.0,36.25,S
2021-07-05T10:39:03,3600.0,36.25,S
2021-07-05T10:39:03,1000.0,36.25,S
2021-07-05T10:39:03,2300.0,36.25,S
2021-07-05T10:39:03,800.0,36.25,S
2021-07-05T10:39:03,1100.0,36.25,S
2021-07-05T10:39:03,6800.0,36.25,S
2021-07-05T10:39:03,200.0,36.25,S
2021-07-05T10:39:03,100.0,36.25,S
2021-07-05T10:39:03,1000.0,36.25,S
2021-07-05T10:39:03,400.0,36.25,S
2021-07-05T10:39:03,2000.0,36.25,S
2021-07-05T10:39:03,2400.0,36.25,S
2021-07-05T10:39:03,900.0,36.3,S
2021-07-05T10:39:03,500.0,36.3,S
2021-07-05T10:39:03,1800.0,36.3,S
2021-07-05T10:39:03,700.0,36.3,S
2021-07-05T10:39:03,500.0,36.3,S
2021-07-05T10:39:03,2300.0,36.3,S
2021-07-05T10:39:03,4700.0,36.3,S
2021-07-05T10:39:03,1500.0,36.3,S
2021-07-05T10:39:03,14300.0,36.3,S
2021-07-05T10:39:03,400.0,36.3,S
2021-07-05T10:39:03,1900.0,36.3,S
2021-07-05T10:39:02,3000.0,36.3,S
2021-07-05T10:39:01,500.0,36.3,S
2021-07-05T10:38:54,200.0,36.3,S
2021-07-05T10:38:54,700.0,36.3,S
2021-07-05T10:38:54,800.0,36.3,S
2021-07-05T10:38:54,2600.0,36.3,S
2021-07-05T10:38:54,400.0,36.3,S
2021-07-05T10:38:54,5300.0,36.3,S
2021-07-05T10:38:54,100.0,36.35,B
2021-07-05T10:38:51,200.0,36.3,S
2021-07-05T10:38:46,7000.0,36.3,S
2021-07-05T10:38:44,1000.0,36.3,S
2021-07-05T10:38:43,600.0,36.3,S
2021-07-05T10:38:42,6200.0,36.3,S
2021-07-05T10:38:41,300.0,36.3,S
2021-07-05T10:38:40,3700.0,36.3,S
2021-07-05T10:38:40,2300.0,36.3,S
2021-07-05T10:38:40,1000.0,36.3,S
2021-07-05T10:38:40,2600.0,36.3,S
2021-07-05T10:38:40,1000.0,36.3,S
2021-07-05T10:38:40,700.0,36.3,S
2021-07-05T10:38:40,1300.0,36.3,S
2021-07-05T10:38:40,1500.0,36.3,S
2021-07-05T10:38:40,500.0,36.3,S
2021-07-05T10:38:40,400.0,36.3,S
2021-07-05T10:38:36,400.0,36.3,S
2021-07-05T10:38:36,300.0,36.3,S
2021-07-05T10:38:36,3400.0,36.3,S
2021-07-05T10:38:36,400.0,36.3,S
2021-07-05T10:38:34,1700.0,36.3,S
2021-07-05T10:38:34,900.0,36.3,S
2021-07-05T10:38:34,2000.0,36.3,S
2021-07-05T10:38:34,2400.0,36.3,S
2021-07-05T10:38:30,5000.0,36.3,S
2021-07-05T10:38:28,100.0,36.3,S
2021-07-05T10:38:28,500.0,36.3,S
2021-07-05T10:38:28,100.0,36.3,S
2021-07-05T10:38:25,2000.0,36.3,S
2021-07-05T10:38:23,3500.0,36.3,S
2021-07-05T10:38:19,1800.0,36.3,S
2021-07-05T10:38:19,9000.0,36.3,S
2021-07-05T10:38:19,4300.0,36.3,S
2021-07-05T10:38:19,14900.0,36.3,S
2021-07-05T10:38:13,1000.0,36.3,S
2021-07-05T10:38:10,200.0,36.3,S
2021-07-05T10:38:08,1300.0,36.3,S
2021-07-05T10:38:05,200.0,36.35,B
2021-07-05T10:38:04,800.0,36.3,S
2021-07-05T10:37:59,400.0,36.3,S
2021-07-05T10:37:59,600.0,36.3,S
2021-07-05T10:37:58,100.0,36.3,S
2021-07-05T10:37:58,500.0,36.3,S
2021-07-05T10:37:58,500.0,36.3,S
2021-07-05T10:37:57,500.0,36.3,S
2021-07-05T10:37:57,1700.0,36.3,S
2021-07-05T10:37:57,2500.0,36.3,S
2021-07-05T10:37:57,300.0,36.3,S
2021-07-05T10:37:50,900.0,36.3,S
2021-07-05T10:37:47,3000.0,36.3,S
2021-07-05T10:37:45,1000.0,36.3,S
2021-07-05T10:37:43,1200.0,36.3,S
2021-07-05T10:37:39,100.0,36.3,S
2021-07-05T10:37:39,600.0,36.35,B
2021-07-05T10:37:30,100.0,36.3,S
2021-07-05T10:37:24,200.0,36.35,B
2021-07-05T10:37:22,2000.0,36.3,S
2021-07-05T10:37:18,1000.0,36.35,B
2021-07-05T10:37:13,2000.0,36.3,S
2021-07-05T10:37:09,200.0,36.35,B
2021-07-05T10:37:04,100.0,36.35,B
2021-07-05T10:37:01,1000.0,36.3,S
2021-07-05T10:36:58,2000.0,36.3,S
2021-07-05T10:36:56,100.0,36.35,B
2021-07-05T10:36:47,500.0,36.35,B
2021-07-05T10:36:47,500.0,36.35,B
2021-07-05T10:36:42,1200.0,36.35,B
2021-07-05T10:36:40,100.0,36.35,B
2021-07-05T10:36:33,300.0,36.35,B
2021-07-05T10:36:31,100.0,36.35,B
2021-07-05T10:36:30,7100.0,36.3,S
2021-07-05T10:36:13,500.0,36.35,B
2021-07-05T10:36:09,100.0,36.35,B
2021-07-05T10:36:04,1900.0,36.35,B
2021-07-05T10:35:55,500.0,36.35,B
2021-07-05T10:35:34,1600.0,36.35,B
2021-07-05T10:35:33,200.0,36.35,B
2021-07-05T10:35:31,100.0,36.35,B
2021-07-05T10:35:25,100.0,36.35,S
2021-07-05T10:35:20,500.0,36.35,S
2021-07-05T10:35:20,300.0,36.35,B
2021-07-05T10:35:17,100.0,36.35,B
2021-07-05T10:35:16,500.0,36.35,B
2021-07-05T10:35:11,100.0,36.35,B
2021-07-05T10:35:08,100.0,36.35,B
2021-07-05T10:35:04,100.0,36.35,S
2021-07-05T10:35:04,3500.0,36.35,S
2021-07-05T10:35:00,1400.0,36.35,B
2021-07-05T10:35:00,200.0,36.35,B
2021-07-05T10:34:57,600.0,36.35,B
2021-07-05T10:34:54,900.0,36.35,S
2021-07-05T10:34:50,800.0,36.4,B
2021-07-05T10:34:46,100.0,36.3,S
2021-07-05T10:34:33,300.0,36.35,B
2021-07-05T10:34:32,200.0,36.35,B
2021-07-05T10:34:30,1100.0,36.35,B
2021-07-05T10:34:29,1000.0,36.35,B
2021-07-05T10:34:29,300.0,36.35,B
2021-07-05T10:34:25,200.0,36.35,S
2021-07-05T10:34:25,6600.0,36.35,S
2021-07-05T10:34:15,200.0,36.35,S
2021-07-05T10:34:14,100.0,36.35,S
2021-07-05T10:34:09,2000.0,36.35,S
2021-07-05T10:34:03,500.0,36.35,S
2021-07-05T10:34:00,500.0,36.35,S
2021-07-05T10:33:56,100.0,36.35,S
2021-07-05T10:33:56,100.0,36.35,S
2021-07-05T10:33:54,5000.0,36.35,S
2021-07-05T10:33:47,500.0,36.35,S
2021-07-05T10:33:46,900.0,36.35,S
2021-07-05T10:33:46,100.0,36.35,S
2021-07-05T10:33:27,500.0,36.35,S
2021-07-05T10:33:24,5000.0,36.35,S
2021-07-05T10:33:23,2000.0,36.35,S
2021-07-05T10:33:14,2000.0,36.4,B
2021-07-05T10:33:07,400.0,36.35,S
2021-07-05T10:32:58,19800.0,36.35,S
2021-07-05T10:32:32,100.0,36.35,S
2021-07-05T10:32:32,1300.0,36.35,S
2021-07-05T10:32:32,2600.0,36.35,S
2021-07-05T10:32:31,2000.0,36.4,B
2021-07-05T10:32:31,1000.0,36.35,S
2021-07-05T10:32:29,300.0,36.35,S
2021-07-05T10:32:28,100.0,36.4,B
2021-07-05T10:32:22,200.0,36.35,S
2021-07-05T10:32:08,200.0,36.35,B
2021-07-05T10:32:02,800.0,36.35,S
2021-07-05T10:31:59,1600.0,36.35,S
2021-07-05T10:31:59,400.0,36.35,S
2021-07-05T10:31:59,6800.0,36.35,S
2021-07-05T10:31:59,1200.0,36.35,S
2021-07-05T10:31:59,2800.0,36.35,S
2021-07-05T10:31:59,300.0,36.35,S
2021-07-05T10:31:59,2900.0,36.35,S
2021-07-05T10:31:59,4700.0,36.35,S
2021-07-05T10:31:59,300.0,36.35,S
2021-07-05T10:31:59,500.0,36.4,B
2021-07-05T10:31:59,500.0,36.4,B
2021-07-05T10:31:59,1000.0,36.4,B
2021-07-05T10:31:58,3000.0,36.35,S
2021-07-05T10:31:56,200.0,36.35,S
2021-07-05T10:31:51,200.0,36.35,S
2021-07-05T10:31:51,700.0,36.35,S
2021-07-05T10:31:51,100.0,36.35,S
2021-07-05T10:31:43,100.0,36.35,S
2021-07-05T10:31:43,1400.0,36.35,S
2021-07-05T10:31:43,2000.0,36.35,S
2021-07-05T10:31:43,1400.0,36.35,S
2021-07-05T10:31:43,700.0,36.35,S
2021-07-05T10:31:43,1200.0,36.35,S
2021-07-05T10:31:43,2200.0,36.35,S
2021-07-05T10:31:43,7000.0,36.35,S
2021-07-05T10:31:43,6100.0,36.35,S
2021-07-05T10:31:43,1000.0,36.35,S
2021-07-05T10:31:43,4300.0,36.35,S
2021-07-05T10:31:43,500.0,36.35,S
2021-07-05T10:31:43,600.0,36.35,S
2021-07-05T10:31:43,400.0,36.35,S
2021-07-05T10:31:43,800.0,36.35,S
2021-07-05T10:31:43,200.0,36.35,S
2021-07-05T10:31:43,1000.0,36.35,S
2021-07-05T10:31:43,700.0,36.35,S
2021-07-05T10:31:43,100.0,36.35,S
2021-07-05T10:31:43,1300.0,36.35,S
2021-07-05T10:31:43,2200.0,36.35,S
2021-07-05T10:31:43,600.0,36.35,S
2021-07-05T10:31:43,2000.0,36.35,S
2021-07-05T10:31:43,8900.0,36.35,S
2021-07-05T10:31:43,100.0,36.35,S
2021-07-05T10:31:43,53200.0,36.35,S
2021-07-05T10:31:42,200.0,36.35,S
2021-07-05T10:31:38,1000.0,36.35,S
2021-07-05T10:31:38,2000.0,36.4,B
2021-07-05T10:31:33,2000.0,36.4,B
2021-07-05T10:31:31,500.0,36.35,S
2021-07-05T10:31:20,300.0,36.35,S
2021-07-05T10:31:19,5000.0,36.35,S
2021-07-05T10:31:17,1400.0,36.35,S
2021-07-05T10:31:17,400.0,36.4,B
2021-07-05T10:31:09,2000.0,36.35,S
2021-07-05T10:30:37,3800.0,36.35,S
2021-07-05T10:30:35,200.0,36.35,S
2021-07-05T10:30:33,1000.0,36.4,B
2021-07-05T10:30:33,600.0,36.35,S
2021-07-05T10:30:33,2500.0,36.4,B
2021-07-05T10:30:31,100.0,36.35,S
2021-07-05T10:30:27,3000.0,36.35,S
2021-07-05T10:30:18,300.0,36.35,S
2021-07-05T10:29:55,1000.0,36.4,B
2021-07-05T10:29:49,700.0,36.4,B
2021-07-05T10:29:38,200.0,36.4,B
2021-07-05T10:29:25,4900.0,36.4,B
2021-07-05T10:29:24,400.0,36.4,B
2021-07-05T10:29:21,3000.0,36.4,B
2021-07-05T10:29:19,3000.0,36.4,B
2021-07-05T10:29:16,300.0,36.4,B
2021-07-05T10:29:14,100.0,36.4,B
2021-07-05T10:29:13,100.0,36.4,B
2021-07-05T10:29:07,100.0,36.4,B
2021-07-05T10:29:01,200.0,36.4,B
2021-07-05T10:28:53,500.0,36.4,B
2021-07-05T10:28:50,300.0,36.4,B
2021-07-05T10:28:38,100.0,36.4,B
2021-07-05T10:28:38,200.0,36.4,B
2021-07-05T10:28:35,200.0,36.4,B
2021-07-05T10:28:27,100.0,36.4,B
2021-07-05T10:28:26,500.0,36.4,B
2021-07-05T10:28:20,6400.0,36.4,B
2021-07-05T10:28:14,1000.0,36.4,B
2021-07-05T10:28:09,500.0,36.4,B
2021-07-05T10:28:05,500.0,36.4,B
2021-07-05T10:28:00,300.0,36.4,B
2021-07-05T10:27:55,2000.0,36.35,S
2021-07-05T10:27:51,500.0,36.4,B
2021-07-05T10:27:51,1000.0,36.4,B
2021-07-05T10:27:50,3000.0,36.4,B
2021-07-05T10:27:44,4000.0,36.35,S
2021-07-05T10:27:43,1000.0,36.4,B
2021-07-05T10:27:41,1000.0,36.4,B
2021-07-05T10:27:38,400.0,36.4,B
2021-07-05T10:27:33,200.0,36.4,B
2021-07-05T10:27:29,800.0,36.35,S
2021-07-05T10:27:29,700.0,36.4,B
2021-07-05T10:27:27,1000.0,36.4,S
2021-07-05T10:27:27,1100.0,36.4,S
2021-07-05T10:27:27,400.0,36.4,S
2021-07-05T10:27:27,2300.0,36.4,S
2021-07-05T10:27:27,1000.0,36.4,S
2021-07-05T10:27:27,100.0,36.4,S
2021-07-05T10:27:27,800.0,36.4,S
2021-07-05T10:27:27,20200.0,36.4,S
2021-07-05T10:27:23,3000.0,36.4,S
2021-07-05T10:27:22,1000.0,36.4,S
2021-07-05T10:27:22,1000.0,36.4,S
2021-07-05T10:27:20,7500.0,36.4,S
2021-07-05T10:27:18,2500.0,36.4,S
2021-07-05T10:27:18,2400.0,36.45,B
2021-07-05T10:27:15,1000.0,36.4,S
2021-07-05T10:27:15,2000.0,36.4,S
2021-07-05T10:27:12,5000.0,36.4,S
2021-07-05T10:27:12,1800.0,36.4,S
2021-07-05T10:27:12,3200.0,36.4,S
2021-07-05T10:27:08,2000.0,36.4,S
2021-07-05T10:27:08,500.0,36.4,S
2021-07-05T10:27:08,5200.0,36.4,S
2021-07-05T10:27:08,7000.0,36.4,S
2021-07-05T10:27:08,6800.0,36.4,S
2021-07-05T10:27:08,200.0,36.4,S
2021-07-05T10:27:08,200.0,36.4,S
2021-07-05T10:27:08,2000.0,36.4,S
2021-07-05T10:27:08,3100.0,36.4,S
2021-07-05T10:27:08,300.0,36.4,S
2021-07-05T10:27:08,1100.0,36.4,S
2021-07-05T10:27:08,600.0,36.4,S
2021-07-05T10:27:08,2100.0,36.4,S
2021-07-05T10:27:08,700.0,36.4,S
2021-07-05T10:27:08,500.0,36.4,S
2021-07-05T10:27:08,1200.0,36.4,S
2021-07-05T10:27:08,600.0,36.4,S
2021-07-05T10:27:08,2400.0,36.4,S
2021-07-05T10:27:08,2400.0,36.4,S
2021-07-05T10:27:08,200.0,36.4,S
2021-07-05T10:27:08,4400.0,36.4,S
2021-07-05T10:27:08,500.0,36.4,S
2021-07-05T10:27:08,600.0,36.4,S
2021-07-05T10:27:08,900.0,36.4,S
2021-07-05T10:27:08,1400.0,36.4,S
2021-07-05T10:27:08,200.0,36.4,S
2021-07-05T10:27:08,1100.0,36.4,S
2021-07-05T10:27:08,800.0,36.4,S
2021-07-05T10:27:08,700.0,36.4,S
2021-07-05T10:27:08,2000.0,36.4,S
2021-07-05T10:27:08,7300.0,36.4,S
2021-07-05T10:27:05,600.0,36.4,S
2021-07-05T10:27:00,100.0,36.4,S
2021-07-05T10:27:00,100.0,36.45,B
2021-07-05T10:26:57,500.0,36.4,S
2021-07-05T10:26:54,2000.0,36.4,S
2021-07-05T10:26:50,200.0,36.4,S
2021-07-05T10:26:45,100.0,36.4,S
2021-07-05T10:26:44,100.0,36.4,S
2021-07-05T10:26:41,200.0,36.45,B
2021-07-05T10:26:36,3000.0,36.4,S
2021-07-05T10:26:30,300.0,36.4,S
2021-07-05T10:26:18,300.0,36.4,S
2021-07-05T10:26:18,200.0,36.4,S
2021-07-05T10:26:18,9500.0,36.4,S
2021-07-05T10:26:08,3000.0,36.4,S
2021-07-05T10:25:54,500.0,36.4,S
2021-07-05T10:25:51,500.0,36.4,S
2021-07-05T10:25:37,500.0,36.4,S
2021-07-05T10:25:36,500.0,36.45,B
2021-07-05T10:25:34,100.0,36.45,B
2021-07-05T10:25:26,100.0,36.4,S
2021-07-05T10:25:20,400.0,36.4,S
2021-07-05T10:25:15,100.0,36.4,S
2021-07-05T10:25:11,5000.0,36.45,B
2021-07-05T10:25:11,2000.0,36.45,B
2021-07-05T10:25:09,1400.0,36.45,B
2021-07-05T10:25:09,2800.0,36.4,S
2021-07-05T10:25:09,5200.0,36.4,S
2021-07-05T10:25:09,1300.0,36.4,S
2021-07-05T10:25:09,2200.0,36.4,S
2021-07-05T10:25:08,18500.0,36.4,S
2021-07-05T10:25:05,8000.0,36.4,S
2021-07-05T10:25:03,300.0,36.45,B
2021-07-05T10:25:01,2000.0,36.45,B
2021-07-05T10:24:55,3600.0,36.4,S
2021-07-05T10:24:53,2000.0,36.45,B
2021-07-05T10:24:39,200.0,36.4,S
2021-07-05T10:24:31,1300.0,36.45,B
2021-07-05T10:24:26,4000.0,36.45,B
2021-07-05T10:24:20,100.0,36.45,B
2021-07-05T10:24:19,100.0,36.4,S
2021-07-05T10:24:19,9900.0,36.4,S
2021-07-05T10:24:10,200.0,36.45,B
2021-07-05T10:24:00,700.0,36.45,B
2021-07-05T10:23:59,3000.0,36.45,B
2021-07-05T10:23:58,4000.0,36.4,S
2021-07-05T10:23:53,100.0,36.45,B
2021-07-05T10:23:53,400.0,36.45,B
2021-07-05T10:23:40,500.0,36.45,B
2021-07-05T10:23:33,300.0,36.45,B
2021-07-05T10:23:28,300.0,36.45,B
2021-07-05T10:23:25,500.0,36.45,B
2021-07-05T10:23:19,200.0,36.4,S
2021-07-05T10:23:08,600.0,36.45,B
2021-07-05T10:23:00,200.0,36.4,S
2021-07-05T10:22:58,100.0,36.45,B
2021-07-05T10:22:48,5300.0,36.45,B
2021-07-05T10:22:46,200.0,36.45,B
2021-07-05T10:22:39,500.0,36.4,S
2021-07-05T10:22:38,2000.0,36.45,B
2021-07-05T10:22:34,500.0,36.45,B
2021-07-05T10:22:30,1000.0,36.4,S
2021-07-05T10:22:25,2000.0,36.45,B
2021-07-05T10:22:24,1000.0,36.4,S
2021-07-05T10:22:24,200.0,36.4,S
2021-07-05T10:22:23,300.0,36.45,B
2021-07-05T10:22:18,7000.0,36.45,B
2021-07-05T10:22:09,100.0,36.45,B
2021-07-05T10:21:58,6000.0,36.45,B
2021-07-05T10:21:56,200.0,36.45,B
2021-07-05T10:21:53,600.0,36.45,B
2021-07-05T10:21:53,100.0,36.45,B
2021-07-05T10:21:42,2000.0,36.45,B
2021-07-05T10:21:38,200.0,36.45,B
2021-07-05T10:21:38,2300.0,36.45,S
2021-07-05T10:21:38,2000.0,36.45,S
2021-07-05T10:21:38,12800.0,36.45,S
2021-07-05T10:21:38,3400.0,36.45,S
2021-07-05T10:21:38,5800.0,36.45,S
2021-07-05T10:21:38,6600.0,36.45,S
2021-07-05T10:21:38,900.0,36.45,S
2021-07-05T10:21:38,3100.0,36.45,S
2021-07-05T10:21:38,1200.0,36.45,S
2021-07-05T10:21:38,3000.0,36.45,S
2021-07-05T10:21:38,1100.0,36.45,S
2021-07-05T10:21:38,20300.0,36.45,S
2021-07-05T10:21:38,6200.0,36.45,S
2021-07-05T10:21:38,300.0,36.45,S
2021-07-05T10:21:38,5100.0,36.45,S
2021-07-05T10:21:38,2600.0,36.45,S
2021-07-05T10:21:38,1600.0,36.45,S
2021-07-05T10:21:38,4000.0,36.45,S
2021-07-05T10:21:38,6600.0,36.45,S
2021-07-05T10:21:34,900.0,36.5,B
2021-07-05T10:21:33,1000.0,36.45,S
2021-07-05T10:21:30,300.0,36.5,B
2021-07-05T10:21:27,1000.0,36.45,S
2021-07-05T10:21:26,1000.0,36.5,B
2021-07-05T10:21:20,100.0,36.45,S
2021-07-05T10:21:19,500.0,36.45,S
2021-07-05T10:21:19,200.0,36.45,S
2021-07-05T10:21:19,900.0,36.45,S
2021-07-05T10:21:16,3000.0,36.45,S
2021-07-05T10:21:14,300.0,36.45,S
2021-07-05T10:21:10,100.0,36.45,S
2021-07-05T10:21:10,1000.0,36.45,S
2021-07-05T10:21:05,1000.0,36.45,S
2021-07-05T10:21:00,100.0,36.45,S
2021-07-05T10:20:56,300.0,36.5,B
2021-07-05T10:20:51,300.0,36.45,S
2021-07-05T10:20:50,400.0,36.45,S
2021-07-05T10:20:47,100.0,36.45,S
2021-07-05T10:20:40,400.0,36.45,S
2021-07-05T10:20:40,600.0,36.45,S
2021-07-05T10:20:38,1400.0,36.45,S
2021-07-05T10:20:38,1600.0,36.45,S
2021-07-05T10:20:30,5000.0,36.5,B
2021-07-05T10:20:26,300.0,36.5,B
2021-07-05T10:20:18,1000.0,36.45,S
2021-07-05T10:20:16,5000.0,36.45,S
2021-07-05T10:20:13,500.0,36.5,B
2021-07-05T10:20:05,300.0,36.5,B
2021-07-05T10:20:04,2000.0,36.45,S
2021-07-05T10:20:03,600.0,36.5,B
2021-07-05T10:19:56,100.0,36.5,B
2021-07-05T10:19:56,1000.0,36.45,S
2021-07-05T10:19:48,100.0,36.5,B
2021-07-05T10:19:45,1000.0,36.45,S
2021-07-05T10:19:39,4300.0,36.45,S
2021-07-05T10:19:39,2000.0,36.45,S
2021-07-05T10:19:39,2100.0,36.45,S
2021-07-05T10:19:39,4200.0,36.45,S
2021-07-05T10:19:39,13200.0,36.45,S
2021-07-05T10:19:39,1200.0,36.45,S
2021-07-05T10:19:39,600.0,36.45,S
2021-07-05T10:19:39,700.0,36.45,S
2021-07-05T10:19:39,3200.0,36.45,S
2021-07-05T10:19:39,3000.0,36.45,S
2021-07-05T10:19:39,1100.0,36.45,S
2021-07-05T10:19:39,1000.0,36.45,S
2021-07-05T10:19:39,13400.0,36.45,S
2021-07-05T10:19:33,2000.0,36.45,S
2021-07-05T10:19:30,200.0,36.45,S
2021-07-05T10:19:08,400.0,36.45,S
2021-07-05T10:19:00,3000.0,36.5,B
2021-07-05T10:18:59,3000.0,36.5,B
2021-07-05T10:18:58,600.0,36.5,B
2021-07-05T10:18:50,500.0,36.5,B
2021-07-05T10:18:43,200.0,36.5,B
2021-07-05T10:18:40,500.0,36.5,B
2021-07-05T10:18:38,10900.0,36.45,S
2021-07-05T10:18:38,9100.0,36.45,S
2021-07-05T10:18:34,5000.0,36.45,S
2021-07-05T10:18:31,4300.0,36.45,S
2021-07-05T10:18:31,100.0,36.45,S
2021-07-05T10:18:31,5600.0,36.45,S
2021-07-05T10:18:17,100.0,36.5,B
2021-07-05T10:18:10,300.0,36.45,S
2021-07-05T10:18:09,3600.0,36.5,B
2021-07-05T10:18:08,16400.0,36.5,B
2021-07-05T10:18:06,900.0,36.5,B
2021-07-05T10:18:04,100.0,36.45,S
2021-07-05T10:18:00,200.0,36.5,B
2021-07-05T10:17:53,200.0,36.5,B
2021-07-05T10:17:49,200.0,36.5,B
2021-07-05T10:17:46,1000.0,36.5,B
2021-07-05T10:17:31,100.0,36.45,S
2021-07-05T10:17:29,100.0,36.5,B
2021-07-05T10:17:28,300.0,36.45,S
2021-07-05T10:17:26,900.0,36.5,B
2021-07-05T10:17:20,300.0,36.5,B
2021-07-05T10:17:20,4600.0,36.45,S
2021-07-05T10:17:20,1500.0,36.5,B
2021-07-05T10:17:17,200.0,36.5,B
2021-07-05T10:17:17,100.0,36.5,B
2021-07-05T10:17:13,100.0,36.5,B
2021-07-05T10:17:05,1000.0,36.5,B
2021-07-05T10:17:00,100.0,36.5,B
2021-07-05T10:16:53,900.0,36.5,B
2021-07-05T10:16:51,1000.0,36.5,B
2021-07-05T10:16:49,500.0,36.5,B
2021-07-05T10:16:48,500.0,36.5,B
2021-07-05T10:16:48,700.0,36.5,B
2021-07-05T10:16:48,600.0,36.5,B
2021-07-05T10:16:47,2800.0,36.5,B
2021-07-05T10:16:44,100.0,36.5,B
2021-07-05T10:16:43,100.0,36.5,B
2021-07-05T10:16:38,7100.0,36.5,B
2021-07-05T10:16:34,200.0,36.5,B
2021-07-05T10:16:28,1000.0,36.5,B
2021-07-05T10:16:26,6000.0,36.45,S
2021-07-05T10:16:07,4000.0,36.5,B
2021-07-05T10:15:56,1500.0,36.45,S
2021-07-05T10:15:48,100.0,36.45,S
2021-07-05T10:15:40,1000.0,36.5,B
2021-07-05T10:15:34,100.0,36.45,S
2021-07-05T10:15:25,2300.0,36.45,S
2021-07-05T10:15:21,1500.0,36.5,B
2021-07-05T10:15:17,400.0,36.45,S
2021-07-05T10:15:16,500.0,36.5,B
2021-07-05T10:15:09,200.0,36.5,B
2021-07-05T10:15:09,300.0,36.5,B
2021-07-05T10:15:03,100.0,36.5,B
2021-07-05T10:15:00,3500.0,36.45,S
2021-07-05T10:15:00,1500.0,36.45,S
2021-07-05T10:14:58,100.0,36.5,B
2021-07-05T10:14:57,200.0,36.5,B
2021-07-05T10:14:52,100.0,36.45,S
2021-07-05T10:14:48,1000.0,36.5,B
2021-07-05T10:14:33,200.0,36.5,B
2021-07-05T10:14:24,200.0,36.5,B
2021-07-05T10:14:16,1000.0,36.45,S
2021-07-05T10:14:08,900.0,36.5,B
2021-07-05T10:14:02,3800.0,36.45,S
2021-07-05T10:14:00,1000.0,36.5,B
2021-07-05T10:14:00,800.0,36.45,S
2021-07-05T10:13:55,200.0,36.45,S
2021-07-05T10:13:54,4000.0,36.45,S
2021-07-05T10:13:54,300.0,36.5,B
2021-07-05T10:13:50,100.0,36.5,B
2021-07-05T10:13:39,100.0,36.45,S
2021-07-05T10:13:38,500.0,36.5,B
2021-07-05T10:13:33,1000.0,36.5,B
2021-07-05T10:13:30,3000.0,36.45,S
2021-07-05T10:13:30,3000.0,36.45,S
2021-07-05T10:13:18,300.0,36.45,S
2021-07-05T10:13:18,200.0,36.5,B
2021-07-05T10:13:18,1800.0,36.5,B
2021-07-05T10:13:09,5000.0,36.45,S
2021-07-05T10:13:09,100.0,36.5,B
2021-07-05T10:13:05,2200.0,36.5,B
2021-07-05T10:12:56,1000.0,36.45,S
2021-07-05T10:12:50,200.0,36.45,S
2021-07-05T10:12:50,100.0,36.45,S
2021-07-05T10:12:48,1000.0,36.45,S
2021-07-05T10:12:42,5000.0,36.45,S
2021-07-05T10:12:36,1300.0,36.5,B
2021-07-05T10:12:23,5000.0,36.45,S
2021-07-05T10:12:23,1000.0,36.5,B
2021-07-05T10:12:23,5000.0,36.5,B
2021-07-05T10:12:20,300.0,36.5,B
2021-07-05T10:12:20,600.0,36.5,B
2021-07-05T10:12:18,200.0,36.5,B
2021-07-05T10:12:12,700.0,36.5,B
2021-07-05T10:12:04,4000.0,36.5,B
2021-07-05T10:12:04,100.0,36.45,S
2021-07-05T10:12:00,300.0,36.5,B
2021-07-05T10:11:58,600.0,36.45,S
2021-07-05T10:11:58,700.0,36.45,S
2021-07-05T10:11:50,100.0,36.5,B
2021-07-05T10:11:50,600.0,36.5,B
2021-07-05T10:11:50,200.0,36.5,B
2021-07-05T10:11:50,1100.0,36.5,B
2021-07-05T10:11:50,3100.0,36.5,B
2021-07-05T10:11:46,500.0,36.5,B
2021-07-05T10:11:33,300.0,36.5,B
2021-07-05T10:11:31,300.0,36.45,S
2021-07-05T10:11:30,1000.0,36.45,S
2021-07-05T10:11:30,200.0,36.45,S
2021-07-05T10:11:22,3900.0,36.5,B
2021-07-05T10:11:22,300.0,36.45,S
2021-07-05T10:11:22,9500.0,36.45,S
2021-07-05T10:11:22,200.0,36.45,S
2021-07-05T10:11:20,200.0,36.45,S
2021-07-05T10:11:20,2000.0,36.45,S
2021-07-05T10:11:00,1000.0,36.45,S
2021-07-05T10:10:58,5000.0,36.45,S
2021-07-05T10:10:58,1000.0,36.45,S
2021-07-05T10:10:57,1800.0,36.45,S
2021-07-05T10:10:57,2700.0,36.45,S
2021-07-05T10:10:54,700.0,36.45,S
2021-07-05T10:10:54,300.0,36.45,S
2021-07-05T10:10:52,300.0,36.5,B
2021-07-05T10:10:50,100.0,36.45,S
2021-07-05T10:10:49,1000.0,36.45,S
2021-07-05T10:10:49,300.0,36.5,B
2021-07-05T10:10:40,3300.0,36.45,S
2021-07-05T10:10:40,13700.0,36.45,S
2021-07-05T10:10:39,200.0,36.45,S
2021-07-05T10:10:35,1000.0,36.45,S
2021-07-05T10:10:22,500.0,36.45,S
2021-07-05T10:10:07,1000.0,36.5,B
2021-07-05T10:10:05,200.0,36.5,B
2021-07-05T10:10:00,700.0,36.5,B
2021-07-05T10:10:00,3800.0,36.5,B
2021-07-05T10:09:53,1000.0,36.5,B
2021-07-05T10:09:53,14400.0,36.45,S
2021-07-05T10:09:53,300.0,36.45,S
2021-07-05T10:09:53,20300.0,36.45,S
2021-07-05T10:09:47,400.0,36.5,B
2021-07-05T10:09:47,200.0,36.45,S
2021-07-05T10:09:47,3400.0,36.5,B
2021-07-05T10:09:47,700.0,36.5,B
2021-07-05T10:09:47,100.0,36.5,B
2021-07-05T10:09:47,1600.0,36.5,B
2021-07-05T10:09:47,1000.0,36.5,B
2021-07-05T10:09:47,2200.0,36.5,B
2021-07-05T10:09:47,1000.0,36.5,B
2021-07-05T10:09:39,100.0,36.5,B
2021-07-05T10:09:38,1900.0,36.5,B
2021-07-05T10:09:36,300.0,36.5,B
2021-07-05T10:09:34,2000.0,36.45,S
2021-07-05T10:09:34,4300.0,36.45,S
2021-07-05T10:09:30,300.0,36.45,S
2021-07-05T10:09:17,100.0,36.45,S
2021-07-05T10:09:10,4000.0,36.5,B
2021-07-05T10:09:08,300.0,36.45,S
2021-07-05T10:09:08,500.0,36.5,B
2021-07-05T10:08:34,600.0,36.5,B
2021-07-05T10:08:26,100.0,36.45,S
2021-07-05T10:08:23,200.0,36.45,S
2021-07-05T10:08:19,800.0,36.45,S
2021-07-05T10:08:19,400.0,36.45,S
2021-07-05T10:08:16,100.0,36.45,S
2021-07-05T10:08:14,100.0,36.45,S
2021-07-05T10:08:07,500.0,36.45,S
2021-07-05T10:08:05,500.0,36.45,S
2021-07-05T10:08:03,300.0,36.45,S
2021-07-05T10:07:55,100.0,36.45,S
2021-07-05T10:07:53,200.0,36.45,S
2021-07-05T10:07:49,6000.0,36.5,B
2021-07-05T10:07:42,1000.0,36.45,S
2021-07-05T10:07:40,1600.0,36.45,S
2021-07-05T10:07:37,200.0,36.45,S
2021-07-05T10:07:30,1000.0,36.45,S
2021-07-05T10:07:30,1300.0,36.45,B
2021-07-05T10:07:30,4000.0,36.45,B
2021-07-05T10:07:30,600.0,36.45,B
2021-07-05T10:07:30,12700.0,36.45,B
2021-07-05T10:07:28,300.0,36.45,B
2021-07-05T10:07:26,900.0,36.45,B
2021-07-05T10:07:26,100.0,36.45,B
2021-07-05T10:07:16,6900.0,36.45,B
2021-07-05T10:07:16,300.0,36.45,B
2021-07-05T10:07:16,1400.0,36.45,B
2021-07-05T10:07:16,1400.0,36.45,B
2021-07-05T10:07:14,200.0,36.45,B
2021-07-05T10:07:10,200.0,36.45,B
2021-07-05T10:07:10,1000.0,36.45,B
2021-07-05T10:07:10,900.0,36.45,B
2021-07-05T10:07:10,47900.0,36.45,B
2021-07-05T10:07:03,400.0,36.45,B
2021-07-05T10:06:58,300.0,36.4,S
2021-07-05T10:06:57,600.0,36.45,B
2021-07-05T10:06:53,400.0,36.45,B
2021-07-05T10:06:50,100.0,36.4,S
2021-07-05T10:06:50,200.0,36.45,B
2021-07-05T10:06:48,10000.0,36.45,B
2021-07-05T10:06:42,4000.0,36.45,B
2021-07-05T10:06:23,1000.0,36.4,S
2021-07-05T10:06:19,1000.0,36.45,B
2021-07-05T10:06:19,800.0,36.45,B
2021-07-05T10:06:19,1000.0,36.45,B
2021-07-05T10:06:18,100.0,36.45,B
2021-07-05T10:06:18,100.0,36.45,B
2021-07-05T10:06:17,1000.0,36.45,B
2021-07-05T10:06:17,1000.0,36.45,B
2021-07-05T10:06:17,1000.0,36.45,B
2021-07-05T10:06:15,200.0,36.45,B
2021-07-05T10:06:15,2000.0,36.45,B
2021-07-05T10:06:09,800.0,36.45,B
2021-07-05T10:06:09,500.0,36.45,B
2021-07-05T10:06:09,500.0,36.45,B
2021-07-05T10:05:58,200.0,36.45,B
2021-07-05T10:05:57,1800.0,36.45,B
2021-07-05T10:05:55,5000.0,36.45,B
2021-07-05T10:05:48,15000.0,36.45,B
2021-07-05T10:05:48,1100.0,36.45,B
2021-07-05T10:05:44,600.0,36.45,B
2021-07-05T10:05:42,5000.0,36.45,B
2021-07-05T10:05:36,3000.0,36.45,B
2021-07-05T10:05:29,2000.0,36.45,B
2021-07-05T10:05:28,300.0,36.45,B
2021-07-05T10:05:26,10000.0,36.45,B
2021-07-05T10:05:15,1300.0,36.45,B
2021-07-05T10:05:06,14500.0,36.45,B
2021-07-05T10:05:04,100.0,36.45,B
2021-07-05T10:05:03,5000.0,36.45,B
2021-07-05T10:04:58,100.0,36.45,B
2021-07-05T10:04:54,200.0,36.45,B
2021-07-05T10:04:54,2800.0,36.45,B
2021-07-05T10:04:51,300.0,36.45,B
2021-07-05T10:04:49,500.0,36.45,B
2021-07-05T10:04:37,500.0,36.45,B
2021-07-05T10:04:34,2400.0,36.45,B
2021-07-05T10:04:34,300.0,36.45,B
2021-07-05T10:04:30,1300.0,36.45,B
2021-07-05T10:04:30,5000.0,36.45,B
2021-07-05T10:04:26,500.0,36.45,B
2021-07-05T10:04:26,500.0,36.4,S
2021-07-05T10:04:25,500.0,36.4,S
2021-07-05T10:04:25,1300.0,36.4,S
2021-07-05T10:04:21,500.0,36.45,B
2021-07-05T10:04:19,1000.0,36.45,B
2021-07-05T10:04:19,1500.0,36.45,B
2021-07-05T10:04:14,1100.0,36.45,S
2021-07-05T10:04:14,1000.0,36.45,S
2021-07-05T10:04:10,1000.0,36.45,S
2021-07-05T10:03:55,4200.0,36.45,B
2021-07-05T10:03:46,600.0,36.45,B
2021-07-05T10:03:43,300.0,36.45,B
2021-07-05T10:03:38,1000.0,36.4,S
2021-07-05T10:03:20,200.0,36.45,B
2021-07-05T10:03:20,2000.0,36.4,S
2021-07-05T10:03:16,100.0,36.4,S
2021-07-05T10:03:16,500.0,36.45,B
2021-07-05T10:03:08,300.0,36.4,S
2021-07-05T10:03:06,2400.0,36.45,S
2021-07-05T10:03:04,100.0,36.45,S
2021-07-05T10:03:03,100.0,36.45,B
2021-07-05T10:02:55,5000.0,36.4,S
2021-07-05T10:02:54,100.0,36.45,B
2021-07-05T10:02:52,400.0,36.4,S
2021-07-05T10:02:50,900.0,36.45,S
2021-07-05T10:02:50,4100.0,36.45,B
2021-07-05T10:02:49,1200.0,36.45,B
2021-07-05T10:02:48,100.0,36.45,B
2021-07-05T10:02:43,300.0,36.45,B
2021-07-05T10:02:41,100.0,36.45,B
2021-07-05T10:02:27,3500.0,36.45,S
2021-07-05T10:02:25,3000.0,36.45,S
2021-07-05T10:02:25,200.0,36.5,B
2021-07-05T10:02:25,2400.0,36.45,S
2021-07-05T10:02:22,1000.0,36.5,B
2021-07-05T10:02:20,500.0,36.45,S
2021-07-05T10:02:18,100.0,36.45,S
2021-07-05T10:02:06,3300.0,36.45,B
2021-07-05T10:02:06,1000.0,36.45,B
2021-07-05T10:02:05,200.0,36.45,B
2021-07-05T10:02:00,100.0,36.45,B
2021-07-05T10:01:58,200.0,36.45,B
2021-07-05T10:01:55,200.0,36.45,B
2021-07-05T10:01:53,1000.0,36.45,B
2021-07-05T10:01:53,300.0,36.45,B
2021-07-05T10:01:49,3000.0,36.45,B
2021-07-05T10:01:48,500.0,36.45,B
2021-07-05T10:01:44,1000.0,36.45,B
2021-07-05T10:01:38,200.0,36.45,S
2021-07-05T10:01:38,1100.0,36.45,S
2021-07-05T10:01:38,4400.0,36.45,S
2021-07-05T10:01:38,3200.0,36.45,S
2021-07-05T10:01:38,100.0,36.45,S
2021-07-05T10:01:38,11700.0,36.45,S
2021-07-05T10:01:38,4700.0,36.45,S
2021-07-05T10:01:38,300.0,36.45,S
2021-07-05T10:01:38,1000.0,36.45,S
2021-07-05T10:01:38,6000.0,36.45,S
2021-07-05T10:01:38,1400.0,36.45,S
2021-07-05T10:01:38,2100.0,36.45,S
2021-07-05T10:01:38,5000.0,36.45,S
2021-07-05T10:01:38,4300.0,36.45,S
2021-07-05T10:01:38,200.0,36.45,S
2021-07-05T10:01:38,600.0,36.45,S
2021-07-05T10:01:38,5300.0,36.45,S
2021-07-05T10:01:38,3600.0,36.45,S
2021-07-05T10:01:38,100.0,36.45,S
2021-07-05T10:01:38,200.0,36.45,S
2021-07-05T10:01:38,1000.0,36.45,S
2021-07-05T10:01:38,5300.0,36.45,S
2021-07-05T10:01:38,100.0,36.45,S
2021-07-05T10:01:38,5500.0,36.45,S
2021-07-05T10:01:38,2200.0,36.45,S
2021-07-05T10:01:38,500.0,36.5,B
2021-07-05T10:01:37,200.0,36.5,B
2021-07-05T10:01:33,300.0,36.5,B
2021-07-05T10:01:27,1300.0,36.5,B
2021-07-05T10:01:27,2400.0,36.5,B
2021-07-05T10:01:13,1000.0,36.5,B
2021-07-05T10:01:10,1000.0,36.45,S
2021-07-05T10:01:10,5000.0,36.5,B
2021-07-05T10:01:00,1100.0,36.5,B
2021-07-05T10:00:58,500.0,36.5,B
2021-07-05T10:00:58,100.0,36.45,S
2021-07-05T10:00:56,1000.0,36.5,B
2021-07-05T10:00:54,200.0,36.5,B
2021-07-05T10:00:53,100.0,36.5,B
2021-07-05T10:00:46,1300.0,36.45,S
2021-07-05T10:00:46,200.0,36.45,S
2021-07-05T10:00:41,500.0,36.5,B
2021-07-05T10:00:41,500.0,36.5,B
2021-07-05T10:00:38,100.0,36.5,B
2021-07-05T10:00:37,100.0,36.5,B
2021-07-05T10:00:37,1300.0,36.5,B
2021-07-05T10:00:36,2000.0,36.5,B
2021-07-05T10:00:32,1600.0,36.5,B
2021-07-05T10:00:11,10000.0,36.5,B
2021-07-05T10:00:06,1000.0,36.5,B
2021-07-05T09:59:48,5000.0,36.5,B
2021-07-05T09:59:48,200.0,36.45,S
2021-07-05T09:59:34,2000.0,36.5,B
2021-07-05T09:59:34,100.0,36.5,B
2021-07-05T09:59:25,700.0,36.45,S
2021-07-05T09:59:25,100.0,36.45,S
2021-07-05T09:59:24,3500.0,36.5,B
2021-07-05T09:59:24,100.0,36.5,B
2021-07-05T09:59:19,300.0,36.5,B
2021-07-05T09:59:19,300.0,36.5,B
2021-07-05T09:59:18,1000.0,36.5,B
2021-07-05T09:59:17,100.0,36.5,B
2021-07-05T09:59:15,2800.0,36.5,B
2021-07-05T09:59:13,2000.0,36.45,S
2021-07-05T09:59:05,600.0,36.5,B
2021-07-05T09:59:05,1100.0,36.5,B
2021-07-05T09:59:02,500.0,36.5,B
2021-07-05T09:59:00,500.0,36.45,S
2021-07-05T09:59:00,1000.0,36.5,B
2021-07-05T09:58:58,300.0,36.45,S
2021-07-05T09:58:53,200.0,36.5,B
2021-07-05T09:58:53,100.0,36.5,B
2021-07-05T09:58:53,700.0,36.5,B
2021-07-05T09:58:52,800.0,36.5,B
2021-07-05T09:58:52,900.0,36.5,B
2021-07-05T09:58:52,300.0,36.5,B
2021-07-05T09:58:52,2700.0,36.5,B
2021-07-05T09:58:47,1000.0,36.5,B
2021-07-05T09:58:43,100.0,36.5,B
2021-07-05T09:58:40,300.0,36.45,S
2021-07-05T09:58:34,500.0,36.5,B
2021-07-05T09:58:33,500.0,36.45,S
2021-07-05T09:58:27,1000.0,36.5,B
2021-07-05T09:58:19,6300.0,36.45,S
2021-07-05T09:58:17,300.0,36.45,S
2021-07-05T09:58:11,5000.0,36.5,B
2021-07-05T09:58:07,700.0,36.45,S
2021-07-05T09:58:05,1000.0,36.5,B
2021-07-05T09:57:56,9000.0,36.45,S
2021-07-05T09:57:55,200.0,36.45,S
2021-07-05T09:57:55,100.0,36.5,B
2021-07-05T09:57:50,100.0,36.5,B
2021-07-05T09:57:47,200.0,36.5,B
2021-07-05T09:57:44,100.0,36.45,S
2021-07-05T09:57:44,900.0,36.5,B
2021-07-05T09:57:44,100.0,36.5,B
2021-07-05T09:57:40,3500.0,36.5,B
2021-07-05T09:57:40,6500.0,36.5,B
2021-07-05T09:57:34,700.0,36.5,B
2021-07-05T09:57:34,300.0,36.5,B
2021-07-05T09:57:32,100.0,36.45,S
2021-07-05T09:57:23,100.0,36.5,B
2021-07-05T09:57:22,300.0,36.5,B
2021-07-05T09:57:19,1100.0,36.5,B
2021-07-05T09:57:09,100.0,36.45,S
2021-07-05T09:56:58,1000.0,36.45,S
2021-07-05T09:56:58,1000.0,36.5,B
2021-07-05T09:56:55,5000.0,36.5,B
2021-07-05T09:56:54,1900.0,36.45,S
2021-07-05T09:56:54,3000.0,36.45,S
2021-07-05T09:56:53,100.0,36.45,S
2021-07-05T09:56:49,700.0,36.5,B
2021-07-05T09:56:49,500.0,36.45,S
2021-07-05T09:56:38,100.0,36.45,S
2021-07-05T09:56:38,400.0,36.45,S
2021-07-05T09:56:33,200.0,36.45,S
2021-07-05T09:56:32,2500.0,36.5,B
2021-07-05T09:56:29,100.0,36.45,S
2021-07-05T09:56:12,1200.0,36.45,S
2021-07-05T09:56:12,1300.0,36.45,S
2021-07-05T09:56:11,12500.0,36.45,S
2021-07-05T09:56:10,1800.0,36.5,B
2021-07-05T09:56:00,5000.0,36.5,B
2021-07-05T09:55:54,10000.0,36.5,B
2021-07-05T09:55:49,4000.0,36.45,S
2021-07-05T09:55:44,1400.0,36.5,B
2021-07-05T09:55:40,100.0,36.5,B
2021-07-05T09:55:28,2000.0,36.45,S
2021-07-05T09:55:27,400.0,36.5,B
2021-07-05T09:55:25,500.0,36.5,B
2021-07-05T09:55:25,100.0,36.5,B
2021-07-05T09:55:23,1000.0,36.45,S
2021-07-05T09:55:20,1700.0,36.5,B
2021-07-05T09:55:20,3300.0,36.5,B
2021-07-05T09:55:17,100.0,36.5,B
2021-07-05T09:55:15,100.0,36.5,B
2021-07-05T09:55:12,400.0,36.5,B
2021-07-05T09:55:08,100.0,36.5,B
2021-07-05T09:55:08,100.0,36.5,B
2021-07-05T09:55:03,100.0,36.5,B
2021-07-05T09:55:03,300.0,36.5,B
2021-07-05T09:55:00,800.0,36.5,B
2021-07-05T09:54:54,500.0,36.5,B
2021-07-05T09:54:52,200.0,36.5,B
2021-07-05T09:54:52,900.0,36.5,B
2021-07-05T09:54:52,4300.0,36.5,B
2021-07-05T09:54:52,5700.0,36.5,B
2021-07-05T09:54:50,3000.0,36.5,B
2021-07-05T09:54:50,100.0,36.5,B
2021-07-05T09:54:49,300.0,36.5,B
2021-07-05T09:54:45,500.0,36.5,B
2021-07-05T09:54:45,400.0,36.5,B
2021-07-05T09:54:45,2100.0,36.5,B
2021-07-05T09:54:43,500.0,36.5,B
2021-07-05T09:54:42,1000.0,36.5,B
2021-07-05T09:54:41,2000.0,36.5,B
2021-07-05T09:54:41,2800.0,36.5,B
2021-07-05T09:54:40,5000.0,36.5,B
2021-07-05T09:54:37,1000.0,36.5,B
2021-07-05T09:54:37,100.0,36.45,S
2021-07-05T09:54:35,1400.0,36.5,B
2021-07-05T09:54:34,1000.0,36.5,B
2021-07-05T09:54:30,5500.0,36.5,B
2021-07-05T09:54:26,400.0,36.5,B
2021-07-05T09:54:25,2100.0,36.5,B
2021-07-05T09:54:21,1000.0,36.5,B
2021-07-05T09:54:21,100.0,36.5,B
2021-07-05T09:54:19,6900.0,36.5,B
2021-07-05T09:54:19,3100.0,36.5,B
2021-07-05T09:54:13,400.0,36.5,B
2021-07-05T09:54:12,600.0,36.5,B
2021-07-05T09:54:11,600.0,36.5,B
2021-07-05T09:54:10,1000.0,36.5,B
2021-07-05T09:53:49,100.0,36.5,B
2021-07-05T09:53:48,3000.0,36.5,B
2021-07-05T09:53:43,100.0,36.5,B
2021-07-05T09:53:40,2400.0,36.5,B
2021-07-05T09:53:34,500.0,36.5,B
2021-07-05T09:53:32,2000.0,36.45,S
2021-07-05T09:53:25,500.0,36.5,B
2021-07-05T09:53:25,3000.0,36.5,B
2021-07-05T09:53:23,2000.0,36.5,B
2021-07-05T09:53:18,2200.0,36.45,S
2021-07-05T09:53:18,100.0,36.5,B
2021-07-05T09:53:18,2400.0,36.5,B
2021-07-05T09:53:15,300.0,36.5,B
2021-07-05T09:53:03,1000.0,36.5,B
2021-07-05T09:53:03,1000.0,36.45,S
2021-07-05T09:52:57,200.0,36.45,S
2021-07-05T09:52:48,200.0,36.45,S
2021-07-05T09:52:48,6400.0,36.45,S
2021-07-05T09:52:46,1000.0,36.5,B
2021-07-05T09:52:45,100.0,36.45,S
2021-07-05T09:52:37,400.0,36.45,B
2021-07-05T09:52:32,100.0,36.45,B
2021-07-05T09:52:30,500.0,36.5,B
2021-07-05T09:52:30,9500.0,36.5,B
2021-07-05T09:52:30,1000.0,36.45,B
2021-07-05T09:52:29,100.0,36.4,S
2021-07-05T09:52:29,500.0,36.4,S
2021-07-05T09:52:29,2400.0,36.4,S
2021-07-05T09:52:29,1000.0,36.4,S
2021-07-05T09:52:28,1000.0,36.4,S
2021-07-05T09:52:28,700.0,36.45,B
2021-07-05T09:52:28,1300.0,36.45,B
2021-07-05T09:52:28,4000.0,36.45,B
2021-07-05T09:52:25,300.0,36.45,B
2021-07-05T09:52:23,3000.0,36.45,B
2021-07-05T09:52:17,5000.0,36.45,B
2021-07-05T09:52:14,100.0,36.45,B
2021-07-05T09:52:07,1000.0,36.4,S
2021-07-05T09:52:03,500.0,36.4,S
2021-07-05T09:51:49,600.0,36.45,B
2021-07-05T09:51:49,100.0,36.45,B
2021-07-05T09:51:48,6000.0,36.4,S
2021-07-05T09:51:36,5000.0,36.4,S
2021-07-05T09:51:34,3000.0,36.45,B
2021-07-05T09:51:30,300.0,36.45,B
2021-07-05T09:51:30,200.0,36.4,S
2021-07-05T09:51:27,1500.0,36.4,S
2021-07-05T09:51:25,2000.0,36.45,B
2021-07-05T09:51:18,100.0,36.4,S
2021-07-05T09:51:18,400.0,36.4,S
2021-07-05T09:51:13,1000.0,36.45,B
2021-07-05T09:51:09,23300.0,36.35,S
2021-07-05T09:51:09,200.0,36.4,S
2021-07-05T09:51:09,2400.0,36.4,S
2021-07-05T09:51:09,4100.0,36.4,S
2021-07-05T09:50:48,900.0,36.4,S
2021-07-05T09:50:48,100.0,36.4,S
2021-07-05T09:50:48,3400.0,36.4,S
2021-07-05T09:50:42,3600.0,36.4,B
2021-07-05T09:50:41,500.0,36.4,B
2021-07-05T09:50:41,100.0,36.4,B
2021-07-05T09:50:40,3500.0,36.4,B
2021-07-05T09:50:40,2000.0,36.4,B
2021-07-05T09:50:38,4500.0,36.4,B
2021-07-05T09:50:38,200.0,36.4,B
2021-07-05T09:50:38,5900.0,36.4,B
2021-07-05T09:50:38,900.0,36.4,B
2021-07-05T09:50:38,18500.0,36.4,B
2021-07-05T09:50:35,10000.0,36.4,B
2021-07-05T09:50:34,10000.0,36.4,B
2021-07-05T09:50:30,100.0,36.4,B
2021-07-05T09:50:30,1000.0,36.4,B
2021-07-05T09:50:30,200.0,36.4,B
2021-07-05T09:50:28,200.0,36.35,S
2021-07-05T09:50:26,2000.0,36.4,B
2021-07-05T09:50:20,10000.0,36.4,B
2021-07-05T09:50:19,3300.0,36.4,B
2021-07-05T09:50:19,10000.0,36.4,B
2021-07-05T09:50:18,100.0,36.4,B
2021-07-05T09:50:18,7600.0,36.4,B
2021-07-05T09:50:18,7100.0,36.4,B
2021-07-05T09:50:18,17800.0,36.4,B
2021-07-05T09:50:16,100.0,36.4,B
2021-07-05T09:50:16,19000.0,36.35,S
2021-07-05T09:50:16,100.0,36.35,S
2021-07-05T09:50:16,900.0,36.35,S
2021-07-05T09:50:13,2000.0,36.35,S
2021-07-05T09:50:10,1000.0,36.4,B
2021-07-05T09:50:05,400.0,36.4,B
2021-07-05T09:50:04,2000.0,36.35,S
2021-07-05T09:50:01,1000.0,36.4,B
2021-07-05T09:49:54,1000.0,36.4,B
2021-07-05T09:49:49,10000.0,36.4,B
2021-07-05T09:49:39,1500.0,36.35,S
2021-07-05T09:49:34,100.0,36.4,B
2021-07-05T09:49:25,3700.0,36.4,B
2021-07-05T09:49:14,400.0,36.4,B
2021-07-05T09:49:09,500.0,36.35,S
2021-07-05T09:49:09,200.0,36.4,B
2021-07-05T09:49:03,20000.0,36.4,B
2021-07-05T09:48:56,100.0,36.4,B
2021-07-05T09:48:56,300.0,36.35,S
2021-07-05T09:48:56,700.0,36.35,S
2021-07-05T09:48:50,800.0,36.4,B
2021-07-05T09:48:49,100.0,36.4,B
2021-07-05T09:48:43,3000.0,36.35,S
2021-07-05T09:48:43,5100.0,36.35,S
2021-07-05T09:48:43,2900.0,36.35,S
2021-07-05T09:48:39,500.0,36.4,B
2021-07-05T09:48:28,500.0,36.4,B
2021-07-05T09:48:15,300.0,36.35,S
2021-07-05T09:48:12,400.0,36.4,B
2021-07-05T09:48:00,500.0,36.4,B
2021-07-05T09:47:59,200.0,36.35,S
2021-07-05T09:47:59,600.0,36.4,B
2021-07-05T09:47:55,1000.0,36.35,S
2021-07-05T09:47:55,1000.0,36.4,B
2021-07-05T09:47:55,1900.0,36.4,B
2021-07-05T09:47:48,300.0,36.35,S
2021-07-05T09:47:42,200.0,36.4,B
2021-07-05T09:47:32,700.0,36.4,B
2021-07-05T09:47:32,100.0,36.4,B
2021-07-05T09:47:30,100.0,36.35,S
2021-07-05T09:47:30,200.0,36.35,S
2021-07-05T09:47:27,300.0,36.4,B
2021-07-05T09:47:20,2000.0,36.4,B
2021-07-05T09:47:19,1700.0,36.35,S
2021-07-05T09:47:17,3000.0,36.35,B
2021-07-05T09:47:06,1000.0,36.3,S
2021-07-05T09:47:06,400.0,36.35,B
2021-07-05T09:47:06,9000.0,36.35,B
2021-07-05T09:47:04,1400.0,36.3,S
2021-07-05T09:47:01,3000.0,36.35,B
2021-07-05T09:46:59,100.0,36.35,B
2021-07-05T09:46:58,400.0,36.35,B
2021-07-05T09:46:53,100.0,36.35,B
2021-07-05T09:46:49,200.0,36.35,B
2021-07-05T09:46:49,300.0,36.35,B
2021-07-05T09:46:48,100.0,36.35,B
2021-07-05T09:46:43,3000.0,36.35,B
2021-07-05T09:46:42,100.0,36.35,B
2021-07-05T09:46:36,1000.0,36.35,B
2021-07-05T09:46:35,500.0,36.35,B
2021-07-05T09:46:33,200.0,36.35,B
2021-07-05T09:46:32,200.0,36.35,B
2021-07-05T09:46:31,1000.0,36.35,B
2021-07-05T09:46:29,300.0,36.35,B
2021-07-05T09:46:29,500.0,36.35,B
2021-07-05T09:46:22,100.0,36.35,B
2021-07-05T09:46:21,1000.0,36.35,B
2021-07-05T09:46:20,200.0,36.35,B
2021-07-05T09:46:08,200.0,36.35,B
2021-07-05T09:46:05,1000.0,36.35,B
2021-07-05T09:46:04,700.0,36.35,S
2021-07-05T09:46:00,3000.0,36.3,S
2021-07-05T09:45:58,100.0,36.4,B
2021-07-05T09:45:57,200.0,36.4,B
2021-07-05T09:45:47,600.0,36.35,S
2021-07-05T09:45:47,100.0,36.35,B
2021-07-05T09:45:45,3900.0,36.35,S
2021-07-05T09:45:42,6800.0,36.35,S
2021-07-05T09:45:27,2000.0,36.4,B
2021-07-05T09:45:21,300.0,36.35,S
2021-07-05T09:45:19,400.0,36.4,B
2021-07-05T09:45:17,500.0,36.4,B
2021-07-05T09:45:09,1800.0,36.35,S
2021-07-05T09:45:09,1500.0,36.35,S
2021-07-05T09:44:57,300.0,36.4,B
2021-07-05T09:44:56,2000.0,36.4,B
2021-07-05T09:44:52,1000.0,36.35,S
2021-07-05T09:44:52,200.0,36.4,B
2021-07-05T09:44:51,100.0,36.4,B
2021-07-05T09:44:51,100.0,36.4,B
2021-07-05T09:44:50,500.0,36.4,B
2021-07-05T09:44:48,2000.0,36.35,S
2021-07-05T09:44:47,100.0,36.4,B
2021-07-05T09:44:44,800.0,36.4,B
2021-07-05T09:44:44,200.0,36.4,B
2021-07-05T09:44:40,2000.0,36.35,S
2021-07-05T09:44:39,500.0,36.4,B
2021-07-05T09:44:38,300.0,36.4,B
2021-07-05T09:44:38,400.0,36.35,S
2021-07-05T09:44:38,1200.0,36.35,S
2021-07-05T09:44:38,4200.0,36.35,S
2021-07-05T09:44:38,4200.0,36.35,S
2021-07-05T09:44:35,1000.0,36.4,B
2021-07-05T09:44:35,300.0,36.4,B
2021-07-05T09:44:34,1500.0,36.4,B
2021-07-05T09:44:25,300.0,36.4,B
2021-07-05T09:44:21,100.0,36.4,B
2021-07-05T09:44:16,200.0,36.35,S
2021-07-05T09:44:09,100.0,36.4,B
2021-07-05T09:44:06,300.0,36.35,S
2021-07-05T09:44:05,500.0,36.4,B
2021-07-05T09:44:04,1500.0,36.4,B
2021-07-05T09:44:02,1100.0,36.4,B
2021-07-05T09:43:59,400.0,36.4,B
2021-07-05T09:43:56,300.0,36.4,B
2021-07-05T09:43:54,500.0,36.4,B
2021-07-05T09:43:53,100.0,36.4,B
2021-07-05T09:43:49,900.0,36.4,B
2021-07-05T09:43:49,200.0,36.4,B
2021-07-05T09:43:41,600.0,36.4,B
2021-07-05T09:43:41,500.0,36.4,B
2021-07-05T09:43:41,100.0,36.4,B
2021-07-05T09:43:41,2300.0,36.4,B
2021-07-05T09:43:35,1000.0,36.4,B
2021-07-05T09:43:32,100.0,36.4,B
2021-07-05T09:43:27,300.0,36.4,B
2021-07-05T09:43:20,3000.0,36.35,S
2021-07-05T09:43:17,3000.0,36.4,B
2021-07-05T09:43:17,6000.0,36.35,S
2021-07-05T09:43:12,300.0,36.35,S
2021-07-05T09:43:08,100.0,36.4,B
2021-07-05T09:43:06,100.0,36.35,S
2021-07-05T09:42:58,7100.0,36.35,S
2021-07-05T09:42:58,600.0,36.35,S
2021-07-05T09:42:58,600.0,36.35,S
2021-07-05T09:42:58,11700.0,36.35,S
2021-07-05T09:42:49,1000.0,36.35,S
2021-07-05T09:42:46,100.0,36.4,B
2021-07-05T09:42:42,2000.0,36.4,B
2021-07-05T09:42:41,200.0,36.4,B
2021-07-05T09:42:35,100.0,36.4,B
2021-07-05T09:42:34,500.0,36.4,B
2021-07-05T09:42:27,2000.0,36.4,B
2021-07-05T09:42:25,200.0,36.4,B
2021-07-05T09:42:25,1000.0,36.4,B
2021-07-05T09:42:24,5000.0,36.4,B
2021-07-05T09:42:22,600.0,36.4,B
2021-07-05T09:42:18,200.0,36.4,B
2021-07-05T09:42:16,100.0,36.4,B
2021-07-05T09:42:07,5000.0,36.4,B
2021-07-05T09:42:06,1000.0,36.4,B
2021-07-05T09:41:59,800.0,36.4,B
2021-07-05T09:41:56,300.0,36.4,B
2021-07-05T09:41:56,800.0,36.35,S
2021-07-05T09:41:55,3000.0,36.4,B
2021-07-05T09:41:55,200.0,36.4,B
2021-07-05T09:41:54,700.0,36.4,B
2021-07-05T09:41:52,1100.0,36.4,B
2021-07-05T09:41:50,1500.0,36.4,B
2021-07-05T09:41:47,200.0,36.4,B
2021-07-05T09:41:44,100.0,36.4,B
2021-07-05T09:41:40,500.0,36.4,B
2021-07-05T09:41:39,3000.0,36.4,B
2021-07-05T09:41:39,100.0,36.4,B
2021-07-05T09:41:39,2100.0,36.4,B
2021-07-05T09:41:38,200.0,36.4,B
2021-07-05T09:41:34,500.0,36.35,S
2021-07-05T09:41:34,9000.0,36.4,B
2021-07-05T09:41:34,100.0,36.4,B
2021-07-05T09:41:32,2500.0,36.4,B
2021-07-05T09:41:30,1000.0,36.4,B
2021-07-05T09:41:30,100.0,36.4,B
2021-07-05T09:41:27,500.0,36.35,S
2021-07-05T09:41:27,2500.0,36.35,S
2021-07-05T09:41:20,500.0,36.4,B
2021-07-05T09:41:13,2000.0,36.4,B
2021-07-05T09:41:11,10000.0,36.4,B
2021-07-05T09:41:09,2000.0,36.4,B
2021-07-05T09:41:07,100.0,36.4,B
2021-07-05T09:41:06,4300.0,36.4,S
2021-07-05T09:41:05,2000.0,36.4,S
2021-07-05T09:41:02,2000.0,36.4,S
2021-07-05T09:41:00,200.0,36.4,S
2021-07-05T09:40:54,1400.0,36.4,S
2021-07-05T09:40:54,1200.0,36.4,S
2021-07-05T09:40:54,2400.0,36.4,S
2021-07-05T09:40:54,100.0,36.45,B
2021-07-05T09:40:53,300.0,36.4,S
2021-07-05T09:40:46,3000.0,36.4,S
2021-07-05T09:40:38,200.0,36.4,S
2021-07-05T09:40:37,600.0,36.4,S
2021-07-05T09:40:36,2000.0,36.4,S
2021-07-05T09:40:27,100.0,36.4,S
2021-07-05T09:40:27,1000.0,36.45,B
2021-07-05T09:40:20,400.0,36.45,B
2021-07-05T09:40:18,2000.0,36.45,B
2021-07-05T09:40:16,1200.0,36.4,S
2021-07-05T09:40:16,2700.0,36.4,S
2021-07-05T09:40:16,400.0,36.4,S
2021-07-05T09:40:16,5700.0,36.4,S
2021-07-05T09:40:14,5000.0,36.45,B
2021-07-05T09:40:08,500.0,36.4,S
2021-07-05T09:40:03,300.0,36.45,B
2021-07-05T09:40:00,2000.0,36.4,S
2021-07-05T09:40:00,100.0,36.45,B
2021-07-05T09:39:49,100.0,36.4,S
2021-07-05T09:39:48,1000.0,36.4,S
2021-07-05T09:39:47,5000.0,36.4,S
2021-07-05T09:39:47,200.0,36.5,B
2021-07-05T09:39:45,1000.0,36.45,S
2021-07-05T09:39:43,1000.0,36.5,B
2021-07-05T09:39:42,500.0,36.45,B
2021-07-05T09:39:41,200.0,36.45,B
2021-07-05T09:39:40,700.0,36.5,B
2021-07-05T09:39:38,100.0,36.4,S
2021-07-05T09:39:36,1000.0,36.4,S
2021-07-05T09:39:36,1100.0,36.4,S
2021-07-05T09:39:36,2800.0,36.4,S
2021-07-05T09:39:36,4000.0,36.4,S
2021-07-05T09:39:36,500.0,36.4,S
2021-07-05T09:39:34,3000.0,36.45,S
2021-07-05T09:39:33,500.0,36.45,S
2021-07-05T09:39:30,5000.0,36.45,S
2021-07-05T09:39:25,500.0,36.5,B
2021-07-05T09:39:24,300.0,36.45,S
2021-07-05T09:39:24,1700.0,36.45,S
2021-07-05T09:39:20,800.0,36.45,S
2021-07-05T09:39:18,100.0,36.5,B
2021-07-05T09:39:18,100.0,36.5,B
2021-07-05T09:39:12,1000.0,36.45,S
2021-07-05T09:39:12,4000.0,36.45,S
2021-07-05T09:39:09,100.0,36.5,B
2021-07-05T09:39:04,500.0,36.45,S
2021-07-05T09:39:03,1500.0,36.5,B
2021-07-05T09:38:57,200.0,36.5,B
2021-07-05T09:38:54,300.0,36.5,B
2021-07-05T09:38:54,2500.0,36.5,B
2021-07-05T09:38:54,17200.0,36.5,B
2021-07-05T09:38:53,200.0,36.5,B
2021-07-05T09:38:51,500.0,36.5,B
2021-07-05T09:38:49,5000.0,36.5,B
2021-07-05T09:38:44,5000.0,36.45,S
2021-07-05T09:38:44,2000.0,36.5,B
2021-07-05T09:38:43,1500.0,36.45,S
2021-07-05T09:38:39,1000.0,36.5,B
2021-07-05T09:38:36,200.0,36.5,B
2021-07-05T09:38:35,100.0,36.45,S
2021-07-05T09:38:34,100.0,36.45,S
2021-07-05T09:38:33,800.0,36.45,S
2021-07-05T09:38:33,500.0,36.5,B
2021-07-05T09:38:30,200.0,36.45,S
2021-07-05T09:38:30,2000.0,36.5,B
2021-07-05T09:38:30,100.0,36.45,S
2021-07-05T09:38:27,1500.0,36.5,B
2021-07-05T09:38:25,500.0,36.5,B
2021-07-05T09:38:25,200.0,36.5,B
2021-07-05T09:38:19,200.0,36.45,S
2021-07-05T09:38:18,1000.0,36.5,B
2021-07-05T09:38:18,500.0,36.45,S
2021-07-05T09:38:13,200.0,36.5,B
2021-07-05T09:38:12,100.0,36.5,B
2021-07-05T09:38:08,1000.0,36.5,B
2021-07-05T09:38:08,300.0,36.5,B
2021-07-05T09:38:04,300.0,36.5,B
2021-07-05T09:38:02,1900.0,36.5,B
2021-07-05T09:37:58,200.0,36.5,B
2021-07-05T09:37:56,100.0,36.5,B
2021-07-05T09:37:56,500.0,36.45,S
2021-07-05T09:37:48,2200.0,36.5,B
2021-07-05T09:37:48,200.0,36.5,B
2021-07-05T09:37:48,600.0,36.5,B
2021-07-05T09:37:46,5000.0,36.45,S
2021-07-05T09:37:44,10000.0,36.5,B
2021-07-05T09:37:42,2200.0,36.5,B
2021-07-05T09:37:39,200.0,36.45,S
2021-07-05T09:37:37,300.0,36.5,B
2021-07-05T09:37:37,2000.0,36.5,B
2021-07-05T09:37:36,500.0,36.5,B
2021-07-05T09:37:31,100.0,36.45,S
2021-07-05T09:37:29,3000.0,36.5,B
2021-07-05T09:37:21,200.0,36.5,B
2021-07-05T09:37:15,400.0,36.5,B
2021-07-05T09:37:12,300.0,36.5,B
2021-07-05T09:37:10,100.0,36.5,B
2021-07-05T09:37:01,300.0,36.5,B
2021-07-05T09:37:00,5000.0,36.5,B
2021-07-05T09:36:58,1000.0,36.5,B
2021-07-05T09:36:56,100.0,36.5,B
2021-07-05T09:36:54,1000.0,36.5,B
2021-07-05T09:36:45,100.0,36.5,B
2021-07-05T09:36:39,100.0,36.5,B
2021-07-05T09:36:35,5000.0,36.5,B
2021-07-05T09:36:34,100.0,36.5,B
2021-07-05T09:36:33,1000.0,36.5,B
2021-07-05T09:36:32,100.0,36.5,B
2021-07-05T09:36:30,100.0,36.5,B
2021-07-05T09:36:23,5000.0,36.5,B
2021-07-05T09:36:23,100.0,36.45,S
2021-07-05T09:36:23,4900.0,36.45,S
2021-07-05T09:36:20,200.0,36.45,S
2021-07-05T09:36:20,20000.0,36.5,B
2021-07-05T09:36:12,1000.0,36.5,B
2021-07-05T09:36:12,500.0,36.5,B
2021-07-05T09:36:10,100.0,36.5,B
2021-07-05T09:36:09,100.0,36.5,B
2021-07-05T09:36:08,100.0,36.45,S
2021-07-05T09:36:07,100.0,36.5,B
2021-07-05T09:36:03,1400.0,36.5,B
2021-07-05T09:36:03,6500.0,36.45,S
2021-07-05T09:36:03,200.0,36.45,S
2021-07-05T09:36:03,100.0,36.45,S
2021-07-05T09:36:03,6500.0,36.45,S
2021-07-05T09:36:03,11700.0,36.45,S
2021-07-05T09:35:58,900.0,36.5,B
2021-07-05T09:35:58,3500.0,36.5,B
2021-07-05T09:35:58,600.0,36.5,B
2021-07-05T09:35:57,1000.0,36.5,B
2021-07-05T09:35:56,700.0,36.5,B
2021-07-05T09:35:56,100.0,36.45,S
2021-07-05T09:35:52,1000.0,36.5,B
2021-07-05T09:35:50,100.0,36.5,B
2021-07-05T09:35:50,500.0,36.45,S
2021-07-05T09:35:47,1500.0,36.45,S
2021-07-05T09:35:45,2000.0,36.5,B
2021-07-05T09:35:45,2000.0,36.45,S
2021-07-05T09:35:38,200.0,36.5,B
2021-07-05T09:35:36,200.0,36.5,B
2021-07-05T09:35:33,500.0,36.5,B
2021-07-05T09:35:32,900.0,36.45,S
2021-07-05T09:35:30,300.0,36.5,B
2021-07-05T09:35:30,500.0,36.5,B
2021-07-05T09:35:30,5000.0,36.5,B
2021-07-05T09:35:28,1000.0,36.5,B
2021-07-05T09:35:28,400.0,36.5,B
2021-07-05T09:35:27,100.0,36.5,B
2021-07-05T09:35:23,1000.0,36.45,S
2021-07-05T09:35:21,500.0,36.5,B
2021-07-05T09:35:19,8400.0,36.5,B
2021-07-05T09:35:19,1600.0,36.5,B
2021-07-05T09:35:14,200.0,36.5,B
2021-07-05T09:35:13,100.0,36.5,B
2021-07-05T09:35:13,1000.0,36.5,B
2021-07-05T09:35:12,700.0,36.5,B
2021-07-05T09:35:10,1000.0,36.5,B
2021-07-05T09:35:09,300.0,36.5,B
2021-07-05T09:35:09,200.0,36.5,B
2021-07-05T09:35:09,500.0,36.5,B
2021-07-05T09:35:08,600.0,36.5,B
2021-07-05T09:35:08,500.0,36.5,B
2021-07-05T09:35:08,300.0,36.5,B
2021-07-05T09:35:08,600.0,36.5,B
2021-07-05T09:35:07,300.0,36.5,B
2021-07-05T09:35:06,100.0,36.5,B
2021-07-05T09:35:04,2000.0,36.5,B
2021-07-05T09:35:03,1400.0,36.5,B
2021-07-05T09:35:02,500.0,36.5,B
2021-07-05T09:34:59,10000.0,36.5,B
2021-07-05T09:34:58,4000.0,36.5,B
2021-07-05T09:34:54,500.0,36.5,B
2021-07-05T09:34:53,7500.0,36.5,B
2021-07-05T09:34:52,300.0,36.5,B
2021-07-05T09:34:52,700.0,36.5,B
2021-07-05T09:34:52,12900.0,36.5,B
2021-07-05T09:34:50,500.0,36.5,B
2021-07-05T09:34:48,1000.0,36.5,B
2021-07-05T09:34:43,100.0,36.5,B
2021-07-05T09:34:42,1000.0,36.5,B
2021-07-05T09:34:40,200.0,36.5,B
2021-07-05T09:34:37,2000.0,36.5,B
2021-07-05T09:34:36,200.0,36.5,B
2021-07-05T09:34:34,3000.0,36.5,B
2021-07-05T09:34:32,5000.0,36.5,B
2021-07-05T09:34:29,5000.0,36.5,B
2021-07-05T09:34:28,200.0,36.5,B
2021-07-05T09:34:28,100.0,36.5,B
2021-07-05T09:34:27,200.0,36.5,B
2021-07-05T09:34:24,5000.0,36.5,B
2021-07-05T09:34:22,10000.0,36.5,B
2021-07-05T09:34:19,1000.0,36.5,B
2021-07-05T09:34:05,500.0,36.5,B
2021-07-05T09:34:05,100.0,36.5,B
2021-07-05T09:34:04,1400.0,36.5,B
2021-07-05T09:34:03,500.0,36.45,S
2021-07-05T09:34:02,5000.0,36.5,B
2021-07-05T09:34:00,400.0,36.5,B
2021-07-05T09:33:58,1000.0,36.45,S
2021-07-05T09:33:58,300.0,36.45,S
2021-07-05T09:33:57,10000.0,36.5,B
2021-07-05T09:33:57,100.0,36.5,B
2021-07-05T09:33:56,5000.0,36.5,B
2021-07-05T09:33:55,5000.0,36.5,B
2021-07-05T09:33:48,400.0,36.5,B
2021-07-05T09:33:42,2000.0,36.5,B
2021-07-05T09:33:40,200.0,36.5,B
2021-07-05T09:33:40,500.0,36.5,B
2021-07-05T09:33:39,100.0,36.5,B
2021-07-05T09:33:39,300.0,36.5,B
2021-07-05T09:33:37,200.0,36.5,B
2021-07-05T09:33:36,1000.0,36.5,B
2021-07-05T09:33:30,5000.0,36.5,B
2021-07-05T09:33:28,100.0,36.5,B
2021-07-05T09:33:27,1000.0,36.45,S
2021-07-05T09:33:26,3200.0,36.5,B
2021-07-05T09:33:26,300.0,36.5,B
2021-07-05T09:33:23,2600.0,36.5,B
2021-07-05T09:33:19,2000.0,36.5,B
2021-07-05T09:33:15,300.0,36.5,B
2021-07-05T09:33:15,1400.0,36.5,B
2021-07-05T09:33:13,2700.0,36.5,B
2021-07-05T09:33:11,600.0,36.5,B
2021-07-05T09:33:11,1900.0,36.5,B
2021-07-05T09:33:11,200.0,36.5,B
2021-07-05T09:33:11,400.0,36.5,B
2021-07-05T09:33:11,700.0,36.5,B
2021-07-05T09:33:11,600.0,36.5,B
2021-07-05T09:33:11,5600.0,36.5,B
2021-07-05T09:33:09,1000.0,36.45,S
2021-07-05T09:33:08,1000.0,36.5,B
2021-07-05T09:33:07,100.0,36.5,B
2021-07-05T09:33:07,300.0,36.5,B
2021-07-05T09:33:06,14200.0,36.45,S
2021-07-05T09:33:06,3000.0,36.45,S
2021-07-05T09:33:06,700.0,36.45,S
2021-07-05T09:33:02,1500.0,36.5,B
2021-07-05T09:33:02,500.0,36.5,B
2021-07-05T09:33:02,600.0,36.5,B
2021-07-05T09:33:02,400.0,36.5,B
2021-07-05T09:33:02,2000.0,36.5,B
2021-07-05T09:33:01,200.0,36.45,S
2021-07-05T09:32:59,2500.0,36.5,B
2021-07-05T09:32:59,500.0,36.45,S
2021-07-05T09:32:59,2000.0,36.5,B
2021-07-05T09:32:58,2000.0,36.5,B
2021-07-05T09:32:57,1000.0,36.5,B
2021-07-05T09:32:56,400.0,36.5,B
2021-07-05T09:32:56,5500.0,36.5,B
2021-07-05T09:32:56,700.0,36.5,B
2021-07-05T09:32:56,3400.0,36.5,B
2021-07-05T09:32:55,2200.0,36.5,B
2021-07-05T09:32:54,3000.0,36.5,B
2021-07-05T09:32:53,2000.0,36.5,B
2021-07-05T09:32:52,100.0,36.5,B
2021-07-05T09:32:52,1800.0,36.5,B
2021-07-05T09:32:50,500.0,36.5,B
2021-07-05T09:32:50,1700.0,36.5,B
2021-07-05T09:32:49,2000.0,36.5,B
2021-07-05T09:32:49,300.0,36.5,B
2021-07-05T09:32:49,1000.0,36.45,S
2021-07-05T09:32:48,600.0,36.5,B
2021-07-05T09:32:48,1300.0,36.5,B
2021-07-05T09:32:48,3100.0,36.5,B
2021-07-05T09:32:48,400.0,36.5,B
2021-07-05T09:32:48,1200.0,36.5,B
2021-07-05T09:32:47,400.0,36.5,B
2021-07-05T09:32:46,1000.0,36.5,B
2021-07-05T09:32:45,1000.0,36.5,B
2021-07-05T09:32:42,1600.0,36.5,B
2021-07-05T09:32:42,300.0,36.5,B
2021-07-05T09:32:41,200.0,36.5,B
2021-07-05T09:32:39,200.0,36.5,B
2021-07-05T09:32:38,3000.0,36.5,B
2021-07-05T09:32:37,2000.0,36.5,B
2021-07-05T09:32:34,200.0,36.5,B
2021-07-05T09:32:33,3000.0,36.5,B
2021-07-05T09:32:33,400.0,36.5,B
2021-07-05T09:32:32,700.0,36.5,B
2021-07-05T09:32:30,200.0,36.5,B
2021-07-05T09:32:30,100.0,36.5,B
2021-07-05T09:32:30,1500.0,36.5,B
2021-07-05T09:32:30,400.0,36.5,B
2021-07-05T09:32:27,1200.0,36.5,B
2021-07-05T09:32:25,100.0,36.5,B
2021-07-05T09:32:24,6400.0,36.5,B
2021-07-05T09:32:22,100.0,36.5,B
2021-07-05T09:32:19,800.0,36.5,B
2021-07-05T09:32:17,2000.0,36.5,B
2021-07-05T09:32:14,100.0,36.45,S
2021-07-05T09:32:14,200.0,36.5,B
2021-07-05T09:32:14,1000.0,36.45,S
2021-07-05T09:32:10,200.0,36.5,B
2021-07-05T09:32:10,3300.0,36.5,B
2021-07-05T09:32:10,5000.0,36.5,B
2021-07-05T09:32:08,200.0,36.5,B
2021-07-05T09:32:08,1000.0,36.5,B
2021-07-05T09:32:06,1000.0,36.5,B
2021-07-05T09:32:06,3400.0,36.5,B
2021-07-05T09:32:06,5200.0,36.5,B
2021-07-05T09:32:05,100.0,36.5,B
2021-07-05T09:32:03,500.0,36.5,B
2021-07-05T09:32:00,1000.0,36.5,B
2021-07-05T09:31:59,200.0,36.5,B
2021-07-05T09:31:58,200.0,36.5,B
2021-07-05T09:31:57,500.0,36.5,B
2021-07-05T09:31:49,100.0,36.5,B
2021-07-05T09:31:49,3300.0,36.5,B
2021-07-05T09:31:49,400.0,36.5,B
2021-07-05T09:31:47,100.0,36.5,B
2021-07-05T09:31:44,500.0,36.45,S
2021-07-05T09:31:42,8900.0,36.5,B
2021-07-05T09:31:42,14000.0,36.5,B
2021-07-05T09:31:42,5500.0,36.5,B
2021-07-05T09:31:42,1400.0,36.5,B
2021-07-05T09:31:35,5000.0,36.45,S
2021-07-05T09:31:34,300.0,36.45,S
2021-07-05T09:31:32,600.0,36.45,S
2021-07-05T09:31:25,100.0,36.45,S
2021-07-05T09:31:24,1000.0,36.5,B
2021-07-05T09:31:15,5000.0,36.5,B
2021-07-05T09:31:07,2300.0,36.45,S
2021-07-05T09:31:04,100.0,36.45,S
2021-07-05T09:31:03,200.0,36.45,S
2021-07-05T09:31:01,1000.0,36.45,B
2021-07-05T09:31:01,2000.0,36.45,B
2021-07-05T09:31:00,2000.0,36.45,B
2021-07-05T09:30:56,500.0,36.45,B
2021-07-05T09:30:51,2000.0,36.45,B
2021-07-05T09:30:46,400.0,36.45,B
2021-07-05T09:30:46,1800.0,36.45,B
2021-07-05T09:30:45,1000.0,36.4,S
2021-07-05T09:30:44,5000.0,36.45,B
2021-07-05T09:30:43,1300.0,36.45,B
2021-07-05T09:30:42,1000.0,36.45,B
2021-07-05T09:30:37,3000.0,36.45,B
2021-07-05T09:30:36,500.0,36.45,B
2021-07-05T09:30:36,200.0,36.4,S
2021-07-05T09:30:36,1000.0,36.4,S
2021-07-05T09:30:35,1900.0,36.45,B
2021-07-05T09:30:23,300.0,36.45,B
2021-07-05T09:30:17,100.0,36.4,S
2021-07-05T09:30:14,500.0,36.45,B
2021-07-05T09:30:13,800.0,36.4,B
2021-07-05T09:30:13,1300.0,36.4,B
2021-07-05T09:30:13,200.0,36.4,B
2021-07-05T09:30:13,2600.0,36.4,B
2021-07-05T09:30:13,2800.0,36.4,B
2021-07-05T09:30:13,1500.0,36.4,B
2021-07-05T09:30:10,5000.0,36.4,B
2021-07-05T09:30:06,5000.0,36.4,B
2021-07-05T09:30:05,100.0,36.4,B
2021-07-05T09:30:03,200.0,36.4,B
2021-07-05T09:29:57,2900.0,36.4,B
2021-07-05T09:29:56,100.0,36.35,B
2021-07-05T09:29:56,1000.0,36.35,B
2021-07-05T09:29:56,2900.0,36.35,B
2021-07-05T09:29:52,1300.0,36.35,B
2021-07-05T09:29:51,1000.0,36.35,B
2021-07-05T09:29:46,1500.0,36.35,B
2021-07-05T09:29:46,2000.0,36.35,B
2021-07-05T09:29:45,500.0,36.35,B
2021-07-05T09:29:39,1000.0,36.35,B
2021-07-05T09:29:39,400.0,36.35,B
2021-07-05T09:29:39,500.0,36.3,S
2021-07-05T09:29:39,500.0,36.35,B
2021-07-05T09:29:36,500.0,36.3,S
2021-07-05T09:29:36,500.0,36.35,B
2021-07-05T09:29:35,2000.0,36.35,B
2021-07-05T09:29:34,100.0,36.35,B
2021-07-05T09:29:33,200.0,36.35,B
2021-07-05T09:29:30,1000.0,36.3,S
2021-07-05T09:29:27,200.0,36.35,B
2021-07-05T09:29:26,1000.0,36.3,S
2021-07-05T09:29:26,1300.0,36.35,B
2021-07-05T09:29:24,5000.0,36.35,B
2021-07-05T09:29:23,2000.0,36.35,B
2021-07-05T09:29:21,100.0,36.3,S
2021-07-05T09:29:21,2100.0,36.3,S
2021-07-05T09:29:19,5000.0,36.35,B
2021-07-05T09:29:14,1000.0,36.35,B
2021-07-05T09:29:09,1000.0,36.3,S
2021-07-05T09:29:08,9200.0,36.3,S
2021-07-05T09:29:08,2000.0,36.3,B
2021-07-05T09:29:07,7000.0,36.3,B
2021-07-05T09:29:04,5300.0,36.3,B
2021-07-05T09:29:04,1500.0,36.3,B
2021-07-05T09:29:04,6900.0,36.3,B
2021-07-05T09:29:04,2700.0,36.3,B
2021-07-05T09:29:02,1000.0,36.3,B
2021-07-05T09:29:02,500.0,36.3,B
2021-07-05T09:28:58,3000.0,36.3,B
2021-07-05T09:28:57,500.0,36.3,B
2021-07-05T09:28:52,400.0,36.3,B
2021-07-05T09:28:48,5000.0,36.3,B
2021-07-05T09:28:43,200.0,36.3,B
2021-07-05T09:28:43,100.0,36.25,S
2021-07-05T09:28:41,500.0,36.25,S
2021-07-05T09:28:35,100.0,36.25,S
2021-07-05T09:28:33,1000.0,36.25,S
2021-07-05T09:28:29,300.0,36.25,B
2021-07-05T09:28:29,10000.0,36.25,B
2021-07-05T09:28:29,7800.0,36.1,S
2021-07-05T09:28:29,300.0,36.1,S
2021-07-05T09:28:29,2200.0,36.1,S
2021-07-05T09:28:29,6000.0,36.1,S
2021-07-05T09:28:29,700.0,36.1,S
2021-07-05T09:28:29,900.0,36.1,S
2021-07-05T09:28:29,700.0,36.1,S
2021-07-05T09:28:29,4500.0,36.1,S
2021-07-05T09:28:29,100.0,36.1,S
2021-07-05T09:28:29,2000.0,36.1,S
2021-07-05T09:28:29,3200.0,36.1,S
2021-07-05T09:28:29,6300.0,36.15,S
2021-07-05T09:28:29,6100.0,36.15,S
2021-07-05T09:28:29,500.0,36.15,S
2021-07-05T09:28:29,2700.0,36.15,S
2021-07-05T09:28:29,900.0,36.2,S
2021-07-05T09:28:29,700.0,36.2,S
2021-07-05T09:28:29,4400.0,36.2,S
2021-07-05T09:28:27,500.0,36.25,B
2021-07-05T09:28:24,5200.0,36.25,B
2021-07-05T09:28:17,2700.0,36.2,B
2021-07-05T09:28:17,200.0,36.15,S
2021-07-05T09:28:16,2600.0,36.2,B
2021-07-05T09:28:11,2000.0,36.2,B
2021-07-05T09:28:08,100.0,36.15,S
2021-07-05T09:28:06,1000.0,36.2,B
2021-07-05T09:28:06,1000.0,36.2,B
2021-07-05T09:28:05,1000.0,36.2,B
2021-07-05T09:28:03,100.0,36.15,S
2021-07-05T09:28:02,100.0,36.15,S
2021-07-05T09:28:01,5000.0,36.25,B
2021-07-05T09:27:57,500.0,36.25,B
2021-07-05T09:27:56,6500.0,36.25,B
2021-07-05T09:27:56,300.0,36.25,B
2021-07-05T09:27:56,200.0,36.2,B
2021-07-05T09:27:56,2500.0,36.2,B
2021-07-05T09:27:56,19100.0,36.2,B
2021-07-05T09:27:50,2900.0,36.2,B
2021-07-05T09:27:50,100.0,36.15,B
2021-07-05T09:27:48,300.0,36.15,B
2021-07-05T09:27:48,2500.0,36.15,B
2021-07-05T09:27:48,1000.0,36.15,B
2021-07-05T09:27:45,1000.0,36.15,B
2021-07-05T09:27:44,4000.0,36.1,S
2021-07-05T09:27:44,2000.0,36.15,B
2021-07-05T09:27:42,400.0,36.15,B
2021-07-05T09:27:38,2000.0,36.15,B
2021-07-05T09:27:36,1000.0,36.15,B
2021-07-05T09:27:35,2100.0,36.15,B
2021-07-05T09:27:30,1000.0,36.1,S
2021-07-05T09:27:28,200.0,36.15,B
2021-07-05T09:27:26,5000.0,36.1,S
2021-07-05T09:27:18,2000.0,36.1,S
2021-07-05T09:27:16,2300.0,36.1,B
2021-07-05T09:27:15,2000.0,36.1,B
2021-07-05T09:27:15,100.0,36.1,B
2021-07-05T09:27:11,100.0,36.1,B
2021-07-05T09:27:10,2000.0,36.1,B
2021-07-05T09:27:09,1200.0,36.1,B
2021-07-05T09:27:07,2000.0,36.05,S
2021-07-05T09:27:06,100.0,36.1,B
2021-07-05T09:27:05,5000.0,36.1,B
2021-07-05T09:27:01,1000.0,36.1,B
2021-07-05T09:27:01,300.0,36.1,B
2021-07-05T09:27:00,2000.0,36.1,B
2021-07-05T09:26:59,1000.0,36.05,S
2021-07-05T09:26:58,7000.0,36.1,B
2021-07-05T09:26:54,300.0,36.1,B
2021-07-05T09:26:48,8000.0,36.1,B
2021-07-05T09:26:48,200.0,36.1,B
2021-07-05T09:26:46,3200.0,36.1,B
2021-07-05T09:26:37,100.0,36.1,B
2021-07-05T09:26:37,100.0,36.1,B
2021-07-05T09:26:25,100.0,36.05,S
2021-07-05T09:26:24,1000.0,36.1,B
2021-07-05T09:26:23,600.0,36.1,B
2021-07-05T09:26:18,500.0,36.05,S
2021-07-05T09:26:16,20000.0,36.0,S
2021-07-05T09:26:16,4000.0,36.1,B
2021-07-05T09:26:11,4000.0,36.1,B
2021-07-05T09:26:09,3000.0,36.1,B
2021-07-05T09:26:06,200.0,36.0,S
2021-07-05T09:26:06,1200.0,36.1,B
2021-07-05T09:26:05,100.0,36.1,B
2021-07-05T09:26:04,500.0,36.1,B
2021-07-05T09:25:54,5000.0,36.0,S
2021-07-05T09:25:53,5200.0,36.0,S
2021-07-05T09:25:52,100.0,36.0,S
2021-07-05T09:25:46,400.0,36.0,S
2021-07-05T09:25:43,100.0,36.0,S
2021-07-05T09:25:37,200.0,36.0,S
2021-07-05T09:25:36,1000.0,36.0,S
2021-07-05T09:25:27,1000.0,36.0,S
2021-07-05T09:25:23,100.0,36.1,S
2021-07-05T09:25:16,400.0,36.15,B
2021-07-05T09:25:10,8600.0,36.0,S
2021-07-05T09:25:09,1200.0,36.15,B
2021-07-05T09:25:09,800.0,36.0,S
2021-07-05T09:25:08,300.0,36.1,B
2021-07-05T09:25:04,100.0,36.1,B
2021-07-05T09:25:02,400.0,36.1,B
2021-07-05T09:24:52,12500.0,36.0,S
2021-07-05T09:24:52,100.0,36.0,S
2021-07-05T09:24:52,3600.0,36.0,S
2021-07-05T09:24:52,900.0,36.0,S
2021-07-05T09:24:52,100.0,36.0,S
2021-07-05T09:24:52,1700.0,36.0,S
2021-07-05T09:24:52,500.0,36.0,S
2021-07-05T09:24:52,600.0,36.0,S
2021-07-05T09:24:52,100.0,36.0,S
2021-07-05T09:24:52,100.0,36.0,S
2021-07-05T09:24:52,100.0,36.0,S
2021-07-05T09:24:52,700.0,36.0,S
2021-07-05T09:24:52,300.0,36.0,S
2021-07-05T09:24:52,1100.0,36.0,S
2021-07-05T09:24:52,500.0,36.0,S
2021-07-05T09:24:52,100.0,36.0,S
2021-07-05T09:24:52,1200.0,36.0,S
2021-07-05T09:24:52,100.0,36.0,S
2021-07-05T09:24:52,900.0,36.0,S
2021-07-05T09:24:52,600.0,36.0,S
2021-07-05T09:24:52,200.0,36.0,S
2021-07-05T09:24:52,300.0,36.0,S
2021-07-05T09:24:52,300.0,36.0,S
2021-07-05T09:24:52,500.0,36.0,S
2021-07-05T09:24:52,2900.0,36.0,S
2021-07-05T09:24:51,1000.0,36.1,B
2021-07-05T09:24:50,600.0,36.1,S
2021-07-05T09:24:49,200.0,36.1,S
2021-07-05T09:24:49,4500.0,36.1,S
2021-07-05T09:24:49,6100.0,36.1,S
2021-07-05T09:24:49,1000.0,36.1,S
2021-07-05T09:24:49,600.0,36.1,S
2021-07-05T09:24:49,100.0,36.1,S
2021-07-05T09:24:49,1200.0,36.1,S
2021-07-05T09:24:49,3000.0,36.1,S
2021-07-05T09:24:49,5300.0,36.1,S
2021-07-05T09:24:49,1100.0,36.1,S
2021-07-05T09:24:49,200.0,36.15,S
2021-07-05T09:24:49,2000.0,36.15,S
2021-07-05T09:24:40,500.0,36.15,S
2021-07-05T09:24:40,1000.0,36.2,B
2021-07-05T09:24:38,1300.0,36.2,B
2021-07-05T09:24:35,1500.0,36.2,B
2021-07-05T09:24:35,500.0,36.2,B
2021-07-05T09:24:34,400.0,36.2,B
2021-07-05T09:24:26,200.0,36.2,S
2021-07-05T09:24:26,100.0,36.2,S
2021-07-05T09:24:26,4400.0,36.2,S
2021-07-05T09:24:23,2000.0,36.2,S
2021-07-05T09:24:22,200.0,36.2,S
2021-07-05T09:24:20,400.0,36.25,B
2021-07-05T09:24:19,2000.0,36.2,S
2021-07-05T09:24:08,1000.0,36.25,B
2021-07-05T09:24:07,200.0,36.2,S
2021-07-05T09:24:05,100.0,36.2,S
2021-07-05T09:24:04,500.0,36.2,B
2021-07-05T09:24:03,200.0,36.2,B
2021-07-05T09:24:01,1300.0,36.1,S
2021-07-05T09:24:01,500.0,36.1,S
2021-07-05T09:24:01,3000.0,36.1,S
2021-07-05T09:24:01,500.0,36.1,S
2021-07-05T09:24:01,800.0,36.1,S
2021-07-05T09:24:01,2000.0,36.1,S
2021-07-05T09:24:01,100.0,36.1,S
2021-07-05T09:24:01,8400.0,36.1,S
2021-07-05T09:24:01,600.0,36.1,S
2021-07-05T09:24:01,1000.0,36.1,S
2021-07-05T09:24:01,700.0,36.1,S
2021-07-05T09:24:01,100.0,36.1,S
2021-07-05T09:24:01,1300.0,36.1,S
2021-07-05T09:24:01,500.0,36.1,S
2021-07-05T09:24:01,100.0,36.1,S
2021-07-05T09:24:01,100.0,36.1,S
2021-07-05T09:24:01,2100.0,36.15,S
2021-07-05T09:24:01,1200.0,36.15,S
2021-07-05T09:24:01,200.0,36.15,S
2021-07-05T09:24:01,200.0,36.15,S
2021-07-05T09:24:01,100.0,36.15,S
2021-07-05T09:24:01,5200.0,36.2,S
2021-07-05T09:23:57,1000.0,36.25,B
2021-07-05T09:23:53,10000.0,36.2,S
2021-07-05T09:23:52,100.0,36.2,S
2021-07-05T09:23:49,2000.0,36.2,S
2021-07-05T09:23:46,200.0,36.2,S
2021-07-05T09:23:44,100.0,36.2,S
2021-07-05T09:23:42,100.0,36.2,S
2021-07-05T09:23:38,2000.0,36.25,S
2021-07-05T09:23:36,1000.0,36.25,B
2021-07-05T09:23:30,400.0,36.25,B
2021-07-05T09:23:17,300.0,36.2,S
2021-07-05T09:23:17,2000.0,36.2,S
2021-07-05T09:23:17,700.0,36.2,S
2021-07-05T09:23:17,1000.0,36.25,B
2021-07-05T09:23:06,1000.0,36.2,S
2021-07-05T09:23:06,1000.0,36.25,B
2021-07-05T09:23:02,600.0,36.2,S
2021-07-05T09:23:02,400.0,36.2,S
2021-07-05T09:23:01,100.0,36.2,S
2021-07-05T09:23:01,1500.0,36.2,S
2021-07-05T09:23:01,1200.0,36.2,S
2021-07-05T09:23:01,100.0,36.2,S
2021-07-05T09:23:01,7100.0,36.2,S
2021-07-05T09:23:01,4400.0,36.25,B
2021-07-05T09:23:01,100.0,36.25,B
2021-07-05T09:22:59,500.0,36.3,B
2021-07-05T09:22:58,15000.0,36.2,S
2021-07-05T09:22:58,100.0,36.25,S
2021-07-05T09:22:55,3800.0,36.2,S
2021-07-05T09:22:55,900.0,36.2,S
2021-07-05T09:22:55,300.0,36.2,S
2021-07-05T09:22:55,600.0,36.2,S
2021-07-05T09:22:55,1200.0,36.2,S
2021-07-05T09:22:55,400.0,36.2,S
2021-07-05T09:22:55,500.0,36.2,S
2021-07-05T09:22:55,2300.0,36.25,S
2021-07-05T09:22:50,2300.0,36.3,B
2021-07-05T09:22:49,500.0,36.25,S
2021-07-05T09:22:48,100.0,36.25,S
2021-07-05T09:22:47,1400.0,36.25,S
2021-07-05T09:22:46,200.0,36.3,B
2021-07-05T09:22:40,500.0,36.25,S
2021-07-05T09:22:38,1000.0,36.25,S
2021-07-05T09:22:38,100.0,36.3,B
2021-07-05T09:22:29,1500.0,36.25,B
2021-07-05T09:22:27,1500.0,36.25,B
2021-07-05T09:22:27,400.0,36.2,S
2021-07-05T09:22:24,100.0,36.25,B
2021-07-05T09:22:23,1000.0,36.2,S
2021-07-05T09:22:23,3000.0,36.25,B
2021-07-05T09:22:19,1000.0,36.2,S
2021-07-05T09:22:19,100.0,36.2,S
2021-07-05T09:22:19,100.0,36.2,S
2021-07-05T09:22:16,1000.0,36.25,B
2021-07-05T09:22:12,1500.0,36.2,S
2021-07-05T09:22:11,100.0,36.25,B
2021-07-05T09:22:10,100.0,36.25,B
2021-07-05T09:22:09,300.0,36.25,B
2021-07-05T09:22:07,100.0,36.25,B
2021-07-05T09:22:06,2000.0,36.25,B
2021-07-05T09:22:04,500.0,36.25,B
2021-07-05T09:22:03,500.0,36.25,B
2021-07-05T09:21:56,2100.0,36.25,S
2021-07-05T09:21:53,700.0,36.3,B
2021-07-05T09:21:50,500.0,36.25,S
2021-07-05T09:21:49,1200.0,36.3,S
2021-07-05T09:21:47,600.0,36.35,B
2021-07-05T09:21:44,3000.0,36.3,S
2021-07-05T09:21:44,1000.0,36.3,S
2021-07-05T09:21:44,100.0,36.35,B
2021-07-05T09:21:44,200.0,36.3,S
2021-07-05T09:21:39,600.0,36.3,S
2021-07-05T09:21:37,1000.0,36.3,S
2021-07-05T09:21:36,300.0,36.3,S
2021-07-05T09:21:35,100.0,36.35,B
2021-07-05T09:21:32,1000.0,36.4,B
2021-07-05T09:21:31,500.0,36.4,B
2021-07-05T09:21:31,100.0,36.35,S
2021-07-05T09:21:29,900.0,36.35,B
2021-07-05T09:21:29,500.0,36.35,B
2021-07-05T09:21:25,200.0,36.3,S
2021-07-05T09:21:19,3000.0,36.2,S
2021-07-05T09:21:18,200.0,36.2,S
2021-07-05T09:21:18,600.0,36.2,S
2021-07-05T09:21:18,4600.0,36.2,S
2021-07-05T09:21:18,2200.0,36.2,S
2021-07-05T09:21:18,2000.0,36.2,S
2021-07-05T09:21:18,5000.0,36.2,S
2021-07-05T09:21:18,200.0,36.2,S
2021-07-05T09:21:18,500.0,36.2,S
2021-07-05T09:21:18,600.0,36.2,S
2021-07-05T09:21:18,2500.0,36.2,S
2021-07-05T09:21:18,1000.0,36.2,S
2021-07-05T09:21:18,1000.0,36.2,S
2021-07-05T09:21:18,300.0,36.2,S
2021-07-05T09:21:18,2100.0,36.2,S
2021-07-05T09:21:18,1000.0,36.25,S
2021-07-05T09:21:18,500.0,36.25,S
2021-07-05T09:21:18,300.0,36.25,S
2021-07-05T09:21:18,3700.0,36.3,S
2021-07-05T09:21:18,3300.0,36.3,S
2021-07-05T09:21:18,2200.0,36.3,S
2021-07-05T09:21:18,2500.0,36.3,S
2021-07-05T09:21:18,200.0,36.3,S
2021-07-05T09:21:18,300.0,36.3,S
2021-07-05T09:21:18,13200.0,36.3,S
2021-07-05T09:21:16,400.0,36.35,B
2021-07-05T09:21:16,200.0,36.3,S
2021-07-05T09:21:12,3000.0,36.35,B
2021-07-05T09:21:11,100.0,36.35,B
2021-07-05T09:21:11,500.0,36.35,B
2021-07-05T09:21:10,1000.0,36.35,B
2021-07-05T09:21:10,100.0,36.3,S
2021-07-05T09:21:08,2000.0,36.4,B
2021-07-05T09:21:07,600.0,36.4,B
2021-07-05T09:21:07,200.0,36.3,S
2021-07-05T09:21:07,1200.0,36.3,S
2021-07-05T09:21:03,200.0,36.4,B
2021-07-05T09:21:03,4000.0,36.4,B
2021-07-05T09:21:03,200.0,36.35,B
2021-07-05T09:21:02,1500.0,36.35,B
2021-07-05T09:20:58,600.0,36.35,B
2021-07-05T09:20:57,900.0,36.35,B
2021-07-05T09:20:55,700.0,36.4,B
2021-07-05T09:20:55,2200.0,36.35,S
2021-07-05T09:20:52,300.0,36.4,B
2021-07-05T09:20:51,200.0,36.4,B
2021-07-05T09:20:47,200.0,36.4,B
2021-07-05T09:20:47,3000.0,36.35,S
2021-07-05T09:20:47,13400.0,36.4,B
2021-07-05T09:20:47,500.0,36.35,S
2021-07-05T09:20:45,100.0,36.4,B
2021-07-05T09:20:45,3000.0,36.4,B
2021-07-05T09:20:44,5300.0,36.4,S
2021-07-05T09:20:44,1100.0,36.4,S
2021-07-05T09:20:44,1700.0,36.4,S
2021-07-05T09:20:44,600.0,36.4,S
2021-07-05T09:20:44,3100.0,36.4,S
2021-07-05T09:20:44,2000.0,36.5,B
2021-07-05T09:20:42,200.0,36.5,B
2021-07-05T09:20:42,100.0,36.5,B
2021-07-05T09:20:37,3000.0,36.5,B
2021-07-05T09:20:37,200.0,36.5,B
2021-07-05T09:20:36,900.0,36.5,B
2021-07-05T09:20:34,300.0,36.5,B
2021-07-05T09:20:34,1700.0,36.5,B
2021-07-05T09:20:32,100.0,36.5,B
2021-07-05T09:20:32,1200.0,36.4,S
2021-07-05T09:20:32,1100.0,36.4,S
2021-07-05T09:20:32,1600.0,36.4,S
2021-07-05T09:20:32,6000.0,36.4,S
2021-07-05T09:20:32,4600.0,36.4,S
2021-07-05T09:20:32,200.0,36.4,S
2021-07-05T09:20:32,300.0,36.4,S
2021-07-05T09:20:32,10000.0,36.4,S
2021-07-05T09:20:32,12300.0,36.4,S
2021-07-05T09:20:32,22700.0,36.45,S
2021-07-05T09:20:30,100.0,36.5,B
2021-07-05T09:20:30,300.0,36.5,B
2021-07-05T09:20:29,600.0,36.5,B
2021-07-05T09:20:28,100.0,36.5,B
2021-07-05T09:20:26,100.0,36.5,B
2021-07-05T09:20:26,500.0,36.5,B
2021-07-05T09:20:26,500.0,36.5,B
2021-07-05T09:20:25,1000.0,36.5,B
2021-07-05T09:20:23,100.0,36.5,B
2021-07-05T09:20:23,900.0,36.5,B
2021-07-05T09:20:19,3000.0,36.5,B
2021-07-05T09:20:18,100.0,36.5,B
2021-07-05T09:20:17,1200.0,36.5,B
2021-07-05T09:20:16,1400.0,36.5,B
2021-07-05T09:20:16,400.0,36.5,B
2021-07-05T09:20:15,1000.0,36.5,B
2021-07-05T09:20:14,1100.0,36.5,B
2021-07-05T09:20:14,200.0,36.5,B
2021-07-05T09:20:12,300.0,36.5,B
2021-07-05T09:20:12,500.0,36.5,B
2021-07-05T09:20:12,1500.0,36.5,B
2021-07-05T09:20:12,1000.0,36.5,B
2021-07-05T09:20:11,300.0,36.5,B
2021-07-05T09:20:11,200.0,36.5,B
2021-07-05T09:20:10,6300.0,36.5,S
2021-07-05T09:20:09,500.0,36.5,S
2021-07-05T09:20:06,400.0,36.5,S
2021-07-05T09:20:04,400.0,36.55,B
2021-07-05T09:20:02,1700.0,36.5,B
2021-07-05T09:20:02,200.0,36.5,B
2021-07-05T09:20:01,1500.0,36.5,S
2021-07-05T09:20:01,1900.0,36.5,S
2021-07-05T09:20:01,3100.0,36.5,S
2021-07-05T09:20:01,4800.0,36.5,S
2021-07-05T09:20:01,600.0,36.5,S
2021-07-05T09:20:01,6200.0,36.5,S
2021-07-05T09:19:53,600.0,36.55,B
2021-07-05T09:19:53,5000.0,36.55,B
2021-07-05T09:19:53,200.0,36.5,S
2021-07-05T09:19:49,300.0,36.55,B
2021-07-05T09:19:47,700.0,36.55,B
2021-07-05T09:19:47,2000.0,36.55,B
2021-07-05T09:19:46,1100.0,36.55,B
2021-07-05T09:19:45,300.0,36.55,B
2021-07-05T09:19:43,400.0,36.5,S
2021-07-05T09:19:42,300.0,36.55,B
2021-07-05T09:19:30,100.0,36.5,S
2021-07-05T09:19:28,500.0,36.5,S
2021-07-05T09:19:24,100.0,36.55,B
2021-07-05T09:19:22,3300.0,36.45,S
2021-07-05T09:19:22,5200.0,36.45,S
2021-07-05T09:19:22,5100.0,36.45,S
2021-07-05T09:19:22,1500.0,36.45,S
2021-07-05T09:19:22,34900.0,36.45,S
2021-07-05T09:19:20,600.0,36.55,B
2021-07-05T09:19:16,1400.0,36.55,B
2021-07-05T09:19:15,1000.0,36.5,B
2021-07-05T09:19:13,1000.0,36.5,B
2021-07-05T09:19:12,500.0,36.5,B
2021-07-05T09:19:12,2300.0,36.5,S
2021-07-05T09:19:11,1000.0,36.5,S
2021-07-05T09:19:08,200.0,36.5,S
2021-07-05T09:19:08,1700.0,36.5,S
2021-07-05T09:19:06,100.0,36.5,S
2021-07-05T09:19:05,1000.0,36.5,S
2021-07-05T09:19:02,100.0,36.5,S
2021-07-05T09:19:01,500.0,36.5,S
2021-07-05T09:19:01,100.0,36.55,B
2021-07-05T09:18:58,1300.0,36.5,B
2021-07-05T09:18:58,100.0,36.5,B
2021-07-05T09:18:58,1000.0,36.5,B
2021-07-05T09:18:58,900.0,36.5,B
2021-07-05T09:18:58,200.0,36.5,B
2021-07-05T09:18:58,500.0,36.5,B
2021-07-05T09:18:58,100.0,36.5,B
2021-07-05T09:18:57,100.0,36.5,B
2021-07-05T09:18:55,1500.0,36.5,B
2021-07-05T09:18:55,4000.0,36.5,B
2021-07-05T09:18:55,5500.0,36.5,B
2021-07-05T09:18:53,200.0,36.5,B
2021-07-05T09:18:52,100.0,36.5,B
2021-07-05T09:18:52,300.0,36.5,B
2021-07-05T09:18:51,10000.0,36.5,B
2021-07-05T09:18:50,1800.0,36.5,B
2021-07-05T09:18:49,1900.0,36.5,B
2021-07-05T09:18:43,100.0,36.45,S
2021-07-05T09:18:42,1500.0,36.5,B
2021-07-05T09:18:40,7000.0,36.5,B
2021-07-05T09:18:39,100.0,36.5,B
2021-07-05T09:18:38,3000.0,36.5,B
2021-07-05T09:18:37,1000.0,36.5,B
2021-07-05T09:18:37,1200.0,36.5,B
2021-07-05T09:18:37,2000.0,36.5,B
2021-07-05T09:18:36,500.0,36.5,B
2021-07-05T09:18:35,400.0,36.5,B
2021-07-05T09:18:34,9000.0,36.5,B
2021-07-05T09:18:33,200.0,36.5,B
2021-07-05T09:18:32,500.0,36.5,B
2021-07-05T09:18:30,1500.0,36.5,B
2021-07-05T09:18:28,2000.0,36.5,B
2021-07-05T09:18:28,1400.0,36.5,B
2021-07-05T09:18:26,2000.0,36.5,B
2021-07-05T09:18:26,1000.0,36.5,B
2021-07-05T09:18:25,1000.0,36.5,B
2021-07-05T09:18:25,300.0,36.5,B
2021-07-05T09:18:25,300.0,36.5,B
2021-07-05T09:18:22,1000.0,36.5,B
2021-07-05T09:18:21,400.0,36.5,B
2021-07-05T09:18:21,900.0,36.5,B
2021-07-05T09:18:20,300.0,36.5,B
2021-07-05T09:18:19,200.0,36.5,B
2021-07-05T09:18:17,800.0,36.5,B
2021-07-05T09:18:16,400.0,36.5,B
2021-07-05T09:18:15,2200.0,36.5,B
2021-07-05T09:18:14,100.0,36.5,B
2021-07-05T09:18:13,100.0,36.5,B
2021-07-05T09:18:06,100.0,36.5,B
2021-07-05T09:18:04,5000.0,36.45,S
2021-07-05T09:18:04,1000.0,36.5,B
2021-07-05T09:18:02,400.0,36.5,B
2021-07-05T09:18:01,700.0,36.45,S
2021-07-05T09:18:01,600.0,36.45,S
2021-07-05T09:18:01,500.0,36.45,S
2021-07-05T09:17:59,1700.0,36.5,S
2021-07-05T09:17:59,300.0,36.5,B
2021-07-05T09:17:59,200.0,36.5,S
2021-07-05T09:17:57,100.0,36.5,B
2021-07-05T09:17:57,400.0,36.5,B
2021-07-05T09:17:57,500.0,36.5,B
2021-07-05T09:17:57,100.0,36.5,B
2021-07-05T09:17:57,600.0,36.5,B
2021-07-05T09:17:57,200.0,36.5,B
2021-07-05T09:17:57,2000.0,36.5,B
2021-07-05T09:17:56,100.0,36.45,S
2021-07-05T09:17:55,1200.0,36.45,S
2021-07-05T09:17:55,100.0,36.45,S
2021-07-05T09:17:55,1100.0,36.45,S
2021-07-05T09:17:51,900.0,36.5,B
2021-07-05T09:17:49,600.0,36.45,S
2021-07-05T09:17:49,500.0,36.5,B
2021-07-05T09:17:47,400.0,36.5,B
2021-07-05T09:17:47,700.0,36.5,B
2021-07-05T09:17:47,5200.0,36.5,B
2021-07-05T09:17:47,1300.0,36.5,B
2021-07-05T09:17:47,600.0,36.5,B
2021-07-05T09:17:47,200.0,36.5,B
2021-07-05T09:17:47,1100.0,36.5,B
2021-07-05T09:17:47,2300.0,36.5,B
2021-07-05T09:17:47,1600.0,36.5,B
2021-07-05T09:17:47,5000.0,36.5,B
2021-07-05T09:17:47,2400.0,36.5,B
2021-07-05T09:17:47,500.0,36.5,B
2021-07-05T09:17:47,2000.0,36.5,B
2021-07-05T09:17:47,2700.0,36.5,B
2021-07-05T09:17:47,600.0,36.5,B
2021-07-05T09:17:47,23400.0,36.5,B
2021-07-05T09:17:46,100.0,36.45,S
2021-07-05T09:17:44,1000.0,36.45,S
2021-07-05T09:17:42,1200.0,36.45,B
2021-07-05T09:17:42,5000.0,36.45,B
2021-07-05T09:17:41,500.0,36.45,B
2021-07-05T09:17:41,200.0,36.45,B
2021-07-05T09:17:40,400.0,36.45,B
2021-07-05T09:17:39,300.0,36.45,B
2021-07-05T09:17:37,100.0,36.45,B
2021-07-05T09:17:36,1000.0,36.45,B
2021-07-05T09:17:36,500.0,36.45,B
2021-07-05T09:17:35,800.0,36.45,B
2021-07-05T09:17:34,1000.0,36.45,B
2021-07-05T09:17:32,100.0,36.45,B
2021-07-05T09:17:29,2000.0,36.45,B
2021-07-05T09:17:29,1000.0,36.45,B
2021-07-05T09:17:26,100.0,36.45,B
2021-07-05T09:17:26,700.0,36.45,B
2021-07-05T09:17:24,100.0,36.4,S
2021-07-05T09:17:24,1700.0,36.4,S
2021-07-05T09:17:23,700.0,36.45,B
2021-07-05T09:17:22,400.0,36.45,B
2021-07-05T09:17:21,100.0,36.45,B
2021-07-05T09:17:15,2200.0,36.4,S
2021-07-05T09:17:12,300.0,36.4,S
2021-07-05T09:17:11,100.0,36.45,B
2021-07-05T09:17:09,2000.0,36.4,S
2021-07-05T09:17:05,200.0,36.45,B
2021-07-05T09:17:02,500.0,36.4,S
2021-07-05T09:17:02,100.0,36.45,B
2021-07-05T09:17:00,5000.0,36.4,S
2021-07-05T09:16:59,100.0,36.45,B
2021-07-05T09:16:59,100.0,36.45,B
2021-07-05T09:16:53,1000.0,36.4,S
2021-07-05T09:16:50,300.0,36.45,B
2021-07-05T09:16:42,1000.0,36.4,S
2021-07-05T09:16:39,100.0,36.4,B
2021-07-05T09:16:39,14400.0,36.4,B
2021-07-05T09:16:39,1000.0,36.4,B
2021-07-05T09:16:39,300.0,36.4,B
2021-07-05T09:16:38,600.0,36.4,B
2021-07-05T09:16:38,300.0,36.4,B
2021-07-05T09:16:38,1000.0,36.4,B
2021-07-05T09:16:37,300.0,36.4,B
2021-07-05T09:16:34,100.0,36.4,B
2021-07-05T09:16:33,500.0,36.4,B
2021-07-05T09:16:33,4000.0,36.4,B
2021-07-05T09:16:31,500.0,36.4,B
2021-07-05T09:16:29,1000.0,36.4,B
2021-07-05T09:16:29,4000.0,36.4,B
2021-07-05T09:16:25,200.0,36.4,B
2021-07-05T09:16:25,1200.0,36.4,B
2021-07-05T09:16:24,1000.0,36.4,B
2021-07-05T09:16:23,2000.0,36.4,B
2021-07-05T09:16:21,100.0,36.4,B
2021-07-05T09:16:19,200.0,36.4,B
2021-07-05T09:16:17,400.0,36.4,B
2021-07-05T09:16:13,500.0,36.4,B
2021-07-05T09:16:13,1000.0,36.4,B
2021-07-05T09:16:11,600.0,36.4,B
2021-07-05T09:16:11,100.0,36.3,S
2021-07-05T09:16:11,28100.0,36.3,S
2021-07-05T09:16:11,5100.0,36.4,B
2021-07-05T09:16:11,300.0,36.4,B
2021-07-05T09:16:10,500.0,36.4,B
2021-07-05T09:16:08,200.0,36.4,B
2021-07-05T09:16:07,100.0,36.4,B
2021-07-05T09:16:06,700.0,36.3,S
2021-07-05T09:15:58,500.0,36.4,B
2021-07-05T09:15:54,100.0,36.4,B
2021-07-05T09:15:53,300.0,36.4,B
2021-07-05T09:15:47,400.0,36.3,S
2021-07-05T09:15:44,2000.0,36.4,B
2021-07-05T09:15:26,2000.0,36.3,S
2021-07-05T09:15:25,100.0,36.3,S
2021-07-05T09:15:25,500.0,36.4,B
2021-07-05T09:15:25,500.0,36.35,B
2021-07-05T09:15:23,100.0,36.3,B
2021-07-05T09:15:23,1600.0,36.3,B
2021-07-05T09:15:21,100.0,36.3,B
2021-07-05T09:15:20,100.0,36.3,B
2021-07-05T09:15:20,900.0,36.3,B
2021-07-05T09:15:18,1000.0,36.3,B
2021-07-05T09:15:16,400.0,36.3,B
2021-07-05T09:15:07,100.0,36.3,B
