tradingTime,volume,price,side
2021-07-05T10:44:53,200.0,51.2,B
2021-07-05T10:44:48,10600.0,51.1,S
2021-07-05T10:44:33,900.0,51.1,S
2021-07-05T10:44:02,3000.0,51.1,S
2021-07-05T10:44:02,2000.0,51.1,S
2021-07-05T10:43:35,2300.0,51.1,S
2021-07-05T10:43:34,900.0,51.1,S
2021-07-05T10:42:42,3000.0,51.1,S
2021-07-05T10:42:34,900.0,51.2,S
2021-07-05T10:42:17,600.0,51.2,B
2021-07-05T10:42:15,100.0,51.1,S
2021-07-05T10:41:36,900.0,51.1,S
2021-07-05T10:40:51,500.0,51.1,S
2021-07-05T10:40:36,900.0,51.1,S
2021-07-05T10:39:37,900.0,51.1,S
2021-07-05T10:39:03,1000.0,51.1,S
2021-07-05T10:38:44,200.0,51.1,S
2021-07-05T10:38:38,900.0,51.1,S
2021-07-05T10:37:39,900.0,51.1,S
2021-07-05T10:36:56,500.0,51.1,S
2021-07-05T10:36:39,900.0,51.1,S
2021-07-05T10:36:06,600.0,51.1,S
2021-07-05T10:35:40,900.0,51.1,S
2021-07-05T10:35:10,100.0,51.1,S
2021-07-05T10:34:41,900.0,51.1,S
2021-07-05T10:34:27,100.0,51.1,S
2021-07-05T10:34:19,10800.0,51.2,B
2021-07-05T10:33:59,100.0,51.2,B
2021-07-05T10:33:42,100.0,51.1,S
2021-07-05T10:33:42,800.0,51.1,S
2021-07-05T10:33:42,5800.0,51.1,S
2021-07-05T10:32:03,14900.0,51.2,S
2021-07-05T10:31:43,900.0,51.2,S
2021-07-05T10:30:45,900.0,51.2,S
2021-07-05T10:30:21,100.0,51.2,S
2021-07-05T10:30:02,400.0,51.3,B
2021-07-05T10:29:59,5500.0,51.3,S
2021-07-05T10:29:59,50000.0,51.3,S
2021-07-05T10:29:59,300.0,51.3,S
2021-07-05T10:29:59,1500.0,51.3,S
2021-07-05T10:29:59,8600.0,51.3,S
2021-07-05T10:29:59,700.0,51.3,S
2021-07-05T10:29:30,100.0,51.3,S
2021-07-05T10:29:00,700.0,51.3,S
2021-07-05T10:28:13,300.0,51.3,S
2021-07-05T10:27:24,3900.0,51.3,S
2021-07-05T10:27:23,16100.0,51.3,S
2021-07-05T10:27:13,3000.0,51.4,B
2021-07-05T10:25:43,6000.0,51.4,B
2021-07-05T10:25:05,1000.0,51.4,B
2021-07-05T10:23:43,2000.0,51.4,B
2021-07-05T10:22:36,2000.0,51.4,S
2021-07-05T10:22:36,5600.0,51.4,S
2021-07-05T10:22:16,4000.0,51.5,B
2021-07-05T10:20:20,100.0,51.5,S
2021-07-05T10:20:13,4600.0,51.6,B
2021-07-05T10:20:13,400.0,51.6,B
2021-07-05T10:19:43,100.0,51.5,S
2021-07-05T10:19:26,5000.0,51.5,S
2021-07-05T10:17:40,10000.0,51.6,B
2021-07-05T10:16:11,5000.0,51.5,B
2021-07-05T10:15:00,4000.0,51.5,B
2021-07-05T10:14:19,1900.0,51.4,B
2021-07-05T10:13:43,2300.0,51.4,B
2021-07-05T10:13:17,300.0,51.4,B
2021-07-05T10:11:58,1100.0,51.4,S
2021-07-05T10:11:58,10600.0,51.4,S
2021-07-05T10:11:37,1000.0,51.4,S
2021-07-05T10:10:15,300.0,51.4,S
2021-07-05T10:08:10,500.0,51.4,S
2021-07-05T10:07:28,500.0,51.4,S
2021-07-05T10:06:53,100.0,51.4,S
2021-07-05T10:06:23,4000.0,51.4,S
2021-07-05T10:06:15,700.0,51.5,B
2021-07-05T10:06:14,500.0,51.4,S
2021-07-05T10:05:58,400.0,51.4,S
2021-07-05T10:03:57,300.0,51.4,B
2021-07-05T10:03:56,200.0,51.4,B
2021-07-05T10:03:19,17000.0,51.5,B
2021-07-05T10:03:09,3200.0,51.4,S
2021-07-05T10:02:40,8300.0,51.4,S
2021-07-05T10:02:40,3400.0,51.4,S
2021-07-05T10:01:28,900.0,51.4,S
2021-07-05T10:00:46,2000.0,51.5,B
2021-07-05T09:56:49,12000.0,51.5,B
2021-07-05T09:54:02,4000.0,51.4,S
2021-07-05T09:53:57,100.0,51.4,S
2021-07-05T09:53:54,1000.0,51.4,S
2021-07-05T09:53:49,1000.0,51.4,S
2021-07-05T09:52:48,3000.0,51.4,S
2021-07-05T09:51:49,5000.0,51.4,S
2021-07-05T09:49:59,200.0,51.5,B
2021-07-05T09:49:47,8400.0,51.5,B
2021-07-05T09:49:32,1600.0,51.5,B
2021-07-05T09:49:03,300.0,51.5,S
2021-07-05T09:48:52,5000.0,51.5,S
2021-07-05T09:48:41,3000.0,51.5,S
2021-07-05T09:48:16,2000.0,51.5,S
2021-07-05T09:47:54,1000.0,51.5,S
2021-07-05T09:46:42,300.0,51.5,S
2021-07-05T09:46:39,2000.0,51.5,S
2021-07-05T09:46:23,200.0,51.6,B
2021-07-05T09:46:05,500.0,51.5,S
2021-07-05T09:45:44,1000.0,51.6,B
2021-07-05T09:43:56,1200.0,51.5,B
2021-07-05T09:43:56,800.0,51.5,B
2021-07-05T09:43:56,3900.0,51.5,B
2021-07-05T09:43:33,2000.0,51.5,B
2021-07-05T09:43:20,100.0,51.4,S
2021-07-05T09:42:44,200.0,51.4,S
2021-07-05T09:42:15,200.0,51.5,B
2021-07-05T09:40:24,300.0,51.5,B
2021-07-05T09:40:24,300.0,51.5,B
2021-07-05T09:38:57,500.0,51.4,S
2021-07-05T09:38:33,400.0,51.4,S
2021-07-05T09:38:25,1000.0,51.4,S
2021-07-05T09:38:20,400.0,51.5,B
2021-07-05T09:38:13,58700.0,51.4,B
2021-07-05T09:38:13,1300.0,51.4,B
2021-07-05T09:38:09,8700.0,51.4,B
2021-07-05T09:36:51,1000.0,51.4,B
2021-07-05T09:35:57,1000.0,51.4,B
2021-07-05T09:35:49,100.0,51.4,B
2021-07-05T09:35:38,100.0,51.4,B
2021-07-05T09:35:27,100.0,51.3,S
2021-07-05T09:30:13,1400.0,51.3,B
2021-07-05T09:30:03,3800.0,51.0,S
2021-07-05T09:30:03,18000.0,51.0,S
2021-07-05T09:30:03,3700.0,51.0,S
2021-07-05T09:30:03,300.0,51.0,S
2021-07-05T09:30:03,4200.0,51.0,S
2021-07-05T09:29:04,1600.0,51.0,S
2021-07-05T09:29:04,6400.0,51.0,S
2021-07-05T09:28:55,200.0,51.3,B
2021-07-05T09:28:54,300.0,51.0,S
2021-07-05T09:28:54,2000.0,51.0,S
2021-07-05T09:28:54,2500.0,51.0,S
2021-07-05T09:28:45,2000.0,51.2,S
2021-07-05T09:28:32,400.0,51.3,S
2021-07-05T09:28:29,100.0,51.3,S
2021-07-05T09:28:14,1000.0,51.3,S
2021-07-05T09:27:55,500.0,51.2,B
2021-07-05T09:27:10,3000.0,51.2,B
2021-07-05T09:26:53,1800.0,51.0,S
2021-07-05T09:26:53,3200.0,51.0,S
2021-07-05T09:26:50,8000.0,51.0,S
2021-07-05T09:26:20,800.0,51.0,S
2021-07-05T09:26:20,3000.0,51.0,S
2021-07-05T09:26:20,22600.0,51.0,S
2021-07-05T09:26:20,1700.0,51.1,S
2021-07-05T09:26:20,21900.0,51.1,S
2021-07-05T09:26:19,2000.0,51.2,S
2021-07-05T09:26:16,400.0,51.2,S
2021-07-05T09:26:16,600.0,51.2,S
2021-07-05T09:26:16,5000.0,51.2,S
2021-07-05T09:26:03,4000.0,51.2,S
2021-07-05T09:25:45,500.0,51.2,S
2021-07-05T09:25:39,2600.0,51.2,S
2021-07-05T09:25:26,4600.0,51.3,S
2021-07-05T09:25:26,4700.0,51.3,S
2021-07-05T09:25:26,1300.0,51.3,S
2021-07-05T09:25:25,9400.0,51.4,S
2021-07-05T09:25:20,600.0,51.4,S
2021-07-05T09:25:15,200.0,51.4,B
2021-07-05T09:25:12,300.0,51.3,S
2021-07-05T09:24:40,400.0,51.3,S
2021-07-05T09:24:40,100.0,51.3,S
2021-07-05T09:24:40,1700.0,51.3,S
2021-07-05T09:22:28,400.0,51.4,S
2021-07-05T09:22:14,1100.0,51.7,S
2021-07-05T09:22:10,38900.0,51.7,B
2021-07-05T09:21:35,1400.0,51.4,S
2021-07-05T09:21:33,6000.0,51.4,S
2021-07-05T09:21:26,3000.0,51.4,S
2021-07-05T09:21:23,5100.0,51.4,S
2021-07-05T09:21:23,900.0,51.4,S
2021-07-05T09:20:50,100.0,51.4,S
2021-07-05T09:20:30,1000.0,51.4,S
2021-07-05T09:20:09,7000.0,51.7,B
2021-07-05T09:20:09,33000.0,51.6,B
2021-07-05T09:18:47,200.0,51.5,B
2021-07-05T09:18:37,100.0,51.4,B
2021-07-05T09:18:37,500.0,51.3,S
2021-07-05T09:18:21,200.0,51.3,S
2021-07-05T09:17:26,1000.0,51.3,S
2021-07-05T09:17:07,1000.0,51.2,S
2021-07-05T09:16:59,2000.0,51.3,S
2021-07-05T09:16:58,6000.0,51.3,S
2021-07-05T09:16:54,3000.0,51.3,S
2021-07-05T09:16:53,9700.0,51.3,S
2021-07-05T09:16:53,300.0,51.3,S
2021-07-05T09:16:42,8900.0,51.4,S
2021-07-05T09:16:35,3000.0,51.4,S
2021-07-05T09:16:19,400.0,51.5,S
2021-07-05T09:16:16,2000.0,51.5,S
2021-07-05T09:16:13,3000.0,51.5,S
2021-07-05T09:16:11,5000.0,51.5,S
2021-07-05T09:16:00,2000.0,51.5,S
2021-07-05T09:15:58,6000.0,51.5,S
2021-07-05T09:15:56,1700.0,51.5,S
2021-07-05T09:15:56,1300.0,51.5,S
2021-07-05T09:15:36,1500.0,51.6,S
2021-07-05T09:15:30,10000.0,51.6,S
2021-07-05T09:15:24,3000.0,51.6,S
2021-07-05T09:15:21,5000.0,51.6,S
