tradingTime,volume,price,side
2021-07-05T10:51:26,1800.0,12.65,S
2021-07-05T10:51:26,200.0,12.65,S
2021-07-05T10:51:22,300.0,12.65,S
2021-07-05T10:51:20,1300.0,12.6,S
2021-07-05T10:51:20,101300.0,12.6,S
2021-07-05T10:51:20,6700.0,12.6,S
2021-07-05T10:51:20,4100.0,12.6,S
2021-07-05T10:51:20,4400.0,12.6,S
2021-07-05T10:51:20,41400.0,12.6,S
2021-07-05T10:51:20,40800.0,12.65,S
2021-07-05T10:51:15,500.0,12.65,S
2021-07-05T10:51:14,500.0,12.65,S
2021-07-05T10:51:09,2300.0,12.65,B
2021-07-05T10:51:09,2000.0,12.65,B
2021-07-05T10:51:07.958,131100.0,12.65,B
2021-07-05T10:45:28,1000.0,12.6,B
2021-07-05T10:45:27,20000.0,12.55,S
2021-07-05T10:45:25,1000.0,12.55,S
2021-07-05T10:45:19,1300.0,12.55,S
2021-07-05T10:45:19,500.0,12.55,S
2021-07-05T10:45:19,5600.0,12.55,S
2021-07-05T10:45:19,1300.0,12.55,S
2021-07-05T10:45:19,6000.0,12.55,S
2021-07-05T10:45:19,6400.0,12.55,S
2021-07-05T10:45:19,6700.0,12.55,S
2021-07-05T10:45:19,1000.0,12.6,B
2021-07-05T10:45:18,300.0,12.55,S
2021-07-05T10:45:18,2000.0,12.55,S
2021-07-05T10:45:17,30000.0,12.6,B
2021-07-05T10:45:15,1000.0,12.6,B
2021-07-05T10:45:15,300.0,12.55,S
2021-07-05T10:45:14,1000.0,12.6,B
2021-07-05T10:45:14,1000.0,12.6,B
2021-07-05T10:45:07,700.0,12.6,B
2021-07-05T10:44:56,200.0,12.6,B
2021-07-05T10:44:56,1000.0,12.6,B
2021-07-05T10:44:56,100.0,12.6,B
2021-07-05T10:44:56,300.0,12.6,B
2021-07-05T10:44:56,600.0,12.6,B
2021-07-05T10:44:56,100.0,12.6,B
2021-07-05T10:44:56,2900.0,12.6,B
2021-07-05T10:44:55,100.0,12.6,B
2021-07-05T10:44:55,100.0,12.6,B
2021-07-05T10:44:55,100.0,12.6,B
2021-07-05T10:44:54,3600.0,12.6,B
2021-07-05T10:44:54,700.0,12.55,S
2021-07-05T10:44:54,300.0,12.55,S
2021-07-05T10:44:53,700.0,12.55,S
2021-07-05T10:44:52,800.0,12.6,B
2021-07-05T10:44:52,1000.0,12.6,B
2021-07-05T10:44:50,100.0,12.6,B
2021-07-05T10:44:50,1000.0,12.6,B
2021-07-05T10:44:50,100.0,12.6,B
2021-07-05T10:44:48,1100.0,12.6,B
2021-07-05T10:44:48,3000.0,12.6,B
2021-07-05T10:44:48,100.0,12.6,B
2021-07-05T10:44:45,200.0,12.6,B
2021-07-05T10:44:45,600.0,12.6,B
2021-07-05T10:44:43,4000.0,12.55,S
2021-07-05T10:44:43,1400.0,12.55,S
2021-07-05T10:44:43,2100.0,12.55,S
2021-07-05T10:44:43,3700.0,12.55,S
2021-07-05T10:44:43,200.0,12.55,S
2021-07-05T10:44:43,1600.0,12.55,S
2021-07-05T10:44:43,14200.0,12.55,S
2021-07-05T10:44:43,33700.0,12.55,S
2021-07-05T10:44:41,200.0,12.6,B
2021-07-05T10:44:40,1000.0,12.6,B
2021-07-05T10:44:36,2100.0,12.6,B
2021-07-05T10:44:34,1500.0,12.6,S
2021-07-05T10:44:34,500.0,12.6,B
2021-07-05T10:44:33,800.0,12.6,B
2021-07-05T10:44:29,4000.0,12.6,S
2021-07-05T10:44:29,700.0,12.6,S
2021-07-05T10:44:28,5100.0,12.6,S
2021-07-05T10:44:28,1000.0,12.6,S
2021-07-05T10:44:28,400.0,12.6,S
2021-07-05T10:44:28,11000.0,12.6,S
2021-07-05T10:44:28,200.0,12.6,S
2021-07-05T10:44:28,400.0,12.6,S
2021-07-05T10:44:28,4500.0,12.6,S
2021-07-05T10:44:28,6000.0,12.6,S
2021-07-05T10:44:28,3100.0,12.6,S
2021-07-05T10:44:28,400.0,12.6,S
2021-07-05T10:44:28,5000.0,12.6,S
2021-07-05T10:44:28,12200.0,12.6,S
2021-07-05T10:44:28,100.0,12.6,S
2021-07-05T10:44:28,500.0,12.6,S
2021-07-05T10:44:28,300.0,12.6,S
2021-07-05T10:44:28,2300.0,12.6,S
2021-07-05T10:44:28,3000.0,12.65,B
2021-07-05T10:44:28,3400.0,12.6,S
2021-07-05T10:44:25,300.0,12.65,B
2021-07-05T10:44:25,3900.0,12.6,S
2021-07-05T10:44:23,2800.0,12.6,S
2021-07-05T10:44:23,1200.0,12.6,S
2021-07-05T10:44:23,1000.0,12.6,S
2021-07-05T10:44:22,2200.0,12.6,S
2021-07-05T10:44:16,200.0,12.6,S
2021-07-05T10:44:16,4500.0,12.6,S
2021-07-05T10:44:10,1000.0,12.6,S
2021-07-05T10:44:09,200.0,12.6,S
2021-07-05T10:44:08,100.0,12.65,B
2021-07-05T10:44:07,8300.0,12.6,S
2021-07-05T10:44:06,1000.0,12.6,S
2021-07-05T10:43:58,10000.0,12.6,S
2021-07-05T10:43:58,5000.0,12.6,S
2021-07-05T10:43:55,7000.0,12.6,S
2021-07-05T10:43:55,500.0,12.6,S
2021-07-05T10:43:55,100.0,12.65,B
2021-07-05T10:43:53,500.0,12.6,S
2021-07-05T10:43:53,1000.0,12.6,S
2021-07-05T10:43:49,400.0,12.6,S
2021-07-05T10:43:48,500.0,12.6,S
2021-07-05T10:43:48,4500.0,12.6,S
2021-07-05T10:43:46,100.0,12.65,B
2021-07-05T10:43:44,400.0,12.6,S
2021-07-05T10:43:44,1000.0,12.6,S
2021-07-05T10:43:41,500.0,12.6,S
2021-07-05T10:43:41,8000.0,12.6,S
2021-07-05T10:43:40,4000.0,12.6,S
2021-07-05T10:43:34,200.0,12.6,S
2021-07-05T10:43:34,200.0,12.65,B
2021-07-05T10:43:32,6000.0,12.6,S
2021-07-05T10:43:23,1000.0,12.65,B
2021-07-05T10:43:23,4000.0,12.6,S
2021-07-05T10:43:20,25300.0,12.6,S
2021-07-05T10:43:20,200.0,12.6,S
2021-07-05T10:43:20,300.0,12.6,S
2021-07-05T10:43:20,4600.0,12.6,S
2021-07-05T10:43:20,10100.0,12.6,S
2021-07-05T10:43:20,5000.0,12.6,S
2021-07-05T10:43:20,5000.0,12.6,S
2021-07-05T10:43:08,2000.0,12.65,B
2021-07-05T10:43:08,1900.0,12.65,B
2021-07-05T10:43:08,3300.0,12.6,S
2021-07-05T10:43:08,2800.0,12.6,S
2021-07-05T10:43:05,500.0,12.6,S
2021-07-05T10:43:04,200.0,12.6,S
2021-07-05T10:43:00,100.0,12.65,B
2021-07-05T10:42:59,200.0,12.65,B
2021-07-05T10:42:57,7200.0,12.6,S
2021-07-05T10:42:57,4500.0,12.6,S
2021-07-05T10:42:57,1900.0,12.6,S
2021-07-05T10:42:57,8800.0,12.6,S
2021-07-05T10:42:57,5300.0,12.6,S
2021-07-05T10:42:57,1400.0,12.6,S
2021-07-05T10:42:57,700.0,12.6,S
2021-07-05T10:42:57,100.0,12.6,S
2021-07-05T10:42:57,400.0,12.6,S
2021-07-05T10:42:57,8000.0,12.6,S
2021-07-05T10:42:57,3600.0,12.6,S
2021-07-05T10:42:57,51600.0,12.6,S
2021-07-05T10:42:57,1100.0,12.6,S
2021-07-05T10:42:57,11200.0,12.6,S
2021-07-05T10:42:57,400.0,12.6,S
2021-07-05T10:42:57,2000.0,12.6,S
2021-07-05T10:42:57,3200.0,12.6,S
2021-07-05T10:42:57,1100.0,12.6,S
2021-07-05T10:42:57,600.0,12.6,S
2021-07-05T10:42:57,1000.0,12.6,S
2021-07-05T10:42:57,600.0,12.6,S
2021-07-05T10:42:57,1800.0,12.6,S
2021-07-05T10:42:57,1100.0,12.6,S
2021-07-05T10:42:57,200.0,12.6,S
2021-07-05T10:42:57,3000.0,12.6,S
2021-07-05T10:42:57,23500.0,12.6,S
2021-07-05T10:42:57,7400.0,12.6,S
2021-07-05T10:42:57,100.0,12.6,S
2021-07-05T10:42:57,100.0,12.6,S
2021-07-05T10:42:57,2000.0,12.6,S
2021-07-05T10:42:57,5000.0,12.6,S
2021-07-05T10:42:57,600.0,12.6,S
2021-07-05T10:42:57,2700.0,12.6,S
2021-07-05T10:42:57,2500.0,12.6,S
2021-07-05T10:42:57,500.0,12.6,S
2021-07-05T10:42:57,500.0,12.6,S
2021-07-05T10:42:57,3400.0,12.6,S
2021-07-05T10:42:57,11000.0,12.6,S
2021-07-05T10:42:57,200.0,12.6,S
2021-07-05T10:42:57,19700.0,12.6,S
2021-07-05T10:42:54,4000.0,12.6,S
2021-07-05T10:42:50,100.0,12.6,S
2021-07-05T10:42:48,800.0,12.6,S
2021-07-05T10:42:48,100.0,12.65,B
2021-07-05T10:42:48,5000.0,12.6,S
2021-07-05T10:42:44,1000.0,12.65,B
2021-07-05T10:42:43,500.0,12.65,B
2021-07-05T10:42:40,2900.0,12.65,B
2021-07-05T10:42:40,800.0,12.6,S
2021-07-05T10:42:38,800.0,12.65,B
2021-07-05T10:42:34,1300.0,12.6,S
2021-07-05T10:42:34,2500.0,12.6,S
2021-07-05T10:42:34,3000.0,12.6,S
2021-07-05T10:42:34,32200.0,12.6,S
2021-07-05T10:42:29,8000.0,12.6,S
2021-07-05T10:42:23,7500.0,12.65,B
2021-07-05T10:42:23,200.0,12.65,B
2021-07-05T10:42:19,1000.0,12.65,B
2021-07-05T10:42:17,1000.0,12.65,B
2021-07-05T10:42:08,1000.0,12.65,B
2021-07-05T10:42:07,1100.0,12.65,B
2021-07-05T10:42:06,2000.0,12.65,B
2021-07-05T10:42:03,1000.0,12.65,B
2021-07-05T10:42:00,100.0,12.65,B
2021-07-05T10:41:59,5000.0,12.6,S
2021-07-05T10:41:59,22300.0,12.65,B
2021-07-05T10:41:59,23100.0,12.65,B
2021-07-05T10:41:59,4600.0,12.65,B
2021-07-05T10:41:59,1000.0,12.65,B
2021-07-05T10:41:59,100.0,12.65,B
2021-07-05T10:41:55,2000.0,12.6,S
2021-07-05T10:41:49,5000.0,12.65,B
2021-07-05T10:41:46,200.0,12.6,S
2021-07-05T10:41:46,100.0,12.65,B
2021-07-05T10:41:46,1000.0,12.6,S
2021-07-05T10:41:43,10000.0,12.6,S
2021-07-05T10:41:41,400.0,12.65,B
2021-07-05T10:41:40,100.0,12.65,B
2021-07-05T10:41:39,100.0,12.65,B
2021-07-05T10:41:38,5000.0,12.6,S
2021-07-05T10:41:36,1000.0,12.6,S
2021-07-05T10:41:35,1000.0,12.65,B
2021-07-05T10:41:33,1200.0,12.65,B
2021-07-05T10:41:29,1000.0,12.6,S
2021-07-05T10:41:23,300.0,12.65,B
2021-07-05T10:41:22,3000.0,12.6,S
2021-07-05T10:41:22,1200.0,12.6,S
2021-07-05T10:41:22,800.0,12.6,S
2021-07-05T10:41:22,2000.0,12.6,S
2021-07-05T10:41:20,1900.0,12.65,B
2021-07-05T10:41:20,400.0,12.6,S
2021-07-05T10:41:20,4600.0,12.6,S
2021-07-05T10:41:19,200.0,12.65,B
2021-07-05T10:41:18,200.0,12.65,B
2021-07-05T10:41:16,5000.0,12.65,B
2021-07-05T10:41:16,1900.0,12.6,S
2021-07-05T10:41:16,2700.0,12.6,S
2021-07-05T10:41:16,200.0,12.6,S
2021-07-05T10:41:16,600.0,12.6,S
2021-07-05T10:41:16,3600.0,12.6,S
2021-07-05T10:41:16,1000.0,12.6,S
2021-07-05T10:41:16,1400.0,12.6,S
2021-07-05T10:41:16,500.0,12.6,S
2021-07-05T10:41:16,700.0,12.6,S
2021-07-05T10:41:16,2600.0,12.6,S
2021-07-05T10:41:16,6200.0,12.6,S
2021-07-05T10:41:16,1100.0,12.6,S
2021-07-05T10:41:16,2600.0,12.6,S
2021-07-05T10:41:16,200.0,12.6,S
2021-07-05T10:41:16,800.0,12.6,S
2021-07-05T10:41:16,700.0,12.6,S
2021-07-05T10:41:16,1200.0,12.6,S
2021-07-05T10:41:14,400.0,12.65,B
2021-07-05T10:41:13,6000.0,12.6,S
2021-07-05T10:41:13,1300.0,12.65,S
2021-07-05T10:41:09,700.0,12.65,S
2021-07-05T10:41:04,900.0,12.65,S
2021-07-05T10:41:04,1000.0,12.65,S
2021-07-05T10:40:56,1000.0,12.6,S
2021-07-05T10:40:56,37000.0,12.6,S
2021-07-05T10:40:56,10000.0,12.7,B
2021-07-05T10:40:54,800.0,12.65,B
2021-07-05T10:40:54,30000.0,12.6,S
2021-07-05T10:40:52,3000.0,12.6,S
2021-07-05T10:40:51,2400.0,12.65,B
2021-07-05T10:40:50,100.0,12.65,B
2021-07-05T10:40:48,600.0,12.6,S
2021-07-05T10:40:48,700.0,12.65,B
2021-07-05T10:40:48,2400.0,12.65,B
2021-07-05T10:40:47,2000.0,12.65,B
2021-07-05T10:40:43,10000.0,12.6,S
2021-07-05T10:40:41,1200.0,12.65,S
2021-07-05T10:40:41,700.0,12.65,S
2021-07-05T10:40:41,200.0,12.65,S
2021-07-05T10:40:41,6100.0,12.65,S
2021-07-05T10:40:38,2300.0,12.65,S
2021-07-05T10:40:38,5400.0,12.65,S
2021-07-05T10:40:38,28300.0,12.65,S
2021-07-05T10:40:37,100.0,12.7,B
2021-07-05T10:40:35,2000.0,12.7,B
2021-07-05T10:40:35,1500.0,12.65,S
2021-07-05T10:40:33,10000.0,12.7,B
2021-07-05T10:40:32,300.0,12.7,B
2021-07-05T10:40:31,1500.0,12.7,B
2021-07-05T10:40:30,500.0,12.65,S
2021-07-05T10:40:27,26400.0,12.65,S
2021-07-05T10:40:27,1200.0,12.65,S
2021-07-05T10:40:27,100.0,12.65,S
2021-07-05T10:40:27,1000.0,12.65,S
2021-07-05T10:40:27,5200.0,12.65,S
2021-07-05T10:40:27,1400.0,12.65,S
2021-07-05T10:40:27,8500.0,12.65,S
2021-07-05T10:40:27,700.0,12.65,S
2021-07-05T10:40:27,1200.0,12.65,S
2021-07-05T10:40:27,51000.0,12.65,S
2021-07-05T10:40:27,3300.0,12.65,S
2021-07-05T10:40:26,3000.0,12.65,S
2021-07-05T10:40:25,30000.0,12.65,S
2021-07-05T10:40:25,200.0,12.7,B
2021-07-05T10:40:23,100.0,12.7,B
2021-07-05T10:40:22,3800.0,12.7,B
2021-07-05T10:40:20,2000.0,12.7,B
2021-07-05T10:40:20,300.0,12.7,B
2021-07-05T10:40:19,1000.0,12.7,B
2021-07-05T10:40:18,5000.0,12.65,S
2021-07-05T10:40:18,500.0,12.7,B
2021-07-05T10:40:16,1000.0,12.7,B
2021-07-05T10:40:16,200.0,12.7,B
2021-07-05T10:40:14,300.0,12.7,S
2021-07-05T10:40:14,100.0,12.7,S
2021-07-05T10:40:10,300.0,12.7,S
2021-07-05T10:40:10,2500.0,12.7,S
2021-07-05T10:40:10,2200.0,12.7,S
2021-07-05T10:40:10,3100.0,12.7,S
2021-07-05T10:40:10,6500.0,12.7,S
2021-07-05T10:40:10,6000.0,12.7,S
2021-07-05T10:40:10,5100.0,12.7,S
2021-07-05T10:40:10,3100.0,12.7,S
2021-07-05T10:40:10,5800.0,12.7,S
2021-07-05T10:40:10,1900.0,12.7,S
2021-07-05T10:40:10,1700.0,12.7,S
2021-07-05T10:40:10,1500.0,12.7,S
2021-07-05T10:40:10,11300.0,12.7,S
2021-07-05T10:40:10,3000.0,12.7,S
2021-07-05T10:40:10,5000.0,12.7,S
2021-07-05T10:40:10,400.0,12.7,S
2021-07-05T10:40:10,5000.0,12.7,S
2021-07-05T10:40:10,8000.0,12.7,S
2021-07-05T10:40:10,1000.0,12.7,S
2021-07-05T10:40:10,1200.0,12.7,S
2021-07-05T10:40:10,100.0,12.7,S
2021-07-05T10:40:10,300.0,12.7,S
2021-07-05T10:40:10,2000.0,12.7,S
2021-07-05T10:40:10,8600.0,12.7,S
2021-07-05T10:40:10,17200.0,12.7,S
2021-07-05T10:40:08,5900.0,12.7,S
2021-07-05T10:40:08,11400.0,12.7,S
2021-07-05T10:40:08,500.0,12.7,S
2021-07-05T10:40:08,1500.0,12.7,S
2021-07-05T10:40:08,4900.0,12.7,S
2021-07-05T10:40:08,1200.0,12.7,S
2021-07-05T10:40:08,22000.0,12.7,S
2021-07-05T10:40:08,1900.0,12.7,S
2021-07-05T10:40:08,8300.0,12.7,S
2021-07-05T10:40:08,100.0,12.7,S
2021-07-05T10:40:08,1300.0,12.7,S
2021-07-05T10:40:08,35400.0,12.7,S
2021-07-05T10:40:08,500.0,12.7,S
2021-07-05T10:40:08,2400.0,12.7,S
2021-07-05T10:40:08,700.0,12.7,S
2021-07-05T10:40:08,1000.0,12.7,S
2021-07-05T10:40:08,1000.0,12.7,S
2021-07-05T10:40:08,100.0,12.7,S
2021-07-05T10:40:06,1000.0,12.75,B
2021-07-05T10:40:06,2000.0,12.7,S
2021-07-05T10:40:04,2300.0,12.7,S
2021-07-05T10:40:04,600.0,12.7,S
2021-07-05T10:40:00,3000.0,12.7,S
2021-07-05T10:40:00,4800.0,12.7,S
2021-07-05T10:40:00,1600.0,12.7,S
2021-07-05T10:40:00,400.0,12.7,S
2021-07-05T10:40:00,12900.0,12.7,S
2021-07-05T10:39:59,3000.0,12.7,S
2021-07-05T10:39:57,8000.0,12.7,S
2021-07-05T10:39:57,11000.0,12.7,S
2021-07-05T10:39:57,15000.0,12.7,S
2021-07-05T10:39:57,200.0,12.7,S
2021-07-05T10:39:57,300.0,12.7,S
2021-07-05T10:39:57,300.0,12.7,S
2021-07-05T10:39:57,2200.0,12.7,S
2021-07-05T10:39:55,800.0,12.7,S
2021-07-05T10:39:53,100.0,12.75,B
2021-07-05T10:39:52,400.0,12.7,S
2021-07-05T10:39:52,100.0,12.7,S
2021-07-05T10:39:49,1600.0,12.7,S
2021-07-05T10:39:49,4000.0,12.7,S
2021-07-05T10:39:46,5000.0,12.7,S
2021-07-05T10:39:45,50000.0,12.7,S
2021-07-05T10:39:44,300.0,12.7,S
2021-07-05T10:39:44,6500.0,12.7,S
2021-07-05T10:39:44,2400.0,12.7,S
2021-07-05T10:39:44,900.0,12.7,S
2021-07-05T10:39:44,900.0,12.7,S
2021-07-05T10:39:44,600.0,12.7,S
2021-07-05T10:39:44,4400.0,12.7,S
2021-07-05T10:39:44,700.0,12.7,S
2021-07-05T10:39:44,8600.0,12.7,S
2021-07-05T10:39:40,100.0,12.75,B
2021-07-05T10:39:38,1100.0,12.7,S
2021-07-05T10:39:38,3900.0,12.7,S
2021-07-05T10:39:38,1000.0,12.75,B
2021-07-05T10:39:37,2000.0,12.7,S
2021-07-05T10:39:36,2000.0,12.75,B
2021-07-05T10:39:32,5000.0,12.7,S
2021-07-05T10:39:24,300.0,12.75,B
2021-07-05T10:39:24,8400.0,12.7,S
2021-07-05T10:39:24,1100.0,12.7,S
2021-07-05T10:39:24,2700.0,12.7,S
2021-07-05T10:39:24,1300.0,12.7,S
2021-07-05T10:39:24,3000.0,12.7,S
2021-07-05T10:39:24,1100.0,12.7,S
2021-07-05T10:39:24,400.0,12.7,S
2021-07-05T10:39:24,19000.0,12.7,S
2021-07-05T10:39:24,900.0,12.7,S
2021-07-05T10:39:24,2000.0,12.7,S
2021-07-05T10:39:24,400.0,12.7,S
2021-07-05T10:39:24,3400.0,12.7,S
2021-07-05T10:39:24,700.0,12.7,S
2021-07-05T10:39:24,1000.0,12.7,S
2021-07-05T10:39:24,2700.0,12.7,S
2021-07-05T10:39:24,1500.0,12.7,S
2021-07-05T10:39:24,6500.0,12.7,S
2021-07-05T10:39:24,5100.0,12.7,S
2021-07-05T10:39:24,2400.0,12.7,S
2021-07-05T10:39:24,1500.0,12.7,S
2021-07-05T10:39:24,300.0,12.7,S
2021-07-05T10:39:24,2200.0,12.7,S
2021-07-05T10:39:24,200.0,12.7,S
2021-07-05T10:39:24,700.0,12.7,S
2021-07-05T10:39:24,800.0,12.7,S
2021-07-05T10:39:24,600.0,12.7,S
2021-07-05T10:39:24,300.0,12.7,S
2021-07-05T10:39:24,5200.0,12.7,S
2021-07-05T10:39:24,3100.0,12.7,S
2021-07-05T10:39:24,1000.0,12.7,S
2021-07-05T10:39:24,6600.0,12.7,S
2021-07-05T10:39:24,300.0,12.7,S
2021-07-05T10:39:24,1300.0,12.7,S
2021-07-05T10:39:24,10000.0,12.7,S
2021-07-05T10:39:17,5000.0,12.75,B
2021-07-05T10:39:17,8100.0,12.75,S
2021-07-05T10:39:16,2000.0,12.75,S
2021-07-05T10:39:16,100.0,12.8,B
2021-07-05T10:39:15,8800.0,12.75,S
2021-07-05T10:39:15,1100.0,12.75,S
2021-07-05T10:39:15,1100.0,12.75,S
2021-07-05T10:39:15,5900.0,12.75,S
2021-07-05T10:39:15,3000.0,12.75,S
2021-07-05T10:39:15,100.0,12.75,S
2021-07-05T10:39:13,600.0,12.8,B
2021-07-05T10:39:13,500.0,12.75,S
2021-07-05T10:39:10,200.0,12.75,S
2021-07-05T10:39:10,1000.0,12.75,S
2021-07-05T10:39:10,1600.0,12.75,S
2021-07-05T10:39:10,3300.0,12.75,S
2021-07-05T10:39:10,3200.0,12.75,S
2021-07-05T10:39:10,5700.0,12.75,S
2021-07-05T10:39:10,2200.0,12.75,S
2021-07-05T10:39:10,16800.0,12.75,S
2021-07-05T10:39:10,30000.0,12.75,S
2021-07-05T10:39:09,100.0,12.8,B
2021-07-05T10:39:09,500.0,12.75,S
2021-07-05T10:39:09,4000.0,12.75,S
2021-07-05T10:39:09,900.0,12.75,S
2021-07-05T10:39:08,100.0,12.8,B
2021-07-05T10:39:07,500.0,12.8,B
2021-07-05T10:39:06,300.0,12.75,S
2021-07-05T10:39:06,300.0,12.75,S
2021-07-05T10:39:06,1900.0,12.75,S
2021-07-05T10:39:06,4500.0,12.75,S
2021-07-05T10:39:06,100.0,12.75,S
2021-07-05T10:39:06,2000.0,12.75,S
2021-07-05T10:39:06,2000.0,12.75,S
2021-07-05T10:39:06,1000.0,12.75,S
2021-07-05T10:39:06,9000.0,12.75,S
2021-07-05T10:39:05,5700.0,12.75,S
2021-07-05T10:39:05,600.0,12.75,S
2021-07-05T10:39:05,1000.0,12.75,S
2021-07-05T10:39:05,2900.0,12.75,S
2021-07-05T10:39:04,1000.0,12.75,S
2021-07-05T10:39:04,600.0,12.75,S
2021-07-05T10:39:02,1000.0,12.75,S
2021-07-05T10:39:01,200.0,12.75,S
2021-07-05T10:39:01,1900.0,12.75,S
2021-07-05T10:39:01,100.0,12.75,S
2021-07-05T10:39:01,1200.0,12.75,S
2021-07-05T10:39:01,700.0,12.75,S
2021-07-05T10:39:01,2100.0,12.75,S
2021-07-05T10:39:01,2200.0,12.75,S
2021-07-05T10:39:01,1200.0,12.75,S
2021-07-05T10:39:01,20500.0,12.75,S
2021-07-05T10:39:01,7200.0,12.75,S
2021-07-05T10:39:01,3100.0,12.75,S
2021-07-05T10:39:01,1000.0,12.75,S
2021-07-05T10:39:01,1700.0,12.75,S
2021-07-05T10:39:01,49000.0,12.75,S
2021-07-05T10:38:57,2000.0,12.8,B
2021-07-05T10:38:52,100.0,12.8,B
2021-07-05T10:38:52,18100.0,12.75,S
2021-07-05T10:38:52,4500.0,12.75,S
2021-07-05T10:38:52,2800.0,12.75,S
2021-07-05T10:38:52,200.0,12.75,S
2021-07-05T10:38:52,2800.0,12.75,S
2021-07-05T10:38:52,600.0,12.75,S
2021-07-05T10:38:52,200.0,12.75,S
2021-07-05T10:38:52,3200.0,12.75,S
2021-07-05T10:38:52,900.0,12.75,S
2021-07-05T10:38:52,1800.0,12.75,S
2021-07-05T10:38:52,1200.0,12.75,S
2021-07-05T10:38:52,1000.0,12.75,S
2021-07-05T10:38:52,1100.0,12.75,S
2021-07-05T10:38:52,11600.0,12.75,S
2021-07-05T10:38:51,1000.0,12.8,B
2021-07-05T10:38:51,100.0,12.75,S
2021-07-05T10:38:50,7800.0,12.8,B
2021-07-05T10:38:49,1000.0,12.8,B
2021-07-05T10:38:48,1000.0,12.75,S
2021-07-05T10:38:48,1000.0,12.8,B
2021-07-05T10:38:46,6000.0,12.75,S
2021-07-05T10:38:46,4000.0,12.75,S
2021-07-05T10:38:46,100.0,12.8,B
2021-07-05T10:38:25,5000.0,12.8,B
2021-07-05T10:38:25,100.0,12.8,B
2021-07-05T10:38:24,3000.0,12.8,S
2021-07-05T10:38:23,3700.0,12.8,S
2021-07-05T10:38:23,9600.0,12.8,S
2021-07-05T10:38:23,100.0,12.8,S
2021-07-05T10:38:23,2100.0,12.8,S
2021-07-05T10:38:23,6800.0,12.8,S
2021-07-05T10:38:23,10800.0,12.8,S
2021-07-05T10:38:23,27000.0,12.8,S
2021-07-05T10:38:23,6000.0,12.8,S
2021-07-05T10:38:23,500.0,12.8,S
2021-07-05T10:38:23,600.0,12.8,S
2021-07-05T10:38:23,1000.0,12.8,S
2021-07-05T10:38:23,500.0,12.8,S
2021-07-05T10:38:23,3500.0,12.8,S
2021-07-05T10:38:23,100.0,12.8,S
2021-07-05T10:38:23,2000.0,12.8,S
2021-07-05T10:38:23,6400.0,12.8,S
2021-07-05T10:38:23,1200.0,12.8,S
2021-07-05T10:38:23,1100.0,12.8,S
2021-07-05T10:38:23,900.0,12.8,S
2021-07-05T10:38:23,500.0,12.8,S
2021-07-05T10:38:23,4000.0,12.8,S
2021-07-05T10:38:23,48200.0,12.8,S
2021-07-05T10:38:23,2700.0,12.8,S
2021-07-05T10:38:23,1000.0,12.8,S
2021-07-05T10:38:23,600.0,12.8,S
2021-07-05T10:38:23,100.0,12.8,S
2021-07-05T10:38:23,300.0,12.8,S
2021-07-05T10:38:23,2900.0,12.8,S
2021-07-05T10:38:23,2600.0,12.8,S
2021-07-05T10:38:23,2500.0,12.8,S
2021-07-05T10:38:23,1000.0,12.8,S
2021-07-05T10:38:23,5500.0,12.8,S
2021-07-05T10:38:23,2800.0,12.8,S
2021-07-05T10:38:23,1200.0,12.8,S
2021-07-05T10:38:23,3100.0,12.8,S
2021-07-05T10:38:23,500.0,12.8,S
2021-07-05T10:38:23,5900.0,12.8,S
2021-07-05T10:38:23,4000.0,12.8,S
2021-07-05T10:38:23,1500.0,12.8,S
2021-07-05T10:38:23,300.0,12.8,S
2021-07-05T10:38:23,6000.0,12.8,S
2021-07-05T10:38:23,2500.0,12.8,S
2021-07-05T10:38:23,1000.0,12.8,S
2021-07-05T10:38:23,5700.0,12.8,S
2021-07-05T10:38:23,3000.0,12.8,S
2021-07-05T10:38:23,8000.0,12.8,S
2021-07-05T10:38:23,1000.0,12.8,S
2021-07-05T10:38:23,4600.0,12.8,S
2021-07-05T10:38:23,2000.0,12.8,S
2021-07-05T10:38:23,3000.0,12.8,S
2021-07-05T10:38:23,21000.0,12.8,S
2021-07-05T10:38:23,4300.0,12.8,S
2021-07-05T10:38:23,3200.0,12.8,S
2021-07-05T10:38:23,22400.0,12.8,S
2021-07-05T10:38:23,500.0,12.8,S
2021-07-05T10:38:23,1000.0,12.8,S
2021-07-05T10:38:23,29100.0,12.8,S
2021-07-05T10:38:23,38300.0,12.8,S
2021-07-05T10:38:23,53300.0,12.8,S
2021-07-05T10:38:23,4400.0,12.8,S
2021-07-05T10:38:23,1000.0,12.8,S
2021-07-05T10:38:23,3600.0,12.8,S
2021-07-05T10:38:23,2000.0,12.8,S
2021-07-05T10:38:23,24700.0,12.8,S
2021-07-05T10:38:23,7600.0,12.8,S
2021-07-05T10:38:23,14900.0,12.8,S
2021-07-05T10:38:23,1100.0,12.8,S
2021-07-05T10:38:23,8300.0,12.8,S
2021-07-05T10:38:23,200.0,12.8,S
2021-07-05T10:38:23,1100.0,12.8,S
2021-07-05T10:38:23,114600.0,12.8,S
2021-07-05T10:38:23,21700.0,12.8,S
2021-07-05T10:38:23,100.0,12.8,S
2021-07-05T10:38:23,4300.0,12.8,S
2021-07-05T10:38:23,2000.0,12.8,S
2021-07-05T10:38:23,14100.0,12.8,S
2021-07-05T10:38:23,500.0,12.8,S
2021-07-05T10:38:23,2600.0,12.8,S
2021-07-05T10:38:23,200.0,12.8,S
2021-07-05T10:38:23,5000.0,12.8,S
2021-07-05T10:38:23,11400.0,12.8,S
2021-07-05T10:38:23,1100.0,12.8,S
2021-07-05T10:38:23,1000.0,12.8,S
2021-07-05T10:38:23,1100.0,12.8,S
2021-07-05T10:38:23,300.0,12.8,S
2021-07-05T10:38:23,1300.0,12.8,S
2021-07-05T10:38:23,1100.0,12.8,S
2021-07-05T10:38:23,3300.0,12.8,S
2021-07-05T10:38:23,3800.0,12.8,S
2021-07-05T10:38:23,800.0,12.8,S
2021-07-05T10:38:23,1000.0,12.8,S
2021-07-05T10:38:23,1500.0,12.8,S
2021-07-05T10:38:23,2700.0,12.8,S
2021-07-05T10:38:23,2700.0,12.8,S
2021-07-05T10:38:23,4900.0,12.8,S
2021-07-05T10:38:23,2800.0,12.8,S
2021-07-05T10:38:23,1300.0,12.8,S
2021-07-05T10:38:23,2100.0,12.8,S
2021-07-05T10:38:23,5000.0,12.8,S
2021-07-05T10:38:23,15400.0,12.8,S
2021-07-05T10:38:23,7700.0,12.8,S
2021-07-05T10:38:23,4500.0,12.8,S
2021-07-05T10:38:23,3500.0,12.8,S
2021-07-05T10:38:23,500.0,12.8,S
2021-07-05T10:38:23,2800.0,12.8,S
2021-07-05T10:38:23,1700.0,12.8,S
2021-07-05T10:38:23,4300.0,12.8,S
2021-07-05T10:38:23,400.0,12.8,S
2021-07-05T10:38:23,3100.0,12.8,S
2021-07-05T10:38:23,10500.0,12.8,S
2021-07-05T10:38:23,2200.0,12.8,S
2021-07-05T10:38:23,3000.0,12.8,S
2021-07-05T10:38:23,2100.0,12.8,S
2021-07-05T10:38:23,9000.0,12.8,S
2021-07-05T10:38:23,1100.0,12.8,S
2021-07-05T10:38:23,6000.0,12.8,S
2021-07-05T10:38:23,100.0,12.8,S
2021-07-05T10:38:23,300.0,12.8,S
2021-07-05T10:38:23,2700.0,12.8,S
2021-07-05T10:38:23,2600.0,12.8,S
2021-07-05T10:38:23,5000.0,12.8,S
2021-07-05T10:38:23,900.0,12.8,S
2021-07-05T10:38:23,700.0,12.8,S
2021-07-05T10:38:23,10300.0,12.8,S
2021-07-05T10:38:23,1000.0,12.8,S
2021-07-05T10:38:23,2200.0,12.8,S
2021-07-05T10:38:23,500.0,12.8,S
2021-07-05T10:38:23,300.0,12.8,S
2021-07-05T10:38:23,900.0,12.8,S
2021-07-05T10:38:23,100.0,12.8,S
2021-07-05T10:38:23,5100.0,12.8,S
2021-07-05T10:38:23,7000.0,12.8,S
2021-07-05T10:38:23,400.0,12.8,S
2021-07-05T10:38:23,1800.0,12.8,S
2021-07-05T10:38:23,5500.0,12.8,S
2021-07-05T10:38:22,26000.0,12.85,B
2021-07-05T10:38:22,10000.0,12.8,S
2021-07-05T10:38:20,5000.0,12.8,S
2021-07-05T10:38:20,3000.0,12.8,S
2021-07-05T10:38:19,400.0,12.8,S
2021-07-05T10:38:18,900.0,12.8,S
2021-07-05T10:38:18,200.0,12.8,S
2021-07-05T10:38:18,2300.0,12.8,S
2021-07-05T10:38:18,2700.0,12.8,S
2021-07-05T10:38:18,2000.0,12.8,S
2021-07-05T10:38:18,100.0,12.8,S
2021-07-05T10:38:18,16000.0,12.8,S
2021-07-05T10:38:18,700.0,12.8,S
2021-07-05T10:38:18,10700.0,12.8,S
2021-07-05T10:38:18,12500.0,12.8,S
2021-07-05T10:38:18,100.0,12.8,S
2021-07-05T10:38:18,5500.0,12.8,S
2021-07-05T10:38:18,1000.0,12.8,S
2021-07-05T10:38:18,7000.0,12.8,S
2021-07-05T10:38:18,1700.0,12.8,S
2021-07-05T10:38:18,14200.0,12.8,S
2021-07-05T10:38:18,2000.0,12.8,S
2021-07-05T10:38:18,4200.0,12.8,S
2021-07-05T10:38:18,2000.0,12.8,S
2021-07-05T10:38:18,5000.0,12.8,S
2021-07-05T10:38:18,5200.0,12.8,S
2021-07-05T10:38:18,700.0,12.8,S
2021-07-05T10:38:18,500.0,12.8,S
2021-07-05T10:38:18,900.0,12.8,S
2021-07-05T10:38:18,2200.0,12.8,S
2021-07-05T10:38:18,2200.0,12.8,S
2021-07-05T10:38:18,1500.0,12.8,S
2021-07-05T10:38:18,2200.0,12.8,S
2021-07-05T10:38:18,500.0,12.8,S
2021-07-05T10:38:18,2200.0,12.8,S
2021-07-05T10:38:18,3000.0,12.8,S
2021-07-05T10:38:18,9600.0,12.8,S
2021-07-05T10:38:18,19200.0,12.8,S
2021-07-05T10:38:18,2000.0,12.8,S
2021-07-05T10:38:18,1000.0,12.8,S
2021-07-05T10:38:18,2300.0,12.8,S
2021-07-05T10:38:18,200.0,12.8,S
2021-07-05T10:38:18,5400.0,12.8,S
2021-07-05T10:38:18,1100.0,12.8,S
2021-07-05T10:38:18,2600.0,12.8,S
2021-07-05T10:38:18,1100.0,12.8,S
2021-07-05T10:38:18,600.0,12.8,S
2021-07-05T10:38:18,800.0,12.8,S
2021-07-05T10:38:18,2000.0,12.8,S
2021-07-05T10:38:18,1300.0,12.8,S
2021-07-05T10:38:18,14400.0,12.8,S
2021-07-05T10:38:18,400.0,12.8,S
2021-07-05T10:38:18,1700.0,12.8,S
2021-07-05T10:38:18,4700.0,12.8,S
2021-07-05T10:38:18,500.0,12.8,S
2021-07-05T10:38:18,400.0,12.8,S
2021-07-05T10:38:18,6700.0,12.8,S
2021-07-05T10:38:18,400.0,12.8,S
2021-07-05T10:38:18,9700.0,12.8,S
2021-07-05T10:38:13,700.0,12.8,S
2021-07-05T10:38:04,200.0,12.8,S
2021-07-05T10:38:04,400.0,12.8,S
2021-07-05T10:38:04,1400.0,12.8,S
2021-07-05T10:38:02,100.0,12.85,B
2021-07-05T10:37:58,1800.0,12.8,S
2021-07-05T10:37:58,1600.0,12.8,S
2021-07-05T10:37:58,1300.0,12.8,S
2021-07-05T10:37:58,300.0,12.8,S
2021-07-05T10:37:47,2000.0,12.8,S
2021-07-05T10:37:43,700.0,12.8,S
2021-07-05T10:37:43,6900.0,12.8,S
2021-07-05T10:37:42,1000.0,12.8,S
2021-07-05T10:37:42,1400.0,12.8,S
2021-07-05T10:37:37,1500.0,12.8,S
2021-07-05T10:37:35,200.0,12.85,B
2021-07-05T10:37:35,2200.0,12.8,S
2021-07-05T10:37:35,5800.0,12.8,S
2021-07-05T10:37:13,800.0,12.8,S
2021-07-05T10:37:12,500.0,12.8,S
2021-07-05T10:37:10,200.0,12.85,B
2021-07-05T10:37:07,2000.0,12.85,B
2021-07-05T10:37:03,7000.0,12.85,B
2021-07-05T10:37:01,1000.0,12.85,B
2021-07-05T10:36:56,3000.0,12.85,B
2021-07-05T10:36:52,100.0,12.85,B
2021-07-05T10:36:44,300.0,12.85,B
2021-07-05T10:36:31,100.0,12.85,B
2021-07-05T10:36:30,1000.0,12.85,B
2021-07-05T10:36:29,1000.0,12.85,B
2021-07-05T10:36:24,300.0,12.8,S
2021-07-05T10:36:24,5000.0,12.85,B
2021-07-05T10:36:22,3200.0,12.8,S
2021-07-05T10:36:22,10500.0,12.8,S
2021-07-05T10:36:22,3400.0,12.8,S
2021-07-05T10:36:22,2200.0,12.8,S
2021-07-05T10:36:22,700.0,12.8,S
2021-07-05T10:36:22,200.0,12.8,S
2021-07-05T10:36:22,200.0,12.8,S
2021-07-05T10:36:22,2500.0,12.8,S
2021-07-05T10:36:22,600.0,12.8,S
2021-07-05T10:36:22,400.0,12.8,S
2021-07-05T10:36:22,4500.0,12.8,S
2021-07-05T10:36:22,1200.0,12.8,S
2021-07-05T10:36:22,4100.0,12.8,S
2021-07-05T10:36:22,800.0,12.8,S
2021-07-05T10:36:22,100.0,12.8,S
2021-07-05T10:36:22,5400.0,12.8,S
2021-07-05T10:36:22,300.0,12.8,S
2021-07-05T10:36:22,200.0,12.8,S
2021-07-05T10:36:22,5300.0,12.8,S
2021-07-05T10:36:22,100.0,12.8,S
2021-07-05T10:36:22,1300.0,12.8,S
2021-07-05T10:36:22,800.0,12.8,S
2021-07-05T10:36:22,12000.0,12.8,S
2021-07-05T10:36:19,20000.0,12.85,B
2021-07-05T10:36:18,1000.0,12.85,B
2021-07-05T10:36:17,100.0,12.85,B
2021-07-05T10:36:14,1000.0,12.85,B
2021-07-05T10:36:13,1000.0,12.8,S
2021-07-05T10:36:12,100.0,12.85,B
2021-07-05T10:36:10,800.0,12.85,B
2021-07-05T10:36:04,100.0,12.85,B
2021-07-05T10:35:55,1700.0,12.85,B
2021-07-05T10:35:50,300.0,12.85,B
2021-07-05T10:35:43,100.0,12.85,B
2021-07-05T10:35:42,10000.0,12.85,B
2021-07-05T10:35:42,100.0,12.8,S
2021-07-05T10:35:42,500.0,12.8,S
2021-07-05T10:35:42,3600.0,12.8,S
2021-07-05T10:35:42,5000.0,12.8,S
2021-07-05T10:35:42,3700.0,12.8,S
2021-07-05T10:35:42,1400.0,12.8,S
2021-07-05T10:35:42,7500.0,12.8,S
2021-07-05T10:35:42,3100.0,12.8,S
2021-07-05T10:35:42,10100.0,12.8,S
2021-07-05T10:35:42,200.0,12.8,S
2021-07-05T10:35:42,2500.0,12.8,S
2021-07-05T10:35:42,500.0,12.8,S
2021-07-05T10:35:42,17000.0,12.8,S
2021-07-05T10:35:42,2100.0,12.8,S
2021-07-05T10:35:42,6400.0,12.8,S
2021-07-05T10:35:42,300.0,12.8,S
2021-07-05T10:35:42,600.0,12.8,S
2021-07-05T10:35:42,1400.0,12.8,S
2021-07-05T10:35:42,7600.0,12.8,S
2021-07-05T10:35:39,200.0,12.85,B
2021-07-05T10:35:35,100.0,12.8,S
2021-07-05T10:35:34,5000.0,12.85,B
2021-07-05T10:35:31,2300.0,12.85,B
2021-07-05T10:35:31,10000.0,12.85,B
2021-07-05T10:35:25,100.0,12.85,B
2021-07-05T10:35:25,500.0,12.85,B
2021-07-05T10:35:25,400.0,12.8,S
2021-07-05T10:35:24,700.0,12.85,B
2021-07-05T10:35:20,10000.0,12.85,B
2021-07-05T10:35:00,100.0,12.85,B
2021-07-05T10:34:57,100.0,12.85,B
2021-07-05T10:34:56,100.0,12.85,B
2021-07-05T10:34:48,1800.0,12.85,B
2021-07-05T10:34:48,3200.0,12.85,B
2021-07-05T10:34:47,10000.0,12.85,B
2021-07-05T10:34:39,1900.0,12.85,B
2021-07-05T10:34:37,1800.0,12.85,B
2021-07-05T10:34:37,700.0,12.85,B
2021-07-05T10:34:27,100000.0,12.85,B
2021-07-05T10:34:26,3000.0,12.8,S
2021-07-05T10:34:21,700.0,12.8,S
2021-07-05T10:34:21,300.0,12.8,S
2021-07-05T10:34:18,1800.0,12.8,S
2021-07-05T10:34:18,1300.0,12.8,S
2021-07-05T10:34:15,16000.0,12.8,S
2021-07-05T10:34:15,2000.0,12.85,B
2021-07-05T10:34:11,300.0,12.8,S
2021-07-05T10:34:08,400.0,12.85,B
2021-07-05T10:34:04,1000.0,12.85,B
2021-07-05T10:33:53,400.0,12.85,B
2021-07-05T10:33:50,100.0,12.85,B
2021-07-05T10:33:50,100.0,12.85,B
2021-07-05T10:33:48,700.0,12.85,B
2021-07-05T10:33:46,500.0,12.85,B
2021-07-05T10:33:44,100.0,12.85,B
2021-07-05T10:33:42,10000.0,12.85,B
2021-07-05T10:33:42,100.0,12.85,B
2021-07-05T10:33:35,200.0,12.85,B
2021-07-05T10:33:34,100.0,12.85,B
2021-07-05T10:33:31,3000.0,12.85,B
2021-07-05T10:33:29,200.0,12.85,B
2021-07-05T10:33:26,4000.0,12.85,B
2021-07-05T10:33:23,100000.0,12.85,B
2021-07-05T10:33:15,400.0,12.85,B
2021-07-05T10:33:14,900.0,12.85,B
2021-07-05T10:33:13,5000.0,12.85,B
2021-07-05T10:33:07,200.0,12.85,B
2021-07-05T10:33:04,1000.0,12.85,B
2021-07-05T10:32:57,1800.0,12.8,S
2021-07-05T10:32:57,100.0,12.8,S
2021-07-05T10:32:57,1100.0,12.8,S
2021-07-05T10:32:57,3100.0,12.8,S
2021-07-05T10:32:57,4500.0,12.8,S
2021-07-05T10:32:57,600.0,12.8,S
2021-07-05T10:32:57,100.0,12.8,S
2021-07-05T10:32:57,5200.0,12.8,S
2021-07-05T10:32:57,600.0,12.8,S
2021-07-05T10:32:57,500.0,12.8,S
2021-07-05T10:32:57,1700.0,12.8,S
2021-07-05T10:32:57,1000.0,12.8,S
2021-07-05T10:32:57,1500.0,12.8,S
2021-07-05T10:32:57,4000.0,12.8,S
2021-07-05T10:32:57,2500.0,12.8,S
2021-07-05T10:32:57,1600.0,12.8,S
2021-07-05T10:32:57,2000.0,12.8,S
2021-07-05T10:32:57,1100.0,12.8,S
2021-07-05T10:32:57,1100.0,12.8,S
2021-07-05T10:32:57,500.0,12.8,S
2021-07-05T10:32:57,100.0,12.8,S
2021-07-05T10:32:57,1500.0,12.8,S
2021-07-05T10:32:57,1400.0,12.8,S
2021-07-05T10:32:57,500.0,12.8,S
2021-07-05T10:32:57,600.0,12.8,S
2021-07-05T10:32:57,600.0,12.8,S
2021-07-05T10:32:57,64800.0,12.8,S
2021-07-05T10:32:31,300.0,12.8,S
2021-07-05T10:32:28,100.0,12.85,B
2021-07-05T10:32:18,100.0,12.85,B
2021-07-05T10:32:14,100.0,12.85,B
2021-07-05T10:32:14,500.0,12.85,B
2021-07-05T10:32:12,500.0,12.85,B
2021-07-05T10:32:12,100.0,12.85,B
2021-07-05T10:32:12,300.0,12.85,B
2021-07-05T10:32:12,200.0,12.85,B
2021-07-05T10:32:09,500.0,12.85,B
2021-07-05T10:32:09,5000.0,12.8,S
2021-07-05T10:31:58,1000.0,12.85,B
2021-07-05T10:31:53,1100.0,12.85,B
2021-07-05T10:31:53,3100.0,12.85,B
2021-07-05T10:31:48,200.0,12.85,B
2021-07-05T10:31:41,10000.0,12.85,B
2021-07-05T10:31:37,200.0,12.85,B
2021-07-05T10:31:36,3000.0,12.8,S
2021-07-05T10:31:25,100.0,12.85,B
2021-07-05T10:31:23,20000.0,12.85,B
2021-07-05T10:31:20,1000.0,12.85,B
2021-07-05T10:31:17,2000.0,12.85,B
2021-07-05T10:31:16,1600.0,12.85,B
2021-07-05T10:31:13,5000.0,12.85,B
2021-07-05T10:31:13,300.0,12.85,B
2021-07-05T10:31:10,1900.0,12.85,B
2021-07-05T10:31:05,2000.0,12.85,B
2021-07-05T10:31:03,100.0,12.85,B
2021-07-05T10:31:00,500.0,12.85,B
2021-07-05T10:30:56,14200.0,12.85,B
2021-07-05T10:30:56,20000.0,12.85,B
2021-07-05T10:30:56,13000.0,12.85,B
2021-07-05T10:30:56,2800.0,12.85,B
2021-07-05T10:30:53,100.0,12.85,B
2021-07-05T10:30:50,2000.0,12.85,B
2021-07-05T10:30:47,2800.0,12.8,S
2021-07-05T10:30:43,200.0,12.85,B
2021-07-05T10:30:39,50000.0,12.85,B
2021-07-05T10:30:38,200.0,12.85,B
2021-07-05T10:30:36,200.0,12.85,B
2021-07-05T10:30:35,800.0,12.85,B
2021-07-05T10:30:33,2500.0,12.85,B
2021-07-05T10:30:31,100.0,12.85,B
2021-07-05T10:30:24,100.0,12.85,B
2021-07-05T10:30:19,500.0,12.8,S
2021-07-05T10:30:18,200.0,12.85,B
2021-07-05T10:30:16,600.0,12.85,B
2021-07-05T10:30:11,800.0,12.85,B
2021-07-05T10:30:11,1000.0,12.85,B
2021-07-05T10:29:55,2000.0,12.85,B
2021-07-05T10:29:53,1000.0,12.85,B
2021-07-05T10:29:53,200.0,12.85,B
2021-07-05T10:29:49,800.0,12.85,B
2021-07-05T10:29:49,1000.0,12.85,B
2021-07-05T10:29:48,5000.0,12.85,B
2021-07-05T10:29:43,2000.0,12.85,B
2021-07-05T10:29:38,1000.0,12.85,B
2021-07-05T10:29:35,500.0,12.85,B
2021-07-05T10:29:33,2000.0,12.85,B
2021-07-05T10:29:28,200.0,12.85,B
2021-07-05T10:29:26,1900.0,12.8,S
2021-07-05T10:29:21,5000.0,12.85,B
2021-07-05T10:29:21,100.0,12.85,B
2021-07-05T10:29:20,4000.0,12.85,B
2021-07-05T10:29:20,100.0,12.85,B
2021-07-05T10:29:19,200.0,12.85,B
2021-07-05T10:29:19,200.0,12.85,B
2021-07-05T10:29:16,100.0,12.85,B
2021-07-05T10:29:14,500.0,12.85,B
2021-07-05T10:29:06,4200.0,12.85,B
2021-07-05T10:29:01,300.0,12.85,B
2021-07-05T10:29:01,100.0,12.85,B
2021-07-05T10:29:00,12300.0,12.85,B
2021-07-05T10:29:00,2700.0,12.85,B
2021-07-05T10:28:53,1000.0,12.85,B
2021-07-05T10:28:53,100.0,12.85,B
2021-07-05T10:28:48,1000.0,12.85,B
2021-07-05T10:28:46,2000.0,12.85,B
2021-07-05T10:28:45,500.0,12.85,B
2021-07-05T10:28:41,2000.0,12.85,B
2021-07-05T10:28:41,100.0,12.85,B
2021-07-05T10:28:39,2000.0,12.85,B
2021-07-05T10:28:36,100.0,12.85,B
2021-07-05T10:28:34,1000.0,12.85,B
2021-07-05T10:28:34,1000.0,12.85,B
2021-07-05T10:28:33,20000.0,12.85,B
2021-07-05T10:28:29,3000.0,12.85,B
2021-07-05T10:28:29,500.0,12.85,B
2021-07-05T10:28:29,15000.0,12.85,B
2021-07-05T10:28:26,100.0,12.85,B
2021-07-05T10:28:23,6400.0,12.85,S
2021-07-05T10:28:23,200.0,12.85,S
2021-07-05T10:28:23,41500.0,12.85,S
2021-07-05T10:28:23,500.0,12.85,S
2021-07-05T10:28:01,93100.0,12.85,B
2021-07-05T10:27:58,1000.0,12.85,B
2021-07-05T10:27:55,100.0,12.85,B
2021-07-05T10:27:54,500.0,12.85,B
2021-07-05T10:27:50,500.0,12.85,B
2021-07-05T10:27:47,2000.0,12.85,B
2021-07-05T10:27:45,500.0,12.85,B
2021-07-05T10:27:44,2000.0,12.85,B
2021-07-05T10:27:38,1600.0,12.85,B
2021-07-05T10:27:38,1000.0,12.85,B
2021-07-05T10:27:36,2700.0,12.85,B
2021-07-05T10:27:36,3800.0,12.85,B
2021-07-05T10:27:35,1000.0,12.85,B
2021-07-05T10:27:33,7800.0,12.85,B
2021-07-05T10:27:25,1000.0,12.85,B
2021-07-05T10:27:23,100.0,12.8,S
2021-07-05T10:27:23,6600.0,12.85,B
2021-07-05T10:27:18,1000.0,12.85,B
2021-07-05T10:27:15,4000.0,12.85,B
2021-07-05T10:27:15,1200.0,12.85,B
2021-07-05T10:27:14,25000.0,12.85,B
2021-07-05T10:27:12,200.0,12.85,B
2021-07-05T10:27:10,100.0,12.85,B
2021-07-05T10:27:06,10000.0,12.85,B
2021-07-05T10:27:05,1000.0,12.85,B
2021-07-05T10:27:05,100.0,12.85,B
2021-07-05T10:27:04,3000.0,12.85,B
2021-07-05T10:26:59,200.0,12.85,B
2021-07-05T10:26:58,9200.0,12.85,B
2021-07-05T10:26:57,3900.0,12.8,S
2021-07-05T10:26:57,2600.0,12.8,S
2021-07-05T10:26:56,1000.0,12.85,B
2021-07-05T10:26:54,4000.0,12.85,B
2021-07-05T10:26:51,100.0,12.85,B
2021-07-05T10:26:40,300.0,12.85,B
2021-07-05T10:26:38,300.0,12.85,B
2021-07-05T10:26:35,1000.0,12.85,B
2021-07-05T10:26:29,100.0,12.85,B
2021-07-05T10:26:25,200.0,12.85,B
2021-07-05T10:26:23,2000.0,12.85,B
2021-07-05T10:26:20,3000.0,12.85,B
2021-07-05T10:26:20,100.0,12.85,B
2021-07-05T10:26:18,1000.0,12.85,B
2021-07-05T10:26:15,3000.0,12.85,B
2021-07-05T10:26:13,100.0,12.8,S
2021-07-05T10:26:13,100.0,12.85,B
2021-07-05T10:26:12,3000.0,12.85,B
2021-07-05T10:26:10,6500.0,12.85,S
2021-07-05T10:26:09,8800.0,12.85,S
2021-07-05T10:25:55,100000.0,12.85,S
2021-07-05T10:25:49,12300.0,12.85,B
2021-07-05T10:25:48,3000.0,12.85,S
2021-07-05T10:25:48,5900.0,12.85,S
2021-07-05T10:25:43,100.0,12.85,S
2021-07-05T10:25:43,100100.0,12.85,S
2021-07-05T10:25:35,50000.0,12.85,S
2021-07-05T10:25:34,105400.0,12.85,B
2021-07-05T10:25:34,100.0,12.85,B
2021-07-05T10:25:33,100.0,12.8,S
2021-07-05T10:25:31,30800.0,12.85,B
2021-07-05T10:25:31,4000.0,12.85,B
2021-07-05T10:25:31,15200.0,12.85,B
2021-07-05T10:25:28,2000.0,12.85,B
2021-07-05T10:25:19,200.0,12.85,B
2021-07-05T10:25:18,500.0,12.85,B
2021-07-05T10:25:13,1000.0,12.85,B
2021-07-05T10:25:13,300.0,12.85,B
2021-07-05T10:25:09,10000.0,12.85,B
2021-07-05T10:25:08,400.0,12.85,B
2021-07-05T10:25:05,2800.0,12.85,B
2021-07-05T10:25:04,100.0,12.85,B
2021-07-05T10:25:03,500.0,12.85,B
2021-07-05T10:25:03,1000.0,12.85,B
2021-07-05T10:25:01,100.0,12.85,B
2021-07-05T10:25:00,70000.0,12.85,B
2021-07-05T10:24:56,1000.0,12.85,B
2021-07-05T10:24:51,10000.0,12.85,B
2021-07-05T10:24:49,100.0,12.85,B
2021-07-05T10:24:46,900.0,12.85,B
2021-07-05T10:24:43,4000.0,12.85,B
2021-07-05T10:24:39,1700.0,12.85,B
2021-07-05T10:24:39,300.0,12.85,B
2021-07-05T10:24:38,10000.0,12.85,B
2021-07-05T10:24:37,2000.0,12.85,B
2021-07-05T10:24:34,200.0,12.85,B
2021-07-05T10:24:31,3000.0,12.85,B
2021-07-05T10:24:30,10000.0,12.85,B
2021-07-05T10:24:29,5300.0,12.85,B
2021-07-05T10:24:26,100.0,12.8,S
2021-07-05T10:24:25,5000.0,12.85,B
2021-07-05T10:24:24,10000.0,12.85,B
2021-07-05T10:24:23,1000.0,12.85,B
2021-07-05T10:24:20,500.0,12.85,B
2021-07-05T10:24:19,100.0,12.85,B
2021-07-05T10:24:19,100.0,12.85,B
2021-07-05T10:24:18,900.0,12.85,B
2021-07-05T10:24:14,100.0,12.85,B
2021-07-05T10:24:13,1000.0,12.85,B
2021-07-05T10:24:10,100.0,12.85,B
2021-07-05T10:24:10,400.0,12.85,B
2021-07-05T10:24:05,15000.0,12.85,B
2021-07-05T10:23:51,5000.0,12.85,B
2021-07-05T10:23:49,50000.0,12.85,B
2021-07-05T10:23:48,300.0,12.85,B
2021-07-05T10:23:48,1500.0,12.85,B
2021-07-05T10:23:47,100.0,12.85,B
2021-07-05T10:23:43,1000.0,12.85,B
2021-07-05T10:23:35,100.0,12.85,B
2021-07-05T10:23:35,1000.0,12.85,B
2021-07-05T10:23:33,100.0,12.85,B
2021-07-05T10:23:28,3000.0,12.8,S
2021-07-05T10:23:26,100.0,12.85,B
2021-07-05T10:23:18,100.0,12.85,B
2021-07-05T10:23:16,200.0,12.85,B
2021-07-05T10:23:16,5000.0,12.85,B
2021-07-05T10:23:06,100.0,12.85,B
2021-07-05T10:23:05,300.0,12.85,B
2021-07-05T10:23:01,2000.0,12.85,B
2021-07-05T10:22:55,300.0,12.85,B
2021-07-05T10:22:55,3000.0,12.8,S
2021-07-05T10:22:53,3000.0,12.85,B
2021-07-05T10:22:50,1000.0,12.85,B
2021-07-05T10:22:46,10000.0,12.85,B
2021-07-05T10:22:46,300.0,12.85,B
2021-07-05T10:22:46,4100.0,12.8,S
2021-07-05T10:22:46,5900.0,12.8,S
2021-07-05T10:22:39,200.0,12.85,B
2021-07-05T10:22:35,1000.0,12.85,B
2021-07-05T10:22:25,200.0,12.85,B
2021-07-05T10:22:25,200.0,12.85,B
2021-07-05T10:22:20,30000.0,12.8,S
2021-07-05T10:22:13,200.0,12.85,B
2021-07-05T10:22:03,100.0,12.85,B
2021-07-05T10:21:58,100.0,12.85,B
2021-07-05T10:21:50,800.0,12.85,B
2021-07-05T10:21:48,200.0,12.85,B
2021-07-05T10:21:45,500.0,12.85,B
2021-07-05T10:21:45,3800.0,12.85,B
2021-07-05T10:21:42,100.0,12.85,B
2021-07-05T10:21:38,6900.0,12.85,B
2021-07-05T10:21:36,10000.0,12.85,B
2021-07-05T10:21:36,100.0,12.85,B
2021-07-05T10:21:26,400.0,12.85,B
2021-07-05T10:21:26,100.0,12.85,B
2021-07-05T10:21:24,10000.0,12.85,B
2021-07-05T10:21:23,500.0,12.85,B
2021-07-05T10:21:16,200.0,12.85,B
2021-07-05T10:21:15,500.0,12.85,B
2021-07-05T10:21:15,200.0,12.85,B
2021-07-05T10:21:10,100.0,12.85,B
2021-07-05T10:21:00,2000.0,12.85,B
2021-07-05T10:20:58,100.0,12.85,B
2021-07-05T10:20:56,200.0,12.85,B
2021-07-05T10:20:56,100.0,12.85,B
2021-07-05T10:20:55,7000.0,12.85,B
2021-07-05T10:20:53,500.0,12.85,B
2021-07-05T10:20:51,1000.0,12.85,B
2021-07-05T10:20:50,100.0,12.85,B
2021-07-05T10:20:50,100.0,12.85,B
2021-07-05T10:20:45,600.0,12.85,B
2021-07-05T10:20:45,900.0,12.85,B
2021-07-05T10:20:44,1200.0,12.85,B
2021-07-05T10:20:44,100.0,12.85,B
2021-07-05T10:20:42,5000.0,12.8,S
2021-07-05T10:20:38,2000.0,12.85,B
2021-07-05T10:20:35,2500.0,12.85,B
2021-07-05T10:20:31,1000.0,12.85,B
2021-07-05T10:20:30,200.0,12.85,B
2021-07-05T10:20:30,500.0,12.85,B
2021-07-05T10:20:30,100.0,12.85,B
2021-07-05T10:20:28,4700.0,12.85,S
2021-07-05T10:20:28,100.0,12.9,B
2021-07-05T10:20:16,400.0,12.85,S
2021-07-05T10:20:16,3600.0,12.85,S
2021-07-05T10:20:13,16000.0,12.9,B
2021-07-05T10:20:10,100.0,12.85,B
2021-07-05T10:20:10,100.0,12.85,B
2021-07-05T10:20:10,1000.0,12.85,B
2021-07-05T10:20:08,11800.0,12.85,S
2021-07-05T10:20:08,600.0,12.85,S
2021-07-05T10:20:08,80800.0,12.85,S
2021-07-05T10:20:05,200.0,12.85,S
2021-07-05T10:20:03,200.0,12.85,S
2021-07-05T10:20:00,300.0,12.85,S
2021-07-05T10:19:50,1000.0,12.85,S
2021-07-05T10:19:42,500.0,12.85,B
2021-07-05T10:19:40,500.0,12.85,B
2021-07-05T10:19:39,300.0,12.85,B
2021-07-05T10:19:39,5400.0,12.85,B
2021-07-05T10:19:37,500.0,12.85,B
2021-07-05T10:19:36,1000.0,12.8,S
2021-07-05T10:19:35,600.0,12.85,B
2021-07-05T10:19:30,500.0,12.85,B
2021-07-05T10:19:30,1000.0,12.85,B
2021-07-05T10:19:29,25000.0,12.85,B
2021-07-05T10:19:25,100.0,12.85,B
2021-07-05T10:19:22,300.0,12.85,B
2021-07-05T10:19:22,1000.0,12.85,B
2021-07-05T10:19:22,100.0,12.85,B
2021-07-05T10:19:20,1000.0,12.85,B
2021-07-05T10:19:18,3000.0,12.85,B
2021-07-05T10:19:18,5000.0,12.85,B
2021-07-05T10:19:15,1000.0,12.85,S
2021-07-05T10:19:15,500.0,12.85,S
2021-07-05T10:19:15,2100.0,12.85,B
2021-07-05T10:19:11,5000.0,12.85,B
2021-07-05T10:19:10,5000.0,12.85,B
2021-07-05T10:19:08,500.0,12.85,B
2021-07-05T10:19:04,500.0,12.85,B
2021-07-05T10:19:03,200.0,12.85,B
2021-07-05T10:19:02,300.0,12.85,B
2021-07-05T10:19:00,1000.0,12.85,B
2021-07-05T10:19:00,3500.0,12.85,B
2021-07-05T10:18:57,200.0,12.85,B
2021-07-05T10:18:55,3000.0,12.85,B
2021-07-05T10:18:53,1000.0,12.85,B
2021-07-05T10:18:53,500.0,12.85,B
2021-07-05T10:18:50,31100.0,12.85,S
2021-07-05T10:18:50,4200.0,12.85,S
2021-07-05T10:18:50,4000.0,12.85,S
2021-07-05T10:18:50,500.0,12.85,S
2021-07-05T10:18:50,19500.0,12.85,S
2021-07-05T10:18:50,6200.0,12.85,S
2021-07-05T10:18:50,11400.0,12.85,S
2021-07-05T10:18:38,100.0,12.9,B
2021-07-05T10:18:35,1000.0,12.85,S
2021-07-05T10:18:14,200.0,12.85,S
2021-07-05T10:18:00,3000.0,12.85,B
2021-07-05T10:18:00,500.0,12.8,S
2021-07-05T10:17:58,500.0,12.85,B
2021-07-05T10:17:57,4700.0,12.85,B
2021-07-05T10:17:55,100.0,12.85,B
2021-07-05T10:17:51,300.0,12.85,B
2021-07-05T10:17:50,8000.0,12.85,S
2021-07-05T10:17:50,83400.0,12.85,S
2021-07-05T10:17:47,500.0,12.9,B
2021-07-05T10:17:40,100.0,12.9,B
2021-07-05T10:17:38,9700.0,12.85,S
2021-07-05T10:17:38,4000.0,12.85,B
2021-07-05T10:17:33,1000.0,12.85,B
2021-07-05T10:17:30,1000.0,12.85,B
2021-07-05T10:17:29,1000.0,12.85,S
2021-07-05T10:17:29,6900.0,12.85,S
2021-07-05T10:17:29,2900.0,12.85,S
2021-07-05T10:17:29,17500.0,12.85,S
2021-07-05T10:17:29,1000.0,12.85,S
2021-07-05T10:17:29,100.0,12.85,S
2021-07-05T10:17:29,5100.0,12.85,S
2021-07-05T10:17:29,2200.0,12.85,S
2021-07-05T10:17:29,11000.0,12.85,S
2021-07-05T10:17:29,38400.0,12.85,S
2021-07-05T10:17:19,100.0,12.9,B
2021-07-05T10:17:17,100.0,12.85,S
2021-07-05T10:17:17,5000.0,12.9,B
2021-07-05T10:17:16,7500.0,12.85,S
2021-07-05T10:17:08,100.0,12.9,B
2021-07-05T10:17:04,100.0,12.9,B
2021-07-05T10:16:54,3000.0,12.9,B
2021-07-05T10:16:49,100.0,12.9,B
2021-07-05T10:16:49,10000.0,12.9,B
2021-07-05T10:16:43,600.0,12.85,S
2021-07-05T10:16:38,2000.0,12.85,S
2021-07-05T10:16:29,5900.0,12.85,B
2021-07-05T10:16:29,400.0,12.85,B
2021-07-05T10:16:29,300.0,12.85,B
2021-07-05T10:16:29,100.0,12.85,B
2021-07-05T10:16:23,100.0,12.85,B
2021-07-05T10:16:22,200.0,12.85,B
2021-07-05T10:16:22,200.0,12.85,S
2021-07-05T10:16:22,600.0,12.85,S
2021-07-05T10:16:20,300.0,12.85,S
2021-07-05T10:16:16,800.0,12.85,S
2021-07-05T10:16:15,1000.0,12.85,S
2021-07-05T10:16:14,4600.0,12.85,B
2021-07-05T10:16:14,3700.0,12.85,B
2021-07-05T10:16:14,200.0,12.85,B
2021-07-05T10:16:14,5000.0,12.85,B
2021-07-05T10:16:14,200.0,12.85,B
2021-07-05T10:16:13,100.0,12.85,B
2021-07-05T10:16:09,2000.0,12.85,B
2021-07-05T10:16:08,1500.0,12.8,S
2021-07-05T10:16:07,2000.0,12.85,B
2021-07-05T10:16:06,5000.0,12.85,B
2021-07-05T10:16:04,2000.0,12.85,B
2021-07-05T10:16:00,500.0,12.85,B
2021-07-05T10:16:00,100.0,12.85,B
2021-07-05T10:15:59,1800.0,12.85,B
2021-07-05T10:15:59,1000.0,12.85,B
2021-07-05T10:15:59,400.0,12.85,B
2021-07-05T10:15:59,300.0,12.85,B
2021-07-05T10:15:58,2000.0,12.8,S
2021-07-05T10:15:56,1000.0,12.85,B
2021-07-05T10:15:56,1000.0,12.85,B
2021-07-05T10:15:52,1700.0,12.85,B
2021-07-05T10:15:50,5000.0,12.8,S
2021-07-05T10:15:47,600.0,12.8,S
2021-07-05T10:15:45,100.0,12.85,B
2021-07-05T10:15:44,10000.0,12.85,B
2021-07-05T10:15:43,1000.0,12.85,B
2021-07-05T10:15:42,2000.0,12.85,B
2021-07-05T10:15:40,3000.0,12.85,B
2021-07-05T10:15:40,500.0,12.85,B
2021-07-05T10:15:40,200.0,12.85,B
2021-07-05T10:15:36,700.0,12.85,B
2021-07-05T10:15:36,2000.0,12.85,B
2021-07-05T10:15:36,600.0,12.85,B
2021-07-05T10:15:36,100.0,12.85,B
2021-07-05T10:15:34,1000.0,12.85,B
2021-07-05T10:15:33,1000.0,12.85,B
2021-07-05T10:15:33,5000.0,12.85,B
2021-07-05T10:15:29,1000.0,12.85,B
2021-07-05T10:15:25,5000.0,12.85,B
2021-07-05T10:15:21,1000.0,12.85,B
2021-07-05T10:15:20,1000.0,12.85,B
2021-07-05T10:15:16,200.0,12.85,B
2021-07-05T10:15:13,1000.0,12.8,S
2021-07-05T10:15:11,700.0,12.85,B
2021-07-05T10:15:09,500.0,12.85,B
2021-07-05T10:15:07,3000.0,12.85,B
2021-07-05T10:15:04,200.0,12.85,B
2021-07-05T10:15:02,3000.0,12.85,B
2021-07-05T10:14:54,800.0,12.85,S
2021-07-05T10:14:54,13400.0,12.85,S
2021-07-05T10:14:53,2000.0,12.85,S
2021-07-05T10:14:50,200.0,12.85,S
2021-07-05T10:14:48,5000.0,12.85,S
2021-07-05T10:14:48,3500.0,12.85,S
2021-07-05T10:14:46,300.0,12.85,S
2021-07-05T10:14:46,5000.0,12.85,S
2021-07-05T10:14:43,10000.0,12.85,S
2021-07-05T10:14:40,1300.0,12.85,S
2021-07-05T10:14:37,100000.0,12.85,S
2021-07-05T10:14:35,500.0,12.85,S
2021-07-05T10:14:29,100000.0,12.85,S
2021-07-05T10:14:25,19100.0,12.85,S
2021-07-05T10:14:20,1200.0,12.85,S
2021-07-05T10:14:18,100.0,12.85,S
2021-07-05T10:14:18,1000.0,12.85,S
2021-07-05T10:14:17,500.0,12.85,S
2021-07-05T10:14:10,16100.0,12.85,B
2021-07-05T10:14:08,200.0,12.85,B
2021-07-05T10:14:00,2000.0,12.8,S
2021-07-05T10:14:00,800.0,12.85,B
2021-07-05T10:14:00,400.0,12.85,B
2021-07-05T10:13:59,500.0,12.85,B
2021-07-05T10:13:58,10000.0,12.85,B
2021-07-05T10:13:49,100.0,12.85,B
2021-07-05T10:13:49,200.0,12.85,B
2021-07-05T10:13:43,1000.0,12.85,B
2021-07-05T10:13:39,200.0,12.85,B
2021-07-05T10:13:38,1600.0,12.85,S
2021-07-05T10:13:38,65300.0,12.85,S
2021-07-05T10:13:35,1400.0,12.85,S
2021-07-05T10:13:33,1300.0,12.85,S
2021-07-05T10:13:26,32200.0,12.85,B
2021-07-05T10:13:18,20000.0,12.85,B
2021-07-05T10:13:13,100.0,12.85,B
2021-07-05T10:13:13,900.0,12.85,B
2021-07-05T10:13:11,500.0,12.85,B
2021-07-05T10:13:09,100.0,12.85,B
2021-07-05T10:13:07,100.0,12.85,B
2021-07-05T10:13:07,1000.0,12.85,S
2021-07-05T10:13:07,200.0,12.85,S
2021-07-05T10:13:07,9900.0,12.85,S
2021-07-05T10:13:03,500.0,12.85,S
2021-07-05T10:12:50,200.0,12.85,S
2021-07-05T10:12:50,900.0,12.85,S
2021-07-05T10:12:50,2300.0,12.85,S
2021-07-05T10:12:50,3100.0,12.85,S
2021-07-05T10:12:50,1500.0,12.85,S
2021-07-05T10:12:50,50000.0,12.85,S
2021-07-05T10:12:36,1000.0,12.85,S
2021-07-05T10:12:36,1700.0,12.85,S
2021-07-05T10:12:36,9300.0,12.85,S
2021-07-05T10:12:16,1500.0,12.85,S
2021-07-05T10:12:13,5000.0,12.85,S
2021-07-05T10:12:09,1000.0,12.9,B
2021-07-05T10:12:09,100.0,12.85,S
2021-07-05T10:12:09,1500.0,12.85,S
2021-07-05T10:12:06,10000.0,12.85,S
2021-07-05T10:12:06,500.0,12.85,S
2021-07-05T10:12:04,13600.0,12.85,S
2021-07-05T10:12:01,3000.0,12.85,S
2021-07-05T10:11:50,2000.0,12.85,S
2021-07-05T10:11:50,100.0,12.85,S
2021-07-05T10:11:46,18100.0,12.85,S
2021-07-05T10:11:45,16800.0,12.85,S
2021-07-05T10:11:45,1700.0,12.85,S
2021-07-05T10:11:45,5300.0,12.85,S
2021-07-05T10:11:45,400.0,12.85,S
2021-07-05T10:11:45,25800.0,12.85,S
2021-07-05T10:11:42,100.0,12.9,B
2021-07-05T10:11:42,14000.0,12.85,S
2021-07-05T10:11:26,1000.0,12.85,S
2021-07-05T10:11:24,700.0,12.85,S
2021-07-05T10:11:20,100.0,12.85,S
2021-07-05T10:11:18,1000.0,12.85,S
2021-07-05T10:11:17,4000.0,12.85,S
2021-07-05T10:11:16,500.0,12.85,S
2021-07-05T10:11:13,11000.0,12.85,S
2021-07-05T10:11:13,1000.0,12.85,S
2021-07-05T10:10:58,500.0,12.85,S
2021-07-05T10:10:55,300.0,12.85,S
2021-07-05T10:10:50,100.0,12.85,S
2021-07-05T10:10:38,1500.0,12.85,B
2021-07-05T10:10:38,300.0,12.85,B
2021-07-05T10:10:37,1000.0,12.85,B
2021-07-05T10:10:36,500.0,12.85,S
2021-07-05T10:10:36,1800.0,12.85,S
2021-07-05T10:10:36,11200.0,12.85,S
2021-07-05T10:10:36,40700.0,12.85,S
2021-07-05T10:10:36,43000.0,12.85,S
2021-07-05T10:10:32,800.0,12.85,S
2021-07-05T10:10:29,200.0,12.85,S
2021-07-05T10:10:26,67400.0,12.85,S
2021-07-05T10:10:26,300.0,12.85,S
2021-07-05T10:10:26,1500.0,12.85,S
2021-07-05T10:10:26,15600.0,12.85,S
2021-07-05T10:10:26,11700.0,12.85,S
2021-07-05T10:10:26,3500.0,12.85,S
2021-07-05T10:10:20,200.0,12.85,S
2021-07-05T10:10:20,2400.0,12.9,B
2021-07-05T10:10:12,2400.0,12.85,S
2021-07-05T10:10:12,1000.0,12.85,S
2021-07-05T10:10:12,5100.0,12.85,S
2021-07-05T10:10:09,15000.0,12.85,S
2021-07-05T10:10:07,5000.0,12.85,S
2021-07-05T10:10:01,100.0,12.9,B
2021-07-05T10:10:00,300.0,12.85,S
2021-07-05T10:09:53,500.0,12.85,S
2021-07-05T10:09:37,30000.0,12.85,B
2021-07-05T10:09:37,20700.0,12.85,B
2021-07-05T10:09:37,10500.0,12.85,B
2021-07-05T10:09:37,21400.0,12.85,B
2021-07-05T10:09:37,16600.0,12.85,B
2021-07-05T10:09:37,200.0,12.85,B
2021-07-05T10:09:33,1000.0,12.85,B
2021-07-05T10:09:30,6300.0,12.85,B
2021-07-05T10:09:30,100.0,12.85,B
2021-07-05T10:09:27,2000.0,12.85,B
2021-07-05T10:09:24,1800.0,12.85,B
2021-07-05T10:09:22,5000.0,12.85,B
2021-07-05T10:09:20,200.0,12.85,B
2021-07-05T10:09:20,2000.0,12.85,B
2021-07-05T10:09:18,1900.0,12.85,B
2021-07-05T10:09:18,1000.0,12.85,B
2021-07-05T10:09:14,10000.0,12.85,B
2021-07-05T10:09:13,100.0,12.8,S
2021-07-05T10:09:10,100.0,12.85,B
2021-07-05T10:09:10,1300.0,12.85,B
2021-07-05T10:09:08,1000.0,12.85,B
2021-07-05T10:09:04,200.0,12.85,B
2021-07-05T10:09:00,200.0,12.85,B
2021-07-05T10:08:59,5400.0,12.85,B
2021-07-05T10:08:59,300.0,12.8,S
2021-07-05T10:08:59,1000.0,12.85,B
2021-07-05T10:08:58,200.0,12.85,B
2021-07-05T10:08:56,100.0,12.85,B
2021-07-05T10:08:56,2000.0,12.85,B
2021-07-05T10:08:54,3000.0,12.85,B
2021-07-05T10:08:53,2000.0,12.85,B
2021-07-05T10:08:52,3000.0,12.8,S
2021-07-05T10:08:50,200.0,12.85,B
2021-07-05T10:08:48,100.0,12.85,B
2021-07-05T10:08:43,1200.0,12.85,B
2021-07-05T10:08:41,300.0,12.85,B
2021-07-05T10:08:40,500.0,12.85,B
2021-07-05T10:08:33,1000.0,12.8,S
2021-07-05T10:08:22,100.0,12.85,B
2021-07-05T10:08:21,1000.0,12.85,B
2021-07-05T10:08:19,100.0,12.85,B
2021-07-05T10:08:19,100.0,12.85,B
2021-07-05T10:08:18,1000.0,12.85,B
2021-07-05T10:08:15,2800.0,12.8,S
2021-07-05T10:08:14,300.0,12.85,B
2021-07-05T10:08:11,100.0,12.85,B
2021-07-05T10:08:08,2000.0,12.85,B
2021-07-05T10:08:08,100.0,12.85,B
2021-07-05T10:08:08,100.0,12.85,B
2021-07-05T10:08:02,100.0,12.85,B
2021-07-05T10:07:49,1000.0,12.85,B
2021-07-05T10:07:48,600.0,12.85,S
2021-07-05T10:07:48,4500.0,12.85,S
2021-07-05T10:07:48,9300.0,12.85,S
2021-07-05T10:07:48,1100.0,12.85,S
2021-07-05T10:07:46,6900.0,12.85,S
2021-07-05T10:07:44,82800.0,12.85,S
2021-07-05T10:07:43,4200.0,12.85,S
2021-07-05T10:07:43,1300.0,12.85,S
2021-07-05T10:07:43,300.0,12.85,S
2021-07-05T10:07:43,6000.0,12.85,S
2021-07-05T10:07:43,1300.0,12.85,S
2021-07-05T10:07:43,600.0,12.85,S
2021-07-05T10:07:43,600.0,12.85,S
2021-07-05T10:07:43,2800.0,12.85,S
2021-07-05T10:07:43,100.0,12.85,S
2021-07-05T10:07:40,200.0,12.85,S
2021-07-05T10:07:39,100.0,12.85,S
2021-07-05T10:07:26,600.0,12.85,S
2021-07-05T10:07:26,17100.0,12.85,S
2021-07-05T10:07:26,500.0,12.85,S
2021-07-05T10:07:26,1300.0,12.85,S
2021-07-05T10:07:26,1200.0,12.85,S
2021-07-05T10:07:26,200.0,12.85,S
2021-07-05T10:07:26,2800.0,12.85,S
2021-07-05T10:07:26,100.0,12.85,S
2021-07-05T10:07:26,4400.0,12.85,S
2021-07-05T10:07:26,4000.0,12.85,S
2021-07-05T10:07:26,400.0,12.85,S
2021-07-05T10:07:26,200.0,12.85,S
2021-07-05T10:07:26,30300.0,12.85,S
2021-07-05T10:07:26,1700.0,12.85,S
2021-07-05T10:07:26,1000.0,12.85,S
2021-07-05T10:07:26,600.0,12.85,S
2021-07-05T10:07:26,10400.0,12.85,S
2021-07-05T10:07:26,6200.0,12.85,S
2021-07-05T10:07:26,500.0,12.85,S
2021-07-05T10:07:26,1100.0,12.85,S
2021-07-05T10:07:26,15400.0,12.85,S
2021-07-05T10:07:20,2000.0,12.9,B
2021-07-05T10:07:20,100.0,12.85,S
2021-07-05T10:07:16,200.0,12.9,B
2021-07-05T10:07:15,5000.0,12.85,S
2021-07-05T10:07:08,300.0,12.85,S
2021-07-05T10:07:08,71500.0,12.85,S
2021-07-05T10:07:08,800.0,12.85,S
2021-07-05T10:07:08,1700.0,12.85,S
2021-07-05T10:07:08,1200.0,12.85,S
2021-07-05T10:07:08,1000.0,12.85,S
2021-07-05T10:07:08,1800.0,12.85,S
2021-07-05T10:07:08,500.0,12.85,S
2021-07-05T10:07:08,700.0,12.85,S
2021-07-05T10:07:08,300.0,12.85,S
2021-07-05T10:07:08,6600.0,12.85,S
2021-07-05T10:07:08,6000.0,12.85,S
2021-07-05T10:07:08,7600.0,12.85,S
2021-07-05T10:07:08,1600.0,12.85,S
2021-07-05T10:06:53,200.0,12.85,S
2021-07-05T10:06:47,300.0,12.9,B
2021-07-05T10:06:38,25500.0,12.9,B
2021-07-05T10:06:28,10000.0,12.9,B
2021-07-05T10:06:24,1000.0,12.85,S
2021-07-05T10:06:18,100.0,12.85,S
2021-07-05T10:06:14,2800.0,12.85,S
2021-07-05T10:06:14,200.0,12.85,S
2021-07-05T10:06:12,3000.0,12.85,S
2021-07-05T10:06:09,200.0,12.85,S
2021-07-05T10:06:07,9900.0,12.85,S
2021-07-05T10:06:07,19100.0,12.85,S
2021-07-05T10:06:07,1700.0,12.85,S
2021-07-05T10:05:59,100.0,12.85,S
2021-07-05T10:05:59,500.0,12.85,S
2021-07-05T10:05:59,9400.0,12.85,S
2021-07-05T10:05:58,500.0,12.9,B
2021-07-05T10:05:58,1000.0,12.85,S
2021-07-05T10:05:57,100.0,12.85,S
2021-07-05T10:05:46,500.0,12.85,S
2021-07-05T10:05:46,100.0,12.85,S
2021-07-05T10:05:46,2000.0,12.85,S
2021-07-05T10:05:46,1000.0,12.85,S
2021-07-05T10:05:46,700.0,12.85,S
2021-07-05T10:05:46,4000.0,12.85,S
2021-07-05T10:05:46,6000.0,12.85,S
2021-07-05T10:05:46,5700.0,12.85,S
2021-07-05T10:05:46,900.0,12.85,S
2021-07-05T10:05:39,2600.0,12.85,S
2021-07-05T10:05:39,1100.0,12.85,S
2021-07-05T10:05:39,10000.0,12.85,S
2021-07-05T10:05:39,3500.0,12.85,S
2021-07-05T10:05:39,700.0,12.85,S
2021-07-05T10:05:39,1900.0,12.85,S
2021-07-05T10:05:39,2900.0,12.85,S
2021-07-05T10:05:39,1100.0,12.85,S
2021-07-05T10:05:39,8100.0,12.85,S
2021-07-05T10:05:39,3000.0,12.85,S
2021-07-05T10:05:39,2500.0,12.85,S
2021-07-05T10:05:39,1200.0,12.85,S
2021-07-05T10:05:39,5200.0,12.85,S
2021-07-05T10:05:39,9000.0,12.85,S
2021-07-05T10:05:39,1600.0,12.85,S
2021-07-05T10:05:39,2500.0,12.85,S
2021-07-05T10:05:39,1800.0,12.85,S
2021-07-05T10:05:39,1600.0,12.85,S
2021-07-05T10:05:39,7000.0,12.85,S
2021-07-05T10:05:39,2100.0,12.85,S
2021-07-05T10:05:39,30600.0,12.85,S
2021-07-05T10:05:38,10000.0,12.85,S
2021-07-05T10:05:29,25000.0,12.9,B
2021-07-05T10:05:20,300.0,12.9,B
2021-07-05T10:05:12,1000.0,12.85,S
2021-07-05T10:04:58,200.0,12.9,B
2021-07-05T10:04:58,2000.0,12.9,B
2021-07-05T10:04:58,1400.0,12.9,B
2021-07-05T10:04:58,3600.0,12.9,B
2021-07-05T10:04:57,500.0,12.85,S
2021-07-05T10:04:46,200.0,12.9,B
2021-07-05T10:04:44,100.0,12.9,B
2021-07-05T10:04:33,37200.0,12.9,B
2021-07-05T10:04:26,4700.0,12.85,S
2021-07-05T10:04:26,700.0,12.85,S
2021-07-05T10:04:26,1200.0,12.85,S
2021-07-05T10:04:26,400.0,12.85,S
2021-07-05T10:04:26,8800.0,12.9,B
2021-07-05T10:04:24,200.0,12.85,S
2021-07-05T10:04:24,2700.0,12.85,S
2021-07-05T10:04:24,500.0,12.85,S
2021-07-05T10:04:24,8600.0,12.85,S
2021-07-05T10:04:16,1000.0,12.9,B
2021-07-05T10:04:16,100.0,12.85,S
2021-07-05T10:04:15,2000.0,12.9,B
2021-07-05T10:04:10,1000.0,12.9,B
2021-07-05T10:04:10,1000.0,12.9,B
2021-07-05T10:03:58,100.0,12.9,B
2021-07-05T10:03:50,200.0,12.9,B
2021-07-05T10:03:49,2000.0,12.9,B
2021-07-05T10:03:38,2000.0,12.9,B
2021-07-05T10:03:38,2000.0,12.9,B
2021-07-05T10:03:33,5000.0,12.9,B
2021-07-05T10:03:33,1000.0,12.9,B
2021-07-05T10:03:32,500.0,12.9,B
2021-07-05T10:03:31,3000.0,12.9,B
2021-07-05T10:03:29,2000.0,12.9,B
2021-07-05T10:03:22,4300.0,12.9,S
2021-07-05T10:03:22,1500.0,12.9,S
2021-07-05T10:03:22,2800.0,12.9,S
2021-07-05T10:03:22,2100.0,12.9,S
2021-07-05T10:03:22,4200.0,12.9,S
2021-07-05T10:03:22,1700.0,12.9,S
2021-07-05T10:03:17,4700.0,12.9,S
2021-07-05T10:03:17,3000.0,12.9,S
2021-07-05T10:03:17,2300.0,12.9,S
2021-07-05T10:03:14,2000.0,12.9,S
2021-07-05T10:03:13,1000.0,12.9,S
2021-07-05T10:03:10,4700.0,12.9,S
2021-07-05T10:03:10,500.0,12.9,S
2021-07-05T10:03:10,3200.0,12.9,S
2021-07-05T10:03:10,1600.0,12.9,S
2021-07-05T10:03:10,1600.0,12.9,S
2021-07-05T10:03:10,500.0,12.9,S
2021-07-05T10:03:10,4400.0,12.9,S
2021-07-05T10:03:10,15000.0,12.9,S
2021-07-05T10:03:10,2000.0,12.9,S
2021-07-05T10:03:10,4400.0,12.9,S
2021-07-05T10:03:10,7200.0,12.9,S
2021-07-05T10:03:10,300.0,12.9,S
2021-07-05T10:03:10,14600.0,12.9,S
2021-07-05T10:03:10,300.0,12.9,S
2021-07-05T10:03:10,1700.0,12.9,S
2021-07-05T10:02:57,2300.0,12.9,S
2021-07-05T10:02:57,100.0,12.9,S
2021-07-05T10:02:57,1600.0,12.9,S
2021-07-05T10:02:55,100.0,12.95,B
2021-07-05T10:02:46,1000.0,12.9,S
2021-07-05T10:02:46,5000.0,12.9,S
2021-07-05T10:02:43,4000.0,12.9,S
2021-07-05T10:02:43,5000.0,12.9,S
2021-07-05T10:02:40,2000.0,12.9,S
2021-07-05T10:02:38,200.0,12.9,S
2021-07-05T10:02:30,1000.0,12.9,S
2021-07-05T10:02:29,4900.0,12.9,S
2021-07-05T10:02:29,4200.0,12.9,S
2021-07-05T10:02:29,3800.0,12.9,S
2021-07-05T10:02:29,200.0,12.9,S
2021-07-05T10:02:29,100.0,12.9,S
2021-07-05T10:02:29,1000.0,12.9,S
2021-07-05T10:02:29,1600.0,12.9,S
2021-07-05T10:02:29,1700.0,12.9,S
2021-07-05T10:02:29,8700.0,12.9,S
2021-07-05T10:02:29,22500.0,12.9,S
2021-07-05T10:02:29,5000.0,12.9,S
2021-07-05T10:02:29,8100.0,12.9,S
2021-07-05T10:02:29,21500.0,12.9,S
2021-07-05T10:02:29,1900.0,12.9,S
2021-07-05T10:02:29,12000.0,12.9,S
2021-07-05T10:02:29,1400.0,12.9,S
2021-07-05T10:02:29,1400.0,12.9,S
2021-07-05T10:02:27,200.0,12.95,B
2021-07-05T10:02:18,10000.0,12.95,B
2021-07-05T10:02:18,300.0,12.9,S
2021-07-05T10:02:18,300.0,12.9,S
2021-07-05T10:02:17,300.0,12.9,S
2021-07-05T10:02:14,400.0,12.9,S
2021-07-05T10:02:14,300.0,12.9,S
2021-07-05T10:02:14,1900.0,12.9,S
2021-07-05T10:02:09,500.0,12.9,S
2021-07-05T10:02:09,100.0,12.95,B
2021-07-05T10:02:08,300.0,12.9,S
2021-07-05T10:02:06,200.0,12.9,S
2021-07-05T10:02:05,10000.0,12.9,S
2021-07-05T10:01:49,1000.0,12.9,S
2021-07-05T10:01:46,200.0,12.9,S
2021-07-05T10:01:45,2300.0,12.9,S
2021-07-05T10:01:43,6000.0,12.9,S
2021-07-05T10:01:40,100.0,12.9,S
2021-07-05T10:01:40,10000.0,12.9,S
2021-07-05T10:01:29,900.0,12.9,S
2021-07-05T10:01:29,1000.0,12.9,S
2021-07-05T10:01:24,500.0,12.9,S
2021-07-05T10:01:23,6000.0,12.95,B
2021-07-05T10:01:20,2000.0,12.9,S
2021-07-05T10:01:18,5800.0,12.9,S
2021-07-05T10:01:17,15700.0,12.9,S
2021-07-05T10:01:11,1000.0,12.9,S
2021-07-05T10:01:10,200.0,12.9,S
2021-07-05T10:01:10,4000.0,12.9,S
2021-07-05T10:00:59,100.0,12.9,S
2021-07-05T10:00:58,3300.0,12.9,S
2021-07-05T10:00:58,2700.0,12.9,S
2021-07-05T10:00:58,10000.0,12.9,S
2021-07-05T10:00:48,7000.0,12.9,S
2021-07-05T10:00:44,100.0,12.9,S
2021-07-05T10:00:39,5000.0,12.9,S
2021-07-05T10:00:39,800.0,12.9,S
2021-07-05T10:00:35,3200.0,12.9,S
2021-07-05T10:00:32,1500.0,12.9,S
2021-07-05T10:00:29,200.0,12.9,S
2021-07-05T10:00:19,100.0,12.9,S
2021-07-05T10:00:19,2000.0,12.9,S
2021-07-05T10:00:14,10000.0,12.9,S
2021-07-05T10:00:13,1500.0,12.9,S
2021-07-05T10:00:13,1000.0,12.9,S
2021-07-05T10:00:11,200.0,12.95,B
2021-07-05T10:00:05,800.0,12.9,S
2021-07-05T10:00:05,300.0,12.9,S
2021-07-05T10:00:04,2800.0,12.9,S
2021-07-05T09:59:55,100.0,12.9,S
2021-07-05T09:59:50,1000.0,12.9,S
2021-07-05T09:59:48,1000.0,12.9,S
2021-07-05T09:59:44,2500.0,12.9,S
2021-07-05T09:59:43,16800.0,12.9,S
2021-07-05T09:59:32,1000.0,12.9,S
2021-07-05T09:59:26,1000.0,12.95,B
2021-07-05T09:59:06,30000.0,12.95,B
2021-07-05T09:59:05,500.0,12.9,S
2021-07-05T09:59:00,3000.0,12.9,S
2021-07-05T09:58:46,200.0,12.9,S
2021-07-05T09:58:45,2000.0,12.9,S
2021-07-05T09:58:40,100.0,12.9,S
2021-07-05T09:58:38,3800.0,12.9,S
2021-07-05T09:58:24,600.0,12.9,S
2021-07-05T09:58:18,500.0,12.95,B
2021-07-05T09:58:13,600.0,12.95,B
2021-07-05T09:58:13,2000.0,12.9,S
2021-07-05T09:57:58,4200.0,12.95,B
2021-07-05T09:57:50,1000.0,12.95,B
2021-07-05T09:57:48,700.0,12.95,B
2021-07-05T09:57:44,200.0,12.95,B
2021-07-05T09:57:40,400.0,12.9,S
2021-07-05T09:57:38,500.0,12.95,B
2021-07-05T09:57:34,300.0,12.9,S
2021-07-05T09:57:29,1000.0,12.95,B
2021-07-05T09:57:24,5100.0,12.95,B
2021-07-05T09:57:19,1000.0,12.95,B
2021-07-05T09:57:12,4700.0,12.9,S
2021-07-05T09:57:12,1200.0,12.9,S
2021-07-05T09:57:12,1200.0,12.9,S
2021-07-05T09:57:12,2600.0,12.9,S
2021-07-05T09:57:12,500.0,12.9,S
2021-07-05T09:57:12,200.0,12.9,S
2021-07-05T09:57:12,600.0,12.9,S
2021-07-05T09:57:12,200.0,12.9,S
2021-07-05T09:57:12,3100.0,12.9,S
2021-07-05T09:57:12,9200.0,12.9,S
2021-07-05T09:57:09,900.0,12.9,S
2021-07-05T09:57:04,100.0,12.95,B
2021-07-05T09:57:02,1000.0,12.9,S
2021-07-05T09:57:00,5300.0,12.9,S
2021-07-05T09:56:43,5000.0,12.9,S
2021-07-05T09:56:29,300.0,12.95,B
2021-07-05T09:56:29,500.0,12.95,B
2021-07-05T09:56:25,11600.0,12.95,B
2021-07-05T09:56:16,300.0,12.95,B
2021-07-05T09:56:12,2500.0,12.9,S
2021-07-05T09:56:06,2100.0,12.9,S
2021-07-05T09:55:57,100.0,12.95,B
2021-07-05T09:55:47,200.0,12.9,S
2021-07-05T09:55:38,400.0,12.9,S
2021-07-05T09:55:30,300.0,12.9,S
2021-07-05T09:55:23,2200.0,12.9,S
2021-07-05T09:55:20,100.0,12.9,S
2021-07-05T09:55:20,200.0,12.9,S
2021-07-05T09:55:12,200.0,12.9,S
2021-07-05T09:55:03,1000.0,12.9,S
2021-07-05T09:54:53,1000.0,12.9,S
2021-07-05T09:54:53,5000.0,12.9,S
2021-07-05T09:54:49,700.0,12.9,S
2021-07-05T09:54:41,1000.0,12.9,S
2021-07-05T09:54:30,200.0,12.9,S
2021-07-05T09:54:29,500.0,12.95,B
2021-07-05T09:54:26,100.0,12.9,S
2021-07-05T09:54:24,400.0,12.95,B
2021-07-05T09:54:18,2000.0,12.9,S
2021-07-05T09:54:06,100.0,12.9,S
2021-07-05T09:53:40,10000.0,12.9,S
2021-07-05T09:53:29,300.0,12.95,B
2021-07-05T09:53:28,1200.0,12.9,S
2021-07-05T09:53:14,2000.0,12.95,B
2021-07-05T09:53:09,9000.0,12.9,S
2021-07-05T09:53:08,500.0,12.9,S
2021-07-05T09:52:59,100.0,12.9,S
2021-07-05T09:52:57,5000.0,12.9,S
2021-07-05T09:52:57,500.0,12.95,B
2021-07-05T09:52:52,200.0,12.9,S
2021-07-05T09:52:52,1300.0,12.95,B
2021-07-05T09:52:48,1000.0,12.95,B
2021-07-05T09:52:48,1700.0,12.95,B
2021-07-05T09:52:47,500.0,12.9,S
2021-07-05T09:52:40,600.0,12.9,S
2021-07-05T09:52:26,700.0,12.9,S
2021-07-05T09:52:26,200.0,12.95,B
2021-07-05T09:52:20,300.0,12.9,S
2021-07-05T09:52:20,13200.0,12.9,S
2021-07-05T09:52:20,100.0,12.9,S
2021-07-05T09:52:20,1100.0,12.9,S
2021-07-05T09:52:20,2000.0,12.9,S
2021-07-05T09:52:19,10600.0,12.9,S
2021-07-05T09:52:16,1000.0,12.9,S
2021-07-05T09:52:13,100.0,12.95,B
2021-07-05T09:52:13,100.0,12.9,S
2021-07-05T09:52:03,4100.0,12.95,B
2021-07-05T09:52:03,300.0,12.95,B
2021-07-05T09:51:49,500.0,12.95,B
2021-07-05T09:51:37,3000.0,12.9,S
2021-07-05T09:51:34,100.0,12.95,B
2021-07-05T09:51:25,400.0,12.9,S
2021-07-05T09:51:25,8300.0,12.9,S
2021-07-05T09:51:25,6700.0,12.9,S
2021-07-05T09:51:17,500.0,12.95,B
2021-07-05T09:51:15,4000.0,12.9,S
2021-07-05T09:51:15,200.0,12.95,B
2021-07-05T09:51:11,1000.0,12.9,S
2021-07-05T09:51:09,100.0,12.9,S
2021-07-05T09:51:09,4800.0,12.95,B
2021-07-05T09:51:04,10000.0,12.9,S
2021-07-05T09:50:57,5000.0,12.95,B
2021-07-05T09:50:50,100.0,12.9,S
2021-07-05T09:50:50,6700.0,12.9,S
2021-07-05T09:50:46,100.0,12.95,B
2021-07-05T09:50:40,10000.0,12.9,S
2021-07-05T09:50:32,1500.0,12.9,S
2021-07-05T09:50:30,500.0,12.95,B
2021-07-05T09:50:18,5000.0,12.9,S
2021-07-05T09:50:15,500.0,12.9,S
2021-07-05T09:50:07,100.0,12.9,S
2021-07-05T09:50:07,200.0,12.9,S
2021-07-05T09:50:05,900.0,12.9,S
2021-07-05T09:50:03,300.0,12.9,S
2021-07-05T09:50:02,6000.0,12.9,S
2021-07-05T09:49:56,600.0,12.95,B
2021-07-05T09:49:56,2300.0,12.9,S
2021-07-05T09:49:56,3800.0,12.9,S
2021-07-05T09:49:56,600.0,12.9,S
2021-07-05T09:49:56,3300.0,12.9,S
2021-07-05T09:49:45,8000.0,12.9,S
2021-07-05T09:49:39,5000.0,12.9,S
2021-07-05T09:49:36,9000.0,12.9,S
2021-07-05T09:49:32,100.0,12.9,S
2021-07-05T09:49:26,2800.0,12.95,B
2021-07-05T09:49:22,2000.0,12.9,S
2021-07-05T09:49:21,1000.0,12.95,B
2021-07-05T09:49:21,2000.0,12.9,S
2021-07-05T09:49:15,34800.0,12.9,S
2021-07-05T09:49:15,1900.0,12.9,S
2021-07-05T09:49:15,1300.0,12.9,S
2021-07-05T09:49:15,1100.0,12.9,S
2021-07-05T09:49:15,700.0,12.9,S
2021-07-05T09:49:15,100.0,12.9,S
2021-07-05T09:49:15,400.0,12.9,S
2021-07-05T09:49:15,2500.0,12.9,S
2021-07-05T09:49:15,15100.0,12.9,S
2021-07-05T09:49:15,600.0,12.9,S
2021-07-05T09:49:15,4500.0,12.9,S
2021-07-05T09:49:09,100.0,12.95,B
2021-07-05T09:49:04,300.0,12.95,B
2021-07-05T09:49:00,5800.0,12.9,S
2021-07-05T09:49:00,1200.0,12.9,S
2021-07-05T09:49:00,200.0,12.9,S
2021-07-05T09:49:00,400.0,12.9,S
2021-07-05T09:49:00,1600.0,12.9,S
2021-07-05T09:49:00,300.0,12.9,S
2021-07-05T09:49:00,100.0,12.9,S
2021-07-05T09:49:00,400.0,12.9,S
2021-07-05T09:49:00,2900.0,12.9,S
2021-07-05T09:49:00,6000.0,12.9,S
2021-07-05T09:49:00,3300.0,12.9,S
2021-07-05T09:49:00,600.0,12.9,S
2021-07-05T09:49:00,1500.0,12.9,S
2021-07-05T09:49:00,700.0,12.9,S
2021-07-05T09:49:00,1000.0,12.9,S
2021-07-05T09:49:00,1100.0,12.9,S
2021-07-05T09:49:00,100.0,12.9,S
2021-07-05T09:49:00,2500.0,12.9,S
2021-07-05T09:49:00,200.0,12.9,S
2021-07-05T09:49:00,5100.0,12.9,S
2021-07-05T09:49:00,1400.0,12.9,S
2021-07-05T09:49:00,300.0,12.9,S
2021-07-05T09:49:00,1000.0,12.9,S
2021-07-05T09:49:00,2400.0,12.9,S
2021-07-05T09:49:00,2700.0,12.9,S
2021-07-05T09:49:00,1000.0,12.9,S
2021-07-05T09:49:00,2600.0,12.9,S
2021-07-05T09:49:00,1200.0,12.9,S
2021-07-05T09:49:00,200.0,12.9,S
2021-07-05T09:49:00,8000.0,12.9,S
2021-07-05T09:48:33,2000.0,12.9,S
2021-07-05T09:48:32,5000.0,12.9,S
2021-07-05T09:48:29,3100.0,12.9,S
2021-07-05T09:48:22,13800.0,12.9,S
2021-07-05T09:48:22,2100.0,12.9,S
2021-07-05T09:48:22,1000.0,12.9,S
2021-07-05T09:48:22,3100.0,12.9,S
2021-07-05T09:48:09,4500.0,12.9,S
2021-07-05T09:48:07,500.0,12.95,B
2021-07-05T09:48:02,400.0,12.9,S
2021-07-05T09:47:58,2100.0,12.9,S
2021-07-05T09:47:57,2900.0,12.9,S
2021-07-05T09:47:51,5000.0,12.9,S
2021-07-05T09:47:51,100.0,12.95,B
2021-07-05T09:47:47,1100.0,12.9,S
2021-07-05T09:47:37,500.0,12.9,S
2021-07-05T09:47:36,900.0,12.9,S
2021-07-05T09:47:36,3800.0,12.9,S
2021-07-05T09:47:36,26100.0,12.9,S
2021-07-05T09:47:36,4300.0,12.9,S
2021-07-05T09:47:36,100.0,12.9,S
2021-07-05T09:47:36,4800.0,12.9,S
2021-07-05T09:47:32,300.0,12.95,B
2021-07-05T09:47:27,200.0,12.95,B
2021-07-05T09:47:21,5000.0,12.9,S
2021-07-05T09:47:17,1000.0,12.95,B
2021-07-05T09:47:15,5000.0,12.9,S
2021-07-05T09:47:12,900.0,12.95,B
2021-07-05T09:47:10,2000.0,12.9,S
2021-07-05T09:47:09,1100.0,12.95,B
2021-07-05T09:47:07,200.0,12.9,S
2021-07-05T09:47:07,900.0,12.95,B
2021-07-05T09:47:05,500.0,12.95,B
2021-07-05T09:47:01,10000.0,12.95,B
2021-07-05T09:46:56,400.0,12.9,S
2021-07-05T09:46:56,10000.0,12.9,S
2021-07-05T09:46:53,1000.0,12.95,B
2021-07-05T09:46:49,3000.0,12.9,S
2021-07-05T09:46:35,2000.0,12.95,B
2021-07-05T09:46:30,200.0,12.95,B
2021-07-05T09:46:25,600.0,12.95,B
2021-07-05T09:46:24,200.0,12.9,S
2021-07-05T09:46:22,3000.0,12.9,S
2021-07-05T09:46:19,3400.0,12.9,S
2021-07-05T09:46:18,1300.0,12.95,B
2021-07-05T09:46:18,13100.0,12.95,B
2021-07-05T09:46:09,1000.0,12.95,B
2021-07-05T09:46:05,400.0,12.95,B
2021-07-05T09:46:04,300.0,12.95,B
2021-07-05T09:46:00,100.0,12.9,S
2021-07-05T09:45:53,300.0,12.95,B
2021-07-05T09:45:50,300.0,12.95,B
2021-07-05T09:45:27,100.0,12.95,B
2021-07-05T09:45:24,100.0,12.95,B
2021-07-05T09:45:21,600.0,12.9,S
2021-07-05T09:45:19,200.0,12.9,S
2021-07-05T09:45:17,500.0,12.95,B
2021-07-05T09:45:16,5700.0,12.9,S
2021-07-05T09:45:16,1800.0,12.9,S
2021-07-05T09:45:16,5400.0,12.9,S
2021-07-05T09:45:16,2000.0,12.9,S
2021-07-05T09:45:16,600.0,12.9,S
2021-07-05T09:45:16,100.0,12.9,S
2021-07-05T09:45:16,4000.0,12.9,S
2021-07-05T09:45:16,2100.0,12.9,S
2021-07-05T09:45:16,15800.0,12.9,S
2021-07-05T09:45:16,10600.0,12.9,S
2021-07-05T09:45:16,4000.0,12.9,S
2021-07-05T09:45:16,1600.0,12.9,S
2021-07-05T09:45:16,1700.0,12.9,S
2021-07-05T09:45:16,300.0,12.9,S
2021-07-05T09:45:16,300.0,12.9,S
2021-07-05T09:45:16,300.0,12.9,S
2021-07-05T09:45:16,700.0,12.9,S
2021-07-05T09:45:16,16400.0,12.9,S
2021-07-05T09:45:16,6000.0,12.9,S
2021-07-05T09:45:16,3100.0,12.9,S
2021-07-05T09:45:16,100.0,12.9,S
2021-07-05T09:45:16,17400.0,12.9,S
2021-07-05T09:45:03,1000.0,12.95,B
2021-07-05T09:45:00,100.0,12.9,S
2021-07-05T09:44:58,2000.0,12.95,B
2021-07-05T09:44:56,500.0,12.95,B
2021-07-05T09:44:54,100.0,12.95,B
2021-07-05T09:44:47,200.0,12.95,B
2021-07-05T09:44:46,200.0,12.95,B
2021-07-05T09:44:39,500.0,12.95,B
2021-07-05T09:44:38,500.0,12.95,B
2021-07-05T09:44:37,100.0,12.95,B
2021-07-05T09:44:35,200.0,12.95,B
2021-07-05T09:44:09,100.0,12.9,S
2021-07-05T09:44:09,1000.0,12.9,S
2021-07-05T09:44:06,1000.0,12.9,S
2021-07-05T09:44:01,100.0,12.9,S
2021-07-05T09:43:55,200.0,12.9,S
2021-07-05T09:43:49,500.0,12.95,B
2021-07-05T09:43:46,500.0,12.95,B
2021-07-05T09:43:30,1200.0,12.9,S
2021-07-05T09:43:20,1000.0,12.9,S
2021-07-05T09:43:20,3000.0,12.95,B
2021-07-05T09:43:17,20000.0,12.9,S
2021-07-05T09:43:07,1000.0,12.9,S
2021-07-05T09:43:02,100.0,12.95,B
2021-07-05T09:42:56,500.0,12.9,S
2021-07-05T09:42:40,100.0,12.9,S
2021-07-05T09:42:37,500.0,12.95,B
2021-07-05T09:42:27,1500.0,12.9,S
2021-07-05T09:42:27,500.0,12.95,B
2021-07-05T09:42:00,4000.0,12.95,B
2021-07-05T09:42:00,2000.0,12.95,B
2021-07-05T09:42:00,19000.0,12.95,B
2021-07-05T09:41:50,300.0,12.95,B
2021-07-05T09:41:47,100.0,12.9,S
2021-07-05T09:41:43,300.0,12.9,S
2021-07-05T09:41:40,200.0,12.95,B
2021-07-05T09:41:34,1000.0,12.95,B
2021-07-05T09:41:34,100.0,12.95,B
2021-07-05T09:41:33,100.0,12.95,B
2021-07-05T09:41:32,3000.0,12.95,B
2021-07-05T09:41:32,2000.0,12.9,S
2021-07-05T09:41:32,500.0,12.95,B
2021-07-05T09:41:25,100.0,12.95,B
2021-07-05T09:41:23,1300.0,12.9,S
2021-07-05T09:41:13,1000.0,12.95,B
2021-07-05T09:40:54,2000.0,12.95,B
2021-07-05T09:40:54,300.0,12.95,B
2021-07-05T09:40:42,10000.0,12.9,S
2021-07-05T09:40:38,100.0,12.95,B
2021-07-05T09:40:35,100.0,12.95,B
2021-07-05T09:40:31,600.0,12.95,B
2021-07-05T09:40:30,10000.0,12.95,B
2021-07-05T09:40:27,300.0,12.95,B
2021-07-05T09:40:16,400.0,12.95,B
2021-07-05T09:40:16,500.0,12.95,B
2021-07-05T09:40:14,1000.0,12.9,S
2021-07-05T09:40:14,1700.0,12.9,S
2021-07-05T09:40:14,100.0,12.95,B
2021-07-05T09:40:12,200.0,12.95,B
2021-07-05T09:40:09,2000.0,12.95,B
2021-07-05T09:40:09,100.0,12.95,B
2021-07-05T09:40:05,1000.0,12.95,B
2021-07-05T09:40:03,3000.0,12.95,B
2021-07-05T09:40:03,300.0,12.9,S
2021-07-05T09:40:00,1000.0,12.95,B
2021-07-05T09:40:00,5000.0,12.95,B
2021-07-05T09:39:54,1900.0,12.9,S
2021-07-05T09:39:52,800.0,12.9,S
2021-07-05T09:39:51,1000.0,12.95,B
2021-07-05T09:39:50,100.0,12.95,B
2021-07-05T09:39:38,500.0,12.95,B
2021-07-05T09:39:32,1000.0,12.95,B
2021-07-05T09:39:28,1000.0,12.9,S
2021-07-05T09:39:28,2000.0,12.95,B
2021-07-05T09:39:27,500.0,12.9,S
2021-07-05T09:39:25,1300.0,12.95,B
2021-07-05T09:39:25,200.0,12.95,B
2021-07-05T09:39:25,300.0,12.95,B
2021-07-05T09:39:20,3000.0,12.95,B
2021-07-05T09:39:19,200.0,12.95,B
2021-07-05T09:39:12,500.0,12.95,B
2021-07-05T09:39:11,700.0,12.9,S
2021-07-05T09:39:09,100.0,12.95,B
2021-07-05T09:38:58,100.0,12.95,B
2021-07-05T09:38:52,200.0,12.95,B
2021-07-05T09:38:45,100.0,12.95,B
2021-07-05T09:38:45,200.0,12.95,B
2021-07-05T09:38:43,1000.0,12.95,B
2021-07-05T09:38:43,100.0,12.95,B
2021-07-05T09:38:39,500.0,12.95,B
2021-07-05T09:38:38,2800.0,12.95,B
2021-07-05T09:38:35,400.0,12.95,B
2021-07-05T09:38:32,200.0,12.95,B
2021-07-05T09:38:30,1500.0,12.9,S
2021-07-05T09:38:30,600.0,12.95,B
2021-07-05T09:38:25,1000.0,12.95,B
2021-07-05T09:38:24,100.0,12.95,B
2021-07-05T09:38:23,3200.0,12.95,B
2021-07-05T09:38:23,3000.0,12.95,B
2021-07-05T09:38:22,200.0,12.95,B
2021-07-05T09:38:18,2000.0,12.95,B
2021-07-05T09:38:15,2000.0,12.95,B
2021-07-05T09:38:14,600.0,12.95,B
2021-07-05T09:38:13,5000.0,12.95,B
2021-07-05T09:38:10,200.0,12.95,B
2021-07-05T09:38:04,2100.0,12.95,B
2021-07-05T09:38:04,100.0,12.95,B
2021-07-05T09:38:04,300.0,12.95,B
2021-07-05T09:38:00,4600.0,12.95,B
2021-07-05T09:37:59,100.0,12.95,B
2021-07-05T09:37:59,100.0,12.95,B
2021-07-05T09:37:59,1500.0,12.95,B
2021-07-05T09:37:57,1000.0,12.95,B
2021-07-05T09:37:56,100.0,12.95,B
2021-07-05T09:37:49,300.0,12.95,B
2021-07-05T09:37:49,2000.0,12.95,B
2021-07-05T09:37:48,100.0,12.95,S
2021-07-05T09:37:48,2600.0,12.95,S
2021-07-05T09:37:48,5100.0,12.95,S
2021-07-05T09:37:48,1400.0,12.95,S
2021-07-05T09:37:48,9500.0,12.95,S
2021-07-05T09:37:48,3000.0,12.95,S
2021-07-05T09:37:48,5200.0,12.95,S
2021-07-05T09:37:48,5700.0,12.95,S
2021-07-05T09:37:48,7700.0,12.95,S
2021-07-05T09:37:43,100.0,13.0,B
2021-07-05T09:37:23,100.0,12.95,S
2021-07-05T09:37:17,1900.0,12.95,S
2021-07-05T09:37:16,500.0,13.0,B
2021-07-05T09:37:10,200.0,12.95,S
2021-07-05T09:37:10,300.0,12.95,S
2021-07-05T09:37:00,300.0,13.0,B
2021-07-05T09:36:57,400.0,12.95,S
2021-07-05T09:36:25,2400.0,12.95,S
2021-07-05T09:36:18,700.0,12.95,S
2021-07-05T09:36:10,50000.0,12.95,S
2021-07-05T09:36:03,1000.0,12.95,S
2021-07-05T09:36:01,1000.0,12.95,S
2021-07-05T09:35:59,200.0,12.95,S
2021-07-05T09:35:56,1000.0,12.95,S
2021-07-05T09:35:52,500.0,12.95,S
2021-07-05T09:35:45,23100.0,12.95,S
2021-07-05T09:35:44,1500.0,12.9,S
2021-07-05T09:35:40,100.0,12.95,B
2021-07-05T09:35:33,3000.0,12.95,B
2021-07-05T09:35:30,3500.0,12.95,B
2021-07-05T09:35:27,100.0,12.95,B
2021-07-05T09:35:27,100.0,12.95,B
2021-07-05T09:35:23,100.0,12.95,B
2021-07-05T09:35:23,700.0,12.95,B
2021-07-05T09:35:19,300.0,12.95,B
2021-07-05T09:35:14,100.0,12.95,B
2021-07-05T09:35:14,2600.0,12.95,B
2021-07-05T09:35:14,1000.0,12.95,B
2021-07-05T09:35:10,500.0,12.95,B
2021-07-05T09:35:10,200.0,12.95,B
2021-07-05T09:35:03,6500.0,12.95,B
2021-07-05T09:34:58,100.0,12.95,B
2021-07-05T09:34:56,2000.0,12.9,S
2021-07-05T09:34:56,1200.0,12.9,S
2021-07-05T09:34:56,100.0,12.9,S
2021-07-05T09:34:56,1700.0,12.9,S
2021-07-05T09:34:56,2000.0,12.9,S
2021-07-05T09:34:52,400.0,12.95,S
2021-07-05T09:34:52,300.0,12.95,S
2021-07-05T09:34:52,1100.0,12.95,S
2021-07-05T09:34:52,1800.0,12.95,S
2021-07-05T09:34:52,17500.0,12.95,S
2021-07-05T09:34:43,10000.0,12.95,S
2021-07-05T09:34:30,200.0,12.95,S
2021-07-05T09:34:30,1200.0,12.95,S
2021-07-05T09:34:25,6000.0,12.95,S
2021-07-05T09:34:21,1000.0,12.95,S
2021-07-05T09:34:16,500.0,12.95,S
2021-07-05T09:33:59,100.0,12.95,B
2021-07-05T09:33:51,12000.0,12.95,B
2021-07-05T09:33:50,5000.0,12.95,B
2021-07-05T09:33:49,200.0,12.95,B
2021-07-05T09:33:48,5000.0,12.9,S
2021-07-05T09:33:48,200.0,12.95,B
2021-07-05T09:33:44,1000.0,12.9,S
2021-07-05T09:33:40,7000.0,12.9,S
2021-07-05T09:33:37,500.0,12.95,B
2021-07-05T09:33:30,5000.0,12.95,B
2021-07-05T09:33:30,500.0,12.95,B
2021-07-05T09:33:30,100.0,12.95,B
2021-07-05T09:33:28,1900.0,12.95,B
2021-07-05T09:33:27,100.0,12.95,B
2021-07-05T09:33:24,7600.0,12.95,B
2021-07-05T09:33:24,2600.0,12.95,B
2021-07-05T09:33:24,1200.0,12.95,B
2021-07-05T09:33:24,26500.0,12.95,B
2021-07-05T09:33:24,8700.0,12.95,B
2021-07-05T09:33:24,10200.0,12.95,B
2021-07-05T09:33:24,13200.0,12.95,B
2021-07-05T09:33:22,7000.0,12.95,B
2021-07-05T09:33:21,1700.0,12.9,S
2021-07-05T09:33:06,500.0,12.9,S
2021-07-05T09:32:59,9400.0,12.95,B
2021-07-05T09:32:59,100.0,12.95,B
2021-07-05T09:32:59,500.0,12.95,B
2021-07-05T09:32:52,5000.0,12.9,S
2021-07-05T09:32:52,500.0,12.95,B
2021-07-05T09:32:45,1000.0,12.95,B
2021-07-05T09:32:41,300.0,12.95,B
2021-07-05T09:32:39,2000.0,12.95,B
2021-07-05T09:32:34,3000.0,12.95,B
2021-07-05T09:32:07,8800.0,12.9,S
2021-07-05T09:32:07,26200.0,12.9,S
2021-07-05T09:32:00,100.0,12.95,B
2021-07-05T09:31:55,100.0,12.9,S
2021-07-05T09:31:55,10900.0,12.9,S
2021-07-05T09:31:51,4000.0,12.9,S
2021-07-05T09:31:49,1400.0,12.9,S
2021-07-05T09:31:49,1000.0,12.9,S
2021-07-05T09:31:46,500.0,12.9,S
2021-07-05T09:31:39,300.0,12.9,S
2021-07-05T09:31:38,300.0,12.9,S
2021-07-05T09:31:38,1700.0,12.9,S
2021-07-05T09:31:38,5200.0,12.95,B
2021-07-05T09:31:21,500.0,12.9,S
2021-07-05T09:31:20,100.0,12.95,B
2021-07-05T09:31:20,100.0,12.95,B
2021-07-05T09:31:15,2800.0,12.9,S
2021-07-05T09:31:15,6300.0,12.9,S
2021-07-05T09:31:15,400.0,12.9,S
2021-07-05T09:31:15,500.0,12.9,S
2021-07-05T09:31:13,300.0,12.9,S
2021-07-05T09:31:09,900.0,12.9,S
2021-07-05T09:31:05,800.0,12.9,S
2021-07-05T09:31:01,1900.0,12.9,S
2021-07-05T09:31:00,800.0,12.9,S
2021-07-05T09:30:55,4900.0,12.9,B
2021-07-05T09:30:53,1000.0,12.9,B
2021-07-05T09:30:53,200.0,12.9,B
2021-07-05T09:30:52,2000.0,12.9,B
2021-07-05T09:30:46,200.0,12.9,B
2021-07-05T09:30:45,100.0,12.9,B
2021-07-05T09:30:44,3500.0,12.9,B
2021-07-05T09:30:41,1200.0,12.85,S
2021-07-05T09:30:40,100.0,12.9,B
2021-07-05T09:30:40,300.0,12.9,B
2021-07-05T09:30:37,800.0,12.9,B
2021-07-05T09:30:37,1200.0,12.9,B
2021-07-05T09:30:36,500.0,12.9,B
2021-07-05T09:30:36,2000.0,12.9,B
2021-07-05T09:30:32,500.0,12.9,B
2021-07-05T09:30:30,1800.0,12.9,B
2021-07-05T09:30:30,7800.0,12.9,B
2021-07-05T09:30:30,400.0,12.9,B
2021-07-05T09:30:30,300.0,12.9,B
2021-07-05T09:30:30,100.0,12.9,B
2021-07-05T09:30:29,100.0,12.9,B
2021-07-05T09:30:28,400.0,12.9,B
2021-07-05T09:30:27,5000.0,12.9,B
2021-07-05T09:30:25,2000.0,12.9,B
2021-07-05T09:30:25,200.0,12.9,B
2021-07-05T09:30:23,2000.0,12.9,B
2021-07-05T09:30:23,1500.0,12.9,B
2021-07-05T09:30:23,1000.0,12.9,B
2021-07-05T09:30:23,2000.0,12.9,B
2021-07-05T09:30:22,5000.0,12.9,B
2021-07-05T09:30:22,300.0,12.9,B
2021-07-05T09:30:20,3300.0,12.85,S
2021-07-05T09:30:20,1200.0,12.85,S
2021-07-05T09:30:20,10800.0,12.85,S
2021-07-05T09:30:20,5700.0,12.85,S
2021-07-05T09:30:20,6000.0,12.85,S
2021-07-05T09:30:20,3000.0,12.85,S
2021-07-05T09:30:20,1000.0,12.85,S
2021-07-05T09:30:20,2500.0,12.85,S
2021-07-05T09:30:20,3600.0,12.85,S
2021-07-05T09:30:20,30000.0,12.85,S
2021-07-05T09:30:20,16000.0,12.85,S
2021-07-05T09:30:20,4100.0,12.85,S
2021-07-05T09:30:20,31200.0,12.85,S
2021-07-05T09:30:20,100.0,12.85,S
2021-07-05T09:30:20,8100.0,12.85,S
2021-07-05T09:30:20,8000.0,12.85,S
2021-07-05T09:30:20,5000.0,12.85,S
2021-07-05T09:30:20,3400.0,12.85,S
2021-07-05T09:30:20,17000.0,12.85,S
2021-07-05T09:30:20,200.0,12.9,B
2021-07-05T09:30:20,500.0,12.9,B
2021-07-05T09:30:20,1000.0,12.9,B
2021-07-05T09:30:15,10000.0,12.9,B
2021-07-05T09:30:15,1000.0,12.9,B
2021-07-05T09:30:15,200.0,12.9,B
2021-07-05T09:30:13,100.0,12.9,B
2021-07-05T09:30:13,1500.0,12.9,B
2021-07-05T09:30:10,1000.0,12.9,B
2021-07-05T09:30:09,1000.0,12.9,B
2021-07-05T09:30:08,500.0,12.9,B
2021-07-05T09:30:05,1000.0,12.9,B
2021-07-05T09:30:04,2000.0,12.9,B
2021-07-05T09:30:00,100.0,12.9,B
2021-07-05T09:29:59,3000.0,12.9,B
2021-07-05T09:29:56,2000.0,12.9,B
2021-07-05T09:29:51,100.0,12.9,B
2021-07-05T09:29:50,2000.0,12.9,B
2021-07-05T09:29:50,2900.0,12.9,B
2021-07-05T09:29:50,500.0,12.9,B
2021-07-05T09:29:50,2200.0,12.9,B
2021-07-05T09:29:50,100.0,12.9,B
2021-07-05T09:29:50,37200.0,12.9,B
2021-07-05T09:29:50,10200.0,12.9,B
2021-07-05T09:29:50,23900.0,12.9,B
2021-07-05T09:29:46,300.0,12.85,S
2021-07-05T09:29:45,18900.0,12.85,S
2021-07-05T09:29:45,1500.0,12.85,S
2021-07-05T09:29:45,6800.0,12.85,S
2021-07-05T09:29:45,3800.0,12.85,S
2021-07-05T09:29:45,5800.0,12.85,S
2021-07-05T09:29:45,1800.0,12.85,S
2021-07-05T09:29:45,17300.0,12.85,S
2021-07-05T09:29:45,2000.0,12.85,S
2021-07-05T09:29:45,4200.0,12.85,S
2021-07-05T09:29:45,14000.0,12.85,S
2021-07-05T09:29:45,3900.0,12.85,S
2021-07-05T09:29:44,10000.0,12.9,B
2021-07-05T09:29:43,100.0,12.9,B
2021-07-05T09:29:42,500.0,12.9,B
2021-07-05T09:29:39,100.0,12.9,B
2021-07-05T09:29:39,300.0,12.9,B
2021-07-05T09:29:38,500.0,12.9,B
2021-07-05T09:29:35,2000.0,12.9,B
2021-07-05T09:29:29,5000.0,12.9,B
2021-07-05T09:29:29,2000.0,12.9,B
2021-07-05T09:29:29,22000.0,12.9,B
2021-07-05T09:29:29,10000.0,12.9,B
2021-07-05T09:29:21,1000.0,12.9,B
2021-07-05T09:29:21,5000.0,12.9,B
2021-07-05T09:29:19,1000.0,12.9,B
2021-07-05T09:29:16,2000.0,12.85,S
2021-07-05T09:29:14,700.0,12.85,S
2021-07-05T09:29:14,100.0,12.85,S
2021-07-05T09:29:14,2200.0,12.85,S
2021-07-05T09:29:10,100.0,12.9,B
2021-07-05T09:29:10,3100.0,12.85,S
2021-07-05T09:29:10,1900.0,12.85,S
2021-07-05T09:29:04,1000.0,12.9,B
2021-07-05T09:29:01,2100.0,12.85,S
2021-07-05T09:29:01,700.0,12.85,S
2021-07-05T09:29:01,17200.0,12.85,S
2021-07-05T09:28:59,200.0,12.9,B
2021-07-05T09:28:57,300.0,12.9,B
2021-07-05T09:28:57,200.0,12.85,S
2021-07-05T09:28:55,100.0,12.85,S
2021-07-05T09:28:52,200.0,12.9,B
2021-07-05T09:28:48,100.0,12.9,B
2021-07-05T09:28:46,1100.0,12.9,B
2021-07-05T09:28:45,2500.0,12.85,S
2021-07-05T09:28:45,22300.0,12.85,S
2021-07-05T09:28:45,2100.0,12.85,S
2021-07-05T09:28:45,3100.0,12.85,S
2021-07-05T09:28:45,100.0,12.85,S
2021-07-05T09:28:45,2700.0,12.85,S
2021-07-05T09:28:45,1000.0,12.85,S
2021-07-05T09:28:45,5700.0,12.85,S
2021-07-05T09:28:44,700.0,12.85,S
2021-07-05T09:28:41,500.0,12.85,S
2021-07-05T09:28:39,500.0,12.85,S
2021-07-05T09:28:35,5000.0,12.85,S
2021-07-05T09:28:34,5000.0,12.85,S
2021-07-05T09:28:23,100.0,12.85,S
2021-07-05T09:28:14,400.0,12.85,S
2021-07-05T09:28:07,1400.0,12.85,S
2021-07-05T09:28:06,100.0,12.85,S
2021-07-05T09:28:03,17300.0,12.85,S
2021-07-05T09:27:58,200.0,12.9,B
2021-07-05T09:27:57,10000.0,12.9,B
2021-07-05T09:27:56,400.0,12.85,S
2021-07-05T09:27:55,100.0,12.9,B
2021-07-05T09:27:55,1000.0,12.9,B
2021-07-05T09:27:54,200.0,12.85,S
2021-07-05T09:27:46,10000.0,12.85,S
2021-07-05T09:27:41,400.0,12.85,S
2021-07-05T09:27:37,3000.0,12.85,S
2021-07-05T09:27:31,7000.0,12.85,S
2021-07-05T09:27:27,800.0,12.85,S
2021-07-05T09:27:25,20000.0,12.85,S
2021-07-05T09:27:20,2000.0,12.85,S
2021-07-05T09:27:19,2000.0,12.85,S
2021-07-05T09:27:16,6000.0,12.85,S
2021-07-05T09:27:13,100.0,12.85,S
2021-07-05T09:27:12,200.0,12.85,S
2021-07-05T09:27:01,300.0,12.85,S
2021-07-05T09:26:58,200.0,12.9,B
2021-07-05T09:26:55,400.0,12.85,S
2021-07-05T09:26:55,18000.0,12.85,S
2021-07-05T09:26:51,500.0,12.9,B
2021-07-05T09:26:48,100.0,12.85,S
2021-07-05T09:26:43,5400.0,12.85,S
2021-07-05T09:26:43,1000.0,12.9,B
2021-07-05T09:26:42,1000.0,12.9,B
2021-07-05T09:26:42,3000.0,12.85,S
2021-07-05T09:26:40,500.0,12.9,B
2021-07-05T09:26:38,1000.0,12.9,B
2021-07-05T09:26:33,200.0,12.9,B
2021-07-05T09:26:32,5000.0,12.85,S
2021-07-05T09:26:30,200.0,12.85,S
2021-07-05T09:26:30,6100.0,12.85,S
2021-07-05T09:26:29,1000.0,12.9,B
2021-07-05T09:26:25,200.0,12.9,B
2021-07-05T09:26:23,2000.0,12.85,S
2021-07-05T09:26:19,1000.0,12.85,S
2021-07-05T09:26:19,2000.0,12.9,B
2021-07-05T09:26:18,1000.0,12.9,B
2021-07-05T09:26:17,2400.0,12.85,S
2021-07-05T09:26:16,1000.0,12.9,B
2021-07-05T09:26:16,5000.0,12.85,S
2021-07-05T09:26:11,7000.0,12.85,S
2021-07-05T09:26:11,1100.0,12.85,S
2021-07-05T09:26:09,12000.0,12.85,S
2021-07-05T09:26:09,1000.0,12.85,S
2021-07-05T09:26:09,700.0,12.85,S
2021-07-05T09:26:09,2100.0,12.85,S
2021-07-05T09:26:09,2000.0,12.85,S
2021-07-05T09:26:09,2200.0,12.85,S
2021-07-05T09:26:09,4000.0,12.85,S
2021-07-05T09:26:09,10000.0,12.85,S
2021-07-05T09:26:09,100.0,12.9,B
2021-07-05T09:26:09,100.0,12.9,B
2021-07-05T09:26:07,42100.0,12.85,S
2021-07-05T09:26:07,3100.0,12.85,S
2021-07-05T09:26:07,5600.0,12.85,S
2021-07-05T09:26:07,1300.0,12.85,S
2021-07-05T09:26:07,1700.0,12.85,S
2021-07-05T09:26:07,100.0,12.85,S
2021-07-05T09:26:07,7400.0,12.85,S
2021-07-05T09:26:07,1600.0,12.85,S
2021-07-05T09:26:07,3400.0,12.85,S
2021-07-05T09:26:07,1000.0,12.85,S
2021-07-05T09:26:07,1000.0,12.85,S
2021-07-05T09:26:07,1100.0,12.85,S
2021-07-05T09:26:07,600.0,12.85,S
2021-07-05T09:26:07,400.0,12.85,S
2021-07-05T09:26:07,900.0,12.85,S
2021-07-05T09:26:07,2500.0,12.85,S
2021-07-05T09:26:07,700.0,12.85,S
2021-07-05T09:26:07,100.0,12.85,S
2021-07-05T09:26:07,1300.0,12.85,S
2021-07-05T09:26:07,10200.0,12.85,S
2021-07-05T09:26:07,2200.0,12.85,S
2021-07-05T09:26:07,100.0,12.85,S
2021-07-05T09:26:07,1600.0,12.85,S
2021-07-05T09:26:03,3200.0,12.85,S
2021-07-05T09:26:00,1000.0,12.9,B
2021-07-05T09:26:00,500.0,12.9,B
2021-07-05T09:25:59,200.0,12.85,S
2021-07-05T09:25:59,300.0,12.85,S
2021-07-05T09:25:57,1700.0,12.85,S
2021-07-05T09:25:57,1300.0,12.85,S
2021-07-05T09:25:57,1900.0,12.9,B
2021-07-05T09:25:57,100.0,12.9,B
2021-07-05T09:25:57,2000.0,12.9,B
2021-07-05T09:25:55,1600.0,12.85,S
2021-07-05T09:25:49,10000.0,12.9,B
2021-07-05T09:25:48,1000.0,12.85,S
2021-07-05T09:25:41,600.0,12.9,B
2021-07-05T09:25:39,100.0,12.9,B
2021-07-05T09:25:39,2000.0,12.9,B
2021-07-05T09:25:38,1000.0,12.9,B
2021-07-05T09:25:38,100.0,12.9,B
2021-07-05T09:25:37,100.0,12.9,B
2021-07-05T09:25:36,5000.0,12.9,B
2021-07-05T09:25:35,100.0,12.9,B
2021-07-05T09:25:31,1000.0,12.85,S
2021-07-05T09:25:28,1000.0,12.9,B
2021-07-05T09:25:27,500.0,12.9,B
2021-07-05T09:25:18,1100.0,12.9,B
2021-07-05T09:25:17,200.0,12.9,B
2021-07-05T09:25:10,100.0,12.85,S
2021-07-05T09:25:09,300.0,12.85,S
2021-07-05T09:25:09,500.0,12.9,B
2021-07-05T09:25:08,300.0,12.9,B
2021-07-05T09:25:05,200.0,12.9,B
2021-07-05T09:25:04,100.0,12.9,B
2021-07-05T09:25:02,200.0,12.9,B
2021-07-05T09:25:02,2000.0,12.9,B
2021-07-05T09:25:00,1000.0,12.9,B
2021-07-05T09:24:59,100.0,12.9,B
2021-07-05T09:24:59,5000.0,12.9,B
2021-07-05T09:24:55,2800.0,12.85,S
2021-07-05T09:24:54,100.0,12.9,B
2021-07-05T09:24:54,1000.0,12.9,B
2021-07-05T09:24:54,2000.0,12.9,S
2021-07-05T09:24:52,1500.0,12.9,S
2021-07-05T09:24:49,600.0,12.9,S
2021-07-05T09:24:49,600.0,12.9,S
2021-07-05T09:24:49,2200.0,12.9,S
2021-07-05T09:24:49,6600.0,12.9,S
2021-07-05T09:24:46,5000.0,12.9,S
2021-07-05T09:24:44,39400.0,12.9,S
2021-07-05T09:24:44,600.0,12.9,S
2021-07-05T09:24:44,1000.0,12.9,S
2021-07-05T09:24:44,6500.0,12.9,S
2021-07-05T09:24:44,100.0,12.9,S
2021-07-05T09:24:44,600.0,12.9,S
2021-07-05T09:24:44,100.0,12.9,S
2021-07-05T09:24:44,1700.0,12.9,S
2021-07-05T09:24:43,1000.0,12.9,S
2021-07-05T09:24:39,10000.0,12.9,S
2021-07-05T09:24:36,200.0,12.9,S
2021-07-05T09:24:35,3000.0,12.9,S
2021-07-05T09:24:34,300.0,12.95,B
2021-07-05T09:24:33,1000.0,12.9,S
2021-07-05T09:24:29,100.0,12.95,B
2021-07-05T09:24:26,5000.0,12.95,B
2021-07-05T09:24:22,2400.0,12.9,S
2021-07-05T09:24:18,100.0,12.9,S
2021-07-05T09:24:16,800.0,12.9,S
2021-07-05T09:24:09,10000.0,12.9,S
2021-07-05T09:24:08,500.0,12.9,S
2021-07-05T09:24:04,400.0,12.9,S
2021-07-05T09:24:01,1000.0,12.9,S
2021-07-05T09:24:00,500.0,12.9,S
2021-07-05T09:23:59,1000.0,12.95,B
2021-07-05T09:23:59,400.0,12.9,S
2021-07-05T09:23:58,6300.0,12.9,B
2021-07-05T09:23:55,2700.0,12.9,S
2021-07-05T09:23:53,3400.0,12.9,S
2021-07-05T09:23:53,1100.0,12.9,S
2021-07-05T09:23:53,500.0,12.9,S
2021-07-05T09:23:50,100.0,12.9,S
2021-07-05T09:23:40,200.0,12.9,S
2021-07-05T09:23:40,300.0,12.9,S
2021-07-05T09:23:39,500.0,12.9,S
2021-07-05T09:23:39,10000.0,12.95,B
2021-07-05T09:23:36,3000.0,12.95,B
2021-07-05T09:23:32,2500.0,12.95,B
2021-07-05T09:23:32,30000.0,12.95,B
2021-07-05T09:23:31,1000.0,12.9,S
2021-07-05T09:23:31,900.0,12.9,S
2021-07-05T09:23:31,3100.0,12.9,S
2021-07-05T09:23:31,3500.0,12.9,S
2021-07-05T09:23:31,1100.0,12.9,S
2021-07-05T09:23:31,3900.0,12.9,S
2021-07-05T09:23:31,4800.0,12.9,S
2021-07-05T09:23:31,100.0,12.9,S
2021-07-05T09:23:31,1100.0,12.9,S
2021-07-05T09:23:31,6600.0,12.9,S
2021-07-05T09:23:31,700.0,12.9,S
2021-07-05T09:23:31,1100.0,12.9,S
2021-07-05T09:23:31,5100.0,12.9,S
2021-07-05T09:23:31,55100.0,12.9,S
2021-07-05T09:23:31,300.0,12.9,S
2021-07-05T09:23:31,15700.0,12.9,S
2021-07-05T09:23:29,100.0,12.9,S
2021-07-05T09:23:29,2200.0,12.9,S
2021-07-05T09:23:24,3600.0,12.9,S
2021-07-05T09:23:24,1700.0,12.9,S
2021-07-05T09:23:20,20000.0,12.95,B
2021-07-05T09:23:13,500.0,12.9,S
2021-07-05T09:23:13,1500.0,12.9,S
2021-07-05T09:23:10,300.0,12.9,S
2021-07-05T09:23:10,1500.0,12.9,S
2021-07-05T09:22:58,1000.0,12.9,S
2021-07-05T09:22:58,400.0,12.9,S
2021-07-05T09:22:54,3800.0,12.9,S
2021-07-05T09:22:53,10300.0,12.9,S
2021-07-05T09:22:53,2000.0,12.9,S
2021-07-05T09:22:53,200.0,12.9,S
2021-07-05T09:22:52,100.0,12.9,S
2021-07-05T09:22:47,3000.0,12.9,S
2021-07-05T09:22:46,1600.0,12.9,S
2021-07-05T09:22:46,11400.0,12.9,S
2021-07-05T09:22:43,100.0,12.9,S
2021-07-05T09:22:43,900.0,12.9,S
2021-07-05T09:22:43,3300.0,12.9,S
2021-07-05T09:22:42,300.0,12.9,S
2021-07-05T09:22:36,1000.0,12.9,S
2021-07-05T09:22:34,600.0,12.9,S
2021-07-05T09:22:32,1200.0,12.9,S
2021-07-05T09:22:31,700.0,12.9,S
2021-07-05T09:22:27,18000.0,12.9,S
2021-07-05T09:22:25,1000.0,12.95,B
2021-07-05T09:22:22,700.0,12.9,S
2021-07-05T09:22:16,900.0,12.9,S
2021-07-05T09:22:14,5800.0,12.95,B
2021-07-05T09:22:13,900.0,12.9,S
2021-07-05T09:22:00,1900.0,12.9,S
2021-07-05T09:21:57,200.0,12.9,S
2021-07-05T09:21:52,4000.0,12.95,B
2021-07-05T09:21:52,200.0,12.95,B
2021-07-05T09:21:50,2000.0,12.9,S
2021-07-05T09:21:47,300.0,12.95,B
2021-07-05T09:21:45,6800.0,12.9,S
2021-07-05T09:21:45,1600.0,12.9,S
2021-07-05T09:21:45,1300.0,12.9,S
2021-07-05T09:21:45,13600.0,12.9,S
2021-07-05T09:21:45,4000.0,12.9,S
2021-07-05T09:21:45,1500.0,12.9,S
2021-07-05T09:21:45,21200.0,12.9,S
2021-07-05T09:21:42,1000.0,12.95,B
2021-07-05T09:21:41,2000.0,12.95,B
2021-07-05T09:21:39,200.0,12.9,S
2021-07-05T09:21:36,1200.0,12.9,S
2021-07-05T09:21:23,25000.0,12.9,S
2021-07-05T09:21:22,2900.0,12.95,B
2021-07-05T09:21:20,100.0,12.95,B
2021-07-05T09:21:18,400.0,12.9,S
2021-07-05T09:21:18,500.0,12.95,B
2021-07-05T09:21:08,100.0,12.9,S
2021-07-05T09:21:05,100.0,12.95,B
2021-07-05T09:21:03,1900.0,12.9,S
2021-07-05T09:21:03,2100.0,12.9,S
2021-07-05T09:21:03,4300.0,12.9,S
2021-07-05T09:21:00,200.0,12.9,S
2021-07-05T09:20:58,500.0,12.9,S
2021-07-05T09:20:57,8000.0,12.9,S
2021-07-05T09:20:55,2300.0,12.9,S
2021-07-05T09:20:55,200.0,12.9,S
2021-07-05T09:20:55,7500.0,12.9,S
2021-07-05T09:20:53,1000.0,12.95,B
2021-07-05T09:20:52,900.0,12.9,S
2021-07-05T09:20:52,500.0,12.95,B
2021-07-05T09:20:50,6600.0,12.9,S
2021-07-05T09:20:49,10000.0,12.9,S
2021-07-05T09:20:45,6200.0,12.9,S
2021-07-05T09:20:41,2000.0,12.9,S
2021-07-05T09:20:38,3000.0,12.9,S
2021-07-05T09:20:36,1000.0,12.95,B
2021-07-05T09:20:29,18000.0,12.9,S
2021-07-05T09:20:28,800.0,12.95,B
2021-07-05T09:20:28,400.0,12.95,B
2021-07-05T09:20:27,600.0,12.95,B
2021-07-05T09:20:26,300.0,12.95,B
2021-07-05T09:20:22,100.0,12.95,B
2021-07-05T09:20:13,2000.0,12.95,B
2021-07-05T09:20:13,3100.0,12.85,S
2021-07-05T09:20:13,200.0,12.9,S
2021-07-05T09:20:12,100.0,12.9,S
2021-07-05T09:20:10,100.0,12.9,S
2021-07-05T09:20:08,8000.0,12.95,B
2021-07-05T09:20:06,100.0,12.95,S
2021-07-05T09:20:02,15600.0,12.95,B
2021-07-05T09:20:02,9000.0,12.95,B
2021-07-05T09:20:01,2000.0,12.9,B
2021-07-05T09:20:00,100.0,12.9,B
2021-07-05T09:19:59,1900.0,12.9,B
2021-07-05T09:19:58,200.0,12.85,S
2021-07-05T09:19:57,100.0,12.9,B
2021-07-05T09:19:57,100.0,12.95,B
2021-07-05T09:19:56,500.0,12.85,S
2021-07-05T09:19:52,50000.0,12.85,S
2021-07-05T09:19:50,800.0,12.9,S
2021-07-05T09:19:50,9200.0,12.9,S
2021-07-05T09:19:49,800.0,12.9,S
2021-07-05T09:19:46,1900.0,12.85,S
2021-07-05T09:19:45,1000.0,12.85,S
2021-07-05T09:19:44,800.0,12.9,B
2021-07-05T09:19:41,500.0,12.85,S
2021-07-05T09:19:39,1000.0,12.85,S
2021-07-05T09:19:39,100.0,12.9,B
2021-07-05T09:19:38,100.0,12.9,B
2021-07-05T09:19:37,1000.0,12.9,B
2021-07-05T09:19:33,1500.0,12.9,B
2021-07-05T09:19:29,4100.0,12.9,B
2021-07-05T09:19:29,45900.0,12.9,B
2021-07-05T09:19:28,4000.0,12.85,S
2021-07-05T09:19:25,1000.0,12.85,S
2021-07-05T09:19:25,500.0,12.85,S
2021-07-05T09:19:25,2300.0,12.9,B
2021-07-05T09:19:21,200.0,12.85,S
2021-07-05T09:19:17,11900.0,12.85,B
2021-07-05T09:19:17,300.0,12.85,B
2021-07-05T09:19:16,500.0,12.85,B
2021-07-05T09:19:14,1700.0,12.8,S
2021-07-05T09:19:12,1200.0,12.85,B
2021-07-05T09:19:10,100.0,12.85,B
2021-07-05T09:19:07,500.0,12.85,B
2021-07-05T09:19:05,2600.0,12.8,S
2021-07-05T09:19:04,100.0,12.85,B
2021-07-05T09:19:04,2000.0,12.85,B
2021-07-05T09:19:03,100.0,12.85,B
2021-07-05T09:19:01,20000.0,12.85,B
2021-07-05T09:18:59,2000.0,12.85,B
2021-07-05T09:18:59,2000.0,12.85,B
2021-07-05T09:18:58,100.0,12.85,B
2021-07-05T09:18:58,500.0,12.85,B
2021-07-05T09:18:58,4500.0,12.8,S
2021-07-05T09:18:58,5000.0,12.8,S
2021-07-05T09:18:58,500.0,12.8,S
2021-07-05T09:18:57,100.0,12.85,B
2021-07-05T09:18:56,10000.0,12.85,B
2021-07-05T09:18:55,1200.0,12.85,B
2021-07-05T09:18:54,1000.0,12.85,B
2021-07-05T09:18:54,1000.0,12.85,B
2021-07-05T09:18:53,100.0,12.85,B
2021-07-05T09:18:51,2100.0,12.85,S
2021-07-05T09:18:51,1200.0,12.85,S
2021-07-05T09:18:51,2000.0,12.85,S
2021-07-05T09:18:50,200.0,12.9,B
2021-07-05T09:18:49,100.0,12.85,S
2021-07-05T09:18:49,300.0,12.85,S
2021-07-05T09:18:49,800.0,12.85,S
2021-07-05T09:18:49,2600.0,12.85,S
2021-07-05T09:18:46,10000.0,12.85,S
2021-07-05T09:18:46,1000.0,12.85,S
2021-07-05T09:18:45,3000.0,12.85,S
2021-07-05T09:18:42,4100.0,12.85,S
2021-07-05T09:18:38,10000.0,12.85,S
2021-07-05T09:18:36,3700.0,12.85,S
2021-07-05T09:18:34,900.0,12.85,S
2021-07-05T09:18:34,1000.0,12.9,B
2021-07-05T09:18:33,5000.0,12.85,S
2021-07-05T09:18:31,20000.0,12.85,S
2021-07-05T09:18:29,500.0,12.85,S
2021-07-05T09:18:28,500.0,12.85,S
2021-07-05T09:18:27,10000.0,12.85,S
2021-07-05T09:18:24,300.0,12.9,B
2021-07-05T09:18:24,200.0,12.9,B
2021-07-05T09:18:23,300.0,12.9,B
2021-07-05T09:18:16,100.0,12.9,B
2021-07-05T09:18:16,300.0,12.9,S
2021-07-05T09:18:16,2200.0,12.9,S
2021-07-05T09:18:16,1000.0,12.9,S
2021-07-05T09:18:16,200.0,12.9,S
2021-07-05T09:18:16,2300.0,12.9,S
2021-07-05T09:18:16,1600.0,12.9,S
2021-07-05T09:18:16,1200.0,12.9,S
2021-07-05T09:18:16,1000.0,12.9,S
2021-07-05T09:18:16,2000.0,12.9,S
2021-07-05T09:18:16,7500.0,12.9,S
2021-07-05T09:18:15,5000.0,12.9,S
2021-07-05T09:18:15,300.0,12.95,B
2021-07-05T09:18:11,500.0,12.95,B
2021-07-05T09:18:10,100.0,12.95,B
2021-07-05T09:18:09,10000.0,12.9,S
2021-07-05T09:18:09,1000.0,12.9,S
2021-07-05T09:18:09,8400.0,12.9,S
2021-07-05T09:17:54,1000.0,13.0,B
2021-07-05T09:17:54,600.0,12.95,S
2021-07-05T09:17:52,500.0,13.0,B
2021-07-05T09:17:50,300.0,12.95,S
2021-07-05T09:17:49,100.0,13.0,B
2021-07-05T09:17:49,100.0,13.0,B
2021-07-05T09:17:48,500.0,12.95,S
2021-07-05T09:17:48,500.0,13.0,B
2021-07-05T09:17:47,1600.0,12.95,S
2021-07-05T09:17:47,8400.0,12.95,S
2021-07-05T09:17:47,300.0,13.0,B
2021-07-05T09:17:46,10000.0,12.95,S
2021-07-05T09:17:45,100.0,13.0,B
2021-07-05T09:17:36,1000.0,13.0,B
2021-07-05T09:17:34,1000.0,12.95,S
2021-07-05T09:17:33,100.0,13.0,B
2021-07-05T09:17:29,3000.0,13.0,B
2021-07-05T09:17:27,500.0,13.0,B
2021-07-05T09:17:26,1000.0,13.0,B
2021-07-05T09:17:23,200.0,13.0,B
2021-07-05T09:17:22,600.0,13.0,B
2021-07-05T09:17:18,1000.0,13.0,B
2021-07-05T09:17:16,3600.0,13.0,S
2021-07-05T09:17:16,300.0,13.0,S
2021-07-05T09:17:16,8600.0,13.0,S
2021-07-05T09:17:16,1100.0,13.0,S
2021-07-05T09:17:16,1300.0,13.0,S
2021-07-05T09:17:16,600.0,13.0,S
2021-07-05T09:17:16,21700.0,13.0,S
2021-07-05T09:17:16,3000.0,13.0,S
2021-07-05T09:17:16,1000.0,13.0,S
2021-07-05T09:17:12,1000.0,13.0,S
2021-07-05T09:17:12,2300.0,13.0,S
2021-07-05T09:17:12,500.0,13.0,S
2021-07-05T09:17:12,1100.0,13.0,S
2021-07-05T09:17:12,20000.0,13.0,S
2021-07-05T09:17:12,1200.0,13.0,S
2021-07-05T09:17:12,58900.0,13.0,S
2021-07-05T09:17:08,1000.0,13.0,S
2021-07-05T09:17:06,5000.0,13.0,S
2021-07-05T09:17:01,8000.0,13.0,S
2021-07-05T09:17:01,2000.0,13.0,S
2021-07-05T09:17:01,600.0,13.0,S
2021-07-05T09:17:01,400.0,13.0,S
2021-07-05T09:17:01,1000.0,13.0,S
2021-07-05T09:17:01,8000.0,13.0,S
2021-07-05T09:16:58,7700.0,13.0,S
2021-07-05T09:16:58,5500.0,13.0,S
2021-07-05T09:16:57,6000.0,13.0,S
2021-07-05T09:16:54,1000.0,13.05,B
2021-07-05T09:16:54,500.0,13.0,S
2021-07-05T09:16:52,6000.0,13.0,S
2021-07-05T09:16:51,5900.0,13.0,S
2021-07-05T09:16:49,16000.0,13.0,S
2021-07-05T09:16:46,200.0,13.05,B
2021-07-05T09:16:32,1600.0,13.0,S
2021-07-05T09:16:28,10800.0,13.0,S
2021-07-05T09:16:28,1800.0,13.0,S
2021-07-05T09:16:28,800.0,13.0,S
2021-07-05T09:16:28,2000.0,13.0,S
2021-07-05T09:16:28,100.0,13.0,S
2021-07-05T09:16:28,500.0,13.0,S
2021-07-05T09:16:28,4000.0,13.0,S
2021-07-05T09:16:28,1000.0,13.05,B
2021-07-05T09:16:24,11900.0,13.0,S
2021-07-05T09:16:19,200.0,13.05,B
2021-07-05T09:16:12,2000.0,13.0,S
2021-07-05T09:16:09,300.0,13.0,S
2021-07-05T09:16:01,1000.0,13.0,S
2021-07-05T09:15:55,100.0,13.05,B
2021-07-05T09:15:51,500.0,13.0,S
2021-07-05T09:15:51,200.0,13.05,B
2021-07-05T09:15:51,200.0,13.05,B
2021-07-05T09:15:45,100.0,13.05,B
2021-07-05T09:15:45,2000.0,13.05,B
2021-07-05T09:15:43,500.0,13.0,S
2021-07-05T09:15:41,1900.0,13.0,S
2021-07-05T09:15:38,300.0,13.0,S
2021-07-05T09:15:38,200.0,13.05,B
2021-07-05T09:15:34,5000.0,13.05,B
2021-07-05T09:15:31,1000.0,13.05,B
2021-07-05T09:15:27,500.0,13.0,S
2021-07-05T09:15:23,8900.0,13.0,S
2021-07-05T09:15:23,600.0,13.0,S
2021-07-05T09:15:23,2500.0,13.0,S
2021-07-05T09:15:23,8000.0,13.0,S
2021-07-05T09:15:22,1000.0,13.05,B
2021-07-05T09:15:19,100.0,13.05,B
2021-07-05T09:15:13,3800.0,13.0,S
2021-07-05T09:15:13,1400.0,13.0,S
2021-07-05T09:15:10,7000.0,13.05,B
2021-07-05T09:15:09,12600.0,13.05,S
2021-07-05T09:15:09,700.0,13.05,S
2021-07-05T09:15:09,11300.0,13.05,S
2021-07-05T09:15:09,1000.0,13.05,S
