tradingTime,volume,price,side
2021-07-05T10:51:43,500.0,52.9,S
2021-07-05T10:51:36,1000.0,53.0,B
2021-07-05T10:51:35,500.0,52.8,S
2021-07-05T10:51:29,200.0,52.9,B
2021-07-05T10:51:29,1000.0,52.9,B
2021-07-05T10:51:28,200.0,52.9,B
2021-07-05T10:51:23,100.0,52.9,B
2021-07-05T10:51:22,500.0,52.9,B
2021-07-05T10:51:22,5300.0,52.9,B
2021-07-05T10:51:20,300.0,52.9,B
2021-07-05T10:51:20,1800.0,52.9,S
2021-07-05T10:51:20,500.0,53.0,B
2021-07-05T10:51:17,2000.0,53.0,B
2021-07-05T10:51:16,100.0,53.0,B
2021-07-05T10:51:16,300.0,53.0,B
2021-07-05T10:51:13,300.0,53.0,B
2021-07-05T10:51:09,78000.0,53.0,B
2021-07-05T10:45:27,900.0,52.1,B
2021-07-05T10:45:24,500.0,52.0,S
2021-07-05T10:45:23,1100.0,52.1,S
2021-07-05T10:45:21,1000.0,52.1,S
2021-07-05T10:45:21,1000.0,52.3,B
2021-07-05T10:45:19,300.0,52.3,B
2021-07-05T10:45:16,100.0,52.3,B
2021-07-05T10:45:11,100.0,52.3,B
2021-07-05T10:45:11,2000.0,52.0,S
2021-07-05T10:45:09,200.0,52.3,B
2021-07-05T10:45:03,800.0,52.1,S
2021-07-05T10:45:02,300.0,52.2,S
2021-07-05T10:44:56,1100.0,52.0,S
2021-07-05T10:44:56,3000.0,52.0,S
2021-07-05T10:44:56,100.0,52.0,S
2021-07-05T10:44:56,2500.0,52.0,S
2021-07-05T10:44:56,1700.0,52.0,S
2021-07-05T10:44:56,1600.0,52.0,S
2021-07-05T10:44:56,2000.0,52.3,B
2021-07-05T10:44:56,4000.0,52.0,S
2021-07-05T10:44:56,200.0,52.2,B
2021-07-05T10:44:50,3000.0,52.3,B
2021-07-05T10:44:48,8000.0,52.1,S
2021-07-05T10:44:46,100.0,52.3,B
2021-07-05T10:44:45,300.0,52.3,B
2021-07-05T10:44:43,900.0,52.3,B
2021-07-05T10:44:43,100.0,52.2,S
2021-07-05T10:44:40,100.0,52.5,B
2021-07-05T10:44:38,800.0,52.1,S
2021-07-05T10:44:38,4200.0,52.1,S
2021-07-05T10:44:37,300.0,52.4,S
2021-07-05T10:44:33,1900.0,52.1,S
2021-07-05T10:44:33,400.0,52.2,S
2021-07-05T10:44:33,2000.0,52.2,S
2021-07-05T10:44:33,1000.0,52.2,S
2021-07-05T10:44:33,500.0,52.2,S
2021-07-05T10:44:33,400.0,52.2,S
2021-07-05T10:44:33,4000.0,52.2,S
2021-07-05T10:44:33,3100.0,52.3,S
2021-07-05T10:44:33,1700.0,52.3,S
2021-07-05T10:44:33,1500.0,52.3,S
2021-07-05T10:44:33,5600.0,52.3,S
2021-07-05T10:44:33,200.0,52.3,S
2021-07-05T10:44:33,5700.0,52.3,S
2021-07-05T10:44:32,20000.0,52.3,S
2021-07-05T10:44:27,4000.0,52.3,S
2021-07-05T10:44:26,4600.0,52.4,B
2021-07-05T10:44:25,200.0,52.4,B
2021-07-05T10:44:25,100.0,52.4,B
2021-07-05T10:44:21,100.0,52.4,B
2021-07-05T10:44:16,1000.0,52.4,B
2021-07-05T10:44:11,100.0,52.4,B
2021-07-05T10:44:08,200.0,52.4,B
2021-07-05T10:44:07,100.0,52.4,B
2021-07-05T10:44:05,1700.0,52.3,S
2021-07-05T10:44:03,100.0,52.4,B
2021-07-05T10:44:00,300.0,52.4,B
2021-07-05T10:44:00,1000.0,52.3,S
2021-07-05T10:44:00,100.0,52.4,B
2021-07-05T10:43:58,1000.0,52.4,B
2021-07-05T10:43:57,100.0,52.3,S
2021-07-05T10:43:48,1000.0,52.4,B
2021-07-05T10:43:48,500.0,52.3,S
2021-07-05T10:43:47,100.0,52.4,B
2021-07-05T10:43:46,100.0,52.3,S
2021-07-05T10:43:43,100.0,52.4,B
2021-07-05T10:43:40,1100.0,52.3,S
2021-07-05T10:43:36,300.0,52.4,S
2021-07-05T10:43:31,1000.0,52.4,S
2021-07-05T10:43:28,100.0,52.4,S
2021-07-05T10:43:23,6800.0,52.3,S
2021-07-05T10:43:20,2000.0,52.3,S
2021-07-05T10:43:19,200.0,52.6,B
2021-07-05T10:43:16,300.0,52.3,S
2021-07-05T10:43:16,600.0,52.3,S
2021-07-05T10:43:16,100.0,52.5,S
2021-07-05T10:43:16,600.0,52.6,S
2021-07-05T10:43:15,200.0,52.6,S
2021-07-05T10:43:15,1200.0,52.6,B
2021-07-05T10:43:11,16800.0,52.4,S
2021-07-05T10:43:11,500.0,52.4,S
2021-07-05T10:43:11,300.0,52.4,S
2021-07-05T10:43:11,200.0,52.4,S
2021-07-05T10:43:11,2200.0,52.4,S
2021-07-05T10:43:09,500.0,52.5,S
2021-07-05T10:43:05,1000.0,52.6,B
2021-07-05T10:42:56,8000.0,52.6,B
2021-07-05T10:42:56,1700.0,52.5,B
2021-07-05T10:42:56,1000.0,52.5,B
2021-07-05T10:42:55,500.0,52.5,B
2021-07-05T10:42:55,2000.0,52.4,S
2021-07-05T10:42:53,700.0,52.5,S
2021-07-05T10:42:53,100.0,52.5,S
2021-07-05T10:42:53,1600.0,52.5,S
2021-07-05T10:42:53,700.0,52.5,S
2021-07-05T10:42:53,1900.0,52.5,S
2021-07-05T10:42:53,1300.0,52.5,S
2021-07-05T10:42:53,1400.0,52.5,S
2021-07-05T10:42:53,1100.0,52.5,S
2021-07-05T10:42:53,500.0,52.5,S
2021-07-05T10:42:53,2500.0,52.5,S
2021-07-05T10:42:50,3000.0,52.6,B
2021-07-05T10:42:50,100.0,52.5,S
2021-07-05T10:42:50,600.0,52.5,S
2021-07-05T10:42:50,3300.0,52.5,S
2021-07-05T10:42:50,3000.0,52.5,S
2021-07-05T10:42:50,18700.0,52.5,S
2021-07-05T10:42:46,500.0,52.6,B
2021-07-05T10:42:44,300.0,52.5,S
2021-07-05T10:42:40,2000.0,52.5,S
2021-07-05T10:42:36,2100.0,52.5,S
2021-07-05T10:42:36,2900.0,52.5,S
2021-07-05T10:42:34,200.0,52.5,S
2021-07-05T10:42:34,500.0,52.5,S
2021-07-05T10:42:32,1000.0,52.5,S
2021-07-05T10:42:31,3000.0,52.5,S
2021-07-05T10:42:31,300.0,52.6,B
2021-07-05T10:42:29,100.0,52.5,S
2021-07-05T10:42:29,900.0,52.5,S
2021-07-05T10:42:29,100.0,52.5,S
2021-07-05T10:42:25,200.0,52.6,B
2021-07-05T10:42:25,100.0,52.6,B
2021-07-05T10:42:23,800.0,52.5,S
2021-07-05T10:42:15,100.0,52.6,S
2021-07-05T10:42:14,1000.0,52.7,B
2021-07-05T10:42:14,4200.0,52.5,S
2021-07-05T10:42:14,4300.0,52.5,S
2021-07-05T10:42:14,1200.0,52.5,S
2021-07-05T10:42:14,10300.0,52.5,S
2021-07-05T10:42:14,8200.0,52.5,S
2021-07-05T10:42:14,200.0,52.5,S
2021-07-05T10:42:14,6300.0,52.5,S
2021-07-05T10:42:14,2300.0,52.5,S
2021-07-05T10:42:14,2500.0,52.5,S
2021-07-05T10:42:14,500.0,52.6,S
2021-07-05T10:42:14,5000.0,52.6,S
2021-07-05T10:42:14,2100.0,52.6,S
2021-07-05T10:42:14,400.0,52.6,S
2021-07-05T10:42:14,600.0,52.6,S
2021-07-05T10:42:14,600.0,52.6,S
2021-07-05T10:42:14,4300.0,52.6,S
2021-07-05T10:42:14,100.0,52.6,S
2021-07-05T10:42:14,3000.0,52.6,S
2021-07-05T10:42:14,200.0,52.6,S
2021-07-05T10:42:14,900.0,52.6,S
2021-07-05T10:42:14,2500.0,52.6,S
2021-07-05T10:42:14,2500.0,52.6,S
2021-07-05T10:42:14,700.0,52.6,S
2021-07-05T10:42:14,600.0,52.6,S
2021-07-05T10:42:14,1100.0,52.6,S
2021-07-05T10:42:14,400.0,52.6,S
2021-07-05T10:42:14,400.0,52.6,S
2021-07-05T10:42:14,4600.0,52.6,S
2021-07-05T10:42:14,1100.0,52.6,S
2021-07-05T10:42:14,35000.0,52.6,S
2021-07-05T10:42:14,43900.0,52.6,S
2021-07-05T10:42:12,1000.0,52.6,S
2021-07-05T10:42:12,1000.0,52.6,S
2021-07-05T10:42:10,2000.0,52.6,S
2021-07-05T10:42:09,500.0,52.6,S
2021-07-05T10:42:08,500.0,52.6,S
2021-07-05T10:42:02,15000.0,52.6,S
2021-07-05T10:42:00,1000.0,52.6,S
2021-07-05T10:42:00,200.0,52.7,B
2021-07-05T10:41:55,1000.0,52.6,S
2021-07-05T10:41:55,500.0,52.6,S
2021-07-05T10:41:54,4000.0,52.6,S
2021-07-05T10:41:53,2500.0,52.7,B
2021-07-05T10:41:53,1000.0,52.6,S
2021-07-05T10:41:52,5000.0,52.6,S
2021-07-05T10:41:50,200.0,52.6,S
2021-07-05T10:41:48,200.0,52.6,S
2021-07-05T10:41:46,100.0,52.6,S
2021-07-05T10:41:38,10000.0,52.6,S
2021-07-05T10:41:36,500.0,52.7,B
2021-07-05T10:41:34,10000.0,52.6,S
2021-07-05T10:41:29,700.0,52.6,S
2021-07-05T10:41:28,12700.0,52.6,S
2021-07-05T10:41:28,3000.0,52.6,S
2021-07-05T10:41:23,300.0,52.7,B
2021-07-05T10:41:23,100.0,52.6,S
2021-07-05T10:41:20,500.0,52.7,B
2021-07-05T10:41:14,1000.0,52.7,B
2021-07-05T10:41:10,400.0,52.7,B
2021-07-05T10:41:09,300.0,52.6,S
2021-07-05T10:41:03,2000.0,52.6,S
2021-07-05T10:41:02,5000.0,52.6,S
2021-07-05T10:40:59,300.0,52.7,B
2021-07-05T10:40:58,1700.0,52.6,S
2021-07-05T10:40:58,1000.0,52.6,S
2021-07-05T10:40:54,300.0,52.7,B
2021-07-05T10:40:51,500.0,52.7,B
2021-07-05T10:40:50,100.0,52.7,B
2021-07-05T10:40:50,5000.0,52.7,B
2021-07-05T10:40:48,1000.0,52.6,S
2021-07-05T10:40:46,500.0,52.7,B
2021-07-05T10:40:45,200.0,52.7,B
2021-07-05T10:40:44,1000.0,52.7,B
2021-07-05T10:40:43,300.0,52.7,B
2021-07-05T10:40:41,200.0,52.7,B
2021-07-05T10:40:41,1000.0,52.7,B
2021-07-05T10:40:37,700.0,52.7,B
2021-07-05T10:40:37,1100.0,52.6,S
2021-07-05T10:40:37,1500.0,52.6,S
2021-07-05T10:40:37,100.0,52.6,S
2021-07-05T10:40:37,6800.0,52.6,S
2021-07-05T10:40:35,200.0,52.7,S
2021-07-05T10:40:35,700.0,52.7,S
2021-07-05T10:40:35,200.0,52.7,S
2021-07-05T10:40:35,600.0,52.7,S
2021-07-05T10:40:35,2600.0,52.7,S
2021-07-05T10:40:35,1700.0,52.7,S
2021-07-05T10:40:35,1100.0,52.7,S
2021-07-05T10:40:35,100.0,52.7,S
2021-07-05T10:40:35,7500.0,52.7,S
2021-07-05T10:40:35,5300.0,52.7,S
2021-07-05T10:40:35,100.0,52.7,S
2021-07-05T10:40:35,18000.0,52.7,S
2021-07-05T10:40:35,300.0,52.7,S
2021-07-05T10:40:35,300.0,52.7,S
2021-07-05T10:40:35,100.0,52.7,S
2021-07-05T10:40:35,1000.0,52.7,S
2021-07-05T10:40:35,1000.0,52.7,S
2021-07-05T10:40:35,1000.0,52.7,S
2021-07-05T10:40:35,300.0,52.7,S
2021-07-05T10:40:35,500.0,52.7,S
2021-07-05T10:40:35,500.0,52.7,S
2021-07-05T10:40:35,100.0,52.7,S
2021-07-05T10:40:35,3200.0,52.7,S
2021-07-05T10:40:35,200.0,52.7,S
2021-07-05T10:40:35,1000.0,52.7,S
2021-07-05T10:40:35,100.0,52.7,S
2021-07-05T10:40:35,8400.0,52.7,S
2021-07-05T10:40:35,2000.0,52.7,S
2021-07-05T10:40:32,1000.0,52.7,S
2021-07-05T10:40:25,2600.0,52.8,B
2021-07-05T10:40:22,1000.0,52.7,S
2021-07-05T10:40:22,1000.0,52.7,S
2021-07-05T10:40:20,900.0,52.7,S
2021-07-05T10:40:19,1000.0,52.7,S
2021-07-05T10:40:10,500.0,52.7,S
2021-07-05T10:40:10,3000.0,52.8,B
2021-07-05T10:40:08,600.0,52.7,S
2021-07-05T10:40:07,3000.0,52.8,B
2021-07-05T10:40:05,1500.0,52.7,S
2021-07-05T10:40:03,800.0,52.7,S
2021-07-05T10:40:02,100.0,52.8,B
2021-07-05T10:39:53,400.0,52.7,S
2021-07-05T10:39:52,900.0,52.7,S
2021-07-05T10:39:46,100.0,52.7,S
2021-07-05T10:39:45,7500.0,52.7,S
2021-07-05T10:39:43,1300.0,52.7,S
2021-07-05T10:39:43,200.0,52.7,S
2021-07-05T10:39:37,300.0,52.8,S
2021-07-05T10:39:37,500.0,52.8,S
2021-07-05T10:39:37,200.0,52.8,S
2021-07-05T10:39:37,300.0,52.8,S
2021-07-05T10:39:37,200.0,52.8,S
2021-07-05T10:39:37,400.0,52.8,S
2021-07-05T10:39:37,2000.0,52.8,S
2021-07-05T10:39:34,5000.0,52.8,S
2021-07-05T10:39:34,500.0,52.8,S
2021-07-05T10:39:33,1300.0,52.8,S
2021-07-05T10:39:28,400.0,52.8,S
2021-07-05T10:39:26,400.0,52.8,S
2021-07-05T10:39:24,3100.0,52.8,S
2021-07-05T10:39:24,3300.0,52.8,S
2021-07-05T10:39:23,100.0,52.8,S
2021-07-05T10:39:21,200.0,52.8,S
2021-07-05T10:39:17,900.0,52.9,B
2021-07-05T10:39:17,1900.0,52.8,S
2021-07-05T10:39:10,11800.0,52.8,S
2021-07-05T10:39:10,100.0,52.8,S
2021-07-05T10:39:10,7000.0,52.8,S
2021-07-05T10:39:09,3000.0,52.8,S
2021-07-05T10:39:07,1100.0,52.8,S
2021-07-05T10:39:07,1300.0,52.8,S
2021-07-05T10:39:07,2600.0,52.8,S
2021-07-05T10:39:06,1500.0,52.8,S
2021-07-05T10:39:02,500.0,52.8,S
2021-07-05T10:38:58,600.0,52.8,S
2021-07-05T10:38:58,1000.0,52.8,S
2021-07-05T10:38:57,100.0,52.9,B
2021-07-05T10:38:54,3000.0,52.9,B
2021-07-05T10:38:50,600.0,52.8,S
2021-07-05T10:38:50,400.0,52.8,S
2021-07-05T10:38:50,600.0,52.8,S
2021-07-05T10:38:50,5000.0,52.8,S
2021-07-05T10:38:50,800.0,52.8,S
2021-07-05T10:38:50,10500.0,52.8,S
2021-07-05T10:38:46,500.0,52.8,S
2021-07-05T10:38:44,1000.0,52.8,S
2021-07-05T10:38:43,1000.0,52.8,S
2021-07-05T10:38:39,100.0,52.9,B
2021-07-05T10:38:38,200.0,52.8,S
2021-07-05T10:38:38,500.0,52.9,B
2021-07-05T10:38:37,3000.0,52.8,S
2021-07-05T10:38:34,2000.0,52.9,B
2021-07-05T10:38:30,2300.0,52.8,S
2021-07-05T10:38:28,1000.0,52.8,S
2021-07-05T10:38:26,1500.0,52.8,S
2021-07-05T10:38:26,1500.0,52.8,S
2021-07-05T10:38:17,2000.0,52.8,S
2021-07-05T10:38:15,200.0,52.9,B
2021-07-05T10:38:15,1400.0,52.9,S
2021-07-05T10:38:15,500.0,52.9,S
2021-07-05T10:38:15,1300.0,52.9,S
2021-07-05T10:38:15,100.0,52.9,S
2021-07-05T10:38:15,1000.0,52.9,S
2021-07-05T10:38:11,100.0,53.0,B
2021-07-05T10:38:06,1000.0,52.9,S
2021-07-05T10:38:04,1700.0,52.9,S
2021-07-05T10:38:04,100.0,52.9,S
2021-07-05T10:38:04,8200.0,52.9,S
2021-07-05T10:38:02,500.0,53.0,B
2021-07-05T10:38:02,15200.0,52.9,S
2021-07-05T10:38:02,100.0,52.9,S
2021-07-05T10:38:02,1300.0,52.9,S
2021-07-05T10:38:02,100.0,52.9,S
2021-07-05T10:38:02,700.0,52.9,S
2021-07-05T10:38:02,500.0,52.9,S
2021-07-05T10:38:02,1000.0,52.9,S
2021-07-05T10:38:02,200.0,52.9,S
2021-07-05T10:38:02,600.0,52.9,S
2021-07-05T10:38:02,300.0,52.9,S
2021-07-05T10:38:00,500.0,53.0,S
2021-07-05T10:38:00,1200.0,53.0,S
2021-07-05T10:38:00,300.0,53.0,S
2021-07-05T10:38:00,5000.0,53.0,S
2021-07-05T10:38:00,1500.0,53.0,S
2021-07-05T10:38:00,300.0,53.0,S
2021-07-05T10:38:00,3400.0,53.0,S
2021-07-05T10:37:58,1900.0,53.0,S
2021-07-05T10:37:57,2100.0,53.0,S
2021-07-05T10:37:57,1500.0,53.0,S
2021-07-05T10:37:57,900.0,53.0,S
2021-07-05T10:37:57,500.0,53.0,S
2021-07-05T10:37:57,500.0,53.0,S
2021-07-05T10:37:57,2000.0,53.0,S
2021-07-05T10:37:56,800.0,53.0,S
2021-07-05T10:37:56,2200.0,53.0,S
2021-07-05T10:37:56,1100.0,53.0,S
2021-07-05T10:37:56,1300.0,53.0,S
2021-07-05T10:37:56,1100.0,53.0,S
2021-07-05T10:37:55,500.0,53.0,S
2021-07-05T10:37:54,300.0,53.0,S
2021-07-05T10:37:53,2100.0,53.0,S
2021-07-05T10:37:51,1000.0,53.0,S
2021-07-05T10:37:51,3800.0,53.0,S
2021-07-05T10:37:49,5000.0,53.0,S
2021-07-05T10:37:47,9100.0,53.0,S
2021-07-05T10:37:47,3900.0,53.0,S
2021-07-05T10:37:47,10000.0,53.0,S
2021-07-05T10:37:47,20100.0,53.0,S
2021-07-05T10:37:47,100.0,53.0,S
2021-07-05T10:37:47,4100.0,53.0,S
2021-07-05T10:37:47,2100.0,53.0,S
2021-07-05T10:37:47,2700.0,53.0,S
2021-07-05T10:37:47,600.0,53.0,S
2021-07-05T10:37:47,300.0,53.0,S
2021-07-05T10:37:47,1100.0,53.0,S
2021-07-05T10:37:47,100.0,53.0,S
2021-07-05T10:37:47,400.0,53.0,S
2021-07-05T10:37:47,1000.0,53.0,S
2021-07-05T10:37:47,1500.0,53.0,S
2021-07-05T10:37:47,300.0,53.0,S
2021-07-05T10:37:47,1100.0,53.0,S
2021-07-05T10:37:47,6000.0,53.0,S
2021-07-05T10:37:47,400.0,53.0,S
2021-07-05T10:37:47,200.0,53.0,S
2021-07-05T10:37:47,100.0,53.0,S
2021-07-05T10:37:47,1100.0,53.0,S
2021-07-05T10:37:47,1400.0,53.0,S
2021-07-05T10:37:47,2200.0,53.0,S
2021-07-05T10:37:47,6000.0,53.0,S
2021-07-05T10:37:47,5500.0,53.0,S
2021-07-05T10:37:47,300.0,53.0,S
2021-07-05T10:37:47,300.0,53.0,S
2021-07-05T10:37:47,200.0,53.0,S
2021-07-05T10:37:47,1200.0,53.0,S
2021-07-05T10:37:47,100.0,53.0,S
2021-07-05T10:37:47,100.0,53.0,S
2021-07-05T10:37:47,200.0,53.0,S
2021-07-05T10:37:47,100.0,53.0,S
2021-07-05T10:37:47,1400.0,53.0,S
2021-07-05T10:37:47,4500.0,53.0,S
2021-07-05T10:37:47,100.0,53.0,S
2021-07-05T10:37:47,100.0,53.0,S
2021-07-05T10:37:47,200.0,53.0,S
2021-07-05T10:37:46,1100.0,53.0,S
2021-07-05T10:37:46,100.0,53.0,S
2021-07-05T10:37:46,5000.0,53.0,S
2021-07-05T10:37:46,500.0,53.0,S
2021-07-05T10:37:46,200.0,53.0,S
2021-07-05T10:37:46,100.0,53.0,S
2021-07-05T10:37:46,500.0,53.0,S
2021-07-05T10:37:46,400.0,53.0,S
2021-07-05T10:37:46,100.0,53.0,S
2021-07-05T10:37:46,7900.0,53.0,S
2021-07-05T10:37:46,3000.0,53.0,S
2021-07-05T10:37:46,300.0,53.0,S
2021-07-05T10:37:43,500.0,53.0,S
2021-07-05T10:37:40,700.0,53.0,S
2021-07-05T10:37:40,100.0,53.0,S
2021-07-05T10:37:39,7000.0,53.0,S
2021-07-05T10:37:39,4000.0,53.0,S
2021-07-05T10:37:35,1500.0,53.0,S
2021-07-05T10:37:35,3300.0,53.0,S
2021-07-05T10:37:35,1200.0,53.0,S
2021-07-05T10:37:35,100.0,53.1,B
2021-07-05T10:37:33,500.0,53.0,S
2021-07-05T10:37:31,1000.0,53.0,S
2021-07-05T10:37:30,500.0,53.0,S
2021-07-05T10:37:30,3000.0,53.0,S
2021-07-05T10:37:30,100.0,53.0,S
2021-07-05T10:37:29,6500.0,53.0,S
2021-07-05T10:37:28,20000.0,53.0,S
2021-07-05T10:37:22,10000.0,53.0,S
2021-07-05T10:37:20,2800.0,53.0,S
2021-07-05T10:37:20,2500.0,53.0,S
2021-07-05T10:37:20,500.0,53.0,S
2021-07-05T10:37:20,2200.0,53.0,S
2021-07-05T10:37:19,100.0,53.1,B
2021-07-05T10:37:18,500.0,53.0,S
2021-07-05T10:37:15,100.0,53.1,B
2021-07-05T10:37:12,1000.0,53.0,S
2021-07-05T10:37:12,200.0,53.0,S
2021-07-05T10:37:12,4800.0,53.0,S
2021-07-05T10:37:08,600.0,53.1,B
2021-07-05T10:37:01,5000.0,53.1,S
2021-07-05T10:36:59,500.0,53.1,S
2021-07-05T10:36:58,10000.0,53.1,S
2021-07-05T10:36:47,5300.0,53.1,S
2021-07-05T10:36:47,1900.0,53.1,S
2021-07-05T10:36:47,5100.0,53.1,S
2021-07-05T10:36:34,400.0,53.1,S
2021-07-05T10:36:34,3200.0,53.1,S
2021-07-05T10:36:34,300.0,53.1,S
2021-07-05T10:36:34,700.0,53.1,S
2021-07-05T10:36:34,1100.0,53.1,S
2021-07-05T10:36:34,600.0,53.1,S
2021-07-05T10:36:34,600.0,53.1,S
2021-07-05T10:36:34,2300.0,53.1,S
2021-07-05T10:36:24,800.0,53.1,S
2021-07-05T10:36:21,900.0,53.1,S
2021-07-05T10:36:21,600.0,53.1,S
2021-07-05T10:36:21,400.0,53.1,S
2021-07-05T10:36:21,1100.0,53.1,S
2021-07-05T10:36:17,3000.0,53.1,S
2021-07-05T10:36:13,700.0,53.1,S
2021-07-05T10:36:07,6700.0,53.1,S
2021-07-05T10:36:07,4200.0,53.1,S
2021-07-05T10:36:07,10900.0,53.1,S
2021-07-05T10:36:07,1000.0,53.1,S
2021-07-05T10:36:07,4600.0,53.1,S
2021-07-05T10:35:55,1000.0,53.2,B
2021-07-05T10:35:54,200.0,53.1,S
2021-07-05T10:35:47,10000.0,53.1,S
2021-07-05T10:35:45,100.0,53.2,B
2021-07-05T10:35:27,300.0,53.1,S
2021-07-05T10:35:16,500.0,53.2,B
2021-07-05T10:35:15,4500.0,53.2,B
2021-07-05T10:35:00,7900.0,53.1,S
2021-07-05T10:35:00,700.0,53.1,S
2021-07-05T10:34:52,200.0,53.2,B
2021-07-05T10:34:37,300.0,53.2,B
2021-07-05T10:34:35,400.0,53.2,B
2021-07-05T10:34:21,300.0,53.2,S
2021-07-05T10:34:21,300.0,53.2,S
2021-07-05T10:34:21,200.0,53.2,S
2021-07-05T10:34:21,1800.0,53.2,S
2021-07-05T10:34:21,1200.0,53.2,S
2021-07-05T10:34:21,100.0,53.2,S
2021-07-05T10:34:21,1100.0,53.2,S
2021-07-05T10:34:17,500.0,53.2,S
2021-07-05T10:34:11,700.0,53.2,S
2021-07-05T10:34:11,200.0,53.2,S
2021-07-05T10:34:10,100.0,53.2,S
2021-07-05T10:34:05,300.0,53.3,B
2021-07-05T10:34:01,200.0,53.3,B
2021-07-05T10:34:00,3000.0,53.2,S
2021-07-05T10:33:51,100.0,53.2,S
2021-07-05T10:33:48,500.0,53.2,S
2021-07-05T10:33:23,100.0,53.2,S
2021-07-05T10:33:18,700.0,53.3,B
2021-07-05T10:33:08,3000.0,53.2,S
2021-07-05T10:33:05,500.0,53.3,B
2021-07-05T10:33:05,500.0,53.3,B
2021-07-05T10:33:04,500.0,53.2,S
2021-07-05T10:32:57,4100.0,53.2,S
2021-07-05T10:32:32,100.0,53.2,S
2021-07-05T10:32:32,5500.0,53.2,S
2021-07-05T10:32:28,500.0,53.2,S
2021-07-05T10:32:24,2000.0,53.2,S
2021-07-05T10:32:18,1100.0,53.2,S
2021-07-05T10:32:16,1500.0,53.2,S
2021-07-05T10:32:16,200.0,53.2,B
2021-07-05T10:32:16,1100.0,53.2,B
2021-07-05T10:32:16,2100.0,53.2,B
2021-07-05T10:32:14,100.0,53.2,B
2021-07-05T10:32:13,200.0,53.2,B
2021-07-05T10:32:10,300.0,53.1,S
2021-07-05T10:32:08,100.0,53.2,B
2021-07-05T10:32:06,200.0,53.2,B
2021-07-05T10:32:00,1400.0,53.1,S
2021-07-05T10:31:57,100.0,53.2,B
2021-07-05T10:31:56,1000.0,53.2,B
2021-07-05T10:31:53,100.0,53.2,B
2021-07-05T10:31:49,5000.0,53.2,B
2021-07-05T10:31:41,500.0,53.2,B
2021-07-05T10:31:40,300.0,53.2,B
2021-07-05T10:31:35,2000.0,53.2,B
2021-07-05T10:31:34,300.0,53.2,B
2021-07-05T10:31:32,1000.0,53.2,B
2021-07-05T10:31:30,900.0,53.2,B
2021-07-05T10:31:25,3000.0,53.2,B
2021-07-05T10:31:20,100.0,53.2,B
2021-07-05T10:31:16,100.0,53.1,S
2021-07-05T10:31:08,2000.0,53.2,B
2021-07-05T10:30:56,100.0,53.2,B
2021-07-05T10:30:43,100.0,53.2,B
2021-07-05T10:30:36,300.0,53.1,S
2021-07-05T10:30:31,3900.0,53.2,B
2021-07-05T10:30:30,500.0,53.1,S
2021-07-05T10:30:28,1000.0,53.2,B
2021-07-05T10:30:25,200.0,53.1,S
2021-07-05T10:30:25,500.0,53.2,B
2021-07-05T10:30:25,2000.0,53.1,S
2021-07-05T10:30:07,300.0,53.1,S
2021-07-05T10:29:59,300.0,53.1,S
2021-07-05T10:29:58,300.0,53.1,S
2021-07-05T10:29:38,200.0,53.2,B
2021-07-05T10:29:32,300.0,53.2,B
2021-07-05T10:29:32,500.0,53.2,B
2021-07-05T10:29:28,200.0,53.2,B
2021-07-05T10:29:28,2400.0,53.2,B
2021-07-05T10:29:24,100.0,53.2,S
2021-07-05T10:29:24,300.0,53.2,S
2021-07-05T10:29:24,900.0,53.2,S
2021-07-05T10:29:24,2700.0,53.2,S
2021-07-05T10:29:24,900.0,53.2,S
2021-07-05T10:29:24,500.0,53.2,S
2021-07-05T10:29:24,5000.0,53.2,S
2021-07-05T10:29:24,2200.0,53.2,S
2021-07-05T10:29:24,400.0,53.2,S
2021-07-05T10:29:24,700.0,53.2,S
2021-07-05T10:29:24,700.0,53.2,S
2021-07-05T10:29:24,1800.0,53.2,S
2021-07-05T10:29:24,8500.0,53.2,S
2021-07-05T10:29:24,100.0,53.3,S
2021-07-05T10:29:14,500.0,53.2,S
2021-07-05T10:29:07,5500.0,53.2,S
2021-07-05T10:29:05,100.0,53.2,S
2021-07-05T10:29:05,1900.0,53.2,S
2021-07-05T10:29:05,200.0,53.3,S
2021-07-05T10:29:04,100.0,53.3,S
2021-07-05T10:29:01,100.0,53.3,B
2021-07-05T10:28:39,1000.0,53.2,S
2021-07-05T10:28:38,1400.0,53.2,S
2021-07-05T10:28:38,600.0,53.2,S
2021-07-05T10:28:38,300.0,53.2,S
2021-07-05T10:28:38,400.0,53.2,S
2021-07-05T10:28:38,400.0,53.2,S
2021-07-05T10:28:38,700.0,53.2,S
2021-07-05T10:28:38,100.0,53.2,S
2021-07-05T10:28:38,500.0,53.2,S
2021-07-05T10:28:38,1300.0,53.2,S
2021-07-05T10:28:38,1200.0,53.2,S
2021-07-05T10:28:38,3100.0,53.2,S
2021-07-05T10:28:35,100.0,53.2,S
2021-07-05T10:28:14,2000.0,53.2,S
2021-07-05T10:28:02,2000.0,53.3,S
2021-07-05T10:27:57,1000.0,53.4,B
2021-07-05T10:27:53,500.0,53.3,S
2021-07-05T10:27:44,1000.0,53.3,S
2021-07-05T10:27:43,300.0,53.4,B
2021-07-05T10:27:31,2500.0,53.3,S
2021-07-05T10:27:07,300.0,53.3,S
2021-07-05T10:26:54,5300.0,53.3,S
2021-07-05T10:26:50,1300.0,53.3,S
2021-07-05T10:26:50,5800.0,53.3,S
2021-07-05T10:26:50,100.0,53.3,S
2021-07-05T10:26:50,1500.0,53.3,S
2021-07-05T10:26:50,2400.0,53.3,S
2021-07-05T10:26:50,100.0,53.3,S
2021-07-05T10:26:50,2900.0,53.3,S
2021-07-05T10:26:50,400.0,53.3,S
2021-07-05T10:26:50,500.0,53.3,S
2021-07-05T10:26:50,15000.0,53.3,S
2021-07-05T10:26:37,1000.0,53.3,S
2021-07-05T10:26:33,1400.0,53.4,S
2021-07-05T10:26:32,5000.0,53.4,S
2021-07-05T10:26:27,100.0,53.4,S
2021-07-05T10:26:27,400.0,53.4,S
2021-07-05T10:26:27,1500.0,53.4,S
2021-07-05T10:26:17,500.0,53.4,S
2021-07-05T10:26:15,600.0,53.4,S
2021-07-05T10:26:10,5500.0,53.4,S
2021-07-05T10:25:54,500.0,53.5,B
2021-07-05T10:25:36,9500.0,53.5,B
2021-07-05T10:25:21,500.0,53.4,S
2021-07-05T10:25:13,300.0,53.5,B
2021-07-05T10:24:58,500.0,53.4,S
2021-07-05T10:24:53,800.0,53.4,S
2021-07-05T10:24:53,400.0,53.4,S
2021-07-05T10:24:53,200.0,53.4,S
2021-07-05T10:24:53,200.0,53.4,S
2021-07-05T10:24:53,1100.0,53.4,S
2021-07-05T10:24:53,200.0,53.4,S
2021-07-05T10:24:53,700.0,53.4,S
2021-07-05T10:24:53,1400.0,53.4,S
2021-07-05T10:24:49,2000.0,53.4,S
2021-07-05T10:24:48,2000.0,53.4,S
2021-07-05T10:24:45,1000.0,53.5,B
2021-07-05T10:24:41,2800.0,53.4,S
2021-07-05T10:24:41,1500.0,53.4,S
2021-07-05T10:24:41,5700.0,53.4,S
2021-07-05T10:24:39,500.0,53.5,B
2021-07-05T10:23:51,1100.0,53.5,B
2021-07-05T10:23:51,8900.0,53.5,B
2021-07-05T10:23:45,3400.0,53.4,S
2021-07-05T10:23:32,2500.0,53.4,S
2021-07-05T10:23:30,100.0,53.5,B
2021-07-05T10:23:20,1000.0,53.5,B
2021-07-05T10:23:10,100.0,53.4,S
2021-07-05T10:22:58,600.0,53.4,S
2021-07-05T10:22:48,500.0,53.4,S
2021-07-05T10:22:16,600.0,53.4,S
2021-07-05T10:22:16,1100.0,53.5,B
2021-07-05T10:22:15,100.0,53.5,B
2021-07-05T10:22:10,200.0,53.5,B
2021-07-05T10:21:59,500.0,53.5,B
2021-07-05T10:21:58,2000.0,53.5,B
2021-07-05T10:21:56,1000.0,53.5,B
2021-07-05T10:21:51,100.0,53.5,B
2021-07-05T10:21:40,1000.0,53.5,B
2021-07-05T10:21:38,4000.0,53.5,B
2021-07-05T10:21:36,1000.0,53.5,B
2021-07-05T10:21:33,100.0,53.5,B
2021-07-05T10:21:26,200.0,53.5,B
2021-07-05T10:21:24,100.0,53.5,B
2021-07-05T10:21:19,700.0,53.5,B
2021-07-05T10:21:18,100.0,53.5,B
2021-07-05T10:21:07,1000.0,53.5,B
2021-07-05T10:21:02,500.0,53.5,B
2021-07-05T10:21:00,2100.0,53.5,B
2021-07-05T10:20:58,500.0,53.5,B
2021-07-05T10:20:58,500.0,53.5,B
2021-07-05T10:20:58,500.0,53.5,B
2021-07-05T10:20:50,300.0,53.5,B
2021-07-05T10:20:40,300.0,53.5,B
2021-07-05T10:20:39,1400.0,53.5,S
2021-07-05T10:20:39,1000.0,53.5,S
2021-07-05T10:20:39,800.0,53.5,S
2021-07-05T10:20:39,9900.0,53.5,S
2021-07-05T10:20:39,1700.0,53.5,S
2021-07-05T10:20:39,7000.0,53.5,S
2021-07-05T10:20:39,700.0,53.5,S
2021-07-05T10:20:26,100.0,53.5,S
2021-07-05T10:20:20,2000.0,53.5,S
2021-07-05T10:20:16,1300.0,53.5,S
2021-07-05T10:20:16,700.0,53.5,S
2021-07-05T10:20:16,2000.0,53.5,S
2021-07-05T10:20:16,5100.0,53.5,S
2021-07-05T10:20:16,10900.0,53.5,S
2021-07-05T10:20:14,2000.0,53.6,B
2021-07-05T10:20:07,300.0,53.6,B
2021-07-05T10:20:00,100.0,53.5,S
2021-07-05T10:20:00,400.0,53.6,S
2021-07-05T10:20:00,32900.0,53.6,S
2021-07-05T10:19:47,2100.0,53.6,S
2021-07-05T10:19:42,100.0,53.7,S
2021-07-05T10:19:42,2400.0,53.7,B
2021-07-05T10:19:40,1000.0,53.7,B
2021-07-05T10:19:32,300.0,53.7,B
2021-07-05T10:19:22,10000.0,53.6,S
2021-07-05T10:19:20,1100.0,53.7,B
2021-07-05T10:19:20,700.0,53.7,B
2021-07-05T10:19:20,7200.0,53.7,B
2021-07-05T10:18:58,200.0,53.7,B
2021-07-05T10:18:48,100.0,53.7,B
2021-07-05T10:18:40,300.0,53.6,S
2021-07-05T10:18:29,300.0,53.6,S
2021-07-05T10:18:10,100.0,53.7,B
2021-07-05T10:18:02,10000.0,53.6,S
2021-07-05T10:17:31,1000.0,53.6,S
2021-07-05T10:17:24,200.0,53.7,B
2021-07-05T10:17:19,300.0,53.7,B
2021-07-05T10:17:08,100.0,53.7,B
2021-07-05T10:17:01,100.0,53.7,B
2021-07-05T10:16:56,100.0,53.5,S
2021-07-05T10:16:54,100.0,53.7,B
2021-07-05T10:16:37,42000.0,53.7,B
2021-07-05T10:16:35,100.0,53.6,B
2021-07-05T10:16:23,5000.0,53.6,S
2021-07-05T10:15:42,900.0,53.6,B
2021-07-05T10:15:40,1100.0,53.6,S
2021-07-05T10:15:30,4400.0,53.6,S
2021-07-05T10:15:03,300.0,53.6,B
2021-07-05T10:14:54,2900.0,53.6,B
2021-07-05T10:14:43,100.0,53.6,B
2021-07-05T10:14:40,500.0,53.6,B
2021-07-05T10:14:37,11000.0,53.6,S
2021-07-05T10:14:37,3300.0,53.6,S
2021-07-05T10:13:38,300.0,53.6,B
2021-07-05T10:13:28,200.0,53.6,B
2021-07-05T10:13:24,500.0,53.6,B
2021-07-05T10:13:19,300.0,53.6,B
2021-07-05T10:13:09,4300.0,53.6,B
2021-07-05T10:13:07,500.0,53.6,B
2021-07-05T10:13:06,600.0,53.6,B
2021-07-05T10:13:00,200.0,53.6,B
2021-07-05T10:12:56,800.0,53.6,B
2021-07-05T10:12:56,10000.0,53.5,S
2021-07-05T10:12:50,200.0,53.6,B
2021-07-05T10:12:50,100.0,53.6,B
2021-07-05T10:12:42,1300.0,53.6,S
2021-07-05T10:12:42,6200.0,53.6,S
2021-07-05T10:12:36,100.0,53.7,B
2021-07-05T10:12:32,500.0,53.6,S
2021-07-05T10:12:23,200.0,53.6,S
2021-07-05T10:12:23,1600.0,53.6,S
2021-07-05T10:12:23,1400.0,53.6,S
2021-07-05T10:12:22,3000.0,53.6,S
2021-07-05T10:12:19,500.0,53.7,B
2021-07-05T10:12:18,100.0,53.7,B
2021-07-05T10:12:04,100.0,53.7,S
2021-07-05T10:12:04,10000.0,53.7,S
2021-07-05T10:11:58,300.0,53.8,B
2021-07-05T10:11:55,500.0,53.7,S
2021-07-05T10:11:55,200.0,53.8,B
2021-07-05T10:11:37,1200.0,53.8,B
2021-07-05T10:11:36,1000.0,53.8,B
2021-07-05T10:11:23,300.0,53.8,B
2021-07-05T10:11:23,100.0,53.8,B
2021-07-05T10:11:22,6400.0,53.8,S
2021-07-05T10:11:10,400.0,53.8,S
2021-07-05T10:11:08,2500.0,53.8,B
2021-07-05T10:11:08,4500.0,53.8,B
2021-07-05T10:11:08,20100.0,53.8,B
2021-07-05T10:11:08,3400.0,53.8,B
2021-07-05T10:10:48,500.0,53.7,B
2021-07-05T10:10:44,100.0,53.7,B
2021-07-05T10:10:43,800.0,53.7,B
2021-07-05T10:10:39,1000.0,53.7,B
2021-07-05T10:10:13,1000.0,53.7,B
2021-07-05T10:10:09,5000.0,53.7,B
2021-07-05T10:09:00,100.0,53.7,S
2021-07-05T10:08:56,500.0,53.7,B
2021-07-05T10:08:38,6000.0,53.7,B
2021-07-05T10:08:05,2300.0,53.7,B
2021-07-05T10:07:40,400.0,53.7,B
2021-07-05T10:07:26,1100.0,53.7,B
2021-07-05T10:07:25,100.0,53.7,B
2021-07-05T10:07:24,5000.0,53.6,B
2021-07-05T10:07:20,100.0,53.6,B
2021-07-05T10:06:58,200.0,53.6,B
2021-07-05T10:06:24,100.0,53.6,B
2021-07-05T10:06:23,1000.0,53.6,S
2021-07-05T10:06:04,200.0,53.6,S
2021-07-05T10:05:51,1000.0,53.6,S
2021-07-05T10:05:44,200.0,53.6,S
2021-07-05T10:05:44,700.0,53.6,S
2021-07-05T10:05:44,100.0,53.6,S
2021-07-05T10:05:40,4000.0,53.6,S
2021-07-05T10:05:33,400.0,53.7,B
2021-07-05T10:05:20,300.0,53.7,B
2021-07-05T10:05:15,200.0,53.6,S
2021-07-05T10:04:58,800.0,53.6,S
2021-07-05T10:04:57,200.0,53.6,S
2021-07-05T10:04:41,13500.0,53.6,B
2021-07-05T10:04:38,5000.0,53.4,S
2021-07-05T10:04:33,1100.0,53.6,B
2021-07-05T10:04:33,500.0,53.6,B
2021-07-05T10:04:26,1000.0,53.5,S
2021-07-05T10:04:06,700.0,53.5,S
2021-07-05T10:04:06,200.0,53.5,S
2021-07-05T10:04:06,4100.0,53.5,S
2021-07-05T10:04:06,100.0,53.5,S
2021-07-05T10:04:06,4900.0,53.5,S
2021-07-05T10:03:59,100.0,53.5,S
2021-07-05T10:03:59,900.0,53.5,S
2021-07-05T10:03:46,100.0,53.5,S
2021-07-05T10:02:47,200.0,53.5,S
2021-07-05T10:02:41,500.0,53.6,B
2021-07-05T10:02:41,100.0,53.6,B
2021-07-05T10:02:25,1100.0,53.6,S
2021-07-05T10:02:07,200.0,53.6,S
2021-07-05T10:02:05,2000.0,53.6,S
2021-07-05T10:01:54,100.0,53.6,B
2021-07-05T10:01:54,1500.0,53.6,B
2021-07-05T10:01:54,3700.0,53.6,B
2021-07-05T10:01:52,200.0,53.6,B
2021-07-05T10:01:49,300.0,53.5,B
2021-07-05T10:01:48,1700.0,53.5,S
2021-07-05T10:01:46,1000.0,53.5,S
2021-07-05T10:01:28,4000.0,53.5,S
2021-07-05T10:01:19,200.0,53.6,B
2021-07-05T10:01:16,300.0,53.5,S
2021-07-05T10:00:58,200.0,53.5,S
2021-07-05T10:00:54,1100.0,53.5,B
2021-07-05T10:00:39,200.0,53.4,S
2021-07-05T10:00:38,1300.0,53.4,S
2021-07-05T10:00:34,100.0,53.4,S
2021-07-05T10:00:09,1500.0,53.4,S
2021-07-05T10:00:07,100.0,53.5,B
2021-07-05T10:00:07,500.0,53.4,S
2021-07-05T10:00:01,800.0,53.4,S
2021-07-05T09:59:55,400.0,53.4,S
2021-07-05T09:59:38,500.0,53.4,S
2021-07-05T09:59:34,100.0,53.4,S
2021-07-05T09:59:34,11000.0,53.4,S
2021-07-05T09:59:34,500.0,53.4,S
2021-07-05T09:59:34,3400.0,53.4,S
2021-07-05T09:59:26,100.0,53.4,S
2021-07-05T09:59:17,1500.0,53.4,S
2021-07-05T09:59:12,37000.0,53.6,B
2021-07-05T09:59:10,1000.0,53.4,S
2021-07-05T09:58:58,6400.0,53.4,S
2021-07-05T09:58:58,3600.0,53.4,S
2021-07-05T09:58:58,500.0,53.5,B
2021-07-05T09:58:54,100.0,53.5,B
2021-07-05T09:58:47,100.0,53.5,B
2021-07-05T09:58:40,200.0,53.5,B
2021-07-05T09:58:38,200.0,53.5,B
2021-07-05T09:58:38,100.0,53.5,B
2021-07-05T09:58:29,3100.0,53.5,S
2021-07-05T09:58:29,400.0,53.5,S
2021-07-05T09:58:27,100.0,53.5,S
2021-07-05T09:58:27,2200.0,53.5,S
2021-07-05T09:58:27,5800.0,53.5,S
2021-07-05T09:58:27,3900.0,53.5,S
2021-07-05T09:58:09,1000.0,53.5,S
2021-07-05T09:58:08,200.0,53.6,B
2021-07-05T09:58:07,4100.0,53.5,S
2021-07-05T09:57:50,1100.0,53.5,S
2021-07-05T09:57:50,900.0,53.5,S
2021-07-05T09:57:50,9000.0,53.5,S
2021-07-05T09:57:40,200.0,53.5,S
2021-07-05T09:57:40,1700.0,53.5,S
2021-07-05T09:57:27,2100.0,53.5,S
2021-07-05T09:57:27,300.0,53.5,S
2021-07-05T09:57:27,2000.0,53.5,S
2021-07-05T09:57:27,5500.0,53.5,S
2021-07-05T09:57:27,6000.0,53.5,S
2021-07-05T09:57:27,2900.0,53.5,S
2021-07-05T09:57:27,9200.0,53.5,S
2021-07-05T09:56:57,400.0,53.5,S
2021-07-05T09:56:52,1000.0,53.5,S
2021-07-05T09:56:49,200.0,53.7,B
2021-07-05T09:56:29,2500.0,53.5,S
2021-07-05T09:56:28,500.0,53.5,S
2021-07-05T09:56:28,1100.0,53.5,S
2021-07-05T09:56:28,200.0,53.5,S
2021-07-05T09:56:28,3100.0,53.5,S
2021-07-05T09:56:28,3300.0,53.5,S
2021-07-05T09:56:28,1200.0,53.5,S
2021-07-05T09:56:28,600.0,53.5,S
2021-07-05T09:56:28,1700.0,53.5,S
2021-07-05T09:56:28,500.0,53.6,S
2021-07-05T09:56:28,500.0,53.6,S
2021-07-05T09:56:28,100.0,53.6,S
2021-07-05T09:56:28,800.0,53.6,S
2021-07-05T09:56:28,600.0,53.6,S
2021-07-05T09:56:28,2700.0,53.6,S
2021-07-05T09:56:28,1500.0,53.6,S
2021-07-05T09:56:28,10500.0,53.6,S
2021-07-05T09:56:28,1900.0,53.6,S
2021-07-05T09:56:28,700.0,53.7,S
2021-07-05T09:56:28,6200.0,53.7,S
2021-07-05T09:56:28,3100.0,53.7,S
2021-07-05T09:56:28,1500.0,53.7,S
2021-07-05T09:56:28,5200.0,53.7,S
2021-07-05T09:56:23,700.0,53.7,S
2021-07-05T09:56:23,600.0,53.7,S
2021-07-05T09:56:23,1300.0,53.7,S
2021-07-05T09:56:23,2400.0,53.7,S
2021-07-05T09:56:23,1000.0,53.8,B
2021-07-05T09:56:14,100.0,53.7,S
2021-07-05T09:56:04,500.0,53.7,S
2021-07-05T09:55:47,1000.0,53.7,S
2021-07-05T09:55:46,400.0,53.8,B
2021-07-05T09:55:28,500.0,53.8,B
2021-07-05T09:54:59,400.0,53.7,S
2021-07-05T09:54:50,800.0,53.8,S
2021-07-05T09:54:50,1000.0,53.8,S
2021-07-05T09:54:50,7200.0,53.8,S
2021-07-05T09:54:38,600.0,53.9,B
2021-07-05T09:54:29,100.0,53.9,B
2021-07-05T09:54:28,1000.0,53.8,S
2021-07-05T09:54:18,600.0,53.8,S
2021-07-05T09:54:10,100.0,53.8,S
2021-07-05T09:54:05,2000.0,53.9,B
2021-07-05T09:54:03,1000.0,53.9,B
2021-07-05T09:53:56,2000.0,53.9,B
2021-07-05T09:53:47,100.0,53.9,B
2021-07-05T09:53:28,200.0,54.0,B
2021-07-05T09:52:54,300.0,54.0,B
2021-07-05T09:52:48,200.0,53.8,S
2021-07-05T09:52:35,1000.0,54.0,B
2021-07-05T09:52:33,500.0,53.8,S
2021-07-05T09:52:14,1500.0,54.0,B
2021-07-05T09:52:07,2000.0,53.9,S
2021-07-05T09:52:07,200.0,53.9,S
2021-07-05T09:51:49,6200.0,53.7,S
2021-07-05T09:51:49,5000.0,53.8,S
2021-07-05T09:51:49,13800.0,53.8,S
2021-07-05T09:51:48,2400.0,53.9,B
2021-07-05T09:51:33,1500.0,53.9,B
2021-07-05T09:51:30,100.0,53.9,B
2021-07-05T09:51:27,8000.0,53.9,B
2021-07-05T09:51:16,1000.0,53.9,B
2021-07-05T09:51:15,3000.0,53.8,S
2021-07-05T09:51:06,400.0,53.8,S
2021-07-05T09:50:54,5000.0,53.8,S
2021-07-05T09:50:45,1000.0,53.8,S
2021-07-05T09:50:42,500.0,53.8,S
2021-07-05T09:50:37,1000.0,53.8,S
2021-07-05T09:50:32,100.0,53.8,S
2021-07-05T09:50:07,3500.0,53.8,B
2021-07-05T09:49:59,1500.0,53.7,S
2021-07-05T09:49:50,2000.0,53.7,S
2021-07-05T09:49:33,600.0,53.7,S
2021-07-05T09:49:30,3000.0,53.8,B
2021-07-05T09:49:28,4000.0,53.7,S
2021-07-05T09:49:28,6000.0,53.7,S
2021-07-05T09:49:00,100.0,53.7,S
2021-07-05T09:49:00,100.0,53.8,B
2021-07-05T09:48:39,800.0,53.7,B
2021-07-05T09:48:36,300.0,53.7,B
2021-07-05T09:48:34,3000.0,53.7,B
2021-07-05T09:48:30,5000.0,53.7,B
2021-07-05T09:48:26,100.0,53.7,B
2021-07-05T09:48:22,10000.0,53.7,B
2021-07-05T09:48:20,100.0,53.7,B
2021-07-05T09:48:07,300.0,53.7,B
2021-07-05T09:48:07,2800.0,53.7,B
2021-07-05T09:48:05,200.0,53.7,B
2021-07-05T09:47:59,100.0,53.6,S
2021-07-05T09:47:55,100.0,53.7,B
2021-07-05T09:47:55,1700.0,53.7,B
2021-07-05T09:47:54,200.0,53.7,B
2021-07-05T09:47:53,100.0,53.7,B
2021-07-05T09:47:52,300.0,53.6,S
2021-07-05T09:47:51,500.0,53.7,B
2021-07-05T09:47:49,200.0,53.7,B
2021-07-05T09:47:47,1700.0,53.7,B
2021-07-05T09:47:39,700.0,53.7,B
2021-07-05T09:47:36,200.0,53.7,B
2021-07-05T09:47:32,100.0,53.7,B
2021-07-05T09:47:21,100.0,53.7,B
2021-07-05T09:47:20,1300.0,53.7,B
2021-07-05T09:47:19,1000.0,53.6,S
2021-07-05T09:47:18,3000.0,53.7,B
2021-07-05T09:47:13,1000.0,53.7,B
2021-07-05T09:47:10,100.0,53.7,B
2021-07-05T09:47:04,6000.0,53.7,B
2021-07-05T09:46:57,400.0,53.6,S
2021-07-05T09:46:40,200.0,53.6,S
2021-07-05T09:46:33,100.0,53.6,S
2021-07-05T09:46:28,1000.0,53.6,S
2021-07-05T09:46:07,700.0,53.6,S
2021-07-05T09:46:03,3000.0,53.6,S
2021-07-05T09:45:34,1600.0,53.6,B
2021-07-05T09:45:33,5000.0,53.6,B
2021-07-05T09:45:29,100.0,53.6,B
2021-07-05T09:45:21,500.0,53.6,B
2021-07-05T09:44:56,400.0,53.6,B
2021-07-05T09:44:55,500.0,53.6,B
2021-07-05T09:44:50,2900.0,53.5,S
2021-07-05T09:44:32,100.0,53.4,S
2021-07-05T09:44:25,700.0,53.4,S
2021-07-05T09:44:25,3300.0,53.5,S
2021-07-05T09:44:22,200.0,53.5,S
2021-07-05T09:44:17,100.0,53.6,B
2021-07-05T09:44:04,300.0,53.5,B
2021-07-05T09:44:04,200.0,53.5,B
2021-07-05T09:43:59,100.0,53.5,B
2021-07-05T09:43:58,600.0,53.5,B
2021-07-05T09:43:54,100.0,53.5,B
2021-07-05T09:43:44,400.0,53.5,S
2021-07-05T09:43:44,2000.0,53.6,B
2021-07-05T09:43:42,100.0,53.5,B
2021-07-05T09:43:40,100.0,53.5,B
2021-07-05T09:43:39,100.0,53.5,B
2021-07-05T09:43:34,500.0,53.5,B
2021-07-05T09:43:17,2600.0,53.2,S
2021-07-05T09:43:09,100.0,53.2,S
2021-07-05T09:43:05,300.0,53.2,S
2021-07-05T09:42:35,700.0,53.2,S
2021-07-05T09:42:30,100.0,53.4,B
2021-07-05T09:42:17,300.0,53.2,S
2021-07-05T09:42:12,100.0,53.2,S
2021-07-05T09:42:09,100.0,53.2,S
2021-07-05T09:42:09,3400.0,53.2,S
2021-07-05T09:42:09,800.0,53.4,B
2021-07-05T09:42:06,200.0,53.3,S
2021-07-05T09:42:04,100.0,53.1,S
2021-07-05T09:42:04,700.0,53.1,S
2021-07-05T09:42:04,1600.0,53.1,S
2021-07-05T09:42:04,1500.0,53.1,S
2021-07-05T09:42:04,100.0,53.1,S
2021-07-05T09:42:04,6000.0,53.1,S
2021-07-05T09:42:04,500.0,53.1,S
2021-07-05T09:42:04,2200.0,53.1,S
2021-07-05T09:42:04,2100.0,53.2,S
2021-07-05T09:42:04,3600.0,53.2,S
2021-07-05T09:42:04,500.0,53.2,S
2021-07-05T09:42:04,600.0,53.2,S
2021-07-05T09:42:04,1000.0,53.2,S
2021-07-05T09:42:04,9500.0,53.2,S
2021-07-05T09:41:52,400.0,53.4,B
2021-07-05T09:41:50,200.0,53.2,S
2021-07-05T09:41:47,300.0,53.4,B
2021-07-05T09:41:27,200.0,53.2,S
2021-07-05T09:41:05,300.0,53.2,S
2021-07-05T09:40:57,300.0,53.2,S
2021-07-05T09:40:57,100.0,53.5,S
2021-07-05T09:40:28,1800.0,53.1,S
2021-07-05T09:40:28,5100.0,53.2,S
2021-07-05T09:40:28,1400.0,53.2,S
2021-07-05T09:40:28,3200.0,53.3,S
2021-07-05T09:40:28,600.0,53.3,S
2021-07-05T09:40:28,1400.0,53.4,S
2021-07-05T09:40:28,500.0,53.4,S
2021-07-05T09:40:28,3400.0,53.5,S
2021-07-05T09:40:28,1500.0,53.5,S
2021-07-05T09:40:28,100.0,53.5,S
2021-07-05T09:40:28,1000.0,53.5,S
2021-07-05T09:40:27,300.0,53.5,S
2021-07-05T09:40:16,6800.0,53.5,S
2021-07-05T09:40:16,200.0,53.5,S
2021-07-05T09:40:09,2000.0,53.6,B
2021-07-05T09:40:09,2000.0,53.6,B
2021-07-05T09:40:00,1000.0,53.6,B
2021-07-05T09:39:59,1000.0,53.6,B
2021-07-05T09:39:57,100.0,53.6,B
2021-07-05T09:39:55,900.0,53.7,B
2021-07-05T09:39:49,1000.0,53.7,B
2021-07-05T09:39:49,3600.0,53.5,S
2021-07-05T09:39:49,1000.0,53.5,S
2021-07-05T09:39:49,1300.0,53.5,S
2021-07-05T09:39:49,200.0,53.5,S
2021-07-05T09:39:49,3900.0,53.5,S
2021-07-05T09:39:45,500.0,53.5,S
2021-07-05T09:39:45,1000.0,53.6,S
2021-07-05T09:39:45,100.0,53.6,S
2021-07-05T09:39:45,500.0,53.6,S
2021-07-05T09:39:45,300.0,53.6,S
2021-07-05T09:39:45,200.0,53.6,S
2021-07-05T09:39:45,1600.0,53.6,S
2021-07-05T09:39:45,1400.0,53.6,S
2021-07-05T09:39:45,1700.0,53.6,S
2021-07-05T09:39:45,100.0,53.6,S
2021-07-05T09:39:45,1800.0,53.6,S
2021-07-05T09:39:45,200.0,53.6,S
2021-07-05T09:39:45,600.0,53.6,S
2021-07-05T09:39:37,900.0,53.7,B
2021-07-05T09:39:35,1000.0,53.7,S
2021-07-05T09:39:35,600.0,53.7,S
2021-07-05T09:39:35,1500.0,53.7,S
2021-07-05T09:39:35,6000.0,53.7,S
2021-07-05T09:39:35,900.0,53.7,S
2021-07-05T09:39:35,2800.0,53.7,S
2021-07-05T09:39:35,400.0,53.7,S
2021-07-05T09:39:35,2100.0,53.7,S
2021-07-05T09:39:35,400.0,53.7,S
2021-07-05T09:39:35,900.0,53.7,S
2021-07-05T09:39:34,500.0,53.8,B
2021-07-05T09:39:34,500.0,53.7,S
2021-07-05T09:39:19,100.0,53.8,B
2021-07-05T09:39:14,1000.0,53.7,S
2021-07-05T09:39:11,2000.0,53.8,B
2021-07-05T09:39:08,1000.0,53.8,B
2021-07-05T09:39:04,400.0,53.8,B
2021-07-05T09:39:04,1000.0,53.7,S
2021-07-05T09:39:00,500.0,53.8,B
2021-07-05T09:38:53,100.0,53.7,S
2021-07-05T09:38:52,200.0,53.8,B
2021-07-05T09:38:43,800.0,53.8,S
2021-07-05T09:38:30,300.0,53.8,S
2021-07-05T09:38:30,2000.0,53.8,S
2021-07-05T09:38:15,100.0,53.8,S
2021-07-05T09:38:15,1000.0,53.8,S
2021-07-05T09:38:10,600.0,53.8,S
2021-07-05T09:38:05,400.0,53.8,B
2021-07-05T09:38:00,900.0,53.8,B
2021-07-05T09:37:51,100.0,53.8,S
2021-07-05T09:37:49,1300.0,53.8,S
2021-07-05T09:37:49,1700.0,53.8,S
2021-07-05T09:37:44,2000.0,53.8,S
2021-07-05T09:37:31,1500.0,53.8,S
2021-07-05T09:37:23,500.0,53.8,B
2021-07-05T09:37:21,100.0,53.8,B
2021-07-05T09:37:21,1000.0,53.8,B
2021-07-05T09:37:17,4400.0,53.8,S
2021-07-05T09:37:06,400.0,54.0,B
2021-07-05T09:37:03,200.0,53.8,S
2021-07-05T09:36:59,5700.0,53.8,S
2021-07-05T09:36:58,10100.0,53.9,B
2021-07-05T09:36:54,500.0,53.9,B
2021-07-05T09:36:53,400.0,53.9,B
2021-07-05T09:36:53,800.0,53.9,B
2021-07-05T09:36:45,5000.0,53.9,B
2021-07-05T09:36:40,800.0,53.7,S
2021-07-05T09:36:40,2000.0,53.7,S
2021-07-05T09:36:40,1500.0,53.8,S
2021-07-05T09:36:40,1100.0,53.8,S
2021-07-05T09:36:40,4300.0,53.8,S
2021-07-05T09:36:40,300.0,53.8,S
2021-07-05T09:36:40,100.0,53.9,B
2021-07-05T09:36:35,1000.0,53.9,B
2021-07-05T09:36:27,1100.0,53.9,B
2021-07-05T09:36:26,2000.0,53.9,B
2021-07-05T09:36:22,1200.0,54.0,B
2021-07-05T09:36:20,700.0,53.9,S
2021-07-05T09:36:12,200.0,53.8,S
2021-07-05T09:36:12,9800.0,53.8,S
2021-07-05T09:36:12,100.0,54.0,B
2021-07-05T09:36:09,1000.0,53.9,S
2021-07-05T09:36:05,3000.0,54.0,B
2021-07-05T09:36:01,1000.0,53.9,S
2021-07-05T09:35:56,200.0,54.0,B
2021-07-05T09:35:56,400.0,54.0,B
2021-07-05T09:35:54,900.0,53.9,S
2021-07-05T09:35:52,3000.0,53.9,B
2021-07-05T09:35:47,100.0,53.9,B
2021-07-05T09:35:47,100.0,53.9,B
2021-07-05T09:35:41,200.0,53.9,S
2021-07-05T09:35:38,200.0,54.0,B
2021-07-05T09:35:37,2900.0,54.0,B
2021-07-05T09:35:37,2100.0,53.9,B
2021-07-05T09:35:35,3000.0,53.9,B
2021-07-05T09:35:24,1200.0,53.9,B
2021-07-05T09:35:24,1000.0,53.9,B
2021-07-05T09:35:20,6200.0,53.9,B
2021-07-05T09:35:14,100.0,53.9,B
2021-07-05T09:35:13,1000.0,53.9,B
2021-07-05T09:35:10,500.0,54.0,B
2021-07-05T09:35:09,6800.0,54.0,B
2021-07-05T09:35:06,1500.0,53.8,S
2021-07-05T09:35:02,100.0,54.0,B
2021-07-05T09:34:49,7100.0,53.8,S
2021-07-05T09:34:49,2200.0,53.8,S
2021-07-05T09:34:49,7500.0,53.9,S
2021-07-05T09:34:49,5000.0,53.9,S
2021-07-05T09:34:49,4000.0,53.9,S
2021-07-05T09:34:49,2500.0,54.0,S
2021-07-05T09:34:43,2000.0,54.0,S
2021-07-05T09:34:40,1100.0,54.0,B
2021-07-05T09:34:38,1000.0,53.9,S
2021-07-05T09:34:30,1000.0,54.0,B
2021-07-05T09:34:30,2000.0,54.0,S
2021-07-05T09:34:28,1700.0,54.0,S
2021-07-05T09:34:18,3000.0,54.0,S
2021-07-05T09:34:13,2000.0,54.0,S
2021-07-05T09:34:10,300.0,54.1,B
2021-07-05T09:34:06,7000.0,54.1,B
2021-07-05T09:34:05,100.0,54.0,S
2021-07-05T09:33:57,400.0,54.1,B
2021-07-05T09:33:54,2000.0,54.0,S
2021-07-05T09:33:54,5400.0,54.0,S
2021-07-05T09:33:49,500.0,54.1,B
2021-07-05T09:33:48,2000.0,54.0,S
2021-07-05T09:33:44,100.0,54.0,S
2021-07-05T09:33:43,100.0,54.2,B
2021-07-05T09:33:39,300.0,54.2,B
2021-07-05T09:33:38,5000.0,54.0,S
2021-07-05T09:33:37,100.0,54.2,B
2021-07-05T09:33:19,100.0,54.2,B
2021-07-05T09:33:02,100.0,54.2,B
2021-07-05T09:32:59,100.0,54.2,S
2021-07-05T09:32:59,4800.0,54.2,S
2021-07-05T09:32:53,900.0,54.3,S
2021-07-05T09:32:45,800.0,54.3,S
2021-07-05T09:32:42,4000.0,54.4,B
2021-07-05T09:32:42,400.0,54.3,S
2021-07-05T09:32:39,200.0,54.4,B
2021-07-05T09:32:37,5000.0,54.4,B
2021-07-05T09:32:37,22100.0,54.3,S
2021-07-05T09:32:34,100.0,54.3,S
2021-07-05T09:32:33,1700.0,54.4,B
2021-07-05T09:32:33,800.0,54.4,B
2021-07-05T09:32:33,9200.0,54.4,B
2021-07-05T09:32:27,300.0,54.4,B
2021-07-05T09:32:25,400.0,54.4,B
2021-07-05T09:32:25,1000.0,54.3,S
2021-07-05T09:32:17,7000.0,54.3,S
2021-07-05T09:32:15,1000.0,54.4,B
2021-07-05T09:32:07,100.0,54.4,S
2021-07-05T09:32:03,600.0,54.4,S
2021-07-05T09:32:03,400.0,54.4,S
2021-07-05T09:31:59,100.0,54.5,B
2021-07-05T09:31:43,1000.0,54.5,B
2021-07-05T09:31:43,100.0,54.4,B
2021-07-05T09:31:42,17100.0,54.3,S
2021-07-05T09:31:41,300.0,54.4,B
2021-07-05T09:31:40,4000.0,54.3,S
2021-07-05T09:31:40,3700.0,54.3,S
2021-07-05T09:31:27,1000.0,54.3,S
2021-07-05T09:31:22,300.0,54.4,B
2021-07-05T09:31:20,100.0,54.4,B
2021-07-05T09:31:15,4000.0,54.4,B
2021-07-05T09:31:12,6000.0,54.4,B
2021-07-05T09:31:05,500.0,54.4,B
2021-07-05T09:31:04,500.0,54.3,B
2021-07-05T09:31:03,3000.0,54.3,B
2021-07-05T09:30:56,800.0,54.3,B
2021-07-05T09:30:53,8400.0,54.3,B
2021-07-05T09:30:50,3000.0,54.3,B
2021-07-05T09:30:48,100.0,54.2,S
2021-07-05T09:30:39,100.0,54.2,S
2021-07-05T09:30:34,1100.0,54.2,B
2021-07-05T09:30:23,100.0,54.2,B
2021-07-05T09:30:21,1000.0,54.2,B
2021-07-05T09:30:18,1000.0,54.0,S
2021-07-05T09:30:15,100.0,54.0,S
2021-07-05T09:30:13,500.0,54.0,S
2021-07-05T09:30:12,1000.0,54.2,B
2021-07-05T09:30:04,200.0,54.0,B
2021-07-05T09:30:03,200.0,54.0,B
2021-07-05T09:30:00,200.0,54.0,B
2021-07-05T09:30:00,600.0,54.0,B
2021-07-05T09:30:00,300.0,54.0,B
2021-07-05T09:30:00,1600.0,54.0,B
2021-07-05T09:30:00,300.0,54.0,B
2021-07-05T09:30:00,2200.0,54.0,B
2021-07-05T09:29:59,500.0,54.0,B
2021-07-05T09:29:55,100.0,54.0,B
2021-07-05T09:29:49,600.0,54.0,B
2021-07-05T09:29:49,100.0,53.9,S
2021-07-05T09:29:48,100.0,54.0,B
2021-07-05T09:29:39,100.0,54.0,B
2021-07-05T09:29:38,7900.0,53.9,B
2021-07-05T09:29:33,100.0,53.9,B
2021-07-05T09:29:30,100.0,53.9,B
2021-07-05T09:29:29,400.0,53.8,S
2021-07-05T09:29:29,200.0,53.9,B
2021-07-05T09:29:28,100.0,53.9,B
2021-07-05T09:29:26,200.0,53.9,B
2021-07-05T09:29:14,100.0,53.9,B
2021-07-05T09:29:10,600.0,53.8,B
2021-07-05T09:29:07,400.0,53.8,S
2021-07-05T09:28:39,100.0,53.7,S
2021-07-05T09:28:39,5000.0,53.9,B
2021-07-05T09:28:39,2300.0,53.9,B
2021-07-05T09:28:39,2700.0,53.8,B
2021-07-05T09:28:38,900.0,53.7,B
2021-07-05T09:28:38,1000.0,53.7,B
2021-07-05T09:28:36,100.0,53.7,B
2021-07-05T09:28:33,500.0,53.6,S
2021-07-05T09:28:33,200.0,53.7,B
2021-07-05T09:28:29,1000.0,53.6,S
2021-07-05T09:28:27,100.0,53.6,S
2021-07-05T09:28:19,100.0,53.6,S
2021-07-05T09:28:19,7800.0,53.6,B
2021-07-05T09:28:18,500.0,53.6,B
2021-07-05T09:28:15,300.0,53.6,B
2021-07-05T09:28:12,300.0,53.4,S
2021-07-05T09:28:11,100.0,53.6,B
2021-07-05T09:28:07,1000.0,53.4,S
2021-07-05T09:28:03,400.0,53.6,B
2021-07-05T09:28:02,100.0,53.6,B
2021-07-05T09:28:01,300.0,53.6,B
2021-07-05T09:28:01,100.0,53.6,B
2021-07-05T09:28:01,900.0,53.6,B
2021-07-05T09:27:57,200.0,53.6,B
2021-07-05T09:27:53,100.0,53.6,B
2021-07-05T09:27:49,200.0,53.1,S
2021-07-05T09:27:44,200.0,53.6,B
2021-07-05T09:27:38,700.0,53.6,B
2021-07-05T09:27:35,1000.0,53.5,B
2021-07-05T09:27:35,2000.0,53.5,B
2021-07-05T09:27:33,500.0,53.5,B
2021-07-05T09:27:32,200.0,53.0,S
2021-07-05T09:27:25,200.0,53.5,B
2021-07-05T09:27:24,500.0,53.5,B
2021-07-05T09:27:24,5000.0,53.0,S
2021-07-05T09:27:23,200.0,53.5,B
2021-07-05T09:27:13,2200.0,53.5,B
2021-07-05T09:27:13,800.0,53.2,B
2021-07-05T09:27:12,500.0,53.0,B
2021-07-05T09:27:12,300.0,53.0,B
2021-07-05T09:27:12,2000.0,53.0,B
2021-07-05T09:27:11,1000.0,53.0,B
2021-07-05T09:27:11,2000.0,53.0,B
2021-07-05T09:27:10,2000.0,53.0,B
2021-07-05T09:27:08,1000.0,52.9,S
2021-07-05T09:27:08,1000.0,53.0,B
2021-07-05T09:27:07,900.0,53.0,B
2021-07-05T09:27:07,2000.0,53.0,B
2021-07-05T09:27:07,200.0,53.0,B
2021-07-05T09:27:06,100.0,53.0,B
2021-07-05T09:27:05,300.0,53.0,B
2021-07-05T09:27:04,900.0,53.0,B
2021-07-05T09:27:04,100.0,53.0,B
2021-07-05T09:27:03,400.0,53.0,B
2021-07-05T09:27:02,200.0,53.0,B
2021-07-05T09:27:01,100.0,52.9,S
2021-07-05T09:27:00,1000.0,53.0,B
2021-07-05T09:26:59,600.0,52.9,S
2021-07-05T09:26:58,1000.0,53.0,B
2021-07-05T09:26:58,2400.0,52.9,S
2021-07-05T09:26:57,300.0,53.0,B
2021-07-05T09:26:56,600.0,52.9,S
2021-07-05T09:26:55,1000.0,53.0,B
2021-07-05T09:26:53,300.0,52.9,S
2021-07-05T09:26:51,300.0,52.9,S
2021-07-05T09:26:45,1000.0,52.9,B
2021-07-05T09:26:45,1500.0,52.9,B
2021-07-05T09:26:45,300.0,52.9,B
2021-07-05T09:26:45,1000.0,52.9,B
2021-07-05T09:26:45,1000.0,52.9,B
2021-07-05T09:26:45,2800.0,52.9,B
2021-07-05T09:26:44,1000.0,52.9,B
2021-07-05T09:26:43,200.0,52.8,S
2021-07-05T09:26:43,1000.0,52.9,B
2021-07-05T09:26:42,200.0,52.9,B
2021-07-05T09:26:40,2000.0,52.9,B
2021-07-05T09:26:36,100.0,52.9,B
2021-07-05T09:26:34,500.0,52.8,S
2021-07-05T09:26:33,100.0,52.8,S
2021-07-05T09:26:30,400.0,52.9,B
2021-07-05T09:26:28,100.0,52.9,B
2021-07-05T09:26:16,200.0,52.7,S
2021-07-05T09:26:16,700.0,52.7,S
2021-07-05T09:26:15,100.0,52.7,S
2021-07-05T09:26:13,2400.0,52.7,S
2021-07-05T09:26:13,100.0,52.8,B
2021-07-05T09:26:13,100.0,52.8,B
2021-07-05T09:26:03,100.0,52.7,S
2021-07-05T09:26:02,200.0,52.7,S
2021-07-05T09:26:02,100.0,52.7,S
2021-07-05T09:26:02,100.0,52.8,B
2021-07-05T09:25:57,1300.0,52.7,S
2021-07-05T09:25:53,500.0,52.7,S
2021-07-05T09:25:51,300.0,52.7,S
2021-07-05T09:25:41,500.0,52.6,S
2021-07-05T09:25:41,500.0,52.9,B
2021-07-05T09:25:41,500.0,52.7,S
2021-07-05T09:25:39,1000.0,52.6,S
2021-07-05T09:25:39,1000.0,52.7,S
2021-07-05T09:25:36,500.0,52.7,S
2021-07-05T09:25:28,100.0,52.7,S
2021-07-05T09:25:28,2500.0,52.6,S
2021-07-05T09:25:26,5000.0,52.9,B
2021-07-05T09:25:26,1000.0,52.6,S
2021-07-05T09:25:24,200.0,52.6,S
2021-07-05T09:25:23,2000.0,52.6,S
2021-07-05T09:25:23,1000.0,52.7,B
2021-07-05T09:25:20,3000.0,52.7,B
2021-07-05T09:25:19,1000.0,52.7,B
2021-07-05T09:25:18,100.0,52.7,B
2021-07-05T09:25:16,300.0,52.6,S
2021-07-05T09:25:14,600.0,52.7,S
2021-07-05T09:25:14,5400.0,52.7,S
2021-07-05T09:25:14,300.0,52.7,S
2021-07-05T09:25:14,8200.0,52.7,S
2021-07-05T09:25:13,1900.0,52.8,S
2021-07-05T09:25:13,100.0,52.8,S
2021-07-05T09:25:13,100.0,52.9,B
2021-07-05T09:25:09,400.0,52.7,S
2021-07-05T09:25:07,1000.0,52.9,B
2021-07-05T09:25:06,1000.0,52.7,S
2021-07-05T09:25:04,200.0,52.7,S
2021-07-05T09:25:03,2000.0,52.9,B
2021-07-05T09:25:03,1000.0,52.9,B
2021-07-05T09:24:59,200.0,52.9,B
2021-07-05T09:24:58,100.0,52.7,S
2021-07-05T09:24:55,500.0,52.9,B
2021-07-05T09:24:53,200.0,52.8,S
2021-07-05T09:24:44,1600.0,52.7,S
2021-07-05T09:24:42,1700.0,52.7,S
2021-07-05T09:24:42,1100.0,52.8,S
2021-07-05T09:24:38,500.0,52.8,S
2021-07-05T09:24:33,2000.0,52.9,B
2021-07-05T09:24:32,1000.0,52.8,S
2021-07-05T09:24:32,300.0,52.8,S
2021-07-05T09:24:29,300.0,52.9,B
2021-07-05T09:24:29,100.0,52.8,B
2021-07-05T09:24:22,300.0,52.9,B
2021-07-05T09:24:20,1000.0,52.9,B
2021-07-05T09:24:19,4900.0,52.7,S
2021-07-05T09:24:10,2000.0,52.9,B
2021-07-05T09:24:09,200.0,52.9,B
2021-07-05T09:24:08,500.0,52.9,B
2021-07-05T09:24:04,1000.0,52.9,B
2021-07-05T09:24:01,200.0,52.8,S
2021-07-05T09:24:01,400.0,52.8,S
2021-07-05T09:24:00,100.0,52.9,B
2021-07-05T09:24:00,2000.0,52.9,B
2021-07-05T09:23:59,5000.0,52.9,B
2021-07-05T09:23:49,100.0,52.9,B
2021-07-05T09:23:49,500.0,52.9,B
2021-07-05T09:23:47,100.0,52.9,B
2021-07-05T09:23:45,3000.0,52.8,S
2021-07-05T09:23:42,100.0,52.8,S
2021-07-05T09:23:41,100.0,52.8,S
2021-07-05T09:23:41,1000.0,52.8,S
2021-07-05T09:23:35,200.0,52.9,B
2021-07-05T09:23:31,400.0,52.9,B
2021-07-05T09:23:30,1000.0,52.8,S
2021-07-05T09:23:29,300.0,52.8,S
2021-07-05T09:23:28,200.0,52.9,B
2021-07-05T09:23:24,100.0,52.9,B
2021-07-05T09:23:18,600.0,52.9,S
2021-07-05T09:23:18,700.0,53.0,B
2021-07-05T09:23:17,500.0,52.9,S
2021-07-05T09:23:16,1000.0,52.9,S
2021-07-05T09:23:13,100.0,53.0,B
2021-07-05T09:23:13,100.0,52.9,S
2021-07-05T09:23:12,1000.0,53.0,B
2021-07-05T09:23:12,1000.0,53.0,B
2021-07-05T09:23:09,900.0,53.0,B
2021-07-05T09:23:06,1000.0,53.0,B
2021-07-05T09:23:06,500.0,52.9,S
2021-07-05T09:23:05,300.0,52.8,S
2021-07-05T09:23:05,300.0,52.9,S
2021-07-05T09:23:03,100.0,53.0,B
2021-07-05T09:23:01,1000.0,52.8,S
2021-07-05T09:22:59,1000.0,52.9,S
2021-07-05T09:22:59,1000.0,53.0,B
2021-07-05T09:22:58,200.0,53.0,B
2021-07-05T09:22:57,100.0,53.0,B
2021-07-05T09:22:55,10000.0,53.0,B
2021-07-05T09:22:54,400.0,53.0,B
2021-07-05T09:22:53,1000.0,52.9,S
2021-07-05T09:22:52,200.0,52.9,S
2021-07-05T09:22:52,100.0,53.0,B
2021-07-05T09:22:48,2100.0,53.0,B
2021-07-05T09:22:47,100.0,53.0,B
2021-07-05T09:22:42,100.0,53.0,B
2021-07-05T09:22:40,200.0,53.0,B
2021-07-05T09:22:38,300.0,53.0,B
2021-07-05T09:22:38,400.0,52.9,S
2021-07-05T09:22:38,1000.0,53.0,B
2021-07-05T09:22:37,100.0,53.0,B
2021-07-05T09:22:35,1000.0,53.0,B
2021-07-05T09:22:34,200.0,53.0,B
2021-07-05T09:22:31,200.0,53.0,B
2021-07-05T09:22:30,100.0,53.0,B
2021-07-05T09:22:30,200.0,53.0,B
2021-07-05T09:22:30,2000.0,52.9,S
2021-07-05T09:22:27,100.0,53.0,B
2021-07-05T09:22:25,100.0,53.0,B
2021-07-05T09:22:25,300.0,53.0,B
2021-07-05T09:22:23,1500.0,53.0,B
2021-07-05T09:22:22,500.0,53.0,B
2021-07-05T09:22:19,100.0,53.0,B
2021-07-05T09:22:19,100.0,53.0,B
2021-07-05T09:22:17,4600.0,53.0,S
2021-07-05T09:22:17,1300.0,53.0,S
2021-07-05T09:22:17,100.0,53.0,S
2021-07-05T09:22:17,2500.0,53.0,S
2021-07-05T09:22:17,1700.0,53.0,S
2021-07-05T09:22:17,100.0,53.0,S
2021-07-05T09:22:17,1000.0,53.0,S
2021-07-05T09:22:17,1600.0,53.0,S
2021-07-05T09:22:17,100.0,53.0,S
2021-07-05T09:22:17,3000.0,53.0,S
2021-07-05T09:22:17,700.0,53.0,S
2021-07-05T09:22:17,1600.0,53.0,S
2021-07-05T09:22:17,1000.0,53.0,S
2021-07-05T09:22:17,2400.0,53.0,S
2021-07-05T09:22:17,5100.0,53.0,S
2021-07-05T09:22:17,1600.0,53.0,S
2021-07-05T09:22:17,4500.0,53.0,S
2021-07-05T09:22:17,600.0,53.0,S
2021-07-05T09:22:17,700.0,53.0,S
2021-07-05T09:22:17,5400.0,53.0,S
2021-07-05T09:22:10,5900.0,53.0,S
2021-07-05T09:22:04,200.0,53.5,B
2021-07-05T09:22:00,200.0,53.0,S
2021-07-05T09:22:00,100.0,53.0,S
2021-07-05T09:21:59,32700.0,53.0,S
2021-07-05T09:21:59,20000.0,53.1,S
2021-07-05T09:21:59,7300.0,53.1,S
2021-07-05T09:21:43,2000.0,53.0,S
2021-07-05T09:21:42,200.0,53.5,B
2021-07-05T09:21:41,500.0,53.5,B
2021-07-05T09:21:37,1000.0,53.5,B
2021-07-05T09:21:35,700.0,53.1,B
2021-07-05T09:21:32,2000.0,53.0,S
2021-07-05T09:21:31,1300.0,53.5,S
2021-07-05T09:21:30,400.0,53.6,B
2021-07-05T09:21:30,400.0,53.6,B
2021-07-05T09:21:22,8000.0,53.0,S
2021-07-05T09:21:12,2000.0,53.6,B
2021-07-05T09:21:12,1000.0,53.6,B
2021-07-05T09:21:05,3000.0,53.6,B
2021-07-05T09:21:03,2000.0,53.5,S
2021-07-05T09:21:02,100.0,53.6,B
2021-07-05T09:21:02,200.0,53.6,B
2021-07-05T09:20:59,500.0,53.0,S
2021-07-05T09:20:59,1100.0,53.0,S
2021-07-05T09:20:59,200.0,53.1,S
2021-07-05T09:20:59,1200.0,53.2,S
2021-07-05T09:20:59,5400.0,53.2,S
2021-07-05T09:20:59,1000.0,53.3,S
2021-07-05T09:20:59,800.0,53.3,S
2021-07-05T09:20:59,100.0,53.3,S
2021-07-05T09:20:59,900.0,53.4,S
2021-07-05T09:20:59,600.0,53.4,S
2021-07-05T09:20:59,200.0,53.4,S
2021-07-05T09:20:59,1200.0,53.5,S
2021-07-05T09:20:59,900.0,53.5,S
2021-07-05T09:20:59,100.0,53.5,S
2021-07-05T09:20:59,2400.0,53.5,S
2021-07-05T09:20:59,1000.0,53.5,S
2021-07-05T09:20:59,600.0,53.5,S
2021-07-05T09:20:59,1900.0,53.5,S
2021-07-05T09:20:59,400.0,53.5,S
2021-07-05T09:20:59,500.0,53.5,S
2021-07-05T09:20:59,2800.0,53.5,S
2021-07-05T09:20:59,3000.0,53.5,S
2021-07-05T09:20:59,2700.0,53.5,S
2021-07-05T09:20:59,2300.0,53.5,S
2021-07-05T09:20:59,100.0,53.5,S
2021-07-05T09:20:59,900.0,53.5,S
2021-07-05T09:20:59,1900.0,53.5,S
2021-07-05T09:20:59,600.0,53.5,S
2021-07-05T09:20:59,7300.0,53.5,S
2021-07-05T09:20:59,2000.0,53.6,B
2021-07-05T09:20:59,10000.0,53.5,S
2021-07-05T09:20:55,10000.0,53.5,S
2021-07-05T09:20:54,4000.0,53.5,S
2021-07-05T09:20:52,3200.0,53.5,S
2021-07-05T09:20:50,1000.0,53.5,S
2021-07-05T09:20:49,3000.0,53.5,S
2021-07-05T09:20:46,5000.0,53.5,S
2021-07-05T09:20:46,300.0,53.5,S
2021-07-05T09:20:46,200.0,53.6,B
2021-07-05T09:20:45,500.0,53.5,S
2021-07-05T09:20:43,22000.0,53.5,S
2021-07-05T09:20:42,2200.0,53.5,S
2021-07-05T09:20:40,100.0,53.5,S
2021-07-05T09:20:38,2000.0,53.5,S
2021-07-05T09:20:38,2000.0,53.5,S
2021-07-05T09:20:38,200.0,53.6,B
2021-07-05T09:20:36,8000.0,53.5,S
2021-07-05T09:20:34,12000.0,53.5,S
2021-07-05T09:20:33,100.0,53.6,B
2021-07-05T09:20:32,6000.0,53.5,S
2021-07-05T09:20:30,500.0,53.5,S
2021-07-05T09:20:30,400.0,53.6,B
2021-07-05T09:20:30,1000.0,53.6,B
2021-07-05T09:20:30,300.0,53.5,S
2021-07-05T09:20:29,6000.0,53.5,S
2021-07-05T09:20:28,2000.0,53.5,S
2021-07-05T09:20:19,5000.0,53.5,S
2021-07-05T09:20:18,3000.0,53.6,B
2021-07-05T09:20:16,2000.0,53.6,B
2021-07-05T09:20:11,300.0,53.5,S
2021-07-05T09:20:10,100.0,53.7,B
2021-07-05T09:20:04,2000.0,53.6,S
2021-07-05T09:20:03,300.0,53.6,S
2021-07-05T09:19:59,200.0,53.6,S
2021-07-05T09:19:59,300.0,53.6,S
2021-07-05T09:19:59,700.0,53.6,S
2021-07-05T09:19:59,2000.0,53.6,S
2021-07-05T09:19:58,700.0,53.6,S
2021-07-05T09:19:48,100.0,53.6,S
2021-07-05T09:19:41,2000.0,53.7,B
2021-07-05T09:19:41,200.0,53.6,S
2021-07-05T09:19:38,200.0,53.6,S
2021-07-05T09:19:37,100.0,53.7,B
2021-07-05T09:19:34,500.0,53.7,B
2021-07-05T09:19:34,500.0,53.7,B
2021-07-05T09:19:33,1500.0,53.7,S
2021-07-05T09:19:30,100.0,53.7,S
2021-07-05T09:19:29,3300.0,53.6,S
2021-07-05T09:19:29,6700.0,53.6,S
2021-07-05T09:19:27,200.0,53.7,S
2021-07-05T09:19:26,1000.0,53.7,S
2021-07-05T09:19:22,5700.0,53.7,S
2021-07-05T09:19:20,500.0,53.7,S
2021-07-05T09:19:19,100.0,53.8,B
2021-07-05T09:19:15,500.0,53.8,B
2021-07-05T09:19:14,500.0,53.7,S
2021-07-05T09:19:14,800.0,53.7,S
2021-07-05T09:19:14,800.0,53.7,S
2021-07-05T09:19:14,100.0,53.7,S
2021-07-05T09:19:14,200.0,53.7,S
2021-07-05T09:19:14,12600.0,53.7,S
2021-07-05T09:19:07,300.0,53.7,S
2021-07-05T09:19:05,100.0,53.7,S
2021-07-05T09:19:02,1500.0,53.7,S
2021-07-05T09:18:59,200.0,53.7,S
2021-07-05T09:18:56,100.0,53.8,B
2021-07-05T09:18:53,2000.0,53.7,S
2021-07-05T09:18:48,400.0,53.7,S
2021-07-05T09:18:47,1000.0,53.7,S
2021-07-05T09:18:45,200.0,53.8,S
2021-07-05T09:18:45,200.0,53.8,S
2021-07-05T09:18:42,1500.0,53.8,B
2021-07-05T09:18:42,400.0,53.8,B
2021-07-05T09:18:42,2200.0,53.8,B
2021-07-05T09:18:40,1600.0,53.7,S
2021-07-05T09:18:36,2900.0,53.8,B
2021-07-05T09:18:36,2000.0,53.7,S
2021-07-05T09:18:33,100.0,53.8,B
2021-07-05T09:18:33,1000.0,53.7,S
2021-07-05T09:18:33,1500.0,53.7,S
2021-07-05T09:18:33,3100.0,53.7,S
2021-07-05T09:18:25,100.0,53.8,B
2021-07-05T09:18:22,1000.0,53.8,S
2021-07-05T09:18:22,2100.0,53.8,S
2021-07-05T09:18:22,1300.0,53.8,S
2021-07-05T09:18:22,200.0,53.8,S
2021-07-05T09:18:22,3600.0,53.8,S
2021-07-05T09:18:22,100.0,53.9,B
2021-07-05T09:18:21,500.0,53.9,B
2021-07-05T09:18:19,5000.0,53.8,S
2021-07-05T09:18:17,100.0,53.8,S
2021-07-05T09:18:07,300.0,53.9,B
2021-07-05T09:18:04,5700.0,53.9,S
2021-07-05T09:18:02,1300.0,53.9,S
2021-07-05T09:18:01,200.0,54.0,B
2021-07-05T09:18:00,2000.0,53.9,S
2021-07-05T09:17:58,100.0,54.0,B
2021-07-05T09:17:58,100.0,54.0,B
2021-07-05T09:17:57,100.0,54.0,B
2021-07-05T09:17:47,200.0,54.0,B
2021-07-05T09:17:44,6500.0,54.0,B
2021-07-05T09:17:43,1000.0,54.0,B
2021-07-05T09:17:42,1000.0,54.0,B
2021-07-05T09:17:41,500.0,54.0,S
2021-07-05T09:17:41,2200.0,54.0,S
2021-07-05T09:17:41,2700.0,54.0,S
2021-07-05T09:17:41,1700.0,54.0,S
2021-07-05T09:17:41,1500.0,54.0,S
2021-07-05T09:17:38,1500.0,54.0,S
2021-07-05T09:17:34,1000.0,54.0,S
2021-07-05T09:17:33,400.0,54.3,B
2021-07-05T09:17:28,9200.0,54.3,B
2021-07-05T09:17:25,200.0,54.0,S
2021-07-05T09:17:21,100.0,54.0,S
2021-07-05T09:17:19,1000.0,54.0,S
2021-07-05T09:17:12,100.0,54.3,B
2021-07-05T09:17:03,200.0,54.3,B
2021-07-05T09:16:58,1000.0,54.3,B
2021-07-05T09:16:53,300.0,54.4,B
2021-07-05T09:16:45,100.0,54.4,B
2021-07-05T09:16:20,400.0,54.4,B
2021-07-05T09:16:18,200.0,54.4,B
2021-07-05T09:16:05,400.0,54.4,B
2021-07-05T09:15:58,100.0,54.0,S
2021-07-05T09:15:45,5000.0,54.4,B
2021-07-05T09:15:42,100.0,53.8,S
2021-07-05T09:15:34,1000.0,53.8,S
2021-07-05T09:15:31,1000.0,54.0,B
2021-07-05T09:15:31,100.0,53.8,S
2021-07-05T09:15:29,3400.0,54.0,B
2021-07-05T09:15:27,100.0,54.0,B
2021-07-05T09:15:27,400.0,54.0,B
2021-07-05T09:15:07,200.0,53.8,S
