tradingTime,volume,price,side
2021-07-05T10:51:55,500.0,37.05,B
2021-07-05T10:51:26,300.0,37.0,S
2021-07-05T10:51:22,500.0,37.05,B
2021-07-05T10:51:16,1000.0,37.05,B
2021-07-05T10:45:28,900.0,37.05,B
2021-07-05T10:45:26,500.0,37.0,S
2021-07-05T10:45:26,200.0,37.05,B
2021-07-05T10:45:24,400.0,37.05,B
2021-07-05T10:45:21,1000.0,37.05,B
2021-07-05T10:45:16,1200.0,37.05,B
2021-07-05T10:45:04,400.0,37.05,B
2021-07-05T10:45:03,1300.0,37.05,B
2021-07-05T10:45:03,2000.0,37.0,S
2021-07-05T10:45:03,2000.0,37.0,S
2021-07-05T10:44:56,400.0,37.05,B
2021-07-05T10:44:50,25000.0,37.0,S
2021-07-05T10:44:48,400.0,37.05,B
2021-07-05T10:44:46,1000.0,37.0,S
2021-07-05T10:44:33,1000.0,37.0,S
2021-07-05T10:44:33,400.0,37.05,B
2021-07-05T10:44:28,2000.0,37.0,S
2021-07-05T10:44:27,400.0,37.05,B
2021-07-05T10:44:26,4500.0,37.0,S
2021-07-05T10:44:15,400.0,37.05,B
2021-07-05T10:44:13,3000.0,37.0,S
2021-07-05T10:44:10,1000.0,37.0,S
2021-07-05T10:44:06,100.0,37.05,B
2021-07-05T10:44:06,300.0,37.05,B
2021-07-05T10:44:05,5800.0,37.0,S
2021-07-05T10:43:59,100.0,37.0,S
2021-07-05T10:43:59,400.0,37.05,B
2021-07-05T10:43:52,200.0,37.05,B
2021-07-05T10:43:49,1200.0,37.0,S
2021-07-05T10:43:47,1000.0,37.0,S
2021-07-05T10:43:46,3000.0,37.0,S
2021-07-05T10:43:44,200.0,37.0,S
2021-07-05T10:43:44,100.0,37.05,B
2021-07-05T10:43:41,5000.0,37.0,S
2021-07-05T10:43:18,300.0,37.0,S
2021-07-05T10:42:57,100.0,37.05,B
2021-07-05T10:42:56,100.0,37.05,S
2021-07-05T10:42:38,2000.0,37.05,S
2021-07-05T10:42:38,2000.0,37.05,S
2021-07-05T10:42:29,600.0,37.05,S
2021-07-05T10:42:19,3000.0,37.05,S
2021-07-05T10:42:17,10000.0,37.05,S
2021-07-05T10:41:59,100.0,37.1,B
2021-07-05T10:41:50,1000.0,37.05,S
2021-07-05T10:41:46,200.0,37.05,S
2021-07-05T10:41:35,5000.0,37.05,S
2021-07-05T10:41:06,1000.0,37.05,S
2021-07-05T10:41:05,3000.0,37.05,S
2021-07-05T10:40:59,800.0,37.05,S
2021-07-05T10:40:56,10000.0,37.05,S
2021-07-05T10:40:48,500.0,37.05,S
2021-07-05T10:40:38,2300.0,37.05,S
2021-07-05T10:40:38,500.0,37.05,S
2021-07-05T10:40:23,100.0,37.05,S
2021-07-05T10:40:00,200.0,37.1,B
2021-07-05T10:39:57,600.0,37.1,B
2021-07-05T10:39:52,1000.0,37.1,B
2021-07-05T10:39:45,100.0,37.1,B
2021-07-05T10:39:16,100.0,37.1,B
2021-07-05T10:38:41,500.0,37.1,S
2021-07-05T10:38:38,500.0,37.1,S
2021-07-05T10:38:26,100.0,37.1,S
2021-07-05T10:38:25,1000.0,37.1,S
2021-07-05T10:38:25,5000.0,37.1,S
2021-07-05T10:38:24,2000.0,37.1,S
2021-07-05T10:38:24,500.0,37.1,S
2021-07-05T10:37:47,200.0,37.1,S
2021-07-05T10:37:47,100.0,37.15,B
2021-07-05T10:37:43,400.0,37.1,S
2021-07-05T10:37:43,100.0,37.1,S
2021-07-05T10:37:43,300.0,37.1,S
2021-07-05T10:37:43,600.0,37.1,S
2021-07-05T10:37:43,1500.0,37.1,S
2021-07-05T10:37:43,2300.0,37.1,S
2021-07-05T10:37:39,100.0,37.1,S
2021-07-05T10:37:36,1000.0,37.1,S
2021-07-05T10:37:35,1900.0,37.1,S
2021-07-05T10:37:30,2100.0,37.1,S
2021-07-05T10:37:30,3900.0,37.1,S
2021-07-05T10:37:24,100.0,37.1,S
2021-07-05T10:37:24,2600.0,37.1,S
2021-07-05T10:37:24,2400.0,37.1,S
2021-07-05T10:37:15,300.0,37.1,S
2021-07-05T10:37:06,500.0,37.1,S
2021-07-05T10:37:01,800.0,37.1,S
2021-07-05T10:36:47,200.0,37.1,S
2021-07-05T10:36:44,5000.0,37.1,S
2021-07-05T10:36:31,400.0,37.1,S
2021-07-05T10:36:26,1000.0,37.1,S
2021-07-05T10:36:07,1500.0,37.1,S
2021-07-05T10:36:07,100.0,37.1,S
2021-07-05T10:36:07,3400.0,37.1,S
2021-07-05T10:36:06,100.0,37.1,S
2021-07-05T10:36:04,400.0,37.15,B
2021-07-05T10:35:55,1000.0,37.1,S
2021-07-05T10:35:49,9000.0,37.1,S
2021-07-05T10:35:41,5000.0,37.1,S
2021-07-05T10:35:15,2000.0,37.1,S
2021-07-05T10:35:07,1000.0,37.1,S
2021-07-05T10:34:49,5800.0,37.1,S
2021-07-05T10:34:49,200.0,37.1,S
2021-07-05T10:34:33,200.0,37.1,S
2021-07-05T10:34:18,700.0,37.1,S
2021-07-05T10:33:31,1000.0,37.1,S
2021-07-05T10:33:24,300.0,37.15,B
2021-07-05T10:33:13,800.0,37.1,S
2021-07-05T10:32:56,700.0,37.1,S
2021-07-05T10:30:50,1000.0,37.15,B
2021-07-05T10:30:22,3000.0,37.15,S
2021-07-05T10:30:10,1200.0,37.2,B
2021-07-05T10:30:09,500.0,37.15,S
2021-07-05T10:29:23,2000.0,37.15,S
2021-07-05T10:29:21,1200.0,37.15,S
2021-07-05T10:28:48,1500.0,37.15,S
2021-07-05T10:28:01,5300.0,37.15,B
2021-07-05T10:27:41,200.0,37.15,B
2021-07-05T10:27:29,100.0,37.1,S
2021-07-05T10:27:23,2000.0,37.1,S
2021-07-05T10:27:22,300.0,37.15,S
2021-07-05T10:27:15,2000.0,37.15,S
2021-07-05T10:26:33,2400.0,37.15,S
2021-07-05T10:26:33,300.0,37.15,S
2021-07-05T10:26:32,300.0,37.15,S
2021-07-05T10:26:12,1000.0,37.15,S
2021-07-05T10:26:09,500.0,37.15,S
2021-07-05T10:25:44,8900.0,37.15,S
2021-07-05T10:25:44,400.0,37.15,S
2021-07-05T10:25:24,5000.0,37.15,S
2021-07-05T10:25:09,1000.0,37.15,S
2021-07-05T10:24:58,8000.0,37.15,S
2021-07-05T10:24:50,1000.0,37.2,B
2021-07-05T10:24:07,1000.0,37.15,S
2021-07-05T10:24:00,400.0,37.15,S
2021-07-05T10:23:19,1000.0,37.15,S
2021-07-05T10:22:43,2000.0,37.15,S
2021-07-05T10:22:13,2000.0,37.15,S
2021-07-05T10:21:23,400.0,37.15,B
2021-07-05T10:20:40,1000.0,37.15,S
2021-07-05T10:20:40,600.0,37.15,S
2021-07-05T10:20:39,2000.0,37.15,S
2021-07-05T10:20:35,1000.0,37.15,S
2021-07-05T10:20:26,400.0,37.15,S
2021-07-05T10:20:25,700.0,37.15,S
2021-07-05T10:20:05,300.0,37.15,B
2021-07-05T10:19:58,200.0,37.15,S
2021-07-05T10:19:20,1000.0,37.15,B
2021-07-05T10:19:20,800.0,37.15,B
2021-07-05T10:19:15,300.0,37.15,B
2021-07-05T10:19:10,400.0,37.15,S
2021-07-05T10:19:01,600.0,37.15,S
2021-07-05T10:19:00,3400.0,37.15,S
2021-07-05T10:18:54,1200.0,37.15,S
2021-07-05T10:18:48,200.0,37.15,S
2021-07-05T10:18:29,100.0,37.15,S
2021-07-05T10:18:29,900.0,37.15,S
2021-07-05T10:18:06,1300.0,37.15,S
2021-07-05T10:18:04,3700.0,37.15,S
2021-07-05T10:18:04,800.0,37.15,S
2021-07-05T10:18:04,1300.0,37.15,S
2021-07-05T10:17:57,1000.0,37.15,S
2021-07-05T10:17:55,2000.0,37.15,S
2021-07-05T10:17:53,100.0,37.2,B
2021-07-05T10:17:42,300.0,37.15,S
2021-07-05T10:17:42,700.0,37.15,S
2021-07-05T10:17:35,300.0,37.15,S
2021-07-05T10:17:16,100.0,37.2,B
2021-07-05T10:17:16,1200.0,37.15,S
2021-07-05T10:16:56,2700.0,37.15,S
2021-07-05T10:16:20,4100.0,37.2,B
2021-07-05T10:15:30,900.0,37.2,B
2021-07-05T10:15:30,500.0,37.2,B
2021-07-05T10:15:30,600.0,37.2,B
2021-07-05T10:15:29,500.0,37.15,S
2021-07-05T10:14:56,100.0,37.2,B
2021-07-05T10:14:46,500.0,37.15,S
2021-07-05T10:14:13,300.0,37.15,S
2021-07-05T10:14:00,10000.0,37.2,B
2021-07-05T10:13:24,500.0,37.2,B
2021-07-05T10:13:24,300.0,37.15,S
2021-07-05T10:13:09,100.0,37.15,S
2021-07-05T10:13:04,1000.0,37.15,S
2021-07-05T10:12:50,10000.0,37.15,S
2021-07-05T10:12:50,500.0,37.15,S
2021-07-05T10:12:42,1000.0,37.15,S
2021-07-05T10:11:19,4000.0,37.15,S
2021-07-05T10:10:33,300.0,37.15,S
2021-07-05T10:09:49,100.0,37.15,S
2021-07-05T10:09:38,1000.0,37.15,S
2021-07-05T10:09:24,3500.0,37.15,S
2021-07-05T10:09:06,100.0,37.15,S
2021-07-05T10:08:28,500.0,37.15,S
2021-07-05T10:08:23,7300.0,37.15,B
2021-07-05T10:07:33,1000.0,37.15,B
2021-07-05T10:07:14,400.0,37.15,B
2021-07-05T10:07:13,200.0,37.15,B
2021-07-05T10:06:58,1000.0,37.15,B
2021-07-05T10:06:53,100.0,37.15,B
2021-07-05T10:06:19,1100.0,37.15,S
2021-07-05T10:06:17,1900.0,37.15,S
2021-07-05T10:06:17,200.0,37.15,S
2021-07-05T10:06:17,400.0,37.15,S
2021-07-05T10:06:17,2500.0,37.15,S
2021-07-05T10:05:33,1200.0,37.15,S
2021-07-05T10:05:32,1200.0,37.15,S
2021-07-05T10:05:29,900.0,37.15,S
2021-07-05T10:05:29,6000.0,37.15,S
2021-07-05T10:05:06,100.0,37.15,S
2021-07-05T10:05:04,100.0,37.15,S
2021-07-05T10:04:53,3000.0,37.15,S
2021-07-05T10:04:46,500.0,37.15,S
2021-07-05T10:04:28,500.0,37.15,S
2021-07-05T10:03:59,1000.0,37.15,S
2021-07-05T10:03:45,1200.0,37.15,S
2021-07-05T10:03:43,300.0,37.15,S
2021-07-05T10:03:25,100.0,37.15,S
2021-07-05T10:03:25,2000.0,37.15,S
2021-07-05T10:02:59,300.0,37.15,S
2021-07-05T10:02:49,1000.0,37.15,S
2021-07-05T10:02:25,800.0,37.2,B
2021-07-05T10:02:14,2000.0,37.2,B
2021-07-05T10:02:11,1000.0,37.2,B
2021-07-05T10:02:05,500.0,37.2,B
2021-07-05T10:01:42,200.0,37.2,B
2021-07-05T10:01:24,500.0,37.15,S
2021-07-05T10:01:13,100.0,37.2,B
2021-07-05T10:00:46,1000.0,37.2,B
2021-07-05T10:00:20,100.0,37.2,B
2021-07-05T10:00:09,200.0,37.2,B
2021-07-05T10:00:08,500.0,37.15,S
2021-07-05T10:00:01,200.0,37.2,B
2021-07-05T09:59:29,400.0,37.2,B
2021-07-05T09:59:15,300.0,37.2,B
2021-07-05T09:58:56,7800.0,37.2,S
2021-07-05T09:58:29,900.0,37.2,S
2021-07-05T09:58:28,1000.0,37.2,S
2021-07-05T09:58:11,1000.0,37.2,S
2021-07-05T09:57:40,1300.0,37.2,S
2021-07-05T09:57:32,400.0,37.2,S
2021-07-05T09:57:16,1000.0,37.2,S
2021-07-05T09:56:53,1200.0,37.2,S
2021-07-05T09:56:38,2300.0,37.2,S
2021-07-05T09:56:00,400.0,37.2,S
2021-07-05T09:55:49,2300.0,37.2,S
2021-07-05T09:55:44,100.0,37.2,S
2021-07-05T09:55:22,1200.0,37.2,S
2021-07-05T09:55:03,2000.0,37.2,S
2021-07-05T09:54:58,1200.0,37.2,S
2021-07-05T09:54:46,1500.0,37.2,S
2021-07-05T09:52:48,100.0,37.2,S
2021-07-05T09:52:29,2500.0,37.2,S
2021-07-05T09:52:29,2500.0,37.2,S
2021-07-05T09:52:00,300.0,37.2,S
2021-07-05T09:51:58,1000.0,37.2,S
2021-07-05T09:51:49,100.0,37.2,S
2021-07-05T09:50:54,1000.0,37.2,S
2021-07-05T09:50:52,1900.0,37.2,B
2021-07-05T09:50:36,1000.0,37.2,B
2021-07-05T09:50:36,200.0,37.2,B
2021-07-05T09:50:36,800.0,37.2,B
2021-07-05T09:50:12,300.0,37.15,S
2021-07-05T09:50:12,1200.0,37.15,S
2021-07-05T09:49:39,6000.0,37.15,S
2021-07-05T09:49:07,5000.0,37.15,S
2021-07-05T09:48:37,500.0,37.15,S
2021-07-05T09:47:53,500.0,37.2,B
2021-07-05T09:47:44,700.0,37.2,B
2021-07-05T09:47:26,200.0,37.2,B
2021-07-05T09:47:18,500.0,37.2,B
2021-07-05T09:46:56,200.0,37.2,B
2021-07-05T09:46:40,500.0,37.2,S
2021-07-05T09:46:40,200.0,37.2,S
2021-07-05T09:46:40,3000.0,37.2,S
2021-07-05T09:45:21,6000.0,37.2,S
2021-07-05T09:45:21,5300.0,37.25,B
2021-07-05T09:45:15,1300.0,37.2,S
2021-07-05T09:45:07,300.0,37.2,S
2021-07-05T09:43:58,2000.0,37.2,S
2021-07-05T09:42:59,500.0,37.25,B
2021-07-05T09:42:04,100.0,37.2,S
2021-07-05T09:42:04,1900.0,37.2,S
2021-07-05T09:41:44,10000.0,37.2,S
2021-07-05T09:41:42,300.0,37.25,B
2021-07-05T09:41:25,1000.0,37.2,S
2021-07-05T09:41:17,200.0,37.25,B
2021-07-05T09:41:10,9400.0,37.25,B
2021-07-05T09:41:07,100.0,37.25,S
2021-07-05T09:39:09,600.0,37.25,S
2021-07-05T09:38:49,500.0,37.3,B
2021-07-05T09:38:45,900.0,37.25,S
2021-07-05T09:38:44,100.0,37.25,S
2021-07-05T09:38:20,200.0,37.3,S
2021-07-05T09:38:19,700.0,37.3,S
2021-07-05T09:38:10,1000.0,37.3,S
2021-07-05T09:38:04,1000.0,37.3,S
2021-07-05T09:38:03,1000.0,37.3,S
2021-07-05T09:38:00,1000.0,37.35,B
2021-07-05T09:37:36,1200.0,37.3,S
2021-07-05T09:37:14,900.0,37.3,S
2021-07-05T09:37:08,700.0,37.3,S
2021-07-05T09:37:00,2000.0,37.3,S
2021-07-05T09:36:50,900.0,37.3,S
2021-07-05T09:36:37,500.0,37.3,S
2021-07-05T09:36:26,300.0,37.3,S
2021-07-05T09:36:15,100.0,37.35,B
2021-07-05T09:36:02,1000.0,37.3,S
2021-07-05T09:35:59,800.0,37.35,S
2021-07-05T09:35:59,500.0,37.35,S
2021-07-05T09:35:56,1000.0,37.35,S
2021-07-05T09:35:44,1000.0,37.35,S
2021-07-05T09:35:30,1000.0,37.35,S
2021-07-05T09:34:59,1300.0,37.35,S
2021-07-05T09:34:42,1300.0,37.35,S
2021-07-05T09:34:30,1000.0,37.35,S
2021-07-05T09:34:18,100.0,37.35,S
2021-07-05T09:33:57,100.0,37.4,B
2021-07-05T09:33:48,500.0,37.4,B
2021-07-05T09:33:35,100.0,37.4,B
2021-07-05T09:33:30,400.0,37.4,B
2021-07-05T09:33:15,100.0,37.4,B
2021-07-05T09:33:11,200.0,37.4,B
2021-07-05T09:32:55,500.0,37.4,B
2021-07-05T09:32:46,100.0,37.4,B
2021-07-05T09:32:42,100.0,37.4,B
2021-07-05T09:32:29,2000.0,37.4,B
2021-07-05T09:32:17,200.0,37.35,S
2021-07-05T09:32:15,300.0,37.35,S
2021-07-05T09:32:13,800.0,37.4,B
2021-07-05T09:32:09,200.0,37.35,S
2021-07-05T09:31:44,300.0,37.35,S
2021-07-05T09:31:20,400.0,37.35,B
2021-07-05T09:31:20,100.0,37.35,B
2021-07-05T09:31:15,200.0,37.35,B
2021-07-05T09:31:14,1000.0,37.35,B
2021-07-05T09:31:03,2000.0,37.35,B
2021-07-05T09:31:02,1900.0,37.35,B
2021-07-05T09:30:55,1700.0,37.35,B
2021-07-05T09:30:45,200.0,37.35,B
2021-07-05T09:30:45,1600.0,37.35,B
2021-07-05T09:30:35,1500.0,37.35,B
2021-07-05T09:30:25,1000.0,37.35,B
2021-07-05T09:30:15,3100.0,37.35,B
2021-07-05T09:30:10,100.0,37.35,B
2021-07-05T09:30:10,100.0,37.35,B
2021-07-05T09:30:10,100.0,37.35,B
2021-07-05T09:30:04,1500.0,37.35,B
2021-07-05T09:28:59,300.0,37.35,B
2021-07-05T09:28:31,100.0,37.35,B
2021-07-05T09:28:13,300.0,37.35,B
2021-07-05T09:28:05,200.0,37.35,B
2021-07-05T09:27:56,1000.0,37.35,B
2021-07-05T09:27:48,900.0,37.2,B
2021-07-05T09:27:47,200.0,37.2,B
2021-07-05T09:27:45,1300.0,37.15,S
2021-07-05T09:27:45,100.0,37.15,S
2021-07-05T09:27:45,100.0,37.15,S
2021-07-05T09:27:44,1000.0,37.2,B
2021-07-05T09:27:40,200.0,37.2,B
2021-07-05T09:27:38,300.0,37.2,B
2021-07-05T09:27:38,200.0,37.2,B
2021-07-05T09:27:36,5000.0,37.2,B
2021-07-05T09:27:30,200.0,37.2,B
2021-07-05T09:27:16,500.0,37.2,B
2021-07-05T09:27:07,1300.0,37.2,B
2021-07-05T09:26:51,1000.0,37.2,B
2021-07-05T09:26:48,900.0,37.2,B
2021-07-05T09:26:46,5000.0,37.1,S
2021-07-05T09:26:43,1000.0,37.15,S
2021-07-05T09:26:40,500.0,37.15,S
2021-07-05T09:26:38,14100.0,37.15,B
2021-07-05T09:26:28,1000.0,37.15,B
2021-07-05T09:26:25,900.0,37.15,B
2021-07-05T09:26:19,1300.0,37.1,S
2021-07-05T09:26:12,900.0,37.15,B
2021-07-05T09:26:04,1000.0,37.15,B
2021-07-05T09:26:03,1000.0,37.1,S
2021-07-05T09:26:00,1200.0,37.15,B
2021-07-05T09:25:53,500.0,37.15,B
2021-07-05T09:25:49,1300.0,37.15,B
2021-07-05T09:25:39,1000.0,37.15,B
2021-07-05T09:25:38,1200.0,37.15,B
2021-07-05T09:25:28,1300.0,37.15,B
2021-07-05T09:25:28,900.0,37.15,B
2021-07-05T09:25:21,100.0,37.15,B
2021-07-05T09:25:13,13000.0,37.15,B
2021-07-05T09:25:01,300.0,37.15,S
2021-07-05T09:24:46,200.0,37.15,S
2021-07-05T09:24:33,200.0,37.15,S
2021-07-05T09:24:20,200.0,37.15,S
2021-07-05T09:24:20,200.0,37.15,B
2021-07-05T09:24:20,300.0,37.15,B
2021-07-05T09:24:20,1100.0,37.15,B
2021-07-05T09:24:15,1300.0,37.15,B
2021-07-05T09:24:04,1000.0,37.15,B
2021-07-05T09:24:03,1700.0,37.1,S
2021-07-05T09:23:50,100.0,37.1,S
2021-07-05T09:23:47,300.0,37.15,B
2021-07-05T09:23:44,1000.0,37.15,B
2021-07-05T09:23:42,1300.0,37.15,B
2021-07-05T09:23:39,2000.0,37.1,S
2021-07-05T09:23:37,1000.0,37.15,B
2021-07-05T09:23:36,500.0,37.1,S
2021-07-05T09:23:34,1300.0,37.15,B
2021-07-05T09:23:17,200.0,37.15,B
2021-07-05T09:23:17,1100.0,37.1,S
2021-07-05T09:23:11,1200.0,37.15,B
2021-07-05T09:23:11,1100.0,37.1,S
2021-07-05T09:22:56,100.0,37.1,S
2021-07-05T09:22:17,300.0,37.15,S
2021-07-05T09:22:16,1000.0,37.15,S
2021-07-05T09:22:08,5000.0,37.15,S
2021-07-05T09:22:03,100.0,37.15,S
2021-07-05T09:21:44,200.0,37.2,B
2021-07-05T09:21:35,100.0,37.2,B
2021-07-05T09:21:33,1000.0,37.15,S
2021-07-05T09:21:30,1900.0,37.15,S
2021-07-05T09:21:08,500.0,37.2,B
2021-07-05T09:21:04,600.0,37.15,S
2021-07-05T09:20:55,300.0,37.2,B
2021-07-05T09:20:34,500.0,37.2,B
2021-07-05T09:20:34,1000.0,37.15,S
2021-07-05T09:20:06,100.0,37.2,B
2021-07-05T09:20:04,100.0,37.2,B
2021-07-05T09:20:04,200.0,37.2,B
2021-07-05T09:19:34,8600.0,37.2,S
2021-07-05T09:19:26,500.0,37.2,S
2021-07-05T09:19:14,3000.0,37.2,S
2021-07-05T09:19:10,800.0,37.2,S
2021-07-05T09:19:08,1000.0,37.2,S
2021-07-05T09:18:57,1000.0,37.2,S
2021-07-05T09:18:42,300.0,37.2,S
2021-07-05T09:18:26,22000.0,37.2,S
2021-07-05T09:17:51,100.0,37.4,S
2021-07-05T09:17:51,300.0,37.4,S
2021-07-05T09:17:51,2900.0,37.4,S
2021-07-05T09:17:37,1000.0,37.4,S
2021-07-05T09:17:12,1300.0,37.4,S
2021-07-05T09:17:08,9000.0,37.4,S
