tradingTime,volume,price,side
2021-07-05T10:30:37,600.0,28.95,B
2021-07-05T10:30:14,2500.0,28.95,B
2021-07-05T10:29:52,2500.0,28.95,B
2021-07-05T10:29:30,2500.0,28.95,B
2021-07-05T10:29:21,6200.0,28.95,S
2021-07-05T10:29:21,3800.0,28.95,S
2021-07-05T10:29:21,4400.0,28.95,S
2021-07-05T10:29:21,4100.0,28.95,S
2021-07-05T10:26:38,1000.0,28.95,S
2021-07-05T10:24:13,2000.0,29.0,B
2021-07-05T10:21:38,2000.0,28.95,S
2021-07-05T10:21:34,3500.0,28.95,B
2021-07-05T10:21:29,3500.0,28.95,B
2021-07-05T10:21:24,3500.0,28.95,B
2021-07-05T10:21:23,4000.0,28.95,S
2021-07-05T10:21:23,9000.0,28.95,S
2021-07-05T10:21:23,4500.0,28.95,S
2021-07-05T10:18:39,3000.0,28.95,S
2021-07-05T10:18:35,3200.0,28.95,B
2021-07-05T10:18:33,3200.0,28.95,B
2021-07-05T10:18:29,1600.0,28.95,S
2021-07-05T10:18:29,4000.0,28.95,S
2021-07-05T10:18:29,7200.0,28.95,S
2021-07-05T10:18:29,6400.0,28.95,S
2021-07-05T10:18:29,2400.0,28.95,S
2021-07-05T10:18:29,4000.0,28.95,S
2021-07-05T10:15:36,600.0,28.95,B
2021-07-05T10:15:17,2100.0,28.95,B
2021-07-05T10:14:58,2100.0,28.95,B
2021-07-05T10:14:39,2100.0,28.95,B
2021-07-05T10:14:20,2100.0,28.95,B
2021-07-05T10:14:02,2100.0,28.95,B
2021-07-05T10:13:42,2100.0,28.95,B
2021-07-05T10:13:24,2100.0,28.95,B
2021-07-05T10:13:06,2100.0,28.95,B
2021-07-05T10:12:50,2100.0,28.95,B
2021-07-05T10:12:32,3600.0,28.95,S
2021-07-05T10:12:30,600.0,28.95,S
2021-07-05T10:12:30,5000.0,28.95,S
2021-07-05T10:12:30,2800.0,28.95,S
2021-07-05T09:56:00,500.0,28.95,B
2021-07-05T09:55:41,1000.0,28.95,B
2021-07-05T09:55:23,1000.0,28.95,B
2021-07-05T09:55:06,1000.0,28.95,B
2021-07-05T09:54:48,1000.0,28.95,B
2021-07-05T09:54:30,1000.0,28.95,B
2021-07-05T09:54:10,1000.0,28.95,B
2021-07-05T09:53:51,1000.0,28.95,B
2021-07-05T09:53:34,1000.0,28.95,B
2021-07-05T09:53:16,1000.0,28.95,B
2021-07-05T09:52:57,1000.0,28.95,B
2021-07-05T09:52:39,1000.0,28.95,B
2021-07-05T09:52:21,1000.0,28.95,B
2021-07-05T09:52:04,1000.0,28.95,B
2021-07-05T09:51:46,1000.0,28.95,B
2021-07-05T09:51:28,1000.0,28.95,B
2021-07-05T09:51:12,1000.0,28.95,B
2021-07-05T09:50:54,1000.0,28.95,B
2021-07-05T09:50:37,1000.0,28.95,B
2021-07-05T09:50:20,1000.0,28.95,B
2021-07-05T09:50:05,1000.0,28.95,B
2021-07-05T09:49:47,1000.0,28.95,B
2021-07-05T09:49:30,1000.0,28.95,B
2021-07-05T09:49:15,1000.0,28.95,B
2021-07-05T09:49:14,6500.0,28.95,S
2021-07-05T09:45:46,1000.0,28.95,B
2021-07-05T09:45:32,1000.0,28.95,B
2021-07-05T09:45:17,1000.0,28.95,B
2021-07-05T09:45:02,1000.0,28.95,B
2021-07-05T09:44:48,1000.0,28.95,B
2021-07-05T09:44:34,1000.0,28.95,B
2021-07-05T09:44:20,1000.0,28.95,B
2021-07-05T09:44:06,1000.0,28.95,B
2021-07-05T09:43:53,1000.0,28.95,B
2021-07-05T09:43:39,1000.0,28.95,B
2021-07-05T09:43:25,1000.0,28.95,B
2021-07-05T09:43:14,500.0,28.95,B
2021-07-05T09:43:12,2500.0,28.95,S
2021-07-05T09:43:12,3500.0,28.95,S
2021-07-05T09:43:12,2500.0,28.95,S
2021-07-05T09:41:30,500.0,28.95,B
2021-07-05T09:41:20,1000.0,28.95,B
2021-07-05T09:41:09,1000.0,28.95,B
2021-07-05T09:41:00,1000.0,28.95,B
2021-07-05T09:40:49,1000.0,28.95,B
2021-07-05T09:40:39,1000.0,28.95,B
2021-07-05T09:40:28,1000.0,28.95,B
2021-07-05T09:40:20,1000.0,28.95,B
2021-07-05T09:40:09,1000.0,28.95,B
2021-07-05T09:40:00,1000.0,28.95,B
2021-07-05T09:39:50,1000.0,28.95,B
2021-07-05T09:39:43,1000.0,28.95,B
2021-07-05T09:39:34,1000.0,28.95,B
2021-07-05T09:39:25,1000.0,28.95,B
2021-07-05T09:39:18,1000.0,28.95,B
2021-07-05T09:39:09,1000.0,28.95,B
2021-07-05T09:39:01,1000.0,28.95,B
2021-07-05T09:38:54,1000.0,28.95,B
2021-07-05T09:38:47,1000.0,28.95,B
2021-07-05T09:38:40,1000.0,28.95,B
2021-07-05T09:38:33,1000.0,28.95,B
2021-07-05T09:38:28,1000.0,28.95,S
2021-07-05T09:38:28,3500.0,28.95,S
2021-07-05T09:36:47,2400.0,28.95,S
2021-07-05T09:36:47,1200.0,28.95,S
2021-07-05T09:36:47,2400.0,28.95,S
2021-07-05T09:36:47,1200.0,28.95,S
2021-07-05T09:36:47,1800.0,28.95,S
2021-07-05T09:36:47,1800.0,28.95,S
2021-07-05T09:36:47,3600.0,28.95,S
2021-07-05T09:36:47,600.0,28.95,S
2021-07-05T09:36:47,3000.0,28.95,S
2021-07-05T09:36:47,3000.0,28.95,S
2021-07-05T09:36:47,3000.0,28.95,S
2021-07-05T09:36:47,3000.0,28.95,S
2021-07-05T09:36:47,3000.0,28.95,S
2021-07-05T09:31:01,400.0,28.95,B
2021-07-05T09:31:00,1600.0,28.95,B
2021-07-05T09:31:00,1600.0,28.95,B
2021-07-05T09:31:00,1600.0,28.95,B
2021-07-05T09:31:00,1600.0,28.95,B
2021-07-05T09:30:59,3200.0,28.95,B
2021-07-05T09:30:59,3200.0,28.95,B
2021-07-05T09:30:58,3200.0,28.95,B
2021-07-05T09:30:57,1600.0,28.95,B
2021-07-05T09:30:57,1600.0,28.95,B
2021-07-05T09:30:57,3200.0,28.95,B
2021-07-05T09:30:56,3200.0,28.95,B
2021-07-05T09:30:56,3200.0,28.95,B
2021-07-05T09:30:55,3200.0,28.95,B
2021-07-05T09:30:54,1600.0,28.95,B
2021-07-05T09:30:54,1600.0,28.95,B
2021-07-05T09:30:54,3200.0,28.95,B
2021-07-05T09:30:53,3200.0,28.95,B
2021-07-05T09:30:53,1600.0,28.95,B
2021-07-05T09:30:53,3200.0,28.95,B
2021-07-05T09:30:52,3200.0,28.95,B
2021-07-05T09:30:51,3200.0,28.95,B
2021-07-05T09:30:50,1600.0,28.95,B
2021-07-05T09:30:50,1600.0,28.95,B
2021-07-05T09:30:48,1100.0,28.95,B
2021-07-05T09:30:48,500.0,28.95,B
2021-07-05T09:30:48,1600.0,28.95,B
2021-07-05T09:30:48,3200.0,28.95,B
2021-07-05T09:30:48,3200.0,28.95,B
2021-07-05T09:30:47,1600.0,28.95,B
2021-07-05T09:30:47,2400.0,28.95,B
2021-07-05T09:30:47,800.0,28.95,B
2021-07-05T09:30:47,3200.0,28.95,B
2021-07-05T09:30:46,3200.0,28.95,B
2021-07-05T09:30:45,3200.0,28.95,B
2021-07-05T09:30:45,3200.0,28.95,B
2021-07-05T09:30:44,3200.0,28.95,B
2021-07-05T09:30:43,3200.0,28.95,B
2021-07-05T09:29:52,2200.0,29.0,B
2021-07-05T09:23:25,200.0,28.8,B
2021-07-05T09:23:18,400.0,28.7,B
2021-07-05T09:23:10,300.0,28.6,B
2021-07-05T09:22:13,2800.0,28.5,S
