tradingTime,volume,price,side
2021-07-05T10:52:28,100.0,164.4,B
2021-07-05T10:52:25,100.0,164.4,B
2021-07-05T10:52:18,2000.0,164.4,B
2021-07-05T10:52:08,1000.0,164.3,S
2021-07-05T10:51:43,400.0,164.1,S
2021-07-05T10:51:43,2300.0,164.1,S
2021-07-05T10:45:28,800.0,164.0,B
2021-07-05T10:45:23,800.0,164.0,B
2021-07-05T10:45:14,1000.0,164.0,B
2021-07-05T10:45:11,200.0,164.0,B
2021-07-05T10:45:09,1100.0,164.0,B
2021-07-05T10:45:03,300.0,164.0,B
2021-07-05T10:45:03,300.0,164.0,B
2021-07-05T10:44:56,300.0,164.0,B
2021-07-05T10:44:46,300.0,163.5,B
2021-07-05T10:44:29,300.0,164.0,B
2021-07-05T10:44:23,300.0,164.0,B
2021-07-05T10:44:15,300.0,163.9,B
2021-07-05T10:44:06,300.0,163.9,B
2021-07-05T10:43:58,300.0,163.9,B
2021-07-05T10:43:57,1000.0,163.9,B
2021-07-05T10:43:54,100.0,163.2,S
2021-07-05T10:43:49,100.0,163.2,S
2021-07-05T10:43:47,1000.0,163.2,S
2021-07-05T10:43:46,100.0,163.7,B
2021-07-05T10:43:43,100.0,163.5,B
2021-07-05T10:43:28,400.0,163.2,S
2021-07-05T10:43:03,1800.0,163.9,B
2021-07-05T10:42:29,800.0,163.8,B
2021-07-05T10:42:29,1000.0,163.8,B
2021-07-05T10:42:19,100.0,163.2,S
2021-07-05T10:42:15,300.0,163.5,B
2021-07-05T10:42:02,100.0,163.5,B
2021-07-05T10:41:46,300.0,163.5,B
2021-07-05T10:41:38,200.0,163.2,S
2021-07-05T10:41:36,300.0,163.5,S
2021-07-05T10:41:35,800.0,163.5,S
2021-07-05T10:41:04,100.0,163.5,S
2021-07-05T10:40:58,300.0,163.5,S
2021-07-05T10:40:58,2000.0,163.5,B
2021-07-05T10:40:56,500.0,163.5,B
2021-07-05T10:40:40,100.0,163.5,B
2021-07-05T10:40:28,300.0,163.1,S
2021-07-05T10:39:58,500.0,163.1,S
2021-07-05T10:39:49,100.0,163.1,S
2021-07-05T10:39:49,400.0,163.1,S
2021-07-05T10:39:38,400.0,163.9,B
2021-07-05T10:39:38,5600.0,163.7,B
2021-07-05T10:39:36,300.0,163.2,S
2021-07-05T10:39:33,5000.0,163.2,S
2021-07-05T10:39:22,3800.0,163.5,B
2021-07-05T10:39:10,800.0,163.3,S
2021-07-05T10:39:07,700.0,163.3,S
2021-07-05T10:38:52,600.0,163.5,S
2021-07-05T10:38:31,100.0,163.5,S
2021-07-05T10:37:59,100.0,163.7,B
2021-07-05T10:37:59,100.0,163.5,B
2021-07-05T10:37:54,200.0,163.4,B
2021-07-05T10:37:37,1200.0,163.5,S
2021-07-05T10:37:24,3000.0,163.5,S
2021-07-05T10:37:08,1000.0,163.5,S
2021-07-05T10:37:06,3000.0,163.5,S
2021-07-05T10:36:58,2000.0,163.5,S
2021-07-05T10:36:21,1000.0,163.5,S
2021-07-05T10:36:14,400.0,163.5,S
2021-07-05T10:36:00,300.0,163.5,S
2021-07-05T10:35:54,200.0,163.5,S
2021-07-05T10:35:53,200.0,163.6,B
2021-07-05T10:35:48,100.0,163.6,B
2021-07-05T10:35:45,200.0,163.6,S
2021-07-05T10:35:34,300.0,163.7,S
2021-07-05T10:35:25,200.0,163.8,B
2021-07-05T10:35:09,800.0,163.8,S
2021-07-05T10:35:06,1000.0,163.9,B
2021-07-05T10:34:46,1000.0,163.9,S
2021-07-05T10:33:56,1000.0,164.0,B
2021-07-05T10:33:37,700.0,164.0,S
2021-07-05T10:33:37,1100.0,164.0,S
2021-07-05T10:33:37,400.0,164.0,S
2021-07-05T10:33:37,500.0,164.0,S
2021-07-05T10:33:37,300.0,164.0,S
2021-07-05T10:33:37,500.0,164.0,S
2021-07-05T10:33:37,100.0,164.0,S
2021-07-05T10:33:37,1800.0,164.0,S
2021-07-05T10:33:37,500.0,164.0,S
2021-07-05T10:33:30,100.0,164.0,S
2021-07-05T10:33:14,1000.0,164.0,S
2021-07-05T10:33:12,1000.0,164.0,S
2021-07-05T10:32:28,100.0,164.1,B
2021-07-05T10:32:21,500.0,164.0,S
2021-07-05T10:32:16,500.0,164.0,S
2021-07-05T10:32:15,100.0,164.1,B
2021-07-05T10:31:51,1000.0,164.0,S
2021-07-05T10:31:48,1000.0,164.0,S
2021-07-05T10:31:48,500.0,164.0,S
2021-07-05T10:31:35,300.0,164.0,S
2021-07-05T10:31:05,100.0,164.0,S
2021-07-05T10:31:00,100.0,164.0,S
2021-07-05T10:30:24,100.0,164.0,S
2021-07-05T10:30:10,100.0,164.1,B
2021-07-05T10:29:55,100.0,164.0,S
2021-07-05T10:29:52,200.0,164.0,S
2021-07-05T10:29:32,600.0,164.0,S
2021-07-05T10:29:28,1000.0,164.0,S
2021-07-05T10:28:44,5000.0,164.0,S
2021-07-05T10:28:33,5000.0,164.0,S
2021-07-05T10:27:51,400.0,164.3,B
2021-07-05T10:27:43,200.0,164.3,B
2021-07-05T10:27:35,500.0,164.3,B
2021-07-05T10:27:34,300.0,164.0,S
2021-07-05T10:27:34,900.0,164.0,S
2021-07-05T10:27:34,8800.0,164.0,S
2021-07-05T10:27:00,100.0,164.3,B
2021-07-05T10:26:57,1800.0,164.3,B
2021-07-05T10:26:44,800.0,164.3,S
2021-07-05T10:26:33,100.0,164.3,S
2021-07-05T10:25:57,1000.0,164.3,S
2021-07-05T10:25:44,300.0,164.5,B
2021-07-05T10:25:36,5000.0,164.5,B
2021-07-05T10:25:33,1000.0,164.4,S
2021-07-05T10:24:57,100.0,164.5,B
2021-07-05T10:24:25,100.0,164.5,B
2021-07-05T10:23:53,10000.0,164.5,S
2021-07-05T10:23:30,100.0,164.5,S
2021-07-05T10:23:21,100.0,164.6,B
2021-07-05T10:23:19,500.0,164.6,B
2021-07-05T10:23:12,100.0,164.7,B
2021-07-05T10:23:05,800.0,164.6,S
2021-07-05T10:22:58,4000.0,164.7,B
2021-07-05T10:22:20,100.0,164.7,B
2021-07-05T10:22:10,500.0,164.7,B
2021-07-05T10:21:48,100.0,164.7,B
2021-07-05T10:21:16,100.0,164.7,B
2021-07-05T10:21:00,1000.0,164.7,B
2021-07-05T10:20:40,100.0,164.7,B
2021-07-05T10:20:26,600.0,164.5,S
2021-07-05T10:20:08,100.0,164.5,S
2021-07-05T10:20:00,800.0,164.5,S
2021-07-05T10:19:49,800.0,164.5,S
2021-07-05T10:19:47,200.0,164.7,B
2021-07-05T10:19:26,1100.0,164.5,S
2021-07-05T10:19:04,100.0,164.5,S
2021-07-05T10:18:48,1000.0,164.5,S
2021-07-05T10:18:45,1000.0,164.5,S
2021-07-05T10:18:35,600.0,164.5,S
2021-07-05T10:18:25,1900.0,164.7,B
2021-07-05T10:18:15,100.0,164.7,B
2021-07-05T10:18:04,100.0,164.7,B
2021-07-05T10:18:00,1000.0,164.7,B
2021-07-05T10:17:49,200.0,164.7,B
2021-07-05T10:17:47,800.0,164.5,S
2021-07-05T10:17:42,1000.0,164.7,B
2021-07-05T10:17:29,600.0,164.5,S
2021-07-05T10:17:16,1000.0,164.5,S
2021-07-05T10:17:14,5600.0,164.5,B
2021-07-05T10:17:10,400.0,164.5,B
2021-07-05T10:16:32,100.0,164.5,B
2021-07-05T10:16:20,700.0,164.5,S
2021-07-05T10:16:11,10000.0,164.5,S
2021-07-05T10:16:10,1000.0,164.5,S
2021-07-05T10:15:59,100.0,164.5,S
2021-07-05T10:15:47,100.0,164.7,B
2021-07-05T10:15:36,7600.0,164.5,B
2021-07-05T10:15:34,700.0,164.5,B
2021-07-05T10:15:30,500.0,164.5,B
2021-07-05T10:15:09,800.0,164.5,B
2021-07-05T10:15:04,100.0,164.5,B
2021-07-05T10:14:53,100.0,164.4,S
2021-07-05T10:14:30,200.0,164.4,B
2021-07-05T10:14:16,200.0,164.4,B
2021-07-05T10:14:04,1500.0,164.5,B
2021-07-05T10:13:42,500.0,164.5,B
2021-07-05T10:13:08,100.0,164.5,B
2021-07-05T10:12:56,100.0,164.5,B
2021-07-05T10:12:50,100.0,164.3,S
2021-07-05T10:12:23,100.0,164.3,S
2021-07-05T10:12:13,100.0,164.3,S
2021-07-05T10:11:55,1000.0,164.3,S
2021-07-05T10:11:45,1000.0,164.5,B
2021-07-05T10:11:34,100.0,164.4,B
2021-07-05T10:11:05,200.0,164.3,S
2021-07-05T10:10:58,400.0,164.4,B
2021-07-05T10:10:58,100.0,164.4,B
2021-07-05T10:10:18,100.0,164.3,S
2021-07-05T10:10:13,100.0,164.4,B
2021-07-05T10:10:13,100.0,164.3,S
2021-07-05T10:10:07,500.0,164.3,S
2021-07-05T10:10:04,1200.0,164.3,B
2021-07-05T10:10:04,100.0,164.3,B
2021-07-05T10:10:04,3000.0,164.3,B
2021-07-05T10:09:50,700.0,164.3,B
2021-07-05T10:09:39,300.0,164.2,B
2021-07-05T10:09:30,200.0,164.2,B
2021-07-05T10:09:24,2000.0,164.2,B
2021-07-05T10:09:24,100.0,164.2,B
2021-07-05T10:08:54,5000.0,164.2,B
2021-07-05T10:08:47,300.0,164.1,S
2021-07-05T10:08:33,1300.0,164.1,B
2021-07-05T10:08:23,200.0,164.1,B
2021-07-05T10:08:22,1000.0,164.1,B
2021-07-05T10:07:56,100.0,164.1,B
2021-07-05T10:07:49,1500.0,164.1,B
2021-07-05T10:07:03,3100.0,164.0,S
2021-07-05T10:06:56,100.0,164.1,B
2021-07-05T10:06:56,2000.0,164.1,B
2021-07-05T10:06:27,100.0,164.0,S
2021-07-05T10:06:25,100.0,164.0,S
2021-07-05T10:05:29,100.0,164.1,B
2021-07-05T10:05:09,200.0,164.0,S
2021-07-05T10:05:09,100.0,164.0,B
2021-07-05T10:05:07,100.0,164.0,B
2021-07-05T10:05:07,200.0,163.9,S
2021-07-05T10:04:49,100.0,163.9,S
2021-07-05T10:04:49,100.0,163.9,S
2021-07-05T10:04:36,200.0,164.0,S
2021-07-05T10:04:30,300.0,164.0,S
2021-07-05T10:04:30,400.0,164.0,S
2021-07-05T10:04:18,200.0,164.0,S
2021-07-05T10:04:10,400.0,164.1,B
2021-07-05T10:03:45,1000.0,164.0,S
2021-07-05T10:03:25,100.0,164.0,S
2021-07-05T10:03:20,100.0,164.1,B
2021-07-05T10:03:07,100.0,164.0,S
2021-07-05T10:03:06,1000.0,164.0,S
2021-07-05T10:02:58,3000.0,164.0,B
2021-07-05T10:02:58,1000.0,164.0,B
2021-07-05T10:02:58,3300.0,164.0,B
2021-07-05T10:02:57,400.0,164.0,B
2021-07-05T10:02:56,100.0,164.0,B
2021-07-05T10:02:41,100.0,164.0,B
2021-07-05T10:02:25,1300.0,164.0,B
2021-07-05T10:02:22,1000.0,164.0,S
2021-07-05T10:02:14,2700.0,164.0,B
2021-07-05T10:02:09,100.0,164.0,B
2021-07-05T10:02:03,4800.0,164.0,S
2021-07-05T10:02:03,3600.0,164.0,S
2021-07-05T10:01:52,800.0,164.0,S
2021-07-05T10:01:43,300.0,164.0,S
2021-07-05T10:01:40,800.0,164.0,B
2021-07-05T10:01:40,500.0,164.0,B
2021-07-05T10:01:32,200.0,164.0,S
2021-07-05T10:01:32,100.0,164.0,S
2021-07-05T10:01:32,700.0,164.0,S
2021-07-05T10:01:23,100.0,164.0,S
2021-07-05T10:01:18,1000.0,164.0,S
2021-07-05T10:01:03,400.0,164.0,S
2021-07-05T10:00:58,100.0,164.0,S
2021-07-05T10:00:57,1000.0,164.0,S
2021-07-05T10:00:56,600.0,164.0,S
2021-07-05T10:00:51,100.0,164.0,S
2021-07-05T10:00:41,200.0,164.1,B
2021-07-05T10:00:34,7700.0,164.1,S
2021-07-05T10:00:25,3000.0,164.2,B
2021-07-05T10:00:14,800.0,164.2,S
2021-07-05T10:00:11,1400.0,164.3,B
2021-07-05T10:00:11,1000.0,164.2,S
2021-07-05T10:00:03,100.0,164.2,S
2021-07-05T09:59:34,100.0,164.3,B
2021-07-05T09:59:29,100.0,164.3,B
2021-07-05T09:59:25,400.0,164.3,B
2021-07-05T09:59:20,400.0,164.3,B
2021-07-05T09:59:13,1000.0,164.3,B
2021-07-05T09:59:06,100.0,164.3,B
2021-07-05T09:58:58,100.0,164.3,B
2021-07-05T09:58:48,1200.0,164.3,B
2021-07-05T09:58:48,100.0,164.3,B
2021-07-05T09:58:48,2300.0,164.3,S
2021-07-05T09:58:00,200.0,164.7,B
2021-07-05T09:57:47,100.0,164.7,B
2021-07-05T09:57:45,600.0,164.7,B
2021-07-05T09:57:40,600.0,164.5,S
2021-07-05T09:57:38,800.0,164.6,B
2021-07-05T09:57:36,1000.0,164.5,S
2021-07-05T09:57:18,10000.0,164.5,S
2021-07-05T09:57:14,200.0,164.6,B
2021-07-05T09:57:14,300.0,164.6,B
2021-07-05T09:56:58,100.0,164.6,B
2021-07-05T09:56:58,400.0,164.6,S
2021-07-05T09:56:55,1000.0,164.6,S
2021-07-05T09:56:32,100.0,164.7,B
2021-07-05T09:56:18,200.0,164.6,S
2021-07-05T09:56:14,100.0,164.6,B
2021-07-05T09:55:45,600.0,164.5,S
2021-07-05T09:55:37,100.0,164.4,S
2021-07-05T09:55:30,100.0,164.5,B
2021-07-05T09:55:30,400.0,164.5,B
2021-07-05T09:55:25,100.0,164.5,B
2021-07-05T09:55:20,500.0,164.5,S
2021-07-05T09:54:58,400.0,164.5,S
2021-07-05T09:54:58,600.0,164.6,S
2021-07-05T09:54:07,100.0,164.5,B
2021-07-05T09:54:03,1000.0,164.5,B
2021-07-05T09:53:50,1700.0,164.5,B
2021-07-05T09:53:29,1000.0,164.5,B
2021-07-05T09:53:24,1200.0,164.5,S
2021-07-05T09:53:12,100.0,164.8,B
2021-07-05T09:52:57,600.0,164.8,B
2021-07-05T09:52:40,1000.0,164.8,B
2021-07-05T09:52:32,100.0,164.7,B
2021-07-05T09:52:22,4900.0,164.5,B
2021-07-05T09:52:20,10000.0,164.1,S
2021-07-05T09:52:19,100.0,164.5,B
2021-07-05T09:52:19,200.0,164.5,B
2021-07-05T09:52:13,500.0,164.5,B
2021-07-05T09:52:10,300.0,164.5,B
2021-07-05T09:52:10,100.0,164.3,S
2021-07-05T09:51:56,100.0,164.5,B
2021-07-05T09:51:49,100.0,164.5,B
2021-07-05T09:51:46,200.0,164.5,B
2021-07-05T09:51:44,100.0,164.5,B
2021-07-05T09:51:39,200.0,164.5,B
2021-07-05T09:51:33,100.0,164.5,B
2021-07-05T09:51:30,100.0,164.5,B
2021-07-05T09:51:23,100.0,164.5,B
2021-07-05T09:51:22,100.0,164.5,B
2021-07-05T09:51:09,600.0,164.5,S
2021-07-05T09:51:09,100.0,164.5,S
2021-07-05T09:50:56,100.0,164.5,S
2021-07-05T09:50:42,200.0,164.5,B
2021-07-05T09:50:38,500.0,164.5,B
2021-07-05T09:50:22,200.0,164.5,B
2021-07-05T09:50:06,300.0,164.5,B
2021-07-05T09:49:32,100.0,164.8,B
2021-07-05T09:49:22,200.0,164.8,B
2021-07-05T09:49:19,1600.0,164.8,S
2021-07-05T09:48:56,400.0,164.8,B
2021-07-05T09:48:52,1200.0,164.8,B
2021-07-05T09:48:39,200.0,164.8,B
2021-07-05T09:48:25,100.0,164.8,B
2021-07-05T09:47:46,1300.0,165.0,B
2021-07-05T09:47:39,4000.0,165.0,B
2021-07-05T09:47:31,100.0,165.0,B
2021-07-05T09:47:10,100.0,165.0,B
2021-07-05T09:46:59,300.0,165.0,B
2021-07-05T09:46:53,100.0,164.8,B
2021-07-05T09:46:53,1800.0,164.2,S
2021-07-05T09:46:46,100.0,165.0,B
2021-07-05T09:46:38,100.0,164.8,B
2021-07-05T09:46:14,1000.0,165.0,B
2021-07-05T09:45:56,300.0,165.0,B
2021-07-05T09:45:50,5000.0,164.1,S
2021-07-05T09:45:39,5100.0,165.0,S
2021-07-05T09:45:32,1300.0,165.3,S
2021-07-05T09:45:31,200.0,165.3,S
2021-07-05T09:45:26,300.0,165.3,S
2021-07-05T09:45:26,200.0,165.4,S
2021-07-05T09:45:26,200.0,165.5,B
2021-07-05T09:45:16,100.0,165.5,B
2021-07-05T09:45:06,500.0,165.5,B
2021-07-05T09:44:50,1200.0,165.5,S
2021-07-05T09:44:39,100.0,165.6,B
2021-07-05T09:44:27,100.0,165.6,B
2021-07-05T09:44:18,100.0,165.6,S
2021-07-05T09:44:04,500.0,165.5,S
2021-07-05T09:43:53,500.0,165.6,S
2021-07-05T09:43:46,1000.0,165.6,S
2021-07-05T09:43:36,500.0,165.7,S
2021-07-05T09:43:08,300.0,165.8,S
2021-07-05T09:43:02,100.0,165.8,B
2021-07-05T09:42:46,100.0,165.8,B
2021-07-05T09:42:44,1500.0,165.8,S
2021-07-05T09:42:40,300.0,165.8,B
2021-07-05T09:42:19,1700.0,165.8,S
2021-07-05T09:42:08,100.0,165.9,B
2021-07-05T09:41:54,200.0,165.9,S
2021-07-05T09:41:54,400.0,165.9,B
2021-07-05T09:41:48,500.0,165.9,B
2021-07-05T09:41:38,100.0,165.9,B
2021-07-05T09:41:34,100.0,165.9,B
2021-07-05T09:41:25,200.0,165.9,B
2021-07-05T09:41:21,100.0,165.9,B
2021-07-05T09:41:18,1000.0,165.8,S
2021-07-05T09:41:07,1000.0,165.8,S
2021-07-05T09:40:53,100.0,165.9,B
2021-07-05T09:40:42,600.0,165.9,B
2021-07-05T09:40:35,1000.0,165.8,S
2021-07-05T09:39:55,1000.0,166.0,B
2021-07-05T09:39:53,100.0,166.0,B
2021-07-05T09:39:49,200.0,166.0,B
2021-07-05T09:39:32,2000.0,165.8,S
2021-07-05T09:39:17,100.0,165.8,S
2021-07-05T09:39:17,2900.0,165.8,S
2021-07-05T09:39:08,200.0,166.0,S
2021-07-05T09:39:07,300.0,166.0,S
2021-07-05T09:39:07,300.0,166.0,B
2021-07-05T09:38:49,200.0,166.0,S
2021-07-05T09:38:40,300.0,166.0,B
2021-07-05T09:38:32,1000.0,166.0,S
2021-07-05T09:38:27,200.0,166.0,B
2021-07-05T09:38:20,600.0,165.9,S
2021-07-05T09:38:04,100.0,166.0,B
2021-07-05T09:38:04,200.0,166.0,B
2021-07-05T09:38:04,500.0,166.0,S
2021-07-05T09:37:41,10000.0,166.0,S
2021-07-05T09:37:37,1000.0,166.0,S
2021-07-05T09:37:16,100.0,166.0,S
2021-07-05T09:37:15,2000.0,166.0,B
2021-07-05T09:37:15,500.0,166.0,B
2021-07-05T09:37:15,200.0,166.0,B
2021-07-05T09:37:15,700.0,166.0,B
2021-07-05T09:37:15,1300.0,166.0,B
2021-07-05T09:37:15,800.0,166.0,B
2021-07-05T09:37:15,4100.0,166.0,B
2021-07-05T09:37:15,1000.0,166.0,B
2021-07-05T09:37:15,600.0,166.0,B
2021-07-05T09:37:15,700.0,166.0,B
2021-07-05T09:37:15,600.0,166.0,B
2021-07-05T09:37:15,100.0,166.0,B
2021-07-05T09:37:15,1400.0,166.0,B
2021-07-05T09:37:14,800.0,165.9,S
2021-07-05T09:37:10,600.0,165.9,S
2021-07-05T09:37:06,1000.0,165.9,S
2021-07-05T09:37:05,2300.0,165.9,S
2021-07-05T09:37:05,700.0,165.9,B
2021-07-05T09:37:05,3700.0,165.9,B
2021-07-05T09:36:54,100.0,165.9,B
2021-07-05T09:36:49,300.0,165.9,B
2021-07-05T09:36:40,6000.0,165.9,B
2021-07-05T09:36:33,500.0,165.8,S
2021-07-05T09:36:27,100.0,165.9,B
2021-07-05T09:36:18,2000.0,165.9,B
2021-07-05T09:36:15,200.0,165.9,B
2021-07-05T09:36:12,300.0,165.9,B
2021-07-05T09:36:11,800.0,165.9,B
2021-07-05T09:36:09,200.0,165.9,B
2021-07-05T09:36:08,1100.0,165.9,B
2021-07-05T09:36:06,900.0,165.8,S
2021-07-05T09:36:01,700.0,165.9,B
2021-07-05T09:35:59,1100.0,165.8,S
2021-07-05T09:35:53,900.0,165.8,S
2021-07-05T09:35:50,1000.0,165.9,B
2021-07-05T09:35:47,300.0,165.9,B
2021-07-05T09:35:42,900.0,165.8,S
2021-07-05T09:35:40,1000.0,165.8,S
2021-07-05T09:35:38,200.0,165.9,B
2021-07-05T09:35:33,100.0,165.8,S
2021-07-05T09:35:32,800.0,165.8,S
2021-07-05T09:35:24,500.0,165.8,S
2021-07-05T09:35:24,200.0,165.9,B
2021-07-05T09:35:20,500.0,165.8,S
2021-07-05T09:35:19,100.0,165.9,B
2021-07-05T09:35:10,500.0,165.9,B
2021-07-05T09:35:01,600.0,165.8,S
2021-07-05T09:34:59,1100.0,165.8,S
2021-07-05T09:34:58,1500.0,165.8,S
2021-07-05T09:34:57,500.0,165.8,S
2021-07-05T09:34:53,500.0,165.9,B
2021-07-05T09:34:42,1100.0,165.8,S
2021-07-05T09:34:39,100.0,165.9,B
2021-07-05T09:34:38,400.0,165.9,B
2021-07-05T09:34:37,700.0,165.8,S
2021-07-05T09:34:29,1100.0,165.8,B
2021-07-05T09:34:29,200.0,165.8,B
2021-07-05T09:34:29,3400.0,165.8,B
2021-07-05T09:34:03,200.0,165.8,B
2021-07-05T09:33:51,100.0,165.6,S
2021-07-05T09:33:47,500.0,165.8,B
2021-07-05T09:33:44,500.0,165.8,B
2021-07-05T09:33:15,600.0,165.8,B
2021-07-05T09:33:12,100.0,165.6,B
2021-07-05T09:33:12,1000.0,165.5,S
2021-07-05T09:33:02,1100.0,165.4,S
2021-07-05T09:33:02,900.0,165.4,S
2021-07-05T09:32:49,100.0,165.8,B
2021-07-05T09:32:30,500.0,165.4,S
2021-07-05T09:32:15,8200.0,165.8,B
2021-07-05T09:32:06,500.0,165.4,S
2021-07-05T09:32:02,400.0,165.4,S
2021-07-05T09:31:57,8600.0,165.4,B
2021-07-05T09:31:40,100.0,165.3,S
2021-07-05T09:31:33,1400.0,165.4,B
2021-07-05T09:31:33,500.0,165.4,B
2021-07-05T09:31:17,100.0,165.3,S
2021-07-05T09:31:07,200.0,165.3,S
2021-07-05T09:31:06,7900.0,165.2,B
2021-07-05T09:31:05,800.0,165.2,B
2021-07-05T09:31:03,100.0,165.1,S
2021-07-05T09:31:00,1600.0,165.2,B
2021-07-05T09:30:56,400.0,165.2,B
2021-07-05T09:30:53,100.0,165.1,S
2021-07-05T09:30:50,1100.0,165.1,S
2021-07-05T09:30:46,100.0,165.1,S
2021-07-05T09:30:39,800.0,165.1,B
2021-07-05T09:30:36,100.0,165.0,B
2021-07-05T09:30:25,200.0,165.0,B
2021-07-05T09:30:20,100.0,165.0,B
2021-07-05T09:30:20,100.0,165.0,B
2021-07-05T09:30:18,300.0,165.0,B
2021-07-05T09:30:13,100.0,164.5,S
2021-07-05T09:30:11,2100.0,165.0,B
2021-07-05T09:30:11,1300.0,165.0,B
2021-07-05T09:30:11,11600.0,165.0,B
2021-07-05T09:29:44,100.0,164.1,S
2021-07-05T09:29:43,900.0,165.0,B
2021-07-05T09:29:42,1000.0,164.5,B
2021-07-05T09:29:16,700.0,164.0,B
2021-07-05T09:29:09,1500.0,164.0,B
2021-07-05T09:28:54,1000.0,164.0,B
2021-07-05T09:28:49,500.0,163.3,S
2021-07-05T09:28:45,100.0,164.0,B
2021-07-05T09:28:44,2700.0,164.0,B
2021-07-05T09:28:41,4200.0,164.0,S
2021-07-05T09:28:39,1000.0,164.0,S
2021-07-05T09:28:24,500.0,164.5,B
2021-07-05T09:28:17,300.0,164.0,S
2021-07-05T09:28:17,300.0,164.0,S
2021-07-05T09:28:13,100.0,164.5,B
2021-07-05T09:27:57,100.0,165.0,B
2021-07-05T09:27:53,900.0,165.0,B
2021-07-05T09:27:27,400.0,165.0,B
2021-07-05T09:27:25,5000.0,165.0,B
2021-07-05T09:27:09,1100.0,165.0,B
2021-07-05T09:27:00,6100.0,163.0,S
2021-07-05T09:27:00,2100.0,163.0,S
2021-07-05T09:27:00,300.0,163.0,S
2021-07-05T09:27:00,3500.0,163.0,S
2021-07-05T09:27:00,500.0,163.0,S
2021-07-05T09:27:00,2500.0,163.0,S
2021-07-05T09:26:54,300.0,164.9,B
2021-07-05T09:26:48,800.0,164.9,B
2021-07-05T09:26:47,900.0,164.9,B
2021-07-05T09:26:40,900.0,164.9,B
2021-07-05T09:26:30,900.0,165.0,B
2021-07-05T09:26:28,800.0,165.0,B
2021-07-05T09:26:28,100.0,164.0,B
2021-07-05T09:26:19,1100.0,164.0,B
2021-07-05T09:26:16,1000.0,165.0,B
2021-07-05T09:26:16,500.0,165.0,B
2021-07-05T09:26:13,800.0,165.0,B
2021-07-05T09:26:07,800.0,165.0,B
2021-07-05T09:26:06,2400.0,165.0,B
2021-07-05T09:26:05,3900.0,165.0,S
2021-07-05T09:25:59,100.0,165.5,B
2021-07-05T09:25:59,200.0,165.0,S
2021-07-05T09:25:59,100.0,165.0,S
2021-07-05T09:25:58,1000.0,165.5,B
2021-07-05T09:25:51,800.0,165.0,B
2021-07-05T09:25:48,1100.0,165.0,B
2021-07-05T09:25:39,1000.0,165.0,B
2021-07-05T09:25:37,900.0,165.0,B
2021-07-05T09:25:28,500.0,165.0,B
2021-07-05T09:25:27,1100.0,164.2,S
2021-07-05T09:25:26,100.0,165.0,S
2021-07-05T09:25:26,100.0,165.0,S
2021-07-05T09:25:26,4000.0,165.0,S
2021-07-05T09:25:20,100.0,165.0,S
2021-07-05T09:25:17,300.0,165.0,S
2021-07-05T09:25:15,100.0,165.0,S
2021-07-05T09:25:09,900.0,164.0,S
2021-07-05T09:25:09,1000.0,165.9,B
2021-07-05T09:25:09,11000.0,165.9,B
2021-07-05T09:25:06,1000.0,165.0,B
2021-07-05T09:25:04,2100.0,163.0,S
2021-07-05T09:25:04,300.0,163.5,S
2021-07-05T09:25:04,700.0,163.8,S
2021-07-05T09:25:04,100.0,163.8,S
2021-07-05T09:25:04,6800.0,163.9,S
2021-07-05T09:25:03,400.0,164.2,S
2021-07-05T09:24:56,1100.0,165.0,B
2021-07-05T09:24:44,800.0,165.0,B
2021-07-05T09:24:42,1000.0,165.0,B
2021-07-05T09:24:36,100.0,165.0,B
2021-07-05T09:24:35,200.0,165.0,B
2021-07-05T09:24:33,1000.0,165.0,B
2021-07-05T09:24:32,3700.0,165.0,B
2021-07-05T09:24:27,1100.0,165.0,B
2021-07-05T09:24:26,900.0,165.0,B
2021-07-05T09:24:17,1000.0,165.0,B
2021-07-05T09:24:16,200.0,165.0,B
2021-07-05T09:24:15,1800.0,165.0,S
2021-07-05T09:24:12,300.0,165.0,S
2021-07-05T09:24:12,200.0,165.1,S
2021-07-05T09:24:12,200.0,165.1,S
2021-07-05T09:23:59,300.0,165.0,S
2021-07-05T09:23:57,1100.0,166.0,B
2021-07-05T09:23:55,300.0,165.0,B
2021-07-05T09:23:54,300.0,165.0,S
2021-07-05T09:23:53,200.0,166.0,B
2021-07-05T09:23:51,800.0,166.0,B
2021-07-05T09:23:51,1000.0,165.0,S
2021-07-05T09:23:45,1000.0,166.0,B
2021-07-05T09:23:44,500.0,166.0,B
2021-07-05T09:23:41,900.0,166.0,B
2021-07-05T09:23:40,200.0,165.0,S
2021-07-05T09:23:40,900.0,165.9,B
2021-07-05T09:23:35,700.0,165.0,B
2021-07-05T09:23:26,700.0,165.0,S
2021-07-05T09:23:25,100.0,165.9,B
2021-07-05T09:23:25,200.0,165.5,B
2021-07-05T09:23:24,1500.0,165.0,S
2021-07-05T09:23:23,100.0,165.0,S
2021-07-05T09:23:22,500.0,165.0,S
2021-07-05T09:23:16,100.0,165.9,B
2021-07-05T09:23:11,1000.0,166.0,B
2021-07-05T09:23:06,100.0,166.0,B
2021-07-05T09:22:57,3000.0,166.0,B
2021-07-05T09:22:57,200.0,166.0,B
2021-07-05T09:22:43,3200.0,166.0,S
2021-07-05T09:22:42,200.0,166.5,B
2021-07-05T09:22:40,5200.0,166.0,S
2021-07-05T09:22:37,2000.0,166.0,S
2021-07-05T09:22:37,100.0,166.2,B
2021-07-05T09:22:28,500.0,166.5,B
2021-07-05T09:22:25,6000.0,166.0,S
2021-07-05T09:22:24,100.0,166.4,B
2021-07-05T09:22:23,200.0,166.0,S
2021-07-05T09:22:22,1500.0,166.0,S
2021-07-05T09:22:18,3200.0,166.0,S
2021-07-05T09:22:17,1000.0,166.0,S
2021-07-05T09:22:17,500.0,166.4,B
2021-07-05T09:22:14,600.0,166.0,S
2021-07-05T09:22:14,100.0,166.0,S
2021-07-05T09:22:13,900.0,166.0,S
2021-07-05T09:22:13,2000.0,166.0,S
2021-07-05T09:22:09,1000.0,166.0,S
2021-07-05T09:22:08,800.0,166.0,S
2021-07-05T09:21:59,100.0,166.0,S
2021-07-05T09:21:58,3900.0,166.0,S
2021-07-05T09:21:57,1400.0,166.1,B
2021-07-05T09:21:40,100.0,166.5,B
2021-07-05T09:21:37,100.0,166.5,B
2021-07-05T09:21:37,400.0,166.0,S
2021-07-05T09:21:29,300.0,166.5,S
2021-07-05T09:21:23,200.0,166.8,B
2021-07-05T09:21:13,600.0,166.0,S
2021-07-05T09:21:10,200.0,166.0,S
2021-07-05T09:21:05,1000.0,166.8,B
2021-07-05T09:21:04,100.0,166.1,S
2021-07-05T09:20:59,300.0,166.9,B
2021-07-05T09:20:58,100.0,166.5,B
2021-07-05T09:20:54,100.0,166.0,S
2021-07-05T09:20:51,1500.0,166.0,S
2021-07-05T09:20:50,1200.0,166.9,B
2021-07-05T09:20:50,200.0,166.8,B
2021-07-05T09:20:50,600.0,166.5,B
2021-07-05T09:20:50,100.0,166.5,B
2021-07-05T09:20:45,100.0,166.5,B
2021-07-05T09:20:45,100.0,166.5,B
2021-07-05T09:20:36,200.0,166.0,S
2021-07-05T09:20:34,100.0,166.9,B
2021-07-05T09:20:33,1100.0,166.9,B
2021-07-05T09:20:32,200.0,166.9,B
2021-07-05T09:20:30,400.0,166.0,S
2021-07-05T09:20:26,200.0,166.0,S
2021-07-05T09:20:23,100.0,166.8,B
2021-07-05T09:20:20,200.0,166.0,S
2021-07-05T09:20:19,400.0,166.0,B
2021-07-05T09:20:14,1000.0,166.9,B
2021-07-05T09:20:10,2000.0,166.9,B
2021-07-05T09:20:09,1400.0,166.9,B
2021-07-05T09:20:05,400.0,166.0,S
2021-07-05T09:20:05,2100.0,166.0,S
2021-07-05T09:20:05,2000.0,166.0,S
2021-07-05T09:20:02,100.0,166.0,S
2021-07-05T09:20:02,500.0,166.0,S
2021-07-05T09:20:02,200.0,166.0,S
2021-07-05T09:20:01,100.0,166.9,B
2021-07-05T09:19:58,200.0,166.0,S
2021-07-05T09:19:52,500.0,166.0,S
2021-07-05T09:19:46,1000.0,167.0,B
2021-07-05T09:19:46,9000.0,166.9,B
2021-07-05T09:19:45,1000.0,165.0,S
2021-07-05T09:19:41,5900.0,166.0,B
2021-07-05T09:19:34,2000.0,166.0,B
2021-07-05T09:19:34,100.0,165.5,B
2021-07-05T09:19:34,7900.0,165.5,B
2021-07-05T09:19:30,1500.0,165.0,B
2021-07-05T09:19:29,900.0,165.0,B
2021-07-05T09:19:29,2200.0,165.0,B
2021-07-05T09:19:29,100.0,164.9,B
2021-07-05T09:19:22,1300.0,165.0,B
2021-07-05T09:19:22,1700.0,165.0,B
2021-07-05T09:19:22,100.0,165.0,B
2021-07-05T09:19:22,6900.0,165.0,B
2021-07-05T09:19:19,200.0,163.9,B
2021-07-05T09:19:10,300.0,164.9,B
2021-07-05T09:19:05,2300.0,164.9,B
2021-07-05T09:19:05,200.0,164.0,B
2021-07-05T09:19:05,6100.0,164.0,B
2021-07-05T09:19:05,1400.0,163.8,B
2021-07-05T09:18:59,100.0,163.7,B
2021-07-05T09:18:50,300.0,163.7,B
2021-07-05T09:18:36,500.0,163.8,B
2021-07-05T09:18:34,3000.0,163.8,B
2021-07-05T09:18:30,100.0,163.8,B
2021-07-05T09:18:29,200.0,162.9,S
2021-07-05T09:18:20,300.0,164.0,B
2021-07-05T09:18:20,1800.0,164.0,B
2021-07-05T09:18:13,200.0,162.9,S
2021-07-05T09:18:13,100.0,162.9,B
2021-07-05T09:18:09,200.0,162.9,B
2021-07-05T09:18:06,100.0,162.9,B
2021-07-05T09:18:01,900.0,163.0,S
2021-07-05T09:17:57,5000.0,163.0,S
2021-07-05T09:17:57,200.0,163.0,S
2021-07-05T09:17:55,200.0,163.0,B
2021-07-05T09:17:55,200.0,163.0,B
2021-07-05T09:17:55,200.0,163.0,B
2021-07-05T09:17:55,800.0,163.0,B
2021-07-05T09:17:55,1200.0,163.0,B
2021-07-05T09:17:55,4800.0,163.0,B
2021-07-05T09:17:55,100.0,163.0,B
2021-07-05T09:17:55,2800.0,163.0,B
2021-07-05T09:17:55,300.0,163.0,B
2021-07-05T09:17:55,1200.0,163.0,B
2021-07-05T09:17:55,100.0,162.8,B
2021-07-05T09:17:55,2000.0,162.8,B
2021-07-05T09:17:53,100.0,162.7,S
2021-07-05T09:17:47,400.0,162.6,B
2021-07-05T09:17:45,500.0,162.6,B
2021-07-05T09:17:41,200.0,162.5,S
2021-07-05T09:17:37,700.0,162.5,S
2021-07-05T09:17:36,800.0,162.5,B
2021-07-05T09:17:35,100.0,162.5,B
2021-07-05T09:17:34,1000.0,162.0,S
2021-07-05T09:17:34,3200.0,162.5,B
2021-07-05T09:17:32,200.0,162.5,S
2021-07-05T09:17:27,300.0,162.5,B
2021-07-05T09:17:24,100.0,162.3,S
2021-07-05T09:17:22,200.0,162.5,B
2021-07-05T09:17:16,200.0,162.3,S
2021-07-05T09:17:09,200.0,162.5,B
2021-07-05T09:17:09,300.0,162.3,B
2021-07-05T09:17:06,200.0,162.3,B
2021-07-05T09:17:03,100.0,162.3,S
2021-07-05T09:16:58,800.0,162.3,B
2021-07-05T09:16:42,5000.0,162.5,B
2021-07-05T09:16:39,100.0,162.0,S
2021-07-05T09:16:38,700.0,162.0,B
2021-07-05T09:16:38,500.0,162.0,B
2021-07-05T09:16:36,500.0,162.0,B
2021-07-05T09:16:30,100.0,162.0,B
2021-07-05T09:16:29,100.0,162.0,B
2021-07-05T09:16:29,300.0,162.0,B
2021-07-05T09:16:28,200.0,162.0,B
2021-07-05T09:16:27,300.0,162.0,B
2021-07-05T09:16:25,100.0,162.0,B
2021-07-05T09:16:24,1000.0,162.0,B
2021-07-05T09:16:23,200.0,162.0,B
2021-07-05T09:16:12,300.0,162.0,B
2021-07-05T09:16:12,100.0,161.6,B
2021-07-05T09:16:09,100.0,161.6,S
2021-07-05T09:16:07,100.0,162.0,B
2021-07-05T09:16:07,800.0,162.0,B
2021-07-05T09:16:06,1000.0,162.0,B
2021-07-05T09:16:04,100.0,161.8,B
2021-07-05T09:15:51,100.0,162.0,B
2021-07-05T09:15:49,600.0,162.0,B
2021-07-05T09:15:26,400.0,161.0,S
2021-07-05T09:15:26,1700.0,161.0,S
2021-07-05T09:15:21,600.0,161.0,S
2021-07-05T09:15:19,600.0,161.0,S
2021-07-05T09:15:09,100.0,161.0,S
