tradingTime,volume,price,side
2021-07-05T10:52:43,1600.0,20.4,B
2021-07-05T10:52:43,700.0,20.4,B
2021-07-05T10:52:43,2700.0,20.4,B
2021-07-05T10:52:40,2000.0,20.35,S
2021-07-05T10:52:20,100.0,20.35,S
2021-07-05T10:52:04,1000.0,20.35,S
2021-07-05T10:52:04,800.0,20.4,B
2021-07-05T10:51:52,500.0,20.35,S
2021-07-05T10:51:48,500.0,20.4,B
2021-07-05T10:51:39,500.0,20.4,B
2021-07-05T10:51:24,6000.0,20.4,B
2021-07-05T10:51:13,1500.0,20.4,B
2021-07-05T10:51:13,1500.0,20.35,S
2021-07-05T10:51:11,2000.0,20.4,B
2021-07-05T10:51:10,2000.0,20.35,S
2021-07-05T10:51:10,9200.0,20.4,B
2021-07-05T10:45:24,100.0,20.4,B
2021-07-05T10:45:24,1200.0,20.3,S
2021-07-05T10:45:24,300.0,20.3,S
2021-07-05T10:45:24,1300.0,20.3,S
2021-07-05T10:45:24,600.0,20.3,S
2021-07-05T10:45:24,600.0,20.3,S
2021-07-05T10:45:19,700.0,20.3,S
2021-07-05T10:45:19,4100.0,20.3,S
2021-07-05T10:45:19,200.0,20.3,S
2021-07-05T10:45:19,1500.0,20.3,S
2021-07-05T10:45:19,6500.0,20.3,S
2021-07-05T10:45:19,7500.0,20.3,S
2021-07-05T10:45:19,200.0,20.3,S
2021-07-05T10:45:19,11300.0,20.3,S
2021-07-05T10:45:19,2100.0,20.3,S
2021-07-05T10:45:19,14900.0,20.3,S
2021-07-05T10:45:19,1000.0,20.3,S
2021-07-05T10:45:18,1000.0,20.3,S
2021-07-05T10:45:15,3200.0,20.3,S
2021-07-05T10:44:56,300.0,20.3,S
2021-07-05T10:44:56,1800.0,20.3,S
2021-07-05T10:44:56,100.0,20.3,S
2021-07-05T10:44:56,1100.0,20.3,S
2021-07-05T10:44:56,700.0,20.3,S
2021-07-05T10:44:48,200.0,20.4,B
2021-07-05T10:44:45,300.0,20.35,B
2021-07-05T10:44:40,1300.0,20.35,S
2021-07-05T10:44:40,9000.0,20.35,S
2021-07-05T10:44:40,100.0,20.35,S
2021-07-05T10:44:40,5500.0,20.35,S
2021-07-05T10:44:40,2600.0,20.35,S
2021-07-05T10:44:40,3800.0,20.35,S
2021-07-05T10:44:40,4100.0,20.35,S
2021-07-05T10:44:40,7800.0,20.35,S
2021-07-05T10:44:40,2000.0,20.35,S
2021-07-05T10:44:40,13500.0,20.35,S
2021-07-05T10:44:34,100.0,20.4,B
2021-07-05T10:44:33,18100.0,20.4,S
2021-07-05T10:44:27,3000.0,20.4,S
2021-07-05T10:44:23,3000.0,20.4,S
2021-07-05T10:44:16,2000.0,20.4,S
2021-07-05T10:44:13,2000.0,20.4,S
2021-07-05T10:44:13,1000.0,20.4,S
2021-07-05T10:44:13,2400.0,20.4,S
2021-07-05T10:44:13,10000.0,20.4,S
2021-07-05T10:44:10,58500.0,20.4,B
2021-07-05T10:44:05,100.0,20.4,B
2021-07-05T10:44:03,4200.0,20.4,S
2021-07-05T10:44:03,30100.0,20.4,S
2021-07-05T10:44:03,1300.0,20.4,S
2021-07-05T10:44:03,11000.0,20.4,S
2021-07-05T10:44:03,30600.0,20.4,S
2021-07-05T10:43:54,1000.0,20.4,S
2021-07-05T10:43:53,2200.0,20.45,B
2021-07-05T10:43:53,4300.0,20.45,S
2021-07-05T10:43:48,5000.0,20.45,S
2021-07-05T10:43:47,4000.0,20.45,S
2021-07-05T10:43:43,1700.0,20.45,S
2021-07-05T10:43:40,1900.0,20.45,S
2021-07-05T10:43:36,1000.0,20.45,S
2021-07-05T10:43:30,1000.0,20.45,S
2021-07-05T10:43:30,100.0,20.45,S
2021-07-05T10:43:28,500.0,20.45,S
2021-07-05T10:43:24,200.0,20.45,S
2021-07-05T10:43:24,6000.0,20.45,S
2021-07-05T10:42:54,200.0,20.45,S
2021-07-05T10:42:50,5100.0,20.45,B
2021-07-05T10:42:50,4000.0,20.45,B
2021-07-05T10:42:50,5000.0,20.45,B
2021-07-05T10:42:38,800.0,20.45,S
2021-07-05T10:42:30,5000.0,20.45,S
2021-07-05T10:42:29,1100.0,20.45,S
2021-07-05T10:42:28,2500.0,20.45,S
2021-07-05T10:42:25,10000.0,20.45,S
2021-07-05T10:42:15,1000.0,20.45,S
2021-07-05T10:42:00,100.0,20.45,S
2021-07-05T10:41:59,200.0,20.45,S
2021-07-05T10:41:55,100.0,20.5,B
2021-07-05T10:41:11,500.0,20.5,B
2021-07-05T10:41:04,800.0,20.5,B
2021-07-05T10:41:00,5100.0,20.45,S
2021-07-05T10:40:58,1000.0,20.45,S
2021-07-05T10:40:49,2700.0,20.45,S
2021-07-05T10:40:47,3000.0,20.45,S
2021-07-05T10:40:38,1500.0,20.45,S
2021-07-05T10:40:31,200.0,20.45,S
2021-07-05T10:40:27,700.0,20.45,S
2021-07-05T10:39:58,500.0,20.45,S
2021-07-05T10:39:55,3400.0,20.45,S
2021-07-05T10:39:46,600.0,20.45,S
2021-07-05T10:39:35,10000.0,20.45,S
2021-07-05T10:39:28,27900.0,20.45,B
2021-07-05T10:39:28,6200.0,20.45,B
2021-07-05T10:39:28,100.0,20.45,B
2021-07-05T10:39:18,5000.0,20.4,S
2021-07-05T10:39:10,300.0,20.45,S
2021-07-05T10:39:10,2000.0,20.45,S
2021-07-05T10:39:09,2700.0,20.45,S
2021-07-05T10:39:06,200.0,20.45,S
2021-07-05T10:39:06,7200.0,20.45,S
2021-07-05T10:39:04,8000.0,20.45,S
2021-07-05T10:39:03,1700.0,20.45,S
2021-07-05T10:39:01,2000.0,20.45,S
2021-07-05T10:38:58,1700.0,20.45,S
2021-07-05T10:38:40,500.0,20.45,S
2021-07-05T10:38:33,100.0,20.45,S
2021-07-05T10:38:20,100.0,20.45,S
2021-07-05T10:38:11,500.0,20.45,S
2021-07-05T10:37:57,3000.0,20.5,B
2021-07-05T10:37:32,2300.0,20.5,S
2021-07-05T10:37:27,14100.0,20.5,S
2021-07-05T10:37:24,300.0,20.55,B
2021-07-05T10:37:24,500.0,20.55,B
2021-07-05T10:36:55,7000.0,20.5,S
2021-07-05T10:36:52,100.0,20.5,S
2021-07-05T10:36:47,1500.0,20.5,S
2021-07-05T10:36:30,1000.0,20.5,S
2021-07-05T10:36:19,1000.0,20.5,S
2021-07-05T10:36:13,500.0,20.55,B
2021-07-05T10:36:09,900.0,20.5,S
2021-07-05T10:35:50,100.0,20.5,S
2021-07-05T10:35:33,500.0,20.5,S
2021-07-05T10:35:25,100.0,20.5,B
2021-07-05T10:35:25,3400.0,20.5,B
2021-07-05T10:35:25,9200.0,20.5,B
2021-07-05T10:35:25,100.0,20.5,B
2021-07-05T10:35:25,2900.0,20.5,B
2021-07-05T10:35:25,15000.0,20.5,B
2021-07-05T10:35:25,7200.0,20.5,B
2021-07-05T10:35:24,10000.0,20.45,S
2021-07-05T10:35:20,8100.0,20.45,S
2021-07-05T10:35:20,100.0,20.45,B
2021-07-05T10:35:20,10000.0,20.45,B
2021-07-05T10:35:14,1000.0,20.4,B
2021-07-05T10:35:14,9800.0,20.4,B
2021-07-05T10:35:14,2600.0,20.4,B
2021-07-05T10:35:14,2100.0,20.4,B
2021-07-05T10:35:14,100.0,20.4,B
2021-07-05T10:35:14,2500.0,20.4,B
2021-07-05T10:35:14,1300.0,20.4,B
2021-07-05T10:35:09,200.0,20.35,S
2021-07-05T10:35:00,1000.0,20.35,S
2021-07-05T10:34:26,1100.0,20.35,S
2021-07-05T10:34:26,900.0,20.35,S
2021-07-05T10:34:25,300.0,20.4,B
2021-07-05T10:34:19,8000.0,20.4,B
2021-07-05T10:33:59,100.0,20.4,B
2021-07-05T10:33:56,300.0,20.4,B
2021-07-05T10:33:44,800.0,20.4,B
2021-07-05T10:33:00,26800.0,20.35,S
2021-07-05T10:32:04,200.0,20.35,S
2021-07-05T10:31:55,100.0,20.35,S
2021-07-05T10:31:51,500.0,20.35,S
2021-07-05T10:31:44,200.0,20.35,S
2021-07-05T10:31:26,10000.0,20.35,S
2021-07-05T10:31:26,500.0,20.4,B
2021-07-05T10:31:05,200.0,20.4,B
2021-07-05T10:31:03,2700.0,20.35,S
2021-07-05T10:31:03,300.0,20.35,S
2021-07-05T10:31:03,100.0,20.4,B
2021-07-05T10:31:00,3000.0,20.4,B
2021-07-05T10:30:53,500.0,20.4,B
2021-07-05T10:30:46,4000.0,20.4,B
2021-07-05T10:30:43,10700.0,20.4,S
2021-07-05T10:30:37,600.0,20.4,S
2021-07-05T10:30:29,3400.0,20.4,S
2021-07-05T10:30:29,600.0,20.4,S
2021-07-05T10:30:29,3200.0,20.4,S
2021-07-05T10:30:20,400.0,20.4,S
2021-07-05T10:30:06,800.0,20.45,B
2021-07-05T10:29:55,600.0,20.4,S
2021-07-05T10:29:55,400.0,20.4,S
2021-07-05T10:29:49,300.0,20.4,S
2021-07-05T10:29:38,500.0,20.4,S
2021-07-05T10:28:34,10000.0,20.45,B
2021-07-05T10:28:32,100.0,20.4,B
2021-07-05T10:28:24,100.0,20.4,B
2021-07-05T10:28:23,3500.0,20.35,S
2021-07-05T10:28:23,300.0,20.35,S
2021-07-05T10:28:23,4000.0,20.35,S
2021-07-05T10:28:23,12200.0,20.35,S
2021-07-05T10:28:23,6300.0,20.35,S
2021-07-05T10:28:23,500.0,20.35,S
2021-07-05T10:28:23,3800.0,20.35,S
2021-07-05T10:28:17,100.0,20.4,B
2021-07-05T10:28:13,2000.0,20.4,B
2021-07-05T10:27:51,100.0,20.4,B
2021-07-05T10:27:50,100.0,20.4,B
2021-07-05T10:27:44,2000.0,20.4,B
2021-07-05T10:27:41,3900.0,20.4,S
2021-07-05T10:27:34,700.0,20.4,S
2021-07-05T10:27:34,1000.0,20.4,S
2021-07-05T10:27:34,18300.0,20.4,S
2021-07-05T10:26:49,2800.0,20.4,S
2021-07-05T10:26:38,600.0,20.45,B
2021-07-05T10:26:31,28900.0,20.4,S
2021-07-05T10:26:31,5100.0,20.4,S
2021-07-05T10:26:25,800.0,20.5,B
2021-07-05T10:26:22,300.0,20.45,B
2021-07-05T10:26:06,100.0,20.45,B
2021-07-05T10:26:02,3600.0,20.45,S
2021-07-05T10:25:55,20800.0,20.45,S
2021-07-05T10:25:31,500.0,20.5,B
2021-07-05T10:25:13,200.0,20.45,S
2021-07-05T10:24:52,300.0,20.45,S
2021-07-05T10:24:43,200.0,20.45,S
2021-07-05T10:24:37,200.0,20.45,S
2021-07-05T10:24:35,100.0,20.45,S
2021-07-05T10:24:30,3700.0,20.45,B
2021-07-05T10:24:30,1000.0,20.45,B
2021-07-05T10:24:29,21500.0,20.45,B
2021-07-05T10:24:25,100.0,20.4,B
2021-07-05T10:24:13,100.0,20.4,B
2021-07-05T10:24:09,100.0,20.4,B
2021-07-05T10:24:09,1000.0,20.4,S
2021-07-05T10:24:09,1900.0,20.4,S
2021-07-05T10:24:09,5200.0,20.4,S
2021-07-05T10:24:09,400.0,20.4,S
2021-07-05T10:24:09,400.0,20.4,S
2021-07-05T10:24:09,1000.0,20.4,S
2021-07-05T10:24:09,800.0,20.4,S
2021-07-05T10:24:09,10400.0,20.4,S
2021-07-05T10:24:09,1400.0,20.4,S
2021-07-05T10:24:09,600.0,20.4,S
2021-07-05T10:24:09,200.0,20.4,S
2021-07-05T10:24:09,1000.0,20.4,S
2021-07-05T10:24:09,1200.0,20.4,S
2021-07-05T10:24:09,100.0,20.4,S
2021-07-05T10:24:09,200.0,20.4,S
2021-07-05T10:24:09,6000.0,20.4,S
2021-07-05T10:24:09,1000.0,20.4,S
2021-07-05T10:24:09,1600.0,20.4,S
2021-07-05T10:24:09,5000.0,20.4,S
2021-07-05T10:24:09,5500.0,20.4,S
2021-07-05T10:24:09,3600.0,20.4,S
2021-07-05T10:24:09,800.0,20.4,S
2021-07-05T10:24:09,300.0,20.4,S
2021-07-05T10:24:09,2500.0,20.4,S
2021-07-05T10:24:09,5600.0,20.4,S
2021-07-05T10:24:09,300.0,20.4,S
2021-07-05T10:24:09,400.0,20.4,S
2021-07-05T10:24:09,1100.0,20.4,S
2021-07-05T10:24:09,2000.0,20.4,S
2021-07-05T10:24:09,2600.0,20.4,S
2021-07-05T10:24:09,1300.0,20.4,S
2021-07-05T10:24:09,1000.0,20.4,S
2021-07-05T10:24:09,800.0,20.4,S
2021-07-05T10:24:09,10100.0,20.4,S
2021-07-05T10:24:09,1700.0,20.4,S
2021-07-05T10:24:01,400.0,20.4,S
2021-07-05T10:24:00,1000.0,20.45,B
2021-07-05T10:23:55,100.0,20.45,B
2021-07-05T10:23:55,400.0,20.4,S
2021-07-05T10:23:48,100.0,20.45,B
2021-07-05T10:23:42,400.0,20.4,S
2021-07-05T10:23:40,1200.0,20.45,B
2021-07-05T10:23:19,300.0,20.4,S
2021-07-05T10:23:03,200.0,20.45,B
2021-07-05T10:22:56,1000.0,20.45,B
2021-07-05T10:22:53,2200.0,20.45,B
2021-07-05T10:22:46,800.0,20.45,B
2021-07-05T10:22:43,100.0,20.4,S
2021-07-05T10:22:33,500.0,20.45,B
2021-07-05T10:22:17,1000.0,20.45,B
2021-07-05T10:22:00,5000.0,20.45,B
2021-07-05T10:21:58,2900.0,20.4,S
2021-07-05T10:21:50,100.0,20.45,B
2021-07-05T10:21:40,900.0,20.45,S
2021-07-05T10:21:40,3200.0,20.45,S
2021-07-05T10:21:40,1400.0,20.45,S
2021-07-05T10:21:30,4000.0,20.45,S
2021-07-05T10:21:27,100.0,20.5,B
2021-07-05T10:20:54,2000.0,20.45,S
2021-07-05T10:20:11,2200.0,20.45,S
2021-07-05T10:19:58,200.0,20.5,B
2021-07-05T10:19:30,800.0,20.5,B
2021-07-05T10:19:29,300.0,20.5,S
2021-07-05T10:19:12,2700.0,20.5,B
2021-07-05T10:19:04,800.0,20.5,B
2021-07-05T10:18:58,2800.0,20.5,B
2021-07-05T10:18:25,100.0,20.5,B
2021-07-05T10:18:23,1000.0,20.45,S
2021-07-05T10:18:02,500.0,20.5,B
2021-07-05T10:17:48,2000.0,20.5,B
2021-07-05T10:17:40,200.0,20.5,B
2021-07-05T10:17:22,7000.0,20.45,S
2021-07-05T10:17:17,100.0,20.5,B
2021-07-05T10:17:08,100.0,20.5,B
2021-07-05T10:17:08,5200.0,20.5,B
2021-07-05T10:17:07,14700.0,20.5,B
2021-07-05T10:17:02,10000.0,20.45,S
2021-07-05T10:16:35,1000.0,20.45,S
2021-07-05T10:16:23,300.0,20.45,B
2021-07-05T10:16:23,500.0,20.45,B
2021-07-05T10:16:23,1500.0,20.45,B
2021-07-05T10:16:23,500.0,20.45,B
2021-07-05T10:16:14,1000.0,20.45,B
2021-07-05T10:16:10,500.0,20.45,S
2021-07-05T10:16:00,200.0,20.45,B
2021-07-05T10:15:43,2000.0,20.4,S
2021-07-05T10:15:40,10000.0,20.45,B
2021-07-05T10:15:40,8300.0,20.4,S
2021-07-05T10:15:29,400.0,20.4,S
2021-07-05T10:15:27,800.0,20.45,B
2021-07-05T10:15:20,100.0,20.4,S
2021-07-05T10:15:18,800.0,20.4,S
2021-07-05T10:15:17,5000.0,20.45,B
2021-07-05T10:15:13,31000.0,20.4,S
2021-07-05T10:15:09,200.0,20.45,B
2021-07-05T10:14:58,1000.0,20.4,S
2021-07-05T10:14:58,1000.0,20.4,S
2021-07-05T10:14:58,300.0,20.4,S
2021-07-05T10:14:58,2700.0,20.4,S
2021-07-05T10:14:54,800.0,20.4,S
2021-07-05T10:14:33,3000.0,20.4,S
2021-07-05T10:14:30,100.0,20.45,B
2021-07-05T10:14:25,200.0,20.45,S
2021-07-05T10:14:24,3000.0,20.45,S
2021-07-05T10:14:20,900.0,20.45,S
2021-07-05T10:14:20,2500.0,20.45,S
2021-07-05T10:14:20,100.0,20.45,S
2021-07-05T10:14:20,6500.0,20.45,S
2021-07-05T10:14:20,200.0,20.45,S
2021-07-05T10:14:14,3800.0,20.45,S
2021-07-05T10:14:07,11700.0,20.45,S
2021-07-05T10:14:04,12300.0,20.45,S
2021-07-05T10:14:03,1300.0,20.5,B
2021-07-05T10:13:39,2000.0,20.45,S
2021-07-05T10:13:36,100.0,20.5,B
2021-07-05T10:13:30,400.0,20.5,B
2021-07-05T10:13:22,1000.0,20.45,S
2021-07-05T10:13:19,400.0,20.45,S
2021-07-05T10:13:19,1100.0,20.45,S
2021-07-05T10:13:13,1000.0,20.5,B
2021-07-05T10:13:03,100.0,20.5,B
2021-07-05T10:12:40,100.0,20.5,B
2021-07-05T10:12:36,2200.0,20.5,B
2021-07-05T10:12:27,500.0,20.5,B
2021-07-05T10:12:17,5700.0,20.5,S
2021-07-05T10:12:13,100.0,20.55,B
2021-07-05T10:12:02,400.0,20.55,B
2021-07-05T10:12:01,2000.0,20.5,S
2021-07-05T10:11:58,300.0,20.5,S
2021-07-05T10:11:58,3100.0,20.5,S
2021-07-05T10:11:58,1800.0,20.5,S
2021-07-05T10:11:58,1200.0,20.5,S
2021-07-05T10:11:46,800.0,20.55,B
2021-07-05T10:11:07,1400.0,20.5,S
2021-07-05T10:11:07,300.0,20.5,S
2021-07-05T10:11:07,400.0,20.5,S
2021-07-05T10:11:07,1600.0,20.5,S
2021-07-05T10:11:07,4000.0,20.5,S
2021-07-05T10:11:07,21100.0,20.5,S
2021-07-05T10:11:07,2300.0,20.5,S
2021-07-05T10:11:07,11700.0,20.5,S
2021-07-05T10:11:07,10100.0,20.5,S
2021-07-05T10:11:07,600.0,20.5,S
2021-07-05T10:11:07,4800.0,20.5,S
2021-07-05T10:11:07,5000.0,20.5,S
2021-07-05T10:11:07,6900.0,20.5,S
2021-07-05T10:11:07,100.0,20.5,S
2021-07-05T10:11:07,3100.0,20.5,S
2021-07-05T10:11:06,1700.0,20.5,S
2021-07-05T10:11:06,7300.0,20.5,S
2021-07-05T10:11:06,3500.0,20.5,S
2021-07-05T10:11:06,5900.0,20.5,S
2021-07-05T10:11:06,300.0,20.5,S
2021-07-05T10:11:06,9100.0,20.5,S
2021-07-05T10:11:06,8100.0,20.5,S
2021-07-05T10:11:06,400.0,20.55,S
2021-07-05T10:11:06,1300.0,20.55,S
2021-07-05T10:11:06,500.0,20.55,S
2021-07-05T10:10:34,1400.0,20.55,S
2021-07-05T10:10:33,100.0,20.55,S
2021-07-05T10:10:20,1000.0,20.6,B
2021-07-05T10:09:53,200.0,20.6,B
2021-07-05T10:09:48,200.0,20.6,B
2021-07-05T10:09:28,200.0,20.6,B
2021-07-05T10:09:27,200.0,20.55,S
2021-07-05T10:09:10,200.0,20.55,S
2021-07-05T10:09:08,1300.0,20.55,S
2021-07-05T10:08:49,21100.0,20.5,S
2021-07-05T10:08:49,6700.0,20.55,S
2021-07-05T10:08:49,1000.0,20.55,S
2021-07-05T10:08:49,2100.0,20.55,S
2021-07-05T10:08:07,800.0,20.6,B
2021-07-05T10:08:06,5000.0,20.55,S
2021-07-05T10:07:39,1000.0,20.55,S
2021-07-05T10:07:36,100.0,20.55,S
2021-07-05T10:07:36,100.0,20.55,S
2021-07-05T10:07:36,200.0,20.55,S
2021-07-05T10:07:36,200.0,20.55,S
2021-07-05T10:07:36,13400.0,20.55,S
2021-07-05T10:07:30,12500.0,20.55,S
2021-07-05T10:07:26,6000.0,20.55,S
2021-07-05T10:07:23,5200.0,20.55,S
2021-07-05T10:07:23,4000.0,20.55,S
2021-07-05T10:07:23,900.0,20.55,S
2021-07-05T10:07:14,1000.0,20.55,S
2021-07-05T10:07:08,100.0,20.55,S
2021-07-05T10:07:06,100.0,20.55,S
2021-07-05T10:06:50,1000.0,20.55,S
2021-07-05T10:06:19,2700.0,20.55,S
2021-07-05T10:06:14,500.0,20.6,B
2021-07-05T10:06:08,100.0,20.55,S
2021-07-05T10:06:04,2200.0,20.55,S
2021-07-05T10:05:55,100.0,20.6,B
2021-07-05T10:05:33,500.0,20.55,S
2021-07-05T10:05:01,1900.0,20.55,S
2021-07-05T10:04:43,700.0,20.55,S
2021-07-05T10:04:26,800.0,20.6,B
2021-07-05T10:04:02,3000.0,20.6,B
2021-07-05T10:03:58,300.0,20.55,S
2021-07-05T10:03:42,1000.0,20.55,S
2021-07-05T10:03:25,3000.0,20.55,S
2021-07-05T10:03:04,1200.0,20.6,S
2021-07-05T10:02:59,100.0,20.6,S
2021-07-05T10:02:50,1000.0,20.6,S
2021-07-05T10:02:38,4000.0,20.6,S
2021-07-05T10:02:37,1600.0,20.6,S
2021-07-05T10:02:11,1200.0,20.6,S
2021-07-05T10:02:03,600.0,20.6,S
2021-07-05T10:01:45,100.0,20.6,S
2021-07-05T10:01:19,100.0,20.6,S
2021-07-05T10:01:15,300.0,20.6,S
2021-07-05T10:00:58,1000.0,20.6,S
2021-07-05T10:00:46,400.0,20.65,B
2021-07-05T10:00:40,2800.0,20.6,S
2021-07-05T10:00:40,1000.0,20.6,S
2021-07-05T10:00:40,5200.0,20.6,S
2021-07-05T10:00:35,100.0,20.65,S
2021-07-05T10:00:33,900.0,20.65,S
2021-07-05T09:59:34,100.0,20.65,S
2021-07-05T09:59:29,2000.0,20.7,B
2021-07-05T09:59:14,300.0,20.65,B
2021-07-05T09:59:06,800.0,20.6,S
2021-07-05T09:58:10,7200.0,20.65,S
2021-07-05T09:58:09,1000.0,20.65,S
2021-07-05T09:57:27,300.0,20.65,S
2021-07-05T09:57:07,800.0,20.7,B
2021-07-05T09:57:04,500.0,20.65,S
2021-07-05T09:57:04,300.0,20.65,S
2021-07-05T09:56:55,400.0,20.65,S
2021-07-05T09:56:49,2000.0,20.65,S
2021-07-05T09:56:25,400.0,20.65,S
2021-07-05T09:56:25,200.0,20.65,S
2021-07-05T09:56:08,2300.0,20.6,S
2021-07-05T09:56:08,700.0,20.65,S
2021-07-05T09:55:40,2500.0,20.65,S
2021-07-05T09:55:30,200.0,20.65,B
2021-07-05T09:55:12,200.0,20.65,B
2021-07-05T09:55:12,7800.0,20.65,B
2021-07-05T09:54:57,200.0,20.65,B
2021-07-05T09:54:22,200.0,20.6,S
2021-07-05T09:53:54,400.0,20.6,S
2021-07-05T09:53:45,1800.0,20.6,S
2021-07-05T09:53:27,800.0,20.65,B
2021-07-05T09:53:20,500.0,20.6,S
2021-07-05T09:53:18,300.0,20.6,S
2021-07-05T09:53:10,100.0,20.6,S
2021-07-05T09:52:38,5000.0,20.6,S
2021-07-05T09:52:31,100.0,20.6,S
2021-07-05T09:51:47,100.0,20.6,S
2021-07-05T09:51:38,10000.0,20.65,B
2021-07-05T09:51:30,1000.0,20.65,B
2021-07-05T09:51:25,100.0,20.65,B
2021-07-05T09:51:21,1500.0,20.6,S
2021-07-05T09:51:18,400.0,20.6,S
2021-07-05T09:51:02,500.0,20.6,B
2021-07-05T09:50:59,1000.0,20.6,B
2021-07-05T09:50:49,5000.0,20.6,B
2021-07-05T09:50:42,500.0,20.6,B
2021-07-05T09:50:14,100.0,20.6,B
2021-07-05T09:50:13,500.0,20.6,B
2021-07-05T09:50:03,3900.0,20.6,S
2021-07-05T09:49:49,1600.0,20.6,B
2021-07-05T09:49:47,200.0,20.6,B
2021-07-05T09:49:47,500.0,20.6,B
2021-07-05T09:49:47,1000.0,20.6,B
2021-07-05T09:49:28,500.0,20.6,B
2021-07-05T09:49:26,4000.0,20.55,S
2021-07-05T09:49:22,400.0,20.6,B
2021-07-05T09:48:59,100.0,20.6,B
2021-07-05T09:48:54,2000.0,20.55,S
2021-07-05T09:48:43,6000.0,20.55,S
2021-07-05T09:48:43,300.0,20.55,S
2021-07-05T09:48:43,600.0,20.55,S
2021-07-05T09:48:43,3100.0,20.55,S
2021-07-05T09:48:21,100.0,20.6,B
2021-07-05T09:48:20,1000.0,20.6,S
2021-07-05T09:47:44,400.0,20.6,S
2021-07-05T09:46:59,4700.0,20.6,B
2021-07-05T09:46:48,3000.0,20.6,B
2021-07-05T09:46:08,700.0,20.6,B
2021-07-05T09:46:02,100.0,20.55,S
2021-07-05T09:45:34,400.0,20.6,B
2021-07-05T09:44:54,100.0,20.6,S
2021-07-05T09:44:54,200.0,20.6,S
2021-07-05T09:44:39,400.0,20.6,S
2021-07-05T09:44:34,1400.0,20.6,B
2021-07-05T09:44:29,100.0,20.6,B
2021-07-05T09:44:28,300.0,20.6,B
2021-07-05T09:44:13,100.0,20.6,B
2021-07-05T09:44:04,700.0,20.6,S
2021-07-05T09:44:04,100.0,20.6,S
2021-07-05T09:44:04,18400.0,20.6,S
2021-07-05T09:43:58,400.0,20.65,B
2021-07-05T09:43:46,300.0,20.65,S
2021-07-05T09:43:18,700.0,20.65,B
2021-07-05T09:43:09,1100.0,20.6,S
2021-07-05T09:42:50,100.0,20.65,B
2021-07-05T09:42:49,200.0,20.65,S
2021-07-05T09:42:40,200.0,20.65,S
2021-07-05T09:42:32,100.0,20.65,S
2021-07-05T09:42:27,200.0,20.65,B
2021-07-05T09:42:19,900.0,20.6,S
2021-07-05T09:42:17,500.0,20.6,S
2021-07-05T09:41:56,200.0,20.6,S
2021-07-05T09:41:53,800.0,20.6,S
2021-07-05T09:41:44,7000.0,20.6,S
2021-07-05T09:41:38,200.0,20.6,S
2021-07-05T09:41:30,6000.0,20.6,S
2021-07-05T09:41:27,3000.0,20.6,S
2021-07-05T09:41:15,15000.0,20.6,S
2021-07-05T09:41:07,400.0,20.6,S
2021-07-05T09:40:59,1000.0,20.6,S
2021-07-05T09:40:57,3000.0,20.6,S
2021-07-05T09:40:42,1000.0,20.6,S
2021-07-05T09:40:30,500.0,20.6,S
2021-07-05T09:40:12,2000.0,20.6,S
2021-07-05T09:40:12,800.0,20.65,S
2021-07-05T09:39:52,300.0,20.6,S
2021-07-05T09:39:44,200.0,20.6,S
2021-07-05T09:39:43,400.0,20.6,S
2021-07-05T09:39:36,800.0,20.6,B
2021-07-05T09:39:28,1000.0,20.6,S
2021-07-05T09:39:22,4000.0,20.6,B
2021-07-05T09:39:16,4000.0,20.6,B
2021-07-05T09:39:16,10000.0,20.6,B
2021-07-05T09:39:16,1000.0,20.6,B
2021-07-05T09:39:16,500.0,20.6,B
2021-07-05T09:38:53,3000.0,20.6,S
2021-07-05T09:38:48,700.0,20.7,B
2021-07-05T09:38:27,800.0,20.6,B
2021-07-05T09:38:24,100.0,20.6,B
2021-07-05T09:38:10,4100.0,20.6,S
2021-07-05T09:38:10,2000.0,20.6,S
2021-07-05T09:37:57,500.0,20.6,S
2021-07-05T09:37:50,500.0,20.65,B
2021-07-05T09:37:48,500.0,20.6,S
2021-07-05T09:37:35,600.0,20.6,S
2021-07-05T09:37:05,1000.0,20.6,S
2021-07-05T09:36:39,300.0,20.6,S
2021-07-05T09:36:38,300.0,20.65,B
2021-07-05T09:36:32,1000.0,20.6,S
2021-07-05T09:36:07,100.0,20.65,B
2021-07-05T09:35:56,100.0,20.65,S
2021-07-05T09:35:45,300.0,20.55,S
2021-07-05T09:35:45,3200.0,20.55,S
2021-07-05T09:35:45,4300.0,20.55,S
2021-07-05T09:35:45,500.0,20.6,S
2021-07-05T09:35:45,2400.0,20.6,S
2021-07-05T09:35:44,4300.0,20.6,S
2021-07-05T09:35:38,100.0,20.65,S
2021-07-05T09:35:34,100.0,20.7,B
2021-07-05T09:35:33,500.0,20.7,B
2021-07-05T09:35:09,1000.0,20.7,B
2021-07-05T09:35:07,4000.0,20.7,B
2021-07-05T09:35:06,400.0,20.6,S
2021-07-05T09:34:45,100.0,20.7,B
2021-07-05T09:34:27,500.0,20.7,B
2021-07-05T09:34:10,100.0,20.7,B
2021-07-05T09:33:47,1300.0,20.7,B
2021-07-05T09:33:39,500.0,20.6,B
2021-07-05T09:33:34,100.0,20.6,B
2021-07-05T09:33:33,1500.0,20.6,B
2021-07-05T09:33:33,100.0,20.6,B
2021-07-05T09:33:30,500.0,20.6,B
2021-07-05T09:33:27,1000.0,20.6,B
2021-07-05T09:33:27,100.0,20.6,B
2021-07-05T09:33:26,1000.0,20.6,B
2021-07-05T09:33:16,100.0,20.6,B
2021-07-05T09:33:12,1000.0,20.6,B
2021-07-05T09:33:11,100.0,20.6,B
2021-07-05T09:33:11,100.0,20.6,B
2021-07-05T09:33:08,500.0,20.6,B
2021-07-05T09:33:01,5000.0,20.6,B
2021-07-05T09:32:59,100.0,20.6,B
2021-07-05T09:32:57,800.0,20.6,B
2021-07-05T09:32:52,1000.0,20.6,B
2021-07-05T09:32:42,200.0,20.6,B
2021-07-05T09:32:39,500.0,20.6,B
2021-07-05T09:32:36,1000.0,20.6,B
2021-07-05T09:32:34,3500.0,20.55,S
2021-07-05T09:32:33,1000.0,20.6,B
2021-07-05T09:32:27,5000.0,20.6,B
2021-07-05T09:32:26,200.0,20.6,B
2021-07-05T09:32:19,100.0,20.6,B
2021-07-05T09:32:15,500.0,20.6,B
2021-07-05T09:31:53,200.0,20.6,B
2021-07-05T09:31:33,100.0,20.6,B
2021-07-05T09:31:31,6300.0,20.6,B
2021-07-05T09:31:25,300.0,20.6,B
2021-07-05T09:31:24,3000.0,20.6,B
2021-07-05T09:31:00,300.0,20.6,B
2021-07-05T09:30:47,1000.0,20.55,S
2021-07-05T09:30:25,5000.0,20.5,S
2021-07-05T09:30:18,500.0,20.6,B
2021-07-05T09:30:17,4800.0,20.5,S
2021-07-05T09:30:17,5200.0,20.55,S
2021-07-05T09:30:09,500.0,20.6,B
2021-07-05T09:30:06,1000.0,20.6,B
2021-07-05T09:29:57,500.0,20.6,B
2021-07-05T09:29:38,1700.0,20.5,S
2021-07-05T09:29:38,1300.0,20.55,S
2021-07-05T09:29:27,4000.0,20.55,B
2021-07-05T09:29:22,700.0,20.55,B
2021-07-05T09:29:15,600.0,20.55,B
2021-07-05T09:29:08,500.0,20.55,B
2021-07-05T09:29:01,2300.0,20.5,B
2021-07-05T09:28:59,500.0,20.5,S
2021-07-05T09:28:59,300.0,20.5,S
2021-07-05T09:28:59,100.0,20.5,S
2021-07-05T09:28:59,100.0,20.5,S
2021-07-05T09:28:47,10000.0,20.5,B
2021-07-05T09:28:44,200.0,20.5,B
2021-07-05T09:28:43,700.0,20.5,B
2021-07-05T09:28:42,100.0,20.5,B
2021-07-05T09:28:39,5000.0,20.5,B
2021-07-05T09:28:39,3600.0,20.5,B
2021-07-05T09:28:31,1000.0,20.5,B
2021-07-05T09:28:27,200.0,20.5,B
2021-07-05T09:28:24,500.0,20.5,B
2021-07-05T09:28:24,500.0,20.5,B
2021-07-05T09:28:22,1000.0,20.5,B
2021-07-05T09:28:20,2300.0,20.5,B
2021-07-05T09:28:18,500.0,20.45,B
2021-07-05T09:28:11,500.0,20.5,B
2021-07-05T09:28:08,3800.0,20.5,B
2021-07-05T09:28:07,2000.0,20.5,B
2021-07-05T09:28:05,200.0,20.5,B
2021-07-05T09:27:56,500.0,20.5,B
2021-07-05T09:27:46,300.0,20.5,B
2021-07-05T09:27:46,2000.0,20.5,B
2021-07-05T09:27:36,500.0,20.5,B
2021-07-05T09:27:34,500.0,20.5,B
2021-07-05T09:27:31,2200.0,20.5,B
2021-07-05T09:27:25,4800.0,20.5,B
2021-07-05T09:27:25,200.0,20.5,B
2021-07-05T09:27:24,500.0,20.5,B
2021-07-05T09:27:19,800.0,20.4,S
2021-07-05T09:27:18,1000.0,20.45,S
2021-07-05T09:27:14,10000.0,20.5,B
2021-07-05T09:27:11,1000.0,20.45,S
2021-07-05T09:26:56,10000.0,20.5,B
2021-07-05T09:26:52,100.0,20.5,B
2021-07-05T09:26:51,100.0,20.5,B
2021-07-05T09:26:50,100.0,20.5,B
2021-07-05T09:26:48,1000.0,20.45,S
2021-07-05T09:26:46,2000.0,20.5,B
2021-07-05T09:26:39,300.0,20.5,B
2021-07-05T09:26:34,2000.0,20.5,B
2021-07-05T09:26:23,200.0,20.5,B
2021-07-05T09:26:18,100.0,20.5,B
2021-07-05T09:26:09,200.0,20.4,S
2021-07-05T09:26:09,300.0,20.4,S
2021-07-05T09:26:06,500.0,20.4,S
2021-07-05T09:26:05,4700.0,20.4,S
2021-07-05T09:26:05,500.0,20.4,S
2021-07-05T09:26:03,500.0,20.4,S
2021-07-05T09:25:53,2000.0,20.4,S
2021-07-05T09:25:47,3000.0,20.4,S
2021-07-05T09:25:46,800.0,20.4,S
2021-07-05T09:25:38,1000.0,20.4,S
2021-07-05T09:25:26,100.0,20.4,S
2021-07-05T09:25:11,2000.0,20.4,S
2021-07-05T09:25:09,1500.0,20.4,S
2021-07-05T09:25:05,1000.0,20.5,B
2021-07-05T09:24:45,2000.0,20.4,S
2021-07-05T09:24:38,1000.0,20.5,B
2021-07-05T09:24:38,100.0,20.45,S
2021-07-05T09:24:36,100.0,20.45,S
2021-07-05T09:24:27,1100.0,20.45,B
2021-07-05T09:24:27,3700.0,20.45,B
2021-07-05T09:24:18,300.0,20.4,B
2021-07-05T09:24:18,11000.0,20.4,B
2021-07-05T09:24:18,2600.0,20.4,B
2021-07-05T09:24:08,3000.0,20.4,B
2021-07-05T09:24:00,3000.0,20.35,S
2021-07-05T09:23:52,3000.0,20.4,B
2021-07-05T09:23:52,10000.0,20.4,B
2021-07-05T09:23:49,100.0,20.4,B
2021-07-05T09:23:49,500.0,20.4,B
2021-07-05T09:23:47,11200.0,20.4,S
2021-07-05T09:23:43,3200.0,20.4,S
2021-07-05T09:23:35,100.0,20.45,B
2021-07-05T09:23:34,300.0,20.4,S
2021-07-05T09:23:34,200.0,20.45,B
2021-07-05T09:23:29,2000.0,20.45,B
2021-07-05T09:23:28,500.0,20.45,B
2021-07-05T09:23:21,1000.0,20.45,B
2021-07-05T09:23:11,200.0,20.45,B
2021-07-05T09:22:50,500.0,20.4,S
2021-07-05T09:22:45,3000.0,20.45,B
2021-07-05T09:22:38,100.0,20.4,S
2021-07-05T09:22:38,300.0,20.45,B
2021-07-05T09:22:33,5700.0,20.45,B
2021-07-05T09:22:31,1000.0,20.45,B
2021-07-05T09:22:21,100.0,20.45,B
2021-07-05T09:22:06,1100.0,20.45,S
2021-07-05T09:22:05,200.0,20.5,B
2021-07-05T09:21:52,200.0,20.5,B
2021-07-05T09:21:50,500.0,20.5,B
2021-07-05T09:21:47,2000.0,20.5,S
2021-07-05T09:21:37,1500.0,20.5,S
2021-07-05T09:21:30,3500.0,20.5,S
2021-07-05T09:21:29,200.0,20.55,B
2021-07-05T09:20:58,1000.0,20.55,B
2021-07-05T09:20:47,100.0,20.55,S
2021-07-05T09:20:45,1700.0,20.5,S
2021-07-05T09:20:45,300.0,20.5,S
2021-07-05T09:20:45,18000.0,20.5,S
2021-07-05T09:20:43,2000.0,20.55,S
2021-07-05T09:20:43,200.0,20.6,B
2021-07-05T09:20:28,100.0,20.6,B
2021-07-05T09:20:26,500.0,20.6,B
2021-07-05T09:20:24,100.0,20.6,B
2021-07-05T09:20:24,700.0,20.55,S
2021-07-05T09:20:24,200.0,20.6,B
2021-07-05T09:20:19,4900.0,20.6,S
2021-07-05T09:19:53,100.0,20.8,B
2021-07-05T09:19:47,1700.0,20.6,S
2021-07-05T09:19:47,700.0,20.6,S
2021-07-05T09:19:47,800.0,20.7,S
2021-07-05T09:19:47,3900.0,20.75,S
2021-07-05T09:19:47,2000.0,20.8,B
2021-07-05T09:19:44,200.0,20.8,B
2021-07-05T09:19:35,100.0,20.75,S
2021-07-05T09:19:12,500.0,20.8,S
2021-07-05T09:19:08,700.0,20.85,B
2021-07-05T09:19:03,300.0,20.8,S
2021-07-05T09:19:03,600.0,20.8,S
2021-07-05T09:19:03,1000.0,20.8,S
2021-07-05T09:19:03,2100.0,20.8,S
2021-07-05T09:18:44,600.0,20.8,S
2021-07-05T09:18:32,3700.0,20.85,S
2021-07-05T09:18:24,200.0,20.85,S
2021-07-05T09:18:19,100.0,20.9,B
2021-07-05T09:18:09,1300.0,20.9,S
2021-07-05T09:18:05,1300.0,20.9,S
2021-07-05T09:18:05,100.0,20.9,S
2021-07-05T09:18:05,1700.0,20.9,S
2021-07-05T09:18:05,1200.0,20.9,S
2021-07-05T09:18:05,2300.0,20.9,S
2021-07-05T09:18:05,1400.0,20.9,S
2021-07-05T09:17:57,100.0,20.9,S
2021-07-05T09:17:55,3500.0,20.9,S
2021-07-05T09:17:54,2000.0,20.9,S
2021-07-05T09:17:30,1500.0,20.9,S
2021-07-05T09:17:29,500.0,20.9,S
2021-07-05T09:17:29,700.0,20.9,S
2021-07-05T09:17:25,300.0,20.9,S
2021-07-05T09:17:18,200.0,20.9,S
2021-07-05T09:16:49,200.0,20.95,B
2021-07-05T09:16:17,1000.0,21.0,B
2021-07-05T09:16:01,100.0,20.95,B
2021-07-05T09:16:01,500.0,20.95,S
2021-07-05T09:15:59,100.0,20.95,S
2021-07-05T09:15:58,1200.0,20.95,S
2021-07-05T09:15:53,200.0,21.0,B
2021-07-05T09:15:49,3000.0,21.0,B
2021-07-05T09:15:38,100.0,20.95,S
2021-07-05T09:15:34,100.0,21.0,B
2021-07-05T09:15:31,100.0,20.95,S
