tradingTime,volume,price,side
2021-07-05T10:53:02,1200.0,6.24,S
2021-07-05T10:52:57,3000.0,6.24,S
2021-07-05T10:52:53,6000.0,6.24,B
2021-07-05T10:52:43,200.0,6.23,S
2021-07-05T10:52:38,2000.0,6.23,S
2021-07-05T10:52:36,200.0,6.23,S
2021-07-05T10:52:35,700.0,6.23,B
2021-07-05T10:52:34,300.0,6.23,B
2021-07-05T10:52:32,300.0,6.23,B
2021-07-05T10:52:32,400.0,6.23,B
2021-07-05T10:52:32,100.0,6.23,B
2021-07-05T10:52:28,4000.0,6.23,B
2021-07-05T10:52:26,200.0,6.23,B
2021-07-05T10:52:26,500.0,6.23,B
2021-07-05T10:52:18,1000.0,6.22,S
2021-07-05T10:52:15,1000.0,6.22,S
2021-07-05T10:52:07,1100.0,6.22,S
2021-07-05T10:51:59,99300.0,6.22,B
2021-07-05T10:51:59,10000.0,6.22,B
2021-07-05T10:51:55,1000.0,6.22,B
2021-07-05T10:51:50,100.0,6.22,B
2021-07-05T10:51:48,600.0,6.21,S
2021-07-05T10:51:40,500.0,6.22,B
2021-07-05T10:51:39,5900.0,6.21,B
2021-07-05T10:51:36,100.0,6.2,S
2021-07-05T10:51:36,500.0,6.21,B
2021-07-05T10:51:31,5000.0,6.21,B
2021-07-05T10:51:30,300.0,6.2,S
2021-07-05T10:51:30,1000.0,6.2,S
2021-07-05T10:51:20,2900.0,6.2,S
2021-07-05T10:51:16,1200.0,6.2,B
2021-07-05T10:51:16,88000.0,6.2,B
2021-07-05T10:51:16,114300.0,6.2,B
2021-07-05T10:51:16,4000.0,6.2,B
2021-07-05T10:51:16,2100.0,6.2,B
2021-07-05T10:51:16,20400.0,6.2,B
2021-07-05T10:51:16,55000.0,6.2,B
2021-07-05T10:51:11,1900.0,6.19,B
2021-07-05T10:51:10,1000.0,6.19,B
2021-07-05T10:51:09,100.0,6.19,B
2021-07-05T10:51:09,100900.0,6.19,B
2021-07-05T10:45:29,1600.0,6.19,S
2021-07-05T10:45:29,2000.0,6.19,S
2021-07-05T10:45:29,1400.0,6.19,S
2021-07-05T10:45:29,200.0,6.19,S
2021-07-05T10:45:29,10800.0,6.19,S
2021-07-05T10:45:17,300.0,6.2,B
2021-07-05T10:45:14,100.0,6.19,S
2021-07-05T10:45:13,2000.0,6.2,B
2021-07-05T10:45:11,2000.0,6.2,B
2021-07-05T10:45:03,2000.0,6.2,B
2021-07-05T10:44:56,100.0,6.2,B
2021-07-05T10:44:56,3000.0,6.2,B
2021-07-05T10:44:56,100.0,6.2,B
2021-07-05T10:44:56,2300.0,6.2,S
2021-07-05T10:44:54,1000.0,6.2,S
2021-07-05T10:44:50,100.0,6.21,B
2021-07-05T10:44:50,2600.0,6.2,S
2021-07-05T10:44:50,27400.0,6.2,S
2021-07-05T10:44:50,100.0,6.21,B
2021-07-05T10:44:50,200.0,6.2,S
2021-07-05T10:44:48,4000.0,6.2,S
2021-07-05T10:44:48,1500.0,6.2,S
2021-07-05T10:44:48,1900.0,6.2,S
2021-07-05T10:44:48,1000.0,6.2,S
2021-07-05T10:44:48,1000.0,6.2,S
2021-07-05T10:44:48,600.0,6.2,S
2021-07-05T10:44:46,1400.0,6.2,S
2021-07-05T10:44:46,8600.0,6.2,S
2021-07-05T10:44:46,400.0,6.2,S
2021-07-05T10:44:46,5000.0,6.2,S
2021-07-05T10:44:43,400.0,6.21,B
2021-07-05T10:44:43,100.0,6.21,B
2021-07-05T10:44:41,30000.0,6.2,S
2021-07-05T10:44:37,1000.0,6.21,B
2021-07-05T10:44:34,3400.0,6.2,S
2021-07-05T10:44:33,3000.0,6.2,S
2021-07-05T10:44:29,100.0,6.2,S
2021-07-05T10:44:28,1100.0,6.2,S
2021-07-05T10:44:28,7000.0,6.2,S
2021-07-05T10:44:28,48800.0,6.2,S
2021-07-05T10:44:28,2200.0,6.2,S
2021-07-05T10:44:28,2100.0,6.2,S
2021-07-05T10:44:28,2200.0,6.2,S
2021-07-05T10:44:28,300.0,6.2,S
2021-07-05T10:44:28,1200.0,6.2,S
2021-07-05T10:44:28,5700.0,6.2,S
2021-07-05T10:44:28,10700.0,6.2,S
2021-07-05T10:44:28,7000.0,6.2,S
2021-07-05T10:44:28,1500.0,6.2,S
2021-07-05T10:44:28,6900.0,6.2,S
2021-07-05T10:44:28,27400.0,6.2,S
2021-07-05T10:44:28,2100.0,6.2,S
2021-07-05T10:44:28,200.0,6.2,S
2021-07-05T10:44:28,2000.0,6.2,S
2021-07-05T10:44:28,500.0,6.2,S
2021-07-05T10:44:28,8000.0,6.2,S
2021-07-05T10:44:28,300.0,6.2,S
2021-07-05T10:44:28,5900.0,6.2,S
2021-07-05T10:44:28,5800.0,6.2,S
2021-07-05T10:44:28,700.0,6.2,S
2021-07-05T10:44:28,600.0,6.2,S
2021-07-05T10:44:28,1500.0,6.2,S
2021-07-05T10:44:28,2500.0,6.2,S
2021-07-05T10:44:28,100.0,6.2,S
2021-07-05T10:44:28,600.0,6.2,S
2021-07-05T10:44:28,4700.0,6.2,S
2021-07-05T10:44:28,600.0,6.2,S
2021-07-05T10:44:28,12100.0,6.2,S
2021-07-05T10:44:28,5200.0,6.2,S
2021-07-05T10:44:28,50500.0,6.2,S
2021-07-05T10:44:28,2300.0,6.2,S
2021-07-05T10:44:28,100.0,6.2,S
2021-07-05T10:44:28,1500.0,6.2,S
2021-07-05T10:44:28,3900.0,6.2,S
2021-07-05T10:44:28,2300.0,6.2,S
2021-07-05T10:44:28,3200.0,6.2,S
2021-07-05T10:44:28,6600.0,6.2,S
2021-07-05T10:44:28,2100.0,6.2,S
2021-07-05T10:44:28,3100.0,6.2,S
2021-07-05T10:44:28,2000.0,6.2,S
2021-07-05T10:44:28,600.0,6.2,S
2021-07-05T10:44:28,400.0,6.2,S
2021-07-05T10:44:28,2200.0,6.2,S
2021-07-05T10:44:28,10000.0,6.2,S
2021-07-05T10:44:28,2100.0,6.2,S
2021-07-05T10:44:28,18500.0,6.2,S
2021-07-05T10:44:28,100.0,6.2,S
2021-07-05T10:44:28,6600.0,6.2,S
2021-07-05T10:44:28,2200.0,6.2,S
2021-07-05T10:44:28,300.0,6.2,S
2021-07-05T10:44:28,1200.0,6.2,S
2021-07-05T10:44:28,500.0,6.2,S
2021-07-05T10:44:28,1300.0,6.2,S
2021-07-05T10:44:28,6100.0,6.2,S
2021-07-05T10:44:28,2800.0,6.2,S
2021-07-05T10:44:28,16000.0,6.2,S
2021-07-05T10:44:28,800.0,6.2,S
2021-07-05T10:44:28,700.0,6.2,S
2021-07-05T10:44:28,17100.0,6.2,S
2021-07-05T10:44:28,2500.0,6.2,S
2021-07-05T10:44:28,7000.0,6.2,S
2021-07-05T10:44:28,7300.0,6.2,S
2021-07-05T10:44:28,1100.0,6.2,S
2021-07-05T10:44:28,55400.0,6.2,S
2021-07-05T10:44:28,4000.0,6.2,S
2021-07-05T10:44:28,100.0,6.2,S
2021-07-05T10:44:28,1300.0,6.2,S
2021-07-05T10:44:28,18900.0,6.2,S
2021-07-05T10:44:28,1000.0,6.2,S
2021-07-05T10:44:28,10500.0,6.2,S
2021-07-05T10:44:28,4000.0,6.2,S
2021-07-05T10:44:28,1800.0,6.2,S
2021-07-05T10:44:28,1700.0,6.2,S
2021-07-05T10:44:28,100.0,6.2,S
2021-07-05T10:44:28,1000.0,6.2,S
2021-07-05T10:44:28,500.0,6.2,S
2021-07-05T10:44:28,3100.0,6.2,S
2021-07-05T10:44:28,1500.0,6.2,S
2021-07-05T10:44:28,100.0,6.2,S
2021-07-05T10:44:28,2400.0,6.2,S
2021-07-05T10:44:28,13700.0,6.2,S
2021-07-05T10:44:28,7100.0,6.2,S
2021-07-05T10:44:28,500.0,6.2,S
2021-07-05T10:44:28,4200.0,6.2,S
2021-07-05T10:44:28,1000.0,6.2,S
2021-07-05T10:44:28,4900.0,6.2,S
2021-07-05T10:44:28,9700.0,6.2,S
2021-07-05T10:44:28,52100.0,6.2,S
2021-07-05T10:44:26,100.0,6.2,S
2021-07-05T10:44:22,2800.0,6.2,S
2021-07-05T10:44:22,1000.0,6.2,S
2021-07-05T10:44:22,5200.0,6.2,S
2021-07-05T10:44:22,1100.0,6.2,S
2021-07-05T10:44:22,500.0,6.2,S
2021-07-05T10:44:22,5700.0,6.2,S
2021-07-05T10:44:22,7800.0,6.2,S
2021-07-05T10:44:22,2000.0,6.2,S
2021-07-05T10:44:22,200.0,6.2,S
2021-07-05T10:44:22,300.0,6.2,S
2021-07-05T10:44:22,4000.0,6.2,S
2021-07-05T10:44:22,19400.0,6.2,S
2021-07-05T10:44:21,4000.0,6.2,S
2021-07-05T10:44:20,5000.0,6.2,S
2021-07-05T10:44:19,13000.0,6.2,S
2021-07-05T10:44:19,3200.0,6.2,S
2021-07-05T10:44:19,3000.0,6.2,S
2021-07-05T10:44:19,1300.0,6.2,S
2021-07-05T10:44:19,1500.0,6.2,S
2021-07-05T10:44:19,2100.0,6.2,S
2021-07-05T10:44:19,600.0,6.2,S
2021-07-05T10:44:19,2100.0,6.2,S
2021-07-05T10:44:19,1000.0,6.2,S
2021-07-05T10:44:19,500.0,6.2,S
2021-07-05T10:44:19,11000.0,6.2,S
2021-07-05T10:44:19,400.0,6.2,S
2021-07-05T10:44:19,300.0,6.2,S
2021-07-05T10:44:19,2000.0,6.2,S
2021-07-05T10:44:18,2300.0,6.2,S
2021-07-05T10:44:18,200.0,6.2,S
2021-07-05T10:44:18,1100.0,6.2,S
2021-07-05T10:44:16,3000.0,6.2,S
2021-07-05T10:44:16,13400.0,6.2,S
2021-07-05T10:44:15,100.0,6.21,B
2021-07-05T10:44:13,34000.0,6.21,B
2021-07-05T10:44:13,1600.0,6.2,S
2021-07-05T10:44:12,3800.0,6.2,S
2021-07-05T10:44:11,1200.0,6.2,S
2021-07-05T10:44:10,300.0,6.21,B
2021-07-05T10:44:07,1000.0,6.2,S
2021-07-05T10:44:07,5900.0,6.2,S
2021-07-05T10:44:07,700.0,6.21,B
2021-07-05T10:44:03,1000.0,6.21,B
2021-07-05T10:44:03,200.0,6.2,S
2021-07-05T10:44:00,300.0,6.2,S
2021-07-05T10:43:58,4000.0,6.2,S
2021-07-05T10:43:55,1000.0,6.21,B
2021-07-05T10:43:47,100.0,6.21,B
2021-07-05T10:43:40,100.0,6.21,B
2021-07-05T10:43:33,100.0,6.21,B
2021-07-05T10:43:33,100.0,6.2,S
2021-07-05T10:43:33,24900.0,6.2,S
2021-07-05T10:43:31,10000.0,6.2,S
2021-07-05T10:43:29,30000.0,6.2,S
2021-07-05T10:43:25,2000.0,6.2,S
2021-07-05T10:43:19,1300.0,6.2,S
2021-07-05T10:43:19,100.0,6.2,S
2021-07-05T10:43:19,2100.0,6.2,S
2021-07-05T10:43:19,1200.0,6.21,S
2021-07-05T10:43:19,5300.0,6.21,S
2021-07-05T10:43:19,300.0,6.21,S
2021-07-05T10:43:19,9700.0,6.21,S
2021-07-05T10:43:16,100.0,6.21,S
2021-07-05T10:43:09,100.0,6.21,S
2021-07-05T10:43:09,3900.0,6.21,S
2021-07-05T10:43:05,1400.0,6.21,S
2021-07-05T10:43:03,500.0,6.21,S
2021-07-05T10:43:00,10000.0,6.21,S
2021-07-05T10:43:00,2000.0,6.21,S
2021-07-05T10:43:00,3200.0,6.21,S
2021-07-05T10:42:57,3000.0,6.21,S
2021-07-05T10:42:49,5000.0,6.22,B
2021-07-05T10:42:48,2000.0,6.21,S
2021-07-05T10:42:46,10000.0,6.21,S
2021-07-05T10:42:40,10000.0,6.21,S
2021-07-05T10:42:32,1000.0,6.22,B
2021-07-05T10:42:32,100.0,6.22,B
2021-07-05T10:42:30,3000.0,6.21,S
2021-07-05T10:42:28,62600.0,6.21,S
2021-07-05T10:42:28,700.0,6.21,S
2021-07-05T10:42:28,4200.0,6.21,S
2021-07-05T10:42:28,3000.0,6.21,S
2021-07-05T10:42:28,68000.0,6.21,S
2021-07-05T10:42:27,2500.0,6.21,S
2021-07-05T10:42:19,3000.0,6.21,S
2021-07-05T10:42:18,6300.0,6.21,S
2021-07-05T10:42:15,100.0,6.21,S
2021-07-05T10:42:12,3700.0,6.22,S
2021-07-05T10:42:12,3800.0,6.22,S
2021-07-05T10:42:12,9600.0,6.22,S
2021-07-05T10:42:11,500.0,6.22,S
2021-07-05T10:42:10,1200.0,6.22,S
2021-07-05T10:42:10,1100.0,6.22,S
2021-07-05T10:42:10,1300.0,6.22,S
2021-07-05T10:42:10,14100.0,6.22,S
2021-07-05T10:42:10,200.0,6.22,S
2021-07-05T10:42:10,5200.0,6.22,S
2021-07-05T10:42:08,5000.0,6.22,S
2021-07-05T10:42:07,100.0,6.22,S
2021-07-05T10:42:07,100.0,6.22,S
2021-07-05T10:42:04,2000.0,6.22,S
2021-07-05T10:41:57,1000.0,6.22,S
2021-07-05T10:41:46,50100.0,6.22,S
2021-07-05T10:41:46,6000.0,6.22,S
2021-07-05T10:41:46,43900.0,6.22,S
2021-07-05T10:41:45,6000.0,6.22,S
2021-07-05T10:41:41,800.0,6.23,B
2021-07-05T10:41:35,200.0,6.23,B
2021-07-05T10:41:26,100.0,6.23,B
2021-07-05T10:41:26,2100.0,6.23,S
2021-07-05T10:41:26,7700.0,6.23,S
2021-07-05T10:41:26,1000.0,6.23,S
2021-07-05T10:41:26,21000.0,6.23,S
2021-07-05T10:41:20,1000.0,6.23,S
2021-07-05T10:41:13,200.0,6.25,B
2021-07-05T10:40:59,4000.0,6.25,B
2021-07-05T10:40:53,100.0,6.25,B
2021-07-05T10:40:47,2100.0,6.23,S
2021-07-05T10:40:45,100.0,6.25,B
2021-07-05T10:40:41,6100.0,6.25,B
2021-07-05T10:40:41,3000.0,6.25,B
2021-07-05T10:40:40,31800.0,6.23,S
2021-07-05T10:40:40,2900.0,6.23,S
2021-07-05T10:40:40,600.0,6.23,S
2021-07-05T10:40:40,47100.0,6.23,S
2021-07-05T10:40:40,200.0,6.24,S
2021-07-05T10:40:40,500.0,6.24,S
2021-07-05T10:40:40,1900.0,6.24,S
2021-07-05T10:40:40,9100.0,6.24,S
2021-07-05T10:40:40,1000.0,6.24,S
2021-07-05T10:40:40,1300.0,6.24,S
2021-07-05T10:40:40,3600.0,6.24,S
2021-07-05T10:40:38,100.0,6.25,B
2021-07-05T10:40:28,100.0,6.25,B
2021-07-05T10:40:22,6700.0,6.25,B
2021-07-05T10:40:15,10800.0,6.25,S
2021-07-05T10:40:12,2000.0,6.25,S
2021-07-05T10:40:12,600.0,6.25,S
2021-07-05T10:40:12,17400.0,6.25,S
2021-07-05T10:40:10,5200.0,6.25,S
2021-07-05T10:40:07,5600.0,6.25,S
2021-07-05T10:40:07,4400.0,6.25,S
2021-07-05T10:40:07,9000.0,6.25,S
2021-07-05T10:40:06,1800.0,6.25,S
2021-07-05T10:40:06,20300.0,6.25,S
2021-07-05T10:40:06,700.0,6.25,S
2021-07-05T10:40:06,400.0,6.25,S
2021-07-05T10:40:06,6800.0,6.25,S
2021-07-05T10:40:04,1500.0,6.25,S
2021-07-05T10:40:04,1000.0,6.25,S
2021-07-05T10:40:04,100.0,6.25,S
2021-07-05T10:40:04,2000.0,6.25,S
2021-07-05T10:39:56,800.0,6.25,S
2021-07-05T10:39:52,2500.0,6.25,S
2021-07-05T10:39:50,900.0,6.25,S
2021-07-05T10:39:50,3200.0,6.25,S
2021-07-05T10:39:50,5700.0,6.25,S
2021-07-05T10:39:50,1300.0,6.25,S
2021-07-05T10:39:50,1400.0,6.25,S
2021-07-05T10:39:50,2000.0,6.25,S
2021-07-05T10:39:50,2500.0,6.25,S
2021-07-05T10:39:46,2000.0,6.25,S
2021-07-05T10:39:46,1000.0,6.25,S
2021-07-05T10:39:46,1500.0,6.25,S
2021-07-05T10:39:46,700.0,6.25,S
2021-07-05T10:39:46,1700.0,6.25,S
2021-07-05T10:39:46,9100.0,6.25,S
2021-07-05T10:39:46,1000.0,6.25,S
2021-07-05T10:39:46,2600.0,6.25,S
2021-07-05T10:39:46,5000.0,6.25,S
2021-07-05T10:39:46,5400.0,6.25,S
2021-07-05T10:39:46,12600.0,6.25,S
2021-07-05T10:39:45,100.0,6.25,S
2021-07-05T10:39:42,500.0,6.26,B
2021-07-05T10:39:38,1600.0,6.25,S
2021-07-05T10:39:38,1000.0,6.25,S
2021-07-05T10:39:38,200.0,6.25,S
2021-07-05T10:39:38,600.0,6.25,S
2021-07-05T10:39:35,600.0,6.25,S
2021-07-05T10:39:35,4000.0,6.25,S
2021-07-05T10:39:35,100.0,6.25,S
2021-07-05T10:39:35,1000.0,6.25,S
2021-07-05T10:39:35,3500.0,6.25,S
2021-07-05T10:39:35,200.0,6.25,S
2021-07-05T10:39:35,500.0,6.25,S
2021-07-05T10:39:35,1700.0,6.25,S
2021-07-05T10:39:35,38400.0,6.25,S
2021-07-05T10:39:24,200.0,6.25,S
2021-07-05T10:39:23,20200.0,6.25,S
2021-07-05T10:39:21,400.0,6.25,S
2021-07-05T10:39:16,1000.0,6.25,S
2021-07-05T10:39:14,1000.0,6.26,B
2021-07-05T10:39:10,100.0,6.25,S
2021-07-05T10:39:10,5000.0,6.25,S
2021-07-05T10:39:08,500.0,6.25,S
2021-07-05T10:39:03,1000.0,6.25,S
2021-07-05T10:39:03,4000.0,6.26,B
2021-07-05T10:38:58,900.0,6.25,S
2021-07-05T10:38:58,53200.0,6.25,S
2021-07-05T10:38:58,5900.0,6.25,S
2021-07-05T10:38:58,3000.0,6.25,S
2021-07-05T10:38:58,6900.0,6.25,S
2021-07-05T10:38:58,10900.0,6.25,S
2021-07-05T10:38:58,100.0,6.25,S
2021-07-05T10:38:58,500.0,6.25,S
2021-07-05T10:38:49,10000.0,6.26,B
2021-07-05T10:38:46,3000.0,6.26,B
2021-07-05T10:38:44,200.0,6.25,S
2021-07-05T10:38:44,300.0,6.25,S
2021-07-05T10:38:44,900.0,6.25,S
2021-07-05T10:38:44,300.0,6.26,B
2021-07-05T10:38:44,700.0,6.26,B
2021-07-05T10:38:42,2000.0,6.26,B
2021-07-05T10:38:34,2000.0,6.25,S
2021-07-05T10:38:31,3500.0,6.25,S
2021-07-05T10:38:25,100.0,6.25,S
2021-07-05T10:38:24,700.0,6.26,B
2021-07-05T10:38:15,100.0,6.26,B
2021-07-05T10:38:15,1000.0,6.25,S
2021-07-05T10:38:15,2000.0,6.25,S
2021-07-05T10:38:01,3400.0,6.25,S
2021-07-05T10:38:01,1600.0,6.25,S
2021-07-05T10:37:59,5000.0,6.25,S
2021-07-05T10:37:54,100.0,6.26,B
2021-07-05T10:37:47,100.0,6.26,B
2021-07-05T10:37:35,900.0,6.25,S
2021-07-05T10:37:32,100.0,6.26,B
2021-07-05T10:37:01,3000.0,6.26,B
2021-07-05T10:36:56,3000.0,6.25,S
2021-07-05T10:36:50,500.0,6.25,S
2021-07-05T10:36:50,300.0,6.25,S
2021-07-05T10:36:50,5200.0,6.25,S
2021-07-05T10:36:48,5800.0,6.25,S
2021-07-05T10:36:48,900.0,6.25,S
2021-07-05T10:36:48,500.0,6.25,S
2021-07-05T10:36:48,1700.0,6.25,S
2021-07-05T10:36:48,21100.0,6.25,S
2021-07-05T10:36:47,300.0,6.25,S
2021-07-05T10:36:44,1000.0,6.25,S
2021-07-05T10:36:40,1000.0,6.26,B
2021-07-05T10:36:29,200.0,6.25,S
2021-07-05T10:36:23,2000.0,6.26,B
2021-07-05T10:36:17,100.0,6.26,B
2021-07-05T10:36:14,1000.0,6.25,S
2021-07-05T10:36:01,4700.0,6.25,S
2021-07-05T10:35:59,500.0,6.25,S
2021-07-05T10:35:54,4000.0,6.25,S
2021-07-05T10:35:46,1800.0,6.25,S
2021-07-05T10:35:43,500.0,6.26,S
2021-07-05T10:35:40,200.0,6.26,S
2021-07-05T10:35:35,400.0,6.25,S
2021-07-05T10:35:25,39000.0,6.25,S
2021-07-05T10:35:23,1000.0,6.26,S
2021-07-05T10:35:22,1000.0,6.27,B
2021-07-05T10:35:22,500.0,6.26,S
2021-07-05T10:35:19,1000.0,6.26,S
2021-07-05T10:35:08,300.0,6.27,B
2021-07-05T10:35:04,100.0,6.27,B
2021-07-05T10:35:00,2000.0,6.26,S
2021-07-05T10:34:59,4600.0,6.26,S
2021-07-05T10:34:59,2000.0,6.26,S
2021-07-05T10:34:59,3100.0,6.26,S
2021-07-05T10:34:59,5300.0,6.26,S
2021-07-05T10:34:49,10000.0,6.26,S
2021-07-05T10:34:44,100.0,6.26,S
2021-07-05T10:34:44,10000.0,6.26,S
2021-07-05T10:34:41,3000.0,6.26,S
2021-07-05T10:34:38,8200.0,6.26,S
2021-07-05T10:34:25,100.0,6.26,S
2021-07-05T10:34:21,4500.0,6.27,B
2021-07-05T10:34:21,2000.0,6.27,B
2021-07-05T10:34:20,15000.0,6.26,S
2021-07-05T10:34:19,1000.0,6.26,S
2021-07-05T10:34:17,100.0,6.27,B
2021-07-05T10:34:09,500.0,6.27,B
2021-07-05T10:34:09,300.0,6.26,S
2021-07-05T10:33:55,2000.0,6.27,B
2021-07-05T10:33:49,3000.0,6.26,S
2021-07-05T10:33:46,200.0,6.26,S
2021-07-05T10:33:42,1200.0,6.26,S
2021-07-05T10:33:33,10000.0,6.26,S
2021-07-05T10:33:33,5000.0,6.26,S
2021-07-05T10:33:29,800.0,6.26,S
2021-07-05T10:33:29,3000.0,6.26,S
2021-07-05T10:33:29,6100.0,6.26,S
2021-07-05T10:33:29,300.0,6.26,S
2021-07-05T10:33:29,5800.0,6.26,S
2021-07-05T10:33:24,1000.0,6.26,S
2021-07-05T10:33:22,100.0,6.26,S
2021-07-05T10:33:18,5500.0,6.26,S
2021-07-05T10:33:18,4500.0,6.26,S
2021-07-05T10:33:16,1000.0,6.27,B
2021-07-05T10:33:15,500.0,6.26,S
2021-07-05T10:33:10,20000.0,6.26,S
2021-07-05T10:33:10,100.0,6.27,B
2021-07-05T10:33:10,100.0,6.26,S
2021-07-05T10:33:05,1800.0,6.26,S
2021-07-05T10:32:58,23300.0,6.26,S
2021-07-05T10:32:58,1600.0,6.26,S
2021-07-05T10:32:58,1600.0,6.26,S
2021-07-05T10:32:58,1600.0,6.26,S
2021-07-05T10:32:58,6100.0,6.26,S
2021-07-05T10:32:58,4400.0,6.26,S
2021-07-05T10:32:58,1400.0,6.26,S
2021-07-05T10:32:54,2300.0,6.26,S
2021-07-05T10:32:28,2000.0,6.27,B
2021-07-05T10:32:16,300.0,6.26,S
2021-07-05T10:32:15,500.0,6.27,B
2021-07-05T10:32:14,500.0,6.27,B
2021-07-05T10:32:10,400.0,6.27,B
2021-07-05T10:31:42,100.0,6.27,B
2021-07-05T10:31:37,400.0,6.26,S
2021-07-05T10:31:37,400.0,6.26,S
2021-07-05T10:31:30,1000.0,6.27,B
2021-07-05T10:31:19,300.0,6.27,S
2021-07-05T10:31:19,1200.0,6.27,S
2021-07-05T10:31:19,2400.0,6.27,S
2021-07-05T10:31:19,6300.0,6.27,S
2021-07-05T10:31:19,200.0,6.27,S
2021-07-05T10:31:19,200.0,6.27,S
2021-07-05T10:31:19,1600.0,6.27,S
2021-07-05T10:31:19,12000.0,6.27,S
2021-07-05T10:31:19,1300.0,6.27,S
2021-07-05T10:31:19,1500.0,6.27,S
2021-07-05T10:31:19,1500.0,6.27,S
2021-07-05T10:31:19,1700.0,6.27,S
2021-07-05T10:31:19,1000.0,6.27,S
2021-07-05T10:31:19,1800.0,6.27,S
2021-07-05T10:31:10,2000.0,6.27,S
2021-07-05T10:31:03,400.0,6.27,S
2021-07-05T10:30:59,2400.0,6.27,S
2021-07-05T10:30:59,17800.0,6.27,S
2021-07-05T10:30:59,9800.0,6.27,S
2021-07-05T10:30:59,600.0,6.27,S
2021-07-05T10:30:57,37000.0,6.27,S
2021-07-05T10:30:51,3000.0,6.27,S
2021-07-05T10:30:51,100.0,6.27,S
2021-07-05T10:30:51,1900.0,6.27,S
2021-07-05T10:30:43,500.0,6.28,B
2021-07-05T10:30:39,3000.0,6.27,S
2021-07-05T10:30:38,100.0,6.28,B
2021-07-05T10:30:37,2000.0,6.27,S
2021-07-05T10:30:22,1000.0,6.28,B
2021-07-05T10:30:16,10000.0,6.27,S
2021-07-05T10:29:56,3000.0,6.28,B
2021-07-05T10:29:56,5000.0,6.27,S
2021-07-05T10:29:56,5000.0,6.28,B
2021-07-05T10:29:46,3000.0,6.28,B
2021-07-05T10:29:40,1000.0,6.28,B
2021-07-05T10:29:38,2000.0,6.28,B
2021-07-05T10:29:33,100.0,6.28,B
2021-07-05T10:29:27,3000.0,6.28,B
2021-07-05T10:29:26,100.0,6.28,B
2021-07-05T10:29:24,10000.0,6.28,B
2021-07-05T10:29:19,300.0,6.28,B
2021-07-05T10:29:09,3000.0,6.28,B
2021-07-05T10:29:06,10100.0,6.28,S
2021-07-05T10:29:06,5100.0,6.28,S
2021-07-05T10:29:06,10000.0,6.28,S
2021-07-05T10:29:06,34000.0,6.28,S
2021-07-05T10:29:05,30000.0,6.28,S
2021-07-05T10:29:03,1500.0,6.28,S
2021-07-05T10:28:59,500.0,6.28,S
2021-07-05T10:28:49,600.0,6.28,S
2021-07-05T10:28:46,5000.0,6.28,S
2021-07-05T10:28:43,40000.0,6.28,S
2021-07-05T10:28:37,900.0,6.28,S
2021-07-05T10:28:21,300.0,6.28,S
2021-07-05T10:28:21,1000.0,6.28,S
2021-07-05T10:28:21,700.0,6.28,S
2021-07-05T10:28:17,200.0,6.29,B
2021-07-05T10:28:13,500.0,6.28,S
2021-07-05T10:28:13,2000.0,6.28,S
2021-07-05T10:28:10,5000.0,6.29,B
2021-07-05T10:28:07,1600.0,6.28,S
2021-07-05T10:27:55,2000.0,6.29,B
2021-07-05T10:27:49,200.0,6.28,S
2021-07-05T10:27:44,7400.0,6.28,S
2021-07-05T10:27:44,500.0,6.28,S
2021-07-05T10:27:44,8800.0,6.28,S
2021-07-05T10:27:41,100.0,6.28,S
2021-07-05T10:27:30,10000.0,6.28,S
2021-07-05T10:27:27,500.0,6.28,S
2021-07-05T10:27:17,100.0,6.28,S
2021-07-05T10:27:08,1200.0,6.28,S
2021-07-05T10:26:45,10000.0,6.28,S
2021-07-05T10:26:36,200.0,6.29,B
2021-07-05T10:26:27,600.0,6.29,B
2021-07-05T10:26:10,500.0,6.29,B
2021-07-05T10:26:06,200.0,6.29,B
2021-07-05T10:26:04,200.0,6.28,S
2021-07-05T10:26:00,100.0,6.28,S
2021-07-05T10:25:58,200.0,6.28,S
2021-07-05T10:25:44,1500.0,6.28,S
2021-07-05T10:25:37,1000.0,6.28,S
2021-07-05T10:25:27,300.0,6.28,S
2021-07-05T10:25:23,100.0,6.29,B
2021-07-05T10:25:11,3000.0,6.28,S
2021-07-05T10:25:09,100.0,6.29,B
2021-07-05T10:25:08,15000.0,6.28,S
2021-07-05T10:24:48,100.0,6.29,B
2021-07-05T10:24:42,5000.0,6.28,S
2021-07-05T10:24:35,600.0,6.29,B
2021-07-05T10:24:22,300.0,6.28,S
2021-07-05T10:24:13,1000.0,6.28,S
2021-07-05T10:24:06,200.0,6.28,S
2021-07-05T10:23:59,1000.0,6.29,B
2021-07-05T10:23:59,5000.0,6.28,S
2021-07-05T10:23:56,7000.0,6.28,S
2021-07-05T10:23:51,5000.0,6.28,S
2021-07-05T10:23:45,4000.0,6.28,S
2021-07-05T10:23:43,1000.0,6.28,S
2021-07-05T10:23:42,2000.0,6.29,B
2021-07-05T10:23:26,300.0,6.29,B
2021-07-05T10:23:20,3000.0,6.29,B
2021-07-05T10:23:16,200.0,6.28,S
2021-07-05T10:23:06,2000.0,6.28,S
2021-07-05T10:23:05,100.0,6.28,S
2021-07-05T10:23:05,5500.0,6.28,S
2021-07-05T10:22:57,300.0,6.28,S
2021-07-05T10:22:51,2000.0,6.28,S
2021-07-05T10:22:39,6100.0,6.28,S
2021-07-05T10:22:39,3900.0,6.28,S
2021-07-05T10:22:30,2100.0,6.28,S
2021-07-05T10:22:30,500.0,6.28,S
2021-07-05T10:22:30,800.0,6.28,S
2021-07-05T10:22:30,300.0,6.28,S
2021-07-05T10:22:30,5100.0,6.28,S
2021-07-05T10:22:30,24200.0,6.28,S
2021-07-05T10:22:25,1000.0,6.28,S
2021-07-05T10:22:24,700.0,6.28,S
2021-07-05T10:22:20,2700.0,6.28,S
2021-07-05T10:22:10,1000.0,6.28,S
2021-07-05T10:22:02,1100.0,6.28,S
2021-07-05T10:22:00,100.0,6.29,B
2021-07-05T10:22:00,100.0,6.29,B
2021-07-05T10:21:53,200.0,6.28,S
2021-07-05T10:21:38,600.0,6.29,B
2021-07-05T10:21:34,800.0,6.29,B
2021-07-05T10:21:33,1000.0,6.29,B
2021-07-05T10:21:29,5000.0,6.29,B
2021-07-05T10:21:21,500.0,6.29,B
2021-07-05T10:21:19,100.0,6.29,B
2021-07-05T10:21:15,400.0,6.28,S
2021-07-05T10:21:13,500.0,6.29,B
2021-07-05T10:21:12,2300.0,6.29,B
2021-07-05T10:21:10,100.0,6.28,S
2021-07-05T10:20:58,500.0,6.29,B
2021-07-05T10:20:56,3900.0,6.28,S
2021-07-05T10:20:56,13700.0,6.28,S
2021-07-05T10:20:56,86400.0,6.28,S
2021-07-05T10:20:44,200.0,6.28,S
2021-07-05T10:20:44,400.0,6.28,S
2021-07-05T10:20:40,100.0,6.29,B
2021-07-05T10:20:34,100.0,6.29,B
2021-07-05T10:20:24,200.0,6.29,B
2021-07-05T10:20:15,1000.0,6.29,B
2021-07-05T10:20:01,1000.0,6.29,B
2021-07-05T10:19:58,200.0,6.29,B
2021-07-05T10:19:56,2000.0,6.29,B
2021-07-05T10:19:54,100.0,6.29,S
2021-07-05T10:19:50,2400.0,6.29,S
2021-07-05T10:19:50,2600.0,6.29,S
2021-07-05T10:19:44,9000.0,6.29,S
2021-07-05T10:19:30,500.0,6.29,S
2021-07-05T10:19:26,1000.0,6.29,S
2021-07-05T10:19:19,30000.0,6.29,S
2021-07-05T10:19:18,400.0,6.3,B
2021-07-05T10:19:13,100.0,6.29,S
2021-07-05T10:19:10,8600.0,6.29,S
2021-07-05T10:18:48,500.0,6.29,S
2021-07-05T10:18:31,400.0,6.29,S
2021-07-05T10:18:25,2000.0,6.29,S
2021-07-05T10:18:23,100.0,6.29,S
2021-07-05T10:18:20,7500.0,6.29,B
2021-07-05T10:18:20,3300.0,6.29,B
2021-07-05T10:18:20,200.0,6.29,B
2021-07-05T10:18:10,100.0,6.29,B
2021-07-05T10:17:42,100.0,6.29,B
2021-07-05T10:17:38,4600.0,6.29,S
2021-07-05T10:17:37,300.0,6.29,S
2021-07-05T10:17:31,600.0,6.29,S
2021-07-05T10:17:18,100.0,6.29,S
2021-07-05T10:17:17,1500.0,6.29,B
2021-07-05T10:17:16,8500.0,6.29,S
2021-07-05T10:17:13,7500.0,6.29,S
2021-07-05T10:17:09,5000.0,6.29,S
2021-07-05T10:17:06,2000.0,6.29,S
2021-07-05T10:17:01,300.0,6.29,S
2021-07-05T10:16:59,100.0,6.29,S
2021-07-05T10:16:53,4600.0,6.29,S
2021-07-05T10:16:49,3000.0,6.29,S
2021-07-05T10:16:48,9100.0,6.29,S
2021-07-05T10:16:47,3000.0,6.29,S
2021-07-05T10:16:44,10000.0,6.29,S
2021-07-05T10:16:43,2000.0,6.29,S
2021-07-05T10:16:32,500.0,6.29,S
2021-07-05T10:16:20,5000.0,6.29,S
2021-07-05T10:16:16,3000.0,6.3,B
2021-07-05T10:16:14,500.0,6.29,S
2021-07-05T10:16:04,300.0,6.3,B
2021-07-05T10:15:59,900.0,6.29,S
2021-07-05T10:15:50,7500.0,6.29,S
2021-07-05T10:15:48,800.0,6.29,S
2021-07-05T10:15:45,1000.0,6.29,S
2021-07-05T10:15:39,34600.0,6.29,B
2021-07-05T10:15:30,1000.0,6.28,S
2021-07-05T10:15:28,2000.0,6.28,S
2021-07-05T10:15:06,15400.0,6.28,B
2021-07-05T10:15:02,2000.0,6.28,B
2021-07-05T10:14:58,300.0,6.28,B
2021-07-05T10:14:57,1400.0,6.28,S
2021-07-05T10:14:48,4800.0,6.28,B
2021-07-05T10:14:47,1000.0,6.28,B
2021-07-05T10:14:35,3000.0,6.28,B
2021-07-05T10:14:20,3000.0,6.28,S
2021-07-05T10:14:14,200.0,6.28,S
2021-07-05T10:14:03,3300.0,6.28,B
2021-07-05T10:14:00,100.0,6.28,B
2021-07-05T10:13:39,600.0,6.28,B
2021-07-05T10:13:39,300.0,6.28,B
2021-07-05T10:13:39,100.0,6.28,B
2021-07-05T10:13:39,900.0,6.28,B
2021-07-05T10:13:30,3000.0,6.28,B
2021-07-05T10:13:28,200.0,6.28,B
2021-07-05T10:13:23,900.0,6.28,B
2021-07-05T10:13:22,200.0,6.27,B
2021-07-05T10:13:20,300.0,6.27,B
2021-07-05T10:13:18,4500.0,6.27,S
2021-07-05T10:13:11,11200.0,6.27,S
2021-07-05T10:13:09,40000.0,6.28,B
2021-07-05T10:13:03,10000.0,6.27,S
2021-07-05T10:12:58,3100.0,6.27,B
2021-07-05T10:12:56,5500.0,6.27,S
2021-07-05T10:12:56,1400.0,6.27,S
2021-07-05T10:12:50,2000.0,6.27,S
2021-07-05T10:12:48,700.0,6.27,S
2021-07-05T10:12:42,200.0,6.27,S
2021-07-05T10:12:34,1500.0,6.27,S
2021-07-05T10:12:34,200.0,6.27,S
2021-07-05T10:12:23,5000.0,6.27,S
2021-07-05T10:12:10,400.0,6.27,S
2021-07-05T10:12:09,500.0,6.27,S
2021-07-05T10:12:09,4500.0,6.27,S
2021-07-05T10:11:57,1000.0,6.27,S
2021-07-05T10:11:55,400.0,6.28,B
2021-07-05T10:11:43,1400.0,6.27,S
2021-07-05T10:11:43,600.0,6.27,S
2021-07-05T10:11:34,300.0,6.27,S
2021-07-05T10:11:26,100.0,6.27,S
2021-07-05T10:11:25,8900.0,6.27,S
2021-07-05T10:11:20,200.0,6.27,S
2021-07-05T10:11:16,2000.0,6.28,B
2021-07-05T10:11:15,200.0,6.28,B
2021-07-05T10:11:14,500.0,6.28,B
2021-07-05T10:11:11,2400.0,6.28,B
2021-07-05T10:11:11,600.0,6.28,B
2021-07-05T10:11:08,3000.0,6.28,B
2021-07-05T10:11:04,1100.0,6.27,S
2021-07-05T10:11:00,100.0,6.28,B
2021-07-05T10:10:50,100.0,6.27,S
2021-07-05T10:10:46,100.0,6.27,S
2021-07-05T10:10:42,1000.0,6.27,B
2021-07-05T10:10:42,8200.0,6.27,B
2021-07-05T10:10:39,4000.0,6.26,S
2021-07-05T10:10:39,4000.0,6.26,S
2021-07-05T10:10:36,1900.0,6.26,S
2021-07-05T10:10:33,5000.0,6.26,S
2021-07-05T10:10:26,200.0,6.27,B
2021-07-05T10:10:18,1000.0,6.27,B
2021-07-05T10:10:12,300.0,6.26,S
2021-07-05T10:10:09,300.0,6.27,B
2021-07-05T10:10:05,1000.0,6.27,B
2021-07-05T10:10:04,1000.0,6.27,B
2021-07-05T10:10:00,2200.0,6.27,S
2021-07-05T10:09:57,1200.0,6.27,B
2021-07-05T10:09:50,300.0,6.27,B
2021-07-05T10:09:49,100.0,6.27,B
2021-07-05T10:09:47,100.0,6.27,S
2021-07-05T10:09:41,800.0,6.26,S
2021-07-05T10:09:41,1200.0,6.26,S
2021-07-05T10:09:41,4400.0,6.26,S
2021-07-05T10:09:41,800.0,6.26,S
2021-07-05T10:09:41,1500.0,6.26,S
2021-07-05T10:09:41,3300.0,6.27,S
2021-07-05T10:09:39,1000.0,6.27,S
2021-07-05T10:09:34,3000.0,6.27,S
2021-07-05T10:09:33,1000.0,6.27,S
2021-07-05T10:09:24,100.0,6.27,S
2021-07-05T10:09:24,3000.0,6.27,S
2021-07-05T10:09:20,300.0,6.27,S
2021-07-05T10:09:20,10000.0,6.27,S
2021-07-05T10:09:13,2400.0,6.27,S
2021-07-05T10:09:13,3100.0,6.27,S
2021-07-05T10:09:13,1800.0,6.27,S
2021-07-05T10:09:13,3900.0,6.27,S
2021-07-05T10:09:13,100.0,6.27,S
2021-07-05T10:09:13,8700.0,6.27,S
2021-07-05T10:09:07,2000.0,6.28,B
2021-07-05T10:09:01,2100.0,6.27,S
2021-07-05T10:08:59,200.0,6.28,B
2021-07-05T10:08:41,100.0,6.28,B
2021-07-05T10:08:28,500.0,6.27,S
2021-07-05T10:08:19,400.0,6.28,B
2021-07-05T10:08:15,2900.0,6.28,S
2021-07-05T10:08:09,2000.0,6.29,B
2021-07-05T10:08:08,100.0,6.28,S
2021-07-05T10:08:07,800.0,6.28,S
2021-07-05T10:08:07,4200.0,6.28,S
2021-07-05T10:07:58,600.0,6.28,S
2021-07-05T10:07:58,100.0,6.28,S
2021-07-05T10:07:58,1100.0,6.28,S
2021-07-05T10:07:58,800.0,6.28,S
2021-07-05T10:07:58,300.0,6.28,S
2021-07-05T10:07:58,200.0,6.28,S
2021-07-05T10:07:58,1200.0,6.28,S
2021-07-05T10:07:58,2100.0,6.28,S
2021-07-05T10:07:58,300.0,6.28,S
2021-07-05T10:07:58,4800.0,6.28,S
2021-07-05T10:07:58,40900.0,6.28,S
2021-07-05T10:07:53,100.0,6.29,B
2021-07-05T10:07:44,10000.0,6.28,S
2021-07-05T10:07:39,34100.0,6.28,S
2021-07-05T10:07:39,700.0,6.28,S
2021-07-05T10:07:39,800.0,6.28,S
2021-07-05T10:07:39,1100.0,6.28,S
2021-07-05T10:07:39,400.0,6.28,S
2021-07-05T10:07:39,10100.0,6.28,S
2021-07-05T10:07:39,32000.0,6.28,S
2021-07-05T10:07:39,2200.0,6.28,S
2021-07-05T10:07:39,18600.0,6.28,S
2021-07-05T10:07:37,1600.0,6.29,B
2021-07-05T10:07:37,3400.0,6.29,B
2021-07-05T10:07:33,300.0,6.29,B
2021-07-05T10:07:28,1800.0,6.29,S
2021-07-05T10:07:25,1000.0,6.29,S
2021-07-05T10:07:20,1700.0,6.29,S
2021-07-05T10:07:20,200.0,6.29,S
2021-07-05T10:07:20,300.0,6.29,S
2021-07-05T10:07:20,5800.0,6.29,S
2021-07-05T10:07:13,1200.0,6.29,S
2021-07-05T10:07:12,100.0,6.29,S
2021-07-05T10:07:10,400.0,6.29,S
2021-07-05T10:07:08,3700.0,6.29,S
2021-07-05T10:07:08,6300.0,6.29,S
2021-07-05T10:07:04,4000.0,6.29,S
2021-07-05T10:06:57,20000.0,6.29,S
2021-07-05T10:06:53,16000.0,6.29,S
2021-07-05T10:06:53,14000.0,6.29,S
2021-07-05T10:06:53,700.0,6.29,S
2021-07-05T10:06:47,12100.0,6.29,S
2021-07-05T10:06:47,8800.0,6.29,S
2021-07-05T10:06:47,500.0,6.29,S
2021-07-05T10:06:47,13900.0,6.29,S
2021-07-05T10:06:35,100.0,6.29,S
2021-07-05T10:06:21,400.0,6.3,B
2021-07-05T10:06:17,600.0,6.29,S
2021-07-05T10:06:09,100.0,6.29,S
2021-07-05T10:06:01,900.0,6.29,S
2021-07-05T10:05:53,2300.0,6.29,S
2021-07-05T10:05:36,500.0,6.29,S
2021-07-05T10:05:35,2200.0,6.29,S
2021-07-05T10:05:20,100.0,6.3,B
2021-07-05T10:05:04,2000.0,6.3,B
2021-07-05T10:04:57,2000.0,6.3,B
2021-07-05T10:04:46,5000.0,6.29,S
2021-07-05T10:04:40,3000.0,6.29,S
2021-07-05T10:04:28,200.0,6.29,S
2021-07-05T10:04:17,1000.0,6.29,S
2021-07-05T10:04:06,1000.0,6.29,S
2021-07-05T10:03:59,10500.0,6.3,B
2021-07-05T10:03:59,3800.0,6.3,B
2021-07-05T10:03:59,10700.0,6.3,B
2021-07-05T10:03:59,31400.0,6.3,B
2021-07-05T10:03:59,43600.0,6.3,B
2021-07-05T10:03:52,200.0,6.29,S
2021-07-05T10:03:29,300.0,6.29,S
2021-07-05T10:03:28,500.0,6.3,B
2021-07-05T10:03:23,200.0,6.3,B
2021-07-05T10:03:20,200.0,6.3,B
2021-07-05T10:03:17,600.0,6.3,B
2021-07-05T10:03:17,2600.0,6.3,B
2021-07-05T10:03:17,10000.0,6.3,B
2021-07-05T10:03:16,2500.0,6.29,S
2021-07-05T10:03:10,1000.0,6.3,B
2021-07-05T10:02:52,300.0,6.3,B
2021-07-05T10:02:36,200.0,6.3,B
2021-07-05T10:02:23,5000.0,6.3,B
2021-07-05T10:02:06,300.0,6.29,S
2021-07-05T10:01:58,3000.0,6.29,S
2021-07-05T10:01:38,900.0,6.29,S
2021-07-05T10:01:23,15000.0,6.3,B
2021-07-05T10:01:23,1200.0,6.29,S
2021-07-05T10:01:19,500.0,6.29,S
2021-07-05T10:01:16,100.0,6.3,B
2021-07-05T10:01:15,5600.0,6.3,B
2021-07-05T10:01:09,500.0,6.29,S
2021-07-05T10:01:05,1000.0,6.29,S
2021-07-05T10:01:03,1600.0,6.3,S
2021-07-05T10:01:03,3000.0,6.3,S
2021-07-05T10:01:03,2000.0,6.3,S
2021-07-05T10:01:03,2000.0,6.3,B
2021-07-05T10:01:03,12300.0,6.3,B
2021-07-05T10:01:03,6600.0,6.3,B
2021-07-05T10:01:03,7400.0,6.3,B
2021-07-05T10:01:03,500.0,6.3,B
2021-07-05T10:01:03,4600.0,6.3,B
2021-07-05T10:00:56,3000.0,6.3,B
2021-07-05T10:00:51,5000.0,6.3,B
2021-07-05T10:00:46,7000.0,6.29,S
2021-07-05T10:00:40,200.0,6.3,B
2021-07-05T10:00:37,100.0,6.3,B
2021-07-05T10:00:29,400.0,6.3,B
2021-07-05T10:00:27,2000.0,6.3,B
2021-07-05T09:59:59,9400.0,6.3,B
2021-07-05T09:59:58,1000.0,6.29,S
2021-07-05T09:59:57,5000.0,6.3,B
2021-07-05T09:59:54,200.0,6.29,S
2021-07-05T09:59:54,500.0,6.29,S
2021-07-05T09:59:40,2000.0,6.3,B
2021-07-05T09:59:37,10000.0,6.3,B
2021-07-05T09:59:34,1000.0,6.3,B
2021-07-05T09:59:30,11900.0,6.3,B
2021-07-05T09:59:30,11300.0,6.29,S
2021-07-05T09:59:30,100.0,6.29,S
2021-07-05T09:59:29,1700.0,6.29,S
2021-07-05T09:59:27,31900.0,6.29,S
2021-07-05T09:59:27,10100.0,6.29,S
2021-07-05T09:59:25,500.0,6.3,B
2021-07-05T09:59:25,600.0,6.3,B
2021-07-05T09:59:16,3000.0,6.3,B
2021-07-05T09:59:13,600.0,6.3,B
2021-07-05T09:59:10,300.0,6.3,B
2021-07-05T09:59:10,700.0,6.29,S
2021-07-05T09:58:57,100.0,6.3,B
2021-07-05T09:58:56,1000.0,6.3,B
2021-07-05T09:58:48,1000.0,6.3,B
2021-07-05T09:58:48,1000.0,6.29,S
2021-07-05T09:58:45,1000.0,6.3,B
2021-07-05T09:58:37,100.0,6.3,B
2021-07-05T09:58:35,500.0,6.3,B
2021-07-05T09:58:35,4500.0,6.3,B
2021-07-05T09:58:33,300.0,6.29,S
2021-07-05T09:58:29,1000.0,6.3,B
2021-07-05T09:58:29,3000.0,6.3,B
2021-07-05T09:58:21,1000.0,6.3,B
2021-07-05T09:58:16,1000.0,6.3,B
2021-07-05T09:58:13,500.0,6.3,B
2021-07-05T09:58:13,200.0,6.3,B
2021-07-05T09:58:11,1000.0,6.29,S
2021-07-05T09:58:09,1000.0,6.3,B
2021-07-05T09:58:08,1000.0,6.3,B
2021-07-05T09:58:08,100.0,6.3,B
2021-07-05T09:58:07,1000.0,6.3,B
2021-07-05T09:58:02,200.0,6.3,B
2021-07-05T09:57:59,300.0,6.3,B
2021-07-05T09:57:59,400.0,6.3,B
2021-07-05T09:57:58,1000.0,6.3,B
2021-07-05T09:57:52,300.0,6.3,B
2021-07-05T09:57:52,5000.0,6.3,B
2021-07-05T09:57:50,900.0,6.3,B
2021-07-05T09:57:46,1000.0,6.3,B
2021-07-05T09:57:40,10000.0,6.3,B
2021-07-05T09:57:35,200.0,6.3,B
2021-07-05T09:57:34,500.0,6.3,B
2021-07-05T09:57:32,51000.0,6.3,S
2021-07-05T09:57:32,5800.0,6.3,S
2021-07-05T09:57:32,5200.0,6.3,S
2021-07-05T09:57:32,19400.0,6.3,S
2021-07-05T09:57:32,1000.0,6.3,S
2021-07-05T09:57:26,500.0,6.3,S
2021-07-05T09:57:24,2000.0,6.3,S
2021-07-05T09:57:20,100.0,6.3,S
2021-07-05T09:57:20,1300.0,6.3,S
2021-07-05T09:57:09,8800.0,6.3,S
2021-07-05T09:57:09,300.0,6.3,S
2021-07-05T09:57:09,5500.0,6.3,S
2021-07-05T09:57:09,1400.0,6.3,S
2021-07-05T09:57:09,400.0,6.3,S
2021-07-05T09:57:09,17000.0,6.3,S
2021-07-05T09:57:09,10000.0,6.3,S
2021-07-05T09:57:09,6600.0,6.3,S
2021-07-05T09:57:04,300.0,6.31,B
2021-07-05T09:57:00,400.0,6.3,S
2021-07-05T09:56:58,100.0,6.3,S
2021-07-05T09:56:58,20200.0,6.3,S
2021-07-05T09:56:58,12700.0,6.3,S
2021-07-05T09:56:57,100.0,6.31,B
2021-07-05T09:56:55,400.0,6.31,B
2021-07-05T09:56:53,200.0,6.31,B
2021-07-05T09:56:52,8400.0,6.31,S
2021-07-05T09:56:38,100.0,6.32,B
2021-07-05T09:56:06,200.0,6.32,B
2021-07-05T09:56:03,2600.0,6.31,S
2021-07-05T09:55:59,1000.0,6.32,B
2021-07-05T09:55:40,500.0,6.32,B
2021-07-05T09:55:38,300.0,6.32,B
2021-07-05T09:55:36,10000.0,6.32,B
2021-07-05T09:55:36,100.0,6.31,S
2021-07-05T09:55:36,100.0,6.31,S
2021-07-05T09:55:36,14700.0,6.31,S
2021-07-05T09:55:22,1000.0,6.32,B
2021-07-05T09:55:12,700.0,6.32,B
2021-07-05T09:55:12,9300.0,6.32,B
2021-07-05T09:55:08,700.0,6.32,B
2021-07-05T09:54:53,100.0,6.32,B
2021-07-05T09:54:52,100.0,6.31,S
2021-07-05T09:54:45,500.0,6.32,B
2021-07-05T09:54:38,500.0,6.32,B
2021-07-05T09:54:33,100.0,6.32,B
2021-07-05T09:54:30,3000.0,6.31,S
2021-07-05T09:54:25,500.0,6.32,B
2021-07-05T09:54:25,2000.0,6.32,B
2021-07-05T09:54:13,300.0,6.32,B
2021-07-05T09:54:10,4400.0,6.32,B
2021-07-05T09:54:07,500.0,6.31,S
2021-07-05T09:54:06,600.0,6.32,S
2021-07-05T09:54:02,200.0,6.32,S
2021-07-05T09:53:59,2800.0,6.31,S
2021-07-05T09:53:59,16200.0,6.31,S
2021-07-05T09:53:59,1000.0,6.31,S
2021-07-05T09:53:59,4800.0,6.33,B
2021-07-05T09:53:59,5200.0,6.32,B
2021-07-05T09:53:55,400.0,6.32,B
2021-07-05T09:53:44,700.0,6.32,B
2021-07-05T09:53:43,10000.0,6.32,B
2021-07-05T09:53:34,700.0,6.32,B
2021-07-05T09:53:25,10000.0,6.32,B
2021-07-05T09:53:23,500.0,6.32,B
2021-07-05T09:53:22,200.0,6.32,B
2021-07-05T09:53:20,100.0,6.32,B
2021-07-05T09:53:16,1100.0,6.32,B
2021-07-05T09:53:16,13900.0,6.32,B
2021-07-05T09:52:57,3600.0,6.32,B
2021-07-05T09:52:57,200.0,6.32,B
2021-07-05T09:52:57,5200.0,6.32,B
2021-07-05T09:52:54,5000.0,6.31,S
2021-07-05T09:52:48,7000.0,6.32,B
2021-07-05T09:52:48,1000.0,6.31,S
2021-07-05T09:52:48,400.0,6.32,B
2021-07-05T09:52:45,100.0,6.32,B
2021-07-05T09:52:43,1200.0,6.32,B
2021-07-05T09:52:43,2100.0,6.32,B
2021-07-05T09:52:42,300.0,6.32,B
2021-07-05T09:52:42,1200.0,6.32,B
2021-07-05T09:52:40,200.0,6.32,B
2021-07-05T09:52:35,100.0,6.32,B
2021-07-05T09:52:17,1000.0,6.32,B
2021-07-05T09:52:10,100.0,6.32,B
2021-07-05T09:51:49,300.0,6.32,B
2021-07-05T09:51:43,200.0,6.31,B
2021-07-05T09:51:42,500.0,6.31,B
2021-07-05T09:51:35,1000.0,6.31,B
2021-07-05T09:51:34,300.0,6.31,B
2021-07-05T09:51:33,1000.0,6.31,B
2021-07-05T09:51:30,15000.0,6.3,S
2021-07-05T09:51:22,100.0,6.3,S
2021-07-05T09:51:16,1000.0,6.31,S
2021-07-05T09:51:08,800.0,6.32,B
2021-07-05T09:51:07,20000.0,6.3,S
2021-07-05T09:51:02,5000.0,6.3,S
2021-07-05T09:50:54,200.0,6.3,S
2021-07-05T09:50:41,2500.0,6.3,S
2021-07-05T09:50:39,20000.0,6.3,S
2021-07-05T09:50:27,100.0,6.31,B
2021-07-05T09:50:26,1000.0,6.3,S
2021-07-05T09:50:16,100.0,6.3,S
2021-07-05T09:50:11,2500.0,6.3,S
2021-07-05T09:50:10,1500.0,6.3,S
2021-07-05T09:50:10,300.0,6.3,S
2021-07-05T09:50:09,24700.0,6.3,B
2021-07-05T09:50:07,2300.0,6.3,B
2021-07-05T09:49:56,100.0,6.3,B
2021-07-05T09:49:51,100.0,6.3,B
2021-07-05T09:49:42,3000.0,6.3,B
2021-07-05T09:49:36,400.0,6.3,B
2021-07-05T09:49:36,500.0,6.3,B
2021-07-05T09:49:34,5000.0,6.3,B
2021-07-05T09:49:32,3000.0,6.3,B
2021-07-05T09:49:32,500.0,6.3,B
2021-07-05T09:49:31,400.0,6.3,B
2021-07-05T09:49:30,100.0,6.3,B
2021-07-05T09:49:30,100.0,6.3,B
2021-07-05T09:49:29,5000.0,6.3,B
2021-07-05T09:49:27,100.0,6.3,B
2021-07-05T09:49:24,1600.0,6.3,B
2021-07-05T09:49:22,200.0,6.3,B
2021-07-05T09:49:22,2900.0,6.3,B
2021-07-05T09:49:19,1100.0,6.3,B
2021-07-05T09:49:17,10000.0,6.3,B
2021-07-05T09:49:15,9000.0,6.3,B
2021-07-05T09:49:15,35500.0,6.3,S
2021-07-05T09:49:15,13300.0,6.3,S
2021-07-05T09:49:05,1600.0,6.3,S
2021-07-05T09:49:03,300.0,6.3,S
2021-07-05T09:49:02,100.0,6.3,S
2021-07-05T09:49:00,900.0,6.3,S
2021-07-05T09:48:54,3000.0,6.3,S
2021-07-05T09:48:52,11000.0,6.3,B
2021-07-05T09:48:49,100.0,6.3,B
2021-07-05T09:48:44,200.0,6.3,B
2021-07-05T09:48:43,2000.0,6.29,S
2021-07-05T09:48:42,3000.0,6.29,S
2021-07-05T09:48:41,2000.0,6.3,B
2021-07-05T09:48:38,100.0,6.3,B
2021-07-05T09:48:32,4600.0,6.29,S
2021-07-05T09:48:31,100.0,6.3,B
2021-07-05T09:48:31,11200.0,6.3,B
2021-07-05T09:48:31,3400.0,6.3,B
2021-07-05T09:48:31,4200.0,6.3,B
2021-07-05T09:48:31,900.0,6.3,B
2021-07-05T09:48:31,15500.0,6.3,B
2021-07-05T09:48:31,100.0,6.3,B
2021-07-05T09:48:31,23000.0,6.3,B
2021-07-05T09:48:31,25300.0,6.3,B
2021-07-05T09:48:31,14400.0,6.3,B
2021-07-05T09:48:29,2000.0,6.29,S
2021-07-05T09:48:28,100.0,6.3,B
2021-07-05T09:48:21,3100.0,6.3,B
2021-07-05T09:48:20,1900.0,6.3,B
2021-07-05T09:48:20,900.0,6.3,B
2021-07-05T09:48:17,100.0,6.3,B
2021-07-05T09:48:14,8600.0,6.29,S
2021-07-05T09:48:13,1000.0,6.29,S
2021-07-05T09:48:12,1600.0,6.29,S
2021-07-05T09:48:12,48400.0,6.29,S
2021-07-05T09:48:09,200.0,6.29,S
2021-07-05T09:48:08,10000.0,6.29,S
2021-07-05T09:48:05,400.0,6.3,B
2021-07-05T09:48:03,1000.0,6.3,B
2021-07-05T09:48:02,100.0,6.3,B
2021-07-05T09:48:00,500.0,6.29,S
2021-07-05T09:47:49,5000.0,6.29,S
2021-07-05T09:47:46,100.0,6.3,B
2021-07-05T09:47:37,500.0,6.3,B
2021-07-05T09:47:36,100.0,6.3,B
2021-07-05T09:47:29,1000.0,6.3,B
2021-07-05T09:47:28,6000.0,6.29,S
2021-07-05T09:47:25,100.0,6.3,B
2021-07-05T09:47:24,100.0,6.3,B
2021-07-05T09:47:20,3000.0,6.29,S
2021-07-05T09:47:18,10000.0,6.3,B
2021-07-05T09:47:18,2000.0,6.3,B
2021-07-05T09:47:18,200.0,6.3,B
2021-07-05T09:47:16,20000.0,6.3,B
2021-07-05T09:47:14,200.0,6.3,B
2021-07-05T09:47:10,500.0,6.3,B
2021-07-05T09:47:03,6000.0,6.3,B
2021-07-05T09:46:53,300.0,6.3,B
2021-07-05T09:46:51,2200.0,6.29,S
2021-07-05T09:46:46,1000.0,6.3,B
2021-07-05T09:46:32,100.0,6.29,S
2021-07-05T09:46:31,100.0,6.29,B
2021-07-05T09:46:31,36500.0,6.29,B
2021-07-05T09:46:31,42000.0,6.29,B
2021-07-05T09:46:31,15200.0,6.29,B
2021-07-05T09:46:31,36100.0,6.29,B
2021-07-05T09:46:28,100.0,6.29,B
2021-07-05T09:46:28,100.0,6.29,B
2021-07-05T09:46:25,100.0,6.29,B
2021-07-05T09:46:24,300.0,6.28,S
2021-07-05T09:46:14,1000.0,6.29,B
2021-07-05T09:46:13,600.0,6.28,S
2021-07-05T09:46:13,6200.0,6.28,S
2021-07-05T09:46:08,1200.0,6.29,B
2021-07-05T09:46:07,1000.0,6.28,S
2021-07-05T09:46:03,300.0,6.28,S
2021-07-05T09:45:57,300.0,6.28,S
2021-07-05T09:45:57,4000.0,6.28,S
2021-07-05T09:45:56,600.0,6.28,S
2021-07-05T09:45:53,1000.0,6.28,S
2021-07-05T09:45:46,200.0,6.28,S
2021-07-05T09:45:37,2500.0,6.28,S
2021-07-05T09:45:36,200.0,6.29,B
2021-07-05T09:45:30,300.0,6.28,S
2021-07-05T09:45:30,200.0,6.28,S
2021-07-05T09:45:24,5000.0,6.29,B
2021-07-05T09:45:21,30000.0,6.27,S
2021-07-05T09:45:09,1000.0,6.28,S
2021-07-05T09:45:09,1000.0,6.28,S
2021-07-05T09:45:09,800.0,6.28,B
2021-07-05T09:45:08,2000.0,6.28,B
2021-07-05T09:45:07,2200.0,6.28,S
2021-07-05T09:45:04,1800.0,6.28,B
2021-07-05T09:45:03,100.0,6.28,B
2021-07-05T09:45:00,100.0,6.28,B
2021-07-05T09:44:55,2000.0,6.28,B
2021-07-05T09:44:55,3800.0,6.27,S
2021-07-05T09:44:55,1800.0,6.27,S
2021-07-05T09:44:55,800.0,6.27,S
2021-07-05T09:44:55,2200.0,6.27,S
2021-07-05T09:44:55,6200.0,6.27,S
2021-07-05T09:44:55,100.0,6.27,S
2021-07-05T09:44:55,500.0,6.27,S
2021-07-05T09:44:55,34600.0,6.27,S
2021-07-05T09:44:52,300.0,6.28,B
2021-07-05T09:44:52,1000.0,6.28,B
2021-07-05T09:44:50,100.0,6.28,B
2021-07-05T09:44:50,200.0,6.28,B
2021-07-05T09:44:49,1000.0,6.28,B
2021-07-05T09:44:47,1000.0,6.27,S
2021-07-05T09:44:47,300.0,6.28,B
2021-07-05T09:44:46,1200.0,6.28,B
2021-07-05T09:44:46,2000.0,6.28,B
2021-07-05T09:44:46,2900.0,6.28,B
2021-07-05T09:44:43,1000.0,6.28,B
2021-07-05T09:44:40,3000.0,6.28,B
2021-07-05T09:44:40,4000.0,6.28,B
2021-07-05T09:44:37,2600.0,6.28,S
2021-07-05T09:44:32,20000.0,6.28,S
2021-07-05T09:44:29,300.0,6.28,S
2021-07-05T09:44:26,900.0,6.28,B
2021-07-05T09:44:26,2800.0,6.28,B
2021-07-05T09:44:20,1000.0,6.28,B
2021-07-05T09:44:18,1000.0,6.28,B
2021-07-05T09:44:13,900.0,6.28,B
2021-07-05T09:44:13,7000.0,6.27,S
2021-07-05T09:44:13,400.0,6.28,B
2021-07-05T09:44:13,1000.0,6.28,B
2021-07-05T09:44:12,3000.0,6.27,S
2021-07-05T09:44:09,100.0,6.28,B
2021-07-05T09:44:08,100.0,6.28,B
2021-07-05T09:44:05,5000.0,6.28,B
2021-07-05T09:43:56,300.0,6.28,B
2021-07-05T09:43:52,10000.0,6.28,B
2021-07-05T09:43:49,2000.0,6.27,S
2021-07-05T09:43:49,600.0,6.28,B
2021-07-05T09:43:46,2000.0,6.28,B
2021-07-05T09:43:46,200.0,6.28,B
2021-07-05T09:43:38,10000.0,6.28,B
2021-07-05T09:43:29,500.0,6.29,B
2021-07-05T09:43:28,500.0,6.29,B
2021-07-05T09:43:27,2000.0,6.29,B
2021-07-05T09:43:20,4800.0,6.27,S
2021-07-05T09:43:20,200.0,6.28,S
2021-07-05T09:43:17,300.0,6.29,B
2021-07-05T09:43:17,100.0,6.29,B
2021-07-05T09:43:16,1500.0,6.28,S
2021-07-05T09:43:16,300.0,6.28,S
2021-07-05T09:43:12,1000.0,6.29,B
2021-07-05T09:43:09,1100.0,6.28,S
2021-07-05T09:43:09,4000.0,6.28,S
2021-07-05T09:43:09,100.0,6.28,S
2021-07-05T09:43:09,6900.0,6.28,S
2021-07-05T09:42:59,100.0,6.29,B
2021-07-05T09:42:58,200.0,6.29,B
2021-07-05T09:42:57,2000.0,6.28,S
2021-07-05T09:42:55,1000.0,6.29,B
2021-07-05T09:42:53,6000.0,6.28,S
2021-07-05T09:42:50,2000.0,6.28,S
2021-07-05T09:42:42,3700.0,6.28,S
2021-07-05T09:42:42,300.0,6.28,S
2021-07-05T09:42:42,2000.0,6.28,S
2021-07-05T09:42:42,1000.0,6.29,B
2021-07-05T09:42:35,500.0,6.29,B
2021-07-05T09:42:34,4000.0,6.28,S
2021-07-05T09:42:25,100.0,6.29,B
2021-07-05T09:42:22,500.0,6.29,B
2021-07-05T09:42:19,1000.0,6.29,B
2021-07-05T09:42:19,600.0,6.29,B
2021-07-05T09:42:13,5000.0,6.29,B
2021-07-05T09:42:11,1000.0,6.29,B
2021-07-05T09:42:09,5000.0,6.29,B
2021-07-05T09:42:09,500.0,6.29,B
2021-07-05T09:42:09,500.0,6.29,B
2021-07-05T09:42:03,200.0,6.29,B
2021-07-05T09:42:00,16900.0,6.29,S
2021-07-05T09:42:00,500.0,6.29,S
2021-07-05T09:42:00,3900.0,6.29,S
2021-07-05T09:42:00,13700.0,6.29,S
2021-07-05T09:42:00,2100.0,6.29,S
2021-07-05T09:42:00,2700.0,6.29,S
2021-07-05T09:42:00,800.0,6.29,S
2021-07-05T09:42:00,200.0,6.29,S
2021-07-05T09:42:00,7400.0,6.29,S
2021-07-05T09:41:59,3600.0,6.29,S
2021-07-05T09:41:59,21600.0,6.29,S
2021-07-05T09:41:59,1000.0,6.29,S
2021-07-05T09:41:55,900.0,6.3,B
2021-07-05T09:41:54,200.0,6.3,B
2021-07-05T09:41:48,900.0,6.29,S
2021-07-05T09:41:46,1300.0,6.29,S
2021-07-05T09:41:44,500.0,6.3,B
2021-07-05T09:41:43,200.0,6.3,B
2021-07-05T09:41:40,1000.0,6.29,S
2021-07-05T09:41:35,1200.0,6.29,S
2021-07-05T09:41:34,1000.0,6.3,B
2021-07-05T09:41:34,2800.0,6.29,S
2021-07-05T09:41:30,500.0,6.3,B
2021-07-05T09:41:30,200.0,6.3,B
2021-07-05T09:41:28,300.0,6.3,B
2021-07-05T09:41:25,200.0,6.29,S
2021-07-05T09:41:20,20000.0,6.29,S
2021-07-05T09:41:18,5000.0,6.3,B
2021-07-05T09:41:15,100.0,6.29,S
2021-07-05T09:41:15,1100.0,6.29,S
2021-07-05T09:41:15,1700.0,6.29,S
2021-07-05T09:41:11,100.0,6.29,S
2021-07-05T09:41:10,1800.0,6.3,B
2021-07-05T09:41:07,5000.0,6.3,B
2021-07-05T09:41:00,200.0,6.3,B
2021-07-05T09:40:58,100.0,6.3,B
2021-07-05T09:40:54,2400.0,6.29,S
2021-07-05T09:40:54,100.0,6.3,B
2021-07-05T09:40:40,100.0,6.3,B
2021-07-05T09:40:39,300.0,6.3,B
2021-07-05T09:40:30,200.0,6.29,S
2021-07-05T09:40:30,900.0,6.3,S
2021-07-05T09:40:30,10100.0,6.3,S
2021-07-05T09:40:30,1600.0,6.3,S
2021-07-05T09:40:30,5100.0,6.3,S
2021-07-05T09:40:30,8700.0,6.3,S
2021-07-05T09:40:30,1000.0,6.3,S
2021-07-05T09:40:30,11600.0,6.3,S
2021-07-05T09:40:30,1000.0,6.3,S
2021-07-05T09:40:30,2600.0,6.3,S
2021-07-05T09:40:30,5000.0,6.3,S
2021-07-05T09:40:30,3000.0,6.3,S
2021-07-05T09:40:30,3200.0,6.3,S
2021-07-05T09:40:30,1300.0,6.3,S
2021-07-05T09:40:30,10700.0,6.3,S
2021-07-05T09:40:27,20000.0,6.3,S
2021-07-05T09:40:27,400.0,6.3,S
2021-07-05T09:40:27,20000.0,6.3,S
2021-07-05T09:40:26,500.0,6.3,S
2021-07-05T09:40:25,35200.0,6.3,S
2021-07-05T09:40:24,100.0,6.3,S
2021-07-05T09:40:20,11200.0,6.3,S
2021-07-05T09:40:12,3000.0,6.3,S
2021-07-05T09:40:12,500.0,6.3,S
2021-07-05T09:40:12,21500.0,6.3,S
2021-07-05T09:40:11,6700.0,6.3,S
2021-07-05T09:40:08,1000.0,6.3,S
2021-07-05T09:40:06,7400.0,6.3,S
2021-07-05T09:40:05,300.0,6.31,B
2021-07-05T09:40:03,100.0,6.3,S
2021-07-05T09:39:54,6800.0,6.3,S
2021-07-05T09:39:53,300.0,6.31,B
2021-07-05T09:39:53,500.0,6.31,B
2021-07-05T09:39:51,100.0,6.31,B
2021-07-05T09:39:50,5000.0,6.31,B
2021-07-05T09:39:48,500.0,6.3,S
2021-07-05T09:39:44,700.0,6.31,B
2021-07-05T09:39:43,200.0,6.31,B
2021-07-05T09:39:41,100.0,6.3,S
2021-07-05T09:39:20,1000.0,6.32,B
2021-07-05T09:39:20,500.0,6.32,B
2021-07-05T09:39:20,11300.0,6.3,S
2021-07-05T09:39:20,2500.0,6.3,S
2021-07-05T09:39:19,1200.0,6.3,S
2021-07-05T09:39:16,1000.0,6.32,B
2021-07-05T09:39:16,200.0,6.32,B
2021-07-05T09:39:14,1000.0,6.32,B
2021-07-05T09:39:12,500.0,6.3,S
2021-07-05T09:39:12,3000.0,6.3,S
2021-07-05T09:39:12,12600.0,6.3,S
2021-07-05T09:39:12,400.0,6.3,S
2021-07-05T09:39:12,6500.0,6.3,S
2021-07-05T09:39:12,2200.0,6.3,S
2021-07-05T09:39:12,1200.0,6.3,S
2021-07-05T09:39:12,19100.0,6.3,S
2021-07-05T09:39:12,200.0,6.3,S
2021-07-05T09:39:12,19300.0,6.3,S
2021-07-05T09:39:09,100.0,6.32,B
2021-07-05T09:38:49,1000.0,6.32,B
2021-07-05T09:38:47,10000.0,6.32,B
2021-07-05T09:38:45,100.0,6.32,B
2021-07-05T09:38:42,300.0,6.32,B
2021-07-05T09:38:39,200.0,6.32,B
2021-07-05T09:38:38,500.0,6.32,B
2021-07-05T09:38:34,100.0,6.32,B
2021-07-05T09:38:34,18300.0,6.32,S
2021-07-05T09:38:33,5000.0,6.32,S
2021-07-05T09:38:28,2000.0,6.32,S
2021-07-05T09:38:25,6000.0,6.32,S
2021-07-05T09:38:22,5000.0,6.32,S
2021-07-05T09:38:14,100.0,6.33,S
2021-07-05T09:38:10,300.0,6.32,S
2021-07-05T09:38:08,6500.0,6.32,S
2021-07-05T09:38:02,2500.0,6.32,S
2021-07-05T09:38:02,3000.0,6.34,B
2021-07-05T09:38:00,1300.0,6.32,S
2021-07-05T09:37:52,3000.0,6.34,B
2021-07-05T09:37:50,2000.0,6.33,S
2021-07-05T09:37:43,5000.0,6.32,S
2021-07-05T09:37:42,2000.0,6.34,B
2021-07-05T09:37:37,1000.0,6.32,S
2021-07-05T09:37:36,500.0,6.34,B
2021-07-05T09:37:34,300.0,6.34,B
2021-07-05T09:37:32,22200.0,6.34,B
2021-07-05T09:37:21,1000.0,6.34,B
2021-07-05T09:37:19,500.0,6.34,B
2021-07-05T09:37:17,15200.0,6.32,S
2021-07-05T09:37:17,2900.0,6.32,S
2021-07-05T09:37:17,4000.0,6.33,S
2021-07-05T09:37:17,7900.0,6.33,S
2021-07-05T09:37:15,100.0,6.35,B
2021-07-05T09:37:14,300.0,6.35,B
2021-07-05T09:37:12,5000.0,6.34,S
2021-07-05T09:37:08,3300.0,6.34,S
2021-07-05T09:37:08,6700.0,6.34,S
2021-07-05T09:37:05,10000.0,6.34,S
2021-07-05T09:37:02,10000.0,6.34,S
2021-07-05T09:37:00,500.0,6.34,S
2021-07-05T09:36:40,5000.0,6.35,B
2021-07-05T09:36:37,500.0,6.35,B
2021-07-05T09:36:32,500.0,6.35,B
2021-07-05T09:36:30,300.0,6.35,B
2021-07-05T09:36:30,1000.0,6.35,B
2021-07-05T09:36:23,100.0,6.35,B
2021-07-05T09:36:19,100.0,6.35,B
2021-07-05T09:36:16,1200.0,6.35,B
2021-07-05T09:36:16,3800.0,6.35,B
2021-07-05T09:36:11,300.0,6.35,B
2021-07-05T09:36:10,100.0,6.35,B
2021-07-05T09:36:06,3000.0,6.35,B
2021-07-05T09:36:04,500.0,6.35,B
2021-07-05T09:36:03,5000.0,6.35,B
2021-07-05T09:36:01,2000.0,6.35,B
2021-07-05T09:35:57,500.0,6.35,B
2021-07-05T09:35:56,500.0,6.35,B
2021-07-05T09:35:55,100.0,6.35,B
2021-07-05T09:35:53,1000.0,6.35,B
2021-07-05T09:35:48,3000.0,6.35,B
2021-07-05T09:35:48,500.0,6.35,B
2021-07-05T09:35:44,10000.0,6.34,S
2021-07-05T09:35:42,100.0,6.35,B
2021-07-05T09:35:33,2000.0,6.35,B
2021-07-05T09:35:27,1800.0,6.34,B
2021-07-05T09:35:27,4200.0,6.34,B
2021-07-05T09:35:22,200.0,6.35,B
2021-07-05T09:35:21,500.0,6.35,B
2021-07-05T09:35:21,600.0,6.34,S
2021-07-05T09:35:20,1600.0,6.34,S
2021-07-05T09:35:08,500.0,6.34,S
2021-07-05T09:35:01,1100.0,6.34,B
2021-07-05T09:35:01,300.0,6.34,B
2021-07-05T09:35:01,400.0,6.34,B
2021-07-05T09:34:57,10000.0,6.33,S
2021-07-05T09:34:56,1700.0,6.34,B
2021-07-05T09:34:56,9000.0,6.34,B
2021-07-05T09:34:50,100.0,6.34,B
2021-07-05T09:34:50,100.0,6.34,B
2021-07-05T09:34:48,5100.0,6.34,B
2021-07-05T09:34:45,500.0,6.34,B
2021-07-05T09:34:45,2800.0,6.34,B
2021-07-05T09:34:36,1000.0,6.34,B
2021-07-05T09:34:30,2000.0,6.33,S
2021-07-05T09:34:30,2100.0,6.33,B
2021-07-05T09:34:30,300.0,6.33,B
2021-07-05T09:34:30,600.0,6.33,B
2021-07-05T09:34:25,10000.0,6.33,S
2021-07-05T09:34:23,700.0,6.33,S
2021-07-05T09:34:22,1000.0,6.33,S
2021-07-05T09:34:19,600.0,6.33,B
2021-07-05T09:34:19,500.0,6.33,B
2021-07-05T09:34:18,3000.0,6.32,S
2021-07-05T09:34:15,200.0,6.32,S
2021-07-05T09:34:14,100.0,6.33,B
2021-07-05T09:34:12,13800.0,6.33,B
2021-07-05T09:34:12,6200.0,6.33,B
2021-07-05T09:34:10,600.0,6.33,B
2021-07-05T09:34:09,100.0,6.33,B
2021-07-05T09:33:57,2200.0,6.32,S
2021-07-05T09:33:57,500.0,6.33,B
2021-07-05T09:33:56,800.0,6.33,B
2021-07-05T09:33:56,400.0,6.32,S
2021-07-05T09:33:42,11000.0,6.32,B
2021-07-05T09:33:42,6000.0,6.32,B
2021-07-05T09:33:42,800.0,6.31,S
2021-07-05T09:33:38,5000.0,6.32,B
2021-07-05T09:33:33,4800.0,6.31,S
2021-07-05T09:33:33,200.0,6.31,S
2021-07-05T09:33:26,300.0,6.31,B
2021-07-05T09:33:20,1000.0,6.31,B
2021-07-05T09:33:19,500.0,6.31,B
2021-07-05T09:33:12,100.0,6.31,B
2021-07-05T09:33:11,100.0,6.31,B
2021-07-05T09:33:09,100.0,6.3,S
2021-07-05T09:33:02,1000.0,6.3,S
2021-07-05T09:32:59,500.0,6.3,S
2021-07-05T09:32:55,3000.0,6.3,B
2021-07-05T09:32:54,47700.0,6.3,B
2021-07-05T09:32:54,500.0,6.3,B
2021-07-05T09:32:52,100.0,6.3,B
2021-07-05T09:32:50,1000.0,6.3,B
2021-07-05T09:32:48,10400.0,6.3,B
2021-07-05T09:32:47,100.0,6.3,B
2021-07-05T09:32:46,2000.0,6.3,B
2021-07-05T09:32:46,10000.0,6.3,B
2021-07-05T09:32:42,10000.0,6.3,B
2021-07-05T09:32:42,200.0,6.3,B
2021-07-05T09:32:42,1000.0,6.3,B
2021-07-05T09:32:41,1500.0,6.3,B
2021-07-05T09:32:38,300.0,6.3,B
2021-07-05T09:32:38,1000.0,6.3,B
2021-07-05T09:32:38,5000.0,6.3,B
2021-07-05T09:32:37,1000.0,6.29,S
2021-07-05T09:32:37,500.0,6.3,B
2021-07-05T09:32:34,100.0,6.3,B
2021-07-05T09:32:33,10000.0,6.3,B
2021-07-05T09:32:30,300.0,6.3,B
2021-07-05T09:32:30,800.0,6.29,S
2021-07-05T09:32:30,300.0,6.3,B
2021-07-05T09:32:27,1000.0,6.3,B
2021-07-05T09:32:27,200.0,6.29,S
2021-07-05T09:32:27,200.0,6.3,B
2021-07-05T09:32:26,2200.0,6.3,B
2021-07-05T09:32:24,100.0,6.3,B
2021-07-05T09:32:23,1000.0,6.3,B
2021-07-05T09:32:22,1000.0,6.3,B
2021-07-05T09:32:17,100.0,6.3,B
2021-07-05T09:32:17,5000.0,6.3,B
2021-07-05T09:32:17,100.0,6.3,B
2021-07-05T09:32:16,1600.0,6.3,B
2021-07-05T09:32:13,2000.0,6.3,B
2021-07-05T09:32:10,500.0,6.3,B
2021-07-05T09:32:10,1000.0,6.29,S
2021-07-05T09:32:10,600.0,6.3,B
2021-07-05T09:32:10,1400.0,6.3,B
2021-07-05T09:32:07,3000.0,6.3,B
2021-07-05T09:32:06,1000.0,6.3,B
2021-07-05T09:32:02,100.0,6.3,B
2021-07-05T09:32:01,100.0,6.3,B
2021-07-05T09:32:00,900.0,6.3,B
2021-07-05T09:31:58,5000.0,6.3,B
2021-07-05T09:31:54,100.0,6.3,B
2021-07-05T09:31:54,1000.0,6.29,S
2021-07-05T09:31:49,2100.0,6.3,B
2021-07-05T09:31:49,3200.0,6.3,B
2021-07-05T09:31:49,24700.0,6.3,B
2021-07-05T09:31:47,3000.0,6.3,B
2021-07-05T09:31:43,1500.0,6.29,S
2021-07-05T09:31:40,500.0,6.3,B
2021-07-05T09:31:40,100.0,6.3,B
2021-07-05T09:31:40,50000.0,6.3,B
2021-07-05T09:31:32,2000.0,6.3,B
2021-07-05T09:31:30,2600.0,6.29,S
2021-07-05T09:31:29,200.0,6.29,S
2021-07-05T09:31:27,3500.0,6.29,S
2021-07-05T09:31:25,100.0,6.3,B
2021-07-05T09:31:24,2000.0,6.29,S
2021-07-05T09:31:22,200.0,6.3,B
2021-07-05T09:31:10,4400.0,6.29,S
2021-07-05T09:31:09,5000.0,6.3,B
2021-07-05T09:31:04,1000.0,6.3,B
2021-07-05T09:31:03,200.0,6.3,B
2021-07-05T09:31:02,100.0,6.3,B
2021-07-05T09:30:58,1300.0,6.29,S
2021-07-05T09:30:58,3700.0,6.29,S
2021-07-05T09:30:53,10000.0,6.3,B
2021-07-05T09:30:53,35000.0,6.3,B
2021-07-05T09:30:48,500.0,6.3,B
2021-07-05T09:30:46,300.0,6.29,S
2021-07-05T09:30:39,1000.0,6.29,S
2021-07-05T09:30:37,800.0,6.3,B
2021-07-05T09:30:35,500.0,6.29,S
2021-07-05T09:30:26,1600.0,6.28,S
2021-07-05T09:30:26,500.0,6.29,S
2021-07-05T09:30:26,8900.0,6.29,S
2021-07-05T09:30:23,2000.0,6.3,B
2021-07-05T09:30:23,4000.0,6.29,S
2021-07-05T09:30:18,200.0,6.29,S
2021-07-05T09:30:15,3000.0,6.29,S
2021-07-05T09:30:14,2000.0,6.3,B
2021-07-05T09:30:13,1000.0,6.29,S
2021-07-05T09:30:13,100.0,6.29,S
2021-07-05T09:30:12,3000.0,6.29,S
2021-07-05T09:30:10,2000.0,6.3,B
2021-07-05T09:30:06,1000.0,6.29,S
2021-07-05T09:30:05,1000.0,6.3,B
2021-07-05T09:30:04,200.0,6.29,S
2021-07-05T09:30:02,1000.0,6.3,B
2021-07-05T09:29:59,200.0,6.3,B
2021-07-05T09:29:57,1600.0,6.29,S
2021-07-05T09:29:55,2000.0,6.29,S
2021-07-05T09:29:54,1200.0,6.29,S
2021-07-05T09:29:50,2000.0,6.29,S
2021-07-05T09:29:48,1000.0,6.29,S
2021-07-05T09:29:43,10100.0,6.29,B
2021-07-05T09:29:41,1000.0,6.27,S
2021-07-05T09:29:39,400.0,6.27,S
2021-07-05T09:29:36,20000.0,6.27,S
2021-07-05T09:29:35,400.0,6.27,S
2021-07-05T09:29:35,4600.0,6.28,S
2021-07-05T09:29:33,300.0,6.28,S
2021-07-05T09:29:29,5100.0,6.28,B
2021-07-05T09:29:29,700.0,6.27,S
2021-07-05T09:29:29,300.0,6.27,S
2021-07-05T09:29:20,300.0,6.27,S
2021-07-05T09:29:18,300.0,6.28,B
2021-07-05T09:29:15,100.0,6.27,S
2021-07-05T09:29:04,200.0,6.28,B
2021-07-05T09:29:02,4000.0,6.27,S
2021-07-05T09:28:57,500.0,6.27,S
2021-07-05T09:28:56,1000.0,6.27,S
2021-07-05T09:28:54,8800.0,6.27,B
2021-07-05T09:28:52,1000.0,6.27,B
2021-07-05T09:28:52,200.0,6.27,B
2021-07-05T09:28:49,100.0,6.27,B
2021-07-05T09:28:49,300.0,6.27,B
2021-07-05T09:28:47,1000.0,6.27,B
2021-07-05T09:28:42,100.0,6.27,B
2021-07-05T09:28:36,1900.0,6.27,B
2021-07-05T09:28:35,1000.0,6.27,B
2021-07-05T09:28:22,200.0,6.27,B
2021-07-05T09:28:22,200.0,6.27,B
2021-07-05T09:28:21,100.0,6.27,B
2021-07-05T09:28:21,8000.0,6.25,S
2021-07-05T09:28:18,500.0,6.27,B
2021-07-05T09:28:13,100.0,6.27,S
2021-07-05T09:28:11,400.0,6.27,B
2021-07-05T09:28:02,100.0,6.27,B
2021-07-05T09:28:01,1000.0,6.26,S
2021-07-05T09:27:59,1000.0,6.27,B
2021-07-05T09:27:47,19000.0,6.23,S
2021-07-05T09:27:47,10000.0,6.25,S
2021-07-05T09:27:45,2000.0,6.27,B
2021-07-05T09:27:43,3800.0,6.26,B
2021-07-05T09:27:39,200.0,6.26,B
2021-07-05T09:27:33,900.0,6.26,S
2021-07-05T09:27:28,2000.0,6.28,S
2021-07-05T09:27:24,1000.0,6.28,S
2021-07-05T09:27:21,1000.0,6.29,B
2021-07-05T09:27:20,2000.0,6.29,B
2021-07-05T09:27:18,2400.0,6.25,S
2021-07-05T09:27:15,300.0,6.26,S
2021-07-05T09:27:15,400.0,6.25,S
2021-07-05T09:27:13,100.0,6.28,B
2021-07-05T09:27:13,9900.0,6.28,B
2021-07-05T09:27:10,7400.0,6.25,B
2021-07-05T09:27:07,4800.0,6.23,S
2021-07-05T09:27:04,500.0,6.25,B
2021-07-05T09:27:02,500.0,6.25,B
2021-07-05T09:26:56,1200.0,6.23,S
2021-07-05T09:26:56,3000.0,6.24,S
2021-07-05T09:26:56,1800.0,6.25,S
2021-07-05T09:26:53,500.0,6.25,S
2021-07-05T09:26:50,13600.0,6.25,S
2021-07-05T09:26:40,100.0,6.26,S
2021-07-05T09:26:40,6400.0,6.26,B
2021-07-05T09:26:28,20000.0,6.25,B
2021-07-05T09:26:28,6500.0,6.25,B
2021-07-05T09:26:28,8500.0,6.25,B
2021-07-05T09:26:28,2100.0,6.25,B
2021-07-05T09:26:28,900.0,6.25,B
2021-07-05T09:26:28,5400.0,6.25,B
2021-07-05T09:26:28,35800.0,6.24,B
2021-07-05T09:26:25,700.0,6.22,S
2021-07-05T09:26:25,600.0,6.22,S
2021-07-05T09:26:23,100.0,6.22,S
2021-07-05T09:26:18,1000.0,6.22,S
2021-07-05T09:26:18,39800.0,6.22,S
2021-07-05T09:26:18,2000.0,6.22,S
2021-07-05T09:26:18,8200.0,6.22,S
2021-07-05T09:26:14,2000.0,6.22,S
2021-07-05T09:26:09,11100.0,6.22,S
2021-07-05T09:26:08,10000.0,6.24,B
2021-07-05T09:26:07,1000.0,6.23,B
2021-07-05T09:26:03,700.0,6.22,S
2021-07-05T09:26:01,1500.0,6.22,S
2021-07-05T09:26:00,1500.0,6.22,S
2021-07-05T09:26:00,1000.0,6.22,S
2021-07-05T09:26:00,900.0,6.22,S
2021-07-05T09:25:57,100.0,6.22,S
2021-07-05T09:25:51,100.0,6.22,S
2021-07-05T09:25:50,500.0,6.22,S
2021-07-05T09:25:48,200.0,6.23,B
2021-07-05T09:25:46,1000.0,6.22,S
2021-07-05T09:25:43,1000.0,6.22,S
2021-07-05T09:25:42,3600.0,6.22,B
2021-07-05T09:25:41,100.0,6.22,B
2021-07-05T09:25:41,300.0,6.22,B
2021-07-05T09:25:40,1000.0,6.22,B
2021-07-05T09:25:39,500.0,6.22,B
2021-07-05T09:25:39,2000.0,6.22,B
2021-07-05T09:25:39,10000.0,6.22,B
2021-07-05T09:25:37,200.0,6.22,S
2021-07-05T09:25:37,300.0,6.22,S
2021-07-05T09:25:36,200.0,6.23,B
2021-07-05T09:25:28,10700.0,6.21,S
2021-07-05T09:25:28,5400.0,6.21,S
2021-07-05T09:25:28,8200.0,6.21,S
2021-07-05T09:25:28,3700.0,6.21,S
2021-07-05T09:25:28,2200.0,6.21,S
2021-07-05T09:25:28,4200.0,6.21,S
2021-07-05T09:25:28,10100.0,6.21,S
2021-07-05T09:25:28,1300.0,6.22,S
2021-07-05T09:25:28,4200.0,6.22,S
2021-07-05T09:25:28,3000.0,6.22,S
2021-07-05T09:25:28,14900.0,6.22,S
2021-07-05T09:25:28,2000.0,6.22,B
2021-07-05T09:25:24,600.0,6.22,B
2021-07-05T09:25:23,300.0,6.22,B
2021-07-05T09:25:23,800.0,6.22,B
2021-07-05T09:25:22,100.0,6.22,B
2021-07-05T09:25:19,1000.0,6.22,B
2021-07-05T09:25:19,1000.0,6.22,B
2021-07-05T09:25:15,2700.0,6.21,S
2021-07-05T09:25:15,5000.0,6.21,S
2021-07-05T09:25:14,1000.0,6.22,B
2021-07-05T09:25:13,10000.0,6.22,B
2021-07-05T09:25:13,300.0,6.22,B
2021-07-05T09:25:12,5300.0,6.22,S
2021-07-05T09:25:11,10600.0,6.22,B
2021-07-05T09:25:09,4200.0,6.22,B
2021-07-05T09:25:09,500.0,6.22,B
2021-07-05T09:25:08,100.0,6.22,B
2021-07-05T09:25:08,300.0,6.22,B
2021-07-05T09:25:05,1000.0,6.22,B
2021-07-05T09:25:04,3000.0,6.22,B
2021-07-05T09:25:01,3000.0,6.22,B
2021-07-05T09:24:58,200.0,6.22,B
2021-07-05T09:24:58,200.0,6.22,B
2021-07-05T09:24:56,5000.0,6.22,B
2021-07-05T09:24:56,200.0,6.22,B
2021-07-05T09:24:55,200.0,6.22,B
2021-07-05T09:24:54,2000.0,6.22,B
2021-07-05T09:24:49,100.0,6.21,S
2021-07-05T09:24:49,5000.0,6.21,S
2021-07-05T09:24:47,5000.0,6.21,S
2021-07-05T09:24:46,2000.0,6.22,B
2021-07-05T09:24:45,2200.0,6.22,B
2021-07-05T09:24:44,2000.0,6.22,B
2021-07-05T09:24:43,1000.0,6.22,B
2021-07-05T09:24:43,400.0,6.22,B
2021-07-05T09:24:43,600.0,6.22,B
2021-07-05T09:24:43,200.0,6.21,S
2021-07-05T09:24:38,16500.0,6.22,B
2021-07-05T09:24:38,2300.0,6.22,B
2021-07-05T09:24:37,1100.0,6.22,B
2021-07-05T09:24:36,3200.0,6.22,B
2021-07-05T09:24:35,1600.0,6.22,B
2021-07-05T09:24:34,500.0,6.22,B
2021-07-05T09:24:32,10000.0,6.21,S
2021-07-05T09:24:29,200.0,6.22,B
2021-07-05T09:24:27,1600.0,6.22,B
2021-07-05T09:24:26,100.0,6.22,S
2021-07-05T09:24:26,100.0,6.22,B
2021-07-05T09:24:24,1000.0,6.21,S
2021-07-05T09:24:24,10000.0,6.22,B
2021-07-05T09:24:24,5000.0,6.22,B
2021-07-05T09:24:21,500.0,6.22,B
2021-07-05T09:24:21,500.0,6.22,B
2021-07-05T09:24:18,800.0,6.22,B
2021-07-05T09:24:17,200.0,6.22,B
2021-07-05T09:24:16,35500.0,6.22,B
2021-07-05T09:24:14,300.0,6.22,B
2021-07-05T09:24:14,1500.0,6.21,S
2021-07-05T09:24:13,100.0,6.22,S
2021-07-05T09:24:13,100.0,6.22,S
2021-07-05T09:24:12,500.0,6.22,S
2021-07-05T09:24:09,3000.0,6.22,S
2021-07-05T09:24:05,400.0,6.22,S
2021-07-05T09:24:05,500.0,6.22,S
2021-07-05T09:24:05,5100.0,6.22,S
2021-07-05T09:24:00,1500.0,6.22,S
2021-07-05T09:23:56,1000.0,6.22,S
2021-07-05T09:23:54,2000.0,6.23,B
2021-07-05T09:23:49,100.0,6.23,B
2021-07-05T09:23:44,200.0,6.22,S
2021-07-05T09:23:43,100.0,6.23,B
2021-07-05T09:23:42,200.0,6.22,B
2021-07-05T09:23:41,1000.0,6.21,S
2021-07-05T09:23:41,5800.0,6.21,S
2021-07-05T09:23:39,100.0,6.22,B
2021-07-05T09:23:38,10000.0,6.2,S
2021-07-05T09:23:38,200.0,6.22,B
2021-07-05T09:23:36,10000.0,6.21,S
2021-07-05T09:23:33,500.0,6.22,S
2021-07-05T09:23:33,500.0,6.23,B
2021-07-05T09:23:32,1000.0,6.23,B
2021-07-05T09:23:23,500.0,6.22,B
2021-07-05T09:23:22,2700.0,6.2,S
2021-07-05T09:23:22,6300.0,6.2,S
2021-07-05T09:23:19,4400.0,6.2,S
2021-07-05T09:23:19,1000.0,6.2,S
2021-07-05T09:23:19,12600.0,6.2,S
2021-07-05T09:23:19,10000.0,6.21,S
2021-07-05T09:23:18,100.0,6.23,B
2021-07-05T09:23:16,3600.0,6.21,B
2021-07-05T09:23:14,300.0,6.21,B
2021-07-05T09:23:12,1000.0,6.21,B
2021-07-05T09:23:11,800.0,6.21,B
2021-07-05T09:23:11,3000.0,6.2,S
2021-07-05T09:23:08,200.0,6.21,B
2021-07-05T09:23:07,5000.0,6.21,B
2021-07-05T09:23:07,200.0,6.21,B
2021-07-05T09:23:06,100.0,6.21,B
2021-07-05T09:23:05,100.0,6.21,B
2021-07-05T09:23:03,5000.0,6.21,B
2021-07-05T09:23:02,2000.0,6.21,B
2021-07-05T09:23:02,3000.0,6.2,S
2021-07-05T09:22:59,200.0,6.21,B
2021-07-05T09:22:59,13300.0,6.2,S
2021-07-05T09:22:58,2200.0,6.21,B
2021-07-05T09:22:58,14000.0,6.2,S
2021-07-05T09:22:58,800.0,6.21,B
2021-07-05T09:22:55,500.0,6.2,S
2021-07-05T09:22:50,4900.0,6.21,S
2021-07-05T09:22:45,1800.0,6.23,B
2021-07-05T09:22:45,3200.0,6.21,B
2021-07-05T09:22:45,3000.0,6.2,S
2021-07-05T09:22:42,1000.0,6.21,B
2021-07-05T09:22:40,500.0,6.21,B
2021-07-05T09:22:40,4000.0,6.21,S
2021-07-05T09:22:37,8000.0,6.2,S
2021-07-05T09:22:36,3000.0,6.21,S
2021-07-05T09:22:33,1500.0,6.21,S
2021-07-05T09:22:31,1000.0,6.21,S
2021-07-05T09:22:31,2000.0,6.21,S
2021-07-05T09:22:22,3000.0,6.2,S
2021-07-05T09:22:21,6400.0,6.2,S
2021-07-05T09:22:21,3200.0,6.2,S
2021-07-05T09:22:21,20000.0,6.2,S
2021-07-05T09:22:21,1900.0,6.2,S
2021-07-05T09:22:21,1500.0,6.2,S
2021-07-05T09:22:21,10800.0,6.2,S
2021-07-05T09:22:21,500.0,6.2,S
2021-07-05T09:22:21,6200.0,6.2,S
2021-07-05T09:22:21,1500.0,6.2,S
2021-07-05T09:22:21,3300.0,6.2,S
2021-07-05T09:22:21,900.0,6.2,S
2021-07-05T09:22:21,27700.0,6.2,S
2021-07-05T09:22:21,3000.0,6.2,S
2021-07-05T09:22:21,2800.0,6.2,S
2021-07-05T09:22:21,5100.0,6.2,S
2021-07-05T09:22:21,3500.0,6.2,S
2021-07-05T09:22:21,4300.0,6.2,S
2021-07-05T09:22:21,10500.0,6.2,S
2021-07-05T09:22:21,4700.0,6.2,S
2021-07-05T09:22:21,15100.0,6.2,S
2021-07-05T09:22:21,100.0,6.2,S
2021-07-05T09:22:21,21400.0,6.2,S
2021-07-05T09:22:19,14000.0,6.2,S
2021-07-05T09:22:19,500.0,6.24,B
2021-07-05T09:22:17,700.0,6.21,B
2021-07-05T09:22:16,100.0,6.21,B
2021-07-05T09:22:14,500.0,6.21,S
2021-07-05T09:22:14,300.0,6.21,S
2021-07-05T09:22:11,100.0,6.21,S
2021-07-05T09:22:11,100.0,6.24,B
2021-07-05T09:22:09,5300.0,6.2,S
2021-07-05T09:22:09,4100.0,6.2,S
2021-07-05T09:22:09,100.0,6.21,S
2021-07-05T09:22:09,10500.0,6.21,S
2021-07-05T09:22:07,4700.0,6.21,S
2021-07-05T09:22:07,2800.0,6.21,S
2021-07-05T09:22:07,6100.0,6.21,S
2021-07-05T09:22:07,900.0,6.21,S
2021-07-05T09:21:54,10000.0,6.21,S
2021-07-05T09:21:53,1000.0,6.24,S
2021-07-05T09:21:47,2000.0,6.24,S
2021-07-05T09:21:47,1500.0,6.24,B
2021-07-05T09:21:46,100.0,6.24,S
2021-07-05T09:21:46,1000.0,6.21,S
2021-07-05T09:21:46,400.0,6.24,S
2021-07-05T09:21:41,500.0,6.25,B
2021-07-05T09:21:40,200.0,6.25,B
2021-07-05T09:21:39,2000.0,6.25,B
2021-07-05T09:21:39,3200.0,6.25,B
2021-07-05T09:21:39,4700.0,6.2,S
2021-07-05T09:21:39,15300.0,6.21,S
2021-07-05T09:21:35,1000.0,6.24,S
2021-07-05T09:21:32,1000.0,6.25,B
2021-07-05T09:21:31,300.0,6.24,S
2021-07-05T09:21:30,1100.0,6.24,S
2021-07-05T09:21:30,100.0,6.24,B
2021-07-05T09:21:25,300.0,6.22,S
2021-07-05T09:21:25,1000.0,6.22,S
2021-07-05T09:21:23,1600.0,6.22,S
2021-07-05T09:21:18,1000.0,6.24,S
2021-07-05T09:21:17,500.0,6.24,S
2021-07-05T09:21:12,39800.0,6.2,S
2021-07-05T09:21:12,10200.0,6.2,S
2021-07-05T09:21:12,3000.0,6.21,S
2021-07-05T09:21:11,200.0,6.24,B
2021-07-05T09:21:11,1200.0,6.24,B
2021-07-05T09:21:10,200.0,6.24,B
2021-07-05T09:21:10,200.0,6.24,B
2021-07-05T09:21:10,1000.0,6.24,B
2021-07-05T09:21:10,300.0,6.24,B
2021-07-05T09:21:10,900.0,6.25,S
2021-07-05T09:21:08,1100.0,6.25,B
2021-07-05T09:21:08,500.0,6.25,B
2021-07-05T09:21:05,100.0,6.25,B
2021-07-05T09:20:59,3300.0,6.25,B
2021-07-05T09:20:59,600.0,6.21,S
2021-07-05T09:20:57,3000.0,6.21,S
2021-07-05T09:20:56,100.0,6.25,B
2021-07-05T09:20:56,8600.0,6.15,S
2021-07-05T09:20:56,100.0,6.15,S
2021-07-05T09:20:56,500.0,6.15,S
2021-07-05T09:20:56,1500.0,6.15,S
2021-07-05T09:20:56,500.0,6.15,S
2021-07-05T09:20:56,1200.0,6.15,S
2021-07-05T09:20:56,8000.0,6.17,S
2021-07-05T09:20:56,200.0,6.18,S
2021-07-05T09:20:56,1000.0,6.18,S
2021-07-05T09:20:56,8000.0,6.18,S
2021-07-05T09:20:56,10800.0,6.18,S
2021-07-05T09:20:56,500.0,6.2,S
2021-07-05T09:20:56,15500.0,6.2,S
2021-07-05T09:20:56,500.0,6.2,S
2021-07-05T09:20:56,13100.0,6.2,S
2021-07-05T09:20:54,10000.0,6.2,S
2021-07-05T09:20:53,500.0,6.26,B
2021-07-05T09:20:53,1300.0,6.26,S
2021-07-05T09:20:52,100.0,6.26,B
2021-07-05T09:20:52,100.0,6.26,B
2021-07-05T09:20:51,11000.0,6.2,S
2021-07-05T09:20:47,1000.0,6.25,S
2021-07-05T09:20:40,700.0,6.28,B
2021-07-05T09:20:38,50000.0,6.28,B
2021-07-05T09:20:37,500.0,6.2,B
2021-07-05T09:20:36,500.0,6.2,B
2021-07-05T09:20:35,2000.0,6.2,B
2021-07-05T09:20:34,300.0,6.2,B
2021-07-05T09:20:34,1000.0,6.2,S
2021-07-05T09:20:34,4400.0,6.2,S
2021-07-05T09:20:34,7800.0,6.2,S
2021-07-05T09:20:34,26100.0,6.2,S
2021-07-05T09:20:34,2200.0,6.2,S
2021-07-05T09:20:34,1700.0,6.2,S
2021-07-05T09:20:34,7600.0,6.2,S
2021-07-05T09:20:34,1200.0,6.2,S
2021-07-05T09:20:34,4100.0,6.2,S
2021-07-05T09:20:34,5200.0,6.2,S
2021-07-05T09:20:34,1200.0,6.2,S
2021-07-05T09:20:34,32200.0,6.2,S
2021-07-05T09:20:34,6600.0,6.2,S
2021-07-05T09:20:34,34400.0,6.2,S
2021-07-05T09:20:34,1000.0,6.2,S
2021-07-05T09:20:34,1100.0,6.2,S
2021-07-05T09:20:34,10000.0,6.21,S
2021-07-05T09:20:34,2900.0,6.21,S
2021-07-05T09:20:34,1700.0,6.21,S
2021-07-05T09:20:34,6000.0,6.21,S
2021-07-05T09:20:34,500.0,6.22,S
2021-07-05T09:20:34,13900.0,6.23,S
2021-07-05T09:20:34,400.0,6.24,S
2021-07-05T09:20:34,1900.0,6.25,S
2021-07-05T09:20:34,1100.0,6.25,S
2021-07-05T09:20:33,500.0,6.25,S
2021-07-05T09:20:30,3000.0,6.25,S
2021-07-05T09:20:27,7100.0,6.26,B
2021-07-05T09:20:27,300.0,6.26,B
2021-07-05T09:20:26,1000.0,6.26,B
2021-07-05T09:20:25,1600.0,6.26,B
2021-07-05T09:20:25,400.0,6.25,B
2021-07-05T09:20:25,200.0,6.25,B
2021-07-05T09:20:23,500.0,6.25,B
2021-07-05T09:20:23,1500.0,6.24,S
2021-07-05T09:20:22,1200.0,6.25,S
2021-07-05T09:20:22,1800.0,6.25,S
2021-07-05T09:20:22,1300.0,6.25,S
2021-07-05T09:20:22,58500.0,6.25,S
2021-07-05T09:20:22,5000.0,6.25,S
2021-07-05T09:20:22,11100.0,6.25,S
2021-07-05T09:20:22,4000.0,6.25,S
2021-07-05T09:20:22,2500.0,6.25,S
2021-07-05T09:20:22,13500.0,6.26,S
2021-07-05T09:20:21,200.0,6.27,S
2021-07-05T09:20:20,7600.0,6.27,B
2021-07-05T09:20:14,2300.0,6.26,S
2021-07-05T09:20:13,200.0,6.26,S
2021-07-05T09:20:13,300.0,6.27,B
2021-07-05T09:20:12,500.0,6.26,S
2021-07-05T09:20:10,300.0,6.26,S
2021-07-05T09:20:09,800.0,6.27,B
2021-07-05T09:20:07,100.0,6.27,S
2021-07-05T09:20:06,100.0,6.27,S
2021-07-05T09:20:06,900.0,6.28,B
2021-07-05T09:20:06,1000.0,6.28,B
2021-07-05T09:20:01,1000.0,6.28,B
2021-07-05T09:20:01,100.0,6.28,B
2021-07-05T09:20:01,600.0,6.28,S
2021-07-05T09:19:59,400.0,6.28,B
2021-07-05T09:19:59,600.0,6.28,B
2021-07-05T09:19:56,10000.0,6.3,B
2021-07-05T09:19:55,200.0,6.27,B
2021-07-05T09:19:53,1100.0,6.27,S
2021-07-05T09:19:53,700.0,6.28,S
2021-07-05T09:19:53,3200.0,6.28,S
2021-07-05T09:19:53,100.0,6.28,S
2021-07-05T09:19:53,2600.0,6.28,S
2021-07-05T09:19:53,500.0,6.28,S
2021-07-05T09:19:53,14700.0,6.28,S
2021-07-05T09:19:52,2000.0,6.3,B
2021-07-05T09:19:49,8000.0,6.3,B
2021-07-05T09:19:41,1000.0,6.3,B
2021-07-05T09:19:39,10000.0,6.3,B
2021-07-05T09:19:36,30000.0,6.28,S
2021-07-05T09:19:35,1000.0,6.29,S
2021-07-05T09:19:34,2000.0,6.28,S
2021-07-05T09:19:34,4000.0,6.28,S
2021-07-05T09:19:32,500.0,6.28,S
2021-07-05T09:19:31,10000.0,6.3,B
2021-07-05T09:19:31,2100.0,6.28,S
2021-07-05T09:19:30,1000.0,6.29,B
2021-07-05T09:19:29,20400.0,6.28,S
2021-07-05T09:19:28,100.0,6.28,S
2021-07-05T09:19:28,2000.0,6.29,B
2021-07-05T09:19:24,500.0,6.28,S
2021-07-05T09:19:24,100.0,6.29,B
2021-07-05T09:19:24,100.0,6.29,B
2021-07-05T09:19:22,6400.0,6.28,S
2021-07-05T09:19:22,1000.0,6.29,B
2021-07-05T09:19:22,500.0,6.29,B
2021-07-05T09:19:17,500.0,6.29,S
2021-07-05T09:19:17,3000.0,6.29,S
2021-07-05T09:19:17,400.0,6.29,S
2021-07-05T09:19:16,1000.0,6.3,B
2021-07-05T09:19:15,500.0,6.3,B
2021-07-05T09:19:14,4000.0,6.3,B
2021-07-05T09:19:13,100.0,6.3,B
2021-07-05T09:19:13,500.0,6.29,S
2021-07-05T09:19:12,5000.0,6.29,S
2021-07-05T09:19:10,3000.0,6.29,S
2021-07-05T09:19:06,1000.0,6.3,B
2021-07-05T09:19:05,1000.0,6.3,B
2021-07-05T09:19:05,100.0,6.3,B
2021-07-05T09:19:04,100.0,6.3,B
2021-07-05T09:19:04,1000.0,6.3,B
2021-07-05T09:19:03,100.0,6.3,B
2021-07-05T09:19:03,1000.0,6.3,B
2021-07-05T09:19:03,1300.0,6.3,S
2021-07-05T09:19:02,2800.0,6.3,S
2021-07-05T09:19:02,100.0,6.3,S
2021-07-05T09:19:02,100.0,6.3,S
2021-07-05T09:19:02,10000.0,6.3,S
2021-07-05T09:19:02,300.0,6.3,S
2021-07-05T09:19:02,2400.0,6.3,S
2021-07-05T09:19:02,600.0,6.3,S
2021-07-05T09:19:02,100.0,6.3,S
2021-07-05T09:19:02,200.0,6.3,S
2021-07-05T09:19:02,500.0,6.3,S
2021-07-05T09:19:02,300.0,6.3,S
2021-07-05T09:19:02,1000.0,6.3,S
2021-07-05T09:19:02,5000.0,6.3,S
2021-07-05T09:19:02,100.0,6.3,S
2021-07-05T09:19:02,600.0,6.3,S
2021-07-05T09:19:02,100.0,6.3,S
2021-07-05T09:19:02,400.0,6.3,S
2021-07-05T09:19:02,100.0,6.3,S
2021-07-05T09:19:02,1000.0,6.3,S
2021-07-05T09:18:59,2000.0,6.31,B
2021-07-05T09:18:59,20000.0,6.3,S
2021-07-05T09:18:58,5000.0,6.3,S
2021-07-05T09:18:56,20600.0,6.3,S
2021-07-05T09:18:56,600.0,6.3,S
2021-07-05T09:18:56,1600.0,6.3,S
2021-07-05T09:18:56,1200.0,6.3,S
2021-07-05T09:18:56,5400.0,6.3,S
2021-07-05T09:18:55,1200.0,6.3,S
2021-07-05T09:18:55,5000.0,6.3,S
2021-07-05T09:18:55,4600.0,6.3,S
2021-07-05T09:18:55,1500.0,6.3,S
2021-07-05T09:18:51,500.0,6.3,S
2021-07-05T09:18:51,15000.0,6.3,S
2021-07-05T09:18:48,8200.0,6.3,S
2021-07-05T09:18:47,2000.0,6.3,S
2021-07-05T09:18:40,2900.0,6.3,S
2021-07-05T09:18:40,2300.0,6.3,S
2021-07-05T09:18:40,1900.0,6.3,S
2021-07-05T09:18:40,600.0,6.3,S
2021-07-05T09:18:40,1200.0,6.3,S
2021-07-05T09:18:40,700.0,6.3,S
2021-07-05T09:18:40,5100.0,6.3,S
2021-07-05T09:18:40,300.0,6.32,B
2021-07-05T09:18:34,200.0,6.32,B
2021-07-05T09:18:34,100.0,6.32,B
2021-07-05T09:18:30,5200.0,6.31,S
2021-07-05T09:18:30,4300.0,6.32,S
2021-07-05T09:18:29,700.0,6.32,S
2021-07-05T09:18:29,300.0,6.33,B
2021-07-05T09:18:29,800.0,6.32,S
2021-07-05T09:18:28,600.0,6.33,B
2021-07-05T09:18:27,2000.0,6.32,S
2021-07-05T09:18:19,300.0,6.33,B
2021-07-05T09:18:17,500.0,6.33,B
2021-07-05T09:18:15,10000.0,6.33,B
2021-07-05T09:18:12,3300.0,6.33,S
2021-07-05T09:18:12,200.0,6.33,S
2021-07-05T09:18:12,500.0,6.33,S
2021-07-05T09:18:11,2300.0,6.34,B
2021-07-05T09:18:10,2000.0,6.33,S
2021-07-05T09:18:09,900.0,6.33,S
2021-07-05T09:18:09,3000.0,6.34,B
2021-07-05T09:17:58,5000.0,6.34,B
2021-07-05T09:17:57,1000.0,6.33,S
2021-07-05T09:17:56,1100.0,6.34,B
2021-07-05T09:17:53,600.0,6.33,S
2021-07-05T09:17:50,1000.0,6.33,S
2021-07-05T09:17:49,1000.0,6.34,B
2021-07-05T09:17:49,2000.0,6.34,B
2021-07-05T09:17:47,1000.0,6.34,B
2021-07-05T09:17:47,100.0,6.34,B
2021-07-05T09:17:45,200.0,6.34,B
2021-07-05T09:17:44,500.0,6.34,B
2021-07-05T09:17:44,200.0,6.34,B
2021-07-05T09:17:40,100.0,6.34,B
2021-07-05T09:17:40,700.0,6.34,B
2021-07-05T09:17:39,100.0,6.34,B
2021-07-05T09:17:38,2400.0,6.34,S
2021-07-05T09:17:37,200.0,6.35,B
2021-07-05T09:17:35,800.0,6.35,B
2021-07-05T09:17:35,7400.0,6.34,S
2021-07-05T09:17:34,1500.0,6.35,B
2021-07-05T09:17:34,2000.0,6.34,S
2021-07-05T09:17:33,9000.0,6.34,S
2021-07-05T09:17:32,1800.0,6.34,S
2021-07-05T09:17:31,1000.0,6.35,B
2021-07-05T09:17:28,5000.0,6.34,S
2021-07-05T09:17:28,2000.0,6.35,B
2021-07-05T09:17:27,600.0,6.34,S
2021-07-05T09:17:27,500.0,6.34,S
2021-07-05T09:17:26,200.0,6.35,B
2021-07-05T09:17:21,1000.0,6.35,B
2021-07-05T09:17:21,2000.0,6.35,B
2021-07-05T09:17:19,300.0,6.35,B
2021-07-05T09:17:19,100.0,6.35,B
2021-07-05T09:17:18,2000.0,6.34,S
2021-07-05T09:17:17,10000.0,6.35,B
2021-07-05T09:17:15,300.0,6.35,B
2021-07-05T09:17:15,100.0,6.35,B
2021-07-05T09:17:15,15000.0,6.35,B
2021-07-05T09:17:12,300.0,6.35,B
2021-07-05T09:17:11,1100.0,6.35,B
2021-07-05T09:17:09,600.0,6.35,B
2021-07-05T09:17:09,500.0,6.35,B
2021-07-05T09:17:07,500.0,6.35,S
2021-07-05T09:17:07,1000.0,6.35,S
2021-07-05T09:17:07,9000.0,6.35,S
2021-07-05T09:17:06,600.0,6.36,B
2021-07-05T09:17:06,1000.0,6.35,S
2021-07-05T09:17:03,1000.0,6.36,B
2021-07-05T09:17:02,4000.0,6.35,S
2021-07-05T09:17:02,200.0,6.36,B
2021-07-05T09:17:01,1000.0,6.35,S
2021-07-05T09:16:45,500.0,6.36,B
2021-07-05T09:16:40,700.0,6.35,B
2021-07-05T09:16:37,1000.0,6.34,S
2021-07-05T09:16:36,500.0,6.35,B
2021-07-05T09:16:36,500.0,6.35,B
2021-07-05T09:16:35,500.0,6.35,B
2021-07-05T09:16:34,6800.0,6.35,B
2021-07-05T09:16:31,10000.0,6.36,B
2021-07-05T09:16:27,8000.0,6.35,B
2021-07-05T09:16:25,400.0,6.35,S
2021-07-05T09:16:19,4000.0,6.35,S
2021-07-05T09:16:13,300.0,6.36,B
2021-07-05T09:16:12,9600.0,6.35,S
2021-07-05T09:16:09,100.0,6.36,S
2021-07-05T09:16:09,1100.0,6.36,S
2021-07-05T09:16:04,100.0,6.36,S
2021-07-05T09:16:03,100.0,6.36,S
2021-07-05T09:16:02,2200.0,6.37,B
2021-07-05T09:16:02,1100.0,6.37,B
2021-07-05T09:16:01,400.0,6.35,S
2021-07-05T09:16:01,5000.0,6.35,S
2021-07-05T09:15:50,1000.0,6.35,S
2021-07-05T09:15:38,5000.0,6.35,S
2021-07-05T09:15:37,300.0,6.36,S
2021-07-05T09:15:32,2300.0,6.36,S
2021-07-05T09:15:28,700.0,6.36,B
2021-07-05T09:15:20,1000.0,6.35,S
2021-07-05T09:15:14,1000.0,6.35,S
2021-07-05T09:15:14,300.0,6.36,B
2021-07-05T09:15:14,200.0,6.36,B
