tradingTime,volume,price,side
2021-07-05T10:53:03,100.0,19.6,B
2021-07-05T10:52:47,200.0,19.6,B
2021-07-05T10:52:42,2000.0,19.6,B
2021-07-05T10:51:50,200.0,19.6,B
2021-07-05T10:51:23,2000.0,19.6,B
2021-07-05T10:51:23,500.0,19.5,S
2021-07-05T10:51:18,100.0,19.5,S
2021-07-05T10:50:54.311,100.0,19.5,S
2021-07-05T10:50:49.92,16200.0,19.5,B
2021-07-05T10:50:41.411,3100.0,19.5,B
2021-07-05T10:50:26.91,8000.0,19.5,B
2021-07-05T10:49:57.589,100.0,19.4,S
2021-07-05T10:49:49.62,8000.0,19.5,B
2021-07-05T10:49:08.118,500.0,19.5,B
2021-07-05T10:48:37.324,100.0,19.5,B
2021-07-05T10:46:40.158,100.0,19.5,B
2021-07-05T10:46:32.313,1000.0,19.5,B
2021-07-05T10:46:28.563,600.0,19.4,S
2021-07-05T10:45:37.04,100.0,19.5,B
2021-07-05T10:44:36,500.0,19.5,B
2021-07-05T10:44:16,5000.0,19.4,S
2021-07-05T10:42:55,10000.0,19.4,S
2021-07-05T10:42:50,900.0,19.4,S
2021-07-05T10:42:37,600.0,19.5,B
2021-07-05T10:42:32,1000.0,19.4,S
2021-07-05T10:41:36,1300.0,19.4,S
2021-07-05T10:41:23,4200.0,19.4,B
2021-07-05T10:40:58,6000.0,19.4,B
2021-07-05T10:40:52,500.0,19.3,S
2021-07-05T10:40:41,300.0,19.3,S
2021-07-05T10:40:25,200.0,19.4,B
2021-07-05T10:39:53,2800.0,19.4,B
2021-07-05T10:39:52,13400.0,19.4,B
2021-07-05T10:39:49,100.0,19.5,B
2021-07-05T10:39:24,12300.0,19.5,S
2021-07-05T10:39:16,200.0,19.6,B
2021-07-05T10:39:14,300.0,19.6,S
2021-07-05T10:39:08,1800.0,19.6,S
2021-07-05T10:39:03,500.0,19.6,B
2021-07-05T10:38:58,700.0,19.6,B
2021-07-05T10:38:54,2000.0,19.6,S
2021-07-05T10:38:49,3000.0,19.6,S
2021-07-05T10:38:46,400.0,19.6,S
2021-07-05T10:38:40,100.0,19.6,S
2021-07-05T10:38:31,200.0,19.6,S
2021-07-05T10:38:20,100.0,19.6,S
2021-07-05T10:37:19,500.0,19.6,S
2021-07-05T10:36:37,100.0,19.6,B
2021-07-05T10:36:26,300.0,19.6,S
2021-07-05T10:36:04,300.0,19.6,S
2021-07-05T10:35:48,200.0,19.6,B
2021-07-05T10:35:39,200.0,19.6,B
2021-07-05T10:35:33,200.0,19.6,B
2021-07-05T10:35:24,1000.0,19.6,B
2021-07-05T10:35:22,300.0,19.6,B
2021-07-05T10:35:21,400.0,19.6,B
2021-07-05T10:35:02,100.0,19.6,B
2021-07-05T10:34:48,12000.0,19.6,B
2021-07-05T10:34:35,1400.0,19.6,B
2021-07-05T10:34:35,200.0,19.5,S
2021-07-05T10:33:41,400.0,19.5,S
2021-07-05T10:33:14,12200.0,19.5,S
2021-07-05T10:32:26,9200.0,19.4,B
2021-07-05T10:32:10,100.0,19.4,B
2021-07-05T10:32:09,100.0,19.4,B
2021-07-05T10:32:08,1000.0,19.4,B
2021-07-05T10:31:57,100.0,19.4,B
2021-07-05T10:31:47,1600.0,19.3,S
2021-07-05T10:31:45,1000.0,19.4,B
2021-07-05T10:31:35,500.0,19.3,S
2021-07-05T10:31:34,500.0,19.4,B
2021-07-05T10:31:25,1000.0,19.3,S
2021-07-05T10:31:10,500.0,19.4,B
2021-07-05T10:31:10,500.0,19.3,S
2021-07-05T10:31:09,2500.0,19.3,S
2021-07-05T10:30:57,30000.0,19.3,S
2021-07-05T10:30:54,100.0,19.3,S
2021-07-05T10:30:35,30000.0,19.3,S
2021-07-05T10:30:33,2200.0,19.5,B
2021-07-05T10:30:31,700.0,19.4,S
2021-07-05T10:30:25,5000.0,19.5,B
2021-07-05T10:30:07,1700.0,19.4,S
2021-07-05T10:30:03,100.0,19.5,B
2021-07-05T10:29:55,2900.0,19.5,B
2021-07-05T10:29:48,400.0,19.4,S
2021-07-05T10:29:41,100.0,19.5,B
2021-07-05T10:29:29,5500.0,19.5,B
2021-07-05T10:29:20,200.0,19.5,B
2021-07-05T10:29:18,30000.0,19.5,S
2021-07-05T10:29:16,300.0,19.6,B
2021-07-05T10:29:13,300.0,19.5,S
2021-07-05T10:29:09,100.0,19.6,B
2021-07-05T10:29:08,100.0,19.6,B
2021-07-05T10:29:00,1000.0,19.5,S
2021-07-05T10:28:57,400.0,19.6,B
2021-07-05T10:28:24,1000.0,19.6,B
2021-07-05T10:28:19,300.0,19.6,B
2021-07-05T10:27:59,300.0,19.6,B
2021-07-05T10:27:51,6800.0,19.6,S
2021-07-05T10:27:51,3000.0,19.6,S
2021-07-05T10:27:14,1900.0,19.7,B
2021-07-05T10:26:44,200.0,19.7,B
2021-07-05T10:25:51,4000.0,19.6,S
2021-07-05T10:25:29,5000.0,19.6,S
2021-07-05T10:25:27,300.0,19.6,S
2021-07-05T10:25:21,18500.0,19.6,S
2021-07-05T10:24:53,900.0,19.6,S
2021-07-05T10:24:46,2800.0,19.6,S
2021-07-05T10:24:01,200.0,19.6,S
2021-07-05T10:23:09,1100.0,19.6,B
2021-07-05T10:23:07,1100.0,19.6,B
2021-07-05T10:23:01,300.0,19.6,B
2021-07-05T10:22:55,500.0,19.6,B
2021-07-05T10:22:53,1000.0,19.6,S
2021-07-05T10:22:24,200.0,19.6,S
2021-07-05T10:22:18,4700.0,19.5,S
2021-07-05T10:22:10,300.0,19.6,S
2021-07-05T10:22:10,1000.0,19.7,B
2021-07-05T10:22:09,2000.0,19.6,S
2021-07-05T10:22:08,1800.0,19.6,S
2021-07-05T10:22:06,600.0,19.6,B
2021-07-05T10:21:55,100.0,19.6,B
2021-07-05T10:21:55,2600.0,19.5,S
2021-07-05T10:21:36,500.0,19.5,S
2021-07-05T10:21:35,1000.0,19.6,B
2021-07-05T10:21:29,200.0,19.6,B
2021-07-05T10:21:10,1800.0,19.5,S
2021-07-05T10:21:04,400.0,19.5,B
2021-07-05T10:21:00,3000.0,19.5,B
2021-07-05T10:20:51,100.0,19.5,B
2021-07-05T10:20:45,3000.0,19.5,B
2021-07-05T10:20:43,100.0,19.4,B
2021-07-05T10:20:43,500.0,19.4,B
2021-07-05T10:20:38,200.0,19.4,B
2021-07-05T10:20:37,500.0,19.4,B
2021-07-05T10:20:36,1000.0,19.4,B
2021-07-05T10:20:33,1000.0,19.4,B
2021-07-05T10:20:31,4500.0,19.4,S
2021-07-05T10:20:30,1000.0,19.5,B
2021-07-05T10:20:23,1000.0,19.5,B
2021-07-05T10:20:16,100.0,19.5,B
2021-07-05T10:20:13,300.0,19.5,B
2021-07-05T10:20:04,400.0,19.5,B
2021-07-05T10:20:00,5000.0,19.5,S
2021-07-05T10:19:48,2000.0,19.6,B
2021-07-05T10:19:44,500.0,19.6,B
2021-07-05T10:19:43,100.0,19.6,S
2021-07-05T10:19:42,8000.0,19.7,B
2021-07-05T10:19:42,2500.0,19.7,B
2021-07-05T10:19:40,500.0,19.6,S
2021-07-05T10:19:24,2000.0,19.6,S
2021-07-05T10:18:56,200.0,19.6,S
2021-07-05T10:18:55,100.0,19.6,S
2021-07-05T10:18:51,100.0,19.7,B
2021-07-05T10:18:50,300.0,19.6,S
2021-07-05T10:18:40,1000.0,19.7,B
2021-07-05T10:18:33,100.0,19.6,S
2021-07-05T10:18:32,100.0,19.7,B
2021-07-05T10:18:32,50000.0,19.1,S
2021-07-05T10:18:30,1700.0,19.6,S
2021-07-05T10:18:20,1000.0,19.7,B
2021-07-05T10:18:16,1000.0,19.6,S
2021-07-05T10:18:13,8500.0,19.7,B
2021-07-05T10:17:57,3000.0,19.7,S
2021-07-05T10:17:51,300.0,19.8,B
2021-07-05T10:17:51,100.0,19.8,B
2021-07-05T10:17:46,1000.0,19.8,B
2021-07-05T10:17:44,500.0,19.8,B
2021-07-05T10:17:38,300.0,19.8,B
2021-07-05T10:17:20,200.0,19.8,B
2021-07-05T10:17:12,7800.0,19.8,B
2021-07-05T10:17:08,300.0,19.9,B
2021-07-05T10:16:54,9000.0,19.8,S
2021-07-05T10:16:45,500.0,19.8,S
2021-07-05T10:16:42,1500.0,19.8,S
2021-07-05T10:16:35,35000.0,19.8,S
2021-07-05T10:16:20,13500.0,19.9,B
2021-07-05T10:16:20,2000.0,19.9,B
2021-07-05T10:16:08,800.0,19.9,S
2021-07-05T10:16:07,10000.0,19.9,S
2021-07-05T10:15:59,1000.0,19.9,S
2021-07-05T10:15:16,1400.0,19.9,S
2021-07-05T10:14:53,5400.0,19.9,S
2021-07-05T10:14:21,1000.0,20.0,B
2021-07-05T10:14:11,2000.0,20.0,B
2021-07-05T10:14:03,500.0,20.0,B
2021-07-05T10:13:21,200.0,20.0,B
2021-07-05T10:13:19,200.0,19.9,S
2021-07-05T10:13:05,200.0,20.0,B
2021-07-05T10:12:42,500.0,20.0,B
2021-07-05T10:12:23,5000.0,20.0,B
2021-07-05T10:11:53,2000.0,20.0,B
2021-07-05T10:11:20,9400.0,20.0,S
2021-07-05T10:11:18,1000.0,20.0,S
2021-07-05T10:11:17,900.0,20.0,S
2021-07-05T10:11:14,5000.0,20.0,S
2021-07-05T10:11:04,2000.0,20.0,S
2021-07-05T10:11:03,1900.0,20.0,S
2021-07-05T10:11:01,100.0,20.0,S
2021-07-05T10:10:50,200.0,20.0,S
2021-07-05T10:10:45,10000.0,20.0,S
2021-07-05T10:10:22,10000.0,20.0,S
2021-07-05T10:08:00,600.0,20.0,S
2021-07-05T10:07:49,5000.0,20.0,S
2021-07-05T10:06:28,200.0,20.0,S
2021-07-05T10:04:36,200.0,20.0,S
2021-07-05T10:03:53,3500.0,20.0,S
2021-07-05T10:02:06,300.0,20.0,S
2021-07-05T10:01:36,3900.0,20.0,S
2021-07-05T10:01:24,10000.0,20.0,S
2021-07-05T10:00:58,300.0,20.0,S
2021-07-05T10:00:27,500.0,20.0,S
2021-07-05T09:58:35,100.0,20.0,S
2021-07-05T09:58:02,1000.0,20.0,S
2021-07-05T09:58:00,100.0,20.0,S
2021-07-05T09:57:45,400.0,20.0,S
2021-07-05T09:56:23,1000.0,20.0,S
2021-07-05T09:56:16,1000.0,20.0,S
2021-07-05T09:56:00,1000.0,20.0,S
2021-07-05T09:55:50,400.0,20.0,S
2021-07-05T09:55:36,2600.0,20.1,B
2021-07-05T09:55:29,1500.0,20.1,B
2021-07-05T09:55:02,800.0,20.0,S
2021-07-05T09:53:00,100.0,20.0,S
2021-07-05T09:52:05,300.0,20.0,S
2021-07-05T09:50:08,100.0,20.0,S
2021-07-05T09:50:07,2700.0,20.0,S
2021-07-05T09:48:38,300.0,20.0,S
2021-07-05T09:48:09,200.0,20.0,S
2021-07-05T09:47:31,500.0,20.0,S
2021-07-05T09:47:18,100.0,20.0,S
2021-07-05T09:47:04,300.0,20.0,S
2021-07-05T09:46:58,500.0,20.1,B
2021-07-05T09:46:28,1000.0,20.0,S
2021-07-05T09:46:08,1000.0,20.0,S
2021-07-05T09:45:33,600.0,20.0,S
2021-07-05T09:45:29,800.0,20.0,S
2021-07-05T09:43:58,100.0,20.0,S
2021-07-05T09:42:49,1000.0,20.0,S
2021-07-05T09:42:20,1000.0,20.0,S
2021-07-05T09:41:04,1000.0,20.0,S
2021-07-05T09:40:44,200.0,20.0,S
2021-07-05T09:40:22,200.0,20.0,S
2021-07-05T09:40:06,200.0,20.0,S
2021-07-05T09:39:19,500.0,20.0,S
2021-07-05T09:37:27,500.0,20.1,B
2021-07-05T09:36:53,800.0,20.1,B
2021-07-05T09:36:28,1000.0,20.1,B
2021-07-05T09:36:04,300.0,20.0,S
2021-07-05T09:35:35,1000.0,20.0,S
2021-07-05T09:35:19,200.0,20.0,S
2021-07-05T09:34:56,100.0,20.1,B
2021-07-05T09:34:35,3900.0,20.0,S
2021-07-05T09:34:02,100.0,20.0,S
2021-07-05T09:33:42,100.0,20.0,S
2021-07-05T09:33:33,5000.0,20.0,S
2021-07-05T09:32:42,1000.0,20.0,S
2021-07-05T09:32:04,1400.0,20.0,S
2021-07-05T09:31:45,3000.0,20.0,S
2021-07-05T09:31:27,500.0,20.0,S
2021-07-05T09:31:12,400.0,20.0,S
2021-07-05T09:31:03,1800.0,20.0,S
2021-07-05T09:30:55,700.0,20.0,S
2021-07-05T09:30:18,10000.0,20.0,S
2021-07-05T09:29:49,1000.0,20.1,B
2021-07-05T09:29:28,1500.0,20.0,S
2021-07-05T09:29:10,1200.0,20.1,B
2021-07-05T09:28:58,2000.0,20.0,S
2021-07-05T09:28:44,100.0,20.1,B
2021-07-05T09:28:44,800.0,20.1,B
2021-07-05T09:28:01,500.0,20.1,B
2021-07-05T09:27:45,5000.0,20.0,S
2021-07-05T09:27:09,500.0,20.1,B
2021-07-05T09:27:03,5000.0,20.0,S
2021-07-05T09:26:49,7500.0,20.0,S
2021-07-05T09:26:46,2000.0,20.0,S
2021-07-05T09:26:40,2000.0,20.0,S
2021-07-05T09:26:30,200.0,20.1,B
2021-07-05T09:26:06,1000.0,20.1,B
2021-07-05T09:26:01,1000.0,20.1,B
2021-07-05T09:24:23,5000.0,20.2,B
2021-07-05T09:23:39,100.0,20.1,S
2021-07-05T09:23:39,2500.0,20.1,S
2021-07-05T09:23:16,300.0,20.1,S
2021-07-05T09:23:06,500.0,20.2,B
2021-07-05T09:22:33,200.0,20.2,B
2021-07-05T09:22:28,3000.0,20.1,S
2021-07-05T09:22:14,5000.0,20.1,S
2021-07-05T09:21:08,500.0,20.2,B
2021-07-05T09:20:50,200.0,20.2,B
2021-07-05T09:20:47,5200.0,20.2,S
2021-07-05T09:16:17,200.0,20.2,S
2021-07-05T09:15:44,1600.0,20.2,S
2021-07-05T09:15:36,1000.0,20.2,B
2021-07-05T09:15:13,100.0,20.2,B
2021-07-05T09:15:08,100.0,20.2,B
2021-07-05T09:15:02,1700.0,20.2,B
2021-07-05T09:13:56,4300.0,20.2,B
2021-07-05T09:13:23,300.0,20.2,B
2021-07-05T09:12:11,1000.0,20.2,B
2021-07-05T09:11:52,1000.0,20.1,S
2021-07-05T09:09:51,500.0,20.1,S
2021-07-05T09:09:51,8800.0,20.1,B
2021-07-05T09:09:31,7600.0,20.1,S
2021-07-05T09:08:55,800.0,20.1,S
2021-07-05T09:06:27,2900.0,20.1,B
2021-07-05T09:06:22,300.0,20.1,B
2021-07-05T09:06:16,1000.0,20.1,B
2021-07-05T09:06:13,100.0,20.1,B
2021-07-05T09:05:59,1200.0,20.1,B
2021-07-05T09:05:54,2000.0,20.0,S
2021-07-05T09:05:29,300.0,20.0,S
2021-07-05T09:05:17,100.0,20.1,B
2021-07-05T09:04:28,200.0,20.0,S
2021-07-05T09:04:27,100.0,20.0,S
2021-07-05T09:04:22,1900.0,20.1,S
2021-07-05T09:04:09,1200.0,20.1,B
2021-07-05T09:03:50,500.0,20.1,B
2021-07-05T09:03:22,15300.0,20.1,S
2021-07-05T09:01:00,800.0,20.3,S
