tradingTime,volume,price,side
2021-07-05T10:52:59,400.0,42.3,B
2021-07-05T10:52:56,900.0,42.2,B
2021-07-05T10:52:47,500.0,42.0,S
2021-07-05T10:52:40,300.0,42.3,B
2021-07-05T10:52:13,900.0,42.2,S
2021-07-05T10:52:04,400.0,42.3,B
2021-07-05T10:51:39,1000.0,42.3,B
2021-07-05T10:51:31,800.0,42.3,B
2021-07-05T10:51:31,100.0,42.3,B
2021-07-05T10:51:22,100.0,42.2,S
2021-07-05T10:51:18,200.0,42.2,B
2021-07-05T10:45:09,100.0,42.4,B
2021-07-05T10:44:40,900.0,42.4,B
2021-07-05T10:44:36,2000.0,42.2,S
2021-07-05T10:44:21,1000.0,42.2,S
2021-07-05T10:44:18,100.0,42.4,B
2021-07-05T10:44:00,100.0,42.4,S
2021-07-05T10:43:40,500.0,42.5,B
2021-07-05T10:43:31,100.0,42.5,B
2021-07-05T10:43:22,400.0,42.5,B
2021-07-05T10:43:22,200.0,42.5,B
2021-07-05T10:43:22,300.0,42.5,B
2021-07-05T10:41:55,1000.0,42.5,B
2021-07-05T10:41:53,300.0,42.2,S
2021-07-05T10:41:35,5800.0,42.0,S
2021-07-05T10:41:35,2500.0,42.0,S
2021-07-05T10:41:35,8200.0,42.0,S
2021-07-05T10:41:34,300.0,42.2,B
2021-07-05T10:41:23,100.0,42.1,S
2021-07-05T10:39:58,1000.0,42.05,S
2021-07-05T10:39:50,200.0,42.1,S
2021-07-05T10:39:33,3100.0,42.1,S
2021-07-05T10:39:33,1300.0,42.2,S
2021-07-05T10:39:33,200.0,42.2,S
2021-07-05T10:39:33,1400.0,42.2,S
2021-07-05T10:39:10,200.0,42.5,B
2021-07-05T10:39:06,1100.0,42.5,S
2021-07-05T10:39:06,400.0,42.5,S
2021-07-05T10:38:50,3000.0,42.5,S
2021-07-05T10:38:46,2000.0,42.5,S
2021-07-05T10:38:46,1900.0,42.5,S
2021-07-05T10:38:43,300.0,42.5,B
2021-07-05T10:38:30,400.0,42.5,S
2021-07-05T10:38:20,2000.0,42.5,S
2021-07-05T10:38:19,700.0,42.5,S
2021-07-05T10:38:10,1000.0,42.5,S
2021-07-05T10:38:01,1000.0,42.6,B
2021-07-05T10:36:46,100.0,42.6,B
2021-07-05T10:36:34,100.0,42.6,B
2021-07-05T10:36:24,1900.0,42.6,B
2021-07-05T10:36:19,100.0,42.6,S
2021-07-05T10:34:15,100.0,42.7,B
2021-07-05T10:33:23,1200.0,42.7,B
2021-07-05T10:33:04,17400.0,42.5,B
2021-07-05T10:33:02,500.0,42.4,B
2021-07-05T10:32:01,800.0,42.2,S
2021-07-05T10:31:53,200.0,42.2,B
2021-07-05T10:31:37,800.0,42.2,B
2021-07-05T10:31:34,200.0,42.2,B
2021-07-05T10:31:18,300.0,42.2,B
2021-07-05T10:31:10,700.0,42.2,B
2021-07-05T10:30:53,500.0,42.15,S
2021-07-05T10:30:38,200.0,42.15,B
2021-07-05T10:30:14,1000.0,42.1,S
2021-07-05T10:30:06,500.0,42.15,B
2021-07-05T10:30:02,1300.0,42.15,S
2021-07-05T10:29:06,2500.0,42.2,B
2021-07-05T10:29:06,200.0,42.2,B
2021-07-05T10:28:54,200.0,42.15,S
2021-07-05T10:28:19,1000.0,42.15,B
2021-07-05T10:28:03,1000.0,42.1,S
2021-07-05T10:27:31,1000.0,42.15,B
2021-07-05T10:27:25,100.0,42.1,S
2021-07-05T10:27:25,3900.0,42.15,S
2021-07-05T10:27:25,300.0,42.15,S
2021-07-05T10:26:59,100.0,42.2,B
2021-07-05T10:26:54,100.0,42.2,B
2021-07-05T10:26:52,2000.0,42.2,B
2021-07-05T10:26:43,100.0,42.2,B
2021-07-05T10:26:00,100.0,42.2,B
2021-07-05T10:25:44,200.0,42.2,B
2021-07-05T10:25:43,100.0,42.2,B
2021-07-05T10:25:43,100.0,42.2,B
2021-07-05T10:25:36,100.0,42.2,B
2021-07-05T10:25:15,100.0,42.2,B
2021-07-05T10:25:07,3300.0,42.2,S
2021-07-05T10:24:58,5300.0,42.2,S
2021-07-05T10:24:46,700.0,42.3,S
2021-07-05T10:24:41,400.0,42.4,B
2021-07-05T10:24:34,200.0,42.4,B
2021-07-05T10:24:26,300.0,42.4,B
2021-07-05T10:24:25,1300.0,42.3,S
2021-07-05T10:24:25,200.0,42.3,S
2021-07-05T10:23:18,1400.0,42.4,B
2021-07-05T10:22:46,3700.0,42.4,S
2021-07-05T10:22:12,200.0,42.5,B
2021-07-05T10:21:42,100.0,42.5,B
2021-07-05T10:21:14,200.0,42.5,B
2021-07-05T10:20:44,600.0,42.5,B
2021-07-05T10:20:35,500.0,42.4,S
2021-07-05T10:20:00,100.0,42.5,B
2021-07-05T10:19:26,1900.0,42.5,B
2021-07-05T10:19:26,5000.0,42.5,S
2021-07-05T10:19:13,500.0,42.6,S
2021-07-05T10:18:15,500.0,42.6,S
2021-07-05T10:17:17,500.0,42.6,S
2021-07-05T10:17:12,200.0,42.6,B
2021-07-05T10:16:40,1400.0,42.4,S
2021-07-05T10:16:34,300.0,42.6,S
2021-07-05T10:16:28,300.0,42.7,B
2021-07-05T10:16:16,200.0,42.7,S
2021-07-05T10:16:16,300.0,42.7,S
2021-07-05T10:16:10,14100.0,42.5,S
2021-07-05T10:16:10,3800.0,42.55,S
2021-07-05T10:16:10,2100.0,42.6,S
2021-07-05T10:16:07,500.0,42.75,B
2021-07-05T10:16:06,600.0,42.7,S
2021-07-05T10:15:59,1700.0,42.7,S
2021-07-05T10:15:56,300.0,42.7,S
2021-07-05T10:15:43,1500.0,42.7,S
2021-07-05T10:15:40,1100.0,42.7,S
2021-07-05T10:15:36,300.0,42.75,B
2021-07-05T10:15:16,300.0,42.75,B
2021-07-05T10:15:09,100.0,42.75,B
2021-07-05T10:14:22,500.0,42.75,B
2021-07-05T10:14:05,1100.0,42.75,S
2021-07-05T10:14:03,1000.0,42.75,S
2021-07-05T10:13:43,500.0,42.75,S
2021-07-05T10:13:43,500.0,42.75,S
2021-07-05T10:12:20,100.0,42.75,S
2021-07-05T10:11:57,3000.0,42.7,S
2021-07-05T10:11:50,200.0,42.95,B
2021-07-05T10:11:50,500.0,42.9,S
2021-07-05T10:11:45,4000.0,42.95,B
2021-07-05T10:11:19,1000.0,42.95,B
2021-07-05T10:10:15,500.0,42.95,B
2021-07-05T10:09:50,200.0,42.55,S
2021-07-05T10:09:34,2000.0,42.55,S
2021-07-05T10:09:24,2600.0,43.25,B
2021-07-05T10:09:24,500.0,43.0,B
2021-07-05T10:09:24,1800.0,43.0,B
2021-07-05T10:09:24,500.0,43.0,B
2021-07-05T10:09:24,2600.0,43.0,B
2021-07-05T10:09:24,400.0,42.85,S
2021-07-05T10:09:23,500.0,42.85,S
2021-07-05T10:09:14,500.0,42.85,S
2021-07-05T10:09:08,700.0,42.85,B
2021-07-05T10:09:07,100.0,42.65,B
2021-07-05T10:09:00,100.0,42.65,B
2021-07-05T10:08:58,1000.0,42.5,S
2021-07-05T10:08:57,2100.0,42.5,B
2021-07-05T10:08:57,1400.0,42.5,B
2021-07-05T10:08:57,3200.0,42.5,B
2021-07-05T10:08:56,1000.0,42.5,B
2021-07-05T10:08:54,4600.0,42.5,B
2021-07-05T10:08:43,400.0,42.5,B
2021-07-05T10:08:43,900.0,42.4,B
2021-07-05T10:08:43,1100.0,42.4,B
2021-07-05T10:08:36,800.0,42.45,B
2021-07-05T10:08:33,500.0,42.4,B
2021-07-05T10:08:18,5000.0,42.4,B
2021-07-05T10:08:14,100.0,42.3,B
2021-07-05T10:08:07,2000.0,42.3,B
2021-07-05T10:07:58,8000.0,42.3,B
2021-07-05T10:07:13,4900.0,42.2,B
2021-07-05T10:07:08,1000.0,42.2,B
2021-07-05T10:07:00,400.0,42.2,B
2021-07-05T10:06:55,100.0,42.15,B
2021-07-05T10:06:42,3000.0,42.2,B
2021-07-05T10:06:39,400.0,42.2,B
2021-07-05T10:06:36,1000.0,42.2,B
2021-07-05T10:06:35,500.0,42.2,B
2021-07-05T10:06:34,1600.0,42.2,B
2021-07-05T10:06:33,100.0,42.15,B
2021-07-05T10:06:12,100.0,42.2,B
2021-07-05T10:06:09,500.0,42.2,B
2021-07-05T10:06:09,1000.0,42.2,B
2021-07-05T10:06:00,100.0,42.2,B
2021-07-05T10:05:55,300.0,42.15,B
2021-07-05T10:05:46,1600.0,42.1,B
2021-07-05T10:05:43,100.0,42.1,B
2021-07-05T10:05:32,1000.0,42.1,B
2021-07-05T10:05:25,200.0,42.05,B
2021-07-05T10:05:09,500.0,42.0,B
2021-07-05T10:05:02,500.0,42.0,S
2021-07-05T10:04:40,500.0,42.0,B
2021-07-05T10:04:40,1000.0,42.0,B
2021-07-05T10:04:40,6200.0,42.0,B
2021-07-05T10:04:33,3500.0,42.0,B
2021-07-05T10:04:32,5500.0,42.0,B
2021-07-05T10:04:26,1000.0,42.0,B
2021-07-05T10:04:09,500.0,42.0,B
2021-07-05T10:03:57,2000.0,42.0,B
2021-07-05T10:03:46,400.0,42.0,B
2021-07-05T10:03:28,100.0,42.0,B
2021-07-05T10:03:25,1000.0,42.0,B
2021-07-05T10:02:40,400.0,41.95,S
2021-07-05T10:02:40,300.0,41.95,S
2021-07-05T10:01:47,100.0,41.95,S
2021-07-05T10:00:08,600.0,41.9,S
2021-07-05T09:59:43,400.0,41.95,S
2021-07-05T09:59:34,200.0,41.95,S
2021-07-05T09:59:31,8000.0,42.0,B
2021-07-05T09:59:18,200.0,41.95,S
2021-07-05T09:58:50,1500.0,42.0,B
2021-07-05T09:58:35,100.0,42.0,B
2021-07-05T09:58:28,300.0,42.0,B
2021-07-05T09:58:15,600.0,42.0,B
2021-07-05T09:58:00,300.0,42.0,B
2021-07-05T09:57:29,3400.0,42.0,B
2021-07-05T09:57:08,300.0,41.9,S
2021-07-05T09:56:53,1000.0,42.0,B
2021-07-05T09:56:16,500.0,42.0,B
2021-07-05T09:55:57,400.0,42.0,B
2021-07-05T09:55:50,1800.0,42.0,B
2021-07-05T09:55:50,1200.0,42.0,B
2021-07-05T09:55:40,100.0,41.85,B
2021-07-05T09:55:17,3600.0,41.8,B
2021-07-05T09:55:14,100.0,41.8,B
2021-07-05T09:55:12,3000.0,41.8,B
2021-07-05T09:55:12,100.0,41.8,B
2021-07-05T09:55:05,100.0,41.8,B
2021-07-05T09:55:03,900.0,41.8,B
2021-07-05T09:55:00,100.0,41.8,B
2021-07-05T09:55:00,2000.0,41.8,B
2021-07-05T09:54:58,300.0,41.8,B
2021-07-05T09:54:55,500.0,41.8,B
2021-07-05T09:54:50,1000.0,41.8,B
2021-07-05T09:54:50,2000.0,41.8,B
2021-07-05T09:54:49,500.0,41.8,B
2021-07-05T09:54:25,1700.0,41.8,B
2021-07-05T09:54:18,100.0,41.75,S
2021-07-05T09:54:12,500.0,41.75,S
2021-07-05T09:54:06,100.0,41.8,B
2021-07-05T09:54:06,1000.0,41.8,B
2021-07-05T09:53:53,3900.0,41.75,S
2021-07-05T09:53:47,900.0,41.75,B
2021-07-05T09:53:47,1200.0,41.7,S
2021-07-05T09:53:44,4000.0,41.75,B
2021-07-05T09:53:40,200.0,41.75,B
2021-07-05T09:53:37,1000.0,41.75,B
2021-07-05T09:53:35,1000.0,41.75,B
2021-07-05T09:53:27,700.0,41.75,B
2021-07-05T09:53:27,700.0,41.75,B
2021-07-05T09:53:23,5000.0,41.75,B
2021-07-05T09:53:23,1000.0,41.75,B
2021-07-05T09:53:18,300.0,41.75,B
2021-07-05T09:53:09,400.0,41.75,B
2021-07-05T09:52:59,100.0,41.75,B
2021-07-05T09:52:48,100.0,41.75,B
2021-07-05T09:52:48,1000.0,41.7,S
2021-07-05T09:52:33,700.0,41.75,B
2021-07-05T09:52:04,5300.0,41.7,B
2021-07-05T09:52:02,100.0,41.7,B
2021-07-05T09:51:56,100.0,41.7,B
2021-07-05T09:51:54,3000.0,41.7,B
2021-07-05T09:51:44,11500.0,41.7,S
2021-07-05T09:51:38,1200.0,41.75,B
2021-07-05T09:51:35,400.0,41.75,B
2021-07-05T09:51:28,400.0,41.75,B
2021-07-05T09:51:25,3000.0,41.75,B
2021-07-05T09:51:09,1600.0,41.7,B
2021-07-05T09:51:09,1500.0,41.7,B
2021-07-05T09:51:00,5000.0,41.7,B
2021-07-05T09:51:00,1100.0,41.7,B
2021-07-05T09:51:00,900.0,41.7,B
2021-07-05T09:50:54,1000.0,41.7,B
2021-07-05T09:50:18,1000.0,41.7,B
2021-07-05T09:50:09,2000.0,41.7,B
2021-07-05T09:49:12,100.0,41.7,B
2021-07-05T09:48:50,100.0,41.7,B
2021-07-05T09:48:22,100.0,41.7,B
2021-07-05T09:47:53,100.0,41.7,B
2021-07-05T09:47:22,3000.0,41.7,B
2021-07-05T09:46:39,1000.0,41.7,B
2021-07-05T09:46:00,400.0,41.7,B
2021-07-05T09:45:03,1000.0,41.6,S
2021-07-05T09:44:29,4500.0,41.6,S
2021-07-05T09:44:14,1000.0,41.7,B
2021-07-05T09:44:12,100.0,41.65,B
2021-07-05T09:43:47,300.0,41.6,S
2021-07-05T09:43:08,100.0,41.65,B
2021-07-05T09:42:54,500.0,41.6,S
2021-07-05T09:41:54,1000.0,41.6,S
2021-07-05T09:41:53,3000.0,41.7,B
2021-07-05T09:41:46,100.0,41.65,S
2021-07-05T09:41:46,2900.0,41.65,S
2021-07-05T09:40:25,1500.0,41.7,B
2021-07-05T09:40:16,1000.0,41.65,S
2021-07-05T09:39:44,100.0,41.65,S
2021-07-05T09:39:40,500.0,41.7,B
2021-07-05T09:39:27,100.0,41.7,B
2021-07-05T09:39:03,200.0,41.7,B
2021-07-05T09:38:37,100.0,41.7,B
2021-07-05T09:37:34,500.0,41.7,B
2021-07-05T09:37:31,500.0,41.7,B
2021-07-05T09:37:27,3000.0,41.7,B
2021-07-05T09:37:15,1200.0,41.7,B
2021-07-05T09:36:56,10000.0,41.7,B
2021-07-05T09:36:29,200.0,41.7,B
2021-07-05T09:36:08,400.0,41.7,B
2021-07-05T09:35:56,1000.0,41.7,B
2021-07-05T09:35:53,7600.0,41.6,B
2021-07-05T09:35:50,5000.0,41.6,B
2021-07-05T09:35:42,200.0,41.6,B
2021-07-05T09:35:40,500.0,41.6,B
2021-07-05T09:35:33,1000.0,41.6,B
2021-07-05T09:35:23,600.0,41.6,B
2021-07-05T09:35:20,200.0,41.6,B
2021-07-05T09:35:19,500.0,41.6,B
2021-07-05T09:35:10,100.0,41.6,B
2021-07-05T09:34:58,500.0,41.6,B
2021-07-05T09:34:49,500.0,41.6,B
2021-07-05T09:34:42,1400.0,41.6,B
2021-07-05T09:34:40,300.0,41.6,B
2021-07-05T09:34:37,1000.0,41.6,B
2021-07-05T09:34:30,1500.0,41.6,B
2021-07-05T09:34:24,1000.0,41.6,B
2021-07-05T09:34:13,1500.0,41.55,B
2021-07-05T09:34:07,3000.0,41.5,B
2021-07-05T09:34:07,12000.0,41.5,B
2021-07-05T09:34:07,200.0,41.5,B
2021-07-05T09:34:07,1000.0,41.5,B
2021-07-05T09:34:03,20000.0,41.5,B
2021-07-05T09:33:26,100.0,41.5,B
2021-07-05T09:33:18,800.0,41.5,B
2021-07-05T09:33:01,900.0,41.45,B
2021-07-05T09:33:01,100.0,41.45,B
2021-07-05T09:32:52,300.0,41.4,S
2021-07-05T09:32:48,600.0,41.4,S
2021-07-05T09:32:37,2300.0,41.4,S
2021-07-05T09:32:30,700.0,41.4,B
2021-07-05T09:32:29,1800.0,41.4,B
2021-07-05T09:32:29,1000.0,41.4,B
2021-07-05T09:31:34,200.0,41.35,S
2021-07-05T09:31:05,1000.0,41.35,B
2021-07-05T09:30:31,700.0,41.35,S
2021-07-05T09:30:31,900.0,41.35,S
2021-07-05T09:30:25,600.0,41.4,B
2021-07-05T09:30:20,1000.0,41.35,B
2021-07-05T09:30:20,100.0,41.35,B
2021-07-05T09:30:03,1000.0,41.35,B
2021-07-05T09:29:57,5000.0,41.25,B
2021-07-05T09:29:48,1000.0,41.25,B
2021-07-05T09:29:38,300.0,41.15,B
2021-07-05T09:29:24,100.0,41.15,B
2021-07-05T09:29:19,19600.0,41.15,S
2021-07-05T09:29:16,300.0,41.2,B
2021-07-05T09:29:12,200.0,41.2,S
2021-07-05T09:29:12,400.0,41.25,B
2021-07-05T09:29:10,200.0,41.25,B
2021-07-05T09:29:04,200.0,41.25,B
2021-07-05T09:29:00,300.0,41.2,B
2021-07-05T09:28:31,500.0,41.25,B
2021-07-05T09:28:31,700.0,41.15,S
2021-07-05T09:28:24,2000.0,41.15,S
2021-07-05T09:28:23,3000.0,41.25,S
2021-07-05T09:28:17,200.0,41.3,B
2021-07-05T09:28:12,1000.0,41.25,S
2021-07-05T09:28:09,200.0,41.3,B
2021-07-05T09:28:07,300.0,41.3,B
2021-07-05T09:28:01,200.0,41.25,S
2021-07-05T09:27:47,100.0,41.3,B
2021-07-05T09:27:14,200.0,41.3,B
2021-07-05T09:26:20,200.0,41.35,B
2021-07-05T09:25:20,4000.0,41.4,B
2021-07-05T09:25:16,200.0,41.25,S
2021-07-05T09:25:16,800.0,41.3,S
2021-07-05T09:25:16,200.0,41.3,S
2021-07-05T09:25:15,200.0,41.3,S
2021-07-05T09:25:08,200.0,41.3,S
2021-07-05T09:24:37,1000.0,41.3,S
2021-07-05T09:23:59,600.0,41.4,S
2021-07-05T09:23:59,2000.0,41.4,S
2021-07-05T09:23:32,100.0,41.4,S
2021-07-05T09:23:14,4000.0,41.4,S
2021-07-05T09:22:55,300.0,41.4,S
2021-07-05T09:22:38,4100.0,41.45,S
2021-07-05T09:22:10,1000.0,41.45,S
2021-07-05T09:22:07,500.0,41.45,S
2021-07-05T09:22:06,1000.0,41.45,S
2021-07-05T09:22:00,1000.0,41.45,S
2021-07-05T09:21:55,500.0,41.45,S
2021-07-05T09:21:39,1100.0,41.45,S
2021-07-05T09:21:27,1000.0,41.45,S
2021-07-05T09:20:58,100.0,41.45,S
2021-07-05T09:20:38,700.0,41.5,S
2021-07-05T09:20:32,1000.0,41.5,S
2021-07-05T09:20:27,3000.0,41.5,S
2021-07-05T09:19:55,1400.0,41.5,S
2021-07-05T09:19:50,5000.0,41.5,S
2021-07-05T09:19:20,1000.0,41.6,B
2021-07-05T09:18:58,100.0,41.6,B
2021-07-05T09:18:52,300.0,41.5,S
2021-07-05T09:18:38,400.0,41.6,B
2021-07-05T09:18:29,300.0,41.6,B
2021-07-05T09:18:18,1000.0,41.6,B
2021-07-05T09:18:16,100.0,41.5,S
2021-07-05T09:18:02,500.0,41.5,B
2021-07-05T09:18:02,9200.0,41.5,B
2021-07-05T09:17:58,6000.0,41.5,B
2021-07-05T09:16:52,4900.0,41.5,S
2021-07-05T09:16:46,1800.0,41.6,S
2021-07-05T09:16:42,3200.0,41.6,B
2021-07-05T09:16:40,500.0,41.55,B
2021-07-05T09:16:11,500.0,41.55,S
