tradingTime,volume,price,side
2021-07-05T10:53:36,4000.0,38.4,B
2021-07-05T10:53:31,4000.0,38.4,B
2021-07-05T10:53:23,200.0,38.35,S
2021-07-05T10:53:20,2300.0,38.4,B
2021-07-05T10:53:20,200.0,38.4,B
2021-07-05T10:53:20,400.0,38.4,B
2021-07-05T10:53:18,1200.0,38.4,B
2021-07-05T10:53:15,200.0,38.4,B
2021-07-05T10:53:12,1000.0,38.35,S
2021-07-05T10:52:59,700.0,38.4,B
2021-07-05T10:52:57,4600.0,38.4,B
2021-07-05T10:52:55,900.0,38.35,S
2021-07-05T10:52:55,1100.0,38.35,S
2021-07-05T10:52:54,100.0,38.35,S
2021-07-05T10:52:50,500.0,38.4,B
2021-07-05T10:52:42,1800.0,38.35,B
2021-07-05T10:52:27,100.0,38.3,S
2021-07-05T10:52:23,800.0,38.3,B
2021-07-05T10:52:21,1000.0,38.3,B
2021-07-05T10:52:20,5000.0,38.3,B
2021-07-05T10:52:16,3900.0,38.3,B
2021-07-05T10:52:15,300.0,38.2,S
2021-07-05T10:52:15,1000.0,38.3,B
2021-07-05T10:52:13,2000.0,38.3,B
2021-07-05T10:52:08,1300.0,38.3,B
2021-07-05T10:52:03,1000.0,38.3,B
2021-07-05T10:51:59,5000.0,38.3,B
2021-07-05T10:51:48,1000.0,38.2,B
2021-07-05T10:51:46,2000.0,38.2,S
2021-07-05T10:51:39,200.0,38.3,B
2021-07-05T10:51:31,400.0,38.3,B
2021-07-05T10:51:26,200.0,38.3,B
2021-07-05T10:51:25,1700.0,38.1,S
2021-07-05T10:51:24,4000.0,38.1,S
2021-07-05T10:51:24,2000.0,38.15,S
2021-07-05T10:51:24,700.0,38.15,S
2021-07-05T10:51:24,1800.0,38.15,S
2021-07-05T10:51:24,200.0,38.2,S
2021-07-05T10:51:24,1500.0,38.2,S
2021-07-05T10:51:24,300.0,38.2,S
2021-07-05T10:51:24,7800.0,38.2,S
2021-07-05T10:51:22,1000.0,38.2,S
2021-07-05T10:51:20,100.0,38.3,B
2021-07-05T10:51:19,500.0,38.2,S
2021-07-05T10:51:12,500.0,38.3,B
2021-07-05T10:51:12,100.0,38.2,S
2021-07-05T10:51:11,300.0,38.2,S
2021-07-05T10:51:09,4800.0,38.3,B
2021-07-05T10:45:29,100.0,38.1,B
2021-07-05T10:45:26,1200.0,38.05,S
2021-07-05T10:45:26,1100.0,38.0,S
2021-07-05T10:45:26,46800.0,38.0,S
2021-07-05T10:45:26,2100.0,38.05,S
2021-07-05T10:45:24,500.0,38.05,S
2021-07-05T10:45:23,100.0,38.05,S
2021-07-05T10:45:18,500.0,38.1,B
2021-07-05T10:45:16,100.0,38.05,S
2021-07-05T10:45:13,1300.0,38.05,B
2021-07-05T10:45:11,600.0,38.05,B
2021-07-05T10:45:10,2100.0,38.05,B
2021-07-05T10:45:10,1000.0,38.05,B
2021-07-05T10:45:09,15000.0,38.1,B
2021-07-05T10:45:08,100.0,38.05,B
2021-07-05T10:45:03,700.0,38.05,B
2021-07-05T10:45:02,2400.0,38.0,S
2021-07-05T10:45:02,3500.0,38.0,S
2021-07-05T10:45:02,5800.0,38.0,S
2021-07-05T10:44:56,200.0,38.05,B
2021-07-05T10:44:56,700.0,38.1,B
2021-07-05T10:44:56,300.0,38.1,B
2021-07-05T10:44:56,3600.0,38.0,S
2021-07-05T10:44:56,200.0,38.0,S
2021-07-05T10:44:56,5200.0,38.0,S
2021-07-05T10:44:56,32200.0,38.0,S
2021-07-05T10:44:56,200.0,38.0,S
2021-07-05T10:44:56,2300.0,38.0,S
2021-07-05T10:44:56,2000.0,38.0,S
2021-07-05T10:44:56,30500.0,38.0,S
2021-07-05T10:44:56,4000.0,38.0,S
2021-07-05T10:44:56,200.0,38.0,S
2021-07-05T10:44:56,1300.0,38.0,S
2021-07-05T10:44:56,1600.0,38.0,S
2021-07-05T10:44:56,700.0,38.0,S
2021-07-05T10:44:56,2000.0,38.0,S
2021-07-05T10:44:56,13900.0,38.0,S
2021-07-05T10:44:55,100.0,38.05,S
2021-07-05T10:44:54,100.0,38.05,S
2021-07-05T10:44:52,700.0,38.05,S
2021-07-05T10:44:52,100.0,38.05,S
2021-07-05T10:44:50,1000.0,38.05,S
2021-07-05T10:44:46,700.0,38.1,B
2021-07-05T10:44:45,1000.0,38.1,B
2021-07-05T10:44:36,10800.0,38.05,S
2021-07-05T10:44:34,400.0,38.05,S
2021-07-05T10:44:33,1000.0,38.2,B
2021-07-05T10:44:32,700.0,38.1,B
2021-07-05T10:44:28,4500.0,38.05,S
2021-07-05T10:44:28,500.0,38.05,S
2021-07-05T10:44:26,100.0,38.05,S
2021-07-05T10:44:26,800.0,38.1,B
2021-07-05T10:44:26,200.0,38.1,B
2021-07-05T10:44:23,900.0,38.05,S
2021-07-05T10:44:23,100.0,38.05,S
2021-07-05T10:44:23,2000.0,38.05,S
2021-07-05T10:44:15,3000.0,38.1,B
2021-07-05T10:44:15,100.0,38.1,B
2021-07-05T10:44:15,700.0,38.1,B
2021-07-05T10:44:12,500.0,38.1,B
2021-07-05T10:44:08,700.0,38.1,B
2021-07-05T10:44:06,1800.0,38.1,S
2021-07-05T10:44:06,2000.0,38.1,S
2021-07-05T10:44:06,2000.0,38.1,S
2021-07-05T10:44:06,1600.0,38.1,S
2021-07-05T10:44:06,2000.0,38.1,S
2021-07-05T10:44:06,900.0,38.1,S
2021-07-05T10:44:06,5700.0,38.1,S
2021-07-05T10:44:06,300.0,38.1,S
2021-07-05T10:44:06,6000.0,38.1,S
2021-07-05T10:44:06,700.0,38.1,S
2021-07-05T10:44:06,900.0,38.1,S
2021-07-05T10:44:06,1000.0,38.1,S
2021-07-05T10:44:06,700.0,38.1,S
2021-07-05T10:44:06,1000.0,38.1,S
2021-07-05T10:44:06,2800.0,38.1,S
2021-07-05T10:44:06,100.0,38.1,S
2021-07-05T10:44:06,100.0,38.1,S
2021-07-05T10:44:06,1500.0,38.1,S
2021-07-05T10:44:06,10600.0,38.1,S
2021-07-05T10:44:06,500.0,38.1,S
2021-07-05T10:44:06,800.0,38.1,S
2021-07-05T10:44:05,3000.0,38.1,S
2021-07-05T10:44:03,400.0,38.1,S
2021-07-05T10:43:59,700.0,38.2,B
2021-07-05T10:43:55,20000.0,38.2,B
2021-07-05T10:43:55,1500.0,38.15,S
2021-07-05T10:43:54,3000.0,38.1,S
2021-07-05T10:43:53,5000.0,38.15,S
2021-07-05T10:43:53,300.0,38.2,B
2021-07-05T10:43:49,5000.0,38.15,S
2021-07-05T10:43:49,400.0,38.15,S
2021-07-05T10:43:49,1000.0,38.15,S
2021-07-05T10:43:49,2800.0,38.15,S
2021-07-05T10:43:48,100.0,38.15,S
2021-07-05T10:43:47,3100.0,38.15,S
2021-07-05T10:43:44,200.0,38.15,S
2021-07-05T10:43:44,700.0,38.15,B
2021-07-05T10:43:43,100.0,38.15,B
2021-07-05T10:43:35,200.0,38.15,S
2021-07-05T10:43:35,100.0,38.2,B
2021-07-05T10:43:28,500.0,38.2,B
2021-07-05T10:43:24,8800.0,38.2,S
2021-07-05T10:43:23,700.0,38.2,S
2021-07-05T10:43:23,500.0,38.2,S
2021-07-05T10:43:23,1000.0,38.2,S
2021-07-05T10:43:19,100.0,38.2,S
2021-07-05T10:43:18,300.0,38.2,S
2021-07-05T10:43:12,19600.0,38.2,B
2021-07-05T10:43:07,100.0,38.2,B
2021-07-05T10:43:05,5000.0,38.1,S
2021-07-05T10:43:05,500.0,38.15,S
2021-07-05T10:42:57,100.0,38.2,B
2021-07-05T10:42:44,500.0,38.2,B
2021-07-05T10:42:44,11200.0,38.2,S
2021-07-05T10:42:40,4300.0,38.2,S
2021-07-05T10:42:40,400.0,38.2,S
2021-07-05T10:42:40,300.0,38.2,S
2021-07-05T10:42:40,100.0,38.25,B
2021-07-05T10:42:40,200.0,38.2,S
2021-07-05T10:42:40,400.0,38.2,S
2021-07-05T10:42:40,700.0,38.2,S
2021-07-05T10:42:40,3400.0,38.2,S
2021-07-05T10:42:36,500.0,38.25,B
2021-07-05T10:42:33,1100.0,38.25,S
2021-07-05T10:42:33,200.0,38.25,S
2021-07-05T10:42:26,100.0,38.3,B
2021-07-05T10:42:23,200.0,38.3,B
2021-07-05T10:42:14,2000.0,38.3,B
2021-07-05T10:42:13,100.0,38.25,S
2021-07-05T10:42:11,4500.0,38.3,S
2021-07-05T10:42:04,100.0,38.3,S
2021-07-05T10:42:03,2000.0,38.3,S
2021-07-05T10:42:03,100.0,38.3,S
2021-07-05T10:42:00,700.0,38.3,S
2021-07-05T10:42:00,100.0,38.3,S
2021-07-05T10:41:57,13700.0,38.3,S
2021-07-05T10:41:57,400.0,38.3,S
2021-07-05T10:41:57,800.0,38.3,S
2021-07-05T10:41:53,1000.0,38.3,S
2021-07-05T10:41:53,100.0,38.3,S
2021-07-05T10:41:36,17000.0,38.3,S
2021-07-05T10:41:36,1800.0,38.35,S
2021-07-05T10:41:36,1200.0,38.35,S
2021-07-05T10:41:34,800.0,38.4,B
2021-07-05T10:41:22,300.0,38.4,S
2021-07-05T10:41:22,1100.0,38.4,S
2021-07-05T10:41:22,1500.0,38.4,S
2021-07-05T10:41:22,800.0,38.4,S
2021-07-05T10:41:22,1000.0,38.4,S
2021-07-05T10:41:18,2000.0,38.4,S
2021-07-05T10:41:17,100.0,38.4,S
2021-07-05T10:41:17,2200.0,38.4,S
2021-07-05T10:41:17,200.0,38.4,S
2021-07-05T10:41:16,200.0,38.4,S
2021-07-05T10:41:13,3000.0,38.4,S
2021-07-05T10:41:11,1000.0,38.4,S
2021-07-05T10:41:09,1000.0,38.4,S
2021-07-05T10:41:08,2200.0,38.4,S
2021-07-05T10:41:06,400.0,38.4,S
2021-07-05T10:41:04,1000.0,38.4,S
2021-07-05T10:41:03,100.0,38.4,S
2021-07-05T10:40:59,3200.0,38.4,S
2021-07-05T10:40:59,700.0,38.4,S
2021-07-05T10:40:58,2000.0,38.4,S
2021-07-05T10:40:48,100.0,38.4,S
2021-07-05T10:40:48,500.0,38.4,S
2021-07-05T10:40:46,100.0,38.4,S
2021-07-05T10:40:41,100.0,38.4,S
2021-07-05T10:40:41,300.0,38.4,S
2021-07-05T10:40:41,2400.0,38.4,S
2021-07-05T10:40:41,600.0,38.4,S
2021-07-05T10:40:41,3200.0,38.4,S
2021-07-05T10:40:41,1200.0,38.4,S
2021-07-05T10:40:41,1200.0,38.4,S
2021-07-05T10:40:41,6000.0,38.4,S
2021-07-05T10:40:36,100.0,38.45,B
2021-07-05T10:40:33,7000.0,38.4,S
2021-07-05T10:40:27,100.0,38.45,S
2021-07-05T10:40:27,3900.0,38.45,S
2021-07-05T10:40:27,7100.0,38.45,S
2021-07-05T10:40:20,1000.0,38.45,S
2021-07-05T10:40:19,800.0,38.45,S
2021-07-05T10:40:17,700.0,38.45,S
2021-07-05T10:40:16,3300.0,38.45,S
2021-07-05T10:40:16,2000.0,38.45,S
2021-07-05T10:40:14,1500.0,38.45,S
2021-07-05T10:40:12,1000.0,38.45,S
2021-07-05T10:40:12,11800.0,38.45,S
2021-07-05T10:40:11,13200.0,38.45,S
2021-07-05T10:40:10,400.0,38.45,S
2021-07-05T10:40:06,2000.0,38.45,S
2021-07-05T10:40:06,2000.0,38.45,S
2021-07-05T10:39:57,1000.0,38.45,S
2021-07-05T10:39:53,500.0,38.5,B
2021-07-05T10:39:52,200.0,38.45,S
2021-07-05T10:39:50,200.0,38.45,S
2021-07-05T10:39:48,700.0,38.45,S
2021-07-05T10:39:43,100.0,38.5,B
2021-07-05T10:39:40,500.0,38.5,B
2021-07-05T10:39:33,4400.0,38.5,S
2021-07-05T10:39:32,500.0,38.5,S
2021-07-05T10:39:30,200.0,38.5,S
2021-07-05T10:39:30,1500.0,38.5,S
2021-07-05T10:39:28,200.0,38.5,S
2021-07-05T10:39:26,2500.0,38.5,S
2021-07-05T10:39:17,800.0,38.5,S
2021-07-05T10:39:16,1100.0,38.55,B
2021-07-05T10:39:10,1000.0,38.5,S
2021-07-05T10:39:08,100.0,38.55,B
2021-07-05T10:39:06,1200.0,38.5,S
2021-07-05T10:39:04,100.0,38.55,B
2021-07-05T10:38:54,800.0,38.5,S
2021-07-05T10:38:54,600.0,38.5,S
2021-07-05T10:38:54,6500.0,38.5,S
2021-07-05T10:38:54,300.0,38.5,S
2021-07-05T10:38:54,8300.0,38.5,S
2021-07-05T10:38:54,1000.0,38.55,S
2021-07-05T10:38:52,1000.0,38.55,S
2021-07-05T10:38:43,500.0,38.55,S
2021-07-05T10:38:42,400.0,38.55,B
2021-07-05T10:38:36,200.0,38.55,S
2021-07-05T10:38:31,2000.0,38.55,S
2021-07-05T10:38:26,200.0,38.55,S
2021-07-05T10:38:25,4000.0,38.55,S
2021-07-05T10:38:25,500.0,38.55,S
2021-07-05T10:38:24,100.0,38.55,S
2021-07-05T10:38:22,200.0,38.55,S
2021-07-05T10:38:18,1000.0,38.55,S
2021-07-05T10:38:13,1400.0,38.55,B
2021-07-05T10:38:13,500.0,38.55,B
2021-07-05T10:38:13,1100.0,38.55,B
2021-07-05T10:38:13,11800.0,38.55,B
2021-07-05T10:37:49,10000.0,38.55,B
2021-07-05T10:37:45,100.0,38.5,S
2021-07-05T10:37:45,900.0,38.5,S
2021-07-05T10:37:45,17000.0,38.5,S
2021-07-05T10:37:42,200.0,38.5,S
2021-07-05T10:37:24,15000.0,38.5,S
2021-07-05T10:37:22,1000.0,38.55,S
2021-07-05T10:37:21,8800.0,38.55,S
2021-07-05T10:37:18,1300.0,38.55,S
2021-07-05T10:37:18,1900.0,38.55,B
2021-07-05T10:37:04,300.0,38.55,B
2021-07-05T10:36:58,3000.0,38.55,B
2021-07-05T10:36:53,800.0,38.55,S
2021-07-05T10:36:52,1000.0,38.55,S
2021-07-05T10:36:46,8200.0,38.55,B
2021-07-05T10:36:35,12200.0,38.55,S
2021-07-05T10:36:34,100.0,38.55,S
2021-07-05T10:36:28,7800.0,38.55,B
2021-07-05T10:36:23,2200.0,38.55,S
2021-07-05T10:36:19,500.0,38.55,S
2021-07-05T10:36:19,500.0,38.55,S
2021-07-05T10:36:09,500.0,38.55,S
2021-07-05T10:36:00,500.0,38.55,S
2021-07-05T10:35:43,1000.0,38.55,S
2021-07-05T10:35:40,5000.0,38.55,S
2021-07-05T10:35:28,200.0,38.55,S
2021-07-05T10:35:22,1300.0,38.55,B
2021-07-05T10:35:20,100.0,38.55,B
2021-07-05T10:35:16,700.0,38.55,B
2021-07-05T10:35:14,200.0,38.55,B
2021-07-05T10:35:09,400.0,38.55,B
2021-07-05T10:35:08,500.0,38.5,S
2021-07-05T10:35:06,500.0,38.55,B
2021-07-05T10:34:52,100.0,38.55,B
2021-07-05T10:34:45,500.0,38.55,B
2021-07-05T10:34:44,600.0,38.55,S
2021-07-05T10:34:44,1800.0,38.55,S
2021-07-05T10:34:43,500.0,38.6,B
2021-07-05T10:34:42,300.0,38.55,S
2021-07-05T10:34:33,500.0,38.55,S
2021-07-05T10:34:10,200.0,38.55,S
2021-07-05T10:34:08,2000.0,38.55,S
2021-07-05T10:33:56,200.0,38.55,S
2021-07-05T10:33:46,4900.0,38.55,S
2021-07-05T10:33:39,1200.0,38.55,B
2021-07-05T10:33:33,200.0,38.55,B
2021-07-05T10:33:29,100.0,38.55,B
2021-07-05T10:33:27,10000.0,38.55,B
2021-07-05T10:33:20,100.0,38.55,B
2021-07-05T10:33:01,2900.0,38.55,S
2021-07-05T10:33:00,100.0,38.55,S
2021-07-05T10:32:59,2800.0,38.55,B
2021-07-05T10:32:59,16100.0,38.55,B
2021-07-05T10:32:16,300.0,38.55,B
2021-07-05T10:32:10,2000.0,38.5,S
2021-07-05T10:32:09,300.0,38.55,S
2021-07-05T10:32:08,1000.0,38.55,S
2021-07-05T10:32:06,100.0,38.55,S
2021-07-05T10:32:03,500.0,38.55,S
2021-07-05T10:32:02,100.0,38.55,S
2021-07-05T10:31:49,1000.0,38.55,S
2021-07-05T10:31:49,5000.0,38.55,S
2021-07-05T10:31:47,1000.0,38.55,S
2021-07-05T10:31:37,5000.0,38.55,S
2021-07-05T10:31:22,1000.0,38.55,S
2021-07-05T10:31:15,200.0,38.55,S
2021-07-05T10:31:06,2000.0,38.55,B
2021-07-05T10:31:06,5600.0,38.55,B
2021-07-05T10:31:05,200.0,38.5,S
2021-07-05T10:31:04,200.0,38.55,B
2021-07-05T10:30:48,300.0,38.5,S
2021-07-05T10:30:42,4200.0,38.55,B
2021-07-05T10:30:42,1000.0,38.55,B
2021-07-05T10:30:42,4800.0,38.55,B
2021-07-05T10:30:36,200.0,38.55,B
2021-07-05T10:30:25,1300.0,38.55,B
2021-07-05T10:30:10,2300.0,38.55,B
2021-07-05T10:30:07,2000.0,38.55,B
2021-07-05T10:29:59,200.0,38.55,B
2021-07-05T10:29:55,200.0,38.55,B
2021-07-05T10:29:35,3100.0,38.55,B
2021-07-05T10:29:25,100.0,38.55,S
2021-07-05T10:29:23,15000.0,38.55,S
2021-07-05T10:29:13,100.0,38.55,S
2021-07-05T10:29:06,500.0,38.55,S
2021-07-05T10:29:03,500.0,38.55,S
2021-07-05T10:28:57,100.0,38.55,S
2021-07-05T10:28:50,500.0,38.55,S
2021-07-05T10:28:50,1000.0,38.55,S
2021-07-05T10:28:34,100.0,38.55,S
2021-07-05T10:28:28,500.0,38.6,B
2021-07-05T10:28:21,500.0,38.55,S
2021-07-05T10:28:05,500.0,38.55,S
2021-07-05T10:28:05,1000.0,38.55,S
2021-07-05T10:27:49,300.0,38.55,S
2021-07-05T10:27:37,500.0,38.6,B
2021-07-05T10:27:35,4000.0,38.55,S
2021-07-05T10:27:33,100.0,38.6,B
2021-07-05T10:27:19,600.0,38.6,B
2021-07-05T10:27:05,300.0,38.6,B
2021-07-05T10:26:59,700.0,38.55,B
2021-07-05T10:26:47,300.0,38.55,B
2021-07-05T10:26:43,500.0,38.55,B
2021-07-05T10:26:41,400.0,38.6,B
2021-07-05T10:26:41,200.0,38.6,B
2021-07-05T10:26:41,400.0,38.6,B
2021-07-05T10:26:19,900.0,38.6,B
2021-07-05T10:26:19,400.0,38.6,B
2021-07-05T10:26:19,2300.0,38.6,B
2021-07-05T10:26:15,3000.0,38.5,S
2021-07-05T10:26:09,300.0,38.55,S
2021-07-05T10:26:08,300.0,38.55,S
2021-07-05T10:26:06,100.0,38.6,B
2021-07-05T10:25:50,1000.0,38.55,B
2021-07-05T10:25:50,8400.0,38.55,B
2021-07-05T10:25:49,1000.0,38.55,B
2021-07-05T10:25:40,100.0,38.55,B
2021-07-05T10:25:29,200.0,38.5,S
2021-07-05T10:25:25,200.0,38.5,S
2021-07-05T10:25:21,200.0,38.5,S
2021-07-05T10:25:16,1000.0,38.55,B
2021-07-05T10:25:16,300.0,38.5,S
2021-07-05T10:25:16,300.0,38.5,S
2021-07-05T10:25:13,100.0,38.5,S
2021-07-05T10:25:10,3000.0,38.5,S
2021-07-05T10:25:01,500.0,38.5,S
2021-07-05T10:24:56,1800.0,38.5,S
2021-07-05T10:24:53,200.0,38.5,S
2021-07-05T10:24:25,10000.0,38.5,S
2021-07-05T10:24:16,100.0,38.5,S
2021-07-05T10:24:03,100.0,38.5,S
2021-07-05T10:23:56,100.0,38.5,S
2021-07-05T10:23:56,700.0,38.5,S
2021-07-05T10:23:47,500.0,38.5,S
2021-07-05T10:23:44,100.0,38.5,S
2021-07-05T10:23:38,300.0,38.5,S
2021-07-05T10:23:35,100.0,38.5,S
2021-07-05T10:23:29,100.0,38.5,S
2021-07-05T10:23:16,1000.0,38.5,S
2021-07-05T10:23:14,300.0,38.5,S
2021-07-05T10:23:14,9700.0,38.5,S
2021-07-05T10:23:04,700.0,38.5,S
2021-07-05T10:22:58,100.0,38.5,S
2021-07-05T10:22:54,100.0,38.5,S
2021-07-05T10:22:50,500.0,38.5,S
2021-07-05T10:22:30,1000.0,38.5,S
2021-07-05T10:22:00,21000.0,38.5,S
2021-07-05T10:22:00,7100.0,38.5,S
2021-07-05T10:22:00,3000.0,38.5,S
2021-07-05T10:22:00,1400.0,38.5,S
2021-07-05T10:22:00,3100.0,38.5,S
2021-07-05T10:21:53,1500.0,38.55,S
2021-07-05T10:21:38,1500.0,38.55,S
2021-07-05T10:21:37,5200.0,38.6,B
2021-07-05T10:21:37,2000.0,38.6,B
2021-07-05T10:21:37,3800.0,38.6,B
2021-07-05T10:21:37,800.0,38.6,B
2021-07-05T10:21:37,5200.0,38.6,B
2021-07-05T10:21:33,600.0,38.55,S
2021-07-05T10:21:18,100.0,38.55,S
2021-07-05T10:21:18,1400.0,38.6,B
2021-07-05T10:20:58,500.0,38.6,B
2021-07-05T10:20:56,600.0,38.55,S
2021-07-05T10:20:56,1400.0,38.55,S
2021-07-05T10:20:53,200.0,38.6,B
2021-07-05T10:20:45,3000.0,38.6,B
2021-07-05T10:20:28,5000.0,38.6,B
2021-07-05T10:20:28,1300.0,38.55,S
2021-07-05T10:20:26,100.0,38.6,B
2021-07-05T10:20:14,3700.0,38.55,S
2021-07-05T10:19:49,100.0,38.6,B
2021-07-05T10:19:26,500.0,38.6,B
2021-07-05T10:19:26,400.0,38.55,S
2021-07-05T10:19:20,1500.0,38.55,S
2021-07-05T10:19:13,500.0,38.55,S
2021-07-05T10:19:13,400.0,38.6,B
2021-07-05T10:19:13,1500.0,38.55,S
2021-07-05T10:19:04,9000.0,38.55,S
2021-07-05T10:19:00,1700.0,38.55,S
2021-07-05T10:19:00,1600.0,38.55,S
2021-07-05T10:18:55,200.0,38.55,S
2021-07-05T10:18:53,200.0,38.55,S
2021-07-05T10:18:51,1000.0,38.55,S
2021-07-05T10:18:47,5000.0,38.6,B
2021-07-05T10:18:39,300.0,38.55,S
2021-07-05T10:18:39,1800.0,38.55,S
2021-07-05T10:18:35,1000.0,38.55,S
2021-07-05T10:18:25,1000.0,38.6,B
2021-07-05T10:18:18,2000.0,38.55,S
2021-07-05T10:18:18,200.0,38.6,B
2021-07-05T10:18:17,200.0,38.55,S
2021-07-05T10:18:17,300.0,38.55,S
2021-07-05T10:18:15,300.0,38.6,B
2021-07-05T10:18:14,400.0,38.6,B
2021-07-05T10:18:05,100.0,38.6,B
2021-07-05T10:18:04,1800.0,38.6,B
2021-07-05T10:17:53,200.0,38.6,B
2021-07-05T10:17:48,300.0,38.6,B
2021-07-05T10:17:40,100.0,38.6,B
2021-07-05T10:17:30,600.0,38.6,B
2021-07-05T10:17:16,5000.0,38.6,B
2021-07-05T10:17:16,1800.0,38.6,B
2021-07-05T10:17:15,300.0,38.6,B
2021-07-05T10:17:13,400.0,38.6,B
2021-07-05T10:16:56,12000.0,38.6,B
2021-07-05T10:16:49,2500.0,38.55,S
2021-07-05T10:16:49,1700.0,38.55,S
2021-07-05T10:16:32,100.0,38.55,S
2021-07-05T10:16:29,900.0,38.6,B
2021-07-05T10:16:29,7900.0,38.6,B
2021-07-05T10:16:28,100.0,38.55,S
2021-07-05T10:16:25,300.0,38.55,S
2021-07-05T10:16:24,200.0,38.55,S
2021-07-05T10:16:24,300.0,38.6,B
2021-07-05T10:16:23,200.0,38.55,S
2021-07-05T10:16:20,500.0,38.55,S
2021-07-05T10:16:19,600.0,38.55,S
2021-07-05T10:16:19,500.0,38.55,S
2021-07-05T10:16:16,200.0,38.55,S
2021-07-05T10:16:13,100.0,38.55,S
2021-07-05T10:15:56,100.0,38.55,S
2021-07-05T10:15:56,200.0,38.55,S
2021-07-05T10:15:49,1000.0,38.55,S
2021-07-05T10:15:48,100.0,38.55,S
2021-07-05T10:15:45,1000.0,38.55,S
2021-07-05T10:15:29,100.0,38.55,S
2021-07-05T10:15:19,1000.0,38.55,S
2021-07-05T10:15:16,100.0,38.55,S
2021-07-05T10:14:58,100.0,38.55,S
2021-07-05T10:14:48,500.0,38.55,S
2021-07-05T10:14:30,1000.0,38.55,S
2021-07-05T10:14:28,100.0,38.6,B
2021-07-05T10:14:17,500.0,38.55,S
2021-07-05T10:13:43,2500.0,38.55,S
2021-07-05T10:13:39,2000.0,38.6,B
2021-07-05T10:13:24,100.0,38.55,S
2021-07-05T10:13:23,1800.0,38.6,B
2021-07-05T10:13:23,8200.0,38.6,B
2021-07-05T10:13:13,300.0,38.55,B
2021-07-05T10:13:13,1000.0,38.55,B
2021-07-05T10:13:09,200.0,38.55,B
2021-07-05T10:12:56,2000.0,38.55,B
2021-07-05T10:12:50,200.0,38.55,B
2021-07-05T10:12:50,1000.0,38.55,B
2021-07-05T10:12:50,1000.0,38.55,B
2021-07-05T10:12:50,100.0,38.55,B
2021-07-05T10:12:36,200.0,38.55,B
2021-07-05T10:12:36,400.0,38.55,B
2021-07-05T10:12:29,200.0,38.55,B
2021-07-05T10:12:27,200.0,38.55,B
2021-07-05T10:12:23,1500.0,38.55,B
2021-07-05T10:12:19,200.0,38.55,B
2021-07-05T10:12:18,500.0,38.55,B
2021-07-05T10:12:04,1000.0,38.55,B
2021-07-05T10:11:58,300.0,38.55,B
2021-07-05T10:11:55,300.0,38.55,B
2021-07-05T10:11:50,100.0,38.5,S
2021-07-05T10:11:49,300.0,38.55,B
2021-07-05T10:11:49,1800.0,38.55,B
2021-07-05T10:11:49,7900.0,38.55,B
2021-07-05T10:11:34,600.0,38.55,B
2021-07-05T10:11:20,400.0,38.5,S
2021-07-05T10:11:08,3300.0,38.55,B
2021-07-05T10:11:06,500.0,38.5,B
2021-07-05T10:11:03,1000.0,38.5,B
2021-07-05T10:11:00,600.0,38.5,B
2021-07-05T10:11:00,4700.0,38.5,B
2021-07-05T10:11:00,1000.0,38.5,B
2021-07-05T10:11:00,10100.0,38.5,B
2021-07-05T10:11:00,500.0,38.5,B
2021-07-05T10:11:00,5100.0,38.5,B
2021-07-05T10:11:00,200.0,38.5,B
2021-07-05T10:11:00,8400.0,38.5,B
2021-07-05T10:10:56,1000.0,38.5,B
2021-07-05T10:10:52,500.0,38.5,B
2021-07-05T10:10:50,2600.0,38.5,B
2021-07-05T10:10:50,1400.0,38.5,B
2021-07-05T10:10:50,2100.0,38.5,B
2021-07-05T10:10:50,3900.0,38.5,B
2021-07-05T10:10:39,200.0,38.5,B
2021-07-05T10:10:34,500.0,38.5,B
2021-07-05T10:10:33,100.0,38.5,B
2021-07-05T10:10:32,2300.0,38.5,B
2021-07-05T10:10:15,1000.0,38.5,B
2021-07-05T10:10:15,300.0,38.5,B
2021-07-05T10:10:14,100.0,38.5,B
2021-07-05T10:10:07,1300.0,38.5,B
2021-07-05T10:10:05,100.0,38.45,S
2021-07-05T10:09:53,200.0,38.45,S
2021-07-05T10:09:39,1600.0,38.5,B
2021-07-05T10:09:34,300.0,38.5,B
2021-07-05T10:09:30,100.0,38.5,B
2021-07-05T10:09:20,200.0,38.5,B
2021-07-05T10:09:10,4000.0,38.5,B
2021-07-05T10:08:57,2000.0,38.5,B
2021-07-05T10:08:51,200.0,38.45,S
2021-07-05T10:08:49,100.0,38.5,B
2021-07-05T10:08:41,10000.0,38.5,B
2021-07-05T10:08:34,100.0,38.5,B
2021-07-05T10:08:22,1200.0,38.45,S
2021-07-05T10:08:17,800.0,38.5,B
2021-07-05T10:08:08,1100.0,38.45,S
2021-07-05T10:08:00,1000.0,38.5,B
2021-07-05T10:08:00,100.0,38.45,S
2021-07-05T10:08:00,200.0,38.45,S
2021-07-05T10:08:00,600.0,38.45,S
2021-07-05T10:07:48,1000.0,38.45,S
2021-07-05T10:07:46,600.0,38.5,B
2021-07-05T10:07:40,300.0,38.45,S
2021-07-05T10:07:39,1000.0,38.5,B
2021-07-05T10:07:36,5000.0,38.5,B
2021-07-05T10:07:30,5000.0,38.45,S
2021-07-05T10:07:28,200.0,38.45,S
2021-07-05T10:07:24,200.0,38.5,B
2021-07-05T10:07:16,500.0,38.45,S
2021-07-05T10:07:14,100.0,38.45,S
2021-07-05T10:07:14,2700.0,38.45,S
2021-07-05T10:07:14,100.0,38.45,S
2021-07-05T10:06:48,900.0,38.45,S
2021-07-05T10:06:48,1100.0,38.45,S
2021-07-05T10:06:39,700.0,38.45,S
2021-07-05T10:06:36,1000.0,38.45,S
2021-07-05T10:06:36,200.0,38.45,S
2021-07-05T10:06:32,200.0,38.45,S
2021-07-05T10:06:25,600.0,38.45,S
2021-07-05T10:06:15,100.0,38.45,S
2021-07-05T10:06:09,100.0,38.45,S
2021-07-05T10:06:04,100.0,38.45,S
2021-07-05T10:05:49,1000.0,38.45,S
2021-07-05T10:05:47,100.0,38.45,S
2021-07-05T10:05:39,1000.0,38.45,S
2021-07-05T10:05:32,500.0,38.5,B
2021-07-05T10:05:25,800.0,38.45,S
2021-07-05T10:05:25,800.0,38.45,S
2021-07-05T10:05:24,100.0,38.45,S
2021-07-05T10:05:09,100.0,38.5,B
2021-07-05T10:05:07,1100.0,38.5,B
2021-07-05T10:05:04,400.0,38.45,S
2021-07-05T10:04:46,200.0,38.45,S
2021-07-05T10:04:46,1000.0,38.45,S
2021-07-05T10:04:29,2000.0,38.45,B
2021-07-05T10:04:29,5700.0,38.45,B
2021-07-05T10:04:26,100.0,38.45,B
2021-07-05T10:04:26,100.0,38.45,B
2021-07-05T10:04:17,8000.0,38.5,B
2021-07-05T10:03:59,100.0,38.45,B
2021-07-05T10:03:56,200.0,38.45,B
2021-07-05T10:03:42,400.0,38.45,B
2021-07-05T10:03:33,100.0,38.45,B
2021-07-05T10:03:33,1500.0,38.45,S
2021-07-05T10:03:32,2000.0,38.5,B
2021-07-05T10:03:25,400.0,38.45,S
2021-07-05T10:03:25,1500.0,38.45,S
2021-07-05T10:02:57,100.0,38.45,S
2021-07-05T10:02:57,600.0,38.5,B
2021-07-05T10:02:57,2300.0,38.45,S
2021-07-05T10:02:45,100.0,38.45,B
2021-07-05T10:02:40,100.0,38.45,B
2021-07-05T10:02:35,300.0,38.45,B
2021-07-05T10:02:35,600.0,38.35,S
2021-07-05T10:02:35,2000.0,38.35,S
2021-07-05T10:02:35,1000.0,38.35,S
2021-07-05T10:02:35,1100.0,38.4,S
2021-07-05T10:02:35,2800.0,38.4,S
2021-07-05T10:02:35,100.0,38.4,S
2021-07-05T10:02:35,2400.0,38.4,S
2021-07-05T10:02:34,200.0,38.45,B
2021-07-05T10:02:30,100.0,38.45,B
2021-07-05T10:02:16,800.0,38.5,B
2021-07-05T10:02:14,300.0,38.4,S
2021-07-05T10:02:13,1400.0,38.5,B
2021-07-05T10:02:13,200.0,38.5,B
2021-07-05T10:02:13,1400.0,38.5,B
2021-07-05T10:02:13,200.0,38.5,B
2021-07-05T10:02:13,6800.0,38.5,B
2021-07-05T10:02:11,500.0,38.4,S
2021-07-05T10:02:03,100.0,38.5,B
2021-07-05T10:01:58,1100.0,38.4,S
2021-07-05T10:01:58,1000.0,38.4,S
2021-07-05T10:01:58,100.0,38.4,S
2021-07-05T10:01:58,500.0,38.4,S
2021-07-05T10:01:58,3300.0,38.4,S
2021-07-05T10:01:58,3000.0,38.4,S
2021-07-05T10:01:45,100.0,38.45,B
2021-07-05T10:01:37,100.0,38.45,B
2021-07-05T10:01:33,200.0,38.45,B
2021-07-05T10:01:30,500.0,38.45,B
2021-07-05T10:01:28,2200.0,38.45,S
2021-07-05T10:01:24,500.0,38.45,S
2021-07-05T10:01:19,100.0,38.5,B
2021-07-05T10:01:18,600.0,38.5,B
2021-07-05T10:01:15,100.0,38.5,B
2021-07-05T10:01:11,1000.0,38.5,B
2021-07-05T10:00:39,1600.0,38.5,B
2021-07-05T10:00:39,700.0,38.5,B
2021-07-05T10:00:33,400.0,38.5,B
2021-07-05T10:00:28,1000.0,38.5,B
2021-07-05T10:00:17,200.0,38.5,B
2021-07-05T10:00:16,500.0,38.5,B
2021-07-05T10:00:11,500.0,38.5,B
2021-07-05T10:00:11,4400.0,38.5,S
2021-07-05T10:00:03,100.0,38.5,S
2021-07-05T09:59:58,100.0,38.5,S
2021-07-05T09:59:50,400.0,38.5,B
2021-07-05T09:59:50,700.0,38.45,S
2021-07-05T09:59:48,800.0,38.45,S
2021-07-05T09:59:47,100.0,38.5,B
2021-07-05T09:59:40,300.0,38.45,S
2021-07-05T09:59:40,1400.0,38.45,S
2021-07-05T09:59:40,1300.0,38.5,S
2021-07-05T09:59:40,1000.0,38.5,S
2021-07-05T09:59:40,200.0,38.55,B
2021-07-05T09:59:27,2900.0,38.55,B
2021-07-05T09:59:27,900.0,38.45,S
2021-07-05T09:59:27,200.0,38.45,S
2021-07-05T09:59:27,300.0,38.45,S
2021-07-05T09:59:27,2600.0,38.45,S
2021-07-05T09:59:25,500.0,38.5,S
2021-07-05T09:59:24,1000.0,38.5,S
2021-07-05T09:59:22,400.0,38.5,S
2021-07-05T09:59:18,3000.0,38.5,S
2021-07-05T09:59:16,1700.0,38.5,S
2021-07-05T09:59:16,2700.0,38.5,S
2021-07-05T09:59:13,300.0,38.55,B
2021-07-05T09:59:12,200.0,38.5,S
2021-07-05T09:59:09,5500.0,38.5,S
2021-07-05T09:59:09,7500.0,38.5,S
2021-07-05T09:59:07,400.0,38.5,S
2021-07-05T09:59:06,4200.0,38.5,S
2021-07-05T09:59:06,5400.0,38.5,S
2021-07-05T09:59:05,2000.0,38.5,S
2021-07-05T09:59:02,400.0,38.5,S
2021-07-05T09:59:02,2600.0,38.5,S
2021-07-05T09:59:02,900.0,38.5,S
2021-07-05T09:59:02,6400.0,38.5,S
2021-07-05T09:59:02,4200.0,38.5,S
2021-07-05T09:59:02,5300.0,38.5,S
2021-07-05T09:59:02,3600.0,38.5,S
2021-07-05T09:59:02,100.0,38.5,S
2021-07-05T09:59:02,1900.0,38.5,S
2021-07-05T09:59:02,100.0,38.5,S
2021-07-05T09:59:02,1100.0,38.5,S
2021-07-05T09:59:02,3000.0,38.5,S
2021-07-05T09:59:02,100.0,38.5,S
2021-07-05T09:59:02,2700.0,38.5,S
2021-07-05T09:59:02,7300.0,38.5,S
2021-07-05T09:59:02,500.0,38.55,B
2021-07-05T09:58:48,100.0,38.55,B
2021-07-05T09:58:43,200.0,38.55,B
2021-07-05T09:58:40,4000.0,38.5,S
2021-07-05T09:58:38,100.0,38.5,S
2021-07-05T09:58:33,100.0,38.5,S
2021-07-05T09:58:32,5000.0,38.5,S
2021-07-05T09:58:29,3000.0,38.55,B
2021-07-05T09:58:28,500.0,38.55,B
2021-07-05T09:58:24,1000.0,38.55,B
2021-07-05T09:58:24,1700.0,38.5,S
2021-07-05T09:58:24,500.0,38.5,S
2021-07-05T09:58:19,4000.0,38.55,B
2021-07-05T09:58:18,300.0,38.55,B
2021-07-05T09:58:05,1000.0,38.55,B
2021-07-05T09:58:00,2000.0,38.55,B
2021-07-05T09:57:50,100.0,38.55,B
2021-07-05T09:57:43,1000.0,38.55,B
2021-07-05T09:57:43,2000.0,38.5,S
2021-07-05T09:57:43,2000.0,38.5,S
2021-07-05T09:57:40,2000.0,38.55,B
2021-07-05T09:57:40,2100.0,38.5,S
2021-07-05T09:57:29,1500.0,38.55,B
2021-07-05T09:57:29,800.0,38.55,B
2021-07-05T09:57:24,2000.0,38.5,S
2021-07-05T09:57:19,1500.0,38.55,S
2021-07-05T09:57:18,200.0,38.6,B
2021-07-05T09:57:12,1000.0,38.6,B
2021-07-05T09:57:09,2000.0,38.6,B
2021-07-05T09:57:09,100.0,38.6,B
2021-07-05T09:57:06,5300.0,38.55,S
2021-07-05T09:57:06,6800.0,38.55,S
2021-07-05T09:57:06,7900.0,38.55,S
2021-07-05T09:57:05,300.0,38.55,S
2021-07-05T09:57:04,700.0,38.6,B
2021-07-05T09:57:00,5000.0,38.6,B
2021-07-05T09:56:58,20000.0,38.55,S
2021-07-05T09:56:53,2300.0,38.6,B
2021-07-05T09:56:39,100.0,38.6,B
2021-07-05T09:56:38,2000.0,38.6,B
2021-07-05T09:56:37,100.0,38.6,B
2021-07-05T09:56:32,500.0,38.6,B
2021-07-05T09:56:26,300.0,38.6,B
2021-07-05T09:56:20,1300.0,38.6,B
2021-07-05T09:56:08,1000.0,38.6,B
2021-07-05T09:56:08,700.0,38.55,S
2021-07-05T09:56:00,300.0,38.6,B
2021-07-05T09:55:49,3000.0,38.6,B
2021-07-05T09:55:44,500.0,38.6,B
2021-07-05T09:55:42,2700.0,38.6,S
2021-07-05T09:55:41,100.0,38.65,B
2021-07-05T09:55:28,100.0,38.65,B
2021-07-05T09:55:23,100.0,38.6,B
2021-07-05T09:55:22,1900.0,38.6,S
2021-07-05T09:55:19,2700.0,38.6,S
2021-07-05T09:55:06,800.0,38.6,S
2021-07-05T09:55:06,200.0,38.6,S
2021-07-05T09:54:54,300.0,38.6,B
2021-07-05T09:54:54,700.0,38.6,S
2021-07-05T09:54:52,1000.0,38.6,S
2021-07-05T09:54:50,400.0,38.65,B
2021-07-05T09:54:49,600.0,38.65,B
2021-07-05T09:54:43,2100.0,38.65,B
2021-07-05T09:54:43,2900.0,38.65,B
2021-07-05T09:54:43,1600.0,38.6,B
2021-07-05T09:54:40,400.0,38.6,S
2021-07-05T09:54:37,2000.0,38.6,S
2021-07-05T09:54:37,4000.0,38.65,B
2021-07-05T09:54:34,900.0,38.6,S
2021-07-05T09:54:32,2000.0,38.65,B
2021-07-05T09:54:28,1000.0,38.6,S
2021-07-05T09:54:26,400.0,38.6,S
2021-07-05T09:54:17,10200.0,38.55,S
2021-07-05T09:54:17,9600.0,38.55,S
2021-07-05T09:54:17,1200.0,38.55,S
2021-07-05T09:54:17,1600.0,38.6,S
2021-07-05T09:54:17,3200.0,38.6,S
2021-07-05T09:54:17,2800.0,38.6,S
2021-07-05T09:54:17,200.0,38.6,S
2021-07-05T09:54:17,1200.0,38.6,S
2021-07-05T09:54:03,4000.0,38.6,S
2021-07-05T09:54:02,500.0,38.65,B
2021-07-05T09:53:49,1000.0,38.65,B
2021-07-05T09:53:41,1000.0,38.65,B
2021-07-05T09:53:40,500.0,38.65,B
2021-07-05T09:53:20,1000.0,38.65,B
2021-07-05T09:53:16,2000.0,38.65,B
2021-07-05T09:53:14,1300.0,38.6,S
2021-07-05T09:53:14,3300.0,38.6,S
2021-07-05T09:53:12,12400.0,38.6,S
2021-07-05T09:53:12,100.0,38.6,S
2021-07-05T09:53:09,200.0,38.65,B
2021-07-05T09:53:06,1700.0,38.65,B
2021-07-05T09:52:48,3000.0,38.65,B
2021-07-05T09:52:45,1200.0,38.65,B
2021-07-05T09:52:43,1000.0,38.6,S
2021-07-05T09:52:39,1000.0,38.65,B
2021-07-05T09:52:35,2000.0,38.65,B
2021-07-05T09:52:26,300.0,38.6,S
2021-07-05T09:52:23,800.0,38.6,S
2021-07-05T09:52:23,200.0,38.6,S
2021-07-05T09:52:19,500.0,38.65,B
2021-07-05T09:52:19,500.0,38.6,S
2021-07-05T09:52:16,500.0,38.6,B
2021-07-05T09:52:13,500.0,38.6,B
2021-07-05T09:52:11,700.0,38.6,B
2021-07-05T09:52:08,900.0,38.6,B
2021-07-05T09:52:05,500.0,38.6,B
2021-07-05T09:51:59,22400.0,38.6,S
2021-07-05T09:51:57,1400.0,38.6,B
2021-07-05T09:51:56,300.0,38.6,B
2021-07-05T09:51:48,500.0,38.6,B
2021-07-05T09:51:46,100.0,38.6,B
2021-07-05T09:51:45,5000.0,38.6,B
2021-07-05T09:51:37,200.0,38.6,B
2021-07-05T09:51:35,600.0,38.6,B
2021-07-05T09:51:34,1100.0,38.6,B
2021-07-05T09:51:30,200.0,38.6,B
2021-07-05T09:51:28,200.0,38.6,B
2021-07-05T09:51:23,200.0,38.6,B
2021-07-05T09:51:20,100.0,38.6,B
2021-07-05T09:51:18,500.0,38.6,B
2021-07-05T09:51:13,200.0,38.6,B
2021-07-05T09:51:11,100.0,38.6,B
2021-07-05T09:51:09,2000.0,38.55,S
2021-07-05T09:51:09,200.0,38.6,S
2021-07-05T09:51:06,200.0,38.65,B
2021-07-05T09:51:05,100.0,38.65,B
2021-07-05T09:51:00,100.0,38.6,B
2021-07-05T09:51:00,200.0,38.6,B
2021-07-05T09:50:58,200.0,38.6,B
2021-07-05T09:50:57,9600.0,38.6,S
2021-07-05T09:50:51,300.0,38.6,S
2021-07-05T09:50:51,200.0,38.6,S
2021-07-05T09:50:48,4000.0,38.6,B
2021-07-05T09:50:47,200.0,38.6,B
2021-07-05T09:50:45,500.0,38.6,B
2021-07-05T09:50:39,1000.0,38.6,B
2021-07-05T09:50:37,500.0,38.6,B
2021-07-05T09:50:36,300.0,38.6,B
2021-07-05T09:50:32,100.0,38.6,B
2021-07-05T09:50:30,300.0,38.6,B
2021-07-05T09:50:29,800.0,38.6,B
2021-07-05T09:50:24,100.0,38.6,B
2021-07-05T09:50:23,3500.0,38.6,B
2021-07-05T09:50:22,100.0,38.6,B
2021-07-05T09:50:17,900.0,38.6,B
2021-07-05T09:50:15,400.0,38.6,B
2021-07-05T09:50:09,500.0,38.6,B
2021-07-05T09:50:07,20000.0,38.6,B
2021-07-05T09:50:07,200.0,38.6,B
2021-07-05T09:50:07,1000.0,38.55,S
2021-07-05T09:50:03,600.0,38.6,B
2021-07-05T09:49:58,400.0,38.6,B
2021-07-05T09:49:51,1000.0,38.6,B
2021-07-05T09:49:47,100.0,38.6,B
2021-07-05T09:49:40,6000.0,38.6,B
2021-07-05T09:49:38,500.0,38.6,B
2021-07-05T09:49:30,500.0,38.6,B
2021-07-05T09:49:29,3500.0,38.6,B
2021-07-05T09:49:26,100.0,38.6,B
2021-07-05T09:49:24,100.0,38.6,B
2021-07-05T09:49:09,800.0,38.6,B
2021-07-05T09:49:09,5000.0,38.55,S
2021-07-05T09:49:05,600.0,38.6,B
2021-07-05T09:49:02,100.0,38.6,B
2021-07-05T09:48:55,2000.0,38.6,B
2021-07-05T09:48:54,1000.0,38.55,S
2021-07-05T09:48:50,3000.0,38.55,B
2021-07-05T09:48:43,500.0,38.55,B
2021-07-05T09:48:43,100.0,38.55,B
2021-07-05T09:48:43,600.0,38.55,B
2021-07-05T09:48:39,400.0,38.55,B
2021-07-05T09:48:39,500.0,38.55,S
2021-07-05T09:48:39,300.0,38.55,S
2021-07-05T09:48:39,1300.0,38.55,S
2021-07-05T09:48:39,1200.0,38.55,S
2021-07-05T09:48:39,12100.0,38.55,S
2021-07-05T09:48:32,4800.0,38.55,S
2021-07-05T09:48:30,3000.0,38.6,B
2021-07-05T09:48:22,4000.0,38.55,S
2021-07-05T09:48:22,200.0,38.6,B
2021-07-05T09:48:20,200.0,38.6,B
2021-07-05T09:48:09,5000.0,38.6,B
2021-07-05T09:47:59,700.0,38.6,B
2021-07-05T09:47:55,3200.0,38.6,B
2021-07-05T09:47:55,100.0,38.6,B
2021-07-05T09:47:55,2300.0,38.6,B
2021-07-05T09:47:55,4100.0,38.6,B
2021-07-05T09:47:55,300.0,38.6,B
2021-07-05T09:47:55,5000.0,38.6,B
2021-07-05T09:47:35,1000.0,38.55,S
2021-07-05T09:47:32,100.0,38.6,B
2021-07-05T09:47:26,1000.0,38.6,B
2021-07-05T09:47:24,200.0,38.55,S
2021-07-05T09:47:24,300.0,38.6,B
2021-07-05T09:47:24,700.0,38.6,B
2021-07-05T09:47:17,800.0,38.55,S
2021-07-05T09:47:17,500.0,38.55,S
2021-07-05T09:47:17,200.0,38.55,S
2021-07-05T09:47:03,500.0,38.55,S
2021-07-05T09:46:58,3000.0,38.55,S
2021-07-05T09:46:57,100.0,38.55,S
2021-07-05T09:46:56,100.0,38.55,S
2021-07-05T09:46:54,500.0,38.6,B
2021-07-05T09:46:52,200.0,38.6,B
2021-07-05T09:46:45,500.0,38.55,S
2021-07-05T09:46:43,500.0,38.6,B
2021-07-05T09:46:43,500.0,38.6,B
2021-07-05T09:46:41,500.0,38.55,S
2021-07-05T09:46:36,200.0,38.6,B
2021-07-05T09:46:36,3000.0,38.6,B
2021-07-05T09:46:30,100.0,38.6,B
2021-07-05T09:46:28,6400.0,38.55,S
2021-07-05T09:46:23,300.0,38.6,B
2021-07-05T09:46:19,200.0,38.55,S
2021-07-05T09:46:19,100.0,38.55,S
2021-07-05T09:46:06,100.0,38.55,B
2021-07-05T09:46:06,100.0,38.55,S
2021-07-05T09:46:04,500.0,38.55,S
2021-07-05T09:46:00,200.0,38.55,S
2021-07-05T09:45:57,500.0,38.5,S
2021-07-05T09:45:56,900.0,38.55,S
2021-07-05T09:45:50,100.0,38.55,B
2021-07-05T09:45:40,400.0,38.5,S
2021-07-05T09:45:39,100.0,38.55,B
2021-07-05T09:45:36,800.0,38.55,S
2021-07-05T09:45:34,700.0,38.6,B
2021-07-05T09:45:33,100.0,38.55,S
2021-07-05T09:45:33,1100.0,38.6,B
2021-07-05T09:45:29,800.0,38.6,B
2021-07-05T09:45:25,1000.0,38.6,B
2021-07-05T09:45:16,100.0,38.55,S
2021-07-05T09:45:09,200.0,38.6,B
2021-07-05T09:45:08,700.0,38.5,S
2021-07-05T09:45:08,9300.0,38.55,S
2021-07-05T09:44:57,500.0,38.55,S
2021-07-05T09:44:55,300.0,38.55,S
2021-07-05T09:44:55,200.0,38.55,S
2021-07-05T09:44:52,7300.0,38.55,S
2021-07-05T09:44:46,100.0,38.55,S
2021-07-05T09:44:43,100.0,38.55,S
2021-07-05T09:44:43,2000.0,38.6,S
2021-07-05T09:44:41,300.0,38.65,B
2021-07-05T09:44:40,300.0,38.65,B
2021-07-05T09:44:35,4000.0,38.6,B
2021-07-05T09:44:28,500.0,38.6,B
2021-07-05T09:44:27,100.0,38.6,S
2021-07-05T09:44:27,6700.0,38.6,S
2021-07-05T09:44:23,1400.0,38.65,B
2021-07-05T09:44:22,4200.0,38.65,B
2021-07-05T09:44:20,500.0,38.65,B
2021-07-05T09:44:16,1000.0,38.65,B
2021-07-05T09:44:13,200.0,38.65,B
2021-07-05T09:44:12,2000.0,38.6,S
2021-07-05T09:43:59,400.0,38.6,S
2021-07-05T09:43:57,100.0,38.6,S
2021-07-05T09:43:50,100.0,38.65,B
2021-07-05T09:43:46,200.0,38.65,B
2021-07-05T09:43:44,1000.0,38.6,S
2021-07-05T09:43:36,700.0,38.65,B
2021-07-05T09:43:33,200.0,38.65,B
2021-07-05T09:43:27,1000.0,38.7,B
2021-07-05T09:43:26,200.0,38.7,B
2021-07-05T09:43:24,1000.0,38.65,S
2021-07-05T09:43:09,1400.0,38.7,B
2021-07-05T09:43:09,1900.0,38.7,B
2021-07-05T09:43:08,2000.0,38.7,B
2021-07-05T09:43:08,1000.0,38.7,B
2021-07-05T09:43:03,100.0,38.7,B
2021-07-05T09:42:57,1400.0,38.7,B
2021-07-05T09:42:56,200.0,38.7,B
2021-07-05T09:42:53,200.0,38.7,B
2021-07-05T09:42:47,1700.0,38.7,S
2021-07-05T09:42:47,500.0,38.7,S
2021-07-05T09:42:47,7000.0,38.7,S
2021-07-05T09:42:44,1000.0,38.7,S
2021-07-05T09:42:42,5000.0,38.75,B
2021-07-05T09:42:41,1600.0,38.7,S
2021-07-05T09:42:34,300.0,38.75,B
2021-07-05T09:42:33,1000.0,38.7,S
2021-07-05T09:42:30,200.0,38.7,S
2021-07-05T09:42:30,10000.0,38.7,S
2021-07-05T09:42:27,500.0,38.7,S
2021-07-05T09:42:25,400.0,38.7,S
2021-07-05T09:42:25,100.0,38.7,S
2021-07-05T09:42:24,500.0,38.7,S
2021-07-05T09:42:22,47300.0,38.7,B
2021-07-05T09:42:22,100.0,38.65,S
2021-07-05T09:42:09,100.0,38.7,B
2021-07-05T09:42:00,1000.0,38.7,B
2021-07-05T09:41:58,1000.0,38.6,S
2021-07-05T09:41:56,100.0,38.7,B
2021-07-05T09:41:54,2300.0,38.7,S
2021-07-05T09:41:50,1000.0,38.7,B
2021-07-05T09:41:50,1900.0,38.7,B
2021-07-05T09:41:42,10000.0,38.75,B
2021-07-05T09:41:35,2800.0,38.7,B
2021-07-05T09:41:30,2700.0,38.6,S
2021-07-05T09:41:30,7300.0,38.6,S
2021-07-05T09:41:25,5500.0,38.7,B
2021-07-05T09:41:25,100.0,38.7,B
2021-07-05T09:41:22,1900.0,38.7,B
2021-07-05T09:41:19,1000.0,38.7,S
2021-07-05T09:41:17,5800.0,38.75,B
2021-07-05T09:41:14,1000.0,38.7,S
2021-07-05T09:41:14,4200.0,38.7,S
2021-07-05T09:41:13,1000.0,38.7,S
2021-07-05T09:41:09,200.0,38.7,S
2021-07-05T09:41:04,300.0,38.7,S
2021-07-05T09:41:02,100.0,38.7,S
2021-07-05T09:41:02,10000.0,38.75,B
2021-07-05T09:41:00,500.0,38.75,B
2021-07-05T09:40:50,100.0,38.7,S
2021-07-05T09:40:41,100.0,38.75,B
2021-07-05T09:40:39,300.0,38.7,S
2021-07-05T09:40:39,1700.0,38.7,S
2021-07-05T09:40:39,100.0,38.7,S
2021-07-05T09:40:39,7900.0,38.7,S
2021-07-05T09:40:37,500.0,38.7,S
2021-07-05T09:40:35,1000.0,38.7,S
2021-07-05T09:40:34,1200.0,38.75,B
2021-07-05T09:40:31,1000.0,38.75,B
2021-07-05T09:40:27,500.0,38.75,B
2021-07-05T09:40:25,100.0,38.7,S
2021-07-05T09:40:24,3600.0,38.75,B
2021-07-05T09:40:19,1000.0,38.75,S
2021-07-05T09:40:16,10100.0,38.7,S
2021-07-05T09:40:16,200.0,38.8,B
2021-07-05T09:40:16,1800.0,38.8,B
2021-07-05T09:40:09,1000.0,38.8,B
2021-07-05T09:40:05,200.0,38.8,B
2021-07-05T09:40:04,100.0,38.8,B
2021-07-05T09:39:57,100.0,38.8,S
2021-07-05T09:39:54,900.0,38.9,B
2021-07-05T09:39:54,100.0,38.9,B
2021-07-05T09:39:54,1000.0,38.9,B
2021-07-05T09:39:52,1500.0,38.75,S
2021-07-05T09:39:52,3200.0,38.75,S
2021-07-05T09:39:52,500.0,38.75,S
2021-07-05T09:39:52,4800.0,38.75,S
2021-07-05T09:39:52,300.0,38.9,B
2021-07-05T09:39:50,1000.0,38.9,B
2021-07-05T09:39:49,500.0,38.85,S
2021-07-05T09:39:49,400.0,38.85,S
2021-07-05T09:39:49,500.0,38.85,S
2021-07-05T09:39:49,500.0,38.85,S
2021-07-05T09:39:47,500.0,38.85,S
2021-07-05T09:39:45,500.0,38.85,S
2021-07-05T09:39:41,200.0,38.85,S
2021-07-05T09:39:38,100.0,38.85,B
2021-07-05T09:39:37,7500.0,38.9,B
2021-07-05T09:39:37,300.0,38.85,B
2021-07-05T09:39:36,200.0,38.85,B
2021-07-05T09:39:33,2200.0,38.85,S
2021-07-05T09:39:25,300.0,38.85,S
2021-07-05T09:39:22,100.0,38.85,S
2021-07-05T09:39:20,2000.0,38.9,B
2021-07-05T09:39:18,10000.0,38.85,B
2021-07-05T09:39:16,600.0,38.85,B
2021-07-05T09:39:16,1000.0,38.85,B
2021-07-05T09:39:14,400.0,38.8,B
2021-07-05T09:39:14,100.0,38.8,B
2021-07-05T09:39:10,100.0,38.85,B
2021-07-05T09:39:03,200.0,38.85,B
2021-07-05T09:38:55,1000.0,38.85,B
2021-07-05T09:38:51,300.0,38.85,B
2021-07-05T09:38:47,100.0,38.75,S
2021-07-05T09:38:42,6000.0,38.85,B
2021-07-05T09:38:40,200.0,38.75,B
2021-07-05T09:38:40,200.0,38.75,B
2021-07-05T09:38:38,400.0,38.75,B
2021-07-05T09:38:35,200.0,38.75,S
2021-07-05T09:38:30,7000.0,38.8,B
2021-07-05T09:38:30,8100.0,38.8,B
2021-07-05T09:38:30,1000.0,38.8,B
2021-07-05T09:38:30,200.0,38.8,B
2021-07-05T09:38:30,400.0,38.8,B
2021-07-05T09:38:30,1700.0,38.8,B
2021-07-05T09:38:30,2000.0,38.8,B
2021-07-05T09:38:30,300.0,38.8,B
2021-07-05T09:38:30,6000.0,38.8,B
2021-07-05T09:38:30,20400.0,38.8,B
2021-07-05T09:38:30,10000.0,38.8,B
2021-07-05T09:38:30,20100.0,38.8,B
2021-07-05T09:38:30,1500.0,38.8,B
2021-07-05T09:38:30,300.0,38.8,B
2021-07-05T09:38:30,4500.0,38.8,B
2021-07-05T09:38:30,13500.0,38.8,B
2021-07-05T09:38:29,400.0,38.7,S
2021-07-05T09:38:28,2100.0,38.7,S
2021-07-05T09:38:22,1300.0,38.7,S
2021-07-05T09:38:14,1000.0,38.7,S
2021-07-05T09:38:13,1500.0,38.75,B
2021-07-05T09:38:04,1700.0,38.7,S
2021-07-05T09:37:58,300.0,38.7,S
2021-07-05T09:37:54,300.0,38.7,B
2021-07-05T09:37:54,800.0,38.7,B
2021-07-05T09:37:53,400.0,38.7,B
2021-07-05T09:37:47,1000.0,38.7,B
2021-07-05T09:37:44,1900.0,38.7,B
2021-07-05T09:37:44,600.0,38.7,B
2021-07-05T09:37:44,500.0,38.7,B
2021-07-05T09:37:44,200.0,38.7,B
2021-07-05T09:37:43,100.0,38.65,B
2021-07-05T09:37:43,100.0,38.65,B
2021-07-05T09:37:42,200.0,38.65,B
2021-07-05T09:37:36,1700.0,38.65,S
2021-07-05T09:37:35,2300.0,38.7,B
2021-07-05T09:37:34,100.0,38.65,S
2021-07-05T09:37:34,200.0,38.65,S
2021-07-05T09:37:27,100.0,38.65,S
2021-07-05T09:37:25,4000.0,38.7,B
2021-07-05T09:37:24,1400.0,38.65,S
2021-07-05T09:37:21,100.0,38.7,B
2021-07-05T09:37:20,5000.0,38.7,B
2021-07-05T09:37:19,1000.0,38.65,S
2021-07-05T09:37:19,1100.0,38.65,B
2021-07-05T09:37:16,1000.0,38.65,B
2021-07-05T09:37:14,2500.0,38.6,S
2021-07-05T09:37:10,1300.0,38.6,S
2021-07-05T09:37:10,2000.0,38.65,B
2021-07-05T09:37:08,500.0,38.6,S
2021-07-05T09:37:08,100.0,38.65,B
2021-07-05T09:37:06,1300.0,38.65,B
2021-07-05T09:37:06,100.0,38.65,B
2021-07-05T09:37:00,1300.0,38.65,B
2021-07-05T09:37:00,100.0,38.6,B
2021-07-05T09:37:00,400.0,38.6,B
2021-07-05T09:37:00,900.0,38.6,B
2021-07-05T09:37:00,700.0,38.6,B
2021-07-05T09:36:59,100.0,38.6,B
2021-07-05T09:36:57,1000.0,38.6,B
2021-07-05T09:36:54,500.0,38.6,B
2021-07-05T09:36:53,500.0,38.6,B
2021-07-05T09:36:51,1600.0,38.55,S
2021-07-05T09:36:50,500.0,38.6,B
2021-07-05T09:36:50,100.0,38.6,B
2021-07-05T09:36:48,5100.0,38.6,B
2021-07-05T09:36:47,1900.0,38.6,B
2021-07-05T09:36:42,4000.0,38.6,B
2021-07-05T09:36:40,400.0,38.6,B
2021-07-05T09:36:40,100.0,38.6,B
2021-07-05T09:36:36,5000.0,38.6,B
2021-07-05T09:36:35,5200.0,38.6,B
2021-07-05T09:36:32,300.0,38.6,B
2021-07-05T09:36:32,500.0,38.6,B
2021-07-05T09:36:32,1400.0,38.6,B
2021-07-05T09:36:30,1000.0,38.6,B
2021-07-05T09:36:25,300.0,38.55,S
2021-07-05T09:36:23,1500.0,38.6,B
2021-07-05T09:36:23,1900.0,38.6,B
2021-07-05T09:36:20,3100.0,38.55,B
2021-07-05T09:36:20,5500.0,38.55,B
2021-07-05T09:36:20,900.0,38.55,B
2021-07-05T09:36:08,100.0,38.5,S
2021-07-05T09:36:05,200.0,38.5,S
2021-07-05T09:36:04,700.0,38.55,B
2021-07-05T09:36:04,1900.0,38.5,S
2021-07-05T09:36:03,1000.0,38.55,B
2021-07-05T09:36:01,5000.0,38.5,S
2021-07-05T09:35:52,1900.0,38.5,S
2021-07-05T09:35:48,1000.0,38.55,B
2021-07-05T09:35:42,1900.0,38.5,S
2021-07-05T09:35:37,200.0,38.5,S
2021-07-05T09:35:35,500.0,38.5,S
2021-07-05T09:35:33,2000.0,38.5,S
2021-07-05T09:35:33,1700.0,38.5,S
2021-07-05T09:35:28,300.0,38.55,B
2021-07-05T09:35:28,100.0,38.5,S
2021-07-05T09:35:26,300.0,38.5,S
2021-07-05T09:35:24,1400.0,38.5,B
2021-07-05T09:35:24,900.0,38.5,B
2021-07-05T09:35:24,11900.0,38.5,B
2021-07-05T09:35:24,300.0,38.5,B
2021-07-05T09:35:23,9200.0,38.5,B
2021-07-05T09:35:18,12500.0,38.5,B
2021-07-05T09:35:18,1700.0,38.5,B
2021-07-05T09:35:18,10600.0,38.5,B
2021-07-05T09:35:18,7000.0,38.5,B
2021-07-05T09:35:09,1500.0,38.5,B
2021-07-05T09:35:06,700.0,38.5,B
2021-07-05T09:35:02,100.0,38.5,B
2021-07-05T09:35:01,900.0,38.4,S
2021-07-05T09:35:01,1200.0,38.45,S
2021-07-05T09:35:01,300.0,38.5,B
2021-07-05T09:35:01,200.0,38.5,B
2021-07-05T09:34:56,200.0,38.5,B
2021-07-05T09:34:56,100.0,38.5,B
2021-07-05T09:34:56,500.0,38.45,S
2021-07-05T09:34:53,1000.0,38.5,B
2021-07-05T09:34:53,2400.0,38.5,B
2021-07-05T09:34:53,1600.0,38.5,B
2021-07-05T09:34:47,300.0,38.5,B
2021-07-05T09:34:47,500.0,38.45,S
2021-07-05T09:34:45,100.0,38.45,S
2021-07-05T09:34:43,2200.0,38.45,S
2021-07-05T09:34:42,1600.0,38.5,B
2021-07-05T09:34:42,200.0,38.5,B
2021-07-05T09:34:42,200.0,38.5,B
2021-07-05T09:34:42,1000.0,38.5,B
2021-07-05T09:34:34,100.0,38.45,S
2021-07-05T09:34:30,1100.0,38.5,B
2021-07-05T09:34:30,1000.0,38.5,B
2021-07-05T09:34:30,500.0,38.5,B
2021-07-05T09:34:29,500.0,38.5,B
2021-07-05T09:34:28,500.0,38.5,B
2021-07-05T09:34:27,100.0,38.5,B
2021-07-05T09:34:23,2000.0,38.5,B
2021-07-05T09:34:22,100.0,38.5,B
2021-07-05T09:34:20,3600.0,38.5,B
2021-07-05T09:34:13,3400.0,38.4,S
2021-07-05T09:34:12,100.0,38.45,B
2021-07-05T09:34:10,500.0,38.5,B
2021-07-05T09:34:08,900.0,38.5,B
2021-07-05T09:34:08,100.0,38.45,B
2021-07-05T09:34:06,500.0,38.5,B
2021-07-05T09:34:06,9500.0,38.5,B
2021-07-05T09:34:05,400.0,38.5,B
2021-07-05T09:34:02,400.0,38.5,B
2021-07-05T09:34:01,1000.0,38.5,B
2021-07-05T09:34:00,500.0,38.5,B
2021-07-05T09:34:00,1000.0,38.5,B
2021-07-05T09:33:58,500.0,38.4,S
2021-07-05T09:33:58,5000.0,38.4,S
2021-07-05T09:33:56,1300.0,38.5,B
2021-07-05T09:33:54,200.0,38.5,B
2021-07-05T09:33:53,1000.0,38.5,B
2021-07-05T09:33:53,100.0,38.5,B
2021-07-05T09:33:52,600.0,38.5,B
2021-07-05T09:33:50,200.0,38.45,S
2021-07-05T09:33:48,500.0,38.45,S
2021-07-05T09:33:44,100.0,38.5,B
2021-07-05T09:33:37,2000.0,38.5,B
2021-07-05T09:33:33,500.0,38.4,S
2021-07-05T09:33:33,900.0,38.5,B
2021-07-05T09:33:33,1300.0,38.5,B
2021-07-05T09:33:33,2000.0,38.5,B
2021-07-05T09:33:33,1300.0,38.5,B
2021-07-05T09:33:33,2100.0,38.5,B
2021-07-05T09:33:33,1000.0,38.5,B
2021-07-05T09:33:33,21400.0,38.5,B
2021-07-05T09:33:33,100.0,38.4,S
2021-07-05T09:33:32,700.0,38.4,B
2021-07-05T09:33:32,1100.0,38.4,B
2021-07-05T09:33:32,300.0,38.4,B
2021-07-05T09:33:32,500.0,38.4,B
2021-07-05T09:33:32,3000.0,38.4,B
2021-07-05T09:33:28,2000.0,38.4,B
2021-07-05T09:33:28,1000.0,38.4,B
2021-07-05T09:33:27,4400.0,38.3,S
2021-07-05T09:33:26,2000.0,38.4,B
2021-07-05T09:33:24,1400.0,38.4,B
2021-07-05T09:33:22,2000.0,38.3,S
2021-07-05T09:33:20,10000.0,38.4,B
2021-07-05T09:33:19,100.0,38.3,S
2021-07-05T09:33:19,5000.0,38.4,B
2021-07-05T09:33:17,500.0,38.4,B
2021-07-05T09:33:10,500.0,38.4,B
2021-07-05T09:33:10,200.0,38.4,B
2021-07-05T09:33:06,300.0,38.4,B
2021-07-05T09:33:05,2200.0,38.4,B
2021-07-05T09:33:05,5800.0,38.4,B
2021-07-05T09:33:05,200.0,38.35,B
2021-07-05T09:33:01,100.0,38.3,B
2021-07-05T09:33:01,1300.0,38.3,B
2021-07-05T09:33:01,700.0,38.3,B
2021-07-05T09:33:01,900.0,38.3,B
2021-07-05T09:33:01,1000.0,38.3,B
2021-07-05T09:33:01,5300.0,38.3,B
2021-07-05T09:33:01,3500.0,38.3,B
2021-07-05T09:32:59,600.0,38.3,B
2021-07-05T09:32:59,1000.0,38.3,B
2021-07-05T09:32:57,700.0,38.3,B
2021-07-05T09:32:57,4000.0,38.3,B
2021-07-05T09:32:54,1000.0,38.25,S
2021-07-05T09:32:54,200.0,38.3,B
2021-07-05T09:32:54,900.0,38.3,B
2021-07-05T09:32:54,800.0,38.3,B
2021-07-05T09:32:54,500.0,38.3,B
2021-07-05T09:32:54,7600.0,38.3,B
2021-07-05T09:32:53,10000.0,38.3,B
2021-07-05T09:32:49,1600.0,38.3,B
2021-07-05T09:32:49,4000.0,38.3,B
2021-07-05T09:32:47,1000.0,38.3,B
2021-07-05T09:32:47,4200.0,38.3,B
2021-07-05T09:32:45,500.0,38.3,B
2021-07-05T09:32:39,100.0,38.3,B
2021-07-05T09:32:38,2000.0,38.3,B
2021-07-05T09:32:32,200.0,38.3,B
2021-07-05T09:32:29,1700.0,38.3,B
2021-07-05T09:32:26,1700.0,38.3,B
2021-07-05T09:32:25,1000.0,38.3,B
2021-07-05T09:32:25,4900.0,38.3,B
2021-07-05T09:32:25,14100.0,38.3,B
2021-07-05T09:32:19,500.0,38.3,B
2021-07-05T09:32:17,200.0,38.25,S
2021-07-05T09:32:15,800.0,38.25,B
2021-07-05T09:32:13,200.0,38.25,B
2021-07-05T09:32:10,2000.0,38.25,B
2021-07-05T09:32:09,100.0,38.25,B
2021-07-05T09:32:09,500.0,38.25,B
2021-07-05T09:32:06,900.0,38.25,B
2021-07-05T09:32:06,500.0,38.25,B
2021-07-05T09:32:04,200.0,38.25,B
2021-07-05T09:31:57,100.0,38.25,B
2021-07-05T09:31:53,1700.0,38.25,B
2021-07-05T09:31:46,100.0,38.2,S
2021-07-05T09:31:42,100.0,38.2,S
2021-07-05T09:31:40,100.0,38.2,B
2021-07-05T09:31:40,2200.0,38.2,B
2021-07-05T09:31:40,3400.0,38.2,B
2021-07-05T09:31:40,3600.0,38.2,B
2021-07-05T09:31:40,1100.0,38.2,B
2021-07-05T09:31:40,600.0,38.2,B
2021-07-05T09:31:40,800.0,38.2,B
2021-07-05T09:31:39,100.0,38.2,B
2021-07-05T09:31:38,5000.0,38.2,B
2021-07-05T09:31:37,300.0,38.2,B
2021-07-05T09:31:36,100.0,38.2,B
2021-07-05T09:31:36,100.0,38.2,B
2021-07-05T09:31:36,1000.0,38.2,B
2021-07-05T09:31:35,100.0,38.2,B
2021-07-05T09:31:35,1000.0,38.2,B
2021-07-05T09:31:29,10000.0,38.2,B
2021-07-05T09:31:29,1000.0,38.15,S
2021-07-05T09:31:28,200.0,38.2,B
2021-07-05T09:31:27,1000.0,38.2,B
2021-07-05T09:31:26,300.0,38.2,B
2021-07-05T09:31:26,10000.0,38.2,B
2021-07-05T09:31:25,500.0,38.2,B
2021-07-05T09:31:24,2000.0,38.2,B
2021-07-05T09:31:24,10000.0,38.2,B
2021-07-05T09:31:23,500.0,38.2,B
2021-07-05T09:31:21,1000.0,38.2,B
2021-07-05T09:31:21,800.0,38.2,B
2021-07-05T09:31:20,1000.0,38.2,B
2021-07-05T09:31:18,50000.0,38.2,B
2021-07-05T09:31:15,47000.0,38.2,B
2021-07-05T09:31:12,1000.0,38.2,B
2021-07-05T09:31:10,300.0,38.2,B
2021-07-05T09:31:10,10000.0,38.2,B
2021-07-05T09:31:09,13900.0,38.2,B
2021-07-05T09:31:03,400.0,38.15,S
2021-07-05T09:31:01,100.0,38.2,B
2021-07-05T09:31:00,5000.0,38.2,B
2021-07-05T09:30:55,2500.0,38.15,S
2021-07-05T09:30:51,2400.0,38.2,B
2021-07-05T09:30:47,1000.0,38.2,B
2021-07-05T09:30:46,5000.0,38.2,B
2021-07-05T09:30:43,200.0,38.2,B
2021-07-05T09:30:37,500.0,38.2,B
2021-07-05T09:30:35,500.0,38.15,S
2021-07-05T09:30:35,100.0,38.15,S
2021-07-05T09:30:31,100.0,38.15,S
2021-07-05T09:30:30,12000.0,38.2,B
2021-07-05T09:30:30,1200.0,38.15,B
2021-07-05T09:30:30,200.0,38.15,B
2021-07-05T09:30:26,1000.0,38.15,B
2021-07-05T09:30:25,800.0,38.15,B
2021-07-05T09:30:25,500.0,38.15,B
2021-07-05T09:30:18,300.0,38.15,B
2021-07-05T09:30:18,700.0,38.15,B
2021-07-05T09:30:18,2000.0,38.15,B
2021-07-05T09:30:18,500.0,38.15,B
2021-07-05T09:30:13,100.0,38.15,B
2021-07-05T09:30:13,1000.0,38.15,B
2021-07-05T09:30:12,2000.0,38.1,S
2021-07-05T09:30:10,1000.0,38.15,B
2021-07-05T09:30:09,14800.0,38.15,B
2021-07-05T09:30:09,3300.0,38.15,B
2021-07-05T09:30:09,600.0,38.15,B
2021-07-05T09:30:09,8300.0,38.15,B
2021-07-05T09:30:09,23000.0,38.15,B
2021-07-05T09:30:07,500.0,38.1,S
2021-07-05T09:30:05,1600.0,38.15,B
2021-07-05T09:30:02,500.0,38.1,S
2021-07-05T09:29:59,1300.0,38.15,B
2021-07-05T09:29:59,1700.0,38.15,B
2021-07-05T09:29:59,900.0,38.1,S
2021-07-05T09:29:51,100.0,38.1,B
2021-07-05T09:29:51,2000.0,38.1,B
2021-07-05T09:29:51,1200.0,38.1,B
2021-07-05T09:29:51,5400.0,38.1,B
2021-07-05T09:29:51,1100.0,38.1,B
2021-07-05T09:29:51,900.0,38.1,B
2021-07-05T09:29:51,3100.0,38.1,B
2021-07-05T09:29:51,100.0,38.1,B
2021-07-05T09:29:51,300.0,38.1,B
2021-07-05T09:29:49,100.0,38.1,B
2021-07-05T09:29:47,10000.0,38.1,B
2021-07-05T09:29:47,500.0,38.1,B
2021-07-05T09:29:45,1700.0,38.1,B
2021-07-05T09:29:45,200.0,38.1,B
2021-07-05T09:29:44,300.0,38.1,B
2021-07-05T09:29:44,100.0,38.1,B
2021-07-05T09:29:43,1000.0,38.1,B
2021-07-05T09:29:42,200.0,38.1,B
2021-07-05T09:29:42,500.0,38.1,B
2021-07-05T09:29:42,5000.0,38.1,B
2021-07-05T09:29:41,500.0,38.1,B
2021-07-05T09:29:39,2000.0,38.1,B
2021-07-05T09:29:39,1500.0,38.1,B
2021-07-05T09:29:39,300.0,38.1,B
2021-07-05T09:29:38,200.0,38.1,B
2021-07-05T09:29:33,2000.0,38.1,B
2021-07-05T09:29:26,100.0,38.1,B
2021-07-05T09:29:26,19900.0,38.1,B
2021-07-05T09:29:19,300.0,38.05,S
2021-07-05T09:29:17,400.0,38.1,B
2021-07-05T09:29:10,2000.0,38.05,S
2021-07-05T09:29:09,1000.0,38.1,B
2021-07-05T09:29:04,1300.0,38.05,S
2021-07-05T09:29:03,9000.0,38.1,B
2021-07-05T09:28:57,100.0,38.05,S
2021-07-05T09:28:57,200.0,38.05,S
2021-07-05T09:28:51,1000.0,38.05,S
2021-07-05T09:28:49,1100.0,38.05,B
2021-07-05T09:28:46,100.0,38.0,S
2021-07-05T09:28:46,200.0,38.0,S
2021-07-05T09:28:44,800.0,38.0,B
2021-07-05T09:28:43,1600.0,38.0,B
2021-07-05T09:28:43,100.0,38.0,B
2021-07-05T09:28:43,1300.0,38.0,B
2021-07-05T09:28:42,4700.0,38.0,B
2021-07-05T09:28:41,400.0,38.0,B
2021-07-05T09:28:39,1500.0,38.0,B
2021-07-05T09:28:39,100.0,38.0,B
2021-07-05T09:28:39,100.0,38.0,B
2021-07-05T09:28:33,5000.0,38.0,B
2021-07-05T09:28:29,3000.0,38.0,B
2021-07-05T09:28:29,2000.0,38.0,B
2021-07-05T09:28:27,200.0,38.0,B
2021-07-05T09:28:27,200.0,38.0,B
2021-07-05T09:28:24,5000.0,38.0,B
2021-07-05T09:28:19,5000.0,38.0,B
2021-07-05T09:28:19,200.0,37.95,B
2021-07-05T09:28:18,1600.0,37.95,B
2021-07-05T09:28:16,100.0,37.95,B
2021-07-05T09:28:16,100.0,37.95,B
2021-07-05T09:28:14,100.0,37.95,B
2021-07-05T09:28:13,800.0,37.95,B
2021-07-05T09:28:12,2900.0,38.0,B
2021-07-05T09:28:12,1300.0,38.0,B
2021-07-05T09:28:12,600.0,38.0,B
2021-07-05T09:28:12,15200.0,38.0,B
2021-07-05T09:28:11,300.0,37.9,S
2021-07-05T09:28:11,300.0,38.0,B
2021-07-05T09:28:10,400.0,38.0,B
2021-07-05T09:28:10,100.0,37.95,B
2021-07-05T09:28:09,100.0,37.95,B
2021-07-05T09:28:08,1000.0,37.95,B
2021-07-05T09:28:08,500.0,37.95,B
2021-07-05T09:28:08,8300.0,37.95,S
2021-07-05T09:28:06,500.0,37.95,S
2021-07-05T09:27:59,2200.0,38.0,B
2021-07-05T09:27:59,2000.0,38.0,B
2021-07-05T09:27:59,1000.0,38.0,B
2021-07-05T09:27:59,1800.0,38.0,B
2021-07-05T09:27:57,8200.0,38.0,B
2021-07-05T09:27:57,800.0,38.0,B
2021-07-05T09:27:57,2800.0,38.0,B
2021-07-05T09:27:57,200.0,38.0,B
2021-07-05T09:27:57,4500.0,38.0,B
2021-07-05T09:27:57,300.0,38.0,B
2021-07-05T09:27:57,3200.0,38.0,B
2021-07-05T09:27:55,300.0,38.0,B
2021-07-05T09:27:55,3000.0,38.0,B
2021-07-05T09:27:53,200.0,38.0,B
2021-07-05T09:27:52,1900.0,38.0,B
2021-07-05T09:27:49,400.0,38.0,B
2021-07-05T09:27:46,2000.0,37.95,S
2021-07-05T09:27:45,1400.0,37.95,S
2021-07-05T09:27:42,200.0,37.95,S
2021-07-05T09:27:42,100.0,37.95,S
2021-07-05T09:27:40,3000.0,38.0,B
2021-07-05T09:27:40,100.0,37.95,S
2021-07-05T09:27:39,1000.0,38.0,B
2021-07-05T09:27:37,500.0,38.0,B
2021-07-05T09:27:34,1000.0,37.9,S
2021-07-05T09:27:33,3000.0,38.0,B
2021-07-05T09:27:32,1300.0,37.9,S
2021-07-05T09:27:32,22400.0,38.0,B
2021-07-05T09:27:32,15500.0,38.0,B
2021-07-05T09:27:32,800.0,37.95,B
2021-07-05T09:27:32,5000.0,37.95,B
2021-07-05T09:27:32,6300.0,37.95,B
2021-07-05T09:27:28,100.0,37.9,S
2021-07-05T09:27:27,500.0,37.9,S
2021-07-05T09:27:25,300.0,37.95,B
2021-07-05T09:27:23,1000.0,37.9,S
2021-07-05T09:27:22,100.0,37.95,B
2021-07-05T09:27:22,100.0,37.9,S
2021-07-05T09:27:19,2000.0,37.95,B
2021-07-05T09:27:17,500.0,37.9,S
2021-07-05T09:27:14,500.0,37.9,S
2021-07-05T09:27:14,1300.0,37.95,B
2021-07-05T09:27:14,7700.0,37.95,B
2021-07-05T09:27:12,500.0,37.9,S
2021-07-05T09:27:10,3400.0,37.9,B
2021-07-05T09:27:09,2200.0,37.9,B
2021-07-05T09:27:07,400.0,37.9,S
2021-07-05T09:27:07,1000.0,37.9,S
2021-07-05T09:27:06,700.0,37.9,S
2021-07-05T09:27:03,1500.0,37.95,B
2021-07-05T09:27:01,2500.0,37.85,S
2021-07-05T09:26:59,1100.0,37.95,B
2021-07-05T09:26:59,11200.0,37.95,B
2021-07-05T09:26:59,7700.0,37.9,B
2021-07-05T09:26:58,100.0,37.9,B
2021-07-05T09:26:56,500.0,37.9,B
2021-07-05T09:26:54,300.0,37.85,S
2021-07-05T09:26:54,100.0,37.9,B
2021-07-05T09:26:51,500.0,37.9,B
2021-07-05T09:26:51,100.0,37.9,B
2021-07-05T09:26:47,1900.0,37.9,B
2021-07-05T09:26:45,700.0,37.85,S
2021-07-05T09:26:45,1500.0,37.9,B
2021-07-05T09:26:45,300.0,37.85,S
2021-07-05T09:26:42,1100.0,37.9,S
2021-07-05T09:26:42,2000.0,37.9,S
2021-07-05T09:26:42,1000.0,37.9,S
2021-07-05T09:26:40,1900.0,37.95,B
2021-07-05T09:26:40,800.0,37.9,S
2021-07-05T09:26:38,1000.0,37.9,S
2021-07-05T09:26:38,1000.0,37.9,S
2021-07-05T09:26:34,2000.0,37.95,B
2021-07-05T09:26:30,100.0,37.9,S
2021-07-05T09:26:30,1600.0,37.9,S
2021-07-05T09:26:30,2000.0,37.9,S
2021-07-05T09:26:30,400.0,37.9,S
2021-07-05T09:26:30,6000.0,37.9,S
2021-07-05T09:26:28,1900.0,37.95,B
2021-07-05T09:26:25,1500.0,37.95,B
2021-07-05T09:26:25,1000.0,37.9,S
2021-07-05T09:26:25,300.0,37.95,B
2021-07-05T09:26:25,600.0,37.9,S
2021-07-05T09:26:25,1000.0,37.9,S
2021-07-05T09:26:22,100.0,37.9,S
2021-07-05T09:26:20,500.0,37.9,S
2021-07-05T09:26:20,300.0,37.9,S
2021-07-05T09:26:20,2000.0,37.95,B
2021-07-05T09:26:16,200.0,37.9,S
2021-07-05T09:26:15,200.0,37.95,B
2021-07-05T09:26:15,200.0,37.9,S
2021-07-05T09:26:12,400.0,37.9,S
2021-07-05T09:26:09,1500.0,37.95,B
2021-07-05T09:26:09,600.0,37.95,B
2021-07-05T09:26:09,300.0,37.9,S
2021-07-05T09:26:07,500.0,37.95,B
2021-07-05T09:26:07,1700.0,37.95,B
2021-07-05T09:26:05,200.0,37.9,S
2021-07-05T09:26:05,200.0,37.9,S
2021-07-05T09:26:02,900.0,37.9,S
2021-07-05T09:26:01,5500.0,37.9,S
2021-07-05T09:25:58,2000.0,37.9,S
2021-07-05T09:25:56,500.0,37.9,S
2021-07-05T09:25:55,2000.0,37.95,B
2021-07-05T09:25:55,3000.0,37.95,B
2021-07-05T09:25:53,1000.0,37.95,B
2021-07-05T09:25:50,300.0,37.95,B
2021-07-05T09:25:49,2100.0,37.95,B
2021-07-05T09:25:48,200.0,37.95,B
2021-07-05T09:25:47,3000.0,37.95,B
2021-07-05T09:25:46,100.0,37.95,B
2021-07-05T09:25:46,500.0,37.95,B
2021-07-05T09:25:43,100.0,37.95,B
2021-07-05T09:25:39,1000.0,37.95,B
2021-07-05T09:25:39,500.0,37.95,B
2021-07-05T09:25:38,11000.0,37.95,S
2021-07-05T09:25:37,1000.0,37.95,S
2021-07-05T09:25:37,1900.0,38.0,B
2021-07-05T09:25:37,1000.0,38.0,B
2021-07-05T09:25:37,600.0,38.0,B
2021-07-05T09:25:36,200.0,38.0,B
2021-07-05T09:25:36,12200.0,37.9,S
2021-07-05T09:25:36,500.0,37.9,S
2021-07-05T09:25:36,1500.0,37.9,S
2021-07-05T09:25:36,500.0,37.9,S
2021-07-05T09:25:36,100.0,37.9,S
2021-07-05T09:25:36,6100.0,37.9,S
2021-07-05T09:25:36,100.0,37.9,S
2021-07-05T09:25:36,5000.0,37.9,S
2021-07-05T09:25:35,100.0,38.0,B
2021-07-05T09:25:35,1500.0,37.95,S
2021-07-05T09:25:31,500.0,37.95,S
2021-07-05T09:25:28,200.0,38.0,B
2021-07-05T09:25:28,100.0,38.0,B
2021-07-05T09:25:28,200.0,38.0,B
2021-07-05T09:25:23,1000.0,38.0,B
2021-07-05T09:25:20,1000.0,38.0,B
2021-07-05T09:25:15,200.0,38.0,B
2021-07-05T09:25:11,200.0,38.0,B
2021-07-05T09:25:11,1000.0,37.95,S
2021-07-05T09:25:10,100.0,38.0,B
2021-07-05T09:25:09,2100.0,38.0,B
2021-07-05T09:25:07,200.0,38.0,S
2021-07-05T09:25:07,7300.0,38.0,S
2021-07-05T09:25:07,2000.0,38.0,S
2021-07-05T09:25:07,3600.0,38.0,S
2021-07-05T09:25:07,1700.0,38.0,S
2021-07-05T09:25:07,300.0,38.05,B
2021-07-05T09:25:07,500.0,38.0,S
2021-07-05T09:25:07,1000.0,38.0,S
2021-07-05T09:25:06,300.0,38.0,S
2021-07-05T09:25:06,9700.0,38.0,S
2021-07-05T09:25:06,500.0,38.0,S
2021-07-05T09:25:06,500.0,38.0,S
2021-07-05T09:25:06,1600.0,38.0,S
2021-07-05T09:25:06,500.0,38.0,S
2021-07-05T09:25:06,300.0,38.0,S
2021-07-05T09:25:06,3600.0,38.0,S
2021-07-05T09:25:05,300.0,38.0,S
2021-07-05T09:25:05,200.0,38.0,S
2021-07-05T09:25:05,100.0,38.0,S
2021-07-05T09:25:05,200.0,38.05,B
2021-07-05T09:25:05,1400.0,38.0,S
2021-07-05T09:25:04,300.0,38.0,S
2021-07-05T09:25:04,100.0,38.0,S
2021-07-05T09:24:58,2000.0,38.0,S
2021-07-05T09:24:57,2300.0,38.0,S
2021-07-05T09:24:47,100.0,38.0,S
2021-07-05T09:24:45,100.0,38.05,B
2021-07-05T09:24:44,500.0,38.0,S
2021-07-05T09:24:40,2800.0,38.0,S
2021-07-05T09:24:40,9200.0,38.0,S
2021-07-05T09:24:40,2000.0,38.1,B
2021-07-05T09:24:39,200.0,38.0,S
2021-07-05T09:24:38,2000.0,38.0,S
2021-07-05T09:24:38,300.0,38.05,S
2021-07-05T09:24:36,700.0,38.05,B
2021-07-05T09:24:33,100.0,38.1,B
2021-07-05T09:24:33,2000.0,38.0,S
2021-07-05T09:24:31,2000.0,38.0,S
2021-07-05T09:24:31,200.0,38.0,S
2021-07-05T09:24:30,800.0,38.05,S
2021-07-05T09:24:30,1600.0,38.05,B
2021-07-05T09:24:29,300.0,38.0,S
2021-07-05T09:24:29,600.0,38.0,S
2021-07-05T09:24:29,1000.0,38.0,S
2021-07-05T09:24:27,800.0,38.0,S
2021-07-05T09:24:26,2000.0,38.05,B
2021-07-05T09:24:24,1900.0,38.05,B
2021-07-05T09:24:24,400.0,38.05,B
2021-07-05T09:24:23,1000.0,38.0,S
2021-07-05T09:24:22,500.0,38.0,S
2021-07-05T09:24:21,100.0,38.0,S
2021-07-05T09:24:20,2000.0,38.0,S
2021-07-05T09:24:20,4500.0,38.0,S
2021-07-05T09:24:20,1000.0,38.0,S
2021-07-05T09:24:20,100.0,38.0,S
2021-07-05T09:24:15,1000.0,38.0,S
2021-07-05T09:24:15,500.0,38.0,S
2021-07-05T09:24:13,500.0,38.0,S
2021-07-05T09:24:12,300.0,38.0,S
2021-07-05T09:24:10,200.0,38.0,S
2021-07-05T09:24:05,5000.0,38.0,S
2021-07-05T09:24:04,1400.0,38.0,S
2021-07-05T09:24:04,1500.0,38.05,B
2021-07-05T09:23:59,600.0,38.05,S
2021-07-05T09:23:58,2200.0,38.1,B
2021-07-05T09:23:54,3600.0,38.0,S
2021-07-05T09:23:54,16400.0,38.05,S
2021-07-05T09:23:52,300.0,38.1,B
2021-07-05T09:23:52,1600.0,38.1,B
2021-07-05T09:23:48,500.0,38.1,B
2021-07-05T09:23:45,2200.0,38.1,B
2021-07-05T09:23:43,400.0,38.1,B
2021-07-05T09:23:43,100.0,38.1,B
2021-07-05T09:23:42,100.0,38.05,S
2021-07-05T09:23:42,1900.0,38.1,B
2021-07-05T09:23:37,1900.0,38.1,B
2021-07-05T09:23:34,2200.0,38.1,B
2021-07-05T09:23:29,5300.0,38.1,S
2021-07-05T09:23:28,500.0,38.1,S
2021-07-05T09:23:28,500.0,38.1,S
2021-07-05T09:23:26,200.0,38.1,S
2021-07-05T09:23:26,6000.0,38.1,S
2021-07-05T09:23:26,500.0,38.1,S
2021-07-05T09:23:24,100.0,38.1,S
2021-07-05T09:23:23,900.0,38.1,S
2021-07-05T09:23:22,300.0,38.1,S
2021-07-05T09:23:16,10000.0,38.1,S
2021-07-05T09:23:14,2000.0,38.15,B
2021-07-05T09:23:12,8000.0,38.1,S
2021-07-05T09:23:10,21000.0,38.1,S
2021-07-05T09:23:08,1000.0,38.1,S
2021-07-05T09:23:07,10000.0,38.1,S
2021-07-05T09:23:06,200.0,38.15,B
2021-07-05T09:22:57,400.0,38.15,B
2021-07-05T09:22:44,200.0,38.15,B
2021-07-05T09:22:40,4000.0,38.15,B
2021-07-05T09:22:34,100.0,38.15,B
2021-07-05T09:22:34,300.0,38.15,B
2021-07-05T09:22:29,100.0,38.15,B
2021-07-05T09:22:29,200.0,38.15,B
2021-07-05T09:22:29,800.0,38.15,S
2021-07-05T09:22:27,100.0,38.15,S
2021-07-05T09:22:25,3500.0,38.15,S
2021-07-05T09:22:24,100.0,38.15,S
2021-07-05T09:22:13,700.0,38.15,S
2021-07-05T09:22:09,1000.0,38.15,S
2021-07-05T09:22:02,500.0,38.2,B
2021-07-05T09:22:02,100.0,38.15,S
2021-07-05T09:22:00,100.0,38.15,S
2021-07-05T09:21:59,400.0,38.15,S
2021-07-05T09:21:58,100.0,38.2,B
2021-07-05T09:21:57,10000.0,38.15,S
2021-07-05T09:21:50,500.0,38.15,S
2021-07-05T09:21:49,3000.0,38.2,B
2021-07-05T09:21:47,200.0,38.2,B
2021-07-05T09:21:44,500.0,38.2,B
2021-07-05T09:21:39,200.0,38.2,B
2021-07-05T09:21:35,200.0,38.2,B
2021-07-05T09:21:35,1000.0,38.2,B
2021-07-05T09:21:32,1000.0,38.2,B
2021-07-05T09:21:31,5000.0,38.2,B
2021-07-05T09:21:31,1500.0,38.15,S
2021-07-05T09:21:29,600.0,38.2,B
2021-07-05T09:21:20,6700.0,38.2,B
2021-07-05T09:21:17,200.0,38.2,B
2021-07-05T09:21:17,100.0,38.2,B
2021-07-05T09:21:15,200.0,38.2,S
2021-07-05T09:21:10,19300.0,38.15,S
2021-07-05T09:21:08,100.0,38.25,S
2021-07-05T09:21:08,10000.0,38.25,S
2021-07-05T09:21:07,4200.0,38.2,B
2021-07-05T09:21:04,2300.0,38.15,S
2021-07-05T09:21:04,5500.0,38.15,S
2021-07-05T09:21:04,2200.0,38.15,S
2021-07-05T09:21:03,100.0,38.2,B
2021-07-05T09:21:03,1400.0,38.2,B
2021-07-05T09:20:58,200.0,38.2,B
2021-07-05T09:20:57,500.0,38.15,S
2021-07-05T09:20:55,2200.0,38.2,S
2021-07-05T09:20:50,600.0,38.3,B
2021-07-05T09:20:50,2400.0,38.3,B
2021-07-05T09:20:46,1000.0,38.3,B
2021-07-05T09:20:44,2000.0,38.2,S
2021-07-05T09:20:38,2500.0,38.2,B
2021-07-05T09:20:37,12100.0,38.2,S
2021-07-05T09:20:37,3500.0,38.2,S
2021-07-05T09:20:37,35700.0,38.2,S
2021-07-05T09:20:34,800.0,38.2,S
2021-07-05T09:20:34,500.0,38.3,B
2021-07-05T09:20:34,11100.0,38.3,B
2021-07-05T09:20:33,4400.0,38.3,B
2021-07-05T09:20:33,14000.0,38.3,B
2021-07-05T09:20:30,1000.0,38.25,B
2021-07-05T09:20:19,300.0,38.2,S
2021-07-05T09:20:18,5000.0,38.2,S
2021-07-05T09:20:13,4500.0,38.3,B
2021-07-05T09:20:13,1000.0,38.3,B
2021-07-05T09:20:13,8200.0,38.3,B
2021-07-05T09:20:13,36300.0,38.25,B
2021-07-05T09:20:09,1200.0,38.25,B
2021-07-05T09:20:09,3800.0,38.25,B
2021-07-05T09:20:06,500.0,38.2,S
2021-07-05T09:20:01,1000.0,38.2,S
2021-07-05T09:19:57,1000.0,38.2,S
2021-07-05T09:19:56,1200.0,38.25,B
2021-07-05T09:19:53,400.0,38.2,S
2021-07-05T09:19:52,2600.0,38.2,S
2021-07-05T09:19:48,5000.0,38.15,S
2021-07-05T09:19:47,2200.0,38.2,S
2021-07-05T09:19:44,13500.0,38.2,B
2021-07-05T09:19:40,300.0,38.2,B
2021-07-05T09:19:35,200.0,38.2,B
2021-07-05T09:19:32,800.0,38.2,B
2021-07-05T09:19:32,200.0,38.2,B
2021-07-05T09:19:29,1000.0,38.2,B
2021-07-05T09:19:28,1000.0,38.2,B
2021-07-05T09:19:27,1000.0,38.2,B
2021-07-05T09:19:27,500.0,38.2,B
2021-07-05T09:19:25,500.0,38.2,B
2021-07-05T09:19:25,1000.0,38.2,B
2021-07-05T09:19:14,3000.0,38.2,B
2021-07-05T09:19:13,200.0,38.15,S
2021-07-05T09:19:11,5000.0,38.2,B
2021-07-05T09:19:10,200.0,38.2,B
2021-07-05T09:19:08,200.0,38.2,B
2021-07-05T09:19:08,400.0,38.2,B
2021-07-05T09:19:07,100.0,38.15,S
2021-07-05T09:19:02,500.0,38.2,B
2021-07-05T09:18:58,1100.0,38.2,B
2021-07-05T09:18:58,1900.0,38.2,B
2021-07-05T09:18:58,100.0,38.15,S
2021-07-05T09:18:51,300.0,38.15,S
2021-07-05T09:18:45,6400.0,38.15,B
2021-07-05T09:18:43,500.0,38.15,B
2021-07-05T09:18:40,500.0,38.15,B
2021-07-05T09:18:40,300.0,38.15,B
2021-07-05T09:18:36,2900.0,38.15,S
2021-07-05T09:18:35,400.0,38.15,S
2021-07-05T09:18:33,100.0,38.15,S
2021-07-05T09:18:31,600.0,38.15,B
2021-07-05T09:18:26,200.0,38.15,B
2021-07-05T09:18:20,200.0,38.15,B
2021-07-05T09:18:14,200.0,38.2,B
2021-07-05T09:18:14,200.0,38.1,S
2021-07-05T09:18:14,400.0,38.2,B
2021-07-05T09:18:12,300.0,38.1,S
2021-07-05T09:18:10,10000.0,38.2,B
2021-07-05T09:18:04,4600.0,38.0,S
2021-07-05T09:18:04,1700.0,38.0,S
2021-07-05T09:18:04,300.0,38.0,S
2021-07-05T09:18:04,200.0,38.0,S
2021-07-05T09:18:04,1500.0,38.05,S
2021-07-05T09:18:04,1000.0,38.1,S
2021-07-05T09:18:04,700.0,38.1,S
2021-07-05T09:18:02,5000.0,38.1,S
2021-07-05T09:17:57,200.0,38.1,B
2021-07-05T09:17:57,5200.0,38.1,B
2021-07-05T09:17:57,6400.0,38.1,B
2021-07-05T09:17:57,500.0,38.1,B
2021-07-05T09:17:57,14000.0,38.1,B
2021-07-05T09:17:56,200.0,38.1,B
2021-07-05T09:17:55,2000.0,38.1,B
2021-07-05T09:17:55,500.0,38.1,B
2021-07-05T09:17:50,1000.0,38.1,B
2021-07-05T09:17:47,500.0,38.1,B
2021-07-05T09:17:46,500.0,38.1,B
2021-07-05T09:17:44,1500.0,38.05,S
2021-07-05T09:17:44,500.0,38.05,B
2021-07-05T09:17:41,100.0,38.1,B
2021-07-05T09:17:36,100.0,38.1,B
2021-07-05T09:17:35,1300.0,38.1,B
2021-07-05T09:17:34,200.0,38.1,B
2021-07-05T09:17:32,4300.0,38.0,S
2021-07-05T09:17:32,700.0,38.05,S
2021-07-05T09:17:32,100.0,38.05,S
2021-07-05T09:17:31,1000.0,38.05,S
2021-07-05T09:17:27,300.0,38.1,B
2021-07-05T09:17:26,100.0,38.1,B
2021-07-05T09:17:18,300.0,38.05,B
2021-07-05T09:17:12,100.0,38.05,B
2021-07-05T09:17:09,200.0,38.05,B
2021-07-05T09:17:07,1000.0,38.0,S
2021-07-05T09:17:06,500.0,38.05,B
2021-07-05T09:17:00,500.0,38.1,B
2021-07-05T09:16:58,500.0,37.9,S
2021-07-05T09:16:58,5200.0,37.9,S
2021-07-05T09:16:58,7100.0,37.9,S
2021-07-05T09:16:49,2200.0,38.2,B
2021-07-05T09:16:49,1700.0,38.2,B
2021-07-05T09:16:49,15900.0,38.2,B
2021-07-05T09:16:43,1000.0,38.1,B
2021-07-05T09:16:42,500.0,38.0,B
2021-07-05T09:16:41,9600.0,38.0,S
2021-07-05T09:16:38,6000.0,38.0,S
2021-07-05T09:16:34,1000.0,38.1,B
2021-07-05T09:16:31,100.0,38.0,S
2021-07-05T09:16:29,2700.0,38.0,S
2021-07-05T09:16:29,5000.0,38.1,B
2021-07-05T09:16:20,100.0,38.0,S
2021-07-05T09:16:14,15400.0,38.0,B
2021-07-05T09:16:13,3000.0,38.0,B
2021-07-05T09:16:12,1600.0,38.0,B
2021-07-05T09:16:11,200.0,38.0,B
2021-07-05T09:16:10,400.0,37.9,S
2021-07-05T09:16:09,500.0,38.0,B
2021-07-05T09:16:02,500.0,38.0,B
2021-07-05T09:16:00,300.0,38.0,B
2021-07-05T09:15:57,300.0,38.0,B
2021-07-05T09:15:57,500.0,38.0,B
2021-07-05T09:15:53,500.0,38.0,B
2021-07-05T09:15:52,200.0,38.0,B
2021-07-05T09:15:49,1500.0,38.0,B
2021-07-05T09:15:48,4000.0,38.0,B
2021-07-05T09:15:47,100.0,38.0,B
2021-07-05T09:15:46,100.0,38.0,S
2021-07-05T09:15:46,1200.0,38.0,S
2021-07-05T09:15:46,1300.0,38.0,S
2021-07-05T09:15:44,5000.0,38.0,S
2021-07-05T09:15:41,500.0,38.0,S
2021-07-05T09:15:41,6500.0,38.0,S
2021-07-05T09:15:34,400.0,38.0,S
2021-07-05T09:15:34,1000.0,38.1,B
2021-07-05T09:15:34,100.0,38.05,B
2021-07-05T09:15:32,300.0,38.05,S
2021-07-05T09:15:30,1000.0,38.1,B
2021-07-05T09:15:25,100.0,38.05,B
