tradingTime,volume,price,side
2021-07-05T10:53:38,100.0,112.5,S
2021-07-05T10:53:33,100.0,112.7,B
2021-07-05T10:53:26,100.0,112.5,S
2021-07-05T10:53:23,100.0,112.7,B
2021-07-05T10:52:53,500.0,112.5,S
2021-07-05T10:52:49,100.0,112.5,S
2021-07-05T10:52:40,1000.0,112.5,B
2021-07-05T10:52:07,200.0,112.5,S
2021-07-05T10:52:04,100.0,112.5,B
2021-07-05T10:52:02,1000.0,112.1,S
2021-07-05T10:51:59,500.0,112.5,B
2021-07-05T10:51:58,4500.0,112.1,B
2021-07-05T10:51:55,500.0,112.1,B
2021-07-05T10:51:53,500.0,112.1,B
2021-07-05T10:51:50,600.0,112.1,B
2021-07-05T10:51:50,1000.0,112.1,B
2021-07-05T10:51:49,3000.0,112.1,B
2021-07-05T10:51:46,100.0,112.1,B
2021-07-05T10:51:39,3100.0,112.1,B
2021-07-05T10:51:37,100.0,112.0,S
2021-07-05T10:51:22,2300.0,112.0,B
2021-07-05T10:51:22,900.0,112.0,B
2021-07-05T10:51:22,600.0,112.0,B
2021-07-05T10:51:22,5600.0,112.0,B
2021-07-05T10:51:10,1000.0,112.0,B
2021-07-05T10:45:26,1000.0,112.0,B
2021-07-05T10:45:25,100.0,111.0,S
2021-07-05T10:45:24,1100.0,112.0,B
2021-07-05T10:45:19,2000.0,111.0,S
2021-07-05T10:45:15,1300.0,112.0,B
2021-07-05T10:45:11,200.0,112.0,B
2021-07-05T10:45:04,1400.0,112.0,B
2021-07-05T10:45:03,400.0,112.0,B
2021-07-05T10:45:03,400.0,111.8,B
2021-07-05T10:44:56,400.0,112.0,B
2021-07-05T10:44:50,300.0,112.0,S
2021-07-05T10:44:46,400.0,112.1,B
2021-07-05T10:44:45,4900.0,112.0,S
2021-07-05T10:44:45,300.0,112.1,B
2021-07-05T10:44:41,4800.0,112.0,B
2021-07-05T10:44:40,5000.0,112.0,B
2021-07-05T10:44:32,400.0,112.0,B
2021-07-05T10:44:26,200.0,112.0,B
2021-07-05T10:44:26,200.0,111.9,B
2021-07-05T10:44:23,200.0,111.0,S
2021-07-05T10:44:23,100.0,111.8,S
2021-07-05T10:44:22,400.0,111.8,B
2021-07-05T10:44:20,2900.0,111.0,S
2021-07-05T10:44:20,100.0,111.0,S
2021-07-05T10:44:20,600.0,111.0,S
2021-07-05T10:44:20,1100.0,111.0,S
2021-07-05T10:44:20,500.0,111.0,S
2021-07-05T10:44:20,200.0,111.0,S
2021-07-05T10:44:20,100.0,111.0,S
2021-07-05T10:44:20,700.0,111.0,S
2021-07-05T10:44:20,1100.0,111.1,S
2021-07-05T10:44:20,200.0,111.2,S
2021-07-05T10:44:20,700.0,111.5,S
2021-07-05T10:44:20,300.0,111.5,S
2021-07-05T10:44:20,200.0,111.5,S
2021-07-05T10:44:20,1000.0,111.5,S
2021-07-05T10:44:20,200.0,111.5,S
2021-07-05T10:44:20,100.0,111.5,S
2021-07-05T10:44:20,5000.0,111.5,S
2021-07-05T10:44:15,300.0,111.8,B
2021-07-05T10:44:13,400.0,111.8,B
2021-07-05T10:44:13,100.0,111.8,B
2021-07-05T10:44:13,100.0,111.8,B
2021-07-05T10:44:12,200.0,111.8,B
2021-07-05T10:44:10,200.0,111.8,B
2021-07-05T10:44:08,400.0,111.8,B
2021-07-05T10:44:05,1000.0,111.8,S
2021-07-05T10:43:59,400.0,111.9,B
2021-07-05T10:43:53,200.0,111.7,S
2021-07-05T10:43:52,200.0,111.8,B
2021-07-05T10:43:44,900.0,111.7,S
2021-07-05T10:43:43,600.0,111.9,B
2021-07-05T10:43:43,500.0,111.9,B
2021-07-05T10:43:41,1000.0,111.7,S
2021-07-05T10:43:40,400.0,111.9,S
2021-07-05T10:43:28,100.0,111.9,S
2021-07-05T10:43:20,400.0,111.9,S
2021-07-05T10:43:05,200.0,111.9,S
2021-07-05T10:43:02,4100.0,112.0,B
2021-07-05T10:42:55,600.0,112.0,B
2021-07-05T10:42:44,200.0,111.9,S
2021-07-05T10:42:34,800.0,112.0,B
2021-07-05T10:42:33,200.0,112.0,S
2021-07-05T10:42:33,1500.0,112.0,S
2021-07-05T10:42:29,200.0,112.0,S
2021-07-05T10:42:26,800.0,112.0,S
2021-07-05T10:42:26,800.0,112.0,S
2021-07-05T10:42:26,100.0,112.0,S
2021-07-05T10:42:26,300.0,112.0,S
2021-07-05T10:42:26,3300.0,112.0,S
2021-07-05T10:42:26,100.0,112.0,S
2021-07-05T10:42:26,4600.0,112.0,S
2021-07-05T10:42:19,100.0,112.1,B
2021-07-05T10:42:19,1100.0,112.0,S
2021-07-05T10:42:19,500.0,112.0,S
2021-07-05T10:42:19,400.0,112.0,S
2021-07-05T10:42:17,100.0,112.0,S
2021-07-05T10:42:17,700.0,112.0,S
2021-07-05T10:42:17,1000.0,112.0,S
2021-07-05T10:42:13,5900.0,112.0,S
2021-07-05T10:42:13,700.0,112.0,S
2021-07-05T10:42:13,3500.0,112.0,S
2021-07-05T10:42:11,2000.0,112.0,S
2021-07-05T10:41:55,3000.0,112.0,S
2021-07-05T10:41:55,100.0,112.0,S
2021-07-05T10:41:52,1000.0,112.0,S
2021-07-05T10:41:45,1000.0,112.0,S
2021-07-05T10:41:41,100.0,112.1,B
2021-07-05T10:41:36,3900.0,112.0,S
2021-07-05T10:41:36,300.0,112.0,S
2021-07-05T10:41:36,800.0,112.0,S
2021-07-05T10:41:32,200.0,112.0,S
2021-07-05T10:41:29,500.0,112.0,S
2021-07-05T10:41:26,100.0,112.1,B
2021-07-05T10:41:23,1000.0,112.0,S
2021-07-05T10:41:18,1500.0,112.0,S
2021-07-05T10:41:11,300.0,112.0,S
2021-07-05T10:41:04,300.0,112.1,B
2021-07-05T10:41:04,400.0,112.0,S
2021-07-05T10:41:04,400.0,112.0,S
2021-07-05T10:41:04,3100.0,112.0,S
2021-07-05T10:41:00,100.0,112.1,B
2021-07-05T10:40:56,1000.0,112.0,S
2021-07-05T10:40:50,200.0,112.0,S
2021-07-05T10:40:49,100.0,112.0,S
2021-07-05T10:40:46,200.0,112.1,B
2021-07-05T10:40:40,800.0,112.0,S
2021-07-05T10:40:35,200.0,112.1,S
2021-07-05T10:40:33,2000.0,112.0,S
2021-07-05T10:40:23,4900.0,112.1,S
2021-07-05T10:40:19,1000.0,112.1,S
2021-07-05T10:40:16,1300.0,112.2,S
2021-07-05T10:40:11,100.0,112.9,B
2021-07-05T10:39:57,4500.0,112.2,S
2021-07-05T10:39:52,100.0,112.2,S
2021-07-05T10:39:44,1000.0,112.2,S
2021-07-05T10:39:42,2500.0,112.2,S
2021-07-05T10:39:32,1000.0,112.2,S
2021-07-05T10:39:30,100.0,113.0,B
2021-07-05T10:39:30,3800.0,112.2,S
2021-07-05T10:39:30,100.0,112.3,S
2021-07-05T10:39:30,1100.0,112.3,S
2021-07-05T10:39:22,800.0,112.3,S
2021-07-05T10:39:15,200.0,112.3,S
2021-07-05T10:39:05,100.0,113.0,B
2021-07-05T10:39:05,300.0,112.3,S
2021-07-05T10:39:05,300.0,112.3,S
2021-07-05T10:39:02,3000.0,112.3,S
2021-07-05T10:38:58,2000.0,112.3,S
2021-07-05T10:38:52,200.0,112.3,S
2021-07-05T10:38:43,5000.0,113.0,B
2021-07-05T10:38:42,1000.0,112.3,S
2021-07-05T10:38:42,300.0,112.9,B
2021-07-05T10:38:34,6300.0,112.3,S
2021-07-05T10:38:30,1100.0,112.3,S
2021-07-05T10:38:30,600.0,112.3,S
2021-07-05T10:38:25,100.0,112.7,B
2021-07-05T10:38:20,3200.0,112.3,S
2021-07-05T10:38:20,800.0,112.4,S
2021-07-05T10:38:20,2900.0,112.4,S
2021-07-05T10:38:20,200.0,112.5,S
2021-07-05T10:38:20,600.0,112.5,S
2021-07-05T10:38:20,100.0,112.5,S
2021-07-05T10:38:20,2200.0,112.5,S
2021-07-05T10:38:19,400.0,112.7,B
2021-07-05T10:38:13,100.0,112.9,B
2021-07-05T10:38:09,700.0,112.5,S
2021-07-05T10:38:09,1000.0,112.5,S
2021-07-05T10:38:09,400.0,112.5,S
2021-07-05T10:38:09,400.0,112.5,S
2021-07-05T10:38:09,2500.0,112.5,S
2021-07-05T10:38:06,500.0,112.9,B
2021-07-05T10:38:04,500.0,112.7,S
2021-07-05T10:38:04,200.0,112.7,S
2021-07-05T10:38:04,500.0,112.7,S
2021-07-05T10:38:04,100.0,112.8,S
2021-07-05T10:38:04,2500.0,112.8,S
2021-07-05T10:37:50,100.0,113.0,S
2021-07-05T10:37:50,2400.0,113.0,S
2021-07-05T10:37:49,900.0,113.0,S
2021-07-05T10:37:47,1100.0,113.0,S
2021-07-05T10:37:44,400.0,113.0,S
2021-07-05T10:37:42,1000.0,113.0,S
2021-07-05T10:37:42,500.0,113.0,S
2021-07-05T10:37:40,700.0,113.0,S
2021-07-05T10:37:35,100.0,113.0,S
2021-07-05T10:37:30,2000.0,113.0,S
2021-07-05T10:37:30,100.0,113.2,B
2021-07-05T10:37:24,300.0,113.2,B
2021-07-05T10:36:41,100.0,113.0,S
2021-07-05T10:36:38,100.0,113.2,B
2021-07-05T10:36:24,100.0,113.0,S
2021-07-05T10:36:14,100.0,113.0,S
2021-07-05T10:35:38,100.0,113.2,S
2021-07-05T10:35:20,100.0,113.4,B
2021-07-05T10:35:17,1000.0,113.0,S
2021-07-05T10:35:09,200.0,113.0,S
2021-07-05T10:35:05,200.0,113.0,S
2021-07-05T10:35:04,1800.0,113.0,S
2021-07-05T10:35:02,1100.0,113.3,B
2021-07-05T10:35:00,700.0,113.3,B
2021-07-05T10:34:54,200.0,113.0,S
2021-07-05T10:34:50,2000.0,113.0,S
2021-07-05T10:34:38,200.0,113.0,S
2021-07-05T10:34:33,500.0,113.0,S
2021-07-05T10:34:17,2000.0,113.3,B
2021-07-05T10:34:05,2000.0,113.0,S
2021-07-05T10:33:58,500.0,113.0,S
2021-07-05T10:33:56,500.0,113.3,B
2021-07-05T10:33:47,1000.0,113.3,B
2021-07-05T10:33:44,300.0,113.3,B
2021-07-05T10:33:29,2000.0,113.0,S
2021-07-05T10:33:21,100.0,113.3,B
2021-07-05T10:32:23,500.0,113.3,B
2021-07-05T10:32:02,10000.0,113.0,S
2021-07-05T10:31:57,1100.0,113.3,B
2021-07-05T10:30:57,1000.0,113.4,B
2021-07-05T10:30:06,300.0,113.4,B
2021-07-05T10:29:49,100.0,113.3,S
2021-07-05T10:29:21,100.0,113.3,B
2021-07-05T10:29:09,100.0,113.3,B
2021-07-05T10:28:48,800.0,113.3,S
2021-07-05T10:28:12,500.0,113.5,B
2021-07-05T10:28:10,300.0,113.3,S
2021-07-05T10:27:51,100.0,113.4,B
2021-07-05T10:27:22,1700.0,113.5,B
2021-07-05T10:27:22,500.0,113.5,B
2021-07-05T10:27:22,1500.0,113.5,B
2021-07-05T10:27:22,900.0,113.5,B
2021-07-05T10:27:22,2900.0,113.5,B
2021-07-05T10:26:38,200.0,113.5,B
2021-07-05T10:26:25,300.0,113.5,B
2021-07-05T10:26:13,1000.0,113.5,B
2021-07-05T10:25:55,100.0,113.5,B
2021-07-05T10:25:32,500.0,113.4,S
2021-07-05T10:25:24,200.0,113.5,B
2021-07-05T10:25:23,200.0,113.4,B
2021-07-05T10:25:23,9700.0,113.4,B
2021-07-05T10:25:23,2000.0,113.4,B
2021-07-05T10:25:23,2100.0,113.4,B
2021-07-05T10:25:23,2600.0,113.4,B
2021-07-05T10:25:23,500.0,113.4,B
2021-07-05T10:25:23,200.0,113.3,B
2021-07-05T10:25:02,100.0,113.3,B
2021-07-05T10:24:48,800.0,113.3,S
2021-07-05T10:23:53,100.0,113.3,S
2021-07-05T10:23:50,100.0,113.3,S
2021-07-05T10:23:45,500.0,113.3,B
2021-07-05T10:23:45,5000.0,113.3,B
2021-07-05T10:23:45,5500.0,113.3,B
2021-07-05T10:23:43,100.0,113.1,B
2021-07-05T10:23:43,3900.0,113.1,S
2021-07-05T10:23:40,5000.0,113.2,B
2021-07-05T10:23:13,100.0,113.2,B
2021-07-05T10:22:57,100.0,113.2,S
2021-07-05T10:22:46,300.0,113.3,B
2021-07-05T10:22:43,200.0,113.3,S
2021-07-05T10:22:25,100.0,113.4,B
2021-07-05T10:22:25,1000.0,113.4,B
2021-07-05T10:22:24,2000.0,113.3,S
2021-07-05T10:21:27,500.0,113.4,B
2021-07-05T10:21:15,500.0,113.4,B
2021-07-05T10:21:15,9100.0,113.4,B
2021-07-05T10:21:15,1400.0,113.4,B
2021-07-05T10:21:15,100.0,113.4,B
2021-07-05T10:21:15,3900.0,113.4,B
2021-07-05T10:21:08,700.0,113.4,B
2021-07-05T10:21:08,2400.0,113.4,B
2021-07-05T10:21:08,1600.0,113.3,B
2021-07-05T10:21:08,200.0,113.3,B
2021-07-05T10:21:08,100.0,113.3,B
2021-07-05T10:20:53,100.0,113.3,B
2021-07-05T10:20:51,200.0,113.1,S
2021-07-05T10:20:40,5000.0,113.1,S
2021-07-05T10:20:37,100.0,113.2,S
2021-07-05T10:20:28,800.0,113.2,S
2021-07-05T10:20:22,2000.0,113.3,B
2021-07-05T10:19:32,100.0,113.3,B
2021-07-05T10:19:26,700.0,113.3,B
2021-07-05T10:19:26,4300.0,113.3,B
2021-07-05T10:19:22,800.0,113.2,B
2021-07-05T10:19:18,200.0,113.2,S
2021-07-05T10:19:04,300.0,113.3,B
2021-07-05T10:18:53,400.0,113.3,S
2021-07-05T10:18:35,100.0,113.4,B
2021-07-05T10:18:31,1000.0,113.3,S
2021-07-05T10:18:29,100.0,113.4,B
2021-07-05T10:17:42,1000.0,113.4,B
2021-07-05T10:17:03,1000.0,113.4,B
2021-07-05T10:16:44,100.0,113.4,B
2021-07-05T10:16:34,400.0,113.4,B
2021-07-05T10:16:13,100.0,113.5,B
2021-07-05T10:15:47,200.0,113.4,S
2021-07-05T10:15:46,100.0,113.5,B
2021-07-05T10:15:27,300.0,113.5,B
2021-07-05T10:14:40,100.0,113.5,B
2021-07-05T10:14:35,300.0,113.5,B
2021-07-05T10:14:30,300.0,113.5,B
2021-07-05T10:14:18,2400.0,113.4,B
2021-07-05T10:14:18,1000.0,113.4,B
2021-07-05T10:14:18,2300.0,113.4,B
2021-07-05T10:14:18,500.0,113.4,B
2021-07-05T10:14:18,1700.0,113.4,B
2021-07-05T10:14:18,6600.0,113.4,B
2021-07-05T10:14:08,300.0,113.3,S
2021-07-05T10:13:53,500.0,113.3,B
2021-07-05T10:12:50,5000.0,113.3,B
2021-07-05T10:12:50,200.0,113.0,S
2021-07-05T10:12:40,100.0,113.3,B
2021-07-05T10:12:34,200.0,113.3,B
2021-07-05T10:12:19,4900.0,113.0,B
2021-07-05T10:12:17,100.0,112.9,S
2021-07-05T10:12:13,1500.0,113.0,B
2021-07-05T10:12:12,500.0,113.0,B
2021-07-05T10:11:46,300.0,113.0,B
2021-07-05T10:11:39,100.0,113.0,B
2021-07-05T10:11:38,500.0,113.0,B
2021-07-05T10:11:38,500.0,113.0,B
2021-07-05T10:11:19,2700.0,113.0,S
2021-07-05T10:10:33,200.0,113.0,S
2021-07-05T10:10:26,2500.0,113.0,B
2021-07-05T10:10:14,300.0,112.9,S
2021-07-05T10:10:12,300.0,113.0,B
2021-07-05T10:10:10,1000.0,113.0,B
2021-07-05T10:09:03,100.0,113.0,B
2021-07-05T10:08:43,200.0,112.9,B
2021-07-05T10:08:28,100.0,112.9,B
2021-07-05T10:08:23,100.0,112.9,B
2021-07-05T10:08:07,300.0,112.9,B
2021-07-05T10:07:43,500.0,112.9,B
2021-07-05T10:07:24,5000.0,112.9,B
2021-07-05T10:06:57,100.0,112.9,B
2021-07-05T10:06:25,5000.0,112.9,B
2021-07-05T10:06:03,1000.0,112.8,S
2021-07-05T10:05:48,1900.0,112.8,S
2021-07-05T10:05:48,200.0,112.8,S
2021-07-05T10:05:43,100.0,112.8,S
2021-07-05T10:05:39,800.0,112.8,S
2021-07-05T10:05:08,100.0,112.9,B
2021-07-05T10:05:08,200.0,112.9,B
2021-07-05T10:05:04,2000.0,112.9,B
2021-07-05T10:05:03,100.0,112.9,B
2021-07-05T10:04:57,500.0,112.9,B
2021-07-05T10:04:57,3600.0,112.8,S
2021-07-05T10:04:57,500.0,112.8,S
2021-07-05T10:04:57,500.0,112.8,S
2021-07-05T10:04:57,100.0,112.8,S
2021-07-05T10:04:57,300.0,112.8,S
2021-07-05T10:04:29,100.0,112.9,B
2021-07-05T10:04:26,300.0,112.9,B
2021-07-05T10:04:23,100.0,112.9,B
2021-07-05T10:03:59,200.0,112.9,B
2021-07-05T10:03:55,1400.0,112.9,S
2021-07-05T10:03:45,100.0,112.9,S
2021-07-05T10:03:45,1200.0,112.9,S
2021-07-05T10:03:40,1200.0,112.9,S
2021-07-05T10:03:29,1000.0,112.9,S
2021-07-05T10:03:25,500.0,112.9,S
2021-07-05T10:02:53,1400.0,112.9,S
2021-07-05T10:02:53,1200.0,112.9,S
2021-07-05T10:02:53,700.0,112.9,S
2021-07-05T10:02:53,700.0,112.9,S
2021-07-05T10:02:35,100.0,112.9,S
2021-07-05T10:02:33,100.0,113.0,B
2021-07-05T10:02:33,5000.0,113.0,B
2021-07-05T10:02:33,2100.0,113.0,B
2021-07-05T10:02:33,1000.0,113.0,B
2021-07-05T10:02:33,3800.0,113.0,B
2021-07-05T10:02:14,100.0,113.0,B
2021-07-05T10:01:07,100.0,112.9,S
2021-07-05T10:00:58,1500.0,113.0,B
2021-07-05T10:00:56,600.0,112.9,S
2021-07-05T10:00:46,9400.0,112.9,S
2021-07-05T10:00:46,300.0,112.9,S
2021-07-05T10:00:46,300.0,112.9,S
2021-07-05T10:00:46,300.0,113.0,B
2021-07-05T10:00:43,5200.0,112.9,S
2021-07-05T10:00:30,1000.0,113.0,B
2021-07-05T10:00:17,100.0,113.0,B
2021-07-05T10:00:05,100.0,112.9,S
2021-07-05T10:00:01,100.0,113.0,B
2021-07-05T09:59:53,5000.0,113.0,B
2021-07-05T09:59:47,100.0,113.0,B
2021-07-05T09:59:44,100.0,113.0,B
2021-07-05T09:59:08,100.0,113.0,B
2021-07-05T09:59:07,100.0,113.0,B
2021-07-05T09:59:00,200.0,113.0,B
2021-07-05T09:58:58,1000.0,113.0,B
2021-07-05T09:58:48,100.0,113.0,B
2021-07-05T09:58:39,500.0,113.0,S
2021-07-05T09:58:39,2000.0,113.0,S
2021-07-05T09:58:32,1000.0,113.0,S
2021-07-05T09:58:28,1100.0,113.0,S
2021-07-05T09:58:27,800.0,113.0,S
2021-07-05T09:58:20,100.0,113.0,S
2021-07-05T09:58:16,1500.0,113.0,S
2021-07-05T09:57:15,100.0,113.0,S
2021-07-05T09:57:15,5000.0,113.0,S
2021-07-05T09:57:07,200.0,113.1,B
2021-07-05T09:56:55,1300.0,113.0,S
2021-07-05T09:56:48,2600.0,113.0,S
2021-07-05T09:56:33,1300.0,113.0,S
2021-07-05T09:56:10,100.0,113.1,B
2021-07-05T09:55:53,5000.0,113.0,S
2021-07-05T09:55:41,600.0,113.0,S
2021-07-05T09:55:36,1000.0,113.0,S
2021-07-05T09:55:25,900.0,113.0,S
2021-07-05T09:55:25,100.0,113.0,S
2021-07-05T09:55:17,2200.0,113.0,S
2021-07-05T09:55:12,200.0,113.1,B
2021-07-05T09:54:59,1200.0,113.0,S
2021-07-05T09:54:59,100.0,113.0,S
2021-07-05T09:54:59,200.0,113.0,S
2021-07-05T09:54:58,1500.0,113.3,B
2021-07-05T09:54:48,800.0,113.1,S
2021-07-05T09:54:32,700.0,113.1,S
2021-07-05T09:54:15,100.0,113.3,B
2021-07-05T09:54:14,200.0,113.2,B
2021-07-05T09:53:49,3000.0,113.3,B
2021-07-05T09:53:47,100.0,113.3,B
2021-07-05T09:53:32,100.0,113.3,B
2021-07-05T09:53:27,200.0,113.3,B
2021-07-05T09:53:24,200.0,113.3,B
2021-07-05T09:53:14,300.0,113.3,B
2021-07-05T09:52:46,1000.0,113.4,B
2021-07-05T09:52:30,2000.0,113.4,B
2021-07-05T09:52:05,100.0,113.4,B
2021-07-05T09:51:20,1700.0,113.3,B
2021-07-05T09:51:20,100.0,113.3,B
2021-07-05T09:51:20,800.0,113.3,B
2021-07-05T09:51:11,200.0,113.1,S
2021-07-05T09:51:09,2000.0,113.3,B
2021-07-05T09:50:36,100.0,113.3,B
2021-07-05T09:49:54,100.0,113.3,S
2021-07-05T09:49:51,500.0,113.3,S
2021-07-05T09:49:47,1600.0,113.3,B
2021-07-05T09:49:47,3000.0,113.3,B
2021-07-05T09:49:25,100.0,113.1,S
2021-07-05T09:49:02,1500.0,113.1,S
2021-07-05T09:49:00,2000.0,113.1,S
2021-07-05T09:48:56,200.0,113.3,B
2021-07-05T09:48:39,700.0,113.3,B
2021-07-05T09:48:38,100.0,113.3,B
2021-07-05T09:48:00,100.0,113.3,B
2021-07-05T09:47:55,600.0,113.0,S
2021-07-05T09:47:34,3700.0,112.8,S
2021-07-05T09:47:34,6300.0,112.9,S
2021-07-05T09:47:27,3700.0,112.9,S
2021-07-05T09:47:27,500.0,113.0,S
2021-07-05T09:47:27,5800.0,113.0,S
2021-07-05T09:47:20,300.0,113.0,S
2021-07-05T09:47:07,100.0,113.4,B
2021-07-05T09:46:08,200.0,113.4,B
2021-07-05T09:46:05,100.0,113.0,B
2021-07-05T09:46:05,100.0,113.0,B
2021-07-05T09:46:05,200.0,113.0,B
2021-07-05T09:46:05,7200.0,113.0,B
2021-07-05T09:45:52,300.0,113.0,B
2021-07-05T09:45:28,1400.0,113.0,B
2021-07-05T09:45:19,300.0,112.9,B
2021-07-05T09:45:09,100.0,112.9,S
2021-07-05T09:45:09,4500.0,112.9,S
2021-07-05T09:45:02,2000.0,112.9,S
2021-07-05T09:44:43,100.0,113.0,B
2021-07-05T09:44:41,2000.0,113.0,B
2021-07-05T09:44:40,2000.0,113.0,B
2021-07-05T09:44:39,100.0,113.0,B
2021-07-05T09:44:36,1700.0,113.0,S
2021-07-05T09:44:20,100.0,113.0,S
2021-07-05T09:44:20,800.0,113.0,B
2021-07-05T09:44:16,2000.0,112.9,S
2021-07-05T09:44:13,1000.0,113.0,B
2021-07-05T09:44:09,200.0,113.0,B
2021-07-05T09:44:06,100.0,112.9,S
2021-07-05T09:43:55,100.0,113.0,B
2021-07-05T09:43:53,100.0,113.0,B
2021-07-05T09:43:52,800.0,113.0,S
2021-07-05T09:43:50,200.0,113.4,B
2021-07-05T09:43:46,200.0,113.0,S
2021-07-05T09:43:46,1100.0,113.0,B
2021-07-05T09:43:46,800.0,113.0,B
2021-07-05T09:43:46,300.0,113.0,B
2021-07-05T09:43:46,100.0,113.0,B
2021-07-05T09:43:46,1300.0,113.0,B
2021-07-05T09:43:46,500.0,113.0,B
2021-07-05T09:43:46,1700.0,113.0,B
2021-07-05T09:43:46,5300.0,113.0,B
2021-07-05T09:43:46,6100.0,113.0,B
2021-07-05T09:43:46,1800.0,113.0,B
2021-07-05T09:43:33,100.0,112.9,S
2021-07-05T09:43:20,1300.0,112.9,B
2021-07-05T09:43:09,200.0,112.9,B
2021-07-05T09:43:09,2400.0,112.8,B
2021-07-05T09:43:09,1100.0,112.8,B
2021-07-05T09:43:09,1200.0,112.8,B
2021-07-05T09:43:09,100.0,112.7,B
2021-07-05T09:42:46,100.0,112.8,S
2021-07-05T09:42:33,100.0,112.9,B
2021-07-05T09:42:30,100.0,112.9,B
2021-07-05T09:42:29,200.0,112.9,B
2021-07-05T09:42:24,400.0,112.9,B
2021-07-05T09:42:11,100.0,112.8,S
2021-07-05T09:41:49,200.0,112.9,B
2021-07-05T09:41:27,2000.0,112.5,S
2021-07-05T09:40:27,1000.0,113.0,B
2021-07-05T09:40:23,100.0,113.0,B
2021-07-05T09:40:09,1000.0,113.0,B
2021-07-05T09:40:09,100.0,112.5,S
2021-07-05T09:40:09,100.0,113.0,B
2021-07-05T09:39:50,100.0,113.0,B
2021-07-05T09:39:32,200.0,112.5,S
2021-07-05T09:39:28,100.0,112.5,S
2021-07-05T09:38:49,200.0,113.0,B
2021-07-05T09:38:34,100.0,113.0,B
2021-07-05T09:38:22,800.0,112.4,S
2021-07-05T09:38:10,100.0,113.0,B
2021-07-05T09:37:59,100.0,113.0,B
2021-07-05T09:37:44,400.0,112.3,S
2021-07-05T09:37:36,1000.0,113.0,B
2021-07-05T09:37:29,1000.0,113.0,B
2021-07-05T09:37:25,100.0,113.0,B
2021-07-05T09:37:12,800.0,112.2,S
2021-07-05T09:37:07,2400.0,113.0,B
2021-07-05T09:37:07,1400.0,113.0,B
2021-07-05T09:37:07,6200.0,113.0,B
2021-07-05T09:37:04,200.0,112.3,B
2021-07-05T09:37:00,200.0,112.3,B
2021-07-05T09:36:50,100.0,112.3,S
2021-07-05T09:36:47,600.0,112.9,B
2021-07-05T09:36:45,100.0,112.3,S
2021-07-05T09:36:27,100.0,112.3,S
2021-07-05T09:36:05,400.0,112.2,S
2021-07-05T09:36:05,900.0,112.2,S
2021-07-05T09:35:58,1400.0,112.2,S
2021-07-05T09:35:51,1300.0,112.2,S
2021-07-05T09:35:43,1300.0,112.2,S
2021-07-05T09:35:33,1100.0,112.2,S
2021-07-05T09:35:22,200.0,113.0,B
2021-07-05T09:35:00,1400.0,112.1,S
2021-07-05T09:34:45,300.0,112.0,S
2021-07-05T09:34:45,1100.0,112.0,S
2021-07-05T09:34:33,100.0,113.0,B
2021-07-05T09:34:14,200.0,113.0,B
2021-07-05T09:34:03,100.0,112.0,S
2021-07-05T09:34:03,4900.0,112.0,S
2021-07-05T09:34:03,200.0,112.0,S
2021-07-05T09:34:03,700.0,112.0,S
2021-07-05T09:34:03,100.0,112.0,S
2021-07-05T09:34:03,100.0,112.0,S
2021-07-05T09:34:03,1600.0,112.0,S
2021-07-05T09:34:03,500.0,112.0,S
2021-07-05T09:34:03,500.0,112.0,S
2021-07-05T09:34:03,1200.0,112.0,S
2021-07-05T09:34:03,2800.0,112.0,S
2021-07-05T09:34:03,500.0,112.0,S
2021-07-05T09:34:03,100.0,112.0,S
2021-07-05T09:34:03,1100.0,112.0,S
2021-07-05T09:34:03,1600.0,112.0,S
2021-07-05T09:34:03,1300.0,112.0,S
2021-07-05T09:34:03,5000.0,112.0,S
2021-07-05T09:34:03,100.0,112.0,S
2021-07-05T09:34:03,2500.0,112.0,S
2021-07-05T09:34:03,600.0,112.1,S
2021-07-05T09:34:03,1200.0,112.1,S
2021-07-05T09:34:03,300.0,112.2,S
2021-07-05T09:34:03,2900.0,112.2,S
2021-07-05T09:34:03,2300.0,112.5,S
2021-07-05T09:34:03,500.0,112.5,S
2021-07-05T09:34:03,4700.0,112.6,S
2021-07-05T09:34:03,1400.0,113.0,B
2021-07-05T09:33:57,1000.0,113.0,B
2021-07-05T09:33:52,300.0,113.0,B
2021-07-05T09:33:44,100.0,113.0,B
2021-07-05T09:33:44,200.0,113.0,B
2021-07-05T09:33:42,1000.0,113.0,B
2021-07-05T09:33:39,5000.0,113.0,B
2021-07-05T09:33:24,1400.0,113.0,B
2021-07-05T09:33:23,2200.0,113.0,S
2021-07-05T09:33:19,7800.0,113.0,B
2021-07-05T09:33:08,500.0,113.0,B
2021-07-05T09:32:59,100.0,113.0,S
2021-07-05T09:32:54,400.0,113.4,B
2021-07-05T09:32:34,1000.0,113.1,B
2021-07-05T09:32:17,100.0,113.0,B
2021-07-05T09:32:06,3800.0,112.2,S
2021-07-05T09:32:06,1200.0,112.2,S
2021-07-05T09:32:06,300.0,112.3,S
2021-07-05T09:32:06,500.0,112.3,S
2021-07-05T09:32:06,1500.0,112.5,S
2021-07-05T09:32:06,800.0,112.5,S
2021-07-05T09:32:06,500.0,112.5,S
2021-07-05T09:32:06,200.0,112.5,S
2021-07-05T09:32:06,200.0,112.5,S
2021-07-05T09:32:06,1500.0,112.5,S
2021-07-05T09:32:06,700.0,112.5,S
2021-07-05T09:32:06,800.0,112.5,S
2021-07-05T09:32:06,1200.0,112.5,S
2021-07-05T09:32:06,300.0,112.6,S
2021-07-05T09:32:06,500.0,112.6,S
2021-07-05T09:32:06,300.0,112.6,S
2021-07-05T09:32:06,5000.0,112.7,S
2021-07-05T09:32:06,500.0,112.9,S
2021-07-05T09:32:06,100.0,113.0,S
2021-07-05T09:32:06,800.0,113.0,S
2021-07-05T09:32:06,1100.0,113.0,S
2021-07-05T09:32:06,500.0,113.0,S
2021-07-05T09:32:06,6100.0,113.0,S
2021-07-05T09:32:06,1700.0,113.0,S
2021-07-05T09:30:54,100.0,113.0,S
2021-07-05T09:30:48,1200.0,113.0,S
2021-07-05T09:30:47,1000.0,113.0,S
2021-07-05T09:30:43,700.0,113.0,S
2021-07-05T09:30:39,300.0,113.0,S
2021-07-05T09:30:33,6900.0,113.0,B
2021-07-05T09:30:31,100.0,113.0,B
2021-07-05T09:30:29,100.0,113.0,B
2021-07-05T09:30:29,200.0,113.0,B
2021-07-05T09:30:26,100.0,113.0,B
2021-07-05T09:30:26,100.0,113.0,B
2021-07-05T09:30:25,1000.0,113.0,B
2021-07-05T09:30:10,200.0,113.0,B
2021-07-05T09:30:10,2000.0,113.0,B
2021-07-05T09:29:56,600.0,113.0,B
2021-07-05T09:29:52,500.0,113.0,B
2021-07-05T09:29:51,100.0,113.0,B
2021-07-05T09:29:39,100.0,113.0,B
2021-07-05T09:29:35,200.0,113.0,B
2021-07-05T09:29:27,100.0,113.0,B
2021-07-05T09:29:21,200.0,113.0,B
2021-07-05T09:29:21,100.0,113.0,B
2021-07-05T09:28:49,100.0,113.0,B
2021-07-05T09:28:29,1800.0,112.5,S
2021-07-05T09:28:24,5000.0,113.0,B
2021-07-05T09:28:17,100.0,113.0,B
2021-07-05T09:28:14,2200.0,113.0,S
2021-07-05T09:28:14,900.0,113.0,S
2021-07-05T09:28:02,100.0,113.1,S
2021-07-05T09:27:57,1300.0,113.4,B
2021-07-05T09:27:48,1000.0,113.4,B
2021-07-05T09:27:15,1100.0,112.5,S
2021-07-05T09:27:15,4100.0,112.5,S
2021-07-05T09:27:15,900.0,112.8,S
2021-07-05T09:27:15,100.0,112.8,S
2021-07-05T09:27:15,2800.0,113.0,S
2021-07-05T09:27:09,900.0,113.0,S
2021-07-05T09:27:09,100.0,113.0,S
2021-07-05T09:27:06,100.0,113.0,S
2021-07-05T09:27:06,500.0,113.0,S
2021-07-05T09:27:06,200.0,113.0,S
2021-07-05T09:27:05,1400.0,113.4,B
2021-07-05T09:26:51,1300.0,113.5,B
2021-07-05T09:26:45,1000.0,113.5,B
2021-07-05T09:26:40,100.0,113.0,S
2021-07-05T09:26:37,1300.0,113.5,B
2021-07-05T09:26:29,700.0,113.5,B
2021-07-05T09:26:29,600.0,113.5,B
2021-07-05T09:26:24,1000.0,113.5,B
2021-07-05T09:26:19,1300.0,113.5,B
2021-07-05T09:26:09,1000.0,113.5,B
2021-07-05T09:26:02,1100.0,113.5,B
2021-07-05T09:26:01,1300.0,113.4,B
2021-07-05T09:25:53,1400.0,113.5,B
2021-07-05T09:25:52,200.0,113.0,S
2021-07-05T09:25:36,1300.0,113.5,B
2021-07-05T09:25:26,200.0,113.0,S
2021-07-05T09:25:11,700.0,113.0,B
2021-07-05T09:25:09,300.0,112.8,S
2021-07-05T09:25:09,1300.0,113.0,B
2021-07-05T09:25:03,3000.0,113.0,S
2021-07-05T09:24:43,1300.0,113.0,B
2021-07-05T09:24:39,100.0,113.0,B
2021-07-05T09:24:38,1000.0,113.0,B
2021-07-05T09:24:29,1300.0,113.0,B
2021-07-05T09:24:26,1400.0,113.0,B
2021-07-05T09:24:26,500.0,113.0,B
2021-07-05T09:24:24,100.0,112.8,S
2021-07-05T09:24:20,1300.0,113.0,B
2021-07-05T09:24:16,100.0,113.0,B
2021-07-05T09:24:12,1400.0,113.0,B
2021-07-05T09:24:05,500.0,113.0,B
2021-07-05T09:24:03,100.0,113.0,B
2021-07-05T09:24:02,1000.0,113.0,B
2021-07-05T09:23:57,1400.0,113.0,B
2021-07-05T09:23:55,100.0,113.0,B
2021-07-05T09:23:52,100.0,113.0,B
2021-07-05T09:23:49,1000.0,113.0,B
2021-07-05T09:23:48,300.0,113.0,B
2021-07-05T09:23:48,1800.0,113.0,S
2021-07-05T09:23:44,1300.0,113.5,B
2021-07-05T09:23:39,400.0,113.0,S
2021-07-05T09:23:39,1300.0,113.5,B
2021-07-05T09:23:34,900.0,113.0,B
2021-07-05T09:23:13,100.0,113.0,S
2021-07-05T09:23:11,1300.0,113.5,B
2021-07-05T09:23:09,300.0,113.0,S
2021-07-05T09:23:09,200.0,113.0,S
2021-07-05T09:23:09,3300.0,113.0,S
2021-07-05T09:23:07,2000.0,113.0,S
2021-07-05T09:23:02,200.0,113.0,S
2021-07-05T09:22:57,500.0,113.0,S
2021-07-05T09:22:49,500.0,113.0,S
2021-07-05T09:22:24,300.0,113.0,S
2021-07-05T09:22:24,1100.0,113.1,S
2021-07-05T09:22:24,2600.0,113.1,S
2021-07-05T09:22:14,200.0,113.6,B
2021-07-05T09:22:11,200.0,113.2,S
2021-07-05T09:22:06,400.0,113.6,S
2021-07-05T09:22:05,100.0,113.6,S
2021-07-05T09:21:56,300.0,113.6,S
2021-07-05T09:21:39,300.0,113.6,S
2021-07-05T09:21:35,200.0,113.6,S
2021-07-05T09:21:35,1200.0,113.6,B
2021-07-05T09:21:34,300.0,113.5,S
2021-07-05T09:21:32,2800.0,113.6,S
2021-07-05T09:20:53,300.0,113.6,S
2021-07-05T09:20:50,2200.0,113.6,B
2021-07-05T09:20:38,200.0,113.5,S
2021-07-05T09:20:30,200.0,113.6,B
2021-07-05T09:20:17,200.0,113.6,B
2021-07-05T09:20:01,1800.0,113.6,B
2021-07-05T09:19:59,100.0,113.6,B
2021-07-05T09:19:47,100.0,113.6,B
2021-07-05T09:19:32,2000.0,113.5,S
2021-07-05T09:19:02,200.0,113.5,S
2021-07-05T09:18:47,1000.0,113.7,B
2021-07-05T09:18:42,100.0,113.5,S
2021-07-05T09:18:26,500.0,113.7,B
2021-07-05T09:18:26,500.0,113.7,B
2021-07-05T09:18:24,500.0,113.5,S
2021-07-05T09:18:11,100.0,113.7,B
2021-07-05T09:17:49,100.0,113.7,B
2021-07-05T09:17:40,100.0,113.7,B
2021-07-05T09:17:38,1200.0,113.5,S
2021-07-05T09:17:37,200.0,113.7,B
2021-07-05T09:17:34,100.0,113.7,B
2021-07-05T09:17:11,500.0,113.5,B
2021-07-05T09:17:06,3200.0,113.7,B
2021-07-05T09:16:37,100.0,113.5,B
2021-07-05T09:16:28,100.0,113.7,B
2021-07-05T09:16:20,1000.0,112.0,S
2021-07-05T09:16:09,1700.0,112.0,S
2021-07-05T09:16:07,4300.0,113.0,S
2021-07-05T09:16:02,400.0,113.7,B
2021-07-05T09:16:00,600.0,113.7,B
2021-07-05T09:15:37,1000.0,113.7,B
2021-07-05T09:15:32,100.0,113.7,S
2021-07-05T09:15:27,100.0,113.9,B
2021-07-05T09:15:22,100.0,113.9,B
