tradingTime,volume,price,side
2021-07-05T10:53:50,500.0,119.0,S
2021-07-05T10:53:35,100.0,119.4,B
2021-07-05T10:52:28,1500.0,119.0,B
2021-07-05T10:51:47,1200.0,119.5,S
2021-07-05T10:51:41,400.0,119.5,S
2021-07-05T10:51:41,700.0,119.5,S
2021-07-05T10:51:41,800.0,119.5,S
2021-07-05T10:51:40,1900.0,119.5,S
2021-07-05T10:51:38,100.0,119.8,B
2021-07-05T10:51:33,1900.0,119.5,S
2021-07-05T10:45:03,300.0,118.8,B
2021-07-05T10:44:56,300.0,118.5,B
2021-07-05T10:44:46,300.0,118.5,B
2021-07-05T10:44:32,300.0,118.5,B
2021-07-05T10:44:26,300.0,118.5,B
2021-07-05T10:44:15,800.0,118.5,B
2021-07-05T10:44:06,300.0,118.5,B
2021-07-05T10:43:59,300.0,118.5,B
2021-07-05T10:43:55,100.0,118.5,B
2021-07-05T10:43:48,100.0,118.5,B
2021-07-05T10:43:46,200.0,118.1,S
2021-07-05T10:41:59,1100.0,118.1,S
2021-07-05T10:41:55,100.0,118.5,B
2021-07-05T10:41:28,1500.0,118.1,S
2021-07-05T10:40:54,800.0,118.5,B
2021-07-05T10:40:34,200.0,118.5,B
2021-07-05T10:40:10,2000.0,118.5,B
2021-07-05T10:39:53,300.0,118.1,S
2021-07-05T10:37:43,500.0,118.1,S
2021-07-05T10:37:19,900.0,118.3,B
2021-07-05T10:36:43,1000.0,118.3,S
2021-07-05T10:36:34,1000.0,118.3,B
2021-07-05T10:35:45,1000.0,118.3,S
2021-07-05T10:35:39,300.0,118.3,S
2021-07-05T10:34:48,300.0,118.3,S
2021-07-05T10:34:05,600.0,118.3,S
2021-07-05T10:33:50,500.0,118.5,B
2021-07-05T10:33:42,600.0,118.3,S
2021-07-05T10:30:29,100.0,118.5,S
2021-07-05T10:30:29,300.0,118.5,S
2021-07-05T10:29:38,900.0,118.5,S
2021-07-05T10:29:38,700.0,118.5,S
2021-07-05T10:29:35,100.0,118.5,S
2021-07-05T10:29:15,400.0,118.5,S
2021-07-05T10:28:49,100.0,118.6,S
2021-07-05T10:26:59,300.0,118.6,B
2021-07-05T10:24:37,100.0,118.8,B
2021-07-05T10:22:39,1900.0,118.5,S
2021-07-05T10:22:25,700.0,118.8,B
2021-07-05T10:22:25,900.0,118.8,S
2021-07-05T10:22:25,900.0,118.8,S
2021-07-05T10:22:25,100.0,118.8,S
2021-07-05T10:21:32,500.0,118.8,S
2021-07-05T10:20:54,1900.0,118.8,S
2021-07-05T10:20:48,1400.0,119.0,S
2021-07-05T10:20:37,1000.0,119.0,S
2021-07-05T10:20:28,500.0,119.0,S
2021-07-05T10:20:18,100.0,119.0,S
2021-07-05T10:20:08,100.0,119.0,S
2021-07-05T10:19:00,700.0,119.0,S
2021-07-05T10:18:39,500.0,119.0,S
2021-07-05T10:18:29,700.0,119.0,S
2021-07-05T10:18:06,900.0,119.0,S
2021-07-05T10:17:46,700.0,119.0,S
2021-07-05T10:17:31,500.0,119.0,S
2021-07-05T10:17:20,1000.0,119.0,S
2021-07-05T10:17:14,900.0,119.0,S
2021-07-05T10:16:49,700.0,119.0,S
2021-07-05T10:15:43,4700.0,119.0,S
2021-07-05T10:15:40,100.0,119.1,B
2021-07-05T10:14:25,100.0,119.1,B
2021-07-05T10:14:08,200.0,119.1,S
2021-07-05T10:14:08,700.0,119.1,S
2021-07-05T10:14:08,800.0,119.1,S
2021-07-05T10:13:52,600.0,119.1,S
2021-07-05T10:13:30,1900.0,119.1,S
2021-07-05T10:13:20,300.0,119.2,S
2021-07-05T10:12:50,100.0,119.3,S
2021-07-05T10:12:50,900.0,119.3,S
2021-07-05T10:12:13,500.0,119.3,S
2021-07-05T10:11:31,1000.0,119.3,S
2021-07-05T10:09:54,100.0,119.5,B
2021-07-05T10:08:58,600.0,119.5,S
2021-07-05T10:08:58,1200.0,119.5,S
2021-07-05T10:08:58,100.0,119.5,S
2021-07-05T10:08:58,1000.0,119.5,S
2021-07-05T10:08:28,1900.0,119.5,S
2021-07-05T10:06:30,200.0,119.5,S
2021-07-05T10:06:30,800.0,119.8,S
2021-07-05T10:04:44,1900.0,119.8,S
2021-07-05T10:01:10,100.0,120.0,S
2021-07-05T10:01:10,900.0,120.0,S
2021-07-05T10:01:08,1900.0,120.0,S
2021-07-05T10:00:54,7600.0,120.0,S
2021-07-05T10:00:54,1400.0,120.0,S
2021-07-05T10:00:46,1400.0,120.0,S
2021-07-05T10:00:14,100.0,120.0,S
2021-07-05T09:59:50,700.0,120.1,S
2021-07-05T09:59:34,200.0,120.1,S
2021-07-05T09:59:29,500.0,120.1,B
2021-07-05T09:59:07,2000.0,120.1,B
2021-07-05T09:57:59,100.0,120.2,B
2021-07-05T09:55:44,400.0,120.2,S
2021-07-05T09:55:32,1900.0,120.2,S
2021-07-05T09:54:59,400.0,120.3,S
2021-07-05T09:53:53,100.0,120.3,S
2021-07-05T09:52:48,100.0,120.5,B
2021-07-05T09:51:21,100.0,120.3,S
2021-07-05T09:48:22,100.0,120.2,S
2021-07-05T09:45:48,100.0,120.2,S
2021-07-05T09:45:35,100.0,120.6,B
2021-07-05T09:43:25,900.0,120.6,B
2021-07-05T09:42:37,300.0,120.6,S
2021-07-05T09:39:25,900.0,120.6,S
2021-07-05T09:39:25,1500.0,120.6,S
2021-07-05T09:38:44,1500.0,120.6,B
2021-07-05T09:38:22,500.0,120.6,B
2021-07-05T09:38:22,500.0,120.0,S
2021-07-05T09:38:00,900.0,120.6,B
2021-07-05T09:38:00,900.0,120.6,B
2021-07-05T09:37:37,700.0,120.6,S
2021-07-05T09:37:25,2300.0,120.6,B
2021-07-05T09:37:13,400.0,120.2,S
2021-07-05T09:37:13,100.0,120.2,S
2021-07-05T09:37:12,2200.0,120.6,B
2021-07-05T09:36:26,2000.0,120.6,B
2021-07-05T09:36:10,2100.0,120.6,B
2021-07-05T09:36:05,100.0,120.4,S
2021-07-05T09:35:59,900.0,120.4,S
2021-07-05T09:35:54,1900.0,120.6,B
2021-07-05T09:35:52,800.0,120.4,S
2021-07-05T09:35:42,800.0,120.4,S
2021-07-05T09:35:33,800.0,120.6,S
2021-07-05T09:35:30,700.0,120.6,S
2021-07-05T09:35:23,1500.0,120.6,B
2021-07-05T09:35:18,1600.0,120.6,B
2021-07-05T09:35:00,900.0,120.4,S
2021-07-05T09:34:45,1000.0,120.4,S
2021-07-05T09:33:22,100.0,120.5,S
2021-07-05T09:31:28,1100.0,120.6,S
2021-07-05T09:30:00,100.0,120.7,B
2021-07-05T09:27:52,800.0,120.7,B
2021-07-05T09:27:05,1000.0,121.0,B
2021-07-05T09:26:48,800.0,121.0,B
2021-07-05T09:26:47,700.0,120.8,B
2021-07-05T09:26:42,800.0,120.8,B
2021-07-05T09:26:34,800.0,120.7,B
2021-07-05T09:26:25,700.0,120.7,B
2021-07-05T09:26:16,900.0,120.7,B
2021-07-05T09:26:16,300.0,120.4,S
2021-07-05T09:26:14,700.0,120.7,B
2021-07-05T09:26:03,700.0,120.7,B
2021-07-05T09:25:57,900.0,120.7,B
2021-07-05T09:25:49,900.0,120.6,B
2021-07-05T09:25:35,800.0,120.6,B
2021-07-05T09:25:28,500.0,120.4,S
2021-07-05T09:24:38,400.0,120.4,B
2021-07-05T09:24:36,900.0,120.4,B
2021-07-05T09:24:26,800.0,120.4,B
2021-07-05T09:24:04,600.0,120.2,B
2021-07-05T09:23:55,1000.0,120.2,B
2021-07-05T09:23:53,700.0,120.2,B
2021-07-05T09:23:43,800.0,120.2,B
2021-07-05T09:23:43,1000.0,120.2,B
2021-07-05T09:23:43,1100.0,120.0,S
2021-07-05T09:23:38,1000.0,120.2,B
2021-07-05T09:23:35,800.0,120.2,B
2021-07-05T09:23:14,900.0,120.2,B
2021-07-05T09:22:58,2000.0,120.1,B
2021-07-05T09:22:36,1000.0,120.0,S
2021-07-05T09:22:05,1000.0,120.1,B
2021-07-05T09:21:41,2000.0,120.2,S
2021-07-05T09:21:05,200.0,120.0,S
2021-07-05T09:21:00,1300.0,120.0,S
2021-07-05T09:19:46,100.0,120.1,B
2021-07-05T09:19:28,1000.0,120.1,B
2021-07-05T09:19:03,1000.0,120.4,B
2021-07-05T09:18:38,100.0,120.2,B
2021-07-05T09:18:11,2000.0,120.2,S
2021-07-05T09:16:21,400.0,120.7,B
