tradingTime,volume,price,side
2021-06-21T14:19:56,100.0,10.3,B
2021-06-21T14:18:57,200.0,10.3,B
2021-06-21T14:18:48,4000.0,10.3,B
2021-06-21T14:18:26,100.0,10.3,B
2021-06-21T14:18:13,5000.0,10.2,S
2021-06-21T14:18:01,200.0,10.3,B
2021-06-21T14:17:22,2700.0,10.3,B
2021-06-21T14:17:11,3500.0,10.3,B
2021-06-21T14:17:08,1000.0,10.3,B
2021-06-21T14:16:52,1100.0,10.3,S
2021-06-21T14:16:43,10000.0,10.3,S
2021-06-21T14:16:41,100.0,10.3,S
2021-06-21T14:16:31,5000.0,10.3,S
2021-06-21T14:16:15,500.0,10.3,S
2021-06-21T14:15:53,6700.0,10.3,B
2021-06-21T14:15:48,5000.0,10.3,B
2021-06-21T14:15:16,2000.0,10.3,B
2021-06-21T14:15:15,800.0,10.3,B
2021-06-21T14:14:38,100.0,10.3,B
2021-06-21T14:14:34,300.0,10.3,B
2021-06-21T14:14:31,6500.0,10.3,B
2021-06-21T14:14:05,1000.0,10.3,B
2021-06-21T14:13:46,500.0,10.3,B
2021-06-21T14:13:06,2000.0,10.3,B
2021-06-21T14:13:04,10800.0,10.3,S
2021-06-21T14:12:28,100.0,10.3,S
2021-06-21T14:12:26,4100.0,10.3,B
2021-06-21T14:12:24,3000.0,10.3,B
2021-06-21T14:12:15,700.0,10.3,B
2021-06-21T14:12:12,200.0,10.3,B
2021-06-21T14:12:05,2000.0,10.3,B
2021-06-21T14:11:58,100.0,10.3,B
2021-06-21T14:11:53,1000.0,10.3,B
2021-06-21T14:11:47,113000.0,10.3,B
2021-06-21T14:11:28,14000.0,10.3,B
2021-06-21T14:10:51,1600.0,10.3,B
2021-06-21T14:09:05,30000.0,10.3,B
2021-06-21T14:06:56,100.0,10.2,S
2021-06-21T14:04:41,1000.0,10.3,B
2021-06-21T14:04:40,200.0,10.3,B
2021-06-21T14:03:14,1800.0,10.3,B
2021-06-21T14:02:49,2500.0,10.3,B
2021-06-21T14:02:37,2800.0,10.3,B
2021-06-21T14:02:34,200.0,10.2,S
2021-06-21T14:01:50,100.0,10.2,S
2021-06-21T14:01:20,2000.0,10.2,S
2021-06-21T14:00:31,3200.0,10.2,S
2021-06-21T13:58:54,1000.0,10.2,S
2021-06-21T13:58:53,200.0,10.2,S
2021-06-21T13:58:26,1000.0,10.2,S
2021-06-21T13:57:52,5000.0,10.2,S
2021-06-21T13:57:43,1500.0,10.3,B
2021-06-21T13:57:28,500.0,10.3,B
2021-06-21T13:56:08,5000.0,10.3,B
2021-06-21T13:56:06,2600.0,10.2,B
2021-06-21T13:55:01,200.0,10.2,B
2021-06-21T13:54:04,500.0,10.2,B
2021-06-21T13:53:29,1000.0,10.2,B
2021-06-21T13:52:08,5000.0,10.2,B
2021-06-21T13:51:52,4200.0,10.2,B
2021-06-21T13:51:13,10000.0,10.2,S
2021-06-21T13:50:27,100.0,10.2,S
2021-06-21T13:50:18,1400.0,10.2,S
2021-06-21T13:50:06,600.0,10.2,S
2021-06-21T13:49:42,1000.0,10.2,S
2021-06-21T13:49:37,500.0,10.2,S
2021-06-21T13:49:29,100.0,10.2,S
2021-06-21T13:49:09,10000.0,10.2,S
2021-06-21T13:48:14,2000.0,10.2,S
2021-06-21T13:47:57,2000.0,10.2,S
2021-06-21T13:47:50,10000.0,10.2,S
2021-06-21T13:47:42,100.0,10.2,S
2021-06-21T13:47:32,1000.0,10.2,S
2021-06-21T13:47:22,9100.0,10.2,S
2021-06-21T13:47:09,3000.0,10.2,S
2021-06-21T13:46:03,10000.0,10.2,S
2021-06-21T13:45:53,5000.0,10.2,S
2021-06-21T13:45:41,1300.0,10.2,S
2021-06-21T13:44:41,100000.0,10.2,S
2021-06-21T13:44:11,100.0,10.2,S
2021-06-21T13:40:52,18800.0,10.2,S
2021-06-21T13:40:47,5000.0,10.3,B
2021-06-21T13:40:30,4900.0,10.3,B
2021-06-21T13:40:21,100.0,10.3,B
2021-06-21T13:39:49,13700.0,10.2,S
2021-06-21T13:39:43,1000.0,10.2,S
2021-06-21T13:38:24,16600.0,10.2,S
2021-06-21T13:38:21,4000.0,10.2,B
2021-06-21T13:38:20,200.0,10.2,B
2021-06-21T13:38:19,5000.0,10.2,B
2021-06-21T13:38:17,1400.0,10.2,B
2021-06-21T13:38:16,1900.0,10.2,B
2021-06-21T13:38:16,2000.0,10.2,B
2021-06-21T13:38:15,5000.0,10.2,B
2021-06-21T13:38:15,1500.0,10.2,B
2021-06-21T13:38:13,1000.0,10.2,B
2021-06-21T13:38:11,1000.0,10.2,B
2021-06-21T13:38:09,1500.0,10.2,B
2021-06-21T13:38:08,6200.0,10.2,B
2021-06-21T13:38:08,100.0,10.2,B
2021-06-21T13:38:05,1000.0,10.2,B
2021-06-21T13:38:02,200.0,10.2,B
2021-06-21T13:38:02,1100.0,10.2,B
2021-06-21T13:38:02,1000.0,10.2,B
2021-06-21T13:38:00,10000.0,10.2,B
2021-06-21T13:38:00,3000.0,10.1,S
2021-06-21T13:37:59,7600.0,10.2,B
2021-06-21T13:37:55,20000.0,10.2,B
2021-06-21T13:37:55,2000.0,10.2,B
2021-06-21T13:37:51,3000.0,10.2,B
2021-06-21T13:37:47,500.0,10.2,B
2021-06-21T13:37:34,5000.0,10.2,B
2021-06-21T13:37:33,500.0,10.2,B
2021-06-21T13:37:22,500.0,10.2,B
2021-06-21T13:37:02,3000.0,10.2,B
2021-06-21T13:36:20,700.0,10.2,B
2021-06-21T13:35:55,2100.0,10.2,B
2021-06-21T13:35:44,1500.0,10.2,B
2021-06-21T13:35:36,1000.0,10.2,B
2021-06-21T13:35:33,1000.0,10.2,B
2021-06-21T13:35:16,2000.0,10.2,B
2021-06-21T13:35:12,200.0,10.2,B
2021-06-21T13:35:00,2500.0,10.2,B
2021-06-21T13:34:23,20000.0,10.2,B
2021-06-21T13:33:11,10200.0,10.2,B
2021-06-21T13:30:33,5700.0,10.2,B
2021-06-21T13:28:12,200.0,10.2,B
2021-06-21T13:25:41,2000.0,10.2,B
2021-06-21T13:24:27,5000.0,10.2,B
2021-06-21T13:23:52,20000.0,10.2,B
2021-06-21T13:23:18,1000.0,10.1,S
2021-06-21T13:23:06,500.0,10.1,S
2021-06-21T13:22:49,100.0,10.1,S
2021-06-21T13:22:33,2000.0,10.1,S
2021-06-21T13:21:57,1300.0,10.1,S
2021-06-21T13:18:35,2000.0,10.1,S
2021-06-21T13:18:01,400.0,10.1,S
2021-06-21T13:17:05,1000.0,10.1,S
2021-06-21T13:16:53,1200.0,10.1,S
2021-06-21T13:15:30,100.0,10.2,B
2021-06-21T13:14:50,2000.0,10.1,S
2021-06-21T13:14:42,200.0,10.1,S
2021-06-21T13:14:28,4000.0,10.1,S
2021-06-21T13:12:42,500.0,10.1,S
2021-06-21T13:12:32,500.0,10.1,S
2021-06-21T13:12:25,100.0,10.1,S
2021-06-21T13:10:32,10000.0,10.1,S
2021-06-21T13:10:17,10000.0,10.1,S
2021-06-21T13:10:14,2000.0,10.1,S
2021-06-21T13:09:56,8000.0,10.1,S
2021-06-21T13:09:45,10000.0,10.1,S
2021-06-21T13:09:44,200.0,10.2,B
2021-06-21T13:09:34,100.0,10.1,S
2021-06-21T13:08:53,10000.0,10.1,S
2021-06-21T13:08:44,4000.0,10.1,S
2021-06-21T13:07:05,4000.0,10.1,S
2021-06-21T13:06:31,2000.0,10.2,B
2021-06-21T13:05:43,200.0,10.2,B
2021-06-21T13:04:35,1000.0,10.2,B
2021-06-21T13:04:01,800.0,10.2,B
2021-06-21T13:04:00,5000.0,10.1,S
2021-06-21T13:03:43,500.0,10.1,S
2021-06-21T13:03:03,200.0,10.1,S
2021-06-21T13:02:35,500.0,10.1,S
2021-06-21T13:02:28,1000.0,10.1,S
2021-06-21T13:00:09,1500.0,10.1,S
2021-06-21T13:00:09,300.0,10.1,S
2021-06-21T13:00:04,4100.0,10.1,S
2021-06-21T13:00:03,900.0,10.2,B
2021-06-21T13:00:01,4500.0,10.1,S
2021-06-21T11:29:01,50000.0,10.1,S
2021-06-21T11:28:24,300.0,10.1,S
2021-06-21T11:26:45,2700.0,10.1,S
2021-06-21T11:23:18,2400.0,10.2,B
2021-06-21T11:17:19,1000.0,10.2,B
2021-06-21T11:17:15,200.0,10.1,S
2021-06-21T11:15:35,5000.0,10.1,S
2021-06-21T11:15:15,1100.0,10.1,S
2021-06-21T11:15:03,200.0,10.1,S
2021-06-21T11:14:52,900.0,10.1,S
2021-06-21T11:12:36,2100.0,10.1,S
2021-06-21T11:11:24,500.0,10.1,S
2021-06-21T11:10:32,1000.0,10.1,S
2021-06-21T11:10:25,5000.0,10.1,S
2021-06-21T11:09:30,11000.0,10.1,S
2021-06-21T11:07:57,700.0,10.1,S
2021-06-21T11:06:25,1000.0,10.1,S
2021-06-21T11:05:55,2000.0,10.1,S
2021-06-21T11:03:23,100.0,10.1,S
2021-06-21T11:02:18,1000.0,10.1,S
2021-06-21T10:57:51,1600.0,10.1,S
2021-06-21T10:57:30,1000.0,10.1,S
2021-06-21T10:55:18,1000.0,10.1,S
2021-06-21T10:55:05,200.0,10.2,B
2021-06-21T10:53:19,8000.0,10.2,B
2021-06-21T10:52:22,5500.0,10.2,B
2021-06-21T10:52:05,7000.0,10.2,B
2021-06-21T10:50:38,5400.0,10.2,B
2021-06-21T10:50:18,3400.0,10.1,B
2021-06-21T10:50:08,1000.0,10.1,B
2021-06-21T10:50:02,1000.0,10.1,B
2021-06-21T10:49:50,3000.0,10.1,B
2021-06-21T10:49:45,2000.0,10.1,B
2021-06-21T10:49:34,1000.0,10.1,B
2021-06-21T10:49:27,10000.0,10.1,B
2021-06-21T10:49:12,1000.0,10.1,B
2021-06-21T10:49:10,2000.0,10.1,B
2021-06-21T10:48:36,1000.0,10.0,S
2021-06-21T10:48:27,2000.0,10.1,B
2021-06-21T10:48:05,5000.0,10.1,B
2021-06-21T10:46:48,100.0,10.1,B
2021-06-21T10:45:02,1000.0,10.1,B
2021-06-21T10:44:59,600.0,10.1,B
2021-06-21T10:44:54,200.0,10.1,B
2021-06-21T10:44:35,400.0,10.1,B
2021-06-21T10:44:23,200.0,10.1,B
2021-06-21T10:44:22,3000.0,10.1,B
2021-06-21T10:44:21,500.0,10.1,B
2021-06-21T10:44:13,1000.0,10.1,B
2021-06-21T10:44:11,100.0,10.1,B
2021-06-21T10:43:23,1000.0,10.1,B
2021-06-21T10:43:04,100.0,10.1,B
2021-06-21T10:42:55,200.0,10.1,B
2021-06-21T10:42:49,1500.0,10.1,B
2021-06-21T10:42:18,1800.0,10.1,B
2021-06-21T10:42:18,1000.0,10.1,B
2021-06-21T10:42:13,3000.0,10.0,S
2021-06-21T10:40:44,1400.0,10.1,B
2021-06-21T10:40:41,200.0,10.1,B
2021-06-21T10:39:42,1000.0,10.1,B
2021-06-21T10:39:08,200.0,10.1,B
2021-06-21T10:38:55,1000.0,10.1,B
2021-06-21T10:38:46,100.0,10.0,S
2021-06-21T10:38:45,5000.0,10.1,S
2021-06-21T10:38:39,3000.0,10.1,S
2021-06-21T10:38:27,5000.0,10.1,S
2021-06-21T10:37:55,100.0,10.1,S
2021-06-21T10:35:48,5000.0,10.1,S
2021-06-21T10:35:35,100.0,10.1,S
2021-06-21T10:35:30,10000.0,10.1,S
2021-06-21T10:34:35,6700.0,10.1,S
2021-06-21T10:34:06,500.0,10.1,S
2021-06-21T10:34:04,100.0,10.1,S
2021-06-21T10:33:34,200.0,10.1,S
2021-06-21T10:31:39,300.0,10.1,S
2021-06-21T10:31:34,5000.0,10.1,S
2021-06-21T10:31:28,1600.0,10.1,S
2021-06-21T10:28:49,2800.0,10.1,B
2021-06-21T10:28:46,2000.0,10.1,B
2021-06-21T10:28:40,5000.0,10.1,B
2021-06-21T10:28:20,5000.0,10.1,B
2021-06-21T10:28:12,200.0,10.1,B
2021-06-21T10:27:55,5000.0,10.1,S
2021-06-21T10:27:47,2600.0,10.1,S
2021-06-21T10:27:15,2000.0,10.1,S
2021-06-21T10:26:01,2000.0,10.1,S
2021-06-21T10:25:38,10000.0,10.1,S
2021-06-21T10:25:14,4000.0,10.1,S
2021-06-21T10:25:06,1200.0,10.1,S
2021-06-21T10:24:57,10000.0,10.1,S
2021-06-21T10:24:46,10000.0,10.1,S
2021-06-21T10:23:40,50000.0,10.1,S
2021-06-21T10:23:28,500.0,10.2,B
2021-06-21T10:22:46,100.0,10.2,B
2021-06-21T10:22:43,1000.0,10.1,S
2021-06-21T10:22:23,2000.0,10.2,B
2021-06-21T10:22:15,1200.0,10.2,B
2021-06-21T10:21:46,200.0,10.1,S
2021-06-21T10:20:12,9300.0,10.1,S
2021-06-21T10:19:12,200.0,10.1,S
2021-06-21T10:18:20,2000.0,10.2,B
2021-06-21T10:17:42,5000.0,10.2,B
2021-06-21T10:17:27,1000.0,10.2,B
2021-06-21T10:16:29,10000.0,10.2,B
2021-06-21T10:15:13,200.0,10.2,B
2021-06-21T10:10:07,10000.0,10.1,S
2021-06-21T10:09:02,1000.0,10.1,S
2021-06-21T10:08:14,100.0,10.2,B
2021-06-21T10:06:53,100.0,10.1,S
2021-06-21T10:06:18,300.0,10.1,S
2021-06-21T10:05:32,400.0,10.1,S
2021-06-21T10:05:18,1000.0,10.2,B
2021-06-21T10:04:34,300.0,10.1,S
2021-06-21T10:02:21,600.0,10.1,S
2021-06-21T10:02:18,200.0,10.2,B
2021-06-21T10:01:57,4000.0,10.1,S
2021-06-21T10:01:49,500.0,10.1,S
2021-06-21T09:59:08,1200.0,10.1,S
2021-06-21T09:58:51,10000.0,10.1,S
2021-06-21T09:58:31,600.0,10.1,S
2021-06-21T09:58:21,1200.0,10.1,S
2021-06-21T09:58:17,1000.0,10.1,S
2021-06-21T09:57:32,1000.0,10.1,S
2021-06-21T09:57:29,2000.0,10.1,S
2021-06-21T09:57:06,200.0,10.1,S
2021-06-21T09:56:37,500.0,10.1,S
2021-06-21T09:55:36,2000.0,10.1,S
2021-06-21T09:54:58,400.0,10.1,S
2021-06-21T09:54:46,700.0,10.1,S
2021-06-21T09:54:20,10000.0,10.1,S
2021-06-21T09:54:03,1000.0,10.1,S
2021-06-21T09:52:32,200.0,10.1,S
2021-06-21T09:52:01,2000.0,10.1,S
2021-06-21T09:50:07,200.0,10.1,S
2021-06-21T09:49:46,4000.0,10.1,S
2021-06-21T09:49:14,200.0,10.1,S
2021-06-21T09:48:47,1000.0,10.1,S
2021-06-21T09:48:35,1000.0,10.2,B
2021-06-21T09:47:49,8000.0,10.1,S
2021-06-21T09:47:43,100.0,10.2,B
2021-06-21T09:47:38,1800.0,10.1,S
2021-06-21T09:47:34,500.0,10.2,B
2021-06-21T09:45:59,600.0,10.2,B
2021-06-21T09:45:33,1000.0,10.2,B
2021-06-21T09:45:03,400.0,10.2,B
2021-06-21T09:43:59,3000.0,10.2,B
2021-06-21T09:43:58,500.0,10.2,B
2021-06-21T09:43:20,5700.0,10.1,S
2021-06-21T09:42:05,5000.0,10.1,S
2021-06-21T09:41:13,3000.0,10.1,S
2021-06-21T09:40:37,600.0,10.2,B
2021-06-21T09:39:34,200.0,10.1,S
2021-06-21T09:34:16,1000.0,10.1,S
2021-06-21T09:34:15,4500.0,10.1,S
2021-06-21T09:32:33,100.0,10.1,S
2021-06-21T09:32:33,100.0,10.2,B
2021-06-21T09:32:01,1000.0,10.2,B
2021-06-21T09:31:07,500.0,10.1,S
2021-06-21T09:30:28,700.0,10.2,B
2021-06-21T09:30:17,100.0,10.2,B
2021-06-21T09:29:57,200.0,10.2,B
2021-06-21T09:29:48,3000.0,10.2,B
2021-06-21T09:29:37,300.0,10.2,B
2021-06-21T09:29:33,500.0,10.2,B
2021-06-21T09:29:28,3000.0,10.2,B
2021-06-21T09:28:07,30000.0,10.2,B
2021-06-21T09:27:46,3000.0,10.2,B
2021-06-21T09:27:32,100.0,10.1,S
2021-06-21T09:26:52,1000.0,10.2,B
2021-06-21T09:26:04,300.0,10.2,B
2021-06-21T09:25:45,1000.0,10.2,B
2021-06-21T09:25:38,100.0,10.2,B
2021-06-21T09:25:37,2000.0,10.2,B
2021-06-21T09:25:31,800.0,10.2,B
2021-06-21T09:25:00,500.0,10.2,B
2021-06-21T09:25:00,2000.0,10.1,S
2021-06-21T09:24:40,6000.0,10.1,S
2021-06-21T09:24:37,5000.0,10.1,S
2021-06-21T09:24:08,1000.0,10.1,S
2021-06-21T09:23:23,7800.0,10.1,S
2021-06-21T09:23:09,5700.0,10.1,B
2021-06-21T09:22:50,1000.0,10.1,B
2021-06-21T09:21:48,100.0,10.0,S
2021-06-21T09:21:31,300.0,10.1,B
2021-06-21T09:21:22,900.0,10.1,S
2021-06-21T09:21:20,4200.0,10.1,B
2021-06-21T09:21:19,100.0,10.0,S
2021-06-21T09:21:08,1000.0,10.1,B
2021-06-21T09:20:53,1500.0,10.1,B
2021-06-21T09:20:43,300.0,10.1,B
2021-06-21T09:20:41,300.0,10.1,B
2021-06-21T09:20:38,1000.0,10.1,B
2021-06-21T09:20:18,2300.0,10.1,B
2021-06-21T09:20:13,600.0,10.1,B
2021-06-21T09:20:07,3000.0,10.1,B
2021-06-21T09:19:49,200.0,10.1,B
2021-06-21T09:19:48,200.0,10.1,B
2021-06-21T09:19:44,1000.0,10.0,S
2021-06-21T09:19:41,100.0,10.1,B
2021-06-21T09:19:37,6200.0,10.1,B
2021-06-21T09:19:36,400.0,10.1,B
2021-06-21T09:19:31,500.0,10.1,B
2021-06-21T09:19:26,300.0,10.1,B
2021-06-21T09:18:46,1800.0,10.1,B
2021-06-21T09:18:33,1000.0,10.1,B
2021-06-21T09:18:29,26500.0,10.1,S
2021-06-21T09:17:34,200.0,10.2,B
2021-06-21T09:17:14,10000.0,10.1,S
2021-06-21T09:15:54,5000.0,10.1,S
2021-06-21T09:13:49,300.0,10.1,S
2021-06-21T09:13:25,3200.0,10.1,S
2021-06-21T09:13:15,200.0,10.2,B
2021-06-21T09:12:00,3000.0,10.2,B
2021-06-21T09:11:40,5000.0,10.1,S
2021-06-21T09:11:31,2000.0,10.1,S
2021-06-21T09:10:14,300.0,10.1,S
2021-06-21T09:09:19,100.0,10.1,S
2021-06-21T09:08:18,5000.0,10.1,S
2021-06-21T09:07:57,5000.0,10.1,S
2021-06-21T09:07:39,1500.0,10.1,S
2021-06-21T09:07:37,200.0,10.1,S
2021-06-21T09:07:33,200.0,10.1,S
2021-06-21T09:07:12,3000.0,10.1,S
2021-06-21T09:07:01,1000.0,10.2,B
2021-06-21T09:06:23,3000.0,10.2,B
2021-06-21T09:06:22,2000.0,10.1,S
2021-06-21T09:06:15,200.0,10.2,B
2021-06-21T09:06:00,2000.0,10.2,B
2021-06-21T09:05:58,6300.0,10.2,S
2021-06-21T09:04:57,400.0,10.2,S
2021-06-21T09:04:34,8300.0,10.2,S
2021-06-21T09:04:33,700.0,10.2,B
2021-06-21T09:04:14,30000.0,10.2,B
2021-06-21T09:03:31,200.0,10.1,S
2021-06-21T09:02:25,200.0,10.2,B
2021-06-21T09:02:25,4800.0,10.1,S
2021-06-21T09:02:07,4000.0,10.2,B
2021-06-21T09:01:49,5000.0,10.1,S
2021-06-21T09:01:28,1000.0,10.1,S
2021-06-21T09:00:40,100.0,10.1,S
2021-06-21T09:00:40,1000.0,10.1,S
2021-06-21T09:00:40,1000.0,10.2,B
2021-06-21T09:00:34,200.0,10.2,B
2021-06-21T09:00:26,500.0,10.2,B
2021-06-21T09:00:22,2700.0,10.2,S
2021-06-21T09:00:14,200.0,10.2,S
2021-06-21T09:00:04,600.0,10.2,S
