tradingTime,volume,price,side
2021-06-21T14:20:39,900.0,14.95,S
2021-06-21T14:20:39,2600.0,14.95,S
2021-06-21T14:20:39,26500.0,14.95,S
2021-06-21T14:20:10,20000.0,14.95,S
2021-06-21T14:19:57,30700.0,14.95,S
2021-06-21T14:19:57,1600.0,15.0,S
2021-06-21T14:19:47,10000.0,15.0,S
2021-06-21T14:19:36,18400.0,15.0,S
2021-06-21T14:19:31,3400.0,15.0,S
2021-06-21T14:18:58,1000.0,15.0,S
2021-06-21T14:18:47,10500.0,15.1,S
2021-06-21T14:18:01,500.0,15.1,S
2021-06-21T14:18:00,7700.0,15.15,S
2021-06-21T14:17:59,2300.0,15.15,S
2021-06-21T14:17:52,400.0,15.15,S
2021-06-21T14:17:22,3200.0,14.95,S
2021-06-21T14:17:22,12200.0,14.95,S
2021-06-21T14:17:22,5000.0,15.0,S
2021-06-21T14:17:22,10300.0,15.0,S
2021-06-21T14:17:22,500.0,15.0,S
2021-06-21T14:17:22,300.0,15.0,S
2021-06-21T14:17:22,3800.0,15.0,S
2021-06-21T14:17:22,5400.0,15.0,S
2021-06-21T14:17:22,9000.0,15.0,S
2021-06-21T14:17:22,4400.0,15.0,S
2021-06-21T14:17:22,1300.0,15.0,S
2021-06-21T14:17:22,11000.0,15.0,S
2021-06-21T14:17:21,10000.0,15.0,S
2021-06-21T14:17:21,100.0,15.0,S
2021-06-21T14:17:21,37700.0,15.0,S
2021-06-21T14:17:21,8500.0,15.05,S
2021-06-21T14:17:21,700.0,15.05,S
2021-06-21T14:17:21,500.0,15.1,S
2021-06-21T14:17:21,200.0,15.1,S
2021-06-21T14:17:21,21000.0,15.1,S
2021-06-21T14:17:21,34900.0,15.1,S
2021-06-21T14:17:08,200.0,15.15,S
2021-06-21T14:16:47,2100.0,15.15,S
2021-06-21T14:15:48,100.0,15.2,B
2021-06-21T14:15:44,100.0,15.2,B
2021-06-21T14:15:36,100.0,15.2,B
2021-06-21T14:15:08,100.0,15.2,S
2021-06-21T14:13:32,2800.0,15.2,S
2021-06-21T14:13:20,12100.0,15.3,B
2021-06-21T14:13:20,3200.0,15.3,B
2021-06-21T14:13:20,4900.0,15.3,B
2021-06-21T14:13:20,17800.0,15.25,B
2021-06-21T14:11:19,10000.0,15.25,B
2021-06-21T14:11:11,2500.0,15.2,S
2021-06-21T14:10:34,1000.0,15.25,B
2021-06-21T14:10:10,100.0,15.25,S
2021-06-21T14:10:10,2400.0,15.25,S
2021-06-21T14:09:58,900.0,15.25,S
2021-06-21T14:09:58,1100.0,15.25,S
2021-06-21T14:09:29,2500.0,15.25,S
2021-06-21T14:08:46,1000.0,15.3,B
2021-06-21T14:07:53,1000.0,15.3,B
2021-06-21T14:06:38,6100.0,15.3,S
2021-06-21T14:06:25,100.0,15.25,S
2021-06-21T14:06:19,4000.0,15.3,S
2021-06-21T14:06:09,6000.0,15.3,B
2021-06-21T14:05:19,100.0,15.3,B
2021-06-21T14:04:40,100.0,15.25,S
2021-06-21T14:04:35,4000.0,15.3,S
2021-06-21T14:04:35,20000.0,15.25,S
2021-06-21T14:04:32,11000.0,15.3,S
2021-06-21T14:04:32,1000.0,15.3,S
2021-06-21T14:04:30,1000.0,15.3,S
2021-06-21T14:04:21,10000.0,15.3,S
2021-06-21T14:03:39,100.0,15.3,S
2021-06-21T14:03:34,2400.0,15.35,S
2021-06-21T14:03:23,2500.0,15.35,S
2021-06-21T14:03:11,100.0,15.35,S
2021-06-21T14:02:43,1000.0,15.35,S
2021-06-21T14:02:33,100.0,15.35,S
2021-06-21T14:02:28,300.0,15.35,S
2021-06-21T14:02:23,1000.0,15.35,S
2021-06-21T14:01:43,700.0,15.35,B
2021-06-21T14:01:43,900.0,15.35,B
2021-06-21T14:01:23,100.0,15.35,B
2021-06-21T14:01:23,10000.0,15.3,S
2021-06-21T14:01:19,5000.0,15.3,S
2021-06-21T14:01:16,700.0,15.3,S
2021-06-21T14:00:45,56200.0,15.3,B
2021-06-21T14:00:45,5000.0,15.3,B
2021-06-21T14:00:45,1600.0,15.3,B
2021-06-21T14:00:45,11600.0,15.3,B
2021-06-21T14:00:29,100.0,15.3,B
2021-06-21T14:00:29,5000.0,15.25,S
2021-06-21T14:00:17,10000.0,15.25,S
2021-06-21T14:00:06,100.0,15.3,B
2021-06-21T13:59:38,100.0,15.3,B
2021-06-21T13:59:15,1900.0,15.2,S
2021-06-21T13:59:09,100.0,15.3,B
2021-06-21T13:58:28,7600.0,15.2,B
2021-06-21T13:58:24,400.0,15.15,S
2021-06-21T13:58:24,100.0,15.2,B
2021-06-21T13:56:49,8000.0,15.15,B
2021-06-21T13:56:24,14800.0,15.15,B
2021-06-21T13:56:08,100.0,15.15,B
2021-06-21T13:55:45,4000.0,15.1,S
2021-06-21T13:55:06,10000.0,15.1,B
2021-06-21T13:54:59,3800.0,15.1,B
2021-06-21T13:54:54,4000.0,15.05,S
2021-06-21T13:54:29,100.0,15.1,B
2021-06-21T13:54:28,800.0,15.05,S
2021-06-21T13:54:26,700.0,15.05,S
2021-06-21T13:54:20,500.0,15.05,S
2021-06-21T13:54:12,10000.0,15.1,B
2021-06-21T13:53:56,100.0,15.1,B
2021-06-21T13:53:48,10000.0,15.1,B
2021-06-21T13:53:23,1000.0,15.1,S
2021-06-21T13:53:23,33000.0,15.1,S
2021-06-21T13:53:23,5000.0,15.1,S
2021-06-21T13:53:23,4300.0,15.1,S
2021-06-21T13:53:23,1000.0,15.1,S
2021-06-21T13:53:23,31700.0,15.1,S
2021-06-21T13:53:03,1000.0,15.15,S
2021-06-21T13:52:54,20000.0,15.2,B
2021-06-21T13:52:38,2000.0,15.2,B
2021-06-21T13:52:28,3000.0,15.2,B
2021-06-21T13:52:08,200.0,15.2,B
2021-06-21T13:51:18,100.0,15.2,B
2021-06-21T13:51:10,34400.0,15.2,S
2021-06-21T13:50:40,2400.0,15.2,S
2021-06-21T13:49:39,3200.0,15.2,B
2021-06-21T13:49:31,20000.0,15.3,B
2021-06-21T13:49:22,100.0,15.2,S
2021-06-21T13:49:03,18800.0,15.2,S
2021-06-21T13:48:32,100.0,15.2,S
2021-06-21T13:48:30,500.0,15.2,S
2021-06-21T13:48:08,600.0,15.2,B
2021-06-21T13:47:33,300.0,15.2,B
2021-06-21T13:46:33,10000.0,15.2,S
2021-06-21T13:46:11,100.0,15.2,S
2021-06-21T13:45:59,600.0,15.2,S
2021-06-21T13:45:56,300.0,15.2,S
2021-06-21T13:45:54,12500.0,15.2,S
2021-06-21T13:45:25,1000.0,15.25,S
2021-06-21T13:44:40,3000.0,15.3,S
2021-06-21T13:44:40,1000.0,15.3,S
2021-06-21T13:44:40,6300.0,15.3,S
2021-06-21T13:44:40,42600.0,15.3,S
2021-06-21T13:44:40,10100.0,15.3,S
2021-06-21T13:44:40,15000.0,15.3,S
2021-06-21T13:44:13,2100.0,15.3,S
2021-06-21T13:44:10,3200.0,15.3,S
2021-06-21T13:44:10,5300.0,15.3,S
2021-06-21T13:43:46,3300.0,15.35,S
2021-06-21T13:42:28,2200.0,15.4,B
2021-06-21T13:42:09,700.0,15.4,S
2021-06-21T13:41:44,1100.0,15.4,B
2021-06-21T13:41:39,8200.0,15.4,B
2021-06-21T13:41:14,1400.0,15.4,B
2021-06-21T13:41:12,500.0,15.4,B
2021-06-21T13:41:08,2100.0,15.4,B
2021-06-21T13:40:43,4700.0,15.3,S
2021-06-21T13:40:42,5000.0,15.4,B
2021-06-21T13:40:11,10400.0,15.3,S
2021-06-21T13:40:11,9600.0,15.35,S
2021-06-21T13:40:03,16300.0,15.45,B
2021-06-21T13:40:03,13700.0,15.45,B
2021-06-21T13:39:42,1200.0,15.4,S
2021-06-21T13:39:28,200.0,15.4,S
2021-06-21T13:39:27,5400.0,15.45,B
2021-06-21T13:39:23,8400.0,15.35,S
2021-06-21T13:39:17,200.0,15.4,S
2021-06-21T13:39:09,1500.0,15.45,B
2021-06-21T13:38:58,1000.0,15.4,S
2021-06-21T13:38:34,100.0,15.45,B
2021-06-21T13:38:32,1000.0,15.45,B
2021-06-21T13:38:27,1000.0,15.45,B
2021-06-21T13:38:26,900.0,15.45,B
2021-06-21T13:38:15,2000.0,15.45,B
2021-06-21T13:37:53,100.0,15.45,B
2021-06-21T13:37:28,100.0,15.45,B
2021-06-21T13:37:23,7200.0,15.4,B
2021-06-21T13:37:23,4500.0,15.4,B
2021-06-21T13:37:16,100.0,15.4,B
2021-06-21T13:37:01,500.0,15.4,B
2021-06-21T13:36:59,2000.0,15.35,S
2021-06-21T13:36:35,10200.0,15.35,B
2021-06-21T13:35:41,200.0,15.35,B
2021-06-21T13:34:40,100.0,15.35,B
2021-06-21T13:34:38,500.0,15.35,B
2021-06-21T13:34:14,1000.0,15.3,S
2021-06-21T13:33:43,900.0,15.3,B
2021-06-21T13:33:28,1000.0,15.3,B
2021-06-21T13:33:20,10000.0,15.3,B
2021-06-21T13:33:02,5000.0,15.3,B
2021-06-21T13:32:57,10000.0,15.3,B
2021-06-21T13:32:48,7500.0,15.3,B
2021-06-21T13:32:03,600.0,15.25,B
2021-06-21T13:31:42,100.0,15.25,S
2021-06-21T13:31:24,1000.0,15.25,S
2021-06-21T13:31:10,100.0,15.3,B
2021-06-21T13:30:56,1000.0,15.25,S
2021-06-21T13:30:37,1000.0,15.25,B
2021-06-21T13:30:31,5000.0,15.25,B
2021-06-21T13:30:27,6600.0,15.25,B
2021-06-21T13:30:27,3400.0,15.25,B
2021-06-21T13:30:10,100.0,15.25,B
2021-06-21T13:29:58,100.0,15.25,B
2021-06-21T13:29:48,100.0,15.25,B
2021-06-21T13:28:46,5000.0,15.25,B
2021-06-21T13:27:57,2200.0,15.1,B
2021-06-21T13:27:28,2200.0,15.1,B
2021-06-21T13:27:19,3200.0,15.1,B
2021-06-21T13:26:58,10000.0,15.1,B
2021-06-21T13:25:48,100.0,15.1,B
2021-06-21T13:25:17,3000.0,15.1,B
2021-06-21T13:25:13,700.0,15.05,S
2021-06-21T13:25:07,10000.0,15.1,B
2021-06-21T13:24:55,5000.0,15.1,B
2021-06-21T13:24:27,2000.0,15.1,B
2021-06-21T13:23:57,5000.0,15.0,S
2021-06-21T13:23:52,500.0,15.05,S
2021-06-21T13:23:38,300.0,15.1,B
2021-06-21T13:22:51,400.0,15.0,S
2021-06-21T13:22:49,5000.0,15.0,S
2021-06-21T13:22:35,10000.0,15.0,B
2021-06-21T13:22:01,30000.0,15.0,B
2021-06-21T13:21:20,100.0,15.0,B
2021-06-21T13:21:17,500.0,15.0,B
2021-06-21T13:21:16,1000.0,15.0,B
2021-06-21T13:20:47,2100.0,15.0,B
2021-06-21T13:20:43,1000.0,15.0,B
2021-06-21T13:20:31,900.0,15.0,B
2021-06-21T13:20:29,200.0,15.0,B
2021-06-21T13:20:03,300.0,15.0,B
2021-06-21T13:19:49,6700.0,15.0,B
2021-06-21T13:19:37,7400.0,15.0,B
2021-06-21T13:19:04,5000.0,15.0,B
2021-06-21T13:18:33,2500.0,15.0,B
2021-06-21T13:18:25,5000.0,15.0,B
2021-06-21T13:18:03,500.0,15.0,B
2021-06-21T13:16:20,300.0,15.0,B
2021-06-21T13:16:18,400.0,15.0,B
2021-06-21T13:15:56,39200.0,15.0,B
2021-06-21T13:15:54,2000.0,14.95,S
2021-06-21T13:15:50,10000.0,15.0,B
2021-06-21T13:14:50,200.0,15.0,B
2021-06-21T13:14:49,500.0,14.95,B
2021-06-21T13:14:45,300.0,14.95,B
2021-06-21T13:14:22,1000.0,15.0,B
2021-06-21T13:13:58,300.0,14.95,B
2021-06-21T13:13:52,1000.0,14.95,B
2021-06-21T13:13:44,2100.0,14.95,B
2021-06-21T13:13:40,1500.0,14.95,B
2021-06-21T13:13:40,2000.0,14.95,B
2021-06-21T13:13:16,300.0,14.95,B
2021-06-21T13:13:13,1600.0,14.95,B
2021-06-21T13:12:54,1100.0,14.95,B
2021-06-21T13:12:54,21400.0,14.95,B
2021-06-21T13:12:40,100.0,14.95,B
2021-06-21T13:12:10,2400.0,14.9,S
2021-06-21T13:12:10,600.0,14.9,S
2021-06-21T13:12:09,100.0,14.95,B
2021-06-21T13:12:03,1500.0,14.9,S
2021-06-21T13:11:57,4700.0,14.95,B
2021-06-21T13:11:43,2000.0,14.95,B
2021-06-21T13:11:40,200.0,14.95,B
2021-06-21T13:11:21,5000.0,14.9,S
2021-06-21T13:11:20,100.0,14.95,B
2021-06-21T13:11:05,2000.0,14.95,B
2021-06-21T13:11:04,5100.0,14.95,B
2021-06-21T13:11:00,500.0,14.95,B
2021-06-21T13:10:32,100.0,14.95,S
2021-06-21T13:10:31,3000.0,14.9,S
2021-06-21T13:10:19,3600.0,14.9,S
2021-06-21T13:10:19,1400.0,14.9,S
2021-06-21T13:10:17,10000.0,14.9,S
2021-06-21T13:09:53,100.0,14.95,S
2021-06-21T13:09:26,15000.0,14.9,S
2021-06-21T13:08:30,17500.0,14.9,S
2021-06-21T13:08:22,3000.0,14.95,S
2021-06-21T13:07:05,4000.0,15.0,B
2021-06-21T13:07:04,100.0,15.0,B
2021-06-21T13:05:21,5000.0,15.0,B
2021-06-21T13:04:58,1000.0,15.0,B
2021-06-21T13:04:57,300.0,15.0,B
2021-06-21T13:04:38,900.0,15.0,B
2021-06-21T13:04:26,1200.0,15.0,B
2021-06-21T13:04:11,5000.0,15.0,S
2021-06-21T13:03:51,100.0,15.0,S
2021-06-21T13:03:48,2000.0,15.0,S
2021-06-21T13:03:47,100.0,15.0,S
2021-06-21T13:03:35,5000.0,14.95,S
2021-06-21T13:03:33,3000.0,15.0,S
2021-06-21T13:03:24,3100.0,15.0,S
2021-06-21T13:03:12,1000.0,15.0,S
2021-06-21T13:03:09,500.0,15.0,S
2021-06-21T13:03:07,300.0,15.0,S
2021-06-21T13:03:02,600.0,15.0,S
2021-06-21T13:02:58,300.0,15.0,S
2021-06-21T13:02:57,2000.0,15.0,S
2021-06-21T13:02:49,200.0,15.0,S
2021-06-21T13:02:35,800.0,15.0,S
2021-06-21T13:01:35,200.0,15.0,S
2021-06-21T13:01:31,100.0,15.0,S
2021-06-21T13:01:25,100.0,15.0,S
2021-06-21T13:01:24,300.0,15.0,S
2021-06-21T13:01:24,2000.0,15.2,S
2021-06-21T13:01:19,300.0,15.0,S
2021-06-21T13:01:08,100.0,15.0,S
2021-06-21T13:01:02,100.0,15.0,S
2021-06-21T13:00:50,200.0,15.0,S
2021-06-21T13:00:39,100.0,14.95,S
2021-06-21T13:00:39,6900.0,14.95,S
2021-06-21T13:00:39,1900.0,14.95,S
2021-06-21T13:00:39,8100.0,14.95,S
2021-06-21T13:00:38,800.0,14.95,S
2021-06-21T13:00:38,6100.0,14.95,S
2021-06-21T13:00:38,28900.0,15.0,S
2021-06-21T13:00:23,8000.0,15.0,S
2021-06-21T13:00:20,10000.0,15.0,S
2021-06-21T11:29:23,200.0,15.0,S
2021-06-21T11:29:23,100.0,15.0,S
2021-06-21T11:29:22,100.0,15.0,S
2021-06-21T11:29:22,1200.0,15.0,S
2021-06-21T11:29:22,7100.0,15.0,S
2021-06-21T11:29:22,1300.0,15.0,S
2021-06-21T11:29:05,30000.0,15.0,S
2021-06-21T11:28:32,18300.0,15.0,S
2021-06-21T11:28:32,300.0,15.0,S
2021-06-21T11:28:31,60600.0,15.0,S
2021-06-21T11:28:31,1300.0,15.0,S
2021-06-21T11:28:31,6500.0,15.0,S
2021-06-21T11:28:31,11900.0,15.0,S
2021-06-21T11:28:31,200.0,15.0,S
2021-06-21T11:28:31,4200.0,15.0,S
2021-06-21T11:28:31,5500.0,15.0,S
2021-06-21T11:28:31,7200.0,15.0,S
2021-06-21T11:28:31,14000.0,15.0,S
2021-06-21T11:27:37,6500.0,15.05,S
2021-06-21T11:27:37,9500.0,15.05,S
2021-06-21T11:27:37,2000.0,15.1,S
2021-06-21T11:27:37,500.0,15.1,S
2021-06-21T11:27:37,300.0,15.1,S
2021-06-21T11:27:37,1200.0,15.1,S
2021-06-21T11:26:47,400.0,15.1,S
2021-06-21T11:25:29,5000.0,15.1,S
2021-06-21T11:23:20,9500.0,15.1,S
2021-06-21T11:23:20,31600.0,15.1,S
2021-06-21T11:23:20,2300.0,15.1,S
2021-06-21T11:23:20,1300.0,15.1,S
2021-06-21T11:23:20,5300.0,15.1,S
2021-06-21T11:22:17,200.0,15.2,B
2021-06-21T11:22:11,4000.0,15.2,B
2021-06-21T11:21:01,200.0,15.2,B
2021-06-21T11:20:14,500.0,15.2,S
2021-06-21T11:18:59,25000.0,15.15,S
2021-06-21T11:18:54,5000.0,15.2,S
2021-06-21T11:18:52,2000.0,15.25,B
2021-06-21T11:18:11,20000.0,15.2,S
2021-06-21T11:17:23,1000.0,15.25,S
2021-06-21T11:16:52,1000.0,15.25,S
2021-06-21T11:16:45,5000.0,15.25,S
2021-06-21T11:16:42,19000.0,15.25,S
2021-06-21T11:16:33,20000.0,15.25,S
2021-06-21T11:16:18,1000.0,15.25,S
2021-06-21T11:16:01,3300.0,15.25,S
2021-06-21T11:15:54,5000.0,15.25,S
2021-06-21T11:14:49,200.0,15.3,B
2021-06-21T11:13:09,200.0,15.3,B
2021-06-21T11:10:54,400.0,15.3,B
2021-06-21T11:10:37,8300.0,15.3,S
2021-06-21T11:08:12,200.0,15.3,S
2021-06-21T11:07:49,100.0,15.3,S
2021-06-21T11:07:22,1500.0,15.3,S
2021-06-21T11:07:20,200.0,15.3,S
2021-06-21T11:07:20,100.0,15.35,B
2021-06-21T11:06:54,3000.0,15.3,B
2021-06-21T11:06:39,1000.0,15.3,B
2021-06-21T11:06:33,900.0,15.3,B
2021-06-21T11:05:55,200.0,15.3,B
2021-06-21T11:05:53,5000.0,15.3,B
2021-06-21T11:05:39,5500.0,15.3,B
2021-06-21T11:05:33,10000.0,15.3,B
2021-06-21T11:05:22,5000.0,15.3,B
2021-06-21T11:05:04,1500.0,15.3,B
2021-06-21T11:04:19,10000.0,15.3,B
2021-06-21T11:04:18,300.0,15.3,B
2021-06-21T11:04:10,2000.0,15.3,B
2021-06-21T11:04:05,100.0,15.3,B
2021-06-21T11:04:03,200.0,15.3,B
2021-06-21T11:03:41,2900.0,15.3,B
2021-06-21T11:03:03,100.0,15.3,B
2021-06-21T11:02:59,10000.0,15.3,B
2021-06-21T11:02:47,2000.0,15.25,S
2021-06-21T11:02:10,2000.0,15.25,B
2021-06-21T11:01:07,1000.0,15.15,S
2021-06-21T11:00:28,10200.0,15.1,S
2021-06-21T10:59:34,17000.0,15.1,S
2021-06-21T10:59:34,400.0,15.15,B
2021-06-21T10:59:05,2700.0,15.1,B
2021-06-21T10:58:57,100.0,15.1,B
2021-06-21T10:58:55,500.0,15.1,B
2021-06-21T10:58:52,20000.0,15.1,B
2021-06-21T10:58:38,3000.0,15.1,B
2021-06-21T10:58:23,5000.0,15.1,B
2021-06-21T10:58:20,2000.0,15.1,B
2021-06-21T10:57:53,100.0,15.1,B
2021-06-21T10:57:35,200.0,15.1,B
2021-06-21T10:57:32,11900.0,15.1,B
2021-06-21T10:57:16,100.0,15.1,B
2021-06-21T10:57:09,4600.0,15.1,S
2021-06-21T10:57:09,200.0,15.1,S
2021-06-21T10:57:08,6800.0,15.1,S
2021-06-21T10:57:02,200.0,15.15,B
2021-06-21T10:57:02,1000.0,15.15,B
2021-06-21T10:56:59,500.0,15.15,B
2021-06-21T10:56:36,3700.0,15.15,S
2021-06-21T10:56:25,10000.0,15.2,B
2021-06-21T10:56:24,37400.0,15.15,S
2021-06-21T10:56:24,12600.0,15.15,S
2021-06-21T10:56:19,300.0,15.2,B
2021-06-21T10:56:10,19000.0,15.15,S
2021-06-21T10:56:08,400.0,15.2,S
2021-06-21T10:55:58,19000.0,15.2,S
2021-06-21T10:55:50,8400.0,15.2,B
2021-06-21T10:55:48,49100.0,15.2,B
2021-06-21T10:55:45,700.0,15.2,B
2021-06-21T10:55:17,100.0,15.2,S
2021-06-21T10:55:17,600.0,15.2,S
2021-06-21T10:55:17,1500.0,15.2,S
2021-06-21T10:55:10,2000.0,15.2,S
2021-06-21T10:54:58,6500.0,15.2,S
2021-06-21T10:54:48,2000.0,15.2,S
2021-06-21T10:54:35,900.0,15.2,S
2021-06-21T10:54:35,11000.0,15.2,S
2021-06-21T10:54:34,7100.0,15.2,S
2021-06-21T10:54:34,700.0,15.2,S
2021-06-21T10:54:11,1000.0,15.2,S
2021-06-21T10:54:10,1500.0,15.2,S
2021-06-21T10:54:10,10500.0,15.2,S
2021-06-21T10:54:10,7000.0,15.2,S
2021-06-21T10:53:57,2000.0,15.2,S
2021-06-21T10:53:36,2000.0,15.2,S
2021-06-21T10:52:45,200.0,15.25,B
2021-06-21T10:52:23,2400.0,15.25,S
2021-06-21T10:51:49,10000.0,15.25,S
2021-06-21T10:51:43,25000.0,15.25,S
2021-06-21T10:51:42,20000.0,15.3,B
2021-06-21T10:51:31,200.0,15.3,B
2021-06-21T10:51:26,1900.0,15.3,B
2021-06-21T10:51:24,3000.0,15.25,S
2021-06-21T10:51:15,4000.0,15.25,S
2021-06-21T10:50:55,1000.0,15.3,B
2021-06-21T10:50:52,300.0,15.3,B
2021-06-21T10:50:50,900.0,15.3,B
2021-06-21T10:50:40,3300.0,15.3,B
2021-06-21T10:50:40,1700.0,15.3,B
2021-06-21T10:50:19,1000.0,15.3,B
2021-06-21T10:50:16,11300.0,15.25,S
2021-06-21T10:49:55,300.0,15.3,B
2021-06-21T10:49:41,16000.0,15.3,S
2021-06-21T10:49:27,600.0,15.35,B
2021-06-21T10:49:25,7600.0,15.3,S
2021-06-21T10:49:25,6000.0,15.3,S
2021-06-21T10:49:25,3200.0,15.3,S
2021-06-21T10:49:25,2000.0,15.3,S
2021-06-21T10:49:25,100.0,15.3,S
2021-06-21T10:49:25,11100.0,15.3,S
2021-06-21T10:49:17,19000.0,15.3,S
2021-06-21T10:49:08,2000.0,15.35,B
2021-06-21T10:48:56,16400.0,15.35,S
2021-06-21T10:48:55,1000.0,15.4,B
2021-06-21T10:48:50,10000.0,15.35,S
2021-06-21T10:48:36,1000.0,15.4,B
2021-06-21T10:48:28,100.0,15.4,B
2021-06-21T10:48:00,2000.0,15.4,B
2021-06-21T10:47:15,100.0,15.4,B
2021-06-21T10:47:11,800.0,15.35,S
2021-06-21T10:47:11,100.0,15.35,S
2021-06-21T10:47:11,14100.0,15.35,S
2021-06-21T10:47:00,1000.0,15.4,B
2021-06-21T10:46:22,200.0,15.4,B
2021-06-21T10:46:20,3000.0,15.35,S
2021-06-21T10:46:02,1200.0,15.4,B
2021-06-21T10:45:52,1500.0,15.35,S
2021-06-21T10:45:09,1000.0,15.4,S
2021-06-21T10:45:05,6100.0,15.4,S
2021-06-21T10:44:51,1200.0,15.4,S
2021-06-21T10:44:40,1000.0,15.4,S
2021-06-21T10:44:13,2000.0,15.4,B
2021-06-21T10:43:53,1000.0,15.4,B
2021-06-21T10:43:37,1000.0,15.4,B
2021-06-21T10:43:36,200.0,15.4,B
2021-06-21T10:43:33,300.0,15.4,B
2021-06-21T10:43:13,20000.0,15.45,B
2021-06-21T10:43:12,1000.0,15.35,S
2021-06-21T10:42:20,7400.0,15.35,S
2021-06-21T10:42:20,2600.0,15.35,S
2021-06-21T10:42:16,5000.0,15.4,B
2021-06-21T10:42:14,3000.0,15.4,B
2021-06-21T10:41:33,1000.0,15.4,S
2021-06-21T10:41:32,1000.0,15.4,S
2021-06-21T10:41:30,1400.0,15.4,S
2021-06-21T10:40:33,500.0,15.4,B
2021-06-21T10:40:31,2000.0,15.4,B
2021-06-21T10:40:24,600.0,15.4,B
2021-06-21T10:40:23,1000.0,15.4,B
2021-06-21T10:39:56,300.0,15.4,B
2021-06-21T10:39:31,200.0,15.4,B
2021-06-21T10:39:22,4000.0,15.4,B
2021-06-21T10:38:59,500.0,15.4,S
2021-06-21T10:38:59,17100.0,15.4,S
2021-06-21T10:38:54,500.0,15.4,S
2021-06-21T10:38:45,2000.0,15.4,S
2021-06-21T10:38:37,400.0,15.4,B
2021-06-21T10:38:37,200.0,15.4,B
2021-06-21T10:38:33,3000.0,15.4,B
2021-06-21T10:38:21,5000.0,15.4,B
2021-06-21T10:37:54,100.0,15.4,B
2021-06-21T10:37:42,100.0,15.4,B
2021-06-21T10:37:42,4100.0,15.4,B
2021-06-21T10:37:42,3000.0,15.4,B
2021-06-21T10:37:42,2900.0,15.4,B
2021-06-21T10:37:28,9000.0,15.4,B
2021-06-21T10:37:28,100.0,15.4,B
2021-06-21T10:37:04,15100.0,15.4,B
2021-06-21T10:36:47,3200.0,15.4,B
2021-06-21T10:36:32,2000.0,15.35,S
2021-06-21T10:35:52,3000.0,15.4,B
2021-06-21T10:35:18,1000.0,15.4,B
2021-06-21T10:35:10,4400.0,15.35,S
2021-06-21T10:35:01,4000.0,15.35,S
2021-06-21T10:35:01,3000.0,15.35,S
2021-06-21T10:34:42,200.0,15.4,B
2021-06-21T10:34:03,10000.0,15.35,S
2021-06-21T10:33:52,13000.0,15.35,S
2021-06-21T10:33:48,1100.0,15.35,S
2021-06-21T10:33:03,4900.0,15.35,B
2021-06-21T10:32:57,100.0,15.35,B
2021-06-21T10:32:55,100.0,15.35,B
2021-06-21T10:32:54,1000.0,15.35,B
2021-06-21T10:32:51,20000.0,15.35,B
2021-06-21T10:32:45,200.0,15.35,B
2021-06-21T10:32:41,200.0,15.35,B
2021-06-21T10:32:30,100.0,15.35,B
2021-06-21T10:32:30,25000.0,15.3,S
2021-06-21T10:32:27,1700.0,15.35,B
2021-06-21T10:32:07,4000.0,15.35,B
2021-06-21T10:31:58,300.0,15.35,B
2021-06-21T10:31:38,17600.0,15.3,S
2021-06-21T10:31:36,10000.0,15.35,B
2021-06-21T10:31:34,800.0,15.35,B
2021-06-21T10:31:00,500.0,15.3,S
2021-06-21T10:30:56,500.0,15.35,B
2021-06-21T10:30:00,100.0,15.35,B
2021-06-21T10:29:37,21300.0,15.35,S
2021-06-21T10:29:25,20000.0,15.35,S
2021-06-21T10:29:25,400.0,15.4,B
2021-06-21T10:29:16,10000.0,15.35,S
2021-06-21T10:29:09,1000.0,15.4,B
2021-06-21T10:29:05,100.0,15.4,B
2021-06-21T10:28:53,300.0,15.4,B
2021-06-21T10:28:52,1000.0,15.4,B
2021-06-21T10:28:09,9200.0,15.4,S
2021-06-21T10:27:58,3500.0,15.4,S
2021-06-21T10:27:56,1000.0,15.4,S
2021-06-21T10:27:24,1200.0,15.4,S
2021-06-21T10:27:01,100.0,15.45,S
2021-06-21T10:26:52,1000.0,15.5,B
2021-06-21T10:26:40,1000.0,15.4,S
2021-06-21T10:26:35,4300.0,15.5,B
2021-06-21T10:26:32,40500.0,15.4,S
2021-06-21T10:26:24,500.0,15.5,B
2021-06-21T10:26:19,80000.0,15.4,S
2021-06-21T10:26:16,2000.0,15.5,B
2021-06-21T10:26:15,10000.0,15.5,B
2021-06-21T10:26:10,700.0,15.5,B
2021-06-21T10:26:09,2200.0,15.45,S
2021-06-21T10:25:55,300.0,15.5,B
2021-06-21T10:25:49,100.0,15.5,B
2021-06-21T10:25:34,100.0,15.5,S
2021-06-21T10:25:28,61200.0,15.5,S
2021-06-21T10:25:25,5000.0,15.55,B
2021-06-21T10:25:14,500.0,15.5,S
2021-06-21T10:25:14,100.0,15.5,S
2021-06-21T10:25:14,5100.0,15.5,S
2021-06-21T10:25:13,9300.0,15.5,S
2021-06-21T10:25:12,80000.0,15.5,S
2021-06-21T10:24:45,5000.0,15.55,S
2021-06-21T10:24:40,100.0,15.55,S
2021-06-21T10:24:38,200.0,15.55,S
2021-06-21T10:24:34,15200.0,15.5,S
2021-06-21T10:24:33,10000.0,15.55,S
2021-06-21T10:24:27,1000.0,15.55,S
2021-06-21T10:24:21,1100.0,15.55,S
2021-06-21T10:24:21,500.0,15.55,S
2021-06-21T10:24:21,5300.0,15.55,S
2021-06-21T10:24:18,1000.0,15.55,S
2021-06-21T10:23:56,1000.0,15.55,S
2021-06-21T10:23:54,500.0,15.6,B
2021-06-21T10:23:38,1000.0,15.6,S
2021-06-21T10:23:37,1800.0,15.6,S
2021-06-21T10:23:27,1300.0,15.6,S
2021-06-21T10:23:23,700.0,15.6,S
2021-06-21T10:23:23,1100.0,15.6,S
2021-06-21T10:23:23,8200.0,15.6,S
2021-06-21T10:23:08,10000.0,15.6,S
2021-06-21T10:23:07,3500.0,15.65,B
2021-06-21T10:22:50,200.0,15.65,B
2021-06-21T10:22:12,1000.0,15.6,S
2021-06-21T10:21:26,800.0,15.65,B
2021-06-21T10:21:17,10000.0,15.65,B
2021-06-21T10:21:02,4700.0,15.65,B
2021-06-21T10:21:02,300.0,15.65,B
2021-06-21T10:20:19,600.0,15.6,S
2021-06-21T10:20:17,10700.0,15.65,B
2021-06-21T10:20:07,11800.0,15.65,B
2021-06-21T10:20:02,30000.0,15.6,S
2021-06-21T10:19:53,50000.0,15.6,S
2021-06-21T10:19:45,1000.0,15.65,B
2021-06-21T10:19:38,2200.0,15.6,S
2021-06-21T10:19:31,43000.0,15.6,S
2021-06-21T10:19:26,600.0,15.6,S
2021-06-21T10:19:26,600.0,15.6,S
2021-06-21T10:19:26,1100.0,15.6,S
2021-06-21T10:19:21,1200.0,15.65,B
2021-06-21T10:18:44,6300.0,15.6,B
2021-06-21T10:18:37,200.0,15.6,S
2021-06-21T10:18:33,8000.0,15.6,S
2021-06-21T10:18:27,100.0,15.6,S
2021-06-21T10:18:13,200.0,15.6,B
2021-06-21T10:18:12,2000.0,15.6,B
2021-06-21T10:18:04,8800.0,15.6,B
2021-06-21T10:18:04,200.0,15.6,B
2021-06-21T10:18:04,1000.0,15.6,B
2021-06-21T10:18:04,15100.0,15.6,B
2021-06-21T10:18:04,16300.0,15.6,B
2021-06-21T10:18:04,3500.0,15.6,B
2021-06-21T10:18:04,5100.0,15.6,B
2021-06-21T10:17:49,6100.0,15.55,S
2021-06-21T10:17:49,3900.0,15.55,S
2021-06-21T10:16:31,200.0,15.55,B
2021-06-21T10:16:17,10000.0,15.55,B
2021-06-21T10:16:05,46000.0,15.55,B
2021-06-21T10:15:48,100.0,15.55,B
2021-06-21T10:15:43,200.0,15.55,B
2021-06-21T10:15:35,10000.0,15.55,B
2021-06-21T10:15:33,13400.0,15.55,B
2021-06-21T10:15:26,3000.0,15.55,B
2021-06-21T10:15:25,10000.0,15.55,B
2021-06-21T10:15:18,500.0,15.55,B
2021-06-21T10:14:57,1000.0,15.5,S
2021-06-21T10:14:54,11500.0,15.55,B
2021-06-21T10:14:54,2000.0,15.5,S
2021-06-21T10:14:42,400.0,15.5,S
2021-06-21T10:14:41,10000.0,15.55,B
2021-06-21T10:14:37,5700.0,15.55,B
2021-06-21T10:14:17,1000.0,15.5,S
2021-06-21T10:14:13,200.0,15.5,S
2021-06-21T10:14:05,700.0,15.5,S
2021-06-21T10:13:46,100.0,15.5,S
2021-06-21T10:13:36,1000.0,15.5,S
2021-06-21T10:13:33,5000.0,15.5,S
2021-06-21T10:13:20,10000.0,15.5,S
2021-06-21T10:13:04,2000.0,15.5,S
2021-06-21T10:12:29,400.0,15.5,S
2021-06-21T10:12:20,100.0,15.6,B
2021-06-21T10:12:18,500.0,15.5,S
2021-06-21T10:12:08,100.0,15.5,S
2021-06-21T10:12:07,200.0,15.5,S
2021-06-21T10:12:04,25000.0,15.5,S
2021-06-21T10:11:14,5000.0,15.5,S
2021-06-21T10:11:09,500.0,15.5,S
2021-06-21T10:11:08,5000.0,15.6,B
2021-06-21T10:11:02,1000.0,15.5,S
2021-06-21T10:10:50,10000.0,15.5,B
2021-06-21T10:10:48,500.0,15.5,B
2021-06-21T10:10:42,100.0,15.5,B
2021-06-21T10:10:37,500.0,15.5,B
2021-06-21T10:10:34,81200.0,15.5,B
2021-06-21T10:10:29,9400.0,15.4,S
2021-06-21T10:10:29,4100.0,15.45,B
2021-06-21T10:10:21,1000.0,15.45,S
2021-06-21T10:10:05,200.0,15.5,S
2021-06-21T10:09:48,300.0,15.45,S
2021-06-21T10:09:48,1000.0,15.5,S
2021-06-21T10:09:39,200.0,15.5,S
2021-06-21T10:09:36,100.0,15.5,S
2021-06-21T10:09:35,3000.0,15.5,S
2021-06-21T10:09:15,4300.0,15.5,S
2021-06-21T10:09:07,1000.0,15.6,B
2021-06-21T10:09:07,200.0,15.5,S
2021-06-21T10:09:05,20000.0,15.5,S
2021-06-21T10:09:05,500.0,15.5,S
2021-06-21T10:09:01,2000.0,15.5,S
2021-06-21T10:08:59,300.0,15.5,S
2021-06-21T10:08:54,15200.0,15.5,S
2021-06-21T10:08:54,4700.0,15.6,B
2021-06-21T10:08:54,11500.0,15.5,S
2021-06-21T10:08:48,1000.0,15.5,S
2021-06-21T10:08:47,400.0,15.5,S
2021-06-21T10:08:46,200.0,15.5,S
2021-06-21T10:08:44,100.0,15.5,S
2021-06-21T10:08:42,200.0,15.5,S
2021-06-21T10:08:37,3700.0,15.6,B
2021-06-21T10:08:25,800.0,15.5,S
2021-06-21T10:08:24,2000.0,15.5,S
2021-06-21T10:08:17,9000.0,15.6,B
2021-06-21T10:08:17,2400.0,15.6,B
2021-06-21T10:08:16,6600.0,15.6,B
2021-06-21T10:08:16,6000.0,15.6,B
2021-06-21T10:08:16,2100.0,15.6,B
2021-06-21T10:08:16,10000.0,15.6,B
2021-06-21T10:08:16,300.0,15.6,B
2021-06-21T10:08:13,2000.0,15.5,S
2021-06-21T10:08:07,800.0,15.6,B
2021-06-21T10:08:06,400.0,15.6,B
2021-06-21T10:08:06,100.0,15.6,B
2021-06-21T10:07:49,200.0,15.6,S
2021-06-21T10:07:42,36600.0,15.3,S
2021-06-21T10:07:42,500.0,15.35,S
2021-06-21T10:07:42,57300.0,15.35,S
2021-06-21T10:07:41,600.0,15.55,S
2021-06-21T10:07:39,3200.0,15.6,S
2021-06-21T10:07:39,1700.0,15.6,S
2021-06-21T10:07:35,9300.0,15.6,S
2021-06-21T10:07:34,1600.0,15.7,B
2021-06-21T10:07:34,1800.0,15.7,B
2021-06-21T10:07:26,9000.0,15.6,S
2021-06-21T10:07:11,100.0,15.7,B
2021-06-21T10:07:11,13100.0,15.7,B
2021-06-21T10:07:05,20000.0,15.6,S
2021-06-21T10:07:04,100.0,15.7,S
2021-06-21T10:06:30,100.0,15.7,S
2021-06-21T10:06:11,19000.0,15.65,S
2021-06-21T10:06:10,5000.0,15.7,S
2021-06-21T10:06:07,1000.0,15.7,S
2021-06-21T10:06:03,1000.0,15.7,S
2021-06-21T10:05:56,6700.0,15.7,S
2021-06-21T10:05:56,100.0,15.7,S
2021-06-21T10:05:42,1000.0,15.7,S
2021-06-21T10:05:39,100.0,15.75,B
2021-06-21T10:05:25,500.0,15.75,B
2021-06-21T10:05:23,100.0,15.75,B
2021-06-21T10:05:16,100.0,15.75,B
2021-06-21T10:05:13,2000.0,15.75,B
2021-06-21T10:05:04,200.0,15.75,B
2021-06-21T10:05:03,10000.0,15.7,S
2021-06-21T10:05:00,500.0,15.75,B
2021-06-21T10:04:58,24000.0,15.7,S
2021-06-21T10:04:58,1000.0,15.75,B
2021-06-21T10:04:48,1100.0,15.75,B
2021-06-21T10:04:44,33000.0,15.75,B
2021-06-21T10:04:43,500.0,15.75,B
2021-06-21T10:04:33,1500.0,15.7,S
2021-06-21T10:04:32,300.0,15.75,S
2021-06-21T10:04:23,3800.0,15.75,S
2021-06-21T10:04:13,15000.0,15.75,S
2021-06-21T10:04:13,300.0,15.75,S
2021-06-21T10:04:13,5000.0,15.7,S
2021-06-21T10:04:12,1000.0,15.75,S
2021-06-21T10:04:10,5000.0,15.7,S
2021-06-21T10:04:00,1000.0,15.8,B
2021-06-21T10:03:57,3000.0,15.8,B
2021-06-21T10:03:55,100.0,15.8,B
2021-06-21T10:03:52,1400.0,15.8,B
2021-06-21T10:03:52,2700.0,15.8,B
2021-06-21T10:03:47,100.0,15.8,B
2021-06-21T10:03:42,100.0,15.8,B
2021-06-21T10:03:30,10000.0,15.8,B
2021-06-21T10:03:28,200.0,15.75,S
2021-06-21T10:03:28,14000.0,15.7,S
2021-06-21T10:03:25,3000.0,15.7,S
2021-06-21T10:03:20,100.0,15.7,S
2021-06-21T10:03:20,43600.0,15.7,S
2021-06-21T10:03:17,300.0,15.7,S
2021-06-21T10:03:17,500.0,15.7,S
2021-06-21T10:03:16,200.0,15.7,S
2021-06-21T10:03:16,1000.0,15.7,S
2021-06-21T10:03:16,6000.0,15.7,S
2021-06-21T10:03:16,1100.0,15.7,S
2021-06-21T10:03:16,5700.0,15.7,S
2021-06-21T10:03:16,10900.0,15.75,S
2021-06-21T10:03:16,6000.0,15.75,S
2021-06-21T10:03:16,7800.0,15.75,S
2021-06-21T10:03:13,300.0,15.8,B
2021-06-21T10:03:11,200.0,15.8,B
2021-06-21T10:03:09,1000.0,15.8,B
2021-06-21T10:03:08,5900.0,15.8,B
2021-06-21T10:02:53,7000.0,15.8,B
2021-06-21T10:02:52,1500.0,15.8,B
2021-06-21T10:02:47,1000.0,15.8,B
2021-06-21T10:02:46,400.0,15.8,B
2021-06-21T10:02:34,1200.0,15.8,B
2021-06-21T10:02:33,2000.0,15.75,B
2021-06-21T10:02:29,2100.0,15.75,B
2021-06-21T10:02:26,7400.0,15.8,B
2021-06-21T10:02:18,100.0,15.75,B
2021-06-21T10:02:09,700.0,15.75,B
2021-06-21T10:02:05,500.0,15.75,B
2021-06-21T10:02:05,500.0,15.7,S
2021-06-21T10:02:00,2000.0,15.7,S
2021-06-21T10:01:59,500.0,15.75,B
2021-06-21T10:01:57,10000.0,15.75,B
2021-06-21T10:01:52,500.0,15.7,S
2021-06-21T10:01:27,2000.0,15.7,B
2021-06-21T10:01:24,800.0,15.7,B
2021-06-21T10:01:21,500.0,15.8,B
2021-06-21T10:01:15,400.0,15.7,B
2021-06-21T10:01:08,100.0,15.65,S
2021-06-21T10:01:06,2500.0,15.7,B
2021-06-21T10:01:04,200.0,15.7,B
2021-06-21T10:01:01,1000.0,15.8,B
2021-06-21T10:01:01,64700.0,15.8,B
2021-06-21T10:01:01,2000.0,15.8,B
2021-06-21T10:01:01,28700.0,15.75,B
2021-06-21T10:01:01,1500.0,15.7,B
2021-06-21T10:01:01,2100.0,15.7,B
2021-06-21T10:00:57,100.0,15.7,B
2021-06-21T10:00:51,1300.0,15.7,B
2021-06-21T10:00:44,5000.0,15.7,B
2021-06-21T10:00:38,1600.0,15.7,B
2021-06-21T10:00:38,700.0,15.7,B
2021-06-21T10:00:38,1400.0,15.7,B
2021-06-21T10:00:36,1000.0,15.65,S
2021-06-21T10:00:34,100.0,15.65,S
2021-06-21T10:00:33,100.0,15.65,S
2021-06-21T10:00:32,4200.0,15.7,B
2021-06-21T10:00:32,5800.0,15.7,B
2021-06-21T10:00:21,1000.0,15.6,S
2021-06-21T09:59:56,100.0,15.6,B
2021-06-21T09:59:50,1000.0,15.6,B
2021-06-21T09:59:44,200.0,15.7,B
2021-06-21T09:59:44,13800.0,15.7,B
2021-06-21T09:59:42,2000.0,15.6,B
2021-06-21T09:59:29,400.0,15.6,B
2021-06-21T09:59:29,100.0,15.6,B
2021-06-21T09:59:29,400.0,15.6,B
2021-06-21T09:59:29,2000.0,15.6,B
2021-06-21T09:59:29,2500.0,15.6,B
2021-06-21T09:59:29,15700.0,15.6,B
2021-06-21T09:59:29,16800.0,15.6,B
2021-06-21T09:59:26,2500.0,15.6,B
2021-06-21T09:59:21,3000.0,15.6,B
2021-06-21T09:59:12,4000.0,15.6,B
2021-06-21T09:59:09,300.0,15.55,S
2021-06-21T09:59:05,400.0,15.6,B
2021-06-21T09:59:05,300.0,15.6,B
2021-06-21T09:59:04,600.0,15.6,B
2021-06-21T09:59:01,1000.0,15.6,B
2021-06-21T09:58:58,50000.0,15.5,S
2021-06-21T09:58:56,2100.0,15.55,B
2021-06-21T09:58:56,900.0,15.55,B
2021-06-21T09:58:56,10200.0,15.55,B
2021-06-21T09:58:56,200.0,15.55,B
2021-06-21T09:58:56,4800.0,15.55,B
2021-06-21T09:58:56,1000.0,15.55,B
2021-06-21T09:58:54,2000.0,15.55,B
2021-06-21T09:58:44,500.0,15.6,B
2021-06-21T09:58:37,2000.0,15.6,B
2021-06-21T09:58:36,5500.0,15.6,B
2021-06-21T09:58:36,3000.0,15.6,B
2021-06-21T09:58:30,100.0,15.55,B
2021-06-21T09:58:30,300.0,15.55,B
2021-06-21T09:58:28,100.0,15.6,B
2021-06-21T09:58:09,1500.0,15.6,B
2021-06-21T09:58:05,500.0,15.55,B
2021-06-21T09:58:02,20000.0,15.6,B
2021-06-21T09:58:01,200.0,15.55,B
2021-06-21T09:57:58,100.0,15.55,B
2021-06-21T09:57:57,15000.0,15.55,B
2021-06-21T09:57:53,1000.0,15.55,B
2021-06-21T09:57:42,500.0,15.55,B
2021-06-21T09:57:41,300.0,15.55,B
2021-06-21T09:57:41,4000.0,15.55,B
2021-06-21T09:57:40,100.0,15.5,S
2021-06-21T09:57:39,100.0,15.55,B
2021-06-21T09:57:31,4700.0,15.55,B
2021-06-21T09:57:10,1400.0,15.5,S
2021-06-21T09:57:07,200.0,15.55,B
2021-06-21T09:57:05,500.0,15.55,B
2021-06-21T09:56:52,3600.0,15.55,B
2021-06-21T09:56:51,5000.0,15.55,B
2021-06-21T09:56:38,1500.0,15.5,S
2021-06-21T09:56:38,1300.0,15.5,S
2021-06-21T09:56:37,20000.0,15.5,S
2021-06-21T09:56:31,100.0,15.5,S
2021-06-21T09:56:28,3200.0,15.55,B
2021-06-21T09:56:27,100.0,15.55,B
2021-06-21T09:56:23,2000.0,15.5,B
2021-06-21T09:56:12,1000.0,15.55,B
2021-06-21T09:56:10,2900.0,15.4,S
2021-06-21T09:56:10,300.0,15.4,S
2021-06-21T09:56:10,16800.0,15.4,S
2021-06-21T09:56:10,1300.0,15.5,B
2021-06-21T09:56:08,300.0,15.5,B
2021-06-21T09:56:05,100.0,15.5,B
2021-06-21T09:56:05,300.0,15.5,B
2021-06-21T09:56:04,1600.0,15.5,B
2021-06-21T09:56:03,300.0,15.5,B
2021-06-21T09:56:01,1500.0,15.5,B
2021-06-21T09:56:01,1400.0,15.5,B
2021-06-21T09:56:01,6000.0,15.5,B
2021-06-21T09:55:51,100.0,15.5,B
2021-06-21T09:55:49,5000.0,15.5,B
2021-06-21T09:55:47,5400.0,15.5,B
2021-06-21T09:55:43,500.0,15.5,B
2021-06-21T09:55:42,100.0,15.4,S
2021-06-21T09:55:37,8100.0,15.5,B
2021-06-21T09:55:37,2500.0,15.5,B
2021-06-21T09:55:37,11300.0,15.5,B
2021-06-21T09:55:37,1000.0,15.5,B
2021-06-21T09:55:37,27100.0,15.5,B
2021-06-21T09:55:26,1500.0,15.5,B
2021-06-21T09:55:19,112000.0,15.5,B
2021-06-21T09:54:52,100.0,15.4,B
2021-06-21T09:54:50,1000.0,15.45,B
2021-06-21T09:54:36,5000.0,15.4,B
2021-06-21T09:54:28,1000.0,15.4,B
2021-06-21T09:54:08,5000.0,15.4,B
2021-06-21T09:53:58,11100.0,15.35,B
2021-06-21T09:53:58,300.0,15.35,B
2021-06-21T09:53:52,300.0,15.35,B
2021-06-21T09:53:52,3000.0,15.35,B
2021-06-21T09:53:41,500.0,15.35,B
2021-06-21T09:53:35,200.0,15.35,B
2021-06-21T09:53:31,300.0,15.35,B
2021-06-21T09:53:29,100.0,15.35,B
2021-06-21T09:53:14,500.0,15.35,B
2021-06-21T09:53:10,1000.0,15.35,B
2021-06-21T09:52:51,500.0,15.35,B
2021-06-21T09:52:45,3000.0,15.3,B
2021-06-21T09:52:43,1000.0,15.3,B
2021-06-21T09:52:39,1000.0,15.3,B
2021-06-21T09:52:36,5000.0,15.3,B
2021-06-21T09:52:33,200.0,15.3,B
2021-06-21T09:52:32,100.0,15.3,B
2021-06-21T09:52:31,1000.0,15.3,B
2021-06-21T09:52:30,10000.0,15.3,B
2021-06-21T09:52:25,100.0,15.3,B
2021-06-21T09:52:23,3300.0,15.3,B
2021-06-21T09:52:19,5300.0,15.3,B
2021-06-21T09:52:19,1300.0,15.3,B
2021-06-21T09:52:19,1600.0,15.3,B
2021-06-21T09:52:19,1800.0,15.3,B
2021-06-21T09:52:19,3600.0,15.3,B
2021-06-21T09:52:16,100.0,15.3,B
2021-06-21T09:52:16,30000.0,15.3,B
2021-06-21T09:52:15,1000.0,15.3,B
2021-06-21T09:52:15,5000.0,15.3,B
2021-06-21T09:52:14,200.0,15.3,B
2021-06-21T09:51:56,500.0,15.3,B
2021-06-21T09:51:47,10000.0,15.3,B
2021-06-21T09:51:32,1000.0,15.3,B
2021-06-21T09:51:28,10000.0,15.2,B
2021-06-21T09:50:51,2200.0,15.2,B
2021-06-21T09:50:48,1000.0,15.2,B
2021-06-21T09:50:41,6700.0,15.2,B
2021-06-21T09:50:39,10000.0,15.2,B
2021-06-21T09:50:31,100.0,15.2,B
2021-06-21T09:50:28,30000.0,15.2,B
2021-06-21T09:50:27,100.0,15.1,S
2021-06-21T09:50:06,100.0,15.1,B
2021-06-21T09:50:00,100.0,15.1,B
2021-06-21T09:49:52,2000.0,15.1,B
2021-06-21T09:49:29,50000.0,15.1,B
2021-06-21T09:48:42,73200.0,15.0,B
2021-06-21T09:48:38,100000.0,15.0,B
2021-06-21T09:48:03,500.0,15.0,B
2021-06-21T09:48:02,50000.0,15.0,B
2021-06-21T09:48:01,2000.0,15.0,B
2021-06-21T09:47:59,600.0,14.95,S
2021-06-21T09:47:47,10000.0,14.95,S
2021-06-21T09:47:25,100.0,15.0,B
2021-06-21T09:47:07,100.0,14.95,S
2021-06-21T09:46:43,1000.0,14.95,B
2021-06-21T09:46:34,6200.0,14.95,B
2021-06-21T09:46:30,200.0,14.9,S
2021-06-21T09:46:28,50000.0,14.95,B
2021-06-21T09:46:07,100.0,14.9,S
2021-06-21T09:46:05,20000.0,14.95,B
2021-06-21T09:46:05,500.0,14.95,B
2021-06-21T09:45:31,20000.0,14.95,B
2021-06-21T09:45:24,10000.0,14.95,B
2021-06-21T09:45:12,4500.0,14.9,S
2021-06-21T09:44:58,17000.0,14.9,S
2021-06-21T09:44:39,400.0,14.95,B
2021-06-21T09:44:36,2000.0,14.9,S
2021-06-21T09:44:28,100.0,14.95,B
2021-06-21T09:44:19,18000.0,14.9,S
2021-06-21T09:43:40,10700.0,14.95,B
2021-06-21T09:43:25,2000.0,14.95,B
2021-06-21T09:43:17,8100.0,14.95,B
2021-06-21T09:42:30,6600.0,14.95,B
2021-06-21T09:42:20,10000.0,14.95,B
2021-06-21T09:42:10,3000.0,14.9,S
2021-06-21T09:42:06,20000.0,14.95,B
2021-06-21T09:41:41,20100.0,14.9,S
2021-06-21T09:41:39,10000.0,14.95,B
2021-06-21T09:41:32,500.0,14.9,S
2021-06-21T09:41:16,15000.0,14.9,S
2021-06-21T09:41:11,3500.0,14.95,B
2021-06-21T09:41:08,11800.0,14.95,B
2021-06-21T09:41:07,6700.0,14.95,B
2021-06-21T09:41:00,10400.0,14.95,B
2021-06-21T09:40:56,30000.0,14.95,B
2021-06-21T09:40:55,1000.0,14.95,B
2021-06-21T09:40:53,500.0,14.95,B
2021-06-21T09:40:50,20000.0,14.95,B
2021-06-21T09:40:43,100.0,14.95,B
2021-06-21T09:40:33,1000.0,14.95,B
2021-06-21T09:40:28,1000.0,14.95,B
2021-06-21T09:39:56,100.0,14.95,B
2021-06-21T09:39:39,700.0,14.95,B
2021-06-21T09:39:24,400.0,14.95,B
2021-06-21T09:38:47,2000.0,14.95,B
2021-06-21T09:38:44,11000.0,14.9,S
2021-06-21T09:38:10,300.0,14.95,B
2021-06-21T09:37:59,30000.0,14.9,S
2021-06-21T09:37:53,7000.0,14.95,B
2021-06-21T09:37:47,100.0,14.95,B
2021-06-21T09:37:32,26600.0,14.85,S
2021-06-21T09:37:30,40000.0,14.95,B
2021-06-21T09:37:14,45000.0,14.95,B
2021-06-21T09:37:13,300.0,14.95,B
2021-06-21T09:37:09,49600.0,14.95,B
2021-06-21T09:37:09,400.0,14.95,B
2021-06-21T09:37:02,50000.0,14.95,B
2021-06-21T09:36:57,1400.0,14.9,S
2021-06-21T09:36:55,37800.0,14.9,S
2021-06-21T09:36:55,12200.0,14.9,S
2021-06-21T09:36:54,2000.0,14.9,S
2021-06-21T09:36:46,10000.0,14.9,S
2021-06-21T09:36:39,1000.0,14.9,S
2021-06-21T09:36:08,1000.0,14.9,S
2021-06-21T09:36:04,100.0,14.9,S
2021-06-21T09:35:55,1300.0,14.9,S
2021-06-21T09:35:41,300.0,14.9,S
2021-06-21T09:35:36,1000.0,14.9,S
2021-06-21T09:35:34,1000.0,14.9,S
2021-06-21T09:35:11,900.0,14.9,S
2021-06-21T09:35:02,5000.0,14.9,S
2021-06-21T09:34:54,1300.0,14.9,S
2021-06-21T09:34:52,1000.0,14.9,S
2021-06-21T09:34:46,1900.0,14.9,S
2021-06-21T09:34:44,800.0,14.9,S
2021-06-21T09:34:29,1600.0,14.9,S
2021-06-21T09:34:29,8400.0,14.9,S
2021-06-21T09:34:06,13700.0,14.9,S
2021-06-21T09:34:01,5500.0,14.85,S
2021-06-21T09:34:00,5000.0,14.9,S
2021-06-21T09:33:55,2000.0,14.9,S
2021-06-21T09:33:54,1000.0,14.9,S
2021-06-21T09:33:53,200.0,14.9,S
2021-06-21T09:33:49,200.0,14.9,S
2021-06-21T09:33:49,27900.0,14.9,S
2021-06-21T09:33:29,400.0,14.9,S
2021-06-21T09:33:29,2500.0,14.95,B
2021-06-21T09:33:20,400.0,14.95,B
2021-06-21T09:33:20,3000.0,14.95,B
2021-06-21T09:32:59,1200.0,14.9,S
2021-06-21T09:32:50,4500.0,14.85,S
2021-06-21T09:32:50,100.0,14.85,S
2021-06-21T09:32:50,1300.0,14.85,S
2021-06-21T09:32:50,2000.0,14.85,S
2021-06-21T09:32:49,2100.0,14.85,S
2021-06-21T09:32:49,500.0,14.9,S
2021-06-21T09:32:49,1000.0,14.9,S
2021-06-21T09:32:42,10000.0,14.9,S
2021-06-21T09:32:31,7300.0,14.9,S
2021-06-21T09:32:17,10000.0,14.9,S
2021-06-21T09:32:05,3000.0,14.9,S
2021-06-21T09:31:59,10000.0,14.9,S
2021-06-21T09:31:49,1000.0,14.95,B
2021-06-21T09:31:43,20000.0,14.9,S
2021-06-21T09:31:26,100.0,14.9,S
2021-06-21T09:31:26,9600.0,14.9,S
2021-06-21T09:31:25,500.0,14.9,S
2021-06-21T09:31:23,500.0,14.9,S
2021-06-21T09:31:23,100.0,14.95,B
2021-06-21T09:30:53,400.0,14.9,S
2021-06-21T09:30:37,600.0,14.9,S
2021-06-21T09:30:17,400.0,14.95,B
2021-06-21T09:29:59,200.0,14.85,S
2021-06-21T09:29:56,2900.0,14.85,S
2021-06-21T09:29:56,3600.0,14.85,S
2021-06-21T09:29:56,1000.0,14.85,S
2021-06-21T09:29:56,2300.0,14.85,S
2021-06-21T09:29:56,10200.0,14.85,S
2021-06-21T09:29:49,10000.0,14.9,B
2021-06-21T09:29:38,200.0,14.95,B
2021-06-21T09:29:28,5100.0,14.85,S
2021-06-21T09:29:28,12000.0,14.85,S
2021-06-21T09:29:28,3400.0,14.85,S
2021-06-21T09:28:37,1600.0,14.85,S
2021-06-21T09:28:37,6900.0,14.85,S
2021-06-21T09:28:37,6100.0,14.85,S
2021-06-21T09:28:37,400.0,14.9,B
2021-06-21T09:28:19,10000.0,14.95,B
2021-06-21T09:28:09,1400.0,14.9,B
2021-06-21T09:28:09,2500.0,14.9,B
2021-06-21T09:28:09,42000.0,14.9,B
2021-06-21T09:28:09,4100.0,14.9,B
2021-06-21T09:28:05,6900.0,14.9,B
2021-06-21T09:28:05,4300.0,14.9,B
2021-06-21T09:28:05,8000.0,14.9,B
2021-06-21T09:28:05,15000.0,14.9,B
2021-06-21T09:28:05,11000.0,14.9,B
2021-06-21T09:28:04,4800.0,14.9,B
2021-06-21T09:27:47,20000.0,14.9,B
2021-06-21T09:27:17,10000.0,14.9,B
2021-06-21T09:27:04,1000.0,14.9,B
2021-06-21T09:27:04,9000.0,14.9,B
2021-06-21T09:26:43,10000.0,14.9,B
2021-06-21T09:26:18,300.0,14.9,B
2021-06-21T09:26:02,5000.0,14.9,B
2021-06-21T09:25:56,2000.0,14.9,B
2021-06-21T09:25:12,19300.0,14.9,B
2021-06-21T09:25:01,17000.0,14.9,B
2021-06-21T09:25:00,5000.0,14.9,B
2021-06-21T09:24:43,10000.0,14.9,B
2021-06-21T09:24:43,10000.0,14.9,B
2021-06-21T09:24:38,100.0,14.85,S
2021-06-21T09:24:35,2000.0,14.9,B
2021-06-21T09:24:33,10000.0,14.9,B
2021-06-21T09:24:32,2100.0,14.9,B
2021-06-21T09:24:10,90000.0,14.85,S
2021-06-21T09:24:07,5100.0,14.9,B
2021-06-21T09:24:03,29000.0,14.9,B
2021-06-21T09:23:57,6200.0,14.9,B
2021-06-21T09:23:43,2000.0,14.9,B
2021-06-21T09:23:13,5000.0,14.9,B
2021-06-21T09:23:05,38200.0,14.85,S
2021-06-21T09:22:56,2000.0,14.85,S
2021-06-21T09:22:55,500.0,14.9,B
2021-06-21T09:22:50,1000.0,14.85,S
2021-06-21T09:22:49,10000.0,14.85,S
2021-06-21T09:22:47,1600.0,14.85,S
2021-06-21T09:22:22,100.0,14.85,S
2021-06-21T09:22:22,10000.0,14.85,S
2021-06-21T09:22:16,60000.0,14.85,S
2021-06-21T09:21:44,10000.0,14.85,S
2021-06-21T09:21:22,1800.0,14.85,S
2021-06-21T09:21:07,49000.0,14.85,S
2021-06-21T09:21:04,200.0,14.9,B
2021-06-21T09:20:53,10000.0,14.9,B
2021-06-21T09:20:46,9700.0,14.85,B
2021-06-21T09:20:37,300.0,14.85,B
2021-06-21T09:20:33,1000.0,14.9,B
2021-06-21T09:20:20,20000.0,14.8,S
2021-06-21T09:20:01,35000.0,14.9,B
2021-06-21T09:19:59,1000.0,14.85,B
2021-06-21T09:19:41,10000.0,14.85,S
2021-06-21T09:19:40,500.0,14.85,S
2021-06-21T09:19:40,1000.0,14.85,S
2021-06-21T09:19:34,18700.0,14.85,S
2021-06-21T09:19:31,9000.0,14.9,B
2021-06-21T09:19:27,100.0,14.9,B
2021-06-21T09:19:23,200.0,14.9,B
2021-06-21T09:19:08,500.0,14.9,B
2021-06-21T09:19:02,1100.0,14.9,B
2021-06-21T09:19:01,1000.0,14.9,B
2021-06-21T09:18:47,200.0,14.9,B
2021-06-21T09:18:38,1500.0,14.9,B
2021-06-21T09:18:36,100.0,14.9,B
2021-06-21T09:18:36,1000.0,14.9,B
2021-06-21T09:18:31,500.0,14.9,B
2021-06-21T09:18:19,5000.0,14.9,B
2021-06-21T09:18:17,400.0,14.9,B
2021-06-21T09:18:14,100.0,14.9,B
2021-06-21T09:18:03,300.0,14.9,B
2021-06-21T09:17:46,100.0,14.9,B
2021-06-21T09:17:26,13000.0,14.9,B
2021-06-21T09:17:23,200.0,14.85,S
2021-06-21T09:17:20,100.0,14.9,B
2021-06-21T09:17:18,300.0,14.9,B
2021-06-21T09:17:14,1300.0,14.9,B
2021-06-21T09:17:10,100.0,14.9,B
2021-06-21T09:17:04,100.0,14.9,B
2021-06-21T09:16:43,500.0,14.9,B
2021-06-21T09:16:43,6000.0,14.9,B
2021-06-21T09:16:43,1500.0,14.9,B
2021-06-21T09:16:41,6100.0,14.8,S
2021-06-21T09:16:40,1000.0,14.9,B
2021-06-21T09:16:36,500.0,14.9,B
2021-06-21T09:16:29,400.0,14.9,B
2021-06-21T09:16:24,800.0,14.9,S
2021-06-21T09:16:21,100.0,14.95,B
2021-06-21T09:16:12,1000.0,14.95,B
2021-06-21T09:16:08,500.0,14.95,B
2021-06-21T09:15:57,200.0,14.9,S
2021-06-21T09:15:57,1000.0,14.95,B
2021-06-21T09:15:57,1800.0,14.95,B
2021-06-21T09:15:52,20000.0,14.95,S
2021-06-21T09:15:47,1000.0,14.95,S
2021-06-21T09:15:42,4300.0,14.8,S
2021-06-21T09:15:42,1300.0,14.8,S
2021-06-21T09:15:42,20200.0,14.8,S
2021-06-21T09:15:42,1000.0,14.9,S
2021-06-21T09:15:42,13000.0,14.9,S
2021-06-21T09:15:42,52900.0,14.9,S
2021-06-21T09:15:42,7300.0,14.9,S
2021-06-21T09:15:42,100.0,14.95,S
2021-06-21T09:15:39,200.0,14.95,S
2021-06-21T09:15:38,19000.0,14.95,S
