tradingTime,volume,price,side
2021-06-21T14:21:07,200.0,27.95,S
2021-06-21T14:20:39,2100.0,28.0,S
2021-06-21T14:20:17,200.0,28.0,S
2021-06-21T14:20:16,400.0,28.0,S
2021-06-21T14:20:16,100.0,28.0,S
2021-06-21T14:19:09,100.0,28.0,S
2021-06-21T14:18:27,200.0,28.0,S
2021-06-21T14:18:06,800.0,28.0,S
2021-06-21T14:18:00,200.0,28.05,B
2021-06-21T14:17:31,500.0,28.0,S
2021-06-21T14:16:35,100.0,28.0,S
2021-06-21T14:16:17,1000.0,28.0,S
2021-06-21T14:15:15,300.0,28.05,S
2021-06-21T14:14:52,300.0,28.0,S
2021-06-21T14:14:08,3800.0,28.0,S
2021-06-21T14:14:08,6200.0,28.0,S
2021-06-21T14:14:02,400.0,28.05,S
2021-06-21T14:13:48,600.0,28.05,S
2021-06-21T14:12:39,200.0,28.05,S
2021-06-21T14:12:11,500.0,28.1,B
2021-06-21T14:11:53,100.0,28.05,S
2021-06-21T14:11:16,500.0,28.1,B
2021-06-21T14:10:49,1000.0,28.1,B
2021-06-21T14:10:39,2000.0,28.05,S
2021-06-21T14:10:39,500.0,28.1,B
2021-06-21T14:09:58,200.0,28.1,B
2021-06-21T14:09:05,6500.0,28.1,B
2021-06-21T14:08:03,100.0,28.1,B
2021-06-21T14:07:23,100.0,28.05,S
2021-06-21T14:06:52,200.0,28.05,B
2021-06-21T14:06:31,1200.0,28.05,S
2021-06-21T14:05:30,1000.0,28.1,B
2021-06-21T14:04:01,2500.0,28.1,B
2021-06-21T14:03:15,700.0,28.0,B
2021-06-21T14:03:09,500.0,28.0,B
2021-06-21T14:03:02,200.0,28.0,B
2021-06-21T14:03:00,300.0,28.0,B
2021-06-21T14:02:49,1100.0,27.95,S
2021-06-21T14:02:47,200.0,28.0,B
2021-06-21T14:02:44,100.0,28.0,B
2021-06-21T14:02:34,600.0,28.0,B
2021-06-21T14:02:22,100.0,28.0,B
2021-06-21T14:00:14,2900.0,27.95,B
2021-06-21T14:00:01,1000.0,27.95,B
2021-06-21T13:59:49,500.0,27.95,B
2021-06-21T13:59:25,1200.0,27.95,B
2021-06-21T13:59:25,800.0,27.95,B
2021-06-21T13:57:45,900.0,27.9,B
2021-06-21T13:57:13,3000.0,27.9,B
2021-06-21T13:57:06,5000.0,27.9,B
2021-06-21T13:56:52,2000.0,27.9,B
2021-06-21T13:56:42,400.0,27.9,B
2021-06-21T13:56:21,1200.0,27.8,S
2021-06-21T13:56:21,4000.0,27.8,S
2021-06-21T13:56:21,1500.0,27.8,S
2021-06-21T13:56:21,8700.0,27.8,S
2021-06-21T13:56:21,200.0,27.85,S
2021-06-21T13:56:21,14400.0,27.85,S
2021-06-21T13:56:17,5000.0,27.9,B
2021-06-21T13:56:01,500.0,27.9,B
2021-06-21T13:55:54,5000.0,27.9,B
2021-06-21T13:55:33,100.0,27.9,B
2021-06-21T13:55:13,200.0,27.9,B
2021-06-21T13:55:09,5000.0,27.9,B
2021-06-21T13:54:38,500.0,27.9,B
2021-06-21T13:54:33,100.0,27.9,B
2021-06-21T13:54:27,1000.0,27.9,B
2021-06-21T13:53:46,4000.0,27.9,B
2021-06-21T13:53:32,200.0,27.9,S
2021-06-21T13:53:19,2500.0,27.9,S
2021-06-21T13:53:19,200.0,27.9,S
2021-06-21T13:53:19,200.0,27.9,S
2021-06-21T13:53:18,13500.0,27.9,S
2021-06-21T13:53:06,1000.0,27.9,S
2021-06-21T13:53:02,500.0,27.9,S
2021-06-21T13:52:53,1300.0,27.9,S
2021-06-21T13:52:15,1000.0,27.9,S
2021-06-21T13:51:41,100.0,27.95,S
2021-06-21T13:51:18,500.0,27.95,S
2021-06-21T13:50:55,200.0,27.95,S
2021-06-21T13:50:02,200.0,28.0,B
2021-06-21T13:49:54,100.0,28.0,B
2021-06-21T13:49:38,200.0,28.0,B
2021-06-21T13:49:01,200.0,28.0,B
2021-06-21T13:48:43,1000.0,28.0,S
2021-06-21T13:48:43,1000.0,28.0,S
2021-06-21T13:48:27,200.0,28.0,S
2021-06-21T13:48:05,1900.0,28.0,S
2021-06-21T13:48:05,800.0,28.0,S
2021-06-21T13:48:05,3600.0,28.0,S
2021-06-21T13:48:05,3700.0,28.0,S
2021-06-21T13:47:07,100.0,28.1,B
2021-06-21T13:46:28,1000.0,28.1,B
2021-06-21T13:45:06,1000.0,28.1,B
2021-06-21T13:44:53,2500.0,28.1,S
2021-06-21T13:44:37,100.0,28.1,S
2021-06-21T13:44:15,500.0,28.1,S
2021-06-21T13:43:55,1000.0,28.1,S
2021-06-21T13:43:50,100.0,28.1,S
2021-06-21T13:41:47,2800.0,28.1,S
2021-06-21T13:41:11,100.0,28.1,S
2021-06-21T13:41:03,400.0,28.1,S
2021-06-21T13:40:34,1000.0,28.15,B
2021-06-21T13:39:39,100.0,28.15,B
2021-06-21T13:39:36,1400.0,28.15,B
2021-06-21T13:39:11,100.0,28.15,B
2021-06-21T13:39:00,100.0,28.15,B
2021-06-21T13:38:54,300.0,28.1,S
2021-06-21T13:38:10,100.0,28.15,B
2021-06-21T13:37:45,400.0,28.15,B
2021-06-21T13:37:08,200.0,28.15,B
2021-06-21T13:36:59,100.0,28.15,B
2021-06-21T13:36:40,800.0,28.15,B
2021-06-21T13:35:36,800.0,28.15,B
2021-06-21T13:35:36,200.0,28.15,B
2021-06-21T13:35:36,1000.0,28.15,B
2021-06-21T13:35:33,200.0,28.1,S
2021-06-21T13:35:27,1400.0,28.1,S
2021-06-21T13:34:28,200.0,28.1,B
2021-06-21T13:34:23,1000.0,28.1,B
2021-06-21T13:33:53,2000.0,28.1,B
2021-06-21T13:33:51,1000.0,27.95,S
2021-06-21T13:33:47,700.0,27.95,S
2021-06-21T13:33:47,100.0,27.95,S
2021-06-21T13:33:46,6500.0,27.95,S
2021-06-21T13:33:40,500.0,28.1,B
2021-06-21T13:33:39,500.0,28.1,B
2021-06-21T13:32:38,100.0,28.1,B
2021-06-21T13:32:17,1900.0,28.1,B
2021-06-21T13:31:44,100.0,28.1,B
2021-06-21T13:31:13,100.0,28.1,B
2021-06-21T13:30:35,2300.0,28.1,B
2021-06-21T13:30:29,400.0,28.05,B
2021-06-21T13:30:11,700.0,28.0,B
2021-06-21T13:30:08,2000.0,28.0,B
2021-06-21T13:30:07,500.0,28.0,B
2021-06-21T13:30:07,1300.0,28.0,B
2021-06-21T13:30:06,8200.0,28.0,B
2021-06-21T13:30:04,100.0,28.0,B
2021-06-21T13:30:02,100.0,28.0,B
2021-06-21T13:29:53,200.0,28.0,B
2021-06-21T13:29:29,300.0,28.0,B
2021-06-21T13:29:18,200.0,28.0,B
2021-06-21T13:29:15,2000.0,28.0,B
2021-06-21T13:29:06,3000.0,28.0,B
2021-06-21T13:29:03,2000.0,28.0,B
2021-06-21T13:28:59,300.0,28.0,B
2021-06-21T13:28:57,100.0,28.0,B
2021-06-21T13:28:50,1000.0,28.0,B
2021-06-21T13:28:47,2100.0,28.0,B
2021-06-21T13:28:18,200.0,28.0,B
2021-06-21T13:28:06,1000.0,28.0,B
2021-06-21T13:27:41,100.0,28.0,B
2021-06-21T13:27:24,200.0,28.0,B
2021-06-21T13:27:11,1000.0,28.0,B
2021-06-21T13:26:57,3000.0,28.0,B
2021-06-21T13:26:45,2000.0,28.0,B
2021-06-21T13:26:44,500.0,28.0,B
2021-06-21T13:26:38,700.0,28.0,B
2021-06-21T13:26:05,500.0,28.0,B
2021-06-21T13:25:48,300.0,27.9,S
2021-06-21T13:25:27,1400.0,27.9,S
2021-06-21T13:25:27,5000.0,27.9,S
2021-06-21T13:25:07,5700.0,27.9,B
2021-06-21T13:24:58,1000.0,27.9,B
2021-06-21T13:24:54,100.0,27.9,B
2021-06-21T13:24:30,100.0,27.8,S
2021-06-21T13:24:19,300.0,27.9,B
2021-06-21T13:24:17,100.0,27.9,B
2021-06-21T13:24:17,100.0,27.9,B
2021-06-21T13:24:11,500.0,27.9,B
2021-06-21T13:24:03,100.0,27.95,B
2021-06-21T13:23:54,1300.0,27.8,S
2021-06-21T13:23:54,4000.0,27.8,S
2021-06-21T13:23:54,1700.0,27.8,S
2021-06-21T13:23:43,100.0,27.95,B
2021-06-21T13:23:29,300.0,27.8,S
2021-06-21T13:23:29,700.0,27.8,S
2021-06-21T13:23:14,10000.0,28.0,B
2021-06-21T13:23:06,1000.0,27.85,S
2021-06-21T13:22:51,100.0,27.9,B
2021-06-21T13:22:32,500.0,27.9,S
2021-06-21T13:22:30,3000.0,27.8,S
2021-06-21T13:22:23,100.0,27.8,S
2021-06-21T13:22:07,1500.0,27.95,B
2021-06-21T13:21:44,2000.0,27.85,S
2021-06-21T13:21:39,100.0,27.85,S
2021-06-21T13:21:39,100.0,27.85,S
2021-06-21T13:21:39,2400.0,27.85,S
2021-06-21T13:21:39,1200.0,27.9,S
2021-06-21T13:21:39,100.0,27.9,S
2021-06-21T13:21:39,600.0,27.9,S
2021-06-21T13:21:39,3000.0,27.9,S
2021-06-21T13:21:24,2000.0,27.95,B
2021-06-21T13:21:23,100.0,27.95,B
2021-06-21T13:21:18,500.0,27.9,S
2021-06-21T13:20:57,500.0,27.95,B
2021-06-21T13:20:25,500.0,27.95,B
2021-06-21T13:20:09,400.0,27.95,B
2021-06-21T13:20:03,100.0,27.95,S
2021-06-21T13:19:50,100.0,27.95,S
2021-06-21T13:19:39,1000.0,27.95,S
2021-06-21T13:19:21,5400.0,28.0,B
2021-06-21T13:19:21,14600.0,27.95,S
2021-06-21T13:19:16,400.0,27.9,S
2021-06-21T13:19:13,5000.0,27.95,S
2021-06-21T13:19:05,200.0,27.9,S
2021-06-21T13:17:46,500.0,27.95,S
2021-06-21T13:16:43,2000.0,27.9,S
2021-06-21T13:16:29,500.0,27.95,S
2021-06-21T13:16:22,500.0,27.9,S
2021-06-21T13:16:03,1100.0,27.9,S
2021-06-21T13:15:47,300.0,27.9,S
2021-06-21T13:15:26,1000.0,28.0,B
2021-06-21T13:15:10,1100.0,28.0,S
2021-06-21T13:14:44,200.0,28.0,S
2021-06-21T13:14:04,1000.0,28.0,S
2021-06-21T13:13:54,500.0,28.0,S
2021-06-21T13:13:42,200.0,28.0,S
2021-06-21T13:13:30,1100.0,28.0,S
2021-06-21T13:13:30,1000.0,28.0,S
2021-06-21T13:13:30,1000.0,28.0,S
2021-06-21T13:13:30,100.0,28.0,S
2021-06-21T13:13:30,7600.0,28.0,S
2021-06-21T13:13:11,800.0,28.0,S
2021-06-21T13:13:10,200.0,28.0,S
2021-06-21T13:13:10,1000.0,28.0,S
2021-06-21T13:13:10,1000.0,28.0,S
2021-06-21T13:13:10,400.0,28.0,S
2021-06-21T13:13:10,1000.0,28.0,S
2021-06-21T13:13:10,600.0,28.0,S
2021-06-21T13:13:06,500.0,28.0,S
2021-06-21T13:13:05,1000.0,28.0,S
2021-06-21T13:12:52,3200.0,28.05,B
2021-06-21T13:12:47,4600.0,28.0,S
2021-06-21T13:12:45,500.0,28.0,S
2021-06-21T13:12:39,300.0,28.05,B
2021-06-21T13:12:36,2500.0,28.0,S
2021-06-21T13:12:31,2600.0,28.05,B
2021-06-21T13:11:36,800.0,28.0,S
2021-06-21T13:11:19,1000.0,28.0,S
2021-06-21T13:11:09,1300.0,28.0,S
2021-06-21T13:09:54,1000.0,28.0,S
2021-06-21T13:09:41,500.0,28.0,S
2021-06-21T13:08:57,1000.0,28.0,S
2021-06-21T13:08:20,100.0,28.0,S
2021-06-21T13:08:20,100.0,28.0,S
2021-06-21T13:08:20,300.0,28.0,S
2021-06-21T13:08:18,1500.0,28.0,S
2021-06-21T13:07:54,500.0,28.0,S
2021-06-21T13:07:45,5000.0,28.0,S
2021-06-21T13:07:26,200.0,28.0,S
2021-06-21T13:07:12,1700.0,28.0,S
2021-06-21T13:07:12,4300.0,28.0,S
2021-06-21T13:07:12,14000.0,28.0,S
2021-06-21T13:06:56,2000.0,28.05,S
2021-06-21T13:06:55,100.0,28.05,S
2021-06-21T13:06:48,100.0,28.1,B
2021-06-21T13:06:44,700.0,28.05,S
2021-06-21T13:06:44,300.0,28.05,S
2021-06-21T13:06:30,1000.0,28.05,S
2021-06-21T13:06:17,300.0,28.1,B
2021-06-21T13:06:11,1000.0,28.05,S
2021-06-21T13:06:10,100.0,28.1,B
2021-06-21T13:05:58,100.0,28.1,B
2021-06-21T13:05:01,5000.0,28.1,B
2021-06-21T13:04:45,200.0,28.05,S
2021-06-21T13:04:19,6300.0,28.05,S
2021-06-21T13:03:56,200.0,28.05,S
2021-06-21T13:03:33,500.0,28.1,S
2021-06-21T13:03:19,100.0,28.1,S
2021-06-21T13:03:01,1300.0,28.1,S
2021-06-21T13:02:35,200.0,28.1,S
2021-06-21T13:02:07,300.0,28.1,S
2021-06-21T13:01:56,500.0,28.15,B
2021-06-21T13:01:34,100.0,28.15,B
2021-06-21T13:01:30,500.0,28.15,B
2021-06-21T13:01:20,500.0,28.15,B
2021-06-21T13:01:20,1900.0,28.0,S
2021-06-21T13:01:20,1700.0,28.0,S
2021-06-21T13:01:20,6400.0,28.0,S
2021-06-21T13:01:11,200.0,28.0,S
2021-06-21T13:01:11,1000.0,28.0,S
2021-06-21T13:01:11,800.0,28.0,S
2021-06-21T13:01:11,7000.0,28.0,S
2021-06-21T13:00:59,1200.0,28.05,S
2021-06-21T13:00:59,1400.0,28.05,S
2021-06-21T13:00:59,600.0,28.1,S
2021-06-21T13:00:59,11800.0,28.1,S
2021-06-21T13:00:48,500.0,28.15,B
2021-06-21T13:00:37,1200.0,28.1,S
2021-06-21T13:00:37,2100.0,28.1,S
2021-06-21T13:00:37,1000.0,28.1,S
2021-06-21T13:00:37,700.0,28.1,S
2021-06-21T13:00:34,500.0,28.15,B
2021-06-21T13:00:23,100.0,28.15,B
2021-06-21T13:00:09,500.0,28.1,S
2021-06-21T13:00:09,200.0,28.1,S
2021-06-21T13:00:09,1500.0,28.1,S
2021-06-21T13:00:09,200.0,28.15,B
2021-06-21T13:00:09,7000.0,28.15,B
2021-06-21T11:29:31,500.0,28.15,B
2021-06-21T11:29:00,6800.0,28.15,S
2021-06-21T11:28:36,1000.0,28.15,S
2021-06-21T11:28:30,600.0,28.15,S
2021-06-21T11:28:30,1900.0,28.15,S
2021-06-21T11:28:08,1000.0,28.15,S
2021-06-21T11:27:37,100.0,28.2,B
2021-06-21T11:27:23,1100.0,28.15,S
2021-06-21T11:27:15,100.0,28.2,S
2021-06-21T11:27:15,400.0,28.2,S
2021-06-21T11:27:14,800.0,28.2,S
2021-06-21T11:27:13,10000.0,28.2,S
2021-06-21T11:27:12,400.0,28.2,S
2021-06-21T11:26:54,100.0,28.25,B
2021-06-21T11:26:52,200.0,28.2,S
2021-06-21T11:26:37,100.0,28.2,S
2021-06-21T11:25:27,100.0,28.25,B
2021-06-21T11:25:25,100.0,28.2,S
2021-06-21T11:24:34,400.0,28.25,B
2021-06-21T11:24:03,400.0,28.2,S
2021-06-21T11:24:03,200.0,28.2,S
2021-06-21T11:23:43,700.0,28.2,S
2021-06-21T11:23:28,200.0,28.2,S
2021-06-21T11:23:28,700.0,28.2,S
2021-06-21T11:23:17,1000.0,28.2,S
2021-06-21T11:23:05,300.0,28.2,S
2021-06-21T11:23:01,100.0,28.2,S
2021-06-21T11:22:49,300.0,28.2,S
2021-06-21T11:22:14,700.0,28.2,S
2021-06-21T11:22:02,800.0,28.2,S
2021-06-21T11:21:54,1000.0,28.2,S
2021-06-21T11:21:41,300.0,28.25,B
2021-06-21T11:21:01,2000.0,28.2,S
2021-06-21T11:20:35,3000.0,28.2,S
2021-06-21T11:20:20,2000.0,28.2,S
2021-06-21T11:19:10,400.0,28.25,S
2021-06-21T11:19:09,100.0,28.3,B
2021-06-21T11:18:45,500.0,28.25,S
2021-06-21T11:18:04,100.0,28.25,S
2021-06-21T11:15:17,600.0,28.2,S
2021-06-21T11:14:45,100.0,28.3,B
2021-06-21T11:14:38,100.0,28.2,S
2021-06-21T11:14:04,10000.0,28.2,S
2021-06-21T11:14:01,600.0,28.3,B
2021-06-21T11:12:17,900.0,28.25,S
2021-06-21T11:11:22,1000.0,28.25,S
2021-06-21T11:08:30,500.0,28.25,S
2021-06-21T11:07:38,1000.0,28.25,B
2021-06-21T11:07:31,1300.0,28.25,B
2021-06-21T11:07:26,300.0,28.2,S
2021-06-21T11:07:08,500.0,28.25,B
2021-06-21T11:06:56,200.0,28.25,B
2021-06-21T11:06:50,200.0,28.25,B
2021-06-21T11:06:33,100.0,28.25,B
2021-06-21T11:06:29,2700.0,28.2,S
2021-06-21T11:06:25,1000.0,28.2,S
2021-06-21T11:05:53,1600.0,28.25,B
2021-06-21T11:05:53,3400.0,28.25,B
2021-06-21T11:05:50,500.0,28.25,B
2021-06-21T11:05:27,500.0,28.25,B
2021-06-21T11:04:37,100.0,28.25,B
2021-06-21T11:04:17,600.0,28.25,S
2021-06-21T11:04:14,500.0,28.25,S
2021-06-21T11:04:14,2000.0,28.25,S
2021-06-21T11:02:05,1000.0,28.25,S
2021-06-21T11:02:05,800.0,28.25,S
2021-06-21T11:02:05,1000.0,28.25,S
2021-06-21T11:02:04,200.0,28.25,S
2021-06-21T11:01:15,900.0,28.25,S
2021-06-21T11:01:15,500.0,28.25,S
2021-06-21T11:01:14,400.0,28.25,S
2021-06-21T11:01:02,100.0,28.3,B
2021-06-21T11:00:42,100.0,28.3,B
2021-06-21T10:59:37,2000.0,28.3,B
2021-06-21T10:58:49,500.0,28.25,B
2021-06-21T10:58:38,4500.0,28.25,B
2021-06-21T10:58:31,100.0,28.25,B
2021-06-21T10:58:10,1000.0,28.25,B
2021-06-21T10:57:25,1000.0,28.25,B
2021-06-21T10:57:14,1000.0,28.25,B
2021-06-21T10:56:54,100.0,28.25,B
2021-06-21T10:56:42,800.0,28.25,B
2021-06-21T10:56:42,500.0,28.25,B
2021-06-21T10:56:02,100.0,28.25,B
2021-06-21T10:55:40,700.0,28.2,S
2021-06-21T10:55:24,800.0,28.2,S
2021-06-21T10:55:24,1100.0,28.25,B
2021-06-21T10:55:09,2000.0,28.25,B
2021-06-21T10:54:27,100.0,28.25,B
2021-06-21T10:54:10,100.0,28.25,B
2021-06-21T10:53:44,1000.0,28.25,B
2021-06-21T10:53:35,1000.0,28.25,B
2021-06-21T10:52:54,1000.0,28.2,S
2021-06-21T10:52:54,500.0,28.2,S
2021-06-21T10:51:56,400.0,28.2,S
2021-06-21T10:51:55,2000.0,28.25,B
2021-06-21T10:51:46,500.0,28.2,S
2021-06-21T10:51:29,500.0,28.2,S
2021-06-21T10:51:19,100.0,28.25,B
2021-06-21T10:51:02,300.0,28.2,S
2021-06-21T10:50:57,5000.0,28.25,B
2021-06-21T10:50:48,500.0,28.2,S
2021-06-21T10:50:38,100.0,28.25,B
2021-06-21T10:49:40,100.0,28.25,B
2021-06-21T10:49:13,2700.0,28.25,B
2021-06-21T10:48:58,16000.0,28.2,S
2021-06-21T10:47:58,100.0,28.2,S
2021-06-21T10:47:24,500.0,28.25,B
2021-06-21T10:47:10,200.0,28.25,B
2021-06-21T10:47:03,10000.0,28.25,B
2021-06-21T10:47:01,6700.0,28.2,S
2021-06-21T10:47:01,2200.0,28.2,S
2021-06-21T10:47:01,700.0,28.2,S
2021-06-21T10:47:01,400.0,28.2,S
2021-06-21T10:46:46,500.0,28.25,B
2021-06-21T10:46:28,200.0,28.25,B
2021-06-21T10:46:21,5000.0,28.2,S
2021-06-21T10:46:21,1400.0,28.2,S
2021-06-21T10:46:21,2400.0,28.2,S
2021-06-21T10:46:21,1200.0,28.2,S
2021-06-21T10:46:11,1000.0,28.2,S
2021-06-21T10:45:56,3300.0,28.2,S
2021-06-21T10:45:56,2400.0,28.2,S
2021-06-21T10:45:56,4300.0,28.2,S
2021-06-21T10:45:25,3800.0,28.25,S
2021-06-21T10:45:25,500.0,28.25,S
2021-06-21T10:45:25,2000.0,28.25,S
2021-06-21T10:45:25,300.0,28.25,S
2021-06-21T10:45:25,6800.0,28.25,S
2021-06-21T10:45:25,7200.0,28.25,S
2021-06-21T10:45:25,2000.0,28.25,S
2021-06-21T10:45:03,1800.0,28.3,B
2021-06-21T10:44:46,100.0,28.25,S
2021-06-21T10:44:29,2000.0,28.25,S
2021-06-21T10:43:47,1000.0,28.3,B
2021-06-21T10:43:33,200.0,28.3,B
2021-06-21T10:43:29,400.0,28.25,S
2021-06-21T10:43:02,100.0,28.3,B
2021-06-21T10:42:51,200.0,28.3,B
2021-06-21T10:42:37,100.0,28.3,B
2021-06-21T10:41:58,2000.0,28.3,B
2021-06-21T10:41:19,3000.0,28.3,B
2021-06-21T10:41:05,200.0,28.3,B
2021-06-21T10:40:12,500.0,28.25,S
2021-06-21T10:38:59,1400.0,28.3,S
2021-06-21T10:38:59,1000.0,28.3,S
2021-06-21T10:38:31,300.0,28.35,B
2021-06-21T10:37:42,5900.0,28.3,S
2021-06-21T10:37:20,5000.0,28.3,S
2021-06-21T10:37:11,1000.0,28.3,S
2021-06-21T10:36:56,1500.0,28.3,S
2021-06-21T10:36:56,300.0,28.3,S
2021-06-21T10:36:34,1100.0,28.3,S
2021-06-21T10:36:34,500.0,28.3,S
2021-06-21T10:36:33,100.0,28.3,S
2021-06-21T10:36:33,800.0,28.3,S
2021-06-21T10:36:33,800.0,28.3,S
2021-06-21T10:36:33,1100.0,28.3,S
2021-06-21T10:36:33,2200.0,28.3,S
2021-06-21T10:36:26,2000.0,28.3,S
2021-06-21T10:36:25,1500.0,28.3,S
2021-06-21T10:36:18,6000.0,28.3,S
2021-06-21T10:36:15,300.0,28.3,S
2021-06-21T10:36:14,300.0,28.3,S
2021-06-21T10:35:38,100.0,28.35,B
2021-06-21T10:35:34,600.0,28.3,S
2021-06-21T10:35:06,3000.0,28.3,S
2021-06-21T10:35:05,200.0,28.35,B
2021-06-21T10:35:04,100.0,28.35,B
2021-06-21T10:35:02,500.0,28.3,S
2021-06-21T10:34:43,100.0,28.35,B
2021-06-21T10:32:28,10000.0,28.35,B
2021-06-21T10:31:40,3000.0,28.3,S
2021-06-21T10:31:08,6000.0,28.3,S
2021-06-21T10:30:51,200.0,28.35,B
2021-06-21T10:30:45,100.0,28.35,B
2021-06-21T10:30:37,600.0,28.35,B
2021-06-21T10:30:14,100.0,28.35,B
2021-06-21T10:29:01,500.0,28.35,B
2021-06-21T10:28:53,500.0,28.35,B
2021-06-21T10:28:53,4000.0,28.35,B
2021-06-21T10:28:48,2000.0,28.35,B
2021-06-21T10:28:34,500.0,28.3,S
2021-06-21T10:28:21,8800.0,28.3,S
2021-06-21T10:28:21,700.0,28.3,S
2021-06-21T10:28:21,500.0,28.3,S
2021-06-21T10:27:56,300.0,28.35,B
2021-06-21T10:27:53,1900.0,28.3,S
2021-06-21T10:27:44,30000.0,28.35,B
2021-06-21T10:27:23,2800.0,28.35,B
2021-06-21T10:27:03,4000.0,28.35,B
2021-06-21T10:26:43,100.0,28.35,B
2021-06-21T10:26:38,2000.0,28.35,B
2021-06-21T10:26:36,500.0,28.35,B
2021-06-21T10:25:37,200.0,28.35,S
2021-06-21T10:25:10,600.0,28.35,S
2021-06-21T10:25:05,2000.0,28.35,S
2021-06-21T10:24:54,2000.0,28.3,S
2021-06-21T10:24:54,2400.0,28.3,S
2021-06-21T10:24:54,1500.0,28.35,S
2021-06-21T10:24:54,2400.0,28.35,S
2021-06-21T10:24:47,100.0,28.35,S
2021-06-21T10:24:28,900.0,28.35,S
2021-06-21T10:24:28,700.0,28.35,S
2021-06-21T10:24:28,400.0,28.35,S
2021-06-21T10:24:14,500.0,28.4,B
2021-06-21T10:24:08,700.0,28.35,S
2021-06-21T10:23:45,1000.0,28.35,S
2021-06-21T10:23:16,1000.0,28.35,S
2021-06-21T10:23:10,400.0,28.35,S
2021-06-21T10:22:49,2000.0,28.35,S
2021-06-21T10:22:42,3800.0,28.35,S
2021-06-21T10:22:40,500.0,28.4,B
2021-06-21T10:22:38,1100.0,28.35,S
2021-06-21T10:22:34,100.0,28.35,S
2021-06-21T10:22:06,300.0,28.35,S
2021-06-21T10:22:06,100.0,28.35,S
2021-06-21T10:21:39,400.0,28.35,S
2021-06-21T10:21:30,200.0,28.35,S
2021-06-21T10:20:55,500.0,28.4,B
2021-06-21T10:20:50,300.0,28.4,B
2021-06-21T10:20:19,500.0,28.35,S
2021-06-21T10:19:00,1400.0,28.4,S
2021-06-21T10:18:57,500.0,28.4,S
2021-06-21T10:18:49,100.0,28.4,S
2021-06-21T10:18:43,800.0,28.4,S
2021-06-21T10:18:27,900.0,28.4,S
2021-06-21T10:18:14,200.0,28.45,B
2021-06-21T10:18:05,3000.0,28.4,S
2021-06-21T10:18:02,500.0,28.45,B
2021-06-21T10:16:56,300.0,28.45,S
2021-06-21T10:16:35,200.0,28.45,B
2021-06-21T10:16:27,100.0,28.45,S
2021-06-21T10:16:13,100.0,28.45,S
2021-06-21T10:16:05,100.0,28.45,B
2021-06-21T10:15:28,100.0,28.45,S
2021-06-21T10:14:37,100.0,28.45,S
2021-06-21T10:14:19,1400.0,28.45,B
2021-06-21T10:14:16,400.0,28.45,B
2021-06-21T10:13:53,100.0,28.45,S
2021-06-21T10:13:32,100.0,28.45,S
2021-06-21T10:12:52,2700.0,28.45,S
2021-06-21T10:12:38,1000.0,28.45,S
2021-06-21T10:12:25,1100.0,28.45,S
2021-06-21T10:11:04,200.0,28.45,S
2021-06-21T10:10:15,100.0,28.45,S
2021-06-21T10:09:52,100.0,28.45,S
2021-06-21T10:09:17,200.0,28.45,S
2021-06-21T10:09:15,2000.0,28.5,B
2021-06-21T10:09:10,1000.0,28.5,B
2021-06-21T10:08:01,500.0,28.5,B
2021-06-21T10:07:36,900.0,28.5,B
2021-06-21T10:07:17,200.0,28.5,B
2021-06-21T10:06:59,10500.0,28.5,B
2021-06-21T10:06:59,500.0,28.5,B
2021-06-21T10:06:59,900.0,28.5,B
2021-06-21T10:06:59,2000.0,28.5,B
2021-06-21T10:06:59,300.0,28.5,B
2021-06-21T10:06:58,5800.0,28.5,B
2021-06-21T10:06:34,100.0,28.5,B
2021-06-21T10:05:30,1800.0,28.45,B
2021-06-21T10:05:29,300.0,28.45,B
2021-06-21T10:05:26,100.0,28.45,B
2021-06-21T10:05:14,200.0,28.45,B
2021-06-21T10:04:59,1000.0,28.45,B
2021-06-21T10:04:19,1600.0,28.45,B
2021-06-21T10:03:31,600.0,28.4,S
2021-06-21T10:03:27,2000.0,28.4,S
2021-06-21T10:01:31,200.0,28.4,S
2021-06-21T10:01:27,200.0,28.4,S
2021-06-21T10:00:55,100.0,28.4,B
2021-06-21T10:00:44,1500.0,28.4,B
2021-06-21T10:00:17,100.0,28.4,B
2021-06-21T10:00:10,1000.0,28.35,S
2021-06-21T09:59:59,100.0,28.4,B
2021-06-21T09:59:55,1100.0,28.4,B
2021-06-21T09:59:54,1000.0,28.4,B
2021-06-21T09:59:34,500.0,28.4,B
2021-06-21T09:59:18,100.0,28.4,B
2021-06-21T09:59:02,100.0,28.35,B
2021-06-21T09:58:58,600.0,28.35,B
2021-06-21T09:58:54,400.0,28.4,B
2021-06-21T09:58:49,500.0,28.4,B
2021-06-21T09:58:40,300.0,28.35,B
2021-06-21T09:58:39,200.0,28.35,B
2021-06-21T09:58:17,300.0,28.35,B
2021-06-21T09:57:48,100.0,28.35,B
2021-06-21T09:57:38,4000.0,28.35,B
2021-06-21T09:57:38,1000.0,28.35,B
2021-06-21T09:57:38,1000.0,28.35,B
2021-06-21T09:57:38,6700.0,28.35,B
2021-06-21T09:57:31,1000.0,28.3,S
2021-06-21T09:56:50,2000.0,28.3,S
2021-06-21T09:56:21,2000.0,28.3,S
2021-06-21T09:56:17,100.0,28.3,S
2021-06-21T09:55:16,100.0,28.3,S
2021-06-21T09:54:54,1600.0,28.3,S
2021-06-21T09:54:54,900.0,28.3,S
2021-06-21T09:54:39,100.0,28.3,S
2021-06-21T09:54:37,200.0,28.35,B
2021-06-21T09:54:13,100.0,28.35,B
2021-06-21T09:54:10,100.0,28.3,S
2021-06-21T09:53:48,700.0,28.3,S
2021-06-21T09:53:35,100.0,28.3,S
2021-06-21T09:52:33,10000.0,28.3,S
2021-06-21T09:52:23,200.0,28.3,S
2021-06-21T09:52:23,800.0,28.3,S
2021-06-21T09:52:11,5000.0,28.3,S
2021-06-21T09:52:07,100.0,28.3,S
2021-06-21T09:51:52,5000.0,28.3,S
2021-06-21T09:51:40,4200.0,28.3,S
2021-06-21T09:51:40,800.0,28.3,S
2021-06-21T09:51:19,300.0,28.3,S
2021-06-21T09:51:16,5300.0,28.3,S
2021-06-21T09:50:59,200.0,28.3,S
2021-06-21T09:50:41,100.0,28.3,S
2021-06-21T09:50:34,1000.0,28.3,S
2021-06-21T09:50:29,1000.0,28.3,S
2021-06-21T09:50:21,4000.0,28.3,S
2021-06-21T09:50:20,1700.0,28.3,S
2021-06-21T09:50:20,400.0,28.3,S
2021-06-21T09:50:05,600.0,28.3,S
2021-06-21T09:49:48,100.0,28.3,S
2021-06-21T09:49:48,200.0,28.3,S
2021-06-21T09:49:48,9700.0,28.3,S
2021-06-21T09:49:44,100.0,28.35,B
2021-06-21T09:49:35,100.0,28.3,S
2021-06-21T09:49:26,100.0,28.35,B
2021-06-21T09:49:03,200.0,28.35,S
2021-06-21T09:49:03,1500.0,28.35,S
2021-06-21T09:49:03,1800.0,28.35,S
2021-06-21T09:48:51,5000.0,28.35,S
2021-06-21T09:48:49,3100.0,28.35,S
2021-06-21T09:48:15,500.0,28.35,S
2021-06-21T09:48:10,500.0,28.4,S
2021-06-21T09:47:41,1800.0,28.4,S
2021-06-21T09:47:21,200.0,28.4,S
2021-06-21T09:47:00,300.0,28.4,S
2021-06-21T09:47:00,2200.0,28.4,S
2021-06-21T09:46:59,1000.0,28.4,S
2021-06-21T09:46:59,200.0,28.4,S
2021-06-21T09:46:59,1600.0,28.4,S
2021-06-21T09:46:44,400.0,28.4,S
2021-06-21T09:46:44,9600.0,28.4,S
2021-06-21T09:46:32,200.0,28.4,S
2021-06-21T09:46:29,1000.0,28.4,S
2021-06-21T09:46:26,100.0,28.45,B
2021-06-21T09:45:21,10000.0,28.4,S
2021-06-21T09:45:14,3800.0,28.4,S
2021-06-21T09:45:11,1000.0,28.4,S
2021-06-21T09:45:09,100.0,28.4,S
2021-06-21T09:44:58,100.0,28.45,B
2021-06-21T09:44:57,600.0,28.4,S
2021-06-21T09:44:57,100.0,28.4,S
2021-06-21T09:44:56,1500.0,28.4,S
2021-06-21T09:44:56,1000.0,28.4,S
2021-06-21T09:44:33,1500.0,28.4,S
2021-06-21T09:44:30,200.0,28.4,S
2021-06-21T09:44:22,100.0,28.4,S
2021-06-21T09:44:19,15000.0,28.4,S
2021-06-21T09:44:15,200.0,28.4,S
2021-06-21T09:44:14,1600.0,28.4,S
2021-06-21T09:43:34,500.0,28.4,S
2021-06-21T09:43:14,500.0,28.45,B
2021-06-21T09:43:12,1000.0,28.45,B
2021-06-21T09:43:11,1000.0,28.45,B
2021-06-21T09:43:00,500.0,28.45,B
2021-06-21T09:42:54,1000.0,28.4,S
2021-06-21T09:42:18,1000.0,28.45,B
2021-06-21T09:42:18,300.0,28.45,B
2021-06-21T09:41:48,100.0,28.45,S
2021-06-21T09:41:04,200.0,28.45,S
2021-06-21T09:40:41,100.0,28.45,S
2021-06-21T09:40:35,2300.0,28.45,S
2021-06-21T09:40:18,500.0,28.5,S
2021-06-21T09:40:13,300.0,28.5,S
2021-06-21T09:40:04,2000.0,28.5,S
2021-06-21T09:40:01,1000.0,28.55,B
2021-06-21T09:39:43,100.0,28.5,S
2021-06-21T09:39:29,1000.0,28.5,S
2021-06-21T09:39:27,500.0,28.5,S
2021-06-21T09:39:05,1000.0,28.5,S
2021-06-21T09:38:39,100.0,28.55,B
2021-06-21T09:38:27,900.0,28.5,S
2021-06-21T09:38:14,500.0,28.55,B
2021-06-21T09:38:07,600.0,28.55,B
2021-06-21T09:38:07,1800.0,28.5,S
2021-06-21T09:38:07,3200.0,28.5,S
2021-06-21T09:38:07,100.0,28.5,S
2021-06-21T09:37:36,10000.0,28.5,S
2021-06-21T09:37:17,100.0,28.5,S
2021-06-21T09:37:15,200.0,28.5,S
2021-06-21T09:36:51,1000.0,28.5,B
2021-06-21T09:36:47,2000.0,28.5,B
2021-06-21T09:36:29,500.0,28.55,B
2021-06-21T09:36:01,100.0,28.55,B
2021-06-21T09:35:43,1100.0,28.55,B
2021-06-21T09:35:05,700.0,28.55,B
2021-06-21T09:35:03,2000.0,28.5,B
2021-06-21T09:34:48,300.0,28.5,B
2021-06-21T09:34:45,500.0,28.5,B
2021-06-21T09:34:31,300.0,28.5,B
2021-06-21T09:34:01,100.0,28.55,B
2021-06-21T09:33:47,100.0,28.5,B
2021-06-21T09:33:45,300.0,28.55,B
2021-06-21T09:33:29,500.0,28.55,B
2021-06-21T09:33:11,200.0,28.55,B
2021-06-21T09:32:48,100.0,28.55,B
2021-06-21T09:32:48,300.0,28.55,B
2021-06-21T09:32:45,600.0,28.55,B
2021-06-21T09:32:29,100.0,28.55,B
2021-06-21T09:32:12,200.0,28.55,B
2021-06-21T09:32:08,1000.0,28.55,B
2021-06-21T09:31:58,100.0,28.55,B
2021-06-21T09:31:49,100.0,28.55,B
2021-06-21T09:31:24,100.0,28.55,B
2021-06-21T09:31:23,100.0,28.5,B
2021-06-21T09:31:07,4000.0,28.5,B
2021-06-21T09:30:45,500.0,28.4,S
2021-06-21T09:30:23,500.0,28.5,B
2021-06-21T09:29:58,2600.0,28.5,B
2021-06-21T09:29:58,3400.0,28.5,B
2021-06-21T09:29:53,100.0,28.5,B
2021-06-21T09:28:25,1000.0,28.5,B
2021-06-21T09:28:20,1000.0,28.5,B
2021-06-21T09:28:14,200.0,28.4,B
2021-06-21T09:28:10,100.0,28.5,B
2021-06-21T09:27:47,1000.0,28.5,B
2021-06-21T09:27:44,1000.0,28.5,B
2021-06-21T09:27:40,200.0,28.5,B
2021-06-21T09:27:31,1000.0,28.4,B
2021-06-21T09:27:23,400.0,28.5,B
2021-06-21T09:27:07,200.0,28.5,B
2021-06-21T09:26:56,100.0,28.5,B
2021-06-21T09:26:53,100.0,28.5,B
2021-06-21T09:26:52,1400.0,28.5,B
2021-06-21T09:26:24,200.0,28.5,B
2021-06-21T09:26:04,300.0,28.4,B
2021-06-21T09:25:30,1000.0,28.4,B
2021-06-21T09:25:15,700.0,28.4,B
2021-06-21T09:25:15,100.0,28.4,B
2021-06-21T09:25:06,200.0,28.4,B
2021-06-21T09:25:05,800.0,28.4,B
2021-06-21T09:25:05,4200.0,28.4,B
2021-06-21T09:25:05,1100.0,28.4,B
2021-06-21T09:24:59,2000.0,28.4,B
2021-06-21T09:24:55,700.0,28.4,B
2021-06-21T09:24:55,1300.0,28.4,B
2021-06-21T09:24:49,100.0,28.4,B
2021-06-21T09:24:38,600.0,28.4,B
2021-06-21T09:24:38,3000.0,28.4,B
2021-06-21T09:23:58,9400.0,28.4,B
2021-06-21T09:23:58,400.0,28.35,S
2021-06-21T09:23:58,1000.0,28.4,B
2021-06-21T09:23:57,1000.0,28.4,B
2021-06-21T09:23:56,100.0,28.35,S
2021-06-21T09:23:34,100.0,28.35,B
2021-06-21T09:23:21,200.0,28.35,B
2021-06-21T09:23:21,100.0,28.35,B
2021-06-21T09:23:19,300.0,28.3,S
2021-06-21T09:23:18,300.0,28.3,S
2021-06-21T09:23:03,1000.0,28.3,S
2021-06-21T09:23:02,900.0,28.3,S
2021-06-21T09:22:47,1700.0,28.35,B
2021-06-21T09:22:32,600.0,28.35,B
2021-06-21T09:22:29,1000.0,28.3,S
2021-06-21T09:22:21,1000.0,28.35,B
2021-06-21T09:22:17,500.0,28.3,S
2021-06-21T09:22:16,1000.0,28.3,S
2021-06-21T09:22:00,900.0,28.3,S
2021-06-21T09:22:00,1000.0,28.35,B
2021-06-21T09:21:59,800.0,28.35,B
2021-06-21T09:21:56,1900.0,28.3,S
2021-06-21T09:21:53,200.0,28.35,B
2021-06-21T09:21:05,10000.0,28.35,B
2021-06-21T09:20:50,1500.0,28.3,S
2021-06-21T09:20:46,1000.0,28.3,S
2021-06-21T09:20:42,2000.0,28.3,S
2021-06-21T09:20:41,100.0,28.3,S
2021-06-21T09:20:16,1000.0,28.3,S
2021-06-21T09:19:53,200.0,28.35,S
2021-06-21T09:19:52,400.0,28.35,S
2021-06-21T09:19:52,200.0,28.35,S
2021-06-21T09:19:15,900.0,28.4,S
2021-06-21T09:19:15,100.0,28.4,S
2021-06-21T09:19:15,4800.0,28.4,S
2021-06-21T09:19:00,300.0,28.4,S
2021-06-21T09:18:59,2000.0,28.5,B
2021-06-21T09:18:58,100.0,28.5,B
2021-06-21T09:18:51,3300.0,28.5,B
2021-06-21T09:18:49,500.0,28.5,B
2021-06-21T09:18:38,700.0,28.5,S
2021-06-21T09:18:38,1800.0,28.5,S
2021-06-21T09:18:36,400.0,28.5,S
2021-06-21T09:18:18,200.0,28.5,S
2021-06-21T09:18:15,2000.0,28.5,S
2021-06-21T09:18:13,3000.0,28.5,S
2021-06-21T09:18:12,200.0,28.55,S
2021-06-21T09:18:09,1000.0,28.55,S
2021-06-21T09:18:05,200.0,28.55,S
2021-06-21T09:18:02,400.0,28.55,S
2021-06-21T09:18:01,300.0,28.55,S
2021-06-21T09:17:43,200.0,28.55,S
2021-06-21T09:17:24,100.0,28.6,B
2021-06-21T09:17:21,500.0,28.5,S
2021-06-21T09:17:12,2000.0,28.6,B
2021-06-21T09:17:02,1000.0,28.6,B
2021-06-21T09:16:49,300.0,28.6,S
2021-06-21T09:16:40,2700.0,28.6,S
2021-06-21T09:16:39,4300.0,28.6,S
2021-06-21T09:16:39,5700.0,28.6,S
2021-06-21T09:16:28,500.0,28.6,S
2021-06-21T09:16:22,2900.0,28.6,S
2021-06-21T09:16:09,100.0,28.65,B
