tradingTime,volume,price,side
2021-06-21T14:21:10,300.0,37.5,S
2021-06-21T14:20:43,14600.0,37.5,S
2021-06-21T14:20:43,5400.0,37.5,S
2021-06-21T14:18:49,100.0,37.5,B
2021-06-21T14:18:26,300.0,37.5,B
2021-06-21T14:18:14,600.0,37.5,B
2021-06-21T14:18:13,1000.0,37.5,B
2021-06-21T14:18:08,100.0,37.5,B
2021-06-21T14:18:06,600.0,37.5,B
2021-06-21T14:18:00,100.0,37.5,B
2021-06-21T14:17:54,1300.0,37.5,B
2021-06-21T14:17:54,11000.0,37.5,B
2021-06-21T14:16:54,11100.0,37.5,B
2021-06-21T14:16:32,500.0,37.5,B
2021-06-21T14:16:18,300.0,37.5,B
2021-06-21T14:16:14,8100.0,37.5,B
2021-06-21T14:16:05,15100.0,37.5,B
2021-06-21T14:16:05,1000.0,37.5,B
2021-06-21T14:16:05,3900.0,37.5,B
2021-06-21T14:14:59,200.0,37.5,S
2021-06-21T14:13:57,1100.0,37.5,S
2021-06-21T14:13:37,10000.0,37.5,S
2021-06-21T14:13:14,100.0,37.5,S
2021-06-21T14:12:52,100.0,37.5,S
2021-06-21T14:12:35,200.0,37.5,B
2021-06-21T14:12:30,5000.0,37.5,B
2021-06-21T14:12:23,200.0,37.5,B
2021-06-21T14:12:23,3300.0,37.5,B
2021-06-21T14:11:59,20000.0,37.5,B
2021-06-21T14:11:16,6600.0,37.5,S
2021-06-21T14:11:02,1000.0,37.5,S
2021-06-21T14:11:00,100.0,37.5,S
2021-06-21T14:10:59,300.0,37.5,S
2021-06-21T14:10:56,1000.0,37.5,S
2021-06-21T14:07:41,1000.0,37.5,S
2021-06-21T14:07:23,600.0,37.5,S
2021-06-21T14:07:11,500.0,37.5,B
2021-06-21T14:07:03,7900.0,37.5,B
2021-06-21T14:05:28,4200.0,37.5,S
2021-06-21T14:05:18,2000.0,37.5,B
2021-06-21T14:05:03,13800.0,37.5,B
2021-06-21T14:03:58,4300.0,37.5,B
2021-06-21T14:03:56,10700.0,37.5,B
2021-06-21T14:03:11,4800.0,37.5,B
2021-06-21T14:03:11,15200.0,37.5,B
2021-06-21T14:02:58,400.0,37.2,S
2021-06-21T14:01:51,400.0,37.2,B
2021-06-21T14:01:51,300.0,37.2,B
2021-06-21T14:01:50,9000.0,37.2,B
2021-06-21T13:59:50,100.0,37.1,S
2021-06-21T13:59:13,100.0,37.1,S
2021-06-21T13:57:56,100.0,37.1,S
2021-06-21T13:56:51,100.0,37.1,S
2021-06-21T13:56:43,500.0,37.15,B
2021-06-21T13:55:38,100.0,37.15,S
2021-06-21T13:54:55,200.0,37.1,S
2021-06-21T13:54:49,100.0,37.1,S
2021-06-21T13:54:39,100.0,37.1,S
2021-06-21T13:54:09,200.0,37.1,B
2021-06-21T13:54:07,2100.0,37.1,B
2021-06-21T13:54:07,3000.0,37.1,B
2021-06-21T13:54:04,4200.0,37.0,S
2021-06-21T13:53:58,200.0,37.0,S
2021-06-21T13:53:47,200.0,37.0,S
2021-06-21T13:53:36,200.0,37.0,B
2021-06-21T13:53:36,300.0,37.0,B
2021-06-21T13:53:36,1500.0,37.0,B
2021-06-21T13:53:36,3000.0,36.9,B
2021-06-21T13:52:02,1900.0,36.9,S
2021-06-21T13:51:52,600.0,36.9,S
2021-06-21T13:51:13,100.0,37.0,B
2021-06-21T13:48:24,500.0,36.9,S
2021-06-21T13:48:22,200.0,36.9,S
2021-06-21T13:47:24,100.0,36.9,S
2021-06-21T13:47:06,4800.0,36.9,S
2021-06-21T13:46:15,400.0,36.9,S
2021-06-21T13:43:38,1000.0,36.9,S
2021-06-21T13:41:37,400.0,37.1,S
2021-06-21T13:40:47,900.0,37.0,S
2021-06-21T13:40:47,100.0,37.0,S
2021-06-21T13:40:33,100.0,37.0,S
2021-06-21T13:39:43,100.0,37.0,S
2021-06-21T13:39:18,900.0,37.0,S
2021-06-21T13:39:13,200.0,37.05,S
2021-06-21T13:36:27,200.0,37.1,B
2021-06-21T13:34:39,100.0,37.0,B
2021-06-21T13:33:07,1000.0,36.85,B
2021-06-21T13:33:03,1400.0,36.85,B
2021-06-21T13:32:54,300.0,36.8,S
2021-06-21T13:32:54,100.0,36.8,S
2021-06-21T13:32:54,100.0,36.8,S
2021-06-21T13:32:54,600.0,36.8,S
2021-06-21T13:32:54,300.0,36.8,S
2021-06-21T13:32:48,200.0,36.85,B
2021-06-21T13:32:16,100.0,36.85,B
2021-06-21T13:32:06,100.0,36.85,B
2021-06-21T13:31:59,400.0,36.85,B
2021-06-21T13:31:12,700.0,36.85,B
2021-06-21T13:30:23,100.0,36.85,B
2021-06-21T13:29:50,100.0,36.85,B
2021-06-21T13:29:32,300.0,36.85,B
2021-06-21T13:29:30,100.0,36.85,B
2021-06-21T13:29:10,100.0,36.85,B
2021-06-21T13:29:09,1000.0,36.85,B
2021-06-21T13:28:40,500.0,36.85,S
2021-06-21T13:28:23,500.0,36.85,S
2021-06-21T13:28:23,100.0,36.85,S
2021-06-21T13:28:07,100.0,36.8,S
2021-06-21T13:27:31,600.0,36.85,S
2021-06-21T13:27:28,200.0,36.9,B
2021-06-21T13:26:24,300.0,36.9,S
2021-06-21T13:26:13,800.0,37.0,S
2021-06-21T13:25:14,500.0,36.9,S
2021-06-21T13:25:14,2500.0,36.9,S
2021-06-21T13:25:14,6500.0,36.9,S
2021-06-21T13:25:10,100.0,37.0,B
2021-06-21T13:25:04,400.0,37.0,B
2021-06-21T13:23:18,100.0,37.0,B
2021-06-21T13:23:14,100.0,36.95,S
2021-06-21T13:23:02,100.0,37.0,B
2021-06-21T13:22:29,100.0,37.0,B
2021-06-21T13:22:03,600.0,37.0,B
2021-06-21T13:21:16,1100.0,37.0,B
2021-06-21T13:19:59,100.0,37.0,S
2021-06-21T13:19:52,5600.0,37.0,S
2021-06-21T13:18:57,1000.0,37.0,S
2021-06-21T13:18:13,500.0,37.0,S
2021-06-21T13:17:13,700.0,37.2,B
2021-06-21T13:17:13,100.0,37.15,S
2021-06-21T13:16:22,200.0,37.0,S
2021-06-21T13:15:25,6900.0,37.2,B
2021-06-21T13:13:13,500.0,37.2,S
2021-06-21T13:12:14,5000.0,37.2,S
2021-06-21T13:11:06,1100.0,37.2,S
2021-06-21T13:10:45,300.0,37.2,B
2021-06-21T13:10:39,3100.0,37.2,B
2021-06-21T13:10:13,2900.0,37.0,S
2021-06-21T13:10:12,2000.0,37.05,S
2021-06-21T13:09:16,800.0,37.05,S
2021-06-21T13:08:57,3900.0,37.0,S
2021-06-21T13:08:57,1300.0,37.0,S
2021-06-21T13:08:57,1000.0,37.0,S
2021-06-21T13:08:57,10300.0,37.0,S
2021-06-21T13:08:57,100.0,37.0,S
2021-06-21T13:08:57,1000.0,37.0,S
2021-06-21T13:08:57,700.0,37.0,S
2021-06-21T13:08:56,11700.0,37.0,S
2021-06-21T13:08:39,6200.0,37.05,S
2021-06-21T13:08:18,300.0,37.1,S
2021-06-21T13:07:21,200.0,37.1,S
2021-06-21T13:06:16,800.0,37.1,S
2021-06-21T13:05:57,5000.0,37.1,S
2021-06-21T13:05:40,500.0,37.1,S
2021-06-21T13:04:01,5000.0,37.1,S
2021-06-21T13:02:48,500.0,37.2,S
2021-06-21T13:02:30,300.0,37.15,S
2021-06-21T13:01:29,2200.0,37.2,S
2021-06-21T13:01:05,100.0,37.2,S
2021-06-21T13:00:35,100.0,37.5,B
2021-06-21T11:29:42,100.0,37.2,S
2021-06-21T11:28:17,300.0,37.5,S
2021-06-21T11:22:45,2000.0,37.9,B
2021-06-21T11:22:20,5000.0,37.9,B
2021-06-21T11:19:34,10000.0,37.9,B
2021-06-21T11:14:22,500.0,37.9,B
2021-06-21T11:14:16,1000.0,37.9,B
2021-06-21T11:13:40,1700.0,37.95,B
2021-06-21T11:13:16,100.0,37.95,B
2021-06-21T11:12:43,300.0,37.95,B
2021-06-21T11:10:57,100.0,37.1,S
2021-06-21T11:10:27,1000.0,37.1,S
2021-06-21T11:10:05,2600.0,38.0,B
2021-06-21T11:09:49,500.0,37.9,B
2021-06-21T11:09:31,500.0,37.9,B
2021-06-21T11:06:18,2000.0,38.0,B
2021-06-21T11:04:54,100.0,37.9,B
2021-06-21T11:02:36,100.0,37.9,S
2021-06-21T11:02:32,1400.0,38.0,B
2021-06-21T11:02:32,300.0,38.0,B
2021-06-21T11:02:32,500.0,38.0,B
2021-06-21T11:02:32,1900.0,38.0,B
2021-06-21T11:02:32,700.0,38.0,B
2021-06-21T11:02:32,200.0,38.0,B
2021-06-21T11:02:07,100.0,37.9,B
2021-06-21T11:01:11,2000.0,37.9,B
2021-06-21T10:59:32,100.0,37.7,B
2021-06-21T10:58:32,2000.0,37.6,B
2021-06-21T10:58:31,200.0,37.6,B
2021-06-21T10:58:21,100.0,37.5,S
2021-06-21T10:58:11,200.0,37.5,B
2021-06-21T10:57:53,3000.0,37.5,B
2021-06-21T10:57:36,800.0,37.5,B
2021-06-21T10:56:58,1000.0,37.5,B
2021-06-21T10:55:58,200.0,37.35,B
2021-06-21T10:54:55,1400.0,37.3,B
2021-06-21T10:53:51,200.0,37.3,B
2021-06-21T10:52:30,1200.0,37.2,B
2021-06-21T10:52:30,2600.0,37.2,B
2021-06-21T10:51:26,100.0,37.0,S
2021-06-21T10:50:02,200.0,37.0,S
2021-06-21T10:49:13,300.0,37.0,S
2021-06-21T10:47:30,100.0,37.0,S
2021-06-21T10:47:28,500.0,37.05,S
2021-06-21T10:43:44,10000.0,37.0,S
2021-06-21T10:43:26,2500.0,37.0,S
2021-06-21T10:43:26,1200.0,37.0,S
2021-06-21T10:43:26,100.0,37.0,S
2021-06-21T10:43:26,200.0,37.0,S
2021-06-21T10:39:58,5000.0,37.0,S
2021-06-21T10:39:20,200.0,37.0,S
2021-06-21T10:39:18,3000.0,37.0,S
2021-06-21T10:38:49,100.0,37.0,S
2021-06-21T10:37:39,300.0,37.0,S
2021-06-21T10:37:14,7400.0,37.0,S
2021-06-21T10:37:08,1100.0,37.1,B
2021-06-21T10:35:52,100.0,37.05,S
2021-06-21T10:32:56,1000.0,37.1,S
2021-06-21T10:32:56,200.0,37.1,S
2021-06-21T10:32:56,1400.0,37.1,S
2021-06-21T10:32:23,100.0,37.1,S
2021-06-21T10:31:59,300.0,37.1,S
2021-06-21T10:30:42,100.0,37.2,B
2021-06-21T10:29:10,100.0,37.2,B
2021-06-21T10:29:03,100.0,37.2,B
2021-06-21T10:28:23,600.0,37.2,S
2021-06-21T10:28:07,300.0,37.2,S
2021-06-21T10:27:17,5000.0,37.2,S
2021-06-21T10:25:10,800.0,37.3,S
2021-06-21T10:24:50,1000.0,37.3,S
2021-06-21T10:24:22,100.0,37.3,B
2021-06-21T10:24:11,100.0,37.3,B
2021-06-21T10:24:04,700.0,37.3,B
2021-06-21T10:24:04,300.0,37.3,B
2021-06-21T10:23:18,2000.0,37.2,S
2021-06-21T10:23:18,100.0,37.3,B
2021-06-21T10:22:58,100.0,37.3,B
2021-06-21T10:20:59,100.0,37.3,S
2021-06-21T10:20:36,2000.0,37.3,S
2021-06-21T10:19:46,300.0,37.35,B
2021-06-21T10:19:11,500.0,37.35,S
2021-06-21T10:17:25,300.0,37.35,S
2021-06-21T10:17:25,200.0,37.35,S
2021-06-21T10:15:42,300.0,37.35,S
2021-06-21T10:14:46,100.0,37.4,B
2021-06-21T10:14:00,400.0,37.5,S
2021-06-21T10:13:57,1200.0,37.5,B
2021-06-21T10:13:57,900.0,37.5,B
2021-06-21T10:12:52,100.0,37.5,B
2021-06-21T10:12:18,400.0,37.5,S
2021-06-21T10:11:56,100.0,37.5,B
2021-06-21T10:11:51,1300.0,37.5,B
2021-06-21T10:11:50,2200.0,37.5,B
2021-06-21T10:10:04,100.0,37.5,B
2021-06-21T10:08:43,400.0,37.5,B
2021-06-21T10:08:33,200.0,37.5,B
2021-06-21T10:07:44,500.0,37.5,B
2021-06-21T10:07:04,600.0,37.5,B
2021-06-21T10:06:56,200.0,37.5,B
2021-06-21T10:06:10,1600.0,37.5,B
2021-06-21T10:04:01,200.0,37.2,S
2021-06-21T10:00:55,200.0,37.2,S
2021-06-21T10:00:10,300.0,37.2,S
2021-06-21T09:59:58,800.0,37.2,S
2021-06-21T09:58:04,2100.0,37.2,B
2021-06-21T09:57:00,200.0,37.0,S
2021-06-21T09:56:44,100.0,37.0,S
2021-06-21T09:54:48,500.0,37.0,S
2021-06-21T09:54:45,200.0,37.0,S
2021-06-21T09:53:14,300.0,37.0,B
2021-06-21T09:52:37,600.0,37.0,S
2021-06-21T09:52:33,1400.0,37.0,S
2021-06-21T09:52:07,400.0,37.0,S
2021-06-21T09:51:43,1000.0,37.0,S
2021-06-21T09:51:38,100.0,37.0,S
2021-06-21T09:51:37,500.0,37.0,S
2021-06-21T09:51:32,100.0,37.0,S
2021-06-21T09:51:15,100.0,37.0,S
2021-06-21T09:51:15,100.0,37.0,S
2021-06-21T09:50:08,500.0,37.0,S
2021-06-21T09:49:48,500.0,37.0,S
2021-06-21T09:49:48,9300.0,37.0,S
2021-06-21T09:49:48,1200.0,37.0,S
2021-06-21T09:49:47,1400.0,37.0,S
2021-06-21T09:49:46,100.0,37.2,B
2021-06-21T09:47:00,500.0,37.2,B
2021-06-21T09:45:52,100.0,37.2,S
2021-06-21T09:45:38,3000.0,37.0,S
2021-06-21T09:45:09,100.0,37.2,S
2021-06-21T09:44:54,1000.0,37.1,S
2021-06-21T09:44:54,2100.0,37.1,S
2021-06-21T09:44:54,1000.0,37.15,S
2021-06-21T09:44:53,100.0,37.15,S
2021-06-21T09:44:32,400.0,37.2,S
2021-06-21T09:43:20,100.0,37.2,S
2021-06-21T09:41:59,10000.0,37.5,B
2021-06-21T09:41:51,500.0,37.15,S
2021-06-21T09:41:10,400.0,37.15,S
2021-06-21T09:40:53,100.0,37.15,S
2021-06-21T09:40:51,900.0,37.2,S
2021-06-21T09:40:37,200.0,37.2,S
2021-06-21T09:40:17,1000.0,37.2,S
2021-06-21T09:39:26,100.0,37.5,S
2021-06-21T09:38:57,1000.0,37.5,S
2021-06-21T09:38:45,1000.0,37.5,S
2021-06-21T09:37:20,1000.0,37.6,B
2021-06-21T09:36:59,100.0,37.6,S
2021-06-21T09:36:06,300.0,37.6,S
2021-06-21T09:36:06,1200.0,37.6,S
2021-06-21T09:36:06,300.0,37.6,S
2021-06-21T09:36:05,100.0,37.8,B
2021-06-21T09:35:16,300.0,38.0,B
2021-06-21T09:35:10,400.0,38.0,B
2021-06-21T09:35:10,100.0,38.0,B
2021-06-21T09:35:10,500.0,38.0,B
2021-06-21T09:34:52,1000.0,38.0,B
2021-06-21T09:34:01,300.0,38.0,B
2021-06-21T09:33:46,300.0,37.8,B
2021-06-21T09:33:45,200.0,37.7,S
2021-06-21T09:32:54,1300.0,37.7,S
2021-06-21T09:32:32,300.0,37.7,S
2021-06-21T09:32:12,100.0,37.7,S
2021-06-21T09:31:47,100.0,37.7,S
2021-06-21T09:30:41,500.0,37.7,S
2021-06-21T09:30:35,500.0,37.7,B
2021-06-21T09:30:14,2200.0,37.7,B
2021-06-21T09:29:46,2600.0,37.7,B
2021-06-21T09:28:39,100.0,37.7,B
2021-06-21T09:28:19,300.0,37.6,S
2021-06-21T09:28:05,100.0,37.7,B
2021-06-21T09:27:10,100.0,37.7,B
2021-06-21T09:27:01,1300.0,37.7,B
2021-06-21T09:26:45,800.0,37.7,B
2021-06-21T09:26:27,700.0,37.7,B
2021-06-21T09:26:19,600.0,37.6,S
2021-06-21T09:25:58,200.0,37.7,B
2021-06-21T09:25:47,100.0,37.7,B
2021-06-21T09:24:36,900.0,37.6,B
2021-06-21T09:24:11,100.0,37.6,B
2021-06-21T09:24:07,100.0,37.5,S
2021-06-21T09:23:54,200.0,37.1,S
2021-06-21T09:23:33,3000.0,37.6,B
2021-06-21T09:22:52,500.0,37.1,S
2021-06-21T09:22:10,100.0,37.1,S
2021-06-21T09:21:05,200.0,37.1,S
2021-06-21T09:20:05,100.0,37.05,B
2021-06-21T09:20:02,400.0,37.0,S
2021-06-21T09:19:56,100.0,37.05,B
2021-06-21T09:19:56,100.0,37.05,B
2021-06-21T09:19:51,400.0,37.0,S
2021-06-21T09:19:50,300.0,37.05,B
2021-06-21T09:19:45,4500.0,37.05,B
2021-06-21T09:19:41,500.0,37.0,S
2021-06-21T09:19:40,100.0,37.05,B
2021-06-21T09:19:25,100.0,37.05,B
2021-06-21T09:19:23,2000.0,37.0,S
2021-06-21T09:19:23,300.0,37.0,S
2021-06-21T09:19:08,500.0,37.05,B
2021-06-21T09:19:06,100.0,37.0,S
2021-06-21T09:18:51,100.0,37.05,B
2021-06-21T09:18:36,700.0,37.05,S
2021-06-21T09:18:18,500.0,37.05,S
2021-06-21T09:18:12,300.0,37.05,S
2021-06-21T09:18:12,4200.0,37.05,S
2021-06-21T09:18:01,300.0,37.05,S
2021-06-21T09:17:53,3400.0,37.05,S
2021-06-21T09:17:45,1300.0,37.05,S
2021-06-21T09:17:12,1800.0,37.05,B
2021-06-21T09:17:11,100.0,37.05,B
2021-06-21T09:17:11,100.0,37.0,S
2021-06-21T09:16:59,100.0,37.05,B
2021-06-21T09:16:29,400.0,37.05,B
2021-06-21T09:16:18,200.0,37.1,S
2021-06-21T09:16:05,300.0,37.1,B
2021-06-21T09:15:52,100.0,36.3,B
