tradingTime,volume,price,side
2021-06-21T14:21:01,100.0,93.5,B
2021-06-21T14:20:33,5000.0,93.4,S
2021-06-21T14:20:29,100.0,93.4,S
2021-06-21T14:19:29,2000.0,93.4,S
2021-06-21T14:18:10,1000.0,93.5,S
2021-06-21T14:17:57,100.0,93.5,S
2021-06-21T14:17:57,500.0,93.5,S
2021-06-21T14:17:49,2700.0,93.5,S
2021-06-21T14:17:47,4600.0,93.5,S
2021-06-21T14:17:47,3800.0,93.5,S
2021-06-21T14:17:47,1600.0,93.5,S
2021-06-21T14:17:33,100.0,93.5,S
2021-06-21T14:16:48,300.0,93.5,S
2021-06-21T14:16:18,100.0,93.5,S
2021-06-21T14:15:08,200.0,93.5,S
2021-06-21T14:14:38,100.0,93.7,B
2021-06-21T14:14:14,400.0,93.7,B
2021-06-21T14:13:58,1000.0,93.7,B
2021-06-21T14:12:38,1000.0,93.7,B
2021-06-21T14:12:31,500.0,93.5,S
2021-06-21T14:12:23,300.0,93.7,B
2021-06-21T14:11:53,100.0,93.5,S
2021-06-21T14:10:51,400.0,93.5,S
2021-06-21T14:09:23,100.0,93.5,S
2021-06-21T14:08:36,100.0,93.5,S
2021-06-21T14:08:08,800.0,93.5,S
2021-06-21T14:07:11,1000.0,93.5,B
2021-06-21T14:06:55,800.0,93.5,S
2021-06-21T14:06:55,100.0,93.5,S
2021-06-21T14:06:55,100.0,93.5,S
2021-06-21T14:04:40,100.0,93.5,S
2021-06-21T14:04:30,200.0,93.5,S
2021-06-21T14:03:31,200.0,93.5,S
2021-06-21T14:03:18,600.0,93.9,B
2021-06-21T14:03:18,1000.0,93.9,B
2021-06-21T14:03:18,400.0,93.9,B
2021-06-21T14:03:08,300.0,93.8,B
2021-06-21T14:00:46,5600.0,93.4,S
2021-06-21T14:00:45,3000.0,93.8,B
2021-06-21T14:00:16,200.0,93.4,S
2021-06-21T14:00:00,100.0,93.7,B
2021-06-21T13:59:50,100.0,93.5,B
2021-06-21T13:59:40,300.0,93.4,S
2021-06-21T13:59:09,300.0,93.4,S
2021-06-21T13:59:06,500.0,93.4,S
2021-06-21T13:58:57,100.0,93.4,S
2021-06-21T13:58:48,400.0,93.4,S
2021-06-21T13:58:35,300.0,93.4,B
2021-06-21T13:58:32,2000.0,93.4,B
2021-06-21T13:56:45,100.0,93.3,S
2021-06-21T13:55:37,500.0,93.2,B
2021-06-21T13:55:16,100.0,93.2,B
2021-06-21T13:55:11,300.0,93.1,S
2021-06-21T13:55:07,1000.0,93.2,B
2021-06-21T13:54:27,400.0,93.1,S
2021-06-21T13:54:27,600.0,93.1,S
2021-06-21T13:53:31,400.0,93.0,S
2021-06-21T13:53:05,300.0,93.0,S
2021-06-21T13:53:05,300.0,93.2,B
2021-06-21T13:52:04,4200.0,93.0,S
2021-06-21T13:52:04,700.0,93.0,S
2021-06-21T13:52:04,200.0,93.0,S
2021-06-21T13:52:04,4900.0,93.0,S
2021-06-21T13:51:33,500.0,93.1,S
2021-06-21T13:51:09,1100.0,93.2,S
2021-06-21T13:50:54,1800.0,93.4,B
2021-06-21T13:50:52,1200.0,93.4,B
2021-06-21T13:50:42,200.0,93.3,S
2021-06-21T13:50:35,1800.0,93.4,S
2021-06-21T13:50:11,500.0,93.4,S
2021-06-21T13:50:06,500.0,93.4,S
2021-06-21T13:49:18,200.0,93.4,S
2021-06-21T13:48:03,1100.0,93.5,S
2021-06-21T13:47:26,500.0,93.5,S
2021-06-21T13:47:14,500.0,93.5,S
2021-06-21T13:46:44,500.0,93.6,S
2021-06-21T13:46:05,500.0,93.6,S
2021-06-21T13:45:51,300.0,93.6,S
2021-06-21T13:45:51,700.0,93.6,S
2021-06-21T13:45:21,400.0,93.6,S
2021-06-21T13:45:08,100.0,93.6,S
2021-06-21T13:44:48,200.0,93.6,S
2021-06-21T13:44:44,100.0,93.6,S
2021-06-21T13:44:10,1000.0,93.6,S
2021-06-21T13:44:03,500.0,93.6,S
2021-06-21T13:43:44,800.0,93.6,S
2021-06-21T13:43:41,400.0,93.6,S
2021-06-21T13:43:37,100.0,93.6,S
2021-06-21T13:43:09,5000.0,93.6,S
2021-06-21T13:43:02,500.0,93.7,B
2021-06-21T13:42:18,400.0,93.6,S
2021-06-21T13:42:03,4300.0,93.7,S
2021-06-21T13:42:01,500.0,93.7,S
2021-06-21T13:41:49,1000.0,93.7,S
2021-06-21T13:41:30,4500.0,93.7,S
2021-06-21T13:41:29,500.0,93.7,S
2021-06-21T13:41:05,500.0,93.7,S
2021-06-21T13:40:53,3000.0,93.8,B
2021-06-21T13:40:40,200.0,93.8,B
2021-06-21T13:40:27,400.0,93.7,S
2021-06-21T13:40:18,100.0,93.8,B
2021-06-21T13:40:15,100.0,93.7,S
2021-06-21T13:40:13,100.0,93.8,B
2021-06-21T13:40:02,100.0,93.8,B
2021-06-21T13:40:00,500.0,93.7,S
2021-06-21T13:39:43,100.0,93.8,B
2021-06-21T13:39:20,100.0,93.8,B
2021-06-21T13:39:04,100.0,93.8,B
2021-06-21T13:38:52,1000.0,93.7,S
2021-06-21T13:37:59,500.0,93.7,S
2021-06-21T13:37:44,1000.0,93.7,B
2021-06-21T13:37:25,100.0,93.8,B
2021-06-21T13:37:23,1200.0,93.7,B
2021-06-21T13:37:10,1000.0,93.6,S
2021-06-21T13:36:59,7500.0,93.7,B
2021-06-21T13:36:55,500.0,93.6,S
2021-06-21T13:36:54,200.0,93.6,S
2021-06-21T13:36:23,100.0,93.6,S
2021-06-21T13:36:02,6000.0,93.7,B
2021-06-21T13:35:52,2100.0,93.7,S
2021-06-21T13:35:42,200.0,93.7,S
2021-06-21T13:35:40,100.0,93.8,B
2021-06-21T13:35:32,300.0,93.7,S
2021-06-21T13:35:07,4800.0,93.8,B
2021-06-21T13:35:02,200.0,93.8,B
2021-06-21T13:34:48,400.0,93.7,S
2021-06-21T13:34:45,6400.0,93.8,B
2021-06-21T13:34:14,1000.0,93.8,B
2021-06-21T13:33:54,400.0,93.7,S
2021-06-21T13:33:54,100.0,93.8,B
2021-06-21T13:33:12,2700.0,93.8,B
2021-06-21T13:32:53,300.0,93.8,B
2021-06-21T13:32:48,100.0,93.6,S
2021-06-21T13:32:26,1400.0,93.7,S
2021-06-21T13:32:26,1600.0,93.7,S
2021-06-21T13:32:17,2400.0,93.7,S
2021-06-21T13:31:56,400.0,93.7,S
2021-06-21T13:31:43,500.0,93.7,B
2021-06-21T13:30:56,400.0,93.6,B
2021-06-21T13:30:52,200.0,93.6,B
2021-06-21T13:30:37,100.0,93.6,B
2021-06-21T13:30:29,500.0,93.6,B
2021-06-21T13:30:19,300.0,93.6,B
2021-06-21T13:30:10,500.0,93.6,B
2021-06-21T13:30:09,100.0,93.6,B
2021-06-21T13:29:55,200.0,93.5,B
2021-06-21T13:29:52,400.0,93.5,B
2021-06-21T13:29:48,100.0,93.5,B
2021-06-21T13:29:46,100.0,93.5,B
2021-06-21T13:29:30,1500.0,93.5,B
2021-06-21T13:28:58,200.0,93.4,B
2021-06-21T13:28:47,2000.0,93.3,B
2021-06-21T13:28:35,100.0,93.4,B
2021-06-21T13:28:29,1700.0,93.4,B
2021-06-21T13:28:03,1800.0,93.3,B
2021-06-21T13:28:00,200.0,93.3,B
2021-06-21T13:28:00,500.0,93.2,B
2021-06-21T13:27:59,1400.0,93.2,B
2021-06-21T13:27:47,400.0,93.1,S
2021-06-21T13:27:22,100.0,93.1,S
2021-06-21T13:26:53,500.0,93.2,B
2021-06-21T13:26:27,300.0,93.1,S
2021-06-21T13:26:21,200.0,93.2,B
2021-06-21T13:26:15,200.0,93.2,B
2021-06-21T13:25:57,2000.0,93.2,B
2021-06-21T13:25:46,400.0,93.0,S
2021-06-21T13:25:29,300.0,93.2,B
2021-06-21T13:25:22,300.0,93.2,B
2021-06-21T13:25:05,300.0,93.2,S
2021-06-21T13:24:57,1500.0,93.0,S
2021-06-21T13:24:09,400.0,93.0,S
2021-06-21T13:23:38,2000.0,93.0,S
2021-06-21T13:23:34,2000.0,93.3,B
2021-06-21T13:23:27,500.0,92.9,S
2021-06-21T13:23:18,3000.0,93.0,S
2021-06-21T13:23:12,300.0,93.0,S
2021-06-21T13:23:12,100.0,93.0,S
2021-06-21T13:22:03,400.0,92.9,B
2021-06-21T13:21:44,400.0,92.9,B
2021-06-21T13:21:42,100.0,93.3,B
2021-06-21T13:21:34,900.0,93.0,B
2021-06-21T13:21:08,100.0,93.0,B
2021-06-21T13:21:06,900.0,93.0,B
2021-06-21T13:21:02,3000.0,93.0,B
2021-06-21T13:20:56,200.0,92.9,B
2021-06-21T13:20:45,100.0,92.9,B
2021-06-21T13:20:14,5000.0,92.8,S
2021-06-21T13:19:54,3900.0,92.8,B
2021-06-21T13:19:51,400.0,92.7,B
2021-06-21T13:19:41,300.0,92.8,B
2021-06-21T13:18:57,100.0,92.7,B
2021-06-21T13:18:52,3000.0,92.7,B
2021-06-21T13:18:26,1300.0,92.7,B
2021-06-21T13:18:14,100.0,92.7,B
2021-06-21T13:18:13,1000.0,92.7,B
2021-06-21T13:18:04,1000.0,92.7,B
2021-06-21T13:18:04,1000.0,92.7,B
2021-06-21T13:18:03,100.0,92.7,B
2021-06-21T13:18:00,400.0,92.6,S
2021-06-21T13:17:59,300.0,92.6,S
2021-06-21T13:17:58,1000.0,92.7,B
2021-06-21T13:17:57,200.0,92.7,B
2021-06-21T13:17:33,100.0,92.7,B
2021-06-21T13:17:32,100.0,92.7,B
2021-06-21T13:17:29,400.0,92.7,B
2021-06-21T13:17:22,1900.0,92.7,B
2021-06-21T13:17:22,2100.0,92.7,B
2021-06-21T13:17:06,200.0,92.7,B
2021-06-21T13:16:46,300.0,92.7,B
2021-06-21T13:16:35,100.0,92.7,B
2021-06-21T13:16:25,1400.0,92.6,S
2021-06-21T13:16:24,5600.0,92.6,S
2021-06-21T13:16:23,100.0,92.7,B
2021-06-21T13:16:13,500.0,92.7,B
2021-06-21T13:16:13,200.0,92.6,S
2021-06-21T13:16:08,100.0,92.7,B
2021-06-21T13:15:46,1000.0,92.7,B
2021-06-21T13:15:41,400.0,92.6,S
2021-06-21T13:15:30,100.0,92.6,S
2021-06-21T13:15:26,1000.0,92.7,B
2021-06-21T13:15:20,2000.0,92.7,S
2021-06-21T13:15:11,500.0,92.7,S
2021-06-21T13:15:09,500.0,92.7,S
2021-06-21T13:15:06,100.0,92.7,S
2021-06-21T13:14:27,200.0,92.7,S
2021-06-21T13:14:22,300.0,92.7,S
2021-06-21T13:14:20,200.0,92.7,S
2021-06-21T13:14:19,200.0,92.7,S
2021-06-21T13:14:15,400.0,92.7,S
2021-06-21T13:14:12,300.0,92.7,S
2021-06-21T13:14:04,1000.0,92.7,S
2021-06-21T13:14:04,400.0,92.7,S
2021-06-21T13:14:00,3600.0,92.7,S
2021-06-21T13:13:59,1500.0,92.7,S
2021-06-21T13:13:49,400.0,92.7,S
2021-06-21T13:13:44,100.0,92.7,S
2021-06-21T13:13:39,1800.0,92.7,S
2021-06-21T13:13:18,1000.0,92.7,S
2021-06-21T13:13:18,1000.0,92.7,S
2021-06-21T13:13:18,6300.0,92.7,S
2021-06-21T13:13:18,1000.0,92.7,S
2021-06-21T13:13:17,1700.0,92.7,S
2021-06-21T13:13:09,1200.0,92.7,S
2021-06-21T13:12:51,600.0,92.7,S
2021-06-21T13:12:51,3100.0,92.7,S
2021-06-21T13:12:22,300.0,92.8,B
2021-06-21T13:12:16,1000.0,92.7,S
2021-06-21T13:12:03,400.0,92.7,S
2021-06-21T13:12:00,1000.0,92.7,S
2021-06-21T13:11:55,500.0,92.7,S
2021-06-21T13:11:50,500.0,92.8,B
2021-06-21T13:11:32,1000.0,92.9,B
2021-06-21T13:11:14,1000.0,92.7,S
2021-06-21T13:11:03,300.0,92.8,S
2021-06-21T13:10:52,1000.0,92.7,S
2021-06-21T13:10:09,1500.0,92.9,S
2021-06-21T13:10:09,2000.0,92.7,S
2021-06-21T13:10:09,1000.0,92.7,S
2021-06-21T13:10:09,7000.0,92.7,S
2021-06-21T13:09:55,1000.0,92.7,S
2021-06-21T13:09:40,100.0,92.7,S
2021-06-21T13:09:02,900.0,92.9,S
2021-06-21T13:08:34,400.0,92.7,S
2021-06-21T13:08:25,800.0,92.9,S
2021-06-21T13:08:18,200.0,92.9,S
2021-06-21T13:07:52,6200.0,92.7,S
2021-06-21T13:07:46,400.0,92.9,S
2021-06-21T13:07:41,2000.0,92.8,S
2021-06-21T13:07:37,3000.0,92.8,S
2021-06-21T13:07:19,100.0,93.0,B
2021-06-21T13:07:08,200.0,93.0,B
2021-06-21T13:07:00,2000.0,92.9,S
2021-06-21T13:06:48,100.0,92.9,S
2021-06-21T13:06:43,100.0,93.0,B
2021-06-21T13:06:09,2000.0,93.0,B
2021-06-21T13:05:25,600.0,93.0,B
2021-06-21T13:05:18,300.0,93.0,B
2021-06-21T13:05:07,200.0,93.0,B
2021-06-21T13:05:02,1000.0,93.0,S
2021-06-21T13:04:59,100.0,93.0,S
2021-06-21T13:04:58,200.0,93.0,S
2021-06-21T13:04:44,500.0,93.0,S
2021-06-21T13:04:43,12900.0,93.0,S
2021-06-21T13:04:42,1000.0,93.0,S
2021-06-21T13:04:32,1100.0,93.0,S
2021-06-21T13:04:32,1600.0,93.0,S
2021-06-21T13:04:32,2100.0,93.0,S
2021-06-21T13:04:32,1200.0,93.0,S
2021-06-21T13:03:55,400.0,93.0,S
2021-06-21T13:03:41,800.0,93.3,S
2021-06-21T13:03:41,400.0,93.3,S
2021-06-21T13:03:41,800.0,93.3,S
2021-06-21T13:03:36,500.0,93.0,S
2021-06-21T13:03:35,100.0,93.2,S
2021-06-21T13:03:35,800.0,93.2,S
2021-06-21T13:03:30,1000.0,93.2,S
2021-06-21T13:03:19,200.0,93.2,S
2021-06-21T13:02:59,500.0,93.3,S
2021-06-21T13:02:50,100.0,93.3,S
2021-06-21T13:02:34,2000.0,93.0,S
2021-06-21T13:02:34,1000.0,93.0,S
2021-06-21T13:02:32,2000.0,93.0,S
2021-06-21T13:02:16,100.0,93.3,S
2021-06-21T13:02:16,300.0,93.3,S
2021-06-21T13:02:10,100.0,93.3,S
2021-06-21T13:02:02,300.0,93.3,S
2021-06-21T13:01:42,500.0,93.3,S
2021-06-21T13:01:32,2000.0,93.1,S
2021-06-21T13:01:30,100.0,93.2,S
2021-06-21T13:01:30,200.0,93.3,S
2021-06-21T13:01:28,2000.0,93.2,S
2021-06-21T13:01:26,1000.0,93.2,S
2021-06-21T13:00:48,200.0,93.3,S
2021-06-21T13:00:43,1000.0,93.2,S
2021-06-21T13:00:41,2500.0,93.3,S
2021-06-21T13:00:41,300.0,93.3,S
2021-06-21T13:00:38,300.0,93.3,S
2021-06-21T13:00:27,100.0,93.4,B
2021-06-21T13:00:15,100.0,93.4,B
2021-06-21T11:30:11,200.0,93.4,B
2021-06-21T11:29:21,400.0,93.3,S
2021-06-21T11:28:51,900.0,93.4,S
2021-06-21T11:28:51,1400.0,93.4,S
2021-06-21T11:28:47,500.0,93.4,S
2021-06-21T11:28:28,200.0,93.4,S
2021-06-21T11:28:28,100.0,93.4,S
2021-06-21T11:27:59,400.0,93.5,B
2021-06-21T11:26:44,100.0,93.5,S
2021-06-21T11:26:44,13300.0,93.5,S
2021-06-21T11:26:29,400.0,93.5,S
2021-06-21T11:26:28,13600.0,93.5,S
2021-06-21T11:26:28,3800.0,93.5,S
2021-06-21T11:26:28,5600.0,93.5,S
2021-06-21T11:26:28,200.0,93.5,S
2021-06-21T11:26:28,7100.0,93.6,S
2021-06-21T11:26:08,400.0,93.6,S
2021-06-21T11:25:52,2000.0,93.6,S
2021-06-21T11:25:08,100.0,93.7,S
2021-06-21T11:24:33,200.0,93.7,S
2021-06-21T11:23:50,100.0,93.8,B
2021-06-21T11:23:47,10000.0,93.7,S
2021-06-21T11:22:33,800.0,93.8,S
2021-06-21T11:22:33,6800.0,93.8,S
2021-06-21T11:22:33,100.0,93.8,S
2021-06-21T11:22:33,7100.0,93.8,S
2021-06-21T11:22:25,200.0,93.8,S
2021-06-21T11:21:05,400.0,93.8,S
2021-06-21T11:20:42,700.0,93.8,S
2021-06-21T11:20:13,1400.0,93.8,S
2021-06-21T11:18:59,5000.0,93.9,B
2021-06-21T11:18:48,100.0,93.9,B
2021-06-21T11:18:41,100.0,93.9,B
2021-06-21T11:18:15,1800.0,93.9,S
2021-06-21T11:18:03,400.0,93.9,S
2021-06-21T11:18:02,500.0,93.9,S
2021-06-21T11:17:00,500.0,93.9,S
2021-06-21T11:16:49,400.0,93.9,S
2021-06-21T11:16:44,300.0,93.9,S
2021-06-21T11:16:12,700.0,93.9,S
2021-06-21T11:15:44,100.0,94.0,B
2021-06-21T11:13:56,400.0,93.9,S
2021-06-21T11:13:54,100.0,94.0,B
2021-06-21T11:13:10,300.0,94.0,B
2021-06-21T11:12:42,700.0,93.9,S
2021-06-21T11:12:15,300.0,93.9,S
2021-06-21T11:11:59,200.0,93.9,B
2021-06-21T11:11:46,500.0,93.9,S
2021-06-21T11:10:30,500.0,93.9,S
2021-06-21T11:09:17,1000.0,93.9,S
2021-06-21T11:08:50,400.0,94.0,S
2021-06-21T11:08:40,18600.0,93.9,S
2021-06-21T11:08:40,1400.0,94.0,S
2021-06-21T11:08:24,5500.0,94.2,B
2021-06-21T11:08:12,200.0,94.0,S
2021-06-21T11:07:56,200.0,94.0,S
2021-06-21T11:07:32,500.0,94.0,S
2021-06-21T11:07:20,700.0,94.0,S
2021-06-21T11:06:03,600.0,94.0,S
2021-06-21T11:05:53,1000.0,94.0,S
2021-06-21T11:04:41,200.0,94.0,B
2021-06-21T11:03:30,7300.0,94.0,S
2021-06-21T11:03:27,500.0,94.2,B
2021-06-21T11:02:54,700.0,94.0,S
2021-06-21T11:00:32,100.0,94.2,B
2021-06-21T10:59:59,100.0,94.2,S
2021-06-21T10:59:55,100.0,94.2,S
2021-06-21T10:59:45,500.0,94.2,S
2021-06-21T10:59:45,100.0,94.2,S
2021-06-21T10:58:59,500.0,94.2,S
2021-06-21T10:58:28,700.0,94.2,S
2021-06-21T10:58:13,200.0,94.3,B
2021-06-21T10:57:57,500.0,94.3,B
2021-06-21T10:57:28,100.0,94.2,S
2021-06-21T10:57:21,2600.0,94.2,B
2021-06-21T10:57:14,1500.0,94.2,B
2021-06-21T10:57:02,2100.0,94.2,B
2021-06-21T10:56:48,2800.0,94.2,B
2021-06-21T10:56:22,500.0,94.2,B
2021-06-21T10:56:20,1900.0,94.2,B
2021-06-21T10:55:13,300.0,94.2,B
2021-06-21T10:54:42,1000.0,94.2,B
2021-06-21T10:54:05,400.0,94.2,B
2021-06-21T10:54:02,500.0,94.0,S
2021-06-21T10:53:45,200.0,94.2,S
2021-06-21T10:53:44,1000.0,94.2,S
2021-06-21T10:53:11,400.0,94.2,B
2021-06-21T10:53:11,5800.0,94.2,B
2021-06-21T10:52:41,100.0,94.2,B
2021-06-21T10:52:16,900.0,94.0,S
2021-06-21T10:52:16,100.0,94.1,S
2021-06-21T10:51:45,400.0,94.0,S
2021-06-21T10:50:48,900.0,94.1,B
2021-06-21T10:50:48,200.0,94.0,S
2021-06-21T10:50:38,1500.0,94.0,S
2021-06-21T10:49:31,700.0,94.0,S
2021-06-21T10:48:53,800.0,94.0,S
2021-06-21T10:48:42,1000.0,94.1,B
2021-06-21T10:48:28,1100.0,94.0,B
2021-06-21T10:48:28,700.0,94.0,B
2021-06-21T10:48:28,500.0,94.0,B
2021-06-21T10:48:28,1000.0,94.0,B
2021-06-21T10:48:27,1400.0,94.0,B
2021-06-21T10:48:27,300.0,94.0,B
2021-06-21T10:48:27,2100.0,94.0,B
2021-06-21T10:47:25,1000.0,93.9,S
2021-06-21T10:47:01,300.0,93.9,B
2021-06-21T10:46:58,200.0,93.9,B
2021-06-21T10:46:27,300.0,93.9,B
2021-06-21T10:45:55,400.0,93.9,B
2021-06-21T10:45:42,2000.0,93.9,B
2021-06-21T10:45:26,100.0,93.9,B
2021-06-21T10:45:06,700.0,93.8,S
2021-06-21T10:44:23,3600.0,93.9,B
2021-06-21T10:43:55,100.0,93.8,S
2021-06-21T10:43:55,100.0,93.8,S
2021-06-21T10:43:55,200.0,93.8,S
2021-06-21T10:43:41,400.0,93.8,S
2021-06-21T10:43:40,300.0,93.8,S
2021-06-21T10:43:40,1300.0,93.8,S
2021-06-21T10:43:31,200.0,93.8,S
2021-06-21T10:43:31,8200.0,93.8,S
2021-06-21T10:43:31,1700.0,93.8,S
2021-06-21T10:43:30,4900.0,93.8,S
2021-06-21T10:43:09,700.0,93.8,S
2021-06-21T10:42:42,200.0,93.8,S
2021-06-21T10:42:40,100.0,93.8,S
2021-06-21T10:42:27,200.0,93.8,S
2021-06-21T10:41:21,100.0,93.8,S
2021-06-21T10:40:59,400.0,93.8,S
2021-06-21T10:40:50,400.0,93.8,S
2021-06-21T10:40:50,100.0,93.8,S
2021-06-21T10:40:39,1000.0,93.8,S
2021-06-21T10:40:35,700.0,93.8,S
2021-06-21T10:40:21,1000.0,93.8,S
2021-06-21T10:40:12,400.0,93.8,S
2021-06-21T10:38:33,400.0,93.8,S
2021-06-21T10:38:24,2200.0,93.8,S
2021-06-21T10:37:20,500.0,93.9,B
2021-06-21T10:37:04,100.0,93.9,S
2021-06-21T10:36:29,900.0,93.9,S
2021-06-21T10:36:28,3400.0,93.9,S
2021-06-21T10:36:20,700.0,93.9,S
2021-06-21T10:35:55,100.0,93.9,S
2021-06-21T10:35:12,300.0,93.9,S
2021-06-21T10:35:07,200.0,93.9,S
2021-06-21T10:34:44,300.0,93.9,B
2021-06-21T10:34:37,100.0,93.8,S
2021-06-21T10:34:22,200.0,93.9,B
2021-06-21T10:34:03,100.0,93.9,B
2021-06-21T10:33:54,400.0,93.8,S
2021-06-21T10:33:42,500.0,93.9,B
2021-06-21T10:33:40,700.0,94.0,B
2021-06-21T10:33:29,1400.0,93.8,S
2021-06-21T10:33:09,100.0,93.9,S
2021-06-21T10:32:52,600.0,93.9,S
2021-06-21T10:32:52,700.0,93.9,S
2021-06-21T10:32:33,700.0,93.9,S
2021-06-21T10:32:33,1000.0,94.0,B
2021-06-21T10:32:24,700.0,94.0,B
2021-06-21T10:32:15,400.0,93.9,S
2021-06-21T10:32:10,1800.0,93.9,S
2021-06-21T10:31:54,900.0,93.8,S
2021-06-21T10:31:54,300.0,93.8,S
2021-06-21T10:31:54,1800.0,93.9,S
2021-06-21T10:31:48,700.0,93.9,S
2021-06-21T10:30:38,400.0,93.9,S
2021-06-21T10:30:12,300.0,93.9,S
2021-06-21T10:30:04,200.0,93.9,S
2021-06-21T10:30:00,400.0,93.9,S
2021-06-21T10:29:41,2000.0,93.9,S
2021-06-21T10:29:07,500.0,94.0,B
2021-06-21T10:28:41,1500.0,93.9,S
2021-06-21T10:28:24,400.0,93.9,S
2021-06-21T10:28:14,300.0,94.0,B
2021-06-21T10:27:27,1200.0,93.9,S
2021-06-21T10:27:27,100.0,93.9,S
2021-06-21T10:27:27,3700.0,93.9,S
2021-06-21T10:27:24,400.0,93.9,S
2021-06-21T10:27:20,700.0,93.9,S
2021-06-21T10:26:53,1000.0,94.0,B
2021-06-21T10:26:31,1400.0,94.0,B
2021-06-21T10:26:23,1100.0,93.9,S
2021-06-21T10:26:09,200.0,93.9,S
2021-06-21T10:26:02,2000.0,94.0,B
2021-06-21T10:25:51,500.0,93.9,S
2021-06-21T10:25:29,2000.0,93.9,S
2021-06-21T10:24:32,100.0,93.9,S
2021-06-21T10:24:10,200.0,93.9,S
2021-06-21T10:24:02,100.0,94.0,B
2021-06-21T10:23:20,2000.0,93.9,S
2021-06-21T10:22:51,600.0,93.9,S
2021-06-21T10:22:51,700.0,93.9,S
2021-06-21T10:22:25,500.0,93.9,S
2021-06-21T10:22:25,2500.0,93.9,S
2021-06-21T10:22:05,4000.0,93.8,S
2021-06-21T10:22:03,800.0,93.9,B
2021-06-21T10:21:35,200.0,93.9,B
2021-06-21T10:21:35,1000.0,93.9,B
2021-06-21T10:21:34,800.0,93.9,B
2021-06-21T10:21:31,3000.0,93.8,S
2021-06-21T10:20:55,1600.0,93.8,S
2021-06-21T10:20:55,1600.0,93.8,S
2021-06-21T10:20:48,400.0,93.8,S
2021-06-21T10:20:41,3000.0,93.8,S
2021-06-21T10:20:41,1500.0,93.8,S
2021-06-21T10:20:40,5500.0,93.8,S
2021-06-21T10:20:28,700.0,93.8,S
2021-06-21T10:20:23,100.0,93.9,B
2021-06-21T10:20:19,100.0,93.9,B
2021-06-21T10:19:37,100.0,93.9,B
2021-06-21T10:18:57,400.0,93.9,S
2021-06-21T10:18:51,500.0,94.0,B
2021-06-21T10:18:18,5000.0,93.9,S
2021-06-21T10:17:56,500.0,94.2,B
2021-06-21T10:17:54,1000.0,94.2,B
2021-06-21T10:17:47,2100.0,94.2,B
2021-06-21T10:17:42,500.0,94.0,S
2021-06-21T10:17:25,200.0,94.0,S
2021-06-21T10:17:25,200.0,94.0,S
2021-06-21T10:17:25,2600.0,94.0,S
2021-06-21T10:17:02,2000.0,94.0,S
2021-06-21T10:16:37,1000.0,94.2,B
2021-06-21T10:16:21,1000.0,94.1,B
2021-06-21T10:15:29,500.0,94.1,B
2021-06-21T10:15:19,100.0,94.1,B
2021-06-21T10:15:15,200.0,94.0,S
2021-06-21T10:15:15,200.0,94.0,S
2021-06-21T10:14:54,200.0,94.0,S
2021-06-21T10:14:34,1700.0,94.0,S
2021-06-21T10:14:16,100.0,94.1,B
2021-06-21T10:13:57,600.0,94.0,S
2021-06-21T10:13:55,300.0,94.0,S
2021-06-21T10:12:56,1700.0,94.0,S
2021-06-21T10:12:42,400.0,94.0,S
2021-06-21T10:12:40,100.0,94.1,B
2021-06-21T10:11:46,500.0,94.1,B
2021-06-21T10:10:56,500.0,94.0,S
2021-06-21T10:10:50,300.0,94.2,B
2021-06-21T10:10:44,400.0,94.0,S
2021-06-21T10:10:44,700.0,94.0,S
2021-06-21T10:10:11,9900.0,94.0,S
2021-06-21T10:10:00,400.0,94.1,S
2021-06-21T10:09:46,500.0,94.3,B
2021-06-21T10:09:44,100.0,94.3,B
2021-06-21T10:09:34,600.0,94.1,S
2021-06-21T10:09:21,2000.0,94.3,B
2021-06-21T10:09:15,1000.0,94.3,B
2021-06-21T10:08:46,1000.0,94.2,B
2021-06-21T10:07:58,300.0,94.2,B
2021-06-21T10:07:49,200.0,94.2,B
2021-06-21T10:07:16,100.0,94.2,B
2021-06-21T10:07:03,1000.0,94.2,B
2021-06-21T10:06:52,300.0,94.2,B
2021-06-21T10:06:25,1500.0,94.2,B
2021-06-21T10:05:09,4800.0,94.0,S
2021-06-21T10:05:03,600.0,94.0,S
2021-06-21T10:04:44,500.0,94.0,S
2021-06-21T10:03:28,1700.0,94.0,B
2021-06-21T10:02:41,300.0,94.0,B
2021-06-21T10:02:41,200.0,94.0,B
2021-06-21T10:02:29,1000.0,93.8,S
2021-06-21T10:02:29,5000.0,93.8,S
2021-06-21T10:02:24,100.0,94.0,B
2021-06-21T10:02:21,1000.0,94.0,B
2021-06-21T10:02:02,100.0,94.0,B
2021-06-21T10:02:02,200.0,94.0,B
2021-06-21T10:01:14,500.0,94.0,B
2021-06-21T10:00:58,200.0,94.0,B
2021-06-21T10:00:55,400.0,93.9,S
2021-06-21T10:00:44,100.0,93.9,S
2021-06-21T10:00:43,500.0,93.9,S
2021-06-21T10:00:34,500.0,94.0,B
2021-06-21T10:00:34,500.0,94.0,B
2021-06-21T10:00:16,1000.0,93.8,S
2021-06-21T09:58:56,100.0,93.8,S
2021-06-21T09:58:37,3000.0,93.7,S
2021-06-21T09:58:34,500.0,93.7,S
2021-06-21T09:57:58,4200.0,93.7,S
2021-06-21T09:57:55,1000.0,93.7,S
2021-06-21T09:57:52,500.0,94.0,B
2021-06-21T09:57:24,1000.0,93.7,S
2021-06-21T09:57:23,2700.0,94.0,B
2021-06-21T09:57:15,200.0,93.8,S
2021-06-21T09:56:27,100.0,93.9,B
2021-06-21T09:56:12,2000.0,93.7,S
2021-06-21T09:56:10,600.0,93.8,S
2021-06-21T09:56:09,100.0,93.8,S
2021-06-21T09:55:40,100.0,93.9,B
2021-06-21T09:55:35,100.0,93.9,B
2021-06-21T09:55:07,500.0,94.0,B
2021-06-21T09:54:39,100.0,93.9,S
2021-06-21T09:54:30,100.0,93.9,S
2021-06-21T09:54:30,100.0,93.9,S
2021-06-21T09:54:30,3000.0,93.9,S
2021-06-21T09:53:59,2000.0,93.9,S
2021-06-21T09:53:20,1000.0,94.0,S
2021-06-21T09:53:01,600.0,94.0,B
2021-06-21T09:52:35,500.0,94.0,S
2021-06-21T09:52:35,2000.0,94.0,S
2021-06-21T09:52:32,2000.0,94.0,S
2021-06-21T09:52:21,400.0,94.0,S
2021-06-21T09:52:14,100.0,94.0,S
2021-06-21T09:51:47,800.0,94.0,S
2021-06-21T09:51:47,3000.0,94.0,S
2021-06-21T09:51:47,6200.0,94.0,S
2021-06-21T09:51:38,600.0,94.0,S
2021-06-21T09:51:26,100.0,94.2,B
2021-06-21T09:51:24,1000.0,94.2,B
2021-06-21T09:51:21,300.0,94.2,B
2021-06-21T09:51:15,1100.0,94.2,B
2021-06-21T09:51:14,7100.0,94.2,B
2021-06-21T09:51:07,300.0,94.1,B
2021-06-21T09:50:55,500.0,94.1,B
2021-06-21T09:50:04,1200.0,94.1,B
2021-06-21T09:50:01,400.0,94.0,S
2021-06-21T09:49:17,400.0,94.3,B
2021-06-21T09:49:09,100.0,94.1,S
2021-06-21T09:48:53,800.0,94.1,S
2021-06-21T09:48:41,100.0,94.1,S
2021-06-21T09:48:30,500.0,94.1,S
2021-06-21T09:48:27,100.0,94.1,S
2021-06-21T09:48:21,900.0,94.2,B
2021-06-21T09:48:19,500.0,94.1,S
2021-06-21T09:47:56,1000.0,94.1,S
2021-06-21T09:47:48,2700.0,94.1,S
2021-06-21T09:47:21,500.0,94.1,S
2021-06-21T09:47:19,2000.0,94.1,S
2021-06-21T09:47:15,600.0,94.1,S
2021-06-21T09:46:49,2000.0,94.1,S
2021-06-21T09:46:30,100.0,94.1,S
2021-06-21T09:46:01,3000.0,94.1,S
2021-06-21T09:45:48,200.0,94.2,S
2021-06-21T09:45:36,1000.0,94.1,S
2021-06-21T09:45:30,100.0,94.2,S
2021-06-21T09:45:18,1000.0,94.1,S
2021-06-21T09:45:11,1000.0,94.2,S
2021-06-21T09:44:30,100.0,94.2,S
2021-06-21T09:43:43,1000.0,94.1,S
2021-06-21T09:43:39,200.0,94.2,S
2021-06-21T09:43:29,1100.0,94.5,B
2021-06-21T09:43:01,10000.0,94.2,S
2021-06-21T09:43:00,1000.0,94.2,S
2021-06-21T09:42:54,3800.0,94.5,B
2021-06-21T09:42:54,500.0,94.3,S
2021-06-21T09:42:49,100.0,94.2,S
2021-06-21T09:42:31,2000.0,94.2,S
2021-06-21T09:42:04,100.0,94.5,S
2021-06-21T09:42:01,4600.0,94.5,S
2021-06-21T09:41:32,1000.0,94.5,S
2021-06-21T09:41:25,2000.0,94.2,S
2021-06-21T09:41:24,4000.0,94.2,S
2021-06-21T09:41:21,400.0,94.2,S
2021-06-21T09:41:00,400.0,94.2,S
2021-06-21T09:40:52,3300.0,94.3,S
2021-06-21T09:39:55,100.0,94.3,S
2021-06-21T09:39:55,400.0,94.4,S
2021-06-21T09:39:50,100.0,94.5,S
2021-06-21T09:39:49,100.0,94.5,S
2021-06-21T09:39:46,500.0,94.4,S
2021-06-21T09:39:38,300.0,94.5,S
2021-06-21T09:39:34,1000.0,94.5,S
2021-06-21T09:39:32,100.0,94.5,S
2021-06-21T09:39:29,300.0,94.5,S
2021-06-21T09:39:05,700.0,94.5,S
2021-06-21T09:39:02,100.0,94.5,S
2021-06-21T09:38:22,400.0,94.5,S
2021-06-21T09:38:04,3000.0,94.4,S
2021-06-21T09:37:49,200.0,94.6,S
2021-06-21T09:37:34,2300.0,94.7,B
2021-06-21T09:37:18,100.0,94.7,B
2021-06-21T09:37:03,2000.0,94.5,S
2021-06-21T09:36:54,700.0,94.7,S
2021-06-21T09:36:50,500.0,94.7,S
2021-06-21T09:36:50,200.0,94.7,S
2021-06-21T09:36:02,1000.0,94.5,S
2021-06-21T09:35:49,100.0,94.5,S
2021-06-21T09:35:36,100.0,94.5,S
2021-06-21T09:35:20,100.0,94.5,S
2021-06-21T09:34:29,1500.0,94.5,S
2021-06-21T09:34:00,600.0,94.5,S
2021-06-21T09:33:22,400.0,94.5,S
2021-06-21T09:33:15,1100.0,94.8,B
2021-06-21T09:33:15,900.0,94.7,S
2021-06-21T09:33:06,300.0,94.5,S
2021-06-21T09:33:02,1900.0,94.5,S
2021-06-21T09:32:36,200.0,94.5,S
2021-06-21T09:32:07,500.0,94.5,S
2021-06-21T09:31:58,2000.0,94.7,S
2021-06-21T09:31:43,400.0,94.8,B
2021-06-21T09:31:43,400.0,94.8,B
2021-06-21T09:31:26,100.0,94.7,S
2021-06-21T09:30:46,300.0,94.8,B
2021-06-21T09:29:54,1200.0,94.9,B
2021-06-21T09:29:47,2000.0,94.9,B
2021-06-21T09:29:44,600.0,94.1,B
2021-06-21T09:29:29,100.0,94.1,B
2021-06-21T09:29:29,100.0,94.9,B
2021-06-21T09:29:08,500.0,94.9,B
2021-06-21T09:28:54,1500.0,94.1,B
2021-06-21T09:28:54,500.0,94.2,B
2021-06-21T09:28:32,500.0,94.9,B
2021-06-21T09:27:44,100.0,94.0,B
2021-06-21T09:27:39,100.0,94.0,B
2021-06-21T09:27:23,100.0,95.0,B
2021-06-21T09:27:16,400.0,94.0,B
2021-06-21T09:27:13,500.0,96.0,B
2021-06-21T09:27:13,1600.0,96.0,B
2021-06-21T09:27:13,100.0,95.7,B
2021-06-21T09:27:13,2000.0,95.0,B
2021-06-21T09:27:11,2000.0,95.0,B
2021-06-21T09:27:10,500.0,95.7,B
2021-06-21T09:27:10,100.0,95.0,B
2021-06-21T09:27:00,200.0,95.0,B
2021-06-21T09:26:52,1000.0,95.0,B
2021-06-21T09:26:39,3000.0,95.0,B
2021-06-21T09:26:39,400.0,95.0,B
2021-06-21T09:26:39,1700.0,95.0,B
2021-06-21T09:26:39,6000.0,95.0,B
2021-06-21T09:26:39,1700.0,95.0,B
2021-06-21T09:26:39,2300.0,95.0,B
2021-06-21T09:26:39,8500.0,95.0,B
2021-06-21T09:26:39,300.0,95.0,B
2021-06-21T09:26:39,100.0,95.0,B
2021-06-21T09:26:39,600.0,95.0,B
2021-06-21T09:26:39,100.0,95.0,B
2021-06-21T09:26:39,1100.0,95.0,B
2021-06-21T09:26:39,500.0,94.9,B
2021-06-21T09:26:39,100.0,94.9,B
2021-06-21T09:26:39,200.0,94.9,B
2021-06-21T09:26:39,200.0,94.9,B
2021-06-21T09:26:39,1100.0,94.9,B
2021-06-21T09:26:39,6000.0,94.8,B
2021-06-21T09:26:39,200.0,94.5,B
2021-06-21T09:26:39,1100.0,94.5,B
2021-06-21T09:26:39,1500.0,94.5,B
2021-06-21T09:26:39,200.0,94.0,B
2021-06-21T09:26:39,1600.0,94.0,B
2021-06-21T09:26:39,3200.0,94.0,B
2021-06-21T09:26:29,400.0,94.0,B
2021-06-21T09:25:58,4700.0,94.0,B
2021-06-21T09:25:58,100.0,94.0,B
2021-06-21T09:25:58,11800.0,94.0,B
2021-06-21T09:25:54,1000.0,93.9,B
2021-06-21T09:25:50,200.0,93.6,S
2021-06-21T09:25:03,600.0,93.5,S
2021-06-21T09:24:54,100.0,93.5,S
2021-06-21T09:24:33,200.0,93.5,B
2021-06-21T09:24:29,5000.0,93.5,B
2021-06-21T09:24:09,500.0,93.5,B
2021-06-21T09:24:09,600.0,93.4,B
2021-06-21T09:23:53,200.0,93.4,B
2021-06-21T09:23:44,6000.0,93.4,B
2021-06-21T09:23:16,100.0,93.3,B
2021-06-21T09:23:02,400.0,93.1,B
2021-06-21T09:22:58,800.0,93.2,B
2021-06-21T09:22:52,500.0,93.1,B
2021-06-21T09:22:49,1200.0,93.1,B
2021-06-21T09:22:44,300.0,93.1,B
2021-06-21T09:22:20,400.0,93.0,S
2021-06-21T09:22:08,200.0,93.2,B
2021-06-21T09:22:05,1500.0,93.1,B
2021-06-21T09:22:02,300.0,93.1,B
2021-06-21T09:22:01,100.0,93.1,B
2021-06-21T09:21:59,200.0,93.0,S
2021-06-21T09:21:41,1000.0,93.1,B
2021-06-21T09:20:46,200.0,93.1,B
2021-06-21T09:20:34,600.0,93.0,S
2021-06-21T09:20:32,500.0,93.1,B
2021-06-21T09:20:11,100.0,93.1,B
2021-06-21T09:19:52,100.0,93.1,B
2021-06-21T09:18:57,400.0,93.0,S
2021-06-21T09:18:29,100.0,93.0,S
2021-06-21T09:18:20,3000.0,93.0,S
2021-06-21T09:18:18,400.0,93.0,S
2021-06-21T09:18:17,300.0,93.2,B
2021-06-21T09:18:14,1000.0,93.0,S
2021-06-21T09:18:12,400.0,93.1,B
2021-06-21T09:18:04,500.0,93.1,B
2021-06-21T09:17:53,2000.0,93.0,S
2021-06-21T09:17:22,5100.0,93.0,B
2021-06-21T09:17:20,400.0,93.0,B
2021-06-21T09:17:16,300.0,93.0,S
2021-06-21T09:17:12,100.0,93.0,S
2021-06-21T09:17:07,1200.0,93.0,S
2021-06-21T09:17:07,200.0,93.0,S
2021-06-21T09:17:07,1800.0,93.0,S
2021-06-21T09:17:07,900.0,93.0,S
2021-06-21T09:16:59,100.0,93.1,S
2021-06-21T09:16:56,200.0,93.1,S
2021-06-21T09:16:37,300.0,93.1,B
2021-06-21T09:16:18,100.0,93.1,B
2021-06-21T09:16:03,100.0,93.1,B
2021-06-21T09:16:01,600.0,93.0,S
2021-06-21T09:15:55,800.0,93.0,S
2021-06-21T09:15:55,1500.0,93.0,S
