tradingTime,volume,price,side
2021-06-21T14:20:20,1800.0,64.0,S
2021-06-21T14:19:23,3000.0,64.0,S
2021-06-21T14:19:20,100.0,64.2,B
2021-06-21T14:16:29,5000.0,64.0,S
2021-06-21T14:15:36,400.0,64.0,S
2021-06-21T14:15:14,900.0,64.0,S
2021-06-21T14:14:41,200.0,64.1,B
2021-06-21T14:14:31,100.0,64.1,B
2021-06-21T14:14:12,200.0,64.0,S
2021-06-21T14:13:12,200.0,64.1,B
2021-06-21T14:12:35,2000.0,64.1,B
2021-06-21T14:12:06,600.0,64.1,B
2021-06-21T14:11:51,200.0,64.0,S
2021-06-21T14:11:50,900.0,64.1,B
2021-06-21T14:11:36,500.0,64.1,B
2021-06-21T14:10:53,100.0,64.1,B
2021-06-21T14:10:49,100.0,64.1,B
2021-06-21T14:10:24,200.0,64.0,S
2021-06-21T14:08:16,200.0,64.0,S
2021-06-21T14:07:57,700.0,64.0,S
2021-06-21T14:07:57,4300.0,64.0,S
2021-06-21T14:07:52,1000.0,64.1,B
2021-06-21T14:06:13,200.0,64.0,S
2021-06-21T14:04:06,200.0,64.0,S
2021-06-21T14:03:33,7500.0,64.0,B
2021-06-21T14:03:30,1000.0,64.0,B
2021-06-21T14:03:13,200.0,64.0,B
2021-06-21T14:03:09,400.0,64.0,B
2021-06-21T14:03:08,1100.0,64.0,B
2021-06-21T14:03:08,2200.0,64.0,B
2021-06-21T14:03:08,1700.0,64.0,B
2021-06-21T14:02:24,2000.0,64.0,B
2021-06-21T14:01:50,1000.0,64.0,B
2021-06-21T14:01:42,2200.0,64.0,B
2021-06-21T14:00:39,1500.0,64.0,B
2021-06-21T14:00:38,200.0,64.0,B
2021-06-21T13:59:12,500.0,64.0,B
2021-06-21T13:59:10,200.0,64.0,B
2021-06-21T13:59:04,100.0,64.0,B
2021-06-21T13:58:43,500.0,64.0,B
2021-06-21T13:58:18,1100.0,64.0,S
2021-06-21T13:58:09,800.0,64.0,S
2021-06-21T13:58:09,1000.0,64.0,S
2021-06-21T13:58:09,1200.0,64.0,S
2021-06-21T13:58:02,1000.0,64.0,S
2021-06-21T13:57:59,400.0,64.1,B
2021-06-21T13:57:47,200.0,64.0,S
2021-06-21T13:57:26,800.0,64.0,S
2021-06-21T13:57:26,2400.0,64.0,S
2021-06-21T13:57:26,6800.0,64.0,S
2021-06-21T13:56:39,1300.0,64.1,B
2021-06-21T13:56:12,100.0,64.0,S
2021-06-21T13:56:01,2700.0,64.1,S
2021-06-21T13:55:19,200.0,64.2,B
2021-06-21T13:55:18,200.0,64.2,B
2021-06-21T13:53:34,2000.0,64.2,B
2021-06-21T13:52:33,200.0,64.2,B
2021-06-21T13:51:01,300.0,64.2,B
2021-06-21T13:50:36,300.0,64.2,B
2021-06-21T13:50:32,700.0,64.2,B
2021-06-21T13:50:08,1100.0,64.2,B
2021-06-21T13:49:44,300.0,64.2,B
2021-06-21T13:49:41,200.0,64.1,B
2021-06-21T13:49:18,200.0,64.0,S
2021-06-21T13:48:49,3200.0,64.0,B
2021-06-21T13:47:59,500.0,64.0,B
2021-06-21T13:47:51,100.0,64.0,B
2021-06-21T13:47:32,400.0,64.0,S
2021-06-21T13:47:19,2200.0,64.0,S
2021-06-21T13:47:19,600.0,64.0,S
2021-06-21T13:47:19,3000.0,64.0,S
2021-06-21T13:46:10,100.0,64.1,B
2021-06-21T13:45:06,200.0,64.0,B
2021-06-21T13:44:53,3200.0,64.0,B
2021-06-21T13:44:51,200.0,64.0,B
2021-06-21T13:44:40,100.0,64.0,B
2021-06-21T13:44:14,300.0,64.0,S
2021-06-21T13:44:14,200.0,64.0,S
2021-06-21T13:44:14,3600.0,64.0,S
2021-06-21T13:44:14,2400.0,64.0,S
2021-06-21T13:43:09,200.0,64.3,B
2021-06-21T13:43:09,1600.0,64.3,B
2021-06-21T13:43:09,4200.0,64.2,B
2021-06-21T13:42:43,5000.0,64.2,B
2021-06-21T13:42:30,1200.0,64.2,B
2021-06-21T13:42:29,2200.0,64.2,B
2021-06-21T13:41:49,400.0,64.2,B
2021-06-21T13:41:44,300.0,64.2,B
2021-06-21T13:41:11,400.0,64.2,B
2021-06-21T13:40:46,300.0,64.2,B
2021-06-21T13:40:25,200.0,64.0,S
2021-06-21T13:40:18,200.0,64.0,S
2021-06-21T13:39:09,1000.0,64.0,S
2021-06-21T13:39:00,600.0,64.0,S
2021-06-21T13:39:00,400.0,64.0,S
2021-06-21T13:38:56,700.0,64.0,S
2021-06-21T13:38:46,200.0,64.0,S
2021-06-21T13:38:27,1000.0,64.0,S
2021-06-21T13:38:26,1000.0,64.0,S
2021-06-21T13:38:25,1000.0,64.0,S
2021-06-21T13:38:24,1000.0,64.0,S
2021-06-21T13:38:24,5600.0,64.0,S
2021-06-21T13:38:24,800.0,64.0,S
2021-06-21T13:38:24,100.0,64.0,S
2021-06-21T13:38:23,3500.0,64.0,S
2021-06-21T13:37:29,2900.0,64.0,S
2021-06-21T13:37:29,400.0,64.0,S
2021-06-21T13:37:29,3800.0,64.0,S
2021-06-21T13:37:29,1500.0,64.0,S
2021-06-21T13:37:29,200.0,64.1,S
2021-06-21T13:37:28,1000.0,64.1,S
2021-06-21T13:37:28,200.0,64.1,S
2021-06-21T13:36:50,1000.0,64.1,S
2021-06-21T13:36:47,1000.0,64.1,S
2021-06-21T13:36:39,1000.0,64.1,S
2021-06-21T13:36:17,200.0,64.2,B
2021-06-21T13:35:46,2000.0,64.2,B
2021-06-21T13:35:04,100.0,64.2,S
2021-06-21T13:35:02,4100.0,64.2,S
2021-06-21T13:34:44,6400.0,64.2,S
2021-06-21T13:34:44,1500.0,64.2,S
2021-06-21T13:34:44,600.0,64.2,S
2021-06-21T13:34:44,1500.0,64.2,S
2021-06-21T13:33:35,100.0,64.3,B
2021-06-21T13:32:03,300.0,64.3,B
2021-06-21T13:31:38,200.0,64.3,B
2021-06-21T13:30:33,200.0,64.3,B
2021-06-21T13:30:21,100.0,64.3,B
2021-06-21T13:30:00,100.0,64.3,B
2021-06-21T13:29:59,200.0,64.3,B
2021-06-21T13:29:56,200.0,64.3,B
2021-06-21T13:29:36,3600.0,64.3,B
2021-06-21T13:29:35,1000.0,64.3,B
2021-06-21T13:29:31,300.0,64.3,B
2021-06-21T13:29:27,200.0,64.3,B
2021-06-21T13:29:06,400.0,64.3,B
2021-06-21T13:29:00,200.0,64.2,S
2021-06-21T13:28:31,100.0,64.3,B
2021-06-21T13:28:31,10000.0,64.0,S
2021-06-21T13:27:39,100.0,64.3,B
2021-06-21T13:27:10,400.0,64.3,B
2021-06-21T13:26:58,1000.0,64.3,B
2021-06-21T13:25:40,100.0,64.3,S
2021-06-21T13:23:49,500.0,64.4,B
2021-06-21T13:23:29,1000.0,64.0,S
2021-06-21T13:23:13,500.0,64.0,S
2021-06-21T13:22:01,9000.0,64.0,S
2021-06-21T13:21:58,300.0,64.1,S
2021-06-21T13:20:46,1600.0,64.0,S
2021-06-21T13:20:46,2700.0,64.0,S
2021-06-21T13:20:46,500.0,64.0,S
2021-06-21T13:20:46,1200.0,64.0,S
2021-06-21T13:20:46,300.0,64.0,S
2021-06-21T13:20:46,300.0,64.0,S
2021-06-21T13:20:46,2600.0,64.0,S
2021-06-21T13:20:05,400.0,64.1,S
2021-06-21T13:19:56,200.0,64.0,S
2021-06-21T13:18:28,4200.0,64.0,S
2021-06-21T13:18:14,300.0,64.1,S
2021-06-21T13:18:03,700.0,64.1,S
2021-06-21T13:18:03,300.0,64.0,S
2021-06-21T13:17:46,1000.0,64.0,S
2021-06-21T13:17:26,200.0,64.1,S
2021-06-21T13:17:18,500.0,64.0,S
2021-06-21T13:17:18,500.0,64.1,S
2021-06-21T13:16:40,5000.0,64.1,S
2021-06-21T13:16:03,200.0,64.2,S
2021-06-21T13:16:01,12000.0,64.2,S
2021-06-21T13:16:01,5600.0,64.2,S
2021-06-21T13:15:47,300.0,64.3,S
2021-06-21T13:15:37,200.0,64.3,S
2021-06-21T13:15:32,2500.0,64.3,S
2021-06-21T13:15:06,3500.0,64.3,S
2021-06-21T13:14:54,7000.0,64.4,S
2021-06-21T13:14:39,200.0,64.5,S
2021-06-21T13:14:32,300.0,64.5,S
2021-06-21T13:14:30,2000.0,64.5,S
2021-06-21T13:12:19,500.0,64.5,S
2021-06-21T13:12:05,400.0,64.5,S
2021-06-21T13:12:05,600.0,64.5,S
2021-06-21T13:12:05,100.0,64.5,S
2021-06-21T13:12:05,2400.0,64.5,S
2021-06-21T13:12:05,400.0,64.5,S
2021-06-21T13:12:05,4100.0,64.5,S
2021-06-21T13:12:05,1800.0,64.5,S
2021-06-21T13:11:45,1900.0,64.5,S
2021-06-21T13:11:12,500.0,64.6,B
2021-06-21T13:11:11,2300.0,64.5,S
2021-06-21T13:10:12,100.0,64.5,S
2021-06-21T13:08:32,100.0,64.6,B
2021-06-21T13:08:28,800.0,64.6,B
2021-06-21T13:08:15,1000.0,64.5,S
2021-06-21T13:07:41,200.0,64.6,B
2021-06-21T13:07:37,200.0,64.6,B
2021-06-21T13:06:41,700.0,64.6,S
2021-06-21T13:06:26,500.0,64.7,B
2021-06-21T13:06:02,300.0,64.7,B
2021-06-21T13:04:50,200.0,64.7,B
2021-06-21T13:04:44,700.0,64.5,S
2021-06-21T13:04:44,9000.0,64.5,S
2021-06-21T13:04:43,300.0,64.6,B
2021-06-21T13:04:38,400.0,64.6,B
2021-06-21T13:03:24,100.0,64.6,S
2021-06-21T13:01:19,300.0,64.6,S
2021-06-21T13:00:52,200.0,64.6,S
2021-06-21T13:00:13,200.0,64.6,B
2021-06-21T13:00:09,100.0,64.5,S
2021-06-21T13:00:09,1100.0,64.5,S
2021-06-21T13:00:09,200.0,64.6,B
2021-06-21T11:29:50,200.0,64.5,S
2021-06-21T11:29:32,1000.0,64.5,S
2021-06-21T11:28:44,5000.0,64.5,S
2021-06-21T11:28:22,500.0,64.7,B
2021-06-21T11:27:40,200.0,64.7,B
2021-06-21T11:27:27,1000.0,64.7,B
2021-06-21T11:27:14,200.0,64.7,B
2021-06-21T11:25:14,600.0,64.7,S
2021-06-21T11:24:37,400.0,64.7,S
2021-06-21T11:24:37,2600.0,64.7,S
2021-06-21T11:24:32,3500.0,64.8,S
2021-06-21T11:24:05,800.0,64.9,S
2021-06-21T11:24:01,300.0,64.9,S
2021-06-21T11:22:45,1000.0,65.0,B
2021-06-21T11:21:02,600.0,65.0,B
2021-06-21T11:21:02,2200.0,65.0,B
2021-06-21T11:20:53,2000.0,64.9,S
2021-06-21T11:19:04,500.0,65.0,B
2021-06-21T11:18:52,200.0,64.8,S
2021-06-21T11:17:40,100.0,65.0,B
2021-06-21T11:17:08,300.0,65.0,S
2021-06-21T11:17:06,3900.0,65.0,S
2021-06-21T11:16:06,200.0,65.0,S
2021-06-21T11:16:03,100.0,65.0,S
2021-06-21T11:15:06,5000.0,65.0,B
2021-06-21T11:15:06,1300.0,65.0,B
2021-06-21T11:15:05,1100.0,65.0,B
2021-06-21T11:14:42,4000.0,64.9,S
2021-06-21T11:14:23,800.0,65.0,B
2021-06-21T11:14:22,600.0,65.0,B
2021-06-21T11:14:22,300.0,65.0,B
2021-06-21T11:14:22,2600.0,65.0,B
2021-06-21T11:14:22,1200.0,64.9,B
2021-06-21T11:14:22,500.0,64.9,B
2021-06-21T11:14:18,100.0,64.9,B
2021-06-21T11:12:49,500.0,64.9,B
2021-06-21T11:12:23,400.0,64.8,S
2021-06-21T11:11:53,200.0,64.8,S
2021-06-21T11:11:48,1000.0,64.8,S
2021-06-21T11:11:03,500.0,64.8,B
2021-06-21T11:11:03,1800.0,64.7,B
2021-06-21T11:11:03,400.0,64.7,B
2021-06-21T11:11:03,400.0,64.7,B
2021-06-21T11:11:03,5000.0,64.6,B
2021-06-21T11:11:02,7100.0,64.6,B
2021-06-21T11:10:02,300.0,64.5,B
2021-06-21T11:09:47,100.0,64.5,S
2021-06-21T11:09:39,500.0,64.5,S
2021-06-21T11:09:33,200.0,64.6,B
2021-06-21T11:09:19,1000.0,64.6,B
2021-06-21T11:09:19,2000.0,64.5,S
2021-06-21T11:09:19,1400.0,64.5,S
2021-06-21T11:09:19,1600.0,64.5,S
2021-06-21T11:08:24,200.0,64.6,B
2021-06-21T11:08:02,5000.0,64.5,S
2021-06-21T11:07:54,100.0,64.6,B
2021-06-21T11:07:39,200.0,64.5,S
2021-06-21T11:06:54,2100.0,64.5,S
2021-06-21T11:06:54,600.0,64.5,S
2021-06-21T11:06:54,200.0,64.5,S
2021-06-21T11:06:53,4200.0,64.5,S
2021-06-21T11:05:36,200.0,64.5,S
2021-06-21T11:04:29,2500.0,64.5,S
2021-06-21T11:04:05,500.0,64.6,S
2021-06-21T11:04:01,500.0,64.6,S
2021-06-21T11:04:01,200.0,64.6,S
2021-06-21T11:04:01,5500.0,64.6,S
2021-06-21T11:03:49,3500.0,64.6,S
2021-06-21T11:03:25,100.0,64.7,B
2021-06-21T11:02:02,100.0,64.7,B
2021-06-21T11:01:11,2300.0,64.7,B
2021-06-21T11:01:02,200.0,64.7,B
2021-06-21T11:00:50,500.0,64.7,B
2021-06-21T10:59:50,400.0,64.7,B
2021-06-21T10:59:24,400.0,64.7,B
2021-06-21T10:59:12,300.0,64.6,S
2021-06-21T10:58:13,100.0,64.6,S
2021-06-21T10:58:04,2000.0,64.7,B
2021-06-21T10:57:38,500.0,64.6,S
2021-06-21T10:57:20,100.0,64.7,B
2021-06-21T10:57:02,1000.0,64.7,B
2021-06-21T10:56:45,100.0,64.7,B
2021-06-21T10:56:22,1000.0,64.7,B
2021-06-21T10:56:07,100.0,64.7,B
2021-06-21T10:55:35,600.0,64.7,B
2021-06-21T10:54:58,200.0,64.7,B
2021-06-21T10:54:45,700.0,64.7,B
2021-06-21T10:54:45,100.0,64.7,B
2021-06-21T10:54:31,600.0,64.7,B
2021-06-21T10:54:29,200.0,64.7,B
2021-06-21T10:54:06,200.0,64.7,B
2021-06-21T10:53:58,2000.0,64.7,B
2021-06-21T10:53:27,300.0,64.7,B
2021-06-21T10:53:01,100.0,64.7,B
2021-06-21T10:52:40,200.0,64.7,B
2021-06-21T10:52:35,800.0,64.7,B
2021-06-21T10:52:10,500.0,64.7,S
2021-06-21T10:52:05,900.0,64.9,B
2021-06-21T10:51:24,3000.0,64.7,B
2021-06-21T10:50:58,1000.0,64.7,B
2021-06-21T10:50:09,1200.0,64.7,S
2021-06-21T10:50:07,100.0,64.7,B
2021-06-21T10:50:04,500.0,64.7,B
2021-06-21T10:50:03,500.0,64.7,B
2021-06-21T10:49:26,500.0,64.7,B
2021-06-21T10:48:22,1000.0,64.7,S
2021-06-21T10:48:19,600.0,64.5,S
2021-06-21T10:48:18,2700.0,64.7,S
2021-06-21T10:48:12,800.0,64.9,B
2021-06-21T10:47:35,3000.0,64.9,B
2021-06-21T10:47:03,1200.0,64.7,B
2021-06-21T10:46:58,1800.0,64.9,B
2021-06-21T10:46:58,3200.0,64.9,B
2021-06-21T10:46:49,800.0,64.7,B
2021-06-21T10:46:26,100.0,64.7,B
2021-06-21T10:45:08,100.0,64.5,S
2021-06-21T10:44:51,8900.0,64.7,B
2021-06-21T10:44:37,2000.0,64.5,S
2021-06-21T10:44:34,4000.0,64.7,B
2021-06-21T10:43:42,1500.0,64.7,B
2021-06-21T10:43:12,200.0,64.7,B
2021-06-21T10:43:06,800.0,64.7,B
2021-06-21T10:42:01,800.0,64.7,B
2021-06-21T10:42:01,200.0,64.7,B
2021-06-21T10:42:01,3000.0,64.7,B
2021-06-21T10:41:09,500.0,64.6,B
2021-06-21T10:41:00,400.0,64.6,B
2021-06-21T10:40:59,1400.0,64.6,B
2021-06-21T10:40:45,200.0,64.6,B
2021-06-21T10:40:27,400.0,64.6,B
2021-06-21T10:40:16,800.0,64.6,B
2021-06-21T10:40:02,500.0,64.6,B
2021-06-21T10:39:39,200.0,64.6,B
2021-06-21T10:39:33,500.0,64.6,B
2021-06-21T10:39:24,800.0,64.5,S
2021-06-21T10:39:21,500.0,64.5,S
2021-06-21T10:39:19,3300.0,64.5,S
2021-06-21T10:39:00,100.0,64.5,S
2021-06-21T10:38:57,1400.0,64.5,S
2021-06-21T10:38:53,100.0,64.6,B
2021-06-21T10:38:42,600.0,64.5,B
2021-06-21T10:38:33,600.0,64.5,S
2021-06-21T10:38:33,2300.0,64.5,S
2021-06-21T10:38:33,1500.0,64.5,S
2021-06-21T10:38:31,3200.0,64.6,B
2021-06-21T10:38:08,300.0,64.5,S
2021-06-21T10:38:06,2500.0,64.5,S
2021-06-21T10:37:48,100.0,64.5,S
2021-06-21T10:37:37,400.0,64.5,S
2021-06-21T10:36:49,700.0,64.5,B
2021-06-21T10:36:14,2400.0,64.5,B
2021-06-21T10:36:04,1000.0,64.3,B
2021-06-21T10:34:47,100.0,64.3,S
2021-06-21T10:34:44,100.0,64.3,S
2021-06-21T10:34:24,600.0,64.3,S
2021-06-21T10:34:21,400.0,64.5,S
2021-06-21T10:34:16,100.0,64.5,S
2021-06-21T10:34:15,300.0,64.5,S
2021-06-21T10:34:06,1000.0,64.3,S
2021-06-21T10:34:03,400.0,64.5,S
2021-06-21T10:33:58,600.0,64.5,S
2021-06-21T10:33:47,400.0,64.5,S
2021-06-21T10:33:29,300.0,64.5,S
2021-06-21T10:32:12,200.0,64.7,B
2021-06-21T10:32:10,200.0,64.5,S
2021-06-21T10:31:00,2000.0,64.7,B
2021-06-21T10:30:59,300.0,64.5,S
2021-06-21T10:30:35,200.0,64.7,B
2021-06-21T10:29:39,1500.0,64.5,S
2021-06-21T10:27:06,500.0,64.7,B
2021-06-21T10:26:32,200.0,64.5,S
2021-06-21T10:26:31,1500.0,64.5,S
2021-06-21T10:25:04,10500.0,64.7,S
2021-06-21T10:23:54,1000.0,64.7,S
2021-06-21T10:23:28,300.0,64.9,B
2021-06-21T10:22:50,2000.0,64.9,S
2021-06-21T10:21:53,100.0,65.0,S
2021-06-21T10:21:49,200.0,65.0,S
2021-06-21T10:21:35,1000.0,65.0,S
2021-06-21T10:21:19,200.0,65.0,S
2021-06-21T10:21:14,1000.0,65.0,S
2021-06-21T10:20:39,800.0,65.0,S
2021-06-21T10:20:39,1000.0,65.0,S
2021-06-21T10:20:38,3200.0,65.0,S
2021-06-21T10:18:06,1000.0,65.2,S
2021-06-21T10:18:06,1000.0,65.2,S
2021-06-21T10:18:06,200.0,65.2,S
2021-06-21T10:18:03,100.0,65.3,B
2021-06-21T10:17:49,1000.0,65.2,S
2021-06-21T10:17:48,100.0,65.3,B
2021-06-21T10:17:42,2000.0,65.3,B
2021-06-21T10:16:15,100.0,65.3,B
2021-06-21T10:16:15,100.0,65.3,B
2021-06-21T10:16:00,1500.0,65.3,B
2021-06-21T10:15:58,6000.0,65.2,S
2021-06-21T10:15:56,400.0,65.3,B
2021-06-21T10:15:44,500.0,65.3,B
2021-06-21T10:15:31,1000.0,65.3,B
2021-06-21T10:15:15,200.0,65.3,S
2021-06-21T10:15:15,3300.0,65.3,S
2021-06-21T10:14:57,200.0,65.3,S
2021-06-21T10:14:54,1000.0,65.3,S
2021-06-21T10:14:10,500.0,65.3,S
2021-06-21T10:14:03,2000.0,65.5,B
2021-06-21T10:12:23,100.0,65.5,B
2021-06-21T10:12:08,1200.0,65.5,S
2021-06-21T10:12:06,700.0,65.5,S
2021-06-21T10:11:54,1400.0,65.5,S
2021-06-21T10:11:47,200.0,65.6,B
2021-06-21T10:11:40,1000.0,65.5,S
2021-06-21T10:11:24,200.0,65.6,S
2021-06-21T10:11:09,100.0,65.7,B
2021-06-21T10:11:01,1200.0,65.5,S
2021-06-21T10:10:50,100.0,65.7,B
2021-06-21T10:10:44,200.0,65.5,S
2021-06-21T10:10:26,100.0,65.5,S
2021-06-21T10:10:22,5000.0,65.5,S
2021-06-21T10:10:15,3000.0,65.7,B
2021-06-21T10:10:13,300.0,65.7,B
2021-06-21T10:10:12,1500.0,65.5,S
2021-06-21T10:10:02,200.0,65.5,S
2021-06-21T10:09:35,100.0,65.5,S
2021-06-21T10:09:26,700.0,65.7,B
2021-06-21T10:09:20,1600.0,65.7,B
2021-06-21T10:09:19,1000.0,65.5,S
2021-06-21T10:09:14,3700.0,65.5,S
2021-06-21T10:09:13,300.0,65.5,S
2021-06-21T10:08:50,1400.0,65.5,S
2021-06-21T10:08:50,3600.0,65.5,S
2021-06-21T10:08:38,300.0,65.7,B
2021-06-21T10:07:35,800.0,65.7,S
2021-06-21T10:07:35,6400.0,65.7,S
2021-06-21T10:07:35,1000.0,65.7,S
2021-06-21T10:07:35,300.0,65.7,S
2021-06-21T10:07:28,200.0,65.8,B
2021-06-21T10:06:53,2500.0,65.8,S
2021-06-21T10:06:42,100.0,65.9,B
2021-06-21T10:06:41,400.0,65.8,S
2021-06-21T10:06:33,2000.0,65.8,S
2021-06-21T10:06:31,300.0,65.8,S
2021-06-21T10:06:29,1300.0,65.9,B
2021-06-21T10:06:23,5100.0,65.7,S
2021-06-21T10:06:17,1000.0,65.9,B
2021-06-21T10:06:14,300.0,65.9,B
2021-06-21T10:05:42,1000.0,65.9,S
2021-06-21T10:05:26,1300.0,65.9,B
2021-06-21T10:05:06,100.0,65.9,B
2021-06-21T10:05:03,1900.0,66.0,B
2021-06-21T10:04:54,20000.0,66.0,B
2021-06-21T10:04:49,100.0,65.7,B
2021-06-21T10:04:44,200.0,65.7,B
2021-06-21T10:04:36,500.0,65.7,S
2021-06-21T10:04:36,1400.0,65.7,S
2021-06-21T10:04:30,500.0,65.9,B
2021-06-21T10:04:23,100.0,65.9,B
2021-06-21T10:03:52,200.0,66.0,B
2021-06-21T10:03:46,400.0,66.0,B
2021-06-21T10:03:46,600.0,66.0,B
2021-06-21T10:03:41,4800.0,66.0,B
2021-06-21T10:03:41,1800.0,65.9,S
2021-06-21T10:03:09,100.0,66.0,B
2021-06-21T10:03:07,1600.0,65.7,S
2021-06-21T10:03:02,3400.0,65.7,S
2021-06-21T10:02:53,1000.0,66.0,B
2021-06-21T10:02:41,1300.0,66.0,B
2021-06-21T10:02:28,400.0,66.0,B
2021-06-21T10:02:26,2200.0,65.7,S
2021-06-21T10:02:26,1300.0,65.7,S
2021-06-21T10:02:26,1500.0,65.8,S
2021-06-21T10:02:22,200.0,65.9,B
2021-06-21T10:02:09,100.0,65.9,B
2021-06-21T10:02:09,100.0,65.9,B
2021-06-21T10:01:59,200.0,65.9,B
2021-06-21T10:01:52,100.0,65.9,B
2021-06-21T10:01:45,100.0,65.9,B
2021-06-21T10:01:17,9000.0,66.0,B
2021-06-21T10:01:15,100.0,65.7,B
2021-06-21T10:01:10,400.0,65.7,S
2021-06-21T10:00:55,1000.0,65.6,S
2021-06-21T10:00:53,600.0,65.7,S
2021-06-21T10:00:29,1000.0,65.7,S
2021-06-21T10:00:17,1000.0,65.5,S
2021-06-21T10:00:12,200.0,65.5,S
2021-06-21T10:00:12,100.0,65.9,B
2021-06-21T09:59:57,200.0,65.5,S
2021-06-21T09:59:56,100.0,65.9,B
2021-06-21T09:59:55,1200.0,65.9,B
2021-06-21T09:59:49,600.0,65.9,B
2021-06-21T09:59:31,500.0,66.0,B
2021-06-21T09:59:31,2500.0,65.8,B
2021-06-21T09:59:30,500.0,65.4,S
2021-06-21T09:59:14,500.0,65.5,S
2021-06-21T09:59:04,400.0,65.5,B
2021-06-21T09:59:03,900.0,65.5,B
2021-06-21T09:58:58,100.0,65.4,B
2021-06-21T09:58:58,900.0,65.5,B
2021-06-21T09:58:48,300.0,65.5,B
2021-06-21T09:58:48,300.0,65.5,B
2021-06-21T09:58:48,2400.0,65.5,B
2021-06-21T09:58:43,2000.0,65.5,B
2021-06-21T09:58:31,100.0,65.5,B
2021-06-21T09:58:31,100.0,65.4,B
2021-06-21T09:58:09,5000.0,65.4,B
2021-06-21T09:58:07,300.0,65.2,B
2021-06-21T09:58:04,3000.0,65.2,B
2021-06-21T09:57:53,2000.0,65.2,B
2021-06-21T09:57:47,300.0,65.0,S
2021-06-21T09:57:35,5000.0,65.0,B
2021-06-21T09:57:31,700.0,65.0,B
2021-06-21T09:57:26,500.0,65.0,B
2021-06-21T09:57:15,100.0,65.0,B
2021-06-21T09:57:14,400.0,65.0,B
2021-06-21T09:57:08,300.0,65.0,B
2021-06-21T09:57:07,100.0,65.0,B
2021-06-21T09:57:05,400.0,65.0,B
2021-06-21T09:56:56,700.0,65.0,B
2021-06-21T09:56:56,4100.0,65.0,B
2021-06-21T09:56:56,1000.0,65.5,B
2021-06-21T09:56:43,200.0,65.0,B
2021-06-21T09:56:43,100.0,65.0,B
2021-06-21T09:56:43,800.0,65.0,B
2021-06-21T09:56:43,5400.0,65.0,B
2021-06-21T09:56:43,5400.0,65.0,B
2021-06-21T09:56:38,1000.0,64.7,S
2021-06-21T09:56:37,1100.0,65.0,B
2021-06-21T09:56:37,2300.0,65.0,B
2021-06-21T09:56:33,2000.0,65.0,B
2021-06-21T09:56:28,1600.0,65.0,B
2021-06-21T09:56:26,900.0,65.0,B
2021-06-21T09:56:22,400.0,65.0,B
2021-06-21T09:56:10,800.0,65.0,B
2021-06-21T09:56:09,12000.0,65.0,B
2021-06-21T09:56:08,400.0,64.9,S
2021-06-21T09:56:00,200.0,64.6,S
2021-06-21T09:55:57,5000.0,65.0,B
2021-06-21T09:55:54,13000.0,65.0,B
2021-06-21T09:55:43,5000.0,64.6,S
2021-06-21T09:55:29,100.0,65.0,B
2021-06-21T09:55:29,20000.0,65.0,B
2021-06-21T09:55:21,100.0,65.0,B
2021-06-21T09:55:16,1000.0,65.0,B
2021-06-21T09:55:16,11000.0,65.0,B
2021-06-21T09:54:41,300.0,65.0,B
2021-06-21T09:54:24,300.0,64.5,B
2021-06-21T09:54:15,5000.0,65.0,B
2021-06-21T09:54:10,200.0,64.5,B
2021-06-21T09:54:09,400.0,64.5,B
2021-06-21T09:54:08,1000.0,64.5,B
2021-06-21T09:54:05,600.0,64.5,B
2021-06-21T09:54:00,5000.0,64.5,B
2021-06-21T09:53:56,2000.0,64.5,B
2021-06-21T09:53:50,500.0,64.5,B
2021-06-21T09:53:50,3000.0,64.5,B
2021-06-21T09:53:50,5000.0,64.5,B
2021-06-21T09:53:49,5000.0,64.5,B
2021-06-21T09:53:44,1100.0,64.5,B
2021-06-21T09:53:44,1800.0,64.5,B
2021-06-21T09:53:41,200.0,64.5,B
2021-06-21T09:53:41,500.0,64.5,B
2021-06-21T09:53:33,6000.0,64.5,B
2021-06-21T09:53:33,200.0,64.5,B
2021-06-21T09:53:32,3800.0,64.5,B
2021-06-21T09:53:26,100.0,64.5,B
2021-06-21T09:53:20,2800.0,64.5,B
2021-06-21T09:53:18,3400.0,64.4,B
2021-06-21T09:53:18,200.0,64.4,B
2021-06-21T09:53:16,1000.0,64.4,B
2021-06-21T09:53:04,100.0,64.3,B
2021-06-21T09:52:58,200.0,64.3,B
2021-06-21T09:52:37,1500.0,64.2,B
2021-06-21T09:52:32,400.0,64.1,B
2021-06-21T09:52:05,1500.0,64.1,B
2021-06-21T09:51:52,10000.0,64.0,B
2021-06-21T09:51:15,500.0,64.1,B
2021-06-21T09:51:08,100.0,64.0,B
2021-06-21T09:51:08,200.0,64.0,B
2021-06-21T09:51:08,1300.0,64.0,B
2021-06-21T09:51:05,500.0,64.0,B
2021-06-21T09:51:01,1500.0,64.0,B
2021-06-21T09:50:58,9100.0,64.0,B
2021-06-21T09:50:58,10800.0,64.0,B
2021-06-21T09:50:45,1000.0,64.0,B
2021-06-21T09:50:30,1800.0,64.0,B
2021-06-21T09:50:27,100.0,64.0,B
2021-06-21T09:50:25,100.0,64.0,B
2021-06-21T09:50:18,3000.0,64.0,B
2021-06-21T09:50:06,2300.0,64.0,B
2021-06-21T09:50:05,5000.0,64.0,B
2021-06-21T09:50:05,6400.0,64.0,B
2021-06-21T09:49:53,100.0,64.0,B
2021-06-21T09:49:45,400.0,64.0,B
2021-06-21T09:49:40,700.0,63.9,S
2021-06-21T09:49:40,1800.0,63.9,S
2021-06-21T09:49:40,2500.0,63.9,S
2021-06-21T09:49:08,500.0,64.0,B
2021-06-21T09:49:07,500.0,64.0,B
2021-06-21T09:48:46,2000.0,64.0,B
2021-06-21T09:48:40,1000.0,63.9,B
2021-06-21T09:48:40,400.0,63.9,B
2021-06-21T09:48:40,2300.0,63.9,B
2021-06-21T09:48:26,500.0,63.8,S
2021-06-21T09:48:21,5000.0,63.9,B
2021-06-21T09:48:17,1000.0,63.8,S
2021-06-21T09:48:12,1000.0,63.8,S
2021-06-21T09:48:00,3300.0,63.9,B
2021-06-21T09:47:42,300.0,63.8,S
2021-06-21T09:47:38,5000.0,63.9,B
2021-06-21T09:46:13,100.0,63.8,B
2021-06-21T09:45:47,1000.0,63.8,B
2021-06-21T09:45:14,600.0,63.7,S
2021-06-21T09:45:05,1400.0,63.8,B
2021-06-21T09:44:58,500.0,63.8,B
2021-06-21T09:44:36,900.0,63.8,B
2021-06-21T09:44:35,700.0,63.8,B
2021-06-21T09:44:33,900.0,63.7,S
2021-06-21T09:44:20,100.0,63.7,S
2021-06-21T09:44:09,400.0,63.7,S
2021-06-21T09:43:58,200.0,63.7,S
2021-06-21T09:43:49,300.0,63.7,S
2021-06-21T09:43:43,1500.0,63.7,S
2021-06-21T09:43:32,200.0,63.7,S
2021-06-21T09:43:32,800.0,63.7,S
2021-06-21T09:43:32,200.0,63.7,S
2021-06-21T09:43:06,3900.0,63.8,B
2021-06-21T09:42:57,100.0,63.8,B
2021-06-21T09:42:40,400.0,63.8,B
2021-06-21T09:42:23,800.0,63.8,B
2021-06-21T09:42:20,6100.0,63.8,B
2021-06-21T09:42:03,1500.0,63.8,B
2021-06-21T09:41:56,500.0,63.8,B
2021-06-21T09:41:52,200.0,63.8,B
2021-06-21T09:41:47,500.0,63.8,B
2021-06-21T09:41:24,2900.0,63.8,B
2021-06-21T09:41:01,100.0,63.8,B
2021-06-21T09:41:00,2000.0,63.8,B
2021-06-21T09:40:06,200.0,63.8,B
2021-06-21T09:40:05,600.0,63.7,S
2021-06-21T09:39:57,100.0,63.8,B
2021-06-21T09:39:24,1000.0,63.7,B
2021-06-21T09:38:56,5000.0,63.6,S
2021-06-21T09:38:55,500.0,63.8,B
2021-06-21T09:38:43,200.0,63.8,B
2021-06-21T09:38:42,5000.0,63.6,S
2021-06-21T09:38:27,300.0,63.8,B
2021-06-21T09:38:19,1000.0,63.6,S
2021-06-21T09:38:02,3000.0,63.7,B
2021-06-21T09:37:11,1000.0,63.6,B
2021-06-21T09:37:06,300.0,63.6,B
2021-06-21T09:36:55,4500.0,63.8,B
2021-06-21T09:36:53,300.0,63.7,B
2021-06-21T09:36:37,100.0,63.7,B
2021-06-21T09:36:33,3100.0,63.7,B
2021-06-21T09:35:55,400.0,63.7,B
2021-06-21T09:35:39,400.0,63.7,B
2021-06-21T09:35:29,100.0,63.7,B
2021-06-21T09:35:04,1000.0,63.7,B
2021-06-21T09:34:59,300.0,63.7,B
2021-06-21T09:34:50,3300.0,63.7,B
2021-06-21T09:34:03,1000.0,63.7,B
2021-06-21T09:33:43,500.0,63.6,B
2021-06-21T09:33:35,1000.0,63.7,B
2021-06-21T09:33:32,1000.0,63.7,B
2021-06-21T09:33:29,1000.0,63.7,B
2021-06-21T09:33:25,200.0,63.6,B
2021-06-21T09:33:24,1000.0,63.7,B
2021-06-21T09:33:17,500.0,63.7,B
2021-06-21T09:33:02,800.0,63.6,B
2021-06-21T09:32:59,800.0,63.6,B
2021-06-21T09:32:36,1000.0,63.6,B
2021-06-21T09:32:17,400.0,63.5,B
2021-06-21T09:32:10,100.0,63.5,B
2021-06-21T09:31:56,100.0,63.5,B
2021-06-21T09:31:54,400.0,63.5,B
2021-06-21T09:31:46,200.0,63.5,B
2021-06-21T09:31:27,5000.0,63.5,B
2021-06-21T09:31:21,1000.0,63.5,B
2021-06-21T09:31:18,100.0,63.4,S
2021-06-21T09:31:17,100.0,63.5,B
2021-06-21T09:30:57,200.0,63.5,B
2021-06-21T09:30:50,100.0,63.5,B
2021-06-21T09:30:33,100.0,63.5,B
2021-06-21T09:30:07,100.0,63.5,B
2021-06-21T09:30:02,200.0,63.4,B
2021-06-21T09:29:13,3200.0,63.4,B
2021-06-21T09:28:56,100.0,63.3,B
2021-06-21T09:28:43,100.0,63.4,B
2021-06-21T09:28:07,100.0,63.3,B
2021-06-21T09:28:03,400.0,63.4,B
2021-06-21T09:27:46,100.0,63.4,B
2021-06-21T09:27:42,200.0,63.4,B
2021-06-21T09:27:34,200.0,63.4,B
2021-06-21T09:27:30,100.0,63.4,B
2021-06-21T09:27:16,1400.0,63.4,B
2021-06-21T09:27:09,900.0,63.4,B
2021-06-21T09:27:03,7000.0,63.4,B
2021-06-21T09:26:45,100.0,63.4,B
2021-06-21T09:26:07,2000.0,63.4,B
2021-06-21T09:26:04,100.0,63.4,B
2021-06-21T09:25:28,1300.0,63.4,B
2021-06-21T09:25:28,3000.0,63.2,B
2021-06-21T09:24:49,100.0,63.2,B
2021-06-21T09:24:35,1200.0,63.2,S
2021-06-21T09:24:29,2000.0,63.2,S
2021-06-21T09:24:20,1000.0,63.2,S
2021-06-21T09:24:16,200.0,63.2,S
2021-06-21T09:24:01,10000.0,63.0,S
2021-06-21T09:23:52,100.0,63.2,S
2021-06-21T09:23:52,3600.0,63.3,S
2021-06-21T09:23:10,1500.0,63.3,B
2021-06-21T09:23:01,100.0,63.0,B
2021-06-21T09:22:29,200.0,63.3,B
2021-06-21T09:22:23,100.0,63.0,B
2021-06-21T09:22:14,200.0,63.3,B
2021-06-21T09:22:10,1300.0,63.0,B
2021-06-21T09:22:07,100.0,63.0,B
2021-06-21T09:21:52,100.0,63.0,B
2021-06-21T09:20:53,800.0,62.9,S
2021-06-21T09:20:53,200.0,62.9,S
2021-06-21T09:20:48,300.0,63.0,B
2021-06-21T09:19:48,100.0,62.9,B
2021-06-21T09:19:29,1800.0,62.9,B
2021-06-21T09:19:15,200.0,62.9,S
2021-06-21T09:18:50,300.0,63.0,B
2021-06-21T09:18:41,200.0,63.0,B
2021-06-21T09:18:40,300.0,62.8,S
2021-06-21T09:18:40,600.0,62.8,S
2021-06-21T09:18:32,1000.0,63.0,B
2021-06-21T09:18:29,400.0,63.0,B
2021-06-21T09:18:25,2000.0,63.0,B
2021-06-21T09:18:19,7500.0,62.9,S
2021-06-21T09:18:13,2000.0,63.0,B
2021-06-21T09:17:43,5000.0,63.0,B
2021-06-21T09:17:22,400.0,63.0,B
2021-06-21T09:17:16,5000.0,63.0,B
2021-06-21T09:17:03,800.0,63.0,B
2021-06-21T09:16:56,500.0,63.0,B
2021-06-21T09:16:03,7000.0,63.0,B
2021-06-21T09:16:02,200.0,63.0,B
