tradingTime,volume,price,side
2021-06-21T14:21:40,1000.0,17.1,B
2021-06-21T14:21:10,1000.0,17.1,B
2021-06-21T14:20:48,200.0,17.1,B
2021-06-21T14:18:00,3000.0,17.05,S
2021-06-21T14:17:14,1000.0,17.1,B
2021-06-21T14:16:29,1000.0,17.05,S
2021-06-21T14:15:23,200.0,17.05,S
2021-06-21T14:15:14,1000.0,17.1,B
2021-06-21T14:14:38,200.0,17.05,S
2021-06-21T14:13:59,200.0,17.05,S
2021-06-21T14:13:24,200.0,17.1,B
2021-06-21T14:09:38,500.0,17.1,B
2021-06-21T14:08:46,500.0,17.1,B
2021-06-21T14:08:39,4400.0,17.1,B
2021-06-21T14:08:23,500.0,17.1,B
2021-06-21T14:05:45,1000.0,17.1,S
2021-06-21T14:05:45,800.0,17.1,S
2021-06-21T14:05:41,200.0,17.1,S
2021-06-21T14:05:41,9800.0,17.1,S
2021-06-21T14:04:15,1100.0,17.1,S
2021-06-21T14:02:58,300.0,17.1,S
2021-06-21T14:02:49,200.0,17.1,S
2021-06-21T14:02:37,100.0,17.1,S
2021-06-21T14:02:04,400.0,17.1,S
2021-06-21T14:01:36,300.0,17.1,B
2021-06-21T14:01:36,7300.0,17.1,B
2021-06-21T14:01:35,400.0,17.1,B
2021-06-21T14:01:19,500.0,17.1,B
2021-06-21T13:59:53,100.0,17.1,B
2021-06-21T13:59:46,3000.0,17.05,S
2021-06-21T13:56:55,1300.0,17.05,B
2021-06-21T13:55:29,3800.0,17.1,B
2021-06-21T13:55:04,20000.0,17.1,B
2021-06-21T13:54:50,6500.0,17.05,B
2021-06-21T13:54:38,1000.0,17.05,B
2021-06-21T13:53:59,10000.0,17.05,B
2021-06-21T13:53:42,15000.0,17.05,B
2021-06-21T13:53:16,200.0,17.05,B
2021-06-21T13:52:56,500.0,17.0,S
2021-06-21T13:52:54,4000.0,17.05,S
2021-06-21T13:52:48,700.0,17.1,B
2021-06-21T13:50:54,500.0,17.05,B
2021-06-21T13:50:50,2900.0,17.05,B
2021-06-21T13:50:50,5200.0,17.05,B
2021-06-21T13:50:19,500.0,17.05,B
2021-06-21T13:48:59,2000.0,17.05,B
2021-06-21T13:48:41,400.0,17.0,S
2021-06-21T13:45:34,1000.0,17.0,S
2021-06-21T13:44:45,100.0,17.05,B
2021-06-21T13:44:20,1000.0,17.05,B
2021-06-21T13:44:03,900.0,17.05,B
2021-06-21T13:43:57,100.0,17.05,B
2021-06-21T13:43:44,3000.0,17.05,B
2021-06-21T13:41:30,1100.0,17.05,B
2021-06-21T13:40:38,500.0,17.05,B
2021-06-21T13:40:15,1100.0,17.05,S
2021-06-21T13:40:12,100.0,17.05,S
2021-06-21T13:39:54,100.0,17.1,B
2021-06-21T13:36:23,2500.0,17.05,B
2021-06-21T13:36:18,800.0,17.05,B
2021-06-21T13:36:09,1000.0,17.05,B
2021-06-21T13:36:07,800.0,17.05,B
2021-06-21T13:36:02,200.0,17.05,B
2021-06-21T13:35:33,5000.0,17.05,B
2021-06-21T13:35:13,1000.0,17.05,B
2021-06-21T13:34:38,100.0,17.05,B
2021-06-21T13:34:37,400.0,17.05,B
2021-06-21T13:33:51,4800.0,17.05,B
2021-06-21T13:33:39,2000.0,17.05,B
2021-06-21T13:33:29,300.0,17.05,B
2021-06-21T13:33:14,100.0,17.05,B
2021-06-21T13:33:08,100.0,17.0,S
2021-06-21T13:32:52,1000.0,17.05,B
2021-06-21T13:31:59,100.0,17.05,B
2021-06-21T13:31:55,200.0,17.05,B
2021-06-21T13:31:51,5700.0,17.05,B
2021-06-21T13:29:34,300.0,17.05,B
2021-06-21T13:27:42,500.0,17.0,B
2021-06-21T13:27:23,100.0,17.0,B
2021-06-21T13:26:44,1000.0,17.0,S
2021-06-21T13:26:44,1600.0,17.0,S
2021-06-21T13:26:44,700.0,17.0,S
2021-06-21T13:26:43,1100.0,17.0,S
2021-06-21T13:26:21,2000.0,17.05,B
2021-06-21T13:26:11,10000.0,17.0,S
2021-06-21T13:25:34,3300.0,17.05,B
2021-06-21T13:25:34,3400.0,17.05,B
2021-06-21T13:25:34,300.0,17.05,B
2021-06-21T13:25:33,3000.0,17.05,B
2021-06-21T13:25:03,500.0,17.0,S
2021-06-21T13:23:38,500.0,17.0,S
2021-06-21T13:22:52,500.0,17.0,B
2021-06-21T13:22:13,100.0,17.0,B
2021-06-21T13:22:03,7600.0,17.0,B
2021-06-21T13:21:46,1000.0,17.0,B
2021-06-21T13:21:14,3000.0,16.95,S
2021-06-21T13:20:03,1000.0,17.0,S
2021-06-21T13:19:40,8000.0,16.95,S
2021-06-21T13:19:36,100.0,16.95,S
2021-06-21T13:17:41,400.0,16.95,S
2021-06-21T13:17:21,1000.0,17.0,S
2021-06-21T13:17:19,800.0,17.0,S
2021-06-21T13:17:19,200.0,17.0,S
2021-06-21T13:16:07,500.0,17.0,S
2021-06-21T13:15:21,300.0,17.05,B
2021-06-21T13:15:17,800.0,17.0,S
2021-06-21T13:14:45,2000.0,17.0,S
2021-06-21T13:14:42,100.0,17.05,B
2021-06-21T13:14:42,4600.0,17.0,S
2021-06-21T13:14:15,3000.0,17.0,S
2021-06-21T13:14:11,2000.0,17.0,S
2021-06-21T13:14:10,5000.0,17.0,S
2021-06-21T13:14:10,600.0,17.0,S
2021-06-21T13:14:10,3500.0,17.0,S
2021-06-21T13:14:04,200.0,17.0,S
2021-06-21T13:13:44,1700.0,17.0,S
2021-06-21T13:13:44,900.0,17.0,S
2021-06-21T13:13:44,500.0,17.0,S
2021-06-21T13:13:44,1100.0,17.0,S
2021-06-21T13:13:43,3200.0,17.0,S
2021-06-21T13:13:30,100.0,17.0,S
2021-06-21T13:13:24,2000.0,17.0,S
2021-06-21T13:13:07,600.0,17.0,S
2021-06-21T13:13:07,900.0,17.0,S
2021-06-21T13:13:07,4700.0,17.0,S
2021-06-21T13:13:07,2500.0,17.0,S
2021-06-21T13:13:07,3100.0,17.0,S
2021-06-21T13:13:07,2300.0,17.0,S
2021-06-21T13:13:07,1600.0,17.0,S
2021-06-21T13:13:07,2500.0,17.0,S
2021-06-21T13:13:07,1800.0,17.0,S
2021-06-21T13:13:00,5600.0,17.05,B
2021-06-21T13:13:00,4400.0,17.05,B
2021-06-21T13:12:24,2000.0,17.05,B
2021-06-21T13:11:08,2000.0,17.05,S
2021-06-21T13:11:08,400.0,17.05,S
2021-06-21T13:08:33,1300.0,17.05,S
2021-06-21T13:08:24,4600.0,17.05,S
2021-06-21T13:08:15,2000.0,17.05,S
2021-06-21T13:06:34,200.0,17.05,S
2021-06-21T13:06:33,5000.0,17.05,S
2021-06-21T13:06:31,100.0,17.05,S
2021-06-21T13:06:12,300.0,17.05,S
2021-06-21T13:05:57,500.0,17.05,S
2021-06-21T13:05:20,5000.0,17.1,B
2021-06-21T13:03:56,3000.0,17.05,S
2021-06-21T13:03:47,500.0,17.05,S
2021-06-21T13:03:28,3000.0,17.05,S
2021-06-21T13:02:46,200.0,17.1,S
2021-06-21T13:02:23,2000.0,17.1,S
2021-06-21T13:02:16,100.0,17.05,S
2021-06-21T13:01:58,100.0,17.1,S
2021-06-21T13:01:56,2000.0,17.1,S
2021-06-21T13:01:51,7000.0,17.1,S
2021-06-21T13:01:45,500.0,17.1,S
2021-06-21T13:01:33,100.0,17.1,S
2021-06-21T13:01:17,200.0,17.1,S
2021-06-21T13:01:07,5000.0,17.05,S
2021-06-21T13:01:01,3000.0,17.05,S
2021-06-21T13:00:57,1000.0,17.05,S
2021-06-21T13:00:35,200.0,17.1,S
2021-06-21T13:00:35,700.0,17.1,S
2021-06-21T13:00:34,1300.0,17.1,S
2021-06-21T13:00:23,600.0,17.1,S
2021-06-21T13:00:23,200.0,17.15,B
2021-06-21T13:00:23,300.0,17.15,B
2021-06-21T13:00:09,1400.0,17.1,S
2021-06-21T13:00:09,12800.0,17.1,S
2021-06-21T13:00:09,1000.0,17.1,S
2021-06-21T13:00:09,4800.0,17.1,S
2021-06-21T13:00:09,200.0,17.1,S
2021-06-21T11:30:02,1000.0,17.1,S
2021-06-21T11:28:59,100.0,17.1,S
2021-06-21T11:28:47,2000.0,17.1,S
2021-06-21T11:28:39,300.0,17.1,S
2021-06-21T11:28:38,4000.0,17.1,S
2021-06-21T11:28:09,500.0,17.1,S
2021-06-21T11:27:42,3000.0,17.15,B
2021-06-21T11:26:57,300.0,17.15,S
2021-06-21T11:26:51,400.0,17.15,S
2021-06-21T11:26:50,6000.0,17.15,S
2021-06-21T11:26:42,200.0,17.15,S
2021-06-21T11:26:13,300.0,17.15,S
2021-06-21T11:26:09,200.0,17.15,S
2021-06-21T11:25:04,1000.0,17.15,S
2021-06-21T11:25:00,1000.0,17.15,S
2021-06-21T11:24:47,700.0,17.15,S
2021-06-21T11:23:29,1700.0,17.2,B
2021-06-21T11:21:36,300.0,17.2,B
2021-06-21T11:21:28,1000.0,17.2,B
2021-06-21T11:21:22,300.0,17.2,B
2021-06-21T11:21:07,20000.0,17.2,B
2021-06-21T11:21:02,20000.0,17.15,S
2021-06-21T11:20:17,1000.0,17.2,B
2021-06-21T11:19:23,2700.0,17.2,B
2021-06-21T11:19:01,200.0,17.2,B
2021-06-21T11:18:43,7000.0,17.15,S
2021-06-21T11:18:39,5000.0,17.2,S
2021-06-21T11:18:21,12700.0,17.2,S
2021-06-21T11:18:21,1000.0,17.2,S
2021-06-21T11:18:21,2900.0,17.2,S
2021-06-21T11:18:21,3400.0,17.2,S
2021-06-21T11:18:00,500.0,17.2,S
2021-06-21T11:17:34,100.0,17.2,S
2021-06-21T11:16:55,100.0,17.25,B
2021-06-21T11:16:28,1000.0,17.25,B
2021-06-21T11:14:01,3000.0,17.2,S
2021-06-21T11:14:01,1200.0,17.25,S
2021-06-21T11:13:39,400.0,17.25,B
2021-06-21T11:13:38,3400.0,17.25,B
2021-06-21T11:13:04,1000.0,17.25,B
2021-06-21T11:12:53,3000.0,17.25,B
2021-06-21T11:12:10,4000.0,17.25,B
2021-06-21T11:12:09,100.0,17.25,B
2021-06-21T11:11:38,5000.0,17.25,B
2021-06-21T11:11:36,1000.0,17.25,B
2021-06-21T11:11:13,1000.0,17.25,B
2021-06-21T11:11:09,100.0,17.2,S
2021-06-21T11:10:46,500.0,17.2,S
2021-06-21T11:10:46,5000.0,17.2,S
2021-06-21T11:10:28,5000.0,17.2,S
2021-06-21T11:08:50,1000.0,17.2,B
2021-06-21T11:08:50,200.0,17.2,B
2021-06-21T11:08:50,5700.0,17.2,B
2021-06-21T11:08:50,2600.0,17.2,B
2021-06-21T11:08:49,2900.0,17.2,B
2021-06-21T11:08:43,2000.0,17.2,B
2021-06-21T11:08:01,5000.0,17.2,B
2021-06-21T11:07:48,2000.0,17.2,B
2021-06-21T11:07:35,5000.0,17.2,B
2021-06-21T11:07:22,500.0,17.2,B
2021-06-21T11:05:02,1200.0,17.15,B
2021-06-21T11:04:55,1000.0,17.15,B
2021-06-21T11:04:49,2000.0,17.15,B
2021-06-21T11:02:48,1000.0,17.15,B
2021-06-21T11:02:28,100.0,17.1,S
2021-06-21T10:59:03,100.0,17.1,S
2021-06-21T10:58:13,13600.0,17.1,S
2021-06-21T10:56:24,500.0,17.1,S
2021-06-21T10:54:59,200.0,17.15,B
2021-06-21T10:54:49,800.0,17.15,B
2021-06-21T10:54:38,300.0,17.15,B
2021-06-21T10:54:03,1000.0,17.15,B
2021-06-21T10:53:23,500.0,17.15,B
2021-06-21T10:52:46,3000.0,17.1,S
2021-06-21T10:51:45,2200.0,17.15,S
2021-06-21T10:51:35,2000.0,17.2,B
2021-06-21T10:50:36,500.0,17.15,S
2021-06-21T10:49:09,100.0,17.15,S
2021-06-21T10:48:33,400.0,17.15,B
2021-06-21T10:48:16,600.0,17.15,S
2021-06-21T10:47:53,4400.0,17.15,B
2021-06-21T10:47:01,200.0,17.15,B
2021-06-21T10:47:00,300.0,17.15,B
2021-06-21T10:44:59,200.0,17.15,B
2021-06-21T10:44:25,1500.0,17.1,S
2021-06-21T10:43:41,100.0,17.1,S
2021-06-21T10:43:33,500.0,17.15,B
2021-06-21T10:42:56,200.0,17.15,B
2021-06-21T10:41:23,4600.0,17.1,B
2021-06-21T10:41:21,3500.0,17.1,B
2021-06-21T10:40:48,200.0,17.1,B
2021-06-21T10:40:27,1700.0,17.1,B
2021-06-21T10:40:27,500.0,17.1,B
2021-06-21T10:40:11,500.0,17.05,S
2021-06-21T10:40:03,4100.0,17.1,S
2021-06-21T10:39:50,1700.0,17.1,B
2021-06-21T10:39:43,300.0,17.1,B
2021-06-21T10:39:41,300.0,17.1,B
2021-06-21T10:39:20,17700.0,17.1,S
2021-06-21T10:38:20,3800.0,17.1,B
2021-06-21T10:38:15,2200.0,17.1,S
2021-06-21T10:38:15,1000.0,17.1,S
2021-06-21T10:38:15,1400.0,17.1,S
2021-06-21T10:38:15,11600.0,17.1,S
2021-06-21T10:36:29,2500.0,17.1,S
2021-06-21T10:36:14,6400.0,17.15,S
2021-06-21T10:35:47,900.0,17.15,B
2021-06-21T10:35:47,200.0,17.15,B
2021-06-21T10:35:20,500.0,17.15,B
2021-06-21T10:34:57,3000.0,17.15,B
2021-06-21T10:34:20,1000.0,17.15,S
2021-06-21T10:33:23,400.0,17.15,S
2021-06-21T10:33:08,4600.0,17.15,S
2021-06-21T10:33:06,15400.0,17.15,S
2021-06-21T10:32:48,500.0,17.15,S
2021-06-21T10:32:10,9200.0,17.15,S
2021-06-21T10:31:29,5000.0,17.15,S
2021-06-21T10:31:09,4000.0,17.15,S
2021-06-21T10:30:20,100.0,17.15,S
2021-06-21T10:30:02,1000.0,17.15,S
2021-06-21T10:29:24,2000.0,17.15,S
2021-06-21T10:28:57,1000.0,17.15,S
2021-06-21T10:28:52,500.0,17.15,S
2021-06-21T10:28:20,100.0,17.15,S
2021-06-21T10:27:44,600.0,17.15,S
2021-06-21T10:27:28,500.0,17.15,S
2021-06-21T10:26:57,900.0,17.15,B
2021-06-21T10:26:57,5000.0,17.15,B
2021-06-21T10:26:50,3600.0,17.15,B
2021-06-21T10:26:07,14700.0,17.15,S
2021-06-21T10:26:05,700.0,17.2,B
2021-06-21T10:25:59,600.0,17.15,S
2021-06-21T10:25:49,500.0,17.2,B
2021-06-21T10:25:42,3200.0,17.2,S
2021-06-21T10:25:33,100.0,17.25,B
2021-06-21T10:24:47,2400.0,17.25,B
2021-06-21T10:24:40,13000.0,17.25,B
2021-06-21T10:24:36,500.0,17.2,S
2021-06-21T10:24:34,4800.0,17.2,S
2021-06-21T10:24:34,4500.0,17.2,S
2021-06-21T10:24:34,700.0,17.2,S
2021-06-21T10:24:17,100.0,17.25,B
2021-06-21T10:24:11,10000.0,17.25,B
2021-06-21T10:23:58,1000.0,17.25,B
2021-06-21T10:21:38,3000.0,17.25,B
2021-06-21T10:21:06,2200.0,17.25,B
2021-06-21T10:21:04,500.0,17.25,B
2021-06-21T10:21:03,13600.0,17.25,B
2021-06-21T10:20:22,15000.0,17.25,B
2021-06-21T10:20:17,1000.0,17.25,B
2021-06-21T10:19:28,2000.0,17.2,S
2021-06-21T10:19:19,200.0,17.2,S
2021-06-21T10:18:35,1000.0,17.2,S
2021-06-21T10:18:24,500.0,17.25,B
2021-06-21T10:18:23,1000.0,17.2,S
2021-06-21T10:18:21,500.0,17.25,B
2021-06-21T10:18:10,100.0,17.25,B
2021-06-21T10:17:55,1000.0,17.25,B
2021-06-21T10:17:24,1700.0,17.25,S
2021-06-21T10:17:14,100.0,17.3,B
2021-06-21T10:17:07,6000.0,17.25,S
2021-06-21T10:17:06,700.0,17.25,S
2021-06-21T10:17:02,2500.0,17.3,B
2021-06-21T10:16:53,1200.0,17.25,S
2021-06-21T10:16:47,400.0,17.25,S
2021-06-21T10:16:21,700.0,17.2,S
2021-06-21T10:16:21,200.0,17.2,S
2021-06-21T10:16:21,10900.0,17.2,S
2021-06-21T10:16:21,48200.0,17.2,S
2021-06-21T10:16:19,1000.0,17.25,S
2021-06-21T10:16:17,1100.0,17.25,S
2021-06-21T10:15:42,3000.0,17.25,S
2021-06-21T10:15:30,1000.0,17.3,B
2021-06-21T10:15:13,1500.0,17.3,B
2021-06-21T10:15:08,1000.0,17.3,B
2021-06-21T10:14:57,100.0,17.25,S
2021-06-21T10:14:54,1000.0,17.3,B
2021-06-21T10:14:40,100.0,17.3,B
2021-06-21T10:14:36,100.0,17.25,S
2021-06-21T10:14:32,4000.0,17.3,B
2021-06-21T10:14:22,1000.0,17.25,S
2021-06-21T10:14:18,400.0,17.3,B
2021-06-21T10:14:18,100.0,17.25,S
2021-06-21T10:14:03,100.0,17.3,B
2021-06-21T10:13:03,300.0,17.3,S
2021-06-21T10:13:03,1700.0,17.3,S
2021-06-21T10:12:29,1000.0,17.3,S
2021-06-21T10:12:14,15000.0,17.3,S
2021-06-21T10:11:55,100.0,17.3,S
2021-06-21T10:11:51,500.0,17.3,S
2021-06-21T10:11:47,200.0,17.3,S
2021-06-21T10:11:24,100.0,17.3,S
2021-06-21T10:11:23,1000.0,17.3,S
2021-06-21T10:11:22,5000.0,17.3,S
2021-06-21T10:11:11,10000.0,17.3,S
2021-06-21T10:11:00,100.0,17.3,S
2021-06-21T10:10:56,4900.0,17.4,B
2021-06-21T10:10:56,100.0,17.4,B
2021-06-21T10:10:55,15000.0,17.4,B
2021-06-21T10:10:39,100.0,17.3,S
2021-06-21T10:10:21,500.0,17.4,B
2021-06-21T10:10:13,1000.0,17.3,S
2021-06-21T10:10:11,100.0,17.3,S
2021-06-21T10:10:01,1800.0,17.4,B
2021-06-21T10:09:38,1000.0,17.3,S
2021-06-21T10:09:28,1000.0,17.3,S
2021-06-21T10:09:26,100.0,17.3,S
2021-06-21T10:08:57,1000.0,17.3,S
2021-06-21T10:08:48,500.0,17.4,B
2021-06-21T10:08:47,200.0,17.4,B
2021-06-21T10:08:44,500.0,17.4,B
2021-06-21T10:08:24,4500.0,17.4,B
2021-06-21T10:08:13,100.0,17.45,B
2021-06-21T10:08:12,100.0,17.4,B
2021-06-21T10:08:12,1600.0,17.4,B
2021-06-21T10:08:01,2000.0,17.4,B
2021-06-21T10:07:51,5400.0,17.4,S
2021-06-21T10:07:49,1000.0,17.4,S
2021-06-21T10:07:49,100.0,17.4,S
2021-06-21T10:07:39,2100.0,17.4,S
2021-06-21T10:07:24,8400.0,17.4,S
2021-06-21T10:07:14,5000.0,17.45,B
2021-06-21T10:07:12,200.0,17.4,S
2021-06-21T10:07:01,2400.0,17.4,B
2021-06-21T10:07:01,100.0,17.4,B
2021-06-21T10:06:59,1500.0,17.4,B
2021-06-21T10:06:46,3000.0,17.4,B
2021-06-21T10:06:35,10000.0,17.5,B
2021-06-21T10:06:31,5100.0,17.3,S
2021-06-21T10:06:30,300.0,17.45,B
2021-06-21T10:06:30,3000.0,17.45,B
2021-06-21T10:06:28,800.0,17.45,B
2021-06-21T10:06:26,100.0,17.4,B
2021-06-21T10:06:26,2700.0,17.4,B
2021-06-21T10:06:24,200.0,17.3,S
2021-06-21T10:06:23,1000.0,17.3,S
2021-06-21T10:06:06,1000.0,17.3,S
2021-06-21T10:06:03,1100.0,17.4,B
2021-06-21T10:06:03,1000.0,17.4,B
2021-06-21T10:06:03,3000.0,17.4,B
2021-06-21T10:06:03,4900.0,17.4,B
2021-06-21T10:06:02,1000.0,17.4,B
2021-06-21T10:05:54,100.0,17.25,B
2021-06-21T10:05:50,200.0,17.25,B
2021-06-21T10:05:42,10000.0,17.4,B
2021-06-21T10:05:39,7000.0,17.3,B
2021-06-21T10:05:29,100.0,17.2,S
2021-06-21T10:05:29,100.0,17.2,S
2021-06-21T10:05:27,500.0,17.2,S
2021-06-21T10:05:25,1000.0,17.25,B
2021-06-21T10:05:16,800.0,17.25,B
2021-06-21T10:05:09,4000.0,17.2,B
2021-06-21T10:05:09,400.0,17.2,B
2021-06-21T10:05:06,500.0,17.2,B
2021-06-21T10:05:06,500.0,17.2,B
2021-06-21T10:05:04,4700.0,17.2,B
2021-06-21T10:05:04,3200.0,17.2,B
2021-06-21T10:05:04,100.0,17.2,B
2021-06-21T10:05:04,2000.0,17.2,B
2021-06-21T10:05:02,2000.0,17.2,B
2021-06-21T10:04:58,1400.0,17.2,B
2021-06-21T10:04:54,1000.0,17.2,B
2021-06-21T10:04:52,10000.0,17.2,B
2021-06-21T10:04:51,2000.0,17.2,B
2021-06-21T10:04:43,1100.0,17.2,B
2021-06-21T10:04:43,1500.0,17.2,B
2021-06-21T10:04:29,300.0,17.2,B
2021-06-21T10:04:28,300.0,17.15,B
2021-06-21T10:04:27,200.0,17.15,B
2021-06-21T10:04:23,100.0,17.15,B
2021-06-21T10:04:22,8000.0,17.15,B
2021-06-21T10:04:16,400.0,17.1,S
2021-06-21T10:04:14,300.0,17.15,B
2021-06-21T10:04:03,2000.0,17.1,B
2021-06-21T10:04:03,200.0,17.1,B
2021-06-21T10:04:01,4000.0,17.1,B
2021-06-21T10:04:01,5000.0,17.1,B
2021-06-21T10:03:55,10000.0,17.1,B
2021-06-21T10:03:42,1000.0,17.1,B
2021-06-21T10:03:30,3300.0,17.05,B
2021-06-21T10:03:23,3000.0,17.0,S
2021-06-21T10:03:18,1900.0,17.05,B
2021-06-21T10:03:18,5100.0,17.05,B
2021-06-21T10:03:18,3000.0,17.05,B
2021-06-21T10:03:03,100.0,17.0,S
2021-06-21T10:02:47,1000.0,17.0,B
2021-06-21T10:02:38,3400.0,17.0,B
2021-06-21T10:02:33,2300.0,17.0,B
2021-06-21T10:02:30,5000.0,17.0,B
2021-06-21T10:02:26,5500.0,17.0,B
2021-06-21T10:02:26,4000.0,17.0,B
2021-06-21T10:02:26,500.0,17.0,B
2021-06-21T10:02:22,600.0,17.0,B
2021-06-21T10:02:16,100.0,17.0,B
2021-06-21T10:02:13,2000.0,17.0,B
2021-06-21T10:02:12,4800.0,17.0,B
2021-06-21T10:02:08,1000.0,17.0,B
2021-06-21T10:02:05,10000.0,17.0,B
2021-06-21T10:02:00,500.0,17.0,B
2021-06-21T10:01:59,200.0,17.0,B
2021-06-21T10:01:51,10000.0,17.0,B
2021-06-21T10:01:45,3900.0,17.0,B
2021-06-21T10:01:45,1000.0,17.0,B
2021-06-21T10:01:45,16500.0,17.0,B
2021-06-21T10:01:45,700.0,17.0,B
2021-06-21T10:01:44,900.0,17.0,B
2021-06-21T10:01:44,7000.0,17.0,B
2021-06-21T10:01:38,200.0,17.0,B
2021-06-21T10:01:36,200.0,17.0,B
2021-06-21T10:01:19,500.0,17.0,B
2021-06-21T10:01:02,1400.0,17.0,B
2021-06-21T10:00:55,1400.0,16.95,B
2021-06-21T10:00:53,2000.0,16.95,B
2021-06-21T10:00:30,900.0,16.95,B
2021-06-21T10:00:26,8000.0,16.95,B
2021-06-21T10:00:22,4700.0,16.95,B
2021-06-21T10:00:10,2000.0,16.95,B
2021-06-21T10:00:06,100.0,16.9,S
2021-06-21T10:00:01,1900.0,16.95,B
2021-06-21T10:00:01,3100.0,16.95,B
2021-06-21T09:59:29,500.0,16.9,S
2021-06-21T09:58:42,100.0,16.9,B
2021-06-21T09:58:15,300.0,16.9,B
2021-06-21T09:58:15,300.0,16.9,B
2021-06-21T09:58:15,3400.0,16.9,B
2021-06-21T09:57:23,1000.0,16.9,B
2021-06-21T09:56:46,3000.0,16.85,S
2021-06-21T09:56:24,600.0,16.9,B
2021-06-21T09:56:18,100.0,16.9,B
2021-06-21T09:56:11,5000.0,16.9,B
2021-06-21T09:55:41,7000.0,16.9,B
2021-06-21T09:55:33,500.0,16.9,B
2021-06-21T09:55:29,200.0,16.9,B
2021-06-21T09:54:59,100.0,16.9,B
2021-06-21T09:54:56,1000.0,16.85,S
2021-06-21T09:54:48,2800.0,16.9,B
2021-06-21T09:54:48,1000.0,16.9,B
2021-06-21T09:54:48,1100.0,16.9,B
2021-06-21T09:54:48,4500.0,16.9,B
2021-06-21T09:54:48,600.0,16.9,B
2021-06-21T09:54:46,600.0,16.9,B
2021-06-21T09:54:10,500.0,16.9,B
2021-06-21T09:54:10,500.0,16.9,B
2021-06-21T09:53:40,1000.0,16.9,B
2021-06-21T09:53:26,100.0,16.85,S
2021-06-21T09:53:26,200.0,16.85,S
2021-06-21T09:52:52,900.0,16.85,S
2021-06-21T09:52:52,1600.0,16.85,S
2021-06-21T09:52:16,300.0,16.9,B
2021-06-21T09:52:14,1000.0,16.85,S
2021-06-21T09:52:00,100.0,16.9,B
2021-06-21T09:51:41,300.0,16.9,B
2021-06-21T09:51:31,100.0,16.85,S
2021-06-21T09:51:29,500.0,16.9,B
2021-06-21T09:51:09,5000.0,16.85,S
2021-06-21T09:50:33,5000.0,16.85,S
2021-06-21T09:50:11,5000.0,16.85,S
2021-06-21T09:49:55,2000.0,16.85,S
2021-06-21T09:49:48,3000.0,16.85,S
2021-06-21T09:49:01,3000.0,16.85,B
2021-06-21T09:48:55,1300.0,16.85,B
2021-06-21T09:48:45,500.0,16.85,B
2021-06-21T09:48:45,1000.0,16.85,B
2021-06-21T09:48:45,1200.0,16.85,B
2021-06-21T09:48:13,2000.0,16.85,B
2021-06-21T09:47:56,1000.0,16.85,B
2021-06-21T09:47:54,1000.0,16.85,B
2021-06-21T09:47:52,1000.0,16.85,B
2021-06-21T09:45:39,3000.0,16.9,B
2021-06-21T09:45:22,100.0,16.8,B
2021-06-21T09:45:08,500.0,16.9,B
2021-06-21T09:45:04,600.0,16.9,B
2021-06-21T09:44:59,100.0,16.9,B
2021-06-21T09:44:47,100.0,16.9,B
2021-06-21T09:44:13,100.0,16.9,B
2021-06-21T09:44:07,1000.0,16.9,B
2021-06-21T09:42:49,200.0,16.9,B
2021-06-21T09:42:44,35000.0,16.9,B
2021-06-21T09:42:44,10000.0,16.8,B
2021-06-21T09:42:36,500.0,16.8,B
2021-06-21T09:42:18,700.0,16.8,S
2021-06-21T09:41:57,3000.0,16.8,S
2021-06-21T09:41:44,2000.0,16.8,S
2021-06-21T09:41:29,1000.0,16.8,S
2021-06-21T09:41:05,12800.0,16.8,S
2021-06-21T09:41:00,100.0,16.8,S
2021-06-21T09:41:00,700.0,16.8,S
2021-06-21T09:40:35,500.0,16.8,S
2021-06-21T09:39:51,100.0,16.9,B
2021-06-21T09:39:48,100.0,16.9,B
2021-06-21T09:39:38,5000.0,16.9,B
2021-06-21T09:39:30,1000.0,16.9,B
2021-06-21T09:39:27,300.0,16.9,B
2021-06-21T09:39:22,20000.0,16.9,B
2021-06-21T09:39:21,15000.0,16.8,S
2021-06-21T09:39:02,1000.0,16.9,B
2021-06-21T09:39:01,2000.0,16.9,B
2021-06-21T09:38:53,200.0,16.9,B
2021-06-21T09:38:44,100.0,16.9,B
2021-06-21T09:38:23,1000.0,16.9,B
2021-06-21T09:38:17,3000.0,16.9,B
2021-06-21T09:37:39,1000.0,16.9,B
2021-06-21T09:37:23,1000.0,16.9,B
2021-06-21T09:37:01,500.0,16.9,B
2021-06-21T09:36:59,200.0,16.9,B
2021-06-21T09:36:54,300.0,16.9,B
2021-06-21T09:36:38,100.0,16.9,B
2021-06-21T09:36:28,1000.0,16.9,B
2021-06-21T09:36:16,500.0,16.9,B
2021-06-21T09:35:44,500.0,16.9,B
2021-06-21T09:35:21,100.0,16.9,B
2021-06-21T09:35:03,300.0,16.9,B
2021-06-21T09:35:03,4000.0,16.9,B
2021-06-21T09:35:02,800.0,16.9,B
2021-06-21T09:34:43,300.0,16.9,B
2021-06-21T09:34:32,500.0,16.8,B
2021-06-21T09:34:30,2000.0,16.8,B
2021-06-21T09:34:14,400.0,16.8,B
2021-06-21T09:34:14,700.0,16.8,B
2021-06-21T09:34:14,1000.0,16.8,B
2021-06-21T09:34:14,22900.0,16.8,B
2021-06-21T09:33:58,4200.0,16.8,B
2021-06-21T09:33:29,200.0,16.7,S
2021-06-21T09:33:11,500.0,16.75,B
2021-06-21T09:33:09,1100.0,16.75,B
2021-06-21T09:33:04,100.0,16.7,S
2021-06-21T09:32:44,2000.0,16.75,B
2021-06-21T09:32:36,200.0,16.7,S
2021-06-21T09:32:36,300.0,16.7,S
2021-06-21T09:32:18,500.0,16.75,B
2021-06-21T09:32:12,3000.0,16.75,B
2021-06-21T09:31:47,1400.0,16.75,B
2021-06-21T09:31:47,100.0,16.75,B
2021-06-21T09:31:47,3500.0,16.75,B
2021-06-21T09:31:36,500.0,16.75,B
2021-06-21T09:31:23,100.0,16.75,B
2021-06-21T09:31:07,1000.0,16.75,B
2021-06-21T09:30:57,100.0,16.75,B
2021-06-21T09:29:52,6800.0,16.75,B
2021-06-21T09:29:49,100.0,16.7,B
2021-06-21T09:29:42,100.0,16.7,B
2021-06-21T09:29:31,500.0,16.7,B
2021-06-21T09:29:26,200.0,16.7,B
2021-06-21T09:29:23,3200.0,16.7,B
2021-06-21T09:29:16,1000.0,16.7,B
2021-06-21T09:28:56,500.0,16.7,B
2021-06-21T09:27:46,2900.0,16.7,B
2021-06-21T09:27:46,100.0,16.7,B
2021-06-21T09:27:24,300.0,16.7,B
2021-06-21T09:27:12,800.0,16.7,B
2021-06-21T09:27:12,5000.0,16.7,B
2021-06-21T09:26:56,200.0,16.7,B
2021-06-21T09:26:48,900.0,16.7,B
2021-06-21T09:26:28,1500.0,16.7,B
2021-06-21T09:26:17,1000.0,16.7,B
2021-06-21T09:26:07,100.0,16.7,B
2021-06-21T09:26:07,200.0,16.7,B
2021-06-21T09:26:01,5000.0,16.7,B
2021-06-21T09:25:39,500.0,16.7,B
2021-06-21T09:25:24,3000.0,16.7,B
2021-06-21T09:24:19,400.0,16.7,B
2021-06-21T09:23:29,900.0,16.7,B
2021-06-21T09:23:27,5000.0,16.65,S
2021-06-21T09:20:55,100.0,16.65,S
2021-06-21T09:20:46,10000.0,16.65,S
2021-06-21T09:20:13,800.0,16.65,S
2021-06-21T09:18:44,10000.0,16.65,S
2021-06-21T09:18:27,1000.0,16.65,S
2021-06-21T09:18:22,100.0,16.65,S
2021-06-21T09:17:30,1900.0,16.65,B
2021-06-21T09:17:21,1700.0,16.65,B
2021-06-21T09:16:43,600.0,16.65,S
