tradingTime,volume,price,side
2021-06-21T14:21:48,200.0,8.8,B
2021-06-21T14:21:36,900.0,8.8,B
2021-06-21T14:20:48,4700.0,8.8,B
2021-06-21T14:20:47,9000.0,8.8,S
2021-06-21T14:20:44,10000.0,8.8,S
2021-06-21T14:20:30,7000.0,8.8,S
2021-06-21T14:19:56,300.0,8.8,S
2021-06-21T14:19:47,500.0,8.8,S
2021-06-21T14:19:31,1000.0,8.8,S
2021-06-21T14:19:19,1000.0,8.8,S
2021-06-21T14:18:26,100.0,8.8,S
2021-06-21T14:17:37,6000.0,8.8,S
2021-06-21T14:17:31,500.0,8.8,S
2021-06-21T14:17:31,200.0,8.9,B
2021-06-21T14:17:23,500.0,8.8,S
2021-06-21T14:17:10,100.0,8.8,S
2021-06-21T14:16:26,200.0,8.8,S
2021-06-21T14:15:55,100.0,8.8,S
2021-06-21T14:15:42,7900.0,8.8,S
2021-06-21T14:15:13,500.0,8.8,S
2021-06-21T14:15:06,800.0,8.8,S
2021-06-21T14:14:36,200.0,8.8,S
2021-06-21T14:13:41,500.0,8.8,S
2021-06-21T14:13:27,300.0,8.8,S
2021-06-21T14:13:25,500.0,8.8,S
2021-06-21T14:11:35,100.0,8.8,S
2021-06-21T14:11:27,100.0,8.9,B
2021-06-21T14:11:26,2000.0,8.8,S
2021-06-21T14:11:19,3000.0,8.8,S
2021-06-21T14:11:08,5000.0,8.8,S
2021-06-21T14:09:46,1000.0,8.8,S
2021-06-21T14:09:14,5000.0,8.8,S
2021-06-21T14:08:41,1000.0,8.8,S
2021-06-21T14:07:51,1500.0,8.9,B
2021-06-21T14:07:42,1000.0,8.8,S
2021-06-21T14:07:14,10000.0,8.8,S
2021-06-21T14:06:52,700.0,8.8,S
2021-06-21T14:06:51,1500.0,8.9,B
2021-06-21T14:06:26,1000.0,8.8,S
2021-06-21T14:06:19,2200.0,8.8,B
2021-06-21T14:06:15,200.0,8.8,B
2021-06-21T14:05:57,500.0,8.8,S
2021-06-21T14:05:55,1000.0,8.8,S
2021-06-21T14:05:46,6500.0,8.8,S
2021-06-21T14:05:36,100.0,8.8,S
2021-06-21T14:05:32,5000.0,8.8,S
2021-06-21T14:05:23,5500.0,8.8,S
2021-06-21T14:05:20,5000.0,8.8,S
2021-06-21T14:05:08,10100.0,8.8,S
2021-06-21T14:04:47,5000.0,8.8,S
2021-06-21T14:04:36,11000.0,8.8,S
2021-06-21T14:04:29,100.0,8.9,B
2021-06-21T14:02:27,10000.0,8.8,S
2021-06-21T14:02:26,15000.0,8.8,S
2021-06-21T14:02:23,100.0,8.8,S
2021-06-21T14:01:11,15000.0,8.8,S
2021-06-21T14:00:42,100.0,8.8,S
2021-06-21T14:00:38,500.0,8.8,S
2021-06-21T13:59:36,10000.0,8.8,S
2021-06-21T13:59:36,10000.0,8.8,S
2021-06-21T13:59:34,200.0,8.8,S
2021-06-21T13:59:25,100.0,8.8,S
2021-06-21T13:59:10,3400.0,8.8,S
2021-06-21T13:58:37,300.0,8.8,S
2021-06-21T13:58:20,100.0,8.8,S
2021-06-21T13:56:06,200.0,8.8,S
2021-06-21T13:55:54,11500.0,8.8,S
2021-06-21T13:55:39,2800.0,8.8,S
2021-06-21T13:55:25,4000.0,8.8,S
2021-06-21T13:55:16,500.0,8.9,B
2021-06-21T13:55:08,1500.0,8.8,S
2021-06-21T13:54:56,10000.0,8.8,S
2021-06-21T13:54:09,19600.0,8.8,S
2021-06-21T13:54:08,800.0,8.9,B
2021-06-21T13:54:04,500.0,8.8,S
2021-06-21T13:54:01,100.0,8.8,S
2021-06-21T13:53:40,5000.0,8.8,S
2021-06-21T13:53:30,300.0,8.8,S
2021-06-21T13:53:20,2000.0,8.8,S
2021-06-21T13:53:16,200.0,8.8,S
2021-06-21T13:53:09,2000.0,8.8,S
2021-06-21T13:52:13,200.0,8.8,S
2021-06-21T13:51:17,5000.0,8.8,S
2021-06-21T13:50:43,3000.0,8.8,S
2021-06-21T13:50:25,2000.0,8.8,S
2021-06-21T13:50:13,500.0,8.8,S
2021-06-21T13:48:33,1000.0,8.8,S
2021-06-21T13:47:58,7600.0,8.9,B
2021-06-21T13:47:55,200.0,8.8,S
2021-06-21T13:47:06,200.0,8.8,S
2021-06-21T13:46:48,300.0,8.8,S
2021-06-21T13:46:13,200.0,8.8,S
2021-06-21T13:46:12,3000.0,8.8,S
2021-06-21T13:45:00,500.0,8.8,S
2021-06-21T13:44:32,1000.0,8.8,S
2021-06-21T13:44:20,1000.0,8.8,S
2021-06-21T13:44:14,2300.0,8.8,S
2021-06-21T13:43:28,1000.0,8.8,S
2021-06-21T13:42:05,1000.0,8.8,S
2021-06-21T13:42:03,300.0,8.8,S
2021-06-21T13:41:16,300.0,8.8,S
2021-06-21T13:41:13,2700.0,8.8,S
2021-06-21T13:40:36,100.0,8.8,S
2021-06-21T13:40:14,1000.0,8.9,B
2021-06-21T13:40:11,400.0,8.8,S
2021-06-21T13:40:09,1000.0,8.8,S
2021-06-21T13:39:14,300.0,8.8,S
2021-06-21T13:38:23,1000.0,8.8,S
2021-06-21T13:38:21,2000.0,8.9,B
2021-06-21T13:38:07,15000.0,8.8,S
2021-06-21T13:37:52,300.0,8.8,S
2021-06-21T13:37:36,300.0,8.8,S
2021-06-21T13:36:52,100.0,8.8,S
2021-06-21T13:36:39,10000.0,8.8,S
2021-06-21T13:35:06,5000.0,8.8,S
2021-06-21T13:35:05,1000.0,8.9,B
2021-06-21T13:33:01,100.0,8.8,S
2021-06-21T13:31:30,1000.0,8.9,B
2021-06-21T13:31:15,2000.0,8.9,B
2021-06-21T13:30:38,200.0,8.9,B
2021-06-21T13:30:17,100.0,8.9,B
2021-06-21T13:30:08,200.0,8.9,B
2021-06-21T13:29:49,500.0,8.8,S
2021-06-21T13:29:38,2000.0,8.8,S
2021-06-21T13:29:28,15600.0,8.8,B
2021-06-21T13:29:10,9000.0,8.8,B
2021-06-21T13:28:50,100.0,8.7,S
2021-06-21T13:28:48,700.0,8.8,B
2021-06-21T13:28:29,24700.0,8.8,S
2021-06-21T13:27:57,100.0,8.8,S
2021-06-21T13:27:56,400.0,8.8,S
2021-06-21T13:27:29,100.0,8.8,S
2021-06-21T13:27:27,4200.0,8.8,B
2021-06-21T13:27:18,800.0,8.8,S
2021-06-21T13:27:09,99200.0,8.8,B
2021-06-21T13:26:58,42000.0,8.8,B
2021-06-21T13:26:53,11000.0,8.8,B
2021-06-21T13:26:37,2000.0,8.8,B
2021-06-21T13:26:31,5000.0,8.8,B
2021-06-21T13:26:16,2000.0,8.8,B
2021-06-21T13:26:06,1000.0,8.8,B
2021-06-21T13:25:54,100.0,8.7,S
2021-06-21T13:24:57,200.0,8.7,S
2021-06-21T13:24:38,6500.0,8.8,B
2021-06-21T13:24:37,1000.0,8.8,B
2021-06-21T13:23:53,1000.0,8.8,B
2021-06-21T13:23:41,100.0,8.8,B
2021-06-21T13:23:27,100.0,8.7,S
2021-06-21T13:23:26,7000.0,8.8,B
2021-06-21T13:22:15,1000.0,8.8,B
2021-06-21T13:22:04,11000.0,8.8,B
2021-06-21T13:22:02,200.0,8.7,S
2021-06-21T13:21:41,800.0,8.7,S
2021-06-21T13:21:22,600.0,8.7,S
2021-06-21T13:21:09,500.0,8.7,S
2021-06-21T13:20:42,100.0,8.8,B
2021-06-21T13:20:35,1000.0,8.7,S
2021-06-21T13:20:19,3700.0,8.8,B
2021-06-21T13:20:07,1000.0,8.8,B
2021-06-21T13:20:01,1600.0,8.8,B
2021-06-21T13:19:43,1000.0,8.7,S
2021-06-21T13:19:37,1400.0,8.8,B
2021-06-21T13:19:04,1000.0,8.7,S
2021-06-21T13:18:39,500.0,8.7,S
2021-06-21T13:18:27,3000.0,8.7,S
2021-06-21T13:18:27,2000.0,8.7,S
2021-06-21T13:18:09,5000.0,8.7,S
2021-06-21T13:17:32,1000.0,8.7,S
2021-06-21T13:17:24,100.0,8.7,S
2021-06-21T13:16:34,8800.0,8.8,B
2021-06-21T13:16:28,100.0,8.8,B
2021-06-21T13:15:32,300.0,8.7,S
2021-06-21T13:14:34,1100.0,8.8,B
2021-06-21T13:13:50,5500.0,8.8,B
2021-06-21T13:13:31,1000.0,8.8,B
2021-06-21T13:13:10,1000.0,8.7,S
2021-06-21T13:12:42,900.0,8.7,S
2021-06-21T13:11:52,100.0,8.7,S
2021-06-21T13:11:48,10000.0,8.7,S
2021-06-21T13:11:36,200.0,8.8,B
2021-06-21T13:11:30,1000.0,8.7,S
2021-06-21T13:11:15,600.0,8.7,S
2021-06-21T13:10:55,10000.0,8.8,B
2021-06-21T13:10:29,200.0,8.8,B
2021-06-21T13:10:00,200.0,8.8,B
2021-06-21T13:09:20,1100.0,8.8,B
2021-06-21T13:09:02,10000.0,8.8,B
2021-06-21T13:07:26,26400.0,8.8,S
2021-06-21T13:07:24,9000.0,8.8,S
2021-06-21T13:07:20,10000.0,8.8,S
2021-06-21T13:07:18,5000.0,8.8,S
2021-06-21T13:07:16,10000.0,8.8,S
2021-06-21T13:07:05,2000.0,8.8,S
2021-06-21T13:07:04,4000.0,8.8,S
2021-06-21T13:07:03,2000.0,8.8,S
2021-06-21T13:06:59,10000.0,8.8,S
2021-06-21T13:06:56,1000.0,8.8,S
2021-06-21T13:06:56,5000.0,8.8,S
2021-06-21T13:06:54,2000.0,8.8,S
2021-06-21T13:06:53,2000.0,8.8,S
2021-06-21T13:06:52,20000.0,8.8,S
2021-06-21T13:06:49,2100.0,8.8,S
2021-06-21T13:06:47,7000.0,8.8,S
2021-06-21T13:06:44,12000.0,8.8,S
2021-06-21T13:06:43,5000.0,8.8,S
2021-06-21T13:06:35,10000.0,8.8,S
2021-06-21T13:06:33,30000.0,8.8,S
2021-06-21T13:06:31,900.0,8.8,S
2021-06-21T13:06:25,10000.0,8.8,S
2021-06-21T13:06:10,30500.0,8.8,S
2021-06-21T13:06:00,2500.0,8.8,S
2021-06-21T13:05:57,5000.0,8.8,S
2021-06-21T13:05:56,100.0,8.9,B
2021-06-21T13:05:42,1000.0,8.8,S
2021-06-21T13:05:34,1000.0,8.8,S
2021-06-21T13:05:14,1000.0,8.8,S
2021-06-21T13:05:14,1000.0,8.8,S
2021-06-21T13:05:07,1000.0,8.8,S
2021-06-21T13:04:58,30000.0,8.8,S
2021-06-21T13:04:57,5000.0,8.8,S
2021-06-21T13:04:48,500.0,8.8,S
2021-06-21T13:04:46,5000.0,8.8,S
2021-06-21T13:04:42,1000.0,8.8,S
2021-06-21T13:04:10,50000.0,8.8,S
2021-06-21T13:03:50,400.0,8.8,S
2021-06-21T13:03:32,100.0,8.8,S
2021-06-21T13:02:55,2000.0,8.9,B
2021-06-21T13:02:40,9400.0,8.8,S
2021-06-21T13:02:07,1800.0,8.8,S
2021-06-21T13:02:06,1200.0,8.8,S
2021-06-21T13:02:00,25800.0,8.8,S
2021-06-21T13:01:57,100000.0,8.8,S
2021-06-21T13:01:43,100.0,8.9,B
2021-06-21T13:00:52,2000.0,8.8,S
2021-06-21T13:00:09,1500.0,8.8,S
2021-06-21T13:00:09,1500.0,8.8,S
2021-06-21T13:00:05,2000.0,8.8,S
2021-06-21T13:00:04,1000.0,8.8,S
2021-06-21T13:00:04,200.0,8.8,S
2021-06-21T13:00:03,20000.0,8.8,S
2021-06-21T13:00:03,2300.0,8.8,S
2021-06-21T13:00:02,1400.0,8.8,S
2021-06-21T13:00:02,7500.0,8.8,S
2021-06-21T13:00:01,1300.0,8.8,S
2021-06-21T11:29:52,1000.0,8.8,S
2021-06-21T11:29:47,10000.0,8.8,S
2021-06-21T11:29:31,10000.0,8.8,S
2021-06-21T11:28:43,4000.0,8.8,S
2021-06-21T11:28:38,1000.0,8.8,S
2021-06-21T11:28:33,22000.0,8.8,S
2021-06-21T11:28:32,15000.0,8.8,S
2021-06-21T11:28:10,3000.0,8.8,S
2021-06-21T11:27:31,1200.0,8.8,S
2021-06-21T11:26:58,100.0,8.8,S
2021-06-21T11:26:17,1000.0,8.8,S
2021-06-21T11:25:54,4000.0,8.8,S
2021-06-21T11:25:46,1000.0,8.8,S
2021-06-21T11:25:32,10000.0,8.8,S
2021-06-21T11:24:56,2000.0,8.8,S
2021-06-21T11:24:43,5000.0,8.8,S
2021-06-21T11:24:29,10000.0,8.8,S
2021-06-21T11:23:34,1000.0,8.8,S
2021-06-21T11:21:07,100.0,8.8,S
2021-06-21T11:19:30,2000.0,8.8,S
2021-06-21T11:14:55,200.0,8.8,S
2021-06-21T11:14:14,55500.0,8.8,S
2021-06-21T11:13:25,2900.0,8.8,S
2021-06-21T11:13:24,30000.0,8.9,B
2021-06-21T11:13:12,1000.0,8.9,B
2021-06-21T11:12:05,500.0,8.8,S
2021-06-21T11:12:00,20000.0,8.9,B
2021-06-21T11:11:53,4000.0,8.9,B
2021-06-21T11:10:15,50000.0,8.8,S
2021-06-21T11:08:31,600.0,8.8,S
2021-06-21T11:08:17,500.0,8.8,S
2021-06-21T11:08:16,9000.0,8.9,B
2021-06-21T11:08:00,1400.0,8.9,B
2021-06-21T11:07:38,100.0,8.9,B
2021-06-21T11:07:22,100.0,8.9,B
2021-06-21T11:07:17,1700.0,8.8,S
2021-06-21T11:06:51,10800.0,8.9,B
2021-06-21T11:06:39,100.0,8.9,B
2021-06-21T11:06:11,29400.0,8.9,B
2021-06-21T11:05:34,100.0,8.9,B
2021-06-21T11:05:21,18500.0,8.9,B
2021-06-21T11:03:10,400.0,8.8,S
2021-06-21T11:02:49,4000.0,8.8,S
2021-06-21T11:01:45,1000.0,8.8,S
2021-06-21T11:01:10,5500.0,8.8,S
2021-06-21T11:00:12,1000.0,8.9,B
2021-06-21T11:00:06,500.0,8.9,B
2021-06-21T10:59:27,1000.0,8.9,B
2021-06-21T10:59:24,1000.0,8.8,S
2021-06-21T10:58:38,20000.0,8.8,S
2021-06-21T10:58:28,1000.0,8.9,B
2021-06-21T10:58:27,2000.0,8.9,B
2021-06-21T10:58:10,100.0,8.9,B
2021-06-21T10:58:07,2000.0,8.9,B
2021-06-21T10:58:04,5000.0,8.9,B
2021-06-21T10:57:36,7000.0,8.9,B
2021-06-21T10:57:32,3000.0,8.8,S
2021-06-21T10:57:20,20000.0,8.9,B
2021-06-21T10:56:47,4000.0,8.9,B
2021-06-21T10:56:13,500.0,8.8,S
2021-06-21T10:55:08,500.0,8.8,S
2021-06-21T10:54:38,500.0,8.8,S
2021-06-21T10:53:23,300.0,8.9,B
2021-06-21T10:53:18,100.0,8.9,B
2021-06-21T10:50:08,200.0,8.9,B
2021-06-21T10:50:08,1300.0,8.9,B
2021-06-21T10:49:57,3000.0,8.9,B
2021-06-21T10:49:47,10000.0,8.9,B
2021-06-21T10:49:25,1000.0,8.9,B
2021-06-21T10:49:22,10000.0,8.8,S
2021-06-21T10:48:55,10000.0,8.9,B
2021-06-21T10:48:37,300.0,8.9,B
2021-06-21T10:48:04,1200.0,8.8,S
2021-06-21T10:47:58,500.0,8.9,B
2021-06-21T10:47:49,200.0,8.8,S
2021-06-21T10:47:24,200.0,8.8,S
2021-06-21T10:47:23,10000.0,8.9,B
2021-06-21T10:45:43,10000.0,8.8,S
2021-06-21T10:45:35,1000.0,8.8,S
2021-06-21T10:44:29,10000.0,8.8,S
2021-06-21T10:44:23,100.0,8.8,S
2021-06-21T10:44:11,5000.0,8.8,S
2021-06-21T10:43:16,1000.0,8.8,S
2021-06-21T10:42:45,800.0,8.9,B
2021-06-21T10:41:45,3000.0,8.9,B
2021-06-21T10:41:23,200.0,8.8,S
2021-06-21T10:41:21,4300.0,8.8,S
2021-06-21T10:40:54,400.0,8.8,S
2021-06-21T10:40:46,1000.0,8.9,B
2021-06-21T10:40:31,1000.0,8.8,S
2021-06-21T10:38:02,3000.0,8.9,B
2021-06-21T10:37:15,3200.0,8.9,B
2021-06-21T10:36:46,200.0,8.8,S
2021-06-21T10:36:29,84000.0,8.8,S
2021-06-21T10:36:23,5800.0,8.9,B
2021-06-21T10:36:05,400.0,8.9,B
2021-06-21T10:36:04,400.0,8.9,B
2021-06-21T10:35:36,8800.0,8.9,B
2021-06-21T10:35:28,500.0,8.8,S
2021-06-21T10:35:25,1000.0,8.9,B
2021-06-21T10:35:06,500.0,8.8,S
2021-06-21T10:34:42,500.0,8.8,S
2021-06-21T10:34:37,800.0,8.9,B
2021-06-21T10:34:36,3000.0,8.8,S
2021-06-21T10:34:13,17400.0,8.8,S
2021-06-21T10:33:58,800.0,8.8,S
2021-06-21T10:33:14,20000.0,8.9,B
2021-06-21T10:33:03,8000.0,8.9,B
2021-06-21T10:31:04,100.0,8.8,S
2021-06-21T10:30:52,300.0,8.9,B
2021-06-21T10:30:16,1000.0,8.9,B
2021-06-21T10:30:01,400.0,8.9,B
2021-06-21T10:29:40,200.0,8.9,B
2021-06-21T10:28:42,5000.0,8.9,B
2021-06-21T10:27:53,4000.0,8.9,B
2021-06-21T10:27:46,3300.0,8.9,B
2021-06-21T10:27:24,8300.0,8.9,S
2021-06-21T10:26:31,500.0,8.9,S
2021-06-21T10:26:31,200.0,8.9,S
2021-06-21T10:26:29,100.0,8.9,S
2021-06-21T10:26:27,1000.0,8.9,S
2021-06-21T10:24:57,300.0,8.9,S
2021-06-21T10:24:52,1000.0,8.9,S
2021-06-21T10:24:49,1000.0,8.9,S
2021-06-21T10:24:45,7300.0,8.9,B
2021-06-21T10:24:43,5000.0,8.9,B
2021-06-21T10:24:34,2700.0,8.9,B
2021-06-21T10:24:24,10000.0,8.9,B
2021-06-21T10:24:18,5000.0,8.9,B
2021-06-21T10:24:12,3300.0,8.9,B
2021-06-21T10:24:11,11200.0,8.9,B
2021-06-21T10:24:06,6000.0,8.9,B
2021-06-21T10:24:03,80000.0,8.9,B
2021-06-21T10:23:29,700.0,8.9,B
2021-06-21T10:23:03,1000.0,8.9,B
2021-06-21T10:23:00,900.0,8.9,B
2021-06-21T10:22:56,900.0,8.9,B
2021-06-21T10:22:50,200.0,8.9,B
2021-06-21T10:22:40,400.0,8.9,B
2021-06-21T10:22:36,200.0,8.9,B
2021-06-21T10:22:15,10000.0,8.9,B
2021-06-21T10:21:48,500.0,8.9,B
2021-06-21T10:21:03,1000.0,8.9,B
2021-06-21T10:20:50,15000.0,8.9,B
2021-06-21T10:19:34,20000.0,8.9,B
2021-06-21T10:19:10,5400.0,8.9,B
2021-06-21T10:18:24,100.0,8.9,B
2021-06-21T10:17:52,500.0,8.9,B
2021-06-21T10:16:43,7000.0,8.9,B
2021-06-21T10:16:27,12800.0,8.9,S
2021-06-21T10:16:05,1000.0,8.9,S
2021-06-21T10:15:24,5400.0,8.9,S
2021-06-21T10:15:20,100.0,9.0,B
2021-06-21T10:15:11,1000.0,8.9,S
2021-06-21T10:15:10,200.0,8.9,S
2021-06-21T10:14:57,200.0,8.9,S
2021-06-21T10:14:57,1000.0,9.0,B
2021-06-21T10:14:09,200.0,8.9,S
2021-06-21T10:13:46,3000.0,8.9,S
2021-06-21T10:13:32,900.0,8.9,S
2021-06-21T10:13:13,9300.0,8.9,B
2021-06-21T10:13:05,200.0,8.9,B
2021-06-21T10:12:59,500.0,8.8,S
2021-06-21T10:12:51,2000.0,8.9,B
2021-06-21T10:12:35,3000.0,8.9,B
2021-06-21T10:12:22,100.0,8.9,B
2021-06-21T10:11:55,9300.0,8.9,B
2021-06-21T10:11:45,200.0,8.9,B
2021-06-21T10:11:36,3200.0,8.9,B
2021-06-21T10:11:06,5000.0,8.9,B
2021-06-21T10:10:51,1000.0,8.9,B
2021-06-21T10:10:45,20500.0,8.9,B
2021-06-21T10:10:22,200.0,8.9,S
2021-06-21T10:10:15,100.0,8.9,S
2021-06-21T10:09:56,1000.0,8.9,S
2021-06-21T10:09:15,50000.0,8.9,S
2021-06-21T10:08:52,1000.0,8.9,S
2021-06-21T10:08:45,4600.0,8.9,S
2021-06-21T10:08:44,200.0,8.9,S
2021-06-21T10:08:28,2000.0,8.9,S
2021-06-21T10:08:21,200.0,8.9,S
2021-06-21T10:08:20,100.0,8.9,S
2021-06-21T10:08:18,100.0,8.9,S
2021-06-21T10:08:16,4700.0,8.9,S
2021-06-21T10:07:46,4800.0,8.9,S
2021-06-21T10:07:46,5000.0,8.9,S
2021-06-21T10:07:31,100.0,8.9,S
2021-06-21T10:07:22,2000.0,8.9,S
2021-06-21T10:07:09,3200.0,8.9,B
2021-06-21T10:07:05,1000.0,8.9,B
2021-06-21T10:06:18,1000.0,8.9,B
2021-06-21T10:06:03,2100.0,8.9,B
2021-06-21T10:05:35,4000.0,8.9,B
2021-06-21T10:05:29,10000.0,8.9,B
2021-06-21T10:04:54,100.0,8.9,B
2021-06-21T10:04:46,2500.0,8.9,B
2021-06-21T10:04:34,1500.0,8.9,B
2021-06-21T10:04:28,500.0,8.9,B
2021-06-21T10:04:14,20000.0,8.9,B
2021-06-21T10:04:14,10000.0,8.9,B
2021-06-21T10:04:12,1000.0,8.9,B
2021-06-21T10:04:06,6000.0,8.9,B
2021-06-21T10:04:04,500.0,8.9,B
2021-06-21T10:04:04,50000.0,8.9,B
2021-06-21T10:03:55,50000.0,8.9,B
2021-06-21T10:03:51,3000.0,8.9,B
2021-06-21T10:03:49,1000.0,8.9,B
2021-06-21T10:03:43,10800.0,8.9,B
2021-06-21T10:03:37,20000.0,8.9,B
2021-06-21T10:03:26,10000.0,8.9,B
2021-06-21T10:03:20,56000.0,8.9,B
2021-06-21T10:02:26,100.0,8.9,B
2021-06-21T10:02:17,1000.0,8.9,B
2021-06-21T10:02:14,100.0,8.9,B
2021-06-21T10:01:41,100.0,8.9,B
2021-06-21T10:01:35,2500.0,8.9,B
2021-06-21T10:01:34,200.0,8.8,S
2021-06-21T10:01:32,48000.0,8.9,B
2021-06-21T10:00:28,7600.0,8.8,S
2021-06-21T09:59:41,1900.0,8.8,S
2021-06-21T09:59:16,6000.0,8.9,B
2021-06-21T09:58:56,100.0,8.8,S
2021-06-21T09:58:52,35000.0,8.9,B
2021-06-21T09:58:31,100.0,8.8,S
2021-06-21T09:58:04,7000.0,8.8,S
2021-06-21T09:57:59,1000.0,8.8,S
2021-06-21T09:57:57,500.0,8.9,B
2021-06-21T09:57:21,7500.0,8.8,S
2021-06-21T09:57:06,3000.0,8.8,S
2021-06-21T09:56:58,400.0,8.8,S
2021-06-21T09:56:28,10000.0,8.8,S
2021-06-21T09:56:20,200.0,8.9,B
2021-06-21T09:56:12,1000.0,8.9,B
2021-06-21T09:55:12,300.0,8.8,S
2021-06-21T09:54:44,5000.0,8.9,B
2021-06-21T09:54:43,200.0,8.8,S
2021-06-21T09:54:16,14000.0,8.8,S
2021-06-21T09:54:11,200.0,8.8,S
2021-06-21T09:54:04,500.0,8.9,B
2021-06-21T09:53:36,5000.0,8.8,S
2021-06-21T09:53:24,1000.0,8.9,B
2021-06-21T09:52:57,2300.0,8.8,S
2021-06-21T09:52:55,300.0,8.8,B
2021-06-21T09:52:49,100.0,8.8,B
2021-06-21T09:52:48,100.0,8.8,B
2021-06-21T09:52:46,1000.0,8.8,B
2021-06-21T09:52:42,2000.0,8.8,B
2021-06-21T09:52:37,4500.0,8.8,B
2021-06-21T09:52:24,20000.0,8.8,B
2021-06-21T09:52:12,8800.0,8.8,B
2021-06-21T09:52:05,1000.0,8.8,B
2021-06-21T09:52:00,100.0,8.8,B
2021-06-21T09:51:54,2000.0,8.8,B
2021-06-21T09:51:52,100.0,8.8,B
2021-06-21T09:51:45,100.0,8.8,B
2021-06-21T09:51:41,100.0,8.8,B
2021-06-21T09:51:40,500.0,8.8,B
2021-06-21T09:51:34,50000.0,8.8,B
2021-06-21T09:51:25,3000.0,8.8,B
2021-06-21T09:51:21,100.0,8.8,B
2021-06-21T09:50:16,1000.0,8.8,B
2021-06-21T09:49:59,8100.0,8.8,B
2021-06-21T09:49:56,11900.0,8.8,B
2021-06-21T09:49:41,4000.0,8.8,B
2021-06-21T09:49:31,2900.0,8.8,B
2021-06-21T09:49:19,500.0,8.8,B
2021-06-21T09:49:16,200.0,8.8,B
2021-06-21T09:49:14,600.0,8.8,B
2021-06-21T09:49:05,100.0,8.8,B
2021-06-21T09:48:59,100.0,8.8,B
2021-06-21T09:48:49,4300.0,8.8,S
2021-06-21T09:48:34,5700.0,8.8,B
2021-06-21T09:48:29,500.0,8.8,B
2021-06-21T09:48:17,1800.0,8.8,B
2021-06-21T09:48:17,1000.0,8.8,S
2021-06-21T09:48:15,3000.0,8.8,S
2021-06-21T09:48:12,1000.0,8.8,S
2021-06-21T09:48:07,7000.0,8.8,S
2021-06-21T09:48:00,5000.0,8.8,S
2021-06-21T09:47:57,50000.0,8.8,S
2021-06-21T09:47:47,10000.0,8.8,S
2021-06-21T09:47:40,500.0,8.8,S
2021-06-21T09:47:31,1000.0,8.8,S
2021-06-21T09:47:26,2000.0,8.8,S
2021-06-21T09:47:25,5000.0,8.9,B
2021-06-21T09:46:58,300000.0,8.8,S
2021-06-21T09:46:15,3000.0,8.9,B
2021-06-21T09:45:46,500.0,8.9,B
2021-06-21T09:45:08,500.0,8.9,B
2021-06-21T09:43:59,100.0,8.9,B
2021-06-21T09:43:04,500.0,8.9,B
2021-06-21T09:42:49,1500.0,8.9,B
2021-06-21T09:42:39,83500.0,8.9,B
2021-06-21T09:42:38,500.0,8.9,S
2021-06-21T09:42:21,500.0,8.9,S
2021-06-21T09:42:16,300.0,8.9,S
2021-06-21T09:42:06,100.0,8.9,S
2021-06-21T09:42:04,900.0,8.9,S
2021-06-21T09:41:58,50200.0,8.9,S
2021-06-21T09:41:55,2100.0,8.9,S
2021-06-21T09:41:39,10000.0,8.9,S
2021-06-21T09:41:36,30000.0,8.9,S
2021-06-21T09:41:26,20000.0,8.9,S
2021-06-21T09:41:16,6000.0,8.9,S
2021-06-21T09:41:16,1000.0,8.9,S
2021-06-21T09:41:13,5000.0,8.9,S
2021-06-21T09:41:11,1000.0,8.9,S
2021-06-21T09:41:00,1000.0,8.9,S
2021-06-21T09:40:58,11100.0,8.9,S
2021-06-21T09:40:53,200.0,8.9,S
2021-06-21T09:40:47,100.0,8.9,S
2021-06-21T09:40:45,1000.0,8.9,S
2021-06-21T09:40:43,5000.0,8.9,S
2021-06-21T09:40:41,10100.0,8.9,S
2021-06-21T09:40:38,2500.0,8.9,S
2021-06-21T09:40:34,110000.0,8.9,S
2021-06-21T09:40:32,14900.0,8.9,S
2021-06-21T09:40:17,2500.0,8.9,S
2021-06-21T09:40:12,5000.0,8.9,S
2021-06-21T09:40:08,5000.0,8.9,S
2021-06-21T09:40:02,500.0,8.9,S
2021-06-21T09:40:01,200.0,8.9,S
2021-06-21T09:39:54,200.0,8.9,S
2021-06-21T09:39:50,100.0,9.0,B
2021-06-21T09:39:49,8500.0,8.9,S
2021-06-21T09:39:39,1200.0,8.9,S
2021-06-21T09:39:29,100000.0,8.9,S
2021-06-21T09:39:28,100.0,8.9,S
2021-06-21T09:39:24,200.0,8.9,S
2021-06-21T09:39:20,200.0,8.9,S
2021-06-21T09:38:46,200.0,8.9,S
2021-06-21T09:38:21,10000.0,8.9,S
2021-06-21T09:38:05,100.0,8.9,S
2021-06-21T09:37:54,500.0,8.9,S
2021-06-21T09:37:48,500.0,8.9,S
2021-06-21T09:37:44,1000.0,9.0,B
2021-06-21T09:37:39,1000.0,8.9,S
2021-06-21T09:37:13,3500.0,8.9,S
2021-06-21T09:36:57,500.0,8.9,S
2021-06-21T09:36:56,100.0,8.9,S
2021-06-21T09:36:42,1400.0,8.9,S
2021-06-21T09:36:37,500.0,8.9,S
2021-06-21T09:36:35,1400.0,8.9,S
2021-06-21T09:36:25,1400.0,8.9,S
2021-06-21T09:36:19,2000.0,8.9,S
2021-06-21T09:36:02,5100.0,8.9,S
2021-06-21T09:35:35,20000.0,8.9,S
2021-06-21T09:35:34,5000.0,8.9,S
2021-06-21T09:35:15,20000.0,8.9,S
2021-06-21T09:34:38,3600.0,8.9,S
2021-06-21T09:34:32,2000.0,8.9,S
2021-06-21T09:34:28,1000.0,8.9,S
2021-06-21T09:34:28,900.0,9.0,B
2021-06-21T09:34:27,1500.0,8.9,S
2021-06-21T09:33:49,7800.0,8.9,S
2021-06-21T09:33:45,200.0,9.0,B
2021-06-21T09:33:19,2200.0,9.0,B
2021-06-21T09:33:11,300.0,9.0,B
2021-06-21T09:33:11,1000.0,9.0,B
2021-06-21T09:33:03,2800.0,9.0,B
2021-06-21T09:33:00,1000.0,9.0,B
2021-06-21T09:32:50,200.0,9.0,B
2021-06-21T09:32:49,300.0,8.9,S
2021-06-21T09:32:45,300.0,9.0,B
2021-06-21T09:32:32,10000.0,9.0,B
2021-06-21T09:32:21,20000.0,9.0,B
2021-06-21T09:31:44,10000.0,9.0,B
2021-06-21T09:31:41,8000.0,9.0,B
2021-06-21T09:31:35,10000.0,8.9,S
2021-06-21T09:31:15,100.0,8.9,S
2021-06-21T09:31:14,100.0,9.0,B
2021-06-21T09:31:11,400.0,9.0,B
2021-06-21T09:30:59,12000.0,9.0,B
2021-06-21T09:30:56,2000.0,8.9,S
2021-06-21T09:30:51,1000.0,9.0,B
2021-06-21T09:30:42,4000.0,8.9,S
2021-06-21T09:30:34,15000.0,8.9,S
2021-06-21T09:30:28,100.0,8.9,S
2021-06-21T09:30:19,100.0,9.0,B
2021-06-21T09:30:17,20000.0,9.0,B
2021-06-21T09:30:06,10000.0,9.0,B
2021-06-21T09:29:55,100.0,9.0,B
2021-06-21T09:29:51,5000.0,9.0,B
2021-06-21T09:29:46,100.0,9.0,B
2021-06-21T09:29:43,5000.0,8.9,S
2021-06-21T09:29:32,3400.0,8.9,S
2021-06-21T09:29:32,5500.0,9.0,B
2021-06-21T09:29:23,6000.0,8.9,S
2021-06-21T09:29:17,10000.0,9.0,B
2021-06-21T09:29:08,15000.0,9.0,B
2021-06-21T09:28:56,2000.0,8.9,S
2021-06-21T09:28:48,400.0,9.0,B
2021-06-21T09:28:45,5000.0,9.0,B
2021-06-21T09:28:20,50000.0,9.0,B
2021-06-21T09:28:17,1000.0,9.0,B
2021-06-21T09:28:06,1700.0,9.0,B
2021-06-21T09:28:05,1000.0,9.0,B
2021-06-21T09:27:47,2000.0,9.0,B
2021-06-21T09:27:34,5500.0,8.9,S
2021-06-21T09:27:33,500.0,9.0,B
2021-06-21T09:27:18,5000.0,9.0,B
2021-06-21T09:27:14,1000.0,9.0,B
2021-06-21T09:27:07,100.0,9.0,B
2021-06-21T09:26:55,5000.0,9.0,B
2021-06-21T09:26:54,1500.0,9.0,B
2021-06-21T09:26:23,5000.0,9.0,B
2021-06-21T09:25:36,1000.0,8.9,S
2021-06-21T09:25:35,100.0,9.0,B
2021-06-21T09:25:33,1000.0,9.0,B
2021-06-21T09:25:31,1000.0,8.9,S
2021-06-21T09:25:21,5000.0,9.0,B
2021-06-21T09:25:19,1000.0,8.9,S
2021-06-21T09:25:06,100.0,8.9,S
2021-06-21T09:24:51,100.0,8.9,S
2021-06-21T09:24:49,19900.0,8.9,S
2021-06-21T09:24:18,1000.0,8.9,S
2021-06-21T09:24:16,100.0,8.9,S
2021-06-21T09:24:15,2000.0,8.9,S
2021-06-21T09:24:15,1000.0,8.9,S
2021-06-21T09:23:54,500.0,8.9,S
2021-06-21T09:23:50,3600.0,8.9,S
2021-06-21T09:23:48,700.0,8.9,S
2021-06-21T09:23:46,2000.0,8.9,S
2021-06-21T09:23:46,1600.0,9.0,B
2021-06-21T09:23:46,2000.0,8.9,S
2021-06-21T09:23:44,900.0,8.9,S
2021-06-21T09:23:21,100.0,8.9,S
2021-06-21T09:23:13,3300.0,8.9,B
2021-06-21T09:23:09,5000.0,8.9,B
2021-06-21T09:23:07,600.0,8.9,B
2021-06-21T09:23:03,50000.0,8.9,B
2021-06-21T09:23:01,7000.0,8.9,B
2021-06-21T09:22:56,100000.0,8.9,B
2021-06-21T09:22:56,500.0,8.9,B
2021-06-21T09:22:51,10000.0,8.9,B
2021-06-21T09:22:49,2000.0,8.9,B
2021-06-21T09:22:49,1000.0,8.9,B
2021-06-21T09:22:47,5000.0,8.9,B
2021-06-21T09:22:47,5000.0,8.9,B
2021-06-21T09:22:42,12000.0,8.9,B
2021-06-21T09:22:41,800.0,8.9,B
2021-06-21T09:22:32,1400.0,8.9,B
2021-06-21T09:22:32,500.0,8.9,B
2021-06-21T09:22:31,5000.0,8.9,B
2021-06-21T09:22:30,500.0,8.8,S
2021-06-21T09:22:27,30000.0,8.9,B
2021-06-21T09:22:22,1000.0,8.9,B
2021-06-21T09:22:16,5000.0,8.9,B
2021-06-21T09:22:10,30000.0,8.9,B
2021-06-21T09:22:00,2000.0,8.9,B
2021-06-21T09:21:57,10000.0,8.9,B
2021-06-21T09:21:52,157400.0,8.9,B
2021-06-21T09:21:40,500.0,8.9,B
2021-06-21T09:21:26,3900.0,8.9,B
2021-06-21T09:21:26,500.0,8.9,B
2021-06-21T09:20:46,1000.0,8.9,B
2021-06-21T09:20:37,2000.0,8.9,B
2021-06-21T09:20:33,500.0,8.9,B
2021-06-21T09:20:22,1500.0,8.9,B
2021-06-21T09:19:53,1000.0,8.9,B
2021-06-21T09:19:47,30000.0,8.8,S
2021-06-21T09:19:39,10000.0,8.8,S
2021-06-21T09:19:39,5000.0,8.8,S
2021-06-21T09:19:35,1000.0,8.8,S
2021-06-21T09:19:31,1000.0,8.8,S
2021-06-21T09:19:17,25000.0,8.8,S
2021-06-21T09:19:16,1900.0,8.8,S
2021-06-21T09:19:13,100.0,8.8,S
2021-06-21T09:19:08,400.0,8.8,S
2021-06-21T09:19:08,2500.0,8.9,B
2021-06-21T09:19:06,2000.0,8.8,S
2021-06-21T09:18:51,5700.0,8.8,S
2021-06-21T09:18:47,1000.0,8.8,S
2021-06-21T09:18:46,10000.0,8.8,S
2021-06-21T09:18:46,1300.0,8.8,S
2021-06-21T09:18:45,1100.0,8.8,S
2021-06-21T09:18:42,6000.0,8.8,S
2021-06-21T09:18:38,500.0,8.8,S
2021-06-21T09:18:25,1100.0,8.8,S
2021-06-21T09:18:24,20000.0,8.8,S
2021-06-21T09:18:14,200.0,8.8,S
2021-06-21T09:18:12,100.0,8.8,S
2021-06-21T09:18:08,200.0,8.8,S
2021-06-21T09:18:05,1000.0,8.8,S
2021-06-21T09:18:04,8200.0,8.8,S
2021-06-21T09:18:00,7000.0,8.8,S
2021-06-21T09:17:59,500.0,8.8,S
2021-06-21T09:17:54,4000.0,8.8,S
2021-06-21T09:17:50,1000.0,8.8,S
2021-06-21T09:17:50,5500.0,8.8,S
2021-06-21T09:17:47,1400.0,8.8,S
2021-06-21T09:17:37,10000.0,8.8,S
2021-06-21T09:17:34,50000.0,8.8,S
2021-06-21T09:17:34,3000.0,8.8,S
2021-06-21T09:17:26,500.0,8.8,S
2021-06-21T09:17:09,10000.0,8.8,S
2021-06-21T09:17:07,8000.0,8.8,S
2021-06-21T09:16:56,100.0,8.8,S
2021-06-21T09:16:55,400.0,8.8,S
2021-06-21T09:16:54,4200.0,8.9,B
2021-06-21T09:16:52,200.0,8.8,S
2021-06-21T09:16:47,5000.0,8.8,S
2021-06-21T09:16:46,10000.0,8.8,S
2021-06-21T09:16:45,1000.0,8.8,S
2021-06-21T09:16:42,2000.0,8.8,S
2021-06-21T09:16:39,4000.0,8.8,S
2021-06-21T09:16:37,30000.0,8.8,S
2021-06-21T09:16:34,200.0,8.9,B
2021-06-21T09:16:29,5100.0,8.8,S
2021-06-21T09:16:23,5000.0,8.8,S
2021-06-21T09:16:22,10000.0,8.9,B
2021-06-21T09:16:09,2000.0,8.9,B
2021-06-21T09:16:04,100.0,8.8,S
2021-06-21T09:16:01,300.0,8.8,S
2021-06-21T09:15:50,1500.0,8.8,S
2021-06-21T09:15:49,8000.0,8.8,S
2021-06-21T09:15:46,100.0,8.8,S
2021-06-21T09:15:43,1000.0,8.9,B
2021-06-21T09:15:41,30000.0,8.8,S
2021-06-21T09:15:31,3000.0,8.8,S
2021-06-21T09:15:22,300.0,8.8,S
2021-06-21T09:15:01,100.0,8.9,B
2021-06-21T09:14:53,500.0,8.9,B
2021-06-21T09:14:47,2000.0,8.9,B
2021-06-21T09:14:41,200.0,8.9,B
2021-06-21T09:14:34,1000.0,8.9,B
2021-06-21T09:14:34,1000.0,8.9,B
2021-06-21T09:14:11,300.0,8.9,B
2021-06-21T09:14:03,100.0,8.9,B
2021-06-21T09:13:57,300.0,8.9,B
2021-06-21T09:13:54,300.0,8.9,B
2021-06-21T09:13:47,1100.0,8.9,B
2021-06-21T09:13:43,10000.0,8.9,B
2021-06-21T09:13:39,100.0,8.9,B
2021-06-21T09:13:37,500.0,8.9,B
2021-06-21T09:13:28,3000.0,8.8,S
2021-06-21T09:13:23,1000.0,8.9,B
2021-06-21T09:12:57,1000.0,8.9,B
2021-06-21T09:12:50,94300.0,8.9,S
2021-06-21T09:12:49,1000.0,8.9,S
2021-06-21T09:12:32,2000.0,8.9,S
2021-06-21T09:12:31,100.0,9.0,B
2021-06-21T09:12:31,30000.0,8.9,S
2021-06-21T09:12:29,1000.0,9.0,B
2021-06-21T09:12:26,24800.0,8.9,S
2021-06-21T09:12:22,2000.0,8.9,S
2021-06-21T09:12:10,2000.0,9.0,B
2021-06-21T09:12:08,2000.0,8.9,S
2021-06-21T09:12:00,100.0,8.9,S
2021-06-21T09:11:33,100.0,9.0,B
2021-06-21T09:11:33,50000.0,9.0,B
2021-06-21T09:11:22,3000.0,9.0,B
2021-06-21T09:11:19,5000.0,8.9,S
2021-06-21T09:11:16,5000.0,9.0,B
2021-06-21T09:11:11,1000.0,9.0,B
2021-06-21T09:11:06,500.0,9.0,B
2021-06-21T09:11:03,500.0,8.9,S
2021-06-21T09:11:01,10000.0,9.0,B
2021-06-21T09:11:00,1000.0,9.0,B
2021-06-21T09:10:54,300.0,9.0,B
2021-06-21T09:10:44,700.0,9.0,B
2021-06-21T09:10:44,20000.0,9.0,B
2021-06-21T09:10:39,800.0,9.0,B
2021-06-21T09:10:35,5000.0,9.0,B
2021-06-21T09:10:32,5000.0,9.0,B
2021-06-21T09:10:28,1000.0,9.0,B
2021-06-21T09:10:18,100.0,9.0,B
2021-06-21T09:10:16,200.0,9.0,B
2021-06-21T09:10:04,1000.0,9.0,B
2021-06-21T09:10:02,200.0,9.0,B
2021-06-21T09:10:01,2000.0,9.0,B
2021-06-21T09:09:55,1000.0,9.0,B
2021-06-21T09:09:53,600.0,9.0,B
2021-06-21T09:09:42,5000.0,9.0,B
2021-06-21T09:09:38,1000.0,9.0,B
2021-06-21T09:09:37,1500.0,9.0,B
2021-06-21T09:09:36,1500.0,9.0,B
2021-06-21T09:09:24,2000.0,9.0,B
2021-06-21T09:09:24,2000.0,9.0,B
2021-06-21T09:09:17,3000.0,9.0,B
2021-06-21T09:09:16,2000.0,9.0,B
2021-06-21T09:09:12,4000.0,9.0,B
2021-06-21T09:09:10,2600.0,9.0,B
2021-06-21T09:09:06,1400.0,9.0,B
2021-06-21T09:09:03,3600.0,9.0,S
2021-06-21T09:08:59,10000.0,9.1,B
2021-06-21T09:08:55,5000.0,9.0,S
2021-06-21T09:08:46,30000.0,9.1,B
2021-06-21T09:08:41,10000.0,9.0,S
2021-06-21T09:08:37,10000.0,9.1,B
2021-06-21T09:08:33,100.0,9.1,B
2021-06-21T09:08:27,1000.0,9.0,S
2021-06-21T09:08:21,12000.0,9.0,S
2021-06-21T09:08:19,2500.0,9.1,B
2021-06-21T09:08:13,50000.0,9.0,S
2021-06-21T09:08:12,15000.0,9.0,S
2021-06-21T09:08:11,30000.0,9.1,B
2021-06-21T09:08:06,2000.0,9.1,B
2021-06-21T09:07:59,11000.0,9.0,S
2021-06-21T09:07:45,100.0,9.1,B
2021-06-21T09:07:44,4300.0,9.0,S
2021-06-21T09:07:41,600.0,9.0,S
2021-06-21T09:07:39,5000.0,9.1,B
2021-06-21T09:07:38,4300.0,9.1,B
2021-06-21T09:07:38,8000.0,9.1,B
2021-06-21T09:07:36,100.0,9.1,S
2021-06-21T09:07:35,9500.0,9.1,S
2021-06-21T09:07:34,300.0,9.2,B
2021-06-21T09:07:28,105000.0,9.1,S
2021-06-21T09:07:25,2000.0,9.1,S
2021-06-21T09:07:23,3000.0,9.1,S
2021-06-21T09:07:19,2000.0,9.1,S
2021-06-21T09:07:14,10000.0,9.1,S
2021-06-21T09:07:08,2000.0,9.2,B
2021-06-21T09:06:57,200.0,9.1,S
2021-06-21T09:06:49,2000.0,9.1,S
2021-06-21T09:06:43,1500.0,9.1,S
2021-06-21T09:06:38,300.0,9.2,B
2021-06-21T09:06:36,100.0,9.2,B
2021-06-21T09:06:36,100.0,9.1,S
2021-06-21T09:06:36,400.0,9.2,B
2021-06-21T09:06:33,200.0,9.1,S
2021-06-21T09:06:29,1000.0,9.1,S
2021-06-21T09:06:28,10000.0,9.1,S
2021-06-21T09:06:26,200.0,9.1,S
2021-06-21T09:06:24,3000.0,9.1,S
2021-06-21T09:06:23,5000.0,9.2,B
2021-06-21T09:06:22,500.0,9.2,B
2021-06-21T09:06:22,1200.0,9.1,S
2021-06-21T09:06:12,1000.0,9.1,S
2021-06-21T09:06:12,100.0,9.1,S
2021-06-21T09:06:05,15400.0,9.2,B
2021-06-21T09:06:00,500.0,9.1,S
2021-06-21T09:05:53,500.0,9.1,S
2021-06-21T09:05:46,4000.0,9.1,S
2021-06-21T09:05:46,100.0,9.1,S
2021-06-21T09:05:37,100.0,9.1,S
2021-06-21T09:05:36,100.0,9.2,B
2021-06-21T09:05:34,17600.0,9.1,B
2021-06-21T09:05:32,2400.0,9.1,S
2021-06-21T09:05:32,1000.0,9.1,S
2021-06-21T09:05:31,1000.0,9.1,B
2021-06-21T09:05:26,8000.0,9.0,S
2021-06-21T09:05:23,1000.0,9.2,B
2021-06-21T09:05:21,31400.0,9.2,B
2021-06-21T09:05:19,20000.0,9.1,S
2021-06-21T09:05:18,2000.0,9.1,S
2021-06-21T09:05:18,4000.0,9.2,B
2021-06-21T09:05:09,2000.0,9.1,S
2021-06-21T09:05:07,2000.0,9.2,B
2021-06-21T09:05:03,500.0,9.2,B
2021-06-21T09:05:00,1000.0,9.2,B
2021-06-21T09:04:57,1000.0,9.2,B
2021-06-21T09:04:52,3000.0,9.2,B
2021-06-21T09:04:51,2000.0,9.2,B
2021-06-21T09:04:48,10000.0,9.2,B
2021-06-21T09:04:47,5000.0,9.2,B
2021-06-21T09:04:44,3400.0,9.1,S
2021-06-21T09:04:42,200.0,9.2,B
2021-06-21T09:04:40,10000.0,9.2,B
2021-06-21T09:04:36,8000.0,9.2,B
2021-06-21T09:04:32,100.0,9.2,B
2021-06-21T09:04:29,2000.0,9.2,B
2021-06-21T09:04:28,1000.0,9.2,B
2021-06-21T09:04:26,500.0,9.1,S
2021-06-21T09:04:26,5000.0,9.2,B
2021-06-21T09:04:22,3800.0,9.2,B
2021-06-21T09:04:21,38800.0,9.2,B
2021-06-21T09:04:13,400.0,9.2,B
2021-06-21T09:04:09,5000.0,9.2,B
2021-06-21T09:04:04,100.0,9.2,B
2021-06-21T09:04:03,26800.0,9.2,B
2021-06-21T09:04:02,200.0,9.1,S
2021-06-21T09:04:01,1000.0,9.2,B
2021-06-21T09:03:57,1000.0,9.1,S
2021-06-21T09:03:54,200.0,9.2,B
2021-06-21T09:03:52,16500.0,9.2,B
2021-06-21T09:03:49,500.0,9.2,B
2021-06-21T09:03:48,400.0,9.2,B
2021-06-21T09:03:47,200.0,9.2,B
2021-06-21T09:03:44,11000.0,9.2,B
2021-06-21T09:03:41,2000.0,9.1,S
2021-06-21T09:03:39,500.0,9.1,S
2021-06-21T09:03:38,81600.0,9.2,B
2021-06-21T09:03:33,50000.0,9.2,B
2021-06-21T09:03:33,10000.0,9.2,B
2021-06-21T09:03:32,500.0,9.1,S
2021-06-21T09:03:24,100.0,9.1,S
2021-06-21T09:03:23,1500.0,9.1,S
2021-06-21T09:03:22,9100.0,9.1,B
2021-06-21T09:03:22,10000.0,9.1,B
2021-06-21T09:03:21,20000.0,9.1,B
2021-06-21T09:03:21,2000.0,9.0,S
2021-06-21T09:03:18,1500.0,9.0,S
2021-06-21T09:03:16,100.0,9.0,S
2021-06-21T09:03:15,5900.0,9.1,B
2021-06-21T09:03:14,2000.0,9.1,B
2021-06-21T09:03:11,50000.0,9.1,B
2021-06-21T09:03:10,10000.0,9.0,S
2021-06-21T09:03:08,3000.0,9.0,S
2021-06-21T09:03:08,10000.0,9.1,B
2021-06-21T09:03:05,800.0,9.0,S
2021-06-21T09:03:03,20000.0,9.1,B
2021-06-21T09:03:02,800.0,9.1,B
2021-06-21T09:02:56,1100.0,9.1,B
2021-06-21T09:02:54,1200.0,9.1,B
2021-06-21T09:02:51,20000.0,9.1,B
2021-06-21T09:02:49,2000.0,9.1,B
2021-06-21T09:02:47,500.0,9.0,S
2021-06-21T09:02:40,4000.0,9.0,S
2021-06-21T09:02:38,3300.0,9.0,S
2021-06-21T09:02:34,5900.0,9.1,B
2021-06-21T09:02:33,500.0,9.1,B
2021-06-21T09:02:31,2000.0,9.1,B
2021-06-21T09:02:28,100.0,9.1,B
2021-06-21T09:02:28,2000.0,9.0,S
2021-06-21T09:02:21,10000.0,9.0,S
2021-06-21T09:02:17,1500.0,9.0,B
2021-06-21T09:02:15,700.0,9.0,B
2021-06-21T09:02:15,200.0,9.0,S
2021-06-21T09:02:14,1100.0,9.0,S
2021-06-21T09:02:11,50000.0,8.9,S
2021-06-21T09:02:08,700.0,9.0,S
2021-06-21T09:02:04,1000.0,9.1,B
2021-06-21T09:02:03,18000.0,9.1,B
2021-06-21T09:02:02,500.0,9.1,B
2021-06-21T09:01:59,100.0,9.0,S
2021-06-21T09:01:58,400.0,9.1,B
2021-06-21T09:01:47,200.0,9.0,S
2021-06-21T09:01:42,1000.0,9.0,S
2021-06-21T09:01:35,64000.0,9.0,B
2021-06-21T09:01:34,800.0,9.0,B
2021-06-21T09:01:33,1300.0,9.0,B
2021-06-21T09:01:31,1000.0,8.9,S
2021-06-21T09:01:29,13000.0,9.0,B
2021-06-21T09:01:18,20000.0,9.0,B
2021-06-21T09:01:17,1700.0,8.9,B
2021-06-21T09:01:15,300.0,8.9,B
2021-06-21T09:01:15,20000.0,9.0,B
2021-06-21T09:01:14,2000.0,8.9,B
2021-06-21T09:01:12,200.0,8.9,B
2021-06-21T09:01:09,15000.0,8.9,S
2021-06-21T09:01:08,11300.0,8.9,B
2021-06-21T09:01:04,300.0,8.9,B
2021-06-21T09:01:01,300.0,8.9,B
2021-06-21T09:00:58,2000.0,8.9,B
2021-06-21T09:00:57,2000.0,8.9,B
2021-06-21T09:00:53,20000.0,8.9,B
2021-06-21T09:00:48,18400.0,8.8,B
2021-06-21T09:00:46,20000.0,8.8,B
2021-06-21T09:00:45,1000.0,8.7,S
2021-06-21T09:00:43,10000.0,8.8,B
2021-06-21T09:00:42,7800.0,8.7,B
2021-06-21T09:00:42,20000.0,8.7,B
2021-06-21T09:00:40,1000.0,8.7,B
2021-06-21T09:00:40,1100.0,8.6,B
2021-06-21T09:00:38,5000.0,8.7,B
2021-06-21T09:00:38,8800.0,8.6,B
2021-06-21T09:00:36,6500.0,8.6,S
2021-06-21T09:00:34,3500.0,8.6,B
2021-06-21T09:00:32,1000.0,8.6,S
2021-06-21T09:00:32,500.0,8.6,S
2021-06-21T09:00:28,500.0,8.7,B
2021-06-21T09:00:26,500.0,8.7,B
2021-06-21T09:00:26,13700.0,8.7,B
2021-06-21T09:00:22,1300.0,8.6,S
2021-06-21T09:00:10,100900.0,8.7,B
2021-06-21T09:00:09,500.0,8.5,S
2021-06-21T09:00:06,30000.0,8.6,B
2021-06-21T09:00:06,14500.0,8.6,B
2021-06-21T09:00:04,1900.0,8.6,B
2021-06-21T09:00:04,30000.0,8.6,B
2021-06-21T09:00:02,1900.0,8.5,B
2021-06-21T09:00:01,100.0,8.5,B
