tradingTime,volume,price,side
2021-06-21T14:16:38,500.0,4.54,S
2021-06-21T14:16:38,1300.0,4.52,S
2021-06-21T14:16:15,300.0,4.54,S
2021-06-21T14:14:12,1200.0,4.53,S
2021-06-21T14:14:08,1600.0,4.52,S
2021-06-21T14:13:22,3800.0,4.53,S
2021-06-21T14:11:34,500.0,4.54,S
2021-06-21T14:10:16,2700.0,4.54,B
2021-06-21T14:10:10,6800.0,4.54,B
2021-06-21T14:09:05,300.0,4.54,B
2021-06-21T14:06:53,500.0,4.53,S
2021-06-21T14:05:50,5000.0,4.53,S
2021-06-21T14:04:19,1900.0,4.53,B
2021-06-21T14:04:14,100.0,4.53,B
2021-06-21T14:03:19,4000.0,4.53,S
2021-06-21T14:02:26,6100.0,4.53,B
2021-06-21T14:00:09,900.0,4.53,S
2021-06-21T14:00:01,1000.0,4.54,B
2021-06-21T13:59:45,1000.0,4.53,S
2021-06-21T13:59:22,8100.0,4.53,B
2021-06-21T13:57:51,200.0,4.53,B
2021-06-21T13:57:51,1000.0,4.53,B
2021-06-21T13:57:38,200.0,4.53,B
2021-06-21T13:56:49,25000.0,4.53,B
2021-06-21T13:56:01,1000.0,4.52,S
2021-06-21T13:55:45,3700.0,4.53,B
2021-06-21T13:55:29,500.0,4.52,S
2021-06-21T13:54:39,300.0,4.52,S
2021-06-21T13:54:36,200.0,4.53,B
2021-06-21T13:53:34,900.0,4.52,S
2021-06-21T13:52:33,200.0,4.52,S
2021-06-21T13:52:04,100.0,4.52,S
2021-06-21T13:52:04,100.0,4.52,S
2021-06-21T13:52:04,800.0,4.52,S
2021-06-21T13:50:06,200.0,4.52,S
2021-06-21T13:49:30,200.0,4.52,S
2021-06-21T13:47:00,100.0,4.53,B
2021-06-21T13:46:58,700.0,4.52,S
2021-06-21T13:46:58,1300.0,4.52,S
2021-06-21T13:44:45,200.0,4.53,S
2021-06-21T13:44:41,100.0,4.53,S
2021-06-21T13:43:58,900.0,4.53,B
2021-06-21T13:43:33,1000.0,4.53,S
2021-06-21T13:43:02,1100.0,4.53,S
2021-06-21T13:40:08,100.0,4.54,B
2021-06-21T13:38:51,500.0,4.52,S
2021-06-21T13:37:30,100.0,4.52,S
2021-06-21T13:36:29,3700.0,4.52,S
2021-06-21T13:36:29,3100.0,4.52,S
2021-06-21T13:36:29,3400.0,4.52,S
2021-06-21T13:36:29,200.0,4.52,S
2021-06-21T13:36:27,9100.0,4.52,S
2021-06-21T13:36:26,500.0,4.54,B
2021-06-21T13:35:45,100.0,4.54,B
2021-06-21T13:32:48,200.0,4.54,B
2021-06-21T13:32:14,3000.0,4.53,S
2021-06-21T13:31:07,2000.0,4.53,S
2021-06-21T13:29:23,100.0,4.53,B
2021-06-21T13:28:25,100.0,4.53,S
2021-06-21T13:27:43,300.0,4.53,S
2021-06-21T13:27:28,100.0,4.53,S
2021-06-21T13:27:27,5000.0,4.54,B
2021-06-21T13:25:44,100.0,4.54,B
2021-06-21T13:25:08,6500.0,4.54,S
2021-06-21T13:23:01,300.0,4.54,B
2021-06-21T13:22:32,1100.0,4.54,B
2021-06-21T13:22:31,2100.0,4.54,B
2021-06-21T13:18:53,200.0,4.54,B
2021-06-21T13:18:20,1000.0,4.54,B
2021-06-21T13:17:57,15000.0,4.52,S
2021-06-21T13:16:29,400.0,4.54,B
2021-06-21T13:14:58,10000.0,4.52,S
2021-06-21T13:13:19,300.0,4.52,S
2021-06-21T13:13:19,700.0,4.53,S
2021-06-21T13:12:13,600.0,4.54,S
2021-06-21T13:10:47,1000.0,4.54,S
2021-06-21T13:09:17,100.0,4.55,S
2021-06-21T13:07:35,1500.0,4.55,S
2021-06-21T13:07:34,5000.0,4.55,S
2021-06-21T13:07:11,1000.0,4.55,S
2021-06-21T13:04:57,5000.0,4.55,S
2021-06-21T13:04:30,1600.0,4.55,S
2021-06-21T13:03:46,500.0,4.55,B
2021-06-21T13:03:28,500.0,4.55,B
2021-06-21T13:03:10,5700.0,4.55,B
2021-06-21T13:01:10,200.0,4.55,B
2021-06-21T13:00:44,100.0,4.55,B
2021-06-21T13:00:28,900.0,4.55,B
2021-06-21T11:29:05,1000.0,4.55,S
2021-06-21T11:27:30,500.0,4.55,S
2021-06-21T11:26:07,100.0,4.56,B
2021-06-21T11:24:21,100.0,4.56,B
2021-06-21T11:23:47,900.0,4.56,B
2021-06-21T11:23:26,300.0,4.56,B
2021-06-21T11:21:34,500.0,4.56,B
2021-06-21T11:14:04,23800.0,4.52,S
2021-06-21T11:13:19,6200.0,4.53,S
2021-06-21T11:13:02,100.0,4.53,S
2021-06-21T11:12:40,200.0,4.53,B
2021-06-21T11:12:33,1500.0,4.53,B
2021-06-21T11:12:05,1300.0,4.53,B
2021-06-21T11:11:24,100.0,4.53,B
2021-06-21T11:10:46,7000.0,4.53,B
2021-06-21T11:09:48,100.0,4.53,S
2021-06-21T11:09:42,3900.0,4.53,S
2021-06-21T11:09:39,900.0,4.53,S
2021-06-21T11:08:23,900.0,4.53,S
2021-06-21T11:08:23,600.0,4.53,S
2021-06-21T11:08:22,8700.0,4.53,S
2021-06-21T11:05:48,200.0,4.53,S
2021-06-21T11:03:19,100.0,4.53,B
2021-06-21T11:03:14,100.0,4.53,S
2021-06-21T11:02:13,300.0,4.53,B
2021-06-21T11:01:43,300.0,4.53,S
2021-06-21T11:01:43,1500.0,4.53,S
2021-06-21T11:01:42,17900.0,4.53,S
2021-06-21T11:01:15,400.0,4.55,S
2021-06-21T11:00:50,100.0,4.55,S
2021-06-21T11:00:31,100.0,4.55,S
2021-06-21T11:00:28,300.0,4.55,S
2021-06-21T10:59:29,500.0,4.55,S
2021-06-21T10:59:05,1000.0,4.55,S
2021-06-21T10:57:34,1000.0,4.55,S
2021-06-21T10:57:14,900.0,4.56,B
2021-06-21T10:57:09,1000.0,4.56,B
2021-06-21T10:56:42,100.0,4.56,B
2021-06-21T10:56:31,500.0,4.57,B
2021-06-21T10:56:25,500.0,4.57,B
2021-06-21T10:53:59,10000.0,4.57,B
2021-06-21T10:53:01,500.0,4.55,S
2021-06-21T10:51:06,700.0,4.55,B
2021-06-21T10:50:58,500.0,4.54,S
2021-06-21T10:50:55,2300.0,4.54,S
2021-06-21T10:50:07,1000.0,4.55,B
2021-06-21T10:49:32,3300.0,4.55,S
2021-06-21T10:46:11,20000.0,4.55,S
2021-06-21T10:46:08,100.0,4.57,B
2021-06-21T10:44:19,4600.0,4.57,B
2021-06-21T10:42:31,100.0,4.57,B
2021-06-21T10:40:53,300.0,4.56,S
2021-06-21T10:40:31,2500.0,4.56,S
2021-06-21T10:39:56,200.0,4.56,B
2021-06-21T10:39:51,1000.0,4.56,B
2021-06-21T10:39:20,1000.0,4.56,B
2021-06-21T10:38:46,1200.0,4.55,S
2021-06-21T10:38:42,1200.0,4.55,S
2021-06-21T10:37:08,300.0,4.55,S
2021-06-21T10:37:05,3100.0,4.56,B
2021-06-21T10:37:00,500.0,4.55,S
2021-06-21T10:36:28,100.0,4.56,B
2021-06-21T10:35:10,600.0,4.56,B
2021-06-21T10:33:50,1000.0,4.56,B
2021-06-21T10:32:27,100.0,4.55,S
2021-06-21T10:30:44,2400.0,4.57,S
2021-06-21T10:30:16,100.0,4.57,S
2021-06-21T10:29:45,200.0,4.57,S
2021-06-21T10:28:53,5000.0,4.57,S
2021-06-21T10:27:05,3500.0,4.59,B
2021-06-21T10:26:53,2300.0,4.55,S
2021-06-21T10:26:43,200.0,4.59,B
2021-06-21T10:23:53,10000.0,4.59,B
2021-06-21T10:23:49,200.0,4.57,B
2021-06-21T10:22:51,100.0,4.56,S
2021-06-21T10:22:26,2000.0,4.57,B
2021-06-21T10:18:20,500.0,4.57,B
2021-06-21T10:17:09,400.0,4.57,B
2021-06-21T10:16:30,15000.0,4.56,S
2021-06-21T10:16:12,1000.0,4.57,B
2021-06-21T10:13:29,7200.0,4.57,S
2021-06-21T10:11:45,600.0,4.58,B
2021-06-21T10:11:45,1400.0,4.58,B
2021-06-21T10:11:34,500.0,4.57,B
2021-06-21T10:10:34,100.0,4.57,B
2021-06-21T10:10:28,400.0,4.57,B
2021-06-21T10:09:28,200.0,4.57,B
2021-06-21T10:09:17,100.0,4.57,B
2021-06-21T10:09:05,200.0,4.57,B
2021-06-21T10:09:02,1000.0,4.57,B
2021-06-21T10:07:11,4000.0,4.56,B
2021-06-21T10:07:11,2000.0,4.56,B
2021-06-21T10:07:10,3900.0,4.56,B
2021-06-21T10:06:43,8200.0,4.56,B
2021-06-21T10:06:23,800.0,4.55,S
2021-06-21T10:06:04,100.0,4.56,B
2021-06-21T10:05:57,6100.0,4.56,B
2021-06-21T10:05:16,1800.0,4.56,B
2021-06-21T10:04:27,300.0,4.56,B
2021-06-21T10:04:22,500.0,4.56,B
2021-06-21T10:04:12,1000.0,4.56,B
2021-06-21T09:59:56,600.0,4.56,B
2021-06-21T09:59:04,800.0,4.53,S
2021-06-21T09:58:09,2000.0,4.53,S
2021-06-21T09:57:43,100.0,4.55,S
2021-06-21T09:57:14,100.0,4.55,S
2021-06-21T09:56:29,900.0,4.53,S
2021-06-21T09:56:04,2100.0,4.53,S
2021-06-21T09:54:52,1000.0,4.52,S
2021-06-21T09:52:52,100.0,4.52,S
2021-06-21T09:52:19,3200.0,4.52,B
2021-06-21T09:52:15,700.0,4.52,B
2021-06-21T09:52:05,900.0,4.52,B
2021-06-21T09:51:57,300.0,4.52,B
2021-06-21T09:51:50,1900.0,4.51,S
2021-06-21T09:48:51,1000.0,4.51,S
2021-06-21T09:48:31,10000.0,4.52,B
2021-06-21T09:48:05,500.0,4.52,B
2021-06-21T09:48:02,200.0,4.52,B
2021-06-21T09:46:39,2400.0,4.52,S
2021-06-21T09:45:56,2600.0,4.53,S
2021-06-21T09:45:09,1000.0,4.53,S
2021-06-21T09:44:52,200.0,4.56,B
2021-06-21T09:44:10,10000.0,4.53,S
2021-06-21T09:43:12,2000.0,4.55,S
2021-06-21T09:42:21,3700.0,4.55,B
2021-06-21T09:42:20,100.0,4.55,B
2021-06-21T09:41:51,500.0,4.55,B
2021-06-21T09:40:54,3300.0,4.55,B
2021-06-21T09:40:28,300.0,4.55,B
2021-06-21T09:40:17,100.0,4.55,B
2021-06-21T09:38:44,800.0,4.55,S
2021-06-21T09:38:44,2100.0,4.55,S
2021-06-21T09:38:44,3400.0,4.55,S
2021-06-21T09:38:05,1200.0,4.58,S
2021-06-21T09:37:37,200.0,4.56,S
2021-06-21T09:37:32,800.0,4.59,B
2021-06-21T09:37:10,500.0,4.59,S
2021-06-21T09:36:06,100.0,4.59,S
2021-06-21T09:33:43,200.0,4.59,S
2021-06-21T09:33:23,700.0,4.59,S
2021-06-21T09:31:45,2000.0,4.59,S
2021-06-21T09:31:44,300.0,4.59,S
2021-06-21T09:30:06,200.0,4.59,B
2021-06-21T09:29:28,1000.0,4.59,B
2021-06-21T09:28:33,200.0,4.59,B
2021-06-21T09:27:33,7500.0,4.59,B
2021-06-21T09:27:06,4000.0,4.59,B
2021-06-21T09:25:21,300.0,4.59,B
2021-06-21T09:24:41,900.0,4.59,B
2021-06-21T09:24:22,400.0,4.59,B
2021-06-21T09:23:57,400.0,4.59,B
2021-06-21T09:23:23,1000.0,4.59,B
2021-06-21T09:23:21,7100.0,4.59,B
2021-06-21T09:23:21,2900.0,4.59,B
2021-06-21T09:22:18,3000.0,4.59,B
2021-06-21T09:22:02,700.0,4.56,S
2021-06-21T09:19:02,400.0,4.59,B
2021-06-21T09:17:41,2100.0,4.59,B
2021-06-21T09:16:04,5800.0,4.59,S
