tradingTime,volume,price,side
2021-06-21T14:22:10,100.0,7.58,B
2021-06-21T14:21:19,200.0,7.58,B
2021-06-21T14:21:18,10000.0,7.57,S
2021-06-21T14:21:14,3000.0,7.58,B
2021-06-21T14:21:12,8500.0,7.57,S
2021-06-21T14:21:08,4000.0,7.57,S
2021-06-21T14:20:59,300.0,7.57,S
2021-06-21T14:20:56,300.0,7.58,B
2021-06-21T14:20:44,10000.0,7.57,S
2021-06-21T14:20:37,200.0,7.58,B
2021-06-21T14:20:33,9000.0,7.58,B
2021-06-21T14:20:32,200.0,7.58,B
2021-06-21T14:20:22,500.0,7.58,B
2021-06-21T14:20:18,1600.0,7.58,B
2021-06-21T14:20:11,2000.0,7.57,S
2021-06-21T14:19:58,3000.0,7.58,B
2021-06-21T14:19:23,1600.0,7.58,B
2021-06-21T14:19:13,10000.0,7.57,S
2021-06-21T14:19:07,100.0,7.58,B
2021-06-21T14:18:10,2600.0,7.58,B
2021-06-21T14:18:05,100.0,7.57,S
2021-06-21T14:17:44,2000.0,7.57,S
2021-06-21T14:17:40,5000.0,7.57,S
2021-06-21T14:17:33,1500.0,7.57,S
2021-06-21T14:17:13,300.0,7.58,B
2021-06-21T14:17:11,2800.0,7.57,S
2021-06-21T14:16:59,100.0,7.57,S
2021-06-21T14:16:31,300.0,7.58,B
2021-06-21T14:16:13,1000.0,7.58,S
2021-06-21T14:15:35,1000.0,7.58,S
2021-06-21T14:14:53,4900.0,7.58,S
2021-06-21T14:14:44,7500.0,7.58,S
2021-06-21T14:14:36,100.0,7.57,S
2021-06-21T14:14:17,1300.0,7.58,S
2021-06-21T14:14:00,1400.0,7.57,S
2021-06-21T14:14:00,8600.0,7.58,S
2021-06-21T14:13:58,11900.0,7.58,S
2021-06-21T14:13:05,8500.0,7.58,S
2021-06-21T14:13:04,400.0,7.58,S
2021-06-21T14:12:50,17000.0,7.58,S
2021-06-21T14:12:36,14100.0,7.58,S
2021-06-21T14:12:11,500.0,7.59,B
2021-06-21T14:11:23,2000.0,7.59,B
2021-06-21T14:10:15,200.0,7.59,B
2021-06-21T14:10:13,700.0,7.57,S
2021-06-21T14:10:02,1000.0,7.59,B
2021-06-21T14:10:02,1000.0,7.58,B
2021-06-21T14:09:26,300.0,7.59,B
2021-06-21T14:09:14,20000.0,7.57,S
2021-06-21T14:08:53,5000.0,7.58,S
2021-06-21T14:08:45,1100.0,7.59,B
2021-06-21T14:08:45,100.0,7.59,B
2021-06-21T14:08:44,400.0,7.59,B
2021-06-21T14:08:39,1500.0,7.59,B
2021-06-21T14:08:11,10000.0,7.59,B
2021-06-21T14:08:08,10000.0,7.58,S
2021-06-21T14:07:56,100.0,7.59,B
2021-06-21T14:07:27,1300.0,7.58,S
2021-06-21T14:07:23,300.0,7.58,S
2021-06-21T14:06:31,7000.0,7.58,S
2021-06-21T14:05:55,100.0,7.58,B
2021-06-21T14:05:52,1200.0,7.58,B
2021-06-21T14:05:52,2000.0,7.58,B
2021-06-21T14:05:52,3000.0,7.58,B
2021-06-21T14:05:43,100.0,7.58,B
2021-06-21T14:05:28,13700.0,7.57,S
2021-06-21T14:05:18,100.0,7.57,S
2021-06-21T14:04:35,200.0,7.57,S
2021-06-21T14:04:10,500.0,7.57,S
2021-06-21T14:03:19,7500.0,7.56,S
2021-06-21T14:02:57,100.0,7.57,B
2021-06-21T14:02:54,2000.0,7.58,B
2021-06-21T14:02:53,2000.0,7.57,B
2021-06-21T14:02:50,12000.0,7.57,B
2021-06-21T14:02:42,100.0,7.57,B
2021-06-21T14:02:34,26200.0,7.57,B
2021-06-21T14:02:06,200.0,7.56,S
2021-06-21T14:01:52,12600.0,7.57,B
2021-06-21T14:01:34,5000.0,7.56,S
2021-06-21T14:01:22,500.0,7.56,S
2021-06-21T14:01:04,200.0,7.56,S
2021-06-21T14:00:43,100.0,7.57,B
2021-06-21T14:00:01,300.0,7.56,S
2021-06-21T13:58:35,10000.0,7.56,S
2021-06-21T13:58:30,5000.0,7.57,B
2021-06-21T13:58:22,10000.0,7.57,B
2021-06-21T13:58:02,10000.0,7.56,S
2021-06-21T13:57:54,2000.0,7.57,B
2021-06-21T13:57:49,100.0,7.56,S
2021-06-21T13:57:41,3000.0,7.57,B
2021-06-21T13:57:18,400.0,7.56,S
2021-06-21T13:57:02,5400.0,7.56,S
2021-06-21T13:56:59,100.0,7.57,B
2021-06-21T13:56:11,200.0,7.57,B
2021-06-21T13:56:11,4800.0,7.56,S
2021-06-21T13:56:01,500.0,7.56,S
2021-06-21T13:55:55,600.0,7.56,S
2021-06-21T13:55:52,1000.0,7.56,S
2021-06-21T13:55:07,5000.0,7.56,S
2021-06-21T13:54:52,4400.0,7.56,S
2021-06-21T13:54:52,1000.0,7.56,S
2021-06-21T13:54:52,1000.0,7.56,S
2021-06-21T13:54:52,40000.0,7.56,S
2021-06-21T13:54:52,300.0,7.56,S
2021-06-21T13:54:52,3300.0,7.56,S
2021-06-21T13:54:41,2000.0,7.57,B
2021-06-21T13:54:33,300.0,7.57,B
2021-06-21T13:54:28,1500.0,7.56,S
2021-06-21T13:54:27,100.0,7.57,S
2021-06-21T13:54:23,3000.0,7.57,S
2021-06-21T13:54:22,500.0,7.57,S
2021-06-21T13:54:19,100.0,7.57,S
2021-06-21T13:54:14,20000.0,7.57,S
2021-06-21T13:53:49,2000.0,7.57,S
2021-06-21T13:53:44,27900.0,7.57,B
2021-06-21T13:52:44,1200.0,7.57,B
2021-06-21T13:52:15,500.0,7.56,S
2021-06-21T13:52:04,800.0,7.57,S
2021-06-21T13:51:33,100.0,7.56,S
2021-06-21T13:51:30,1000.0,7.57,B
2021-06-21T13:51:24,10000.0,7.56,S
2021-06-21T13:51:13,1000.0,7.56,S
2021-06-21T13:51:00,600.0,7.57,B
2021-06-21T13:50:21,100.0,7.56,S
2021-06-21T13:49:56,2000.0,7.57,B
2021-06-21T13:49:42,1000.0,7.57,B
2021-06-21T13:49:41,500.0,7.56,S
2021-06-21T13:49:37,5500.0,7.56,S
2021-06-21T13:49:23,600.0,7.56,S
2021-06-21T13:49:10,1000.0,7.56,S
2021-06-21T13:49:02,100.0,7.56,S
2021-06-21T13:48:34,3000.0,7.55,S
2021-06-21T13:48:32,13400.0,7.55,S
2021-06-21T13:48:32,16600.0,7.56,S
2021-06-21T13:48:21,11200.0,7.56,B
2021-06-21T13:48:02,61300.0,7.56,B
2021-06-21T13:47:43,100.0,7.55,S
2021-06-21T13:47:26,100.0,7.56,B
2021-06-21T13:47:20,5000.0,7.56,S
2021-06-21T13:47:19,20000.0,7.55,S
2021-06-21T13:47:17,500.0,7.56,S
2021-06-21T13:47:11,100.0,7.56,S
2021-06-21T13:47:01,300.0,7.56,S
2021-06-21T13:47:00,19300.0,7.56,S
2021-06-21T13:46:42,1000.0,7.56,S
2021-06-21T13:46:04,10000.0,7.56,S
2021-06-21T13:45:58,1200.0,7.56,S
2021-06-21T13:45:41,3700.0,7.57,B
2021-06-21T13:45:08,5700.0,7.56,S
2021-06-21T13:44:43,1400.0,7.56,S
2021-06-21T13:44:17,400.0,7.57,B
2021-06-21T13:44:07,100.0,7.56,S
2021-06-21T13:43:56,1800.0,7.57,B
2021-06-21T13:43:48,1600.0,7.57,B
2021-06-21T13:43:38,7600.0,7.56,S
2021-06-21T13:43:38,11000.0,7.56,S
2021-06-21T13:43:38,9500.0,7.56,S
2021-06-21T13:43:38,1100.0,7.56,S
2021-06-21T13:43:38,5800.0,7.57,S
2021-06-21T13:43:33,2000.0,7.57,S
2021-06-21T13:43:11,500.0,7.58,B
2021-06-21T13:43:11,300.0,7.58,B
2021-06-21T13:43:00,1000.0,7.57,S
2021-06-21T13:42:50,5000.0,7.58,B
2021-06-21T13:42:09,300.0,7.58,B
2021-06-21T13:41:45,600.0,7.58,S
2021-06-21T13:41:41,3000.0,7.58,S
2021-06-21T13:41:37,300.0,7.59,B
2021-06-21T13:41:17,500.0,7.59,S
2021-06-21T13:41:05,1000.0,7.59,S
2021-06-21T13:41:05,8900.0,7.59,S
2021-06-21T13:41:00,3000.0,7.59,S
2021-06-21T13:40:37,100.0,7.59,S
2021-06-21T13:40:15,400.0,7.6,B
2021-06-21T13:40:05,3000.0,7.59,S
2021-06-21T13:40:00,500.0,7.6,B
2021-06-21T13:39:53,1000.0,7.6,B
2021-06-21T13:39:49,100.0,7.6,B
2021-06-21T13:39:43,25000.0,7.6,B
2021-06-21T13:39:39,300.0,7.6,B
2021-06-21T13:39:27,2900.0,7.6,S
2021-06-21T13:39:26,14100.0,7.6,S
2021-06-21T13:39:20,400.0,7.61,B
2021-06-21T13:39:19,5000.0,7.61,B
2021-06-21T13:38:50,2300.0,7.6,S
2021-06-21T13:38:41,1000.0,7.61,B
2021-06-21T13:38:40,2000.0,7.6,S
2021-06-21T13:38:40,1000.0,7.6,S
2021-06-21T13:38:40,9000.0,7.6,S
2021-06-21T13:38:15,1000.0,7.6,S
2021-06-21T13:38:13,10000.0,7.6,S
2021-06-21T13:38:13,1500.0,7.61,B
2021-06-21T13:38:08,3200.0,7.61,B
2021-06-21T13:38:05,4000.0,7.6,S
2021-06-21T13:38:04,100.0,7.6,S
2021-06-21T13:38:02,11000.0,7.6,S
2021-06-21T13:38:02,3600.0,7.6,S
2021-06-21T13:38:02,1100.0,7.6,S
2021-06-21T13:38:02,200.0,7.6,S
2021-06-21T13:37:46,1000.0,7.6,S
2021-06-21T13:37:46,300.0,7.61,B
2021-06-21T13:37:21,100.0,7.6,S
2021-06-21T13:37:17,1100.0,7.61,B
2021-06-21T13:37:17,900.0,7.61,B
2021-06-21T13:36:52,400.0,7.61,B
2021-06-21T13:36:38,400.0,7.6,S
2021-06-21T13:36:36,8200.0,7.61,B
2021-06-21T13:36:32,500.0,7.61,B
2021-06-21T13:36:29,300.0,7.6,S
2021-06-21T13:35:54,500.0,7.6,B
2021-06-21T13:35:54,23100.0,7.6,B
2021-06-21T13:35:52,2300.0,7.6,B
2021-06-21T13:35:52,3700.0,7.6,B
2021-06-21T13:35:49,1000.0,7.6,B
2021-06-21T13:35:46,600.0,7.6,B
2021-06-21T13:35:46,1400.0,7.6,B
2021-06-21T13:35:46,3000.0,7.6,B
2021-06-21T13:35:29,200.0,7.6,B
2021-06-21T13:35:13,1600.0,7.6,B
2021-06-21T13:35:12,2200.0,7.6,B
2021-06-21T13:35:12,2000.0,7.6,B
2021-06-21T13:35:12,2000.0,7.6,B
2021-06-21T13:35:12,2000.0,7.6,B
2021-06-21T13:35:12,28100.0,7.6,B
2021-06-21T13:35:12,4000.0,7.6,B
2021-06-21T13:35:12,10300.0,7.6,B
2021-06-21T13:35:12,5100.0,7.6,B
2021-06-21T13:35:12,2000.0,7.6,B
2021-06-21T13:35:12,5100.0,7.6,B
2021-06-21T13:35:12,6000.0,7.6,B
2021-06-21T13:35:12,100.0,7.6,B
2021-06-21T13:35:12,1600.0,7.6,B
2021-06-21T13:35:12,4700.0,7.6,B
2021-06-21T13:35:12,50200.0,7.6,B
2021-06-21T13:35:11,6400.0,7.6,B
2021-06-21T13:35:06,100.0,7.59,B
2021-06-21T13:34:56,1400.0,7.59,B
2021-06-21T13:34:55,1000.0,7.59,B
2021-06-21T13:34:41,200.0,7.59,B
2021-06-21T13:34:31,200.0,7.59,B
2021-06-21T13:34:30,1000.0,7.58,S
2021-06-21T13:34:28,1100.0,7.59,B
2021-06-21T13:34:28,1000.0,7.59,B
2021-06-21T13:34:28,4900.0,7.59,B
2021-06-21T13:34:01,300.0,7.59,B
2021-06-21T13:33:48,100.0,7.59,B
2021-06-21T13:33:43,100.0,7.58,S
2021-06-21T13:33:39,4900.0,7.59,B
2021-06-21T13:33:35,900.0,7.59,B
2021-06-21T13:33:28,300.0,7.59,B
2021-06-21T13:33:17,100.0,7.58,B
2021-06-21T13:33:13,5900.0,7.59,B
2021-06-21T13:33:13,600.0,7.58,B
2021-06-21T13:32:58,3000.0,7.57,S
2021-06-21T13:32:53,2400.0,7.58,B
2021-06-21T13:32:26,3300.0,7.57,B
2021-06-21T13:32:16,1000.0,7.56,S
2021-06-21T13:32:13,5000.0,7.56,S
2021-06-21T13:32:10,2000.0,7.56,S
2021-06-21T13:32:01,1000.0,7.58,B
2021-06-21T13:32:00,10000.0,7.58,B
2021-06-21T13:32:00,500.0,7.56,S
2021-06-21T13:31:23,1500.0,7.56,S
2021-06-21T13:31:18,100.0,7.56,S
2021-06-21T13:31:05,200.0,7.56,B
2021-06-21T13:30:57,300.0,7.55,S
2021-06-21T13:30:42,9000.0,7.55,B
2021-06-21T13:30:39,1000.0,7.55,B
2021-06-21T13:30:37,1300.0,7.55,B
2021-06-21T13:30:37,700.0,7.55,B
2021-06-21T13:30:34,500.0,7.55,B
2021-06-21T13:30:31,20800.0,7.55,B
2021-06-21T13:30:31,7000.0,7.55,B
2021-06-21T13:30:29,1700.0,7.55,B
2021-06-21T13:30:29,5000.0,7.55,B
2021-06-21T13:30:19,100.0,7.55,B
2021-06-21T13:30:14,200.0,7.55,B
2021-06-21T13:30:12,1000.0,7.55,B
2021-06-21T13:30:09,1000.0,7.55,B
2021-06-21T13:30:09,1800.0,7.54,S
2021-06-21T13:30:08,500.0,7.55,B
2021-06-21T13:30:07,100.0,7.55,B
2021-06-21T13:30:04,1000.0,7.55,B
2021-06-21T13:29:59,1000.0,7.55,B
2021-06-21T13:29:35,6000.0,7.55,B
2021-06-21T13:28:48,3700.0,7.54,B
2021-06-21T13:28:41,500.0,7.54,B
2021-06-21T13:28:41,5000.0,7.54,B
2021-06-21T13:28:29,100.0,7.54,B
2021-06-21T13:28:19,1000.0,7.54,B
2021-06-21T13:28:11,700.0,7.53,B
2021-06-21T13:28:08,10000.0,7.53,B
2021-06-21T13:28:05,5000.0,7.53,B
2021-06-21T13:27:59,500.0,7.53,B
2021-06-21T13:27:53,2200.0,7.52,S
2021-06-21T13:27:46,200.0,7.53,B
2021-06-21T13:27:22,19900.0,7.52,B
2021-06-21T13:27:22,100.0,7.52,B
2021-06-21T13:27:06,100.0,7.52,B
2021-06-21T13:27:05,100.0,7.52,B
2021-06-21T13:26:58,100.0,7.52,B
2021-06-21T13:26:38,500.0,7.52,B
2021-06-21T13:26:36,1000.0,7.52,B
2021-06-21T13:26:24,1000.0,7.52,B
2021-06-21T13:25:57,2500.0,7.52,B
2021-06-21T13:25:57,7500.0,7.52,B
2021-06-21T13:25:39,2200.0,7.5,B
2021-06-21T13:25:37,200.0,7.5,B
2021-06-21T13:25:35,300.0,7.49,S
2021-06-21T13:25:31,2000.0,7.49,B
2021-06-21T13:25:29,9700.0,7.49,B
2021-06-21T13:25:29,10300.0,7.49,B
2021-06-21T13:25:29,7600.0,7.5,B
2021-06-21T13:25:29,9500.0,7.5,B
2021-06-21T13:25:29,5700.0,7.5,B
2021-06-21T13:25:29,2500.0,7.5,B
2021-06-21T13:25:29,22700.0,7.5,B
2021-06-21T13:25:20,200.0,7.5,B
2021-06-21T13:25:17,4000.0,7.5,B
2021-06-21T13:25:11,100.0,7.49,B
2021-06-21T13:25:05,1000.0,7.5,B
2021-06-21T13:25:04,8200.0,7.49,B
2021-06-21T13:24:58,1400.0,7.5,B
2021-06-21T13:24:48,1100.0,7.49,B
2021-06-21T13:24:36,1900.0,7.49,B
2021-06-21T13:24:27,10000.0,7.49,B
2021-06-21T13:24:15,300.0,7.49,B
2021-06-21T13:24:09,3000.0,7.49,B
2021-06-21T13:24:00,800.0,7.5,B
2021-06-21T13:23:58,9200.0,7.5,B
2021-06-21T13:23:56,2000.0,7.49,B
2021-06-21T13:23:56,500.0,7.49,B
2021-06-21T13:23:54,1000.0,7.49,B
2021-06-21T13:23:53,500.0,7.49,B
2021-06-21T13:23:51,2000.0,7.49,B
2021-06-21T13:23:51,1000.0,7.49,B
2021-06-21T13:23:42,200.0,7.49,B
2021-06-21T13:23:30,30000.0,7.5,B
2021-06-21T13:23:25,500.0,7.49,B
2021-06-21T13:23:23,4000.0,7.49,B
2021-06-21T13:23:13,2000.0,7.48,S
2021-06-21T13:23:09,3000.0,7.48,S
2021-06-21T13:23:09,400.0,7.5,B
2021-06-21T13:23:09,4600.0,7.49,B
2021-06-21T13:23:01,100.0,7.49,B
2021-06-21T13:23:00,1500.0,7.49,B
2021-06-21T13:22:58,5000.0,7.48,S
2021-06-21T13:22:52,100.0,7.49,B
2021-06-21T13:22:50,3000.0,7.49,B
2021-06-21T13:22:49,1000.0,7.48,S
2021-06-21T13:22:47,200.0,7.48,S
2021-06-21T13:22:46,3000.0,7.49,B
2021-06-21T13:22:44,1000.0,7.49,B
2021-06-21T13:22:44,3000.0,7.48,S
2021-06-21T13:22:44,400.0,7.48,S
2021-06-21T13:22:44,100.0,7.48,S
2021-06-21T13:22:44,1000.0,7.48,S
2021-06-21T13:22:44,2000.0,7.48,S
2021-06-21T13:22:41,1000.0,7.49,B
2021-06-21T13:22:40,200.0,7.49,B
2021-06-21T13:22:39,1200.0,7.49,B
2021-06-21T13:22:33,100.0,7.49,B
2021-06-21T13:22:31,1500.0,7.49,B
2021-06-21T13:22:29,300.0,7.49,B
2021-06-21T13:22:20,100.0,7.49,B
2021-06-21T13:22:20,5000.0,7.49,B
2021-06-21T13:22:17,2200.0,7.49,B
2021-06-21T13:22:16,3000.0,7.49,B
2021-06-21T13:22:15,5000.0,7.5,B
2021-06-21T13:22:14,100.0,7.5,B
2021-06-21T13:22:12,1000.0,7.5,B
2021-06-21T13:22:09,100.0,7.49,B
2021-06-21T13:22:00,4700.0,7.5,B
2021-06-21T13:21:54,700.0,7.49,B
2021-06-21T13:21:46,3000.0,7.48,S
2021-06-21T13:21:41,2000.0,7.5,B
2021-06-21T13:21:41,2000.0,7.49,B
2021-06-21T13:21:34,10000.0,7.5,B
2021-06-21T13:21:33,100.0,7.48,S
2021-06-21T13:21:32,10000.0,7.5,B
2021-06-21T13:21:31,20000.0,7.5,B
2021-06-21T13:21:30,1400.0,7.48,S
2021-06-21T13:21:27,2300.0,7.48,S
2021-06-21T13:21:26,1000.0,7.48,S
2021-06-21T13:21:26,400.0,7.49,B
2021-06-21T13:21:16,800.0,7.48,S
2021-06-21T13:21:16,6000.0,7.48,S
2021-06-21T13:21:16,3200.0,7.49,B
2021-06-21T13:21:15,1800.0,7.49,B
2021-06-21T13:21:09,1000.0,7.49,S
2021-06-21T13:21:06,2000.0,7.48,S
2021-06-21T13:21:03,1700.0,7.49,S
2021-06-21T13:20:43,100.0,7.49,S
2021-06-21T13:20:36,100.0,7.49,S
2021-06-21T13:20:29,100.0,7.49,S
2021-06-21T13:20:28,600.0,7.49,S
2021-06-21T13:20:25,100.0,7.49,S
2021-06-21T13:20:18,1000.0,7.49,S
2021-06-21T13:20:10,300.0,7.49,S
2021-06-21T13:20:10,200.0,7.49,S
2021-06-21T13:20:09,1000.0,7.49,S
2021-06-21T13:20:08,100.0,7.49,S
2021-06-21T13:20:04,700.0,7.5,S
2021-06-21T13:20:04,200.0,7.5,S
2021-06-21T13:20:03,200.0,7.5,S
2021-06-21T13:19:53,6100.0,7.49,S
2021-06-21T13:19:45,2100.0,7.5,S
2021-06-21T13:19:29,10000.0,7.5,S
2021-06-21T13:19:21,300.0,7.5,S
2021-06-21T13:19:16,500.0,7.5,S
2021-06-21T13:19:08,1000.0,7.5,S
2021-06-21T13:19:04,100.0,7.49,S
2021-06-21T13:19:02,1000.0,7.5,S
2021-06-21T13:18:40,3000.0,7.5,S
2021-06-21T13:18:35,1000.0,7.5,S
2021-06-21T13:18:22,3200.0,7.5,S
2021-06-21T13:18:05,1000.0,7.5,S
2021-06-21T13:18:04,1000.0,7.5,S
2021-06-21T13:17:50,2300.0,7.5,S
2021-06-21T13:17:50,100.0,7.5,S
2021-06-21T13:17:38,10000.0,7.5,S
2021-06-21T13:17:35,1300.0,7.5,S
2021-06-21T13:17:34,100.0,7.5,S
2021-06-21T13:17:29,200.0,7.5,S
2021-06-21T13:17:27,100.0,7.5,S
2021-06-21T13:17:26,500.0,7.5,S
2021-06-21T13:17:23,5000.0,7.5,S
2021-06-21T13:17:20,500.0,7.5,S
2021-06-21T13:17:19,1000.0,7.49,S
2021-06-21T13:17:10,1300.0,7.5,S
2021-06-21T13:17:10,8700.0,7.5,S
2021-06-21T13:17:10,1000.0,7.5,S
2021-06-21T13:17:10,5000.0,7.5,S
2021-06-21T13:17:10,2300.0,7.5,S
2021-06-21T13:17:10,2000.0,7.5,S
2021-06-21T13:17:10,2900.0,7.5,S
2021-06-21T13:17:06,200.0,7.51,S
2021-06-21T13:17:03,1000.0,7.5,S
2021-06-21T13:16:59,2100.0,7.5,S
2021-06-21T13:16:58,500.0,7.5,S
2021-06-21T13:16:51,1600.0,7.5,S
2021-06-21T13:16:51,28400.0,7.5,S
2021-06-21T13:16:50,1000.0,7.5,S
2021-06-21T13:16:46,600.0,7.5,S
2021-06-21T13:16:43,2000.0,7.5,S
2021-06-21T13:16:43,3200.0,7.5,S
2021-06-21T13:16:43,200.0,7.5,S
2021-06-21T13:16:43,5800.0,7.5,S
2021-06-21T13:16:43,1100.0,7.5,S
2021-06-21T13:16:43,1500.0,7.5,S
2021-06-21T13:16:43,500.0,7.5,S
2021-06-21T13:16:43,2500.0,7.5,S
2021-06-21T13:16:43,1500.0,7.5,S
2021-06-21T13:16:43,100.0,7.5,S
2021-06-21T13:16:43,13900.0,7.5,S
2021-06-21T13:16:43,2500.0,7.5,S
2021-06-21T13:16:43,100.0,7.5,S
2021-06-21T13:16:43,200.0,7.5,S
2021-06-21T13:16:43,200.0,7.5,S
2021-06-21T13:16:43,200.0,7.5,S
2021-06-21T13:16:43,1900.0,7.5,S
2021-06-21T13:16:43,800.0,7.5,S
2021-06-21T13:16:43,1200.0,7.5,S
2021-06-21T13:16:43,900.0,7.5,S
2021-06-21T13:16:42,9700.0,7.5,S
2021-06-21T13:16:40,5000.0,7.51,S
2021-06-21T13:16:39,100.0,7.51,S
2021-06-21T13:16:31,500.0,7.5,S
2021-06-21T13:16:23,1000.0,7.5,S
2021-06-21T13:16:18,500.0,7.5,S
2021-06-21T13:16:14,1000.0,7.5,S
2021-06-21T13:16:10,1700.0,7.5,S
2021-06-21T13:15:55,5000.0,7.5,S
2021-06-21T13:15:49,500.0,7.5,S
2021-06-21T13:15:44,500.0,7.5,S
2021-06-21T13:15:44,100.0,7.5,S
2021-06-21T13:15:44,3400.0,7.5,S
2021-06-21T13:15:43,1000.0,7.51,S
2021-06-21T13:15:41,100.0,7.51,S
2021-06-21T13:15:39,5200.0,7.5,S
2021-06-21T13:15:39,3100.0,7.5,S
2021-06-21T13:15:39,2900.0,7.5,S
2021-06-21T13:15:39,10000.0,7.52,S
2021-06-21T13:15:31,5000.0,7.5,S
2021-06-21T13:15:30,6000.0,7.5,S
2021-06-21T13:15:29,200.0,7.5,S
2021-06-21T13:15:29,2800.0,7.5,S
2021-06-21T13:15:19,300.0,7.51,S
2021-06-21T13:15:19,2000.0,7.5,S
2021-06-21T13:15:19,100.0,7.5,S
2021-06-21T13:15:10,300.0,7.51,S
2021-06-21T13:14:59,2900.0,7.5,S
2021-06-21T13:14:59,1100.0,7.5,S
2021-06-21T13:14:58,6000.0,7.5,S
2021-06-21T13:14:51,3000.0,7.51,S
2021-06-21T13:14:35,400.0,7.52,S
2021-06-21T13:14:35,600.0,7.52,S
2021-06-21T13:14:30,100.0,7.52,S
2021-06-21T13:14:28,100.0,7.52,S
2021-06-21T13:14:18,100.0,7.52,S
2021-06-21T13:14:11,1000.0,7.52,S
2021-06-21T13:14:06,1000.0,7.52,S
2021-06-21T13:14:04,200.0,7.53,S
2021-06-21T13:14:02,500.0,7.5,S
2021-06-21T13:14:02,100.0,7.5,S
2021-06-21T13:14:02,19900.0,7.5,S
2021-06-21T13:14:01,20000.0,7.51,S
2021-06-21T13:14:00,1000.0,7.52,S
2021-06-21T13:14:00,1900.0,7.52,S
2021-06-21T13:14:00,3100.0,7.52,S
2021-06-21T13:13:56,1100.0,7.53,S
2021-06-21T13:13:55,2000.0,7.52,S
2021-06-21T13:13:50,200.0,7.53,S
2021-06-21T13:13:48,3000.0,7.53,S
2021-06-21T13:13:46,1500.0,7.52,S
2021-06-21T13:13:41,2000.0,7.53,S
2021-06-21T13:13:34,500.0,7.53,S
2021-06-21T13:13:21,500.0,7.52,S
2021-06-21T13:13:17,500.0,7.53,S
2021-06-21T13:13:05,1000.0,7.53,S
2021-06-21T13:12:47,200.0,7.53,S
2021-06-21T13:12:41,4000.0,7.54,B
2021-06-21T13:12:38,100.0,7.54,B
2021-06-21T13:12:34,400.0,7.53,S
2021-06-21T13:12:33,200.0,7.53,S
2021-06-21T13:12:20,100.0,7.53,S
2021-06-21T13:12:15,1100.0,7.53,S
2021-06-21T13:12:15,1200.0,7.53,S
2021-06-21T13:12:11,200.0,7.54,B
2021-06-21T13:12:09,5000.0,7.54,B
2021-06-21T13:12:00,5500.0,7.54,S
2021-06-21T13:11:56,1000.0,7.54,S
2021-06-21T13:11:55,4100.0,7.54,S
2021-06-21T13:11:55,900.0,7.54,S
2021-06-21T13:11:52,2000.0,7.55,S
2021-06-21T13:11:52,300.0,7.54,S
2021-06-21T13:11:51,100.0,7.55,S
2021-06-21T13:11:50,1000.0,7.54,S
2021-06-21T13:11:39,500.0,7.55,S
2021-06-21T13:11:37,100.0,7.55,S
2021-06-21T13:11:31,800.0,7.55,S
2021-06-21T13:11:29,1000.0,7.54,S
2021-06-21T13:11:22,1100.0,7.55,S
2021-06-21T13:11:17,500.0,7.54,S
2021-06-21T13:11:15,3000.0,7.54,S
2021-06-21T13:11:09,2000.0,7.54,S
2021-06-21T13:11:07,1000.0,7.55,S
2021-06-21T13:10:56,3000.0,7.55,S
2021-06-21T13:10:49,100.0,7.55,S
2021-06-21T13:10:36,8000.0,7.54,S
2021-06-21T13:10:31,10000.0,7.55,S
2021-06-21T13:10:20,1000.0,7.55,S
2021-06-21T13:10:16,7000.0,7.55,S
2021-06-21T13:10:12,100.0,7.55,S
2021-06-21T13:09:34,1000.0,7.55,S
2021-06-21T13:09:32,1000.0,7.55,S
2021-06-21T13:09:31,800.0,7.56,S
2021-06-21T13:09:25,4000.0,7.56,S
2021-06-21T13:09:25,15200.0,7.56,S
2021-06-21T13:09:20,100.0,7.55,S
2021-06-21T13:09:12,3000.0,7.55,S
2021-06-21T13:09:11,3800.0,7.55,S
2021-06-21T13:09:08,1000.0,7.56,S
2021-06-21T13:09:04,100.0,7.55,S
2021-06-21T13:08:56,4100.0,7.55,S
2021-06-21T13:08:56,27400.0,7.55,S
2021-06-21T13:08:56,5000.0,7.55,S
2021-06-21T13:08:56,1200.0,7.55,S
2021-06-21T13:08:56,1200.0,7.55,S
2021-06-21T13:08:56,500.0,7.55,S
2021-06-21T13:08:55,600.0,7.55,S
2021-06-21T13:08:52,1000.0,7.55,S
2021-06-21T13:08:48,3000.0,7.55,S
2021-06-21T13:08:29,900.0,7.56,S
2021-06-21T13:08:28,100.0,7.56,S
2021-06-21T13:08:23,700.0,7.55,S
2021-06-21T13:08:23,200.0,7.55,S
2021-06-21T13:08:22,1100.0,7.56,S
2021-06-21T13:08:20,700.0,7.56,S
2021-06-21T13:08:19,1000.0,7.55,S
2021-06-21T13:08:16,100.0,7.56,S
2021-06-21T13:08:16,500.0,7.56,S
2021-06-21T13:08:16,700.0,7.56,S
2021-06-21T13:08:16,2800.0,7.56,S
2021-06-21T13:08:01,3000.0,7.58,B
2021-06-21T13:07:58,2000.0,7.56,S
2021-06-21T13:07:35,14000.0,7.56,S
2021-06-21T13:06:46,200.0,7.58,S
2021-06-21T13:06:45,500.0,7.58,S
2021-06-21T13:06:38,2300.0,7.56,S
2021-06-21T13:06:38,1700.0,7.56,S
2021-06-21T13:06:38,1000.0,7.57,S
2021-06-21T13:06:30,1500.0,7.58,S
2021-06-21T13:06:17,2600.0,7.58,S
2021-06-21T13:06:17,500.0,7.58,S
2021-06-21T13:06:17,5100.0,7.58,S
2021-06-21T13:06:17,300.0,7.58,S
2021-06-21T13:06:14,300.0,7.59,B
2021-06-21T13:06:07,100.0,7.59,B
2021-06-21T13:06:03,5000.0,7.59,B
2021-06-21T13:06:00,3000.0,7.59,B
2021-06-21T13:05:51,1000.0,7.59,S
2021-06-21T13:05:28,400.0,7.59,S
2021-06-21T13:05:25,500.0,7.59,S
2021-06-21T13:05:24,500.0,7.59,S
2021-06-21T13:05:18,100.0,7.6,B
2021-06-21T13:05:10,200.0,7.6,B
2021-06-21T13:05:07,5000.0,7.59,S
2021-06-21T13:04:58,1000.0,7.59,S
2021-06-21T13:04:35,5000.0,7.59,S
2021-06-21T13:04:34,100.0,7.6,B
2021-06-21T13:04:32,200.0,7.59,S
2021-06-21T13:04:21,2000.0,7.59,S
2021-06-21T13:04:12,2500.0,7.59,S
2021-06-21T13:04:05,4500.0,7.59,S
2021-06-21T13:03:50,1500.0,7.59,S
2021-06-21T13:03:44,1400.0,7.56,S
2021-06-21T13:03:44,1500.0,7.57,S
2021-06-21T13:03:44,1400.0,7.58,S
2021-06-21T13:03:43,3700.0,7.58,S
2021-06-21T13:03:40,1000.0,7.6,S
2021-06-21T13:03:40,100.0,7.59,S
2021-06-21T13:03:36,3600.0,7.59,S
2021-06-21T13:03:33,1000.0,7.59,S
2021-06-21T13:03:32,100.0,7.59,S
2021-06-21T13:03:23,500.0,7.59,S
2021-06-21T13:03:21,100.0,7.59,S
2021-06-21T13:03:18,1900.0,7.58,S
2021-06-21T13:03:18,500.0,7.58,S
2021-06-21T13:03:18,600.0,7.58,S
2021-06-21T13:03:17,100.0,7.59,S
2021-06-21T13:03:15,300.0,7.59,S
2021-06-21T13:02:59,100.0,7.59,S
2021-06-21T13:02:53,1700.0,7.59,S
2021-06-21T13:02:48,300.0,7.6,S
2021-06-21T13:02:27,200.0,7.6,S
2021-06-21T13:02:20,500.0,7.6,S
2021-06-21T13:02:17,2000.0,7.6,S
2021-06-21T13:02:16,1000.0,7.6,S
2021-06-21T13:02:06,1300.0,7.59,S
2021-06-21T13:02:06,700.0,7.59,S
2021-06-21T13:02:01,2000.0,7.6,S
2021-06-21T13:02:00,1000.0,7.6,S
2021-06-21T13:01:59,100.0,7.6,S
2021-06-21T13:01:58,500.0,7.6,S
2021-06-21T13:01:57,500.0,7.6,S
2021-06-21T13:01:52,2000.0,7.6,S
2021-06-21T13:01:46,100.0,7.6,S
2021-06-21T13:01:42,3000.0,7.6,S
2021-06-21T13:01:35,500.0,7.6,S
2021-06-21T13:01:34,1000.0,7.6,S
2021-06-21T13:01:33,300.0,7.6,S
2021-06-21T13:01:33,200.0,7.6,S
2021-06-21T13:01:31,2000.0,7.6,S
2021-06-21T13:01:30,500.0,7.59,S
2021-06-21T13:01:28,3000.0,7.6,S
2021-06-21T13:01:25,1000.0,7.6,S
2021-06-21T13:01:23,2000.0,7.6,S
2021-06-21T13:01:19,600.0,7.6,S
2021-06-21T13:00:59,40200.0,7.6,S
2021-06-21T13:00:55,9800.0,7.6,S
2021-06-21T13:00:45,10000.0,7.6,S
2021-06-21T13:00:45,6300.0,7.6,S
2021-06-21T13:00:45,400.0,7.6,S
2021-06-21T13:00:45,1000.0,7.6,S
2021-06-21T13:00:45,5100.0,7.6,S
2021-06-21T13:00:45,10500.0,7.6,S
2021-06-21T13:00:45,1600.0,7.6,S
2021-06-21T13:00:45,300.0,7.6,S
2021-06-21T13:00:45,10500.0,7.6,S
2021-06-21T13:00:45,4100.0,7.6,S
2021-06-21T13:00:45,7300.0,7.6,S
2021-06-21T13:00:45,3100.0,7.6,S
2021-06-21T13:00:45,10000.0,7.6,S
2021-06-21T13:00:45,8000.0,7.6,S
2021-06-21T13:00:45,2100.0,7.6,S
2021-06-21T13:00:45,12900.0,7.6,S
2021-06-21T13:00:41,700.0,7.6,S
2021-06-21T13:00:37,300.0,7.6,S
2021-06-21T13:00:37,800.0,7.61,B
2021-06-21T13:00:35,3000.0,7.6,S
2021-06-21T13:00:28,100.0,7.6,S
2021-06-21T13:00:27,200.0,7.6,S
2021-06-21T13:00:23,200.0,7.6,S
2021-06-21T13:00:18,200.0,7.6,S
2021-06-21T13:00:15,10000.0,7.6,S
2021-06-21T13:00:15,4000.0,7.6,S
2021-06-21T13:00:09,500.0,7.6,S
2021-06-21T13:00:09,3700.0,7.6,S
2021-06-21T13:00:09,5000.0,7.6,S
2021-06-21T13:00:09,100.0,7.6,S
2021-06-21T13:00:09,10000.0,7.6,S
2021-06-21T13:00:09,1000.0,7.6,S
2021-06-21T13:00:09,1100.0,7.6,S
2021-06-21T13:00:09,1700.0,7.6,S
2021-06-21T13:00:09,4000.0,7.6,S
2021-06-21T13:00:09,5900.0,7.6,S
2021-06-21T13:00:09,5400.0,7.6,S
2021-06-21T13:00:09,6000.0,7.6,S
2021-06-21T13:00:09,2200.0,7.6,S
2021-06-21T13:00:09,7100.0,7.6,S
2021-06-21T13:00:09,6300.0,7.6,S
2021-06-21T13:00:09,5000.0,7.6,S
2021-06-21T13:00:09,1000.0,7.6,S
2021-06-21T13:00:09,5500.0,7.6,S
2021-06-21T13:00:09,10000.0,7.6,S
2021-06-21T13:00:09,5100.0,7.6,S
2021-06-21T13:00:09,300.0,7.6,S
2021-06-21T11:30:11,20000.0,7.6,S
2021-06-21T11:30:05,500.0,7.61,S
2021-06-21T11:30:05,3500.0,7.61,S
2021-06-21T11:29:57,1500.0,7.61,S
2021-06-21T11:29:57,500.0,7.61,S
2021-06-21T11:29:43,5000.0,7.6,S
2021-06-21T11:29:28,2000.0,7.61,S
2021-06-21T11:29:15,10400.0,7.6,S
2021-06-21T11:29:15,1200.0,7.6,S
2021-06-21T11:29:15,4700.0,7.6,S
2021-06-21T11:29:15,6800.0,7.6,S
2021-06-21T11:29:15,10500.0,7.6,S
2021-06-21T11:29:15,4200.0,7.6,S
2021-06-21T11:29:15,300.0,7.6,S
2021-06-21T11:29:15,1500.0,7.6,S
2021-06-21T11:29:15,2100.0,7.6,S
2021-06-21T11:29:15,2000.0,7.6,S
2021-06-21T11:29:15,1500.0,7.6,S
2021-06-21T11:29:13,4800.0,7.61,S
2021-06-21T11:29:07,1000.0,7.62,S
2021-06-21T11:29:03,11200.0,7.61,S
2021-06-21T11:29:03,6100.0,7.61,S
2021-06-21T11:29:03,1000.0,7.61,S
2021-06-21T11:29:03,2700.0,7.61,S
2021-06-21T11:29:03,15000.0,7.61,S
2021-06-21T11:29:03,700.0,7.61,S
2021-06-21T11:29:03,1200.0,7.61,S
2021-06-21T11:29:03,100.0,7.61,S
2021-06-21T11:29:01,12000.0,7.61,S
2021-06-21T11:29:01,41300.0,7.62,S
2021-06-21T11:28:59,100.0,7.63,B
2021-06-21T11:28:50,100.0,7.62,S
2021-06-21T11:28:36,100.0,7.62,S
2021-06-21T11:28:33,5000.0,7.63,B
2021-06-21T11:28:23,3700.0,7.62,S
2021-06-21T11:28:23,2700.0,7.62,S
2021-06-21T11:28:23,3600.0,7.62,S
2021-06-21T11:28:21,5000.0,7.62,S
2021-06-21T11:28:11,300.0,7.62,S
2021-06-21T11:28:08,2000.0,7.62,S
2021-06-21T11:28:05,2000.0,7.62,S
2021-06-21T11:28:04,2100.0,7.62,S
2021-06-21T11:28:04,7900.0,7.62,S
2021-06-21T11:27:30,3200.0,7.62,S
2021-06-21T11:27:27,5000.0,7.62,S
2021-06-21T11:27:14,2000.0,7.63,S
2021-06-21T11:27:11,200.0,7.62,S
2021-06-21T11:26:58,13500.0,7.62,S
2021-06-21T11:26:52,500.0,7.63,S
2021-06-21T11:26:46,1000.0,7.63,S
2021-06-21T11:26:44,300.0,7.64,B
2021-06-21T11:26:44,3500.0,7.64,B
2021-06-21T11:26:43,1500.0,7.63,S
2021-06-21T11:26:10,2700.0,7.64,B
2021-06-21T11:26:05,1100.0,7.64,B
2021-06-21T11:25:57,4100.0,7.64,B
2021-06-21T11:25:56,1000.0,7.64,B
2021-06-21T11:25:56,6100.0,7.64,B
2021-06-21T11:25:53,18000.0,7.64,B
2021-06-21T11:25:52,100.0,7.63,S
2021-06-21T11:25:31,15800.0,7.63,S
2021-06-21T11:25:31,1000.0,7.63,S
2021-06-21T11:25:31,6300.0,7.63,S
2021-06-21T11:25:25,2700.0,7.63,S
2021-06-21T11:25:25,5100.0,7.63,S
2021-06-21T11:25:25,1300.0,7.63,S
2021-06-21T11:25:25,100.0,7.63,S
2021-06-21T11:25:25,800.0,7.63,S
2021-06-21T11:25:25,300.0,7.63,S
2021-06-21T11:25:25,4700.0,7.63,S
2021-06-21T11:25:25,200.0,7.64,B
2021-06-21T11:25:14,18000.0,7.64,B
2021-06-21T11:25:00,2700.0,7.63,S
2021-06-21T11:25:00,27300.0,7.63,S
2021-06-21T11:24:54,2000.0,7.64,B
2021-06-21T11:24:49,9400.0,7.64,S
2021-06-21T11:24:37,3000.0,7.64,S
2021-06-21T11:24:26,2300.0,7.64,S
2021-06-21T11:24:00,300.0,7.64,S
2021-06-21T11:24:00,10000.0,7.64,S
2021-06-21T11:23:47,10000.0,7.64,S
2021-06-21T11:23:33,1100.0,7.64,S
2021-06-21T11:23:24,400.0,7.64,S
2021-06-21T11:23:14,2500.0,7.64,S
2021-06-21T11:23:02,5600.0,7.64,S
2021-06-21T11:23:02,14400.0,7.64,S
2021-06-21T11:22:30,200.0,7.65,B
2021-06-21T11:22:29,4000.0,7.65,B
2021-06-21T11:22:16,3000.0,7.65,B
2021-06-21T11:21:51,100.0,7.65,B
2021-06-21T11:21:44,200.0,7.65,B
2021-06-21T11:21:13,100.0,7.65,B
2021-06-21T11:21:12,100.0,7.65,B
2021-06-21T11:20:49,100.0,7.65,B
2021-06-21T11:20:32,2000.0,7.65,B
2021-06-21T11:20:19,3200.0,7.65,S
2021-06-21T11:20:02,500.0,7.65,S
2021-06-21T11:19:23,2300.0,7.65,B
2021-06-21T11:18:25,300.0,7.64,S
2021-06-21T11:18:24,700.0,7.65,B
2021-06-21T11:18:24,300.0,7.65,B
2021-06-21T11:17:23,1000.0,7.64,S
2021-06-21T11:16:47,42300.0,7.64,B
2021-06-21T11:16:43,1000.0,7.64,B
2021-06-21T11:16:27,1000.0,7.64,B
2021-06-21T11:15:43,2100.0,7.64,S
2021-06-21T11:15:43,5000.0,7.64,S
2021-06-21T11:15:43,800.0,7.64,S
2021-06-21T11:15:43,2900.0,7.64,S
2021-06-21T11:15:43,200.0,7.64,S
2021-06-21T11:15:43,2700.0,7.64,S
2021-06-21T11:15:43,1000.0,7.64,S
2021-06-21T11:15:43,10100.0,7.64,S
2021-06-21T11:15:43,2100.0,7.64,S
2021-06-21T11:15:43,2800.0,7.64,S
2021-06-21T11:15:43,4700.0,7.65,S
2021-06-21T11:15:26,200.0,7.65,S
2021-06-21T11:15:14,100.0,7.65,S
2021-06-21T11:14:55,200.0,7.65,S
2021-06-21T11:14:42,1000.0,7.65,B
2021-06-21T11:14:26,5000.0,7.65,B
2021-06-21T11:14:14,400.0,7.65,B
2021-06-21T11:14:01,4600.0,7.65,B
2021-06-21T11:14:01,10800.0,7.65,B
2021-06-21T11:13:59,500.0,7.65,B
2021-06-21T11:13:59,1000.0,7.65,B
2021-06-21T11:13:58,400.0,7.65,B
2021-06-21T11:13:54,2500.0,7.65,B
2021-06-21T11:13:40,2800.0,7.65,B
2021-06-21T11:13:40,17200.0,7.65,B
2021-06-21T11:13:38,100.0,7.65,B
2021-06-21T11:13:20,100.0,7.65,B
2021-06-21T11:13:19,100.0,7.65,B
2021-06-21T11:13:10,15000.0,7.65,B
2021-06-21T11:13:05,4400.0,7.65,B
2021-06-21T11:11:52,500.0,7.65,B
2021-06-21T11:11:40,200.0,7.65,B
2021-06-21T11:11:11,1500.0,7.65,B
2021-06-21T11:10:46,100.0,7.65,B
2021-06-21T11:10:22,1000.0,7.65,B
2021-06-21T11:10:19,900.0,7.65,B
2021-06-21T11:09:48,5000.0,7.65,B
2021-06-21T11:09:45,5000.0,7.65,B
2021-06-21T11:09:39,15000.0,7.66,B
2021-06-21T11:09:30,2000.0,7.65,S
2021-06-21T11:09:25,500.0,7.65,S
2021-06-21T11:09:24,5000.0,7.65,S
2021-06-21T11:09:24,8600.0,7.65,S
2021-06-21T11:09:24,1000.0,7.65,S
2021-06-21T11:09:24,13400.0,7.65,S
2021-06-21T11:09:24,200.0,7.65,S
2021-06-21T11:09:24,9900.0,7.65,S
2021-06-21T11:08:50,200.0,7.66,B
2021-06-21T11:08:33,1000.0,7.65,S
2021-06-21T11:08:24,500.0,7.66,B
2021-06-21T11:07:32,7000.0,7.65,S
2021-06-21T11:07:28,2900.0,7.65,S
2021-06-21T11:07:18,10000.0,7.65,S
2021-06-21T11:07:15,1000.0,7.66,B
2021-06-21T11:06:50,1000.0,7.65,S
2021-06-21T11:06:44,400.0,7.65,S
2021-06-21T11:06:39,100.0,7.66,B
2021-06-21T11:06:23,1000.0,7.65,S
2021-06-21T11:06:22,500.0,7.65,S
2021-06-21T11:06:11,1200.0,7.65,S
2021-06-21T11:06:06,200.0,7.65,S
2021-06-21T11:05:50,100.0,7.65,S
2021-06-21T11:04:49,17900.0,7.65,B
2021-06-21T11:04:27,500.0,7.65,B
2021-06-21T11:04:02,900.0,7.65,B
2021-06-21T11:03:58,100.0,7.65,B
2021-06-21T11:03:39,6600.0,7.65,S
2021-06-21T11:03:39,16200.0,7.65,S
2021-06-21T11:03:39,3000.0,7.65,S
2021-06-21T11:03:39,5100.0,7.65,S
2021-06-21T11:03:37,1500.0,7.66,B
2021-06-21T11:03:27,8700.0,7.65,S
2021-06-21T11:03:23,3000.0,7.66,B
2021-06-21T11:02:57,500.0,7.65,S
2021-06-21T11:02:51,2000.0,7.65,S
2021-06-21T11:02:42,400.0,7.65,S
2021-06-21T11:02:25,500.0,7.66,B
2021-06-21T11:01:35,1000.0,7.66,B
2021-06-21T11:01:24,2000.0,7.66,S
2021-06-21T11:01:22,2900.0,7.66,S
2021-06-21T10:59:29,200.0,7.67,B
2021-06-21T10:59:11,2500.0,7.67,B
2021-06-21T10:58:56,1000.0,7.67,B
2021-06-21T10:58:38,1000.0,7.67,B
2021-06-21T10:57:34,300.0,7.67,B
2021-06-21T10:56:20,300.0,7.67,B
2021-06-21T10:55:57,2000.0,7.67,B
2021-06-21T10:55:52,100.0,7.66,S
2021-06-21T10:55:48,27000.0,7.65,S
2021-06-21T10:55:40,200.0,7.67,B
2021-06-21T10:55:31,3000.0,7.67,B
2021-06-21T10:55:28,24100.0,7.67,S
2021-06-21T10:54:25,5000.0,7.67,S
2021-06-21T10:54:12,200.0,7.67,B
2021-06-21T10:54:06,3600.0,7.67,B
2021-06-21T10:54:06,2000.0,7.67,B
2021-06-21T10:53:49,3500.0,7.67,B
2021-06-21T10:53:47,11500.0,7.67,B
2021-06-21T10:53:28,5000.0,7.67,B
2021-06-21T10:53:16,5000.0,7.65,S
2021-06-21T10:53:11,6900.0,7.66,B
2021-06-21T10:52:08,1100.0,7.65,B
2021-06-21T10:52:05,400.0,7.65,B
2021-06-21T10:52:05,1000.0,7.64,S
2021-06-21T10:52:04,1000.0,7.65,B
2021-06-21T10:52:04,1000.0,7.65,B
2021-06-21T10:51:56,100.0,7.65,B
2021-06-21T10:51:52,800.0,7.65,B
2021-06-21T10:51:50,100.0,7.65,B
2021-06-21T10:51:35,100.0,7.65,B
2021-06-21T10:51:28,2500.0,7.65,B
2021-06-21T10:51:14,400.0,7.64,S
2021-06-21T10:51:08,100.0,7.65,B
2021-06-21T10:51:01,200.0,7.64,S
2021-06-21T10:50:53,700.0,7.64,S
2021-06-21T10:50:44,100.0,7.64,S
2021-06-21T10:50:16,1100.0,7.64,B
2021-06-21T10:50:04,1000.0,7.64,B
2021-06-21T10:50:03,800.0,7.64,B
2021-06-21T10:50:03,4200.0,7.64,B
2021-06-21T10:49:59,700.0,7.64,B
2021-06-21T10:49:57,1000.0,7.64,B
2021-06-21T10:49:56,1000.0,7.64,B
2021-06-21T10:49:49,1000.0,7.64,B
2021-06-21T10:49:48,5000.0,7.64,B
2021-06-21T10:49:37,100.0,7.64,B
2021-06-21T10:49:31,1000.0,7.64,B
2021-06-21T10:49:24,1000.0,7.63,S
2021-06-21T10:49:24,10000.0,7.64,B
2021-06-21T10:49:18,200.0,7.64,B
2021-06-21T10:49:08,5000.0,7.63,S
2021-06-21T10:49:03,2000.0,7.64,B
2021-06-21T10:48:48,1200.0,7.64,B
2021-06-21T10:48:45,300.0,7.64,B
2021-06-21T10:48:13,4800.0,7.64,B
2021-06-21T10:48:04,900.0,7.63,S
2021-06-21T10:47:59,500.0,7.64,B
2021-06-21T10:47:58,300.0,7.63,S
2021-06-21T10:47:42,3000.0,7.63,S
2021-06-21T10:47:42,1000.0,7.63,S
2021-06-21T10:47:30,300.0,7.63,S
2021-06-21T10:47:22,400.0,7.63,S
2021-06-21T10:47:00,1000.0,7.63,B
2021-06-21T10:46:46,20500.0,7.63,B
2021-06-21T10:46:46,4200.0,7.63,B
2021-06-21T10:46:46,300.0,7.63,B
2021-06-21T10:46:42,1000.0,7.62,S
2021-06-21T10:46:40,2000.0,7.63,B
2021-06-21T10:46:22,3000.0,7.63,B
2021-06-21T10:46:12,100.0,7.63,B
2021-06-21T10:45:44,1000.0,7.62,S
2021-06-21T10:45:39,2000.0,7.63,B
2021-06-21T10:45:36,11000.0,7.62,S
2021-06-21T10:45:08,200.0,7.62,S
2021-06-21T10:45:06,200.0,7.63,B
2021-06-21T10:44:34,5000.0,7.62,S
2021-06-21T10:44:27,500.0,7.62,S
2021-06-21T10:44:15,3000.0,7.62,S
2021-06-21T10:44:07,30000.0,7.62,S
2021-06-21T10:43:44,1800.0,7.62,S
2021-06-21T10:43:19,2000.0,7.62,S
2021-06-21T10:43:14,3000.0,7.62,B
2021-06-21T10:43:06,2000.0,7.61,S
2021-06-21T10:42:47,200.0,7.62,B
2021-06-21T10:42:36,1000.0,7.62,B
2021-06-21T10:42:31,2000.0,7.62,B
2021-06-21T10:42:30,200.0,7.62,B
2021-06-21T10:42:27,13500.0,7.62,S
2021-06-21T10:41:55,500.0,7.63,B
2021-06-21T10:41:15,2000.0,7.62,S
2021-06-21T10:41:09,100.0,7.63,B
2021-06-21T10:40:55,1000.0,7.62,S
2021-06-21T10:40:40,500.0,7.62,S
2021-06-21T10:40:27,100.0,7.63,B
2021-06-21T10:40:25,1200.0,7.62,S
2021-06-21T10:40:12,1000.0,7.63,B
2021-06-21T10:39:41,200.0,7.63,B
2021-06-21T10:39:33,500.0,7.62,S
2021-06-21T10:38:54,100.0,7.62,S
2021-06-21T10:38:53,700.0,7.63,B
2021-06-21T10:38:49,17400.0,7.62,S
2021-06-21T10:38:29,300.0,7.63,B
2021-06-21T10:38:10,700.0,7.63,B
2021-06-21T10:38:05,20000.0,7.63,B
2021-06-21T10:38:02,1700.0,7.63,B
2021-06-21T10:37:58,200.0,7.63,B
2021-06-21T10:37:42,100.0,7.63,B
2021-06-21T10:37:42,800.0,7.63,B
2021-06-21T10:37:39,2000.0,7.63,S
2021-06-21T10:37:32,1000.0,7.63,S
2021-06-21T10:37:28,800.0,7.63,S
2021-06-21T10:37:28,4000.0,7.63,S
2021-06-21T10:37:28,32900.0,7.63,S
2021-06-21T10:37:24,100.0,7.64,B
2021-06-21T10:37:21,300.0,7.64,B
2021-06-21T10:37:08,5000.0,7.64,S
2021-06-21T10:37:05,1800.0,7.64,S
2021-06-21T10:37:04,10000.0,7.64,S
2021-06-21T10:37:04,200.0,7.64,S
2021-06-21T10:36:59,2000.0,7.66,B
2021-06-21T10:36:49,2800.0,7.64,S
2021-06-21T10:36:49,1800.0,7.64,S
2021-06-21T10:36:49,500.0,7.64,S
2021-06-21T10:36:49,10000.0,7.64,S
2021-06-21T10:36:49,27600.0,7.64,S
2021-06-21T10:36:49,7300.0,7.64,S
2021-06-21T10:36:45,1000.0,7.65,S
2021-06-21T10:36:30,300.0,7.65,S
2021-06-21T10:36:24,200.0,7.65,S
2021-06-21T10:36:23,500.0,7.65,S
2021-06-21T10:36:15,500.0,7.65,S
2021-06-21T10:36:07,1000.0,7.65,S
2021-06-21T10:35:56,5000.0,7.65,S
2021-06-21T10:35:27,5000.0,7.65,S
2021-06-21T10:35:15,10000.0,7.66,B
2021-06-21T10:34:50,2500.0,7.66,B
2021-06-21T10:34:43,1500.0,7.66,B
2021-06-21T10:34:42,500.0,7.65,S
2021-06-21T10:34:42,2300.0,7.65,S
2021-06-21T10:34:42,1000.0,7.65,S
2021-06-21T10:34:42,7700.0,7.65,S
2021-06-21T10:34:42,4100.0,7.65,S
2021-06-21T10:34:42,2500.0,7.65,S
2021-06-21T10:34:42,1900.0,7.65,S
2021-06-21T10:34:41,2300.0,7.66,B
2021-06-21T10:34:21,100.0,7.66,B
2021-06-21T10:34:12,300.0,7.65,S
2021-06-21T10:34:06,50000.0,7.66,B
2021-06-21T10:34:02,10000.0,7.65,S
2021-06-21T10:33:49,5000.0,7.65,S
2021-06-21T10:33:46,4100.0,7.65,S
2021-06-21T10:33:41,600.0,7.65,S
2021-06-21T10:33:06,1000.0,7.66,S
2021-06-21T10:33:01,1500.0,7.66,S
2021-06-21T10:33:00,200.0,7.66,S
2021-06-21T10:32:32,2600.0,7.66,S
2021-06-21T10:32:31,300.0,7.66,S
2021-06-21T10:32:30,28100.0,7.66,S
2021-06-21T10:32:28,1000.0,7.66,S
2021-06-21T10:32:12,600.0,7.66,S
2021-06-21T10:32:08,300.0,7.66,S
2021-06-21T10:31:58,1000.0,7.66,S
2021-06-21T10:31:30,5000.0,7.67,B
2021-06-21T10:30:54,2500.0,7.66,S
2021-06-21T10:30:52,100.0,7.66,S
2021-06-21T10:30:51,1000.0,7.66,S
2021-06-21T10:30:51,16400.0,7.66,S
2021-06-21T10:30:40,200.0,7.66,S
2021-06-21T10:30:35,5000.0,7.66,S
2021-06-21T10:30:19,5100.0,7.66,S
2021-06-21T10:30:19,200.0,7.66,S
2021-06-21T10:30:19,24700.0,7.66,S
2021-06-21T10:30:09,7600.0,7.66,S
2021-06-21T10:30:09,5500.0,7.66,S
2021-06-21T10:30:09,6900.0,7.66,S
2021-06-21T10:29:57,2900.0,7.67,B
2021-06-21T10:29:37,3000.0,7.67,B
2021-06-21T10:29:37,1000.0,7.67,B
2021-06-21T10:28:53,1000.0,7.67,B
2021-06-21T10:28:52,100.0,7.66,S
2021-06-21T10:28:48,900.0,7.67,B
2021-06-21T10:28:43,600.0,7.67,B
2021-06-21T10:28:40,800.0,7.67,B
2021-06-21T10:28:22,800.0,7.67,B
2021-06-21T10:27:52,500.0,7.67,B
2021-06-21T10:27:40,1500.0,7.66,S
2021-06-21T10:27:33,500.0,7.67,B
2021-06-21T10:27:29,1000.0,7.67,B
2021-06-21T10:27:27,1000.0,7.67,B
2021-06-21T10:27:10,200.0,7.66,S
2021-06-21T10:27:06,1000.0,7.67,B
2021-06-21T10:26:58,1400.0,7.67,B
2021-06-21T10:26:58,8600.0,7.67,B
2021-06-21T10:26:52,1000.0,7.67,B
2021-06-21T10:26:33,1500.0,7.67,B
2021-06-21T10:26:19,300.0,7.67,B
2021-06-21T10:26:18,200.0,7.67,B
2021-06-21T10:26:16,10000.0,7.67,B
2021-06-21T10:26:03,10000.0,7.67,B
2021-06-21T10:25:42,300.0,7.67,B
2021-06-21T10:25:30,2000.0,7.66,S
2021-06-21T10:25:19,100.0,7.66,S
2021-06-21T10:25:11,4000.0,7.66,S
2021-06-21T10:25:07,2000.0,7.66,S
2021-06-21T10:24:10,5000.0,7.66,S
2021-06-21T10:24:07,2000.0,7.67,B
2021-06-21T10:24:06,10000.0,7.67,B
2021-06-21T10:24:01,1000.0,7.67,B
2021-06-21T10:23:59,4500.0,7.66,S
2021-06-21T10:23:59,10500.0,7.66,S
2021-06-21T10:23:40,10000.0,7.67,S
2021-06-21T10:23:37,200.0,7.67,S
2021-06-21T10:23:33,300.0,7.67,S
2021-06-21T10:23:30,4900.0,7.67,S
2021-06-21T10:23:30,900.0,7.67,S
2021-06-21T10:23:30,2300.0,7.67,S
2021-06-21T10:23:28,1000.0,7.67,S
2021-06-21T10:23:26,1300.0,7.67,S
2021-06-21T10:23:26,7500.0,7.67,S
2021-06-21T10:23:26,1000.0,7.67,S
2021-06-21T10:23:21,200.0,7.67,S
2021-06-21T10:23:18,100.0,7.67,S
2021-06-21T10:23:10,100.0,7.67,S
2021-06-21T10:22:51,100.0,7.67,B
2021-06-21T10:22:43,800.0,7.67,B
2021-06-21T10:22:40,5000.0,7.67,B
2021-06-21T10:22:39,400.0,7.67,B
2021-06-21T10:22:36,10000.0,7.67,B
2021-06-21T10:22:20,2300.0,7.67,B
2021-06-21T10:22:17,100.0,7.67,B
2021-06-21T10:22:07,10000.0,7.67,B
2021-06-21T10:21:49,400.0,7.67,B
2021-06-21T10:21:44,500.0,7.67,B
2021-06-21T10:21:43,100.0,7.67,B
2021-06-21T10:21:37,18000.0,7.67,B
2021-06-21T10:21:25,100.0,7.67,B
2021-06-21T10:21:25,500.0,7.67,B
2021-06-21T10:21:19,1900.0,7.67,B
2021-06-21T10:20:57,100.0,7.68,B
2021-06-21T10:20:57,500.0,7.67,B
2021-06-21T10:20:53,100.0,7.67,B
2021-06-21T10:20:43,18400.0,7.68,B
2021-06-21T10:20:43,11600.0,7.67,B
2021-06-21T10:20:31,5000.0,7.67,B
2021-06-21T10:20:23,1000.0,7.67,B
2021-06-21T10:20:21,41900.0,7.66,S
2021-06-21T10:19:56,500.0,7.67,B
2021-06-21T10:19:38,8100.0,7.67,S
2021-06-21T10:19:30,100.0,7.67,S
2021-06-21T10:19:25,5000.0,7.68,B
2021-06-21T10:19:16,5400.0,7.67,S
2021-06-21T10:19:16,4100.0,7.67,S
2021-06-21T10:19:16,500.0,7.67,S
2021-06-21T10:19:16,10000.0,7.67,S
2021-06-21T10:19:02,10000.0,7.67,S
2021-06-21T10:18:55,500.0,7.67,S
2021-06-21T10:18:53,2000.0,7.67,S
2021-06-21T10:18:29,1000.0,7.67,S
2021-06-21T10:18:26,100.0,7.67,S
2021-06-21T10:18:25,500.0,7.68,B
2021-06-21T10:18:18,200.0,7.68,B
2021-06-21T10:17:50,100.0,7.68,B
2021-06-21T10:17:50,400.0,7.68,B
2021-06-21T10:17:29,1200.0,7.68,S
2021-06-21T10:17:27,7000.0,7.67,S
2021-06-21T10:17:19,1000.0,7.68,S
2021-06-21T10:17:02,1400.0,7.68,S
2021-06-21T10:16:53,3800.0,7.68,S
2021-06-21T10:16:44,6200.0,7.68,S
2021-06-21T10:16:44,500.0,7.68,S
2021-06-21T10:16:32,4000.0,7.68,B
2021-06-21T10:16:31,300.0,7.68,B
2021-06-21T10:16:25,2400.0,7.68,B
2021-06-21T10:16:25,600.0,7.68,B
2021-06-21T10:16:21,4000.0,7.68,B
2021-06-21T10:16:18,5400.0,7.68,B
2021-06-21T10:16:17,1700.0,7.67,S
2021-06-21T10:16:15,9600.0,7.68,B
2021-06-21T10:16:13,1500.0,7.69,B
2021-06-21T10:15:52,9400.0,7.68,S
2021-06-21T10:15:49,3800.0,7.68,S
2021-06-21T10:15:17,1000.0,7.68,S
2021-06-21T10:15:16,1000.0,7.68,S
2021-06-21T10:15:15,2000.0,7.68,S
2021-06-21T10:15:00,2800.0,7.68,S
2021-06-21T10:14:55,2000.0,7.68,S
2021-06-21T10:14:35,1000.0,7.68,S
2021-06-21T10:14:20,200.0,7.68,S
2021-06-21T10:13:56,50000.0,7.68,S
2021-06-21T10:13:53,300.0,7.68,S
2021-06-21T10:13:14,200.0,7.69,S
2021-06-21T10:13:09,200.0,7.68,S
2021-06-21T10:13:01,100.0,7.69,S
2021-06-21T10:12:54,200.0,7.69,S
2021-06-21T10:12:52,1400.0,7.69,S
2021-06-21T10:12:52,5000.0,7.69,S
2021-06-21T10:12:52,5300.0,7.69,S
2021-06-21T10:12:52,5300.0,7.69,S
2021-06-21T10:12:52,300.0,7.69,S
2021-06-21T10:12:52,9800.0,7.69,S
2021-06-21T10:12:49,6400.0,7.69,S
2021-06-21T10:12:49,1100.0,7.69,S
2021-06-21T10:12:44,2000.0,7.69,S
2021-06-21T10:12:29,5000.0,7.69,S
2021-06-21T10:11:52,2300.0,7.69,S
2021-06-21T10:11:47,5000.0,7.7,B
2021-06-21T10:11:43,900.0,7.7,B
2021-06-21T10:11:41,200.0,7.69,S
2021-06-21T10:11:40,200.0,7.7,B
2021-06-21T10:11:36,1600.0,7.7,B
2021-06-21T10:11:34,1000.0,7.7,B
2021-06-21T10:11:33,200.0,7.69,S
2021-06-21T10:11:26,40000.0,7.69,S
2021-06-21T10:11:23,300.0,7.69,S
2021-06-21T10:11:06,300.0,7.69,S
2021-06-21T10:10:58,300.0,7.7,B
2021-06-21T10:10:48,800.0,7.7,B
2021-06-21T10:10:45,10000.0,7.7,B
2021-06-21T10:10:42,800.0,7.69,S
2021-06-21T10:10:32,5000.0,7.7,B
2021-06-21T10:10:24,1000.0,7.7,B
2021-06-21T10:10:17,500.0,7.7,B
2021-06-21T10:10:14,12000.0,7.7,B
2021-06-21T10:10:13,3800.0,7.7,B
2021-06-21T10:10:13,18300.0,7.7,B
2021-06-21T10:10:13,27900.0,7.7,B
2021-06-21T10:10:11,3500.0,7.7,B
2021-06-21T10:10:07,2000.0,7.69,S
2021-06-21T10:10:07,400.0,7.7,B
2021-06-21T10:09:55,2000.0,7.7,B
2021-06-21T10:09:54,200.0,7.7,B
2021-06-21T10:09:40,15900.0,7.7,B
2021-06-21T10:09:40,4900.0,7.7,B
2021-06-21T10:09:40,2400.0,7.7,B
2021-06-21T10:09:40,6400.0,7.7,B
2021-06-21T10:09:40,3200.0,7.7,B
2021-06-21T10:09:40,1500.0,7.7,B
2021-06-21T10:09:40,6200.0,7.7,B
2021-06-21T10:09:40,5000.0,7.7,B
2021-06-21T10:09:40,1800.0,7.7,B
2021-06-21T10:09:40,12700.0,7.7,B
2021-06-21T10:09:37,1000.0,7.69,S
2021-06-21T10:09:34,100.0,7.7,B
2021-06-21T10:09:32,500.0,7.69,S
2021-06-21T10:09:32,2000.0,7.7,B
2021-06-21T10:09:30,100.0,7.7,B
2021-06-21T10:09:15,100.0,7.7,B
2021-06-21T10:09:03,3000.0,7.7,B
2021-06-21T10:09:02,3000.0,7.7,B
2021-06-21T10:08:52,300.0,7.7,B
2021-06-21T10:08:48,5000.0,7.7,B
2021-06-21T10:08:33,6000.0,7.7,B
2021-06-21T10:08:25,1000.0,7.7,B
2021-06-21T10:08:23,2000.0,7.7,B
2021-06-21T10:08:23,11000.0,7.7,B
2021-06-21T10:08:23,67000.0,7.7,B
2021-06-21T10:08:04,1000.0,7.69,S
2021-06-21T10:07:16,3000.0,7.69,S
2021-06-21T10:07:14,1200.0,7.69,B
2021-06-21T10:07:14,6500.0,7.69,B
2021-06-21T10:07:02,100.0,7.69,B
2021-06-21T10:07:01,100.0,7.69,B
2021-06-21T10:07:00,14300.0,7.69,B
2021-06-21T10:07:00,3200.0,7.69,B
2021-06-21T10:07:00,200.0,7.69,B
2021-06-21T10:07:00,6200.0,7.69,B
2021-06-21T10:07:00,700.0,7.69,B
2021-06-21T10:07:00,5400.0,7.69,B
2021-06-21T10:06:59,500.0,7.69,B
2021-06-21T10:06:59,5000.0,7.69,B
2021-06-21T10:06:58,2000.0,7.69,B
2021-06-21T10:06:55,5000.0,7.69,B
2021-06-21T10:06:50,500.0,7.69,B
2021-06-21T10:06:49,500.0,7.69,B
2021-06-21T10:06:47,2500.0,7.69,B
2021-06-21T10:06:23,3000.0,7.69,B
2021-06-21T10:06:21,1000.0,7.69,B
2021-06-21T10:06:12,200.0,7.69,B
2021-06-21T10:06:08,10000.0,7.69,B
2021-06-21T10:06:02,500.0,7.69,B
2021-06-21T10:06:01,3000.0,7.69,B
2021-06-21T10:05:54,100.0,7.69,B
2021-06-21T10:05:50,5000.0,7.69,B
2021-06-21T10:05:29,100.0,7.69,B
2021-06-21T10:05:29,900.0,7.68,S
2021-06-21T10:05:29,4100.0,7.68,S
2021-06-21T10:05:21,1000.0,7.68,S
2021-06-21T10:04:58,100.0,7.68,S
2021-06-21T10:04:58,200.0,7.69,B
2021-06-21T10:04:56,10000.0,7.69,B
2021-06-21T10:04:54,300.0,7.69,B
2021-06-21T10:04:48,300.0,7.69,B
2021-06-21T10:04:46,1000.0,7.69,B
2021-06-21T10:04:41,1000.0,7.68,S
2021-06-21T10:04:33,1200.0,7.69,B
2021-06-21T10:04:19,300.0,7.68,S
2021-06-21T10:03:38,1000.0,7.68,S
2021-06-21T10:03:32,1500.0,7.68,S
2021-06-21T10:03:16,6400.0,7.68,B
2021-06-21T10:03:09,100.0,7.68,B
2021-06-21T10:03:07,100.0,7.68,B
2021-06-21T10:03:07,9900.0,7.68,B
2021-06-21T10:02:52,1000.0,7.68,B
2021-06-21T10:02:51,4500.0,7.67,S
2021-06-21T10:02:37,1600.0,7.68,B
2021-06-21T10:02:34,1000.0,7.68,B
2021-06-21T10:02:31,1000.0,7.68,B
2021-06-21T10:02:12,1000.0,7.68,B
2021-06-21T10:02:10,1600.0,7.68,B
2021-06-21T10:01:57,100.0,7.67,S
2021-06-21T10:01:56,200.0,7.68,B
2021-06-21T10:01:51,2000.0,7.67,S
2021-06-21T10:01:41,5300.0,7.67,S
2021-06-21T10:00:44,100.0,7.67,S
2021-06-21T10:00:42,5000.0,7.68,B
2021-06-21T10:00:25,2000.0,7.67,S
2021-06-21T10:00:03,5000.0,7.68,B
2021-06-21T09:59:54,5000.0,7.67,B
2021-06-21T09:59:48,300.0,7.66,S
2021-06-21T09:59:42,3000.0,7.67,B
2021-06-21T09:59:22,20000.0,7.67,B
2021-06-21T09:59:13,1000.0,7.66,S
2021-06-21T09:58:53,5000.0,7.66,S
2021-06-21T09:58:40,6800.0,7.67,B
2021-06-21T09:58:40,3200.0,7.67,B
2021-06-21T09:58:29,2600.0,7.65,S
2021-06-21T09:58:29,2600.0,7.66,S
2021-06-21T09:58:29,300.0,7.66,S
2021-06-21T09:58:29,1000.0,7.67,B
2021-06-21T09:57:36,9900.0,7.66,B
2021-06-21T09:57:06,500.0,7.65,B
2021-06-21T09:57:06,1300.0,7.65,B
2021-06-21T09:57:02,500.0,7.65,B
2021-06-21T09:56:59,100.0,7.65,B
2021-06-21T09:56:52,300.0,7.65,B
2021-06-21T09:56:28,1000.0,7.65,B
2021-06-21T09:56:11,200.0,7.65,B
2021-06-21T09:56:00,5600.0,7.62,S
2021-06-21T09:56:00,3700.0,7.62,S
2021-06-21T09:56:00,5000.0,7.62,S
2021-06-21T09:55:59,5000.0,7.62,S
2021-06-21T09:55:59,4300.0,7.62,S
2021-06-21T09:55:59,12200.0,7.63,S
2021-06-21T09:55:59,8200.0,7.63,S
2021-06-21T09:55:56,200.0,7.65,B
2021-06-21T09:55:43,3200.0,7.64,B
2021-06-21T09:55:40,1000.0,7.64,B
2021-06-21T09:55:38,2000.0,7.64,B
2021-06-21T09:55:31,3000.0,7.64,B
2021-06-21T09:55:22,100.0,7.64,S
2021-06-21T09:55:18,2800.0,7.64,S
2021-06-21T09:55:16,200.0,7.64,S
2021-06-21T09:55:11,100.0,7.64,S
2021-06-21T09:54:58,100.0,7.64,S
2021-06-21T09:54:53,38200.0,7.64,S
2021-06-21T09:54:32,17900.0,7.64,S
2021-06-21T09:54:27,6000.0,7.66,B
2021-06-21T09:53:54,2000.0,7.64,S
2021-06-21T09:53:36,600.0,7.64,S
2021-06-21T09:53:29,23400.0,7.64,B
2021-06-21T09:53:18,600.0,7.63,B
2021-06-21T09:53:14,400.0,7.63,B
2021-06-21T09:53:04,2000.0,7.63,B
2021-06-21T09:53:03,10000.0,7.63,B
2021-06-21T09:52:55,5100.0,7.62,S
2021-06-21T09:52:52,26400.0,7.62,S
2021-06-21T09:52:33,50000.0,7.62,S
2021-06-21T09:52:31,500.0,7.63,S
2021-06-21T09:52:29,100.0,7.63,S
2021-06-21T09:52:26,2000.0,7.63,S
2021-06-21T09:52:20,800.0,7.63,S
2021-06-21T09:52:20,900.0,7.63,S
2021-06-21T09:52:20,6400.0,7.63,S
2021-06-21T09:52:20,8800.0,7.63,S
2021-06-21T09:52:20,400.0,7.64,S
2021-06-21T09:52:16,2300.0,7.64,S
2021-06-21T09:52:11,1500.0,7.64,S
2021-06-21T09:52:08,14800.0,7.64,S
2021-06-21T09:52:07,1000.0,7.65,S
2021-06-21T09:52:02,100.0,7.65,S
2021-06-21T09:51:36,10000.0,7.64,S
2021-06-21T09:51:31,50000.0,7.64,S
2021-06-21T09:51:04,300.0,7.65,S
2021-06-21T09:50:51,2100.0,7.66,S
2021-06-21T09:50:46,200.0,7.67,B
2021-06-21T09:50:30,100.0,7.67,B
2021-06-21T09:50:26,100.0,7.65,S
2021-06-21T09:50:25,300.0,7.65,S
2021-06-21T09:50:25,300.0,7.65,S
2021-06-21T09:50:25,300.0,7.65,S
2021-06-21T09:50:20,15000.0,7.67,B
2021-06-21T09:50:10,200.0,7.65,S
2021-06-21T09:50:04,500.0,7.65,S
2021-06-21T09:50:04,100.0,7.65,S
2021-06-21T09:50:01,400.0,7.65,S
2021-06-21T09:49:44,10000.0,7.64,S
2021-06-21T09:49:40,2000.0,7.65,S
2021-06-21T09:49:40,2500.0,7.65,S
2021-06-21T09:49:40,1700.0,7.65,S
2021-06-21T09:49:40,6300.0,7.65,S
2021-06-21T09:49:40,500.0,7.65,S
2021-06-21T09:49:40,3700.0,7.65,S
2021-06-21T09:49:40,600.0,7.65,S
2021-06-21T09:49:38,25900.0,7.65,S
2021-06-21T09:49:35,9000.0,7.65,S
2021-06-21T09:49:35,2000.0,7.65,S
2021-06-21T09:49:35,3500.0,7.65,S
2021-06-21T09:49:34,16500.0,7.66,S
2021-06-21T09:49:34,500.0,7.67,B
2021-06-21T09:49:27,12000.0,7.67,B
2021-06-21T09:49:25,100.0,7.67,B
2021-06-21T09:49:25,2700.0,7.66,S
2021-06-21T09:49:25,1000.0,7.66,S
2021-06-21T09:49:25,6300.0,7.66,S
2021-06-21T09:49:25,500.0,7.67,B
2021-06-21T09:49:04,600.0,7.67,B
2021-06-21T09:49:02,5000.0,7.66,S
2021-06-21T09:48:55,1000.0,7.66,S
2021-06-21T09:48:50,10000.0,7.67,B
2021-06-21T09:48:49,3000.0,7.66,S
2021-06-21T09:48:47,100.0,7.67,B
2021-06-21T09:48:47,200.0,7.66,S
2021-06-21T09:48:34,300.0,7.66,S
2021-06-21T09:48:34,200.0,7.67,B
2021-06-21T09:48:26,1000.0,7.66,S
2021-06-21T09:48:22,1000.0,7.66,S
2021-06-21T09:48:18,3000.0,7.66,S
2021-06-21T09:48:14,500.0,7.66,S
2021-06-21T09:48:00,3500.0,7.66,S
2021-06-21T09:48:00,200.0,7.66,S
2021-06-21T09:48:00,1300.0,7.66,S
2021-06-21T09:47:57,100.0,7.67,S
2021-06-21T09:47:30,6100.0,7.66,S
2021-06-21T09:47:30,1000.0,7.66,S
2021-06-21T09:47:27,7000.0,7.67,S
2021-06-21T09:47:06,100.0,7.67,S
2021-06-21T09:46:59,13400.0,7.67,S
2021-06-21T09:46:55,500.0,7.67,S
2021-06-21T09:46:39,5000.0,7.67,S
2021-06-21T09:46:34,5000.0,7.68,S
2021-06-21T09:46:32,800.0,7.67,S
2021-06-21T09:46:28,400.0,7.68,S
2021-06-21T09:46:21,1000.0,7.68,S
2021-06-21T09:46:17,5000.0,7.67,S
2021-06-21T09:46:00,1000.0,7.68,S
2021-06-21T09:45:55,2400.0,7.68,S
2021-06-21T09:45:54,10000.0,7.68,S
2021-06-21T09:45:51,2000.0,7.68,S
2021-06-21T09:45:50,1300.0,7.68,S
2021-06-21T09:45:48,1000.0,7.68,S
2021-06-21T09:45:43,1000.0,7.68,S
2021-06-21T09:45:42,11900.0,7.67,S
2021-06-21T09:45:42,7100.0,7.67,S
2021-06-21T09:45:42,400.0,7.67,S
2021-06-21T09:45:40,7400.0,7.67,S
2021-06-21T09:45:39,1000.0,7.68,S
2021-06-21T09:45:38,200.0,7.68,S
2021-06-21T09:45:36,700.0,7.68,S
2021-06-21T09:45:31,300.0,7.68,S
2021-06-21T09:45:20,700.0,7.68,S
2021-06-21T09:45:16,100.0,7.68,S
2021-06-21T09:45:12,200.0,7.68,S
2021-06-21T09:45:08,3000.0,7.68,S
2021-06-21T09:45:01,17000.0,7.68,S
2021-06-21T09:45:01,3700.0,7.68,S
2021-06-21T09:44:58,10000.0,7.69,S
2021-06-21T09:44:56,1000.0,7.69,S
2021-06-21T09:44:43,500.0,7.7,B
2021-06-21T09:44:40,100.0,7.69,S
2021-06-21T09:44:38,1000.0,7.7,B
2021-06-21T09:44:36,200.0,7.68,S
2021-06-21T09:44:32,7200.0,7.7,B
2021-06-21T09:44:32,1600.0,7.69,S
2021-06-21T09:44:30,1000.0,7.69,S
2021-06-21T09:44:24,500.0,7.69,S
2021-06-21T09:44:23,100.0,7.69,S
2021-06-21T09:44:19,200.0,7.69,S
2021-06-21T09:44:14,1000.0,7.69,S
2021-06-21T09:43:57,100.0,7.69,S
2021-06-21T09:43:57,2100.0,7.69,S
2021-06-21T09:43:53,20000.0,7.7,B
2021-06-21T09:43:52,2000.0,7.7,B
2021-06-21T09:43:50,16000.0,7.7,B
2021-06-21T09:43:46,1900.0,7.69,S
2021-06-21T09:43:45,3100.0,7.69,S
2021-06-21T09:43:27,200.0,7.7,B
2021-06-21T09:43:27,100.0,7.7,B
2021-06-21T09:43:25,100.0,7.7,B
2021-06-21T09:43:20,2000.0,7.69,S
2021-06-21T09:43:20,5000.0,7.7,B
2021-06-21T09:43:15,4000.0,7.7,B
2021-06-21T09:43:12,5000.0,7.7,B
2021-06-21T09:42:54,1000.0,7.7,B
2021-06-21T09:42:46,300.0,7.7,B
2021-06-21T09:42:39,1000.0,7.7,B
2021-06-21T09:42:37,500.0,7.7,B
2021-06-21T09:42:33,1000.0,7.7,B
2021-06-21T09:42:31,1000.0,7.7,B
2021-06-21T09:42:30,500.0,7.7,B
2021-06-21T09:42:11,4800.0,7.7,B
2021-06-21T09:42:09,3000.0,7.71,B
2021-06-21T09:42:06,40400.0,7.7,B
2021-06-21T09:42:04,300.0,7.7,B
2021-06-21T09:42:04,1700.0,7.7,B
2021-06-21T09:42:00,10000.0,7.7,B
2021-06-21T09:42:00,6200.0,7.7,B
2021-06-21T09:41:56,1000.0,7.7,B
2021-06-21T09:41:55,4000.0,7.7,B
2021-06-21T09:41:47,1000.0,7.7,B
2021-06-21T09:41:46,2000.0,7.7,B
2021-06-21T09:41:46,6100.0,7.7,B
2021-06-21T09:41:45,1000.0,7.7,B
2021-06-21T09:41:43,500.0,7.7,B
2021-06-21T09:41:41,100.0,7.7,B
2021-06-21T09:41:33,1000.0,7.7,B
2021-06-21T09:41:33,300.0,7.7,B
2021-06-21T09:41:32,200.0,7.7,B
2021-06-21T09:41:29,4200.0,7.7,B
2021-06-21T09:41:29,1600.0,7.7,B
2021-06-21T09:41:28,300.0,7.7,B
2021-06-21T09:41:27,20000.0,7.7,B
2021-06-21T09:41:24,200.0,7.7,B
2021-06-21T09:41:24,500.0,7.7,B
2021-06-21T09:41:14,2000.0,7.7,B
2021-06-21T09:41:07,2000.0,7.7,B
2021-06-21T09:41:02,300.0,7.7,B
2021-06-21T09:40:54,3000.0,7.7,B
2021-06-21T09:40:54,100.0,7.7,B
2021-06-21T09:40:52,100.0,7.7,B
2021-06-21T09:40:47,1000.0,7.7,B
2021-06-21T09:40:45,10000.0,7.7,B
2021-06-21T09:40:42,100.0,7.7,B
2021-06-21T09:40:39,2000.0,7.7,B
2021-06-21T09:40:36,3000.0,7.7,B
2021-06-21T09:40:36,10000.0,7.7,B
2021-06-21T09:40:30,800.0,7.7,B
2021-06-21T09:40:30,500.0,7.7,B
2021-06-21T09:40:28,1000.0,7.7,B
2021-06-21T09:40:27,8400.0,7.68,S
2021-06-21T09:40:27,1600.0,7.68,S
2021-06-21T09:40:27,3300.0,7.68,S
2021-06-21T09:40:27,6000.0,7.7,B
2021-06-21T09:40:17,1000.0,7.7,B
2021-06-21T09:40:15,2000.0,7.7,B
2021-06-21T09:40:11,7600.0,7.7,B
2021-06-21T09:39:47,500.0,7.7,B
2021-06-21T09:39:45,300.0,7.7,B
2021-06-21T09:39:43,200.0,7.7,B
2021-06-21T09:39:39,200.0,7.7,B
2021-06-21T09:39:38,100.0,7.7,B
2021-06-21T09:39:36,2500.0,7.7,B
2021-06-21T09:39:34,7000.0,7.72,B
2021-06-21T09:39:34,13000.0,7.71,B
2021-06-21T09:39:33,3300.0,7.7,B
2021-06-21T09:39:30,22700.0,7.7,B
2021-06-21T09:39:29,2300.0,7.7,B
2021-06-21T09:39:29,2000.0,7.7,B
2021-06-21T09:39:26,900.0,7.7,B
2021-06-21T09:39:26,100.0,7.7,B
2021-06-21T09:39:24,100.0,7.7,B
2021-06-21T09:39:17,1000.0,7.7,B
2021-06-21T09:39:17,500.0,7.7,B
2021-06-21T09:39:13,4000.0,7.7,B
2021-06-21T09:39:04,1000.0,7.7,B
2021-06-21T09:39:03,100.0,7.7,B
2021-06-21T09:39:02,5000.0,7.7,B
2021-06-21T09:39:00,10000.0,7.7,B
2021-06-21T09:39:00,24400.0,7.7,B
2021-06-21T09:38:52,2000.0,7.7,B
2021-06-21T09:38:47,500.0,7.7,B
2021-06-21T09:38:42,300.0,7.7,B
2021-06-21T09:38:39,5500.0,7.7,B
2021-06-21T09:38:38,2200.0,7.7,B
2021-06-21T09:38:31,300.0,7.7,B
2021-06-21T09:38:31,200.0,7.7,B
2021-06-21T09:38:29,3000.0,7.7,B
2021-06-21T09:38:24,1000.0,7.7,B
2021-06-21T09:38:12,3300.0,7.7,B
2021-06-21T09:38:10,3000.0,7.71,B
2021-06-21T09:38:05,200.0,7.7,B
2021-06-21T09:38:02,3400.0,7.7,B
2021-06-21T09:37:55,1900.0,7.7,B
2021-06-21T09:37:55,800.0,7.7,B
2021-06-21T09:37:48,500.0,7.7,B
2021-06-21T09:37:45,400.0,7.7,B
2021-06-21T09:37:35,6000.0,7.67,B
2021-06-21T09:37:34,15000.0,7.7,B
2021-06-21T09:37:30,400.0,7.7,B
2021-06-21T09:37:29,1000.0,7.7,B
2021-06-21T09:37:28,3700.0,7.7,B
2021-06-21T09:37:28,6300.0,7.7,B
2021-06-21T09:37:28,100.0,7.7,B
2021-06-21T09:37:23,13000.0,7.7,B
2021-06-21T09:37:21,1000.0,7.7,B
2021-06-21T09:37:18,100.0,7.7,B
2021-06-21T09:37:13,3400.0,7.7,B
2021-06-21T09:37:13,500.0,7.7,B
2021-06-21T09:37:11,4200.0,7.7,B
2021-06-21T09:37:09,1200.0,7.7,B
2021-06-21T09:37:06,1000.0,7.7,B
2021-06-21T09:37:00,100.0,7.7,B
2021-06-21T09:36:57,1100.0,7.67,B
2021-06-21T09:36:57,1900.0,7.68,B
2021-06-21T09:36:57,1000.0,7.69,B
2021-06-21T09:36:57,1000.0,7.69,B
2021-06-21T09:36:56,300.0,7.7,B
2021-06-21T09:36:56,300.0,7.7,B
2021-06-21T09:36:53,100.0,7.7,B
2021-06-21T09:36:50,1000.0,7.7,B
2021-06-21T09:36:48,1000.0,7.7,B
2021-06-21T09:36:43,500.0,7.7,B
2021-06-21T09:36:39,4800.0,7.7,B
2021-06-21T09:36:39,2000.0,7.7,B
2021-06-21T09:36:39,3200.0,7.7,B
2021-06-21T09:36:39,300.0,7.7,B
2021-06-21T09:36:39,4700.0,7.7,B
2021-06-21T09:36:36,500.0,7.7,B
2021-06-21T09:36:35,5600.0,7.7,B
2021-06-21T09:36:35,3000.0,7.7,B
2021-06-21T09:36:35,1200.0,7.7,B
2021-06-21T09:36:34,200.0,7.7,B
2021-06-21T09:36:29,8000.0,7.7,B
2021-06-21T09:36:28,2600.0,7.7,B
2021-06-21T09:36:16,200.0,7.7,B
2021-06-21T09:36:15,1000.0,7.7,B
2021-06-21T09:36:11,3000.0,7.7,B
2021-06-21T09:36:08,100.0,7.7,B
2021-06-21T09:36:07,700.0,7.7,B
2021-06-21T09:36:06,2400.0,7.7,B
2021-06-21T09:36:06,100.0,7.7,B
2021-06-21T09:36:05,2500.0,7.7,B
2021-06-21T09:36:05,2700.0,7.7,B
2021-06-21T09:36:04,200.0,7.7,B
2021-06-21T09:36:00,3300.0,7.7,B
2021-06-21T09:35:56,800.0,7.7,B
2021-06-21T09:35:55,500.0,7.7,B
2021-06-21T09:35:48,1000.0,7.7,B
2021-06-21T09:35:44,1800.0,7.7,B
2021-06-21T09:35:44,4700.0,7.7,B
2021-06-21T09:35:41,1800.0,7.7,B
2021-06-21T09:35:41,600.0,7.7,B
2021-06-21T09:35:41,1100.0,7.7,B
2021-06-21T09:35:41,1500.0,7.7,B
2021-06-21T09:35:40,400.0,7.7,B
2021-06-21T09:35:40,300.0,7.7,B
2021-06-21T09:35:39,9300.0,7.7,B
2021-06-21T09:35:35,500.0,7.7,B
2021-06-21T09:35:34,600.0,7.7,B
2021-06-21T09:35:32,200.0,7.7,B
2021-06-21T09:35:20,4900.0,7.7,B
2021-06-21T09:35:17,1000.0,7.7,B
2021-06-21T09:35:14,200.0,7.7,B
2021-06-21T09:35:13,100.0,7.7,B
2021-06-21T09:35:06,3700.0,7.7,B
2021-06-21T09:35:06,300.0,7.7,B
2021-06-21T09:35:05,100.0,7.69,B
2021-06-21T09:35:02,7400.0,7.7,B
2021-06-21T09:34:59,200.0,7.7,B
2021-06-21T09:34:59,500.0,7.7,B
2021-06-21T09:34:58,3000.0,7.7,B
2021-06-21T09:34:39,10000.0,7.7,B
2021-06-21T09:34:32,3300.0,7.69,B
2021-06-21T09:34:32,36800.0,7.69,B
2021-06-21T09:34:32,10900.0,7.69,B
2021-06-21T09:34:27,10000.0,7.68,B
2021-06-21T09:34:06,100.0,7.69,B
2021-06-21T09:33:47,700.0,7.68,B
2021-06-21T09:33:32,1000.0,7.67,B
2021-06-21T09:33:32,300.0,7.67,B
2021-06-21T09:33:27,300.0,7.68,B
2021-06-21T09:33:26,600.0,7.68,B
2021-06-21T09:33:24,1200.0,7.68,B
2021-06-21T09:33:13,500.0,7.67,B
2021-06-21T09:32:59,5300.0,7.67,B
2021-06-21T09:32:34,40000.0,7.67,B
2021-06-21T09:32:24,1600.0,7.66,B
2021-06-21T09:32:24,1200.0,7.66,B
2021-06-21T09:32:24,200.0,7.66,B
2021-06-21T09:32:17,100.0,7.67,B
2021-06-21T09:32:14,100.0,7.66,B
2021-06-21T09:31:58,1700.0,7.66,B
2021-06-21T09:31:38,1000.0,7.66,B
2021-06-21T09:31:37,4500.0,7.66,B
2021-06-21T09:31:35,2000.0,7.65,B
2021-06-21T09:31:30,20000.0,7.66,B
2021-06-21T09:31:29,3000.0,7.66,B
2021-06-21T09:31:27,1000.0,7.65,B
2021-06-21T09:31:27,3000.0,7.66,B
2021-06-21T09:31:24,800.0,7.66,B
2021-06-21T09:31:14,2000.0,7.66,B
2021-06-21T09:31:02,2000.0,7.66,B
2021-06-21T09:30:59,30000.0,7.65,B
2021-06-21T09:30:58,1000.0,7.66,B
2021-06-21T09:30:50,300.0,7.66,B
2021-06-21T09:30:42,3000.0,7.66,B
2021-06-21T09:30:41,500.0,7.66,B
2021-06-21T09:30:38,700.0,7.65,B
2021-06-21T09:30:37,2000.0,7.66,B
2021-06-21T09:30:33,300.0,7.66,B
2021-06-21T09:30:25,100.0,7.65,B
2021-06-21T09:30:23,2000.0,7.66,B
2021-06-21T09:30:02,11800.0,7.66,B
2021-06-21T09:29:52,300.0,7.66,B
2021-06-21T09:29:40,500.0,7.65,B
2021-06-21T09:29:17,900.0,7.66,B
2021-06-21T09:29:02,1000.0,7.65,B
2021-06-21T09:28:49,100.0,7.66,B
2021-06-21T09:28:46,200.0,7.66,B
2021-06-21T09:28:35,100.0,7.66,B
2021-06-21T09:28:30,1000.0,7.66,B
2021-06-21T09:28:21,400.0,7.66,B
2021-06-21T09:28:14,500.0,7.66,B
2021-06-21T09:28:13,200.0,7.66,B
2021-06-21T09:27:56,100.0,7.65,B
2021-06-21T09:27:56,500.0,7.65,B
2021-06-21T09:27:55,100.0,7.66,B
2021-06-21T09:27:52,500.0,7.66,B
2021-06-21T09:27:50,6000.0,7.67,B
2021-06-21T09:27:45,1000.0,7.65,B
2021-06-21T09:27:34,1300.0,7.66,B
2021-06-21T09:27:24,1900.0,7.66,B
2021-06-21T09:27:16,300.0,7.66,B
2021-06-21T09:27:12,200.0,7.66,B
2021-06-21T09:27:10,500.0,7.65,B
2021-06-21T09:27:04,2000.0,7.65,B
2021-06-21T09:27:01,100.0,7.65,B
2021-06-21T09:26:59,10000.0,7.65,B
2021-06-21T09:26:57,200.0,7.65,B
2021-06-21T09:26:56,1000.0,7.64,B
2021-06-21T09:26:56,2000.0,7.65,B
2021-06-21T09:26:55,1000.0,7.65,B
2021-06-21T09:26:49,2000.0,7.65,B
2021-06-21T09:26:47,6000.0,7.65,B
2021-06-21T09:26:46,200.0,7.64,B
2021-06-21T09:26:45,4300.0,7.65,B
2021-06-21T09:26:35,1000.0,7.65,B
2021-06-21T09:26:31,1000.0,7.65,B
2021-06-21T09:26:30,1000.0,7.65,B
2021-06-21T09:26:29,100.0,7.65,B
2021-06-21T09:26:17,100.0,7.64,B
2021-06-21T09:26:17,100.0,7.64,B
2021-06-21T09:26:11,10000.0,7.65,B
2021-06-21T09:26:04,3100.0,7.65,B
2021-06-21T09:26:01,500.0,7.64,B
2021-06-21T09:25:57,2000.0,7.64,B
2021-06-21T09:25:55,7100.0,7.64,B
2021-06-21T09:25:54,3000.0,7.63,B
2021-06-21T09:25:50,500.0,7.63,B
2021-06-21T09:25:50,1500.0,7.63,B
2021-06-21T09:25:48,100.0,7.63,B
2021-06-21T09:25:47,2000.0,7.64,B
2021-06-21T09:25:40,5600.0,7.63,B
2021-06-21T09:25:40,300.0,7.63,B
2021-06-21T09:25:40,2900.0,7.63,B
2021-06-21T09:25:40,1200.0,7.63,B
2021-06-21T09:25:40,2800.0,7.63,B
2021-06-21T09:25:40,9000.0,7.63,B
2021-06-21T09:25:36,2500.0,7.62,S
2021-06-21T09:25:29,300.0,7.63,B
2021-06-21T09:25:01,500.0,7.63,B
2021-06-21T09:24:48,2000.0,7.63,B
2021-06-21T09:24:41,400.0,7.62,B
2021-06-21T09:24:38,1300.0,7.62,B
2021-06-21T09:24:34,1000.0,7.62,B
2021-06-21T09:24:32,5000.0,7.63,B
2021-06-21T09:24:32,200.0,7.62,B
2021-06-21T09:24:28,300.0,7.62,B
2021-06-21T09:24:20,100.0,7.62,B
2021-06-21T09:24:14,400.0,7.62,B
2021-06-21T09:23:37,100.0,7.62,S
2021-06-21T09:23:31,900.0,7.61,S
2021-06-21T09:23:22,100.0,7.61,S
2021-06-21T09:23:16,2000.0,7.61,S
2021-06-21T09:23:03,1500.0,7.63,B
2021-06-21T09:23:01,200.0,7.6,S
2021-06-21T09:22:57,5000.0,7.6,S
2021-06-21T09:22:45,19700.0,7.6,S
2021-06-21T09:22:42,10900.0,7.6,S
2021-06-21T09:22:42,600.0,7.6,S
2021-06-21T09:22:42,5600.0,7.6,S
2021-06-21T09:22:42,1700.0,7.6,S
2021-06-21T09:22:42,300.0,7.6,S
2021-06-21T09:22:42,5800.0,7.6,S
2021-06-21T09:22:42,8200.0,7.6,S
2021-06-21T09:22:42,2600.0,7.6,S
2021-06-21T09:22:42,500.0,7.6,S
2021-06-21T09:22:42,12500.0,7.6,S
2021-06-21T09:22:42,1300.0,7.6,S
2021-06-21T09:22:41,100.0,7.61,S
2021-06-21T09:22:40,500.0,7.63,B
2021-06-21T09:22:35,7500.0,7.6,S
2021-06-21T09:22:19,100.0,7.61,S
2021-06-21T09:22:09,100.0,7.6,S
2021-06-21T09:22:08,1000.0,7.63,B
2021-06-21T09:22:00,100.0,7.63,B
2021-06-21T09:21:57,1000.0,7.6,S
2021-06-21T09:21:44,700.0,7.63,B
2021-06-21T09:21:40,100.0,7.63,B
2021-06-21T09:21:39,1700.0,7.6,S
2021-06-21T09:21:39,6000.0,7.6,S
2021-06-21T09:21:39,7300.0,7.6,S
2021-06-21T09:21:38,1800.0,7.63,B
2021-06-21T09:21:08,1600.0,7.64,B
2021-06-21T09:21:02,1000.0,7.64,B
2021-06-21T09:21:02,27400.0,7.64,B
2021-06-21T09:20:51,100.0,7.61,S
2021-06-21T09:20:46,700.0,7.63,B
2021-06-21T09:20:43,1000.0,7.6,S
2021-06-21T09:20:41,300.0,7.63,B
2021-06-21T09:20:25,8900.0,7.64,B
2021-06-21T09:20:25,11100.0,7.63,B
2021-06-21T09:20:18,5000.0,7.6,S
2021-06-21T09:20:15,1000.0,7.6,S
2021-06-21T09:20:09,1000.0,7.6,S
2021-06-21T09:20:00,100.0,7.6,S
2021-06-21T09:19:57,200.0,7.63,S
2021-06-21T09:19:54,100.0,7.63,S
2021-06-21T09:19:51,1700.0,7.6,S
2021-06-21T09:19:51,200.0,7.6,S
2021-06-21T09:19:51,100.0,7.6,S
2021-06-21T09:19:42,100.0,7.6,S
2021-06-21T09:19:42,300.0,7.6,S
2021-06-21T09:19:42,1000.0,7.6,S
2021-06-21T09:19:42,200.0,7.6,S
2021-06-21T09:19:42,100.0,7.6,S
2021-06-21T09:19:42,6400.0,7.6,S
2021-06-21T09:19:42,100.0,7.6,S
2021-06-21T09:19:42,300.0,7.6,S
2021-06-21T09:19:42,100.0,7.6,S
2021-06-21T09:19:42,1100.0,7.6,S
2021-06-21T09:19:42,2000.0,7.6,S
2021-06-21T09:19:42,5100.0,7.6,S
2021-06-21T09:19:42,800.0,7.61,S
2021-06-21T09:19:42,100.0,7.61,S
2021-06-21T09:19:42,300.0,7.61,S
2021-06-21T09:19:42,7100.0,7.61,S
2021-06-21T09:19:42,16100.0,7.62,S
2021-06-21T09:19:42,500.0,7.64,B
2021-06-21T09:19:37,4000.0,7.63,S
2021-06-21T09:19:36,2000.0,7.63,S
2021-06-21T09:19:35,200.0,7.63,S
2021-06-21T09:19:28,2300.0,7.63,S
2021-06-21T09:19:23,300.0,7.63,S
2021-06-21T09:19:23,8400.0,7.63,S
2021-06-21T09:19:22,30700.0,7.63,S
2021-06-21T09:19:20,2000.0,7.63,S
2021-06-21T09:19:19,1000.0,7.63,S
2021-06-21T09:19:17,200.0,7.63,S
2021-06-21T09:19:15,2900.0,7.63,S
2021-06-21T09:19:10,4800.0,7.63,S
2021-06-21T09:19:10,2000.0,7.63,S
2021-06-21T09:19:08,1000.0,7.63,S
2021-06-21T09:19:08,100.0,7.63,S
2021-06-21T09:19:05,1000.0,7.63,S
2021-06-21T09:19:02,100.0,7.63,S
2021-06-21T09:18:54,100.0,7.63,B
2021-06-21T09:18:47,2000.0,7.63,B
2021-06-21T09:18:40,1100.0,7.63,B
2021-06-21T09:18:40,1000.0,7.63,B
2021-06-21T09:18:35,200.0,7.63,B
2021-06-21T09:18:34,300.0,7.63,B
2021-06-21T09:18:30,2000.0,7.63,B
2021-06-21T09:18:30,1000.0,7.63,B
2021-06-21T09:18:28,17900.0,7.63,B
2021-06-21T09:18:26,500.0,7.61,S
2021-06-21T09:18:26,5000.0,7.61,S
2021-06-21T09:18:23,1000.0,7.62,B
2021-06-21T09:18:20,10000.0,7.61,S
2021-06-21T09:18:16,100.0,7.62,B
2021-06-21T09:18:12,500.0,7.62,S
2021-06-21T09:18:11,1500.0,7.63,B
2021-06-21T09:18:11,10000.0,7.63,B
2021-06-21T09:18:10,200.0,7.62,S
2021-06-21T09:18:08,5000.0,7.63,B
2021-06-21T09:18:05,500.0,7.63,B
2021-06-21T09:18:02,1000.0,7.62,S
2021-06-21T09:17:58,500.0,7.63,B
2021-06-21T09:17:56,100.0,7.63,B
2021-06-21T09:17:53,500.0,7.63,B
2021-06-21T09:17:45,100.0,7.62,S
2021-06-21T09:17:45,1300.0,7.62,S
2021-06-21T09:17:45,200.0,7.62,S
2021-06-21T09:17:43,1000.0,7.63,B
2021-06-21T09:17:42,500.0,7.63,B
2021-06-21T09:17:38,2000.0,7.63,B
2021-06-21T09:17:32,500.0,7.63,B
2021-06-21T09:17:13,1000.0,7.63,B
2021-06-21T09:17:12,1000.0,7.63,B
2021-06-21T09:17:03,100.0,7.63,B
2021-06-21T09:16:52,100.0,7.62,S
2021-06-21T09:16:27,2000.0,7.61,S
2021-06-21T09:16:18,200.0,7.63,B
2021-06-21T09:16:03,4000.0,7.61,B
2021-06-21T09:15:57,12000.0,7.61,B
2021-06-21T09:15:56,200.0,7.6,S
2021-06-21T09:15:48,5000.0,7.6,S
