tradingTime,volume,price,side
2021-06-21T14:22:20,1000.0,33.0,S
2021-06-21T14:22:18,1500.0,33.0,S
2021-06-21T14:22:03,200.0,33.0,S
2021-06-21T14:21:38,400.0,33.05,S
2021-06-21T14:21:31,300.0,33.0,S
2021-06-21T14:21:25,700.0,33.05,S
2021-06-21T14:21:25,5800.0,33.05,S
2021-06-21T14:21:25,10300.0,33.05,S
2021-06-21T14:21:24,1700.0,33.05,S
2021-06-21T14:21:24,100.0,33.05,S
2021-06-21T14:21:24,1000.0,33.05,S
2021-06-21T14:21:24,5300.0,33.05,S
2021-06-21T14:21:11,200.0,33.05,S
2021-06-21T14:21:11,200.0,33.05,S
2021-06-21T14:20:18,1000.0,33.05,S
2021-06-21T14:19:14,1000.0,33.05,S
2021-06-21T14:19:07,100.0,33.1,S
2021-06-21T14:18:42,100.0,33.1,S
2021-06-21T14:18:40,200.0,33.1,S
2021-06-21T14:18:37,200.0,33.1,S
2021-06-21T14:17:51,500.0,33.1,S
2021-06-21T14:17:47,900.0,33.1,S
2021-06-21T14:17:14,2900.0,33.1,S
2021-06-21T14:16:57,5000.0,33.15,B
2021-06-21T14:15:41,1000.0,33.15,S
2021-06-21T14:15:41,1000.0,33.05,S
2021-06-21T14:15:29,500.0,33.1,S
2021-06-21T14:15:28,300.0,33.1,S
2021-06-21T14:15:28,5000.0,33.1,S
2021-06-21T14:15:28,1200.0,33.1,S
2021-06-21T14:15:28,300.0,33.1,S
2021-06-21T14:15:28,1500.0,33.1,S
2021-06-21T14:15:28,1500.0,33.1,S
2021-06-21T14:15:28,39200.0,33.1,S
2021-06-21T14:15:10,100.0,33.15,S
2021-06-21T14:14:50,100.0,33.15,S
2021-06-21T14:14:47,500.0,33.15,S
2021-06-21T14:14:44,50000.0,33.15,S
2021-06-21T14:14:41,1500.0,33.2,B
2021-06-21T14:14:32,1000.0,33.15,S
2021-06-21T14:14:12,500.0,33.2,B
2021-06-21T14:13:56,1000.0,33.15,S
2021-06-21T14:13:37,100.0,33.15,S
2021-06-21T14:13:21,100.0,33.2,B
2021-06-21T14:12:11,300.0,33.2,B
2021-06-21T14:11:03,200.0,33.2,B
2021-06-21T14:10:36,100.0,33.15,S
2021-06-21T14:10:35,3000.0,33.15,S
2021-06-21T14:10:02,1000.0,33.15,S
2021-06-21T14:09:55,6800.0,33.15,B
2021-06-21T14:09:55,1500.0,33.1,S
2021-06-21T14:09:29,500.0,33.15,S
2021-06-21T14:09:29,13700.0,33.15,S
2021-06-21T14:09:05,100.0,33.15,S
2021-06-21T14:09:01,1000.0,33.15,S
2021-06-21T14:08:55,1000.0,33.15,S
2021-06-21T14:08:01,100.0,33.15,S
2021-06-21T14:07:33,100.0,33.15,S
2021-06-21T14:07:29,4800.0,33.15,S
2021-06-21T14:07:09,900.0,33.15,S
2021-06-21T14:06:55,4800.0,33.15,S
2021-06-21T14:06:46,5000.0,33.15,B
2021-06-21T14:06:25,1600.0,33.15,B
2021-06-21T14:06:25,3400.0,33.15,B
2021-06-21T14:06:12,1000.0,33.15,S
2021-06-21T14:06:09,3000.0,33.15,S
2021-06-21T14:06:07,100.0,33.2,B
2021-06-21T14:05:58,1200.0,33.15,S
2021-06-21T14:05:52,100.0,33.15,S
2021-06-21T14:05:29,800.0,33.15,S
2021-06-21T14:05:19,5000.0,33.15,S
2021-06-21T14:04:08,100.0,33.15,S
2021-06-21T14:03:51,200.0,33.15,S
2021-06-21T14:02:18,100.0,33.2,B
2021-06-21T14:01:47,1500.0,33.15,S
2021-06-21T14:01:43,100.0,33.2,B
2021-06-21T14:01:40,1000.0,33.15,S
2021-06-21T14:01:40,900.0,33.15,S
2021-06-21T14:00:57,6300.0,33.2,B
2021-06-21T14:00:57,13700.0,33.2,B
2021-06-21T14:00:45,500.0,33.15,S
2021-06-21T14:00:45,1900.0,33.15,S
2021-06-21T14:00:43,1100.0,33.15,S
2021-06-21T14:00:05,2000.0,33.15,S
2021-06-21T14:00:01,100.0,33.15,S
2021-06-21T13:59:40,100.0,33.2,B
2021-06-21T13:59:07,200.0,33.2,B
2021-06-21T13:58:29,100.0,33.2,B
2021-06-21T13:57:49,100.0,33.15,S
2021-06-21T13:57:18,200.0,33.2,B
2021-06-21T13:57:17,500.0,33.15,S
2021-06-21T13:57:14,300.0,33.2,B
2021-06-21T13:55:46,2000.0,33.2,B
2021-06-21T13:55:45,3600.0,33.15,S
2021-06-21T13:55:20,2200.0,33.15,S
2021-06-21T13:54:59,1200.0,33.15,S
2021-06-21T13:54:50,600.0,33.15,S
2021-06-21T13:54:28,1100.0,33.15,S
2021-06-21T13:54:28,400.0,33.15,S
2021-06-21T13:54:28,1500.0,33.15,S
2021-06-21T13:54:16,200.0,33.15,S
2021-06-21T13:54:03,200.0,33.15,S
2021-06-21T13:54:03,3000.0,33.15,S
2021-06-21T13:53:34,100.0,33.15,S
2021-06-21T13:53:31,100.0,33.2,B
2021-06-21T13:53:30,100.0,33.15,S
2021-06-21T13:53:18,100.0,33.2,B
2021-06-21T13:52:21,2400.0,33.15,B
2021-06-21T13:52:06,100.0,33.15,B
2021-06-21T13:51:36,3200.0,33.15,S
2021-06-21T13:51:33,2000.0,33.15,S
2021-06-21T13:50:49,6500.0,33.15,S
2021-06-21T13:50:42,4000.0,33.15,S
2021-06-21T13:50:42,1200.0,33.15,S
2021-06-21T13:50:42,1200.0,33.15,S
2021-06-21T13:50:42,600.0,33.15,S
2021-06-21T13:50:39,800.0,33.2,B
2021-06-21T13:50:36,300.0,33.15,S
2021-06-21T13:50:21,300.0,33.15,S
2021-06-21T13:49:44,100.0,33.15,S
2021-06-21T13:49:44,500.0,33.15,S
2021-06-21T13:49:44,100.0,33.15,S
2021-06-21T13:49:03,100.0,33.2,B
2021-06-21T13:48:56,1000.0,33.2,B
2021-06-21T13:48:54,1000.0,33.2,B
2021-06-21T13:48:15,400.0,33.2,B
2021-06-21T13:48:03,100.0,33.15,S
2021-06-21T13:47:54,500.0,33.15,S
2021-06-21T13:47:35,1000.0,33.15,S
2021-06-21T13:47:21,200.0,33.15,S
2021-06-21T13:47:13,900.0,33.15,S
2021-06-21T13:47:10,200.0,33.15,S
2021-06-21T13:47:09,1200.0,33.15,S
2021-06-21T13:46:27,300.0,33.15,S
2021-06-21T13:45:24,900.0,33.15,S
2021-06-21T13:45:00,200.0,33.2,B
2021-06-21T13:44:48,100.0,33.15,S
2021-06-21T13:44:28,1000.0,33.15,S
2021-06-21T13:44:25,900.0,33.15,S
2021-06-21T13:44:06,200.0,33.15,S
2021-06-21T13:43:37,100.0,33.2,B
2021-06-21T13:43:32,100.0,33.2,B
2021-06-21T13:42:58,1000.0,33.2,B
2021-06-21T13:42:19,400.0,33.15,S
2021-06-21T13:41:53,2500.0,33.15,S
2021-06-21T13:41:47,2000.0,33.15,S
2021-06-21T13:41:29,5000.0,33.1,S
2021-06-21T13:41:17,100.0,33.2,B
2021-06-21T13:40:38,500.0,33.2,B
2021-06-21T13:40:00,2000.0,33.2,S
2021-06-21T13:39:55,100.0,33.2,S
2021-06-21T13:39:40,500.0,33.2,S
2021-06-21T13:39:37,5000.0,33.2,S
2021-06-21T13:38:56,100.0,33.2,S
2021-06-21T13:38:27,2000.0,33.3,B
2021-06-21T13:37:37,100.0,33.3,S
2021-06-21T13:37:33,6100.0,33.3,S
2021-06-21T13:37:33,7500.0,33.3,S
2021-06-21T13:37:32,300.0,33.3,S
2021-06-21T13:37:26,1000.0,33.3,S
2021-06-21T13:37:21,800.0,33.4,B
2021-06-21T13:37:08,100.0,33.4,B
2021-06-21T13:36:50,2000.0,33.4,B
2021-06-21T13:35:34,100.0,33.4,B
2021-06-21T13:35:27,2000.0,33.4,B
2021-06-21T13:34:57,300.0,33.4,B
2021-06-21T13:34:35,800.0,33.4,B
2021-06-21T13:34:34,1100.0,33.35,S
2021-06-21T13:34:22,100.0,33.4,B
2021-06-21T13:34:09,100.0,33.4,B
2021-06-21T13:34:06,2300.0,33.4,B
2021-06-21T13:33:50,100.0,33.4,B
2021-06-21T13:33:35,3000.0,33.35,S
2021-06-21T13:33:28,500.0,33.4,B
2021-06-21T13:32:04,100.0,33.4,B
2021-06-21T13:32:00,500.0,33.4,B
2021-06-21T13:31:44,100.0,33.35,B
2021-06-21T13:31:29,100.0,33.35,B
2021-06-21T13:31:18,300.0,33.3,B
2021-06-21T13:31:18,200.0,33.3,B
2021-06-21T13:31:18,600.0,33.3,B
2021-06-21T13:31:18,600.0,33.3,B
2021-06-21T13:31:17,700.0,33.3,B
2021-06-21T13:31:17,3400.0,33.3,B
2021-06-21T13:31:17,2600.0,33.25,B
2021-06-21T13:31:06,100.0,33.25,B
2021-06-21T13:30:47,2300.0,33.2,B
2021-06-21T13:30:47,100.0,33.2,B
2021-06-21T13:30:47,1100.0,33.2,B
2021-06-21T13:30:47,900.0,33.2,B
2021-06-21T13:30:47,200.0,33.2,B
2021-06-21T13:30:47,5800.0,33.15,B
2021-06-21T13:30:40,300.0,33.1,S
2021-06-21T13:30:09,100.0,33.05,S
2021-06-21T13:30:04,300.0,33.1,B
2021-06-21T13:30:04,8700.0,33.1,B
2021-06-21T13:30:03,500.0,33.1,B
2021-06-21T13:29:59,100.0,33.1,B
2021-06-21T13:29:57,5000.0,33.1,B
2021-06-21T13:29:53,500.0,33.1,B
2021-06-21T13:29:48,1000.0,33.1,B
2021-06-21T13:29:43,100.0,33.1,B
2021-06-21T13:29:25,400.0,33.1,B
2021-06-21T13:29:07,100.0,33.1,B
2021-06-21T13:28:56,500.0,33.1,B
2021-06-21T13:28:51,200.0,33.05,B
2021-06-21T13:28:41,800.0,33.1,B
2021-06-21T13:28:33,300.0,33.05,B
2021-06-21T13:28:31,200.0,33.1,B
2021-06-21T13:28:30,100.0,33.05,B
2021-06-21T13:28:16,800.0,33.1,B
2021-06-21T13:28:16,900.0,33.05,B
2021-06-21T13:28:16,3300.0,33.05,B
2021-06-21T13:28:10,5000.0,33.05,B
2021-06-21T13:28:07,1000.0,33.05,B
2021-06-21T13:27:52,1000.0,33.05,B
2021-06-21T13:27:27,5000.0,33.05,B
2021-06-21T13:27:26,700.0,33.0,B
2021-06-21T13:27:26,1500.0,33.0,B
2021-06-21T13:27:26,4000.0,33.0,B
2021-06-21T13:27:26,16800.0,33.0,B
2021-06-21T13:27:26,12700.0,33.0,B
2021-06-21T13:27:26,12300.0,33.0,B
2021-06-21T13:27:26,1400.0,33.0,B
2021-06-21T13:27:26,18000.0,33.0,B
2021-06-21T13:26:59,2500.0,32.95,B
2021-06-21T13:26:44,2600.0,32.95,B
2021-06-21T13:26:44,1600.0,32.95,B
2021-06-21T13:26:42,200.0,32.95,B
2021-06-21T13:26:29,200.0,32.95,B
2021-06-21T13:26:24,3000.0,32.95,B
2021-06-21T13:26:22,500.0,32.95,B
2021-06-21T13:26:17,2000.0,32.95,B
2021-06-21T13:26:14,300.0,32.95,B
2021-06-21T13:26:08,2400.0,32.95,B
2021-06-21T13:25:57,100.0,32.95,B
2021-06-21T13:25:43,5000.0,32.95,B
2021-06-21T13:25:42,1000.0,32.9,S
2021-06-21T13:25:39,500.0,32.9,S
2021-06-21T13:25:36,1000.0,32.95,B
2021-06-21T13:25:34,100.0,32.9,S
2021-06-21T13:25:18,1000.0,32.95,B
2021-06-21T13:25:14,900.0,32.95,B
2021-06-21T13:25:08,100.0,32.95,B
2021-06-21T13:25:07,1000.0,32.95,B
2021-06-21T13:25:06,10000.0,32.9,S
2021-06-21T13:24:53,1200.0,32.9,S
2021-06-21T13:24:53,1000.0,32.95,B
2021-06-21T13:24:48,800.0,32.95,B
2021-06-21T13:24:30,100.0,32.95,B
2021-06-21T13:24:30,1800.0,32.95,B
2021-06-21T13:24:26,500.0,32.9,S
2021-06-21T13:24:20,1000.0,32.95,B
2021-06-21T13:24:06,4300.0,32.9,S
2021-06-21T13:23:57,20000.0,32.9,S
2021-06-21T13:23:57,1000.0,32.95,B
2021-06-21T13:23:27,4400.0,32.9,S
2021-06-21T13:23:22,3400.0,32.95,B
2021-06-21T13:23:18,200.0,32.9,S
2021-06-21T13:22:37,10000.0,32.9,S
2021-06-21T13:22:31,3600.0,32.9,S
2021-06-21T13:22:31,100.0,32.9,S
2021-06-21T13:22:20,1000.0,32.95,B
2021-06-21T13:22:20,4000.0,32.95,B
2021-06-21T13:21:50,100.0,32.9,S
2021-06-21T13:21:43,1000.0,32.9,S
2021-06-21T13:21:22,16000.0,32.9,S
2021-06-21T13:21:16,10000.0,32.95,S
2021-06-21T13:20:56,400.0,32.9,S
2021-06-21T13:20:31,900.0,32.95,S
2021-06-21T13:20:08,5000.0,32.9,S
2021-06-21T13:20:05,6000.0,32.9,S
2021-06-21T13:20:05,1600.0,32.9,S
2021-06-21T13:20:05,100.0,32.9,S
2021-06-21T13:20:03,1000.0,32.95,S
2021-06-21T13:19:57,200.0,32.95,S
2021-06-21T13:19:50,100.0,32.95,S
2021-06-21T13:19:38,500.0,32.95,S
2021-06-21T13:19:29,500.0,32.95,S
2021-06-21T13:19:22,5200.0,32.95,S
2021-06-21T13:19:21,3400.0,32.95,S
2021-06-21T13:19:12,1000.0,32.95,S
2021-06-21T13:18:38,2000.0,32.95,S
2021-06-21T13:18:36,900.0,32.95,S
2021-06-21T13:18:29,500.0,32.95,S
2021-06-21T13:18:28,200.0,32.95,S
2021-06-21T13:18:24,1000.0,33.0,B
2021-06-21T13:18:21,100.0,32.95,S
2021-06-21T13:18:16,1500.0,32.95,S
2021-06-21T13:18:03,1000.0,33.0,B
2021-06-21T13:17:19,1000.0,32.95,S
2021-06-21T13:17:17,100.0,33.0,B
2021-06-21T13:17:15,500.0,32.95,S
2021-06-21T13:17:15,300.0,32.95,S
2021-06-21T13:17:15,100.0,32.95,S
2021-06-21T13:17:15,200.0,32.95,S
2021-06-21T13:17:15,700.0,32.95,S
2021-06-21T13:17:15,3200.0,32.95,S
2021-06-21T13:16:54,1000.0,32.95,S
2021-06-21T13:16:52,300.0,32.95,S
2021-06-21T13:16:44,1000.0,32.95,S
2021-06-21T13:16:29,200.0,33.0,B
2021-06-21T13:16:27,200.0,33.0,B
2021-06-21T13:15:50,1300.0,32.95,S
2021-06-21T13:15:50,1000.0,33.0,S
2021-06-21T13:15:44,200.0,33.0,S
2021-06-21T13:15:36,5000.0,32.95,S
2021-06-21T13:15:34,1000.0,32.95,S
2021-06-21T13:15:29,500.0,33.0,S
2021-06-21T13:15:26,100.0,32.95,S
2021-06-21T13:15:22,1900.0,32.95,S
2021-06-21T13:15:17,2600.0,32.95,S
2021-06-21T13:15:11,800.0,32.95,S
2021-06-21T13:15:09,500.0,32.95,S
2021-06-21T13:14:44,100.0,32.95,S
2021-06-21T13:14:40,5000.0,32.95,S
2021-06-21T13:14:15,1000.0,32.95,S
2021-06-21T13:13:56,100.0,32.95,S
2021-06-21T13:13:55,300.0,33.0,S
2021-06-21T13:13:45,100.0,33.0,S
2021-06-21T13:13:44,500.0,33.0,S
2021-06-21T13:13:32,800.0,32.95,S
2021-06-21T13:13:22,400.0,33.0,S
2021-06-21T13:13:22,1000.0,33.0,S
2021-06-21T13:13:22,5800.0,33.0,S
2021-06-21T13:13:22,800.0,33.0,S
2021-06-21T13:13:22,100.0,33.0,S
2021-06-21T13:13:21,100.0,33.0,S
2021-06-21T13:13:21,10000.0,33.0,S
2021-06-21T13:13:18,1200.0,33.0,S
2021-06-21T13:13:17,800.0,33.0,S
2021-06-21T13:13:16,100.0,33.0,S
2021-06-21T13:13:16,700.0,33.0,S
2021-06-21T13:13:12,1200.0,33.0,S
2021-06-21T13:13:12,500.0,33.0,S
2021-06-21T13:13:12,8300.0,33.0,S
2021-06-21T13:12:48,200.0,33.0,S
2021-06-21T13:12:48,400.0,33.0,S
2021-06-21T13:12:44,8400.0,33.0,S
2021-06-21T13:12:41,50000.0,33.0,S
2021-06-21T13:12:41,200.0,33.0,S
2021-06-21T13:12:39,7200.0,33.0,S
2021-06-21T13:12:38,100.0,33.0,S
2021-06-21T13:12:34,200.0,33.0,S
2021-06-21T13:12:19,5000.0,33.0,S
2021-06-21T13:12:16,300.0,33.0,S
2021-06-21T13:12:15,100.0,33.0,S
2021-06-21T13:12:15,1000.0,33.0,S
2021-06-21T13:12:12,500.0,33.0,S
2021-06-21T13:12:11,1500.0,33.0,S
2021-06-21T13:12:06,1000.0,33.0,S
2021-06-21T13:12:06,200.0,33.05,S
2021-06-21T13:12:03,400.0,33.05,S
2021-06-21T13:12:00,5000.0,33.0,S
2021-06-21T13:11:58,10000.0,33.0,S
2021-06-21T13:11:56,800.0,33.0,S
2021-06-21T13:11:56,2500.0,33.0,S
2021-06-21T13:11:56,500.0,33.0,S
2021-06-21T13:11:54,200.0,33.0,S
2021-06-21T13:11:46,200.0,33.0,S
2021-06-21T13:10:44,100.0,33.0,S
2021-06-21T13:10:44,5200.0,33.0,S
2021-06-21T13:10:43,4700.0,33.0,S
2021-06-21T13:10:42,1700.0,33.0,S
2021-06-21T13:08:56,3000.0,33.05,S
2021-06-21T13:08:42,1500.0,33.1,B
2021-06-21T13:07:19,100.0,33.1,S
2021-06-21T13:06:53,400.0,33.1,S
2021-06-21T13:06:19,100.0,33.1,S
2021-06-21T13:05:24,300.0,33.15,S
2021-06-21T13:05:07,700.0,33.15,S
2021-06-21T13:05:02,200.0,33.2,B
2021-06-21T13:03:54,900.0,33.2,B
2021-06-21T13:03:54,800.0,33.2,B
2021-06-21T13:03:32,100.0,33.0,S
2021-06-21T13:03:32,2100.0,33.0,S
2021-06-21T13:03:32,200.0,33.0,S
2021-06-21T13:03:31,700.0,33.0,S
2021-06-21T13:03:31,4300.0,33.0,S
2021-06-21T13:03:31,5600.0,33.0,S
2021-06-21T13:03:31,11000.0,33.0,S
2021-06-21T13:03:31,8000.0,33.0,S
2021-06-21T13:03:31,500.0,33.0,S
2021-06-21T13:03:31,2500.0,33.0,S
2021-06-21T13:03:31,2400.0,33.0,S
2021-06-21T13:03:31,3700.0,33.0,S
2021-06-21T13:03:31,5300.0,33.0,S
2021-06-21T13:03:31,3300.0,33.0,S
2021-06-21T13:03:31,2400.0,33.0,S
2021-06-21T13:03:31,1500.0,33.0,S
2021-06-21T13:03:31,700.0,33.0,S
2021-06-21T13:03:31,2400.0,33.0,S
2021-06-21T13:03:31,500.0,33.05,S
2021-06-21T13:03:30,2800.0,33.05,S
2021-06-21T13:03:28,400.0,33.1,S
2021-06-21T13:03:28,1000.0,33.1,S
2021-06-21T13:03:28,100.0,33.1,S
2021-06-21T13:03:28,300.0,33.1,S
2021-06-21T13:03:28,400.0,33.1,S
2021-06-21T13:03:28,100.0,33.1,S
2021-06-21T13:03:22,400.0,33.1,S
2021-06-21T13:02:58,600.0,33.1,S
2021-06-21T13:02:14,100.0,33.2,B
2021-06-21T13:01:53,2000.0,33.1,S
2021-06-21T13:01:52,100.0,33.2,B
2021-06-21T13:01:46,300.0,33.2,B
2021-06-21T13:01:29,300.0,33.2,B
2021-06-21T13:01:25,15200.0,33.1,S
2021-06-21T13:01:24,29000.0,33.1,S
2021-06-21T13:01:18,500.0,33.2,B
2021-06-21T13:01:09,100.0,33.15,B
2021-06-21T13:00:41,200.0,33.1,S
2021-06-21T13:00:32,200.0,33.1,S
2021-06-21T11:30:11,500.0,33.2,B
2021-06-21T11:30:11,57800.0,33.1,S
2021-06-21T11:30:01,1300.0,33.15,S
2021-06-21T11:30:01,1700.0,33.15,S
2021-06-21T11:29:21,300.0,33.2,S
2021-06-21T11:29:17,500.0,33.2,S
2021-06-21T11:29:10,200.0,33.2,S
2021-06-21T11:28:57,100.0,33.2,S
2021-06-21T11:28:51,500.0,33.2,S
2021-06-21T11:28:51,14400.0,33.2,S
2021-06-21T11:28:45,4600.0,33.2,S
2021-06-21T11:28:38,200.0,33.2,S
2021-06-21T11:28:33,500.0,33.2,S
2021-06-21T11:28:33,2000.0,33.2,S
2021-06-21T11:28:28,200.0,33.25,B
2021-06-21T11:28:22,300.0,33.2,S
2021-06-21T11:28:22,100.0,33.2,S
2021-06-21T11:28:22,1100.0,33.2,S
2021-06-21T11:28:22,3600.0,33.2,S
2021-06-21T11:28:22,600.0,33.2,S
2021-06-21T11:28:22,1300.0,33.2,S
2021-06-21T11:28:22,2200.0,33.2,S
2021-06-21T11:28:22,300.0,33.2,S
2021-06-21T11:28:22,500.0,33.2,S
2021-06-21T11:28:16,200.0,33.2,S
2021-06-21T11:27:51,100.0,33.2,S
2021-06-21T11:27:50,600.0,33.2,S
2021-06-21T11:27:41,8000.0,33.25,B
2021-06-21T11:27:01,300.0,33.2,S
2021-06-21T11:26:52,1000.0,33.2,S
2021-06-21T11:26:47,400.0,33.2,S
2021-06-21T11:26:39,100.0,33.25,B
2021-06-21T11:26:16,700.0,33.2,S
2021-06-21T11:25:54,2000.0,33.2,S
2021-06-21T11:25:37,100.0,33.2,S
2021-06-21T11:25:37,9900.0,33.2,S
2021-06-21T11:25:30,800.0,33.2,S
2021-06-21T11:25:25,500.0,33.2,S
2021-06-21T11:25:24,2500.0,33.2,S
2021-06-21T11:25:16,1000.0,33.25,B
2021-06-21T11:25:05,1000.0,33.2,S
2021-06-21T11:24:58,500.0,33.25,B
2021-06-21T11:24:41,100.0,33.25,B
2021-06-21T11:24:07,100.0,33.2,S
2021-06-21T11:23:42,100.0,33.25,B
2021-06-21T11:23:11,100.0,33.25,B
2021-06-21T11:22:35,600.0,33.25,B
2021-06-21T11:22:22,100000.0,33.2,S
2021-06-21T11:22:22,2000.0,33.25,S
2021-06-21T11:22:16,1200.0,33.25,S
2021-06-21T11:22:11,500.0,33.25,S
2021-06-21T11:22:04,2000.0,33.25,S
2021-06-21T11:22:04,3000.0,33.25,S
2021-06-21T11:22:04,1000.0,33.25,S
2021-06-21T11:21:57,3400.0,33.25,S
2021-06-21T11:21:57,100.0,33.25,S
2021-06-21T11:21:57,600.0,33.25,S
2021-06-21T11:21:57,3000.0,33.25,S
2021-06-21T11:21:57,2200.0,33.25,S
2021-06-21T11:21:57,400.0,33.25,S
2021-06-21T11:21:57,600.0,33.25,S
2021-06-21T11:21:57,500.0,33.25,S
2021-06-21T11:21:57,4100.0,33.25,S
2021-06-21T11:21:57,2400.0,33.25,S
2021-06-21T11:21:56,300.0,33.25,S
2021-06-21T11:21:52,600.0,33.25,S
2021-06-21T11:21:48,1000.0,33.25,S
2021-06-21T11:21:41,100.0,33.25,S
2021-06-21T11:20:21,400.0,33.25,S
2021-06-21T11:20:20,100.0,33.25,S
2021-06-21T11:19:42,2000.0,33.25,S
2021-06-21T11:18:30,500.0,33.3,B
2021-06-21T11:17:59,500.0,33.3,S
2021-06-21T11:17:59,700.0,33.3,S
2021-06-21T11:17:52,1100.0,33.3,S
2021-06-21T11:17:52,900.0,33.3,S
2021-06-21T11:17:39,400.0,33.3,S
2021-06-21T11:17:24,500.0,33.3,S
2021-06-21T11:17:24,100.0,33.3,S
2021-06-21T11:17:23,400.0,33.3,S
2021-06-21T11:17:21,100.0,33.3,S
2021-06-21T11:17:16,500.0,33.3,S
2021-06-21T11:17:16,7000.0,33.3,S
2021-06-21T11:16:55,200.0,33.3,S
2021-06-21T11:16:52,1000.0,33.3,S
2021-06-21T11:16:52,5500.0,33.3,S
2021-06-21T11:16:51,1100.0,33.3,S
2021-06-21T11:16:51,600.0,33.3,S
2021-06-21T11:16:50,400.0,33.3,S
2021-06-21T11:16:20,2300.0,33.3,S
2021-06-21T11:16:20,100.0,33.3,S
2021-06-21T11:16:20,900.0,33.3,S
2021-06-21T11:16:20,100.0,33.3,S
2021-06-21T11:16:20,3600.0,33.3,S
2021-06-21T11:15:33,500.0,33.3,S
2021-06-21T11:15:26,5000.0,33.3,S
2021-06-21T11:15:00,1700.0,33.3,S
2021-06-21T11:14:45,1200.0,33.3,S
2021-06-21T11:14:45,200.0,33.3,S
2021-06-21T11:14:24,100.0,33.3,S
2021-06-21T11:13:46,1600.0,33.3,S
2021-06-21T11:13:45,1400.0,33.3,S
2021-06-21T11:13:41,800.0,33.3,S
2021-06-21T11:13:24,2300.0,33.3,S
2021-06-21T11:13:24,1000.0,33.3,S
2021-06-21T11:13:24,200.0,33.3,S
2021-06-21T11:13:24,300.0,33.3,S
2021-06-21T11:13:24,1200.0,33.3,S
2021-06-21T11:13:01,3000.0,33.3,S
2021-06-21T11:13:01,600.0,33.3,S
2021-06-21T11:13:00,2100.0,33.3,S
2021-06-21T11:12:55,3000.0,33.3,S
2021-06-21T11:12:15,300.0,33.3,S
2021-06-21T11:11:30,5000.0,33.3,S
2021-06-21T11:11:14,2500.0,33.3,S
2021-06-21T11:11:14,7000.0,33.35,S
2021-06-21T11:11:03,2000.0,33.4,B
2021-06-21T11:10:31,1000.0,33.35,S
2021-06-21T11:10:24,31400.0,33.35,S
2021-06-21T11:10:24,800.0,33.35,S
2021-06-21T11:10:24,400.0,33.35,S
2021-06-21T11:10:24,100.0,33.35,S
2021-06-21T11:10:24,1300.0,33.35,S
2021-06-21T11:10:24,12000.0,33.35,S
2021-06-21T11:10:24,800.0,33.35,S
2021-06-21T11:10:24,300.0,33.35,S
2021-06-21T11:10:24,2900.0,33.35,S
2021-06-21T11:10:15,200.0,33.35,S
2021-06-21T11:10:13,500.0,33.4,B
2021-06-21T11:09:55,100.0,33.35,S
2021-06-21T11:09:44,100.0,33.4,B
2021-06-21T11:09:44,600.0,33.4,B
2021-06-21T11:09:25,100.0,33.35,S
2021-06-21T11:09:13,100.0,33.4,B
2021-06-21T11:08:41,1400.0,33.4,B
2021-06-21T11:08:24,1000.0,33.35,S
2021-06-21T11:08:18,200.0,33.35,S
2021-06-21T11:08:14,500.0,33.35,S
2021-06-21T11:08:14,1300.0,33.35,S
2021-06-21T11:08:14,300.0,33.35,S
2021-06-21T11:07:39,1200.0,33.35,S
2021-06-21T11:07:39,800.0,33.35,S
2021-06-21T11:07:39,300.0,33.35,S
2021-06-21T11:07:39,7700.0,33.35,S
2021-06-21T11:07:35,500.0,33.35,S
2021-06-21T11:07:23,1700.0,33.35,S
2021-06-21T11:07:12,1600.0,33.35,S
2021-06-21T11:06:12,1500.0,33.35,S
2021-06-21T11:05:50,10000.0,33.35,S
2021-06-21T11:04:29,500.0,33.35,S
2021-06-21T11:04:26,600.0,33.4,B
2021-06-21T11:03:59,1500.0,33.35,S
2021-06-21T11:03:40,400.0,33.4,B
2021-06-21T11:03:38,1000.0,33.4,B
2021-06-21T11:03:28,2000.0,33.4,B
2021-06-21T11:02:57,1000.0,33.4,B
2021-06-21T11:02:39,100.0,33.4,B
2021-06-21T11:02:23,100.0,33.4,B
2021-06-21T11:02:23,2000.0,33.4,B
2021-06-21T11:02:20,200.0,33.35,S
2021-06-21T11:02:20,100.0,33.4,B
2021-06-21T11:01:07,400.0,33.4,B
2021-06-21T11:01:03,200.0,33.35,S
2021-06-21T11:00:55,200.0,33.35,S
2021-06-21T10:59:53,900.0,33.35,S
2021-06-21T10:59:47,1400.0,33.35,S
2021-06-21T10:57:40,5000.0,33.35,S
2021-06-21T10:57:29,10000.0,33.35,S
2021-06-21T10:56:56,200.0,33.4,B
2021-06-21T10:56:47,900.0,33.35,S
2021-06-21T10:56:24,3200.0,33.35,S
2021-06-21T10:56:16,5000.0,33.35,S
2021-06-21T10:54:55,500.0,33.4,B
2021-06-21T10:54:28,100.0,33.4,B
2021-06-21T10:54:11,100.0,33.35,S
2021-06-21T10:53:52,500.0,33.4,B
2021-06-21T10:53:44,9500.0,33.35,S
2021-06-21T10:53:42,500.0,33.4,B
2021-06-21T10:53:33,11400.0,33.4,B
2021-06-21T10:53:27,10000.0,33.4,B
2021-06-21T10:52:58,2000.0,33.35,S
2021-06-21T10:52:43,10000.0,33.35,S
2021-06-21T10:52:28,500.0,33.35,S
2021-06-21T10:52:20,100.0,33.4,B
2021-06-21T10:52:16,100.0,33.35,S
2021-06-21T10:51:57,200.0,33.4,B
2021-06-21T10:51:40,2000.0,33.4,B
2021-06-21T10:51:38,300.0,33.35,S
2021-06-21T10:51:02,5000.0,33.35,S
2021-06-21T10:50:56,5000.0,33.35,S
2021-06-21T10:50:53,100.0,33.4,B
2021-06-21T10:50:47,200.0,33.4,B
2021-06-21T10:50:47,500.0,33.35,S
2021-06-21T10:50:47,100.0,33.4,B
2021-06-21T10:50:12,100.0,33.4,B
2021-06-21T10:49:50,100.0,33.4,B
2021-06-21T10:49:42,100.0,33.4,B
2021-06-21T10:49:20,500.0,33.4,B
2021-06-21T10:49:07,500.0,33.4,B
2021-06-21T10:48:44,1000.0,33.4,B
2021-06-21T10:48:39,1300.0,33.4,B
2021-06-21T10:48:16,1000.0,33.4,B
2021-06-21T10:48:13,300.0,33.4,B
2021-06-21T10:48:09,1000.0,33.4,B
2021-06-21T10:48:09,1600.0,33.4,B
2021-06-21T10:48:03,23800.0,33.35,S
2021-06-21T10:48:01,1000.0,33.35,S
2021-06-21T10:47:42,1000.0,33.4,B
2021-06-21T10:47:33,100.0,33.4,B
2021-06-21T10:47:26,300.0,33.4,B
2021-06-21T10:47:05,100.0,33.4,B
2021-06-21T10:46:59,100.0,33.4,B
2021-06-21T10:46:41,100.0,33.4,B
2021-06-21T10:46:27,100.0,33.4,B
2021-06-21T10:45:58,100.0,33.4,B
2021-06-21T10:45:53,100.0,33.4,B
2021-06-21T10:45:51,500.0,33.4,B
2021-06-21T10:45:45,100.0,33.4,B
2021-06-21T10:45:30,3500.0,33.4,S
2021-06-21T10:45:08,500.0,33.4,S
2021-06-21T10:45:08,100.0,33.4,S
2021-06-21T10:45:08,100.0,33.4,S
2021-06-21T10:44:41,7700.0,33.4,S
2021-06-21T10:43:38,100.0,33.4,S
2021-06-21T10:43:33,100.0,33.4,S
2021-06-21T10:43:30,1900.0,33.4,S
2021-06-21T10:43:07,400.0,33.35,S
2021-06-21T10:42:42,30000.0,33.45,B
2021-06-21T10:42:17,5000.0,33.4,B
2021-06-21T10:41:44,500.0,33.4,S
2021-06-21T10:41:41,1000.0,33.4,S
2021-06-21T10:41:37,22200.0,33.4,S
2021-06-21T10:41:37,1500.0,33.4,S
2021-06-21T10:41:37,200.0,33.4,S
2021-06-21T10:41:37,300.0,33.4,S
2021-06-21T10:41:37,1300.0,33.4,S
2021-06-21T10:41:37,2400.0,33.4,S
2021-06-21T10:41:37,100.0,33.4,S
2021-06-21T10:41:37,200.0,33.4,S
2021-06-21T10:41:37,4300.0,33.4,S
2021-06-21T10:41:37,3300.0,33.4,S
2021-06-21T10:41:37,300.0,33.4,S
2021-06-21T10:41:37,2000.0,33.4,S
2021-06-21T10:41:37,200.0,33.4,S
2021-06-21T10:41:37,6200.0,33.4,S
2021-06-21T10:41:37,14200.0,33.4,S
2021-06-21T10:41:37,6400.0,33.4,S
2021-06-21T10:41:37,900.0,33.4,S
2021-06-21T10:41:37,1700.0,33.4,S
2021-06-21T10:41:37,600.0,33.4,S
2021-06-21T10:41:37,200.0,33.4,S
2021-06-21T10:41:37,11800.0,33.4,S
2021-06-21T10:41:27,100.0,33.45,B
2021-06-21T10:41:07,500.0,33.45,B
2021-06-21T10:41:00,600.0,33.45,B
2021-06-21T10:40:55,1500.0,33.4,S
2021-06-21T10:40:46,3500.0,33.45,B
2021-06-21T10:40:29,500.0,33.45,B
2021-06-21T10:40:23,400.0,33.45,B
2021-06-21T10:40:02,500.0,33.4,S
2021-06-21T10:39:57,1000.0,33.45,B
2021-06-21T10:39:57,100.0,33.45,B
2021-06-21T10:39:55,300.0,33.45,B
2021-06-21T10:39:53,200.0,33.45,B
2021-06-21T10:39:52,200.0,33.45,B
2021-06-21T10:39:44,200.0,33.45,B
2021-06-21T10:39:41,200.0,33.45,B
2021-06-21T10:39:24,100.0,33.45,B
2021-06-21T10:39:11,400.0,33.45,S
2021-06-21T10:39:10,500.0,33.45,S
2021-06-21T10:39:05,100.0,33.45,S
2021-06-21T10:39:05,100.0,33.45,S
2021-06-21T10:39:02,500.0,33.45,S
2021-06-21T10:38:57,5000.0,33.45,S
2021-06-21T10:38:53,200.0,33.45,S
2021-06-21T10:38:45,200.0,33.45,S
2021-06-21T10:38:43,300.0,33.45,S
2021-06-21T10:38:35,500.0,33.5,B
2021-06-21T10:38:27,700.0,33.45,S
2021-06-21T10:38:24,1000.0,33.45,S
2021-06-21T10:38:14,2500.0,33.45,B
2021-06-21T10:37:55,10000.0,33.4,S
2021-06-21T10:37:41,100.0,33.45,B
2021-06-21T10:37:36,100.0,33.45,S
2021-06-21T10:37:33,600.0,33.45,S
2021-06-21T10:37:33,500.0,33.45,S
2021-06-21T10:37:32,200.0,33.45,S
2021-06-21T10:37:18,1500.0,33.45,S
2021-06-21T10:37:16,100.0,33.5,B
2021-06-21T10:36:51,200.0,33.5,B
2021-06-21T10:36:51,700.0,33.4,S
2021-06-21T10:36:51,3900.0,33.4,S
2021-06-21T10:36:51,800.0,33.4,S
2021-06-21T10:36:51,4600.0,33.4,S
2021-06-21T10:36:45,2000.0,33.5,B
2021-06-21T10:36:37,100.0,33.45,S
2021-06-21T10:36:32,2200.0,33.5,B
2021-06-21T10:36:28,3900.0,33.45,S
2021-06-21T10:36:28,1900.0,33.45,S
2021-06-21T10:36:28,4200.0,33.45,S
2021-06-21T10:36:24,2000.0,33.5,B
2021-06-21T10:36:23,100.0,33.5,B
2021-06-21T10:36:15,500.0,33.5,B
2021-06-21T10:36:13,2000.0,33.45,S
2021-06-21T10:36:10,1000.0,33.5,B
2021-06-21T10:35:53,100.0,33.5,B
2021-06-21T10:35:52,500.0,33.5,B
2021-06-21T10:35:46,200.0,33.5,B
2021-06-21T10:35:44,300.0,33.5,B
2021-06-21T10:35:44,300.0,33.5,B
2021-06-21T10:35:28,300.0,33.5,B
2021-06-21T10:35:27,200.0,33.45,S
2021-06-21T10:35:16,300.0,33.45,S
2021-06-21T10:35:15,500.0,33.45,S
2021-06-21T10:34:50,1500.0,33.5,B
2021-06-21T10:34:44,200.0,33.5,B
2021-06-21T10:34:43,100.0,33.5,B
2021-06-21T10:34:42,200.0,33.45,S
2021-06-21T10:34:41,200.0,33.5,B
2021-06-21T10:34:40,2000.0,33.5,B
2021-06-21T10:34:25,1100.0,33.5,B
2021-06-21T10:34:18,400.0,33.5,B
2021-06-21T10:34:17,100.0,33.5,B
2021-06-21T10:34:16,100.0,33.5,B
2021-06-21T10:34:15,2000.0,33.45,S
2021-06-21T10:34:15,6500.0,33.45,S
2021-06-21T10:34:15,30300.0,33.45,S
2021-06-21T10:34:15,100.0,33.45,S
2021-06-21T10:34:15,500.0,33.45,S
2021-06-21T10:34:15,500.0,33.45,S
2021-06-21T10:34:15,2300.0,33.45,S
2021-06-21T10:34:15,1000.0,33.45,S
2021-06-21T10:34:15,5500.0,33.45,S
2021-06-21T10:34:15,1300.0,33.45,S
2021-06-21T10:34:03,1000.0,33.5,B
2021-06-21T10:33:58,5500.0,33.5,B
2021-06-21T10:33:54,1000.0,33.5,B
2021-06-21T10:33:48,200.0,33.5,B
2021-06-21T10:33:47,12500.0,33.5,B
2021-06-21T10:33:32,200.0,33.5,B
2021-06-21T10:33:27,200.0,33.5,B
2021-06-21T10:33:26,100.0,33.5,B
2021-06-21T10:33:09,600.0,33.5,B
2021-06-21T10:33:06,1000.0,33.5,B
2021-06-21T10:33:06,200.0,33.5,B
2021-06-21T10:33:02,1000.0,33.5,B
2021-06-21T10:32:52,400.0,33.5,B
2021-06-21T10:32:43,1000.0,33.5,B
2021-06-21T10:32:43,2100.0,33.5,B
2021-06-21T10:32:41,500.0,33.5,B
2021-06-21T10:32:41,200.0,33.45,S
2021-06-21T10:32:36,5000.0,33.5,B
2021-06-21T10:32:36,100.0,33.5,B
2021-06-21T10:32:32,25600.0,33.5,B
2021-06-21T10:32:32,100.0,33.5,B
2021-06-21T10:32:28,200.0,33.5,B
2021-06-21T10:32:23,200.0,33.5,B
2021-06-21T10:32:12,100.0,33.45,S
2021-06-21T10:32:12,500.0,33.5,B
2021-06-21T10:32:12,400.0,33.5,B
2021-06-21T10:32:08,2000.0,33.5,B
2021-06-21T10:32:00,3000.0,33.5,B
2021-06-21T10:31:58,2600.0,33.5,B
2021-06-21T10:31:27,1700.0,33.5,B
2021-06-21T10:31:20,4200.0,33.5,B
2021-06-21T10:31:20,2100.0,33.5,B
2021-06-21T10:31:19,3700.0,33.5,B
2021-06-21T10:31:12,200.0,33.5,B
2021-06-21T10:31:09,500.0,33.5,B
2021-06-21T10:31:09,10100.0,33.5,B
2021-06-21T10:31:02,1000.0,33.5,B
2021-06-21T10:31:00,400.0,33.5,B
2021-06-21T10:30:59,500.0,33.5,B
2021-06-21T10:30:53,100.0,33.45,S
2021-06-21T10:30:52,300.0,33.5,B
2021-06-21T10:30:49,100.0,33.5,B
2021-06-21T10:30:48,100.0,33.5,B
2021-06-21T10:30:47,1000.0,33.5,B
2021-06-21T10:30:36,200.0,33.5,B
2021-06-21T10:30:31,200.0,33.5,B
2021-06-21T10:30:31,200.0,33.5,B
2021-06-21T10:30:29,400.0,33.5,B
2021-06-21T10:30:24,1700.0,33.5,B
2021-06-21T10:30:24,1000.0,33.5,B
2021-06-21T10:30:23,300.0,33.5,B
2021-06-21T10:30:22,1000.0,33.5,B
2021-06-21T10:30:19,3000.0,33.5,B
2021-06-21T10:30:17,500.0,33.5,B
2021-06-21T10:30:14,500.0,33.5,B
2021-06-21T10:30:14,300.0,33.5,B
2021-06-21T10:30:10,400.0,33.5,B
2021-06-21T10:30:08,100.0,33.5,B
2021-06-21T10:30:06,1000.0,33.5,B
2021-06-21T10:30:02,200.0,33.5,B
2021-06-21T10:30:02,1000.0,33.5,B
2021-06-21T10:30:01,20000.0,33.5,B
2021-06-21T10:30:01,500.0,33.5,B
2021-06-21T10:30:00,100.0,33.5,B
2021-06-21T10:30:00,100.0,33.5,B
2021-06-21T10:29:57,15000.0,33.5,B
2021-06-21T10:29:57,100.0,33.5,B
2021-06-21T10:29:57,600.0,33.5,B
2021-06-21T10:29:49,200.0,33.5,B
2021-06-21T10:29:46,1000.0,33.5,B
2021-06-21T10:29:45,200.0,33.5,B
2021-06-21T10:29:44,1000.0,33.5,B
2021-06-21T10:29:43,2000.0,33.5,B
2021-06-21T10:29:43,100.0,33.5,B
2021-06-21T10:29:41,400.0,33.5,B
2021-06-21T10:29:41,100.0,33.5,B
2021-06-21T10:29:36,200.0,33.5,B
2021-06-21T10:29:34,900.0,33.5,B
2021-06-21T10:29:32,200.0,33.5,B
2021-06-21T10:29:28,200.0,33.5,B
2021-06-21T10:29:24,1000.0,33.5,B
2021-06-21T10:29:24,3000.0,33.5,B
2021-06-21T10:29:07,1000.0,33.5,B
2021-06-21T10:28:47,200.0,33.5,B
2021-06-21T10:28:30,3000.0,33.45,S
2021-06-21T10:28:25,2000.0,33.5,B
2021-06-21T10:28:21,500.0,33.5,B
2021-06-21T10:28:11,100.0,33.5,B
2021-06-21T10:28:04,5000.0,33.5,B
2021-06-21T10:28:02,1000.0,33.5,B
2021-06-21T10:27:57,400.0,33.5,B
2021-06-21T10:27:56,200.0,33.5,B
2021-06-21T10:27:56,100.0,33.5,B
2021-06-21T10:27:39,200.0,33.5,B
2021-06-21T10:27:20,200.0,33.5,B
2021-06-21T10:26:32,2000.0,33.5,B
2021-06-21T10:26:15,200.0,33.5,B
2021-06-21T10:26:14,200.0,33.5,B
2021-06-21T10:26:12,700.0,33.5,B
2021-06-21T10:25:52,400.0,33.5,B
2021-06-21T10:25:08,1100.0,33.5,B
2021-06-21T10:24:54,3000.0,33.45,S
2021-06-21T10:24:43,800.0,33.5,B
2021-06-21T10:24:12,500.0,33.45,S
2021-06-21T10:23:49,1300.0,33.5,S
2021-06-21T10:23:42,200.0,33.5,S
2021-06-21T10:23:41,500.0,33.5,S
2021-06-21T10:23:25,500.0,33.5,S
2021-06-21T10:23:23,500.0,33.5,S
2021-06-21T10:23:20,1400.0,33.5,S
2021-06-21T10:23:20,800.0,33.5,S
2021-06-21T10:23:20,2800.0,33.5,S
2021-06-21T10:23:20,1000.0,33.5,S
2021-06-21T10:23:03,2000.0,33.5,S
2021-06-21T10:23:01,300.0,33.5,S
2021-06-21T10:22:59,1000.0,33.5,S
2021-06-21T10:22:53,500.0,33.5,S
2021-06-21T10:22:52,1000.0,33.5,S
2021-06-21T10:22:47,500.0,33.5,S
2021-06-21T10:22:45,100.0,33.5,S
2021-06-21T10:22:29,2000.0,33.5,S
2021-06-21T10:22:19,10000.0,33.5,S
2021-06-21T10:22:17,1000.0,33.5,S
2021-06-21T10:22:15,100.0,33.5,S
2021-06-21T10:22:11,100.0,33.5,S
2021-06-21T10:21:54,100.0,33.5,S
2021-06-21T10:21:32,2500.0,33.5,S
2021-06-21T10:21:20,5000.0,33.55,B
2021-06-21T10:21:17,500.0,33.5,S
2021-06-21T10:20:18,3300.0,33.55,B
2021-06-21T10:19:58,1200.0,33.55,B
2021-06-21T10:19:38,500.0,33.55,B
2021-06-21T10:18:47,500.0,33.55,B
2021-06-21T10:18:46,1000.0,33.5,S
2021-06-21T10:18:00,200.0,33.55,B
2021-06-21T10:17:55,10000.0,33.55,B
2021-06-21T10:17:52,1500.0,33.55,B
2021-06-21T10:17:49,300.0,33.55,B
2021-06-21T10:17:43,29900.0,33.55,B
2021-06-21T10:17:42,100.0,33.55,B
2021-06-21T10:17:40,100.0,33.5,S
2021-06-21T10:17:28,300.0,33.5,B
2021-06-21T10:17:27,3000.0,33.5,B
2021-06-21T10:17:26,1000.0,33.5,B
2021-06-21T10:17:26,1200.0,33.5,B
2021-06-21T10:17:26,18400.0,33.5,B
2021-06-21T10:16:35,500.0,33.5,B
2021-06-21T10:16:21,800.0,33.45,S
2021-06-21T10:16:13,1900.0,33.45,S
2021-06-21T10:16:11,200.0,33.45,S
2021-06-21T10:16:11,500.0,33.45,S
2021-06-21T10:16:10,1000.0,33.45,S
2021-06-21T10:16:07,1000.0,33.5,B
2021-06-21T10:15:36,400.0,33.5,B
2021-06-21T10:15:36,9600.0,33.5,B
2021-06-21T10:15:15,1000.0,33.45,S
2021-06-21T10:15:05,1000.0,33.45,S
2021-06-21T10:14:52,2000.0,33.45,S
2021-06-21T10:14:03,10000.0,33.45,S
2021-06-21T10:13:35,1200.0,33.45,S
2021-06-21T10:13:17,100.0,33.5,B
2021-06-21T10:13:10,200.0,33.5,B
2021-06-21T10:13:07,100.0,33.45,S
2021-06-21T10:13:04,1000.0,33.45,S
2021-06-21T10:12:23,1000.0,33.5,B
2021-06-21T10:12:14,200.0,33.5,B
2021-06-21T10:12:11,1000.0,33.5,B
2021-06-21T10:11:48,300.0,33.5,B
2021-06-21T10:11:35,500.0,33.5,B
2021-06-21T10:10:29,3000.0,33.5,B
2021-06-21T10:10:25,1000.0,33.5,B
2021-06-21T10:10:09,100.0,33.5,B
2021-06-21T10:09:55,3000.0,33.5,B
2021-06-21T10:09:52,800.0,33.5,B
2021-06-21T10:09:35,800.0,33.5,B
2021-06-21T10:09:35,300.0,33.5,B
2021-06-21T10:09:26,3000.0,33.5,B
2021-06-21T10:08:42,1000.0,33.5,B
2021-06-21T10:08:42,1100.0,33.5,B
2021-06-21T10:08:42,300.0,33.5,B
2021-06-21T10:08:42,7600.0,33.5,B
2021-06-21T10:08:42,100.0,33.45,B
2021-06-21T10:08:34,500.0,33.45,B
2021-06-21T10:08:23,3900.0,33.4,S
2021-06-21T10:07:44,2000.0,33.45,B
2021-06-21T10:07:43,1000.0,33.45,B
2021-06-21T10:07:22,100.0,33.45,B
2021-06-21T10:07:03,1000.0,33.45,B
2021-06-21T10:07:01,1400.0,33.45,B
2021-06-21T10:06:59,2500.0,33.45,B
2021-06-21T10:06:43,500.0,33.45,B
2021-06-21T10:06:35,300.0,33.45,B
2021-06-21T10:06:28,500.0,33.45,B
2021-06-21T10:06:24,600.0,33.45,B
2021-06-21T10:06:23,500.0,33.45,B
2021-06-21T10:06:08,500.0,33.45,B
2021-06-21T10:06:03,4700.0,33.4,S
2021-06-21T10:05:54,100.0,33.45,B
2021-06-21T10:05:53,1000.0,33.45,B
2021-06-21T10:05:39,500.0,33.45,B
2021-06-21T10:05:26,200.0,33.45,B
2021-06-21T10:05:13,1500.0,33.4,S
2021-06-21T10:05:11,200.0,33.45,B
2021-06-21T10:04:36,200.0,33.35,S
2021-06-21T10:04:29,2000.0,33.4,B
2021-06-21T10:04:10,300.0,33.4,S
2021-06-21T10:04:04,1000.0,33.4,S
2021-06-21T10:04:03,4000.0,33.4,S
2021-06-21T10:04:03,2600.0,33.4,S
2021-06-21T10:04:02,1100.0,33.4,S
2021-06-21T10:04:02,100.0,33.5,B
2021-06-21T10:04:01,300.0,33.5,B
2021-06-21T10:04:01,2200.0,33.5,B
2021-06-21T10:04:00,200.0,33.5,B
2021-06-21T10:03:56,3000.0,33.5,B
2021-06-21T10:03:47,2000.0,33.5,B
2021-06-21T10:03:43,100.0,33.5,B
2021-06-21T10:03:28,900.0,33.5,B
2021-06-21T10:03:28,100.0,33.45,B
2021-06-21T10:03:28,100.0,33.45,B
2021-06-21T10:03:22,1000.0,33.45,B
2021-06-21T10:03:09,5000.0,33.45,B
2021-06-21T10:03:08,200.0,33.45,B
2021-06-21T10:02:59,200.0,33.45,B
2021-06-21T10:02:54,100.0,33.45,B
2021-06-21T10:02:36,500.0,33.45,B
2021-06-21T10:02:30,100.0,33.45,B
2021-06-21T10:02:26,1000.0,33.45,B
2021-06-21T10:02:26,100.0,33.45,B
2021-06-21T10:02:15,1000.0,33.45,B
2021-06-21T10:02:13,1000.0,33.45,B
2021-06-21T10:02:00,100.0,33.45,B
2021-06-21T10:01:52,1300.0,33.4,S
2021-06-21T10:01:52,3700.0,33.4,S
2021-06-21T10:01:50,100.0,33.45,B
2021-06-21T10:01:19,1900.0,33.45,B
2021-06-21T10:01:19,100.0,33.45,B
2021-06-21T10:01:15,200.0,33.45,B
2021-06-21T10:00:59,1000.0,33.45,B
2021-06-21T10:00:42,2200.0,33.45,B
2021-06-21T10:00:36,1000.0,33.45,B
2021-06-21T10:00:18,100.0,33.45,B
2021-06-21T09:59:57,100.0,33.45,B
2021-06-21T09:59:39,500.0,33.4,S
2021-06-21T09:59:33,100.0,33.45,B
2021-06-21T09:59:30,100.0,33.45,B
2021-06-21T09:59:26,100.0,33.45,B
2021-06-21T09:59:11,500.0,33.35,S
2021-06-21T09:58:52,300.0,33.45,B
2021-06-21T09:58:44,1100.0,33.45,B
2021-06-21T09:58:40,1500.0,33.35,S
2021-06-21T09:58:40,500.0,33.4,B
2021-06-21T09:58:37,3200.0,33.4,B
2021-06-21T09:58:10,500.0,33.45,B
2021-06-21T09:58:09,600.0,33.4,B
2021-06-21T09:58:03,4400.0,33.4,B
2021-06-21T09:58:02,1600.0,33.4,B
2021-06-21T09:57:44,1000.0,33.4,B
2021-06-21T09:57:39,300.0,33.4,B
2021-06-21T09:57:20,900.0,33.4,B
2021-06-21T09:57:06,100.0,33.35,B
2021-06-21T09:56:50,1000.0,33.3,S
2021-06-21T09:56:48,1200.0,33.4,B
2021-06-21T09:56:48,800.0,33.35,B
2021-06-21T09:56:18,1000.0,33.3,B
2021-06-21T09:55:57,100.0,33.3,B
2021-06-21T09:55:43,300.0,33.3,B
2021-06-21T09:55:43,100.0,33.3,B
2021-06-21T09:55:42,100.0,33.3,B
2021-06-21T09:55:33,1000.0,33.25,S
2021-06-21T09:55:31,1400.0,33.3,B
2021-06-21T09:55:19,100.0,33.3,B
2021-06-21T09:55:19,2000.0,33.3,B
2021-06-21T09:55:19,2000.0,33.3,B
2021-06-21T09:55:09,3800.0,33.3,B
2021-06-21T09:55:09,8200.0,33.3,B
2021-06-21T09:54:51,2000.0,33.3,B
2021-06-21T09:54:39,2000.0,33.3,B
2021-06-21T09:54:13,3000.0,33.3,B
2021-06-21T09:54:08,1000.0,33.3,B
2021-06-21T09:54:07,200.0,33.3,B
2021-06-21T09:54:03,1000.0,33.3,B
2021-06-21T09:53:57,2000.0,33.3,B
2021-06-21T09:53:49,4000.0,33.3,B
2021-06-21T09:53:29,1000.0,33.3,B
2021-06-21T09:53:17,300.0,33.3,B
2021-06-21T09:53:02,1400.0,33.3,B
2021-06-21T09:52:57,1000.0,33.25,S
2021-06-21T09:52:55,500.0,33.3,B
2021-06-21T09:52:51,1100.0,33.25,S
2021-06-21T09:52:39,100.0,33.25,S
2021-06-21T09:52:37,400.0,33.25,S
2021-06-21T09:52:24,400.0,33.3,B
2021-06-21T09:52:10,700.0,33.3,B
2021-06-21T09:51:40,1000.0,33.3,B
2021-06-21T09:51:37,2000.0,33.3,B
2021-06-21T09:51:36,5000.0,33.25,S
2021-06-21T09:51:02,2000.0,33.3,S
2021-06-21T09:50:51,1400.0,33.3,S
2021-06-21T09:50:51,13600.0,33.3,S
2021-06-21T09:50:48,100.0,33.3,S
2021-06-21T09:50:42,5000.0,33.3,S
2021-06-21T09:50:27,1000.0,33.3,S
2021-06-21T09:50:27,300.0,33.3,S
2021-06-21T09:50:20,500.0,33.3,S
2021-06-21T09:50:15,1000.0,33.3,S
2021-06-21T09:50:12,400.0,33.3,S
2021-06-21T09:50:12,800.0,33.3,S
2021-06-21T09:50:04,200.0,33.3,S
2021-06-21T09:49:45,700.0,33.3,S
2021-06-21T09:49:41,2500.0,33.3,S
2021-06-21T09:49:41,1400.0,33.3,S
2021-06-21T09:49:41,200.0,33.3,S
2021-06-21T09:49:40,500.0,33.3,S
2021-06-21T09:49:40,500.0,33.3,S
2021-06-21T09:49:40,2000.0,33.3,S
2021-06-21T09:49:40,2900.0,33.3,S
2021-06-21T09:49:23,100.0,33.35,S
2021-06-21T09:48:49,500.0,33.4,B
2021-06-21T09:48:40,200.0,33.4,B
2021-06-21T09:48:40,200.0,33.4,B
2021-06-21T09:48:15,1200.0,33.4,S
2021-06-21T09:48:02,1000.0,33.4,S
2021-06-21T09:48:01,1000.0,33.4,S
2021-06-21T09:48:01,300.0,33.4,S
2021-06-21T09:47:49,1100.0,33.4,S
2021-06-21T09:47:48,500.0,33.4,S
2021-06-21T09:47:42,2000.0,33.4,S
2021-06-21T09:47:31,4000.0,33.4,S
2021-06-21T09:47:31,500.0,33.4,S
2021-06-21T09:47:27,10000.0,33.4,S
2021-06-21T09:47:25,5000.0,33.4,S
2021-06-21T09:47:09,1000.0,33.4,S
2021-06-21T09:47:08,200.0,33.45,B
2021-06-21T09:46:53,600.0,33.4,S
2021-06-21T09:46:46,100.0,33.45,S
2021-06-21T09:46:32,200.0,33.45,S
2021-06-21T09:46:23,100.0,33.4,S
2021-06-21T09:46:13,14700.0,33.45,S
2021-06-21T09:45:59,2600.0,33.45,S
2021-06-21T09:45:56,10000.0,33.5,S
2021-06-21T09:45:30,5000.0,33.45,S
2021-06-21T09:45:08,200.0,33.5,S
2021-06-21T09:44:59,1000.0,33.5,S
2021-06-21T09:44:48,200.0,33.5,S
2021-06-21T09:44:40,1000.0,33.5,S
2021-06-21T09:44:27,3000.0,33.5,S
2021-06-21T09:44:22,500.0,33.5,S
2021-06-21T09:43:55,300.0,33.5,S
2021-06-21T09:43:55,1400.0,33.5,S
2021-06-21T09:43:55,2400.0,33.5,S
2021-06-21T09:43:55,1000.0,33.5,S
2021-06-21T09:43:54,2800.0,33.5,S
2021-06-21T09:43:54,9400.0,33.5,S
2021-06-21T09:43:27,700.0,33.5,S
2021-06-21T09:43:25,300.0,33.5,S
2021-06-21T09:43:10,100.0,33.6,S
2021-06-21T09:42:59,1000.0,33.6,S
2021-06-21T09:42:51,100.0,33.6,S
2021-06-21T09:42:38,1000.0,33.6,S
2021-06-21T09:42:33,300.0,33.6,S
2021-06-21T09:42:20,1100.0,33.6,S
2021-06-21T09:41:44,100.0,33.6,S
2021-06-21T09:41:36,2800.0,33.6,S
2021-06-21T09:41:33,700.0,33.7,B
2021-06-21T09:41:06,100.0,33.7,B
2021-06-21T09:40:52,400.0,33.6,S
2021-06-21T09:40:45,100.0,33.6,S
2021-06-21T09:40:33,500.0,33.7,B
2021-06-21T09:40:27,2000.0,33.6,S
2021-06-21T09:40:27,1000.0,33.6,S
2021-06-21T09:40:07,100.0,33.6,S
2021-06-21T09:39:56,200.0,33.6,S
2021-06-21T09:39:43,2000.0,33.6,S
2021-06-21T09:39:32,100.0,33.7,B
2021-06-21T09:39:32,2000.0,33.6,S
2021-06-21T09:39:28,400.0,33.7,B
2021-06-21T09:39:28,100.0,33.7,B
2021-06-21T09:39:23,100.0,33.6,S
2021-06-21T09:38:52,2000.0,33.6,S
2021-06-21T09:38:48,100.0,33.7,B
2021-06-21T09:38:47,1000.0,33.7,B
2021-06-21T09:38:42,500.0,33.7,B
2021-06-21T09:37:54,200.0,33.7,B
2021-06-21T09:37:45,100.0,33.7,B
2021-06-21T09:37:30,10000.0,33.7,S
2021-06-21T09:37:20,2000.0,33.7,S
2021-06-21T09:37:14,100.0,33.7,S
2021-06-21T09:37:09,300.0,33.7,S
2021-06-21T09:37:09,200.0,33.7,S
2021-06-21T09:37:07,100.0,33.7,S
2021-06-21T09:37:02,200.0,33.6,S
2021-06-21T09:36:50,500.0,33.7,S
2021-06-21T09:36:45,200.0,33.7,S
2021-06-21T09:36:34,300.0,33.7,S
2021-06-21T09:35:40,200.0,33.7,S
2021-06-21T09:35:36,1300.0,33.7,S
2021-06-21T09:35:28,1000.0,33.7,S
2021-06-21T09:35:13,1000.0,33.7,S
2021-06-21T09:35:09,100.0,33.7,S
2021-06-21T09:35:03,200.0,33.6,S
2021-06-21T09:34:59,200.0,33.7,S
2021-06-21T09:34:52,500.0,33.7,S
2021-06-21T09:34:49,200.0,33.7,S
2021-06-21T09:34:46,1000.0,33.7,S
2021-06-21T09:34:42,10000.0,33.6,S
2021-06-21T09:34:34,1200.0,33.7,S
2021-06-21T09:34:30,2000.0,33.7,S
2021-06-21T09:34:26,800.0,33.7,S
2021-06-21T09:34:20,300.0,33.7,S
2021-06-21T09:34:18,300.0,33.7,S
2021-06-21T09:34:11,1000.0,33.7,S
2021-06-21T09:34:10,100.0,33.7,S
2021-06-21T09:34:06,300.0,33.7,S
2021-06-21T09:34:03,500.0,33.7,S
2021-06-21T09:34:02,100.0,33.7,S
2021-06-21T09:33:46,500.0,33.7,S
2021-06-21T09:33:39,6000.0,33.7,S
2021-06-21T09:33:35,1000.0,33.7,S
2021-06-21T09:33:33,400.0,33.7,S
2021-06-21T09:33:19,1200.0,33.8,B
2021-06-21T09:32:54,900.0,33.8,B
2021-06-21T09:32:26,700.0,33.4,S
2021-06-21T09:32:26,3400.0,33.5,S
2021-06-21T09:32:26,900.0,33.5,S
2021-06-21T09:32:08,400.0,33.5,S
2021-06-21T09:32:08,200.0,33.5,S
2021-06-21T09:32:07,1000.0,33.8,B
2021-06-21T09:32:00,2000.0,33.8,B
2021-06-21T09:31:59,2000.0,33.8,B
2021-06-21T09:31:56,1000.0,33.8,B
2021-06-21T09:31:56,200.0,33.8,B
2021-06-21T09:31:29,6000.0,33.8,B
2021-06-21T09:31:26,1000.0,33.7,B
2021-06-21T09:31:25,100.0,33.5,B
2021-06-21T09:31:18,200.0,33.5,B
2021-06-21T09:31:18,200.0,33.5,B
2021-06-21T09:31:18,9800.0,33.5,B
2021-06-21T09:30:55,800.0,33.5,B
2021-06-21T09:30:49,100.0,33.5,B
2021-06-21T09:30:45,400.0,33.5,B
2021-06-21T09:30:41,1200.0,33.7,B
2021-06-21T09:30:33,2100.0,33.6,B
2021-06-21T09:30:33,100.0,33.5,B
2021-06-21T09:30:33,800.0,33.5,B
2021-06-21T09:30:28,300.0,33.5,B
2021-06-21T09:30:21,300.0,33.5,B
2021-06-21T09:30:09,1000.0,33.5,B
2021-06-21T09:30:08,100.0,33.3,B
2021-06-21T09:30:01,200.0,33.3,B
2021-06-21T09:29:49,1000.0,33.5,B
2021-06-21T09:29:45,6000.0,33.5,B
2021-06-21T09:29:45,100.0,33.5,B
2021-06-21T09:29:44,200.0,33.5,B
2021-06-21T09:29:44,1300.0,33.5,B
2021-06-21T09:29:44,2700.0,33.5,B
2021-06-21T09:29:44,200.0,33.5,B
2021-06-21T09:29:44,3600.0,33.4,B
2021-06-21T09:29:44,3500.0,33.3,B
2021-06-21T09:29:44,400.0,33.3,B
2021-06-21T09:29:42,200.0,33.3,B
2021-06-21T09:29:41,500.0,33.3,B
2021-06-21T09:29:37,500.0,33.3,B
2021-06-21T09:29:33,1100.0,33.3,B
2021-06-21T09:29:20,1000.0,33.3,B
2021-06-21T09:29:13,500.0,33.3,B
2021-06-21T09:29:13,1600.0,33.3,B
2021-06-21T09:29:12,500.0,33.3,B
2021-06-21T09:29:12,500.0,33.3,B
2021-06-21T09:28:56,100.0,33.3,B
2021-06-21T09:28:46,1500.0,33.3,B
2021-06-21T09:28:16,300.0,33.3,B
2021-06-21T09:28:12,800.0,33.3,B
2021-06-21T09:28:11,1000.0,33.2,B
2021-06-21T09:28:10,1000.0,33.3,B
2021-06-21T09:28:01,600.0,33.25,B
2021-06-21T09:27:43,1000.0,33.3,B
2021-06-21T09:27:41,1800.0,33.25,B
2021-06-21T09:27:41,200.0,33.25,B
2021-06-21T09:27:41,700.0,33.25,B
2021-06-21T09:27:13,200.0,33.2,B
2021-06-21T09:27:11,500.0,33.25,B
2021-06-21T09:26:41,600.0,33.2,B
2021-06-21T09:26:23,1500.0,33.15,S
2021-06-21T09:26:23,1200.0,33.15,S
2021-06-21T09:26:23,3100.0,33.15,S
2021-06-21T09:26:20,1000.0,33.2,B
2021-06-21T09:26:17,500.0,33.2,B
2021-06-21T09:26:17,100.0,33.2,B
2021-06-21T09:26:16,400.0,33.2,B
2021-06-21T09:26:13,200.0,33.2,B
2021-06-21T09:26:11,100.0,33.2,B
2021-06-21T09:26:07,1100.0,33.2,B
2021-06-21T09:26:00,2000.0,33.2,B
2021-06-21T09:25:57,1100.0,33.2,B
2021-06-21T09:25:52,1000.0,33.2,B
2021-06-21T09:25:47,1000.0,33.2,B
2021-06-21T09:25:44,1000.0,33.2,B
2021-06-21T09:25:09,500.0,33.2,B
2021-06-21T09:25:08,400.0,33.2,B
2021-06-21T09:25:07,100.0,33.2,B
2021-06-21T09:25:06,600.0,33.2,B
2021-06-21T09:25:04,6000.0,33.2,B
2021-06-21T09:24:54,600.0,33.15,B
2021-06-21T09:24:20,2900.0,33.2,B
2021-06-21T09:24:19,1000.0,33.15,B
2021-06-21T09:24:09,100.0,33.15,B
2021-06-21T09:24:04,300.0,33.15,B
2021-06-21T09:24:01,100.0,33.15,S
2021-06-21T09:24:00,500.0,33.15,S
2021-06-21T09:23:58,400.0,33.15,S
2021-06-21T09:23:52,300.0,33.15,S
2021-06-21T09:23:51,100.0,33.15,S
2021-06-21T09:23:41,200.0,33.15,S
2021-06-21T09:23:40,100.0,33.15,S
2021-06-21T09:23:38,100.0,33.15,S
2021-06-21T09:23:32,3000.0,33.15,S
2021-06-21T09:23:29,200.0,33.15,S
2021-06-21T09:23:19,100.0,33.15,S
2021-06-21T09:23:15,300.0,33.15,S
2021-06-21T09:22:58,300.0,33.15,S
2021-06-21T09:22:51,1400.0,33.15,S
2021-06-21T09:22:51,2000.0,33.15,S
2021-06-21T09:22:49,400.0,33.15,S
2021-06-21T09:22:47,500.0,33.15,S
2021-06-21T09:22:47,500.0,33.15,S
2021-06-21T09:22:44,100.0,33.15,S
2021-06-21T09:22:42,100.0,33.15,S
2021-06-21T09:22:41,600.0,33.15,S
2021-06-21T09:22:29,200.0,33.2,B
2021-06-21T09:22:25,300.0,33.2,B
2021-06-21T09:22:15,4500.0,33.2,B
2021-06-21T09:22:15,3100.0,33.2,B
2021-06-21T09:22:13,100.0,33.2,B
2021-06-21T09:22:11,100.0,33.2,B
2021-06-21T09:22:11,1700.0,33.2,B
2021-06-21T09:22:02,100.0,33.2,B
2021-06-21T09:21:37,3000.0,33.2,B
2021-06-21T09:21:37,500.0,33.15,S
2021-06-21T09:21:30,3000.0,33.2,B
2021-06-21T09:21:30,100.0,33.15,S
2021-06-21T09:21:29,1400.0,33.15,S
2021-06-21T09:21:29,6300.0,33.15,S
2021-06-21T09:21:29,1700.0,33.15,S
2021-06-21T09:21:13,200.0,33.15,S
2021-06-21T09:21:07,500.0,33.2,B
2021-06-21T09:21:07,500.0,33.2,B
2021-06-21T09:21:06,500.0,33.2,B
2021-06-21T09:21:05,1000.0,33.2,B
2021-06-21T09:21:02,100.0,33.15,S
2021-06-21T09:20:53,500.0,33.2,B
2021-06-21T09:20:47,100.0,33.2,B
2021-06-21T09:20:41,200.0,33.2,B
2021-06-21T09:20:37,100.0,33.2,B
2021-06-21T09:20:34,1000.0,33.2,B
2021-06-21T09:20:30,1000.0,33.15,S
2021-06-21T09:20:25,100.0,33.2,B
2021-06-21T09:20:17,1500.0,33.2,B
2021-06-21T09:20:11,100.0,33.2,B
2021-06-21T09:20:03,100.0,33.15,S
2021-06-21T09:19:40,100.0,33.2,B
2021-06-21T09:19:39,400.0,33.2,B
2021-06-21T09:19:39,2000.0,33.15,S
2021-06-21T09:19:37,300.0,33.2,B
2021-06-21T09:19:33,900.0,33.2,B
2021-06-21T09:19:33,1500.0,33.2,B
2021-06-21T09:19:19,100.0,33.2,B
2021-06-21T09:19:17,600.0,33.2,B
2021-06-21T09:19:15,1000.0,33.2,B
2021-06-21T09:19:10,1000.0,33.15,S
2021-06-21T09:19:00,1000.0,33.15,S
2021-06-21T09:18:59,1000.0,33.2,B
2021-06-21T09:18:57,500.0,33.15,S
2021-06-21T09:18:48,1000.0,33.15,S
2021-06-21T09:18:46,4000.0,33.15,S
2021-06-21T09:18:38,2000.0,33.15,S
2021-06-21T09:18:31,1000.0,33.15,S
2021-06-21T09:18:29,200.0,33.15,S
2021-06-21T09:18:29,3700.0,33.15,S
2021-06-21T09:18:14,600.0,33.15,S
2021-06-21T09:18:13,2000.0,33.15,S
2021-06-21T09:18:05,1000.0,33.15,S
2021-06-21T09:18:04,2000.0,33.15,S
2021-06-21T09:17:22,100.0,33.15,S
2021-06-21T09:17:10,300.0,33.15,S
2021-06-21T09:17:03,1100.0,33.15,B
2021-06-21T09:17:03,1800.0,33.0,S
2021-06-21T09:16:51,400.0,33.0,B
2021-06-21T09:16:26,100.0,33.0,B
2021-06-21T09:16:21,1000.0,32.8,S
2021-06-21T09:16:05,200.0,32.8,B
2021-06-21T09:16:04,200.0,32.8,B
2021-06-21T09:15:57,1400.0,32.8,B
2021-06-21T09:15:47,200.0,32.8,B
