tradingTime,volume,price,side
2021-06-21T14:22:31,1600.0,58.5,B
2021-06-21T14:22:15,1000.0,58.5,B
2021-06-21T14:21:56,1000.0,58.5,B
2021-06-21T14:21:45,100.0,58.5,B
2021-06-21T14:21:38,100.0,58.5,B
2021-06-21T14:21:36,100.0,58.4,S
2021-06-21T14:21:33,500.0,58.5,B
2021-06-21T14:21:15,2600.0,58.5,B
2021-06-21T14:21:15,300.0,58.5,B
2021-06-21T14:21:15,2600.0,58.5,B
2021-06-21T14:21:15,3000.0,58.5,B
2021-06-21T14:21:15,2200.0,58.5,B
2021-06-21T14:21:15,2000.0,58.5,B
2021-06-21T14:21:15,600.0,58.5,B
2021-06-21T14:21:15,13600.0,58.5,B
2021-06-21T14:21:15,11800.0,58.5,B
2021-06-21T14:21:15,3600.0,58.6,B
2021-06-21T14:21:15,1000.0,58.6,B
2021-06-21T14:21:15,2800.0,58.6,B
2021-06-21T14:21:07,100.0,58.6,S
2021-06-21T14:20:53,300.0,58.7,B
2021-06-21T14:20:52,1000.0,58.7,B
2021-06-21T14:20:16,6100.0,58.7,S
2021-06-21T14:20:15,600.0,58.7,S
2021-06-21T14:20:09,200.0,58.7,S
2021-06-21T14:20:09,1100.0,58.7,S
2021-06-21T14:20:09,3100.0,58.7,S
2021-06-21T14:20:09,1700.0,58.7,S
2021-06-21T14:20:09,1000.0,58.7,S
2021-06-21T14:20:09,4300.0,58.7,S
2021-06-21T14:20:09,500.0,58.7,S
2021-06-21T14:20:09,300.0,58.7,S
2021-06-21T14:20:02,100.0,58.7,S
2021-06-21T14:20:02,400.0,58.8,B
2021-06-21T14:19:58,100.0,58.8,B
2021-06-21T14:19:50,2100.0,58.8,B
2021-06-21T14:19:50,300.0,58.8,B
2021-06-21T14:19:50,800.0,58.7,S
2021-06-21T14:19:45,400.0,58.7,S
2021-06-21T14:19:16,200.0,58.8,B
2021-06-21T14:19:16,200.0,58.7,S
2021-06-21T14:19:05,1000.0,58.7,S
2021-06-21T14:18:46,100.0,58.8,B
2021-06-21T14:18:46,100.0,58.8,B
2021-06-21T14:18:31,100.0,58.8,B
2021-06-21T14:18:31,500.0,58.8,B
2021-06-21T14:18:29,5900.0,58.8,B
2021-06-21T14:18:29,4900.0,58.8,B
2021-06-21T14:18:28,1000.0,58.7,S
2021-06-21T14:18:23,1000.0,58.7,S
2021-06-21T14:18:20,2400.0,58.8,B
2021-06-21T14:18:18,5000.0,58.7,S
2021-06-21T14:18:10,10000.0,58.7,S
2021-06-21T14:17:56,1000.0,58.8,B
2021-06-21T14:17:53,500.0,58.7,S
2021-06-21T14:17:49,10000.0,58.7,S
2021-06-21T14:17:44,200.0,58.7,S
2021-06-21T14:17:43,100.0,58.7,S
2021-06-21T14:16:59,200.0,58.7,S
2021-06-21T14:16:31,400.0,58.7,B
2021-06-21T14:15:46,100.0,58.7,B
2021-06-21T14:15:28,200.0,58.7,B
2021-06-21T14:15:27,200.0,58.7,B
2021-06-21T14:15:27,200.0,58.7,B
2021-06-21T14:15:24,1000.0,58.7,B
2021-06-21T14:15:18,800.0,58.7,B
2021-06-21T14:15:14,500.0,58.7,B
2021-06-21T14:14:59,300.0,58.7,B
2021-06-21T14:14:55,2000.0,58.7,B
2021-06-21T14:14:55,2400.0,58.7,B
2021-06-21T14:14:55,3000.0,58.7,B
2021-06-21T14:14:55,500.0,58.7,B
2021-06-21T14:14:55,6000.0,58.7,B
2021-06-21T14:14:55,1500.0,58.7,B
2021-06-21T14:14:50,1700.0,58.7,B
2021-06-21T14:14:50,3100.0,58.7,B
2021-06-21T14:14:45,100.0,58.7,B
2021-06-21T14:14:28,100.0,58.7,B
2021-06-21T14:13:48,15000.0,58.7,B
2021-06-21T14:13:37,600.0,58.7,B
2021-06-21T14:13:36,600.0,58.6,S
2021-06-21T14:13:22,500.0,58.7,B
2021-06-21T14:12:46,100.0,58.6,S
2021-06-21T14:11:44,10800.0,58.7,S
2021-06-21T14:11:44,3000.0,58.7,S
2021-06-21T14:11:16,100.0,58.7,S
2021-06-21T14:11:16,1000.0,58.8,B
2021-06-21T14:11:05,100.0,58.7,S
2021-06-21T14:10:53,500.0,58.7,S
2021-06-21T14:10:51,1000.0,58.7,S
2021-06-21T14:10:47,10000.0,58.7,S
2021-06-21T14:10:43,500.0,58.7,S
2021-06-21T14:10:34,2200.0,58.7,S
2021-06-21T14:10:30,500.0,58.7,S
2021-06-21T14:10:06,300.0,58.7,S
2021-06-21T14:09:59,1000.0,58.7,S
2021-06-21T14:09:51,1000.0,58.7,S
2021-06-21T14:09:49,5000.0,58.7,S
2021-06-21T14:09:46,300.0,58.7,S
2021-06-21T14:09:39,400.0,58.7,S
2021-06-21T14:09:23,1000.0,58.7,S
2021-06-21T14:09:20,500.0,58.7,S
2021-06-21T14:09:15,100.0,58.7,S
2021-06-21T14:09:10,10000.0,58.7,S
2021-06-21T14:09:08,1000.0,58.7,S
2021-06-21T14:09:07,100.0,58.7,S
2021-06-21T14:09:06,17700.0,58.7,S
2021-06-21T14:09:01,2800.0,58.7,S
2021-06-21T14:08:26,300.0,58.7,S
2021-06-21T14:08:16,100.0,58.7,S
2021-06-21T14:08:13,500.0,58.7,S
2021-06-21T14:08:13,1600.0,58.7,S
2021-06-21T14:08:08,200.0,58.7,S
2021-06-21T14:08:04,1300.0,58.7,S
2021-06-21T14:08:01,2100.0,58.8,B
2021-06-21T14:07:17,1000.0,58.7,S
2021-06-21T14:06:59,300.0,58.8,B
2021-06-21T14:06:46,300.0,58.8,B
2021-06-21T14:06:31,4800.0,58.8,B
2021-06-21T14:06:16,300.0,58.8,B
2021-06-21T14:05:52,1000.0,58.8,B
2021-06-21T14:05:34,100.0,58.8,B
2021-06-21T14:05:27,200.0,58.7,S
2021-06-21T14:04:45,200.0,58.8,B
2021-06-21T14:03:55,100.0,58.7,S
2021-06-21T14:03:50,500.0,58.7,S
2021-06-21T14:03:13,6600.0,58.8,B
2021-06-21T14:02:55,100.0,58.8,B
2021-06-21T14:02:23,5000.0,58.8,B
2021-06-21T14:02:20,100.0,58.7,S
2021-06-21T14:02:10,1000.0,58.7,S
2021-06-21T14:02:08,200.0,58.7,S
2021-06-21T14:01:43,3000.0,58.8,B
2021-06-21T14:01:40,200.0,58.8,B
2021-06-21T14:01:30,1000.0,58.8,B
2021-06-21T14:01:20,1000.0,58.8,B
2021-06-21T14:01:12,1000.0,58.8,B
2021-06-21T14:01:01,500.0,58.7,S
2021-06-21T14:00:59,2300.0,58.8,B
2021-06-21T14:00:58,4300.0,58.8,B
2021-06-21T14:00:56,100.0,58.7,S
2021-06-21T14:00:39,1000.0,58.7,S
2021-06-21T14:00:30,800.0,58.8,B
2021-06-21T14:00:27,400.0,58.7,S
2021-06-21T14:00:25,200.0,58.7,S
2021-06-21T13:59:57,100.0,58.7,B
2021-06-21T13:59:57,1000.0,58.7,B
2021-06-21T13:59:56,4300.0,58.7,B
2021-06-21T13:59:46,2700.0,58.7,B
2021-06-21T13:59:46,3000.0,58.7,B
2021-06-21T13:59:34,800.0,58.7,B
2021-06-21T13:59:19,300.0,58.7,B
2021-06-21T13:59:09,5000.0,58.7,B
2021-06-21T13:59:02,3000.0,58.6,S
2021-06-21T13:58:59,100.0,58.7,B
2021-06-21T13:58:43,4000.0,58.7,B
2021-06-21T13:58:37,2000.0,58.7,B
2021-06-21T13:58:18,12000.0,58.7,B
2021-06-21T13:58:01,500.0,58.7,B
2021-06-21T13:57:59,1000.0,58.6,S
2021-06-21T13:57:58,5000.0,58.7,B
2021-06-21T13:57:58,2000.0,58.7,B
2021-06-21T13:57:58,2900.0,58.7,B
2021-06-21T13:57:11,100.0,58.6,S
2021-06-21T13:56:34,100.0,58.7,B
2021-06-21T13:56:24,900.0,58.6,S
2021-06-21T13:55:54,300.0,58.6,S
2021-06-21T13:55:40,700.0,58.6,S
2021-06-21T13:55:37,1000.0,58.6,S
2021-06-21T13:55:12,100.0,58.7,B
2021-06-21T13:55:04,100.0,58.7,B
2021-06-21T13:54:52,4000.0,58.6,B
2021-06-21T13:54:39,200.0,58.7,B
2021-06-21T13:54:39,5100.0,58.6,B
2021-06-21T13:54:33,100.0,58.5,S
2021-06-21T13:54:03,12000.0,58.6,B
2021-06-21T13:54:00,800.0,58.6,B
2021-06-21T13:53:21,500.0,58.6,B
2021-06-21T13:53:11,200.0,58.5,S
2021-06-21T13:52:45,12000.0,58.6,S
2021-06-21T13:52:41,3000.0,58.5,S
2021-06-21T13:52:39,2500.0,58.6,S
2021-06-21T13:52:32,10000.0,58.6,S
2021-06-21T13:52:29,3400.0,58.6,S
2021-06-21T13:52:20,100.0,58.7,S
2021-06-21T13:52:15,100.0,58.7,S
2021-06-21T13:52:02,1000.0,58.6,S
2021-06-21T13:52:02,700.0,58.6,S
2021-06-21T13:52:02,30600.0,58.7,S
2021-06-21T13:52:02,500.0,58.7,S
2021-06-21T13:51:31,1000.0,58.7,S
2021-06-21T13:51:27,600.0,58.7,S
2021-06-21T13:51:27,10000.0,58.8,B
2021-06-21T13:51:18,100.0,58.7,S
2021-06-21T13:51:07,100.0,58.7,S
2021-06-21T13:51:07,500.0,58.7,S
2021-06-21T13:51:00,300.0,58.7,S
2021-06-21T13:50:47,2000.0,58.7,S
2021-06-21T13:50:43,500.0,58.7,S
2021-06-21T13:50:41,3000.0,58.7,S
2021-06-21T13:50:33,200.0,58.7,S
2021-06-21T13:50:23,1300.0,58.8,B
2021-06-21T13:50:18,100.0,58.7,S
2021-06-21T13:50:06,1000.0,58.7,S
2021-06-21T13:49:59,600.0,58.8,B
2021-06-21T13:49:16,400.0,58.7,S
2021-06-21T13:49:10,2000.0,58.7,S
2021-06-21T13:49:09,1600.0,58.7,S
2021-06-21T13:49:09,400.0,58.7,S
2021-06-21T13:49:07,1500.0,58.8,B
2021-06-21T13:48:39,1000.0,58.7,S
2021-06-21T13:48:36,500.0,58.7,S
2021-06-21T13:48:35,400.0,58.7,S
2021-06-21T13:48:29,500.0,58.7,S
2021-06-21T13:48:24,5000.0,58.7,S
2021-06-21T13:48:24,100.0,58.7,S
2021-06-21T13:48:04,500.0,58.7,S
2021-06-21T13:47:48,100.0,58.8,B
2021-06-21T13:47:31,300.0,58.7,S
2021-06-21T13:47:12,100.0,58.7,S
2021-06-21T13:47:11,1000.0,58.7,S
2021-06-21T13:47:05,700.0,58.8,B
2021-06-21T13:47:05,100.0,58.8,B
2021-06-21T13:47:05,9200.0,58.8,B
2021-06-21T13:46:49,100.0,58.7,B
2021-06-21T13:46:44,1000.0,58.7,B
2021-06-21T13:46:43,15300.0,58.7,B
2021-06-21T13:46:43,1000.0,58.7,B
2021-06-21T13:46:43,2800.0,58.7,B
2021-06-21T13:46:42,200.0,58.6,S
2021-06-21T13:46:42,1600.0,58.6,S
2021-06-21T13:46:41,10000.0,58.6,S
2021-06-21T13:46:33,500.0,58.7,B
2021-06-21T13:46:13,1700.0,58.6,S
2021-06-21T13:46:09,1000.0,58.6,S
2021-06-21T13:45:58,100.0,58.6,S
2021-06-21T13:45:38,1000.0,58.6,S
2021-06-21T13:45:16,1000.0,58.6,S
2021-06-21T13:45:12,200.0,58.7,B
2021-06-21T13:45:12,24300.0,58.6,B
2021-06-21T13:45:09,1000.0,58.5,S
2021-06-21T13:45:08,1000.0,58.5,S
2021-06-21T13:45:03,100.0,58.5,S
2021-06-21T13:45:01,17000.0,58.6,B
2021-06-21T13:44:56,1000.0,58.5,S
2021-06-21T13:44:55,7500.0,58.5,S
2021-06-21T13:44:22,500.0,58.5,S
2021-06-21T13:44:11,2000.0,58.5,S
2021-06-21T13:44:06,2000.0,58.5,S
2021-06-21T13:43:58,300.0,58.6,S
2021-06-21T13:43:52,500.0,58.5,S
2021-06-21T13:43:48,500.0,58.6,S
2021-06-21T13:43:44,600.0,58.5,S
2021-06-21T13:43:30,2000.0,58.5,S
2021-06-21T13:43:09,200.0,58.6,S
2021-06-21T13:43:08,200.0,58.6,S
2021-06-21T13:43:08,400.0,58.6,S
2021-06-21T13:43:02,2600.0,58.6,S
2021-06-21T13:42:49,100.0,58.6,S
2021-06-21T13:42:41,600.0,58.6,S
2021-06-21T13:42:32,1000.0,58.6,S
2021-06-21T13:42:32,10300.0,58.6,S
2021-06-21T13:42:32,34900.0,58.6,S
2021-06-21T13:42:32,19000.0,58.7,S
2021-06-21T13:42:32,800.0,58.7,S
2021-06-21T13:42:32,6400.0,58.7,S
2021-06-21T13:42:14,100.0,58.8,S
2021-06-21T13:42:14,2400.0,58.8,S
2021-06-21T13:41:59,200.0,58.8,S
2021-06-21T13:41:29,400.0,58.8,S
2021-06-21T13:41:27,1000.0,58.8,S
2021-06-21T13:41:27,1500.0,58.8,B
2021-06-21T13:41:15,1400.0,58.8,B
2021-06-21T13:41:10,600.0,58.8,B
2021-06-21T13:41:09,100.0,58.8,B
2021-06-21T13:41:06,100.0,58.8,B
2021-06-21T13:41:03,200.0,58.8,B
2021-06-21T13:41:00,200.0,58.8,B
2021-06-21T13:40:58,1500.0,58.8,B
2021-06-21T13:40:57,5000.0,58.8,B
2021-06-21T13:40:49,300.0,58.8,B
2021-06-21T13:40:33,300.0,58.8,B
2021-06-21T13:40:31,10000.0,58.9,B
2021-06-21T13:40:23,200.0,58.9,B
2021-06-21T13:40:23,400.0,58.9,B
2021-06-21T13:40:23,2500.0,58.9,B
2021-06-21T13:40:22,6900.0,58.9,B
2021-06-21T13:40:11,1500.0,58.8,B
2021-06-21T13:40:11,1700.0,58.8,B
2021-06-21T13:40:11,6800.0,58.8,B
2021-06-21T13:40:06,100.0,58.8,B
2021-06-21T13:40:05,200.0,58.8,B
2021-06-21T13:39:53,10000.0,58.8,B
2021-06-21T13:39:40,200.0,58.7,S
2021-06-21T13:39:40,800.0,58.7,S
2021-06-21T13:39:39,500.0,58.8,B
2021-06-21T13:39:23,900.0,58.8,B
2021-06-21T13:39:05,300.0,58.7,S
2021-06-21T13:38:57,3000.0,58.8,B
2021-06-21T13:38:54,1000.0,58.7,S
2021-06-21T13:38:40,2000.0,58.7,S
2021-06-21T13:38:29,100.0,58.8,B
2021-06-21T13:38:26,400.0,58.7,S
2021-06-21T13:38:23,100.0,58.8,B
2021-06-21T13:38:19,800.0,58.8,B
2021-06-21T13:38:02,100.0,58.8,B
2021-06-21T13:38:00,4000.0,58.8,B
2021-06-21T13:38:00,5100.0,58.8,B
2021-06-21T13:38:00,900.0,58.8,B
2021-06-21T13:37:50,500.0,58.8,B
2021-06-21T13:37:50,1000.0,58.8,B
2021-06-21T13:37:50,8500.0,58.8,B
2021-06-21T13:37:43,3900.0,58.8,B
2021-06-21T13:37:43,100.0,58.8,B
2021-06-21T13:37:43,400.0,58.8,B
2021-06-21T13:37:43,4400.0,58.8,B
2021-06-21T13:37:43,300.0,58.8,B
2021-06-21T13:37:41,900.0,58.8,B
2021-06-21T13:37:41,2400.0,58.7,B
2021-06-21T13:37:38,500.0,58.6,S
2021-06-21T13:37:37,400.0,58.7,B
2021-06-21T13:37:37,2200.0,58.7,B
2021-06-21T13:37:37,100.0,58.7,B
2021-06-21T13:37:37,7300.0,58.7,B
2021-06-21T13:37:34,1000.0,58.7,B
2021-06-21T13:37:30,700.0,58.7,B
2021-06-21T13:37:30,3300.0,58.7,B
2021-06-21T13:37:28,10000.0,58.7,B
2021-06-21T13:37:23,11000.0,58.6,S
2021-06-21T13:37:16,2500.0,58.6,S
2021-06-21T13:37:10,2000.0,58.6,S
2021-06-21T13:36:55,300.0,58.6,S
2021-06-21T13:36:50,300.0,58.6,S
2021-06-21T13:36:46,100.0,58.6,B
2021-06-21T13:36:44,4000.0,58.6,B
2021-06-21T13:36:41,200.0,58.6,B
2021-06-21T13:36:37,4300.0,58.6,B
2021-06-21T13:36:35,800.0,58.6,B
2021-06-21T13:36:32,2200.0,58.6,B
2021-06-21T13:36:32,7800.0,58.6,B
2021-06-21T13:36:31,1000.0,58.6,B
2021-06-21T13:36:30,100.0,58.6,B
2021-06-21T13:36:17,12000.0,58.6,B
2021-06-21T13:36:15,1000.0,58.6,B
2021-06-21T13:36:09,1000.0,58.6,B
2021-06-21T13:35:56,200.0,58.6,B
2021-06-21T13:35:53,5200.0,58.6,B
2021-06-21T13:35:44,300.0,58.5,S
2021-06-21T13:35:40,500.0,58.6,B
2021-06-21T13:35:27,200.0,58.5,S
2021-06-21T13:35:19,1000.0,58.6,B
2021-06-21T13:35:06,400.0,58.5,S
2021-06-21T13:35:04,500.0,58.6,B
2021-06-21T13:34:51,1000.0,58.6,B
2021-06-21T13:34:50,100.0,58.5,S
2021-06-21T13:34:33,100.0,58.5,S
2021-06-21T13:34:31,200.0,58.5,S
2021-06-21T13:34:23,100.0,58.5,S
2021-06-21T13:34:07,100.0,58.5,B
2021-06-21T13:33:56,200.0,58.5,B
2021-06-21T13:33:52,100.0,58.5,B
2021-06-21T13:33:51,2000.0,58.5,B
2021-06-21T13:33:51,2600.0,58.5,B
2021-06-21T13:33:46,5200.0,58.5,B
2021-06-21T13:33:27,200.0,58.5,B
2021-06-21T13:33:25,800.0,58.5,B
2021-06-21T13:33:25,600.0,58.5,B
2021-06-21T13:33:12,6900.0,58.5,B
2021-06-21T13:33:01,200.0,58.5,B
2021-06-21T13:33:01,600.0,58.5,B
2021-06-21T13:33:01,500.0,58.5,B
2021-06-21T13:33:01,2400.0,58.5,B
2021-06-21T13:33:01,600.0,58.5,B
2021-06-21T13:33:01,3800.0,58.5,B
2021-06-21T13:32:53,100.0,58.5,B
2021-06-21T13:32:38,200.0,58.4,S
2021-06-21T13:32:34,900.0,58.5,B
2021-06-21T13:32:28,1400.0,58.5,B
2021-06-21T13:32:28,2200.0,58.5,B
2021-06-21T13:32:28,1200.0,58.5,B
2021-06-21T13:32:28,1200.0,58.5,B
2021-06-21T13:32:17,900.0,58.5,B
2021-06-21T13:32:07,500.0,58.5,B
2021-06-21T13:31:50,1200.0,58.5,B
2021-06-21T13:31:41,1500.0,58.5,B
2021-06-21T13:31:32,200.0,58.4,S
2021-06-21T13:31:32,100.0,58.4,S
2021-06-21T13:31:32,100.0,58.4,S
2021-06-21T13:31:32,100.0,58.4,S
2021-06-21T13:31:15,1000.0,58.4,S
2021-06-21T13:31:12,100.0,58.4,S
2021-06-21T13:31:01,1000.0,58.5,B
2021-06-21T13:30:59,2000.0,58.5,B
2021-06-21T13:30:53,100.0,58.4,S
2021-06-21T13:30:52,300.0,58.5,B
2021-06-21T13:30:37,500.0,58.4,S
2021-06-21T13:30:31,1500.0,58.4,S
2021-06-21T13:30:26,1100.0,58.5,B
2021-06-21T13:30:25,100.0,58.5,B
2021-06-21T13:30:14,3300.0,58.4,S
2021-06-21T13:30:01,500.0,58.4,S
2021-06-21T13:29:57,1000.0,58.5,B
2021-06-21T13:29:54,5000.0,58.5,B
2021-06-21T13:29:54,200.0,58.5,B
2021-06-21T13:29:52,1000.0,58.5,B
2021-06-21T13:29:35,10000.0,58.5,B
2021-06-21T13:28:37,1000.0,58.4,B
2021-06-21T13:28:37,2200.0,58.4,B
2021-06-21T13:28:37,9700.0,58.4,B
2021-06-21T13:28:35,500.0,58.4,B
2021-06-21T13:28:27,1300.0,58.4,B
2021-06-21T13:28:04,200.0,58.4,B
2021-06-21T13:28:02,300.0,58.4,B
2021-06-21T13:27:43,100.0,58.3,S
2021-06-21T13:27:34,2000.0,58.3,B
2021-06-21T13:27:24,200.0,58.3,B
2021-06-21T13:27:21,200.0,58.3,B
2021-06-21T13:27:18,2000.0,58.3,B
2021-06-21T13:27:14,100.0,58.3,B
2021-06-21T13:27:06,500.0,58.3,B
2021-06-21T13:27:05,5000.0,58.3,B
2021-06-21T13:26:56,1000.0,58.3,B
2021-06-21T13:26:56,1300.0,58.3,B
2021-06-21T13:26:56,3700.0,58.3,B
2021-06-21T13:26:45,500.0,58.3,B
2021-06-21T13:26:42,500.0,58.2,S
2021-06-21T13:26:24,300.0,58.2,S
2021-06-21T13:26:18,300.0,58.3,B
2021-06-21T13:26:18,1000.0,58.2,S
2021-06-21T13:26:06,1300.0,58.2,S
2021-06-21T13:25:57,1300.0,58.2,S
2021-06-21T13:25:57,3700.0,58.2,S
2021-06-21T13:25:42,5000.0,58.1,S
2021-06-21T13:25:29,400.0,58.2,B
2021-06-21T13:25:28,300.0,58.1,S
2021-06-21T13:25:22,500.0,58.2,B
2021-06-21T13:25:18,5000.0,58.1,S
2021-06-21T13:25:18,100.0,58.2,B
2021-06-21T13:25:14,300.0,58.2,B
2021-06-21T13:25:12,200.0,58.2,B
2021-06-21T13:25:07,1500.0,58.2,B
2021-06-21T13:25:07,17000.0,58.2,B
2021-06-21T13:24:57,700.0,58.2,B
2021-06-21T13:24:36,100.0,58.2,B
2021-06-21T13:24:34,1000.0,58.3,B
2021-06-21T13:24:30,100.0,58.2,B
2021-06-21T13:24:30,2100.0,58.2,B
2021-06-21T13:24:30,1000.0,58.2,B
2021-06-21T13:24:29,7600.0,58.2,B
2021-06-21T13:24:27,4200.0,58.2,B
2021-06-21T13:24:26,600.0,58.2,B
2021-06-21T13:24:26,100.0,58.2,B
2021-06-21T13:24:24,300.0,58.2,B
2021-06-21T13:24:15,300.0,58.2,B
2021-06-21T13:24:12,600.0,58.2,B
2021-06-21T13:23:58,100.0,58.2,B
2021-06-21T13:23:52,3100.0,58.2,B
2021-06-21T13:23:51,500.0,58.1,S
2021-06-21T13:23:07,20000.0,58.0,S
2021-06-21T13:22:52,3500.0,58.1,B
2021-06-21T13:22:52,5000.0,58.1,B
2021-06-21T13:22:47,200.0,58.1,B
2021-06-21T13:22:27,7000.0,58.1,B
2021-06-21T13:22:26,200.0,58.0,S
2021-06-21T13:22:13,20000.0,58.1,B
2021-06-21T13:22:05,100.0,58.1,B
2021-06-21T13:22:04,800.0,58.1,B
2021-06-21T13:22:02,1000.0,58.0,S
2021-06-21T13:22:01,400.0,58.0,S
2021-06-21T13:21:39,2300.0,58.0,S
2021-06-21T13:21:36,600.0,58.0,B
2021-06-21T13:21:24,300.0,57.9,S
2021-06-21T13:21:20,1100.0,58.0,B
2021-06-21T13:21:20,800.0,58.0,B
2021-06-21T13:21:19,700.0,58.0,B
2021-06-21T13:21:19,4300.0,58.0,B
2021-06-21T13:21:19,1000.0,58.0,B
2021-06-21T13:21:19,300.0,58.0,B
2021-06-21T13:21:19,1600.0,58.0,B
2021-06-21T13:21:19,10000.0,58.0,B
2021-06-21T13:21:19,2600.0,58.0,B
2021-06-21T13:21:19,2600.0,58.0,B
2021-06-21T13:21:19,5300.0,58.0,B
2021-06-21T13:21:19,5000.0,58.0,B
2021-06-21T13:21:19,1900.0,58.0,B
2021-06-21T13:21:05,4000.0,58.0,B
2021-06-21T13:20:31,700.0,57.9,S
2021-06-21T13:20:06,5000.0,58.0,B
2021-06-21T13:20:03,2000.0,57.9,S
2021-06-21T13:19:49,22000.0,57.8,S
2021-06-21T13:19:37,4000.0,57.8,S
2021-06-21T13:19:06,300.0,58.0,B
2021-06-21T13:19:04,2000.0,58.0,B
2021-06-21T13:18:52,1000.0,57.9,S
2021-06-21T13:18:29,200.0,58.0,B
2021-06-21T13:18:26,5000.0,58.0,B
2021-06-21T13:18:13,100.0,58.0,B
2021-06-21T13:18:06,200.0,57.8,S
2021-06-21T13:18:06,3000.0,57.8,S
2021-06-21T13:18:06,28100.0,57.8,S
2021-06-21T13:18:04,3400.0,57.9,S
2021-06-21T13:18:04,1600.0,57.9,S
2021-06-21T13:17:54,1000.0,58.0,B
2021-06-21T13:17:44,3000.0,57.9,S
2021-06-21T13:17:38,100.0,57.9,S
2021-06-21T13:17:27,700.0,57.9,S
2021-06-21T13:17:12,1000.0,57.9,S
2021-06-21T13:17:10,100.0,57.9,S
2021-06-21T13:17:00,1000.0,57.8,S
2021-06-21T13:16:55,1900.0,57.8,S
2021-06-21T13:16:54,1100.0,57.8,S
2021-06-21T13:16:30,200.0,57.9,S
2021-06-21T13:16:25,800.0,57.9,S
2021-06-21T13:16:22,100.0,57.9,S
2021-06-21T13:16:22,1100.0,57.9,S
2021-06-21T13:16:22,2000.0,57.9,S
2021-06-21T13:16:13,500.0,57.9,S
2021-06-21T13:16:04,400.0,57.9,S
2021-06-21T13:15:59,600.0,57.9,S
2021-06-21T13:15:53,600.0,57.9,S
2021-06-21T13:15:53,400.0,57.9,S
2021-06-21T13:15:52,1800.0,57.9,S
2021-06-21T13:15:45,100.0,57.9,S
2021-06-21T13:15:36,2700.0,57.9,S
2021-06-21T13:15:34,1000.0,58.0,B
2021-06-21T13:15:22,500.0,57.9,S
2021-06-21T13:15:20,700.0,57.9,S
2021-06-21T13:15:20,200.0,57.9,S
2021-06-21T13:15:19,400.0,57.9,S
2021-06-21T13:15:13,500.0,57.9,S
2021-06-21T13:15:06,200.0,57.9,S
2021-06-21T13:15:05,200.0,58.0,B
2021-06-21T13:14:42,3000.0,57.9,S
2021-06-21T13:14:32,2000.0,58.0,B
2021-06-21T13:14:07,5000.0,57.9,S
2021-06-21T13:14:02,500.0,57.9,S
2021-06-21T13:13:56,300.0,58.0,B
2021-06-21T13:13:51,2000.0,58.0,B
2021-06-21T13:13:39,100.0,58.0,B
2021-06-21T13:13:28,500.0,57.9,S
2021-06-21T13:13:28,3500.0,57.9,S
2021-06-21T13:13:28,1800.0,57.9,S
2021-06-21T13:13:28,1300.0,57.9,S
2021-06-21T13:13:28,400.0,57.9,S
2021-06-21T13:12:50,300.0,58.0,B
2021-06-21T13:12:44,1300.0,58.0,S
2021-06-21T13:12:44,400.0,58.0,S
2021-06-21T13:12:44,3400.0,58.0,S
2021-06-21T13:12:44,1600.0,58.0,S
2021-06-21T13:12:44,500.0,58.0,S
2021-06-21T13:12:43,1500.0,58.0,S
2021-06-21T13:12:43,1900.0,58.0,S
2021-06-21T13:12:43,700.0,58.0,S
2021-06-21T13:12:43,700.0,58.0,S
2021-06-21T13:12:43,1000.0,58.0,S
2021-06-21T13:12:43,400.0,58.0,S
2021-06-21T13:12:43,5300.0,58.0,S
2021-06-21T13:12:43,3300.0,58.0,S
2021-06-21T13:12:43,1300.0,58.0,S
2021-06-21T13:12:43,800.0,58.0,S
2021-06-21T13:12:43,1800.0,58.0,S
2021-06-21T13:12:43,2400.0,58.0,S
2021-06-21T13:12:42,200.0,58.0,S
2021-06-21T13:12:42,400.0,58.0,S
2021-06-21T13:12:42,1700.0,58.0,S
2021-06-21T13:12:42,1000.0,58.0,S
2021-06-21T13:12:42,900.0,58.0,S
2021-06-21T13:12:42,1200.0,58.0,S
2021-06-21T13:12:42,1300.0,58.0,S
2021-06-21T13:12:42,700.0,58.0,S
2021-06-21T13:12:42,75900.0,58.0,S
2021-06-21T13:12:41,100.0,58.1,S
2021-06-21T13:12:40,2000.0,58.1,S
2021-06-21T13:12:16,100.0,58.1,S
2021-06-21T13:12:00,1700.0,58.0,S
2021-06-21T13:12:00,1000.0,58.0,S
2021-06-21T13:12:00,8300.0,58.0,S
2021-06-21T13:12:00,2500.0,58.0,S
2021-06-21T13:12:00,6500.0,58.0,S
2021-06-21T13:11:57,400.0,58.0,S
2021-06-21T13:11:52,100.0,58.1,S
2021-06-21T13:11:50,100.0,58.1,S
2021-06-21T13:11:41,100.0,58.1,S
2021-06-21T13:11:12,5000.0,58.0,S
2021-06-21T13:10:35,1000.0,58.1,S
2021-06-21T13:10:07,100.0,58.1,S
2021-06-21T13:10:05,200.0,58.1,S
2021-06-21T13:10:03,200.0,58.1,S
2021-06-21T13:09:55,20000.0,58.0,S
2021-06-21T13:09:48,600.0,58.1,S
2021-06-21T13:09:48,100.0,58.1,S
2021-06-21T13:09:48,100.0,58.1,S
2021-06-21T13:09:48,1600.0,58.1,S
2021-06-21T13:09:48,1700.0,58.1,S
2021-06-21T13:09:47,1300.0,58.1,S
2021-06-21T13:09:47,800.0,58.1,S
2021-06-21T13:09:42,200.0,58.2,B
2021-06-21T13:09:42,400.0,58.2,B
2021-06-21T13:09:11,600.0,58.2,B
2021-06-21T13:08:55,1600.0,58.2,B
2021-06-21T13:08:47,100.0,58.2,B
2021-06-21T13:08:44,100.0,58.2,B
2021-06-21T13:08:43,4000.0,58.1,S
2021-06-21T13:08:23,100.0,58.2,B
2021-06-21T13:07:52,200.0,58.2,B
2021-06-21T13:07:41,1900.0,58.2,B
2021-06-21T13:07:37,1400.0,58.1,S
2021-06-21T13:07:37,2200.0,58.1,S
2021-06-21T13:07:24,200.0,58.2,B
2021-06-21T13:07:22,2400.0,58.2,B
2021-06-21T13:07:09,2000.0,58.2,B
2021-06-21T13:06:56,100.0,58.2,B
2021-06-21T13:06:38,3500.0,58.2,B
2021-06-21T13:06:26,100.0,58.2,B
2021-06-21T13:05:56,4000.0,58.1,S
2021-06-21T13:05:48,200.0,58.2,S
2021-06-21T13:05:17,30000.0,58.1,S
2021-06-21T13:05:00,1000.0,58.2,S
2021-06-21T13:05:00,5500.0,58.2,S
2021-06-21T13:05:00,500.0,58.2,S
2021-06-21T13:04:57,10000.0,58.2,S
2021-06-21T13:04:46,500.0,58.3,S
2021-06-21T13:04:12,1000.0,58.2,B
2021-06-21T13:04:00,10000.0,58.2,B
2021-06-21T13:03:58,200.0,58.3,B
2021-06-21T13:03:47,400.0,58.3,B
2021-06-21T13:03:42,400.0,58.3,B
2021-06-21T13:03:29,400.0,58.3,B
2021-06-21T13:03:28,100.0,58.3,B
2021-06-21T13:03:07,1000.0,58.2,B
2021-06-21T13:02:59,300.0,58.4,B
2021-06-21T13:02:53,5000.0,58.1,S
2021-06-21T13:02:52,400.0,58.1,S
2021-06-21T13:02:52,2600.0,58.1,S
2021-06-21T13:02:52,500.0,58.1,S
2021-06-21T13:02:52,6500.0,58.1,S
2021-06-21T13:02:49,200.0,58.4,B
2021-06-21T13:02:48,500.0,58.4,B
2021-06-21T13:02:38,1000.0,58.2,B
2021-06-21T13:02:23,100.0,58.3,B
2021-06-21T13:02:15,300.0,58.3,B
2021-06-21T13:02:07,1100.0,58.2,B
2021-06-21T13:01:59,200.0,58.2,B
2021-06-21T13:01:35,100.0,58.2,B
2021-06-21T13:01:33,100.0,58.2,B
2021-06-21T13:01:26,200.0,58.4,B
2021-06-21T13:01:26,800.0,58.4,B
2021-06-21T13:01:24,1000.0,58.2,B
2021-06-21T13:01:24,200.0,58.2,B
2021-06-21T13:01:23,600.0,58.1,S
2021-06-21T13:01:07,200.0,58.1,S
2021-06-21T13:01:07,500.0,58.1,S
2021-06-21T13:01:07,1500.0,58.1,S
2021-06-21T13:01:05,300.0,58.2,S
2021-06-21T13:01:04,100.0,58.2,S
2021-06-21T13:01:01,700.0,58.1,S
2021-06-21T13:01:00,700.0,58.1,S
2021-06-21T13:00:58,1000.0,58.1,S
2021-06-21T13:00:53,500.0,58.1,S
2021-06-21T13:00:52,300.0,58.1,S
2021-06-21T13:00:52,4400.0,58.1,S
2021-06-21T13:00:50,900.0,58.4,B
2021-06-21T13:00:48,500.0,58.2,S
2021-06-21T13:00:44,500.0,58.2,S
2021-06-21T13:00:43,1000.0,58.2,S
2021-06-21T13:00:41,300.0,58.2,S
2021-06-21T13:00:38,400.0,58.2,S
2021-06-21T13:00:38,300.0,58.2,S
2021-06-21T13:00:38,300.0,58.3,B
2021-06-21T13:00:28,300.0,58.3,B
2021-06-21T13:00:27,1000.0,58.3,B
2021-06-21T13:00:23,300.0,58.3,B
2021-06-21T13:00:23,1800.0,58.3,B
2021-06-21T13:00:23,1500.0,58.2,S
2021-06-21T13:00:20,400.0,58.3,B
2021-06-21T13:00:18,100.0,58.2,S
2021-06-21T13:00:16,100.0,58.2,S
2021-06-21T13:00:16,500.0,58.2,S
2021-06-21T13:00:15,300.0,58.2,S
2021-06-21T13:00:15,1000.0,58.3,B
2021-06-21T13:00:15,200.0,58.2,S
2021-06-21T13:00:11,200.0,58.2,S
2021-06-21T13:00:09,1000.0,58.2,S
2021-06-21T11:29:58,100.0,58.3,B
2021-06-21T11:29:47,3000.0,58.3,B
2021-06-21T11:29:47,200.0,58.3,B
2021-06-21T11:29:30,300.0,58.3,S
2021-06-21T11:29:29,7600.0,58.3,S
2021-06-21T11:29:13,500.0,58.3,S
2021-06-21T11:29:13,1000.0,58.3,S
2021-06-21T11:28:55,800.0,58.3,S
2021-06-21T11:28:55,10000.0,58.3,S
2021-06-21T11:28:47,66300.0,58.3,S
2021-06-21T11:28:47,200.0,58.3,S
2021-06-21T11:28:47,1600.0,58.3,S
2021-06-21T11:28:47,400.0,58.3,S
2021-06-21T11:28:47,2100.0,58.3,S
2021-06-21T11:28:47,13000.0,58.3,S
2021-06-21T11:28:47,300.0,58.4,S
2021-06-21T11:28:47,1200.0,58.4,S
2021-06-21T11:28:47,1900.0,58.4,S
2021-06-21T11:28:47,1000.0,58.4,S
2021-06-21T11:28:47,1900.0,58.4,S
2021-06-21T11:28:47,1800.0,58.4,S
2021-06-21T11:28:47,8300.0,58.4,S
2021-06-21T11:28:41,2000.0,58.4,S
2021-06-21T11:28:41,200.0,58.4,S
2021-06-21T11:28:11,10000.0,58.4,S
2021-06-21T11:27:45,2000.0,58.4,S
2021-06-21T11:27:28,200.0,58.4,S
2021-06-21T11:27:26,900.0,58.4,S
2021-06-21T11:27:25,3700.0,58.5,B
2021-06-21T11:27:16,10000.0,58.4,S
2021-06-21T11:27:01,2000.0,58.4,S
2021-06-21T11:26:57,500.0,58.5,B
2021-06-21T11:26:02,2000.0,58.5,S
2021-06-21T11:26:00,400.0,58.6,B
2021-06-21T11:25:33,1000.0,58.5,S
2021-06-21T11:25:33,800.0,58.5,S
2021-06-21T11:25:33,500.0,58.5,S
2021-06-21T11:25:33,1300.0,58.5,S
2021-06-21T11:25:32,800.0,58.5,S
2021-06-21T11:25:32,1600.0,58.5,S
2021-06-21T11:25:22,1300.0,58.5,S
2021-06-21T11:25:21,5000.0,58.5,S
2021-06-21T11:25:21,3300.0,58.5,S
2021-06-21T11:25:20,200.0,58.5,S
2021-06-21T11:25:20,300.0,58.5,S
2021-06-21T11:25:20,300.0,58.5,S
2021-06-21T11:25:20,200.0,58.5,S
2021-06-21T11:25:20,300.0,58.5,S
2021-06-21T11:25:20,1000.0,58.5,S
2021-06-21T11:25:20,300.0,58.5,S
2021-06-21T11:25:20,600.0,58.5,S
2021-06-21T11:25:20,1300.0,58.5,S
2021-06-21T11:25:20,7200.0,58.5,S
2021-06-21T11:25:00,2000.0,58.5,S
2021-06-21T11:24:53,200.0,58.5,S
2021-06-21T11:24:51,1300.0,58.6,B
2021-06-21T11:24:49,100.0,58.6,B
2021-06-21T11:24:36,300.0,58.5,S
2021-06-21T11:24:32,800.0,58.6,B
2021-06-21T11:24:15,600.0,58.6,B
2021-06-21T11:24:00,5000.0,58.5,S
2021-06-21T11:23:47,100.0,58.6,B
2021-06-21T11:23:43,1000.0,58.5,S
2021-06-21T11:23:26,100.0,58.6,B
2021-06-21T11:23:05,300.0,58.5,S
2021-06-21T11:23:02,6500.0,58.6,B
2021-06-21T11:22:37,1000.0,58.5,S
2021-06-21T11:22:34,100.0,58.5,S
2021-06-21T11:22:23,2000.0,58.6,B
2021-06-21T11:22:17,1000.0,58.5,S
2021-06-21T11:22:04,200.0,58.5,S
2021-06-21T11:21:59,10000.0,58.5,S
2021-06-21T11:21:30,2000.0,58.5,S
2021-06-21T11:21:28,400.0,58.5,S
2021-06-21T11:21:07,600.0,58.5,S
2021-06-21T11:20:37,1000.0,58.6,S
2021-06-21T11:20:30,600.0,58.6,S
2021-06-21T11:20:29,3000.0,58.6,S
2021-06-21T11:20:16,100.0,58.6,S
2021-06-21T11:20:01,100.0,58.7,B
2021-06-21T11:19:31,100.0,58.7,B
2021-06-21T11:19:26,100.0,58.7,B
2021-06-21T11:19:22,5000.0,58.6,S
2021-06-21T11:19:01,500.0,58.7,B
2021-06-21T11:19:00,9000.0,58.6,S
2021-06-21T11:18:30,3300.0,58.7,B
2021-06-21T11:18:30,1700.0,58.7,B
2021-06-21T11:18:24,500.0,58.7,B
2021-06-21T11:18:15,100.0,58.6,S
2021-06-21T11:18:15,4900.0,58.6,S
2021-06-21T11:17:35,800.0,58.7,B
2021-06-21T11:17:35,200.0,58.7,B
2021-06-21T11:17:26,2500.0,58.6,S
2021-06-21T11:17:26,100.0,58.6,S
2021-06-21T11:17:26,2400.0,58.6,S
2021-06-21T11:17:07,400.0,58.7,B
2021-06-21T11:17:07,100.0,58.7,B
2021-06-21T11:17:06,10000.0,58.6,S
2021-06-21T11:16:50,3400.0,58.6,S
2021-06-21T11:16:30,100.0,58.7,B
2021-06-21T11:16:23,100.0,58.7,B
2021-06-21T11:16:20,3500.0,58.7,B
2021-06-21T11:16:03,500.0,58.6,S
2021-06-21T11:16:00,1000.0,58.6,S
2021-06-21T11:15:25,100.0,58.6,S
2021-06-21T11:14:55,1000.0,58.7,B
2021-06-21T11:14:53,100.0,58.6,S
2021-06-21T11:14:33,1000.0,58.7,B
2021-06-21T11:14:31,200.0,58.7,B
2021-06-21T11:14:24,1000.0,58.6,S
2021-06-21T11:14:04,100.0,58.7,B
2021-06-21T11:13:59,600.0,58.6,S
2021-06-21T11:13:47,100.0,58.7,B
2021-06-21T11:13:40,1000.0,58.7,B
2021-06-21T11:13:39,200.0,58.6,S
2021-06-21T11:13:27,1000.0,58.7,B
2021-06-21T11:13:25,200.0,58.7,B
2021-06-21T11:13:02,1500.0,58.7,B
2021-06-21T11:13:01,300.0,58.7,B
2021-06-21T11:12:42,100.0,58.7,B
2021-06-21T11:12:30,100.0,58.7,B
2021-06-21T11:12:20,900.0,58.7,B
2021-06-21T11:12:16,1000.0,58.7,B
2021-06-21T11:12:11,100.0,58.7,B
2021-06-21T11:12:01,500.0,58.7,B
2021-06-21T11:11:10,100.0,58.7,B
2021-06-21T11:10:50,200.0,58.7,B
2021-06-21T11:10:17,7000.0,58.6,S
2021-06-21T11:09:55,500.0,58.7,B
2021-06-21T11:09:49,1000.0,58.7,B
2021-06-21T11:09:49,200.0,58.7,B
2021-06-21T11:09:39,4300.0,58.7,B
2021-06-21T11:09:25,600.0,58.7,B
2021-06-21T11:09:05,100.0,58.7,B
2021-06-21T11:08:43,200.0,58.7,B
2021-06-21T11:08:42,4600.0,58.7,B
2021-06-21T11:08:12,200.0,58.7,B
2021-06-21T11:08:04,6300.0,58.7,B
2021-06-21T11:08:02,600.0,58.7,B
2021-06-21T11:07:56,800.0,58.7,B
2021-06-21T11:07:39,100.0,58.7,B
2021-06-21T11:07:35,300.0,58.7,B
2021-06-21T11:07:23,100.0,58.7,B
2021-06-21T11:07:22,1000.0,58.7,B
2021-06-21T11:07:17,200.0,58.7,B
2021-06-21T11:07:09,600.0,58.7,S
2021-06-21T11:07:09,13000.0,58.7,S
2021-06-21T11:07:09,100.0,58.7,S
2021-06-21T11:07:07,1000.0,58.8,B
2021-06-21T11:07:03,200.0,58.8,B
2021-06-21T11:07:00,800.0,58.8,B
2021-06-21T11:06:49,100.0,58.7,S
2021-06-21T11:06:26,1100.0,58.8,B
2021-06-21T11:06:11,800.0,58.7,S
2021-06-21T11:05:50,100.0,58.8,B
2021-06-21T11:05:50,600.0,58.8,B
2021-06-21T11:03:58,1000.0,58.8,B
2021-06-21T11:03:39,1100.0,58.8,B
2021-06-21T11:03:39,1900.0,58.8,B
2021-06-21T11:03:36,500.0,58.7,B
2021-06-21T11:03:30,300.0,58.7,B
2021-06-21T11:03:17,1000.0,58.7,B
2021-06-21T11:03:08,100.0,58.7,B
2021-06-21T11:02:53,900.0,58.7,B
2021-06-21T11:02:25,3800.0,58.7,S
2021-06-21T11:02:25,200.0,58.7,S
2021-06-21T11:02:19,1000.0,58.7,S
2021-06-21T11:02:02,1900.0,58.6,S
2021-06-21T11:02:02,3100.0,58.7,S
2021-06-21T11:01:54,600.0,58.7,S
2021-06-21T11:01:52,12300.0,58.7,S
2021-06-21T11:01:47,300.0,58.7,S
2021-06-21T11:01:39,1400.0,58.7,B
2021-06-21T11:01:34,200.0,58.7,S
2021-06-21T11:01:31,13000.0,58.7,S
2021-06-21T11:01:20,600.0,58.7,S
2021-06-21T11:00:56,400.0,58.7,S
2021-06-21T11:00:54,100.0,58.7,S
2021-06-21T11:00:53,500.0,58.8,B
2021-06-21T11:00:46,1400.0,58.7,B
2021-06-21T11:00:46,100.0,58.7,B
2021-06-21T11:00:37,200.0,58.7,B
2021-06-21T11:00:33,100.0,58.6,S
2021-06-21T11:00:27,3000.0,58.7,B
2021-06-21T11:00:20,400.0,58.6,S
2021-06-21T10:59:46,700.0,58.6,S
2021-06-21T10:59:43,100.0,58.7,B
2021-06-21T10:59:40,1000.0,58.7,B
2021-06-21T10:59:24,500.0,58.7,B
2021-06-21T10:58:46,400.0,58.7,B
2021-06-21T10:58:38,900.0,58.7,B
2021-06-21T10:58:35,1800.0,58.7,B
2021-06-21T10:58:26,1300.0,58.6,S
2021-06-21T10:58:03,5000.0,58.7,B
2021-06-21T10:57:59,1200.0,58.7,B
2021-06-21T10:57:58,100.0,58.7,B
2021-06-21T10:57:57,500.0,58.7,B
2021-06-21T10:57:45,300.0,58.7,S
2021-06-21T10:57:44,100.0,58.7,S
2021-06-21T10:57:31,1800.0,58.7,B
2021-06-21T10:57:29,200.0,58.7,B
2021-06-21T10:57:27,100.0,58.7,B
2021-06-21T10:57:21,1400.0,58.7,S
2021-06-21T10:57:17,5000.0,58.7,S
2021-06-21T10:56:57,2000.0,58.7,S
2021-06-21T10:56:38,4000.0,58.7,B
2021-06-21T10:56:25,5000.0,58.7,B
2021-06-21T10:56:23,1000.0,58.7,B
2021-06-21T10:56:18,200.0,58.6,S
2021-06-21T10:56:16,1200.0,58.7,B
2021-06-21T10:55:56,300.0,58.7,B
2021-06-21T10:55:55,100.0,58.7,B
2021-06-21T10:54:59,1000.0,58.7,B
2021-06-21T10:54:58,300.0,58.6,S
2021-06-21T10:54:44,100.0,58.7,B
2021-06-21T10:54:32,1800.0,58.7,B
2021-06-21T10:54:12,500.0,58.7,B
2021-06-21T10:54:07,100.0,58.7,B
2021-06-21T10:53:55,100.0,58.7,B
2021-06-21T10:53:34,1500.0,58.7,B
2021-06-21T10:53:27,1300.0,58.7,B
2021-06-21T10:53:27,300.0,58.7,B
2021-06-21T10:53:18,2000.0,58.7,B
2021-06-21T10:52:53,2000.0,58.7,B
2021-06-21T10:52:45,2000.0,58.7,B
2021-06-21T10:52:33,900.0,58.7,B
2021-06-21T10:52:33,600.0,58.7,B
2021-06-21T10:52:23,200.0,58.7,B
2021-06-21T10:52:05,900.0,58.7,B
2021-06-21T10:51:28,1000.0,58.7,B
2021-06-21T10:51:27,1000.0,58.6,S
2021-06-21T10:51:24,500.0,58.7,B
2021-06-21T10:50:53,3000.0,58.6,S
2021-06-21T10:50:50,600.0,58.7,B
2021-06-21T10:50:50,2000.0,58.7,B
2021-06-21T10:50:50,500.0,58.7,B
2021-06-21T10:50:50,1900.0,58.7,B
2021-06-21T10:50:47,2000.0,58.7,B
2021-06-21T10:50:47,900.0,58.7,B
2021-06-21T10:50:42,100.0,58.7,B
2021-06-21T10:50:16,10000.0,58.7,B
2021-06-21T10:50:10,10000.0,58.6,S
2021-06-21T10:50:07,100.0,58.7,B
2021-06-21T10:50:05,400.0,58.6,S
2021-06-21T10:49:29,400.0,58.7,B
2021-06-21T10:49:29,600.0,58.7,B
2021-06-21T10:49:29,300.0,58.7,B
2021-06-21T10:49:28,1000.0,58.7,B
2021-06-21T10:49:17,10000.0,58.6,S
2021-06-21T10:49:00,1000.0,58.7,B
2021-06-21T10:48:45,200.0,58.6,S
2021-06-21T10:48:34,500.0,58.7,B
2021-06-21T10:48:22,5000.0,58.7,B
2021-06-21T10:48:12,300.0,58.6,S
2021-06-21T10:48:08,500.0,58.6,S
2021-06-21T10:47:33,500.0,58.7,B
2021-06-21T10:47:30,1800.0,58.6,S
2021-06-21T10:47:24,1500.0,58.6,S
2021-06-21T10:47:24,600.0,58.6,S
2021-06-21T10:47:23,2100.0,58.6,S
2021-06-21T10:47:22,500.0,58.6,S
2021-06-21T10:47:15,100.0,58.6,S
2021-06-21T10:47:15,900.0,58.6,S
2021-06-21T10:47:01,100.0,58.6,S
2021-06-21T10:46:57,100.0,58.6,S
2021-06-21T10:46:39,100.0,58.6,S
2021-06-21T10:46:35,500.0,58.6,S
2021-06-21T10:46:31,500.0,58.6,S
2021-06-21T10:46:22,500.0,58.6,S
2021-06-21T10:46:19,400.0,58.6,B
2021-06-21T10:46:16,100.0,58.6,B
2021-06-21T10:46:08,1000.0,58.6,B
2021-06-21T10:46:05,200.0,58.6,B
2021-06-21T10:45:54,100.0,58.5,S
2021-06-21T10:45:48,500.0,58.6,B
2021-06-21T10:45:46,9200.0,58.6,B
2021-06-21T10:45:36,6400.0,58.5,S
2021-06-21T10:45:31,4000.0,58.6,B
2021-06-21T10:44:42,100.0,58.6,B
2021-06-21T10:44:42,1000.0,58.6,B
2021-06-21T10:44:11,200.0,58.6,B
2021-06-21T10:43:59,100.0,58.6,B
2021-06-21T10:43:57,500.0,58.6,B
2021-06-21T10:43:53,100.0,58.6,B
2021-06-21T10:43:53,100.0,58.6,B
2021-06-21T10:43:42,400.0,58.6,B
2021-06-21T10:43:13,1000.0,58.6,B
2021-06-21T10:43:12,100.0,58.6,B
2021-06-21T10:42:54,200.0,58.6,S
2021-06-21T10:42:53,2800.0,58.6,S
2021-06-21T10:42:53,100.0,58.6,S
2021-06-21T10:42:45,1200.0,58.6,S
2021-06-21T10:42:16,1300.0,58.6,S
2021-06-21T10:42:16,1300.0,58.6,S
2021-06-21T10:42:16,1400.0,58.6,S
2021-06-21T10:42:16,1000.0,58.6,S
2021-06-21T10:42:06,100.0,58.6,S
2021-06-21T10:41:57,200.0,58.6,S
2021-06-21T10:41:50,200.0,58.7,B
2021-06-21T10:41:43,1000.0,58.6,S
2021-06-21T10:41:27,600.0,58.7,B
2021-06-21T10:41:17,700.0,58.6,S
2021-06-21T10:41:07,100.0,58.6,S
2021-06-21T10:41:06,700.0,58.6,S
2021-06-21T10:41:06,100.0,58.6,S
2021-06-21T10:41:05,100.0,58.6,S
2021-06-21T10:40:59,300.0,58.6,S
2021-06-21T10:40:21,5000.0,58.6,S
2021-06-21T10:40:10,200.0,58.6,S
2021-06-21T10:40:01,300.0,58.6,S
2021-06-21T10:39:48,100.0,58.6,S
2021-06-21T10:39:38,1100.0,58.6,S
2021-06-21T10:39:38,1400.0,58.6,S
2021-06-21T10:39:19,1000.0,58.6,S
2021-06-21T10:39:14,500.0,58.6,S
2021-06-21T10:39:00,500.0,58.6,S
2021-06-21T10:38:59,1000.0,58.6,S
2021-06-21T10:38:54,2000.0,58.7,B
2021-06-21T10:38:47,4000.0,58.6,S
2021-06-21T10:38:43,100.0,58.7,B
2021-06-21T10:38:41,1500.0,58.6,S
2021-06-21T10:38:35,300.0,58.6,S
2021-06-21T10:38:32,100.0,58.7,B
2021-06-21T10:38:27,500.0,58.7,B
2021-06-21T10:38:10,500.0,58.6,S
2021-06-21T10:37:57,500.0,58.6,S
2021-06-21T10:37:56,800.0,58.7,B
2021-06-21T10:37:53,100.0,58.6,S
2021-06-21T10:37:53,300.0,58.7,B
2021-06-21T10:37:49,7200.0,58.6,S
2021-06-21T10:37:49,1800.0,58.6,S
2021-06-21T10:37:47,5000.0,58.6,S
2021-06-21T10:37:30,200.0,58.6,S
2021-06-21T10:37:05,5000.0,58.7,B
2021-06-21T10:36:43,2200.0,58.7,B
2021-06-21T10:36:36,300.0,58.7,S
2021-06-21T10:36:31,500.0,58.7,S
2021-06-21T10:36:23,1000.0,58.7,S
2021-06-21T10:36:21,100.0,58.7,S
2021-06-21T10:36:15,100.0,58.7,S
2021-06-21T10:36:13,100.0,58.7,S
2021-06-21T10:36:06,1000.0,58.7,S
2021-06-21T10:36:01,100.0,58.7,S
2021-06-21T10:35:57,200.0,58.7,S
2021-06-21T10:35:53,600.0,58.8,B
2021-06-21T10:35:53,400.0,58.8,B
2021-06-21T10:35:28,100.0,58.8,B
2021-06-21T10:35:27,200.0,58.7,S
2021-06-21T10:35:22,1800.0,58.7,S
2021-06-21T10:35:22,3000.0,58.7,S
2021-06-21T10:35:11,200.0,58.8,B
2021-06-21T10:35:10,2000.0,58.7,S
2021-06-21T10:35:06,100.0,58.8,B
2021-06-21T10:34:59,100.0,58.7,S
2021-06-21T10:34:59,1400.0,58.7,S
2021-06-21T10:34:56,100.0,58.7,S
2021-06-21T10:34:56,1400.0,58.7,S
2021-06-21T10:34:24,1500.0,58.7,S
2021-06-21T10:34:18,100.0,58.8,S
2021-06-21T10:34:16,1000.0,58.7,S
2021-06-21T10:33:55,500.0,58.8,S
2021-06-21T10:33:40,200.0,58.8,S
2021-06-21T10:33:22,3000.0,58.8,S
2021-06-21T10:33:19,1500.0,58.7,S
2021-06-21T10:33:17,100.0,58.8,S
2021-06-21T10:33:17,1600.0,58.8,S
2021-06-21T10:33:10,1000.0,58.7,S
2021-06-21T10:33:07,2500.0,58.7,S
2021-06-21T10:32:43,300.0,58.7,S
2021-06-21T10:32:39,500.0,58.8,S
2021-06-21T10:32:32,400.0,58.7,S
2021-06-21T10:32:32,2000.0,58.7,S
2021-06-21T10:32:27,1000.0,58.7,S
2021-06-21T10:32:17,600.0,58.7,S
2021-06-21T10:32:03,3300.0,58.7,S
2021-06-21T10:32:02,1700.0,58.8,S
2021-06-21T10:31:58,1000.0,58.8,S
2021-06-21T10:31:57,900.0,58.9,B
2021-06-21T10:31:53,1000.0,58.9,B
2021-06-21T10:31:53,200.0,58.9,B
2021-06-21T10:31:46,1200.0,58.7,S
2021-06-21T10:31:46,1100.0,58.7,S
2021-06-21T10:31:27,100.0,58.8,S
2021-06-21T10:31:22,100.0,58.7,S
2021-06-21T10:31:21,1000.0,58.7,S
2021-06-21T10:31:21,100.0,58.8,B
2021-06-21T10:31:21,600.0,58.8,B
2021-06-21T10:31:21,4900.0,58.8,B
2021-06-21T10:31:02,1000.0,58.7,S
2021-06-21T10:31:02,1300.0,58.8,B
2021-06-21T10:31:02,3700.0,58.8,B
2021-06-21T10:31:02,15000.0,58.8,B
2021-06-21T10:31:00,5000.0,58.8,B
2021-06-21T10:30:36,1000.0,58.7,S
2021-06-21T10:30:31,200.0,58.7,S
2021-06-21T10:30:18,2000.0,58.7,S
2021-06-21T10:30:13,3000.0,58.7,S
2021-06-21T10:30:13,300.0,58.7,S
2021-06-21T10:30:09,800.0,58.7,S
2021-06-21T10:30:06,300.0,58.7,B
2021-06-21T10:30:01,600.0,58.7,B
2021-06-21T10:29:45,300.0,58.7,B
2021-06-21T10:29:43,600.0,58.7,B
2021-06-21T10:29:42,8900.0,58.7,B
2021-06-21T10:29:35,1000.0,58.6,B
2021-06-21T10:29:35,500.0,58.6,B
2021-06-21T10:29:31,1000.0,58.6,B
2021-06-21T10:29:07,2000.0,58.6,B
2021-06-21T10:29:04,100.0,58.6,B
2021-06-21T10:29:01,500.0,58.6,B
2021-06-21T10:28:58,500.0,58.6,S
2021-06-21T10:28:58,300.0,58.6,S
2021-06-21T10:28:58,5100.0,58.6,S
2021-06-21T10:28:58,11400.0,58.6,S
2021-06-21T10:28:50,1000.0,58.7,B
2021-06-21T10:28:50,500.0,58.7,B
2021-06-21T10:28:47,5000.0,58.7,B
2021-06-21T10:28:47,100.0,58.7,B
2021-06-21T10:28:47,300.0,58.7,B
2021-06-21T10:28:43,600.0,58.7,B
2021-06-21T10:28:34,2900.0,58.7,B
2021-06-21T10:28:28,600.0,58.6,S
2021-06-21T10:28:03,200.0,58.7,B
2021-06-21T10:27:59,500.0,58.7,B
2021-06-21T10:27:55,1000.0,58.7,B
2021-06-21T10:27:52,700.0,58.7,B
2021-06-21T10:27:48,200.0,58.7,B
2021-06-21T10:27:33,100.0,58.7,B
2021-06-21T10:27:33,200.0,58.7,B
2021-06-21T10:27:27,100.0,58.7,B
2021-06-21T10:27:23,500.0,58.7,B
2021-06-21T10:27:04,5000.0,58.7,S
2021-06-21T10:27:04,5000.0,58.7,S
2021-06-21T10:27:04,400.0,58.7,S
2021-06-21T10:27:04,300.0,58.7,S
2021-06-21T10:27:04,13800.0,58.7,S
2021-06-21T10:27:04,400.0,58.7,S
2021-06-21T10:27:03,300.0,58.7,S
2021-06-21T10:27:03,500.0,58.8,S
2021-06-21T10:26:51,500.0,58.8,S
2021-06-21T10:26:47,4500.0,58.8,S
2021-06-21T10:26:37,500.0,58.8,S
2021-06-21T10:26:33,2000.0,58.8,S
2021-06-21T10:26:32,200.0,58.8,S
2021-06-21T10:26:22,100.0,58.8,S
2021-06-21T10:26:07,500.0,58.8,S
2021-06-21T10:26:04,400.0,58.8,S
2021-06-21T10:26:00,5000.0,58.8,S
2021-06-21T10:25:55,1000.0,58.8,S
2021-06-21T10:25:53,1000.0,58.8,S
2021-06-21T10:25:53,10000.0,58.9,B
2021-06-21T10:25:51,500.0,58.8,S
2021-06-21T10:25:50,2000.0,58.9,B
2021-06-21T10:25:40,1700.0,58.8,S
2021-06-21T10:25:33,3500.0,58.8,S
2021-06-21T10:25:33,1000.0,58.8,S
2021-06-21T10:25:33,100.0,58.8,S
2021-06-21T10:25:33,1100.0,58.8,S
2021-06-21T10:25:33,1400.0,58.8,S
2021-06-21T10:25:33,1200.0,58.8,S
2021-06-21T10:25:33,100.0,58.8,S
2021-06-21T10:25:18,3800.0,58.9,B
2021-06-21T10:25:11,100.0,58.9,B
2021-06-21T10:25:10,100.0,58.9,B
2021-06-21T10:25:04,700.0,58.9,B
2021-06-21T10:25:04,200.0,58.8,S
2021-06-21T10:24:59,900.0,58.8,S
2021-06-21T10:24:59,1900.0,58.8,S
2021-06-21T10:24:59,200.0,58.8,S
2021-06-21T10:24:58,7000.0,58.8,S
2021-06-21T10:24:52,100.0,58.9,B
2021-06-21T10:24:50,100.0,58.9,B
2021-06-21T10:24:46,100.0,58.9,B
2021-06-21T10:24:46,100.0,58.9,B
2021-06-21T10:24:35,500.0,58.9,B
2021-06-21T10:24:30,5000.0,58.8,S
2021-06-21T10:24:29,900.0,58.9,B
2021-06-21T10:24:24,200.0,58.9,B
2021-06-21T10:24:24,500.0,58.9,B
2021-06-21T10:24:24,1800.0,58.9,B
2021-06-21T10:24:24,3200.0,58.9,B
2021-06-21T10:24:24,200.0,58.9,B
2021-06-21T10:24:24,4100.0,58.9,B
2021-06-21T10:24:14,800.0,58.9,B
2021-06-21T10:24:14,900.0,58.9,B
2021-06-21T10:24:14,600.0,58.9,B
2021-06-21T10:23:58,500.0,58.9,B
2021-06-21T10:23:57,500.0,58.9,B
2021-06-21T10:23:19,1000.0,58.9,B
2021-06-21T10:23:03,300.0,58.9,B
2021-06-21T10:22:53,1600.0,58.8,S
2021-06-21T10:22:52,4400.0,58.8,S
2021-06-21T10:22:52,300.0,58.9,B
2021-06-21T10:22:47,2000.0,58.9,B
2021-06-21T10:22:40,3000.0,58.9,B
2021-06-21T10:22:26,2000.0,58.9,B
2021-06-21T10:22:23,200.0,58.9,B
2021-06-21T10:22:20,300.0,58.9,B
2021-06-21T10:22:18,1000.0,58.9,B
2021-06-21T10:22:12,100.0,58.9,B
2021-06-21T10:22:06,100.0,58.9,B
2021-06-21T10:22:01,600.0,58.9,B
2021-06-21T10:21:53,200.0,58.9,B
2021-06-21T10:21:50,1000.0,58.9,B
2021-06-21T10:21:44,100.0,58.8,S
2021-06-21T10:21:43,3000.0,58.8,S
2021-06-21T10:21:38,100.0,58.9,B
2021-06-21T10:21:37,300.0,58.9,B
2021-06-21T10:21:34,500.0,58.9,B
2021-06-21T10:21:32,200.0,58.9,B
2021-06-21T10:21:27,100.0,58.9,S
2021-06-21T10:21:23,500.0,58.9,S
2021-06-21T10:21:18,300.0,58.9,S
2021-06-21T10:21:10,3000.0,58.9,S
2021-06-21T10:21:10,1300.0,58.9,S
2021-06-21T10:21:00,5900.0,58.9,S
2021-06-21T10:20:55,300.0,58.9,S
2021-06-21T10:20:39,2000.0,58.9,S
2021-06-21T10:20:33,1000.0,58.9,S
2021-06-21T10:20:30,4000.0,58.9,S
2021-06-21T10:20:24,200.0,58.9,B
2021-06-21T10:20:23,1800.0,59.0,B
2021-06-21T10:20:21,100.0,58.9,B
2021-06-21T10:20:20,500.0,58.9,B
2021-06-21T10:20:07,100.0,58.9,S
2021-06-21T10:20:07,2400.0,58.9,S
2021-06-21T10:20:05,1500.0,58.9,S
2021-06-21T10:20:05,500.0,58.9,S
2021-06-21T10:20:04,1500.0,59.0,B
2021-06-21T10:20:02,1000.0,59.0,B
2021-06-21T10:19:55,600.0,58.9,S
2021-06-21T10:19:55,200.0,58.9,S
2021-06-21T10:19:52,2000.0,58.9,S
2021-06-21T10:19:47,1000.0,58.9,S
2021-06-21T10:19:46,2500.0,58.9,S
2021-06-21T10:19:41,1100.0,58.9,S
2021-06-21T10:19:34,200.0,59.0,B
2021-06-21T10:19:22,1200.0,58.9,S
2021-06-21T10:18:59,500.0,59.0,B
2021-06-21T10:18:52,900.0,59.0,B
2021-06-21T10:18:50,100.0,59.0,B
2021-06-21T10:18:42,100.0,59.0,B
2021-06-21T10:18:38,2400.0,59.0,B
2021-06-21T10:18:31,2500.0,59.0,B
2021-06-21T10:18:22,2000.0,59.0,B
2021-06-21T10:18:14,1500.0,59.0,B
2021-06-21T10:18:11,2000.0,59.0,B
2021-06-21T10:18:11,1500.0,59.0,B
2021-06-21T10:18:01,1000.0,59.0,B
2021-06-21T10:17:58,7100.0,58.9,S
2021-06-21T10:17:50,4800.0,59.0,B
2021-06-21T10:17:47,500.0,58.9,S
2021-06-21T10:17:42,100.0,59.0,B
2021-06-21T10:17:40,2200.0,58.9,S
2021-06-21T10:17:37,600.0,59.0,B
2021-06-21T10:17:29,100.0,58.9,S
2021-06-21T10:17:29,2500.0,59.0,B
2021-06-21T10:17:28,2500.0,59.0,B
2021-06-21T10:17:28,100.0,58.9,S
2021-06-21T10:17:20,800.0,59.0,B
2021-06-21T10:17:07,1000.0,58.9,S
2021-06-21T10:17:07,1000.0,59.0,B
2021-06-21T10:17:06,400.0,59.0,B
2021-06-21T10:17:03,200.0,59.0,B
2021-06-21T10:17:02,100.0,59.0,B
2021-06-21T10:16:52,5100.0,59.0,S
2021-06-21T10:16:51,400.0,59.1,B
2021-06-21T10:16:48,10000.0,59.0,S
2021-06-21T10:16:44,100.0,59.0,S
2021-06-21T10:16:38,300.0,59.0,S
2021-06-21T10:16:34,200.0,59.0,S
2021-06-21T10:16:34,500.0,59.0,S
2021-06-21T10:16:32,1500.0,59.0,S
2021-06-21T10:16:32,2900.0,59.0,S
2021-06-21T10:16:31,300.0,59.0,S
2021-06-21T10:16:31,200.0,59.0,S
2021-06-21T10:16:31,300.0,59.0,S
2021-06-21T10:16:30,200.0,59.0,S
2021-06-21T10:16:26,10000.0,58.9,S
2021-06-21T10:16:21,100.0,59.0,S
2021-06-21T10:16:18,200.0,59.0,S
2021-06-21T10:16:15,6600.0,58.9,S
2021-06-21T10:16:15,5000.0,59.0,B
2021-06-21T10:16:11,700.0,59.0,B
2021-06-21T10:16:11,300.0,59.0,B
2021-06-21T10:16:10,1900.0,59.0,B
2021-06-21T10:16:07,400.0,59.0,B
2021-06-21T10:16:06,700.0,59.0,B
2021-06-21T10:16:06,200.0,59.0,B
2021-06-21T10:16:05,100.0,59.0,B
2021-06-21T10:16:02,1000.0,59.0,B
2021-06-21T10:16:02,200.0,59.0,B
2021-06-21T10:16:02,2200.0,59.0,B
2021-06-21T10:16:02,200.0,59.0,B
2021-06-21T10:16:00,300.0,59.0,B
2021-06-21T10:15:56,2000.0,59.0,B
2021-06-21T10:15:53,1100.0,59.0,S
2021-06-21T10:15:52,1000.0,59.0,S
2021-06-21T10:15:50,700.0,59.0,S
2021-06-21T10:15:49,1000.0,59.0,S
2021-06-21T10:15:48,1000.0,59.0,S
2021-06-21T10:15:48,6600.0,59.0,S
2021-06-21T10:15:46,400.0,59.0,S
2021-06-21T10:15:38,1000.0,59.0,S
2021-06-21T10:15:36,200.0,59.1,B
2021-06-21T10:15:31,1000.0,59.0,S
2021-06-21T10:15:28,600.0,59.0,S
2021-06-21T10:15:28,400.0,59.0,S
2021-06-21T10:15:24,1700.0,59.1,B
2021-06-21T10:15:21,900.0,59.1,B
2021-06-21T10:15:18,500.0,59.1,B
2021-06-21T10:15:06,500.0,59.1,B
2021-06-21T10:15:06,2500.0,59.1,B
2021-06-21T10:15:04,5000.0,59.0,S
2021-06-21T10:15:00,700.0,59.1,B
2021-06-21T10:14:57,100.0,59.0,S
2021-06-21T10:14:54,200.0,59.0,S
2021-06-21T10:14:50,100.0,59.0,S
2021-06-21T10:14:50,100.0,59.0,S
2021-06-21T10:14:50,100.0,59.0,S
2021-06-21T10:14:42,1800.0,59.1,B
2021-06-21T10:14:39,700.0,59.0,S
2021-06-21T10:14:37,100.0,59.0,S
2021-06-21T10:14:37,200.0,59.1,B
2021-06-21T10:14:35,200.0,59.0,S
2021-06-21T10:14:33,200.0,59.0,S
2021-06-21T10:14:32,400.0,59.1,B
2021-06-21T10:14:31,300.0,59.0,S
2021-06-21T10:14:30,500.0,59.0,S
2021-06-21T10:14:26,900.0,59.1,B
2021-06-21T10:14:25,2000.0,59.0,S
2021-06-21T10:14:25,700.0,59.0,S
2021-06-21T10:14:23,2000.0,59.0,S
2021-06-21T10:14:19,100.0,59.0,S
2021-06-21T10:14:16,1800.0,59.0,S
2021-06-21T10:14:14,100.0,59.0,S
2021-06-21T10:14:13,1000.0,59.0,S
2021-06-21T10:14:11,1300.0,59.0,S
2021-06-21T10:14:11,3000.0,59.0,S
2021-06-21T10:14:09,10000.0,59.0,B
2021-06-21T10:14:08,200.0,59.0,B
2021-06-21T10:14:08,500.0,59.0,B
2021-06-21T10:14:08,3400.0,59.0,B
2021-06-21T10:14:08,3400.0,59.0,B
2021-06-21T10:14:02,4800.0,59.0,B
2021-06-21T10:14:02,600.0,59.0,B
2021-06-21T10:14:02,7300.0,59.0,B
2021-06-21T10:14:02,200.0,59.0,B
2021-06-21T10:14:02,500.0,59.0,B
2021-06-21T10:14:02,300.0,59.0,B
2021-06-21T10:14:02,1100.0,59.0,B
2021-06-21T10:14:02,19200.0,59.0,B
2021-06-21T10:13:58,1100.0,58.9,S
2021-06-21T10:13:58,8900.0,58.9,S
2021-06-21T10:13:55,1400.0,59.0,B
2021-06-21T10:13:53,5000.0,59.0,B
2021-06-21T10:13:53,3000.0,59.0,B
2021-06-21T10:13:53,2100.0,59.0,B
2021-06-21T10:13:50,200.0,59.0,B
2021-06-21T10:13:50,200.0,59.0,B
2021-06-21T10:13:45,100.0,59.0,B
2021-06-21T10:13:43,300.0,58.9,S
2021-06-21T10:13:42,3000.0,59.0,B
2021-06-21T10:13:33,200.0,59.0,B
2021-06-21T10:13:33,500.0,59.0,B
2021-06-21T10:13:33,1000.0,59.0,B
2021-06-21T10:13:25,4100.0,58.9,S
2021-06-21T10:13:21,900.0,59.0,B
2021-06-21T10:13:20,400.0,59.0,B
2021-06-21T10:13:19,500.0,59.0,B
2021-06-21T10:13:16,10000.0,59.0,B
2021-06-21T10:13:13,4000.0,59.0,B
2021-06-21T10:13:07,300.0,59.0,B
2021-06-21T10:13:05,800.0,59.0,B
2021-06-21T10:13:03,1000.0,59.0,B
2021-06-21T10:13:02,100.0,59.0,B
2021-06-21T10:13:02,500.0,59.0,B
2021-06-21T10:12:59,800.0,58.9,S
2021-06-21T10:12:58,400.0,58.9,S
2021-06-21T10:12:56,600.0,59.0,B
2021-06-21T10:12:56,100.0,59.0,B
2021-06-21T10:12:52,1000.0,58.9,S
2021-06-21T10:12:51,100.0,59.0,B
2021-06-21T10:12:50,3000.0,59.0,B
2021-06-21T10:12:49,300.0,59.0,B
2021-06-21T10:12:47,1000.0,59.0,B
2021-06-21T10:12:46,300.0,58.9,S
2021-06-21T10:12:42,600.0,58.9,S
2021-06-21T10:12:39,1700.0,59.0,B
2021-06-21T10:12:36,2600.0,59.0,B
2021-06-21T10:12:35,1000.0,59.0,B
2021-06-21T10:12:31,300.0,58.9,S
2021-06-21T10:12:29,300.0,59.0,B
2021-06-21T10:12:21,100.0,58.9,S
2021-06-21T10:12:19,1000.0,59.0,B
2021-06-21T10:12:18,100.0,59.0,B
2021-06-21T10:12:17,200.0,58.9,S
2021-06-21T10:12:16,100.0,59.0,B
2021-06-21T10:12:14,100.0,59.0,B
2021-06-21T10:12:10,1000.0,59.0,B
2021-06-21T10:12:08,2000.0,59.0,B
2021-06-21T10:12:07,600.0,59.0,B
2021-06-21T10:12:06,6000.0,59.0,B
2021-06-21T10:12:04,100.0,59.0,B
2021-06-21T10:12:01,2700.0,59.0,B
2021-06-21T10:12:01,2300.0,59.0,B
2021-06-21T10:11:58,1000.0,59.0,B
2021-06-21T10:11:55,200.0,58.9,S
2021-06-21T10:11:54,100.0,59.0,B
2021-06-21T10:11:52,300.0,59.0,B
2021-06-21T10:11:52,1000.0,58.9,S
2021-06-21T10:11:47,100.0,59.0,B
2021-06-21T10:11:45,1900.0,59.0,B
2021-06-21T10:11:43,100.0,59.0,B
2021-06-21T10:11:40,100.0,59.0,B
2021-06-21T10:11:37,500.0,58.9,S
2021-06-21T10:11:35,100.0,59.0,B
2021-06-21T10:11:35,1000.0,58.9,S
2021-06-21T10:11:31,600.0,58.9,S
2021-06-21T10:11:30,600.0,59.0,B
2021-06-21T10:11:28,500.0,59.0,B
2021-06-21T10:11:27,200.0,58.9,S
2021-06-21T10:11:26,1000.0,59.0,B
2021-06-21T10:11:24,100.0,58.9,S
2021-06-21T10:11:23,100.0,59.0,B
2021-06-21T10:11:21,100.0,58.9,S
2021-06-21T10:11:21,200.0,59.0,B
2021-06-21T10:11:16,500.0,59.0,B
2021-06-21T10:11:14,2900.0,59.0,B
2021-06-21T10:11:14,500.0,59.0,B
2021-06-21T10:11:14,300.0,59.0,B
2021-06-21T10:11:14,1400.0,59.0,B
2021-06-21T10:11:14,7900.0,59.0,B
2021-06-21T10:11:14,900.0,59.0,B
2021-06-21T10:11:13,1100.0,59.0,B
2021-06-21T10:11:11,100.0,58.9,S
2021-06-21T10:11:09,6300.0,58.9,S
2021-06-21T10:11:09,1200.0,58.9,S
2021-06-21T10:11:07,1000.0,59.0,B
2021-06-21T10:11:07,1500.0,59.0,B
2021-06-21T10:11:07,3800.0,59.0,B
2021-06-21T10:11:07,300.0,59.0,B
2021-06-21T10:11:07,300.0,59.0,B
2021-06-21T10:11:07,1800.0,59.0,B
2021-06-21T10:11:07,300.0,59.0,B
2021-06-21T10:11:06,1300.0,59.0,B
2021-06-21T10:11:06,2000.0,59.0,B
2021-06-21T10:11:06,5000.0,59.0,B
2021-06-21T10:11:06,200.0,59.0,B
2021-06-21T10:11:06,1200.0,59.0,B
2021-06-21T10:11:06,1500.0,59.0,B
2021-06-21T10:11:06,1200.0,59.0,B
2021-06-21T10:11:06,1900.0,59.0,B
2021-06-21T10:11:06,500.0,59.0,B
2021-06-21T10:11:06,1100.0,59.0,B
2021-06-21T10:11:06,300.0,59.0,B
2021-06-21T10:11:06,2100.0,59.0,B
2021-06-21T10:11:06,200.0,59.0,B
2021-06-21T10:11:06,5100.0,59.0,B
2021-06-21T10:11:06,300.0,59.0,B
2021-06-21T10:11:06,7700.0,59.0,B
2021-06-21T10:11:06,200.0,59.0,B
2021-06-21T10:11:06,2600.0,59.0,B
2021-06-21T10:11:06,5300.0,59.0,B
2021-06-21T10:11:06,500.0,59.0,B
2021-06-21T10:11:06,800.0,59.0,B
2021-06-21T10:11:01,100.0,59.0,B
2021-06-21T10:10:59,1000.0,58.9,B
2021-06-21T10:10:58,1000.0,58.9,B
2021-06-21T10:10:57,1800.0,59.0,B
2021-06-21T10:10:57,200.0,58.9,B
2021-06-21T10:10:54,2000.0,58.9,B
2021-06-21T10:10:53,400.0,59.0,B
2021-06-21T10:10:53,4600.0,59.0,B
2021-06-21T10:10:49,200.0,58.9,B
2021-06-21T10:10:49,300.0,58.9,B
2021-06-21T10:10:47,400.0,58.9,B
2021-06-21T10:10:37,5000.0,59.0,B
2021-06-21T10:10:37,5000.0,58.9,B
2021-06-21T10:10:36,4500.0,58.9,B
2021-06-21T10:10:30,5000.0,58.9,S
2021-06-21T10:10:30,300.0,58.9,S
2021-06-21T10:10:30,200.0,58.9,S
2021-06-21T10:10:25,1500.0,58.9,S
2021-06-21T10:10:24,100.0,58.8,S
2021-06-21T10:10:24,500.0,58.9,S
2021-06-21T10:10:21,2300.0,59.0,B
2021-06-21T10:10:21,700.0,59.0,B
2021-06-21T10:10:21,200.0,59.0,B
2021-06-21T10:10:21,1300.0,59.0,B
2021-06-21T10:10:21,1200.0,59.0,B
2021-06-21T10:10:21,9000.0,59.0,B
2021-06-21T10:10:21,11400.0,59.0,B
2021-06-21T10:10:21,900.0,59.0,B
2021-06-21T10:10:20,400.0,59.0,B
2021-06-21T10:10:20,900.0,59.0,B
2021-06-21T10:10:20,700.0,59.0,B
2021-06-21T10:10:20,3800.0,59.0,B
2021-06-21T10:10:20,3000.0,59.0,B
2021-06-21T10:10:20,4600.0,59.0,B
2021-06-21T10:10:20,5300.0,59.0,B
2021-06-21T10:10:20,6700.0,59.0,B
2021-06-21T10:10:20,500.0,59.0,B
2021-06-21T10:10:19,3500.0,59.0,B
2021-06-21T10:10:19,900.0,59.0,B
2021-06-21T10:10:19,300.0,59.0,B
2021-06-21T10:10:19,1800.0,59.0,B
2021-06-21T10:10:19,16200.0,59.0,B
2021-06-21T10:10:19,500.0,59.0,B
2021-06-21T10:10:19,600.0,59.0,B
2021-06-21T10:10:19,100.0,59.0,B
2021-06-21T10:10:19,23200.0,59.0,B
2021-06-21T10:10:16,200.0,58.9,S
2021-06-21T10:10:16,8800.0,58.9,S
2021-06-21T10:10:16,100.0,59.0,B
2021-06-21T10:10:13,600.0,58.9,S
2021-06-21T10:10:13,100.0,58.9,S
2021-06-21T10:10:13,100.0,58.9,S
2021-06-21T10:10:12,18000.0,59.0,B
2021-06-21T10:10:12,500.0,58.9,S
2021-06-21T10:10:09,7200.0,59.0,B
2021-06-21T10:10:09,1900.0,59.0,B
2021-06-21T10:10:09,25000.0,59.0,B
2021-06-21T10:10:09,100.0,59.0,B
2021-06-21T10:10:09,5800.0,59.0,B
2021-06-21T10:10:06,300.0,58.8,S
2021-06-21T10:10:01,600.0,58.8,S
2021-06-21T10:09:58,700.0,58.9,S
2021-06-21T10:09:58,10200.0,58.9,S
2021-06-21T10:09:57,5800.0,58.9,S
2021-06-21T10:09:52,500.0,58.9,S
2021-06-21T10:09:50,2000.0,59.0,B
2021-06-21T10:09:49,3000.0,59.0,B
2021-06-21T10:09:45,100.0,58.9,S
2021-06-21T10:09:44,2000.0,58.9,S
2021-06-21T10:09:38,400.0,58.9,S
2021-06-21T10:09:37,300.0,59.0,B
2021-06-21T10:09:29,2000.0,58.9,S
2021-06-21T10:09:18,500.0,59.0,B
2021-06-21T10:09:17,2200.0,58.9,S
2021-06-21T10:09:16,200.0,58.9,S
2021-06-21T10:09:15,100.0,58.9,S
2021-06-21T10:09:15,300.0,58.9,S
2021-06-21T10:09:08,3000.0,58.9,B
2021-06-21T10:09:07,100.0,58.9,B
2021-06-21T10:09:05,12600.0,58.9,B
2021-06-21T10:09:04,500.0,58.9,B
2021-06-21T10:09:01,3500.0,58.9,B
2021-06-21T10:09:00,100.0,58.9,B
2021-06-21T10:09:00,1000.0,58.9,B
2021-06-21T10:08:58,100.0,58.9,B
2021-06-21T10:08:43,5000.0,58.9,B
2021-06-21T10:08:41,14900.0,58.9,B
2021-06-21T10:08:41,100.0,58.9,B
2021-06-21T10:08:41,400.0,58.9,B
2021-06-21T10:08:41,4600.0,58.9,B
2021-06-21T10:08:39,2200.0,58.9,B
2021-06-21T10:08:37,500.0,58.9,B
2021-06-21T10:08:31,1000.0,58.9,B
2021-06-21T10:08:19,100.0,58.9,B
2021-06-21T10:08:18,1000.0,58.9,B
2021-06-21T10:08:12,700.0,58.8,S
2021-06-21T10:08:07,5000.0,58.8,S
2021-06-21T10:08:07,17800.0,58.9,B
2021-06-21T10:08:07,500.0,58.9,B
2021-06-21T10:08:07,1500.0,58.9,B
2021-06-21T10:08:06,9200.0,58.9,B
2021-06-21T10:08:05,100.0,58.8,S
2021-06-21T10:08:05,500.0,58.8,S
2021-06-21T10:08:03,1000.0,58.9,B
2021-06-21T10:07:59,200.0,58.8,S
2021-06-21T10:07:56,100.0,58.8,S
2021-06-21T10:07:46,100.0,58.9,B
2021-06-21T10:07:44,100.0,58.8,S
2021-06-21T10:07:41,200.0,58.8,S
2021-06-21T10:07:41,100.0,58.8,S
2021-06-21T10:07:39,1500.0,58.9,B
2021-06-21T10:07:36,100.0,58.8,S
2021-06-21T10:07:31,1000.0,58.8,S
2021-06-21T10:07:28,3600.0,58.9,B
2021-06-21T10:07:28,100.0,58.9,B
2021-06-21T10:07:28,1300.0,58.9,B
2021-06-21T10:07:26,200.0,58.8,S
2021-06-21T10:07:23,1000.0,58.8,B
2021-06-21T10:07:18,100.0,58.8,B
2021-06-21T10:07:15,100.0,58.8,B
2021-06-21T10:07:15,100.0,58.8,B
2021-06-21T10:07:15,1900.0,58.8,B
2021-06-21T10:07:15,2000.0,58.8,B
2021-06-21T10:07:15,3000.0,58.8,B
2021-06-21T10:07:15,300.0,58.8,B
2021-06-21T10:07:15,10400.0,58.8,B
2021-06-21T10:07:15,5500.0,58.8,B
2021-06-21T10:07:15,10200.0,58.8,B
2021-06-21T10:07:15,5000.0,58.8,B
2021-06-21T10:07:15,6000.0,58.8,B
2021-06-21T10:07:15,100.0,58.8,B
2021-06-21T10:07:15,900.0,58.8,B
2021-06-21T10:07:14,100.0,58.8,B
2021-06-21T10:07:04,500.0,58.7,B
2021-06-21T10:07:00,2900.0,58.7,B
2021-06-21T10:07:00,7600.0,58.7,B
2021-06-21T10:07:00,100.0,58.7,B
2021-06-21T10:07:00,1100.0,58.7,B
2021-06-21T10:07:00,11600.0,58.7,B
2021-06-21T10:07:00,100.0,58.7,B
2021-06-21T10:07:00,7100.0,58.7,B
2021-06-21T10:07:00,9500.0,58.6,B
2021-06-21T10:06:58,100.0,58.6,B
2021-06-21T10:06:51,2400.0,58.6,B
2021-06-21T10:06:50,4100.0,58.6,B
2021-06-21T10:06:47,500.0,58.6,B
2021-06-21T10:06:46,2200.0,58.6,B
2021-06-21T10:06:46,800.0,58.6,B
2021-06-21T10:06:46,6600.0,58.6,B
2021-06-21T10:06:46,100.0,58.6,B
2021-06-21T10:06:46,1100.0,58.6,B
2021-06-21T10:06:45,8200.0,58.6,B
2021-06-21T10:06:43,1100.0,58.6,B
2021-06-21T10:06:43,5000.0,58.6,B
2021-06-21T10:06:41,18300.0,58.6,B
2021-06-21T10:06:41,1700.0,58.6,B
2021-06-21T10:06:33,500.0,58.6,B
2021-06-21T10:06:30,200.0,58.6,B
2021-06-21T10:06:30,100.0,58.6,B
2021-06-21T10:06:30,1700.0,58.6,B
2021-06-21T10:06:22,400.0,58.5,S
2021-06-21T10:06:21,400.0,58.5,S
2021-06-21T10:06:15,900.0,58.6,B
2021-06-21T10:06:15,700.0,58.6,B
2021-06-21T10:06:15,2100.0,58.6,B
2021-06-21T10:06:15,11300.0,58.6,B
2021-06-21T10:06:11,100.0,58.5,S
2021-06-21T10:06:05,100.0,58.6,B
2021-06-21T10:06:05,100.0,58.6,B
2021-06-21T10:05:57,300.0,58.5,S
2021-06-21T10:05:54,200.0,58.5,S
2021-06-21T10:05:45,100.0,58.6,B
2021-06-21T10:05:44,2000.0,58.6,B
2021-06-21T10:05:43,300.0,58.5,S
2021-06-21T10:05:34,2400.0,58.5,B
2021-06-21T10:05:19,10000.0,58.5,B
2021-06-21T10:05:18,1000.0,58.5,B
2021-06-21T10:05:13,500.0,58.5,B
2021-06-21T10:05:10,1000.0,58.5,B
2021-06-21T10:05:10,1500.0,58.5,B
2021-06-21T10:05:10,5500.0,58.5,B
2021-06-21T10:05:10,400.0,58.5,B
2021-06-21T10:05:10,5300.0,58.5,B
2021-06-21T10:05:10,200.0,58.5,B
2021-06-21T10:05:10,200.0,58.5,B
2021-06-21T10:05:10,1400.0,58.5,B
2021-06-21T10:05:10,100.0,58.5,B
2021-06-21T10:05:10,2300.0,58.5,B
2021-06-21T10:05:10,400.0,58.5,B
2021-06-21T10:05:10,1000.0,58.5,B
2021-06-21T10:05:10,20000.0,58.5,B
2021-06-21T10:05:10,11500.0,58.5,B
2021-06-21T10:05:09,1600.0,58.5,B
2021-06-21T10:05:09,4400.0,58.5,B
2021-06-21T10:05:04,400.0,58.5,B
2021-06-21T10:05:04,300.0,58.5,B
2021-06-21T10:05:03,100.0,58.5,B
2021-06-21T10:05:03,100.0,58.5,B
2021-06-21T10:05:01,1000.0,58.4,S
2021-06-21T10:05:00,300.0,58.5,B
2021-06-21T10:05:00,200.0,58.4,S
2021-06-21T10:04:57,100.0,58.4,S
2021-06-21T10:04:54,2000.0,58.5,B
2021-06-21T10:04:54,200.0,58.5,B
2021-06-21T10:04:53,5300.0,58.5,B
2021-06-21T10:04:53,400.0,58.5,B
2021-06-21T10:04:53,4300.0,58.5,B
2021-06-21T10:04:53,400.0,58.5,B
2021-06-21T10:04:53,300.0,58.5,B
2021-06-21T10:04:53,1500.0,58.5,B
2021-06-21T10:04:53,200.0,58.5,B
2021-06-21T10:04:52,4600.0,58.5,B
2021-06-21T10:04:48,500.0,58.5,B
2021-06-21T10:04:46,2500.0,58.5,B
2021-06-21T10:04:43,2000.0,58.5,B
2021-06-21T10:04:43,5000.0,58.4,S
2021-06-21T10:04:42,1300.0,58.5,B
2021-06-21T10:04:42,1600.0,58.5,B
2021-06-21T10:04:40,500.0,58.5,B
2021-06-21T10:04:40,7000.0,58.5,B
2021-06-21T10:04:40,200.0,58.5,B
2021-06-21T10:04:40,2700.0,58.5,B
2021-06-21T10:04:40,1200.0,58.5,B
2021-06-21T10:04:40,800.0,58.5,B
2021-06-21T10:04:40,3200.0,58.5,B
2021-06-21T10:04:40,700.0,58.5,B
2021-06-21T10:04:40,21100.0,58.5,B
2021-06-21T10:04:40,2800.0,58.5,B
2021-06-21T10:04:40,500.0,58.5,B
2021-06-21T10:04:40,2000.0,58.5,B
2021-06-21T10:04:40,800.0,58.5,B
2021-06-21T10:04:40,1000.0,58.5,B
2021-06-21T10:04:40,400.0,58.5,B
2021-06-21T10:04:40,1200.0,58.5,B
2021-06-21T10:04:40,6300.0,58.5,B
2021-06-21T10:04:40,6000.0,58.5,B
2021-06-21T10:04:40,1100.0,58.5,B
2021-06-21T10:04:40,1200.0,58.5,B
2021-06-21T10:04:39,500.0,58.5,B
2021-06-21T10:04:39,700.0,58.5,B
2021-06-21T10:04:39,100.0,58.5,B
2021-06-21T10:04:39,2000.0,58.5,B
2021-06-21T10:04:39,5300.0,58.5,B
2021-06-21T10:04:39,200.0,58.5,B
2021-06-21T10:04:39,100.0,58.5,B
2021-06-21T10:04:39,300.0,58.5,B
2021-06-21T10:04:39,1100.0,58.5,B
2021-06-21T10:04:39,10500.0,58.5,B
2021-06-21T10:04:39,200.0,58.5,B
2021-06-21T10:04:39,2100.0,58.5,B
2021-06-21T10:04:39,7500.0,58.5,B
2021-06-21T10:04:39,2200.0,58.5,B
2021-06-21T10:04:39,300.0,58.5,B
2021-06-21T10:04:39,600.0,58.5,B
2021-06-21T10:04:39,2100.0,58.5,B
2021-06-21T10:04:39,200.0,58.5,B
2021-06-21T10:04:38,2000.0,58.5,B
2021-06-21T10:04:38,3300.0,58.5,B
2021-06-21T10:04:38,200.0,58.5,B
2021-06-21T10:04:38,500.0,58.5,B
2021-06-21T10:04:38,3500.0,58.5,B
2021-06-21T10:04:38,3500.0,58.5,B
2021-06-21T10:04:38,1000.0,58.5,B
2021-06-21T10:04:38,1900.0,58.5,B
2021-06-21T10:04:38,300.0,58.5,B
2021-06-21T10:04:38,400.0,58.5,B
2021-06-21T10:04:38,700.0,58.5,B
2021-06-21T10:04:38,400.0,58.5,B
2021-06-21T10:04:38,26400.0,58.5,B
2021-06-21T10:04:38,1300.0,58.5,B
2021-06-21T10:04:38,100.0,58.5,B
2021-06-21T10:04:38,700.0,58.5,B
2021-06-21T10:04:38,4300.0,58.5,B
2021-06-21T10:04:38,33300.0,58.5,B
2021-06-21T10:04:38,6000.0,58.5,B
2021-06-21T10:04:38,13500.0,58.5,B
2021-06-21T10:04:32,2500.0,58.5,B
2021-06-21T10:04:32,3600.0,58.5,B
2021-06-21T10:04:32,2200.0,58.5,B
2021-06-21T10:04:32,1700.0,58.5,B
2021-06-21T10:04:31,100.0,58.4,S
2021-06-21T10:04:27,2600.0,58.5,B
2021-06-21T10:04:17,600.0,58.5,B
2021-06-21T10:04:17,3400.0,58.5,B
2021-06-21T10:04:12,500.0,58.4,S
2021-06-21T10:04:10,1000.0,58.4,S
2021-06-21T10:04:09,5700.0,58.4,S
2021-06-21T10:04:03,1000.0,58.4,S
2021-06-21T10:04:00,200.0,58.4,S
2021-06-21T10:03:58,1300.0,58.5,B
2021-06-21T10:03:52,100.0,58.5,B
2021-06-21T10:03:50,1800.0,58.4,B
2021-06-21T10:03:47,100.0,58.4,B
2021-06-21T10:03:47,300.0,58.4,B
2021-06-21T10:03:46,100.0,58.4,B
2021-06-21T10:03:41,100.0,58.4,B
2021-06-21T10:03:32,200.0,58.4,B
2021-06-21T10:03:31,1900.0,58.4,B
2021-06-21T10:03:31,500.0,58.4,B
2021-06-21T10:03:31,16800.0,58.4,B
2021-06-21T10:03:28,1600.0,58.4,B
2021-06-21T10:03:28,1000.0,58.3,S
2021-06-21T10:03:28,500.0,58.4,B
2021-06-21T10:03:26,500.0,58.4,B
2021-06-21T10:03:20,200.0,58.4,B
2021-06-21T10:03:20,100.0,58.3,S
2021-06-21T10:02:56,700.0,58.4,B
2021-06-21T10:02:56,200.0,58.4,B
2021-06-21T10:02:46,200.0,58.4,B
2021-06-21T10:02:43,3000.0,58.4,B
2021-06-21T10:02:43,2000.0,58.4,B
2021-06-21T10:02:35,100.0,58.4,B
2021-06-21T10:02:35,200.0,58.4,B
2021-06-21T10:02:33,2000.0,58.4,B
2021-06-21T10:02:33,7100.0,58.4,B
2021-06-21T10:02:33,6500.0,58.4,B
2021-06-21T10:02:22,700.0,58.4,B
2021-06-21T10:02:16,2000.0,58.4,B
2021-06-21T10:02:15,1800.0,58.2,S
2021-06-21T10:02:14,8300.0,58.4,B
2021-06-21T10:02:08,100.0,58.2,S
2021-06-21T10:02:04,1700.0,58.4,B
2021-06-21T10:02:04,5000.0,58.4,B
2021-06-21T10:02:03,500.0,58.4,B
2021-06-21T10:02:03,200.0,58.4,B
2021-06-21T10:02:03,200.0,58.4,B
2021-06-21T10:02:03,400.0,58.4,B
2021-06-21T10:02:03,500.0,58.4,B
2021-06-21T10:02:03,300.0,58.4,B
2021-06-21T10:02:03,1500.0,58.4,B
2021-06-21T10:02:03,1500.0,58.4,B
2021-06-21T10:02:03,3400.0,58.4,B
2021-06-21T10:02:03,1300.0,58.4,B
2021-06-21T10:02:03,3500.0,58.4,B
2021-06-21T10:01:52,100.0,58.4,B
2021-06-21T10:01:52,400.0,58.4,B
2021-06-21T10:01:52,7000.0,58.2,S
2021-06-21T10:01:46,100.0,58.2,S
2021-06-21T10:01:30,900.0,58.2,S
2021-06-21T10:01:27,500.0,58.2,S
2021-06-21T10:01:25,4900.0,58.4,B
2021-06-21T10:01:11,500.0,58.1,S
2021-06-21T10:01:08,900.0,58.4,B
2021-06-21T10:01:08,33600.0,58.4,B
2021-06-21T10:01:08,2000.0,58.4,B
2021-06-21T10:01:08,100.0,58.4,B
2021-06-21T10:01:08,5500.0,58.4,B
2021-06-21T10:01:08,27100.0,58.4,B
2021-06-21T10:01:08,14000.0,58.4,B
2021-06-21T10:01:08,1000.0,58.3,B
2021-06-21T10:01:08,300.0,58.3,B
2021-06-21T10:01:08,5300.0,58.3,B
2021-06-21T10:01:08,800.0,58.3,B
2021-06-21T10:01:08,400.0,58.3,B
2021-06-21T10:01:08,1600.0,58.3,B
2021-06-21T10:01:08,1100.0,58.3,B
2021-06-21T10:01:08,5300.0,58.3,B
2021-06-21T10:01:08,2300.0,58.3,B
2021-06-21T10:01:08,1300.0,58.3,B
2021-06-21T10:01:08,6200.0,58.3,B
2021-06-21T10:01:08,1000.0,58.3,B
2021-06-21T10:01:08,1200.0,58.3,B
2021-06-21T10:01:08,11700.0,58.3,B
2021-06-21T10:01:08,1200.0,58.3,B
2021-06-21T10:01:08,1000.0,58.3,B
2021-06-21T10:01:08,1500.0,58.3,B
2021-06-21T10:01:08,1000.0,58.3,B
2021-06-21T10:01:08,9700.0,58.3,B
2021-06-21T10:01:08,300.0,58.3,B
2021-06-21T10:01:07,24000.0,58.3,B
2021-06-21T10:01:07,700.0,58.2,B
2021-06-21T10:01:07,400.0,58.2,B
2021-06-21T10:01:07,1500.0,58.2,B
2021-06-21T10:01:07,6000.0,58.2,B
2021-06-21T10:01:07,200.0,58.2,B
2021-06-21T10:01:07,9800.0,58.2,B
2021-06-21T10:01:07,600.0,58.2,B
2021-06-21T10:01:07,300.0,58.2,B
2021-06-21T10:01:07,8700.0,58.2,B
2021-06-21T10:01:07,400.0,58.2,B
2021-06-21T10:01:07,200.0,58.2,B
2021-06-21T10:01:07,1700.0,58.2,B
2021-06-21T10:01:07,900.0,58.2,B
2021-06-21T10:01:07,300.0,58.2,B
2021-06-21T10:01:07,11700.0,58.2,B
2021-06-21T10:01:07,1400.0,58.2,B
2021-06-21T10:01:07,300.0,58.2,B
2021-06-21T10:01:07,2500.0,58.2,B
2021-06-21T10:01:07,3200.0,58.2,B
2021-06-21T10:01:07,800.0,58.2,B
2021-06-21T10:01:07,300.0,58.2,B
2021-06-21T10:01:07,800.0,58.2,B
2021-06-21T10:01:07,10500.0,58.2,B
2021-06-21T10:01:07,1500.0,58.2,B
2021-06-21T10:01:07,500.0,58.2,B
2021-06-21T10:01:07,600.0,58.2,B
2021-06-21T10:01:07,12800.0,58.2,B
2021-06-21T10:01:02,4700.0,58.2,B
2021-06-21T10:00:57,1000.0,58.1,S
2021-06-21T10:00:46,200.0,58.2,B
2021-06-21T10:00:45,200.0,58.2,B
2021-06-21T10:00:44,5000.0,58.2,B
2021-06-21T10:00:39,100.0,58.1,S
2021-06-21T10:00:29,20000.0,58.2,B
2021-06-21T10:00:14,700.0,58.1,B
2021-06-21T10:00:12,100.0,58.1,B
2021-06-21T10:00:09,1100.0,58.1,B
2021-06-21T10:00:09,2900.0,58.1,B
2021-06-21T10:00:06,100.0,58.1,B
2021-06-21T09:59:59,500.0,58.2,B
2021-06-21T09:59:59,200.0,58.2,B
2021-06-21T09:59:48,1500.0,58.1,B
2021-06-21T09:59:47,400.0,58.1,B
2021-06-21T09:59:47,400.0,58.1,B
2021-06-21T09:59:47,4200.0,58.1,B
2021-06-21T09:59:46,1000.0,58.1,B
2021-06-21T09:59:39,5000.0,58.1,B
2021-06-21T09:59:35,10600.0,58.0,S
2021-06-21T09:59:33,5500.0,58.1,B
2021-06-21T09:59:33,5200.0,58.1,B
2021-06-21T09:59:33,100.0,58.0,S
2021-06-21T09:59:33,500.0,58.1,B
2021-06-21T09:59:33,4100.0,58.1,B
2021-06-21T09:59:33,1900.0,58.1,B
2021-06-21T09:59:33,3500.0,58.1,B
2021-06-21T09:59:30,900.0,58.0,S
2021-06-21T09:59:28,100.0,58.1,B
2021-06-21T09:59:25,900.0,58.1,B
2021-06-21T09:59:25,200.0,58.1,B
2021-06-21T09:59:24,900.0,58.1,B
2021-06-21T09:59:19,5300.0,58.1,B
2021-06-21T09:59:17,200.0,58.1,B
2021-06-21T09:59:03,3700.0,58.1,B
2021-06-21T09:59:02,3200.0,58.1,B
2021-06-21T09:58:56,300.0,58.0,S
2021-06-21T09:58:51,1500.0,58.0,S
2021-06-21T09:58:49,300.0,58.1,B
2021-06-21T09:58:42,5000.0,58.1,B
2021-06-21T09:58:39,1500.0,58.1,B
2021-06-21T09:58:37,500.0,58.1,B
2021-06-21T09:58:36,1000.0,58.0,S
2021-06-21T09:58:21,4300.0,58.1,B
2021-06-21T09:58:21,1700.0,58.1,B
2021-06-21T09:58:21,4400.0,58.1,B
2021-06-21T09:58:21,600.0,58.1,B
2021-06-21T09:58:18,1500.0,58.0,S
2021-06-21T09:58:13,1000.0,58.0,S
2021-06-21T09:58:03,200.0,58.0,S
2021-06-21T09:58:01,800.0,58.0,S
2021-06-21T09:58:00,200.0,58.0,S
2021-06-21T09:57:55,1000.0,58.0,S
2021-06-21T09:57:52,200.0,58.0,S
2021-06-21T09:57:50,500.0,58.1,B
2021-06-21T09:57:48,17300.0,58.1,B
2021-06-21T09:57:41,800.0,58.0,B
2021-06-21T09:57:38,3000.0,58.1,B
2021-06-21T09:57:28,200.0,58.0,B
2021-06-21T09:57:27,6000.0,58.0,B
2021-06-21T09:57:27,2900.0,58.0,B
2021-06-21T09:57:27,1700.0,58.0,B
2021-06-21T09:57:26,400.0,58.0,B
2021-06-21T09:57:26,800.0,58.0,B
2021-06-21T09:57:26,1000.0,58.0,B
2021-06-21T09:57:26,100.0,58.0,B
2021-06-21T09:57:26,3900.0,58.0,B
2021-06-21T09:57:26,2700.0,58.0,B
2021-06-21T09:57:26,1500.0,58.0,B
2021-06-21T09:57:25,300.0,58.0,B
2021-06-21T09:57:25,500.0,58.0,B
2021-06-21T09:57:25,100.0,58.0,B
2021-06-21T09:57:15,10000.0,58.0,B
2021-06-21T09:57:08,2000.0,58.0,B
2021-06-21T09:57:08,200.0,58.0,B
2021-06-21T09:57:07,200.0,58.0,B
2021-06-21T09:57:03,1500.0,58.0,B
2021-06-21T09:57:00,100.0,58.0,B
2021-06-21T09:56:59,100.0,58.0,B
2021-06-21T09:56:53,1500.0,58.0,B
2021-06-21T09:56:48,3000.0,58.0,B
2021-06-21T09:56:45,100.0,58.0,B
2021-06-21T09:56:38,300.0,58.0,B
2021-06-21T09:56:38,4700.0,58.0,B
2021-06-21T09:56:35,200.0,58.0,B
2021-06-21T09:56:33,2400.0,57.9,S
2021-06-21T09:56:33,100.0,57.9,S
2021-06-21T09:56:33,6500.0,57.9,S
2021-06-21T09:56:28,1200.0,58.0,B
2021-06-21T09:56:28,1800.0,58.0,B
2021-06-21T09:56:17,400.0,58.0,B
2021-06-21T09:56:17,5700.0,58.0,B
2021-06-21T09:56:17,2500.0,58.0,B
2021-06-21T09:56:17,200.0,58.0,B
2021-06-21T09:56:17,700.0,58.0,B
2021-06-21T09:56:17,500.0,58.0,B
2021-06-21T09:56:13,1000.0,58.0,B
2021-06-21T09:56:13,2200.0,58.0,B
2021-06-21T09:56:13,1700.0,58.0,B
2021-06-21T09:56:13,500.0,58.0,B
2021-06-21T09:56:13,400.0,58.0,B
2021-06-21T09:56:13,400.0,58.0,B
2021-06-21T09:56:13,10300.0,58.0,B
2021-06-21T09:56:13,600.0,58.0,B
2021-06-21T09:56:13,100.0,58.0,B
2021-06-21T09:56:11,500.0,58.0,B
2021-06-21T09:56:05,100.0,58.0,B
2021-06-21T09:55:51,1000.0,58.0,B
2021-06-21T09:55:49,1000.0,57.9,S
2021-06-21T09:55:37,100.0,58.0,B
2021-06-21T09:55:32,100.0,57.9,S
2021-06-21T09:55:29,2200.0,57.9,S
2021-06-21T09:55:28,1800.0,58.0,B
2021-06-21T09:55:23,300.0,57.9,S
2021-06-21T09:55:21,400.0,57.9,S
2021-06-21T09:55:17,200.0,57.9,S
2021-06-21T09:55:01,2000.0,57.9,S
2021-06-21T09:55:01,100.0,57.9,S
2021-06-21T09:54:53,100.0,57.9,S
2021-06-21T09:54:52,300.0,58.0,B
2021-06-21T09:54:50,900.0,58.0,B
2021-06-21T09:54:37,600.0,57.9,S
2021-06-21T09:54:30,400.0,58.0,B
2021-06-21T09:54:23,200.0,57.9,S
2021-06-21T09:54:15,300.0,58.0,B
2021-06-21T09:54:15,3700.0,58.0,B
2021-06-21T09:54:13,200.0,57.9,S
2021-06-21T09:54:10,300.0,58.0,B
2021-06-21T09:54:01,4000.0,57.9,S
2021-06-21T09:53:57,600.0,57.9,S
2021-06-21T09:53:57,9400.0,57.9,S
2021-06-21T09:53:49,300.0,58.0,B
2021-06-21T09:53:44,500.0,58.0,B
2021-06-21T09:53:40,1000.0,58.0,B
2021-06-21T09:53:37,200.0,58.0,B
2021-06-21T09:53:36,500.0,58.0,B
2021-06-21T09:53:31,200.0,57.9,S
2021-06-21T09:53:28,9100.0,57.9,S
2021-06-21T09:53:28,900.0,57.9,S
2021-06-21T09:53:28,2000.0,57.9,S
2021-06-21T09:53:21,100.0,57.9,S
2021-06-21T09:53:18,500.0,57.9,S
2021-06-21T09:53:01,1200.0,57.9,S
2021-06-21T09:52:45,600.0,58.0,B
2021-06-21T09:52:44,200.0,58.0,B
2021-06-21T09:52:42,1000.0,57.9,S
2021-06-21T09:52:33,300.0,57.9,S
2021-06-21T09:52:32,200.0,57.9,S
2021-06-21T09:52:31,200.0,58.0,B
2021-06-21T09:52:29,300.0,58.0,B
2021-06-21T09:52:25,2500.0,58.0,B
2021-06-21T09:52:21,100.0,58.0,B
2021-06-21T09:52:19,600.0,58.0,B
2021-06-21T09:52:15,800.0,58.0,B
2021-06-21T09:52:11,400.0,57.9,S
2021-06-21T09:52:06,2000.0,58.0,B
2021-06-21T09:52:04,600.0,57.9,S
2021-06-21T09:51:54,2000.0,58.0,B
2021-06-21T09:51:40,300.0,57.9,S
2021-06-21T09:51:35,2000.0,57.9,S
2021-06-21T09:51:28,500.0,58.0,B
2021-06-21T09:51:24,100.0,58.0,B
2021-06-21T09:51:13,2000.0,58.0,B
2021-06-21T09:51:07,200.0,58.0,B
2021-06-21T09:51:04,600.0,58.0,B
2021-06-21T09:51:01,100.0,58.0,B
2021-06-21T09:50:55,100.0,58.0,B
2021-06-21T09:50:46,200.0,58.0,B
2021-06-21T09:50:45,500.0,58.0,B
2021-06-21T09:50:34,200.0,58.0,B
2021-06-21T09:50:33,2000.0,58.0,B
2021-06-21T09:50:30,500.0,58.0,B
2021-06-21T09:50:15,2000.0,58.0,B
2021-06-21T09:50:07,1000.0,58.0,B
2021-06-21T09:50:04,1000.0,58.0,B
2021-06-21T09:49:56,500.0,58.0,B
2021-06-21T09:49:54,500.0,58.0,B
2021-06-21T09:49:45,300.0,58.0,B
2021-06-21T09:49:45,200.0,58.0,B
2021-06-21T09:49:38,10000.0,57.9,S
2021-06-21T09:49:28,100.0,58.0,S
2021-06-21T09:49:26,100.0,58.0,S
2021-06-21T09:49:23,4100.0,58.0,S
2021-06-21T09:49:15,1000.0,57.9,S
2021-06-21T09:49:12,200.0,58.1,B
2021-06-21T09:49:10,1000.0,58.1,B
2021-06-21T09:49:09,2000.0,57.9,S
2021-06-21T09:49:08,200.0,58.1,B
2021-06-21T09:49:05,600.0,58.1,B
2021-06-21T09:49:02,1500.0,57.9,S
2021-06-21T09:49:00,1000.0,58.1,B
2021-06-21T09:48:59,400.0,58.0,S
2021-06-21T09:48:59,300.0,58.0,S
2021-06-21T09:48:59,300.0,58.0,S
2021-06-21T09:48:48,700.0,58.1,B
2021-06-21T09:48:45,5000.0,58.1,B
2021-06-21T09:48:45,200.0,58.1,B
2021-06-21T09:48:42,500.0,58.1,B
2021-06-21T09:48:39,500.0,58.0,S
2021-06-21T09:48:39,500.0,58.0,S
2021-06-21T09:48:29,6100.0,58.1,S
2021-06-21T09:48:28,1000.0,58.0,S
2021-06-21T09:48:25,2000.0,58.1,S
2021-06-21T09:48:23,500.0,58.0,S
2021-06-21T09:48:16,100.0,58.1,S
2021-06-21T09:48:11,2000.0,58.0,S
2021-06-21T09:48:02,100.0,58.1,S
2021-06-21T09:48:01,300.0,58.0,S
2021-06-21T09:48:01,6200.0,58.0,S
2021-06-21T09:48:01,11600.0,58.0,S
2021-06-21T09:48:01,8100.0,58.0,S
2021-06-21T09:48:01,200.0,58.0,S
2021-06-21T09:48:01,500.0,58.0,S
2021-06-21T09:48:01,5000.0,58.0,S
2021-06-21T09:48:01,100.0,58.0,S
2021-06-21T09:48:01,500.0,58.0,S
2021-06-21T09:48:01,3100.0,58.0,S
2021-06-21T09:48:01,300.0,58.0,S
2021-06-21T09:48:01,100.0,58.0,S
2021-06-21T09:48:01,500.0,58.0,S
2021-06-21T09:48:01,5700.0,58.0,S
2021-06-21T09:48:01,600.0,58.0,S
2021-06-21T09:48:01,13000.0,58.0,S
2021-06-21T09:48:01,20400.0,58.0,S
2021-06-21T09:48:01,100.0,58.0,S
2021-06-21T09:48:01,100.0,58.0,S
2021-06-21T09:48:01,1700.0,58.0,S
2021-06-21T09:48:01,4900.0,58.0,S
2021-06-21T09:48:01,3000.0,58.0,S
2021-06-21T09:48:01,200.0,58.0,S
2021-06-21T09:48:01,1000.0,58.0,S
2021-06-21T09:48:01,7000.0,58.0,S
2021-06-21T09:48:01,55800.0,58.0,S
2021-06-21T09:48:01,1000.0,58.1,S
2021-06-21T09:48:00,100.0,58.1,S
2021-06-21T09:48:00,200.0,58.1,S
2021-06-21T09:48:00,2800.0,58.1,S
2021-06-21T09:48:00,100.0,58.1,S
2021-06-21T09:47:57,200.0,58.1,S
2021-06-21T09:47:54,500.0,58.2,B
2021-06-21T09:47:54,100.0,58.1,S
2021-06-21T09:47:52,500.0,58.1,S
2021-06-21T09:47:44,500.0,58.1,S
2021-06-21T09:47:38,200.0,58.1,S
2021-06-21T09:47:37,4000.0,58.1,S
2021-06-21T09:47:31,3000.0,58.1,S
2021-06-21T09:47:25,100.0,58.2,B
2021-06-21T09:47:19,600.0,58.1,S
2021-06-21T09:47:19,6100.0,58.1,S
2021-06-21T09:47:18,2000.0,58.1,S
2021-06-21T09:47:14,3000.0,58.1,S
2021-06-21T09:47:14,500.0,58.1,S
2021-06-21T09:47:11,900.0,58.2,B
2021-06-21T09:47:08,300.0,58.1,S
2021-06-21T09:47:01,2200.0,58.1,S
2021-06-21T09:47:01,1800.0,58.1,S
2021-06-21T09:47:01,2100.0,58.1,S
2021-06-21T09:47:01,1400.0,58.1,S
2021-06-21T09:46:57,3300.0,58.1,S
2021-06-21T09:46:51,3000.0,58.1,S
2021-06-21T09:46:49,10600.0,58.1,S
2021-06-21T09:46:49,2100.0,58.1,S
2021-06-21T09:46:49,900.0,58.1,S
2021-06-21T09:46:48,600.0,58.1,S
2021-06-21T09:46:48,400.0,58.1,S
2021-06-21T09:46:46,2000.0,58.2,B
2021-06-21T09:46:44,100.0,58.1,S
2021-06-21T09:46:41,1000.0,58.1,S
2021-06-21T09:46:35,500.0,58.1,S
2021-06-21T09:46:35,3000.0,58.2,B
2021-06-21T09:46:32,20000.0,58.1,S
2021-06-21T09:46:30,2000.0,58.1,S
2021-06-21T09:46:30,1100.0,58.1,S
2021-06-21T09:46:18,200.0,58.1,S
2021-06-21T09:46:17,100.0,58.2,B
2021-06-21T09:46:15,200.0,58.2,B
2021-06-21T09:46:13,20000.0,58.1,S
2021-06-21T09:46:08,6600.0,58.2,B
2021-06-21T09:45:57,2000.0,58.1,S
2021-06-21T09:45:56,600.0,58.1,S
2021-06-21T09:45:53,2000.0,58.1,S
2021-06-21T09:45:51,2600.0,58.1,S
2021-06-21T09:45:50,500.0,58.1,S
2021-06-21T09:45:49,800.0,58.2,B
2021-06-21T09:45:48,1000.0,58.1,S
2021-06-21T09:45:48,200.0,58.1,S
2021-06-21T09:45:46,100.0,58.1,S
2021-06-21T09:45:39,500.0,58.2,B
2021-06-21T09:45:38,500.0,58.1,S
2021-06-21T09:45:36,1000.0,58.1,S
2021-06-21T09:45:36,700.0,58.2,B
2021-06-21T09:45:28,200.0,58.1,S
2021-06-21T09:45:28,2100.0,58.2,B
2021-06-21T09:45:24,4000.0,58.1,S
2021-06-21T09:45:20,200.0,58.1,S
2021-06-21T09:45:17,100.0,58.1,S
2021-06-21T09:45:14,200.0,58.1,S
2021-06-21T09:45:12,500.0,58.1,S
2021-06-21T09:45:12,2500.0,58.1,S
2021-06-21T09:45:08,200.0,58.2,B
2021-06-21T09:45:07,900.0,58.2,B
2021-06-21T09:45:05,1500.0,58.1,S
2021-06-21T09:45:04,1000.0,58.1,S
2021-06-21T09:45:04,100.0,58.1,S
2021-06-21T09:45:03,600.0,58.1,S
2021-06-21T09:44:59,1800.0,58.2,B
2021-06-21T09:44:58,500.0,58.1,S
2021-06-21T09:44:51,1200.0,58.1,S
2021-06-21T09:44:48,1200.0,58.1,S
2021-06-21T09:44:36,10000.0,58.1,S
2021-06-21T09:44:34,500.0,58.1,S
2021-06-21T09:44:33,800.0,58.1,S
2021-06-21T09:44:32,1400.0,58.2,B
2021-06-21T09:44:24,200.0,58.1,S
2021-06-21T09:44:20,1500.0,58.1,S
2021-06-21T09:44:15,1000.0,58.2,B
2021-06-21T09:44:13,100.0,58.1,S
2021-06-21T09:44:06,7000.0,58.1,S
2021-06-21T09:44:00,500.0,58.1,S
2021-06-21T09:43:59,3500.0,58.1,S
2021-06-21T09:43:54,1100.0,58.2,B
2021-06-21T09:43:48,5000.0,58.1,S
2021-06-21T09:43:15,800.0,58.1,S
2021-06-21T09:43:10,1000.0,58.2,S
2021-06-21T09:43:06,3000.0,58.1,S
2021-06-21T09:43:04,100.0,58.2,S
2021-06-21T09:42:58,7800.0,58.1,S
2021-06-21T09:42:57,200.0,58.3,B
2021-06-21T09:42:54,2000.0,58.2,S
2021-06-21T09:42:54,200.0,58.3,B
2021-06-21T09:42:53,1000.0,58.2,S
2021-06-21T09:42:49,1000.0,58.3,B
2021-06-21T09:42:47,300.0,58.2,S
2021-06-21T09:42:42,4500.0,58.2,S
2021-06-21T09:42:40,2000.0,58.3,B
2021-06-21T09:42:37,4700.0,58.2,S
2021-06-21T09:42:36,200.0,58.3,B
2021-06-21T09:42:34,1700.0,58.2,S
2021-06-21T09:42:33,1200.0,58.2,S
2021-06-21T09:42:33,3300.0,58.3,B
2021-06-21T09:42:30,5200.0,58.3,B
2021-06-21T09:42:28,200.0,58.2,S
2021-06-21T09:42:21,3300.0,58.2,S
2021-06-21T09:42:19,200.0,58.3,B
2021-06-21T09:42:12,2000.0,58.2,S
2021-06-21T09:42:10,1700.0,58.2,S
2021-06-21T09:42:10,4100.0,58.2,S
2021-06-21T09:42:10,3200.0,58.2,S
2021-06-21T09:42:08,2000.0,58.2,S
2021-06-21T09:41:59,8400.0,58.1,S
2021-06-21T09:41:58,11600.0,58.1,S
2021-06-21T09:41:57,100.0,58.2,S
2021-06-21T09:41:49,200.0,58.2,S
2021-06-21T09:41:47,1000.0,58.2,S
2021-06-21T09:41:47,100.0,58.2,S
2021-06-21T09:41:47,2000.0,58.1,S
2021-06-21T09:41:45,200.0,58.2,S
2021-06-21T09:41:39,300.0,58.2,S
2021-06-21T09:41:39,100.0,58.2,S
2021-06-21T09:41:38,100.0,58.2,S
2021-06-21T09:41:32,900.0,58.3,B
2021-06-21T09:41:32,600.0,58.1,S
2021-06-21T09:41:32,500.0,58.1,S
2021-06-21T09:41:32,3900.0,58.1,S
2021-06-21T09:41:29,4000.0,58.2,S
2021-06-21T09:41:28,1600.0,58.2,S
2021-06-21T09:41:28,600.0,58.2,S
2021-06-21T09:41:28,800.0,58.2,S
2021-06-21T09:41:28,2000.0,58.2,S
2021-06-21T09:41:27,1000.0,58.2,S
2021-06-21T09:41:26,5000.0,58.2,S
2021-06-21T09:41:22,600.0,58.2,S
2021-06-21T09:41:13,5000.0,58.2,S
2021-06-21T09:41:11,10000.0,58.2,S
2021-06-21T09:41:11,500.0,58.3,B
2021-06-21T09:41:06,300.0,58.3,B
2021-06-21T09:41:06,1000.0,58.2,S
2021-06-21T09:41:03,100.0,58.3,B
2021-06-21T09:41:03,300.0,58.3,B
2021-06-21T09:41:01,6200.0,58.2,S
2021-06-21T09:41:01,3200.0,58.2,S
2021-06-21T09:41:01,600.0,58.2,S
2021-06-21T09:41:00,100.0,58.3,B
2021-06-21T09:40:58,100.0,58.3,B
2021-06-21T09:40:57,1000.0,58.3,B
2021-06-21T09:40:55,100.0,58.3,B
2021-06-21T09:40:54,100.0,58.3,B
2021-06-21T09:40:54,700.0,58.2,S
2021-06-21T09:40:54,600.0,58.2,S
2021-06-21T09:40:53,6700.0,58.2,S
2021-06-21T09:40:51,500.0,58.2,S
2021-06-21T09:40:49,2000.0,58.2,S
2021-06-21T09:40:45,500.0,58.2,S
2021-06-21T09:40:45,2500.0,58.3,B
2021-06-21T09:40:43,300.0,58.3,B
2021-06-21T09:40:41,500.0,58.2,S
2021-06-21T09:40:40,1300.0,58.3,S
2021-06-21T09:40:30,200.0,58.2,S
2021-06-21T09:40:27,3000.0,58.3,S
2021-06-21T09:40:27,100.0,58.3,S
2021-06-21T09:40:17,8000.0,58.2,S
2021-06-21T09:40:11,100.0,58.3,S
2021-06-21T09:40:07,800.0,58.3,S
2021-06-21T09:39:58,100.0,58.2,S
2021-06-21T09:39:58,2600.0,58.2,S
2021-06-21T09:39:53,100.0,58.2,S
2021-06-21T09:39:50,500.0,58.3,S
2021-06-21T09:39:50,50000.0,58.3,S
2021-06-21T09:39:44,1000.0,58.2,S
2021-06-21T09:39:38,100.0,58.3,S
2021-06-21T09:39:36,100.0,58.3,S
2021-06-21T09:39:34,400.0,58.3,S
2021-06-21T09:39:30,200.0,58.3,S
2021-06-21T09:39:29,1900.0,58.3,S
2021-06-21T09:39:28,200.0,58.3,S
2021-06-21T09:39:24,2000.0,58.3,S
2021-06-21T09:39:23,4800.0,58.3,S
2021-06-21T09:39:23,400.0,58.3,S
2021-06-21T09:39:23,200.0,58.3,S
2021-06-21T09:39:23,200.0,58.3,S
2021-06-21T09:39:23,2000.0,58.3,S
2021-06-21T09:39:23,1000.0,58.3,S
2021-06-21T09:39:23,6000.0,58.3,S
2021-06-21T09:39:23,1400.0,58.3,S
2021-06-21T09:39:23,1700.0,58.3,S
2021-06-21T09:39:23,5400.0,58.3,S
2021-06-21T09:39:23,900.0,58.3,S
2021-06-21T09:39:23,200.0,58.3,S
2021-06-21T09:39:22,9100.0,58.3,S
2021-06-21T09:39:21,11000.0,58.4,S
2021-06-21T09:39:16,1100.0,58.4,S
2021-06-21T09:39:14,1000.0,58.4,S
2021-06-21T09:39:13,600.0,58.4,S
2021-06-21T09:39:03,2000.0,58.4,S
2021-06-21T09:39:00,100.0,58.4,S
2021-06-21T09:39:00,500.0,58.4,S
2021-06-21T09:38:59,700.0,58.4,S
2021-06-21T09:38:59,2500.0,58.4,S
2021-06-21T09:38:58,1000.0,58.4,S
2021-06-21T09:38:55,1200.0,58.4,S
2021-06-21T09:38:55,300.0,58.4,S
2021-06-21T09:38:51,2500.0,58.4,S
2021-06-21T09:38:51,2800.0,58.4,S
2021-06-21T09:38:50,8300.0,58.4,S
2021-06-21T09:38:46,2000.0,58.4,S
2021-06-21T09:38:45,400.0,58.4,S
2021-06-21T09:38:43,100.0,58.5,B
2021-06-21T09:38:43,100.0,58.4,S
2021-06-21T09:38:37,1000.0,58.4,S
2021-06-21T09:38:36,100.0,58.4,S
2021-06-21T09:38:27,10000.0,58.4,S
2021-06-21T09:38:26,1000.0,58.4,S
2021-06-21T09:38:25,2000.0,58.4,S
2021-06-21T09:38:21,1000.0,58.4,S
2021-06-21T09:38:21,3600.0,58.5,B
2021-06-21T09:38:19,100.0,58.4,S
2021-06-21T09:38:19,2300.0,58.4,S
2021-06-21T09:38:17,2400.0,58.4,S
2021-06-21T09:38:14,2000.0,58.4,S
2021-06-21T09:38:12,1500.0,58.4,S
2021-06-21T09:38:11,200.0,58.4,S
2021-06-21T09:38:10,1000.0,58.4,S
2021-06-21T09:38:07,21000.0,58.4,S
2021-06-21T09:38:05,3100.0,58.4,S
2021-06-21T09:38:03,300.0,58.4,S
2021-06-21T09:38:03,2000.0,58.4,S
2021-06-21T09:38:02,100.0,58.4,S
2021-06-21T09:38:00,500.0,58.4,S
2021-06-21T09:37:56,2000.0,58.4,S
2021-06-21T09:37:56,100.0,58.4,S
2021-06-21T09:37:55,2500.0,58.4,S
2021-06-21T09:37:54,2000.0,58.4,S
2021-06-21T09:37:53,2500.0,58.4,S
2021-06-21T09:37:49,5000.0,58.4,S
2021-06-21T09:37:49,3200.0,58.4,S
2021-06-21T09:37:45,7400.0,58.4,B
2021-06-21T09:37:39,200.0,58.4,B
2021-06-21T09:37:38,100.0,58.4,B
2021-06-21T09:37:35,100.0,58.4,B
2021-06-21T09:37:34,7000.0,58.4,B
2021-06-21T09:37:34,100.0,58.4,B
2021-06-21T09:37:32,1000.0,58.5,B
2021-06-21T09:37:26,300.0,58.4,B
2021-06-21T09:37:26,100.0,58.4,B
2021-06-21T09:37:24,1000.0,58.4,B
2021-06-21T09:37:21,700.0,58.4,B
2021-06-21T09:37:20,100.0,58.4,B
2021-06-21T09:37:19,1000.0,58.4,B
2021-06-21T09:37:14,500.0,58.4,B
2021-06-21T09:37:13,1000.0,58.4,B
2021-06-21T09:37:10,400.0,58.4,B
2021-06-21T09:37:04,5000.0,58.5,B
2021-06-21T09:37:04,20600.0,58.4,B
2021-06-21T09:37:03,1300.0,58.4,B
2021-06-21T09:37:03,3500.0,58.4,B
2021-06-21T09:37:03,2400.0,58.4,B
2021-06-21T09:37:03,800.0,58.4,B
2021-06-21T09:36:56,1000.0,58.4,B
2021-06-21T09:36:53,800.0,58.5,B
2021-06-21T09:36:53,10700.0,58.5,B
2021-06-21T09:36:53,5000.0,58.5,B
2021-06-21T09:36:53,2800.0,58.5,B
2021-06-21T09:36:53,700.0,58.5,B
2021-06-21T09:36:47,2000.0,58.5,B
2021-06-21T09:36:42,1000.0,58.4,B
2021-06-21T09:36:39,1100.0,58.5,B
2021-06-21T09:36:35,500.0,58.5,B
2021-06-21T09:36:34,18300.0,58.4,B
2021-06-21T09:36:34,1700.0,58.4,B
2021-06-21T09:36:19,3000.0,58.4,B
2021-06-21T09:36:19,600.0,58.4,B
2021-06-21T09:36:18,1400.0,58.4,B
2021-06-21T09:36:15,500.0,58.5,B
2021-06-21T09:36:13,100.0,58.4,B
2021-06-21T09:36:11,100.0,58.5,B
2021-06-21T09:36:05,2600.0,58.5,B
2021-06-21T09:35:56,1700.0,58.4,B
2021-06-21T09:35:55,10000.0,58.4,B
2021-06-21T09:35:49,1000.0,58.5,B
2021-06-21T09:35:48,6900.0,58.4,B
2021-06-21T09:35:48,100.0,58.4,B
2021-06-21T09:35:44,3000.0,58.3,S
2021-06-21T09:35:44,100.0,58.4,B
2021-06-21T09:35:43,100.0,58.3,S
2021-06-21T09:35:41,300.0,58.4,B
2021-06-21T09:35:39,1900.0,58.4,B
2021-06-21T09:35:39,600.0,58.4,B
2021-06-21T09:35:38,100.0,58.4,B
2021-06-21T09:35:33,500.0,58.3,S
2021-06-21T09:35:32,200.0,58.5,B
2021-06-21T09:35:20,500.0,58.5,B
2021-06-21T09:35:18,2700.0,58.5,B
2021-06-21T09:35:18,19300.0,58.5,B
2021-06-21T09:35:18,300.0,58.4,B
2021-06-21T09:35:12,100.0,58.5,B
2021-06-21T09:35:09,100.0,58.5,B
2021-06-21T09:35:02,900.0,58.5,B
2021-06-21T09:35:02,3100.0,58.4,B
2021-06-21T09:35:02,2000.0,58.4,B
2021-06-21T09:34:59,100.0,58.4,B
2021-06-21T09:34:59,26800.0,58.4,B
2021-06-21T09:34:58,1200.0,58.4,B
2021-06-21T09:34:55,200.0,58.4,B
2021-06-21T09:34:52,1000.0,58.5,B
2021-06-21T09:34:51,1300.0,58.5,B
2021-06-21T09:34:49,2000.0,58.3,S
2021-06-21T09:34:49,500.0,58.3,S
2021-06-21T09:34:46,100.0,58.4,B
2021-06-21T09:34:46,1600.0,58.4,B
2021-06-21T09:34:46,700.0,58.4,B
2021-06-21T09:34:45,200.0,58.4,B
2021-06-21T09:34:41,300.0,58.4,B
2021-06-21T09:34:39,300.0,58.4,B
2021-06-21T09:34:39,800.0,58.4,B
2021-06-21T09:34:39,1000.0,58.4,B
2021-06-21T09:34:39,1000.0,58.4,B
2021-06-21T09:34:39,7900.0,58.4,B
2021-06-21T09:34:37,800.0,58.4,B
2021-06-21T09:34:32,500.0,58.4,B
2021-06-21T09:34:32,500.0,58.4,B
2021-06-21T09:34:31,200.0,58.4,B
2021-06-21T09:34:28,1000.0,58.4,B
2021-06-21T09:34:27,3000.0,58.4,B
2021-06-21T09:34:25,1500.0,58.4,B
2021-06-21T09:34:24,100.0,58.4,B
2021-06-21T09:34:12,100.0,58.4,B
2021-06-21T09:34:10,100.0,58.4,B
2021-06-21T09:34:10,1000.0,58.4,B
2021-06-21T09:34:06,500.0,58.4,B
2021-06-21T09:34:06,7000.0,58.4,B
2021-06-21T09:34:05,2400.0,58.4,B
2021-06-21T09:34:05,800.0,58.4,B
2021-06-21T09:34:05,1500.0,58.4,B
2021-06-21T09:34:04,1000.0,58.4,B
2021-06-21T09:34:03,1000.0,58.3,S
2021-06-21T09:34:02,200.0,58.4,B
2021-06-21T09:34:01,600.0,58.4,B
2021-06-21T09:33:58,100.0,58.4,B
2021-06-21T09:33:54,400.0,58.4,B
2021-06-21T09:33:48,200.0,58.4,B
2021-06-21T09:33:47,1400.0,58.4,B
2021-06-21T09:33:47,500.0,58.4,B
2021-06-21T09:33:45,2000.0,58.4,B
2021-06-21T09:33:45,500.0,58.4,B
2021-06-21T09:33:44,3000.0,58.4,B
2021-06-21T09:33:43,100.0,58.4,B
2021-06-21T09:33:43,6500.0,58.4,B
2021-06-21T09:33:40,3800.0,58.4,B
2021-06-21T09:33:39,100.0,58.4,B
2021-06-21T09:33:37,20000.0,58.4,B
2021-06-21T09:33:36,100.0,58.3,S
2021-06-21T09:33:35,700.0,58.4,B
2021-06-21T09:33:29,500.0,58.4,B
2021-06-21T09:33:29,100.0,58.4,B
2021-06-21T09:33:29,2000.0,58.4,B
2021-06-21T09:33:29,300.0,58.4,B
2021-06-21T09:33:25,2000.0,58.4,B
2021-06-21T09:33:20,7200.0,58.4,B
2021-06-21T09:33:20,100.0,58.3,S
2021-06-21T09:33:18,600.0,58.4,B
2021-06-21T09:33:15,3700.0,58.4,B
2021-06-21T09:33:15,6000.0,58.3,S
2021-06-21T09:33:13,2600.0,58.4,B
2021-06-21T09:33:12,300.0,58.4,B
2021-06-21T09:33:12,5000.0,58.3,S
2021-06-21T09:33:10,1000.0,58.4,B
2021-06-21T09:33:09,1500.0,58.4,B
2021-06-21T09:33:04,1000.0,58.3,S
2021-06-21T09:33:00,200.0,58.4,B
2021-06-21T09:32:54,400.0,58.4,B
2021-06-21T09:32:51,100.0,58.4,B
2021-06-21T09:32:51,400.0,58.4,B
2021-06-21T09:32:50,47800.0,58.4,B
2021-06-21T09:32:50,1600.0,58.4,B
2021-06-21T09:32:50,600.0,58.4,B
2021-06-21T09:32:43,200.0,58.4,B
2021-06-21T09:32:40,1600.0,58.3,B
2021-06-21T09:32:33,1800.0,58.3,B
2021-06-21T09:32:32,200.0,58.4,B
2021-06-21T09:32:31,300.0,58.3,B
2021-06-21T09:32:29,2000.0,58.3,B
2021-06-21T09:32:26,700.0,58.5,B
2021-06-21T09:32:26,400.0,58.5,B
2021-06-21T09:32:26,700.0,58.5,B
2021-06-21T09:32:25,100.0,58.4,B
2021-06-21T09:32:25,3000.0,58.4,B
2021-06-21T09:32:24,1900.0,58.4,B
2021-06-21T09:32:24,100.0,58.4,B
2021-06-21T09:32:22,100.0,58.4,B
2021-06-21T09:32:20,1600.0,58.3,B
2021-06-21T09:32:19,400.0,58.3,B
2021-06-21T09:32:19,100.0,58.3,B
2021-06-21T09:32:18,100.0,58.5,B
2021-06-21T09:32:17,9800.0,58.5,B
2021-06-21T09:32:17,500.0,58.5,B
2021-06-21T09:32:17,1500.0,58.5,B
2021-06-21T09:32:17,6300.0,58.5,B
2021-06-21T09:32:17,11900.0,58.4,B
2021-06-21T09:32:13,2000.0,58.3,B
2021-06-21T09:32:13,8900.0,58.3,B
2021-06-21T09:32:12,4000.0,58.2,B
2021-06-21T09:32:09,300.0,58.3,B
2021-06-21T09:32:08,500.0,58.3,B
2021-06-21T09:32:07,1200.0,58.3,B
2021-06-21T09:32:06,500.0,58.2,B
2021-06-21T09:32:06,100.0,58.2,B
2021-06-21T09:32:02,400.0,58.3,B
2021-06-21T09:31:59,200.0,58.3,B
2021-06-21T09:31:58,1100.0,58.3,B
2021-06-21T09:31:58,2200.0,58.4,B
2021-06-21T09:31:57,100.0,58.3,B
2021-06-21T09:31:53,100.0,58.3,B
2021-06-21T09:31:46,100.0,58.3,B
2021-06-21T09:31:46,5300.0,58.3,B
2021-06-21T09:31:44,1300.0,58.3,B
2021-06-21T09:31:43,100.0,58.4,B
2021-06-21T09:31:41,5000.0,58.4,B
2021-06-21T09:31:41,600.0,58.2,B
2021-06-21T09:31:41,2000.0,58.2,B
2021-06-21T09:31:39,500.0,58.3,B
2021-06-21T09:31:39,600.0,58.3,B
2021-06-21T09:31:39,2800.0,58.3,B
2021-06-21T09:31:38,1000.0,58.3,B
2021-06-21T09:31:37,1000.0,58.2,B
2021-06-21T09:31:36,8300.0,58.3,B
2021-06-21T09:31:35,500.0,58.2,B
2021-06-21T09:31:33,900.0,58.3,B
2021-06-21T09:31:31,1500.0,58.3,B
2021-06-21T09:31:30,100.0,58.2,B
2021-06-21T09:31:30,5000.0,58.3,B
2021-06-21T09:31:26,1000.0,58.2,B
2021-06-21T09:31:23,2000.0,58.3,B
2021-06-21T09:31:22,20000.0,58.3,B
2021-06-21T09:31:21,500.0,58.2,B
2021-06-21T09:31:17,300.0,58.2,B
2021-06-21T09:31:16,200.0,58.3,B
2021-06-21T09:31:06,3000.0,58.2,B
2021-06-21T09:31:05,100.0,58.2,B
2021-06-21T09:30:59,10000.0,58.2,B
2021-06-21T09:30:58,100.0,58.2,B
2021-06-21T09:30:58,300.0,58.2,B
2021-06-21T09:30:57,100.0,58.2,B
2021-06-21T09:30:56,100.0,58.2,B
2021-06-21T09:30:56,500.0,58.2,B
2021-06-21T09:30:50,2500.0,58.2,B
2021-06-21T09:30:49,7100.0,58.2,B
2021-06-21T09:30:49,2600.0,58.2,B
2021-06-21T09:30:46,1200.0,58.2,B
2021-06-21T09:30:46,2800.0,58.2,B
2021-06-21T09:30:44,30000.0,58.2,B
2021-06-21T09:30:44,100.0,58.2,B
2021-06-21T09:30:44,200.0,58.2,B
2021-06-21T09:30:44,300.0,58.2,B
2021-06-21T09:30:36,4100.0,58.1,B
2021-06-21T09:30:33,500.0,58.1,B
2021-06-21T09:30:28,8100.0,58.1,B
2021-06-21T09:30:25,100.0,58.1,B
2021-06-21T09:30:24,1100.0,58.1,B
2021-06-21T09:30:23,100.0,58.1,B
2021-06-21T09:30:22,700.0,58.1,B
2021-06-21T09:30:22,100.0,58.1,B
2021-06-21T09:30:19,100.0,58.1,B
2021-06-21T09:30:17,3000.0,58.1,B
2021-06-21T09:30:14,500.0,58.1,B
2021-06-21T09:30:09,100.0,58.1,B
2021-06-21T09:30:08,500.0,58.2,B
2021-06-21T09:30:08,7800.0,58.2,B
2021-06-21T09:30:07,2000.0,58.1,B
2021-06-21T09:30:06,100.0,58.1,B
2021-06-21T09:30:02,5100.0,58.1,B
2021-06-21T09:30:02,5200.0,58.1,B
2021-06-21T09:30:02,32200.0,58.1,B
2021-06-21T09:30:01,100.0,58.0,B
2021-06-21T09:30:01,200.0,58.0,B
2021-06-21T09:29:57,1000.0,58.0,B
2021-06-21T09:29:57,1000.0,58.0,B
2021-06-21T09:29:57,5000.0,58.0,B
2021-06-21T09:29:52,400.0,58.0,B
2021-06-21T09:29:51,1300.0,58.0,B
2021-06-21T09:29:51,100.0,58.1,B
2021-06-21T09:29:50,1500.0,58.1,B
2021-06-21T09:29:49,4100.0,58.1,B
2021-06-21T09:29:49,4900.0,58.1,B
2021-06-21T09:29:48,100.0,58.1,B
2021-06-21T09:29:48,60000.0,58.1,B
2021-06-21T09:29:48,4400.0,58.1,B
2021-06-21T09:29:47,100.0,58.0,B
2021-06-21T09:29:43,1000.0,58.0,B
2021-06-21T09:29:42,500.0,58.0,B
2021-06-21T09:29:39,700.0,58.1,B
2021-06-21T09:29:38,1000.0,58.1,B
2021-06-21T09:29:36,300.0,58.0,B
2021-06-21T09:29:36,600.0,58.0,B
2021-06-21T09:29:34,1200.0,58.1,B
2021-06-21T09:29:34,1000.0,58.0,B
2021-06-21T09:29:34,1300.0,58.0,B
2021-06-21T09:29:32,100.0,58.0,B
2021-06-21T09:29:29,1000.0,58.0,B
2021-06-21T09:29:29,600.0,58.1,B
2021-06-21T09:29:25,100.0,58.0,B
2021-06-21T09:29:23,1000.0,58.0,B
2021-06-21T09:29:23,200.0,58.0,B
2021-06-21T09:29:21,400.0,58.0,B
2021-06-21T09:29:20,100.0,58.0,B
2021-06-21T09:29:18,500.0,58.0,B
2021-06-21T09:29:17,100.0,58.0,B
2021-06-21T09:29:12,100.0,58.0,B
2021-06-21T09:29:10,2000.0,58.0,B
2021-06-21T09:28:59,400.0,58.0,B
2021-06-21T09:28:56,100.0,58.1,B
2021-06-21T09:28:55,100.0,58.0,B
2021-06-21T09:28:52,500.0,58.0,B
2021-06-21T09:28:52,100.0,58.0,B
2021-06-21T09:28:50,900.0,58.0,B
2021-06-21T09:28:49,3000.0,58.0,B
2021-06-21T09:28:43,500.0,58.0,B
2021-06-21T09:28:43,500.0,58.0,B
2021-06-21T09:28:43,1300.0,58.0,B
2021-06-21T09:28:43,7200.0,58.0,B
2021-06-21T09:28:43,1000.0,58.0,B
2021-06-21T09:28:43,1500.0,58.0,B
2021-06-21T09:28:43,2100.0,58.0,B
2021-06-21T09:28:43,2100.0,58.0,B
2021-06-21T09:28:43,1600.0,58.0,B
2021-06-21T09:28:43,15000.0,58.0,B
2021-06-21T09:28:43,6000.0,58.0,B
2021-06-21T09:28:43,2400.0,58.0,B
2021-06-21T09:28:42,6800.0,58.0,B
2021-06-21T09:28:42,1000.0,58.0,B
2021-06-21T09:28:42,1200.0,58.0,B
2021-06-21T09:28:42,1500.0,58.0,B
2021-06-21T09:28:42,4300.0,58.0,B
2021-06-21T09:28:42,800.0,58.0,B
2021-06-21T09:28:42,3200.0,58.0,B
2021-06-21T09:28:42,2100.0,58.0,B
2021-06-21T09:28:42,10100.0,58.0,B
2021-06-21T09:28:42,700.0,58.0,B
2021-06-21T09:28:41,1000.0,58.0,B
2021-06-21T09:28:41,1200.0,58.0,B
2021-06-21T09:28:41,10600.0,58.0,B
2021-06-21T09:28:41,5900.0,58.0,B
2021-06-21T09:28:41,3000.0,58.0,B
2021-06-21T09:28:41,4000.0,58.0,B
2021-06-21T09:28:41,800.0,58.0,B
2021-06-21T09:28:41,600.0,58.0,B
2021-06-21T09:28:41,1700.0,58.0,B
2021-06-21T09:28:41,7000.0,58.0,B
2021-06-21T09:28:41,100.0,58.0,B
2021-06-21T09:28:41,100.0,58.0,B
2021-06-21T09:28:41,5200.0,58.0,B
2021-06-21T09:28:41,1300.0,58.0,B
2021-06-21T09:28:40,800.0,58.0,B
2021-06-21T09:28:36,6300.0,58.0,B
2021-06-21T09:28:36,8700.0,58.0,B
2021-06-21T09:28:35,100.0,58.0,B
2021-06-21T09:28:35,2500.0,58.0,B
2021-06-21T09:28:34,2000.0,58.0,B
2021-06-21T09:28:33,100.0,57.9,B
2021-06-21T09:28:33,1600.0,58.0,B
2021-06-21T09:28:33,500.0,58.0,B
2021-06-21T09:28:33,6200.0,58.0,B
2021-06-21T09:28:30,1300.0,58.0,B
2021-06-21T09:28:30,3900.0,58.0,B
2021-06-21T09:28:30,1500.0,58.0,B
2021-06-21T09:28:30,500.0,58.0,B
2021-06-21T09:28:30,4800.0,58.0,B
2021-06-21T09:28:29,1400.0,57.9,B
2021-06-21T09:28:22,600.0,57.9,B
2021-06-21T09:28:22,1000.0,57.9,B
2021-06-21T09:28:21,500.0,57.9,B
2021-06-21T09:28:14,2000.0,58.0,B
2021-06-21T09:28:14,1000.0,57.9,B
2021-06-21T09:28:11,6600.0,57.9,B
2021-06-21T09:28:11,400.0,57.9,B
2021-06-21T09:28:09,8000.0,57.9,B
2021-06-21T09:28:07,5200.0,57.9,B
2021-06-21T09:28:07,600.0,57.9,B
2021-06-21T09:28:07,100.0,57.9,B
2021-06-21T09:28:07,14100.0,57.9,B
2021-06-21T09:28:06,100.0,57.8,B
2021-06-21T09:28:03,200.0,57.7,B
2021-06-21T09:27:52,1500.0,57.9,B
2021-06-21T09:27:46,2300.0,57.9,B
2021-06-21T09:27:45,300.0,57.9,B
2021-06-21T09:27:45,1600.0,57.9,B
2021-06-21T09:27:45,300.0,57.9,B
2021-06-21T09:27:45,500.0,57.8,B
2021-06-21T09:27:45,400.0,57.8,B
2021-06-21T09:27:45,9600.0,57.8,B
2021-06-21T09:27:44,12000.0,57.8,B
2021-06-21T09:27:40,100.0,57.7,B
2021-06-21T09:27:37,1000.0,57.7,B
2021-06-21T09:27:31,1000.0,57.8,B
2021-06-21T09:27:30,300.0,57.8,B
2021-06-21T09:27:30,500.0,57.8,B
2021-06-21T09:27:21,2000.0,57.7,B
2021-06-21T09:27:16,2000.0,57.7,B
2021-06-21T09:27:13,6100.0,57.8,B
2021-06-21T09:27:13,5300.0,57.8,B
2021-06-21T09:27:13,3900.0,57.8,B
2021-06-21T09:27:13,300.0,57.8,B
2021-06-21T09:27:13,4400.0,57.8,B
2021-06-21T09:27:12,5300.0,57.7,B
2021-06-21T09:27:12,2500.0,57.7,B
2021-06-21T09:27:12,11900.0,57.7,B
2021-06-21T09:27:06,300.0,57.8,B
2021-06-21T09:26:56,2000.0,57.7,B
2021-06-21T09:26:43,2000.0,57.8,B
2021-06-21T09:26:43,100.0,57.7,B
2021-06-21T09:26:41,1900.0,57.8,B
2021-06-21T09:26:41,13000.0,57.8,B
2021-06-21T09:26:38,2000.0,57.7,B
2021-06-21T09:26:36,500.0,57.7,B
2021-06-21T09:26:36,7000.0,57.7,B
2021-06-21T09:26:36,1000.0,57.7,B
2021-06-21T09:26:35,1000.0,57.7,B
2021-06-21T09:26:33,10000.0,57.7,B
2021-06-21T09:26:33,1000.0,57.7,B
2021-06-21T09:26:31,3000.0,57.6,S
2021-06-21T09:26:29,100.0,57.7,B
2021-06-21T09:26:24,300.0,57.7,B
2021-06-21T09:26:18,500.0,57.6,S
2021-06-21T09:26:16,200.0,57.7,B
2021-06-21T09:26:14,500.0,57.6,S
2021-06-21T09:26:14,3000.0,57.7,B
2021-06-21T09:26:11,1500.0,57.6,S
2021-06-21T09:26:11,500.0,57.7,B
2021-06-21T09:26:05,2000.0,57.6,S
2021-06-21T09:26:04,200.0,57.7,B
2021-06-21T09:25:56,200.0,57.6,S
2021-06-21T09:25:55,1000.0,57.7,B
2021-06-21T09:25:50,500.0,57.7,B
2021-06-21T09:25:50,100.0,57.7,B
2021-06-21T09:25:50,6700.0,57.7,B
2021-06-21T09:25:50,500.0,57.7,B
2021-06-21T09:25:50,1100.0,57.7,B
2021-06-21T09:25:50,1700.0,57.7,B
2021-06-21T09:25:47,600.0,57.7,B
2021-06-21T09:25:31,2000.0,57.6,B
2021-06-21T09:25:28,2000.0,57.7,B
2021-06-21T09:25:18,1000.0,57.7,B
2021-06-21T09:25:11,3000.0,57.6,B
2021-06-21T09:25:05,200.0,57.7,B
2021-06-21T09:25:01,100.0,57.6,B
2021-06-21T09:24:50,500.0,57.6,B
2021-06-21T09:24:43,100.0,57.7,B
2021-06-21T09:24:43,100.0,57.6,B
2021-06-21T09:24:42,3100.0,57.6,B
2021-06-21T09:24:41,2600.0,57.6,B
2021-06-21T09:24:41,400.0,57.6,B
2021-06-21T09:24:40,10000.0,57.6,B
2021-06-21T09:24:33,4900.0,57.6,B
2021-06-21T09:24:33,3700.0,57.6,B
2021-06-21T09:24:33,1300.0,57.6,B
2021-06-21T09:24:32,500.0,57.5,S
2021-06-21T09:24:26,200.0,57.6,B
2021-06-21T09:24:26,4800.0,57.6,B
2021-06-21T09:24:16,5600.0,57.5,S
2021-06-21T09:24:15,1000.0,57.5,S
2021-06-21T09:24:13,900.0,57.6,B
2021-06-21T09:24:10,300.0,57.5,S
2021-06-21T09:24:03,100.0,57.5,B
2021-06-21T09:24:03,1000.0,57.5,B
2021-06-21T09:23:58,100.0,57.5,B
2021-06-21T09:23:46,200.0,57.5,B
2021-06-21T09:23:40,1100.0,57.5,B
2021-06-21T09:23:28,500.0,57.5,B
2021-06-21T09:23:27,100.0,57.5,B
2021-06-21T09:23:22,500.0,57.5,B
2021-06-21T09:23:21,500.0,57.5,B
2021-06-21T09:23:18,300.0,57.6,B
2021-06-21T09:23:16,500.0,57.5,B
2021-06-21T09:23:15,1000.0,57.5,B
2021-06-21T09:23:13,4000.0,57.5,B
2021-06-21T09:22:59,800.0,57.5,B
2021-06-21T09:22:58,100.0,57.5,B
2021-06-21T09:22:56,100.0,57.4,S
2021-06-21T09:22:55,300.0,57.4,S
2021-06-21T09:22:52,900.0,57.4,S
2021-06-21T09:22:47,200.0,57.4,S
2021-06-21T09:22:44,1600.0,57.4,S
2021-06-21T09:22:41,500.0,57.4,S
2021-06-21T09:22:40,12900.0,57.4,S
2021-06-21T09:22:39,100.0,57.5,B
2021-06-21T09:22:39,1100.0,57.5,B
2021-06-21T09:22:39,2500.0,57.5,B
2021-06-21T09:22:39,10400.0,57.5,B
2021-06-21T09:22:39,2100.0,57.5,B
2021-06-21T09:22:39,700.0,57.5,B
2021-06-21T09:22:39,2800.0,57.5,B
2021-06-21T09:22:39,100.0,57.5,B
2021-06-21T09:22:39,1300.0,57.5,B
2021-06-21T09:22:39,19500.0,57.5,B
2021-06-21T09:22:39,1300.0,57.5,B
2021-06-21T09:22:39,1000.0,57.5,B
2021-06-21T09:22:39,6600.0,57.5,B
2021-06-21T09:22:39,13100.0,57.5,B
2021-06-21T09:22:39,2400.0,57.5,B
2021-06-21T09:22:39,100.0,57.5,B
2021-06-21T09:22:38,30400.0,57.5,B
2021-06-21T09:22:29,100.0,57.4,B
2021-06-21T09:22:19,200.0,57.4,B
2021-06-21T09:22:18,500.0,57.4,B
2021-06-21T09:22:13,500.0,57.4,B
2021-06-21T09:22:13,2400.0,57.4,B
2021-06-21T09:22:12,100.0,57.4,B
2021-06-21T09:22:12,3900.0,57.4,B
2021-06-21T09:22:12,1100.0,57.4,B
2021-06-21T09:22:10,100.0,57.4,B
2021-06-21T09:22:10,100.0,57.4,B
2021-06-21T09:22:07,300.0,57.4,B
2021-06-21T09:22:06,100.0,57.4,B
2021-06-21T09:21:57,400.0,57.4,B
2021-06-21T09:21:57,4600.0,57.4,B
2021-06-21T09:21:52,3100.0,57.3,S
2021-06-21T09:21:52,100.0,57.3,S
2021-06-21T09:21:52,6800.0,57.3,S
2021-06-21T09:21:41,600.0,57.3,S
2021-06-21T09:21:39,500.0,57.4,B
2021-06-21T09:21:36,300.0,57.4,B
2021-06-21T09:21:31,500.0,57.4,B
2021-06-21T09:21:26,500.0,57.4,B
2021-06-21T09:21:20,2000.0,57.4,B
2021-06-21T09:21:15,1800.0,57.3,S
2021-06-21T09:21:13,1000.0,57.4,B
2021-06-21T09:21:07,2000.0,57.4,B
2021-06-21T09:21:05,1000.0,57.3,S
2021-06-21T09:21:03,100.0,57.3,S
2021-06-21T09:21:01,600.0,57.4,B
2021-06-21T09:20:59,200.0,57.4,B
2021-06-21T09:20:57,300.0,57.4,B
2021-06-21T09:20:57,1000.0,57.4,B
2021-06-21T09:20:53,100.0,57.3,S
2021-06-21T09:20:51,200.0,57.4,B
2021-06-21T09:20:51,2200.0,57.4,B
2021-06-21T09:20:50,2200.0,57.4,B
2021-06-21T09:20:38,3000.0,57.4,B
2021-06-21T09:20:37,5000.0,57.3,S
2021-06-21T09:20:35,300.0,57.3,S
2021-06-21T09:20:34,100.0,57.3,S
2021-06-21T09:20:34,2000.0,57.3,S
2021-06-21T09:20:29,1000.0,57.3,S
2021-06-21T09:20:26,1500.0,57.3,S
2021-06-21T09:20:23,200.0,57.3,S
2021-06-21T09:20:13,300.0,57.3,B
2021-06-21T09:20:13,1000.0,57.3,B
2021-06-21T09:20:08,2800.0,57.3,B
2021-06-21T09:20:08,300.0,57.3,B
2021-06-21T09:20:08,500.0,57.3,B
2021-06-21T09:20:05,1000.0,57.2,S
2021-06-21T09:19:58,100.0,57.3,B
2021-06-21T09:19:50,400.0,57.3,B
2021-06-21T09:19:48,2000.0,57.3,B
2021-06-21T09:19:48,3000.0,57.3,B
2021-06-21T09:19:41,200.0,57.2,S
2021-06-21T09:19:40,300.0,57.2,S
2021-06-21T09:19:38,1000.0,57.2,S
2021-06-21T09:19:33,1500.0,57.3,B
2021-06-21T09:19:31,700.0,57.2,S
2021-06-21T09:19:29,500.0,57.2,S
2021-06-21T09:19:20,2000.0,57.3,B
2021-06-21T09:19:17,100.0,57.1,S
2021-06-21T09:19:12,600.0,57.1,S
2021-06-21T09:19:10,200.0,57.1,S
2021-06-21T09:19:10,800.0,57.1,S
2021-06-21T09:19:08,5000.0,57.0,S
2021-06-21T09:18:59,600.0,57.0,S
2021-06-21T09:18:54,4500.0,57.0,S
2021-06-21T09:18:54,1000.0,57.0,S
2021-06-21T09:18:54,4500.0,57.0,S
2021-06-21T09:18:51,1500.0,57.0,S
2021-06-21T09:18:50,100.0,57.2,B
2021-06-21T09:18:49,500.0,57.2,B
2021-06-21T09:18:49,100.0,57.2,B
2021-06-21T09:18:49,900.0,57.2,B
2021-06-21T09:18:49,5100.0,57.2,B
2021-06-21T09:18:49,6700.0,57.2,B
2021-06-21T09:18:49,200.0,57.2,B
2021-06-21T09:18:49,2500.0,57.2,B
2021-06-21T09:18:49,8700.0,57.1,B
2021-06-21T09:18:46,5000.0,57.1,B
2021-06-21T09:18:35,100.0,57.0,S
2021-06-21T09:18:31,400.0,57.1,B
2021-06-21T09:18:29,300.0,57.0,S
2021-06-21T09:18:25,1000.0,57.0,S
2021-06-21T09:18:24,300.0,57.0,S
2021-06-21T09:18:18,5000.0,57.0,S
2021-06-21T09:18:17,100.0,57.0,S
2021-06-21T09:18:17,500.0,57.1,B
2021-06-21T09:18:15,1000.0,57.0,S
2021-06-21T09:18:14,100.0,57.0,S
2021-06-21T09:18:14,100.0,57.1,B
2021-06-21T09:18:13,500.0,57.0,S
2021-06-21T09:18:10,500.0,57.0,S
2021-06-21T09:18:09,500.0,57.1,B
2021-06-21T09:18:09,100.0,57.0,S
2021-06-21T09:18:02,10000.0,57.0,S
2021-06-21T09:17:58,1000.0,57.0,S
2021-06-21T09:17:56,800.0,57.0,S
2021-06-21T09:17:53,400.0,57.0,S
2021-06-21T09:17:48,100.0,57.0,S
2021-06-21T09:17:45,2000.0,57.1,B
2021-06-21T09:17:44,500.0,57.0,S
2021-06-21T09:17:41,1000.0,57.0,S
2021-06-21T09:17:40,400.0,57.0,S
2021-06-21T09:17:40,500.0,57.1,B
2021-06-21T09:17:30,300.0,57.0,S
2021-06-21T09:17:25,1000.0,57.0,S
2021-06-21T09:17:25,600.0,57.0,S
2021-06-21T09:17:25,400.0,57.0,S
2021-06-21T09:17:22,2000.0,57.1,B
2021-06-21T09:17:07,100.0,57.1,B
2021-06-21T09:17:07,300.0,57.0,S
2021-06-21T09:17:05,1700.0,57.0,S
2021-06-21T09:17:01,100.0,57.1,B
2021-06-21T09:16:49,5000.0,57.0,S
2021-06-21T09:16:30,5000.0,57.0,S
2021-06-21T09:16:30,400.0,57.1,B
2021-06-21T09:16:27,100.0,57.0,S
2021-06-21T09:16:23,500.0,57.1,B
2021-06-21T09:16:22,12600.0,57.1,B
2021-06-21T09:16:20,7400.0,57.1,B
2021-06-21T09:16:19,2000.0,57.0,S
2021-06-21T09:16:18,400.0,57.0,S
2021-06-21T09:16:16,200.0,57.1,B
2021-06-21T09:16:11,1000.0,57.0,S
2021-06-21T09:16:02,1000.0,57.0,B
2021-06-21T09:16:00,1500.0,57.1,B
2021-06-21T09:16:00,16600.0,56.9,S
2021-06-21T09:16:00,300.0,57.0,B
2021-06-21T09:15:55,1000.0,57.0,B
2021-06-21T09:15:55,100.0,57.0,B
2021-06-21T09:15:55,1000.0,57.0,B
2021-06-21T09:15:55,900.0,57.0,B
2021-06-21T09:15:48,600.0,57.0,B
2021-06-21T09:15:42,500.0,57.0,S
2021-06-21T09:15:39,2000.0,57.0,S
2021-06-21T09:15:39,1000.0,57.0,S
2021-06-21T09:15:38,200.0,57.0,S
