tradingTime,volume,price,side
2021-06-21T14:22:00,100.0,98.2,S
2021-06-21T14:21:10,500.0,98.2,B
2021-06-21T14:20:59,600.0,98.2,B
2021-06-21T14:19:12,400.0,98.2,S
2021-06-21T14:18:54,100.0,98.3,B
2021-06-21T14:18:29,700.0,98.2,S
2021-06-21T14:16:58,400.0,98.2,S
2021-06-21T14:14:24,100.0,98.2,S
2021-06-21T14:13:59,200.0,98.3,B
2021-06-21T14:10:13,800.0,98.3,B
2021-06-21T14:10:13,100.0,98.3,B
2021-06-21T14:09:03,200.0,98.3,B
2021-06-21T14:08:34,500.0,98.3,B
2021-06-21T14:07:37,500.0,98.3,B
2021-06-21T14:06:02,500.0,98.3,B
2021-06-21T14:05:29,200.0,98.3,B
2021-06-21T14:04:30,100.0,98.3,B
2021-06-21T14:04:03,1000.0,98.2,B
2021-06-21T14:03:19,100.0,98.2,B
2021-06-21T14:03:19,500.0,98.2,B
2021-06-21T14:03:19,200.0,98.1,S
2021-06-21T14:03:18,3300.0,98.1,S
2021-06-21T14:02:57,100.0,98.2,B
2021-06-21T14:02:54,200.0,98.2,B
2021-06-21T14:02:26,100.0,98.2,B
2021-06-21T14:02:08,500.0,98.2,B
2021-06-21T14:02:08,100.0,98.1,S
2021-06-21T14:01:39,100.0,98.2,B
2021-06-21T14:00:31,1500.0,98.2,B
2021-06-21T14:00:22,2100.0,98.1,S
2021-06-21T14:00:18,5000.0,98.1,S
2021-06-21T14:00:03,3000.0,98.1,S
2021-06-21T13:59:44,200.0,98.1,S
2021-06-21T13:59:16,4000.0,98.1,S
2021-06-21T13:58:18,900.0,98.3,B
2021-06-21T13:58:06,200.0,98.3,B
2021-06-21T13:56:33,1300.0,98.3,S
2021-06-21T13:56:08,1000.0,98.4,B
2021-06-21T13:54:09,900.0,98.4,B
2021-06-21T13:54:08,100.0,98.4,B
2021-06-21T13:51:57,1100.0,98.4,B
2021-06-21T13:51:20,800.0,98.3,S
2021-06-21T13:49:50,1000.0,98.5,B
2021-06-21T13:49:27,500.0,98.4,B
2021-06-21T13:48:24,1000.0,98.4,B
2021-06-21T13:47:47,1000.0,98.4,B
2021-06-21T13:45:47,100.0,98.3,S
2021-06-21T13:45:34,900.0,98.4,B
2021-06-21T13:45:34,100.0,98.4,B
2021-06-21T13:44:43,200.0,98.4,B
2021-06-21T13:44:08,300.0,98.4,B
2021-06-21T13:43:37,1100.0,98.4,B
2021-06-21T13:41:26,300.0,98.4,S
2021-06-21T13:41:14,1100.0,98.5,B
2021-06-21T13:41:11,2000.0,98.5,B
2021-06-21T13:39:26,100.0,98.4,S
2021-06-21T13:39:17,1000.0,98.5,B
2021-06-21T13:38:57,500.0,98.4,S
2021-06-21T13:38:50,1000.0,98.4,S
2021-06-21T13:38:00,100.0,98.4,S
2021-06-21T13:37:22,400.0,98.4,B
2021-06-21T13:37:20,600.0,98.4,B
2021-06-21T13:37:04,300.0,98.4,B
2021-06-21T13:36:59,1100.0,98.4,B
2021-06-21T13:34:55,1000.0,98.5,B
2021-06-21T13:34:49,1100.0,98.5,B
2021-06-21T13:32:38,1100.0,98.5,B
2021-06-21T13:31:53,100.0,98.3,S
2021-06-21T13:31:10,2200.0,98.3,S
2021-06-21T13:30:48,300.0,98.3,S
2021-06-21T13:30:37,1000.0,98.4,B
2021-06-21T13:28:31,1100.0,98.5,B
2021-06-21T13:28:16,2000.0,98.4,S
2021-06-21T13:26:22,1000.0,98.5,B
2021-06-21T13:26:14,900.0,98.5,B
2021-06-21T13:25:32,600.0,98.5,B
2021-06-21T13:25:21,200.0,98.5,B
2021-06-21T13:25:20,400.0,98.5,B
2021-06-21T13:25:07,600.0,98.5,B
2021-06-21T13:24:51,1000.0,98.5,B
2021-06-21T13:24:24,1000.0,98.5,B
2021-06-21T13:22:09,300.0,98.5,B
2021-06-21T13:22:09,700.0,98.4,B
2021-06-21T13:22:01,100.0,98.3,B
2021-06-21T13:21:41,1000.0,98.3,B
2021-06-21T13:21:13,20000.0,98.1,S
2021-06-21T13:20:59,100.0,98.3,S
2021-06-21T13:20:04,200.0,98.3,S
2021-06-21T13:20:04,1000.0,98.4,B
2021-06-21T13:19:07,200.0,98.4,B
2021-06-21T13:18:06,1100.0,98.4,B
2021-06-21T13:16:52,100.0,98.4,B
2021-06-21T13:15:47,200.0,98.4,B
2021-06-21T13:15:41,1100.0,98.4,B
2021-06-21T13:15:06,600.0,98.4,B
2021-06-21T13:13:42,1100.0,98.4,B
2021-06-21T13:11:55,1000.0,98.4,S
2021-06-21T13:10:01,400.0,98.1,S
2021-06-21T13:09:47,1000.0,98.5,B
2021-06-21T13:09:14,300.0,98.1,S
2021-06-21T13:07:49,600.0,98.5,B
2021-06-21T13:07:49,1400.0,98.5,B
2021-06-21T13:07:12,500.0,98.5,B
2021-06-21T13:07:11,600.0,98.4,S
2021-06-21T13:05:02,1000.0,98.5,B
2021-06-21T13:03:36,500.0,98.5,B
2021-06-21T13:03:36,500.0,98.5,B
2021-06-21T13:02:48,200.0,98.1,S
2021-06-21T13:02:23,600.0,98.5,B
2021-06-21T13:02:09,100.0,98.1,S
2021-06-21T13:01:37,1000.0,98.5,B
2021-06-21T13:00:11,100.0,98.1,S
2021-06-21T11:28:17,9000.0,98.1,S
2021-06-21T11:28:12,500.0,98.5,B
2021-06-21T11:27:38,100.0,98.4,S
2021-06-21T11:26:11,100.0,98.5,B
2021-06-21T11:26:04,1100.0,98.5,B
2021-06-21T11:25:29,200.0,98.5,B
2021-06-21T11:23:52,1000.0,98.5,B
2021-06-21T11:21:47,1000.0,98.5,B
2021-06-21T11:19:36,1000.0,98.5,B
2021-06-21T11:19:35,100.0,98.4,B
2021-06-21T11:18:10,3500.0,98.1,S
2021-06-21T11:17:36,5400.0,98.1,S
2021-06-21T11:17:32,1000.0,98.5,B
2021-06-21T11:17:04,2000.0,98.4,S
2021-06-21T11:16:06,2000.0,98.4,S
2021-06-21T11:15:26,1000.0,98.5,B
2021-06-21T11:13:34,3000.0,98.3,S
2021-06-21T11:13:25,1000.0,98.4,B
2021-06-21T11:12:57,100.0,98.4,B
2021-06-21T11:12:06,100.0,98.4,B
2021-06-21T11:11:14,1000.0,98.4,B
2021-06-21T11:11:01,200.0,98.4,B
2021-06-21T11:10:34,3000.0,98.4,S
2021-06-21T11:10:33,1000.0,98.4,S
2021-06-21T11:09:58,1600.0,98.4,S
2021-06-21T11:09:44,500.0,98.4,S
2021-06-21T11:09:29,100.0,98.4,S
2021-06-21T11:09:19,700.0,98.5,B
2021-06-21T11:09:19,300.0,98.5,B
2021-06-21T11:07:46,200.0,98.4,B
2021-06-21T11:07:45,500.0,98.4,B
2021-06-21T11:07:43,100.0,98.4,B
2021-06-21T11:07:42,4900.0,98.4,B
2021-06-21T11:07:27,100.0,98.3,S
2021-06-21T11:07:11,1000.0,98.4,B
2021-06-21T11:06:55,100.0,98.4,B
2021-06-21T11:06:08,300.0,98.4,B
2021-06-21T11:05:52,900.0,98.4,B
2021-06-21T11:05:52,1500.0,98.4,B
2021-06-21T11:04:59,1100.0,98.4,B
2021-06-21T11:03:59,100.0,98.4,B
2021-06-21T11:03:39,100.0,98.4,B
2021-06-21T11:03:22,200.0,98.4,B
2021-06-21T11:02:57,1000.0,98.4,B
2021-06-21T11:01:50,100.0,98.4,B
2021-06-21T11:01:14,200.0,98.4,B
2021-06-21T11:00:42,1100.0,98.5,B
2021-06-21T11:00:33,300.0,98.3,S
2021-06-21T11:00:10,100.0,98.4,B
2021-06-21T11:00:09,900.0,98.4,B
2021-06-21T10:59:53,100.0,98.4,B
2021-06-21T10:59:24,100.0,98.5,B
2021-06-21T10:58:49,1000.0,98.4,S
2021-06-21T10:58:42,1000.0,98.5,B
2021-06-21T10:57:22,1600.0,98.3,S
2021-06-21T10:56:36,1100.0,98.5,B
2021-06-21T10:56:02,2500.0,98.5,B
2021-06-21T10:54:29,100.0,98.4,S
2021-06-21T10:54:28,1100.0,98.5,B
2021-06-21T10:52:12,1100.0,98.5,B
2021-06-21T10:52:02,500.0,98.5,B
2021-06-21T10:51:31,1800.0,98.5,B
2021-06-21T10:51:15,400.0,98.5,B
2021-06-21T10:51:02,500.0,98.5,B
2021-06-21T10:49:57,1100.0,98.5,B
2021-06-21T10:49:56,100.0,98.3,B
2021-06-21T10:49:49,16700.0,98.1,S
2021-06-21T10:49:35,1200.0,98.2,S
2021-06-21T10:49:22,100.0,98.2,S
2021-06-21T10:47:50,1100.0,98.3,B
2021-06-21T10:47:23,100.0,98.2,S
2021-06-21T10:47:20,200.0,98.3,B
2021-06-21T10:46:28,2000.0,98.3,B
2021-06-21T10:45:36,700.0,98.4,B
2021-06-21T10:45:36,400.0,98.4,B
2021-06-21T10:45:17,100.0,98.2,B
2021-06-21T10:45:16,100.0,98.2,B
2021-06-21T10:44:42,100.0,98.2,B
2021-06-21T10:43:57,100.0,98.0,S
2021-06-21T10:43:36,1000.0,98.4,B
2021-06-21T10:43:32,10000.0,98.0,S
2021-06-21T10:43:32,100.0,98.4,B
2021-06-21T10:43:17,100.0,98.4,B
2021-06-21T10:42:53,500.0,98.4,B
2021-06-21T10:42:45,1000.0,98.4,S
2021-06-21T10:42:33,2100.0,98.5,B
2021-06-21T10:41:25,1100.0,98.5,B
2021-06-21T10:40:30,100.0,98.5,B
2021-06-21T10:40:21,100.0,98.5,B
2021-06-21T10:40:06,100.0,98.5,B
2021-06-21T10:39:38,100.0,98.5,S
2021-06-21T10:39:21,1000.0,98.6,B
2021-06-21T10:38:42,100.0,98.5,S
2021-06-21T10:38:35,100.0,98.5,B
2021-06-21T10:37:29,100.0,98.6,B
2021-06-21T10:37:14,1000.0,98.6,B
2021-06-21T10:36:13,1000.0,98.6,B
2021-06-21T10:35:22,300.0,98.6,B
2021-06-21T10:35:15,1000.0,98.6,B
2021-06-21T10:33:09,1000.0,98.6,B
2021-06-21T10:32:10,500.0,98.6,B
2021-06-21T10:31:01,100.0,98.5,S
2021-06-21T10:30:56,1100.0,98.6,B
2021-06-21T10:30:19,500.0,98.5,B
2021-06-21T10:30:00,300.0,98.5,B
2021-06-21T10:29:46,300.0,98.5,B
2021-06-21T10:29:38,500.0,98.5,B
2021-06-21T10:29:24,400.0,98.5,B
2021-06-21T10:29:09,200.0,98.5,S
2021-06-21T10:28:49,1000.0,98.6,S
2021-06-21T10:28:49,400.0,98.6,S
2021-06-21T10:28:32,100.0,98.7,B
2021-06-21T10:27:39,500.0,98.7,B
2021-06-21T10:26:43,1000.0,98.7,B
2021-06-21T10:25:17,100.0,98.5,B
2021-06-21T10:24:40,1000.0,98.7,B
2021-06-21T10:23:46,100.0,98.5,S
2021-06-21T10:22:26,1000.0,98.7,B
2021-06-21T10:22:26,100.0,98.5,B
2021-06-21T10:22:20,1000.0,98.0,S
2021-06-21T10:22:01,400.0,98.5,B
2021-06-21T10:21:38,300.0,98.5,B
2021-06-21T10:21:38,700.0,98.5,B
2021-06-21T10:20:23,1000.0,98.5,B
2021-06-21T10:18:51,10000.0,98.5,B
2021-06-21T10:18:14,800.0,98.5,B
2021-06-21T10:18:14,200.0,98.5,B
2021-06-21T10:16:23,7700.0,98.0,S
2021-06-21T10:16:15,1000.0,98.3,B
2021-06-21T10:15:14,800.0,98.0,S
2021-06-21T10:15:09,8400.0,98.0,B
2021-06-21T10:14:32,100.0,98.0,B
2021-06-21T10:14:23,100.0,97.9,S
2021-06-21T10:14:23,1000.0,97.9,S
2021-06-21T10:14:23,500.0,97.9,S
2021-06-21T10:14:14,1000.0,98.0,B
2021-06-21T10:13:44,100.0,98.0,B
2021-06-21T10:13:37,200.0,98.0,B
2021-06-21T10:12:56,100.0,98.0,B
2021-06-21T10:12:09,1000.0,98.0,B
2021-06-21T10:11:35,800.0,98.0,B
2021-06-21T10:10:09,1100.0,98.0,B
2021-06-21T10:09:03,100.0,97.9,B
2021-06-21T10:08:34,3000.0,97.9,B
2021-06-21T10:07:51,1100.0,97.9,B
2021-06-21T10:07:34,100.0,97.9,B
2021-06-21T10:07:18,1300.0,97.9,B
2021-06-21T10:05:42,1000.0,97.9,B
2021-06-21T10:04:22,100.0,97.9,B
2021-06-21T10:03:56,100.0,97.8,S
2021-06-21T10:03:38,1000.0,97.9,B
2021-06-21T10:03:15,200.0,97.9,B
2021-06-21T10:02:29,200.0,97.9,B
2021-06-21T10:02:28,3000.0,97.8,S
2021-06-21T10:01:59,500.0,97.9,B
2021-06-21T10:01:34,1000.0,97.9,B
2021-06-21T10:01:21,500.0,97.9,B
2021-06-21T10:01:19,100.0,97.8,S
2021-06-21T09:59:59,300.0,97.8,B
2021-06-21T09:59:33,1000.0,97.9,B
2021-06-21T09:59:09,100.0,97.8,S
2021-06-21T09:58:54,100.0,97.8,S
2021-06-21T09:58:29,5000.0,97.9,B
2021-06-21T09:58:19,2500.0,97.9,B
2021-06-21T09:57:37,700.0,97.8,B
2021-06-21T09:57:32,700.0,97.9,B
2021-06-21T09:57:31,300.0,97.8,B
2021-06-21T09:56:00,100.0,97.6,S
2021-06-21T09:55:53,500.0,97.8,B
2021-06-21T09:55:29,100.0,97.7,S
2021-06-21T09:55:25,1000.0,97.7,S
2021-06-21T09:54:33,100.0,97.7,B
2021-06-21T09:54:29,100.0,97.6,S
2021-06-21T09:54:00,300.0,97.6,B
2021-06-21T09:54:00,500.0,97.6,B
2021-06-21T09:53:26,100.0,97.6,S
2021-06-21T09:53:02,200.0,97.7,B
2021-06-21T09:52:46,100.0,97.7,B
2021-06-21T09:50:55,500.0,97.7,S
2021-06-21T09:50:43,300.0,97.8,B
2021-06-21T09:49:25,500.0,97.7,S
2021-06-21T09:48:36,100.0,97.8,B
2021-06-21T09:48:20,500.0,97.8,B
2021-06-21T09:46:04,500.0,97.8,B
2021-06-21T09:45:39,100.0,97.5,S
2021-06-21T09:42:36,100.0,97.5,S
2021-06-21T09:42:36,1400.0,97.5,S
2021-06-21T09:42:04,100.0,97.8,B
2021-06-21T09:41:01,100.0,97.8,B
2021-06-21T09:40:58,100.0,97.5,S
2021-06-21T09:40:57,500.0,97.5,S
2021-06-21T09:40:28,200.0,97.5,S
2021-06-21T09:39:52,100.0,97.8,B
2021-06-21T09:39:45,100.0,97.5,S
2021-06-21T09:39:15,100.0,97.5,S
2021-06-21T09:38:49,4000.0,97.8,B
2021-06-21T09:38:02,4500.0,97.5,S
2021-06-21T09:37:15,100.0,97.5,S
2021-06-21T09:36:37,100.0,97.8,B
2021-06-21T09:35:19,300.0,97.8,B
2021-06-21T09:35:06,100.0,97.5,S
2021-06-21T09:34:43,1400.0,97.5,S
2021-06-21T09:33:13,100.0,97.8,B
2021-06-21T09:32:44,200.0,97.5,S
2021-06-21T09:32:31,300.0,97.8,B
2021-06-21T09:29:03,100.0,97.9,S
2021-06-21T09:26:30,2200.0,98.0,B
2021-06-21T09:26:30,300.0,98.0,B
2021-06-21T09:26:05,1500.0,98.0,B
2021-06-21T09:26:04,300.0,98.0,B
2021-06-21T09:25:54,100.0,98.0,B
2021-06-21T09:25:40,600.0,98.0,B
2021-06-21T09:24:54,500.0,98.0,B
2021-06-21T09:24:49,500.0,98.0,B
2021-06-21T09:24:37,1300.0,98.0,B
2021-06-21T09:23:31,300.0,98.0,B
2021-06-21T09:23:28,200.0,97.1,S
2021-06-21T09:22:57,300.0,97.1,S
2021-06-21T09:20:42,500.0,97.0,S
2021-06-21T09:20:38,2000.0,98.0,B
2021-06-21T09:20:11,300.0,97.0,S
2021-06-21T09:20:11,600.0,97.0,S
2021-06-21T09:20:04,2000.0,98.0,B
2021-06-21T09:19:08,500.0,97.0,S
2021-06-21T09:19:07,2000.0,97.9,B
2021-06-21T09:17:49,100.0,97.0,S
2021-06-21T09:16:42,5000.0,96.8,S
2021-06-21T09:16:37,2000.0,98.0,S
2021-06-21T09:16:27,2000.0,98.0,S
2021-06-21T09:16:13,2000.0,98.0,S
2021-06-21T09:16:10,600.0,98.0,S
2021-06-21T09:16:00,1500.0,98.0,S
2021-06-21T09:15:39,100.0,98.0,S
2021-06-21T09:15:39,100.0,99.0,B
