tradingTime,volume,price,side
2021-06-21T14:22:40,100.0,12.5,B
2021-06-21T14:22:40,200.0,12.5,B
2021-06-21T14:22:19,500.0,12.5,B
2021-06-21T14:22:17,10000.0,12.5,B
2021-06-21T14:22:02,2000.0,12.5,B
2021-06-21T14:21:40,100.0,12.5,B
2021-06-21T14:21:31,5000.0,12.5,B
2021-06-21T14:21:29,200.0,12.5,B
2021-06-21T14:21:18,100.0,12.5,B
2021-06-21T14:21:03,100.0,12.5,B
2021-06-21T14:20:13,100.0,12.5,B
2021-06-21T14:20:11,2000.0,12.5,B
2021-06-21T14:20:09,300.0,12.5,B
2021-06-21T14:19:58,8000.0,12.45,S
2021-06-21T14:19:45,4300.0,12.5,B
2021-06-21T14:19:22,1700.0,12.5,B
2021-06-21T14:19:17,1000.0,12.5,B
2021-06-21T14:19:17,3900.0,12.45,S
2021-06-21T14:19:17,100.0,12.5,B
2021-06-21T14:18:54,400.0,12.5,B
2021-06-21T14:18:54,3600.0,12.5,B
2021-06-21T14:18:32,300.0,12.45,S
2021-06-21T14:18:18,3000.0,12.45,S
2021-06-21T14:18:13,1000.0,12.5,B
2021-06-21T14:18:13,2000.0,12.5,B
2021-06-21T14:17:59,2000.0,12.45,S
2021-06-21T14:17:52,14000.0,12.45,S
2021-06-21T14:17:51,100.0,12.5,B
2021-06-21T14:17:49,500.0,12.5,B
2021-06-21T14:17:49,200.0,12.5,B
2021-06-21T14:17:49,1000.0,12.5,B
2021-06-21T14:17:49,700.0,12.5,B
2021-06-21T14:17:49,5000.0,12.5,B
2021-06-21T14:17:49,5700.0,12.5,B
2021-06-21T14:17:49,100.0,12.5,B
2021-06-21T14:17:49,23000.0,12.5,B
2021-06-21T14:17:49,500.0,12.5,B
2021-06-21T14:17:49,1900.0,12.5,B
2021-06-21T14:17:49,3000.0,12.5,B
2021-06-21T14:17:49,1000.0,12.5,B
2021-06-21T14:17:49,7100.0,12.5,B
2021-06-21T14:17:49,1000.0,12.5,B
2021-06-21T14:17:49,2000.0,12.5,B
2021-06-21T14:17:49,1200.0,12.5,B
2021-06-21T14:17:49,8600.0,12.5,B
2021-06-21T14:17:48,4100.0,12.5,B
2021-06-21T14:17:47,3100.0,12.5,B
2021-06-21T14:17:47,6900.0,12.5,B
2021-06-21T14:17:44,100.0,12.5,B
2021-06-21T14:17:30,3000.0,12.5,B
2021-06-21T14:17:21,500.0,12.5,B
2021-06-21T14:17:18,2200.0,12.45,S
2021-06-21T14:16:58,4000.0,12.45,S
2021-06-21T14:16:40,100.0,12.5,B
2021-06-21T14:16:11,200.0,12.5,B
2021-06-21T14:16:09,1000.0,12.5,B
2021-06-21T14:16:06,2000.0,12.5,B
2021-06-21T14:16:02,1400.0,12.5,B
2021-06-21T14:16:02,1700.0,12.5,B
2021-06-21T14:16:01,500.0,12.5,B
2021-06-21T14:16:01,400.0,12.5,B
2021-06-21T14:15:57,200.0,12.5,B
2021-06-21T14:15:49,200.0,12.5,B
2021-06-21T14:15:46,100.0,12.45,S
2021-06-21T14:15:46,5600.0,12.5,B
2021-06-21T14:15:46,2300.0,12.45,S
2021-06-21T14:15:40,3400.0,12.45,S
2021-06-21T14:15:38,2000.0,12.5,B
2021-06-21T14:15:34,100.0,12.5,B
2021-06-21T14:15:15,1500.0,12.5,B
2021-06-21T14:14:41,3000.0,12.5,B
2021-06-21T14:14:37,2000.0,12.5,B
2021-06-21T14:14:27,1500.0,12.5,B
2021-06-21T14:14:26,6400.0,12.5,B
2021-06-21T14:14:16,20000.0,12.5,B
2021-06-21T14:14:14,300.0,12.5,B
2021-06-21T14:14:11,5000.0,12.5,B
2021-06-21T14:14:07,2300.0,12.45,S
2021-06-21T14:14:07,200.0,12.45,S
2021-06-21T14:14:07,8000.0,12.45,S
2021-06-21T14:14:07,200.0,12.45,S
2021-06-21T14:14:07,5000.0,12.45,S
2021-06-21T14:14:07,2900.0,12.45,S
2021-06-21T14:14:07,3000.0,12.45,S
2021-06-21T14:14:07,1500.0,12.45,S
2021-06-21T14:14:06,5600.0,12.45,S
2021-06-21T14:13:57,16000.0,12.45,S
2021-06-21T14:13:54,100.0,12.5,B
2021-06-21T14:13:49,200.0,12.45,S
2021-06-21T14:13:30,3900.0,12.5,B
2021-06-21T14:13:25,100.0,12.45,S
2021-06-21T14:13:22,100.0,12.5,B
2021-06-21T14:13:10,3000.0,12.45,S
2021-06-21T14:13:05,13200.0,12.5,B
2021-06-21T14:13:04,1000.0,12.5,B
2021-06-21T14:12:46,1000.0,12.5,B
2021-06-21T14:12:39,200.0,12.45,S
2021-06-21T14:12:34,8500.0,12.5,B
2021-06-21T14:12:33,100.0,12.45,S
2021-06-21T14:12:32,100.0,12.5,B
2021-06-21T14:12:30,11400.0,12.45,S
2021-06-21T14:12:25,5000.0,12.5,B
2021-06-21T14:12:24,900.0,12.5,B
2021-06-21T14:12:00,5000.0,12.5,B
2021-06-21T14:11:56,15000.0,12.5,B
2021-06-21T14:11:51,5000.0,12.45,S
2021-06-21T14:11:26,2000.0,12.5,B
2021-06-21T14:11:23,100.0,12.5,B
2021-06-21T14:11:16,62000.0,12.5,B
2021-06-21T14:11:16,2000.0,12.45,S
2021-06-21T14:11:02,300.0,12.5,B
2021-06-21T14:11:01,1000.0,12.5,B
2021-06-21T14:10:46,100.0,12.5,B
2021-06-21T14:10:39,9700.0,12.5,B
2021-06-21T14:10:29,1800.0,12.5,B
2021-06-21T14:10:20,16000.0,12.45,S
2021-06-21T14:10:20,3200.0,12.45,S
2021-06-21T14:10:20,3600.0,12.45,S
2021-06-21T14:10:20,1000.0,12.45,S
2021-06-21T14:10:20,1000.0,12.45,S
2021-06-21T14:10:20,2000.0,12.45,S
2021-06-21T14:10:20,2500.0,12.45,S
2021-06-21T14:10:20,3000.0,12.45,S
2021-06-21T14:10:20,400.0,12.45,S
2021-06-21T14:10:20,2900.0,12.45,S
2021-06-21T14:10:20,14400.0,12.45,S
2021-06-21T14:10:18,1000.0,12.5,B
2021-06-21T14:10:16,100.0,12.45,S
2021-06-21T14:10:12,200.0,12.45,S
2021-06-21T14:10:10,100.0,12.5,B
2021-06-21T14:10:10,100.0,12.5,B
2021-06-21T14:10:04,300.0,12.5,B
2021-06-21T14:09:57,1000.0,12.5,B
2021-06-21T14:09:49,200.0,12.5,B
2021-06-21T14:09:44,700.0,12.5,B
2021-06-21T14:09:16,1000.0,12.5,B
2021-06-21T14:09:14,100.0,12.45,S
2021-06-21T14:09:12,100.0,12.5,B
2021-06-21T14:08:58,9300.0,12.5,B
2021-06-21T14:08:17,5000.0,12.5,B
2021-06-21T14:08:15,200.0,12.45,S
2021-06-21T14:08:12,1000.0,12.5,B
2021-06-21T14:08:08,3000.0,12.5,B
2021-06-21T14:07:59,500.0,12.45,S
2021-06-21T14:07:59,4500.0,12.45,S
2021-06-21T14:07:56,400.0,12.5,B
2021-06-21T14:07:53,500.0,12.45,S
2021-06-21T14:07:37,500.0,12.5,B
2021-06-21T14:07:25,100.0,12.45,S
2021-06-21T14:07:13,2000.0,12.5,B
2021-06-21T14:07:13,200.0,12.5,B
2021-06-21T14:06:58,4000.0,12.5,B
2021-06-21T14:06:58,1000.0,12.5,B
2021-06-21T14:06:53,1000.0,12.5,B
2021-06-21T14:06:33,1000.0,12.5,B
2021-06-21T14:06:25,2000.0,12.5,B
2021-06-21T14:06:23,200.0,12.5,B
2021-06-21T14:06:23,700.0,12.5,B
2021-06-21T14:06:22,200.0,12.5,B
2021-06-21T14:06:22,600.0,12.5,B
2021-06-21T14:06:22,300.0,12.5,B
2021-06-21T14:06:19,1000.0,12.5,B
2021-06-21T14:06:00,300.0,12.5,B
2021-06-21T14:05:57,1300.0,12.5,B
2021-06-21T14:05:55,4900.0,12.45,S
2021-06-21T14:05:55,6400.0,12.45,S
2021-06-21T14:05:55,5000.0,12.45,S
2021-06-21T14:05:55,2300.0,12.45,S
2021-06-21T14:05:55,11000.0,12.45,S
2021-06-21T14:05:55,1600.0,12.45,S
2021-06-21T14:05:55,12700.0,12.45,S
2021-06-21T14:05:55,5000.0,12.45,S
2021-06-21T14:05:54,11100.0,12.45,S
2021-06-21T14:05:51,5000.0,12.5,B
2021-06-21T14:05:50,4600.0,12.5,B
2021-06-21T14:05:43,5000.0,12.5,B
2021-06-21T14:05:40,5000.0,12.5,B
2021-06-21T14:05:36,1000.0,12.5,S
2021-06-21T14:05:33,10000.0,12.5,S
2021-06-21T14:05:24,100.0,12.5,S
2021-06-21T14:05:19,100.0,12.5,S
2021-06-21T14:05:14,5000.0,12.5,S
2021-06-21T14:05:11,10400.0,12.5,S
2021-06-21T14:05:11,100.0,12.5,S
2021-06-21T14:05:11,1000.0,12.5,S
2021-06-21T14:05:11,100.0,12.5,S
2021-06-21T14:05:11,2300.0,12.5,S
2021-06-21T14:05:11,12100.0,12.5,S
2021-06-21T14:05:11,10000.0,12.5,S
2021-06-21T14:05:11,6200.0,12.5,S
2021-06-21T14:05:11,4200.0,12.5,S
2021-06-21T14:05:11,1100.0,12.5,S
2021-06-21T14:05:11,600.0,12.5,S
2021-06-21T14:05:11,7000.0,12.5,S
2021-06-21T14:05:11,2600.0,12.5,S
2021-06-21T14:05:11,8700.0,12.5,S
2021-06-21T14:05:08,1700.0,12.55,B
2021-06-21T14:05:08,2100.0,12.55,B
2021-06-21T14:05:08,500.0,12.55,B
2021-06-21T14:05:08,1800.0,12.55,B
2021-06-21T14:05:08,1200.0,12.55,B
2021-06-21T14:05:07,1000.0,12.55,B
2021-06-21T14:05:07,1900.0,12.55,B
2021-06-21T14:04:39,5000.0,12.5,S
2021-06-21T14:04:35,900.0,12.5,S
2021-06-21T14:04:35,5000.0,12.5,S
2021-06-21T14:04:35,4100.0,12.5,S
2021-06-21T14:04:30,500.0,12.5,S
2021-06-21T14:04:03,500.0,12.5,S
2021-06-21T14:03:58,1000.0,12.55,B
2021-06-21T14:03:50,100.0,12.5,S
2021-06-21T14:03:35,200.0,12.5,S
2021-06-21T14:03:35,9800.0,12.5,S
2021-06-21T14:03:27,100.0,12.5,S
2021-06-21T14:03:19,300.0,12.5,S
2021-06-21T14:03:18,3000.0,12.5,S
2021-06-21T14:03:14,500.0,12.55,B
2021-06-21T14:03:13,9700.0,12.55,B
2021-06-21T14:03:13,300.0,12.5,S
2021-06-21T14:03:10,100.0,12.5,S
2021-06-21T14:03:07,1500.0,12.5,S
2021-06-21T14:03:06,400.0,12.5,S
2021-06-21T14:03:00,100.0,12.5,S
2021-06-21T14:02:55,1000.0,12.5,S
2021-06-21T14:02:47,2000.0,12.5,S
2021-06-21T14:02:44,2000.0,12.5,S
2021-06-21T14:02:39,100.0,12.5,S
2021-06-21T14:02:24,100.0,12.5,S
2021-06-21T14:02:20,2100.0,12.55,B
2021-06-21T14:02:20,11700.0,12.55,B
2021-06-21T14:02:13,100.0,12.5,S
2021-06-21T14:02:12,100.0,12.5,S
2021-06-21T14:02:10,100.0,12.5,S
2021-06-21T14:02:08,100.0,12.5,S
2021-06-21T14:02:04,3700.0,12.5,S
2021-06-21T14:02:03,4000.0,12.5,S
2021-06-21T14:01:58,200.0,12.5,S
2021-06-21T14:01:58,4600.0,12.5,S
2021-06-21T14:01:58,11900.0,12.5,S
2021-06-21T14:01:54,1000.0,12.5,S
2021-06-21T14:01:50,9000.0,12.5,S
2021-06-21T14:01:43,1000.0,12.5,S
2021-06-21T14:01:43,200.0,12.5,S
2021-06-21T14:01:30,11000.0,12.55,B
2021-06-21T14:01:22,500.0,12.5,S
2021-06-21T14:01:20,100.0,12.5,S
2021-06-21T14:01:16,1000.0,12.5,S
2021-06-21T14:01:15,1000.0,12.5,S
2021-06-21T14:01:15,500.0,12.5,S
2021-06-21T14:01:11,1000.0,12.5,S
2021-06-21T14:01:01,100.0,12.5,S
2021-06-21T14:00:35,700.0,12.5,S
2021-06-21T14:00:34,300.0,12.5,S
2021-06-21T14:00:16,500.0,12.5,S
2021-06-21T14:00:11,1500.0,12.5,S
2021-06-21T14:00:01,2000.0,12.5,S
2021-06-21T13:59:48,300.0,12.55,B
2021-06-21T13:59:41,6200.0,12.5,S
2021-06-21T13:59:39,4600.0,12.55,B
2021-06-21T13:59:39,100.0,12.55,B
2021-06-21T13:59:38,200.0,12.55,B
2021-06-21T13:59:36,200.0,12.5,S
2021-06-21T13:59:30,5000.0,12.5,S
2021-06-21T13:59:26,200.0,12.5,S
2021-06-21T13:59:17,1000.0,12.5,S
2021-06-21T13:59:17,1000.0,12.5,S
2021-06-21T13:59:13,500.0,12.5,S
2021-06-21T13:59:10,1000.0,12.5,S
2021-06-21T13:59:08,500.0,12.5,S
2021-06-21T13:59:08,1000.0,12.5,S
2021-06-21T13:59:05,1000.0,12.5,S
2021-06-21T13:58:56,300.0,12.5,S
2021-06-21T13:58:56,20000.0,12.55,B
2021-06-21T13:58:45,100.0,12.5,S
2021-06-21T13:58:30,300.0,12.5,S
2021-06-21T13:58:25,400.0,12.5,S
2021-06-21T13:58:25,100.0,12.5,S
2021-06-21T13:58:22,200.0,12.5,S
2021-06-21T13:57:59,1500.0,12.5,S
2021-06-21T13:57:54,1000.0,12.5,S
2021-06-21T13:57:53,3500.0,12.55,B
2021-06-21T13:57:52,7400.0,12.55,B
2021-06-21T13:57:49,4300.0,12.5,S
2021-06-21T13:57:49,400.0,12.5,S
2021-06-21T13:57:49,100.0,12.5,S
2021-06-21T13:57:49,200.0,12.5,S
2021-06-21T13:57:49,1000.0,12.5,S
2021-06-21T13:57:49,300.0,12.5,S
2021-06-21T13:57:44,1000.0,12.5,S
2021-06-21T13:57:29,8500.0,12.5,S
2021-06-21T13:57:27,100.0,12.5,S
2021-06-21T13:57:24,100.0,12.5,S
2021-06-21T13:57:24,500.0,12.5,S
2021-06-21T13:57:21,300.0,12.55,B
2021-06-21T13:57:17,400.0,12.5,S
2021-06-21T13:57:16,1000.0,12.5,S
2021-06-21T13:57:11,500.0,12.5,S
2021-06-21T13:57:01,1100.0,12.5,S
2021-06-21T13:56:51,1100.0,12.5,S
2021-06-21T13:56:46,2000.0,12.5,S
2021-06-21T13:56:43,400.0,12.5,S
2021-06-21T13:56:43,9600.0,12.5,S
2021-06-21T13:56:43,1000.0,12.5,S
2021-06-21T13:56:42,5000.0,12.5,S
2021-06-21T13:56:42,100.0,12.5,S
2021-06-21T13:56:34,200.0,12.5,S
2021-06-21T13:56:28,1000.0,12.5,S
2021-06-21T13:56:24,100.0,12.5,S
2021-06-21T13:56:08,500.0,12.5,B
2021-06-21T13:56:07,100.0,12.5,B
2021-06-21T13:56:01,15000.0,12.5,B
2021-06-21T13:55:55,100.0,12.5,B
2021-06-21T13:55:53,2000.0,12.5,B
2021-06-21T13:55:46,10000.0,12.5,B
2021-06-21T13:55:38,1000.0,12.5,B
2021-06-21T13:55:38,5000.0,12.5,B
2021-06-21T13:55:38,1500.0,12.5,B
2021-06-21T13:55:38,4000.0,12.5,B
2021-06-21T13:55:36,500.0,12.5,B
2021-06-21T13:55:29,3500.0,12.5,B
2021-06-21T13:55:27,1000.0,12.5,B
2021-06-21T13:55:23,5000.0,12.5,B
2021-06-21T13:55:21,900.0,12.5,B
2021-06-21T13:55:20,300.0,12.5,B
2021-06-21T13:55:17,2000.0,12.5,B
2021-06-21T13:54:59,200.0,12.5,B
2021-06-21T13:54:59,200.0,12.5,B
2021-06-21T13:54:52,2500.0,12.5,B
2021-06-21T13:54:51,100.0,12.5,B
2021-06-21T13:54:50,4000.0,12.5,B
2021-06-21T13:54:49,16000.0,12.5,B
2021-06-21T13:54:47,500.0,12.5,B
2021-06-21T13:54:36,1900.0,12.5,B
2021-06-21T13:54:36,5500.0,12.5,B
2021-06-21T13:54:35,2500.0,12.5,B
2021-06-21T13:54:35,2500.0,12.5,B
2021-06-21T13:54:29,2000.0,12.5,B
2021-06-21T13:54:28,1000.0,12.5,B
2021-06-21T13:54:27,1000.0,12.5,B
2021-06-21T13:54:15,7800.0,12.5,B
2021-06-21T13:54:15,1000.0,12.5,B
2021-06-21T13:54:15,2200.0,12.5,B
2021-06-21T13:54:09,100.0,12.5,B
2021-06-21T13:54:09,3000.0,12.5,B
2021-06-21T13:53:59,7200.0,12.5,B
2021-06-21T13:53:58,12800.0,12.5,B
2021-06-21T13:53:56,100.0,12.5,B
2021-06-21T13:53:51,1000.0,12.5,B
2021-06-21T13:53:51,2000.0,12.5,B
2021-06-21T13:53:48,1600.0,12.5,B
2021-06-21T13:53:48,900.0,12.5,B
2021-06-21T13:53:47,500.0,12.5,B
2021-06-21T13:53:44,200.0,12.5,B
2021-06-21T13:53:42,1000.0,12.5,B
2021-06-21T13:53:32,100.0,12.5,B
2021-06-21T13:53:30,900.0,12.5,B
2021-06-21T13:53:09,800.0,12.5,B
2021-06-21T13:53:03,800.0,12.5,B
2021-06-21T13:52:58,7600.0,12.5,B
2021-06-21T13:52:58,2400.0,12.5,B
2021-06-21T13:52:54,3000.0,12.5,B
2021-06-21T13:52:47,11700.0,12.5,B
2021-06-21T13:52:44,1500.0,12.5,B
2021-06-21T13:52:42,200.0,12.5,B
2021-06-21T13:52:42,23700.0,12.5,B
2021-06-21T13:52:33,1200.0,12.5,B
2021-06-21T13:52:27,16100.0,12.5,B
2021-06-21T13:52:27,3900.0,12.5,B
2021-06-21T13:52:26,200.0,12.5,B
2021-06-21T13:52:26,8800.0,12.5,B
2021-06-21T13:52:26,900.0,12.5,B
2021-06-21T13:52:26,1700.0,12.5,B
2021-06-21T13:52:24,200.0,12.45,S
2021-06-21T13:52:21,2000.0,12.5,B
2021-06-21T13:52:10,9300.0,12.5,B
2021-06-21T13:52:10,700.0,12.5,B
2021-06-21T13:52:08,2000.0,12.5,B
2021-06-21T13:52:00,100.0,12.5,B
2021-06-21T13:51:54,10000.0,12.5,B
2021-06-21T13:51:41,100.0,12.5,B
2021-06-21T13:51:35,3300.0,12.5,B
2021-06-21T13:51:35,13900.0,12.5,B
2021-06-21T13:51:35,500.0,12.5,B
2021-06-21T13:51:35,30000.0,12.5,B
2021-06-21T13:51:35,2300.0,12.5,B
2021-06-21T13:51:24,10000.0,12.5,B
2021-06-21T13:51:22,500.0,12.5,B
2021-06-21T13:51:11,10000.0,12.45,S
2021-06-21T13:51:04,600.0,12.5,B
2021-06-21T13:50:57,2300.0,12.5,B
2021-06-21T13:50:57,2700.0,12.5,B
2021-06-21T13:50:43,1000.0,12.5,B
2021-06-21T13:50:41,1000.0,12.5,B
2021-06-21T13:50:41,500.0,12.5,B
2021-06-21T13:50:41,1100.0,12.45,S
2021-06-21T13:50:40,1700.0,12.5,B
2021-06-21T13:50:40,10300.0,12.5,B
2021-06-21T13:50:39,1200.0,12.5,B
2021-06-21T13:50:39,2400.0,12.5,B
2021-06-21T13:50:32,1000.0,12.5,B
2021-06-21T13:49:54,100.0,12.5,B
2021-06-21T13:49:46,500.0,12.5,B
2021-06-21T13:49:38,200.0,12.5,B
2021-06-21T13:49:16,3800.0,12.5,B
2021-06-21T13:49:16,200.0,12.5,B
2021-06-21T13:49:15,400.0,12.5,B
2021-06-21T13:49:15,5600.0,12.5,B
2021-06-21T13:49:09,600.0,12.5,B
2021-06-21T13:48:49,600.0,12.5,B
2021-06-21T13:48:49,2000.0,12.5,B
2021-06-21T13:48:49,3700.0,12.5,B
2021-06-21T13:48:49,5400.0,12.5,B
2021-06-21T13:48:43,500.0,12.5,B
2021-06-21T13:48:39,1500.0,12.45,S
2021-06-21T13:48:24,10000.0,12.5,B
2021-06-21T13:48:09,9100.0,12.5,B
2021-06-21T13:48:09,1000.0,12.5,B
2021-06-21T13:48:09,7200.0,12.5,B
2021-06-21T13:48:09,53000.0,12.5,B
2021-06-21T13:48:09,2000.0,12.5,B
2021-06-21T13:48:09,800.0,12.5,B
2021-06-21T13:48:09,5600.0,12.5,B
2021-06-21T13:48:09,4100.0,12.5,B
2021-06-21T13:48:09,6100.0,12.5,B
2021-06-21T13:48:09,1400.0,12.5,B
2021-06-21T13:48:09,6700.0,12.5,B
2021-06-21T13:48:09,3000.0,12.5,B
2021-06-21T13:48:04,1000.0,12.5,B
2021-06-21T13:47:52,31000.0,12.5,B
2021-06-21T13:47:40,200.0,12.5,B
2021-06-21T13:47:34,200.0,12.5,B
2021-06-21T13:47:12,9000.0,12.5,B
2021-06-21T13:47:01,12100.0,12.5,B
2021-06-21T13:47:00,3000.0,12.5,B
2021-06-21T13:46:58,8000.0,12.45,S
2021-06-21T13:46:46,500.0,12.5,B
2021-06-21T13:46:45,1000.0,12.5,B
2021-06-21T13:46:39,100.0,12.5,B
2021-06-21T13:46:33,200.0,12.5,B
2021-06-21T13:46:22,20000.0,12.5,B
2021-06-21T13:46:14,100.0,12.5,B
2021-06-21T13:46:13,200.0,12.5,B
2021-06-21T13:45:35,100.0,12.5,B
2021-06-21T13:44:53,1000.0,12.5,B
2021-06-21T13:44:48,200.0,12.5,B
2021-06-21T13:44:45,1000.0,12.5,B
2021-06-21T13:44:41,1800.0,12.5,B
2021-06-21T13:44:41,1600.0,12.5,B
2021-06-21T13:44:41,4000.0,12.5,B
2021-06-21T13:44:40,12600.0,12.5,B
2021-06-21T13:44:21,100.0,12.5,B
2021-06-21T13:44:19,1000.0,12.5,B
2021-06-21T13:44:18,100.0,12.5,B
2021-06-21T13:44:15,100.0,12.5,B
2021-06-21T13:44:09,500.0,12.45,S
2021-06-21T13:43:55,100.0,12.5,S
2021-06-21T13:43:55,2000.0,12.5,S
2021-06-21T13:43:44,2000.0,12.45,S
2021-06-21T13:43:32,800.0,12.5,S
2021-06-21T13:43:08,100.0,12.5,S
2021-06-21T13:43:08,2300.0,12.5,S
2021-06-21T13:43:07,700.0,12.5,S
2021-06-21T13:42:59,500.0,12.5,S
2021-06-21T13:42:57,100.0,12.5,S
2021-06-21T13:42:54,900.0,12.5,S
2021-06-21T13:42:53,6800.0,12.5,S
2021-06-21T13:42:51,200.0,12.45,S
2021-06-21T13:42:49,7000.0,12.5,S
2021-06-21T13:42:38,100.0,12.5,S
2021-06-21T13:42:38,100.0,12.5,S
2021-06-21T13:42:28,5000.0,12.5,S
2021-06-21T13:42:25,1000.0,12.5,S
2021-06-21T13:42:09,3500.0,12.5,S
2021-06-21T13:42:04,2000.0,12.5,S
2021-06-21T13:42:04,5000.0,12.5,S
2021-06-21T13:42:02,100.0,12.5,S
2021-06-21T13:42:01,5000.0,12.5,S
2021-06-21T13:42:00,200.0,12.5,S
2021-06-21T13:41:51,100.0,12.5,S
2021-06-21T13:41:49,1000.0,12.5,S
2021-06-21T13:41:49,1000.0,12.5,S
2021-06-21T13:41:47,11000.0,12.5,S
2021-06-21T13:41:44,1000.0,12.5,S
2021-06-21T13:41:43,300.0,12.5,S
2021-06-21T13:41:41,5000.0,12.5,S
2021-06-21T13:41:40,1000.0,12.5,S
2021-06-21T13:41:39,2200.0,12.5,S
2021-06-21T13:41:38,600.0,12.5,S
2021-06-21T13:41:38,2200.0,12.5,S
2021-06-21T13:41:24,27400.0,12.5,S
2021-06-21T13:41:21,600.0,12.5,S
2021-06-21T13:41:17,1700.0,12.5,S
2021-06-21T13:41:17,4300.0,12.5,S
2021-06-21T13:41:14,3800.0,12.5,S
2021-06-21T13:41:08,100.0,12.5,S
2021-06-21T13:41:04,200.0,12.5,S
2021-06-21T13:41:03,11500.0,12.55,B
2021-06-21T13:41:03,100.0,12.55,B
2021-06-21T13:41:00,300.0,12.5,S
2021-06-21T13:40:57,3000.0,12.5,S
2021-06-21T13:40:56,10000.0,12.5,S
2021-06-21T13:40:51,5000.0,12.5,S
2021-06-21T13:40:44,300.0,12.5,S
2021-06-21T13:40:41,500.0,12.5,S
2021-06-21T13:40:40,500.0,12.5,S
2021-06-21T13:40:35,1000.0,12.5,S
2021-06-21T13:40:32,14900.0,12.5,S
2021-06-21T13:40:28,2000.0,12.5,S
2021-06-21T13:40:25,100.0,12.5,S
2021-06-21T13:40:24,10000.0,12.5,S
2021-06-21T13:40:18,200.0,12.5,S
2021-06-21T13:40:06,3000.0,12.5,S
2021-06-21T13:40:00,600.0,12.5,S
2021-06-21T13:39:58,600.0,12.5,S
2021-06-21T13:39:56,2000.0,12.5,S
2021-06-21T13:39:55,200.0,12.55,B
2021-06-21T13:39:37,1200.0,12.5,S
2021-06-21T13:39:29,100.0,12.5,S
2021-06-21T13:39:16,10000.0,12.5,S
2021-06-21T13:39:11,200.0,12.5,S
2021-06-21T13:38:52,200.0,12.5,S
2021-06-21T13:38:46,1000.0,12.5,B
2021-06-21T13:38:46,5000.0,12.5,B
2021-06-21T13:38:40,1100.0,12.5,B
2021-06-21T13:38:39,1600.0,12.5,B
2021-06-21T13:38:32,5000.0,12.5,B
2021-06-21T13:38:28,1000.0,12.5,B
2021-06-21T13:38:24,2800.0,12.5,B
2021-06-21T13:38:18,300.0,12.5,B
2021-06-21T13:38:13,1500.0,12.5,B
2021-06-21T13:38:11,16900.0,12.5,B
2021-06-21T13:38:11,1000.0,12.5,B
2021-06-21T13:38:11,2000.0,12.5,B
2021-06-21T13:38:11,2000.0,12.5,B
2021-06-21T13:38:11,8600.0,12.5,B
2021-06-21T13:38:11,400.0,12.5,B
2021-06-21T13:38:11,2600.0,12.5,B
2021-06-21T13:38:11,12300.0,12.5,B
2021-06-21T13:38:11,4200.0,12.5,B
2021-06-21T13:37:46,5000.0,12.5,B
2021-06-21T13:37:44,100.0,12.5,B
2021-06-21T13:37:10,700.0,12.5,S
2021-06-21T13:37:08,9300.0,12.5,S
2021-06-21T13:37:00,11500.0,12.5,S
2021-06-21T13:37:00,4300.0,12.5,S
2021-06-21T13:36:58,1000.0,12.5,S
2021-06-21T13:36:55,1000.0,12.5,S
2021-06-21T13:36:53,100.0,12.5,S
2021-06-21T13:36:39,3100.0,12.5,S
2021-06-21T13:36:39,1100.0,12.5,S
2021-06-21T13:36:39,1800.0,12.5,S
2021-06-21T13:36:38,800.0,12.5,S
2021-06-21T13:36:27,2000.0,12.5,S
2021-06-21T13:36:27,34100.0,12.5,S
2021-06-21T13:36:27,2500.0,12.5,S
2021-06-21T13:36:27,61400.0,12.5,S
2021-06-21T13:36:26,500.0,12.5,S
2021-06-21T13:36:23,100.0,12.5,S
2021-06-21T13:36:19,1000.0,12.5,S
2021-06-21T13:36:17,500.0,12.5,S
2021-06-21T13:36:09,100.0,12.5,S
2021-06-21T13:35:52,2000.0,12.5,S
2021-06-21T13:35:47,30000.0,12.5,S
2021-06-21T13:35:44,1000.0,12.5,S
2021-06-21T13:35:36,500.0,12.5,S
2021-06-21T13:35:32,100.0,12.5,S
2021-06-21T13:35:29,300.0,12.5,S
2021-06-21T13:35:29,600.0,12.5,S
2021-06-21T13:34:53,2000.0,12.5,S
2021-06-21T13:34:51,50000.0,12.5,S
2021-06-21T13:34:47,3000.0,12.5,S
2021-06-21T13:34:46,500.0,12.5,S
2021-06-21T13:34:41,3000.0,12.5,S
2021-06-21T13:34:20,500.0,12.5,S
2021-06-21T13:34:16,100.0,12.55,B
2021-06-21T13:34:14,200.0,12.5,S
2021-06-21T13:34:13,2000.0,12.5,S
2021-06-21T13:34:01,19900.0,12.55,B
2021-06-21T13:34:01,100.0,12.5,S
2021-06-21T13:33:59,5000.0,12.5,S
2021-06-21T13:33:56,1000.0,12.5,S
2021-06-21T13:33:54,2000.0,12.5,S
2021-06-21T13:33:48,500.0,12.55,B
2021-06-21T13:33:38,100.0,12.5,B
2021-06-21T13:33:37,1000.0,12.5,B
2021-06-21T13:33:35,200.0,12.55,B
2021-06-21T13:33:34,6000.0,12.5,B
2021-06-21T13:33:27,43500.0,12.5,B
2021-06-21T13:33:23,300.0,12.45,S
2021-06-21T13:33:23,1000.0,12.5,S
2021-06-21T13:33:17,200.0,12.5,S
2021-06-21T13:33:14,100.0,12.5,S
2021-06-21T13:33:13,500.0,12.5,S
2021-06-21T13:33:12,24300.0,12.5,S
2021-06-21T13:33:03,200.0,12.5,S
2021-06-21T13:33:01,6400.0,12.5,S
2021-06-21T13:32:57,5000.0,12.5,S
2021-06-21T13:32:50,10000.0,12.5,S
2021-06-21T13:32:40,4900.0,12.55,B
2021-06-21T13:32:40,100.0,12.55,B
2021-06-21T13:32:38,200.0,12.5,B
2021-06-21T13:32:38,900.0,12.5,B
2021-06-21T13:32:38,10000.0,12.5,B
2021-06-21T13:32:38,1100.0,12.5,B
2021-06-21T13:32:32,1000.0,12.5,B
2021-06-21T13:32:31,200.0,12.5,B
2021-06-21T13:32:26,100.0,12.5,B
2021-06-21T13:32:12,400.0,12.5,B
2021-06-21T13:32:12,6600.0,12.5,B
2021-06-21T13:32:12,3200.0,12.5,B
2021-06-21T13:32:12,1000.0,12.5,B
2021-06-21T13:32:12,15700.0,12.5,B
2021-06-21T13:32:12,5100.0,12.5,B
2021-06-21T13:32:12,800.0,12.5,B
2021-06-21T13:32:12,6900.0,12.5,B
2021-06-21T13:32:12,5400.0,12.5,B
2021-06-21T13:32:12,1000.0,12.5,B
2021-06-21T13:32:12,30000.0,12.5,B
2021-06-21T13:32:12,1100.0,12.5,B
2021-06-21T13:32:12,1500.0,12.5,B
2021-06-21T13:32:12,800.0,12.5,B
2021-06-21T13:32:12,1400.0,12.5,B
2021-06-21T13:32:12,100.0,12.5,B
2021-06-21T13:32:12,300.0,12.5,B
2021-06-21T13:32:12,3200.0,12.5,B
2021-06-21T13:32:12,5000.0,12.5,B
2021-06-21T13:32:12,1200.0,12.5,B
2021-06-21T13:32:12,12000.0,12.5,B
2021-06-21T13:32:12,1100.0,12.5,B
2021-06-21T13:32:12,2200.0,12.5,B
2021-06-21T13:32:12,4400.0,12.5,B
2021-06-21T13:32:11,1300.0,12.5,B
2021-06-21T13:32:11,5700.0,12.5,B
2021-06-21T13:32:11,2400.0,12.5,B
2021-06-21T13:32:11,3800.0,12.5,B
2021-06-21T13:32:11,19900.0,12.5,B
2021-06-21T13:32:11,100.0,12.5,B
2021-06-21T13:32:11,2400.0,12.5,B
2021-06-21T13:32:11,1500.0,12.5,B
2021-06-21T13:32:11,800.0,12.5,B
2021-06-21T13:32:11,300.0,12.5,B
2021-06-21T13:32:11,500.0,12.5,B
2021-06-21T13:32:11,700.0,12.5,B
2021-06-21T13:32:11,1500.0,12.5,B
2021-06-21T13:32:11,200.0,12.5,B
2021-06-21T13:32:11,1700.0,12.5,B
2021-06-21T13:32:11,96800.0,12.5,B
2021-06-21T13:32:09,100.0,12.45,S
2021-06-21T13:32:00,20000.0,12.45,S
2021-06-21T13:31:53,500.0,12.45,S
2021-06-21T13:31:46,1200.0,12.45,S
2021-06-21T13:31:45,3800.0,12.45,S
2021-06-21T13:31:29,2000.0,12.45,S
2021-06-21T13:31:22,12200.0,12.5,B
2021-06-21T13:31:20,400.0,12.45,S
2021-06-21T13:31:09,9100.0,12.45,S
2021-06-21T13:31:09,5100.0,12.45,S
2021-06-21T13:31:09,500.0,12.45,S
2021-06-21T13:31:09,700.0,12.45,S
2021-06-21T13:31:09,1000.0,12.45,S
2021-06-21T13:31:09,2700.0,12.45,S
2021-06-21T13:31:09,200.0,12.45,S
2021-06-21T13:31:09,1400.0,12.45,S
2021-06-21T13:31:09,3000.0,12.45,S
2021-06-21T13:31:09,5500.0,12.45,S
2021-06-21T13:31:01,1000.0,12.45,S
2021-06-21T13:30:52,2000.0,12.5,B
2021-06-21T13:30:35,500.0,12.45,S
2021-06-21T13:30:34,200.0,12.45,S
2021-06-21T13:30:32,100.0,12.45,S
2021-06-21T13:30:32,300.0,12.45,S
2021-06-21T13:30:29,500.0,12.45,S
2021-06-21T13:30:21,1500.0,12.5,B
2021-06-21T13:30:19,100.0,12.5,B
2021-06-21T13:30:18,200.0,12.45,S
2021-06-21T13:29:35,12700.0,12.5,B
2021-06-21T13:29:33,10000.0,12.45,S
2021-06-21T13:29:26,1600.0,12.5,B
2021-06-21T13:29:22,1000.0,12.45,S
2021-06-21T13:28:59,300.0,12.45,S
2021-06-21T13:28:58,2000.0,12.5,B
2021-06-21T13:28:57,400.0,12.45,S
2021-06-21T13:28:57,7000.0,12.45,S
2021-06-21T13:28:57,4600.0,12.45,S
2021-06-21T13:28:56,2500.0,12.5,B
2021-06-21T13:28:48,2000.0,12.5,B
2021-06-21T13:28:44,3000.0,12.5,B
2021-06-21T13:28:43,6000.0,12.45,S
2021-06-21T13:28:40,10000.0,12.5,B
2021-06-21T13:28:04,700.0,12.5,B
2021-06-21T13:28:02,1000.0,12.5,B
2021-06-21T13:27:47,12300.0,12.5,B
2021-06-21T13:27:45,1000.0,12.5,B
2021-06-21T13:27:32,100.0,12.45,S
2021-06-21T13:27:30,200.0,12.45,S
2021-06-21T13:27:27,5000.0,12.45,S
2021-06-21T13:27:27,200.0,12.5,B
2021-06-21T13:27:26,400.0,12.45,S
2021-06-21T13:27:11,1000.0,12.45,S
2021-06-21T13:26:59,2000.0,12.5,B
2021-06-21T13:26:58,1300.0,12.45,S
2021-06-21T13:26:53,1000.0,12.45,S
2021-06-21T13:26:53,500.0,12.45,S
2021-06-21T13:26:47,1000.0,12.45,S
2021-06-21T13:26:45,7000.0,12.45,S
2021-06-21T13:26:26,100.0,12.45,B
2021-06-21T13:26:18,1000.0,12.5,B
2021-06-21T13:26:11,10000.0,12.45,B
2021-06-21T13:26:03,2700.0,12.45,B
2021-06-21T13:26:03,5600.0,12.45,B
2021-06-21T13:26:03,29000.0,12.45,B
2021-06-21T13:25:59,100.0,12.45,B
2021-06-21T13:25:57,13300.0,12.45,B
2021-06-21T13:25:57,3000.0,12.45,B
2021-06-21T13:25:57,20000.0,12.45,B
2021-06-21T13:25:54,3000.0,12.45,B
2021-06-21T13:25:53,1700.0,12.45,B
2021-06-21T13:25:53,1100.0,12.45,B
2021-06-21T13:25:53,1200.0,12.45,B
2021-06-21T13:25:47,500.0,12.45,B
2021-06-21T13:25:44,800.0,12.45,B
2021-06-21T13:25:44,200.0,12.45,B
2021-06-21T13:25:44,1500.0,12.45,B
2021-06-21T13:25:43,100.0,12.4,S
2021-06-21T13:25:31,1400.0,12.45,B
2021-06-21T13:25:25,1900.0,12.45,B
2021-06-21T13:25:18,500.0,12.45,B
2021-06-21T13:25:14,3800.0,12.45,B
2021-06-21T13:25:10,1400.0,12.45,B
2021-06-21T13:25:07,2200.0,12.45,B
2021-06-21T13:25:07,6600.0,12.45,B
2021-06-21T13:25:06,1200.0,12.45,B
2021-06-21T13:25:05,9800.0,12.45,B
2021-06-21T13:25:05,200.0,12.45,B
2021-06-21T13:25:02,500.0,12.4,S
2021-06-21T13:24:56,1500.0,12.4,S
2021-06-21T13:24:53,10000.0,12.45,B
2021-06-21T13:24:51,600.0,12.45,B
2021-06-21T13:24:46,100.0,12.45,B
2021-06-21T13:24:37,10000.0,12.45,B
2021-06-21T13:24:29,100.0,12.4,S
2021-06-21T13:24:17,600.0,12.45,B
2021-06-21T13:24:17,12500.0,12.45,B
2021-06-21T13:24:12,2000.0,12.45,B
2021-06-21T13:23:58,2500.0,12.45,B
2021-06-21T13:23:51,200.0,12.4,S
2021-06-21T13:23:43,500.0,12.4,S
2021-06-21T13:23:36,100.0,12.4,S
2021-06-21T13:23:23,500.0,12.4,B
2021-06-21T13:23:13,100.0,12.4,B
2021-06-21T13:23:07,20000.0,12.4,B
2021-06-21T13:22:59,1000.0,12.4,B
2021-06-21T13:22:52,100.0,12.4,B
2021-06-21T13:22:51,3000.0,12.45,B
2021-06-21T13:22:46,1000.0,12.4,B
2021-06-21T13:22:31,3200.0,12.4,B
2021-06-21T13:22:18,7200.0,12.4,B
2021-06-21T13:22:15,12800.0,12.4,B
2021-06-21T13:22:04,15700.0,12.4,B
2021-06-21T13:22:02,2000.0,12.4,B
2021-06-21T13:22:00,10000.0,12.4,B
2021-06-21T13:21:58,900.0,12.35,S
2021-06-21T13:21:58,500.0,12.35,S
2021-06-21T13:21:58,1200.0,12.35,S
2021-06-21T13:21:58,500.0,12.4,B
2021-06-21T13:21:51,2400.0,12.4,B
2021-06-21T13:21:51,5200.0,12.4,B
2021-06-21T13:21:51,700.0,12.4,B
2021-06-21T13:21:51,1700.0,12.4,B
2021-06-21T13:21:31,200.0,12.4,B
2021-06-21T13:21:22,1000.0,12.35,S
2021-06-21T13:21:17,500.0,12.35,S
2021-06-21T13:20:55,800.0,12.35,S
2021-06-21T13:20:55,300.0,12.35,S
2021-06-21T13:20:55,100.0,12.35,S
2021-06-21T13:20:55,1000.0,12.35,S
2021-06-21T13:20:55,800.0,12.35,S
2021-06-21T13:20:52,7800.0,12.4,B
2021-06-21T13:20:52,300.0,12.4,B
2021-06-21T13:20:51,1500.0,12.4,B
2021-06-21T13:20:51,1100.0,12.4,B
2021-06-21T13:20:51,1900.0,12.4,B
2021-06-21T13:20:51,100.0,12.4,B
2021-06-21T13:20:34,600.0,12.4,B
2021-06-21T13:20:32,2000.0,12.4,B
2021-06-21T13:20:26,200.0,12.35,S
2021-06-21T13:20:26,500.0,12.35,S
2021-06-21T13:20:26,100.0,12.35,S
2021-06-21T13:20:26,3200.0,12.35,S
2021-06-21T13:20:26,20200.0,12.35,S
2021-06-21T13:20:26,700.0,12.35,S
2021-06-21T13:20:26,600.0,12.35,S
2021-06-21T13:20:26,1500.0,12.35,S
2021-06-21T13:20:26,10200.0,12.35,S
2021-06-21T13:20:26,2900.0,12.35,S
2021-06-21T13:20:26,500.0,12.35,S
2021-06-21T13:20:25,9400.0,12.35,S
2021-06-21T13:20:06,4000.0,12.35,S
2021-06-21T13:19:57,200.0,12.4,B
2021-06-21T13:19:56,1000.0,12.4,B
2021-06-21T13:19:44,500.0,12.4,B
2021-06-21T13:19:30,200.0,12.4,B
2021-06-21T13:19:30,800.0,12.4,B
2021-06-21T13:19:29,2300.0,12.4,B
2021-06-21T13:19:27,3000.0,12.35,S
2021-06-21T13:19:23,800.0,12.35,S
2021-06-21T13:19:04,5800.0,12.4,B
2021-06-21T13:19:04,6800.0,12.4,B
2021-06-21T13:18:58,500.0,12.4,B
2021-06-21T13:18:57,1000.0,12.4,B
2021-06-21T13:18:49,100.0,12.4,B
2021-06-21T13:18:46,2700.0,12.35,S
2021-06-21T13:18:46,4300.0,12.35,S
2021-06-21T13:18:41,1700.0,12.35,S
2021-06-21T13:18:41,3300.0,12.35,S
2021-06-21T13:18:39,2000.0,12.35,S
2021-06-21T13:18:35,500.0,12.35,S
2021-06-21T13:18:34,3900.0,12.4,B
2021-06-21T13:18:33,16100.0,12.4,B
2021-06-21T13:18:29,3000.0,12.4,B
2021-06-21T13:18:22,500.0,12.4,B
2021-06-21T13:17:50,200.0,12.4,B
2021-06-21T13:17:34,200.0,12.4,B
2021-06-21T13:17:15,3200.0,12.4,B
2021-06-21T13:17:15,5000.0,12.4,B
2021-06-21T13:17:14,3000.0,12.4,B
2021-06-21T13:17:14,1800.0,12.4,B
2021-06-21T13:17:03,1500.0,12.4,B
2021-06-21T13:17:03,500.0,12.4,B
2021-06-21T13:17:03,200.0,12.4,B
2021-06-21T13:17:03,3000.0,12.4,B
2021-06-21T13:17:03,6600.0,12.4,B
2021-06-21T13:17:03,5200.0,12.4,B
2021-06-21T13:16:57,500.0,12.4,B
2021-06-21T13:16:57,5600.0,12.4,B
2021-06-21T13:16:57,900.0,12.4,B
2021-06-21T13:16:36,1200.0,12.35,S
2021-06-21T13:16:36,400.0,12.35,S
2021-06-21T13:16:35,500.0,12.35,S
2021-06-21T13:16:29,2000.0,12.35,S
2021-06-21T13:16:29,100.0,12.35,S
2021-06-21T13:16:29,600.0,12.35,S
2021-06-21T13:16:25,10000.0,12.35,S
2021-06-21T13:16:18,5000.0,12.35,S
2021-06-21T13:16:08,200.0,12.35,S
2021-06-21T13:16:08,5000.0,12.35,S
2021-06-21T13:16:03,5000.0,12.35,S
2021-06-21T13:15:59,2300.0,12.4,B
2021-06-21T13:15:50,2000.0,12.35,S
2021-06-21T13:15:50,34000.0,12.35,S
2021-06-21T13:15:45,300.0,12.4,B
2021-06-21T13:15:14,300.0,12.35,S
2021-06-21T13:15:11,900.0,12.4,B
2021-06-21T13:15:05,1000.0,12.4,B
2021-06-21T13:14:58,100.0,12.4,B
2021-06-21T13:14:52,5000.0,12.35,S
2021-06-21T13:14:44,10000.0,12.4,B
2021-06-21T13:14:34,3200.0,12.35,S
2021-06-21T13:14:32,10000.0,12.4,B
2021-06-21T13:14:28,10000.0,12.35,S
2021-06-21T13:14:28,2000.0,12.4,B
2021-06-21T13:14:20,3500.0,12.35,S
2021-06-21T13:14:16,10000.0,12.4,B
2021-06-21T13:14:02,7900.0,12.4,B
2021-06-21T13:14:01,100.0,12.4,B
2021-06-21T13:13:58,100.0,12.35,S
2021-06-21T13:13:56,2000.0,12.4,B
2021-06-21T13:13:50,200.0,12.35,S
2021-06-21T13:13:46,1500.0,12.35,S
2021-06-21T13:13:45,100.0,12.35,S
2021-06-21T13:13:43,5000.0,12.4,B
2021-06-21T13:13:41,300.0,12.4,B
2021-06-21T13:13:41,5000.0,12.35,S
2021-06-21T13:13:28,200.0,12.4,B
2021-06-21T13:13:15,100.0,12.4,B
2021-06-21T13:13:12,600.0,12.35,S
2021-06-21T13:13:11,1200.0,12.4,B
2021-06-21T13:13:05,100.0,12.4,B
2021-06-21T13:12:55,10900.0,12.4,B
2021-06-21T13:12:55,2000.0,12.4,B
2021-06-21T13:12:55,100.0,12.4,B
2021-06-21T13:12:52,100.0,12.4,B
2021-06-21T13:12:47,100.0,12.4,S
2021-06-21T13:12:31,300.0,12.4,S
2021-06-21T13:12:24,400.0,12.4,S
2021-06-21T13:12:24,600.0,12.4,S
2021-06-21T13:12:22,2000.0,12.4,S
2021-06-21T13:12:08,1000.0,12.4,S
2021-06-21T13:11:52,800.0,12.4,S
2021-06-21T13:11:15,300.0,12.4,S
2021-06-21T13:10:57,100.0,12.4,S
2021-06-21T13:10:40,200.0,12.4,S
2021-06-21T13:10:18,700.0,12.35,S
2021-06-21T13:10:17,3100.0,12.4,S
2021-06-21T13:10:17,16900.0,12.4,S
2021-06-21T13:10:14,5000.0,12.4,S
2021-06-21T13:10:13,10000.0,12.4,S
2021-06-21T13:10:09,100.0,12.4,S
2021-06-21T13:09:59,1000.0,12.4,S
2021-06-21T13:09:56,1000.0,12.4,S
2021-06-21T13:09:31,100.0,12.4,S
2021-06-21T13:09:10,2000.0,12.4,S
2021-06-21T13:09:09,1100.0,12.4,S
2021-06-21T13:09:09,600.0,12.4,S
2021-06-21T13:09:08,22500.0,12.4,S
2021-06-21T13:09:08,6100.0,12.45,B
2021-06-21T13:09:08,3900.0,12.45,B
2021-06-21T13:08:57,7500.0,12.4,S
2021-06-21T13:08:50,500.0,12.4,S
2021-06-21T13:08:39,1300.0,12.4,S
2021-06-21T13:08:37,200.0,12.4,S
2021-06-21T13:08:34,400.0,12.45,B
2021-06-21T13:08:25,400.0,12.4,S
2021-06-21T13:08:25,500.0,12.4,S
2021-06-21T13:08:25,8100.0,12.4,S
2021-06-21T13:08:25,200.0,12.4,S
2021-06-21T13:08:25,200.0,12.4,S
2021-06-21T13:08:25,50600.0,12.4,S
2021-06-21T13:08:20,7000.0,12.4,S
2021-06-21T13:07:59,600.0,12.4,S
2021-06-21T13:07:45,300.0,12.4,S
2021-06-21T13:07:41,5000.0,12.4,S
2021-06-21T13:07:24,700.0,12.45,B
2021-06-21T13:07:24,9300.0,12.45,B
2021-06-21T13:07:19,100.0,12.4,S
2021-06-21T13:07:19,53600.0,12.4,S
2021-06-21T13:07:19,13200.0,12.4,S
2021-06-21T13:07:19,300.0,12.4,S
2021-06-21T13:07:18,7000.0,12.4,S
2021-06-21T13:07:18,200.0,12.4,S
2021-06-21T13:07:18,4000.0,12.4,S
2021-06-21T13:07:18,600.0,12.4,S
2021-06-21T13:07:18,100.0,12.4,S
2021-06-21T13:07:18,1000.0,12.4,S
2021-06-21T13:07:18,11100.0,12.4,S
2021-06-21T13:07:18,600.0,12.4,S
2021-06-21T13:07:18,1800.0,12.4,S
2021-06-21T13:07:18,1100.0,12.4,S
2021-06-21T13:07:18,3600.0,12.4,S
2021-06-21T13:07:18,1800.0,12.4,S
2021-06-21T13:07:08,1000.0,12.4,S
2021-06-21T13:07:03,4700.0,12.45,B
2021-06-21T13:07:02,1000.0,12.4,S
2021-06-21T13:06:58,400.0,12.4,S
2021-06-21T13:06:58,200.0,12.4,S
2021-06-21T13:06:57,12400.0,12.4,S
2021-06-21T13:06:53,1000.0,12.4,S
2021-06-21T13:06:52,1000.0,12.45,B
2021-06-21T13:06:46,100.0,12.45,B
2021-06-21T13:06:35,20000.0,12.4,S
2021-06-21T13:06:26,500.0,12.45,B
2021-06-21T13:06:20,2500.0,12.45,B
2021-06-21T13:06:18,1300.0,12.45,B
2021-06-21T13:06:15,10700.0,12.45,S
2021-06-21T13:06:10,800.0,12.45,S
2021-06-21T13:06:10,4200.0,12.45,S
2021-06-21T13:05:21,800.0,12.45,S
2021-06-21T13:05:20,2000.0,12.45,S
2021-06-21T13:05:20,4800.0,12.45,S
2021-06-21T13:05:20,1000.0,12.45,S
2021-06-21T13:05:18,1400.0,12.45,S
2021-06-21T13:05:14,10000.0,12.5,B
2021-06-21T13:05:09,10000.0,12.5,B
2021-06-21T13:05:05,10000.0,12.5,B
2021-06-21T13:05:01,10000.0,12.5,B
2021-06-21T13:04:58,15000.0,12.45,S
2021-06-21T13:04:51,10000.0,12.5,B
2021-06-21T13:04:38,300.0,12.45,S
2021-06-21T13:04:24,100.0,12.45,S
2021-06-21T13:03:58,1800.0,12.45,S
2021-06-21T13:03:48,1400.0,12.45,S
2021-06-21T13:03:47,100.0,12.45,S
2021-06-21T13:03:42,800.0,12.45,S
2021-06-21T13:03:41,100.0,12.45,S
2021-06-21T13:03:40,1000.0,12.45,S
2021-06-21T13:03:28,100.0,12.5,B
2021-06-21T13:03:23,300.0,12.45,S
2021-06-21T13:03:21,600.0,12.45,S
2021-06-21T13:03:20,3900.0,12.45,S
2021-06-21T13:03:20,5000.0,12.45,S
2021-06-21T13:03:13,500.0,12.45,S
2021-06-21T13:03:13,2000.0,12.45,S
2021-06-21T13:03:12,1500.0,12.45,S
2021-06-21T13:03:07,3000.0,12.45,S
2021-06-21T13:03:05,600.0,12.5,B
2021-06-21T13:03:05,1300.0,12.5,B
2021-06-21T13:03:04,5900.0,12.5,B
2021-06-21T13:03:04,31500.0,12.5,B
2021-06-21T13:03:04,73100.0,12.5,B
2021-06-21T13:03:04,300.0,12.5,B
2021-06-21T13:03:04,37300.0,12.5,B
2021-06-21T13:03:02,100.0,12.45,S
2021-06-21T13:03:02,10000.0,12.45,S
2021-06-21T13:03:01,100.0,12.45,S
2021-06-21T13:03:00,500.0,12.45,S
2021-06-21T13:02:58,2100.0,12.45,S
2021-06-21T13:02:58,17900.0,12.45,S
2021-06-21T13:02:53,3100.0,12.45,S
2021-06-21T13:02:49,1000.0,12.45,S
2021-06-21T13:02:38,2200.0,12.45,S
2021-06-21T13:02:38,4500.0,12.45,S
2021-06-21T13:02:38,500.0,12.45,S
2021-06-21T13:02:35,1000.0,12.45,S
2021-06-21T13:02:35,3200.0,12.4,S
2021-06-21T13:02:35,1800.0,12.4,S
2021-06-21T13:02:34,500.0,12.45,S
2021-06-21T13:02:33,100.0,12.45,S
2021-06-21T13:02:31,300.0,12.45,S
2021-06-21T13:02:30,600.0,12.45,S
2021-06-21T13:02:27,200.0,12.45,S
2021-06-21T13:02:21,200.0,12.4,S
2021-06-21T13:02:20,100.0,12.45,S
2021-06-21T13:02:20,100.0,12.45,S
2021-06-21T13:02:20,100.0,12.45,S
2021-06-21T13:02:14,10000.0,12.45,S
2021-06-21T13:02:14,400.0,12.45,S
2021-06-21T13:02:11,4400.0,12.45,S
2021-06-21T13:02:09,100.0,12.45,S
2021-06-21T13:02:08,100.0,12.45,S
2021-06-21T13:02:08,4300.0,12.45,S
2021-06-21T13:02:08,400.0,12.45,S
2021-06-21T13:02:08,8300.0,12.45,S
2021-06-21T13:02:07,100.0,12.45,S
2021-06-21T13:01:59,200.0,12.45,S
2021-06-21T13:01:55,500.0,12.45,S
2021-06-21T13:01:52,900.0,12.45,S
2021-06-21T13:01:43,600.0,12.45,S
2021-06-21T13:01:35,200.0,12.4,S
2021-06-21T13:01:31,2500.0,12.45,S
2021-06-21T13:01:31,200.0,12.45,S
2021-06-21T13:01:28,200.0,12.45,S
2021-06-21T13:01:26,400.0,12.45,S
2021-06-21T13:01:26,5300.0,12.45,S
2021-06-21T13:01:24,3000.0,12.45,S
2021-06-21T13:01:23,2000.0,12.45,S
2021-06-21T13:01:19,3200.0,12.45,S
2021-06-21T13:01:14,100.0,12.5,B
2021-06-21T13:01:11,500.0,12.45,B
2021-06-21T13:01:06,600.0,12.45,B
2021-06-21T13:01:05,500.0,12.45,B
2021-06-21T13:01:04,100.0,12.45,B
2021-06-21T13:01:04,5000.0,12.45,B
2021-06-21T13:01:02,100.0,12.45,B
2021-06-21T13:01:01,5000.0,12.45,B
2021-06-21T13:01:01,100.0,12.45,B
2021-06-21T13:00:57,100.0,12.45,B
2021-06-21T13:00:55,1000.0,12.45,B
2021-06-21T13:00:50,200.0,12.45,B
2021-06-21T13:00:49,100.0,12.45,B
2021-06-21T13:00:49,2700.0,12.45,B
2021-06-21T13:00:45,200.0,12.45,B
2021-06-21T13:00:41,700.0,12.45,B
2021-06-21T13:00:37,1000.0,12.45,B
2021-06-21T13:00:32,200.0,12.45,B
2021-06-21T13:00:32,100.0,12.45,B
2021-06-21T13:00:29,1000.0,12.45,B
2021-06-21T13:00:28,400.0,12.45,B
2021-06-21T13:00:23,1000.0,12.45,B
2021-06-21T13:00:23,7000.0,12.45,B
2021-06-21T13:00:23,300.0,12.45,B
2021-06-21T13:00:23,800.0,12.45,B
2021-06-21T13:00:20,2000.0,12.45,B
2021-06-21T13:00:18,100.0,12.45,B
2021-06-21T13:00:16,200.0,12.45,B
2021-06-21T13:00:16,300.0,12.45,B
2021-06-21T13:00:15,1000.0,12.45,B
2021-06-21T13:00:15,1300.0,12.45,B
2021-06-21T13:00:11,1000.0,12.45,B
2021-06-21T13:00:11,100.0,12.45,B
2021-06-21T13:00:09,300.0,12.45,B
2021-06-21T13:00:09,200.0,12.45,B
2021-06-21T13:00:09,100.0,12.45,B
2021-06-21T13:00:09,200.0,12.4,S
2021-06-21T13:00:09,300.0,12.4,S
2021-06-21T13:00:09,100.0,12.45,B
2021-06-21T13:00:09,12000.0,12.45,B
2021-06-21T13:00:09,1000.0,12.4,S
2021-06-21T11:30:11,3500.0,12.4,S
2021-06-21T11:30:10,3300.0,12.45,B
2021-06-21T11:30:10,500.0,12.45,B
2021-06-21T11:30:10,32500.0,12.45,B
2021-06-21T11:30:10,63700.0,12.45,B
2021-06-21T11:30:10,200.0,12.4,S
2021-06-21T11:30:10,2900.0,12.4,S
2021-06-21T11:30:10,100.0,12.4,S
2021-06-21T11:30:10,1700.0,12.4,S
2021-06-21T11:30:10,33100.0,12.4,S
2021-06-21T11:30:10,14100.0,12.4,S
2021-06-21T11:30:10,100.0,12.4,S
2021-06-21T11:30:10,300.0,12.4,S
2021-06-21T11:30:10,3200.0,12.4,S
2021-06-21T11:30:10,1400.0,12.4,S
2021-06-21T11:30:10,6100.0,12.4,S
2021-06-21T11:30:10,12700.0,12.4,S
2021-06-21T11:30:10,1900.0,12.4,S
2021-06-21T11:30:10,1300.0,12.4,S
2021-06-21T11:30:10,20900.0,12.4,S
2021-06-21T11:29:52,1000.0,12.45,B
2021-06-21T11:29:40,10000.0,12.4,S
2021-06-21T11:29:23,5000.0,12.4,S
2021-06-21T11:29:11,300.0,12.45,B
2021-06-21T11:29:01,4000.0,12.4,S
2021-06-21T11:28:55,100.0,12.4,S
2021-06-21T11:28:45,500.0,12.45,B
2021-06-21T11:28:45,500.0,12.45,B
2021-06-21T11:28:45,1000.0,12.4,S
2021-06-21T11:28:44,3000.0,12.45,B
2021-06-21T11:28:38,2000.0,12.4,S
2021-06-21T11:28:29,1000.0,12.45,B
2021-06-21T11:28:28,100.0,12.45,B
2021-06-21T11:28:23,100.0,12.45,B
2021-06-21T11:28:12,100.0,12.4,S
2021-06-21T11:28:12,200.0,12.4,S
2021-06-21T11:28:12,1100.0,12.4,S
2021-06-21T11:28:12,1200.0,12.4,S
2021-06-21T11:28:12,300.0,12.4,S
2021-06-21T11:28:11,2300.0,12.4,S
2021-06-21T11:28:11,1300.0,12.4,S
2021-06-21T11:28:11,14000.0,12.4,S
2021-06-21T11:28:11,33000.0,12.4,S
2021-06-21T11:28:11,6500.0,12.4,S
2021-06-21T11:28:11,3300.0,12.4,S
2021-06-21T11:28:11,2400.0,12.4,S
2021-06-21T11:28:11,7200.0,12.4,S
2021-06-21T11:28:11,7100.0,12.4,S
2021-06-21T11:28:00,1500.0,12.45,S
2021-06-21T11:27:39,2000.0,12.45,S
2021-06-21T11:27:27,300.0,12.4,S
2021-06-21T11:27:17,1000.0,12.45,S
2021-06-21T11:27:11,100.0,12.4,S
2021-06-21T11:27:11,500.0,12.45,S
2021-06-21T11:27:07,100.0,12.45,S
2021-06-21T11:26:58,15200.0,12.45,S
2021-06-21T11:26:58,4200.0,12.45,S
2021-06-21T11:26:52,2000.0,12.45,S
2021-06-21T11:26:47,200.0,12.45,S
2021-06-21T11:26:47,100.0,12.45,S
2021-06-21T11:26:44,300.0,12.45,S
2021-06-21T11:26:35,100.0,12.45,S
2021-06-21T11:26:32,100.0,12.45,S
2021-06-21T11:26:11,5000.0,12.45,S
2021-06-21T11:26:04,1000.0,12.45,S
2021-06-21T11:26:04,3100.0,12.45,S
2021-06-21T11:26:04,900.0,12.45,S
2021-06-21T11:26:01,500.0,12.45,S
2021-06-21T11:26:00,700.0,12.45,S
2021-06-21T11:25:59,2500.0,12.45,S
2021-06-21T11:25:56,300.0,12.45,S
2021-06-21T11:25:51,4000.0,12.45,S
2021-06-21T11:25:31,100.0,12.45,S
2021-06-21T11:25:30,2800.0,12.45,S
2021-06-21T11:25:16,2400.0,12.45,S
2021-06-21T11:25:16,2900.0,12.45,S
2021-06-21T11:25:16,1700.0,12.45,S
2021-06-21T11:25:13,100.0,12.45,S
2021-06-21T11:24:39,100.0,12.45,S
2021-06-21T11:24:36,1000.0,12.45,S
2021-06-21T11:24:19,1000.0,12.45,S
2021-06-21T11:23:47,7600.0,12.5,B
2021-06-21T11:23:18,5000.0,12.45,S
2021-06-21T11:23:02,2000.0,12.45,S
2021-06-21T11:22:51,1200.0,12.5,B
2021-06-21T11:22:36,500.0,12.45,S
2021-06-21T11:22:32,200.0,12.45,S
2021-06-21T11:22:23,300.0,12.45,S
2021-06-21T11:22:09,1000.0,12.45,S
2021-06-21T11:21:54,400.0,12.5,B
2021-06-21T11:21:50,500.0,12.45,S
2021-06-21T11:21:41,100.0,12.45,B
2021-06-21T11:21:39,100.0,12.45,B
2021-06-21T11:21:39,100.0,12.45,B
2021-06-21T11:21:39,2300.0,12.45,B
2021-06-21T11:21:38,3000.0,12.45,B
2021-06-21T11:21:35,900.0,12.45,B
2021-06-21T11:21:29,3000.0,12.45,B
2021-06-21T11:21:25,1900.0,12.45,B
2021-06-21T11:21:25,30000.0,12.45,B
2021-06-21T11:21:25,500.0,12.45,B
2021-06-21T11:21:22,300.0,12.45,B
2021-06-21T11:21:19,100.0,12.45,B
2021-06-21T11:21:13,3000.0,12.45,B
2021-06-21T11:21:10,10000.0,12.45,B
2021-06-21T11:21:09,10000.0,12.45,B
2021-06-21T11:21:07,2000.0,12.45,B
2021-06-21T11:21:05,2000.0,12.4,S
2021-06-21T11:20:47,100.0,12.45,B
2021-06-21T11:20:41,700.0,12.45,B
2021-06-21T11:20:37,200.0,12.45,B
2021-06-21T11:20:32,10000.0,12.45,B
2021-06-21T11:20:26,2000.0,12.45,B
2021-06-21T11:20:25,3000.0,12.4,S
2021-06-21T11:20:22,1000.0,12.45,B
2021-06-21T11:20:16,1000.0,12.45,B
2021-06-21T11:20:12,10000.0,12.45,B
2021-06-21T11:19:51,500.0,12.45,B
2021-06-21T11:19:40,400.0,12.45,B
2021-06-21T11:19:26,3000.0,12.45,B
2021-06-21T11:19:22,3000.0,12.45,S
2021-06-21T11:19:22,100.0,12.45,S
2021-06-21T11:19:22,5600.0,12.45,S
2021-06-21T11:19:16,41300.0,12.45,S
2021-06-21T11:19:16,23000.0,12.45,S
2021-06-21T11:19:16,200.0,12.45,S
2021-06-21T11:19:16,3400.0,12.45,S
2021-06-21T11:19:16,9100.0,12.45,S
2021-06-21T11:19:16,200.0,12.45,S
2021-06-21T11:19:16,1900.0,12.45,S
2021-06-21T11:19:16,11500.0,12.45,S
2021-06-21T11:19:16,1100.0,12.45,S
2021-06-21T11:19:15,200.0,12.45,S
2021-06-21T11:19:15,400.0,12.45,S
2021-06-21T11:19:15,500.0,12.45,S
2021-06-21T11:19:15,1500.0,12.45,S
2021-06-21T11:19:15,4700.0,12.45,S
2021-06-21T11:19:15,500.0,12.45,S
2021-06-21T11:19:15,6600.0,12.45,S
2021-06-21T11:19:15,11000.0,12.45,S
2021-06-21T11:19:15,3400.0,12.45,S
2021-06-21T11:19:15,400.0,12.45,S
2021-06-21T11:19:15,41100.0,12.45,S
2021-06-21T11:19:06,3000.0,12.45,S
2021-06-21T11:18:44,500.0,12.45,S
2021-06-21T11:18:38,200.0,12.5,B
2021-06-21T11:18:28,3000.0,12.45,S
2021-06-21T11:18:21,100.0,12.5,B
2021-06-21T11:18:19,500.0,12.5,B
2021-06-21T11:18:14,60000.0,12.45,S
2021-06-21T11:18:13,100.0,12.5,B
2021-06-21T11:18:11,4000.0,12.5,B
2021-06-21T11:18:11,1000.0,12.5,B
2021-06-21T11:17:42,1000.0,12.5,B
2021-06-21T11:17:40,7100.0,12.5,B
2021-06-21T11:17:40,2900.0,12.5,B
2021-06-21T11:17:36,14800.0,12.5,B
2021-06-21T11:17:36,15200.0,12.5,B
2021-06-21T11:17:36,1000.0,12.5,B
2021-06-21T11:17:28,1700.0,12.45,S
2021-06-21T11:17:14,5000.0,12.5,B
2021-06-21T11:17:12,2000.0,12.45,S
2021-06-21T11:17:04,11000.0,12.5,B
2021-06-21T11:17:04,4100.0,12.5,B
2021-06-21T11:16:58,500.0,12.5,B
2021-06-21T11:16:56,400.0,12.5,B
2021-06-21T11:16:56,4600.0,12.5,B
2021-06-21T11:16:50,3000.0,12.45,S
2021-06-21T11:16:50,1800.0,12.5,B
2021-06-21T11:16:47,10000.0,12.5,B
2021-06-21T11:16:30,1000.0,12.5,B
2021-06-21T11:16:28,4000.0,12.45,S
2021-06-21T11:16:03,30000.0,12.5,B
2021-06-21T11:15:56,1000.0,12.5,B
2021-06-21T11:15:46,5000.0,12.45,S
2021-06-21T11:15:35,100.0,12.5,B
2021-06-21T11:15:33,100.0,12.5,B
2021-06-21T11:15:29,400.0,12.5,B
2021-06-21T11:15:20,800.0,12.5,B
2021-06-21T11:15:13,500.0,12.5,B
2021-06-21T11:14:58,6000.0,12.45,S
2021-06-21T11:14:50,200.0,12.5,B
2021-06-21T11:14:45,3000.0,12.5,B
2021-06-21T11:14:45,1500.0,12.45,S
2021-06-21T11:14:42,2000.0,12.5,B
2021-06-21T11:14:34,10000.0,12.5,B
2021-06-21T11:14:27,500.0,12.5,B
2021-06-21T11:14:21,2300.0,12.5,S
2021-06-21T11:14:21,100.0,12.5,S
2021-06-21T11:14:21,1400.0,12.5,S
2021-06-21T11:14:21,2200.0,12.5,S
2021-06-21T11:14:21,3500.0,12.5,S
2021-06-21T11:14:21,800.0,12.5,S
2021-06-21T11:14:16,100.0,12.5,S
2021-06-21T11:14:16,1900.0,12.5,S
2021-06-21T11:14:16,1400.0,12.5,S
2021-06-21T11:14:16,1000.0,12.5,S
2021-06-21T11:14:15,500.0,12.5,S
2021-06-21T11:14:15,2400.0,12.5,S
2021-06-21T11:14:15,400.0,12.5,S
2021-06-21T11:14:15,100.0,12.5,S
2021-06-21T11:14:15,2100.0,12.5,S
2021-06-21T11:14:15,2400.0,12.5,S
2021-06-21T11:14:15,7800.0,12.5,S
2021-06-21T11:14:15,500.0,12.5,S
2021-06-21T11:14:12,8000.0,12.5,S
2021-06-21T11:14:12,500.0,12.55,B
2021-06-21T11:14:09,2000.0,12.5,S
2021-06-21T11:14:09,6200.0,12.5,S
2021-06-21T11:14:08,2000.0,12.5,S
2021-06-21T11:14:06,2000.0,12.5,S
2021-06-21T11:14:05,100.0,12.5,S
2021-06-21T11:13:59,2000.0,12.5,S
2021-06-21T11:13:51,6400.0,12.5,S
2021-06-21T11:13:51,2300.0,12.5,S
2021-06-21T11:13:51,3200.0,12.5,S
2021-06-21T11:13:51,200.0,12.5,S
2021-06-21T11:13:51,7600.0,12.5,S
2021-06-21T11:13:51,7100.0,12.5,S
2021-06-21T11:13:51,2500.0,12.5,S
2021-06-21T11:13:50,500.0,12.5,S
2021-06-21T11:13:50,500.0,12.5,S
2021-06-21T11:13:50,8700.0,12.5,S
2021-06-21T11:13:50,6300.0,12.5,S
2021-06-21T11:13:50,4000.0,12.5,S
2021-06-21T11:13:50,800.0,12.5,S
2021-06-21T11:13:50,200.0,12.5,S
2021-06-21T11:13:50,2700.0,12.5,S
2021-06-21T11:13:50,100.0,12.5,S
2021-06-21T11:13:50,700.0,12.5,S
2021-06-21T11:13:50,100.0,12.5,S
2021-06-21T11:13:50,1300.0,12.5,S
2021-06-21T11:13:50,1900.0,12.5,S
2021-06-21T11:13:50,3500.0,12.5,S
2021-06-21T11:13:50,2500.0,12.5,S
2021-06-21T11:13:50,700.0,12.5,S
2021-06-21T11:13:50,9000.0,12.5,S
2021-06-21T11:13:50,900.0,12.5,S
2021-06-21T11:13:50,1700.0,12.5,S
2021-06-21T11:13:50,13000.0,12.5,S
2021-06-21T11:13:50,15000.0,12.5,S
2021-06-21T11:13:50,9700.0,12.5,S
2021-06-21T11:13:50,1200.0,12.5,S
2021-06-21T11:13:50,1500.0,12.5,S
2021-06-21T11:13:50,2600.0,12.5,S
2021-06-21T11:13:50,2100.0,12.5,S
2021-06-21T11:13:50,9700.0,12.5,S
2021-06-21T11:13:50,3200.0,12.5,S
2021-06-21T11:13:49,1000.0,12.5,S
2021-06-21T11:13:49,7100.0,12.5,S
2021-06-21T11:13:49,1200.0,12.5,S
2021-06-21T11:13:49,1100.0,12.5,S
2021-06-21T11:13:49,12000.0,12.5,S
2021-06-21T11:13:49,101100.0,12.5,S
2021-06-21T11:13:49,1000.0,12.5,S
2021-06-21T11:13:49,1500.0,12.5,S
2021-06-21T11:13:49,3500.0,12.5,S
2021-06-21T11:13:49,13800.0,12.5,S
2021-06-21T11:13:49,100.0,12.5,S
2021-06-21T11:13:49,6200.0,12.5,S
2021-06-21T11:13:49,1500.0,12.5,S
2021-06-21T11:13:49,14200.0,12.5,S
2021-06-21T11:13:49,21100.0,12.5,S
2021-06-21T11:13:49,2200.0,12.5,S
2021-06-21T11:13:49,5700.0,12.5,S
2021-06-21T11:13:49,7800.0,12.5,S
2021-06-21T11:13:49,114500.0,12.5,S
2021-06-21T11:13:39,100.0,12.5,S
2021-06-21T11:13:39,900.0,12.55,B
2021-06-21T11:13:36,12000.0,12.5,S
2021-06-21T11:13:34,50000.0,12.5,S
2021-06-21T11:13:28,800.0,12.55,B
2021-06-21T11:13:27,500.0,12.5,S
2021-06-21T11:13:20,3000.0,12.5,S
2021-06-21T11:13:19,2000.0,12.55,B
2021-06-21T11:13:17,10000.0,12.5,S
2021-06-21T11:13:14,400.0,12.55,B
2021-06-21T11:13:00,3000.0,12.5,S
2021-06-21T11:12:45,2000.0,12.55,B
2021-06-21T11:12:45,700.0,12.55,B
2021-06-21T11:12:30,200.0,12.55,B
2021-06-21T11:12:29,200.0,12.5,S
2021-06-21T11:12:21,50000.0,12.55,B
2021-06-21T11:12:20,1000.0,12.55,B
2021-06-21T11:12:19,100.0,12.55,B
2021-06-21T11:12:16,200.0,12.55,B
2021-06-21T11:12:11,1000.0,12.5,S
2021-06-21T11:12:05,200.0,12.5,S
2021-06-21T11:12:03,700.0,12.5,S
2021-06-21T11:11:41,1000.0,12.55,S
2021-06-21T11:11:36,7300.0,12.55,S
2021-06-21T11:11:36,1700.0,12.55,S
2021-06-21T11:11:36,12500.0,12.55,S
2021-06-21T11:11:36,1000.0,12.55,S
2021-06-21T11:11:36,10600.0,12.55,S
2021-06-21T11:11:36,10100.0,12.55,S
2021-06-21T11:11:36,3500.0,12.55,S
2021-06-21T11:11:36,9700.0,12.55,S
2021-06-21T11:11:36,500.0,12.55,S
2021-06-21T11:11:36,2600.0,12.55,S
2021-06-21T11:11:36,10500.0,12.55,S
2021-06-21T11:11:36,1200.0,12.55,S
2021-06-21T11:11:36,200.0,12.55,S
2021-06-21T11:11:36,200.0,12.55,S
2021-06-21T11:11:36,3500.0,12.55,S
2021-06-21T11:11:36,11700.0,12.55,S
2021-06-21T11:11:36,10100.0,12.55,S
2021-06-21T11:11:36,500.0,12.55,S
2021-06-21T11:11:35,100.0,12.6,B
2021-06-21T11:11:35,20000.0,12.55,S
2021-06-21T11:11:33,8100.0,12.55,S
2021-06-21T11:11:33,900.0,12.55,S
2021-06-21T11:11:33,1100.0,12.55,S
2021-06-21T11:11:33,500.0,12.55,S
2021-06-21T11:11:33,9400.0,12.55,S
2021-06-21T11:11:31,5100.0,12.55,S
2021-06-21T11:11:31,500.0,12.55,S
2021-06-21T11:11:31,18700.0,12.55,S
2021-06-21T11:11:31,25200.0,12.55,S
2021-06-21T11:11:31,10600.0,12.55,S
2021-06-21T11:11:31,1000.0,12.55,S
2021-06-21T11:11:31,2900.0,12.55,S
2021-06-21T11:11:31,3200.0,12.55,S
2021-06-21T11:11:31,2800.0,12.55,S
2021-06-21T11:11:29,2000.0,12.55,S
2021-06-21T11:11:29,200.0,12.55,S
2021-06-21T11:11:27,500.0,12.55,S
2021-06-21T11:11:22,1000.0,12.55,S
2021-06-21T11:11:20,100.0,12.6,B
2021-06-21T11:11:20,1300.0,12.55,S
2021-06-21T11:11:20,900.0,12.55,S
2021-06-21T11:11:20,200.0,12.55,S
2021-06-21T11:11:19,7600.0,12.55,S
2021-06-21T11:11:11,500.0,12.55,S
2021-06-21T11:11:11,200.0,12.55,S
2021-06-21T11:11:09,3100.0,12.55,S
2021-06-21T11:11:09,7900.0,12.55,S
2021-06-21T11:11:02,500.0,12.55,S
2021-06-21T11:11:01,100.0,12.55,S
2021-06-21T11:11:00,100.0,12.55,S
2021-06-21T11:10:57,5000.0,12.55,S
2021-06-21T11:10:57,1600.0,12.6,B
2021-06-21T11:10:57,1400.0,12.6,B
2021-06-21T11:10:55,14900.0,12.55,S
2021-06-21T11:10:44,6300.0,12.55,S
2021-06-21T11:10:44,43700.0,12.55,S
2021-06-21T11:10:42,10000.0,12.55,S
2021-06-21T11:10:34,400.0,12.55,S
2021-06-21T11:10:27,5000.0,12.55,S
2021-06-21T11:10:24,2000.0,12.55,S
2021-06-21T11:10:17,10000.0,12.55,S
2021-06-21T11:10:14,15300.0,12.55,S
2021-06-21T11:10:11,500.0,12.6,B
2021-06-21T11:10:00,200.0,12.6,B
2021-06-21T11:09:58,10000.0,12.55,S
2021-06-21T11:09:52,1000.0,12.6,B
2021-06-21T11:09:45,1000.0,12.6,B
2021-06-21T11:09:45,100.0,12.6,B
2021-06-21T11:09:44,200.0,12.6,B
2021-06-21T11:09:38,2000.0,12.6,B
2021-06-21T11:09:32,200.0,12.6,B
2021-06-21T11:09:25,20000.0,12.6,B
2021-06-21T11:09:04,5000.0,12.55,S
2021-06-21T11:08:49,1500.0,12.6,B
2021-06-21T11:08:47,500.0,12.6,B
2021-06-21T11:08:37,5700.0,12.55,S
2021-06-21T11:08:35,2100.0,12.6,B
2021-06-21T11:08:30,900.0,12.55,S
2021-06-21T11:08:20,1000.0,12.6,B
2021-06-21T11:08:17,100.0,12.55,S
2021-06-21T11:08:17,100.0,12.55,S
2021-06-21T11:08:06,5600.0,12.55,S
2021-06-21T11:08:05,1500.0,12.6,B
2021-06-21T11:08:02,400.0,12.6,B
2021-06-21T11:07:57,2000.0,12.55,S
2021-06-21T11:07:56,500.0,12.55,S
2021-06-21T11:07:55,300.0,12.6,B
2021-06-21T11:07:48,100.0,12.55,S
2021-06-21T11:07:43,10000.0,12.55,S
2021-06-21T11:07:27,200.0,12.55,S
2021-06-21T11:07:26,2000.0,12.55,S
2021-06-21T11:07:20,900.0,12.6,B
2021-06-21T11:07:06,200.0,12.55,S
2021-06-21T11:07:03,4000.0,12.55,S
2021-06-21T11:07:01,1000.0,12.55,S
2021-06-21T11:06:59,200.0,12.55,S
2021-06-21T11:06:55,200.0,12.6,B
2021-06-21T11:06:49,2000.0,12.55,S
2021-06-21T11:06:39,10000.0,12.55,S
2021-06-21T11:06:07,100.0,12.55,S
2021-06-21T11:06:04,20400.0,12.55,S
2021-06-21T11:06:04,20600.0,12.55,S
2021-06-21T11:05:56,300.0,12.6,B
2021-06-21T11:05:55,100.0,12.6,B
2021-06-21T11:05:54,1000.0,12.55,S
2021-06-21T11:05:39,1000.0,12.55,S
2021-06-21T11:05:31,1000.0,12.6,B
2021-06-21T11:05:31,1800.0,12.6,B
2021-06-21T11:05:31,500.0,12.6,B
2021-06-21T11:05:31,6700.0,12.6,B
2021-06-21T11:05:12,100.0,12.55,S
2021-06-21T11:05:11,1000.0,12.55,S
2021-06-21T11:05:09,100.0,12.6,B
2021-06-21T11:04:52,200.0,12.6,B
2021-06-21T11:04:51,400.0,12.6,B
2021-06-21T11:04:45,900.0,12.55,S
2021-06-21T11:04:43,100.0,12.6,B
2021-06-21T11:04:40,100.0,12.6,B
2021-06-21T11:04:34,200.0,12.6,B
2021-06-21T11:04:28,300.0,12.6,B
2021-06-21T11:04:27,100.0,12.6,B
2021-06-21T11:04:26,1000.0,12.6,B
2021-06-21T11:04:24,300.0,12.6,B
2021-06-21T11:04:19,100.0,12.6,B
2021-06-21T11:04:18,300.0,12.6,B
2021-06-21T11:03:53,200.0,12.6,B
2021-06-21T11:03:40,2000.0,12.55,S
2021-06-21T11:03:27,3000.0,12.6,B
2021-06-21T11:03:25,200.0,12.6,B
2021-06-21T11:03:19,4000.0,12.6,B
2021-06-21T11:03:03,200.0,12.6,B
2021-06-21T11:03:01,1000.0,12.6,B
2021-06-21T11:02:59,800.0,12.6,B
2021-06-21T11:02:57,100.0,12.55,S
2021-06-21T11:02:55,500.0,12.6,B
2021-06-21T11:02:55,5000.0,12.6,B
2021-06-21T11:02:50,1400.0,12.6,B
2021-06-21T11:02:49,3600.0,12.6,B
2021-06-21T11:02:36,100.0,12.6,B
2021-06-21T11:02:33,300.0,12.6,B
2021-06-21T11:02:28,3000.0,12.6,B
2021-06-21T11:02:27,100.0,12.6,B
2021-06-21T11:02:23,100.0,12.6,B
2021-06-21T11:02:22,2200.0,12.6,B
2021-06-21T11:02:21,200.0,12.6,B
2021-06-21T11:02:20,1000.0,12.55,S
2021-06-21T11:02:13,700.0,12.6,B
2021-06-21T11:02:05,7000.0,12.6,B
2021-06-21T11:02:03,500.0,12.6,B
2021-06-21T11:01:57,1600.0,12.6,B
2021-06-21T11:01:55,1000.0,12.6,B
2021-06-21T11:01:54,6700.0,12.6,B
2021-06-21T11:01:52,1000.0,12.6,B
2021-06-21T11:01:52,100.0,12.55,S
2021-06-21T11:01:52,5000.0,12.6,B
2021-06-21T11:01:51,100.0,12.6,B
2021-06-21T11:01:51,500.0,12.6,B
2021-06-21T11:01:51,3000.0,12.6,B
2021-06-21T11:01:50,3000.0,12.6,B
2021-06-21T11:01:50,200.0,12.6,B
2021-06-21T11:01:47,500.0,12.6,B
2021-06-21T11:01:47,2300.0,12.55,S
2021-06-21T11:01:45,2000.0,12.6,B
2021-06-21T11:01:38,300.0,12.6,B
2021-06-21T11:01:37,1000.0,12.6,B
2021-06-21T11:01:35,2000.0,12.55,S
2021-06-21T11:01:34,500.0,12.55,S
2021-06-21T11:01:32,100.0,12.6,B
2021-06-21T11:01:31,400.0,12.6,B
2021-06-21T11:01:30,7300.0,12.6,B
2021-06-21T11:01:22,2000.0,12.6,B
2021-06-21T11:01:22,3000.0,12.6,B
2021-06-21T11:01:20,2000.0,12.6,B
2021-06-21T11:01:15,10000.0,12.6,B
2021-06-21T11:01:13,300.0,12.6,B
2021-06-21T11:01:10,20000.0,12.6,B
2021-06-21T11:01:10,400.0,12.6,B
2021-06-21T11:01:07,5000.0,12.6,B
2021-06-21T11:00:57,2500.0,12.6,B
2021-06-21T11:00:52,10000.0,12.6,B
2021-06-21T11:00:50,6400.0,12.6,B
2021-06-21T11:00:48,100.0,12.6,B
2021-06-21T11:00:41,200.0,12.6,B
2021-06-21T11:00:38,3400.0,12.6,B
2021-06-21T11:00:38,4800.0,12.6,B
2021-06-21T11:00:38,2900.0,12.6,B
2021-06-21T11:00:38,16900.0,12.6,B
2021-06-21T11:00:37,2000.0,12.6,B
2021-06-21T11:00:33,500.0,12.6,B
2021-06-21T11:00:19,10000.0,12.6,B
2021-06-21T11:00:14,5000.0,12.6,B
2021-06-21T11:00:10,3000.0,12.6,B
2021-06-21T11:00:10,500.0,12.6,B
2021-06-21T11:00:07,4800.0,12.6,B
2021-06-21T11:00:07,500.0,12.6,B
2021-06-21T11:00:03,900.0,12.6,B
2021-06-21T10:59:53,300.0,12.6,B
2021-06-21T10:59:52,5000.0,12.6,B
2021-06-21T10:59:52,100.0,12.6,B
2021-06-21T10:59:50,1000.0,12.6,B
2021-06-21T10:59:48,1200.0,12.6,B
2021-06-21T10:59:44,300.0,12.6,B
2021-06-21T10:59:42,400.0,12.6,B
2021-06-21T10:59:37,5000.0,12.6,B
2021-06-21T10:59:36,300.0,12.6,B
2021-06-21T10:59:34,5000.0,12.6,B
2021-06-21T10:59:30,100.0,12.55,S
2021-06-21T10:59:28,500.0,12.6,B
2021-06-21T10:59:26,100.0,12.6,B
2021-06-21T10:59:18,5500.0,12.6,B
2021-06-21T10:59:18,500.0,12.6,B
2021-06-21T10:59:15,14700.0,12.6,B
2021-06-21T10:59:12,200.0,12.55,S
2021-06-21T10:59:07,16400.0,12.6,B
2021-06-21T10:59:06,6000.0,12.6,B
2021-06-21T10:59:05,1000.0,12.6,B
2021-06-21T10:59:02,500.0,12.6,B
2021-06-21T10:59:02,12900.0,12.6,B
2021-06-21T10:59:02,11100.0,12.6,B
2021-06-21T10:59:02,600.0,12.6,B
2021-06-21T10:59:02,7500.0,12.6,B
2021-06-21T10:59:02,2800.0,12.6,B
2021-06-21T10:59:02,16200.0,12.6,B
2021-06-21T10:58:56,100.0,12.6,B
2021-06-21T10:58:52,1200.0,12.6,B
2021-06-21T10:58:46,2000.0,12.6,B
2021-06-21T10:58:43,500.0,12.6,B
2021-06-21T10:58:42,200.0,12.6,B
2021-06-21T10:58:38,1000.0,12.6,B
2021-06-21T10:58:38,20000.0,12.6,B
2021-06-21T10:58:38,10000.0,12.6,B
2021-06-21T10:58:37,100.0,12.6,B
2021-06-21T10:58:34,10000.0,12.6,B
2021-06-21T10:58:32,600.0,12.6,B
2021-06-21T10:58:32,1800.0,12.6,B
2021-06-21T10:58:30,2000.0,12.6,B
2021-06-21T10:58:28,5000.0,12.6,B
2021-06-21T10:58:23,1000.0,12.6,B
2021-06-21T10:58:20,1500.0,12.6,B
2021-06-21T10:58:19,1000.0,12.6,B
2021-06-21T10:58:19,300.0,12.6,B
2021-06-21T10:58:18,4000.0,12.6,B
2021-06-21T10:58:07,3000.0,12.6,B
2021-06-21T10:57:59,1100.0,12.6,B
2021-06-21T10:57:58,2000.0,12.6,B
2021-06-21T10:57:56,20000.0,12.6,B
2021-06-21T10:57:53,300.0,12.6,B
2021-06-21T10:57:44,1000.0,12.6,B
2021-06-21T10:57:41,11300.0,12.6,S
2021-06-21T10:57:40,500.0,12.6,S
2021-06-21T10:57:40,100.0,12.6,S
2021-06-21T10:57:38,2500.0,12.6,S
2021-06-21T10:57:38,5000.0,12.6,S
2021-06-21T10:57:36,300.0,12.6,S
2021-06-21T10:57:35,700.0,12.6,S
2021-06-21T10:57:31,500.0,12.6,S
2021-06-21T10:57:29,200.0,12.6,S
2021-06-21T10:57:27,2000.0,12.6,S
2021-06-21T10:57:22,1000.0,12.6,B
2021-06-21T10:57:21,100.0,12.6,B
2021-06-21T10:57:20,100.0,12.6,B
2021-06-21T10:57:18,7300.0,12.6,B
2021-06-21T10:57:16,7500.0,12.6,B
2021-06-21T10:57:14,800.0,12.6,B
2021-06-21T10:57:12,20000.0,12.6,B
2021-06-21T10:57:12,300.0,12.6,B
2021-06-21T10:57:07,500.0,12.6,B
2021-06-21T10:57:07,200.0,12.6,B
2021-06-21T10:57:07,1900.0,12.6,B
2021-06-21T10:57:07,2000.0,12.6,B
2021-06-21T10:57:03,8000.0,12.55,S
2021-06-21T10:57:00,500.0,12.6,S
2021-06-21T10:56:54,26000.0,12.6,S
2021-06-21T10:56:54,1800.0,12.6,S
2021-06-21T10:56:54,10000.0,12.6,S
2021-06-21T10:56:54,1500.0,12.6,S
2021-06-21T10:56:52,1000.0,12.6,S
2021-06-21T10:56:48,2000.0,12.65,B
2021-06-21T10:56:48,800.0,12.6,S
2021-06-21T10:56:44,200.0,12.6,S
2021-06-21T10:56:44,100.0,12.6,S
2021-06-21T10:56:44,20000.0,12.6,S
2021-06-21T10:56:39,100.0,12.6,S
2021-06-21T10:56:36,1000.0,12.6,S
2021-06-21T10:56:36,3000.0,12.6,S
2021-06-21T10:56:36,1000.0,12.6,S
2021-06-21T10:56:36,1000.0,12.6,S
2021-06-21T10:56:29,200.0,12.6,S
2021-06-21T10:56:29,1800.0,12.6,S
2021-06-21T10:56:29,500.0,12.6,S
2021-06-21T10:56:27,200.0,12.6,S
2021-06-21T10:56:24,100.0,12.6,S
2021-06-21T10:56:20,1000.0,12.6,S
2021-06-21T10:56:17,2000.0,12.6,B
2021-06-21T10:56:16,3500.0,12.6,B
2021-06-21T10:56:16,10400.0,12.6,B
2021-06-21T10:56:16,4900.0,12.6,B
2021-06-21T10:56:16,2900.0,12.6,B
2021-06-21T10:56:15,3700.0,12.6,B
2021-06-21T10:56:15,5500.0,12.6,B
2021-06-21T10:56:13,3700.0,12.6,B
2021-06-21T10:56:13,6700.0,12.6,B
2021-06-21T10:56:12,200.0,12.6,B
2021-06-21T10:56:12,200.0,12.6,B
2021-06-21T10:56:12,2500.0,12.6,B
2021-06-21T10:56:12,4000.0,12.6,B
2021-06-21T10:56:12,12700.0,12.6,B
2021-06-21T10:56:09,5500.0,12.55,S
2021-06-21T10:56:05,500.0,12.6,B
2021-06-21T10:56:01,10000.0,12.6,B
2021-06-21T10:56:00,700.0,12.6,B
2021-06-21T10:55:58,1000.0,12.55,S
2021-06-21T10:55:52,10000.0,12.6,B
2021-06-21T10:55:52,100.0,12.6,B
2021-06-21T10:55:52,600.0,12.6,B
2021-06-21T10:55:50,200.0,12.6,B
2021-06-21T10:55:49,200.0,12.6,B
2021-06-21T10:55:45,200.0,12.6,B
2021-06-21T10:55:44,1000.0,12.6,B
2021-06-21T10:55:40,2400.0,12.6,B
2021-06-21T10:55:40,2000.0,12.6,B
2021-06-21T10:55:40,2000.0,12.6,B
2021-06-21T10:55:40,100.0,12.6,B
2021-06-21T10:55:40,2900.0,12.6,B
2021-06-21T10:55:39,7900.0,12.6,B
2021-06-21T10:55:39,12100.0,12.6,B
2021-06-21T10:55:39,6600.0,12.6,B
2021-06-21T10:55:38,200.0,12.6,B
2021-06-21T10:55:38,1000.0,12.6,B
2021-06-21T10:55:38,4500.0,12.6,B
2021-06-21T10:55:38,100.0,12.6,B
2021-06-21T10:55:38,100.0,12.6,B
2021-06-21T10:55:38,200.0,12.6,B
2021-06-21T10:55:38,3200.0,12.6,B
2021-06-21T10:55:38,6900.0,12.6,B
2021-06-21T10:55:38,1200.0,12.6,B
2021-06-21T10:55:28,300.0,12.6,B
2021-06-21T10:55:24,10000.0,12.6,B
2021-06-21T10:55:22,3000.0,12.6,B
2021-06-21T10:55:11,100.0,12.6,B
2021-06-21T10:55:08,1400.0,12.6,B
2021-06-21T10:55:08,5000.0,12.6,B
2021-06-21T10:55:08,7800.0,12.6,B
2021-06-21T10:55:08,7100.0,12.6,B
2021-06-21T10:55:08,11500.0,12.6,B
2021-06-21T10:55:08,11000.0,12.6,B
2021-06-21T10:55:08,3000.0,12.6,B
2021-06-21T10:55:08,2200.0,12.6,B
2021-06-21T10:55:08,10800.0,12.6,B
2021-06-21T10:55:08,300.0,12.6,B
2021-06-21T10:55:08,2000.0,12.6,B
2021-06-21T10:55:08,800.0,12.6,B
2021-06-21T10:55:08,500.0,12.6,B
2021-06-21T10:55:08,3000.0,12.6,B
2021-06-21T10:55:08,2700.0,12.6,B
2021-06-21T10:55:08,4500.0,12.6,B
2021-06-21T10:55:07,400.0,12.6,B
2021-06-21T10:55:05,100.0,12.6,B
2021-06-21T10:55:01,1000.0,12.6,B
2021-06-21T10:54:59,1000.0,12.6,B
2021-06-21T10:54:59,100.0,12.6,B
2021-06-21T10:54:44,1000.0,12.6,B
2021-06-21T10:54:42,100.0,12.55,S
2021-06-21T10:54:38,1000.0,12.6,B
2021-06-21T10:54:38,5000.0,12.6,B
2021-06-21T10:54:35,500.0,12.55,S
2021-06-21T10:54:34,800.0,12.6,B
2021-06-21T10:54:34,2000.0,12.6,B
2021-06-21T10:54:34,3700.0,12.6,B
2021-06-21T10:54:32,5000.0,12.6,B
2021-06-21T10:54:29,200.0,12.6,B
2021-06-21T10:54:27,500.0,12.6,B
2021-06-21T10:54:25,100.0,12.6,B
2021-06-21T10:54:15,500.0,12.6,B
2021-06-21T10:54:12,5000.0,12.6,B
2021-06-21T10:54:12,100.0,12.6,B
2021-06-21T10:54:10,200.0,12.6,B
2021-06-21T10:54:04,200.0,12.6,B
2021-06-21T10:54:04,1000.0,12.6,B
2021-06-21T10:53:55,700.0,12.6,B
2021-06-21T10:53:55,2700.0,12.6,B
2021-06-21T10:53:55,1600.0,12.6,B
2021-06-21T10:53:49,1000.0,12.6,B
2021-06-21T10:53:47,200.0,12.6,B
2021-06-21T10:53:44,1000.0,12.6,B
2021-06-21T10:53:35,1000.0,12.6,B
2021-06-21T10:53:35,1900.0,12.6,B
2021-06-21T10:53:35,2000.0,12.6,B
2021-06-21T10:53:35,600.0,12.6,B
2021-06-21T10:53:35,4000.0,12.6,B
2021-06-21T10:53:35,200.0,12.6,B
2021-06-21T10:53:35,600.0,12.6,B
2021-06-21T10:53:35,2100.0,12.6,B
2021-06-21T10:53:35,37600.0,12.6,B
2021-06-21T10:53:31,2600.0,12.6,B
2021-06-21T10:53:31,400.0,12.6,B
2021-06-21T10:53:31,6600.0,12.6,B
2021-06-21T10:53:31,100.0,12.6,B
2021-06-21T10:53:31,1500.0,12.6,B
2021-06-21T10:53:31,1800.0,12.6,B
2021-06-21T10:53:30,200.0,12.6,B
2021-06-21T10:53:25,1000.0,12.6,B
2021-06-21T10:53:24,2000.0,12.6,B
2021-06-21T10:53:23,1000.0,12.6,B
2021-06-21T10:53:23,100.0,12.6,B
2021-06-21T10:53:14,200.0,12.6,B
2021-06-21T10:53:09,600.0,12.6,B
2021-06-21T10:53:07,6000.0,12.6,B
2021-06-21T10:53:03,100.0,12.6,B
2021-06-21T10:53:00,5000.0,12.6,B
2021-06-21T10:53:00,1000.0,12.6,B
2021-06-21T10:52:51,1500.0,12.6,B
2021-06-21T10:52:43,400.0,12.6,B
2021-06-21T10:52:43,1000.0,12.55,S
2021-06-21T10:52:41,1000.0,12.6,B
2021-06-21T10:52:28,100.0,12.55,S
2021-06-21T10:52:27,100.0,12.55,S
2021-06-21T10:52:24,2000.0,12.55,S
2021-06-21T10:52:21,100.0,12.55,S
2021-06-21T10:52:18,1300.0,12.6,B
2021-06-21T10:52:18,5400.0,12.6,B
2021-06-21T10:52:18,1100.0,12.6,B
2021-06-21T10:52:18,6200.0,12.6,B
2021-06-21T10:52:18,2000.0,12.6,B
2021-06-21T10:52:18,23900.0,12.6,B
2021-06-21T10:52:18,1000.0,12.6,B
2021-06-21T10:52:18,9100.0,12.6,B
2021-06-21T10:52:18,1400.0,12.6,B
2021-06-21T10:52:18,800.0,12.6,B
2021-06-21T10:52:18,100.0,12.6,B
2021-06-21T10:52:18,2700.0,12.6,B
2021-06-21T10:52:15,8200.0,12.55,S
2021-06-21T10:52:15,7100.0,12.55,S
2021-06-21T10:52:05,1000.0,12.55,S
2021-06-21T10:51:54,500.0,12.55,S
2021-06-21T10:51:53,20000.0,12.55,S
2021-06-21T10:51:51,1500.0,12.6,B
2021-06-21T10:51:51,4500.0,12.6,B
2021-06-21T10:51:40,200.0,12.6,B
2021-06-21T10:51:39,10900.0,12.55,S
2021-06-21T10:51:39,1200.0,12.6,B
2021-06-21T10:51:39,18800.0,12.6,B
2021-06-21T10:51:38,20000.0,12.6,B
2021-06-21T10:51:37,100.0,12.55,S
2021-06-21T10:51:35,100.0,12.6,B
2021-06-21T10:51:35,2000.0,12.6,B
2021-06-21T10:51:31,100.0,12.55,S
2021-06-21T10:51:29,200.0,12.6,B
2021-06-21T10:51:26,500.0,12.6,B
2021-06-21T10:51:24,100.0,12.6,B
2021-06-21T10:51:23,3000.0,12.6,B
2021-06-21T10:51:15,2000.0,12.6,B
2021-06-21T10:51:15,4000.0,12.6,B
2021-06-21T10:51:13,100.0,12.6,B
2021-06-21T10:51:12,200.0,12.6,B
2021-06-21T10:51:12,1000.0,12.6,B
2021-06-21T10:51:12,28800.0,12.6,B
2021-06-21T10:51:09,2200.0,12.6,B
2021-06-21T10:51:09,2600.0,12.6,B
2021-06-21T10:51:09,200.0,12.6,B
2021-06-21T10:51:02,300.0,12.6,B
2021-06-21T10:51:02,100.0,12.55,S
2021-06-21T10:50:50,500.0,12.6,B
2021-06-21T10:50:50,3600.0,12.6,B
2021-06-21T10:50:50,200.0,12.6,B
2021-06-21T10:50:50,5700.0,12.6,B
2021-06-21T10:50:47,3000.0,12.6,B
2021-06-21T10:50:47,200.0,12.6,B
2021-06-21T10:50:47,1000.0,12.6,B
2021-06-21T10:50:10,100.0,12.6,B
2021-06-21T10:50:09,200.0,12.6,B
2021-06-21T10:50:04,1000.0,12.6,B
2021-06-21T10:50:04,1300.0,12.6,B
2021-06-21T10:50:04,4400.0,12.6,B
2021-06-21T10:50:04,200.0,12.6,B
2021-06-21T10:50:04,3000.0,12.6,B
2021-06-21T10:50:04,600.0,12.6,B
2021-06-21T10:50:04,4000.0,12.6,B
2021-06-21T10:50:04,5800.0,12.6,B
2021-06-21T10:50:04,300.0,12.6,B
2021-06-21T10:50:03,400.0,12.6,B
2021-06-21T10:49:59,200.0,12.55,S
2021-06-21T10:49:59,1500.0,12.6,B
2021-06-21T10:49:55,3200.0,12.6,B
2021-06-21T10:49:55,2800.0,12.6,B
2021-06-21T10:49:55,14000.0,12.6,B
2021-06-21T10:49:48,800.0,12.6,B
2021-06-21T10:49:48,300.0,12.55,S
2021-06-21T10:49:41,500.0,12.55,S
2021-06-21T10:49:37,12000.0,12.6,B
2021-06-21T10:49:32,10000.0,12.6,B
2021-06-21T10:49:30,30000.0,12.6,B
2021-06-21T10:49:26,600.0,12.6,B
2021-06-21T10:49:24,500.0,12.55,S
2021-06-21T10:49:23,12800.0,12.6,B
2021-06-21T10:49:22,100.0,12.6,B
2021-06-21T10:49:12,500.0,12.6,B
2021-06-21T10:49:10,30000.0,12.6,B
2021-06-21T10:49:05,5600.0,12.6,B
2021-06-21T10:49:04,1700.0,12.55,S
2021-06-21T10:49:04,400.0,12.55,S
2021-06-21T10:49:03,3400.0,12.6,B
2021-06-21T10:49:01,6500.0,12.6,B
2021-06-21T10:48:59,500.0,12.55,S
2021-06-21T10:48:58,200.0,12.55,S
2021-06-21T10:48:58,100.0,12.6,B
2021-06-21T10:48:53,800.0,12.6,B
2021-06-21T10:48:52,2000.0,12.6,B
2021-06-21T10:48:52,1000.0,12.6,B
2021-06-21T10:48:52,4600.0,12.6,B
2021-06-21T10:48:52,16400.0,12.6,B
2021-06-21T10:48:52,500.0,12.6,B
2021-06-21T10:48:52,900.0,12.6,B
2021-06-21T10:48:52,10400.0,12.6,B
2021-06-21T10:48:52,100.0,12.6,B
2021-06-21T10:48:52,2600.0,12.6,B
2021-06-21T10:48:52,41500.0,12.6,B
2021-06-21T10:48:42,10000.0,12.6,B
2021-06-21T10:48:40,100.0,12.55,S
2021-06-21T10:48:39,150000.0,12.6,B
2021-06-21T10:48:38,200.0,12.6,B
2021-06-21T10:48:33,5000.0,12.55,S
2021-06-21T10:48:32,600.0,12.55,S
2021-06-21T10:48:26,27000.0,12.6,B
2021-06-21T10:48:21,400.0,12.55,S
2021-06-21T10:48:18,8000.0,12.55,S
2021-06-21T10:48:13,4000.0,12.6,B
2021-06-21T10:48:09,1000.0,12.6,B
2021-06-21T10:48:03,500.0,12.55,S
2021-06-21T10:48:01,400.0,12.55,S
2021-06-21T10:47:59,20000.0,12.55,S
2021-06-21T10:47:34,2000.0,12.55,S
2021-06-21T10:47:34,5100.0,12.55,S
2021-06-21T10:47:34,4300.0,12.55,S
2021-06-21T10:47:30,500.0,12.55,S
2021-06-21T10:47:30,200.0,12.55,S
2021-06-21T10:47:26,2000.0,12.6,B
2021-06-21T10:47:17,2000.0,12.6,B
2021-06-21T10:47:09,1000.0,12.55,S
2021-06-21T10:47:03,100.0,12.6,B
2021-06-21T10:47:02,3000.0,12.6,B
2021-06-21T10:46:59,5100.0,12.6,B
2021-06-21T10:46:57,1000.0,12.6,B
2021-06-21T10:46:57,400.0,12.6,B
2021-06-21T10:46:47,800.0,12.55,S
2021-06-21T10:46:42,100.0,12.6,B
2021-06-21T10:46:42,200.0,12.55,S
2021-06-21T10:46:34,200.0,12.55,S
2021-06-21T10:46:33,2000.0,12.6,B
2021-06-21T10:46:24,5000.0,12.55,S
2021-06-21T10:46:22,1000.0,12.55,S
2021-06-21T10:46:19,1000.0,12.6,B
2021-06-21T10:46:19,5300.0,12.55,S
2021-06-21T10:46:11,300.0,12.55,S
2021-06-21T10:46:11,300.0,12.55,S
2021-06-21T10:46:04,12400.0,12.6,B
2021-06-21T10:46:04,3000.0,12.6,B
2021-06-21T10:46:04,8000.0,12.6,B
2021-06-21T10:46:04,1000.0,12.6,B
2021-06-21T10:46:04,25600.0,12.6,B
2021-06-21T10:46:00,100.0,12.55,S
2021-06-21T10:45:53,2000.0,12.55,S
2021-06-21T10:45:53,100.0,12.6,B
2021-06-21T10:45:50,100.0,12.55,S
2021-06-21T10:45:45,100.0,12.55,S
2021-06-21T10:45:43,2000.0,12.55,S
2021-06-21T10:45:42,100.0,12.55,S
2021-06-21T10:45:36,3000.0,12.55,S
2021-06-21T10:45:35,100.0,12.55,S
2021-06-21T10:45:31,100.0,12.55,S
2021-06-21T10:45:30,200.0,12.55,S
2021-06-21T10:45:24,1000.0,12.6,B
2021-06-21T10:45:20,300.0,12.55,S
2021-06-21T10:45:15,1000.0,12.55,S
2021-06-21T10:45:13,100.0,12.55,S
2021-06-21T10:45:12,300.0,12.55,S
2021-06-21T10:45:10,500.0,12.55,S
2021-06-21T10:45:06,200.0,12.6,B
2021-06-21T10:44:59,20000.0,12.55,S
2021-06-21T10:44:56,9000.0,12.55,S
2021-06-21T10:44:55,100.0,12.55,S
2021-06-21T10:44:55,500.0,12.55,S
2021-06-21T10:44:53,1000.0,12.55,S
2021-06-21T10:44:49,100.0,12.55,S
2021-06-21T10:44:44,8700.0,12.55,B
2021-06-21T10:44:44,300.0,12.55,B
2021-06-21T10:44:43,500.0,12.55,B
2021-06-21T10:44:43,1800.0,12.55,B
2021-06-21T10:44:43,1700.0,12.55,B
2021-06-21T10:44:42,500.0,12.55,B
2021-06-21T10:44:39,100.0,12.55,B
2021-06-21T10:44:36,900.0,12.55,B
2021-06-21T10:44:36,200.0,12.6,B
2021-06-21T10:44:33,16000.0,12.6,B
2021-06-21T10:44:33,2000.0,12.6,B
2021-06-21T10:44:33,2200.0,12.6,B
2021-06-21T10:44:33,3000.0,12.6,B
2021-06-21T10:44:33,1800.0,12.55,B
2021-06-21T10:44:32,2500.0,12.55,B
2021-06-21T10:44:32,200.0,12.55,B
2021-06-21T10:44:27,10000.0,12.55,B
2021-06-21T10:44:27,2000.0,12.55,B
2021-06-21T10:44:27,2000.0,12.55,B
2021-06-21T10:44:26,6000.0,12.55,B
2021-06-21T10:44:22,200.0,12.55,B
2021-06-21T10:44:22,2000.0,12.55,B
2021-06-21T10:44:17,200.0,12.55,S
2021-06-21T10:44:12,1800.0,12.55,S
2021-06-21T10:44:11,4800.0,12.55,S
2021-06-21T10:44:11,2000.0,12.55,S
2021-06-21T10:44:09,100.0,12.6,B
2021-06-21T10:44:06,5000.0,12.55,S
2021-06-21T10:44:06,500.0,12.6,B
2021-06-21T10:44:02,100.0,12.55,S
2021-06-21T10:44:02,600.0,12.55,S
2021-06-21T10:43:57,400.0,12.55,S
2021-06-21T10:43:57,10000.0,12.55,S
2021-06-21T10:43:56,100.0,12.55,S
2021-06-21T10:43:53,1000.0,12.55,S
2021-06-21T10:43:53,14000.0,12.55,S
2021-06-21T10:43:51,100.0,12.55,S
2021-06-21T10:43:50,100.0,12.55,S
2021-06-21T10:43:50,1000.0,12.55,S
2021-06-21T10:43:48,100.0,12.55,S
2021-06-21T10:43:47,100.0,12.55,S
2021-06-21T10:43:45,500.0,12.55,S
2021-06-21T10:43:45,1000.0,12.55,S
2021-06-21T10:43:45,2600.0,12.55,S
2021-06-21T10:43:44,100.0,12.55,S
2021-06-21T10:43:44,5900.0,12.55,S
2021-06-21T10:43:42,4700.0,12.55,S
2021-06-21T10:43:42,500.0,12.55,S
2021-06-21T10:43:39,600.0,12.55,S
2021-06-21T10:43:38,5500.0,12.55,S
2021-06-21T10:43:38,4500.0,12.55,S
2021-06-21T10:43:32,100.0,12.55,S
2021-06-21T10:43:30,5000.0,12.55,S
2021-06-21T10:43:27,2900.0,12.55,S
2021-06-21T10:43:27,500.0,12.55,S
2021-06-21T10:43:27,22700.0,12.55,S
2021-06-21T10:43:20,10000.0,12.55,S
2021-06-21T10:43:19,800.0,12.55,S
2021-06-21T10:43:19,29200.0,12.55,S
2021-06-21T10:43:09,3400.0,12.55,S
2021-06-21T10:43:05,100.0,12.55,S
2021-06-21T10:42:53,500.0,12.55,S
2021-06-21T10:42:51,200.0,12.55,S
2021-06-21T10:42:49,100.0,12.55,S
2021-06-21T10:42:48,100.0,12.55,S
2021-06-21T10:42:47,100.0,12.6,B
2021-06-21T10:42:45,100.0,12.55,S
2021-06-21T10:42:43,500.0,12.55,S
2021-06-21T10:42:42,3000.0,12.55,S
2021-06-21T10:42:38,3000.0,12.55,S
2021-06-21T10:42:36,1000.0,12.55,S
2021-06-21T10:42:36,4500.0,12.55,S
2021-06-21T10:42:36,3000.0,12.55,S
2021-06-21T10:42:36,2300.0,12.55,S
2021-06-21T10:42:34,500.0,12.55,S
2021-06-21T10:42:34,100.0,12.55,S
2021-06-21T10:42:27,1000.0,12.55,S
2021-06-21T10:42:25,2000.0,12.55,S
2021-06-21T10:42:23,6000.0,12.55,S
2021-06-21T10:42:23,400.0,12.6,B
2021-06-21T10:42:18,2600.0,12.55,S
2021-06-21T10:42:18,1000.0,12.55,S
2021-06-21T10:42:10,500.0,12.6,B
2021-06-21T10:42:08,3900.0,12.55,S
2021-06-21T10:42:08,6000.0,12.55,S
2021-06-21T10:42:06,100.0,12.6,B
2021-06-21T10:42:04,300.0,12.55,S
2021-06-21T10:42:03,16000.0,12.55,S
2021-06-21T10:42:01,12400.0,12.55,S
2021-06-21T10:42:01,4600.0,12.55,S
2021-06-21T10:41:57,1000.0,12.55,S
2021-06-21T10:41:53,31000.0,12.55,S
2021-06-21T10:41:52,100.0,12.55,S
2021-06-21T10:41:51,100.0,12.55,S
2021-06-21T10:41:48,2600.0,12.55,S
2021-06-21T10:41:45,500.0,12.55,S
2021-06-21T10:41:45,100.0,12.55,S
2021-06-21T10:41:45,900.0,12.55,S
2021-06-21T10:41:41,5000.0,12.55,S
2021-06-21T10:41:40,5000.0,12.55,S
2021-06-21T10:41:37,5000.0,12.55,S
2021-06-21T10:41:36,8000.0,12.55,S
2021-06-21T10:41:35,100.0,12.55,S
2021-06-21T10:41:27,10000.0,12.55,S
2021-06-21T10:41:27,5000.0,12.55,S
2021-06-21T10:41:27,500.0,12.55,S
2021-06-21T10:41:27,1500.0,12.55,S
2021-06-21T10:41:25,3000.0,12.55,S
2021-06-21T10:41:25,900.0,12.55,S
2021-06-21T10:41:23,500.0,12.55,S
2021-06-21T10:41:23,400.0,12.55,S
2021-06-21T10:41:23,500.0,12.6,B
2021-06-21T10:41:20,500.0,12.55,S
2021-06-21T10:41:19,200.0,12.55,S
2021-06-21T10:41:17,500.0,12.55,S
2021-06-21T10:41:15,10000.0,12.55,S
2021-06-21T10:41:12,400.0,12.55,S
2021-06-21T10:41:12,300.0,12.55,S
2021-06-21T10:41:11,1500.0,12.55,S
2021-06-21T10:41:09,1000.0,12.55,S
2021-06-21T10:41:09,1000.0,12.55,S
2021-06-21T10:41:07,200.0,12.55,S
2021-06-21T10:41:07,200.0,12.55,S
2021-06-21T10:41:07,5000.0,12.6,B
2021-06-21T10:41:05,6500.0,12.55,S
2021-06-21T10:41:02,3000.0,12.55,S
2021-06-21T10:40:56,5000.0,12.55,S
2021-06-21T10:40:55,4000.0,12.55,S
2021-06-21T10:40:54,10000.0,12.5,S
2021-06-21T10:40:53,300.0,12.55,S
2021-06-21T10:40:52,1700.0,12.55,S
2021-06-21T10:40:52,300.0,12.55,S
2021-06-21T10:40:51,1000.0,12.55,S
2021-06-21T10:40:49,100.0,12.55,S
2021-06-21T10:40:46,500.0,12.55,S
2021-06-21T10:40:44,1000.0,12.55,S
2021-06-21T10:40:43,1700.0,12.55,S
2021-06-21T10:40:42,1000.0,12.55,S
2021-06-21T10:40:40,2800.0,12.55,S
2021-06-21T10:40:39,5100.0,12.55,S
2021-06-21T10:40:38,900.0,12.55,S
2021-06-21T10:40:37,10000.0,12.55,S
2021-06-21T10:40:35,6000.0,12.5,S
2021-06-21T10:40:35,200.0,12.5,S
2021-06-21T10:40:35,13000.0,12.5,S
2021-06-21T10:40:35,600.0,12.5,S
2021-06-21T10:40:35,59200.0,12.5,S
2021-06-21T10:40:31,200.0,12.55,S
2021-06-21T10:40:30,6000.0,12.55,S
2021-06-21T10:40:30,1000.0,12.55,S
2021-06-21T10:40:27,1800.0,12.55,S
2021-06-21T10:40:24,500.0,12.55,S
2021-06-21T10:40:24,10500.0,12.55,S
2021-06-21T10:40:23,300.0,12.55,S
2021-06-21T10:40:22,2100.0,12.55,S
2021-06-21T10:40:22,1000.0,12.55,S
2021-06-21T10:40:22,6900.0,12.55,S
2021-06-21T10:40:21,300.0,12.55,S
2021-06-21T10:40:21,200.0,12.55,S
2021-06-21T10:40:21,700.0,12.55,S
2021-06-21T10:40:21,300.0,12.55,S
2021-06-21T10:40:20,9400.0,12.55,S
2021-06-21T10:40:20,20600.0,12.55,S
2021-06-21T10:40:18,400.0,12.55,S
2021-06-21T10:40:18,400.0,12.6,B
2021-06-21T10:40:18,600.0,12.6,B
2021-06-21T10:40:17,14000.0,12.55,S
2021-06-21T10:40:16,1900.0,12.6,B
2021-06-21T10:40:15,200.0,12.55,S
2021-06-21T10:40:09,200.0,12.55,S
2021-06-21T10:40:07,100.0,12.6,B
2021-06-21T10:40:07,600.0,12.6,B
2021-06-21T10:40:05,2000.0,12.55,S
2021-06-21T10:39:58,500.0,12.55,S
2021-06-21T10:39:58,10000.0,12.55,S
2021-06-21T10:39:53,700.0,12.6,B
2021-06-21T10:39:53,400.0,12.6,B
2021-06-21T10:39:48,100.0,12.55,S
2021-06-21T10:39:41,3600.0,12.6,B
2021-06-21T10:39:41,100.0,12.55,S
2021-06-21T10:39:40,1900.0,12.55,S
2021-06-21T10:39:40,1800.0,12.55,S
2021-06-21T10:39:40,100.0,12.55,S
2021-06-21T10:39:40,6200.0,12.55,S
2021-06-21T10:39:35,400.0,12.6,B
2021-06-21T10:39:33,800.0,12.6,B
2021-06-21T10:39:31,1000.0,12.6,B
2021-06-21T10:39:28,600.0,12.55,S
2021-06-21T10:39:28,1900.0,12.55,S
2021-06-21T10:39:27,5000.0,12.6,B
2021-06-21T10:39:25,1000.0,12.6,B
2021-06-21T10:39:24,2000.0,12.6,B
2021-06-21T10:39:24,4000.0,12.6,B
2021-06-21T10:39:22,1000.0,12.55,S
2021-06-21T10:39:19,400.0,12.6,B
2021-06-21T10:39:17,20000.0,12.6,B
2021-06-21T10:39:16,100.0,12.55,S
2021-06-21T10:39:15,3000.0,12.6,B
2021-06-21T10:39:06,100.0,12.6,B
2021-06-21T10:39:06,1000.0,12.6,B
2021-06-21T10:39:04,2300.0,12.6,B
2021-06-21T10:39:02,100.0,12.55,S
2021-06-21T10:38:59,1000.0,12.6,B
2021-06-21T10:38:59,10000.0,12.6,B
2021-06-21T10:38:57,100.0,12.6,B
2021-06-21T10:38:57,1000.0,12.55,S
2021-06-21T10:38:54,1000.0,12.6,B
2021-06-21T10:38:50,2000.0,12.6,B
2021-06-21T10:38:50,100.0,12.6,B
2021-06-21T10:38:47,13300.0,12.6,B
2021-06-21T10:38:47,300.0,12.6,B
2021-06-21T10:38:47,600.0,12.6,B
2021-06-21T10:38:47,5500.0,12.6,B
2021-06-21T10:38:47,10300.0,12.6,B
2021-06-21T10:38:45,500.0,12.6,B
2021-06-21T10:38:45,2000.0,12.6,B
2021-06-21T10:38:41,3100.0,12.55,S
2021-06-21T10:38:40,500.0,12.6,B
2021-06-21T10:38:38,1500.0,12.6,B
2021-06-21T10:38:35,10500.0,12.6,B
2021-06-21T10:38:32,300.0,12.6,B
2021-06-21T10:38:29,500.0,12.6,B
2021-06-21T10:38:21,3000.0,12.6,S
2021-06-21T10:38:21,9000.0,12.6,S
2021-06-21T10:38:20,1100.0,12.6,S
2021-06-21T10:38:16,1000.0,12.6,S
2021-06-21T10:38:14,2800.0,12.55,S
2021-06-21T10:38:14,7200.0,12.55,S
2021-06-21T10:38:12,2000.0,12.6,S
2021-06-21T10:38:11,2000.0,12.6,S
2021-06-21T10:38:10,7000.0,12.65,B
2021-06-21T10:38:08,100.0,12.6,S
2021-06-21T10:38:07,1000.0,12.6,S
2021-06-21T10:38:07,100.0,12.6,S
2021-06-21T10:38:07,4900.0,12.6,S
2021-06-21T10:38:04,1000.0,12.6,S
2021-06-21T10:38:04,1000.0,12.6,S
2021-06-21T10:38:04,10000.0,12.65,B
2021-06-21T10:38:02,100.0,12.65,B
2021-06-21T10:38:02,5000.0,12.6,S
2021-06-21T10:38:02,700.0,12.65,B
2021-06-21T10:37:59,200.0,12.65,B
2021-06-21T10:37:57,400.0,12.6,S
2021-06-21T10:37:57,1500.0,12.65,B
2021-06-21T10:37:56,600.0,12.65,B
2021-06-21T10:37:55,6600.0,12.6,S
2021-06-21T10:37:55,1200.0,12.6,S
2021-06-21T10:37:55,2200.0,12.6,S
2021-06-21T10:37:54,1000.0,12.65,B
2021-06-21T10:37:53,1000.0,12.65,B
2021-06-21T10:37:53,12700.0,12.65,B
2021-06-21T10:37:53,5300.0,12.65,B
2021-06-21T10:37:53,32000.0,12.65,B
2021-06-21T10:37:47,2000.0,12.65,B
2021-06-21T10:37:47,700.0,12.65,B
2021-06-21T10:37:43,13500.0,12.65,B
2021-06-21T10:37:43,3600.0,12.65,B
2021-06-21T10:37:43,500.0,12.65,B
2021-06-21T10:37:43,18400.0,12.65,B
2021-06-21T10:37:41,1000.0,12.65,B
2021-06-21T10:37:41,5000.0,12.65,B
2021-06-21T10:37:39,100.0,12.65,B
2021-06-21T10:37:35,4000.0,12.65,B
2021-06-21T10:37:35,4000.0,12.65,B
2021-06-21T10:37:33,2300.0,12.65,B
2021-06-21T10:37:32,100.0,12.65,B
2021-06-21T10:37:29,5000.0,12.65,B
2021-06-21T10:37:29,2500.0,12.65,B
2021-06-21T10:37:28,100.0,12.65,B
2021-06-21T10:37:27,9000.0,12.6,S
2021-06-21T10:37:27,20700.0,12.6,S
2021-06-21T10:37:27,100.0,12.6,S
2021-06-21T10:37:27,300.0,12.6,S
2021-06-21T10:37:27,12500.0,12.6,S
2021-06-21T10:37:27,10000.0,12.6,S
2021-06-21T10:37:27,1200.0,12.6,S
2021-06-21T10:37:27,2100.0,12.6,S
2021-06-21T10:37:27,44200.0,12.6,S
2021-06-21T10:37:25,100.0,12.6,S
2021-06-21T10:37:24,500.0,12.65,B
2021-06-21T10:37:24,5000.0,12.65,B
2021-06-21T10:37:24,5500.0,12.65,B
2021-06-21T10:37:19,200.0,12.65,B
2021-06-21T10:37:19,1100.0,12.65,B
2021-06-21T10:37:15,4600.0,12.65,B
2021-06-21T10:37:13,3000.0,12.7,B
2021-06-21T10:37:11,2500.0,12.65,B
2021-06-21T10:37:11,1000.0,12.65,B
2021-06-21T10:37:11,300.0,12.65,B
2021-06-21T10:37:10,10500.0,12.65,B
2021-06-21T10:37:08,1900.0,12.65,B
2021-06-21T10:37:08,300.0,12.7,B
2021-06-21T10:37:08,10000.0,12.65,B
2021-06-21T10:37:08,400.0,12.65,B
2021-06-21T10:37:05,5000.0,12.65,B
2021-06-21T10:37:05,600.0,12.65,B
2021-06-21T10:37:04,1000.0,12.65,B
2021-06-21T10:37:04,5600.0,12.65,B
2021-06-21T10:37:03,1000.0,12.6,S
2021-06-21T10:37:00,2100.0,12.65,B
2021-06-21T10:37:00,100.0,12.65,B
2021-06-21T10:36:56,10000.0,12.6,S
2021-06-21T10:36:54,1800.0,12.65,B
2021-06-21T10:36:52,1000.0,12.65,B
2021-06-21T10:36:52,300.0,12.65,B
2021-06-21T10:36:49,4000.0,12.65,B
2021-06-21T10:36:49,22500.0,12.7,B
2021-06-21T10:36:47,100.0,12.7,B
2021-06-21T10:36:47,6300.0,12.7,B
2021-06-21T10:36:47,100.0,12.7,B
2021-06-21T10:36:47,2100.0,12.7,B
2021-06-21T10:36:47,11500.0,12.65,B
2021-06-21T10:36:45,5000.0,12.65,B
2021-06-21T10:36:45,200.0,12.65,B
2021-06-21T10:36:43,100.0,12.65,B
2021-06-21T10:36:42,300.0,12.65,B
2021-06-21T10:36:39,6900.0,12.65,S
2021-06-21T10:36:36,500.0,12.65,S
2021-06-21T10:36:35,6500.0,12.7,B
2021-06-21T10:36:33,6200.0,12.6,S
2021-06-21T10:36:33,2700.0,12.65,S
2021-06-21T10:36:33,1000.0,12.65,S
2021-06-21T10:36:33,1000.0,12.65,S
2021-06-21T10:36:33,5000.0,12.65,S
2021-06-21T10:36:32,4100.0,12.65,S
2021-06-21T10:36:32,600.0,12.65,S
2021-06-21T10:36:31,200.0,12.7,B
2021-06-21T10:36:29,1000.0,12.65,S
2021-06-21T10:36:29,300.0,12.65,S
2021-06-21T10:36:29,1000.0,12.65,S
2021-06-21T10:36:29,900.0,12.7,B
2021-06-21T10:36:28,100.0,12.65,S
2021-06-21T10:36:27,2000.0,12.7,B
2021-06-21T10:36:27,16500.0,12.7,B
2021-06-21T10:36:27,5000.0,12.65,S
2021-06-21T10:36:25,100.0,12.65,S
2021-06-21T10:36:25,2100.0,12.65,S
2021-06-21T10:36:24,10100.0,12.7,B
2021-06-21T10:36:23,13100.0,12.65,S
2021-06-21T10:36:23,11900.0,12.65,S
2021-06-21T10:36:23,2500.0,12.7,B
2021-06-21T10:36:22,200.0,12.65,S
2021-06-21T10:36:20,5000.0,12.65,S
2021-06-21T10:36:19,300.0,12.65,S
2021-06-21T10:36:19,10400.0,12.7,B
2021-06-21T10:36:19,1500.0,12.7,B
2021-06-21T10:36:18,500.0,12.65,S
2021-06-21T10:36:17,600.0,12.65,S
2021-06-21T10:36:16,4000.0,12.7,B
2021-06-21T10:36:15,400.0,12.7,B
2021-06-21T10:36:15,500.0,12.65,S
2021-06-21T10:36:14,4000.0,12.7,B
2021-06-21T10:36:14,10300.0,12.65,S
2021-06-21T10:36:14,1500.0,12.7,B
2021-06-21T10:36:13,12700.0,12.7,B
2021-06-21T10:36:13,200.0,12.7,B
2021-06-21T10:36:13,1000.0,12.65,S
2021-06-21T10:36:11,600.0,12.7,B
2021-06-21T10:36:09,100.0,12.7,B
2021-06-21T10:36:08,200.0,12.7,B
2021-06-21T10:35:59,1000.0,12.65,S
2021-06-21T10:35:58,300.0,12.65,S
2021-06-21T10:35:55,100.0,12.7,B
2021-06-21T10:35:55,1300.0,12.7,B
2021-06-21T10:35:55,2500.0,12.7,B
2021-06-21T10:35:55,6100.0,12.7,B
2021-06-21T10:35:55,3000.0,12.7,B
2021-06-21T10:35:52,100.0,12.7,B
2021-06-21T10:35:51,14000.0,12.7,B
2021-06-21T10:35:48,21700.0,12.7,B
2021-06-21T10:35:46,100.0,12.7,B
2021-06-21T10:35:44,3600.0,12.65,S
2021-06-21T10:35:44,3500.0,12.65,S
2021-06-21T10:35:44,3900.0,12.65,S
2021-06-21T10:35:44,1300.0,12.65,S
2021-06-21T10:35:44,300.0,12.65,S
2021-06-21T10:35:44,17400.0,12.65,S
2021-06-21T10:35:43,200.0,12.65,S
2021-06-21T10:35:43,100.0,12.65,S
2021-06-21T10:35:42,15000.0,12.7,B
2021-06-21T10:35:42,3800.0,12.7,B
2021-06-21T10:35:40,1000.0,12.65,S
2021-06-21T10:35:39,100.0,12.65,S
2021-06-21T10:35:33,900.0,12.7,B
2021-06-21T10:35:28,15000.0,12.7,B
2021-06-21T10:35:28,20100.0,12.65,S
2021-06-21T10:35:28,100.0,12.65,S
2021-06-21T10:35:27,1700.0,12.7,B
2021-06-21T10:35:27,10000.0,12.7,B
2021-06-21T10:35:27,100.0,12.7,B
2021-06-21T10:35:26,1000.0,12.7,B
2021-06-21T10:35:23,1400.0,12.7,B
2021-06-21T10:35:22,1100.0,12.65,S
2021-06-21T10:35:19,100.0,12.65,S
2021-06-21T10:35:19,100.0,12.65,S
2021-06-21T10:35:17,2000.0,12.7,B
2021-06-21T10:35:13,300.0,12.7,B
2021-06-21T10:35:13,2400.0,12.7,B
2021-06-21T10:35:13,2300.0,12.7,B
2021-06-21T10:35:13,100.0,12.7,B
2021-06-21T10:35:12,2000.0,12.65,S
2021-06-21T10:35:12,10000.0,12.65,S
2021-06-21T10:35:11,300.0,12.65,S
2021-06-21T10:35:10,100.0,12.65,S
2021-06-21T10:35:10,300.0,12.65,S
2021-06-21T10:35:08,1200.0,12.65,S
2021-06-21T10:35:07,1000.0,12.65,S
2021-06-21T10:35:06,400.0,12.7,B
2021-06-21T10:35:04,500.0,12.65,B
2021-06-21T10:34:59,400.0,12.65,B
2021-06-21T10:34:59,1000.0,12.7,B
2021-06-21T10:34:59,1100.0,12.65,B
2021-06-21T10:34:57,2000.0,12.7,B
2021-06-21T10:34:56,500.0,12.65,B
2021-06-21T10:34:51,500.0,12.7,B
2021-06-21T10:34:50,100.0,12.65,B
2021-06-21T10:34:47,1000.0,12.65,B
2021-06-21T10:34:46,1000.0,12.7,B
2021-06-21T10:34:44,500.0,12.65,B
2021-06-21T10:34:42,200.0,12.65,B
2021-06-21T10:34:41,2000.0,12.65,B
2021-06-21T10:34:41,1400.0,12.7,B
2021-06-21T10:34:40,2000.0,12.7,B
2021-06-21T10:34:39,500.0,12.65,B
2021-06-21T10:34:38,5600.0,12.65,B
2021-06-21T10:34:38,100.0,12.7,B
2021-06-21T10:34:37,1500.0,12.65,B
2021-06-21T10:34:35,1800.0,12.7,B
2021-06-21T10:34:35,13200.0,12.7,B
2021-06-21T10:34:32,300.0,12.6,B
2021-06-21T10:34:32,200.0,12.6,B
2021-06-21T10:34:31,11000.0,12.6,B
2021-06-21T10:34:31,10000.0,12.7,B
2021-06-21T10:34:28,100.0,12.6,B
2021-06-21T10:34:26,200.0,12.7,B
2021-06-21T10:34:26,2100.0,12.7,B
2021-06-21T10:34:26,5700.0,12.7,B
2021-06-21T10:34:24,5000.0,12.7,B
2021-06-21T10:34:23,100.0,12.6,B
2021-06-21T10:34:22,1000.0,12.6,B
2021-06-21T10:34:21,200.0,12.6,B
2021-06-21T10:34:19,100.0,12.6,B
2021-06-21T10:34:19,1000.0,12.6,B
2021-06-21T10:34:17,20600.0,12.6,B
2021-06-21T10:34:17,100.0,12.7,B
2021-06-21T10:34:17,900.0,12.7,B
2021-06-21T10:34:17,700.0,12.7,B
2021-06-21T10:34:17,3700.0,12.65,B
2021-06-21T10:34:17,2000.0,12.65,B
2021-06-21T10:34:17,2700.0,12.65,B
2021-06-21T10:34:11,200.0,12.6,B
2021-06-21T10:34:11,1000.0,12.6,B
2021-06-21T10:34:11,1200.0,12.65,B
2021-06-21T10:34:11,1000.0,12.6,B
2021-06-21T10:34:10,4200.0,12.65,B
2021-06-21T10:34:09,200.0,12.65,B
2021-06-21T10:34:09,600.0,12.65,B
2021-06-21T10:34:09,1000.0,12.65,B
2021-06-21T10:34:09,1400.0,12.65,B
2021-06-21T10:34:09,300.0,12.65,B
2021-06-21T10:34:09,10100.0,12.65,B
2021-06-21T10:34:09,7200.0,12.65,B
2021-06-21T10:34:06,100.0,12.6,B
2021-06-21T10:34:06,500.0,12.6,B
2021-06-21T10:34:06,200.0,12.6,B
2021-06-21T10:34:06,5100.0,12.6,B
2021-06-21T10:34:06,20200.0,12.6,B
2021-06-21T10:34:06,3300.0,12.6,B
2021-06-21T10:34:06,800.0,12.6,B
2021-06-21T10:34:06,5500.0,12.6,B
2021-06-21T10:34:06,400.0,12.6,B
2021-06-21T10:34:06,1300.0,12.6,B
2021-06-21T10:34:06,900.0,12.6,B
2021-06-21T10:34:06,1500.0,12.6,B
2021-06-21T10:34:06,58100.0,12.6,B
2021-06-21T10:34:06,1000.0,12.6,B
2021-06-21T10:34:06,700.0,12.6,B
2021-06-21T10:34:06,4200.0,12.6,B
2021-06-21T10:34:06,5500.0,12.6,B
2021-06-21T10:34:06,8400.0,12.6,B
2021-06-21T10:34:06,2500.0,12.6,B
2021-06-21T10:34:06,8300.0,12.6,B
2021-06-21T10:34:06,7300.0,12.6,B
2021-06-21T10:34:06,10200.0,12.6,B
2021-06-21T10:34:06,32900.0,12.6,B
2021-06-21T10:34:06,8200.0,12.6,B
2021-06-21T10:34:06,700.0,12.6,B
2021-06-21T10:34:05,11000.0,12.6,B
2021-06-21T10:34:05,200.0,12.6,B
2021-06-21T10:34:05,11100.0,12.6,B
2021-06-21T10:34:05,14800.0,12.6,B
2021-06-21T10:34:05,7000.0,12.6,B
2021-06-21T10:34:05,8000.0,12.6,B
2021-06-21T10:34:05,200.0,12.6,B
2021-06-21T10:34:05,10300.0,12.6,B
2021-06-21T10:34:05,20000.0,12.6,B
2021-06-21T10:34:05,4900.0,12.6,B
2021-06-21T10:34:05,10800.0,12.6,B
2021-06-21T10:34:05,12300.0,12.6,B
2021-06-21T10:34:05,2100.0,12.6,B
2021-06-21T10:34:05,19500.0,12.6,B
2021-06-21T10:34:05,5000.0,12.6,B
2021-06-21T10:34:05,100.0,12.6,B
2021-06-21T10:34:04,400.0,12.6,B
2021-06-21T10:34:04,27100.0,12.6,B
2021-06-21T10:34:04,44800.0,12.6,B
2021-06-21T10:34:02,800.0,12.55,B
2021-06-21T10:34:02,100.0,12.55,B
2021-06-21T10:34:01,7400.0,12.55,B
2021-06-21T10:34:01,1000.0,12.55,B
2021-06-21T10:34:01,2500.0,12.55,B
2021-06-21T10:33:58,12300.0,12.55,B
2021-06-21T10:33:58,4000.0,12.6,B
2021-06-21T10:33:58,3000.0,12.6,B
2021-06-21T10:33:52,1100.0,12.6,B
2021-06-21T10:33:52,1200.0,12.6,B
2021-06-21T10:33:52,600.0,12.6,B
2021-06-21T10:33:52,7100.0,12.6,B
2021-06-21T10:33:50,13700.0,12.55,B
2021-06-21T10:33:49,3500.0,12.55,B
2021-06-21T10:33:48,300.0,12.5,S
2021-06-21T10:33:48,44300.0,12.55,B
2021-06-21T10:33:47,1000.0,12.55,B
2021-06-21T10:33:47,4300.0,12.6,B
2021-06-21T10:33:47,5400.0,12.6,B
2021-06-21T10:33:47,3300.0,12.6,B
2021-06-21T10:33:46,2000.0,12.55,B
2021-06-21T10:33:45,100.0,12.55,B
2021-06-21T10:33:45,1000.0,12.55,B
2021-06-21T10:33:42,100.0,12.55,B
2021-06-21T10:33:42,800.0,12.6,B
2021-06-21T10:33:42,200.0,12.6,B
2021-06-21T10:33:42,2500.0,12.55,B
2021-06-21T10:33:40,500.0,12.55,B
2021-06-21T10:33:39,2300.0,12.5,S
2021-06-21T10:33:37,4000.0,12.55,B
2021-06-21T10:33:34,15000.0,12.55,B
2021-06-21T10:33:34,200.0,12.5,B
2021-06-21T10:33:31,100.0,12.55,B
2021-06-21T10:33:29,100.0,12.5,B
2021-06-21T10:33:26,100.0,12.5,B
2021-06-21T10:33:25,9300.0,12.55,B
2021-06-21T10:33:25,1000.0,12.55,B
2021-06-21T10:33:25,400.0,12.55,B
2021-06-21T10:33:25,1300.0,12.55,B
2021-06-21T10:33:25,500.0,12.55,B
2021-06-21T10:33:25,400.0,12.55,B
2021-06-21T10:33:25,900.0,12.55,B
2021-06-21T10:33:24,3700.0,12.55,B
2021-06-21T10:33:24,700.0,12.55,B
2021-06-21T10:33:24,2000.0,12.55,B
2021-06-21T10:33:24,1100.0,12.55,B
2021-06-21T10:33:24,2300.0,12.55,B
2021-06-21T10:33:24,1400.0,12.55,B
2021-06-21T10:33:23,5000.0,12.55,B
2021-06-21T10:33:21,1000.0,12.5,B
2021-06-21T10:33:21,600.0,12.5,B
2021-06-21T10:33:17,8900.0,12.5,B
2021-06-21T10:33:12,129700.0,12.5,B
2021-06-21T10:33:12,30000.0,12.5,B
2021-06-21T10:33:12,700.0,12.5,B
2021-06-21T10:33:12,39600.0,12.5,B
2021-06-21T10:33:11,100.0,12.55,B
2021-06-21T10:33:11,100.0,12.55,B
2021-06-21T10:33:08,3000.0,12.5,B
2021-06-21T10:33:08,300.0,12.5,B
2021-06-21T10:33:06,1300.0,12.5,B
2021-06-21T10:33:05,2000.0,12.5,B
2021-06-21T10:33:04,100.0,12.55,B
2021-06-21T10:32:58,100.0,12.5,B
2021-06-21T10:32:57,1800.0,12.5,B
2021-06-21T10:32:56,2000.0,12.5,B
2021-06-21T10:32:52,1000.0,12.5,B
2021-06-21T10:32:51,1700.0,12.5,B
2021-06-21T10:32:49,30000.0,12.5,B
2021-06-21T10:32:48,11500.0,12.5,B
2021-06-21T10:32:48,30000.0,12.5,B
2021-06-21T10:32:47,1000.0,12.5,B
2021-06-21T10:32:47,1000.0,12.5,B
2021-06-21T10:32:47,20000.0,12.5,B
2021-06-21T10:32:45,8000.0,12.5,B
2021-06-21T10:32:45,5000.0,12.5,B
2021-06-21T10:32:45,4000.0,12.5,B
2021-06-21T10:32:43,2000.0,12.5,B
2021-06-21T10:32:43,1000.0,12.5,B
2021-06-21T10:32:43,5300.0,12.5,B
2021-06-21T10:32:43,3900.0,12.5,B
2021-06-21T10:32:43,800.0,12.5,B
2021-06-21T10:32:43,1400.0,12.5,B
2021-06-21T10:32:43,1400.0,12.5,B
2021-06-21T10:32:43,2000.0,12.5,B
2021-06-21T10:32:43,600.0,12.5,B
2021-06-21T10:32:43,2100.0,12.5,B
2021-06-21T10:32:43,1000.0,12.5,B
2021-06-21T10:32:43,400.0,12.5,B
2021-06-21T10:32:43,31100.0,12.5,B
2021-06-21T10:32:41,21000.0,12.5,B
2021-06-21T10:32:41,1000.0,12.5,B
2021-06-21T10:32:41,6000.0,12.5,B
2021-06-21T10:32:40,1000.0,12.5,B
2021-06-21T10:32:40,200.0,12.5,B
2021-06-21T10:32:39,300.0,12.5,B
2021-06-21T10:32:36,1200.0,12.5,B
2021-06-21T10:32:36,600.0,12.5,B
2021-06-21T10:32:36,1000.0,12.5,B
2021-06-21T10:32:36,600.0,12.5,B
2021-06-21T10:32:36,3800.0,12.5,B
2021-06-21T10:32:36,7700.0,12.5,B
2021-06-21T10:32:36,6100.0,12.5,B
2021-06-21T10:32:33,1000.0,12.5,B
2021-06-21T10:32:33,100.0,12.5,B
2021-06-21T10:32:33,600.0,12.5,B
2021-06-21T10:32:33,400.0,12.5,B
2021-06-21T10:32:33,200.0,12.5,B
2021-06-21T10:32:33,7900.0,12.5,B
2021-06-21T10:32:33,1200.0,12.5,B
2021-06-21T10:32:33,8400.0,12.5,B
2021-06-21T10:32:33,1000.0,12.5,B
2021-06-21T10:32:33,3700.0,12.5,B
2021-06-21T10:32:33,2000.0,12.5,B
2021-06-21T10:32:33,6300.0,12.5,B
2021-06-21T10:32:33,1100.0,12.5,B
2021-06-21T10:32:33,6700.0,12.5,B
2021-06-21T10:32:33,1100.0,12.5,B
2021-06-21T10:32:33,1300.0,12.5,B
2021-06-21T10:32:33,4200.0,12.5,B
2021-06-21T10:32:33,22100.0,12.5,B
2021-06-21T10:32:33,2500.0,12.5,B
2021-06-21T10:32:33,3500.0,12.5,B
2021-06-21T10:32:33,9400.0,12.5,B
2021-06-21T10:32:33,13400.0,12.5,B
2021-06-21T10:32:33,1500.0,12.5,B
2021-06-21T10:32:32,1500.0,12.5,B
2021-06-21T10:32:32,6800.0,12.5,B
2021-06-21T10:32:32,600.0,12.5,B
2021-06-21T10:32:32,7900.0,12.5,B
2021-06-21T10:32:32,4300.0,12.5,B
2021-06-21T10:32:30,5100.0,12.5,B
2021-06-21T10:32:30,10000.0,12.5,B
2021-06-21T10:32:30,2400.0,12.5,B
2021-06-21T10:32:30,10700.0,12.5,B
2021-06-21T10:32:30,100.0,12.5,B
2021-06-21T10:32:29,6800.0,12.5,B
2021-06-21T10:32:29,5000.0,12.5,B
2021-06-21T10:32:28,3500.0,12.5,B
2021-06-21T10:32:27,19800.0,12.5,B
2021-06-21T10:32:25,10000.0,12.5,B
2021-06-21T10:32:25,1000.0,12.5,B
2021-06-21T10:32:25,11800.0,12.5,B
2021-06-21T10:32:25,2200.0,12.5,B
2021-06-21T10:32:25,4100.0,12.5,B
2021-06-21T10:32:25,1000.0,12.5,B
2021-06-21T10:32:24,1000.0,12.5,B
2021-06-21T10:32:24,500.0,12.5,B
2021-06-21T10:32:24,1000.0,12.5,B
2021-06-21T10:32:24,400.0,12.5,B
2021-06-21T10:32:24,8000.0,12.5,B
2021-06-21T10:32:21,200.0,12.45,S
2021-06-21T10:32:17,2000.0,12.45,S
2021-06-21T10:32:17,70000.0,12.5,B
2021-06-21T10:32:12,1000.0,12.45,S
2021-06-21T10:32:12,200.0,12.45,B
2021-06-21T10:32:07,4000.0,12.5,B
2021-06-21T10:32:07,400.0,12.5,B
2021-06-21T10:32:07,2800.0,12.5,B
2021-06-21T10:32:07,400.0,12.5,B
2021-06-21T10:32:07,1400.0,12.5,B
2021-06-21T10:32:02,1000.0,12.45,B
2021-06-21T10:32:01,1000.0,12.45,B
2021-06-21T10:32:01,400.0,12.5,B
2021-06-21T10:32:01,500.0,12.5,B
2021-06-21T10:32:01,1600.0,12.5,B
2021-06-21T10:32:01,100.0,12.5,B
2021-06-21T10:32:01,13200.0,12.5,B
2021-06-21T10:32:00,4200.0,12.5,B
2021-06-21T10:31:59,3300.0,12.5,B
2021-06-21T10:31:59,1700.0,12.5,B
2021-06-21T10:31:57,1000.0,12.45,B
2021-06-21T10:31:57,3000.0,12.45,B
2021-06-21T10:31:56,2400.0,12.45,B
2021-06-21T10:31:56,600.0,12.45,B
2021-06-21T10:31:56,800.0,12.45,B
2021-06-21T10:31:56,1800.0,12.45,B
2021-06-21T10:31:56,1100.0,12.45,B
2021-06-21T10:31:56,500.0,12.45,B
2021-06-21T10:31:56,10200.0,12.45,B
2021-06-21T10:31:56,1700.0,12.45,B
2021-06-21T10:31:56,300.0,12.45,B
2021-06-21T10:31:56,600.0,12.45,B
2021-06-21T10:31:55,600.0,12.45,B
2021-06-21T10:31:55,700.0,12.45,B
2021-06-21T10:31:55,700.0,12.45,B
2021-06-21T10:31:55,11000.0,12.45,B
2021-06-21T10:31:55,1400.0,12.45,B
2021-06-21T10:31:55,700.0,12.45,B
2021-06-21T10:31:55,1100.0,12.45,B
2021-06-21T10:31:55,2000.0,12.45,B
2021-06-21T10:31:55,1000.0,12.45,B
2021-06-21T10:31:55,600.0,12.45,B
2021-06-21T10:31:54,200.0,12.45,B
2021-06-21T10:31:53,5000.0,12.45,B
2021-06-21T10:31:50,500.0,12.4,S
2021-06-21T10:31:49,100.0,12.4,S
2021-06-21T10:31:48,400.0,12.45,B
2021-06-21T10:31:48,200.0,12.45,B
2021-06-21T10:31:48,300.0,12.45,B
2021-06-21T10:31:48,10400.0,12.45,B
2021-06-21T10:31:47,5600.0,12.45,B
2021-06-21T10:31:47,300.0,12.45,B
2021-06-21T10:31:47,4100.0,12.45,B
2021-06-21T10:31:47,400.0,12.45,B
2021-06-21T10:31:47,1100.0,12.45,B
2021-06-21T10:31:47,8500.0,12.45,B
2021-06-21T10:31:44,5000.0,12.45,B
2021-06-21T10:31:43,8100.0,12.45,B
2021-06-21T10:31:43,1900.0,12.45,B
2021-06-21T10:31:42,5100.0,12.45,B
2021-06-21T10:31:42,500.0,12.45,B
2021-06-21T10:31:42,500.0,12.45,B
2021-06-21T10:31:42,1200.0,12.45,B
2021-06-21T10:31:42,700.0,12.45,B
2021-06-21T10:31:42,2500.0,12.45,B
2021-06-21T10:31:42,3100.0,12.45,B
2021-06-21T10:31:42,1000.0,12.45,B
2021-06-21T10:31:42,5200.0,12.45,B
2021-06-21T10:31:42,200.0,12.45,B
2021-06-21T10:31:40,3000.0,12.45,B
2021-06-21T10:31:39,600.0,12.4,S
2021-06-21T10:31:28,9000.0,12.4,S
2021-06-21T10:31:11,200.0,12.4,B
2021-06-21T10:31:09,7500.0,12.4,B
2021-06-21T10:31:09,300.0,12.4,B
2021-06-21T10:31:09,2000.0,12.4,B
2021-06-21T10:31:09,1000.0,12.4,B
2021-06-21T10:31:09,6700.0,12.4,B
2021-06-21T10:31:09,7200.0,12.4,B
2021-06-21T10:31:08,1000.0,12.35,S
2021-06-21T10:31:08,10000.0,12.4,B
2021-06-21T10:31:08,85900.0,12.4,B
2021-06-21T10:31:08,9000.0,12.4,B
2021-06-21T10:31:08,3300.0,12.4,B
2021-06-21T10:31:08,2200.0,12.4,B
2021-06-21T10:31:08,4500.0,12.4,B
2021-06-21T10:31:08,500.0,12.4,B
2021-06-21T10:31:07,1500.0,12.4,B
2021-06-21T10:31:07,5300.0,12.4,B
2021-06-21T10:31:07,1800.0,12.4,B
2021-06-21T10:31:07,8000.0,12.4,B
2021-06-21T10:31:07,3300.0,12.4,B
2021-06-21T10:31:07,73000.0,12.4,B
2021-06-21T10:31:07,1700.0,12.4,B
2021-06-21T10:31:07,1400.0,12.4,B
2021-06-21T10:31:07,400.0,12.4,B
2021-06-21T10:31:07,1400.0,12.4,B
2021-06-21T10:31:07,18000.0,12.4,B
2021-06-21T10:31:07,2100.0,12.4,B
2021-06-21T10:31:07,5300.0,12.4,B
2021-06-21T10:31:07,1700.0,12.4,B
2021-06-21T10:31:07,4300.0,12.4,B
2021-06-21T10:31:07,1500.0,12.4,B
2021-06-21T10:31:07,1000.0,12.4,B
2021-06-21T10:31:07,2100.0,12.4,B
2021-06-21T10:31:07,1300.0,12.4,B
2021-06-21T10:31:07,400.0,12.4,B
2021-06-21T10:31:07,500.0,12.4,B
2021-06-21T10:31:07,2200.0,12.4,B
2021-06-21T10:31:07,4300.0,12.4,B
2021-06-21T10:31:07,100.0,12.4,B
2021-06-21T10:31:07,11600.0,12.4,B
2021-06-21T10:31:07,1000.0,12.4,B
2021-06-21T10:31:07,2200.0,12.4,B
2021-06-21T10:31:07,13900.0,12.4,B
2021-06-21T10:31:07,200.0,12.4,B
2021-06-21T10:31:07,2300.0,12.4,B
2021-06-21T10:31:07,1700.0,12.4,B
2021-06-21T10:31:07,100.0,12.4,B
2021-06-21T10:31:07,4400.0,12.4,B
2021-06-21T10:31:07,800.0,12.4,B
2021-06-21T10:31:07,6300.0,12.4,B
2021-06-21T10:31:07,3000.0,12.4,B
2021-06-21T10:31:06,100.0,12.4,B
2021-06-21T10:31:06,900.0,12.4,B
2021-06-21T10:31:06,20600.0,12.4,B
2021-06-21T10:31:06,2300.0,12.4,B
2021-06-21T10:31:06,1300.0,12.4,B
2021-06-21T10:31:06,600.0,12.4,B
2021-06-21T10:31:06,1100.0,12.4,B
2021-06-21T10:31:06,200.0,12.4,B
2021-06-21T10:31:06,1500.0,12.4,B
2021-06-21T10:31:06,600.0,12.4,B
2021-06-21T10:31:05,175300.0,12.4,B
2021-06-21T10:31:05,12000.0,12.35,S
2021-06-21T10:31:00,500.0,12.35,S
2021-06-21T10:30:59,6600.0,12.4,B
2021-06-21T10:30:59,4000.0,12.35,S
2021-06-21T10:30:57,3000.0,12.4,B
2021-06-21T10:30:55,1500.0,12.35,S
2021-06-21T10:30:54,1000.0,12.35,S
2021-06-21T10:30:54,80000.0,12.4,B
2021-06-21T10:30:53,64000.0,12.4,B
2021-06-21T10:30:47,4000.0,12.35,S
2021-06-21T10:30:37,500.0,12.35,S
2021-06-21T10:30:31,7200.0,12.35,S
2021-06-21T10:30:27,5000.0,12.35,S
2021-06-21T10:30:22,2000.0,12.35,S
2021-06-21T10:30:06,1000.0,12.35,S
2021-06-21T10:30:06,1000.0,12.35,S
2021-06-21T10:30:01,100.0,12.35,S
2021-06-21T10:30:01,100.0,12.4,B
2021-06-21T10:30:00,2000.0,12.35,S
2021-06-21T10:29:46,200.0,12.35,S
2021-06-21T10:29:37,100.0,12.4,B
2021-06-21T10:29:37,3200.0,12.4,B
2021-06-21T10:29:37,100.0,12.4,B
2021-06-21T10:29:37,3500.0,12.4,B
2021-06-21T10:29:37,400.0,12.4,B
2021-06-21T10:29:37,1600.0,12.4,B
2021-06-21T10:29:37,1100.0,12.4,B
2021-06-21T10:29:28,400.0,12.35,S
2021-06-21T10:29:24,400.0,12.4,B
2021-06-21T10:29:07,700.0,12.35,S
2021-06-21T10:29:01,2000.0,12.4,B
2021-06-21T10:28:58,3300.0,12.35,S
2021-06-21T10:28:58,34300.0,12.35,S
2021-06-21T10:28:57,20600.0,12.35,S
2021-06-21T10:28:57,3900.0,12.35,S
2021-06-21T10:28:57,5200.0,12.35,S
2021-06-21T10:28:57,22000.0,12.35,S
2021-06-21T10:28:57,10700.0,12.35,S
2021-06-21T10:28:50,3000.0,12.35,S
2021-06-21T10:28:50,3000.0,12.35,S
2021-06-21T10:28:49,500.0,12.4,B
2021-06-21T10:28:49,1000.0,12.4,B
2021-06-21T10:28:49,700.0,12.4,B
2021-06-21T10:28:49,500.0,12.4,B
2021-06-21T10:28:49,500.0,12.4,B
2021-06-21T10:28:43,4000.0,12.35,S
2021-06-21T10:28:27,2000.0,12.35,S
2021-06-21T10:28:25,2000.0,12.35,S
2021-06-21T10:28:23,1000.0,12.35,S
2021-06-21T10:28:16,100.0,12.4,B
2021-06-21T10:28:16,400.0,12.4,B
2021-06-21T10:28:14,55000.0,12.35,S
2021-06-21T10:27:59,800.0,12.35,S
2021-06-21T10:27:58,2000.0,12.4,B
2021-06-21T10:27:48,500.0,12.35,S
2021-06-21T10:27:44,5000.0,12.4,B
2021-06-21T10:27:40,3000.0,12.35,S
2021-06-21T10:27:27,100.0,12.35,B
2021-06-21T10:27:23,300.0,12.4,B
2021-06-21T10:27:21,500.0,12.35,B
2021-06-21T10:27:15,11100.0,12.35,B
2021-06-21T10:27:15,1100.0,12.35,B
2021-06-21T10:27:15,800.0,12.35,B
2021-06-21T10:27:15,9300.0,12.35,B
2021-06-21T10:27:15,400.0,12.35,B
2021-06-21T10:27:15,100000.0,12.35,B
2021-06-21T10:27:15,14200.0,12.35,B
2021-06-21T10:27:15,500.0,12.35,B
2021-06-21T10:27:15,600.0,12.35,B
2021-06-21T10:27:15,700.0,12.35,B
2021-06-21T10:27:15,1000.0,12.35,B
2021-06-21T10:27:15,10700.0,12.35,B
2021-06-21T10:27:15,51700.0,12.35,B
2021-06-21T10:27:15,19000.0,12.35,B
2021-06-21T10:27:15,3000.0,12.35,B
2021-06-21T10:27:14,2200.0,12.35,B
2021-06-21T10:27:14,13200.0,12.35,B
2021-06-21T10:27:14,500.0,12.35,B
2021-06-21T10:27:14,1000.0,12.35,B
2021-06-21T10:27:14,103300.0,12.35,B
2021-06-21T10:27:14,1200.0,12.35,B
2021-06-21T10:27:14,5500.0,12.35,B
2021-06-21T10:27:14,3100.0,12.35,B
2021-06-21T10:27:14,60200.0,12.35,B
2021-06-21T10:27:08,500.0,12.35,B
2021-06-21T10:27:04,600.0,12.35,B
2021-06-21T10:27:04,3000.0,12.35,B
2021-06-21T10:26:58,10000.0,12.35,B
2021-06-21T10:26:57,400.0,12.35,B
2021-06-21T10:26:56,100.0,12.35,B
2021-06-21T10:26:54,2700.0,12.35,B
2021-06-21T10:26:49,2000.0,12.35,B
2021-06-21T10:26:48,900.0,12.35,B
2021-06-21T10:26:48,6300.0,12.35,B
2021-06-21T10:26:48,3700.0,12.35,B
2021-06-21T10:26:43,100.0,12.35,B
2021-06-21T10:26:43,1000.0,12.35,B
2021-06-21T10:26:41,100.0,12.35,B
2021-06-21T10:26:38,4900.0,12.3,S
2021-06-21T10:26:38,1000.0,12.35,B
2021-06-21T10:26:38,500.0,12.35,B
2021-06-21T10:26:35,3000.0,12.35,B
2021-06-21T10:26:35,5600.0,12.35,B
2021-06-21T10:26:35,2300.0,12.35,B
2021-06-21T10:26:35,8700.0,12.35,B
2021-06-21T10:26:35,2200.0,12.35,B
2021-06-21T10:26:35,400.0,12.35,B
2021-06-21T10:26:35,800.0,12.35,B
2021-06-21T10:26:32,1000.0,12.35,B
2021-06-21T10:26:32,3400.0,12.35,B
2021-06-21T10:26:29,3000.0,12.35,B
2021-06-21T10:26:29,1500.0,12.35,B
2021-06-21T10:26:27,20000.0,12.35,B
2021-06-21T10:26:23,300.0,12.35,B
2021-06-21T10:26:23,1000.0,12.35,B
2021-06-21T10:26:19,500.0,12.35,B
2021-06-21T10:26:19,2000.0,12.35,B
2021-06-21T10:26:18,10000.0,12.35,B
2021-06-21T10:26:16,2400.0,12.35,B
2021-06-21T10:26:15,300.0,12.35,B
2021-06-21T10:26:15,1500.0,12.35,B
2021-06-21T10:26:14,500.0,12.35,B
2021-06-21T10:26:10,5400.0,12.35,B
2021-06-21T10:26:10,1400.0,12.35,B
2021-06-21T10:26:10,3000.0,12.35,B
2021-06-21T10:26:10,100.0,12.35,B
2021-06-21T10:26:10,2000.0,12.35,B
2021-06-21T10:26:10,6700.0,12.35,B
2021-06-21T10:26:10,300.0,12.35,B
2021-06-21T10:26:10,1100.0,12.35,B
2021-06-21T10:26:07,2800.0,12.35,B
2021-06-21T10:26:00,30000.0,12.35,B
2021-06-21T10:25:44,500.0,12.35,B
2021-06-21T10:25:42,100.0,12.35,B
2021-06-21T10:25:39,100.0,12.35,B
2021-06-21T10:25:35,20000.0,12.35,B
2021-06-21T10:25:34,2300.0,12.35,B
2021-06-21T10:25:33,200.0,12.35,B
2021-06-21T10:25:18,100.0,12.35,B
2021-06-21T10:25:12,500.0,12.35,B
2021-06-21T10:25:12,300.0,12.35,B
2021-06-21T10:25:10,1000.0,12.35,B
2021-06-21T10:25:09,9000.0,12.35,B
2021-06-21T10:25:07,100.0,12.35,B
2021-06-21T10:24:59,1000.0,12.35,B
2021-06-21T10:24:55,1800.0,12.35,B
2021-06-21T10:24:47,500.0,12.35,B
2021-06-21T10:24:36,500.0,12.35,B
2021-06-21T10:24:36,100.0,12.3,S
2021-06-21T10:24:36,200.0,12.3,S
2021-06-21T10:24:36,300.0,12.3,S
2021-06-21T10:24:36,500.0,12.3,S
2021-06-21T10:24:36,1900.0,12.3,S
2021-06-21T10:24:36,3000.0,12.35,B
2021-06-21T10:24:34,100.0,12.35,B
2021-06-21T10:24:34,10000.0,12.35,B
2021-06-21T10:24:25,30000.0,12.35,B
2021-06-21T10:24:19,2000.0,12.35,B
2021-06-21T10:24:08,500.0,12.35,B
2021-06-21T10:24:08,2700.0,12.35,B
2021-06-21T10:24:08,1500.0,12.35,B
2021-06-21T10:24:08,2800.0,12.35,B
2021-06-21T10:24:08,1000.0,12.35,B
2021-06-21T10:24:08,1300.0,12.35,B
2021-06-21T10:24:08,1000.0,12.35,B
2021-06-21T10:24:07,300.0,12.35,B
2021-06-21T10:24:07,9000.0,12.35,B
2021-06-21T10:24:07,8600.0,12.35,B
2021-06-21T10:24:07,200.0,12.35,B
2021-06-21T10:24:07,2700.0,12.35,B
2021-06-21T10:24:07,2100.0,12.35,B
2021-06-21T10:24:07,16300.0,12.35,B
2021-06-21T10:24:06,4000.0,12.35,B
2021-06-21T10:24:04,2200.0,12.35,B
2021-06-21T10:24:04,800.0,12.35,B
2021-06-21T10:24:04,7000.0,12.35,B
2021-06-21T10:24:02,4200.0,12.35,B
2021-06-21T10:24:02,3800.0,12.35,B
2021-06-21T10:23:54,1000.0,12.3,S
2021-06-21T10:23:53,2000.0,12.35,B
2021-06-21T10:23:46,5000.0,12.3,S
2021-06-21T10:23:42,500.0,12.35,B
2021-06-21T10:23:40,2600.0,12.35,B
2021-06-21T10:23:40,200.0,12.35,B
2021-06-21T10:23:40,5200.0,12.35,B
2021-06-21T10:23:37,500.0,12.35,B
