tradingTime,volume,price,side
2021-06-21T14:22:10,5000.0,12.0,S
2021-06-21T14:22:06,200.0,12.1,B
2021-06-21T14:22:03,600.0,12.1,B
2021-06-21T14:19:49,20000.0,12.1,B
2021-06-21T14:19:45,19600.0,12.0,S
2021-06-21T14:18:58,1000.0,12.0,S
2021-06-21T14:18:46,100.0,12.1,B
2021-06-21T14:18:29,2200.0,12.0,S
2021-06-21T14:17:05,100.0,12.1,B
2021-06-21T14:16:54,20000.0,12.0,S
2021-06-21T14:16:03,17700.0,12.1,S
2021-06-21T14:15:41,6000.0,12.1,S
2021-06-21T14:15:38,1600.0,12.1,S
2021-06-21T14:13:14,400.0,12.1,S
2021-06-21T14:12:49,9500.0,12.1,S
2021-06-21T14:09:39,300.0,12.1,S
2021-06-21T14:08:46,1000.0,12.2,B
2021-06-21T14:08:22,1000.0,12.1,S
2021-06-21T14:07:58,1000.0,12.1,S
2021-06-21T14:07:13,100.0,12.1,S
2021-06-21T14:06:59,2000.0,12.1,S
2021-06-21T14:06:40,2000.0,12.1,S
2021-06-21T14:06:28,100.0,12.1,S
2021-06-21T14:05:07,1000.0,12.1,S
2021-06-21T14:04:39,4400.0,12.1,B
2021-06-21T14:04:37,2000.0,12.1,B
2021-06-21T14:04:27,2000.0,12.1,B
2021-06-21T14:03:11,1000.0,12.1,B
2021-06-21T14:02:32,2200.0,12.1,B
2021-06-21T14:02:30,100.0,12.1,B
2021-06-21T14:02:09,100.0,12.1,B
2021-06-21T14:01:38,400.0,12.1,S
2021-06-21T14:01:19,300.0,12.1,S
2021-06-21T14:01:07,300.0,12.1,B
2021-06-21T14:00:56,400.0,12.1,B
2021-06-21T14:00:55,100.0,12.1,B
2021-06-21T14:00:34,10000.0,12.1,B
2021-06-21T13:57:46,2000.0,12.1,B
2021-06-21T13:57:11,400.0,12.1,S
2021-06-21T13:56:52,100.0,12.1,S
2021-06-21T13:56:37,2000.0,12.1,S
2021-06-21T13:55:49,500.0,12.1,S
2021-06-21T13:55:02,500.0,12.1,S
2021-06-21T13:51:49,400.0,12.2,B
2021-06-21T13:51:05,1000.0,12.1,S
2021-06-21T13:48:19,10300.0,12.1,B
2021-06-21T13:46:51,19900.0,12.1,S
2021-06-21T13:44:12,300.0,12.1,S
2021-06-21T13:44:07,100.0,12.1,S
2021-06-21T13:43:49,7000.0,12.1,S
2021-06-21T13:41:16,100.0,12.2,B
2021-06-21T13:39:46,1000.0,12.2,B
2021-06-21T13:38:55,2000.0,12.2,B
2021-06-21T13:38:28,800.0,12.2,B
2021-06-21T13:37:48,500.0,12.2,B
2021-06-21T13:36:27,100.0,12.1,S
2021-06-21T13:36:23,400.0,12.2,B
2021-06-21T13:36:23,100.0,12.1,S
2021-06-21T13:35:40,1500.0,12.1,S
2021-06-21T13:35:11,300.0,12.1,S
2021-06-21T13:34:15,300.0,12.2,B
2021-06-21T13:34:12,600.0,12.1,S
2021-06-21T13:33:00,1000.0,12.2,B
2021-06-21T13:32:38,1000.0,12.2,B
2021-06-21T13:32:25,1500.0,12.2,B
2021-06-21T13:31:59,200.0,12.2,B
2021-06-21T13:31:18,1100.0,12.1,S
2021-06-21T13:28:40,2900.0,12.1,B
2021-06-21T13:28:38,100.0,12.1,B
2021-06-21T13:28:36,100.0,12.1,B
2021-06-21T13:28:25,3000.0,12.1,B
2021-06-21T13:28:19,500.0,12.1,B
2021-06-21T13:28:06,100.0,12.1,B
2021-06-21T13:28:04,1500.0,12.1,B
2021-06-21T13:27:35,1000.0,12.1,B
2021-06-21T13:27:28,1800.0,12.1,B
2021-06-21T13:27:25,400.0,12.1,B
2021-06-21T13:27:12,1100.0,12.0,S
2021-06-21T13:27:06,8000.0,12.1,B
2021-06-21T13:26:56,400.0,12.1,B
2021-06-21T13:26:27,2000.0,12.0,S
2021-06-21T13:21:35,5000.0,12.0,S
2021-06-21T13:20:44,2000.0,12.0,S
2021-06-21T13:18:39,100.0,12.0,S
2021-06-21T13:18:33,500.0,12.1,B
2021-06-21T13:18:28,300.0,12.1,B
2021-06-21T13:18:05,100.0,12.1,B
2021-06-21T13:18:04,2900.0,12.1,B
2021-06-21T13:15:24,500.0,12.1,B
2021-06-21T13:15:11,100.0,12.1,B
2021-06-21T13:14:42,200.0,12.1,B
2021-06-21T13:14:22,200.0,12.1,B
2021-06-21T13:14:00,200.0,12.1,B
2021-06-21T13:13:26,3000.0,12.1,B
2021-06-21T13:13:23,1600.0,12.0,S
2021-06-21T13:13:04,800.0,12.0,S
2021-06-21T13:12:04,900.0,12.1,S
2021-06-21T13:12:04,2000.0,12.1,S
2021-06-21T13:11:56,50000.0,12.1,S
2021-06-21T13:09:13,5000.0,12.1,S
2021-06-21T13:08:55,100.0,12.1,S
2021-06-21T13:08:44,10000.0,12.1,S
2021-06-21T13:08:29,2600.0,12.1,S
2021-06-21T13:08:25,500.0,12.2,B
2021-06-21T13:08:24,2500.0,12.2,B
2021-06-21T13:08:00,3000.0,12.1,S
2021-06-21T13:06:42,2000.0,12.1,S
2021-06-21T13:06:22,2000.0,12.1,S
2021-06-21T13:05:42,1000.0,12.1,S
2021-06-21T13:04:00,2000.0,12.2,B
2021-06-21T13:03:50,100.0,12.2,B
2021-06-21T13:03:43,500.0,12.2,B
2021-06-21T13:03:21,1000.0,12.2,B
2021-06-21T13:02:38,100.0,12.2,S
2021-06-21T13:02:18,400.0,12.2,S
2021-06-21T13:02:13,500.0,12.2,S
2021-06-21T13:02:01,900.0,12.2,S
2021-06-21T13:01:56,200.0,12.2,S
2021-06-21T13:01:41,1000.0,12.2,S
2021-06-21T13:01:19,3000.0,12.2,S
2021-06-21T13:01:05,100.0,12.3,B
2021-06-21T13:00:13,300.0,12.3,B
2021-06-21T13:00:11,100.0,12.2,S
2021-06-21T13:00:09,1100.0,12.2,S
2021-06-21T13:00:04,5000.0,12.2,S
2021-06-21T13:00:04,200.0,12.2,S
2021-06-21T13:00:03,300.0,12.2,S
2021-06-21T13:00:03,9900.0,12.2,S
2021-06-21T13:00:02,3900.0,12.2,B
2021-06-21T13:00:02,1000.0,12.2,B
2021-06-21T11:29:22,3600.0,12.2,B
2021-06-21T11:29:05,100.0,12.2,B
2021-06-21T11:27:55,400.0,12.3,B
2021-06-21T11:27:53,100.0,12.2,S
2021-06-21T11:27:47,100.0,12.2,B
2021-06-21T11:27:41,900.0,12.2,S
2021-06-21T11:27:18,5000.0,12.2,S
2021-06-21T11:27:14,1000.0,12.2,S
2021-06-21T11:27:12,100.0,12.2,S
2021-06-21T11:26:29,1000.0,12.2,S
2021-06-21T11:26:21,10000.0,12.2,S
2021-06-21T11:26:20,15600.0,12.2,B
2021-06-21T11:26:08,300.0,12.2,B
2021-06-21T11:25:52,4100.0,12.2,S
2021-06-21T11:25:44,500.0,12.2,S
2021-06-21T11:25:30,13500.0,12.2,S
2021-06-21T11:25:19,1000.0,12.2,S
2021-06-21T11:25:08,10000.0,12.2,S
2021-06-21T11:25:01,1000.0,12.2,S
2021-06-21T11:24:39,100.0,12.2,S
2021-06-21T11:24:31,2300.0,12.2,B
2021-06-21T11:23:38,400.0,12.2,B
2021-06-21T11:23:31,200.0,12.2,B
2021-06-21T11:23:25,100.0,12.2,B
2021-06-21T11:23:21,4500.0,12.2,B
2021-06-21T11:23:11,7100.0,12.2,B
2021-06-21T11:22:54,10000.0,12.2,B
2021-06-21T11:22:48,1000.0,12.2,B
2021-06-21T11:22:34,5000.0,12.2,B
2021-06-21T11:21:54,24700.0,12.2,S
2021-06-21T11:21:10,1000.0,12.2,S
2021-06-21T11:21:03,500.0,12.2,S
2021-06-21T11:21:01,6000.0,12.2,S
2021-06-21T11:20:41,1000.0,12.2,S
2021-06-21T11:19:19,6000.0,12.2,S
2021-06-21T11:19:06,5000.0,12.2,S
2021-06-21T11:18:36,100.0,12.2,S
2021-06-21T11:18:35,1000.0,12.2,S
2021-06-21T11:18:15,900.0,12.2,S
2021-06-21T11:18:04,4000.0,12.2,S
2021-06-21T11:18:03,1000.0,12.2,S
2021-06-21T11:18:01,2000.0,12.2,S
2021-06-21T11:18:00,5000.0,12.2,S
2021-06-21T11:17:55,100.0,12.2,S
2021-06-21T11:17:48,100.0,12.2,S
2021-06-21T11:17:25,17900.0,12.2,S
2021-06-21T11:17:25,300.0,12.2,S
2021-06-21T11:16:56,2000.0,12.2,S
2021-06-21T11:16:44,5000.0,12.2,S
2021-06-21T11:16:39,100.0,12.2,S
2021-06-21T11:16:20,1000.0,12.2,S
2021-06-21T11:16:06,200.0,12.2,S
2021-06-21T11:14:31,4000.0,12.3,B
2021-06-21T11:12:55,200.0,12.3,B
2021-06-21T11:11:50,200.0,12.3,B
2021-06-21T11:10:19,600.0,12.3,B
2021-06-21T11:10:11,7500.0,12.3,B
2021-06-21T11:09:02,100.0,12.2,S
2021-06-21T11:08:18,100.0,12.3,B
2021-06-21T11:08:17,200.0,12.2,S
2021-06-21T11:08:16,1500.0,12.3,B
2021-06-21T11:08:13,5000.0,12.3,B
2021-06-21T11:08:02,3000.0,12.3,B
2021-06-21T11:07:51,5200.0,12.3,B
2021-06-21T11:07:45,100.0,12.3,B
2021-06-21T11:07:20,700.0,12.3,B
2021-06-21T11:07:03,2000.0,12.3,B
2021-06-21T11:06:43,1000.0,12.3,B
2021-06-21T11:06:29,500.0,12.2,B
2021-06-21T11:06:27,10500.0,12.2,B
2021-06-21T11:06:26,500.0,12.2,B
2021-06-21T11:06:25,100.0,12.2,B
2021-06-21T11:06:25,1100.0,12.2,B
2021-06-21T11:06:22,100.0,12.2,B
2021-06-21T11:06:20,5000.0,12.2,B
2021-06-21T11:06:20,200.0,12.2,B
2021-06-21T11:06:20,100.0,12.2,B
2021-06-21T11:06:18,300.0,12.2,B
2021-06-21T11:06:17,6900.0,12.2,B
2021-06-21T11:06:17,1000.0,12.2,B
2021-06-21T11:06:14,300.0,12.2,B
2021-06-21T11:06:12,47800.0,12.2,B
2021-06-21T11:06:10,100.0,12.2,B
2021-06-21T11:06:08,2000.0,12.2,B
2021-06-21T11:06:02,40000.0,12.2,B
2021-06-21T11:05:58,2000.0,12.2,B
2021-06-21T11:05:52,15000.0,12.2,B
2021-06-21T11:05:47,55000.0,12.2,B
2021-06-21T11:05:43,2000.0,12.2,B
2021-06-21T11:05:23,700.0,12.1,S
2021-06-21T11:04:56,3000.0,12.2,B
2021-06-21T11:04:52,1000.0,12.2,B
2021-06-21T11:04:22,200.0,12.2,B
2021-06-21T11:04:20,3000.0,12.2,B
2021-06-21T11:04:02,2000.0,12.2,B
2021-06-21T11:04:01,2000.0,12.2,B
2021-06-21T11:03:47,100.0,12.2,B
2021-06-21T11:03:40,3000.0,12.2,B
2021-06-21T11:03:30,800.0,12.2,B
2021-06-21T11:03:25,400.0,12.2,B
2021-06-21T11:03:20,100.0,12.2,B
2021-06-21T11:03:17,100.0,12.2,B
2021-06-21T11:03:17,500.0,12.2,B
2021-06-21T11:03:14,300.0,12.2,B
2021-06-21T11:03:10,1000.0,12.2,B
2021-06-21T11:03:07,400.0,12.2,B
2021-06-21T11:03:07,200.0,12.2,B
2021-06-21T11:02:59,500.0,12.2,B
2021-06-21T11:02:17,4000.0,12.2,B
2021-06-21T11:01:59,100.0,12.2,B
2021-06-21T11:01:50,2000.0,12.2,B
2021-06-21T11:01:39,300.0,12.2,B
2021-06-21T11:01:38,1000.0,12.2,B
2021-06-21T11:01:19,300.0,12.2,B
2021-06-21T10:59:45,1000.0,12.1,S
2021-06-21T10:59:31,500.0,12.1,S
2021-06-21T10:58:37,46900.0,12.1,S
2021-06-21T10:57:51,5000.0,12.1,B
2021-06-21T10:57:48,5000.0,12.0,S
2021-06-21T10:57:19,1500.0,12.0,S
2021-06-21T10:56:55,1000.0,12.0,S
2021-06-21T10:56:10,100.0,12.0,S
2021-06-21T10:53:42,100.0,12.1,B
2021-06-21T10:51:55,600.0,12.1,B
2021-06-21T10:50:52,2000.0,12.1,B
2021-06-21T10:50:18,9000.0,12.1,B
2021-06-21T10:48:42,3000.0,12.1,B
2021-06-21T10:48:26,200.0,12.1,B
2021-06-21T10:44:01,1000.0,12.1,B
2021-06-21T10:43:48,3000.0,12.1,B
2021-06-21T10:43:48,100.0,12.1,B
2021-06-21T10:43:44,1000.0,12.1,B
2021-06-21T10:43:15,1000.0,12.1,B
2021-06-21T10:42:22,500.0,12.1,B
2021-06-21T10:42:08,300.0,12.1,B
2021-06-21T10:41:53,500.0,12.1,B
2021-06-21T10:41:06,10000.0,12.1,B
2021-06-21T10:40:20,3000.0,12.0,S
2021-06-21T10:40:18,200.0,12.0,S
2021-06-21T10:39:26,1000.0,12.0,S
2021-06-21T10:37:07,1000.0,12.0,S
2021-06-21T10:36:38,500.0,12.1,B
2021-06-21T10:35:51,100.0,12.0,S
2021-06-21T10:35:35,600.0,12.0,B
2021-06-21T10:35:24,1900.0,12.0,S
2021-06-21T10:35:04,3100.0,12.0,B
2021-06-21T10:34:44,47100.0,12.0,B
2021-06-21T10:30:55,1900.0,12.0,S
2021-06-21T10:30:28,300.0,12.0,S
2021-06-21T10:30:20,20000.0,12.0,S
2021-06-21T10:29:11,1100.0,12.0,S
2021-06-21T10:28:28,300.0,12.1,B
2021-06-21T10:27:35,9000.0,12.1,B
2021-06-21T10:27:00,1500.0,12.1,S
2021-06-21T10:26:49,1000.0,12.1,S
2021-06-21T10:26:48,2600.0,12.1,S
2021-06-21T10:26:44,2000.0,12.1,S
2021-06-21T10:26:41,300.0,12.1,S
2021-06-21T10:26:33,17000.0,12.1,S
2021-06-21T10:26:31,3000.0,12.1,S
2021-06-21T10:26:29,1000.0,12.2,B
2021-06-21T10:26:04,1000.0,12.1,S
2021-06-21T10:25:46,1500.0,12.1,S
2021-06-21T10:25:03,700.0,12.1,S
2021-06-21T10:25:01,100.0,12.1,S
2021-06-21T10:23:21,500.0,12.1,S
2021-06-21T10:22:29,200.0,12.2,B
2021-06-21T10:20:42,100.0,12.2,B
2021-06-21T10:20:26,2000.0,12.2,B
2021-06-21T10:20:17,200.0,12.2,B
2021-06-21T10:20:04,200.0,12.2,B
2021-06-21T10:17:32,1000.0,12.2,B
2021-06-21T10:17:24,1000.0,12.1,S
2021-06-21T10:17:14,300.0,12.1,S
2021-06-21T10:15:51,2100.0,12.1,S
2021-06-21T10:15:26,100.0,12.1,S
2021-06-21T10:14:01,100.0,12.1,S
2021-06-21T10:12:17,1000.0,12.1,S
2021-06-21T10:11:40,1000.0,12.1,S
2021-06-21T10:11:37,1200.0,12.1,S
2021-06-21T10:11:15,500.0,12.1,S
2021-06-21T10:10:54,1700.0,12.2,B
2021-06-21T10:08:36,100.0,12.2,B
2021-06-21T10:08:12,2000.0,12.2,B
2021-06-21T10:07:48,5000.0,12.2,B
2021-06-21T10:06:58,1500.0,12.1,S
2021-06-21T10:06:55,3000.0,12.1,S
2021-06-21T10:06:29,100.0,12.1,S
2021-06-21T10:06:25,100.0,12.1,S
2021-06-21T10:06:03,6000.0,12.1,S
2021-06-21T10:05:26,300.0,12.2,B
2021-06-21T10:04:58,300.0,12.2,B
2021-06-21T10:04:46,1700.0,12.2,B
2021-06-21T10:03:39,100.0,12.2,B
2021-06-21T10:03:37,2000.0,12.1,S
2021-06-21T10:03:20,3000.0,12.1,S
2021-06-21T10:03:02,5000.0,12.1,S
2021-06-21T10:02:22,200.0,12.1,S
2021-06-21T10:02:08,47600.0,12.1,S
2021-06-21T10:02:02,1000.0,12.1,B
2021-06-21T10:00:53,5000.0,12.1,B
2021-06-21T10:00:35,4000.0,12.0,S
2021-06-21T10:00:14,1200.0,12.0,S
2021-06-21T09:59:20,100.0,12.0,S
2021-06-21T09:58:50,2600.0,12.1,B
2021-06-21T09:58:43,22800.0,12.0,S
2021-06-21T09:58:33,1000.0,12.0,S
2021-06-21T09:58:01,200.0,12.0,S
2021-06-21T09:55:03,200.0,12.1,B
2021-06-21T09:54:08,100.0,12.1,B
2021-06-21T09:54:03,1000.0,12.0,S
2021-06-21T09:53:54,10000.0,12.1,B
2021-06-21T09:51:38,100.0,12.1,B
2021-06-21T09:49:48,1800.0,12.1,S
2021-06-21T09:49:25,10000.0,12.1,S
2021-06-21T09:49:16,9000.0,12.1,S
2021-06-21T09:48:59,5000.0,12.1,S
2021-06-21T09:48:46,5000.0,12.1,S
2021-06-21T09:47:43,2000.0,12.1,S
2021-06-21T09:47:25,200.0,12.1,S
2021-06-21T09:47:19,2100.0,12.2,B
2021-06-21T09:46:21,4500.0,12.1,S
2021-06-21T09:46:21,5000.0,12.1,S
2021-06-21T09:44:43,500.0,12.1,S
2021-06-21T09:43:34,200.0,12.2,B
2021-06-21T09:42:03,300.0,12.1,S
2021-06-21T09:41:29,300.0,12.1,S
2021-06-21T09:40:42,1000.0,12.1,S
2021-06-21T09:40:37,400.0,12.1,B
2021-06-21T09:40:21,100.0,12.1,B
2021-06-21T09:39:50,100.0,12.1,B
2021-06-21T09:39:45,19400.0,12.1,S
2021-06-21T09:39:38,1000.0,12.1,S
2021-06-21T09:39:26,10000.0,12.1,S
2021-06-21T09:39:24,500.0,12.2,B
2021-06-21T09:38:32,300.0,12.2,B
2021-06-21T09:37:10,200.0,12.2,B
2021-06-21T09:36:53,800.0,12.1,S
2021-06-21T09:36:34,200.0,12.2,B
2021-06-21T09:36:29,1000.0,12.2,B
2021-06-21T09:36:11,100.0,12.2,B
2021-06-21T09:35:59,18100.0,12.2,S
2021-06-21T09:35:58,200.0,12.2,S
2021-06-21T09:35:51,5500.0,12.2,S
2021-06-21T09:35:36,500.0,12.2,S
2021-06-21T09:35:18,100.0,12.2,S
2021-06-21T09:34:19,100.0,12.2,S
2021-06-21T09:33:57,100.0,12.2,S
2021-06-21T09:33:42,10100.0,12.2,S
2021-06-21T09:33:32,22600.0,12.2,S
2021-06-21T09:33:13,500.0,12.2,B
2021-06-21T09:32:56,500.0,12.2,B
2021-06-21T09:32:46,100.0,12.2,B
2021-06-21T09:32:37,200.0,12.2,B
2021-06-21T09:32:26,100.0,12.1,S
2021-06-21T09:32:12,500.0,12.2,B
2021-06-21T09:32:05,2000.0,12.2,B
2021-06-21T09:31:54,200.0,12.2,B
2021-06-21T09:31:43,3000.0,12.2,B
2021-06-21T09:31:35,2000.0,12.2,B
2021-06-21T09:31:34,500.0,12.2,B
2021-06-21T09:31:31,5000.0,12.2,B
2021-06-21T09:31:22,10000.0,12.2,B
2021-06-21T09:30:59,10000.0,12.2,B
2021-06-21T09:30:58,5000.0,12.2,B
2021-06-21T09:30:58,5000.0,12.2,B
2021-06-21T09:30:57,5000.0,12.2,B
2021-06-21T09:30:56,5000.0,12.2,B
2021-06-21T09:30:55,5000.0,12.2,B
2021-06-21T09:30:55,5000.0,12.2,B
2021-06-21T09:30:54,5000.0,12.2,B
2021-06-21T09:30:53,5000.0,12.2,B
2021-06-21T09:29:22,8500.0,12.1,S
2021-06-21T09:29:10,1300.0,12.1,B
2021-06-21T09:29:08,800.0,12.1,B
2021-06-21T09:28:55,3000.0,12.1,B
2021-06-21T09:28:49,200.0,12.1,B
2021-06-21T09:28:45,600.0,12.1,B
2021-06-21T09:28:35,5000.0,12.1,B
2021-06-21T09:28:29,2200.0,12.1,B
2021-06-21T09:28:04,7000.0,12.1,B
2021-06-21T09:27:55,300.0,12.1,B
2021-06-21T09:27:33,100.0,12.1,B
2021-06-21T09:27:33,60000.0,12.0,S
2021-06-21T09:27:10,500.0,12.0,S
2021-06-21T09:26:51,100.0,12.0,S
2021-06-21T09:26:50,500.0,12.1,B
2021-06-21T09:26:41,100.0,12.0,S
2021-06-21T09:26:13,11000.0,12.0,S
2021-06-21T09:26:11,200.0,12.1,B
2021-06-21T09:25:55,100.0,12.1,B
2021-06-21T09:25:39,5000.0,12.1,B
2021-06-21T09:25:17,300.0,12.0,S
2021-06-21T09:25:15,100.0,12.1,B
2021-06-21T09:23:25,300.0,12.0,S
2021-06-21T09:23:06,5000.0,12.0,S
2021-06-21T09:22:16,200.0,12.0,S
2021-06-21T09:22:09,400.0,12.0,S
2021-06-21T09:22:08,3000.0,12.0,S
2021-06-21T09:22:05,100.0,12.1,B
2021-06-21T09:20:28,100.0,12.1,B
2021-06-21T09:19:37,1000.0,12.1,B
2021-06-21T09:19:33,200.0,12.1,B
2021-06-21T09:18:51,100.0,12.1,B
2021-06-21T09:18:46,3600.0,12.1,S
2021-06-21T09:18:32,200.0,12.1,S
2021-06-21T09:18:13,100.0,12.1,S
2021-06-21T09:17:38,2000.0,12.1,S
2021-06-21T09:16:32,500.0,12.2,B
2021-06-21T09:16:19,5000.0,12.1,S
2021-06-21T09:14:37,1000.0,12.1,S
2021-06-21T09:14:35,2000.0,12.2,B
2021-06-21T09:13:37,1000.0,12.2,B
2021-06-21T09:13:16,14200.0,12.2,B
2021-06-21T09:12:38,10100.0,12.2,S
2021-06-21T09:12:34,500.0,12.2,S
2021-06-21T09:12:21,300.0,12.2,S
2021-06-21T09:11:43,3000.0,12.2,S
2021-06-21T09:11:35,24600.0,12.2,B
2021-06-21T09:11:34,11500.0,12.2,B
2021-06-21T09:10:55,100.0,12.1,S
2021-06-21T09:10:37,200.0,12.1,S
2021-06-21T09:09:46,1000.0,12.1,S
2021-06-21T09:08:48,10000.0,12.2,B
2021-06-21T09:08:40,100.0,12.2,B
2021-06-21T09:08:08,200.0,12.2,B
2021-06-21T09:05:38,2500.0,12.2,B
2021-06-21T09:05:09,12700.0,12.1,S
2021-06-21T09:04:40,3800.0,12.1,B
2021-06-21T09:04:39,2000.0,12.1,B
2021-06-21T09:04:34,3500.0,12.1,B
2021-06-21T09:04:19,1000.0,12.1,B
2021-06-21T09:04:00,100.0,12.1,B
2021-06-21T09:03:40,12200.0,12.1,B
2021-06-21T09:03:21,1000.0,12.0,S
2021-06-21T09:03:09,5200.0,12.0,S
2021-06-21T09:03:04,4800.0,12.0,B
2021-06-21T09:02:36,300.0,12.0,B
2021-06-21T09:02:20,3000.0,12.0,B
2021-06-21T09:02:14,100.0,12.0,B
2021-06-21T09:01:53,9000.0,12.0,B
2021-06-21T09:01:29,100.0,12.0,B
2021-06-21T09:01:06,5100.0,12.0,S
2021-06-21T09:00:42,500.0,11.9,S
2021-06-21T09:00:40,1000.0,12.0,S
2021-06-21T09:00:36,2300.0,12.0,S
2021-06-21T09:00:32,7200.0,11.9,B
2021-06-21T09:00:24,2900.0,11.9,S
