tradingTime,volume,price,side
2021-06-21T14:22:40,400.0,39.1,B
2021-06-21T14:22:26,1000.0,39.1,S
2021-06-21T14:22:26,800.0,39.1,S
2021-06-21T14:21:56,2000.0,39.1,S
2021-06-21T14:21:39,600.0,39.15,B
2021-06-21T14:20:46,100.0,39.1,S
2021-06-21T14:20:10,600.0,39.15,S
2021-06-21T14:19:57,300.0,39.15,S
2021-06-21T14:19:56,4300.0,39.45,B
2021-06-21T14:19:56,1000.0,39.4,B
2021-06-21T14:19:56,200.0,39.4,B
2021-06-21T14:19:56,6200.0,39.4,B
2021-06-21T14:19:56,1400.0,39.2,B
2021-06-21T14:19:56,1900.0,39.2,B
2021-06-21T14:19:34,300.0,39.15,S
2021-06-21T14:18:18,300.0,39.15,S
2021-06-21T14:16:58,5500.0,39.2,B
2021-06-21T14:16:44,100.0,39.2,B
2021-06-21T14:16:18,200.0,39.15,S
2021-06-21T14:16:09,600.0,39.2,B
2021-06-21T14:12:48,1500.0,39.2,B
2021-06-21T14:12:18,200.0,39.15,B
2021-06-21T14:11:58,500.0,39.15,B
2021-06-21T14:10:55,300.0,39.15,B
2021-06-21T14:09:12,200.0,39.1,B
2021-06-21T14:06:43,1000.0,39.1,B
2021-06-21T14:05:37,1000.0,38.95,S
2021-06-21T14:04:40,200.0,38.95,B
2021-06-21T14:04:40,300.0,38.95,B
2021-06-21T14:04:40,3000.0,38.95,B
2021-06-21T14:04:40,1000.0,38.95,B
2021-06-21T14:03:54,1100.0,38.95,B
2021-06-21T14:03:46,1000.0,38.95,B
2021-06-21T14:03:19,100.0,38.95,B
2021-06-21T14:03:15,300.0,38.95,B
2021-06-21T14:03:12,300.0,38.95,B
2021-06-21T14:02:58,200.0,38.95,B
2021-06-21T14:02:27,200.0,38.95,B
2021-06-21T14:01:50,100.0,38.95,B
2021-06-21T14:01:00,100.0,38.95,B
2021-06-21T14:00:36,200.0,38.95,B
2021-06-21T13:59:45,200.0,38.95,B
2021-06-21T13:59:27,300.0,38.95,S
2021-06-21T13:59:09,700.0,38.95,S
2021-06-21T13:58:40,900.0,39.0,B
2021-06-21T13:58:37,100.0,39.0,B
2021-06-21T13:58:37,600.0,39.0,B
2021-06-21T13:55:59,100.0,39.0,S
2021-06-21T13:53:11,4500.0,38.9,S
2021-06-21T13:53:05,2000.0,39.0,S
2021-06-21T13:53:05,400.0,39.0,S
2021-06-21T13:53:05,6800.0,39.0,S
2021-06-21T13:53:05,800.0,39.0,S
2021-06-21T13:52:48,1000.0,39.0,S
2021-06-21T13:52:01,1500.0,39.0,S
2021-06-21T13:51:04,5000.0,39.0,S
2021-06-21T13:50:21,200.0,39.1,S
2021-06-21T13:46:00,100.0,39.15,S
2021-06-21T13:45:32,1000.0,39.2,B
2021-06-21T13:42:43,4900.0,39.2,S
2021-06-21T13:42:02,700.0,39.2,S
2021-06-21T13:41:47,500.0,39.25,S
2021-06-21T13:41:34,400.0,39.2,S
2021-06-21T13:41:31,600.0,39.25,S
2021-06-21T13:40:17,5500.0,39.3,S
2021-06-21T13:40:00,700.0,39.3,S
2021-06-21T13:39:59,200.0,39.4,B
2021-06-21T13:37:18,100.0,39.45,B
2021-06-21T13:35:45,1000.0,39.45,B
2021-06-21T13:35:00,100.0,39.45,B
2021-06-21T13:34:53,1200.0,39.45,B
2021-06-21T13:34:40,1000.0,39.45,B
2021-06-21T13:34:26,500.0,39.45,B
2021-06-21T13:34:09,300.0,39.45,B
2021-06-21T13:33:38,1000.0,39.45,B
2021-06-21T13:33:27,600.0,39.3,S
2021-06-21T13:33:23,1000.0,39.3,B
2021-06-21T13:33:19,2000.0,39.3,B
2021-06-21T13:33:11,1000.0,39.3,B
2021-06-21T13:33:04,400.0,39.3,B
2021-06-21T13:33:04,100.0,39.3,B
2021-06-21T13:32:37,1000.0,39.3,B
2021-06-21T13:32:32,1000.0,39.3,B
2021-06-21T13:32:29,100.0,39.25,S
2021-06-21T13:32:07,400.0,39.25,B
2021-06-21T13:32:02,200.0,39.25,B
2021-06-21T13:31:41,300.0,39.25,B
2021-06-21T13:31:40,500.0,39.25,B
2021-06-21T13:31:22,500.0,39.25,B
2021-06-21T13:30:55,4000.0,39.2,B
2021-06-21T13:30:39,1000.0,39.15,B
2021-06-21T13:30:28,1000.0,39.15,B
2021-06-21T13:30:04,1000.0,39.15,B
2021-06-21T13:30:02,3000.0,39.1,B
2021-06-21T13:30:00,1000.0,39.05,B
2021-06-21T13:29:56,200.0,39.05,B
2021-06-21T13:29:55,800.0,39.05,B
2021-06-21T13:29:25,2000.0,39.05,B
2021-06-21T13:29:17,200.0,39.05,B
2021-06-21T13:28:17,400.0,39.05,B
2021-06-21T13:27:45,1000.0,39.0,B
2021-06-21T13:26:53,2000.0,38.9,B
2021-06-21T13:26:27,2000.0,38.85,S
2021-06-21T13:25:26,500.0,38.85,S
2021-06-21T13:25:01,1500.0,38.85,S
2021-06-21T13:24:54,1000.0,38.85,S
2021-06-21T13:23:44,400.0,38.85,S
2021-06-21T13:23:15,100.0,38.85,B
2021-06-21T13:23:12,500.0,38.85,B
2021-06-21T13:23:04,1000.0,38.85,B
2021-06-21T13:22:58,100.0,38.85,B
2021-06-21T13:22:51,1000.0,38.85,B
2021-06-21T13:22:49,1000.0,38.85,B
2021-06-21T13:22:05,6400.0,38.9,B
2021-06-21T13:22:05,1000.0,38.9,B
2021-06-21T13:22:05,2600.0,38.85,B
2021-06-21T13:21:43,5800.0,38.85,S
2021-06-21T13:20:58,300.0,38.85,S
2021-06-21T13:20:52,800.0,38.6,S
2021-06-21T13:20:31,500.0,38.85,S
2021-06-21T13:20:23,1400.0,38.85,S
2021-06-21T13:20:23,600.0,38.8,S
2021-06-21T13:19:41,200.0,38.8,S
2021-06-21T13:19:36,600.0,38.6,S
2021-06-21T13:18:54,200.0,38.8,S
2021-06-21T13:17:27,100.0,38.8,S
2021-06-21T13:17:13,1000.0,38.9,B
2021-06-21T13:17:03,200.0,38.9,B
2021-06-21T13:17:03,100.0,38.8,S
2021-06-21T13:16:28,200.0,38.9,S
2021-06-21T13:15:56,500.0,38.9,S
2021-06-21T13:15:33,1600.0,38.5,S
2021-06-21T13:15:33,5100.0,38.55,S
2021-06-21T13:15:33,3300.0,38.8,S
2021-06-21T13:15:30,2100.0,38.9,S
2021-06-21T13:14:56,200.0,38.9,S
2021-06-21T13:14:52,2900.0,38.9,S
2021-06-21T13:14:52,2200.0,38.9,S
2021-06-21T13:14:52,900.0,38.9,S
2021-06-21T13:14:52,1400.0,38.9,S
2021-06-21T13:14:52,7600.0,38.9,S
2021-06-21T13:14:24,3000.0,38.9,S
2021-06-21T13:14:02,1000.0,39.0,B
2021-06-21T13:13:54,300.0,38.95,S
2021-06-21T13:13:42,100.0,38.9,S
2021-06-21T13:13:18,4000.0,39.0,B
2021-06-21T13:13:17,1000.0,38.9,S
2021-06-21T13:12:55,600.0,38.9,S
2021-06-21T13:12:16,400.0,38.9,S
2021-06-21T13:12:16,300.0,38.9,S
2021-06-21T13:12:16,100.0,38.9,S
2021-06-21T13:12:15,1200.0,38.9,S
2021-06-21T13:12:06,4000.0,38.9,S
2021-06-21T13:11:55,500.0,39.0,S
2021-06-21T13:11:31,500.0,38.9,S
2021-06-21T13:11:19,100.0,38.9,S
2021-06-21T13:11:00,1000.0,39.0,S
2021-06-21T13:10:10,700.0,38.9,S
2021-06-21T13:10:10,4200.0,38.9,S
2021-06-21T13:10:10,100.0,38.95,S
2021-06-21T13:09:35,500.0,38.95,S
2021-06-21T13:09:35,500.0,38.95,S
2021-06-21T13:09:00,100.0,38.95,S
2021-06-21T13:08:44,100.0,38.95,S
2021-06-21T13:08:34,200.0,39.0,S
2021-06-21T13:08:20,800.0,39.0,S
2021-06-21T13:07:23,500.0,39.0,S
2021-06-21T13:07:14,3700.0,39.0,S
2021-06-21T13:06:56,300.0,39.0,S
2021-06-21T13:06:41,1100.0,39.0,S
2021-06-21T13:06:41,100.0,39.0,S
2021-06-21T13:06:29,200.0,39.0,S
2021-06-21T13:06:04,400.0,39.0,S
2021-06-21T13:05:55,500.0,39.0,S
2021-06-21T13:05:41,300.0,39.0,S
2021-06-21T13:04:43,200.0,39.0,S
2021-06-21T13:04:32,400.0,39.0,S
2021-06-21T13:04:32,600.0,39.0,S
2021-06-21T13:04:32,4500.0,39.0,S
2021-06-21T13:04:32,100.0,39.0,S
2021-06-21T13:04:32,400.0,39.0,S
2021-06-21T13:04:06,5000.0,39.0,S
2021-06-21T13:03:58,1700.0,39.0,S
2021-06-21T13:03:58,3200.0,39.0,S
2021-06-21T13:03:52,500.0,39.0,S
2021-06-21T13:03:24,3300.0,39.0,S
2021-06-21T13:03:24,1500.0,39.0,S
2021-06-21T13:03:24,2100.0,39.0,S
2021-06-21T13:03:05,300.0,39.05,S
2021-06-21T13:03:05,300.0,39.1,S
2021-06-21T13:03:05,300.0,39.1,S
2021-06-21T13:03:04,500.0,39.2,S
2021-06-21T13:03:03,1000.0,39.1,S
2021-06-21T13:02:57,500.0,39.2,S
2021-06-21T13:02:57,100.0,39.2,S
2021-06-21T13:02:57,300.0,39.2,S
2021-06-21T13:02:45,500.0,39.25,B
2021-06-21T13:02:23,500.0,39.25,B
2021-06-21T13:01:58,800.0,39.25,B
2021-06-21T13:01:06,1200.0,39.25,S
2021-06-21T13:01:02,100.0,39.25,S
2021-06-21T13:00:44,100.0,39.3,S
2021-06-21T13:00:28,1000.0,39.3,S
2021-06-21T13:00:11,200.0,39.45,B
2021-06-21T13:00:11,100.0,39.25,S
2021-06-21T13:00:11,1200.0,39.25,S
2021-06-21T13:00:11,2000.0,39.3,S
2021-06-21T13:00:09,200.0,39.3,S
2021-06-21T11:28:38,500.0,39.3,S
2021-06-21T11:27:48,200.0,39.3,S
2021-06-21T11:26:39,2000.0,39.3,S
2021-06-21T11:25:33,200.0,39.35,S
2021-06-21T11:25:24,300.0,39.35,S
2021-06-21T11:24:25,1200.0,39.35,S
2021-06-21T11:24:15,3000.0,39.35,S
2021-06-21T11:24:14,200.0,39.35,S
2021-06-21T11:23:46,1400.0,39.35,S
2021-06-21T11:23:26,200.0,39.35,S
2021-06-21T11:23:26,200.0,39.35,S
2021-06-21T11:23:26,100.0,39.4,S
2021-06-21T11:22:54,100.0,39.4,S
2021-06-21T11:22:24,100.0,39.4,S
2021-06-21T11:22:24,5200.0,39.4,S
2021-06-21T11:22:24,300.0,39.4,S
2021-06-21T11:22:23,1400.0,39.45,S
2021-06-21T11:22:17,200.0,39.45,S
2021-06-21T11:22:04,400.0,39.45,S
2021-06-21T11:21:55,1000.0,39.45,S
2021-06-21T11:21:55,900.0,39.45,S
2021-06-21T11:21:32,400.0,39.45,S
2021-06-21T11:19:03,500.0,39.45,S
2021-06-21T11:18:49,500.0,39.45,S
2021-06-21T11:17:59,1400.0,39.5,S
2021-06-21T11:16:56,500.0,39.5,S
2021-06-21T11:16:52,100.0,39.5,B
2021-06-21T11:16:10,900.0,39.5,B
2021-06-21T11:15:56,2000.0,39.5,S
2021-06-21T11:15:49,500.0,39.5,S
2021-06-21T11:14:30,5000.0,39.5,S
2021-06-21T11:13:53,500.0,39.6,S
2021-06-21T11:11:55,1000.0,39.6,B
2021-06-21T11:11:36,500.0,39.6,B
2021-06-21T11:11:35,500.0,39.5,S
2021-06-21T11:11:21,1000.0,39.6,B
2021-06-21T11:10:50,1000.0,39.5,S
2021-06-21T11:07:46,200.0,39.5,S
2021-06-21T11:05:41,1600.0,39.5,S
2021-06-21T11:05:41,400.0,39.5,S
2021-06-21T11:02:09,100.0,39.5,S
2021-06-21T11:00:26,2300.0,39.5,S
2021-06-21T10:58:19,600.0,39.5,S
2021-06-21T10:58:06,100.0,39.6,B
2021-06-21T10:57:36,1100.0,39.6,B
2021-06-21T10:56:59,100.0,39.6,B
2021-06-21T10:56:35,300.0,39.6,B
2021-06-21T10:55:48,3000.0,39.6,B
2021-06-21T10:54:55,500.0,39.6,B
2021-06-21T10:54:27,100.0,39.5,B
2021-06-21T10:54:26,1000.0,39.5,B
2021-06-21T10:54:26,200.0,39.5,B
2021-06-21T10:54:00,1500.0,39.5,B
2021-06-21T10:53:59,500.0,39.5,B
2021-06-21T10:53:14,300.0,39.5,B
2021-06-21T10:52:48,200.0,39.5,B
2021-06-21T10:52:35,1000.0,39.5,B
2021-06-21T10:52:05,200.0,39.45,B
2021-06-21T10:51:59,1000.0,39.45,B
2021-06-21T10:51:15,1000.0,39.45,B
2021-06-21T10:49:42,100.0,39.4,B
2021-06-21T10:48:16,2000.0,39.4,B
2021-06-21T10:48:10,1000.0,39.3,S
2021-06-21T10:47:15,1000.0,39.35,B
2021-06-21T10:46:41,200.0,39.35,S
2021-06-21T10:46:19,100.0,39.35,S
2021-06-21T10:45:59,300.0,39.4,B
2021-06-21T10:45:29,100.0,39.4,B
2021-06-21T10:45:11,200.0,39.4,S
2021-06-21T10:45:11,200.0,39.4,S
2021-06-21T10:44:28,300.0,39.4,S
2021-06-21T10:44:01,1000.0,39.45,B
2021-06-21T10:42:54,400.0,39.4,S
2021-06-21T10:42:38,100.0,39.4,B
2021-06-21T10:42:36,300.0,39.4,S
2021-06-21T10:42:36,4400.0,39.4,S
2021-06-21T10:42:26,400.0,39.45,S
2021-06-21T10:41:34,100.0,39.5,B
2021-06-21T10:41:12,2000.0,39.5,B
2021-06-21T10:39:33,100.0,39.5,B
2021-06-21T10:38:56,200.0,39.5,B
2021-06-21T10:38:33,100.0,39.5,B
2021-06-21T10:37:57,200.0,39.5,B
2021-06-21T10:37:13,200.0,39.5,B
2021-06-21T10:36:50,200.0,39.5,B
2021-06-21T10:36:35,100.0,39.5,S
2021-06-21T10:36:22,200.0,39.5,S
2021-06-21T10:36:18,3900.0,39.5,S
2021-06-21T10:35:57,700.0,39.5,S
2021-06-21T10:35:50,1500.0,39.65,B
2021-06-21T10:35:13,100.0,39.65,B
2021-06-21T10:35:01,300.0,39.65,S
2021-06-21T10:34:59,3300.0,39.5,S
2021-06-21T10:34:59,3700.0,39.6,S
2021-06-21T10:34:47,500.0,39.65,S
2021-06-21T10:34:19,800.0,39.65,S
2021-06-21T10:34:12,2100.0,39.7,B
2021-06-21T10:34:02,3000.0,39.7,B
2021-06-21T10:33:58,700.0,39.65,S
2021-06-21T10:33:58,300.0,39.65,S
2021-06-21T10:33:26,2000.0,39.7,S
2021-06-21T10:33:21,100.0,39.7,S
2021-06-21T10:33:17,1000.0,39.65,S
2021-06-21T10:32:43,2800.0,39.7,S
2021-06-21T10:32:41,200.0,39.7,S
2021-06-21T10:31:33,1000.0,39.7,S
2021-06-21T10:30:47,1900.0,39.7,S
2021-06-21T10:29:45,500.0,39.7,S
2021-06-21T10:29:30,500.0,39.75,S
2021-06-21T10:29:29,400.0,39.75,S
2021-06-21T10:29:29,200.0,39.75,S
2021-06-21T10:28:58,100.0,39.75,S
2021-06-21T10:26:49,700.0,39.75,B
2021-06-21T10:25:09,1400.0,39.75,S
2021-06-21T10:24:34,500.0,39.8,B
2021-06-21T10:23:45,100.0,39.8,B
2021-06-21T10:23:30,500.0,39.8,B
2021-06-21T10:22:27,300.0,39.8,S
2021-06-21T10:21:35,200.0,39.8,S
2021-06-21T10:21:32,1000.0,39.8,S
2021-06-21T10:20:52,400.0,39.8,S
2021-06-21T10:20:52,200.0,39.8,S
2021-06-21T10:19:47,300.0,39.8,S
2021-06-21T10:18:57,1000.0,39.75,S
2021-06-21T10:18:36,100.0,39.8,S
2021-06-21T10:18:26,300.0,39.8,B
2021-06-21T10:17:58,1700.0,39.8,S
2021-06-21T10:17:58,300.0,39.8,S
2021-06-21T10:17:58,800.0,39.8,S
2021-06-21T10:17:39,500.0,39.8,S
2021-06-21T10:17:11,900.0,39.85,S
2021-06-21T10:17:06,300.0,39.9,B
2021-06-21T10:17:04,2000.0,39.9,B
2021-06-21T10:16:52,300.0,39.85,S
2021-06-21T10:16:52,200.0,39.85,S
2021-06-21T10:16:52,400.0,39.85,S
2021-06-21T10:15:09,100.0,39.9,S
2021-06-21T10:15:03,1900.0,39.9,S
2021-06-21T10:14:41,200.0,39.9,S
2021-06-21T10:13:53,200.0,39.9,S
2021-06-21T10:13:35,100.0,39.9,S
2021-06-21T10:12:18,400.0,39.9,S
2021-06-21T10:11:39,100.0,40.0,B
2021-06-21T10:10:07,600.0,40.0,B
2021-06-21T10:09:11,500.0,39.85,S
2021-06-21T10:07:49,300.0,40.0,B
2021-06-21T10:07:38,200.0,39.85,S
2021-06-21T10:06:08,500.0,39.8,S
2021-06-21T10:06:03,200.0,39.9,S
2021-06-21T10:06:03,800.0,40.1,B
2021-06-21T10:06:03,700.0,40.1,B
2021-06-21T10:06:03,5300.0,40.1,B
2021-06-21T10:05:59,5500.0,40.0,B
2021-06-21T10:05:58,100.0,39.95,S
2021-06-21T10:05:54,200.0,39.95,S
2021-06-21T10:05:45,500.0,40.0,B
2021-06-21T10:05:35,2000.0,40.0,B
2021-06-21T10:05:35,8000.0,40.0,B
2021-06-21T10:05:25,300.0,40.0,B
2021-06-21T10:05:14,500.0,40.0,B
2021-06-21T10:04:36,200.0,40.0,B
2021-06-21T10:04:31,6600.0,40.0,B
2021-06-21T10:04:23,1500.0,40.0,B
2021-06-21T10:04:17,300.0,40.0,B
2021-06-21T10:04:16,700.0,40.0,B
2021-06-21T10:04:03,500.0,40.0,B
2021-06-21T10:03:52,300.0,40.0,B
2021-06-21T10:03:28,1700.0,40.0,B
2021-06-21T10:03:28,300.0,39.95,B
2021-06-21T10:03:17,500.0,39.85,S
2021-06-21T10:03:16,1000.0,39.95,B
2021-06-21T10:02:39,1000.0,39.95,B
2021-06-21T10:00:19,300.0,39.8,B
2021-06-21T10:00:18,100.0,39.8,B
2021-06-21T10:00:16,400.0,39.8,B
2021-06-21T09:59:56,1600.0,39.8,B
2021-06-21T09:59:51,800.0,39.8,B
2021-06-21T09:59:46,1100.0,39.8,B
2021-06-21T09:58:56,100.0,39.7,S
2021-06-21T09:58:56,100.0,39.75,B
2021-06-21T09:58:26,300.0,39.75,B
2021-06-21T09:58:19,200.0,39.75,B
2021-06-21T09:57:39,600.0,39.75,S
2021-06-21T09:57:10,1600.0,39.8,B
2021-06-21T09:57:05,2600.0,39.9,B
2021-06-21T09:56:51,300.0,39.8,B
2021-06-21T09:56:29,200.0,39.8,B
2021-06-21T09:56:04,1100.0,39.8,B
2021-06-21T09:56:04,1300.0,39.8,B
2021-06-21T09:56:01,600.0,39.7,S
2021-06-21T09:56:01,500.0,39.75,S
2021-06-21T09:56:00,300.0,39.75,S
2021-06-21T09:55:50,200.0,39.8,B
2021-06-21T09:55:29,500.0,39.8,B
2021-06-21T09:55:25,200.0,39.75,S
2021-06-21T09:55:16,100.0,39.8,B
2021-06-21T09:54:49,100.0,39.75,S
2021-06-21T09:54:46,100.0,39.8,B
2021-06-21T09:54:06,100.0,39.8,B
2021-06-21T09:53:48,100.0,39.8,B
2021-06-21T09:53:29,500.0,39.8,S
2021-06-21T09:53:29,100.0,39.8,S
2021-06-21T09:53:01,900.0,39.8,S
2021-06-21T09:53:01,100.0,39.8,S
2021-06-21T09:52:58,500.0,39.8,S
2021-06-21T09:52:45,1000.0,39.8,S
2021-06-21T09:52:23,500.0,39.8,S
2021-06-21T09:51:50,1000.0,39.8,S
2021-06-21T09:51:47,700.0,39.85,S
2021-06-21T09:51:44,2000.0,39.9,B
2021-06-21T09:51:35,20000.0,39.8,S
2021-06-21T09:51:20,600.0,39.9,B
2021-06-21T09:51:08,800.0,39.85,S
2021-06-21T09:50:54,1600.0,39.9,B
2021-06-21T09:50:21,500.0,39.9,S
2021-06-21T09:50:17,4000.0,39.9,S
2021-06-21T09:49:58,100.0,39.9,S
2021-06-21T09:49:56,200.0,39.95,B
2021-06-21T09:49:54,1000.0,39.9,S
2021-06-21T09:49:48,500.0,39.9,S
2021-06-21T09:49:42,100.0,39.9,S
2021-06-21T09:49:26,2000.0,39.9,S
2021-06-21T09:49:16,2000.0,39.9,S
2021-06-21T09:48:51,100.0,39.95,B
2021-06-21T09:48:42,5000.0,39.9,S
2021-06-21T09:48:08,300.0,39.9,S
2021-06-21T09:48:02,2100.0,39.9,S
2021-06-21T09:47:53,2000.0,39.95,S
2021-06-21T09:47:50,300.0,40.0,B
2021-06-21T09:47:43,1000.0,39.95,S
2021-06-21T09:47:31,400.0,39.95,S
2021-06-21T09:47:27,1000.0,40.0,B
2021-06-21T09:47:21,200.0,40.0,B
2021-06-21T09:46:42,300.0,40.0,S
2021-06-21T09:45:57,300.0,40.0,S
2021-06-21T09:45:32,3000.0,40.0,S
2021-06-21T09:45:13,100.0,40.0,S
2021-06-21T09:45:13,200.0,40.0,S
2021-06-21T09:45:13,1100.0,40.0,S
2021-06-21T09:45:13,400.0,40.0,S
2021-06-21T09:45:13,1100.0,40.0,S
2021-06-21T09:45:13,4100.0,40.0,S
2021-06-21T09:45:13,8300.0,40.0,S
2021-06-21T09:45:05,600.0,40.0,S
2021-06-21T09:45:05,1400.0,40.0,S
2021-06-21T09:44:58,500.0,40.1,S
2021-06-21T09:44:30,500.0,40.1,S
2021-06-21T09:44:30,4800.0,40.1,S
2021-06-21T09:44:19,2600.0,40.1,S
2021-06-21T09:44:14,500.0,40.1,S
2021-06-21T09:44:10,500.0,40.15,B
2021-06-21T09:43:53,100.0,40.1,S
2021-06-21T09:43:49,2000.0,40.1,S
2021-06-21T09:43:40,100.0,40.1,S
2021-06-21T09:43:40,500.0,40.1,S
2021-06-21T09:43:33,200.0,40.15,B
2021-06-21T09:43:27,100.0,40.1,S
2021-06-21T09:43:12,800.0,40.1,S
2021-06-21T09:42:39,100.0,40.1,S
2021-06-21T09:42:19,400.0,40.1,S
2021-06-21T09:41:59,100.0,40.1,S
2021-06-21T09:41:55,500.0,40.15,B
2021-06-21T09:41:51,300.0,40.15,B
2021-06-21T09:41:47,2500.0,40.15,B
2021-06-21T09:41:29,1000.0,40.15,B
2021-06-21T09:41:25,100.0,40.1,S
2021-06-21T09:41:09,600.0,40.15,B
2021-06-21T09:41:06,2700.0,40.05,S
2021-06-21T09:40:55,500.0,40.1,S
2021-06-21T09:40:47,1000.0,40.1,S
2021-06-21T09:40:38,1600.0,40.1,S
2021-06-21T09:39:38,1000.0,40.1,S
2021-06-21T09:39:17,200.0,40.1,S
2021-06-21T09:38:54,100.0,40.1,S
2021-06-21T09:38:27,500.0,40.1,S
2021-06-21T09:37:41,1000.0,40.0,B
2021-06-21T09:37:35,1000.0,40.45,B
2021-06-21T09:37:31,500.0,40.0,B
2021-06-21T09:37:29,100.0,40.0,B
2021-06-21T09:37:11,2400.0,40.0,B
2021-06-21T09:37:11,2600.0,40.0,B
2021-06-21T09:36:50,500.0,40.5,B
2021-06-21T09:36:35,1000.0,40.65,B
2021-06-21T09:36:07,1200.0,40.65,B
2021-06-21T09:36:04,500.0,40.5,B
2021-06-21T09:36:02,500.0,40.3,B
2021-06-21T09:36:00,300.0,40.3,B
2021-06-21T09:35:36,100.0,40.65,B
2021-06-21T09:35:35,3000.0,40.2,B
2021-06-21T09:35:34,1700.0,40.65,B
2021-06-21T09:35:28,200.0,40.5,B
2021-06-21T09:35:20,1000.0,40.3,B
2021-06-21T09:35:02,100.0,40.5,B
2021-06-21T09:34:58,100.0,40.5,B
2021-06-21T09:34:52,500.0,40.5,B
2021-06-21T09:34:45,10400.0,40.5,B
2021-06-21T09:34:43,900.0,40.5,B
2021-06-21T09:34:34,500.0,40.5,B
2021-06-21T09:34:30,200.0,40.2,B
2021-06-21T09:34:16,300.0,40.3,B
2021-06-21T09:34:15,800.0,40.2,B
2021-06-21T09:34:05,700.0,40.2,B
2021-06-21T09:34:02,100.0,40.2,B
2021-06-21T09:33:59,300.0,40.2,B
2021-06-21T09:33:54,10600.0,40.2,B
2021-06-21T09:33:49,2000.0,40.0,B
2021-06-21T09:33:45,1000.0,40.0,B
2021-06-21T09:33:37,400.0,40.0,B
2021-06-21T09:33:29,100.0,40.0,B
2021-06-21T09:33:27,200.0,39.9,S
2021-06-21T09:33:24,10000.0,40.0,B
2021-06-21T09:33:17,300.0,40.0,B
2021-06-21T09:33:16,9500.0,40.0,B
2021-06-21T09:32:48,400.0,40.0,B
2021-06-21T09:32:48,600.0,39.95,B
2021-06-21T09:32:36,2000.0,39.9,B
2021-06-21T09:32:13,6100.0,39.9,B
2021-06-21T09:32:07,500.0,39.8,B
2021-06-21T09:32:06,100.0,39.8,B
2021-06-21T09:31:53,1000.0,39.8,B
2021-06-21T09:31:52,100.0,39.8,B
2021-06-21T09:31:40,1200.0,39.8,B
2021-06-21T09:31:34,900.0,39.8,B
2021-06-21T09:31:33,100.0,39.8,B
2021-06-21T09:31:29,1000.0,39.8,B
2021-06-21T09:31:18,1000.0,39.7,B
2021-06-21T09:31:14,300.0,39.8,B
2021-06-21T09:31:07,400.0,39.8,B
2021-06-21T09:31:07,1300.0,39.8,B
2021-06-21T09:31:07,1700.0,39.8,B
2021-06-21T09:31:06,1000.0,39.8,B
2021-06-21T09:30:44,1400.0,39.7,B
2021-06-21T09:30:44,3400.0,39.7,B
2021-06-21T09:30:44,500.0,39.6,B
2021-06-21T09:30:28,100.0,39.6,B
2021-06-21T09:30:25,2000.0,39.6,B
2021-06-21T09:30:21,2500.0,39.6,B
2021-06-21T09:30:15,200.0,39.55,B
2021-06-21T09:30:06,2000.0,39.55,B
2021-06-21T09:29:59,300.0,39.55,B
2021-06-21T09:29:48,3500.0,39.55,B
2021-06-21T09:29:36,1000.0,39.7,B
2021-06-21T09:29:29,1000.0,39.6,B
2021-06-21T09:29:23,1000.0,39.6,B
2021-06-21T09:29:21,5400.0,39.6,B
2021-06-21T09:29:09,200.0,39.55,B
2021-06-21T09:29:02,500.0,39.6,B
2021-06-21T09:28:57,200.0,39.6,B
2021-06-21T09:28:32,1000.0,39.6,B
2021-06-21T09:28:22,2000.0,39.6,B
2021-06-21T09:28:06,400.0,39.55,B
2021-06-21T09:27:50,400.0,39.5,B
2021-06-21T09:27:36,200.0,39.55,B
2021-06-21T09:27:06,200.0,39.5,B
2021-06-21T09:27:03,1000.0,39.5,B
2021-06-21T09:27:03,300.0,39.5,B
2021-06-21T09:26:57,1000.0,39.5,B
2021-06-21T09:26:41,500.0,39.5,B
2021-06-21T09:26:33,300.0,39.5,B
2021-06-21T09:26:32,4000.0,39.5,B
2021-06-21T09:26:26,500.0,39.5,B
2021-06-21T09:26:20,500.0,39.5,B
2021-06-21T09:26:11,500.0,39.5,B
2021-06-21T09:26:07,2000.0,39.5,B
2021-06-21T09:25:57,100.0,39.5,B
2021-06-21T09:25:45,200.0,39.5,B
2021-06-21T09:25:42,600.0,39.5,B
2021-06-21T09:25:34,1000.0,39.3,S
2021-06-21T09:24:32,300.0,39.5,B
2021-06-21T09:24:29,600.0,39.5,B
2021-06-21T09:24:25,100.0,39.2,S
2021-06-21T09:24:12,1000.0,39.5,B
2021-06-21T09:23:57,1000.0,39.5,S
2021-06-21T09:23:48,2000.0,39.2,S
2021-06-21T09:23:41,3500.0,39.5,S
2021-06-21T09:23:38,800.0,39.5,S
2021-06-21T09:23:28,1000.0,39.5,S
2021-06-21T09:23:28,2400.0,39.5,S
2021-06-21T09:23:28,900.0,39.5,S
2021-06-21T09:23:28,2000.0,39.5,S
2021-06-21T09:23:28,1800.0,39.5,S
2021-06-21T09:23:28,2900.0,39.5,S
2021-06-21T09:23:19,100.0,39.6,B
2021-06-21T09:23:09,200.0,39.55,S
2021-06-21T09:23:05,1500.0,39.6,B
2021-06-21T09:23:01,200.0,39.6,B
2021-06-21T09:22:59,100.0,39.6,B
2021-06-21T09:22:50,1000.0,39.6,B
2021-06-21T09:22:47,1000.0,39.55,S
2021-06-21T09:22:41,1000.0,39.7,B
2021-06-21T09:22:25,300.0,39.5,S
2021-06-21T09:22:23,200.0,39.6,B
2021-06-21T09:22:00,1000.0,39.5,S
2021-06-21T09:21:46,1700.0,39.7,B
2021-06-21T09:21:46,700.0,39.7,B
2021-06-21T09:21:46,200.0,39.7,B
2021-06-21T09:21:46,600.0,39.65,B
2021-06-21T09:21:46,800.0,39.6,B
2021-06-21T09:21:46,1000.0,39.6,B
2021-06-21T09:21:38,900.0,39.5,S
2021-06-21T09:21:38,1100.0,39.5,S
2021-06-21T09:21:04,2000.0,39.5,S
2021-06-21T09:20:51,200.0,39.55,S
2021-06-21T09:20:51,700.0,39.6,B
2021-06-21T09:20:51,100.0,39.6,B
2021-06-21T09:20:51,700.0,39.6,B
2021-06-21T09:20:40,3000.0,39.5,S
2021-06-21T09:20:38,2000.0,39.5,S
2021-06-21T09:20:23,1500.0,39.5,S
2021-06-21T09:20:23,200.0,39.6,B
2021-06-21T09:20:11,700.0,39.5,S
2021-06-21T09:20:04,400.0,39.6,B
2021-06-21T09:19:57,1000.0,39.6,B
2021-06-21T09:19:55,900.0,39.6,B
2021-06-21T09:19:41,600.0,39.6,B
2021-06-21T09:19:41,100.0,39.6,B
2021-06-21T09:19:36,100.0,39.6,B
2021-06-21T09:19:23,1000.0,39.5,S
2021-06-21T09:19:21,400.0,39.6,B
2021-06-21T09:19:16,500.0,39.5,S
2021-06-21T09:19:12,1100.0,39.5,S
2021-06-21T09:19:02,100.0,39.5,S
2021-06-21T09:18:56,500.0,39.5,S
2021-06-21T09:18:55,3000.0,39.5,S
2021-06-21T09:18:54,200.0,39.5,S
2021-06-21T09:18:40,1000.0,39.5,S
2021-06-21T09:18:37,1800.0,39.5,S
2021-06-21T09:18:31,100.0,39.5,S
2021-06-21T09:18:23,1000.0,39.5,S
2021-06-21T09:18:10,1000.0,39.5,B
2021-06-21T09:18:09,3100.0,39.5,B
2021-06-21T09:17:58,100.0,39.5,B
2021-06-21T09:17:51,100.0,39.5,B
2021-06-21T09:17:47,3600.0,39.5,B
2021-06-21T09:17:28,2000.0,39.5,B
2021-06-21T09:17:15,500.0,39.5,B
2021-06-21T09:17:13,200.0,39.05,S
2021-06-21T09:17:01,100.0,39.5,B
2021-06-21T09:16:52,300.0,39.5,B
2021-06-21T09:16:50,700.0,39.45,B
2021-06-21T09:16:21,200.0,39.05,S
2021-06-21T09:16:21,3000.0,39.05,S
