tradingTime,volume,price,side
2021-06-21T14:23:14,2000.0,40.45,S
2021-06-21T14:23:06,2300.0,40.55,B
2021-06-21T14:23:06,7700.0,40.5,B
2021-06-21T14:22:15,1200.0,40.5,S
2021-06-21T14:22:02,1000.0,40.5,S
2021-06-21T14:21:56,1000.0,40.5,S
2021-06-21T14:21:52,1400.0,40.55,B
2021-06-21T14:21:25,8000.0,40.5,S
2021-06-21T14:21:19,800.0,40.55,B
2021-06-21T14:20:17,1000.0,40.5,S
2021-06-21T14:20:08,1000.0,40.5,S
2021-06-21T14:19:58,1000.0,40.5,S
2021-06-21T14:19:14,100.0,40.5,S
2021-06-21T14:18:04,1400.0,40.55,S
2021-06-21T14:17:48,400.0,40.55,S
2021-06-21T14:17:42,200.0,40.55,S
2021-06-21T14:15:49,200.0,40.55,S
2021-06-21T14:15:46,600.0,40.9,B
2021-06-21T14:15:18,2000.0,40.55,S
2021-06-21T14:13:32,1000.0,40.7,B
2021-06-21T14:12:23,100.0,40.95,B
2021-06-21T14:12:23,200.0,40.95,B
2021-06-21T14:12:23,2600.0,40.85,B
2021-06-21T14:12:21,4000.0,40.8,B
2021-06-21T14:12:21,1800.0,40.8,B
2021-06-21T14:12:21,600.0,40.8,B
2021-06-21T14:12:21,700.0,40.7,B
2021-06-21T14:11:37,800.0,40.6,S
2021-06-21T14:11:06,2300.0,40.5,S
2021-06-21T14:10:39,200.0,40.6,S
2021-06-21T14:10:36,700.0,40.6,S
2021-06-21T14:10:36,100.0,40.6,S
2021-06-21T14:10:12,1000.0,40.6,S
2021-06-21T14:09:43,400.0,40.65,B
2021-06-21T14:09:39,500.0,40.6,S
2021-06-21T14:09:10,500.0,40.6,S
2021-06-21T14:08:17,400.0,40.6,B
2021-06-21T14:07:35,800.0,40.6,B
2021-06-21T14:07:34,100.0,40.6,B
2021-06-21T14:07:13,200.0,40.6,B
2021-06-21T14:07:01,5600.0,40.6,S
2021-06-21T14:05:37,1000.0,40.6,S
2021-06-21T14:05:07,500.0,40.6,S
2021-06-21T14:05:00,100.0,40.6,S
2021-06-21T14:03:19,1000.0,40.6,S
2021-06-21T14:03:19,200.0,40.6,S
2021-06-21T14:02:44,100.0,40.6,B
2021-06-21T14:01:53,2000.0,40.6,B
2021-06-21T14:00:54,500.0,40.6,B
2021-06-21T14:00:49,2500.0,40.5,S
2021-06-21T14:00:17,300.0,40.5,S
2021-06-21T13:58:52,500.0,40.5,S
2021-06-21T13:58:49,200.0,40.5,S
2021-06-21T13:58:18,200.0,40.5,S
2021-06-21T13:58:02,2000.0,40.5,S
2021-06-21T13:55:27,100.0,40.4,S
2021-06-21T13:55:19,1500.0,40.4,S
2021-06-21T13:55:19,3500.0,40.5,S
2021-06-21T13:55:04,500.0,40.5,S
2021-06-21T13:54:52,900.0,40.5,S
2021-06-21T13:54:22,200.0,40.5,S
2021-06-21T13:52:54,200.0,40.5,S
2021-06-21T13:52:53,600.0,40.5,S
2021-06-21T13:52:32,200.0,40.5,S
2021-06-21T13:50:44,200.0,40.5,S
2021-06-21T13:50:37,100.0,40.5,S
2021-06-21T13:47:01,3300.0,40.4,S
2021-06-21T13:47:01,1300.0,40.4,S
2021-06-21T13:47:01,8400.0,40.4,S
2021-06-21T13:46:46,2000.0,40.5,S
2021-06-21T13:45:48,100.0,40.5,S
2021-06-21T13:44:55,300.0,40.8,B
2021-06-21T13:44:55,100.0,40.8,B
2021-06-21T13:44:55,600.0,40.7,B
2021-06-21T13:44:53,100.0,40.5,S
2021-06-21T13:44:16,3000.0,40.5,S
2021-06-21T13:43:48,3800.0,40.5,B
2021-06-21T13:43:08,200.0,40.5,B
2021-06-21T13:43:06,1000.0,40.5,B
2021-06-21T13:43:02,100.0,40.4,S
2021-06-21T13:42:30,1500.0,40.4,S
2021-06-21T13:42:28,100.0,40.5,B
2021-06-21T13:42:16,600.0,40.4,S
2021-06-21T13:41:53,1000.0,40.4,S
2021-06-21T13:41:44,10100.0,40.5,S
2021-06-21T13:41:24,1700.0,40.6,S
2021-06-21T13:41:12,10000.0,40.6,S
2021-06-21T13:41:05,1000.0,40.6,S
2021-06-21T13:40:38,1400.0,40.7,S
2021-06-21T13:40:38,1900.0,40.7,S
2021-06-21T13:39:56,1000.0,40.7,S
2021-06-21T13:39:56,4000.0,40.8,B
2021-06-21T13:39:54,100.0,40.75,B
2021-06-21T13:38:45,300.0,40.8,B
2021-06-21T13:38:44,100.0,40.7,S
2021-06-21T13:38:35,200.0,40.7,S
2021-06-21T13:38:34,300.0,40.7,S
2021-06-21T13:38:18,1000.0,40.7,S
2021-06-21T13:36:58,1000.0,40.7,S
2021-06-21T13:36:03,100.0,40.7,S
2021-06-21T13:35:32,500.0,40.7,S
2021-06-21T13:35:09,7000.0,40.8,B
2021-06-21T13:35:07,100.0,40.7,B
2021-06-21T13:35:06,500.0,40.7,B
2021-06-21T13:34:50,2000.0,40.7,B
2021-06-21T13:34:23,4300.0,40.7,B
2021-06-21T13:33:37,1000.0,40.6,S
2021-06-21T13:32:50,700.0,40.7,B
2021-06-21T13:32:37,3400.0,40.7,S
2021-06-21T13:32:07,1800.0,40.8,B
2021-06-21T13:31:59,900.0,40.75,S
2021-06-21T13:31:27,1000.0,40.75,S
2021-06-21T13:30:36,700.0,40.8,B
2021-06-21T13:30:10,10000.0,40.8,B
2021-06-21T13:30:08,200.0,40.7,B
2021-06-21T13:29:41,700.0,40.7,S
2021-06-21T13:29:40,1000.0,40.7,S
2021-06-21T13:29:38,200.0,40.7,S
2021-06-21T13:29:27,2300.0,40.7,S
2021-06-21T13:28:43,300.0,40.7,B
2021-06-21T13:28:35,700.0,40.7,B
2021-06-21T13:28:16,6800.0,40.7,B
2021-06-21T13:28:16,100.0,40.7,B
2021-06-21T13:28:16,2400.0,40.6,B
2021-06-21T13:28:10,200.0,40.6,B
2021-06-21T13:28:08,3000.0,40.6,B
2021-06-21T13:27:51,1000.0,40.6,B
2021-06-21T13:27:43,1700.0,40.5,B
2021-06-21T13:27:32,5000.0,40.5,B
2021-06-21T13:27:26,1700.0,40.4,S
2021-06-21T13:27:25,5000.0,40.5,B
2021-06-21T13:27:22,900.0,40.5,B
2021-06-21T13:26:53,200.0,40.5,B
2021-06-21T13:26:32,1000.0,40.5,B
2021-06-21T13:25:59,1500.0,40.3,S
2021-06-21T13:25:57,5800.0,40.3,S
2021-06-21T13:25:57,600.0,40.4,B
2021-06-21T13:25:39,200.0,40.3,S
2021-06-21T13:25:21,300.0,40.3,B
2021-06-21T13:25:01,200.0,40.3,B
2021-06-21T13:24:54,200.0,40.3,B
2021-06-21T13:24:49,2000.0,40.2,S
2021-06-21T13:24:48,1000.0,40.3,B
2021-06-21T13:24:29,1000.0,40.3,B
2021-06-21T13:24:29,200.0,40.3,B
2021-06-21T13:24:26,7000.0,40.3,B
2021-06-21T13:24:22,5000.0,40.3,B
2021-06-21T13:24:04,200.0,40.3,B
2021-06-21T13:23:49,100.0,40.3,B
2021-06-21T13:23:18,800.0,40.2,B
2021-06-21T13:23:17,2400.0,40.15,S
2021-06-21T13:23:17,500.0,40.15,S
2021-06-21T13:23:17,6700.0,40.15,S
2021-06-21T13:23:06,5000.0,40.2,B
2021-06-21T13:22:58,200.0,40.2,B
2021-06-21T13:22:41,600.0,40.2,B
2021-06-21T13:22:30,5000.0,40.2,B
2021-06-21T13:21:55,500.0,40.15,B
2021-06-21T13:21:31,800.0,40.15,B
2021-06-21T13:20:49,100.0,40.15,B
2021-06-21T13:19:14,100.0,40.1,B
2021-06-21T13:19:13,1000.0,40.1,B
2021-06-21T13:18:55,200.0,40.2,B
2021-06-21T13:18:54,400.0,40.1,B
2021-06-21T13:18:53,600.0,40.1,B
2021-06-21T13:18:48,800.0,40.1,B
2021-06-21T13:18:45,500.0,40.1,B
2021-06-21T13:18:41,500.0,40.1,B
2021-06-21T13:18:36,1500.0,40.1,B
2021-06-21T13:18:36,1000.0,40.1,B
2021-06-21T13:18:36,3000.0,40.1,B
2021-06-21T13:18:36,100.0,40.15,B
2021-06-21T13:18:36,200.0,40.15,B
2021-06-21T13:18:30,3000.0,40.2,B
2021-06-21T13:18:21,200.0,40.15,B
2021-06-21T13:18:03,100.0,40.15,B
2021-06-21T13:18:01,200.0,40.15,B
2021-06-21T13:17:29,100.0,40.15,B
2021-06-21T13:17:17,100.0,40.15,B
2021-06-21T13:17:09,400.0,40.1,B
2021-06-21T13:16:56,800.0,40.05,S
2021-06-21T13:16:56,200.0,40.05,S
2021-06-21T13:16:46,300.0,40.2,B
2021-06-21T13:16:44,200.0,40.1,S
2021-06-21T13:16:42,3000.0,40.2,B
2021-06-21T13:16:20,1000.0,40.05,S
2021-06-21T13:16:14,100.0,40.05,S
2021-06-21T13:16:07,3000.0,40.05,S
2021-06-21T13:16:04,700.0,40.1,S
2021-06-21T13:15:58,900.0,40.1,S
2021-06-21T13:15:53,100.0,40.1,S
2021-06-21T13:15:41,1000.0,40.05,S
2021-06-21T13:15:39,1500.0,40.05,S
2021-06-21T13:15:39,1400.0,40.05,S
2021-06-21T13:15:39,1300.0,40.05,S
2021-06-21T13:15:39,800.0,40.05,S
2021-06-21T13:15:06,200.0,40.05,S
2021-06-21T13:15:06,100.0,40.15,S
2021-06-21T13:15:03,200.0,40.1,S
2021-06-21T13:14:42,1000.0,40.2,B
2021-06-21T13:14:38,1600.0,40.05,S
2021-06-21T13:14:36,500.0,40.1,S
2021-06-21T13:14:28,1000.0,40.2,B
2021-06-21T13:14:20,3500.0,40.0,S
2021-06-21T13:14:15,1000.0,40.0,S
2021-06-21T13:14:15,14000.0,40.0,S
2021-06-21T13:14:05,200.0,40.2,B
2021-06-21T13:14:02,100.0,40.2,B
2021-06-21T13:14:01,100.0,40.2,B
2021-06-21T13:13:58,200.0,40.2,B
2021-06-21T13:13:56,100.0,40.2,B
2021-06-21T13:13:56,8100.0,40.0,S
2021-06-21T13:13:56,200.0,40.0,S
2021-06-21T13:13:55,1700.0,40.0,S
2021-06-21T13:13:51,600.0,40.0,S
2021-06-21T13:13:51,2400.0,40.05,S
2021-06-21T13:13:46,300.0,40.2,B
2021-06-21T13:13:42,700.0,40.2,B
2021-06-21T13:13:41,200.0,40.2,B
2021-06-21T13:13:40,100.0,40.2,B
2021-06-21T13:13:36,100.0,40.2,B
2021-06-21T13:13:32,1500.0,40.2,B
2021-06-21T13:13:32,1000.0,40.2,B
2021-06-21T13:13:30,500.0,40.1,S
2021-06-21T13:13:28,4500.0,40.1,S
2021-06-21T13:13:25,700.0,40.1,S
2021-06-21T13:13:19,100.0,40.2,S
2021-06-21T13:13:17,5000.0,40.2,S
2021-06-21T13:13:15,200.0,40.2,S
2021-06-21T13:13:11,1000.0,40.2,S
2021-06-21T13:13:06,1000.0,40.2,S
2021-06-21T13:13:05,100.0,40.2,S
2021-06-21T13:12:59,5000.0,40.2,S
2021-06-21T13:12:58,100.0,40.2,S
2021-06-21T13:12:55,100.0,40.2,S
2021-06-21T13:12:40,100.0,40.2,S
2021-06-21T13:12:33,2000.0,40.2,S
2021-06-21T13:12:32,300.0,40.2,S
2021-06-21T13:12:24,300.0,40.2,S
2021-06-21T13:12:16,5000.0,40.2,S
2021-06-21T13:12:14,100.0,40.2,S
2021-06-21T13:12:12,200.0,40.2,S
2021-06-21T13:12:02,1800.0,40.2,S
2021-06-21T13:11:56,100.0,40.2,S
2021-06-21T13:11:42,100.0,40.2,S
2021-06-21T13:11:39,200.0,40.2,S
2021-06-21T13:11:37,1000.0,40.2,S
2021-06-21T13:11:35,100.0,40.2,S
2021-06-21T13:11:35,1000.0,40.2,S
2021-06-21T13:11:33,200.0,40.2,S
2021-06-21T13:11:30,1000.0,40.2,S
2021-06-21T13:11:06,500.0,40.2,S
2021-06-21T13:11:06,100.0,40.2,S
2021-06-21T13:11:05,200.0,40.2,S
2021-06-21T13:10:49,100.0,40.2,S
2021-06-21T13:10:47,500.0,40.2,S
2021-06-21T13:10:46,200.0,40.2,S
2021-06-21T13:10:46,300.0,40.2,S
2021-06-21T13:10:46,7200.0,40.2,S
2021-06-21T13:10:32,1000.0,40.25,S
2021-06-21T13:10:30,200.0,40.3,B
2021-06-21T13:10:11,5800.0,40.2,S
2021-06-21T13:10:11,800.0,40.2,S
2021-06-21T13:10:11,300.0,40.2,S
2021-06-21T13:10:11,5600.0,40.2,S
2021-06-21T13:09:45,3500.0,40.2,S
2021-06-21T13:09:27,200.0,40.25,S
2021-06-21T13:09:23,100.0,40.25,S
2021-06-21T13:09:16,2000.0,40.3,B
2021-06-21T13:09:05,200.0,40.3,B
2021-06-21T13:08:58,1000.0,40.3,B
2021-06-21T13:08:53,1500.0,40.2,S
2021-06-21T13:08:48,500.0,40.2,S
2021-06-21T13:08:42,100.0,40.25,S
2021-06-21T13:08:35,2500.0,40.2,S
2021-06-21T13:08:33,100.0,40.25,S
2021-06-21T13:08:29,1200.0,40.3,B
2021-06-21T13:08:28,3000.0,40.3,B
2021-06-21T13:08:28,800.0,40.3,B
2021-06-21T13:08:16,500.0,40.3,S
2021-06-21T13:08:03,800.0,40.3,S
2021-06-21T13:08:03,4200.0,40.3,S
2021-06-21T13:07:26,1000.0,40.3,S
2021-06-21T13:07:21,100.0,40.4,B
2021-06-21T13:07:11,1000.0,40.4,B
2021-06-21T13:07:05,100.0,40.4,B
2021-06-21T13:06:53,200.0,40.4,B
2021-06-21T13:06:35,400.0,40.4,B
2021-06-21T13:06:31,1600.0,40.4,B
2021-06-21T13:06:21,400.0,40.4,S
2021-06-21T13:06:18,100.0,40.4,S
2021-06-21T13:05:59,1000.0,40.4,S
2021-06-21T13:05:51,2000.0,40.4,S
2021-06-21T13:05:36,1000.0,40.4,S
2021-06-21T13:05:12,3000.0,40.4,S
2021-06-21T13:04:49,300.0,40.5,B
2021-06-21T13:04:46,200.0,40.5,B
2021-06-21T13:03:52,700.0,40.5,S
2021-06-21T13:03:41,300.0,40.5,S
2021-06-21T13:03:28,300.0,40.5,S
2021-06-21T13:03:28,900.0,40.5,S
2021-06-21T13:03:28,600.0,40.5,S
2021-06-21T13:03:28,600.0,40.5,S
2021-06-21T13:03:22,100.0,40.6,B
2021-06-21T13:03:13,500.0,40.6,B
2021-06-21T13:02:58,500.0,40.6,B
2021-06-21T13:02:46,200.0,40.5,S
2021-06-21T13:02:46,5800.0,40.5,S
2021-06-21T13:02:44,1900.0,40.5,S
2021-06-21T13:02:44,100.0,40.5,S
2021-06-21T13:02:44,500.0,40.5,S
2021-06-21T13:02:37,600.0,40.5,S
2021-06-21T13:02:37,1100.0,40.5,S
2021-06-21T13:02:37,3100.0,40.5,S
2021-06-21T13:02:37,200.0,40.5,S
2021-06-21T13:02:28,300.0,40.5,S
2021-06-21T13:02:24,100.0,40.6,B
2021-06-21T13:02:13,200.0,40.6,B
2021-06-21T13:02:09,100.0,40.6,B
2021-06-21T13:02:03,400.0,40.5,S
2021-06-21T13:01:51,100.0,40.6,B
2021-06-21T13:01:26,200.0,40.6,B
2021-06-21T13:01:24,200.0,40.5,S
2021-06-21T13:01:23,5000.0,40.5,S
2021-06-21T13:01:19,100.0,40.6,B
2021-06-21T13:01:11,4300.0,40.5,S
2021-06-21T13:01:09,1000.0,40.5,S
2021-06-21T13:01:02,200.0,40.6,B
2021-06-21T13:01:01,500.0,40.6,B
2021-06-21T13:00:50,800.0,40.6,B
2021-06-21T13:00:43,2500.0,40.6,B
2021-06-21T13:00:40,1000.0,40.6,B
2021-06-21T13:00:31,100.0,40.6,B
2021-06-21T13:00:20,200.0,40.6,B
2021-06-21T13:00:16,300.0,40.55,S
2021-06-21T13:00:13,600.0,40.6,B
2021-06-21T13:00:13,1200.0,40.6,B
2021-06-21T13:00:11,200.0,40.5,S
2021-06-21T11:30:11,100.0,40.6,B
2021-06-21T11:30:02,1500.0,40.5,S
2021-06-21T11:30:00,100.0,40.6,B
2021-06-21T11:29:58,600.0,40.6,B
2021-06-21T11:29:55,400.0,40.6,B
2021-06-21T11:29:29,500.0,40.5,S
2021-06-21T11:29:29,900.0,40.6,S
2021-06-21T11:29:28,100.0,40.6,S
2021-06-21T11:29:19,3600.0,40.6,S
2021-06-21T11:29:19,400.0,40.6,S
2021-06-21T11:29:17,1000.0,40.6,S
2021-06-21T11:28:57,500.0,40.6,S
2021-06-21T11:28:53,1000.0,40.7,B
2021-06-21T11:28:41,500.0,40.6,S
2021-06-21T11:28:32,1000.0,40.7,B
2021-06-21T11:28:31,100.0,40.7,B
2021-06-21T11:28:18,200.0,40.6,S
2021-06-21T11:28:18,6000.0,40.6,S
2021-06-21T11:28:18,3800.0,40.6,S
2021-06-21T11:28:07,200.0,40.7,S
2021-06-21T11:28:05,100.0,40.7,S
2021-06-21T11:28:01,200.0,40.7,S
2021-06-21T11:28:01,100.0,40.7,S
2021-06-21T11:27:59,300.0,40.6,S
2021-06-21T11:27:40,800.0,40.7,S
2021-06-21T11:27:39,1000.0,40.7,S
2021-06-21T11:27:37,100.0,40.7,S
2021-06-21T11:27:30,1000.0,40.7,S
2021-06-21T11:27:30,500.0,40.75,S
2021-06-21T11:27:30,400.0,40.7,S
2021-06-21T11:27:27,100.0,40.75,S
2021-06-21T11:27:14,200.0,40.7,S
2021-06-21T11:27:14,2000.0,40.7,S
2021-06-21T11:26:58,100.0,40.75,S
2021-06-21T11:26:58,400.0,40.75,S
2021-06-21T11:26:57,300.0,40.75,S
2021-06-21T11:26:55,500.0,40.75,S
2021-06-21T11:26:44,600.0,40.8,B
2021-06-21T11:26:42,500.0,40.8,B
2021-06-21T11:26:37,500.0,40.8,B
2021-06-21T11:26:32,100.0,40.75,S
2021-06-21T11:26:31,400.0,40.75,S
2021-06-21T11:26:29,200.0,40.8,S
2021-06-21T11:26:27,200.0,40.8,S
2021-06-21T11:26:05,5000.0,40.8,S
2021-06-21T11:25:57,3500.0,40.8,S
2021-06-21T11:25:56,4500.0,40.8,S
2021-06-21T11:25:51,500.0,40.8,S
2021-06-21T11:25:36,400.0,40.8,S
2021-06-21T11:25:31,800.0,40.8,S
2021-06-21T11:25:27,300.0,40.8,S
2021-06-21T11:25:16,2000.0,40.8,S
2021-06-21T11:25:11,500.0,40.8,S
2021-06-21T11:25:06,1000.0,40.8,S
2021-06-21T11:25:04,1500.0,40.8,S
2021-06-21T11:25:03,1000.0,40.8,S
2021-06-21T11:25:01,200.0,40.8,S
2021-06-21T11:25:01,3000.0,40.8,S
2021-06-21T11:25:01,1800.0,40.8,S
2021-06-21T11:24:48,5000.0,40.8,S
2021-06-21T11:24:46,2300.0,40.8,S
2021-06-21T11:24:46,400.0,40.85,S
2021-06-21T11:24:41,100.0,40.85,S
2021-06-21T11:24:35,700.0,40.8,S
2021-06-21T11:24:33,7500.0,40.8,S
2021-06-21T11:24:25,3100.0,40.8,S
2021-06-21T11:24:21,100.0,40.85,S
2021-06-21T11:24:19,300.0,40.85,S
2021-06-21T11:24:17,200.0,40.85,S
2021-06-21T11:24:17,1400.0,40.85,S
2021-06-21T11:24:14,2600.0,40.9,S
2021-06-21T11:24:14,1700.0,40.9,S
2021-06-21T11:24:13,2900.0,40.9,S
2021-06-21T11:24:13,500.0,40.9,S
2021-06-21T11:24:08,100.0,40.9,S
2021-06-21T11:24:04,300.0,40.9,S
2021-06-21T11:24:00,400.0,40.9,S
2021-06-21T11:24:00,1500.0,40.9,S
2021-06-21T11:23:59,4200.0,40.9,S
2021-06-21T11:23:58,2000.0,41.0,B
2021-06-21T11:23:49,500.0,40.9,S
2021-06-21T11:23:48,1000.0,40.9,S
2021-06-21T11:23:43,300.0,40.9,S
2021-06-21T11:23:43,1100.0,40.9,S
2021-06-21T11:23:43,1200.0,40.9,S
2021-06-21T11:23:33,2000.0,40.95,B
2021-06-21T11:23:11,2000.0,40.95,S
2021-06-21T11:23:11,15700.0,40.95,S
2021-06-21T11:22:40,100.0,41.0,S
2021-06-21T11:22:40,300.0,41.0,S
2021-06-21T11:22:40,2000.0,41.0,S
2021-06-21T11:22:08,200.0,41.05,B
2021-06-21T11:21:57,500.0,41.0,B
2021-06-21T11:21:50,900.0,41.0,S
2021-06-21T11:21:41,1000.0,41.0,S
2021-06-21T11:21:05,1300.0,41.0,S
2021-06-21T11:21:05,200.0,41.0,S
2021-06-21T11:21:05,500.0,41.0,S
2021-06-21T11:21:03,500.0,41.0,S
2021-06-21T11:20:36,1000.0,41.0,S
2021-06-21T11:20:27,200.0,41.0,S
2021-06-21T11:20:20,5000.0,41.0,S
2021-06-21T11:20:17,300.0,41.0,S
2021-06-21T11:20:15,1000.0,41.0,S
2021-06-21T11:20:04,500.0,41.0,S
2021-06-21T11:19:40,2100.0,41.0,S
2021-06-21T11:19:40,7900.0,41.0,S
2021-06-21T11:19:39,300.0,41.0,S
2021-06-21T11:18:59,1100.0,41.0,S
2021-06-21T11:17:53,200.0,41.0,S
2021-06-21T11:17:23,200.0,41.0,S
2021-06-21T11:17:21,4000.0,41.0,S
2021-06-21T11:16:24,7000.0,41.0,S
2021-06-21T11:15:49,300.0,41.05,S
2021-06-21T11:14:42,100.0,41.1,B
2021-06-21T11:14:42,2900.0,41.1,B
2021-06-21T11:14:15,100.0,41.1,S
2021-06-21T11:14:08,1000.0,41.1,S
2021-06-21T11:13:58,200.0,41.1,S
2021-06-21T11:13:22,1000.0,41.1,S
2021-06-21T11:12:21,3500.0,41.15,B
2021-06-21T11:12:21,100.0,41.15,B
2021-06-21T11:12:21,1400.0,41.15,B
2021-06-21T11:11:44,100.0,41.15,B
2021-06-21T11:11:40,100.0,41.1,S
2021-06-21T11:09:49,100.0,41.15,B
2021-06-21T11:09:29,100.0,41.1,S
2021-06-21T11:09:24,4000.0,41.0,S
2021-06-21T11:09:18,100.0,41.1,S
2021-06-21T11:09:17,600.0,41.1,S
2021-06-21T11:09:17,1200.0,41.1,S
2021-06-21T11:08:44,100.0,41.1,S
2021-06-21T11:08:44,1400.0,41.1,S
2021-06-21T11:06:27,300.0,41.15,B
2021-06-21T11:06:26,1000.0,41.1,S
2021-06-21T11:04:06,300.0,41.1,S
2021-06-21T11:02:57,1000.0,41.1,S
2021-06-21T11:02:39,100.0,41.1,S
2021-06-21T11:01:55,2600.0,41.1,B
2021-06-21T11:01:52,3200.0,41.0,S
2021-06-21T11:01:17,400.0,41.1,S
2021-06-21T11:00:28,500.0,41.15,B
2021-06-21T11:00:28,500.0,41.15,B
2021-06-21T11:00:21,100.0,41.15,B
2021-06-21T10:59:28,6500.0,41.15,B
2021-06-21T10:59:27,1700.0,41.1,B
2021-06-21T10:59:26,200.0,41.1,B
2021-06-21T10:59:24,3500.0,41.0,S
2021-06-21T10:59:24,1600.0,41.0,S
2021-06-21T10:59:24,600.0,41.0,S
2021-06-21T10:59:24,7100.0,41.0,S
2021-06-21T10:59:24,4000.0,41.0,S
2021-06-21T10:59:24,600.0,41.0,S
2021-06-21T10:59:22,12600.0,41.0,S
2021-06-21T10:58:56,100.0,41.1,B
2021-06-21T10:58:52,400.0,41.1,B
2021-06-21T10:58:02,300.0,41.1,B
2021-06-21T10:57:11,100.0,41.1,B
2021-06-21T10:56:59,2000.0,41.05,S
2021-06-21T10:56:58,600.0,41.1,B
2021-06-21T10:55:57,3300.0,41.05,S
2021-06-21T10:55:10,200.0,41.05,S
2021-06-21T10:54:25,1400.0,41.0,S
2021-06-21T10:54:25,1000.0,41.0,S
2021-06-21T10:54:25,1300.0,41.0,S
2021-06-21T10:54:25,100.0,41.0,S
2021-06-21T10:54:25,700.0,41.0,S
2021-06-21T10:54:25,3800.0,41.0,S
2021-06-21T10:54:25,300.0,41.0,S
2021-06-21T10:54:25,3600.0,41.05,S
2021-06-21T10:53:58,100.0,41.05,S
2021-06-21T10:53:01,300.0,41.05,S
2021-06-21T10:52:21,200.0,41.05,S
2021-06-21T10:51:40,400.0,41.05,S
2021-06-21T10:51:29,1000.0,41.05,S
2021-06-21T10:50:40,800.0,41.0,S
2021-06-21T10:50:10,500.0,41.0,S
2021-06-21T10:50:05,500.0,41.0,S
2021-06-21T10:49:58,1000.0,41.0,S
2021-06-21T10:49:33,8800.0,41.0,S
2021-06-21T10:47:28,200.0,41.1,B
2021-06-21T10:47:27,500.0,41.0,S
2021-06-21T10:47:15,900.0,41.1,B
2021-06-21T10:46:30,700.0,41.0,S
2021-06-21T10:46:30,4300.0,41.0,S
2021-06-21T10:46:01,2600.0,41.0,S
2021-06-21T10:46:01,1900.0,41.05,S
2021-06-21T10:46:01,14500.0,41.05,S
2021-06-21T10:45:37,300.0,41.05,S
2021-06-21T10:44:58,900.0,41.1,S
2021-06-21T10:44:26,800.0,41.1,S
2021-06-21T10:43:45,3300.0,41.1,B
2021-06-21T10:43:27,400.0,41.1,B
2021-06-21T10:43:12,3100.0,41.1,S
2021-06-21T10:43:12,3300.0,41.1,S
2021-06-21T10:43:12,200.0,41.1,S
2021-06-21T10:41:12,200.0,41.1,S
2021-06-21T10:41:07,500.0,41.1,S
2021-06-21T10:40:22,200.0,41.1,B
2021-06-21T10:40:21,500.0,41.1,B
2021-06-21T10:40:08,900.0,41.05,S
2021-06-21T10:40:08,2000.0,41.05,S
2021-06-21T10:40:08,5000.0,41.05,S
2021-06-21T10:39:53,100.0,41.1,B
2021-06-21T10:39:27,500.0,41.1,B
2021-06-21T10:39:08,1000.0,41.1,B
2021-06-21T10:37:27,300.0,41.1,B
2021-06-21T10:37:27,200.0,41.1,S
2021-06-21T10:36:29,800.0,41.1,B
2021-06-21T10:36:27,200.0,41.1,B
2021-06-21T10:36:21,6800.0,41.1,B
2021-06-21T10:36:11,500.0,41.1,B
2021-06-21T10:36:04,2000.0,41.1,B
2021-06-21T10:35:27,400.0,41.1,B
2021-06-21T10:34:45,700.0,41.1,B
2021-06-21T10:34:41,1000.0,41.1,B
2021-06-21T10:34:40,300.0,41.1,B
2021-06-21T10:33:16,300.0,41.1,S
2021-06-21T10:32:59,1000.0,41.1,S
2021-06-21T10:32:46,1000.0,41.1,S
2021-06-21T10:32:33,400.0,41.1,S
2021-06-21T10:32:10,200.0,41.1,S
2021-06-21T10:31:35,1700.0,41.1,S
2021-06-21T10:31:34,200.0,41.1,S
2021-06-21T10:31:34,1800.0,41.1,S
2021-06-21T10:31:28,1000.0,41.1,S
2021-06-21T10:31:10,100.0,41.1,S
2021-06-21T10:31:04,100.0,41.1,S
2021-06-21T10:30:24,200.0,41.1,S
2021-06-21T10:30:24,1600.0,41.1,S
2021-06-21T10:30:24,1000.0,41.1,S
2021-06-21T10:30:24,7200.0,41.1,S
2021-06-21T10:30:08,200.0,41.2,S
2021-06-21T10:30:08,9600.0,41.2,S
2021-06-21T10:29:43,600.0,41.2,S
2021-06-21T10:28:58,500.0,41.25,B
2021-06-21T10:28:48,2300.0,41.2,S
2021-06-21T10:28:47,1800.0,41.25,B
2021-06-21T10:28:18,200.0,41.25,B
2021-06-21T10:28:15,200.0,41.25,B
2021-06-21T10:27:47,600.0,41.25,S
2021-06-21T10:27:46,1500.0,41.25,S
2021-06-21T10:26:38,2000.0,41.3,S
2021-06-21T10:26:38,5000.0,41.3,S
2021-06-21T10:25:28,400.0,41.3,S
2021-06-21T10:25:28,4300.0,41.3,S
2021-06-21T10:25:28,300.0,41.3,S
2021-06-21T10:25:06,200.0,41.35,S
2021-06-21T10:25:02,200.0,41.35,S
2021-06-21T10:24:12,2000.0,41.35,S
2021-06-21T10:23:50,1500.0,41.4,S
2021-06-21T10:23:43,1000.0,41.4,S
2021-06-21T10:23:01,100.0,41.4,S
2021-06-21T10:22:43,1000.0,41.4,S
2021-06-21T10:22:26,100.0,41.4,S
2021-06-21T10:22:23,100.0,41.4,S
2021-06-21T10:21:28,200.0,41.4,S
2021-06-21T10:21:02,500.0,41.4,S
2021-06-21T10:20:33,200.0,41.4,S
2021-06-21T10:20:23,100.0,41.4,S
2021-06-21T10:19:22,200.0,41.4,S
2021-06-21T10:18:49,300.0,41.4,S
2021-06-21T10:18:38,400.0,41.35,B
2021-06-21T10:17:56,1900.0,41.3,S
2021-06-21T10:17:04,900.0,41.35,S
2021-06-21T10:16:55,100.0,41.35,B
2021-06-21T10:16:13,1000.0,41.3,S
2021-06-21T10:15:23,300.0,41.3,S
2021-06-21T10:15:14,2800.0,41.4,B
2021-06-21T10:15:13,100.0,41.3,S
2021-06-21T10:14:41,100.0,41.4,B
2021-06-21T10:14:31,100.0,41.4,B
2021-06-21T10:13:42,1000.0,41.3,S
2021-06-21T10:13:35,1000.0,41.3,B
2021-06-21T10:13:05,100.0,41.3,B
2021-06-21T10:13:01,100.0,41.3,B
2021-06-21T10:12:49,300.0,41.2,S
2021-06-21T10:12:21,700.0,41.3,B
2021-06-21T10:12:08,2000.0,41.3,B
2021-06-21T10:11:45,800.0,41.3,B
2021-06-21T10:11:44,500.0,41.2,S
2021-06-21T10:11:37,100.0,41.3,B
2021-06-21T10:10:36,200.0,41.3,B
2021-06-21T10:09:03,2000.0,41.3,B
2021-06-21T10:09:02,200.0,41.3,B
2021-06-21T10:08:58,100.0,41.2,S
2021-06-21T10:08:56,200.0,41.2,S
2021-06-21T10:07:48,2000.0,41.2,S
2021-06-21T10:07:18,100.0,41.2,S
2021-06-21T10:07:03,100.0,41.3,S
2021-06-21T10:06:49,100.0,41.3,S
2021-06-21T10:06:31,200.0,41.3,B
2021-06-21T10:06:26,400.0,41.3,B
2021-06-21T10:05:54,200.0,41.2,S
2021-06-21T10:05:42,2500.0,41.4,B
2021-06-21T10:05:26,200.0,41.3,B
2021-06-21T10:04:51,200.0,41.2,S
2021-06-21T10:04:27,1000.0,41.2,S
2021-06-21T10:04:18,400.0,41.25,B
2021-06-21T10:04:16,100.0,41.25,B
2021-06-21T10:03:57,600.0,41.1,S
2021-06-21T10:03:57,3400.0,41.1,S
2021-06-21T10:03:28,500.0,41.3,B
2021-06-21T10:03:03,300.0,41.2,B
2021-06-21T10:02:30,2800.0,41.2,S
2021-06-21T10:02:29,5400.0,41.3,B
2021-06-21T10:02:04,800.0,41.2,B
2021-06-21T10:02:04,800.0,41.2,B
2021-06-21T10:01:25,200.0,41.2,B
2021-06-21T10:01:12,1000.0,41.1,S
2021-06-21T10:00:53,500.0,41.2,B
2021-06-21T10:00:41,2000.0,41.2,B
2021-06-21T10:00:39,100.0,41.1,S
2021-06-21T10:00:20,1500.0,41.1,S
2021-06-21T09:59:52,1000.0,41.1,S
2021-06-21T09:59:47,2500.0,41.2,B
2021-06-21T09:59:43,200.0,41.1,S
2021-06-21T09:59:01,100.0,41.1,S
2021-06-21T09:57:50,400.0,41.1,S
2021-06-21T09:57:21,700.0,41.1,S
2021-06-21T09:56:41,100.0,41.1,S
2021-06-21T09:56:39,100.0,41.15,B
2021-06-21T09:56:32,400.0,41.15,B
2021-06-21T09:55:57,1100.0,41.15,B
2021-06-21T09:55:55,500.0,41.1,S
2021-06-21T09:55:50,1000.0,41.1,S
2021-06-21T09:54:51,100.0,41.1,S
2021-06-21T09:54:46,300.0,41.15,B
2021-06-21T09:54:32,3000.0,41.1,S
2021-06-21T09:54:07,300.0,41.1,S
2021-06-21T09:53:50,1500.0,41.1,S
2021-06-21T09:53:06,1300.0,41.1,B
2021-06-21T09:52:47,500.0,41.1,B
2021-06-21T09:52:38,4000.0,41.05,S
2021-06-21T09:52:33,100.0,41.1,B
2021-06-21T09:52:33,100.0,41.1,B
2021-06-21T09:52:26,100.0,41.1,B
2021-06-21T09:51:50,100.0,41.1,B
2021-06-21T09:51:31,400.0,41.1,B
2021-06-21T09:51:18,100.0,41.1,B
2021-06-21T09:51:16,500.0,41.05,S
2021-06-21T09:51:14,200.0,41.1,B
2021-06-21T09:51:04,1000.0,41.05,S
2021-06-21T09:50:21,200.0,41.1,S
2021-06-21T09:49:46,1000.0,41.05,S
2021-06-21T09:49:41,10000.0,41.05,S
2021-06-21T09:49:23,4800.0,41.1,S
2021-06-21T09:49:18,1000.0,41.1,S
2021-06-21T09:49:00,100.0,41.2,B
2021-06-21T09:48:55,100.0,41.2,B
2021-06-21T09:48:54,200.0,41.2,B
2021-06-21T09:48:24,200.0,41.2,S
2021-06-21T09:48:00,700.0,41.2,S
2021-06-21T09:47:52,400.0,41.2,S
2021-06-21T09:47:25,500.0,41.2,S
2021-06-21T09:46:58,2000.0,41.3,B
2021-06-21T09:46:55,300.0,41.2,S
2021-06-21T09:46:55,200.0,41.2,S
2021-06-21T09:46:37,4900.0,41.3,B
2021-06-21T09:46:35,100.0,41.3,B
2021-06-21T09:46:07,1200.0,41.2,S
2021-06-21T09:46:06,2700.0,41.2,S
2021-06-21T09:45:45,200.0,41.1,S
2021-06-21T09:45:42,900.0,41.1,S
2021-06-21T09:45:42,1900.0,41.1,S
2021-06-21T09:45:42,1000.0,41.1,S
2021-06-21T09:45:42,11200.0,41.1,S
2021-06-21T09:45:16,400.0,41.1,S
2021-06-21T09:45:08,300.0,41.2,S
2021-06-21T09:45:08,200.0,41.2,S
2021-06-21T09:44:59,1000.0,41.3,B
2021-06-21T09:43:45,2000.0,41.1,S
2021-06-21T09:43:35,1000.0,41.3,S
2021-06-21T09:43:12,1100.0,41.3,S
2021-06-21T09:43:04,1200.0,41.3,S
2021-06-21T09:42:48,400.0,41.35,B
2021-06-21T09:42:34,400.0,41.3,S
2021-06-21T09:42:16,2200.0,41.35,B
2021-06-21T09:42:16,600.0,41.35,B
2021-06-21T09:42:09,2000.0,41.35,B
2021-06-21T09:42:08,2000.0,41.3,S
2021-06-21T09:41:41,800.0,41.35,B
2021-06-21T09:41:33,1000.0,41.3,S
2021-06-21T09:41:08,300.0,41.3,S
2021-06-21T09:41:06,1000.0,41.35,B
2021-06-21T09:40:50,200.0,41.3,S
2021-06-21T09:40:45,500.0,41.3,S
2021-06-21T09:40:34,400.0,41.15,S
2021-06-21T09:40:30,100.0,41.15,S
2021-06-21T09:39:50,1000.0,41.1,S
2021-06-21T09:38:59,2000.0,41.1,S
2021-06-21T09:38:56,500.0,41.1,S
2021-06-21T09:38:14,600.0,41.1,S
2021-06-21T09:38:14,700.0,41.1,S
2021-06-21T09:38:14,2700.0,41.1,S
2021-06-21T09:38:02,600.0,41.35,B
2021-06-21T09:37:26,100.0,41.35,B
2021-06-21T09:36:53,1000.0,41.4,B
2021-06-21T09:35:32,200.0,41.4,B
2021-06-21T09:34:49,200.0,41.4,B
2021-06-21T09:34:00,500.0,41.45,B
2021-06-21T09:33:43,700.0,41.15,B
2021-06-21T09:33:10,7000.0,41.05,B
2021-06-21T09:33:10,100.0,41.2,B
2021-06-21T09:32:57,1500.0,41.2,B
2021-06-21T09:31:54,200.0,41.2,B
2021-06-21T09:31:41,100.0,41.2,B
2021-06-21T09:31:41,1500.0,41.2,B
2021-06-21T09:31:13,5000.0,41.2,B
2021-06-21T09:30:07,100.0,41.45,B
2021-06-21T09:29:58,1000.0,41.45,B
2021-06-21T09:28:54,900.0,41.45,B
2021-06-21T09:28:29,500.0,41.45,B
2021-06-21T09:28:27,300.0,41.2,B
2021-06-21T09:28:19,500.0,41.45,B
2021-06-21T09:27:52,2000.0,41.1,B
2021-06-21T09:27:16,1000.0,41.05,B
2021-06-21T09:26:47,200.0,41.05,B
2021-06-21T09:26:46,200.0,41.05,B
2021-06-21T09:26:43,200.0,41.05,B
2021-06-21T09:26:43,2000.0,41.0,S
2021-06-21T09:26:17,500.0,41.05,B
2021-06-21T09:26:14,200.0,41.0,B
2021-06-21T09:26:05,100.0,41.05,B
2021-06-21T09:25:25,100.0,41.0,B
2021-06-21T09:25:17,1100.0,41.0,B
2021-06-21T09:25:17,700.0,41.0,B
2021-06-21T09:25:17,700.0,41.0,B
2021-06-21T09:25:13,4000.0,41.0,B
2021-06-21T09:24:59,200.0,41.0,B
2021-06-21T09:24:56,4000.0,41.0,B
2021-06-21T09:24:35,1000.0,41.0,B
2021-06-21T09:24:27,500.0,41.0,B
2021-06-21T09:24:18,500.0,41.0,B
2021-06-21T09:24:15,200.0,41.0,B
2021-06-21T09:23:58,500.0,41.0,B
2021-06-21T09:23:58,200.0,41.0,B
2021-06-21T09:23:52,200.0,41.0,B
2021-06-21T09:23:48,300.0,41.0,B
2021-06-21T09:23:35,2000.0,41.0,B
2021-06-21T09:23:01,100.0,41.0,S
2021-06-21T09:22:56,200.0,40.95,S
2021-06-21T09:22:32,200.0,40.95,S
2021-06-21T09:22:12,1200.0,41.0,S
2021-06-21T09:22:10,200.0,41.0,S
2021-06-21T09:21:35,400.0,41.0,S
2021-06-21T09:20:40,1000.0,40.95,S
2021-06-21T09:20:38,200.0,41.0,S
2021-06-21T09:20:35,1000.0,41.0,S
2021-06-21T09:20:31,1000.0,41.0,S
2021-06-21T09:20:24,2600.0,41.0,S
2021-06-21T09:20:21,200.0,41.0,S
2021-06-21T09:19:49,100.0,41.0,S
2021-06-21T09:19:45,600.0,41.0,S
2021-06-21T09:19:41,500.0,41.1,B
2021-06-21T09:19:33,200.0,41.0,S
2021-06-21T09:19:27,400.0,41.0,S
2021-06-21T09:19:22,500.0,41.0,S
2021-06-21T09:19:20,1000.0,41.0,S
2021-06-21T09:18:40,600.0,41.1,B
2021-06-21T09:18:40,500.0,41.0,B
2021-06-21T09:18:25,500.0,41.0,S
2021-06-21T09:18:15,600.0,41.0,S
2021-06-21T09:18:14,500.0,41.0,S
2021-06-21T09:18:14,1000.0,41.0,S
2021-06-21T09:18:14,3600.0,41.0,S
2021-06-21T09:18:09,1000.0,41.0,S
2021-06-21T09:18:05,3000.0,41.0,S
2021-06-21T09:18:04,500.0,41.0,S
2021-06-21T09:17:20,300.0,41.0,S
2021-06-21T09:17:10,1300.0,41.0,S
2021-06-21T09:16:58,300.0,41.0,S
2021-06-21T09:16:53,2300.0,41.0,S
2021-06-21T09:16:53,3600.0,41.0,S
2021-06-21T09:16:53,1100.0,41.0,S
2021-06-21T09:16:42,100.0,41.0,S
2021-06-21T09:16:31,100.0,41.0,S
2021-06-21T09:16:27,1000.0,41.0,S
2021-06-21T09:16:25,1200.0,41.0,S
2021-06-21T09:16:02,2000.0,41.0,S
