tradingTime,volume,price,side
2021-06-21T14:23:39,4600.0,22.8,S
2021-06-21T14:23:39,100.0,22.8,S
2021-06-21T14:23:38,300.0,22.8,S
2021-06-21T14:23:32,1500.0,22.85,B
2021-06-21T14:23:30,1900.0,22.85,B
2021-06-21T14:23:30,9200.0,22.85,B
2021-06-21T14:23:30,18900.0,22.85,B
2021-06-21T14:23:23,1200.0,22.8,S
2021-06-21T14:23:23,5500.0,22.8,S
2021-06-21T14:23:22,5500.0,22.8,S
2021-06-21T14:23:22,1000.0,22.85,B
2021-06-21T14:23:22,5000.0,22.85,B
2021-06-21T14:23:18,200.0,22.8,S
2021-06-21T14:23:14,3100.0,22.85,B
2021-06-21T14:23:14,1900.0,22.85,B
2021-06-21T14:23:12,500.0,22.85,B
2021-06-21T14:23:07,1000.0,22.85,B
2021-06-21T14:23:04,5000.0,22.8,S
2021-06-21T14:23:04,200.0,22.8,S
2021-06-21T14:23:03,4500.0,22.8,S
2021-06-21T14:23:03,2200.0,22.8,S
2021-06-21T14:23:03,18100.0,22.8,S
2021-06-21T14:22:55,10000.0,22.85,B
2021-06-21T14:22:53,15000.0,22.85,B
2021-06-21T14:22:52,200.0,22.85,B
2021-06-21T14:22:40,10000.0,22.8,S
2021-06-21T14:22:29,1300.0,22.8,S
2021-06-21T14:22:28,3800.0,22.8,S
2021-06-21T14:22:13,100.0,22.8,S
2021-06-21T14:22:01,100.0,22.85,B
2021-06-21T14:21:54,200.0,22.85,B
2021-06-21T14:21:51,500.0,22.8,S
2021-06-21T14:21:51,500.0,22.8,S
2021-06-21T14:21:46,100.0,22.85,B
2021-06-21T14:21:37,1000.0,22.85,B
2021-06-21T14:21:31,2000.0,22.8,S
2021-06-21T14:21:16,4900.0,22.85,S
2021-06-21T14:21:15,200.0,22.85,S
2021-06-21T14:21:08,1000.0,22.85,S
2021-06-21T14:21:02,500.0,22.85,S
2021-06-21T14:21:01,1000.0,22.85,S
2021-06-21T14:20:58,2700.0,22.85,S
2021-06-21T14:20:56,4100.0,22.85,S
2021-06-21T14:20:56,4100.0,22.85,S
2021-06-21T14:20:56,2200.0,22.85,S
2021-06-21T14:20:55,8700.0,22.85,S
2021-06-21T14:20:53,2400.0,22.85,S
2021-06-21T14:20:53,300.0,22.85,S
2021-06-21T14:20:53,2200.0,22.85,S
2021-06-21T14:20:32,2000.0,22.85,S
2021-06-21T14:20:20,3100.0,22.85,S
2021-06-21T14:20:20,700.0,22.85,S
2021-06-21T14:20:20,3400.0,22.85,S
2021-06-21T14:20:20,4800.0,22.85,S
2021-06-21T14:20:19,5000.0,22.85,S
2021-06-21T14:20:19,1700.0,22.85,S
2021-06-21T14:20:19,3100.0,22.85,S
2021-06-21T14:20:19,23800.0,22.85,S
2021-06-21T14:20:18,1900.0,22.85,S
2021-06-21T14:20:17,1800.0,22.85,S
2021-06-21T14:20:17,1300.0,22.85,S
2021-06-21T14:20:17,500.0,22.9,B
2021-06-21T14:20:14,3700.0,22.85,S
2021-06-21T14:20:14,1500.0,22.85,S
2021-06-21T14:20:02,500.0,22.85,S
2021-06-21T14:20:01,500.0,22.85,S
2021-06-21T14:19:59,10000.0,22.9,B
2021-06-21T14:19:58,900.0,22.85,S
2021-06-21T14:19:50,2200.0,22.85,S
2021-06-21T14:19:50,3000.0,22.85,S
2021-06-21T14:19:47,100.0,22.9,B
2021-06-21T14:19:22,100.0,22.85,S
2021-06-21T14:19:09,100.0,22.85,S
2021-06-21T14:18:59,1800.0,22.85,S
2021-06-21T14:18:55,1000.0,22.85,S
2021-06-21T14:18:51,5000.0,22.9,B
2021-06-21T14:18:39,200.0,22.9,B
2021-06-21T14:18:35,20000.0,22.85,S
2021-06-21T14:18:13,4000.0,22.9,B
2021-06-21T14:18:13,200.0,22.85,S
2021-06-21T14:18:12,500.0,22.9,B
2021-06-21T14:18:12,2000.0,22.85,S
2021-06-21T14:18:10,1000.0,22.9,B
2021-06-21T14:18:01,2000.0,22.85,S
2021-06-21T14:18:00,500.0,22.85,S
2021-06-21T14:17:56,1100.0,22.85,S
2021-06-21T14:17:49,200.0,22.9,B
2021-06-21T14:17:33,1000.0,22.9,B
2021-06-21T14:17:33,1000.0,22.9,B
2021-06-21T14:16:55,1500.0,22.85,S
2021-06-21T14:16:54,800.0,22.9,S
2021-06-21T14:16:48,100.0,22.9,S
2021-06-21T14:16:47,1000.0,22.85,S
2021-06-21T14:16:40,3000.0,22.9,S
2021-06-21T14:16:33,500.0,22.9,S
2021-06-21T14:16:33,200.0,22.9,S
2021-06-21T14:16:28,3400.0,22.95,B
2021-06-21T14:16:28,200.0,22.9,S
2021-06-21T14:16:02,600.0,22.95,B
2021-06-21T14:15:53,2800.0,22.85,S
2021-06-21T14:15:53,1500.0,22.85,S
2021-06-21T14:15:53,1100.0,22.85,S
2021-06-21T14:15:53,5000.0,22.85,S
2021-06-21T14:15:53,3000.0,22.85,S
2021-06-21T14:15:53,900.0,22.85,S
2021-06-21T14:15:53,5200.0,22.9,S
2021-06-21T14:15:53,2600.0,22.9,S
2021-06-21T14:15:53,300.0,22.9,S
2021-06-21T14:15:53,1000.0,22.9,S
2021-06-21T14:15:53,900.0,22.9,S
2021-06-21T14:15:53,700.0,22.9,S
2021-06-21T14:15:53,800.0,22.9,S
2021-06-21T14:15:53,5000.0,22.9,S
2021-06-21T14:15:53,2100.0,22.9,S
2021-06-21T14:15:53,500.0,22.9,S
2021-06-21T14:15:52,1500.0,22.9,S
2021-06-21T14:15:52,2700.0,22.9,S
2021-06-21T14:15:52,1000.0,22.9,S
2021-06-21T14:15:51,2200.0,22.9,S
2021-06-21T14:15:51,2100.0,22.9,S
2021-06-21T14:15:51,200.0,22.9,S
2021-06-21T14:15:51,5300.0,22.9,S
2021-06-21T14:15:51,2400.0,22.9,S
2021-06-21T14:15:34,1000.0,22.9,S
2021-06-21T14:15:32,600.0,22.95,B
2021-06-21T14:15:29,200.0,22.9,S
2021-06-21T14:14:59,1000.0,22.9,S
2021-06-21T14:14:53,500.0,22.9,S
2021-06-21T14:14:52,200.0,22.95,B
2021-06-21T14:14:50,2000.0,22.9,S
2021-06-21T14:14:48,7000.0,22.9,S
2021-06-21T14:14:48,200.0,22.9,S
2021-06-21T14:14:39,100.0,22.9,S
2021-06-21T14:14:39,12300.0,22.9,S
2021-06-21T14:14:39,2900.0,22.9,S
2021-06-21T14:14:39,1000.0,22.9,S
2021-06-21T14:14:38,8500.0,22.9,S
2021-06-21T14:14:00,5000.0,22.9,S
2021-06-21T14:13:54,1000.0,22.95,B
2021-06-21T14:13:37,3900.0,22.9,S
2021-06-21T14:13:37,16100.0,22.9,S
2021-06-21T14:12:39,100.0,22.95,B
2021-06-21T14:12:26,1000.0,22.95,B
2021-06-21T14:12:05,2300.0,22.95,B
2021-06-21T14:12:04,100.0,22.95,B
2021-06-21T14:11:43,1700.0,22.9,S
2021-06-21T14:11:39,100.0,22.95,B
2021-06-21T14:11:39,1000.0,22.95,B
2021-06-21T14:11:33,300.0,22.9,S
2021-06-21T14:11:03,100.0,22.95,B
2021-06-21T14:10:59,200.0,22.95,B
2021-06-21T14:10:49,1000.0,22.95,B
2021-06-21T14:10:39,200.0,22.95,B
2021-06-21T14:10:19,100.0,22.95,S
2021-06-21T14:10:18,1000.0,22.95,S
2021-06-21T14:10:18,500.0,22.95,S
2021-06-21T14:10:18,37100.0,22.95,S
2021-06-21T14:10:18,600.0,22.95,S
2021-06-21T14:10:10,400.0,22.95,S
2021-06-21T14:10:02,400.0,22.95,S
2021-06-21T14:09:55,100.0,23.0,B
2021-06-21T14:09:54,1000.0,22.95,S
2021-06-21T14:09:33,600.0,23.0,B
2021-06-21T14:09:14,4200.0,22.95,S
2021-06-21T14:09:14,100.0,22.95,S
2021-06-21T14:09:13,5700.0,22.95,S
2021-06-21T14:08:53,2000.0,23.0,B
2021-06-21T14:08:46,1000.0,22.95,S
2021-06-21T14:08:45,1000.0,22.95,S
2021-06-21T14:08:07,1000.0,23.0,B
2021-06-21T14:07:44,3000.0,23.0,B
2021-06-21T14:07:43,500.0,22.95,S
2021-06-21T14:07:25,100.0,22.95,S
2021-06-21T14:07:23,1000.0,22.95,S
2021-06-21T14:06:49,2000.0,22.95,S
2021-06-21T14:06:42,5500.0,22.95,S
2021-06-21T14:06:37,300.0,22.95,S
2021-06-21T14:06:25,400.0,22.95,B
2021-06-21T14:06:09,3100.0,22.95,B
2021-06-21T14:06:09,100.0,22.95,B
2021-06-21T14:06:08,1800.0,22.95,B
2021-06-21T14:06:04,200.0,22.95,B
2021-06-21T14:06:00,1000.0,22.95,B
2021-06-21T14:05:57,400.0,22.95,B
2021-06-21T14:05:36,100.0,22.95,S
2021-06-21T14:05:28,8700.0,22.95,S
2021-06-21T14:05:17,2500.0,22.95,S
2021-06-21T14:05:17,200.0,22.95,S
2021-06-21T14:05:16,3300.0,22.95,S
2021-06-21T14:05:10,500.0,22.95,S
2021-06-21T14:04:59,1500.0,22.95,S
2021-06-21T14:04:34,3000.0,22.95,S
2021-06-21T14:04:12,1800.0,22.95,S
2021-06-21T14:04:10,20000.0,22.95,S
2021-06-21T14:04:10,500.0,22.95,S
2021-06-21T14:03:25,100.0,22.95,S
2021-06-21T14:03:19,500.0,22.95,S
2021-06-21T14:03:10,400.0,22.95,S
2021-06-21T14:03:09,1000.0,22.95,S
2021-06-21T14:02:29,200.0,22.95,S
2021-06-21T14:02:27,100.0,22.95,S
2021-06-21T14:02:15,200.0,23.0,B
2021-06-21T14:01:50,1000.0,22.95,B
2021-06-21T14:01:35,4500.0,22.95,B
2021-06-21T14:01:35,2500.0,22.95,B
2021-06-21T14:01:29,1500.0,22.95,B
2021-06-21T14:01:17,1000.0,22.95,S
2021-06-21T14:01:04,3500.0,22.9,S
2021-06-21T14:01:04,6500.0,22.9,S
2021-06-21T14:00:59,2000.0,22.95,S
2021-06-21T14:00:22,1000.0,22.95,S
2021-06-21T14:00:19,1000.0,23.0,B
2021-06-21T14:00:09,100.0,23.0,B
2021-06-21T14:00:03,5000.0,22.95,S
2021-06-21T14:00:01,2000.0,22.95,S
2021-06-21T13:59:40,100.0,22.95,S
2021-06-21T13:59:15,500.0,23.0,B
2021-06-21T13:59:15,5000.0,22.95,S
2021-06-21T13:59:08,200.0,22.95,S
2021-06-21T13:58:43,3000.0,22.95,S
2021-06-21T13:58:02,1000.0,23.0,B
2021-06-21T13:57:54,200.0,22.95,S
2021-06-21T13:57:47,300.0,22.95,S
2021-06-21T13:57:30,100.0,22.95,S
2021-06-21T13:57:27,1400.0,22.95,S
2021-06-21T13:57:10,500.0,22.95,S
2021-06-21T13:57:09,500.0,22.95,S
2021-06-21T13:57:03,4000.0,23.0,B
2021-06-21T13:56:42,6700.0,22.95,S
2021-06-21T13:56:42,3300.0,22.95,S
2021-06-21T13:56:28,1000.0,22.95,S
2021-06-21T13:56:28,5000.0,22.95,S
2021-06-21T13:56:21,1000.0,22.95,S
2021-06-21T13:56:14,200.0,22.95,S
2021-06-21T13:56:12,600.0,22.95,S
2021-06-21T13:56:07,200.0,23.0,B
2021-06-21T13:55:57,100.0,22.95,S
2021-06-21T13:55:54,1900.0,22.95,S
2021-06-21T13:54:43,100.0,22.95,B
2021-06-21T13:54:43,600.0,22.95,B
2021-06-21T13:54:39,700.0,22.95,B
2021-06-21T13:54:39,1000.0,22.95,B
2021-06-21T13:54:33,100.0,22.95,B
2021-06-21T13:54:30,5000.0,22.9,S
2021-06-21T13:54:28,700.0,22.95,B
2021-06-21T13:54:26,2000.0,22.95,B
2021-06-21T13:54:16,200.0,22.95,B
2021-06-21T13:54:00,700.0,22.95,B
2021-06-21T13:54:00,700.0,22.95,B
2021-06-21T13:53:44,500.0,22.95,B
2021-06-21T13:53:32,100.0,22.9,S
2021-06-21T13:53:12,2000.0,22.95,B
2021-06-21T13:52:52,100.0,22.95,B
2021-06-21T13:52:39,100.0,22.95,B
2021-06-21T13:52:30,1400.0,22.95,S
2021-06-21T13:52:30,5200.0,22.95,S
2021-06-21T13:52:30,4600.0,22.95,S
2021-06-21T13:52:19,10000.0,22.95,S
2021-06-21T13:51:50,4600.0,22.95,S
2021-06-21T13:51:50,1300.0,22.95,S
2021-06-21T13:51:46,100.0,23.0,B
2021-06-21T13:51:30,500.0,22.95,B
2021-06-21T13:51:28,4100.0,22.95,B
2021-06-21T13:51:28,5200.0,22.95,B
2021-06-21T13:51:21,20000.0,22.95,B
2021-06-21T13:51:11,300.0,22.95,B
2021-06-21T13:51:06,7000.0,22.95,B
2021-06-21T13:51:01,1400.0,22.95,B
2021-06-21T13:50:55,300.0,22.95,B
2021-06-21T13:50:54,500.0,22.9,S
2021-06-21T13:50:46,500.0,22.9,S
2021-06-21T13:50:43,1000.0,22.95,B
2021-06-21T13:50:41,1900.0,22.95,B
2021-06-21T13:50:36,6500.0,22.95,B
2021-06-21T13:50:32,500.0,22.95,B
2021-06-21T13:50:31,100.0,22.95,B
2021-06-21T13:50:21,4800.0,22.95,S
2021-06-21T13:50:20,200.0,22.95,S
2021-06-21T13:50:20,500.0,22.95,S
2021-06-21T13:50:20,2300.0,22.95,S
2021-06-21T13:50:12,300.0,22.95,S
2021-06-21T13:50:11,100.0,22.95,S
2021-06-21T13:50:03,100.0,22.95,S
2021-06-21T13:49:30,200.0,22.95,B
2021-06-21T13:49:30,900.0,22.95,B
2021-06-21T13:49:20,100.0,22.95,S
2021-06-21T13:49:20,700.0,22.95,S
2021-06-21T13:49:13,1000.0,22.95,S
2021-06-21T13:48:45,100.0,22.95,S
2021-06-21T13:48:43,500.0,22.95,S
2021-06-21T13:48:34,5000.0,22.95,S
2021-06-21T13:48:21,1000.0,22.95,S
2021-06-21T13:48:19,1200.0,22.95,S
2021-06-21T13:48:12,10500.0,22.95,B
2021-06-21T13:48:04,2100.0,22.9,S
2021-06-21T13:48:03,7300.0,22.9,S
2021-06-21T13:48:03,5100.0,22.9,S
2021-06-21T13:48:03,2600.0,22.9,S
2021-06-21T13:47:31,100.0,22.9,S
2021-06-21T13:47:05,400.0,22.9,S
2021-06-21T13:47:05,2500.0,22.9,S
2021-06-21T13:47:05,1200.0,22.9,S
2021-06-21T13:47:05,25900.0,22.9,S
2021-06-21T13:46:51,300.0,22.95,S
2021-06-21T13:46:32,1000.0,22.95,S
2021-06-21T13:45:56,4800.0,22.95,S
2021-06-21T13:45:55,100.0,22.95,S
2021-06-21T13:45:51,100.0,22.95,S
2021-06-21T13:45:34,400.0,23.0,B
2021-06-21T13:45:34,1700.0,22.9,S
2021-06-21T13:45:34,1200.0,22.9,S
2021-06-21T13:45:34,5100.0,22.9,S
2021-06-21T13:45:34,300.0,22.9,S
2021-06-21T13:45:33,200.0,22.9,S
2021-06-21T13:45:33,9000.0,22.9,S
2021-06-21T13:45:33,1500.0,22.9,S
2021-06-21T13:45:33,2500.0,22.9,S
2021-06-21T13:45:33,2500.0,22.9,S
2021-06-21T13:45:33,16000.0,22.9,S
2021-06-21T13:45:29,600.0,22.95,B
2021-06-21T13:45:02,3100.0,23.0,B
2021-06-21T13:45:02,1900.0,22.95,S
2021-06-21T13:44:48,2700.0,22.95,S
2021-06-21T13:44:45,300.0,22.95,S
2021-06-21T13:44:28,3000.0,22.95,B
2021-06-21T13:44:11,5000.0,22.95,B
2021-06-21T13:44:11,2300.0,22.95,B
2021-06-21T13:44:11,17700.0,22.95,B
2021-06-21T13:44:08,10000.0,22.9,S
2021-06-21T13:43:46,200.0,22.95,B
2021-06-21T13:43:44,800.0,22.9,S
2021-06-21T13:43:35,2500.0,22.9,S
2021-06-21T13:43:10,100.0,22.95,B
2021-06-21T13:43:09,200.0,22.9,S
2021-06-21T13:43:08,2000.0,22.9,S
2021-06-21T13:43:03,2000.0,22.95,B
2021-06-21T13:42:59,3000.0,22.9,S
2021-06-21T13:42:58,700.0,22.95,B
2021-06-21T13:42:43,200.0,22.95,B
2021-06-21T13:42:42,100.0,22.95,B
2021-06-21T13:42:20,10000.0,22.95,S
2021-06-21T13:42:11,5600.0,22.95,S
2021-06-21T13:42:09,10000.0,22.95,S
2021-06-21T13:42:08,600.0,22.95,S
2021-06-21T13:41:52,1000.0,22.95,S
2021-06-21T13:41:49,10000.0,22.95,S
2021-06-21T13:41:43,2000.0,23.0,B
2021-06-21T13:41:37,200.0,23.0,B
2021-06-21T13:41:30,500.0,23.0,S
2021-06-21T13:41:23,500.0,23.0,S
2021-06-21T13:41:19,400.0,23.0,S
2021-06-21T13:41:17,200.0,23.0,S
2021-06-21T13:41:12,2600.0,23.0,S
2021-06-21T13:41:10,1800.0,23.0,S
2021-06-21T13:41:10,5500.0,23.0,S
2021-06-21T13:41:10,1000.0,23.0,S
2021-06-21T13:41:09,2700.0,23.0,S
2021-06-21T13:41:09,2000.0,23.0,S
2021-06-21T13:41:07,3000.0,23.0,S
2021-06-21T13:40:47,300.0,23.0,S
2021-06-21T13:40:47,5000.0,23.05,B
2021-06-21T13:40:36,1400.0,23.0,S
2021-06-21T13:40:36,3500.0,23.0,S
2021-06-21T13:40:36,1000.0,23.0,S
2021-06-21T13:40:36,300.0,23.0,S
2021-06-21T13:40:36,14400.0,23.0,S
2021-06-21T13:40:28,100.0,23.05,B
2021-06-21T13:40:16,300.0,23.05,B
2021-06-21T13:40:12,1000.0,23.05,B
2021-06-21T13:40:00,500.0,23.05,S
2021-06-21T13:39:58,100.0,23.05,S
2021-06-21T13:39:55,200.0,23.05,S
2021-06-21T13:39:54,2000.0,23.05,S
2021-06-21T13:39:51,200.0,23.05,S
2021-06-21T13:39:45,5000.0,23.05,S
2021-06-21T13:39:43,1300.0,23.05,S
2021-06-21T13:39:42,500.0,23.05,S
2021-06-21T13:39:42,800.0,23.05,S
2021-06-21T13:39:37,2000.0,23.05,S
2021-06-21T13:39:37,2200.0,23.05,S
2021-06-21T13:39:33,500.0,23.05,S
2021-06-21T13:39:13,2000.0,23.05,S
2021-06-21T13:37:50,5500.0,23.1,S
2021-06-21T13:37:37,200.0,23.1,S
2021-06-21T13:37:35,1000.0,23.1,S
2021-06-21T13:37:35,1000.0,23.1,S
2021-06-21T13:37:35,400.0,23.1,S
2021-06-21T13:37:35,1000.0,23.1,S
2021-06-21T13:37:35,10000.0,23.1,S
2021-06-21T13:37:35,3800.0,23.1,S
2021-06-21T13:37:35,300.0,23.1,S
2021-06-21T13:37:34,11400.0,23.1,S
2021-06-21T13:37:34,1400.0,23.1,S
2021-06-21T13:37:34,200.0,23.1,S
2021-06-21T13:37:34,1100.0,23.1,S
2021-06-21T13:37:34,2600.0,23.1,S
2021-06-21T13:37:33,200.0,23.15,B
2021-06-21T13:37:18,200.0,23.15,B
2021-06-21T13:37:15,400.0,23.1,S
2021-06-21T13:37:15,400.0,23.1,S
2021-06-21T13:37:15,1700.0,23.1,S
2021-06-21T13:37:15,2500.0,23.1,S
2021-06-21T13:37:08,200.0,23.1,S
2021-06-21T13:36:54,400.0,23.1,S
2021-06-21T13:36:20,100.0,23.1,S
2021-06-21T13:36:17,4000.0,23.15,B
2021-06-21T13:36:12,100.0,23.15,B
2021-06-21T13:35:53,3600.0,23.15,B
2021-06-21T13:35:47,400.0,23.1,S
2021-06-21T13:35:44,400.0,23.1,S
2021-06-21T13:35:06,3200.0,23.15,S
2021-06-21T13:35:04,500.0,23.15,S
2021-06-21T13:34:36,300.0,23.15,S
2021-06-21T13:34:35,4600.0,23.15,B
2021-06-21T13:34:34,600.0,23.15,B
2021-06-21T13:34:23,4400.0,23.15,B
2021-06-21T13:34:06,300.0,23.15,B
2021-06-21T13:33:45,200.0,23.15,B
2021-06-21T13:33:31,700.0,23.15,B
2021-06-21T13:33:31,2400.0,23.15,B
2021-06-21T13:33:31,1200.0,23.15,B
2021-06-21T13:33:31,900.0,23.15,B
2021-06-21T13:33:31,1300.0,23.15,B
2021-06-21T13:33:31,400.0,23.15,B
2021-06-21T13:33:29,23100.0,23.15,B
2021-06-21T13:33:28,500.0,23.1,S
2021-06-21T13:33:13,1000.0,23.15,B
2021-06-21T13:33:03,1000.0,23.15,B
2021-06-21T13:32:59,200.0,23.15,B
2021-06-21T13:32:55,100.0,23.1,S
2021-06-21T13:32:49,100.0,23.15,B
2021-06-21T13:32:47,1000.0,23.15,B
2021-06-21T13:32:42,2000.0,23.1,S
2021-06-21T13:32:34,500.0,23.15,B
2021-06-21T13:32:28,500.0,23.15,B
2021-06-21T13:32:19,3500.0,23.15,B
2021-06-21T13:32:15,2000.0,23.15,B
2021-06-21T13:32:14,100.0,23.15,B
2021-06-21T13:32:03,1000.0,23.15,B
2021-06-21T13:31:51,200.0,23.15,B
2021-06-21T13:31:42,2000.0,23.1,S
2021-06-21T13:31:23,1300.0,23.1,S
2021-06-21T13:31:23,300.0,23.15,B
2021-06-21T13:31:22,1000.0,23.15,B
2021-06-21T13:31:15,300.0,23.15,B
2021-06-21T13:31:15,300.0,23.15,B
2021-06-21T13:31:06,300.0,23.15,B
2021-06-21T13:30:52,100.0,23.15,B
2021-06-21T13:30:51,1300.0,23.15,B
2021-06-21T13:30:50,700.0,23.15,B
2021-06-21T13:30:41,200.0,23.15,B
2021-06-21T13:30:31,10000.0,23.15,B
2021-06-21T13:30:29,500.0,23.15,B
2021-06-21T13:30:19,5000.0,23.15,B
2021-06-21T13:30:17,500.0,23.15,B
2021-06-21T13:30:16,200.0,23.15,B
2021-06-21T13:30:15,200.0,23.15,B
2021-06-21T13:30:14,200.0,23.15,B
2021-06-21T13:30:13,300.0,23.15,B
2021-06-21T13:30:12,1000.0,23.1,S
2021-06-21T13:30:08,500.0,23.15,B
2021-06-21T13:30:04,200.0,23.15,B
2021-06-21T13:29:57,3000.0,23.15,B
2021-06-21T13:29:55,200.0,23.15,B
2021-06-21T13:29:55,600.0,23.15,B
2021-06-21T13:29:45,100.0,23.1,S
2021-06-21T13:29:35,1600.0,23.1,S
2021-06-21T13:29:32,100.0,23.1,S
2021-06-21T13:29:30,400.0,23.1,S
2021-06-21T13:29:11,20000.0,23.1,B
2021-06-21T13:29:07,1000.0,23.1,B
2021-06-21T13:29:04,2500.0,23.15,B
2021-06-21T13:29:04,500.0,23.15,B
2021-06-21T13:28:52,600.0,23.1,B
2021-06-21T13:28:51,2000.0,23.1,B
2021-06-21T13:28:44,100.0,23.1,B
2021-06-21T13:28:35,20000.0,23.1,B
2021-06-21T13:28:29,200.0,23.15,B
2021-06-21T13:28:25,1300.0,23.15,B
2021-06-21T13:28:23,3600.0,23.15,B
2021-06-21T13:28:23,1300.0,23.15,B
2021-06-21T13:28:23,2100.0,23.15,B
2021-06-21T13:28:21,500.0,23.15,B
2021-06-21T13:28:17,1100.0,23.1,B
2021-06-21T13:28:11,1000.0,23.1,B
2021-06-21T13:28:10,300.0,23.1,B
2021-06-21T13:28:06,1100.0,23.15,B
2021-06-21T13:28:02,400.0,23.15,B
2021-06-21T13:28:01,700.0,23.15,B
2021-06-21T13:28:01,800.0,23.1,B
2021-06-21T13:28:01,100.0,23.1,B
2021-06-21T13:28:01,7900.0,23.1,B
2021-06-21T13:27:54,10300.0,23.1,B
2021-06-21T13:27:53,6200.0,23.1,B
2021-06-21T13:27:52,1000.0,23.1,B
2021-06-21T13:27:47,10000.0,23.1,B
2021-06-21T13:27:47,5000.0,23.1,B
2021-06-21T13:27:47,100.0,23.1,B
2021-06-21T13:27:43,100.0,23.1,B
2021-06-21T13:27:43,18000.0,23.1,B
2021-06-21T13:27:39,100.0,23.1,B
2021-06-21T13:27:35,1000.0,23.1,B
2021-06-21T13:27:35,9400.0,23.1,B
2021-06-21T13:27:23,30000.0,23.1,B
2021-06-21T13:27:20,5000.0,23.1,B
2021-06-21T13:27:19,100.0,23.1,B
2021-06-21T13:27:07,1400.0,23.1,B
2021-06-21T13:27:07,25700.0,23.1,B
2021-06-21T13:27:07,100.0,23.1,B
2021-06-21T13:27:07,2200.0,23.1,B
2021-06-21T13:27:07,2000.0,23.1,B
2021-06-21T13:26:56,3900.0,23.1,B
2021-06-21T13:26:51,200.0,23.1,B
2021-06-21T13:26:29,5000.0,23.05,B
2021-06-21T13:26:18,400.0,23.1,B
2021-06-21T13:26:14,100.0,23.05,B
2021-06-21T13:26:13,500.0,23.1,B
2021-06-21T13:26:07,13000.0,23.05,B
2021-06-21T13:26:07,300.0,23.05,B
2021-06-21T13:26:07,100.0,23.05,B
2021-06-21T13:26:07,2400.0,23.05,B
2021-06-21T13:26:07,2700.0,23.05,B
2021-06-21T13:26:07,1000.0,23.05,B
2021-06-21T13:26:07,1100.0,23.05,B
2021-06-21T13:26:07,1000.0,23.05,B
2021-06-21T13:26:07,15100.0,23.05,B
2021-06-21T13:26:06,3200.0,23.05,B
2021-06-21T13:26:03,4000.0,23.0,S
2021-06-21T13:25:57,100.0,23.0,S
2021-06-21T13:25:44,1000.0,23.0,S
2021-06-21T13:25:43,300.0,23.0,S
2021-06-21T13:25:33,1500.0,23.0,B
2021-06-21T13:25:21,1000.0,23.0,B
2021-06-21T13:25:10,100.0,23.0,B
2021-06-21T13:25:06,1300.0,23.0,B
2021-06-21T13:25:06,2400.0,23.0,B
2021-06-21T13:25:06,300.0,23.0,B
2021-06-21T13:25:06,1800.0,23.0,B
2021-06-21T13:25:06,100.0,23.0,B
2021-06-21T13:25:06,2000.0,23.0,B
2021-06-21T13:25:06,20300.0,23.0,B
2021-06-21T13:25:06,2100.0,23.0,B
2021-06-21T13:25:06,2300.0,23.0,B
2021-06-21T13:25:05,17000.0,23.0,B
2021-06-21T13:25:05,600.0,23.0,B
2021-06-21T13:24:58,200.0,23.0,B
2021-06-21T13:24:56,1000.0,23.0,B
2021-06-21T13:24:54,4700.0,23.0,B
2021-06-21T13:24:51,100.0,22.95,S
2021-06-21T13:24:47,2700.0,22.95,S
2021-06-21T13:24:47,1000.0,22.95,S
2021-06-21T13:24:31,200.0,23.0,B
2021-06-21T13:24:29,100.0,22.9,S
2021-06-21T13:24:19,100.0,22.9,S
2021-06-21T13:24:13,500.0,22.9,S
2021-06-21T13:24:13,800.0,23.0,B
2021-06-21T13:23:53,500.0,22.9,S
2021-06-21T13:23:47,300.0,22.9,S
2021-06-21T13:23:45,12700.0,23.0,B
2021-06-21T13:23:45,4000.0,23.0,B
2021-06-21T13:23:45,2000.0,22.95,B
2021-06-21T13:23:45,11300.0,22.95,B
2021-06-21T13:23:43,2000.0,22.9,B
2021-06-21T13:23:41,100.0,22.95,B
2021-06-21T13:23:41,500.0,22.9,B
2021-06-21T13:23:36,500.0,22.9,B
2021-06-21T13:23:18,500.0,22.9,B
2021-06-21T13:23:18,700.0,22.9,B
2021-06-21T13:23:15,200.0,22.95,B
2021-06-21T13:23:07,300.0,22.95,B
2021-06-21T13:22:56,100.0,22.9,B
2021-06-21T13:22:52,4500.0,22.9,B
2021-06-21T13:22:52,4300.0,22.9,B
2021-06-21T13:22:52,200.0,22.9,B
2021-06-21T13:22:52,6400.0,22.9,B
2021-06-21T13:22:49,100.0,22.9,B
2021-06-21T13:22:49,1400.0,22.85,S
2021-06-21T13:22:49,600.0,22.85,S
2021-06-21T13:22:46,30000.0,22.9,B
2021-06-21T13:22:05,1500.0,22.85,S
2021-06-21T13:21:58,1500.0,22.9,B
2021-06-21T13:21:50,1900.0,22.9,B
2021-06-21T13:21:47,100.0,22.85,S
2021-06-21T13:21:46,3000.0,22.85,S
2021-06-21T13:21:43,2000.0,22.85,S
2021-06-21T13:21:36,1000.0,22.9,B
2021-06-21T13:21:34,4800.0,22.85,S
2021-06-21T13:21:34,3000.0,22.85,S
2021-06-21T13:21:34,4200.0,22.85,S
2021-06-21T13:21:20,500.0,22.85,S
2021-06-21T13:21:09,3000.0,22.85,S
2021-06-21T13:20:34,100.0,22.85,S
2021-06-21T13:20:24,100.0,22.85,S
2021-06-21T13:20:02,1000.0,22.85,S
2021-06-21T13:19:55,100.0,22.85,S
2021-06-21T13:19:35,600.0,22.85,S
2021-06-21T13:19:25,400.0,22.85,S
2021-06-21T13:19:12,100.0,22.9,B
2021-06-21T13:19:08,500.0,22.85,S
2021-06-21T13:18:57,3000.0,22.85,S
2021-06-21T13:18:54,800.0,22.9,B
2021-06-21T13:18:54,1500.0,22.9,B
2021-06-21T13:18:54,700.0,22.9,B
2021-06-21T13:18:35,800.0,22.9,B
2021-06-21T13:18:35,4200.0,22.9,B
2021-06-21T13:18:28,200.0,22.85,S
2021-06-21T13:18:21,2000.0,22.85,S
2021-06-21T13:18:21,200.0,22.9,B
2021-06-21T13:18:21,1000.0,22.9,B
2021-06-21T13:18:17,5000.0,22.85,S
2021-06-21T13:18:13,1000.0,22.85,S
2021-06-21T13:18:04,700.0,22.85,S
2021-06-21T13:18:03,300.0,22.9,B
2021-06-21T13:17:59,500.0,22.85,S
2021-06-21T13:17:35,3300.0,22.9,B
2021-06-21T13:17:34,100.0,22.85,S
2021-06-21T13:17:32,500.0,22.9,B
2021-06-21T13:17:27,2300.0,22.85,S
2021-06-21T13:17:27,2700.0,22.85,S
2021-06-21T13:17:27,4000.0,22.85,S
2021-06-21T13:17:03,100.0,22.9,B
2021-06-21T13:16:56,2300.0,22.85,S
2021-06-21T13:16:50,3800.0,22.85,S
2021-06-21T13:16:50,100.0,22.85,S
2021-06-21T13:16:50,1200.0,22.85,S
2021-06-21T13:16:50,3000.0,22.85,S
2021-06-21T13:16:50,500.0,22.85,S
2021-06-21T13:16:50,1400.0,22.85,S
2021-06-21T13:16:50,3100.0,22.9,B
2021-06-21T13:16:50,500.0,22.9,B
2021-06-21T13:16:50,3100.0,22.9,B
2021-06-21T13:16:50,5600.0,22.9,B
2021-06-21T13:16:50,500.0,22.9,B
2021-06-21T13:16:48,1100.0,22.9,B
2021-06-21T13:16:48,6100.0,22.9,B
2021-06-21T13:16:46,200.0,22.85,S
2021-06-21T13:16:44,200.0,22.9,B
2021-06-21T13:16:18,2000.0,22.85,S
2021-06-21T13:16:17,2000.0,22.9,B
2021-06-21T13:16:15,200.0,22.85,S
2021-06-21T13:16:08,8000.0,22.85,S
2021-06-21T13:16:02,200.0,22.85,S
2021-06-21T13:15:54,100.0,22.85,S
2021-06-21T13:15:54,400.0,22.85,S
2021-06-21T13:15:52,1000.0,22.85,S
2021-06-21T13:15:47,200.0,22.9,B
2021-06-21T13:15:43,500.0,22.9,B
2021-06-21T13:15:35,7700.0,22.85,S
2021-06-21T13:15:35,2300.0,22.85,S
2021-06-21T13:15:35,3000.0,22.85,S
2021-06-21T13:15:31,1000.0,22.9,B
2021-06-21T13:15:19,1500.0,22.85,S
2021-06-21T13:15:17,1800.0,22.9,B
2021-06-21T13:15:11,6100.0,22.85,S
2021-06-21T13:15:11,1000.0,22.85,S
2021-06-21T13:15:11,200.0,22.9,B
2021-06-21T13:14:56,2000.0,22.9,B
2021-06-21T13:14:45,300.0,22.85,S
2021-06-21T13:14:44,3000.0,22.9,B
2021-06-21T13:14:42,200.0,22.85,S
2021-06-21T13:14:36,100.0,22.9,B
2021-06-21T13:14:32,500.0,22.85,S
2021-06-21T13:14:30,500.0,22.85,S
2021-06-21T13:14:30,2000.0,22.9,B
2021-06-21T13:14:27,300.0,22.85,S
2021-06-21T13:14:25,100.0,22.85,S
2021-06-21T13:14:20,500.0,22.85,S
2021-06-21T13:14:18,300.0,22.9,B
2021-06-21T13:14:07,1600.0,22.85,S
2021-06-21T13:14:07,400.0,22.85,S
2021-06-21T13:14:04,1600.0,22.9,B
2021-06-21T13:13:59,5000.0,22.85,S
2021-06-21T13:13:42,5000.0,22.9,B
2021-06-21T13:13:40,2000.0,22.9,B
2021-06-21T13:13:40,2000.0,22.85,S
2021-06-21T13:13:40,100.0,22.9,B
2021-06-21T13:13:38,3000.0,22.9,B
2021-06-21T13:13:28,600.0,22.9,B
2021-06-21T13:13:22,1000.0,22.85,S
2021-06-21T13:13:18,800.0,22.85,S
2021-06-21T13:13:10,500.0,22.9,B
2021-06-21T13:13:03,1000.0,22.9,B
2021-06-21T13:13:01,4900.0,22.85,S
2021-06-21T13:13:01,1000.0,22.85,S
2021-06-21T13:13:01,1000.0,22.85,S
2021-06-21T13:13:01,700.0,22.85,S
2021-06-21T13:13:01,5400.0,22.85,S
2021-06-21T13:12:59,12100.0,22.9,B
2021-06-21T13:12:59,7900.0,22.9,B
2021-06-21T13:12:57,500.0,22.9,B
2021-06-21T13:12:57,500.0,22.9,B
2021-06-21T13:12:52,1000.0,22.9,B
2021-06-21T13:12:52,500.0,22.85,S
2021-06-21T13:12:47,100.0,22.85,S
2021-06-21T13:12:44,5100.0,22.9,B
2021-06-21T13:12:41,5300.0,22.85,S
2021-06-21T13:12:38,1000.0,22.85,S
2021-06-21T13:12:38,100.0,22.85,S
2021-06-21T13:12:31,2500.0,22.9,B
2021-06-21T13:12:31,1000.0,22.9,B
2021-06-21T13:12:16,500.0,22.85,S
2021-06-21T13:12:04,400.0,22.85,S
2021-06-21T13:12:02,8000.0,22.85,S
2021-06-21T13:11:52,100.0,22.85,S
2021-06-21T13:11:43,100.0,22.9,B
2021-06-21T13:11:40,200.0,22.8,S
2021-06-21T13:11:31,100.0,22.8,S
2021-06-21T13:11:31,5700.0,22.8,S
2021-06-21T13:11:30,100.0,22.9,B
2021-06-21T13:11:17,3200.0,22.8,S
2021-06-21T13:11:17,800.0,22.8,S
2021-06-21T13:11:16,6000.0,22.8,S
2021-06-21T13:11:15,100.0,22.85,S
2021-06-21T13:11:04,1000.0,22.85,S
2021-06-21T13:10:45,200.0,22.9,B
2021-06-21T13:10:44,500.0,22.8,S
2021-06-21T13:10:41,200.0,22.8,S
2021-06-21T13:10:38,1300.0,22.8,S
2021-06-21T13:10:37,7400.0,22.8,S
2021-06-21T13:10:37,100.0,22.8,S
2021-06-21T13:10:37,2500.0,22.8,S
2021-06-21T13:10:34,2400.0,22.8,S
2021-06-21T13:10:16,100.0,22.8,S
2021-06-21T13:10:14,8000.0,22.9,B
2021-06-21T13:10:05,100.0,22.8,S
2021-06-21T13:10:01,400.0,22.8,S
2021-06-21T13:10:01,2600.0,22.8,S
2021-06-21T13:09:50,1000.0,22.9,B
2021-06-21T13:09:43,900.0,22.8,S
2021-06-21T13:09:42,1100.0,22.8,S
2021-06-21T13:09:41,4000.0,22.8,S
2021-06-21T13:09:34,1000.0,22.8,S
2021-06-21T13:09:34,100.0,22.8,S
2021-06-21T13:09:33,100.0,22.8,S
2021-06-21T13:09:30,1000.0,22.8,S
2021-06-21T13:09:28,30000.0,22.8,S
2021-06-21T13:09:17,5000.0,22.8,S
2021-06-21T13:09:13,1000.0,22.9,B
2021-06-21T13:09:12,3000.0,22.8,S
2021-06-21T13:09:10,900.0,22.8,S
2021-06-21T13:09:08,6200.0,22.8,S
2021-06-21T13:09:08,600.0,22.8,S
2021-06-21T13:09:08,2100.0,22.8,S
2021-06-21T13:09:08,500.0,22.8,S
2021-06-21T13:09:08,3500.0,22.8,S
2021-06-21T13:09:08,11100.0,22.8,S
2021-06-21T13:09:01,100.0,22.9,B
2021-06-21T13:08:43,10800.0,22.8,S
2021-06-21T13:08:40,1000.0,22.8,S
2021-06-21T13:08:36,200.0,22.9,B
2021-06-21T13:08:35,500.0,22.8,S
2021-06-21T13:08:31,200.0,22.9,S
2021-06-21T13:08:31,12300.0,22.9,S
2021-06-21T13:08:29,1000.0,22.9,S
2021-06-21T13:08:26,1000.0,22.9,S
2021-06-21T13:08:25,8600.0,22.9,S
2021-06-21T13:08:25,4400.0,22.8,S
2021-06-21T13:08:25,600.0,22.85,S
2021-06-21T13:08:18,1000.0,22.85,S
2021-06-21T13:08:16,5000.0,22.9,S
2021-06-21T13:08:12,900.0,22.85,S
2021-06-21T13:08:12,2000.0,22.85,S
2021-06-21T13:08:12,100.0,22.85,S
2021-06-21T13:08:02,500.0,22.9,S
2021-06-21T13:07:58,100.0,22.9,S
2021-06-21T13:07:56,400.0,22.9,S
2021-06-21T13:07:56,5200.0,22.9,S
2021-06-21T13:07:55,1600.0,22.9,S
2021-06-21T13:07:55,3500.0,22.9,S
2021-06-21T13:07:55,5300.0,22.9,S
2021-06-21T13:07:55,1200.0,22.9,S
2021-06-21T13:07:55,15100.0,22.9,S
2021-06-21T13:07:54,2000.0,22.9,S
2021-06-21T13:07:53,2000.0,22.9,S
2021-06-21T13:07:49,100.0,22.9,S
2021-06-21T13:07:47,100.0,22.9,S
2021-06-21T13:07:45,3000.0,22.9,S
2021-06-21T13:07:44,100.0,22.9,S
2021-06-21T13:07:35,400.0,22.9,S
2021-06-21T13:07:26,30000.0,22.9,S
2021-06-21T13:07:26,2000.0,22.9,S
2021-06-21T13:07:24,500.0,22.9,S
2021-06-21T13:07:19,700.0,22.95,S
2021-06-21T13:07:04,100.0,22.9,S
2021-06-21T13:07:02,5000.0,22.95,S
2021-06-21T13:06:57,100.0,22.9,S
2021-06-21T13:06:54,300.0,22.95,S
2021-06-21T13:06:41,1800.0,22.95,S
2021-06-21T13:06:29,1300.0,22.9,S
2021-06-21T13:06:29,400.0,22.9,S
2021-06-21T13:06:29,3200.0,22.9,S
2021-06-21T13:06:29,1100.0,22.9,S
2021-06-21T13:06:29,2000.0,22.95,S
2021-06-21T13:06:27,2300.0,23.0,S
2021-06-21T13:06:17,1000.0,22.95,S
2021-06-21T13:06:17,30000.0,22.95,S
2021-06-21T13:05:48,2000.0,23.0,S
2021-06-21T13:05:38,100.0,22.95,S
2021-06-21T13:05:38,400.0,22.95,S
2021-06-21T13:05:28,6000.0,23.0,S
2021-06-21T13:05:23,500.0,23.0,S
2021-06-21T13:05:21,2500.0,23.0,S
2021-06-21T13:05:11,5000.0,23.0,S
2021-06-21T13:05:11,100.0,23.0,S
2021-06-21T13:05:11,3700.0,23.0,S
2021-06-21T13:05:11,3500.0,23.0,S
2021-06-21T13:05:11,700.0,23.0,S
2021-06-21T13:05:11,1400.0,23.0,S
2021-06-21T13:05:11,600.0,23.0,S
2021-06-21T13:05:07,600.0,23.0,S
2021-06-21T13:05:07,4400.0,23.0,S
2021-06-21T13:05:02,10200.0,23.0,S
2021-06-21T13:05:02,9800.0,23.0,S
2021-06-21T13:04:57,100.0,23.05,B
2021-06-21T13:04:52,200.0,23.0,S
2021-06-21T13:04:49,6000.0,23.0,S
2021-06-21T13:04:46,100.0,23.05,B
2021-06-21T13:04:46,4700.0,23.0,S
2021-06-21T13:04:46,4700.0,23.0,S
2021-06-21T13:04:40,200.0,23.05,B
2021-06-21T13:04:38,400.0,23.0,S
2021-06-21T13:04:38,1700.0,23.0,S
2021-06-21T13:04:38,100.0,23.0,S
2021-06-21T13:04:38,3800.0,23.0,S
2021-06-21T13:04:35,10000.0,23.05,B
2021-06-21T13:04:34,4600.0,23.0,S
2021-06-21T13:04:34,800.0,23.0,S
2021-06-21T13:04:34,9900.0,23.0,S
2021-06-21T13:04:34,5100.0,23.0,S
2021-06-21T13:04:32,9600.0,23.0,S
2021-06-21T13:04:27,300.0,23.0,S
2021-06-21T13:04:25,100.0,23.0,S
2021-06-21T13:04:21,10000.0,23.0,S
2021-06-21T13:04:09,1800.0,23.0,S
2021-06-21T13:04:09,5100.0,23.0,S
2021-06-21T13:04:09,900.0,23.0,S
2021-06-21T13:04:09,2200.0,23.0,S
2021-06-21T13:04:06,4600.0,23.0,S
2021-06-21T13:04:04,1000.0,23.0,S
2021-06-21T13:04:01,300.0,23.05,B
2021-06-21T13:04:00,400.0,23.05,B
2021-06-21T13:03:58,9600.0,23.05,B
2021-06-21T13:03:58,100.0,23.0,S
2021-06-21T13:03:56,1500.0,23.0,S
2021-06-21T13:03:56,1100.0,23.0,S
2021-06-21T13:03:56,5400.0,23.0,S
2021-06-21T13:03:56,1300.0,23.0,S
2021-06-21T13:03:56,5000.0,23.0,S
2021-06-21T13:03:56,900.0,23.0,S
2021-06-21T13:03:56,1600.0,23.0,S
2021-06-21T13:03:56,200.0,23.0,S
2021-06-21T13:03:56,3700.0,23.0,S
2021-06-21T13:03:56,9300.0,23.0,S
2021-06-21T13:03:56,200.0,23.0,S
2021-06-21T13:03:52,1000.0,23.0,S
2021-06-21T13:03:48,2800.0,23.05,B
2021-06-21T13:03:47,700.0,23.05,B
2021-06-21T13:03:47,1300.0,23.05,B
2021-06-21T13:03:46,2000.0,23.0,S
2021-06-21T13:03:43,11000.0,23.0,S
2021-06-21T13:03:43,6000.0,23.0,S
2021-06-21T13:03:43,500.0,23.0,S
2021-06-21T13:03:43,3700.0,23.0,S
2021-06-21T13:03:43,22700.0,23.0,S
2021-06-21T13:03:43,6100.0,23.0,S
2021-06-21T13:03:41,100.0,23.05,B
2021-06-21T13:03:25,1000.0,23.05,B
2021-06-21T13:03:22,500.0,23.05,B
2021-06-21T13:03:18,3400.0,23.0,S
2021-06-21T13:03:18,1600.0,23.0,S
2021-06-21T13:03:13,2000.0,23.0,S
2021-06-21T13:03:03,5000.0,23.0,S
2021-06-21T13:03:02,4400.0,23.0,S
2021-06-21T13:03:02,600.0,23.0,S
2021-06-21T13:03:01,200.0,23.05,B
2021-06-21T13:02:58,20000.0,23.05,B
2021-06-21T13:02:51,200.0,23.05,B
2021-06-21T13:02:46,2000.0,23.05,B
2021-06-21T13:02:45,500.0,23.05,B
2021-06-21T13:02:38,100.0,23.05,S
2021-06-21T13:02:38,2000.0,23.05,S
2021-06-21T13:02:35,1000.0,23.0,S
2021-06-21T13:02:34,1600.0,23.05,S
2021-06-21T13:02:33,200.0,23.0,S
2021-06-21T13:02:30,22000.0,23.0,S
2021-06-21T13:02:27,500.0,23.0,S
2021-06-21T13:02:24,3000.0,23.05,S
2021-06-21T13:02:20,100.0,23.0,S
2021-06-21T13:02:17,1200.0,23.05,S
2021-06-21T13:02:16,200.0,23.05,S
2021-06-21T13:02:16,500.0,23.0,S
2021-06-21T13:02:15,500.0,23.05,S
2021-06-21T13:02:12,2000.0,23.05,S
2021-06-21T13:02:08,1000.0,23.05,S
2021-06-21T13:02:07,2700.0,23.0,S
2021-06-21T13:02:07,600.0,23.0,S
2021-06-21T13:02:06,1000.0,23.0,S
2021-06-21T13:01:59,1000.0,23.0,S
2021-06-21T13:01:55,100.0,23.05,S
2021-06-21T13:01:33,600.0,23.0,S
2021-06-21T13:01:23,200.0,23.05,S
2021-06-21T13:01:17,100.0,23.05,S
2021-06-21T13:01:12,5000.0,23.0,S
2021-06-21T13:00:52,10000.0,23.0,S
2021-06-21T13:00:50,100.0,23.05,S
2021-06-21T13:00:50,4900.0,23.05,S
2021-06-21T13:00:50,100.0,23.05,S
2021-06-21T13:00:49,8000.0,23.05,S
2021-06-21T13:00:41,100.0,23.05,S
2021-06-21T13:00:34,2000.0,23.05,S
2021-06-21T13:00:13,600.0,23.05,S
2021-06-21T13:00:11,500.0,23.0,S
2021-06-21T13:00:09,500.0,23.05,S
2021-06-21T13:00:09,200.0,23.05,S
2021-06-21T13:00:09,3700.0,23.05,S
2021-06-21T13:00:09,15000.0,23.05,S
2021-06-21T11:30:02,5000.0,23.05,S
2021-06-21T11:29:05,3000.0,23.05,S
2021-06-21T11:29:05,300.0,23.05,S
2021-06-21T11:29:05,2300.0,23.05,S
2021-06-21T11:29:05,10100.0,23.05,S
2021-06-21T11:29:05,20100.0,23.05,S
2021-06-21T11:29:05,34300.0,23.05,S
2021-06-21T11:29:01,500.0,23.1,S
2021-06-21T11:28:57,500.0,23.1,S
2021-06-21T11:28:55,1200.0,23.1,S
2021-06-21T11:28:51,4000.0,23.1,S
2021-06-21T11:28:45,200.0,23.1,S
2021-06-21T11:28:45,3800.0,23.1,S
2021-06-21T11:28:40,200.0,23.1,S
2021-06-21T11:28:39,10600.0,23.1,S
2021-06-21T11:28:39,1500.0,23.1,S
2021-06-21T11:28:39,600.0,23.1,S
2021-06-21T11:28:39,900.0,23.1,S
2021-06-21T11:28:39,16900.0,23.1,S
2021-06-21T11:28:35,5000.0,23.1,S
2021-06-21T11:28:35,900.0,23.1,S
2021-06-21T11:28:33,400.0,23.1,S
2021-06-21T11:28:33,200.0,23.1,S
2021-06-21T11:28:33,3500.0,23.1,S
2021-06-21T11:28:33,100.0,23.15,B
2021-06-21T11:28:16,2100.0,23.1,S
2021-06-21T11:28:16,100.0,23.1,S
2021-06-21T11:28:06,5000.0,23.1,S
2021-06-21T11:28:01,200.0,23.1,S
2021-06-21T11:27:59,200.0,23.1,S
2021-06-21T11:27:51,10000.0,23.1,S
2021-06-21T11:27:44,400.0,23.1,S
2021-06-21T11:27:27,200.0,23.1,S
2021-06-21T11:27:12,5000.0,23.1,S
2021-06-21T11:27:11,1000.0,23.1,S
2021-06-21T11:27:10,2000.0,23.1,S
2021-06-21T11:27:07,700.0,23.1,S
2021-06-21T11:27:07,1100.0,23.1,S
2021-06-21T11:27:07,5000.0,23.1,S
2021-06-21T11:26:59,500.0,23.1,S
2021-06-21T11:26:58,200.0,23.1,S
2021-06-21T11:26:58,2000.0,23.1,S
2021-06-21T11:26:54,500.0,23.1,S
2021-06-21T11:26:53,500.0,23.1,S
2021-06-21T11:26:51,3000.0,23.1,S
2021-06-21T11:26:46,1100.0,23.15,B
2021-06-21T11:26:42,200.0,23.1,S
2021-06-21T11:26:08,5000.0,23.1,S
2021-06-21T11:26:07,1000.0,23.1,S
2021-06-21T11:26:01,200.0,23.15,B
2021-06-21T11:26:00,500.0,23.1,S
2021-06-21T11:25:36,2000.0,23.1,S
2021-06-21T11:25:35,1000.0,23.1,S
2021-06-21T11:25:33,200.0,23.1,S
2021-06-21T11:25:23,1000.0,23.1,S
2021-06-21T11:25:15,4000.0,23.1,S
2021-06-21T11:25:14,1300.0,23.15,B
2021-06-21T11:25:12,1000.0,23.1,S
2021-06-21T11:24:52,200.0,23.1,S
2021-06-21T11:24:52,1200.0,23.1,S
2021-06-21T11:24:52,1000.0,23.1,S
2021-06-21T11:24:48,500.0,23.15,B
2021-06-21T11:24:46,200.0,23.1,S
2021-06-21T11:24:42,100.0,23.1,S
2021-06-21T11:24:36,400.0,23.1,S
2021-06-21T11:24:34,1000.0,23.15,B
2021-06-21T11:24:27,1000.0,23.1,S
2021-06-21T11:24:14,100.0,23.1,S
2021-06-21T11:24:09,500.0,23.15,S
2021-06-21T11:24:05,2400.0,23.15,S
2021-06-21T11:24:01,1000.0,23.15,S
2021-06-21T11:24:00,100.0,23.15,S
2021-06-21T11:23:59,100.0,23.15,S
2021-06-21T11:23:41,100.0,23.15,S
2021-06-21T11:23:41,400.0,23.15,S
2021-06-21T11:23:34,900.0,23.15,S
2021-06-21T11:23:31,200.0,23.15,S
2021-06-21T11:23:25,100.0,23.15,S
2021-06-21T11:23:23,8400.0,23.15,B
2021-06-21T11:23:21,500.0,23.1,S
2021-06-21T11:23:05,1000.0,23.15,B
2021-06-21T11:23:00,3100.0,23.15,B
2021-06-21T11:22:43,100.0,23.15,S
2021-06-21T11:22:43,2200.0,23.15,S
2021-06-21T11:22:43,1600.0,23.15,S
2021-06-21T11:22:43,5000.0,23.15,S
2021-06-21T11:22:41,1200.0,23.15,S
2021-06-21T11:22:41,100.0,23.15,S
2021-06-21T11:22:41,10000.0,23.15,S
2021-06-21T11:22:41,18300.0,23.15,S
2021-06-21T11:22:41,2000.0,23.15,S
2021-06-21T11:22:34,1000.0,23.15,S
2021-06-21T11:22:34,500.0,23.15,S
2021-06-21T11:22:31,800.0,23.15,S
2021-06-21T11:22:16,3700.0,23.15,S
2021-06-21T11:22:11,3100.0,23.15,S
2021-06-21T11:22:11,800.0,23.15,S
2021-06-21T11:22:10,3000.0,23.15,S
2021-06-21T11:22:08,1100.0,23.15,S
2021-06-21T11:22:05,600.0,23.15,S
2021-06-21T11:22:03,500.0,23.15,S
2021-06-21T11:21:55,10000.0,23.15,S
2021-06-21T11:21:54,500.0,23.15,S
2021-06-21T11:21:49,500.0,23.15,S
2021-06-21T11:21:44,200.0,23.15,S
2021-06-21T11:21:30,4800.0,23.15,S
2021-06-21T11:21:30,2100.0,23.15,S
2021-06-21T11:21:30,23000.0,23.15,S
2021-06-21T11:21:25,500.0,23.2,B
2021-06-21T11:21:07,800.0,23.15,S
2021-06-21T11:20:56,2000.0,23.2,B
2021-06-21T11:20:35,900.0,23.15,S
2021-06-21T11:20:25,1000.0,23.2,B
2021-06-21T11:20:17,1000.0,23.15,S
2021-06-21T11:20:04,300.0,23.2,B
2021-06-21T11:20:03,6000.0,23.15,S
2021-06-21T11:20:03,600.0,23.15,S
2021-06-21T11:20:03,13400.0,23.15,S
2021-06-21T11:19:51,100.0,23.2,B
2021-06-21T11:19:39,2000.0,23.2,B
2021-06-21T11:19:36,1000.0,23.2,B
2021-06-21T11:19:21,7900.0,23.15,S
2021-06-21T11:19:21,1000.0,23.15,S
2021-06-21T11:19:21,2400.0,23.15,S
2021-06-21T11:19:21,2400.0,23.15,S
2021-06-21T11:19:21,1600.0,23.15,S
2021-06-21T11:19:13,1000.0,23.2,B
2021-06-21T11:19:12,6000.0,23.2,B
2021-06-21T11:19:11,2000.0,23.15,S
2021-06-21T11:19:06,200.0,23.15,S
2021-06-21T11:17:43,200.0,23.2,B
2021-06-21T11:17:23,9600.0,23.2,S
2021-06-21T11:16:50,400.0,23.2,S
2021-06-21T11:16:24,1000.0,23.2,S
2021-06-21T11:16:10,100.0,23.2,S
2021-06-21T11:16:07,300.0,23.2,S
2021-06-21T11:16:07,700.0,23.25,B
2021-06-21T11:16:06,1000.0,23.25,B
2021-06-21T11:15:55,2000.0,23.2,S
2021-06-21T11:15:53,500.0,23.2,S
2021-06-21T11:15:53,6000.0,23.2,S
2021-06-21T11:15:53,3500.0,23.2,S
2021-06-21T11:15:40,2900.0,23.2,S
2021-06-21T11:15:30,600.0,23.2,S
2021-06-21T11:15:12,200.0,23.2,S
2021-06-21T11:15:05,4200.0,23.2,S
2021-06-21T11:15:05,100.0,23.2,S
2021-06-21T11:15:05,400.0,23.2,S
2021-06-21T11:15:05,12700.0,23.2,S
2021-06-21T11:15:05,12600.0,23.2,S
2021-06-21T11:14:55,2500.0,23.25,B
2021-06-21T11:14:47,4000.0,23.25,B
2021-06-21T11:14:37,500.0,23.2,S
2021-06-21T11:14:36,5100.0,23.25,B
2021-06-21T11:14:36,6000.0,23.25,B
2021-06-21T11:14:13,400.0,23.25,B
2021-06-21T11:13:59,800.0,23.2,S
2021-06-21T11:13:51,1000.0,23.25,B
2021-06-21T11:13:40,500.0,23.25,B
2021-06-21T11:12:26,100.0,23.25,B
2021-06-21T11:11:52,5000.0,23.25,B
2021-06-21T11:11:35,2000.0,23.2,S
2021-06-21T11:11:26,500.0,23.2,S
2021-06-21T11:10:58,1000.0,23.2,S
2021-06-21T11:10:58,500.0,23.25,B
2021-06-21T11:10:55,15000.0,23.2,S
2021-06-21T11:10:46,200.0,23.25,B
2021-06-21T11:10:44,2000.0,23.25,B
2021-06-21T11:10:17,2000.0,23.2,S
2021-06-21T11:10:00,1100.0,23.2,S
2021-06-21T11:09:39,200.0,23.2,S
2021-06-21T11:09:38,1000.0,23.25,B
2021-06-21T11:09:27,1000.0,23.2,S
2021-06-21T11:09:19,600.0,23.2,S
2021-06-21T11:08:51,200.0,23.25,B
2021-06-21T11:08:46,2000.0,23.2,S
2021-06-21T11:08:27,400.0,23.25,B
2021-06-21T11:08:12,2000.0,23.2,S
2021-06-21T11:08:02,400.0,23.2,S
2021-06-21T11:07:57,300.0,23.2,S
2021-06-21T11:07:49,1000.0,23.2,S
2021-06-21T11:07:48,1000.0,23.2,S
2021-06-21T11:07:29,2000.0,23.2,S
2021-06-21T11:07:29,500.0,23.2,S
2021-06-21T11:07:08,200.0,23.2,S
2021-06-21T11:06:39,500.0,23.25,B
2021-06-21T11:06:39,5000.0,23.2,S
2021-06-21T11:06:16,100.0,23.2,S
2021-06-21T11:05:59,400.0,23.2,S
2021-06-21T11:05:56,1000.0,23.2,S
2021-06-21T11:05:35,300.0,23.25,B
2021-06-21T11:05:12,2000.0,23.25,B
2021-06-21T11:05:01,1000.0,23.2,S
2021-06-21T11:05:00,1000.0,23.2,S
2021-06-21T11:04:35,300.0,23.2,S
2021-06-21T11:04:05,2100.0,23.25,B
2021-06-21T11:04:05,100.0,23.25,B
2021-06-21T11:04:05,2800.0,23.25,B
2021-06-21T11:04:02,600.0,23.2,S
2021-06-21T11:03:33,800.0,23.2,S
2021-06-21T11:03:20,700.0,23.2,S
2021-06-21T11:03:12,3000.0,23.2,S
2021-06-21T11:03:06,300.0,23.2,S
2021-06-21T11:02:57,1000.0,23.25,B
2021-06-21T11:02:44,100.0,23.25,B
2021-06-21T11:02:35,600.0,23.2,S
2021-06-21T11:02:20,500.0,23.2,S
2021-06-21T11:02:17,100.0,23.25,B
2021-06-21T11:02:10,700.0,23.2,S
2021-06-21T11:02:02,2000.0,23.2,S
2021-06-21T11:01:52,1000.0,23.2,S
2021-06-21T11:01:51,500.0,23.2,S
2021-06-21T11:01:39,300.0,23.25,B
2021-06-21T11:01:35,1000.0,23.25,B
2021-06-21T11:01:27,9900.0,23.2,S
2021-06-21T11:01:26,800.0,23.2,S
2021-06-21T11:01:24,100.0,23.25,B
2021-06-21T11:01:15,2000.0,23.2,S
2021-06-21T11:00:32,3000.0,23.2,S
2021-06-21T11:00:28,100.0,23.2,S
2021-06-21T11:00:27,100.0,23.2,S
2021-06-21T11:00:25,500.0,23.2,S
2021-06-21T11:00:23,900.0,23.2,S
2021-06-21T11:00:10,2000.0,23.2,S
2021-06-21T11:00:09,100.0,23.2,S
2021-06-21T11:00:07,500.0,23.2,S
2021-06-21T11:00:01,200.0,23.2,S
2021-06-21T10:59:54,500.0,23.2,S
2021-06-21T10:59:52,3000.0,23.2,S
2021-06-21T10:59:41,1800.0,23.2,B
2021-06-21T10:59:21,1000.0,23.2,B
2021-06-21T10:59:19,200.0,23.2,S
2021-06-21T10:59:13,4200.0,23.2,S
2021-06-21T10:59:13,100.0,23.2,S
2021-06-21T10:59:12,100.0,23.25,B
2021-06-21T10:58:28,1400.0,23.2,B
2021-06-21T10:58:19,100.0,23.2,B
2021-06-21T10:58:04,800.0,23.2,S
2021-06-21T10:57:52,1000.0,23.2,B
2021-06-21T10:57:49,100.0,23.2,B
2021-06-21T10:57:49,500.0,23.2,B
2021-06-21T10:57:48,2600.0,23.2,B
2021-06-21T10:57:37,3000.0,23.2,B
2021-06-21T10:57:27,500.0,23.2,B
2021-06-21T10:57:00,400.0,23.2,B
2021-06-21T10:56:40,700.0,23.2,S
2021-06-21T10:56:36,7000.0,23.2,S
2021-06-21T10:56:25,200.0,23.2,S
2021-06-21T10:56:19,1000.0,23.2,S
2021-06-21T10:56:00,3700.0,23.2,S
2021-06-21T10:55:40,500.0,23.2,S
2021-06-21T10:55:40,200.0,23.2,S
2021-06-21T10:55:29,100.0,23.25,S
2021-06-21T10:55:20,100.0,23.2,S
2021-06-21T10:55:19,6000.0,23.2,S
2021-06-21T10:54:59,2100.0,23.2,S
2021-06-21T10:54:59,1700.0,23.2,S
2021-06-21T10:54:58,200.0,23.2,S
2021-06-21T10:54:44,500.0,23.25,S
2021-06-21T10:54:29,1500.0,23.25,S
2021-06-21T10:54:15,100.0,23.2,S
2021-06-21T10:54:12,1000.0,23.2,S
2021-06-21T10:54:05,100.0,23.2,S
2021-06-21T10:53:52,100.0,23.2,S
2021-06-21T10:53:49,200.0,23.2,S
2021-06-21T10:53:37,500.0,23.2,S
2021-06-21T10:53:32,300.0,23.2,S
2021-06-21T10:53:32,2300.0,23.2,S
2021-06-21T10:53:32,1000.0,23.2,S
2021-06-21T10:53:32,3400.0,23.2,S
2021-06-21T10:53:32,13000.0,23.2,S
2021-06-21T10:53:15,100.0,23.2,S
2021-06-21T10:53:14,1800.0,23.25,B
2021-06-21T10:53:14,11200.0,23.25,B
2021-06-21T10:52:35,2000.0,23.2,S
2021-06-21T10:52:32,100.0,23.2,S
2021-06-21T10:52:22,1500.0,23.2,S
2021-06-21T10:52:21,500.0,23.2,S
2021-06-21T10:52:21,1500.0,23.2,S
2021-06-21T10:52:20,4500.0,23.2,S
2021-06-21T10:52:18,100.0,23.2,S
2021-06-21T10:52:14,4900.0,23.25,B
2021-06-21T10:52:14,3100.0,23.25,B
2021-06-21T10:52:05,500.0,23.2,S
2021-06-21T10:51:56,1500.0,23.2,S
2021-06-21T10:51:31,200.0,23.2,S
2021-06-21T10:51:10,100.0,23.2,S
2021-06-21T10:51:06,1000.0,23.2,S
2021-06-21T10:50:43,200.0,23.2,S
2021-06-21T10:50:36,2700.0,23.2,S
2021-06-21T10:50:07,2500.0,23.2,S
2021-06-21T10:50:05,200.0,23.25,B
2021-06-21T10:50:02,200.0,23.2,S
2021-06-21T10:49:22,1000.0,23.2,S
2021-06-21T10:49:05,100.0,23.25,B
2021-06-21T10:48:46,1000.0,23.2,S
2021-06-21T10:48:45,5000.0,23.2,S
2021-06-21T10:48:45,100.0,23.2,S
2021-06-21T10:48:35,200.0,23.2,S
2021-06-21T10:48:21,500.0,23.2,S
2021-06-21T10:48:16,3600.0,23.2,S
2021-06-21T10:48:01,5000.0,23.2,S
2021-06-21T10:47:40,2000.0,23.2,S
2021-06-21T10:47:25,1000.0,23.2,S
2021-06-21T10:47:23,1600.0,23.2,S
2021-06-21T10:47:18,400.0,23.2,S
2021-06-21T10:47:13,1100.0,23.2,S
2021-06-21T10:47:08,1000.0,23.2,S
2021-06-21T10:46:36,200.0,23.2,S
2021-06-21T10:46:33,1000.0,23.2,S
2021-06-21T10:46:22,8000.0,23.2,B
2021-06-21T10:46:22,1400.0,23.2,B
2021-06-21T10:46:22,100.0,23.2,B
2021-06-21T10:46:21,2300.0,23.2,B
2021-06-21T10:46:17,3000.0,23.2,B
2021-06-21T10:46:17,2000.0,23.15,S
2021-06-21T10:46:15,5000.0,23.15,S
2021-06-21T10:46:12,800.0,23.15,S
2021-06-21T10:46:09,1000.0,23.2,B
2021-06-21T10:45:58,2000.0,23.15,S
2021-06-21T10:45:57,1000.0,23.15,S
2021-06-21T10:45:56,6600.0,23.2,B
2021-06-21T10:45:55,200.0,23.2,B
2021-06-21T10:45:47,1300.0,23.15,S
2021-06-21T10:45:34,1000.0,23.15,S
2021-06-21T10:45:32,1000.0,23.15,S
2021-06-21T10:45:32,100.0,23.2,B
2021-06-21T10:45:26,3000.0,23.2,B
2021-06-21T10:45:25,200.0,23.15,S
2021-06-21T10:45:19,1000.0,23.15,S
2021-06-21T10:45:14,200.0,23.15,S
2021-06-21T10:44:41,100.0,23.15,S
2021-06-21T10:44:13,500.0,23.2,B
2021-06-21T10:44:01,2500.0,23.2,B
2021-06-21T10:44:01,100.0,23.2,B
2021-06-21T10:43:50,5000.0,23.2,B
2021-06-21T10:43:48,300.0,23.2,B
2021-06-21T10:43:38,500.0,23.2,B
2021-06-21T10:43:33,300.0,23.2,B
2021-06-21T10:43:32,2200.0,23.2,B
2021-06-21T10:43:32,100.0,23.2,B
2021-06-21T10:43:32,3400.0,23.2,B
2021-06-21T10:43:29,300.0,23.15,S
2021-06-21T10:43:27,300.0,23.2,B
2021-06-21T10:43:23,5000.0,23.15,S
2021-06-21T10:43:12,800.0,23.2,B
2021-06-21T10:42:59,300.0,23.2,B
2021-06-21T10:42:52,100.0,23.15,S
2021-06-21T10:42:33,1000.0,23.2,B
2021-06-21T10:42:25,100.0,23.2,B
2021-06-21T10:42:15,2000.0,23.2,B
2021-06-21T10:42:08,300.0,23.2,B
2021-06-21T10:42:03,400.0,23.2,B
2021-06-21T10:41:51,1400.0,23.2,B
2021-06-21T10:41:51,2000.0,23.2,B
2021-06-21T10:41:49,500.0,23.15,S
2021-06-21T10:41:44,3000.0,23.15,S
2021-06-21T10:41:42,600.0,23.15,S
2021-06-21T10:41:34,500.0,23.15,S
2021-06-21T10:41:34,2500.0,23.15,S
2021-06-21T10:41:27,100.0,23.15,S
2021-06-21T10:41:21,200.0,23.2,B
2021-06-21T10:41:12,500.0,23.15,S
2021-06-21T10:41:11,1000.0,23.2,B
2021-06-21T10:41:09,5000.0,23.2,B
2021-06-21T10:41:02,4000.0,23.2,B
2021-06-21T10:40:54,2200.0,23.15,S
2021-06-21T10:40:52,1000.0,23.2,B
2021-06-21T10:40:51,100.0,23.2,B
2021-06-21T10:40:45,500.0,23.2,B
2021-06-21T10:40:30,1000.0,23.2,B
2021-06-21T10:40:23,100.0,23.15,S
2021-06-21T10:40:20,500.0,23.2,B
2021-06-21T10:40:09,200.0,23.2,B
2021-06-21T10:40:09,500.0,23.15,S
2021-06-21T10:40:01,1000.0,23.2,B
2021-06-21T10:39:56,400.0,23.2,B
2021-06-21T10:39:49,100.0,23.15,S
2021-06-21T10:39:43,100.0,23.2,B
2021-06-21T10:39:33,900.0,23.2,B
2021-06-21T10:39:33,2100.0,23.2,B
2021-06-21T10:38:47,4300.0,23.2,B
2021-06-21T10:38:25,500.0,23.2,B
2021-06-21T10:38:23,4300.0,23.2,B
2021-06-21T10:38:23,6800.0,23.2,B
2021-06-21T10:38:21,3600.0,23.15,S
2021-06-21T10:38:21,7400.0,23.15,S
2021-06-21T10:37:46,900.0,23.2,S
2021-06-21T10:37:42,100.0,23.2,S
2021-06-21T10:37:39,3000.0,23.15,S
2021-06-21T10:37:32,1700.0,23.2,S
2021-06-21T10:37:30,2000.0,23.2,S
2021-06-21T10:37:22,1000.0,23.2,S
2021-06-21T10:37:22,1000.0,23.2,S
2021-06-21T10:37:16,100.0,23.2,S
2021-06-21T10:37:14,3100.0,23.2,S
2021-06-21T10:37:11,1000.0,23.2,S
2021-06-21T10:37:11,2000.0,23.2,S
2021-06-21T10:37:03,18000.0,23.25,B
2021-06-21T10:37:01,14000.0,23.2,S
2021-06-21T10:37:00,1800.0,23.2,S
2021-06-21T10:36:55,300.0,23.2,S
2021-06-21T10:36:34,700.0,23.2,S
2021-06-21T10:36:33,800.0,23.2,S
2021-06-21T10:36:33,2700.0,23.2,S
2021-06-21T10:36:33,3300.0,23.2,S
2021-06-21T10:36:33,100.0,23.2,S
2021-06-21T10:36:33,1000.0,23.2,S
2021-06-21T10:36:33,1700.0,23.2,S
2021-06-21T10:36:33,1500.0,23.2,S
2021-06-21T10:36:33,4200.0,23.2,S
2021-06-21T10:36:33,5200.0,23.2,S
2021-06-21T10:36:33,23800.0,23.2,S
2021-06-21T10:36:30,2000.0,23.25,B
2021-06-21T10:36:23,2700.0,23.2,S
2021-06-21T10:36:23,100.0,23.2,S
2021-06-21T10:36:23,4300.0,23.2,S
2021-06-21T10:36:23,1000.0,23.2,S
2021-06-21T10:36:23,10600.0,23.2,S
2021-06-21T10:36:22,1000.0,23.2,S
2021-06-21T10:36:19,3000.0,23.2,S
2021-06-21T10:35:54,200.0,23.2,S
2021-06-21T10:35:54,11400.0,23.2,S
2021-06-21T10:35:54,900.0,23.2,S
2021-06-21T10:35:54,700.0,23.2,S
2021-06-21T10:35:54,500.0,23.2,S
2021-06-21T10:35:54,900.0,23.2,S
2021-06-21T10:35:54,1000.0,23.2,S
2021-06-21T10:35:54,300.0,23.2,S
2021-06-21T10:35:54,4100.0,23.2,S
2021-06-21T10:35:53,2800.0,23.2,S
2021-06-21T10:35:52,7200.0,23.2,S
2021-06-21T10:35:51,500.0,23.2,S
2021-06-21T10:35:46,500.0,23.2,S
2021-06-21T10:35:46,2300.0,23.2,S
2021-06-21T10:35:46,100.0,23.2,S
2021-06-21T10:35:46,6100.0,23.2,S
2021-06-21T10:35:42,200.0,23.2,S
2021-06-21T10:35:31,1000.0,23.2,S
2021-06-21T10:35:27,1500.0,23.2,S
2021-06-21T10:35:23,5000.0,23.2,S
2021-06-21T10:35:12,1000.0,23.2,S
2021-06-21T10:35:11,1000.0,23.2,S
2021-06-21T10:35:02,500.0,23.2,S
2021-06-21T10:34:44,12000.0,23.2,S
2021-06-21T10:34:44,5000.0,23.2,S
2021-06-21T10:34:38,100.0,23.25,B
2021-06-21T10:34:26,200.0,23.2,S
2021-06-21T10:34:24,5200.0,23.2,S
2021-06-21T10:34:24,1000.0,23.2,S
2021-06-21T10:33:58,100.0,23.2,S
2021-06-21T10:33:42,100.0,23.25,B
2021-06-21T10:33:40,900.0,23.25,B
2021-06-21T10:33:40,4100.0,23.25,B
2021-06-21T10:33:27,1300.0,23.2,S
2021-06-21T10:33:16,100.0,23.25,B
2021-06-21T10:32:49,1000.0,23.25,B
2021-06-21T10:32:47,10000.0,23.25,B
2021-06-21T10:32:43,1000.0,23.25,B
2021-06-21T10:32:41,1500.0,23.25,B
2021-06-21T10:32:33,500.0,23.2,S
2021-06-21T10:32:25,3900.0,23.25,S
2021-06-21T10:32:25,11100.0,23.25,S
2021-06-21T10:32:24,700.0,23.2,S
2021-06-21T10:32:17,800.0,23.2,S
2021-06-21T10:32:08,600.0,23.2,S
2021-06-21T10:32:08,13400.0,23.2,S
2021-06-21T10:31:39,100.0,23.25,S
2021-06-21T10:31:35,300.0,23.25,S
2021-06-21T10:31:33,1000.0,23.25,S
2021-06-21T10:31:33,3100.0,23.25,S
2021-06-21T10:31:33,500.0,23.25,S
2021-06-21T10:31:33,9000.0,23.25,S
2021-06-21T10:31:24,4000.0,23.25,S
2021-06-21T10:31:21,5600.0,23.25,S
2021-06-21T10:31:08,1500.0,23.25,S
2021-06-21T10:30:55,1000.0,23.25,S
2021-06-21T10:30:50,13600.0,23.25,S
2021-06-21T10:30:20,1000.0,23.25,S
2021-06-21T10:30:19,500.0,23.25,S
2021-06-21T10:30:14,1400.0,23.25,S
2021-06-21T10:30:12,200.0,23.25,S
2021-06-21T10:30:06,400.0,23.25,S
2021-06-21T10:30:02,800.0,23.25,S
2021-06-21T10:29:57,18000.0,23.25,S
2021-06-21T10:29:56,1000.0,23.3,B
2021-06-21T10:29:19,200.0,23.25,S
2021-06-21T10:29:11,500.0,23.25,S
2021-06-21T10:29:11,3000.0,23.25,S
2021-06-21T10:29:10,700.0,23.25,S
2021-06-21T10:29:10,3300.0,23.25,S
2021-06-21T10:29:07,100.0,23.3,B
2021-06-21T10:28:43,1000.0,23.25,S
2021-06-21T10:28:40,1000.0,23.3,B
2021-06-21T10:28:35,500.0,23.25,S
2021-06-21T10:28:28,800.0,23.25,S
2021-06-21T10:27:59,1000.0,23.25,S
2021-06-21T10:27:51,300.0,23.25,S
2021-06-21T10:27:44,200.0,23.25,S
2021-06-21T10:27:29,1500.0,23.2,S
2021-06-21T10:27:27,500.0,23.3,B
2021-06-21T10:27:24,10000.0,23.3,B
2021-06-21T10:27:05,8400.0,23.25,S
2021-06-21T10:26:53,500.0,23.25,S
2021-06-21T10:26:27,500.0,23.25,S
2021-06-21T10:26:26,500.0,23.25,S
2021-06-21T10:26:23,4400.0,23.3,B
2021-06-21T10:26:23,300.0,23.3,B
2021-06-21T10:26:23,400.0,23.3,B
2021-06-21T10:26:23,200.0,23.3,B
2021-06-21T10:26:23,1500.0,23.3,B
2021-06-21T10:26:23,44200.0,23.3,B
2021-06-21T10:26:23,12100.0,23.25,S
2021-06-21T10:26:08,1800.0,23.25,S
2021-06-21T10:26:08,2500.0,23.25,S
2021-06-21T10:26:07,5600.0,23.25,S
2021-06-21T10:26:06,100.0,23.25,S
2021-06-21T10:25:55,6400.0,23.25,S
2021-06-21T10:25:55,3000.0,23.25,S
2021-06-21T10:25:55,5400.0,23.25,S
2021-06-21T10:25:49,100.0,23.25,S
2021-06-21T10:25:37,1000.0,23.25,S
2021-06-21T10:25:27,4000.0,23.25,S
2021-06-21T10:25:19,200.0,23.25,S
2021-06-21T10:25:19,1800.0,23.25,S
2021-06-21T10:25:17,700.0,23.25,S
2021-06-21T10:25:07,2500.0,23.25,S
2021-06-21T10:24:29,100.0,23.25,S
2021-06-21T10:24:12,3200.0,23.25,S
2021-06-21T10:23:54,500.0,23.3,B
2021-06-21T10:23:18,500.0,23.3,B
2021-06-21T10:23:12,500.0,23.25,S
2021-06-21T10:23:07,10000.0,23.25,S
2021-06-21T10:23:03,4500.0,23.25,S
2021-06-21T10:23:00,300.0,23.25,S
2021-06-21T10:22:54,1500.0,23.3,B
2021-06-21T10:22:24,100.0,23.25,S
2021-06-21T10:22:22,1000.0,23.25,S
2021-06-21T10:22:08,100.0,23.3,B
2021-06-21T10:21:59,1000.0,23.3,B
2021-06-21T10:21:54,1000.0,23.25,S
2021-06-21T10:21:52,100.0,23.25,S
2021-06-21T10:21:47,4000.0,23.25,S
2021-06-21T10:21:44,300.0,23.25,S
2021-06-21T10:21:37,2000.0,23.25,S
2021-06-21T10:21:35,20000.0,23.25,S
2021-06-21T10:21:26,100.0,23.25,S
2021-06-21T10:21:24,6200.0,23.25,S
2021-06-21T10:21:24,3800.0,23.25,S
2021-06-21T10:20:43,500.0,23.25,S
2021-06-21T10:20:31,9500.0,23.25,S
2021-06-21T10:20:31,200.0,23.25,S
2021-06-21T10:20:31,20700.0,23.25,S
2021-06-21T10:20:22,100.0,23.3,B
2021-06-21T10:20:19,1800.0,23.3,B
2021-06-21T10:19:51,100.0,23.3,B
2021-06-21T10:19:25,1000.0,23.3,B
2021-06-21T10:19:20,900.0,23.25,S
2021-06-21T10:19:15,10100.0,23.3,B
2021-06-21T10:19:03,2000.0,23.3,B
2021-06-21T10:19:02,1000.0,23.3,B
2021-06-21T10:18:59,100.0,23.3,B
2021-06-21T10:18:57,200.0,23.25,S
2021-06-21T10:18:56,500.0,23.3,B
2021-06-21T10:18:56,3000.0,23.25,S
2021-06-21T10:18:53,1000.0,23.3,B
2021-06-21T10:18:44,1900.0,23.3,B
2021-06-21T10:18:26,1000.0,23.3,B
2021-06-21T10:18:24,1000.0,23.3,S
2021-06-21T10:18:23,100.0,23.3,S
2021-06-21T10:18:23,18000.0,23.3,S
2021-06-21T10:18:23,200.0,23.3,S
2021-06-21T10:18:22,1700.0,23.3,S
2021-06-21T10:18:18,100.0,23.3,S
2021-06-21T10:18:16,200.0,23.3,S
2021-06-21T10:18:01,1000.0,23.3,S
2021-06-21T10:17:50,200.0,23.3,S
2021-06-21T10:17:25,3800.0,23.3,S
2021-06-21T10:17:25,10500.0,23.3,S
2021-06-21T10:17:24,10800.0,23.3,S
2021-06-21T10:17:22,1700.0,23.35,B
2021-06-21T10:16:57,400.0,23.3,S
2021-06-21T10:16:56,2900.0,23.3,S
2021-06-21T10:16:56,1300.0,23.3,S
2021-06-21T10:16:56,3800.0,23.3,S
2021-06-21T10:16:13,100.0,23.35,S
2021-06-21T10:16:02,1200.0,23.35,S
2021-06-21T10:15:57,800.0,23.35,S
2021-06-21T10:15:57,200.0,23.35,S
2021-06-21T10:15:47,2500.0,23.35,S
2021-06-21T10:15:37,500.0,23.35,S
2021-06-21T10:15:25,10000.0,23.35,S
2021-06-21T10:15:25,700.0,23.35,S
2021-06-21T10:15:19,800.0,23.35,S
2021-06-21T10:15:17,1000.0,23.35,S
2021-06-21T10:15:09,200.0,23.35,S
2021-06-21T10:15:09,2000.0,23.35,S
2021-06-21T10:15:06,1800.0,23.35,S
2021-06-21T10:14:41,1000.0,23.35,S
2021-06-21T10:14:39,1000.0,23.35,S
2021-06-21T10:14:35,1000.0,23.35,S
2021-06-21T10:14:10,1000.0,23.35,S
2021-06-21T10:14:06,200.0,23.4,B
2021-06-21T10:14:06,1000.0,23.4,B
2021-06-21T10:13:55,200.0,23.4,B
2021-06-21T10:13:50,200.0,23.4,B
2021-06-21T10:13:21,1000.0,23.4,B
2021-06-21T10:13:21,2000.0,23.35,S
2021-06-21T10:13:21,100.0,23.35,S
2021-06-21T10:13:18,100.0,23.35,S
2021-06-21T10:13:16,100.0,23.35,S
2021-06-21T10:13:08,200.0,23.4,B
2021-06-21T10:13:04,1000.0,23.35,S
2021-06-21T10:12:44,800.0,23.35,S
2021-06-21T10:12:39,10000.0,23.35,S
2021-06-21T10:12:33,100.0,23.35,S
2021-06-21T10:12:31,3000.0,23.4,B
2021-06-21T10:12:16,500.0,23.35,S
2021-06-21T10:12:13,2000.0,23.35,S
2021-06-21T10:11:58,1000.0,23.35,S
2021-06-21T10:11:53,700.0,23.35,S
2021-06-21T10:11:47,2000.0,23.35,S
2021-06-21T10:11:47,200.0,23.35,S
2021-06-21T10:11:41,100.0,23.35,S
2021-06-21T10:11:39,100.0,23.35,S
2021-06-21T10:11:12,200.0,23.35,B
2021-06-21T10:11:09,600.0,23.35,B
2021-06-21T10:10:46,100.0,23.35,B
2021-06-21T10:10:46,9200.0,23.35,B
2021-06-21T10:10:43,1000.0,23.3,S
2021-06-21T10:10:29,10000.0,23.3,S
2021-06-21T10:10:24,3000.0,23.35,B
2021-06-21T10:10:15,600.0,23.35,B
2021-06-21T10:10:14,1500.0,23.3,S
2021-06-21T10:10:13,5000.0,23.35,B
2021-06-21T10:10:03,2400.0,23.35,B
2021-06-21T10:10:01,800.0,23.3,S
2021-06-21T10:09:55,2200.0,23.35,B
2021-06-21T10:09:25,1400.0,23.35,B
2021-06-21T10:09:18,200.0,23.35,B
2021-06-21T10:08:43,1000.0,23.35,B
2021-06-21T10:08:33,200.0,23.35,B
2021-06-21T10:08:12,1000.0,23.35,S
2021-06-21T10:07:55,600.0,23.35,S
2021-06-21T10:07:41,200.0,23.35,S
2021-06-21T10:07:39,2000.0,23.35,S
2021-06-21T10:07:28,700.0,23.35,S
2021-06-21T10:07:26,500.0,23.35,S
2021-06-21T10:06:44,100.0,23.35,S
2021-06-21T10:06:44,100.0,23.4,B
2021-06-21T10:06:14,5000.0,23.3,S
2021-06-21T10:06:08,800.0,23.4,B
2021-06-21T10:06:07,2000.0,23.4,B
2021-06-21T10:06:05,3500.0,23.35,S
2021-06-21T10:05:54,100.0,23.35,S
2021-06-21T10:05:54,400.0,23.35,S
2021-06-21T10:05:53,1000.0,23.35,S
2021-06-21T10:05:13,100.0,23.35,S
2021-06-21T10:05:11,200.0,23.35,S
2021-06-21T10:05:02,4600.0,23.35,S
2021-06-21T10:05:01,1000.0,23.35,S
2021-06-21T10:04:54,100.0,23.35,S
2021-06-21T10:04:52,500.0,23.35,S
2021-06-21T10:04:46,500.0,23.35,S
2021-06-21T10:04:43,300.0,23.35,S
2021-06-21T10:04:30,1200.0,23.35,S
2021-06-21T10:04:22,1000.0,23.35,S
2021-06-21T10:03:55,200.0,23.35,B
2021-06-21T10:03:55,2600.0,23.35,B
2021-06-21T10:03:55,4100.0,23.35,B
2021-06-21T10:03:52,1000.0,23.3,S
2021-06-21T10:03:49,1000.0,23.3,S
2021-06-21T10:03:39,1000.0,23.3,S
2021-06-21T10:03:29,100.0,23.35,B
2021-06-21T10:03:29,200.0,23.35,B
2021-06-21T10:03:28,5700.0,23.35,B
2021-06-21T10:03:25,1000.0,23.3,B
2021-06-21T10:03:17,700.0,23.3,B
2021-06-21T10:03:13,500.0,23.3,B
2021-06-21T10:03:09,100.0,23.3,B
2021-06-21T10:03:09,17400.0,23.3,B
2021-06-21T10:02:53,200.0,23.3,B
2021-06-21T10:02:46,2000.0,23.3,B
2021-06-21T10:02:37,500.0,23.3,B
2021-06-21T10:02:37,1300.0,23.3,B
2021-06-21T10:02:37,100.0,23.3,B
2021-06-21T10:02:37,200.0,23.3,B
2021-06-21T10:02:37,700.0,23.3,B
2021-06-21T10:02:37,2200.0,23.3,B
2021-06-21T10:02:34,1500.0,23.3,B
2021-06-21T10:02:34,6000.0,23.3,B
2021-06-21T10:02:33,100.0,23.25,S
2021-06-21T10:02:24,100.0,23.25,S
2021-06-21T10:02:12,300.0,23.3,B
2021-06-21T10:01:59,4800.0,23.3,B
2021-06-21T10:01:46,3800.0,23.3,B
2021-06-21T10:01:46,500.0,23.3,B
2021-06-21T10:01:46,7400.0,23.25,S
2021-06-21T10:01:46,2100.0,23.25,S
2021-06-21T10:01:46,17000.0,23.25,S
2021-06-21T10:01:46,3500.0,23.25,S
2021-06-21T10:01:31,5000.0,23.3,B
2021-06-21T10:01:19,500.0,23.3,B
2021-06-21T10:00:56,500.0,23.3,B
2021-06-21T10:00:53,100.0,23.25,S
2021-06-21T10:00:45,4000.0,23.3,B
2021-06-21T10:00:44,2700.0,23.3,B
2021-06-21T10:00:33,1400.0,23.25,S
2021-06-21T10:00:32,5000.0,23.3,B
2021-06-21T10:00:31,14000.0,23.25,S
2021-06-21T10:00:31,300.0,23.25,S
2021-06-21T10:00:31,5700.0,23.25,S
2021-06-21T10:00:20,1000.0,23.25,S
2021-06-21T10:00:18,1000.0,23.25,S
2021-06-21T10:00:09,100.0,23.25,S
2021-06-21T10:00:09,5000.0,23.3,B
2021-06-21T09:59:40,10000.0,23.3,B
2021-06-21T09:59:25,1200.0,23.25,S
2021-06-21T09:59:18,2000.0,23.3,B
2021-06-21T09:59:12,200.0,23.25,S
2021-06-21T09:59:11,500.0,23.25,S
2021-06-21T09:59:05,1000.0,23.25,S
2021-06-21T09:59:01,200.0,23.25,S
2021-06-21T09:58:50,500.0,23.25,S
2021-06-21T09:58:50,3000.0,23.25,S
2021-06-21T09:58:29,100.0,23.25,S
2021-06-21T09:58:23,1000.0,23.25,S
2021-06-21T09:58:14,200.0,23.25,S
2021-06-21T09:58:05,700.0,23.25,S
2021-06-21T09:57:47,2700.0,23.25,S
2021-06-21T09:57:40,1000.0,23.3,B
2021-06-21T09:57:35,300.0,23.25,S
2021-06-21T09:57:31,100.0,23.25,S
2021-06-21T09:57:29,400.0,23.3,B
2021-06-21T09:57:18,100.0,23.3,B
2021-06-21T09:57:18,1000.0,23.3,B
2021-06-21T09:57:16,100.0,23.25,S
2021-06-21T09:57:14,1000.0,23.3,B
2021-06-21T09:57:03,200.0,23.3,B
2021-06-21T09:56:56,200.0,23.3,B
2021-06-21T09:56:53,500.0,23.3,B
2021-06-21T09:56:46,100.0,23.3,B
2021-06-21T09:56:45,9900.0,23.3,B
2021-06-21T09:56:43,700.0,23.3,B
2021-06-21T09:56:37,800.0,23.3,B
2021-06-21T09:56:37,1200.0,23.3,B
2021-06-21T09:56:20,2000.0,23.3,B
2021-06-21T09:56:09,5000.0,23.25,S
2021-06-21T09:56:07,1000.0,23.25,S
2021-06-21T09:56:06,100.0,23.25,S
2021-06-21T09:55:49,10000.0,23.25,S
2021-06-21T09:55:24,2700.0,23.25,S
2021-06-21T09:55:19,4000.0,23.25,S
2021-06-21T09:55:18,1000.0,23.25,S
2021-06-21T09:55:17,1000.0,23.25,S
2021-06-21T09:55:14,500.0,23.25,S
2021-06-21T09:54:52,1000.0,23.25,S
2021-06-21T09:54:48,4000.0,23.25,S
2021-06-21T09:54:39,300.0,23.3,B
2021-06-21T09:53:41,200.0,23.25,S
2021-06-21T09:53:40,1000.0,23.25,S
2021-06-21T09:53:37,400.0,23.3,B
2021-06-21T09:53:37,100.0,23.3,B
2021-06-21T09:53:30,800.0,23.3,B
2021-06-21T09:53:20,800.0,23.25,S
2021-06-21T09:53:17,2000.0,23.25,S
2021-06-21T09:53:06,2000.0,23.3,B
2021-06-21T09:53:01,200.0,23.25,S
2021-06-21T09:52:56,100.0,23.25,S
2021-06-21T09:52:54,800.0,23.3,B
2021-06-21T09:52:54,2200.0,23.3,B
2021-06-21T09:52:52,2000.0,23.25,S
2021-06-21T09:52:44,1000.0,23.3,B
2021-06-21T09:52:42,900.0,23.25,S
2021-06-21T09:52:32,200.0,23.25,S
2021-06-21T09:52:31,300.0,23.25,S
2021-06-21T09:52:26,2000.0,23.25,S
2021-06-21T09:52:17,4500.0,23.25,S
2021-06-21T09:52:15,1000.0,23.25,S
2021-06-21T09:52:11,500.0,23.25,S
2021-06-21T09:52:04,2500.0,23.25,S
2021-06-21T09:52:00,3600.0,23.25,S
2021-06-21T09:51:56,500.0,23.25,S
2021-06-21T09:51:55,1000.0,23.25,S
2021-06-21T09:51:41,3000.0,23.25,S
2021-06-21T09:51:34,1000.0,23.25,B
2021-06-21T09:51:34,4400.0,23.25,B
2021-06-21T09:51:34,1100.0,23.25,B
2021-06-21T09:51:33,6500.0,23.25,B
2021-06-21T09:51:30,2500.0,23.2,S
2021-06-21T09:51:24,100.0,23.2,S
2021-06-21T09:51:24,1000.0,23.2,S
2021-06-21T09:51:17,100.0,23.25,B
2021-06-21T09:51:16,100.0,23.25,B
2021-06-21T09:51:04,4600.0,23.2,S
2021-06-21T09:51:04,13400.0,23.2,S
2021-06-21T09:51:04,1000.0,23.2,S
2021-06-21T09:51:02,4700.0,23.2,S
2021-06-21T09:50:56,11300.0,23.25,B
2021-06-21T09:50:56,1500.0,23.2,S
2021-06-21T09:50:43,1500.0,23.2,S
2021-06-21T09:50:39,100.0,23.2,S
2021-06-21T09:50:16,6500.0,23.2,S
2021-06-21T09:50:07,1000.0,23.2,S
2021-06-21T09:50:04,1000.0,23.2,S
2021-06-21T09:50:00,7000.0,23.25,B
2021-06-21T09:49:55,100.0,23.2,S
2021-06-21T09:49:48,500.0,23.2,S
2021-06-21T09:49:33,100.0,23.2,S
2021-06-21T09:49:24,1000.0,23.25,B
2021-06-21T09:49:21,100.0,23.2,S
2021-06-21T09:49:11,8000.0,23.25,B
2021-06-21T09:48:51,1000.0,23.25,B
2021-06-21T09:48:40,200.0,23.25,S
2021-06-21T09:48:39,18600.0,23.25,S
2021-06-21T09:48:39,8200.0,23.25,S
2021-06-21T09:48:39,2000.0,23.25,S
2021-06-21T09:48:39,7000.0,23.25,S
2021-06-21T09:48:39,2200.0,23.25,S
2021-06-21T09:48:38,10600.0,23.25,S
2021-06-21T09:48:36,200.0,23.25,S
2021-06-21T09:48:17,300.0,23.25,S
2021-06-21T09:48:08,300.0,23.25,S
2021-06-21T09:48:05,100.0,23.3,B
2021-06-21T09:47:58,1000.0,23.25,S
2021-06-21T09:47:55,200.0,23.25,S
2021-06-21T09:47:55,4000.0,23.25,S
2021-06-21T09:47:52,500.0,23.25,S
2021-06-21T09:47:48,300.0,23.25,S
2021-06-21T09:47:38,2000.0,23.25,S
2021-06-21T09:47:28,100.0,23.25,S
2021-06-21T09:47:26,100.0,23.25,S
2021-06-21T09:47:20,1000.0,23.25,S
2021-06-21T09:47:07,2000.0,23.25,S
2021-06-21T09:46:59,2400.0,23.25,S
2021-06-21T09:46:59,100.0,23.25,S
2021-06-21T09:46:58,500.0,23.25,S
2021-06-21T09:46:50,4000.0,23.25,S
2021-06-21T09:46:46,500.0,23.3,S
2021-06-21T09:46:45,1500.0,23.25,S
2021-06-21T09:46:45,500.0,23.25,S
2021-06-21T09:46:39,100.0,23.25,S
2021-06-21T09:46:38,500.0,23.25,S
2021-06-21T09:46:38,3800.0,23.25,S
2021-06-21T09:46:35,1000.0,23.3,S
2021-06-21T09:46:26,1200.0,23.25,S
2021-06-21T09:46:23,400.0,23.25,S
2021-06-21T09:46:22,600.0,23.25,S
2021-06-21T09:46:11,200.0,23.25,S
2021-06-21T09:46:00,12600.0,23.25,S
2021-06-21T09:45:46,900.0,23.3,S
2021-06-21T09:45:45,4500.0,23.3,S
2021-06-21T09:45:43,1800.0,23.25,S
2021-06-21T09:45:43,5200.0,23.25,S
2021-06-21T09:45:39,3000.0,23.25,S
2021-06-21T09:45:31,400.0,23.25,S
2021-06-21T09:45:31,100.0,23.3,S
2021-06-21T09:45:28,1000.0,23.3,S
2021-06-21T09:45:17,500.0,23.3,S
2021-06-21T09:45:16,1000.0,23.3,S
2021-06-21T09:45:14,100.0,23.3,S
2021-06-21T09:45:05,300.0,23.3,S
2021-06-21T09:45:04,8100.0,23.3,S
2021-06-21T09:44:45,200.0,23.3,S
2021-06-21T09:44:45,3500.0,23.3,S
2021-06-21T09:44:45,900.0,23.3,S
2021-06-21T09:44:45,100.0,23.3,S
2021-06-21T09:44:45,1100.0,23.3,S
2021-06-21T09:44:45,2500.0,23.3,S
2021-06-21T09:44:45,6700.0,23.3,S
2021-06-21T09:44:43,100.0,23.3,S
2021-06-21T09:44:32,2000.0,23.3,S
2021-06-21T09:44:10,1000.0,23.3,S
2021-06-21T09:44:07,500.0,23.3,S
2021-06-21T09:44:05,100.0,23.35,S
2021-06-21T09:44:05,1000.0,23.35,S
2021-06-21T09:44:02,100.0,23.3,S
2021-06-21T09:44:02,6100.0,23.3,S
2021-06-21T09:44:02,600.0,23.3,S
2021-06-21T09:44:02,5100.0,23.3,S
2021-06-21T09:44:02,18100.0,23.3,S
2021-06-21T09:43:49,100.0,23.3,S
2021-06-21T09:43:40,100.0,23.3,S
2021-06-21T09:43:19,500.0,23.3,S
2021-06-21T09:43:04,1000.0,23.35,S
2021-06-21T09:43:02,1000.0,23.3,S
2021-06-21T09:43:00,200.0,23.35,S
2021-06-21T09:42:57,4000.0,23.35,S
2021-06-21T09:42:57,5000.0,23.35,S
2021-06-21T09:42:37,3100.0,23.35,S
2021-06-21T09:42:21,1000.0,23.3,S
2021-06-21T09:42:15,600.0,23.35,S
2021-06-21T09:42:05,100.0,23.35,S
2021-06-21T09:41:52,3000.0,23.35,S
2021-06-21T09:41:51,4800.0,23.35,S
2021-06-21T09:41:50,400.0,23.35,S
2021-06-21T09:41:50,800.0,23.35,S
2021-06-21T09:41:50,800.0,23.35,S
2021-06-21T09:41:47,2000.0,23.35,S
2021-06-21T09:41:45,300.0,23.35,S
2021-06-21T09:41:29,800.0,23.4,B
2021-06-21T09:41:27,2000.0,23.4,B
2021-06-21T09:41:26,500.0,23.4,B
2021-06-21T09:41:22,800.0,23.35,S
2021-06-21T09:41:02,500.0,23.4,S
2021-06-21T09:40:58,1000.0,23.35,S
2021-06-21T09:40:42,200.0,23.4,S
2021-06-21T09:40:38,700.0,23.4,S
2021-06-21T09:40:36,1000.0,23.35,S
2021-06-21T09:40:35,100.0,23.4,S
2021-06-21T09:40:30,100.0,23.4,S
2021-06-21T09:40:17,1000.0,23.4,S
2021-06-21T09:40:17,100.0,23.4,S
2021-06-21T09:40:17,800.0,23.4,S
2021-06-21T09:40:16,600.0,23.4,S
2021-06-21T09:39:57,100.0,23.4,S
2021-06-21T09:39:47,1000.0,23.4,S
2021-06-21T09:39:42,1000.0,23.4,S
2021-06-21T09:39:42,1000.0,23.35,S
2021-06-21T09:39:40,200.0,23.4,S
2021-06-21T09:39:30,200.0,23.4,S
2021-06-21T09:39:30,1100.0,23.4,S
2021-06-21T09:39:28,5100.0,23.4,S
2021-06-21T09:39:24,13000.0,23.4,S
2021-06-21T09:39:04,500.0,23.4,S
2021-06-21T09:39:03,600.0,23.4,S
2021-06-21T09:38:58,1200.0,23.4,S
2021-06-21T09:38:52,1000.0,23.4,S
2021-06-21T09:38:51,1700.0,23.4,S
2021-06-21T09:38:47,100.0,23.45,B
2021-06-21T09:38:46,1000.0,23.45,B
2021-06-21T09:38:45,2000.0,23.45,B
2021-06-21T09:38:45,100.0,23.45,B
2021-06-21T09:38:40,5000.0,23.45,B
2021-06-21T09:38:25,300.0,23.45,B
2021-06-21T09:38:24,1000.0,23.45,B
2021-06-21T09:38:21,500.0,23.45,B
2021-06-21T09:38:01,1000.0,23.45,S
2021-06-21T09:37:55,300.0,23.45,S
2021-06-21T09:37:46,1000.0,23.45,S
2021-06-21T09:37:43,2000.0,23.4,S
2021-06-21T09:37:28,300.0,23.45,S
2021-06-21T09:37:20,200.0,23.45,S
2021-06-21T09:37:18,2000.0,23.45,S
2021-06-21T09:37:18,300.0,23.45,S
2021-06-21T09:37:16,3000.0,23.45,S
2021-06-21T09:37:14,10000.0,23.45,S
2021-06-21T09:37:09,200.0,23.45,S
2021-06-21T09:37:01,100.0,23.45,S
2021-06-21T09:36:49,1000.0,23.45,S
2021-06-21T09:36:38,300.0,23.45,S
2021-06-21T09:36:37,2000.0,23.45,S
2021-06-21T09:36:28,100.0,23.45,S
2021-06-21T09:36:20,200.0,23.45,S
2021-06-21T09:36:13,1800.0,23.45,S
2021-06-21T09:36:08,200.0,23.5,B
2021-06-21T09:36:08,300.0,23.5,B
2021-06-21T09:36:08,5500.0,23.5,B
2021-06-21T09:36:06,100.0,23.5,B
2021-06-21T09:35:55,300.0,23.45,S
2021-06-21T09:35:47,500.0,23.45,S
2021-06-21T09:35:44,500.0,23.45,S
2021-06-21T09:35:41,2000.0,23.45,S
2021-06-21T09:35:36,5000.0,23.45,S
2021-06-21T09:35:34,10000.0,23.45,S
2021-06-21T09:35:33,2500.0,23.45,S
2021-06-21T09:35:17,200.0,23.45,S
2021-06-21T09:35:13,500.0,23.45,S
2021-06-21T09:35:03,100.0,23.45,S
2021-06-21T09:35:03,1000.0,23.45,S
2021-06-21T09:34:59,200.0,23.45,S
2021-06-21T09:34:56,3100.0,23.45,S
2021-06-21T09:34:56,2900.0,23.45,S
2021-06-21T09:34:52,10000.0,23.45,S
2021-06-21T09:34:51,500.0,23.5,B
2021-06-21T09:34:48,600.0,23.45,S
2021-06-21T09:34:45,5200.0,23.5,B
2021-06-21T09:34:45,1500.0,23.5,B
2021-06-21T09:34:45,100.0,23.5,B
2021-06-21T09:34:44,3400.0,23.5,B
2021-06-21T09:34:29,9500.0,23.45,S
2021-06-21T09:34:27,100.0,23.5,B
2021-06-21T09:34:24,1500.0,23.5,B
2021-06-21T09:34:19,100.0,23.5,B
2021-06-21T09:34:17,200.0,23.45,S
2021-06-21T09:34:05,600.0,23.5,B
2021-06-21T09:34:04,3400.0,23.5,B
2021-06-21T09:33:57,100.0,23.45,B
2021-06-21T09:33:51,800.0,23.5,B
2021-06-21T09:33:48,300.0,23.5,B
2021-06-21T09:33:42,300.0,23.5,B
2021-06-21T09:33:42,100.0,23.5,B
2021-06-21T09:33:42,1200.0,23.5,B
2021-06-21T09:33:42,3400.0,23.5,B
2021-06-21T09:33:38,400.0,23.5,B
2021-06-21T09:33:29,2000.0,23.5,B
2021-06-21T09:33:19,200.0,23.5,B
2021-06-21T09:33:18,2000.0,23.5,B
2021-06-21T09:33:17,1300.0,23.45,B
2021-06-21T09:33:11,100.0,23.5,B
2021-06-21T09:33:10,8000.0,23.5,B
2021-06-21T09:33:07,100.0,23.45,B
2021-06-21T09:33:04,7500.0,23.45,B
2021-06-21T09:32:57,5000.0,23.5,B
2021-06-21T09:32:54,700.0,23.5,B
2021-06-21T09:32:54,600.0,23.5,B
2021-06-21T09:32:51,3700.0,23.5,B
2021-06-21T09:32:41,3600.0,23.45,B
2021-06-21T09:32:38,2000.0,23.5,B
2021-06-21T09:32:36,1400.0,23.45,B
2021-06-21T09:32:35,300.0,23.45,B
2021-06-21T09:32:33,1500.0,23.5,B
2021-06-21T09:32:29,2000.0,23.5,B
2021-06-21T09:32:25,3800.0,23.5,B
2021-06-21T09:32:22,300.0,23.5,B
2021-06-21T09:32:15,2900.0,23.5,B
2021-06-21T09:32:15,500.0,23.5,B
2021-06-21T09:32:15,15000.0,23.5,B
2021-06-21T09:32:14,11000.0,23.5,B
2021-06-21T09:32:09,300.0,23.45,B
2021-06-21T09:32:07,1000.0,23.5,B
2021-06-21T09:32:06,1000.0,23.5,B
2021-06-21T09:32:04,100.0,23.5,B
2021-06-21T09:32:04,2000.0,23.5,B
2021-06-21T09:32:03,100.0,23.5,B
2021-06-21T09:32:00,1000.0,23.5,B
2021-06-21T09:31:57,100.0,23.5,B
2021-06-21T09:31:54,400.0,23.5,B
2021-06-21T09:31:51,1000.0,23.5,B
2021-06-21T09:31:49,1000.0,23.5,B
2021-06-21T09:31:45,5000.0,23.5,B
2021-06-21T09:31:44,300.0,23.5,B
2021-06-21T09:31:43,20000.0,23.5,B
2021-06-21T09:31:37,500.0,23.5,B
2021-06-21T09:31:34,300.0,23.5,B
2021-06-21T09:31:30,5000.0,23.5,B
2021-06-21T09:31:27,400.0,23.5,B
2021-06-21T09:31:22,200.0,23.5,B
2021-06-21T09:31:19,2000.0,23.5,B
2021-06-21T09:31:18,300.0,23.5,B
2021-06-21T09:31:17,500.0,23.5,B
2021-06-21T09:31:13,300.0,23.5,B
2021-06-21T09:31:12,2000.0,23.5,B
2021-06-21T09:31:08,20000.0,23.5,B
2021-06-21T09:31:07,100.0,23.5,B
2021-06-21T09:31:06,5400.0,23.5,B
2021-06-21T09:31:06,1200.0,23.5,B
2021-06-21T09:31:06,13400.0,23.5,B
2021-06-21T09:31:04,1500.0,23.5,B
2021-06-21T09:31:03,100.0,23.5,B
2021-06-21T09:31:03,5000.0,23.5,B
2021-06-21T09:31:01,100.0,23.5,B
2021-06-21T09:30:59,400.0,23.45,B
2021-06-21T09:30:57,300.0,23.5,B
2021-06-21T09:30:56,300.0,23.5,B
2021-06-21T09:30:56,500.0,23.5,B
2021-06-21T09:30:55,2700.0,23.5,B
2021-06-21T09:30:55,2300.0,23.5,B
2021-06-21T09:30:53,500.0,23.5,B
2021-06-21T09:30:43,1500.0,23.5,B
2021-06-21T09:30:41,2000.0,23.5,B
2021-06-21T09:30:40,10100.0,23.5,B
2021-06-21T09:30:38,900.0,23.5,B
2021-06-21T09:30:32,1600.0,23.5,B
2021-06-21T09:30:32,1300.0,23.5,B
2021-06-21T09:30:31,200.0,23.5,B
2021-06-21T09:30:31,1900.0,23.5,B
2021-06-21T09:30:30,1000.0,23.45,B
2021-06-21T09:30:30,2500.0,23.5,B
2021-06-21T09:30:29,15000.0,23.5,B
2021-06-21T09:30:27,200.0,23.5,B
2021-06-21T09:30:26,1500.0,23.5,B
2021-06-21T09:30:25,20000.0,23.5,B
2021-06-21T09:30:22,6600.0,23.5,B
2021-06-21T09:30:22,100.0,23.5,B
2021-06-21T09:30:22,3300.0,23.5,B
2021-06-21T09:30:21,200.0,23.45,B
2021-06-21T09:30:21,2000.0,23.45,B
2021-06-21T09:30:21,4000.0,23.45,B
2021-06-21T09:30:17,200.0,23.5,B
2021-06-21T09:30:10,200.0,23.45,B
2021-06-21T09:30:08,17000.0,23.5,B
2021-06-21T09:29:56,10000.0,23.5,B
2021-06-21T09:29:54,2000.0,23.5,B
2021-06-21T09:29:48,200.0,23.45,B
2021-06-21T09:29:38,500.0,23.45,B
2021-06-21T09:29:21,300.0,23.4,B
2021-06-21T09:29:20,1900.0,23.35,B
2021-06-21T09:29:18,2800.0,23.45,B
2021-06-21T09:29:18,200.0,23.4,B
2021-06-21T09:29:18,400.0,23.35,B
2021-06-21T09:29:16,2000.0,23.35,B
2021-06-21T09:29:01,1000.0,23.4,B
2021-06-21T09:29:00,1600.0,23.35,B
2021-06-21T09:28:56,4000.0,23.35,B
2021-06-21T09:28:19,100.0,23.35,B
2021-06-21T09:28:16,10000.0,23.35,B
2021-06-21T09:28:16,500.0,23.4,B
2021-06-21T09:28:14,500.0,23.4,B
2021-06-21T09:28:13,100.0,23.35,B
2021-06-21T09:28:03,15200.0,23.3,B
2021-06-21T09:27:55,500.0,23.35,B
2021-06-21T09:27:53,5000.0,23.35,B
2021-06-21T09:27:52,1900.0,23.35,B
2021-06-21T09:27:50,15000.0,23.35,B
2021-06-21T09:27:39,1200.0,23.3,B
2021-06-21T09:27:37,500.0,23.3,B
2021-06-21T09:27:37,200.0,23.3,B
2021-06-21T09:27:34,2000.0,23.3,B
2021-06-21T09:27:32,600.0,23.3,B
2021-06-21T09:27:30,5000.0,23.3,B
2021-06-21T09:27:30,4000.0,23.3,B
2021-06-21T09:27:24,2500.0,23.3,B
2021-06-21T09:27:24,4400.0,23.3,B
2021-06-21T09:27:24,600.0,23.3,B
2021-06-21T09:27:24,500.0,23.3,B
2021-06-21T09:27:24,3400.0,23.3,B
2021-06-21T09:27:24,2600.0,23.3,B
2021-06-21T09:27:24,200.0,23.3,B
2021-06-21T09:27:24,2500.0,23.3,B
2021-06-21T09:27:24,2300.0,23.3,B
2021-06-21T09:27:24,1000.0,23.3,B
2021-06-21T09:27:23,2000.0,23.3,B
2021-06-21T09:27:16,2000.0,23.3,B
2021-06-21T09:27:12,2000.0,23.3,B
2021-06-21T09:27:12,10500.0,23.3,B
2021-06-21T09:27:12,2000.0,23.25,S
2021-06-21T09:27:02,1000.0,23.3,B
2021-06-21T09:26:56,500.0,23.25,S
2021-06-21T09:26:54,200.0,23.3,B
2021-06-21T09:26:54,800.0,23.3,B
2021-06-21T09:26:53,1000.0,23.25,S
2021-06-21T09:26:37,1500.0,23.25,B
2021-06-21T09:26:33,200.0,23.25,B
2021-06-21T09:26:30,400.0,23.25,B
2021-06-21T09:26:28,6100.0,23.25,B
2021-06-21T09:26:20,1100.0,23.3,B
2021-06-21T09:26:19,800.0,23.3,B
2021-06-21T09:26:19,500.0,23.25,B
2021-06-21T09:26:01,1000.0,23.25,B
2021-06-21T09:26:00,5000.0,23.25,B
2021-06-21T09:25:57,1800.0,23.25,B
2021-06-21T09:25:51,500.0,23.25,B
2021-06-21T09:25:37,100.0,23.25,B
2021-06-21T09:25:36,4000.0,23.25,B
2021-06-21T09:25:36,4700.0,23.25,B
2021-06-21T09:25:36,500.0,23.25,B
2021-06-21T09:25:36,15800.0,23.25,B
2021-06-21T09:25:36,1800.0,23.25,B
2021-06-21T09:25:36,27200.0,23.25,B
2021-06-21T09:25:27,200.0,23.25,B
2021-06-21T09:25:20,100.0,23.25,B
2021-06-21T09:25:02,100.0,23.25,B
2021-06-21T09:25:01,100.0,23.25,B
2021-06-21T09:25:00,900.0,23.25,B
2021-06-21T09:25:00,1200.0,23.25,B
2021-06-21T09:25:00,600.0,23.25,B
2021-06-21T09:24:59,3000.0,23.25,B
2021-06-21T09:24:56,9500.0,23.25,B
2021-06-21T09:24:56,500.0,23.25,B
2021-06-21T09:24:55,200.0,23.2,S
2021-06-21T09:24:54,1000.0,23.25,B
2021-06-21T09:24:51,500.0,23.25,B
2021-06-21T09:24:51,4700.0,23.25,B
2021-06-21T09:24:50,8000.0,23.25,B
2021-06-21T09:24:48,5000.0,23.25,B
2021-06-21T09:24:48,5000.0,23.25,B
2021-06-21T09:24:46,1000.0,23.25,B
2021-06-21T09:24:46,8200.0,23.25,B
2021-06-21T09:24:46,1300.0,23.25,B
2021-06-21T09:24:46,9500.0,23.25,B
2021-06-21T09:24:46,900.0,23.2,S
2021-06-21T09:24:45,200.0,23.2,S
2021-06-21T09:24:43,1000.0,23.2,S
2021-06-21T09:24:38,100.0,23.25,B
2021-06-21T09:24:37,1400.0,23.25,B
2021-06-21T09:24:36,2000.0,23.2,S
2021-06-21T09:24:28,2600.0,23.2,S
2021-06-21T09:24:24,1000.0,23.25,B
2021-06-21T09:24:23,2000.0,23.25,B
2021-06-21T09:24:20,1300.0,23.25,B
2021-06-21T09:24:20,2400.0,23.25,B
2021-06-21T09:24:19,7800.0,23.25,B
2021-06-21T09:24:19,1000.0,23.25,B
2021-06-21T09:24:12,200.0,23.2,S
2021-06-21T09:24:11,200.0,23.2,S
2021-06-21T09:24:00,200.0,23.25,B
2021-06-21T09:24:00,100.0,23.2,S
2021-06-21T09:23:58,100.0,23.25,B
2021-06-21T09:23:58,5500.0,23.2,S
2021-06-21T09:23:51,200.0,23.2,S
2021-06-21T09:23:38,500.0,23.2,S
2021-06-21T09:23:38,1000.0,23.25,B
2021-06-21T09:23:36,900.0,23.25,B
2021-06-21T09:23:15,1000.0,23.25,B
2021-06-21T09:23:13,1000.0,23.2,S
2021-06-21T09:23:08,100.0,23.2,S
2021-06-21T09:23:04,1000.0,23.25,B
2021-06-21T09:23:01,1000.0,23.2,S
2021-06-21T09:23:00,6800.0,23.2,S
2021-06-21T09:22:59,700.0,23.2,S
2021-06-21T09:22:58,1000.0,23.2,S
2021-06-21T09:22:56,2000.0,23.15,S
2021-06-21T09:22:55,9000.0,23.2,S
2021-06-21T09:22:49,2600.0,23.2,S
2021-06-21T09:22:46,200.0,23.2,S
2021-06-21T09:22:44,100.0,23.2,S
2021-06-21T09:22:44,1200.0,23.2,S
2021-06-21T09:22:43,3100.0,23.2,S
2021-06-21T09:22:42,8200.0,23.25,B
2021-06-21T09:22:42,500.0,23.2,S
2021-06-21T09:22:42,1900.0,23.2,S
2021-06-21T09:22:41,100.0,23.2,S
2021-06-21T09:22:38,2000.0,23.2,S
2021-06-21T09:22:36,1000.0,23.15,S
2021-06-21T09:22:35,200.0,23.15,S
2021-06-21T09:22:27,100.0,23.2,S
2021-06-21T09:22:25,4400.0,23.2,S
2021-06-21T09:22:25,1200.0,23.2,S
2021-06-21T09:22:21,1000.0,23.2,S
2021-06-21T09:22:20,500.0,23.2,S
2021-06-21T09:22:19,2900.0,23.2,S
2021-06-21T09:22:19,500.0,23.2,S
2021-06-21T09:22:18,100.0,23.2,S
2021-06-21T09:22:18,10000.0,23.25,B
2021-06-21T09:22:17,10000.0,23.2,S
2021-06-21T09:22:13,13600.0,23.25,B
2021-06-21T09:22:12,1000.0,23.2,S
2021-06-21T09:22:10,3000.0,23.2,S
2021-06-21T09:22:09,2500.0,23.15,S
2021-06-21T09:22:07,300.0,23.2,S
2021-06-21T09:22:07,100.0,23.2,S
2021-06-21T09:22:05,500.0,23.15,S
2021-06-21T09:22:03,5000.0,23.2,S
2021-06-21T09:21:59,100.0,23.2,S
2021-06-21T09:21:54,100.0,23.2,S
2021-06-21T09:21:43,200.0,23.2,S
2021-06-21T09:21:40,3000.0,23.2,S
2021-06-21T09:21:35,3000.0,23.2,S
2021-06-21T09:21:33,100.0,23.2,S
2021-06-21T09:21:30,10000.0,23.2,S
2021-06-21T09:21:26,500.0,23.2,S
2021-06-21T09:21:15,400.0,23.2,S
2021-06-21T09:21:05,5900.0,23.2,S
2021-06-21T09:21:05,4000.0,23.25,B
2021-06-21T09:21:02,1000.0,23.25,B
2021-06-21T09:21:01,400.0,23.25,B
2021-06-21T09:20:59,100.0,23.2,S
2021-06-21T09:20:56,100.0,23.25,B
2021-06-21T09:20:52,500.0,23.2,S
2021-06-21T09:20:51,1400.0,23.2,S
2021-06-21T09:20:48,400.0,23.2,S
2021-06-21T09:20:48,10000.0,23.2,S
2021-06-21T09:20:48,18600.0,23.2,S
2021-06-21T09:20:45,100.0,23.2,S
2021-06-21T09:20:41,4700.0,23.2,S
2021-06-21T09:20:41,300.0,23.2,S
2021-06-21T09:20:41,100.0,23.25,B
2021-06-21T09:20:38,2500.0,23.25,B
2021-06-21T09:20:32,500.0,23.2,S
2021-06-21T09:20:25,7800.0,23.25,B
2021-06-21T09:20:25,2200.0,23.25,B
2021-06-21T09:20:23,100.0,23.25,B
2021-06-21T09:20:16,400.0,23.25,B
2021-06-21T09:20:11,4200.0,23.25,B
2021-06-21T09:20:08,1000.0,23.25,B
2021-06-21T09:19:59,5000.0,23.25,B
2021-06-21T09:19:56,2900.0,23.25,B
2021-06-21T09:19:53,1000.0,23.25,B
2021-06-21T09:19:42,5800.0,23.25,B
2021-06-21T09:19:41,400.0,23.25,B
2021-06-21T09:19:40,4800.0,23.25,B
2021-06-21T09:19:39,500.0,23.25,B
2021-06-21T09:19:36,500.0,23.25,B
2021-06-21T09:19:35,1500.0,23.2,S
2021-06-21T09:19:31,800.0,23.25,S
2021-06-21T09:19:29,10000.0,23.2,S
2021-06-21T09:19:28,500.0,23.25,S
2021-06-21T09:19:27,300.0,23.25,S
2021-06-21T09:19:27,9700.0,23.25,S
2021-06-21T09:19:26,500.0,23.25,S
2021-06-21T09:19:26,200.0,23.25,S
2021-06-21T09:19:25,1000.0,23.25,S
2021-06-21T09:19:22,1000.0,23.25,S
2021-06-21T09:19:18,1600.0,23.25,S
2021-06-21T09:19:17,100.0,23.3,B
2021-06-21T09:19:15,1000.0,23.25,S
2021-06-21T09:19:15,2000.0,23.25,S
2021-06-21T09:19:11,5000.0,23.25,S
2021-06-21T09:19:04,1100.0,23.25,S
2021-06-21T09:19:04,200.0,23.25,S
2021-06-21T09:19:02,1700.0,23.25,S
2021-06-21T09:19:00,500.0,23.25,S
2021-06-21T09:18:55,1800.0,23.25,S
2021-06-21T09:18:52,500.0,23.25,S
2021-06-21T09:18:51,100.0,23.25,S
2021-06-21T09:18:51,500.0,23.25,S
2021-06-21T09:18:49,200.0,23.25,S
2021-06-21T09:18:48,100.0,23.25,S
2021-06-21T09:18:47,200.0,23.25,S
2021-06-21T09:18:42,100.0,23.25,S
2021-06-21T09:18:42,100.0,23.25,S
2021-06-21T09:18:41,200.0,23.25,S
2021-06-21T09:18:38,100.0,23.25,S
2021-06-21T09:18:36,100.0,23.25,S
2021-06-21T09:18:35,2500.0,23.25,S
2021-06-21T09:18:29,1000.0,23.25,S
2021-06-21T09:18:29,1000.0,23.25,S
2021-06-21T09:18:28,100.0,23.25,S
2021-06-21T09:18:27,1800.0,23.25,S
2021-06-21T09:18:25,500.0,23.25,S
2021-06-21T09:18:23,300.0,23.25,S
2021-06-21T09:18:20,1600.0,23.25,S
2021-06-21T09:18:16,100.0,23.25,S
2021-06-21T09:18:15,1000.0,23.3,S
2021-06-21T09:18:12,5200.0,23.25,S
2021-06-21T09:18:11,500.0,23.25,S
2021-06-21T09:18:09,600.0,23.25,S
2021-06-21T09:18:06,1200.0,23.25,S
2021-06-21T09:18:00,1000.0,23.2,S
2021-06-21T09:18:00,700.0,23.2,S
2021-06-21T09:18:00,300.0,23.2,S
2021-06-21T09:17:49,1000.0,23.25,S
2021-06-21T09:17:46,700.0,23.25,S
2021-06-21T09:17:45,2300.0,23.3,S
2021-06-21T09:17:44,4000.0,23.3,S
2021-06-21T09:17:35,300.0,23.25,S
2021-06-21T09:17:31,1000.0,23.3,S
2021-06-21T09:17:27,20000.0,23.2,S
2021-06-21T09:17:25,600.0,23.3,S
2021-06-21T09:17:23,1000.0,23.25,S
2021-06-21T09:17:22,4900.0,23.3,B
2021-06-21T09:17:17,1500.0,23.3,B
2021-06-21T09:17:16,200.0,23.25,S
2021-06-21T09:17:09,1500.0,23.3,S
2021-06-21T09:17:05,900.0,23.3,S
2021-06-21T09:17:05,3900.0,23.4,B
2021-06-21T09:17:03,300.0,23.3,S
2021-06-21T09:17:03,6000.0,23.3,S
2021-06-21T09:16:59,2000.0,23.3,S
2021-06-21T09:16:56,3000.0,23.3,S
2021-06-21T09:16:51,200.0,23.3,S
2021-06-21T09:16:51,100.0,23.4,B
2021-06-21T09:16:50,1000.0,23.3,S
2021-06-21T09:16:45,4000.0,23.3,S
2021-06-21T09:16:43,500.0,23.3,S
2021-06-21T09:16:40,1900.0,23.3,S
2021-06-21T09:16:37,100.0,23.3,S
2021-06-21T09:16:37,1400.0,23.3,S
2021-06-21T09:16:37,3000.0,23.4,B
2021-06-21T09:16:37,300.0,23.3,S
2021-06-21T09:16:37,500.0,23.3,S
2021-06-21T09:16:36,800.0,23.3,S
2021-06-21T09:16:30,500.0,23.3,S
2021-06-21T09:16:16,1000.0,23.3,S
2021-06-21T09:16:14,400.0,23.3,S
2021-06-21T09:16:10,2000.0,23.4,B
2021-06-21T09:16:08,2000.0,23.4,B
2021-06-21T09:16:01,500.0,23.4,B
2021-06-21T09:16:01,500.0,23.4,B
2021-06-21T09:16:00,800.0,23.4,B
2021-06-21T09:15:57,5000.0,23.5,B
2021-06-21T09:15:55,200.0,23.4,S
