tradingTime,volume,price,side
2021-06-21T14:19:45,10000.0,8.06,B
2021-06-21T14:18:41,100.0,8.02,S
2021-06-21T14:15:19,6100.0,8.01,S
2021-06-21T14:15:19,1000.0,8.01,S
2021-06-21T14:11:49,500.0,8.06,B
2021-06-21T14:09:04,700.0,8.06,B
2021-06-21T14:08:55,3000.0,8.06,B
2021-06-21T14:08:41,3000.0,8.06,B
2021-06-21T14:08:30,3000.0,8.06,B
2021-06-21T14:08:21,1000.0,8.0,S
2021-06-21T14:08:21,2000.0,8.06,B
2021-06-21T14:08:13,1900.0,8.06,B
2021-06-21T14:08:13,100.0,8.06,B
2021-06-21T14:08:04,3000.0,8.06,B
2021-06-21T14:07:56,3400.0,8.06,B
2021-06-21T14:07:56,600.0,8.05,B
2021-06-21T14:07:49,4000.0,8.05,B
2021-06-21T14:07:41,900.0,8.05,B
2021-06-21T14:07:41,2100.0,8.05,B
2021-06-21T14:07:33,1000.0,8.05,B
2021-06-21T14:07:32,1000.0,8.04,B
2021-06-21T14:07:25,200.0,8.01,B
2021-06-21T14:06:38,3800.0,8.01,B
2021-06-21T14:06:33,1000.0,8.0,S
2021-06-21T14:06:33,5300.0,8.0,S
2021-06-21T14:06:10,1000.0,8.01,B
2021-06-21T14:05:11,100.0,8.01,B
2021-06-21T14:04:39,500.0,8.01,B
2021-06-21T14:03:56,5600.0,8.01,B
2021-06-21T14:03:35,100.0,8.01,B
2021-06-21T14:01:55,500.0,8.01,B
2021-06-21T14:01:41,7000.0,8.01,B
2021-06-21T14:01:16,5000.0,8.01,B
2021-06-21T14:00:48,100.0,8.01,B
2021-06-21T14:00:46,15000.0,8.01,B
2021-06-21T13:58:52,6900.0,8.01,S
2021-06-21T13:55:05,1000.0,8.01,S
2021-06-21T13:53:08,2000.0,8.01,S
2021-06-21T13:52:30,3000.0,8.01,S
2021-06-21T13:51:45,7000.0,8.01,S
2021-06-21T13:49:50,600.0,8.01,S
2021-06-21T13:49:36,10000.0,8.06,B
2021-06-21T13:48:35,2000.0,8.07,B
2021-06-21T13:48:28,3000.0,8.07,B
2021-06-21T13:48:26,500.0,8.0,S
2021-06-21T13:48:21,4000.0,8.07,B
2021-06-21T13:48:14,3000.0,8.07,B
2021-06-21T13:48:04,3000.0,8.07,B
2021-06-21T13:47:55,2000.0,8.07,B
2021-06-21T13:47:51,3000.0,8.07,B
2021-06-21T13:47:47,3000.0,8.07,B
2021-06-21T13:47:35,2000.0,8.07,B
2021-06-21T13:47:26,3000.0,8.07,B
2021-06-21T13:47:18,2000.0,8.07,B
2021-06-21T13:47:12,3000.0,8.07,B
2021-06-21T13:47:03,4000.0,8.06,B
2021-06-21T13:46:54,2000.0,8.06,S
2021-06-21T13:46:46,3000.0,8.06,S
2021-06-21T13:46:35,2000.0,8.07,B
2021-06-21T13:46:25,4000.0,8.07,B
2021-06-21T13:46:15,4000.0,8.07,B
2021-06-21T13:46:07,4000.0,8.07,B
2021-06-21T13:45:58,3000.0,8.07,B
2021-06-21T13:45:50,3000.0,8.07,B
2021-06-21T13:45:41,4000.0,8.07,B
2021-06-21T13:45:34,3000.0,8.07,B
2021-06-21T13:45:25,3000.0,8.07,B
2021-06-21T13:45:18,4000.0,8.06,B
2021-06-21T13:45:10,3000.0,8.06,S
2021-06-21T13:45:08,4000.0,8.0,S
2021-06-21T13:45:06,1000.0,8.0,S
2021-06-21T13:45:06,100.0,8.0,S
2021-06-21T13:45:06,12000.0,8.0,S
2021-06-21T13:45:02,3000.0,8.06,S
2021-06-21T13:44:53,2000.0,8.07,B
2021-06-21T13:44:44,2000.0,8.07,B
2021-06-21T13:44:34,3000.0,8.07,B
2021-06-21T13:44:33,6100.0,8.07,B
2021-06-21T13:44:33,1000.0,8.07,B
2021-06-21T13:44:25,4000.0,8.06,B
2021-06-21T13:44:16,4000.0,8.06,B
2021-06-21T13:44:07,4000.0,8.06,B
2021-06-21T13:43:58,2000.0,8.06,B
2021-06-21T13:43:50,2000.0,8.06,B
2021-06-21T13:43:31,3000.0,8.06,B
2021-06-21T13:43:08,2000.0,8.06,B
2021-06-21T13:42:55,4000.0,8.06,B
2021-06-21T13:42:44,100.0,8.06,B
2021-06-21T13:42:44,400.0,8.06,B
2021-06-21T13:42:44,2500.0,8.06,B
2021-06-21T13:42:34,4000.0,8.06,B
2021-06-21T13:42:25,3000.0,8.06,B
2021-06-21T13:42:17,2000.0,8.06,B
2021-06-21T13:42:09,3000.0,8.06,B
2021-06-21T13:42:01,3000.0,8.06,B
2021-06-21T13:41:51,2000.0,8.06,B
2021-06-21T13:41:44,3000.0,8.06,B
2021-06-21T13:41:35,3000.0,8.06,B
2021-06-21T13:41:27,3000.0,8.06,B
2021-06-21T13:41:19,3000.0,8.06,B
2021-06-21T13:41:10,2000.0,8.06,B
2021-06-21T13:41:02,2200.0,8.06,B
2021-06-21T13:41:02,800.0,8.06,B
2021-06-21T13:40:53,3000.0,8.06,B
2021-06-21T13:40:47,3000.0,8.06,B
2021-06-21T13:40:38,4000.0,8.06,B
2021-06-21T13:40:29,1400.0,8.06,B
2021-06-21T13:40:29,600.0,8.06,B
2021-06-21T13:40:20,3000.0,8.06,B
2021-06-21T13:40:12,1000.0,8.06,B
2021-06-21T13:40:12,2000.0,8.06,B
2021-06-21T13:40:04,2000.0,8.06,B
2021-06-21T13:39:56,4000.0,8.06,B
2021-06-21T13:39:47,3000.0,8.06,B
2021-06-21T13:39:39,3000.0,8.06,B
2021-06-21T13:39:32,1500.0,8.06,B
2021-06-21T13:39:32,1500.0,8.06,B
2021-06-21T13:39:19,4000.0,8.06,B
2021-06-21T13:39:04,3000.0,8.06,B
2021-06-21T13:38:53,4000.0,8.06,B
2021-06-21T13:38:44,2000.0,8.06,B
2021-06-21T13:38:35,4000.0,8.06,B
2021-06-21T13:38:28,2000.0,8.06,B
2021-06-21T13:38:20,3000.0,8.06,B
2021-06-21T13:38:11,3000.0,8.06,B
2021-06-21T13:38:04,2000.0,8.06,B
2021-06-21T13:37:54,700.0,8.06,B
2021-06-21T13:37:54,2300.0,8.05,B
2021-06-21T13:37:46,3000.0,8.05,B
2021-06-21T13:37:37,2000.0,8.05,B
2021-06-21T13:37:28,3000.0,8.05,B
2021-06-21T13:37:21,2800.0,8.05,B
2021-06-21T13:37:21,1200.0,8.05,B
2021-06-21T13:37:13,2000.0,8.05,B
2021-06-21T13:37:04,2000.0,8.05,B
2021-06-21T13:36:56,2000.0,8.05,B
2021-06-21T13:36:52,4000.0,8.05,B
2021-06-21T13:36:43,3000.0,8.05,B
2021-06-21T13:36:35,3000.0,8.05,B
2021-06-21T13:36:27,4000.0,8.05,B
2021-06-21T13:36:19,3000.0,8.05,B
2021-06-21T13:36:11,4000.0,8.05,B
2021-06-21T13:36:03,4000.0,8.05,B
2021-06-21T13:35:55,3000.0,8.05,B
2021-06-21T13:35:47,3000.0,8.05,B
2021-06-21T13:35:38,3000.0,8.05,B
2021-06-21T13:35:27,3000.0,8.05,B
2021-06-21T13:35:18,4000.0,8.05,B
2021-06-21T13:35:07,3000.0,8.05,B
2021-06-21T13:35:00,3000.0,8.05,B
2021-06-21T13:34:52,300.0,8.05,B
2021-06-21T13:34:52,2000.0,8.05,B
2021-06-21T13:34:51,300.0,8.05,B
2021-06-21T13:34:51,400.0,8.05,B
2021-06-21T13:34:43,4000.0,8.05,B
2021-06-21T13:34:35,3000.0,8.05,B
2021-06-21T13:34:28,3000.0,8.05,B
2021-06-21T13:34:21,3000.0,8.04,S
2021-06-21T13:34:13,2000.0,8.05,B
2021-06-21T13:34:05,3000.0,8.05,B
2021-06-21T13:33:56,3000.0,8.05,B
2021-06-21T13:33:48,2000.0,8.05,B
2021-06-21T13:33:41,4000.0,8.05,B
2021-06-21T13:33:34,2000.0,8.05,B
2021-06-21T13:33:25,3000.0,8.05,B
2021-06-21T13:33:16,4000.0,8.05,B
2021-06-21T13:33:08,4000.0,8.05,B
2021-06-21T13:32:59,3000.0,8.05,B
2021-06-21T13:32:50,3000.0,8.05,B
2021-06-21T13:32:41,3000.0,8.05,B
2021-06-21T13:32:34,3000.0,8.05,B
2021-06-21T13:32:26,2000.0,8.0,S
2021-06-21T13:32:26,4000.0,8.05,B
2021-06-21T13:32:17,2000.0,8.05,B
2021-06-21T13:32:10,3000.0,8.05,B
2021-06-21T13:32:02,2000.0,8.04,B
2021-06-21T13:31:50,2000.0,8.02,B
2021-06-21T13:31:41,3000.0,8.02,B
2021-06-21T13:31:29,3000.0,8.01,B
2021-06-21T13:30:56,1600.0,8.0,S
2021-06-21T13:30:56,900.0,8.0,S
2021-06-21T13:28:52,200.0,8.01,B
2021-06-21T13:28:31,1000.0,8.01,B
2021-06-21T13:28:19,2000.0,8.01,B
2021-06-21T13:27:22,100.0,8.01,B
2021-06-21T13:26:22,1500.0,8.02,B
2021-06-21T13:25:00,200.0,8.0,S
2021-06-21T13:24:01,1000.0,8.0,S
2021-06-21T13:23:52,500.0,8.0,S
2021-06-21T13:23:41,7600.0,8.0,S
2021-06-21T13:23:11,20000.0,8.0,S
2021-06-21T13:22:36,1000.0,8.0,S
2021-06-21T13:22:20,5000.0,8.0,S
2021-06-21T13:22:17,200.0,8.0,S
2021-06-21T13:22:14,400.0,8.0,S
2021-06-21T13:21:08,5000.0,8.0,S
2021-06-21T13:20:48,2000.0,8.02,S
2021-06-21T13:19:15,1000.0,8.02,S
2021-06-21T13:17:36,1100.0,8.03,S
2021-06-21T13:15:11,100.0,8.02,S
2021-06-21T13:15:11,100.0,8.02,S
2021-06-21T13:14:50,3000.0,8.05,B
2021-06-21T13:14:39,3000.0,8.02,S
2021-06-21T13:14:38,1400.0,8.02,S
2021-06-21T13:14:32,6500.0,8.02,S
2021-06-21T13:14:30,3000.0,8.06,B
2021-06-21T13:14:22,4000.0,8.06,B
2021-06-21T13:14:15,3000.0,8.06,B
2021-06-21T13:14:04,3000.0,8.06,B
2021-06-21T13:13:53,3000.0,8.06,B
2021-06-21T13:13:40,3000.0,8.06,B
2021-06-21T13:13:17,4000.0,8.06,B
2021-06-21T13:12:52,500.0,8.02,S
2021-06-21T13:12:52,3000.0,8.04,S
2021-06-21T13:12:33,4000.0,8.06,B
2021-06-21T13:12:05,3000.0,8.06,B
2021-06-21T13:11:36,2200.0,8.04,S
2021-06-21T13:11:35,1000.0,8.05,S
2021-06-21T13:11:30,2000.0,8.06,B
2021-06-21T13:10:48,2000.0,8.06,B
2021-06-21T13:10:14,10000.0,8.04,S
2021-06-21T13:10:04,3000.0,8.06,B
2021-06-21T13:09:26,3000.0,8.06,B
2021-06-21T13:08:31,3000.0,8.06,B
2021-06-21T13:08:12,1000.0,8.05,B
2021-06-21T13:08:11,1000.0,8.05,B
2021-06-21T13:07:46,3000.0,8.06,B
2021-06-21T13:07:29,2000.0,8.05,B
2021-06-21T13:07:17,4000.0,8.05,B
2021-06-21T13:07:05,2000.0,8.04,B
2021-06-21T13:06:55,2000.0,8.05,B
2021-06-21T13:06:44,3000.0,8.05,B
2021-06-21T13:06:34,2000.0,8.04,B
2021-06-21T13:06:26,3000.0,8.04,S
2021-06-21T13:05:53,5000.0,8.05,B
2021-06-21T13:05:46,4000.0,8.05,B
2021-06-21T13:05:33,700.0,8.05,B
2021-06-21T13:05:33,1300.0,8.05,B
2021-06-21T13:05:22,4000.0,8.05,B
2021-06-21T13:05:14,3000.0,8.05,B
2021-06-21T13:05:12,5000.0,8.05,B
2021-06-21T13:05:07,3000.0,8.05,B
2021-06-21T13:04:58,2000.0,8.05,B
2021-06-21T13:04:49,3000.0,8.05,B
2021-06-21T13:04:47,5000.0,8.05,B
2021-06-21T13:04:43,4000.0,8.05,B
2021-06-21T13:04:34,3000.0,8.05,B
2021-06-21T13:04:25,4000.0,8.05,B
2021-06-21T13:04:16,3000.0,8.05,B
2021-06-21T13:04:08,3000.0,8.05,B
2021-06-21T13:04:01,3000.0,8.05,B
2021-06-21T13:03:58,4000.0,8.05,B
2021-06-21T13:03:53,200.0,8.05,B
2021-06-21T13:03:47,2000.0,8.05,B
2021-06-21T13:03:22,2000.0,8.05,B
2021-06-21T13:02:35,5000.0,8.05,B
2021-06-21T13:01:25,2000.0,8.05,S
2021-06-21T13:00:23,50000.0,8.05,S
2021-06-21T11:30:02,4000.0,8.06,B
2021-06-21T11:29:09,3000.0,8.06,B
2021-06-21T11:29:01,4000.0,8.06,B
2021-06-21T11:28:51,4000.0,8.06,B
2021-06-21T11:28:43,2000.0,8.06,B
2021-06-21T11:28:43,1000.0,8.05,B
2021-06-21T11:27:48,4000.0,8.06,B
2021-06-21T11:27:39,2000.0,8.06,B
2021-06-21T11:27:26,3000.0,8.05,B
2021-06-21T11:27:17,2000.0,8.05,B
2021-06-21T11:27:07,2000.0,8.05,B
2021-06-21T11:26:55,4000.0,8.05,B
2021-06-21T11:26:52,3700.0,8.05,B
2021-06-21T11:26:51,2000.0,8.05,B
2021-06-21T11:26:12,3000.0,8.05,B
2021-06-21T11:26:04,3000.0,8.05,B
2021-06-21T11:25:56,3000.0,8.05,B
2021-06-21T11:25:51,1000.0,8.05,B
2021-06-21T11:25:36,2000.0,8.05,B
2021-06-21T11:25:25,2000.0,8.05,B
2021-06-21T11:25:15,3000.0,8.05,B
2021-06-21T11:25:06,3000.0,8.05,B
2021-06-21T11:24:56,4000.0,8.05,B
2021-06-21T11:24:49,2000.0,8.05,B
2021-06-21T11:24:46,9800.0,8.01,S
2021-06-21T11:24:39,2000.0,8.05,B
2021-06-21T11:24:27,2000.0,8.05,B
2021-06-21T11:24:17,2000.0,8.05,B
2021-06-21T11:24:07,4000.0,8.05,B
2021-06-21T11:23:58,4000.0,8.05,B
2021-06-21T11:23:46,3000.0,8.05,B
2021-06-21T11:23:38,500.0,8.05,B
2021-06-21T11:23:14,2000.0,8.05,B
2021-06-21T11:23:07,1000.0,8.05,B
2021-06-21T11:23:03,4000.0,8.05,B
2021-06-21T11:22:54,3000.0,8.05,B
2021-06-21T11:22:44,200.0,8.05,B
2021-06-21T11:22:44,2800.0,8.05,B
2021-06-21T11:22:32,2000.0,8.05,B
2021-06-21T11:22:22,1000.0,8.05,B
2021-06-21T11:22:22,3000.0,8.05,B
2021-06-21T11:22:15,1000.0,8.01,S
2021-06-21T11:21:38,2000.0,8.05,B
2021-06-21T11:21:30,700.0,8.02,B
2021-06-21T11:21:25,8300.0,8.02,S
2021-06-21T11:21:25,4000.0,8.05,B
2021-06-21T11:21:25,10000.0,8.05,B
2021-06-21T11:21:09,4000.0,8.05,B
2021-06-21T11:21:01,3000.0,8.05,B
2021-06-21T11:20:47,3000.0,8.05,B
2021-06-21T11:20:46,1700.0,8.05,B
2021-06-21T11:20:42,2000.0,8.05,B
2021-06-21T11:20:40,3000.0,8.05,B
2021-06-21T11:20:19,2000.0,8.05,B
2021-06-21T11:20:12,3000.0,8.05,B
2021-06-21T11:20:04,1000.0,8.05,B
2021-06-21T11:19:59,50000.0,8.05,B
2021-06-21T11:19:43,3000.0,8.05,B
2021-06-21T11:19:32,3000.0,8.05,B
2021-06-21T11:19:20,3000.0,8.05,B
2021-06-21T11:19:11,4000.0,8.05,B
2021-06-21T11:19:01,2000.0,8.05,B
2021-06-21T11:18:52,4000.0,8.05,B
2021-06-21T11:18:41,4000.0,8.05,B
2021-06-21T11:18:11,3000.0,8.05,B
2021-06-21T11:18:05,5000.0,8.05,B
2021-06-21T11:17:52,2000.0,8.05,B
2021-06-21T11:17:43,4900.0,8.02,S
2021-06-21T11:17:43,100.0,8.02,S
2021-06-21T11:17:42,4000.0,8.05,B
2021-06-21T11:17:25,4000.0,8.04,B
2021-06-21T11:17:19,4000.0,8.04,B
2021-06-21T11:17:09,3000.0,8.04,B
2021-06-21T11:16:59,3000.0,8.04,B
2021-06-21T11:16:50,3000.0,8.04,B
2021-06-21T11:16:40,2000.0,8.04,B
2021-06-21T11:16:30,200.0,8.04,B
2021-06-21T11:16:14,2000.0,8.04,B
2021-06-21T11:16:06,3000.0,8.04,B
2021-06-21T11:15:52,4000.0,8.04,B
2021-06-21T11:15:46,4000.0,8.04,B
2021-06-21T11:15:33,2000.0,8.04,B
2021-06-21T11:15:30,800.0,8.04,B
2021-06-21T11:15:24,2000.0,8.04,B
2021-06-21T11:15:11,3000.0,8.04,B
2021-06-21T11:15:03,3000.0,8.04,B
2021-06-21T11:14:54,2000.0,8.04,B
2021-06-21T11:14:45,3000.0,8.04,B
2021-06-21T11:14:38,3000.0,8.04,B
2021-06-21T11:14:23,3000.0,8.04,B
2021-06-21T11:14:15,3000.0,8.04,B
2021-06-21T11:14:10,500.0,8.04,B
2021-06-21T11:14:06,3500.0,8.04,B
2021-06-21T11:14:04,4000.0,8.04,B
2021-06-21T11:13:41,2000.0,8.04,B
2021-06-21T11:13:34,4300.0,8.04,B
2021-06-21T11:13:22,3000.0,8.04,B
2021-06-21T11:13:12,2000.0,8.04,B
2021-06-21T11:12:21,1900.0,8.05,B
2021-06-21T11:11:48,5000.0,8.05,B
2021-06-21T11:11:30,1000.0,8.05,S
2021-06-21T11:11:30,1900.0,8.05,S
2021-06-21T11:11:26,100.0,8.05,S
2021-06-21T11:11:21,10000.0,8.05,B
2021-06-21T11:11:07,2000.0,8.05,B
2021-06-21T11:10:51,800.0,8.05,B
2021-06-21T11:10:07,20000.0,8.05,B
2021-06-21T11:09:49,6100.0,8.05,B
2021-06-21T11:09:49,5200.0,8.05,B
2021-06-21T11:09:49,700.0,8.05,B
2021-06-21T11:09:49,17300.0,8.05,B
2021-06-21T11:09:49,700.0,8.05,B
2021-06-21T11:09:49,900.0,8.02,S
2021-06-21T11:09:32,800.0,8.05,B
2021-06-21T11:09:32,200.0,8.05,B
2021-06-21T11:09:25,1300.0,8.05,B
2021-06-21T11:09:25,700.0,8.05,B
2021-06-21T11:09:24,3000.0,8.05,B
2021-06-21T11:09:13,7500.0,8.05,B
2021-06-21T11:09:13,300.0,8.05,B
2021-06-21T11:09:13,2200.0,8.05,B
2021-06-21T11:06:41,400.0,8.05,B
2021-06-21T11:06:11,500.0,8.05,B
2021-06-21T11:06:11,11200.0,8.05,B
2021-06-21T11:06:11,28300.0,8.04,B
2021-06-21T11:05:54,300.0,8.03,B
2021-06-21T11:05:02,9600.0,8.02,B
2021-06-21T11:04:27,10000.0,8.02,B
2021-06-21T11:04:00,2500.0,8.01,B
2021-06-21T11:04:00,12700.0,8.01,B
2021-06-21T11:04:00,1000.0,8.01,B
2021-06-21T11:02:23,8000.0,8.0,S
2021-06-21T11:00:42,1000.0,8.0,S
2021-06-21T10:59:21,1000.0,8.0,S
2021-06-21T10:59:18,1000.0,8.0,S
2021-06-21T10:58:32,1700.0,8.0,B
2021-06-21T10:58:27,800.0,8.0,B
2021-06-21T10:58:14,4000.0,8.0,B
2021-06-21T10:57:53,400.0,8.0,B
2021-06-21T10:57:48,600.0,8.0,B
2021-06-21T10:57:45,400.0,8.0,B
2021-06-21T10:57:25,2300.0,8.0,B
2021-06-21T10:57:14,2000.0,8.0,B
2021-06-21T10:56:56,100.0,8.0,S
2021-06-21T10:56:46,2000.0,8.0,S
2021-06-21T10:56:45,2000.0,8.0,S
2021-06-21T10:55:50,2000.0,8.0,B
2021-06-21T10:55:49,500.0,8.0,B
2021-06-21T10:55:40,2000.0,8.0,B
2021-06-21T10:55:35,500.0,8.0,B
2021-06-21T10:55:31,500.0,8.0,B
2021-06-21T10:55:20,3000.0,8.0,B
2021-06-21T10:55:03,2000.0,8.0,S
2021-06-21T10:55:01,200.0,8.0,S
2021-06-21T10:54:49,500.0,8.0,S
2021-06-21T10:54:38,2800.0,8.0,S
2021-06-21T10:54:20,700.0,8.0,B
2021-06-21T10:54:11,500.0,8.0,B
2021-06-21T10:54:00,500.0,8.0,S
2021-06-21T10:53:11,500.0,8.0,S
2021-06-21T10:53:05,1000.0,8.0,B
2021-06-21T10:52:58,1000.0,8.0,B
2021-06-21T10:52:42,1000.0,8.0,B
2021-06-21T10:51:18,1100.0,7.95,S
2021-06-21T10:49:44,600.0,7.95,S
2021-06-21T10:49:37,2200.0,8.0,S
2021-06-21T10:49:26,2000.0,8.0,B
2021-06-21T10:49:01,1500.0,8.0,B
2021-06-21T10:48:50,400.0,8.0,S
2021-06-21T10:48:21,3500.0,8.0,B
2021-06-21T10:48:12,1000.0,7.95,S
2021-06-21T10:48:10,3900.0,8.0,B
2021-06-21T10:48:03,2000.0,8.0,B
2021-06-21T10:47:53,10000.0,7.95,S
2021-06-21T10:47:42,3000.0,8.0,B
2021-06-21T10:47:28,3000.0,8.0,B
2021-06-21T10:47:20,2000.0,8.0,B
2021-06-21T10:47:13,2000.0,8.0,B
2021-06-21T10:47:10,3000.0,8.0,B
2021-06-21T10:47:00,3000.0,8.0,B
2021-06-21T10:46:49,2000.0,8.0,B
2021-06-21T10:46:28,2000.0,8.0,B
2021-06-21T10:46:12,1900.0,8.0,B
2021-06-21T10:46:05,3600.0,8.0,S
2021-06-21T10:44:37,1900.0,8.0,B
2021-06-21T10:44:28,2000.0,8.0,B
2021-06-21T10:44:19,6100.0,8.0,S
2021-06-21T10:42:52,1000.0,8.0,S
2021-06-21T10:42:38,700.0,8.0,S
2021-06-21T10:41:53,10000.0,8.0,S
2021-06-21T10:41:10,3000.0,8.01,B
2021-06-21T10:41:05,1200.0,8.0,S
2021-06-21T10:39:04,3400.0,8.0,S
2021-06-21T10:37:55,100.0,8.0,S
2021-06-21T10:36:06,800.0,8.0,S
2021-06-21T10:36:06,400.0,8.0,S
2021-06-21T10:35:43,200.0,8.0,S
2021-06-21T10:35:40,300.0,8.0,S
2021-06-21T10:35:28,900.0,8.0,S
2021-06-21T10:35:18,3000.0,8.0,S
2021-06-21T10:35:13,1100.0,8.0,S
2021-06-21T10:34:59,1900.0,8.0,B
2021-06-21T10:34:50,3000.0,8.0,B
2021-06-21T10:34:43,2000.0,8.0,B
2021-06-21T10:34:42,3000.0,8.0,B
2021-06-21T10:34:32,2000.0,8.0,B
2021-06-21T10:34:24,15000.0,8.0,B
2021-06-21T10:34:21,4000.0,8.0,B
2021-06-21T10:34:13,3000.0,8.0,B
2021-06-21T10:34:02,2900.0,8.0,B
2021-06-21T10:33:26,2900.0,8.0,B
2021-06-21T10:33:17,2900.0,8.0,B
2021-06-21T10:33:00,500.0,7.91,S
2021-06-21T10:33:00,2000.0,7.91,S
2021-06-21T10:33:00,100.0,7.95,S
2021-06-21T10:33:00,1000.0,7.95,S
2021-06-21T10:33:00,1100.0,7.95,S
2021-06-21T10:33:00,2000.0,7.95,S
2021-06-21T10:33:00,9300.0,7.95,S
2021-06-21T10:32:56,300.0,8.0,B
2021-06-21T10:32:53,200.0,8.0,B
2021-06-21T10:32:48,2000.0,8.0,B
2021-06-21T10:32:46,700.0,8.0,B
2021-06-21T10:32:38,2200.0,8.0,B
2021-06-21T10:32:32,200.0,8.0,B
2021-06-21T10:32:27,2000.0,8.0,B
2021-06-21T10:32:19,1500.0,8.0,B
2021-06-21T10:32:12,300.0,8.0,B
2021-06-21T10:32:12,500.0,8.0,B
2021-06-21T10:31:34,2200.0,8.0,B
2021-06-21T10:31:09,3700.0,8.0,S
2021-06-21T10:30:47,2000.0,8.0,B
2021-06-21T10:30:39,1000.0,8.0,B
2021-06-21T10:30:27,3000.0,8.0,B
2021-06-21T10:30:20,4000.0,8.0,B
2021-06-21T10:29:45,3000.0,8.0,B
2021-06-21T10:29:37,4000.0,8.0,B
2021-06-21T10:29:25,3000.0,8.0,B
2021-06-21T10:29:18,300.0,8.0,B
2021-06-21T10:29:09,4000.0,8.0,B
2021-06-21T10:28:52,3000.0,8.0,B
2021-06-21T10:28:46,3000.0,8.0,B
2021-06-21T10:28:32,3000.0,8.0,B
2021-06-21T10:28:27,3500.0,7.98,S
2021-06-21T10:28:21,400.0,8.0,B
2021-06-21T10:28:18,2000.0,8.0,B
2021-06-21T10:27:56,1000.0,8.0,S
2021-06-21T10:27:50,1000.0,8.0,S
2021-06-21T10:27:50,500.0,8.0,S
2021-06-21T10:27:50,12600.0,8.0,S
2021-06-21T10:27:39,25500.0,8.0,S
2021-06-21T10:26:56,900.0,8.0,S
2021-06-21T10:26:53,300.0,8.0,S
2021-06-21T10:26:00,1000.0,8.0,S
2021-06-21T10:25:10,1000.0,8.01,B
2021-06-21T10:24:45,400.0,8.0,S
2021-06-21T10:24:45,1600.0,8.0,S
2021-06-21T10:24:23,3000.0,8.01,B
2021-06-21T10:24:00,2000.0,8.01,B
2021-06-21T10:24:00,800.0,8.01,B
2021-06-21T10:23:54,5000.0,8.01,B
2021-06-21T10:22:31,100.0,8.01,S
2021-06-21T10:22:30,10100.0,8.01,S
2021-06-21T10:22:16,3000.0,8.02,B
2021-06-21T10:21:58,1000.0,8.02,B
2021-06-21T10:20:01,600.0,8.01,B
2021-06-21T10:20:00,10000.0,8.01,S
2021-06-21T10:19:52,400.0,8.01,S
2021-06-21T10:19:31,2000.0,8.01,S
2021-06-21T10:18:59,1000.0,8.01,S
2021-06-21T10:18:51,1000.0,8.01,S
2021-06-21T10:18:50,600.0,8.01,S
2021-06-21T10:17:48,1100.0,8.01,B
2021-06-21T10:17:19,400.0,8.01,B
2021-06-21T10:17:17,1600.0,8.01,B
2021-06-21T10:16:51,2000.0,8.01,B
2021-06-21T10:16:36,200.0,8.01,S
2021-06-21T10:16:35,800.0,8.01,S
2021-06-21T10:16:24,31300.0,8.01,S
2021-06-21T10:15:51,1200.0,8.02,B
2021-06-21T10:15:31,2200.0,8.01,S
2021-06-21T10:15:25,1000.0,8.01,S
2021-06-21T10:14:57,400.0,8.01,S
2021-06-21T10:14:57,1000.0,8.01,S
2021-06-21T10:14:33,1800.0,8.02,S
2021-06-21T10:14:33,1100.0,8.02,S
2021-06-21T10:14:16,100.0,8.02,S
2021-06-21T10:13:32,2300.0,8.01,S
2021-06-21T10:13:23,500.0,8.01,S
2021-06-21T10:12:33,3000.0,8.01,S
2021-06-21T10:12:29,100.0,8.04,B
2021-06-21T10:12:24,5000.0,8.01,B
2021-06-21T10:12:18,3200.0,8.01,B
2021-06-21T10:12:11,600.0,8.01,B
2021-06-21T10:11:54,100.0,8.01,B
2021-06-21T10:11:43,800.0,8.01,B
2021-06-21T10:11:40,500.0,8.01,B
2021-06-21T10:11:35,4000.0,8.01,B
2021-06-21T10:11:26,10800.0,8.02,S
2021-06-21T10:11:21,800.0,8.03,B
2021-06-21T10:10:57,500.0,8.02,S
2021-06-21T10:10:52,800.0,8.03,B
2021-06-21T10:09:56,500.0,8.03,B
2021-06-21T10:07:09,2000.0,8.03,B
2021-06-21T10:07:06,100.0,8.02,S
2021-06-21T10:06:48,1000.0,8.03,B
2021-06-21T10:06:29,100.0,8.02,S
2021-06-21T10:05:49,2300.0,8.03,S
2021-06-21T10:05:24,200.0,8.03,B
2021-06-21T10:04:54,5800.0,8.04,B
2021-06-21T10:04:54,1000.0,8.03,S
2021-06-21T10:04:31,1500.0,8.03,S
2021-06-21T10:04:29,2000.0,8.03,S
2021-06-21T10:04:13,800.0,8.04,B
2021-06-21T10:03:42,500.0,8.04,B
2021-06-21T10:03:39,7200.0,8.04,B
2021-06-21T10:03:28,1300.0,8.04,B
2021-06-21T10:03:22,200.0,8.03,S
2021-06-21T10:03:18,1000.0,8.04,B
2021-06-21T10:03:18,900.0,8.04,B
2021-06-21T10:03:11,1000.0,8.04,B
2021-06-21T10:02:43,1000.0,8.04,B
2021-06-21T10:02:07,3500.0,8.05,B
2021-06-21T10:01:27,5300.0,8.05,B
2021-06-21T10:00:19,100.0,8.05,B
2021-06-21T10:00:05,600.0,8.05,B
2021-06-21T09:59:07,600.0,8.05,B
2021-06-21T09:58:21,2000.0,8.03,S
2021-06-21T09:58:20,1200.0,8.03,S
2021-06-21T09:57:52,1000.0,8.03,S
2021-06-21T09:57:31,1000.0,8.03,S
2021-06-21T09:57:28,300.0,8.02,S
2021-06-21T09:56:51,600.0,8.02,S
2021-06-21T09:56:31,8700.0,8.0,S
2021-06-21T09:56:22,3000.0,8.02,S
2021-06-21T09:56:05,300.0,8.03,B
2021-06-21T09:55:53,7500.0,8.03,B
2021-06-21T09:55:42,500.0,8.02,S
2021-06-21T09:55:32,500.0,8.02,B
2021-06-21T09:55:23,200.0,8.02,B
2021-06-21T09:55:21,500.0,8.02,B
2021-06-21T09:55:16,2000.0,8.02,B
2021-06-21T09:55:13,500.0,8.0,S
2021-06-21T09:54:59,500.0,8.0,S
2021-06-21T09:54:50,500.0,8.0,S
2021-06-21T09:54:24,500.0,8.0,S
2021-06-21T09:54:08,500.0,8.0,S
2021-06-21T09:54:01,2600.0,8.02,B
2021-06-21T09:53:49,500.0,8.0,S
2021-06-21T09:53:40,6000.0,8.0,S
2021-06-21T09:53:37,500.0,8.0,S
2021-06-21T09:53:29,500.0,8.0,S
2021-06-21T09:53:14,500.0,8.0,S
2021-06-21T09:53:14,100.0,8.0,S
2021-06-21T09:53:07,100.0,8.02,B
2021-06-21T09:52:17,600.0,8.0,S
2021-06-21T09:52:16,1000.0,8.0,S
2021-06-21T09:52:03,1000.0,8.0,S
2021-06-21T09:51:35,1000.0,8.0,S
2021-06-21T09:51:35,100.0,8.02,B
2021-06-21T09:50:42,1000.0,8.0,S
2021-06-21T09:50:41,100.0,8.01,B
2021-06-21T09:50:21,1000.0,8.0,S
2021-06-21T09:50:11,31100.0,8.0,S
2021-06-21T09:49:22,900.0,8.0,B
2021-06-21T09:49:17,2000.0,8.0,B
2021-06-21T09:49:05,2000.0,8.0,B
2021-06-21T09:48:58,7200.0,8.0,B
2021-06-21T09:48:48,1000.0,8.0,B
2021-06-21T09:48:48,5800.0,8.0,B
2021-06-21T09:48:41,20000.0,8.0,B
2021-06-21T09:48:25,2200.0,8.0,B
2021-06-21T09:48:25,800.0,8.0,B
2021-06-21T09:48:20,200.0,8.0,B
2021-06-21T09:48:17,4000.0,8.0,B
2021-06-21T09:48:15,100.0,8.0,B
2021-06-21T09:48:08,4000.0,8.0,B
2021-06-21T09:48:03,100.0,8.0,B
2021-06-21T09:47:56,4000.0,8.0,B
2021-06-21T09:47:19,1400.0,8.0,B
2021-06-21T09:47:19,1600.0,8.0,B
2021-06-21T09:47:14,500.0,7.98,S
2021-06-21T09:47:11,300.0,7.98,S
2021-06-21T09:47:05,400.0,8.0,B
2021-06-21T09:47:05,1600.0,8.0,B
2021-06-21T09:46:58,200.0,7.98,S
2021-06-21T09:46:35,4000.0,8.0,B
2021-06-21T09:46:28,2000.0,7.98,S
2021-06-21T09:46:04,4000.0,8.0,B
2021-06-21T09:45:56,4000.0,8.0,B
2021-06-21T09:45:46,3000.0,8.0,B
2021-06-21T09:45:30,3000.0,8.0,B
2021-06-21T09:45:18,4000.0,8.0,B
2021-06-21T09:45:11,2000.0,8.0,B
2021-06-21T09:45:08,5000.0,7.95,S
2021-06-21T09:44:58,3000.0,8.0,B
2021-06-21T09:44:20,500.0,7.99,S
2021-06-21T09:44:12,10000.0,8.0,S
2021-06-21T09:44:06,2000.0,8.0,S
2021-06-21T09:42:53,2000.0,8.0,S
2021-06-21T09:41:55,4300.0,8.0,S
2021-06-21T09:41:47,1000.0,8.0,S
2021-06-21T09:41:39,200.0,8.0,S
2021-06-21T09:41:38,200.0,8.0,S
2021-06-21T09:41:29,5500.0,8.0,S
2021-06-21T09:40:45,700.0,8.0,S
2021-06-21T09:40:35,1600.0,8.0,S
2021-06-21T09:40:19,10300.0,8.0,S
2021-06-21T09:40:19,2200.0,8.0,S
2021-06-21T09:40:18,5900.0,8.0,S
2021-06-21T09:40:17,8000.0,8.0,S
2021-06-21T09:40:10,1000.0,8.02,B
2021-06-21T09:39:39,200.0,8.02,B
2021-06-21T09:39:28,100.0,8.02,B
2021-06-21T09:39:17,2000.0,8.02,B
2021-06-21T09:39:13,1000.0,8.02,B
2021-06-21T09:39:10,500.0,8.02,B
2021-06-21T09:38:57,5000.0,8.0,S
2021-06-21T09:38:47,300.0,8.0,S
2021-06-21T09:38:15,1000.0,8.0,S
2021-06-21T09:37:41,1000.0,8.0,S
2021-06-21T09:37:23,100.0,8.0,S
2021-06-21T09:37:09,10000.0,8.0,S
2021-06-21T09:37:00,1100.0,8.0,S
2021-06-21T09:37:00,10000.0,8.0,S
2021-06-21T09:36:51,5000.0,8.0,S
2021-06-21T09:36:50,3500.0,8.0,S
2021-06-21T09:36:31,1000.0,8.0,S
2021-06-21T09:35:55,500.0,8.0,S
2021-06-21T09:35:49,200.0,8.0,S
2021-06-21T09:35:48,100.0,8.0,S
2021-06-21T09:35:44,2000.0,8.0,S
2021-06-21T09:35:44,12000.0,8.0,S
2021-06-21T09:35:30,5000.0,8.0,S
2021-06-21T09:34:59,100.0,8.0,S
2021-06-21T09:34:46,1500.0,8.0,S
2021-06-21T09:34:18,3800.0,8.0,S
2021-06-21T09:34:12,700.0,8.0,S
2021-06-21T09:34:12,200.0,8.0,S
2021-06-21T09:33:57,5000.0,8.0,S
2021-06-21T09:33:53,300.0,8.0,S
2021-06-21T09:33:43,2000.0,8.0,S
2021-06-21T09:33:14,5000.0,8.0,B
2021-06-21T09:33:04,1000.0,8.0,B
2021-06-21T09:31:54,1000.0,8.0,B
2021-06-21T09:31:52,8800.0,8.0,B
2021-06-21T09:31:45,1000.0,8.0,B
2021-06-21T09:31:38,1000.0,8.0,B
2021-06-21T09:31:07,700.0,8.0,B
2021-06-21T09:31:01,3000.0,8.0,B
2021-06-21T09:30:51,3500.0,8.0,B
2021-06-21T09:30:45,3000.0,8.0,B
2021-06-21T09:30:33,100.0,8.0,B
2021-06-21T09:30:20,2200.0,8.0,B
2021-06-21T09:30:10,2000.0,8.0,B
2021-06-21T09:29:50,600.0,8.0,B
2021-06-21T09:29:40,1400.0,8.0,B
2021-06-21T09:29:37,8900.0,7.95,B
2021-06-21T09:29:37,1100.0,7.95,B
2021-06-21T09:29:21,3000.0,8.0,B
2021-06-21T09:29:18,2000.0,8.0,B
2021-06-21T09:29:17,15000.0,8.0,B
2021-06-21T09:29:11,900.0,7.95,B
2021-06-21T09:28:59,1000.0,8.0,B
2021-06-21T09:28:52,4000.0,8.0,B
2021-06-21T09:28:36,2600.0,8.0,B
2021-06-21T09:28:31,2000.0,8.0,B
2021-06-21T09:28:19,3000.0,8.0,B
2021-06-21T09:28:08,3000.0,8.0,B
2021-06-21T09:27:57,3000.0,8.0,B
2021-06-21T09:27:51,500.0,8.0,B
2021-06-21T09:27:45,2000.0,7.95,B
2021-06-21T09:27:33,3000.0,8.0,B
2021-06-21T09:27:21,2000.0,7.91,S
2021-06-21T09:27:16,4000.0,8.0,B
2021-06-21T09:27:08,3000.0,8.0,B
2021-06-21T09:26:56,6000.0,7.9,S
2021-06-21T09:26:56,4000.0,7.98,B
2021-06-21T09:26:43,1100.0,7.98,B
2021-06-21T09:26:43,2900.0,7.97,B
2021-06-21T09:26:31,3000.0,7.95,B
2021-06-21T09:26:20,3000.0,7.95,B
2021-06-21T09:26:17,1100.0,7.9,S
2021-06-21T09:26:11,3000.0,7.95,B
2021-06-21T09:26:05,100.0,7.9,S
2021-06-21T09:26:01,2000.0,7.9,S
2021-06-21T09:26:01,1000.0,7.9,S
2021-06-21T09:26:00,4000.0,7.95,B
2021-06-21T09:25:57,1000.0,7.9,S
2021-06-21T09:25:44,4000.0,7.95,B
2021-06-21T09:25:23,1000.0,7.95,B
2021-06-21T09:24:32,2000.0,7.95,B
2021-06-21T09:24:25,100.0,7.95,B
2021-06-21T09:24:25,500.0,7.95,B
2021-06-21T09:24:11,3200.0,7.95,B
2021-06-21T09:24:05,1000.0,7.9,B
2021-06-21T09:23:46,5000.0,7.85,B
2021-06-21T09:23:45,200.0,7.85,B
2021-06-21T09:23:43,3000.0,7.95,B
2021-06-21T09:23:40,1500.0,7.85,B
2021-06-21T09:23:37,2000.0,7.8,B
2021-06-21T09:23:24,2000.0,7.95,B
2021-06-21T09:23:18,200.0,7.81,B
2021-06-21T09:23:08,2000.0,7.9,B
2021-06-21T09:22:59,3000.0,7.8,S
2021-06-21T09:22:59,400.0,7.8,S
2021-06-21T09:22:57,16400.0,7.8,S
2021-06-21T09:22:51,100.0,7.8,S
2021-06-21T09:22:43,100.0,7.8,S
2021-06-21T09:22:43,100.0,7.8,S
2021-06-21T09:22:41,500.0,7.9,B
2021-06-21T09:22:35,1100.0,7.8,S
2021-06-21T09:22:28,100.0,7.8,S
2021-06-21T09:22:17,1000.0,7.8,S
2021-06-21T09:22:13,2000.0,7.8,S
2021-06-21T09:22:12,200.0,7.8,S
2021-06-21T09:22:12,100.0,7.79,S
2021-06-21T09:22:10,700.0,7.79,S
2021-06-21T09:21:54,10000.0,7.79,S
2021-06-21T09:21:54,100.0,7.79,S
2021-06-21T09:21:54,1000.0,7.8,S
2021-06-21T09:21:26,1800.0,7.7,S
2021-06-21T09:21:26,3200.0,7.71,S
2021-06-21T09:21:15,15000.0,7.79,S
2021-06-21T09:21:02,5000.0,7.8,S
2021-06-21T09:20:56,2800.0,7.8,S
2021-06-21T09:20:52,500.0,7.79,S
2021-06-21T09:20:34,500.0,7.79,S
2021-06-21T09:20:32,1000.0,7.79,S
2021-06-21T09:20:08,200.0,7.79,S
2021-06-21T09:20:05,1600.0,7.7,S
2021-06-21T09:20:00,31000.0,7.7,S
2021-06-21T09:19:36,100.0,7.9,S
2021-06-21T09:19:10,100.0,7.79,S
2021-06-21T09:19:06,2600.0,7.79,S
2021-06-21T09:19:06,5400.0,7.8,S
2021-06-21T09:18:27,1000.0,7.97,S
2021-06-21T09:18:09,100.0,7.9,S
2021-06-21T09:17:54,700.0,7.9,S
2021-06-21T09:17:17,500.0,8.0,S
2021-06-21T09:17:17,1000.0,8.0,S
2021-06-21T09:17:17,4700.0,8.0,S
2021-06-21T09:17:17,2000.0,8.0,S
2021-06-21T09:17:07,100.0,8.0,S
2021-06-21T09:17:07,500.0,8.0,S
2021-06-21T09:16:59,10000.0,8.0,S
2021-06-21T09:16:57,800.0,8.0,S
2021-06-21T09:16:52,100.0,8.0,S
2021-06-21T09:16:35,2000.0,8.0,S
2021-06-21T09:16:31,300.0,8.0,S
2021-06-21T09:16:31,100.0,8.02,B
2021-06-21T09:16:30,900.0,8.02,B
2021-06-21T09:16:21,200.0,8.0,S
2021-06-21T09:16:19,3000.0,8.0,S
2021-06-21T09:16:17,300.0,8.0,S
2021-06-21T09:16:14,500.0,8.0,S
2021-06-21T09:16:10,1000.0,8.0,S
2021-06-21T09:16:01,1000.0,8.0,S
2021-06-21T09:15:59,100.0,8.01,S
2021-06-21T09:15:41,3000.0,8.0,S
2021-06-21T09:15:39,200.0,8.0,S
2021-06-21T09:15:38,1500.0,8.02,B
2021-06-21T09:15:38,400.0,8.0,S
2021-06-21T09:15:38,6600.0,8.0,S
