tradingTime,volume,price,side
2021-06-21T14:22:42,200.0,6.47,B
2021-06-21T14:22:07,3800.0,6.47,B
2021-06-21T14:21:56,7000.0,6.45,S
2021-06-21T14:21:36,200.0,6.47,B
2021-06-21T14:19:48,400.0,6.45,B
2021-06-21T14:19:06,6000.0,6.45,B
2021-06-21T14:18:10,100.0,6.45,B
2021-06-21T14:17:46,100.0,6.45,B
2021-06-21T14:16:15,100.0,6.45,B
2021-06-21T14:13:26,3500.0,6.43,B
2021-06-21T14:12:49,1500.0,6.41,S
2021-06-21T14:10:35,1000.0,6.41,B
2021-06-21T14:10:33,100.0,6.41,B
2021-06-21T14:09:50,4500.0,6.41,B
2021-06-21T14:09:04,1500.0,6.4,S
2021-06-21T14:09:04,200.0,6.4,S
2021-06-21T14:09:04,1300.0,6.4,S
2021-06-21T14:08:44,3000.0,6.41,B
2021-06-21T14:08:36,500.0,6.41,B
2021-06-21T14:07:43,10000.0,6.41,B
2021-06-21T14:06:33,200.0,6.41,B
2021-06-21T14:06:13,4000.0,6.41,B
2021-06-21T14:05:40,2000.0,6.41,B
2021-06-21T14:05:13,3000.0,6.41,B
2021-06-21T14:05:11,5000.0,6.41,B
2021-06-21T14:04:33,2000.0,6.41,B
2021-06-21T14:04:32,1100.0,6.41,B
2021-06-21T14:04:30,1600.0,6.41,B
2021-06-21T14:03:27,5000.0,6.41,B
2021-06-21T14:02:32,5000.0,6.41,B
2021-06-21T14:02:09,600.0,6.4,S
2021-06-21T14:00:30,5000.0,6.41,B
2021-06-21T13:59:50,100.0,6.41,B
2021-06-21T13:59:26,5000.0,6.41,B
2021-06-21T13:57:43,300.0,6.41,B
2021-06-21T13:56:39,2000.0,6.41,B
2021-06-21T13:55:27,500.0,6.41,B
2021-06-21T13:55:16,100.0,6.41,B
2021-06-21T13:54:59,10000.0,6.41,B
2021-06-21T13:52:33,500.0,6.41,B
2021-06-21T13:52:04,400.0,6.4,B
2021-06-21T13:50:20,500.0,6.4,S
2021-06-21T13:50:20,2100.0,6.4,S
2021-06-21T13:49:44,1000.0,6.4,S
2021-06-21T13:48:16,500.0,6.4,S
2021-06-21T13:46:39,1500.0,6.4,S
2021-06-21T13:46:33,2700.0,6.4,S
2021-06-21T13:46:33,2300.0,6.4,S
2021-06-21T13:46:09,100.0,6.4,S
2021-06-21T13:43:08,200.0,6.4,S
2021-06-21T13:42:34,100.0,6.4,S
2021-06-21T13:41:29,100.0,6.4,S
2021-06-21T13:41:29,900.0,6.4,S
2021-06-21T13:41:10,300.0,6.4,S
2021-06-21T13:41:00,400.0,6.4,S
2021-06-21T13:40:53,400.0,6.4,S
2021-06-21T13:40:01,100.0,6.4,S
2021-06-21T13:39:49,100.0,6.4,S
2021-06-21T13:39:28,200.0,6.4,S
2021-06-21T13:39:20,300.0,6.4,S
2021-06-21T13:38:06,2300.0,6.4,S
2021-06-21T13:37:22,500.0,6.41,B
2021-06-21T13:36:23,400.0,6.41,B
2021-06-21T13:36:00,2000.0,6.41,B
2021-06-21T13:35:54,2000.0,6.41,B
2021-06-21T13:32:42,100.0,6.41,B
2021-06-21T13:32:06,600.0,6.41,B
2021-06-21T13:31:57,100.0,6.4,S
2021-06-21T13:29:53,100.0,6.41,B
2021-06-21T13:29:50,100.0,6.41,B
2021-06-21T13:29:47,2000.0,6.41,B
2021-06-21T13:29:13,3200.0,6.41,B
2021-06-21T13:29:07,400.0,6.41,B
2021-06-21T13:29:02,3500.0,6.4,S
2021-06-21T13:28:34,200.0,6.41,B
2021-06-21T13:28:20,4000.0,6.4,S
2021-06-21T13:27:47,11800.0,6.41,S
2021-06-21T13:27:39,6400.0,6.41,S
2021-06-21T13:27:32,100.0,6.43,B
2021-06-21T13:24:18,100.0,6.43,B
2021-06-21T13:24:05,200.0,6.41,S
2021-06-21T13:23:54,200.0,6.41,S
2021-06-21T13:23:44,100.0,6.41,S
2021-06-21T13:23:31,100.0,6.41,S
2021-06-21T13:13:31,100.0,6.45,S
2021-06-21T13:11:55,1000.0,6.4,S
2021-06-21T13:11:55,400.0,6.4,S
2021-06-21T13:11:55,700.0,6.4,S
2021-06-21T13:11:55,800.0,6.4,S
2021-06-21T13:11:55,1100.0,6.4,S
2021-06-21T13:09:06,2800.0,6.4,S
2021-06-21T13:09:06,100.0,6.4,S
2021-06-21T13:09:06,5300.0,6.44,S
2021-06-21T13:09:06,1100.0,6.44,S
2021-06-21T13:09:05,3200.0,6.44,S
2021-06-21T13:09:05,4700.0,6.45,S
2021-06-21T13:07:24,1000.0,6.46,S
2021-06-21T13:07:24,1000.0,6.46,S
2021-06-21T13:05:37,1000.0,6.46,S
2021-06-21T13:04:46,2000.0,6.46,S
2021-06-21T13:00:09,500.0,6.47,S
2021-06-21T11:26:50,1100.0,6.47,S
2021-06-21T11:24:23,3000.0,6.47,S
2021-06-21T11:22:05,6000.0,6.48,S
2021-06-21T11:20:44,500.0,6.48,S
2021-06-21T11:20:35,100.0,6.48,S
2021-06-21T11:18:18,700.0,6.48,S
2021-06-21T11:17:46,300.0,6.5,B
2021-06-21T11:15:33,1000.0,6.5,B
2021-06-21T11:15:25,100.0,6.48,S
2021-06-21T11:14:28,200.0,6.48,B
2021-06-21T11:12:12,1000.0,6.46,S
2021-06-21T11:12:06,1000.0,6.5,B
2021-06-21T11:11:49,2000.0,6.5,B
2021-06-21T11:10:16,2000.0,6.49,B
2021-06-21T11:07:08,1700.0,6.49,B
2021-06-21T11:05:02,200.0,6.49,B
2021-06-21T10:59:50,5000.0,6.44,S
2021-06-21T10:59:03,200.0,6.45,B
2021-06-21T10:58:13,5000.0,6.44,S
2021-06-21T10:58:03,700.0,6.45,B
2021-06-21T10:57:47,1000.0,6.45,B
2021-06-21T10:57:32,500.0,6.44,S
2021-06-21T10:56:03,400.0,6.44,S
2021-06-21T10:55:55,100.0,6.45,B
2021-06-21T10:54:59,1000.0,6.45,B
2021-06-21T10:54:00,500.0,6.45,B
2021-06-21T10:52:42,500.0,6.45,B
2021-06-21T10:51:27,200.0,6.45,B
2021-06-21T10:51:13,2000.0,6.45,B
2021-06-21T10:48:32,1200.0,6.45,S
2021-06-21T10:48:32,4300.0,6.45,S
2021-06-21T10:48:32,300.0,6.48,S
2021-06-21T10:47:52,700.0,6.48,S
2021-06-21T10:44:47,300.0,6.49,B
2021-06-21T10:43:45,100.0,6.49,S
2021-06-21T10:43:37,10000.0,6.49,S
2021-06-21T10:41:11,100.0,6.49,S
2021-06-21T10:40:29,200.0,6.49,B
2021-06-21T10:40:29,100.0,6.49,B
2021-06-21T10:34:32,900.0,6.49,B
2021-06-21T10:34:32,2100.0,6.49,B
2021-06-21T10:33:47,400.0,6.46,S
2021-06-21T10:33:24,800.0,6.46,S
2021-06-21T10:31:53,1000.0,6.49,S
2021-06-21T10:31:49,200.0,6.49,S
2021-06-21T10:29:13,1100.0,6.49,B
2021-06-21T10:29:04,100.0,6.49,B
2021-06-21T10:28:01,200.0,6.5,B
2021-06-21T10:27:58,300.0,6.5,B
2021-06-21T10:27:34,100.0,6.5,S
2021-06-21T10:27:14,500.0,6.5,S
2021-06-21T10:26:26,500.0,6.5,S
2021-06-21T10:26:21,100.0,6.5,S
2021-06-21T10:26:14,2200.0,6.58,B
2021-06-21T10:26:00,5800.0,6.5,S
2021-06-21T10:25:21,12600.0,6.5,S
2021-06-21T10:25:21,2700.0,6.5,S
2021-06-21T10:25:20,700.0,6.55,S
2021-06-21T10:24:50,1700.0,6.58,B
2021-06-21T10:24:50,3300.0,6.58,B
2021-06-21T10:24:04,200.0,6.58,B
2021-06-21T10:23:54,100.0,6.58,B
2021-06-21T10:22:43,500.0,6.58,B
2021-06-21T10:22:10,600.0,6.59,B
2021-06-21T10:21:33,100.0,6.59,B
2021-06-21T10:19:54,3800.0,6.6,B
2021-06-21T10:19:54,200.0,6.6,B
2021-06-21T10:19:54,1100.0,6.6,B
2021-06-21T10:19:54,300.0,6.6,B
2021-06-21T10:19:54,500.0,6.6,B
2021-06-21T10:19:54,3800.0,6.6,B
2021-06-21T10:19:44,2000.0,6.59,B
2021-06-21T10:19:11,5000.0,6.55,S
2021-06-21T10:18:22,500.0,6.59,B
2021-06-21T10:17:56,100.0,6.59,B
2021-06-21T10:17:29,300.0,6.58,S
2021-06-21T10:16:52,100.0,6.59,B
2021-06-21T10:16:34,5000.0,6.5,S
2021-06-21T10:16:18,800.0,6.59,B
2021-06-21T10:16:18,200.0,6.58,S
2021-06-21T10:15:40,300.0,6.58,B
2021-06-21T10:15:10,300.0,6.55,B
2021-06-21T10:14:15,100.0,6.52,B
2021-06-21T10:13:46,100.0,6.5,S
2021-06-21T10:13:33,8800.0,6.5,B
2021-06-21T10:13:04,300.0,6.44,S
2021-06-21T10:13:01,6800.0,6.5,B
2021-06-21T10:13:01,1200.0,6.5,B
2021-06-21T10:12:46,5100.0,6.44,B
2021-06-21T10:12:25,1500.0,6.44,B
2021-06-21T10:11:36,500.0,6.44,B
2021-06-21T10:11:11,300.0,6.4,S
2021-06-21T10:10:40,500.0,6.4,B
2021-06-21T10:10:21,500.0,6.4,B
2021-06-21T10:10:21,400.0,6.4,B
2021-06-21T10:08:12,1800.0,6.38,B
2021-06-21T10:07:35,200.0,6.38,B
2021-06-21T10:07:03,400.0,6.38,B
2021-06-21T10:06:03,100.0,6.37,B
2021-06-21T10:05:27,400.0,6.34,B
2021-06-21T10:05:09,100.0,6.34,B
2021-06-21T10:05:06,200.0,6.34,B
2021-06-21T10:04:48,600.0,6.34,S
2021-06-21T10:04:32,300.0,6.34,S
2021-06-21T10:04:27,1400.0,6.34,S
2021-06-21T10:04:19,500.0,6.33,S
2021-06-21T10:04:19,1000.0,6.34,S
2021-06-21T10:04:19,300.0,6.34,S
2021-06-21T10:03:18,3100.0,6.33,S
2021-06-21T10:03:18,1900.0,6.33,S
2021-06-21T10:03:02,4000.0,6.35,B
2021-06-21T10:01:30,1000.0,6.34,S
2021-06-21T09:58:11,100.0,6.34,B
2021-06-21T09:57:55,200.0,6.34,B
2021-06-21T09:57:42,500.0,6.34,B
2021-06-21T09:57:42,100.0,6.34,B
2021-06-21T09:57:31,200.0,6.34,B
2021-06-21T09:57:25,300.0,6.34,B
2021-06-21T09:57:07,600.0,6.34,B
2021-06-21T09:55:50,1000.0,6.34,S
2021-06-21T09:54:33,1000.0,6.35,S
2021-06-21T09:54:09,1000.0,6.35,S
2021-06-21T09:53:30,1000.0,6.35,S
2021-06-21T09:43:34,100.0,6.35,B
2021-06-21T09:42:58,1500.0,6.35,B
2021-06-21T09:42:29,100.0,6.35,B
2021-06-21T09:41:24,1900.0,6.33,S
2021-06-21T09:40:36,200.0,6.33,S
2021-06-21T09:39:03,1300.0,6.33,S
2021-06-21T09:38:18,300.0,6.35,S
2021-06-21T09:38:18,5000.0,6.35,S
2021-06-21T09:37:34,21500.0,6.36,B
2021-06-21T09:37:19,1000.0,6.36,B
2021-06-21T09:36:05,5000.0,6.36,B
2021-06-21T09:34:28,2000.0,6.33,S
2021-06-21T09:33:26,2000.0,6.33,S
2021-06-21T09:33:12,300.0,6.36,B
2021-06-21T09:32:17,500.0,6.36,B
2021-06-21T09:32:01,4000.0,6.31,S
2021-06-21T09:32:01,11000.0,6.32,S
2021-06-21T09:30:08,1700.0,6.36,B
2021-06-21T09:28:19,800.0,6.36,B
2021-06-21T09:27:27,100.0,6.35,B
2021-06-21T09:27:10,100.0,6.35,B
2021-06-21T09:26:00,200.0,6.33,S
2021-06-21T09:25:51,4000.0,6.37,B
2021-06-21T09:24:36,1900.0,6.35,S
2021-06-21T09:23:43,3000.0,6.35,S
2021-06-21T09:23:25,1000.0,6.35,S
2021-06-21T09:22:47,100.0,6.35,B
2021-06-21T09:22:40,5000.0,6.35,B
2021-06-21T09:22:36,3000.0,6.3,S
2021-06-21T09:21:30,500.0,6.3,S
2021-06-21T09:21:05,600.0,6.3,S
2021-06-21T09:20:56,3000.0,6.3,S
2021-06-21T09:20:51,100.0,6.3,S
2021-06-21T09:19:41,200.0,6.3,S
2021-06-21T09:19:41,4700.0,6.3,S
2021-06-21T09:19:37,2000.0,6.35,S
2021-06-21T09:19:00,200.0,6.35,S
2021-06-21T09:18:54,500.0,6.35,S
2021-06-21T09:18:53,100.0,6.35,S
2021-06-21T09:18:47,300.0,6.35,S
2021-06-21T09:18:31,900.0,6.35,S
2021-06-21T09:18:26,2000.0,6.38,B
2021-06-21T09:18:20,1000.0,6.35,S
2021-06-21T09:18:18,200.0,6.38,B
2021-06-21T09:17:16,1500.0,6.35,S
2021-06-21T09:16:16,200.0,6.35,S
