tradingTime,volume,price,side
2021-06-21T14:17:58,1000.0,14.9,S
2021-06-21T14:17:55,800.0,14.9,B
2021-06-21T14:15:36,1000.0,14.9,B
2021-06-21T14:15:27,1000.0,14.9,B
2021-06-21T14:13:50,5000.0,14.9,B
2021-06-21T14:13:41,5000.0,14.9,B
2021-06-21T14:11:05,40500.0,14.9,S
2021-06-21T14:09:50,10000.0,14.9,S
2021-06-21T14:09:49,500.0,15.0,B
2021-06-21T14:09:32,100.0,14.9,S
2021-06-21T14:08:53,1500.0,14.9,S
2021-06-21T14:08:11,500.0,14.9,S
2021-06-21T14:06:25,1000.0,14.9,S
2021-06-21T14:05:08,100.0,14.9,S
2021-06-21T14:04:53,200.0,14.9,S
2021-06-21T14:03:25,2800.0,14.9,S
2021-06-21T14:02:44,2000.0,14.9,S
2021-06-21T14:00:05,200.0,14.9,S
2021-06-21T13:58:16,500.0,14.9,S
2021-06-21T13:57:31,100.0,14.9,S
2021-06-21T13:57:18,1000.0,14.9,S
2021-06-21T13:56:46,500.0,14.9,S
2021-06-21T13:55:53,1000.0,14.9,S
2021-06-21T13:54:54,1000.0,14.9,S
2021-06-21T13:54:12,500.0,14.9,S
2021-06-21T13:53:37,2000.0,14.9,S
2021-06-21T13:53:04,200.0,14.9,S
2021-06-21T13:52:21,5000.0,14.9,S
2021-06-21T13:51:42,500.0,14.9,S
2021-06-21T13:48:46,500.0,15.0,B
2021-06-21T13:46:31,200.0,15.0,B
2021-06-21T13:46:03,3100.0,15.0,B
2021-06-21T13:41:40,200.0,15.0,B
2021-06-21T13:40:35,1000.0,15.0,B
2021-06-21T13:38:31,2900.0,14.9,S
2021-06-21T13:37:40,900.0,15.0,B
2021-06-21T13:37:38,1000.0,14.9,S
2021-06-21T13:36:01,800.0,15.0,B
2021-06-21T13:33:34,1000.0,15.0,B
2021-06-21T13:32:52,5000.0,15.0,B
2021-06-21T13:32:07,1000.0,14.9,S
2021-06-21T13:31:51,100.0,15.0,B
2021-06-21T13:31:50,2500.0,15.0,B
2021-06-21T13:30:59,1000.0,15.0,B
2021-06-21T13:29:13,30000.0,15.0,B
2021-06-21T13:28:29,3000.0,14.9,S
2021-06-21T13:28:16,5000.0,14.9,S
2021-06-21T13:26:57,1000.0,15.0,B
2021-06-21T13:25:33,100.0,14.9,S
2021-06-21T13:24:55,100.0,14.9,S
2021-06-21T13:24:17,300.0,14.9,S
2021-06-21T13:23:32,2200.0,14.9,S
2021-06-21T13:23:18,2000.0,14.9,B
2021-06-21T13:22:58,200.0,14.9,B
2021-06-21T13:21:44,500.0,14.9,B
2021-06-21T13:20:14,500.0,14.9,B
2021-06-21T13:19:16,100.0,14.8,S
2021-06-21T13:19:08,500.0,14.9,B
2021-06-21T13:18:59,1700.0,14.9,B
2021-06-21T13:17:33,200.0,14.8,S
2021-06-21T13:15:00,2000.0,14.8,S
2021-06-21T13:12:09,100.0,14.8,S
2021-06-21T13:12:04,1000.0,14.8,S
2021-06-21T13:12:03,2000.0,14.8,S
2021-06-21T13:10:41,2000.0,14.8,S
2021-06-21T13:09:24,7000.0,14.8,S
2021-06-21T13:07:55,200.0,14.8,S
2021-06-21T13:07:36,500.0,14.8,S
2021-06-21T13:07:03,1000.0,14.8,S
2021-06-21T13:07:00,1000.0,14.9,B
2021-06-21T13:06:16,500.0,14.8,S
2021-06-21T13:05:16,100.0,14.8,S
2021-06-21T13:04:59,200.0,14.9,B
2021-06-21T13:01:12,100.0,14.9,S
2021-06-21T13:01:05,300.0,14.9,S
2021-06-21T13:01:00,1500.0,14.9,S
2021-06-21T13:00:49,2800.0,14.9,S
2021-06-21T13:00:13,500.0,14.9,S
2021-06-21T13:00:09,1000.0,14.9,S
2021-06-21T13:00:05,300.0,14.9,S
2021-06-21T13:00:05,1400.0,14.9,S
2021-06-21T13:00:04,200.0,14.9,S
2021-06-21T13:00:03,500.0,14.9,S
2021-06-21T13:00:03,3500.0,14.9,S
2021-06-21T13:00:01,8000.0,14.9,S
2021-06-21T11:29:53,500.0,14.9,S
2021-06-21T11:29:41,800.0,14.9,S
2021-06-21T11:29:26,500.0,14.9,S
2021-06-21T11:29:19,5000.0,14.9,S
2021-06-21T11:29:04,2000.0,14.9,S
2021-06-21T11:28:35,3000.0,14.9,S
2021-06-21T11:28:27,200.0,14.9,S
2021-06-21T11:28:07,500.0,14.9,S
2021-06-21T11:27:54,1000.0,14.9,S
2021-06-21T11:27:45,2000.0,14.9,S
2021-06-21T11:27:37,5000.0,14.9,S
2021-06-21T11:27:15,5000.0,14.9,S
2021-06-21T11:27:05,1200.0,14.9,S
2021-06-21T11:26:42,2000.0,14.9,S
2021-06-21T11:25:36,100.0,14.9,S
2021-06-21T11:25:25,2200.0,14.9,S
2021-06-21T11:25:14,1000.0,14.9,S
2021-06-21T11:25:05,1000.0,14.9,S
2021-06-21T11:24:14,2900.0,14.9,S
2021-06-21T11:23:19,10000.0,14.9,S
2021-06-21T11:23:03,1000.0,14.9,S
2021-06-21T11:22:49,2000.0,14.9,S
2021-06-21T11:21:41,1000.0,14.9,S
2021-06-21T11:21:21,100.0,15.0,B
2021-06-21T11:20:53,15000.0,14.9,S
2021-06-21T11:20:40,100.0,14.9,S
2021-06-21T11:18:48,5000.0,14.9,S
2021-06-21T11:18:29,500.0,15.0,B
2021-06-21T11:17:21,2000.0,14.9,S
2021-06-21T11:16:23,1000.0,15.0,B
2021-06-21T11:11:35,6000.0,15.0,B
2021-06-21T11:11:34,1000.0,14.9,S
2021-06-21T11:11:07,500.0,14.9,S
2021-06-21T11:10:02,5000.0,15.0,B
2021-06-21T11:09:30,10000.0,15.0,B
2021-06-21T11:09:29,500.0,14.9,S
2021-06-21T11:09:19,105500.0,15.0,S
2021-06-21T11:09:17,1000.0,15.0,S
2021-06-21T11:08:57,200.0,15.0,S
2021-06-21T11:08:52,10000.0,15.0,S
2021-06-21T11:08:35,100.0,15.0,S
2021-06-21T11:08:34,2000.0,15.0,S
2021-06-21T11:07:17,100.0,15.0,S
2021-06-21T11:06:56,1000.0,15.0,S
2021-06-21T11:05:39,1000.0,15.0,S
2021-06-21T11:04:56,2000.0,15.0,S
2021-06-21T11:04:40,100.0,15.0,S
2021-06-21T11:03:54,1000.0,15.0,S
2021-06-21T11:03:19,38500.0,15.0,S
2021-06-21T11:03:13,75000.0,15.0,S
2021-06-21T11:02:55,1000.0,15.0,S
2021-06-21T11:01:41,1000.0,15.0,S
2021-06-21T11:00:57,10000.0,15.0,S
2021-06-21T11:00:42,1200.0,15.0,S
2021-06-21T11:00:13,100.0,15.0,S
2021-06-21T10:59:10,1000.0,15.0,S
2021-06-21T10:58:52,5000.0,15.0,S
2021-06-21T10:55:47,1000.0,15.0,S
2021-06-21T10:53:24,500.0,15.0,S
2021-06-21T10:51:58,20000.0,15.1,B
2021-06-21T10:51:49,500.0,15.0,S
2021-06-21T10:48:24,300.0,15.1,B
2021-06-21T10:48:05,1000.0,15.0,S
2021-06-21T10:46:29,3000.0,15.0,S
2021-06-21T10:45:38,3000.0,15.0,S
2021-06-21T10:44:50,100.0,15.0,S
2021-06-21T10:44:30,200.0,15.0,S
2021-06-21T10:44:06,5000.0,15.0,S
2021-06-21T10:43:27,5000.0,15.0,S
2021-06-21T10:39:08,2000.0,15.1,B
2021-06-21T10:38:06,100.0,15.1,B
2021-06-21T10:37:57,1000.0,15.0,S
2021-06-21T10:37:13,100.0,15.1,B
2021-06-21T10:35:43,5000.0,15.1,B
2021-06-21T10:35:30,7800.0,15.1,S
2021-06-21T10:35:25,5000.0,15.1,S
2021-06-21T10:35:06,2000.0,15.1,S
2021-06-21T10:34:56,2000.0,15.1,S
2021-06-21T10:33:46,2000.0,15.1,S
2021-06-21T10:33:42,31200.0,15.1,B
2021-06-21T10:33:40,10000.0,15.0,S
2021-06-21T10:32:49,2000.0,15.1,B
2021-06-21T10:32:24,20000.0,15.0,S
2021-06-21T10:32:21,3000.0,15.1,B
2021-06-21T10:31:42,2000.0,15.1,B
2021-06-21T10:31:05,2000.0,15.1,B
2021-06-21T10:30:56,4000.0,15.1,B
2021-06-21T10:30:18,10500.0,15.1,S
2021-06-21T10:30:17,300.0,15.1,S
2021-06-21T10:30:07,15500.0,15.1,S
2021-06-21T10:30:06,300.0,15.1,S
2021-06-21T10:30:02,500.0,15.1,S
2021-06-21T10:29:32,600.0,15.1,S
2021-06-21T10:29:23,22300.0,15.1,B
2021-06-21T10:29:02,1000.0,15.1,B
2021-06-21T10:28:53,400.0,15.1,B
2021-06-21T10:28:35,100.0,15.1,B
2021-06-21T10:27:44,7200.0,15.1,S
2021-06-21T10:27:39,1000.0,15.1,S
2021-06-21T10:27:39,10000.0,15.1,S
2021-06-21T10:27:27,400.0,15.1,S
2021-06-21T10:27:19,5000.0,15.1,S
2021-06-21T10:27:01,500.0,15.1,S
2021-06-21T10:26:48,1000.0,15.1,S
2021-06-21T10:26:35,5000.0,15.1,S
2021-06-21T10:26:13,500.0,15.1,S
2021-06-21T10:26:06,500.0,15.1,S
2021-06-21T10:25:55,2500.0,15.1,S
2021-06-21T10:25:53,24500.0,15.1,B
2021-06-21T10:25:24,15000.0,15.0,S
2021-06-21T10:24:50,500.0,15.1,B
2021-06-21T10:24:43,500.0,15.1,B
2021-06-21T10:24:25,1000.0,15.1,B
2021-06-21T10:23:54,3300.0,15.1,B
2021-06-21T10:23:02,300.0,15.1,B
2021-06-21T10:21:53,600.0,15.0,S
2021-06-21T10:21:23,3200.0,15.1,B
2021-06-21T10:21:12,3000.0,15.1,B
2021-06-21T10:20:06,2000.0,15.1,B
2021-06-21T10:18:57,1500.0,15.1,B
2021-06-21T10:18:53,5000.0,15.1,B
2021-06-21T10:17:58,1000.0,15.1,B
2021-06-21T10:17:54,1900.0,15.1,S
2021-06-21T10:17:52,100.0,15.1,S
2021-06-21T10:17:35,1200.0,15.1,B
2021-06-21T10:17:23,6200.0,15.1,B
2021-06-21T10:17:11,3900.0,15.1,B
2021-06-21T10:17:01,10000.0,15.1,B
2021-06-21T10:16:49,200.0,15.1,B
2021-06-21T10:16:45,500.0,15.1,B
2021-06-21T10:16:00,500.0,15.1,B
2021-06-21T10:15:49,2000.0,15.1,B
2021-06-21T10:15:20,1000.0,15.1,B
2021-06-21T10:14:44,3000.0,15.2,B
2021-06-21T10:14:43,7300.0,15.1,S
2021-06-21T10:14:41,100.0,15.1,S
2021-06-21T10:14:37,3900.0,15.1,S
2021-06-21T10:14:32,100.0,15.1,S
2021-06-21T10:14:31,300.0,15.1,S
2021-06-21T10:14:30,5000.0,15.1,S
2021-06-21T10:14:19,500.0,15.1,S
2021-06-21T10:14:09,200.0,15.1,S
2021-06-21T10:13:56,1800.0,15.1,S
2021-06-21T10:13:55,100.0,15.2,B
2021-06-21T10:13:14,1400.0,15.2,B
2021-06-21T10:13:07,3000.0,15.2,B
2021-06-21T10:12:54,5000.0,15.2,B
2021-06-21T10:12:49,1000.0,15.2,B
2021-06-21T10:12:48,1500.0,15.1,S
2021-06-21T10:12:47,2000.0,15.2,B
2021-06-21T10:12:42,2000.0,15.2,B
2021-06-21T10:12:29,1400.0,15.2,B
2021-06-21T10:12:24,10000.0,15.2,B
2021-06-21T10:11:55,2800.0,15.1,S
2021-06-21T10:11:52,50000.0,15.1,B
2021-06-21T10:11:51,200.0,15.0,S
2021-06-21T10:11:34,422500.0,15.0,B
2021-06-21T10:10:17,200.0,14.9,B
2021-06-21T10:09:50,1000.0,14.9,B
2021-06-21T10:09:39,600.0,14.9,B
2021-06-21T10:09:35,1000.0,14.9,B
2021-06-21T10:09:28,400.0,14.9,B
2021-06-21T10:09:25,2000.0,14.9,B
2021-06-21T10:09:10,300.0,14.9,B
2021-06-21T10:09:07,2000.0,14.9,B
2021-06-21T10:09:05,2000.0,14.9,B
2021-06-21T10:08:52,1000.0,14.9,B
2021-06-21T10:08:45,6000.0,14.9,B
2021-06-21T10:08:38,20000.0,14.9,B
2021-06-21T10:08:08,5000.0,14.9,B
2021-06-21T10:08:04,200.0,14.9,B
2021-06-21T10:07:49,3000.0,14.9,B
2021-06-21T10:07:22,500.0,14.9,B
2021-06-21T10:07:14,25000.0,14.9,B
2021-06-21T10:06:55,2000.0,14.9,B
2021-06-21T10:06:35,1000.0,14.8,S
2021-06-21T10:06:12,17700.0,14.8,B
2021-06-21T10:05:41,5000.0,14.8,B
2021-06-21T10:05:34,5000.0,14.8,B
2021-06-21T10:04:52,100.0,14.7,S
2021-06-21T10:04:22,600.0,14.7,B
2021-06-21T10:04:12,1000.0,14.7,B
2021-06-21T10:04:01,100.0,14.7,B
2021-06-21T10:03:47,20000.0,14.7,B
2021-06-21T10:02:51,100.0,14.7,B
2021-06-21T10:02:44,1000.0,14.7,B
2021-06-21T10:02:35,1000.0,14.7,B
2021-06-21T10:02:34,100.0,14.7,B
2021-06-21T10:02:11,200.0,14.7,B
2021-06-21T10:01:49,5500.0,14.6,S
2021-06-21T09:59:31,5000.0,14.6,S
2021-06-21T09:58:20,100.0,14.7,B
2021-06-21T09:58:04,5000.0,14.6,S
2021-06-21T09:53:08,200.0,14.7,B
2021-06-21T09:52:33,1000.0,14.7,B
2021-06-21T09:49:04,4900.0,14.7,B
2021-06-21T09:48:14,100.0,14.7,B
2021-06-21T09:44:00,600.0,14.7,B
2021-06-21T09:42:57,1400.0,14.7,B
2021-06-21T09:40:17,100.0,14.6,S
2021-06-21T09:39:44,1600.0,14.7,B
2021-06-21T09:39:19,100.0,14.7,S
2021-06-21T09:39:03,2400.0,14.7,S
2021-06-21T09:38:06,200.0,14.7,B
2021-06-21T09:37:50,1000.0,14.7,B
2021-06-21T09:37:41,3400.0,14.7,B
2021-06-21T09:36:26,1000.0,14.8,B
2021-06-21T09:36:03,2000.0,14.8,B
2021-06-21T09:35:47,10000.0,14.8,B
2021-06-21T09:35:43,1700.0,14.7,S
2021-06-21T09:35:42,100.0,14.7,B
2021-06-21T09:35:28,1000.0,14.7,B
2021-06-21T09:35:10,500.0,14.6,S
2021-06-21T09:31:10,7200.0,14.6,S
2021-06-21T09:30:40,400.0,14.6,B
2021-06-21T09:29:56,200.0,14.6,B
2021-06-21T09:29:31,2000.0,14.5,S
2021-06-21T09:27:20,2000.0,14.5,S
2021-06-21T09:27:11,1000.0,14.6,B
2021-06-21T09:26:08,200.0,14.6,B
2021-06-21T09:24:49,200.0,14.6,B
2021-06-21T09:23:15,900.0,14.6,B
2021-06-21T09:23:08,100.0,14.6,B
2021-06-21T09:22:38,200.0,14.6,B
2021-06-21T09:22:34,3000.0,14.5,S
2021-06-21T09:22:01,6000.0,14.5,S
2021-06-21T09:21:52,2000.0,14.5,S
2021-06-21T09:21:29,100.0,14.5,S
2021-06-21T09:21:19,20000.0,14.5,S
2021-06-21T09:20:45,1000.0,14.5,S
2021-06-21T09:20:02,600.0,14.5,S
2021-06-21T09:19:39,1000.0,14.5,S
2021-06-21T09:19:32,300.0,14.6,B
2021-06-21T09:18:45,200.0,14.6,B
2021-06-21T09:18:28,4000.0,14.6,B
2021-06-21T09:17:51,1000.0,14.5,S
2021-06-21T09:15:54,300.0,14.6,B
2021-06-21T09:15:23,200.0,14.6,B
2021-06-21T09:15:09,600.0,14.6,B
2021-06-21T09:15:02,800.0,14.6,S
2021-06-21T09:14:27,1000.0,14.6,S
2021-06-21T09:14:09,100.0,14.7,B
2021-06-21T09:14:05,5000.0,14.6,S
2021-06-21T09:13:21,3000.0,14.7,B
2021-06-21T09:13:05,1000.0,14.6,S
2021-06-21T09:12:27,1000.0,14.6,S
2021-06-21T09:12:25,5200.0,14.6,S
2021-06-21T09:12:17,2000.0,14.6,S
2021-06-21T09:10:14,10000.0,14.6,S
2021-06-21T09:09:56,100.0,14.6,S
2021-06-21T09:07:14,100.0,14.6,S
2021-06-21T09:07:13,2300.0,14.6,S
2021-06-21T09:06:56,100.0,14.6,S
2021-06-21T09:06:49,2800.0,14.6,S
2021-06-21T09:06:40,1200.0,14.6,S
2021-06-21T09:06:20,200.0,14.6,S
2021-06-21T09:06:13,100.0,14.6,S
2021-06-21T09:06:08,500.0,14.6,S
2021-06-21T09:05:23,400.0,14.6,B
2021-06-21T09:04:28,1100.0,14.6,B
2021-06-21T09:04:27,1700.0,14.5,S
2021-06-21T09:02:53,500.0,14.6,B
2021-06-21T09:02:13,200.0,14.6,S
2021-06-21T09:01:53,10000.0,14.6,S
2021-06-21T09:00:42,300.0,14.6,B
2021-06-21T09:00:40,600.0,14.5,S
2021-06-21T09:00:32,200.0,14.5,S
2021-06-21T09:00:24,1000.0,14.5,S
2021-06-21T09:00:14,200.0,14.6,S
