tradingTime,volume,price,side
2021-06-21T14:24:01,300.0,24.5,S
2021-06-21T14:23:46,200.0,24.5,S
2021-06-21T14:23:46,500.0,24.5,S
2021-06-21T14:22:30,300.0,24.5,S
2021-06-21T14:21:40,300.0,24.5,S
2021-06-21T14:21:40,200.0,24.5,S
2021-06-21T14:21:08,30000.0,24.5,S
2021-06-21T14:21:01,100.0,24.55,B
2021-06-21T14:20:32,1000.0,24.5,S
2021-06-21T14:20:25,400.0,24.55,B
2021-06-21T14:20:19,600.0,24.55,B
2021-06-21T14:19:05,500.0,24.55,B
2021-06-21T14:18:43,500.0,24.55,B
2021-06-21T14:17:52,500.0,24.55,B
2021-06-21T14:17:44,2400.0,24.5,S
2021-06-21T14:17:43,200.0,24.55,B
2021-06-21T14:17:35,800.0,24.55,S
2021-06-21T14:16:55,600.0,24.5,S
2021-06-21T14:16:38,4100.0,24.5,S
2021-06-21T14:15:15,5900.0,24.55,S
2021-06-21T14:14:48,6900.0,24.6,B
2021-06-21T14:14:48,1300.0,24.6,B
2021-06-21T14:14:21,1000.0,24.6,B
2021-06-21T14:13:58,900.0,24.6,S
2021-06-21T14:13:58,2600.0,24.6,S
2021-06-21T14:13:58,4000.0,24.6,S
2021-06-21T14:12:25,100.0,24.65,S
2021-06-21T14:12:21,1700.0,24.65,S
2021-06-21T14:12:08,500.0,24.65,S
2021-06-21T14:09:03,700.0,24.65,S
2021-06-21T14:08:04,1400.0,24.6,S
2021-06-21T14:07:23,100.0,24.7,B
2021-06-21T14:05:33,2000.0,24.7,B
2021-06-21T14:03:30,100.0,24.7,B
2021-06-21T14:02:43,2000.0,24.7,B
2021-06-21T14:02:39,300.0,24.7,B
2021-06-21T14:02:24,200.0,24.7,B
2021-06-21T14:02:21,1800.0,24.7,B
2021-06-21T14:02:03,200.0,24.7,B
2021-06-21T13:59:16,1800.0,24.7,B
2021-06-21T13:58:35,500.0,24.7,B
2021-06-21T13:58:05,500.0,24.7,B
2021-06-21T13:56:28,500.0,24.7,B
2021-06-21T13:54:22,100.0,24.7,S
2021-06-21T13:53:37,1000.0,24.7,S
2021-06-21T13:52:23,400.0,24.7,S
2021-06-21T13:48:54,2000.0,24.8,B
2021-06-21T13:48:54,2000.0,24.8,B
2021-06-21T13:46:33,3000.0,24.8,B
2021-06-21T13:46:24,12000.0,24.8,B
2021-06-21T13:44:47,600.0,24.55,S
2021-06-21T13:44:47,600.0,24.6,S
2021-06-21T13:44:47,800.0,24.75,S
2021-06-21T13:44:32,500.0,24.85,S
2021-06-21T13:44:07,200.0,24.85,S
2021-06-21T13:43:51,300.0,24.85,S
2021-06-21T13:42:31,5100.0,24.95,B
2021-06-21T13:42:27,1800.0,24.9,S
2021-06-21T13:42:01,100.0,24.9,S
2021-06-21T13:41:19,400.0,24.95,B
2021-06-21T13:40:51,1000.0,24.9,B
2021-06-21T13:40:51,1100.0,24.9,B
2021-06-21T13:40:12,1000.0,24.9,B
2021-06-21T13:39:50,500.0,24.85,B
2021-06-21T13:39:26,2000.0,24.8,S
2021-06-21T13:39:12,8400.0,24.9,B
2021-06-21T13:39:11,1600.0,24.85,B
2021-06-21T13:38:57,500.0,24.8,S
2021-06-21T13:38:57,500.0,24.8,S
2021-06-21T13:38:15,500.0,24.85,B
2021-06-21T13:38:11,400.0,24.85,B
2021-06-21T13:37:22,500.0,24.8,B
2021-06-21T13:37:02,3800.0,24.8,B
2021-06-21T13:36:50,15000.0,24.8,B
2021-06-21T13:36:45,11500.0,24.8,B
2021-06-21T13:36:12,3000.0,24.75,B
2021-06-21T13:35:46,10000.0,24.75,B
2021-06-21T13:35:06,200.0,24.7,S
2021-06-21T13:34:48,1000.0,24.7,B
2021-06-21T13:34:31,1100.0,24.6,B
2021-06-21T13:34:31,1500.0,24.6,B
2021-06-21T13:33:31,500.0,24.55,S
2021-06-21T13:32:37,400.0,24.55,B
2021-06-21T13:31:34,300.0,24.5,S
2021-06-21T13:31:34,200.0,24.5,S
2021-06-21T13:31:21,500.0,24.55,B
2021-06-21T13:31:14,1000.0,24.55,B
2021-06-21T13:31:10,1200.0,24.55,B
2021-06-21T13:30:54,500.0,24.55,B
2021-06-21T13:30:54,1000.0,24.55,B
2021-06-21T13:30:48,100.0,24.55,B
2021-06-21T13:30:39,1000.0,24.55,B
2021-06-21T13:30:33,800.0,24.55,B
2021-06-21T13:29:58,100.0,24.55,B
2021-06-21T13:29:37,800.0,24.5,B
2021-06-21T13:29:33,300.0,24.5,B
2021-06-21T13:29:33,2000.0,24.5,B
2021-06-21T13:29:32,2700.0,24.5,B
2021-06-21T13:28:53,700.0,24.5,B
2021-06-21T13:28:31,1000.0,24.5,B
2021-06-21T13:28:00,300.0,24.4,B
2021-06-21T13:28:00,4500.0,24.4,B
2021-06-21T13:27:52,200.0,24.4,B
2021-06-21T13:27:33,400.0,24.4,B
2021-06-21T13:27:01,100.0,24.35,S
2021-06-21T13:26:30,2800.0,24.35,B
2021-06-21T13:26:24,500.0,24.3,B
2021-06-21T13:26:03,400.0,24.3,B
2021-06-21T13:26:01,5800.0,24.3,B
2021-06-21T13:25:39,1000.0,24.3,B
2021-06-21T13:25:34,100.0,24.3,B
2021-06-21T13:25:05,1000.0,24.3,B
2021-06-21T13:25:02,1700.0,24.3,B
2021-06-21T13:24:55,200.0,24.3,B
2021-06-21T13:24:54,4600.0,24.3,B
2021-06-21T13:24:54,1000.0,24.3,B
2021-06-21T13:24:49,100.0,24.3,B
2021-06-21T13:23:57,100.0,24.3,S
2021-06-21T13:23:54,500.0,24.3,S
2021-06-21T13:23:26,200.0,24.3,S
2021-06-21T13:23:04,1000.0,24.3,S
2021-06-21T13:22:52,300.0,24.3,S
2021-06-21T13:22:47,1000.0,24.3,S
2021-06-21T13:22:44,1000.0,24.3,S
2021-06-21T13:22:42,500.0,24.3,S
2021-06-21T13:22:40,100.0,24.3,S
2021-06-21T13:22:20,5300.0,24.3,S
2021-06-21T13:22:16,4200.0,24.3,S
2021-06-21T13:22:03,1600.0,24.3,S
2021-06-21T13:21:57,5000.0,24.3,S
2021-06-21T13:21:51,5300.0,24.3,S
2021-06-21T13:21:47,1000.0,24.3,S
2021-06-21T13:21:24,500.0,24.3,S
2021-06-21T13:21:22,300.0,24.3,S
2021-06-21T13:20:52,7000.0,24.3,S
2021-06-21T13:20:43,300.0,24.3,S
2021-06-21T13:20:35,4500.0,24.35,B
2021-06-21T13:20:35,500.0,24.35,B
2021-06-21T13:20:09,1000.0,24.3,S
2021-06-21T13:20:00,400.0,24.3,S
2021-06-21T13:19:49,2000.0,24.3,S
2021-06-21T13:19:27,500.0,24.35,B
2021-06-21T13:19:15,100.0,24.3,S
2021-06-21T13:19:15,800.0,24.3,S
2021-06-21T13:19:14,9000.0,24.3,S
2021-06-21T13:19:02,500.0,24.3,S
2021-06-21T13:18:52,500.0,24.35,B
2021-06-21T13:18:51,600.0,24.35,B
2021-06-21T13:18:51,500.0,24.35,B
2021-06-21T13:18:46,3000.0,24.35,B
2021-06-21T13:17:59,100.0,24.35,B
2021-06-21T13:17:41,200.0,24.35,S
2021-06-21T13:17:41,100.0,24.35,S
2021-06-21T13:17:20,1000.0,24.35,S
2021-06-21T13:17:20,800.0,24.3,S
2021-06-21T13:17:18,100.0,24.35,S
2021-06-21T13:16:35,200.0,24.35,S
2021-06-21T13:15:28,200.0,24.35,S
2021-06-21T13:15:28,1000.0,24.35,S
2021-06-21T13:15:28,500.0,24.35,S
2021-06-21T13:15:21,5000.0,24.4,B
2021-06-21T13:15:17,1000.0,24.4,B
2021-06-21T13:15:16,2000.0,24.35,S
2021-06-21T13:15:03,200.0,24.4,B
2021-06-21T13:14:36,100.0,24.4,B
2021-06-21T13:14:32,1000.0,24.35,S
2021-06-21T13:14:25,500.0,24.4,B
2021-06-21T13:13:36,100.0,24.4,S
2021-06-21T13:10:28,800.0,24.4,S
2021-06-21T13:10:05,400.0,24.4,S
2021-06-21T13:10:02,200.0,24.4,S
2021-06-21T13:09:31,100.0,24.4,S
2021-06-21T13:09:30,2500.0,24.4,S
2021-06-21T13:09:28,100.0,24.4,S
2021-06-21T13:09:28,1000.0,24.4,S
2021-06-21T13:09:28,2300.0,24.4,S
2021-06-21T13:09:28,600.0,24.4,S
2021-06-21T13:08:18,1000.0,24.4,S
2021-06-21T13:07:26,700.0,24.4,S
2021-06-21T13:07:26,900.0,24.4,S
2021-06-21T13:07:26,400.0,24.45,S
2021-06-21T13:06:05,100.0,24.45,S
2021-06-21T13:05:48,500.0,24.5,B
2021-06-21T13:05:48,500.0,24.5,B
2021-06-21T13:05:11,500.0,24.45,S
2021-06-21T13:04:32,1000.0,24.45,S
2021-06-21T13:03:52,1000.0,24.45,S
2021-06-21T13:03:38,300.0,24.45,S
2021-06-21T13:03:38,2000.0,24.5,S
2021-06-21T13:03:38,3100.0,24.5,S
2021-06-21T13:03:38,1600.0,24.5,S
2021-06-21T13:03:15,1000.0,24.5,S
2021-06-21T13:02:47,500.0,24.55,B
2021-06-21T13:02:33,3000.0,24.5,S
2021-06-21T13:02:14,700.0,24.5,S
2021-06-21T13:02:14,300.0,24.5,S
2021-06-21T13:01:17,300.0,24.55,B
2021-06-21T13:00:53,5800.0,24.5,S
2021-06-21T13:00:41,500.0,24.55,B
2021-06-21T13:00:35,100.0,24.55,B
2021-06-21T13:00:29,2000.0,24.55,B
2021-06-21T13:00:27,400.0,24.55,B
2021-06-21T13:00:27,1500.0,24.55,B
2021-06-21T13:00:15,10000.0,24.5,S
2021-06-21T11:29:16,1000.0,24.55,S
2021-06-21T11:29:07,900.0,24.55,S
2021-06-21T11:29:01,400.0,24.55,S
2021-06-21T11:28:57,1500.0,24.55,S
2021-06-21T11:28:09,7800.0,24.55,S
2021-06-21T11:27:48,300.0,24.55,S
2021-06-21T11:27:45,500.0,24.6,B
2021-06-21T11:27:30,2000.0,24.55,S
2021-06-21T11:27:17,500.0,24.6,B
2021-06-21T11:26:58,2000.0,24.55,S
2021-06-21T11:26:39,500.0,24.6,B
2021-06-21T11:26:27,100.0,24.6,B
2021-06-21T11:26:13,1000.0,24.6,B
2021-06-21T11:25:30,1200.0,24.6,B
2021-06-21T11:25:09,4200.0,24.6,S
2021-06-21T11:25:03,500.0,24.6,S
2021-06-21T11:24:05,400.0,24.6,S
2021-06-21T11:23:17,4200.0,24.6,S
2021-06-21T11:23:15,2800.0,24.6,S
2021-06-21T11:23:15,1100.0,24.6,S
2021-06-21T11:23:15,500.0,24.6,S
2021-06-21T11:23:15,5600.0,24.6,S
2021-06-21T11:23:03,2000.0,24.6,S
2021-06-21T11:22:26,5000.0,24.6,S
2021-06-21T11:21:02,1300.0,24.6,S
2021-06-21T11:18:00,100.0,24.8,B
2021-06-21T11:17:10,300.0,24.65,S
2021-06-21T11:17:10,500.0,24.65,S
2021-06-21T11:17:10,4100.0,24.65,S
2021-06-21T11:17:10,3100.0,24.7,S
2021-06-21T11:15:41,2800.0,24.8,B
2021-06-21T11:13:27,2000.0,24.7,S
2021-06-21T11:12:55,800.0,24.7,S
2021-06-21T11:12:07,200.0,24.7,S
2021-06-21T11:10:04,100.0,24.7,S
2021-06-21T11:08:24,600.0,24.8,S
2021-06-21T11:08:00,500.0,24.85,B
2021-06-21T11:06:54,7900.0,24.8,S
2021-06-21T11:04:08,300.0,24.9,B
2021-06-21T11:03:27,200.0,24.9,S
2021-06-21T11:01:07,1500.0,24.9,B
2021-06-21T11:00:07,300.0,24.8,S
2021-06-21T10:59:29,1000.0,24.9,B
2021-06-21T10:58:52,100.0,24.9,B
2021-06-21T10:58:38,200.0,24.8,B
2021-06-21T10:58:38,1200.0,24.8,B
2021-06-21T10:58:38,1300.0,24.8,B
2021-06-21T10:57:53,100.0,24.65,B
2021-06-21T10:57:05,100.0,24.65,B
2021-06-21T10:57:02,1000.0,24.65,B
2021-06-21T10:56:45,100.0,24.65,B
2021-06-21T10:56:42,400.0,24.65,B
2021-06-21T10:56:11,5000.0,24.65,B
2021-06-21T10:56:04,600.0,24.6,S
2021-06-21T10:55:56,500.0,24.6,S
2021-06-21T10:55:55,400.0,24.6,S
2021-06-21T10:55:45,200.0,24.6,S
2021-06-21T10:55:27,1100.0,24.6,S
2021-06-21T10:55:21,200.0,24.6,S
2021-06-21T10:54:48,100.0,24.65,B
2021-06-21T10:54:38,1000.0,24.65,B
2021-06-21T10:54:32,1100.0,24.6,S
2021-06-21T10:54:32,900.0,24.6,S
2021-06-21T10:54:15,5000.0,24.65,B
2021-06-21T10:53:47,800.0,24.65,S
2021-06-21T10:53:07,200.0,24.65,S
2021-06-21T10:51:35,1500.0,24.65,S
2021-06-21T10:49:13,500.0,24.65,S
2021-06-21T10:48:21,100.0,24.8,B
2021-06-21T10:47:56,900.0,24.7,S
2021-06-21T10:47:15,900.0,24.7,B
2021-06-21T10:46:25,400.0,24.7,B
2021-06-21T10:46:02,2500.0,24.7,B
2021-06-21T10:44:08,1500.0,24.65,B
2021-06-21T10:44:01,500.0,24.6,S
2021-06-21T10:42:16,100.0,24.6,S
2021-06-21T10:40:53,600.0,24.6,S
2021-06-21T10:40:06,100.0,24.6,S
2021-06-21T10:40:05,19700.0,24.6,S
2021-06-21T10:38:45,200.0,24.6,S
2021-06-21T10:36:44,2000.0,24.6,S
2021-06-21T10:35:54,800.0,24.5,S
2021-06-21T10:35:54,4200.0,24.55,S
2021-06-21T10:35:44,5000.0,24.55,S
2021-06-21T10:35:31,200.0,24.5,S
2021-06-21T10:35:31,9800.0,24.5,S
2021-06-21T10:35:31,5000.0,24.5,S
2021-06-21T10:35:23,8500.0,24.5,S
2021-06-21T10:35:23,6700.0,24.5,S
2021-06-21T10:35:23,2000.0,24.5,S
2021-06-21T10:35:23,700.0,24.5,S
2021-06-21T10:35:22,2100.0,24.5,S
2021-06-21T10:35:12,200.0,24.5,S
2021-06-21T10:35:12,400.0,24.5,S
2021-06-21T10:35:12,1100.0,24.55,S
2021-06-21T10:35:04,1000.0,24.6,B
2021-06-21T10:34:53,3500.0,24.6,B
2021-06-21T10:34:41,100.0,24.55,S
2021-06-21T10:34:10,1000.0,24.6,S
2021-06-21T10:33:34,1000.0,24.6,S
2021-06-21T10:33:11,500.0,24.6,S
2021-06-21T10:32:59,500.0,24.65,S
2021-06-21T10:32:48,300.0,24.7,S
2021-06-21T10:32:28,500.0,24.7,S
2021-06-21T10:32:18,200.0,24.6,S
2021-06-21T10:32:12,500.0,24.6,S
2021-06-21T10:31:59,7000.0,24.6,S
2021-06-21T10:31:59,3300.0,24.6,S
2021-06-21T10:31:59,1000.0,24.6,S
2021-06-21T10:31:58,500.0,24.65,S
2021-06-21T10:31:35,1600.0,24.7,S
2021-06-21T10:29:35,400.0,24.8,S
2021-06-21T10:29:25,300.0,24.8,S
2021-06-21T10:29:01,300.0,24.8,B
2021-06-21T10:28:58,1500.0,24.7,S
2021-06-21T10:27:57,100.0,24.8,S
2021-06-21T10:27:53,200.0,24.7,S
2021-06-21T10:27:41,300.0,24.7,B
2021-06-21T10:27:37,200.0,24.7,B
2021-06-21T10:27:27,1400.0,24.7,B
2021-06-21T10:26:59,8600.0,24.7,S
2021-06-21T10:26:43,500.0,24.8,S
2021-06-21T10:26:19,1900.0,24.8,S
2021-06-21T10:26:16,8100.0,24.8,S
2021-06-21T10:26:12,1000.0,24.8,S
2021-06-21T10:25:12,1000.0,24.8,S
2021-06-21T10:24:59,100.0,24.9,S
2021-06-21T10:24:21,500.0,24.9,S
2021-06-21T10:24:09,100.0,24.95,S
2021-06-21T10:24:06,400.0,24.95,S
2021-06-21T10:23:45,800.0,24.95,B
2021-06-21T10:22:07,500.0,24.95,S
2021-06-21T10:21:51,600.0,24.95,S
2021-06-21T10:21:39,2000.0,24.95,S
2021-06-21T10:21:36,500.0,25.0,B
2021-06-21T10:20:30,200.0,25.0,B
2021-06-21T10:20:23,200.0,24.6,S
2021-06-21T10:20:23,1200.0,24.6,S
2021-06-21T10:20:23,4200.0,24.6,S
2021-06-21T10:20:23,2300.0,24.65,S
2021-06-21T10:20:23,2300.0,24.7,S
2021-06-21T10:20:23,3000.0,24.7,S
2021-06-21T10:20:23,4000.0,24.8,S
2021-06-21T10:20:23,11800.0,24.8,S
2021-06-21T10:19:53,1000.0,24.9,S
2021-06-21T10:19:25,600.0,24.9,S
2021-06-21T10:18:09,2000.0,25.0,B
2021-06-21T10:17:22,1000.0,25.0,B
2021-06-21T10:16:48,6000.0,25.0,S
2021-06-21T10:16:21,1000.0,25.0,S
2021-06-21T10:15:26,1400.0,24.9,S
2021-06-21T10:15:26,3000.0,24.9,S
2021-06-21T10:15:26,4600.0,24.95,S
2021-06-21T10:15:17,400.0,25.0,S
2021-06-21T10:14:39,200.0,25.2,B
2021-06-21T10:14:02,500.0,25.2,B
2021-06-21T10:13:47,2000.0,25.0,S
2021-06-21T10:13:39,100.0,25.0,B
2021-06-21T10:13:18,1000.0,25.0,B
2021-06-21T10:13:14,2000.0,25.0,B
2021-06-21T10:13:13,3700.0,25.0,B
2021-06-21T10:12:49,5000.0,25.0,B
2021-06-21T10:12:29,500.0,25.0,B
2021-06-21T10:11:28,2100.0,25.0,S
2021-06-21T10:11:26,500.0,25.0,S
2021-06-21T10:11:21,500.0,25.0,S
2021-06-21T10:11:05,200.0,25.0,S
2021-06-21T10:10:55,1000.0,25.0,S
2021-06-21T10:10:37,700.0,25.0,B
2021-06-21T10:10:37,9000.0,25.0,B
2021-06-21T10:10:30,100.0,25.0,B
2021-06-21T10:10:30,3000.0,25.0,B
2021-06-21T10:10:11,500.0,25.0,B
2021-06-21T10:10:02,100.0,24.95,S
2021-06-21T10:09:56,1000.0,25.0,B
2021-06-21T10:09:12,100.0,25.0,B
2021-06-21T10:08:52,8000.0,25.0,B
2021-06-21T10:08:39,3000.0,25.0,B
2021-06-21T10:08:12,1000.0,25.0,B
2021-06-21T10:08:02,1000.0,25.0,B
2021-06-21T10:08:01,1000.0,25.0,B
2021-06-21T10:07:57,400.0,25.0,B
2021-06-21T10:07:26,8900.0,25.0,B
2021-06-21T10:07:26,300.0,25.0,B
2021-06-21T10:06:21,100.0,24.9,S
2021-06-21T10:05:50,4800.0,24.9,S
2021-06-21T10:04:59,1100.0,24.8,B
2021-06-21T10:04:46,100.0,24.8,B
2021-06-21T10:04:44,2000.0,24.8,B
2021-06-21T10:04:43,300.0,24.8,B
2021-06-21T10:04:36,2000.0,24.8,B
2021-06-21T10:04:10,200.0,24.8,B
2021-06-21T10:03:55,100.0,24.8,B
2021-06-21T10:03:40,10000.0,24.8,B
2021-06-21T10:03:29,1300.0,24.7,B
2021-06-21T10:03:03,200.0,24.7,B
2021-06-21T10:02:34,200.0,24.65,B
2021-06-21T10:02:12,1500.0,24.65,B
2021-06-21T10:02:02,500.0,24.65,B
2021-06-21T10:01:59,500.0,24.65,B
2021-06-21T10:01:46,1000.0,24.65,S
2021-06-21T10:01:41,300.0,24.65,S
2021-06-21T10:01:34,100.0,24.65,S
2021-06-21T10:01:10,500.0,24.65,B
2021-06-21T10:00:22,600.0,24.65,B
2021-06-21T10:00:10,1500.0,24.6,S
2021-06-21T09:59:55,100.0,24.6,S
2021-06-21T09:59:44,100.0,24.5,S
2021-06-21T09:59:44,3800.0,24.5,S
2021-06-21T09:59:31,1000.0,24.6,B
2021-06-21T09:59:24,1400.0,24.65,B
2021-06-21T09:59:17,300.0,24.6,B
2021-06-21T09:59:04,500.0,24.6,B
2021-06-21T09:59:03,5500.0,24.6,B
2021-06-21T09:58:54,14500.0,24.6,B
2021-06-21T09:58:49,1000.0,24.6,B
2021-06-21T09:58:49,100.0,24.6,B
2021-06-21T09:58:48,4400.0,24.6,B
2021-06-21T09:58:47,2500.0,24.6,B
2021-06-21T09:58:30,1000.0,24.6,B
2021-06-21T09:57:55,2000.0,24.6,B
2021-06-21T09:57:36,2600.0,24.6,B
2021-06-21T09:57:32,300.0,24.5,S
2021-06-21T09:57:32,1700.0,24.5,S
2021-06-21T09:57:24,5000.0,24.6,B
2021-06-21T09:57:09,1000.0,24.5,S
2021-06-21T09:57:09,9000.0,24.5,S
2021-06-21T09:57:00,500.0,24.6,B
2021-06-21T09:56:45,500.0,24.6,B
2021-06-21T09:56:28,1000.0,24.6,B
2021-06-21T09:56:16,500.0,24.6,B
2021-06-21T09:55:49,100.0,24.6,B
2021-06-21T09:55:40,1000.0,24.6,B
2021-06-21T09:55:38,2000.0,24.6,B
2021-06-21T09:55:29,900.0,24.6,B
2021-06-21T09:55:27,1000.0,24.5,S
2021-06-21T09:55:19,1400.0,24.6,B
2021-06-21T09:55:03,800.0,24.6,B
2021-06-21T09:54:54,2100.0,24.6,B
2021-06-21T09:54:39,2000.0,24.6,B
2021-06-21T09:54:33,200.0,24.6,B
2021-06-21T09:54:26,100.0,24.6,B
2021-06-21T09:54:25,300.0,24.6,B
2021-06-21T09:54:06,1700.0,24.6,S
2021-06-21T09:54:03,200.0,24.65,B
2021-06-21T09:53:52,400.0,24.6,S
2021-06-21T09:53:50,4000.0,24.6,S
2021-06-21T09:53:47,100.0,24.6,S
2021-06-21T09:53:40,1000.0,24.6,S
2021-06-21T09:53:23,1000.0,24.6,S
2021-06-21T09:53:20,3100.0,24.6,S
2021-06-21T09:53:20,1200.0,24.6,S
2021-06-21T09:53:20,1800.0,24.6,S
2021-06-21T09:53:06,5200.0,24.6,S
2021-06-21T09:53:05,300.0,24.6,S
2021-06-21T09:53:02,2000.0,24.6,S
2021-06-21T09:53:01,4300.0,24.6,S
2021-06-21T09:52:43,10000.0,24.6,S
2021-06-21T09:52:26,100.0,24.65,S
2021-06-21T09:52:19,600.0,24.65,S
2021-06-21T09:52:16,100.0,24.7,B
2021-06-21T09:52:11,100.0,24.7,B
2021-06-21T09:52:10,100.0,24.7,B
2021-06-21T09:51:55,100.0,24.7,B
2021-06-21T09:51:53,100.0,24.65,S
2021-06-21T09:51:38,1000.0,24.7,B
2021-06-21T09:51:37,100.0,24.7,B
2021-06-21T09:51:34,500.0,24.7,B
2021-06-21T09:51:18,100.0,24.7,B
2021-06-21T09:51:10,200.0,24.65,S
2021-06-21T09:51:03,4000.0,24.7,B
2021-06-21T09:50:24,200.0,24.7,B
2021-06-21T09:50:14,20000.0,24.6,S
2021-06-21T09:50:08,2600.0,24.7,B
2021-06-21T09:50:04,3100.0,24.65,S
2021-06-21T09:49:29,2900.0,24.7,S
2021-06-21T09:49:03,1000.0,24.75,B
2021-06-21T09:48:50,800.0,24.75,S
2021-06-21T09:48:01,1000.0,24.75,S
2021-06-21T09:47:47,100.0,24.75,S
2021-06-21T09:47:31,100.0,24.75,S
2021-06-21T09:47:00,500.0,24.75,S
2021-06-21T09:45:51,200.0,24.8,B
2021-06-21T09:45:16,2000.0,24.8,S
2021-06-21T09:45:01,500.0,24.8,S
2021-06-21T09:44:53,400.0,24.8,S
2021-06-21T09:44:43,500.0,24.8,S
2021-06-21T09:44:36,1100.0,24.8,S
2021-06-21T09:44:30,5200.0,24.8,S
2021-06-21T09:44:07,200.0,25.0,B
2021-06-21T09:44:03,800.0,24.8,S
2021-06-21T09:44:03,200.0,24.9,S
2021-06-21T09:43:10,2000.0,24.8,S
2021-06-21T09:43:10,1000.0,24.8,S
2021-06-21T09:43:09,2000.0,24.8,S
2021-06-21T09:43:05,100.0,24.6,S
2021-06-21T09:42:46,600.0,24.6,S
2021-06-21T09:42:46,1000.0,24.6,S
2021-06-21T09:42:46,1600.0,24.6,S
2021-06-21T09:42:46,900.0,24.6,S
2021-06-21T09:42:46,700.0,24.7,S
2021-06-21T09:42:46,3200.0,24.7,S
2021-06-21T09:42:21,6700.0,24.7,S
2021-06-21T09:42:21,5000.0,24.7,S
2021-06-21T09:42:18,10000.0,24.7,S
2021-06-21T09:42:06,100.0,24.7,S
2021-06-21T09:41:59,3000.0,24.7,S
2021-06-21T09:41:46,100.0,24.7,S
2021-06-21T09:41:45,10000.0,24.7,S
2021-06-21T09:41:38,3300.0,24.8,S
2021-06-21T09:41:38,6700.0,24.8,S
2021-06-21T09:41:35,1200.0,24.8,S
2021-06-21T09:41:24,1500.0,24.8,S
2021-06-21T09:41:16,1800.0,24.8,S
2021-06-21T09:41:16,1000.0,24.8,S
2021-06-21T09:41:16,2000.0,24.8,S
2021-06-21T09:41:16,200.0,24.95,S
2021-06-21T09:41:05,2500.0,25.0,S
2021-06-21T09:41:05,500.0,25.0,S
2021-06-21T09:41:04,5600.0,25.0,S
2021-06-21T09:40:53,20000.0,25.0,S
2021-06-21T09:40:19,3000.0,25.0,S
2021-06-21T09:40:19,500.0,25.1,S
2021-06-21T09:39:16,1200.0,25.2,S
2021-06-21T09:39:09,200.0,25.2,S
2021-06-21T09:38:50,200.0,25.2,S
2021-06-21T09:38:50,200.0,25.2,S
2021-06-21T09:38:44,100.0,25.2,S
2021-06-21T09:38:42,5000.0,25.2,S
2021-06-21T09:38:40,500.0,25.2,S
2021-06-21T09:38:13,1000.0,25.2,S
2021-06-21T09:38:07,100.0,25.2,S
2021-06-21T09:38:07,1500.0,25.4,B
2021-06-21T09:38:03,200.0,25.2,S
2021-06-21T09:38:01,2000.0,25.2,S
2021-06-21T09:38:00,5000.0,25.2,S
2021-06-21T09:37:53,2000.0,25.2,S
2021-06-21T09:37:45,500.0,25.2,S
2021-06-21T09:37:36,100.0,25.2,S
2021-06-21T09:37:21,600.0,25.2,S
2021-06-21T09:37:03,800.0,25.2,S
2021-06-21T09:36:47,3500.0,25.2,S
2021-06-21T09:36:36,1000.0,25.3,B
2021-06-21T09:36:10,10900.0,25.3,B
2021-06-21T09:36:10,2000.0,25.3,B
2021-06-21T09:35:32,400.0,25.3,B
2021-06-21T09:35:15,100.0,25.3,B
2021-06-21T09:34:52,500.0,25.2,S
2021-06-21T09:33:47,300.0,25.2,B
2021-06-21T09:31:46,200.0,25.2,B
2021-06-21T09:31:43,200.0,25.2,B
2021-06-21T09:31:32,200.0,25.2,B
2021-06-21T09:30:50,1000.0,25.2,B
2021-06-21T09:30:40,1000.0,25.2,B
2021-06-21T09:30:37,1000.0,25.1,S
2021-06-21T09:30:26,500.0,25.2,B
2021-06-21T09:29:58,500.0,25.2,B
2021-06-21T09:29:04,1400.0,25.2,B
2021-06-21T09:28:50,7000.0,25.2,B
2021-06-21T09:28:45,400.0,25.2,B
2021-06-21T09:28:32,800.0,25.2,B
2021-06-21T09:28:21,200.0,25.2,B
2021-06-21T09:27:47,200.0,25.2,B
2021-06-21T09:27:26,500.0,25.0,S
2021-06-21T09:27:16,6700.0,25.0,B
2021-06-21T09:27:12,700.0,25.0,B
2021-06-21T09:26:54,100.0,25.0,B
2021-06-21T09:26:52,15000.0,24.85,S
2021-06-21T09:26:41,1500.0,25.0,B
2021-06-21T09:26:36,100.0,25.0,B
2021-06-21T09:26:33,700.0,25.0,B
2021-06-21T09:26:28,2000.0,25.0,B
2021-06-21T09:26:13,1000.0,25.0,B
2021-06-21T09:25:58,3000.0,25.0,B
2021-06-21T09:25:47,300.0,24.95,B
2021-06-21T09:25:47,1000.0,25.0,B
2021-06-21T09:25:46,1000.0,24.95,B
2021-06-21T09:25:20,1800.0,24.95,B
2021-06-21T09:25:20,100.0,24.9,S
2021-06-21T09:25:13,100.0,24.9,S
2021-06-21T09:24:49,500.0,24.9,S
2021-06-21T09:24:49,300.0,24.9,S
2021-06-21T09:24:40,1000.0,24.9,S
2021-06-21T09:24:12,4400.0,24.9,B
2021-06-21T09:23:52,2000.0,24.9,B
2021-06-21T09:23:45,2100.0,24.85,B
2021-06-21T09:23:34,400.0,24.85,B
2021-06-21T09:23:02,500.0,24.8,S
2021-06-21T09:22:56,200.0,24.85,S
2021-06-21T09:22:40,500.0,24.85,S
2021-06-21T09:22:29,8300.0,24.85,S
2021-06-21T09:22:27,100.0,24.85,S
2021-06-21T09:21:53,400.0,24.85,S
2021-06-21T09:21:39,3300.0,24.85,S
2021-06-21T09:21:38,1000.0,24.85,S
2021-06-21T09:20:53,200.0,24.85,S
2021-06-21T09:20:45,500.0,24.85,S
2021-06-21T09:20:30,100.0,24.85,S
2021-06-21T09:19:59,500.0,24.8,S
2021-06-21T09:19:59,400.0,24.9,S
2021-06-21T09:19:05,100.0,24.9,S
2021-06-21T09:18:53,100.0,24.8,S
2021-06-21T09:18:49,200.0,24.8,S
2021-06-21T09:18:45,3900.0,24.8,S
2021-06-21T09:18:11,2000.0,24.8,S
2021-06-21T09:18:09,300.0,24.8,S
2021-06-21T09:17:40,2000.0,24.8,S
2021-06-21T09:16:58,700.0,24.8,S
2021-06-21T09:16:50,300.0,24.8,S
2021-06-21T09:16:45,10000.0,24.7,S
2021-06-21T09:16:37,1500.0,24.8,S
2021-06-21T09:16:34,3000.0,24.8,S
2021-06-21T09:16:13,1500.0,24.8,S
2021-06-21T09:16:13,2500.0,24.8,S
2021-06-21T09:16:03,100.0,24.8,S
2021-06-21T09:15:58,200.0,24.8,S
2021-06-21T09:15:48,200.0,24.8,S
2021-06-21T09:15:48,2000.0,24.8,S
2021-06-21T09:15:42,100.0,24.8,S
2021-06-21T09:15:39,1700.0,24.8,S
2021-06-21T09:15:38,300.0,25.0,B
