tradingTime,volume,price,side
2021-06-08T14:28:12,5000.0,9.82,S
2021-06-08T14:27:39,500.0,9.88,S
2021-06-08T14:27:21,5100.0,9.82,S
2021-06-08T14:26:45,400.0,9.82,S
2021-06-08T14:26:24,1000.0,9.82,S
2021-06-08T14:21:42,2300.0,9.82,S
2021-06-08T14:20:51,2100.0,9.82,S
2021-06-08T14:20:31,1000.0,9.9,B
2021-06-08T14:18:32,1000.0,9.9,B
2021-06-08T14:17:47,2100.0,9.82,S
2021-06-08T14:12:45,10000.0,9.9,S
2021-06-08T14:12:40,2000.0,9.9,S
2021-06-08T14:12:35,2100.0,9.9,S
2021-06-08T14:12:15,1500.0,9.9,S
2021-06-08T14:11:26,3000.0,9.9,S
2021-06-08T14:11:11,200.0,9.9,S
2021-06-08T14:11:08,1000.0,9.9,S
2021-06-08T14:10:50,1000.0,9.9,S
2021-06-08T14:10:41,300.0,9.9,S
2021-06-08T14:09:55,11000.0,9.9,S
2021-06-08T14:09:38,1000.0,9.95,B
2021-06-08T14:09:13,1000.0,9.9,S
2021-06-08T14:08:58,1100.0,9.9,S
2021-06-08T14:08:11,100.0,9.98,S
2021-06-08T14:06:30,3000.0,9.9,S
2021-06-08T14:05:36,500.0,9.98,S
2021-06-08T14:04:37,2000.0,9.9,S
2021-06-08T14:04:09,4500.0,9.9,S
2021-06-08T14:02:30,500.0,9.9,S
2021-06-08T14:00:57,5000.0,9.8,S
2021-06-08T14:00:27,5000.0,9.8,S
2021-06-08T13:59:10,5000.0,9.8,S
2021-06-08T13:58:40,3000.0,10.0,B
2021-06-08T13:58:27,600.0,9.8,S
2021-06-08T13:58:27,1100.0,9.8,S
2021-06-08T13:58:27,300.0,9.9,S
2021-06-08T13:58:19,5700.0,9.9,S
2021-06-08T13:57:47,2800.0,10.0,B
2021-06-08T13:57:27,400.0,10.0,B
2021-06-08T13:56:52,2000.0,10.0,B
2021-06-08T13:56:43,500.0,9.9,S
2021-06-08T13:56:18,3000.0,10.0,B
2021-06-08T13:55:03,200.0,9.9,S
2021-06-08T13:54:57,5000.0,9.9,S
2021-06-08T13:53:54,200.0,9.98,S
2021-06-08T13:49:41,200.0,10.0,B
2021-06-08T13:49:38,300.0,10.0,B
2021-06-08T13:48:26,400.0,9.9,S
2021-06-08T13:48:21,500.0,10.0,B
2021-06-08T13:47:13,2000.0,10.0,B
2021-06-08T13:47:11,400.0,9.8,S
2021-06-08T13:47:07,10000.0,10.0,B
2021-06-08T13:46:59,1500.0,9.8,S
2021-06-08T13:46:59,1200.0,9.8,S
2021-06-08T13:46:59,7300.0,9.8,S
2021-06-08T13:46:55,2700.0,9.8,S
2021-06-08T13:46:55,7200.0,9.8,S
2021-06-08T13:46:55,100.0,9.9,S
2021-06-08T13:46:23,100.0,10.0,S
2021-06-08T13:44:09,600.0,10.0,S
2021-06-08T13:43:29,10000.0,10.0,S
2021-06-08T13:43:17,700.0,9.9,S
2021-06-08T13:43:14,100.0,10.0,S
2021-06-08T13:42:53,600.0,10.0,S
2021-06-08T13:42:42,2000.0,10.0,S
2021-06-08T13:42:42,4000.0,10.0,S
2021-06-08T13:42:32,400.0,10.0,S
2021-06-08T13:42:06,5000.0,10.0,S
2021-06-08T13:40:54,600.0,10.0,S
2021-06-08T13:40:43,3000.0,10.1,B
2021-06-08T13:39:17,2000.0,10.0,S
2021-06-08T13:39:04,500.0,10.0,S
2021-06-08T13:38:38,200.0,10.1,B
2021-06-08T13:38:16,1500.0,10.0,S
2021-06-08T13:37:11,1900.0,10.0,S
2021-06-08T13:35:25,3100.0,10.0,S
2021-06-08T13:35:23,6900.0,10.0,S
2021-06-08T13:35:00,3600.0,10.0,S
2021-06-08T13:35:00,300.0,10.0,S
2021-06-08T13:34:59,16100.0,10.0,S
2021-06-08T13:34:35,1000.0,10.0,S
2021-06-08T13:34:29,3000.0,10.0,S
2021-06-08T13:34:09,1000.0,10.0,S
2021-06-08T13:33:46,1000.0,10.0,S
2021-06-08T13:33:31,3000.0,10.0,S
2021-06-08T13:33:18,13100.0,10.0,S
2021-06-08T13:33:18,6900.0,10.0,S
2021-06-08T13:33:17,1100.0,10.0,S
2021-06-08T13:33:17,5300.0,10.0,S
2021-06-08T13:33:17,5100.0,10.0,S
2021-06-08T13:33:17,18500.0,10.0,S
2021-06-08T13:32:45,3000.0,10.05,S
2021-06-08T13:31:54,2000.0,10.05,S
2021-06-08T13:31:41,1000.0,10.05,S
2021-06-08T13:30:49,200.0,10.1,S
2021-06-08T13:30:09,12000.0,10.0,S
2021-06-08T13:27:30,300.0,10.0,S
2021-06-08T13:27:20,100.0,10.1,S
2021-06-08T13:26:27,100.0,10.1,S
2021-06-08T13:25:35,1000.0,10.15,B
2021-06-08T13:23:49,8700.0,10.0,S
2021-06-08T13:21:38,200.0,10.0,S
2021-06-08T13:21:05,1300.0,10.0,S
2021-06-08T13:20:43,200.0,10.15,B
2021-06-08T13:20:21,8800.0,10.0,S
2021-06-08T13:20:21,33000.0,10.05,S
2021-06-08T13:20:21,14100.0,10.05,S
2021-06-08T13:20:21,4100.0,10.1,S
2021-06-08T13:20:00,5500.0,10.1,S
2021-06-08T13:17:26,200.0,10.1,S
2021-06-08T13:15:41,500.0,10.15,S
2021-06-08T13:15:16,17800.0,10.1,S
2021-06-08T13:15:16,500.0,10.1,S
2021-06-08T13:15:16,200.0,10.1,S
2021-06-08T13:15:16,1600.0,10.1,S
2021-06-08T13:15:16,9900.0,10.1,S
2021-06-08T13:15:16,1400.0,10.1,S
2021-06-08T13:14:56,800.0,10.15,S
2021-06-08T13:14:36,100.0,10.2,B
2021-06-08T13:14:15,10000.0,10.15,S
2021-06-08T13:12:15,100.0,10.2,B
2021-06-08T13:11:10,400.0,10.15,S
2021-06-08T13:10:50,100.0,10.15,S
2021-06-08T13:10:37,6000.0,10.15,S
2021-06-08T13:10:31,900.0,10.2,B
2021-06-08T13:10:12,5000.0,10.15,S
2021-06-08T13:09:00,500.0,10.15,S
2021-06-08T13:05:40,3800.0,10.2,S
2021-06-08T13:05:28,1000.0,10.2,S
2021-06-08T13:05:16,1000.0,10.2,S
2021-06-08T13:04:26,1000.0,10.2,S
2021-06-08T13:04:21,500.0,10.2,S
2021-06-08T13:04:10,2000.0,10.2,S
2021-06-08T13:03:24,600.0,10.2,S
2021-06-08T13:00:17,2000.0,10.2,B
2021-06-08T13:00:14,500.0,10.2,B
2021-06-08T13:00:14,900.0,10.2,B
2021-06-08T13:00:14,400.0,10.2,B
2021-06-08T11:31:51,200.0,10.2,S
2021-06-08T11:31:51,33500.0,10.2,S
2021-06-08T11:30:01,300.0,10.2,S
2021-06-08T11:29:42,300.0,10.2,S
2021-06-08T11:29:02,1000.0,10.2,S
2021-06-08T11:28:08,900.0,10.2,S
2021-06-08T11:28:08,3300.0,10.2,S
2021-06-08T11:28:07,1200.0,10.2,S
2021-06-08T11:27:32,1500.0,10.2,S
2021-06-08T11:27:25,200.0,10.25,B
2021-06-08T11:25:03,10000.0,10.2,S
2021-06-08T11:24:46,300.0,10.2,S
2021-06-08T11:24:19,1200.0,10.2,S
2021-06-08T11:23:23,11300.0,10.2,S
2021-06-08T11:23:22,3700.0,10.2,S
2021-06-08T11:23:20,700.0,10.25,B
2021-06-08T11:23:11,100.0,10.2,S
2021-06-08T11:19:05,1300.0,10.2,S
2021-06-08T11:18:15,2000.0,10.2,S
2021-06-08T11:17:26,200.0,10.2,S
2021-06-08T11:16:14,100.0,10.2,S
2021-06-08T11:15:48,500.0,10.2,B
2021-06-08T11:15:47,500.0,10.2,B
2021-06-08T11:15:16,1000.0,10.2,B
2021-06-08T11:14:00,500.0,10.2,B
2021-06-08T11:12:49,15100.0,10.2,B
2021-06-08T11:12:40,10000.0,10.2,B
2021-06-08T11:12:08,500.0,10.2,B
2021-06-08T11:09:06,5000.0,10.2,B
2021-06-08T11:07:43,3000.0,10.2,S
2021-06-08T11:06:58,2200.0,10.2,S
2021-06-08T11:06:58,100.0,10.2,S
2021-06-08T11:06:58,300.0,10.2,S
2021-06-08T11:06:58,400.0,10.2,S
2021-06-08T11:06:58,1100.0,10.2,S
2021-06-08T11:06:58,300.0,10.2,S
2021-06-08T11:06:58,3000.0,10.2,S
2021-06-08T11:06:58,1900.0,10.2,S
2021-06-08T11:06:58,2000.0,10.2,S
2021-06-08T11:06:58,9100.0,10.2,S
2021-06-08T11:06:39,1000.0,10.2,S
2021-06-08T11:06:36,700.0,10.25,B
2021-06-08T11:05:54,900.0,10.25,B
2021-06-08T11:05:30,4900.0,10.2,S
2021-06-08T11:05:30,200.0,10.2,S
2021-06-08T11:05:30,4900.0,10.2,S
2021-06-08T11:04:12,4100.0,10.2,S
2021-06-08T11:03:34,200.0,10.2,S
2021-06-08T11:03:34,200.0,10.25,B
2021-06-08T11:01:54,500.0,10.2,S
2021-06-08T11:01:29,500.0,10.25,B
2021-06-08T10:59:15,100.0,10.25,B
2021-06-08T10:58:26,200.0,10.25,B
2021-06-08T10:56:26,4000.0,10.25,B
2021-06-08T10:56:25,12000.0,10.2,S
2021-06-08T10:56:00,12500.0,10.2,S
2021-06-08T10:55:31,100.0,10.25,B
2021-06-08T10:55:30,2000.0,10.2,S
2021-06-08T10:55:26,3000.0,10.2,S
2021-06-08T10:54:30,3000.0,10.2,S
2021-06-08T10:52:53,3000.0,10.2,S
2021-06-08T10:52:51,100.0,10.25,B
2021-06-08T10:51:35,300.0,10.25,S
2021-06-08T10:50:56,2000.0,10.2,S
2021-06-08T10:50:37,300.0,10.2,S
2021-06-08T10:50:34,100.0,10.2,S
2021-06-08T10:50:14,100.0,10.2,S
2021-06-08T10:48:30,100.0,10.2,S
2021-06-08T10:48:23,200.0,10.25,S
2021-06-08T10:48:21,1000.0,10.2,S
2021-06-08T10:45:58,100.0,10.25,S
2021-06-08T10:45:29,1000.0,10.2,S
2021-06-08T10:44:27,500.0,10.25,S
2021-06-08T10:44:12,1000.0,10.25,S
2021-06-08T10:43:03,10000.0,10.3,S
2021-06-08T10:42:41,1000.0,10.25,S
2021-06-08T10:40:04,300.0,10.25,S
2021-06-08T10:39:57,500.0,10.25,S
2021-06-08T10:39:55,200.0,10.2,S
2021-06-08T10:39:32,5000.0,10.25,S
2021-06-08T10:39:32,500.0,10.25,S
2021-06-08T10:39:32,36500.0,10.25,S
2021-06-08T10:39:15,500.0,10.35,B
2021-06-08T10:37:09,100.0,10.3,S
2021-06-08T10:36:24,24000.0,10.25,S
2021-06-08T10:36:24,1000.0,10.25,S
2021-06-08T10:35:45,500.0,10.25,S
2021-06-08T10:35:43,400.0,10.25,S
2021-06-08T10:35:43,900.0,10.25,S
2021-06-08T10:35:43,8700.0,10.3,S
2021-06-08T10:33:47,100.0,10.35,S
2021-06-08T10:32:55,2000.0,10.3,S
2021-06-08T10:31:51,8500.0,10.3,S
2021-06-08T10:31:51,1000.0,10.3,S
2021-06-08T10:31:50,10500.0,10.3,S
2021-06-08T10:29:54,1200.0,10.3,S
2021-06-08T10:29:43,400.0,10.4,B
2021-06-08T10:29:02,200.0,10.4,B
2021-06-08T10:28:37,500.0,10.3,S
2021-06-08T10:27:16,2000.0,10.3,S
2021-06-08T10:26:59,3000.0,10.3,S
2021-06-08T10:25:53,500.0,10.4,B
2021-06-08T10:22:39,500.0,10.3,S
2021-06-08T10:19:21,500.0,10.4,B
2021-06-08T10:18:12,800.0,10.3,S
2021-06-08T10:17:28,6000.0,10.4,B
2021-06-08T10:17:16,19300.0,10.3,S
2021-06-08T10:07:47,500.0,10.4,B
2021-06-08T10:06:17,1900.0,10.4,B
2021-06-08T10:06:11,17000.0,10.3,S
2021-06-08T10:06:11,7000.0,10.3,S
2021-06-08T10:06:11,600.0,10.3,S
2021-06-08T10:06:11,11100.0,10.3,S
2021-06-08T10:05:59,1000.0,10.4,B
2021-06-08T10:02:53,34000.0,10.4,B
2021-06-08T10:00:32,800.0,10.3,S
2021-06-08T10:00:06,5000.0,10.4,B
2021-06-08T09:59:07,100.0,10.3,S
2021-06-08T09:58:29,1000.0,10.4,B
2021-06-08T09:57:39,1000.0,10.3,S
2021-06-08T09:54:33,4000.0,10.4,B
2021-06-08T09:54:33,12700.0,10.4,B
2021-06-08T09:54:33,300.0,10.4,B
2021-06-08T09:52:48,5000.0,10.25,S
2021-06-08T09:50:30,500.0,10.3,B
2021-06-08T09:49:27,1400.0,10.3,B
2021-06-08T09:49:27,1000.0,10.3,B
2021-06-08T09:49:27,1200.0,10.3,B
2021-06-08T09:49:27,30500.0,10.3,B
2021-06-08T09:49:27,4300.0,10.3,B
2021-06-08T09:47:15,800.0,10.25,S
2021-06-08T09:44:31,2000.0,10.25,S
2021-06-08T09:43:50,1900.0,10.3,B
2021-06-08T09:42:52,100.0,10.25,S
2021-06-08T09:42:18,1000.0,10.3,B
2021-06-08T09:41:52,300.0,10.3,B
2021-06-08T09:41:25,800.0,10.25,S
2021-06-08T09:40:29,200.0,10.25,S
2021-06-08T09:40:22,300.0,10.25,S
2021-06-08T09:39:50,100.0,10.25,S
2021-06-08T09:38:27,300.0,10.3,B
2021-06-08T09:36:21,1300.0,10.2,S
2021-06-08T09:36:07,100.0,10.2,S
2021-06-08T09:35:51,500.0,10.3,B
2021-06-08T09:35:14,500.0,10.3,B
2021-06-08T09:34:40,3800.0,10.2,S
2021-06-08T09:34:31,1300.0,10.3,B
2021-06-08T09:34:21,200.0,10.3,B
2021-06-08T09:33:56,2000.0,10.2,S
2021-06-08T09:33:12,5000.0,10.2,S
2021-06-08T09:32:58,7100.0,10.3,B
2021-06-08T09:32:58,2300.0,10.3,B
2021-06-08T09:32:58,600.0,10.3,B
2021-06-08T09:30:43,1000.0,10.3,B
2021-06-08T09:30:24,300.0,10.3,B
2021-06-08T09:28:56,5100.0,10.2,S
2021-06-08T09:28:48,1000.0,10.3,B
2021-06-08T09:28:39,1000.0,10.3,B
2021-06-08T09:27:40,100.0,10.3,B
2021-06-08T09:26:53,1700.0,10.2,S
2021-06-08T09:26:47,500.0,10.3,B
2021-06-08T09:26:15,3000.0,10.3,B
2021-06-08T09:25:34,500.0,10.3,B
2021-06-08T09:25:28,200.0,10.2,S
2021-06-08T09:25:26,500.0,10.3,B
2021-06-08T09:25:25,300.0,10.3,B
2021-06-08T09:25:24,1000.0,10.3,B
2021-06-08T09:23:59,200.0,10.3,B
2021-06-08T09:23:53,200.0,10.3,B
2021-06-08T09:23:11,200.0,10.3,B
2021-06-08T09:18:15,100.0,10.3,S
2021-06-08T09:18:06,1200.0,10.4,B
2021-06-08T09:17:23,1000.0,10.3,S
