tradingTime,volume,price,side
2021-06-08T14:29:41,6300.0,38.5,S
2021-06-08T14:29:40,10800.0,38.5,S
2021-06-08T14:29:40,3200.0,38.5,S
2021-06-08T14:29:40,200.0,38.5,S
2021-06-08T14:29:40,9500.0,38.5,S
2021-06-08T14:29:12,300.0,38.5,S
2021-06-08T14:28:52,200.0,38.55,S
2021-06-08T14:28:40,100.0,38.55,S
2021-06-08T14:28:37,4400.0,38.5,S
2021-06-08T14:28:26,100.0,38.55,S
2021-06-08T14:28:23,100.0,38.6,B
2021-06-08T14:27:52,10000.0,38.5,S
2021-06-08T14:27:50,1000.0,38.55,S
2021-06-08T14:27:45,400.0,38.55,S
2021-06-08T14:27:44,400.0,38.6,B
2021-06-08T14:27:40,100.0,38.6,B
2021-06-08T14:27:38,300.0,38.55,S
2021-06-08T14:27:18,100.0,38.55,S
2021-06-08T14:27:14,1000.0,38.55,S
2021-06-08T14:27:05,100.0,38.6,B
2021-06-08T14:27:00,2100.0,38.6,B
2021-06-08T14:26:20,500.0,38.6,B
2021-06-08T14:26:13,200.0,38.6,B
2021-06-08T14:25:39,1000.0,38.6,B
2021-06-08T14:25:09,500.0,38.55,S
2021-06-08T14:25:05,500.0,38.6,B
2021-06-08T14:24:19,3000.0,38.55,S
2021-06-08T14:24:15,2000.0,38.6,B
2021-06-08T14:24:10,100.0,38.6,B
2021-06-08T14:24:01,3000.0,38.5,S
2021-06-08T14:23:59,1100.0,38.6,B
2021-06-08T14:23:54,2000.0,38.6,B
2021-06-08T14:23:41,1100.0,38.9,B
2021-06-08T14:23:41,3900.0,38.9,B
2021-06-08T14:23:36,300.0,38.55,S
2021-06-08T14:23:31,1500.0,38.55,S
2021-06-08T14:23:25,6500.0,38.5,S
2021-06-08T14:23:25,500.0,38.5,S
2021-06-08T14:23:23,1000.0,38.5,S
2021-06-08T14:23:13,100.0,38.55,S
2021-06-08T14:23:10,100.0,38.5,S
2021-06-08T14:23:09,600.0,38.55,S
2021-06-08T14:23:08,100.0,38.6,B
2021-06-08T14:23:04,600.0,38.55,S
2021-06-08T14:22:56,200.0,38.6,B
2021-06-08T14:22:38,6000.0,38.5,S
2021-06-08T14:22:35,7100.0,38.5,S
2021-06-08T14:22:35,2200.0,38.5,S
2021-06-08T14:22:35,3100.0,38.5,S
2021-06-08T14:22:34,100.0,38.5,S
2021-06-08T14:22:34,300.0,38.5,S
2021-06-08T14:22:34,500.0,38.5,S
2021-06-08T14:22:34,5000.0,38.5,S
2021-06-08T14:22:34,3400.0,38.5,S
2021-06-08T14:22:34,1600.0,38.5,S
2021-06-08T14:22:34,1100.0,38.5,S
2021-06-08T14:22:34,300.0,38.5,S
2021-06-08T14:22:34,2200.0,38.55,S
2021-06-08T14:22:34,5500.0,38.55,S
2021-06-08T14:22:34,4400.0,38.55,S
2021-06-08T14:22:34,3200.0,38.6,B
2021-06-08T14:22:24,900.0,38.9,B
2021-06-08T14:22:23,9100.0,38.9,B
2021-06-08T14:22:10,1900.0,38.6,B
2021-06-08T14:21:28,1600.0,38.6,B
2021-06-08T14:21:13,200.0,38.6,B
2021-06-08T14:21:03,500.0,38.6,B
2021-06-08T14:21:02,400.0,38.6,B
2021-06-08T14:20:57,200.0,38.9,B
2021-06-08T14:20:50,1000.0,38.6,B
2021-06-08T14:20:39,200.0,38.6,B
2021-06-08T14:20:37,1400.0,38.6,B
2021-06-08T14:20:36,500.0,38.6,B
2021-06-08T14:20:19,1000.0,38.55,S
2021-06-08T14:20:04,300.0,38.6,B
2021-06-08T14:19:49,300.0,38.55,S
2021-06-08T14:19:38,800.0,38.55,S
2021-06-08T14:19:32,300.0,38.55,S
2021-06-08T14:19:22,2000.0,38.55,S
2021-06-08T14:19:19,100.0,39.0,B
2021-06-08T14:19:16,17300.0,39.0,B
2021-06-08T14:19:16,500.0,38.95,B
2021-06-08T14:19:16,2200.0,38.95,B
2021-06-08T14:19:12,20000.0,38.9,B
2021-06-08T14:19:10,11800.0,38.9,B
2021-06-08T14:19:10,4800.0,38.9,B
2021-06-08T14:19:10,300.0,38.9,B
2021-06-08T14:19:09,200.0,38.9,B
2021-06-08T14:19:09,2900.0,38.9,B
2021-06-08T14:19:02,3000.0,38.7,B
2021-06-08T14:18:59,1000.0,38.7,B
2021-06-08T14:18:25,1000.0,38.55,S
2021-06-08T14:18:17,100.0,38.6,S
2021-06-08T14:18:12,1000.0,38.6,S
2021-06-08T14:17:59,2000.0,38.55,S
2021-06-08T14:17:48,200.0,38.55,S
2021-06-08T14:17:48,500.0,38.55,S
2021-06-08T14:17:48,52200.0,38.55,S
2021-06-08T14:17:48,8200.0,38.55,S
2021-06-08T14:17:48,3000.0,38.55,S
2021-06-08T14:17:48,600.0,38.55,S
2021-06-08T14:17:47,3300.0,38.55,S
2021-06-08T14:17:42,8000.0,38.55,S
2021-06-08T14:16:49,100.0,38.6,S
2021-06-08T14:15:40,500.0,38.9,S
2021-06-08T14:15:40,800.0,38.9,S
2021-06-08T14:15:40,300.0,38.85,S
2021-06-08T14:15:24,100.0,38.9,S
2021-06-08T14:14:37,1000.0,38.55,S
2021-06-08T14:14:09,1000.0,38.9,S
2021-06-08T14:13:59,3000.0,38.9,S
2021-06-08T14:13:48,100.0,38.6,S
2021-06-08T14:13:25,200.0,38.85,S
2021-06-08T14:13:06,100.0,38.85,S
2021-06-08T14:12:49,3000.0,38.55,S
2021-06-08T14:12:33,100.0,38.9,S
2021-06-08T14:12:10,2600.0,38.55,S
2021-06-08T14:12:08,14600.0,38.6,S
2021-06-08T14:11:47,1000.0,38.85,S
2021-06-08T14:11:38,200.0,38.9,S
2021-06-08T14:11:33,100.0,38.9,S
2021-06-08T14:10:54,100.0,38.9,S
2021-06-08T14:10:44,100.0,38.9,S
2021-06-08T14:10:21,2000.0,39.0,B
2021-06-08T14:10:16,5000.0,38.85,S
2021-06-08T14:09:42,500.0,38.9,B
2021-06-08T14:09:38,200.0,38.9,B
2021-06-08T14:09:36,1000.0,38.9,B
2021-06-08T14:09:33,1000.0,38.95,B
2021-06-08T14:09:17,1000.0,39.0,B
2021-06-08T14:09:03,6000.0,38.9,B
2021-06-08T14:08:59,1200.0,39.0,B
2021-06-08T14:08:40,300.0,38.8,S
2021-06-08T14:08:39,100.0,38.8,S
2021-06-08T14:08:33,100.0,38.8,S
2021-06-08T14:08:31,200.0,38.8,S
2021-06-08T14:08:17,2500.0,38.6,S
2021-06-08T14:08:12,3700.0,38.6,S
2021-06-08T14:08:12,1500.0,38.6,S
2021-06-08T14:08:12,2600.0,38.6,S
2021-06-08T14:08:12,100.0,38.6,S
2021-06-08T14:08:12,1400.0,38.6,S
2021-06-08T14:08:12,200.0,38.6,S
2021-06-08T14:08:12,5000.0,38.6,S
2021-06-08T14:08:12,1500.0,38.6,S
2021-06-08T14:08:12,4500.0,38.6,S
2021-06-08T14:08:12,4000.0,38.6,S
2021-06-08T14:08:12,4800.0,38.6,S
2021-06-08T14:08:12,300.0,38.7,S
2021-06-08T14:08:12,45400.0,38.7,S
2021-06-08T14:07:54,500.0,38.95,B
2021-06-08T14:07:53,500.0,39.0,B
2021-06-08T14:07:37,400.0,38.95,B
2021-06-08T14:07:36,11000.0,38.95,B
2021-06-08T14:07:36,1500.0,38.95,B
2021-06-08T14:07:36,100.0,38.95,B
2021-06-08T14:07:36,3400.0,38.95,B
2021-06-08T14:07:36,3700.0,38.9,B
2021-06-08T14:07:36,34800.0,38.9,B
2021-06-08T14:07:36,3700.0,38.85,B
2021-06-08T14:07:26,100.0,38.85,B
2021-06-08T14:07:26,100.0,38.85,B
2021-06-08T14:07:03,1600.0,38.8,S
2021-06-08T14:06:49,300.0,38.8,S
2021-06-08T14:06:46,100.0,38.85,B
2021-06-08T14:06:33,500.0,38.8,S
2021-06-08T14:06:28,1000.0,38.8,S
2021-06-08T14:06:20,4400.0,38.8,S
2021-06-08T14:06:16,500.0,38.8,S
2021-06-08T14:06:13,200.0,38.8,S
2021-06-08T14:06:12,1000.0,38.85,B
2021-06-08T14:06:08,200.0,38.8,S
2021-06-08T14:05:51,6800.0,38.8,S
2021-06-08T14:05:48,100.0,38.85,B
2021-06-08T14:05:36,10000.0,38.8,S
2021-06-08T14:05:34,300.0,38.85,B
2021-06-08T14:05:32,200.0,38.8,S
2021-06-08T14:05:30,100.0,38.85,B
2021-06-08T14:05:16,1000.0,38.8,S
2021-06-08T14:05:16,500.0,38.85,B
2021-06-08T14:05:09,600.0,38.9,B
2021-06-08T14:04:53,100.0,38.9,B
2021-06-08T14:04:50,3300.0,38.9,B
2021-06-08T14:04:50,6700.0,38.85,B
2021-06-08T14:04:46,1500.0,38.8,S
2021-06-08T14:03:56,500.0,38.8,S
2021-06-08T14:03:45,200.0,38.8,S
2021-06-08T14:03:41,1100.0,38.85,B
2021-06-08T14:03:30,200.0,38.8,S
2021-06-08T14:03:09,500.0,38.85,B
2021-06-08T14:03:08,100.0,38.8,S
2021-06-08T14:03:01,100.0,38.8,S
2021-06-08T14:02:47,500.0,38.85,S
2021-06-08T14:02:29,100.0,38.85,S
2021-06-08T14:02:28,3000.0,38.8,S
2021-06-08T14:02:21,200.0,38.8,S
2021-06-08T14:02:08,200.0,38.85,S
2021-06-08T14:01:58,200.0,38.85,S
2021-06-08T14:01:48,20000.0,38.8,S
2021-06-08T14:01:39,200.0,38.85,S
2021-06-08T14:01:14,8000.0,38.8,S
2021-06-08T14:01:14,200.0,38.8,S
2021-06-08T14:00:59,1100.0,38.8,S
2021-06-08T14:00:54,2000.0,38.8,S
2021-06-08T14:00:40,1000.0,38.85,S
2021-06-08T14:00:31,5000.0,38.8,S
2021-06-08T14:00:25,500.0,38.85,S
2021-06-08T13:59:52,100.0,38.8,S
2021-06-08T13:59:05,6400.0,38.8,S
2021-06-08T13:59:05,1500.0,38.8,S
2021-06-08T13:59:05,100.0,38.85,S
2021-06-08T13:59:03,2000.0,38.85,S
2021-06-08T13:59:01,200.0,38.9,B
2021-06-08T13:59:00,1000.0,38.85,S
2021-06-08T13:58:58,1300.0,38.9,B
2021-06-08T13:58:58,1000.0,38.9,B
2021-06-08T13:58:57,200.0,38.9,B
2021-06-08T13:58:31,300.0,38.85,S
2021-06-08T13:58:31,2000.0,38.85,S
2021-06-08T13:58:28,500.0,38.9,B
2021-06-08T13:58:02,100.0,38.9,B
2021-06-08T13:57:57,700.0,38.9,B
2021-06-08T13:57:52,100.0,38.9,B
2021-06-08T13:57:38,100.0,38.85,S
2021-06-08T13:57:22,100.0,38.85,S
2021-06-08T13:57:19,200.0,38.85,S
2021-06-08T13:57:09,1800.0,38.9,B
2021-06-08T13:57:00,200.0,38.85,S
2021-06-08T13:56:42,1000.0,38.85,S
2021-06-08T13:56:18,100.0,38.8,S
2021-06-08T13:56:12,200.0,38.8,S
2021-06-08T13:55:53,3000.0,38.6,S
2021-06-08T13:55:50,700.0,38.9,B
2021-06-08T13:55:34,100.0,38.9,B
2021-06-08T13:55:33,900.0,38.9,B
2021-06-08T13:55:14,300.0,38.9,B
2021-06-08T13:55:06,3400.0,38.55,S
2021-06-08T13:55:06,5100.0,38.55,S
2021-06-08T13:55:06,12200.0,38.6,S
2021-06-08T13:55:06,900.0,38.6,S
2021-06-08T13:55:06,400.0,38.6,S
2021-06-08T13:55:06,1200.0,38.6,S
2021-06-08T13:55:06,7300.0,38.6,S
2021-06-08T13:55:06,9500.0,38.6,S
2021-06-08T13:54:54,500.0,38.85,B
2021-06-08T13:54:51,4000.0,38.85,B
2021-06-08T13:54:43,200.0,38.9,B
2021-06-08T13:54:40,200.0,38.85,B
2021-06-08T13:54:19,1000.0,38.9,B
2021-06-08T13:53:40,200.0,38.9,B
2021-06-08T13:53:38,1000.0,38.85,B
2021-06-08T13:53:33,500.0,38.85,B
2021-06-08T13:53:20,500.0,38.85,B
2021-06-08T13:53:11,3700.0,38.85,B
2021-06-08T13:53:09,10000.0,38.8,S
2021-06-08T13:53:06,100.0,38.8,S
2021-06-08T13:52:44,300.0,38.8,S
2021-06-08T13:52:43,200.0,38.8,S
2021-06-08T13:51:58,400.0,38.8,S
2021-06-08T13:51:11,500.0,38.8,S
2021-06-08T13:51:10,100.0,38.8,S
2021-06-08T13:51:08,100.0,38.8,S
2021-06-08T13:51:01,300.0,38.8,S
2021-06-08T13:51:01,100.0,38.8,S
2021-06-08T13:50:46,800.0,38.6,S
2021-06-08T13:50:35,100.0,38.85,B
2021-06-08T13:50:34,100.0,38.8,S
2021-06-08T13:50:30,100.0,38.85,B
2021-06-08T13:50:24,700.0,38.9,B
2021-06-08T13:50:12,100.0,38.8,S
2021-06-08T13:50:02,100.0,38.8,S
2021-06-08T13:49:55,500.0,38.9,B
2021-06-08T13:49:40,2900.0,38.6,S
2021-06-08T13:49:40,400.0,38.8,S
2021-06-08T13:49:31,300.0,38.8,S
2021-06-08T13:49:29,100.0,38.8,S
2021-06-08T13:49:24,1000.0,38.8,S
2021-06-08T13:49:16,400.0,38.85,B
2021-06-08T13:49:11,1000.0,38.9,B
2021-06-08T13:49:10,400.0,38.8,S
2021-06-08T13:48:49,100.0,38.8,S
2021-06-08T13:48:39,1100.0,38.9,B
2021-06-08T13:48:27,3000.0,38.9,B
2021-06-08T13:48:03,300.0,38.85,B
2021-06-08T13:48:00,100.0,38.85,B
2021-06-08T13:47:58,1100.0,38.85,B
2021-06-08T13:47:55,100.0,38.8,S
2021-06-08T13:47:53,900.0,38.8,S
2021-06-08T13:47:47,100.0,38.8,S
2021-06-08T13:47:42,100.0,38.8,S
2021-06-08T13:47:42,300.0,38.6,S
2021-06-08T13:47:37,700.0,38.6,S
2021-06-08T13:47:36,800.0,38.8,S
2021-06-08T13:47:35,100.0,38.85,B
2021-06-08T13:47:32,400.0,38.85,B
2021-06-08T13:47:32,10200.0,38.55,S
2021-06-08T13:47:32,9800.0,38.55,S
2021-06-08T13:47:29,500.0,38.6,S
2021-06-08T13:47:25,500.0,38.6,S
2021-06-08T13:47:06,500.0,38.85,S
2021-06-08T13:47:05,100.0,38.85,S
2021-06-08T13:46:49,800.0,38.6,S
2021-06-08T13:46:49,1100.0,38.6,S
2021-06-08T13:46:49,1500.0,38.6,S
2021-06-08T13:46:49,3600.0,38.6,S
2021-06-08T13:46:47,100.0,38.85,S
2021-06-08T13:46:45,100.0,38.85,S
2021-06-08T13:46:39,100.0,38.85,S
2021-06-08T13:46:35,500.0,38.6,S
2021-06-08T13:46:34,100.0,38.85,S
2021-06-08T13:46:30,1000.0,38.85,S
2021-06-08T13:46:28,100.0,38.6,S
2021-06-08T13:46:16,1100.0,38.8,S
2021-06-08T13:46:13,100.0,38.8,S
2021-06-08T13:46:03,1000.0,38.6,S
2021-06-08T13:45:56,100.0,38.8,S
2021-06-08T13:45:26,100.0,38.8,S
2021-06-08T13:45:22,200.0,38.8,S
2021-06-08T13:45:15,500.0,38.7,S
2021-06-08T13:45:12,1000.0,38.8,S
2021-06-08T13:44:35,1000.0,38.95,B
2021-06-08T13:44:33,4600.0,38.95,B
2021-06-08T13:44:33,3000.0,38.95,B
2021-06-08T13:44:33,13400.0,38.95,B
2021-06-08T13:44:33,4000.0,38.9,B
2021-06-08T13:44:33,5000.0,38.9,B
2021-06-08T13:44:00,1000.0,38.9,B
2021-06-08T13:43:59,1000.0,38.9,B
2021-06-08T13:43:46,200.0,38.55,S
2021-06-08T13:43:42,500.0,38.8,S
2021-06-08T13:43:36,700.0,38.8,S
2021-06-08T13:43:32,4600.0,38.6,S
2021-06-08T13:43:32,700.0,38.7,S
2021-06-08T13:43:29,400.0,38.7,S
2021-06-08T13:43:17,200.0,38.8,S
2021-06-08T13:42:47,1000.0,38.9,B
2021-06-08T13:42:39,2000.0,38.9,B
2021-06-08T13:42:22,5000.0,38.55,S
2021-06-08T13:42:08,100.0,38.9,B
2021-06-08T13:42:05,500.0,38.9,B
2021-06-08T13:42:01,1000.0,38.55,S
2021-06-08T13:41:46,2000.0,38.9,B
2021-06-08T13:41:41,1000.0,38.9,B
2021-06-08T13:41:41,500.0,38.8,S
2021-06-08T13:41:38,500.0,38.55,S
2021-06-08T13:41:36,1000.0,38.8,S
2021-06-08T13:41:21,700.0,38.9,B
2021-06-08T13:41:18,100.0,38.9,B
2021-06-08T13:41:18,500.0,38.9,B
2021-06-08T13:41:15,500.0,38.9,B
2021-06-08T13:41:06,5600.0,38.9,B
2021-06-08T13:41:06,4300.0,38.9,B
2021-06-08T13:41:05,2100.0,38.9,B
2021-06-08T13:41:00,500.0,38.55,S
2021-06-08T13:40:52,1000.0,38.55,S
2021-06-08T13:40:50,5700.0,38.55,S
2021-06-08T13:40:50,3900.0,38.6,S
2021-06-08T13:40:50,400.0,38.85,S
2021-06-08T13:40:49,700.0,38.9,B
2021-06-08T13:40:47,1300.0,38.85,S
2021-06-08T13:40:33,100.0,38.9,B
2021-06-08T13:39:55,1000.0,38.9,B
2021-06-08T13:39:48,500.0,38.9,B
2021-06-08T13:39:44,100.0,38.9,B
2021-06-08T13:39:28,200.0,38.9,B
2021-06-08T13:39:27,1000.0,38.9,B
2021-06-08T13:39:06,1300.0,38.85,S
2021-06-08T13:39:01,100.0,38.9,S
2021-06-08T13:39:00,2000.0,38.85,S
2021-06-08T13:38:55,100.0,38.9,S
2021-06-08T13:38:54,100.0,38.9,S
2021-06-08T13:38:51,5000.0,38.9,S
2021-06-08T13:38:35,1500.0,38.9,S
2021-06-08T13:38:33,1000.0,38.9,S
2021-06-08T13:38:32,500.0,38.9,S
2021-06-08T13:38:28,1000.0,38.9,S
2021-06-08T13:38:21,200.0,38.8,S
2021-06-08T13:38:14,1500.0,38.55,S
2021-06-08T13:38:04,500.0,38.9,S
2021-06-08T13:38:03,800.0,38.9,S
2021-06-08T13:38:02,200.0,38.8,S
2021-06-08T13:37:56,500.0,38.8,S
2021-06-08T13:37:54,400.0,38.8,S
2021-06-08T13:37:54,300.0,38.8,S
2021-06-08T13:37:54,400.0,38.8,S
2021-06-08T13:37:54,900.0,38.8,S
2021-06-08T13:37:53,200.0,38.8,S
2021-06-08T13:37:50,300.0,38.8,S
2021-06-08T13:37:50,200.0,38.8,S
2021-06-08T13:37:46,100.0,38.8,S
2021-06-08T13:37:23,1500.0,38.55,S
2021-06-08T13:37:23,3500.0,38.6,S
2021-06-08T13:37:20,500.0,38.9,S
2021-06-08T13:36:55,500.0,38.9,S
2021-06-08T13:36:46,400.0,38.7,S
2021-06-08T13:36:27,500.0,38.9,S
2021-06-08T13:36:25,200.0,38.9,S
2021-06-08T13:36:17,200.0,38.9,S
2021-06-08T13:36:15,200.0,38.9,S
2021-06-08T13:36:11,100.0,38.6,S
2021-06-08T13:36:00,1000.0,38.9,S
2021-06-08T13:35:54,2000.0,38.55,S
2021-06-08T13:35:51,200.0,38.55,S
2021-06-08T13:35:47,200.0,38.8,S
2021-06-08T13:35:42,3000.0,38.55,S
2021-06-08T13:35:42,1500.0,38.6,S
2021-06-08T13:35:42,3200.0,38.6,S
2021-06-08T13:35:42,300.0,38.6,S
2021-06-08T13:35:26,700.0,38.9,S
2021-06-08T13:35:05,500.0,38.8,S
2021-06-08T13:34:55,500.0,39.0,B
2021-06-08T13:34:53,100.0,38.9,S
2021-06-08T13:34:34,400.0,38.9,S
2021-06-08T13:34:19,100.0,39.0,B
2021-06-08T13:34:14,900.0,38.6,S
2021-06-08T13:34:14,1100.0,38.6,S
2021-06-08T13:33:57,500.0,39.0,B
2021-06-08T13:33:49,100.0,38.9,S
2021-06-08T13:33:21,200.0,38.9,S
2021-06-08T13:33:20,600.0,39.0,B
2021-06-08T13:33:17,2600.0,38.6,S
2021-06-08T13:33:17,1000.0,38.6,S
2021-06-08T13:33:17,400.0,38.6,S
2021-06-08T13:33:06,2000.0,38.6,S
2021-06-08T13:32:59,1000.0,39.0,B
2021-06-08T13:32:56,2600.0,38.6,S
2021-06-08T13:32:56,700.0,38.65,S
2021-06-08T13:32:56,500.0,38.8,S
2021-06-08T13:32:56,1000.0,38.8,S
2021-06-08T13:32:55,1000.0,38.8,S
2021-06-08T13:32:55,400.0,38.8,S
2021-06-08T13:32:55,600.0,38.85,S
2021-06-08T13:32:55,800.0,38.85,S
2021-06-08T13:32:55,200.0,38.9,S
2021-06-08T13:32:55,10200.0,38.9,S
2021-06-08T13:32:49,4500.0,38.95,S
2021-06-08T13:32:45,100.0,39.0,B
2021-06-08T13:32:36,2000.0,38.9,S
2021-06-08T13:32:14,1000.0,38.9,S
2021-06-08T13:32:08,100.0,38.9,S
2021-06-08T13:32:07,100.0,38.95,S
2021-06-08T13:31:59,3000.0,39.0,B
2021-06-08T13:31:54,1000.0,39.0,B
2021-06-08T13:31:52,900.0,39.0,B
2021-06-08T13:31:52,100.0,38.95,S
2021-06-08T13:31:34,1000.0,38.9,S
2021-06-08T13:31:32,100.0,38.95,S
2021-06-08T13:31:20,100.0,39.0,B
2021-06-08T13:31:14,100.0,38.9,S
2021-06-08T13:31:10,500.0,39.0,B
2021-06-08T13:31:10,3000.0,39.0,B
2021-06-08T13:31:09,1200.0,38.9,S
2021-06-08T13:31:06,1100.0,38.9,S
2021-06-08T13:31:04,1000.0,38.95,S
2021-06-08T13:31:03,500.0,38.95,S
2021-06-08T13:30:53,2000.0,39.0,B
2021-06-08T13:30:06,1000.0,39.0,B
2021-06-08T13:29:31,300.0,38.95,S
2021-06-08T13:29:24,100.0,39.0,B
2021-06-08T13:29:22,300.0,38.95,S
2021-06-08T13:29:21,100.0,39.0,B
2021-06-08T13:29:18,10000.0,39.0,B
2021-06-08T13:29:14,100.0,39.0,B
2021-06-08T13:28:58,300.0,38.95,S
2021-06-08T13:28:55,1800.0,39.0,B
2021-06-08T13:28:54,700.0,39.0,B
2021-06-08T13:28:14,2100.0,38.95,S
2021-06-08T13:28:06,100.0,39.0,B
2021-06-08T13:28:02,400.0,39.0,B
2021-06-08T13:27:44,100.0,39.0,B
2021-06-08T13:27:34,1000.0,39.0,B
2021-06-08T13:27:30,4500.0,38.95,S
2021-06-08T13:27:23,2000.0,38.95,S
2021-06-08T13:27:23,2000.0,39.0,B
2021-06-08T13:27:17,700.0,39.0,B
2021-06-08T13:27:10,100.0,39.0,B
2021-06-08T13:27:07,100.0,39.0,B
2021-06-08T13:26:56,1000.0,38.95,S
2021-06-08T13:26:27,2800.0,39.0,B
2021-06-08T13:26:06,2000.0,38.9,S
2021-06-08T13:25:52,500.0,39.0,B
2021-06-08T13:25:47,100.0,39.0,B
2021-06-08T13:25:02,1000.0,38.95,S
2021-06-08T13:24:45,8000.0,38.95,S
2021-06-08T13:24:34,1200.0,39.0,S
2021-06-08T13:24:34,14900.0,39.0,S
2021-06-08T13:24:34,5500.0,39.0,S
2021-06-08T13:24:34,2300.0,39.0,S
2021-06-08T13:24:18,10000.0,39.1,B
2021-06-08T13:24:16,1900.0,39.0,S
2021-06-08T13:23:50,400.0,39.0,S
2021-06-08T13:23:47,100.0,39.0,S
2021-06-08T13:23:45,400.0,39.0,S
2021-06-08T13:23:32,1000.0,39.2,B
2021-06-08T13:23:27,500.0,39.0,S
2021-06-08T13:22:41,300.0,39.0,S
2021-06-08T13:22:41,1200.0,39.0,S
2021-06-08T13:22:38,4000.0,39.0,S
2021-06-08T13:22:34,900.0,39.0,S
2021-06-08T13:22:30,500.0,39.1,B
2021-06-08T13:21:56,500.0,39.1,B
2021-06-08T13:21:50,1000.0,39.1,B
2021-06-08T13:21:37,500.0,39.1,B
2021-06-08T13:21:19,1500.0,39.0,S
2021-06-08T13:21:13,5300.0,39.0,S
2021-06-08T13:21:12,9700.0,39.05,S
2021-06-08T13:20:47,300.0,39.05,S
2021-06-08T13:20:42,1500.0,39.0,S
2021-06-08T13:20:36,200.0,39.0,S
2021-06-08T13:20:21,1000.0,39.0,S
2021-06-08T13:20:11,3500.0,39.0,S
2021-06-08T13:20:05,800.0,39.0,S
2021-06-08T13:20:05,2000.0,39.0,S
2021-06-08T13:20:05,2100.0,39.3,B
2021-06-08T13:19:56,200.0,39.0,S
2021-06-08T13:19:52,3000.0,39.0,S
2021-06-08T13:19:50,200.0,39.0,S
2021-06-08T13:19:46,600.0,39.0,S
2021-06-08T13:19:40,500.0,39.0,S
2021-06-08T13:19:37,3700.0,39.0,S
2021-06-08T13:19:37,1000.0,39.0,S
2021-06-08T13:19:37,5300.0,39.0,S
2021-06-08T13:19:36,1300.0,39.0,S
2021-06-08T13:19:32,600.0,39.0,S
2021-06-08T13:19:32,4400.0,39.0,S
2021-06-08T13:19:30,15000.0,39.0,S
2021-06-08T13:19:30,1000.0,39.0,S
2021-06-08T13:19:17,4000.0,39.0,S
2021-06-08T13:19:17,1000.0,39.2,B
2021-06-08T13:19:16,100.0,39.2,B
2021-06-08T13:19:16,900.0,39.2,B
2021-06-08T13:19:03,1000.0,39.1,B
2021-06-08T13:18:59,100.0,39.0,S
2021-06-08T13:18:59,13100.0,39.0,S
2021-06-08T13:18:59,300.0,39.0,S
2021-06-08T13:18:58,6100.0,39.0,S
2021-06-08T13:18:58,700.0,39.0,S
2021-06-08T13:18:58,1500.0,39.0,S
2021-06-08T13:18:58,1100.0,39.0,S
2021-06-08T13:18:58,7200.0,39.0,S
2021-06-08T13:18:52,800.0,39.05,S
2021-06-08T13:18:47,1000.0,39.05,S
2021-06-08T13:18:42,200.0,39.05,S
2021-06-08T13:18:35,1000.0,39.1,B
2021-06-08T13:18:12,700.0,39.1,B
2021-06-08T13:17:55,400.0,39.05,S
2021-06-08T13:17:36,3000.0,39.0,S
2021-06-08T13:17:31,500.0,39.0,S
2021-06-08T13:17:14,5000.0,39.0,S
2021-06-08T13:17:00,1000.0,39.0,S
2021-06-08T13:16:09,500.0,39.1,S
2021-06-08T13:15:55,1100.0,39.0,S
2021-06-08T13:15:48,900.0,39.0,S
2021-06-08T13:15:48,1500.0,39.0,S
2021-06-08T13:15:48,1300.0,39.0,S
2021-06-08T13:15:41,700.0,39.0,S
2021-06-08T13:15:37,100.0,39.2,S
2021-06-08T13:15:37,1000.0,39.1,S
2021-06-08T13:15:23,500.0,39.0,S
2021-06-08T13:15:17,1400.0,39.0,S
2021-06-08T13:15:17,100.0,39.0,S
2021-06-08T13:15:17,1100.0,39.0,S
2021-06-08T13:15:17,100.0,39.1,S
2021-06-08T13:15:10,100.0,39.0,S
2021-06-08T13:15:10,500.0,39.0,S
2021-06-08T13:15:08,1000.0,39.0,S
2021-06-08T13:14:44,1000.0,39.2,S
2021-06-08T13:14:25,4000.0,39.0,S
2021-06-08T13:14:07,2100.0,39.0,S
2021-06-08T13:13:51,100.0,39.1,S
2021-06-08T13:13:30,100.0,39.1,S
2021-06-08T13:13:06,700.0,39.2,S
2021-06-08T13:13:05,1000.0,39.1,S
2021-06-08T13:12:43,1000.0,39.0,S
2021-06-08T13:12:24,200.0,39.0,S
2021-06-08T13:12:19,200.0,39.0,S
2021-06-08T13:12:11,500.0,39.0,S
2021-06-08T13:11:46,500.0,39.0,S
2021-06-08T13:11:30,200.0,39.0,S
2021-06-08T13:11:21,5000.0,39.0,S
2021-06-08T13:11:02,2300.0,39.0,S
2021-06-08T13:11:02,700.0,39.0,S
2021-06-08T13:11:02,9700.0,39.0,S
2021-06-08T13:11:02,2300.0,39.0,S
2021-06-08T13:10:38,7800.0,39.0,S
2021-06-08T13:10:38,300.0,39.0,S
2021-06-08T13:10:37,2300.0,39.0,S
2021-06-08T13:10:37,1500.0,39.0,S
2021-06-08T13:10:37,1600.0,39.0,S
2021-06-08T13:10:37,100.0,39.0,S
2021-06-08T13:10:37,1400.0,39.0,S
2021-06-08T13:10:31,6000.0,39.0,S
2021-06-08T13:10:16,700.0,39.2,S
2021-06-08T13:10:11,200.0,39.1,S
2021-06-08T13:10:07,1300.0,39.0,S
2021-06-08T13:09:49,100.0,39.2,S
2021-06-08T13:09:23,1500.0,39.0,S
2021-06-08T13:09:01,1100.0,39.0,S
2021-06-08T13:09:01,1600.0,39.0,S
2021-06-08T13:09:01,2100.0,39.0,S
2021-06-08T13:09:01,1500.0,39.05,S
2021-06-08T13:09:01,2700.0,39.1,S
2021-06-08T13:08:47,1000.0,39.1,S
2021-06-08T13:08:33,1000.0,39.4,B
2021-06-08T13:08:15,1500.0,39.1,S
2021-06-08T13:08:01,500.0,39.2,S
2021-06-08T13:08:00,500.0,39.2,S
2021-06-08T13:07:46,500.0,39.2,S
2021-06-08T13:07:44,500.0,39.3,S
2021-06-08T13:07:44,200.0,39.3,S
2021-06-08T13:07:43,3000.0,39.2,S
2021-06-08T13:07:21,400.0,39.2,S
2021-06-08T13:07:14,2000.0,39.1,S
2021-06-08T13:07:07,100.0,39.05,S
2021-06-08T13:06:45,200.0,39.05,S
2021-06-08T13:06:42,100.0,39.0,S
2021-06-08T13:06:32,6000.0,39.0,S
2021-06-08T13:06:19,300.0,39.1,S
2021-06-08T13:06:12,100.0,39.3,S
2021-06-08T13:06:05,500.0,39.1,S
2021-06-08T13:05:53,500.0,39.2,S
2021-06-08T13:05:46,800.0,39.3,S
2021-06-08T13:05:43,400.0,39.3,S
2021-06-08T13:05:39,100.0,39.3,S
2021-06-08T13:05:16,200.0,39.3,S
2021-06-08T13:05:09,300.0,39.3,S
2021-06-08T13:05:09,400.0,39.2,S
2021-06-08T13:05:09,400.0,39.1,S
2021-06-08T13:05:05,200.0,39.2,S
2021-06-08T13:04:47,12600.0,39.0,S
2021-06-08T13:04:47,1400.0,39.0,S
2021-06-08T13:04:47,3700.0,39.0,S
2021-06-08T13:04:47,400.0,39.1,S
2021-06-08T13:04:47,5000.0,39.2,S
2021-06-08T13:04:47,2900.0,39.3,S
2021-06-08T13:04:32,900.0,39.3,S
2021-06-08T13:04:25,500.0,39.3,S
2021-06-08T13:04:14,300.0,39.3,S
2021-06-08T13:04:08,500.0,39.3,S
2021-06-08T13:03:57,100.0,39.4,B
2021-06-08T13:03:55,100.0,39.4,B
2021-06-08T13:03:53,300.0,39.4,B
2021-06-08T13:03:53,400.0,39.3,S
2021-06-08T13:03:47,200.0,39.2,S
2021-06-08T13:03:40,1100.0,39.2,S
2021-06-08T13:03:29,1000.0,39.05,S
2021-06-08T13:03:13,400.0,39.2,S
2021-06-08T13:02:54,100.0,39.2,S
2021-06-08T13:02:43,1400.0,39.05,S
2021-06-08T13:02:35,5000.0,39.2,S
2021-06-08T13:02:28,100.0,39.1,S
2021-06-08T13:02:08,500.0,39.1,S
2021-06-08T13:02:04,100.0,39.1,S
2021-06-08T13:01:52,100.0,39.1,S
2021-06-08T13:01:43,3000.0,39.05,S
2021-06-08T13:01:28,200.0,39.1,S
2021-06-08T13:01:23,500.0,39.1,S
2021-06-08T13:01:19,100.0,39.05,S
2021-06-08T13:01:18,500.0,39.1,S
2021-06-08T13:00:14,200.0,39.1,S
2021-06-08T13:00:14,8500.0,39.1,S
2021-06-08T13:00:14,2800.0,39.2,S
2021-06-08T13:00:14,400.0,39.2,S
2021-06-08T13:00:14,100.0,39.2,S
2021-06-08T13:00:14,8200.0,39.2,S
2021-06-08T13:00:14,500.0,39.4,B
2021-06-08T11:33:01,100.0,39.4,S
2021-06-08T11:32:21,100.0,39.45,S
2021-06-08T11:32:01,100.0,39.2,S
2021-06-08T11:32:01,2000.0,39.2,S
2021-06-08T11:31:51,500.0,39.5,B
2021-06-08T11:31:36,2400.0,39.3,S
2021-06-08T11:31:36,3300.0,39.3,S
2021-06-08T11:31:36,400.0,39.4,S
2021-06-08T11:31:36,3900.0,39.4,S
2021-06-08T11:31:31,500.0,39.5,B
2021-06-08T11:31:26,100.0,39.5,B
2021-06-08T11:31:21,1500.0,39.4,S
2021-06-08T11:31:16,1000.0,39.45,S
2021-06-08T11:31:11,200.0,39.5,B
2021-06-08T11:31:06,200.0,39.5,B
2021-06-08T11:30:41,200.0,39.45,S
2021-06-08T11:30:31,5000.0,39.45,S
2021-06-08T11:30:26,5000.0,39.5,B
2021-06-08T11:29:42,2300.0,39.5,B
2021-06-08T11:29:39,200.0,39.5,B
2021-06-08T11:29:31,100.0,39.5,B
2021-06-08T11:29:25,10000.0,39.5,B
2021-06-08T11:29:19,6000.0,39.5,B
2021-06-08T11:29:17,100.0,39.5,B
2021-06-08T11:29:01,100.0,39.5,B
2021-06-08T11:28:56,1000.0,39.5,B
2021-06-08T11:28:30,10000.0,39.5,B
2021-06-08T11:28:25,200.0,39.5,B
2021-06-08T11:28:15,500.0,39.45,S
2021-06-08T11:28:00,200.0,39.5,B
2021-06-08T11:27:52,3900.0,39.5,S
2021-06-08T11:27:46,100.0,39.5,S
2021-06-08T11:27:42,500.0,39.5,S
2021-06-08T11:27:25,20000.0,39.5,S
2021-06-08T11:27:24,500.0,39.5,S
2021-06-08T11:27:19,100.0,39.5,S
2021-06-08T11:27:16,100.0,39.45,S
2021-06-08T11:27:13,300.0,39.5,S
2021-06-08T11:27:13,300.0,39.5,S
2021-06-08T11:27:12,500.0,39.5,S
2021-06-08T11:27:08,20000.0,39.5,S
2021-06-08T11:27:08,700.0,39.5,S
2021-06-08T11:26:51,5000.0,39.5,S
2021-06-08T11:26:50,100.0,39.5,S
2021-06-08T11:26:40,500.0,39.5,S
2021-06-08T11:26:35,300.0,39.5,S
2021-06-08T11:26:23,100.0,39.5,S
2021-06-08T11:26:20,100.0,39.5,S
2021-06-08T11:26:15,100.0,39.5,S
2021-06-08T11:26:00,100.0,39.5,S
2021-06-08T11:26:00,7600.0,39.5,S
2021-06-08T11:26:00,100.0,39.5,S
2021-06-08T11:26:00,1400.0,39.5,S
2021-06-08T11:26:00,900.0,39.5,S
2021-06-08T11:26:00,200.0,39.5,S
2021-06-08T11:26:00,6400.0,39.5,S
2021-06-08T11:25:45,11700.0,39.5,S
2021-06-08T11:25:45,100.0,39.5,S
2021-06-08T11:25:45,8200.0,39.5,S
2021-06-08T11:25:41,1100.0,39.7,S
2021-06-08T11:25:15,500.0,39.7,S
2021-06-08T11:23:25,100.0,39.7,S
2021-06-08T11:23:17,100.0,39.5,S
2021-06-08T11:23:13,100.0,39.5,S
2021-06-08T11:23:13,400.0,39.5,S
2021-06-08T11:23:13,2400.0,39.5,S
2021-06-08T11:23:13,200.0,39.55,S
2021-06-08T11:23:11,1000.0,39.7,S
2021-06-08T11:22:46,1000.0,39.7,S
2021-06-08T11:22:38,100.0,39.6,S
2021-06-08T11:22:25,1000.0,39.7,S
2021-06-08T11:22:25,100.0,39.7,S
2021-06-08T11:21:43,600.0,39.5,S
2021-06-08T11:21:31,2000.0,39.5,S
2021-06-08T11:21:31,100.0,39.5,S
2021-06-08T11:21:31,4000.0,39.5,S
2021-06-08T11:21:31,20900.0,39.55,S
2021-06-08T11:21:31,2000.0,39.55,S
2021-06-08T11:21:31,10600.0,39.6,S
2021-06-08T11:21:31,400.0,39.6,S
2021-06-08T11:21:31,13500.0,39.6,S
2021-06-08T11:21:31,1800.0,39.6,S
2021-06-08T11:21:31,300.0,39.6,S
2021-06-08T11:21:31,400.0,39.6,S
2021-06-08T11:21:31,500.0,39.6,S
2021-06-08T11:21:31,2300.0,39.6,S
2021-06-08T11:21:31,1400.0,39.6,S
2021-06-08T11:21:31,14800.0,39.6,S
2021-06-08T11:21:31,9400.0,39.65,S
2021-06-08T11:21:31,15100.0,39.7,S
2021-06-08T11:21:31,400.0,39.7,S
2021-06-08T11:21:31,100.0,39.7,S
2021-06-08T11:20:55,1000.0,39.7,S
2021-06-08T11:20:47,1800.0,39.7,S
2021-06-08T11:20:44,700.0,39.8,B
2021-06-08T11:20:11,5000.0,39.8,B
2021-06-08T11:19:06,200.0,39.7,S
2021-06-08T11:19:06,2800.0,39.7,S
2021-06-08T11:19:03,1000.0,39.7,S
2021-06-08T11:18:40,300.0,39.8,B
2021-06-08T11:18:09,1200.0,39.8,B
2021-06-08T11:18:00,500.0,39.8,B
2021-06-08T11:17:53,100.0,39.7,S
2021-06-08T11:17:52,100.0,39.8,B
2021-06-08T11:17:48,1100.0,39.8,B
2021-06-08T11:17:47,5100.0,39.8,B
2021-06-08T11:17:38,100.0,39.8,B
2021-06-08T11:17:34,100.0,39.8,B
2021-06-08T11:16:34,1000.0,39.7,S
2021-06-08T11:16:04,1100.0,39.8,S
2021-06-08T11:15:53,2000.0,39.8,S
2021-06-08T11:15:49,1400.0,39.75,S
2021-06-08T11:15:19,2900.0,39.75,S
2021-06-08T11:15:19,100.0,39.75,S
2021-06-08T11:15:19,4400.0,39.75,S
2021-06-08T11:15:19,300.0,39.75,S
2021-06-08T11:15:19,200.0,39.75,S
2021-06-08T11:15:19,100.0,39.75,S
2021-06-08T11:15:07,100.0,39.8,S
2021-06-08T11:14:20,200.0,39.8,S
2021-06-08T11:13:48,100.0,39.8,S
2021-06-08T11:13:00,13200.0,39.9,B
2021-06-08T11:13:00,500.0,39.9,B
2021-06-08T11:13:00,6300.0,39.9,B
2021-06-08T11:12:59,1000.0,39.8,S
2021-06-08T11:12:29,5000.0,39.8,S
2021-06-08T11:12:18,400.0,39.8,S
2021-06-08T11:12:09,100.0,39.8,S
2021-06-08T11:12:07,8100.0,39.8,S
2021-06-08T11:11:32,1000.0,39.8,S
2021-06-08T11:11:16,500.0,39.8,S
2021-06-08T11:11:12,1000.0,39.8,S
2021-06-08T11:11:09,1800.0,39.8,S
2021-06-08T11:10:37,2000.0,39.8,S
2021-06-08T11:10:20,2000.0,39.8,S
2021-06-08T11:10:04,500.0,39.9,B
2021-06-08T11:09:59,900.0,39.9,B
2021-06-08T11:09:55,200.0,39.8,S
2021-06-08T11:09:44,100.0,39.8,S
2021-06-08T11:09:18,2000.0,39.8,S
2021-06-08T11:09:11,1500.0,39.8,S
2021-06-08T11:08:48,2000.0,39.9,S
2021-06-08T11:08:44,700.0,39.8,S
2021-06-08T11:08:03,100.0,39.75,S
2021-06-08T11:07:43,1000.0,39.8,S
2021-06-08T11:07:37,500.0,39.8,S
2021-06-08T11:07:32,500.0,39.8,S
2021-06-08T11:07:04,1100.0,39.8,S
2021-06-08T11:06:46,5400.0,39.8,S
2021-06-08T11:06:16,300.0,39.8,S
2021-06-08T11:05:53,16500.0,39.8,S
2021-06-08T11:05:40,400.0,39.8,S
2021-06-08T11:05:22,5000.0,39.8,S
2021-06-08T11:04:48,900.0,39.9,S
2021-06-08T11:03:55,3000.0,39.9,S
2021-06-08T11:03:32,900.0,39.8,S
2021-06-08T11:03:32,400.0,39.8,S
2021-06-08T11:03:10,5000.0,39.8,S
2021-06-08T11:02:17,1100.0,39.8,S
2021-06-08T11:02:17,8900.0,39.8,S
2021-06-08T11:02:16,1000.0,39.9,S
2021-06-08T11:01:44,300.0,39.9,S
2021-06-08T11:00:51,10500.0,40.0,B
2021-06-08T11:00:51,400.0,39.9,S
2021-06-08T11:00:50,600.0,39.9,S
2021-06-08T11:00:50,2200.0,39.9,S
2021-06-08T11:00:47,200.0,39.8,S
2021-06-08T11:00:39,200.0,39.8,S
2021-06-08T11:00:02,300.0,39.9,S
2021-06-08T10:59:36,1000.0,39.9,S
2021-06-08T10:59:32,500.0,39.8,S
2021-06-08T10:59:27,300.0,39.9,S
2021-06-08T10:58:14,10000.0,39.8,S
2021-06-08T10:56:30,200.0,39.9,S
2021-06-08T10:56:29,400.0,39.75,S
2021-06-08T10:56:29,2300.0,39.75,S
2021-06-08T10:56:29,100.0,39.75,S
2021-06-08T10:56:29,2200.0,39.75,S
2021-06-08T10:55:57,1000.0,39.8,S
2021-06-08T10:55:50,1000.0,39.8,S
2021-06-08T10:55:47,100.0,39.75,S
2021-06-08T10:55:04,200.0,40.0,B
2021-06-08T10:55:02,5000.0,39.75,S
2021-06-08T10:55:02,1000.0,40.0,B
2021-06-08T10:54:52,500.0,39.85,S
2021-06-08T10:54:25,200.0,39.85,S
2021-06-08T10:54:17,100.0,39.85,S
2021-06-08T10:54:13,3000.0,40.0,B
2021-06-08T10:53:50,100.0,39.9,S
2021-06-08T10:53:16,100.0,39.8,S
2021-06-08T10:52:59,100.0,40.0,B
2021-06-08T10:52:35,2000.0,39.75,S
2021-06-08T10:52:35,1000.0,39.8,S
2021-06-08T10:52:32,500.0,39.8,S
2021-06-08T10:52:22,2700.0,39.8,S
2021-06-08T10:52:16,700.0,39.8,S
2021-06-08T10:52:16,300.0,39.8,S
2021-06-08T10:52:16,2000.0,39.9,S
2021-06-08T10:51:57,100.0,39.9,S
2021-06-08T10:51:57,1900.0,39.9,S
2021-06-08T10:51:47,2300.0,39.9,S
2021-06-08T10:51:41,700.0,39.9,S
2021-06-08T10:51:18,100.0,40.0,S
2021-06-08T10:50:27,100.0,39.9,S
2021-06-08T10:50:27,300.0,39.9,S
2021-06-08T10:50:27,100.0,39.9,S
2021-06-08T10:50:23,300.0,39.95,S
2021-06-08T10:50:23,200.0,39.95,S
2021-06-08T10:50:19,1000.0,40.0,S
2021-06-08T10:50:14,100.0,40.0,S
2021-06-08T10:50:12,200.0,39.95,S
2021-06-08T10:49:41,200.0,39.95,S
2021-06-08T10:49:25,5000.0,40.0,S
2021-06-08T10:49:09,6900.0,40.0,S
2021-06-08T10:49:09,3300.0,40.0,S
2021-06-08T10:49:09,1100.0,40.0,S
2021-06-08T10:49:09,400.0,40.0,S
2021-06-08T10:49:09,1000.0,40.0,S
2021-06-08T10:49:08,200.0,40.0,S
2021-06-08T10:49:08,6300.0,40.0,S
2021-06-08T10:49:08,5100.0,40.0,S
2021-06-08T10:49:08,2300.0,40.0,S
2021-06-08T10:49:08,2300.0,40.0,S
2021-06-08T10:49:08,500.0,40.0,S
2021-06-08T10:49:08,600.0,40.0,S
2021-06-08T10:49:08,1600.0,40.0,S
2021-06-08T10:49:08,700.0,40.0,S
2021-06-08T10:49:08,500.0,40.0,S
2021-06-08T10:49:08,500.0,40.0,S
2021-06-08T10:49:08,300.0,40.0,S
2021-06-08T10:49:08,3100.0,40.0,S
2021-06-08T10:49:08,3000.0,40.0,S
2021-06-08T10:49:08,1900.0,40.0,S
2021-06-08T10:49:08,11400.0,40.0,S
2021-06-08T10:49:08,12600.0,40.0,S
2021-06-08T10:49:08,400.0,40.0,S
2021-06-08T10:49:08,100.0,40.0,S
2021-06-08T10:49:04,300.0,40.0,S
2021-06-08T10:49:01,1600.0,40.0,S
2021-06-08T10:49:01,1100.0,40.0,S
2021-06-08T10:48:37,4000.0,40.0,S
2021-06-08T10:48:15,1000.0,40.1,S
2021-06-08T10:48:05,500.0,40.0,S
2021-06-08T10:47:42,100.0,40.05,S
2021-06-08T10:47:28,1500.0,40.0,S
2021-06-08T10:47:27,400.0,40.1,S
2021-06-08T10:47:27,10000.0,40.0,S
2021-06-08T10:47:27,2000.0,40.0,S
2021-06-08T10:47:26,7700.0,40.0,S
2021-06-08T10:47:15,500.0,40.05,S
2021-06-08T10:47:08,100.0,40.1,S
2021-06-08T10:46:46,1000.0,40.0,S
2021-06-08T10:46:33,1000.0,40.0,S
2021-06-08T10:46:22,1300.0,40.05,S
2021-06-08T10:46:22,1700.0,40.05,S
2021-06-08T10:46:15,2000.0,40.05,S
2021-06-08T10:45:59,2100.0,40.05,S
2021-06-08T10:45:48,1000.0,40.1,S
2021-06-08T10:45:34,1000.0,40.05,S
2021-06-08T10:45:13,400.0,40.1,S
2021-06-08T10:45:07,200.0,40.1,S
2021-06-08T10:44:53,100.0,40.05,S
2021-06-08T10:44:44,300.0,40.1,S
2021-06-08T10:44:06,2200.0,40.15,B
2021-06-08T10:44:00,900.0,40.05,S
2021-06-08T10:43:58,500.0,40.1,S
2021-06-08T10:43:36,1000.0,40.1,S
2021-06-08T10:43:29,200.0,40.1,S
2021-06-08T10:43:08,500.0,40.05,S
2021-06-08T10:42:52,100.0,40.1,S
2021-06-08T10:42:49,500.0,40.1,S
2021-06-08T10:42:39,200.0,40.05,S
2021-06-08T10:42:38,4500.0,40.05,S
2021-06-08T10:42:38,500.0,40.05,S
2021-06-08T10:42:37,1000.0,40.05,S
2021-06-08T10:42:04,200.0,40.1,S
2021-06-08T10:41:58,500.0,40.05,S
2021-06-08T10:41:54,1000.0,40.05,S
2021-06-08T10:41:39,300.0,40.1,S
2021-06-08T10:41:18,600.0,40.1,S
2021-06-08T10:41:08,400.0,40.1,S
2021-06-08T10:41:08,100.0,40.1,S
2021-06-08T10:41:08,4500.0,40.1,S
2021-06-08T10:41:06,100.0,40.15,S
2021-06-08T10:40:54,5000.0,40.1,S
2021-06-08T10:40:51,400.0,40.1,S
2021-06-08T10:40:51,600.0,40.1,S
2021-06-08T10:40:33,1800.0,40.15,S
2021-06-08T10:40:31,1300.0,40.1,S
2021-06-08T10:40:31,600.0,40.1,S
2021-06-08T10:40:31,1800.0,40.1,S
2021-06-08T10:40:30,1300.0,40.1,S
2021-06-08T10:40:12,200.0,40.1,S
2021-06-08T10:40:10,3000.0,40.1,S
2021-06-08T10:39:55,100.0,40.15,S
2021-06-08T10:39:41,500.0,40.15,S
2021-06-08T10:39:21,1000.0,40.1,S
2021-06-08T10:38:54,400.0,40.15,S
2021-06-08T10:38:50,500.0,40.1,S
2021-06-08T10:38:49,100.0,40.15,S
2021-06-08T10:38:46,700.0,40.15,S
2021-06-08T10:38:45,100.0,40.15,S
2021-06-08T10:38:33,1000.0,40.1,S
2021-06-08T10:38:03,1000.0,40.1,S
2021-06-08T10:38:03,4000.0,40.1,S
2021-06-08T10:37:52,200.0,40.1,S
2021-06-08T10:37:52,1300.0,40.1,S
2021-06-08T10:37:52,400.0,40.15,S
2021-06-08T10:37:52,1000.0,40.15,S
2021-06-08T10:37:52,3100.0,40.15,S
2021-06-08T10:37:05,300.0,40.15,S
2021-06-08T10:37:01,200.0,40.15,S
2021-06-08T10:36:54,500.0,40.2,B
2021-06-08T10:36:18,5000.0,40.15,S
2021-06-08T10:36:07,2000.0,40.2,S
2021-06-08T10:36:01,100.0,40.2,S
2021-06-08T10:36:00,200.0,40.2,S
2021-06-08T10:35:51,800.0,40.15,S
2021-06-08T10:35:50,1700.0,40.15,S
2021-06-08T10:35:35,1500.0,40.15,S
2021-06-08T10:35:20,1100.0,40.2,S
2021-06-08T10:33:56,100.0,40.2,S
2021-06-08T10:33:43,500.0,40.2,S
2021-06-08T10:33:31,300.0,40.2,S
2021-06-08T10:33:21,100.0,40.2,S
2021-06-08T10:33:21,400.0,40.2,S
2021-06-08T10:32:48,100.0,40.2,S
2021-06-08T10:32:44,2000.0,40.2,S
2021-06-08T10:32:44,100.0,40.2,S
2021-06-08T10:32:44,2500.0,40.2,S
2021-06-08T10:32:44,600.0,40.2,S
2021-06-08T10:32:44,1500.0,40.2,S
2021-06-08T10:32:44,800.0,40.2,S
2021-06-08T10:32:44,300.0,40.2,S
2021-06-08T10:32:44,500.0,40.2,S
2021-06-08T10:32:44,3300.0,40.2,S
2021-06-08T10:32:44,100.0,40.2,S
2021-06-08T10:32:44,10100.0,40.2,S
2021-06-08T10:32:44,10000.0,40.2,S
2021-06-08T10:32:26,200.0,40.2,S
2021-06-08T10:32:15,200.0,40.25,S
2021-06-08T10:32:00,10000.0,40.25,S
2021-06-08T10:31:56,4000.0,40.25,S
2021-06-08T10:31:20,100.0,40.3,S
2021-06-08T10:31:06,100.0,40.3,S
2021-06-08T10:30:54,700.0,40.2,S
2021-06-08T10:30:54,100.0,40.2,S
2021-06-08T10:30:54,10200.0,40.25,S
2021-06-08T10:30:41,1000.0,40.25,S
2021-06-08T10:30:32,400.0,40.3,S
2021-06-08T10:29:31,1500.0,40.3,S
2021-06-08T10:29:31,200.0,40.3,S
2021-06-08T10:29:31,1700.0,40.3,S
2021-06-08T10:29:15,2000.0,40.3,S
2021-06-08T10:28:49,500.0,40.3,S
2021-06-08T10:28:48,1000.0,40.35,S
2021-06-08T10:28:38,1100.0,40.35,S
2021-06-08T10:28:20,1200.0,40.35,S
2021-06-08T10:28:05,1000.0,40.3,S
2021-06-08T10:27:57,700.0,40.3,S
2021-06-08T10:27:57,2500.0,40.3,S
2021-06-08T10:27:57,1000.0,40.3,S
2021-06-08T10:27:57,1000.0,40.3,S
2021-06-08T10:27:57,500.0,40.3,S
2021-06-08T10:27:56,4300.0,40.3,S
2021-06-08T10:27:50,600.0,40.35,S
2021-06-08T10:27:32,2000.0,40.3,S
2021-06-08T10:27:30,1400.0,40.3,S
2021-06-08T10:27:30,3000.0,40.3,S
2021-06-08T10:27:30,700.0,40.3,S
2021-06-08T10:27:30,1900.0,40.3,S
2021-06-08T10:27:29,100.0,40.35,S
2021-06-08T10:27:17,3600.0,40.3,S
2021-06-08T10:27:17,700.0,40.3,S
2021-06-08T10:27:01,1000.0,40.3,S
2021-06-08T10:26:38,12000.0,40.3,S
2021-06-08T10:26:25,1000.0,40.3,S
2021-06-08T10:26:19,1000.0,40.3,S
2021-06-08T10:26:13,300.0,40.35,S
2021-06-08T10:25:54,100.0,40.35,S
2021-06-08T10:25:46,5000.0,40.35,S
2021-06-08T10:25:34,200.0,40.3,S
2021-06-08T10:25:32,700.0,40.35,S
2021-06-08T10:25:21,1000.0,40.35,S
2021-06-08T10:25:20,500.0,40.35,S
2021-06-08T10:24:52,1100.0,40.3,S
2021-06-08T10:24:44,3000.0,40.35,S
2021-06-08T10:24:41,1200.0,40.3,S
2021-06-08T10:24:13,100.0,40.35,S
2021-06-08T10:23:21,100.0,40.4,B
2021-06-08T10:23:17,10000.0,40.4,B
2021-06-08T10:23:09,500.0,40.3,S
2021-06-08T10:23:05,100.0,40.35,S
2021-06-08T10:23:03,2000.0,40.35,S
2021-06-08T10:23:01,300.0,40.35,S
2021-06-08T10:22:55,200.0,40.3,S
2021-06-08T10:22:48,1200.0,40.35,S
2021-06-08T10:22:48,500.0,40.35,S
2021-06-08T10:22:48,9100.0,40.35,S
2021-06-08T10:22:12,200.0,40.4,B
2021-06-08T10:22:10,900.0,40.4,B
2021-06-08T10:22:08,2200.0,40.35,S
2021-06-08T10:22:08,7800.0,40.35,S
2021-06-08T10:21:58,1000.0,40.4,B
2021-06-08T10:21:53,2000.0,40.35,S
2021-06-08T10:21:35,1000.0,40.4,B
2021-06-08T10:21:19,100.0,40.35,S
2021-06-08T10:21:19,600.0,40.35,S
2021-06-08T10:21:19,800.0,40.35,S
2021-06-08T10:21:19,1100.0,40.35,S
2021-06-08T10:21:18,2400.0,40.35,S
2021-06-08T10:21:11,100.0,40.4,B
2021-06-08T10:20:58,100.0,40.4,S
2021-06-08T10:20:53,500.0,40.4,S
2021-06-08T10:20:51,8600.0,40.4,S
2021-06-08T10:20:48,1000.0,40.35,S
2021-06-08T10:20:13,100.0,40.4,S
2021-06-08T10:20:02,100.0,40.4,S
2021-06-08T10:19:33,1000.0,40.4,S
2021-06-08T10:19:32,3300.0,40.35,S
2021-06-08T10:18:59,1000.0,40.35,S
2021-06-08T10:18:14,6400.0,40.4,S
2021-06-08T10:18:07,1000.0,40.4,S
2021-06-08T10:17:59,100.0,40.35,S
2021-06-08T10:17:58,5000.0,40.4,S
2021-06-08T10:17:31,1000.0,40.35,S
2021-06-08T10:17:31,500.0,40.4,S
2021-06-08T10:17:27,1000.0,40.4,S
2021-06-08T10:17:21,1100.0,40.4,S
2021-06-08T10:17:20,3300.0,40.4,S
2021-06-08T10:17:19,100.0,40.4,S
2021-06-08T10:17:13,100.0,40.4,S
2021-06-08T10:17:09,100.0,40.4,S
2021-06-08T10:17:08,1400.0,40.4,S
2021-06-08T10:17:08,300.0,40.4,S
2021-06-08T10:17:08,12000.0,40.4,S
2021-06-08T10:17:08,100.0,40.4,S
2021-06-08T10:17:08,6600.0,40.4,S
2021-06-08T10:16:54,500.0,40.45,S
2021-06-08T10:16:54,300.0,40.45,S
2021-06-08T10:16:43,1000.0,40.4,S
2021-06-08T10:16:25,1000.0,40.4,S
2021-06-08T10:16:01,100.0,40.5,B
2021-06-08T10:15:49,2600.0,40.4,S
2021-06-08T10:15:10,400.0,40.5,B
2021-06-08T10:15:10,500.0,40.5,B
2021-06-08T10:15:10,21100.0,40.5,B
2021-06-08T10:15:01,200.0,40.4,S
2021-06-08T10:14:37,300.0,40.45,S
2021-06-08T10:14:31,1700.0,40.45,S
2021-06-08T10:14:25,500.0,40.45,S
2021-06-08T10:14:14,1000.0,40.45,S
2021-06-08T10:14:12,300.0,40.4,S
2021-06-08T10:14:02,3000.0,40.4,S
2021-06-08T10:14:02,200.0,40.45,S
2021-06-08T10:13:56,1400.0,40.45,S
2021-06-08T10:13:46,100.0,40.5,B
2021-06-08T10:13:42,3000.0,40.5,B
2021-06-08T10:13:34,500.0,40.45,S
2021-06-08T10:13:29,1000.0,40.45,S
2021-06-08T10:13:23,100.0,40.45,S
2021-06-08T10:13:22,100.0,40.45,S
2021-06-08T10:13:22,200.0,40.45,S
2021-06-08T10:13:09,1000.0,40.45,S
2021-06-08T10:12:29,400.0,40.45,S
2021-06-08T10:12:17,1000.0,40.4,S
2021-06-08T10:12:17,300.0,40.45,S
2021-06-08T10:12:00,100.0,40.45,S
2021-06-08T10:11:55,100.0,40.45,S
2021-06-08T10:11:46,400.0,40.4,S
2021-06-08T10:11:46,200.0,40.4,S
2021-06-08T10:11:46,600.0,40.4,S
2021-06-08T10:11:20,800.0,40.4,S
2021-06-08T10:11:12,2000.0,40.45,S
2021-06-08T10:10:42,1200.0,40.4,S
2021-06-08T10:10:41,300.0,40.4,S
2021-06-08T10:10:35,3200.0,40.5,B
2021-06-08T10:10:34,800.0,40.5,B
2021-06-08T10:10:24,3000.0,40.4,S
2021-06-08T10:10:10,1000.0,40.45,S
2021-06-08T10:10:05,500.0,40.45,S
2021-06-08T10:09:43,2000.0,40.4,S
2021-06-08T10:09:29,500.0,40.4,S
2021-06-08T10:09:22,5000.0,40.4,S
2021-06-08T10:09:04,1000.0,40.5,B
2021-06-08T10:08:50,2200.0,40.45,S
2021-06-08T10:08:00,200.0,40.4,S
2021-06-08T10:07:55,100.0,40.5,B
2021-06-08T10:07:53,200.0,40.5,B
2021-06-08T10:07:50,200.0,40.5,B
2021-06-08T10:07:37,100.0,40.4,S
2021-06-08T10:07:28,100.0,40.5,B
2021-06-08T10:07:23,100.0,40.4,S
2021-06-08T10:07:04,100.0,40.5,B
2021-06-08T10:07:03,1900.0,40.5,B
2021-06-08T10:06:48,2000.0,40.5,B
2021-06-08T10:06:29,600.0,40.4,S
2021-06-08T10:06:29,400.0,40.4,S
2021-06-08T10:06:29,1100.0,40.4,S
2021-06-08T10:06:29,600.0,40.4,S
2021-06-08T10:06:29,400.0,40.4,S
2021-06-08T10:06:29,12200.0,40.4,S
2021-06-08T10:06:27,1000.0,40.5,B
2021-06-08T10:06:27,200.0,40.5,B
2021-06-08T10:06:26,500.0,40.45,S
2021-06-08T10:05:15,400.0,40.45,S
2021-06-08T10:05:03,500.0,40.45,S
2021-06-08T10:04:43,500.0,40.4,S
2021-06-08T10:04:34,3000.0,40.5,B
2021-06-08T10:04:25,700.0,40.4,B
2021-06-08T10:04:18,100.0,40.5,B
2021-06-08T10:04:16,100.0,40.5,B
2021-06-08T10:04:09,1000.0,40.5,B
2021-06-08T10:04:06,500.0,40.5,B
2021-06-08T10:03:48,1300.0,40.5,B
2021-06-08T10:03:43,200.0,40.45,B
2021-06-08T10:03:24,6300.0,40.4,B
2021-06-08T10:03:24,6700.0,40.45,B
2021-06-08T10:03:24,1000.0,40.5,B
2021-06-08T10:03:03,200.0,40.5,B
2021-06-08T10:02:52,100.0,40.5,B
2021-06-08T10:02:50,2000.0,40.5,B
2021-06-08T10:02:44,500.0,40.5,B
2021-06-08T10:02:25,200.0,40.5,B
2021-06-08T10:02:10,200.0,40.5,B
2021-06-08T10:02:01,1000.0,40.45,B
2021-06-08T10:01:49,1000.0,40.5,B
2021-06-08T10:01:35,3000.0,40.45,B
2021-06-08T10:01:29,200.0,40.5,B
2021-06-08T10:01:27,200.0,40.5,B
2021-06-08T10:01:27,1300.0,40.5,B
2021-06-08T10:01:09,1400.0,40.5,B
2021-06-08T10:00:52,100.0,40.5,B
2021-06-08T10:00:41,1000.0,40.5,B
2021-06-08T10:00:38,200.0,40.5,B
2021-06-08T10:00:35,300.0,40.5,B
2021-06-08T10:00:34,900.0,40.5,B
2021-06-08T10:00:33,200.0,40.5,B
2021-06-08T10:00:28,700.0,40.45,B
2021-06-08T10:00:20,100.0,40.5,B
2021-06-08T10:00:17,1100.0,40.5,B
2021-06-08T10:00:03,500.0,40.45,B
2021-06-08T09:59:59,100.0,40.5,B
2021-06-08T09:59:55,100.0,40.5,B
2021-06-08T09:59:03,700.0,40.5,B
2021-06-08T09:59:00,100.0,40.45,B
2021-06-08T09:58:42,100.0,40.5,B
2021-06-08T09:58:37,100.0,40.45,B
2021-06-08T09:58:34,5000.0,40.4,B
2021-06-08T09:58:27,1500.0,40.4,B
2021-06-08T09:58:25,1600.0,40.5,B
2021-06-08T09:58:17,1000.0,40.5,B
2021-06-08T09:58:16,1400.0,40.5,B
2021-06-08T09:58:04,500.0,40.5,B
2021-06-08T09:57:55,300.0,40.5,B
2021-06-08T09:57:55,600.0,40.5,B
2021-06-08T09:57:55,1500.0,40.5,B
2021-06-08T09:57:55,100.0,40.5,B
2021-06-08T09:57:55,600.0,40.5,B
2021-06-08T09:57:55,200.0,40.5,B
2021-06-08T09:57:55,2500.0,40.5,B
2021-06-08T09:57:55,5100.0,40.5,B
2021-06-08T09:57:53,4100.0,40.5,B
2021-06-08T09:57:36,1200.0,40.5,B
2021-06-08T09:57:36,800.0,40.5,B
2021-06-08T09:57:14,500.0,40.5,B
2021-06-08T09:57:13,1000.0,40.4,B
2021-06-08T09:57:02,200.0,40.4,B
2021-06-08T09:57:02,200.0,40.45,B
2021-06-08T09:56:47,2600.0,40.45,B
2021-06-08T09:56:43,100.0,40.4,B
2021-06-08T09:56:41,1000.0,40.4,B
2021-06-08T09:56:22,2300.0,40.4,B
2021-06-08T09:55:56,1500.0,40.4,B
2021-06-08T09:55:51,5000.0,40.4,B
2021-06-08T09:55:44,900.0,40.4,B
2021-06-08T09:55:34,1200.0,40.35,S
2021-06-08T09:55:34,200.0,40.35,S
2021-06-08T09:55:34,1800.0,40.35,S
2021-06-08T09:55:34,1900.0,40.35,S
2021-06-08T09:55:33,2000.0,40.4,B
2021-06-08T09:55:26,500.0,40.35,S
2021-06-08T09:55:25,1000.0,40.4,B
2021-06-08T09:55:24,6000.0,40.4,B
2021-06-08T09:55:21,500.0,40.5,B
2021-06-08T09:55:12,200.0,40.4,B
2021-06-08T09:55:00,500.0,40.45,B
2021-06-08T09:54:54,800.0,40.5,B
2021-06-08T09:54:53,4200.0,40.5,B
2021-06-08T09:54:50,200.0,40.45,B
2021-06-08T09:54:49,500.0,40.45,B
2021-06-08T09:54:42,100.0,40.45,B
2021-06-08T09:54:38,100.0,40.35,S
2021-06-08T09:54:34,1000.0,40.45,B
2021-06-08T09:54:20,2300.0,40.4,B
2021-06-08T09:54:16,100.0,40.4,B
2021-06-08T09:54:13,1000.0,40.4,B
2021-06-08T09:54:13,300.0,40.4,B
2021-06-08T09:54:02,100.0,40.4,B
2021-06-08T09:53:50,7800.0,40.4,B
2021-06-08T09:53:48,1000.0,40.4,B
2021-06-08T09:53:48,300.0,40.4,B
2021-06-08T09:53:48,900.0,40.4,B
2021-06-08T09:53:46,200.0,40.4,B
2021-06-08T09:53:37,400.0,40.4,B
2021-06-08T09:53:28,3800.0,40.4,B
2021-06-08T09:53:16,1500.0,40.4,B
2021-06-08T09:53:05,300.0,40.4,B
2021-06-08T09:53:03,1000.0,40.4,B
2021-06-08T09:52:38,200.0,40.4,B
2021-06-08T09:52:32,500.0,40.35,S
2021-06-08T09:52:32,200.0,40.35,S
2021-06-08T09:52:29,100.0,40.35,S
2021-06-08T09:52:28,10000.0,40.35,S
2021-06-08T09:52:22,2000.0,40.35,S
2021-06-08T09:52:11,8000.0,40.35,S
2021-06-08T09:52:11,100.0,40.35,S
2021-06-08T09:51:55,2500.0,40.35,S
2021-06-08T09:51:55,100.0,40.35,S
2021-06-08T09:51:54,7500.0,40.35,S
2021-06-08T09:51:40,200.0,40.4,B
2021-06-08T09:51:37,100.0,40.4,B
2021-06-08T09:51:25,400.0,40.35,S
2021-06-08T09:51:25,2100.0,40.35,S
2021-06-08T09:51:17,2000.0,40.4,B
2021-06-08T09:51:14,100.0,40.4,B
2021-06-08T09:51:14,1100.0,40.5,B
2021-06-08T09:51:14,200.0,40.5,B
2021-06-08T09:51:14,6700.0,40.5,B
2021-06-08T09:51:08,500.0,40.4,B
2021-06-08T09:51:06,2000.0,40.4,B
2021-06-08T09:51:04,100.0,40.5,B
2021-06-08T09:51:04,100.0,40.4,B
2021-06-08T09:51:02,300.0,40.4,B
2021-06-08T09:50:49,100.0,40.4,B
2021-06-08T09:50:48,500.0,40.5,B
2021-06-08T09:50:37,500.0,40.5,B
2021-06-08T09:50:37,2000.0,40.5,B
2021-06-08T09:50:37,1100.0,40.5,B
2021-06-08T09:50:37,3500.0,40.5,B
2021-06-08T09:50:37,7000.0,40.5,B
2021-06-08T09:50:37,900.0,40.5,B
2021-06-08T09:50:33,200.0,40.35,S
2021-06-08T09:50:28,1000.0,40.35,S
2021-06-08T09:50:14,9700.0,40.35,S
2021-06-08T09:50:14,2000.0,40.35,S
2021-06-08T09:50:08,2000.0,40.4,B
2021-06-08T09:49:58,3700.0,40.4,B
2021-06-08T09:49:52,1200.0,40.35,S
2021-06-08T09:49:30,2000.0,40.4,B
2021-06-08T09:49:15,500.0,40.4,B
2021-06-08T09:49:12,300.0,40.35,S
2021-06-08T09:49:09,200.0,40.35,S
2021-06-08T09:48:54,1500.0,40.35,S
2021-06-08T09:48:52,100.0,40.4,B
2021-06-08T09:48:43,100.0,40.4,B
2021-06-08T09:48:16,100.0,40.4,B
2021-06-08T09:48:03,10000.0,40.35,S
2021-06-08T09:47:43,5000.0,40.4,B
2021-06-08T09:47:34,100.0,40.35,S
2021-06-08T09:47:22,100.0,40.45,B
2021-06-08T09:46:55,2000.0,40.35,B
2021-06-08T09:46:46,100.0,40.4,B
2021-06-08T09:46:32,100.0,40.4,B
2021-06-08T09:46:20,500.0,40.5,B
2021-06-08T09:46:20,900.0,40.5,B
2021-06-08T09:46:20,1600.0,40.5,B
2021-06-08T09:46:20,10000.0,40.5,B
2021-06-08T09:46:20,700.0,40.5,B
2021-06-08T09:46:20,900.0,40.5,B
2021-06-08T09:46:20,4000.0,40.45,B
2021-06-08T09:46:20,21700.0,40.45,B
2021-06-08T09:46:20,9700.0,40.4,B
2021-06-08T09:46:10,100.0,40.35,B
2021-06-08T09:45:23,200.0,40.35,B
2021-06-08T09:45:00,500.0,40.35,B
2021-06-08T09:44:53,100.0,40.35,B
2021-06-08T09:44:49,10000.0,40.35,B
2021-06-08T09:44:49,100.0,40.4,B
2021-06-08T09:44:22,1500.0,40.35,B
2021-06-08T09:44:21,2000.0,40.4,B
2021-06-08T09:44:16,500.0,40.4,B
2021-06-08T09:44:06,3900.0,40.4,B
2021-06-08T09:44:06,1100.0,40.4,B
2021-06-08T09:44:03,200.0,40.35,B
2021-06-08T09:44:01,100.0,40.35,B
2021-06-08T09:43:57,8000.0,40.4,B
2021-06-08T09:43:44,1500.0,40.4,B
2021-06-08T09:43:32,1800.0,40.35,B
2021-06-08T09:43:27,4000.0,40.4,B
2021-06-08T09:43:14,100.0,40.4,B
2021-06-08T09:42:38,100.0,40.35,B
2021-06-08T09:42:36,100.0,40.4,B
2021-06-08T09:42:18,2500.0,40.35,B
2021-06-08T09:42:09,500.0,40.35,B
2021-06-08T09:42:02,800.0,40.4,B
2021-06-08T09:41:42,300.0,40.35,B
2021-06-08T09:41:21,4000.0,40.35,B
2021-06-08T09:41:14,100.0,40.35,B
2021-06-08T09:41:11,2000.0,40.4,B
2021-06-08T09:41:01,10000.0,40.4,B
2021-06-08T09:40:39,8000.0,40.4,B
2021-06-08T09:40:35,200.0,40.3,S
2021-06-08T09:40:29,500.0,40.3,S
2021-06-08T09:40:17,1000.0,40.35,B
2021-06-08T09:40:17,600.0,40.3,S
2021-06-08T09:40:05,100.0,40.3,S
2021-06-08T09:40:03,1900.0,40.3,S
2021-06-08T09:39:15,200.0,40.35,B
2021-06-08T09:39:09,700.0,40.35,B
2021-06-08T09:39:08,100.0,40.35,B
2021-06-08T09:39:04,2500.0,40.3,S
2021-06-08T09:38:53,100.0,40.3,S
2021-06-08T09:38:50,100.0,40.35,S
2021-06-08T09:38:49,200.0,40.35,S
2021-06-08T09:38:37,200.0,40.3,S
2021-06-08T09:38:35,2000.0,40.4,B
2021-06-08T09:38:02,200.0,40.4,B
2021-06-08T09:37:41,300.0,40.4,B
2021-06-08T09:37:09,500.0,40.3,S
2021-06-08T09:37:02,100.0,40.3,S
2021-06-08T09:37:00,500.0,40.3,S
2021-06-08T09:36:53,2600.0,40.4,B
2021-06-08T09:36:35,10000.0,40.4,B
2021-06-08T09:36:17,1000.0,40.4,B
2021-06-08T09:36:15,1000.0,40.4,B
2021-06-08T09:36:05,400.0,40.4,B
2021-06-08T09:35:50,1000.0,40.4,B
2021-06-08T09:35:02,100.0,40.2,S
2021-06-08T09:34:56,500.0,40.2,S
2021-06-08T09:34:31,3700.0,40.4,B
2021-06-08T09:34:11,300.0,40.4,B
2021-06-08T09:33:47,600.0,40.2,S
2021-06-08T09:33:42,5000.0,40.2,S
2021-06-08T09:33:37,2000.0,40.2,S
2021-06-08T09:33:28,4200.0,40.4,B
2021-06-08T09:33:25,500.0,40.4,B
2021-06-08T09:33:22,2000.0,40.4,B
2021-06-08T09:33:05,5300.0,40.5,B
2021-06-08T09:33:05,6100.0,40.5,B
2021-06-08T09:33:05,7900.0,40.5,B
2021-06-08T09:33:05,700.0,40.4,B
2021-06-08T09:33:02,100.0,40.4,B
2021-06-08T09:32:56,1000.0,40.2,S
2021-06-08T09:32:29,500.0,40.2,S
2021-06-08T09:32:23,5000.0,40.4,B
2021-06-08T09:32:01,12100.0,40.15,S
2021-06-08T09:31:45,700.0,40.4,B
2021-06-08T09:31:40,100.0,40.15,S
2021-06-08T09:31:30,200.0,40.15,S
2021-06-08T09:31:29,5000.0,40.4,B
2021-06-08T09:31:17,300.0,40.15,S
2021-06-08T09:31:15,400.0,40.15,S
2021-06-08T09:31:06,100.0,40.15,S
2021-06-08T09:31:06,500.0,40.15,S
2021-06-08T09:31:03,3000.0,40.15,S
2021-06-08T09:31:00,500.0,40.2,S
2021-06-08T09:30:46,700.0,40.2,S
2021-06-08T09:30:46,200.0,40.4,B
2021-06-08T09:30:36,500.0,40.4,B
2021-06-08T09:30:33,200.0,40.2,B
2021-06-08T09:30:24,100.0,40.4,B
2021-06-08T09:30:20,1000.0,40.4,B
2021-06-08T09:30:16,600.0,40.2,B
2021-06-08T09:29:34,2000.0,40.4,B
2021-06-08T09:29:25,5000.0,40.15,B
2021-06-08T09:29:17,18000.0,40.4,B
2021-06-08T09:29:14,100.0,40.25,B
2021-06-08T09:28:52,5000.0,40.15,B
2021-06-08T09:28:49,1000.0,40.25,B
2021-06-08T09:28:26,500.0,40.1,B
2021-06-08T09:28:05,500.0,40.1,B
2021-06-08T09:27:48,100.0,40.1,B
2021-06-08T09:27:27,100.0,40.1,B
2021-06-08T09:27:14,100.0,40.25,B
2021-06-08T09:27:09,300.0,40.1,B
2021-06-08T09:27:07,200.0,40.25,B
2021-06-08T09:26:59,300.0,40.1,B
2021-06-08T09:26:56,7400.0,40.3,B
2021-06-08T09:26:56,1000.0,40.3,B
2021-06-08T09:26:45,5000.0,40.3,B
2021-06-08T09:26:41,100.0,40.3,B
2021-06-08T09:26:35,14000.0,40.3,B
2021-06-08T09:26:34,1000.0,40.3,B
2021-06-08T09:26:32,100.0,40.3,B
2021-06-08T09:26:23,4000.0,40.4,B
2021-06-08T09:26:23,1000.0,40.3,B
2021-06-08T09:26:12,100.0,40.25,B
2021-06-08T09:26:12,10300.0,40.25,B
2021-06-08T09:26:11,6000.0,40.0,S
2021-06-08T09:26:09,1100.0,40.2,B
2021-06-08T09:26:09,900.0,40.1,B
2021-06-08T09:26:03,1000.0,40.1,B
2021-06-08T09:25:58,2000.0,40.05,S
2021-06-08T09:25:32,500.0,40.0,S
2021-06-08T09:25:18,500.0,40.0,S
2021-06-08T09:25:01,500.0,40.1,B
2021-06-08T09:25:00,7000.0,40.0,S
2021-06-08T09:24:13,2500.0,40.0,S
2021-06-08T09:23:55,2500.0,40.0,S
2021-06-08T09:23:54,400.0,40.0,S
2021-06-08T09:23:44,600.0,40.0,S
2021-06-08T09:23:44,500.0,40.05,S
2021-06-08T09:23:44,1000.0,40.05,S
2021-06-08T09:23:43,100.0,40.1,B
2021-06-08T09:23:40,200.0,40.05,S
2021-06-08T09:23:39,300.0,40.05,S
2021-06-08T09:23:32,200.0,40.05,S
2021-06-08T09:23:28,100.0,40.05,S
2021-06-08T09:23:17,100.0,40.05,S
2021-06-08T09:22:57,200.0,40.05,B
2021-06-08T09:22:40,100.0,40.0,B
2021-06-08T09:22:26,1000.0,40.0,B
2021-06-08T09:22:25,600.0,40.0,B
2021-06-08T09:22:18,1900.0,39.75,S
2021-06-08T09:22:17,5000.0,40.0,B
2021-06-08T09:22:15,1100.0,40.0,B
2021-06-08T09:22:15,1400.0,40.0,B
2021-06-08T09:21:51,300.0,40.0,B
2021-06-08T09:21:51,700.0,40.0,B
2021-06-08T09:21:31,200.0,39.75,S
2021-06-08T09:21:07,200.0,39.75,S
2021-06-08T09:20:37,1000.0,39.75,S
2021-06-08T09:20:24,500.0,39.65,S
2021-06-08T09:20:04,900.0,40.0,B
2021-06-08T09:20:04,1300.0,40.0,B
2021-06-08T09:20:03,17800.0,40.0,B
2021-06-08T09:19:46,2400.0,39.65,S
2021-06-08T09:18:49,1000.0,39.7,S
2021-06-08T09:17:37,500.0,39.6,S
2021-06-08T09:17:34,800.0,39.6,S
2021-06-08T09:17:18,100.0,39.6,S
2021-06-08T09:15:41,200.0,39.55,S
