tradingTime,volume,price,side
2021-06-08T14:29:28,100.0,10.6,B
2021-06-08T14:29:07,200.0,10.6,B
2021-06-08T14:28:45,1000.0,10.55,S
2021-06-08T14:28:21,1000.0,10.6,B
2021-06-08T14:28:01,300.0,10.6,B
2021-06-08T14:28:01,5000.0,10.6,B
2021-06-08T14:27:56,300.0,10.6,B
2021-06-08T14:27:56,100.0,10.6,B
2021-06-08T14:27:35,1500.0,10.6,B
2021-06-08T14:27:09,200.0,10.6,B
2021-06-08T14:26:59,1500.0,10.6,B
2021-06-08T14:26:22,200.0,10.6,B
2021-06-08T14:26:08,200.0,10.55,S
2021-06-08T14:25:45,5000.0,10.55,S
2021-06-08T14:25:26,20000.0,10.55,S
2021-06-08T14:25:21,200.0,10.55,S
2021-06-08T14:25:20,500.0,10.6,B
2021-06-08T14:25:11,500.0,10.6,B
2021-06-08T14:25:00,2000.0,10.6,B
2021-06-08T14:24:59,1000.0,10.55,S
2021-06-08T14:24:55,1800.0,10.6,B
2021-06-08T14:24:55,400.0,10.6,B
2021-06-08T14:24:13,500.0,10.6,B
2021-06-08T14:24:01,300.0,10.6,B
2021-06-08T14:24:01,10000.0,10.6,B
2021-06-08T14:24:00,200.0,10.6,B
2021-06-08T14:23:52,1000.0,10.6,B
2021-06-08T14:23:48,10000.0,10.6,B
2021-06-08T14:23:47,1600.0,10.6,B
2021-06-08T14:23:40,3000.0,10.6,B
2021-06-08T14:23:26,100000.0,10.6,B
2021-06-08T14:23:23,400.0,10.6,B
2021-06-08T14:23:21,2000.0,10.6,B
2021-06-08T14:23:13,200.0,10.6,B
2021-06-08T14:23:13,1000.0,10.6,B
2021-06-08T14:23:07,20000.0,10.55,S
2021-06-08T14:23:04,200.0,10.6,B
2021-06-08T14:22:52,100.0,10.6,B
2021-06-08T14:22:47,1000.0,10.55,S
2021-06-08T14:22:47,1500.0,10.6,B
2021-06-08T14:22:46,10000.0,10.6,B
2021-06-08T14:22:43,2000.0,10.6,B
2021-06-08T14:22:42,3000.0,10.6,B
2021-06-08T14:22:34,700.0,10.6,B
2021-06-08T14:22:33,3000.0,10.6,B
2021-06-08T14:22:32,5000.0,10.6,B
2021-06-08T14:22:21,6000.0,10.55,S
2021-06-08T14:22:21,4000.0,10.55,S
2021-06-08T14:22:12,9000.0,10.6,B
2021-06-08T14:21:43,10000.0,10.6,B
2021-06-08T14:21:40,1900.0,10.6,B
2021-06-08T14:21:38,100.0,10.6,B
2021-06-08T14:21:26,3000.0,10.6,B
2021-06-08T14:21:16,10000.0,10.6,B
2021-06-08T14:21:04,100.0,10.6,B
2021-06-08T14:21:00,1000.0,10.6,B
2021-06-08T14:20:55,200.0,10.6,B
2021-06-08T14:20:51,700.0,10.6,B
2021-06-08T14:20:44,30000.0,10.6,B
2021-06-08T14:20:41,1500.0,10.6,B
2021-06-08T14:20:39,300.0,10.6,B
2021-06-08T14:20:28,200.0,10.6,B
2021-06-08T14:20:24,100.0,10.6,B
2021-06-08T14:20:00,1800.0,10.6,B
2021-06-08T14:19:54,2000.0,10.6,B
2021-06-08T14:19:46,300.0,10.6,B
2021-06-08T14:19:43,1500.0,10.6,B
2021-06-08T14:19:40,400.0,10.6,B
2021-06-08T14:19:28,600.0,10.6,B
2021-06-08T14:19:17,500.0,10.6,S
2021-06-08T14:19:13,1000.0,10.6,S
2021-06-08T14:19:09,2800.0,10.6,S
2021-06-08T14:19:08,2700.0,10.6,S
2021-06-08T14:19:07,10000.0,10.65,B
2021-06-08T14:18:58,2800.0,10.6,S
2021-06-08T14:18:58,5900.0,10.6,S
2021-06-08T14:18:57,1300.0,10.6,S
2021-06-08T14:18:39,5000.0,10.6,S
2021-06-08T14:18:34,500.0,10.6,S
2021-06-08T14:18:18,100.0,10.65,B
2021-06-08T14:18:14,500.0,10.6,S
2021-06-08T14:18:05,6100.0,10.6,S
2021-06-08T14:18:05,1500.0,10.6,S
2021-06-08T14:18:05,100.0,10.6,S
2021-06-08T14:18:05,700.0,10.6,S
2021-06-08T14:18:05,5000.0,10.6,S
2021-06-08T14:18:05,800.0,10.6,S
2021-06-08T14:18:05,2900.0,10.6,S
2021-06-08T14:18:05,2100.0,10.6,S
2021-06-08T14:18:05,200.0,10.6,S
2021-06-08T14:18:05,5700.0,10.6,S
2021-06-08T14:18:05,9900.0,10.6,S
2021-06-08T14:18:04,5000.0,10.6,S
2021-06-08T14:18:04,400.0,10.6,S
2021-06-08T14:17:58,500.0,10.65,B
2021-06-08T14:16:58,2000.0,10.6,S
2021-06-08T14:16:24,3000.0,10.6,S
2021-06-08T14:15:40,2800.0,10.6,S
2021-06-08T14:15:40,1000.0,10.6,S
2021-06-08T14:15:40,1700.0,10.6,S
2021-06-08T14:15:40,300.0,10.6,S
2021-06-08T14:15:40,9200.0,10.6,S
2021-06-08T14:15:23,2200.0,10.6,S
2021-06-08T14:15:23,7800.0,10.6,S
2021-06-08T14:15:23,10400.0,10.6,S
2021-06-08T14:15:23,500.0,10.6,S
2021-06-08T14:15:23,1000.0,10.6,S
2021-06-08T14:15:23,3000.0,10.6,S
2021-06-08T14:15:23,2000.0,10.6,S
2021-06-08T14:15:23,69000.0,10.6,S
2021-06-08T14:15:23,1000.0,10.6,S
2021-06-08T14:15:23,300.0,10.6,S
2021-06-08T14:15:23,1100.0,10.6,S
2021-06-08T14:15:23,2000.0,10.6,S
2021-06-08T14:15:23,600.0,10.6,S
2021-06-08T14:15:23,100.0,10.6,S
2021-06-08T14:15:23,1000.0,10.6,S
2021-06-08T14:15:23,300.0,10.6,S
2021-06-08T14:15:23,2000.0,10.6,S
2021-06-08T14:15:23,900.0,10.6,S
2021-06-08T14:15:23,600.0,10.6,S
2021-06-08T14:15:23,300.0,10.6,S
2021-06-08T14:15:23,1000.0,10.6,S
2021-06-08T14:15:23,600.0,10.6,S
2021-06-08T14:15:23,600.0,10.6,S
2021-06-08T14:15:22,1000.0,10.6,S
2021-06-08T14:15:22,900.0,10.6,S
2021-06-08T14:15:22,9800.0,10.6,S
2021-06-08T14:15:22,6100.0,10.6,S
2021-06-08T14:15:22,4800.0,10.6,S
2021-06-08T14:15:22,6200.0,10.6,S
2021-06-08T14:15:22,3200.0,10.6,S
2021-06-08T14:15:22,5800.0,10.6,S
2021-06-08T14:15:22,3000.0,10.6,S
2021-06-08T14:15:21,10000.0,10.6,S
2021-06-08T14:15:21,16000.0,10.6,S
2021-06-08T14:15:21,53100.0,10.6,S
2021-06-08T14:15:21,1200.0,10.6,S
2021-06-08T14:15:21,3000.0,10.6,S
2021-06-08T14:15:21,15600.0,10.6,S
2021-06-08T14:15:21,7800.0,10.6,S
2021-06-08T14:15:21,100.0,10.6,S
2021-06-08T14:15:21,14000.0,10.6,S
2021-06-08T14:15:21,15000.0,10.6,S
2021-06-08T14:15:21,17000.0,10.6,S
2021-06-08T14:15:20,5100.0,10.6,S
2021-06-08T14:15:18,2000.0,10.6,S
2021-06-08T14:15:14,800.0,10.65,B
2021-06-08T14:15:12,8600.0,10.65,B
2021-06-08T14:14:24,4800.0,10.65,B
2021-06-08T14:14:22,100.0,10.6,S
2021-06-08T14:14:16,2000.0,10.6,S
2021-06-08T14:14:13,100.0,10.6,S
2021-06-08T14:13:50,500.0,10.6,S
2021-06-08T14:13:35,11500.0,10.6,S
2021-06-08T14:13:26,1000.0,10.65,B
2021-06-08T14:13:21,100.0,10.65,B
2021-06-08T14:13:16,2900.0,10.65,B
2021-06-08T14:13:14,100.0,10.65,B
2021-06-08T14:13:11,1000.0,10.65,B
2021-06-08T14:13:10,10000.0,10.65,B
2021-06-08T14:12:53,100.0,10.65,B
2021-06-08T14:12:30,400.0,10.65,B
2021-06-08T14:12:23,5000.0,10.65,B
2021-06-08T14:12:08,300.0,10.65,B
2021-06-08T14:11:58,6400.0,10.65,B
2021-06-08T14:11:57,1000.0,10.65,B
2021-06-08T14:11:49,600.0,10.65,B
2021-06-08T14:11:43,1400.0,10.65,B
2021-06-08T14:11:42,1000.0,10.65,B
2021-06-08T14:11:41,3000.0,10.65,B
2021-06-08T14:11:38,2000.0,10.65,B
2021-06-08T14:11:25,100.0,10.65,B
2021-06-08T14:11:13,20500.0,10.65,B
2021-06-08T14:11:13,55500.0,10.65,B
2021-06-08T14:11:13,700.0,10.65,B
2021-06-08T14:11:13,2000.0,10.65,B
2021-06-08T14:11:13,1000.0,10.65,B
2021-06-08T14:11:13,5000.0,10.65,B
2021-06-08T14:11:13,5000.0,10.65,B
2021-06-08T14:11:13,10400.0,10.65,B
2021-06-08T14:11:13,200.0,10.65,B
2021-06-08T14:11:13,1800.0,10.65,B
2021-06-08T14:11:13,1100.0,10.65,B
2021-06-08T14:11:13,6900.0,10.65,B
2021-06-08T14:11:13,2500.0,10.65,B
2021-06-08T14:11:13,2700.0,10.65,B
2021-06-08T14:11:13,7000.0,10.65,B
2021-06-08T14:11:13,15000.0,10.65,B
2021-06-08T14:11:12,1100.0,10.65,B
2021-06-08T14:11:12,700.0,10.65,B
2021-06-08T14:11:12,2100.0,10.65,B
2021-06-08T14:11:12,31400.0,10.65,B
2021-06-08T14:11:12,7300.0,10.65,B
2021-06-08T14:10:49,800.0,10.6,S
2021-06-08T14:10:49,9200.0,10.6,S
2021-06-08T14:10:43,1000.0,10.65,B
2021-06-08T14:10:39,1000.0,10.6,S
2021-06-08T14:10:37,10000.0,10.65,B
2021-06-08T14:10:34,5000.0,10.6,S
2021-06-08T14:10:32,3000.0,10.65,B
2021-06-08T14:10:23,100.0,10.65,B
2021-06-08T14:10:21,1000.0,10.65,B
2021-06-08T14:10:05,6100.0,10.6,S
2021-06-08T14:09:48,100.0,10.6,S
2021-06-08T14:09:21,2000.0,10.6,S
2021-06-08T14:09:14,700.0,10.65,B
2021-06-08T14:09:14,1200.0,10.65,B
2021-06-08T14:08:59,20000.0,10.65,B
2021-06-08T14:08:48,400.0,10.65,B
2021-06-08T14:08:33,500.0,10.6,S
2021-06-08T14:08:32,200.0,10.65,B
2021-06-08T14:08:28,1000.0,10.6,S
2021-06-08T14:08:26,200.0,10.6,S
2021-06-08T14:08:22,2400.0,10.6,S
2021-06-08T14:08:22,2000.0,10.6,S
2021-06-08T14:08:13,3000.0,10.65,B
2021-06-08T14:08:12,1000.0,10.65,B
2021-06-08T14:07:59,1700.0,10.65,B
2021-06-08T14:06:36,5000.0,10.6,S
2021-06-08T14:06:31,1000.0,10.6,S
2021-06-08T14:06:29,2000.0,10.6,S
2021-06-08T14:06:25,3000.0,10.6,S
2021-06-08T14:06:04,800.0,10.65,B
2021-06-08T14:06:02,10000.0,10.6,S
2021-06-08T14:05:58,4800.0,10.65,B
2021-06-08T14:05:49,1000.0,10.6,S
2021-06-08T14:05:30,2000.0,10.6,S
2021-06-08T14:05:28,1200.0,10.6,S
2021-06-08T14:05:26,500.0,10.65,B
2021-06-08T14:05:20,1000.0,10.65,B
2021-06-08T14:05:16,1000.0,10.65,B
2021-06-08T14:05:10,2000.0,10.6,S
2021-06-08T14:04:58,500.0,10.6,S
2021-06-08T14:04:34,100.0,10.6,S
2021-06-08T14:04:25,500.0,10.6,S
2021-06-08T14:04:21,1000.0,10.6,S
2021-06-08T14:04:10,2000.0,10.6,S
2021-06-08T14:03:33,100.0,10.65,B
2021-06-08T14:03:30,700.0,10.6,S
2021-06-08T14:03:24,300.0,10.6,S
2021-06-08T14:03:15,500.0,10.6,B
2021-06-08T14:03:15,600.0,10.6,B
2021-06-08T14:02:34,500.0,10.6,B
2021-06-08T14:02:26,1000.0,10.6,B
2021-06-08T14:02:16,500.0,10.6,B
2021-06-08T14:02:10,2500.0,10.6,B
2021-06-08T14:01:49,1000.0,10.6,B
2021-06-08T14:01:42,10000.0,10.6,B
2021-06-08T14:01:24,500.0,10.6,B
2021-06-08T14:01:11,900.0,10.6,B
2021-06-08T14:00:57,3200.0,10.6,B
2021-06-08T14:00:44,1000.0,10.6,B
2021-06-08T14:00:40,500.0,10.6,B
2021-06-08T14:00:29,3000.0,10.6,B
2021-06-08T14:00:22,500.0,10.6,B
2021-06-08T14:00:12,2000.0,10.65,B
2021-06-08T13:59:43,1500.0,10.6,B
2021-06-08T13:59:33,1000.0,10.6,B
2021-06-08T13:59:23,500.0,10.6,B
2021-06-08T13:59:23,600.0,10.6,B
2021-06-08T13:59:23,2000.0,10.6,B
2021-06-08T13:59:09,2000.0,10.6,B
2021-06-08T13:59:02,100.0,10.6,B
2021-06-08T13:59:01,2800.0,10.65,B
2021-06-08T13:58:57,1000.0,10.6,B
2021-06-08T13:58:44,1000.0,10.6,B
2021-06-08T13:58:31,9500.0,10.6,B
2021-06-08T13:58:31,14000.0,10.6,B
2021-06-08T13:58:27,600.0,10.6,B
2021-06-08T13:58:12,4400.0,10.65,B
2021-06-08T13:58:12,4500.0,10.65,B
2021-06-08T13:58:11,9500.0,10.65,B
2021-06-08T13:58:11,34000.0,10.65,B
2021-06-08T13:58:11,13700.0,10.65,B
2021-06-08T13:58:11,33900.0,10.65,B
2021-06-08T13:58:09,1000.0,10.6,B
2021-06-08T13:57:59,2800.0,10.65,B
2021-06-08T13:57:59,1000.0,10.65,B
2021-06-08T13:57:59,3000.0,10.6,B
2021-06-08T13:57:59,3100.0,10.6,B
2021-06-08T13:57:59,10100.0,10.6,B
2021-06-08T13:57:54,100.0,10.6,B
2021-06-08T13:57:51,3700.0,10.6,B
2021-06-08T13:57:46,1000.0,10.6,B
2021-06-08T13:57:45,4000.0,10.6,B
2021-06-08T13:57:38,900.0,10.6,B
2021-06-08T13:57:37,1300.0,10.55,S
2021-06-08T13:57:37,400.0,10.55,S
2021-06-08T13:57:34,500.0,10.6,B
2021-06-08T13:57:31,100.0,10.6,B
2021-06-08T13:57:20,5000.0,10.6,B
2021-06-08T13:57:13,2000.0,10.6,B
2021-06-08T13:57:11,100.0,10.6,B
2021-06-08T13:57:11,500.0,10.6,B
2021-06-08T13:57:06,1500.0,10.6,B
2021-06-08T13:56:58,200.0,10.6,B
2021-06-08T13:56:29,7400.0,10.6,B
2021-06-08T13:56:29,2600.0,10.6,B
2021-06-08T13:56:26,200.0,10.6,B
2021-06-08T13:56:16,10000.0,10.6,B
2021-06-08T13:56:12,100.0,10.6,B
2021-06-08T13:56:00,10000.0,10.6,B
2021-06-08T13:55:48,500.0,10.6,B
2021-06-08T13:55:40,1000.0,10.55,S
2021-06-08T13:55:37,5000.0,10.55,S
2021-06-08T13:55:33,500.0,10.6,B
2021-06-08T13:55:31,2000.0,10.6,B
2021-06-08T13:55:26,100.0,10.55,S
2021-06-08T13:55:15,100.0,10.6,B
2021-06-08T13:54:56,100.0,10.6,B
2021-06-08T13:54:51,1000.0,10.6,B
2021-06-08T13:54:51,3000.0,10.6,B
2021-06-08T13:54:45,200.0,10.6,B
2021-06-08T13:54:34,1000.0,10.6,B
2021-06-08T13:54:23,100.0,10.6,B
2021-06-08T13:54:22,200.0,10.6,B
2021-06-08T13:54:16,200.0,10.55,S
2021-06-08T13:54:12,2000.0,10.6,B
2021-06-08T13:54:11,1000.0,10.6,B
2021-06-08T13:53:56,6000.0,10.6,B
2021-06-08T13:53:50,2000.0,10.6,B
2021-06-08T13:53:48,9200.0,10.6,B
2021-06-08T13:53:48,1000.0,10.6,B
2021-06-08T13:53:48,19800.0,10.6,B
2021-06-08T13:53:46,5000.0,10.6,B
2021-06-08T13:53:45,300.0,10.6,B
2021-06-08T13:53:43,6000.0,10.55,S
2021-06-08T13:53:26,500.0,10.6,B
2021-06-08T13:53:17,1900.0,10.6,B
2021-06-08T13:53:17,1700.0,10.6,B
2021-06-08T13:53:17,1400.0,10.6,B
2021-06-08T13:53:17,1000.0,10.55,S
2021-06-08T13:53:17,1000.0,10.6,B
2021-06-08T13:53:11,2100.0,10.6,B
2021-06-08T13:53:07,1000.0,10.6,B
2021-06-08T13:53:06,300.0,10.6,B
2021-06-08T13:53:05,1000.0,10.6,B
2021-06-08T13:52:58,1000.0,10.6,B
2021-06-08T13:52:58,2400.0,10.6,B
2021-06-08T13:52:58,5600.0,10.6,B
2021-06-08T13:52:55,10000.0,10.6,B
2021-06-08T13:52:55,700.0,10.6,B
2021-06-08T13:52:55,100.0,10.6,B
2021-06-08T13:52:51,400.0,10.6,B
2021-06-08T13:52:45,2500.0,10.6,B
2021-06-08T13:52:42,1000.0,10.6,B
2021-06-08T13:52:30,500.0,10.6,B
2021-06-08T13:52:18,2000.0,10.6,B
2021-06-08T13:52:17,41300.0,10.6,B
2021-06-08T13:52:17,10000.0,10.6,B
2021-06-08T13:52:17,2000.0,10.6,B
2021-06-08T13:52:17,26200.0,10.6,B
2021-06-08T13:52:17,6800.0,10.6,B
2021-06-08T13:52:17,13700.0,10.6,B
2021-06-08T13:52:16,4000.0,10.6,B
2021-06-08T13:51:55,100.0,10.6,B
2021-06-08T13:51:47,1200.0,10.6,B
2021-06-08T13:51:38,200.0,10.6,B
2021-06-08T13:51:36,10000.0,10.6,B
2021-06-08T13:51:15,1000.0,10.6,B
2021-06-08T13:51:15,1000.0,10.55,S
2021-06-08T13:51:04,200.0,10.6,B
2021-06-08T13:51:00,1000.0,10.6,B
2021-06-08T13:50:58,100.0,10.6,B
2021-06-08T13:50:55,4000.0,10.55,S
2021-06-08T13:50:12,26400.0,10.6,B
2021-06-08T13:50:12,2400.0,10.6,B
2021-06-08T13:50:12,29900.0,10.6,B
2021-06-08T13:50:12,3200.0,10.6,B
2021-06-08T13:50:12,10900.0,10.6,B
2021-06-08T13:50:12,5500.0,10.6,B
2021-06-08T13:50:12,2000.0,10.6,B
2021-06-08T13:50:12,72000.0,10.6,B
2021-06-08T13:50:12,1000.0,10.6,B
2021-06-08T13:50:12,21600.0,10.6,B
2021-06-08T13:50:12,5700.0,10.6,B
2021-06-08T13:50:11,19400.0,10.6,B
2021-06-08T13:49:53,300.0,10.6,B
2021-06-08T13:49:46,200.0,10.6,B
2021-06-08T13:49:38,4300.0,10.55,S
2021-06-08T13:49:38,1000.0,10.6,B
2021-06-08T13:49:37,5000.0,10.55,S
2021-06-08T13:49:16,100.0,10.55,S
2021-06-08T13:48:54,500.0,10.6,B
2021-06-08T13:48:53,1000.0,10.6,B
2021-06-08T13:48:43,7600.0,10.6,B
2021-06-08T13:48:36,5000.0,10.6,B
2021-06-08T13:48:35,100.0,10.6,B
2021-06-08T13:48:29,200.0,10.55,S
2021-06-08T13:48:22,100.0,10.6,B
2021-06-08T13:48:22,400.0,10.6,B
2021-06-08T13:48:18,2000.0,10.6,B
2021-06-08T13:48:13,5000.0,10.55,S
2021-06-08T13:48:11,700.0,10.6,B
2021-06-08T13:48:09,2000.0,10.55,S
2021-06-08T13:47:58,2000.0,10.6,B
2021-06-08T13:47:55,300.0,10.6,B
2021-06-08T13:47:55,1000.0,10.6,B
2021-06-08T13:47:54,100.0,10.6,B
2021-06-08T13:47:54,200.0,10.6,B
2021-06-08T13:47:42,5000.0,10.6,S
2021-06-08T13:47:37,4000.0,10.6,S
2021-06-08T13:47:36,1000.0,10.6,S
2021-06-08T13:47:33,200.0,10.6,S
2021-06-08T13:47:33,1000.0,10.6,S
2021-06-08T13:47:33,5000.0,10.55,S
2021-06-08T13:47:31,5000.0,10.6,S
2021-06-08T13:47:25,4900.0,10.6,S
2021-06-08T13:47:25,8000.0,10.6,S
2021-06-08T13:47:25,5600.0,10.6,S
2021-06-08T13:47:25,10900.0,10.6,S
2021-06-08T13:47:25,20600.0,10.6,S
2021-06-08T13:47:12,100.0,10.6,S
2021-06-08T13:47:11,1000.0,10.55,S
2021-06-08T13:47:02,800.0,10.6,S
2021-06-08T13:47:02,100.0,10.6,S
2021-06-08T13:46:54,5000.0,10.6,S
2021-06-08T13:46:46,1000.0,10.6,S
2021-06-08T13:46:39,2000.0,10.6,S
2021-06-08T13:46:32,100.0,10.6,S
2021-06-08T13:46:22,100.0,10.6,S
2021-06-08T13:46:18,1000.0,10.6,S
2021-06-08T13:46:17,10900.0,10.6,S
2021-06-08T13:46:15,5000.0,10.6,S
2021-06-08T13:46:08,100.0,10.6,S
2021-06-08T13:46:07,200.0,10.6,S
2021-06-08T13:46:04,5000.0,10.6,S
2021-06-08T13:46:02,200.0,10.6,S
2021-06-08T13:45:58,400.0,10.6,S
2021-06-08T13:45:55,200.0,10.6,S
2021-06-08T13:45:54,2000.0,10.6,S
2021-06-08T13:45:26,2400.0,10.6,S
2021-06-08T13:44:59,2000.0,10.6,S
2021-06-08T13:44:56,400.0,10.6,S
2021-06-08T13:44:56,500.0,10.6,S
2021-06-08T13:44:55,500.0,10.6,S
2021-06-08T13:44:43,1000.0,10.6,S
2021-06-08T13:44:40,1400.0,10.6,S
2021-06-08T13:44:32,1000.0,10.6,S
2021-06-08T13:44:20,24700.0,10.6,S
2021-06-08T13:44:13,3000.0,10.6,S
2021-06-08T13:44:04,100.0,10.6,S
2021-06-08T13:43:59,32500.0,10.55,S
2021-06-08T13:43:46,2000.0,10.6,S
2021-06-08T13:43:39,5000.0,10.6,S
2021-06-08T13:43:38,2000.0,10.6,S
2021-06-08T13:43:32,500.0,10.6,S
2021-06-08T13:43:27,5000.0,10.6,S
2021-06-08T13:43:08,1800.0,10.55,S
2021-06-08T13:42:57,700.0,10.6,S
2021-06-08T13:42:52,9600.0,10.55,S
2021-06-08T13:42:52,5300.0,10.55,S
2021-06-08T13:42:52,2100.0,10.55,S
2021-06-08T13:42:52,2800.0,10.55,S
2021-06-08T13:42:52,10200.0,10.55,S
2021-06-08T13:42:51,2500.0,10.55,S
2021-06-08T13:42:42,5000.0,10.6,S
2021-06-08T13:42:35,1000.0,10.6,S
2021-06-08T13:42:34,15200.0,10.6,S
2021-06-08T13:42:34,14800.0,10.6,S
2021-06-08T13:42:33,400.0,10.55,S
2021-06-08T13:42:26,5000.0,10.6,S
2021-06-08T13:42:22,4000.0,10.55,S
2021-06-08T13:42:17,300.0,10.6,S
2021-06-08T13:42:16,100.0,10.55,S
2021-06-08T13:42:16,9900.0,10.55,S
2021-06-08T13:42:15,1400.0,10.6,S
2021-06-08T13:42:05,1000.0,10.6,S
2021-06-08T13:41:54,6000.0,10.55,S
2021-06-08T13:41:47,2000.0,10.55,S
2021-06-08T13:41:46,25000.0,10.6,S
2021-06-08T13:41:43,700.0,10.6,S
2021-06-08T13:41:42,1000.0,10.55,S
2021-06-08T13:41:28,200.0,10.6,S
2021-06-08T13:41:17,5000.0,10.6,S
2021-06-08T13:41:11,300.0,10.6,S
2021-06-08T13:41:09,100.0,10.6,S
2021-06-08T13:41:02,500.0,10.6,S
2021-06-08T13:41:02,500.0,10.6,S
2021-06-08T13:41:02,13100.0,10.6,S
2021-06-08T13:40:54,100.0,10.6,S
2021-06-08T13:40:51,1000.0,10.6,S
2021-06-08T13:40:49,28100.0,10.6,S
2021-06-08T13:40:49,5100.0,10.6,S
2021-06-08T13:40:49,1000.0,10.6,S
2021-06-08T13:40:49,3000.0,10.6,S
2021-06-08T13:40:32,200.0,10.6,S
2021-06-08T13:40:31,1000.0,10.6,S
2021-06-08T13:40:29,1200.0,10.6,S
2021-06-08T13:40:28,1000.0,10.6,S
2021-06-08T13:40:07,200.0,10.6,S
2021-06-08T13:40:05,10000.0,10.6,S
2021-06-08T13:39:57,4000.0,10.6,S
2021-06-08T13:39:57,900.0,10.6,S
2021-06-08T13:39:57,100.0,10.6,S
2021-06-08T13:39:37,500.0,10.6,S
2021-06-08T13:39:36,600.0,10.6,S
2021-06-08T13:39:36,11500.0,10.6,S
2021-06-08T13:39:36,3900.0,10.6,S
2021-06-08T13:39:35,54000.0,10.6,S
2021-06-08T13:39:34,200.0,10.6,S
2021-06-08T13:39:33,1200.0,10.6,S
2021-06-08T13:39:27,800.0,10.6,S
2021-06-08T13:39:24,1100.0,10.6,S
2021-06-08T13:39:16,100.0,10.6,S
2021-06-08T13:39:13,400.0,10.6,S
2021-06-08T13:38:59,600.0,10.6,S
2021-06-08T13:38:55,4000.0,10.6,S
2021-06-08T13:38:55,4000.0,10.6,S
2021-06-08T13:38:47,7000.0,10.6,S
2021-06-08T13:38:41,10000.0,10.6,S
2021-06-08T13:38:40,100.0,10.6,S
2021-06-08T13:38:36,400.0,10.6,S
2021-06-08T13:38:31,10000.0,10.6,S
2021-06-08T13:38:28,10000.0,10.65,B
2021-06-08T13:38:23,1000.0,10.6,S
2021-06-08T13:38:16,200.0,10.65,B
2021-06-08T13:38:16,500.0,10.65,B
2021-06-08T13:38:11,8000.0,10.6,S
2021-06-08T13:38:02,9200.0,10.6,S
2021-06-08T13:38:01,10800.0,10.6,S
2021-06-08T13:37:59,2000.0,10.6,S
2021-06-08T13:37:51,800.0,10.6,S
2021-06-08T13:37:38,1600.0,10.6,S
2021-06-08T13:37:25,300.0,10.6,S
2021-06-08T13:37:25,1000.0,10.6,S
2021-06-08T13:37:23,500.0,10.6,S
2021-06-08T13:37:11,10000.0,10.6,S
2021-06-08T13:37:06,10000.0,10.6,S
2021-06-08T13:37:06,5000.0,10.6,S
2021-06-08T13:36:55,2000.0,10.6,S
2021-06-08T13:36:43,5000.0,10.6,S
2021-06-08T13:36:35,2000.0,10.65,B
2021-06-08T13:36:27,200.0,10.6,S
2021-06-08T13:36:25,10200.0,10.6,S
2021-06-08T13:36:22,200.0,10.6,S
2021-06-08T13:36:21,35000.0,10.6,S
2021-06-08T13:36:19,11200.0,10.6,S
2021-06-08T13:36:10,1000.0,10.6,S
2021-06-08T13:36:03,9000.0,10.6,S
2021-06-08T13:36:00,200.0,10.65,B
2021-06-08T13:35:53,100.0,10.6,S
2021-06-08T13:35:47,600.0,10.6,S
2021-06-08T13:35:43,5000.0,10.6,S
2021-06-08T13:35:37,5000.0,10.6,S
2021-06-08T13:35:29,100.0,10.6,S
2021-06-08T13:35:16,8000.0,10.6,S
2021-06-08T13:35:14,3000.0,10.6,S
2021-06-08T13:35:14,800.0,10.65,B
2021-06-08T13:35:08,5000.0,10.6,S
2021-06-08T13:35:06,1000.0,10.6,S
2021-06-08T13:35:04,10000.0,10.6,S
2021-06-08T13:35:00,700.0,10.6,S
2021-06-08T13:34:51,5000.0,10.6,S
2021-06-08T13:34:51,14900.0,10.6,S
2021-06-08T13:34:49,3000.0,10.6,S
2021-06-08T13:34:47,200.0,10.65,B
2021-06-08T13:34:40,500.0,10.6,S
2021-06-08T13:34:31,4000.0,10.6,S
2021-06-08T13:34:27,20000.0,10.6,S
2021-06-08T13:34:20,6100.0,10.6,S
2021-06-08T13:34:19,3000.0,10.6,S
2021-06-08T13:34:08,2000.0,10.6,S
2021-06-08T13:33:46,3000.0,10.6,S
2021-06-08T13:33:42,1000.0,10.6,S
2021-06-08T13:33:34,1000.0,10.6,S
2021-06-08T13:33:32,1800.0,10.6,S
2021-06-08T13:33:26,200.0,10.6,S
2021-06-08T13:33:22,1000.0,10.6,S
2021-06-08T13:33:10,3000.0,10.6,S
2021-06-08T13:33:06,2200.0,10.6,S
2021-06-08T13:33:02,5000.0,10.6,S
2021-06-08T13:32:56,1000.0,10.6,S
2021-06-08T13:32:54,23000.0,10.6,S
2021-06-08T13:32:52,200.0,10.6,S
2021-06-08T13:32:50,6000.0,10.6,S
2021-06-08T13:32:40,3000.0,10.6,S
2021-06-08T13:32:29,100.0,10.6,S
2021-06-08T13:32:27,5000.0,10.6,S
2021-06-08T13:31:58,500.0,10.6,B
2021-06-08T13:31:58,101000.0,10.6,B
2021-06-08T13:31:58,7000.0,10.6,B
2021-06-08T13:31:58,2700.0,10.6,B
2021-06-08T13:31:58,9600.0,10.6,B
2021-06-08T13:31:58,2000.0,10.6,B
2021-06-08T13:31:58,2000.0,10.6,B
2021-06-08T13:31:58,20600.0,10.6,B
2021-06-08T13:31:58,500.0,10.6,B
2021-06-08T13:31:58,5300.0,10.6,B
2021-06-08T13:31:58,37200.0,10.6,B
2021-06-08T13:31:58,18800.0,10.6,B
2021-06-08T13:31:57,5000.0,10.6,B
2021-06-08T13:31:57,27000.0,10.6,B
2021-06-08T13:31:52,100.0,10.6,B
2021-06-08T13:31:38,2600.0,10.55,S
2021-06-08T13:31:38,4300.0,10.55,S
2021-06-08T13:31:38,3100.0,10.55,S
2021-06-08T13:31:21,700.0,10.6,B
2021-06-08T13:31:19,100.0,10.6,B
2021-06-08T13:30:57,1800.0,10.55,S
2021-06-08T13:30:38,200.0,10.6,B
2021-06-08T13:30:31,300.0,10.6,B
2021-06-08T13:30:27,2000.0,10.55,S
2021-06-08T13:30:18,1900.0,10.6,B
2021-06-08T13:30:18,8100.0,10.6,B
2021-06-08T13:30:01,1000.0,10.6,B
2021-06-08T13:29:34,100.0,10.6,B
2021-06-08T13:29:24,10700.0,10.55,S
2021-06-08T13:29:24,1900.0,10.55,S
2021-06-08T13:29:23,7400.0,10.55,S
2021-06-08T13:29:22,500.0,10.55,S
2021-06-08T13:29:18,100.0,10.6,B
2021-06-08T13:29:16,500.0,10.6,B
2021-06-08T13:29:13,1000.0,10.6,B
2021-06-08T13:29:12,200.0,10.6,B
2021-06-08T13:29:09,9600.0,10.6,B
2021-06-08T13:29:09,13600.0,10.6,B
2021-06-08T13:29:09,25000.0,10.6,B
2021-06-08T13:29:09,1800.0,10.6,B
2021-06-08T13:29:08,2000.0,10.6,B
2021-06-08T13:29:06,2000.0,10.6,B
2021-06-08T13:29:01,4500.0,10.6,B
2021-06-08T13:28:55,100.0,10.6,B
2021-06-08T13:28:50,8900.0,10.55,S
2021-06-08T13:28:50,1200.0,10.55,S
2021-06-08T13:28:50,4900.0,10.55,S
2021-06-08T13:28:42,1000.0,10.6,B
2021-06-08T13:28:30,100.0,10.6,B
2021-06-08T13:28:27,20000.0,10.6,B
2021-06-08T13:28:26,300.0,10.6,B
2021-06-08T13:28:13,400.0,10.6,B
2021-06-08T13:27:44,400.0,10.6,B
2021-06-08T13:27:34,5000.0,10.6,B
2021-06-08T13:27:29,100.0,10.6,B
2021-06-08T13:27:20,500.0,10.6,B
2021-06-08T13:27:19,5400.0,10.55,S
2021-06-08T13:27:19,3600.0,10.55,S
2021-06-08T13:27:16,500.0,10.6,B
2021-06-08T13:27:14,100.0,10.6,B
2021-06-08T13:26:55,1000.0,10.6,B
2021-06-08T13:26:54,300.0,10.6,B
2021-06-08T13:26:54,900.0,10.6,B
2021-06-08T13:26:42,200.0,10.6,B
2021-06-08T13:26:30,500.0,10.6,B
2021-06-08T13:26:27,3000.0,10.6,B
2021-06-08T13:26:25,100.0,10.6,B
2021-06-08T13:26:12,100.0,10.6,B
2021-06-08T13:26:04,200.0,10.6,B
2021-06-08T13:25:39,5900.0,10.6,B
2021-06-08T13:25:39,100.0,10.6,B
2021-06-08T13:25:35,3100.0,10.6,B
2021-06-08T13:25:18,3000.0,10.6,B
2021-06-08T13:25:17,500.0,10.55,S
2021-06-08T13:25:15,100.0,10.6,B
2021-06-08T13:24:32,300.0,10.6,S
2021-06-08T13:24:27,9000.0,10.55,S
2021-06-08T13:24:08,200.0,10.6,S
2021-06-08T13:23:44,1000.0,10.6,S
2021-06-08T13:23:42,300.0,10.6,S
2021-06-08T13:23:17,17500.0,10.6,S
2021-06-08T13:23:17,12100.0,10.6,S
2021-06-08T13:23:17,200.0,10.6,S
2021-06-08T13:23:17,5600.0,10.6,S
2021-06-08T13:23:17,8500.0,10.6,S
2021-06-08T13:23:17,1000.0,10.6,S
2021-06-08T13:22:51,10000.0,10.6,S
2021-06-08T13:22:38,1000.0,10.6,S
2021-06-08T13:22:38,100.0,10.6,S
2021-06-08T13:22:38,900.0,10.6,S
2021-06-08T13:22:28,600.0,10.6,S
2021-06-08T13:22:27,500.0,10.6,S
2021-06-08T13:22:27,500.0,10.6,S
2021-06-08T13:22:13,300.0,10.6,S
2021-06-08T13:22:04,5600.0,10.6,S
2021-06-08T13:22:04,5500.0,10.6,S
2021-06-08T13:22:04,17000.0,10.6,S
2021-06-08T13:22:04,1100.0,10.6,S
2021-06-08T13:22:04,700.0,10.6,S
2021-06-08T13:22:04,5100.0,10.6,S
2021-06-08T13:22:04,2200.0,10.6,S
2021-06-08T13:22:04,2800.0,10.6,S
2021-06-08T13:21:44,1000.0,10.65,B
2021-06-08T13:21:33,1000.0,10.6,S
2021-06-08T13:21:27,1000.0,10.6,S
2021-06-08T13:21:21,500.0,10.6,S
2021-06-08T13:21:19,9000.0,10.6,S
2021-06-08T13:21:02,40000.0,10.6,S
2021-06-08T13:21:01,1700.0,10.6,S
2021-06-08T13:20:48,300.0,10.6,S
2021-06-08T13:20:48,200.0,10.6,S
2021-06-08T13:20:43,10000.0,10.6,S
2021-06-08T13:20:38,3700.0,10.6,S
2021-06-08T13:20:32,6000.0,10.6,S
2021-06-08T13:20:15,300.0,10.6,S
2021-06-08T13:20:13,1800.0,10.6,S
2021-06-08T13:20:08,2500.0,10.6,S
2021-06-08T13:19:52,10200.0,10.6,S
2021-06-08T13:19:52,19500.0,10.6,S
2021-06-08T13:19:52,300.0,10.6,S
2021-06-08T13:19:51,6000.0,10.6,S
2021-06-08T13:19:35,1000.0,10.6,S
2021-06-08T13:19:33,400.0,10.6,S
2021-06-08T13:19:33,600.0,10.6,S
2021-06-08T13:19:18,2600.0,10.6,S
2021-06-08T13:19:13,200.0,10.6,S
2021-06-08T13:19:05,1000.0,10.6,S
2021-06-08T13:18:59,600.0,10.6,S
2021-06-08T13:18:53,3700.0,10.6,S
2021-06-08T13:18:43,200.0,10.6,S
2021-06-08T13:18:43,6800.0,10.6,S
2021-06-08T13:18:39,8100.0,10.6,S
2021-06-08T13:18:39,200.0,10.6,S
2021-06-08T13:18:39,27500.0,10.6,S
2021-06-08T13:18:39,7100.0,10.6,S
2021-06-08T13:18:38,1000.0,10.6,S
2021-06-08T13:18:38,6100.0,10.6,S
2021-06-08T13:18:16,10400.0,10.6,S
2021-06-08T13:18:16,2200.0,10.6,S
2021-06-08T13:18:16,600.0,10.6,S
2021-06-08T13:18:16,1100.0,10.6,S
2021-06-08T13:18:15,3500.0,10.6,S
2021-06-08T13:18:08,9000.0,10.65,B
2021-06-08T13:18:06,4700.0,10.6,S
2021-06-08T13:17:55,3000.0,10.6,S
2021-06-08T13:17:46,3500.0,10.6,S
2021-06-08T13:17:44,1000.0,10.6,S
2021-06-08T13:17:43,8000.0,10.6,S
2021-06-08T13:17:36,1000.0,10.6,S
2021-06-08T13:17:33,1300.0,10.6,S
2021-06-08T13:17:27,200.0,10.6,S
2021-06-08T13:17:23,5200.0,10.6,S
2021-06-08T13:17:23,500.0,10.6,S
2021-06-08T13:17:23,5200.0,10.6,S
2021-06-08T13:17:23,1300.0,10.6,S
2021-06-08T13:17:23,200.0,10.6,S
2021-06-08T13:17:23,1900.0,10.6,S
2021-06-08T13:17:23,1500.0,10.6,S
2021-06-08T13:17:23,200.0,10.6,S
2021-06-08T13:17:22,4000.0,10.6,S
2021-06-08T13:16:28,300.0,10.6,S
2021-06-08T13:16:18,100.0,10.65,S
2021-06-08T13:16:08,400.0,10.6,S
2021-06-08T13:15:08,3000.0,10.65,S
2021-06-08T13:14:36,200.0,10.65,S
2021-06-08T13:14:16,1800.0,10.6,S
2021-06-08T13:14:16,100.0,10.6,S
2021-06-08T13:14:15,8100.0,10.6,S
2021-06-08T13:14:08,500.0,10.6,S
2021-06-08T13:14:00,4200.0,10.6,S
2021-06-08T13:14:00,6200.0,10.6,S
2021-06-08T13:13:46,300.0,10.65,S
2021-06-08T13:13:44,400.0,10.65,S
2021-06-08T13:13:38,3000.0,10.65,S
2021-06-08T13:13:31,1000.0,10.65,S
2021-06-08T13:13:24,500.0,10.65,S
2021-06-08T13:13:18,500.0,10.65,S
2021-06-08T13:13:16,6600.0,10.6,S
2021-06-08T13:13:16,1200.0,10.6,S
2021-06-08T13:13:16,3500.0,10.6,S
2021-06-08T13:13:16,400.0,10.6,S
2021-06-08T13:13:16,8300.0,10.6,S
2021-06-08T13:13:10,600.0,10.6,S
2021-06-08T13:13:10,100.0,10.6,S
2021-06-08T13:13:10,1000.0,10.6,S
2021-06-08T13:13:10,100.0,10.6,S
2021-06-08T13:13:10,12000.0,10.6,S
2021-06-08T13:13:10,800.0,10.6,S
2021-06-08T13:13:10,1000.0,10.6,S
2021-06-08T13:13:10,15300.0,10.6,S
2021-06-08T13:13:10,2600.0,10.6,S
2021-06-08T13:13:10,1300.0,10.6,S
2021-06-08T13:13:10,400.0,10.6,S
2021-06-08T13:13:10,1500.0,10.6,S
2021-06-08T13:13:10,6100.0,10.6,S
2021-06-08T13:13:10,1100.0,10.6,S
2021-06-08T13:13:09,300.0,10.6,S
2021-06-08T13:13:09,100.0,10.6,S
2021-06-08T13:13:09,2100.0,10.6,S
2021-06-08T13:13:09,100.0,10.6,S
2021-06-08T13:13:09,1200.0,10.6,S
2021-06-08T13:13:09,10600.0,10.6,S
2021-06-08T13:13:09,500.0,10.6,S
2021-06-08T13:13:09,1500.0,10.6,S
2021-06-08T13:13:09,400.0,10.6,S
2021-06-08T13:13:09,300.0,10.6,S
2021-06-08T13:13:09,1000.0,10.6,S
2021-06-08T13:13:09,1900.0,10.6,S
2021-06-08T13:13:09,1100.0,10.6,S
2021-06-08T13:13:09,1900.0,10.6,S
2021-06-08T13:13:09,1500.0,10.6,S
2021-06-08T13:13:09,5200.0,10.6,S
2021-06-08T13:13:09,3200.0,10.6,S
2021-06-08T13:13:09,200.0,10.6,S
2021-06-08T13:13:09,1500.0,10.6,S
2021-06-08T13:13:09,1800.0,10.6,S
2021-06-08T13:13:09,5900.0,10.6,S
2021-06-08T13:13:09,5200.0,10.6,S
2021-06-08T13:13:09,8600.0,10.6,S
2021-06-08T13:13:08,10000.0,10.6,S
2021-06-08T13:13:02,10000.0,10.6,S
2021-06-08T13:12:57,3000.0,10.65,S
2021-06-08T13:12:57,5000.0,10.65,S
2021-06-08T13:12:54,1000.0,10.6,S
2021-06-08T13:12:45,500.0,10.65,S
2021-06-08T13:12:37,1000.0,10.6,S
2021-06-08T13:12:37,100.0,10.65,S
2021-06-08T13:12:25,1000.0,10.6,S
2021-06-08T13:12:20,1000.0,10.65,S
2021-06-08T13:12:19,5900.0,10.6,S
2021-06-08T13:12:19,4100.0,10.6,S
2021-06-08T13:12:19,4000.0,10.6,S
2021-06-08T13:12:19,16000.0,10.6,S
2021-06-08T13:11:17,20300.0,10.6,S
2021-06-08T13:11:17,100.0,10.6,S
2021-06-08T13:11:17,26500.0,10.6,S
2021-06-08T13:11:17,12000.0,10.6,S
2021-06-08T13:11:17,3000.0,10.6,S
2021-06-08T13:11:17,10000.0,10.6,S
2021-06-08T13:11:17,9700.0,10.6,S
2021-06-08T13:11:17,1600.0,10.6,S
2021-06-08T13:11:16,3200.0,10.6,S
2021-06-08T13:11:16,97100.0,10.6,S
2021-06-08T13:11:16,5500.0,10.6,S
2021-06-08T13:11:16,5100.0,10.6,S
2021-06-08T13:11:16,12200.0,10.6,S
2021-06-08T13:11:16,10100.0,10.6,S
2021-06-08T13:11:16,2500.0,10.6,S
2021-06-08T13:11:16,2400.0,10.6,S
2021-06-08T13:11:16,15000.0,10.6,S
2021-06-08T13:11:16,700.0,10.6,S
2021-06-08T13:11:16,800.0,10.6,S
2021-06-08T13:11:16,1200.0,10.6,S
2021-06-08T13:11:15,79000.0,10.6,S
2021-06-08T13:11:13,700.0,10.6,S
2021-06-08T13:10:47,30000.0,10.6,S
2021-06-08T13:10:27,3000.0,10.65,S
2021-06-08T13:10:23,12500.0,10.65,S
2021-06-08T13:09:56,100.0,10.65,S
2021-06-08T13:09:38,100.0,10.65,S
2021-06-08T13:09:34,100.0,10.65,S
2021-06-08T13:09:32,3000.0,10.65,S
2021-06-08T13:09:22,5300.0,10.65,S
2021-06-08T13:09:18,25000.0,10.65,S
2021-06-08T13:09:09,20400.0,10.6,S
2021-06-08T13:09:07,1000.0,10.65,S
2021-06-08T13:09:06,10000.0,10.65,S
2021-06-08T13:08:51,2000.0,10.65,S
2021-06-08T13:08:48,1500.0,10.65,S
2021-06-08T13:08:27,2000.0,10.65,S
2021-06-08T13:07:50,400.0,10.65,S
2021-06-08T13:07:46,500.0,10.65,S
2021-06-08T13:07:43,1000.0,10.65,S
2021-06-08T13:07:41,1000.0,10.7,B
2021-06-08T13:07:29,200.0,10.65,S
2021-06-08T13:07:15,30000.0,10.65,S
2021-06-08T13:07:03,11900.0,10.65,S
2021-06-08T13:06:47,1000.0,10.6,S
2021-06-08T13:06:46,100.0,10.65,S
2021-06-08T13:06:38,200.0,10.65,S
2021-06-08T13:05:51,4600.0,10.6,S
2021-06-08T13:05:51,1500.0,10.65,S
2021-06-08T13:05:51,1900.0,10.65,S
2021-06-08T13:05:46,100.0,10.7,B
2021-06-08T13:05:43,1000.0,10.65,S
2021-06-08T13:05:39,500.0,10.7,B
2021-06-08T13:05:37,100.0,10.65,S
2021-06-08T13:05:28,800.0,10.7,B
2021-06-08T13:05:25,2000.0,10.65,S
2021-06-08T13:05:18,100.0,10.6,S
2021-06-08T13:05:16,3100.0,10.6,S
2021-06-08T13:05:16,1900.0,10.65,S
2021-06-08T13:05:09,1000.0,10.65,S
2021-06-08T13:05:05,200.0,10.65,S
2021-06-08T13:05:04,100.0,10.65,S
2021-06-08T13:04:56,100.0,10.65,S
2021-06-08T13:04:53,100.0,10.65,S
2021-06-08T13:04:50,1000.0,10.7,B
2021-06-08T13:04:48,2600.0,10.65,S
2021-06-08T13:04:42,400.0,10.65,S
2021-06-08T13:04:42,100.0,10.65,S
2021-06-08T13:04:42,100.0,10.65,S
2021-06-08T13:04:40,100.0,10.65,S
2021-06-08T13:04:34,100.0,10.65,S
2021-06-08T13:04:32,5000.0,10.65,S
2021-06-08T13:04:11,300.0,10.65,S
2021-06-08T13:04:09,1000.0,10.65,S
2021-06-08T13:03:51,2000.0,10.65,S
2021-06-08T13:03:50,500.0,10.65,S
2021-06-08T13:03:43,400.0,10.65,S
2021-06-08T13:02:52,40000.0,10.6,S
2021-06-08T13:02:49,5000.0,10.6,S
2021-06-08T13:02:49,43600.0,10.6,S
2021-06-08T13:02:49,6400.0,10.6,S
2021-06-08T13:02:46,100.0,10.7,B
2021-06-08T13:02:34,800.0,10.65,S
2021-06-08T13:02:18,100.0,10.7,B
2021-06-08T13:02:09,200.0,10.65,S
2021-06-08T13:02:02,10000.0,10.7,B
2021-06-08T13:01:59,1700.0,10.65,S
2021-06-08T13:01:41,100.0,10.65,S
2021-06-08T13:01:41,200.0,10.65,S
2021-06-08T13:01:20,800.0,10.65,S
2021-06-08T13:01:20,3200.0,10.65,S
2021-06-08T13:01:20,6900.0,10.65,S
2021-06-08T13:01:14,15800.0,10.65,S
2021-06-08T13:01:14,4200.0,10.65,S
2021-06-08T13:01:09,1000.0,10.65,S
2021-06-08T13:00:17,800.0,10.65,S
2021-06-08T13:00:17,100.0,10.65,S
2021-06-08T13:00:17,4100.0,10.65,S
2021-06-08T13:00:17,2800.0,10.65,S
2021-06-08T13:00:17,200.0,10.65,S
2021-06-08T13:00:17,1700.0,10.65,S
2021-06-08T13:00:17,9000.0,10.65,S
2021-06-08T13:00:17,11000.0,10.65,S
2021-06-08T13:00:17,2700.0,10.65,S
2021-06-08T13:00:17,4000.0,10.65,S
2021-06-08T13:00:17,2600.0,10.65,S
2021-06-08T13:00:17,2100.0,10.65,S
2021-06-08T13:00:17,500.0,10.65,S
2021-06-08T13:00:17,13400.0,10.65,S
2021-06-08T13:00:17,3000.0,10.65,S
2021-06-08T13:00:17,1000.0,10.7,B
2021-06-08T13:00:14,100.0,10.65,S
2021-06-08T13:00:14,1100.0,10.65,S
2021-06-08T13:00:14,2800.0,10.65,S
2021-06-08T13:00:14,2000.0,10.65,S
2021-06-08T13:00:14,100.0,10.65,S
2021-06-08T13:00:14,7000.0,10.65,S
2021-06-08T11:32:27,7500.0,10.65,S
2021-06-08T11:32:21,8000.0,10.7,B
2021-06-08T11:32:01,100.0,10.7,B
2021-06-08T11:31:56,2700.0,10.65,S
2021-06-08T11:31:56,100.0,10.65,S
2021-06-08T11:31:56,2300.0,10.65,S
2021-06-08T11:31:56,2000.0,10.65,S
2021-06-08T11:31:56,3800.0,10.65,S
2021-06-08T11:31:56,39100.0,10.65,S
2021-06-08T11:31:51,11400.0,10.65,S
2021-06-08T11:31:51,2500.0,10.65,S
2021-06-08T11:31:51,2000.0,10.65,S
2021-06-08T11:31:51,7000.0,10.65,S
2021-06-08T11:31:51,1000.0,10.65,S
2021-06-08T11:31:51,6400.0,10.65,S
2021-06-08T11:31:51,500.0,10.65,S
2021-06-08T11:31:51,800.0,10.65,S
2021-06-08T11:31:51,5000.0,10.65,S
2021-06-08T11:31:51,200.0,10.65,S
2021-06-08T11:31:51,300.0,10.65,S
2021-06-08T11:31:51,7700.0,10.65,S
2021-06-08T11:31:51,1000.0,10.65,S
2021-06-08T11:31:51,2200.0,10.65,S
2021-06-08T11:31:51,6300.0,10.65,S
2021-06-08T11:31:51,1500.0,10.65,S
2021-06-08T11:31:51,2300.0,10.65,S
2021-06-08T11:31:51,200.0,10.65,S
2021-06-08T11:31:51,3200.0,10.65,S
2021-06-08T11:31:51,1700.0,10.65,S
2021-06-08T11:31:46,1000.0,10.65,S
2021-06-08T11:31:46,1100.0,10.65,S
2021-06-08T11:31:46,7600.0,10.65,S
2021-06-08T11:31:46,8000.0,10.65,S
2021-06-08T11:31:46,100.0,10.65,S
2021-06-08T11:31:46,10100.0,10.65,S
2021-06-08T11:31:46,1100.0,10.65,S
2021-06-08T11:31:46,7800.0,10.65,S
2021-06-08T11:31:21,10000.0,10.65,S
2021-06-08T11:31:16,400.0,10.65,S
2021-06-08T11:31:01,700.0,10.65,S
2021-06-08T11:30:26,10000.0,10.7,B
2021-06-08T11:29:46,500.0,10.7,B
2021-06-08T11:29:40,1000.0,10.7,B
2021-06-08T11:29:27,1000.0,10.7,B
2021-06-08T11:29:13,1000.0,10.7,B
2021-06-08T11:28:58,100.0,10.65,S
2021-06-08T11:28:55,500.0,10.7,B
2021-06-08T11:28:26,100.0,10.7,S
2021-06-08T11:28:13,10000.0,10.65,S
2021-06-08T11:28:08,500.0,10.7,S
2021-06-08T11:28:06,1000.0,10.7,S
2021-06-08T11:27:52,100.0,10.7,S
2021-06-08T11:27:45,100.0,10.7,S
2021-06-08T11:27:25,34700.0,10.65,S
2021-06-08T11:27:25,5000.0,10.65,S
2021-06-08T11:27:25,10300.0,10.65,S
2021-06-08T11:27:23,10000.0,10.75,B
2021-06-08T11:27:19,200.0,10.7,S
2021-06-08T11:27:18,800.0,10.7,S
2021-06-08T11:27:16,1500.0,10.7,S
2021-06-08T11:27:16,6800.0,10.7,S
2021-06-08T11:27:16,6000.0,10.7,S
2021-06-08T11:27:16,1000.0,10.7,S
2021-06-08T11:27:16,9600.0,10.7,S
2021-06-08T11:27:16,1500.0,10.7,S
2021-06-08T11:27:16,1700.0,10.7,S
2021-06-08T11:27:16,1000.0,10.7,S
2021-06-08T11:27:16,12800.0,10.7,S
2021-06-08T11:27:16,4600.0,10.7,S
2021-06-08T11:27:16,21400.0,10.7,S
2021-06-08T11:27:16,26300.0,10.7,S
2021-06-08T11:27:16,700.0,10.7,S
2021-06-08T11:27:16,5100.0,10.7,S
2021-06-08T11:27:12,12100.0,10.7,S
2021-06-08T11:27:12,1500.0,10.7,S
2021-06-08T11:27:12,2500.0,10.7,S
2021-06-08T11:27:11,700.0,10.7,S
2021-06-08T11:27:11,900.0,10.7,S
2021-06-08T11:27:11,300.0,10.7,S
2021-06-08T11:27:11,9700.0,10.7,S
2021-06-08T11:27:11,2300.0,10.7,S
2021-06-08T11:27:03,1000.0,10.7,S
2021-06-08T11:26:56,14300.0,10.7,S
2021-06-08T11:26:56,4100.0,10.7,S
2021-06-08T11:26:56,2300.0,10.7,S
2021-06-08T11:26:56,4300.0,10.7,S
2021-06-08T11:26:50,1000.0,10.7,S
2021-06-08T11:26:26,200.0,10.7,S
2021-06-08T11:26:26,800.0,10.7,S
2021-06-08T11:26:04,700.0,10.75,B
2021-06-08T11:26:02,5000.0,10.7,S
2021-06-08T11:26:00,2500.0,10.75,B
2021-06-08T11:25:59,600.0,10.75,B
2021-06-08T11:25:51,6000.0,10.7,S
2021-06-08T11:25:48,500.0,10.75,B
2021-06-08T11:25:37,1900.0,10.7,S
2021-06-08T11:25:37,300.0,10.7,S
2021-06-08T11:25:36,500.0,10.7,S
2021-06-08T11:25:36,300.0,10.7,S
2021-06-08T11:25:36,20200.0,10.7,S
2021-06-08T11:25:36,1300.0,10.7,S
2021-06-08T11:25:36,500.0,10.7,S
2021-06-08T11:25:36,1000.0,10.7,S
2021-06-08T11:25:36,3600.0,10.7,S
2021-06-08T11:25:36,600.0,10.7,S
2021-06-08T11:25:36,2200.0,10.7,S
2021-06-08T11:25:36,17600.0,10.7,S
2021-06-08T11:25:36,1000.0,10.75,B
2021-06-08T11:25:07,100.0,10.7,S
2021-06-08T11:25:06,5500.0,10.7,S
2021-06-08T11:25:06,600.0,10.7,S
2021-06-08T11:25:05,26900.0,10.7,S
2021-06-08T11:25:04,50000.0,10.7,S
2021-06-08T11:25:03,200.0,10.75,B
2021-06-08T11:24:59,500.0,10.7,S
2021-06-08T11:24:48,1200.0,10.7,S
2021-06-08T11:24:39,6400.0,10.7,S
2021-06-08T11:24:22,200.0,10.7,S
2021-06-08T11:24:18,3000.0,10.7,S
2021-06-08T11:24:13,600.0,10.7,S
2021-06-08T11:23:52,1000.0,10.7,S
2021-06-08T11:23:45,300.0,10.7,S
2021-06-08T11:23:44,1000.0,10.7,S
2021-06-08T11:23:42,1900.0,10.7,S
2021-06-08T11:23:41,1000.0,10.7,S
2021-06-08T11:23:41,5000.0,10.75,B
2021-06-08T11:23:27,1000.0,10.7,S
2021-06-08T11:23:27,1000.0,10.7,S
2021-06-08T11:23:26,100.0,10.7,S
2021-06-08T11:23:25,2800.0,10.7,S
2021-06-08T11:23:02,5000.0,10.7,S
2021-06-08T11:22:04,2400.0,10.7,S
2021-06-08T11:22:04,1100.0,10.7,S
2021-06-08T11:22:04,2100.0,10.7,S
2021-06-08T11:22:04,5600.0,10.7,S
2021-06-08T11:22:04,700.0,10.7,S
2021-06-08T11:22:04,31000.0,10.7,S
2021-06-08T11:22:04,12100.0,10.7,S
2021-06-08T11:22:04,700.0,10.7,S
2021-06-08T11:22:04,4300.0,10.7,S
2021-06-08T11:21:54,9600.0,10.75,B
2021-06-08T11:21:39,3600.0,10.7,S
2021-06-08T11:21:39,11400.0,10.7,S
2021-06-08T11:21:35,9500.0,10.7,S
2021-06-08T11:21:34,5000.0,10.75,B
2021-06-08T11:21:33,4100.0,10.7,S
2021-06-08T11:21:33,200.0,10.7,S
2021-06-08T11:21:33,1900.0,10.7,S
2021-06-08T11:21:33,1900.0,10.7,S
2021-06-08T11:21:33,2000.0,10.7,S
2021-06-08T11:21:33,2200.0,10.7,S
2021-06-08T11:21:31,30500.0,10.7,S
2021-06-08T11:20:52,600.0,10.7,S
2021-06-08T11:20:46,4500.0,10.7,S
2021-06-08T11:20:10,500.0,10.7,S
2021-06-08T11:20:00,2000.0,10.75,B
2021-06-08T11:18:59,5000.0,10.7,S
2021-06-08T11:18:18,900.0,10.75,B
2021-06-08T11:18:17,5100.0,10.7,S
2021-06-08T11:18:17,100.0,10.7,S
2021-06-08T11:18:17,4800.0,10.7,S
2021-06-08T11:18:05,3000.0,10.75,B
2021-06-08T11:18:04,2000.0,10.7,S
2021-06-08T11:17:55,10000.0,10.75,B
2021-06-08T11:17:52,500.0,10.75,B
2021-06-08T11:17:29,100.0,10.75,B
2021-06-08T11:17:18,300.0,10.75,B
2021-06-08T11:17:13,2000.0,10.7,S
2021-06-08T11:17:08,2800.0,10.75,B
2021-06-08T11:16:48,5000.0,10.7,S
2021-06-08T11:16:46,2500.0,10.75,B
2021-06-08T11:16:46,100.0,10.75,B
2021-06-08T11:16:39,100.0,10.7,S
2021-06-08T11:16:38,2000.0,10.75,B
2021-06-08T11:16:33,400.0,10.75,B
2021-06-08T11:16:16,27800.0,10.7,S
2021-06-08T11:16:16,8900.0,10.7,S
2021-06-08T11:15:58,5000.0,10.7,S
2021-06-08T11:15:19,1000.0,10.75,B
2021-06-08T11:15:16,5000.0,10.7,S
2021-06-08T11:15:14,2000.0,10.75,B
2021-06-08T11:15:13,1000.0,10.75,B
2021-06-08T11:14:55,100.0,10.75,B
2021-06-08T11:14:54,200.0,10.75,B
2021-06-08T11:14:49,40000.0,10.75,B
2021-06-08T11:14:16,1000.0,10.75,B
2021-06-08T11:14:13,2000.0,10.7,S
2021-06-08T11:14:12,900.0,10.75,B
2021-06-08T11:14:03,1000.0,10.75,B
2021-06-08T11:14:03,2200.0,10.75,B
2021-06-08T11:13:50,1000.0,10.75,B
2021-06-08T11:13:49,400.0,10.7,S
2021-06-08T11:13:39,3000.0,10.75,B
2021-06-08T11:13:36,1000.0,10.75,B
2021-06-08T11:13:25,2000.0,10.7,S
2021-06-08T11:13:19,1000.0,10.75,B
2021-06-08T11:13:15,3100.0,10.7,S
2021-06-08T11:13:03,1000.0,10.75,B
2021-06-08T11:12:44,100.0,10.75,B
2021-06-08T11:12:41,100.0,10.75,B
2021-06-08T11:12:29,1000.0,10.7,S
2021-06-08T11:12:19,500.0,10.75,B
2021-06-08T11:12:18,800.0,10.7,S
2021-06-08T11:12:11,2000.0,10.7,S
2021-06-08T11:11:48,10000.0,10.7,S
2021-06-08T11:11:48,9000.0,10.7,S
2021-06-08T11:11:34,300.0,10.75,B
2021-06-08T11:11:16,1000.0,10.75,B
2021-06-08T11:10:58,300.0,10.7,S
2021-06-08T11:10:55,400.0,10.75,B
2021-06-08T11:10:46,200.0,10.75,B
2021-06-08T11:10:38,9600.0,10.75,B
2021-06-08T11:10:12,1000.0,10.75,B
2021-06-08T11:10:11,600.0,10.7,S
2021-06-08T11:09:50,8800.0,10.7,S
2021-06-08T11:09:27,1000.0,10.75,S
2021-06-08T11:09:13,500.0,10.75,S
2021-06-08T11:08:40,3000.0,10.75,S
2021-06-08T11:08:36,500.0,10.75,S
2021-06-08T11:08:34,4300.0,10.7,S
2021-06-08T11:08:34,45700.0,10.7,S
2021-06-08T11:08:31,3700.0,10.75,S
2021-06-08T11:08:05,200.0,10.75,S
2021-06-08T11:07:55,5500.0,10.75,S
2021-06-08T11:07:49,5000.0,10.75,S
2021-06-08T11:07:16,200.0,10.75,S
2021-06-08T11:07:10,6000.0,10.75,S
2021-06-08T11:07:00,1000.0,10.75,S
2021-06-08T11:06:57,2000.0,10.7,S
2021-06-08T11:06:41,900.0,10.75,S
2021-06-08T11:06:39,2000.0,10.75,S
2021-06-08T11:06:18,100.0,10.75,S
2021-06-08T11:06:09,300.0,10.7,S
2021-06-08T11:06:06,100.0,10.75,S
2021-06-08T11:05:35,1000.0,10.75,S
2021-06-08T11:05:32,2000.0,10.75,S
2021-06-08T11:05:25,600.0,10.75,S
2021-06-08T11:05:25,5500.0,10.75,S
2021-06-08T11:05:25,7100.0,10.75,S
2021-06-08T11:05:25,1500.0,10.75,S
2021-06-08T11:05:25,6000.0,10.75,S
2021-06-08T11:05:25,1000.0,10.75,S
2021-06-08T11:05:25,2000.0,10.75,S
2021-06-08T11:05:25,6200.0,10.75,S
2021-06-08T11:05:25,3500.0,10.75,S
2021-06-08T11:05:25,10000.0,10.75,S
2021-06-08T11:05:25,600.0,10.75,S
2021-06-08T11:05:25,900.0,10.75,S
2021-06-08T11:05:25,15300.0,10.75,S
2021-06-08T11:05:25,17400.0,10.75,S
2021-06-08T11:05:25,600.0,10.75,S
2021-06-08T11:05:25,4300.0,10.75,S
2021-06-08T11:05:25,5900.0,10.75,S
2021-06-08T11:05:25,5200.0,10.75,S
2021-06-08T11:05:25,2100.0,10.75,S
2021-06-08T11:05:24,900.0,10.75,S
2021-06-08T11:05:24,1000.0,10.75,S
2021-06-08T11:05:24,45700.0,10.75,S
2021-06-08T11:05:24,6900.0,10.75,S
2021-06-08T11:05:24,9800.0,10.75,S
2021-06-08T11:05:22,5000.0,10.75,S
2021-06-08T11:05:18,6000.0,10.75,S
2021-06-08T11:05:05,5000.0,10.75,S
2021-06-08T11:05:04,5000.0,10.75,S
2021-06-08T11:05:01,2000.0,10.8,B
2021-06-08T11:04:57,400.0,10.75,S
2021-06-08T11:04:55,13800.0,10.75,S
2021-06-08T11:04:54,56400.0,10.75,S
2021-06-08T11:04:54,5600.0,10.75,S
2021-06-08T11:04:54,10600.0,10.75,S
2021-06-08T11:04:54,600.0,10.75,S
2021-06-08T11:04:54,2400.0,10.75,S
2021-06-08T11:04:54,500.0,10.75,S
2021-06-08T11:04:54,6200.0,10.75,S
2021-06-08T11:04:54,300.0,10.75,S
2021-06-08T11:04:54,2300.0,10.75,S
2021-06-08T11:04:54,2000.0,10.75,S
2021-06-08T11:04:54,10600.0,10.75,S
2021-06-08T11:04:54,12600.0,10.75,S
2021-06-08T11:04:54,14000.0,10.75,S
2021-06-08T11:04:53,75900.0,10.75,S
2021-06-08T11:04:52,100.0,10.75,S
2021-06-08T11:04:45,1000.0,10.75,S
2021-06-08T11:04:42,1200.0,10.75,S
2021-06-08T11:04:39,1000.0,10.75,S
2021-06-08T11:04:06,100.0,10.75,S
2021-06-08T11:03:36,15700.0,10.75,S
2021-06-08T11:03:34,100.0,10.8,B
2021-06-08T11:03:22,5000.0,10.75,S
2021-06-08T11:03:21,900.0,10.8,B
2021-06-08T11:03:20,400.0,10.75,S
2021-06-08T11:03:14,15000.0,10.75,S
2021-06-08T11:03:11,500.0,10.75,S
2021-06-08T11:03:10,5000.0,10.75,S
2021-06-08T11:03:05,100.0,10.8,B
2021-06-08T11:02:58,200.0,10.75,S
2021-06-08T11:02:41,2200.0,10.75,S
2021-06-08T11:02:41,3300.0,10.75,S
2021-06-08T11:02:36,100.0,10.75,S
2021-06-08T11:01:59,1000.0,10.8,B
2021-06-08T11:01:34,1600.0,10.75,S
2021-06-08T11:01:34,18400.0,10.75,S
2021-06-08T11:01:09,1000.0,10.75,S
2021-06-08T11:00:51,8700.0,10.75,S
2021-06-08T11:00:51,1000.0,10.75,S
2021-06-08T11:00:51,700.0,10.75,S
2021-06-08T11:00:51,4800.0,10.75,S
2021-06-08T11:00:51,3000.0,10.75,S
2021-06-08T11:00:51,1700.0,10.75,S
2021-06-08T11:00:51,100.0,10.75,S
2021-06-08T11:00:51,14000.0,10.75,S
2021-06-08T11:00:51,9000.0,10.75,S
2021-06-08T11:00:51,500.0,10.75,S
2021-06-08T11:00:51,9500.0,10.75,S
2021-06-08T11:00:49,500.0,10.75,S
2021-06-08T11:00:36,10000.0,10.75,S
2021-06-08T11:00:12,1500.0,10.75,S
2021-06-08T11:00:09,100.0,10.75,S
2021-06-08T10:59:39,100.0,10.8,B
2021-06-08T10:59:33,500.0,10.8,B
2021-06-08T10:59:30,9800.0,10.75,S
2021-06-08T10:59:08,2000.0,10.75,S
2021-06-08T10:59:02,10000.0,10.75,S
2021-06-08T10:58:50,3000.0,10.75,S
2021-06-08T10:58:40,100.0,10.8,B
2021-06-08T10:58:34,500.0,10.75,S
2021-06-08T10:58:32,3000.0,10.8,B
2021-06-08T10:58:23,3000.0,10.75,S
2021-06-08T10:58:22,7000.0,10.75,S
2021-06-08T10:58:21,500.0,10.75,S
2021-06-08T10:58:07,3000.0,10.75,S
2021-06-08T10:58:03,500.0,10.75,S
2021-06-08T10:57:59,7000.0,10.75,S
2021-06-08T10:57:51,2900.0,10.8,B
2021-06-08T10:57:38,1000.0,10.75,S
2021-06-08T10:57:34,500.0,10.8,B
2021-06-08T10:57:25,10000.0,10.8,B
2021-06-08T10:57:20,100.0,10.8,B
2021-06-08T10:56:54,500.0,10.75,S
2021-06-08T10:56:43,3000.0,10.75,S
2021-06-08T10:56:31,500.0,10.75,S
2021-06-08T10:56:27,4300.0,10.75,S
2021-06-08T10:56:14,2000.0,10.75,S
2021-06-08T10:56:11,1400.0,10.75,S
2021-06-08T10:56:11,5000.0,10.75,S
2021-06-08T10:56:05,100.0,10.75,S
2021-06-08T10:56:03,200.0,10.75,S
2021-06-08T10:55:57,5000.0,10.8,B
2021-06-08T10:55:53,100.0,10.75,S
2021-06-08T10:55:45,500.0,10.8,B
2021-06-08T10:55:12,2000.0,10.8,B
2021-06-08T10:55:09,1000.0,10.75,S
2021-06-08T10:54:52,6100.0,10.75,S
2021-06-08T10:54:37,800.0,10.8,B
2021-06-08T10:54:11,1000.0,10.75,S
2021-06-08T10:53:47,15800.0,10.8,B
2021-06-08T10:53:45,500.0,10.75,S
2021-06-08T10:53:30,1000.0,10.75,S
2021-06-08T10:53:25,10000.0,10.75,S
2021-06-08T10:53:04,50000.0,10.8,B
2021-06-08T10:52:59,3000.0,10.75,S
2021-06-08T10:52:30,500.0,10.8,B
2021-06-08T10:52:28,10000.0,10.8,B
2021-06-08T10:52:18,4000.0,10.8,B
2021-06-08T10:52:11,400.0,10.8,B
2021-06-08T10:52:07,300.0,10.75,S
2021-06-08T10:52:05,14300.0,10.75,S
2021-06-08T10:51:59,400.0,10.75,S
2021-06-08T10:51:58,300.0,10.75,S
2021-06-08T10:51:53,300.0,10.75,S
2021-06-08T10:51:51,300.0,10.75,S
2021-06-08T10:51:51,1900.0,10.75,S
2021-06-08T10:51:50,200.0,10.75,S
2021-06-08T10:51:47,300.0,10.75,S
2021-06-08T10:51:45,300.0,10.8,B
2021-06-08T10:51:42,200.0,10.75,S
2021-06-08T10:51:31,400.0,10.75,S
2021-06-08T10:51:29,200.0,10.75,S
2021-06-08T10:51:17,500.0,10.8,B
2021-06-08T10:51:15,50000.0,10.8,B
2021-06-08T10:51:01,1000.0,10.8,B
2021-06-08T10:50:53,200.0,10.75,S
2021-06-08T10:50:41,3000.0,10.8,B
2021-06-08T10:50:40,700.0,10.75,S
2021-06-08T10:50:32,1000.0,10.75,S
2021-06-08T10:50:21,300.0,10.8,B
2021-06-08T10:50:21,1000.0,10.8,B
2021-06-08T10:50:19,300.0,10.8,B
2021-06-08T10:50:18,1000.0,10.8,B
2021-06-08T10:50:14,4000.0,10.75,S
2021-06-08T10:50:01,4600.0,10.8,B
2021-06-08T10:49:53,2000.0,10.75,S
2021-06-08T10:49:51,3000.0,10.75,S
2021-06-08T10:49:40,900.0,10.8,B
2021-06-08T10:49:28,100.0,10.8,B
2021-06-08T10:49:13,100000.0,10.8,B
2021-06-08T10:49:12,2500.0,10.75,S
2021-06-08T10:49:03,5000.0,10.8,B
2021-06-08T10:49:00,2000.0,10.8,B
2021-06-08T10:48:57,2000.0,10.8,B
2021-06-08T10:48:48,10000.0,10.75,S
2021-06-08T10:48:42,100.0,10.8,B
2021-06-08T10:48:37,1000.0,10.8,B
2021-06-08T10:48:36,3000.0,10.8,B
2021-06-08T10:48:29,1000.0,10.8,B
2021-06-08T10:48:29,100.0,10.8,B
2021-06-08T10:48:26,500.0,10.75,S
2021-06-08T10:48:23,10000.0,10.8,B
2021-06-08T10:48:23,1700.0,10.75,S
2021-06-08T10:48:16,3000.0,10.75,S
2021-06-08T10:48:10,1000.0,10.75,S
2021-06-08T10:48:09,5000.0,10.8,B
2021-06-08T10:47:54,400.0,10.8,B
2021-06-08T10:47:47,5000.0,10.8,B
2021-06-08T10:47:43,500.0,10.75,S
2021-06-08T10:47:38,100.0,10.75,S
2021-06-08T10:47:33,400.0,10.8,B
2021-06-08T10:47:32,10000.0,10.8,B
2021-06-08T10:47:29,10000.0,10.8,B
2021-06-08T10:47:28,300.0,10.8,B
2021-06-08T10:47:10,2000.0,10.8,B
2021-06-08T10:46:54,10000.0,10.75,S
2021-06-08T10:46:42,1600.0,10.75,S
2021-06-08T10:46:42,8400.0,10.75,S
2021-06-08T10:46:38,100.0,10.8,B
2021-06-08T10:46:31,100.0,10.75,S
2021-06-08T10:46:28,2000.0,10.8,B
2021-06-08T10:46:21,4000.0,10.75,S
2021-06-08T10:46:20,1000.0,10.75,S
2021-06-08T10:46:19,3000.0,10.75,S
2021-06-08T10:46:19,300.0,10.8,B
2021-06-08T10:46:05,1000.0,10.8,B
2021-06-08T10:46:03,1000.0,10.8,B
2021-06-08T10:45:33,10000.0,10.85,B
2021-06-08T10:45:30,3100.0,10.8,B
2021-06-08T10:45:28,200.0,10.8,B
2021-06-08T10:45:24,20000.0,10.8,B
2021-06-08T10:45:24,1000.0,10.8,B
2021-06-08T10:45:15,1000.0,10.8,B
2021-06-08T10:45:04,100.0,10.8,B
2021-06-08T10:44:55,100.0,10.8,B
2021-06-08T10:44:50,10000.0,10.85,B
2021-06-08T10:44:47,1000.0,10.8,B
2021-06-08T10:44:45,1000.0,10.8,B
2021-06-08T10:44:20,200.0,10.8,S
2021-06-08T10:44:20,800.0,10.8,S
2021-06-08T10:44:17,1000.0,10.8,S
2021-06-08T10:44:17,200.0,10.8,S
2021-06-08T10:44:04,2800.0,10.75,S
2021-06-08T10:44:04,5000.0,10.75,S
2021-06-08T10:44:04,10200.0,10.8,S
2021-06-08T10:44:04,800.0,10.8,S
2021-06-08T10:44:04,1100.0,10.8,S
2021-06-08T10:44:04,600.0,10.8,S
2021-06-08T10:44:04,5500.0,10.8,S
2021-06-08T10:44:04,3400.0,10.8,S
2021-06-08T10:44:03,1300.0,10.8,S
2021-06-08T10:43:45,1400.0,10.8,S
2021-06-08T10:43:45,1600.0,10.8,S
2021-06-08T10:43:38,1000.0,10.8,S
2021-06-08T10:43:31,1000.0,10.8,S
2021-06-08T10:43:27,7000.0,10.8,S
2021-06-08T10:43:24,1900.0,10.8,S
2021-06-08T10:43:23,10000.0,10.8,S
2021-06-08T10:43:22,600.0,10.8,S
2021-06-08T10:43:22,2200.0,10.8,S
2021-06-08T10:43:22,200.0,10.8,S
2021-06-08T10:43:18,100.0,10.85,B
2021-06-08T10:43:17,1000.0,10.8,S
2021-06-08T10:43:12,2000.0,10.8,S
2021-06-08T10:43:11,300.0,10.85,B
2021-06-08T10:43:03,10000.0,10.8,S
2021-06-08T10:43:00,6600.0,10.8,S
2021-06-08T10:42:53,5000.0,10.8,S
2021-06-08T10:42:53,3000.0,10.85,B
2021-06-08T10:42:49,2000.0,10.8,S
2021-06-08T10:42:35,5000.0,10.85,B
2021-06-08T10:42:22,100.0,10.8,S
2021-06-08T10:42:21,50000.0,10.8,S
2021-06-08T10:42:16,5000.0,10.8,S
2021-06-08T10:42:09,1000.0,10.8,S
2021-06-08T10:42:08,3300.0,10.8,S
2021-06-08T10:41:47,200.0,10.85,B
2021-06-08T10:41:47,27900.0,10.8,S
2021-06-08T10:41:46,600.0,10.8,S
2021-06-08T10:41:40,300.0,10.85,B
2021-06-08T10:41:33,11900.0,10.8,S
2021-06-08T10:41:33,20800.0,10.8,S
2021-06-08T10:41:33,17300.0,10.8,S
2021-06-08T10:41:32,4000.0,10.8,S
2021-06-08T10:41:29,1000.0,10.8,S
2021-06-08T10:41:28,1000.0,10.85,B
2021-06-08T10:41:18,1000.0,10.8,S
2021-06-08T10:41:04,500.0,10.8,S
2021-06-08T10:40:49,5000.0,10.8,S
2021-06-08T10:40:40,1000.0,10.8,S
2021-06-08T10:40:34,1000.0,10.8,S
2021-06-08T10:40:13,4000.0,10.8,S
2021-06-08T10:40:09,1800.0,10.8,S
2021-06-08T10:40:09,1600.0,10.8,S
2021-06-08T10:40:09,2000.0,10.8,S
2021-06-08T10:40:09,100.0,10.8,S
2021-06-08T10:40:05,600.0,10.8,S
2021-06-08T10:39:57,400.0,10.8,S
2021-06-08T10:39:55,400.0,10.8,S
2021-06-08T10:39:49,3000.0,10.8,S
2021-06-08T10:39:27,1200.0,10.8,S
2021-06-08T10:39:27,3800.0,10.8,S
2021-06-08T10:38:57,1000.0,10.85,B
2021-06-08T10:38:50,100.0,10.85,B
2021-06-08T10:38:49,1600.0,10.8,S
2021-06-08T10:38:49,1200.0,10.8,S
2021-06-08T10:38:49,2200.0,10.8,S
2021-06-08T10:38:49,1700.0,10.8,S
2021-06-08T10:38:49,1300.0,10.8,S
2021-06-08T10:38:34,5000.0,10.8,S
2021-06-08T10:38:34,300.0,10.8,S
2021-06-08T10:38:08,600.0,10.8,S
2021-06-08T10:38:08,6400.0,10.8,S
2021-06-08T10:38:08,43000.0,10.8,S
2021-06-08T10:37:52,500.0,10.85,B
2021-06-08T10:37:52,2000.0,10.85,B
2021-06-08T10:37:44,1000.0,10.8,S
2021-06-08T10:37:43,1000.0,10.8,S
2021-06-08T10:37:38,100.0,10.85,B
2021-06-08T10:37:36,100.0,10.85,B
2021-06-08T10:37:29,600.0,10.85,B
2021-06-08T10:37:16,500.0,10.8,S
2021-06-08T10:36:54,100.0,10.8,S
2021-06-08T10:36:50,1000.0,10.8,S
2021-06-08T10:36:46,1000.0,10.85,B
2021-06-08T10:36:36,8000.0,10.8,S
2021-06-08T10:36:14,1000.0,10.85,B
2021-06-08T10:36:07,8000.0,10.8,S
2021-06-08T10:36:01,200.0,10.85,B
2021-06-08T10:35:43,5000.0,10.8,S
2021-06-08T10:35:43,9000.0,10.8,S
2021-06-08T10:35:41,500.0,10.8,S
2021-06-08T10:35:37,4800.0,10.85,B
2021-06-08T10:35:37,5600.0,10.85,B
2021-06-08T10:35:37,4600.0,10.85,B
2021-06-08T10:35:34,100.0,10.8,S
2021-06-08T10:35:20,200.0,10.85,B
2021-06-08T10:35:15,200.0,10.85,B
2021-06-08T10:35:14,200.0,10.85,B
2021-06-08T10:35:13,1200.0,10.85,B
2021-06-08T10:34:48,200.0,10.85,B
2021-06-08T10:34:48,300.0,10.85,B
2021-06-08T10:34:48,50200.0,10.85,B
2021-06-08T10:34:48,2000.0,10.85,B
2021-06-08T10:34:47,500.0,10.85,B
2021-06-08T10:34:47,1000.0,10.85,B
2021-06-08T10:34:47,38500.0,10.85,B
2021-06-08T10:34:47,500.0,10.85,B
2021-06-08T10:34:47,207300.0,10.85,B
2021-06-08T10:34:46,100.0,10.85,B
2021-06-08T10:34:46,1400.0,10.8,S
2021-06-08T10:34:46,500.0,10.8,S
2021-06-08T10:34:46,12000.0,10.8,S
2021-06-08T10:34:46,4000.0,10.8,S
2021-06-08T10:34:45,1600.0,10.8,S
2021-06-08T10:34:45,500.0,10.8,S
2021-06-08T10:34:45,2200.0,10.8,S
2021-06-08T10:34:45,2100.0,10.8,S
2021-06-08T10:34:45,600.0,10.8,S
2021-06-08T10:34:45,1000.0,10.8,S
2021-06-08T10:34:45,6600.0,10.8,S
2021-06-08T10:34:45,600.0,10.8,S
2021-06-08T10:34:45,6900.0,10.8,S
2021-06-08T10:34:43,2000.0,10.85,B
2021-06-08T10:34:42,1100.0,10.85,B
2021-06-08T10:34:40,1000.0,10.8,S
2021-06-08T10:34:30,500.0,10.8,S
2021-06-08T10:34:26,500.0,10.8,S
2021-06-08T10:34:26,5500.0,10.8,S
2021-06-08T10:33:44,1900.0,10.85,B
2021-06-08T10:33:44,100.0,10.85,B
2021-06-08T10:33:38,500.0,10.8,S
2021-06-08T10:33:33,1500.0,10.8,S
2021-06-08T10:32:45,2000.0,10.85,B
2021-06-08T10:32:32,10000.0,10.85,B
2021-06-08T10:32:31,1000.0,10.85,B
2021-06-08T10:32:26,100.0,10.85,B
2021-06-08T10:32:19,1000.0,10.85,B
2021-06-08T10:32:15,10000.0,10.8,S
2021-06-08T10:32:12,200.0,10.85,B
2021-06-08T10:32:06,8700.0,10.85,B
2021-06-08T10:32:05,1300.0,10.85,B
2021-06-08T10:31:54,2000.0,10.85,B
2021-06-08T10:31:48,2100.0,10.85,B
2021-06-08T10:31:43,300.0,10.85,B
2021-06-08T10:31:40,300.0,10.85,B
2021-06-08T10:31:37,19000.0,10.85,B
2021-06-08T10:31:36,1000.0,10.8,S
2021-06-08T10:31:32,100.0,10.85,B
2021-06-08T10:31:06,2000.0,10.85,B
2021-06-08T10:30:53,100.0,10.8,S
2021-06-08T10:30:40,1000.0,10.85,B
2021-06-08T10:30:33,700.0,10.85,B
2021-06-08T10:30:32,200.0,10.85,B
2021-06-08T10:30:27,3500.0,10.85,B
2021-06-08T10:30:19,400.0,10.85,B
2021-06-08T10:30:12,1200.0,10.85,B
2021-06-08T10:29:54,500.0,10.85,B
2021-06-08T10:29:30,11000.0,10.85,S
2021-06-08T10:29:29,1000.0,10.85,S
2021-06-08T10:29:18,500.0,10.85,S
2021-06-08T10:29:12,5000.0,10.85,S
2021-06-08T10:29:07,100.0,10.85,S
2021-06-08T10:29:07,5000.0,10.85,S
2021-06-08T10:29:06,800.0,10.85,S
2021-06-08T10:29:00,5000.0,10.8,S
2021-06-08T10:28:44,1000.0,10.85,S
2021-06-08T10:28:23,1000.0,10.85,S
2021-06-08T10:28:20,500.0,10.85,S
2021-06-08T10:28:20,400.0,10.85,S
2021-06-08T10:28:09,200.0,10.85,S
2021-06-08T10:27:45,10000.0,10.85,S
2021-06-08T10:27:45,10200.0,10.85,S
2021-06-08T10:27:45,500.0,10.85,S
2021-06-08T10:27:45,13000.0,10.85,S
2021-06-08T10:27:43,10000.0,10.85,S
2021-06-08T10:27:34,500.0,10.9,B
2021-06-08T10:27:31,1200.0,10.85,S
2021-06-08T10:27:27,200.0,10.9,B
2021-06-08T10:27:17,700.0,10.85,S
2021-06-08T10:27:11,7000.0,10.85,S
2021-06-08T10:26:39,10000.0,10.9,B
2021-06-08T10:26:25,200.0,10.85,S
2021-06-08T10:26:22,100.0,10.9,B
2021-06-08T10:26:20,5700.0,10.85,S
2021-06-08T10:26:15,7000.0,10.85,S
2021-06-08T10:26:14,8000.0,10.85,S
2021-06-08T10:26:12,1900.0,10.85,S
2021-06-08T10:26:08,1000.0,10.85,S
2021-06-08T10:26:06,2100.0,10.85,S
2021-06-08T10:26:04,2900.0,10.85,S
2021-06-08T10:25:52,1800.0,10.85,S
2021-06-08T10:25:52,2000.0,10.85,S
2021-06-08T10:25:52,400.0,10.85,S
2021-06-08T10:25:51,6000.0,10.85,S
2021-06-08T10:25:49,100.0,10.9,B
2021-06-08T10:25:42,3000.0,10.85,S
2021-06-08T10:25:29,200.0,10.85,S
2021-06-08T10:25:23,600.0,10.85,S
2021-06-08T10:25:21,1500.0,10.85,S
2021-06-08T10:25:20,2900.0,10.85,S
2021-06-08T10:25:20,1000.0,10.85,S
2021-06-08T10:25:03,900.0,10.85,S
2021-06-08T10:25:00,100.0,10.85,S
2021-06-08T10:24:58,3000.0,10.9,B
2021-06-08T10:24:58,3800.0,10.9,B
2021-06-08T10:24:58,3700.0,10.85,S
2021-06-08T10:24:48,300.0,10.85,S
2021-06-08T10:24:44,9800.0,10.85,S
2021-06-08T10:24:33,1300.0,10.85,S
2021-06-08T10:24:31,100.0,10.85,S
2021-06-08T10:24:28,8000.0,10.85,S
2021-06-08T10:24:25,100.0,10.85,S
2021-06-08T10:24:23,3000.0,10.85,S
2021-06-08T10:24:10,9700.0,10.85,S
2021-06-08T10:24:07,190300.0,10.85,S
2021-06-08T10:23:38,100.0,10.85,S
2021-06-08T10:23:17,2000.0,10.85,S
2021-06-08T10:23:13,3000.0,10.85,S
2021-06-08T10:23:13,1000.0,10.85,S
2021-06-08T10:23:12,200.0,10.85,S
2021-06-08T10:23:08,3000.0,10.8,S
2021-06-08T10:23:05,1000.0,10.85,S
2021-06-08T10:22:58,4500.0,10.85,S
2021-06-08T10:22:55,200.0,10.8,S
2021-06-08T10:22:55,100.0,10.8,S
2021-06-08T10:22:55,700.0,10.8,S
2021-06-08T10:22:54,10000.0,10.85,S
2021-06-08T10:22:48,300.0,10.9,B
2021-06-08T10:22:36,2000.0,10.85,S
2021-06-08T10:22:35,3000.0,10.85,S
2021-06-08T10:22:33,1000.0,10.9,B
2021-06-08T10:22:19,500.0,10.85,S
2021-06-08T10:22:17,1000.0,10.85,S
2021-06-08T10:22:13,600.0,10.85,S
2021-06-08T10:22:10,10000.0,10.8,S
2021-06-08T10:22:09,900.0,10.85,S
2021-06-08T10:22:09,600.0,10.85,S
2021-06-08T10:22:05,100.0,10.85,S
2021-06-08T10:21:59,500.0,10.85,S
2021-06-08T10:21:56,1000.0,10.85,S
2021-06-08T10:21:46,1500.0,10.85,S
2021-06-08T10:21:45,1000.0,10.85,S
2021-06-08T10:21:37,2000.0,10.85,S
2021-06-08T10:21:35,300.0,10.85,S
2021-06-08T10:21:34,200.0,10.85,S
2021-06-08T10:21:31,2000.0,10.9,B
2021-06-08T10:21:20,200.0,10.85,B
2021-06-08T10:21:19,1000.0,10.85,B
2021-06-08T10:21:17,5600.0,10.85,B
2021-06-08T10:21:06,3000.0,10.85,B
2021-06-08T10:21:00,500.0,10.85,B
2021-06-08T10:20:56,1000.0,10.9,B
2021-06-08T10:20:51,2000.0,10.9,B
2021-06-08T10:20:46,6000.0,10.85,B
2021-06-08T10:20:34,1000.0,10.85,B
2021-06-08T10:20:24,500.0,10.85,B
2021-06-08T10:20:19,10000.0,10.85,B
2021-06-08T10:20:09,2000.0,10.85,B
2021-06-08T10:20:08,500.0,10.85,B
2021-06-08T10:19:57,1000.0,10.85,B
2021-06-08T10:19:46,10000.0,10.9,B
2021-06-08T10:19:44,5000.0,10.85,B
2021-06-08T10:19:42,500.0,10.9,B
2021-06-08T10:19:41,2300.0,10.85,B
2021-06-08T10:19:41,500.0,10.85,B
2021-06-08T10:19:39,10400.0,10.85,B
2021-06-08T10:19:39,1900.0,10.85,B
2021-06-08T10:19:37,1000.0,10.9,B
2021-06-08T10:19:17,1200.0,10.85,B
2021-06-08T10:19:15,1500.0,10.9,B
2021-06-08T10:19:13,10000.0,10.9,B
2021-06-08T10:19:06,4000.0,10.85,B
2021-06-08T10:19:03,1000.0,10.85,B
2021-06-08T10:18:59,5000.0,10.9,B
2021-06-08T10:18:56,14000.0,10.9,B
2021-06-08T10:18:56,11500.0,10.9,B
2021-06-08T10:18:56,30000.0,10.9,B
2021-06-08T10:18:56,500.0,10.9,B
2021-06-08T10:18:56,300.0,10.9,B
2021-06-08T10:18:56,2100.0,10.9,B
2021-06-08T10:18:56,2000.0,10.85,B
2021-06-08T10:18:56,1600.0,10.85,B
2021-06-08T10:18:56,5000.0,10.85,B
2021-06-08T10:18:56,100.0,10.85,B
2021-06-08T10:18:55,5500.0,10.85,B
2021-06-08T10:18:55,1000.0,10.85,B
2021-06-08T10:18:55,6000.0,10.85,B
2021-06-08T10:18:55,56200.0,10.85,B
2021-06-08T10:18:55,11200.0,10.85,B
2021-06-08T10:18:55,1000.0,10.85,B
2021-06-08T10:18:55,5100.0,10.85,B
2021-06-08T10:18:55,200.0,10.85,B
2021-06-08T10:18:55,7000.0,10.85,B
2021-06-08T10:18:55,5200.0,10.85,B
2021-06-08T10:18:55,6500.0,10.85,B
2021-06-08T10:18:55,10000.0,10.85,B
2021-06-08T10:18:55,50000.0,10.85,B
2021-06-08T10:18:55,3600.0,10.85,B
2021-06-08T10:18:55,11000.0,10.85,B
2021-06-08T10:18:55,500.0,10.85,B
2021-06-08T10:18:55,41700.0,10.85,B
2021-06-08T10:18:51,1800.0,10.8,S
2021-06-08T10:18:50,1300.0,10.8,S
2021-06-08T10:18:48,20000.0,10.85,B
2021-06-08T10:18:45,28800.0,10.85,B
2021-06-08T10:18:45,1500.0,10.85,B
2021-06-08T10:18:45,200.0,10.85,B
2021-06-08T10:18:45,69500.0,10.85,B
2021-06-08T10:18:39,300.0,10.8,S
2021-06-08T10:18:33,1000.0,10.8,S
2021-06-08T10:18:31,100.0,10.85,B
2021-06-08T10:18:30,1400.0,10.85,B
2021-06-08T10:17:59,5000.0,10.8,S
2021-06-08T10:17:57,2000.0,10.85,B
2021-06-08T10:17:54,5000.0,10.85,B
2021-06-08T10:17:50,5000.0,10.8,S
2021-06-08T10:17:37,300.0,10.85,B
2021-06-08T10:17:31,200.0,10.85,B
2021-06-08T10:17:27,500.0,10.85,B
2021-06-08T10:17:27,100.0,10.8,S
2021-06-08T10:17:26,500.0,10.8,S
2021-06-08T10:17:21,2000.0,10.85,B
2021-06-08T10:17:21,100.0,10.8,S
2021-06-08T10:17:09,300.0,10.85,B
2021-06-08T10:17:09,2000.0,10.8,S
2021-06-08T10:17:06,300.0,10.8,S
2021-06-08T10:17:02,100.0,10.8,S
2021-06-08T10:17:02,3000.0,10.85,B
2021-06-08T10:16:51,5000.0,10.8,S
2021-06-08T10:16:50,200.0,10.85,B
2021-06-08T10:16:42,1000.0,10.85,B
2021-06-08T10:16:26,100.0,10.85,B
2021-06-08T10:16:24,100.0,10.85,B
2021-06-08T10:16:10,5000.0,10.85,B
2021-06-08T10:16:01,2000.0,10.8,S
2021-06-08T10:15:57,10000.0,10.85,B
2021-06-08T10:15:56,2000.0,10.8,S
2021-06-08T10:15:52,10000.0,10.8,S
2021-06-08T10:15:46,100.0,10.85,B
2021-06-08T10:15:46,100.0,10.85,B
2021-06-08T10:15:35,300.0,10.8,S
2021-06-08T10:15:32,10500.0,10.8,S
2021-06-08T10:15:32,1200.0,10.8,S
2021-06-08T10:15:32,2000.0,10.8,S
2021-06-08T10:15:32,2000.0,10.8,S
2021-06-08T10:15:31,1100.0,10.8,S
2021-06-08T10:15:31,2000.0,10.8,S
2021-06-08T10:15:31,2700.0,10.8,S
2021-06-08T10:15:31,5000.0,10.8,S
2021-06-08T10:15:31,2300.0,10.8,S
2021-06-08T10:15:31,14100.0,10.8,S
2021-06-08T10:15:31,300.0,10.8,S
2021-06-08T10:15:30,16800.0,10.8,S
2021-06-08T10:15:25,100.0,10.85,B
2021-06-08T10:15:25,1000.0,10.85,B
2021-06-08T10:15:23,6000.0,10.85,B
2021-06-08T10:15:21,2000.0,10.85,B
2021-06-08T10:15:19,100.0,10.8,S
2021-06-08T10:15:13,100.0,10.8,S
2021-06-08T10:15:10,1000.0,10.85,B
2021-06-08T10:15:06,6000.0,10.85,B
2021-06-08T10:14:57,1900.0,10.85,B
2021-06-08T10:14:50,10000.0,10.85,B
2021-06-08T10:14:46,1000.0,10.8,S
2021-06-08T10:14:37,300.0,10.8,S
2021-06-08T10:14:34,500.0,10.85,B
2021-06-08T10:14:31,4000.0,10.85,B
2021-06-08T10:14:16,1500.0,10.85,B
2021-06-08T10:14:03,300.0,10.85,B
2021-06-08T10:14:00,2500.0,10.8,S
2021-06-08T10:14:00,1100.0,10.8,S
2021-06-08T10:14:00,2200.0,10.8,S
2021-06-08T10:14:00,900.0,10.8,S
2021-06-08T10:14:00,3300.0,10.8,S
2021-06-08T10:13:56,900.0,10.85,B
2021-06-08T10:13:49,300.0,10.85,B
2021-06-08T10:13:48,100.0,10.85,B
2021-06-08T10:13:47,10000.0,10.8,S
2021-06-08T10:13:42,100.0,10.85,B
2021-06-08T10:13:41,5900.0,10.8,S
2021-06-08T10:13:41,3100.0,10.8,S
2021-06-08T10:13:41,100.0,10.8,S
2021-06-08T10:13:40,5900.0,10.8,S
2021-06-08T10:13:26,1000.0,10.85,B
2021-06-08T10:13:22,7000.0,10.8,S
2021-06-08T10:13:15,1000.0,10.8,S
2021-06-08T10:13:10,6000.0,10.8,S
2021-06-08T10:13:04,3000.0,10.8,S
2021-06-08T10:12:52,100.0,10.8,S
2021-06-08T10:12:31,2000.0,10.85,B
2021-06-08T10:12:12,1000.0,10.85,B
2021-06-08T10:12:08,3300.0,10.85,B
2021-06-08T10:12:03,100.0,10.85,B
2021-06-08T10:12:01,1000.0,10.85,B
2021-06-08T10:11:57,5000.0,10.85,B
2021-06-08T10:11:55,1500.0,10.85,B
2021-06-08T10:11:54,5000.0,10.85,B
2021-06-08T10:11:46,5000.0,10.85,B
2021-06-08T10:11:43,100.0,10.8,S
2021-06-08T10:11:37,5000.0,10.85,B
2021-06-08T10:11:22,100.0,10.85,B
2021-06-08T10:11:21,100.0,10.85,B
2021-06-08T10:11:03,500.0,10.8,S
2021-06-08T10:10:58,500.0,10.85,B
2021-06-08T10:10:57,900.0,10.85,B
2021-06-08T10:10:46,500.0,10.85,B
2021-06-08T10:10:45,10000.0,10.85,B
2021-06-08T10:10:43,100.0,10.85,B
2021-06-08T10:10:43,1000.0,10.85,B
2021-06-08T10:10:40,3000.0,10.85,B
2021-06-08T10:10:38,1000.0,10.85,B
2021-06-08T10:10:35,5000.0,10.85,B
2021-06-08T10:10:33,1000.0,10.8,S
2021-06-08T10:10:16,200.0,10.8,S
2021-06-08T10:10:15,500.0,10.85,B
2021-06-08T10:10:08,10000.0,10.85,B
2021-06-08T10:10:05,4600.0,10.8,S
2021-06-08T10:10:05,400.0,10.8,S
2021-06-08T10:10:04,2000.0,10.8,S
2021-06-08T10:09:57,1000.0,10.8,S
2021-06-08T10:09:54,200.0,10.85,B
2021-06-08T10:09:50,1000.0,10.85,B
2021-06-08T10:09:47,5100.0,10.85,B
2021-06-08T10:09:45,35900.0,10.85,B
2021-06-08T10:09:45,1200.0,10.85,B
2021-06-08T10:09:45,4500.0,10.85,B
2021-06-08T10:09:45,8400.0,10.85,B
2021-06-08T10:09:31,5000.0,10.85,B
2021-06-08T10:09:27,200.0,10.85,B
2021-06-08T10:09:24,300.0,10.85,B
2021-06-08T10:09:18,1000.0,10.8,S
2021-06-08T10:09:14,500.0,10.85,B
2021-06-08T10:08:51,100.0,10.8,S
2021-06-08T10:08:31,200.0,10.8,S
2021-06-08T10:08:24,2000.0,10.8,S
2021-06-08T10:08:24,3000.0,10.8,S
2021-06-08T10:08:21,5000.0,10.85,B
2021-06-08T10:08:05,1000.0,10.85,B
2021-06-08T10:07:56,500.0,10.85,B
2021-06-08T10:07:52,1000.0,10.85,B
2021-06-08T10:07:50,2000.0,10.85,B
2021-06-08T10:07:49,100.0,10.85,B
2021-06-08T10:07:48,2000.0,10.85,B
2021-06-08T10:07:39,10000.0,10.85,B
2021-06-08T10:07:32,800.0,10.8,S
2021-06-08T10:07:27,300.0,10.8,S
2021-06-08T10:07:26,600.0,10.8,S
2021-06-08T10:07:26,5000.0,10.8,S
2021-06-08T10:07:25,1000.0,10.85,B
2021-06-08T10:07:00,1000.0,10.8,S
2021-06-08T10:06:54,400.0,10.8,S
2021-06-08T10:06:52,10000.0,10.8,S
2021-06-08T10:06:51,100.0,10.8,S
2021-06-08T10:06:48,300.0,10.8,S
2021-06-08T10:06:43,5400.0,10.85,B
2021-06-08T10:06:40,100.0,10.8,S
2021-06-08T10:06:39,1000.0,10.8,S
2021-06-08T10:06:13,10000.0,10.85,B
2021-06-08T10:05:51,100.0,10.8,S
2021-06-08T10:05:51,25400.0,10.8,S
2021-06-08T10:05:51,1200.0,10.8,S
2021-06-08T10:05:51,2700.0,10.8,S
2021-06-08T10:05:50,2900.0,10.8,S
2021-06-08T10:05:50,11200.0,10.8,S
2021-06-08T10:05:50,16600.0,10.8,S
2021-06-08T10:05:45,1000.0,10.8,S
2021-06-08T10:05:43,100.0,10.8,S
2021-06-08T10:05:40,500.0,10.8,S
2021-06-08T10:05:39,1500.0,10.8,S
2021-06-08T10:05:34,500.0,10.85,B
2021-06-08T10:05:32,8000.0,10.85,B
2021-06-08T10:05:26,500.0,10.8,S
2021-06-08T10:05:26,1500.0,10.8,S
2021-06-08T10:05:26,100.0,10.8,S
2021-06-08T10:05:17,300.0,10.85,B
2021-06-08T10:05:08,800.0,10.8,B
2021-06-08T10:05:08,3000.0,10.8,B
2021-06-08T10:05:08,200.0,10.8,B
2021-06-08T10:05:08,11000.0,10.8,B
2021-06-08T10:05:08,11300.0,10.8,B
2021-06-08T10:05:08,5000.0,10.8,B
2021-06-08T10:05:07,28700.0,10.8,B
2021-06-08T10:04:54,100.0,10.85,B
2021-06-08T10:04:54,100.0,10.85,B
2021-06-08T10:04:40,200000.0,10.8,B
2021-06-08T10:04:37,2000.0,10.8,B
2021-06-08T10:04:37,10600.0,10.8,B
2021-06-08T10:04:34,5000.0,10.8,B
2021-06-08T10:04:28,300.0,10.8,B
2021-06-08T10:04:28,600.0,10.8,B
2021-06-08T10:04:12,1000.0,10.8,B
2021-06-08T10:04:12,5000.0,10.8,B
2021-06-08T10:04:09,100.0,10.8,B
2021-06-08T10:04:02,1000.0,10.8,B
2021-06-08T10:03:57,100.0,10.85,B
2021-06-08T10:03:43,3800.0,10.8,B
2021-06-08T10:03:41,1000.0,10.8,B
2021-06-08T10:03:37,1000.0,10.8,B
2021-06-08T10:03:20,50000.0,10.85,B
2021-06-08T10:03:01,500.0,10.8,B
2021-06-08T10:03:00,7000.0,10.8,B
2021-06-08T10:03:00,100.0,10.8,B
2021-06-08T10:02:50,2000.0,10.8,B
2021-06-08T10:02:36,1000.0,10.8,B
2021-06-08T10:02:36,30100.0,10.8,B
2021-06-08T10:02:36,9200.0,10.8,B
2021-06-08T10:02:36,2100.0,10.8,B
2021-06-08T10:02:36,6000.0,10.8,B
2021-06-08T10:02:35,2200.0,10.8,B
2021-06-08T10:02:35,15700.0,10.8,B
2021-06-08T10:02:19,300.0,10.8,B
2021-06-08T10:02:19,22100.0,10.8,B
2021-06-08T10:02:19,8600.0,10.8,B
2021-06-08T10:02:19,3400.0,10.8,B
2021-06-08T10:02:19,1200.0,10.8,B
2021-06-08T10:02:19,14400.0,10.8,B
2021-06-08T10:02:16,400.0,10.8,B
2021-06-08T10:02:09,300.0,10.8,B
2021-06-08T10:02:05,6000.0,10.8,B
2021-06-08T10:01:58,3000.0,10.75,S
2021-06-08T10:01:55,300.0,10.8,B
2021-06-08T10:01:35,300.0,10.8,B
2021-06-08T10:01:35,1100.0,10.8,B
2021-06-08T10:01:33,900.0,10.8,B
2021-06-08T10:01:19,2500.0,10.8,B
2021-06-08T10:01:18,5000.0,10.8,B
2021-06-08T10:01:17,500.0,10.8,B
2021-06-08T10:01:15,200.0,10.8,B
2021-06-08T10:01:12,20000.0,10.8,B
2021-06-08T10:01:03,3600.0,10.8,B
2021-06-08T10:01:02,17700.0,10.8,B
2021-06-08T10:01:02,3100.0,10.8,B
2021-06-08T10:01:02,4200.0,10.8,B
2021-06-08T10:01:02,4000.0,10.8,B
2021-06-08T10:01:00,2000.0,10.8,B
2021-06-08T10:01:00,300.0,10.8,B
2021-06-08T10:01:00,17700.0,10.8,B
2021-06-08T10:00:53,62000.0,10.8,B
2021-06-08T10:00:50,1000.0,10.8,B
2021-06-08T10:00:47,2000.0,10.8,B
2021-06-08T10:00:44,10000.0,10.75,S
2021-06-08T10:00:42,50000.0,10.8,B
2021-06-08T10:00:37,3000.0,10.8,B
2021-06-08T10:00:37,100.0,10.8,B
2021-06-08T10:00:27,500.0,10.75,S
2021-06-08T10:00:19,600.0,10.8,B
2021-06-08T10:00:09,1000.0,10.75,S
2021-06-08T10:00:05,9600.0,10.75,S
2021-06-08T10:00:05,10500.0,10.75,S
2021-06-08T10:00:05,2500.0,10.75,S
2021-06-08T10:00:04,77400.0,10.75,S
2021-06-08T09:59:57,100.0,10.8,B
2021-06-08T09:59:54,30000.0,10.8,B
2021-06-08T09:59:48,3000.0,10.8,B
2021-06-08T09:59:44,10400.0,10.8,B
2021-06-08T09:59:42,1000.0,10.8,B
2021-06-08T09:59:41,5000.0,10.75,S
2021-06-08T09:59:41,2000.0,10.8,B
2021-06-08T09:59:38,500.0,10.8,B
2021-06-08T09:59:38,500.0,10.8,B
2021-06-08T09:59:33,1000.0,10.75,S
2021-06-08T09:59:29,6000.0,10.8,B
2021-06-08T09:59:28,20000.0,10.8,B
2021-06-08T09:59:26,3000.0,10.8,B
2021-06-08T09:59:21,800.0,10.75,S
2021-06-08T09:59:17,200.0,10.8,B
2021-06-08T09:59:17,5000.0,10.8,B
2021-06-08T09:59:13,9700.0,10.8,B
2021-06-08T09:59:13,200.0,10.8,B
2021-06-08T09:59:13,1000.0,10.8,B
2021-06-08T09:59:13,200.0,10.8,B
2021-06-08T09:59:13,5900.0,10.8,B
2021-06-08T09:59:10,100.0,10.8,B
2021-06-08T09:59:10,700.0,10.8,B
2021-06-08T09:59:09,1700.0,10.8,B
2021-06-08T09:59:06,4000.0,10.8,B
2021-06-08T09:59:01,100.0,10.8,B
2021-06-08T09:58:48,900.0,10.75,S
2021-06-08T09:58:34,800.0,10.8,B
2021-06-08T09:58:28,5000.0,10.8,B
2021-06-08T09:57:57,100.0,10.8,B
2021-06-08T09:57:51,3000.0,10.8,B
2021-06-08T09:57:28,1000.0,10.8,B
2021-06-08T09:56:48,3000.0,10.75,B
2021-06-08T09:56:43,500.0,10.75,B
2021-06-08T09:56:38,1000.0,10.75,B
2021-06-08T09:56:34,300.0,10.8,B
2021-06-08T09:56:23,300.0,10.8,B
2021-06-08T09:56:16,100.0,10.8,B
2021-06-08T09:56:11,100.0,10.8,B
2021-06-08T09:56:07,1000.0,10.8,B
2021-06-08T09:56:06,800.0,10.8,B
2021-06-08T09:55:56,1400.0,10.8,B
2021-06-08T09:55:56,4000.0,10.8,B
2021-06-08T09:55:56,1000.0,10.8,B
2021-06-08T09:55:56,200.0,10.8,B
2021-06-08T09:55:56,15900.0,10.8,B
2021-06-08T09:55:56,1000.0,10.8,B
2021-06-08T09:55:56,100.0,10.8,B
2021-06-08T09:55:56,26400.0,10.8,B
2021-06-08T09:55:53,400.0,10.8,B
2021-06-08T09:55:48,800.0,10.75,B
2021-06-08T09:55:35,10000.0,10.8,B
2021-06-08T09:55:25,1000.0,10.75,B
2021-06-08T09:55:24,1500.0,10.75,B
2021-06-08T09:55:21,100.0,10.8,B
2021-06-08T09:55:06,3000.0,10.75,B
2021-06-08T09:54:46,1000.0,10.8,B
2021-06-08T09:54:45,6000.0,10.75,B
2021-06-08T09:54:43,500.0,10.8,B
2021-06-08T09:54:41,2000.0,10.8,B
2021-06-08T09:54:41,200.0,10.8,B
2021-06-08T09:54:40,10800.0,10.8,B
2021-06-08T09:54:34,4100.0,10.8,B
2021-06-08T09:54:30,3000.0,10.8,B
2021-06-08T09:54:16,2000.0,10.8,B
2021-06-08T09:54:01,2000.0,10.8,B
2021-06-08T09:53:49,100.0,10.75,B
2021-06-08T09:53:43,1000.0,10.8,B
2021-06-08T09:53:24,100.0,10.75,B
2021-06-08T09:53:22,500.0,10.75,B
2021-06-08T09:53:00,5000.0,10.8,B
2021-06-08T09:53:00,500.0,10.75,B
2021-06-08T09:52:40,100.0,10.8,B
2021-06-08T09:52:35,2000.0,10.75,B
2021-06-08T09:52:18,5000.0,10.75,B
2021-06-08T09:52:08,400.0,10.8,B
2021-06-08T09:52:06,4500.0,10.8,B
2021-06-08T09:52:06,10000.0,10.8,B
2021-06-08T09:52:05,2100.0,10.75,B
2021-06-08T09:52:03,1000.0,10.8,B
2021-06-08T09:52:00,5000.0,10.75,B
2021-06-08T09:51:48,100.0,10.75,B
2021-06-08T09:51:47,1500.0,10.8,B
2021-06-08T09:51:46,900.0,10.8,B
2021-06-08T09:51:17,500.0,10.8,B
2021-06-08T09:51:12,500.0,10.75,B
2021-06-08T09:51:08,4000.0,10.8,B
2021-06-08T09:51:01,1600.0,10.8,B
2021-06-08T09:51:01,3100.0,10.8,B
2021-06-08T09:51:00,2000.0,10.8,B
2021-06-08T09:51:00,2800.0,10.8,B
2021-06-08T09:51:00,500.0,10.8,B
2021-06-08T09:50:54,5000.0,10.75,B
2021-06-08T09:50:52,10000.0,10.75,B
2021-06-08T09:50:48,500.0,10.75,B
2021-06-08T09:50:47,500.0,10.75,B
2021-06-08T09:50:45,1000.0,10.75,B
2021-06-08T09:50:45,100.0,10.75,B
2021-06-08T09:50:40,300.0,10.8,B
2021-06-08T09:50:36,200.0,10.8,B
2021-06-08T09:50:32,500.0,10.75,B
2021-06-08T09:50:29,6000.0,10.75,B
2021-06-08T09:50:29,2500.0,10.75,B
2021-06-08T09:50:26,100.0,10.75,B
2021-06-08T09:50:15,100.0,10.75,B
2021-06-08T09:50:03,200.0,10.75,B
2021-06-08T09:50:02,600.0,10.75,B
2021-06-08T09:50:02,300.0,10.75,B
2021-06-08T09:49:52,1000.0,10.75,B
2021-06-08T09:49:51,200.0,10.75,B
2021-06-08T09:49:51,200.0,10.75,B
2021-06-08T09:49:48,100.0,10.75,B
2021-06-08T09:49:47,2000.0,10.7,S
2021-06-08T09:49:43,4700.0,10.75,B
2021-06-08T09:49:36,4700.0,10.75,B
2021-06-08T09:49:32,2000.0,10.75,B
2021-06-08T09:49:32,600.0,10.75,B
2021-06-08T09:49:30,2000.0,10.75,B
2021-06-08T09:49:27,400.0,10.75,B
2021-06-08T09:49:27,300.0,10.75,B
2021-06-08T09:49:25,600.0,10.75,B
2021-06-08T09:49:21,100.0,10.75,B
2021-06-08T09:49:05,5000.0,10.75,B
2021-06-08T09:49:05,5100.0,10.75,B
2021-06-08T09:49:05,39900.0,10.75,B
2021-06-08T09:48:53,1000.0,10.7,S
2021-06-08T09:48:50,200.0,10.75,B
2021-06-08T09:48:49,1000.0,10.75,B
2021-06-08T09:48:36,5000.0,10.75,B
2021-06-08T09:48:26,200.0,10.75,B
2021-06-08T09:48:20,500.0,10.75,B
2021-06-08T09:48:19,2900.0,10.75,B
2021-06-08T09:48:08,2400.0,10.75,B
2021-06-08T09:47:43,100000.0,10.75,B
2021-06-08T09:47:35,1000.0,10.75,B
2021-06-08T09:47:17,50000.0,10.75,B
2021-06-08T09:47:16,100.0,10.75,B
2021-06-08T09:47:00,1400.0,10.75,B
2021-06-08T09:46:55,300.0,10.75,B
2021-06-08T09:46:55,700.0,10.75,B
2021-06-08T09:46:47,4000.0,10.75,B
2021-06-08T09:46:44,100.0,10.75,B
2021-06-08T09:46:40,8800.0,10.7,B
2021-06-08T09:46:40,10300.0,10.7,B
2021-06-08T09:46:40,300.0,10.7,B
2021-06-08T09:46:40,1200.0,10.7,B
2021-06-08T09:46:40,10200.0,10.7,B
2021-06-08T09:46:40,10000.0,10.7,B
2021-06-08T09:46:40,700.0,10.7,B
2021-06-08T09:46:40,8000.0,10.7,B
2021-06-08T09:46:40,500.0,10.7,B
2021-06-08T09:46:37,500.0,10.75,B
2021-06-08T09:46:31,1000.0,10.75,B
2021-06-08T09:46:25,800.0,10.75,B
2021-06-08T09:46:11,1700.0,10.7,B
2021-06-08T09:46:11,800.0,10.7,B
2021-06-08T09:46:03,500.0,10.7,B
2021-06-08T09:45:57,2000.0,10.7,B
2021-06-08T09:45:56,10000.0,10.7,B
2021-06-08T09:45:51,2600.0,10.7,B
2021-06-08T09:45:28,1000.0,10.75,B
2021-06-08T09:45:25,2000.0,10.7,B
2021-06-08T09:45:22,100.0,10.75,B
2021-06-08T09:45:18,500.0,10.75,B
2021-06-08T09:45:08,2000.0,10.7,B
2021-06-08T09:45:05,1000.0,10.7,B
2021-06-08T09:44:38,50000.0,10.75,B
2021-06-08T09:44:31,1000.0,10.7,B
2021-06-08T09:44:29,28200.0,10.75,B
2021-06-08T09:44:29,100.0,10.7,B
2021-06-08T09:44:24,1000.0,10.75,B
2021-06-08T09:44:18,33800.0,10.75,B
2021-06-08T09:44:18,4000.0,10.75,B
2021-06-08T09:44:18,27800.0,10.75,B
2021-06-08T09:44:18,34400.0,10.75,B
2021-06-08T09:44:18,5000.0,10.75,B
2021-06-08T09:43:59,9500.0,10.7,B
2021-06-08T09:43:50,200.0,10.75,B
2021-06-08T09:43:50,4800.0,10.75,B
2021-06-08T09:43:49,10400.0,10.7,B
2021-06-08T09:43:47,5000.0,10.7,B
2021-06-08T09:43:47,20100.0,10.7,B
2021-06-08T09:43:47,10500.0,10.7,B
2021-06-08T09:43:47,2000.0,10.7,B
2021-06-08T09:43:47,4000.0,10.7,B
2021-06-08T09:43:47,54300.0,10.7,B
2021-06-08T09:43:47,3200.0,10.7,B
2021-06-08T09:43:47,3200.0,10.7,B
2021-06-08T09:43:46,87300.0,10.7,B
2021-06-08T09:43:45,400.0,10.7,B
2021-06-08T09:43:33,10000.0,10.7,B
2021-06-08T09:43:28,400.0,10.7,B
2021-06-08T09:43:25,1000.0,10.7,B
2021-06-08T09:43:11,300.0,10.7,B
2021-06-08T09:42:53,1000.0,10.7,B
2021-06-08T09:42:45,100.0,10.7,B
2021-06-08T09:42:28,10000.0,10.7,B
2021-06-08T09:42:25,500.0,10.7,B
2021-06-08T09:42:20,500.0,10.7,B
2021-06-08T09:42:13,300.0,10.7,B
2021-06-08T09:42:07,500.0,10.7,B
2021-06-08T09:42:02,4000.0,10.7,B
2021-06-08T09:41:59,2600.0,10.7,B
2021-06-08T09:41:53,100.0,10.7,B
2021-06-08T09:41:53,100.0,10.7,B
2021-06-08T09:41:38,5000.0,10.7,B
2021-06-08T09:41:36,1000.0,10.75,B
2021-06-08T09:41:33,7200.0,10.7,B
2021-06-08T09:41:30,100.0,10.7,B
2021-06-08T09:41:25,500.0,10.75,B
2021-06-08T09:41:21,5000.0,10.7,B
2021-06-08T09:41:16,200.0,10.7,B
2021-06-08T09:41:04,500.0,10.7,B
2021-06-08T09:41:04,500.0,10.7,B
2021-06-08T09:41:00,2000.0,10.7,B
2021-06-08T09:41:00,8300.0,10.7,B
2021-06-08T09:41:00,1500.0,10.7,B
2021-06-08T09:41:00,10400.0,10.7,B
2021-06-08T09:41:00,500.0,10.7,B
2021-06-08T09:41:00,15300.0,10.7,B
2021-06-08T09:40:59,400.0,10.7,B
2021-06-08T09:40:42,300.0,10.7,B
2021-06-08T09:40:35,300.0,10.65,S
2021-06-08T09:40:29,900.0,10.7,B
2021-06-08T09:40:29,5000.0,10.7,B
2021-06-08T09:40:29,19100.0,10.7,B
2021-06-08T09:40:28,500.0,10.7,B
2021-06-08T09:40:27,100.0,10.7,B
2021-06-08T09:40:16,100.0,10.7,B
2021-06-08T09:40:15,500.0,10.7,B
2021-06-08T09:40:14,500.0,10.7,B
2021-06-08T09:40:04,5000.0,10.7,B
2021-06-08T09:40:03,500.0,10.7,B
2021-06-08T09:39:58,2000.0,10.7,B
2021-06-08T09:39:55,100.0,10.65,S
2021-06-08T09:39:55,200.0,10.65,S
2021-06-08T09:39:50,1000.0,10.7,B
2021-06-08T09:39:41,5500.0,10.65,S
2021-06-08T09:39:17,3000.0,10.65,S
2021-06-08T09:38:45,100.0,10.65,S
2021-06-08T09:38:39,700.0,10.7,B
2021-06-08T09:38:38,5000.0,10.7,B
2021-06-08T09:38:30,100.0,10.7,B
2021-06-08T09:38:27,12200.0,10.65,S
2021-06-08T09:38:26,8800.0,10.65,S
2021-06-08T09:38:19,600.0,10.65,S
2021-06-08T09:38:18,10600.0,10.65,S
2021-06-08T09:38:16,2000.0,10.65,S
2021-06-08T09:38:13,1000.0,10.7,B
2021-06-08T09:38:10,2000.0,10.65,S
2021-06-08T09:38:10,600.0,10.7,B
2021-06-08T09:38:08,10400.0,10.7,B
2021-06-08T09:38:02,1000.0,10.65,S
2021-06-08T09:38:01,200.0,10.7,B
2021-06-08T09:37:56,500.0,10.7,B
2021-06-08T09:37:44,500.0,10.7,B
2021-06-08T09:37:44,100.0,10.7,B
2021-06-08T09:37:41,400.0,10.7,B
2021-06-08T09:37:39,200.0,10.65,S
2021-06-08T09:37:39,1000.0,10.7,B
2021-06-08T09:37:28,6000.0,10.65,S
2021-06-08T09:37:27,17000.0,10.65,S
2021-06-08T09:37:20,100.0,10.7,B
2021-06-08T09:37:03,1400.0,10.7,B
2021-06-08T09:37:03,12000.0,10.7,B
2021-06-08T09:37:03,3200.0,10.7,B
2021-06-08T09:37:03,71800.0,10.7,B
2021-06-08T09:37:03,1200.0,10.7,B
2021-06-08T09:37:03,4800.0,10.7,B
2021-06-08T09:37:03,8500.0,10.7,B
2021-06-08T09:37:03,6000.0,10.7,B
2021-06-08T09:37:03,1700.0,10.7,B
2021-06-08T09:37:03,11000.0,10.7,B
2021-06-08T09:37:03,100.0,10.7,B
2021-06-08T09:37:03,2500.0,10.7,B
2021-06-08T09:37:03,11000.0,10.7,B
2021-06-08T09:37:03,12200.0,10.7,B
2021-06-08T09:37:03,129700.0,10.7,B
2021-06-08T09:37:03,1500.0,10.7,B
2021-06-08T09:37:03,16200.0,10.7,B
2021-06-08T09:37:02,5200.0,10.7,B
2021-06-08T09:36:55,300.0,10.7,B
2021-06-08T09:36:55,100.0,10.7,B
2021-06-08T09:36:54,200.0,10.7,B
2021-06-08T09:36:45,100.0,10.65,S
2021-06-08T09:36:45,600.0,10.65,S
2021-06-08T09:36:35,1000.0,10.65,S
2021-06-08T09:36:34,5000.0,10.7,B
2021-06-08T09:36:32,1000.0,10.7,B
2021-06-08T09:36:11,100.0,10.65,S
2021-06-08T09:36:10,1000.0,10.65,S
2021-06-08T09:36:02,1000.0,10.65,S
2021-06-08T09:36:00,500.0,10.7,B
2021-06-08T09:35:54,3000.0,10.7,B
2021-06-08T09:35:41,5000.0,10.65,S
2021-06-08T09:35:31,10000.0,10.65,S
2021-06-08T09:35:28,16000.0,10.65,S
2021-06-08T09:35:25,1000.0,10.65,S
2021-06-08T09:35:18,500.0,10.7,B
2021-06-08T09:35:17,1800.0,10.7,B
2021-06-08T09:35:15,300.0,10.65,S
2021-06-08T09:34:56,2000.0,10.65,S
2021-06-08T09:34:46,500.0,10.7,B
2021-06-08T09:34:33,500.0,10.7,B
2021-06-08T09:34:32,600.0,10.65,S
2021-06-08T09:34:30,1000.0,10.65,S
2021-06-08T09:34:27,5000.0,10.7,B
2021-06-08T09:34:23,300.0,10.65,S
2021-06-08T09:34:22,500.0,10.65,S
2021-06-08T09:34:20,100.0,10.65,S
2021-06-08T09:34:20,100.0,10.7,B
2021-06-08T09:34:15,1000.0,10.7,B
2021-06-08T09:34:11,1500.0,10.65,S
2021-06-08T09:34:05,5000.0,10.65,S
2021-06-08T09:34:04,2000.0,10.65,S
2021-06-08T09:34:03,300.0,10.7,B
2021-06-08T09:34:02,1000.0,10.65,S
2021-06-08T09:33:58,900.0,10.65,S
2021-06-08T09:33:55,5000.0,10.65,S
2021-06-08T09:33:47,1000.0,10.65,S
2021-06-08T09:33:44,4000.0,10.65,S
2021-06-08T09:33:36,100.0,10.65,S
2021-06-08T09:33:35,200.0,10.65,S
2021-06-08T09:33:31,1000.0,10.65,S
2021-06-08T09:33:09,1200.0,10.65,S
2021-06-08T09:33:09,200.0,10.65,S
2021-06-08T09:33:02,600.0,10.7,B
2021-06-08T09:33:01,9400.0,10.7,B
2021-06-08T09:33:01,10000.0,10.7,B
2021-06-08T09:32:51,100.0,10.65,S
2021-06-08T09:32:45,1000.0,10.65,S
2021-06-08T09:32:45,500.0,10.65,S
2021-06-08T09:32:44,1300.0,10.65,S
2021-06-08T09:32:41,300.0,10.7,B
2021-06-08T09:32:34,1000.0,10.65,S
2021-06-08T09:32:12,1000.0,10.65,S
2021-06-08T09:32:05,10700.0,10.6,S
2021-06-08T09:32:05,4300.0,10.65,S
2021-06-08T09:31:54,500.0,10.65,S
2021-06-08T09:31:52,600.0,10.65,S
2021-06-08T09:31:20,100.0,10.65,S
2021-06-08T09:31:19,500.0,10.65,S
2021-06-08T09:31:19,100.0,10.65,S
2021-06-08T09:31:16,500.0,10.65,B
2021-06-08T09:31:10,700.0,10.65,B
2021-06-08T09:31:06,200.0,10.65,B
2021-06-08T09:30:59,1000.0,10.65,B
2021-06-08T09:30:54,1400.0,10.65,B
2021-06-08T09:30:46,500.0,10.65,B
2021-06-08T09:30:39,6600.0,10.6,B
2021-06-08T09:30:35,6000.0,10.6,B
2021-06-08T09:30:26,500.0,10.65,B
2021-06-08T09:30:21,2000.0,10.6,B
2021-06-08T09:30:19,500.0,10.65,B
2021-06-08T09:30:09,500.0,10.65,B
2021-06-08T09:30:05,200.0,10.65,B
2021-06-08T09:29:56,100.0,10.65,B
2021-06-08T09:29:47,100.0,10.65,B
2021-06-08T09:29:44,2300.0,10.65,B
2021-06-08T09:29:44,500.0,10.65,B
2021-06-08T09:29:41,100.0,10.7,B
2021-06-08T09:29:37,500.0,10.7,B
2021-06-08T09:29:35,200.0,10.65,B
2021-06-08T09:29:22,300.0,10.65,B
2021-06-08T09:29:21,16100.0,10.65,B
2021-06-08T09:29:17,10000.0,10.65,B
2021-06-08T09:29:14,5700.0,10.65,B
2021-06-08T09:29:14,15700.0,10.65,B
2021-06-08T09:29:13,500.0,10.65,B
2021-06-08T09:29:07,200.0,10.6,B
2021-06-08T09:29:06,2000.0,10.6,B
2021-06-08T09:29:05,17000.0,10.65,B
2021-06-08T09:29:03,2100.0,10.6,B
2021-06-08T09:29:03,2200.0,10.6,B
2021-06-08T09:29:03,2700.0,10.6,B
2021-06-08T09:29:02,500.0,10.6,B
2021-06-08T09:29:00,9000.0,10.6,B
2021-06-08T09:28:39,100.0,10.6,B
2021-06-08T09:28:34,2000.0,10.65,B
2021-06-08T09:28:25,4300.0,10.6,B
2021-06-08T09:28:24,3000.0,10.6,B
2021-06-08T09:28:11,200.0,10.6,B
2021-06-08T09:28:08,5800.0,10.6,B
2021-06-08T09:27:53,5000.0,10.6,B
2021-06-08T09:27:53,1000.0,10.6,B
2021-06-08T09:27:43,100.0,10.6,B
2021-06-08T09:27:30,500.0,10.6,B
2021-06-08T09:27:30,100.0,10.6,B
2021-06-08T09:27:27,1000.0,10.6,B
2021-06-08T09:27:13,1000.0,10.6,B
2021-06-08T09:27:07,100.0,10.6,B
2021-06-08T09:27:05,700.0,10.65,B
2021-06-08T09:27:00,12000.0,10.6,B
2021-06-08T09:26:39,10000.0,10.6,B
2021-06-08T09:26:34,100.0,10.6,B
2021-06-08T09:26:33,200.0,10.6,B
2021-06-08T09:26:29,1700.0,10.6,B
2021-06-08T09:26:26,100.0,10.6,B
2021-06-08T09:26:23,23400.0,10.65,B
2021-06-08T09:26:23,76600.0,10.65,B
2021-06-08T09:26:19,500.0,10.6,B
2021-06-08T09:26:19,200.0,10.6,B
2021-06-08T09:26:14,4000.0,10.6,B
2021-06-08T09:26:14,100.0,10.6,B
2021-06-08T09:26:14,5900.0,10.6,B
2021-06-08T09:26:10,500.0,10.6,B
2021-06-08T09:26:06,1500.0,10.6,B
2021-06-08T09:25:59,1000.0,10.6,B
2021-06-08T09:25:57,4600.0,10.6,B
2021-06-08T09:25:57,5500.0,10.6,B
2021-06-08T09:25:57,1100.0,10.6,B
2021-06-08T09:25:57,22800.0,10.6,B
2021-06-08T09:25:54,2000.0,10.6,B
2021-06-08T09:25:49,500.0,10.65,B
2021-06-08T09:25:37,1000.0,10.6,B
2021-06-08T09:25:35,100.0,10.6,B
2021-06-08T09:25:35,8300.0,10.6,B
2021-06-08T09:25:31,2000.0,10.6,B
2021-06-08T09:25:27,200.0,10.65,B
2021-06-08T09:25:22,200.0,10.6,B
2021-06-08T09:25:12,100.0,10.6,B
2021-06-08T09:25:08,300.0,10.6,B
2021-06-08T09:25:08,500.0,10.6,B
2021-06-08T09:24:53,5000.0,10.6,B
2021-06-08T09:24:28,2500.0,10.6,B
2021-06-08T09:24:27,2000.0,10.6,B
2021-06-08T09:24:23,500.0,10.65,B
2021-06-08T09:24:22,2000.0,10.6,B
2021-06-08T09:24:16,100.0,10.65,B
2021-06-08T09:24:08,200.0,10.6,B
2021-06-08T09:24:08,29200.0,10.6,B
2021-06-08T09:24:02,2000.0,10.6,B
2021-06-08T09:23:49,1800.0,10.6,B
2021-06-08T09:23:38,30000.0,10.6,B
2021-06-08T09:23:37,100.0,10.6,B
2021-06-08T09:23:35,4000.0,10.6,S
2021-06-08T09:23:32,1000.0,10.6,S
2021-06-08T09:23:30,200.0,10.6,S
2021-06-08T09:23:27,10000.0,10.6,S
2021-06-08T09:23:18,50000.0,10.6,S
2021-06-08T09:23:10,1000.0,10.6,S
2021-06-08T09:23:09,300.0,10.6,S
2021-06-08T09:23:04,1000.0,10.6,S
2021-06-08T09:23:01,1200.0,10.6,S
2021-06-08T09:22:57,300.0,10.6,S
2021-06-08T09:22:57,1000.0,10.6,S
2021-06-08T09:22:55,100.0,10.6,S
2021-06-08T09:22:53,600.0,10.6,S
2021-06-08T09:22:47,100.0,10.6,S
2021-06-08T09:22:47,7500.0,10.6,S
2021-06-08T09:22:47,6900.0,10.6,S
2021-06-08T09:22:47,500.0,10.6,S
2021-06-08T09:22:46,5700.0,10.6,S
2021-06-08T09:22:44,2000.0,10.65,S
2021-06-08T09:22:26,600.0,10.6,S
2021-06-08T09:22:25,3000.0,10.6,S
2021-06-08T09:22:22,3000.0,10.6,S
2021-06-08T09:22:18,20000.0,10.6,S
2021-06-08T09:21:55,7500.0,10.6,S
2021-06-08T09:21:55,22500.0,10.6,S
2021-06-08T09:21:38,1000.0,10.6,S
2021-06-08T09:21:35,700.0,10.65,S
2021-06-08T09:21:18,1000.0,10.6,S
2021-06-08T09:20:29,900.0,10.6,S
2021-06-08T09:20:27,3500.0,10.65,S
2021-06-08T09:20:22,5000.0,10.6,S
2021-06-08T09:20:05,100.0,10.65,S
2021-06-08T09:19:58,1700.0,10.6,S
2021-06-08T09:19:45,500.0,10.55,S
2021-06-08T09:19:42,1500.0,10.65,S
2021-06-08T09:19:38,100.0,10.6,S
2021-06-08T09:19:38,500.0,10.6,S
2021-06-08T09:19:38,2300.0,10.6,S
2021-06-08T09:19:38,16200.0,10.6,S
2021-06-08T09:19:33,1500.0,10.65,S
2021-06-08T09:19:28,1000.0,10.7,B
2021-06-08T09:19:23,100.0,10.7,B
2021-06-08T09:19:20,5000.0,10.7,B
2021-06-08T09:19:16,2000.0,10.7,B
2021-06-08T09:19:15,500.0,10.7,B
2021-06-08T09:19:10,4000.0,10.6,S
2021-06-08T09:19:05,40000.0,10.7,B
2021-06-08T09:19:04,2000.0,10.6,S
2021-06-08T09:19:02,1800.0,10.7,B
2021-06-08T09:18:59,4000.0,10.6,S
2021-06-08T09:18:59,3000.0,10.7,B
2021-06-08T09:18:56,500.0,10.6,S
2021-06-08T09:18:50,300.0,10.6,S
2021-06-08T09:18:47,20000.0,10.6,S
2021-06-08T09:18:45,5000.0,10.6,S
2021-06-08T09:18:44,400.0,10.6,S
2021-06-08T09:18:40,4200.0,10.6,S
2021-06-08T09:18:40,5000.0,10.6,S
2021-06-08T09:18:39,800.0,10.6,S
2021-06-08T09:18:39,100.0,10.7,B
2021-06-08T09:18:32,200.0,10.6,S
2021-06-08T09:18:32,300.0,10.6,S
2021-06-08T09:18:22,100.0,10.7,B
2021-06-08T09:18:21,5000.0,10.7,B
2021-06-08T09:18:20,2000.0,10.7,B
2021-06-08T09:18:09,400.0,10.7,B
2021-06-08T09:17:39,1600.0,10.6,S
2021-06-08T09:17:36,2000.0,10.7,B
2021-06-08T09:17:30,2000.0,10.7,B
2021-06-08T09:17:29,1000.0,10.6,S
2021-06-08T09:17:25,2000.0,10.6,S
2021-06-08T09:17:20,500.0,10.7,S
2021-06-08T09:17:16,11700.0,10.6,S
2021-06-08T09:17:15,800.0,10.6,S
2021-06-08T09:17:15,7500.0,10.6,S
2021-06-08T09:17:15,2000.0,10.6,S
2021-06-08T09:17:04,200.0,10.7,S
2021-06-08T09:16:49,3000.0,10.7,S
2021-06-08T09:16:30,200.0,10.7,B
2021-06-08T09:16:30,200.0,10.7,B
2021-06-08T09:16:26,200.0,10.7,B
2021-06-08T09:16:21,200.0,10.7,B
2021-06-08T09:16:21,3600.0,10.7,B
2021-06-08T09:16:21,2700.0,10.7,B
2021-06-08T09:16:21,3300.0,10.7,B
2021-06-08T09:16:21,1500.0,10.7,B
2021-06-08T09:16:21,6900.0,10.65,B
2021-06-08T09:16:18,17700.0,10.5,S
2021-06-08T09:16:18,200.0,10.5,S
2021-06-08T09:16:18,200.0,10.5,S
2021-06-08T09:16:18,2100.0,10.5,S
2021-06-08T09:16:18,4800.0,10.55,S
2021-06-08T09:16:18,900.0,10.55,S
2021-06-08T09:16:18,200.0,10.55,S
2021-06-08T09:16:18,6300.0,10.55,S
2021-06-08T09:16:18,2400.0,10.6,S
2021-06-08T09:16:18,3100.0,10.6,S
2021-06-08T09:16:18,1100.0,10.6,S
2021-06-08T09:16:18,600.0,10.6,S
2021-06-08T09:16:18,30000.0,10.6,S
2021-06-08T09:16:16,700.0,10.6,S
2021-06-08T09:16:09,1000.0,10.65,B
2021-06-08T09:16:09,100.0,10.6,S
2021-06-08T09:16:04,5000.0,10.6,S
2021-06-08T09:16:02,100.0,10.6,S
2021-06-08T09:15:59,24600.0,10.6,S
2021-06-08T09:15:59,5300.0,10.6,S
2021-06-08T09:15:59,100.0,10.6,S
2021-06-08T09:15:58,12000.0,10.6,S
2021-06-08T09:15:58,5000.0,10.6,S
2021-06-08T09:15:40,200.0,10.6,B
