tradingTime,volume,price,side
2021-06-08T14:30:00,1000.0,37.8,B
2021-06-08T14:29:54,200.0,37.8,B
2021-06-08T14:29:45,100.0,37.8,B
2021-06-08T14:29:43,1000.0,37.8,B
2021-06-08T14:29:32,100.0,37.7,B
2021-06-08T14:29:24,3000.0,37.6,S
2021-06-08T14:29:19,1300.0,37.8,B
2021-06-08T14:29:15,1300.0,37.6,S
2021-06-08T14:29:00,3000.0,37.8,B
2021-06-08T14:29:00,1600.0,37.6,S
2021-06-08T14:28:21,1000.0,37.6,S
2021-06-08T14:28:03,10000.0,37.6,S
2021-06-08T14:27:57,100.0,37.6,B
2021-06-08T14:27:54,1000.0,37.6,B
2021-06-08T14:27:51,1700.0,37.6,B
2021-06-08T14:27:48,10000.0,37.6,B
2021-06-08T14:27:47,100.0,37.6,B
2021-06-08T14:27:12,2000.0,37.6,B
2021-06-08T14:27:03,500.0,37.5,S
2021-06-08T14:26:57,200.0,37.5,S
2021-06-08T14:26:47,900.0,37.5,S
2021-06-08T14:26:44,2000.0,37.5,B
2021-06-08T14:26:41,300.0,37.5,B
2021-06-08T14:26:38,300.0,37.5,B
2021-06-08T14:26:38,100.0,37.5,B
2021-06-08T14:26:36,6400.0,37.5,B
2021-06-08T14:26:29,1000.0,37.5,S
2021-06-08T14:26:25,3000.0,37.5,S
2021-06-08T14:26:21,200.0,37.5,B
2021-06-08T14:26:20,1000.0,37.5,B
2021-06-08T14:26:19,200.0,37.5,B
2021-06-08T14:26:17,1000.0,37.5,B
2021-06-08T14:26:15,3000.0,37.5,B
2021-06-08T14:26:13,500.0,37.5,B
2021-06-08T14:25:58,100.0,37.5,B
2021-06-08T14:25:51,200.0,37.5,B
2021-06-08T14:25:42,200.0,37.5,B
2021-06-08T14:25:39,200.0,37.5,B
2021-06-08T14:25:38,700.0,37.4,S
2021-06-08T14:25:30,1200.0,37.3,S
2021-06-08T14:25:28,100.0,37.3,S
2021-06-08T14:25:19,6200.0,37.3,B
2021-06-08T14:25:16,600.0,37.3,B
2021-06-08T14:25:15,2000.0,37.3,B
2021-06-08T14:25:07,1000.0,37.2,S
2021-06-08T14:25:05,2000.0,37.3,B
2021-06-08T14:25:04,1500.0,37.3,B
2021-06-08T14:25:02,2000.0,37.3,B
2021-06-08T14:24:59,300.0,37.1,S
2021-06-08T14:24:55,500.0,37.3,B
2021-06-08T14:24:54,1000.0,37.3,B
2021-06-08T14:24:51,200.0,37.3,B
2021-06-08T14:24:47,200.0,37.3,B
2021-06-08T14:24:47,1000.0,37.2,S
2021-06-08T14:24:41,9000.0,37.3,B
2021-06-08T14:24:32,4100.0,37.3,B
2021-06-08T14:24:30,2000.0,37.3,B
2021-06-08T14:24:27,200.0,37.3,B
2021-06-08T14:24:17,100.0,37.1,S
2021-06-08T14:24:13,20700.0,37.3,B
2021-06-08T14:24:03,100.0,37.2,B
2021-06-08T14:23:50,800.0,37.1,S
2021-06-08T14:23:49,200.0,37.1,B
2021-06-08T14:23:33,1800.0,37.0,S
2021-06-08T14:23:27,1500.0,37.0,S
2021-06-08T14:23:25,400.0,37.0,S
2021-06-08T14:23:25,100.0,37.0,B
2021-06-08T14:23:24,200.0,37.0,B
2021-06-08T14:23:11,100.0,37.0,B
2021-06-08T14:23:09,300.0,37.0,B
2021-06-08T14:23:02,100.0,37.0,B
2021-06-08T14:23:01,300.0,37.0,B
2021-06-08T14:22:57,1000.0,37.0,B
2021-06-08T14:22:56,900.0,37.0,S
2021-06-08T14:22:55,1000.0,37.0,S
2021-06-08T14:22:53,8100.0,37.0,B
2021-06-08T14:22:50,2000.0,36.9,S
2021-06-08T14:22:49,1900.0,37.0,S
2021-06-08T14:22:42,1600.0,37.0,S
2021-06-08T14:22:40,6500.0,37.0,B
2021-06-08T14:22:32,27000.0,36.6,S
2021-06-08T14:22:25,13700.0,37.0,S
2021-06-08T14:22:18,300.0,36.9,S
2021-06-08T14:22:16,700.0,36.7,S
2021-06-08T14:22:12,1300.0,36.7,S
2021-06-08T14:22:06,1700.0,37.0,B
2021-06-08T14:22:05,2500.0,36.8,S
2021-06-08T14:22:03,500.0,37.0,B
2021-06-08T14:22:02,1500.0,36.9,B
2021-06-08T14:21:58,3000.0,36.8,S
2021-06-08T14:21:53,2000.0,36.9,B
2021-06-08T14:21:52,1000.0,36.9,B
2021-06-08T14:21:49,1000.0,36.9,B
2021-06-08T14:21:47,300.0,37.0,B
2021-06-08T14:21:46,500.0,36.9,S
2021-06-08T14:21:45,300.0,37.0,B
2021-06-08T14:21:43,2700.0,37.0,B
2021-06-08T14:21:42,200.0,37.0,B
2021-06-08T14:21:40,200.0,37.0,B
2021-06-08T14:21:40,500.0,37.0,B
2021-06-08T14:21:40,200.0,36.9,S
2021-06-08T14:21:39,400.0,37.0,B
2021-06-08T14:21:36,100.0,37.0,B
2021-06-08T14:21:35,100.0,37.0,B
2021-06-08T14:21:35,300.0,37.0,B
2021-06-08T14:21:34,100.0,37.0,B
2021-06-08T14:21:31,13300.0,37.0,S
2021-06-08T14:21:28,30000.0,37.0,S
2021-06-08T14:21:24,1000.0,37.2,B
2021-06-08T14:21:23,2700.0,37.0,S
2021-06-08T14:21:22,500.0,37.1,S
2021-06-08T14:21:20,300.0,37.1,S
2021-06-08T14:21:17,1000.0,37.3,B
2021-06-08T14:21:15,1500.0,37.1,S
2021-06-08T14:21:13,4000.0,37.0,S
2021-06-08T14:21:04,500.0,37.2,S
2021-06-08T14:21:04,1000.0,37.2,S
2021-06-08T14:21:00,100.0,37.0,S
2021-06-08T14:21:00,10000.0,37.0,S
2021-06-08T14:20:58,5000.0,37.2,S
2021-06-08T14:20:58,500.0,37.3,B
2021-06-08T14:20:55,4000.0,37.2,S
2021-06-08T14:20:51,3000.0,37.3,B
2021-06-08T14:20:50,1400.0,37.3,B
2021-06-08T14:20:47,300.0,37.2,S
2021-06-08T14:20:44,100.0,37.2,S
2021-06-08T14:20:35,2000.0,37.3,B
2021-06-08T14:20:24,100.0,37.3,B
2021-06-08T14:20:23,1000.0,37.3,B
2021-06-08T14:20:21,15000.0,37.3,B
2021-06-08T14:20:20,2000.0,37.4,S
2021-06-08T14:20:20,300.0,37.4,S
2021-06-08T14:20:12,500.0,37.5,B
2021-06-08T14:20:11,400.0,37.4,S
2021-06-08T14:20:07,500.0,37.5,B
2021-06-08T14:20:04,200.0,37.5,B
2021-06-08T14:20:03,300.0,37.4,S
2021-06-08T14:20:01,400.0,37.5,B
2021-06-08T14:19:59,1200.0,37.4,S
2021-06-08T14:19:58,1100.0,37.5,B
2021-06-08T14:19:51,100.0,37.5,B
2021-06-08T14:19:50,1000.0,37.5,B
2021-06-08T14:19:47,500.0,37.5,B
2021-06-08T14:19:40,2400.0,37.5,S
2021-06-08T14:19:37,2100.0,37.5,S
2021-06-08T14:19:28,600.0,37.5,S
2021-06-08T14:19:25,1200.0,37.5,S
2021-06-08T14:19:20,1700.0,37.5,S
2021-06-08T14:19:16,300.0,37.6,B
2021-06-08T14:19:14,15000.0,37.5,S
2021-06-08T14:19:10,400.0,37.6,B
2021-06-08T14:19:10,4600.0,37.6,S
2021-06-08T14:19:09,200.0,37.7,B
2021-06-08T14:19:08,6000.0,37.6,S
2021-06-08T14:19:02,1500.0,37.7,B
2021-06-08T14:18:52,1000.0,37.7,S
2021-06-08T14:18:44,200.0,37.7,S
2021-06-08T14:18:43,1200.0,37.7,S
2021-06-08T14:18:39,1500.0,37.9,B
2021-06-08T14:18:36,1000.0,37.7,S
2021-06-08T14:18:24,300.0,37.7,S
2021-06-08T14:18:07,500.0,37.7,S
2021-06-08T14:18:06,1500.0,37.7,S
2021-06-08T14:18:00,100.0,38.0,B
2021-06-08T14:17:57,100.0,37.8,S
2021-06-08T14:17:49,1000.0,38.0,B
2021-06-08T14:17:47,3000.0,38.0,B
2021-06-08T14:17:40,200.0,38.0,B
2021-06-08T14:17:27,100.0,38.0,B
2021-06-08T14:17:20,1000.0,38.0,B
2021-06-08T14:17:19,3000.0,37.7,S
2021-06-08T14:17:18,4600.0,37.9,S
2021-06-08T14:17:17,3000.0,37.9,S
2021-06-08T14:17:15,1000.0,38.0,B
2021-06-08T14:17:12,10600.0,38.0,S
2021-06-08T14:17:08,100.0,38.0,S
2021-06-08T14:17:03,200.0,38.0,S
2021-06-08T14:16:59,5000.0,38.0,S
2021-06-08T14:16:51,5800.0,38.0,S
2021-06-08T14:16:48,200.0,38.0,S
2021-06-08T14:16:47,1600.0,38.0,S
2021-06-08T14:16:45,5000.0,38.0,S
2021-06-08T14:16:44,28800.0,38.0,S
2021-06-08T14:16:39,5000.0,38.0,S
2021-06-08T14:16:37,5000.0,38.0,S
2021-06-08T14:16:27,700.0,38.1,S
2021-06-08T14:16:26,1000.0,38.1,S
2021-06-08T14:16:19,500.0,38.1,S
2021-06-08T14:16:04,100.0,38.1,S
2021-06-08T14:16:00,1000.0,38.1,S
2021-06-08T14:15:59,9000.0,38.1,S
2021-06-08T14:15:54,8500.0,38.1,S
2021-06-08T14:15:53,800.0,38.1,S
2021-06-08T14:15:52,1000.0,38.1,S
2021-06-08T14:15:51,1300.0,38.1,S
2021-06-08T14:15:50,2000.0,38.1,S
2021-06-08T14:15:32,14500.0,38.2,S
2021-06-08T14:15:28,500.0,38.2,S
2021-06-08T14:15:26,200.0,38.3,B
2021-06-08T14:15:23,1000.0,38.2,S
2021-06-08T14:15:23,400.0,38.2,S
2021-06-08T14:15:21,300.0,38.2,S
2021-06-08T14:15:14,500.0,38.2,S
2021-06-08T14:15:14,200.0,38.2,S
2021-06-08T14:15:12,500.0,38.2,S
2021-06-08T14:15:05,1500.0,38.2,S
2021-06-08T14:14:57,2000.0,38.2,S
2021-06-08T14:14:43,500.0,38.2,S
2021-06-08T14:14:35,7600.0,38.2,S
2021-06-08T14:14:28,1000.0,38.3,B
2021-06-08T14:14:16,1500.0,38.3,B
2021-06-08T14:14:10,3000.0,38.2,S
2021-06-08T14:14:10,3300.0,38.3,S
2021-06-08T14:14:09,6000.0,38.3,S
2021-06-08T14:13:59,20000.0,38.3,S
2021-06-08T14:13:50,500.0,38.4,B
2021-06-08T14:13:48,3000.0,38.4,B
2021-06-08T14:13:34,600.0,38.4,B
2021-06-08T14:12:55,1000.0,38.4,B
2021-06-08T14:12:54,100.0,38.3,S
2021-06-08T14:12:50,200.0,38.3,S
2021-06-08T14:12:49,500.0,38.4,B
2021-06-08T14:12:40,3400.0,38.4,B
2021-06-08T14:12:37,1000.0,38.3,S
2021-06-08T14:12:33,2000.0,38.3,S
2021-06-08T14:12:30,500.0,38.3,S
2021-06-08T14:12:04,500.0,38.4,B
2021-06-08T14:12:01,300.0,38.3,S
2021-06-08T14:11:52,100.0,38.4,B
2021-06-08T14:11:22,700.0,38.4,B
2021-06-08T14:11:21,500.0,38.3,S
2021-06-08T14:11:12,500.0,38.4,B
2021-06-08T14:10:58,1000.0,38.4,B
2021-06-08T14:10:56,1000.0,38.4,S
2021-06-08T14:10:45,1000.0,38.5,B
2021-06-08T14:10:42,5000.0,38.4,S
2021-06-08T14:10:40,4500.0,38.4,S
2021-06-08T14:10:19,5600.0,38.4,S
2021-06-08T14:10:13,200.0,38.5,B
2021-06-08T14:10:06,100.0,38.5,B
2021-06-08T14:09:00,100.0,38.5,B
2021-06-08T14:08:58,100.0,38.4,S
2021-06-08T14:08:55,200.0,38.5,B
2021-06-08T14:08:53,500.0,38.4,S
2021-06-08T14:08:40,600.0,38.4,S
2021-06-08T14:08:36,500.0,38.4,S
2021-06-08T14:08:33,1500.0,38.4,S
2021-06-08T14:08:28,300.0,38.5,B
2021-06-08T14:08:27,200.0,38.4,S
2021-06-08T14:08:18,1000.0,38.4,S
2021-06-08T14:08:04,1000.0,38.4,S
2021-06-08T14:07:53,700.0,38.4,S
2021-06-08T14:07:33,1000.0,38.5,B
2021-06-08T14:07:28,1500.0,38.4,S
2021-06-08T14:07:17,100.0,38.4,S
2021-06-08T14:07:10,9500.0,38.4,B
2021-06-08T14:07:08,1400.0,38.3,S
2021-06-08T14:06:58,1000.0,38.4,B
2021-06-08T14:06:58,200.0,38.4,B
2021-06-08T14:06:53,500.0,38.4,B
2021-06-08T14:06:30,11800.0,38.4,B
2021-06-08T14:06:29,100.0,38.3,S
2021-06-08T14:06:05,100.0,38.4,B
2021-06-08T14:05:57,500.0,38.4,B
2021-06-08T14:05:45,100.0,38.4,B
2021-06-08T14:05:29,500.0,38.4,B
2021-06-08T14:05:27,5000.0,38.3,S
2021-06-08T14:05:14,100.0,38.3,S
2021-06-08T14:05:10,1000.0,38.3,S
2021-06-08T14:05:07,1500.0,38.3,S
2021-06-08T14:05:06,100.0,38.3,S
2021-06-08T14:04:40,100.0,38.3,S
2021-06-08T14:04:29,2000.0,38.4,B
2021-06-08T14:04:28,3700.0,38.3,S
2021-06-08T14:04:19,3900.0,38.3,B
2021-06-08T14:04:14,100.0,38.3,B
2021-06-08T14:04:08,400.0,38.3,B
2021-06-08T14:04:05,14200.0,38.3,S
2021-06-08T14:03:52,20000.0,38.3,S
2021-06-08T14:03:45,200.0,38.4,B
2021-06-08T14:03:43,100.0,38.4,B
2021-06-08T14:03:42,500.0,38.4,B
2021-06-08T14:03:36,500.0,38.4,B
2021-06-08T14:03:33,2600.0,38.4,S
2021-06-08T14:03:18,10000.0,38.4,S
2021-06-08T14:03:12,100.0,38.4,S
2021-06-08T14:03:03,500.0,38.4,S
2021-06-08T14:02:44,200.0,38.4,S
2021-06-08T14:02:43,600.0,38.4,S
2021-06-08T14:02:17,20000.0,38.5,B
2021-06-08T14:02:14,100.0,38.5,B
2021-06-08T14:01:59,200.0,38.5,B
2021-06-08T14:01:55,1000.0,38.4,S
2021-06-08T14:01:55,200.0,38.5,B
2021-06-08T14:01:48,200.0,38.5,B
2021-06-08T14:01:45,600.0,38.5,B
2021-06-08T14:01:42,1100.0,38.4,S
2021-06-08T14:01:40,2000.0,38.5,B
2021-06-08T14:01:40,200.0,38.5,B
2021-06-08T14:01:32,200.0,38.5,B
2021-06-08T14:01:28,500.0,38.5,B
2021-06-08T14:01:24,1300.0,38.4,S
2021-06-08T14:01:20,200.0,38.5,B
2021-06-08T14:01:16,200.0,38.5,B
2021-06-08T14:01:13,43100.0,38.5,S
2021-06-08T14:01:10,80000.0,38.5,S
2021-06-08T14:01:08,200.0,38.6,B
2021-06-08T14:01:06,2000.0,38.5,S
2021-06-08T14:00:56,1000.0,38.5,S
2021-06-08T14:00:50,20000.0,38.5,S
2021-06-08T14:00:45,200.0,38.6,B
2021-06-08T14:00:33,1100.0,38.6,B
2021-06-08T14:00:24,1000.0,38.5,S
2021-06-08T14:00:22,1200.0,38.6,B
2021-06-08T14:00:20,100.0,38.6,B
2021-06-08T14:00:19,100.0,38.6,B
2021-06-08T14:00:10,100.0,38.6,B
2021-06-08T14:00:07,1000.0,38.6,B
2021-06-08T14:00:04,1000.0,38.6,B
2021-06-08T14:00:02,300.0,38.6,B
2021-06-08T13:59:55,900.0,38.6,B
2021-06-08T13:59:55,400.0,38.6,B
2021-06-08T13:59:52,32800.0,38.6,B
2021-06-08T13:59:37,200.0,38.7,B
2021-06-08T13:59:21,200.0,38.6,S
2021-06-08T13:58:31,6000.0,38.6,S
2021-06-08T13:58:20,900.0,38.7,B
2021-06-08T13:58:04,6000.0,38.6,S
2021-06-08T13:57:59,100.0,38.7,B
2021-06-08T13:57:53,100.0,38.6,S
2021-06-08T13:57:38,100.0,38.6,S
2021-06-08T13:57:36,5000.0,38.7,B
2021-06-08T13:57:27,100.0,38.6,S
2021-06-08T13:57:13,100.0,38.7,B
2021-06-08T13:56:50,500.0,38.7,B
2021-06-08T13:56:34,200.0,38.7,B
2021-06-08T13:56:21,300.0,38.6,S
2021-06-08T13:55:18,300.0,38.6,S
2021-06-08T13:55:14,3700.0,38.7,B
2021-06-08T13:54:59,3000.0,38.7,B
2021-06-08T13:54:56,100.0,38.6,S
2021-06-08T13:54:55,2000.0,38.7,B
2021-06-08T13:54:23,100.0,38.7,B
2021-06-08T13:54:19,1000.0,38.7,B
2021-06-08T13:54:12,200.0,38.6,S
2021-06-08T13:53:56,100.0,38.6,S
2021-06-08T13:53:56,400.0,38.6,S
2021-06-08T13:53:50,3000.0,38.6,S
2021-06-08T13:53:48,200.0,38.7,B
2021-06-08T13:53:41,100.0,38.7,B
2021-06-08T13:53:11,600.0,38.7,B
2021-06-08T13:53:03,1000.0,38.6,S
2021-06-08T13:52:58,41600.0,38.6,S
2021-06-08T13:52:41,200.0,38.6,S
2021-06-08T13:52:30,200.0,38.6,S
2021-06-08T13:52:16,300.0,38.6,S
2021-06-08T13:52:02,500.0,38.6,S
2021-06-08T13:51:25,2000.0,38.6,S
2021-06-08T13:51:24,400.0,38.7,B
2021-06-08T13:51:05,100.0,38.7,B
2021-06-08T13:50:52,5000.0,38.7,B
2021-06-08T13:50:25,200.0,38.7,B
2021-06-08T13:50:07,300.0,38.7,B
2021-06-08T13:49:57,1100.0,38.7,B
2021-06-08T13:49:35,200.0,38.7,B
2021-06-08T13:49:32,4300.0,38.7,S
2021-06-08T13:49:24,500.0,38.7,S
2021-06-08T13:49:23,1300.0,38.7,S
2021-06-08T13:49:20,18700.0,38.7,S
2021-06-08T13:49:14,1000.0,38.7,S
2021-06-08T13:48:58,1500.0,38.7,S
2021-06-08T13:48:57,1500.0,38.7,B
2021-06-08T13:48:35,4400.0,38.7,S
2021-06-08T13:48:22,300.0,38.7,S
2021-06-08T13:48:18,1000.0,38.7,S
2021-06-08T13:48:15,100.0,38.7,S
2021-06-08T13:47:53,200.0,38.7,S
2021-06-08T13:47:28,300.0,38.7,S
2021-06-08T13:47:28,1000.0,38.7,S
2021-06-08T13:47:22,3900.0,38.7,S
2021-06-08T13:47:19,4500.0,38.7,S
2021-06-08T13:47:05,1000.0,38.7,S
2021-06-08T13:46:59,1000.0,38.8,B
2021-06-08T13:46:55,300.0,38.7,S
2021-06-08T13:46:46,400.0,38.7,S
2021-06-08T13:46:43,500.0,38.8,B
2021-06-08T13:46:41,4000.0,38.7,S
2021-06-08T13:46:40,3000.0,38.7,S
2021-06-08T13:46:39,100.0,38.7,S
2021-06-08T13:46:30,2000.0,38.7,S
2021-06-08T13:46:23,500.0,38.7,B
2021-06-08T13:46:20,1000.0,38.6,S
2021-06-08T13:46:15,3500.0,38.7,B
2021-06-08T13:46:09,1000.0,38.6,S
2021-06-08T13:45:57,11100.0,38.7,S
2021-06-08T13:45:50,1000.0,38.7,S
2021-06-08T13:45:48,1500.0,38.7,S
2021-06-08T13:45:45,500.0,38.7,S
2021-06-08T13:45:39,1800.0,38.7,S
2021-06-08T13:45:37,1000.0,38.8,B
2021-06-08T13:45:07,100.0,38.7,S
2021-06-08T13:45:07,100.0,38.8,B
2021-06-08T13:44:45,200.0,38.7,S
2021-06-08T13:44:45,300.0,38.7,B
2021-06-08T13:44:44,15500.0,38.7,B
2021-06-08T13:44:33,1000.0,38.6,S
2021-06-08T13:44:32,200.0,38.7,B
2021-06-08T13:44:22,5000.0,38.7,B
2021-06-08T13:44:21,100.0,38.7,B
2021-06-08T13:44:18,200.0,38.7,B
2021-06-08T13:44:16,700.0,38.7,B
2021-06-08T13:44:09,500.0,38.7,B
2021-06-08T13:44:05,300.0,38.7,B
2021-06-08T13:43:51,10000.0,38.7,B
2021-06-08T13:43:44,100.0,38.7,B
2021-06-08T13:43:44,5000.0,38.6,S
2021-06-08T13:43:43,2000.0,38.7,B
2021-06-08T13:43:37,1000.0,38.7,B
2021-06-08T13:43:35,400.0,38.7,B
2021-06-08T13:43:26,100.0,38.6,S
2021-06-08T13:43:12,5000.0,38.7,B
2021-06-08T13:43:09,1000.0,38.7,B
2021-06-08T13:43:05,2000.0,38.7,B
2021-06-08T13:43:03,3400.0,38.7,S
2021-06-08T13:42:55,400.0,38.7,S
2021-06-08T13:42:55,100.0,38.7,S
2021-06-08T13:42:51,2100.0,38.7,S
2021-06-08T13:42:37,600.0,38.7,B
2021-06-08T13:42:36,3000.0,38.7,B
2021-06-08T13:42:34,2000.0,38.7,B
2021-06-08T13:42:33,500.0,38.7,B
2021-06-08T13:42:27,6000.0,38.7,B
2021-06-08T13:42:16,100.0,38.7,B
2021-06-08T13:42:14,500.0,38.6,S
2021-06-08T13:41:35,400.0,38.7,B
2021-06-08T13:41:09,1000.0,38.6,S
2021-06-08T13:41:06,700.0,38.7,B
2021-06-08T13:41:02,10000.0,38.7,B
2021-06-08T13:40:58,900.0,38.7,B
2021-06-08T13:40:47,100.0,38.7,B
2021-06-08T13:40:43,2500.0,38.7,B
2021-06-08T13:40:42,1000.0,38.6,S
2021-06-08T13:40:25,2000.0,38.6,S
2021-06-08T13:40:22,2000.0,38.7,B
2021-06-08T13:40:20,1500.0,38.6,S
2021-06-08T13:40:15,3000.0,38.7,B
2021-06-08T13:39:19,3000.0,38.6,S
2021-06-08T13:39:11,9200.0,38.6,S
2021-06-08T13:39:03,20000.0,38.7,B
2021-06-08T13:38:52,1000.0,38.6,S
2021-06-08T13:38:46,500.0,38.6,S
2021-06-08T13:38:36,1000.0,38.6,S
2021-06-08T13:38:34,1600.0,38.6,B
2021-06-08T13:38:21,2600.0,38.6,S
2021-06-08T13:38:19,500.0,38.6,S
2021-06-08T13:38:17,1000.0,38.6,S
2021-06-08T13:38:09,500.0,38.6,S
2021-06-08T13:38:05,15700.0,38.6,S
2021-06-08T13:37:58,1300.0,38.6,S
2021-06-08T13:37:57,700.0,38.7,B
2021-06-08T13:37:45,200.0,38.6,S
2021-06-08T13:37:43,100.0,38.6,S
2021-06-08T13:37:40,3000.0,38.6,S
2021-06-08T13:37:36,200.0,38.6,S
2021-06-08T13:37:35,2000.0,38.7,B
2021-06-08T13:37:31,2000.0,38.6,S
2021-06-08T13:37:27,100.0,38.6,S
2021-06-08T13:37:23,1000.0,38.6,S
2021-06-08T13:37:04,5000.0,38.6,S
2021-06-08T13:37:03,100.0,38.7,B
2021-06-08T13:37:01,4000.0,38.6,S
2021-06-08T13:36:47,1900.0,38.6,S
2021-06-08T13:36:27,500.0,38.7,B
2021-06-08T13:36:15,3000.0,38.7,B
2021-06-08T13:36:09,1000.0,38.6,S
2021-06-08T13:35:57,300.0,38.6,S
2021-06-08T13:35:55,200.0,38.6,S
2021-06-08T13:35:47,1000.0,38.6,S
2021-06-08T13:35:46,200.0,38.6,S
2021-06-08T13:35:43,100.0,38.6,S
2021-06-08T13:35:42,300.0,38.6,S
2021-06-08T13:35:34,900.0,38.6,S
2021-06-08T13:35:19,2000.0,38.6,S
2021-06-08T13:35:13,1400.0,38.7,B
2021-06-08T13:35:07,400.0,38.7,B
2021-06-08T13:35:04,2000.0,38.6,S
2021-06-08T13:34:55,100.0,38.7,S
2021-06-08T13:34:54,1000.0,38.8,B
2021-06-08T13:34:49,500.0,38.7,S
2021-06-08T13:34:46,1000.0,38.7,S
2021-06-08T13:34:31,13600.0,38.7,S
2021-06-08T13:34:28,1300.0,38.7,S
2021-06-08T13:34:26,200.0,38.7,S
2021-06-08T13:34:23,1200.0,38.7,S
2021-06-08T13:34:23,3500.0,38.7,S
2021-06-08T13:34:18,100.0,38.7,S
2021-06-08T13:34:15,500.0,38.7,S
2021-06-08T13:34:10,1500.0,38.7,S
2021-06-08T13:34:05,100.0,38.7,S
2021-06-08T13:33:57,1000.0,38.7,S
2021-06-08T13:33:41,2000.0,38.7,S
2021-06-08T13:33:25,500.0,38.8,B
2021-06-08T13:33:21,1000.0,38.7,S
2021-06-08T13:33:21,5000.0,38.7,S
2021-06-08T13:33:08,35700.0,38.8,S
2021-06-08T13:32:58,100.0,38.8,S
2021-06-08T13:32:50,100.0,38.9,B
2021-06-08T13:32:28,500.0,38.8,S
2021-06-08T13:32:25,2000.0,38.9,B
2021-06-08T13:32:07,2000.0,38.8,S
2021-06-08T13:32:05,3000.0,38.8,S
2021-06-08T13:31:43,100.0,38.9,B
2021-06-08T13:31:24,4900.0,38.8,S
2021-06-08T13:31:19,100.0,38.9,B
2021-06-08T13:31:12,3000.0,38.8,S
2021-06-08T13:31:09,100.0,38.9,B
2021-06-08T13:31:05,3000.0,38.8,S
2021-06-08T13:30:53,100.0,38.9,B
2021-06-08T13:30:33,3000.0,38.9,B
2021-06-08T13:30:30,1000.0,38.8,S
2021-06-08T13:30:21,100.0,38.8,S
2021-06-08T13:30:16,2000.0,38.8,S
2021-06-08T13:30:06,500.0,38.8,S
2021-06-08T13:30:06,1200.0,38.8,S
2021-06-08T13:30:04,5000.0,38.8,S
2021-06-08T13:30:03,1000.0,38.9,B
2021-06-08T13:29:57,400.0,38.8,S
2021-06-08T13:29:40,5000.0,38.8,S
2021-06-08T13:29:28,1000.0,38.8,S
2021-06-08T13:29:15,6700.0,38.8,S
2021-06-08T13:28:53,1000.0,38.9,B
2021-06-08T13:28:46,1500.0,38.8,S
2021-06-08T13:28:44,200.0,38.8,S
2021-06-08T13:28:38,100.0,38.8,S
2021-06-08T13:28:25,3000.0,38.9,B
2021-06-08T13:28:17,1000.0,38.9,B
2021-06-08T13:28:13,1700.0,38.8,S
2021-06-08T13:28:08,4000.0,38.8,S
2021-06-08T13:27:56,100.0,38.8,S
2021-06-08T13:27:54,10000.0,38.8,S
2021-06-08T13:27:40,1000.0,38.7,S
2021-06-08T13:27:37,1600.0,38.7,S
2021-06-08T13:27:19,1000.0,38.7,S
2021-06-08T13:27:17,5000.0,38.7,S
2021-06-08T13:27:16,1000.0,38.8,B
2021-06-08T13:27:04,2000.0,38.7,S
2021-06-08T13:27:01,1000.0,38.7,S
2021-06-08T13:26:43,200.0,38.8,B
2021-06-08T13:26:37,2000.0,38.8,B
2021-06-08T13:26:33,1100.0,38.8,B
2021-06-08T13:26:15,500.0,38.8,B
2021-06-08T13:26:13,5000.0,38.7,S
2021-06-08T13:26:00,5000.0,38.8,B
2021-06-08T13:25:59,5000.0,38.7,S
2021-06-08T13:25:57,100.0,38.8,B
2021-06-08T13:25:47,700.0,38.8,B
2021-06-08T13:25:39,1800.0,38.8,B
2021-06-08T13:25:31,100.0,38.8,B
2021-06-08T13:25:30,200.0,38.8,B
2021-06-08T13:25:29,1000.0,38.7,S
2021-06-08T13:25:28,10000.0,38.8,B
2021-06-08T13:25:21,1300.0,38.8,B
2021-06-08T13:25:18,100.0,38.8,B
2021-06-08T13:25:14,1000.0,38.8,B
2021-06-08T13:24:57,400.0,38.8,B
2021-06-08T13:24:52,2000.0,38.8,B
2021-06-08T13:24:50,6000.0,38.8,B
2021-06-08T13:24:46,1400.0,38.7,S
2021-06-08T13:24:34,200.0,38.7,S
2021-06-08T13:24:34,5400.0,38.8,B
2021-06-08T13:24:30,500.0,38.8,B
2021-06-08T13:24:05,100.0,38.8,B
2021-06-08T13:23:59,1500.0,38.8,S
2021-06-08T13:23:56,6400.0,38.8,B
2021-06-08T13:23:52,500.0,38.7,S
2021-06-08T13:23:44,1000.0,38.7,S
2021-06-08T13:23:41,500.0,38.7,S
2021-06-08T13:23:39,500.0,38.7,S
2021-06-08T13:23:35,2000.0,38.7,S
2021-06-08T13:23:18,1500.0,38.7,S
2021-06-08T13:23:08,100.0,38.7,S
2021-06-08T13:23:06,100.0,38.8,B
2021-06-08T13:22:49,10000.0,38.9,B
2021-06-08T13:22:47,300.0,38.8,B
2021-06-08T13:22:47,200.0,38.8,B
2021-06-08T13:22:29,500.0,38.8,B
2021-06-08T13:22:28,100.0,38.8,B
2021-06-08T13:22:28,200.0,38.7,S
2021-06-08T13:22:20,2800.0,38.8,S
2021-06-08T13:22:11,4000.0,38.8,S
2021-06-08T13:22:09,400.0,38.8,S
2021-06-08T13:22:02,500.0,38.8,S
2021-06-08T13:21:54,2000.0,38.8,S
2021-06-08T13:21:50,2000.0,38.8,S
2021-06-08T13:21:47,200.0,38.8,S
2021-06-08T13:21:41,200.0,38.8,S
2021-06-08T13:21:41,1000.0,38.8,S
2021-06-08T13:21:38,4500.0,38.8,S
2021-06-08T13:21:22,300.0,38.8,S
2021-06-08T13:21:07,5000.0,38.8,S
2021-06-08T13:21:04,6000.0,38.8,S
2021-06-08T13:20:58,200.0,38.8,S
2021-06-08T13:20:57,1000.0,38.8,S
2021-06-08T13:20:48,500.0,38.8,S
2021-06-08T13:20:44,500.0,38.8,S
2021-06-08T13:20:42,300.0,38.8,S
2021-06-08T13:20:40,1500.0,38.8,S
2021-06-08T13:20:36,500.0,38.8,S
2021-06-08T13:20:36,3000.0,38.8,S
2021-06-08T13:20:26,100.0,38.8,S
2021-06-08T13:20:19,200.0,38.9,B
2021-06-08T13:20:02,4500.0,38.8,S
2021-06-08T13:19:40,300.0,38.8,S
2021-06-08T13:19:40,1000.0,38.9,B
2021-06-08T13:19:27,2000.0,38.8,S
2021-06-08T13:19:15,500.0,38.8,S
2021-06-08T13:19:12,2000.0,38.8,S
2021-06-08T13:19:09,500.0,38.9,B
2021-06-08T13:19:03,500.0,38.8,S
2021-06-08T13:19:00,300.0,38.8,S
2021-06-08T13:18:59,6400.0,38.9,S
2021-06-08T13:18:50,3600.0,38.9,B
2021-06-08T13:18:33,100.0,38.9,B
2021-06-08T13:18:11,2000.0,38.9,B
2021-06-08T13:18:09,11900.0,38.8,S
2021-06-08T13:18:06,10000.0,38.7,S
2021-06-08T13:18:00,2000.0,38.8,B
2021-06-08T13:17:57,600.0,38.7,S
2021-06-08T13:17:51,4000.0,38.8,B
2021-06-08T13:17:48,2100.0,38.8,B
2021-06-08T13:17:40,4000.0,38.7,S
2021-06-08T13:17:21,100.0,38.9,B
2021-06-08T13:17:07,10000.0,38.8,S
2021-06-08T13:17:07,2000.0,38.9,B
2021-06-08T13:17:02,500.0,38.9,B
2021-06-08T13:16:58,100.0,38.8,S
2021-06-08T13:16:49,500.0,38.9,B
2021-06-08T13:16:41,500.0,38.8,S
2021-06-08T13:16:25,1000.0,38.9,B
2021-06-08T13:16:05,3000.0,38.9,B
2021-06-08T13:16:03,400.0,38.8,S
2021-06-08T13:15:59,1700.0,38.8,S
2021-06-08T13:15:55,5000.0,38.8,S
2021-06-08T13:15:48,2000.0,38.8,S
2021-06-08T13:15:45,3000.0,38.8,S
2021-06-08T13:15:42,200.0,38.8,S
2021-06-08T13:15:35,20000.0,38.8,S
2021-06-08T13:15:32,600.0,38.8,S
2021-06-08T13:15:30,500.0,38.9,B
2021-06-08T13:15:23,1000.0,38.8,S
2021-06-08T13:15:17,700.0,38.9,B
2021-06-08T13:15:12,100.0,38.9,B
2021-06-08T13:15:08,300.0,38.9,B
2021-06-08T13:15:03,1000.0,38.9,B
2021-06-08T13:15:00,1000.0,38.8,S
2021-06-08T13:14:58,1000.0,38.9,B
2021-06-08T13:14:49,2800.0,38.9,S
2021-06-08T13:14:48,5500.0,39.0,B
2021-06-08T13:14:34,300.0,38.9,S
2021-06-08T13:14:28,3300.0,38.9,S
2021-06-08T13:14:28,2000.0,38.9,S
2021-06-08T13:14:15,8300.0,38.9,S
2021-06-08T13:14:13,4500.0,39.0,B
2021-06-08T13:14:11,800.0,38.9,S
2021-06-08T13:13:58,1600.0,38.9,S
2021-06-08T13:13:48,4000.0,38.9,S
2021-06-08T13:13:29,1300.0,38.9,S
2021-06-08T13:13:23,800.0,38.9,S
2021-06-08T13:13:19,300.0,38.9,S
2021-06-08T13:13:11,500.0,38.9,S
2021-06-08T13:13:01,100.0,38.9,S
2021-06-08T13:12:41,3000.0,38.9,S
2021-06-08T13:12:37,100.0,39.1,B
2021-06-08T13:12:36,700.0,39.0,S
2021-06-08T13:12:35,1800.0,39.0,S
2021-06-08T13:12:35,1000.0,39.0,B
2021-06-08T13:12:23,8000.0,38.8,S
2021-06-08T13:12:16,300.0,38.9,S
2021-06-08T13:12:04,200.0,39.0,B
2021-06-08T13:12:03,1000.0,39.0,B
2021-06-08T13:11:53,700.0,39.0,S
2021-06-08T13:11:40,1400.0,39.0,S
2021-06-08T13:11:38,1000.0,39.0,B
2021-06-08T13:11:38,2100.0,39.0,B
2021-06-08T13:11:34,100.0,38.9,S
2021-06-08T13:11:27,100.0,39.0,B
2021-06-08T13:11:24,1000.0,38.9,S
2021-06-08T13:11:23,500.0,39.0,B
2021-06-08T13:11:14,500.0,38.9,S
2021-06-08T13:11:09,500.0,38.9,S
2021-06-08T13:10:59,3000.0,38.9,S
2021-06-08T13:10:48,1300.0,38.9,S
2021-06-08T13:10:34,600.0,38.9,S
2021-06-08T13:10:30,10000.0,38.8,S
2021-06-08T13:10:05,300.0,38.9,B
2021-06-08T13:10:05,1000.0,38.9,B
2021-06-08T13:10:00,4000.0,38.8,S
2021-06-08T13:09:55,1000.0,38.9,B
2021-06-08T13:09:54,600.0,39.0,S
2021-06-08T13:09:51,1000.0,39.0,S
2021-06-08T13:09:43,1000.0,39.0,S
2021-06-08T13:09:40,2400.0,39.0,B
2021-06-08T13:09:36,1000.0,38.9,B
2021-06-08T13:09:30,1800.0,38.9,B
2021-06-08T13:09:29,200.0,38.9,B
2021-06-08T13:09:23,800.0,38.9,B
2021-06-08T13:09:09,1000.0,39.0,B
2021-06-08T13:08:58,10000.0,39.0,B
2021-06-08T13:08:45,10000.0,39.0,B
2021-06-08T13:08:45,200.0,38.8,B
2021-06-08T13:08:33,500.0,38.8,B
2021-06-08T13:08:24,2000.0,38.8,B
2021-06-08T13:08:22,1000.0,38.8,B
2021-06-08T13:08:16,5000.0,38.8,B
2021-06-08T13:08:15,500.0,38.7,S
2021-06-08T13:08:12,200.0,38.8,B
2021-06-08T13:08:08,1500.0,38.8,B
2021-06-08T13:07:55,1000.0,38.8,B
2021-06-08T13:07:54,100.0,38.7,S
2021-06-08T13:07:47,1000.0,38.7,S
2021-06-08T13:07:46,5000.0,38.7,S
2021-06-08T13:07:45,200.0,38.8,B
2021-06-08T13:07:43,500.0,38.8,B
2021-06-08T13:07:42,500.0,38.7,S
2021-06-08T13:07:41,15000.0,38.8,B
2021-06-08T13:07:32,500.0,38.7,S
2021-06-08T13:07:23,3000.0,38.8,B
2021-06-08T13:07:17,500.0,38.7,S
2021-06-08T13:07:10,1000.0,38.8,B
2021-06-08T13:06:52,1000.0,38.8,B
2021-06-08T13:06:25,1000.0,38.7,S
2021-06-08T13:06:21,400.0,38.7,S
2021-06-08T13:06:20,2800.0,38.7,S
2021-06-08T13:06:19,10000.0,38.8,B
2021-06-08T13:06:16,1000.0,38.8,B
2021-06-08T13:06:14,1000.0,38.8,B
2021-06-08T13:05:57,1500.0,38.8,S
2021-06-08T13:05:56,9200.0,38.8,S
2021-06-08T13:05:36,10500.0,38.8,S
2021-06-08T13:05:36,1200.0,39.0,S
2021-06-08T13:05:33,100.0,39.0,S
2021-06-08T13:05:21,5000.0,39.1,B
2021-06-08T13:05:19,1000.0,39.0,S
2021-06-08T13:05:09,1000.0,39.0,S
2021-06-08T13:05:09,500.0,39.0,S
2021-06-08T13:05:08,2000.0,39.0,S
2021-06-08T13:05:07,600.0,39.0,S
2021-06-08T13:05:00,26000.0,39.0,S
2021-06-08T13:04:54,5000.0,39.0,S
2021-06-08T13:04:52,200.0,39.0,S
2021-06-08T13:04:50,7000.0,39.0,S
2021-06-08T13:04:44,500.0,39.0,S
2021-06-08T13:04:37,20200.0,39.0,S
2021-06-08T13:04:36,2000.0,39.0,S
2021-06-08T13:04:23,500.0,39.0,S
2021-06-08T13:04:17,3000.0,39.0,S
2021-06-08T13:04:12,3000.0,39.1,S
2021-06-08T13:04:10,1000.0,39.1,B
2021-06-08T13:04:04,1000.0,39.0,S
2021-06-08T13:04:01,5000.0,39.0,S
2021-06-08T13:03:54,200.0,39.1,S
2021-06-08T13:03:50,5000.0,39.1,S
2021-06-08T13:03:40,300.0,39.1,S
2021-06-08T13:03:30,500.0,39.1,S
2021-06-08T13:03:21,2200.0,39.1,S
2021-06-08T13:03:17,10000.0,39.2,S
2021-06-08T13:03:10,4600.0,39.2,S
2021-06-08T13:03:04,100.0,39.2,S
2021-06-08T13:03:02,1000.0,39.2,S
2021-06-08T13:02:44,4500.0,39.2,S
2021-06-08T13:02:43,100.0,39.3,B
2021-06-08T13:02:39,100.0,39.2,S
2021-06-08T13:02:33,200.0,39.2,S
2021-06-08T13:02:29,7800.0,39.2,S
2021-06-08T13:02:27,500.0,39.2,S
2021-06-08T13:02:25,300.0,39.3,B
2021-06-08T13:02:10,10000.0,39.2,S
2021-06-08T13:02:00,1600.0,39.3,B
2021-06-08T13:01:52,300.0,39.3,S
2021-06-08T13:01:24,100.0,39.3,S
2021-06-08T13:01:12,20000.0,39.3,S
2021-06-08T13:00:55,2800.0,39.4,B
2021-06-08T13:00:53,3000.0,39.3,S
2021-06-08T13:00:43,3000.0,39.4,B
2021-06-08T13:00:28,200.0,39.3,S
2021-06-08T13:00:26,800.0,39.3,S
2021-06-08T13:00:26,500.0,39.4,B
2021-06-08T13:00:26,800.0,39.3,S
2021-06-08T13:00:25,100.0,39.4,B
2021-06-08T13:00:25,500.0,39.3,S
2021-06-08T13:00:25,7700.0,39.3,S
2021-06-08T13:00:21,6300.0,39.4,B
2021-06-08T13:00:21,400.0,39.3,S
2021-06-08T13:00:21,100.0,39.4,B
2021-06-08T13:00:21,100.0,39.4,B
2021-06-08T13:00:21,2500.0,39.4,B
2021-06-08T13:00:21,100.0,39.3,S
2021-06-08T13:00:19,700.0,39.3,S
2021-06-08T13:00:14,3300.0,39.3,S
2021-06-08T13:00:10,2000.0,39.3,S
2021-06-08T13:00:10,3000.0,39.3,S
2021-06-08T11:29:47,10000.0,39.3,S
2021-06-08T11:29:37,20000.0,39.3,S
2021-06-08T11:29:19,2400.0,39.4,B
2021-06-08T11:29:13,7000.0,39.4,B
2021-06-08T11:29:11,100.0,39.4,B
2021-06-08T11:28:56,1000.0,39.4,B
2021-06-08T11:28:51,400.0,39.3,S
2021-06-08T11:28:42,18000.0,39.4,B
2021-06-08T11:28:36,3000.0,39.4,S
2021-06-08T11:28:24,10000.0,39.4,S
2021-06-08T11:28:18,2000.0,39.4,S
2021-06-08T11:28:11,1000.0,39.4,S
2021-06-08T11:28:00,100.0,39.4,S
2021-06-08T11:27:11,8000.0,39.4,S
2021-06-08T11:26:16,2200.0,39.5,B
2021-06-08T11:26:02,100.0,39.5,B
2021-06-08T11:26:02,400.0,39.5,B
2021-06-08T11:25:46,9800.0,39.5,B
2021-06-08T11:25:24,100.0,39.5,S
2021-06-08T11:24:53,700.0,39.5,S
2021-06-08T11:24:44,500.0,39.6,S
2021-06-08T11:24:41,700.0,39.6,S
2021-06-08T11:24:40,500.0,39.6,S
2021-06-08T11:24:21,800.0,39.6,B
2021-06-08T11:24:15,1000.0,39.5,S
2021-06-08T11:24:05,500.0,39.5,S
2021-06-08T11:23:05,800.0,39.6,B
2021-06-08T11:22:11,500.0,39.6,S
2021-06-08T11:21:58,1500.0,39.7,B
2021-06-08T11:21:50,500.0,39.6,S
2021-06-08T11:21:44,5000.0,39.6,B
2021-06-08T11:21:15,60000.0,39.4,S
2021-06-08T11:20:33,500.0,39.6,S
2021-06-08T11:20:24,4400.0,39.6,S
2021-06-08T11:20:01,1900.0,39.6,S
2021-06-08T11:19:47,500.0,39.6,S
2021-06-08T11:19:40,10000.0,39.6,S
2021-06-08T11:19:39,2000.0,39.6,S
2021-06-08T11:19:32,2000.0,39.6,S
2021-06-08T11:19:14,1000.0,39.7,B
2021-06-08T11:19:13,800.0,39.6,S
2021-06-08T11:19:10,500.0,39.6,S
2021-06-08T11:19:10,1000.0,39.6,S
2021-06-08T11:19:03,2000.0,39.6,S
2021-06-08T11:18:56,200.0,39.7,B
2021-06-08T11:18:40,400.0,39.7,B
2021-06-08T11:18:39,500.0,39.6,S
2021-06-08T11:18:38,1300.0,39.7,B
2021-06-08T11:18:12,900.0,39.6,S
2021-06-08T11:17:57,100.0,39.7,B
2021-06-08T11:17:35,2000.0,39.7,B
2021-06-08T11:17:18,400.0,39.7,B
2021-06-08T11:17:17,1000.0,39.6,S
2021-06-08T11:17:02,200.0,39.7,B
2021-06-08T11:16:16,200.0,39.6,S
2021-06-08T11:15:51,500.0,39.7,B
2021-06-08T11:15:51,1500.0,39.7,B
2021-06-08T11:15:35,1000.0,39.7,B
2021-06-08T11:15:28,3500.0,39.7,B
2021-06-08T11:15:25,500.0,39.7,B
2021-06-08T11:15:22,200.0,39.7,B
2021-06-08T11:15:20,300.0,39.6,S
2021-06-08T11:15:13,500.0,39.7,B
2021-06-08T11:15:03,100.0,39.7,B
2021-06-08T11:14:59,10000.0,39.7,B
2021-06-08T11:14:56,2000.0,39.7,B
2021-06-08T11:14:44,1800.0,39.7,B
2021-06-08T11:14:39,3000.0,39.7,B
2021-06-08T11:14:34,1000.0,39.7,B
2021-06-08T11:14:15,3000.0,39.7,B
2021-06-08T11:14:09,2000.0,39.7,B
2021-06-08T11:13:09,500.0,39.7,B
2021-06-08T11:13:02,3700.0,39.7,B
2021-06-08T11:12:05,1200.0,39.7,B
2021-06-08T11:11:57,100.0,39.7,B
2021-06-08T11:11:50,2600.0,39.6,S
2021-06-08T11:11:48,100.0,39.6,S
2021-06-08T11:11:36,1900.0,39.7,B
2021-06-08T11:11:33,100.0,39.7,B
2021-06-08T11:11:27,400.0,39.7,B
2021-06-08T11:11:24,100.0,39.7,B
2021-06-08T11:11:18,100.0,39.7,B
2021-06-08T11:11:16,1000.0,39.6,S
2021-06-08T11:11:08,100.0,39.7,B
2021-06-08T11:11:00,300.0,39.7,B
2021-06-08T11:10:57,2000.0,39.5,S
2021-06-08T11:10:55,20000.0,39.5,S
2021-06-08T11:10:51,100.0,39.6,S
2021-06-08T11:10:48,2000.0,39.5,S
2021-06-08T11:10:40,100.0,39.6,B
2021-06-08T11:10:39,14000.0,39.6,B
2021-06-08T11:10:36,100.0,39.6,B
2021-06-08T11:10:35,200.0,39.6,B
2021-06-08T11:10:34,4600.0,39.6,B
2021-06-08T11:10:23,1000.0,39.6,B
2021-06-08T11:10:23,5000.0,39.6,B
2021-06-08T11:10:15,500.0,39.6,B
2021-06-08T11:10:07,300.0,39.6,B
2021-06-08T11:10:01,300.0,39.6,B
2021-06-08T11:09:54,1500.0,39.5,B
2021-06-08T11:09:52,7000.0,39.5,B
2021-06-08T11:09:48,500.0,39.5,B
2021-06-08T11:09:47,10000.0,39.5,B
2021-06-08T11:09:43,1400.0,39.5,B
2021-06-08T11:09:40,100.0,39.5,B
2021-06-08T11:09:38,100.0,39.5,B
2021-06-08T11:09:37,100.0,39.5,B
2021-06-08T11:09:36,4000.0,39.5,B
2021-06-08T11:09:33,1000.0,39.5,B
2021-06-08T11:09:33,2000.0,39.5,B
2021-06-08T11:09:27,3200.0,39.5,B
2021-06-08T11:09:23,6000.0,39.5,B
2021-06-08T11:09:22,1000.0,39.4,S
2021-06-08T11:09:21,100.0,39.5,B
2021-06-08T11:09:21,100.0,39.5,B
2021-06-08T11:09:20,10000.0,39.5,B
2021-06-08T11:09:19,2000.0,39.5,B
2021-06-08T11:09:18,900.0,39.5,B
2021-06-08T11:09:12,500.0,39.5,B
2021-06-08T11:09:10,2000.0,39.5,B
2021-06-08T11:09:06,500.0,39.5,B
2021-06-08T11:08:59,100.0,39.5,B
2021-06-08T11:08:54,500.0,39.5,B
2021-06-08T11:08:48,800.0,39.5,B
2021-06-08T11:08:35,1000.0,39.5,B
2021-06-08T11:08:19,100.0,39.4,S
2021-06-08T11:08:06,500.0,39.4,S
2021-06-08T11:08:04,800.0,39.4,S
2021-06-08T11:08:01,900.0,39.4,S
2021-06-08T11:07:41,1000.0,39.4,S
2021-06-08T11:07:27,8000.0,39.3,S
2021-06-08T11:07:26,5000.0,39.5,B
2021-06-08T11:07:20,600.0,39.4,S
2021-06-08T11:07:16,300.0,39.4,B
2021-06-08T11:07:12,800.0,39.4,B
2021-06-08T11:07:10,3000.0,39.4,B
2021-06-08T11:07:05,5000.0,39.4,B
2021-06-08T11:07:05,500.0,39.4,B
2021-06-08T11:06:59,2000.0,39.4,B
2021-06-08T11:06:58,500.0,39.4,B
2021-06-08T11:06:50,10500.0,39.4,B
2021-06-08T11:06:49,1000.0,39.3,S
2021-06-08T11:06:45,800.0,39.4,B
2021-06-08T11:06:45,7800.0,39.4,B
2021-06-08T11:06:44,1000.0,39.4,B
2021-06-08T11:06:43,6000.0,39.4,B
2021-06-08T11:06:42,5100.0,39.4,B
2021-06-08T11:06:41,1000.0,39.4,B
2021-06-08T11:06:41,400.0,39.4,B
2021-06-08T11:06:38,10000.0,39.4,B
2021-06-08T11:06:30,1500.0,39.4,B
2021-06-08T11:06:22,200.0,39.4,B
2021-06-08T11:06:20,200.0,39.4,B
2021-06-08T11:06:17,200.0,39.4,B
2021-06-08T11:06:15,10000.0,39.4,B
2021-06-08T11:06:03,1400.0,39.4,B
2021-06-08T11:05:54,500.0,39.4,B
2021-06-08T11:05:42,400.0,39.4,B
2021-06-08T11:05:40,1000.0,39.4,B
2021-06-08T11:05:35,5000.0,39.4,B
2021-06-08T11:05:21,500.0,39.4,B
2021-06-08T11:05:09,700.0,39.4,B
2021-06-08T11:05:09,100.0,39.4,B
2021-06-08T11:05:03,500.0,39.4,B
2021-06-08T11:05:01,100.0,39.3,S
2021-06-08T11:04:52,500.0,39.4,B
2021-06-08T11:04:52,2000.0,39.3,S
2021-06-08T11:04:38,400.0,39.3,S
2021-06-08T11:04:37,200.0,39.4,B
2021-06-08T11:04:30,100.0,39.4,B
2021-06-08T11:04:30,200.0,39.4,B
2021-06-08T11:04:28,3000.0,39.4,B
2021-06-08T11:04:26,100.0,39.4,B
2021-06-08T11:04:16,2000.0,39.4,B
2021-06-08T11:04:11,7600.0,39.4,S
2021-06-08T11:04:05,200.0,39.4,S
2021-06-08T11:04:02,2000.0,39.4,S
2021-06-08T11:04:01,2000.0,39.4,S
2021-06-08T11:03:55,200.0,39.4,S
2021-06-08T11:03:52,200.0,39.5,B
2021-06-08T11:03:48,400.0,39.4,S
2021-06-08T11:03:48,3500.0,39.4,S
2021-06-08T11:03:42,10100.0,39.5,B
2021-06-08T11:03:38,500.0,39.4,S
2021-06-08T11:03:38,500.0,39.4,S
2021-06-08T11:03:31,3000.0,39.4,S
2021-06-08T11:03:29,500.0,39.5,B
2021-06-08T11:03:26,100.0,39.5,B
2021-06-08T11:02:57,2000.0,39.4,S
2021-06-08T11:02:50,200.0,39.5,B
2021-06-08T11:02:46,1000.0,39.5,B
2021-06-08T11:02:29,1500.0,39.5,B
2021-06-08T11:02:23,1000.0,39.5,B
2021-06-08T11:02:20,100.0,39.5,B
2021-06-08T11:02:11,800.0,39.5,B
2021-06-08T11:02:05,100.0,39.5,B
2021-06-08T11:01:54,200.0,39.5,B
2021-06-08T11:01:48,1900.0,39.5,B
2021-06-08T11:01:31,200.0,39.5,B
2021-06-08T11:01:28,15000.0,39.4,S
2021-06-08T11:01:17,2000.0,39.4,S
2021-06-08T11:01:13,200.0,39.5,B
2021-06-08T11:01:06,100.0,39.5,B
2021-06-08T11:01:06,500.0,39.5,B
2021-06-08T11:01:05,100.0,39.5,B
2021-06-08T11:01:03,1000.0,39.5,B
2021-06-08T11:01:00,500.0,39.5,B
2021-06-08T11:01:00,500.0,39.5,B
2021-06-08T11:00:53,100.0,39.5,B
2021-06-08T11:00:43,200.0,39.5,B
2021-06-08T11:00:39,500.0,39.5,B
2021-06-08T11:00:35,100.0,39.5,B
2021-06-08T11:00:31,3000.0,39.5,B
2021-06-08T11:00:30,500.0,39.5,B
2021-06-08T11:00:27,100.0,39.5,B
2021-06-08T11:00:23,4900.0,39.5,B
2021-06-08T11:00:22,1000.0,39.5,B
2021-06-08T11:00:20,2000.0,39.4,S
2021-06-08T11:00:19,200.0,39.5,B
2021-06-08T11:00:16,100.0,39.5,B
2021-06-08T11:00:13,11200.0,39.5,B
2021-06-08T11:00:13,1000.0,39.5,B
2021-06-08T11:00:09,100.0,39.5,B
2021-06-08T10:59:58,100.0,39.5,B
2021-06-08T10:59:53,100.0,39.5,B
2021-06-08T10:59:50,200.0,39.5,B
2021-06-08T10:59:46,100.0,39.5,B
2021-06-08T10:59:46,2000.0,39.5,B
2021-06-08T10:59:45,10000.0,39.5,B
2021-06-08T10:59:37,100.0,39.5,B
2021-06-08T10:59:36,25400.0,39.5,S
2021-06-08T10:59:32,1000.0,39.5,S
2021-06-08T10:59:28,1000.0,39.5,S
2021-06-08T10:59:21,500.0,39.5,S
2021-06-08T10:59:12,9700.0,39.5,S
2021-06-08T10:59:10,1000.0,39.5,S
2021-06-08T10:59:07,20000.0,39.6,B
2021-06-08T10:58:51,2000.0,39.5,S
2021-06-08T10:58:50,5000.0,39.5,S
2021-06-08T10:58:42,300.0,39.6,B
2021-06-08T10:58:36,5000.0,39.5,S
2021-06-08T10:58:28,500.0,39.6,B
2021-06-08T10:58:26,200.0,39.6,B
2021-06-08T10:58:18,22800.0,39.6,B
2021-06-08T10:58:16,100.0,39.7,B
2021-06-08T10:58:10,100.0,39.7,B
2021-06-08T10:58:02,100.0,39.7,B
2021-06-08T10:57:30,200.0,39.7,B
2021-06-08T10:57:16,20000.0,39.6,S
2021-06-08T10:57:06,1000.0,39.7,B
2021-06-08T10:57:01,200.0,39.7,B
2021-06-08T10:56:14,100.0,39.7,B
2021-06-08T10:56:09,100.0,39.7,B
2021-06-08T10:56:01,700.0,39.7,B
2021-06-08T10:55:37,300.0,39.7,B
2021-06-08T10:55:26,4000.0,39.6,S
2021-06-08T10:55:24,3000.0,39.7,B
2021-06-08T10:55:21,200.0,39.6,S
2021-06-08T10:55:05,1000.0,39.6,S
2021-06-08T10:54:49,7000.0,39.6,S
2021-06-08T10:54:16,200.0,39.6,S
2021-06-08T10:53:34,700.0,39.6,S
2021-06-08T10:53:29,600.0,39.7,B
2021-06-08T10:53:20,1000.0,39.7,B
2021-06-08T10:53:07,5000.0,39.7,B
2021-06-08T10:52:53,1000.0,39.7,B
2021-06-08T10:52:48,100.0,39.7,B
2021-06-08T10:52:45,200.0,39.7,B
2021-06-08T10:52:44,1000.0,39.6,S
2021-06-08T10:52:33,14200.0,39.7,S
2021-06-08T10:52:13,100.0,39.8,B
2021-06-08T10:52:06,2000.0,39.7,S
2021-06-08T10:51:52,100.0,39.8,B
2021-06-08T10:51:52,6000.0,39.7,S
2021-06-08T10:51:42,200.0,39.8,B
2021-06-08T10:51:09,700.0,39.8,B
2021-06-08T10:51:02,5800.0,39.8,B
2021-06-08T10:51:00,2000.0,39.8,S
2021-06-08T10:50:32,20000.0,39.8,S
2021-06-08T10:50:17,300.0,39.8,S
2021-06-08T10:50:12,1000.0,39.8,S
2021-06-08T10:49:59,1000.0,39.8,S
2021-06-08T10:49:33,5000.0,39.8,S
2021-06-08T10:49:22,300.0,39.8,S
2021-06-08T10:49:11,800.0,39.9,B
2021-06-08T10:49:10,500.0,39.9,B
2021-06-08T10:49:04,300.0,39.8,S
2021-06-08T10:48:56,100.0,39.8,S
2021-06-08T10:48:48,100.0,39.9,B
2021-06-08T10:48:39,500.0,39.8,S
2021-06-08T10:48:35,300.0,39.9,B
2021-06-08T10:48:24,10000.0,39.9,B
2021-06-08T10:48:08,100.0,39.9,B
2021-06-08T10:48:07,300.0,39.9,B
2021-06-08T10:47:55,100.0,39.9,B
2021-06-08T10:47:42,1300.0,39.9,B
2021-06-08T10:47:40,200.0,39.9,B
2021-06-08T10:47:38,2000.0,39.8,S
2021-06-08T10:47:27,1000.0,39.9,B
2021-06-08T10:47:16,100.0,39.9,B
2021-06-08T10:47:04,3000.0,39.8,S
2021-06-08T10:46:44,2200.0,39.9,B
2021-06-08T10:46:05,200.0,39.9,B
2021-06-08T10:45:15,500.0,39.9,B
2021-06-08T10:45:03,200.0,39.9,B
2021-06-08T10:44:39,200.0,39.9,B
2021-06-08T10:44:30,500.0,39.9,B
2021-06-08T10:44:12,1000.0,39.9,B
2021-06-08T10:44:09,3000.0,39.8,S
2021-06-08T10:44:07,1000.0,39.9,B
2021-06-08T10:43:36,1000.0,39.9,B
2021-06-08T10:43:31,100.0,39.9,B
2021-06-08T10:43:17,200.0,39.9,B
2021-06-08T10:43:11,500.0,39.9,B
2021-06-08T10:43:10,100.0,39.9,B
2021-06-08T10:43:09,100.0,39.9,B
2021-06-08T10:43:07,100.0,39.8,S
2021-06-08T10:42:52,1000.0,39.9,B
2021-06-08T10:42:50,800.0,39.9,B
2021-06-08T10:42:49,1200.0,39.8,S
2021-06-08T10:42:44,500.0,39.9,B
2021-06-08T10:42:39,100.0,39.9,B
2021-06-08T10:42:25,500.0,39.9,B
2021-06-08T10:42:23,2500.0,39.9,S
2021-06-08T10:42:22,3000.0,39.9,B
2021-06-08T10:42:13,600.0,39.9,B
2021-06-08T10:42:09,1000.0,39.9,B
2021-06-08T10:42:02,700.0,39.9,B
2021-06-08T10:41:53,100.0,39.9,B
2021-06-08T10:41:49,100.0,39.9,B
2021-06-08T10:41:29,6000.0,39.8,S
2021-06-08T10:41:24,600.0,39.9,S
2021-06-08T10:41:09,200.0,39.9,S
2021-06-08T10:40:58,100.0,39.9,B
2021-06-08T10:40:54,1000.0,39.9,B
2021-06-08T10:40:52,100.0,39.9,B
2021-06-08T10:40:51,100.0,39.9,B
2021-06-08T10:40:49,2000.0,39.9,B
2021-06-08T10:40:47,10000.0,39.8,S
2021-06-08T10:40:47,700.0,39.9,S
2021-06-08T10:40:46,300.0,39.9,B
2021-06-08T10:40:41,2100.0,39.9,B
2021-06-08T10:40:37,2000.0,39.9,B
2021-06-08T10:40:36,400.0,39.9,B
2021-06-08T10:40:35,3000.0,39.9,B
2021-06-08T10:40:31,5000.0,39.9,B
2021-06-08T10:40:25,100.0,39.9,B
2021-06-08T10:40:24,1000.0,39.8,S
2021-06-08T10:40:20,500.0,39.8,S
2021-06-08T10:40:13,5000.0,39.9,B
2021-06-08T10:40:09,1000.0,39.9,B
2021-06-08T10:40:08,1100.0,39.8,S
2021-06-08T10:39:54,100.0,39.9,B
2021-06-08T10:39:49,2000.0,39.9,B
2021-06-08T10:39:46,100.0,39.9,B
2021-06-08T10:39:43,5000.0,39.9,B
2021-06-08T10:39:39,100.0,39.8,S
2021-06-08T10:39:37,1000.0,39.9,B
2021-06-08T10:39:24,5000.0,39.8,S
2021-06-08T10:39:21,100.0,39.9,B
2021-06-08T10:39:05,100.0,39.9,B
2021-06-08T10:38:46,100.0,39.9,B
2021-06-08T10:38:45,800.0,39.9,B
2021-06-08T10:38:44,1400.0,39.8,B
2021-06-08T10:38:42,3600.0,39.8,S
2021-06-08T10:38:37,200.0,39.9,B
2021-06-08T10:38:30,300.0,39.8,S
2021-06-08T10:38:25,1100.0,39.8,B
2021-06-08T10:38:17,100.0,39.8,B
2021-06-08T10:38:13,200.0,39.8,B
2021-06-08T10:38:05,30000.0,39.8,B
2021-06-08T10:38:04,500.0,39.8,B
2021-06-08T10:37:50,1000.0,39.8,B
2021-06-08T10:37:47,500.0,39.8,B
2021-06-08T10:37:44,100.0,39.8,B
2021-06-08T10:37:37,100.0,39.8,B
2021-06-08T10:37:31,5000.0,39.8,B
2021-06-08T10:37:15,100.0,39.8,B
2021-06-08T10:36:59,1000.0,39.8,B
2021-06-08T10:36:43,31800.0,39.8,S
2021-06-08T10:36:43,300.0,39.9,B
2021-06-08T10:36:33,100.0,39.9,B
2021-06-08T10:36:32,200.0,39.8,S
2021-06-08T10:36:20,100.0,39.9,B
2021-06-08T10:36:06,200.0,39.9,B
2021-06-08T10:36:03,2000.0,39.8,S
2021-06-08T10:36:03,2000.0,39.8,S
2021-06-08T10:36:00,100.0,39.8,S
2021-06-08T10:35:53,1000.0,39.9,B
2021-06-08T10:35:46,500.0,39.9,B
2021-06-08T10:35:40,1700.0,39.9,B
2021-06-08T10:35:34,2600.0,39.9,S
2021-06-08T10:35:29,1000.0,40.0,B
2021-06-08T10:35:24,800.0,39.9,S
2021-06-08T10:35:20,900.0,39.9,S
2021-06-08T10:35:17,500.0,39.9,S
2021-06-08T10:35:16,3000.0,39.9,S
2021-06-08T10:35:10,500.0,39.9,S
2021-06-08T10:34:59,1000.0,39.9,S
2021-06-08T10:34:57,1400.0,39.9,S
2021-06-08T10:34:52,5000.0,39.9,S
2021-06-08T10:34:42,500.0,39.9,S
2021-06-08T10:34:22,1000.0,39.9,S
2021-06-08T10:34:19,5000.0,39.9,S
2021-06-08T10:33:49,100.0,39.9,S
2021-06-08T10:33:48,1000.0,39.9,S
2021-06-08T10:33:41,100.0,40.0,B
2021-06-08T10:33:31,500.0,40.0,B
2021-06-08T10:32:34,200.0,40.0,B
2021-06-08T10:32:33,100.0,40.0,B
2021-06-08T10:32:08,500.0,40.0,B
2021-06-08T10:32:03,100.0,40.0,B
2021-06-08T10:32:02,500.0,39.9,S
2021-06-08T10:31:35,2900.0,40.0,B
2021-06-08T10:31:33,100.0,40.0,B
2021-06-08T10:31:29,100.0,40.0,B
2021-06-08T10:31:12,200.0,40.0,B
2021-06-08T10:31:04,200.0,40.0,B
2021-06-08T10:31:02,100.0,40.0,B
2021-06-08T10:30:58,500.0,40.0,B
2021-06-08T10:30:58,10000.0,39.9,S
2021-06-08T10:30:58,1000.0,40.0,B
2021-06-08T10:30:53,100.0,40.0,B
2021-06-08T10:30:46,1000.0,40.0,B
2021-06-08T10:30:38,300.0,40.0,B
2021-06-08T10:30:33,1000.0,40.0,B
2021-06-08T10:30:29,500.0,40.0,B
2021-06-08T10:30:25,1000.0,40.0,B
2021-06-08T10:30:21,1000.0,40.0,B
2021-06-08T10:30:07,48400.0,40.0,S
2021-06-08T10:30:00,100.0,40.0,S
2021-06-08T10:29:55,500.0,40.0,S
2021-06-08T10:29:44,200.0,40.0,S
2021-06-08T10:29:41,200.0,40.0,S
2021-06-08T10:29:36,200.0,40.0,S
2021-06-08T10:29:30,100.0,40.0,S
2021-06-08T10:29:30,500.0,40.0,S
2021-06-08T10:29:22,1000.0,40.0,S
2021-06-08T10:29:19,500.0,40.0,S
2021-06-08T10:29:19,100.0,40.0,S
2021-06-08T10:29:10,100.0,40.0,S
2021-06-08T10:29:02,1000.0,40.0,S
2021-06-08T10:28:59,1000.0,40.0,S
2021-06-08T10:28:54,200.0,40.0,S
2021-06-08T10:28:51,1000.0,40.0,S
2021-06-08T10:28:49,100.0,40.0,S
2021-06-08T10:28:48,10000.0,40.0,S
2021-06-08T10:28:42,1500.0,40.0,S
2021-06-08T10:28:40,1000.0,40.0,S
2021-06-08T10:28:26,50000.0,40.0,S
2021-06-08T10:28:24,500.0,40.0,S
2021-06-08T10:28:18,100.0,40.0,S
2021-06-08T10:28:14,1000.0,40.0,S
2021-06-08T10:27:50,1000.0,40.0,S
2021-06-08T10:27:25,3100.0,40.1,B
2021-06-08T10:27:10,500.0,40.1,B
2021-06-08T10:27:05,50000.0,40.0,S
2021-06-08T10:26:58,300.0,40.1,B
2021-06-08T10:26:56,100.0,40.1,B
2021-06-08T10:26:51,100.0,40.1,B
2021-06-08T10:26:38,3000.0,40.1,B
2021-06-08T10:26:20,3100.0,40.1,B
2021-06-08T10:26:18,1000.0,40.1,B
2021-06-08T10:26:16,500.0,40.1,B
2021-06-08T10:26:14,200.0,40.1,B
2021-06-08T10:26:06,400.0,40.1,B
2021-06-08T10:26:01,1200.0,40.1,B
2021-06-08T10:26:00,5000.0,40.1,B
2021-06-08T10:25:58,100.0,40.1,B
2021-06-08T10:25:57,10000.0,40.0,S
2021-06-08T10:25:55,100.0,40.1,B
2021-06-08T10:25:53,1000.0,40.1,B
2021-06-08T10:25:41,100.0,40.1,B
2021-06-08T10:25:38,200.0,40.1,B
2021-06-08T10:25:32,100.0,40.1,B
2021-06-08T10:25:23,100.0,40.1,B
2021-06-08T10:25:18,200.0,40.1,B
2021-06-08T10:25:08,500.0,40.1,B
2021-06-08T10:25:07,100.0,40.1,B
2021-06-08T10:24:51,200.0,40.1,B
2021-06-08T10:24:48,2000.0,40.1,B
2021-06-08T10:24:42,500.0,40.1,B
2021-06-08T10:24:40,8400.0,40.1,S
2021-06-08T10:24:37,300.0,40.1,S
2021-06-08T10:24:32,200.0,40.1,S
2021-06-08T10:24:27,100.0,40.2,B
2021-06-08T10:24:14,100.0,40.2,B
2021-06-08T10:24:12,100.0,40.2,B
2021-06-08T10:24:11,30000.0,40.1,S
2021-06-08T10:23:47,100.0,40.2,B
2021-06-08T10:23:46,100.0,40.2,B
2021-06-08T10:23:44,9100.0,40.2,B
2021-06-08T10:23:14,400.0,40.2,S
2021-06-08T10:23:12,6700.0,40.2,S
2021-06-08T10:22:53,3600.0,40.2,S
2021-06-08T10:22:46,2500.0,40.3,B
2021-06-08T10:22:20,2000.0,40.2,S
2021-06-08T10:22:10,800.0,40.3,B
2021-06-08T10:22:00,100.0,40.3,B
2021-06-08T10:21:50,1000.0,40.3,B
2021-06-08T10:21:21,500.0,40.3,S
2021-06-08T10:21:21,10000.0,40.3,S
2021-06-08T10:21:18,100.0,40.3,S
2021-06-08T10:21:14,2000.0,40.4,B
2021-06-08T10:21:06,30000.0,40.3,S
2021-06-08T10:21:02,2000.0,40.3,S
2021-06-08T10:21:01,5000.0,40.3,S
2021-06-08T10:20:41,400.0,40.4,B
2021-06-08T10:20:37,700.0,40.4,B
2021-06-08T10:20:34,200.0,40.4,B
2021-06-08T10:20:17,1200.0,40.4,B
2021-06-08T10:20:00,1000.0,40.4,B
2021-06-08T10:19:51,500.0,40.4,B
2021-06-08T10:19:45,1000.0,40.3,S
2021-06-08T10:19:31,100.0,40.4,B
2021-06-08T10:19:23,500.0,40.3,S
2021-06-08T10:19:23,20000.0,40.3,S
2021-06-08T10:19:21,2400.0,40.3,S
2021-06-08T10:19:14,300.0,40.3,S
2021-06-08T10:18:53,1600.0,40.3,S
2021-06-08T10:18:48,600.0,40.3,S
2021-06-08T10:18:38,500.0,40.4,B
2021-06-08T10:18:23,4000.0,40.3,S
2021-06-08T10:18:21,2000.0,40.4,B
2021-06-08T10:18:20,1000.0,40.4,B
2021-06-08T10:18:19,400.0,40.4,B
2021-06-08T10:18:15,200.0,40.4,B
2021-06-08T10:18:11,1000.0,40.3,S
2021-06-08T10:18:07,2000.0,40.4,B
2021-06-08T10:18:07,500.0,40.4,B
2021-06-08T10:17:52,20000.0,40.4,B
2021-06-08T10:17:42,100.0,40.4,B
2021-06-08T10:17:42,300.0,40.4,B
2021-06-08T10:17:30,4700.0,40.4,B
2021-06-08T10:17:01,200.0,40.4,B
2021-06-08T10:16:39,3000.0,40.4,B
2021-06-08T10:16:36,1500.0,40.4,B
2021-06-08T10:16:30,100.0,40.4,B
2021-06-08T10:16:29,200.0,40.3,S
2021-06-08T10:16:25,3500.0,40.4,B
2021-06-08T10:15:54,200.0,40.4,B
2021-06-08T10:15:52,2500.0,40.4,B
2021-06-08T10:15:30,100.0,40.4,B
2021-06-08T10:15:28,1000.0,40.4,B
2021-06-08T10:15:27,200.0,40.4,B
2021-06-08T10:15:25,2100.0,40.4,B
2021-06-08T10:15:18,500.0,40.4,B
2021-06-08T10:15:16,200.0,40.4,B
2021-06-08T10:15:15,200.0,40.4,B
2021-06-08T10:15:03,500.0,40.4,B
2021-06-08T10:15:00,1000.0,40.4,B
2021-06-08T10:14:51,200.0,40.3,S
2021-06-08T10:14:24,1000.0,40.4,B
2021-06-08T10:14:23,1000.0,40.4,B
2021-06-08T10:14:19,100.0,40.4,B
2021-06-08T10:14:06,600.0,40.4,B
2021-06-08T10:14:06,200.0,40.4,B
2021-06-08T10:14:05,100.0,40.4,B
2021-06-08T10:13:59,1000.0,40.4,B
2021-06-08T10:13:58,500.0,40.4,B
2021-06-08T10:13:49,200.0,40.4,B
2021-06-08T10:13:48,1000.0,40.4,B
2021-06-08T10:13:44,500.0,40.4,B
2021-06-08T10:13:43,2000.0,40.4,B
2021-06-08T10:13:42,100.0,40.4,B
2021-06-08T10:13:37,700.0,40.4,B
2021-06-08T10:13:33,5100.0,40.4,B
2021-06-08T10:13:30,300.0,40.3,S
2021-06-08T10:13:29,3000.0,40.4,B
2021-06-08T10:13:27,200.0,40.4,B
2021-06-08T10:13:21,200.0,40.4,B
2021-06-08T10:13:19,900.0,40.4,B
2021-06-08T10:13:14,300.0,40.4,B
2021-06-08T10:13:07,600.0,40.4,B
2021-06-08T10:12:49,100.0,40.4,B
2021-06-08T10:12:42,200.0,40.4,B
2021-06-08T10:12:37,2400.0,40.4,B
2021-06-08T10:12:29,5000.0,40.4,B
2021-06-08T10:12:29,200.0,40.4,B
2021-06-08T10:12:20,1000.0,40.4,B
2021-06-08T10:12:19,200.0,40.4,B
2021-06-08T10:12:17,100.0,40.4,B
2021-06-08T10:12:09,5000.0,40.4,B
2021-06-08T10:12:01,18000.0,40.4,S
2021-06-08T10:11:53,1000.0,40.5,B
2021-06-08T10:11:37,100.0,40.5,B
2021-06-08T10:11:33,300.0,40.5,B
2021-06-08T10:11:29,200.0,40.5,B
2021-06-08T10:11:28,20000.0,40.4,S
2021-06-08T10:11:19,200.0,40.5,B
2021-06-08T10:11:11,500.0,40.5,B
2021-06-08T10:11:06,500.0,40.5,B
2021-06-08T10:11:04,3300.0,40.4,S
2021-06-08T10:11:01,4000.0,40.4,S
2021-06-08T10:11:01,1000.0,40.4,S
2021-06-08T10:10:47,500.0,40.5,B
2021-06-08T10:10:43,10000.0,40.4,S
2021-06-08T10:10:42,100.0,40.5,B
2021-06-08T10:10:27,400.0,40.5,B
2021-06-08T10:10:26,100.0,40.4,S
2021-06-08T10:10:16,100.0,40.4,S
2021-06-08T10:10:15,4900.0,40.5,B
2021-06-08T10:10:12,1000.0,40.5,B
2021-06-08T10:10:05,3200.0,40.5,B
2021-06-08T10:09:55,500.0,40.4,S
2021-06-08T10:09:30,100.0,40.4,S
2021-06-08T10:09:26,1000.0,40.5,B
2021-06-08T10:09:25,10000.0,40.5,B
2021-06-08T10:09:24,300.0,40.4,S
2021-06-08T10:09:20,300.0,40.4,S
2021-06-08T10:09:01,100.0,40.4,S
2021-06-08T10:08:53,2600.0,40.4,B
2021-06-08T10:08:53,300.0,40.4,B
2021-06-08T10:08:42,500.0,40.4,B
2021-06-08T10:08:39,400.0,40.4,B
2021-06-08T10:08:26,200.0,40.4,B
2021-06-08T10:08:25,2000.0,40.4,B
2021-06-08T10:08:21,2000.0,40.4,B
2021-06-08T10:08:14,200.0,40.4,S
2021-06-08T10:08:08,1000.0,40.4,S
2021-06-08T10:08:07,200.0,40.4,B
2021-06-08T10:07:59,3500.0,40.3,S
2021-06-08T10:07:56,200.0,40.4,S
2021-06-08T10:07:55,2800.0,40.4,B
2021-06-08T10:07:46,100.0,40.4,B
2021-06-08T10:07:36,500.0,40.4,B
2021-06-08T10:07:29,200.0,40.4,B
2021-06-08T10:07:27,500.0,40.4,B
2021-06-08T10:07:27,500.0,40.4,B
2021-06-08T10:07:22,10000.0,40.3,S
2021-06-08T10:07:17,700.0,40.4,S
2021-06-08T10:07:16,7000.0,40.5,B
2021-06-08T10:07:10,500.0,40.4,S
2021-06-08T10:07:10,100.0,40.5,B
2021-06-08T10:07:07,100.0,40.5,B
2021-06-08T10:07:04,4000.0,40.4,S
2021-06-08T10:06:54,500.0,40.5,B
2021-06-08T10:06:50,100.0,40.5,B
2021-06-08T10:06:49,500.0,40.5,B
2021-06-08T10:06:41,4100.0,40.5,S
2021-06-08T10:06:37,100.0,40.6,B
2021-06-08T10:06:35,2000.0,40.5,S
2021-06-08T10:06:10,1400.0,40.6,B
2021-06-08T10:05:59,500.0,40.5,S
2021-06-08T10:05:56,500.0,40.6,B
2021-06-08T10:05:55,500.0,40.6,B
2021-06-08T10:05:53,6000.0,40.6,B
2021-06-08T10:05:50,1100.0,40.6,B
2021-06-08T10:05:49,100.0,40.5,S
2021-06-08T10:05:43,100.0,40.6,B
2021-06-08T10:05:38,300.0,40.6,B
2021-06-08T10:05:37,9500.0,40.5,S
2021-06-08T10:05:31,1000.0,40.6,B
2021-06-08T10:05:27,600.0,40.6,B
2021-06-08T10:05:26,2000.0,40.5,S
2021-06-08T10:05:17,100.0,40.5,S
2021-06-08T10:05:13,400.0,40.5,S
2021-06-08T10:05:12,100.0,40.6,B
2021-06-08T10:04:59,1000.0,40.6,B
2021-06-08T10:04:49,1600.0,40.6,B
2021-06-08T10:04:46,40000.0,40.5,S
2021-06-08T10:04:03,1900.0,40.6,S
2021-06-08T10:03:56,500.0,40.7,B
2021-06-08T10:03:48,10000.0,40.6,S
2021-06-08T10:03:45,1200.0,40.6,S
2021-06-08T10:03:43,1000.0,40.7,B
2021-06-08T10:03:34,300.0,40.7,B
2021-06-08T10:03:30,3600.0,40.6,S
2021-06-08T10:03:21,29500.0,40.7,S
2021-06-08T10:03:20,3600.0,40.7,S
2021-06-08T10:02:30,500.0,40.8,B
2021-06-08T10:02:29,300.0,40.8,B
2021-06-08T10:02:22,100.0,40.8,B
2021-06-08T10:02:20,500.0,40.8,B
2021-06-08T10:02:20,5000.0,40.8,B
2021-06-08T10:01:52,400.0,40.8,B
2021-06-08T10:01:47,800.0,40.8,B
2021-06-08T10:01:42,100.0,40.7,S
2021-06-08T10:01:39,7800.0,40.7,S
2021-06-08T10:01:33,200.0,40.7,S
2021-06-08T10:01:18,2900.0,40.7,S
2021-06-08T10:01:11,2000.0,40.7,S
2021-06-08T10:01:09,100.0,40.8,B
2021-06-08T10:01:07,200.0,40.8,B
2021-06-08T10:01:03,1500.0,40.7,S
2021-06-08T10:01:02,100.0,40.7,S
2021-06-08T10:00:44,10000.0,40.7,S
2021-06-08T10:00:43,300.0,40.8,B
2021-06-08T10:00:22,500.0,40.8,B
2021-06-08T10:00:10,100.0,40.8,B
2021-06-08T10:00:09,200.0,40.8,B
2021-06-08T10:00:02,100.0,40.8,B
2021-06-08T09:59:56,400.0,40.8,B
2021-06-08T09:59:47,100.0,40.8,B
2021-06-08T09:59:45,2000.0,40.7,S
2021-06-08T09:59:31,400.0,40.7,S
2021-06-08T09:59:28,100.0,40.8,B
2021-06-08T09:59:28,500.0,40.8,B
2021-06-08T09:59:14,1000.0,40.8,B
2021-06-08T09:58:58,200.0,40.8,B
2021-06-08T09:58:53,2500.0,40.8,B
2021-06-08T09:58:38,100.0,40.8,B
2021-06-08T09:58:34,300.0,40.8,B
2021-06-08T09:58:27,300.0,40.8,B
2021-06-08T09:58:19,100.0,40.8,B
2021-06-08T09:58:08,1000.0,40.8,B
2021-06-08T09:58:05,500.0,40.8,B
2021-06-08T09:57:58,600.0,40.8,B
2021-06-08T09:57:50,500.0,40.8,B
2021-06-08T09:57:48,1000.0,40.8,B
2021-06-08T09:57:45,100.0,40.9,B
2021-06-08T09:57:39,2000.0,40.8,S
2021-06-08T09:57:39,100.0,40.8,S
2021-06-08T09:57:38,1100.0,40.8,S
2021-06-08T09:57:36,100.0,40.8,S
2021-06-08T09:57:30,100.0,40.8,S
2021-06-08T09:57:17,200.0,40.8,S
2021-06-08T09:57:08,5000.0,40.8,S
2021-06-08T09:57:05,300.0,40.8,S
2021-06-08T09:57:05,6500.0,40.8,S
2021-06-08T09:56:59,1700.0,40.8,S
2021-06-08T09:56:51,100.0,40.8,S
2021-06-08T09:56:51,300.0,40.8,S
2021-06-08T09:56:46,2000.0,40.8,S
2021-06-08T09:56:46,1000.0,40.9,B
2021-06-08T09:56:41,1000.0,40.8,S
2021-06-08T09:56:31,1000.0,40.9,B
2021-06-08T09:56:23,200.0,40.8,S
2021-06-08T09:56:20,4000.0,40.8,S
2021-06-08T09:56:13,1000.0,40.8,S
2021-06-08T09:56:13,800.0,40.8,S
2021-06-08T09:56:09,200.0,40.8,S
2021-06-08T09:55:57,300.0,40.8,S
2021-06-08T09:55:56,10000.0,40.8,S
2021-06-08T09:55:56,100.0,40.8,S
2021-06-08T09:55:44,1000.0,40.8,S
2021-06-08T09:55:44,200.0,40.9,B
2021-06-08T09:55:36,100.0,40.8,S
2021-06-08T09:55:35,2000.0,40.8,S
2021-06-08T09:55:33,500.0,40.8,S
2021-06-08T09:55:23,100.0,40.8,S
2021-06-08T09:55:21,1300.0,40.8,S
2021-06-08T09:55:14,5000.0,40.8,S
2021-06-08T09:54:51,500.0,40.8,S
2021-06-08T09:54:44,1000.0,40.8,S
2021-06-08T09:54:42,600.0,40.8,S
2021-06-08T09:54:26,1000.0,40.8,S
2021-06-08T09:54:25,500.0,40.8,S
2021-06-08T09:54:22,500.0,40.8,S
2021-06-08T09:54:19,300.0,40.8,B
2021-06-08T09:54:18,1300.0,40.8,B
2021-06-08T09:54:13,200.0,40.8,B
2021-06-08T09:54:13,4200.0,40.8,B
2021-06-08T09:54:13,500.0,40.8,B
2021-06-08T09:54:10,200.0,40.8,B
2021-06-08T09:54:06,500.0,40.8,B
2021-06-08T09:54:02,200.0,40.8,B
2021-06-08T09:53:59,800.0,40.8,B
2021-06-08T09:53:53,1000.0,40.8,B
2021-06-08T09:53:53,1500.0,40.7,S
2021-06-08T09:53:53,5000.0,40.8,B
2021-06-08T09:53:48,1000.0,40.7,S
2021-06-08T09:53:48,3000.0,40.8,B
2021-06-08T09:53:47,3400.0,40.8,B
2021-06-08T09:53:42,400.0,40.7,S
2021-06-08T09:53:40,10000.0,40.8,B
2021-06-08T09:53:37,300.0,40.8,B
2021-06-08T09:53:22,5000.0,40.8,B
2021-06-08T09:53:05,1700.0,40.7,S
2021-06-08T09:53:03,4500.0,40.8,B
2021-06-08T09:52:55,500.0,40.8,B
2021-06-08T09:52:53,200.0,40.8,B
2021-06-08T09:52:52,1200.0,40.8,B
2021-06-08T09:52:34,600.0,40.7,S
2021-06-08T09:52:29,3000.0,40.8,B
2021-06-08T09:52:29,400.0,40.8,B
2021-06-08T09:52:25,800.0,40.8,B
2021-06-08T09:52:19,100.0,40.7,S
2021-06-08T09:52:18,1600.0,40.7,S
2021-06-08T09:52:16,500.0,40.7,S
2021-06-08T09:52:09,500.0,40.7,S
2021-06-08T09:52:08,700.0,40.8,B
2021-06-08T09:52:00,300.0,40.8,B
2021-06-08T09:51:57,2000.0,40.8,B
2021-06-08T09:51:46,500.0,40.8,B
2021-06-08T09:51:43,500.0,40.7,S
2021-06-08T09:51:39,1000.0,40.7,S
2021-06-08T09:51:38,100.0,40.7,S
2021-06-08T09:51:36,2000.0,40.7,S
2021-06-08T09:51:30,600.0,40.7,S
2021-06-08T09:51:17,100.0,40.7,S
2021-06-08T09:51:08,500.0,40.7,S
2021-06-08T09:51:00,2000.0,40.7,S
2021-06-08T09:50:57,200.0,40.7,S
2021-06-08T09:50:55,16700.0,40.7,B
2021-06-08T09:50:55,1000.0,40.7,B
2021-06-08T09:50:49,1200.0,40.7,B
2021-06-08T09:50:45,5000.0,40.6,S
2021-06-08T09:50:40,100.0,40.6,S
2021-06-08T09:50:37,1000.0,40.6,S
2021-06-08T09:50:36,100.0,40.6,S
2021-06-08T09:50:25,300.0,40.6,S
2021-06-08T09:50:22,100.0,40.6,S
2021-06-08T09:50:20,300.0,40.6,B
2021-06-08T09:50:18,500.0,40.6,B
2021-06-08T09:50:15,200.0,40.6,S
2021-06-08T09:50:14,2000.0,40.5,S
2021-06-08T09:50:12,21500.0,40.6,B
2021-06-08T09:50:12,7500.0,40.6,B
2021-06-08T09:50:10,400.0,40.6,B
2021-06-08T09:50:10,100.0,40.6,B
2021-06-08T09:50:03,2000.0,40.6,B
2021-06-08T09:49:59,300.0,40.6,B
2021-06-08T09:49:49,2000.0,40.6,B
2021-06-08T09:49:47,100.0,40.6,B
2021-06-08T09:49:45,500.0,40.6,B
2021-06-08T09:49:43,1000.0,40.5,S
2021-06-08T09:49:40,200.0,40.6,B
2021-06-08T09:49:35,1000.0,40.6,B
2021-06-08T09:49:33,1000.0,40.5,S
2021-06-08T09:49:29,7500.0,40.6,B
2021-06-08T09:49:27,200.0,40.6,B
2021-06-08T09:49:20,1000.0,40.6,B
2021-06-08T09:49:12,100.0,40.6,B
2021-06-08T09:49:11,2500.0,40.5,S
2021-06-08T09:49:10,1000.0,40.5,S
2021-06-08T09:49:03,200.0,40.6,B
2021-06-08T09:49:02,500.0,40.6,B
2021-06-08T09:49:01,1100.0,40.6,B
2021-06-08T09:48:54,300.0,40.6,B
2021-06-08T09:48:54,400.0,40.6,B
2021-06-08T09:48:51,100.0,40.6,B
2021-06-08T09:48:45,2500.0,40.6,B
2021-06-08T09:48:43,1000.0,40.6,B
2021-06-08T09:48:30,1000.0,40.6,B
2021-06-08T09:48:27,100.0,40.6,B
2021-06-08T09:48:27,1100.0,40.6,B
2021-06-08T09:48:23,100.0,40.6,B
2021-06-08T09:48:18,3500.0,40.6,S
2021-06-08T09:48:17,2000.0,40.7,B
2021-06-08T09:48:16,200.0,40.6,S
2021-06-08T09:48:15,300.0,40.6,B
2021-06-08T09:48:14,2000.0,40.6,B
2021-06-08T09:48:12,100.0,40.6,B
2021-06-08T09:48:11,1200.0,40.6,B
2021-06-08T09:48:09,26300.0,40.6,B
2021-06-08T09:48:08,1200.0,40.6,B
2021-06-08T09:48:03,500.0,40.6,B
2021-06-08T09:48:03,600.0,40.6,B
2021-06-08T09:48:02,400.0,40.6,B
2021-06-08T09:48:01,1000.0,40.6,B
2021-06-08T09:47:59,200.0,40.6,B
2021-06-08T09:47:55,200.0,40.6,B
2021-06-08T09:47:50,100.0,40.6,B
2021-06-08T09:47:49,200.0,40.6,B
2021-06-08T09:47:48,8800.0,40.6,S
2021-06-08T09:47:45,400.0,40.7,B
2021-06-08T09:47:43,400.0,40.7,B
2021-06-08T09:47:42,200.0,40.7,B
2021-06-08T09:47:26,3000.0,40.7,B
2021-06-08T09:47:20,100.0,40.6,S
2021-06-08T09:47:19,1000.0,40.6,S
2021-06-08T09:47:13,300.0,40.7,B
2021-06-08T09:47:12,100.0,40.7,B
2021-06-08T09:47:05,100.0,40.7,B
2021-06-08T09:47:05,300.0,40.7,B
2021-06-08T09:47:03,200.0,40.7,B
2021-06-08T09:47:03,500.0,40.7,B
2021-06-08T09:46:57,600.0,40.7,S
2021-06-08T09:46:55,3000.0,40.7,S
2021-06-08T09:46:54,300.0,40.7,S
2021-06-08T09:46:54,2000.0,40.7,S
2021-06-08T09:46:53,100.0,40.7,S
2021-06-08T09:46:52,100.0,40.8,B
2021-06-08T09:46:49,200.0,40.7,S
2021-06-08T09:46:49,1000.0,40.7,S
2021-06-08T09:46:41,100.0,40.8,B
2021-06-08T09:46:38,500.0,40.8,B
2021-06-08T09:46:28,100.0,40.8,B
2021-06-08T09:46:23,5900.0,40.8,B
2021-06-08T09:46:19,400.0,40.8,B
2021-06-08T09:46:12,24400.0,40.8,B
2021-06-08T09:46:12,10000.0,40.8,S
2021-06-08T09:46:08,500.0,40.9,B
2021-06-08T09:46:07,5000.0,40.9,B
2021-06-08T09:46:06,400.0,40.9,B
2021-06-08T09:45:58,100.0,40.9,B
2021-06-08T09:45:49,100.0,40.9,B
2021-06-08T09:45:48,2900.0,40.8,S
2021-06-08T09:45:45,7300.0,40.9,B
2021-06-08T09:45:41,10000.0,40.9,S
2021-06-08T09:45:38,300.0,41.0,B
2021-06-08T09:45:35,300.0,41.0,B
2021-06-08T09:45:27,3000.0,41.0,B
2021-06-08T09:45:24,200.0,41.0,B
2021-06-08T09:45:23,100.0,41.0,B
2021-06-08T09:45:18,400.0,41.0,B
2021-06-08T09:45:18,500.0,40.9,S
2021-06-08T09:45:16,1500.0,41.0,B
2021-06-08T09:45:12,5000.0,41.0,B
2021-06-08T09:45:10,100.0,41.0,B
2021-06-08T09:45:09,3000.0,40.9,S
2021-06-08T09:45:08,1000.0,41.0,B
2021-06-08T09:45:05,200.0,41.0,B
2021-06-08T09:45:01,200.0,41.0,B
2021-06-08T09:45:00,1500.0,40.9,S
2021-06-08T09:44:57,700.0,41.0,B
2021-06-08T09:44:51,500.0,41.0,B
2021-06-08T09:44:46,1000.0,41.0,B
2021-06-08T09:44:42,900.0,41.0,B
2021-06-08T09:44:40,2100.0,41.0,B
2021-06-08T09:44:38,300.0,41.0,B
2021-06-08T09:44:36,100.0,41.0,B
2021-06-08T09:44:35,100.0,41.0,B
2021-06-08T09:44:30,400.0,41.0,B
2021-06-08T09:44:29,100.0,41.0,B
2021-06-08T09:44:28,500.0,41.0,B
2021-06-08T09:44:18,500.0,41.0,B
2021-06-08T09:44:18,4000.0,41.0,S
2021-06-08T09:44:13,1000.0,41.0,S
2021-06-08T09:44:12,500.0,41.0,S
2021-06-08T09:44:10,1700.0,41.0,B
2021-06-08T09:44:06,200.0,41.0,B
2021-06-08T09:44:04,100.0,41.0,B
2021-06-08T09:44:02,800.0,41.0,B
2021-06-08T09:43:59,200.0,41.0,S
2021-06-08T09:43:56,200.0,41.0,S
2021-06-08T09:43:54,2500.0,40.9,S
2021-06-08T09:43:48,10000.0,41.2,B
2021-06-08T09:43:48,200.0,41.0,B
2021-06-08T09:43:47,100.0,41.0,B
2021-06-08T09:43:40,100.0,41.0,B
2021-06-08T09:43:38,1500.0,41.0,B
2021-06-08T09:43:36,200.0,41.0,B
2021-06-08T09:43:35,300.0,41.0,B
2021-06-08T09:43:33,3500.0,41.0,B
2021-06-08T09:43:31,1000.0,41.0,B
2021-06-08T09:43:28,1000.0,41.0,B
2021-06-08T09:43:25,100.0,41.0,B
2021-06-08T09:43:22,500.0,41.0,B
2021-06-08T09:43:21,100.0,41.0,B
2021-06-08T09:43:19,1000.0,41.0,B
2021-06-08T09:43:15,1700.0,41.0,B
2021-06-08T09:43:12,500.0,41.0,B
2021-06-08T09:43:11,200.0,41.0,B
2021-06-08T09:43:09,500.0,41.0,B
2021-06-08T09:43:06,131700.0,41.0,S
2021-06-08T09:43:04,300.0,41.2,S
2021-06-08T09:43:03,400.0,41.2,S
2021-06-08T09:43:02,2600.0,41.2,B
2021-06-08T09:42:59,200.0,41.2,S
2021-06-08T09:42:58,200.0,41.2,S
2021-06-08T09:42:53,100.0,41.2,B
2021-06-08T09:42:50,100.0,41.2,S
2021-06-08T09:42:49,20000.0,41.3,B
2021-06-08T09:42:47,100.0,41.1,S
2021-06-08T09:42:45,800.0,41.1,S
2021-06-08T09:42:45,1000.0,41.2,B
2021-06-08T09:42:40,500.0,41.2,B
2021-06-08T09:42:34,4000.0,41.2,B
2021-06-08T09:42:33,1000.0,41.2,B
2021-06-08T09:42:31,500.0,41.2,B
2021-06-08T09:42:29,1000.0,41.2,B
2021-06-08T09:42:23,2000.0,41.2,B
2021-06-08T09:42:21,100.0,41.2,B
2021-06-08T09:42:20,10000.0,41.2,B
2021-06-08T09:42:19,400.0,41.2,B
2021-06-08T09:42:18,100.0,41.2,B
2021-06-08T09:42:17,1900.0,41.2,B
2021-06-08T09:42:12,40000.0,41.2,B
2021-06-08T09:42:10,2000.0,41.2,B
2021-06-08T09:42:10,3000.0,41.2,B
2021-06-08T09:42:07,400.0,41.2,B
2021-06-08T09:42:05,200.0,41.2,B
2021-06-08T09:42:02,7000.0,41.2,B
2021-06-08T09:42:00,1000.0,41.1,S
2021-06-08T09:41:59,1900.0,41.2,B
2021-06-08T09:41:58,1700.0,41.1,S
2021-06-08T09:41:57,1200.0,41.2,B
2021-06-08T09:41:54,5700.0,41.3,B
2021-06-08T09:41:52,700.0,41.2,B
2021-06-08T09:41:48,200.0,41.2,B
2021-06-08T09:41:48,4000.0,41.2,B
2021-06-08T09:41:47,300.0,41.2,B
2021-06-08T09:41:46,1200.0,41.1,S
2021-06-08T09:41:43,100.0,41.2,B
2021-06-08T09:41:43,900.0,41.2,B
2021-06-08T09:41:42,1000.0,41.2,B
2021-06-08T09:41:41,1100.0,41.2,B
2021-06-08T09:41:38,500.0,41.2,B
2021-06-08T09:41:34,2100.0,41.2,B
2021-06-08T09:41:34,100.0,41.2,S
2021-06-08T09:41:32,6000.0,41.2,S
2021-06-08T09:41:28,100.0,41.2,S
2021-06-08T09:41:27,300.0,41.2,B
2021-06-08T09:41:26,800.0,41.2,B
2021-06-08T09:41:22,3000.0,41.3,B
2021-06-08T09:41:13,5300.0,41.2,B
2021-06-08T09:41:11,800.0,41.2,B
2021-06-08T09:41:11,5000.0,41.2,B
2021-06-08T09:41:07,3000.0,41.2,B
2021-06-08T09:41:03,5000.0,41.2,B
2021-06-08T09:40:58,12900.0,41.2,B
2021-06-08T09:40:58,2000.0,41.2,B
2021-06-08T09:40:54,500.0,41.2,B
2021-06-08T09:40:53,5000.0,41.2,B
2021-06-08T09:40:50,1000.0,41.1,S
2021-06-08T09:40:49,1000.0,41.1,S
2021-06-08T09:40:48,300.0,41.2,B
2021-06-08T09:40:44,2200.0,41.2,B
2021-06-08T09:40:41,3000.0,41.2,B
2021-06-08T09:40:40,10000.0,41.2,B
2021-06-08T09:40:38,100.0,41.1,B
2021-06-08T09:40:36,5000.0,41.0,S
2021-06-08T09:40:36,100.0,41.1,S
2021-06-08T09:40:35,100.0,41.1,S
2021-06-08T09:40:33,300.0,41.1,S
2021-06-08T09:40:31,5000.0,41.2,B
2021-06-08T09:40:31,300.0,41.0,S
2021-06-08T09:40:28,1000.0,41.1,B
2021-06-08T09:40:27,100.0,41.0,S
2021-06-08T09:40:24,1000.0,41.0,S
2021-06-08T09:40:23,1500.0,41.1,B
2021-06-08T09:40:22,11000.0,41.1,B
2021-06-08T09:40:18,200.0,41.1,B
2021-06-08T09:40:17,500.0,41.0,S
2021-06-08T09:40:15,500.0,41.0,S
2021-06-08T09:40:14,100.0,41.0,S
2021-06-08T09:40:07,700.0,41.0,S
2021-06-08T09:40:07,167500.0,41.0,B
2021-06-08T09:40:06,5000.0,41.0,B
2021-06-08T09:40:02,1100.0,41.0,B
2021-06-08T09:39:58,2000.0,41.0,B
2021-06-08T09:39:57,10000.0,41.0,B
2021-06-08T09:39:53,100.0,41.0,B
2021-06-08T09:39:51,30000.0,41.0,B
2021-06-08T09:39:48,10000.0,40.9,S
2021-06-08T09:39:45,6300.0,41.0,B
2021-06-08T09:39:44,4000.0,40.9,S
2021-06-08T09:39:44,2000.0,41.0,B
2021-06-08T09:39:43,200.0,41.0,B
2021-06-08T09:39:42,3500.0,40.9,S
2021-06-08T09:39:42,6200.0,41.0,B
2021-06-08T09:39:41,3400.0,40.9,S
2021-06-08T09:39:40,100.0,41.0,B
2021-06-08T09:39:37,1300.0,40.9,S
2021-06-08T09:39:34,20000.0,41.0,B
2021-06-08T09:39:18,1100.0,40.9,S
2021-06-08T09:39:15,5000.0,41.0,B
2021-06-08T09:39:09,10000.0,41.0,B
2021-06-08T09:39:08,5000.0,40.9,S
2021-06-08T09:39:03,400.0,40.9,S
2021-06-08T09:38:59,13400.0,41.0,B
2021-06-08T09:38:58,5000.0,40.9,S
2021-06-08T09:38:54,100.0,41.0,B
2021-06-08T09:38:52,5800.0,41.0,B
2021-06-08T09:38:45,10000.0,41.0,B
2021-06-08T09:38:45,4000.0,41.0,B
2021-06-08T09:38:42,2000.0,41.0,B
2021-06-08T09:38:38,1500.0,41.0,B
2021-06-08T09:38:37,7800.0,40.9,S
2021-06-08T09:38:32,10200.0,41.0,B
2021-06-08T09:38:32,20200.0,41.0,B
2021-06-08T09:38:28,1000.0,40.9,S
2021-06-08T09:38:28,2000.0,41.0,B
2021-06-08T09:38:21,20000.0,41.0,B
2021-06-08T09:38:21,100.0,40.9,B
2021-06-08T09:38:18,300.0,40.9,B
2021-06-08T09:38:14,4100.0,40.9,B
2021-06-08T09:38:11,5000.0,41.0,B
2021-06-08T09:38:10,300.0,40.9,S
2021-06-08T09:38:06,1000.0,41.0,B
2021-06-08T09:38:06,1700.0,41.0,B
2021-06-08T09:38:04,10000.0,41.0,B
2021-06-08T09:37:58,400.0,41.0,B
2021-06-08T09:37:58,100.0,40.9,S
2021-06-08T09:37:57,500.0,40.9,B
2021-06-08T09:37:56,14500.0,41.0,B
2021-06-08T09:37:56,100.0,40.9,B
2021-06-08T09:37:53,600.0,40.9,S
2021-06-08T09:37:53,200.0,40.9,S
2021-06-08T09:37:46,5000.0,41.0,B
2021-06-08T09:37:44,100.0,40.9,S
2021-06-08T09:37:39,3000.0,41.0,B
2021-06-08T09:37:38,300.0,40.9,B
2021-06-08T09:37:38,500.0,40.9,S
2021-06-08T09:37:37,300.0,40.9,S
2021-06-08T09:37:34,700.0,40.9,B
2021-06-08T09:37:32,1000.0,40.9,B
2021-06-08T09:37:32,1000.0,40.9,B
2021-06-08T09:37:28,200.0,40.9,B
2021-06-08T09:37:27,10000.0,40.9,B
2021-06-08T09:37:24,9300.0,40.9,S
2021-06-08T09:37:24,500.0,40.9,S
2021-06-08T09:37:20,1500.0,40.9,S
2021-06-08T09:37:19,10000.0,41.0,B
2021-06-08T09:37:13,300.0,40.9,B
2021-06-08T09:37:09,20000.0,41.0,B
2021-06-08T09:37:09,500.0,40.9,B
2021-06-08T09:37:07,2500.0,40.8,S
2021-06-08T09:37:04,100.0,40.9,B
2021-06-08T09:37:04,1100.0,40.8,S
2021-06-08T09:37:01,30000.0,40.9,B
2021-06-08T09:37:00,9000.0,40.9,B
2021-06-08T09:36:59,100.0,40.9,B
2021-06-08T09:36:55,200.0,40.9,B
2021-06-08T09:36:49,100.0,40.9,B
2021-06-08T09:36:39,100.0,40.9,B
2021-06-08T09:36:36,3500.0,40.9,B
2021-06-08T09:36:34,7300.0,40.9,B
2021-06-08T09:36:31,900.0,41.0,B
2021-06-08T09:36:31,300.0,40.9,S
2021-06-08T09:36:30,3000.0,41.0,B
2021-06-08T09:36:29,200.0,40.9,S
2021-06-08T09:36:29,10000.0,40.9,S
2021-06-08T09:36:28,300.0,41.0,B
2021-06-08T09:36:21,3000.0,41.0,B
2021-06-08T09:36:21,20100.0,41.0,B
2021-06-08T09:36:17,500.0,41.0,B
2021-06-08T09:36:13,3000.0,40.9,S
2021-06-08T09:36:13,400.0,41.0,B
2021-06-08T09:36:12,300.0,40.9,S
2021-06-08T09:36:10,2300.0,41.0,B
2021-06-08T09:36:09,900.0,41.0,B
2021-06-08T09:36:07,500.0,40.9,S
2021-06-08T09:36:06,8700.0,40.9,S
2021-06-08T09:36:05,1200.0,41.0,B
2021-06-08T09:36:01,6000.0,41.0,B
2021-06-08T09:36:00,1000.0,40.9,S
2021-06-08T09:35:59,1800.0,40.9,B
2021-06-08T09:35:57,800.0,40.9,B
2021-06-08T09:35:57,1300.0,40.9,B
2021-06-08T09:35:56,5300.0,40.9,B
2021-06-08T09:35:55,1000.0,40.9,B
2021-06-08T09:35:54,7000.0,40.9,B
2021-06-08T09:35:53,100.0,40.9,B
2021-06-08T09:35:51,1000.0,40.9,B
2021-06-08T09:35:49,400.0,40.9,B
2021-06-08T09:35:47,800.0,40.9,B
2021-06-08T09:35:46,10200.0,40.9,B
2021-06-08T09:35:45,100.0,40.9,B
2021-06-08T09:35:43,3900.0,40.9,B
2021-06-08T09:35:40,100.0,40.9,B
2021-06-08T09:35:35,200.0,40.9,B
2021-06-08T09:35:34,5000.0,40.9,B
2021-06-08T09:35:31,300.0,40.8,S
2021-06-08T09:35:31,1000.0,40.9,B
2021-06-08T09:35:28,1400.0,40.9,B
2021-06-08T09:35:26,10000.0,40.9,B
2021-06-08T09:35:23,500.0,40.9,B
2021-06-08T09:35:21,200.0,40.8,S
2021-06-08T09:35:12,1500.0,40.9,B
2021-06-08T09:35:11,100.0,40.8,B
2021-06-08T09:35:10,32000.0,40.9,B
2021-06-08T09:35:09,1000.0,40.8,B
2021-06-08T09:35:05,8000.0,40.8,B
2021-06-08T09:35:03,4500.0,40.8,B
2021-06-08T09:35:03,3000.0,40.8,B
2021-06-08T09:35:02,2000.0,40.8,B
2021-06-08T09:34:59,100.0,40.8,B
2021-06-08T09:34:56,900.0,40.8,B
2021-06-08T09:34:52,200.0,40.8,B
2021-06-08T09:34:51,3000.0,40.7,S
2021-06-08T09:34:50,2000.0,40.8,B
2021-06-08T09:34:49,100.0,40.7,S
2021-06-08T09:34:44,1000.0,40.8,B
2021-06-08T09:34:43,100.0,40.8,B
2021-06-08T09:34:43,2000.0,40.8,B
2021-06-08T09:34:39,3600.0,40.8,B
2021-06-08T09:34:38,100.0,40.8,B
2021-06-08T09:34:35,200.0,40.8,B
2021-06-08T09:34:35,6000.0,40.8,B
2021-06-08T09:34:33,31500.0,40.8,B
2021-06-08T09:34:33,100.0,40.8,B
2021-06-08T09:34:32,200.0,40.7,S
2021-06-08T09:34:29,10600.0,40.7,S
2021-06-08T09:34:27,100.0,40.7,S
2021-06-08T09:34:26,1000.0,40.7,S
2021-06-08T09:34:25,200.0,40.8,B
2021-06-08T09:34:24,100.0,40.7,S
2021-06-08T09:34:23,1000.0,40.8,B
2021-06-08T09:34:16,2000.0,40.8,B
2021-06-08T09:34:15,100.0,40.7,S
2021-06-08T09:34:09,100.0,40.7,S
2021-06-08T09:34:08,500.0,40.8,B
2021-06-08T09:34:04,10000.0,40.7,S
2021-06-08T09:34:02,8300.0,40.7,B
2021-06-08T09:34:00,100.0,40.7,B
2021-06-08T09:34:00,200.0,40.7,B
2021-06-08T09:33:59,4400.0,40.7,S
2021-06-08T09:33:58,5000.0,40.8,B
2021-06-08T09:33:57,500.0,40.7,S
2021-06-08T09:33:56,100.0,40.7,S
2021-06-08T09:33:55,5000.0,40.8,B
2021-06-08T09:33:55,100.0,40.8,B
2021-06-08T09:33:52,1000.0,40.7,S
2021-06-08T09:33:52,500.0,40.7,B
2021-06-08T09:33:51,2600.0,40.7,B
2021-06-08T09:33:48,100.0,40.7,B
2021-06-08T09:33:48,7100.0,40.7,B
2021-06-08T09:33:47,200.0,40.7,B
2021-06-08T09:33:47,9000.0,40.7,B
2021-06-08T09:33:44,11600.0,40.7,B
2021-06-08T09:33:42,3000.0,40.7,B
2021-06-08T09:33:41,1000.0,40.7,B
2021-06-08T09:33:38,200.0,40.6,S
2021-06-08T09:33:36,100.0,40.6,S
2021-06-08T09:33:35,100.0,40.6,S
2021-06-08T09:33:31,13900.0,40.7,B
2021-06-08T09:33:28,5600.0,40.6,S
2021-06-08T09:33:25,5000.0,40.7,B
2021-06-08T09:33:22,100.0,40.7,B
2021-06-08T09:33:22,3000.0,40.7,B
2021-06-08T09:33:19,1000.0,40.6,S
2021-06-08T09:33:19,100.0,40.6,B
2021-06-08T09:33:18,1900.0,40.6,S
2021-06-08T09:33:17,100.0,40.6,S
2021-06-08T09:33:15,200.0,40.7,B
2021-06-08T09:33:10,10000.0,40.6,S
2021-06-08T09:33:10,200.0,40.7,B
2021-06-08T09:33:09,4000.0,40.7,B
2021-06-08T09:33:08,4000.0,40.6,S
2021-06-08T09:33:06,1000.0,40.6,S
2021-06-08T09:33:01,500.0,40.6,S
2021-06-08T09:32:53,200.0,40.6,S
2021-06-08T09:32:51,300.0,40.6,S
2021-06-08T09:32:39,1500.0,40.6,S
2021-06-08T09:32:39,100.0,40.6,S
2021-06-08T09:32:36,2200.0,40.6,B
2021-06-08T09:32:33,1200.0,40.5,S
2021-06-08T09:32:31,1000.0,40.6,B
2021-06-08T09:32:31,1000.0,40.6,B
2021-06-08T09:32:28,4400.0,40.6,B
2021-06-08T09:32:27,2500.0,40.6,B
2021-06-08T09:32:25,10100.0,40.6,B
2021-06-08T09:32:19,3000.0,40.6,B
2021-06-08T09:32:18,2000.0,40.5,S
2021-06-08T09:32:14,5000.0,40.6,B
2021-06-08T09:32:12,100.0,40.5,S
2021-06-08T09:32:06,300.0,40.5,S
2021-06-08T09:32:04,500.0,40.5,S
2021-06-08T09:32:03,180400.0,40.5,B
2021-06-08T09:32:01,4700.0,40.4,B
2021-06-08T09:32:00,3000.0,40.4,B
2021-06-08T09:31:57,2400.0,40.4,B
2021-06-08T09:31:56,2400.0,40.4,B
2021-06-08T09:31:53,100.0,40.4,B
2021-06-08T09:31:49,100.0,40.4,S
2021-06-08T09:31:47,2000.0,40.5,B
2021-06-08T09:31:44,35000.0,40.5,B
2021-06-08T09:31:44,2000.0,40.4,B
2021-06-08T09:31:43,700.0,40.4,B
2021-06-08T09:31:43,400.0,40.4,B
2021-06-08T09:31:40,3700.0,40.4,B
2021-06-08T09:31:38,1200.0,40.4,B
2021-06-08T09:31:34,900.0,40.4,B
2021-06-08T09:31:33,11600.0,40.4,B
2021-06-08T09:31:32,2000.0,40.3,S
2021-06-08T09:31:29,1000.0,40.4,B
2021-06-08T09:31:27,10000.0,40.3,S
2021-06-08T09:31:27,30000.0,40.4,B
2021-06-08T09:31:22,500.0,40.3,S
2021-06-08T09:31:21,100.0,40.3,S
2021-06-08T09:31:18,200.0,40.4,B
2021-06-08T09:31:17,200.0,40.4,B
2021-06-08T09:31:17,3000.0,40.4,B
2021-06-08T09:31:10,2000.0,40.4,B
2021-06-08T09:31:06,2000.0,40.4,B
2021-06-08T09:30:55,100.0,40.3,S
2021-06-08T09:30:52,500.0,40.3,S
2021-06-08T09:30:51,500.0,40.3,S
2021-06-08T09:30:49,1600.0,40.3,B
2021-06-08T09:30:43,39000.0,40.3,B
2021-06-08T09:30:42,4000.0,40.3,B
2021-06-08T09:30:38,1400.0,40.3,B
2021-06-08T09:30:37,1000.0,40.3,B
2021-06-08T09:30:36,4000.0,40.3,B
2021-06-08T09:30:34,20000.0,40.3,B
2021-06-08T09:30:29,100.0,40.3,B
2021-06-08T09:30:27,100.0,40.3,B
2021-06-08T09:30:25,4600.0,40.3,B
2021-06-08T09:30:21,10600.0,40.3,B
2021-06-08T09:30:20,500.0,40.3,B
2021-06-08T09:30:20,200.0,40.3,B
2021-06-08T09:30:19,500.0,40.3,B
2021-06-08T09:30:17,1500.0,40.3,B
2021-06-08T09:30:07,100.0,40.3,B
2021-06-08T09:30:02,300.0,40.3,B
2021-06-08T09:29:59,400.0,40.3,B
2021-06-08T09:29:51,1500.0,40.3,B
2021-06-08T09:29:49,300.0,40.3,B
2021-06-08T09:29:48,400.0,40.3,B
2021-06-08T09:29:46,1000.0,40.2,S
2021-06-08T09:29:45,500.0,40.2,S
2021-06-08T09:29:43,600.0,40.3,B
2021-06-08T09:29:40,500.0,40.2,S
2021-06-08T09:29:38,4800.0,40.3,B
2021-06-08T09:29:30,200.0,40.3,B
2021-06-08T09:29:29,100.0,40.3,B
2021-06-08T09:29:27,2800.0,40.3,B
2021-06-08T09:29:25,600.0,40.2,B
2021-06-08T09:29:23,100.0,40.2,B
2021-06-08T09:29:22,4300.0,40.2,B
2021-06-08T09:29:20,300.0,40.3,B
2021-06-08T09:29:19,100.0,40.2,S
2021-06-08T09:29:17,2000.0,40.3,B
2021-06-08T09:29:15,800.0,40.3,B
2021-06-08T09:29:14,500.0,40.2,S
2021-06-08T09:29:08,2500.0,40.2,S
2021-06-08T09:29:02,500.0,40.2,S
2021-06-08T09:28:58,100.0,40.2,S
2021-06-08T09:28:55,2500.0,40.2,S
2021-06-08T09:28:53,1000.0,40.3,B
2021-06-08T09:28:52,2000.0,40.2,S
2021-06-08T09:28:42,3000.0,40.2,S
2021-06-08T09:28:34,5000.0,40.3,B
2021-06-08T09:28:29,5000.0,40.3,B
2021-06-08T09:28:27,1500.0,40.2,S
2021-06-08T09:28:25,200.0,40.3,B
2021-06-08T09:28:24,200.0,40.3,B
2021-06-08T09:28:23,2000.0,40.3,B
2021-06-08T09:28:12,200.0,40.3,B
2021-06-08T09:28:11,200.0,40.3,B
2021-06-08T09:28:09,37800.0,40.2,S
2021-06-08T09:28:04,2900.0,40.2,B
2021-06-08T09:28:00,8000.0,40.2,B
2021-06-08T09:27:59,1000.0,40.2,B
2021-06-08T09:27:58,10000.0,40.2,B
2021-06-08T09:27:51,1200.0,40.2,B
2021-06-08T09:27:43,2100.0,40.2,B
2021-06-08T09:27:42,2600.0,40.2,B
2021-06-08T09:27:34,500.0,40.1,S
2021-06-08T09:27:29,5000.0,40.2,B
2021-06-08T09:27:29,200.0,40.2,B
2021-06-08T09:27:27,100.0,40.2,B
2021-06-08T09:27:24,200.0,40.2,B
2021-06-08T09:27:21,10000.0,40.2,B
2021-06-08T09:27:19,1500.0,40.2,B
2021-06-08T09:27:14,1500.0,40.2,B
2021-06-08T09:27:07,2500.0,40.1,S
2021-06-08T09:27:07,7500.0,40.1,S
2021-06-08T09:27:03,100.0,40.2,B
2021-06-08T09:27:01,15000.0,40.1,S
2021-06-08T09:26:57,200.0,40.2,B
2021-06-08T09:26:53,100.0,40.2,B
2021-06-08T09:26:53,800.0,40.2,B
2021-06-08T09:26:51,200.0,40.2,B
2021-06-08T09:26:51,500.0,40.2,B
2021-06-08T09:26:50,100.0,40.2,B
2021-06-08T09:26:50,1000.0,40.2,B
2021-06-08T09:26:44,300.0,40.2,B
2021-06-08T09:26:44,500.0,40.2,B
2021-06-08T09:26:40,2000.0,40.2,B
2021-06-08T09:26:38,1000.0,40.1,S
2021-06-08T09:26:37,3600.0,40.2,B
2021-06-08T09:26:36,200.0,40.2,B
2021-06-08T09:26:34,500.0,40.2,B
2021-06-08T09:26:33,100.0,40.2,B
2021-06-08T09:26:33,1000.0,40.2,B
2021-06-08T09:26:31,200.0,40.2,B
2021-06-08T09:26:28,200.0,40.2,B
2021-06-08T09:26:26,5600.0,40.2,B
2021-06-08T09:26:26,300.0,40.2,B
2021-06-08T09:26:23,3000.0,40.2,B
2021-06-08T09:26:22,500.0,40.2,B
2021-06-08T09:26:21,600.0,40.2,B
2021-06-08T09:26:19,3500.0,40.2,B
2021-06-08T09:26:16,600.0,40.2,B
2021-06-08T09:26:15,5000.0,40.2,B
2021-06-08T09:26:11,200.0,40.2,B
2021-06-08T09:26:08,100.0,40.2,B
2021-06-08T09:26:06,1000.0,40.2,B
2021-06-08T09:26:06,100.0,40.1,S
2021-06-08T09:26:06,100.0,40.1,S
2021-06-08T09:26:00,5400.0,40.2,B
2021-06-08T09:25:49,900.0,40.2,B
2021-06-08T09:25:41,2000.0,40.1,S
2021-06-08T09:25:36,4500.0,40.1,S
2021-06-08T09:25:36,700.0,40.1,S
2021-06-08T09:25:32,2000.0,40.1,S
2021-06-08T09:25:24,300.0,40.2,B
2021-06-08T09:25:19,1000.0,40.1,S
2021-06-08T09:25:18,200.0,40.2,B
2021-06-08T09:25:10,1000.0,40.2,B
2021-06-08T09:25:06,9000.0,40.1,S
2021-06-08T09:25:02,1000.0,40.2,B
2021-06-08T09:25:00,3300.0,40.2,B
2021-06-08T09:24:48,5000.0,40.2,B
2021-06-08T09:24:30,4700.0,40.2,B
2021-06-08T09:24:28,200.0,40.1,B
2021-06-08T09:24:28,5000.0,40.1,B
2021-06-08T09:24:19,100.0,40.0,S
2021-06-08T09:24:18,11200.0,40.1,B
2021-06-08T09:24:16,6000.0,40.1,B
2021-06-08T09:24:16,2000.0,40.1,B
2021-06-08T09:24:12,2000.0,40.1,B
2021-06-08T09:24:11,400.0,40.1,B
2021-06-08T09:24:06,2000.0,40.1,B
2021-06-08T09:24:06,2300.0,40.1,B
2021-06-08T09:24:03,500.0,40.1,S
2021-06-08T09:24:01,1700.0,40.2,B
2021-06-08T09:23:59,500.0,40.1,S
2021-06-08T09:23:58,200.0,40.2,B
2021-06-08T09:23:54,300.0,40.1,S
2021-06-08T09:23:49,1500.0,40.2,B
2021-06-08T09:23:49,500.0,40.1,S
2021-06-08T09:23:46,400.0,40.1,S
2021-06-08T09:23:39,500.0,40.2,B
2021-06-08T09:23:30,200.0,40.1,S
2021-06-08T09:23:24,700.0,40.1,S
2021-06-08T09:23:23,700.0,40.1,S
2021-06-08T09:23:21,1900.0,40.2,B
2021-06-08T09:23:20,1000.0,40.1,S
2021-06-08T09:23:12,1800.0,40.1,S
2021-06-08T09:23:10,2600.0,40.1,S
2021-06-08T09:23:06,1200.0,40.1,S
2021-06-08T09:23:04,800.0,40.1,S
2021-06-08T09:23:00,400.0,40.1,S
2021-06-08T09:22:59,200.0,40.1,S
2021-06-08T09:22:58,700.0,40.1,B
2021-06-08T09:22:54,50000.0,40.1,B
2021-06-08T09:22:52,1000.0,40.0,S
2021-06-08T09:22:46,2000.0,40.0,S
2021-06-08T09:22:44,100.0,40.0,S
2021-06-08T09:22:32,300.0,40.0,S
2021-06-08T09:22:29,1000.0,40.1,B
2021-06-08T09:22:19,100.0,40.0,S
2021-06-08T09:22:15,3300.0,40.1,B
2021-06-08T09:22:14,200.0,40.0,B
2021-06-08T09:22:07,4800.0,40.0,B
2021-06-08T09:22:04,1000.0,40.0,S
2021-06-08T09:22:02,1000.0,40.0,S
2021-06-08T09:22:00,400.0,40.0,B
2021-06-08T09:22:00,6500.0,40.0,B
2021-06-08T09:21:53,500.0,40.0,B
2021-06-08T09:21:48,10000.0,40.0,B
2021-06-08T09:21:34,500.0,40.0,B
2021-06-08T09:21:32,1000.0,40.0,B
2021-06-08T09:21:20,500.0,40.0,B
2021-06-08T09:21:16,100.0,40.0,B
2021-06-08T09:21:15,1000.0,40.0,B
2021-06-08T09:21:14,2600.0,40.0,B
2021-06-08T09:21:05,5000.0,40.0,B
2021-06-08T09:21:04,1000.0,40.0,B
2021-06-08T09:21:00,200.0,40.0,B
2021-06-08T09:21:00,2200.0,40.0,B
2021-06-08T09:20:58,200.0,40.0,B
2021-06-08T09:20:58,100.0,40.0,B
2021-06-08T09:20:57,5000.0,40.0,B
2021-06-08T09:20:48,300.0,40.0,B
2021-06-08T09:20:46,500.0,39.9,S
2021-06-08T09:20:33,300.0,40.0,B
2021-06-08T09:20:29,500.0,39.9,S
2021-06-08T09:20:27,1000.0,39.9,S
2021-06-08T09:20:27,4400.0,40.0,B
2021-06-08T09:20:26,111500.0,40.0,B
2021-06-08T09:20:23,1000.0,39.9,S
2021-06-08T09:20:20,2000.0,40.0,B
2021-06-08T09:20:06,1000.0,40.0,B
2021-06-08T09:19:58,500.0,39.9,S
2021-06-08T09:19:58,1000.0,39.9,S
2021-06-08T09:19:50,100.0,39.9,S
2021-06-08T09:19:46,700.0,39.9,S
2021-06-08T09:19:37,1000.0,39.9,S
2021-06-08T09:19:34,1000.0,39.9,S
2021-06-08T09:19:31,100.0,40.0,B
2021-06-08T09:19:16,8000.0,39.9,S
2021-06-08T09:19:15,1000.0,39.9,S
2021-06-08T09:19:14,5000.0,40.0,B
2021-06-08T09:19:08,500.0,40.0,B
2021-06-08T09:18:56,3200.0,40.0,B
2021-06-08T09:18:49,1000.0,39.9,B
2021-06-08T09:18:44,5000.0,40.0,B
2021-06-08T09:18:34,1000.0,39.9,S
2021-06-08T09:18:21,300.0,39.9,S
2021-06-08T09:18:19,900.0,39.9,S
2021-06-08T09:18:11,500.0,39.9,S
2021-06-08T09:18:01,1600.0,39.9,S
2021-06-08T09:17:56,1200.0,40.0,B
2021-06-08T09:17:51,4000.0,39.9,S
2021-06-08T09:17:48,100.0,40.0,B
2021-06-08T09:17:46,2500.0,40.0,B
2021-06-08T09:17:41,500.0,40.0,B
2021-06-08T09:17:35,100.0,40.0,B
2021-06-08T09:17:22,200.0,40.0,B
2021-06-08T09:17:17,200.0,40.0,B
2021-06-08T09:17:14,100.0,40.0,B
2021-06-08T09:17:09,600.0,40.0,B
2021-06-08T09:17:05,1000.0,40.0,B
2021-06-08T09:17:01,5000.0,39.9,S
2021-06-08T09:16:55,2000.0,40.0,B
2021-06-08T09:16:39,400.0,39.9,S
2021-06-08T09:16:35,500.0,40.0,B
2021-06-08T09:16:24,10000.0,40.0,B
2021-06-08T09:16:19,1100.0,39.9,B
2021-06-08T09:16:18,7000.0,39.9,B
2021-06-08T09:16:14,100.0,39.9,B
2021-06-08T09:16:01,3500.0,39.9,B
2021-06-08T09:16:00,1000.0,39.8,S
2021-06-08T09:15:53,500.0,39.9,B
2021-06-08T09:15:42,200.0,39.8,S
2021-06-08T09:15:39,500.0,39.9,B
2021-06-08T09:15:35,100.0,39.8,S
2021-06-08T09:15:25,4000.0,39.8,S
2021-06-08T09:15:24,500.0,39.9,B
2021-06-08T09:15:16,400.0,39.9,B
2021-06-08T09:14:52,500.0,39.9,B
2021-06-08T09:14:47,5000.0,39.8,S
2021-06-08T09:14:38,500.0,39.9,B
2021-06-08T09:14:34,100.0,39.8,S
2021-06-08T09:14:25,2000.0,39.9,B
2021-06-08T09:14:09,1000.0,39.8,S
2021-06-08T09:14:09,2000.0,39.9,B
2021-06-08T09:13:57,500.0,39.9,B
2021-06-08T09:13:55,5400.0,39.8,S
2021-06-08T09:13:26,1000.0,39.8,S
2021-06-08T09:13:25,100.0,39.8,S
2021-06-08T09:13:24,200.0,39.9,S
2021-06-08T09:13:13,600.0,39.8,S
2021-06-08T09:13:06,5000.0,40.0,B
2021-06-08T09:13:04,4100.0,39.9,S
2021-06-08T09:13:00,1000.0,40.0,B
2021-06-08T09:12:52,500.0,40.0,B
2021-06-08T09:12:36,200.0,40.0,B
2021-06-08T09:12:15,100.0,40.0,B
2021-06-08T09:12:12,200.0,40.0,B
2021-06-08T09:12:09,2600.0,40.0,B
2021-06-08T09:12:09,4100.0,40.1,B
2021-06-08T09:12:08,1000.0,40.0,S
2021-06-08T09:12:05,200.0,40.1,B
2021-06-08T09:12:04,5000.0,40.0,S
2021-06-08T09:12:04,200.0,40.0,S
2021-06-08T09:12:03,500.0,40.1,B
2021-06-08T09:11:59,1000.0,40.0,S
2021-06-08T09:11:56,3800.0,40.0,S
2021-06-08T09:11:52,100.0,40.0,S
2021-06-08T09:11:47,1000.0,40.1,B
2021-06-08T09:11:43,100.0,40.0,S
2021-06-08T09:11:43,2000.0,40.0,S
2021-06-08T09:11:35,100.0,40.0,S
2021-06-08T09:11:27,1000.0,40.1,B
2021-06-08T09:11:15,20000.0,40.0,S
2021-06-08T09:11:13,3800.0,40.1,B
2021-06-08T09:11:11,500.0,40.1,B
2021-06-08T09:11:04,3000.0,40.1,B
2021-06-08T09:10:57,5000.0,40.1,B
2021-06-08T09:10:54,2000.0,40.0,S
2021-06-08T09:10:51,100.0,40.0,S
2021-06-08T09:10:45,14600.0,40.0,S
2021-06-08T09:10:40,100.0,40.1,B
2021-06-08T09:10:30,100.0,40.1,S
2021-06-08T09:10:27,1000.0,40.2,B
2021-06-08T09:10:27,200.0,40.1,B
2021-06-08T09:10:22,4700.0,40.0,S
2021-06-08T09:10:22,15300.0,40.0,S
2021-06-08T09:10:15,300.0,40.1,S
2021-06-08T09:10:12,100.0,40.1,S
2021-06-08T09:10:10,2000.0,40.2,B
2021-06-08T09:10:06,100.0,40.1,S
2021-06-08T09:10:06,7000.0,40.2,B
2021-06-08T09:10:02,100.0,40.1,S
2021-06-08T09:10:02,2600.0,40.1,S
2021-06-08T09:09:56,5000.0,40.1,S
2021-06-08T09:09:53,200.0,40.1,S
2021-06-08T09:09:50,500.0,40.1,S
2021-06-08T09:09:47,300.0,40.2,B
2021-06-08T09:09:43,500.0,40.1,S
2021-06-08T09:09:39,300.0,40.2,B
2021-06-08T09:09:33,10000.0,40.1,S
2021-06-08T09:09:27,8900.0,40.1,S
2021-06-08T09:09:26,200.0,40.1,B
2021-06-08T09:09:23,500.0,40.0,S
2021-06-08T09:09:22,1000.0,40.0,S
2021-06-08T09:09:21,900.0,40.1,S
2021-06-08T09:09:19,100.0,40.1,S
2021-06-08T09:09:18,1000.0,40.1,S
2021-06-08T09:09:16,100.0,40.1,S
2021-06-08T09:09:07,400.0,40.1,B
2021-06-08T09:09:05,100.0,40.1,B
2021-06-08T09:09:01,500.0,40.1,S
2021-06-08T09:08:48,100.0,40.1,S
2021-06-08T09:08:43,30000.0,40.2,B
2021-06-08T09:08:30,1900.0,40.1,B
2021-06-08T09:08:26,200.0,40.1,B
2021-06-08T09:08:24,8900.0,40.1,S
2021-06-08T09:08:22,600.0,40.1,S
2021-06-08T09:08:20,30000.0,40.2,B
2021-06-08T09:08:17,2000.0,40.2,B
2021-06-08T09:08:16,2000.0,40.1,S
2021-06-08T09:08:14,1000.0,40.1,S
2021-06-08T09:08:11,300.0,40.2,B
2021-06-08T09:08:06,300.0,40.2,B
2021-06-08T09:07:50,1500.0,40.2,B
2021-06-08T09:07:41,300.0,40.2,B
2021-06-08T09:07:37,4000.0,40.2,B
2021-06-08T09:07:23,500.0,40.2,B
2021-06-08T09:07:20,500.0,40.2,B
2021-06-08T09:07:18,200.0,40.2,S
2021-06-08T09:07:10,1000.0,40.2,S
2021-06-08T09:07:09,500.0,40.2,S
2021-06-08T09:07:08,200.0,40.2,S
2021-06-08T09:07:08,1000.0,40.2,S
2021-06-08T09:07:04,100.0,40.2,S
2021-06-08T09:06:58,1500.0,40.1,S
2021-06-08T09:06:55,100.0,40.2,S
2021-06-08T09:06:54,1000.0,40.1,S
2021-06-08T09:06:52,5000.0,40.1,S
2021-06-08T09:06:47,2000.0,40.1,S
2021-06-08T09:06:44,6900.0,40.3,B
2021-06-08T09:06:34,3700.0,40.1,S
2021-06-08T09:06:25,5000.0,40.1,B
2021-06-08T09:06:22,500.0,40.0,B
2021-06-08T09:06:20,300.0,40.0,B
2021-06-08T09:06:19,25000.0,40.0,B
2021-06-08T09:06:19,5000.0,40.3,B
2021-06-08T09:06:16,2000.0,40.3,B
2021-06-08T09:06:15,2500.0,40.3,B
2021-06-08T09:06:13,8000.0,40.3,B
2021-06-08T09:06:12,1000.0,40.3,B
2021-06-08T09:06:06,700.0,40.3,B
2021-06-08T09:06:03,1500.0,40.3,B
2021-06-08T09:06:02,2500.0,40.3,B
2021-06-08T09:06:01,600.0,40.3,B
2021-06-08T09:05:56,100.0,40.3,B
2021-06-08T09:05:49,18000.0,40.4,B
2021-06-08T09:05:44,2500.0,40.3,B
2021-06-08T09:05:40,1000.0,40.3,S
2021-06-08T09:05:33,600.0,40.3,S
2021-06-08T09:05:32,15900.0,40.3,S
2021-06-08T09:05:31,1000.0,40.1,S
2021-06-08T09:05:29,200.0,40.2,B
2021-06-08T09:05:23,5000.0,40.3,B
2021-06-08T09:05:05,100.0,40.2,B
2021-06-08T09:04:59,5000.0,40.2,B
2021-06-08T09:04:51,900.0,40.0,S
2021-06-08T09:04:43,10000.0,40.0,S
2021-06-08T09:04:40,4700.0,40.0,S
2021-06-08T09:04:32,100.0,40.0,S
2021-06-08T09:04:21,200.0,40.0,S
2021-06-08T09:04:20,1900.0,40.3,B
2021-06-08T09:04:19,3100.0,40.3,B
2021-06-08T09:04:14,1000.0,40.0,S
2021-06-08T09:04:13,100.0,40.0,S
2021-06-08T09:04:08,300.0,40.0,S
2021-06-08T09:04:08,100.0,40.0,S
2021-06-08T09:04:06,3500.0,40.3,B
2021-06-08T09:04:06,1300.0,40.1,B
2021-06-08T09:04:03,500.0,40.0,B
2021-06-08T09:04:02,2700.0,40.0,B
2021-06-08T09:04:02,200.0,40.0,B
2021-06-08T09:03:57,1000.0,40.0,B
2021-06-08T09:03:56,3000.0,40.0,B
2021-06-08T09:03:50,5000.0,40.0,B
2021-06-08T09:03:34,500.0,40.0,B
2021-06-08T09:03:33,100.0,40.0,B
2021-06-08T09:03:31,10000.0,39.9,S
2021-06-08T09:03:27,1000.0,40.0,B
2021-06-08T09:03:26,900.0,40.0,B
2021-06-08T09:03:25,1000.0,40.0,B
2021-06-08T09:03:14,2500.0,39.9,S
2021-06-08T09:03:10,1300.0,40.0,B
2021-06-08T09:03:06,300.0,39.9,S
2021-06-08T09:03:04,1000.0,40.0,B
2021-06-08T09:03:02,800.0,39.9,S
2021-06-08T09:03:02,100.0,39.9,S
2021-06-08T09:03:00,900.0,39.9,S
2021-06-08T09:02:43,100.0,39.9,S
2021-06-08T09:02:42,2200.0,39.9,B
2021-06-08T09:02:29,100.0,39.9,B
2021-06-08T09:02:28,300.0,39.9,B
2021-06-08T09:02:21,300.0,39.9,B
2021-06-08T09:02:04,4500.0,39.9,B
2021-06-08T09:01:24,500.0,39.7,S
2021-06-08T09:01:22,300.0,39.7,B
2021-06-08T09:01:07,1900.0,39.6,B
2021-06-08T09:00:55,100.0,39.5,B
2021-06-08T09:00:36,100.0,39.5,B
2021-06-08T09:00:32,500.0,39.4,S
2021-06-08T09:00:30,100.0,39.5,S
2021-06-08T09:00:30,100.0,39.6,B
2021-06-08T09:00:18,200.0,39.5,S
