tradingTime,volume,price,side
2021-06-08T14:27:39,100.0,25.3,S
2021-06-08T14:27:10,300.0,25.3,S
2021-06-08T14:25:26,100.0,25.3,S
2021-06-08T14:23:56,100.0,25.6,S
2021-06-08T14:23:30,1000.0,26.0,B
2021-06-08T14:22:47,100.0,26.0,B
2021-06-08T14:19:34,3500.0,25.25,S
2021-06-08T14:19:34,100.0,25.6,S
2021-06-08T14:19:34,100.0,25.6,S
2021-06-08T14:19:34,100.0,25.6,S
2021-06-08T14:19:34,700.0,25.6,S
2021-06-08T14:19:34,700.0,25.8,S
2021-06-08T14:19:33,9800.0,26.0,S
2021-06-08T14:17:07,100.0,26.05,S
2021-06-08T14:15:41,3000.0,26.05,S
2021-06-08T14:12:43,3000.0,26.05,S
2021-06-08T14:12:20,3000.0,26.05,S
2021-06-08T14:11:57,3000.0,26.05,S
2021-06-08T14:10:17,300.0,26.1,S
2021-06-08T14:09:17,100.0,26.1,S
2021-06-08T14:08:50,20000.0,26.0,S
2021-06-08T14:08:02,500.0,26.0,S
2021-06-08T14:07:56,1000.0,26.0,S
2021-06-08T14:07:54,2200.0,26.0,S
2021-06-08T14:07:54,1300.0,26.0,S
2021-06-08T14:07:54,100.0,26.05,S
2021-06-08T14:07:54,1400.0,26.05,S
2021-06-08T14:07:45,10000.0,26.05,S
2021-06-08T14:06:54,400.0,26.3,B
2021-06-08T14:06:52,500.0,26.2,B
2021-06-08T14:06:09,200.0,26.05,S
2021-06-08T14:05:18,1800.0,26.05,S
2021-06-08T14:02:21,200.0,26.05,S
2021-06-08T14:01:28,7000.0,26.05,S
2021-06-08T14:00:35,100.0,26.2,S
2021-06-08T14:00:05,100.0,26.2,S
2021-06-08T13:59:31,300.0,26.2,S
2021-06-08T13:59:23,9100.0,26.2,S
2021-06-08T13:58:40,200.0,26.2,S
2021-06-08T13:58:07,500.0,26.2,S
2021-06-08T13:57:07,1000.0,26.3,S
2021-06-08T13:54:51,5000.0,26.35,B
2021-06-08T13:53:40,500.0,26.3,S
2021-06-08T13:53:34,200.0,26.3,S
2021-06-08T13:53:17,2000.0,26.3,S
2021-06-08T13:52:07,300.0,26.3,S
2021-06-08T13:50:50,500.0,26.3,S
2021-06-08T13:50:03,200.0,26.3,S
2021-06-08T13:49:15,1700.0,26.35,S
2021-06-08T13:47:32,1800.0,26.3,S
2021-06-08T13:47:32,2500.0,26.3,S
2021-06-08T13:47:32,600.0,26.3,S
2021-06-08T13:47:32,100.0,26.3,S
2021-06-08T13:45:32,300.0,26.3,S
2021-06-08T13:45:22,4500.0,26.35,S
2021-06-08T13:45:12,500.0,26.35,S
2021-06-08T13:43:14,300.0,26.35,S
2021-06-08T13:42:47,300.0,26.35,S
2021-06-08T13:42:30,1000.0,26.35,S
2021-06-08T13:41:51,5000.0,26.35,S
2021-06-08T13:41:45,4000.0,26.35,S
2021-06-08T13:39:17,300.0,26.35,S
2021-06-08T13:37:04,5000.0,26.35,S
2021-06-08T13:34:53,500.0,26.35,S
2021-06-08T13:33:49,300.0,26.35,S
2021-06-08T13:31:39,3000.0,26.4,S
2021-06-08T13:31:38,100.0,26.4,S
2021-06-08T13:29:47,400.0,26.35,S
2021-06-08T13:28:49,100.0,26.4,S
2021-06-08T13:28:49,21600.0,26.4,S
2021-06-08T13:27:33,500.0,26.4,S
2021-06-08T13:27:00,1400.0,26.4,S
2021-06-08T13:24:44,7000.0,26.4,S
2021-06-08T13:24:03,300.0,26.4,S
2021-06-08T13:23:20,900.0,26.4,S
2021-06-08T13:23:19,4100.0,26.4,S
2021-06-08T13:23:19,900.0,26.4,S
2021-06-08T13:23:19,700.0,26.4,S
2021-06-08T13:23:19,1500.0,26.4,S
2021-06-08T13:23:19,16100.0,26.4,S
2021-06-08T13:23:01,5000.0,26.45,B
2021-06-08T13:18:50,2000.0,26.4,S
2021-06-08T13:15:05,1400.0,26.45,S
2021-06-08T13:14:20,300.0,26.5,B
2021-06-08T13:13:23,100.0,26.45,S
2021-06-08T13:12:58,9900.0,26.45,S
2021-06-08T13:10:37,100.0,26.45,S
2021-06-08T13:09:49,1500.0,26.5,S
2021-06-08T13:09:49,100.0,26.5,S
2021-06-08T13:09:49,300.0,26.5,S
2021-06-08T13:09:48,1300.0,26.5,S
2021-06-08T13:09:10,100.0,26.5,S
2021-06-08T13:09:07,3700.0,26.5,S
2021-06-08T13:09:07,500.0,26.5,S
2021-06-08T13:09:06,5800.0,26.5,S
2021-06-08T13:08:26,5000.0,26.5,S
2021-06-08T13:08:25,1500.0,26.5,S
2021-06-08T13:07:34,1000.0,26.5,S
2021-06-08T13:05:49,200.0,26.6,B
2021-06-08T13:05:07,1000.0,26.5,S
2021-06-08T13:00:14,100.0,26.6,B
2021-06-08T11:32:32,1000.0,26.5,S
2021-06-08T11:31:36,500.0,26.5,S
2021-06-08T11:30:16,500.0,26.5,S
2021-06-08T11:29:38,100.0,26.5,S
2021-06-08T11:29:27,100.0,26.6,S
2021-06-08T11:29:21,900.0,26.5,S
2021-06-08T11:25:05,2500.0,26.6,S
2021-06-08T11:23:31,700.0,26.6,B
2021-06-08T11:22:47,1800.0,26.5,S
2021-06-08T11:22:47,500.0,26.5,S
2021-06-08T11:22:47,2300.0,26.5,S
2021-06-08T11:22:47,1000.0,26.5,S
2021-06-08T11:22:47,4400.0,26.5,S
2021-06-08T11:22:20,100.0,26.6,B
2021-06-08T11:21:31,500.0,26.6,B
2021-06-08T11:20:30,500.0,26.6,B
2021-06-08T11:19:15,5000.0,26.6,B
2021-06-08T11:18:14,100.0,26.6,B
2021-06-08T11:16:03,3100.0,26.6,B
2021-06-08T11:14:03,100.0,26.6,B
2021-06-08T11:13:35,600.0,26.5,S
2021-06-08T11:12:19,100.0,26.6,B
2021-06-08T11:11:00,2000.0,26.5,S
2021-06-08T11:10:55,100.0,26.6,S
2021-06-08T11:10:54,400.0,26.6,S
2021-06-08T11:10:54,700.0,26.6,S
2021-06-08T11:10:54,200.0,26.6,S
2021-06-08T11:10:54,8500.0,26.6,S
2021-06-08T11:10:54,1000.0,26.6,S
2021-06-08T11:10:54,2100.0,26.6,S
2021-06-08T11:10:54,100.0,26.65,S
2021-06-08T11:10:54,12000.0,26.65,S
2021-06-08T11:10:48,3700.0,26.7,S
2021-06-08T11:09:19,300.0,26.75,B
2021-06-08T11:06:07,1500.0,26.7,S
2021-06-08T11:06:07,200.0,26.7,S
2021-06-08T11:06:07,1100.0,26.7,S
2021-06-08T11:06:07,5000.0,26.7,S
2021-06-08T11:06:07,2200.0,26.7,S
2021-06-08T11:05:37,300.0,26.7,S
2021-06-08T11:02:39,100.0,26.7,S
2021-06-08T11:02:39,900.0,26.7,S
2021-06-08T11:02:36,300.0,26.7,S
2021-06-08T11:02:36,1000.0,26.7,S
2021-06-08T10:59:30,1300.0,26.75,S
2021-06-08T10:59:18,300.0,26.75,S
2021-06-08T10:57:17,500.0,26.75,S
2021-06-08T10:56:33,2800.0,26.75,S
2021-06-08T10:55:23,10000.0,26.75,S
2021-06-08T10:55:22,500.0,26.75,S
2021-06-08T10:55:15,1000.0,26.75,S
2021-06-08T10:52:44,500.0,26.75,S
2021-06-08T10:50:52,500.0,26.75,S
2021-06-08T10:50:04,400.0,26.75,S
2021-06-08T10:49:28,200.0,26.8,B
2021-06-08T10:48:56,100.0,26.8,B
2021-06-08T10:47:01,400.0,26.8,B
2021-06-08T10:45:43,4000.0,26.8,S
2021-06-08T10:45:33,200.0,26.85,B
2021-06-08T10:44:43,1000.0,26.8,S
2021-06-08T10:44:43,500.0,26.8,S
2021-06-08T10:44:43,6700.0,26.8,S
2021-06-08T10:39:18,100.0,26.8,S
2021-06-08T10:38:41,1000.0,26.8,S
2021-06-08T10:37:20,100.0,26.8,S
2021-06-08T10:36:08,4100.0,26.8,S
2021-06-08T10:34:26,100.0,26.85,B
2021-06-08T10:33:50,4000.0,26.8,S
2021-06-08T10:33:38,500.0,26.85,B
2021-06-08T10:33:36,100.0,26.8,S
2021-06-08T10:33:27,5000.0,26.8,S
2021-06-08T10:33:10,2600.0,26.8,S
2021-06-08T10:31:45,400.0,26.8,S
2021-06-08T10:31:43,3000.0,26.8,S
2021-06-08T10:30:32,100.0,26.85,B
2021-06-08T10:28:09,1000.0,26.8,S
2021-06-08T10:27:01,1000.0,26.8,S
2021-06-08T10:26:59,400.0,26.8,S
2021-06-08T10:26:37,1000.0,26.85,B
2021-06-08T10:25:43,100.0,26.85,B
2021-06-08T10:25:31,200.0,26.85,B
2021-06-08T10:24:28,3000.0,26.8,S
2021-06-08T10:22:30,300.0,26.85,S
2021-06-08T10:22:18,700.0,26.8,S
2021-06-08T10:22:18,1000.0,26.8,S
2021-06-08T10:22:18,3300.0,26.8,S
2021-06-08T10:19:34,2000.0,26.9,S
2021-06-08T10:19:28,200.0,26.9,S
2021-06-08T10:19:24,2000.0,26.95,B
2021-06-08T10:19:11,500.0,26.95,B
2021-06-08T10:17:37,4000.0,26.9,S
2021-06-08T10:11:44,2000.0,26.95,B
2021-06-08T10:08:47,2000.0,27.0,B
2021-06-08T10:08:17,2000.0,26.9,B
2021-06-08T10:07:16,200.0,26.9,B
2021-06-08T10:06:51,100.0,26.9,S
2021-06-08T10:05:32,1000.0,26.9,S
2021-06-08T10:04:31,100.0,26.9,S
2021-06-08T10:04:31,100.0,26.9,S
2021-06-08T10:04:06,100.0,27.0,B
2021-06-08T10:03:46,10000.0,27.0,B
2021-06-08T10:03:39,2000.0,27.0,B
2021-06-08T10:03:24,1800.0,27.0,B
2021-06-08T10:03:24,200.0,27.0,B
2021-06-08T10:02:10,200.0,27.0,B
2021-06-08T10:00:20,500.0,27.0,B
2021-06-08T09:58:41,1000.0,27.0,B
2021-06-08T09:57:14,900.0,27.0,S
2021-06-08T09:57:14,1000.0,27.0,S
2021-06-08T09:57:13,900.0,27.0,S
2021-06-08T09:56:24,5000.0,27.0,S
2021-06-08T09:56:10,500.0,27.0,S
2021-06-08T09:55:58,1000.0,26.8,S
2021-06-08T09:54:34,10000.0,27.0,S
2021-06-08T09:53:55,1000.0,27.0,S
2021-06-08T09:53:27,1000.0,27.0,S
2021-06-08T09:53:14,100.0,27.0,S
2021-06-08T09:53:03,1500.0,26.8,S
2021-06-08T09:52:51,1400.0,26.8,S
2021-06-08T09:52:51,100.0,27.0,S
2021-06-08T09:52:09,500.0,27.0,S
2021-06-08T09:51:40,1000.0,27.0,S
2021-06-08T09:51:32,1000.0,27.0,S
2021-06-08T09:51:05,300.0,27.0,S
2021-06-08T09:51:00,1000.0,27.0,S
2021-06-08T09:50:55,200.0,27.0,S
2021-06-08T09:50:06,2800.0,27.0,S
2021-06-08T09:49:18,300.0,27.0,B
2021-06-08T09:48:44,500.0,27.0,B
2021-06-08T09:45:28,1400.0,27.0,B
2021-06-08T09:43:14,800.0,26.8,B
2021-06-08T09:42:05,5000.0,26.8,B
2021-06-08T09:41:36,2200.0,26.8,B
2021-06-08T09:41:36,1900.0,26.8,B
2021-06-08T09:41:36,900.0,26.75,B
2021-06-08T09:39:03,1000.0,26.75,B
2021-06-08T09:34:49,400.0,26.7,S
2021-06-08T09:33:32,500.0,26.7,S
2021-06-08T09:32:06,1000.0,26.75,B
2021-06-08T09:32:06,100.0,26.75,B
2021-06-08T09:31:06,200.0,26.75,B
2021-06-08T09:30:41,200.0,26.75,B
2021-06-08T09:30:35,1300.0,26.75,B
2021-06-08T09:29:33,200.0,26.75,B
2021-06-08T09:27:55,300.0,26.75,B
2021-06-08T09:27:34,1500.0,26.75,B
2021-06-08T09:23:35,600.0,26.7,S
2021-06-08T09:21:55,800.0,26.7,S
2021-06-08T09:21:45,100.0,26.6,S
2021-06-08T09:21:06,200.0,26.6,S
2021-06-08T09:20:26,500.0,26.7,S
2021-06-08T09:20:12,700.0,26.6,S
2021-06-08T09:17:58,500.0,26.6,B
2021-06-08T09:16:53,100.0,26.5,S
2021-06-08T09:16:05,1000.0,26.6,B
2021-06-08T09:15:40,400.0,26.6,S
