tradingTime,volume,price,side
2021-06-08T14:28:04,5000.0,16.9,S
2021-06-08T14:27:39,100.0,16.9,S
2021-06-08T14:27:08,500.0,16.9,S
2021-06-08T14:26:57,300.0,16.9,S
2021-06-08T14:26:46,2000.0,16.9,S
2021-06-08T14:26:09,2200.0,17.0,S
2021-06-08T14:26:01,300.0,17.0,S
2021-06-08T14:25:45,500.0,17.0,B
2021-06-08T14:25:38,2500.0,17.0,B
2021-06-08T14:24:58,400.0,17.0,B
2021-06-08T14:23:26,300.0,17.0,B
2021-06-08T14:22:22,1700.0,17.0,B
2021-06-08T14:21:57,1000.0,17.0,S
2021-06-08T14:20:51,1000.0,17.0,S
2021-06-08T14:19:35,600.0,17.0,S
2021-06-08T14:19:10,700.0,17.0,S
2021-06-08T14:18:43,1800.0,17.0,S
2021-06-08T14:18:41,2000.0,17.0,S
2021-06-08T14:18:19,200.0,17.0,S
2021-06-08T14:16:34,500.0,17.0,S
2021-06-08T14:15:52,4900.0,17.0,S
2021-06-08T14:14:46,500.0,17.0,S
2021-06-08T14:13:59,1000.0,17.2,B
2021-06-08T14:13:44,600.0,17.1,B
2021-06-08T14:13:27,400.0,17.1,S
2021-06-08T14:12:35,500.0,17.1,S
2021-06-08T14:09:58,1000.0,17.1,S
2021-06-08T14:04:20,200.0,17.2,B
2021-06-08T13:59:59,100.0,17.2,B
2021-06-08T13:57:30,100.0,17.2,B
2021-06-08T13:55:15,100.0,17.2,B
2021-06-08T13:53:46,700.0,17.2,B
2021-06-08T13:52:58,100.0,17.2,B
2021-06-08T13:51:03,2000.0,17.0,S
2021-06-08T13:49:28,300.0,17.0,S
2021-06-08T13:49:00,1000.0,17.0,S
2021-06-08T13:48:34,2600.0,17.0,S
2021-06-08T13:48:01,2000.0,17.0,S
2021-06-08T13:47:02,1000.0,17.1,B
2021-06-08T13:46:26,1400.0,17.1,S
2021-06-08T13:45:03,1600.0,17.1,B
2021-06-08T13:42:59,11000.0,17.1,S
2021-06-08T13:42:34,200.0,17.0,S
2021-06-08T13:42:29,2000.0,17.0,S
2021-06-08T13:41:02,10000.0,17.1,B
2021-06-08T13:40:09,1000.0,17.0,S
2021-06-08T13:39:44,100.0,17.0,S
2021-06-08T13:39:12,100.0,17.1,B
2021-06-08T13:38:41,300.0,17.1,B
2021-06-08T13:38:27,1000.0,17.0,S
2021-06-08T13:37:50,800.0,17.0,S
2021-06-08T13:36:22,1000.0,17.0,S
2021-06-08T13:34:59,500.0,17.0,S
2021-06-08T13:34:56,500.0,17.0,S
2021-06-08T13:34:50,1000.0,17.0,S
2021-06-08T13:34:30,4900.0,17.0,S
2021-06-08T13:32:17,6200.0,17.1,S
2021-06-08T13:32:12,6900.0,17.1,S
2021-06-08T13:31:59,600.0,17.1,S
2021-06-08T13:31:11,1000.0,17.1,S
2021-06-08T13:30:59,500.0,17.1,S
2021-06-08T13:30:51,300.0,17.1,S
2021-06-08T13:26:48,2500.0,17.1,B
2021-06-08T13:26:21,1000.0,17.1,B
2021-06-08T13:25:38,300.0,17.1,B
2021-06-08T13:24:08,1000.0,17.0,S
2021-06-08T13:23:31,1000.0,17.0,S
2021-06-08T13:20:09,800.0,17.1,S
2021-06-08T13:19:38,1000.0,17.1,S
2021-06-08T13:19:15,500.0,17.1,S
2021-06-08T13:19:01,2000.0,17.1,S
2021-06-08T13:18:57,100.0,17.1,S
2021-06-08T13:18:22,300.0,17.1,S
2021-06-08T13:18:02,500.0,17.1,S
2021-06-08T13:15:37,2000.0,17.3,B
2021-06-08T13:15:28,100.0,17.3,B
2021-06-08T13:15:21,7000.0,17.0,S
2021-06-08T13:10:25,8300.0,17.3,B
2021-06-08T13:09:59,100.0,17.3,S
2021-06-08T13:09:42,2600.0,17.3,B
2021-06-08T13:09:37,100.0,17.2,S
2021-06-08T13:08:38,5000.0,17.2,S
2021-06-08T13:08:28,5000.0,17.3,S
2021-06-08T13:07:37,100.0,17.3,S
2021-06-08T13:07:08,2900.0,17.3,S
2021-06-08T13:06:50,4000.0,17.3,S
2021-06-08T13:06:07,500.0,17.3,S
2021-06-08T13:05:52,1000.0,17.4,S
2021-06-08T13:05:46,500.0,17.4,S
2021-06-08T13:05:44,200.0,17.4,S
2021-06-08T13:05:27,300.0,17.4,B
2021-06-08T13:04:54,3700.0,17.4,B
2021-06-08T13:04:42,10000.0,17.5,B
2021-06-08T13:02:20,200.0,17.5,B
2021-06-08T13:00:26,200.0,17.5,B
2021-06-08T13:00:17,100.0,17.5,B
2021-06-08T11:28:59,1000.0,17.5,B
2021-06-08T11:28:48,100.0,17.5,B
2021-06-08T11:28:28,700.0,17.5,B
2021-06-08T11:26:19,500.0,17.5,S
2021-06-08T11:23:42,4600.0,17.6,S
2021-06-08T11:19:26,300.0,17.7,B
2021-06-08T11:16:41,100.0,17.6,S
2021-06-08T11:16:33,500.0,17.7,B
2021-06-08T11:16:01,900.0,17.6,B
2021-06-08T11:13:25,200.0,17.5,B
2021-06-08T11:12:38,200.0,17.5,B
2021-06-08T11:11:21,500.0,17.4,S
2021-06-08T11:09:42,500.0,17.5,B
2021-06-08T11:08:57,500.0,17.4,S
2021-06-08T11:08:52,100.0,17.5,B
2021-06-08T11:08:10,5900.0,17.4,S
2021-06-08T11:07:16,5400.0,17.5,S
2021-06-08T11:06:19,5000.0,17.5,S
2021-06-08T11:05:28,200.0,17.6,B
2021-06-08T11:05:21,3200.0,17.5,S
2021-06-08T11:04:46,200.0,17.5,S
2021-06-08T11:04:00,300.0,17.6,B
2021-06-08T11:03:02,1000.0,17.6,B
2021-06-08T11:01:56,500.0,17.6,B
2021-06-08T11:01:39,1000.0,17.6,B
2021-06-08T11:00:46,100.0,17.7,B
2021-06-08T11:00:39,1400.0,17.6,S
2021-06-08T10:59:45,900.0,17.6,B
2021-06-08T10:59:11,1100.0,17.6,S
2021-06-08T10:58:32,500.0,17.6,S
2021-06-08T10:58:03,1000.0,17.6,S
2021-06-08T10:56:51,100.0,17.6,S
2021-06-08T10:55:28,100.0,17.5,S
2021-06-08T10:53:48,1900.0,17.5,S
2021-06-08T10:51:21,5000.0,17.5,S
2021-06-08T10:50:53,400.0,17.5,S
2021-06-08T10:50:26,1800.0,17.6,S
2021-06-08T10:49:24,200.0,17.6,S
2021-06-08T10:48:46,100.0,17.6,S
2021-06-08T10:47:59,6000.0,17.6,S
2021-06-08T10:47:28,5000.0,17.6,S
2021-06-08T10:46:56,400.0,17.7,S
2021-06-08T10:46:53,200.0,17.7,S
2021-06-08T10:46:38,3000.0,17.7,S
2021-06-08T10:46:37,1100.0,17.7,S
2021-06-08T10:46:24,400.0,17.7,S
2021-06-08T10:45:41,500.0,17.7,S
2021-06-08T10:45:25,3000.0,17.7,S
2021-06-08T10:44:20,100.0,17.8,B
2021-06-08T10:43:11,500.0,17.8,B
2021-06-08T10:40:58,3700.0,17.8,S
2021-06-08T10:40:43,1000.0,17.8,S
2021-06-08T10:39:24,500.0,17.8,S
2021-06-08T10:34:37,300.0,17.8,S
2021-06-08T10:34:02,100.0,17.8,S
2021-06-08T10:32:42,1100.0,17.8,S
2021-06-08T10:32:38,1000.0,17.8,S
2021-06-08T10:32:32,100.0,17.8,S
2021-06-08T10:30:40,3000.0,17.8,S
2021-06-08T10:30:22,2000.0,17.8,S
2021-06-08T10:30:10,900.0,17.8,S
2021-06-08T10:30:04,1000.0,17.8,S
2021-06-08T10:29:52,500.0,17.8,S
2021-06-08T10:29:22,3000.0,17.8,S
2021-06-08T10:26:00,500.0,17.9,B
2021-06-08T10:25:50,700.0,17.8,S
2021-06-08T10:24:27,100.0,17.8,S
2021-06-08T10:24:18,1000.0,17.8,S
2021-06-08T10:23:47,200.0,17.8,S
2021-06-08T10:21:23,100.0,17.8,S
2021-06-08T10:20:04,100.0,17.8,S
2021-06-08T10:19:42,100.0,17.8,S
2021-06-08T10:18:49,100.0,17.8,S
2021-06-08T10:14:15,100.0,17.9,B
2021-06-08T10:13:27,100.0,17.9,B
2021-06-08T10:12:37,1000.0,17.9,B
2021-06-08T10:12:23,1500.0,17.8,S
2021-06-08T10:09:49,500.0,17.9,S
2021-06-08T10:07:39,200.0,17.9,S
2021-06-08T10:06:57,300.0,17.9,B
2021-06-08T10:05:41,200.0,17.9,B
2021-06-08T10:05:17,1000.0,17.9,B
2021-06-08T10:05:01,8000.0,17.9,B
2021-06-08T10:04:17,500.0,17.8,S
2021-06-08T10:03:24,2300.0,17.8,S
2021-06-08T10:03:21,500.0,17.8,S
2021-06-08T10:03:05,1000.0,17.9,B
2021-06-08T10:02:49,1000.0,17.9,B
2021-06-08T10:02:20,1000.0,17.9,B
2021-06-08T10:01:21,100.0,17.9,B
2021-06-08T10:00:53,500.0,17.9,B
2021-06-08T09:59:57,100.0,17.9,B
2021-06-08T09:57:31,1100.0,17.9,B
2021-06-08T09:55:44,200.0,18.0,B
2021-06-08T09:55:27,300.0,17.8,S
2021-06-08T09:55:03,1200.0,17.8,S
2021-06-08T09:55:01,500.0,18.0,B
2021-06-08T09:54:55,10000.0,17.8,S
2021-06-08T09:54:46,1300.0,17.9,B
2021-06-08T09:54:11,1800.0,17.9,B
2021-06-08T09:53:15,900.0,17.9,B
2021-06-08T09:52:40,100.0,17.9,B
2021-06-08T09:52:21,3000.0,17.9,B
2021-06-08T09:51:26,500.0,17.9,B
2021-06-08T09:51:05,4400.0,17.9,S
2021-06-08T09:46:36,800.0,17.9,B
2021-06-08T09:46:25,200.0,17.9,B
2021-06-08T09:46:15,4500.0,17.9,B
2021-06-08T09:46:03,500.0,17.9,B
2021-06-08T09:45:59,5000.0,17.9,B
2021-06-08T09:45:39,500.0,17.9,B
2021-06-08T09:45:31,100.0,17.9,B
2021-06-08T09:44:59,500.0,17.9,B
2021-06-08T09:44:35,2000.0,17.9,B
2021-06-08T09:43:48,2000.0,17.9,S
2021-06-08T09:42:16,100.0,18.0,B
2021-06-08T09:38:21,100.0,17.8,S
2021-06-08T09:36:06,200.0,17.8,S
2021-06-08T09:35:41,100.0,17.8,B
2021-06-08T09:34:30,1600.0,17.8,S
2021-06-08T09:32:58,2000.0,17.8,S
2021-06-08T09:30:36,4200.0,18.0,B
2021-06-08T09:30:27,500.0,18.0,B
2021-06-08T09:27:30,2000.0,18.0,B
2021-06-08T09:26:37,1000.0,17.8,S
2021-06-08T09:25:54,100.0,17.8,S
2021-06-08T09:22:49,200.0,17.8,S
2021-06-08T09:22:03,200.0,17.8,S
2021-06-08T09:21:33,700.0,17.8,S
2021-06-08T09:20:41,1000.0,17.8,S
2021-06-08T09:19:50,500.0,17.8,S
2021-06-08T09:19:45,200.0,17.9,B
2021-06-08T09:19:04,700.0,17.8,B
2021-06-08T09:18:03,300.0,17.9,S
2021-06-08T09:17:46,700.0,17.9,S
2021-06-08T09:17:28,700.0,17.9,S
2021-06-08T09:17:08,200.0,18.0,B
2021-06-08T09:17:00,1200.0,17.9,S
2021-06-08T09:16:26,100.0,18.0,B
2021-06-08T09:15:20,300.0,18.0,B
2021-06-08T09:14:59,2000.0,18.0,B
2021-06-08T09:14:55,1400.0,18.0,S
2021-06-08T09:14:02,200.0,18.0,S
2021-06-08T09:12:24,200.0,18.0,S
2021-06-08T09:12:16,100.0,17.9,S
2021-06-08T09:12:06,100.0,18.0,S
2021-06-08T09:11:50,100.0,18.3,B
2021-06-08T09:11:50,300.0,18.0,S
2021-06-08T09:11:14,200.0,18.0,B
2021-06-08T09:11:09,1000.0,18.0,B
2021-06-08T09:11:09,500.0,18.0,B
2021-06-08T09:10:56,100.0,18.0,B
2021-06-08T09:10:21,1000.0,18.0,B
2021-06-08T09:09:39,500.0,18.0,B
2021-06-08T09:08:33,100.0,18.0,B
2021-06-08T09:08:33,500.0,17.9,S
2021-06-08T09:08:32,500.0,17.9,S
2021-06-08T09:07:55,100.0,17.7,S
2021-06-08T09:06:48,100.0,17.7,B
2021-06-08T09:06:42,500.0,17.7,B
2021-06-08T09:06:07,400.0,17.7,S
2021-06-08T09:05:08,800.0,17.6,S
2021-06-08T09:04:18,100.0,17.6,S
2021-06-08T09:04:16,200.0,17.6,S
2021-06-08T09:03:40,1200.0,17.6,S
2021-06-08T09:02:30,100.0,18.3,B
2021-06-08T09:02:16,100.0,18.3,S
2021-06-08T09:00:32,1000.0,18.5,B
2021-06-08T09:00:24,100.0,18.5,S
2021-06-08T09:00:16,100.0,18.6,B
2021-06-08T09:00:12,1600.0,18.6,S
2021-06-08T09:00:05,300.0,18.9,S
