tradingTime,volume,price,side
2021-06-08T14:29:41,100.0,15.9,S
2021-06-08T14:28:58,100.0,15.9,S
2021-06-08T14:28:35,5600.0,16.0,S
2021-06-08T14:25:18,5000.0,15.8,S
2021-06-08T14:25:10,10000.0,16.05,S
2021-06-08T14:25:06,100.0,15.95,S
2021-06-08T14:24:55,4000.0,16.0,S
2021-06-08T14:23:53,14200.0,15.8,S
2021-06-08T14:23:53,1000.0,15.8,S
2021-06-08T14:23:53,34800.0,15.8,S
2021-06-08T14:23:47,10000.0,16.0,S
2021-06-08T14:23:21,10000.0,16.0,S
2021-06-08T14:22:58,5000.0,16.0,S
2021-06-08T14:22:43,4100.0,16.0,S
2021-06-08T14:22:15,100.0,16.0,S
2021-06-08T14:21:31,21000.0,16.0,B
2021-06-08T14:21:18,5000.0,16.0,B
2021-06-08T14:20:36,7000.0,15.8,S
2021-06-08T14:20:36,6000.0,15.8,S
2021-06-08T14:20:36,1000.0,15.8,S
2021-06-08T14:20:36,1300.0,15.8,S
2021-06-08T14:20:36,10500.0,15.8,S
2021-06-08T14:20:36,5200.0,15.8,S
2021-06-08T14:20:36,1800.0,15.85,S
2021-06-08T14:20:36,17200.0,15.85,S
2021-06-08T14:19:58,3000.0,16.05,B
2021-06-08T14:19:57,4600.0,16.05,B
2021-06-08T14:19:46,16000.0,16.05,B
2021-06-08T14:19:45,1000.0,16.0,B
2021-06-08T14:19:08,16000.0,16.0,B
2021-06-08T14:19:08,18300.0,16.0,B
2021-06-08T14:19:08,3800.0,16.0,B
2021-06-08T14:19:08,3700.0,16.0,B
2021-06-08T14:19:08,1100.0,15.95,S
2021-06-08T14:17:04,7000.0,16.0,B
2021-06-08T14:16:56,12000.0,16.0,B
2021-06-08T14:16:55,1000.0,15.9,S
2021-06-08T14:15:18,1000.0,16.0,B
2021-06-08T14:14:14,100.0,15.8,S
2021-06-08T14:14:12,5000.0,15.8,S
2021-06-08T14:13:42,300.0,16.0,B
2021-06-08T14:12:46,4500.0,15.8,S
2021-06-08T14:12:45,200.0,15.8,S
2021-06-08T14:12:41,2600.0,15.8,S
2021-06-08T14:12:41,7000.0,15.8,S
2021-06-08T14:12:41,10400.0,15.8,S
2021-06-08T14:12:33,300.0,15.9,B
2021-06-08T14:12:15,1300.0,16.0,B
2021-06-08T14:11:47,100.0,16.0,B
2021-06-08T14:11:43,20000.0,15.8,S
2021-06-08T14:11:34,10000.0,15.8,S
2021-06-08T14:11:32,30000.0,15.8,S
2021-06-08T14:10:16,3500.0,16.0,B
2021-06-08T14:09:55,600.0,15.85,S
2021-06-08T14:09:55,3400.0,15.85,S
2021-06-08T14:08:41,3000.0,15.9,B
2021-06-08T14:08:17,7000.0,16.0,B
2021-06-08T14:07:54,500.0,15.9,B
2021-06-08T14:07:51,500.0,15.9,B
2021-06-08T14:07:34,300.0,15.85,S
2021-06-08T14:07:03,500.0,15.9,B
2021-06-08T14:06:54,600.0,16.0,B
2021-06-08T14:06:51,200.0,15.9,B
2021-06-08T14:06:34,200.0,15.9,B
2021-06-08T14:06:29,300.0,15.9,B
2021-06-08T14:06:20,300.0,15.9,B
2021-06-08T14:06:10,4700.0,15.9,B
2021-06-08T14:05:36,300.0,15.9,B
2021-06-08T14:05:29,200.0,15.85,S
2021-06-08T14:05:28,200.0,15.9,S
2021-06-08T14:04:54,2700.0,16.0,B
2021-06-08T14:04:23,200.0,16.0,B
2021-06-08T14:04:19,5000.0,16.0,B
2021-06-08T14:04:18,4000.0,15.85,S
2021-06-08T14:04:07,3700.0,16.0,B
2021-06-08T14:03:36,100.0,15.85,S
2021-06-08T14:03:35,100.0,15.9,S
2021-06-08T14:03:32,100.0,15.9,S
2021-06-08T14:03:17,500.0,15.9,S
2021-06-08T14:03:01,7100.0,15.9,S
2021-06-08T14:02:49,100.0,15.9,S
2021-06-08T14:02:45,400.0,16.0,B
2021-06-08T14:02:26,200.0,15.9,S
2021-06-08T14:02:15,100.0,16.0,B
2021-06-08T14:02:14,5000.0,15.9,S
2021-06-08T14:01:37,100.0,16.0,B
2021-06-08T14:01:32,20000.0,16.0,B
2021-06-08T14:01:16,2500.0,15.9,S
2021-06-08T14:01:11,18000.0,15.9,S
2021-06-08T14:01:08,100.0,15.9,S
2021-06-08T14:01:06,5000.0,15.9,S
2021-06-08T14:00:29,10000.0,15.8,S
2021-06-08T14:00:25,2000.0,15.9,S
2021-06-08T14:00:17,500.0,15.9,S
2021-06-08T14:00:05,100.0,15.9,S
2021-06-08T13:59:45,700.0,15.9,S
2021-06-08T13:59:36,100.0,15.9,S
2021-06-08T13:59:34,500.0,16.0,B
2021-06-08T13:59:31,100.0,16.0,B
2021-06-08T13:59:02,400.0,15.8,S
2021-06-08T13:58:56,200.0,15.9,S
2021-06-08T13:58:42,1000.0,16.0,B
2021-06-08T13:58:31,900.0,16.0,B
2021-06-08T13:58:25,1000.0,15.8,S
2021-06-08T13:57:53,10000.0,16.0,S
2021-06-08T13:57:53,1000.0,15.8,S
2021-06-08T13:57:50,10000.0,15.8,S
2021-06-08T13:57:38,500.0,15.9,S
2021-06-08T13:57:06,10000.0,15.9,S
2021-06-08T13:56:37,500.0,15.9,S
2021-06-08T13:56:35,500.0,15.9,S
2021-06-08T13:56:32,600.0,15.9,S
2021-06-08T13:56:31,1000.0,15.9,S
2021-06-08T13:56:26,100.0,15.9,S
2021-06-08T13:56:10,500.0,15.9,S
2021-06-08T13:55:56,200.0,15.9,S
2021-06-08T13:55:49,1000.0,15.9,S
2021-06-08T13:55:45,100.0,15.9,S
2021-06-08T13:55:32,500.0,15.9,S
2021-06-08T13:55:24,1000.0,15.9,S
2021-06-08T13:55:09,3000.0,15.9,S
2021-06-08T13:55:04,700.0,15.9,S
2021-06-08T13:54:47,100.0,15.9,S
2021-06-08T13:54:23,1000.0,15.9,S
2021-06-08T13:54:15,3000.0,15.9,S
2021-06-08T13:54:12,200.0,15.8,S
2021-06-08T13:54:07,700.0,15.9,S
2021-06-08T13:54:02,100.0,15.9,S
2021-06-08T13:53:55,10000.0,15.9,S
2021-06-08T13:53:46,16000.0,15.9,S
2021-06-08T13:53:34,400.0,16.0,S
2021-06-08T13:53:34,1300.0,16.0,S
2021-06-08T13:53:33,2700.0,16.0,S
2021-06-08T13:53:17,100.0,16.0,S
2021-06-08T13:53:06,100.0,16.0,S
2021-06-08T13:52:35,100.0,16.0,S
2021-06-08T13:52:23,1600.0,16.0,S
2021-06-08T13:52:23,100.0,16.0,S
2021-06-08T13:52:23,1000.0,16.0,S
2021-06-08T13:52:23,15700.0,16.0,S
2021-06-08T13:52:22,1500.0,16.0,S
2021-06-08T13:52:22,6200.0,16.0,S
2021-06-08T13:52:22,200.0,16.0,S
2021-06-08T13:52:22,2200.0,16.0,S
2021-06-08T13:52:22,3500.0,16.0,S
2021-06-08T13:52:16,100.0,16.05,S
2021-06-08T13:51:52,5000.0,16.1,B
2021-06-08T13:51:35,500.0,16.1,B
2021-06-08T13:51:05,5000.0,16.0,S
2021-06-08T13:50:52,1000.0,16.1,B
2021-06-08T13:50:48,5800.0,16.0,S
2021-06-08T13:50:06,500.0,16.1,S
2021-06-08T13:50:02,2800.0,16.05,S
2021-06-08T13:49:48,5000.0,16.05,S
2021-06-08T13:49:48,100.0,16.05,S
2021-06-08T13:49:31,20000.0,16.05,S
2021-06-08T13:49:03,100.0,16.05,S
2021-06-08T13:48:53,2000.0,16.1,S
2021-06-08T13:48:50,100.0,16.1,S
2021-06-08T13:48:25,100.0,16.1,S
2021-06-08T13:48:16,300.0,16.1,S
2021-06-08T13:47:30,1000.0,16.1,S
2021-06-08T13:47:30,6500.0,16.1,S
2021-06-08T13:47:30,10000.0,16.1,S
2021-06-08T13:47:30,700.0,16.1,S
2021-06-08T13:47:30,5000.0,16.1,S
2021-06-08T13:47:29,1000.0,16.1,S
2021-06-08T13:47:13,6000.0,16.15,S
2021-06-08T13:47:11,200.0,16.15,S
2021-06-08T13:47:07,600.0,16.15,S
2021-06-08T13:46:52,100.0,16.15,S
2021-06-08T13:46:47,700.0,16.15,S
2021-06-08T13:46:39,100.0,16.15,S
2021-06-08T13:45:56,500.0,16.15,S
2021-06-08T13:45:11,500.0,16.15,S
2021-06-08T13:44:54,500.0,16.15,S
2021-06-08T13:44:40,3300.0,16.15,S
2021-06-08T13:44:40,200.0,16.15,S
2021-06-08T13:44:40,300.0,16.2,B
2021-06-08T13:44:31,1500.0,16.25,B
2021-06-08T13:44:31,1100.0,16.25,B
2021-06-08T13:43:48,1000.0,16.2,B
2021-06-08T13:43:39,200.0,16.2,B
2021-06-08T13:42:49,1000.0,16.2,B
2021-06-08T13:42:14,2000.0,16.15,S
2021-06-08T13:42:08,1000.0,16.2,S
2021-06-08T13:41:46,200.0,16.25,S
2021-06-08T13:41:40,100.0,16.25,S
2021-06-08T13:41:32,100.0,16.25,S
2021-06-08T13:41:31,100.0,16.2,S
2021-06-08T13:41:31,100.0,16.2,S
2021-06-08T13:41:16,100.0,16.15,S
2021-06-08T13:41:09,100.0,16.2,S
2021-06-08T13:41:00,100.0,16.2,S
2021-06-08T13:40:54,500.0,16.2,S
2021-06-08T13:40:53,300.0,16.15,S
2021-06-08T13:40:52,100.0,16.2,S
2021-06-08T13:40:45,200.0,16.2,S
2021-06-08T13:40:15,500.0,16.15,S
2021-06-08T13:40:02,15000.0,16.3,B
2021-06-08T13:39:19,10000.0,16.2,S
2021-06-08T13:38:55,9100.0,16.2,S
2021-06-08T13:38:49,1000.0,16.2,S
2021-06-08T13:38:44,1800.0,16.3,B
2021-06-08T13:36:35,5000.0,16.3,B
2021-06-08T13:34:21,5000.0,16.15,S
2021-06-08T13:34:16,2200.0,16.15,S
2021-06-08T13:34:15,100.0,16.15,S
2021-06-08T13:34:15,2700.0,16.2,S
2021-06-08T13:33:43,1100.0,16.3,S
2021-06-08T13:33:43,1500.0,16.3,S
2021-06-08T13:33:43,400.0,16.25,S
2021-06-08T13:33:01,2400.0,16.2,S
2021-06-08T13:33:01,1600.0,16.2,S
2021-06-08T13:33:01,10700.0,16.2,S
2021-06-08T13:33:01,1200.0,16.2,S
2021-06-08T13:33:01,14100.0,16.2,S
2021-06-08T13:32:55,6900.0,16.2,S
2021-06-08T13:32:46,100.0,16.25,S
2021-06-08T13:32:10,1000.0,16.2,S
2021-06-08T13:31:39,1500.0,16.35,B
2021-06-08T13:30:59,2000.0,16.25,S
2021-06-08T13:30:53,1000.0,16.4,B
2021-06-08T13:30:38,3000.0,16.3,S
2021-06-08T13:30:24,2600.0,16.2,S
2021-06-08T13:30:24,2400.0,16.2,S
2021-06-08T13:30:07,1000.0,16.2,S
2021-06-08T13:30:05,1100.0,16.3,S
2021-06-08T13:29:18,1000.0,16.5,B
2021-06-08T13:29:09,100.0,16.5,B
2021-06-08T13:28:59,200.0,16.5,B
2021-06-08T13:28:59,200.0,16.5,B
2021-06-08T13:28:59,200.0,16.5,B
2021-06-08T13:28:58,400.0,16.5,B
2021-06-08T13:28:37,100.0,16.3,S
2021-06-08T13:28:30,1000.0,16.5,B
2021-06-08T13:28:25,30000.0,16.5,B
2021-06-08T13:27:22,200.0,16.35,S
2021-06-08T13:27:10,100.0,16.35,S
2021-06-08T13:27:03,200.0,16.35,S
2021-06-08T13:27:02,200.0,16.35,S
2021-06-08T13:26:59,100.0,16.3,S
2021-06-08T13:26:52,100.0,16.35,S
2021-06-08T13:25:06,1000.0,16.35,S
2021-06-08T13:24:56,500.0,16.35,S
2021-06-08T13:24:45,1000.0,16.3,S
2021-06-08T13:24:33,100.0,16.35,S
2021-06-08T13:24:25,1200.0,16.2,S
2021-06-08T13:24:25,12900.0,16.25,S
2021-06-08T13:24:25,2500.0,16.25,S
2021-06-08T13:24:25,3400.0,16.25,S
2021-06-08T13:24:24,200.0,16.35,S
2021-06-08T13:23:43,2000.0,16.25,S
2021-06-08T13:20:39,4100.0,16.25,S
2021-06-08T13:19:52,100.0,16.3,S
2021-06-08T13:19:00,1000.0,16.3,S
2021-06-08T13:18:42,100.0,16.3,S
2021-06-08T13:18:39,2000.0,16.5,B
2021-06-08T13:18:21,20000.0,16.5,B
2021-06-08T13:18:15,100.0,16.3,S
2021-06-08T13:18:14,1000.0,16.3,S
2021-06-08T13:18:08,13200.0,16.5,B
2021-06-08T13:18:08,1600.0,16.5,B
2021-06-08T13:18:08,9500.0,16.5,B
2021-06-08T13:18:07,5700.0,16.5,B
2021-06-08T13:17:06,20000.0,16.5,B
2021-06-08T13:16:43,1800.0,16.3,S
2021-06-08T13:16:39,400.0,16.3,S
2021-06-08T13:16:25,2300.0,16.3,S
2021-06-08T13:15:49,100.0,16.4,S
2021-06-08T13:14:45,500.0,16.3,S
2021-06-08T13:14:16,400.0,16.3,S
2021-06-08T13:14:13,100.0,16.3,S
2021-06-08T13:13:58,15000.0,16.5,B
2021-06-08T13:12:25,100.0,16.3,S
2021-06-08T13:12:17,100.0,16.3,S
2021-06-08T13:12:08,100.0,16.3,S
2021-06-08T13:12:08,600.0,16.3,S
2021-06-08T13:11:31,1000.0,16.3,S
2021-06-08T13:11:05,1900.0,16.3,B
2021-06-08T13:10:47,13600.0,16.5,B
2021-06-08T13:10:29,200.0,16.3,B
2021-06-08T13:10:01,10000.0,16.5,B
2021-06-08T13:09:50,2000.0,16.3,B
2021-06-08T13:09:41,500.0,16.4,B
2021-06-08T13:09:11,8600.0,16.4,B
2021-06-08T13:09:00,5000.0,16.4,B
2021-06-08T13:08:59,1000.0,16.3,B
2021-06-08T13:08:47,12000.0,16.4,B
2021-06-08T13:08:36,5100.0,16.3,B
2021-06-08T13:08:32,10900.0,16.3,B
2021-06-08T13:08:32,7500.0,16.3,B
2021-06-08T13:08:02,100.0,16.3,B
2021-06-08T13:07:21,500.0,16.3,B
2021-06-08T13:07:21,200.0,16.3,B
2021-06-08T13:04:59,300.0,16.3,B
2021-06-08T13:04:35,1000.0,16.3,B
2021-06-08T13:04:26,800.0,16.3,B
2021-06-08T13:03:48,12200.0,16.3,B
2021-06-08T13:03:38,200.0,16.3,B
2021-06-08T13:03:36,2300.0,16.3,B
2021-06-08T13:03:17,600.0,16.3,B
2021-06-08T13:02:51,100.0,16.3,B
2021-06-08T13:02:27,500.0,16.3,B
2021-06-08T13:02:08,200.0,16.3,B
2021-06-08T13:01:41,1000.0,16.25,S
2021-06-08T13:01:10,5000.0,16.25,S
2021-06-08T13:00:14,100.0,16.3,B
2021-06-08T13:00:14,300.0,16.3,B
2021-06-08T13:00:14,3000.0,16.3,B
2021-06-08T11:32:42,1200.0,16.3,S
2021-06-08T11:32:32,1000.0,16.3,S
2021-06-08T11:32:32,1000.0,16.3,S
2021-06-08T11:32:32,2000.0,16.3,S
2021-06-08T11:32:27,100.0,16.3,S
2021-06-08T11:32:21,200.0,16.3,S
2021-06-08T11:32:21,100.0,16.3,S
2021-06-08T11:32:16,200.0,16.3,S
2021-06-08T11:32:16,100.0,16.3,S
2021-06-08T11:32:11,1300.0,16.3,S
2021-06-08T11:32:11,100.0,16.3,S
2021-06-08T11:32:11,500.0,16.3,S
2021-06-08T11:32:11,3900.0,16.3,S
2021-06-08T11:32:11,6100.0,16.3,S
2021-06-08T11:32:11,1000.0,16.3,S
2021-06-08T11:32:11,7000.0,16.3,S
2021-06-08T11:32:11,4100.0,16.3,S
2021-06-08T11:32:11,3400.0,16.3,S
2021-06-08T11:32:11,800.0,16.3,S
2021-06-08T11:32:11,800.0,16.35,S
2021-06-08T11:32:11,10100.0,16.35,S
2021-06-08T11:32:06,200.0,16.4,S
2021-06-08T11:32:01,100.0,16.4,S
2021-06-08T11:31:56,200.0,16.4,S
2021-06-08T11:31:51,100.0,16.4,S
2021-06-08T11:31:46,500.0,16.4,S
2021-06-08T11:31:36,100.0,16.4,S
2021-06-08T11:31:11,2000.0,16.4,S
2021-06-08T11:31:11,200.0,16.4,S
2021-06-08T11:31:11,4200.0,16.4,S
2021-06-08T11:31:11,16900.0,16.4,S
2021-06-08T11:30:36,1800.0,16.55,B
2021-06-08T11:30:10,700.0,16.45,S
2021-06-08T11:29:48,100.0,16.55,S
2021-06-08T11:28:47,20800.0,16.45,S
2021-06-08T11:28:47,1000.0,16.5,S
2021-06-08T11:28:46,29300.0,16.5,S
2021-06-08T11:28:28,1000.0,16.5,S
2021-06-08T11:28:14,16300.0,16.55,S
2021-06-08T11:27:29,33000.0,16.5,S
2021-06-08T11:27:27,2200.0,16.55,S
2021-06-08T11:27:12,500.0,16.5,S
2021-06-08T11:25:59,1300.0,16.5,S
2021-06-08T11:25:59,48700.0,16.55,S
2021-06-08T11:25:46,1600.0,16.6,B
2021-06-08T11:25:11,100.0,16.6,B
2021-06-08T11:25:05,200.0,16.6,B
2021-06-08T11:25:04,1000.0,16.6,B
2021-06-08T11:24:50,100.0,16.6,B
2021-06-08T11:24:35,20500.0,16.6,B
2021-06-08T11:24:35,2000.0,16.6,B
2021-06-08T11:24:34,17500.0,16.6,B
2021-06-08T11:24:25,500.0,16.6,S
2021-06-08T11:24:19,700.0,16.6,S
2021-06-08T11:24:09,100.0,16.6,S
2021-06-08T11:24:01,200.0,16.6,S
2021-06-08T11:23:55,100.0,16.6,S
2021-06-08T11:23:51,100.0,16.6,S
2021-06-08T11:23:50,300.0,16.6,S
2021-06-08T11:23:42,200.0,16.6,S
2021-06-08T11:23:38,100.0,16.6,S
2021-06-08T11:23:28,500.0,16.6,S
2021-06-08T11:23:24,200.0,16.6,S
2021-06-08T11:23:14,300.0,16.6,S
2021-06-08T11:23:07,1000.0,16.6,S
2021-06-08T11:22:37,1800.0,16.55,S
2021-06-08T11:22:37,100.0,16.55,S
2021-06-08T11:22:37,100.0,16.55,S
2021-06-08T11:22:05,2500.0,16.6,S
2021-06-08T11:22:05,1200.0,16.6,S
2021-06-08T11:22:04,24500.0,16.6,S
2021-06-08T11:21:50,100.0,16.6,S
2021-06-08T11:19:02,50000.0,16.6,S
2021-06-08T11:18:15,500.0,16.7,S
2021-06-08T11:17:33,32700.0,16.6,S
2021-06-08T11:17:33,39900.0,16.6,S
2021-06-08T11:17:33,10000.0,16.6,S
2021-06-08T11:17:32,600.0,16.6,S
2021-06-08T11:17:32,16800.0,16.6,S
2021-06-08T11:17:20,1100.0,16.7,S
2021-06-08T11:16:39,2000.0,16.65,S
2021-06-08T11:15:41,1000.0,16.7,S
2021-06-08T11:15:31,1000.0,16.7,S
2021-06-08T11:15:23,200.0,16.7,S
2021-06-08T11:15:19,10000.0,16.65,S
2021-06-08T11:15:16,200.0,16.7,S
2021-06-08T11:15:02,37100.0,16.7,S
2021-06-08T11:14:46,50000.0,16.7,S
2021-06-08T11:14:12,1100.0,16.85,B
2021-06-08T11:13:10,75000.0,16.7,S
2021-06-08T11:12:37,125000.0,16.7,S
2021-06-08T11:12:34,1100.0,16.85,B
2021-06-08T11:12:17,93000.0,16.7,S
2021-06-08T11:12:04,24600.0,16.7,S
2021-06-08T11:12:04,50100.0,16.7,S
2021-06-08T11:12:04,500.0,16.7,S
2021-06-08T11:12:04,22900.0,16.7,S
2021-06-08T11:12:04,1900.0,16.75,S
2021-06-08T11:11:48,600.0,16.85,B
2021-06-08T11:11:48,1100.0,16.8,S
2021-06-08T11:11:37,500.0,16.8,S
2021-06-08T11:11:32,40000.0,16.75,S
2021-06-08T11:11:04,1100.0,16.8,S
2021-06-08T11:10:45,100000.0,16.75,S
2021-06-08T11:10:43,500.0,16.75,S
2021-06-08T11:10:01,1000.0,16.8,S
2021-06-08T11:09:15,1100.0,16.8,S
2021-06-08T11:08:31,10000.0,16.75,S
2021-06-08T11:07:33,50000.0,16.75,S
2021-06-08T11:07:30,100.0,16.9,B
2021-06-08T11:07:17,100.0,16.9,B
2021-06-08T11:07:01,100.0,16.9,B
2021-06-08T11:06:41,100.0,16.8,S
2021-06-08T11:06:16,3400.0,16.75,S
2021-06-08T11:06:16,1200.0,16.8,S
2021-06-08T11:06:16,6700.0,16.8,S
2021-06-08T11:06:16,1900.0,16.85,B
2021-06-08T11:05:43,10000.0,16.9,B
2021-06-08T11:05:43,200.0,16.9,B
2021-06-08T11:05:27,1100.0,16.85,B
2021-06-08T11:04:04,100.0,16.8,S
2021-06-08T11:03:10,2000.0,16.8,S
2021-06-08T11:03:08,100.0,16.8,S
2021-06-08T11:02:51,5000.0,16.9,B
2021-06-08T11:02:44,7900.0,16.9,B
2021-06-08T11:02:33,5100.0,16.9,B
2021-06-08T11:02:33,900.0,16.9,B
2021-06-08T11:02:18,2000.0,16.8,S
2021-06-08T11:02:17,300.0,16.8,S
2021-06-08T11:00:22,100.0,16.8,S
2021-06-08T10:59:58,200.0,16.85,S
2021-06-08T10:58:26,500.0,16.9,B
2021-06-08T10:58:23,500.0,16.9,B
2021-06-08T10:58:16,900.0,16.9,B
2021-06-08T10:58:16,29100.0,16.9,B
2021-06-08T10:58:11,100.0,16.9,B
2021-06-08T10:58:09,300.0,16.9,B
2021-06-08T10:57:55,200.0,16.9,B
2021-06-08T10:57:54,3000.0,16.8,S
2021-06-08T10:57:51,100.0,16.9,B
2021-06-08T10:57:38,1000.0,16.9,B
2021-06-08T10:57:20,200.0,16.9,B
2021-06-08T10:57:13,100.0,16.9,B
2021-06-08T10:56:59,3000.0,16.85,S
2021-06-08T10:56:21,300.0,16.9,B
2021-06-08T10:56:16,200.0,16.9,B
2021-06-08T10:56:03,1000.0,16.9,B
2021-06-08T10:56:00,3000.0,16.9,B
2021-06-08T10:55:04,5000.0,16.9,B
2021-06-08T10:55:03,3000.0,16.85,S
2021-06-08T10:54:55,100.0,16.85,S
2021-06-08T10:54:50,1000.0,16.85,S
2021-06-08T10:54:47,100.0,16.9,B
2021-06-08T10:54:39,300.0,16.9,B
2021-06-08T10:54:00,300.0,16.9,B
2021-06-08T10:53:01,20000.0,16.9,B
2021-06-08T10:52:50,300.0,16.9,B
2021-06-08T10:52:49,500.0,16.9,B
2021-06-08T10:52:43,100.0,16.9,B
2021-06-08T10:52:38,3000.0,16.9,B
2021-06-08T10:52:33,2800.0,16.9,B
2021-06-08T10:52:31,300.0,16.95,B
2021-06-08T10:52:24,200.0,16.9,B
2021-06-08T10:52:24,700.0,16.95,B
2021-06-08T10:52:18,400.0,16.95,B
2021-06-08T10:52:10,100.0,16.95,B
2021-06-08T10:51:59,500.0,16.95,B
2021-06-08T10:51:53,300.0,16.95,B
2021-06-08T10:51:52,200.0,16.95,B
2021-06-08T10:51:44,200.0,16.95,B
2021-06-08T10:51:36,100.0,16.95,B
2021-06-08T10:50:54,2000.0,16.95,B
2021-06-08T10:50:51,1000.0,16.9,B
2021-06-08T10:49:54,3100.0,17.0,B
2021-06-08T10:49:17,2100.0,17.0,B
2021-06-08T10:49:04,1500.0,17.0,B
2021-06-08T10:48:42,500.0,16.85,S
2021-06-08T10:48:31,100000.0,17.0,B
2021-06-08T10:48:13,22400.0,16.9,B
2021-06-08T10:48:13,1100.0,16.9,B
2021-06-08T10:48:13,7700.0,16.9,B
2021-06-08T10:48:13,10000.0,16.9,B
2021-06-08T10:48:13,18800.0,16.9,B
2021-06-08T10:47:56,3000.0,16.85,S
2021-06-08T10:46:54,20000.0,16.9,B
2021-06-08T10:46:47,300.0,16.85,B
2021-06-08T10:46:44,2000.0,16.85,B
2021-06-08T10:46:32,20000.0,16.9,B
2021-06-08T10:46:22,2000.0,16.85,B
2021-06-08T10:46:13,500.0,16.85,B
2021-06-08T10:46:10,20000.0,16.9,B
2021-06-08T10:45:46,2000.0,16.85,B
2021-06-08T10:45:46,700.0,16.85,B
2021-06-08T10:45:46,600.0,16.85,B
2021-06-08T10:45:46,23800.0,16.85,B
2021-06-08T10:45:42,5000.0,16.8,B
2021-06-08T10:45:27,5000.0,16.8,B
2021-06-08T10:45:08,1000.0,16.8,B
2021-06-08T10:45:07,500.0,16.8,B
2021-06-08T10:45:05,15000.0,16.85,B
2021-06-08T10:44:56,10000.0,16.85,B
2021-06-08T10:44:51,3000.0,16.8,B
2021-06-08T10:44:51,100.0,16.8,B
2021-06-08T10:44:50,21900.0,16.8,B
2021-06-08T10:44:50,400.0,16.8,B
2021-06-08T10:44:31,1000.0,16.8,B
2021-06-08T10:44:31,200.0,16.8,B
2021-06-08T10:44:30,1000.0,16.8,B
2021-06-08T10:44:07,40000.0,16.8,B
2021-06-08T10:43:32,700.0,16.8,B
2021-06-08T10:43:32,49300.0,16.8,B
2021-06-08T10:43:18,8000.0,16.8,B
2021-06-08T10:43:02,300.0,16.8,B
2021-06-08T10:42:55,500.0,16.8,B
2021-06-08T10:42:34,700.0,16.8,B
2021-06-08T10:42:34,3500.0,16.8,B
2021-06-08T10:42:34,10100.0,16.8,B
2021-06-08T10:42:30,2000.0,16.75,S
2021-06-08T10:42:17,1600.0,16.7,S
2021-06-08T10:42:09,100.0,16.8,B
2021-06-08T10:42:05,200.0,16.8,B
2021-06-08T10:41:59,200.0,16.8,B
2021-06-08T10:41:58,100.0,16.8,B
2021-06-08T10:41:51,100.0,16.8,B
2021-06-08T10:41:51,2400.0,16.8,B
2021-06-08T10:41:34,1000.0,16.8,B
2021-06-08T10:40:59,1000.0,16.8,B
2021-06-08T10:40:49,300.0,16.8,B
2021-06-08T10:40:13,15300.0,16.8,B
2021-06-08T10:40:13,34700.0,16.8,B
2021-06-08T10:40:04,3000.0,16.75,S
2021-06-08T10:40:01,200.0,16.8,B
2021-06-08T10:39:54,10000.0,16.8,B
2021-06-08T10:39:51,100.0,16.8,B
2021-06-08T10:39:47,200.0,16.8,B
2021-06-08T10:39:35,100.0,16.8,B
2021-06-08T10:39:28,300.0,16.8,B
2021-06-08T10:39:21,1000.0,16.8,B
2021-06-08T10:39:20,100.0,16.8,B
2021-06-08T10:39:15,200.0,16.8,B
2021-06-08T10:38:55,100.0,16.8,B
2021-06-08T10:38:50,1300.0,16.75,S
2021-06-08T10:38:46,500.0,16.8,B
2021-06-08T10:38:34,100.0,16.8,B
2021-06-08T10:38:22,100.0,16.8,B
2021-06-08T10:38:21,700.0,16.75,S
2021-06-08T10:38:12,200.0,16.8,B
2021-06-08T10:38:04,300.0,16.8,B
2021-06-08T10:37:56,100.0,16.8,B
2021-06-08T10:37:56,300.0,16.75,S
2021-06-08T10:37:47,4100.0,16.8,B
2021-06-08T10:37:45,2000.0,16.75,S
2021-06-08T10:37:41,100.0,16.8,B
2021-06-08T10:37:35,100.0,16.8,B
2021-06-08T10:37:34,1000.0,16.8,B
2021-06-08T10:37:24,100.0,16.8,B
2021-06-08T10:37:20,1300.0,16.75,S
2021-06-08T10:37:14,500.0,16.8,B
2021-06-08T10:37:09,200.0,16.8,B
2021-06-08T10:37:03,100.0,16.8,B
2021-06-08T10:36:54,200.0,16.8,B
2021-06-08T10:36:50,100.0,16.8,B
2021-06-08T10:36:30,50000.0,16.8,B
2021-06-08T10:36:02,400.0,16.75,S
2021-06-08T10:36:00,10000.0,16.75,S
2021-06-08T10:35:39,5000.0,16.75,S
2021-06-08T10:35:36,900.0,16.75,S
2021-06-08T10:35:23,50000.0,16.8,B
2021-06-08T10:35:12,60000.0,16.8,B
2021-06-08T10:35:03,100.0,16.7,S
2021-06-08T10:32:23,5000.0,16.7,S
2021-06-08T10:32:12,100.0,16.7,S
2021-06-08T10:32:11,20000.0,16.8,B
2021-06-08T10:31:38,300.0,16.7,B
2021-06-08T10:31:32,100.0,16.7,B
2021-06-08T10:30:28,2000.0,16.7,B
2021-06-08T10:30:02,100.0,16.8,B
2021-06-08T10:29:58,4400.0,16.7,B
2021-06-08T10:29:56,200.0,16.8,B
2021-06-08T10:29:51,100.0,16.8,B
2021-06-08T10:29:32,100.0,16.8,B
2021-06-08T10:29:07,100.0,16.8,B
2021-06-08T10:29:00,30000.0,16.8,B
2021-06-08T10:28:59,300.0,16.8,B
2021-06-08T10:28:52,100.0,16.8,B
2021-06-08T10:28:51,15000.0,16.7,B
2021-06-08T10:28:48,40000.0,16.8,B
2021-06-08T10:28:44,200.0,16.8,B
2021-06-08T10:28:07,1300.0,16.7,B
2021-06-08T10:27:27,100.0,16.7,B
2021-06-08T10:27:19,8000.0,16.8,B
2021-06-08T10:27:12,100.0,16.7,B
2021-06-08T10:27:02,12000.0,16.8,B
2021-06-08T10:26:08,200.0,16.75,B
2021-06-08T10:26:06,200.0,16.75,B
2021-06-08T10:26:03,500.0,16.7,B
2021-06-08T10:25:55,2000.0,16.7,B
2021-06-08T10:25:35,500.0,16.7,B
2021-06-08T10:25:23,100.0,16.8,B
2021-06-08T10:25:17,300.0,16.8,B
2021-06-08T10:25:12,16000.0,16.8,B
2021-06-08T10:25:08,200.0,16.8,B
2021-06-08T10:24:58,2100.0,16.8,B
2021-06-08T10:24:58,7900.0,16.75,B
2021-06-08T10:24:58,100.0,16.7,B
2021-06-08T10:24:50,7000.0,16.7,B
2021-06-08T10:24:27,1500.0,16.7,B
2021-06-08T10:24:25,500.0,16.65,S
2021-06-08T10:24:08,500.0,16.7,B
2021-06-08T10:23:00,100.0,16.7,B
2021-06-08T10:22:48,100.0,16.7,B
2021-06-08T10:22:48,400.0,16.7,B
2021-06-08T10:22:16,100.0,16.7,B
2021-06-08T10:22:16,500.0,16.7,B
2021-06-08T10:22:13,100.0,16.7,B
2021-06-08T10:22:12,8700.0,16.7,B
2021-06-08T10:22:08,100.0,16.7,B
2021-06-08T10:22:03,5000.0,16.65,S
2021-06-08T10:22:00,700.0,16.7,B
2021-06-08T10:21:50,100.0,16.7,B
2021-06-08T10:21:46,400.0,16.7,B
2021-06-08T10:21:35,500.0,16.7,B
2021-06-08T10:21:31,200.0,16.7,B
2021-06-08T10:21:29,100.0,16.7,B
2021-06-08T10:21:22,300.0,16.7,B
2021-06-08T10:21:16,200.0,16.7,B
2021-06-08T10:21:11,300.0,16.7,B
2021-06-08T10:21:05,900.0,16.7,B
2021-06-08T10:21:01,100.0,16.8,B
2021-06-08T10:20:55,200.0,16.8,B
2021-06-08T10:20:48,100.0,16.8,B
2021-06-08T10:20:36,200.0,16.8,B
2021-06-08T10:20:26,1400.0,16.8,B
2021-06-08T10:20:26,2000.0,16.8,B
2021-06-08T10:20:26,400.0,16.8,B
2021-06-08T10:20:26,44300.0,16.75,B
2021-06-08T10:20:25,1900.0,16.7,B
2021-06-08T10:20:23,100.0,16.7,B
2021-06-08T10:20:04,12200.0,16.75,B
2021-06-08T10:20:04,13400.0,16.7,B
2021-06-08T10:20:04,100.0,16.7,B
2021-06-08T10:20:04,1000.0,16.7,B
2021-06-08T10:20:04,23300.0,16.7,B
2021-06-08T10:19:35,100.0,16.7,B
2021-06-08T10:19:31,100.0,16.7,B
2021-06-08T10:19:27,300.0,16.6,S
2021-06-08T10:19:25,100.0,16.6,S
2021-06-08T10:19:22,100.0,16.7,B
2021-06-08T10:19:14,500.0,16.7,B
2021-06-08T10:19:09,300.0,16.7,B
2021-06-08T10:19:05,100.0,16.7,B
2021-06-08T10:18:59,200.0,16.7,B
2021-06-08T10:18:53,100.0,16.7,B
2021-06-08T10:18:46,6400.0,16.7,B
2021-06-08T10:18:46,200.0,16.7,B
2021-06-08T10:18:46,43400.0,16.7,B
2021-06-08T10:18:16,10000.0,16.7,B
2021-06-08T10:18:07,8000.0,16.7,B
2021-06-08T10:17:11,7000.0,16.6,S
2021-06-08T10:16:31,60000.0,16.7,B
2021-06-08T10:16:09,1000.0,16.6,B
2021-06-08T10:16:02,200.0,16.6,B
2021-06-08T10:15:24,3000.0,16.6,B
2021-06-08T10:15:14,500.0,16.7,B
2021-06-08T10:15:04,200.0,16.7,B
2021-06-08T10:15:01,200.0,16.6,B
2021-06-08T10:14:59,100.0,16.7,B
2021-06-08T10:14:59,2500.0,16.6,B
2021-06-08T10:14:52,300.0,16.7,B
2021-06-08T10:14:52,300.0,16.7,B
2021-06-08T10:14:40,100.0,16.7,B
2021-06-08T10:13:55,2000.0,16.6,B
2021-06-08T10:13:33,15500.0,16.7,B
2021-06-08T10:13:33,3300.0,16.65,B
2021-06-08T10:13:33,10000.0,16.65,B
2021-06-08T10:13:33,500.0,16.65,B
2021-06-08T10:13:33,3200.0,16.65,B
2021-06-08T10:13:33,1500.0,16.65,B
2021-06-08T10:13:33,4000.0,16.65,B
2021-06-08T10:13:33,12000.0,16.65,B
2021-06-08T10:13:19,35500.0,16.65,B
2021-06-08T10:13:19,14500.0,16.6,B
2021-06-08T10:13:06,100.0,16.6,B
2021-06-08T10:12:40,200.0,16.6,B
2021-06-08T10:12:31,300.0,16.6,B
2021-06-08T10:12:17,100.0,16.6,B
2021-06-08T10:12:01,100.0,16.6,B
2021-06-08T10:11:49,100.0,16.6,B
2021-06-08T10:11:44,100.0,16.55,S
2021-06-08T10:11:39,300.0,16.6,B
2021-06-08T10:11:24,100.0,16.6,B
2021-06-08T10:11:12,200.0,16.6,B
2021-06-08T10:11:05,100.0,16.6,B
2021-06-08T10:10:57,100.0,16.6,B
2021-06-08T10:10:50,100.0,16.6,B
2021-06-08T10:10:30,6900.0,16.6,B
2021-06-08T10:10:30,500.0,16.6,B
2021-06-08T10:10:30,7600.0,16.6,B
2021-06-08T10:10:28,5000.0,16.6,B
2021-06-08T10:10:26,200.0,16.55,S
2021-06-08T10:10:15,100.0,16.55,S
2021-06-08T10:09:52,17000.0,16.6,B
2021-06-08T10:09:50,100.0,16.6,B
2021-06-08T10:09:41,400.0,16.6,B
2021-06-08T10:09:31,200.0,16.6,B
2021-06-08T10:09:30,20000.0,16.6,B
2021-06-08T10:09:27,2000.0,16.55,S
2021-06-08T10:09:24,200.0,16.6,B
2021-06-08T10:09:23,500.0,16.55,S
2021-06-08T10:09:16,500.0,16.6,B
2021-06-08T10:09:08,2800.0,16.6,B
2021-06-08T10:09:08,18200.0,16.6,B
2021-06-08T10:09:08,9000.0,16.6,B
2021-06-08T10:09:05,100.0,16.6,B
2021-06-08T10:08:53,100.0,16.6,B
2021-06-08T10:08:30,100.0,16.6,B
2021-06-08T10:08:18,200.0,16.6,B
2021-06-08T10:08:07,8500.0,16.6,B
2021-06-08T10:08:07,700.0,16.6,B
2021-06-08T10:08:02,1000.0,16.5,S
2021-06-08T10:07:58,300.0,16.6,B
2021-06-08T10:07:45,100.0,16.6,B
2021-06-08T10:07:44,8100.0,16.6,B
2021-06-08T10:07:43,200.0,16.6,B
2021-06-08T10:07:41,100.0,16.6,B
2021-06-08T10:07:29,600.0,16.6,B
2021-06-08T10:07:29,6500.0,16.6,B
2021-06-08T10:07:29,4900.0,16.6,B
2021-06-08T10:07:28,900.0,16.55,B
2021-06-08T10:07:24,1000.0,16.55,B
2021-06-08T10:07:20,1000.0,16.55,B
2021-06-08T10:07:15,15000.0,16.55,B
2021-06-08T10:07:11,400.0,16.55,B
2021-06-08T10:07:01,200.0,16.55,B
2021-06-08T10:06:47,100.0,16.55,B
2021-06-08T10:06:36,7500.0,16.55,B
2021-06-08T10:05:43,1000.0,16.5,B
2021-06-08T10:04:50,1000.0,16.55,B
2021-06-08T10:03:23,8000.0,16.5,B
2021-06-08T10:03:22,10600.0,16.5,B
2021-06-08T10:02:09,12100.0,16.55,B
2021-06-08T10:02:09,6700.0,16.5,B
2021-06-08T10:02:09,4300.0,16.5,B
2021-06-08T10:02:09,4000.0,16.5,B
2021-06-08T10:02:08,22900.0,16.5,B
2021-06-08T10:02:04,5000.0,16.5,B
2021-06-08T10:01:56,1000.0,16.45,S
2021-06-08T10:01:04,100.0,16.5,B
2021-06-08T10:00:35,10000.0,16.5,B
2021-06-08T09:58:17,50000.0,16.5,B
2021-06-08T09:57:38,200.0,16.45,B
2021-06-08T09:57:12,20000.0,16.5,B
2021-06-08T09:56:36,10000.0,16.5,B
2021-06-08T09:56:35,100.0,16.5,B
2021-06-08T09:56:30,10000.0,16.45,B
2021-06-08T09:56:16,19100.0,16.45,B
2021-06-08T09:54:55,8500.0,16.45,B
2021-06-08T09:54:33,800.0,16.45,B
2021-06-08T09:54:24,700.0,16.45,B
2021-06-08T09:54:09,600.0,16.45,B
2021-06-08T09:53:48,300.0,16.45,B
2021-06-08T09:53:38,2000.0,16.45,B
2021-06-08T09:53:38,200.0,16.45,B
2021-06-08T09:53:31,1000.0,16.45,B
2021-06-08T09:53:24,22000.0,16.4,B
2021-06-08T09:53:24,100.0,16.4,B
2021-06-08T09:53:18,5000.0,16.4,B
2021-06-08T09:53:04,100.0,16.4,B
2021-06-08T09:52:56,300.0,16.4,B
2021-06-08T09:52:48,200.0,16.4,B
2021-06-08T09:52:35,100.0,16.4,B
2021-06-08T09:52:22,12000.0,16.4,B
2021-06-08T09:52:10,5000.0,16.4,B
2021-06-08T09:51:59,5000.0,16.4,B
2021-06-08T09:51:24,100.0,16.4,B
2021-06-08T09:51:18,10000.0,16.4,B
2021-06-08T09:51:16,500.0,16.4,B
2021-06-08T09:51:08,200.0,16.4,B
2021-06-08T09:51:02,300.0,16.4,B
2021-06-08T09:50:44,400.0,16.4,B
2021-06-08T09:50:34,200.0,16.4,B
2021-06-08T09:50:18,200.0,16.4,B
2021-06-08T09:50:10,100.0,16.35,B
2021-06-08T09:50:05,100.0,16.35,B
2021-06-08T09:49:49,100.0,16.35,B
2021-06-08T09:49:41,100.0,16.35,B
2021-06-08T09:49:32,100.0,16.35,B
2021-06-08T09:49:25,200.0,16.4,B
2021-06-08T09:49:21,15000.0,16.4,B
2021-06-08T09:49:16,100.0,16.4,B
2021-06-08T09:49:11,10000.0,16.4,B
2021-06-08T09:48:58,100.0,16.35,B
2021-06-08T09:48:50,1600.0,16.3,B
2021-06-08T09:48:47,8000.0,16.35,B
2021-06-08T09:48:40,1100.0,16.3,B
2021-06-08T09:48:35,7000.0,16.35,B
2021-06-08T09:48:27,200.0,16.35,B
2021-06-08T09:48:16,1000.0,16.35,B
2021-06-08T09:48:07,100.0,16.35,B
2021-06-08T09:48:02,5600.0,16.3,B
2021-06-08T09:48:02,6500.0,16.3,B
2021-06-08T09:48:02,400.0,16.3,B
2021-06-08T09:48:01,35300.0,16.3,B
2021-06-08T09:47:59,100.0,16.35,B
2021-06-08T09:47:36,1000.0,16.35,B
2021-06-08T09:47:25,100.0,16.35,B
2021-06-08T09:47:15,100.0,16.35,B
2021-06-08T09:47:05,500.0,16.35,B
2021-06-08T09:46:50,100.0,16.35,B
2021-06-08T09:46:40,200.0,16.35,B
2021-06-08T09:46:29,400.0,16.35,B
2021-06-08T09:46:18,100.0,16.35,B
2021-06-08T09:46:07,500.0,16.3,B
2021-06-08T09:45:16,1000.0,16.35,B
2021-06-08T09:45:12,2000.0,16.3,B
2021-06-08T09:45:06,2200.0,16.35,B
2021-06-08T09:44:43,23700.0,16.3,B
2021-06-08T09:44:41,1000.0,16.3,B
2021-06-08T09:44:36,100.0,16.3,B
2021-06-08T09:44:28,1200.0,16.3,B
2021-06-08T09:44:27,1600.0,16.3,B
2021-06-08T09:44:04,200.0,16.3,B
2021-06-08T09:44:02,3000.0,16.3,B
2021-06-08T09:43:45,100.0,16.3,B
2021-06-08T09:43:39,400.0,16.3,B
2021-06-08T09:43:16,20000.0,16.3,B
2021-06-08T09:43:03,100.0,16.3,B
2021-06-08T09:42:55,500.0,16.3,B
2021-06-08T09:42:44,500.0,16.3,B
2021-06-08T09:42:42,600.0,16.3,B
2021-06-08T09:42:29,1700.0,16.3,B
2021-06-08T09:42:25,1000.0,16.3,B
2021-06-08T09:42:24,100.0,16.3,B
2021-06-08T09:42:16,1000.0,16.3,B
2021-06-08T09:42:10,500.0,16.3,B
2021-06-08T09:42:04,200.0,16.3,S
2021-06-08T09:42:00,300.0,16.3,S
2021-06-08T09:41:50,600.0,16.3,S
2021-06-08T09:41:47,400.0,16.3,S
2021-06-08T09:41:47,3000.0,16.3,S
2021-06-08T09:41:46,18300.0,16.3,S
2021-06-08T09:41:33,3000.0,16.35,B
2021-06-08T09:41:32,5000.0,16.35,B
2021-06-08T09:41:31,100.0,16.35,B
2021-06-08T09:41:22,700.0,16.35,B
2021-06-08T09:41:16,300.0,16.35,B
2021-06-08T09:41:15,1000.0,16.35,B
2021-06-08T09:41:14,500.0,16.35,B
2021-06-08T09:41:05,100.0,16.35,B
2021-06-08T09:40:58,100.0,16.35,B
2021-06-08T09:40:48,500.0,16.35,B
2021-06-08T09:40:40,500.0,16.35,B
2021-06-08T09:40:40,100.0,16.35,B
2021-06-08T09:40:33,100.0,16.35,B
2021-06-08T09:40:17,200.0,16.35,B
2021-06-08T09:40:02,500.0,16.35,B
2021-06-08T09:39:58,1000.0,16.35,B
2021-06-08T09:39:57,100.0,16.3,S
2021-06-08T09:39:54,100.0,16.35,B
2021-06-08T09:39:53,16800.0,16.3,S
2021-06-08T09:38:36,1500.0,16.35,B
2021-06-08T09:38:03,500.0,16.4,B
2021-06-08T09:38:01,300.0,16.4,B
2021-06-08T09:37:52,100.0,16.4,B
2021-06-08T09:37:44,1200.0,16.4,B
2021-06-08T09:37:37,100.0,16.4,B
2021-06-08T09:37:34,100.0,16.4,B
2021-06-08T09:37:34,1000.0,16.35,B
2021-06-08T09:37:26,500.0,16.4,B
2021-06-08T09:37:16,200.0,16.4,B
2021-06-08T09:37:00,100.0,16.4,B
2021-06-08T09:37:00,100.0,16.4,B
2021-06-08T09:36:23,400.0,16.4,B
2021-06-08T09:36:00,23500.0,16.4,B
2021-06-08T09:35:50,500.0,16.35,B
2021-06-08T09:35:45,7300.0,16.35,B
2021-06-08T09:35:08,1000.0,16.35,B
2021-06-08T09:34:56,40000.0,16.3,S
2021-06-08T09:34:50,100.0,16.3,S
2021-06-08T09:34:48,6600.0,16.35,B
2021-06-08T09:34:33,600.0,16.35,B
2021-06-08T09:33:47,1000.0,16.35,S
2021-06-08T09:33:30,3400.0,16.4,S
2021-06-08T09:33:22,1100.0,16.4,S
2021-06-08T09:33:10,400.0,16.35,S
2021-06-08T09:32:50,100.0,16.35,S
2021-06-08T09:32:44,2600.0,16.3,S
2021-06-08T09:32:27,1200.0,16.25,S
2021-06-08T09:32:18,30000.0,16.3,S
2021-06-08T09:32:01,200.0,16.25,S
2021-06-08T09:31:49,800.0,16.3,S
2021-06-08T09:31:41,2000.0,16.25,S
2021-06-08T09:31:33,6000.0,16.3,S
2021-06-08T09:31:32,3000.0,16.3,S
2021-06-08T09:31:27,3000.0,16.3,S
2021-06-08T09:31:20,100.0,16.3,S
2021-06-08T09:31:14,300.0,16.3,S
2021-06-08T09:31:10,400.0,16.25,S
2021-06-08T09:31:09,5500.0,16.3,S
2021-06-08T09:31:02,900.0,16.3,S
2021-06-08T09:30:24,8000.0,16.3,S
2021-06-08T09:30:07,40000.0,16.3,S
2021-06-08T09:30:06,29400.0,16.3,S
2021-06-08T09:29:56,40000.0,16.3,S
2021-06-08T09:29:46,2000.0,16.4,S
2021-06-08T09:29:45,300.0,16.4,S
2021-06-08T09:29:31,200.0,16.4,S
2021-06-08T09:29:10,300.0,16.4,S
2021-06-08T09:29:08,2000.0,16.4,S
2021-06-08T09:29:07,100.0,16.35,S
2021-06-08T09:28:59,100.0,16.35,S
2021-06-08T09:28:48,200.0,16.35,S
2021-06-08T09:28:39,100.0,16.35,S
2021-06-08T09:28:26,1000.0,16.35,S
2021-06-08T09:28:04,5000.0,16.35,S
2021-06-08T09:27:29,11300.0,16.35,S
2021-06-08T09:27:09,100.0,16.35,S
2021-06-08T09:27:03,200.0,16.35,S
2021-06-08T09:27:01,1500.0,16.35,S
2021-06-08T09:27:01,2300.0,16.35,S
2021-06-08T09:27:01,700.0,16.35,S
2021-06-08T09:27:01,1500.0,16.4,S
2021-06-08T09:27:01,20200.0,16.4,S
2021-06-08T09:27:01,200.0,16.4,S
2021-06-08T09:27:01,3900.0,16.4,S
2021-06-08T09:26:57,1700.0,16.5,S
2021-06-08T09:26:57,2000.0,16.5,S
2021-06-08T09:26:57,21100.0,16.5,S
2021-06-08T09:26:51,200.0,16.6,B
2021-06-08T09:26:40,100.0,16.6,B
2021-06-08T09:26:15,50000.0,16.5,S
2021-06-08T09:26:14,100.0,16.6,B
2021-06-08T09:26:14,100.0,16.6,B
2021-06-08T09:26:11,500.0,16.6,B
2021-06-08T09:26:06,4100.0,16.6,B
2021-06-08T09:25:59,300.0,16.6,B
2021-06-08T09:25:54,31000.0,16.5,S
2021-06-08T09:25:48,100.0,16.6,B
2021-06-08T09:25:48,1400.0,16.6,B
2021-06-08T09:25:09,7000.0,16.6,B
2021-06-08T09:24:56,7500.0,16.6,B
2021-06-08T09:24:55,6600.0,16.6,B
2021-06-08T09:24:51,1200.0,16.6,B
2021-06-08T09:24:27,3200.0,16.6,B
2021-06-08T09:24:26,1400.0,16.6,B
2021-06-08T09:24:22,2000.0,16.5,S
2021-06-08T09:24:19,1200.0,16.6,B
2021-06-08T09:24:11,1400.0,16.6,B
2021-06-08T09:24:10,1000.0,16.6,B
2021-06-08T09:23:58,2000.0,16.5,S
2021-06-08T09:23:49,2100.0,16.6,B
2021-06-08T09:23:44,1500.0,16.6,B
2021-06-08T09:23:42,2000.0,16.5,S
2021-06-08T09:23:41,500.0,16.5,S
2021-06-08T09:23:38,1800.0,16.6,B
2021-06-08T09:23:30,1300.0,16.6,B
2021-06-08T09:23:29,1200.0,16.6,B
2021-06-08T09:23:25,1400.0,16.6,B
2021-06-08T09:23:19,1000.0,16.6,B
2021-06-08T09:23:18,1200.0,16.6,B
2021-06-08T09:23:14,1300.0,16.6,B
2021-06-08T09:23:13,1400.0,16.6,B
2021-06-08T09:23:09,1300.0,16.6,B
2021-06-08T09:22:53,1500.0,16.6,B
2021-06-08T09:22:40,1900.0,16.5,S
2021-06-08T09:21:07,300.0,16.5,S
2021-06-08T09:21:01,1000.0,16.6,B
2021-06-08T09:20:34,4500.0,16.5,S
2021-06-08T09:20:23,1000.0,16.5,S
2021-06-08T09:19:48,1000.0,16.6,B
2021-06-08T09:19:48,1500.0,16.6,B
2021-06-08T09:19:38,500.0,16.6,B
2021-06-08T09:19:33,200.0,16.5,S
2021-06-08T09:19:26,5000.0,16.5,S
2021-06-08T09:19:20,300.0,16.5,S
2021-06-08T09:18:48,30000.0,16.5,B
2021-06-08T09:18:48,21000.0,16.6,B
2021-06-08T09:18:26,1000.0,16.6,B
2021-06-08T09:18:25,2000.0,16.6,B
2021-06-08T09:18:24,100.0,16.6,B
2021-06-08T09:18:14,5000.0,16.65,B
2021-06-08T09:18:07,300.0,16.6,B
2021-06-08T09:18:07,15000.0,16.6,B
2021-06-08T09:17:59,20000.0,16.6,B
2021-06-08T09:17:25,1000.0,16.6,B
2021-06-08T09:16:48,2000.0,16.6,B
2021-06-08T09:16:48,10000.0,16.6,B
2021-06-08T09:16:48,1000.0,16.6,B
2021-06-08T09:16:48,53900.0,16.6,B
2021-06-08T09:16:45,42300.0,16.5,B
2021-06-08T09:16:20,400.0,16.5,B
2021-06-08T09:16:05,50000.0,16.5,B
