tradingTime,volume,price,side
2021-06-08T14:29:25,200.0,6.38,S
2021-06-08T14:28:42,300.0,6.38,S
2021-06-08T14:28:37,100.0,6.38,S
2021-06-08T14:28:26,300.0,6.38,S
2021-06-08T14:28:22,200.0,6.38,S
2021-06-08T14:28:15,100.0,6.38,S
2021-06-08T14:27:05,35500.0,6.37,S
2021-06-08T14:24:27,100.0,6.39,S
2021-06-08T14:23:48,3000.0,6.39,S
2021-06-08T14:23:25,33300.0,6.37,S
2021-06-08T14:23:25,100.0,6.38,S
2021-06-08T14:23:25,7100.0,6.38,S
2021-06-08T14:23:25,16500.0,6.38,S
2021-06-08T14:23:25,1200.0,6.38,S
2021-06-08T14:23:25,200.0,6.38,S
2021-06-08T14:23:25,21900.0,6.38,S
2021-06-08T14:23:25,5100.0,6.38,S
2021-06-08T14:23:25,34600.0,6.38,S
2021-06-08T14:23:15,50000.0,6.38,S
2021-06-08T14:22:51,2400.0,6.39,S
2021-06-08T14:22:51,400.0,6.39,S
2021-06-08T14:22:51,400.0,6.39,S
2021-06-08T14:22:51,3600.0,6.39,S
2021-06-08T14:22:51,700.0,6.39,S
2021-06-08T14:22:51,400.0,6.39,S
2021-06-08T14:22:50,2200.0,6.39,S
2021-06-08T14:22:50,5200.0,6.39,S
2021-06-08T14:22:50,3200.0,6.39,S
2021-06-08T14:22:50,9200.0,6.39,S
2021-06-08T14:22:50,18600.0,6.39,S
2021-06-08T14:22:50,25500.0,6.39,S
2021-06-08T14:22:50,2200.0,6.39,S
2021-06-08T14:22:50,4100.0,6.39,S
2021-06-08T14:22:50,1600.0,6.39,S
2021-06-08T14:22:50,1000.0,6.4,S
2021-06-08T14:22:50,700.0,6.4,S
2021-06-08T14:22:50,5300.0,6.4,S
2021-06-08T14:22:50,1500.0,6.4,S
2021-06-08T14:22:50,9900.0,6.4,S
2021-06-08T14:22:50,3100.0,6.4,S
2021-06-08T14:22:50,2900.0,6.4,S
2021-06-08T14:22:50,3000.0,6.4,S
2021-06-08T14:22:50,100.0,6.4,S
2021-06-08T14:22:49,4000.0,6.4,S
2021-06-08T14:22:49,5200.0,6.4,S
2021-06-08T14:22:49,900.0,6.4,S
2021-06-08T14:22:49,11500.0,6.4,S
2021-06-08T14:22:49,300.0,6.4,S
2021-06-08T14:22:49,2900.0,6.4,S
2021-06-08T14:22:49,6500.0,6.4,S
2021-06-08T14:22:49,2400.0,6.4,S
2021-06-08T14:22:49,13400.0,6.4,S
2021-06-08T14:22:49,6400.0,6.41,S
2021-06-08T14:22:49,700.0,6.41,S
2021-06-08T14:22:43,3700.0,6.41,S
2021-06-08T14:21:42,600.0,6.41,S
2021-06-08T14:20:25,300.0,6.41,S
2021-06-08T14:19:39,700.0,6.42,B
2021-06-08T14:19:03,8000.0,6.42,B
2021-06-08T14:18:58,1000.0,6.41,S
2021-06-08T14:18:44,1000.0,6.41,S
2021-06-08T14:18:34,800.0,6.41,S
2021-06-08T14:18:08,3000.0,6.41,S
2021-06-08T14:16:56,2000.0,6.41,S
2021-06-08T14:16:39,200.0,6.42,B
2021-06-08T14:16:11,1000.0,6.41,S
2021-06-08T14:15:20,1000.0,6.41,S
2021-06-08T14:13:43,5300.0,6.41,S
2021-06-08T14:12:43,400.0,6.4,S
2021-06-08T14:12:43,100.0,6.41,B
2021-06-08T14:12:33,1000.0,6.4,S
2021-06-08T14:12:29,6000.0,6.4,S
2021-06-08T14:12:15,8000.0,6.4,S
2021-06-08T14:11:40,900.0,6.41,B
2021-06-08T14:11:26,300.0,6.41,B
2021-06-08T14:10:39,4600.0,6.4,S
2021-06-08T14:10:39,5500.0,6.4,S
2021-06-08T14:10:39,1500.0,6.4,S
2021-06-08T14:10:39,1100.0,6.4,S
2021-06-08T14:10:39,200.0,6.4,S
2021-06-08T14:10:39,4000.0,6.4,S
2021-06-08T14:10:39,1100.0,6.4,S
2021-06-08T14:10:39,1300.0,6.4,S
2021-06-08T14:10:39,10400.0,6.4,S
2021-06-08T14:10:39,6300.0,6.4,S
2021-06-08T14:10:39,700.0,6.4,S
2021-06-08T14:10:39,13300.0,6.4,S
2021-06-08T14:10:19,1500.0,6.41,B
2021-06-08T14:09:45,1300.0,6.41,B
2021-06-08T14:09:28,300.0,6.41,B
2021-06-08T14:09:16,700.0,6.41,B
2021-06-08T14:09:16,500.0,6.42,B
2021-06-08T14:08:58,800.0,6.41,B
2021-06-08T14:08:57,800.0,6.41,B
2021-06-08T14:08:40,200.0,6.4,S
2021-06-08T14:08:39,500.0,6.41,B
2021-06-08T14:08:17,1000.0,6.4,S
2021-06-08T14:08:05,3100.0,6.4,S
2021-06-08T14:08:05,3500.0,6.4,S
2021-06-08T14:08:04,1000.0,6.41,B
2021-06-08T14:08:01,1000.0,6.4,S
2021-06-08T14:07:53,5000.0,6.41,B
2021-06-08T14:07:50,100.0,6.41,B
2021-06-08T14:07:43,100.0,6.41,B
2021-06-08T14:07:43,2500.0,6.41,B
2021-06-08T14:06:39,2800.0,6.4,S
2021-06-08T14:06:36,8700.0,6.41,B
2021-06-08T14:06:31,300.0,6.4,S
2021-06-08T14:06:31,400.0,6.4,S
2021-06-08T14:06:27,1000.0,6.41,B
2021-06-08T14:06:15,1000.0,6.41,B
2021-06-08T14:06:12,1000.0,6.41,B
2021-06-08T14:06:03,2000.0,6.41,B
2021-06-08T14:05:35,7000.0,6.41,B
2021-06-08T14:05:32,20000.0,6.4,S
2021-06-08T14:04:50,4000.0,6.42,B
2021-06-08T14:04:33,900.0,6.4,S
2021-06-08T14:04:32,10000.0,6.4,S
2021-06-08T14:04:24,500.0,6.42,B
2021-06-08T14:03:31,2800.0,6.41,B
2021-06-08T14:03:31,13100.0,6.41,B
2021-06-08T14:03:31,2500.0,6.41,B
2021-06-08T14:03:18,4000.0,6.41,B
2021-06-08T14:03:08,2300.0,6.4,S
2021-06-08T14:03:08,4200.0,6.4,S
2021-06-08T14:03:08,200.0,6.4,S
2021-06-08T14:03:08,3300.0,6.4,S
2021-06-08T14:03:04,400.0,6.41,B
2021-06-08T14:02:40,10000.0,6.41,B
2021-06-08T14:02:13,1500.0,6.41,B
2021-06-08T14:02:02,100.0,6.41,B
2021-06-08T14:00:41,100.0,6.4,S
2021-06-08T14:00:37,10000.0,6.41,B
2021-06-08T14:00:29,400.0,6.41,B
2021-06-08T14:00:17,600.0,6.41,B
2021-06-08T13:59:23,500.0,6.41,B
2021-06-08T13:59:11,2000.0,6.41,B
2021-06-08T13:59:11,8000.0,6.41,B
2021-06-08T13:58:48,500.0,6.41,B
2021-06-08T13:58:45,200.0,6.41,B
2021-06-08T13:58:31,2400.0,6.41,S
2021-06-08T13:58:25,3000.0,6.4,S
2021-06-08T13:58:16,100.0,6.41,S
2021-06-08T13:58:07,600.0,6.41,S
2021-06-08T13:57:47,100.0,6.41,S
2021-06-08T13:57:29,1000.0,6.41,S
2021-06-08T13:57:23,100.0,6.41,S
2021-06-08T13:56:46,3000.0,6.41,S
2021-06-08T13:56:11,500.0,6.41,S
2021-06-08T13:55:53,500.0,6.41,S
2021-06-08T13:55:49,500.0,6.41,S
2021-06-08T13:55:46,500.0,6.41,S
2021-06-08T13:55:15,1000.0,6.41,S
2021-06-08T13:55:15,900.0,6.41,S
2021-06-08T13:55:10,1600.0,6.41,S
2021-06-08T13:55:10,2000.0,6.41,S
2021-06-08T13:55:10,600.0,6.41,S
2021-06-08T13:54:27,600.0,6.42,S
2021-06-08T13:53:26,900.0,6.41,S
2021-06-08T13:53:24,100.0,6.41,S
2021-06-08T13:53:09,10000.0,6.41,S
2021-06-08T13:53:05,1200.0,6.41,S
2021-06-08T13:52:55,10000.0,6.41,S
2021-06-08T13:52:21,1000.0,6.41,S
2021-06-08T13:52:11,10000.0,6.41,S
2021-06-08T13:51:33,3500.0,6.42,S
2021-06-08T13:51:32,1800.0,6.42,S
2021-06-08T13:51:23,200.0,6.42,S
2021-06-08T13:50:52,1000.0,6.43,B
2021-06-08T13:50:25,200.0,6.41,B
2021-06-08T13:50:02,12500.0,6.41,B
2021-06-08T13:49:57,3000.0,6.41,B
2021-06-08T13:49:40,2500.0,6.41,B
2021-06-08T13:49:29,400.0,6.41,B
2021-06-08T13:49:17,1600.0,6.41,B
2021-06-08T13:48:35,24200.0,6.41,B
2021-06-08T13:48:35,5800.0,6.42,B
2021-06-08T13:48:30,2300.0,6.42,B
2021-06-08T13:47:54,2000.0,6.42,B
2021-06-08T13:47:53,5000.0,6.42,B
2021-06-08T13:47:41,20000.0,6.41,B
2021-06-08T13:47:27,2000.0,6.42,B
2021-06-08T13:47:25,1000.0,6.41,B
2021-06-08T13:47:18,3900.0,6.41,B
2021-06-08T13:46:35,6000.0,6.4,S
2021-06-08T13:45:44,500.0,6.4,S
2021-06-08T13:45:34,5300.0,6.4,S
2021-06-08T13:45:34,14700.0,6.41,B
2021-06-08T13:45:31,500.0,6.41,B
2021-06-08T13:45:27,5000.0,6.41,B
2021-06-08T13:45:25,2000.0,6.42,B
2021-06-08T13:45:24,2000.0,6.43,B
2021-06-08T13:45:22,6000.0,6.43,B
2021-06-08T13:45:20,11400.0,6.43,B
2021-06-08T13:44:58,100.0,6.42,B
2021-06-08T13:44:57,5500.0,6.42,B
2021-06-08T13:44:33,1000.0,6.42,B
2021-06-08T13:44:24,3500.0,6.42,B
2021-06-08T13:44:24,1500.0,6.42,B
2021-06-08T13:44:22,100.0,6.41,B
2021-06-08T13:43:59,3000.0,6.42,B
2021-06-08T13:43:57,700.0,6.41,B
2021-06-08T13:43:39,5000.0,6.4,S
2021-06-08T13:43:30,2500.0,6.41,B
2021-06-08T13:43:16,600.0,6.41,B
2021-06-08T13:42:48,3000.0,6.4,S
2021-06-08T13:42:47,400.0,6.41,B
2021-06-08T13:42:42,9600.0,6.41,B
2021-06-08T13:42:42,400.0,6.41,B
2021-06-08T13:42:07,1800.0,6.4,S
2021-06-08T13:42:07,28200.0,6.4,S
2021-06-08T13:42:06,1000.0,6.4,S
2021-06-08T13:41:55,2500.0,6.4,S
2021-06-08T13:41:51,300.0,6.41,S
2021-06-08T13:41:43,2200.0,6.4,S
2021-06-08T13:41:43,9100.0,6.4,S
2021-06-08T13:41:43,600.0,6.4,S
2021-06-08T13:41:42,1000.0,6.4,S
2021-06-08T13:41:42,6800.0,6.4,S
2021-06-08T13:41:42,9700.0,6.4,S
2021-06-08T13:41:42,8200.0,6.4,S
2021-06-08T13:41:42,17400.0,6.4,S
2021-06-08T13:41:40,3000.0,6.4,S
2021-06-08T13:41:36,300.0,6.41,S
2021-06-08T13:41:28,1000.0,6.4,S
2021-06-08T13:41:28,100.0,6.4,S
2021-06-08T13:40:51,1800.0,6.4,S
2021-06-08T13:40:51,10000.0,6.4,S
2021-06-08T13:40:51,8200.0,6.4,S
2021-06-08T13:39:59,8900.0,6.4,S
2021-06-08T13:39:59,2500.0,6.4,S
2021-06-08T13:39:59,100.0,6.4,S
2021-06-08T13:39:59,2200.0,6.4,S
2021-06-08T13:39:59,2300.0,6.4,S
2021-06-08T13:39:59,13500.0,6.4,S
2021-06-08T13:39:59,500.0,6.41,S
2021-06-08T13:39:35,8000.0,6.4,S
2021-06-08T13:39:27,300.0,6.4,S
2021-06-08T13:39:27,200.0,6.4,S
2021-06-08T13:39:24,4300.0,6.4,S
2021-06-08T13:39:24,25700.0,6.4,S
2021-06-08T13:38:53,1000.0,6.4,S
2021-06-08T13:38:45,200.0,6.4,S
2021-06-08T13:38:45,200.0,6.4,S
2021-06-08T13:38:45,1600.0,6.4,S
2021-06-08T13:38:37,8300.0,6.44,B
2021-06-08T13:38:37,11800.0,6.43,B
2021-06-08T13:38:37,7400.0,6.43,B
2021-06-08T13:38:36,59900.0,6.43,B
2021-06-08T13:38:36,16600.0,6.42,B
2021-06-08T13:38:08,500.0,6.4,S
2021-06-08T13:37:56,1000.0,6.4,S
2021-06-08T13:37:44,500.0,6.4,S
2021-06-08T13:37:40,1500.0,6.4,S
2021-06-08T13:37:38,200.0,6.4,S
2021-06-08T13:37:22,2000.0,6.4,S
2021-06-08T13:37:06,30000.0,6.4,S
2021-06-08T13:36:57,400.0,6.4,S
2021-06-08T13:36:52,5800.0,6.4,S
2021-06-08T13:36:47,800.0,6.4,S
2021-06-08T13:36:45,1000.0,6.4,S
2021-06-08T13:36:23,2300.0,6.4,S
2021-06-08T13:36:23,700.0,6.41,S
2021-06-08T13:36:21,3000.0,6.41,S
2021-06-08T13:34:43,4000.0,6.42,B
2021-06-08T13:34:36,9900.0,6.4,S
2021-06-08T13:33:57,800.0,6.42,B
2021-06-08T13:33:20,500.0,6.41,S
2021-06-08T13:32:48,3000.0,6.41,S
2021-06-08T13:32:03,5000.0,6.41,S
2021-06-08T13:31:27,1000.0,6.41,S
2021-06-08T13:31:14,400.0,6.41,S
2021-06-08T13:30:56,2000.0,6.41,S
2021-06-08T13:30:49,500.0,6.41,S
2021-06-08T13:30:40,10000.0,6.4,S
2021-06-08T13:30:28,1000.0,6.4,S
2021-06-08T13:30:20,1000.0,6.4,S
2021-06-08T13:30:20,4000.0,6.41,S
2021-06-08T13:29:32,100.0,6.42,B
2021-06-08T13:27:52,20000.0,6.4,S
2021-06-08T13:27:51,20000.0,6.41,S
2021-06-08T13:25:44,1000.0,6.4,S
2021-06-08T13:25:32,100.0,6.42,B
2021-06-08T13:25:14,1800.0,6.42,B
2021-06-08T13:25:11,3400.0,6.42,B
2021-06-08T13:25:02,100.0,6.42,B
2021-06-08T13:24:54,5000.0,6.4,S
2021-06-08T13:24:31,900.0,6.4,S
2021-06-08T13:24:30,5200.0,6.41,S
2021-06-08T13:23:21,400.0,6.42,B
2021-06-08T13:22:29,2500.0,6.4,S
2021-06-08T13:22:04,2000.0,6.42,B
2021-06-08T13:21:22,5000.0,6.42,B
2021-06-08T13:20:15,8300.0,6.4,S
2021-06-08T13:19:58,300.0,6.4,S
2021-06-08T13:19:56,300.0,6.42,S
2021-06-08T13:19:52,1000.0,6.42,S
2021-06-08T13:19:40,3900.0,6.42,S
2021-06-08T13:19:15,800.0,6.4,S
2021-06-08T13:18:40,600.0,6.42,S
2021-06-08T13:17:36,1000.0,6.42,S
2021-06-08T13:17:14,500.0,6.4,S
2021-06-08T13:17:11,400.0,6.42,S
2021-06-08T13:17:07,200.0,6.44,S
2021-06-08T13:16:42,24900.0,6.4,S
2021-06-08T13:16:42,300.0,6.41,S
2021-06-08T13:16:42,2000.0,6.41,S
2021-06-08T13:16:42,10600.0,6.41,S
2021-06-08T13:16:42,13400.0,6.41,S
2021-06-08T13:16:42,5400.0,6.41,S
2021-06-08T13:16:42,300.0,6.41,S
2021-06-08T13:16:42,8100.0,6.41,S
2021-06-08T13:16:42,2100.0,6.41,S
2021-06-08T13:16:42,7300.0,6.41,S
2021-06-08T13:16:42,8500.0,6.41,S
2021-06-08T13:16:42,100.0,6.41,S
2021-06-08T13:16:41,8700.0,6.41,S
2021-06-08T13:16:41,4100.0,6.42,S
2021-06-08T13:16:41,5600.0,6.42,S
2021-06-08T13:16:41,18600.0,6.42,S
2021-06-08T13:16:25,600.0,6.44,S
2021-06-08T13:15:23,500.0,6.42,S
2021-06-08T13:13:26,2000.0,6.42,S
2021-06-08T13:13:16,40000.0,6.42,S
2021-06-08T13:13:16,1000.0,6.43,S
2021-06-08T13:12:21,12600.0,6.43,S
2021-06-08T13:10:10,4400.0,6.43,S
2021-06-08T13:10:10,2400.0,6.43,S
2021-06-08T13:10:10,200.0,6.43,S
2021-06-08T13:10:09,200.0,6.44,S
2021-06-08T13:10:09,1000.0,6.44,S
2021-06-08T13:10:09,10800.0,6.44,S
2021-06-08T13:10:09,5200.0,6.44,S
2021-06-08T13:10:09,5200.0,6.44,S
2021-06-08T13:10:09,2000.0,6.44,S
2021-06-08T13:10:09,11700.0,6.44,S
2021-06-08T13:10:09,100.0,6.44,S
2021-06-08T13:10:09,2300.0,6.44,S
2021-06-08T13:10:09,11100.0,6.44,S
2021-06-08T13:10:09,4100.0,6.44,S
2021-06-08T13:10:09,700.0,6.45,S
2021-06-08T13:10:09,700.0,6.45,S
2021-06-08T13:10:09,3100.0,6.45,S
2021-06-08T13:10:09,4100.0,6.45,S
2021-06-08T13:10:09,13700.0,6.45,S
2021-06-08T13:10:09,3000.0,6.45,S
2021-06-08T13:10:09,600.0,6.45,S
2021-06-08T13:10:09,13400.0,6.45,S
2021-06-08T13:09:40,1900.0,6.45,S
2021-06-08T13:09:40,2200.0,6.45,S
2021-06-08T13:08:40,1400.0,6.45,S
2021-06-08T13:08:23,2000.0,6.46,S
2021-06-08T13:07:25,10300.0,6.45,S
2021-06-08T13:07:25,12900.0,6.45,S
2021-06-08T13:07:25,1300.0,6.45,S
2021-06-08T13:07:25,5500.0,6.45,S
2021-06-08T13:07:25,11100.0,6.45,S
2021-06-08T13:07:25,11900.0,6.45,S
2021-06-08T13:07:25,800.0,6.45,S
2021-06-08T13:07:24,8200.0,6.46,S
2021-06-08T13:05:49,100.0,6.46,S
2021-06-08T13:05:07,700.0,6.46,S
2021-06-08T13:04:51,100.0,6.47,B
2021-06-08T13:03:49,300.0,6.46,S
2021-06-08T13:03:13,4900.0,6.48,B
2021-06-08T13:03:10,300.0,6.49,B
2021-06-08T13:02:26,1000.0,6.49,B
2021-06-08T13:00:17,400.0,6.45,S
2021-06-08T13:00:17,6300.0,6.45,S
2021-06-08T13:00:14,100.0,6.46,B
2021-06-08T13:00:14,1900.0,6.45,S
2021-06-08T13:00:14,8100.0,6.45,S
2021-06-08T13:00:14,200.0,6.46,B
2021-06-08T13:00:14,200.0,6.46,B
2021-06-08T13:00:14,200.0,6.46,B
2021-06-08T13:00:14,200.0,6.46,B
2021-06-08T11:32:21,200.0,6.46,S
2021-06-08T11:32:16,3000.0,6.45,S
2021-06-08T11:32:16,100.0,6.46,S
2021-06-08T11:31:56,1000.0,6.45,S
2021-06-08T11:31:26,200.0,6.46,S
2021-06-08T11:31:21,43000.0,6.45,S
2021-06-08T11:30:16,400.0,6.45,S
2021-06-08T11:30:01,10000.0,6.47,B
2021-06-08T11:29:30,400.0,6.46,S
2021-06-08T11:28:06,300.0,6.46,S
2021-06-08T11:28:00,6500.0,6.46,S
2021-06-08T11:27:18,100.0,6.47,B
2021-06-08T11:27:10,2000.0,6.46,S
2021-06-08T11:27:09,2000.0,6.46,S
2021-06-08T11:27:09,100.0,6.46,S
2021-06-08T11:26:46,1000.0,6.47,B
2021-06-08T11:26:26,1100.0,6.46,S
2021-06-08T11:26:26,700.0,6.46,S
2021-06-08T11:26:05,2400.0,6.49,B
2021-06-08T11:26:00,1700.0,6.49,B
2021-06-08T11:25:44,14700.0,6.47,B
2021-06-08T11:25:38,200.0,6.47,B
2021-06-08T11:25:25,100.0,6.47,B
2021-06-08T11:25:07,1000.0,6.47,B
2021-06-08T11:24:38,400.0,6.47,B
2021-06-08T11:24:25,1000.0,6.46,S
2021-06-08T11:24:24,200.0,6.47,S
2021-06-08T11:23:28,300.0,6.47,S
2021-06-08T11:22:24,200.0,6.47,S
2021-06-08T11:21:47,10000.0,6.46,S
2021-06-08T11:21:34,200.0,6.47,S
2021-06-08T11:19:34,10000.0,6.46,S
2021-06-08T11:19:23,2000.0,6.47,S
2021-06-08T11:18:21,100.0,6.49,S
2021-06-08T11:17:43,300.0,6.47,S
2021-06-08T11:15:47,17400.0,6.46,S
2021-06-08T11:14:58,100.0,6.46,S
2021-06-08T11:14:25,7000.0,6.46,S
2021-06-08T11:14:03,500.0,6.5,B
2021-06-08T11:13:54,5000.0,6.5,B
2021-06-08T11:13:39,100.0,6.49,S
2021-06-08T11:13:33,700.0,6.49,S
2021-06-08T11:13:24,2600.0,6.46,S
2021-06-08T11:13:19,2000.0,6.46,S
2021-06-08T11:12:51,1000.0,6.5,B
2021-06-08T11:12:19,1100.0,6.46,S
2021-06-08T11:11:43,3000.0,6.5,B
2021-06-08T11:10:18,1000.0,6.5,B
2021-06-08T11:10:16,2000.0,6.46,S
2021-06-08T11:09:36,2000.0,6.49,S
2021-06-08T11:09:17,200.0,6.46,S
2021-06-08T11:09:13,3000.0,6.46,S
2021-06-08T11:08:53,300.0,6.5,B
2021-06-08T11:07:10,1500.0,6.5,B
2021-06-08T11:07:04,200.0,6.5,B
2021-06-08T11:04:07,10000.0,6.5,B
2021-06-08T11:03:33,3000.0,6.46,S
2021-06-08T11:02:27,500.0,6.5,B
2021-06-08T11:02:19,300.0,6.5,B
2021-06-08T11:01:00,5000.0,6.45,S
2021-06-08T11:00:53,3000.0,6.5,B
2021-06-08T11:00:22,8000.0,6.5,B
2021-06-08T10:59:18,2000.0,6.5,B
2021-06-08T10:59:08,200.0,6.5,B
2021-06-08T10:58:26,8000.0,6.5,B
2021-06-08T10:57:56,1000.0,6.5,B
2021-06-08T10:56:08,15700.0,6.45,S
2021-06-08T10:56:05,4300.0,6.45,S
2021-06-08T10:56:00,13800.0,6.5,S
2021-06-08T10:55:13,3000.0,6.5,S
2021-06-08T10:55:04,400.0,6.5,S
2021-06-08T10:55:00,200.0,6.5,S
2021-06-08T10:54:57,500.0,6.5,S
2021-06-08T10:54:50,500.0,6.5,S
2021-06-08T10:54:47,10000.0,6.5,S
2021-06-08T10:54:18,2000.0,6.5,S
2021-06-08T10:54:18,7000.0,6.5,S
2021-06-08T10:54:00,15000.0,6.5,S
2021-06-08T10:53:16,200.0,6.5,S
2021-06-08T10:52:24,200.0,6.5,S
2021-06-08T10:52:24,15000.0,6.5,S
2021-06-08T10:52:13,100.0,6.49,S
2021-06-08T10:52:13,1900.0,6.49,S
2021-06-08T10:52:13,3000.0,6.49,S
2021-06-08T10:51:10,1400.0,6.5,S
2021-06-08T10:51:00,5000.0,6.5,S
2021-06-08T10:50:54,3900.0,6.5,S
2021-06-08T10:50:51,3000.0,6.51,B
2021-06-08T10:50:40,500.0,6.5,S
2021-06-08T10:50:32,100.0,6.51,B
2021-06-08T10:50:08,10000.0,6.5,S
2021-06-08T10:50:06,400.0,6.5,S
2021-06-08T10:50:06,100.0,6.5,S
2021-06-08T10:50:01,200.0,6.5,S
2021-06-08T10:49:44,300.0,6.5,S
2021-06-08T10:49:30,2000.0,6.5,S
2021-06-08T10:49:07,300.0,6.5,S
2021-06-08T10:48:55,700.0,6.5,S
2021-06-08T10:48:45,1000.0,6.5,S
2021-06-08T10:48:26,500.0,6.51,B
2021-06-08T10:48:16,100.0,6.51,B
2021-06-08T10:48:14,100.0,6.51,B
2021-06-08T10:48:06,1000.0,6.51,B
2021-06-08T10:48:00,1000.0,6.51,B
2021-06-08T10:47:43,1000.0,6.5,S
2021-06-08T10:47:39,4000.0,6.5,S
2021-06-08T10:47:32,400.0,6.5,S
2021-06-08T10:47:31,600.0,6.5,S
2021-06-08T10:47:12,4700.0,6.5,S
2021-06-08T10:47:12,1100.0,6.5,S
2021-06-08T10:47:12,19200.0,6.5,S
2021-06-08T10:47:07,10000.0,6.51,S
2021-06-08T10:47:02,5000.0,6.5,S
2021-06-08T10:47:00,2000.0,6.51,S
2021-06-08T10:45:51,10000.0,6.5,S
2021-06-08T10:45:39,1000.0,6.5,S
2021-06-08T10:45:28,2000.0,6.5,S
2021-06-08T10:45:11,2000.0,6.51,S
2021-06-08T10:45:10,500.0,6.51,S
2021-06-08T10:44:40,5000.0,6.51,S
2021-06-08T10:43:38,200.0,6.51,S
2021-06-08T10:43:20,4300.0,6.5,S
2021-06-08T10:42:32,2000.0,6.51,S
2021-06-08T10:42:20,200.0,6.5,S
2021-06-08T10:42:03,300.0,6.5,S
2021-06-08T10:42:03,100.0,6.5,S
2021-06-08T10:42:03,1600.0,6.5,S
2021-06-08T10:41:59,500.0,6.51,S
2021-06-08T10:41:38,6700.0,6.51,S
2021-06-08T10:40:53,5000.0,6.51,S
2021-06-08T10:40:18,100.0,6.51,S
2021-06-08T10:40:15,600.0,6.51,S
2021-06-08T10:39:36,6600.0,6.51,S
2021-06-08T10:39:36,5700.0,6.51,S
2021-06-08T10:39:08,500.0,6.51,S
2021-06-08T10:38:39,500.0,6.51,S
2021-06-08T10:38:21,1000.0,6.51,S
2021-06-08T10:37:54,10000.0,6.51,S
2021-06-08T10:37:41,100.0,6.51,S
2021-06-08T10:37:37,300.0,6.51,S
2021-06-08T10:37:28,100.0,6.51,S
2021-06-08T10:37:09,6400.0,6.51,S
2021-06-08T10:36:53,100.0,6.51,S
2021-06-08T10:36:43,300.0,6.51,S
2021-06-08T10:36:15,200.0,6.51,S
2021-06-08T10:36:09,100.0,6.51,S
2021-06-08T10:36:00,18700.0,6.5,S
2021-06-08T10:36:00,30000.0,6.5,S
2021-06-08T10:36:00,11100.0,6.5,S
2021-06-08T10:35:59,10000.0,6.5,S
2021-06-08T10:35:59,2600.0,6.5,S
2021-06-08T10:35:59,15700.0,6.51,S
2021-06-08T10:35:59,4500.0,6.51,S
2021-06-08T10:35:59,7400.0,6.51,S
2021-06-08T10:33:37,10000.0,6.51,S
2021-06-08T10:32:30,200.0,6.54,B
2021-06-08T10:32:28,200.0,6.52,B
2021-06-08T10:32:06,100.0,6.51,S
2021-06-08T10:31:48,700.0,6.54,S
2021-06-08T10:31:10,300.0,6.54,S
2021-06-08T10:30:02,2000.0,6.54,S
2021-06-08T10:30:01,1000.0,6.54,S
2021-06-08T10:29:12,2000.0,6.51,S
2021-06-08T10:29:10,7900.0,6.55,B
2021-06-08T10:28:57,200.0,6.51,S
2021-06-08T10:28:52,1300.0,6.51,S
2021-06-08T10:28:04,1100.0,6.55,B
2021-06-08T10:27:54,1500.0,6.55,B
2021-06-08T10:27:47,1900.0,6.55,B
2021-06-08T10:27:45,500.0,6.54,S
2021-06-08T10:27:14,500.0,6.54,S
2021-06-08T10:26:49,1000.0,6.54,S
2021-06-08T10:26:13,1000.0,6.55,B
2021-06-08T10:26:06,1000.0,6.55,B
2021-06-08T10:26:06,900.0,6.55,B
2021-06-08T10:26:05,100.0,6.55,B
2021-06-08T10:25:52,2000.0,6.55,B
2021-06-08T10:25:36,3000.0,6.55,B
2021-06-08T10:25:31,1000.0,6.55,B
2021-06-08T10:25:30,1800.0,6.55,B
2021-06-08T10:24:53,1500.0,6.55,B
2021-06-08T10:24:18,10000.0,6.51,S
2021-06-08T10:24:10,2500.0,6.55,B
2021-06-08T10:24:10,11800.0,6.55,B
2021-06-08T10:24:08,2000.0,6.55,B
2021-06-08T10:23:47,500.0,6.6,B
2021-06-08T10:23:13,600.0,6.55,B
2021-06-08T10:23:00,100.0,6.55,B
2021-06-08T10:22:55,1000.0,6.55,B
2021-06-08T10:22:19,1000.0,6.6,B
2021-06-08T10:21:50,15000.0,6.55,B
2021-06-08T10:21:31,500.0,6.6,B
2021-06-08T10:21:16,500.0,6.6,B
2021-06-08T10:21:15,500.0,6.56,B
2021-06-08T10:20:53,2000.0,6.55,B
2021-06-08T10:20:02,2000.0,6.55,B
2021-06-08T10:19:59,700.0,6.55,B
2021-06-08T10:19:41,2900.0,6.55,B
2021-06-08T10:19:36,100.0,6.53,S
2021-06-08T10:19:29,3000.0,6.55,B
2021-06-08T10:19:22,2000.0,6.55,B
2021-06-08T10:19:06,100.0,6.55,B
2021-06-08T10:18:54,100.0,6.51,S
2021-06-08T10:18:35,900.0,6.55,B
2021-06-08T10:18:23,2400.0,6.55,B
2021-06-08T10:18:16,100.0,6.55,B
2021-06-08T10:18:12,2200.0,6.5,S
2021-06-08T10:17:50,1000.0,6.5,S
2021-06-08T10:16:51,100.0,6.55,B
2021-06-08T10:16:11,1000.0,6.55,B
2021-06-08T10:16:01,100.0,6.5,B
2021-06-08T10:15:52,500.0,6.5,B
2021-06-08T10:15:44,500.0,6.5,B
2021-06-08T10:15:26,1000.0,6.55,B
2021-06-08T10:15:24,1700.0,6.5,B
2021-06-08T10:15:18,5000.0,6.49,B
2021-06-08T10:15:01,3300.0,6.5,B
2021-06-08T10:14:49,5000.0,6.5,B
2021-06-08T10:14:32,1000.0,6.63,B
2021-06-08T10:14:26,600.0,6.5,B
2021-06-08T10:13:56,1000.0,6.64,B
2021-06-08T10:13:53,1000.0,6.5,B
2021-06-08T10:13:34,100.0,6.5,B
2021-06-08T10:13:23,500.0,6.64,B
2021-06-08T10:13:00,100.0,6.63,B
2021-06-08T10:12:51,100.0,6.63,B
2021-06-08T10:12:50,400.0,6.63,B
2021-06-08T10:12:37,200.0,6.63,B
2021-06-08T10:12:37,400.0,6.63,B
2021-06-08T10:12:37,400.0,6.62,B
2021-06-08T10:12:37,1000.0,6.62,B
2021-06-08T10:12:37,100.0,6.61,B
2021-06-08T10:12:37,2600.0,6.61,B
2021-06-08T10:12:37,9600.0,6.6,B
2021-06-08T10:12:37,100.0,6.6,B
2021-06-08T10:12:36,1700.0,6.6,B
2021-06-08T10:12:36,1400.0,6.6,B
2021-06-08T10:12:36,5000.0,6.57,B
2021-06-08T10:12:36,100.0,6.57,B
2021-06-08T10:12:36,600.0,6.57,B
2021-06-08T10:12:36,1500.0,6.55,B
2021-06-08T10:12:36,300.0,6.55,B
2021-06-08T10:12:36,300.0,6.51,B
2021-06-08T10:12:36,5700.0,6.5,B
2021-06-08T10:12:33,100.0,6.46,B
2021-06-08T10:12:17,5000.0,6.45,B
2021-06-08T10:12:11,5000.0,6.46,B
2021-06-08T10:12:04,500.0,6.5,B
2021-06-08T10:12:04,2100.0,6.5,B
2021-06-08T10:12:04,1000.0,6.5,B
2021-06-08T10:12:03,2800.0,6.5,B
2021-06-08T10:11:51,2000.0,6.49,B
2021-06-08T10:10:56,1000.0,6.47,B
2021-06-08T10:10:50,1000.0,6.47,B
2021-06-08T10:10:26,1000.0,6.49,B
2021-06-08T10:10:25,900.0,6.49,B
2021-06-08T10:09:35,10000.0,6.44,S
2021-06-08T10:09:14,5500.0,6.49,B
2021-06-08T10:09:14,100.0,6.49,B
2021-06-08T10:09:14,5100.0,6.49,B
2021-06-08T10:09:14,5000.0,6.48,B
2021-06-08T10:09:13,400.0,6.48,B
2021-06-08T10:09:13,3900.0,6.45,B
2021-06-08T10:09:08,1000.0,6.45,B
2021-06-08T10:08:10,10000.0,6.44,S
2021-06-08T10:08:10,2000.0,6.45,B
2021-06-08T10:08:08,200.0,6.45,B
2021-06-08T10:08:03,300.0,6.45,B
2021-06-08T10:07:44,5000.0,6.45,B
2021-06-08T10:07:41,2900.0,6.44,B
2021-06-08T10:07:08,5700.0,6.44,B
2021-06-08T10:07:02,500.0,6.44,B
2021-06-08T10:05:44,1000.0,6.44,B
2021-06-08T10:05:31,500.0,6.42,B
2021-06-08T10:04:31,200.0,6.43,B
2021-06-08T10:04:28,800.0,6.42,B
2021-06-08T10:04:26,200.0,6.41,B
2021-06-08T10:03:43,500.0,6.41,B
2021-06-08T10:03:18,1000.0,6.42,B
2021-06-08T10:03:15,3000.0,6.42,B
2021-06-08T10:03:09,3000.0,6.41,B
2021-06-08T10:02:59,300.0,6.41,B
2021-06-08T10:02:23,1000.0,6.41,B
2021-06-08T10:02:22,300.0,6.41,B
2021-06-08T10:02:06,1000.0,6.41,B
2021-06-08T10:01:57,10000.0,6.4,S
2021-06-08T10:01:00,3000.0,6.42,B
2021-06-08T10:00:49,700.0,6.4,S
2021-06-08T10:00:40,8300.0,6.4,S
2021-06-08T10:00:21,500.0,6.4,S
2021-06-08T10:00:17,1000.0,6.4,S
2021-06-08T09:59:18,100.0,6.4,B
2021-06-08T09:59:17,1000.0,6.4,B
2021-06-08T09:58:48,500.0,6.4,B
2021-06-08T09:58:43,500.0,6.4,B
2021-06-08T09:58:36,1000.0,6.4,B
2021-06-08T09:58:10,5100.0,6.4,B
2021-06-08T09:57:57,20000.0,6.4,B
2021-06-08T09:56:34,1800.0,6.4,B
2021-06-08T09:56:13,200.0,6.4,B
2021-06-08T09:56:06,4500.0,6.4,B
2021-06-08T09:55:47,1600.0,6.4,B
2021-06-08T09:55:41,16000.0,6.4,B
2021-06-08T09:55:38,2000.0,6.4,B
2021-06-08T09:55:35,500.0,6.39,S
2021-06-08T09:55:31,400.0,6.39,S
2021-06-08T09:55:31,200.0,6.39,S
2021-06-08T09:55:31,200.0,6.39,S
2021-06-08T09:55:31,11100.0,6.39,S
2021-06-08T09:55:25,3000.0,6.4,B
2021-06-08T09:55:24,2000.0,6.4,B
2021-06-08T09:55:02,100.0,6.39,S
2021-06-08T09:54:46,9700.0,6.4,B
2021-06-08T09:54:46,9700.0,6.4,B
2021-06-08T09:54:46,100.0,6.4,B
2021-06-08T09:54:46,5000.0,6.4,B
2021-06-08T09:54:46,200.0,6.4,B
2021-06-08T09:54:46,19800.0,6.4,B
2021-06-08T09:54:46,7500.0,6.4,B
2021-06-08T09:54:46,3600.0,6.4,B
2021-06-08T09:54:46,200.0,6.4,B
2021-06-08T09:54:46,10000.0,6.4,B
2021-06-08T09:54:46,3200.0,6.4,B
2021-06-08T09:54:46,31000.0,6.4,B
2021-06-08T09:54:43,9000.0,6.4,B
2021-06-08T09:54:32,100.0,6.39,S
2021-06-08T09:54:06,5000.0,6.4,B
2021-06-08T09:53:38,2000.0,6.4,B
2021-06-08T09:53:37,1000.0,6.4,B
2021-06-08T09:53:22,300.0,6.39,S
2021-06-08T09:53:12,3200.0,6.4,B
2021-06-08T09:53:12,500.0,6.4,B
2021-06-08T09:53:10,5100.0,6.4,B
2021-06-08T09:52:55,3000.0,6.4,B
2021-06-08T09:52:45,3200.0,6.4,B
2021-06-08T09:52:06,2600.0,6.39,S
2021-06-08T09:51:55,20000.0,6.4,B
2021-06-08T09:51:48,10000.0,6.39,S
2021-06-08T09:51:02,200.0,6.39,B
2021-06-08T09:51:02,2800.0,6.39,B
2021-06-08T09:50:54,3000.0,6.4,B
2021-06-08T09:50:50,2000.0,6.4,B
2021-06-08T09:50:07,3000.0,6.4,B
2021-06-08T09:49:40,4500.0,6.39,B
2021-06-08T09:49:33,3200.0,6.39,B
2021-06-08T09:49:21,2000.0,6.4,B
2021-06-08T09:49:18,5000.0,6.4,B
2021-06-08T09:48:16,500.0,6.39,B
2021-06-08T09:47:57,100.0,6.39,B
2021-06-08T09:47:24,4000.0,6.39,B
2021-06-08T09:47:16,2000.0,6.4,B
2021-06-08T09:47:12,10000.0,6.39,B
2021-06-08T09:47:00,100.0,6.39,B
2021-06-08T09:46:47,300.0,6.39,B
2021-06-08T09:46:37,2000.0,6.39,B
2021-06-08T09:45:57,100.0,6.4,B
2021-06-08T09:45:27,7000.0,6.4,B
2021-06-08T09:45:12,5000.0,6.39,B
2021-06-08T09:45:01,100.0,6.39,B
2021-06-08T09:44:36,300.0,6.39,B
2021-06-08T09:44:21,200.0,6.39,B
2021-06-08T09:44:08,800.0,6.39,B
2021-06-08T09:43:55,30000.0,6.38,S
2021-06-08T09:43:50,100.0,6.39,B
2021-06-08T09:43:42,10000.0,6.38,S
2021-06-08T09:43:25,2000.0,6.38,S
2021-06-08T09:43:24,2500.0,6.38,S
2021-06-08T09:43:24,1000.0,6.38,S
2021-06-08T09:43:15,10000.0,6.38,S
2021-06-08T09:42:47,100.0,6.39,B
2021-06-08T09:42:39,3700.0,6.38,S
2021-06-08T09:42:24,1000.0,6.38,S
2021-06-08T09:41:54,1100.0,6.38,B
2021-06-08T09:41:25,1000.0,6.38,B
2021-06-08T09:41:08,1000.0,6.38,B
2021-06-08T09:40:44,5000.0,6.36,S
2021-06-08T09:40:05,200.0,6.36,S
2021-06-08T09:40:04,14000.0,6.36,S
2021-06-08T09:40:04,4900.0,6.36,S
2021-06-08T09:40:04,1100.0,6.38,B
2021-06-08T09:39:57,1000.0,6.38,B
2021-06-08T09:38:58,1600.0,6.36,S
2021-06-08T09:38:58,4400.0,6.38,B
2021-06-08T09:38:54,600.0,6.38,B
2021-06-08T09:38:33,100.0,6.38,B
2021-06-08T09:38:33,300.0,6.38,B
2021-06-08T09:38:28,500.0,6.38,B
2021-06-08T09:38:17,3000.0,6.38,B
2021-06-08T09:38:17,16200.0,6.38,B
2021-06-08T09:38:03,500.0,6.35,S
2021-06-08T09:37:59,13800.0,6.35,S
2021-06-08T09:37:49,1000.0,6.35,S
2021-06-08T09:37:47,2200.0,6.35,S
2021-06-08T09:37:47,11000.0,6.35,S
2021-06-08T09:37:47,100.0,6.35,S
2021-06-08T09:37:47,400.0,6.35,S
2021-06-08T09:37:47,5900.0,6.35,S
2021-06-08T09:37:47,30500.0,6.35,S
2021-06-08T09:37:47,2000.0,6.35,S
2021-06-08T09:37:47,5200.0,6.35,S
2021-06-08T09:37:47,12300.0,6.35,S
2021-06-08T09:37:47,15000.0,6.35,S
2021-06-08T09:37:47,500.0,6.35,S
2021-06-08T09:37:47,700.0,6.35,S
2021-06-08T09:37:47,4400.0,6.35,S
2021-06-08T09:37:19,300.0,6.38,B
2021-06-08T09:37:14,4500.0,6.35,S
2021-06-08T09:37:14,1500.0,6.35,S
2021-06-08T09:37:14,14000.0,6.35,S
2021-06-08T09:36:40,10000.0,6.35,S
2021-06-08T09:36:31,2000.0,6.35,S
2021-06-08T09:35:39,2000.0,6.38,B
2021-06-08T09:34:59,2000.0,6.35,S
2021-06-08T09:34:51,200.0,6.35,S
2021-06-08T09:34:31,10000.0,6.35,S
2021-06-08T09:34:29,2200.0,6.36,S
2021-06-08T09:34:16,800.0,6.38,B
2021-06-08T09:33:41,100.0,6.38,S
2021-06-08T09:33:17,200.0,6.36,S
2021-06-08T09:32:52,100.0,6.38,S
2021-06-08T09:32:41,500.0,6.38,S
2021-06-08T09:32:22,4200.0,6.36,S
2021-06-08T09:30:43,1000.0,6.4,B
2021-06-08T09:30:43,3000.0,6.39,S
2021-06-08T09:29:57,100.0,6.39,S
2021-06-08T09:29:36,1000.0,6.39,S
2021-06-08T09:29:00,2300.0,6.36,S
2021-06-08T09:27:44,400.0,6.4,B
2021-06-08T09:27:34,10000.0,6.38,S
2021-06-08T09:27:25,200.0,6.35,S
2021-06-08T09:27:16,1000.0,6.35,S
2021-06-08T09:27:16,700.0,6.35,S
2021-06-08T09:27:12,300.0,6.35,S
2021-06-08T09:27:07,100.0,6.4,B
2021-06-08T09:27:07,2000.0,6.35,S
2021-06-08T09:26:51,1000.0,6.35,S
2021-06-08T09:26:16,500.0,6.35,S
2021-06-08T09:26:03,3000.0,6.35,S
2021-06-08T09:25:51,8800.0,6.35,S
2021-06-08T09:24:59,100.0,6.35,S
2021-06-08T09:24:57,1500.0,6.4,B
2021-06-08T09:24:56,100.0,6.36,S
2021-06-08T09:24:47,100.0,6.36,S
2021-06-08T09:23:39,600.0,6.35,S
2021-06-08T09:23:18,4000.0,6.35,S
2021-06-08T09:23:08,3100.0,6.4,B
2021-06-08T09:22:56,30000.0,6.4,B
2021-06-08T09:22:50,6000.0,6.35,S
2021-06-08T09:22:40,400.0,6.36,S
2021-06-08T09:22:14,3700.0,6.4,B
2021-06-08T09:22:14,2000.0,6.4,B
2021-06-08T09:22:14,26300.0,6.4,B
2021-06-08T09:21:10,6000.0,6.35,S
2021-06-08T09:19:58,300.0,6.36,S
2021-06-08T09:19:20,500.0,6.4,B
2021-06-08T09:19:16,1300.0,6.4,B
2021-06-08T09:19:09,1000.0,6.4,B
2021-06-08T09:18:45,10000.0,6.35,S
2021-06-08T09:18:39,20000.0,6.34,S
2021-06-08T09:18:24,400.0,6.35,S
2021-06-08T09:18:24,1000.0,6.35,S
2021-06-08T09:18:13,1000.0,6.35,S
2021-06-08T09:17:57,100.0,6.4,B
2021-06-08T09:17:47,100.0,6.35,S
2021-06-08T09:17:15,10000.0,6.34,S
2021-06-08T09:16:36,4500.0,6.35,B
2021-06-08T09:16:22,500.0,6.35,B
2021-06-08T09:15:53,100.0,6.34,B
