tradingTime,volume,price,side
2021-06-08T14:30:01,100.0,14.8,S
2021-06-08T14:28:10,200.0,15.0,B
2021-06-08T14:27:59,3700.0,14.8,S
2021-06-08T14:27:56,800.0,14.8,S
2021-06-08T14:27:41,10000.0,14.8,S
2021-06-08T14:26:31,100.0,14.8,S
2021-06-08T14:25:51,2600.0,14.8,S
2021-06-08T14:25:50,200.0,14.9,S
2021-06-08T14:25:47,1900.0,14.9,S
2021-06-08T14:24:43,200.0,14.8,S
2021-06-08T14:24:37,100.0,14.8,S
2021-06-08T14:24:21,1000.0,14.8,S
2021-06-08T14:24:12,1400.0,14.9,B
2021-06-08T14:24:09,500.0,14.9,S
2021-06-08T14:23:49,500.0,14.9,S
2021-06-08T14:22:56,100.0,14.9,S
2021-06-08T14:22:34,3000.0,14.9,B
2021-06-08T14:22:04,1000.0,14.8,S
2021-06-08T14:21:49,100.0,14.9,B
2021-06-08T14:21:42,500.0,14.9,B
2021-06-08T14:21:28,3000.0,14.8,S
2021-06-08T14:21:15,1200.0,14.9,S
2021-06-08T14:21:05,100.0,14.9,S
2021-06-08T14:20:45,300.0,14.9,S
2021-06-08T14:20:34,400.0,14.9,S
2021-06-08T14:20:00,4400.0,14.9,B
2021-06-08T14:19:42,100.0,14.9,S
2021-06-08T14:19:19,500.0,14.9,S
2021-06-08T14:18:10,900.0,14.8,S
2021-06-08T14:18:00,3400.0,14.8,S
2021-06-08T14:17:23,1000.0,14.8,S
2021-06-08T14:14:35,52500.0,14.8,S
2021-06-08T14:14:32,100.0,15.2,B
2021-06-08T14:14:08,500.0,15.1,S
2021-06-08T14:13:22,500.0,15.1,S
2021-06-08T14:13:15,100.0,15.1,S
2021-06-08T14:12:50,500.0,15.1,S
2021-06-08T14:09:56,1600.0,15.1,S
2021-06-08T14:09:52,3000.0,15.4,B
2021-06-08T14:09:47,500.0,15.4,B
2021-06-08T14:09:28,1100.0,15.4,B
2021-06-08T14:08:12,3000.0,15.3,B
2021-06-08T14:08:08,2000.0,15.2,S
2021-06-08T14:07:16,100.0,15.3,B
2021-06-08T14:06:21,500.0,15.3,S
2021-06-08T14:04:38,2900.0,15.3,B
2021-06-08T14:04:25,4300.0,15.2,B
2021-06-08T14:04:09,4800.0,15.1,B
2021-06-08T14:02:51,100.0,15.1,B
2021-06-08T14:02:12,100.0,15.1,B
2021-06-08T14:02:08,1000.0,15.1,B
2021-06-08T14:01:57,300.0,15.1,B
2021-06-08T14:01:19,100.0,15.1,B
2021-06-08T14:00:40,600.0,15.1,B
2021-06-08T14:00:05,300.0,15.1,B
2021-06-08T13:59:17,1000.0,15.1,B
2021-06-08T13:59:12,100.0,15.0,S
2021-06-08T13:58:41,1500.0,15.0,S
2021-06-08T13:58:13,400.0,15.0,S
2021-06-08T13:57:50,500.0,15.0,S
2021-06-08T13:57:35,500.0,15.0,S
2021-06-08T13:57:10,1400.0,15.0,S
2021-06-08T13:55:06,200.0,14.9,S
2021-06-08T13:54:15,2000.0,14.9,S
2021-06-08T13:53:34,1000.0,14.9,S
2021-06-08T13:52:55,300.0,15.0,B
2021-06-08T13:52:40,100.0,15.0,B
2021-06-08T13:52:33,100.0,15.0,B
2021-06-08T13:52:10,400.0,15.0,S
2021-06-08T13:52:02,3600.0,15.0,B
2021-06-08T13:51:55,1000.0,15.0,B
2021-06-08T13:51:52,500.0,15.0,B
2021-06-08T13:51:11,2400.0,15.0,B
2021-06-08T13:50:43,500.0,15.0,B
2021-06-08T13:50:34,200.0,14.9,S
2021-06-08T13:50:33,1000.0,14.9,S
2021-06-08T13:50:09,800.0,15.0,B
2021-06-08T13:48:35,100.0,14.9,S
2021-06-08T13:48:03,200.0,14.9,S
2021-06-08T13:47:39,100.0,14.9,S
2021-06-08T13:45:45,9500.0,14.9,B
2021-06-08T13:45:22,5000.0,14.9,B
2021-06-08T13:44:56,100.0,14.9,B
2021-06-08T13:44:40,5000.0,14.9,B
2021-06-08T13:44:05,1000.0,14.9,B
2021-06-08T13:43:40,500.0,14.9,B
2021-06-08T13:43:32,2000.0,14.9,B
2021-06-08T13:43:27,200.0,14.9,B
2021-06-08T13:43:06,200.0,14.9,B
2021-06-08T13:42:51,100.0,14.9,B
2021-06-08T13:42:22,1400.0,14.9,B
2021-06-08T13:42:10,1000.0,14.9,B
2021-06-08T13:41:50,400.0,14.9,B
2021-06-08T13:41:35,900.0,14.9,B
2021-06-08T13:40:16,1000.0,14.9,B
2021-06-08T13:40:12,10000.0,14.8,S
2021-06-08T13:40:04,900.0,14.8,S
2021-06-08T13:39:41,1000.0,14.8,S
2021-06-08T13:38:38,500.0,14.8,S
2021-06-08T13:38:36,100.0,14.8,S
2021-06-08T13:38:31,1000.0,14.8,S
2021-06-08T13:38:08,700.0,14.8,S
2021-06-08T13:37:55,1500.0,14.8,S
2021-06-08T13:36:54,1000.0,14.8,S
2021-06-08T13:36:47,200.0,14.8,S
2021-06-08T13:36:40,1000.0,14.8,S
2021-06-08T13:36:15,2100.0,14.8,S
2021-06-08T13:35:52,100.0,14.9,B
2021-06-08T13:34:21,200.0,14.9,B
2021-06-08T13:34:14,2000.0,14.9,B
2021-06-08T13:33:08,200.0,14.8,S
2021-06-08T13:32:50,300.0,14.9,B
2021-06-08T13:32:33,100.0,14.9,B
2021-06-08T13:32:14,300.0,14.8,S
2021-06-08T13:32:11,1000.0,14.8,S
2021-06-08T13:32:03,1000.0,14.8,S
2021-06-08T13:31:32,1000.0,14.8,S
2021-06-08T13:31:19,2200.0,14.9,B
2021-06-08T13:31:10,1000.0,14.9,B
2021-06-08T13:31:09,300.0,14.9,B
2021-06-08T13:31:07,8000.0,14.8,S
2021-06-08T13:31:02,500.0,14.9,B
2021-06-08T13:30:58,3000.0,14.9,B
2021-06-08T13:30:14,1000.0,14.9,B
2021-06-08T13:29:57,100.0,14.9,B
2021-06-08T13:29:09,100.0,14.9,B
2021-06-08T13:29:07,100.0,14.8,S
2021-06-08T13:28:54,400.0,14.8,S
2021-06-08T13:28:41,10100.0,14.8,S
2021-06-08T13:28:31,5000.0,14.8,S
2021-06-08T13:28:20,500.0,14.8,S
2021-06-08T13:28:17,1000.0,14.9,B
2021-06-08T13:27:55,35000.0,14.8,S
2021-06-08T13:27:53,5000.0,14.9,B
2021-06-08T13:27:33,200.0,14.9,B
2021-06-08T13:27:23,200.0,14.9,B
2021-06-08T13:27:15,1000.0,14.9,B
2021-06-08T13:27:01,100.0,14.9,B
2021-06-08T13:26:43,10500.0,14.9,B
2021-06-08T13:26:24,6000.0,14.8,S
2021-06-08T13:25:48,5000.0,14.9,B
2021-06-08T13:25:36,200.0,14.9,S
2021-06-08T13:24:52,4400.0,15.0,S
2021-06-08T13:24:44,1500.0,15.0,S
2021-06-08T13:24:38,5000.0,15.0,S
2021-06-08T13:24:30,5200.0,15.0,S
2021-06-08T13:23:44,200.0,15.0,S
2021-06-08T13:23:20,1500.0,15.0,S
2021-06-08T13:23:05,100.0,15.0,S
2021-06-08T13:23:03,5000.0,15.0,S
2021-06-08T13:23:02,1900.0,15.0,S
2021-06-08T13:22:50,2000.0,15.0,S
2021-06-08T13:22:45,100.0,15.0,S
2021-06-08T13:22:36,500.0,15.0,S
2021-06-08T13:22:29,100.0,15.0,S
2021-06-08T13:22:13,100.0,15.0,S
2021-06-08T13:21:43,1800.0,15.0,S
2021-06-08T13:21:39,60000.0,15.0,S
2021-06-08T13:21:09,1000.0,15.1,B
2021-06-08T13:20:59,100.0,15.1,B
2021-06-08T13:19:33,100.0,15.1,B
2021-06-08T13:19:16,800.0,15.0,S
2021-06-08T13:19:10,500.0,15.0,S
2021-06-08T13:18:55,1000.0,15.0,S
2021-06-08T13:18:37,3000.0,15.0,S
2021-06-08T13:18:35,400.0,15.0,S
2021-06-08T13:18:25,4500.0,15.1,B
2021-06-08T13:18:13,200.0,15.0,S
2021-06-08T13:17:48,400.0,15.1,B
2021-06-08T13:17:28,100.0,15.1,B
2021-06-08T13:17:11,200.0,15.1,B
2021-06-08T13:17:10,2000.0,15.1,B
2021-06-08T13:17:09,2000.0,15.1,B
2021-06-08T13:17:01,4300.0,15.0,S
2021-06-08T13:16:51,300.0,15.0,S
2021-06-08T13:16:49,1000.0,15.0,S
2021-06-08T13:16:30,600.0,15.1,S
2021-06-08T13:16:16,100.0,15.2,B
2021-06-08T13:16:14,3300.0,15.1,S
2021-06-08T13:16:08,600.0,15.1,S
2021-06-08T13:15:52,6000.0,15.1,S
2021-06-08T13:15:34,1700.0,15.1,S
2021-06-08T13:15:20,4500.0,15.1,S
2021-06-08T13:15:03,500.0,15.1,S
2021-06-08T13:13:57,100.0,15.2,B
2021-06-08T13:13:36,500.0,15.2,S
2021-06-08T13:13:14,5500.0,15.2,S
2021-06-08T13:13:02,100.0,15.3,B
2021-06-08T13:12:55,500.0,15.3,B
2021-06-08T13:12:13,200.0,15.3,S
2021-06-08T13:12:02,300.0,15.3,S
2021-06-08T13:11:40,200.0,15.3,S
2021-06-08T13:10:58,13000.0,15.3,S
2021-06-08T13:10:11,500.0,15.3,S
2021-06-08T13:10:01,200.0,15.4,B
2021-06-08T13:08:15,1300.0,15.4,S
2021-06-08T13:07:45,100.0,15.4,S
2021-06-08T13:07:30,2800.0,15.4,S
2021-06-08T13:07:20,5000.0,15.4,S
2021-06-08T13:06:44,500.0,15.4,S
2021-06-08T13:06:06,300.0,15.4,S
2021-06-08T13:05:35,5700.0,15.5,S
2021-06-08T13:05:22,100.0,15.5,S
2021-06-08T13:04:48,2100.0,15.5,S
2021-06-08T13:04:20,800.0,15.5,S
2021-06-08T13:03:03,100.0,15.6,B
2021-06-08T13:02:58,3000.0,15.5,S
2021-06-08T13:02:26,1000.0,15.5,S
2021-06-08T13:01:32,100.0,15.6,B
2021-06-08T13:01:30,38200.0,15.5,S
2021-06-08T13:01:12,100.0,15.6,B
2021-06-08T13:00:43,900.0,15.6,B
2021-06-08T13:00:32,1000.0,15.5,S
2021-06-08T13:00:26,700.0,15.6,B
2021-06-08T13:00:25,400.0,15.5,S
2021-06-08T13:00:25,1700.0,15.5,S
2021-06-08T13:00:21,400.0,15.5,S
2021-06-08T13:00:19,70000.0,15.5,S
2021-06-08T13:00:10,4500.0,15.6,B
2021-06-08T13:00:09,400.0,15.6,B
2021-06-08T11:27:53,100.0,15.5,S
2021-06-08T11:27:33,1000.0,15.6,B
2021-06-08T11:27:19,100.0,15.5,S
2021-06-08T11:26:43,1000.0,15.6,B
2021-06-08T11:26:23,600.0,15.6,B
2021-06-08T11:26:11,5100.0,15.6,B
2021-06-08T11:26:02,500.0,15.7,B
2021-06-08T11:25:38,500.0,15.7,S
2021-06-08T11:25:34,3500.0,15.7,S
2021-06-08T11:25:31,500.0,15.6,S
2021-06-08T11:25:25,100.0,15.6,S
2021-06-08T11:21:36,100.0,15.7,S
2021-06-08T11:20:59,2000.0,15.7,B
2021-06-08T11:20:58,15000.0,15.7,B
2021-06-08T11:20:24,1000.0,15.7,B
2021-06-08T11:20:23,600.0,15.6,S
2021-06-08T11:20:11,500.0,15.6,S
2021-06-08T11:18:10,500.0,15.6,S
2021-06-08T11:17:46,100.0,15.6,S
2021-06-08T11:16:38,200.0,15.6,S
2021-06-08T11:16:08,7000.0,15.6,B
2021-06-08T11:16:05,6100.0,15.5,S
2021-06-08T11:15:13,100.0,15.5,S
2021-06-08T11:14:34,1000.0,15.5,S
2021-06-08T11:14:28,1300.0,15.5,S
2021-06-08T11:13:58,4000.0,15.6,B
2021-06-08T11:13:52,1100.0,15.5,S
2021-06-08T11:13:17,1900.0,15.6,B
2021-06-08T11:12:22,200.0,15.5,S
2021-06-08T11:12:01,3000.0,15.5,S
2021-06-08T11:11:41,3000.0,15.5,S
2021-06-08T11:10:46,500.0,15.5,S
2021-06-08T11:10:16,3500.0,15.6,B
2021-06-08T11:09:45,200.0,15.6,B
2021-06-08T11:09:09,1000.0,15.6,B
2021-06-08T11:09:06,1000.0,15.6,B
2021-06-08T11:08:46,2000.0,15.6,B
2021-06-08T11:07:59,500.0,15.6,S
2021-06-08T11:07:58,1500.0,15.6,B
2021-06-08T11:07:50,3000.0,15.6,B
2021-06-08T11:07:37,100.0,15.6,B
2021-06-08T11:07:27,500.0,15.6,B
2021-06-08T11:06:46,3000.0,15.6,B
2021-06-08T11:06:33,500.0,15.6,B
2021-06-08T11:05:54,200.0,15.5,S
2021-06-08T11:05:47,1800.0,15.6,B
2021-06-08T11:05:16,600.0,15.5,S
2021-06-08T11:04:54,200.0,15.5,S
2021-06-08T11:02:39,1000.0,15.5,S
2021-06-08T11:02:36,3000.0,15.5,S
2021-06-08T11:02:35,300.0,15.6,B
2021-06-08T11:02:25,2100.0,15.5,S
2021-06-08T11:01:58,600.0,15.5,S
2021-06-08T11:01:52,1700.0,15.5,S
2021-06-08T11:00:49,2700.0,15.6,B
2021-06-08T11:00:13,6600.0,15.5,S
2021-06-08T10:58:23,1000.0,15.5,S
2021-06-08T10:58:15,1000.0,15.5,S
2021-06-08T10:57:37,6000.0,15.5,S
2021-06-08T10:56:36,100.0,15.6,B
2021-06-08T10:56:23,1000.0,15.5,S
2021-06-08T10:54:00,200.0,15.6,B
2021-06-08T10:53:27,100.0,15.5,S
2021-06-08T10:52:52,100.0,15.5,S
2021-06-08T10:52:47,500.0,15.5,S
2021-06-08T10:52:33,500.0,15.6,B
2021-06-08T10:52:33,1000.0,15.6,B
2021-06-08T10:52:08,2200.0,15.6,S
2021-06-08T10:51:28,3000.0,15.6,S
2021-06-08T10:49:29,1000.0,15.7,B
2021-06-08T10:48:34,1500.0,15.5,S
2021-06-08T10:48:32,200.0,15.5,S
2021-06-08T10:48:30,1000.0,15.5,S
2021-06-08T10:48:04,100.0,15.5,S
2021-06-08T10:47:48,1000.0,15.5,S
2021-06-08T10:47:12,1500.0,15.5,S
2021-06-08T10:47:11,1500.0,15.6,B
2021-06-08T10:47:07,200.0,15.6,B
2021-06-08T10:46:16,500.0,15.6,B
2021-06-08T10:46:11,1000.0,15.6,B
2021-06-08T10:45:53,1000.0,15.6,B
2021-06-08T10:45:33,500.0,15.6,B
2021-06-08T10:44:50,500.0,15.5,S
2021-06-08T10:44:38,200.0,15.5,S
2021-06-08T10:43:07,1200.0,15.5,S
2021-06-08T10:42:53,100.0,15.6,B
2021-06-08T10:42:23,900.0,15.6,B
2021-06-08T10:42:11,100.0,15.5,S
2021-06-08T10:41:58,2000.0,15.5,S
2021-06-08T10:41:37,1600.0,15.5,S
2021-06-08T10:40:55,300.0,15.5,S
2021-06-08T10:40:36,400.0,15.5,S
2021-06-08T10:40:10,100.0,15.6,B
2021-06-08T10:39:34,1000.0,15.6,B
2021-06-08T10:39:21,100.0,15.6,B
2021-06-08T10:38:37,100.0,15.6,B
2021-06-08T10:38:22,300.0,15.5,S
2021-06-08T10:37:20,3100.0,15.5,S
2021-06-08T10:36:46,300.0,15.6,S
2021-06-08T10:36:28,100.0,15.7,B
2021-06-08T10:35:52,1000.0,15.6,S
2021-06-08T10:35:21,200.0,15.6,S
2021-06-08T10:35:13,200.0,15.6,S
2021-06-08T10:34:52,100.0,15.6,S
2021-06-08T10:34:32,2400.0,15.6,S
2021-06-08T10:34:27,1200.0,15.6,S
2021-06-08T10:33:05,400.0,15.6,S
2021-06-08T10:32:20,200.0,15.6,B
2021-06-08T10:32:18,100.0,15.6,B
2021-06-08T10:31:50,100.0,15.6,B
2021-06-08T10:31:38,300.0,15.6,B
2021-06-08T10:31:23,100.0,15.6,B
2021-06-08T10:30:53,400.0,15.6,S
2021-06-08T10:30:41,200.0,15.6,S
2021-06-08T10:30:25,100.0,15.6,S
2021-06-08T10:30:21,2000.0,15.6,S
2021-06-08T10:30:13,500.0,15.6,S
2021-06-08T10:30:11,2000.0,15.6,S
2021-06-08T10:30:01,3000.0,15.6,S
2021-06-08T10:29:29,4000.0,15.6,S
2021-06-08T10:29:14,200.0,15.6,S
2021-06-08T10:26:44,4000.0,15.6,S
2021-06-08T10:25:34,8000.0,15.7,S
2021-06-08T10:25:00,15000.0,15.7,S
2021-06-08T10:24:56,600.0,15.7,S
2021-06-08T10:23:16,1700.0,15.7,S
2021-06-08T10:22:23,500.0,15.7,S
2021-06-08T10:21:56,300.0,15.7,S
2021-06-08T10:21:35,500.0,15.8,B
2021-06-08T10:19:01,200.0,15.8,S
2021-06-08T10:18:34,100.0,15.8,S
2021-06-08T10:18:20,1000.0,15.8,S
2021-06-08T10:17:02,800.0,15.8,S
2021-06-08T10:16:51,2000.0,15.8,S
2021-06-08T10:16:46,100.0,15.9,B
2021-06-08T10:16:05,1000.0,15.9,S
2021-06-08T10:15:58,100.0,15.9,S
2021-06-08T10:15:35,2000.0,15.9,S
2021-06-08T10:15:23,1900.0,15.9,B
2021-06-08T10:15:04,3000.0,15.9,B
2021-06-08T10:14:50,1000.0,15.9,B
2021-06-08T10:14:37,3000.0,15.9,B
2021-06-08T10:13:50,100.0,15.8,S
2021-06-08T10:13:47,2000.0,15.9,B
2021-06-08T10:12:48,300.0,15.8,S
2021-06-08T10:12:34,100.0,15.8,S
2021-06-08T10:11:24,300.0,15.8,S
2021-06-08T10:11:24,3900.0,15.8,S
2021-06-08T10:11:22,100.0,15.8,S
2021-06-08T10:10:47,1500.0,15.8,S
2021-06-08T10:10:39,5000.0,15.8,S
2021-06-08T10:10:12,400.0,15.8,S
2021-06-08T10:09:53,300.0,15.9,B
2021-06-08T10:09:36,300.0,15.9,B
2021-06-08T10:09:31,300.0,15.8,S
2021-06-08T10:08:23,300.0,15.8,S
2021-06-08T10:04:55,100.0,15.9,B
2021-06-08T10:04:49,800.0,15.9,B
2021-06-08T10:04:36,100.0,15.9,B
2021-06-08T10:02:54,300.0,15.9,B
2021-06-08T10:02:05,1000.0,15.9,B
2021-06-08T10:02:01,600.0,15.9,S
2021-06-08T10:01:33,200.0,15.9,S
2021-06-08T10:01:13,12000.0,15.9,S
2021-06-08T10:00:21,1000.0,15.9,S
2021-06-08T09:58:35,800.0,15.9,S
2021-06-08T09:58:24,600.0,15.9,S
2021-06-08T09:58:23,100.0,16.0,B
2021-06-08T09:58:03,100.0,15.9,S
2021-06-08T09:56:47,100.0,15.9,S
2021-06-08T09:55:57,100.0,15.9,S
2021-06-08T09:55:21,300.0,16.0,B
2021-06-08T09:54:37,1000.0,15.9,S
2021-06-08T09:53:25,500.0,15.9,S
2021-06-08T09:51:54,600.0,15.9,S
2021-06-08T09:51:40,1000.0,15.9,S
2021-06-08T09:51:15,100.0,15.9,S
2021-06-08T09:51:11,2500.0,15.9,S
2021-06-08T09:49:25,1000.0,15.9,S
2021-06-08T09:48:26,500.0,16.0,B
2021-06-08T09:48:22,100.0,16.0,B
2021-06-08T09:47:38,200.0,16.0,B
2021-06-08T09:46:01,500.0,16.0,B
2021-06-08T09:45:26,500.0,16.0,B
2021-06-08T09:45:05,100.0,16.0,B
2021-06-08T09:44:52,300.0,15.9,S
2021-06-08T09:44:28,1000.0,15.9,S
2021-06-08T09:44:06,1100.0,15.9,B
2021-06-08T09:43:54,400.0,15.9,B
2021-06-08T09:43:47,100.0,15.9,B
2021-06-08T09:43:45,1000.0,15.9,B
2021-06-08T09:43:27,200.0,15.9,B
2021-06-08T09:43:23,1000.0,15.9,B
2021-06-08T09:42:49,100.0,15.9,B
2021-06-08T09:42:10,200.0,15.9,B
2021-06-08T09:39:40,1000.0,15.8,S
2021-06-08T09:39:18,700.0,15.9,B
2021-06-08T09:39:03,400.0,15.9,S
2021-06-08T09:38:33,500.0,15.9,S
2021-06-08T09:37:39,500.0,16.0,B
2021-06-08T09:36:31,100.0,16.0,S
2021-06-08T09:35:57,500.0,16.0,B
2021-06-08T09:35:31,1000.0,16.0,B
2021-06-08T09:35:27,1000.0,16.0,B
2021-06-08T09:35:19,100.0,15.9,S
2021-06-08T09:34:58,2000.0,16.0,B
2021-06-08T09:34:33,4100.0,15.9,B
2021-06-08T09:34:11,4500.0,15.8,B
2021-06-08T09:33:32,500.0,15.7,S
2021-06-08T09:33:32,1000.0,15.8,B
2021-06-08T09:33:29,1000.0,15.8,B
2021-06-08T09:33:25,100.0,15.8,B
2021-06-08T09:33:14,500.0,15.8,B
2021-06-08T09:33:01,500.0,15.7,S
2021-06-08T09:32:26,900.0,15.7,S
2021-06-08T09:32:19,1400.0,15.7,S
2021-06-08T09:32:05,500.0,15.7,B
2021-06-08T09:31:53,500.0,15.7,S
2021-06-08T09:31:22,100.0,15.7,S
2021-06-08T09:31:07,100.0,15.7,S
2021-06-08T09:30:01,800.0,15.6,B
2021-06-08T09:29:56,100.0,15.6,B
2021-06-08T09:29:50,100.0,15.6,B
2021-06-08T09:29:45,1000.0,15.6,B
2021-06-08T09:29:35,100.0,15.6,B
2021-06-08T09:29:34,1000.0,15.6,B
2021-06-08T09:29:32,100.0,15.6,B
2021-06-08T09:29:27,300.0,15.6,B
2021-06-08T09:29:27,200.0,15.6,B
2021-06-08T09:29:20,4000.0,15.6,B
2021-06-08T09:29:09,6300.0,15.6,S
2021-06-08T09:29:08,3500.0,15.7,B
2021-06-08T09:29:05,100.0,15.7,B
2021-06-08T09:29:05,200.0,15.7,B
2021-06-08T09:28:49,1000.0,15.7,B
2021-06-08T09:28:47,3000.0,15.7,B
2021-06-08T09:28:41,2600.0,15.6,S
2021-06-08T09:28:20,1000.0,15.7,B
2021-06-08T09:27:57,200.0,15.7,B
2021-06-08T09:27:54,200.0,15.7,B
2021-06-08T09:27:43,600.0,15.6,S
2021-06-08T09:27:40,200.0,15.6,S
2021-06-08T09:27:38,500.0,15.6,S
2021-06-08T09:27:35,900.0,15.6,S
2021-06-08T09:27:16,800.0,15.6,S
2021-06-08T09:26:51,100.0,15.7,B
2021-06-08T09:26:49,100.0,15.7,B
2021-06-08T09:26:47,500.0,15.7,B
2021-06-08T09:26:10,200.0,15.7,B
2021-06-08T09:26:05,200.0,15.7,B
2021-06-08T09:25:39,200.0,15.7,B
2021-06-08T09:25:35,300.0,15.6,S
2021-06-08T09:25:32,900.0,15.7,S
2021-06-08T09:25:29,100.0,15.7,S
2021-06-08T09:24:52,2000.0,15.7,S
2021-06-08T09:24:49,7200.0,15.7,S
2021-06-08T09:24:23,2000.0,15.7,S
2021-06-08T09:24:13,100.0,15.7,S
2021-06-08T09:23:51,1000.0,15.8,B
2021-06-08T09:23:30,1000.0,15.8,B
2021-06-08T09:22:05,1000.0,15.8,B
2021-06-08T09:20:48,6200.0,15.8,S
2021-06-08T09:20:42,500.0,15.8,S
2021-06-08T09:20:38,1000.0,15.8,S
2021-06-08T09:20:20,400.0,15.8,S
2021-06-08T09:18:45,500.0,15.8,S
2021-06-08T09:18:26,300.0,15.9,B
2021-06-08T09:18:20,1000.0,15.9,B
2021-06-08T09:18:01,100.0,15.9,B
2021-06-08T09:18:01,100.0,15.9,B
2021-06-08T09:17:58,100.0,15.9,B
2021-06-08T09:17:48,100.0,15.9,B
2021-06-08T09:17:32,200.0,15.9,B
2021-06-08T09:16:20,1000.0,15.9,B
2021-06-08T09:15:58,600.0,15.9,S
2021-06-08T09:15:42,1000.0,15.9,S
2021-06-08T09:15:09,200.0,15.9,S
2021-06-08T09:14:40,400.0,16.0,B
2021-06-08T09:13:00,100.0,16.0,B
2021-06-08T09:12:49,100.0,16.0,S
2021-06-08T09:12:43,500.0,16.0,S
2021-06-08T09:11:32,200.0,16.1,B
2021-06-08T09:11:24,1400.0,16.0,B
2021-06-08T09:11:23,200.0,16.0,B
2021-06-08T09:11:04,1800.0,15.9,B
2021-06-08T09:11:01,200.0,15.9,B
2021-06-08T09:10:59,200.0,15.8,S
2021-06-08T09:10:31,10400.0,15.8,S
2021-06-08T09:09:43,3300.0,15.8,S
2021-06-08T09:09:33,200.0,15.7,S
2021-06-08T09:09:32,1000.0,15.7,S
2021-06-08T09:09:23,100.0,15.7,S
2021-06-08T09:09:16,5000.0,15.7,S
2021-06-08T09:09:03,100.0,15.7,S
2021-06-08T09:08:40,200.0,15.8,B
2021-06-08T09:08:25,100.0,15.8,B
2021-06-08T09:08:16,200.0,15.9,S
2021-06-08T09:08:08,600.0,15.9,S
2021-06-08T09:06:38,200.0,15.9,B
2021-06-08T09:06:19,500.0,16.0,S
2021-06-08T09:05:29,200.0,15.7,S
2021-06-08T09:05:06,100.0,15.7,S
2021-06-08T09:04:29,2800.0,15.7,S
2021-06-08T09:00:51,500.0,16.4,S
2021-06-08T09:00:42,300.0,16.4,S
2021-06-08T09:00:38,1200.0,16.3,B
2021-06-08T09:00:34,100.0,16.2,B
2021-06-08T09:00:24,200.0,16.2,S
2021-06-08T09:00:14,3000.0,16.2,S
2021-06-08T09:00:01,100.0,16.4,B
