tradingTime,volume,price,side
2021-06-08T14:28:43,500.0,19.8,S
2021-06-08T14:25:16,1700.0,19.8,S
2021-06-08T14:23:27,200.0,19.9,S
2021-06-08T14:23:23,100.0,19.9,S
2021-06-08T14:20:57,400.0,19.9,S
2021-06-08T14:20:14,100.0,19.9,S
2021-06-08T14:19:43,500.0,19.8,S
2021-06-08T14:19:17,100.0,19.8,B
2021-06-08T14:19:16,900.0,19.8,S
2021-06-08T14:18:30,100.0,19.8,B
2021-06-08T14:17:43,100.0,19.7,S
2021-06-08T14:17:08,2000.0,19.7,S
2021-06-08T14:15:26,200.0,19.7,S
2021-06-08T14:15:26,100.0,20.8,B
2021-06-08T14:11:25,100000.0,21.0,B
2021-06-08T14:11:08,2000.0,19.6,B
2021-06-08T14:10:34,500.0,19.6,B
2021-06-08T14:09:51,1300.0,19.6,B
2021-06-08T14:09:29,500.0,19.6,B
2021-06-08T14:09:15,100.0,19.6,B
2021-06-08T14:08:16,100.0,19.5,S
2021-06-08T14:07:49,4900.0,19.6,B
2021-06-08T14:07:18,500.0,19.6,S
2021-06-08T14:06:06,500.0,19.6,S
2021-06-08T14:06:01,200.0,19.6,S
2021-06-08T14:05:34,400.0,19.6,S
2021-06-08T14:04:21,1000.0,19.6,S
2021-06-08T14:04:01,1500.0,19.6,B
2021-06-08T14:03:53,400.0,19.6,B
2021-06-08T14:03:41,100.0,19.6,B
2021-06-08T14:03:00,500.0,19.6,B
2021-06-08T14:02:30,500.0,19.6,S
2021-06-08T14:02:06,100.0,19.6,S
2021-06-08T14:01:21,200.0,19.6,S
2021-06-08T14:00:24,3000.0,19.6,S
2021-06-08T13:58:47,500.0,19.7,B
2021-06-08T13:58:37,200.0,19.6,S
2021-06-08T13:58:14,1000.0,19.6,S
2021-06-08T13:55:58,100.0,19.7,B
2021-06-08T13:55:37,100.0,19.6,S
2021-06-08T13:54:06,1400.0,19.6,S
2021-06-08T13:53:20,2500.0,19.6,S
2021-06-08T13:51:59,100.0,19.7,B
2021-06-08T13:50:40,100.0,19.7,B
2021-06-08T13:50:28,5000.0,19.7,B
2021-06-08T13:49:53,500.0,19.6,S
2021-06-08T13:49:46,6000.0,19.6,S
2021-06-08T13:49:42,10000.0,19.6,S
2021-06-08T13:47:45,700.0,19.7,S
2021-06-08T13:46:47,800.0,19.7,B
2021-06-08T13:46:09,100.0,19.7,B
2021-06-08T13:45:58,500.0,19.6,S
2021-06-08T13:45:56,100.0,19.7,B
2021-06-08T13:45:18,1000.0,19.7,B
2021-06-08T13:45:17,200.0,19.7,B
2021-06-08T13:44:50,100.0,19.7,B
2021-06-08T13:44:23,1400.0,19.7,S
2021-06-08T13:43:46,500.0,19.8,B
2021-06-08T13:42:07,300.0,19.8,B
2021-06-08T13:41:54,1000.0,19.8,B
2021-06-08T13:41:25,100.0,19.8,B
2021-06-08T13:39:28,500.0,19.8,B
2021-06-08T13:39:26,100.0,19.7,B
2021-06-08T13:38:45,100.0,19.7,S
2021-06-08T13:38:37,100.0,19.7,S
2021-06-08T13:38:16,100.0,19.7,B
2021-06-08T13:37:18,300.0,19.7,B
2021-06-08T13:37:06,100.0,19.7,B
2021-06-08T13:37:04,5000.0,19.7,B
2021-06-08T13:36:25,4700.0,19.6,B
2021-06-08T13:35:59,100.0,19.6,B
2021-06-08T13:35:44,1600.0,19.6,B
2021-06-08T13:35:06,300.0,19.6,B
2021-06-08T13:34:25,2000.0,19.6,B
2021-06-08T13:33:48,100.0,19.6,S
2021-06-08T13:33:08,4000.0,19.6,S
2021-06-08T13:33:08,400.0,19.7,B
2021-06-08T13:32:36,5000.0,19.6,S
2021-06-08T13:31:58,4100.0,19.6,S
2021-06-08T13:31:40,400.0,19.7,B
2021-06-08T13:31:16,500.0,19.7,B
2021-06-08T13:30:28,5000.0,19.6,S
2021-06-08T13:29:54,3900.0,19.6,S
2021-06-08T13:28:14,4000.0,19.6,S
2021-06-08T13:27:41,300.0,19.7,B
2021-06-08T13:27:29,1800.0,19.7,S
2021-06-08T13:27:11,100.0,19.7,S
2021-06-08T13:25:47,3600.0,19.8,B
2021-06-08T13:24:49,200.0,19.8,B
2021-06-08T13:24:47,200.0,19.8,B
2021-06-08T13:23:49,100.0,19.8,B
2021-06-08T13:23:42,400.0,19.7,S
2021-06-08T13:23:21,300.0,19.8,B
2021-06-08T13:23:20,3300.0,19.7,B
2021-06-08T13:22:49,1700.0,19.7,S
2021-06-08T13:21:18,200.0,19.7,S
2021-06-08T13:21:00,300.0,19.7,S
2021-06-08T13:20:01,100.0,19.8,B
2021-06-08T13:19:58,100.0,19.8,B
2021-06-08T13:19:09,500.0,19.8,B
2021-06-08T13:18:38,2100.0,19.8,S
2021-06-08T13:18:07,5000.0,19.8,S
2021-06-08T13:17:01,1000.0,19.8,S
2021-06-08T13:15:36,1000.0,19.8,S
2021-06-08T13:15:17,500.0,20.0,B
2021-06-08T13:14:55,900.0,19.8,S
2021-06-08T13:14:53,100.0,19.8,S
2021-06-08T13:13:53,3000.0,19.9,S
2021-06-08T13:12:09,100.0,20.0,B
2021-06-08T13:11:29,3000.0,20.0,S
2021-06-08T13:10:16,500.0,20.0,S
2021-06-08T13:10:07,10000.0,20.0,S
2021-06-08T13:09:12,400.0,20.1,S
2021-06-08T13:07:33,2000.0,20.2,B
2021-06-08T13:05:41,200.0,20.2,B
2021-06-08T13:02:17,200.0,20.2,B
2021-06-08T13:01:31,200.0,20.1,B
2021-06-08T13:00:26,300.0,20.1,B
2021-06-08T13:00:21,100.0,20.1,S
2021-06-08T13:00:21,700.0,20.0,S
2021-06-08T13:00:21,700.0,20.2,B
2021-06-08T13:00:09,400.0,20.1,S
2021-06-08T11:28:55,100.0,20.1,S
2021-06-08T11:28:38,6800.0,20.1,S
2021-06-08T11:28:14,1500.0,20.1,S
2021-06-08T11:27:42,4000.0,20.2,S
2021-06-08T11:27:41,2000.0,20.2,S
2021-06-08T11:27:22,8000.0,20.2,S
2021-06-08T11:27:04,4000.0,20.2,S
2021-06-08T11:26:49,300.0,20.2,S
2021-06-08T11:25:31,2000.0,20.2,S
2021-06-08T11:25:25,2000.0,20.3,B
2021-06-08T11:25:14,1100.0,20.3,S
2021-06-08T11:24:56,6000.0,20.3,S
2021-06-08T11:23:56,500.0,20.4,B
2021-06-08T11:21:14,600.0,20.4,B
2021-06-08T11:17:30,500.0,20.4,B
2021-06-08T11:16:29,3000.0,20.4,B
2021-06-08T11:14:41,700.0,20.4,B
2021-06-08T11:13:13,1700.0,20.3,S
2021-06-08T11:12:52,5000.0,20.3,S
2021-06-08T11:11:47,3300.0,20.3,S
2021-06-08T11:11:10,100.0,20.3,B
2021-06-08T11:08:25,500.0,20.3,B
2021-06-08T11:07:50,1600.0,20.2,S
2021-06-08T11:07:43,2000.0,20.3,B
2021-06-08T11:04:39,1100.0,20.3,S
2021-06-08T11:03:45,1300.0,20.3,S
2021-06-08T11:02:55,200.0,20.4,B
2021-06-08T11:01:10,500.0,20.4,B
2021-06-08T11:00:12,6500.0,20.4,B
2021-06-08T10:59:51,100.0,20.4,B
2021-06-08T10:59:39,100.0,20.4,B
2021-06-08T10:57:55,100.0,20.4,B
2021-06-08T10:57:32,100.0,20.4,B
2021-06-08T10:55:31,100.0,20.4,B
2021-06-08T10:53:04,800.0,20.4,S
2021-06-08T10:51:36,1500.0,20.4,S
2021-06-08T10:50:43,400.0,20.4,S
2021-06-08T10:49:39,300.0,20.4,S
2021-06-08T10:48:16,300.0,20.4,S
2021-06-08T10:42:33,2000.0,20.5,B
2021-06-08T10:39:13,100.0,20.5,B
2021-06-08T10:38:44,100.0,20.4,S
2021-06-08T10:35:01,300.0,20.5,B
2021-06-08T10:34:43,100.0,20.5,S
2021-06-08T10:33:12,16800.0,20.2,S
2021-06-08T10:32:59,200.0,20.5,B
2021-06-08T10:32:14,100.0,20.5,B
2021-06-08T10:31:05,24800.0,20.5,S
2021-06-08T10:30:34,500.0,20.5,S
2021-06-08T10:30:28,14500.0,20.6,S
2021-06-08T10:29:20,100.0,20.6,S
2021-06-08T10:29:15,1000.0,20.6,S
2021-06-08T10:29:09,200.0,20.7,B
2021-06-08T10:25:50,100.0,20.6,S
2021-06-08T10:23:23,100.0,20.6,S
2021-06-08T10:17:05,100.0,20.7,B
2021-06-08T10:14:22,5500.0,20.7,B
2021-06-08T10:13:56,4000.0,20.7,S
2021-06-08T10:13:00,4000.0,20.7,S
2021-06-08T10:12:29,500.0,20.7,S
2021-06-08T10:12:02,500.0,20.7,S
2021-06-08T10:10:58,4000.0,20.7,S
2021-06-08T10:10:42,200.0,20.7,S
2021-06-08T10:09:50,500.0,20.8,S
2021-06-08T10:09:05,200.0,20.8,S
2021-06-08T10:08:25,500.0,20.8,S
2021-06-08T10:07:37,100.0,20.8,S
2021-06-08T10:07:02,300.0,20.8,S
2021-06-08T10:06:27,5000.0,20.8,S
2021-06-08T10:06:15,900.0,20.8,S
2021-06-08T10:04:31,400.0,20.8,S
2021-06-08T10:02:14,200.0,20.9,B
2021-06-08T09:59:36,3000.0,20.8,S
2021-06-08T09:57:46,1000.0,20.9,B
2021-06-08T09:56:48,2000.0,20.8,S
2021-06-08T09:54:02,2600.0,20.9,S
2021-06-08T09:53:16,200.0,20.9,S
2021-06-08T09:51:31,300.0,20.9,S
2021-06-08T09:50:18,5000.0,20.9,S
2021-06-08T09:49:59,500.0,20.9,S
2021-06-08T09:49:18,100.0,20.9,B
2021-06-08T09:49:18,500.0,20.9,B
2021-06-08T09:49:02,500.0,20.9,B
2021-06-08T09:46:53,200.0,20.9,B
2021-06-08T09:45:55,2500.0,20.9,S
2021-06-08T09:45:33,1000.0,20.8,S
2021-06-08T09:45:32,3000.0,20.8,S
2021-06-08T09:45:14,100.0,20.9,B
2021-06-08T09:44:25,100.0,20.9,B
2021-06-08T09:43:40,1600.0,20.9,S
2021-06-08T09:43:35,500.0,20.9,S
2021-06-08T09:40:07,1000.0,20.9,S
2021-06-08T09:40:00,1000.0,20.9,S
2021-06-08T09:38:18,100.0,20.9,S
2021-06-08T09:36:41,200.0,20.9,B
2021-06-08T09:35:37,1000.0,20.9,B
2021-06-08T09:35:29,400.0,20.8,S
2021-06-08T09:33:44,1300.0,20.8,B
2021-06-08T09:32:45,1000.0,20.6,S
2021-06-08T09:31:43,1500.0,20.6,B
2021-06-08T09:31:39,100.0,20.6,B
2021-06-08T09:31:39,2000.0,20.5,S
2021-06-08T09:31:17,100.0,20.5,S
2021-06-08T09:30:27,100.0,20.5,S
2021-06-08T09:30:05,2700.0,20.5,S
2021-06-08T09:28:25,2400.0,20.6,S
2021-06-08T09:27:11,300.0,20.8,B
2021-06-08T09:26:45,100.0,20.8,S
2021-06-08T09:26:14,1100.0,20.8,S
2021-06-08T09:26:04,1000.0,20.8,S
2021-06-08T09:25:42,100.0,20.8,S
2021-06-08T09:24:31,100.0,20.9,B
2021-06-08T09:24:13,100.0,20.9,S
2021-06-08T09:24:05,400.0,20.9,S
2021-06-08T09:22:33,400.0,21.0,B
2021-06-08T09:22:16,3000.0,21.0,S
2021-06-08T09:21:53,100.0,21.0,S
2021-06-08T09:20:07,500.0,21.0,S
2021-06-08T09:20:04,200.0,21.0,S
2021-06-08T09:20:00,1200.0,21.0,S
2021-06-08T09:19:02,1000.0,21.0,S
2021-06-08T09:18:45,300.0,21.0,S
2021-06-08T09:18:37,1000.0,21.0,S
2021-06-08T09:18:27,400.0,21.0,S
2021-06-08T09:17:35,500.0,21.0,S
2021-06-08T09:17:22,100.0,21.0,S
2021-06-08T09:17:20,400.0,21.0,S
2021-06-08T09:16:58,1000.0,21.0,S
2021-06-08T09:16:50,100.0,21.0,S
2021-06-08T09:16:49,2000.0,21.0,S
2021-06-08T09:16:38,2000.0,21.0,S
2021-06-08T09:15:59,1000.0,21.0,S
2021-06-08T09:15:13,3000.0,21.0,S
2021-06-08T09:15:07,800.0,21.0,S
2021-06-08T09:14:59,300.0,21.0,S
2021-06-08T09:14:38,500.0,21.0,S
2021-06-08T09:14:15,1000.0,21.0,S
2021-06-08T09:13:55,200.0,21.0,S
2021-06-08T09:13:52,7000.0,21.0,S
2021-06-08T09:13:40,400.0,21.0,S
2021-06-08T09:13:16,100.0,21.0,S
2021-06-08T09:12:52,500.0,21.1,S
2021-06-08T09:12:27,500.0,21.1,S
2021-06-08T09:11:59,1900.0,21.1,S
2021-06-08T09:11:50,5000.0,21.2,B
2021-06-08T09:11:38,3000.0,21.1,S
2021-06-08T09:11:37,1000.0,21.1,S
2021-06-08T09:11:20,500.0,21.1,S
2021-06-08T09:10:59,200.0,21.1,S
2021-06-08T09:10:44,100.0,21.1,S
2021-06-08T09:10:33,1000.0,21.1,S
2021-06-08T09:10:33,2000.0,21.1,S
2021-06-08T09:10:17,200.0,21.1,S
2021-06-08T09:10:06,2000.0,21.1,S
2021-06-08T09:09:45,100.0,21.1,S
2021-06-08T09:09:08,100.0,21.1,S
2021-06-08T09:08:50,100.0,21.1,S
2021-06-08T09:08:40,200.0,21.1,S
2021-06-08T09:08:05,1000.0,21.1,S
2021-06-08T09:06:53,100.0,21.1,S
2021-06-08T09:06:44,800.0,21.1,S
2021-06-08T09:06:37,900.0,21.1,S
2021-06-08T09:06:25,500.0,21.1,S
2021-06-08T09:06:23,1000.0,21.1,S
2021-06-08T09:05:52,800.0,21.1,S
2021-06-08T09:05:44,100.0,21.2,B
2021-06-08T09:05:29,1000.0,21.1,S
2021-06-08T09:05:29,100.0,21.1,S
2021-06-08T09:05:14,100.0,21.1,S
2021-06-08T09:04:25,100.0,21.1,S
2021-06-08T09:03:46,500.0,21.2,B
2021-06-08T09:03:45,5000.0,21.2,B
2021-06-08T09:02:09,100.0,21.2,S
2021-06-08T09:01:57,1000.0,21.2,S
2021-06-08T09:01:56,100.0,21.3,B
2021-06-08T09:01:55,100.0,21.2,S
2021-06-08T09:01:46,1000.0,21.2,S
2021-06-08T09:01:36,1000.0,21.2,S
2021-06-08T09:00:30,1000.0,21.2,S
2021-06-08T09:00:20,1000.0,21.2,S
2021-06-08T09:00:16,500.0,21.2,S
2021-06-08T09:00:10,200.0,21.2,S
