tradingTime,volume,price,side
2021-06-08T14:30:44,1000.0,119.5,B
2021-06-08T14:29:14,100.0,119.5,B
2021-06-08T14:29:14,1600.0,119.5,B
2021-06-08T14:29:14,100.0,119.7,B
2021-06-08T14:28:29,100.0,119.8,B
2021-06-08T14:27:39,200.0,119.5,B
2021-06-08T14:27:39,200.0,119.1,S
2021-06-08T14:27:30,100.0,119.5,B
2021-06-08T14:27:10,6000.0,119.0,S
2021-06-08T14:27:10,500.0,119.0,S
2021-06-08T14:27:10,3500.0,119.0,S
2021-06-08T14:26:47,100.0,119.5,B
2021-06-08T14:25:51,6500.0,119.0,S
2021-06-08T14:25:37,500.0,119.5,B
2021-06-08T14:25:31,400.0,119.5,B
2021-06-08T14:25:28,100.0,119.5,B
2021-06-08T14:25:20,500.0,119.5,B
2021-06-08T14:25:15,100.0,119.5,B
2021-06-08T14:25:09,100.0,119.5,B
2021-06-08T14:25:02,2000.0,119.5,B
2021-06-08T14:25:00,20000.0,119.5,B
2021-06-08T14:24:58,100.0,119.5,B
2021-06-08T14:24:57,100.0,119.5,B
2021-06-08T14:24:56,100.0,119.5,B
2021-06-08T14:24:41,2300.0,119.0,S
2021-06-08T14:24:41,3900.0,119.0,S
2021-06-08T14:24:41,300.0,119.0,S
2021-06-08T14:24:34,200.0,119.5,B
2021-06-08T14:24:30,2000.0,119.5,B
2021-06-08T14:24:26,200.0,119.5,B
2021-06-08T14:24:25,100.0,119.5,B
2021-06-08T14:24:05,1500.0,119.5,B
2021-06-08T14:23:55,2100.0,119.5,B
2021-06-08T14:23:54,800.0,119.5,B
2021-06-08T14:23:47,100.0,119.5,B
2021-06-08T14:23:42,100.0,119.5,B
2021-06-08T14:23:30,100.0,119.5,B
2021-06-08T14:23:28,1100.0,119.5,B
2021-06-08T14:23:28,300.0,119.5,B
2021-06-08T14:23:25,100.0,119.5,B
2021-06-08T14:23:19,3000.0,119.5,B
2021-06-08T14:23:18,100.0,119.5,B
2021-06-08T14:23:15,100.0,119.5,B
2021-06-08T14:23:13,500.0,119.5,B
2021-06-08T14:23:12,500.0,119.5,B
2021-06-08T14:22:54,6500.0,119.0,S
2021-06-08T14:22:48,100.0,119.5,B
2021-06-08T14:22:45,500.0,119.5,B
2021-06-08T14:22:45,2000.0,119.5,B
2021-06-08T14:22:44,100.0,119.5,B
2021-06-08T14:22:42,200.0,119.5,B
2021-06-08T14:22:41,300.0,119.5,B
2021-06-08T14:22:39,200.0,119.5,S
2021-06-08T14:22:21,100.0,119.5,S
2021-06-08T14:22:15,200.0,119.5,S
2021-06-08T14:22:12,200.0,119.5,S
2021-06-08T14:21:56,500.0,119.5,S
2021-06-08T14:21:55,100.0,119.5,S
2021-06-08T14:21:54,200.0,119.5,S
2021-06-08T14:21:51,1000.0,119.5,S
2021-06-08T14:21:45,2000.0,119.5,S
2021-06-08T14:21:43,100.0,119.5,S
2021-06-08T14:21:43,5800.0,119.5,S
2021-06-08T14:21:40,200.0,119.6,S
2021-06-08T14:21:40,1000.0,120.0,S
2021-06-08T14:21:40,100.0,120.0,S
2021-06-08T14:21:36,100.0,120.0,S
2021-06-08T14:21:36,2000.0,120.0,S
2021-06-08T14:21:34,200.0,120.0,S
2021-06-08T14:21:27,500.0,120.0,S
2021-06-08T14:21:26,1500.0,120.0,S
2021-06-08T14:21:19,200.0,119.6,S
2021-06-08T14:21:03,500.0,120.0,S
2021-06-08T14:21:03,500.0,120.0,S
2021-06-08T14:21:02,2000.0,120.0,S
2021-06-08T14:20:56,100.0,120.0,S
2021-06-08T14:20:51,100.0,120.0,S
2021-06-08T14:20:50,1000.0,120.0,S
2021-06-08T14:20:47,100.0,120.0,S
2021-06-08T14:20:47,1300.0,120.0,S
2021-06-08T14:20:47,1200.0,120.0,S
2021-06-08T14:20:41,700.0,119.5,S
2021-06-08T14:20:41,5800.0,119.5,S
2021-06-08T14:20:35,1800.0,120.0,S
2021-06-08T14:20:30,500.0,120.0,S
2021-06-08T14:20:26,800.0,119.9,S
2021-06-08T14:20:26,1800.0,119.9,S
2021-06-08T14:20:26,1000.0,120.0,S
2021-06-08T14:20:19,100.0,120.0,S
2021-06-08T14:20:11,500.0,120.0,S
2021-06-08T14:20:05,500.0,120.0,S
2021-06-08T14:20:00,500.0,120.0,S
2021-06-08T14:19:56,400.0,120.0,S
2021-06-08T14:19:55,500.0,120.0,S
2021-06-08T14:19:49,100.0,120.0,S
2021-06-08T14:19:45,100.0,120.0,S
2021-06-08T14:19:42,100.0,120.0,S
2021-06-08T14:19:41,1000.0,119.9,S
2021-06-08T14:19:40,3700.0,120.0,S
2021-06-08T14:19:38,1400.0,120.0,S
2021-06-08T14:19:30,500.0,119.9,S
2021-06-08T14:19:30,100.0,120.0,S
2021-06-08T14:19:21,300.0,120.0,S
2021-06-08T14:19:17,100.0,120.0,S
2021-06-08T14:19:11,100.0,120.0,S
2021-06-08T14:19:10,500.0,120.0,S
2021-06-08T14:19:08,100.0,120.0,S
2021-06-08T14:19:03,500.0,120.0,S
2021-06-08T14:18:58,100.0,120.0,S
2021-06-08T14:18:55,100.0,120.0,S
2021-06-08T14:18:42,1000.0,120.0,S
2021-06-08T14:18:28,100.0,120.0,S
2021-06-08T14:18:26,1200.0,120.0,S
2021-06-08T14:18:24,500.0,120.0,S
2021-06-08T14:18:17,200.0,120.0,S
2021-06-08T14:18:11,1000.0,120.0,S
2021-06-08T14:18:11,1100.0,120.0,S
2021-06-08T14:18:11,3700.0,120.0,S
2021-06-08T14:18:11,100.0,120.0,S
2021-06-08T14:18:10,600.0,120.0,S
2021-06-08T14:18:10,1300.0,120.0,S
2021-06-08T14:18:10,600.0,120.0,S
2021-06-08T14:18:10,4500.0,120.0,S
2021-06-08T14:18:09,500.0,120.5,B
2021-06-08T14:18:04,17000.0,120.0,S
2021-06-08T14:18:04,1000.0,120.0,S
2021-06-08T14:18:04,600.0,120.0,S
2021-06-08T14:18:04,100.0,120.0,S
2021-06-08T14:18:04,1200.0,120.0,S
2021-06-08T14:17:59,100.0,120.3,S
2021-06-08T14:17:51,1000.0,120.0,S
2021-06-08T14:17:51,300.0,120.0,S
2021-06-08T14:17:51,5200.0,120.0,S
2021-06-08T14:17:20,10000.0,120.0,S
2021-06-08T14:16:31,2600.0,120.0,S
2021-06-08T14:16:27,900.0,120.0,S
2021-06-08T14:16:27,5600.0,120.0,S
2021-06-08T14:16:27,600.0,120.0,S
2021-06-08T14:16:27,500.0,120.0,S
2021-06-08T14:16:27,8400.0,120.0,S
2021-06-08T14:16:16,1000.0,120.4,B
2021-06-08T14:16:11,2600.0,120.0,S
2021-06-08T14:16:11,500.0,120.4,B
2021-06-08T14:16:10,200.0,120.3,S
2021-06-08T14:15:41,200.0,120.4,B
2021-06-08T14:15:10,500.0,120.4,B
2021-06-08T14:15:06,2000.0,120.4,B
2021-06-08T14:15:04,200.0,120.0,S
2021-06-08T14:15:01,500.0,120.4,B
2021-06-08T14:14:59,3600.0,120.0,S
2021-06-08T14:14:59,1400.0,120.1,S
2021-06-08T14:14:45,100.0,120.4,B
2021-06-08T14:14:23,100.0,120.4,B
2021-06-08T14:14:14,100.0,120.4,S
2021-06-08T14:14:06,200.0,120.4,S
2021-06-08T14:13:45,100.0,120.4,S
2021-06-08T14:13:40,5700.0,120.0,S
2021-06-08T14:13:40,1000.0,120.0,S
2021-06-08T14:13:40,100.0,120.0,S
2021-06-08T14:13:40,1000.0,120.0,S
2021-06-08T14:13:40,19000.0,120.0,S
2021-06-08T14:13:40,400.0,120.0,S
2021-06-08T14:13:40,1600.0,120.0,S
2021-06-08T14:13:40,1100.0,120.0,S
2021-06-08T14:13:40,200.0,120.0,S
2021-06-08T14:13:40,300.0,120.0,S
2021-06-08T14:13:34,2300.0,120.0,S
2021-06-08T14:13:25,700.0,120.0,S
2021-06-08T14:13:22,300.0,120.4,S
2021-06-08T14:13:17,100.0,120.4,S
2021-06-08T14:13:13,200.0,120.4,S
2021-06-08T14:13:11,3000.0,120.4,S
2021-06-08T14:12:57,500.0,120.5,S
2021-06-08T14:12:44,3000.0,120.5,S
2021-06-08T14:12:33,2800.0,120.5,S
2021-06-08T14:12:33,2200.0,120.5,S
2021-06-08T14:12:29,2300.0,120.0,S
2021-06-08T14:12:23,100.0,120.5,S
2021-06-08T14:12:20,100.0,120.5,S
2021-06-08T14:12:12,5000.0,120.5,S
2021-06-08T14:12:08,100.0,120.5,S
2021-06-08T14:12:08,100.0,120.5,S
2021-06-08T14:12:06,1000.0,120.0,S
2021-06-08T14:12:03,100.0,120.5,S
2021-06-08T14:12:02,200.0,120.5,S
2021-06-08T14:11:57,300.0,120.5,S
2021-06-08T14:11:47,500.0,120.5,S
2021-06-08T14:11:42,100.0,120.0,S
2021-06-08T14:11:42,1700.0,120.0,S
2021-06-08T14:11:42,100.0,120.2,S
2021-06-08T14:11:41,400.0,120.2,S
2021-06-08T14:11:35,100.0,120.5,S
2021-06-08T14:11:35,3400.0,120.5,S
2021-06-08T14:11:35,6000.0,120.6,S
2021-06-08T14:11:35,700.0,120.8,S
2021-06-08T14:11:35,100.0,120.8,S
2021-06-08T14:11:34,500.0,120.8,S
2021-06-08T14:11:34,500.0,120.8,S
2021-06-08T14:11:18,100.0,121.0,S
2021-06-08T14:11:11,5000.0,121.0,S
2021-06-08T14:11:02,1000.0,121.0,S
2021-06-08T14:11:00,500.0,121.0,S
2021-06-08T14:10:53,100.0,120.8,S
2021-06-08T14:10:44,2000.0,121.0,S
2021-06-08T14:10:43,3000.0,121.0,S
2021-06-08T14:10:43,100.0,121.0,S
2021-06-08T14:10:43,200.0,120.3,S
2021-06-08T14:10:43,200.0,120.5,S
2021-06-08T14:10:42,2000.0,120.5,S
2021-06-08T14:10:31,100.0,121.0,S
2021-06-08T14:10:29,2100.0,120.5,S
2021-06-08T14:10:29,1400.0,120.5,S
2021-06-08T14:10:29,1000.0,120.7,S
2021-06-08T14:10:29,2000.0,120.7,S
2021-06-08T14:10:26,300.0,121.0,S
2021-06-08T14:10:25,700.0,121.0,S
2021-06-08T14:10:21,1300.0,121.0,S
2021-06-08T14:10:12,100.0,121.0,S
2021-06-08T14:10:11,100.0,121.0,S
2021-06-08T14:09:48,200.0,120.8,S
2021-06-08T14:09:47,300.0,121.0,S
2021-06-08T14:09:46,100.0,121.0,S
2021-06-08T14:09:35,200.0,121.0,S
2021-06-08T14:09:30,200.0,121.0,S
2021-06-08T14:09:20,500.0,121.0,S
2021-06-08T14:09:14,300.0,121.0,S
2021-06-08T14:09:12,1000.0,120.8,S
2021-06-08T14:09:07,1000.0,121.0,S
2021-06-08T14:09:03,1000.0,121.0,S
2021-06-08T14:09:01,1900.0,121.0,S
2021-06-08T14:09:01,100.0,121.0,S
2021-06-08T14:09:01,1300.0,121.0,S
2021-06-08T14:09:01,1100.0,121.0,S
2021-06-08T14:09:01,1300.0,121.0,S
2021-06-08T14:09:01,600.0,121.0,S
2021-06-08T14:09:01,300.0,121.0,S
2021-06-08T14:09:01,3000.0,121.0,S
2021-06-08T14:09:01,700.0,121.0,S
2021-06-08T14:09:00,5700.0,121.0,S
2021-06-08T14:08:50,500.0,121.2,B
2021-06-08T14:08:45,200.0,121.1,S
2021-06-08T14:08:42,300.0,121.1,S
2021-06-08T14:08:41,100.0,121.2,B
2021-06-08T14:08:21,2500.0,121.0,S
2021-06-08T14:08:21,1000.0,121.0,S
2021-06-08T14:08:20,1400.0,121.0,S
2021-06-08T14:08:20,4100.0,121.0,S
2021-06-08T14:08:20,1000.0,121.0,S
2021-06-08T14:08:20,700.0,121.0,S
2021-06-08T14:08:20,700.0,121.0,S
2021-06-08T14:08:20,300.0,121.0,S
2021-06-08T14:08:20,1000.0,121.0,S
2021-06-08T14:08:19,200.0,121.0,S
2021-06-08T14:08:19,600.0,121.0,S
2021-06-08T14:08:19,200.0,121.0,S
2021-06-08T14:08:19,2500.0,121.0,S
2021-06-08T14:07:54,3000.0,121.2,B
2021-06-08T14:07:54,1000.0,121.0,S
2021-06-08T14:07:45,700.0,121.2,B
2021-06-08T14:07:42,1000.0,121.1,S
2021-06-08T14:07:42,800.0,121.1,S
2021-06-08T14:07:41,3100.0,121.1,S
2021-06-08T14:07:34,1000.0,121.1,S
2021-06-08T14:07:28,100.0,121.2,B
2021-06-08T14:07:01,100.0,121.2,B
2021-06-08T14:06:56,100.0,121.2,B
2021-06-08T14:06:55,200.0,121.1,S
2021-06-08T14:06:34,1000.0,121.2,B
2021-06-08T14:06:25,200.0,121.2,B
2021-06-08T14:06:06,1500.0,121.2,S
2021-06-08T14:06:02,100.0,121.2,S
2021-06-08T14:05:58,200.0,121.2,S
2021-06-08T14:05:40,1000.0,121.2,S
2021-06-08T14:05:37,100.0,121.2,S
2021-06-08T14:05:05,400.0,121.5,S
2021-06-08T14:05:04,100.0,121.5,S
2021-06-08T14:05:02,100.0,121.5,S
2021-06-08T14:04:58,100.0,121.5,S
2021-06-08T14:04:51,100.0,121.5,S
2021-06-08T14:04:49,1000.0,121.5,S
2021-06-08T14:04:37,100.0,121.5,S
2021-06-08T14:04:32,6000.0,121.1,S
2021-06-08T14:04:32,3000.0,121.1,S
2021-06-08T14:04:31,1000.0,121.2,S
2021-06-08T14:04:29,100.0,121.5,S
2021-06-08T14:04:26,2600.0,121.5,S
2021-06-08T14:04:22,800.0,121.5,S
2021-06-08T14:04:22,100.0,121.5,S
2021-06-08T14:04:21,4100.0,121.5,S
2021-06-08T14:04:18,100.0,121.7,S
2021-06-08T14:04:17,5000.0,121.7,S
2021-06-08T14:04:06,200.0,121.7,S
2021-06-08T14:04:03,200.0,121.5,S
2021-06-08T14:04:03,100.0,121.7,S
2021-06-08T14:03:55,100.0,121.7,S
2021-06-08T14:03:50,200.0,121.5,S
2021-06-08T14:03:50,300.0,121.5,S
2021-06-08T14:03:50,100.0,121.5,S
2021-06-08T14:03:50,100.0,121.5,S
2021-06-08T14:03:50,200.0,121.5,S
2021-06-08T14:03:50,800.0,121.5,S
2021-06-08T14:03:50,200.0,121.5,S
2021-06-08T14:03:49,1500.0,121.5,S
2021-06-08T14:03:49,200.0,121.5,S
2021-06-08T14:03:49,700.0,121.5,S
2021-06-08T14:03:49,3000.0,121.5,S
2021-06-08T14:03:49,500.0,121.5,S
2021-06-08T14:03:49,1200.0,121.5,S
2021-06-08T14:03:49,600.0,121.5,S
2021-06-08T14:03:49,300.0,121.5,S
2021-06-08T14:03:48,5100.0,121.5,S
2021-06-08T14:03:48,1100.0,121.5,S
2021-06-08T14:03:48,100.0,121.5,S
2021-06-08T14:03:48,200.0,121.5,S
2021-06-08T14:03:48,3600.0,121.5,S
2021-06-08T14:03:40,1400.0,121.5,S
2021-06-08T14:03:40,200.0,121.5,S
2021-06-08T14:03:40,100.0,121.5,S
2021-06-08T14:03:39,300.0,121.5,S
2021-06-08T14:03:39,1800.0,121.5,S
2021-06-08T14:03:39,100.0,121.5,S
2021-06-08T14:03:39,400.0,121.5,S
2021-06-08T14:03:39,1000.0,121.5,S
2021-06-08T14:03:39,1000.0,121.5,S
2021-06-08T14:03:39,12400.0,121.5,S
2021-06-08T14:03:38,100.0,121.6,S
2021-06-08T14:03:26,200.0,121.5,S
2021-06-08T14:03:00,5000.0,121.5,S
2021-06-08T14:02:49,100.0,121.7,S
2021-06-08T14:02:47,1000.0,121.5,S
2021-06-08T14:02:40,300.0,121.7,S
2021-06-08T14:02:35,100.0,121.7,S
2021-06-08T14:02:34,20000.0,121.5,S
2021-06-08T14:02:31,500.0,121.7,S
2021-06-08T14:02:26,500.0,121.7,S
2021-06-08T14:02:16,200.0,121.7,S
2021-06-08T14:01:52,100.0,121.6,S
2021-06-08T14:01:39,1000.0,121.5,S
2021-06-08T14:01:30,3000.0,121.5,S
2021-06-08T14:01:23,2000.0,121.7,S
2021-06-08T14:01:11,100.0,121.7,S
2021-06-08T14:01:08,300.0,121.7,S
2021-06-08T14:01:06,500.0,121.7,S
2021-06-08T14:00:49,400.0,121.5,S
2021-06-08T14:00:43,100.0,121.7,S
2021-06-08T14:00:40,100.0,121.7,S
2021-06-08T14:00:19,200.0,121.5,S
2021-06-08T14:00:19,100.0,121.7,S
2021-06-08T14:00:14,10000.0,121.5,S
2021-06-08T14:00:12,1600.0,121.5,S
2021-06-08T14:00:12,1000.0,121.6,S
2021-06-08T14:00:12,400.0,121.6,S
2021-06-08T13:59:36,400.0,121.8,B
2021-06-08T13:59:00,100.0,121.7,S
2021-06-08T13:58:40,500.0,121.8,S
2021-06-08T13:58:37,3400.0,121.8,S
2021-06-08T13:58:29,3000.0,121.7,S
2021-06-08T13:58:28,400.0,121.5,S
2021-06-08T13:58:18,2100.0,121.8,S
2021-06-08T13:58:12,900.0,121.5,S
2021-06-08T13:58:12,300.0,121.5,S
2021-06-08T13:58:12,2000.0,121.5,S
2021-06-08T13:58:11,100.0,121.5,S
2021-06-08T13:58:01,5000.0,121.5,S
2021-06-08T13:57:27,3200.0,121.8,S
2021-06-08T13:56:44,200.0,121.5,S
2021-06-08T13:56:32,1000.0,121.8,S
2021-06-08T13:56:23,1900.0,121.5,S
2021-06-08T13:56:23,500.0,121.6,S
2021-06-08T13:56:23,1600.0,121.6,S
2021-06-08T13:56:23,1000.0,121.7,S
2021-06-08T13:55:26,1500.0,121.8,S
2021-06-08T13:55:24,2000.0,121.6,S
2021-06-08T13:55:07,500.0,121.8,S
2021-06-08T13:54:49,1000.0,121.8,S
2021-06-08T13:54:46,5000.0,121.8,S
2021-06-08T13:54:44,2800.0,121.8,S
2021-06-08T13:54:43,200.0,121.8,S
2021-06-08T13:54:34,200.0,121.8,S
2021-06-08T13:54:27,100.0,121.8,S
2021-06-08T13:54:27,100.0,121.8,S
2021-06-08T13:54:23,100.0,121.8,S
2021-06-08T13:54:23,300.0,121.8,S
2021-06-08T13:53:59,500.0,121.8,S
2021-06-08T13:53:56,100.0,121.8,S
2021-06-08T13:53:41,100.0,121.8,S
2021-06-08T13:53:38,200.0,121.8,S
2021-06-08T13:53:32,2100.0,121.8,S
2021-06-08T13:53:09,200.0,121.9,S
2021-06-08T13:52:58,100.0,122.0,B
2021-06-08T13:52:51,400.0,122.0,B
2021-06-08T13:52:26,100.0,122.0,B
2021-06-08T13:52:20,2500.0,121.5,S
2021-06-08T13:52:20,500.0,121.6,S
2021-06-08T13:52:11,100.0,122.0,B
2021-06-08T13:52:05,4200.0,121.5,S
2021-06-08T13:52:05,800.0,121.5,S
2021-06-08T13:51:56,9000.0,122.5,B
2021-06-08T13:51:48,300.0,121.5,S
2021-06-08T13:51:48,500.0,121.5,S
2021-06-08T13:51:48,900.0,121.5,S
2021-06-08T13:51:47,6100.0,121.6,S
2021-06-08T13:51:42,10000.0,122.0,B
2021-06-08T13:51:18,1000.0,122.0,B
2021-06-08T13:51:17,500.0,122.0,B
2021-06-08T13:50:59,100.0,122.2,S
2021-06-08T13:50:56,100.0,122.4,S
2021-06-08T13:50:46,5000.0,121.7,S
2021-06-08T13:50:45,1700.0,122.0,S
2021-06-08T13:50:45,800.0,122.0,S
2021-06-08T13:50:45,2500.0,122.0,S
2021-06-08T13:50:40,100.0,122.0,S
2021-06-08T13:50:37,100.0,122.0,S
2021-06-08T13:50:20,100.0,122.0,S
2021-06-08T13:50:10,100.0,122.0,S
2021-06-08T13:50:04,300.0,122.0,S
2021-06-08T13:50:01,500.0,122.0,S
2021-06-08T13:50:01,200.0,122.3,S
2021-06-08T13:49:59,100.0,122.0,S
2021-06-08T13:49:59,2200.0,122.0,S
2021-06-08T13:49:59,800.0,122.0,S
2021-06-08T13:49:59,1900.0,122.0,S
2021-06-08T13:49:55,4400.0,122.0,S
2021-06-08T13:49:50,200.0,122.0,S
2021-06-08T13:49:03,100.0,122.4,S
2021-06-08T13:49:02,400.0,122.4,S
2021-06-08T13:48:22,100.0,122.0,S
2021-06-08T13:48:20,100.0,122.0,S
2021-06-08T13:48:20,4900.0,122.1,S
2021-06-08T13:48:12,10000.0,122.1,S
2021-06-08T13:48:11,100.0,122.1,S
2021-06-08T13:48:09,4400.0,122.0,S
2021-06-08T13:48:09,600.0,122.0,S
2021-06-08T13:48:08,500.0,122.4,S
2021-06-08T13:48:05,100.0,122.1,S
2021-06-08T13:47:39,1000.0,122.0,S
2021-06-08T13:47:17,1000.0,122.1,S
2021-06-08T13:47:04,100.0,121.7,S
2021-06-08T13:46:52,2900.0,121.7,S
2021-06-08T13:46:52,400.0,122.0,S
2021-06-08T13:46:52,100.0,122.0,S
2021-06-08T13:46:52,1600.0,122.0,S
2021-06-08T13:46:51,1900.0,122.0,S
2021-06-08T13:46:51,2700.0,122.0,S
2021-06-08T13:46:51,400.0,122.1,S
2021-06-08T13:46:43,200.0,122.1,S
2021-06-08T13:46:42,200.0,122.1,S
2021-06-08T13:46:37,100.0,122.1,S
2021-06-08T13:46:34,100.0,122.1,S
2021-06-08T13:46:07,100.0,122.0,S
2021-06-08T13:45:56,1200.0,122.0,S
2021-06-08T13:45:47,200.0,122.0,S
2021-06-08T13:45:46,100.0,122.0,S
2021-06-08T13:45:43,5000.0,121.7,S
2021-06-08T13:45:41,5000.0,121.8,S
2021-06-08T13:45:41,500.0,122.0,S
2021-06-08T13:45:33,2000.0,122.5,B
2021-06-08T13:45:32,5000.0,122.0,S
2021-06-08T13:45:29,5000.0,122.0,S
2021-06-08T13:44:57,200.0,122.5,B
2021-06-08T13:44:51,300.0,122.0,S
2021-06-08T13:44:50,200.0,122.0,S
2021-06-08T13:44:44,300.0,122.0,S
2021-06-08T13:44:19,200.0,122.5,B
2021-06-08T13:44:10,300.0,121.9,S
2021-06-08T13:44:10,1000.0,121.9,S
2021-06-08T13:44:09,200.0,121.9,S
2021-06-08T13:43:52,2600.0,122.5,B
2021-06-08T13:43:42,1800.0,122.0,S
2021-06-08T13:43:40,500.0,122.0,S
2021-06-08T13:43:28,1600.0,122.0,S
2021-06-08T13:43:22,700.0,122.0,S
2021-06-08T13:43:21,1000.0,122.0,S
2021-06-08T13:42:57,200.0,122.0,S
2021-06-08T13:42:55,1400.0,122.5,S
2021-06-08T13:42:55,1300.0,122.5,S
2021-06-08T13:42:48,200.0,122.0,S
2021-06-08T13:42:47,4000.0,122.0,S
2021-06-08T13:42:11,2200.0,122.0,S
2021-06-08T13:42:11,7000.0,122.5,S
2021-06-08T13:42:04,1600.0,122.0,S
2021-06-08T13:41:54,500.0,122.5,S
2021-06-08T13:41:51,1000.0,122.0,S
2021-06-08T13:41:49,5000.0,122.5,S
2021-06-08T13:41:46,2000.0,122.5,S
2021-06-08T13:41:40,200.0,122.0,S
2021-06-08T13:41:22,2700.0,122.5,S
2021-06-08T13:41:09,500.0,122.5,S
2021-06-08T13:40:59,2000.0,122.5,S
2021-06-08T13:40:59,11000.0,122.5,S
2021-06-08T13:40:29,300.0,122.5,S
2021-06-08T13:40:25,2200.0,122.0,S
2021-06-08T13:40:25,500.0,122.1,S
2021-06-08T13:40:24,300.0,122.2,S
2021-06-08T13:40:11,12000.0,122.1,S
2021-06-08T13:40:07,100.0,122.4,S
2021-06-08T13:39:30,2700.0,122.5,S
2021-06-08T13:39:28,200.0,122.1,S
2021-06-08T13:39:23,200.0,122.1,S
2021-06-08T13:39:21,300.0,122.1,S
2021-06-08T13:38:55,200.0,122.4,S
2021-06-08T13:38:47,100.0,122.0,S
2021-06-08T13:38:36,5000.0,122.0,S
2021-06-08T13:38:13,2800.0,122.8,S
2021-06-08T13:38:10,100.0,122.0,S
2021-06-08T13:37:57,100.0,122.0,S
2021-06-08T13:37:57,800.0,122.0,S
2021-06-08T13:37:46,500.0,122.5,S
2021-06-08T13:37:11,100.0,122.0,S
2021-06-08T13:37:06,200.0,122.0,S
2021-06-08T13:36:23,400.0,122.6,S
2021-06-08T13:36:11,2600.0,122.6,S
2021-06-08T13:36:10,2900.0,122.6,S
2021-06-08T13:36:10,800.0,122.2,S
2021-06-08T13:35:49,1000.0,122.0,S
2021-06-08T13:35:33,100.0,122.0,S
2021-06-08T13:35:28,600.0,122.0,S
2021-06-08T13:35:28,2600.0,122.0,S
2021-06-08T13:34:57,200.0,122.0,B
2021-06-08T13:34:48,100.0,122.0,B
2021-06-08T13:34:44,2600.0,122.9,B
2021-06-08T13:34:44,3000.0,122.9,B
2021-06-08T13:34:43,13500.0,122.9,B
2021-06-08T13:34:43,3000.0,122.8,B
2021-06-08T13:34:43,1700.0,122.8,B
2021-06-08T13:34:43,11600.0,122.8,B
2021-06-08T13:34:43,2400.0,122.7,B
2021-06-08T13:34:43,10800.0,122.5,B
2021-06-08T13:34:43,200.0,122.5,B
2021-06-08T13:34:43,1200.0,122.5,B
2021-06-08T13:34:23,6300.0,122.5,B
2021-06-08T13:34:22,5700.0,122.0,B
2021-06-08T13:33:37,300.0,122.0,B
2021-06-08T13:33:22,100.0,122.0,B
2021-06-08T13:33:19,500.0,122.0,B
2021-06-08T13:33:08,2800.0,122.0,B
2021-06-08T13:33:08,3300.0,122.0,B
2021-06-08T13:33:00,10000.0,122.0,B
2021-06-08T13:32:50,100.0,122.5,B
2021-06-08T13:32:45,200.0,122.5,B
2021-06-08T13:32:44,600.0,122.0,B
2021-06-08T13:32:32,300.0,122.0,B
2021-06-08T13:32:29,500.0,122.0,B
2021-06-08T13:32:17,2200.0,122.5,B
2021-06-08T13:32:16,400.0,122.5,B
2021-06-08T13:32:13,300.0,122.5,B
2021-06-08T13:31:57,100.0,122.5,B
2021-06-08T13:31:53,100.0,122.5,B
2021-06-08T13:31:47,200.0,122.5,B
2021-06-08T13:31:45,2100.0,122.5,B
2021-06-08T13:31:23,100.0,122.5,B
2021-06-08T13:31:10,100.0,122.5,B
2021-06-08T13:30:32,600.0,122.7,B
2021-06-08T13:30:32,3100.0,122.5,B
2021-06-08T13:30:31,1300.0,122.5,B
2021-06-08T13:30:27,3000.0,122.5,B
2021-06-08T13:30:12,200.0,121.5,S
2021-06-08T13:30:06,400.0,121.5,S
2021-06-08T13:30:06,600.0,121.6,S
2021-06-08T13:30:02,200.0,122.5,B
2021-06-08T13:29:54,200.0,121.6,S
2021-06-08T13:29:48,2000.0,122.5,B
2021-06-08T13:29:36,3000.0,122.5,B
2021-06-08T13:29:34,300.0,122.5,B
2021-06-08T13:29:16,1600.0,122.5,B
2021-06-08T13:29:02,1000.0,121.6,S
2021-06-08T13:28:32,200.0,122.1,B
2021-06-08T13:28:13,1000.0,122.0,B
2021-06-08T13:28:13,1500.0,122.0,B
2021-06-08T13:27:56,500.0,122.0,S
2021-06-08T13:27:56,100.0,122.0,S
2021-06-08T13:27:39,3800.0,122.0,S
2021-06-08T13:27:31,100.0,122.0,S
2021-06-08T13:27:10,100.0,122.0,S
2021-06-08T13:27:10,100.0,122.0,S
2021-06-08T13:26:54,500.0,122.0,S
2021-06-08T13:26:27,100.0,122.0,S
2021-06-08T13:26:27,3700.0,122.0,S
2021-06-08T13:25:29,5000.0,122.5,S
2021-06-08T13:25:27,500.0,122.3,S
2021-06-08T13:24:54,400.0,122.0,S
2021-06-08T13:24:52,500.0,122.0,S
2021-06-08T13:24:49,1000.0,122.0,S
2021-06-08T13:24:22,1000.0,121.5,S
2021-06-08T13:24:19,100.0,122.0,S
2021-06-08T13:24:19,100.0,122.0,S
2021-06-08T13:24:13,200.0,121.9,S
2021-06-08T13:23:56,100.0,122.0,S
2021-06-08T13:23:46,200.0,122.0,S
2021-06-08T13:23:45,2600.0,122.0,S
2021-06-08T13:23:44,5000.0,122.0,S
2021-06-08T13:23:17,2900.0,122.5,S
2021-06-08T13:23:06,2100.0,122.5,S
2021-06-08T13:22:45,100.0,122.5,S
2021-06-08T13:22:41,10000.0,122.5,S
2021-06-08T13:22:26,100.0,122.5,S
2021-06-08T13:22:20,100.0,122.5,S
2021-06-08T13:22:17,100.0,122.5,S
2021-06-08T13:22:00,100.0,122.5,S
2021-06-08T13:21:59,100.0,122.5,S
2021-06-08T13:21:56,500.0,122.5,S
2021-06-08T13:21:50,600.0,122.5,S
2021-06-08T13:21:44,600.0,122.0,S
2021-06-08T13:21:43,2800.0,122.0,S
2021-06-08T13:21:43,100.0,122.0,S
2021-06-08T13:21:43,500.0,122.0,S
2021-06-08T13:21:43,500.0,122.0,S
2021-06-08T13:21:43,500.0,122.0,S
2021-06-08T13:20:51,200.0,122.5,S
2021-06-08T13:20:48,1100.0,122.0,S
2021-06-08T13:20:48,1300.0,122.0,S
2021-06-08T13:20:42,20000.0,122.5,S
2021-06-08T13:20:42,1200.0,122.5,S
2021-06-08T13:20:42,500.0,122.5,S
2021-06-08T13:20:42,100.0,122.5,S
2021-06-08T13:20:42,3200.0,122.5,S
2021-06-08T13:20:42,600.0,122.7,S
2021-06-08T13:20:37,900.0,122.9,B
2021-06-08T13:20:35,200.0,122.9,B
2021-06-08T13:20:32,100.0,122.9,S
2021-06-08T13:20:32,100.0,122.9,S
2021-06-08T13:20:23,1000.0,122.9,S
2021-06-08T13:20:16,100.0,122.8,S
2021-06-08T13:20:08,100.0,122.9,S
2021-06-08T13:19:20,15000.0,122.9,S
2021-06-08T13:19:17,200.0,122.9,S
2021-06-08T13:18:34,600.0,123.0,S
2021-06-08T13:18:34,300.0,123.0,S
2021-06-08T13:18:34,1800.0,123.0,S
2021-06-08T13:18:34,500.0,123.0,S
2021-06-08T13:18:34,1500.0,123.0,S
2021-06-08T13:18:18,300.0,123.0,S
2021-06-08T13:17:58,1300.0,123.0,S
2021-06-08T13:17:58,200.0,123.0,S
2021-06-08T13:17:58,200.0,123.0,S
2021-06-08T13:17:58,900.0,123.0,S
2021-06-08T13:17:48,5000.0,123.0,S
2021-06-08T13:17:47,200.0,123.0,S
2021-06-08T13:17:29,200.0,123.0,S
2021-06-08T13:17:29,1700.0,123.0,S
2021-06-08T13:17:29,1500.0,123.0,S
2021-06-08T13:17:28,1600.0,123.0,S
2021-06-08T13:17:21,400.0,123.0,S
2021-06-08T13:17:21,8200.0,123.0,S
2021-06-08T13:17:21,1000.0,123.0,S
2021-06-08T13:17:21,2600.0,123.0,S
2021-06-08T13:17:21,200.0,123.0,S
2021-06-08T13:17:21,7600.0,123.0,S
2021-06-08T13:17:15,3800.0,123.1,S
2021-06-08T13:17:06,2200.0,123.1,S
2021-06-08T13:16:51,300.0,123.1,S
2021-06-08T13:16:27,800.0,123.1,S
2021-06-08T13:16:25,10000.0,123.0,S
2021-06-08T13:16:06,14300.0,123.0,S
2021-06-08T13:16:06,1300.0,123.0,S
2021-06-08T13:16:06,1100.0,123.0,S
2021-06-08T13:16:06,100.0,123.0,S
2021-06-08T13:16:06,3200.0,123.0,S
2021-06-08T13:16:03,1100.0,123.0,S
2021-06-08T13:16:03,1200.0,123.0,S
2021-06-08T13:16:03,2700.0,123.0,S
2021-06-08T13:15:59,2300.0,123.0,S
2021-06-08T13:15:59,500.0,123.0,S
2021-06-08T13:15:58,200.0,123.0,S
2021-06-08T13:15:58,500.0,123.0,S
2021-06-08T13:15:58,500.0,123.0,S
2021-06-08T13:15:58,300.0,123.0,S
2021-06-08T13:15:58,200.0,123.0,S
2021-06-08T13:15:58,500.0,123.1,S
2021-06-08T13:15:31,400.0,123.0,S
2021-06-08T13:15:31,300.0,123.0,S
2021-06-08T13:15:31,400.0,123.0,S
2021-06-08T13:15:31,400.0,123.0,S
2021-06-08T13:15:30,2400.0,123.0,S
2021-06-08T13:15:30,1100.0,123.0,S
2021-06-08T13:15:24,600.0,123.0,S
2021-06-08T13:15:05,700.0,123.0,S
2021-06-08T13:14:18,8100.0,123.0,S
2021-06-08T13:14:18,600.0,123.0,S
2021-06-08T13:14:18,100.0,123.0,S
2021-06-08T13:14:18,1500.0,123.0,S
2021-06-08T13:14:18,1100.0,123.0,S
2021-06-08T13:14:18,4200.0,123.0,S
2021-06-08T13:14:18,500.0,123.0,S
2021-06-08T13:14:17,200.0,123.0,S
2021-06-08T13:14:17,1800.0,123.0,S
2021-06-08T13:14:17,100.0,123.0,S
2021-06-08T13:14:17,1800.0,123.0,S
2021-06-08T13:13:56,500.0,123.0,S
2021-06-08T13:13:17,200.0,123.3,B
2021-06-08T13:12:51,500.0,123.0,S
2021-06-08T13:12:44,800.0,123.0,S
2021-06-08T13:12:44,1600.0,123.0,S
2021-06-08T13:12:44,200.0,123.0,S
2021-06-08T13:12:43,200.0,123.0,S
2021-06-08T13:12:43,800.0,123.0,S
2021-06-08T13:12:43,600.0,123.0,S
2021-06-08T13:12:43,800.0,123.0,S
2021-06-08T13:12:34,100.0,123.1,S
2021-06-08T13:12:33,100.0,123.1,S
2021-06-08T13:12:15,2600.0,123.0,S
2021-06-08T13:12:10,100.0,123.1,S
2021-06-08T13:11:45,600.0,123.1,S
2021-06-08T13:11:45,2600.0,123.2,S
2021-06-08T13:11:36,200.0,123.2,S
2021-06-08T13:11:34,200.0,123.2,S
2021-06-08T13:11:33,100.0,123.3,S
2021-06-08T13:11:32,200.0,123.3,S
2021-06-08T13:11:10,100.0,123.1,S
2021-06-08T13:11:04,2000.0,123.3,S
2021-06-08T13:11:04,100.0,123.1,S
2021-06-08T13:10:55,300.0,123.1,S
2021-06-08T13:10:55,2700.0,123.3,S
2021-06-08T13:10:55,400.0,123.3,S
2021-06-08T13:10:54,3400.0,123.2,S
2021-06-08T13:10:43,5000.0,123.1,S
2021-06-08T13:10:33,100.0,123.2,S
2021-06-08T13:10:27,100.0,123.1,S
2021-06-08T13:10:18,100.0,123.1,S
2021-06-08T13:10:11,700.0,123.2,S
2021-06-08T13:09:56,1000.0,123.2,S
2021-06-08T13:09:26,1800.0,123.1,S
2021-06-08T13:09:26,100.0,123.1,S
2021-06-08T13:09:25,100.0,123.1,S
2021-06-08T13:09:20,300.0,123.1,S
2021-06-08T13:09:15,100.0,123.2,S
2021-06-08T13:08:44,1100.0,123.5,B
2021-06-08T13:08:36,500.0,123.3,S
2021-06-08T13:08:29,2000.0,123.3,S
2021-06-08T13:07:51,2200.0,123.3,S
2021-06-08T13:07:46,300.0,123.3,S
2021-06-08T13:07:45,500.0,123.5,B
2021-06-08T13:07:34,200.0,123.5,B
2021-06-08T13:07:02,500.0,123.3,S
2021-06-08T13:06:54,1100.0,123.5,B
2021-06-08T13:06:43,200.0,123.5,B
2021-06-08T13:05:51,3000.0,123.5,B
2021-06-08T13:05:42,100.0,123.7,B
2021-06-08T13:05:12,15700.0,123.5,B
2021-06-08T13:05:02,700.0,123.1,S
2021-06-08T13:05:00,6700.0,123.3,S
2021-06-08T13:04:57,100.0,123.3,S
2021-06-08T13:04:46,300.0,123.5,B
2021-06-08T13:04:42,1000.0,123.5,B
2021-06-08T13:04:31,1000.0,123.5,B
2021-06-08T13:03:49,3000.0,123.5,S
2021-06-08T13:03:48,900.0,123.0,S
2021-06-08T13:03:48,100.0,123.0,S
2021-06-08T13:03:34,6800.0,123.0,S
2021-06-08T13:03:34,3200.0,123.1,S
2021-06-08T13:03:16,800.0,123.5,S
2021-06-08T13:03:12,100.0,123.5,S
2021-06-08T13:02:52,500.0,123.5,S
2021-06-08T13:02:34,200.0,123.5,S
2021-06-08T13:02:15,1000.0,123.8,B
2021-06-08T13:02:06,100.0,123.8,B
2021-06-08T13:02:02,800.0,123.8,B
2021-06-08T13:01:50,1000.0,123.1,S
2021-06-08T13:01:49,1000.0,123.2,S
2021-06-08T13:01:45,400.0,123.8,B
2021-06-08T13:01:40,400.0,123.8,B
2021-06-08T13:01:25,100.0,123.8,B
2021-06-08T13:01:20,1000.0,123.2,S
2021-06-08T13:00:14,400.0,123.2,S
2021-06-08T13:00:14,300.0,123.8,B
2021-06-08T11:32:01,1100.0,123.8,S
2021-06-08T11:31:46,2500.0,123.2,S
2021-06-08T11:31:46,2000.0,123.2,S
2021-06-08T11:31:31,400.0,123.8,S
2021-06-08T11:31:26,100.0,123.9,B
2021-06-08T11:31:16,200.0,123.9,B
2021-06-08T11:30:26,100.0,123.9,S
2021-06-08T11:30:16,3000.0,123.9,S
2021-06-08T11:30:10,100.0,123.9,S
2021-06-08T11:30:10,200.0,123.2,S
2021-06-08T11:30:08,100.0,123.9,S
2021-06-08T11:29:42,1000.0,124.0,S
2021-06-08T11:29:35,100.0,124.0,S
2021-06-08T11:29:33,5000.0,123.2,S
2021-06-08T11:28:56,1000.0,124.0,S
2021-06-08T11:28:46,500.0,124.0,S
2021-06-08T11:28:26,500.0,124.0,S
2021-06-08T11:28:21,700.0,123.4,S
2021-06-08T11:28:21,1800.0,123.5,S
2021-06-08T11:28:06,100.0,124.0,S
2021-06-08T11:28:02,100.0,124.2,S
2021-06-08T11:27:55,800.0,123.5,S
2021-06-08T11:27:55,1000.0,123.5,S
2021-06-08T11:27:55,600.0,123.5,S
2021-06-08T11:27:55,1600.0,123.5,S
2021-06-08T11:27:49,2500.0,124.0,S
2021-06-08T11:27:44,2200.0,124.0,S
2021-06-08T11:27:44,100.0,124.0,S
2021-06-08T11:27:44,200.0,124.0,S
2021-06-08T11:27:44,7500.0,124.0,S
2021-06-08T11:27:32,400.0,124.0,S
2021-06-08T11:27:32,1500.0,124.0,S
2021-06-08T11:27:32,600.0,124.0,S
2021-06-08T11:27:15,100.0,124.4,S
2021-06-08T11:27:03,300.0,124.0,S
2021-06-08T11:27:03,100.0,124.0,S
2021-06-08T11:27:03,2100.0,124.0,S
2021-06-08T11:27:02,1500.0,124.0,S
2021-06-08T11:27:02,700.0,124.0,S
2021-06-08T11:27:02,100.0,124.0,S
2021-06-08T11:27:01,200.0,124.0,S
2021-06-08T11:26:28,1000.0,124.0,S
2021-06-08T11:26:27,900.0,124.0,S
2021-06-08T11:26:27,100.0,124.0,S
2021-06-08T11:26:27,100.0,124.0,S
2021-06-08T11:26:27,300.0,124.0,S
2021-06-08T11:26:27,100.0,124.0,S
2021-06-08T11:26:05,200.0,124.0,S
2021-06-08T11:26:05,2500.0,124.0,S
2021-06-08T11:26:05,100.0,124.2,S
2021-06-08T11:26:05,700.0,124.3,S
2021-06-08T11:26:05,100.0,124.3,S
2021-06-08T11:26:05,1400.0,124.3,S
2021-06-08T11:25:55,100.0,124.5,S
2021-06-08T11:25:41,200.0,124.5,S
2021-06-08T11:25:35,100.0,124.4,S
2021-06-08T11:25:35,100.0,124.4,S
2021-06-08T11:25:23,1200.0,124.4,S
2021-06-08T11:25:22,3800.0,124.4,S
2021-06-08T11:25:16,2000.0,124.4,S
2021-06-08T11:25:07,1800.0,124.5,S
2021-06-08T11:24:59,100.0,124.6,B
2021-06-08T11:24:50,1000.0,124.5,S
2021-06-08T11:24:50,9000.0,124.5,S
2021-06-08T11:24:41,5000.0,124.5,S
2021-06-08T11:24:33,300.0,124.6,S
2021-06-08T11:24:13,2500.0,124.5,S
2021-06-08T11:24:11,500.0,124.5,S
2021-06-08T11:24:03,200.0,124.5,S
2021-06-08T11:23:59,100.0,124.6,S
2021-06-08T11:23:35,2200.0,124.5,S
2021-06-08T11:23:35,300.0,124.6,S
2021-06-08T11:23:05,100.0,124.6,S
2021-06-08T11:22:54,2500.0,124.5,S
2021-06-08T11:22:43,1000.0,124.5,S
2021-06-08T11:22:28,2500.0,124.5,S
2021-06-08T11:22:12,9900.0,124.5,S
2021-06-08T11:22:12,100.0,124.6,S
2021-06-08T11:21:57,2500.0,124.6,S
2021-06-08T11:21:34,200.0,124.7,B
2021-06-08T11:21:09,2500.0,124.7,B
2021-06-08T11:20:50,200.0,124.7,B
2021-06-08T11:20:45,100.0,124.7,B
2021-06-08T11:20:31,2500.0,124.7,B
2021-06-08T11:20:11,100.0,124.7,B
2021-06-08T11:19:58,300.0,124.7,B
2021-06-08T11:19:58,3100.0,124.7,B
2021-06-08T11:19:46,1000.0,124.6,S
2021-06-08T11:19:19,2500.0,124.6,S
2021-06-08T11:19:15,100.0,124.6,S
2021-06-08T11:18:49,500.0,124.6,S
2021-06-08T11:18:11,1000.0,124.6,S
2021-06-08T11:17:52,200.0,124.6,S
2021-06-08T11:17:52,400.0,124.6,S
2021-06-08T11:16:52,500.0,124.6,S
2021-06-08T11:16:36,400.0,124.6,S
2021-06-08T11:16:28,1000.0,124.6,S
2021-06-08T11:16:28,100.0,124.6,S
2021-06-08T11:16:09,200.0,124.6,S
2021-06-08T11:15:05,100.0,124.6,S
2021-06-08T11:15:04,1000.0,124.8,B
2021-06-08T11:14:51,100.0,124.7,S
2021-06-08T11:14:50,1000.0,124.7,S
2021-06-08T11:14:48,2700.0,124.7,S
2021-06-08T11:14:47,300.0,124.5,S
2021-06-08T11:14:23,1600.0,124.5,S
2021-06-08T11:14:23,200.0,124.5,S
2021-06-08T11:14:23,200.0,124.6,S
2021-06-08T11:14:13,200.0,124.7,S
2021-06-08T11:13:13,2400.0,124.5,S
2021-06-08T11:12:53,900.0,124.6,S
2021-06-08T11:12:42,3000.0,124.8,B
2021-06-08T11:12:19,100.0,124.6,B
2021-06-08T11:11:50,1500.0,124.5,S
2021-06-08T11:11:14,200.0,124.5,S
2021-06-08T11:11:12,900.0,124.5,S
2021-06-08T11:11:12,100.0,124.5,S
2021-06-08T11:11:12,1000.0,124.5,S
2021-06-08T11:11:12,500.0,124.5,S
2021-06-08T11:11:12,200.0,124.5,S
2021-06-08T11:11:11,800.0,124.5,S
2021-06-08T11:10:59,500.0,124.6,B
2021-06-08T11:10:24,100.0,124.6,B
2021-06-08T11:10:16,500.0,124.7,B
2021-06-08T11:10:14,700.0,124.7,B
2021-06-08T11:10:14,2000.0,124.6,B
2021-06-08T11:10:00,100.0,124.5,S
2021-06-08T11:10:00,400.0,124.5,S
2021-06-08T11:09:53,400.0,124.5,S
2021-06-08T11:09:53,100.0,124.5,S
2021-06-08T11:09:53,400.0,124.5,S
2021-06-08T11:09:53,1100.0,124.5,S
2021-06-08T11:09:30,1000.0,124.5,S
2021-06-08T11:09:09,400.0,124.5,S
2021-06-08T11:09:09,1400.0,124.5,S
2021-06-08T11:09:09,100.0,124.5,S
2021-06-08T11:09:09,1100.0,124.5,S
2021-06-08T11:09:09,100.0,124.5,S
2021-06-08T11:09:08,1900.0,124.5,S
2021-06-08T11:09:00,1000.0,124.5,S
2021-06-08T11:08:47,100.0,124.5,S
2021-06-08T11:08:41,1600.0,124.7,B
2021-06-08T11:08:36,400.0,124.5,S
2021-06-08T11:08:36,100.0,124.6,B
2021-06-08T11:07:39,100.0,124.5,S
2021-06-08T11:07:39,400.0,124.5,S
2021-06-08T11:07:37,1300.0,124.7,B
2021-06-08T11:07:15,200.0,124.5,S
2021-06-08T11:06:28,100.0,124.5,S
2021-06-08T11:06:23,100.0,124.5,S
2021-06-08T11:06:07,800.0,124.5,S
2021-06-08T11:06:07,1200.0,124.5,S
2021-06-08T11:06:07,1500.0,124.5,S
2021-06-08T11:04:55,500.0,124.6,S
2021-06-08T11:04:25,1000.0,124.5,S
2021-06-08T11:04:20,200.0,124.5,S
2021-06-08T11:04:09,1700.0,124.9,B
2021-06-08T11:03:56,100.0,124.5,S
2021-06-08T11:03:52,4000.0,124.8,S
2021-06-08T11:03:52,2000.0,124.8,S
2021-06-08T11:03:52,500.0,124.7,S
2021-06-08T11:03:38,500.0,124.7,S
2021-06-08T11:03:26,500.0,124.6,S
2021-06-08T11:03:26,3000.0,124.5,S
2021-06-08T11:03:08,2000.0,124.5,S
2021-06-08T11:02:59,300.0,124.7,S
2021-06-08T11:02:51,200.0,124.7,S
2021-06-08T11:02:51,600.0,124.7,S
2021-06-08T11:02:21,200.0,124.5,S
2021-06-08T11:01:54,100.0,124.7,S
2021-06-08T11:01:41,1000.0,124.7,S
2021-06-08T11:01:32,300.0,124.6,S
2021-06-08T11:01:21,100.0,124.6,S
2021-06-08T11:01:20,100.0,124.6,S
2021-06-08T11:01:16,100.0,124.6,S
2021-06-08T11:01:15,700.0,124.6,S
2021-06-08T11:01:15,500.0,124.6,S
2021-06-08T11:01:15,300.0,124.6,S
2021-06-08T11:01:15,3500.0,124.6,S
2021-06-08T11:01:15,100.0,124.6,S
2021-06-08T11:01:15,8300.0,124.6,S
2021-06-08T11:01:15,400.0,124.6,S
2021-06-08T11:01:15,1900.0,124.6,S
2021-06-08T11:01:15,4100.0,124.6,S
2021-06-08T11:01:15,500.0,124.7,S
2021-06-08T11:00:57,100.0,124.6,S
2021-06-08T11:00:55,300.0,124.9,B
2021-06-08T11:00:55,4700.0,124.8,S
2021-06-08T11:00:53,300.0,124.7,S
2021-06-08T11:00:29,100.0,124.7,S
2021-06-08T11:00:24,200.0,124.7,S
2021-06-08T11:00:19,2000.0,124.7,S
2021-06-08T11:00:09,200.0,124.7,S
2021-06-08T11:00:07,1000.0,124.8,S
2021-06-08T10:59:49,200.0,124.7,S
2021-06-08T10:59:46,500.0,124.7,S
2021-06-08T10:59:42,100.0,124.7,S
2021-06-08T10:59:42,1600.0,124.7,S
2021-06-08T10:59:33,5000.0,124.7,S
2021-06-08T10:59:14,100.0,124.7,S
2021-06-08T10:59:07,200.0,124.7,S
2021-06-08T10:59:07,1200.0,124.7,S
2021-06-08T10:59:05,200.0,124.8,S
2021-06-08T10:58:53,200.0,124.8,S
2021-06-08T10:58:40,15000.0,124.9,B
2021-06-08T10:58:00,200.0,124.7,S
2021-06-08T10:57:42,2600.0,124.9,B
2021-06-08T10:57:39,2000.0,124.7,S
2021-06-08T10:57:37,200.0,124.7,S
2021-06-08T10:57:37,900.0,124.7,S
2021-06-08T10:57:37,500.0,124.7,S
2021-06-08T10:57:37,400.0,124.8,S
2021-06-08T10:57:20,200.0,124.9,B
2021-06-08T10:56:42,500.0,124.7,S
2021-06-08T10:56:11,300.0,124.7,S
2021-06-08T10:56:11,1000.0,124.7,S
2021-06-08T10:56:10,1400.0,124.7,S
2021-06-08T10:56:10,1700.0,124.7,S
2021-06-08T10:56:10,300.0,124.8,S
2021-06-08T10:56:10,300.0,124.8,S
2021-06-08T10:56:05,200.0,124.9,S
2021-06-08T10:56:04,100.0,124.9,S
2021-06-08T10:55:45,500.0,124.9,S
2021-06-08T10:55:18,2000.0,124.9,S
2021-06-08T10:54:55,1000.0,124.8,S
2021-06-08T10:54:43,5000.0,124.8,S
2021-06-08T10:54:38,100.0,124.9,S
2021-06-08T10:54:36,500.0,124.9,S
2021-06-08T10:54:25,300.0,124.9,S
2021-06-08T10:54:19,1000.0,124.8,S
2021-06-08T10:53:39,100.0,124.9,S
2021-06-08T10:53:26,500.0,124.9,S
2021-06-08T10:53:19,200.0,124.8,S
2021-06-08T10:53:01,300.0,124.9,S
2021-06-08T10:52:29,1500.0,124.8,S
2021-06-08T10:52:29,100.0,124.8,S
2021-06-08T10:52:28,3400.0,124.8,S
2021-06-08T10:52:11,100.0,125.0,B
2021-06-08T10:52:10,400.0,125.0,B
2021-06-08T10:52:06,500.0,124.9,S
2021-06-08T10:51:47,100.0,125.0,B
2021-06-08T10:51:27,500.0,124.9,S
2021-06-08T10:50:54,500.0,125.0,B
2021-06-08T10:50:52,100.0,125.0,B
2021-06-08T10:50:50,100.0,124.9,S
2021-06-08T10:50:50,3900.0,124.9,S
2021-06-08T10:50:34,100.0,125.0,B
2021-06-08T10:50:33,100.0,125.0,B
2021-06-08T10:50:29,800.0,125.0,B
2021-06-08T10:50:28,300.0,124.9,S
2021-06-08T10:50:01,100.0,125.0,B
2021-06-08T10:49:41,100.0,125.0,B
2021-06-08T10:49:41,600.0,125.0,B
2021-06-08T10:49:40,100.0,125.0,B
2021-06-08T10:49:24,400.0,125.0,B
2021-06-08T10:49:20,100.0,125.0,B
2021-06-08T10:49:09,200.0,124.9,S
2021-06-08T10:49:05,100.0,125.0,B
2021-06-08T10:49:03,3300.0,125.0,B
2021-06-08T10:48:42,100.0,125.0,B
2021-06-08T10:48:28,400.0,125.0,B
2021-06-08T10:48:02,1000.0,125.0,S
2021-06-08T10:47:47,400.0,125.0,S
2021-06-08T10:47:46,500.0,125.0,S
2021-06-08T10:47:16,100.0,125.2,S
2021-06-08T10:46:57,800.0,125.0,S
2021-06-08T10:46:43,1300.0,125.0,S
2021-06-08T10:46:43,10600.0,125.0,S
2021-06-08T10:46:32,400.0,125.3,B
2021-06-08T10:46:25,200.0,125.2,S
2021-06-08T10:46:20,500.0,125.2,S
2021-06-08T10:46:12,100.0,125.2,S
2021-06-08T10:45:54,100.0,125.2,S
2021-06-08T10:45:33,100.0,125.2,S
2021-06-08T10:45:33,900.0,125.2,S
2021-06-08T10:45:27,100.0,125.3,B
2021-06-08T10:45:23,200.0,125.2,S
2021-06-08T10:45:21,100.0,125.2,S
2021-06-08T10:45:16,500.0,125.2,S
2021-06-08T10:45:05,3000.0,125.2,S
2021-06-08T10:45:01,1000.0,125.2,S
2021-06-08T10:44:57,4200.0,125.2,S
2021-06-08T10:44:55,400.0,125.2,S
2021-06-08T10:44:51,200.0,125.2,S
2021-06-08T10:44:42,2500.0,125.4,B
2021-06-08T10:44:42,1700.0,125.4,B
2021-06-08T10:44:42,1100.0,125.4,B
2021-06-08T10:44:42,5100.0,125.4,B
2021-06-08T10:44:42,400.0,125.4,B
2021-06-08T10:44:42,3100.0,125.4,B
2021-06-08T10:44:41,2700.0,125.4,B
2021-06-08T10:44:41,1700.0,125.3,B
2021-06-08T10:44:41,1500.0,125.3,B
2021-06-08T10:44:41,200.0,125.3,B
2021-06-08T10:44:31,5000.0,125.2,S
2021-06-08T10:44:14,3200.0,125.3,B
2021-06-08T10:44:05,200.0,125.3,B
2021-06-08T10:43:51,5000.0,125.2,S
2021-06-08T10:43:45,8200.0,125.2,S
2021-06-08T10:43:34,200.0,125.2,S
2021-06-08T10:43:25,300.0,125.2,S
2021-06-08T10:43:20,1000.0,125.2,S
2021-06-08T10:43:15,2000.0,125.2,S
2021-06-08T10:43:15,500.0,125.3,B
2021-06-08T10:43:15,300.0,125.3,B
2021-06-08T10:43:02,500.0,125.2,S
2021-06-08T10:42:41,500.0,125.2,S
2021-06-08T10:42:35,100.0,125.3,B
2021-06-08T10:42:25,500.0,125.2,S
2021-06-08T10:42:08,1000.0,125.2,S
2021-06-08T10:41:57,5000.0,125.2,S
2021-06-08T10:41:42,1100.0,125.2,S
2021-06-08T10:41:40,200.0,125.2,S
2021-06-08T10:41:40,500.0,125.2,S
2021-06-08T10:41:25,100.0,125.2,S
2021-06-08T10:41:07,4900.0,125.2,S
2021-06-08T10:40:43,3000.0,125.2,S
2021-06-08T10:40:39,200.0,125.2,S
2021-06-08T10:40:27,200.0,125.2,S
2021-06-08T10:40:25,1000.0,125.2,S
2021-06-08T10:40:18,100.0,125.2,S
2021-06-08T10:40:15,1000.0,125.2,S
2021-06-08T10:40:13,1000.0,125.2,S
2021-06-08T10:39:58,200.0,125.1,S
2021-06-08T10:39:56,2600.0,125.3,B
2021-06-08T10:39:17,5100.0,125.1,S
2021-06-08T10:39:15,800.0,125.2,S
2021-06-08T10:39:12,400.0,125.1,S
2021-06-08T10:38:37,1000.0,125.1,S
2021-06-08T10:38:32,200.0,125.1,S
2021-06-08T10:38:32,300.0,125.1,S
2021-06-08T10:38:32,1900.0,125.0,S
2021-06-08T10:38:26,200.0,125.0,S
2021-06-08T10:38:09,100.0,125.0,S
2021-06-08T10:37:44,2000.0,125.0,S
2021-06-08T10:37:18,200.0,125.1,S
2021-06-08T10:37:14,100.0,124.9,S
2021-06-08T10:36:49,1000.0,125.0,S
2021-06-08T10:36:42,900.0,125.4,B
2021-06-08T10:36:42,200.0,125.4,B
2021-06-08T10:36:42,1700.0,125.4,B
2021-06-08T10:36:42,10200.0,125.3,B
2021-06-08T10:36:39,600.0,125.2,S
2021-06-08T10:36:36,2000.0,125.1,S
2021-06-08T10:36:34,100.0,125.0,S
2021-06-08T10:36:34,4000.0,125.0,S
2021-06-08T10:36:34,600.0,125.0,S
2021-06-08T10:36:34,1500.0,125.0,S
2021-06-08T10:36:34,800.0,125.0,S
2021-06-08T10:36:34,500.0,125.0,S
2021-06-08T10:36:34,1900.0,125.0,S
2021-06-08T10:36:34,100.0,125.0,S
2021-06-08T10:36:34,500.0,125.0,S
2021-06-08T10:36:24,200.0,125.1,S
2021-06-08T10:36:20,200.0,125.0,S
2021-06-08T10:36:11,100.0,125.1,S
2021-06-08T10:36:07,200.0,125.1,S
2021-06-08T10:35:39,500.0,125.2,S
2021-06-08T10:35:39,300.0,125.2,S
2021-06-08T10:35:35,1000.0,125.0,S
2021-06-08T10:35:34,200.0,125.0,S
2021-06-08T10:35:24,1000.0,125.3,B
2021-06-08T10:35:24,800.0,125.3,B
2021-06-08T10:35:24,500.0,125.2,S
2021-06-08T10:35:23,400.0,125.2,S
2021-06-08T10:35:19,500.0,125.0,S
2021-06-08T10:35:17,300.0,125.1,S
2021-06-08T10:34:59,3000.0,125.0,S
2021-06-08T10:34:59,100.0,125.0,S
2021-06-08T10:34:59,100.0,125.0,S
2021-06-08T10:34:59,2500.0,125.0,S
2021-06-08T10:34:59,500.0,125.0,S
2021-06-08T10:34:59,3600.0,125.0,S
2021-06-08T10:34:59,100.0,125.0,S
2021-06-08T10:34:58,100.0,125.0,S
2021-06-08T10:34:55,1800.0,125.1,S
2021-06-08T10:34:26,200.0,125.1,S
2021-06-08T10:34:00,100.0,125.1,S
2021-06-08T10:33:59,1300.0,125.1,S
2021-06-08T10:33:59,200.0,125.0,S
2021-06-08T10:33:56,300.0,125.1,S
2021-06-08T10:33:55,600.0,125.0,S
2021-06-08T10:33:55,1400.0,125.0,S
2021-06-08T10:33:55,700.0,125.0,S
2021-06-08T10:33:54,2000.0,125.0,S
2021-06-08T10:33:50,100.0,125.1,S
2021-06-08T10:33:47,1600.0,125.0,S
2021-06-08T10:33:42,100.0,125.1,S
2021-06-08T10:33:34,500.0,125.1,S
2021-06-08T10:33:34,500.0,125.1,S
2021-06-08T10:33:28,100.0,125.0,S
2021-06-08T10:33:28,100.0,125.0,S
2021-06-08T10:33:28,100.0,125.0,S
2021-06-08T10:33:22,500.0,125.1,S
2021-06-08T10:33:21,100.0,125.1,S
2021-06-08T10:33:17,1700.0,125.3,B
2021-06-08T10:33:17,300.0,125.3,B
2021-06-08T10:33:16,800.0,125.3,B
2021-06-08T10:33:11,100.0,125.3,B
2021-06-08T10:33:06,100.0,125.3,B
2021-06-08T10:33:05,200.0,125.1,S
2021-06-08T10:32:58,500.0,125.3,B
2021-06-08T10:32:56,600.0,125.3,B
2021-06-08T10:32:47,100.0,125.3,B
2021-06-08T10:32:46,300.0,125.3,B
2021-06-08T10:32:33,500.0,125.1,S
2021-06-08T10:32:33,100.0,125.3,B
2021-06-08T10:32:33,1100.0,125.3,B
2021-06-08T10:32:21,1000.0,125.1,S
2021-06-08T10:32:08,100.0,125.3,B
2021-06-08T10:32:03,2700.0,125.3,B
2021-06-08T10:31:57,600.0,125.3,B
2021-06-08T10:31:52,400.0,125.0,S
2021-06-08T10:31:52,8600.0,125.0,S
2021-06-08T10:31:52,200.0,125.2,S
2021-06-08T10:31:37,700.0,125.2,S
2021-06-08T10:31:36,2800.0,125.2,S
2021-06-08T10:30:43,2600.0,125.2,S
2021-06-08T10:30:40,1000.0,125.0,S
2021-06-08T10:30:35,1400.0,125.2,S
2021-06-08T10:30:19,100.0,125.1,S
2021-06-08T10:30:15,1600.0,125.0,S
2021-06-08T10:30:15,100.0,125.0,S
2021-06-08T10:30:15,300.0,125.0,S
2021-06-08T10:29:07,200.0,125.1,S
2021-06-08T10:28:28,200.0,125.3,B
2021-06-08T10:28:22,4100.0,125.0,S
2021-06-08T10:28:22,2000.0,125.0,S
2021-06-08T10:28:22,2100.0,125.0,S
2021-06-08T10:28:22,1200.0,125.0,S
2021-06-08T10:28:22,200.0,125.0,S
2021-06-08T10:28:22,2300.0,125.0,S
2021-06-08T10:28:22,1000.0,125.0,S
2021-06-08T10:28:22,8800.0,125.0,S
2021-06-08T10:28:22,2300.0,125.0,S
2021-06-08T10:28:22,29600.0,125.0,S
2021-06-08T10:28:04,200.0,125.1,S
2021-06-08T10:27:59,300.0,125.1,S
2021-06-08T10:27:24,13000.0,125.3,B
2021-06-08T10:27:18,100.0,125.3,B
2021-06-08T10:26:52,200.0,125.3,B
2021-06-08T10:26:52,4200.0,125.0,S
2021-06-08T10:26:40,1800.0,125.3,B
2021-06-08T10:26:39,200.0,125.1,S
2021-06-08T10:26:18,1000.0,125.0,S
2021-06-08T10:26:11,1100.0,125.1,S
2021-06-08T10:26:11,300.0,125.1,S
2021-06-08T10:26:11,1000.0,125.1,S
2021-06-08T10:26:11,700.0,125.1,S
2021-06-08T10:26:11,300.0,125.1,S
2021-06-08T10:26:10,800.0,125.2,S
2021-06-08T10:25:59,100.0,125.3,B
2021-06-08T10:25:54,200.0,125.3,B
2021-06-08T10:25:48,100.0,125.3,B
2021-06-08T10:25:12,300.0,125.3,B
2021-06-08T10:25:08,500.0,125.2,S
2021-06-08T10:24:48,200.0,125.3,S
2021-06-08T10:24:40,100.0,125.3,S
2021-06-08T10:24:25,400.0,125.3,S
2021-06-08T10:24:15,100.0,125.3,S
2021-06-08T10:24:06,1900.0,125.3,S
2021-06-08T10:23:29,600.0,125.3,S
2021-06-08T10:23:20,900.0,125.3,S
2021-06-08T10:23:17,100.0,125.5,B
2021-06-08T10:23:13,3000.0,125.5,B
2021-06-08T10:23:12,1000.0,125.5,B
2021-06-08T10:23:07,100.0,125.1,S
2021-06-08T10:23:07,100.0,125.3,S
2021-06-08T10:22:58,1000.0,125.5,B
2021-06-08T10:22:48,300.0,125.1,S
2021-06-08T10:22:45,300.0,125.4,S
2021-06-08T10:22:16,500.0,125.1,S
2021-06-08T10:22:11,500.0,125.4,S
2021-06-08T10:21:57,300.0,125.4,S
2021-06-08T10:21:57,1300.0,125.4,S
2021-06-08T10:21:46,400.0,125.4,S
2021-06-08T10:21:05,100.0,125.2,S
2021-06-08T10:21:00,300.0,125.5,B
2021-06-08T10:20:40,100.0,125.4,S
2021-06-08T10:20:24,1000.0,125.5,B
2021-06-08T10:20:23,100.0,125.3,S
2021-06-08T10:20:18,1000.0,125.3,S
2021-06-08T10:20:12,600.0,125.3,S
2021-06-08T10:19:57,100.0,125.3,S
2021-06-08T10:19:57,2400.0,125.3,S
2021-06-08T10:19:57,100.0,125.3,S
2021-06-08T10:19:57,4600.0,125.3,S
2021-06-08T10:19:54,100.0,125.4,S
2021-06-08T10:19:13,100.0,125.5,B
2021-06-08T10:19:10,1000.0,125.5,B
2021-06-08T10:19:03,500.0,125.3,S
2021-06-08T10:19:02,700.0,125.5,B
2021-06-08T10:19:02,2300.0,125.5,B
2021-06-08T10:19:01,200.0,125.3,S
2021-06-08T10:18:44,900.0,125.3,S
2021-06-08T10:18:44,200.0,125.3,S
2021-06-08T10:18:44,1900.0,125.4,S
2021-06-08T10:18:43,2000.0,125.5,B
2021-06-08T10:18:39,500.0,125.5,B
2021-06-08T10:18:11,200.0,125.5,B
2021-06-08T10:18:01,400.0,125.5,B
2021-06-08T10:18:00,500.0,125.4,S
2021-06-08T10:17:11,700.0,125.5,B
2021-06-08T10:16:59,4000.0,125.5,B
2021-06-08T10:16:56,1000.0,125.4,S
2021-06-08T10:16:27,100.0,125.5,B
2021-06-08T10:16:01,1800.0,125.4,B
2021-06-08T10:15:52,100.0,125.5,B
2021-06-08T10:15:46,100.0,125.4,B
2021-06-08T10:15:33,100.0,125.5,B
2021-06-08T10:15:28,1000.0,125.5,B
2021-06-08T10:15:22,1600.0,125.5,B
2021-06-08T10:15:20,200.0,125.5,B
2021-06-08T10:15:20,800.0,125.5,B
2021-06-08T10:14:57,100.0,125.5,B
2021-06-08T10:14:39,200.0,125.4,B
2021-06-08T10:14:31,100.0,125.5,B
2021-06-08T10:13:53,1000.0,125.5,B
2021-06-08T10:13:40,500.0,125.4,B
2021-06-08T10:13:38,500.0,125.4,B
2021-06-08T10:12:27,100.0,125.5,B
2021-06-08T10:12:15,1000.0,125.6,B
2021-06-08T10:12:14,4200.0,125.3,S
2021-06-08T10:12:14,600.0,125.4,B
2021-06-08T10:12:14,200.0,125.4,B
2021-06-08T10:11:57,500.0,125.5,B
2021-06-08T10:11:49,200.0,125.4,B
2021-06-08T10:11:46,2000.0,125.5,B
2021-06-08T10:11:16,200.0,125.5,B
2021-06-08T10:10:32,100.0,125.4,B
2021-06-08T10:10:15,1000.0,125.5,B
2021-06-08T10:10:08,200.0,125.4,B
2021-06-08T10:10:03,100.0,125.4,B
2021-06-08T10:09:57,200.0,125.4,B
2021-06-08T10:09:54,300.0,125.4,B
2021-06-08T10:09:41,2900.0,125.7,B
2021-06-08T10:09:41,100.0,125.7,B
2021-06-08T10:09:29,1800.0,125.5,B
2021-06-08T10:09:05,200.0,125.6,B
2021-06-08T10:09:05,600.0,125.5,B
2021-06-08T10:09:05,200.0,125.4,B
2021-06-08T10:09:01,100.0,125.4,B
2021-06-08T10:08:52,100.0,125.4,B
2021-06-08T10:08:47,100.0,125.4,B
2021-06-08T10:08:42,100.0,125.4,B
2021-06-08T10:07:48,1000.0,125.7,B
2021-06-08T10:07:43,100.0,125.5,B
2021-06-08T10:07:41,1600.0,125.5,B
2021-06-08T10:07:36,1000.0,125.7,B
2021-06-08T10:07:34,2000.0,125.5,B
2021-06-08T10:07:33,500.0,125.6,B
2021-06-08T10:07:33,300.0,125.6,B
2021-06-08T10:07:33,4200.0,125.6,B
2021-06-08T10:07:26,100.0,125.5,B
2021-06-08T10:07:26,600.0,125.6,B
2021-06-08T10:07:07,100.0,125.5,B
2021-06-08T10:06:32,2000.0,125.5,B
2021-06-08T10:06:05,100.0,125.5,B
2021-06-08T10:06:04,100.0,125.5,B
2021-06-08T10:06:02,1000.0,125.5,B
2021-06-08T10:06:02,100.0,125.5,B
2021-06-08T10:06:02,1000.0,125.5,B
2021-06-08T10:06:02,500.0,125.5,B
2021-06-08T10:06:02,4500.0,125.5,B
2021-06-08T10:06:02,800.0,125.5,B
2021-06-08T10:06:02,2800.0,125.5,B
2021-06-08T10:06:02,400.0,125.5,B
2021-06-08T10:06:02,2000.0,125.5,B
2021-06-08T10:06:02,500.0,125.4,B
2021-06-08T10:06:02,400.0,125.4,B
2021-06-08T10:05:52,500.0,125.4,B
2021-06-08T10:05:39,100.0,125.4,B
2021-06-08T10:05:28,100.0,125.4,B
2021-06-08T10:04:50,200.0,125.5,B
2021-06-08T10:04:50,100.0,125.4,B
2021-06-08T10:04:49,300.0,125.1,S
2021-06-08T10:04:44,100.0,125.2,S
2021-06-08T10:04:21,2500.0,125.1,S
2021-06-08T10:04:21,2500.0,125.3,S
2021-06-08T10:04:05,300.0,125.5,B
2021-06-08T10:04:01,600.0,125.5,B
2021-06-08T10:04:01,100.0,125.5,B
2021-06-08T10:04:00,9300.0,125.5,B
2021-06-08T10:03:54,600.0,125.5,B
2021-06-08T10:03:24,500.0,125.3,S
2021-06-08T10:02:46,600.0,125.5,B
2021-06-08T10:02:37,100.0,125.5,B
2021-06-08T10:02:17,1300.0,125.5,B
2021-06-08T10:02:13,700.0,125.5,B
2021-06-08T10:02:13,600.0,125.5,B
2021-06-08T10:02:13,400.0,125.5,B
2021-06-08T10:02:13,1300.0,125.5,B
2021-06-08T10:02:03,600.0,125.4,B
2021-06-08T10:01:28,100.0,125.4,B
2021-06-08T10:01:25,100.0,125.4,B
2021-06-08T10:01:12,100.0,125.4,B
2021-06-08T10:01:09,400.0,125.1,S
2021-06-08T10:01:04,100.0,125.4,B
2021-06-08T10:01:03,200.0,125.4,B
2021-06-08T10:00:44,200.0,125.4,B
2021-06-08T10:00:42,100.0,125.4,B
2021-06-08T10:00:18,200.0,125.3,S
2021-06-08T10:00:09,1000.0,125.3,S
2021-06-08T10:00:05,900.0,125.3,S
2021-06-08T10:00:05,100.0,125.3,S
2021-06-08T09:59:59,700.0,125.4,B
2021-06-08T09:59:48,200.0,125.4,B
2021-06-08T09:59:07,100.0,125.5,B
2021-06-08T09:58:56,100.0,125.5,B
2021-06-08T09:58:53,5000.0,125.1,S
2021-06-08T09:58:45,100.0,125.4,B
2021-06-08T09:58:18,1000.0,125.5,B
2021-06-08T09:58:17,500.0,125.4,B
2021-06-08T09:57:53,100.0,125.5,B
2021-06-08T09:57:35,700.0,125.5,B
2021-06-08T09:57:27,1000.0,125.5,B
2021-06-08T09:57:25,500.0,125.5,B
2021-06-08T09:57:17,100.0,125.5,B
2021-06-08T09:57:03,2000.0,125.5,B
2021-06-08T09:57:03,200.0,125.5,B
2021-06-08T09:57:03,600.0,125.5,B
2021-06-08T09:57:03,600.0,125.5,B
2021-06-08T09:57:03,4100.0,125.5,B
2021-06-08T09:57:03,900.0,125.5,B
2021-06-08T09:57:03,200.0,125.5,B
2021-06-08T09:57:03,600.0,125.5,B
2021-06-08T09:57:03,200.0,125.5,B
2021-06-08T09:57:03,200.0,125.5,B
2021-06-08T09:57:03,1100.0,125.5,B
2021-06-08T09:57:03,500.0,125.5,B
2021-06-08T09:57:03,700.0,125.4,B
2021-06-08T09:57:03,5800.0,125.3,S
2021-06-08T09:56:41,2000.0,125.3,S
2021-06-08T09:56:36,5000.0,125.3,S
2021-06-08T09:56:34,100.0,125.1,S
2021-06-08T09:56:31,1000.0,125.1,S
2021-06-08T09:56:28,1000.0,125.1,S
2021-06-08T09:56:24,100.0,125.3,S
2021-06-08T09:56:16,100.0,125.3,S
2021-06-08T09:56:16,100.0,125.3,S
2021-06-08T09:56:13,100.0,125.3,S
2021-06-08T09:56:12,100.0,125.3,S
2021-06-08T09:56:11,200.0,125.3,S
2021-06-08T09:56:10,1500.0,125.3,S
2021-06-08T09:56:09,11500.0,125.4,B
2021-06-08T09:56:08,200.0,125.3,S
2021-06-08T09:56:02,200.0,125.3,S
2021-06-08T09:55:47,400.0,125.3,S
2021-06-08T09:55:41,400.0,125.3,S
2021-06-08T09:55:38,300.0,125.3,S
2021-06-08T09:55:35,1000.0,125.3,S
2021-06-08T09:55:35,7000.0,125.3,S
2021-06-08T09:55:28,100.0,125.3,S
2021-06-08T09:55:24,100.0,125.3,S
2021-06-08T09:55:18,200.0,125.1,S
2021-06-08T09:55:17,200.0,125.3,S
2021-06-08T09:55:17,200.0,125.3,S
2021-06-08T09:55:17,1600.0,125.3,S
2021-06-08T09:55:14,100.0,125.4,B
2021-06-08T09:55:12,5000.0,125.5,B
2021-06-08T09:55:03,4100.0,125.5,B
2021-06-08T09:55:03,500.0,125.5,B
2021-06-08T09:55:02,400.0,125.5,B
2021-06-08T09:54:56,500.0,125.4,B
2021-06-08T09:54:50,500.0,125.5,B
2021-06-08T09:54:44,2200.0,125.5,B
2021-06-08T09:54:16,1000.0,125.5,B
2021-06-08T09:54:09,500.0,125.4,B
2021-06-08T09:53:28,100.0,125.5,B
2021-06-08T09:53:07,100.0,125.5,B
2021-06-08T09:53:04,600.0,125.5,B
2021-06-08T09:53:04,1000.0,125.4,B
2021-06-08T09:52:57,1000.0,125.3,S
2021-06-08T09:52:51,200.0,125.3,S
2021-06-08T09:52:48,100.0,125.5,B
2021-06-08T09:52:48,500.0,125.3,S
2021-06-08T09:52:44,500.0,125.3,S
2021-06-08T09:52:43,100.0,125.3,S
2021-06-08T09:52:35,3700.0,125.5,B
2021-06-08T09:52:35,1000.0,125.5,B
2021-06-08T09:52:25,800.0,125.5,B
2021-06-08T09:52:25,500.0,125.4,B
2021-06-08T09:52:20,500.0,125.4,B
2021-06-08T09:52:08,200.0,125.3,S
2021-06-08T09:52:02,100.0,125.3,S
2021-06-08T09:51:38,1000.0,125.3,B
2021-06-08T09:51:37,2000.0,125.3,B
2021-06-08T09:51:36,1400.0,125.3,B
2021-06-08T09:51:35,500.0,125.3,B
2021-06-08T09:51:35,100.0,125.1,B
2021-06-08T09:51:19,100.0,125.3,B
2021-06-08T09:51:08,2000.0,125.5,B
2021-06-08T09:51:02,600.0,125.4,B
2021-06-08T09:50:55,500.0,125.1,B
2021-06-08T09:50:49,200.0,125.0,B
2021-06-08T09:50:28,1300.0,125.5,B
2021-06-08T09:50:01,500.0,125.0,B
2021-06-08T09:49:48,100.0,125.5,B
2021-06-08T09:49:38,5000.0,125.5,B
2021-06-08T09:49:34,100.0,125.3,B
2021-06-08T09:49:33,100.0,125.0,B
2021-06-08T09:49:27,100.0,125.3,B
2021-06-08T09:49:01,700.0,125.0,B
2021-06-08T09:48:54,100.0,125.2,B
2021-06-08T09:48:17,600.0,125.3,B
2021-06-08T09:48:03,1300.0,125.5,B
2021-06-08T09:47:57,200.0,125.0,B
2021-06-08T09:47:53,100.0,125.3,B
2021-06-08T09:47:38,100.0,125.5,B
2021-06-08T09:47:38,400.0,125.5,B
2021-06-08T09:47:38,1200.0,125.5,B
2021-06-08T09:47:38,100.0,125.5,B
2021-06-08T09:47:38,100.0,125.5,B
2021-06-08T09:47:38,1300.0,125.5,B
2021-06-08T09:47:38,100.0,125.4,B
2021-06-08T09:47:37,1700.0,125.4,B
2021-06-08T09:47:36,1000.0,125.4,B
2021-06-08T09:47:12,100.0,125.4,B
2021-06-08T09:47:10,100.0,125.0,B
2021-06-08T09:47:08,100.0,125.2,B
2021-06-08T09:46:27,100.0,125.0,B
2021-06-08T09:46:27,1100.0,125.0,B
2021-06-08T09:46:25,100.0,125.0,B
2021-06-08T09:46:16,1300.0,125.4,B
2021-06-08T09:46:14,100.0,125.3,B
2021-06-08T09:46:14,1000.0,125.2,B
2021-06-08T09:46:14,100.0,125.2,B
2021-06-08T09:46:14,100.0,125.2,B
2021-06-08T09:46:14,1000.0,125.2,B
2021-06-08T09:46:13,800.0,125.2,B
2021-06-08T09:46:12,300.0,125.0,B
2021-06-08T09:46:05,1400.0,125.0,B
2021-06-08T09:45:57,200.0,125.1,B
2021-06-08T09:45:48,200.0,125.0,B
2021-06-08T09:45:25,100.0,125.0,B
2021-06-08T09:45:24,1000.0,125.1,B
2021-06-08T09:45:20,100.0,125.0,B
2021-06-08T09:45:12,1300.0,125.1,B
2021-06-08T09:45:11,300.0,125.0,B
2021-06-08T09:45:09,500.0,125.0,B
2021-06-08T09:45:02,1000.0,125.0,B
2021-06-08T09:44:59,1000.0,125.0,B
2021-06-08T09:44:38,100.0,125.0,B
2021-06-08T09:44:36,100.0,125.1,B
2021-06-08T09:44:34,100.0,125.0,B
2021-06-08T09:44:28,100.0,125.0,B
2021-06-08T09:44:18,5200.0,125.0,B
2021-06-08T09:44:18,3700.0,125.0,B
2021-06-08T09:43:47,1200.0,124.9,S
2021-06-08T09:43:47,100.0,125.0,B
2021-06-08T09:43:42,100.0,125.0,B
2021-06-08T09:43:35,800.0,125.0,B
2021-06-08T09:43:35,1800.0,124.9,S
2021-06-08T09:43:33,300.0,124.9,S
2021-06-08T09:43:32,2900.0,124.9,S
2021-06-08T09:43:23,500.0,125.0,B
2021-06-08T09:43:12,100.0,125.0,B
2021-06-08T09:43:09,100.0,125.0,B
2021-06-08T09:43:06,100.0,125.0,B
2021-06-08T09:43:06,800.0,125.0,B
2021-06-08T09:43:06,1600.0,125.0,B
2021-06-08T09:43:06,800.0,125.0,B
2021-06-08T09:43:06,100.0,125.0,B
2021-06-08T09:43:06,2100.0,125.0,B
2021-06-08T09:43:06,100.0,125.0,B
2021-06-08T09:43:06,2000.0,125.0,B
2021-06-08T09:43:06,1000.0,125.0,B
2021-06-08T09:43:06,2100.0,125.0,B
2021-06-08T09:43:06,700.0,125.0,B
2021-06-08T09:43:06,1600.0,125.0,B
2021-06-08T09:43:06,5000.0,125.0,B
2021-06-08T09:43:06,500.0,125.0,B
2021-06-08T09:43:06,100.0,125.0,B
2021-06-08T09:43:06,2200.0,125.0,B
2021-06-08T09:43:04,1000.0,125.0,B
2021-06-08T09:43:04,700.0,125.0,B
2021-06-08T09:43:04,2300.0,125.0,B
2021-06-08T09:43:04,4200.0,125.0,B
2021-06-08T09:43:04,1000.0,125.0,B
2021-06-08T09:43:04,300.0,125.0,B
2021-06-08T09:43:04,100.0,125.0,B
2021-06-08T09:43:04,6300.0,125.0,B
2021-06-08T09:43:04,800.0,125.0,B
2021-06-08T09:43:04,100.0,125.0,B
2021-06-08T09:43:04,700.0,125.0,B
2021-06-08T09:43:04,400.0,125.0,B
2021-06-08T09:43:04,500.0,125.0,B
2021-06-08T09:43:04,400.0,125.0,B
2021-06-08T09:43:04,600.0,125.0,B
2021-06-08T09:43:04,600.0,125.0,B
2021-06-08T09:43:04,9100.0,125.0,B
2021-06-08T09:42:57,1300.0,125.0,B
2021-06-08T09:42:54,500.0,124.9,B
2021-06-08T09:42:25,100.0,124.9,B
2021-06-08T09:42:22,400.0,124.9,B
2021-06-08T09:42:20,1100.0,124.9,B
2021-06-08T09:41:43,1300.0,124.9,B
2021-06-08T09:41:36,200.0,124.7,S
2021-06-08T09:41:30,2000.0,124.7,S
2021-06-08T09:41:16,1000.0,124.9,B
2021-06-08T09:41:16,800.0,124.8,S
2021-06-08T09:41:14,700.0,124.8,S
2021-06-08T09:41:11,100.0,124.8,S
2021-06-08T09:41:11,100.0,124.8,S
2021-06-08T09:41:11,100.0,124.8,S
2021-06-08T09:41:04,700.0,124.8,S
2021-06-08T09:41:01,100.0,124.8,S
2021-06-08T09:40:57,300.0,124.8,S
2021-06-08T09:40:56,100.0,124.8,S
2021-06-08T09:40:50,2000.0,124.7,S
2021-06-08T09:40:50,1100.0,124.8,S
2021-06-08T09:40:48,100.0,124.9,B
2021-06-08T09:40:40,200.0,124.9,B
2021-06-08T09:40:35,1000.0,124.9,B
2021-06-08T09:40:29,300.0,124.8,S
2021-06-08T09:40:29,100.0,124.8,S
2021-06-08T09:40:22,600.0,124.8,S
2021-06-08T09:40:17,3000.0,124.7,S
2021-06-08T09:40:16,4100.0,124.8,S
2021-06-08T09:40:16,2300.0,124.7,S
2021-06-08T09:40:04,100.0,124.8,S
2021-06-08T09:39:51,1000.0,124.8,S
2021-06-08T09:39:51,800.0,124.8,S
2021-06-08T09:39:50,800.0,124.9,B
2021-06-08T09:39:50,1000.0,124.9,B
2021-06-08T09:39:37,600.0,125.0,B
2021-06-08T09:39:31,200.0,125.0,B
2021-06-08T09:39:17,100.0,124.8,S
2021-06-08T09:39:12,700.0,125.0,B
2021-06-08T09:39:12,400.0,125.0,B
2021-06-08T09:39:12,200.0,124.9,B
2021-06-08T09:38:42,300.0,124.8,S
2021-06-08T09:38:33,500.0,124.8,S
2021-06-08T09:38:26,500.0,124.8,S
2021-06-08T09:38:23,500.0,124.8,S
2021-06-08T09:38:23,100.0,124.8,S
2021-06-08T09:38:23,3100.0,124.8,S
2021-06-08T09:38:19,800.0,124.9,B
2021-06-08T09:38:16,1000.0,124.8,S
2021-06-08T09:38:13,100.0,124.9,B
2021-06-08T09:38:04,600.0,124.9,B
2021-06-08T09:38:00,200.0,124.9,B
2021-06-08T09:37:55,100.0,124.8,S
2021-06-08T09:37:52,200.0,124.8,S
2021-06-08T09:37:51,100.0,124.9,B
2021-06-08T09:37:51,1000.0,124.9,B
2021-06-08T09:37:49,400.0,124.9,B
2021-06-08T09:37:49,6100.0,124.9,B
2021-06-08T09:37:44,300.0,124.8,S
2021-06-08T09:37:36,100.0,124.8,S
2021-06-08T09:37:35,1300.0,124.9,B
2021-06-08T09:37:26,600.0,124.9,B
2021-06-08T09:37:24,3000.0,124.9,B
2021-06-08T09:37:13,200.0,124.8,S
2021-06-08T09:37:06,2600.0,124.9,B
2021-06-08T09:36:46,500.0,124.9,B
2021-06-08T09:36:41,2000.0,124.9,B
2021-06-08T09:36:27,500.0,124.8,S
2021-06-08T09:36:13,500.0,124.8,S
2021-06-08T09:36:13,200.0,124.8,S
2021-06-08T09:36:08,300.0,124.8,S
2021-06-08T09:36:00,200.0,124.8,S
2021-06-08T09:35:28,2700.0,124.9,B
2021-06-08T09:35:17,400.0,124.7,S
2021-06-08T09:35:12,1300.0,124.9,B
2021-06-08T09:34:56,2000.0,124.8,S
2021-06-08T09:34:56,200.0,124.7,S
2021-06-08T09:34:49,2800.0,124.9,B
2021-06-08T09:34:48,1000.0,124.9,B
2021-06-08T09:34:46,100.0,124.8,S
2021-06-08T09:34:45,100.0,124.7,S
2021-06-08T09:34:35,500.0,124.7,B
2021-06-08T09:34:34,100.0,124.7,B
2021-06-08T09:34:30,100.0,124.7,B
2021-06-08T09:34:22,200.0,124.8,B
2021-06-08T09:34:12,800.0,124.8,B
2021-06-08T09:34:12,500.0,124.8,B
2021-06-08T09:34:01,900.0,124.8,B
2021-06-08T09:34:01,100.0,124.8,B
2021-06-08T09:34:01,1700.0,124.8,B
2021-06-08T09:33:57,500.0,124.8,B
2021-06-08T09:33:55,200.0,124.7,B
2021-06-08T09:33:48,2600.0,124.8,B
2021-06-08T09:33:46,5000.0,124.8,B
2021-06-08T09:33:44,100.0,124.7,B
2021-06-08T09:33:29,100.0,124.6,S
2021-06-08T09:33:26,100.0,124.7,B
2021-06-08T09:33:20,900.0,124.8,B
2021-06-08T09:33:20,600.0,124.8,B
2021-06-08T09:33:20,1300.0,124.8,B
2021-06-08T09:33:19,3000.0,124.7,B
2021-06-08T09:33:12,100.0,124.7,B
2021-06-08T09:33:01,1300.0,124.8,B
2021-06-08T09:32:51,1000.0,124.8,B
2021-06-08T09:32:49,100.0,124.8,B
2021-06-08T09:32:45,2700.0,124.8,B
2021-06-08T09:32:38,800.0,124.8,B
2021-06-08T09:32:38,200.0,124.7,B
2021-06-08T09:32:34,300.0,124.7,B
2021-06-08T09:32:25,100.0,124.6,S
2021-06-08T09:32:19,100.0,124.7,B
2021-06-08T09:32:04,100.0,124.7,B
2021-06-08T09:31:57,200.0,124.7,B
2021-06-08T09:31:38,3100.0,124.8,B
2021-06-08T09:31:38,100.0,124.8,B
2021-06-08T09:31:35,200.0,124.7,B
2021-06-08T09:31:27,2900.0,124.8,B
2021-06-08T09:31:27,1000.0,124.8,B
2021-06-08T09:31:26,46100.0,124.8,B
2021-06-08T09:31:26,800.0,124.5,S
2021-06-08T09:31:26,800.0,124.6,S
2021-06-08T09:31:20,500.0,124.6,S
2021-06-08T09:31:08,5000.0,124.6,S
2021-06-08T09:30:59,1300.0,124.7,B
2021-06-08T09:30:58,600.0,124.6,S
2021-06-08T09:30:58,100.0,124.6,S
2021-06-08T09:30:57,100.0,124.6,S
2021-06-08T09:30:54,100.0,124.6,S
2021-06-08T09:30:42,5000.0,124.7,B
2021-06-08T09:30:41,1300.0,124.6,S
2021-06-08T09:30:41,200.0,124.4,S
2021-06-08T09:30:41,1800.0,124.4,S
2021-06-08T09:30:37,700.0,124.6,S
2021-06-08T09:30:36,200.0,124.6,S
2021-06-08T09:30:35,5000.0,124.6,S
2021-06-08T09:30:34,800.0,124.6,S
2021-06-08T09:30:33,100.0,124.8,B
2021-06-08T09:30:31,1000.0,124.6,S
2021-06-08T09:30:30,1000.0,124.6,S
2021-06-08T09:30:29,1000.0,124.8,B
2021-06-08T09:30:24,100.0,124.6,S
2021-06-08T09:30:24,900.0,124.7,B
2021-06-08T09:30:18,300.0,124.7,B
2021-06-08T09:30:18,6100.0,124.7,B
2021-06-08T09:30:18,2500.0,124.7,B
2021-06-08T09:30:16,1300.0,124.7,B
2021-06-08T09:30:14,100.0,124.6,S
2021-06-08T09:30:05,1100.0,124.6,S
2021-06-08T09:30:02,800.0,124.5,S
2021-06-08T09:30:01,100.0,124.4,S
2021-06-08T09:29:59,2500.0,124.5,S
2021-06-08T09:29:51,200.0,124.5,S
2021-06-08T09:29:49,900.0,124.5,S
2021-06-08T09:29:49,800.0,124.5,S
2021-06-08T09:29:49,3900.0,124.5,S
2021-06-08T09:29:48,1300.0,124.7,B
2021-06-08T09:29:48,1100.0,124.7,B
2021-06-08T09:29:35,800.0,124.6,S
2021-06-08T09:29:33,300.0,124.5,S
2021-06-08T09:29:32,200.0,124.6,S
2021-06-08T09:29:14,500.0,124.6,S
2021-06-08T09:29:13,100.0,124.6,S
2021-06-08T09:29:11,2000.0,124.5,S
2021-06-08T09:29:08,20000.0,124.5,S
2021-06-08T09:29:06,2000.0,124.5,S
2021-06-08T09:29:05,4300.0,124.7,B
2021-06-08T09:29:04,100.0,124.6,S
2021-06-08T09:28:52,100.0,124.7,B
2021-06-08T09:28:52,500.0,124.7,B
2021-06-08T09:28:52,200.0,124.7,B
2021-06-08T09:28:42,100.0,124.6,S
2021-06-08T09:28:42,6200.0,124.6,S
2021-06-08T09:28:25,8200.0,124.6,S
2021-06-08T09:28:20,500.0,124.6,S
2021-06-08T09:28:09,1600.0,124.6,S
2021-06-08T09:28:06,100.0,124.6,S
2021-06-08T09:27:58,5000.0,124.6,S
2021-06-08T09:27:55,1000.0,124.6,S
2021-06-08T09:27:52,2500.0,124.5,S
2021-06-08T09:27:52,200.0,124.5,S
2021-06-08T09:27:52,2300.0,124.5,S
2021-06-08T09:27:33,200.0,124.5,S
2021-06-08T09:27:31,1100.0,124.6,S
2021-06-08T09:27:30,1000.0,124.6,S
2021-06-08T09:27:29,500.0,124.6,S
2021-06-08T09:27:28,200.0,124.6,S
2021-06-08T09:27:27,500.0,124.6,S
2021-06-08T09:27:19,1700.0,124.6,S
2021-06-08T09:27:13,500.0,124.6,S
2021-06-08T09:27:13,1400.0,124.6,S
2021-06-08T09:27:01,200.0,124.6,S
2021-06-08T09:27:00,1300.0,124.6,S
2021-06-08T09:26:41,800.0,124.5,S
2021-06-08T09:26:37,1200.0,124.6,B
2021-06-08T09:26:36,500.0,124.6,B
2021-06-08T09:26:31,100.0,124.6,B
2021-06-08T09:26:27,400.0,124.6,B
2021-06-08T09:26:26,1000.0,124.5,S
2021-06-08T09:26:26,100.0,124.6,B
2021-06-08T09:26:24,500.0,124.6,B
2021-06-08T09:26:21,3000.0,124.6,B
2021-06-08T09:26:20,1000.0,124.6,B
2021-06-08T09:26:17,1300.0,124.6,B
2021-06-08T09:26:16,1400.0,124.6,B
2021-06-08T09:26:12,100.0,124.6,B
2021-06-08T09:26:09,300.0,124.6,B
2021-06-08T09:26:06,1000.0,124.6,B
2021-06-08T09:26:06,500.0,124.6,B
2021-06-08T09:25:59,300.0,124.6,B
2021-06-08T09:25:59,20000.0,124.6,B
2021-06-08T09:25:55,200.0,124.5,S
2021-06-08T09:25:54,1800.0,124.5,S
2021-06-08T09:25:45,500.0,124.6,B
2021-06-08T09:25:39,500.0,124.6,B
2021-06-08T09:25:38,2000.0,124.6,B
2021-06-08T09:25:37,6000.0,124.6,B
2021-06-08T09:25:35,1500.0,124.6,B
2021-06-08T09:25:32,400.0,124.6,B
2021-06-08T09:25:28,500.0,124.6,B
2021-06-08T09:25:28,1300.0,124.6,B
2021-06-08T09:25:27,3000.0,124.6,B
2021-06-08T09:25:27,7000.0,124.5,S
2021-06-08T09:25:24,100.0,124.5,S
2021-06-08T09:25:22,3000.0,124.5,S
2021-06-08T09:25:15,700.0,124.6,B
2021-06-08T09:25:06,400.0,124.6,B
2021-06-08T09:25:04,100.0,124.6,B
2021-06-08T09:25:02,400.0,124.6,B
2021-06-08T09:24:58,2000.0,124.6,B
2021-06-08T09:24:57,3500.0,124.5,S
2021-06-08T09:24:55,1200.0,124.6,B
2021-06-08T09:24:52,3000.0,124.5,S
2021-06-08T09:24:50,500.0,124.6,B
2021-06-08T09:24:39,500.0,124.6,B
2021-06-08T09:24:29,100.0,124.6,B
2021-06-08T09:24:22,200.0,124.5,S
2021-06-08T09:24:19,100.0,124.6,B
2021-06-08T09:24:19,100.0,124.6,B
2021-06-08T09:24:08,200.0,124.6,B
2021-06-08T09:24:03,5000.0,124.6,B
2021-06-08T09:23:59,1300.0,124.6,B
2021-06-08T09:23:54,100.0,124.6,B
2021-06-08T09:23:44,2000.0,124.6,B
2021-06-08T09:23:44,100.0,124.6,B
2021-06-08T09:23:42,3000.0,124.6,B
2021-06-08T09:23:42,2100.0,124.6,B
2021-06-08T09:23:42,100.0,124.6,B
2021-06-08T09:23:35,400.0,124.5,S
2021-06-08T09:23:32,200.0,124.6,B
2021-06-08T09:23:30,300.0,124.6,B
2021-06-08T09:23:29,500.0,124.6,B
2021-06-08T09:23:25,500.0,124.6,B
2021-06-08T09:23:16,100.0,124.6,B
2021-06-08T09:23:09,100.0,124.6,B
2021-06-08T09:23:04,20900.0,124.6,B
2021-06-08T09:23:03,1300.0,124.7,B
2021-06-08T09:23:01,1000.0,124.6,B
2021-06-08T09:23:01,1300.0,124.6,B
2021-06-08T09:23:01,1700.0,124.6,B
2021-06-08T09:22:56,5000.0,124.7,B
2021-06-08T09:22:53,26600.0,124.6,B
2021-06-08T09:22:42,1000.0,124.6,B
2021-06-08T09:22:40,10000.0,124.6,B
2021-06-08T09:22:39,500.0,124.7,B
2021-06-08T09:22:37,300.0,124.6,B
2021-06-08T09:22:36,200.0,124.6,B
2021-06-08T09:22:32,200.0,124.6,B
2021-06-08T09:22:28,4700.0,124.6,B
2021-06-08T09:22:28,300.0,124.6,B
2021-06-08T09:22:27,100.0,124.6,B
2021-06-08T09:22:27,400.0,124.6,B
2021-06-08T09:22:26,2000.0,124.7,B
2021-06-08T09:22:25,100.0,124.6,B
2021-06-08T09:22:22,100.0,124.6,B
2021-06-08T09:22:21,1200.0,124.7,B
2021-06-08T09:22:21,5000.0,124.7,B
2021-06-08T09:22:12,500.0,124.7,B
2021-06-08T09:22:08,5500.0,124.7,B
2021-06-08T09:22:05,400.0,124.7,B
2021-06-08T09:22:00,100.0,124.6,B
2021-06-08T09:21:54,400.0,124.7,B
2021-06-08T09:21:49,400.0,124.6,B
2021-06-08T09:21:45,1300.0,124.7,B
2021-06-08T09:21:41,4400.0,124.7,B
2021-06-08T09:21:37,500.0,124.6,B
2021-06-08T09:21:36,2000.0,124.7,B
2021-06-08T09:21:32,100.0,124.7,B
2021-06-08T09:21:28,300.0,124.6,B
2021-06-08T09:21:26,1000.0,124.6,B
2021-06-08T09:21:20,2600.0,124.7,B
2021-06-08T09:21:15,400.0,124.5,S
2021-06-08T09:21:11,1500.0,124.5,S
2021-06-08T09:21:10,1400.0,124.7,B
2021-06-08T09:21:10,2800.0,124.7,B
2021-06-08T09:21:10,9200.0,124.6,B
2021-06-08T09:21:05,700.0,124.6,B
2021-06-08T09:21:04,200.0,124.5,S
2021-06-08T09:21:04,2000.0,124.6,B
2021-06-08T09:21:03,400.0,124.6,B
2021-06-08T09:20:42,1000.0,124.5,S
2021-06-08T09:20:37,200.0,124.6,B
2021-06-08T09:20:28,700.0,124.6,B
2021-06-08T09:20:26,5000.0,124.6,B
2021-06-08T09:20:13,3700.0,124.6,B
2021-06-08T09:19:57,2000.0,124.5,S
2021-06-08T09:19:54,2000.0,124.5,S
2021-06-08T09:19:52,300.0,124.6,B
2021-06-08T09:19:51,1000.0,124.6,B
2021-06-08T09:19:37,4000.0,124.6,S
2021-06-08T09:19:37,100.0,124.6,S
2021-06-08T09:19:32,1300.0,124.6,S
2021-06-08T09:19:32,100.0,124.6,S
2021-06-08T09:19:29,500.0,124.6,S
2021-06-08T09:19:24,100.0,124.6,S
2021-06-08T09:19:23,300.0,124.6,S
2021-06-08T09:19:16,2800.0,124.6,S
2021-06-08T09:19:09,400.0,124.5,S
2021-06-08T09:19:08,100.0,124.6,S
2021-06-08T09:19:03,500.0,124.6,S
2021-06-08T09:19:03,200.0,124.6,S
2021-06-08T09:19:00,5000.0,124.6,S
2021-06-08T09:18:56,100.0,124.6,S
2021-06-08T09:18:54,100.0,124.6,S
2021-06-08T09:18:54,1200.0,124.6,S
2021-06-08T09:18:42,800.0,124.6,S
2021-06-08T09:18:41,200.0,124.7,S
2021-06-08T09:18:40,300.0,124.7,S
2021-06-08T09:18:36,500.0,124.7,S
2021-06-08T09:18:34,1000.0,124.7,S
2021-06-08T09:18:33,200.0,124.7,S
2021-06-08T09:18:32,100.0,124.7,S
2021-06-08T09:18:28,100.0,124.7,S
2021-06-08T09:18:24,600.0,124.7,S
2021-06-08T09:18:24,900.0,124.6,S
2021-06-08T09:18:24,100.0,124.6,S
2021-06-08T09:18:07,2000.0,124.5,S
2021-06-08T09:17:52,200.0,124.8,B
2021-06-08T09:17:51,100.0,124.8,B
2021-06-08T09:17:39,300.0,124.8,B
2021-06-08T09:17:37,1000.0,124.8,B
2021-06-08T09:17:36,16600.0,124.8,B
2021-06-08T09:17:31,3000.0,124.8,B
2021-06-08T09:17:30,500.0,124.6,S
2021-06-08T09:17:26,1000.0,124.6,S
2021-06-08T09:17:21,1600.0,124.6,S
2021-06-08T09:17:20,300.0,124.6,S
2021-06-08T09:17:20,100.0,124.8,B
2021-06-08T09:17:19,1800.0,124.8,B
2021-06-08T09:17:17,200.0,124.6,S
2021-06-08T09:17:16,100.0,124.8,B
2021-06-08T09:17:15,1000.0,124.8,B
2021-06-08T09:17:15,200.0,124.8,B
2021-06-08T09:17:14,1000.0,124.6,S
2021-06-08T09:17:06,1300.0,124.8,B
2021-06-08T09:16:57,200.0,124.8,B
2021-06-08T09:16:56,100.0,124.8,B
2021-06-08T09:16:53,1000.0,124.8,B
2021-06-08T09:16:44,100.0,124.8,B
2021-06-08T09:16:32,500.0,124.8,S
2021-06-08T09:16:32,6800.0,124.8,S
2021-06-08T09:16:30,300.0,124.9,B
2021-06-08T09:16:26,800.0,124.8,S
2021-06-08T09:16:24,200.0,124.8,S
2021-06-08T09:16:22,200.0,124.8,S
2021-06-08T09:16:21,3400.0,124.9,B
2021-06-08T09:16:13,500.0,124.8,S
2021-06-08T09:16:09,1000.0,124.9,B
2021-06-08T09:15:57,100.0,124.8,S
2021-06-08T09:15:54,200.0,124.8,S
2021-06-08T09:15:52,100.0,124.8,S
2021-06-08T09:15:47,200.0,124.9,B
2021-06-08T09:15:44,100.0,124.9,B
2021-06-08T09:15:44,100.0,124.9,B
2021-06-08T09:15:42,400.0,124.9,B
2021-06-08T09:15:41,3000.0,124.9,B
2021-06-08T09:15:41,200.0,124.8,S
2021-06-08T09:15:41,100.0,124.8,S
2021-06-08T09:15:40,1400.0,124.9,B
