tradingTime,volume,price,side
2021-07-20T09:49:56,100.0,11.8,B
2021-07-20T09:49:54,200.0,11.8,B
2021-07-20T09:49:30,24100.0,11.7,B
2021-07-20T09:49:24,1000.0,11.7,B
2021-07-20T09:49:13,2000.0,11.7,B
2021-07-20T09:48:55,100.0,11.7,B
2021-07-20T09:48:47,100.0,11.7,B
2021-07-20T09:48:39,1000.0,11.7,S
2021-07-20T09:48:39,11700.0,11.7,S
2021-07-20T09:48:23,100.0,11.8,B
2021-07-20T09:48:23,100.0,11.8,B
2021-07-20T09:47:09,3200.0,11.7,B
2021-07-20T09:46:42,500.0,11.7,B
2021-07-20T09:46:32,1700.0,11.7,B
2021-07-20T09:46:17,1000.0,11.7,B
2021-07-20T09:46:11,800.0,11.7,B
2021-07-20T09:45:04,200.0,11.65,B
2021-07-20T09:44:51,1000.0,11.65,B
2021-07-20T09:44:43,200.0,11.65,B
2021-07-20T09:44:36,2000.0,11.65,B
2021-07-20T09:44:35,1300.0,11.65,B
2021-07-20T09:44:18,100.0,11.65,B
2021-07-20T09:44:15,2000.0,11.65,B
2021-07-20T09:44:06,100.0,11.65,B
2021-07-20T09:44:01,200.0,11.65,B
2021-07-20T09:43:49,1000.0,11.6,S
2021-07-20T09:43:41,5700.0,11.6,B
2021-07-20T09:43:27,200.0,11.6,S
2021-07-20T09:43:27,1700.0,11.6,S
2021-07-20T09:43:27,1400.0,11.6,S
2021-07-20T09:43:20,2000.0,11.6,S
2021-07-20T09:42:51,400.0,11.6,B
2021-07-20T09:42:51,100.0,11.6,B
2021-07-20T09:42:35,10000.0,11.6,B
2021-07-20T09:42:34,300.0,11.55,S
2021-07-20T09:42:34,100.0,11.55,S
2021-07-20T09:42:34,2100.0,11.55,S
2021-07-20T09:42:34,600.0,11.55,S
2021-07-20T09:42:34,900.0,11.55,S
2021-07-20T09:42:29,100.0,11.6,B
2021-07-20T09:42:22,100.0,11.6,B
2021-07-20T09:42:21,1700.0,11.6,B
2021-07-20T09:42:21,1000.0,11.6,B
2021-07-20T09:42:14,500.0,11.6,S
2021-07-20T09:42:14,3700.0,11.6,S
2021-07-20T09:42:06,1000.0,11.6,S
2021-07-20T09:42:01,1300.0,11.6,S
2021-07-20T09:41:58,300.0,11.65,B
2021-07-20T09:41:47,100.0,11.6,S
2021-07-20T09:41:46,4000.0,11.65,B
2021-07-20T09:41:32,300.0,11.65,B
2021-07-20T09:41:30,3900.0,11.6,S
2021-07-20T09:41:24,100.0,11.65,B
2021-07-20T09:41:00,400.0,11.65,B
2021-07-20T09:40:58,1000.0,11.6,S
2021-07-20T09:40:56,10000.0,11.65,B
2021-07-20T09:40:50,200.0,11.6,S
2021-07-20T09:40:42,200.0,11.55,S
2021-07-20T09:40:42,600.0,11.55,S
2021-07-20T09:40:42,3800.0,11.6,S
2021-07-20T09:40:42,3000.0,11.6,S
2021-07-20T09:40:42,2400.0,11.6,S
2021-07-20T09:40:32,2400.0,11.65,B
2021-07-20T09:39:54,200.0,11.8,B
2021-07-20T09:39:53,200.0,11.65,S
2021-07-20T09:39:51,1500.0,11.65,S
2021-07-20T09:38:16,300.0,11.65,S
2021-07-20T09:38:16,100.0,11.8,S
2021-07-20T09:37:35,700.0,11.65,S
2021-07-20T09:37:35,500.0,11.7,S
2021-07-20T09:37:35,1300.0,11.7,S
2021-07-20T09:37:35,300.0,11.75,S
2021-07-20T09:37:34,1100.0,11.75,S
2021-07-20T09:37:33,200.0,11.8,S
2021-07-20T09:36:44,4100.0,11.85,S
2021-07-20T09:36:17,1200.0,11.8,B
2021-07-20T09:36:12,100.0,11.75,S
2021-07-20T09:36:07,100.0,11.8,B
2021-07-20T09:36:03,100.0,11.8,B
2021-07-20T09:35:57,100.0,11.8,S
2021-07-20T09:35:57,100.0,11.8,S
2021-07-20T09:35:17,200.0,11.8,S
2021-07-20T09:34:52,300.0,11.9,B
2021-07-20T09:34:43,100.0,11.9,B
2021-07-20T09:33:25,8600.0,11.9,B
2021-07-20T09:33:14,2000.0,11.8,B
2021-07-20T09:33:03,800.0,11.8,B
2021-07-20T09:32:46,1200.0,11.8,B
2021-07-20T09:32:42,1000.0,11.9,B
2021-07-20T09:32:32,7000.0,11.9,B
2021-07-20T09:32:18,100.0,11.9,S
2021-07-20T09:32:16,500.0,11.9,S
2021-07-20T09:32:16,600.0,11.9,S
2021-07-20T09:32:14,3000.0,11.9,S
2021-07-20T09:31:02,1000.0,11.9,S
2021-07-20T09:30:52,300.0,11.9,B
2021-07-20T09:30:07,200.0,11.9,B
2021-07-20T09:29:52,500.0,11.9,B
2021-07-20T09:29:48,2100.0,11.9,S
2021-07-20T09:29:47,200.0,11.9,S
2021-07-20T09:28:38,4300.0,11.9,B
2021-07-20T09:28:26,1700.0,11.8,B
2021-07-20T09:28:18,200.0,11.75,S
2021-07-20T09:28:06,100.0,11.75,B
2021-07-20T09:27:58,100.0,11.75,B
2021-07-20T09:27:56,100.0,11.7,S
2021-07-20T09:27:55,200.0,11.75,B
2021-07-20T09:27:42,1000.0,11.7,S
2021-07-20T09:27:39,100.0,11.7,B
2021-07-20T09:27:20,8200.0,11.65,S
2021-07-20T09:27:18,100.0,11.65,B
2021-07-20T09:27:11,400.0,11.65,B
2021-07-20T09:27:05,300.0,11.65,B
2021-07-20T09:27:04,100.0,11.65,B
2021-07-20T09:27:02,5000.0,11.65,B
2021-07-20T09:27:02,2000.0,11.65,B
2021-07-20T09:26:58,3000.0,11.65,B
2021-07-20T09:26:48,100.0,11.65,B
2021-07-20T09:26:40,1000.0,11.65,B
2021-07-20T09:26:36,1000.0,11.65,B
2021-07-20T09:26:32,1000.0,11.6,S
2021-07-20T09:26:16,200.0,11.6,S
2021-07-20T09:26:15,13000.0,11.6,B
2021-07-20T09:26:11,100.0,11.6,B
2021-07-20T09:25:41,10000.0,11.6,B
2021-07-20T09:25:40,100.0,11.55,B
2021-07-20T09:25:23,1000.0,11.6,B
2021-07-20T09:25:21,100.0,11.5,S
2021-07-20T09:25:06,100.0,11.6,B
2021-07-20T09:24:59,200.0,11.6,B
2021-07-20T09:24:56,1000.0,11.5,S
2021-07-20T09:24:47,200.0,11.6,B
2021-07-20T09:24:44,500.0,11.6,B
2021-07-20T09:24:43,100.0,11.5,S
2021-07-20T09:24:40,100.0,11.5,S
2021-07-20T09:24:38,200.0,11.6,B
2021-07-20T09:24:35,100.0,11.6,B
2021-07-20T09:24:15,500.0,11.6,B
2021-07-20T09:24:08,6000.0,11.5,S
2021-07-20T09:23:57,300.0,11.6,B
2021-07-20T09:23:55,300.0,11.5,S
2021-07-20T09:23:54,400.0,11.6,B
2021-07-20T09:23:49,3000.0,11.5,S
2021-07-20T09:23:45,100.0,11.6,B
2021-07-20T09:23:39,200.0,11.6,B
2021-07-20T09:23:39,300.0,11.6,B
2021-07-20T09:23:31,700.0,11.6,S
2021-07-20T09:23:27,200.0,11.6,S
2021-07-20T09:23:27,1800.0,11.6,S
2021-07-20T09:23:27,500.0,11.6,S
2021-07-20T09:23:24,100.0,11.6,S
2021-07-20T09:23:22,100.0,11.65,B
2021-07-20T09:23:17,700.0,11.6,S
2021-07-20T09:23:14,2500.0,11.6,S
2021-07-20T09:23:10,100.0,11.6,S
2021-07-20T09:22:59,1800.0,11.6,S
2021-07-20T09:22:56,2000.0,11.6,S
2021-07-20T09:22:54,2000.0,11.6,S
2021-07-20T09:22:54,4200.0,11.65,B
2021-07-20T09:22:54,4900.0,11.65,B
2021-07-20T09:22:54,900.0,11.65,B
2021-07-20T09:22:41,200.0,11.65,B
2021-07-20T09:22:39,700.0,11.6,S
2021-07-20T09:22:37,100.0,11.6,S
2021-07-20T09:22:29,200.0,11.65,B
2021-07-20T09:22:26,500.0,11.65,B
2021-07-20T09:22:12,1000.0,11.65,B
2021-07-20T09:22:11,500.0,11.65,B
2021-07-20T09:22:04,500.0,11.65,B
2021-07-20T09:21:56,1000.0,11.6,S
2021-07-20T09:21:53,500.0,11.65,B
2021-07-20T09:21:52,100.0,11.65,B
2021-07-20T09:21:52,1000.0,11.65,B
2021-07-20T09:21:49,800.0,11.65,B
2021-07-20T09:21:49,200.0,11.65,B
2021-07-20T09:21:46,500.0,11.65,B
2021-07-20T09:21:44,100.0,11.65,B
2021-07-20T09:21:36,1000.0,11.65,B
2021-07-20T09:21:29,1700.0,11.6,S
2021-07-20T09:21:24,200.0,11.6,S
2021-07-20T09:21:24,1700.0,11.65,S
2021-07-20T09:21:24,3500.0,11.7,S
2021-07-20T09:21:23,500.0,11.8,B
2021-07-20T09:21:11,3000.0,11.75,S
2021-07-20T09:21:11,200.0,11.8,B
2021-07-20T09:21:03,700.0,11.75,S
2021-07-20T09:21:03,800.0,11.75,S
2021-07-20T09:21:02,100.0,11.8,B
2021-07-20T09:20:56,600.0,11.8,S
2021-07-20T09:20:56,7700.0,11.8,S
2021-07-20T09:20:55,500.0,11.95,B
2021-07-20T09:20:31,6200.0,12.0,B
2021-07-20T09:20:30,1400.0,11.85,S
2021-07-20T09:20:25,1500.0,11.85,S
2021-07-20T09:20:15,5600.0,12.0,B
2021-07-20T09:20:11,1000.0,11.95,S
2021-07-20T09:20:08,1000.0,12.0,B
2021-07-20T09:19:58,10900.0,12.0,S
2021-07-20T09:19:57,800.0,12.05,B
2021-07-20T09:19:53,3700.0,12.0,S
2021-07-20T09:19:53,1300.0,12.0,S
2021-07-20T09:19:53,200.0,12.0,S
2021-07-20T09:19:42,2000.0,12.0,S
2021-07-20T09:19:39,2100.0,12.1,B
2021-07-20T09:19:35,100.0,12.05,S
2021-07-20T09:19:23,1000.0,12.1,S
2021-07-20T09:19:23,1000.0,12.1,S
2021-07-20T09:19:15,1000.0,12.1,S
2021-07-20T09:19:12,500.0,12.1,S
2021-07-20T09:19:03,1000.0,12.1,S
2021-07-20T09:19:03,5000.0,12.1,S
2021-07-20T09:18:59,3000.0,12.1,S
2021-07-20T09:18:47,5000.0,12.1,S
2021-07-20T09:18:46,100.0,12.1,S
2021-07-20T09:18:45,3500.0,12.1,S
2021-07-20T09:18:42,200.0,12.1,S
2021-07-20T09:18:34,200.0,12.1,S
2021-07-20T09:18:34,100.0,12.15,B
2021-07-20T09:18:33,300.0,12.15,B
2021-07-20T09:18:21,600.0,12.05,B
2021-07-20T09:18:15,500.0,12.05,B
2021-07-20T09:18:13,1100.0,12.05,S
2021-07-20T09:18:08,1000.0,12.1,B
2021-07-20T09:17:57,1100.0,12.0,S
2021-07-20T09:17:55,1100.0,12.0,B
2021-07-20T09:17:38,200.0,11.95,B
2021-07-20T09:17:31,3000.0,11.9,S
2021-07-20T09:17:25,1000.0,11.9,S
2021-07-20T09:17:22,1000.0,11.85,S
2021-07-20T09:17:08,500.0,11.85,B
2021-07-20T09:16:56,1000.0,11.85,B
2021-07-20T09:16:52,100.0,11.85,B
2021-07-20T09:16:50,4900.0,11.85,B
2021-07-20T09:16:48,400.0,11.9,B
2021-07-20T09:16:45,100.0,11.9,B
2021-07-20T09:16:37,2000.0,11.9,B
2021-07-20T09:16:35,500.0,11.85,B
2021-07-20T09:16:20,5000.0,11.9,B
2021-07-20T09:16:18,600.0,11.9,B
2021-07-20T09:16:06,3000.0,11.8,S
2021-07-20T09:16:05,1100.0,11.9,B
2021-07-20T09:16:05,2000.0,11.9,B
2021-07-20T09:15:56,300.0,11.8,S
2021-07-20T09:15:47,9500.0,11.9,B
2021-07-20T09:15:43,2000.0,11.9,B
2021-07-20T09:15:39,200.0,11.9,B
2021-07-20T09:15:23,900.0,11.8,B
2021-07-20T09:15:23,200.0,11.8,B
