tradingTime,volume,price,side
2021-07-20T09:50:08,5500.0,2.78,B
2021-07-20T09:50:04,2000.0,2.77,S
2021-07-20T09:50:00,1000.0,2.77,S
2021-07-20T09:49:59,2500.0,2.78,B
2021-07-20T09:49:59,500.0,2.78,B
2021-07-20T09:49:52,500.0,2.78,B
2021-07-20T09:49:40,2000.0,2.78,B
2021-07-20T09:49:20,400.0,2.77,B
2021-07-20T09:49:17,3000.0,2.77,B
2021-07-20T09:49:08,400.0,2.77,B
2021-07-20T09:49:02,15000.0,2.77,B
2021-07-20T09:48:59,5000.0,2.77,B
2021-07-20T09:48:54,200.0,2.77,B
2021-07-20T09:48:44,400.0,2.77,B
2021-07-20T09:48:25,200.0,2.77,B
2021-07-20T09:48:10,800.0,2.77,B
2021-07-20T09:47:39,200.0,2.77,B
2021-07-20T09:47:24,100.0,2.77,B
2021-07-20T09:46:26,200.0,2.77,B
2021-07-20T09:45:50,100.0,2.76,S
2021-07-20T09:45:35,5000.0,2.77,B
2021-07-20T09:45:15,100.0,2.77,B
2021-07-20T09:44:20,1700.0,2.77,B
2021-07-20T09:44:20,2300.0,2.75,B
2021-07-20T09:44:18,1300.0,2.75,B
2021-07-20T09:44:12,300.0,2.75,B
2021-07-20T09:44:01,100.0,2.75,S
2021-07-20T09:43:41,200.0,2.77,B
2021-07-20T09:43:11,600.0,2.77,B
2021-07-20T09:42:55,300.0,2.77,B
2021-07-20T09:42:32,100.0,2.77,B
2021-07-20T09:42:04,1700.0,2.76,B
2021-07-20T09:41:33,2900.0,2.73,S
2021-07-20T09:41:33,4700.0,2.73,S
2021-07-20T09:41:33,200.0,2.74,S
2021-07-20T09:41:33,2200.0,2.74,S
2021-07-20T09:41:27,4000.0,2.77,B
2021-07-20T09:41:07,300.0,2.77,B
2021-07-20T09:40:53,1000.0,2.77,B
2021-07-20T09:40:38,100.0,2.77,B
2021-07-20T09:40:31,2000.0,2.74,S
2021-07-20T09:40:28,300.0,2.78,B
2021-07-20T09:39:31,1000.0,2.74,S
2021-07-20T09:39:21,2800.0,2.74,B
2021-07-20T09:38:55,200.0,2.74,B
2021-07-20T09:38:50,11500.0,2.74,S
2021-07-20T09:38:18,100.0,2.78,B
2021-07-20T09:37:24,200.0,2.73,S
2021-07-20T09:37:17,200.0,2.74,B
2021-07-20T09:37:09,5000.0,2.74,B
2021-07-20T09:36:58,300.0,2.74,S
2021-07-20T09:36:44,5000.0,2.75,B
2021-07-20T09:36:34,1000.0,2.75,B
2021-07-20T09:36:15,100.0,2.74,B
2021-07-20T09:36:11,200.0,2.73,S
2021-07-20T09:36:01,3600.0,2.73,B
2021-07-20T09:35:54,500.0,2.73,B
2021-07-20T09:35:37,3000.0,2.73,S
2021-07-20T09:35:02,20100.0,2.74,B
2021-07-20T09:34:47,300.0,2.74,B
2021-07-20T09:34:26,100.0,2.74,B
2021-07-20T09:34:21,300.0,2.73,S
2021-07-20T09:34:20,900.0,2.73,B
2021-07-20T09:34:07,2000.0,2.73,B
2021-07-20T09:33:58,6500.0,2.73,S
2021-07-20T09:33:58,600.0,2.73,S
2021-07-20T09:33:57,1000.0,2.74,B
2021-07-20T09:33:50,100.0,2.74,B
2021-07-20T09:33:45,100.0,2.73,S
2021-07-20T09:33:41,1000.0,2.73,S
2021-07-20T09:33:39,500.0,2.74,B
2021-07-20T09:33:38,500.0,2.74,B
2021-07-20T09:33:29,100.0,2.74,B
2021-07-20T09:33:09,300.0,2.73,S
2021-07-20T09:32:54,1800.0,2.74,B
2021-07-20T09:32:36,100.0,2.74,B
2021-07-20T09:32:34,800.0,2.73,S
2021-07-20T09:32:17,400.0,2.73,S
2021-07-20T09:31:40,200.0,2.73,S
2021-07-20T09:31:31,2000.0,2.73,B
2021-07-20T09:31:26,400.0,2.73,B
2021-07-20T09:31:16,1000.0,2.73,B
2021-07-20T09:31:06,300.0,2.73,B
2021-07-20T09:31:06,200.0,2.73,B
2021-07-20T09:30:53,100.0,2.73,B
2021-07-20T09:30:45,500.0,2.73,B
2021-07-20T09:30:43,1000.0,2.73,B
2021-07-20T09:30:28,1000.0,2.73,B
2021-07-20T09:30:18,200.0,2.73,B
2021-07-20T09:30:18,1000.0,2.73,B
2021-07-20T09:30:00,100.0,2.73,B
2021-07-20T09:29:53,100.0,2.72,S
2021-07-20T09:29:45,100.0,2.73,B
2021-07-20T09:29:10,300.0,2.72,B
2021-07-20T09:29:00,500.0,2.7,B
2021-07-20T09:28:58,200.0,2.7,B
2021-07-20T09:28:56,1000.0,2.7,B
2021-07-20T09:28:44,300.0,2.7,B
2021-07-20T09:28:41,200.0,2.7,B
2021-07-20T09:28:39,2000.0,2.7,B
2021-07-20T09:28:36,1000.0,2.7,B
2021-07-20T09:28:24,10000.0,2.7,B
2021-07-20T09:28:18,2000.0,2.68,S
2021-07-20T09:28:16,7300.0,2.7,S
2021-07-20T09:28:14,700.0,2.7,S
2021-07-20T09:28:08,2000.0,2.7,B
2021-07-20T09:28:05,4000.0,2.66,S
2021-07-20T09:28:01,100.0,2.7,B
2021-07-20T09:27:11,17100.0,2.65,S
2021-07-20T09:27:11,10000.0,2.66,S
2021-07-20T09:27:11,9800.0,2.66,S
2021-07-20T09:27:11,58100.0,2.66,S
2021-07-20T09:27:11,5000.0,2.68,S
2021-07-20T09:27:02,1900.0,2.7,B
2021-07-20T09:26:36,1000.0,2.65,S
2021-07-20T09:26:34,1000.0,2.7,B
2021-07-20T09:26:33,34800.0,2.65,S
2021-07-20T09:26:33,26200.0,2.65,S
2021-07-20T09:26:33,30200.0,2.66,S
2021-07-20T09:26:33,108800.0,2.66,S
2021-07-20T09:26:11,3700.0,2.66,B
2021-07-20T09:26:11,400.0,2.66,B
2021-07-20T09:26:10,100.0,2.66,B
2021-07-20T09:26:06,1000.0,2.66,B
2021-07-20T09:26:03,5100.0,2.66,S
2021-07-20T09:26:03,9700.0,2.66,S
2021-07-20T09:26:01,3600.0,2.69,S
2021-07-20T09:25:46,2400.0,2.66,S
2021-07-20T09:25:46,500.0,2.68,S
2021-07-20T09:25:46,7100.0,2.68,S
2021-07-20T09:25:44,1000.0,2.7,B
2021-07-20T09:25:42,200.0,2.69,S
2021-07-20T09:25:29,200.0,2.7,B
2021-07-20T09:25:25,1000.0,2.7,B
2021-07-20T09:25:23,100.0,2.7,B
2021-07-20T09:25:15,2300.0,2.7,B
2021-07-20T09:25:13,1000.0,2.7,B
2021-07-20T09:25:06,500.0,2.7,B
2021-07-20T09:25:04,1000.0,2.7,B
2021-07-20T09:25:00,100.0,2.7,B
2021-07-20T09:24:57,100.0,2.7,S
2021-07-20T09:24:57,11400.0,2.7,S
2021-07-20T09:24:56,8100.0,2.7,S
2021-07-20T09:24:56,22500.0,2.7,S
2021-07-20T09:24:56,19400.0,2.7,S
2021-07-20T09:24:56,6100.0,2.7,S
2021-07-20T09:24:56,10600.0,2.7,S
2021-07-20T09:24:56,2300.0,2.7,S
2021-07-20T09:24:56,10200.0,2.7,S
2021-07-20T09:24:56,3800.0,2.7,S
2021-07-20T09:24:52,5000.0,2.71,B
2021-07-20T09:24:44,200.0,2.7,S
2021-07-20T09:24:15,300.0,2.7,S
2021-07-20T09:24:14,1000.0,2.71,B
2021-07-20T09:24:13,1300.0,2.71,S
2021-07-20T09:23:47,12000.0,2.72,S
2021-07-20T09:23:45,1000.0,2.74,B
2021-07-20T09:23:44,1000.0,2.72,S
2021-07-20T09:23:36,200.0,2.73,S
2021-07-20T09:23:27,100.0,2.74,B
2021-07-20T09:23:05,95000.0,2.74,B
2021-07-20T09:23:01,5000.0,2.74,S
2021-07-20T09:22:47,10000.0,2.75,S
2021-07-20T09:22:47,1100.0,2.75,S
2021-07-20T09:22:47,200.0,2.75,S
2021-07-20T09:22:47,6100.0,2.75,S
2021-07-20T09:22:33,1300.0,2.75,S
2021-07-20T09:22:25,2000.0,2.75,S
2021-07-20T09:21:27,1300.0,2.75,S
2021-07-20T09:21:14,4700.0,2.75,S
2021-07-20T09:21:02,200.0,2.79,S
2021-07-20T09:20:59,5100.0,2.79,S
2021-07-20T09:20:59,9900.0,2.79,S
2021-07-20T09:20:45,200.0,2.8,B
2021-07-20T09:20:37,2500.0,2.79,S
2021-07-20T09:20:22,1000.0,2.8,B
2021-07-20T09:20:01,5000.0,2.8,B
2021-07-20T09:20:01,100.0,2.8,B
2021-07-20T09:20:01,300.0,2.8,B
2021-07-20T09:19:58,100.0,2.8,B
2021-07-20T09:19:54,100.0,2.8,S
2021-07-20T09:19:37,900.0,2.8,B
2021-07-20T09:19:29,1000.0,2.8,S
2021-07-20T09:19:29,13100.0,2.8,S
2021-07-20T09:19:08,2800.0,2.82,B
2021-07-20T09:18:52,500.0,2.82,B
2021-07-20T09:18:39,5000.0,2.8,S
2021-07-20T09:18:31,200.0,2.82,B
2021-07-20T09:18:30,8000.0,2.8,S
2021-07-20T09:18:20,1000.0,2.82,B
2021-07-20T09:18:19,1100.0,2.82,S
2021-07-20T09:18:18,500.0,2.85,B
2021-07-20T09:17:47,300.0,2.85,B
2021-07-20T09:17:29,1700.0,2.82,S
2021-07-20T09:17:22,100.0,2.82,B
2021-07-20T09:17:13,200.0,2.82,B
2021-07-20T09:17:04,3800.0,2.8,B
2021-07-20T09:17:04,5000.0,2.8,B
2021-07-20T09:17:03,3000.0,2.8,B
2021-07-20T09:16:58,500.0,2.8,B
2021-07-20T09:16:22,500.0,2.8,B
2021-07-20T09:16:12,18300.0,2.79,B
2021-07-20T09:16:09,15000.0,2.79,B
2021-07-20T09:16:01,10000.0,2.79,B
2021-07-20T09:15:59,3000.0,2.79,B
2021-07-20T09:15:39,5700.0,2.79,B
2021-07-20T09:15:35,5200.0,2.79,B
2021-07-20T09:15:34,400.0,2.79,B
2021-07-20T09:15:14,4400.0,2.79,B
2021-07-20T09:15:05,500.0,2.79,B
