tradingTime,volume,price,side
2021-07-20T09:21:44,300.0,48.0,B
2021-07-20T09:21:44,500.0,48.0,B
2021-07-20T09:21:44,5000.0,47.85,S
2021-07-20T09:21:43,11000.0,48.0,B
2021-07-20T09:21:43,1200.0,47.9,B
2021-07-20T09:21:43,100.0,47.9,B
2021-07-20T09:21:42,1000.0,47.9,B
2021-07-20T09:21:40,800.0,47.9,B
2021-07-20T09:21:40,100.0,47.85,S
2021-07-20T09:21:39,1000.0,47.9,B
2021-07-20T09:21:36,10000.0,48.0,B
2021-07-20T09:21:36,300.0,47.9,S
2021-07-20T09:21:36,100.0,47.9,S
2021-07-20T09:21:36,500.0,47.9,S
2021-07-20T09:21:36,1000.0,47.9,S
2021-07-20T09:21:35,1000.0,47.9,S
2021-07-20T09:21:35,200.0,47.9,S
2021-07-20T09:21:35,500.0,47.9,S
2021-07-20T09:21:34,100.0,47.9,S
2021-07-20T09:21:32,5100.0,48.0,B
2021-07-20T09:21:32,100.0,48.0,B
2021-07-20T09:21:32,300.0,48.0,B
2021-07-20T09:21:32,4500.0,48.0,B
2021-07-20T09:21:32,300.0,47.9,S
2021-07-20T09:21:30,500.0,47.9,S
2021-07-20T09:21:28,500.0,47.9,S
2021-07-20T09:21:28,1000.0,47.9,S
2021-07-20T09:21:27,1500.0,47.95,S
2021-07-20T09:21:27,500.0,48.0,B
2021-07-20T09:21:25,5500.0,48.0,B
2021-07-20T09:21:25,600.0,47.95,S
2021-07-20T09:21:24,200.0,48.0,B
2021-07-20T09:21:23,100.0,48.0,B
2021-07-20T09:21:23,1100.0,48.0,B
2021-07-20T09:21:22,200.0,47.95,S
2021-07-20T09:21:21,200.0,48.0,B
2021-07-20T09:21:21,100.0,47.95,S
2021-07-20T09:21:20,3000.0,48.0,B
2021-07-20T09:21:19,500.0,47.95,S
2021-07-20T09:21:19,500.0,48.0,B
2021-07-20T09:21:18,2200.0,48.0,B
2021-07-20T09:21:17,200.0,48.0,B
2021-07-20T09:21:17,100.0,48.0,B
2021-07-20T09:21:16,3100.0,48.0,B
2021-07-20T09:21:15,1900.0,48.0,B
2021-07-20T09:21:15,1000.0,48.0,B
2021-07-20T09:21:15,300.0,48.0,S
2021-07-20T09:21:15,1800.0,48.0,S
2021-07-20T09:21:15,500.0,48.05,B
2021-07-20T09:21:14,100.0,48.0,S
2021-07-20T09:21:14,300.0,48.0,S
2021-07-20T09:21:13,500.0,48.0,S
2021-07-20T09:21:13,1700.0,48.0,S
2021-07-20T09:21:13,1800.0,48.0,S
2021-07-20T09:21:13,100.0,48.0,S
2021-07-20T09:21:13,2200.0,48.0,S
2021-07-20T09:21:12,500.0,48.0,S
2021-07-20T09:21:12,6600.0,48.05,B
2021-07-20T09:21:12,13200.0,48.05,B
2021-07-20T09:21:12,20000.0,48.0,S
2021-07-20T09:21:12,300.0,48.0,S
2021-07-20T09:21:10,3000.0,48.0,S
2021-07-20T09:21:10,200.0,48.0,S
2021-07-20T09:21:10,4000.0,48.0,S
2021-07-20T09:21:10,8400.0,48.0,S
2021-07-20T09:21:09,300.0,48.0,S
2021-07-20T09:21:09,100.0,48.0,S
2021-07-20T09:21:09,500.0,48.0,S
2021-07-20T09:21:08,1000.0,48.05,B
2021-07-20T09:21:08,2000.0,48.0,S
2021-07-20T09:21:08,100.0,48.05,B
2021-07-20T09:21:07,10500.0,48.0,S
2021-07-20T09:21:07,6000.0,48.0,S
2021-07-20T09:21:07,3400.0,48.0,S
2021-07-20T09:21:07,100.0,48.0,S
2021-07-20T09:21:07,300.0,48.0,S
2021-07-20T09:21:06,100.0,48.0,S
2021-07-20T09:21:06,200.0,48.0,S
2021-07-20T09:21:06,200.0,48.0,S
2021-07-20T09:21:05,800.0,48.0,S
2021-07-20T09:21:05,300.0,48.0,S
2021-07-20T09:21:05,100.0,48.0,S
2021-07-20T09:21:05,3000.0,48.0,S
2021-07-20T09:21:05,2100.0,48.0,S
2021-07-20T09:21:05,700.0,48.0,S
2021-07-20T09:21:04,300.0,48.0,S
2021-07-20T09:21:04,1200.0,48.0,S
2021-07-20T09:21:03,100.0,48.0,S
2021-07-20T09:21:03,10000.0,48.0,S
2021-07-20T09:21:03,2000.0,48.0,S
2021-07-20T09:21:02,500.0,48.05,B
2021-07-20T09:21:02,600.0,48.0,S
2021-07-20T09:21:02,20000.0,48.0,S
2021-07-20T09:21:02,1000.0,48.0,S
2021-07-20T09:21:01,10000.0,48.0,S
2021-07-20T09:21:00,2000.0,48.0,S
2021-07-20T09:21:00,20000.0,48.0,S
2021-07-20T09:21:00,1000.0,48.0,S
2021-07-20T09:20:59,1700.0,48.0,S
2021-07-20T09:20:58,2000.0,48.0,S
2021-07-20T09:20:58,15000.0,48.0,S
2021-07-20T09:20:57,500.0,48.0,S
2021-07-20T09:20:56,10000.0,48.0,S
2021-07-20T09:20:55,300.0,48.0,S
2021-07-20T09:20:55,5000.0,48.0,S
2021-07-20T09:20:55,400.0,48.0,S
2021-07-20T09:20:55,1400.0,48.0,S
2021-07-20T09:20:55,3700.0,48.0,S
2021-07-20T09:20:55,500.0,48.0,S
2021-07-20T09:20:54,100.0,48.0,S
2021-07-20T09:20:54,9900.0,48.0,S
2021-07-20T09:20:53,100.0,48.0,S
2021-07-20T09:20:53,300.0,48.0,S
2021-07-20T09:20:51,100.0,48.0,S
2021-07-20T09:20:51,100.0,48.05,S
2021-07-20T09:20:49,200.0,48.0,S
2021-07-20T09:20:49,400.0,48.0,S
2021-07-20T09:20:49,1000.0,48.0,S
2021-07-20T09:20:49,200.0,48.0,S
2021-07-20T09:20:49,400.0,48.0,S
2021-07-20T09:20:49,1000.0,48.0,S
2021-07-20T09:20:49,1800.0,48.0,S
2021-07-20T09:20:49,1600.0,48.0,S
2021-07-20T09:20:49,400.0,48.0,S
2021-07-20T09:20:49,100.0,48.0,S
2021-07-20T09:20:49,2000.0,48.0,S
2021-07-20T09:20:49,100.0,48.0,S
2021-07-20T09:20:49,200.0,48.0,S
2021-07-20T09:20:49,2100.0,48.0,S
2021-07-20T09:20:49,1100.0,48.0,S
2021-07-20T09:20:49,1100.0,48.0,S
2021-07-20T09:20:49,6000.0,48.0,S
2021-07-20T09:20:49,1600.0,48.0,S
2021-07-20T09:20:49,1600.0,48.0,S
2021-07-20T09:20:49,5800.0,48.0,S
2021-07-20T09:20:49,300.0,48.0,S
2021-07-20T09:20:49,300.0,48.0,S
2021-07-20T09:20:49,2300.0,48.0,S
2021-07-20T09:20:49,1200.0,48.0,S
2021-07-20T09:20:49,500.0,48.0,S
2021-07-20T09:20:49,400.0,48.0,S
2021-07-20T09:20:49,6500.0,48.0,S
2021-07-20T09:20:49,400.0,48.0,S
2021-07-20T09:20:49,1200.0,48.0,S
2021-07-20T09:20:49,400.0,48.0,S
2021-07-20T09:20:49,2400.0,48.0,S
2021-07-20T09:20:49,5600.0,48.0,S
2021-07-20T09:20:49,3000.0,48.0,S
2021-07-20T09:20:49,300.0,48.0,S
2021-07-20T09:20:49,300.0,48.0,S
2021-07-20T09:20:49,200.0,48.0,S
2021-07-20T09:20:49,200.0,48.0,S
2021-07-20T09:20:49,10600.0,48.0,S
2021-07-20T09:20:49,4100.0,48.0,S
2021-07-20T09:20:49,900.0,48.0,S
2021-07-20T09:20:49,3400.0,48.0,S
2021-07-20T09:20:49,400.0,48.05,B
2021-07-20T09:20:49,1000.0,48.0,S
2021-07-20T09:20:48,500.0,48.05,B
2021-07-20T09:20:47,1000.0,48.0,S
2021-07-20T09:20:47,100.0,48.05,B
2021-07-20T09:20:47,2000.0,48.05,B
2021-07-20T09:20:46,500.0,48.0,S
2021-07-20T09:20:45,1000.0,48.0,S
2021-07-20T09:20:45,100.0,48.0,S
2021-07-20T09:20:45,1900.0,48.0,S
2021-07-20T09:20:44,500.0,48.0,S
2021-07-20T09:20:44,200.0,48.0,S
2021-07-20T09:20:44,4000.0,48.0,S
2021-07-20T09:20:44,1000.0,48.0,S
2021-07-20T09:20:44,100.0,48.05,B
2021-07-20T09:20:44,100.0,48.05,B
2021-07-20T09:20:44,9300.0,48.0,S
2021-07-20T09:20:44,300.0,48.0,S
2021-07-20T09:20:43,800.0,48.0,S
2021-07-20T09:20:42,100.0,48.0,S
2021-07-20T09:20:42,2900.0,48.0,S
2021-07-20T09:20:42,100.0,48.0,S
2021-07-20T09:20:42,100.0,48.05,B
2021-07-20T09:20:42,200.0,48.0,S
2021-07-20T09:20:41,200.0,48.0,S
2021-07-20T09:20:41,400.0,48.0,S
2021-07-20T09:20:40,100.0,48.0,S
2021-07-20T09:20:39,200.0,48.0,S
2021-07-20T09:20:39,1100.0,48.0,S
2021-07-20T09:20:39,3100.0,48.0,S
2021-07-20T09:20:39,5600.0,48.0,S
2021-07-20T09:20:39,600.0,48.0,S
2021-07-20T09:20:39,1600.0,48.0,S
2021-07-20T09:20:39,2000.0,48.0,S
2021-07-20T09:20:39,500.0,48.0,S
2021-07-20T09:20:39,1300.0,48.0,S
2021-07-20T09:20:39,800.0,48.0,S
2021-07-20T09:20:39,3000.0,48.0,S
2021-07-20T09:20:39,5200.0,48.0,S
2021-07-20T09:20:39,5000.0,48.0,S
2021-07-20T09:20:38,1000.0,48.05,B
2021-07-20T09:20:38,1800.0,48.0,S
2021-07-20T09:20:37,2000.0,48.0,S
2021-07-20T09:20:37,1000.0,48.0,S
2021-07-20T09:20:37,2500.0,48.0,S
2021-07-20T09:20:35,100.0,48.0,S
2021-07-20T09:20:34,500.0,48.05,B
2021-07-20T09:20:33,1000.0,48.0,S
2021-07-20T09:20:33,500.0,48.0,S
2021-07-20T09:20:33,3000.0,48.0,S
2021-07-20T09:20:33,7500.0,48.0,S
2021-07-20T09:20:32,900.0,48.0,S
2021-07-20T09:20:32,2000.0,48.0,S
2021-07-20T09:20:32,100.0,48.0,S
2021-07-20T09:20:32,500.0,48.0,S
2021-07-20T09:20:29,1100.0,48.0,S
2021-07-20T09:20:29,2000.0,48.0,S
2021-07-20T09:20:29,3000.0,48.0,S
2021-07-20T09:20:28,9100.0,48.15,B
2021-07-20T09:20:28,13700.0,48.15,B
2021-07-20T09:20:28,6500.0,48.15,B
2021-07-20T09:20:28,2000.0,48.15,B
2021-07-20T09:20:28,600.0,48.15,B
2021-07-20T09:20:28,500.0,48.15,B
2021-07-20T09:20:28,1500.0,48.15,B
2021-07-20T09:20:28,13100.0,48.15,B
2021-07-20T09:20:28,5000.0,48.1,B
2021-07-20T09:20:27,2000.0,48.0,S
2021-07-20T09:20:27,600.0,48.0,S
2021-07-20T09:20:27,35500.0,48.0,S
2021-07-20T09:20:25,300.0,48.0,S
2021-07-20T09:20:24,500.0,48.0,S
2021-07-20T09:20:24,1000.0,48.1,B
2021-07-20T09:20:23,500.0,48.1,B
2021-07-20T09:20:23,3000.0,48.1,B
2021-07-20T09:20:23,500.0,48.1,B
2021-07-20T09:20:23,1500.0,48.0,S
2021-07-20T09:20:23,1000.0,48.0,S
2021-07-20T09:20:21,700.0,48.0,S
2021-07-20T09:20:20,200.0,48.0,S
2021-07-20T09:20:19,500.0,48.1,B
2021-07-20T09:20:18,200.0,48.1,B
2021-07-20T09:20:16,1000.0,48.1,B
2021-07-20T09:20:16,4900.0,48.0,S
2021-07-20T09:20:15,1300.0,48.1,B
2021-07-20T09:20:15,300.0,48.1,B
2021-07-20T09:20:14,400.0,48.0,S
2021-07-20T09:20:13,1000.0,48.1,B
2021-07-20T09:20:13,400.0,48.1,B
2021-07-20T09:20:13,100.0,48.1,B
2021-07-20T09:20:11,100.0,48.1,B
2021-07-20T09:20:11,12000.0,48.0,S
2021-07-20T09:20:11,600.0,48.0,S
2021-07-20T09:20:11,200.0,48.0,S
2021-07-20T09:20:11,600.0,48.0,S
2021-07-20T09:20:10,1800.0,48.0,S
2021-07-20T09:20:10,100.0,48.1,B
2021-07-20T09:20:09,8000.0,48.0,S
2021-07-20T09:20:08,200.0,48.0,S
2021-07-20T09:20:06,100.0,48.1,B
2021-07-20T09:20:06,500.0,48.0,S
2021-07-20T09:20:06,100.0,48.1,S
2021-07-20T09:20:06,100.0,48.15,B
2021-07-20T09:20:05,1000.0,48.0,S
2021-07-20T09:20:05,1000.0,48.15,B
2021-07-20T09:20:04,3300.0,48.0,S
2021-07-20T09:20:04,2100.0,48.0,S
2021-07-20T09:20:04,1000.0,48.0,S
2021-07-20T09:20:04,200.0,48.0,S
2021-07-20T09:20:04,300.0,48.0,S
2021-07-20T09:20:04,2900.0,48.0,S
2021-07-20T09:20:04,3200.0,48.0,S
2021-07-20T09:20:04,500.0,48.0,S
2021-07-20T09:20:04,200.0,48.0,S
2021-07-20T09:20:04,4300.0,48.0,S
2021-07-20T09:20:04,800.0,48.15,B
2021-07-20T09:20:04,200.0,48.15,B
2021-07-20T09:20:01,300.0,48.15,B
2021-07-20T09:20:01,700.0,48.0,S
2021-07-20T09:20:01,1300.0,48.1,S
2021-07-20T09:20:01,500.0,48.1,S
2021-07-20T09:19:58,100.0,48.15,S
2021-07-20T09:19:57,400.0,48.2,B
2021-07-20T09:19:55,900.0,48.1,S
2021-07-20T09:19:55,6100.0,48.1,S
2021-07-20T09:19:55,200.0,48.15,S
2021-07-20T09:19:52,200.0,48.15,S
2021-07-20T09:19:52,1300.0,48.15,S
2021-07-20T09:19:52,200.0,48.15,S
2021-07-20T09:19:51,700.0,48.15,B
2021-07-20T09:19:51,100.0,48.15,B
2021-07-20T09:19:51,1500.0,48.15,B
2021-07-20T09:19:50,2000.0,48.0,S
2021-07-20T09:19:50,1100.0,48.15,B
2021-07-20T09:19:49,1300.0,48.15,B
2021-07-20T09:19:49,700.0,48.1,B
2021-07-20T09:19:49,300.0,48.1,S
2021-07-20T09:19:49,500.0,48.1,S
2021-07-20T09:19:49,5100.0,48.0,S
2021-07-20T09:19:49,700.0,48.0,S
2021-07-20T09:19:47,4800.0,48.15,B
2021-07-20T09:19:47,3000.0,48.0,S
2021-07-20T09:19:46,100.0,48.15,B
2021-07-20T09:19:45,200.0,48.15,B
2021-07-20T09:19:45,1300.0,48.0,S
2021-07-20T09:19:44,3500.0,48.0,S
2021-07-20T09:19:44,600.0,48.0,S
2021-07-20T09:19:44,500.0,48.0,S
2021-07-20T09:19:44,800.0,48.0,S
2021-07-20T09:19:44,1200.0,48.0,S
2021-07-20T09:19:44,400.0,48.0,S
2021-07-20T09:19:44,600.0,48.0,S
2021-07-20T09:19:44,4400.0,48.0,S
2021-07-20T09:19:44,100.0,48.0,S
2021-07-20T09:19:44,6600.0,48.05,S
2021-07-20T09:19:44,1800.0,48.05,S
2021-07-20T09:19:44,700.0,48.05,S
2021-07-20T09:19:44,1100.0,48.05,S
2021-07-20T09:19:44,1000.0,48.05,S
2021-07-20T09:19:44,900.0,48.1,S
2021-07-20T09:19:44,900.0,48.1,S
2021-07-20T09:19:44,1200.0,48.1,S
2021-07-20T09:19:44,3700.0,48.1,S
2021-07-20T09:19:44,200.0,48.15,B
2021-07-20T09:19:43,1000.0,48.1,S
2021-07-20T09:19:42,100.0,48.15,B
2021-07-20T09:19:42,200.0,48.1,S
2021-07-20T09:19:42,100.0,48.15,S
2021-07-20T09:19:40,500.0,48.2,B
2021-07-20T09:19:40,4000.0,48.1,S
2021-07-20T09:19:40,1300.0,48.2,B
2021-07-20T09:19:39,200.0,48.15,S
2021-07-20T09:19:39,100.0,48.2,B
2021-07-20T09:19:37,200.0,48.1,S
2021-07-20T09:19:36,2000.0,48.2,B
2021-07-20T09:19:36,300.0,48.2,B
2021-07-20T09:19:35,2300.0,48.2,B
2021-07-20T09:19:35,100.0,48.2,B
2021-07-20T09:19:35,100.0,48.2,B
2021-07-20T09:19:35,2500.0,48.2,B
2021-07-20T09:19:34,100.0,48.2,B
2021-07-20T09:19:34,1000.0,48.2,B
2021-07-20T09:19:34,1000.0,48.1,S
2021-07-20T09:19:33,200.0,48.1,S
2021-07-20T09:19:32,100.0,48.1,S
2021-07-20T09:19:31,500.0,48.2,B
2021-07-20T09:19:31,100.0,48.2,B
2021-07-20T09:19:29,18300.0,48.1,S
2021-07-20T09:19:29,10800.0,48.1,S
2021-07-20T09:19:29,200.0,48.1,S
2021-07-20T09:19:29,4400.0,48.1,S
2021-07-20T09:19:29,800.0,48.15,S
2021-07-20T09:19:28,300.0,48.15,S
2021-07-20T09:19:28,200.0,48.15,S
2021-07-20T09:19:27,200.0,48.2,B
2021-07-20T09:19:26,700.0,48.15,S
2021-07-20T09:19:26,100.0,48.15,S
2021-07-20T09:19:26,200.0,48.15,S
2021-07-20T09:19:25,500.0,48.2,S
2021-07-20T09:19:23,4000.0,48.25,B
2021-07-20T09:19:23,100.0,48.2,B
2021-07-20T09:19:23,500.0,48.2,B
2021-07-20T09:19:23,2000.0,48.2,S
2021-07-20T09:19:22,1500.0,48.2,S
2021-07-20T09:19:22,200.0,48.2,S
2021-07-20T09:19:21,5000.0,48.25,B
2021-07-20T09:19:21,300.0,48.2,B
2021-07-20T09:19:21,1100.0,48.2,S
2021-07-20T09:19:21,1800.0,48.2,S
2021-07-20T09:19:21,1600.0,48.2,S
2021-07-20T09:19:21,700.0,48.2,S
2021-07-20T09:19:21,1900.0,48.2,S
2021-07-20T09:19:20,1500.0,48.25,B
2021-07-20T09:19:20,500.0,48.2,S
2021-07-20T09:19:18,200.0,48.3,B
2021-07-20T09:19:18,9800.0,48.2,S
2021-07-20T09:19:17,5000.0,48.25,S
2021-07-20T09:19:17,1800.0,48.25,S
2021-07-20T09:19:17,500.0,48.25,B
2021-07-20T09:19:16,1300.0,48.25,B
2021-07-20T09:19:16,1000.0,48.25,B
2021-07-20T09:19:15,1100.0,48.25,B
2021-07-20T09:19:15,100.0,48.2,S
2021-07-20T09:19:14,10000.0,48.2,S
2021-07-20T09:19:12,700.0,48.2,S
2021-07-20T09:19:10,600.0,48.25,B
2021-07-20T09:19:10,1400.0,48.2,S
2021-07-20T09:19:10,5500.0,48.2,S
2021-07-20T09:19:10,900.0,48.2,S
2021-07-20T09:19:10,11800.0,48.2,S
2021-07-20T09:19:08,5400.0,48.2,S
2021-07-20T09:19:08,1000.0,48.25,S
2021-07-20T09:19:08,3700.0,48.25,S
2021-07-20T09:19:08,300.0,48.3,B
2021-07-20T09:19:05,200.0,48.25,S
2021-07-20T09:19:03,2000.0,48.25,S
2021-07-20T09:19:03,500.0,48.25,S
2021-07-20T09:19:02,100.0,48.3,B
2021-07-20T09:19:02,200.0,48.3,B
2021-07-20T09:19:02,1000.0,48.3,B
2021-07-20T09:19:01,1000.0,48.3,B
2021-07-20T09:19:00,300.0,48.3,B
2021-07-20T09:19:00,300.0,48.3,B
2021-07-20T09:19:00,400.0,48.3,B
2021-07-20T09:19:00,1000.0,48.25,S
2021-07-20T09:18:59,400.0,48.25,S
2021-07-20T09:18:58,1000.0,48.3,B
2021-07-20T09:18:58,100.0,48.3,B
2021-07-20T09:18:58,8900.0,48.25,S
2021-07-20T09:18:56,2000.0,48.3,B
2021-07-20T09:18:56,5000.0,48.3,B
2021-07-20T09:18:54,500.0,48.3,B
2021-07-20T09:18:54,50000.0,48.3,B
2021-07-20T09:18:54,200.0,48.25,S
2021-07-20T09:18:53,100.0,48.3,B
2021-07-20T09:18:52,500.0,48.25,S
2021-07-20T09:18:52,3100.0,48.3,B
2021-07-20T09:18:50,300.0,48.3,B
2021-07-20T09:18:50,1300.0,48.3,B
2021-07-20T09:18:50,100.0,48.3,B
2021-07-20T09:18:49,3000.0,48.3,B
2021-07-20T09:18:48,1000.0,48.3,B
2021-07-20T09:18:48,200.0,48.2,S
2021-07-20T09:18:48,200.0,48.3,B
2021-07-20T09:18:47,100.0,48.3,B
2021-07-20T09:18:47,500.0,48.3,B
2021-07-20T09:18:46,3500.0,48.3,S
2021-07-20T09:18:46,1400.0,48.3,S
2021-07-20T09:18:46,600.0,48.3,S
2021-07-20T09:18:46,2000.0,48.3,S
2021-07-20T09:18:46,6000.0,48.3,S
2021-07-20T09:18:46,500.0,48.3,S
2021-07-20T09:18:46,4100.0,48.3,S
2021-07-20T09:18:46,3000.0,48.3,S
2021-07-20T09:18:45,1000.0,48.35,B
2021-07-20T09:18:45,400.0,48.3,S
2021-07-20T09:18:44,2000.0,48.3,S
2021-07-20T09:18:44,500.0,48.3,S
2021-07-20T09:18:42,2000.0,48.3,S
2021-07-20T09:18:42,500.0,48.3,S
2021-07-20T09:18:42,100.0,48.3,S
2021-07-20T09:18:41,200.0,48.35,B
2021-07-20T09:18:39,300.0,48.35,B
2021-07-20T09:18:39,400.0,48.3,S
2021-07-20T09:18:39,100.0,48.35,B
2021-07-20T09:18:39,100.0,48.3,S
2021-07-20T09:18:39,100.0,48.3,S
2021-07-20T09:18:39,200.0,48.3,S
2021-07-20T09:18:39,5300.0,48.3,S
2021-07-20T09:18:39,4400.0,48.3,S
2021-07-20T09:18:38,100.0,48.3,S
2021-07-20T09:18:38,2000.0,48.3,S
2021-07-20T09:18:38,2500.0,48.3,S
2021-07-20T09:18:36,1200.0,48.3,S
2021-07-20T09:18:36,200.0,48.3,S
2021-07-20T09:18:36,3000.0,48.3,S
2021-07-20T09:18:36,100.0,48.3,S
2021-07-20T09:18:36,500.0,48.3,S
2021-07-20T09:18:36,100.0,48.3,S
2021-07-20T09:18:36,900.0,48.3,S
2021-07-20T09:18:36,300.0,48.3,S
2021-07-20T09:18:36,1100.0,48.3,S
2021-07-20T09:18:36,2600.0,48.3,S
2021-07-20T09:18:36,400.0,48.3,S
2021-07-20T09:18:35,2000.0,48.3,S
2021-07-20T09:18:33,200.0,48.35,B
2021-07-20T09:18:33,200.0,48.35,B
2021-07-20T09:18:31,200.0,48.35,B
2021-07-20T09:18:31,100.0,48.35,B
2021-07-20T09:18:31,300.0,48.35,B
2021-07-20T09:18:31,400.0,48.3,S
2021-07-20T09:18:30,5000.0,48.3,S
2021-07-20T09:18:29,400.0,48.4,B
2021-07-20T09:18:28,700.0,48.4,B
2021-07-20T09:18:26,400.0,48.35,S
2021-07-20T09:18:26,500.0,48.4,B
2021-07-20T09:18:26,400.0,48.4,B
2021-07-20T09:18:26,200.0,48.4,B
2021-07-20T09:18:25,300.0,48.4,B
2021-07-20T09:18:24,2500.0,48.4,B
2021-07-20T09:18:23,400.0,48.3,S
2021-07-20T09:18:23,100.0,48.4,B
2021-07-20T09:18:22,2000.0,48.4,B
2021-07-20T09:18:21,1100.0,48.4,B
2021-07-20T09:18:21,300.0,48.35,S
2021-07-20T09:18:21,1000.0,48.4,B
2021-07-20T09:18:20,4700.0,48.3,S
2021-07-20T09:18:20,100.0,48.4,B
2021-07-20T09:18:20,500.0,48.4,B
2021-07-20T09:18:19,400.0,48.35,S
2021-07-20T09:18:19,1800.0,48.4,B
2021-07-20T09:18:19,200.0,48.4,B
2021-07-20T09:18:18,500.0,48.35,S
2021-07-20T09:18:17,500.0,48.35,S
2021-07-20T09:18:17,1000.0,48.4,B
2021-07-20T09:18:16,100.0,48.4,B
2021-07-20T09:18:15,200.0,48.4,B
2021-07-20T09:18:15,400.0,48.35,S
2021-07-20T09:18:15,200.0,48.35,S
2021-07-20T09:18:15,100.0,48.35,S
2021-07-20T09:18:14,500.0,48.4,B
2021-07-20T09:18:14,100.0,48.4,B
2021-07-20T09:18:14,400.0,48.4,B
2021-07-20T09:18:13,1700.0,48.4,B
2021-07-20T09:18:12,400.0,48.35,S
2021-07-20T09:18:12,100.0,48.4,B
2021-07-20T09:18:09,500.0,48.4,B
2021-07-20T09:18:08,500.0,48.4,B
2021-07-20T09:18:08,400.0,48.35,S
2021-07-20T09:18:06,300.0,48.4,S
2021-07-20T09:18:05,1800.0,48.4,B
2021-07-20T09:18:05,100.0,48.4,B
2021-07-20T09:18:04,100.0,48.4,B
2021-07-20T09:18:03,300.0,48.5,B
2021-07-20T09:18:03,4900.0,48.3,S
2021-07-20T09:18:03,100.0,48.4,S
2021-07-20T09:18:03,400.0,48.4,S
2021-07-20T09:18:00,1000.0,48.45,B
2021-07-20T09:18:00,100.0,48.4,B
2021-07-20T09:18:00,3000.0,48.3,S
2021-07-20T09:17:58,500.0,48.5,B
2021-07-20T09:17:57,1400.0,48.3,S
2021-07-20T09:17:56,3500.0,48.3,S
2021-07-20T09:17:56,500.0,48.35,S
2021-07-20T09:17:54,200.0,48.5,B
2021-07-20T09:17:53,400.0,48.3,S
2021-07-20T09:17:53,1000.0,48.3,S
2021-07-20T09:17:51,100.0,48.5,B
2021-07-20T09:17:51,1000.0,48.5,B
2021-07-20T09:17:50,500.0,48.5,B
2021-07-20T09:17:50,500.0,48.4,S
2021-07-20T09:17:50,100.0,48.5,B
2021-07-20T09:17:49,400.0,48.3,S
2021-07-20T09:17:49,29200.0,48.3,S
2021-07-20T09:17:49,3000.0,48.3,S
2021-07-20T09:17:48,100.0,48.5,B
2021-07-20T09:17:48,7000.0,48.3,S
2021-07-20T09:17:47,100.0,48.5,B
2021-07-20T09:17:47,100.0,48.5,B
2021-07-20T09:17:47,5000.0,48.5,B
2021-07-20T09:17:45,400.0,48.3,S
2021-07-20T09:17:45,200.0,48.5,B
2021-07-20T09:17:41,100.0,48.5,B
2021-07-20T09:17:41,1000.0,48.3,S
2021-07-20T09:17:41,200.0,48.5,B
2021-07-20T09:17:40,3400.0,48.5,B
2021-07-20T09:17:38,500.0,48.5,B
2021-07-20T09:17:37,200.0,48.5,B
2021-07-20T09:17:37,1000.0,48.5,B
2021-07-20T09:17:36,300.0,48.5,B
2021-07-20T09:17:36,1500.0,48.5,S
2021-07-20T09:17:35,500.0,48.6,B
2021-07-20T09:17:34,200.0,48.6,B
2021-07-20T09:17:34,1000.0,48.6,B
2021-07-20T09:17:34,9000.0,48.3,S
2021-07-20T09:17:34,1000.0,48.4,S
2021-07-20T09:17:33,100.0,48.4,S
2021-07-20T09:17:33,3100.0,48.4,S
2021-07-20T09:17:33,2000.0,48.4,S
2021-07-20T09:17:33,2500.0,48.4,S
2021-07-20T09:17:33,3400.0,48.4,S
2021-07-20T09:17:33,6900.0,48.4,S
2021-07-20T09:17:33,2600.0,48.5,S
2021-07-20T09:17:33,6000.0,48.5,S
2021-07-20T09:17:33,500.0,48.5,S
2021-07-20T09:17:33,1200.0,48.5,S
2021-07-20T09:17:33,600.0,48.5,S
2021-07-20T09:17:33,500.0,48.5,S
2021-07-20T09:17:33,700.0,48.5,S
2021-07-20T09:17:33,5900.0,48.5,S
2021-07-20T09:17:32,100.0,48.6,B
2021-07-20T09:17:32,1000.0,48.6,B
2021-07-20T09:17:32,100.0,48.6,B
2021-07-20T09:17:32,300.0,48.6,B
2021-07-20T09:17:31,300.0,48.6,B
2021-07-20T09:17:30,100.0,48.6,B
2021-07-20T09:17:30,2000.0,48.5,S
2021-07-20T09:17:30,4500.0,48.5,S
2021-07-20T09:17:30,2800.0,48.5,S
2021-07-20T09:17:30,700.0,48.5,S
2021-07-20T09:17:30,2100.0,48.5,S
2021-07-20T09:17:30,5400.0,48.5,S
2021-07-20T09:17:30,31500.0,48.5,S
2021-07-20T09:17:30,700.0,48.6,B
2021-07-20T09:17:29,100.0,48.6,B
2021-07-20T09:17:29,400.0,48.5,S
2021-07-20T09:17:29,1000.0,48.6,B
2021-07-20T09:17:27,100.0,48.6,S
2021-07-20T09:17:27,1300.0,48.6,S
2021-07-20T09:17:27,31500.0,48.6,S
2021-07-20T09:17:27,800.0,48.6,S
2021-07-20T09:17:27,2600.0,48.6,S
2021-07-20T09:17:27,1600.0,48.6,S
2021-07-20T09:17:27,200.0,48.7,S
2021-07-20T09:17:27,2700.0,48.7,S
2021-07-20T09:17:27,1000.0,48.75,B
2021-07-20T09:17:27,100.0,48.75,B
2021-07-20T09:17:27,2000.0,48.75,B
2021-07-20T09:17:26,200.0,48.7,S
2021-07-20T09:17:26,200.0,48.7,S
2021-07-20T09:17:26,200.0,48.7,S
2021-07-20T09:17:26,200.0,48.7,S
2021-07-20T09:17:25,300.0,48.75,B
2021-07-20T09:17:24,400.0,48.7,S
2021-07-20T09:17:24,500.0,48.7,S
2021-07-20T09:17:23,500.0,48.7,S
2021-07-20T09:17:23,1000.0,48.75,B
2021-07-20T09:17:23,1000.0,48.75,S
2021-07-20T09:17:22,100.0,48.7,S
2021-07-20T09:17:20,2800.0,48.7,S
2021-07-20T09:17:20,200.0,48.7,S
2021-07-20T09:17:20,5000.0,48.7,S
2021-07-20T09:17:20,400.0,48.8,B
2021-07-20T09:17:20,500.0,48.75,S
2021-07-20T09:17:18,400.0,48.75,S
2021-07-20T09:17:16,3300.0,48.75,B
2021-07-20T09:17:16,200.0,48.7,S
2021-07-20T09:17:15,1000.0,48.75,B
2021-07-20T09:17:14,1000.0,48.7,S
2021-07-20T09:17:14,300.0,48.75,B
2021-07-20T09:17:12,100.0,48.75,B
2021-07-20T09:17:12,400.0,48.7,S
2021-07-20T09:17:11,700.0,48.75,B
2021-07-20T09:17:11,400.0,48.7,S
2021-07-20T09:17:11,600.0,48.7,S
2021-07-20T09:17:11,500.0,48.7,S
2021-07-20T09:17:11,4500.0,48.7,S
2021-07-20T09:17:09,100.0,48.75,B
2021-07-20T09:17:08,500.0,48.75,B
2021-07-20T09:17:08,500.0,48.7,S
2021-07-20T09:17:07,100.0,48.8,B
2021-07-20T09:17:06,500.0,48.7,S
2021-07-20T09:17:06,100.0,48.7,S
2021-07-20T09:17:06,400.0,48.7,S
2021-07-20T09:17:05,100.0,48.7,S
2021-07-20T09:17:05,3500.0,48.8,B
2021-07-20T09:17:04,200.0,48.7,S
2021-07-20T09:17:04,1800.0,48.7,S
2021-07-20T09:17:04,100.0,48.7,S
2021-07-20T09:17:04,200.0,48.7,S
2021-07-20T09:17:04,100.0,48.7,S
2021-07-20T09:17:02,100.0,48.8,B
2021-07-20T09:17:01,5000.0,48.8,B
2021-07-20T09:16:57,1500.0,48.7,B
2021-07-20T09:16:56,2000.0,48.7,B
2021-07-20T09:16:56,400.0,48.6,S
2021-07-20T09:16:55,200.0,48.7,B
2021-07-20T09:16:53,1400.0,48.7,B
2021-07-20T09:16:53,1000.0,48.7,B
2021-07-20T09:16:53,900.0,48.7,B
2021-07-20T09:16:52,3300.0,48.7,S
2021-07-20T09:16:52,100.0,48.7,S
2021-07-20T09:16:52,100.0,48.75,B
2021-07-20T09:16:50,100.0,48.8,B
2021-07-20T09:16:50,100.0,48.8,B
2021-07-20T09:16:50,500.0,48.7,S
2021-07-20T09:16:50,800.0,48.8,B
2021-07-20T09:16:50,2300.0,48.8,B
2021-07-20T09:16:49,100.0,48.8,B
2021-07-20T09:16:48,100.0,48.7,S
2021-07-20T09:16:48,3000.0,48.7,S
2021-07-20T09:16:48,1000.0,48.8,B
2021-07-20T09:16:46,3000.0,48.8,B
2021-07-20T09:16:46,1000.0,48.7,S
2021-07-20T09:16:44,500.0,48.8,B
2021-07-20T09:16:44,1000.0,48.8,B
2021-07-20T09:16:44,10000.0,48.8,B
2021-07-20T09:16:43,500.0,48.7,S
2021-07-20T09:16:43,5000.0,48.8,B
2021-07-20T09:16:42,500.0,48.8,B
2021-07-20T09:16:41,100.0,48.8,B
2021-07-20T09:16:41,3000.0,48.8,B
2021-07-20T09:16:40,2000.0,48.7,S
2021-07-20T09:16:39,2400.0,48.7,S
2021-07-20T09:16:39,1000.0,48.8,B
2021-07-20T09:16:39,500.0,48.8,B
2021-07-20T09:16:38,500.0,48.7,S
2021-07-20T09:16:38,2000.0,48.8,B
2021-07-20T09:16:38,500.0,48.8,B
2021-07-20T09:16:37,1100.0,48.8,B
2021-07-20T09:16:37,200.0,48.8,B
2021-07-20T09:16:37,500.0,48.8,B
2021-07-20T09:16:36,200.0,48.8,B
2021-07-20T09:16:36,20000.0,48.8,B
2021-07-20T09:16:36,100.0,48.8,B
2021-07-20T09:16:36,2300.0,48.8,B
2021-07-20T09:16:35,200.0,48.8,B
2021-07-20T09:16:35,2000.0,48.8,B
2021-07-20T09:16:35,300.0,48.7,S
2021-07-20T09:16:34,200.0,48.7,S
2021-07-20T09:16:33,200.0,48.7,S
2021-07-20T09:16:33,100.0,48.8,S
2021-07-20T09:16:29,1000.0,48.9,B
2021-07-20T09:16:29,300.0,48.8,B
2021-07-20T09:16:29,1000.0,48.8,B
2021-07-20T09:16:27,200.0,48.7,S
2021-07-20T09:16:26,53600.0,48.5,S
2021-07-20T09:16:26,100.0,48.6,S
2021-07-20T09:16:26,1200.0,48.6,S
2021-07-20T09:16:26,1500.0,48.6,S
2021-07-20T09:16:26,4500.0,48.7,S
2021-07-20T09:16:26,2500.0,48.7,S
2021-07-20T09:16:26,16600.0,48.8,S
2021-07-20T09:16:26,1000.0,48.8,S
2021-07-20T09:16:22,300.0,48.8,S
2021-07-20T09:16:21,200.0,48.8,S
2021-07-20T09:16:19,200.0,48.9,B
2021-07-20T09:16:18,100.0,48.8,S
2021-07-20T09:16:18,3300.0,48.9,B
2021-07-20T09:16:16,4000.0,48.9,B
2021-07-20T09:16:15,4000.0,48.8,B
2021-07-20T09:16:14,300.0,48.7,B
2021-07-20T09:16:13,700.0,48.7,S
2021-07-20T09:16:13,4800.0,48.8,B
2021-07-20T09:16:12,5000.0,48.8,B
2021-07-20T09:16:12,1500.0,48.7,B
2021-07-20T09:16:11,15500.0,48.5,S
2021-07-20T09:16:11,1500.0,48.5,S
2021-07-20T09:16:11,1600.0,48.5,S
2021-07-20T09:16:11,100.0,48.55,S
2021-07-20T09:16:11,14700.0,48.6,S
2021-07-20T09:16:11,200.0,48.6,S
2021-07-20T09:16:11,1400.0,48.6,S
2021-07-20T09:16:11,1300.0,48.6,S
2021-07-20T09:16:11,600.0,48.6,S
2021-07-20T09:16:11,1600.0,48.6,S
2021-07-20T09:16:11,800.0,48.6,S
2021-07-20T09:16:11,2200.0,48.6,S
2021-07-20T09:16:11,100.0,48.6,S
2021-07-20T09:16:11,8400.0,48.6,S
2021-07-20T09:16:09,2900.0,48.7,S
2021-07-20T09:16:09,100.0,48.8,B
2021-07-20T09:16:09,200.0,48.7,S
2021-07-20T09:16:09,100.0,48.7,S
2021-07-20T09:16:08,2000.0,48.8,B
2021-07-20T09:16:08,100.0,48.8,S
2021-07-20T09:16:08,500.0,48.8,S
2021-07-20T09:16:07,3000.0,48.9,B
2021-07-20T09:16:07,100.0,48.8,B
2021-07-20T09:16:07,400.0,48.8,B
2021-07-20T09:16:07,400.0,48.8,B
2021-07-20T09:16:06,1000.0,48.8,B
2021-07-20T09:16:05,2000.0,48.8,B
2021-07-20T09:16:05,200.0,48.8,B
2021-07-20T09:16:05,200.0,48.7,S
2021-07-20T09:16:04,100.0,48.8,B
2021-07-20T09:16:03,200.0,48.8,B
2021-07-20T09:16:03,300.0,48.8,B
2021-07-20T09:15:59,1000.0,48.8,B
2021-07-20T09:15:58,300.0,48.7,S
2021-07-20T09:15:57,2000.0,48.8,B
2021-07-20T09:15:51,3000.0,48.6,S
2021-07-20T09:15:51,200.0,48.6,S
2021-07-20T09:15:45,200.0,48.6,S
2021-07-20T09:15:43,1000.0,48.8,B
2021-07-20T09:15:42,600.0,48.6,B
2021-07-20T09:15:42,100.0,48.6,S
2021-07-20T09:15:41,2000.0,48.5,S
2021-07-20T09:15:41,2300.0,48.7,B
2021-07-20T09:15:40,300.0,48.6,B
2021-07-20T09:15:38,1100.0,48.5,S
2021-07-20T09:15:37,200.0,48.6,B
2021-07-20T09:15:36,1500.0,48.6,B
2021-07-20T09:15:34,100.0,48.6,B
2021-07-20T09:15:33,100.0,48.6,B
2021-07-20T09:15:33,5000.0,48.5,S
2021-07-20T09:15:30,100.0,48.6,B
2021-07-20T09:15:29,1200.0,48.5,B
2021-07-20T09:15:27,10000.0,48.4,S
2021-07-20T09:15:27,2000.0,48.4,S
2021-07-20T09:15:24,100.0,48.5,B
2021-07-20T09:15:23,100.0,48.5,B
2021-07-20T09:15:23,500.0,48.4,S
2021-07-20T09:15:22,400.0,48.4,S
2021-07-20T09:15:21,1700.0,48.5,B
2021-07-20T09:15:21,700.0,48.5,B
2021-07-20T09:15:21,7600.0,48.5,B
2021-07-20T09:15:17,500.0,48.4,S
2021-07-20T09:15:14,4000.0,48.5,B
2021-07-20T09:15:12,200.0,48.4,B
2021-07-20T09:15:10,100.0,48.3,S
2021-07-20T09:15:05,1500.0,48.4,B
2021-07-20T09:15:05,2000.0,48.4,B
2021-07-20T09:15:05,800.0,48.3,S
