tradingTime,volume,price,side
2021-07-01T14:29:37,400.0,6.7,S
2021-07-01T14:29:07,4000.0,6.7,S
2021-07-01T14:26:22,1000.0,6.7,S
2021-07-01T14:25:41,1900.0,6.7,S
2021-07-01T14:22:30,5000.0,6.7,S
2021-07-01T14:22:05,10000.0,6.7,S
2021-07-01T14:21:54,600.0,6.7,S
2021-07-01T14:21:53,8000.0,6.7,S
2021-07-01T14:21:22,10000.0,6.7,S
2021-07-01T14:20:57,100.0,6.7,S
2021-07-01T14:17:42,100.0,6.8,B
2021-07-01T14:17:04,1200.0,6.7,S
2021-07-01T14:16:44,1000.0,6.8,B
2021-07-01T14:16:38,25000.0,6.7,S
2021-07-01T14:15:32,15000.0,6.8,B
2021-07-01T14:15:28,4000.0,6.7,S
2021-07-01T14:15:17,100.0,6.8,B
2021-07-01T14:14:43,500.0,6.8,B
2021-07-01T14:12:10,5000.0,6.7,S
2021-07-01T14:08:26,400.0,6.7,S
2021-07-01T14:07:31,500.0,6.8,B
2021-07-01T14:05:26,2000.0,6.8,B
2021-07-01T14:04:53,800.0,6.7,S
2021-07-01T14:03:09,1300.0,6.7,S
2021-07-01T14:01:56,17000.0,6.7,S
2021-07-01T14:01:54,1000.0,6.7,S
2021-07-01T14:01:18,1500.0,6.7,S
2021-07-01T13:59:19,100.0,6.8,B
2021-07-01T13:57:21,200.0,6.8,B
2021-07-01T13:56:46,300.0,6.8,B
2021-07-01T13:55:45,3400.0,6.8,B
2021-07-01T13:54:41,400.0,6.8,B
2021-07-01T13:53:49,200.0,6.8,B
2021-07-01T13:52:42,100.0,6.7,S
2021-07-01T13:52:10,100.0,6.8,B
2021-07-01T13:51:47,100.0,6.7,S
2021-07-01T13:51:46,100.0,6.7,S
2021-07-01T13:50:24,1700.0,6.7,S
2021-07-01T13:50:20,7000.0,6.7,S
2021-07-01T13:49:25,27000.0,6.7,S
2021-07-01T13:49:13,800.0,6.7,S
2021-07-01T13:49:12,5000.0,6.7,S
2021-07-01T13:48:48,11400.0,6.7,B
2021-07-01T13:48:45,4500.0,6.7,B
2021-07-01T13:48:37,2000.0,6.6,S
2021-07-01T13:48:26,300.0,6.7,B
2021-07-01T13:48:21,10000.0,6.7,B
2021-07-01T13:48:02,500.0,6.7,B
2021-07-01T13:46:18,5000.0,6.7,B
2021-07-01T13:46:07,1000.0,6.7,B
2021-07-01T13:44:51,600.0,6.6,S
2021-07-01T13:44:46,800.0,6.6,S
2021-07-01T13:44:15,100.0,6.6,S
2021-07-01T13:43:31,4600.0,6.6,S
2021-07-01T13:43:03,200.0,6.7,B
2021-07-01T13:42:38,1200.0,6.6,S
2021-07-01T13:42:21,17000.0,6.6,S
2021-07-01T13:41:54,600.0,6.6,S
2021-07-01T13:41:48,2000.0,6.7,B
2021-07-01T13:41:38,3000.0,6.7,B
2021-07-01T13:41:34,500.0,6.6,S
2021-07-01T13:41:30,3200.0,6.7,B
2021-07-01T13:41:25,500.0,6.7,B
2021-07-01T13:39:42,2300.0,6.7,B
2021-07-01T13:39:21,16000.0,6.6,S
2021-07-01T13:38:43,100.0,6.7,B
2021-07-01T13:38:29,500.0,6.7,B
2021-07-01T13:37:52,5000.0,6.7,B
2021-07-01T13:36:35,700.0,6.7,B
2021-07-01T13:36:27,500.0,6.7,B
2021-07-01T13:36:23,700.0,6.7,B
2021-07-01T13:34:33,100.0,6.7,B
2021-07-01T13:33:59,1000.0,6.7,B
2021-07-01T13:33:16,2100.0,6.7,B
2021-07-01T13:32:34,5100.0,6.7,B
2021-07-01T13:31:45,300.0,6.7,B
2021-07-01T13:31:35,2000.0,6.6,S
2021-07-01T13:31:14,26000.0,6.6,S
2021-07-01T13:31:09,100.0,6.7,B
2021-07-01T13:31:01,1000.0,6.6,S
2021-07-01T13:29:15,600.0,6.6,S
2021-07-01T13:27:48,300.0,6.6,S
2021-07-01T13:27:21,300.0,6.6,S
2021-07-01T13:25:52,500.0,6.6,S
2021-07-01T13:25:49,1000.0,6.6,S
2021-07-01T13:25:18,1000.0,6.6,S
2021-07-01T13:24:32,17000.0,6.6,S
2021-07-01T13:24:16,1700.0,6.6,S
2021-07-01T13:24:07,100.0,6.6,S
2021-07-01T13:23:44,7000.0,6.6,S
2021-07-01T13:23:38,50000.0,6.6,S
2021-07-01T13:23:15,800.0,6.6,S
2021-07-01T13:23:10,7000.0,6.6,S
2021-07-01T13:21:17,10000.0,6.6,S
2021-07-01T13:19:27,300.0,6.6,S
2021-07-01T13:19:04,1000.0,6.6,S
2021-07-01T13:18:40,1100.0,6.7,B
2021-07-01T13:18:16,500.0,6.7,B
2021-07-01T13:18:05,17000.0,6.6,S
2021-07-01T13:17:31,27000.0,6.6,S
2021-07-01T13:17:07,300.0,6.7,B
2021-07-01T13:16:57,1000.0,6.7,B
2021-07-01T13:16:36,8700.0,6.7,B
2021-07-01T13:14:12,200.0,6.7,B
2021-07-01T13:13:57,200.0,6.7,B
2021-07-01T13:13:37,1000.0,6.7,B
2021-07-01T13:13:28,200.0,6.7,B
2021-07-01T13:12:49,1000.0,6.7,B
2021-07-01T13:12:23,1500.0,6.7,B
2021-07-01T13:07:55,2000.0,6.7,B
2021-07-01T13:07:54,1000.0,6.6,S
2021-07-01T13:04:46,2000.0,6.7,B
2021-07-01T13:01:51,3800.0,6.6,S
2021-07-01T13:00:57,27000.0,6.6,S
2021-07-01T13:00:10,500.0,6.6,S
2021-07-01T13:00:06,2200.0,6.7,B
2021-07-01T13:00:06,5000.0,6.6,S
2021-07-01T13:00:05,100.0,6.6,S
2021-07-01T13:00:03,34900.0,6.6,S
2021-07-01T13:00:03,14300.0,6.6,S
2021-07-01T11:29:54,3000.0,6.6,S
2021-07-01T11:28:24,30000.0,6.6,S
2021-07-01T11:27:14,1000.0,6.7,B
2021-07-01T11:26:55,5000.0,6.6,S
2021-07-01T11:26:11,2500.0,6.6,S
2021-07-01T11:26:04,5000.0,6.6,S
2021-07-01T11:25:02,3000.0,6.6,S
2021-07-01T11:24:43,500.0,6.7,B
2021-07-01T11:24:18,30000.0,6.6,S
2021-07-01T11:24:04,100.0,6.7,B
2021-07-01T11:22:03,200.0,6.7,B
2021-07-01T11:20:10,1000.0,6.7,B
2021-07-01T11:19:30,1000.0,6.7,S
2021-07-01T11:19:21,500.0,6.7,B
2021-07-01T11:18:59,500.0,6.7,S
2021-07-01T11:17:50,10000.0,6.6,S
2021-07-01T11:17:43,105000.0,6.6,S
2021-07-01T11:17:30,110000.0,6.6,S
2021-07-01T11:11:16,1000.0,6.7,S
2021-07-01T11:07:36,900.0,6.7,B
2021-07-01T11:07:06,900.0,6.7,S
2021-07-01T11:06:56,2500.0,6.7,S
2021-07-01T11:06:30,2600.0,6.7,S
2021-07-01T11:06:14,3000.0,6.7,B
2021-07-01T11:05:51,400.0,6.7,B
2021-07-01T11:05:45,2000.0,6.7,B
2021-07-01T11:05:15,7000.0,6.7,S
2021-07-01T11:04:32,100.0,6.7,S
2021-07-01T11:00:51,2000.0,6.7,S
2021-07-01T11:00:40,3000.0,6.7,S
2021-07-01T10:59:29,200.0,6.7,S
2021-07-01T10:56:38,2000.0,6.7,S
2021-07-01T10:55:21,5000.0,6.7,S
2021-07-01T10:54:53,1000.0,6.7,S
2021-07-01T10:54:49,4600.0,6.7,B
2021-07-01T10:54:11,60000.0,6.7,B
2021-07-01T10:53:47,1500.0,6.7,B
2021-07-01T10:53:31,1400.0,6.7,B
2021-07-01T10:53:28,100.0,6.7,B
2021-07-01T10:53:06,500.0,6.7,B
2021-07-01T10:53:03,1100.0,6.7,B
2021-07-01T10:51:55,500.0,6.7,B
2021-07-01T10:51:47,300.0,6.7,B
2021-07-01T10:50:53,200.0,6.7,B
2021-07-01T10:50:49,5000.0,6.7,B
2021-07-01T10:50:41,10000.0,6.7,B
2021-07-01T10:50:07,1000.0,6.7,B
2021-07-01T10:49:57,1000.0,6.7,B
2021-07-01T10:49:34,100.0,6.7,B
2021-07-01T10:49:08,100.0,6.7,B
2021-07-01T10:48:49,12400.0,6.7,B
2021-07-01T10:48:40,100.0,6.7,B
2021-07-01T10:48:39,1000.0,6.7,B
2021-07-01T10:48:12,100.0,6.7,B
2021-07-01T10:46:39,4000.0,6.7,S
2021-07-01T10:44:53,10000.0,6.7,S
2021-07-01T10:44:16,4000.0,6.7,S
2021-07-01T10:41:18,600.0,6.7,B
2021-07-01T10:39:28,100.0,6.7,B
2021-07-01T10:39:19,500.0,6.7,B
2021-07-01T10:38:32,800.0,6.7,B
2021-07-01T10:38:13,100.0,6.7,S
2021-07-01T10:36:32,4900.0,6.7,B
2021-07-01T10:35:47,100.0,6.7,B
2021-07-01T10:35:38,1000.0,6.7,B
2021-07-01T10:35:29,600.0,6.7,S
2021-07-01T10:35:23,500.0,6.7,S
2021-07-01T10:34:21,200.0,6.7,S
2021-07-01T10:33:53,2800.0,6.7,S
2021-07-01T10:32:24,1000.0,6.7,S
2021-07-01T10:31:53,7500.0,6.7,S
2021-07-01T10:29:42,2000.0,6.7,S
2021-07-01T10:29:11,3000.0,6.7,S
2021-07-01T10:28:32,3000.0,6.7,S
2021-07-01T10:28:10,1700.0,6.7,S
2021-07-01T10:27:24,5200.0,6.7,S
2021-07-01T10:26:09,4000.0,6.7,S
2021-07-01T10:25:55,1000.0,6.7,S
2021-07-01T10:25:40,14100.0,6.7,S
2021-07-01T10:25:07,100.0,6.7,S
2021-07-01T10:24:24,3300.0,6.7,B
2021-07-01T10:24:01,9700.0,6.7,S
2021-07-01T10:23:20,500.0,6.7,S
2021-07-01T10:21:55,1000.0,6.8,B
2021-07-01T10:20:58,2000.0,6.7,S
2021-07-01T10:20:57,1000.0,6.7,S
2021-07-01T10:19:13,1000.0,6.7,S
2021-07-01T10:19:09,300.0,6.7,S
2021-07-01T10:10:47,5100.0,6.7,S
2021-07-01T10:09:53,1500.0,6.7,S
2021-07-01T10:08:56,200.0,6.7,S
2021-07-01T10:07:18,5000.0,6.7,S
2021-07-01T10:05:16,100.0,6.8,B
2021-07-01T10:04:53,100.0,6.8,B
2021-07-01T10:03:39,200.0,6.7,S
2021-07-01T10:02:24,500.0,6.7,S
2021-07-01T10:01:52,10000.0,6.7,S
2021-07-01T10:01:05,200.0,6.8,B
2021-07-01T10:00:51,5000.0,6.7,S
2021-07-01T09:59:58,1000.0,6.7,S
2021-07-01T09:59:23,5000.0,6.7,S
2021-07-01T09:59:20,100.0,6.7,S
2021-07-01T09:59:08,500.0,6.7,S
2021-07-01T09:59:02,600.0,6.7,S
2021-07-01T09:58:23,11500.0,6.7,S
2021-07-01T09:57:47,18200.0,6.7,S
2021-07-01T09:57:29,500.0,6.7,S
2021-07-01T09:56:53,30000.0,6.7,S
2021-07-01T09:55:28,200.0,6.7,S
2021-07-01T09:55:19,300.0,6.7,S
2021-07-01T09:54:32,300.0,6.7,S
2021-07-01T09:52:39,500.0,6.7,S
2021-07-01T09:51:16,500.0,6.7,S
2021-07-01T09:51:05,8300.0,6.7,B
2021-07-01T09:50:57,3000.0,6.7,B
2021-07-01T09:50:56,100.0,6.7,B
2021-07-01T09:50:56,2300.0,6.7,B
2021-07-01T09:50:45,1000.0,6.7,B
2021-07-01T09:50:44,500.0,6.7,B
2021-07-01T09:50:38,1000.0,6.7,B
2021-07-01T09:50:31,20000.0,6.7,B
2021-07-01T09:50:23,500.0,6.7,B
2021-07-01T09:50:14,1000.0,6.7,B
2021-07-01T09:50:12,200.0,6.7,B
2021-07-01T09:50:01,35000.0,6.7,B
2021-07-01T09:49:57,100.0,6.7,B
2021-07-01T09:49:53,200.0,6.7,B
2021-07-01T09:49:30,100.0,6.7,B
2021-07-01T09:49:15,500.0,6.7,B
2021-07-01T09:49:01,1000.0,6.7,B
2021-07-01T09:48:19,5000.0,6.6,S
2021-07-01T09:48:19,1000.0,6.7,B
2021-07-01T09:48:17,1000.0,6.7,B
2021-07-01T09:48:08,1000.0,6.7,B
2021-07-01T09:48:07,500.0,6.7,B
2021-07-01T09:48:04,10000.0,6.7,B
2021-07-01T09:47:58,12800.0,6.7,B
2021-07-01T09:46:26,1000.0,6.7,B
2021-07-01T09:46:22,200.0,6.7,B
2021-07-01T09:46:21,500.0,6.7,B
2021-07-01T09:46:09,900.0,6.7,B
2021-07-01T09:45:45,1000.0,6.7,B
2021-07-01T09:45:07,100.0,6.7,B
2021-07-01T09:44:23,100.0,6.7,B
2021-07-01T09:44:12,2000.0,6.7,B
2021-07-01T09:44:03,2000.0,6.7,B
2021-07-01T09:43:54,36400.0,6.7,S
2021-07-01T09:42:35,300.0,6.7,S
2021-07-01T09:42:31,5000.0,6.7,S
2021-07-01T09:42:06,500.0,6.7,S
2021-07-01T09:41:52,5000.0,6.7,S
2021-07-01T09:41:23,2300.0,6.7,S
2021-07-01T09:41:20,3000.0,6.7,S
2021-07-01T09:41:13,10000.0,6.7,S
2021-07-01T09:41:03,30000.0,6.7,S
2021-07-01T09:40:49,1000.0,6.7,S
2021-07-01T09:40:09,10000.0,6.7,S
2021-07-01T09:40:07,500.0,6.7,S
2021-07-01T09:39:23,200.0,6.7,S
2021-07-01T09:38:37,10000.0,6.7,S
2021-07-01T09:38:29,1800.0,6.7,S
2021-07-01T09:38:26,5300.0,6.7,S
2021-07-01T09:38:21,1000.0,6.7,S
2021-07-01T09:37:51,9200.0,6.7,S
2021-07-01T09:37:18,200.0,6.7,S
2021-07-01T09:36:37,10000.0,6.7,S
2021-07-01T09:35:57,2000.0,6.7,S
2021-07-01T09:35:49,10000.0,6.7,S
2021-07-01T09:35:46,7000.0,6.7,S
2021-07-01T09:35:36,3900.0,6.7,S
2021-07-01T09:33:38,1000.0,6.7,S
2021-07-01T09:32:44,1000.0,6.7,S
2021-07-01T09:32:42,5000.0,6.7,S
2021-07-01T09:32:25,1000.0,6.7,S
2021-07-01T09:31:33,300.0,6.7,S
2021-07-01T09:31:31,400.0,6.7,S
2021-07-01T09:31:06,200.0,6.7,S
2021-07-01T09:30:58,6000.0,6.7,S
2021-07-01T09:29:16,300.0,6.7,S
2021-07-01T09:29:14,300.0,6.7,S
2021-07-01T09:28:13,5000.0,6.7,S
2021-07-01T09:27:33,200.0,6.8,B
2021-07-01T09:27:18,2000.0,6.8,B
2021-07-01T09:27:11,30000.0,6.7,S
2021-07-01T09:26:30,500.0,6.7,S
2021-07-01T09:24:03,200.0,6.7,S
2021-07-01T09:23:33,600.0,6.7,S
2021-07-01T09:23:13,5300.0,6.7,S
2021-07-01T09:22:35,3000.0,6.8,B
2021-07-01T09:22:14,3100.0,6.8,B
2021-07-01T09:21:59,1000.0,6.7,S
2021-07-01T09:21:56,5000.0,6.7,S
2021-07-01T09:21:49,12800.0,6.8,B
2021-07-01T09:21:31,7000.0,6.7,S
2021-07-01T09:21:20,400.0,6.8,B
2021-07-01T09:19:20,500.0,6.8,B
2021-07-01T09:19:08,100.0,6.8,B
2021-07-01T09:18:12,200.0,6.8,B
2021-07-01T09:17:43,100.0,6.7,S
2021-07-01T09:17:39,200.0,6.7,S
2021-07-01T09:17:14,1000.0,6.7,S
2021-07-01T09:17:14,11500.0,6.7,S
2021-07-01T09:16:56,1500.0,6.7,S
2021-07-01T09:16:26,300.0,6.7,S
2021-07-01T09:15:53,300.0,6.8,B
2021-07-01T09:15:07,900.0,6.7,S
2021-07-01T09:13:58,500.0,6.8,B
2021-07-01T09:11:44,200.0,6.8,B
2021-07-01T09:11:13,100.0,6.8,B
2021-07-01T09:10:55,100.0,6.8,B
2021-07-01T09:10:13,20000.0,6.7,S
2021-07-01T09:10:09,100.0,6.8,B
2021-07-01T09:10:01,1900.0,6.7,S
2021-07-01T09:09:22,7300.0,6.7,S
2021-07-01T09:08:35,400.0,6.7,S
2021-07-01T09:07:29,1400.0,6.7,S
2021-07-01T09:06:55,300.0,6.8,B
2021-07-01T09:06:30,100.0,6.8,B
2021-07-01T09:05:58,1000.0,6.8,B
2021-07-01T09:05:31,9900.0,6.8,B
2021-07-01T09:05:16,500.0,6.8,B
2021-07-01T09:05:14,500.0,6.8,B
2021-07-01T09:04:41,600.0,6.8,B
2021-07-01T09:04:03,2000.0,6.7,S
2021-07-01T09:03:46,1200.0,6.7,S
2021-07-01T09:03:39,3900.0,6.7,S
2021-07-01T09:03:15,200.0,6.7,S
2021-07-01T09:03:14,1000.0,6.8,B
2021-07-01T09:03:14,10500.0,6.7,S
2021-07-01T09:03:11,1000.0,6.8,B
2021-07-01T09:03:04,1000.0,6.8,B
2021-07-01T09:02:16,1000.0,6.8,S
2021-07-01T09:02:10,5000.0,6.8,S
2021-07-01T09:02:07,2000.0,6.8,S
2021-07-01T09:02:00,10000.0,6.8,S
2021-07-01T09:00:54,10000.0,6.8,S
2021-07-01T09:00:20,2000.0,6.8,S
2021-07-01T09:00:16,11600.0,6.8,S
2021-07-01T09:00:04,400.0,6.8,B
