tradingTime,volume,price,side
2021-07-01T14:29:41,1900.0,36.5,S
2021-07-01T14:29:14,100.0,36.7,B
2021-07-01T14:28:45,11500.0,36.5,S
2021-07-01T14:28:45,13500.0,36.5,S
2021-07-01T14:28:02,5000.0,36.55,S
2021-07-01T14:27:39,5000.0,36.55,S
2021-07-01T14:26:58,200.0,36.6,S
2021-07-01T14:23:36,500.0,36.6,S
2021-07-01T14:23:36,2200.0,36.6,S
2021-07-01T14:23:36,1100.0,36.6,S
2021-07-01T14:23:36,1200.0,36.6,S
2021-07-01T14:15:09,500.0,36.6,S
2021-07-01T14:12:40,1000.0,36.7,B
2021-07-01T14:08:27,500.0,36.6,S
2021-07-01T14:06:04,100.0,36.7,B
2021-07-01T14:01:16,100.0,36.8,B
2021-07-01T14:01:09,100.0,36.8,B
2021-07-01T13:55:26,1000.0,36.8,B
2021-07-01T13:49:01,600.0,36.8,B
2021-07-01T13:48:52,1100.0,36.55,S
2021-07-01T13:48:52,1200.0,36.6,S
2021-07-01T13:48:52,2000.0,36.6,S
2021-07-01T13:48:52,1500.0,36.6,S
2021-07-01T13:48:52,2200.0,36.6,S
2021-07-01T13:48:52,500.0,36.65,S
2021-07-01T13:48:52,600.0,36.65,S
2021-07-01T13:48:52,900.0,36.75,S
2021-07-01T13:47:18,5000.0,36.75,S
2021-07-01T13:47:15,500.0,36.8,B
2021-07-01T13:46:55,2500.0,36.8,B
2021-07-01T13:46:05,600.0,36.8,B
2021-07-01T13:45:57,2900.0,36.8,B
2021-07-01T13:39:42,200.0,36.8,B
2021-07-01T13:35:09,500.0,36.8,B
2021-07-01T13:34:57,1000.0,36.75,S
2021-07-01T13:32:07,300.0,36.75,S
2021-07-01T13:31:10,3000.0,36.8,B
2021-07-01T13:30:28,1000.0,36.8,B
2021-07-01T13:30:02,2000.0,36.8,B
2021-07-01T13:27:14,300.0,36.8,B
2021-07-01T13:26:48,2000.0,36.8,B
2021-07-01T13:26:27,300.0,36.8,B
2021-07-01T13:25:02,200.0,36.8,S
2021-07-01T13:23:35,1000.0,36.8,B
2021-07-01T13:22:57,200.0,36.8,B
2021-07-01T13:21:59,4200.0,36.8,B
2021-07-01T13:19:21,200.0,36.8,B
2021-07-01T13:18:22,1600.0,36.8,B
2021-07-01T13:13:40,300.0,36.8,S
2021-07-01T13:12:10,1000.0,36.8,S
2021-07-01T13:11:18,2000.0,36.85,B
2021-07-01T13:08:28,7000.0,36.85,B
2021-07-01T13:07:35,5000.0,36.8,S
2021-07-01T13:04:24,300.0,36.8,B
2021-07-01T11:27:23,1700.0,36.8,S
2021-07-01T11:23:24,300.0,36.85,B
2021-07-01T11:21:48,200.0,36.8,S
2021-07-01T11:19:59,100.0,36.85,B
2021-07-01T11:19:15,100.0,36.85,B
2021-07-01T11:18:42,500.0,36.85,B
2021-07-01T11:15:17,2000.0,36.85,B
2021-07-01T11:11:56,1000.0,36.85,B
2021-07-01T11:11:34,500.0,36.85,B
2021-07-01T11:10:04,500.0,36.85,B
2021-07-01T11:09:50,500.0,36.85,B
2021-07-01T11:07:55,300.0,36.85,B
2021-07-01T11:06:22,200.0,36.85,B
2021-07-01T11:05:57,1000.0,36.8,B
2021-07-01T11:04:42,9800.0,36.75,B
2021-07-01T11:04:01,800.0,36.75,B
2021-07-01T11:03:19,1500.0,36.75,B
2021-07-01T11:03:02,1400.0,36.6,B
2021-07-01T11:02:36,6100.0,36.6,S
2021-07-01T10:57:26,2000.0,36.75,B
2021-07-01T10:52:39,400.0,36.75,B
2021-07-01T10:51:36,700.0,36.75,B
2021-07-01T10:50:36,6000.0,36.75,B
2021-07-01T10:50:21,500.0,36.75,B
2021-07-01T10:49:16,200.0,36.75,B
2021-07-01T10:48:44,100.0,36.75,B
2021-07-01T10:45:52,200.0,36.55,S
2021-07-01T10:44:12,20000.0,36.55,S
2021-07-01T10:43:49,500.0,36.75,B
2021-07-01T10:42:29,500.0,36.8,B
2021-07-01T10:41:15,500.0,36.8,S
2021-07-01T10:41:01,100.0,36.8,S
2021-07-01T10:40:21,3000.0,36.8,S
2021-07-01T10:39:43,1000.0,36.8,S
2021-07-01T10:39:35,500.0,36.8,S
2021-07-01T10:38:32,300.0,36.8,S
2021-07-01T10:38:23,100.0,36.8,S
2021-07-01T10:37:46,600.0,36.8,S
2021-07-01T10:37:08,5000.0,36.8,S
2021-07-01T10:36:23,2000.0,36.8,S
2021-07-01T10:33:33,100.0,36.8,S
2021-07-01T10:26:51,1300.0,36.75,S
2021-07-01T10:26:49,3700.0,36.75,S
2021-07-01T10:26:42,600.0,36.8,B
2021-07-01T10:26:18,1300.0,36.8,B
2021-07-01T10:26:09,1300.0,36.8,B
2021-07-01T10:25:25,300.0,36.75,B
2021-07-01T10:25:01,1000.0,36.7,B
2021-07-01T10:22:18,2000.0,36.75,B
2021-07-01T10:21:49,3400.0,36.6,S
2021-07-01T10:21:13,1100.0,36.6,S
2021-07-01T10:20:32,300.0,36.7,S
2021-07-01T10:20:17,200.0,36.7,S
2021-07-01T10:18:49,100.0,36.75,B
2021-07-01T10:18:17,5000.0,36.6,S
2021-07-01T10:12:22,100.0,36.75,S
2021-07-01T10:11:25,1000.0,36.8,B
2021-07-01T10:09:31,200.0,36.8,S
2021-07-01T10:09:12,13600.0,36.5,S
2021-07-01T10:08:52,7000.0,36.5,S
2021-07-01T10:08:52,1000.0,36.5,S
2021-07-01T10:08:52,5100.0,36.5,S
2021-07-01T10:08:51,1500.0,36.5,S
2021-07-01T10:08:51,6000.0,36.5,S
2021-07-01T10:08:51,800.0,36.75,S
2021-07-01T10:08:50,1300.0,36.8,S
2021-07-01T10:08:35,300.0,36.8,S
2021-07-01T10:07:56,1400.0,36.8,S
2021-07-01T10:07:56,1600.0,36.8,S
2021-07-01T10:07:50,1000.0,36.8,S
2021-07-01T10:04:16,800.0,36.85,S
2021-07-01T10:04:16,4000.0,36.85,S
2021-07-01T10:04:16,100.0,36.85,S
2021-07-01T10:04:16,2200.0,36.85,S
2021-07-01T10:02:32,700.0,36.95,S
2021-07-01T09:58:15,2300.0,36.95,S
2021-07-01T09:57:50,1000.0,36.95,S
2021-07-01T09:56:44,1000.0,36.95,S
2021-07-01T09:56:13,1100.0,37.0,B
2021-07-01T09:50:19,1600.0,37.0,B
2021-07-01T09:50:19,700.0,37.0,B
2021-07-01T09:48:30,200.0,36.9,S
2021-07-01T09:47:37,400.0,36.9,S
2021-07-01T09:47:37,100.0,36.9,S
2021-07-01T09:43:01,500.0,36.9,S
2021-07-01T09:40:56,300.0,36.9,S
2021-07-01T09:30:45,600.0,36.9,S
2021-07-01T09:30:15,100.0,36.9,B
2021-07-01T09:30:09,5000.0,36.85,S
2021-07-01T09:27:12,100.0,36.9,B
2021-07-01T09:27:12,100.0,36.9,B
2021-07-01T09:27:12,300.0,36.9,B
2021-07-01T09:25:57,1500.0,36.9,B
2021-07-01T09:24:02,100.0,36.9,B
2021-07-01T09:23:13,100.0,36.9,B
2021-07-01T09:23:12,300.0,36.9,B
2021-07-01T09:23:10,300.0,36.9,B
2021-07-01T09:21:57,1000.0,36.9,S
2021-07-01T09:21:57,200.0,36.9,S
2021-07-01T09:21:56,900.0,36.9,S
2021-07-01T09:20:27,100.0,37.1,B
2021-07-01T09:17:31,400.0,36.85,B
