tradingTime,volume,price,side
2021-07-01T14:51:41,15000.0,71.0,S
2021-07-01T14:51:21,16000.0,71.1,S
2021-07-01T14:51:06,100.0,71.2,S
2021-07-01T14:44:56,1600.0,71.2,S
2021-07-01T14:43:24,300.0,71.3,S
2021-07-01T14:39:56,100.0,71.3,S
2021-07-01T14:39:51,200.0,71.3,S
2021-07-01T14:39:46,500.0,71.3,S
2021-07-01T14:37:01,500.0,71.3,S
2021-07-01T14:34:26,800.0,71.3,B
2021-07-01T14:33:31,200.0,71.3,S
2021-07-01T14:31:56,15000.0,71.4,B
2021-07-01T14:29:00,700.0,71.1,S
2021-07-01T14:27:09,900.0,71.1,S
2021-07-01T14:26:54,100.0,71.1,B
2021-07-01T14:26:25,500.0,71.0,B
2021-07-01T14:26:23,300.0,71.0,B
2021-07-01T14:26:08,300.0,71.0,B
2021-07-01T14:25:09,300.0,71.0,B
2021-07-01T14:24:18,3000.0,70.9,S
2021-07-01T14:24:11,600.0,70.9,S
2021-07-01T14:23:41,1000.0,71.0,B
2021-07-01T14:23:08,600.0,71.0,S
2021-07-01T14:19:27,100.0,71.2,B
2021-07-01T14:17:06,2800.0,71.1,B
2021-07-01T14:17:04,300.0,71.0,S
2021-07-01T14:17:02,500.0,71.0,S
2021-07-01T14:16:17,3000.0,70.9,S
2021-07-01T14:15:31,3000.0,70.9,S
2021-07-01T14:15:11,200.0,70.9,S
2021-07-01T14:15:06,200.0,71.1,B
2021-07-01T14:13:41,400.0,70.9,S
2021-07-01T14:07:57,100.0,70.9,S
2021-07-01T14:07:40,1000.0,70.9,S
2021-07-01T14:07:27,200.0,71.0,B
2021-07-01T14:06:28,3000.0,71.0,B
2021-07-01T14:04:51,4000.0,71.0,B
2021-07-01T14:04:50,100.0,71.0,B
2021-07-01T14:04:40,2800.0,71.0,S
2021-07-01T14:04:28,600.0,71.0,S
2021-07-01T14:00:26,500.0,71.0,S
2021-07-01T13:57:22,1100.0,71.1,B
2021-07-01T13:56:46,1000.0,71.1,B
2021-07-01T13:55:21,200.0,71.1,B
2021-07-01T13:54:40,800.0,71.2,B
2021-07-01T13:52:43,100.0,71.2,B
2021-07-01T13:52:18,100.0,70.9,S
2021-07-01T13:51:44,600.0,71.2,B
2021-07-01T13:50:57,1000.0,71.2,B
2021-07-01T13:47:40,200.0,71.2,B
2021-07-01T13:43:57,1000.0,71.2,B
2021-07-01T13:43:45,300.0,71.0,B
2021-07-01T13:43:04,100.0,70.9,S
2021-07-01T13:42:35,200.0,71.0,B
2021-07-01T13:40:29,500.0,71.0,B
2021-07-01T13:40:02,100.0,71.0,B
2021-07-01T13:39:23,100.0,71.2,B
2021-07-01T13:37:48,200.0,71.0,S
2021-07-01T13:36:31,300.0,71.0,S
2021-07-01T13:31:05,200.0,71.0,S
2021-07-01T13:30:57,2000.0,71.0,S
2021-07-01T13:29:54,8600.0,71.0,S
2021-07-01T13:29:12,4400.0,71.1,S
2021-07-01T13:27:24,100.0,71.2,B
2021-07-01T13:26:24,200.0,71.1,S
2021-07-01T13:22:32,100.0,71.1,S
2021-07-01T13:22:22,200.0,71.1,S
2021-07-01T13:20:33,500.0,71.1,S
2021-07-01T13:19:49,100.0,71.2,B
2021-07-01T13:17:18,100.0,71.2,S
2021-07-01T13:16:56,500.0,71.2,S
2021-07-01T13:15:09,100.0,71.2,S
2021-07-01T13:13:43,100.0,71.2,S
2021-07-01T13:11:39,800.0,71.3,B
2021-07-01T13:09:56,1000.0,71.3,B
2021-07-01T13:08:34,200.0,71.2,S
2021-07-01T13:07:39,1000.0,71.2,B
2021-07-01T13:06:46,2000.0,71.2,B
2021-07-01T13:01:48,500.0,71.2,S
2021-07-01T13:00:38,500.0,71.3,B
2021-07-01T13:00:35,200.0,71.3,B
2021-07-01T11:09:47,100.0,71.3,B
2021-07-01T11:08:16,500.0,71.0,B
2021-07-01T11:08:13,300.0,71.0,B
2021-07-01T11:07:44,200.0,71.0,S
2021-07-01T11:06:52,800.0,71.0,B
2021-07-01T11:06:50,900.0,71.0,B
2021-07-01T11:05:57,2200.0,71.0,B
2021-07-01T11:05:09,100.0,71.3,B
2021-07-01T10:55:40,100.0,71.4,B
2021-07-01T10:51:20,100.0,71.0,S
2021-07-01T10:47:50,100.0,71.4,B
2021-07-01T10:43:05,100.0,71.4,B
2021-07-01T10:42:53,2100.0,71.0,S
2021-07-01T10:39:14,10000.0,71.4,B
2021-07-01T10:38:09,10000.0,71.4,B
2021-07-01T10:37:39,7000.0,71.3,B
2021-07-01T10:37:24,100.0,71.0,B
2021-07-01T10:37:10,10000.0,71.0,B
2021-07-01T10:36:20,100.0,71.0,B
2021-07-01T10:36:17,300.0,71.0,B
2021-07-01T10:34:33,9000.0,71.0,B
2021-07-01T10:34:12,9000.0,71.0,B
2021-07-01T10:33:15,200.0,71.0,S
2021-07-01T10:31:28,500.0,71.1,B
2021-07-01T10:30:58,200.0,71.1,B
2021-07-01T10:29:17,600.0,71.2,B
2021-07-01T10:28:02,1900.0,71.2,B
2021-07-01T10:26:36,100.0,71.2,B
2021-07-01T10:25:54,200.0,71.2,B
2021-07-01T10:25:37,500.0,71.2,B
2021-07-01T10:24:21,900.0,71.0,S
2021-07-01T10:23:54,100.0,71.0,S
2021-07-01T10:22:48,100.0,71.0,S
2021-07-01T10:22:22,300.0,71.1,S
2021-07-01T10:19:07,100.0,71.1,S
2021-07-01T10:16:33.838,1400.0,71.2,S
2021-07-01T10:12:12,100.0,71.3,B
2021-07-01T10:12:02,100.0,71.0,S
2021-07-01T10:12:01,100.0,71.0,S
2021-07-01T10:11:55,100.0,71.0,S
2021-07-01T10:11:37,300.0,71.0,S
2021-07-01T10:11:05,100.0,71.0,S
2021-07-01T10:10:49,600.0,71.0,S
2021-07-01T10:10:46,200.0,71.0,S
2021-07-01T10:10:21,600.0,71.0,S
2021-07-01T10:08:07,2100.0,71.1,S
2021-07-01T10:08:02,100.0,71.1,S
2021-07-01T10:07:53,100.0,71.1,S
2021-07-01T10:07:45,200.0,71.1,S
2021-07-01T10:07:01,100.0,71.1,S
2021-07-01T10:02:55,100.0,71.3,B
2021-07-01T09:56:17,100.0,71.5,B
2021-07-01T09:55:51,5000.0,71.0,S
2021-07-01T09:54:07,100.0,71.6,S
2021-07-01T09:53:18,500.0,71.5,B
2021-07-01T09:51:54,1600.0,71.5,S
2021-07-01T09:51:37,300.0,71.5,S
2021-07-01T09:51:25,500.0,71.5,S
2021-07-01T09:47:20,100.0,71.5,S
2021-07-01T09:46:29,8700.0,71.8,B
2021-07-01T09:44:40,7300.0,71.7,S
2021-07-01T09:44:08,2700.0,71.7,B
2021-07-01T09:42:56,500.0,71.7,B
2021-07-01T09:40:56,200.0,71.8,B
2021-07-01T09:40:34,1700.0,71.5,S
2021-07-01T09:39:39,100.0,71.6,B
2021-07-01T09:38:55,4000.0,71.8,B
2021-07-01T09:37:57,100.0,71.5,S
2021-07-01T09:36:53,200.0,71.6,S
2021-07-01T09:36:40,300.0,71.6,B
2021-07-01T09:36:02,500.0,71.5,S
2021-07-01T09:35:48,10000.0,71.5,S
2021-07-01T09:35:28,700.0,71.6,B
2021-07-01T09:34:23,100.0,71.6,S
2021-07-01T09:33:43,100.0,71.6,S
2021-07-01T09:33:33,1000.0,71.6,S
2021-07-01T09:32:38,100.0,71.6,S
2021-07-01T09:32:16,400.0,71.6,S
2021-07-01T09:31:47,100.0,71.6,S
2021-07-01T09:27:33,500.0,71.9,B
2021-07-01T09:27:04,1000.0,72.0,B
2021-07-01T09:26:03,200.0,71.9,B
2021-07-01T09:25:55,100.0,71.9,B
2021-07-01T09:25:15,1000.0,71.6,S
2021-07-01T09:24:58,5000.0,72.0,B
2021-07-01T09:24:58,2500.0,71.6,B
2021-07-01T09:24:49,100.0,71.5,S
2021-07-01T09:24:45,500.0,71.6,B
2021-07-01T09:24:28,8300.0,71.5,B
2021-07-01T09:24:12,100.0,71.4,S
2021-07-01T09:23:55,5000.0,71.4,B
2021-07-01T09:23:19,100.0,71.4,B
2021-07-01T09:22:52,3000.0,71.5,B
2021-07-01T09:22:15,13000.0,71.5,B
2021-07-01T09:21:43,200.0,71.3,B
2021-07-01T09:20:55,600.0,71.3,B
2021-07-01T09:20:20,700.0,71.1,B
2021-07-01T09:19:30,300.0,71.1,S
2021-07-01T09:19:23,100.0,71.1,S
2021-07-01T09:19:08,100.0,71.1,S
2021-07-01T09:18:42,1000.0,71.1,S
2021-07-01T09:18:28,100.0,71.1,S
2021-07-01T09:18:11,100.0,71.1,S
2021-07-01T09:18:04,1600.0,71.3,S
2021-07-01T09:18:03,3000.0,71.3,S
2021-07-01T09:17:05,1000.0,71.3,S
2021-07-01T09:16:31,900.0,71.3,S
2021-07-01T09:16:29,100.0,71.3,S
2021-07-01T09:14:06,1000.0,71.3,S
2021-07-01T09:13:57,200.0,71.3,S
2021-07-01T09:13:13,300.0,71.3,B
2021-07-01T09:13:04,2000.0,71.3,B
2021-07-01T09:12:44,500.0,71.3,B
2021-07-01T09:12:43,1600.0,71.2,S
2021-07-01T09:12:03,200.0,71.3,S
2021-07-01T09:12:02,100.0,71.3,S
2021-07-01T09:12:00,300.0,71.3,S
2021-07-01T09:11:53,400.0,71.3,B
2021-07-01T09:11:34,1600.0,71.3,B
2021-07-01T09:10:12,300.0,71.3,B
2021-07-01T09:09:26,300.0,71.4,B
2021-07-01T09:09:00,700.0,71.4,B
2021-07-01T09:08:41,400.0,71.4,B
2021-07-01T09:08:31,400.0,71.4,S
2021-07-01T09:07:41,12000.0,71.5,S
2021-07-01T09:07:28,2000.0,71.4,S
2021-07-01T09:05:31,1500.0,71.4,B
2021-07-01T09:05:24,200.0,71.1,S
2021-07-01T09:05:10,100.0,71.1,S
2021-07-01T09:04:48,100.0,71.0,S
2021-07-01T09:04:48,200.0,71.0,S
2021-07-01T09:04:43,400.0,71.0,S
2021-07-01T09:04:42,100.0,71.0,S
2021-07-01T09:04:34,1000.0,71.0,S
2021-07-01T09:04:21,100.0,71.0,S
2021-07-01T09:03:29,20200.0,71.0,S
2021-07-01T09:02:30,200.0,71.0,S
2021-07-01T09:02:03,1000.0,71.0,S
2021-07-01T09:01:42,100.0,71.0,B
2021-07-01T09:01:08,1400.0,71.0,B
2021-07-01T09:00:55,200.0,70.7,B
2021-07-01T09:00:52,100.0,70.8,B
