tradingTime,volume,price,side
2021-07-01T14:30:16,1500.0,23.85,S
2021-07-01T14:30:16,5100.0,23.85,B
2021-07-01T14:30:16,10800.0,23.85,B
2021-07-01T14:30:16,9800.0,23.8,S
2021-07-01T14:30:11,1000.0,23.8,S
2021-07-01T14:30:06,2000.0,23.8,S
2021-07-01T14:29:59,200.0,23.85,B
2021-07-01T14:29:50,100.0,23.85,B
2021-07-01T14:29:41,1300.0,23.85,B
2021-07-01T14:29:41,1000.0,23.85,B
2021-07-01T14:29:24,500.0,23.85,B
2021-07-01T14:29:05,500.0,23.85,B
2021-07-01T14:27:48,1000.0,23.85,B
2021-07-01T14:27:34,500.0,23.85,B
2021-07-01T14:27:02,1000.0,23.85,B
2021-07-01T14:26:43,1000.0,23.8,S
2021-07-01T14:26:38,4300.0,23.85,B
2021-07-01T14:25:37,200.0,23.85,B
2021-07-01T14:25:36,1000.0,23.85,B
2021-07-01T14:25:34,200.0,23.85,B
2021-07-01T14:25:09,2000.0,23.85,B
2021-07-01T14:25:08,1000.0,23.85,B
2021-07-01T14:25:02,2000.0,23.85,B
2021-07-01T14:24:52,100.0,23.85,B
2021-07-01T14:24:38,1000.0,23.85,B
2021-07-01T14:23:52,100.0,23.85,B
2021-07-01T14:23:51,5000.0,23.85,B
2021-07-01T14:23:50,200.0,23.85,B
2021-07-01T14:23:27,5000.0,23.85,B
2021-07-01T14:23:26,600.0,23.85,B
2021-07-01T14:23:21,5000.0,23.85,B
2021-07-01T14:23:16,4000.0,23.85,B
2021-07-01T14:23:16,2100.0,23.85,B
2021-07-01T14:23:16,3900.0,23.85,B
2021-07-01T14:22:39,1000.0,23.8,S
2021-07-01T14:22:27,10000.0,23.85,B
2021-07-01T14:22:09,5000.0,23.85,B
2021-07-01T14:20:41,500.0,23.8,S
2021-07-01T14:20:16,500.0,23.8,S
2021-07-01T14:18:53,1000.0,23.85,B
2021-07-01T14:18:27,100.0,23.85,B
2021-07-01T14:18:25,4000.0,23.9,B
2021-07-01T14:18:08,300.0,23.85,S
2021-07-01T14:18:02,200.0,23.85,B
2021-07-01T14:17:48,800.0,23.85,S
2021-07-01T14:17:42,4200.0,23.85,B
2021-07-01T14:17:40,1000.0,23.85,B
2021-07-01T14:17:33,3000.0,23.85,B
2021-07-01T14:17:22,10000.0,23.85,B
2021-07-01T14:17:14,300.0,23.85,B
2021-07-01T14:17:11,100.0,23.85,B
2021-07-01T14:15:50,900.0,23.85,B
2021-07-01T14:15:06,500.0,23.85,B
2021-07-01T14:15:02,2800.0,23.85,B
2021-07-01T14:14:48,200.0,23.85,B
2021-07-01T14:14:17,1100.0,23.8,S
2021-07-01T14:14:17,600.0,23.8,S
2021-07-01T14:14:17,1200.0,23.8,S
2021-07-01T14:14:17,10700.0,23.8,S
2021-07-01T14:14:17,3500.0,23.8,S
2021-07-01T14:14:17,5000.0,23.8,S
2021-07-01T14:14:17,600.0,23.8,S
2021-07-01T14:14:17,52300.0,23.8,S
2021-07-01T14:14:06,200.0,23.85,B
2021-07-01T14:14:03,1000.0,23.8,S
2021-07-01T14:12:48,100.0,23.8,S
2021-07-01T14:12:11,3000.0,23.85,B
2021-07-01T14:10:33,100.0,23.85,B
2021-07-01T14:10:21,200.0,23.8,S
2021-07-01T14:10:20,17500.0,23.85,B
2021-07-01T14:09:24,1000.0,23.85,B
2021-07-01T14:09:19,100.0,23.8,S
2021-07-01T14:08:48,8300.0,23.8,S
2021-07-01T14:08:39,100.0,23.85,B
2021-07-01T14:08:06,200.0,23.85,B
2021-07-01T14:08:04,2400.0,23.85,B
2021-07-01T14:07:49,10000.0,23.8,S
2021-07-01T14:07:46,2000.0,23.85,B
2021-07-01T14:06:52,200.0,23.85,B
2021-07-01T14:06:30,100.0,23.85,B
2021-07-01T14:06:29,100.0,23.8,S
2021-07-01T14:06:18,5000.0,23.85,B
2021-07-01T14:06:04,1800.0,23.85,S
2021-07-01T14:05:45,23800.0,23.85,B
2021-07-01T14:05:40,1200.0,23.85,B
2021-07-01T14:04:59,10000.0,23.8,S
2021-07-01T14:04:45,5000.0,23.8,S
2021-07-01T14:04:26,5000.0,23.85,B
2021-07-01T14:03:57,3500.0,23.85,S
2021-07-01T14:03:55,300.0,23.85,S
2021-07-01T14:03:53,6200.0,23.85,S
2021-07-01T14:03:52,1000.0,23.9,B
2021-07-01T14:03:49,10000.0,23.85,B
2021-07-01T14:03:47,3800.0,23.85,B
2021-07-01T14:03:43,18500.0,23.85,B
2021-07-01T14:03:43,1500.0,23.85,B
2021-07-01T14:03:39,100.0,23.85,B
2021-07-01T14:03:02,10000.0,23.85,B
2021-07-01T14:02:57,1000.0,23.85,B
2021-07-01T14:02:44,19000.0,23.85,B
2021-07-01T14:02:44,800.0,23.85,B
2021-07-01T14:02:43,500.0,23.8,S
2021-07-01T14:02:24,1000.0,23.85,B
2021-07-01T14:02:11,4000.0,23.85,B
2021-07-01T14:01:56,8600.0,23.85,S
2021-07-01T14:01:52,4000.0,23.85,S
2021-07-01T14:01:51,10000.0,23.85,S
2021-07-01T14:01:41,1000.0,23.85,S
2021-07-01T14:01:39,2000.0,23.85,S
2021-07-01T14:01:27,9700.0,23.85,B
2021-07-01T14:01:24,1000.0,23.85,B
2021-07-01T14:01:22,9900.0,23.8,S
2021-07-01T14:01:16,9900.0,23.8,S
2021-07-01T14:01:05,700.0,23.85,B
2021-07-01T14:00:33,10000.0,23.8,S
2021-07-01T14:00:08,10000.0,23.8,B
2021-07-01T13:59:56,1600.0,23.8,B
2021-07-01T13:59:42,30000.0,23.8,B
2021-07-01T13:56:44,200.0,23.75,S
2021-07-01T13:56:19,3100.0,23.75,S
2021-07-01T13:56:12,100.0,23.75,S
2021-07-01T13:56:12,100.0,23.75,S
2021-07-01T13:56:09,100.0,23.75,S
2021-07-01T13:56:01,8600.0,23.75,S
2021-07-01T13:56:01,1200.0,23.75,S
2021-07-01T13:55:22,1000.0,23.75,S
2021-07-01T13:55:18,1000.0,23.75,S
2021-07-01T13:55:04,400.0,23.75,B
2021-07-01T13:55:02,700.0,23.75,B
2021-07-01T13:54:52,500.0,23.75,B
2021-07-01T13:54:43,200.0,23.75,S
2021-07-01T13:54:43,200.0,23.75,S
2021-07-01T13:54:33,8000.0,23.75,S
2021-07-01T13:54:32,100.0,23.75,S
2021-07-01T13:54:22,9100.0,23.75,S
2021-07-01T13:54:14,7700.0,23.75,S
2021-07-01T13:54:06,1000.0,23.75,S
2021-07-01T13:53:21,5000.0,23.75,S
2021-07-01T13:53:03,1000.0,23.75,S
2021-07-01T13:52:56,300.0,23.8,B
2021-07-01T13:52:36,1500.0,23.8,B
2021-07-01T13:52:26,5000.0,23.8,B
2021-07-01T13:51:51,24100.0,23.8,S
2021-07-01T13:51:45,10300.0,23.8,S
2021-07-01T13:51:40,2000.0,23.8,S
2021-07-01T13:51:36,2200.0,23.8,S
2021-07-01T13:51:36,300.0,23.8,S
2021-07-01T13:51:36,7500.0,23.8,S
2021-07-01T13:51:25,3600.0,23.8,S
2021-07-01T13:51:25,100.0,23.8,S
2021-07-01T13:51:25,500.0,23.8,S
2021-07-01T13:51:25,500.0,23.8,S
2021-07-01T13:51:25,800.0,23.8,S
2021-07-01T13:51:25,700.0,23.8,S
2021-07-01T13:51:25,600.0,23.8,S
2021-07-01T13:51:25,1000.0,23.8,S
2021-07-01T13:51:24,1000.0,23.8,S
2021-07-01T13:51:24,300.0,23.8,S
2021-07-01T13:51:24,5900.0,23.8,S
2021-07-01T13:50:58,600.0,23.85,S
2021-07-01T13:50:50,1700.0,23.85,S
2021-07-01T13:50:28,100.0,23.9,B
2021-07-01T13:50:13,4500.0,23.85,S
2021-07-01T13:50:13,100.0,23.85,S
2021-07-01T13:50:12,400.0,23.85,S
2021-07-01T13:50:09,1000.0,23.9,B
2021-07-01T13:50:03,100.0,23.9,B
2021-07-01T13:49:39,2100.0,23.9,S
2021-07-01T13:49:39,100.0,23.9,S
2021-07-01T13:48:56,1000.0,23.9,S
2021-07-01T13:48:46,900.0,23.9,S
2021-07-01T13:48:46,600.0,23.9,S
2021-07-01T13:48:31,1000.0,23.95,B
2021-07-01T13:47:55,1300.0,23.9,S
2021-07-01T13:47:48,6900.0,23.9,S
2021-07-01T13:47:37,1000.0,23.9,S
2021-07-01T13:47:22,200.0,23.9,S
2021-07-01T13:47:22,800.0,23.9,S
2021-07-01T13:46:46,100.0,23.95,B
2021-07-01T13:46:44,1800.0,23.9,S
2021-07-01T13:46:27,500.0,23.95,B
2021-07-01T13:46:03,2400.0,23.95,B
2021-07-01T13:45:52,200.0,23.95,B
2021-07-01T13:45:51,800.0,23.95,B
2021-07-01T13:45:40,3700.0,23.95,B
2021-07-01T13:45:30,5000.0,23.9,S
2021-07-01T13:45:22,8000.0,23.95,B
2021-07-01T13:45:13,1000.0,23.9,S
2021-07-01T13:45:05,1000.0,23.9,S
2021-07-01T13:44:26,700.0,23.9,S
2021-07-01T13:44:26,200.0,23.9,S
2021-07-01T13:44:19,3000.0,23.95,B
2021-07-01T13:44:07,100.0,23.9,S
2021-07-01T13:44:07,1200.0,23.9,S
2021-07-01T13:44:06,1000.0,23.95,B
2021-07-01T13:44:03,100.0,23.9,S
2021-07-01T13:43:16,500.0,23.9,S
2021-07-01T13:42:55,200.0,23.9,S
2021-07-01T13:42:22,1000.0,23.9,S
2021-07-01T13:42:22,1000.0,23.95,B
2021-07-01T13:39:53,1000.0,23.95,B
2021-07-01T13:39:34,2000.0,23.9,S
2021-07-01T13:39:26,200.0,23.95,B
2021-07-01T13:39:14,4900.0,23.95,B
2021-07-01T13:39:10,1000.0,23.95,B
2021-07-01T13:38:42,3100.0,23.95,S
2021-07-01T13:38:42,200.0,23.95,S
2021-07-01T13:38:25,100.0,24.0,B
2021-07-01T13:38:19,200.0,24.0,B
2021-07-01T13:38:03,10400.0,24.0,S
2021-07-01T13:38:01,1000.0,24.0,S
2021-07-01T13:38:01,3200.0,24.0,S
2021-07-01T13:38:01,1000.0,24.0,S
2021-07-01T13:38:01,4900.0,24.0,S
2021-07-01T13:37:53,9900.0,24.0,S
2021-07-01T13:37:51,9900.0,24.0,S
2021-07-01T13:37:47,100.0,24.0,S
2021-07-01T13:37:47,400.0,24.0,S
2021-07-01T13:37:47,9900.0,24.0,S
2021-07-01T13:37:38,3000.0,24.05,B
2021-07-01T13:37:33,30200.0,24.0,S
2021-07-01T13:37:33,2200.0,24.0,S
2021-07-01T13:37:33,2200.0,24.0,S
2021-07-01T13:37:33,15400.0,24.0,S
2021-07-01T13:37:31,100.0,24.0,S
2021-07-01T13:37:31,2600.0,24.0,S
2021-07-01T13:37:09,1200.0,24.0,S
2021-07-01T13:37:09,1900.0,24.0,S
2021-07-01T13:37:09,200.0,24.0,S
2021-07-01T13:36:28,500.0,24.0,S
2021-07-01T13:35:46,300.0,24.0,S
2021-07-01T13:35:44,1800.0,24.0,S
2021-07-01T13:35:43,200.0,24.05,B
2021-07-01T13:35:07,2000.0,24.0,S
2021-07-01T13:34:29,200.0,24.05,B
2021-07-01T13:34:23,500.0,24.0,S
2021-07-01T13:33:54,300.0,24.05,B
2021-07-01T13:33:45,200.0,24.0,S
2021-07-01T13:33:45,4800.0,24.0,S
2021-07-01T13:33:33,3000.0,24.05,B
2021-07-01T13:33:31,3000.0,24.05,B
2021-07-01T13:33:31,24000.0,24.05,B
2021-07-01T13:33:31,200.0,24.0,S
2021-07-01T13:33:20,100.0,24.05,B
2021-07-01T13:33:12,1000.0,24.05,B
2021-07-01T13:32:28,2100.0,24.05,B
2021-07-01T13:32:13,200.0,24.05,B
2021-07-01T13:31:59,100.0,24.05,B
2021-07-01T13:31:54,2200.0,24.05,S
2021-07-01T13:31:43,2700.0,24.05,S
2021-07-01T13:31:27,5000.0,24.05,S
2021-07-01T13:31:18,1000.0,24.05,S
2021-07-01T13:31:14,1000.0,24.05,S
2021-07-01T13:31:10,100.0,24.15,B
2021-07-01T13:30:41,1000.0,24.05,S
2021-07-01T13:30:32,2000.0,24.15,B
2021-07-01T13:30:10,600.0,24.05,S
2021-07-01T13:30:10,400.0,24.05,S
2021-07-01T13:29:55,3100.0,24.1,S
2021-07-01T13:29:54,300.0,24.1,S
2021-07-01T13:29:54,2600.0,24.1,S
2021-07-01T13:29:31,600.0,24.1,S
2021-07-01T13:29:31,1000.0,24.1,S
2021-07-01T13:29:31,1300.0,24.1,S
2021-07-01T13:29:31,200.0,24.1,S
2021-07-01T13:29:31,1900.0,24.1,S
2021-07-01T13:28:58,1300.0,24.15,B
2021-07-01T13:28:34,200.0,24.15,B
2021-07-01T13:28:06,1200.0,24.15,S
2021-07-01T13:28:06,4900.0,24.15,S
2021-07-01T13:28:06,500.0,24.15,S
2021-07-01T13:28:06,500.0,24.15,S
2021-07-01T13:28:06,14700.0,24.15,S
2021-07-01T13:27:52,800.0,24.15,S
2021-07-01T13:27:26,500.0,24.2,B
2021-07-01T13:27:15,100.0,24.2,B
2021-07-01T13:27:00,200.0,24.2,B
2021-07-01T13:26:09,1400.0,24.2,B
2021-07-01T13:25:02,4000.0,24.2,B
2021-07-01T13:24:46,100.0,24.2,S
2021-07-01T13:24:37,1000.0,24.2,S
2021-07-01T13:24:20,1000.0,24.2,S
2021-07-01T13:24:01,500.0,24.2,S
2021-07-01T13:23:26,500.0,24.25,B
2021-07-01T13:22:57,100.0,24.2,S
2021-07-01T13:22:45,500.0,24.25,B
2021-07-01T13:22:35,1000.0,24.2,S
2021-07-01T13:22:29,500.0,24.2,S
2021-07-01T13:22:19,4000.0,24.2,S
2021-07-01T13:22:13,200.0,24.2,B
2021-07-01T13:22:10,400.0,24.2,B
2021-07-01T13:22:09,11600.0,24.2,B
2021-07-01T13:21:59,400.0,24.15,S
2021-07-01T13:21:42,100.0,24.2,B
2021-07-01T13:20:51,2000.0,24.2,B
2021-07-01T13:20:13,100.0,24.2,B
2021-07-01T13:19:51,300.0,24.2,S
2021-07-01T13:19:51,100.0,24.2,S
2021-07-01T13:19:51,1400.0,24.2,S
2021-07-01T13:19:33,2000.0,24.2,S
2021-07-01T13:19:31,100.0,24.25,B
2021-07-01T13:19:26,300.0,24.25,B
2021-07-01T13:19:22,1000.0,24.2,S
2021-07-01T13:19:09,900.0,24.25,B
2021-07-01T13:18:48,5000.0,24.2,S
2021-07-01T13:18:42,1500.0,24.2,S
2021-07-01T13:17:51,500.0,24.2,B
2021-07-01T13:17:51,23300.0,24.2,B
2021-07-01T13:15:45,10000.0,24.15,S
2021-07-01T13:15:16,2000.0,24.15,S
2021-07-01T13:13:44,100.0,24.15,B
2021-07-01T13:13:28,10300.0,24.15,B
2021-07-01T13:13:15,100.0,24.1,S
2021-07-01T13:13:13,10000.0,24.15,B
2021-07-01T13:11:49,2600.0,24.15,S
2021-07-01T13:11:48,1700.0,24.15,S
2021-07-01T13:11:06,4900.0,24.2,S
2021-07-01T13:10:32,20000.0,24.2,S
2021-07-01T13:10:26,100.0,24.25,B
2021-07-01T13:09:13,300.0,24.25,B
2021-07-01T13:08:00,5000.0,24.2,S
2021-07-01T13:06:49,100.0,24.2,S
2021-07-01T13:06:41,5000.0,24.2,S
2021-07-01T13:05:33,5000.0,24.2,S
2021-07-01T13:04:58,1300.0,24.2,B
2021-07-01T13:04:04,5000.0,24.2,B
2021-07-01T13:01:58,1000.0,24.2,S
2021-07-01T13:00:25,300.0,24.3,B
2021-07-01T13:00:19,100.0,24.25,S
2021-07-01T13:00:19,100.0,24.15,S
2021-07-01T13:00:13,300.0,24.1,S
2021-07-01T13:00:13,500.0,24.1,S
2021-07-01T13:00:13,14200.0,24.1,S
2021-07-01T11:29:16,800.0,24.15,S
2021-07-01T11:28:48,400.0,24.3,B
2021-07-01T11:28:05,1300.0,24.15,S
2021-07-01T11:28:05,5200.0,24.2,S
2021-07-01T11:27:43,400.0,24.25,B
2021-07-01T11:26:52,1800.0,24.2,B
2021-07-01T11:26:24,1200.0,24.2,S
2021-07-01T11:26:24,300.0,24.2,S
2021-07-01T11:26:24,5700.0,24.2,S
2021-07-01T11:26:08,400.0,24.2,S
2021-07-01T11:26:06,10000.0,24.2,S
2021-07-01T11:26:02,20000.0,24.2,S
2021-07-01T11:25:51,100.0,24.25,B
2021-07-01T11:25:42,1000.0,24.2,S
2021-07-01T11:25:38,10000.0,24.2,S
2021-07-01T11:25:17,100.0,24.2,S
2021-07-01T11:25:05,15000.0,24.2,S
2021-07-01T11:24:57,20000.0,24.2,S
2021-07-01T11:24:35,200.0,24.25,B
2021-07-01T11:23:48,2800.0,24.25,S
2021-07-01T11:22:43,200.0,24.25,S
2021-07-01T11:22:17,7000.0,24.25,B
2021-07-01T11:22:11,900.0,24.25,B
2021-07-01T11:22:02,2100.0,24.25,S
2021-07-01T11:22:00,500.0,24.25,S
2021-07-01T11:21:57,300.0,24.25,S
2021-07-01T11:21:42,1700.0,24.25,S
2021-07-01T11:21:34,26700.0,24.25,S
2021-07-01T11:16:50,200.0,24.25,S
2021-07-01T11:16:46,8000.0,24.3,B
2021-07-01T11:15:13,100.0,24.25,S
2021-07-01T11:14:49,1000.0,24.25,S
2021-07-01T11:13:46,600.0,24.25,S
2021-07-01T11:13:41,400.0,24.25,S
2021-07-01T11:13:00,300.0,24.25,S
2021-07-01T11:12:51,400.0,24.3,B
2021-07-01T11:12:33,100.0,24.25,S
2021-07-01T11:11:43,1000.0,24.25,S
2021-07-01T11:10:52,500.0,24.25,S
2021-07-01T11:10:30,100.0,24.3,B
2021-07-01T11:09:57,100.0,24.3,B
2021-07-01T11:09:53,8000.0,24.25,S
2021-07-01T11:09:32,1300.0,24.25,S
2021-07-01T11:08:19,5900.0,24.25,B
2021-07-01T11:07:43,1500.0,24.25,B
2021-07-01T11:07:40,1000.0,24.25,B
2021-07-01T11:07:20,1600.0,24.25,B
2021-07-01T11:07:17,1400.0,24.25,B
2021-07-01T11:07:07,2000.0,24.25,B
2021-07-01T11:06:27,5000.0,24.25,B
2021-07-01T11:05:55,10000.0,24.2,S
2021-07-01T11:05:53,1000.0,24.2,S
2021-07-01T11:05:50,4000.0,24.25,B
2021-07-01T11:05:50,4000.0,24.25,B
2021-07-01T11:05:07,10000.0,24.25,B
2021-07-01T11:04:35,2000.0,24.2,S
2021-07-01T11:04:35,8000.0,24.2,S
2021-07-01T11:04:11,700.0,24.2,S
2021-07-01T11:04:05,100.0,24.2,S
2021-07-01T11:04:01,300.0,24.2,S
2021-07-01T11:03:57,100.0,24.2,S
2021-07-01T11:03:31,1000.0,24.2,S
2021-07-01T11:02:43,200.0,24.2,S
2021-07-01T11:01:26,19700.0,24.2,B
2021-07-01T11:00:09,100.0,24.15,S
2021-07-01T10:59:34,1000.0,24.15,S
2021-07-01T10:58:56,100.0,24.2,B
2021-07-01T10:58:20,7200.0,24.2,S
2021-07-01T10:58:08,2100.0,24.25,B
2021-07-01T10:56:44,4200.0,24.2,S
2021-07-01T10:55:21,100.0,24.2,S
2021-07-01T10:55:18,9500.0,24.2,B
2021-07-01T10:54:48,9500.0,24.2,B
2021-07-01T10:53:43,5000.0,24.2,B
2021-07-01T10:52:51,100.0,24.1,S
2021-07-01T10:52:09,10000.0,24.15,B
2021-07-01T10:51:47,1000.0,24.15,B
2021-07-01T10:51:04,1300.0,24.1,S
2021-07-01T10:49:34,2800.0,24.1,S
2021-07-01T10:48:55,1000.0,24.1,S
2021-07-01T10:47:43,2300.0,24.1,B
2021-07-01T10:47:36,6000.0,24.1,B
2021-07-01T10:47:30,100.0,24.1,B
2021-07-01T10:47:26,100.0,24.1,B
2021-07-01T10:46:58,7400.0,24.1,B
2021-07-01T10:46:07,600.0,24.1,B
2021-07-01T10:46:00,1900.0,24.05,S
2021-07-01T10:45:28,2500.0,24.1,B
2021-07-01T10:45:10,1000.0,24.1,S
2021-07-01T10:45:10,1200.0,24.1,S
2021-07-01T10:45:10,1600.0,24.1,S
2021-07-01T10:44:41,500.0,24.1,S
2021-07-01T10:44:41,5000.0,24.1,S
2021-07-01T10:44:41,3500.0,24.1,S
2021-07-01T10:44:28,100.0,24.1,S
2021-07-01T10:44:25,8300.0,24.1,S
2021-07-01T10:44:17,700.0,24.1,S
2021-07-01T10:44:04,500.0,24.1,S
2021-07-01T10:42:59,5000.0,24.1,S
2021-07-01T10:42:27,500.0,24.1,S
2021-07-01T10:40:58,500.0,24.15,B
2021-07-01T10:40:57,100.0,24.1,S
2021-07-01T10:40:49,300.0,24.15,B
2021-07-01T10:40:31,1500.0,24.15,B
2021-07-01T10:40:06,700.0,24.15,S
2021-07-01T10:40:06,5100.0,24.15,S
2021-07-01T10:39:08,100.0,24.15,S
2021-07-01T10:38:43,100.0,24.15,S
2021-07-01T10:37:46,1000.0,24.15,S
2021-07-01T10:37:38,2300.0,24.2,S
2021-07-01T10:37:37,15200.0,24.2,S
2021-07-01T10:37:29,7800.0,24.2,S
2021-07-01T10:37:21,16100.0,24.2,S
2021-07-01T10:37:13,700.0,24.2,S
2021-07-01T10:37:00,10000.0,24.2,S
2021-07-01T10:36:58,800.0,24.2,S
2021-07-01T10:36:19,10000.0,24.2,S
2021-07-01T10:36:01,10000.0,24.2,S
2021-07-01T10:35:38,10000.0,24.2,S
2021-07-01T10:35:16,2000.0,24.2,S
2021-07-01T10:34:51,200.0,24.2,S
2021-07-01T10:34:21,300.0,24.3,B
2021-07-01T10:34:16,100.0,24.2,S
2021-07-01T10:34:03,7800.0,24.3,B
2021-07-01T10:32:55,3000.0,24.2,S
2021-07-01T10:32:53,10000.0,24.2,S
2021-07-01T10:32:03,300.0,24.2,S
2021-07-01T10:31:50,3000.0,24.3,B
2021-07-01T10:31:04,5600.0,24.3,B
2021-07-01T10:31:01,8800.0,24.2,S
2021-07-01T10:31:01,300.0,24.25,S
2021-07-01T10:31:01,3100.0,24.25,S
2021-07-01T10:31:01,8800.0,24.25,S
2021-07-01T10:30:44,22000.0,24.3,B
2021-07-01T10:30:37,5000.0,24.25,S
2021-07-01T10:30:31,3000.0,24.3,B
2021-07-01T10:29:06,100.0,24.25,B
2021-07-01T10:28:52,100.0,24.25,B
2021-07-01T10:28:50,4300.0,24.25,B
2021-07-01T10:28:45,10000.0,24.25,B
2021-07-01T10:28:38,9000.0,24.25,B
2021-07-01T10:28:32,600.0,24.25,B
2021-07-01T10:28:11,100.0,24.25,B
2021-07-01T10:28:09,200.0,24.2,S
2021-07-01T10:28:05,1000.0,24.2,S
2021-07-01T10:27:48,800.0,24.2,S
2021-07-01T10:27:48,6700.0,24.2,S
2021-07-01T10:27:48,7500.0,24.2,S
2021-07-01T10:27:42,100.0,24.25,B
2021-07-01T10:26:35,500.0,24.2,S
2021-07-01T10:26:31,100.0,24.2,S
2021-07-01T10:26:05,200.0,24.2,B
2021-07-01T10:25:51,1000.0,24.2,B
2021-07-01T10:25:33,2000.0,24.2,B
2021-07-01T10:25:11,500.0,24.2,B
2021-07-01T10:25:09,100.0,24.2,B
2021-07-01T10:25:02,10000.0,24.2,B
2021-07-01T10:24:45,2000.0,24.2,B
2021-07-01T10:24:42,400.0,24.2,B
2021-07-01T10:24:42,4800.0,24.2,B
2021-07-01T10:24:42,300.0,24.2,B
2021-07-01T10:24:32,10000.0,24.15,S
2021-07-01T10:24:24,100.0,24.2,B
2021-07-01T10:24:21,6000.0,24.2,B
2021-07-01T10:24:18,2800.0,24.2,B
2021-07-01T10:24:12,1900.0,24.2,B
2021-07-01T10:24:12,5300.0,24.2,B
2021-07-01T10:24:12,1900.0,24.2,B
2021-07-01T10:23:57,1000.0,24.2,B
2021-07-01T10:23:57,4000.0,24.15,S
2021-07-01T10:23:57,1000.0,24.15,S
2021-07-01T10:23:42,2000.0,24.2,B
2021-07-01T10:23:36,100.0,24.15,S
2021-07-01T10:23:16,200.0,24.15,S
2021-07-01T10:22:56,100.0,24.15,B
2021-07-01T10:22:51,10000.0,24.15,B
2021-07-01T10:22:40,500.0,24.15,B
2021-07-01T10:22:18,1300.0,24.1,S
2021-07-01T10:21:52,10000.0,24.1,S
2021-07-01T10:21:48,500.0,24.1,S
2021-07-01T10:21:35,1000.0,24.1,B
2021-07-01T10:21:33,1200.0,24.15,B
2021-07-01T10:21:12,1000.0,24.1,B
2021-07-01T10:21:11,1000.0,24.1,B
2021-07-01T10:21:03,10000.0,24.1,B
2021-07-01T10:20:59,1400.0,24.1,B
2021-07-01T10:20:44,2300.0,24.1,B
2021-07-01T10:20:40,500.0,24.1,B
2021-07-01T10:20:38,1000.0,24.1,B
2021-07-01T10:20:38,8500.0,24.1,B
2021-07-01T10:20:32,2000.0,24.1,B
2021-07-01T10:20:27,200.0,24.1,B
2021-07-01T10:20:20,1000.0,24.1,B
2021-07-01T10:20:05,7700.0,24.1,B
2021-07-01T10:20:04,100.0,24.05,S
2021-07-01T10:19:56,6500.0,24.1,B
2021-07-01T10:19:56,7500.0,24.1,B
2021-07-01T10:19:52,2500.0,24.1,B
2021-07-01T10:19:29,200.0,24.05,B
2021-07-01T10:19:28,1000.0,24.05,B
2021-07-01T10:19:26,1700.0,24.05,B
2021-07-01T10:19:26,1200.0,24.05,B
2021-07-01T10:19:26,5000.0,24.05,B
2021-07-01T10:19:24,2100.0,24.05,B
2021-07-01T10:19:16,200.0,24.05,B
2021-07-01T10:18:42,500.0,24.05,B
2021-07-01T10:18:42,200.0,24.05,B
2021-07-01T10:18:31,2000.0,24.05,B
2021-07-01T10:18:11,5000.0,24.05,B
2021-07-01T10:18:07,1000.0,24.05,B
2021-07-01T10:18:01,500.0,24.0,S
2021-07-01T10:17:51,8000.0,24.05,B
2021-07-01T10:17:49,100.0,24.05,B
2021-07-01T10:17:48,1000.0,24.05,B
2021-07-01T10:17:33,1200.0,24.05,B
2021-07-01T10:17:31,100.0,24.05,B
2021-07-01T10:17:23,600.0,24.05,B
2021-07-01T10:12:20,500.0,24.05,S
2021-07-01T10:12:14,49000.0,24.05,S
2021-07-01T10:12:12,1700.0,24.05,S
2021-07-01T10:11:52,1000.0,24.05,S
2021-07-01T10:11:15,10000.0,24.05,S
2021-07-01T10:11:02,100.0,24.05,S
2021-07-01T10:10:53,2500.0,24.1,B
2021-07-01T10:10:50,900.0,24.05,S
2021-07-01T10:10:46,100.0,24.1,B
2021-07-01T10:10:30,2000.0,24.05,S
2021-07-01T10:10:28,400.0,24.05,S
2021-07-01T10:10:18,3000.0,24.1,B
2021-07-01T10:10:12,100.0,24.1,B
2021-07-01T10:09:26,20000.0,24.05,S
2021-07-01T10:08:53,100.0,24.05,S
2021-07-01T10:08:40,800.0,24.1,B
2021-07-01T10:08:20,300.0,24.1,B
2021-07-01T10:08:05,100.0,24.1,B
2021-07-01T10:07:40,5000.0,24.05,S
2021-07-01T10:07:38,800.0,24.1,S
2021-07-01T10:07:38,200.0,24.1,S
2021-07-01T10:07:36,700.0,24.1,S
2021-07-01T10:07:36,4500.0,24.1,S
2021-07-01T10:07:36,4300.0,24.1,S
2021-07-01T10:07:34,500.0,24.1,S
2021-07-01T10:07:14,600.0,24.1,S
2021-07-01T10:06:59,1600.0,24.1,S
2021-07-01T10:06:28,4000.0,24.1,S
2021-07-01T10:06:25,1000.0,24.1,S
2021-07-01T10:06:18,200.0,24.1,S
2021-07-01T10:06:18,200.0,24.1,S
2021-07-01T10:06:09,200.0,24.1,S
2021-07-01T10:06:02,1000.0,24.1,S
2021-07-01T10:05:53,10000.0,24.1,S
2021-07-01T10:05:52,3000.0,24.1,S
2021-07-01T10:05:50,100.0,24.15,B
2021-07-01T10:05:34,500.0,24.1,S
2021-07-01T10:04:57,100.0,24.1,S
2021-07-01T10:04:56,1000.0,24.1,S
2021-07-01T10:04:52,2000.0,24.1,S
2021-07-01T10:04:44,100.0,24.1,S
2021-07-01T10:04:11,500.0,24.1,S
2021-07-01T10:03:56,100.0,24.15,B
2021-07-01T10:03:55,1800.0,24.15,B
2021-07-01T10:03:52,100.0,24.15,B
2021-07-01T10:03:39,200.0,24.15,B
2021-07-01T10:03:19,100.0,24.15,B
2021-07-01T10:02:38,8700.0,24.15,B
2021-07-01T10:02:35,20000.0,24.05,S
2021-07-01T10:02:27,2300.0,24.15,B
2021-07-01T10:02:18,7500.0,24.1,S
2021-07-01T10:02:18,2200.0,24.1,S
2021-07-01T10:02:16,10300.0,24.1,S
2021-07-01T10:02:12,800.0,24.1,S
2021-07-01T10:01:45,1000.0,24.1,S
2021-07-01T10:01:28,600.0,24.1,S
2021-07-01T10:00:52,14400.0,24.1,S
2021-07-01T10:00:49,1000.0,24.2,B
2021-07-01T10:00:15,4100.0,24.15,S
2021-07-01T10:00:15,100.0,24.15,S
2021-07-01T10:00:03,800.0,24.2,S
2021-07-01T09:59:29,4600.0,24.2,S
2021-07-01T09:59:29,3900.0,24.2,S
2021-07-01T09:59:04,13200.0,24.25,S
2021-07-01T09:58:55,100.0,24.3,S
2021-07-01T09:58:40,1400.0,24.3,S
2021-07-01T09:58:07,600.0,24.3,S
2021-07-01T09:58:07,100.0,24.3,S
2021-07-01T09:58:07,800.0,24.3,S
2021-07-01T09:58:04,1000.0,24.3,S
2021-07-01T09:57:59,1000.0,24.3,S
2021-07-01T09:57:36,200.0,24.3,S
2021-07-01T09:57:26,500.0,24.3,S
2021-07-01T09:57:02,500.0,24.3,S
2021-07-01T09:57:00,5000.0,24.3,S
2021-07-01T09:56:52,2000.0,24.35,B
2021-07-01T09:56:47,4200.0,24.3,S
2021-07-01T09:56:29,100.0,24.3,S
2021-07-01T09:56:17,500.0,24.3,S
2021-07-01T09:56:06,200.0,24.35,B
2021-07-01T09:55:26,100.0,24.35,B
2021-07-01T09:55:17,20000.0,24.4,B
2021-07-01T09:54:55,20000.0,24.35,S
2021-07-01T09:54:45,100.0,24.35,S
2021-07-01T09:54:38,5000.0,24.35,S
2021-07-01T09:54:38,600.0,24.35,S
2021-07-01T09:54:38,5000.0,24.35,S
2021-07-01T09:54:38,4400.0,24.35,S
2021-07-01T09:54:28,10000.0,24.35,S
2021-07-01T09:54:27,10000.0,24.35,S
2021-07-01T09:54:23,1000.0,24.4,B
2021-07-01T09:53:59,1000.0,24.35,S
2021-07-01T09:53:45,400.0,24.4,B
2021-07-01T09:53:07,20000.0,24.35,S
2021-07-01T09:53:01,5000.0,24.4,B
2021-07-01T09:52:59,1000.0,24.35,S
2021-07-01T09:52:57,7000.0,24.35,S
2021-07-01T09:52:49,200.0,24.4,B
2021-07-01T09:52:44,1500.0,24.35,S
2021-07-01T09:52:10,1000.0,24.4,B
2021-07-01T09:51:22,100.0,24.35,S
2021-07-01T09:51:22,9800.0,24.35,S
2021-07-01T09:51:03,100.0,24.4,B
2021-07-01T09:50:59,200.0,24.4,B
2021-07-01T09:50:59,100.0,24.4,B
2021-07-01T09:50:59,500.0,24.4,B
2021-07-01T09:50:21,500.0,24.35,S
2021-07-01T09:49:55,100.0,24.35,S
2021-07-01T09:49:42,1000.0,24.35,S
2021-07-01T09:49:26,500.0,24.35,B
2021-07-01T09:49:20,10000.0,24.35,B
2021-07-01T09:49:19,100.0,24.35,B
2021-07-01T09:49:17,2400.0,24.35,B
2021-07-01T09:49:17,31400.0,24.35,B
2021-07-01T09:49:01,500.0,24.3,S
2021-07-01T09:48:57,1000.0,24.35,B
2021-07-01T09:48:45,23000.0,24.3,S
2021-07-01T09:48:45,25500.0,24.3,S
2021-07-01T09:48:45,400.0,24.3,S
2021-07-01T09:48:45,1100.0,24.3,S
2021-07-01T09:48:43,200.0,24.35,B
2021-07-01T09:48:09,100.0,24.35,B
2021-07-01T09:47:54,400.0,24.35,B
2021-07-01T09:47:34,9500.0,24.35,S
2021-07-01T09:47:32,5000.0,24.35,S
2021-07-01T09:47:32,14400.0,24.35,S
2021-07-01T09:47:26,100.0,24.35,S
2021-07-01T09:47:20,500.0,24.4,B
2021-07-01T09:47:19,1000.0,24.4,B
2021-07-01T09:47:12,1000.0,24.35,S
2021-07-01T09:46:46,200.0,24.35,S
2021-07-01T09:46:44,200.0,24.4,B
2021-07-01T09:46:44,300.0,24.35,S
2021-07-01T09:46:43,1400.0,24.4,B
2021-07-01T09:46:16,1000.0,24.35,S
2021-07-01T09:46:03,1000.0,24.4,B
2021-07-01T09:45:52,100.0,24.4,B
2021-07-01T09:45:31,4700.0,24.4,B
2021-07-01T09:44:48,200.0,24.4,B
2021-07-01T09:44:46,100.0,24.35,S
2021-07-01T09:44:45,100.0,24.4,B
2021-07-01T09:44:29,200.0,24.4,B
2021-07-01T09:44:23,200.0,24.35,B
2021-07-01T09:44:19,800.0,24.35,B
2021-07-01T09:44:07,1300.0,24.35,B
2021-07-01T09:44:07,4000.0,24.35,B
2021-07-01T09:44:06,100.0,24.35,B
2021-07-01T09:43:59,200.0,24.3,S
2021-07-01T09:43:38,800.0,24.35,B
2021-07-01T09:43:38,4200.0,24.35,B
2021-07-01T09:43:33,500.0,24.3,S
2021-07-01T09:43:32,500.0,24.3,S
2021-07-01T09:42:59,1000.0,24.3,S
2021-07-01T09:40:52,4100.0,24.3,B
2021-07-01T09:40:51,100.0,24.3,B
2021-07-01T09:40:42,100.0,24.3,B
2021-07-01T09:40:18,500.0,24.3,B
2021-07-01T09:39:29,700.0,24.3,B
2021-07-01T09:39:28,3600.0,24.3,B
2021-07-01T09:39:28,5600.0,24.3,B
2021-07-01T09:39:28,100.0,24.3,B
2021-07-01T09:39:27,900.0,24.3,B
2021-07-01T09:39:27,1000.0,24.3,B
2021-07-01T09:39:27,8100.0,24.3,B
2021-07-01T09:39:20,1200.0,24.3,B
2021-07-01T09:38:37,400.0,24.3,B
2021-07-01T09:38:34,2000.0,24.3,B
2021-07-01T09:38:28,900.0,24.25,S
2021-07-01T09:38:27,4100.0,24.25,S
2021-07-01T09:38:11,2000.0,24.25,S
2021-07-01T09:38:04,1000.0,24.3,B
2021-07-01T09:37:48,12500.0,24.25,S
2021-07-01T09:37:40,500.0,24.3,B
2021-07-01T09:36:58,600.0,24.25,S
2021-07-01T09:36:58,1000.0,24.25,S
2021-07-01T09:36:50,500.0,24.3,B
2021-07-01T09:36:30,200.0,24.25,S
2021-07-01T09:36:20,5000.0,24.3,B
2021-07-01T09:36:08,5000.0,24.25,S
2021-07-01T09:36:06,200.0,24.3,B
2021-07-01T09:36:01,200.0,24.3,B
2021-07-01T09:35:26,1000.0,24.3,B
2021-07-01T09:35:23,3000.0,24.25,S
2021-07-01T09:35:13,100.0,24.25,S
2021-07-01T09:35:08,500.0,24.25,S
2021-07-01T09:34:47,2900.0,24.25,S
2021-07-01T09:34:42,200.0,24.25,S
2021-07-01T09:34:40,1800.0,24.25,S
2021-07-01T09:33:58,1000.0,24.3,B
2021-07-01T09:33:53,200.0,24.3,B
2021-07-01T09:33:53,1100.0,24.2,S
2021-07-01T09:33:53,200.0,24.2,S
2021-07-01T09:33:53,400.0,24.25,S
2021-07-01T09:33:33,200.0,24.3,B
2021-07-01T09:33:22,400.0,24.3,B
2021-07-01T09:33:15,4000.0,24.3,B
2021-07-01T09:33:12,1200.0,24.3,B
2021-07-01T09:32:55,1000.0,24.3,S
2021-07-01T09:32:51,500.0,24.3,S
2021-07-01T09:32:50,1200.0,24.3,S
2021-07-01T09:32:50,300.0,24.3,S
2021-07-01T09:32:50,17000.0,24.3,S
2021-07-01T09:32:43,500.0,24.35,B
2021-07-01T09:32:23,200.0,24.35,S
2021-07-01T09:32:06,300.0,24.35,S
2021-07-01T09:31:53,100.0,24.35,S
2021-07-01T09:31:42,100.0,24.35,S
2021-07-01T09:31:39,200.0,24.35,S
2021-07-01T09:31:39,1800.0,24.35,S
2021-07-01T09:31:20,500.0,24.35,S
2021-07-01T09:31:08,400.0,24.35,S
2021-07-01T09:31:08,1500.0,24.35,S
2021-07-01T09:30:52,300.0,24.35,S
2021-07-01T09:30:44,100.0,24.35,S
2021-07-01T09:30:33,7700.0,24.35,B
2021-07-01T09:30:23,800.0,24.35,B
2021-07-01T09:30:07,100.0,24.35,B
2021-07-01T09:30:07,400.0,24.35,B
2021-07-01T09:30:06,100.0,24.35,B
2021-07-01T09:29:43,500.0,24.3,S
2021-07-01T09:29:42,100.0,24.3,S
2021-07-01T09:29:40,6900.0,24.3,S
2021-07-01T09:29:35,2500.0,24.3,S
2021-07-01T09:29:30,200.0,24.3,S
2021-07-01T09:29:20,1000.0,24.3,S
2021-07-01T09:29:00,100.0,24.3,S
2021-07-01T09:28:43,10000.0,24.4,B
2021-07-01T09:28:23,500.0,24.4,B
2021-07-01T09:28:15,300.0,24.4,B
2021-07-01T09:28:05,1500.0,24.3,S
2021-07-01T09:27:44,600.0,24.4,B
2021-07-01T09:27:43,1400.0,24.4,B
2021-07-01T09:27:33,100.0,24.3,S
2021-07-01T09:27:10,5000.0,24.4,B
2021-07-01T09:27:09,5100.0,24.3,S
2021-07-01T09:27:02,800.0,24.3,S
2021-07-01T09:27:01,300.0,24.4,B
2021-07-01T09:27:00,2200.0,24.4,B
2021-07-01T09:26:48,200.0,24.4,B
2021-07-01T09:26:36,200.0,24.3,S
2021-07-01T09:26:34,2000.0,24.3,S
2021-07-01T09:26:20,1100.0,24.4,B
2021-07-01T09:26:12,2000.0,24.3,S
2021-07-01T09:26:11,2200.0,24.4,B
2021-07-01T09:26:05,4900.0,24.3,S
2021-07-01T09:26:00,300.0,24.3,S
2021-07-01T09:25:57,1900.0,24.3,S
2021-07-01T09:25:47,100.0,24.3,S
2021-07-01T09:25:36,100.0,24.4,S
2021-07-01T09:25:16,200.0,24.3,S
2021-07-01T09:25:12,1500.0,24.4,S
2021-07-01T09:25:01,200.0,24.4,S
2021-07-01T09:24:46,100.0,24.45,S
2021-07-01T09:24:38,500.0,24.4,S
2021-07-01T09:24:38,1800.0,24.4,S
2021-07-01T09:24:02,1000.0,24.45,S
2021-07-01T09:24:00,3600.0,24.45,S
2021-07-01T09:23:52,5000.0,24.45,S
2021-07-01T09:23:47,800.0,24.5,B
2021-07-01T09:23:38,5000.0,24.5,S
2021-07-01T09:23:33,2800.0,24.5,S
2021-07-01T09:23:33,500.0,24.45,S
2021-07-01T09:23:25,3500.0,24.5,S
2021-07-01T09:23:25,17000.0,24.5,S
2021-07-01T09:23:22,3000.0,24.5,S
2021-07-01T09:23:19,1000.0,24.5,S
2021-07-01T09:23:13,10000.0,24.5,S
2021-07-01T09:23:10,100.0,24.5,S
2021-07-01T09:23:06,100.0,24.5,S
2021-07-01T09:23:04,200.0,24.5,S
2021-07-01T09:22:53,9000.0,24.5,S
2021-07-01T09:22:52,100.0,24.5,S
2021-07-01T09:22:50,1600.0,24.5,S
2021-07-01T09:22:49,500.0,24.5,S
2021-07-01T09:22:47,500.0,24.5,S
2021-07-01T09:22:43,500.0,24.5,S
2021-07-01T09:22:40,1000.0,24.5,S
2021-07-01T09:22:39,500.0,24.5,S
2021-07-01T09:22:23,1000.0,24.5,S
2021-07-01T09:22:15,10000.0,24.5,S
2021-07-01T09:22:12,1000.0,24.5,S
2021-07-01T09:22:10,2000.0,24.55,B
2021-07-01T09:22:04,1000.0,24.5,S
2021-07-01T09:22:02,1000.0,24.5,S
2021-07-01T09:22:00,1000.0,24.5,S
2021-07-01T09:21:52,5000.0,24.5,S
2021-07-01T09:21:49,1200.0,24.5,S
2021-07-01T09:21:44,1000.0,24.5,S
2021-07-01T09:21:28,300.0,24.5,B
2021-07-01T09:21:27,2300.0,24.5,B
2021-07-01T09:21:23,1000.0,24.5,B
2021-07-01T09:21:10,5000.0,24.5,B
2021-07-01T09:21:04,1000.0,24.5,B
2021-07-01T09:21:03,200.0,24.5,B
2021-07-01T09:20:59,2000.0,24.5,B
2021-07-01T09:20:59,1000.0,24.5,B
2021-07-01T09:20:56,10000.0,24.5,B
2021-07-01T09:20:52,500.0,24.5,B
2021-07-01T09:20:46,100.0,24.5,B
2021-07-01T09:20:44,100.0,24.5,B
2021-07-01T09:20:44,1400.0,24.5,B
2021-07-01T09:20:44,1000.0,24.5,B
2021-07-01T09:20:44,11300.0,24.5,B
2021-07-01T09:20:44,3800.0,24.5,B
2021-07-01T09:20:44,45500.0,24.5,B
2021-07-01T09:20:44,1000.0,24.45,B
2021-07-01T09:20:43,1400.0,24.45,B
2021-07-01T09:20:41,100.0,24.45,B
2021-07-01T09:20:39,200.0,24.45,B
2021-07-01T09:20:38,500.0,24.5,B
2021-07-01T09:20:35,32300.0,24.5,B
2021-07-01T09:20:35,100.0,24.5,B
2021-07-01T09:20:35,67600.0,24.5,B
2021-07-01T09:20:32,500.0,24.4,S
2021-07-01T09:20:12,12300.0,24.4,S
2021-07-01T09:20:09,400.0,24.45,B
2021-07-01T09:19:51,100.0,24.45,B
2021-07-01T09:19:49,5000.0,24.4,S
2021-07-01T09:19:47,5000.0,24.45,B
2021-07-01T09:19:45,1000.0,24.45,B
2021-07-01T09:19:40,400.0,24.4,S
2021-07-01T09:19:40,600.0,24.4,S
2021-07-01T09:19:30,300.0,24.4,S
2021-07-01T09:19:25,400.0,24.4,B
2021-07-01T09:19:23,100.0,24.4,B
2021-07-01T09:19:15,300.0,24.4,B
2021-07-01T09:19:09,6300.0,24.4,B
2021-07-01T09:19:07,200.0,24.4,B
2021-07-01T09:19:07,2100.0,24.4,B
2021-07-01T09:18:58,500.0,24.4,B
2021-07-01T09:18:56,1000.0,24.3,S
2021-07-01T09:18:56,8300.0,24.4,B
2021-07-01T09:18:47,1000.0,24.4,B
2021-07-01T09:18:33,1000.0,24.4,B
2021-07-01T09:18:32,500.0,24.3,B
2021-07-01T09:18:30,1300.0,24.3,B
2021-07-01T09:18:30,5000.0,24.3,B
2021-07-01T09:18:30,18600.0,24.3,B
2021-07-01T09:18:29,500.0,24.3,B
2021-07-01T09:18:22,10000.0,24.3,B
2021-07-01T09:18:01,8000.0,24.3,B
2021-07-01T09:17:56,2000.0,24.2,S
2021-07-01T09:17:56,500.0,24.3,B
2021-07-01T09:17:54,100.0,24.3,B
2021-07-01T09:17:52,300.0,24.2,S
2021-07-01T09:17:51,200.0,24.3,B
2021-07-01T09:17:45,200.0,24.2,S
2021-07-01T09:17:44,500.0,24.3,B
2021-07-01T09:17:38,6000.0,24.2,S
2021-07-01T09:17:37,500.0,24.2,S
2021-07-01T09:17:36,200.0,24.2,S
2021-07-01T09:17:29,10000.0,24.2,S
2021-07-01T09:17:16,200.0,24.2,S
2021-07-01T09:17:05,2500.0,24.2,B
2021-07-01T09:17:05,100.0,24.1,S
2021-07-01T09:16:50,100.0,24.1,B
2021-07-01T09:16:48,600.0,24.1,B
2021-07-01T09:16:23,8300.0,24.0,B
2021-07-01T09:16:18,5100.0,23.95,B
2021-07-01T09:16:01,1800.0,23.9,S
2021-07-01T09:15:55,500.0,23.9,B
