tradingTime,volume,price,side
2021-07-01T14:51:41,1000.0,12.4,B
2021-07-01T14:49:22,400.0,12.4,B
2021-07-01T14:48:26,1000.0,12.4,B
2021-07-01T14:44:51,5000.0,12.3,S
2021-07-01T14:40:01,200.0,12.3,S
2021-07-01T14:39:41,500.0,12.3,S
2021-07-01T14:39:31,100.0,12.3,S
2021-07-01T14:33:56,1000.0,12.4,B
2021-07-01T14:28:39,100.0,12.4,B
2021-07-01T14:24:13,3400.0,12.4,S
2021-07-01T14:22:54,3000.0,12.4,S
2021-07-01T14:22:17,2000.0,12.4,B
2021-07-01T14:21:51,500.0,12.4,B
2021-07-01T14:12:29,5100.0,12.4,B
2021-07-01T14:09:56,8400.0,12.4,B
2021-07-01T14:06:33,200.0,12.4,B
2021-07-01T14:04:42,500.0,12.3,S
2021-07-01T14:04:36,5000.0,12.4,B
2021-07-01T13:59:52,20000.0,12.3,S
2021-07-01T13:58:32,5400.0,12.4,B
2021-07-01T13:58:22,100.0,12.3,S
2021-07-01T13:58:04,100.0,12.4,B
2021-07-01T13:56:32,5000.0,12.4,B
2021-07-01T13:56:20,5000.0,12.4,B
2021-07-01T13:52:30,100.0,12.4,B
2021-07-01T13:49:06,100.0,12.4,B
2021-07-01T13:48:56,500.0,12.3,S
2021-07-01T13:46:14,100.0,12.3,S
2021-07-01T13:44:06,100.0,12.4,B
2021-07-01T13:43:48,300.0,12.3,S
2021-07-01T13:41:39,1000.0,12.4,S
2021-07-01T13:40:54,1000.0,12.4,B
2021-07-01T13:38:21,100.0,12.4,B
2021-07-01T13:37:45,100.0,12.4,B
2021-07-01T13:37:42,3800.0,12.4,S
2021-07-01T13:35:23,400.0,12.4,S
2021-07-01T13:34:49,1600.0,12.4,S
2021-07-01T13:28:53,100.0,12.5,B
2021-07-01T13:26:21,10000.0,12.5,B
2021-07-01T13:26:12,100.0,12.5,B
2021-07-01T13:23:33,500.0,12.5,B
2021-07-01T13:22:51,2000.0,12.4,S
2021-07-01T13:22:38,100.0,12.5,B
2021-07-01T13:21:20,100.0,12.4,S
2021-07-01T13:19:47,400.0,12.5,B
2021-07-01T13:17:53,300.0,12.5,B
2021-07-01T13:12:18,100.0,12.5,B
2021-07-01T13:09:28,29400.0,12.4,B
2021-07-01T13:07:26,100.0,12.4,B
2021-07-01T13:04:04,7000.0,12.3,S
2021-07-01T13:01:47,4000.0,12.3,S
2021-07-01T13:00:19,200.0,12.3,S
2021-07-01T11:22:07,500.0,12.3,S
2021-07-01T11:21:01,5000.0,12.4,B
2021-07-01T11:18:14,8500.0,12.3,S
2021-07-01T11:17:57,2300.0,12.3,S
2021-07-01T11:17:49,100.0,12.3,S
2021-07-01T11:14:48,5000.0,12.3,S
2021-07-01T11:13:05,300.0,12.3,S
2021-07-01T11:09:35,500.0,12.3,S
2021-07-01T11:05:34,100.0,12.3,S
2021-07-01T11:00:16,800.0,12.3,S
2021-07-01T10:56:38,100.0,12.3,S
2021-07-01T10:53:10,6000.0,12.4,B
2021-07-01T10:50:58,5000.0,12.4,B
2021-07-01T10:44:11,1000.0,12.4,B
2021-07-01T10:43:36,1000.0,12.3,S
2021-07-01T10:39:04,600.0,12.3,S
2021-07-01T10:38:46,4000.0,12.3,S
2021-07-01T10:34:47,1600.0,12.3,S
2021-07-01T10:31:41,100.0,12.4,B
2021-07-01T10:31:17,5000.0,12.4,B
2021-07-01T10:29:24,100.0,12.4,B
2021-07-01T10:29:01,200.0,12.4,B
2021-07-01T10:28:26,100.0,12.4,B
2021-07-01T10:26:14,200.0,12.4,B
2021-07-01T10:23:16,100.0,12.4,B
2021-07-01T10:20:12,1000.0,12.3,S
2021-07-01T10:19:57,2000.0,12.3,S
2021-07-01T10:19:22,100.0,12.3,S
2021-07-01T10:18:50,900.0,12.3,S
2021-07-01T10:18:02,1000.0,12.3,S
2021-07-01T10:17:41,5000.0,12.3,S
2021-07-01T10:12:01,500.0,12.4,B
2021-07-01T10:11:28,2100.0,12.3,S
2021-07-01T10:11:28,5000.0,12.3,S
2021-07-01T10:08:53,800.0,12.3,S
2021-07-01T10:08:52,1400.0,12.4,B
2021-07-01T10:01:48,100.0,12.4,B
2021-07-01T10:01:10,2000.0,12.3,S
2021-07-01T10:00:22,40000.0,12.3,S
2021-07-01T09:58:24,200.0,12.4,B
2021-07-01T09:57:41,300.0,12.4,S
2021-07-01T09:57:04,200.0,12.4,B
2021-07-01T09:55:46,6500.0,12.4,S
2021-07-01T09:54:36,3000.0,12.4,B
2021-07-01T09:52:27,100.0,12.4,B
2021-07-01T09:52:12,2000.0,12.4,B
2021-07-01T09:50:54,500.0,12.4,B
2021-07-01T09:50:44,1100.0,12.3,S
2021-07-01T09:50:17,2800.0,12.3,S
2021-07-01T09:49:53,20000.0,12.4,B
2021-07-01T09:49:45,3100.0,12.3,S
2021-07-01T09:49:33,1800.0,12.3,S
2021-07-01T09:49:04,200.0,12.4,B
2021-07-01T09:48:47,800.0,12.4,B
2021-07-01T09:48:17,4600.0,12.4,B
2021-07-01T09:47:18,600.0,12.4,B
2021-07-01T09:43:42,300.0,12.4,B
2021-07-01T09:41:36,100.0,12.4,B
2021-07-01T09:41:29,200.0,12.4,B
2021-07-01T09:41:00,400.0,12.4,B
2021-07-01T09:40:45,5000.0,12.3,S
2021-07-01T09:40:07,1200.0,12.3,S
2021-07-01T09:39:48,500.0,12.3,S
2021-07-01T09:39:45,2300.0,12.3,S
2021-07-01T09:39:43,100.0,12.4,B
2021-07-01T09:35:11,2200.0,12.3,S
2021-07-01T09:32:19,300.0,12.3,S
2021-07-01T09:32:05,100.0,12.4,B
2021-07-01T09:31:30,2000.0,12.4,B
2021-07-01T09:30:29,200.0,12.4,B
2021-07-01T09:29:45,8200.0,12.4,S
2021-07-01T09:25:13,200.0,12.4,S
2021-07-01T09:23:56,6700.0,12.4,S
2021-07-01T09:23:16,500.0,12.4,S
2021-07-01T09:22:25,500.0,12.4,S
2021-07-01T09:08:29,100.0,12.5,B
2021-07-01T09:06:02,100.0,12.5,B
2021-07-01T09:01:04,800.0,12.4,S
