tradingTime,volume,price,side
2021-07-01T14:30:16,400.0,13.45,B
2021-07-01T14:30:16,200.0,13.45,B
2021-07-01T14:30:16,200.0,13.45,B
2021-07-01T14:30:11,1000.0,13.45,B
2021-07-01T14:30:06,2000.0,13.45,B
2021-07-01T14:29:58,3000.0,13.45,B
2021-07-01T14:29:43,800.0,13.45,B
2021-07-01T14:29:41,3800.0,13.45,B
2021-07-01T14:29:41,10000.0,13.45,B
2021-07-01T14:29:26,9400.0,13.45,B
2021-07-01T14:29:18,8000.0,13.45,B
2021-07-01T14:29:16,100.0,13.45,B
2021-07-01T14:29:14,200.0,13.45,B
2021-07-01T14:29:09,1000.0,13.45,B
2021-07-01T14:29:06,700.0,13.45,B
2021-07-01T14:29:00,200.0,13.45,B
2021-07-01T14:28:59,200.0,13.45,B
2021-07-01T14:28:57,500.0,13.45,B
2021-07-01T14:28:57,500.0,13.45,B
2021-07-01T14:28:55,2000.0,13.45,B
2021-07-01T14:28:53,500.0,13.45,B
2021-07-01T14:28:51,100.0,13.45,B
2021-07-01T14:28:49,6700.0,13.45,B
2021-07-01T14:28:37,3300.0,13.45,S
2021-07-01T14:28:34,3000.0,13.45,S
2021-07-01T14:28:33,300.0,13.5,B
2021-07-01T14:28:25,10000.0,13.45,S
2021-07-01T14:28:23,10000.0,13.5,B
2021-07-01T14:28:15,5000.0,13.45,S
2021-07-01T14:28:14,500.0,13.45,S
2021-07-01T14:28:12,200.0,13.45,S
2021-07-01T14:28:11,5000.0,13.45,S
2021-07-01T14:28:08,200.0,13.45,S
2021-07-01T14:27:53,700.0,13.45,S
2021-07-01T14:27:53,1400.0,13.45,S
2021-07-01T14:27:47,600.0,13.45,S
2021-07-01T14:27:42,600.0,13.5,B
2021-07-01T14:27:42,100.0,13.45,S
2021-07-01T14:27:37,1000.0,13.45,B
2021-07-01T14:27:35,500.0,13.45,B
2021-07-01T14:27:35,100.0,13.45,B
2021-07-01T14:27:29,7100.0,13.45,B
2021-07-01T14:27:28,200.0,13.45,B
2021-07-01T14:27:27,100.0,13.45,B
2021-07-01T14:27:24,600.0,13.45,B
2021-07-01T14:27:23,1000.0,13.45,B
2021-07-01T14:27:23,1400.0,13.45,B
2021-07-01T14:27:21,600.0,13.45,B
2021-07-01T14:27:18,4000.0,13.45,B
2021-07-01T14:27:10,1500.0,13.45,B
2021-07-01T14:27:05,200.0,13.45,S
2021-07-01T14:27:02,2000.0,13.45,S
2021-07-01T14:27:02,4300.0,13.45,S
2021-07-01T14:26:58,6600.0,13.45,B
2021-07-01T14:26:57,500.0,13.45,B
2021-07-01T14:26:54,200.0,13.45,B
2021-07-01T14:26:53,3000.0,13.45,B
2021-07-01T14:26:48,1000.0,13.5,B
2021-07-01T14:26:43,13700.0,13.45,B
2021-07-01T14:26:36,1300.0,13.45,B
2021-07-01T14:26:35,100.0,13.4,S
2021-07-01T14:26:34,20000.0,13.45,B
2021-07-01T14:26:31,2000.0,13.45,B
2021-07-01T14:26:25,5000.0,13.4,S
2021-07-01T14:26:22,200.0,13.45,B
2021-07-01T14:26:15,100.0,13.45,B
2021-07-01T14:26:15,1700.0,13.45,B
2021-07-01T14:26:09,200.0,13.45,B
2021-07-01T14:26:09,300.0,13.45,B
2021-07-01T14:26:04,400.0,13.45,B
2021-07-01T14:26:03,100.0,13.45,B
2021-07-01T14:25:48,2600.0,13.45,S
2021-07-01T14:25:43,200.0,13.45,S
2021-07-01T14:25:37,400.0,13.45,S
2021-07-01T14:25:33,5000.0,13.5,B
2021-07-01T14:25:31,500.0,13.5,B
2021-07-01T14:25:27,239100.0,13.4,S
2021-07-01T14:25:27,3700.0,13.4,S
2021-07-01T14:25:27,60300.0,13.4,S
2021-07-01T14:25:27,17200.0,13.45,S
2021-07-01T14:25:27,2500.0,13.45,S
2021-07-01T14:25:27,5100.0,13.45,S
2021-07-01T14:25:27,22100.0,13.45,S
2021-07-01T14:25:26,4400.0,13.45,S
2021-07-01T14:25:26,1600.0,13.45,S
2021-07-01T14:25:22,1000.0,13.5,B
2021-07-01T14:25:17,10000.0,13.45,S
2021-07-01T14:25:12,100.0,13.45,S
2021-07-01T14:25:08,1000.0,13.45,S
2021-07-01T14:25:01,800.0,13.5,B
2021-07-01T14:25:01,9200.0,13.5,B
2021-07-01T14:24:57,5000.0,13.5,B
2021-07-01T14:24:54,1000.0,13.45,S
2021-07-01T14:24:52,200.0,13.45,S
2021-07-01T14:24:44,5500.0,13.45,S
2021-07-01T14:24:44,2900.0,13.45,S
2021-07-01T14:24:44,1600.0,13.45,S
2021-07-01T14:24:42,300.0,13.45,S
2021-07-01T14:24:42,100.0,13.45,S
2021-07-01T14:24:41,10000.0,13.5,B
2021-07-01T14:24:40,200.0,13.45,S
2021-07-01T14:24:33,200.0,13.45,S
2021-07-01T14:24:27,500.0,13.45,S
2021-07-01T14:24:26,100.0,13.45,S
2021-07-01T14:24:19,4000.0,13.45,S
2021-07-01T14:24:11,5000.0,13.45,S
2021-07-01T14:24:09,200.0,13.45,S
2021-07-01T14:24:08,3000.0,13.45,S
2021-07-01T14:24:06,3000.0,13.45,S
2021-07-01T14:24:04,100.0,13.5,B
2021-07-01T14:24:02,100.0,13.45,S
2021-07-01T14:24:01,100.0,13.45,S
2021-07-01T14:23:57,1000.0,13.45,S
2021-07-01T14:23:50,100.0,13.45,S
2021-07-01T14:23:49,800.0,13.45,S
2021-07-01T14:23:49,1100.0,13.45,S
2021-07-01T14:23:40,100.0,13.45,S
2021-07-01T14:23:34,10000.0,13.45,S
2021-07-01T14:23:31,1600.0,13.45,S
2021-07-01T14:23:29,3000.0,13.45,S
2021-07-01T14:23:24,100.0,13.5,B
2021-07-01T14:23:24,11000.0,13.45,S
2021-07-01T14:23:21,10000.0,13.45,S
2021-07-01T14:23:18,3000.0,13.45,S
2021-07-01T14:23:13,4000.0,13.45,S
2021-07-01T14:23:03,5000.0,13.45,S
2021-07-01T14:22:55,5000.0,13.5,B
2021-07-01T14:22:44,100.0,13.45,S
2021-07-01T14:22:36,12000.0,13.45,S
2021-07-01T14:22:36,3000.0,13.45,S
2021-07-01T14:22:31,2000.0,13.45,S
2021-07-01T14:22:24,2000.0,13.45,S
2021-07-01T14:22:18,2100.0,13.5,B
2021-07-01T14:22:18,1500.0,13.5,B
2021-07-01T14:22:10,5000.0,13.45,S
2021-07-01T14:22:09,2000.0,13.5,B
2021-07-01T14:22:03,500.0,13.45,S
2021-07-01T14:21:55,100.0,13.45,S
2021-07-01T14:21:49,7600.0,13.45,B
2021-07-01T14:21:45,1000.0,13.45,B
2021-07-01T14:21:40,3000.0,13.45,B
2021-07-01T14:21:36,28000.0,13.45,B
2021-07-01T14:21:27,300.0,13.45,B
2021-07-01T14:21:25,13700.0,13.45,S
2021-07-01T14:21:22,20000.0,13.45,S
2021-07-01T14:21:13,1500.0,13.5,B
2021-07-01T14:21:13,2600.0,13.5,B
2021-07-01T14:21:11,1000.0,13.45,S
2021-07-01T14:21:09,10000.0,13.45,S
2021-07-01T14:21:03,5000.0,13.45,S
2021-07-01T14:20:57,300.0,13.45,S
2021-07-01T14:20:54,100.0,13.45,S
2021-07-01T14:20:52,500.0,13.45,S
2021-07-01T14:20:50,1000.0,13.5,B
2021-07-01T14:20:43,1000.0,13.45,S
2021-07-01T14:20:42,1200.0,13.45,S
2021-07-01T14:20:40,700.0,13.45,S
2021-07-01T14:20:32,3000.0,13.45,S
2021-07-01T14:20:16,200.0,13.45,S
2021-07-01T14:20:10,1000.0,13.4,S
2021-07-01T14:20:09,100.0,13.45,B
2021-07-01T14:20:02,1300.0,13.4,S
2021-07-01T14:20:01,8000.0,13.45,S
2021-07-01T14:20:01,35200.0,13.45,S
2021-07-01T14:20:01,9300.0,13.45,S
2021-07-01T14:20:01,1600.0,13.45,S
2021-07-01T14:20:01,20900.0,13.45,S
2021-07-01T14:19:58,100.0,13.45,S
2021-07-01T14:19:45,1000.0,13.5,B
2021-07-01T14:19:44,300.0,13.45,S
2021-07-01T14:19:44,1300.0,13.5,B
2021-07-01T14:19:43,1500.0,13.45,S
2021-07-01T14:19:34,100.0,13.45,S
2021-07-01T14:19:28,1000.0,13.45,S
2021-07-01T14:19:13,300.0,13.5,B
2021-07-01T14:19:03,300.0,13.5,B
2021-07-01T14:19:00,700.0,13.5,B
2021-07-01T14:19:00,2400.0,13.5,B
2021-07-01T14:18:56,100.0,13.5,B
2021-07-01T14:18:56,2100.0,13.5,B
2021-07-01T14:18:56,1100.0,13.5,B
2021-07-01T14:18:55,300.0,13.5,B
2021-07-01T14:18:53,500.0,13.45,S
2021-07-01T14:18:52,500.0,13.5,B
2021-07-01T14:18:52,1000.0,13.45,S
2021-07-01T14:18:47,200.0,13.5,B
2021-07-01T14:18:45,500.0,13.45,S
2021-07-01T14:18:42,100.0,13.5,B
2021-07-01T14:18:38,200.0,13.45,S
2021-07-01T14:18:34,52700.0,13.5,B
2021-07-01T14:18:28,1000.0,13.45,S
2021-07-01T14:18:25,2000.0,13.45,B
2021-07-01T14:18:25,10000.0,13.45,B
2021-07-01T14:18:22,8200.0,13.45,B
2021-07-01T14:18:22,2800.0,13.45,B
2021-07-01T14:18:22,3300.0,13.45,B
2021-07-01T14:18:22,1200.0,13.45,B
2021-07-01T14:18:22,4500.0,13.45,B
2021-07-01T14:18:18,500.0,13.45,B
2021-07-01T14:18:13,100.0,13.45,B
2021-07-01T14:18:10,100.0,13.45,B
2021-07-01T14:18:07,800.0,13.4,S
2021-07-01T14:17:58,20000.0,13.45,B
2021-07-01T14:17:49,14000.0,13.45,B
2021-07-01T14:17:43,1500.0,13.45,B
2021-07-01T14:17:35,2200.0,13.45,B
2021-07-01T14:17:16,100.0,13.45,B
2021-07-01T14:17:10,100.0,13.45,B
2021-07-01T14:16:55,300.0,13.45,B
2021-07-01T14:16:54,300.0,13.45,B
2021-07-01T14:16:53,300.0,13.45,B
2021-07-01T14:16:47,10200.0,13.45,B
2021-07-01T14:16:47,500.0,13.45,B
2021-07-01T14:16:47,1500.0,13.45,B
2021-07-01T14:16:47,200.0,13.45,B
2021-07-01T14:16:47,1700.0,13.45,B
2021-07-01T14:16:44,500.0,13.45,B
2021-07-01T14:16:43,100.0,13.45,B
2021-07-01T14:16:34,100.0,13.45,B
2021-07-01T14:16:14,4000.0,13.45,B
2021-07-01T14:16:02,5700.0,13.45,B
2021-07-01T14:16:02,1800.0,13.45,B
2021-07-01T14:15:56,100.0,13.45,B
2021-07-01T14:15:52,700.0,13.45,B
2021-07-01T14:15:52,500.0,13.4,S
2021-07-01T14:15:37,100.0,13.45,B
2021-07-01T14:15:17,100.0,13.45,B
2021-07-01T14:15:16,100.0,13.4,S
2021-07-01T14:14:56,1500.0,13.4,S
2021-07-01T14:14:16,7200.0,13.4,B
2021-07-01T14:14:16,1000.0,13.4,B
2021-07-01T14:14:15,2000.0,13.4,B
2021-07-01T14:14:15,300.0,13.4,B
2021-07-01T14:14:15,500.0,13.4,B
2021-07-01T14:14:15,2000.0,13.4,B
2021-07-01T14:14:15,10000.0,13.4,B
2021-07-01T14:14:15,5000.0,13.4,B
2021-07-01T14:14:15,12200.0,13.4,B
2021-07-01T14:14:15,29500.0,13.4,B
2021-07-01T14:14:13,200.0,13.4,B
2021-07-01T14:14:09,1000.0,13.4,B
2021-07-01T14:14:04,10000.0,13.4,B
2021-07-01T14:14:01,1000.0,13.35,S
2021-07-01T14:13:50,10000.0,13.4,B
2021-07-01T14:13:47,100.0,13.4,B
2021-07-01T14:13:44,300.0,13.4,B
2021-07-01T14:13:43,1000.0,13.4,B
2021-07-01T14:13:43,2000.0,13.4,B
2021-07-01T14:13:42,500.0,13.4,B
2021-07-01T14:13:41,2000.0,13.35,S
2021-07-01T14:13:35,1000.0,13.4,B
2021-07-01T14:13:33,100.0,13.4,B
2021-07-01T14:13:32,10000.0,13.4,B
2021-07-01T14:13:27,10000.0,13.4,B
2021-07-01T14:13:27,1500.0,13.4,B
2021-07-01T14:13:24,3000.0,13.4,B
2021-07-01T14:13:18,1000.0,13.4,B
2021-07-01T14:13:16,5000.0,13.4,B
2021-07-01T14:13:11,4000.0,13.4,B
2021-07-01T14:13:07,6200.0,13.4,B
2021-07-01T14:13:07,200.0,13.4,B
2021-07-01T14:13:07,3600.0,13.4,B
2021-07-01T14:13:06,18000.0,13.4,B
2021-07-01T14:13:02,10000.0,13.4,B
2021-07-01T14:12:43,200.0,13.4,B
2021-07-01T14:12:41,400.0,13.4,B
2021-07-01T14:12:41,500.0,13.4,B
2021-07-01T14:12:24,2100.0,13.4,B
2021-07-01T14:12:03,5000.0,13.4,B
2021-07-01T14:11:52,200.0,13.35,S
2021-07-01T14:11:51,2000.0,13.35,S
2021-07-01T14:11:48,1000.0,13.4,B
2021-07-01T14:11:47,1000.0,13.4,B
2021-07-01T14:11:43,1200.0,13.4,B
2021-07-01T14:11:30,8500.0,13.4,B
2021-07-01T14:11:23,100.0,13.4,B
2021-07-01T14:11:03,1000.0,13.4,B
2021-07-01T14:11:00,5000.0,13.35,S
2021-07-01T14:10:52,700.0,13.35,S
2021-07-01T14:10:51,200.0,13.4,B
2021-07-01T14:10:42,3000.0,13.35,S
2021-07-01T14:10:39,200.0,13.4,B
2021-07-01T14:10:39,2000.0,13.35,S
2021-07-01T14:10:38,1000.0,13.35,S
2021-07-01T14:10:34,4700.0,13.35,B
2021-07-01T14:10:22,1000.0,13.35,B
2021-07-01T14:10:17,300.0,13.35,S
2021-07-01T14:10:15,1000.0,13.35,S
2021-07-01T14:10:10,2500.0,13.35,S
2021-07-01T14:09:59,1100.0,13.35,S
2021-07-01T14:09:56,2000.0,13.35,S
2021-07-01T14:09:56,1500.0,13.4,B
2021-07-01T14:09:46,8700.0,13.35,B
2021-07-01T14:09:41,10000.0,13.35,B
2021-07-01T14:09:33,2000.0,13.35,S
2021-07-01T14:09:33,4100.0,13.35,S
2021-07-01T14:09:33,6100.0,13.35,S
2021-07-01T14:09:33,10400.0,13.35,S
2021-07-01T14:09:33,1500.0,13.35,S
2021-07-01T14:09:33,800.0,13.35,S
2021-07-01T14:09:33,15000.0,13.35,S
2021-07-01T14:09:33,98400.0,13.35,S
2021-07-01T14:09:24,500.0,13.4,B
2021-07-01T14:09:09,2500.0,13.4,B
2021-07-01T14:09:09,1100.0,13.4,B
2021-07-01T14:09:09,1100.0,13.4,B
2021-07-01T14:09:09,5300.0,13.4,B
2021-07-01T14:08:57,100.0,13.4,B
2021-07-01T14:08:56,100.0,13.4,B
2021-07-01T14:08:38,300.0,13.4,B
2021-07-01T14:08:33,1000.0,13.4,B
2021-07-01T14:08:16,400.0,13.4,B
2021-07-01T14:07:59,1000.0,13.4,B
2021-07-01T14:07:53,200.0,13.4,B
2021-07-01T14:07:51,500.0,13.35,S
2021-07-01T14:07:50,7500.0,13.4,B
2021-07-01T14:07:33,2000.0,13.35,S
2021-07-01T14:07:25,100.0,13.35,S
2021-07-01T14:07:20,100.0,13.4,B
2021-07-01T14:07:14,6300.0,13.4,B
2021-07-01T14:07:09,5000.0,13.35,S
2021-07-01T14:06:06,5000.0,13.35,S
2021-07-01T14:06:05,1700.0,13.4,B
2021-07-01T14:06:05,300.0,13.4,B
2021-07-01T14:05:58,2500.0,13.4,B
2021-07-01T14:05:58,500.0,13.35,S
2021-07-01T14:05:54,1000.0,13.4,B
2021-07-01T14:05:36,100.0,13.4,B
2021-07-01T14:05:34,300.0,13.35,S
2021-07-01T14:05:34,200.0,13.35,S
2021-07-01T14:05:26,100.0,13.4,B
2021-07-01T14:05:18,200.0,13.35,S
2021-07-01T14:05:06,2000.0,13.4,B
2021-07-01T14:05:00,10000.0,13.4,B
2021-07-01T14:04:45,4000.0,13.4,B
2021-07-01T14:04:45,100.0,13.35,S
2021-07-01T14:04:45,700.0,13.4,B
2021-07-01T14:04:17,3200.0,13.4,B
2021-07-01T14:04:11,200.0,13.4,B
2021-07-01T14:04:08,500.0,13.4,B
2021-07-01T14:04:04,1000.0,13.4,B
2021-07-01T14:03:57,35000.0,13.4,B
2021-07-01T14:03:55,100.0,13.4,B
2021-07-01T14:03:53,1000.0,13.4,B
2021-07-01T14:03:52,3700.0,13.4,B
2021-07-01T14:03:34,5200.0,13.4,B
2021-07-01T14:03:31,100.0,13.4,B
2021-07-01T14:03:30,100.0,13.4,B
2021-07-01T14:03:26,500.0,13.4,B
2021-07-01T14:03:21,3000.0,13.4,B
2021-07-01T14:03:15,100.0,13.4,B
2021-07-01T14:03:15,300.0,13.4,B
2021-07-01T14:03:14,22700.0,13.4,B
2021-07-01T14:03:14,2500.0,13.35,S
2021-07-01T14:03:06,20000.0,13.4,B
2021-07-01T14:03:05,10000.0,13.4,B
2021-07-01T14:03:02,100.0,13.35,S
2021-07-01T14:03:02,700.0,13.4,B
2021-07-01T14:02:57,1800.0,13.4,B
2021-07-01T14:02:56,3200.0,13.4,B
2021-07-01T14:02:52,11000.0,13.4,B
2021-07-01T14:02:20,1000.0,13.35,S
2021-07-01T14:02:15,100.0,13.35,B
2021-07-01T14:02:12,1300.0,13.35,B
2021-07-01T14:02:12,23300.0,13.35,B
2021-07-01T14:02:04,200.0,13.35,B
2021-07-01T14:02:02,34000.0,13.35,B
2021-07-01T14:01:58,2000.0,13.35,B
2021-07-01T14:01:58,8800.0,13.35,B
2021-07-01T14:01:51,3100.0,13.35,B
2021-07-01T14:01:51,2800.0,13.35,B
2021-07-01T14:01:49,1400.0,13.35,B
2021-07-01T14:01:45,500.0,13.35,B
2021-07-01T14:01:44,100.0,13.35,B
2021-07-01T14:01:43,1000.0,13.3,S
2021-07-01T14:01:41,1000.0,13.35,B
2021-07-01T14:01:22,500.0,13.35,B
2021-07-01T14:01:19,10000.0,13.35,B
2021-07-01T14:01:18,400.0,13.35,B
2021-07-01T14:01:16,300.0,13.3,S
2021-07-01T14:01:15,600.0,13.35,B
2021-07-01T14:01:09,1100.0,13.3,S
2021-07-01T14:01:06,3000.0,13.3,S
2021-07-01T14:01:06,500.0,13.3,S
2021-07-01T14:01:06,3000.0,13.3,S
2021-07-01T14:01:05,2000.0,13.3,S
2021-07-01T14:00:57,400.0,13.35,B
2021-07-01T14:00:44,13000.0,13.3,S
2021-07-01T14:00:37,1200.0,13.3,S
2021-07-01T14:00:32,10500.0,13.3,S
2021-07-01T14:00:19,1000.0,13.3,B
2021-07-01T14:00:15,5400.0,13.3,B
2021-07-01T14:00:12,700.0,13.3,B
2021-07-01T14:00:08,7500.0,13.3,B
2021-07-01T14:00:06,700.0,13.3,B
2021-07-01T14:00:03,300.0,13.3,B
2021-07-01T14:00:03,100.0,13.3,B
2021-07-01T14:00:02,10000.0,13.3,B
2021-07-01T14:00:01,1000.0,13.3,B
2021-07-01T13:59:59,1000.0,13.3,B
2021-07-01T13:59:59,5000.0,13.3,B
2021-07-01T13:59:59,500.0,13.3,B
2021-07-01T13:59:58,100.0,13.3,B
2021-07-01T13:59:57,500.0,13.3,B
2021-07-01T13:59:57,5000.0,13.3,B
2021-07-01T13:59:57,1000.0,13.3,B
2021-07-01T13:59:57,1000.0,13.3,B
2021-07-01T13:59:53,500.0,13.3,B
2021-07-01T13:59:52,1000.0,13.3,B
2021-07-01T13:59:52,16000.0,13.3,B
2021-07-01T13:59:51,3700.0,13.3,B
2021-07-01T13:59:50,11600.0,13.3,B
2021-07-01T13:59:47,7900.0,13.3,B
2021-07-01T13:59:44,3000.0,13.3,B
2021-07-01T13:59:43,300.0,13.3,B
2021-07-01T13:59:37,13000.0,13.3,B
2021-07-01T13:59:35,2300.0,13.3,B
2021-07-01T13:59:35,17700.0,13.3,B
2021-07-01T13:59:35,800.0,13.3,B
2021-07-01T13:59:19,400.0,13.3,B
2021-07-01T13:59:19,13000.0,13.3,B
2021-07-01T13:59:02,5800.0,13.3,B
2021-07-01T13:58:49,1900.0,13.3,B
2021-07-01T13:58:49,1700.0,13.3,B
2021-07-01T13:58:40,2000.0,13.25,S
2021-07-01T13:58:35,100.0,13.3,B
2021-07-01T13:58:34,5400.0,13.3,B
2021-07-01T13:58:16,4000.0,13.3,B
2021-07-01T13:58:13,100.0,13.3,B
2021-07-01T13:58:13,1000.0,13.25,S
2021-07-01T13:57:58,1000.0,13.25,S
2021-07-01T13:57:57,3000.0,13.25,S
2021-07-01T13:57:54,200.0,13.3,B
2021-07-01T13:57:53,100.0,13.25,S
2021-07-01T13:57:50,20000.0,13.3,B
2021-07-01T13:57:42,5000.0,13.3,B
2021-07-01T13:57:40,2300.0,13.3,B
2021-07-01T13:57:36,11000.0,13.3,B
2021-07-01T13:57:25,2000.0,13.3,B
2021-07-01T13:57:20,2000.0,13.3,B
2021-07-01T13:57:18,10000.0,13.3,B
2021-07-01T13:57:18,100.0,13.3,B
2021-07-01T13:57:13,1000.0,13.3,B
2021-07-01T13:57:11,900.0,13.25,S
2021-07-01T13:57:06,500.0,13.3,B
2021-07-01T13:57:05,100.0,13.3,B
2021-07-01T13:57:02,5000.0,13.3,B
2021-07-01T13:56:53,500.0,13.3,B
2021-07-01T13:56:52,100.0,13.3,B
2021-07-01T13:56:43,400.0,13.3,B
2021-07-01T13:56:39,200.0,13.3,B
2021-07-01T13:56:36,2000.0,13.3,B
2021-07-01T13:56:19,3000.0,13.3,B
2021-07-01T13:56:17,700.0,13.3,B
2021-07-01T13:56:17,5000.0,13.3,B
2021-07-01T13:56:12,1000.0,13.25,S
2021-07-01T13:56:08,400.0,13.3,B
2021-07-01T13:56:08,100.0,13.3,B
2021-07-01T13:56:05,1000.0,13.3,B
2021-07-01T13:56:04,500.0,13.3,B
2021-07-01T13:55:58,200.0,13.3,B
2021-07-01T13:55:55,100.0,13.3,B
2021-07-01T13:55:47,1100.0,13.25,S
2021-07-01T13:55:44,1200.0,13.3,B
2021-07-01T13:55:39,6000.0,13.3,B
2021-07-01T13:55:30,2000.0,13.3,S
2021-07-01T13:55:23,300.0,13.3,S
2021-07-01T13:55:22,100.0,13.3,S
2021-07-01T13:55:18,700.0,13.3,S
2021-07-01T13:55:17,900.0,13.3,S
2021-07-01T13:55:16,1000.0,13.3,S
2021-07-01T13:55:15,8700.0,13.3,S
2021-07-01T13:55:15,12500.0,13.3,S
2021-07-01T13:55:15,3000.0,13.3,S
2021-07-01T13:55:15,5900.0,13.3,S
2021-07-01T13:55:15,1000.0,13.3,S
2021-07-01T13:55:15,5200.0,13.3,S
2021-07-01T13:55:15,2200.0,13.3,S
2021-07-01T13:55:15,3800.0,13.3,S
2021-07-01T13:55:15,1700.0,13.3,S
2021-07-01T13:55:15,1100.0,13.3,S
2021-07-01T13:55:15,10000.0,13.3,S
2021-07-01T13:55:15,1000.0,13.3,S
2021-07-01T13:55:15,4900.0,13.3,S
2021-07-01T13:55:15,20600.0,13.3,S
2021-07-01T13:55:15,500.0,13.3,S
2021-07-01T13:55:15,7800.0,13.3,S
2021-07-01T13:55:15,50800.0,13.3,S
2021-07-01T13:55:15,700.0,13.3,S
2021-07-01T13:55:14,1600.0,13.3,S
2021-07-01T13:55:14,400.0,13.3,S
2021-07-01T13:55:14,4600.0,13.3,S
2021-07-01T13:55:14,15300.0,13.3,S
2021-07-01T13:55:14,1300.0,13.3,S
2021-07-01T13:55:14,5600.0,13.3,S
2021-07-01T13:55:14,3800.0,13.3,S
2021-07-01T13:55:14,2500.0,13.3,S
2021-07-01T13:55:14,36600.0,13.3,S
2021-07-01T13:54:56,200.0,13.35,B
2021-07-01T13:54:36,1000.0,13.3,S
2021-07-01T13:54:22,1000.0,13.35,B
2021-07-01T13:54:08,7000.0,13.3,S
2021-07-01T13:53:55,200.0,13.35,B
2021-07-01T13:53:53,5000.0,13.35,B
2021-07-01T13:53:46,5000.0,13.35,B
2021-07-01T13:53:36,600.0,13.35,B
2021-07-01T13:53:34,500.0,13.35,B
2021-07-01T13:53:26,4000.0,13.35,B
2021-07-01T13:53:21,1000.0,13.3,S
2021-07-01T13:53:16,100.0,13.35,B
2021-07-01T13:53:07,100.0,13.35,B
2021-07-01T13:53:05,2000.0,13.35,B
2021-07-01T13:53:03,500.0,13.35,B
2021-07-01T13:53:00,200.0,13.35,B
2021-07-01T13:52:56,3000.0,13.35,B
2021-07-01T13:52:52,1000.0,13.35,B
2021-07-01T13:52:51,5000.0,13.35,B
2021-07-01T13:52:49,5000.0,13.35,B
2021-07-01T13:52:20,3000.0,13.35,B
2021-07-01T13:52:16,5000.0,13.35,B
2021-07-01T13:52:14,100.0,13.35,B
2021-07-01T13:52:14,4500.0,13.3,S
2021-07-01T13:52:14,2300.0,13.35,B
2021-07-01T13:51:52,100.0,13.35,B
2021-07-01T13:51:51,100.0,13.35,B
2021-07-01T13:51:44,10000.0,13.35,B
2021-07-01T13:51:43,11500.0,13.35,B
2021-07-01T13:51:43,1700.0,13.35,B
2021-07-01T13:51:42,1000.0,13.35,B
2021-07-01T13:51:33,100.0,13.35,B
2021-07-01T13:51:29,23000.0,13.35,B
2021-07-01T13:51:28,100.0,13.35,B
2021-07-01T13:51:22,300.0,13.35,S
2021-07-01T13:51:21,1000.0,13.35,S
2021-07-01T13:51:19,500.0,13.35,S
2021-07-01T13:51:17,300.0,13.35,S
2021-07-01T13:51:17,4900.0,13.35,S
2021-07-01T13:51:11,10000.0,13.35,S
2021-07-01T13:51:11,500.0,13.4,B
2021-07-01T13:51:07,9900.0,13.4,B
2021-07-01T13:50:47,2300.0,13.4,B
2021-07-01T13:50:44,1200.0,13.35,S
2021-07-01T13:50:42,200.0,13.35,S
2021-07-01T13:50:41,2000.0,13.35,S
2021-07-01T13:50:40,3700.0,13.35,S
2021-07-01T13:50:40,2200.0,13.35,S
2021-07-01T13:50:40,2500.0,13.35,S
2021-07-01T13:50:40,8900.0,13.35,S
2021-07-01T13:50:40,1100.0,13.35,S
2021-07-01T13:50:40,4300.0,13.35,S
2021-07-01T13:50:40,2000.0,13.35,S
2021-07-01T13:50:40,1300.0,13.35,S
2021-07-01T13:50:39,5000.0,13.35,S
2021-07-01T13:50:37,500.0,13.35,S
2021-07-01T13:50:35,1000.0,13.4,B
2021-07-01T13:50:21,5000.0,13.35,S
2021-07-01T13:50:21,100.0,13.4,B
2021-07-01T13:50:07,500.0,13.35,S
2021-07-01T13:49:42,3500.0,13.35,S
2021-07-01T13:49:38,18900.0,13.35,S
2021-07-01T13:49:37,500.0,13.35,S
2021-07-01T13:49:14,7000.0,13.35,S
2021-07-01T13:49:10,800.0,13.4,B
2021-07-01T13:49:10,1000.0,13.35,S
2021-07-01T13:48:56,1000.0,13.35,S
2021-07-01T13:48:52,10000.0,13.35,S
2021-07-01T13:48:40,100.0,13.35,S
2021-07-01T13:48:34,100.0,13.35,S
2021-07-01T13:48:24,500.0,13.4,B
2021-07-01T13:48:18,100.0,13.35,S
2021-07-01T13:48:16,300.0,13.35,S
2021-07-01T13:48:12,300.0,13.35,S
2021-07-01T13:48:07,1700.0,13.35,S
2021-07-01T13:47:56,10000.0,13.35,S
2021-07-01T13:47:53,3000.0,13.35,S
2021-07-01T13:47:16,2000.0,13.35,S
2021-07-01T13:47:14,300.0,13.4,B
2021-07-01T13:47:07,200.0,13.35,B
2021-07-01T13:47:03,1100.0,13.35,B
2021-07-01T13:47:03,1500.0,13.35,B
2021-07-01T13:47:01,200.0,13.3,S
2021-07-01T13:47:00,8500.0,13.35,B
2021-07-01T13:46:56,4800.0,13.35,B
2021-07-01T13:46:56,600.0,13.35,B
2021-07-01T13:46:56,1600.0,13.35,B
2021-07-01T13:46:56,10800.0,13.35,B
2021-07-01T13:46:56,1300.0,13.35,B
2021-07-01T13:46:55,13500.0,13.35,B
2021-07-01T13:46:52,3400.0,13.35,B
2021-07-01T13:46:48,1000.0,13.35,B
2021-07-01T13:46:44,1000.0,13.35,B
2021-07-01T13:46:39,700.0,13.35,B
2021-07-01T13:46:38,500.0,13.3,S
2021-07-01T13:46:38,300.0,13.3,S
2021-07-01T13:46:29,100.0,13.35,B
2021-07-01T13:46:16,10000.0,13.35,B
2021-07-01T13:46:14,800.0,13.35,B
2021-07-01T13:46:10,200.0,13.3,S
2021-07-01T13:46:00,100.0,13.35,B
2021-07-01T13:45:50,5000.0,13.35,B
2021-07-01T13:45:50,5000.0,13.3,S
2021-07-01T13:45:47,500.0,13.35,B
2021-07-01T13:45:30,500.0,13.3,S
2021-07-01T13:45:25,1400.0,13.35,B
2021-07-01T13:45:23,200.0,13.35,B
2021-07-01T13:45:15,500.0,13.3,S
2021-07-01T13:45:06,200.0,13.35,B
2021-07-01T13:45:05,3900.0,13.35,B
2021-07-01T13:44:47,3800.0,13.35,B
2021-07-01T13:44:25,500.0,13.3,S
2021-07-01T13:44:08,4000.0,13.35,B
2021-07-01T13:44:03,2000.0,13.35,B
2021-07-01T13:44:02,1000.0,13.3,S
2021-07-01T13:43:52,200.0,13.35,B
2021-07-01T13:43:51,100.0,13.35,B
2021-07-01T13:43:37,2400.0,13.3,S
2021-07-01T13:43:33,200.0,13.3,S
2021-07-01T13:43:31,1000.0,13.35,B
2021-07-01T13:43:23,1800.0,13.25,S
2021-07-01T13:43:23,500.0,13.25,S
2021-07-01T13:43:23,1200.0,13.25,S
2021-07-01T13:43:23,400.0,13.25,S
2021-07-01T13:43:23,200.0,13.25,S
2021-07-01T13:43:23,4200.0,13.25,S
2021-07-01T13:43:23,3000.0,13.25,S
2021-07-01T13:43:23,3900.0,13.25,S
2021-07-01T13:43:23,10200.0,13.25,S
2021-07-01T13:43:23,3000.0,13.25,S
2021-07-01T13:43:23,71600.0,13.25,S
2021-07-01T13:43:11,1800.0,13.3,S
2021-07-01T13:43:07,21400.0,13.3,B
2021-07-01T13:43:01,2000.0,13.25,S
2021-07-01T13:42:58,100.0,13.3,B
2021-07-01T13:42:55,2000.0,13.3,B
2021-07-01T13:42:54,10400.0,13.3,B
2021-07-01T13:42:45,400.0,13.3,B
2021-07-01T13:42:36,10000.0,13.3,B
2021-07-01T13:42:35,3000.0,13.3,B
2021-07-01T13:42:35,5600.0,13.25,S
2021-07-01T13:42:28,1100.0,13.25,S
2021-07-01T13:42:24,27200.0,13.3,B
2021-07-01T13:42:24,2800.0,13.3,B
2021-07-01T13:42:23,500.0,13.3,B
2021-07-01T13:42:21,1000.0,13.3,B
2021-07-01T13:42:19,3000.0,13.3,B
2021-07-01T13:42:19,2200.0,13.25,S
2021-07-01T13:42:00,8700.0,13.3,B
2021-07-01T13:42:00,21300.0,13.3,B
2021-07-01T13:41:57,100.0,13.3,B
2021-07-01T13:41:56,1000.0,13.25,S
2021-07-01T13:41:50,100.0,13.25,S
2021-07-01T13:41:48,1000.0,13.3,B
2021-07-01T13:41:37,3000.0,13.25,S
2021-07-01T13:41:36,5000.0,13.3,B
2021-07-01T13:41:34,500.0,13.3,B
2021-07-01T13:41:32,1000.0,13.3,B
2021-07-01T13:41:31,2000.0,13.3,B
2021-07-01T13:41:31,1000.0,13.3,B
2021-07-01T13:41:30,1100.0,13.3,B
2021-07-01T13:41:29,5400.0,13.3,B
2021-07-01T13:41:20,500.0,13.3,S
2021-07-01T13:41:17,500.0,13.3,S
2021-07-01T13:41:16,700.0,13.3,S
2021-07-01T13:41:14,15400.0,13.2,S
2021-07-01T13:41:14,3300.0,13.2,S
2021-07-01T13:41:14,40100.0,13.2,S
2021-07-01T13:41:14,2100.0,13.25,S
2021-07-01T13:41:14,2100.0,13.25,S
2021-07-01T13:41:14,8500.0,13.25,S
2021-07-01T13:41:14,300.0,13.3,S
2021-07-01T13:41:14,100.0,13.3,S
2021-07-01T13:41:14,1000.0,13.3,S
2021-07-01T13:41:14,600.0,13.3,S
2021-07-01T13:41:14,2400.0,13.3,S
2021-07-01T13:41:14,1000.0,13.3,S
2021-07-01T13:41:14,1200.0,13.3,S
2021-07-01T13:41:13,1100.0,13.3,S
2021-07-01T13:41:13,1600.0,13.3,S
2021-07-01T13:41:13,1900.0,13.3,S
2021-07-01T13:41:13,2700.0,13.3,S
2021-07-01T13:41:13,14600.0,13.3,S
2021-07-01T13:41:12,8100.0,13.3,S
2021-07-01T13:41:12,1100.0,13.3,S
2021-07-01T13:41:12,18700.0,13.3,S
2021-07-01T13:41:10,3000.0,13.3,S
2021-07-01T13:41:09,10000.0,13.3,S
2021-07-01T13:41:07,5400.0,13.3,S
2021-07-01T13:41:07,2000.0,13.3,S
2021-07-01T13:41:07,12600.0,13.3,S
2021-07-01T13:41:03,100.0,13.3,S
2021-07-01T13:41:03,3000.0,13.3,S
2021-07-01T13:41:02,500.0,13.35,B
2021-07-01T13:41:01,2000.0,13.35,B
2021-07-01T13:40:59,500.0,13.3,S
2021-07-01T13:40:53,100.0,13.3,S
2021-07-01T13:40:51,51600.0,13.3,S
2021-07-01T13:40:47,5000.0,13.35,B
2021-07-01T13:40:41,100.0,13.3,S
2021-07-01T13:40:39,100.0,13.3,S
2021-07-01T13:40:39,2200.0,13.3,S
2021-07-01T13:40:37,2000.0,13.35,B
2021-07-01T13:40:37,900.0,13.3,S
2021-07-01T13:40:37,200.0,13.35,B
2021-07-01T13:40:37,100.0,13.35,B
2021-07-01T13:40:34,100.0,13.35,B
2021-07-01T13:40:33,700.0,13.3,S
2021-07-01T13:40:30,27700.0,13.3,S
2021-07-01T13:40:29,8900.0,13.3,S
2021-07-01T13:40:28,10000.0,13.3,S
2021-07-01T13:40:27,10000.0,13.3,S
2021-07-01T13:40:27,5000.0,13.3,S
2021-07-01T13:40:26,200.0,13.3,S
2021-07-01T13:40:26,200.0,13.35,B
2021-07-01T13:40:22,1000.0,13.35,B
2021-07-01T13:40:21,2000.0,13.3,S
2021-07-01T13:40:19,200.0,13.35,B
2021-07-01T13:40:18,2000.0,13.3,S
2021-07-01T13:40:16,200.0,13.3,S
2021-07-01T13:40:14,4100.0,13.35,S
2021-07-01T13:40:13,500.0,13.4,B
2021-07-01T13:40:09,100.0,13.4,B
2021-07-01T13:40:08,1000.0,13.4,B
2021-07-01T13:40:08,200.0,13.4,B
2021-07-01T13:40:07,100.0,13.35,S
2021-07-01T13:40:04,10000.0,13.4,B
2021-07-01T13:39:58,3800.0,13.4,S
2021-07-01T13:39:57,5000.0,13.35,S
2021-07-01T13:39:56,1500.0,13.4,S
2021-07-01T13:39:53,500.0,13.4,S
2021-07-01T13:39:52,100.0,13.4,S
2021-07-01T13:39:51,66700.0,13.4,S
2021-07-01T13:39:51,5000.0,13.4,S
2021-07-01T13:39:49,2500.0,13.4,S
2021-07-01T13:39:49,2000.0,13.45,S
2021-07-01T13:39:49,1500.0,13.45,S
2021-07-01T13:39:49,6000.0,13.4,S
2021-07-01T13:39:44,100.0,13.4,S
2021-07-01T13:39:42,1000.0,13.4,S
2021-07-01T13:39:42,20000.0,13.4,S
2021-07-01T13:39:40,1000.0,13.45,S
2021-07-01T13:39:39,7300.0,13.4,S
2021-07-01T13:39:39,9700.0,13.4,S
2021-07-01T13:39:39,4600.0,13.4,S
2021-07-01T13:39:39,100.0,13.4,S
2021-07-01T13:39:38,1900.0,13.45,S
2021-07-01T13:39:38,4300.0,13.45,S
2021-07-01T13:39:37,2000.0,13.45,S
2021-07-01T13:39:37,3000.0,13.45,S
2021-07-01T13:39:32,300.0,13.5,S
2021-07-01T13:39:31,3700.0,13.45,S
2021-07-01T13:39:31,1000.0,13.45,S
2021-07-01T13:39:31,1300.0,13.45,S
2021-07-01T13:39:30,500.0,13.45,S
2021-07-01T13:39:30,17800.0,13.45,S
2021-07-01T13:39:30,1000.0,13.5,S
2021-07-01T13:39:29,200.0,13.5,S
2021-07-01T13:39:29,1000.0,13.5,S
2021-07-01T13:39:29,4000.0,13.5,S
2021-07-01T13:39:28,11300.0,13.5,S
2021-07-01T13:39:28,1600.0,13.5,S
2021-07-01T13:39:28,2000.0,13.5,S
2021-07-01T13:39:28,1400.0,13.5,S
2021-07-01T13:39:28,30800.0,13.5,S
2021-07-01T13:39:28,3900.0,13.5,S
2021-07-01T13:39:28,19000.0,13.5,S
2021-07-01T13:39:28,100.0,13.5,S
2021-07-01T13:39:28,5900.0,13.5,S
2021-07-01T13:39:25,1000.0,13.5,S
2021-07-01T13:39:24,1700.0,13.5,S
2021-07-01T13:39:24,300.0,13.5,S
2021-07-01T13:39:22,1400.0,13.5,S
2021-07-01T13:39:18,100.0,13.5,S
2021-07-01T13:39:17,5000.0,13.5,S
2021-07-01T13:39:09,5000.0,13.5,S
2021-07-01T13:39:08,100.0,13.5,S
2021-07-01T13:39:05,300.0,13.55,B
2021-07-01T13:39:05,3100.0,13.55,B
2021-07-01T13:39:05,1100.0,13.55,B
2021-07-01T13:39:05,1800.0,13.55,B
2021-07-01T13:39:05,1000.0,13.55,B
2021-07-01T13:39:05,3000.0,13.55,B
2021-07-01T13:38:58,1000.0,13.5,S
2021-07-01T13:38:55,800.0,13.55,B
2021-07-01T13:38:52,1000.0,13.5,S
2021-07-01T13:38:49,200.0,13.5,S
2021-07-01T13:38:45,800.0,13.55,B
2021-07-01T13:38:37,2500.0,13.55,B
2021-07-01T13:38:34,1000.0,13.55,B
2021-07-01T13:38:33,2000.0,13.55,B
2021-07-01T13:38:27,23100.0,13.5,S
2021-07-01T13:38:27,8100.0,13.5,S
2021-07-01T13:38:27,7100.0,13.5,S
2021-07-01T13:38:27,2800.0,13.5,S
2021-07-01T13:38:27,1000.0,13.5,S
2021-07-01T13:38:27,12600.0,13.5,S
2021-07-01T13:38:27,45300.0,13.5,S
2021-07-01T13:38:25,2000.0,13.55,B
2021-07-01T13:38:23,500.0,13.55,B
2021-07-01T13:38:22,300.0,13.55,B
2021-07-01T13:38:16,2000.0,13.55,B
2021-07-01T13:38:16,200.0,13.55,B
2021-07-01T13:38:07,6600.0,13.55,B
2021-07-01T13:38:06,1000.0,13.5,S
2021-07-01T13:38:03,1000.0,13.55,B
2021-07-01T13:38:03,2000.0,13.55,B
2021-07-01T13:37:58,400.0,13.55,B
2021-07-01T13:37:58,8400.0,13.55,B
2021-07-01T13:37:56,1000.0,13.5,S
2021-07-01T13:37:50,1000.0,13.55,B
2021-07-01T13:37:46,2200.0,13.5,S
2021-07-01T13:37:46,5000.0,13.55,B
2021-07-01T13:37:36,600.0,13.55,B
2021-07-01T13:37:35,1000.0,13.55,B
2021-07-01T13:37:35,2000.0,13.5,S
2021-07-01T13:37:33,500.0,13.5,S
2021-07-01T13:37:27,9500.0,13.55,B
2021-07-01T13:37:25,3000.0,13.5,S
2021-07-01T13:37:20,1300.0,13.55,B
2021-07-01T13:37:20,2000.0,13.5,S
2021-07-01T13:37:15,5000.0,13.55,B
2021-07-01T13:37:11,14000.0,13.55,B
2021-07-01T13:37:09,2000.0,13.55,B
2021-07-01T13:37:07,1000.0,13.5,S
2021-07-01T13:37:06,100.0,13.55,B
2021-07-01T13:37:04,500.0,13.5,S
2021-07-01T13:37:01,1000.0,13.5,S
2021-07-01T13:37:01,300.0,13.5,S
2021-07-01T13:36:56,1000.0,13.55,B
2021-07-01T13:36:53,8000.0,13.55,B
2021-07-01T13:36:51,10000.0,13.5,S
2021-07-01T13:36:49,400.0,13.5,S
2021-07-01T13:36:48,1800.0,13.5,S
2021-07-01T13:36:41,5000.0,13.45,S
2021-07-01T13:36:39,1000.0,13.5,B
2021-07-01T13:36:38,2200.0,13.5,B
2021-07-01T13:36:37,500.0,13.5,B
2021-07-01T13:36:36,2100.0,13.65,B
2021-07-01T13:36:36,42000.0,13.65,B
2021-07-01T13:36:36,8400.0,13.65,B
2021-07-01T13:36:36,17600.0,13.65,B
2021-07-01T13:36:36,900.0,13.6,B
2021-07-01T13:36:35,12700.0,13.6,B
2021-07-01T13:36:35,100.0,13.6,B
2021-07-01T13:36:35,700.0,13.6,B
2021-07-01T13:36:35,1200.0,13.6,B
2021-07-01T13:36:35,15100.0,13.6,B
2021-07-01T13:36:35,100.0,13.6,B
2021-07-01T13:36:35,2200.0,13.6,B
2021-07-01T13:36:35,3400.0,13.6,B
2021-07-01T13:36:35,10100.0,13.6,B
2021-07-01T13:36:35,1500.0,13.6,B
2021-07-01T13:36:35,14000.0,13.6,B
2021-07-01T13:36:35,3600.0,13.6,B
2021-07-01T13:36:35,1600.0,13.6,B
2021-07-01T13:36:35,5200.0,13.6,B
2021-07-01T13:36:35,14400.0,13.6,B
2021-07-01T13:36:35,9400.0,13.6,B
2021-07-01T13:36:35,1100.0,13.6,B
2021-07-01T13:36:35,5300.0,13.6,B
2021-07-01T13:36:35,30200.0,13.6,B
2021-07-01T13:36:35,13700.0,13.6,B
2021-07-01T13:36:35,4100.0,13.6,B
2021-07-01T13:36:35,500.0,13.6,B
2021-07-01T13:36:35,1700.0,13.6,B
2021-07-01T13:36:35,1300.0,13.6,B
2021-07-01T13:36:35,1000.0,13.6,B
2021-07-01T13:36:35,20000.0,13.6,B
2021-07-01T13:36:35,5000.0,13.6,B
2021-07-01T13:36:35,7100.0,13.6,B
2021-07-01T13:36:35,6600.0,13.6,B
2021-07-01T13:36:35,20600.0,13.6,B
2021-07-01T13:36:35,1700.0,13.6,B
2021-07-01T13:36:35,1800.0,13.6,B
2021-07-01T13:36:35,200.0,13.6,B
2021-07-01T13:36:35,138000.0,13.6,B
2021-07-01T13:36:35,1700.0,13.55,B
2021-07-01T13:36:35,2500.0,13.55,B
2021-07-01T13:36:35,2100.0,13.55,B
2021-07-01T13:36:35,600.0,13.55,B
2021-07-01T13:36:35,1700.0,13.55,B
2021-07-01T13:36:34,600.0,13.55,B
2021-07-01T13:36:34,14600.0,13.55,B
2021-07-01T13:36:34,294400.0,13.55,B
2021-07-01T13:36:34,50800.0,13.55,B
2021-07-01T13:36:33,2000.0,13.55,B
2021-07-01T13:36:33,14200.0,13.55,B
2021-07-01T13:36:33,7600.0,13.55,B
2021-07-01T13:36:33,5800.0,13.5,B
2021-07-01T13:36:33,10000.0,13.5,B
2021-07-01T13:36:33,6600.0,13.5,B
2021-07-01T13:36:33,24600.0,13.5,B
2021-07-01T13:36:33,5000.0,13.5,B
2021-07-01T13:36:33,29500.0,13.5,B
2021-07-01T13:36:33,1200.0,13.5,B
2021-07-01T13:36:33,2300.0,13.5,B
2021-07-01T13:36:33,10000.0,13.5,B
2021-07-01T13:36:33,11100.0,13.5,B
2021-07-01T13:36:33,5700.0,13.5,B
2021-07-01T13:36:33,3500.0,13.5,B
2021-07-01T13:36:33,15700.0,13.5,B
2021-07-01T13:36:33,1000.0,13.5,B
2021-07-01T13:36:30,15000.0,13.45,S
2021-07-01T13:36:30,5000.0,13.45,S
2021-07-01T13:36:26,18000.0,13.5,B
2021-07-01T13:36:23,100.0,13.5,B
2021-07-01T13:36:22,3500.0,13.5,B
2021-07-01T13:36:22,200.0,13.5,B
2021-07-01T13:36:21,100.0,13.5,B
2021-07-01T13:36:20,20000.0,13.45,S
2021-07-01T13:36:19,1000.0,13.5,B
2021-07-01T13:36:16,1500.0,13.5,B
2021-07-01T13:36:14,1300.0,13.5,B
2021-07-01T13:36:11,800.0,13.5,B
2021-07-01T13:36:07,2800.0,13.5,B
2021-07-01T13:36:07,200.0,13.5,B
2021-07-01T13:36:05,500.0,13.5,B
2021-07-01T13:36:04,100.0,13.5,B
2021-07-01T13:36:02,5000.0,13.5,B
2021-07-01T13:35:59,3300.0,13.5,B
2021-07-01T13:35:56,1000.0,13.5,B
2021-07-01T13:35:54,300.0,13.5,B
2021-07-01T13:35:53,3000.0,13.5,B
2021-07-01T13:35:53,15100.0,13.5,B
2021-07-01T13:35:49,300.0,13.5,S
2021-07-01T13:35:46,1000.0,13.5,S
2021-07-01T13:35:46,100.0,13.5,S
2021-07-01T13:35:44,4000.0,13.55,B
2021-07-01T13:35:44,500.0,13.5,S
2021-07-01T13:35:43,20000.0,13.55,B
2021-07-01T13:35:41,500.0,13.5,S
2021-07-01T13:35:41,3500.0,13.5,S
2021-07-01T13:35:41,6100.0,13.5,S
2021-07-01T13:35:39,200.0,13.5,S
2021-07-01T13:35:38,500.0,13.5,S
2021-07-01T13:35:37,300.0,13.5,S
2021-07-01T13:35:36,10000.0,13.5,S
2021-07-01T13:35:35,1000.0,13.5,S
2021-07-01T13:35:35,2200.0,13.55,B
2021-07-01T13:35:35,2900.0,13.5,S
2021-07-01T13:35:33,500.0,13.5,S
2021-07-01T13:35:33,11100.0,13.5,S
2021-07-01T13:35:32,1900.0,13.55,B
2021-07-01T13:35:30,100.0,13.5,S
2021-07-01T13:35:30,2000.0,13.5,S
2021-07-01T13:35:27,1200.0,13.5,S
2021-07-01T13:35:26,3000.0,13.5,S
2021-07-01T13:35:23,300.0,13.5,S
2021-07-01T13:35:19,1000.0,13.5,S
2021-07-01T13:35:18,200.0,13.5,S
2021-07-01T13:35:18,2300.0,13.5,S
2021-07-01T13:35:18,2300.0,13.5,S
2021-07-01T13:35:18,1700.0,13.5,S
2021-07-01T13:35:18,5900.0,13.5,S
2021-07-01T13:35:18,1000.0,13.5,S
2021-07-01T13:35:18,2900.0,13.5,S
2021-07-01T13:35:18,19000.0,13.5,S
2021-07-01T13:35:18,14100.0,13.5,S
2021-07-01T13:35:18,2000.0,13.5,S
2021-07-01T13:35:18,35500.0,13.5,S
2021-07-01T13:35:18,13300.0,13.5,S
2021-07-01T13:35:17,3000.0,13.5,S
2021-07-01T13:35:16,500.0,13.5,S
2021-07-01T13:35:16,500.0,13.5,S
2021-07-01T13:35:13,20000.0,13.5,S
2021-07-01T13:35:10,600.0,13.5,S
2021-07-01T13:35:08,300.0,13.55,B
2021-07-01T13:35:07,200.0,13.5,S
2021-07-01T13:35:05,4000.0,13.5,S
2021-07-01T13:35:03,100.0,13.5,S
2021-07-01T13:35:02,1000.0,13.5,S
2021-07-01T13:35:01,400.0,13.55,B
2021-07-01T13:34:57,3000.0,13.5,S
2021-07-01T13:34:55,3600.0,13.5,S
2021-07-01T13:34:55,10000.0,13.5,S
2021-07-01T13:34:55,16400.0,13.5,S
2021-07-01T13:34:51,2000.0,13.5,S
2021-07-01T13:34:50,10000.0,13.5,S
2021-07-01T13:34:48,2000.0,13.5,B
2021-07-01T13:34:48,1000.0,13.5,B
2021-07-01T13:34:47,500.0,13.5,B
2021-07-01T13:34:41,1000.0,13.55,B
2021-07-01T13:34:39,3000.0,13.5,B
2021-07-01T13:34:38,500.0,13.5,B
2021-07-01T13:34:36,300.0,13.5,B
2021-07-01T13:34:36,5000.0,13.55,B
2021-07-01T13:34:34,2000.0,13.5,B
2021-07-01T13:34:31,9100.0,13.5,B
2021-07-01T13:34:31,600.0,13.5,B
2021-07-01T13:34:29,2000.0,13.55,B
2021-07-01T13:34:25,1600.0,13.55,B
2021-07-01T13:34:25,500.0,13.5,B
2021-07-01T13:34:24,50000.0,13.5,B
2021-07-01T13:34:23,1000.0,13.5,B
2021-07-01T13:34:22,2000.0,13.55,B
2021-07-01T13:34:22,200.0,13.5,B
2021-07-01T13:34:21,20000.0,13.5,B
2021-07-01T13:34:21,800.0,13.5,B
2021-07-01T13:34:20,2500.0,13.5,B
2021-07-01T13:34:20,2000.0,13.5,B
2021-07-01T13:34:18,1100.0,13.5,B
2021-07-01T13:34:18,50000.0,13.5,B
2021-07-01T13:34:17,300.0,13.5,B
2021-07-01T13:34:09,100.0,13.5,B
2021-07-01T13:34:07,4900.0,13.5,B
2021-07-01T13:34:06,100.0,13.5,B
2021-07-01T13:34:03,1600.0,13.5,B
2021-07-01T13:34:03,1000.0,13.5,B
2021-07-01T13:34:03,10000.0,13.5,B
2021-07-01T13:34:03,1000.0,13.5,B
2021-07-01T13:34:03,3200.0,13.5,B
2021-07-01T13:34:03,3200.0,13.5,B
2021-07-01T13:34:03,2000.0,13.5,B
2021-07-01T13:34:03,1100.0,13.5,B
2021-07-01T13:34:03,16500.0,13.5,B
2021-07-01T13:34:03,500.0,13.5,B
2021-07-01T13:34:03,2000.0,13.5,B
2021-07-01T13:34:03,4600.0,13.5,B
2021-07-01T13:34:02,4000.0,13.5,B
2021-07-01T13:34:01,1000.0,13.5,B
2021-07-01T13:33:58,3000.0,13.5,B
2021-07-01T13:33:58,400.0,13.5,B
2021-07-01T13:33:57,2000.0,13.5,B
2021-07-01T13:33:56,100.0,13.5,B
2021-07-01T13:33:55,200.0,13.5,B
2021-07-01T13:33:55,200.0,13.5,B
2021-07-01T13:33:54,100.0,13.5,B
2021-07-01T13:33:54,4500.0,13.5,B
2021-07-01T13:33:54,1000.0,13.5,B
2021-07-01T13:33:53,10400.0,13.5,B
2021-07-01T13:33:53,20000.0,13.5,B
2021-07-01T13:33:52,12900.0,13.5,B
2021-07-01T13:33:50,10000.0,13.5,B
2021-07-01T13:33:50,500.0,13.5,B
2021-07-01T13:33:49,100.0,13.5,B
2021-07-01T13:33:48,2000.0,13.5,B
2021-07-01T13:33:48,500.0,13.5,B
2021-07-01T13:33:47,1000.0,13.5,B
2021-07-01T13:33:47,100.0,13.5,B
2021-07-01T13:33:44,3000.0,13.5,B
2021-07-01T13:33:43,10000.0,13.5,B
2021-07-01T13:33:43,5500.0,13.5,B
2021-07-01T13:33:40,500.0,13.45,S
2021-07-01T13:33:38,4000.0,13.5,B
2021-07-01T13:33:38,10000.0,13.5,B
2021-07-01T13:33:36,2300.0,13.5,B
2021-07-01T13:33:36,9500.0,13.5,B
2021-07-01T13:33:36,200.0,13.5,B
2021-07-01T13:33:35,300.0,13.5,B
2021-07-01T13:33:35,200.0,13.5,B
2021-07-01T13:33:34,100.0,13.5,B
2021-07-01T13:33:32,5400.0,13.5,B
2021-07-01T13:33:31,5000.0,13.5,B
2021-07-01T13:33:28,4000.0,13.5,B
2021-07-01T13:33:27,1000.0,13.5,B
2021-07-01T13:33:26,3000.0,13.5,B
2021-07-01T13:33:25,12700.0,13.5,B
2021-07-01T13:33:25,287300.0,13.5,B
2021-07-01T13:33:23,400.0,13.5,B
2021-07-01T13:33:22,100.0,13.45,S
2021-07-01T13:33:20,2300.0,13.5,B
2021-07-01T13:33:20,25900.0,13.5,B
2021-07-01T13:33:19,1100.0,13.5,B
2021-07-01T13:33:17,1000.0,13.5,B
2021-07-01T13:33:17,100.0,13.5,B
2021-07-01T13:33:15,10000.0,13.5,B
2021-07-01T13:33:13,300.0,13.45,S
2021-07-01T13:33:13,20500.0,13.5,B
2021-07-01T13:33:12,2000.0,13.5,B
2021-07-01T13:33:11,1000.0,13.5,B
2021-07-01T13:33:10,5300.0,13.5,B
2021-07-01T13:33:09,20000.0,13.45,S
2021-07-01T13:33:06,500.0,13.5,B
2021-07-01T13:33:05,300.0,13.5,B
2021-07-01T13:33:04,500.0,13.5,B
2021-07-01T13:33:03,1800.0,13.5,B
2021-07-01T13:33:01,8300.0,13.5,B
2021-07-01T13:33:01,21100.0,13.5,B
2021-07-01T13:33:01,7000.0,13.5,B
2021-07-01T13:33:01,40700.0,13.5,B
2021-07-01T13:33:01,2600.0,13.5,B
2021-07-01T13:33:01,100.0,13.5,B
2021-07-01T13:33:01,20200.0,13.5,B
2021-07-01T13:32:59,1500.0,13.5,B
2021-07-01T13:32:59,4600.0,13.5,B
2021-07-01T13:32:58,1000.0,13.45,S
2021-07-01T13:32:56,14900.0,13.5,B
2021-07-01T13:32:56,4700.0,13.5,B
2021-07-01T13:32:56,1000.0,13.5,B
2021-07-01T13:32:56,30700.0,13.5,B
2021-07-01T13:32:56,1700.0,13.5,B
2021-07-01T13:32:56,8200.0,13.5,B
2021-07-01T13:32:56,2200.0,13.5,B
2021-07-01T13:32:56,27000.0,13.5,B
2021-07-01T13:32:56,200.0,13.5,B
2021-07-01T13:32:56,1500.0,13.45,S
2021-07-01T13:32:55,300.0,13.45,S
2021-07-01T13:32:53,100.0,13.5,B
2021-07-01T13:32:49,4000.0,13.5,B
2021-07-01T13:32:45,7000.0,13.5,B
2021-07-01T13:32:44,5200.0,13.5,B
2021-07-01T13:32:43,1000.0,13.5,B
2021-07-01T13:32:41,5000.0,13.5,B
2021-07-01T13:32:40,100.0,13.45,S
2021-07-01T13:32:40,100.0,13.45,S
2021-07-01T13:32:39,100000.0,13.45,S
2021-07-01T13:32:39,1000.0,13.5,B
2021-07-01T13:32:38,5000.0,13.45,S
2021-07-01T13:32:37,100.0,13.45,S
2021-07-01T13:32:36,500.0,13.45,S
2021-07-01T13:32:32,300.0,13.5,B
2021-07-01T13:32:32,3400.0,13.5,B
2021-07-01T13:32:32,46300.0,13.5,B
2021-07-01T13:32:31,4500.0,13.5,B
2021-07-01T13:32:30,1100.0,13.5,B
2021-07-01T13:32:27,1000.0,13.45,S
2021-07-01T13:32:26,5000.0,13.45,S
2021-07-01T13:32:25,500.0,13.45,S
2021-07-01T13:32:24,2000.0,13.45,S
2021-07-01T13:32:24,2000.0,13.45,S
2021-07-01T13:32:22,1000.0,13.45,S
2021-07-01T13:32:22,1000.0,13.45,S
2021-07-01T13:32:19,500.0,13.45,S
2021-07-01T13:32:10,100.0,13.45,S
2021-07-01T13:32:10,100.0,13.45,S
2021-07-01T13:32:09,1000.0,13.45,S
2021-07-01T13:32:09,100.0,13.5,B
2021-07-01T13:32:08,500.0,13.45,S
2021-07-01T13:31:57,4000.0,13.45,S
2021-07-01T13:31:54,500.0,13.45,B
2021-07-01T13:31:53,1000.0,13.45,B
2021-07-01T13:31:51,14300.0,13.45,B
2021-07-01T13:31:51,12000.0,13.45,B
2021-07-01T13:31:51,100.0,13.45,B
2021-07-01T13:31:51,7000.0,13.45,B
2021-07-01T13:31:51,22000.0,13.45,B
2021-07-01T13:31:51,32700.0,13.45,B
2021-07-01T13:31:51,300.0,13.45,B
2021-07-01T13:31:50,52800.0,13.45,B
2021-07-01T13:31:50,5800.0,13.45,B
2021-07-01T13:31:50,7000.0,13.45,B
2021-07-01T13:31:50,32000.0,13.45,B
2021-07-01T13:31:50,1200.0,13.45,B
2021-07-01T13:31:50,1000.0,13.45,B
2021-07-01T13:31:50,54200.0,13.45,B
2021-07-01T13:31:50,5300.0,13.45,B
2021-07-01T13:31:50,25800.0,13.45,B
2021-07-01T13:31:50,1400.0,13.45,B
2021-07-01T13:31:50,4000.0,13.45,B
2021-07-01T13:31:50,5500.0,13.45,B
2021-07-01T13:31:50,1600.0,13.45,B
2021-07-01T13:31:50,2500.0,13.45,B
2021-07-01T13:31:50,22800.0,13.45,B
2021-07-01T13:31:50,11000.0,13.4,B
2021-07-01T13:31:50,8400.0,13.4,B
2021-07-01T13:31:50,10000.0,13.4,B
2021-07-01T13:31:50,1600.0,13.4,B
2021-07-01T13:31:50,1000.0,13.4,B
2021-07-01T13:31:50,600.0,13.4,B
2021-07-01T13:31:49,1100.0,13.4,B
2021-07-01T13:31:49,2100.0,13.4,B
2021-07-01T13:31:49,600.0,13.4,B
2021-07-01T13:31:49,200.0,13.4,B
2021-07-01T13:31:49,5100.0,13.4,B
2021-07-01T13:31:49,800.0,13.4,B
2021-07-01T13:31:49,12200.0,13.4,B
2021-07-01T13:31:49,1000.0,13.4,B
2021-07-01T13:31:49,1000.0,13.4,B
2021-07-01T13:31:49,7500.0,13.4,B
2021-07-01T13:31:49,92600.0,13.4,B
2021-07-01T13:31:47,200.0,13.4,B
2021-07-01T13:31:45,300.0,13.4,B
2021-07-01T13:31:42,400.0,13.4,B
2021-07-01T13:31:33,1000.0,13.35,S
2021-07-01T13:31:32,2100.0,13.35,S
2021-07-01T13:31:28,3700.0,13.4,B
2021-07-01T13:31:25,1900.0,13.4,B
2021-07-01T13:31:22,500.0,13.4,B
2021-07-01T13:31:21,2000.0,13.4,B
2021-07-01T13:31:20,100.0,13.35,S
2021-07-01T13:31:00,300.0,13.4,B
2021-07-01T13:30:56,2000.0,13.35,S
2021-07-01T13:30:51,100.0,13.4,B
2021-07-01T13:30:49,4000.0,13.4,B
2021-07-01T13:30:46,100.0,13.4,B
2021-07-01T13:30:44,4500.0,13.4,B
2021-07-01T13:30:43,300.0,13.4,B
2021-07-01T13:30:42,200.0,13.4,B
2021-07-01T13:30:42,18900.0,13.4,B
2021-07-01T13:30:42,900.0,13.4,B
2021-07-01T13:30:41,700.0,13.4,B
2021-07-01T13:30:35,200.0,13.35,S
2021-07-01T13:30:19,15600.0,13.4,B
2021-07-01T13:30:18,100.0,13.35,S
2021-07-01T13:30:18,5000.0,13.35,S
2021-07-01T13:30:17,3000.0,13.4,B
2021-07-01T13:30:17,100.0,13.35,S
2021-07-01T13:30:16,100.0,13.4,B
2021-07-01T13:30:13,1000.0,13.35,S
2021-07-01T13:30:12,100.0,13.35,S
2021-07-01T13:30:03,12000.0,13.4,B
2021-07-01T13:30:02,200.0,13.4,B
2021-07-01T13:30:00,1500.0,13.4,B
2021-07-01T13:30:00,200.0,13.4,B
2021-07-01T13:30:00,800.0,13.4,B
2021-07-01T13:29:56,500.0,13.4,B
2021-07-01T13:29:56,2500.0,13.4,B
2021-07-01T13:29:51,100.0,13.35,S
2021-07-01T13:29:47,400.0,13.35,S
2021-07-01T13:29:46,500.0,13.4,B
2021-07-01T13:29:46,2400.0,13.35,S
2021-07-01T13:29:31,300.0,13.4,B
2021-07-01T13:29:22,5400.0,13.4,B
2021-07-01T13:29:22,1800.0,13.4,B
2021-07-01T13:29:22,8700.0,13.4,B
2021-07-01T13:29:22,14100.0,13.4,B
2021-07-01T13:29:20,6000.0,13.4,B
2021-07-01T13:29:18,1000.0,13.4,B
2021-07-01T13:29:12,100.0,13.35,S
2021-07-01T13:29:03,500.0,13.35,S
2021-07-01T13:28:58,4600.0,13.4,B
2021-07-01T13:28:31,2000.0,13.3,B
2021-07-01T13:28:26,7900.0,13.4,B
2021-07-01T13:28:26,500.0,13.4,B
2021-07-01T13:28:26,14400.0,13.4,B
2021-07-01T13:28:26,7600.0,13.4,B
2021-07-01T13:28:25,2000.0,13.4,B
2021-07-01T13:28:25,20000.0,13.4,B
2021-07-01T13:28:25,3500.0,13.4,B
2021-07-01T13:28:25,1100.0,13.4,B
2021-07-01T13:28:25,100.0,13.4,B
2021-07-01T13:28:25,100.0,13.4,B
2021-07-01T13:28:25,3600.0,13.4,B
2021-07-01T13:28:25,17300.0,13.4,B
2021-07-01T13:28:25,37200.0,13.4,B
2021-07-01T13:28:25,4300.0,13.4,B
2021-07-01T13:28:25,28000.0,13.4,B
2021-07-01T13:28:25,13600.0,13.35,B
2021-07-01T13:28:25,11100.0,13.35,B
2021-07-01T13:28:25,1000.0,13.35,B
2021-07-01T13:28:24,26700.0,13.35,B
2021-07-01T13:28:19,200.0,13.3,B
2021-07-01T13:28:13,10000.0,13.3,B
2021-07-01T13:28:11,700.0,13.3,B
2021-07-01T13:28:11,1500.0,13.3,B
2021-07-01T13:28:11,10800.0,13.3,B
2021-07-01T13:28:11,7700.0,13.3,B
2021-07-01T13:28:11,15800.0,13.3,B
2021-07-01T13:28:11,100.0,13.3,B
2021-07-01T13:28:11,5200.0,13.3,B
2021-07-01T13:28:11,14100.0,13.3,B
2021-07-01T13:28:11,16900.0,13.3,B
2021-07-01T13:28:11,10000.0,13.3,B
2021-07-01T13:28:11,1600.0,13.3,B
2021-07-01T13:28:11,2600.0,13.3,B
2021-07-01T13:28:11,2200.0,13.3,B
2021-07-01T13:28:11,500.0,13.3,B
2021-07-01T13:28:11,60800.0,13.3,B
2021-07-01T13:28:11,1800.0,13.3,B
2021-07-01T13:28:08,6500.0,13.3,B
2021-07-01T13:28:02,200.0,13.25,S
2021-07-01T13:28:01,10000.0,13.3,B
2021-07-01T13:27:53,200.0,13.3,B
2021-07-01T13:27:53,10500.0,13.3,B
2021-07-01T13:27:53,5200.0,13.3,B
2021-07-01T13:27:53,5800.0,13.3,B
2021-07-01T13:27:53,100.0,13.3,B
2021-07-01T13:27:53,900.0,13.3,B
2021-07-01T13:27:53,50500.0,13.3,B
2021-07-01T13:27:53,1200.0,13.3,B
2021-07-01T13:27:53,1300.0,13.3,B
2021-07-01T13:27:53,5300.0,13.3,B
2021-07-01T13:27:53,1000.0,13.3,B
2021-07-01T13:27:53,12200.0,13.3,B
2021-07-01T13:27:53,700.0,13.3,B
2021-07-01T13:27:53,4200.0,13.3,B
2021-07-01T13:27:52,1100.0,13.3,B
2021-07-01T13:27:51,1900.0,13.3,B
2021-07-01T13:27:50,68300.0,13.25,S
2021-07-01T13:27:43,10000.0,13.25,S
2021-07-01T13:27:35,400.0,13.25,S
2021-07-01T13:27:30,5000.0,13.25,B
2021-07-01T13:27:25,2500.0,13.25,B
2021-07-01T13:27:25,8200.0,13.25,B
2021-07-01T13:27:25,50600.0,13.25,B
2021-07-01T13:27:25,2000.0,13.25,B
2021-07-01T13:27:25,11100.0,13.25,B
2021-07-01T13:27:25,6200.0,13.25,B
2021-07-01T13:27:25,8200.0,13.25,B
2021-07-01T13:27:25,35700.0,13.25,B
2021-07-01T13:27:25,34700.0,13.25,B
2021-07-01T13:27:24,1900.0,13.25,B
2021-07-01T13:27:24,98600.0,13.25,B
2021-07-01T13:27:24,6900.0,13.2,B
2021-07-01T13:27:24,4100.0,13.2,B
2021-07-01T13:27:24,10000.0,13.2,B
2021-07-01T13:27:23,900.0,13.2,B
2021-07-01T13:27:23,22600.0,13.2,B
2021-07-01T13:27:23,14900.0,13.2,B
2021-07-01T13:27:23,10200.0,13.2,B
2021-07-01T13:27:23,20000.0,13.2,B
2021-07-01T13:27:23,14600.0,13.2,B
2021-07-01T13:27:23,20000.0,13.2,B
2021-07-01T13:27:23,102400.0,13.2,B
2021-07-01T13:27:23,28400.0,13.15,B
2021-07-01T13:27:23,60500.0,13.15,B
2021-07-01T13:27:22,1000.0,13.15,B
2021-07-01T13:27:22,11700.0,13.15,B
2021-07-01T13:27:22,71300.0,13.15,B
2021-07-01T13:27:21,200.0,13.1,S
2021-07-01T13:27:21,2700.0,13.1,S
2021-07-01T13:27:19,5100.0,13.1,S
2021-07-01T13:27:13,200.0,13.15,B
2021-07-01T13:27:09,500.0,13.1,S
2021-07-01T13:26:52,100.0,13.15,B
2021-07-01T13:26:52,1000.0,13.1,S
2021-07-01T13:26:42,500.0,13.1,S
2021-07-01T13:26:42,2500.0,13.1,S
2021-07-01T13:26:27,200.0,13.1,S
2021-07-01T13:26:26,800.0,13.1,S
2021-07-01T13:26:08,2000.0,13.1,S
2021-07-01T13:26:05,400.0,13.1,S
2021-07-01T13:25:49,1500.0,13.1,S
2021-07-01T13:25:42,100.0,13.1,S
2021-07-01T13:25:37,2000.0,13.15,B
2021-07-01T13:25:33,3000.0,13.1,S
2021-07-01T13:25:27,500.0,13.15,B
2021-07-01T13:25:07,100.0,13.15,B
2021-07-01T13:24:57,100.0,13.15,B
2021-07-01T13:24:53,900.0,13.1,S
2021-07-01T13:24:53,2000.0,13.15,B
2021-07-01T13:24:45,200.0,13.15,B
2021-07-01T13:24:28,100.0,13.15,B
2021-07-01T13:24:16,600.0,13.15,B
2021-07-01T13:24:12,1800.0,13.1,S
2021-07-01T13:24:12,3500.0,13.1,S
2021-07-01T13:24:12,100.0,13.1,S
2021-07-01T13:24:12,400.0,13.1,S
2021-07-01T13:24:12,6000.0,13.1,S
2021-07-01T13:24:12,6200.0,13.1,S
2021-07-01T13:24:12,2000.0,13.1,S
2021-07-01T13:23:57,1100.0,13.15,B
2021-07-01T13:23:53,200.0,13.15,B
2021-07-01T13:23:52,22700.0,13.15,B
2021-07-01T13:23:44,200.0,13.15,B
2021-07-01T13:23:43,100.0,13.15,B
2021-07-01T13:23:41,300.0,13.15,B
2021-07-01T13:23:26,500.0,13.15,B
2021-07-01T13:23:25,200.0,13.1,S
2021-07-01T13:23:25,4900.0,13.1,S
2021-07-01T13:23:18,200.0,13.15,B
2021-07-01T13:23:06,3800.0,13.15,B
2021-07-01T13:22:40,1000.0,13.15,B
2021-07-01T13:22:27,200.0,13.15,S
2021-07-01T13:22:25,1200.0,13.15,S
2021-07-01T13:22:24,100.0,13.15,S
2021-07-01T13:22:21,1000.0,13.15,S
2021-07-01T13:22:07,200.0,13.15,B
2021-07-01T13:22:01,18500.0,13.15,B
2021-07-01T13:21:48,300.0,13.15,B
2021-07-01T13:21:42,1000.0,13.15,B
2021-07-01T13:21:37,200.0,13.15,B
2021-07-01T13:21:28,10000.0,13.15,B
2021-07-01T13:21:08,1000.0,13.15,B
2021-07-01T13:21:06,100.0,13.1,S
2021-07-01T13:21:06,3000.0,13.1,S
2021-07-01T13:21:05,12900.0,13.1,S
2021-07-01T13:21:03,10000.0,13.15,B
2021-07-01T13:21:02,3000.0,13.15,B
2021-07-01T13:21:01,2000.0,13.15,B
2021-07-01T13:20:56,300.0,13.15,B
2021-07-01T13:20:51,2000.0,13.15,B
2021-07-01T13:20:38,1100.0,13.15,B
2021-07-01T13:20:27,10000.0,13.15,B
2021-07-01T13:20:15,100.0,13.15,B
2021-07-01T13:20:08,1000.0,13.15,B
2021-07-01T13:20:01,200.0,13.1,S
2021-07-01T13:20:00,300.0,13.15,S
2021-07-01T13:19:58,8600.0,13.15,S
2021-07-01T13:19:56,3000.0,13.15,S
2021-07-01T13:19:47,1000.0,13.15,S
2021-07-01T13:19:44,100.0,13.15,S
2021-07-01T13:19:42,300.0,13.15,S
2021-07-01T13:19:41,1600.0,13.15,B
2021-07-01T13:19:36,1400.0,13.15,B
2021-07-01T13:19:33,3600.0,13.15,B
2021-07-01T13:19:32,300.0,13.15,B
2021-07-01T13:19:28,5000.0,13.15,B
2021-07-01T13:19:28,42800.0,13.15,B
2021-07-01T13:19:27,1100.0,13.15,B
2021-07-01T13:19:25,1100.0,13.1,S
2021-07-01T13:19:23,400.0,13.1,S
2021-07-01T13:19:23,2500.0,13.1,S
2021-07-01T13:19:23,3000.0,13.1,S
2021-07-01T13:19:23,9100.0,13.1,S
2021-07-01T13:19:12,1000.0,13.1,S
2021-07-01T13:19:06,2000.0,13.15,B
2021-07-01T13:19:03,2000.0,13.15,B
2021-07-01T13:19:03,100.0,13.15,B
2021-07-01T13:18:57,1100.0,13.15,B
2021-07-01T13:18:51,100.0,13.1,S
2021-07-01T13:18:42,1000.0,13.15,B
2021-07-01T13:18:42,7000.0,13.1,S
2021-07-01T13:18:28,8400.0,13.1,S
2021-07-01T13:18:28,4500.0,13.1,S
2021-07-01T13:18:28,87100.0,13.1,S
2021-07-01T13:18:23,1000.0,13.15,B
2021-07-01T13:18:14,300.0,13.1,S
2021-07-01T13:18:13,300.0,13.15,B
2021-07-01T13:18:10,1000.0,13.1,S
2021-07-01T13:18:10,34000.0,13.15,B
2021-07-01T13:18:07,500.0,13.15,B
2021-07-01T13:18:06,2000.0,13.1,S
2021-07-01T13:18:02,700.0,13.15,B
2021-07-01T13:17:49,100.0,13.15,B
2021-07-01T13:17:48,20000.0,13.15,B
2021-07-01T13:17:47,1000.0,13.15,B
2021-07-01T13:17:47,17200.0,13.1,S
2021-07-01T13:17:47,1100.0,13.1,S
2021-07-01T13:17:47,31700.0,13.1,S
2021-07-01T13:17:44,100.0,13.15,B
2021-07-01T13:17:36,1000.0,13.15,B
2021-07-01T13:17:34,3000.0,13.15,B
2021-07-01T13:17:27,200.0,13.15,B
2021-07-01T13:17:24,1000.0,13.15,B
2021-07-01T13:17:22,20000.0,13.15,B
2021-07-01T13:17:20,200.0,13.15,B
2021-07-01T13:17:20,100.0,13.15,B
2021-07-01T13:17:13,4100.0,13.15,B
2021-07-01T13:17:03,2000.0,13.15,S
2021-07-01T13:17:01,300.0,13.15,S
2021-07-01T13:16:54,2300.0,13.15,S
2021-07-01T13:16:54,5000.0,13.15,S
2021-07-01T13:16:49,100.0,13.15,S
2021-07-01T13:16:45,1000.0,13.15,S
2021-07-01T13:16:38,4200.0,13.15,S
2021-07-01T13:16:35,100.0,13.2,B
2021-07-01T13:16:31,100.0,13.15,S
2021-07-01T13:16:29,2000.0,13.15,S
2021-07-01T13:16:27,5000.0,13.15,S
2021-07-01T13:16:25,1400.0,13.15,S
2021-07-01T13:16:25,4600.0,13.15,S
2021-07-01T13:16:24,2800.0,13.15,S
2021-07-01T13:16:23,7200.0,13.15,S
2021-07-01T13:16:21,3000.0,13.2,B
2021-07-01T13:16:16,2300.0,13.15,S
2021-07-01T13:16:14,5000.0,13.15,S
2021-07-01T13:16:10,10000.0,13.15,S
2021-07-01T13:16:07,200.0,13.15,S
2021-07-01T13:16:07,4000.0,13.15,S
2021-07-01T13:16:02,3000.0,13.15,S
2021-07-01T13:15:48,2000.0,13.15,S
2021-07-01T13:15:46,2000.0,13.15,S
2021-07-01T13:15:45,500.0,13.2,B
2021-07-01T13:15:42,3000.0,13.15,S
2021-07-01T13:15:40,100.0,13.2,B
2021-07-01T13:15:37,6500.0,13.2,B
2021-07-01T13:15:33,7000.0,13.15,S
2021-07-01T13:15:32,500.0,13.15,S
2021-07-01T13:15:27,1000.0,13.15,S
2021-07-01T13:15:20,3200.0,13.15,S
2021-07-01T13:15:07,3000.0,13.2,B
2021-07-01T13:15:06,900.0,13.15,S
2021-07-01T13:14:54,400.0,13.2,B
2021-07-01T13:14:51,800.0,13.2,B
2021-07-01T13:14:38,3000.0,13.2,B
2021-07-01T13:14:32,600.0,13.15,S
2021-07-01T13:14:31,200.0,13.15,S
2021-07-01T13:14:26,1000.0,13.2,B
2021-07-01T13:14:14,1100.0,13.2,B
2021-07-01T13:14:09,1000.0,13.2,B
2021-07-01T13:14:01,7000.0,13.15,S
2021-07-01T13:13:58,5000.0,13.15,S
2021-07-01T13:13:49,400.0,13.2,B
2021-07-01T13:13:39,1000.0,13.15,S
2021-07-01T13:13:39,2000.0,13.15,S
2021-07-01T13:13:38,8900.0,13.15,S
2021-07-01T13:13:36,8200.0,13.15,S
2021-07-01T13:13:35,1200.0,13.2,B
2021-07-01T13:13:26,100.0,13.15,S
2021-07-01T13:13:18,15000.0,13.15,S
2021-07-01T13:13:18,900.0,13.15,S
2021-07-01T13:13:14,6000.0,13.15,S
2021-07-01T13:13:08,500.0,13.2,B
2021-07-01T13:13:05,1000.0,13.15,S
2021-07-01T13:12:51,1700.0,13.15,S
2021-07-01T13:12:50,1500.0,13.15,S
2021-07-01T13:12:48,6600.0,13.15,S
2021-07-01T13:12:48,3400.0,13.15,S
2021-07-01T13:12:36,3000.0,13.15,S
2021-07-01T13:12:29,1000.0,13.15,S
2021-07-01T13:12:29,10000.0,13.15,S
2021-07-01T13:12:19,4000.0,13.15,S
2021-07-01T13:12:18,400.0,13.2,B
2021-07-01T13:12:17,3000.0,13.15,S
2021-07-01T13:12:15,200.0,13.15,S
2021-07-01T13:12:11,5600.0,13.15,S
2021-07-01T13:12:10,2000.0,13.2,B
2021-07-01T13:12:09,200.0,13.2,B
2021-07-01T13:12:04,400.0,13.2,B
2021-07-01T13:11:50,1000.0,13.15,S
2021-07-01T13:11:39,200.0,13.2,B
2021-07-01T13:11:31,1400.0,13.15,B
2021-07-01T13:11:31,2000.0,13.15,B
2021-07-01T13:11:31,8000.0,13.15,B
2021-07-01T13:11:30,18300.0,13.15,B
2021-07-01T13:11:25,1100.0,13.15,B
2021-07-01T13:11:21,2000.0,13.15,B
2021-07-01T13:11:17,1000.0,13.15,B
2021-07-01T13:11:14,2000.0,13.15,B
2021-07-01T13:11:09,5000.0,13.15,B
2021-07-01T13:11:05,1500.0,13.15,B
2021-07-01T13:11:03,200.0,13.15,B
2021-07-01T13:11:00,15000.0,13.15,B
2021-07-01T13:10:59,10000.0,13.1,S
2021-07-01T13:10:59,4900.0,13.15,B
2021-07-01T13:10:59,15100.0,13.15,B
2021-07-01T13:10:57,1600.0,13.15,B
2021-07-01T13:10:54,300.0,13.15,B
2021-07-01T13:10:47,3500.0,13.15,B
2021-07-01T13:10:35,3600.0,13.15,B
2021-07-01T13:10:32,300.0,13.15,B
2021-07-01T13:10:25,100.0,13.15,B
2021-07-01T13:10:23,100.0,13.15,B
2021-07-01T13:10:23,2000.0,13.15,B
2021-07-01T13:10:21,500.0,13.15,B
2021-07-01T13:10:19,200.0,13.15,B
2021-07-01T13:10:18,1000.0,13.15,B
2021-07-01T13:10:17,8000.0,13.1,S
2021-07-01T13:10:06,23000.0,13.15,B
2021-07-01T13:10:01,1200.0,13.1,S
2021-07-01T13:09:57,10000.0,13.1,S
2021-07-01T13:09:56,1400.0,13.1,S
2021-07-01T13:09:54,500.0,13.15,B
2021-07-01T13:09:46,300.0,13.15,B
2021-07-01T13:09:39,1000.0,13.15,B
2021-07-01T13:09:38,1500.0,13.1,S
2021-07-01T13:09:29,500.0,13.15,B
2021-07-01T13:09:28,1000.0,13.15,B
2021-07-01T13:09:28,2000.0,13.1,S
2021-07-01T13:09:18,300.0,13.15,B
2021-07-01T13:09:14,100.0,13.15,B
2021-07-01T13:09:03,500.0,13.1,S
2021-07-01T13:09:01,20000.0,13.15,B
2021-07-01T13:08:59,4400.0,13.15,B
2021-07-01T13:08:59,2000.0,13.15,B
2021-07-01T13:08:57,300.0,13.15,B
2021-07-01T13:08:47,10000.0,13.15,B
2021-07-01T13:08:35,2000.0,13.15,B
2021-07-01T13:08:31,500.0,13.15,B
2021-07-01T13:08:27,2700.0,13.1,S
2021-07-01T13:08:23,500.0,13.15,B
2021-07-01T13:08:22,2500.0,13.1,S
2021-07-01T13:08:18,50000.0,13.15,B
2021-07-01T13:08:14,15000.0,13.1,S
2021-07-01T13:08:07,5000.0,13.15,B
2021-07-01T13:08:07,1000.0,13.15,B
2021-07-01T13:08:03,2000.0,13.15,B
2021-07-01T13:08:02,1000.0,13.15,B
2021-07-01T13:07:55,100.0,13.15,B
2021-07-01T13:07:52,500.0,13.15,B
2021-07-01T13:07:45,1700.0,13.15,B
2021-07-01T13:07:38,1300.0,13.15,B
2021-07-01T13:07:36,100.0,13.15,B
2021-07-01T13:07:24,800.0,13.15,B
2021-07-01T13:07:18,5000.0,13.15,B
2021-07-01T13:07:09,200.0,13.1,S
2021-07-01T13:07:05,300.0,13.1,S
2021-07-01T13:07:03,15000.0,13.1,S
2021-07-01T13:06:59,2000.0,13.15,B
2021-07-01T13:06:58,10000.0,13.15,B
2021-07-01T13:06:57,3000.0,13.1,S
2021-07-01T13:06:08,7000.0,13.15,B
2021-07-01T13:05:56,10000.0,13.1,S
2021-07-01T13:05:52,400.0,13.15,B
2021-07-01T13:05:51,1100.0,13.15,B
2021-07-01T13:05:51,100000.0,13.15,B
2021-07-01T13:05:44,2000.0,13.15,B
2021-07-01T13:05:39,5000.0,13.15,B
2021-07-01T13:05:30,2000.0,13.15,B
2021-07-01T13:05:23,300.0,13.15,B
2021-07-01T13:05:16,300.0,13.15,B
2021-07-01T13:05:02,2000.0,13.15,B
2021-07-01T13:04:56,1000.0,13.1,S
2021-07-01T13:04:46,4100.0,13.1,S
2021-07-01T13:04:39,700.0,13.1,S
2021-07-01T13:04:24,3000.0,13.1,S
2021-07-01T13:04:13,300.0,13.1,S
2021-07-01T13:03:49,400.0,13.1,S
2021-07-01T13:03:45,300.0,13.1,S
2021-07-01T13:03:36,500.0,13.1,S
2021-07-01T13:03:35,1000.0,13.1,S
2021-07-01T13:03:29,100.0,13.1,S
2021-07-01T13:03:23,4200.0,13.1,S
2021-07-01T13:03:17,3600.0,13.1,S
2021-07-01T13:03:16,1400.0,13.1,S
2021-07-01T13:03:16,100.0,13.1,S
2021-07-01T13:03:11,10000.0,13.1,S
2021-07-01T13:03:02,20000.0,13.1,S
2021-07-01T13:02:51,200.0,13.1,S
2021-07-01T13:02:46,1000.0,13.1,S
2021-07-01T13:02:34,40000.0,13.15,B
2021-07-01T13:02:16,1000.0,13.05,S
2021-07-01T13:01:48,100.0,13.05,S
2021-07-01T13:01:23,10100.0,13.05,S
2021-07-01T13:01:19,300.0,13.05,S
2021-07-01T13:01:14,100.0,13.1,B
2021-07-01T13:01:11,1300.0,13.05,S
2021-07-01T13:01:08,100.0,13.1,B
2021-07-01T13:01:06,200.0,13.05,S
2021-07-01T13:01:04,1000.0,13.05,S
2021-07-01T13:01:02,3900.0,13.1,B
2021-07-01T13:01:01,1000.0,13.1,B
2021-07-01T13:00:55,100.0,13.1,B
2021-07-01T13:00:53,1100.0,13.1,B
2021-07-01T13:00:50,100.0,13.1,B
2021-07-01T13:00:47,4500.0,13.1,B
2021-07-01T13:00:37,200.0,13.1,B
2021-07-01T13:00:30,100.0,13.05,S
2021-07-01T13:00:30,10000.0,13.05,S
2021-07-01T13:00:26,400.0,13.05,S
2021-07-01T13:00:26,3000.0,13.1,B
2021-07-01T13:00:25,200.0,13.05,S
2021-07-01T13:00:25,1700.0,13.05,S
2021-07-01T13:00:24,500.0,13.05,S
2021-07-01T13:00:24,1000.0,13.05,S
2021-07-01T13:00:24,300.0,13.05,S
2021-07-01T13:00:23,1000.0,13.1,B
2021-07-01T13:00:21,3100.0,13.05,S
2021-07-01T13:00:19,200.0,13.1,B
2021-07-01T13:00:16,1000.0,13.1,B
2021-07-01T13:00:16,200.0,13.1,B
2021-07-01T13:00:15,200.0,13.1,B
2021-07-01T13:00:13,5000.0,13.1,B
2021-07-01T13:00:13,100.0,13.05,S
2021-07-01T13:00:13,200.0,13.05,S
2021-07-01T13:00:13,700.0,13.05,S
2021-07-01T13:00:13,100.0,13.1,B
2021-07-01T13:00:13,100.0,13.1,B
2021-07-01T13:00:13,500.0,13.1,B
2021-07-01T13:00:13,2300.0,13.1,B
2021-07-01T11:30:10,100.0,13.05,S
2021-07-01T11:30:02,8700.0,13.1,B
2021-07-01T11:29:45,14300.0,13.1,B
2021-07-01T11:29:41,900.0,13.1,B
2021-07-01T11:29:34,3000.0,13.1,B
2021-07-01T11:29:31,400.0,13.1,B
2021-07-01T11:29:16,4000.0,13.1,B
2021-07-01T11:29:15,200.0,13.1,B
2021-07-01T11:29:14,500.0,13.1,B
2021-07-01T11:29:14,600.0,13.1,B
2021-07-01T11:29:14,19400.0,13.1,B
2021-07-01T11:29:08,500.0,13.1,B
2021-07-01T11:29:08,7000.0,13.1,B
2021-07-01T11:29:05,100.0,13.05,S
2021-07-01T11:29:00,100.0,13.1,B
2021-07-01T11:28:56,100.0,13.1,B
2021-07-01T11:28:51,1500.0,13.1,B
2021-07-01T11:28:46,100.0,13.1,B
2021-07-01T11:28:44,1500.0,13.1,B
2021-07-01T11:28:42,500.0,13.1,B
2021-07-01T11:28:35,200.0,13.05,S
2021-07-01T11:28:34,900.0,13.05,S
2021-07-01T11:28:34,100.0,13.05,S
2021-07-01T11:28:28,40000.0,13.1,B
2021-07-01T11:28:25,1000.0,13.1,B
2021-07-01T11:28:11,1000.0,13.1,B
2021-07-01T11:28:01,100.0,13.05,B
2021-07-01T11:28:00,1200.0,13.05,S
2021-07-01T11:28:00,600.0,13.05,S
2021-07-01T11:28:00,100.0,13.05,S
2021-07-01T11:27:23,3000.0,13.05,B
2021-07-01T11:27:21,7200.0,13.05,B
2021-07-01T11:27:21,500.0,13.05,B
2021-07-01T11:27:10,1000.0,13.0,S
2021-07-01T11:27:07,10000.0,13.0,S
2021-07-01T11:26:58,300.0,13.05,B
2021-07-01T11:26:55,7400.0,13.0,S
2021-07-01T11:26:55,2600.0,13.0,S
2021-07-01T11:26:38,2000.0,13.0,S
2021-07-01T11:26:34,3000.0,13.0,B
2021-07-01T11:26:31,100.0,13.0,B
2021-07-01T11:26:31,2000.0,13.0,B
2021-07-01T11:26:31,500.0,13.0,B
2021-07-01T11:26:31,50000.0,13.0,B
2021-07-01T11:26:29,200.0,13.0,B
2021-07-01T11:26:28,1100.0,13.0,B
2021-07-01T11:26:28,300.0,13.0,B
2021-07-01T11:26:25,22600.0,13.0,B
2021-07-01T11:26:24,6000.0,13.0,B
2021-07-01T11:26:23,3200.0,13.0,B
2021-07-01T11:26:20,800.0,13.0,B
2021-07-01T11:26:19,800.0,13.0,B
2021-07-01T11:26:19,1000.0,13.0,B
2021-07-01T11:26:19,3000.0,13.0,B
2021-07-01T11:26:17,100.0,13.0,B
2021-07-01T11:26:15,1000.0,13.0,B
2021-07-01T11:26:13,5000.0,13.0,B
2021-07-01T11:26:09,23000.0,13.0,B
2021-07-01T11:26:08,2000.0,13.0,B
2021-07-01T11:26:05,1000.0,13.0,B
2021-07-01T11:26:05,1100.0,13.0,B
2021-07-01T11:26:03,100.0,13.0,B
2021-07-01T11:26:03,200.0,13.0,B
2021-07-01T11:26:02,1000.0,13.0,B
2021-07-01T11:26:01,1500.0,13.0,B
2021-07-01T11:25:59,400.0,13.0,B
2021-07-01T11:25:58,100.0,13.0,B
2021-07-01T11:25:55,500.0,13.0,B
2021-07-01T11:25:51,800.0,13.0,B
2021-07-01T11:25:48,1900.0,13.0,B
2021-07-01T11:25:45,1800.0,13.0,S
2021-07-01T11:25:45,2200.0,13.0,S
2021-07-01T11:25:45,3000.0,13.0,S
2021-07-01T11:25:45,100.0,13.0,S
2021-07-01T11:25:45,800.0,13.0,S
2021-07-01T11:25:45,1100.0,13.0,S
2021-07-01T11:25:45,7400.0,13.0,S
2021-07-01T11:25:45,2500.0,13.0,S
2021-07-01T11:25:45,1600.0,13.0,S
2021-07-01T11:25:45,1000.0,13.0,S
2021-07-01T11:25:45,600.0,13.0,S
2021-07-01T11:25:45,500.0,13.0,S
2021-07-01T11:25:45,5500.0,13.0,S
2021-07-01T11:25:45,500.0,13.0,S
2021-07-01T11:25:45,1300.0,13.0,S
2021-07-01T11:25:45,25000.0,13.0,S
2021-07-01T11:25:45,2300.0,13.0,S
2021-07-01T11:25:45,6200.0,13.0,S
2021-07-01T11:25:45,2000.0,13.0,S
2021-07-01T11:25:45,2100.0,13.0,S
2021-07-01T11:25:45,46000.0,13.0,S
2021-07-01T11:25:45,5500.0,13.0,S
2021-07-01T11:25:45,16700.0,13.0,S
2021-07-01T11:25:45,3900.0,13.0,S
2021-07-01T11:25:45,7400.0,13.0,S
2021-07-01T11:25:45,11400.0,13.0,S
2021-07-01T11:25:45,6300.0,13.0,S
2021-07-01T11:25:45,2400.0,13.0,S
2021-07-01T11:25:45,2600.0,13.0,S
2021-07-01T11:25:45,20200.0,13.0,S
2021-07-01T11:25:45,200.0,13.0,S
2021-07-01T11:25:45,300.0,13.0,S
2021-07-01T11:25:45,600.0,13.0,S
2021-07-01T11:25:45,7300.0,13.0,S
2021-07-01T11:25:45,800.0,13.0,S
2021-07-01T11:25:45,3300.0,13.0,S
2021-07-01T11:25:45,1000.0,13.0,S
2021-07-01T11:25:45,300.0,13.0,S
2021-07-01T11:25:45,11200.0,13.0,S
2021-07-01T11:25:45,1100.0,13.0,S
2021-07-01T11:25:45,3000.0,13.0,S
2021-07-01T11:25:45,2700.0,13.0,S
2021-07-01T11:25:45,700.0,13.0,S
2021-07-01T11:25:45,1900.0,13.0,S
2021-07-01T11:25:45,1500.0,13.0,S
2021-07-01T11:25:45,10000.0,13.0,S
2021-07-01T11:25:45,100.0,13.0,S
2021-07-01T11:25:45,5600.0,13.0,S
2021-07-01T11:25:45,5200.0,13.0,S
2021-07-01T11:25:45,1000.0,13.0,S
2021-07-01T11:25:45,2500.0,13.0,S
2021-07-01T11:25:45,600.0,13.0,S
2021-07-01T11:25:45,10600.0,13.0,S
2021-07-01T11:25:45,112300.0,13.0,S
2021-07-01T11:25:45,4600.0,13.0,S
2021-07-01T11:25:45,12400.0,13.0,S
2021-07-01T11:25:43,400.0,13.0,S
2021-07-01T11:25:43,12800.0,13.0,S
2021-07-01T11:25:43,900.0,13.0,S
2021-07-01T11:25:43,800.0,13.0,S
2021-07-01T11:25:43,200.0,13.0,S
2021-07-01T11:25:43,2600.0,13.0,S
2021-07-01T11:25:43,23800.0,13.0,S
2021-07-01T11:25:43,300.0,13.0,S
2021-07-01T11:25:43,7600.0,13.0,S
2021-07-01T11:25:43,3000.0,13.0,S
2021-07-01T11:25:43,2200.0,13.0,S
2021-07-01T11:25:43,7100.0,13.0,S
2021-07-01T11:25:43,7000.0,13.0,S
2021-07-01T11:25:43,600.0,13.0,S
2021-07-01T11:25:43,2400.0,13.0,S
2021-07-01T11:25:43,200.0,13.0,S
2021-07-01T11:25:43,9500.0,13.0,S
2021-07-01T11:25:43,5000.0,13.0,S
2021-07-01T11:25:43,1600.0,13.0,S
2021-07-01T11:25:43,6200.0,13.0,S
2021-07-01T11:25:43,6000.0,13.0,S
2021-07-01T11:25:43,100.0,13.0,S
2021-07-01T11:25:43,1600.0,13.0,S
2021-07-01T11:25:43,700.0,13.0,S
2021-07-01T11:25:43,2600.0,13.0,S
2021-07-01T11:25:43,1000.0,13.0,S
2021-07-01T11:25:43,10000.0,13.0,S
2021-07-01T11:25:43,12000.0,13.0,S
2021-07-01T11:25:43,2800.0,13.0,S
2021-07-01T11:25:43,1500.0,13.0,S
2021-07-01T11:25:43,2000.0,13.0,S
2021-07-01T11:25:43,1500.0,13.0,S
2021-07-01T11:25:43,300.0,13.0,S
2021-07-01T11:25:43,1300.0,13.0,S
2021-07-01T11:25:43,15200.0,13.0,S
2021-07-01T11:25:43,7300.0,13.0,S
2021-07-01T11:25:43,400.0,13.0,S
2021-07-01T11:25:43,4400.0,13.0,S
2021-07-01T11:25:43,8500.0,13.0,S
2021-07-01T11:25:43,1100.0,13.0,S
2021-07-01T11:25:43,1700.0,13.0,S
2021-07-01T11:25:43,400.0,13.0,S
2021-07-01T11:25:43,20600.0,13.0,S
2021-07-01T11:25:43,3000.0,13.0,S
2021-07-01T11:25:43,14500.0,13.0,S
2021-07-01T11:25:43,8100.0,13.0,S
2021-07-01T11:25:43,2200.0,13.0,S
2021-07-01T11:25:43,20900.0,13.0,S
2021-07-01T11:25:43,30500.0,13.05,S
2021-07-01T11:25:41,100.0,13.1,B
2021-07-01T11:25:38,700.0,13.1,B
2021-07-01T11:25:30,10000.0,13.1,B
2021-07-01T11:25:29,100.0,13.05,S
2021-07-01T11:25:23,400.0,13.1,B
2021-07-01T11:25:20,4300.0,13.05,S
2021-07-01T11:25:20,3000.0,13.05,S
2021-07-01T11:25:20,400.0,13.05,S
2021-07-01T11:25:20,700.0,13.05,S
2021-07-01T11:25:20,4600.0,13.05,S
2021-07-01T11:25:20,4500.0,13.05,S
2021-07-01T11:25:20,2200.0,13.05,S
2021-07-01T11:25:20,20900.0,13.05,S
2021-07-01T11:25:20,6300.0,13.05,S
2021-07-01T11:25:20,1300.0,13.05,S
2021-07-01T11:25:20,3500.0,13.05,S
2021-07-01T11:25:20,69600.0,13.05,S
2021-07-01T11:25:19,1500.0,13.1,B
2021-07-01T11:25:06,500.0,13.1,B
2021-07-01T11:25:02,1000.0,13.05,S
2021-07-01T11:25:02,100.0,13.1,B
2021-07-01T11:24:33,100.0,13.1,B
2021-07-01T11:24:26,500.0,13.1,B
2021-07-01T11:24:20,406500.0,13.1,S
2021-07-01T11:24:20,3500.0,13.1,S
2021-07-01T11:24:20,19100.0,13.1,S
2021-07-01T11:24:20,400.0,13.1,S
2021-07-01T11:24:20,300.0,13.1,S
2021-07-01T11:24:20,6900.0,13.1,S
2021-07-01T11:24:20,6800.0,13.1,S
2021-07-01T11:24:20,10000.0,13.1,S
2021-07-01T11:24:20,6000.0,13.1,S
2021-07-01T11:24:20,1700.0,13.1,S
2021-07-01T11:24:20,2600.0,13.1,S
2021-07-01T11:24:20,1500.0,13.1,S
2021-07-01T11:24:20,7200.0,13.1,S
2021-07-01T11:24:19,500.0,13.15,B
2021-07-01T11:24:00,1000.0,13.15,S
2021-07-01T11:24:00,100200.0,13.15,S
2021-07-01T11:24:00,10600.0,13.15,S
2021-07-01T11:24:00,500.0,13.15,S
2021-07-01T11:24:00,200.0,13.15,S
2021-07-01T11:24:00,8100.0,13.15,S
2021-07-01T11:24:00,6800.0,13.15,S
2021-07-01T11:24:00,600.0,13.15,S
2021-07-01T11:24:00,103300.0,13.15,S
2021-07-01T11:24:00,20300.0,13.15,S
2021-07-01T11:23:58,13900.0,13.15,S
2021-07-01T11:23:58,43700.0,13.15,S
2021-07-01T11:23:43,100.0,13.2,B
2021-07-01T11:23:28,200.0,13.2,S
2021-07-01T11:23:28,800.0,13.2,S
2021-07-01T11:23:27,19400.0,13.2,S
2021-07-01T11:23:27,1600.0,13.2,S
2021-07-01T11:23:27,2200.0,13.2,S
2021-07-01T11:23:27,15800.0,13.2,S
2021-07-01T11:23:26,12400.0,13.2,S
2021-07-01T11:23:26,1100.0,13.2,S
2021-07-01T11:23:25,200.0,13.2,S
2021-07-01T11:23:25,6300.0,13.2,S
2021-07-01T11:23:23,1000.0,13.2,S
2021-07-01T11:23:22,1000.0,13.2,S
2021-07-01T11:23:14,7000.0,13.2,S
2021-07-01T11:23:13,5000.0,13.2,S
2021-07-01T11:23:11,200.0,13.2,S
2021-07-01T11:23:10,2000.0,13.2,S
2021-07-01T11:23:07,22100.0,13.2,S
2021-07-01T11:23:07,1500.0,13.2,S
2021-07-01T11:23:07,13000.0,13.2,S
2021-07-01T11:23:07,3900.0,13.2,S
2021-07-01T11:23:07,9500.0,13.2,S
2021-07-01T11:22:55,41900.0,13.2,S
2021-07-01T11:22:55,50000.0,13.2,S
2021-07-01T11:22:53,100.0,13.25,B
2021-07-01T11:22:51,100.0,13.2,S
2021-07-01T11:22:40,2000.0,13.2,S
2021-07-01T11:22:40,1000.0,13.2,S
2021-07-01T11:22:35,600.0,13.2,S
2021-07-01T11:22:29,22600.0,13.2,S
2021-07-01T11:22:00,100.0,13.2,S
2021-07-01T11:21:54,100.0,13.25,B
2021-07-01T11:21:53,100.0,13.25,B
2021-07-01T11:21:48,1000.0,13.25,B
2021-07-01T11:21:42,100.0,13.25,B
2021-07-01T11:21:29,200.0,13.25,B
2021-07-01T11:21:27,500.0,13.25,B
2021-07-01T11:21:22,200.0,13.25,B
2021-07-01T11:21:05,200.0,13.25,B
2021-07-01T11:20:52,300.0,13.25,B
2021-07-01T11:20:44,1700.0,13.25,B
2021-07-01T11:20:34,200.0,13.25,B
2021-07-01T11:20:34,1000.0,13.25,B
2021-07-01T11:20:33,500.0,13.25,B
2021-07-01T11:20:20,9000.0,13.25,B
2021-07-01T11:20:17,10000.0,13.25,B
2021-07-01T11:20:16,7300.0,13.2,S
2021-07-01T11:20:12,1000.0,13.2,S
2021-07-01T11:19:59,200.0,13.2,S
2021-07-01T11:19:57,15400.0,13.25,B
2021-07-01T11:19:52,1500.0,13.2,S
2021-07-01T11:19:52,200.0,13.25,B
2021-07-01T11:19:51,100.0,13.25,B
2021-07-01T11:19:47,100.0,13.2,S
2021-07-01T11:19:41,200.0,13.2,S
2021-07-01T11:19:33,1000.0,13.25,B
2021-07-01T11:19:26,200.0,13.25,B
2021-07-01T11:19:21,1000.0,13.25,B
2021-07-01T11:19:21,5000.0,13.2,S
2021-07-01T11:19:13,800.0,13.25,B
2021-07-01T11:19:07,2000.0,13.25,B
2021-07-01T11:19:04,100.0,13.25,B
2021-07-01T11:19:01,15000.0,13.25,B
2021-07-01T11:18:59,100.0,13.2,S
2021-07-01T11:18:56,1000.0,13.2,S
2021-07-01T11:18:53,100.0,13.25,B
2021-07-01T11:18:52,300.0,13.2,S
2021-07-01T11:18:42,500.0,13.25,B
2021-07-01T11:18:42,500.0,13.2,S
2021-07-01T11:18:36,200.0,13.2,S
2021-07-01T11:18:16,2000.0,13.2,S
2021-07-01T11:17:55,100.0,13.25,B
2021-07-01T11:17:51,100.0,13.25,B
2021-07-01T11:17:48,500.0,13.25,B
2021-07-01T11:17:37,3500.0,13.25,B
2021-07-01T11:17:26,200.0,13.2,S
2021-07-01T11:16:49,2000.0,13.2,S
2021-07-01T11:16:39,2000.0,13.25,B
2021-07-01T11:16:37,13000.0,13.2,S
2021-07-01T11:16:37,500.0,13.2,S
2021-07-01T11:16:28,6700.0,13.2,S
2021-07-01T11:16:13,400.0,13.2,S
2021-07-01T11:16:05,800.0,13.2,S
2021-07-01T11:16:02,3400.0,13.2,S
2021-07-01T11:16:00,2000.0,13.25,B
2021-07-01T11:15:58,100.0,13.25,B
2021-07-01T11:15:28,6000.0,13.25,B
2021-07-01T11:15:14,1000.0,13.25,B
2021-07-01T11:15:12,1100.0,13.2,S
2021-07-01T11:15:00,100.0,13.25,B
2021-07-01T11:14:58,1000.0,13.25,B
2021-07-01T11:14:50,2000.0,13.2,S
2021-07-01T11:14:45,10000.0,13.2,S
2021-07-01T11:14:44,300.0,13.25,B
2021-07-01T11:14:35,54400.0,13.25,B
2021-07-01T11:14:35,100.0,13.25,B
2021-07-01T11:14:35,2000.0,13.25,B
2021-07-01T11:14:35,400.0,13.25,B
2021-07-01T11:14:32,100.0,13.25,B
2021-07-01T11:14:32,46700.0,13.25,B
2021-07-01T11:14:32,7000.0,13.25,B
2021-07-01T11:14:32,3200.0,13.25,B
2021-07-01T11:14:32,39400.0,13.25,B
2021-07-01T11:14:21,2500.0,13.2,S
2021-07-01T11:14:09,1000.0,13.25,B
2021-07-01T11:14:07,3000.0,13.2,S
2021-07-01T11:14:00,300.0,13.2,S
2021-07-01T11:13:54,10000.0,13.2,B
2021-07-01T11:13:51,16300.0,13.2,B
2021-07-01T11:13:50,600.0,13.2,B
2021-07-01T11:13:46,13100.0,13.2,B
2021-07-01T11:13:46,1900.0,13.2,B
2021-07-01T11:13:46,400.0,13.2,B
2021-07-01T11:13:39,4000.0,13.2,B
2021-07-01T11:13:36,5900.0,13.2,B
2021-07-01T11:13:36,1500.0,13.2,B
2021-07-01T11:13:36,1600.0,13.2,B
2021-07-01T11:13:36,20500.0,13.2,B
2021-07-01T11:13:36,17800.0,13.2,B
2021-07-01T11:13:36,1000.0,13.2,B
2021-07-01T11:13:36,2400.0,13.2,B
2021-07-01T11:13:36,200.0,13.2,B
2021-07-01T11:13:36,9100.0,13.2,B
2021-07-01T11:13:29,13600.0,13.2,B
2021-07-01T11:13:29,33200.0,13.2,B
2021-07-01T11:13:29,53200.0,13.2,B
2021-07-01T11:13:26,1000.0,13.15,S
2021-07-01T11:13:23,100.0,13.2,B
2021-07-01T11:13:14,10000.0,13.2,B
2021-07-01T11:12:53,100.0,13.2,B
2021-07-01T11:12:51,10000.0,13.2,B
2021-07-01T11:12:45,18400.0,13.2,B
2021-07-01T11:12:45,78600.0,13.2,B
2021-07-01T11:12:38,1000.0,13.2,B
2021-07-01T11:12:29,300.0,13.2,B
2021-07-01T11:12:19,200.0,13.2,B
2021-07-01T11:12:05,3200.0,13.2,B
2021-07-01T11:11:51,100.0,13.2,B
2021-07-01T11:11:37,300.0,13.2,B
2021-07-01T11:11:34,10000.0,13.15,S
2021-07-01T11:11:34,1000.0,13.2,B
2021-07-01T11:11:26,100.0,13.2,B
2021-07-01T11:11:25,100.0,13.2,B
2021-07-01T11:11:14,800.0,13.2,B
2021-07-01T11:10:59,100.0,13.2,B
2021-07-01T11:10:54,1900.0,13.2,B
2021-07-01T11:10:53,5000.0,13.15,S
2021-07-01T11:10:48,1000.0,13.15,S
2021-07-01T11:10:20,4200.0,13.15,S
2021-07-01T11:10:20,15800.0,13.15,S
2021-07-01T11:10:13,2000.0,13.15,S
2021-07-01T11:10:11,400.0,13.2,B
2021-07-01T11:10:10,200.0,13.15,S
2021-07-01T11:10:01,1900.0,13.15,S
2021-07-01T11:10:01,500.0,13.15,S
2021-07-01T11:10:01,5600.0,13.15,S
2021-07-01T11:09:57,1600.0,13.2,B
2021-07-01T11:09:55,1000.0,13.2,B
2021-07-01T11:09:51,5300.0,13.2,B
2021-07-01T11:09:43,1000.0,13.2,B
2021-07-01T11:09:37,100.0,13.2,B
2021-07-01T11:09:33,1000.0,13.15,S
2021-07-01T11:09:30,1000.0,13.15,S
2021-07-01T11:09:04,800.0,13.2,B
2021-07-01T11:09:01,300.0,13.15,S
2021-07-01T11:08:50,1000.0,13.15,S
2021-07-01T11:08:43,1000.0,13.15,S
2021-07-01T11:08:29,300.0,13.15,B
2021-07-01T11:07:52,17800.0,13.15,B
2021-07-01T11:07:45,500.0,13.15,B
2021-07-01T11:07:43,1000.0,13.1,S
2021-07-01T11:07:36,100.0,13.15,B
2021-07-01T11:07:32,1000.0,13.1,S
2021-07-01T11:07:25,1700.0,13.15,B
2021-07-01T11:07:25,9500.0,13.15,B
2021-07-01T11:07:22,200.0,13.15,B
2021-07-01T11:07:20,2000.0,13.15,B
2021-07-01T11:07:18,200.0,13.15,B
2021-07-01T11:07:14,100.0,13.1,S
2021-07-01T11:07:10,400.0,13.15,B
2021-07-01T11:07:07,10000.0,13.1,S
2021-07-01T11:07:04,100.0,13.15,B
2021-07-01T11:07:01,900.0,13.15,B
2021-07-01T11:07:01,4100.0,13.15,B
2021-07-01T11:06:59,12500.0,13.15,B
2021-07-01T11:06:59,6000.0,13.15,B
2021-07-01T11:06:59,300.0,13.15,B
2021-07-01T11:06:56,4000.0,13.1,S
2021-07-01T11:06:32,3000.0,13.1,S
2021-07-01T11:06:19,400.0,13.1,S
2021-07-01T11:06:19,5000.0,13.1,S
2021-07-01T11:06:06,148500.0,13.1,B
2021-07-01T11:06:00,200.0,13.1,B
2021-07-01T11:05:55,600.0,13.1,B
2021-07-01T11:05:49,21000.0,13.1,B
2021-07-01T11:05:48,100.0,13.1,B
2021-07-01T11:05:48,7400.0,13.1,B
2021-07-01T11:05:48,91300.0,13.1,B
2021-07-01T11:05:47,2000.0,13.1,B
2021-07-01T11:05:35,1000.0,13.1,B
2021-07-01T11:05:30,200.0,13.1,B
2021-07-01T11:05:30,5000.0,13.05,S
2021-07-01T11:05:15,5000.0,13.05,S
2021-07-01T11:04:51,1000.0,13.05,S
2021-07-01T11:04:49,4000.0,13.1,B
2021-07-01T11:04:48,1000.0,13.1,B
2021-07-01T11:04:47,600.0,13.1,B
2021-07-01T11:04:43,1000.0,13.05,S
2021-07-01T11:04:37,5000.0,13.1,B
2021-07-01T11:04:36,500.0,13.05,S
2021-07-01T11:04:26,3000.0,13.05,S
2021-07-01T11:04:19,5000.0,13.1,B
2021-07-01T11:04:18,500.0,13.05,S
2021-07-01T11:04:10,12000.0,13.1,B
2021-07-01T11:04:08,4000.0,13.05,S
2021-07-01T11:04:07,4000.0,13.05,S
2021-07-01T11:04:06,5000.0,13.05,S
2021-07-01T11:03:50,1500.0,13.05,S
2021-07-01T11:03:46,300.0,13.05,S
2021-07-01T11:03:36,10000.0,13.05,S
2021-07-01T11:03:35,2100.0,13.05,S
2021-07-01T11:03:33,5000.0,13.05,S
2021-07-01T11:03:29,10000.0,13.05,S
2021-07-01T11:03:27,10000.0,13.05,S
2021-07-01T11:03:27,6000.0,13.1,B
2021-07-01T11:03:27,200.0,13.1,B
2021-07-01T11:03:27,300.0,13.1,B
2021-07-01T11:03:27,8500.0,13.1,B
2021-07-01T11:03:17,35700.0,13.05,S
2021-07-01T11:03:17,500.0,13.05,S
2021-07-01T11:03:17,1800.0,13.05,S
2021-07-01T11:03:14,300.0,13.05,S
2021-07-01T11:03:04,100.0,13.05,S
2021-07-01T11:02:57,2000.0,13.05,S
2021-07-01T11:02:55,4100.0,13.05,S
2021-07-01T11:02:42,500.0,13.05,S
2021-07-01T11:02:37,14800.0,13.05,S
2021-07-01T11:02:30,1000.0,13.05,S
2021-07-01T11:02:29,500.0,13.05,S
2021-07-01T11:02:27,10000.0,13.05,S
2021-07-01T11:02:18,1500.0,13.05,S
2021-07-01T11:01:54,1400.0,13.0,S
2021-07-01T11:01:54,3700.0,13.0,S
2021-07-01T11:01:54,500.0,13.0,S
2021-07-01T11:01:54,1600.0,13.0,S
2021-07-01T11:01:54,600.0,13.0,S
2021-07-01T11:01:53,4100.0,13.0,S
2021-07-01T11:01:53,1100.0,13.0,S
2021-07-01T11:01:53,600.0,13.0,S
2021-07-01T11:01:53,700.0,13.0,S
2021-07-01T11:01:53,900.0,13.0,S
2021-07-01T11:01:53,1300.0,13.0,S
2021-07-01T11:01:53,1100.0,13.0,S
2021-07-01T11:01:53,1000.0,13.0,S
2021-07-01T11:01:53,4600.0,13.0,S
2021-07-01T11:01:53,1100.0,13.0,S
2021-07-01T11:01:53,9200.0,13.0,S
2021-07-01T11:01:53,4500.0,13.0,S
2021-07-01T11:01:53,12000.0,13.0,S
2021-07-01T11:01:46,4300.0,13.05,B
2021-07-01T11:01:43,1000.0,13.05,B
2021-07-01T11:01:43,300.0,13.05,B
2021-07-01T11:01:39,200.0,13.05,B
2021-07-01T11:01:39,1000.0,13.05,B
2021-07-01T11:01:39,500.0,13.05,B
2021-07-01T11:01:39,8700.0,13.05,B
2021-07-01T11:01:34,2300.0,13.05,B
2021-07-01T11:01:32,1000.0,13.05,B
2021-07-01T11:01:31,2300.0,13.05,B
2021-07-01T11:01:27,500.0,13.05,B
2021-07-01T11:01:25,100.0,13.05,B
2021-07-01T11:01:24,500.0,13.05,B
2021-07-01T11:01:24,700.0,13.05,B
2021-07-01T11:01:22,1000.0,13.05,B
2021-07-01T11:01:20,100.0,13.05,B
2021-07-01T11:01:15,20000.0,13.05,B
2021-07-01T11:01:13,200.0,13.05,B
2021-07-01T11:01:09,10000.0,13.05,B
2021-07-01T11:01:08,5000.0,13.05,B
2021-07-01T11:00:52,400.0,13.05,B
2021-07-01T11:00:48,100.0,13.05,B
2021-07-01T11:00:45,1000.0,13.0,S
2021-07-01T11:00:38,100.0,13.05,B
2021-07-01T11:00:23,100.0,13.05,B
2021-07-01T11:00:22,300.0,13.0,S
2021-07-01T11:00:15,400.0,13.05,B
2021-07-01T11:00:10,100.0,13.0,S
2021-07-01T11:00:10,15000.0,13.0,S
2021-07-01T11:00:09,5000.0,13.05,B
2021-07-01T11:00:06,5000.0,13.05,B
2021-07-01T11:00:06,6800.0,13.05,B
2021-07-01T11:00:04,1400.0,13.05,B
2021-07-01T11:00:01,13300.0,13.0,S
2021-07-01T11:00:01,1000.0,13.0,S
2021-07-01T11:00:01,43700.0,13.0,S
2021-07-01T10:59:54,20000.0,13.0,S
2021-07-01T10:59:51,4100.0,13.05,B
2021-07-01T10:59:49,400.0,13.0,S
2021-07-01T10:59:45,100.0,13.0,S
2021-07-01T10:59:43,7600.0,13.05,B
2021-07-01T10:59:35,2400.0,13.05,B
2021-07-01T10:59:30,10000.0,13.05,B
2021-07-01T10:59:28,100.0,13.05,B
2021-07-01T10:59:27,100.0,13.05,B
2021-07-01T10:59:27,400.0,13.05,B
2021-07-01T10:59:25,3000.0,13.05,B
2021-07-01T10:59:20,5000.0,13.05,B
2021-07-01T10:59:18,1000.0,13.05,B
2021-07-01T10:59:17,400.0,13.05,B
2021-07-01T10:59:10,40300.0,13.0,S
2021-07-01T10:59:08,100.0,13.05,B
2021-07-01T10:59:05,500.0,13.05,B
2021-07-01T10:59:03,100.0,13.05,B
2021-07-01T10:58:55,300.0,13.05,B
2021-07-01T10:58:48,2000.0,13.05,B
2021-07-01T10:58:41,200.0,13.05,B
2021-07-01T10:58:38,200.0,13.05,B
2021-07-01T10:58:35,200.0,13.05,B
2021-07-01T10:58:33,10000.0,13.05,B
2021-07-01T10:58:27,1000.0,13.05,S
2021-07-01T10:58:19,45000.0,13.0,S
2021-07-01T10:58:17,200.0,13.05,S
2021-07-01T10:58:10,5000.0,13.05,S
2021-07-01T10:57:59,13900.0,13.05,S
2021-07-01T10:57:59,500.0,13.05,S
2021-07-01T10:57:59,2000.0,13.05,S
2021-07-01T10:57:59,16100.0,13.05,S
2021-07-01T10:57:59,100.0,13.05,S
2021-07-01T10:57:59,1800.0,13.05,S
2021-07-01T10:57:58,15600.0,13.05,S
2021-07-01T10:57:45,2000.0,13.05,S
2021-07-01T10:57:41,10000.0,13.05,S
2021-07-01T10:57:29,100.0,13.1,B
2021-07-01T10:57:11,500.0,13.1,B
2021-07-01T10:56:58,20000.0,13.05,S
2021-07-01T10:56:55,100.0,13.05,S
2021-07-01T10:56:49,4300.0,13.05,S
2021-07-01T10:56:46,1500.0,13.05,S
2021-07-01T10:56:40,5000.0,13.05,S
2021-07-01T10:56:33,800.0,13.1,B
2021-07-01T10:56:05,900.0,13.05,B
2021-07-01T10:55:58,3200.0,13.05,B
2021-07-01T10:55:54,1000.0,13.05,B
2021-07-01T10:55:50,800.0,13.05,B
2021-07-01T10:55:48,2700.0,13.05,S
2021-07-01T10:55:31,2600.0,13.05,S
2021-07-01T10:55:31,1500.0,13.05,S
2021-07-01T10:55:31,5600.0,13.05,S
2021-07-01T10:55:31,15200.0,13.05,S
2021-07-01T10:55:31,900.0,13.05,S
2021-07-01T10:55:31,4200.0,13.05,S
2021-07-01T10:55:30,5000.0,13.05,S
2021-07-01T10:55:26,7400.0,13.1,B
2021-07-01T10:55:13,200.0,13.05,S
2021-07-01T10:54:52,3900.0,13.05,S
2021-07-01T10:54:48,1000.0,13.05,S
2021-07-01T10:54:35,900.0,13.05,S
2021-07-01T10:54:26,5000.0,13.05,S
2021-07-01T10:54:03,7600.0,13.05,B
2021-07-01T10:53:49,2000.0,13.1,B
2021-07-01T10:53:42,2200.0,13.05,B
2021-07-01T10:53:42,800.0,13.05,B
2021-07-01T10:53:39,4200.0,13.05,B
2021-07-01T10:53:32,300.0,13.05,B
2021-07-01T10:53:30,100.0,13.05,B
2021-07-01T10:53:20,100.0,13.05,B
2021-07-01T10:53:17,3000.0,13.05,B
2021-07-01T10:53:14,100.0,13.05,B
2021-07-01T10:53:14,4000.0,13.05,B
2021-07-01T10:53:13,2800.0,13.05,B
2021-07-01T10:53:10,1000.0,13.05,B
2021-07-01T10:53:03,600.0,13.05,B
2021-07-01T10:52:58,5000.0,13.05,B
2021-07-01T10:52:57,100.0,13.05,B
2021-07-01T10:52:51,500.0,13.05,B
2021-07-01T10:52:50,400.0,13.05,B
2021-07-01T10:52:49,500.0,13.05,B
2021-07-01T10:52:48,100.0,13.05,B
2021-07-01T10:52:47,2000.0,13.05,B
2021-07-01T10:52:46,1100.0,13.05,B
2021-07-01T10:52:40,1000.0,13.05,B
2021-07-01T10:52:30,1000.0,13.05,B
2021-07-01T10:52:26,1000.0,13.05,B
2021-07-01T10:52:22,900.0,13.0,S
2021-07-01T10:52:18,1000.0,13.05,B
2021-07-01T10:52:17,2000.0,13.05,B
2021-07-01T10:52:06,400.0,13.05,B
2021-07-01T10:51:53,200.0,13.05,S
2021-07-01T10:51:53,1600.0,13.05,S
2021-07-01T10:51:53,200.0,13.05,S
2021-07-01T10:51:53,500.0,13.05,S
2021-07-01T10:51:53,2300.0,13.05,S
2021-07-01T10:51:53,21300.0,13.05,S
2021-07-01T10:51:53,1000.0,13.05,S
2021-07-01T10:51:53,5300.0,13.05,S
2021-07-01T10:51:53,5000.0,13.05,S
2021-07-01T10:51:52,4000.0,13.05,S
2021-07-01T10:51:52,500.0,13.05,S
2021-07-01T10:51:52,15900.0,13.05,S
2021-07-01T10:51:52,500.0,13.05,S
2021-07-01T10:51:52,4200.0,13.05,S
2021-07-01T10:51:52,3600.0,13.05,S
2021-07-01T10:51:52,12700.0,13.05,S
2021-07-01T10:51:52,4900.0,13.05,S
2021-07-01T10:51:49,3000.0,13.05,S
2021-07-01T10:51:37,3400.0,13.1,B
2021-07-01T10:51:35,5300.0,13.05,S
2021-07-01T10:51:33,1000.0,13.1,B
2021-07-01T10:51:33,1000.0,13.1,B
2021-07-01T10:51:20,1300.0,13.1,B
2021-07-01T10:51:00,34500.0,13.05,S
2021-07-01T10:51:00,7700.0,13.05,S
2021-07-01T10:50:56,1500.0,13.1,B
2021-07-01T10:50:46,2000.0,13.1,B
2021-07-01T10:50:44,1000.0,13.1,B
2021-07-01T10:50:41,700.0,13.1,B
2021-07-01T10:50:41,200.0,13.1,B
2021-07-01T10:50:34,300.0,13.1,B
2021-07-01T10:50:32,2000.0,13.1,B
2021-07-01T10:50:31,3300.0,13.1,B
2021-07-01T10:50:22,4000.0,13.1,B
2021-07-01T10:50:18,400.0,13.1,B
2021-07-01T10:50:13,300.0,13.1,B
2021-07-01T10:50:12,1000.0,13.1,B
2021-07-01T10:50:07,1900.0,13.1,B
2021-07-01T10:50:07,1400.0,13.1,B
2021-07-01T10:50:07,600.0,13.1,B
2021-07-01T10:50:07,500.0,13.1,B
2021-07-01T10:50:07,500.0,13.1,B
2021-07-01T10:49:57,200.0,13.1,B
2021-07-01T10:49:53,19000.0,13.1,B
2021-07-01T10:49:52,20000.0,13.1,B
2021-07-01T10:49:48,200.0,13.1,B
2021-07-01T10:49:43,200.0,13.1,B
2021-07-01T10:49:39,4000.0,13.1,B
2021-07-01T10:49:30,5000.0,13.05,S
2021-07-01T10:49:24,500.0,13.1,B
2021-07-01T10:49:23,1000.0,13.1,B
2021-07-01T10:49:22,300.0,13.1,B
2021-07-01T10:49:22,100.0,13.1,B
2021-07-01T10:49:22,100.0,13.1,B
2021-07-01T10:49:14,1000.0,13.1,B
2021-07-01T10:49:01,900.0,13.1,B
2021-07-01T10:49:01,4100.0,13.1,B
2021-07-01T10:49:00,100.0,13.1,B
2021-07-01T10:49:00,400.0,13.1,B
2021-07-01T10:48:52,1000.0,13.1,B
2021-07-01T10:48:52,200.0,13.1,B
2021-07-01T10:48:35,200.0,13.1,B
2021-07-01T10:48:16,200.0,13.1,B
2021-07-01T10:48:15,100.0,13.1,B
2021-07-01T10:48:10,5000.0,13.1,B
2021-07-01T10:47:53,1800.0,13.05,S
2021-07-01T10:47:46,100.0,13.1,B
2021-07-01T10:47:43,100.0,13.1,B
2021-07-01T10:47:36,500.0,13.1,B
2021-07-01T10:47:28,4500.0,13.1,B
2021-07-01T10:47:26,1000.0,13.05,S
2021-07-01T10:47:22,8500.0,13.05,S
2021-07-01T10:47:22,1000.0,13.1,B
2021-07-01T10:47:21,1000.0,13.1,B
2021-07-01T10:47:20,8000.0,13.1,B
2021-07-01T10:47:20,100.0,13.1,B
2021-07-01T10:47:13,1000.0,13.1,B
2021-07-01T10:47:13,2000.0,13.1,B
2021-07-01T10:47:05,5000.0,13.1,B
2021-07-01T10:47:04,500.0,13.1,B
2021-07-01T10:47:03,100.0,13.1,B
2021-07-01T10:46:41,35000.0,13.1,B
2021-07-01T10:46:35,5000.0,13.05,S
2021-07-01T10:46:29,2000.0,13.1,B
2021-07-01T10:46:25,5000.0,13.1,B
2021-07-01T10:46:21,1000.0,13.1,B
2021-07-01T10:46:08,100.0,13.1,B
2021-07-01T10:46:07,500.0,13.1,B
2021-07-01T10:46:04,13000.0,13.05,S
2021-07-01T10:46:04,4700.0,13.05,S
2021-07-01T10:45:52,500.0,13.1,B
2021-07-01T10:45:43,1000.0,13.1,B
2021-07-01T10:45:42,800.0,13.1,B
2021-07-01T10:45:36,300.0,13.1,B
2021-07-01T10:45:29,100.0,13.1,B
2021-07-01T10:45:29,200.0,13.1,B
2021-07-01T10:45:28,100.0,13.1,B
2021-07-01T10:45:27,2000.0,13.05,S
2021-07-01T10:45:24,3300.0,13.05,S
2021-07-01T10:45:20,1500.0,13.05,S
2021-07-01T10:45:10,2900.0,13.1,B
2021-07-01T10:44:43,100.0,13.05,S
2021-07-01T10:44:36,1500.0,13.05,S
2021-07-01T10:44:31,1700.0,13.05,S
2021-07-01T10:44:30,2000.0,13.05,S
2021-07-01T10:44:29,2200.0,13.1,B
2021-07-01T10:44:02,100.0,13.05,B
2021-07-01T10:44:00,300.0,13.05,B
2021-07-01T10:44:00,3000.0,13.05,B
2021-07-01T10:43:56,2000.0,13.05,B
2021-07-01T10:43:55,500.0,13.05,B
2021-07-01T10:43:55,2000.0,13.05,B
2021-07-01T10:43:52,600.0,13.05,S
2021-07-01T10:43:50,500.0,13.05,S
2021-07-01T10:43:50,800.0,13.05,S
2021-07-01T10:43:40,4200.0,13.05,B
2021-07-01T10:43:38,5800.0,13.05,S
2021-07-01T10:43:27,5000.0,13.1,B
2021-07-01T10:43:22,8700.0,13.05,B
2021-07-01T10:43:20,1000.0,13.05,B
2021-07-01T10:43:20,1600.0,13.05,B
2021-07-01T10:43:18,2100.0,13.05,S
2021-07-01T10:43:18,3200.0,13.05,S
2021-07-01T10:43:18,3400.0,13.05,S
2021-07-01T10:43:12,2000.0,13.05,B
2021-07-01T10:43:05,2500.0,13.05,B
2021-07-01T10:43:04,2500.0,13.05,B
2021-07-01T10:42:59,600.0,13.05,B
2021-07-01T10:42:56,1000.0,13.05,B
2021-07-01T10:42:53,10000.0,13.05,B
2021-07-01T10:42:52,12700.0,13.0,S
2021-07-01T10:42:52,2300.0,13.0,S
2021-07-01T10:42:52,3400.0,13.0,S
2021-07-01T10:42:38,3400.0,13.05,B
2021-07-01T10:42:27,100.0,13.05,B
2021-07-01T10:42:26,1000.0,13.05,B
2021-07-01T10:42:25,500.0,13.05,B
2021-07-01T10:42:25,300.0,13.05,B
2021-07-01T10:42:24,700.0,13.0,S
2021-07-01T10:42:24,2500.0,13.0,S
2021-07-01T10:42:24,10500.0,13.0,S
2021-07-01T10:42:24,100.0,13.0,S
2021-07-01T10:42:24,16300.0,13.0,S
2021-07-01T10:42:24,1100.0,13.0,S
2021-07-01T10:42:24,700.0,13.0,S
2021-07-01T10:42:24,20600.0,13.0,S
2021-07-01T10:42:24,300.0,13.0,S
2021-07-01T10:42:24,15100.0,13.0,S
2021-07-01T10:42:24,300.0,13.0,S
2021-07-01T10:42:24,3500.0,13.0,S
2021-07-01T10:42:24,11300.0,13.0,S
2021-07-01T10:42:22,500.0,13.05,B
2021-07-01T10:42:21,10000.0,13.05,B
2021-07-01T10:42:18,1000.0,13.0,S
2021-07-01T10:42:16,5000.0,13.05,B
2021-07-01T10:42:16,1000.0,13.05,B
2021-07-01T10:42:11,3000.0,13.05,B
2021-07-01T10:42:08,1000.0,13.05,B
2021-07-01T10:42:01,300.0,13.05,B
2021-07-01T10:42:00,100.0,13.05,B
2021-07-01T10:41:59,5000.0,13.05,B
2021-07-01T10:41:58,200.0,13.05,B
2021-07-01T10:41:56,5000.0,13.05,B
2021-07-01T10:41:56,1000.0,13.05,B
2021-07-01T10:41:56,200.0,13.05,B
2021-07-01T10:41:54,100.0,13.05,B
2021-07-01T10:41:53,100.0,13.05,B
2021-07-01T10:41:41,500.0,13.05,B
2021-07-01T10:41:27,8000.0,13.05,B
2021-07-01T10:41:17,3000.0,13.1,B
2021-07-01T10:41:16,500.0,13.05,B
2021-07-01T10:41:13,3000.0,13.0,S
2021-07-01T10:41:13,800.0,13.05,S
2021-07-01T10:41:12,300.0,13.05,S
2021-07-01T10:41:08,100.0,13.1,B
2021-07-01T10:40:55,4000.0,13.05,S
2021-07-01T10:40:55,500.0,13.05,S
2021-07-01T10:40:55,25500.0,13.05,S
2021-07-01T10:40:51,1000.0,13.05,S
2021-07-01T10:40:46,1000.0,13.05,S
2021-07-01T10:40:46,200.0,13.05,S
2021-07-01T10:40:46,3800.0,13.05,S
2021-07-01T10:40:43,1200.0,13.05,S
2021-07-01T10:40:36,10000.0,13.05,S
2021-07-01T10:40:35,1000.0,13.05,S
2021-07-01T10:40:27,700.0,13.05,S
2021-07-01T10:40:23,1000.0,13.05,B
2021-07-01T10:40:16,300.0,13.05,B
2021-07-01T10:40:15,1800.0,13.05,B
2021-07-01T10:40:06,2000.0,13.05,B
2021-07-01T10:40:05,10100.0,13.05,B
2021-07-01T10:40:03,10000.0,13.05,B
2021-07-01T10:39:55,100.0,13.05,B
2021-07-01T10:39:53,5400.0,13.05,B
2021-07-01T10:39:53,14600.0,13.05,B
2021-07-01T10:39:53,2000.0,13.05,B
2021-07-01T10:39:51,1000.0,13.0,S
2021-07-01T10:39:47,300.0,13.05,B
2021-07-01T10:39:45,100.0,13.05,B
2021-07-01T10:39:43,100.0,13.05,B
2021-07-01T10:39:37,300.0,13.05,B
2021-07-01T10:39:29,300.0,13.0,S
2021-07-01T10:39:28,25000.0,13.0,S
2021-07-01T10:39:28,900.0,13.05,B
2021-07-01T10:39:26,1500.0,13.0,S
2021-07-01T10:39:21,1000.0,13.0,S
2021-07-01T10:39:13,1400.0,13.05,B
2021-07-01T10:39:11,200.0,13.05,B
2021-07-01T10:39:07,3000.0,13.05,B
2021-07-01T10:39:04,2000.0,13.05,B
2021-07-01T10:38:52,12000.0,13.05,B
2021-07-01T10:38:50,200.0,13.0,S
2021-07-01T10:38:50,800.0,13.0,S
2021-07-01T10:38:50,200.0,13.0,S
2021-07-01T10:38:50,400.0,13.05,B
2021-07-01T10:38:48,1800.0,13.0,S
2021-07-01T10:38:48,400.0,13.0,S
2021-07-01T10:38:26,100.0,13.05,B
2021-07-01T10:38:22,2500.0,13.0,S
2021-07-01T10:38:17,300.0,13.0,S
2021-07-01T10:38:15,1000.0,13.05,B
2021-07-01T10:38:09,800.0,13.0,S
2021-07-01T10:38:09,2600.0,13.0,S
2021-07-01T10:38:09,2600.0,13.0,S
2021-07-01T10:38:08,3600.0,13.0,S
2021-07-01T10:38:08,6100.0,13.0,S
2021-07-01T10:38:08,1700.0,13.0,S
2021-07-01T10:38:08,12600.0,13.0,S
2021-07-01T10:38:08,1000.0,13.0,S
2021-07-01T10:38:03,10000.0,13.05,B
2021-07-01T10:38:00,2000.0,13.0,S
2021-07-01T10:37:56,10000.0,13.0,S
2021-07-01T10:37:46,5000.0,13.0,S
2021-07-01T10:37:39,300.0,13.0,S
2021-07-01T10:37:38,100.0,13.0,S
2021-07-01T10:37:34,500.0,13.0,S
2021-07-01T10:37:29,1200.0,13.0,S
2021-07-01T10:37:11,500.0,13.0,S
2021-07-01T10:37:11,500.0,13.0,S
2021-07-01T10:37:09,3000.0,13.0,S
2021-07-01T10:37:00,800.0,13.0,S
2021-07-01T10:36:59,1000.0,13.0,S
2021-07-01T10:36:45,7000.0,12.95,S
2021-07-01T10:36:42,14500.0,12.95,S
2021-07-01T10:36:39,2100.0,13.0,B
2021-07-01T10:36:37,400.0,13.0,B
2021-07-01T10:36:34,2000.0,13.0,B
2021-07-01T10:36:31,3300.0,13.0,B
2021-07-01T10:36:31,500.0,13.0,B
2021-07-01T10:36:30,900.0,12.95,S
2021-07-01T10:36:30,200.0,13.0,B
2021-07-01T10:36:27,1100.0,13.0,B
2021-07-01T10:36:26,16000.0,13.0,B
2021-07-01T10:36:24,500.0,13.0,B
2021-07-01T10:36:23,100.0,13.0,B
2021-07-01T10:36:23,700.0,13.0,B
2021-07-01T10:36:23,4600.0,13.0,B
2021-07-01T10:36:23,100.0,13.0,B
2021-07-01T10:36:23,21800.0,13.0,B
2021-07-01T10:36:19,20000.0,13.0,B
2021-07-01T10:36:16,1000.0,13.0,B
2021-07-01T10:36:15,500.0,13.0,B
2021-07-01T10:36:15,200.0,13.0,B
2021-07-01T10:36:13,1300.0,13.0,B
2021-07-01T10:36:13,200.0,12.95,S
2021-07-01T10:36:12,25700.0,13.0,B
2021-07-01T10:36:09,200.0,13.0,B
2021-07-01T10:36:08,10000.0,13.0,B
2021-07-01T10:36:08,100.0,13.0,B
2021-07-01T10:36:03,2000.0,13.0,B
2021-07-01T10:36:00,600.0,13.0,B
2021-07-01T10:35:58,600.0,13.0,B
2021-07-01T10:35:56,400.0,13.0,B
2021-07-01T10:35:55,3000.0,13.0,B
2021-07-01T10:35:54,200.0,13.0,B
2021-07-01T10:35:51,12000.0,13.0,B
2021-07-01T10:35:49,4400.0,13.0,B
2021-07-01T10:35:49,1800.0,13.0,B
2021-07-01T10:35:48,100.0,13.0,B
2021-07-01T10:35:47,100.0,13.0,B
2021-07-01T10:35:46,500.0,13.0,B
2021-07-01T10:35:43,1200.0,13.0,B
2021-07-01T10:35:41,100.0,13.0,B
2021-07-01T10:35:37,22700.0,13.0,B
2021-07-01T10:35:35,100.0,13.0,B
2021-07-01T10:35:32,800.0,13.0,B
2021-07-01T10:35:28,2000.0,13.0,B
2021-07-01T10:35:26,100.0,13.0,B
2021-07-01T10:35:25,500.0,12.95,S
2021-07-01T10:35:23,100.0,13.0,B
2021-07-01T10:35:23,200.0,13.0,B
2021-07-01T10:35:23,100.0,13.0,B
2021-07-01T10:35:21,5000.0,13.0,B
2021-07-01T10:35:20,500.0,13.0,B
2021-07-01T10:35:18,400.0,13.0,B
2021-07-01T10:35:17,100.0,13.0,B
2021-07-01T10:35:16,1000.0,13.0,B
2021-07-01T10:35:15,200.0,13.0,B
2021-07-01T10:35:15,100.0,13.0,B
2021-07-01T10:35:15,1000.0,13.0,B
2021-07-01T10:35:11,100.0,13.0,B
2021-07-01T10:35:08,400.0,13.0,B
2021-07-01T10:35:03,100.0,13.0,B
2021-07-01T10:34:52,100.0,13.0,B
2021-07-01T10:34:50,600.0,12.95,S
2021-07-01T10:34:45,100.0,13.0,B
2021-07-01T10:34:44,2200.0,13.0,B
2021-07-01T10:34:43,1000.0,13.0,B
2021-07-01T10:34:43,500.0,13.0,B
2021-07-01T10:34:40,1100.0,13.0,B
2021-07-01T10:34:39,100.0,13.0,B
2021-07-01T10:34:36,500.0,12.95,S
2021-07-01T10:34:35,5000.0,13.0,B
2021-07-01T10:34:33,200.0,13.0,B
2021-07-01T10:34:33,100.0,13.0,B
2021-07-01T10:34:32,100.0,13.0,B
2021-07-01T10:34:31,1000.0,13.0,B
2021-07-01T10:34:30,10000.0,12.95,S
2021-07-01T10:34:27,1100.0,13.0,B
2021-07-01T10:34:27,12000.0,12.95,S
2021-07-01T10:34:25,100.0,13.0,B
2021-07-01T10:34:19,2500.0,13.0,B
2021-07-01T10:34:19,1100.0,13.0,B
2021-07-01T10:34:16,100.0,13.0,B
2021-07-01T10:34:16,100.0,13.0,B
2021-07-01T10:34:16,1800.0,13.0,B
2021-07-01T10:34:15,500.0,13.0,B
2021-07-01T10:34:12,500.0,13.0,B
2021-07-01T10:34:10,1000.0,12.95,S
2021-07-01T10:34:09,10200.0,13.0,B
2021-07-01T10:34:06,100.0,13.0,B
2021-07-01T10:34:05,2000.0,13.0,B
2021-07-01T10:34:04,200.0,12.95,S
2021-07-01T10:34:03,3700.0,13.0,B
2021-07-01T10:34:03,9000.0,13.0,B
2021-07-01T10:34:02,100.0,13.0,B
2021-07-01T10:34:02,200.0,13.0,B
2021-07-01T10:33:58,700.0,13.0,B
2021-07-01T10:33:55,300.0,13.0,B
2021-07-01T10:33:53,500.0,13.0,B
2021-07-01T10:33:51,200.0,13.0,B
2021-07-01T10:33:50,4400.0,13.0,B
2021-07-01T10:33:50,4000.0,13.0,B
2021-07-01T10:33:50,33700.0,13.0,B
2021-07-01T10:33:48,900.0,13.0,B
2021-07-01T10:33:47,300.0,13.0,B
2021-07-01T10:33:47,8200.0,13.0,B
2021-07-01T10:33:45,300.0,13.0,B
2021-07-01T10:33:42,1500.0,13.0,B
2021-07-01T10:33:42,500.0,13.0,B
2021-07-01T10:33:36,1000.0,13.0,B
2021-07-01T10:33:34,100.0,13.0,B
2021-07-01T10:33:33,1000.0,13.0,B
2021-07-01T10:33:32,1800.0,13.0,B
2021-07-01T10:33:32,100.0,13.0,B
2021-07-01T10:33:30,200.0,13.0,B
2021-07-01T10:33:30,700.0,13.0,B
2021-07-01T10:33:30,1000.0,13.0,B
2021-07-01T10:33:29,300.0,13.0,B
2021-07-01T10:33:29,10300.0,13.0,B
2021-07-01T10:33:28,1000.0,13.0,B
2021-07-01T10:33:24,5000.0,13.0,B
2021-07-01T10:33:23,300.0,13.0,B
2021-07-01T10:33:23,200.0,13.0,B
2021-07-01T10:33:21,500.0,13.0,B
2021-07-01T10:33:20,100.0,13.0,B
2021-07-01T10:33:17,1000.0,13.0,B
2021-07-01T10:33:15,1000.0,13.0,B
2021-07-01T10:33:14,500.0,13.0,B
2021-07-01T10:33:14,300.0,13.0,B
2021-07-01T10:33:14,500.0,13.0,B
2021-07-01T10:33:13,1000.0,13.0,B
2021-07-01T10:33:12,100.0,13.0,B
2021-07-01T10:33:12,200.0,13.0,B
2021-07-01T10:33:10,1000.0,13.0,B
2021-07-01T10:33:10,4700.0,13.0,S
2021-07-01T10:33:01,300.0,13.0,S
2021-07-01T10:33:01,100.0,13.0,S
2021-07-01T10:32:58,100.0,13.0,S
2021-07-01T10:32:57,2000.0,13.0,S
2021-07-01T10:32:57,2000.0,13.0,S
2021-07-01T10:32:57,2100.0,13.0,S
2021-07-01T10:32:57,300.0,13.0,S
2021-07-01T10:32:57,3300.0,13.0,S
2021-07-01T10:32:57,200.0,13.0,S
2021-07-01T10:32:57,3200.0,13.0,S
2021-07-01T10:32:57,12700.0,13.0,S
2021-07-01T10:32:56,1700.0,13.0,S
2021-07-01T10:32:56,3300.0,13.0,S
2021-07-01T10:32:56,1300.0,13.0,S
2021-07-01T10:32:56,3700.0,13.0,S
2021-07-01T10:32:54,500.0,13.05,B
2021-07-01T10:32:53,2600.0,13.0,S
2021-07-01T10:32:53,200.0,13.0,S
2021-07-01T10:32:53,17200.0,13.0,S
2021-07-01T10:32:43,5000.0,13.0,S
2021-07-01T10:32:43,300.0,13.05,B
2021-07-01T10:32:42,20000.0,13.0,S
2021-07-01T10:32:40,136300.0,13.0,S
2021-07-01T10:32:40,2200.0,13.0,S
2021-07-01T10:32:40,9000.0,13.0,S
2021-07-01T10:32:40,3300.0,13.0,S
2021-07-01T10:32:40,6500.0,13.0,S
2021-07-01T10:32:40,10600.0,13.0,S
2021-07-01T10:32:40,2300.0,13.0,S
2021-07-01T10:32:40,10100.0,13.0,S
2021-07-01T10:32:40,1600.0,13.0,S
2021-07-01T10:32:40,500.0,13.0,S
2021-07-01T10:32:40,196500.0,13.0,S
2021-07-01T10:32:40,2700.0,13.05,B
2021-07-01T10:32:39,52300.0,13.05,B
2021-07-01T10:32:35,500.0,13.0,S
2021-07-01T10:32:33,1000.0,13.0,S
2021-07-01T10:32:24,32900.0,13.0,S
2021-07-01T10:32:23,300.0,13.0,S
2021-07-01T10:32:21,500.0,13.05,B
2021-07-01T10:32:21,500.0,13.05,B
2021-07-01T10:32:16,100.0,13.05,B
2021-07-01T10:32:16,6200.0,13.0,S
2021-07-01T10:32:16,3800.0,13.0,S
2021-07-01T10:32:16,2300.0,13.0,S
2021-07-01T10:32:16,31200.0,13.0,S
2021-07-01T10:32:16,1900.0,13.0,S
2021-07-01T10:32:16,400.0,13.0,S
2021-07-01T10:32:16,600.0,13.0,S
2021-07-01T10:32:16,4000.0,13.0,S
2021-07-01T10:32:16,47700.0,13.0,S
2021-07-01T10:32:13,500.0,13.05,B
2021-07-01T10:32:11,100.0,13.05,B
2021-07-01T10:32:10,2000.0,13.05,B
2021-07-01T10:32:10,2000.0,13.05,B
2021-07-01T10:32:08,100.0,13.05,B
2021-07-01T10:32:07,2000.0,13.05,B
2021-07-01T10:32:06,1500.0,13.05,B
2021-07-01T10:32:05,1600.0,13.0,S
2021-07-01T10:32:05,4200.0,13.0,S
2021-07-01T10:32:05,1800.0,13.0,S
2021-07-01T10:32:05,3200.0,13.0,S
2021-07-01T10:32:05,18000.0,13.0,S
2021-07-01T10:32:05,300.0,13.0,S
2021-07-01T10:32:05,2200.0,13.0,S
2021-07-01T10:32:05,5800.0,13.0,S
2021-07-01T10:32:05,56100.0,13.0,S
2021-07-01T10:32:05,6100.0,13.0,S
2021-07-01T10:32:04,700.0,13.0,S
2021-07-01T10:32:03,1900.0,13.05,B
2021-07-01T10:32:00,800.0,13.05,B
2021-07-01T10:31:59,100.0,13.05,S
2021-07-01T10:31:56,5000.0,13.05,S
2021-07-01T10:31:54,500.0,13.05,S
2021-07-01T10:31:52,1000.0,13.05,S
2021-07-01T10:31:48,100.0,13.05,S
2021-07-01T10:31:46,300.0,13.0,S
2021-07-01T10:31:46,12000.0,13.0,S
2021-07-01T10:31:46,100.0,13.0,S
2021-07-01T10:31:46,2800.0,13.0,S
2021-07-01T10:31:46,2700.0,13.0,S
2021-07-01T10:31:46,2500.0,13.0,S
2021-07-01T10:31:46,7300.0,13.0,S
2021-07-01T10:31:46,1200.0,13.0,S
2021-07-01T10:31:46,1000.0,13.0,S
2021-07-01T10:31:46,19400.0,13.0,S
2021-07-01T10:31:43,1400.0,13.05,S
2021-07-01T10:31:42,4000.0,13.05,S
2021-07-01T10:31:41,600.0,13.05,S
2021-07-01T10:31:41,100.0,13.05,S
2021-07-01T10:31:40,900.0,13.0,S
2021-07-01T10:31:40,100.0,13.0,S
2021-07-01T10:31:38,100.0,13.05,S
2021-07-01T10:31:36,9900.0,13.0,S
2021-07-01T10:31:36,100.0,13.0,S
2021-07-01T10:31:33,100.0,13.05,S
2021-07-01T10:31:27,100.0,13.05,S
2021-07-01T10:31:23,100.0,13.05,S
2021-07-01T10:31:23,1600.0,13.05,S
2021-07-01T10:31:23,200.0,13.05,S
2021-07-01T10:31:23,3700.0,13.05,S
2021-07-01T10:31:23,63500.0,13.05,S
2021-07-01T10:31:22,1000.0,13.1,B
2021-07-01T10:31:20,1300.0,13.05,S
2021-07-01T10:31:15,200.0,13.1,B
2021-07-01T10:31:15,100.0,13.1,B
2021-07-01T10:31:06,2000.0,13.1,B
2021-07-01T10:30:57,2000.0,13.1,B
2021-07-01T10:30:53,300.0,13.1,B
2021-07-01T10:30:50,100.0,13.1,B
2021-07-01T10:30:50,100.0,13.1,B
2021-07-01T10:30:50,2300.0,13.05,S
2021-07-01T10:30:50,20500.0,13.05,S
2021-07-01T10:30:50,15300.0,13.05,S
2021-07-01T10:30:50,5900.0,13.05,S
2021-07-01T10:30:50,1000.0,13.05,S
2021-07-01T10:30:50,6800.0,13.05,S
2021-07-01T10:30:50,4100.0,13.05,S
2021-07-01T10:30:50,144100.0,13.05,S
2021-07-01T10:30:47,700.0,13.1,B
2021-07-01T10:30:47,96400.0,13.05,S
2021-07-01T10:30:47,1600.0,13.05,S
2021-07-01T10:30:47,2000.0,13.05,S
2021-07-01T10:30:47,2000.0,13.1,B
2021-07-01T10:30:47,100.0,13.1,B
2021-07-01T10:30:37,1000.0,13.1,B
2021-07-01T10:30:35,100.0,13.1,B
2021-07-01T10:30:33,200.0,13.1,B
2021-07-01T10:30:32,100.0,13.1,B
2021-07-01T10:30:32,5000.0,13.1,B
2021-07-01T10:30:29,1000.0,13.1,B
2021-07-01T10:30:27,1500.0,13.1,S
2021-07-01T10:30:27,1000.0,13.1,S
2021-07-01T10:30:27,2800.0,13.1,S
2021-07-01T10:30:27,400.0,13.1,S
2021-07-01T10:30:26,3000.0,13.1,S
2021-07-01T10:30:26,3000.0,13.1,S
2021-07-01T10:30:26,2000.0,13.1,S
2021-07-01T10:30:26,400.0,13.1,S
2021-07-01T10:30:26,11300.0,13.1,S
2021-07-01T10:30:26,10500.0,13.1,S
2021-07-01T10:30:26,1200.0,13.1,S
2021-07-01T10:30:26,600.0,13.1,S
2021-07-01T10:30:26,1700.0,13.1,S
2021-07-01T10:30:26,6200.0,13.1,S
2021-07-01T10:30:26,1500.0,13.1,S
2021-07-01T10:30:26,4000.0,13.1,S
2021-07-01T10:30:26,5200.0,13.1,S
2021-07-01T10:30:26,1900.0,13.1,S
2021-07-01T10:30:26,6200.0,13.1,S
2021-07-01T10:30:25,12100.0,13.1,S
2021-07-01T10:30:25,100.0,13.1,S
2021-07-01T10:30:25,600.0,13.1,S
2021-07-01T10:30:25,26000.0,13.1,S
2021-07-01T10:30:23,800.0,13.15,S
2021-07-01T10:30:22,100.0,13.15,S
2021-07-01T10:30:22,200.0,13.15,S
2021-07-01T10:30:17,500.0,13.15,S
2021-07-01T10:30:15,1700.0,13.15,S
2021-07-01T10:30:13,20000.0,13.1,S
2021-07-01T10:30:13,9100.0,13.15,S
2021-07-01T10:30:13,10000.0,13.2,B
2021-07-01T10:30:10,3100.0,13.15,S
2021-07-01T10:30:10,2200.0,13.15,S
2021-07-01T10:30:10,6700.0,13.15,S
2021-07-01T10:30:08,23200.0,13.15,S
2021-07-01T10:30:08,3800.0,13.15,S
2021-07-01T10:29:56,100.0,13.15,S
2021-07-01T10:29:55,1000.0,13.15,S
2021-07-01T10:29:49,1500.0,13.2,B
2021-07-01T10:29:48,2000.0,13.2,B
2021-07-01T10:29:44,3100.0,13.15,S
2021-07-01T10:29:44,2600.0,13.15,S
2021-07-01T10:29:44,14700.0,13.15,S
2021-07-01T10:29:44,1000.0,13.15,S
2021-07-01T10:29:44,10100.0,13.15,S
2021-07-01T10:29:44,26800.0,13.15,S
2021-07-01T10:29:44,1200.0,13.15,S
2021-07-01T10:29:44,40500.0,13.15,S
2021-07-01T10:29:42,1000.0,13.2,B
2021-07-01T10:29:38,4000.0,13.2,B
2021-07-01T10:29:33,600.0,13.2,B
2021-07-01T10:29:32,1000.0,13.15,S
2021-07-01T10:29:30,1000.0,13.2,B
2021-07-01T10:29:27,400.0,13.2,B
2021-07-01T10:29:27,100.0,13.2,B
2021-07-01T10:29:25,100.0,13.15,S
2021-07-01T10:29:24,200.0,13.2,B
2021-07-01T10:29:22,100.0,13.2,B
2021-07-01T10:29:22,300.0,13.2,B
2021-07-01T10:29:21,5000.0,13.2,B
2021-07-01T10:29:20,700.0,13.2,B
2021-07-01T10:29:13,1000.0,13.2,B
2021-07-01T10:29:10,200.0,13.2,B
2021-07-01T10:28:53,3000.0,13.2,B
2021-07-01T10:28:50,1000.0,13.15,S
2021-07-01T10:28:49,500.0,13.2,B
2021-07-01T10:28:46,5000.0,13.2,B
2021-07-01T10:28:43,100.0,13.2,B
2021-07-01T10:28:40,1000.0,13.2,B
2021-07-01T10:28:39,3600.0,13.2,B
2021-07-01T10:28:38,100.0,13.2,B
2021-07-01T10:28:37,5000.0,13.15,S
2021-07-01T10:28:35,5000.0,13.2,B
2021-07-01T10:28:33,100.0,13.2,B
2021-07-01T10:28:33,3000.0,13.2,B
2021-07-01T10:28:30,5700.0,13.15,S
2021-07-01T10:28:30,1000.0,13.15,S
2021-07-01T10:28:30,1000.0,13.15,S
2021-07-01T10:28:30,2300.0,13.15,S
2021-07-01T10:28:27,2500.0,13.2,B
2021-07-01T10:28:21,100.0,13.2,B
2021-07-01T10:28:20,300.0,13.2,B
2021-07-01T10:28:11,1000.0,13.2,B
2021-07-01T10:28:10,100.0,13.2,B
2021-07-01T10:28:09,600.0,13.15,S
2021-07-01T10:28:09,4000.0,13.2,B
2021-07-01T10:28:09,6000.0,13.2,B
2021-07-01T10:28:09,100.0,13.2,B
2021-07-01T10:28:06,500.0,13.2,B
2021-07-01T10:28:05,5000.0,13.2,B
2021-07-01T10:28:04,2000.0,13.2,B
2021-07-01T10:28:03,200.0,13.2,B
2021-07-01T10:28:01,100.0,13.2,B
2021-07-01T10:28:01,100.0,13.2,B
2021-07-01T10:27:52,1000.0,13.2,B
2021-07-01T10:27:51,5000.0,13.2,B
2021-07-01T10:27:44,1000.0,13.2,B
2021-07-01T10:27:32,100.0,13.2,B
2021-07-01T10:27:30,4700.0,13.15,S
2021-07-01T10:27:30,5300.0,13.15,S
2021-07-01T10:27:23,3500.0,13.2,B
2021-07-01T10:27:18,1000.0,13.2,B
2021-07-01T10:27:12,100.0,13.15,S
2021-07-01T10:27:12,500.0,13.2,B
2021-07-01T10:27:11,5000.0,13.15,S
2021-07-01T10:27:06,500.0,13.2,B
2021-07-01T10:27:04,10000.0,13.15,S
2021-07-01T10:26:57,10000.0,13.15,S
2021-07-01T10:26:56,200.0,13.2,B
2021-07-01T10:26:53,600.0,13.15,S
2021-07-01T10:26:53,400.0,13.15,S
2021-07-01T10:26:51,3000.0,13.2,B
2021-07-01T10:26:49,1000.0,13.2,B
2021-07-01T10:26:49,1000.0,13.2,B
2021-07-01T10:26:47,1000.0,13.2,B
2021-07-01T10:26:45,10000.0,13.15,S
2021-07-01T10:26:42,2000.0,13.2,B
2021-07-01T10:26:42,2500.0,13.2,B
2021-07-01T10:26:42,200.0,13.2,B
2021-07-01T10:26:41,100.0,13.2,B
2021-07-01T10:26:38,200.0,13.15,S
2021-07-01T10:26:38,1200.0,13.15,S
2021-07-01T10:26:38,500.0,13.15,S
2021-07-01T10:26:38,2100.0,13.15,S
2021-07-01T10:26:38,6000.0,13.15,S
2021-07-01T10:26:36,2000.0,13.2,B
2021-07-01T10:26:34,500.0,13.2,B
2021-07-01T10:26:33,2000.0,13.15,S
2021-07-01T10:26:28,400.0,13.2,B
2021-07-01T10:26:28,600.0,13.2,B
2021-07-01T10:26:24,400.0,13.2,B
2021-07-01T10:26:16,10000.0,13.2,B
2021-07-01T10:26:16,18600.0,13.15,S
2021-07-01T10:26:14,2000.0,13.2,B
2021-07-01T10:26:14,100.0,13.15,S
2021-07-01T10:26:09,900.0,13.15,S
2021-07-01T10:26:09,100.0,13.15,S
2021-07-01T10:26:08,1000.0,13.2,B
2021-07-01T10:26:06,2100.0,13.15,S
2021-07-01T10:26:06,11100.0,13.15,S
2021-07-01T10:26:06,3600.0,13.15,S
2021-07-01T10:26:05,500.0,13.15,S
2021-07-01T10:26:05,1000.0,13.2,B
2021-07-01T10:26:04,1000.0,13.2,B
2021-07-01T10:26:03,100.0,13.2,B
2021-07-01T10:26:03,100.0,13.15,S
2021-07-01T10:26:03,3000.0,13.15,S
2021-07-01T10:25:58,4000.0,13.15,S
2021-07-01T10:25:58,1100.0,13.15,S
2021-07-01T10:25:53,40300.0,13.2,B
2021-07-01T10:25:53,8300.0,13.2,B
2021-07-01T10:25:53,25900.0,13.2,B
2021-07-01T10:25:53,500.0,13.2,B
2021-07-01T10:25:53,2200.0,13.2,B
2021-07-01T10:25:53,11300.0,13.2,B
2021-07-01T10:25:51,800.0,13.15,S
2021-07-01T10:25:50,300.0,13.15,S
2021-07-01T10:25:45,100.0,13.1,S
2021-07-01T10:25:44,200.0,13.15,S
2021-07-01T10:25:44,800.0,13.15,S
2021-07-01T10:25:39,21500.0,13.15,S
2021-07-01T10:25:33,100.0,13.2,B
2021-07-01T10:25:30,10000.0,13.2,B
