tradingTime,volume,price,side
2021-07-01T14:30:06,200.0,39.4,B
2021-07-01T14:29:48,500.0,39.4,B
2021-07-01T14:29:41,1000.0,39.4,B
2021-07-01T14:29:28,500.0,39.4,B
2021-07-01T14:29:24,1600.0,39.4,B
2021-07-01T14:29:17,2400.0,39.4,B
2021-07-01T14:29:14,2000.0,39.4,B
2021-07-01T14:28:49,200.0,39.4,B
2021-07-01T14:28:44,300.0,39.4,B
2021-07-01T14:28:34,300.0,39.4,B
2021-07-01T14:28:08,100.0,39.4,B
2021-07-01T14:27:48,1000.0,39.4,B
2021-07-01T14:27:44,200.0,39.4,B
2021-07-01T14:27:30,100.0,39.4,B
2021-07-01T14:27:28,8400.0,39.35,S
2021-07-01T14:26:55,100.0,39.4,B
2021-07-01T14:26:54,100.0,39.4,B
2021-07-01T14:26:46,900.0,39.4,B
2021-07-01T14:26:43,500.0,39.4,B
2021-07-01T14:26:27,100.0,39.4,B
2021-07-01T14:26:15,1000.0,39.35,S
2021-07-01T14:26:13,200.0,39.4,B
2021-07-01T14:25:43,400.0,39.4,S
2021-07-01T14:25:42,100.0,39.4,S
2021-07-01T14:25:42,1300.0,39.4,S
2021-07-01T14:25:36,100.0,39.45,B
2021-07-01T14:25:34,500.0,39.45,B
2021-07-01T14:25:14,200.0,39.45,B
2021-07-01T14:25:12,300.0,39.45,B
2021-07-01T14:25:03,100.0,39.45,B
2021-07-01T14:24:54,1000.0,39.45,B
2021-07-01T14:24:50,700.0,39.45,B
2021-07-01T14:24:32,500.0,39.45,B
2021-07-01T14:24:32,1200.0,39.45,B
2021-07-01T14:24:32,1300.0,39.45,B
2021-07-01T14:24:32,400.0,39.45,B
2021-07-01T14:24:28,300.0,39.45,B
2021-07-01T14:24:22,100.0,39.45,B
2021-07-01T14:24:22,100.0,39.4,S
2021-07-01T14:24:22,500.0,39.4,S
2021-07-01T14:24:07,200.0,39.45,B
2021-07-01T14:23:49,100.0,39.45,B
2021-07-01T14:23:40,200.0,39.4,S
2021-07-01T14:23:34,1300.0,39.45,B
2021-07-01T14:23:33,100.0,39.45,B
2021-07-01T14:23:29,700.0,39.45,B
2021-07-01T14:23:26,1500.0,39.45,B
2021-07-01T14:23:25,400.0,39.4,B
2021-07-01T14:23:18,1600.0,39.4,S
2021-07-01T14:23:15,300.0,39.4,S
2021-07-01T14:23:04,400.0,39.45,B
2021-07-01T14:22:57,1000.0,39.45,B
2021-07-01T14:22:40,200.0,39.45,B
2021-07-01T14:22:02,100.0,39.45,B
2021-07-01T14:21:57,1500.0,39.45,B
2021-07-01T14:21:42,1000.0,39.4,S
2021-07-01T14:21:12,200.0,39.45,B
2021-07-01T14:20:53,200.0,39.45,B
2021-07-01T14:20:44,1400.0,39.45,B
2021-07-01T14:20:31,100.0,39.45,B
2021-07-01T14:20:30,200.0,39.45,B
2021-07-01T14:20:04,300.0,39.45,B
2021-07-01T14:20:00,800.0,39.45,B
2021-07-01T14:19:52,200.0,39.45,B
2021-07-01T14:19:52,100.0,39.45,B
2021-07-01T14:19:36,500.0,39.4,S
2021-07-01T14:19:21,2000.0,39.4,B
2021-07-01T14:19:01,300.0,39.4,B
2021-07-01T14:19:01,300.0,39.4,B
2021-07-01T14:19:00,400.0,39.4,B
2021-07-01T14:18:58,300.0,39.4,B
2021-07-01T14:18:46,1000.0,39.35,S
2021-07-01T14:18:34,100.0,39.4,B
2021-07-01T14:18:32,1500.0,39.35,S
2021-07-01T14:18:31,500.0,39.4,B
2021-07-01T14:18:23,1400.0,39.4,B
2021-07-01T14:18:10,400.0,39.4,B
2021-07-01T14:18:05,200.0,39.4,B
2021-07-01T14:18:03,200.0,39.4,B
2021-07-01T14:17:56,2000.0,39.4,B
2021-07-01T14:17:55,100.0,39.4,B
2021-07-01T14:17:52,1200.0,39.4,B
2021-07-01T14:17:51,2000.0,39.4,B
2021-07-01T14:17:30,800.0,39.4,B
2021-07-01T14:17:26,1600.0,39.4,B
2021-07-01T14:17:25,100.0,39.4,B
2021-07-01T14:17:11,1000.0,39.4,B
2021-07-01T14:17:07,500.0,39.4,B
2021-07-01T14:17:05,100.0,39.4,B
2021-07-01T14:17:02,500.0,39.4,B
2021-07-01T14:16:58,1000.0,39.4,B
2021-07-01T14:16:50,2000.0,39.4,B
2021-07-01T14:16:47,1000.0,39.4,B
2021-07-01T14:16:41,1000.0,39.4,B
2021-07-01T14:16:32,2000.0,39.4,B
2021-07-01T14:16:30,100.0,39.4,B
2021-07-01T14:16:22,2600.0,39.4,B
2021-07-01T14:16:18,200.0,39.4,B
2021-07-01T14:16:13,100.0,39.4,B
2021-07-01T14:16:12,300.0,39.4,B
2021-07-01T14:16:10,300.0,39.4,B
2021-07-01T14:16:06,7500.0,39.4,B
2021-07-01T14:15:59,100.0,39.4,B
2021-07-01T14:15:58,400.0,39.4,B
2021-07-01T14:15:49,200.0,39.4,B
2021-07-01T14:15:09,300.0,39.35,B
2021-07-01T14:15:00,600.0,39.35,B
2021-07-01T14:14:58,500.0,39.35,B
2021-07-01T14:14:56,500.0,39.3,S
2021-07-01T14:14:55,500.0,39.35,B
2021-07-01T14:14:45,100.0,39.35,B
2021-07-01T14:14:28,1500.0,39.35,B
2021-07-01T14:13:54,500.0,39.3,B
2021-07-01T14:13:45,200.0,39.3,B
2021-07-01T14:13:33,1000.0,39.3,B
2021-07-01T14:13:22,13700.0,39.3,B
2021-07-01T14:13:22,7500.0,39.3,B
2021-07-01T14:13:15,200.0,39.3,B
2021-07-01T14:13:14,100.0,39.25,S
2021-07-01T14:13:04,100.0,39.3,B
2021-07-01T14:12:57,300.0,39.3,B
2021-07-01T14:12:10,300.0,39.3,B
2021-07-01T14:12:09,200.0,39.3,B
2021-07-01T14:11:51,1000.0,39.3,B
2021-07-01T14:11:34,1100.0,39.3,B
2021-07-01T14:11:31,1000.0,39.3,B
2021-07-01T14:10:59,100.0,39.2,S
2021-07-01T14:10:48,500.0,39.25,B
2021-07-01T14:10:28,500.0,39.2,B
2021-07-01T14:10:28,2000.0,39.2,B
2021-07-01T14:10:25,500.0,39.2,B
2021-07-01T14:10:13,2000.0,39.2,B
2021-07-01T14:10:12,500.0,39.2,B
2021-07-01T14:09:59,200.0,39.2,B
2021-07-01T14:09:57,1100.0,39.2,B
2021-07-01T14:09:46,1800.0,39.2,B
2021-07-01T14:09:16,3900.0,39.15,B
2021-07-01T14:09:05,4900.0,39.15,B
2021-07-01T14:08:47,1300.0,39.15,B
2021-07-01T14:08:46,500.0,39.15,B
2021-07-01T14:08:13,1000.0,39.05,B
2021-07-01T14:07:51,3900.0,39.0,B
2021-07-01T14:07:47,6100.0,39.0,B
2021-07-01T14:07:47,700.0,39.0,B
2021-07-01T14:07:47,100.0,39.0,B
2021-07-01T14:07:47,100.0,39.0,B
2021-07-01T14:07:15,1000.0,39.0,B
2021-07-01T14:07:05,200.0,39.0,B
2021-07-01T14:06:33,2000.0,39.0,B
2021-07-01T14:06:28,400.0,39.0,B
2021-07-01T14:06:18,100.0,39.0,B
2021-07-01T14:06:18,4200.0,39.0,B
2021-07-01T14:06:18,2900.0,39.0,B
2021-07-01T14:06:16,200.0,39.0,B
2021-07-01T14:06:07,500.0,39.0,B
2021-07-01T14:06:02,600.0,39.0,B
2021-07-01T14:05:57,2000.0,39.0,B
2021-07-01T14:05:46,700.0,39.0,B
2021-07-01T14:05:46,100.0,39.0,B
2021-07-01T14:05:46,1900.0,39.0,B
2021-07-01T14:05:46,3000.0,39.0,B
2021-07-01T14:05:34,1000.0,38.9,S
2021-07-01T14:05:19,300.0,39.0,B
2021-07-01T14:04:53,200.0,39.0,B
2021-07-01T14:04:44,500.0,38.95,B
2021-07-01T14:04:44,1000.0,38.9,S
2021-07-01T14:03:43,300.0,38.9,S
2021-07-01T14:03:28,100.0,38.9,S
2021-07-01T14:02:56,100.0,38.9,S
2021-07-01T14:02:33,200.0,38.9,B
2021-07-01T14:02:28,100.0,38.9,B
2021-07-01T14:02:20,3000.0,38.9,B
2021-07-01T14:02:17,100.0,38.9,B
2021-07-01T14:02:00,100.0,38.9,B
2021-07-01T14:01:48,100.0,38.9,B
2021-07-01T14:01:39,100.0,38.9,B
2021-07-01T14:01:26,200.0,38.9,B
2021-07-01T14:01:26,1000.0,38.9,B
2021-07-01T14:01:07,2900.0,38.9,S
2021-07-01T14:00:38,2000.0,38.9,S
2021-07-01T14:00:19,100.0,38.9,S
2021-07-01T13:59:57,5000.0,38.9,S
2021-07-01T13:59:33,500.0,38.9,S
2021-07-01T13:59:05,1000.0,38.9,B
2021-07-01T13:59:05,100.0,38.9,B
2021-07-01T13:59:05,900.0,38.9,B
2021-07-01T13:59:05,100.0,38.9,B
2021-07-01T13:59:05,10300.0,38.9,B
2021-07-01T13:58:37,200.0,38.9,B
2021-07-01T13:57:30,2000.0,38.9,B
2021-07-01T13:56:34,500.0,38.9,B
2021-07-01T13:56:04,2800.0,38.9,B
2021-07-01T13:55:27,100.0,38.85,S
2021-07-01T13:55:06,1000.0,38.85,S
2021-07-01T13:55:01,500.0,38.85,S
2021-07-01T13:54:52,900.0,38.85,S
2021-07-01T13:54:04,1000.0,38.85,S
2021-07-01T13:53:46,2800.0,38.85,S
2021-07-01T13:53:41,500.0,38.9,B
2021-07-01T13:52:53,200.0,38.85,B
2021-07-01T13:52:51,100.0,38.85,B
2021-07-01T13:51:59,300.0,38.85,B
2021-07-01T13:51:55,300.0,38.85,B
2021-07-01T13:51:38,400.0,38.85,S
2021-07-01T13:51:23,1500.0,38.9,B
2021-07-01T13:51:23,8000.0,38.9,B
2021-07-01T13:50:17,2000.0,38.9,B
2021-07-01T13:50:08,100.0,38.9,B
2021-07-01T13:49:16,2000.0,38.9,B
2021-07-01T13:49:07,1000.0,38.85,S
2021-07-01T13:49:04,1000.0,38.85,S
2021-07-01T13:48:28,600.0,38.85,S
2021-07-01T13:48:28,400.0,38.85,S
2021-07-01T13:48:16,500.0,38.85,S
2021-07-01T13:48:06,300.0,38.9,B
2021-07-01T13:47:26,100.0,38.9,B
2021-07-01T13:46:44,100.0,38.9,B
2021-07-01T13:46:40,300.0,38.85,S
2021-07-01T13:46:23,1000.0,38.85,S
2021-07-01T13:46:23,700.0,38.85,S
2021-07-01T13:46:02,500.0,38.85,S
2021-07-01T13:45:40,200.0,38.9,B
2021-07-01T13:44:20,200.0,38.85,S
2021-07-01T13:43:39,100.0,38.85,S
2021-07-01T13:43:04,100.0,38.85,S
2021-07-01T13:42:46,1000.0,38.85,S
2021-07-01T13:42:46,100.0,38.9,B
2021-07-01T13:40:30,200.0,38.9,B
2021-07-01T13:40:00,300.0,38.9,B
2021-07-01T13:39:45,300.0,38.9,B
2021-07-01T13:39:33,200.0,38.9,B
2021-07-01T13:39:16,300.0,38.85,S
2021-07-01T13:38:21,1000.0,38.9,B
2021-07-01T13:37:53,100.0,38.9,B
2021-07-01T13:37:53,100.0,38.9,B
2021-07-01T13:37:53,500.0,38.9,B
2021-07-01T13:37:43,200.0,38.9,B
2021-07-01T13:37:25,1500.0,38.8,S
2021-07-01T13:36:45,300.0,38.9,B
2021-07-01T13:36:43,1000.0,38.9,B
2021-07-01T13:36:37,100.0,38.8,S
2021-07-01T13:35:06,100.0,38.8,S
2021-07-01T13:35:03,200.0,38.9,B
2021-07-01T13:34:19,1700.0,38.8,S
2021-07-01T13:34:02,100.0,38.8,S
2021-07-01T13:33:52,1000.0,38.8,S
2021-07-01T13:33:07,400.0,38.8,S
2021-07-01T13:33:04,100.0,38.9,B
2021-07-01T13:33:01,300.0,38.9,B
2021-07-01T13:32:34,100.0,38.8,S
2021-07-01T13:32:27,600.0,38.8,B
2021-07-01T13:32:03,1600.0,38.8,S
2021-07-01T13:31:19,1000.0,38.9,B
2021-07-01T13:31:11,100.0,38.8,S
2021-07-01T13:31:08,100.0,38.9,B
2021-07-01T13:29:55,300.0,38.9,S
2021-07-01T13:29:49,1700.0,38.9,S
2021-07-01T13:28:51,400.0,38.9,S
2021-07-01T13:28:51,100.0,38.9,S
2021-07-01T13:28:43,100.0,38.9,S
2021-07-01T13:28:23,2000.0,39.0,B
2021-07-01T13:28:18,500.0,38.9,S
2021-07-01T13:27:55,3800.0,38.9,B
2021-07-01T13:27:30,100.0,38.9,B
2021-07-01T13:27:02,500.0,38.9,B
2021-07-01T13:26:56,500.0,38.9,S
2021-07-01T13:26:54,100.0,38.9,S
2021-07-01T13:26:45,300.0,38.9,S
2021-07-01T13:26:44,1200.0,38.9,S
2021-07-01T13:26:27,500.0,38.9,S
2021-07-01T13:26:24,11300.0,38.9,S
2021-07-01T13:26:22,500.0,39.0,B
2021-07-01T13:26:17,100.0,38.9,S
2021-07-01T13:26:12,700.0,39.0,B
2021-07-01T13:26:12,300.0,39.0,B
2021-07-01T13:26:12,1000.0,39.0,B
2021-07-01T13:26:08,2800.0,39.0,B
2021-07-01T13:26:07,500.0,38.9,S
2021-07-01T13:25:53,200.0,38.9,S
2021-07-01T13:25:42,500.0,39.0,B
2021-07-01T13:25:23,800.0,39.0,B
2021-07-01T13:25:08,400.0,39.0,B
2021-07-01T13:24:58,100.0,39.0,B
2021-07-01T13:24:37,1300.0,39.0,B
2021-07-01T13:24:37,3600.0,39.0,B
2021-07-01T13:24:37,100.0,39.0,B
2021-07-01T13:24:36,500.0,39.0,B
2021-07-01T13:24:15,1000.0,38.9,S
2021-07-01T13:24:10,300.0,39.0,B
2021-07-01T13:23:43,2000.0,39.0,B
2021-07-01T13:23:20,100.0,38.9,B
2021-07-01T13:23:07,100.0,38.9,B
2021-07-01T13:22:34,100.0,38.9,B
2021-07-01T13:22:33,600.0,38.9,B
2021-07-01T13:22:23,900.0,38.9,B
2021-07-01T13:22:20,100.0,38.9,B
2021-07-01T13:22:09,8000.0,38.9,B
2021-07-01T13:21:57,200.0,38.9,B
2021-07-01T13:21:52,500.0,38.9,B
2021-07-01T13:21:47,100.0,38.8,S
2021-07-01T13:21:27,500.0,38.8,S
2021-07-01T13:21:26,500.0,38.9,B
2021-07-01T13:20:58,100.0,38.8,B
2021-07-01T13:20:52,1000.0,38.8,B
2021-07-01T13:20:41,1000.0,38.8,B
2021-07-01T13:20:37,500.0,38.8,B
2021-07-01T13:20:35,300.0,38.7,S
2021-07-01T13:20:15,300.0,38.8,B
2021-07-01T13:20:14,500.0,38.8,B
2021-07-01T13:19:58,100.0,38.8,B
2021-07-01T13:19:45,5000.0,38.8,B
2021-07-01T13:19:27,500.0,38.8,B
2021-07-01T13:19:09,300.0,38.8,B
2021-07-01T13:19:09,3200.0,38.8,B
2021-07-01T13:19:01,100.0,38.8,B
2021-07-01T13:18:55,2000.0,38.8,B
2021-07-01T13:18:33,100.0,38.8,B
2021-07-01T13:18:32,100.0,38.8,B
2021-07-01T13:18:25,200.0,38.8,B
2021-07-01T13:18:12,100.0,38.8,B
2021-07-01T13:18:10,2000.0,38.8,B
2021-07-01T13:18:00,1900.0,38.75,B
2021-07-01T13:17:57,400.0,38.7,B
2021-07-01T13:17:56,100.0,38.7,B
2021-07-01T13:17:51,1200.0,38.7,B
2021-07-01T13:17:51,3800.0,38.7,B
2021-07-01T13:17:45,1000.0,38.7,B
2021-07-01T13:17:30,500.0,38.7,B
2021-07-01T13:17:20,500.0,38.7,B
2021-07-01T13:17:07,100.0,38.7,B
2021-07-01T13:16:42,1000.0,38.7,B
2021-07-01T13:16:21,1000.0,38.7,B
2021-07-01T13:16:00,1000.0,38.6,S
2021-07-01T13:15:37,2000.0,38.7,B
2021-07-01T13:15:02,900.0,38.6,B
2021-07-01T13:14:57,300.0,38.6,B
2021-07-01T13:14:49,200.0,38.6,B
2021-07-01T13:14:48,200.0,38.6,B
2021-07-01T13:14:34,1700.0,38.6,B
2021-07-01T13:14:02,10000.0,38.7,B
2021-07-01T13:13:47,300.0,38.5,S
2021-07-01T13:13:24,200.0,38.6,B
2021-07-01T13:13:23,5000.0,38.5,S
2021-07-01T13:13:15,2000.0,38.6,B
2021-07-01T13:12:42,400.0,38.6,B
2021-07-01T13:12:42,100.0,38.5,S
2021-07-01T13:12:42,200.0,38.6,B
2021-07-01T13:12:41,1400.0,38.5,S
2021-07-01T13:12:33,800.0,38.6,B
2021-07-01T13:12:13,1200.0,38.6,B
2021-07-01T13:11:43,200.0,38.5,S
2021-07-01T13:11:07,100.0,38.5,B
2021-07-01T13:10:56,100.0,38.4,S
2021-07-01T13:10:52,200.0,38.5,B
2021-07-01T13:10:52,800.0,38.5,B
2021-07-01T13:10:52,300.0,38.5,B
2021-07-01T13:10:52,1100.0,38.5,B
2021-07-01T13:10:52,700.0,38.5,B
2021-07-01T13:10:52,2400.0,38.5,B
2021-07-01T13:10:52,14500.0,38.5,B
2021-07-01T13:10:48,1000.0,38.5,B
2021-07-01T13:10:39,100.0,38.5,B
2021-07-01T13:10:37,500.0,38.5,B
2021-07-01T13:10:36,500.0,38.5,B
2021-07-01T13:10:19,1500.0,38.5,B
2021-07-01T13:10:19,200.0,38.5,B
2021-07-01T13:10:19,300.0,38.5,B
2021-07-01T13:10:11,200.0,38.4,B
2021-07-01T13:10:10,100.0,38.4,B
2021-07-01T13:10:02,200.0,38.5,B
2021-07-01T13:09:53,1600.0,38.4,B
2021-07-01T13:09:38,100.0,38.4,B
2021-07-01T13:09:13,4700.0,38.3,B
2021-07-01T13:08:57,1000.0,38.3,B
2021-07-01T13:08:50,5000.0,38.3,B
2021-07-01T13:08:50,900.0,38.3,B
2021-07-01T13:08:50,100.0,38.3,B
2021-07-01T13:08:47,100.0,38.25,S
2021-07-01T13:08:41,400.0,38.25,B
2021-07-01T13:08:35,100.0,38.25,B
2021-07-01T13:08:30,1200.0,38.2,B
2021-07-01T13:08:17,600.0,38.2,B
2021-07-01T13:08:17,200.0,38.2,B
2021-07-01T13:08:17,2200.0,38.2,B
2021-07-01T13:08:17,300.0,38.1,B
2021-07-01T13:08:17,1700.0,38.1,B
2021-07-01T13:08:08,2000.0,38.1,B
2021-07-01T13:07:44,3100.0,38.0,B
2021-07-01T13:07:44,1400.0,38.0,B
2021-07-01T13:07:44,2400.0,38.0,B
2021-07-01T13:07:34,500.0,38.0,B
2021-07-01T13:07:33,1300.0,38.0,B
2021-07-01T13:07:33,200.0,38.0,B
2021-07-01T13:07:33,1000.0,38.0,B
2021-07-01T13:07:33,700.0,38.0,B
2021-07-01T13:07:33,10000.0,38.0,B
2021-07-01T13:07:33,1300.0,38.0,B
2021-07-01T13:07:33,100.0,38.0,B
2021-07-01T13:07:32,1000.0,38.0,B
2021-07-01T13:07:32,100.0,38.0,B
2021-07-01T13:07:32,100.0,38.0,B
2021-07-01T13:07:32,4200.0,38.0,B
2021-07-01T13:07:24,1000.0,37.9,S
2021-07-01T13:07:17,1700.0,38.0,B
2021-07-01T13:06:47,1000.0,37.9,B
2021-07-01T13:06:39,1000.0,37.9,B
2021-07-01T13:06:36,400.0,37.9,B
2021-07-01T13:06:36,1100.0,37.9,B
2021-07-01T13:06:28,400.0,37.9,B
2021-07-01T13:06:25,15000.0,37.9,B
2021-07-01T13:06:11,100.0,37.9,B
2021-07-01T13:06:04,1000.0,37.9,B
2021-07-01T13:05:59,100.0,37.9,B
2021-07-01T13:05:51,4000.0,37.9,B
2021-07-01T13:05:46,100.0,37.9,B
2021-07-01T13:05:45,1300.0,37.9,B
2021-07-01T13:05:42,100.0,37.9,B
2021-07-01T13:05:37,1600.0,37.9,B
2021-07-01T13:05:31,100.0,37.9,B
2021-07-01T13:05:30,200.0,37.9,B
2021-07-01T13:04:54,100.0,37.9,B
2021-07-01T13:04:54,2000.0,37.9,B
2021-07-01T13:04:51,100.0,37.9,B
2021-07-01T13:04:31,400.0,37.9,B
2021-07-01T13:03:57,1000.0,37.9,B
2021-07-01T13:03:34,1000.0,37.9,B
2021-07-01T13:03:23,100.0,37.9,B
2021-07-01T13:02:50,500.0,37.9,B
2021-07-01T13:01:06,400.0,37.9,B
2021-07-01T13:00:23,500.0,37.9,B
2021-07-01T13:00:23,500.0,37.9,B
2021-07-01T13:00:23,200.0,37.85,S
2021-07-01T13:00:19,300.0,37.85,S
2021-07-01T11:26:06,500.0,37.85,S
2021-07-01T11:24:01,1200.0,37.9,B
2021-07-01T11:21:33,1000.0,37.9,B
2021-07-01T11:21:05,2000.0,37.9,S
2021-07-01T11:20:53,2900.0,37.9,S
2021-07-01T11:20:53,100.0,37.9,S
2021-07-01T11:16:40,500.0,37.9,S
2021-07-01T11:14:16,1000.0,37.9,S
2021-07-01T11:14:09,1500.0,37.95,S
2021-07-01T11:12:46,4700.0,37.95,B
2021-07-01T11:10:18,100.0,37.95,B
2021-07-01T11:10:15,200.0,37.95,B
2021-07-01T11:10:15,1200.0,37.95,B
2021-07-01T11:09:18,600.0,37.95,S
2021-07-01T11:09:18,1200.0,37.95,S
2021-07-01T11:09:13,1000.0,37.95,S
2021-07-01T11:07:57,1000.0,37.95,S
2021-07-01T11:07:52,400.0,38.0,B
2021-07-01T11:07:52,500.0,38.0,B
2021-07-01T11:07:51,300.0,37.95,S
2021-07-01T11:07:46,200.0,38.0,B
2021-07-01T11:07:46,3600.0,38.0,B
2021-07-01T11:07:36,400.0,38.0,B
2021-07-01T11:07:21,300.0,38.0,B
2021-07-01T11:06:49,1000.0,37.95,S
2021-07-01T11:06:40,100.0,38.0,B
2021-07-01T11:06:28,200.0,38.0,B
2021-07-01T11:06:17,600.0,38.0,B
2021-07-01T11:06:06,1000.0,37.95,S
2021-07-01T11:06:03,900.0,38.0,B
2021-07-01T11:06:03,100.0,38.0,B
2021-07-01T11:05:55,1000.0,38.0,B
2021-07-01T11:05:47,200.0,37.95,S
2021-07-01T11:05:37,5000.0,38.0,B
2021-07-01T11:05:21,5000.0,37.95,S
2021-07-01T11:04:50,400.0,37.95,S
2021-07-01T11:04:50,300.0,37.95,S
2021-07-01T11:04:50,300.0,37.95,S
2021-07-01T11:04:34,1000.0,37.95,S
2021-07-01T11:03:05,1000.0,37.95,B
2021-07-01T11:03:05,500.0,37.95,B
2021-07-01T11:02:42,100.0,37.95,B
2021-07-01T11:02:40,3900.0,37.95,B
2021-07-01T11:01:54,500.0,37.95,B
2021-07-01T11:00:54,500.0,37.95,B
2021-07-01T11:00:30,600.0,37.95,B
2021-07-01T10:59:35,400.0,37.95,B
2021-07-01T10:58:38,200.0,37.95,B
2021-07-01T10:58:19,100.0,37.95,B
2021-07-01T10:57:23,100.0,37.9,S
2021-07-01T10:57:23,400.0,37.9,S
2021-07-01T10:57:04,2600.0,37.95,B
2021-07-01T10:56:30,500.0,37.9,S
2021-07-01T10:55:21,1000.0,37.95,B
2021-07-01T10:54:52,1000.0,37.9,S
2021-07-01T10:51:53,5300.0,37.9,B
2021-07-01T10:51:32,700.0,37.9,S
2021-07-01T10:51:02,2800.0,37.9,S
2021-07-01T10:50:07,2000.0,37.9,S
2021-07-01T10:49:40,500.0,37.9,S
2021-07-01T10:47:28,100.0,37.9,B
2021-07-01T10:46:00,200.0,37.95,B
2021-07-01T10:44:22,200.0,37.95,B
2021-07-01T10:43:58,4100.0,37.85,S
2021-07-01T10:43:45,5300.0,37.9,S
2021-07-01T10:43:21,500.0,37.95,S
2021-07-01T10:41:24,500.0,37.9,S
2021-07-01T10:40:51,900.0,37.9,S
2021-07-01T10:40:50,2000.0,37.9,S
2021-07-01T10:40:40,200.0,37.9,S
2021-07-01T10:40:19,300.0,37.9,S
2021-07-01T10:39:51,3900.0,37.9,S
2021-07-01T10:39:45,2000.0,37.95,S
2021-07-01T10:38:40,800.0,38.0,B
2021-07-01T10:37:28,200.0,38.0,B
2021-07-01T10:36:26,100.0,38.0,B
2021-07-01T10:35:56,500.0,38.0,B
2021-07-01T10:35:34,500.0,38.0,B
2021-07-01T10:35:17,1300.0,38.0,B
2021-07-01T10:35:17,700.0,38.0,B
2021-07-01T10:34:39,1000.0,38.0,B
2021-07-01T10:34:18,300.0,37.9,S
2021-07-01T10:33:45,100.0,37.95,S
2021-07-01T10:33:45,3700.0,37.95,S
2021-07-01T10:33:33,100.0,38.0,B
2021-07-01T10:33:15,1000.0,38.0,B
2021-07-01T10:32:59,1000.0,38.0,B
2021-07-01T10:32:56,600.0,38.0,B
2021-07-01T10:31:35,200.0,38.0,B
2021-07-01T10:31:24,500.0,38.0,B
2021-07-01T10:31:22,100.0,38.0,B
2021-07-01T10:31:14,200.0,38.0,B
2021-07-01T10:31:13,200.0,38.0,B
2021-07-01T10:31:13,1200.0,38.0,B
2021-07-01T10:31:13,4600.0,38.0,B
2021-07-01T10:30:58,2000.0,38.0,B
2021-07-01T10:30:52,2000.0,38.0,B
2021-07-01T10:30:45,100.0,38.0,B
2021-07-01T10:30:38,1000.0,38.0,B
2021-07-01T10:30:29,500.0,38.0,B
2021-07-01T10:30:29,300.0,38.0,B
2021-07-01T10:29:47,4000.0,38.0,B
2021-07-01T10:29:12,1800.0,37.9,B
2021-07-01T10:29:12,2000.0,37.9,B
2021-07-01T10:29:07,200.0,37.9,B
2021-07-01T10:28:51,2000.0,37.9,B
2021-07-01T10:28:18,3100.0,37.8,B
2021-07-01T10:28:05,1400.0,37.8,B
2021-07-01T10:27:56,200.0,37.8,B
2021-07-01T10:27:41,200.0,37.8,B
2021-07-01T10:27:38,800.0,37.8,B
2021-07-01T10:27:38,4200.0,37.8,B
2021-07-01T10:27:15,1000.0,37.8,B
2021-07-01T10:26:49,200.0,37.7,B
2021-07-01T10:26:46,500.0,37.7,B
2021-07-01T10:26:07,2700.0,37.6,B
2021-07-01T10:26:06,400.0,37.6,B
2021-07-01T10:25:49,500.0,37.6,B
2021-07-01T10:25:44,700.0,37.6,B
2021-07-01T10:25:35,4200.0,37.6,B
2021-07-01T10:24:13,6000.0,37.5,B
2021-07-01T10:24:07,200.0,37.5,B
2021-07-01T10:23:57,100.0,37.5,B
2021-07-01T10:23:40,9300.0,37.5,B
2021-07-01T10:23:40,700.0,37.5,B
2021-07-01T10:22:40,400.0,37.4,B
2021-07-01T10:22:36,2000.0,37.4,B
2021-07-01T10:22:31,300.0,37.4,B
2021-07-01T10:22:30,500.0,37.4,B
2021-07-01T10:22:26,1000.0,37.4,B
2021-07-01T10:22:17,1000.0,37.4,B
2021-07-01T10:22:06,100.0,37.4,B
2021-07-01T10:22:03,100.0,37.4,B
2021-07-01T10:21:52,300.0,37.4,B
2021-07-01T10:21:44,100.0,37.4,B
2021-07-01T10:21:41,100.0,37.4,B
2021-07-01T10:21:25,200.0,37.4,B
2021-07-01T10:21:12,100.0,37.4,B
2021-07-01T10:21:12,1600.0,37.4,B
2021-07-01T10:19:37,400.0,37.3,B
2021-07-01T10:19:23,2500.0,37.1,S
2021-07-01T10:17:55,100.0,37.1,S
2021-07-01T10:12:34,1300.0,37.1,B
2021-07-01T10:12:07,100.0,37.1,B
2021-07-01T10:11:25,100.0,37.1,B
2021-07-01T10:08:47,1000.0,36.9,S
2021-07-01T10:08:47,1000.0,36.95,S
2021-07-01T10:08:25,100.0,37.1,B
2021-07-01T10:07:12,400.0,37.1,S
2021-07-01T10:06:57,100.0,37.1,S
2021-07-01T10:06:50,500.0,37.1,S
2021-07-01T10:06:43,500.0,37.1,S
2021-07-01T10:05:45,500.0,37.1,S
2021-07-01T10:05:22,500.0,37.1,S
2021-07-01T10:05:15,200.0,37.1,S
2021-07-01T10:05:00,1400.0,37.1,S
2021-07-01T10:05:00,900.0,37.1,S
2021-07-01T10:04:58,3200.0,37.1,S
2021-07-01T10:04:11,1000.0,37.3,B
2021-07-01T10:04:04,5000.0,37.1,S
2021-07-01T10:03:20,900.0,37.2,B
2021-07-01T10:02:34,600.0,37.2,B
2021-07-01T10:02:29,100.0,37.1,S
2021-07-01T10:02:24,100.0,37.2,B
2021-07-01T10:02:04,800.0,37.2,S
2021-07-01T10:02:00,400.0,37.2,S
2021-07-01T10:00:39,100.0,37.25,S
2021-07-01T09:59:43,5000.0,37.2,S
2021-07-01T09:59:38,100.0,37.2,S
2021-07-01T09:59:35,100.0,37.3,B
2021-07-01T09:59:21,400.0,37.2,S
2021-07-01T09:57:50,9000.0,37.2,S
2021-07-01T09:57:25,1000.0,37.3,S
2021-07-01T09:56:06,1000.0,37.3,S
2021-07-01T09:54:52,400.0,37.4,S
2021-07-01T09:54:38,100.0,37.4,S
2021-07-01T09:54:23,600.0,37.4,S
2021-07-01T09:54:23,300.0,37.4,S
2021-07-01T09:54:22,600.0,37.4,S
2021-07-01T09:54:15,100.0,37.4,S
2021-07-01T09:53:51,900.0,37.5,B
2021-07-01T09:53:26,1700.0,37.4,S
2021-07-01T09:51:43,300.0,37.4,S
2021-07-01T09:51:06,3000.0,37.4,S
2021-07-01T09:49:55,100.0,37.4,S
2021-07-01T09:48:43,500.0,37.4,B
2021-07-01T09:48:38,300.0,37.4,B
2021-07-01T09:48:30,200.0,37.4,B
2021-07-01T09:48:08,1000.0,37.4,B
2021-07-01T09:48:06,1000.0,37.4,B
2021-07-01T09:47:59,100.0,37.4,B
2021-07-01T09:47:20,200.0,37.4,S
2021-07-01T09:47:11,3000.0,37.4,S
2021-07-01T09:46:07,2000.0,37.5,S
2021-07-01T09:45:53,500.0,37.6,B
2021-07-01T09:45:53,1000.0,37.5,S
2021-07-01T09:45:35,200.0,37.6,B
2021-07-01T09:45:00,500.0,37.5,S
2021-07-01T09:44:31,300.0,37.5,S
2021-07-01T09:43:43,6500.0,37.5,S
2021-07-01T09:42:27,200.0,37.5,S
2021-07-01T09:40:52,100.0,37.5,S
2021-07-01T09:40:03,3000.0,37.5,S
2021-07-01T09:39:50,1000.0,37.5,S
2021-07-01T09:38:12,1700.0,37.5,B
2021-07-01T09:37:18,300.0,37.5,S
2021-07-01T09:35:31,200.0,37.5,S
2021-07-01T09:35:29,100.0,37.5,S
2021-07-01T09:34:25,100.0,37.5,S
2021-07-01T09:33:58,600.0,37.5,B
2021-07-01T09:33:09,600.0,37.5,S
2021-07-01T09:33:05,100.0,37.5,S
2021-07-01T09:32:18,500.0,37.5,S
2021-07-01T09:32:18,100.0,37.5,S
2021-07-01T09:31:33,200.0,37.6,B
2021-07-01T09:30:12,400.0,37.6,B
2021-07-01T09:29:52,1800.0,37.6,S
2021-07-01T09:28:48,200.0,37.6,S
2021-07-01T09:28:12,400.0,37.6,S
2021-07-01T09:28:07,1400.0,37.6,S
2021-07-01T09:26:45,100.0,37.6,S
2021-07-01T09:25:40,100.0,37.6,S
2021-07-01T09:25:37,100.0,37.6,S
2021-07-01T09:25:37,100.0,37.6,S
2021-07-01T09:24:44,100.0,37.6,B
2021-07-01T09:24:22,100.0,37.6,B
2021-07-01T09:23:50,700.0,37.6,B
2021-07-01T09:23:18,300.0,37.5,S
2021-07-01T09:22:53,100.0,37.5,S
2021-07-01T09:22:31,300.0,37.6,B
2021-07-01T09:22:30,1000.0,37.6,B
2021-07-01T09:22:23,400.0,37.6,B
2021-07-01T09:22:14,400.0,37.6,B
2021-07-01T09:22:09,500.0,37.6,B
2021-07-01T09:22:01,1000.0,37.6,B
2021-07-01T09:22:00,1000.0,37.6,B
2021-07-01T09:21:57,100.0,37.5,B
2021-07-01T09:21:15,1000.0,37.6,B
2021-07-01T09:21:01,1500.0,37.4,B
2021-07-01T09:20:41,100.0,37.3,B
2021-07-01T09:16:09,2800.0,37.1,B
2021-07-01T09:15:55,300.0,36.9,B
