tradingTime,volume,price,side
2021-07-01T14:30:01,6000.0,93.9,S
2021-07-01T14:29:58,500.0,94.2,B
2021-07-01T14:29:49,700.0,94.2,B
2021-07-01T14:29:41,300.0,94.2,B
2021-07-01T14:29:21,300.0,94.2,B
2021-07-01T14:29:17,200.0,94.2,B
2021-07-01T14:29:16,100.0,94.1,S
2021-07-01T14:28:55,1400.0,94.1,B
2021-07-01T14:28:43,2000.0,94.0,S
2021-07-01T14:28:25,200.0,94.1,B
2021-07-01T14:28:25,600.0,94.1,B
2021-07-01T14:28:00,8500.0,94.0,B
2021-07-01T14:27:58,2000.0,93.9,S
2021-07-01T14:27:46,1000.0,94.0,B
2021-07-01T14:27:24,300.0,94.0,S
2021-07-01T14:27:23,200.0,94.0,S
2021-07-01T14:27:23,3000.0,94.0,S
2021-07-01T14:26:56,100.0,94.0,S
2021-07-01T14:26:00,2000.0,94.0,S
2021-07-01T14:25:42,200.0,94.0,S
2021-07-01T14:25:17,500.0,94.1,B
2021-07-01T14:25:14,3700.0,94.1,B
2021-07-01T14:25:01,200.0,94.1,B
2021-07-01T14:25:01,2600.0,94.1,B
2021-07-01T14:24:44,5000.0,94.1,B
2021-07-01T14:24:23,1400.0,94.1,B
2021-07-01T14:24:08,100.0,94.0,S
2021-07-01T14:23:42,400.0,94.0,B
2021-07-01T14:23:33,100.0,94.0,B
2021-07-01T14:23:29,600.0,94.0,B
2021-07-01T14:23:27,300.0,94.0,B
2021-07-01T14:23:14,7700.0,94.0,B
2021-07-01T14:23:07,1000.0,94.0,B
2021-07-01T14:23:05,100.0,94.0,B
2021-07-01T14:22:55,2500.0,94.0,B
2021-07-01T14:22:52,100.0,94.0,B
2021-07-01T14:22:23,300.0,94.0,B
2021-07-01T14:21:59,1000.0,94.0,B
2021-07-01T14:20:53,500.0,94.0,B
2021-07-01T14:20:49,2600.0,94.0,B
2021-07-01T14:20:45,1000.0,94.0,B
2021-07-01T14:20:32,200.0,94.0,B
2021-07-01T14:19:46,1000.0,94.0,S
2021-07-01T14:19:34,2700.0,94.1,B
2021-07-01T14:19:34,500.0,94.1,B
2021-07-01T14:19:34,100.0,94.1,B
2021-07-01T14:19:34,1300.0,94.1,B
2021-07-01T14:19:34,400.0,94.0,B
2021-07-01T14:19:00,1800.0,94.0,B
2021-07-01T14:18:42,4200.0,94.0,B
2021-07-01T14:17:38,3800.0,94.0,S
2021-07-01T14:16:36,1200.0,94.0,B
2021-07-01T14:16:07,100.0,94.0,S
2021-07-01T14:15:52,200.0,94.0,S
2021-07-01T14:15:49,700.0,94.0,S
2021-07-01T14:15:46,300.0,94.0,S
2021-07-01T14:15:08,1000.0,94.1,B
2021-07-01T14:14:30,4200.0,94.1,B
2021-07-01T14:14:25,800.0,94.1,B
2021-07-01T14:14:20,600.0,94.0,B
2021-07-01T14:13:55,500.0,94.0,B
2021-07-01T14:13:47,100.0,94.0,B
2021-07-01T14:13:45,10200.0,94.0,S
2021-07-01T14:13:17,300.0,94.1,B
2021-07-01T14:13:13,2000.0,94.1,B
2021-07-01T14:13:12,400.0,94.1,B
2021-07-01T14:13:06,3400.0,94.1,B
2021-07-01T14:12:59,200.0,94.1,B
2021-07-01T14:12:56,600.0,94.0,S
2021-07-01T14:12:55,4400.0,94.0,S
2021-07-01T14:12:36,200.0,94.1,B
2021-07-01T14:12:29,100.0,94.1,B
2021-07-01T14:12:29,4300.0,94.1,B
2021-07-01T14:12:01,1000.0,94.1,B
2021-07-01T14:11:43,300.0,94.1,B
2021-07-01T14:11:32,500.0,94.1,B
2021-07-01T14:11:08,9000.0,94.1,B
2021-07-01T14:11:04,2000.0,94.0,S
2021-07-01T14:11:04,1900.0,94.0,S
2021-07-01T14:11:04,1300.0,94.0,S
2021-07-01T14:10:33,2200.0,94.1,B
2021-07-01T14:10:22,600.0,94.1,B
2021-07-01T14:09:49,1000.0,94.0,S
2021-07-01T14:09:33,5000.0,94.1,B
2021-07-01T14:09:23,300.0,94.1,B
2021-07-01T14:08:17,3400.0,94.1,B
2021-07-01T14:08:17,800.0,94.1,B
2021-07-01T14:08:00,300.0,94.1,B
2021-07-01T14:07:46,300.0,94.1,B
2021-07-01T14:07:13,200.0,94.1,B
2021-07-01T14:06:38,2000.0,94.0,S
2021-07-01T14:06:05,300.0,94.0,B
2021-07-01T14:05:37,1500.0,94.0,S
2021-07-01T14:05:28,500.0,94.0,B
2021-07-01T14:05:11,1000.0,94.0,B
2021-07-01T14:04:58,10000.0,94.0,B
2021-07-01T14:04:36,200.0,94.0,B
2021-07-01T14:04:16,200.0,94.0,B
2021-07-01T14:04:07,4200.0,94.0,B
2021-07-01T14:03:45,10000.0,94.0,B
2021-07-01T14:02:50,1000.0,94.0,B
2021-07-01T14:02:06,800.0,93.9,B
2021-07-01T14:01:58,400.0,93.9,B
2021-07-01T14:01:56,3600.0,93.9,B
2021-07-01T14:01:52,5200.0,93.9,S
2021-07-01T14:01:48,1000.0,94.0,B
2021-07-01T14:01:47,100.0,93.9,S
2021-07-01T14:01:05,4200.0,94.0,B
2021-07-01T14:00:45,2000.0,93.9,B
2021-07-01T14:00:28,2000.0,93.9,S
2021-07-01T14:00:28,2400.0,93.9,S
2021-07-01T14:00:26,600.0,94.0,B
2021-07-01T14:00:16,200.0,94.0,B
2021-07-01T14:00:08,100.0,94.0,B
2021-07-01T14:00:03,1300.0,94.0,B
2021-07-01T14:00:03,400.0,94.0,B
2021-07-01T13:59:57,1300.0,93.9,B
2021-07-01T13:59:40,1000.0,93.9,S
2021-07-01T13:59:40,1500.0,93.9,S
2021-07-01T13:58:52,4000.0,94.0,B
2021-07-01T13:58:23,200.0,94.0,B
2021-07-01T13:58:07,10000.0,94.0,B
2021-07-01T13:57:47,2100.0,93.9,B
2021-07-01T13:57:36,9400.0,93.9,S
2021-07-01T13:56:21,3400.0,94.0,B
2021-07-01T13:56:21,1300.0,94.0,B
2021-07-01T13:56:21,700.0,94.0,B
2021-07-01T13:56:21,500.0,94.0,B
2021-07-01T13:56:21,200.0,94.0,B
2021-07-01T13:56:21,800.0,94.0,B
2021-07-01T13:56:21,500.0,94.0,B
2021-07-01T13:56:20,2600.0,94.0,B
2021-07-01T13:56:17,1500.0,93.9,S
2021-07-01T13:55:56,700.0,94.0,B
2021-07-01T13:55:31,300.0,93.9,S
2021-07-01T13:54:51,5900.0,93.8,S
2021-07-01T13:53:04,100.0,93.8,S
2021-07-01T13:51:25,1000.0,93.8,S
2021-07-01T13:50:46,200.0,93.8,S
2021-07-01T13:50:26,600.0,94.0,B
2021-07-01T13:49:23,2100.0,94.0,B
2021-07-01T13:49:23,100.0,94.0,B
2021-07-01T13:49:23,1400.0,94.0,B
2021-07-01T13:48:06,5000.0,94.0,B
2021-07-01T13:47:50,200.0,93.8,S
2021-07-01T13:47:15,200.0,94.0,B
2021-07-01T13:47:15,3500.0,94.0,B
2021-07-01T13:47:03,200.0,94.0,B
2021-07-01T13:46:32,400.0,93.8,S
2021-07-01T13:46:27,5000.0,94.0,B
2021-07-01T13:46:16,100.0,94.0,B
2021-07-01T13:46:04,100.0,94.0,B
2021-07-01T13:45:56,100.0,93.8,S
2021-07-01T13:45:53,100.0,94.0,B
2021-07-01T13:45:53,500.0,94.0,B
2021-07-01T13:45:51,5000.0,94.0,B
2021-07-01T13:45:45,300.0,94.0,B
2021-07-01T13:45:38,100.0,94.0,B
2021-07-01T13:45:30,1000.0,94.0,B
2021-07-01T13:45:12,2900.0,94.0,B
2021-07-01T13:45:12,100.0,94.0,B
2021-07-01T13:45:12,600.0,94.0,B
2021-07-01T13:44:07,2100.0,94.0,B
2021-07-01T13:44:07,100.0,94.0,B
2021-07-01T13:44:07,1600.0,94.0,B
2021-07-01T13:44:07,2100.0,94.0,B
2021-07-01T13:44:07,400.0,93.9,B
2021-07-01T13:44:07,3700.0,93.9,B
2021-07-01T13:43:55,2000.0,93.9,B
2021-07-01T13:43:03,3700.0,93.9,B
2021-07-01T13:41:43,400.0,93.9,B
2021-07-01T13:41:43,3100.0,93.9,B
2021-07-01T13:41:17,2900.0,93.9,B
2021-07-01T13:41:07,100.0,93.8,B
2021-07-01T13:40:54,3600.0,93.8,B
2021-07-01T13:40:23,600.0,93.8,B
2021-07-01T13:39:45,2200.0,93.7,S
2021-07-01T13:39:41,500.0,93.8,B
2021-07-01T13:39:36,5000.0,93.7,S
2021-07-01T13:38:18,500.0,93.7,S
2021-07-01T13:38:06,500.0,93.8,B
2021-07-01T13:37:14,400.0,93.8,B
2021-07-01T13:36:38,3600.0,93.8,B
2021-07-01T13:36:32,300.0,93.8,B
2021-07-01T13:36:27,200.0,93.8,B
2021-07-01T13:36:23,300.0,93.8,B
2021-07-01T13:36:16,200.0,93.8,B
2021-07-01T13:35:59,300.0,93.8,B
2021-07-01T13:35:32,100.0,93.8,B
2021-07-01T13:35:13,200.0,93.8,B
2021-07-01T13:34:56,5000.0,93.8,B
2021-07-01T13:34:44,200.0,93.8,B
2021-07-01T13:34:39,5000.0,93.7,S
2021-07-01T13:34:33,200.0,93.8,B
2021-07-01T13:33:24,100.0,93.7,S
2021-07-01T13:32:43,5600.0,93.8,S
2021-07-01T13:32:41,300.0,93.8,S
2021-07-01T13:32:11,3300.0,93.8,B
2021-07-01T13:31:43,5000.0,93.8,B
2021-07-01T13:31:07,200.0,93.8,B
2021-07-01T13:30:26,600.0,93.8,B
2021-07-01T13:29:52,500.0,93.7,S
2021-07-01T13:29:38,1000.0,93.7,S
2021-07-01T13:28:37,100.0,93.7,S
2021-07-01T13:28:36,3000.0,93.7,S
2021-07-01T13:28:29,500.0,93.8,B
2021-07-01T13:28:19,3800.0,93.8,B
2021-07-01T13:27:52,200.0,93.8,S
2021-07-01T13:27:29,2000.0,93.9,B
2021-07-01T13:27:16,300.0,93.7,S
2021-07-01T13:26:21,1400.0,93.7,S
2021-07-01T13:25:14,100.0,93.7,S
2021-07-01T13:24:32,10000.0,93.9,B
2021-07-01T13:23:56,3400.0,93.7,S
2021-07-01T13:23:56,500.0,93.8,S
2021-07-01T13:23:56,1100.0,93.8,S
2021-07-01T13:23:42,2000.0,93.9,B
2021-07-01T13:23:22,100.0,93.8,S
2021-07-01T13:23:03,500.0,93.9,B
2021-07-01T13:22:56,500.0,93.8,S
2021-07-01T13:22:55,1000.0,93.9,B
2021-07-01T13:22:41,100.0,93.8,S
2021-07-01T13:22:18,500.0,93.9,B
2021-07-01T13:22:09,2000.0,93.8,S
2021-07-01T13:21:48,1500.0,93.8,S
2021-07-01T13:21:48,7300.0,93.8,S
2021-07-01T13:20:53,100.0,93.8,S
2021-07-01T13:20:26,600.0,93.9,B
2021-07-01T13:19:55,100.0,93.8,S
2021-07-01T13:19:51,100.0,93.8,S
2021-07-01T13:19:30,1000.0,93.8,S
2021-07-01T13:19:28,400.0,93.8,S
2021-07-01T13:19:18,1000.0,93.8,S
2021-07-01T13:18:18,100.0,93.8,S
2021-07-01T13:18:10,1000.0,93.9,B
2021-07-01T13:17:58,100.0,93.9,B
2021-07-01T13:17:49,3800.0,93.9,B
2021-07-01T13:17:44,6500.0,94.0,B
2021-07-01T13:17:07,2900.0,93.9,B
2021-07-01T13:17:02,5000.0,93.9,B
2021-07-01T13:16:53,100.0,93.8,S
2021-07-01T13:16:25,100.0,93.9,B
2021-07-01T13:16:13,500.0,93.8,S
2021-07-01T13:16:07,100.0,93.8,S
2021-07-01T13:15:47,200.0,93.8,S
2021-07-01T13:15:34,1800.0,93.8,S
2021-07-01T13:15:34,200.0,93.8,S
2021-07-01T13:14:59,2000.0,93.8,S
2021-07-01T13:14:48,200.0,93.8,S
2021-07-01T13:14:42,500.0,93.8,S
2021-07-01T13:14:09,1000.0,93.8,S
2021-07-01T13:13:46,100.0,93.8,S
2021-07-01T13:13:34,100.0,93.8,S
2021-07-01T13:13:31,8000.0,94.0,B
2021-07-01T13:13:23,1000.0,93.8,S
2021-07-01T13:12:56,1000.0,93.8,S
2021-07-01T13:12:15,4000.0,93.9,B
2021-07-01T13:12:13,900.0,93.9,B
2021-07-01T13:12:11,1000.0,93.8,S
2021-07-01T13:12:01,5000.0,93.9,B
2021-07-01T13:11:48,100.0,93.8,S
2021-07-01T13:11:46,3000.0,93.8,S
2021-07-01T13:11:36,500.0,93.9,B
2021-07-01T13:11:21,2000.0,93.8,S
2021-07-01T13:11:16,500.0,93.9,B
2021-07-01T13:10:57,1000.0,93.9,B
2021-07-01T13:10:47,6500.0,93.9,B
2021-07-01T13:10:36,500.0,93.9,B
2021-07-01T13:10:23,600.0,93.9,B
2021-07-01T13:10:00,200.0,93.9,B
2021-07-01T13:09:56,1000.0,93.9,B
2021-07-01T13:08:57,100.0,93.8,S
2021-07-01T13:08:32,1200.0,93.8,B
2021-07-01T13:08:10,2000.0,93.8,B
2021-07-01T13:08:08,1100.0,93.8,B
2021-07-01T13:08:07,600.0,93.8,B
2021-07-01T13:07:44,1000.0,93.8,B
2021-07-01T13:07:21,1300.0,93.8,B
2021-07-01T13:05:51,100.0,93.7,S
2021-07-01T13:05:07,400.0,93.7,B
2021-07-01T13:04:53,3000.0,93.7,B
2021-07-01T13:03:30,100.0,93.7,B
2021-07-01T13:02:58,200.0,93.7,B
2021-07-01T13:01:11,2600.0,93.6,B
2021-07-01T13:00:26,100.0,93.6,B
2021-07-01T13:00:24,600.0,93.6,B
2021-07-01T13:00:15,1000.0,93.6,B
2021-07-01T11:29:50,600.0,93.6,B
2021-07-01T11:29:17,100.0,93.5,S
2021-07-01T11:29:00,100.0,93.5,S
2021-07-01T11:28:54,200.0,93.6,B
2021-07-01T11:28:45,2800.0,93.5,B
2021-07-01T11:26:51,3700.0,93.5,S
2021-07-01T11:26:47,100.0,93.5,B
2021-07-01T11:26:18,100.0,93.5,B
2021-07-01T11:26:17,100.0,93.5,B
2021-07-01T11:25:18,700.0,93.5,S
2021-07-01T11:24:55,100.0,93.5,S
2021-07-01T11:24:38,3000.0,93.5,B
2021-07-01T11:24:31,100.0,93.5,B
2021-07-01T11:23:50,1100.0,93.4,S
2021-07-01T11:23:47,700.0,93.6,B
2021-07-01T11:23:47,4300.0,93.6,B
2021-07-01T11:23:42,1000.0,93.5,B
2021-07-01T11:23:13,5000.0,93.5,B
2021-07-01T11:22:33,3800.0,93.5,B
2021-07-01T11:22:17,300.0,93.5,B
2021-07-01T11:21:58,200.0,93.4,S
2021-07-01T11:21:03,2000.0,93.5,S
2021-07-01T11:21:02,500.0,93.6,B
2021-07-01T11:20:26,2700.0,93.5,B
2021-07-01T11:20:06,600.0,93.5,B
2021-07-01T11:19:56,200.0,93.4,S
2021-07-01T11:19:42,8000.0,93.5,B
2021-07-01T11:18:01,200.0,93.4,S
2021-07-01T11:17:57,200.0,93.5,B
2021-07-01T11:17:33,200.0,93.4,S
2021-07-01T11:17:08,7700.0,93.5,S
2021-07-01T11:17:08,800.0,93.5,S
2021-07-01T11:17:05,200.0,93.5,S
2021-07-01T11:16:50,6000.0,93.5,S
2021-07-01T11:15:12,600.0,93.5,S
2021-07-01T11:14:59,200.0,93.5,S
2021-07-01T11:14:28,200.0,93.5,S
2021-07-01T11:13:36,500.0,93.5,S
2021-07-01T11:12:55,300.0,93.5,S
2021-07-01T11:12:54,100.0,93.5,S
2021-07-01T11:12:38,600.0,93.5,S
2021-07-01T11:12:29,200.0,93.5,S
2021-07-01T11:12:11,1000.0,93.5,S
2021-07-01T11:12:03,400.0,93.6,B
2021-07-01T11:11:37,200.0,93.5,S
2021-07-01T11:11:17,200.0,93.5,S
2021-07-01T11:10:54,200.0,93.5,S
2021-07-01T11:10:13,100.0,93.6,B
2021-07-01T11:10:13,500.0,93.6,B
2021-07-01T11:09:28,5300.0,93.4,S
2021-07-01T11:08:31,900.0,93.5,B
2021-07-01T11:08:03,900.0,93.5,B
2021-07-01T11:05:45,500.0,93.4,S
2021-07-01T11:05:15,500.0,93.4,S
2021-07-01T11:04:34,400.0,93.4,S
2021-07-01T11:04:22,500.0,93.4,S
2021-07-01T11:04:15,100.0,93.5,B
2021-07-01T11:03:36,3700.0,93.5,B
2021-07-01T11:02:27,100.0,93.5,B
2021-07-01T11:01:30,3700.0,93.5,B
2021-07-01T11:01:13,100.0,93.5,B
2021-07-01T11:00:28,200.0,93.4,S
2021-07-01T11:00:28,400.0,93.4,S
2021-07-01T11:00:24,600.0,93.5,B
2021-07-01T10:57:20,200.0,93.3,S
2021-07-01T10:57:19,600.0,93.3,S
2021-07-01T10:57:00,200.0,93.3,S
2021-07-01T10:56:55,300.0,93.5,B
2021-07-01T10:56:34,200.0,93.2,S
2021-07-01T10:56:03,1200.0,93.5,S
2021-07-01T10:55:11,2600.0,93.5,B
2021-07-01T10:55:00,500.0,93.5,B
2021-07-01T10:54:32,1000.0,93.5,B
2021-07-01T10:53:05,3700.0,93.5,B
2021-07-01T10:50:58,3700.0,93.5,B
2021-07-01T10:50:40,100.0,93.5,S
2021-07-01T10:50:34,600.0,93.6,B
2021-07-01T10:50:09,4900.0,93.5,B
2021-07-01T10:49:58,300.0,93.5,B
2021-07-01T10:49:58,400.0,93.4,S
2021-07-01T10:49:53,4600.0,93.4,S
2021-07-01T10:49:08,1000.0,93.4,S
2021-07-01T10:48:28,500.0,93.4,S
2021-07-01T10:48:01,200.0,93.5,B
2021-07-01T10:46:50,500.0,93.4,B
2021-07-01T10:46:45,2300.0,93.4,B
2021-07-01T10:46:20,600.0,93.4,B
2021-07-01T10:46:14,500.0,93.4,B
2021-07-01T10:44:59,6600.0,93.4,S
2021-07-01T10:44:41,1900.0,93.4,B
2021-07-01T10:44:39,3100.0,93.4,S
2021-07-01T10:44:36,200.0,93.4,S
2021-07-01T10:44:26,100.0,93.4,S
2021-07-01T10:44:23,6600.0,93.4,S
2021-07-01T10:44:23,3400.0,93.4,S
2021-07-01T10:44:08,100.0,93.4,S
2021-07-01T10:42:37,100.0,93.4,B
2021-07-01T10:41:23,100.0,93.4,S
2021-07-01T10:41:22,1800.0,93.4,S
2021-07-01T10:40:45,600.0,93.5,B
2021-07-01T10:40:35,500.0,93.4,B
2021-07-01T10:40:29,1800.0,93.4,B
2021-07-01T10:39:59,3200.0,93.4,S
2021-07-01T10:39:55,1000.0,93.4,S
2021-07-01T10:39:28,1000.0,93.4,S
2021-07-01T10:38:12,200.0,93.4,S
2021-07-01T10:37:39,2000.0,93.4,S
2021-07-01T10:36:16,1900.0,93.6,B
2021-07-01T10:36:16,100.0,93.6,B
2021-07-01T10:36:16,1500.0,93.6,B
2021-07-01T10:34:56,100.0,93.6,B
2021-07-01T10:34:21,2700.0,93.6,S
2021-07-01T10:34:09,900.0,93.6,S
2021-07-01T10:34:03,10000.0,93.4,S
2021-07-01T10:33:51,300.0,93.6,B
2021-07-01T10:33:47,100.0,93.6,S
2021-07-01T10:33:47,3700.0,93.6,S
2021-07-01T10:33:08,100.0,93.7,S
2021-07-01T10:32:56,2300.0,93.7,S
2021-07-01T10:32:33,500.0,93.7,S
2021-07-01T10:32:19,300.0,93.7,B
2021-07-01T10:32:04,1500.0,93.7,B
2021-07-01T10:32:04,100.0,93.6,S
2021-07-01T10:31:40,500.0,93.7,S
2021-07-01T10:31:39,300.0,93.6,S
2021-07-01T10:31:34,6000.0,93.7,S
2021-07-01T10:31:34,2100.0,93.7,S
2021-07-01T10:30:55,600.0,93.8,B
2021-07-01T10:30:53,1000.0,93.7,S
2021-07-01T10:30:36,1000.0,93.8,B
2021-07-01T10:29:42,200.0,93.7,S
2021-07-01T10:29:40,3600.0,93.7,S
2021-07-01T10:29:02,100.0,93.8,B
2021-07-01T10:28:49,4700.0,93.8,B
2021-07-01T10:28:32,200.0,93.8,B
2021-07-01T10:28:27,200.0,93.7,S
2021-07-01T10:28:04,2000.0,93.7,S
2021-07-01T10:28:03,1300.0,93.8,B
2021-07-01T10:28:03,500.0,93.7,S
2021-07-01T10:28:02,500.0,93.8,B
2021-07-01T10:27:58,300.0,93.7,S
2021-07-01T10:27:52,200.0,93.7,S
2021-07-01T10:27:22,1000.0,93.7,S
2021-07-01T10:26:51,300.0,93.7,S
2021-07-01T10:26:49,2000.0,93.8,B
2021-07-01T10:26:45,100.0,93.8,B
2021-07-01T10:26:39,3100.0,93.7,B
2021-07-01T10:26:37,1400.0,93.7,B
2021-07-01T10:26:23,500.0,93.7,B
2021-07-01T10:25:46,200.0,93.6,B
2021-07-01T10:25:35,100.0,93.6,B
2021-07-01T10:24:47,300.0,93.5,B
2021-07-01T10:24:24,700.0,93.5,B
2021-07-01T10:24:18,2000.0,93.5,B
2021-07-01T10:24:04,700.0,93.4,S
2021-07-01T10:23:54,500.0,93.4,B
2021-07-01T10:23:19,200.0,93.4,B
2021-07-01T10:23:16,100.0,93.4,B
2021-07-01T10:23:00,1000.0,93.4,B
2021-07-01T10:22:13,1000.0,93.1,S
2021-07-01T10:21:42,500.0,93.1,B
2021-07-01T10:21:17,3200.0,93.1,B
2021-07-01T10:21:07,3000.0,93.1,B
2021-07-01T10:21:05,600.0,93.1,B
2021-07-01T10:20:59,100.0,93.1,B
2021-07-01T10:20:00,500.0,93.0,S
2021-07-01T10:19:48,200.0,93.1,B
2021-07-01T10:19:16,100.0,93.0,B
2021-07-01T10:19:03,500.0,93.1,B
2021-07-01T10:18:56,1000.0,93.1,B
2021-07-01T10:18:32,900.0,93.1,B
2021-07-01T10:18:32,100.0,93.1,B
2021-07-01T10:18:25,1000.0,93.1,B
2021-07-01T10:17:52,200.0,93.1,B
2021-07-01T10:17:35,500.0,93.0,B
2021-07-01T10:12:57,2400.0,92.9,B
2021-07-01T10:12:57,400.0,92.9,B
2021-07-01T10:12:57,1600.0,92.9,B
2021-07-01T10:12:55,100.0,92.8,S
2021-07-01T10:12:11,1000.0,92.8,S
2021-07-01T10:11:58,100.0,92.8,S
2021-07-01T10:11:50,100.0,92.9,B
2021-07-01T10:11:24,1000.0,92.8,S
2021-07-01T10:11:13,600.0,92.9,B
2021-07-01T10:11:07,100.0,92.8,S
2021-07-01T10:10:58,1000.0,92.8,S
2021-07-01T10:10:29,100.0,92.8,S
2021-07-01T10:10:28,500.0,92.8,S
2021-07-01T10:10:12,5000.0,92.9,B
2021-07-01T10:10:05,2100.0,92.7,S
2021-07-01T10:10:05,2900.0,92.8,S
2021-07-01T10:09:46,200.0,92.8,S
2021-07-01T10:09:37,300.0,92.8,S
2021-07-01T10:09:30,1000.0,92.8,S
2021-07-01T10:09:00,200.0,92.8,S
2021-07-01T10:08:58,500.0,92.9,B
2021-07-01T10:08:45,200.0,92.8,S
2021-07-01T10:08:21,100.0,92.9,B
2021-07-01T10:07:57,100.0,92.9,S
2021-07-01T10:07:40,500.0,92.9,S
2021-07-01T10:07:34,200.0,92.9,S
2021-07-01T10:06:33,5000.0,92.9,S
2021-07-01T10:05:40,400.0,92.9,S
2021-07-01T10:05:37,100.0,92.9,S
2021-07-01T10:05:31,10700.0,92.9,S
2021-07-01T10:03:21,800.0,92.9,S
2021-07-01T10:02:29,100.0,92.8,S
2021-07-01T10:01:59,200.0,92.6,S
2021-07-01T10:01:34,700.0,92.6,S
2021-07-01T10:01:34,100.0,92.6,S
2021-07-01T10:01:24,600.0,93.0,B
2021-07-01T10:00:45,3500.0,93.0,B
2021-07-01T10:00:43,1500.0,92.9,B
2021-07-01T10:00:18,800.0,92.6,S
2021-07-01T09:59:41,800.0,92.6,S
2021-07-01T09:59:31,2000.0,92.9,B
2021-07-01T09:58:35,3600.0,92.5,S
2021-07-01T09:58:35,200.0,92.5,S
2021-07-01T09:58:35,300.0,92.5,S
2021-07-01T09:58:34,700.0,92.5,S
2021-07-01T09:58:26,5000.0,92.5,S
2021-07-01T09:58:01,800.0,92.6,S
2021-07-01T09:57:26,600.0,92.6,S
2021-07-01T09:57:02,300.0,92.5,S
2021-07-01T09:56:40,800.0,92.5,S
2021-07-01T09:56:23,1100.0,92.5,S
2021-07-01T09:56:21,1000.0,92.5,S
2021-07-01T09:56:15,500.0,92.5,S
2021-07-01T09:56:15,10000.0,92.9,B
2021-07-01T09:55:01,100.0,92.5,S
2021-07-01T09:55:00,700.0,92.5,S
2021-07-01T09:54:22,700.0,93.0,S
2021-07-01T09:54:17,1000.0,93.0,S
2021-07-01T09:54:01,300.0,93.0,S
2021-07-01T09:53:53,5300.0,93.0,S
2021-07-01T09:53:39,12000.0,93.0,S
2021-07-01T09:53:36,6000.0,93.0,S
2021-07-01T09:53:16,1500.0,93.0,S
2021-07-01T09:53:16,3500.0,93.0,S
2021-07-01T09:53:07,200.0,93.4,B
2021-07-01T09:52:52,6000.0,93.1,S
2021-07-01T09:52:41,200.0,93.2,S
2021-07-01T09:52:39,1100.0,93.2,S
2021-07-01T09:52:20,1000.0,93.4,S
2021-07-01T09:51:44,11300.0,93.5,S
2021-07-01T09:51:43,4300.0,93.5,S
2021-07-01T09:51:37,100.0,93.7,B
2021-07-01T09:51:37,1100.0,93.6,B
2021-07-01T09:51:37,300.0,93.6,B
2021-07-01T09:51:33,600.0,93.6,B
2021-07-01T09:51:22,500.0,93.5,S
2021-07-01T09:51:22,4500.0,93.5,S
2021-07-01T09:51:15,200.0,93.5,S
2021-07-01T09:50:47,1500.0,93.5,S
2021-07-01T09:50:39,400.0,93.6,B
2021-07-01T09:50:05,200.0,93.5,S
2021-07-01T09:49:47,300.0,93.5,S
2021-07-01T09:48:33,200.0,93.5,S
2021-07-01T09:47:47,300.0,93.5,S
2021-07-01T09:46:55,1200.0,93.5,S
2021-07-01T09:46:55,3800.0,93.5,S
2021-07-01T09:46:50,900.0,93.8,B
2021-07-01T09:46:02,300.0,93.5,S
2021-07-01T09:45:32,300.0,93.5,S
2021-07-01T09:45:01,300.0,93.5,S
2021-07-01T09:44:24,800.0,93.5,S
2021-07-01T09:44:19,300.0,93.5,S
2021-07-01T09:44:02,200.0,93.5,S
2021-07-01T09:43:30,800.0,93.5,S
2021-07-01T09:42:58,500.0,93.5,S
2021-07-01T09:42:39,200.0,93.5,S
2021-07-01T09:42:06,800.0,93.5,S
2021-07-01T09:42:02,500.0,93.5,S
2021-07-01T09:41:41,600.0,93.8,B
2021-07-01T09:41:35,300.0,93.5,S
2021-07-01T09:41:04,200.0,93.5,B
2021-07-01T09:40:30,5000.0,93.5,B
2021-07-01T09:39:57,200.0,93.5,B
2021-07-01T09:39:54,2000.0,93.5,B
2021-07-01T09:39:50,3500.0,93.5,B
2021-07-01T09:38:55,2000.0,93.5,B
2021-07-01T09:38:14,300.0,93.5,B
2021-07-01T09:37:59,1400.0,93.5,S
2021-07-01T09:37:43,1400.0,93.5,S
2021-07-01T09:37:43,400.0,93.5,S
2021-07-01T09:37:43,4000.0,93.5,S
2021-07-01T09:36:54,300.0,93.5,S
2021-07-01T09:36:50,200.0,93.5,S
2021-07-01T09:35:26,500.0,93.5,S
2021-07-01T09:33:29,500.0,93.8,B
2021-07-01T09:31:54,600.0,93.9,B
2021-07-01T09:31:53,200.0,93.5,S
2021-07-01T09:31:53,500.0,93.5,S
2021-07-01T09:31:53,700.0,93.7,S
2021-07-01T09:31:53,500.0,93.8,S
2021-07-01T09:31:53,100.0,93.8,S
2021-07-01T09:31:48,100.0,93.9,B
2021-07-01T09:31:31,300.0,93.8,S
2021-07-01T09:31:21,100.0,93.8,S
2021-07-01T09:30:44,1300.0,93.8,S
2021-07-01T09:30:12,900.0,93.8,S
2021-07-01T09:29:52,1900.0,93.9,B
2021-07-01T09:28:55,2900.0,93.9,B
2021-07-01T09:28:16,2000.0,93.8,S
2021-07-01T09:28:07,300.0,93.8,S
2021-07-01T09:27:28,3000.0,93.8,S
2021-07-01T09:27:14,100.0,93.9,S
2021-07-01T09:27:02,100.0,93.9,S
2021-07-01T09:26:49,100.0,94.0,B
2021-07-01T09:26:40,500.0,94.0,B
2021-07-01T09:26:19,700.0,94.0,S
2021-07-01T09:26:13,1300.0,94.0,S
2021-07-01T09:26:12,2500.0,94.0,S
2021-07-01T09:26:07,100.0,94.0,S
2021-07-01T09:25:37,8000.0,94.0,S
2021-07-01T09:25:31,100.0,94.1,B
2021-07-01T09:25:28,100.0,94.1,B
2021-07-01T09:25:23,1300.0,94.1,B
2021-07-01T09:25:22,1200.0,94.0,S
2021-07-01T09:25:06,100.0,94.0,S
2021-07-01T09:25:01,500.0,94.0,S
2021-07-01T09:24:15,600.0,94.0,S
2021-07-01T09:23:41,400.0,94.0,B
2021-07-01T09:23:41,5900.0,94.0,B
2021-07-01T09:23:37,100.0,93.9,B
2021-07-01T09:23:24,300.0,93.8,S
2021-07-01T09:23:13,100.0,93.9,B
2021-07-01T09:23:01,300.0,93.8,S
2021-07-01T09:22:56,100.0,93.8,B
2021-07-01T09:22:52,300.0,93.8,B
2021-07-01T09:22:19,300.0,93.8,B
2021-07-01T09:22:10,300.0,93.8,B
2021-07-01T09:22:07,300.0,93.8,B
2021-07-01T09:22:03,3100.0,93.8,B
2021-07-01T09:21:55,300.0,93.6,S
2021-07-01T09:21:40,300.0,93.6,S
2021-07-01T09:21:29,200.0,93.6,S
2021-07-01T09:21:23,300.0,93.6,S
2021-07-01T09:21:10,300.0,93.6,S
2021-07-01T09:21:06,300.0,93.6,S
2021-07-01T09:20:50,300.0,93.6,S
2021-07-01T09:20:43,300.0,93.6,S
2021-07-01T09:19:50,300.0,93.5,S
2021-07-01T09:19:42,800.0,93.6,S
2021-07-01T09:19:16,300.0,93.6,S
2021-07-01T09:16:48,100.0,93.6,B
2021-07-01T09:16:17,8000.0,93.5,S
2021-07-01T09:16:05,300.0,93.5,S
