tradingTime,volume,price,side
2021-07-01T14:29:12,2700.0,4.29,B
2021-07-01T14:29:01,2100.0,4.29,B
2021-07-01T14:27:17,100.0,4.28,S
2021-07-01T14:26:48,400.0,4.28,B
2021-07-01T14:26:23,1000.0,4.28,B
2021-07-01T14:25:52,5000.0,4.28,B
2021-07-01T14:25:37,700.0,4.28,B
2021-07-01T14:25:29,10000.0,4.28,B
2021-07-01T14:25:24,100.0,4.28,B
2021-07-01T14:25:22,400.0,4.28,B
2021-07-01T14:25:12,1000.0,4.28,B
2021-07-01T14:24:33,6200.0,4.27,B
2021-07-01T14:24:29,1200.0,4.27,B
2021-07-01T14:24:20,1000.0,4.27,B
2021-07-01T14:24:04,1000.0,4.27,B
2021-07-01T14:23:59,200.0,4.27,B
2021-07-01T14:23:50,600.0,4.26,S
2021-07-01T14:23:37,5000.0,4.27,B
2021-07-01T14:23:21,2000.0,4.27,B
2021-07-01T14:23:01,20900.0,4.27,S
2021-07-01T14:22:51,1300.0,4.28,B
2021-07-01T14:22:30,5000.0,4.28,S
2021-07-01T14:22:30,1100.0,4.28,S
2021-07-01T14:22:30,2800.0,4.28,S
2021-07-01T14:21:14,600.0,4.28,S
2021-07-01T14:20:13,400.0,4.29,B
2021-07-01T14:19:46,14600.0,4.29,B
2021-07-01T14:19:40,1000.0,4.29,B
2021-07-01T14:19:33,500.0,4.29,S
2021-07-01T14:19:32,8800.0,4.29,S
2021-07-01T14:19:26,400.0,4.29,S
2021-07-01T14:18:39,2000.0,4.3,B
2021-07-01T14:17:59,300.0,4.3,B
2021-07-01T14:17:16,100.0,4.3,B
2021-07-01T14:16:46,100.0,4.3,B
2021-07-01T14:16:45,100.0,4.3,B
2021-07-01T14:16:45,500.0,4.3,B
2021-07-01T14:15:59,100.0,4.3,B
2021-07-01T14:15:59,49900.0,4.3,B
2021-07-01T14:14:11,12000.0,4.3,B
2021-07-01T14:13:36,6000.0,4.29,S
2021-07-01T14:13:35,2000.0,4.29,S
2021-07-01T14:10:50,1000.0,4.29,S
2021-07-01T14:10:01,800.0,4.29,S
2021-07-01T14:09:30,5000.0,4.29,S
2021-07-01T14:06:50,15000.0,4.29,B
2021-07-01T14:05:12,2000.0,4.29,B
2021-07-01T14:03:42,11700.0,4.28,B
2021-07-01T14:03:42,6000.0,4.28,B
2021-07-01T14:03:42,9200.0,4.28,B
2021-07-01T14:03:17,100.0,4.27,B
2021-07-01T14:03:13,2000.0,4.27,B
2021-07-01T14:03:12,300.0,4.27,B
2021-07-01T14:03:07,700.0,4.26,S
2021-07-01T14:03:02,1000.0,4.27,B
2021-07-01T14:03:01,1400.0,4.27,B
2021-07-01T14:02:56,2000.0,4.27,B
2021-07-01T14:01:57,5000.0,4.27,B
2021-07-01T14:01:12,5000.0,4.27,B
2021-07-01T14:01:07,900.0,4.27,B
2021-07-01T14:00:01,100.0,4.27,B
2021-07-01T13:59:27,100.0,4.27,B
2021-07-01T13:58:27,5000.0,4.27,B
2021-07-01T13:58:26,5000.0,4.27,B
2021-07-01T13:58:00,100.0,4.27,B
2021-07-01T13:57:58,1000.0,4.27,B
2021-07-01T13:57:06,8300.0,4.27,S
2021-07-01T13:57:06,2300.0,4.27,S
2021-07-01T13:57:06,5200.0,4.27,S
2021-07-01T13:57:06,5400.0,4.27,S
2021-07-01T13:57:06,300.0,4.27,S
2021-07-01T13:56:27,5000.0,4.27,S
2021-07-01T13:55:28,200.0,4.28,B
2021-07-01T13:54:45,100.0,4.28,B
2021-07-01T13:54:36,100.0,4.28,B
2021-07-01T13:54:22,1000.0,4.27,S
2021-07-01T13:54:08,100.0,4.28,B
2021-07-01T13:53:59,200.0,4.28,B
2021-07-01T13:53:45,8000.0,4.28,B
2021-07-01T13:52:34,21400.0,4.28,B
2021-07-01T13:52:34,100.0,4.28,B
2021-07-01T13:52:34,7200.0,4.28,B
2021-07-01T13:52:34,1300.0,4.28,B
2021-07-01T13:51:22,1000.0,4.27,S
2021-07-01T13:51:15,400.0,4.28,B
2021-07-01T13:50:12,300.0,4.27,S
2021-07-01T13:49:40,6000.0,4.27,S
2021-07-01T13:48:41,1500.0,4.28,B
2021-07-01T13:48:22,10000.0,4.27,S
2021-07-01T13:47:55,1500.0,4.28,S
2021-07-01T13:45:16,100.0,4.28,S
2021-07-01T13:44:37,100.0,4.29,B
2021-07-01T13:44:06,2000.0,4.28,S
2021-07-01T13:44:03,1000.0,4.29,B
2021-07-01T13:42:58,1000.0,4.29,B
2021-07-01T13:41:54,400.0,4.29,S
2021-07-01T13:41:49,100.0,4.3,B
2021-07-01T13:40:19,2400.0,4.28,S
2021-07-01T13:40:01,1000.0,4.28,S
2021-07-01T13:39:50,100.0,4.28,S
2021-07-01T13:39:42,2900.0,4.3,B
2021-07-01T13:39:42,7100.0,4.3,B
2021-07-01T13:38:48,2000.0,4.28,S
2021-07-01T13:37:31,1900.0,4.28,B
2021-07-01T13:37:14,8100.0,4.28,S
2021-07-01T13:37:05,1000.0,4.29,B
2021-07-01T13:36:37,5000.0,4.29,B
2021-07-01T13:36:36,1500.0,4.29,B
2021-07-01T13:36:27,7400.0,4.28,S
2021-07-01T13:36:24,10000.0,4.29,B
2021-07-01T13:36:12,10000.0,4.29,B
2021-07-01T13:36:05,2000.0,4.28,S
2021-07-01T13:35:59,1000.0,4.29,B
2021-07-01T13:35:44,100.0,4.29,B
2021-07-01T13:35:18,5000.0,4.29,B
2021-07-01T13:34:31,500.0,4.28,B
2021-07-01T13:34:29,700.0,4.28,B
2021-07-01T13:34:29,500.0,4.28,B
2021-07-01T13:34:29,11500.0,4.28,B
2021-07-01T13:34:25,10000.0,4.28,B
2021-07-01T13:34:19,3000.0,4.28,B
2021-07-01T13:34:03,800.0,4.28,B
2021-07-01T13:33:50,100.0,4.28,B
2021-07-01T13:33:44,10000.0,4.28,B
2021-07-01T13:33:30,10000.0,4.28,B
2021-07-01T13:33:03,10800.0,4.27,B
2021-07-01T13:33:03,7900.0,4.27,B
2021-07-01T13:32:50,1000.0,4.27,B
2021-07-01T13:32:34,3500.0,4.26,B
2021-07-01T13:32:31,100.0,4.26,B
2021-07-01T13:32:30,2000.0,4.26,B
2021-07-01T13:32:19,5000.0,4.25,S
2021-07-01T13:32:11,200.0,4.26,B
2021-07-01T13:31:52,5000.0,4.26,B
2021-07-01T13:31:38,1000.0,4.26,B
2021-07-01T13:31:17,600.0,4.26,B
2021-07-01T13:30:58,13600.0,4.26,S
2021-07-01T13:30:49,5800.0,4.26,S
2021-07-01T13:30:43,400.0,4.26,S
2021-07-01T13:30:43,3000.0,4.26,S
2021-07-01T13:30:31,600.0,4.26,S
2021-07-01T13:30:31,8100.0,4.26,S
2021-07-01T13:30:31,2200.0,4.26,S
2021-07-01T13:30:17,3900.0,4.26,B
2021-07-01T13:30:16,100.0,4.26,B
2021-07-01T13:30:01,2000.0,4.26,B
2021-07-01T13:29:56,4000.0,4.26,B
2021-07-01T13:29:39,1000.0,4.26,B
2021-07-01T13:29:08,1000.0,4.26,S
2021-07-01T13:29:03,18000.0,4.26,S
2021-07-01T13:28:43,1000.0,4.27,B
2021-07-01T13:27:50,100.0,4.27,B
2021-07-01T13:27:02,100.0,4.28,B
2021-07-01T13:26:51,2700.0,4.26,S
2021-07-01T13:26:51,1500.0,4.26,S
2021-07-01T13:26:51,18500.0,4.26,S
2021-07-01T13:26:42,500.0,4.28,B
2021-07-01T13:25:45,100.0,4.28,B
2021-07-01T13:25:33,500.0,4.27,S
2021-07-01T13:25:33,1000.0,4.27,S
2021-07-01T13:25:26,8000.0,4.27,S
2021-07-01T13:23:45,4000.0,4.27,S
2021-07-01T13:23:41,6000.0,4.27,S
2021-07-01T13:23:11,5000.0,4.28,B
2021-07-01T13:23:06,2100.0,4.27,S
2021-07-01T13:22:43,100.0,4.27,S
2021-07-01T13:22:26,3000.0,4.27,S
2021-07-01T13:22:22,100.0,4.28,B
2021-07-01T13:20:16,700.0,4.27,S
2021-07-01T13:19:51,100.0,4.28,B
2021-07-01T13:19:44,2000.0,4.27,S
2021-07-01T13:19:44,8000.0,4.27,S
2021-07-01T13:18:44,1000.0,4.28,B
2021-07-01T13:18:19,5000.0,4.28,B
2021-07-01T13:18:08,2600.0,4.27,S
2021-07-01T13:18:06,500.0,4.27,S
2021-07-01T13:17:49,100.0,4.28,B
2021-07-01T13:17:38,100.0,4.28,B
2021-07-01T13:17:21,2000.0,4.27,S
2021-07-01T13:16:59,1000.0,4.27,S
2021-07-01T13:16:55,100.0,4.27,S
2021-07-01T13:16:16,100.0,4.28,B
2021-07-01T13:16:07,9000.0,4.28,B
2021-07-01T13:16:00,100.0,4.28,B
2021-07-01T13:15:11,900.0,4.27,B
2021-07-01T13:15:06,5000.0,4.27,B
2021-07-01T13:14:38,100.0,4.27,B
2021-07-01T13:14:22,1000.0,4.26,S
2021-07-01T13:13:20,6300.0,4.26,S
2021-07-01T13:11:35,5000.0,4.26,S
2021-07-01T13:11:11,100.0,4.28,B
2021-07-01T13:11:02,400.0,4.26,S
2021-07-01T13:11:02,100.0,4.26,S
2021-07-01T13:11:02,11000.0,4.27,S
2021-07-01T13:11:02,11000.0,4.27,S
2021-07-01T13:11:01,500.0,4.27,S
2021-07-01T13:11:01,700.0,4.27,S
2021-07-01T13:11:01,100.0,4.27,S
2021-07-01T13:11:01,200.0,4.27,S
2021-07-01T13:11:01,1400.0,4.27,S
2021-07-01T13:11:01,1800.0,4.27,S
2021-07-01T13:11:01,900.0,4.27,S
2021-07-01T13:11:01,6100.0,4.27,S
2021-07-01T13:11:01,5300.0,4.27,S
2021-07-01T13:11:01,1400.0,4.27,S
2021-07-01T13:11:01,9100.0,4.27,S
2021-07-01T13:10:44,1000.0,4.28,S
2021-07-01T13:10:44,16800.0,4.28,S
2021-07-01T13:10:44,7200.0,4.28,S
2021-07-01T13:10:44,300.0,4.28,S
2021-07-01T13:10:34,100.0,4.29,B
2021-07-01T13:04:51,200.0,4.28,B
2021-07-01T13:04:39,300.0,4.28,S
2021-07-01T13:04:39,600.0,4.28,S
2021-07-01T13:02:23,1900.0,4.28,B
2021-07-01T13:02:11,600.0,4.27,S
2021-07-01T13:00:39,400.0,4.27,S
2021-07-01T13:00:26,500.0,4.28,B
2021-07-01T13:00:24,9300.0,4.28,B
2021-07-01T13:00:23,100.0,4.28,B
2021-07-01T13:00:19,4400.0,4.27,S
2021-07-01T13:00:15,100.0,4.28,B
2021-07-01T11:27:58,4400.0,4.27,S
2021-07-01T11:27:31,1500.0,4.27,S
2021-07-01T11:27:28,1000.0,4.27,S
2021-07-01T11:26:42,1000.0,4.28,B
2021-07-01T11:26:25,8000.0,4.27,S
2021-07-01T11:26:11,10000.0,4.28,S
2021-07-01T11:26:02,1000.0,4.29,B
2021-07-01T11:25:11,1100.0,4.29,B
2021-07-01T11:25:02,100.0,4.29,B
2021-07-01T11:24:55,1000.0,4.29,S
2021-07-01T11:24:55,1000.0,4.29,S
2021-07-01T11:24:55,3300.0,4.29,S
2021-07-01T11:24:36,300.0,4.29,S
2021-07-01T11:23:56,2400.0,4.29,S
2021-07-01T11:23:56,200.0,4.3,S
2021-07-01T11:23:56,200.0,4.3,S
2021-07-01T11:20:17,100.0,4.3,B
2021-07-01T11:18:21,200.0,4.31,B
2021-07-01T11:18:21,1000.0,4.3,B
2021-07-01T11:16:01,100.0,4.3,B
2021-07-01T11:15:58,3000.0,4.3,B
2021-07-01T11:15:51,200.0,4.3,B
2021-07-01T11:15:01,2200.0,4.3,S
2021-07-01T11:14:10,6000.0,4.32,B
2021-07-01T11:13:00,100.0,4.31,S
2021-07-01T11:12:23,1400.0,4.32,B
2021-07-01T11:12:15,300.0,4.32,B
2021-07-01T11:10:44,1000.0,4.32,B
2021-07-01T11:10:30,100.0,4.32,B
2021-07-01T11:10:10,1000.0,4.32,B
2021-07-01T11:08:50,7000.0,4.32,B
2021-07-01T11:08:35,100.0,4.3,S
2021-07-01T11:08:09,3000.0,4.3,S
2021-07-01T11:08:07,900.0,4.3,S
2021-07-01T11:07:50,3000.0,4.32,B
2021-07-01T11:06:22,100.0,4.3,S
2021-07-01T11:05:45,200.0,4.3,B
2021-07-01T11:04:43,10200.0,4.3,B
2021-07-01T11:04:43,4800.0,4.3,B
2021-07-01T11:04:20,9200.0,4.28,B
2021-07-01T11:04:01,13700.0,4.28,S
2021-07-01T11:03:52,700.0,4.29,B
2021-07-01T11:03:28,100.0,4.29,B
2021-07-01T11:02:20,2300.0,4.28,S
2021-07-01T11:02:18,200.0,4.28,S
2021-07-01T11:01:43,400.0,4.28,S
2021-07-01T11:01:25,4300.0,4.29,S
2021-07-01T11:00:00,300.0,4.3,B
2021-07-01T10:57:55,3800.0,4.28,S
2021-07-01T10:57:08,100.0,4.28,S
2021-07-01T10:56:55,7000.0,4.3,B
2021-07-01T10:56:39,1000.0,4.27,S
2021-07-01T10:55:48,3500.0,4.27,S
2021-07-01T10:55:26,200.0,4.27,B
2021-07-01T10:55:21,30000.0,4.29,B
2021-07-01T10:55:15,1000.0,4.27,B
2021-07-01T10:54:43,3000.0,4.27,B
2021-07-01T10:54:43,700.0,4.27,B
2021-07-01T10:53:24,500.0,4.27,B
2021-07-01T10:52:54,200.0,4.27,B
2021-07-01T10:51:41,300.0,4.26,S
2021-07-01T10:51:22,5000.0,4.25,S
2021-07-01T10:50:20,1000.0,4.25,S
2021-07-01T10:49:48,2400.0,4.25,S
2021-07-01T10:49:18,2000.0,4.26,B
2021-07-01T10:49:15,2000.0,4.25,S
2021-07-01T10:49:14,300.0,4.25,S
2021-07-01T10:49:14,500.0,4.25,S
2021-07-01T10:48:43,1200.0,4.26,S
2021-07-01T10:48:38,35700.0,4.26,S
2021-07-01T10:48:23,9000.0,4.27,B
2021-07-01T10:47:58,200.0,4.26,S
2021-07-01T10:47:49,200.0,4.27,B
2021-07-01T10:47:21,200.0,4.27,B
2021-07-01T10:47:20,800.0,4.26,S
2021-07-01T10:47:14,100.0,4.27,B
2021-07-01T10:47:13,7200.0,4.27,B
2021-07-01T10:47:02,1000.0,4.27,B
2021-07-01T10:46:33,15000.0,4.27,B
2021-07-01T10:46:17,100.0,4.27,B
2021-07-01T10:46:17,2000.0,4.26,S
2021-07-01T10:46:10,300.0,4.26,S
2021-07-01T10:45:03,5200.0,4.27,B
2021-07-01T10:44:16,5000.0,4.27,B
2021-07-01T10:43:17,100.0,4.27,B
2021-07-01T10:43:05,2000.0,4.27,S
2021-07-01T10:42:09,300.0,4.28,B
2021-07-01T10:42:00,4800.0,4.28,S
2021-07-01T10:41:22,2000.0,4.28,S
2021-07-01T10:40:58,200.0,4.28,B
2021-07-01T10:40:55,1400.0,4.27,S
2021-07-01T10:40:55,600.0,4.27,S
2021-07-01T10:40:55,600.0,4.27,S
2021-07-01T10:40:55,7400.0,4.27,S
2021-07-01T10:40:43,1000.0,4.28,B
2021-07-01T10:40:40,100.0,4.27,S
2021-07-01T10:40:22,100.0,4.28,B
2021-07-01T10:40:02,700.0,4.28,B
2021-07-01T10:39:18,10000.0,4.28,B
2021-07-01T10:39:00,1000.0,4.28,S
2021-07-01T10:38:19,100.0,4.28,B
2021-07-01T10:38:06,4000.0,4.28,B
2021-07-01T10:38:00,1000.0,4.28,B
2021-07-01T10:37:55,200.0,4.28,B
2021-07-01T10:37:31,300.0,4.28,B
2021-07-01T10:37:24,3200.0,4.28,S
2021-07-01T10:37:23,6000.0,4.28,S
2021-07-01T10:37:17,200.0,4.28,S
2021-07-01T10:37:00,3000.0,4.28,S
2021-07-01T10:36:44,10000.0,4.28,S
2021-07-01T10:36:27,2000.0,4.29,B
2021-07-01T10:36:08,2000.0,4.28,S
2021-07-01T10:35:56,200.0,4.29,B
2021-07-01T10:35:43,2000.0,4.28,S
2021-07-01T10:35:17,100.0,4.29,B
2021-07-01T10:34:15,1000.0,4.28,S
2021-07-01T10:34:07,1000.0,4.29,B
2021-07-01T10:34:05,1000.0,4.29,B
2021-07-01T10:33:58,2000.0,4.29,B
2021-07-01T10:33:23,300.0,4.29,S
2021-07-01T10:33:18,9900.0,4.29,S
2021-07-01T10:33:13,9800.0,4.29,S
2021-07-01T10:32:43,2000.0,4.28,S
2021-07-01T10:31:50,3000.0,4.29,S
2021-07-01T10:31:30,1000.0,4.29,S
2021-07-01T10:31:01,5000.0,4.29,B
2021-07-01T10:29:51,1000.0,4.3,B
2021-07-01T10:29:51,1500.0,4.3,B
2021-07-01T10:29:51,11200.0,4.3,B
2021-07-01T10:29:51,100.0,4.3,B
2021-07-01T10:29:51,2400.0,4.3,B
2021-07-01T10:29:51,3800.0,4.29,B
2021-07-01T10:29:33,2200.0,4.29,S
2021-07-01T10:29:28,1000.0,4.29,S
2021-07-01T10:29:27,300.0,4.29,S
2021-07-01T10:29:12,1000.0,4.29,S
2021-07-01T10:28:06,8000.0,4.29,B
2021-07-01T10:28:06,5500.0,4.29,B
2021-07-01T10:28:02,5000.0,4.29,B
2021-07-01T10:27:34,1000.0,4.29,B
2021-07-01T10:26:40,1000.0,4.29,B
2021-07-01T10:26:20,500.0,4.29,B
2021-07-01T10:25:57,100.0,4.29,B
2021-07-01T10:25:56,200.0,4.29,B
2021-07-01T10:25:44,1000.0,4.29,B
2021-07-01T10:25:25,5000.0,4.29,B
2021-07-01T10:25:08,1000.0,4.29,B
2021-07-01T10:25:01,400.0,4.28,B
2021-07-01T10:25:01,800.0,4.28,B
2021-07-01T10:24:56,200.0,4.28,B
2021-07-01T10:24:56,800.0,4.28,B
2021-07-01T10:24:44,500.0,4.28,B
2021-07-01T10:24:41,24000.0,4.28,B
2021-07-01T10:24:39,5000.0,4.28,B
2021-07-01T10:24:32,1000.0,4.28,B
2021-07-01T10:24:24,1500.0,4.28,B
2021-07-01T10:24:19,500.0,4.28,B
2021-07-01T10:24:15,2000.0,4.28,B
2021-07-01T10:24:12,1000.0,4.28,B
2021-07-01T10:24:08,500.0,4.28,B
2021-07-01T10:24:07,100.0,4.28,B
2021-07-01T10:23:54,300.0,4.28,B
2021-07-01T10:23:41,500.0,4.28,B
2021-07-01T10:23:32,100.0,4.28,B
2021-07-01T10:23:21,100.0,4.28,B
2021-07-01T10:23:17,1000.0,4.28,B
2021-07-01T10:22:58,2200.0,4.28,S
2021-07-01T10:22:40,22600.0,4.29,B
2021-07-01T10:22:40,200.0,4.28,B
2021-07-01T10:22:40,3400.0,4.28,B
2021-07-01T10:22:40,200.0,4.28,B
2021-07-01T10:22:40,3600.0,4.28,B
2021-07-01T10:22:23,100.0,4.28,B
2021-07-01T10:21:56,2000.0,4.28,S
2021-07-01T10:21:36,2000.0,4.28,S
2021-07-01T10:21:08,1000.0,4.28,S
2021-07-01T10:21:08,200.0,4.28,S
2021-07-01T10:20:55,1100.0,4.28,S
2021-07-01T10:20:12,200.0,4.29,B
2021-07-01T10:19:32,100.0,4.3,B
2021-07-01T10:19:29,1000.0,4.11,S
2021-07-01T10:19:28,2000.0,4.3,B
2021-07-01T10:19:28,3000.0,4.3,B
2021-07-01T10:19:23,100.0,4.3,B
2021-07-01T10:19:18,700.0,4.3,B
2021-07-01T10:19:18,100.0,4.3,B
2021-07-01T10:19:02,100.0,4.3,B
2021-07-01T10:18:52,200.0,4.3,B
2021-07-01T10:18:46,300.0,4.3,B
2021-07-01T10:18:46,1200.0,4.29,S
2021-07-01T10:18:32,10000.0,4.08,S
2021-07-01T10:18:23,10000.0,4.3,B
2021-07-01T10:18:18,5000.0,4.2,S
2021-07-01T10:18:08,9000.0,4.06,S
2021-07-01T10:18:06,500.0,4.2,S
2021-07-01T10:17:56,1000.0,4.29,S
2021-07-01T10:17:47,1500.0,4.06,S
2021-07-01T10:17:47,100.0,4.06,S
2021-07-01T10:17:47,23000.0,4.06,S
2021-07-01T10:17:47,13300.0,4.06,S
2021-07-01T10:17:47,1300.0,4.07,S
2021-07-01T10:17:47,700.0,4.07,S
2021-07-01T10:17:47,9000.0,4.1,S
2021-07-01T10:17:47,3600.0,4.1,S
2021-07-01T10:17:47,9000.0,4.1,S
2021-07-01T10:17:47,200.0,4.1,S
2021-07-01T10:17:47,2800.0,4.1,S
2021-07-01T10:17:47,5400.0,4.11,S
2021-07-01T10:17:47,10400.0,4.15,S
2021-07-01T10:17:47,600.0,4.15,S
2021-07-01T10:17:47,500.0,4.15,S
2021-07-01T10:17:47,3400.0,4.17,S
2021-07-01T10:17:47,300.0,4.2,S
2021-07-01T10:17:47,15000.0,4.2,S
2021-07-01T10:17:47,800.0,4.2,S
2021-07-01T10:17:47,10400.0,4.2,S
2021-07-01T10:17:47,100.0,4.2,S
2021-07-01T10:17:47,4000.0,4.2,S
2021-07-01T10:17:47,900.0,4.2,S
2021-07-01T10:17:47,1200.0,4.2,S
2021-07-01T10:17:47,6500.0,4.2,S
2021-07-01T10:17:47,4300.0,4.2,S
2021-07-01T10:17:47,900.0,4.21,S
2021-07-01T10:17:47,5400.0,4.22,S
2021-07-01T10:17:47,1000.0,4.23,S
2021-07-01T10:17:47,10400.0,4.23,S
2021-07-01T10:17:47,300.0,4.24,S
2021-07-01T10:17:47,100.0,4.25,S
2021-07-01T10:17:47,100.0,4.25,S
2021-07-01T10:17:47,600.0,4.25,S
2021-07-01T10:17:47,11100.0,4.25,S
2021-07-01T10:17:47,200.0,4.25,S
2021-07-01T10:17:47,200.0,4.25,S
2021-07-01T10:17:47,5100.0,4.25,S
2021-07-01T10:17:47,300.0,4.25,S
2021-07-01T10:17:47,5700.0,4.25,S
2021-07-01T10:17:47,5200.0,4.27,S
2021-07-01T10:17:47,300.0,4.28,S
2021-07-01T10:17:47,5600.0,4.28,S
2021-07-01T10:17:47,5400.0,4.28,S
2021-07-01T10:17:47,2100.0,4.28,S
2021-07-01T10:17:47,11700.0,4.28,S
2021-07-01T10:17:39,5000.0,4.3,B
2021-07-01T10:17:33,700.0,4.3,B
2021-07-01T10:17:33,500.0,4.29,S
2021-07-01T10:17:22,300.0,4.3,B
2021-07-01T10:12:55,500.0,4.31,B
2021-07-01T10:12:50,2500.0,4.3,S
2021-07-01T10:12:50,7500.0,4.3,S
2021-07-01T10:12:49,300.0,4.31,B
2021-07-01T10:12:49,1700.0,4.31,B
2021-07-01T10:12:49,2000.0,4.3,S
2021-07-01T10:12:09,200.0,4.3,S
2021-07-01T10:11:48,100.0,4.3,S
2021-07-01T10:10:59,1000.0,4.31,S
2021-07-01T10:10:51,1400.0,4.31,S
2021-07-01T10:10:47,600.0,4.31,S
2021-07-01T10:10:30,900.0,4.32,B
2021-07-01T10:10:30,100.0,4.31,S
2021-07-01T10:10:29,1000.0,4.31,S
2021-07-01T10:10:08,400.0,4.32,B
2021-07-01T10:09:55,29300.0,4.31,S
2021-07-01T10:09:55,5700.0,4.31,S
2021-07-01T10:09:55,47500.0,4.31,S
2021-07-01T10:09:46,600.0,4.32,B
2021-07-01T10:09:28,3600.0,4.32,B
2021-07-01T10:09:15,100.0,4.32,B
2021-07-01T10:09:05,2000.0,4.32,B
2021-07-01T10:09:00,600.0,4.32,B
2021-07-01T10:08:42,300.0,4.32,B
2021-07-01T10:08:15,5600.0,4.31,S
2021-07-01T10:08:15,5200.0,4.31,S
2021-07-01T10:08:14,29200.0,4.31,S
2021-07-01T10:07:42,9900.0,4.32,S
2021-07-01T10:07:36,2000.0,4.32,S
2021-07-01T10:07:30,100.0,4.32,S
2021-07-01T10:07:10,4500.0,4.33,B
2021-07-01T10:07:10,10000.0,4.31,S
2021-07-01T10:06:31,100.0,4.33,B
2021-07-01T10:06:12,2300.0,4.33,B
2021-07-01T10:05:58,1400.0,4.33,B
2021-07-01T10:05:53,4500.0,4.33,B
2021-07-01T10:05:48,10100.0,4.32,S
2021-07-01T10:05:48,2300.0,4.32,S
2021-07-01T10:05:48,1600.0,4.32,S
2021-07-01T10:05:47,11600.0,4.32,S
2021-07-01T10:05:47,100.0,4.32,S
2021-07-01T10:05:37,2000.0,4.32,S
2021-07-01T10:05:23,6400.0,4.33,B
2021-07-01T10:05:01,4700.0,4.33,B
2021-07-01T10:04:45,2300.0,4.33,S
2021-07-01T10:04:45,9700.0,4.33,S
2021-07-01T10:04:31,500.0,4.33,S
2021-07-01T10:04:05,10000.0,4.33,S
2021-07-01T10:03:21,8900.0,4.33,S
2021-07-01T10:03:07,4000.0,4.33,S
2021-07-01T10:03:06,100.0,4.34,B
2021-07-01T10:01:19,900.0,4.34,S
2021-07-01T10:01:17,7200.0,4.34,S
2021-07-01T10:01:17,400.0,4.34,S
2021-07-01T10:01:17,10600.0,4.34,S
2021-07-01T10:01:17,8900.0,4.34,S
2021-07-01T10:01:17,6000.0,4.34,S
2021-07-01T10:01:11,4000.0,4.34,S
2021-07-01T10:00:21,48600.0,4.35,S
2021-07-01T10:00:20,20000.0,4.35,S
2021-07-01T10:00:03,300.0,4.35,S
2021-07-01T09:59:48,10000.0,4.35,S
2021-07-01T09:59:36,1900.0,4.35,S
2021-07-01T09:58:33,5000.0,4.35,S
2021-07-01T09:57:55,100.0,4.36,B
2021-07-01T09:57:30,500.0,4.36,B
2021-07-01T09:57:10,3700.0,4.35,S
2021-07-01T09:57:07,1300.0,4.35,S
2021-07-01T09:56:37,10700.0,4.35,S
2021-07-01T09:56:17,9800.0,4.35,S
2021-07-01T09:55:41,200.0,4.36,B
2021-07-01T09:54:58,200.0,4.35,S
2021-07-01T09:54:25,2000.0,4.36,B
2021-07-01T09:54:24,200.0,4.36,B
2021-07-01T09:54:15,1100.0,4.35,S
2021-07-01T09:53:18,10400.0,4.36,S
2021-07-01T09:53:06,100.0,4.36,S
2021-07-01T09:52:56,5000.0,4.37,B
2021-07-01T09:52:53,200.0,4.36,S
2021-07-01T09:52:10,300.0,4.36,S
2021-07-01T09:51:38,3200.0,4.36,S
2021-07-01T09:49:23,300.0,4.36,S
2021-07-01T09:48:53,300.0,4.36,S
2021-07-01T09:48:17,200.0,4.36,S
2021-07-01T09:46:59,100.0,4.35,S
2021-07-01T09:46:56,100.0,4.37,B
2021-07-01T09:45:43,28500.0,4.35,S
2021-07-01T09:45:43,200.0,4.35,S
2021-07-01T09:45:43,2500.0,4.35,S
2021-07-01T09:45:43,103800.0,4.36,S
2021-07-01T09:44:55,200.0,4.37,B
2021-07-01T09:44:08,4000.0,4.36,S
2021-07-01T09:44:06,1000.0,4.37,B
2021-07-01T09:43:20,100.0,4.37,B
2021-07-01T09:43:09,300.0,4.37,B
2021-07-01T09:42:37,1000.0,4.37,B
2021-07-01T09:42:10,3000.0,4.37,B
2021-07-01T09:41:55,400.0,4.36,S
2021-07-01T09:40:40,1400.0,4.36,S
2021-07-01T09:40:40,25600.0,4.36,S
2021-07-01T09:40:24,1000.0,4.37,B
2021-07-01T09:39:55,1500.0,4.36,S
2021-07-01T09:39:21,300.0,4.36,S
2021-07-01T09:39:21,200.0,4.36,S
2021-07-01T09:39:21,400.0,4.36,S
2021-07-01T09:37:42,5000.0,4.36,S
2021-07-01T09:36:30,500.0,4.36,S
2021-07-01T09:36:02,100.0,4.37,B
2021-07-01T09:35:50,1000.0,4.36,S
2021-07-01T09:34:59,500.0,4.37,B
2021-07-01T09:34:35,300.0,4.36,S
2021-07-01T09:34:10,4400.0,4.37,B
2021-07-01T09:33:26,300.0,4.37,B
2021-07-01T09:33:25,200.0,4.36,S
2021-07-01T09:32:07,300.0,4.36,S
2021-07-01T09:31:12,100.0,4.36,S
2021-07-01T09:31:11,200.0,4.36,S
2021-07-01T09:31:10,100.0,4.37,B
2021-07-01T09:30:30,6000.0,4.36,S
2021-07-01T09:30:07,20300.0,4.36,S
2021-07-01T09:30:07,23200.0,4.36,S
2021-07-01T09:30:07,2700.0,4.36,S
2021-07-01T09:30:07,7800.0,4.36,S
2021-07-01T09:29:31,1000.0,4.36,S
2021-07-01T09:29:28,2300.0,4.36,S
2021-07-01T09:29:07,100.0,4.36,S
2021-07-01T09:28:14,1000.0,4.37,B
2021-07-01T09:27:58,100.0,4.37,B
2021-07-01T09:27:11,1000.0,4.37,B
2021-07-01T09:26:59,1800.0,4.37,B
2021-07-01T09:26:59,5000.0,4.37,B
2021-07-01T09:26:58,2200.0,4.37,B
2021-07-01T09:26:47,200.0,4.37,B
2021-07-01T09:26:28,100.0,4.37,B
2021-07-01T09:26:28,200.0,4.37,B
2021-07-01T09:25:56,100.0,4.37,B
2021-07-01T09:25:44,200.0,4.37,B
2021-07-01T09:25:20,500.0,4.36,S
2021-07-01T09:25:09,500.0,4.37,B
2021-07-01T09:24:49,1100.0,4.37,B
2021-07-01T09:24:12,5400.0,4.37,B
2021-07-01T09:24:12,500.0,4.37,B
2021-07-01T09:24:12,13000.0,4.37,B
2021-07-01T09:24:12,1000.0,4.37,B
2021-07-01T09:24:12,100.0,4.37,B
2021-07-01T09:23:43,100.0,4.37,B
2021-07-01T09:23:32,400.0,4.37,B
2021-07-01T09:22:17,1000.0,4.37,B
2021-07-01T09:22:02,1000.0,4.36,S
2021-07-01T09:21:31,500.0,4.37,B
2021-07-01T09:20:52,2000.0,4.37,B
2021-07-01T09:20:10,100.0,4.37,B
2021-07-01T09:19:46,10000.0,4.37,B
2021-07-01T09:18:17,38600.0,4.37,S
2021-07-01T09:18:05,900.0,4.37,S
2021-07-01T09:17:42,10000.0,4.37,S
2021-07-01T09:17:04,500.0,4.37,B
