tradingTime,volume,price,side
2021-07-01T14:29:43,4000.0,23.7,S
2021-07-01T14:29:25,200.0,23.8,B
2021-07-01T14:27:02,1500.0,23.8,S
2021-07-01T14:26:07,300.0,23.8,S
2021-07-01T14:24:57,300.0,23.8,B
2021-07-01T14:24:20,400.0,23.75,B
2021-07-01T14:22:47,100.0,23.75,B
2021-07-01T14:21:10,1000.0,23.7,S
2021-07-01T14:21:06,900.0,23.7,S
2021-07-01T14:19:20,4600.0,23.75,S
2021-07-01T14:19:20,1400.0,23.75,S
2021-07-01T14:19:13,600.0,23.8,B
2021-07-01T14:18:58,700.0,23.8,B
2021-07-01T14:18:05,4000.0,23.8,B
2021-07-01T14:17:42,4000.0,23.75,B
2021-07-01T14:17:36,1000.0,23.75,B
2021-07-01T14:17:29,300.0,23.7,B
2021-07-01T14:17:29,1000.0,23.7,B
2021-07-01T14:16:27,300.0,23.6,S
2021-07-01T14:14:21,200.0,23.6,S
2021-07-01T14:12:46,300.0,23.6,B
2021-07-01T14:11:13,2300.0,23.55,B
2021-07-01T14:11:01,300.0,23.5,S
2021-07-01T14:10:19,1000.0,23.55,B
2021-07-01T14:09:49,1400.0,23.5,S
2021-07-01T14:07:05,1500.0,23.5,S
2021-07-01T14:05:54,2000.0,23.5,S
2021-07-01T14:05:54,500.0,23.5,S
2021-07-01T14:05:12,200.0,23.5,S
2021-07-01T14:03:55,3200.0,23.5,B
2021-07-01T14:03:52,1000.0,23.5,B
2021-07-01T14:03:14,300.0,23.5,S
2021-07-01T14:03:07,700.0,23.5,S
2021-07-01T14:03:07,2600.0,23.5,S
2021-07-01T14:03:07,1300.0,23.5,S
2021-07-01T14:03:07,10900.0,23.5,S
2021-07-01T14:03:02,2400.0,23.55,B
2021-07-01T13:59:07,1000.0,23.55,B
2021-07-01T13:58:12,1000.0,23.55,S
2021-07-01T13:58:10,700.0,23.55,S
2021-07-01T13:56:35,400.0,23.55,S
2021-07-01T13:56:13,500.0,23.6,S
2021-07-01T13:55:34,200.0,23.55,S
2021-07-01T13:55:34,100.0,23.6,B
2021-07-01T13:54:00,3000.0,23.55,S
2021-07-01T13:52:49,100.0,23.6,B
2021-07-01T13:52:21,100.0,23.6,B
2021-07-01T13:51:54,1700.0,23.6,S
2021-07-01T13:51:51,1000.0,23.6,S
2021-07-01T13:50:30,1400.0,23.6,B
2021-07-01T13:50:13,500.0,23.5,S
2021-07-01T13:48:32,1000.0,23.5,B
2021-07-01T13:48:04,300.0,23.5,B
2021-07-01T13:47:22,200.0,23.5,S
2021-07-01T13:47:22,1600.0,23.5,S
2021-07-01T13:45:05,3200.0,23.6,S
2021-07-01T13:45:05,400.0,23.75,S
2021-07-01T13:43:52,100.0,23.75,S
2021-07-01T13:43:34,200.0,23.8,B
2021-07-01T13:43:18,600.0,23.75,S
2021-07-01T13:40:55,1200.0,23.8,S
2021-07-01T13:40:43,700.0,23.8,S
2021-07-01T13:39:54,300.0,23.8,S
2021-07-01T13:39:20,1500.0,23.8,S
2021-07-01T13:39:07,400.0,23.8,S
2021-07-01T13:39:03,300.0,23.8,S
2021-07-01T13:37:08,1000.0,23.8,S
2021-07-01T13:36:34,100.0,23.8,S
2021-07-01T13:35:26,200.0,23.9,B
2021-07-01T13:35:20,500.0,23.9,S
2021-07-01T13:34:57,7700.0,23.9,B
2021-07-01T13:34:36,1300.0,23.85,S
2021-07-01T13:32:43,1000.0,23.85,B
2021-07-01T13:32:43,1900.0,23.85,B
2021-07-01T13:32:43,2000.0,23.8,B
2021-07-01T13:32:43,1900.0,23.8,B
2021-07-01T13:31:54,600.0,23.7,B
2021-07-01T13:31:04,12500.0,23.7,B
2021-07-01T13:29:09,600.0,23.6,S
2021-07-01T13:29:04,1000.0,23.65,B
2021-07-01T13:29:03,600.0,23.6,S
2021-07-01T13:26:49,300.0,23.6,S
2021-07-01T13:26:49,2200.0,23.65,S
2021-07-01T13:26:48,500.0,23.65,S
2021-07-01T13:26:03,2200.0,23.4,S
2021-07-01T13:26:03,300.0,23.4,S
2021-07-01T13:26:03,300.0,23.4,S
2021-07-01T13:26:03,200.0,23.4,S
2021-07-01T13:26:03,2300.0,23.4,S
2021-07-01T13:26:03,900.0,23.4,S
2021-07-01T13:26:03,100.0,23.4,S
2021-07-01T13:26:03,1000.0,23.4,S
2021-07-01T13:26:02,6400.0,23.4,S
2021-07-01T13:26:02,1100.0,23.4,S
2021-07-01T13:26:02,400.0,23.4,S
2021-07-01T13:26:02,1100.0,23.45,S
2021-07-01T13:26:02,300.0,23.5,S
2021-07-01T13:26:02,2500.0,23.5,S
2021-07-01T13:26:02,300.0,23.5,S
2021-07-01T13:26:01,1100.0,23.5,S
2021-07-01T13:26:01,100.0,23.5,S
2021-07-01T13:26:01,3800.0,23.5,S
2021-07-01T13:26:01,600.0,23.55,S
2021-07-01T13:26:01,100.0,23.55,S
2021-07-01T13:26:01,2400.0,23.55,S
2021-07-01T13:26:01,2500.0,23.6,S
2021-07-01T13:26:00,1000.0,23.6,S
2021-07-01T13:26:00,2300.0,23.6,S
2021-07-01T13:26:00,300.0,23.65,S
2021-07-01T13:26:00,1400.0,23.65,S
2021-07-01T13:25:33,2000.0,23.7,B
2021-07-01T13:23:10,1000.0,23.7,B
2021-07-01T13:21:49,300.0,23.7,S
2021-07-01T13:21:27,500.0,23.7,S
2021-07-01T13:19:30,900.0,23.65,S
2021-07-01T13:18:59,300.0,23.8,S
2021-07-01T13:18:41,700.0,23.8,B
2021-07-01T13:18:39,500.0,23.7,S
2021-07-01T13:17:43,1000.0,23.7,S
2021-07-01T13:17:36,500.0,23.8,S
2021-07-01T13:17:13,200.0,23.8,B
2021-07-01T13:16:12,500.0,23.8,B
2021-07-01T13:13:36,200.0,23.85,B
2021-07-01T13:11:35,100.0,23.65,S
2021-07-01T13:11:35,2300.0,23.65,S
2021-07-01T13:11:35,400.0,23.8,S
2021-07-01T13:11:35,200.0,23.8,S
2021-07-01T13:10:57,1800.0,23.8,B
2021-07-01T13:09:01,400.0,23.8,B
2021-07-01T13:09:01,400.0,23.8,B
2021-07-01T13:07:48,1000.0,23.8,B
2021-07-01T13:02:28,100.0,23.8,B
2021-07-01T13:01:12,2800.0,23.8,B
2021-07-01T13:00:44,100.0,23.6,S
2021-07-01T13:00:43,100.0,23.6,S
2021-07-01T13:00:43,200.0,23.6,S
2021-07-01T13:00:42,300.0,23.6,S
2021-07-01T13:00:41,600.0,23.6,S
2021-07-01T13:00:41,800.0,23.6,S
2021-07-01T13:00:39,100.0,23.7,S
2021-07-01T13:00:26,300.0,23.8,B
2021-07-01T13:00:15,700.0,23.6,S
2021-07-01T13:00:15,100.0,23.7,S
2021-07-01T13:00:13,100.0,23.7,S
2021-07-01T11:29:25,2100.0,23.6,S
2021-07-01T11:29:14,600.0,23.6,S
2021-07-01T11:28:39,300.0,23.6,S
2021-07-01T11:26:51,100.0,23.8,B
2021-07-01T11:26:25,300.0,23.8,B
2021-07-01T11:25:18,100.0,23.8,B
2021-07-01T11:25:14,400.0,23.6,S
2021-07-01T11:25:09,1000.0,23.8,B
2021-07-01T11:22:41,1000.0,23.8,B
2021-07-01T11:20:44,400.0,23.8,B
2021-07-01T11:19:27,1000.0,23.8,B
2021-07-01T11:19:13,600.0,23.6,S
2021-07-01T11:19:04,1100.0,23.8,S
2021-07-01T11:18:36,200.0,23.95,B
2021-07-01T11:18:29,200.0,23.85,S
2021-07-01T11:18:25,5000.0,23.95,B
2021-07-01T11:17:10,100.0,23.95,B
2021-07-01T11:16:05,100.0,23.95,S
2021-07-01T11:15:18,1700.0,24.0,B
2021-07-01T11:15:05,100.0,23.95,S
2021-07-01T11:14:06,100.0,24.0,B
2021-07-01T11:13:38,700.0,24.0,B
2021-07-01T11:13:11,100.0,24.0,B
2021-07-01T11:13:04,1800.0,24.0,B
2021-07-01T11:12:40,1800.0,23.95,B
2021-07-01T11:12:06,800.0,23.95,S
2021-07-01T11:12:02,100.0,23.95,S
2021-07-01T11:12:01,100.0,24.0,B
2021-07-01T11:11:27,100.0,23.95,S
2021-07-01T11:09:43,4300.0,23.95,B
2021-07-01T11:09:42,2300.0,23.95,B
2021-07-01T11:08:02,400.0,23.9,B
2021-07-01T11:06:42,400.0,23.9,B
2021-07-01T11:06:18,3400.0,23.8,B
2021-07-01T11:06:11,600.0,23.8,B
2021-07-01T11:04:43,700.0,23.9,B
2021-07-01T11:04:34,600.0,23.9,B
2021-07-01T11:04:06,700.0,23.9,B
2021-07-01T11:04:06,900.0,23.9,B
2021-07-01T11:03:36,7000.0,23.8,B
2021-07-01T11:02:01,500.0,23.8,S
2021-07-01T11:01:39,1000.0,23.9,B
2021-07-01T11:00:55,100.0,23.8,S
2021-07-01T11:00:53,2000.0,23.9,B
2021-07-01T11:00:38,100.0,23.8,B
2021-07-01T11:00:38,3100.0,23.8,B
2021-07-01T11:00:10,1000.0,23.8,B
2021-07-01T11:00:10,100.0,23.8,B
2021-07-01T11:00:10,3900.0,23.75,B
2021-07-01T10:59:56,1000.0,23.75,B
2021-07-01T10:59:31,2000.0,23.75,B
2021-07-01T10:59:18,3500.0,23.7,B
2021-07-01T10:59:14,1500.0,23.7,B
2021-07-01T10:58:49,400.0,23.7,B
2021-07-01T10:56:01,300.0,23.45,S
2021-07-01T10:55:58,100.0,23.7,B
2021-07-01T10:53:42,2000.0,23.45,S
2021-07-01T10:53:41,4100.0,23.6,B
2021-07-01T10:53:03,100.0,23.45,S
2021-07-01T10:53:01,600.0,23.45,B
2021-07-01T10:52:43,4400.0,23.45,S
2021-07-01T10:52:40,200.0,23.5,B
2021-07-01T10:52:26,1000.0,23.45,S
2021-07-01T10:51:18,1200.0,23.45,B
2021-07-01T10:50:46,200.0,23.45,B
2021-07-01T10:48:49,800.0,23.35,S
2021-07-01T10:47:59,1000.0,23.4,B
2021-07-01T10:47:36,200.0,23.4,S
2021-07-01T10:47:18,1000.0,23.4,B
2021-07-01T10:45:23,300.0,23.35,S
2021-07-01T10:45:10,800.0,23.35,B
2021-07-01T10:44:45,100.0,23.35,S
2021-07-01T10:44:43,100.0,23.35,S
2021-07-01T10:44:43,3500.0,23.35,S
2021-07-01T10:44:07,500.0,23.4,B
2021-07-01T10:44:04,800.0,23.4,S
2021-07-01T10:43:17,600.0,23.45,B
2021-07-01T10:43:04,5300.0,23.4,S
2021-07-01T10:43:04,4700.0,23.4,S
2021-07-01T10:42:40,1100.0,23.4,S
2021-07-01T10:42:38,1900.0,23.4,S
2021-07-01T10:41:35,500.0,23.4,S
2021-07-01T10:40:54,2000.0,23.45,B
2021-07-01T10:40:48,700.0,23.45,B
2021-07-01T10:40:20,100.0,23.45,B
2021-07-01T10:40:11,2800.0,23.45,S
2021-07-01T10:39:48,400.0,23.5,S
2021-07-01T10:39:31,6300.0,23.5,S
2021-07-01T10:38:20,1000.0,23.5,S
2021-07-01T10:38:05,1500.0,23.6,B
2021-07-01T10:36:37,1000.0,23.5,S
2021-07-01T10:36:05,500.0,23.5,S
2021-07-01T10:36:05,4500.0,23.5,S
2021-07-01T10:36:05,1000.0,23.55,S
2021-07-01T10:35:47,1200.0,23.55,S
2021-07-01T10:35:31,2500.0,23.55,S
2021-07-01T10:32:07,100.0,23.6,B
2021-07-01T10:31:50,100.0,23.6,B
2021-07-01T10:30:54,300.0,23.6,S
2021-07-01T10:29:53,4000.0,23.6,S
2021-07-01T10:27:29,3000.0,23.6,S
2021-07-01T10:27:06,400.0,23.6,S
2021-07-01T10:27:06,500.0,23.6,S
2021-07-01T10:27:06,100.0,23.6,S
2021-07-01T10:26:22,2300.0,23.55,S
2021-07-01T10:26:22,2700.0,23.55,S
2021-07-01T10:25:14,500.0,23.6,B
2021-07-01T10:25:02,500.0,23.6,B
2021-07-01T10:25:01,500.0,23.6,B
2021-07-01T10:24:32,500.0,23.6,B
2021-07-01T10:23:36,400.0,23.55,B
2021-07-01T10:23:09,500.0,23.55,B
2021-07-01T10:22:34,1100.0,23.55,S
2021-07-01T10:22:32,500.0,23.55,S
2021-07-01T10:22:01,900.0,23.55,S
2021-07-01T10:20:41,1300.0,23.55,S
2021-07-01T10:20:24,600.0,23.55,S
2021-07-01T10:20:17,300.0,23.55,S
2021-07-01T10:18:44,2400.0,23.55,B
2021-07-01T10:18:44,3100.0,23.55,B
2021-07-01T10:18:17,100.0,23.5,B
2021-07-01T10:18:16,1400.0,23.5,B
2021-07-01T10:17:57,1000.0,23.5,B
2021-07-01T10:17:37,200.0,23.5,B
2021-07-01T10:17:25,600.0,23.4,S
2021-07-01T10:11:56,3000.0,23.4,S
2021-07-01T10:11:24,1000.0,23.4,S
2021-07-01T10:11:24,5300.0,23.4,S
2021-07-01T10:10:56,400.0,23.5,S
2021-07-01T10:10:21,400.0,23.5,S
2021-07-01T10:09:41,300.0,23.5,S
2021-07-01T10:09:40,2000.0,23.5,S
2021-07-01T10:08:34,900.0,23.5,S
2021-07-01T10:08:15,4900.0,23.5,S
2021-07-01T10:07:16,300.0,23.55,B
2021-07-01T10:05:39,100.0,23.55,B
2021-07-01T10:04:48,200.0,23.55,S
2021-07-01T10:04:38,100.0,23.6,S
2021-07-01T10:03:17,1000.0,23.55,S
2021-07-01T10:00:39,300.0,23.5,S
2021-07-01T09:59:39,800.0,23.55,S
2021-07-01T09:59:09,1000.0,23.5,S
2021-07-01T09:59:09,2600.0,23.5,S
2021-07-01T09:59:09,900.0,23.55,S
2021-07-01T09:58:33,500.0,23.6,S
2021-07-01T09:58:31,400.0,23.65,B
2021-07-01T09:57:22,100.0,23.65,B
2021-07-01T09:56:58,300.0,23.65,B
2021-07-01T09:55:11,400.0,23.65,S
2021-07-01T09:55:09,600.0,23.65,S
2021-07-01T09:55:01,1000.0,23.65,S
2021-07-01T09:54:06,200.0,23.65,S
2021-07-01T09:53:54,500.0,23.65,S
2021-07-01T09:53:44,100.0,23.65,B
2021-07-01T09:53:04,300.0,23.65,S
2021-07-01T09:50:19,1700.0,23.8,B
2021-07-01T09:50:19,200.0,23.65,B
2021-07-01T09:50:06,300.0,23.6,B
2021-07-01T09:50:00,200.0,23.6,B
2021-07-01T09:49:46,100.0,23.6,B
2021-07-01T09:49:34,400.0,23.6,B
2021-07-01T09:49:28,500.0,23.6,B
2021-07-01T09:48:45,3800.0,23.55,B
2021-07-01T09:48:17,100.0,23.55,B
2021-07-01T09:46:44,100.0,23.55,B
2021-07-01T09:46:27,3000.0,23.5,S
2021-07-01T09:46:10,200.0,23.55,B
2021-07-01T09:45:55,2500.0,23.5,S
2021-07-01T09:45:54,300.0,23.55,B
2021-07-01T09:45:00,100.0,23.5,B
2021-07-01T09:44:49,300.0,23.5,B
2021-07-01T09:44:48,2200.0,23.5,B
2021-07-01T09:44:43,500.0,23.5,B
2021-07-01T09:44:31,100.0,23.5,B
2021-07-01T09:44:04,200.0,23.5,B
2021-07-01T09:43:42,200.0,23.5,B
2021-07-01T09:43:40,1500.0,23.5,B
2021-07-01T09:43:37,100.0,23.5,B
2021-07-01T09:43:06,100.0,23.5,B
2021-07-01T09:42:17,100.0,23.5,B
2021-07-01T09:42:08,800.0,23.5,B
2021-07-01T09:41:58,500.0,23.5,B
2021-07-01T09:41:52,200.0,23.5,B
2021-07-01T09:41:35,200.0,23.5,B
2021-07-01T09:40:07,1000.0,23.5,B
2021-07-01T09:38:12,200.0,23.5,B
2021-07-01T09:37:43,500.0,23.5,S
2021-07-01T09:37:32,1100.0,23.5,S
2021-07-01T09:37:15,1000.0,23.5,S
2021-07-01T09:36:06,100.0,23.5,S
2021-07-01T09:35:34,300.0,23.5,S
2021-07-01T09:35:19,400.0,23.6,B
2021-07-01T09:35:02,300.0,23.5,S
2021-07-01T09:34:55,200.0,23.5,B
2021-07-01T09:34:23,100.0,23.5,B
2021-07-01T09:34:13,1000.0,23.4,S
2021-07-01T09:34:10,200.0,23.45,B
2021-07-01T09:33:39,400.0,23.45,S
2021-07-01T09:33:00,1400.0,23.45,S
2021-07-01T09:32:57,300.0,23.5,S
2021-07-01T09:31:56,600.0,23.5,S
2021-07-01T09:31:23,2000.0,23.5,S
2021-07-01T09:31:00,100.0,23.5,S
2021-07-01T09:30:36,700.0,23.5,S
2021-07-01T09:30:36,300.0,23.5,S
2021-07-01T09:30:24,1500.0,23.5,S
2021-07-01T09:29:10,400.0,23.5,S
2021-07-01T09:28:42,400.0,23.5,S
2021-07-01T09:28:21,1000.0,23.65,S
2021-07-01T09:25:57,100.0,23.65,B
2021-07-01T09:25:53,200.0,23.5,S
2021-07-01T09:25:48,1500.0,23.6,S
2021-07-01T09:25:18,300.0,23.5,S
2021-07-01T09:24:45,100.0,23.5,S
2021-07-01T09:24:05,300.0,23.5,S
2021-07-01T09:24:03,100.0,23.5,S
2021-07-01T09:23:26,900.0,23.5,S
2021-07-01T09:23:09,1000.0,23.5,S
2021-07-01T09:23:05,200.0,23.5,S
2021-07-01T09:22:13,200.0,23.65,B
2021-07-01T09:21:54,300.0,23.5,B
2021-07-01T09:21:51,700.0,23.5,B
2021-07-01T09:21:16,100.0,23.5,S
2021-07-01T09:21:16,600.0,23.5,S
2021-07-01T09:21:15,1300.0,23.5,S
2021-07-01T09:21:09,100.0,23.65,S
2021-07-01T09:21:02,200.0,23.65,S
2021-07-01T09:20:11,100.0,23.65,B
2021-07-01T09:19:29,200.0,23.65,S
2021-07-01T09:19:16,300.0,23.7,B
2021-07-01T09:19:07,600.0,23.8,B
2021-07-01T09:19:06,100.0,23.8,B
2021-07-01T09:19:02,100.0,23.7,B
2021-07-01T09:18:37,200.0,23.7,S
2021-07-01T09:18:32,600.0,23.7,S
2021-07-01T09:18:17,400.0,23.8,B
2021-07-01T09:18:16,100.0,23.8,B
2021-07-01T09:17:56,1000.0,23.7,S
2021-07-01T09:17:43,600.0,23.7,S
2021-07-01T09:17:14,200.0,23.7,S
2021-07-01T09:16:05,500.0,23.7,S
