tradingTime,volume,price,side
2021-07-01T14:29:54,900.0,52.7,S
2021-07-01T14:29:54,1400.0,52.7,S
2021-07-01T14:29:54,100.0,52.7,S
2021-07-01T14:29:54,300.0,52.7,S
2021-07-01T14:29:54,1700.0,52.7,S
2021-07-01T14:29:54,200.0,52.8,S
2021-07-01T14:29:54,400.0,52.8,S
2021-07-01T14:27:40,1800.0,52.8,S
2021-07-01T14:26:53,400.0,52.7,S
2021-07-01T14:26:53,2600.0,52.7,S
2021-07-01T14:26:10,200.0,53.0,B
2021-07-01T14:24:49,900.0,53.2,B
2021-07-01T14:24:39,1300.0,53.2,B
2021-07-01T14:24:39,400.0,53.2,B
2021-07-01T14:24:39,200.0,53.2,B
2021-07-01T14:24:39,1000.0,53.2,B
2021-07-01T14:24:39,500.0,53.2,B
2021-07-01T14:24:39,900.0,53.2,B
2021-07-01T14:24:39,100.0,53.1,B
2021-07-01T14:24:39,2200.0,53.1,B
2021-07-01T14:23:58,3000.0,52.7,S
2021-07-01T14:23:42,300.0,52.7,S
2021-07-01T14:22:57,2000.0,52.7,S
2021-07-01T14:21:39,3000.0,52.7,S
2021-07-01T14:20:31,2000.0,52.7,S
2021-07-01T14:19:06,2000.0,52.7,S
2021-07-01T14:18:41,200.0,52.7,B
2021-07-01T14:18:21,1100.0,52.7,S
2021-07-01T14:18:21,100.0,52.7,S
2021-07-01T14:18:21,600.0,52.7,S
2021-07-01T14:17:58,2000.0,52.7,S
2021-07-01T14:17:35,1000.0,52.8,S
2021-07-01T14:15:20,500.0,53.0,S
2021-07-01T14:14:48,4500.0,53.0,B
2021-07-01T14:13:25,800.0,53.0,B
2021-07-01T14:13:25,1600.0,53.0,B
2021-07-01T14:13:25,800.0,53.0,B
2021-07-01T14:13:25,1100.0,53.0,B
2021-07-01T14:13:25,6000.0,53.0,B
2021-07-01T14:13:25,1000.0,52.9,B
2021-07-01T14:13:25,6300.0,52.9,B
2021-07-01T14:10:56,2000.0,52.6,S
2021-07-01T14:10:08,700.0,52.7,S
2021-07-01T14:10:03,400.0,52.7,B
2021-07-01T14:09:55,900.0,52.7,B
2021-07-01T14:09:36,2400.0,52.6,S
2021-07-01T14:09:36,500.0,52.6,S
2021-07-01T14:09:36,2100.0,52.6,S
2021-07-01T14:09:19,700.0,52.7,S
2021-07-01T14:09:06,400.0,52.7,B
2021-07-01T14:07:11,500.0,52.7,B
2021-07-01T14:06:30,1100.0,52.7,S
2021-07-01T14:06:10,400.0,52.8,B
2021-07-01T14:05:05,200.0,52.8,B
2021-07-01T14:05:01,300.0,52.7,B
2021-07-01T14:04:47,100.0,52.7,S
2021-07-01T14:04:43,3000.0,52.7,S
2021-07-01T14:04:13,1900.0,52.7,B
2021-07-01T14:02:44,800.0,52.6,S
2021-07-01T14:02:44,200.0,52.6,S
2021-07-01T14:02:44,2000.0,52.6,S
2021-07-01T14:02:25,900.0,52.6,S
2021-07-01T14:01:10,100.0,52.7,B
2021-07-01T14:00:48,3000.0,52.7,B
2021-07-01T13:58:17,1000.0,52.7,S
2021-07-01T13:56:57,2100.0,52.7,S
2021-07-01T13:56:57,400.0,52.7,S
2021-07-01T13:56:56,500.0,52.7,S
2021-07-01T13:55:32,100.0,52.8,B
2021-07-01T13:55:21,300.0,52.8,B
2021-07-01T13:54:59,2000.0,52.7,S
2021-07-01T13:54:10,1000.0,52.8,B
2021-07-01T13:52:43,200.0,52.7,S
2021-07-01T13:52:43,2100.0,52.7,S
2021-07-01T13:52:43,100.0,52.7,S
2021-07-01T13:52:43,2300.0,52.7,S
2021-07-01T13:52:43,300.0,52.7,S
2021-07-01T13:51:34,100.0,52.8,B
2021-07-01T13:51:10,100.0,52.8,B
2021-07-01T13:50:20,200.0,52.8,B
2021-07-01T13:47:48,300.0,52.8,S
2021-07-01T13:46:55,700.0,52.8,B
2021-07-01T13:45:38,1200.0,52.8,S
2021-07-01T13:45:38,100.0,52.8,S
2021-07-01T13:43:13,100.0,52.8,B
2021-07-01T13:43:07,100.0,52.8,B
2021-07-01T13:42:21,1600.0,52.8,B
2021-07-01T13:41:26,700.0,52.8,S
2021-07-01T13:41:26,100.0,52.8,S
2021-07-01T13:39:53,500.0,52.8,S
2021-07-01T13:39:23,400.0,52.8,S
2021-07-01T13:39:08,2000.0,52.8,S
2021-07-01T13:38:53,200.0,52.8,S
2021-07-01T13:37:56,200.0,52.8,S
2021-07-01T13:37:34,2000.0,52.8,S
2021-07-01T13:36:26,300.0,52.8,B
2021-07-01T13:36:25,200.0,52.8,B
2021-07-01T13:36:14,100.0,52.8,B
2021-07-01T13:36:05,300.0,52.8,S
2021-07-01T13:36:02,1100.0,52.8,S
2021-07-01T13:34:25,1300.0,52.8,B
2021-07-01T13:34:19,100.0,52.8,B
2021-07-01T13:30:30,1500.0,52.7,S
2021-07-01T13:29:37,800.0,52.7,S
2021-07-01T13:29:37,700.0,52.7,S
2021-07-01T13:29:36,200.0,52.8,S
2021-07-01T13:29:30,1500.0,52.9,B
2021-07-01T13:29:07,500.0,52.9,B
2021-07-01T13:29:00,1000.0,52.9,B
2021-07-01T13:28:26,300.0,52.8,S
2021-07-01T13:28:26,500.0,52.8,S
2021-07-01T13:28:26,6200.0,52.8,S
2021-07-01T13:27:49,500.0,52.9,B
2021-07-01T13:27:18,500.0,52.9,S
2021-07-01T13:26:42,1900.0,53.0,B
2021-07-01T13:25:26,1900.0,52.9,S
2021-07-01T13:23:48,100.0,53.0,B
2021-07-01T13:23:14,100.0,53.0,B
2021-07-01T13:23:12,100.0,52.9,S
2021-07-01T13:23:12,600.0,52.9,S
2021-07-01T13:23:12,200.0,52.9,S
2021-07-01T13:23:11,1100.0,52.9,S
2021-07-01T13:23:04,100.0,53.0,B
2021-07-01T13:22:13,200.0,53.0,B
2021-07-01T13:21:52,2000.0,52.9,S
2021-07-01T13:20:22,200.0,53.0,B
2021-07-01T13:19:30,500.0,53.0,B
2021-07-01T13:14:39,500.0,53.1,B
2021-07-01T13:14:08,100.0,53.1,S
2021-07-01T13:14:07,2000.0,53.1,S
2021-07-01T13:13:10,300.0,53.1,S
2021-07-01T13:12:38,1000.0,53.1,B
2021-07-01T13:12:30,500.0,53.1,B
2021-07-01T13:12:30,2000.0,53.1,B
2021-07-01T13:12:30,1800.0,53.1,B
2021-07-01T13:12:30,2300.0,53.0,B
2021-07-01T13:12:03,1000.0,53.0,B
2021-07-01T13:11:47,600.0,52.9,S
2021-07-01T13:11:47,200.0,52.9,S
2021-07-01T13:10:48,700.0,53.0,S
2021-07-01T13:10:14,100.0,53.0,B
2021-07-01T13:09:56,4200.0,53.0,B
2021-07-01T13:08:59,100.0,53.0,S
2021-07-01T13:08:57,1000.0,53.0,S
2021-07-01T13:08:12,100.0,53.0,S
2021-07-01T13:08:12,1900.0,53.0,S
2021-07-01T13:07:21,200.0,53.0,S
2021-07-01T13:07:01,3000.0,53.0,S
2021-07-01T13:06:14,2000.0,53.0,S
2021-07-01T13:04:57,200.0,53.0,S
2021-07-01T13:03:54,1000.0,53.0,S
2021-07-01T13:02:26,1000.0,53.0,S
2021-07-01T13:00:33,400.0,53.1,B
2021-07-01T13:00:30,300.0,53.0,S
2021-07-01T13:00:23,100.0,53.0,S
2021-07-01T13:00:13,100.0,53.0,S
2021-07-01T13:00:13,700.0,53.1,B
2021-07-01T13:00:13,500.0,53.1,B
2021-07-01T11:29:06,400.0,53.0,S
2021-07-01T11:28:57,1000.0,53.0,S
2021-07-01T11:26:59,300.0,53.0,S
2021-07-01T11:26:58,700.0,53.0,S
2021-07-01T11:26:56,1000.0,53.0,S
2021-07-01T11:25:17,1000.0,53.0,S
2021-07-01T11:24:12,1300.0,53.1,B
2021-07-01T11:22:17,1000.0,53.0,S
2021-07-01T11:22:03,200.0,53.0,S
2021-07-01T11:21:00,1000.0,53.0,S
2021-07-01T11:20:42,500.0,53.0,S
2021-07-01T11:20:35,4000.0,53.0,S
2021-07-01T11:20:34,1000.0,53.0,S
2021-07-01T11:20:17,2800.0,53.0,S
2021-07-01T11:18:01,1000.0,53.0,S
2021-07-01T11:16:54,1000.0,53.0,S
2021-07-01T11:16:34,2000.0,53.0,S
2021-07-01T11:16:11,1000.0,53.0,S
2021-07-01T11:16:10,100.0,53.0,S
2021-07-01T11:15:51,2000.0,53.0,S
2021-07-01T11:15:24,1000.0,53.0,S
2021-07-01T11:14:15,900.0,53.1,S
2021-07-01T11:13:47,2000.0,53.1,S
2021-07-01T11:12:17,1000.0,53.1,S
2021-07-01T11:11:26,1300.0,53.1,S
2021-07-01T11:09:28,500.0,53.3,B
2021-07-01T11:09:20,700.0,53.3,B
2021-07-01T11:08:41,2000.0,53.3,S
2021-07-01T11:08:11,2700.0,53.3,S
2021-07-01T11:07:57,1000.0,53.3,S
2021-07-01T11:06:51,1000.0,53.3,S
2021-07-01T11:06:14,4000.0,53.3,B
2021-07-01T11:04:41,100.0,53.1,S
2021-07-01T11:04:06,100.0,53.1,S
2021-07-01T11:03:55,5000.0,53.2,B
2021-07-01T11:03:27,1100.0,53.1,B
2021-07-01T11:03:19,1000.0,53.0,S
2021-07-01T11:03:10,900.0,53.1,B
2021-07-01T11:02:52,1000.0,53.0,S
2021-07-01T11:01:52,1700.0,53.0,B
2021-07-01T11:01:45,2700.0,53.0,B
2021-07-01T11:01:45,1300.0,53.0,B
2021-07-01T11:01:45,2000.0,53.0,B
2021-07-01T11:01:45,14000.0,53.0,B
2021-07-01T11:01:25,100.0,52.9,B
2021-07-01T11:01:15,100.0,52.9,B
2021-07-01T11:00:58,7000.0,52.9,B
2021-07-01T11:00:37,300.0,52.9,B
2021-07-01T11:00:20,1000.0,52.9,B
2021-07-01T11:00:11,1000.0,52.8,B
2021-07-01T10:59:56,300.0,52.8,B
2021-07-01T10:59:31,600.0,52.8,S
2021-07-01T10:59:17,300.0,52.8,B
2021-07-01T10:59:08,2500.0,52.8,B
2021-07-01T10:59:00,1000.0,52.7,S
2021-07-01T10:57:31,100.0,52.8,B
2021-07-01T10:56:56,100.0,52.8,B
2021-07-01T10:56:51,3000.0,52.8,B
2021-07-01T10:55:02,5000.0,52.6,S
2021-07-01T10:54:23,100.0,52.9,B
2021-07-01T10:54:10,500.0,52.8,S
2021-07-01T10:54:03,500.0,52.8,S
2021-07-01T10:53:47,4100.0,52.8,S
2021-07-01T10:53:38,100.0,52.8,S
2021-07-01T10:53:33,800.0,52.8,S
2021-07-01T10:53:32,400.0,52.8,S
2021-07-01T10:53:32,300.0,52.8,S
2021-07-01T10:53:31,500.0,52.8,S
2021-07-01T10:52:34,1600.0,52.8,B
2021-07-01T10:50:42,1000.0,52.7,S
2021-07-01T10:49:58,500.0,52.8,B
2021-07-01T10:49:29,600.0,52.8,B
2021-07-01T10:49:29,300.0,52.8,B
2021-07-01T10:48:49,2000.0,52.7,S
2021-07-01T10:47:42,4200.0,52.7,B
2021-07-01T10:47:24,1500.0,52.7,B
2021-07-01T10:46:58,100.0,52.7,B
2021-07-01T10:45:50,5100.0,52.7,S
2021-07-01T10:44:18,100.0,52.8,B
2021-07-01T10:43:40,500.0,52.8,B
2021-07-01T10:43:24,800.0,52.8,B
2021-07-01T10:42:52,500.0,52.8,S
2021-07-01T10:42:36,100.0,52.8,S
2021-07-01T10:42:25,1000.0,52.8,S
2021-07-01T10:42:19,200.0,52.8,S
2021-07-01T10:42:08,200.0,52.8,S
2021-07-01T10:41:51,1000.0,52.8,S
2021-07-01T10:41:11,200.0,52.8,B
2021-07-01T10:40:58,4000.0,52.8,B
2021-07-01T10:40:22,200.0,52.8,B
2021-07-01T10:40:20,200.0,52.8,B
2021-07-01T10:40:09,1000.0,52.8,B
2021-07-01T10:40:02,300.0,52.8,B
2021-07-01T10:39:13,700.0,52.8,S
2021-07-01T10:39:13,400.0,52.7,S
2021-07-01T10:39:03,1100.0,52.8,S
2021-07-01T10:39:03,1500.0,52.8,S
2021-07-01T10:39:03,700.0,52.8,S
2021-07-01T10:39:03,2200.0,52.8,S
2021-07-01T10:38:54,2000.0,52.8,S
2021-07-01T10:38:36,20000.0,52.8,S
2021-07-01T10:37:37,2000.0,52.8,S
2021-07-01T10:37:35,1300.0,52.9,B
2021-07-01T10:37:18,3000.0,52.8,S
2021-07-01T10:36:46,500.0,52.9,B
2021-07-01T10:36:04,100.0,52.9,B
2021-07-01T10:35:54,100.0,52.9,B
2021-07-01T10:35:46,1100.0,52.9,B
2021-07-01T10:35:34,100.0,52.9,B
2021-07-01T10:35:26,500.0,52.9,B
2021-07-01T10:35:23,100.0,52.9,B
2021-07-01T10:35:13,800.0,52.9,B
2021-07-01T10:34:39,100.0,52.9,S
2021-07-01T10:34:33,400.0,52.9,S
2021-07-01T10:34:05,3900.0,52.9,S
2021-07-01T10:34:05,100.0,52.9,S
2021-07-01T10:34:05,3300.0,52.9,S
2021-07-01T10:34:05,2700.0,52.9,S
2021-07-01T10:33:48,1000.0,52.9,S
2021-07-01T10:33:32,500.0,53.0,B
2021-07-01T10:33:30,1000.0,53.0,B
2021-07-01T10:33:27,18000.0,52.9,S
2021-07-01T10:32:58,5000.0,53.0,B
2021-07-01T10:32:35,1000.0,53.0,B
2021-07-01T10:32:15,1000.0,53.0,B
2021-07-01T10:31:59,2000.0,52.9,S
2021-07-01T10:31:48,800.0,53.0,B
2021-07-01T10:31:39,1000.0,53.0,B
2021-07-01T10:31:37,100.0,53.0,B
2021-07-01T10:30:35,1000.0,53.0,B
2021-07-01T10:29:51,1000.0,53.0,B
2021-07-01T10:29:32,3000.0,52.9,S
2021-07-01T10:29:28,5000.0,53.0,B
2021-07-01T10:29:12,2000.0,52.9,S
2021-07-01T10:28:23,200.0,53.0,B
2021-07-01T10:28:05,200.0,53.0,B
2021-07-01T10:27:46,200.0,53.0,B
2021-07-01T10:27:32,800.0,53.0,S
2021-07-01T10:27:32,19300.0,53.0,S
2021-07-01T10:27:11,1500.0,53.1,S
2021-07-01T10:26:30,400.0,53.2,B
2021-07-01T10:26:21,500.0,53.1,B
2021-07-01T10:26:04,1500.0,53.1,B
2021-07-01T10:24:29,200.0,53.2,B
2021-07-01T10:23:56,4000.0,53.1,B
2021-07-01T10:23:56,1000.0,53.1,B
2021-07-01T10:23:49,2000.0,53.0,B
2021-07-01T10:23:37,2000.0,53.0,B
2021-07-01T10:23:30,300.0,53.1,B
2021-07-01T10:23:13,2000.0,53.0,B
2021-07-01T10:23:12,1100.0,53.0,B
2021-07-01T10:23:12,1400.0,53.0,B
2021-07-01T10:23:12,100.0,53.0,B
2021-07-01T10:23:12,1000.0,53.0,B
2021-07-01T10:23:04,5000.0,53.0,B
2021-07-01T10:22:59,3000.0,52.9,S
2021-07-01T10:22:43,2000.0,52.9,S
2021-07-01T10:21:46,1100.0,52.9,B
2021-07-01T10:21:46,3900.0,52.9,B
2021-07-01T10:21:14,300.0,52.9,B
2021-07-01T10:21:12,2700.0,52.9,B
2021-07-01T10:21:11,100.0,52.8,S
2021-07-01T10:21:01,300.0,52.8,S
2021-07-01T10:20:54,1400.0,52.9,B
2021-07-01T10:20:02,500.0,52.8,S
2021-07-01T10:19:52,300.0,52.9,B
2021-07-01T10:19:33,4200.0,52.8,B
2021-07-01T10:19:27,1000.0,52.7,B
2021-07-01T10:19:07,2000.0,52.7,B
2021-07-01T10:19:07,11800.0,52.7,B
2021-07-01T10:18:57,1600.0,52.7,B
2021-07-01T10:18:44,4000.0,52.6,B
2021-07-01T10:17:47,13700.0,52.6,B
2021-07-01T10:17:34,1800.0,52.6,B
2021-07-01T10:17:33,1100.0,52.5,B
2021-07-01T10:17:33,300.0,52.5,B
2021-07-01T10:17:28,300.0,52.5,B
2021-07-01T10:12:48,3400.0,52.1,S
2021-07-01T10:12:27,1000.0,52.3,S
2021-07-01T10:11:42,900.0,52.3,S
2021-07-01T10:10:59,1000.0,52.2,S
2021-07-01T10:10:21,100.0,52.3,S
2021-07-01T10:10:03,2000.0,52.2,S
2021-07-01T10:09:19,300.0,52.1,S
2021-07-01T10:08:13,800.0,52.1,S
2021-07-01T10:08:13,300.0,52.2,S
2021-07-01T10:08:13,500.0,52.5,S
2021-07-01T10:08:13,8400.0,52.5,S
2021-07-01T10:07:43,900.0,52.6,S
2021-07-01T10:07:39,3000.0,52.6,S
2021-07-01T10:06:50,7900.0,52.6,S
2021-07-01T10:06:10,1000.0,52.6,S
2021-07-01T10:05:56,2000.0,52.6,S
2021-07-01T10:04:58,200.0,52.7,S
2021-07-01T10:04:58,500.0,52.7,S
2021-07-01T10:04:58,4200.0,52.7,S
2021-07-01T10:04:40,1000.0,52.7,S
2021-07-01T10:04:36,5500.0,52.7,S
2021-07-01T10:04:05,200.0,52.7,S
2021-07-01T10:04:03,1000.0,52.7,S
2021-07-01T10:03:36,3000.0,52.7,S
2021-07-01T10:02:47,500.0,52.8,B
2021-07-01T10:02:35,100.0,52.8,B
2021-07-01T10:02:05,300.0,52.8,B
2021-07-01T10:01:55,500.0,52.8,B
2021-07-01T10:01:46,700.0,52.8,B
2021-07-01T10:01:44,8700.0,52.8,B
2021-07-01T10:01:44,600.0,52.8,B
2021-07-01T10:00:27,5000.0,52.8,B
2021-07-01T10:00:21,6000.0,52.8,B
2021-07-01T10:00:03,1000.0,52.8,B
2021-07-01T09:59:43,800.0,52.7,S
2021-07-01T09:58:30,1400.0,52.8,S
2021-07-01T09:58:30,5800.0,52.8,S
2021-07-01T09:58:04,500.0,52.8,S
2021-07-01T09:57:49,500.0,52.8,S
2021-07-01T09:56:53,1000.0,52.8,S
2021-07-01T09:56:48,200.0,52.8,S
2021-07-01T09:56:37,500.0,52.8,S
2021-07-01T09:56:31,1500.0,52.9,B
2021-07-01T09:56:23,3000.0,52.8,S
2021-07-01T09:56:09,2000.0,52.8,S
2021-07-01T09:54:43,400.0,52.8,S
2021-07-01T09:53:53,100.0,52.9,B
2021-07-01T09:53:10,1000.0,52.9,B
2021-07-01T09:52:52,1000.0,52.8,S
2021-07-01T09:51:03,1000.0,52.8,S
2021-07-01T09:49:13,1000.0,52.8,S
2021-07-01T09:49:11,5500.0,53.0,B
2021-07-01T09:48:38,500.0,52.9,B
2021-07-01T09:48:33,5000.0,52.9,B
2021-07-01T09:47:30,500.0,52.9,B
2021-07-01T09:47:28,1000.0,52.8,S
2021-07-01T09:46:18,100.0,52.8,S
2021-07-01T09:46:01,1000.0,52.8,S
2021-07-01T09:44:56,3000.0,52.8,S
2021-07-01T09:44:46,400.0,52.8,S
2021-07-01T09:44:46,600.0,52.8,S
2021-07-01T09:44:42,1000.0,52.9,B
2021-07-01T09:43:40,100.0,52.9,B
2021-07-01T09:43:37,2400.0,52.8,B
2021-07-01T09:43:35,100.0,52.8,B
2021-07-01T09:43:07,2000.0,52.8,B
2021-07-01T09:42:33,500.0,52.8,B
2021-07-01T09:41:47,100.0,52.8,B
2021-07-01T09:41:46,400.0,52.8,B
2021-07-01T09:41:35,500.0,52.8,B
2021-07-01T09:41:31,300.0,52.8,B
2021-07-01T09:41:04,2000.0,52.8,B
2021-07-01T09:40:07,200.0,52.8,S
2021-07-01T09:39:57,6300.0,52.8,S
2021-07-01T09:39:34,200.0,52.8,S
2021-07-01T09:39:19,1000.0,52.9,B
2021-07-01T09:39:19,1000.0,52.8,S
2021-07-01T09:39:19,2000.0,52.8,S
2021-07-01T09:39:07,100.0,52.9,B
2021-07-01T09:38:34,800.0,52.9,B
2021-07-01T09:38:34,600.0,52.9,B
2021-07-01T09:38:13,400.0,52.9,B
2021-07-01T09:38:03,600.0,52.9,B
2021-07-01T09:37:49,400.0,52.9,B
2021-07-01T09:37:41,2800.0,52.9,B
2021-07-01T09:37:31,9000.0,52.8,S
2021-07-01T09:37:18,1000.0,52.8,S
2021-07-01T09:36:50,500.0,52.9,B
2021-07-01T09:36:18,200.0,52.9,B
2021-07-01T09:35:51,1000.0,52.9,B
2021-07-01T09:35:46,1000.0,52.9,B
2021-07-01T09:35:46,1000.0,52.9,B
2021-07-01T09:35:23,2000.0,52.8,S
2021-07-01T09:35:17,500.0,52.8,S
2021-07-01T09:35:10,300.0,52.8,S
2021-07-01T09:35:01,4000.0,52.8,S
2021-07-01T09:34:59,1000.0,52.8,S
2021-07-01T09:34:39,500.0,52.8,S
2021-07-01T09:34:11,7000.0,52.8,S
2021-07-01T09:33:54,400.0,52.9,S
2021-07-01T09:33:12,300.0,52.9,S
2021-07-01T09:33:03,100.0,53.0,B
2021-07-01T09:32:55,500.0,53.0,B
2021-07-01T09:32:51,1000.0,52.9,S
2021-07-01T09:32:37,100.0,53.0,B
2021-07-01T09:31:54,800.0,53.0,B
2021-07-01T09:31:51,100.0,53.0,B
2021-07-01T09:31:44,200.0,52.9,S
2021-07-01T09:31:37,700.0,53.0,B
2021-07-01T09:30:03,400.0,53.0,S
2021-07-01T09:29:58,7700.0,52.9,S
2021-07-01T09:29:48,200.0,53.0,S
2021-07-01T09:29:34,9100.0,53.0,S
2021-07-01T09:29:32,200.0,53.0,S
2021-07-01T09:29:19,500.0,53.0,S
2021-07-01T09:28:58,300.0,53.0,S
2021-07-01T09:28:49,500.0,53.1,B
2021-07-01T09:28:04,1000.0,53.1,S
2021-07-01T09:27:50,3000.0,53.1,S
2021-07-01T09:27:40,3000.0,53.1,S
2021-07-01T09:27:37,1000.0,53.1,S
2021-07-01T09:27:36,1000.0,53.2,B
2021-07-01T09:27:32,500.0,53.2,B
2021-07-01T09:27:17,5000.0,53.1,S
2021-07-01T09:27:03,100.0,53.2,S
2021-07-01T09:27:03,100.0,53.2,S
2021-07-01T09:27:02,500.0,53.2,S
2021-07-01T09:27:01,200.0,53.2,S
2021-07-01T09:26:37,5000.0,53.2,S
2021-07-01T09:26:34,200.0,53.3,S
2021-07-01T09:26:25,200.0,53.3,S
2021-07-01T09:26:23,1900.0,53.2,S
2021-07-01T09:26:14,1000.0,53.2,S
2021-07-01T09:26:06,1100.0,53.2,S
2021-07-01T09:25:53,900.0,53.3,S
2021-07-01T09:25:41,200.0,53.2,S
2021-07-01T09:25:23,1000.0,53.3,B
2021-07-01T09:25:19,400.0,53.3,B
2021-07-01T09:25:13,900.0,53.3,B
2021-07-01T09:25:07,1000.0,53.3,B
2021-07-01T09:24:58,1000.0,53.3,S
2021-07-01T09:24:43,300.0,53.4,S
2021-07-01T09:24:31,300.0,53.4,S
2021-07-01T09:24:24,300.0,53.4,S
2021-07-01T09:24:22,100.0,53.4,S
2021-07-01T09:24:19,100.0,53.4,S
2021-07-01T09:24:17,900.0,53.5,B
2021-07-01T09:24:17,2000.0,53.5,B
2021-07-01T09:24:17,1000.0,53.3,S
2021-07-01T09:24:17,100.0,53.3,S
2021-07-01T09:24:00,1000.0,53.3,S
2021-07-01T09:23:55,2600.0,53.3,S
2021-07-01T09:23:48,100.0,53.4,B
2021-07-01T09:23:32,1000.0,53.3,B
2021-07-01T09:23:19,1100.0,53.4,B
2021-07-01T09:23:18,200.0,53.3,B
2021-07-01T09:23:12,2100.0,53.3,B
2021-07-01T09:22:57,3100.0,53.3,B
2021-07-01T09:22:56,100.0,53.2,B
2021-07-01T09:22:37,2000.0,53.3,B
2021-07-01T09:22:32,500.0,53.2,B
2021-07-01T09:22:09,1000.0,53.2,B
2021-07-01T09:22:03,100.0,53.0,S
2021-07-01T09:22:01,1000.0,53.0,S
2021-07-01T09:21:43,900.0,53.0,S
2021-07-01T09:21:43,100.0,53.1,S
2021-07-01T09:21:32,100.0,53.0,S
2021-07-01T09:21:19,1000.0,53.2,B
2021-07-01T09:21:16,5000.0,53.0,S
2021-07-01T09:20:55,200.0,53.0,S
2021-07-01T09:20:40,5000.0,53.2,B
2021-07-01T09:20:11,1000.0,53.0,B
2021-07-01T09:20:11,2200.0,53.0,B
2021-07-01T09:20:11,8200.0,53.0,B
2021-07-01T09:20:07,3000.0,52.9,B
2021-07-01T09:20:07,1000.0,52.9,B
2021-07-01T09:20:07,5300.0,52.9,B
2021-07-01T09:19:39,700.0,52.9,B
2021-07-01T09:19:36,4200.0,52.8,B
2021-07-01T09:19:29,400.0,52.8,B
2021-07-01T09:19:15,500.0,52.8,B
2021-07-01T09:19:07,3000.0,52.8,B
2021-07-01T09:19:05,100.0,52.8,B
2021-07-01T09:18:58,5000.0,52.8,B
2021-07-01T09:18:54,1000.0,52.7,S
2021-07-01T09:18:34,5000.0,52.7,B
2021-07-01T09:18:30,900.0,52.7,B
2021-07-01T09:18:18,500.0,52.7,B
2021-07-01T09:18:16,2600.0,52.7,B
2021-07-01T09:18:16,2400.0,52.7,B
2021-07-01T09:17:59,1000.0,52.7,S
2021-07-01T09:17:38,1000.0,52.5,S
2021-07-01T09:17:36,1000.0,52.7,S
2021-07-01T09:17:29,600.0,52.7,S
2021-07-01T09:17:22,100.0,52.8,B
2021-07-01T09:17:07,900.0,52.7,S
2021-07-01T09:17:03,100.0,52.7,S
2021-07-01T09:16:56,5000.0,52.7,B
2021-07-01T09:16:53,500.0,52.7,B
2021-07-01T09:16:45,2500.0,52.7,B
2021-07-01T09:16:44,500.0,52.7,B
2021-07-01T09:16:44,5000.0,52.6,S
2021-07-01T09:16:36,1000.0,52.6,S
2021-07-01T09:16:34,500.0,52.7,B
2021-07-01T09:16:34,2500.0,52.7,B
2021-07-01T09:16:30,200.0,52.6,S
2021-07-01T09:16:22,100.0,52.6,S
2021-07-01T09:16:01,1000.0,52.6,S
2021-07-01T09:15:58,500.0,52.7,B
2021-07-01T09:15:47,6000.0,52.6,S
2021-07-01T09:15:30,1000.0,52.6,S
