tradingTime,volume,price,side
2021-07-01T14:30:06,400.0,43.6,B
2021-07-01T14:28:56,23000.0,43.6,B
2021-07-01T14:28:35,4200.0,43.5,S
2021-07-01T14:27:42,100.0,43.5,S
2021-07-01T14:27:27,100.0,43.5,S
2021-07-01T14:27:25,25000.0,43.45,S
2021-07-01T14:27:22,500.0,43.5,S
2021-07-01T14:27:15,100.0,43.5,S
2021-07-01T14:26:45,8400.0,43.5,B
2021-07-01T14:26:20,2000.0,43.45,S
2021-07-01T14:25:57,5000.0,43.5,B
2021-07-01T14:25:41,500.0,43.5,B
2021-07-01T14:24:04,100.0,43.5,B
2021-07-01T14:24:03,200.0,43.5,B
2021-07-01T14:23:55,100.0,43.5,B
2021-07-01T14:23:27,1000.0,43.5,S
2021-07-01T14:23:27,100.0,43.5,S
2021-07-01T14:23:27,1500.0,43.5,S
2021-07-01T14:23:27,1200.0,43.5,S
2021-07-01T14:23:27,5900.0,43.5,S
2021-07-01T14:23:19,2700.0,43.55,B
2021-07-01T14:23:19,100.0,43.55,B
2021-07-01T14:23:19,2400.0,43.55,B
2021-07-01T14:22:25,100.0,43.55,B
2021-07-01T14:21:42,500.0,43.5,S
2021-07-01T14:18:47,100.0,43.5,S
2021-07-01T14:18:27,100.0,43.5,S
2021-07-01T14:17:24,300.0,43.55,B
2021-07-01T14:16:58,100.0,43.55,B
2021-07-01T14:16:39,1000.0,43.55,B
2021-07-01T14:15:32,100.0,43.55,B
2021-07-01T14:14:51,100.0,43.5,S
2021-07-01T14:14:51,200.0,43.5,S
2021-07-01T14:14:50,14700.0,43.5,S
2021-07-01T14:13:09,2400.0,43.55,B
2021-07-01T14:12:20,600.0,43.55,S
2021-07-01T14:10:31,5000.0,43.5,S
2021-07-01T14:10:22,1500.0,43.6,B
2021-07-01T14:09:58,600.0,43.5,S
2021-07-01T14:09:58,300.0,43.5,S
2021-07-01T14:09:58,100.0,43.5,S
2021-07-01T14:09:57,7000.0,43.5,S
2021-07-01T14:09:11,500.0,43.6,B
2021-07-01T14:08:27,4000.0,43.6,B
2021-07-01T14:07:57,300.0,43.6,B
2021-07-01T14:06:32,100.0,43.6,B
2021-07-01T14:06:14,900.0,43.6,S
2021-07-01T14:06:07,1100.0,43.6,B
2021-07-01T14:05:28,100.0,43.6,B
2021-07-01T14:05:14,1000.0,43.6,B
2021-07-01T14:05:12,100.0,43.6,B
2021-07-01T14:04:43,700.0,43.6,S
2021-07-01T14:03:58,1000.0,43.6,S
2021-07-01T14:03:50,500.0,43.6,B
2021-07-01T14:03:49,100.0,43.6,B
2021-07-01T14:03:49,1700.0,43.6,B
2021-07-01T14:03:22,300.0,43.5,S
2021-07-01T14:02:57,2000.0,43.5,S
2021-07-01T14:02:04,100.0,43.5,S
2021-07-01T14:01:11,100.0,43.6,B
2021-07-01T13:59:41,3000.0,43.5,S
2021-07-01T13:59:29,3000.0,43.6,B
2021-07-01T13:59:17,1900.0,43.5,B
2021-07-01T13:59:14,1000.0,43.5,B
2021-07-01T13:59:13,300.0,43.5,B
2021-07-01T13:59:10,600.0,43.5,B
2021-07-01T13:58:49,300.0,43.5,B
2021-07-01T13:58:17,2000.0,43.5,B
2021-07-01T13:57:36,300.0,43.5,B
2021-07-01T13:57:13,1000.0,43.5,B
2021-07-01T13:56:52,200.0,43.5,B
2021-07-01T13:56:35,500.0,43.5,B
2021-07-01T13:56:19,100.0,43.5,B
2021-07-01T13:55:41,1000.0,43.45,S
2021-07-01T13:55:23,1000.0,43.45,S
2021-07-01T13:55:13,100.0,43.5,B
2021-07-01T13:55:08,1500.0,43.45,S
2021-07-01T13:54:50,1400.0,43.5,S
2021-07-01T13:54:50,2800.0,43.5,S
2021-07-01T13:54:21,200.0,43.5,S
2021-07-01T13:54:21,800.0,43.5,S
2021-07-01T13:53:15,400.0,43.5,S
2021-07-01T13:53:15,3000.0,43.5,S
2021-07-01T13:53:15,1600.0,43.5,S
2021-07-01T13:53:03,200.0,43.55,S
2021-07-01T13:52:58,1700.0,43.6,S
2021-07-01T13:52:53,1000.0,43.6,S
2021-07-01T13:52:53,200.0,43.55,S
2021-07-01T13:52:50,300.0,43.6,S
2021-07-01T13:52:33,10000.0,43.6,S
2021-07-01T13:52:13,200.0,43.6,S
2021-07-01T13:52:05,900.0,43.6,S
2021-07-01T13:52:05,1500.0,43.6,S
2021-07-01T13:52:03,700.0,43.6,S
2021-07-01T13:52:03,1500.0,43.6,S
2021-07-01T13:51:52,10000.0,43.6,S
2021-07-01T13:51:26,2000.0,43.6,S
2021-07-01T13:51:26,100.0,43.6,S
2021-07-01T13:51:26,1100.0,43.6,S
2021-07-01T13:51:26,300.0,43.6,S
2021-07-01T13:51:26,1100.0,43.6,S
2021-07-01T13:51:26,4500.0,43.6,S
2021-07-01T13:51:26,2400.0,43.65,S
2021-07-01T13:51:11,1000.0,43.65,S
2021-07-01T13:50:16,1000.0,43.65,S
2021-07-01T13:49:24,1000.0,43.7,B
2021-07-01T13:48:06,2200.0,43.7,S
2021-07-01T13:48:06,1700.0,43.7,S
2021-07-01T13:47:55,4900.0,43.7,S
2021-07-01T13:47:01,900.0,43.75,B
2021-07-01T13:46:05,100.0,43.75,B
2021-07-01T13:46:01,1000.0,43.7,S
2021-07-01T13:45:41,500.0,43.7,S
2021-07-01T13:44:10,2000.0,43.75,B
2021-07-01T13:44:06,400.0,43.75,B
2021-07-01T13:43:31,2000.0,43.75,S
2021-07-01T13:42:53,100.0,43.8,B
2021-07-01T13:42:40,1000.0,43.8,B
2021-07-01T13:42:06,5000.0,43.8,B
2021-07-01T13:42:03,1000.0,43.8,B
2021-07-01T13:41:55,900.0,43.8,B
2021-07-01T13:41:53,2200.0,43.8,S
2021-07-01T13:41:50,3000.0,43.8,S
2021-07-01T13:41:31,2000.0,43.8,S
2021-07-01T13:40:54,200.0,43.8,B
2021-07-01T13:40:54,5000.0,43.8,B
2021-07-01T13:39:51,100.0,43.8,B
2021-07-01T13:39:33,800.0,43.8,B
2021-07-01T13:39:26,100.0,43.8,B
2021-07-01T13:39:25,500.0,43.8,B
2021-07-01T13:38:49,800.0,43.8,B
2021-07-01T13:38:48,100.0,43.8,B
2021-07-01T13:37:41,100.0,43.8,B
2021-07-01T13:37:11,300.0,43.8,B
2021-07-01T13:36:43,2000.0,43.8,B
2021-07-01T13:36:41,200.0,43.8,B
2021-07-01T13:36:38,1000.0,43.8,B
2021-07-01T13:36:28,200.0,43.8,B
2021-07-01T13:35:50,500.0,43.8,B
2021-07-01T13:34:48,500.0,43.8,B
2021-07-01T13:34:47,1000.0,43.8,B
2021-07-01T13:34:09,10000.0,43.8,B
2021-07-01T13:34:07,300.0,43.8,B
2021-07-01T13:33:26,2000.0,43.8,B
2021-07-01T13:33:25,300.0,43.8,B
2021-07-01T13:32:53,1100.0,43.8,B
2021-07-01T13:32:29,200.0,43.8,B
2021-07-01T13:32:07,1900.0,43.8,B
2021-07-01T13:31:24,100.0,43.8,B
2021-07-01T13:31:13,700.0,43.8,B
2021-07-01T13:30:46,1900.0,43.8,B
2021-07-01T13:30:46,400.0,43.8,B
2021-07-01T13:30:46,2700.0,43.8,B
2021-07-01T13:30:24,100.0,43.7,S
2021-07-01T13:30:24,500.0,43.7,S
2021-07-01T13:28:43,4000.0,43.7,S
2021-07-01T13:28:38,100.0,43.7,S
2021-07-01T13:27:54,100.0,43.7,S
2021-07-01T13:27:33,900.0,43.8,B
2021-07-01T13:25:13,3000.0,43.8,B
2021-07-01T13:23:50,200.0,43.8,B
2021-07-01T13:23:27,1000.0,43.8,B
2021-07-01T13:23:03,400.0,43.8,B
2021-07-01T13:21:02,1000.0,43.8,S
2021-07-01T13:21:02,200.0,43.8,S
2021-07-01T13:21:00,2000.0,43.8,S
2021-07-01T13:20:29,200.0,43.9,B
2021-07-01T13:20:12,400.0,43.9,B
2021-07-01T13:20:04,1000.0,43.9,B
2021-07-01T13:19:26,100.0,43.9,B
2021-07-01T13:18:53,500.0,43.9,B
2021-07-01T13:18:02,100.0,43.8,S
2021-07-01T13:17:09,6600.0,43.6,S
2021-07-01T13:17:09,3200.0,43.65,S
2021-07-01T13:17:09,300.0,43.7,S
2021-07-01T13:17:09,1100.0,43.7,S
2021-07-01T13:17:09,100.0,43.7,S
2021-07-01T13:17:09,8700.0,43.8,S
2021-07-01T13:16:36,100.0,43.9,B
2021-07-01T13:16:19,1000.0,43.9,B
2021-07-01T13:16:00,200.0,43.9,B
2021-07-01T13:15:51,400.0,43.9,B
2021-07-01T13:15:17,200.0,43.9,B
2021-07-01T13:14:49,200.0,43.9,B
2021-07-01T13:13:42,5000.0,44.0,B
2021-07-01T13:13:34,1000.0,43.8,S
2021-07-01T13:12:39,2500.0,44.0,B
2021-07-01T13:12:19,800.0,43.8,S
2021-07-01T13:12:16,1000.0,44.0,B
2021-07-01T13:12:16,200.0,44.0,B
2021-07-01T13:12:16,600.0,44.0,B
2021-07-01T13:12:16,12000.0,43.95,B
2021-07-01T13:12:16,200.0,43.9,B
2021-07-01T13:11:29,2300.0,43.9,B
2021-07-01T13:11:28,5000.0,43.9,B
2021-07-01T13:11:28,8700.0,43.9,B
2021-07-01T13:11:03,1000.0,43.85,B
2021-07-01T13:10:34,100.0,43.8,B
2021-07-01T13:10:19,1000.0,43.8,B
2021-07-01T13:09:56,5000.0,43.8,B
2021-07-01T13:09:56,2800.0,43.8,B
2021-07-01T13:09:21,500.0,43.8,B
2021-07-01T13:08:28,4400.0,43.7,B
2021-07-01T13:08:11,500.0,43.7,B
2021-07-01T13:07:46,2200.0,43.65,B
2021-07-01T13:07:45,500.0,43.65,B
2021-07-01T13:07:42,100.0,43.65,B
2021-07-01T13:07:02,500.0,43.65,B
2021-07-01T13:06:40,900.0,43.65,B
2021-07-01T13:06:34,1000.0,43.65,B
2021-07-01T13:06:07,300.0,43.65,B
2021-07-01T13:06:06,500.0,43.65,B
2021-07-01T13:05:55,400.0,43.6,S
2021-07-01T13:05:53,1000.0,43.65,B
2021-07-01T13:05:44,3500.0,43.65,B
2021-07-01T13:04:36,500.0,43.65,B
2021-07-01T13:03:03,300.0,43.6,S
2021-07-01T13:02:05,100.0,43.6,S
2021-07-01T13:01:23,1000.0,43.6,S
2021-07-01T13:01:06,400.0,43.6,S
2021-07-01T13:00:24,200.0,43.6,S
2021-07-01T13:00:24,1000.0,43.6,S
2021-07-01T13:00:15,3500.0,43.5,S
2021-07-01T11:30:05,5000.0,43.6,S
2021-07-01T11:30:05,1500.0,43.6,S
2021-07-01T11:28:58,200.0,43.7,B
2021-07-01T11:28:29,500.0,43.7,B
2021-07-01T11:26:46,1100.0,43.7,S
2021-07-01T11:25:36,300.0,43.7,S
2021-07-01T11:24:38,3500.0,43.7,S
2021-07-01T11:23:07,400.0,43.7,B
2021-07-01T11:22:04,500.0,43.7,B
2021-07-01T11:20:35,200.0,43.7,S
2021-07-01T11:19:52,800.0,43.7,S
2021-07-01T11:19:50,4200.0,43.7,S
2021-07-01T11:19:13,2000.0,43.8,S
2021-07-01T11:17:14,400.0,43.7,S
2021-07-01T11:17:13,500.0,43.7,S
2021-07-01T11:16:58,3500.0,43.9,B
2021-07-01T11:16:53,8300.0,43.85,S
2021-07-01T11:16:42,5000.0,43.9,B
2021-07-01T11:16:15,500.0,43.85,S
2021-07-01T11:15:59,2000.0,43.9,B
2021-07-01T11:15:28,200.0,43.9,B
2021-07-01T11:15:03,500.0,43.9,B
2021-07-01T11:14:46,1000.0,43.85,S
2021-07-01T11:14:09,500.0,43.85,S
2021-07-01T11:13:38,1000.0,43.9,B
2021-07-01T11:13:31,300.0,43.9,B
2021-07-01T11:13:19,2500.0,43.9,S
2021-07-01T11:12:19,100.0,43.9,B
2021-07-01T11:12:18,1300.0,43.9,B
2021-07-01T11:11:59,200.0,43.9,B
2021-07-01T11:11:56,500.0,43.9,B
2021-07-01T11:11:20,1000.0,43.85,S
2021-07-01T11:10:36,200.0,43.85,B
2021-07-01T11:09:51,500.0,43.8,S
2021-07-01T11:08:21,200.0,43.8,S
2021-07-01T11:07:00,100.0,43.7,B
2021-07-01T11:06:32,400.0,43.7,B
2021-07-01T11:06:28,1500.0,43.7,B
2021-07-01T11:05:50,4500.0,43.7,B
2021-07-01T11:05:18,2900.0,43.7,B
2021-07-01T11:04:13,3800.0,43.7,S
2021-07-01T11:03:52,200.0,43.7,S
2021-07-01T10:59:58,100.0,43.55,B
2021-07-01T10:59:42,500.0,43.55,B
2021-07-01T10:59:27,200.0,43.55,B
2021-07-01T10:59:20,2900.0,43.5,B
2021-07-01T10:59:02,100.0,43.5,S
2021-07-01T10:58:53,2500.0,44.0,B
2021-07-01T10:58:53,5700.0,44.0,B
2021-07-01T10:58:53,5800.0,44.0,B
2021-07-01T10:58:53,1500.0,44.0,B
2021-07-01T10:58:53,5400.0,44.0,B
2021-07-01T10:58:53,9800.0,44.0,B
2021-07-01T10:58:53,4600.0,44.0,B
2021-07-01T10:58:53,1200.0,44.0,B
2021-07-01T10:58:53,4100.0,44.0,B
2021-07-01T10:58:53,4400.0,44.0,B
2021-07-01T10:58:53,200.0,44.0,B
2021-07-01T10:58:53,5500.0,44.0,B
2021-07-01T10:58:52,5400.0,44.0,B
2021-07-01T10:58:52,3200.0,43.95,B
2021-07-01T10:58:52,500.0,43.9,B
2021-07-01T10:58:52,2200.0,43.9,B
2021-07-01T10:58:52,500.0,43.9,B
2021-07-01T10:58:52,7700.0,43.9,B
2021-07-01T10:58:52,7100.0,43.85,B
2021-07-01T10:58:52,200.0,43.8,B
2021-07-01T10:58:50,2200.0,43.8,B
2021-07-01T10:58:50,5900.0,43.8,B
2021-07-01T10:58:50,2100.0,43.8,B
2021-07-01T10:58:50,200.0,43.8,B
2021-07-01T10:58:50,7100.0,43.8,B
2021-07-01T10:58:50,100.0,43.8,B
2021-07-01T10:58:50,600.0,43.75,B
2021-07-01T10:58:50,300.0,43.75,B
2021-07-01T10:58:50,7700.0,43.75,B
2021-07-01T10:58:50,1300.0,43.75,B
2021-07-01T10:58:50,3000.0,43.7,B
2021-07-01T10:58:50,5000.0,43.7,B
2021-07-01T10:58:50,900.0,43.7,B
2021-07-01T10:58:50,1800.0,43.6,B
2021-07-01T10:58:50,10200.0,43.6,B
2021-07-01T10:57:24,3000.0,43.55,B
2021-07-01T10:57:23,200.0,43.5,S
2021-07-01T10:56:34,600.0,43.5,S
2021-07-01T10:56:34,100.0,43.5,S
2021-07-01T10:56:34,300.0,43.5,S
2021-07-01T10:49:18,100.0,43.6,B
2021-07-01T10:49:01,200.0,43.4,S
2021-07-01T10:44:31,100.0,43.6,B
2021-07-01T10:44:15,30000.0,43.35,S
2021-07-01T10:42:37,12900.0,43.6,B
2021-07-01T10:42:37,2300.0,43.6,B
2021-07-01T10:42:37,3100.0,43.45,B
2021-07-01T10:42:00,100.0,43.45,S
2021-07-01T10:41:41,100.0,43.45,B
2021-07-01T10:40:51,100.0,43.45,S
2021-07-01T10:39:15,100.0,43.5,B
2021-07-01T10:38:51,100.0,43.5,B
2021-07-01T10:38:48,400.0,43.5,B
2021-07-01T10:38:28,100.0,43.5,B
2021-07-01T10:37:21,400.0,43.5,S
2021-07-01T10:35:36,7700.0,43.5,S
2021-07-01T10:32:40,100.0,43.7,B
2021-07-01T10:32:21,200.0,43.65,S
2021-07-01T10:31:45,100.0,43.7,S
2021-07-01T10:31:19,1200.0,43.5,S
2021-07-01T10:31:19,3300.0,43.5,S
2021-07-01T10:31:01,1000.0,43.7,B
2021-07-01T10:31:00,2700.0,43.7,B
2021-07-01T10:30:33,2500.0,43.7,B
2021-07-01T10:30:33,600.0,43.7,B
2021-07-01T10:30:33,3900.0,43.7,B
2021-07-01T10:30:29,1500.0,43.6,S
2021-07-01T10:29:22,1900.0,43.7,B
2021-07-01T10:28:55,700.0,43.65,S
2021-07-01T10:28:50,2000.0,43.65,S
2021-07-01T10:28:50,1500.0,43.7,B
2021-07-01T10:27:46,1800.0,43.65,B
2021-07-01T10:27:36,200.0,43.6,B
2021-07-01T10:27:08,500.0,43.6,B
2021-07-01T10:26:51,800.0,43.5,S
2021-07-01T10:26:08,200.0,43.5,B
2021-07-01T10:26:04,1300.0,43.5,B
2021-07-01T10:26:03,100.0,43.4,B
2021-07-01T10:25:55,1100.0,43.4,B
2021-07-01T10:25:18,3300.0,43.35,B
2021-07-01T10:25:01,500.0,43.35,B
2021-07-01T10:24:48,2000.0,43.35,B
2021-07-01T10:24:38,1000.0,43.35,B
2021-07-01T10:24:08,1500.0,43.35,B
2021-07-01T10:23:44,2800.0,43.35,B
2021-07-01T10:23:36,700.0,43.3,B
2021-07-01T10:23:20,200.0,43.25,S
2021-07-01T10:23:19,1000.0,43.3,B
2021-07-01T10:22:51,500.0,43.25,S
2021-07-01T10:22:29,500.0,43.3,S
2021-07-01T10:22:13,700.0,43.3,S
2021-07-01T10:21:53,1600.0,43.3,B
2021-07-01T10:21:53,2700.0,43.3,B
2021-07-01T10:21:47,2200.0,43.3,B
2021-07-01T10:21:25,500.0,43.25,B
2021-07-01T10:21:22,400.0,43.3,B
2021-07-01T10:21:04,6300.0,43.25,B
2021-07-01T10:20:48,2100.0,43.2,S
2021-07-01T10:20:48,10000.0,43.25,B
2021-07-01T10:20:11,1700.0,43.2,S
2021-07-01T10:19:41,1600.0,43.2,S
2021-07-01T10:19:07,300.0,43.25,B
2021-07-01T10:18:56,2900.0,43.2,S
2021-07-01T10:18:45,200.0,43.25,B
2021-07-01T10:18:28,400.0,43.25,B
2021-07-01T10:18:18,10000.0,43.1,S
2021-07-01T10:18:12,100.0,43.25,B
2021-07-01T10:18:07,300.0,43.25,B
2021-07-01T10:12:37,100.0,43.3,B
2021-07-01T10:11:49,5000.0,43.25,S
2021-07-01T10:11:29,100.0,43.3,S
2021-07-01T10:11:14,1200.0,43.3,S
2021-07-01T10:10:43,5000.0,43.3,S
2021-07-01T10:07:16,500.0,43.4,B
2021-07-01T10:07:09,1800.0,43.4,B
2021-07-01T10:07:08,1100.0,43.4,B
2021-07-01T10:07:08,100.0,43.4,B
2021-07-01T10:06:28,500.0,43.4,B
2021-07-01T10:06:17,100.0,43.4,B
2021-07-01T10:04:23,100.0,43.4,S
2021-07-01T10:04:18,100.0,43.4,S
2021-07-01T10:04:02,600.0,43.25,S
2021-07-01T10:03:22,100.0,43.4,S
2021-07-01T10:02:59,100.0,43.3,S
2021-07-01T10:02:59,400.0,43.4,S
2021-07-01T10:02:59,600.0,43.4,S
2021-07-01T10:01:22,1000.0,43.5,S
2021-07-01T10:01:22,5200.0,43.5,S
2021-07-01T10:01:22,3300.0,43.5,S
2021-07-01T10:01:22,700.0,43.5,S
2021-07-01T10:01:21,6600.0,43.5,S
2021-07-01T10:00:52,7700.0,43.55,S
2021-07-01T10:00:20,20000.0,43.6,S
2021-07-01T09:59:48,1000.0,43.6,S
2021-07-01T09:59:22,500.0,43.65,B
2021-07-01T09:58:39,200.0,43.65,S
2021-07-01T09:58:27,100.0,43.65,S
2021-07-01T09:58:12,400.0,43.65,S
2021-07-01T09:58:03,5000.0,43.7,B
2021-07-01T09:57:55,5000.0,43.65,S
2021-07-01T09:57:55,200.0,43.65,S
2021-07-01T09:57:38,400.0,43.65,S
2021-07-01T09:57:26,100.0,43.65,S
2021-07-01T09:56:36,4100.0,43.65,S
2021-07-01T09:56:04,3000.0,43.65,S
2021-07-01T09:55:53,5900.0,43.65,S
2021-07-01T09:55:06,800.0,43.7,B
2021-07-01T09:53:20,100.0,43.7,B
2021-07-01T09:52:49,1900.0,43.7,S
2021-07-01T09:52:16,400.0,43.75,B
2021-07-01T09:52:02,1000.0,43.7,S
2021-07-01T09:52:02,1000.0,43.7,S
2021-07-01T09:52:01,15100.0,43.7,S
2021-07-01T09:50:56,100.0,43.75,B
2021-07-01T09:50:55,700.0,43.75,B
2021-07-01T09:50:16,1000.0,43.75,B
2021-07-01T09:46:32,600.0,43.75,S
2021-07-01T09:43:38,200.0,43.8,B
2021-07-01T09:42:39,500.0,43.8,B
2021-07-01T09:42:18,1000.0,43.8,B
2021-07-01T09:41:38,100.0,43.8,B
2021-07-01T09:41:28,2700.0,43.8,B
2021-07-01T09:41:28,5600.0,43.8,B
2021-07-01T09:41:28,100.0,43.8,B
2021-07-01T09:41:14,500.0,43.7,S
2021-07-01T09:40:51,500.0,43.7,S
2021-07-01T09:40:19,200.0,43.7,S
2021-07-01T09:40:11,100.0,43.7,S
2021-07-01T09:39:35,5000.0,43.7,S
2021-07-01T09:38:44,100.0,43.7,B
2021-07-01T09:38:44,1500.0,43.7,B
2021-07-01T09:38:10,200.0,43.7,B
2021-07-01T09:37:54,200.0,43.7,B
2021-07-01T09:36:20,1000.0,43.7,S
2021-07-01T09:36:10,500.0,43.7,S
2021-07-01T09:35:31,4500.0,43.7,S
2021-07-01T09:35:31,500.0,43.7,S
2021-07-01T09:33:47,500.0,43.7,B
2021-07-01T09:33:32,500.0,43.7,B
2021-07-01T09:33:20,500.0,43.7,B
2021-07-01T09:33:03,1000.0,43.7,S
2021-07-01T09:31:31,9000.0,43.8,B
2021-07-01T09:31:22,500.0,43.7,S
2021-07-01T09:31:21,100.0,43.7,S
2021-07-01T09:31:08,14500.0,43.7,S
2021-07-01T09:30:32,10700.0,43.7,S
2021-07-01T09:30:23,4800.0,43.7,S
2021-07-01T09:30:13,3000.0,43.7,S
2021-07-01T09:30:05,10600.0,43.7,S
2021-07-01T09:29:25,500.0,43.8,B
2021-07-01T09:29:06,5000.0,43.7,S
2021-07-01T09:28:51,5000.0,43.7,S
2021-07-01T09:28:17,5000.0,43.7,S
2021-07-01T09:28:17,600.0,43.75,B
2021-07-01T09:28:03,5000.0,43.7,S
2021-07-01T09:26:55,200.0,43.75,B
2021-07-01T09:26:10,100.0,43.75,S
2021-07-01T09:26:09,100.0,43.75,S
2021-07-01T09:25:43,300.0,43.75,S
2021-07-01T09:25:24,4700.0,43.75,S
2021-07-01T09:25:04,300.0,43.75,S
2021-07-01T09:24:46,800.0,43.8,B
2021-07-01T09:24:28,300.0,43.7,S
2021-07-01T09:24:22,200.0,43.8,B
2021-07-01T09:24:07,2100.0,43.7,S
2021-07-01T09:24:07,50400.0,43.7,S
2021-07-01T09:24:07,100.0,43.75,S
2021-07-01T09:23:29,200.0,43.8,S
2021-07-01T09:23:27,7900.0,43.8,S
2021-07-01T09:23:12,1000.0,43.8,S
2021-07-01T09:23:01,30000.0,43.8,S
2021-07-01T09:22:19,20000.0,43.8,S
2021-07-01T09:22:04,1100.0,43.85,B
2021-07-01T09:21:04,100.0,43.85,S
2021-07-01T09:20:56,1000.0,43.85,S
2021-07-01T09:20:36,400.0,43.85,S
2021-07-01T09:19:48,100.0,43.9,B
2021-07-01T09:19:43,5000.0,43.9,B
2021-07-01T09:19:16,1000.0,43.9,B
2021-07-01T09:19:13,1000.0,43.9,B
2021-07-01T09:18:53,400.0,43.9,S
2021-07-01T09:18:38,10000.0,43.9,S
2021-07-01T09:18:11,3000.0,44.0,B
2021-07-01T09:18:10,2400.0,44.0,B
2021-07-01T09:18:02,20000.0,44.0,B
2021-07-01T09:17:17,400.0,44.0,B
2021-07-01T09:16:53,4000.0,44.0,B
2021-07-01T09:16:49,2000.0,43.8,S
2021-07-01T09:16:38,600.0,43.9,B
2021-07-01T09:16:01,400.0,43.9,B
2021-07-01T09:16:00,100.0,43.9,B
