tradingTime,volume,price,side
2021-07-01T14:29:33,100.0,36.3,B
2021-07-01T14:29:22,1000.0,36.3,B
2021-07-01T14:29:21,1000.0,36.3,B
2021-07-01T14:28:59,100.0,36.3,B
2021-07-01T14:28:45,3000.0,36.3,B
2021-07-01T14:27:25,100.0,36.2,S
2021-07-01T14:27:01,1000.0,36.2,S
2021-07-01T14:26:46,2000.0,36.3,B
2021-07-01T14:25:42,1000.0,36.3,B
2021-07-01T14:25:31,1200.0,36.3,B
2021-07-01T14:24:25,300.0,36.3,B
2021-07-01T14:23:10,100.0,36.2,S
2021-07-01T14:21:11,200.0,36.2,S
2021-07-01T14:21:09,100.0,36.3,B
2021-07-01T14:20:56,30200.0,36.2,S
2021-07-01T14:20:07,2000.0,36.2,S
2021-07-01T14:20:00,900.0,36.3,B
2021-07-01T14:19:40,500.0,36.2,S
2021-07-01T14:19:21,1700.0,36.2,S
2021-07-01T14:19:18,5000.0,36.2,S
2021-07-01T14:19:11,2500.0,36.3,B
2021-07-01T14:17:36,1100.0,36.2,S
2021-07-01T14:16:13,14400.0,36.2,S
2021-07-01T14:15:57,2000.0,36.3,B
2021-07-01T14:15:44,300.0,36.3,B
2021-07-01T14:15:18,900.0,36.3,B
2021-07-01T14:14:35,800.0,36.2,S
2021-07-01T14:14:20,100.0,36.3,B
2021-07-01T14:13:26,200.0,36.3,B
2021-07-01T14:12:50,500.0,36.3,B
2021-07-01T14:12:31,200.0,36.3,B
2021-07-01T14:12:12,100.0,36.3,B
2021-07-01T14:12:00,500.0,36.3,B
2021-07-01T14:11:39,400.0,36.3,B
2021-07-01T14:11:34,2000.0,36.3,B
2021-07-01T14:11:27,300.0,36.3,B
2021-07-01T14:11:14,1000.0,36.3,B
2021-07-01T14:10:56,600.0,36.3,B
2021-07-01T14:10:50,100.0,36.3,B
2021-07-01T14:10:29,200.0,36.3,B
2021-07-01T14:10:26,100.0,36.3,B
2021-07-01T14:10:05,1000.0,36.3,B
2021-07-01T14:09:51,1000.0,36.3,B
2021-07-01T14:09:33,300.0,36.3,B
2021-07-01T14:08:48,100.0,36.3,B
2021-07-01T14:06:21,500.0,36.2,S
2021-07-01T14:06:20,3000.0,36.2,S
2021-07-01T14:04:56,1300.0,36.2,S
2021-07-01T14:03:43,100.0,36.3,B
2021-07-01T14:02:36,2000.0,36.3,B
2021-07-01T14:02:17,600.0,36.3,B
2021-07-01T14:01:09,300.0,36.2,S
2021-07-01T14:01:07,200.0,36.3,B
2021-07-01T14:00:49,500.0,36.2,S
2021-07-01T14:00:38,100.0,36.3,B
2021-07-01T14:00:32,5000.0,36.3,B
2021-07-01T14:00:11,1000.0,36.3,B
2021-07-01T13:59:52,2500.0,36.2,S
2021-07-01T13:59:11,100.0,36.3,B
2021-07-01T13:58:03,5000.0,36.3,B
2021-07-01T13:56:55,3500.0,36.3,B
2021-07-01T13:56:44,2000.0,36.3,B
2021-07-01T13:56:40,3000.0,36.3,B
2021-07-01T13:56:36,5600.0,36.3,S
2021-07-01T13:56:14,15000.0,36.3,S
2021-07-01T13:55:40,500.0,36.4,B
2021-07-01T13:55:31,15000.0,36.3,S
2021-07-01T13:55:11,400.0,36.4,B
2021-07-01T13:55:10,400.0,36.4,B
2021-07-01T13:54:42,500.0,36.4,B
2021-07-01T13:52:13,200.0,36.4,B
2021-07-01T13:51:10,1000.0,36.4,B
2021-07-01T13:51:03,100.0,36.4,B
2021-07-01T13:50:17,400.0,36.4,B
2021-07-01T13:50:14,2000.0,36.4,B
2021-07-01T13:49:01,300.0,36.4,B
2021-07-01T13:47:45,6000.0,36.4,B
2021-07-01T13:46:37,200.0,36.3,S
2021-07-01T13:46:23,5000.0,36.3,S
2021-07-01T13:45:46,1500.0,36.3,S
2021-07-01T13:44:12,100.0,36.3,S
2021-07-01T13:43:59,200.0,36.4,B
2021-07-01T13:43:33,5300.0,36.4,B
2021-07-01T13:42:54,100.0,36.3,S
2021-07-01T13:42:25,200.0,36.4,B
2021-07-01T13:42:04,1400.0,36.3,S
2021-07-01T13:41:57,100.0,36.4,B
2021-07-01T13:41:34,5000.0,36.4,S
2021-07-01T13:40:54,900.0,36.4,S
2021-07-01T13:40:34,10000.0,36.4,B
2021-07-01T13:40:09,5000.0,36.4,B
2021-07-01T13:39:36,1700.0,36.4,B
2021-07-01T13:38:55,500.0,36.3,S
2021-07-01T13:38:22,300.0,36.3,S
2021-07-01T13:37:26,800.0,36.3,S
2021-07-01T13:37:12,100.0,36.4,B
2021-07-01T13:35:37,500.0,36.4,B
2021-07-01T13:35:28,900.0,36.4,B
2021-07-01T13:33:11,100.0,36.4,B
2021-07-01T13:30:29,3000.0,36.4,B
2021-07-01T13:28:53,100.0,36.4,B
2021-07-01T13:28:51,500.0,36.4,B
2021-07-01T13:28:28,100.0,36.4,B
2021-07-01T13:28:18,1000.0,36.4,S
2021-07-01T13:28:06,30000.0,36.4,S
2021-07-01T13:28:01,2800.0,36.5,B
2021-07-01T13:25:48,2000.0,36.4,S
2021-07-01T13:25:41,1000.0,36.4,S
2021-07-01T13:25:09,200.0,36.4,S
2021-07-01T13:24:36,1500.0,36.5,S
2021-07-01T13:24:32,200.0,36.5,S
2021-07-01T13:24:11,5000.0,36.5,S
2021-07-01T13:24:01,2000.0,36.5,S
2021-07-01T13:21:21,500.0,36.5,S
2021-07-01T13:21:06,3300.0,36.5,B
2021-07-01T13:20:30,700.0,36.5,S
2021-07-01T13:20:24,200.0,36.5,S
2021-07-01T13:20:16,300.0,36.5,S
2021-07-01T13:20:10,100.0,36.5,S
2021-07-01T13:19:55,2000.0,36.5,S
2021-07-01T13:19:47,1000.0,36.5,S
2021-07-01T13:19:40,100.0,36.5,S
2021-07-01T13:19:21,200.0,36.5,S
2021-07-01T13:18:45,500.0,36.5,B
2021-07-01T13:17:39,34000.0,36.5,B
2021-07-01T13:17:35,2000.0,36.5,B
2021-07-01T13:17:23,100.0,36.4,S
2021-07-01T13:17:06,200.0,36.4,S
2021-07-01T13:17:03,1500.0,36.4,S
2021-07-01T13:16:25,200.0,36.4,S
2021-07-01T13:16:16,1000.0,36.4,S
2021-07-01T13:15:15,4400.0,36.5,B
2021-07-01T13:15:04,600.0,36.4,S
2021-07-01T13:14:17,500.0,36.5,B
2021-07-01T13:12:58,200.0,36.4,S
2021-07-01T13:12:35,7700.0,36.4,S
2021-07-01T13:12:33,5000.0,36.4,B
2021-07-01T13:12:19,100.0,36.4,B
2021-07-01T13:10:31,100.0,36.4,B
2021-07-01T13:10:17,400.0,36.3,B
2021-07-01T13:10:16,100.0,36.3,B
2021-07-01T13:09:44,100.0,36.3,B
2021-07-01T13:09:41,300.0,36.3,B
2021-07-01T13:09:19,800.0,36.3,B
2021-07-01T13:08:53,1000.0,36.3,B
2021-07-01T13:08:32,1000.0,36.3,B
2021-07-01T13:08:21,100.0,36.3,B
2021-07-01T13:07:49,200.0,36.3,B
2021-07-01T13:07:42,1000.0,36.3,B
2021-07-01T13:07:27,1000.0,36.2,S
2021-07-01T13:07:12,100.0,36.2,S
2021-07-01T13:05:13,1000.0,36.2,S
2021-07-01T13:05:03,100.0,36.2,S
2021-07-01T13:04:59,500.0,36.3,B
2021-07-01T13:04:54,1700.0,36.2,S
2021-07-01T13:04:31,500.0,36.3,B
2021-07-01T13:04:18,800.0,36.3,B
2021-07-01T13:04:15,4000.0,36.3,B
2021-07-01T13:02:11,3000.0,36.3,B
2021-07-01T13:01:21,500.0,36.3,B
2021-07-01T13:00:19,400.0,36.3,B
2021-07-01T13:00:10,200.0,36.3,B
2021-07-01T13:00:05,2000.0,36.3,B
2021-07-01T13:00:03,1100.0,36.3,B
2021-07-01T11:28:38,1200.0,36.3,B
2021-07-01T11:27:57,100.0,36.3,B
2021-07-01T11:26:56,7800.0,36.2,S
2021-07-01T11:26:48,2000.0,36.2,S
2021-07-01T11:25:52,1100.0,36.2,S
2021-07-01T11:24:29,100.0,36.2,S
2021-07-01T11:24:01,1000.0,36.2,S
2021-07-01T11:23:32,1000.0,36.2,S
2021-07-01T11:23:14,4200.0,36.2,S
2021-07-01T11:23:09,1000.0,36.2,S
2021-07-01T11:22:07,5000.0,36.2,S
2021-07-01T11:21:37,400.0,36.3,B
2021-07-01T11:21:23,300.0,36.3,B
2021-07-01T11:21:02,100.0,36.3,B
2021-07-01T11:21:00,1000.0,36.3,B
2021-07-01T11:20:36,100.0,36.3,B
2021-07-01T11:20:24,11100.0,36.2,S
2021-07-01T11:20:06,500.0,36.2,S
2021-07-01T11:19:58,500.0,36.3,B
2021-07-01T11:19:55,100.0,36.3,B
2021-07-01T11:19:35,300.0,36.3,B
2021-07-01T11:19:15,500.0,36.3,B
2021-07-01T11:19:00,100.0,36.3,B
2021-07-01T11:18:49,5000.0,36.3,B
2021-07-01T11:18:13,100.0,36.3,B
2021-07-01T11:17:57,100.0,36.3,B
2021-07-01T11:17:38,1000.0,36.3,B
2021-07-01T11:17:06,100.0,36.3,B
2021-07-01T11:16:52,1000.0,36.3,B
2021-07-01T11:16:40,100.0,36.3,B
2021-07-01T11:16:39,500.0,36.3,B
2021-07-01T11:16:28,500.0,36.3,B
2021-07-01T11:16:16,4200.0,36.3,S
2021-07-01T11:15:37,800.0,36.3,B
2021-07-01T11:15:34,2000.0,36.3,B
2021-07-01T11:15:24,2300.0,36.3,S
2021-07-01T11:15:23,2800.0,36.3,B
2021-07-01T11:14:26,2000.0,36.3,B
2021-07-01T11:13:46,800.0,36.3,B
2021-07-01T11:13:34,4000.0,36.3,B
2021-07-01T11:12:43,800.0,36.2,S
2021-07-01T11:11:54,2600.0,36.2,S
2021-07-01T11:10:49,1000.0,36.2,S
2021-07-01T11:10:12,2000.0,36.2,S
2021-07-01T11:09:51,1000.0,36.3,B
2021-07-01T11:08:56,2600.0,36.2,S
2021-07-01T11:08:51,2000.0,36.2,S
2021-07-01T11:08:49,5000.0,36.3,B
2021-07-01T11:07:58,200.0,36.2,S
2021-07-01T11:06:20,10900.0,36.2,S
2021-07-01T11:05:53,2000.0,36.2,S
2021-07-01T11:05:00,100.0,36.2,S
2021-07-01T11:04:56,2500.0,36.2,B
2021-07-01T11:04:14,100.0,36.1,S
2021-07-01T11:04:04,100.0,36.2,B
2021-07-01T11:03:53,100.0,36.2,B
2021-07-01T11:03:46,1000.0,36.2,B
2021-07-01T11:03:30,300.0,36.2,S
2021-07-01T11:03:17,300.0,36.2,S
2021-07-01T11:03:09,2400.0,36.2,S
2021-07-01T11:03:06,300.0,36.2,B
2021-07-01T11:03:02,1000.0,36.1,S
2021-07-01T11:02:54,1000.0,36.2,B
2021-07-01T11:02:52,1000.0,36.2,B
2021-07-01T11:02:25,1300.0,36.2,B
2021-07-01T11:02:13,400.0,36.2,S
2021-07-01T11:02:12,2300.0,36.2,B
2021-07-01T11:02:01,2000.0,36.2,B
2021-07-01T11:01:19,700.0,36.2,B
2021-07-01T11:01:14,3000.0,36.2,S
2021-07-01T11:00:07,5000.0,36.2,S
2021-07-01T11:00:06,1300.0,36.2,B
2021-07-01T10:59:51,1000.0,36.1,S
2021-07-01T10:59:51,200.0,36.2,B
2021-07-01T10:59:33,1000.0,36.2,B
2021-07-01T10:59:09,300.0,36.1,S
2021-07-01T10:59:01,6700.0,36.2,S
2021-07-01T10:58:52,300.0,36.2,S
2021-07-01T10:58:22,9000.0,36.2,S
2021-07-01T10:57:51,4000.0,36.2,S
2021-07-01T10:57:38,1000.0,36.3,B
2021-07-01T10:56:53,1000.0,36.3,B
2021-07-01T10:56:30,3000.0,36.3,B
2021-07-01T10:55:49,7000.0,36.3,B
2021-07-01T10:55:23,300.0,36.3,B
2021-07-01T10:53:33,500.0,36.3,B
2021-07-01T10:53:12,1900.0,36.3,S
2021-07-01T10:52:57,300.0,36.3,S
2021-07-01T10:52:32,1100.0,36.3,S
2021-07-01T10:52:18,3600.0,36.3,B
2021-07-01T10:52:12,1500.0,36.2,B
2021-07-01T10:51:52,3500.0,36.2,B
2021-07-01T10:51:51,500.0,36.3,B
2021-07-01T10:51:37,1800.0,36.2,B
2021-07-01T10:51:34,3200.0,36.2,S
2021-07-01T10:51:19,1500.0,36.2,S
2021-07-01T10:50:49,500.0,36.2,S
2021-07-01T10:49:50,1500.0,36.2,S
2021-07-01T10:49:08,5500.0,36.2,S
2021-07-01T10:48:37,8900.0,36.2,S
2021-07-01T10:48:36,1000.0,36.2,B
2021-07-01T10:48:02,5000.0,36.2,B
2021-07-01T10:47:38,1000.0,36.2,B
2021-07-01T10:47:34,200.0,36.2,B
2021-07-01T10:47:20,2000.0,36.2,B
2021-07-01T10:46:41,100.0,36.2,B
2021-07-01T10:46:14,100.0,36.2,B
2021-07-01T10:45:59,5000.0,36.1,S
2021-07-01T10:45:56,1000.0,36.1,S
2021-07-01T10:45:32,100.0,36.2,B
2021-07-01T10:45:03,100.0,36.2,B
2021-07-01T10:44:55,400.0,36.1,S
2021-07-01T10:44:13,20000.0,36.1,S
2021-07-01T10:43:47,2200.0,36.2,B
2021-07-01T10:43:23,1000.0,36.2,S
2021-07-01T10:42:49,2000.0,36.3,B
2021-07-01T10:42:26,20000.0,36.2,S
2021-07-01T10:42:08,500.0,36.3,B
2021-07-01T10:42:06,100.0,36.3,B
2021-07-01T10:41:46,200.0,36.3,B
2021-07-01T10:41:39,13400.0,36.3,S
2021-07-01T10:41:15,200.0,36.3,S
2021-07-01T10:41:05,100.0,36.4,B
2021-07-01T10:40:48,5000.0,36.3,S
2021-07-01T10:39:35,200.0,36.4,B
2021-07-01T10:39:07,8500.0,36.4,S
2021-07-01T10:38:47,1500.0,36.4,B
2021-07-01T10:38:40,6500.0,36.4,S
2021-07-01T10:38:15,3500.0,36.4,S
2021-07-01T10:38:13,100.0,36.3,S
2021-07-01T10:37:17,100.0,36.3,S
2021-07-01T10:35:45,100.0,36.4,B
2021-07-01T10:35:00,300.0,36.4,B
2021-07-01T10:34:33,1000.0,36.4,B
2021-07-01T10:33:21,600.0,36.3,S
2021-07-01T10:33:01,1600.0,36.3,S
2021-07-01T10:32:55,500.0,36.4,S
2021-07-01T10:32:30,100.0,36.4,S
2021-07-01T10:32:08,100.0,36.4,S
2021-07-01T10:31:44,2500.0,36.4,B
2021-07-01T10:31:43,500.0,36.4,B
2021-07-01T10:31:29,16700.0,36.4,B
2021-07-01T10:31:08,200.0,36.3,S
2021-07-01T10:30:06,3400.0,36.3,B
2021-07-01T10:30:02,10000.0,36.3,B
2021-07-01T10:29:57,16400.0,36.3,B
2021-07-01T10:29:55,500.0,36.3,B
2021-07-01T10:29:49,3000.0,36.3,B
2021-07-01T10:29:34,500.0,36.3,B
2021-07-01T10:29:22,6000.0,36.3,B
2021-07-01T10:28:39,3000.0,36.3,B
2021-07-01T10:27:48,100.0,36.3,B
2021-07-01T10:27:47,500.0,36.3,B
2021-07-01T10:27:38,500.0,36.3,B
2021-07-01T10:27:37,500.0,36.3,B
2021-07-01T10:27:35,100.0,36.3,B
2021-07-01T10:27:34,100.0,36.3,B
2021-07-01T10:27:18,500.0,36.3,B
2021-07-01T10:27:05,1000.0,36.3,B
2021-07-01T10:27:04,1000.0,36.3,B
2021-07-01T10:27:01,2000.0,36.3,B
2021-07-01T10:26:52,500.0,36.3,B
2021-07-01T10:26:29,100.0,36.3,B
2021-07-01T10:26:23,300.0,36.3,B
2021-07-01T10:26:06,1000.0,36.3,B
2021-07-01T10:25:32,1300.0,36.3,B
2021-07-01T10:25:25,5000.0,36.3,B
2021-07-01T10:25:13,300.0,36.3,B
2021-07-01T10:23:33,5600.0,36.2,B
2021-07-01T10:23:29,5000.0,36.2,B
2021-07-01T10:23:17,1000.0,36.2,B
2021-07-01T10:23:17,1300.0,36.2,B
2021-07-01T10:23:09,2900.0,36.2,B
2021-07-01T10:22:27,700.0,36.1,S
2021-07-01T10:21:51,1000.0,36.1,S
2021-07-01T10:21:48,1000.0,36.2,B
2021-07-01T10:21:14,100.0,36.2,B
2021-07-01T10:20:56,200.0,36.1,S
2021-07-01T10:20:50,1000.0,36.2,B
2021-07-01T10:20:48,600.0,36.2,B
2021-07-01T10:20:25,1000.0,36.2,B
2021-07-01T10:20:22,100.0,36.1,S
2021-07-01T10:20:17,21000.0,36.2,B
2021-07-01T10:20:09,1800.0,36.2,S
2021-07-01T10:19:16,5000.0,36.3,B
2021-07-01T10:18:49,300.0,36.3,B
2021-07-01T10:18:05,1000.0,36.3,B
2021-07-01T10:17:46,6900.0,36.3,B
2021-07-01T10:12:58,100.0,36.3,S
2021-07-01T10:12:35,3400.0,36.3,S
2021-07-01T10:11:54,500.0,36.3,S
2021-07-01T10:11:36,500.0,36.3,S
2021-07-01T10:11:34,300.0,36.3,S
2021-07-01T10:11:00,1000.0,36.3,S
2021-07-01T10:10:10,500.0,36.3,S
2021-07-01T10:09:23,100.0,36.3,S
2021-07-01T10:09:20,1500.0,36.3,S
2021-07-01T10:09:03,1000.0,36.3,S
2021-07-01T10:09:03,100.0,36.4,B
2021-07-01T10:08:55,5000.0,36.3,S
2021-07-01T10:08:53,100.0,36.3,S
2021-07-01T10:08:42,1000.0,36.3,S
2021-07-01T10:08:37,500.0,36.3,S
2021-07-01T10:08:15,200.0,36.3,S
2021-07-01T10:08:05,100.0,36.3,S
2021-07-01T10:07:53,1000.0,36.3,S
2021-07-01T10:07:29,1100.0,36.3,S
2021-07-01T10:07:22,5500.0,36.3,S
2021-07-01T10:06:59,3600.0,36.3,S
2021-07-01T10:06:44,100.0,36.3,S
2021-07-01T10:06:37,100.0,36.3,S
2021-07-01T10:06:23,600.0,36.3,S
2021-07-01T10:06:15,1000.0,36.3,S
2021-07-01T10:06:14,1000.0,36.3,S
2021-07-01T10:05:26,500.0,36.3,S
2021-07-01T10:05:15,500.0,36.3,S
2021-07-01T10:05:06,28800.0,36.3,S
2021-07-01T10:04:51,100.0,36.4,B
2021-07-01T10:04:36,1000.0,36.3,S
2021-07-01T10:04:34,500.0,36.3,S
2021-07-01T10:04:02,100.0,36.4,B
2021-07-01T10:00:36,9700.0,36.4,S
2021-07-01T10:00:31,1300.0,36.4,S
2021-07-01T09:59:55,1500.0,36.4,S
2021-07-01T09:59:51,1100.0,36.4,S
2021-07-01T09:59:08,400.0,36.4,S
2021-07-01T09:58:49,800.0,36.4,S
2021-07-01T09:58:32,100.0,36.5,B
2021-07-01T09:56:32,4000.0,36.5,S
2021-07-01T09:56:26,200.0,36.5,S
2021-07-01T09:56:17,400.0,36.5,S
2021-07-01T09:56:15,200.0,36.5,S
2021-07-01T09:55:55,100.0,36.5,S
2021-07-01T09:55:33,1200.0,36.5,S
2021-07-01T09:55:18,500.0,36.5,S
2021-07-01T09:55:10,200.0,36.5,S
2021-07-01T09:54:51,300.0,36.5,S
2021-07-01T09:54:24,500.0,36.5,S
2021-07-01T09:53:56,100.0,36.5,B
2021-07-01T09:53:38,3000.0,36.6,B
2021-07-01T09:52:21,500.0,36.5,B
2021-07-01T09:51:51,100.0,36.5,B
2021-07-01T09:51:43,3000.0,36.5,B
2021-07-01T09:51:40,3000.0,36.5,B
2021-07-01T09:51:21,200.0,36.5,B
2021-07-01T09:51:15,4000.0,36.5,B
2021-07-01T09:50:45,100.0,36.5,B
2021-07-01T09:50:10,800.0,36.5,B
2021-07-01T09:50:05,10000.0,36.4,S
2021-07-01T09:49:57,100.0,36.4,S
2021-07-01T09:49:55,2000.0,36.4,S
2021-07-01T09:49:43,1600.0,36.4,S
2021-07-01T09:49:37,11000.0,36.4,S
2021-07-01T09:48:47,200.0,36.4,S
2021-07-01T09:48:36,3300.0,36.5,B
2021-07-01T09:47:42,3200.0,36.5,S
2021-07-01T09:47:30,1000.0,36.5,S
2021-07-01T09:47:23,900.0,36.5,S
2021-07-01T09:47:14,10000.0,36.5,S
2021-07-01T09:46:55,400.0,36.5,S
2021-07-01T09:46:13,5900.0,36.5,S
2021-07-01T09:46:10,5000.0,36.5,S
2021-07-01T09:45:50,500.0,36.5,S
2021-07-01T09:45:28,700.0,36.5,S
2021-07-01T09:44:55,500.0,36.6,B
2021-07-01T09:44:52,100.0,36.5,S
2021-07-01T09:44:35,200.0,36.5,S
2021-07-01T09:44:13,1000.0,36.5,S
2021-07-01T09:43:49,300.0,36.5,S
2021-07-01T09:43:32,1000.0,36.5,S
2021-07-01T09:43:24,400.0,36.5,S
2021-07-01T09:41:38,100.0,36.5,S
2021-07-01T09:41:15,2000.0,36.5,S
2021-07-01T09:40:53,100.0,36.5,S
2021-07-01T09:40:23,3000.0,36.6,B
2021-07-01T09:40:09,100.0,36.6,B
2021-07-01T09:40:02,100.0,36.6,B
2021-07-01T09:39:47,500.0,36.6,B
2021-07-01T09:39:41,100.0,36.6,B
2021-07-01T09:39:35,1600.0,36.5,S
2021-07-01T09:39:29,800.0,36.6,B
2021-07-01T09:38:09,800.0,36.6,B
2021-07-01T09:38:02,2200.0,36.5,S
2021-07-01T09:37:54,600.0,36.5,B
2021-07-01T09:37:49,100.0,36.5,B
2021-07-01T09:37:33,20000.0,36.4,S
2021-07-01T09:37:04,200.0,36.4,S
2021-07-01T09:36:50,100.0,36.5,B
2021-07-01T09:36:41,100.0,36.5,B
2021-07-01T09:36:36,8900.0,36.5,S
2021-07-01T09:36:32,12500.0,36.5,S
2021-07-01T09:36:29,10000.0,36.6,B
2021-07-01T09:36:26,1000.0,36.6,B
2021-07-01T09:36:15,200.0,36.6,B
2021-07-01T09:33:05,200.0,36.6,B
2021-07-01T09:32:47,1000.0,36.6,B
2021-07-01T09:32:46,5400.0,36.6,B
2021-07-01T09:31:49,3000.0,36.6,B
2021-07-01T09:31:47,200.0,36.6,B
2021-07-01T09:31:43,2800.0,36.5,S
2021-07-01T09:31:42,200.0,36.5,S
2021-07-01T09:31:22,10000.0,36.5,S
2021-07-01T09:31:04,1000.0,36.6,B
2021-07-01T09:31:00,2700.0,36.5,S
2021-07-01T09:30:47,1600.0,36.5,S
2021-07-01T09:28:43,100.0,36.6,B
2021-07-01T09:28:40,7200.0,36.6,B
2021-07-01T09:28:30,1000.0,36.6,S
2021-07-01T09:27:50,3000.0,36.6,S
2021-07-01T09:27:49,500.0,36.7,B
2021-07-01T09:27:33,700.0,36.7,B
2021-07-01T09:27:09,100.0,36.6,S
2021-07-01T09:26:51,500.0,36.6,S
2021-07-01T09:26:42,100.0,36.6,S
2021-07-01T09:26:23,3600.0,36.6,S
2021-07-01T09:26:16,100.0,36.6,B
2021-07-01T09:26:06,100.0,36.6,B
2021-07-01T09:25:39,400.0,36.6,B
2021-07-01T09:25:37,10000.0,36.5,S
2021-07-01T09:25:23,900.0,36.6,B
2021-07-01T09:25:07,17200.0,36.6,S
2021-07-01T09:25:03,1100.0,36.6,B
2021-07-01T09:24:22,700.0,36.6,S
2021-07-01T09:24:14,200.0,36.6,S
2021-07-01T09:24:07,1000.0,36.6,S
2021-07-01T09:23:58,100.0,36.6,S
2021-07-01T09:23:57,300.0,36.6,S
2021-07-01T09:23:56,1900.0,36.6,S
2021-07-01T09:23:49,100.0,36.6,S
2021-07-01T09:23:35,100.0,36.6,S
2021-07-01T09:22:59,100.0,36.6,S
2021-07-01T09:22:56,2000.0,36.6,S
2021-07-01T09:22:48,300.0,36.6,S
2021-07-01T09:22:45,600.0,36.6,S
2021-07-01T09:22:40,400.0,36.7,B
2021-07-01T09:22:33,5300.0,36.7,B
2021-07-01T09:22:32,3100.0,36.7,S
2021-07-01T09:22:28,10000.0,36.7,S
2021-07-01T09:22:23,100.0,36.7,S
2021-07-01T09:22:00,2200.0,36.7,S
2021-07-01T09:21:58,1000.0,36.8,B
2021-07-01T09:21:47,300.0,36.8,B
2021-07-01T09:21:39,700.0,36.7,S
2021-07-01T09:21:38,1000.0,36.8,S
2021-07-01T09:21:36,500.0,36.8,S
2021-07-01T09:21:34,2000.0,36.8,S
2021-07-01T09:21:32,500.0,36.8,S
2021-07-01T09:21:30,100.0,36.8,S
2021-07-01T09:21:29,100.0,36.8,S
2021-07-01T09:21:29,200.0,36.8,S
2021-07-01T09:21:28,300.0,36.8,S
2021-07-01T09:21:27,500.0,36.8,S
2021-07-01T09:21:26,33000.0,36.8,S
2021-07-01T09:21:20,1000.0,36.8,S
2021-07-01T09:21:06,2000.0,36.8,S
2021-07-01T09:20:54,4400.0,36.9,S
2021-07-01T09:20:53,2000.0,36.9,S
2021-07-01T09:20:52,1000.0,36.9,S
2021-07-01T09:20:48,1000.0,36.9,S
2021-07-01T09:20:44,2100.0,36.9,S
2021-07-01T09:20:39,3000.0,36.9,S
2021-07-01T09:20:28,100.0,37.0,B
2021-07-01T09:20:19,2000.0,37.0,B
2021-07-01T09:20:12,2000.0,36.9,S
2021-07-01T09:19:03,2100.0,37.0,S
2021-07-01T09:19:02,500.0,37.0,S
2021-07-01T09:19:00,2000.0,37.0,S
2021-07-01T09:18:59,100.0,37.0,S
2021-07-01T09:18:56,5300.0,37.0,S
2021-07-01T09:18:55,3000.0,37.0,S
2021-07-01T09:18:41,1000.0,37.0,S
2021-07-01T09:18:38,1000.0,37.0,S
2021-07-01T09:18:32,300.0,37.0,S
2021-07-01T09:18:10,4200.0,37.1,S
2021-07-01T09:18:02,800.0,37.1,S
2021-07-01T09:18:00,800.0,37.1,S
2021-07-01T09:17:49,500.0,37.1,S
2021-07-01T09:17:34,5000.0,37.1,B
2021-07-01T09:17:33,100.0,37.0,S
2021-07-01T09:17:28,1100.0,37.0,S
2021-07-01T09:17:18,200.0,37.0,B
2021-07-01T09:17:15,600.0,36.9,S
2021-07-01T09:16:59,60000.0,37.0,B
2021-07-01T09:16:53,100.0,36.9,S
2021-07-01T09:16:40,700.0,36.9,S
2021-07-01T09:16:15,3000.0,36.9,S
2021-07-01T09:16:10,200.0,36.9,S
2021-07-01T09:16:05,1900.0,37.0,B
2021-07-01T09:16:00,1000.0,36.9,S
2021-07-01T09:15:36,10000.0,36.9,S
2021-07-01T09:15:07,1000.0,37.0,B
2021-07-01T09:14:41,100.0,36.9,S
2021-07-01T09:14:40,5000.0,36.9,S
2021-07-01T09:14:39,200.0,36.9,S
2021-07-01T09:14:31,8200.0,36.9,S
2021-07-01T09:14:30,100.0,36.9,B
2021-07-01T09:14:27,100.0,36.9,B
2021-07-01T09:14:22,500.0,36.9,B
2021-07-01T09:13:56,500.0,36.9,B
2021-07-01T09:13:48,500.0,36.9,B
2021-07-01T09:13:46,5000.0,36.9,B
2021-07-01T09:13:41,500.0,36.9,B
2021-07-01T09:13:33,100.0,36.8,S
2021-07-01T09:13:21,400.0,36.9,B
2021-07-01T09:13:07,5000.0,36.8,S
2021-07-01T09:13:03,500.0,36.9,B
2021-07-01T09:12:58,500.0,36.9,B
2021-07-01T09:12:54,5000.0,36.9,B
2021-07-01T09:12:39,7600.0,36.9,B
2021-07-01T09:12:24,300.0,36.8,S
2021-07-01T09:12:22,20000.0,36.9,B
2021-07-01T09:12:08,200.0,36.8,S
2021-07-01T09:12:00,1900.0,36.9,B
2021-07-01T09:11:36,5000.0,36.8,S
2021-07-01T09:11:34,100.0,36.8,S
2021-07-01T09:11:34,8900.0,36.8,B
2021-07-01T09:11:33,500.0,36.8,B
2021-07-01T09:11:30,500.0,36.8,B
2021-07-01T09:11:26,3000.0,36.8,B
2021-07-01T09:11:18,5000.0,36.8,B
2021-07-01T09:10:57,200.0,36.8,B
2021-07-01T09:10:52,500.0,36.8,B
2021-07-01T09:10:48,2000.0,36.8,B
2021-07-01T09:10:39,300.0,36.8,B
2021-07-01T09:10:37,4700.0,36.8,S
2021-07-01T09:10:33,500.0,36.7,S
2021-07-01T09:10:25,4000.0,36.7,S
2021-07-01T09:10:24,10000.0,36.8,B
2021-07-01T09:10:20,2000.0,36.8,B
2021-07-01T09:10:19,4600.0,36.7,S
2021-07-01T09:10:17,100.0,36.7,S
2021-07-01T09:10:04,500.0,36.7,S
2021-07-01T09:09:52,1100.0,36.7,S
2021-07-01T09:09:48,2000.0,36.8,B
2021-07-01T09:09:42,100.0,36.7,S
2021-07-01T09:09:24,500.0,36.7,S
2021-07-01T09:09:22,600.0,36.7,S
2021-07-01T09:08:56,10000.0,36.8,B
2021-07-01T09:08:55,200.0,36.7,S
2021-07-01T09:08:31,200.0,36.7,B
2021-07-01T09:08:26,5800.0,36.7,S
2021-07-01T09:08:19,2200.0,36.7,B
2021-07-01T09:08:15,100.0,36.7,B
2021-07-01T09:08:09,1000.0,36.7,B
2021-07-01T09:08:04,2800.0,36.7,B
2021-07-01T09:08:04,100.0,36.7,B
2021-07-01T09:08:01,300.0,36.7,B
2021-07-01T09:08:00,5000.0,36.7,B
2021-07-01T09:07:58,2000.0,36.7,B
2021-07-01T09:07:49,500.0,36.7,B
2021-07-01T09:07:31,500.0,36.7,B
2021-07-01T09:07:30,2200.0,36.7,B
2021-07-01T09:07:25,2900.0,36.7,B
2021-07-01T09:07:18,500.0,36.7,B
2021-07-01T09:07:11,100.0,36.7,B
2021-07-01T09:06:51,200.0,36.7,B
2021-07-01T09:06:49,3000.0,36.7,B
2021-07-01T09:06:48,100.0,36.7,B
2021-07-01T09:06:40,300.0,36.7,B
2021-07-01T09:06:31,5000.0,36.6,S
2021-07-01T09:06:14,100.0,36.7,S
2021-07-01T09:06:12,9900.0,36.7,B
2021-07-01T09:06:08,2000.0,36.7,B
2021-07-01T09:05:43,5000.0,36.6,S
2021-07-01T09:05:42,200.0,36.7,B
2021-07-01T09:05:36,3000.0,36.7,B
2021-07-01T09:05:27,3800.0,36.7,B
2021-07-01T09:05:20,100.0,36.6,S
2021-07-01T09:05:18,15000.0,36.6,S
2021-07-01T09:05:03,1000.0,36.6,S
2021-07-01T09:04:45,500.0,36.6,S
2021-07-01T09:04:30,4500.0,36.6,S
2021-07-01T09:03:54,4700.0,36.4,S
2021-07-01T09:03:51,500.0,36.6,B
2021-07-01T09:03:45,1000.0,36.5,S
2021-07-01T09:03:45,200.0,36.5,B
2021-07-01T09:03:42,100.0,36.5,B
2021-07-01T09:03:30,1000.0,36.5,B
2021-07-01T09:03:26,100.0,36.5,B
2021-07-01T09:03:14,7900.0,36.5,S
2021-07-01T09:03:09,600.0,36.5,S
2021-07-01T09:03:02,1000.0,36.6,B
2021-07-01T09:02:56,100.0,36.6,B
2021-07-01T09:02:55,100.0,36.5,S
2021-07-01T09:02:45,4900.0,36.5,S
2021-07-01T09:02:44,2100.0,36.6,B
2021-07-01T09:02:28,900.0,36.5,B
2021-07-01T09:02:23,100.0,36.5,B
2021-07-01T09:02:17,5000.0,36.5,B
2021-07-01T09:02:05,1500.0,36.4,B
2021-07-01T09:01:16,4000.0,36.4,B
2021-07-01T09:00:52,5000.0,36.5,B
2021-07-01T09:00:48,5000.0,36.5,B
2021-07-01T09:00:44,5000.0,36.5,B
2021-07-01T09:00:28,6000.0,36.5,B
2021-07-01T09:00:16,100.0,36.4,S
2021-07-01T09:00:08,200.0,36.3,S
2021-07-01T09:00:08,2000.0,36.0,S
2021-07-01T09:00:08,500.0,36.0,S
