tradingTime,volume,price,side
2021-07-01T14:30:16,3000.0,4.03,S
2021-07-01T14:29:37,10000.0,4.03,S
2021-07-01T14:29:21,500.0,4.03,S
2021-07-01T14:28:18,200.0,4.04,B
2021-07-01T14:28:11,5200.0,4.04,S
2021-07-01T14:28:11,3200.0,4.04,S
2021-07-01T14:28:10,10800.0,4.04,S
2021-07-01T14:27:41,100.0,4.04,S
2021-07-01T14:27:18,2000.0,4.04,S
2021-07-01T14:26:20,1000.0,4.04,S
2021-07-01T14:26:16,1100.0,4.05,B
2021-07-01T14:24:25,2000.0,4.04,S
2021-07-01T14:24:10,1800.0,4.05,B
2021-07-01T14:24:10,2000.0,4.05,B
2021-07-01T14:22:38,1300.0,4.05,B
2021-07-01T14:22:35,100.0,4.04,B
2021-07-01T14:22:34,5900.0,4.04,B
2021-07-01T14:20:55,2000.0,4.04,B
2021-07-01T14:20:37,4200.0,4.04,S
2021-07-01T14:20:36,1500.0,4.05,S
2021-07-01T14:19:56,100.0,4.05,S
2021-07-01T14:18:44,500.0,4.05,S
2021-07-01T14:18:22,300.0,4.05,S
2021-07-01T14:18:06,4600.0,4.05,B
2021-07-01T14:18:06,1500.0,4.05,B
2021-07-01T14:18:05,11500.0,4.05,B
2021-07-01T14:17:38,2000.0,4.04,B
2021-07-01T14:17:38,21300.0,4.04,B
2021-07-01T14:16:58,100.0,4.04,B
2021-07-01T14:16:11,1000.0,4.04,B
2021-07-01T14:15:42,800.0,4.04,B
2021-07-01T14:14:43,200.0,4.04,B
2021-07-01T14:14:43,2000.0,4.04,B
2021-07-01T14:13:52,5000.0,4.04,B
2021-07-01T14:13:47,100.0,4.04,B
2021-07-01T14:12:54,200.0,4.04,B
2021-07-01T14:11:33,300.0,4.03,S
2021-07-01T14:10:49,1000.0,4.03,S
2021-07-01T14:10:22,900.0,4.02,S
2021-07-01T14:09:12,2200.0,4.02,S
2021-07-01T14:08:50,500.0,4.02,S
2021-07-01T14:08:43,200.0,4.02,S
2021-07-01T14:08:28,100.0,4.04,S
2021-07-01T14:05:40,9300.0,4.02,S
2021-07-01T14:05:40,1100.0,4.02,S
2021-07-01T14:05:40,100.0,4.02,S
2021-07-01T14:05:40,9500.0,4.02,S
2021-07-01T14:04:28,100.0,4.04,S
2021-07-01T14:03:43,400.0,4.04,B
2021-07-01T14:03:41,100.0,4.04,B
2021-07-01T14:03:38,300.0,4.04,B
2021-07-01T14:03:21,200.0,4.04,S
2021-07-01T14:01:49,3600.0,4.05,B
2021-07-01T14:01:41,300.0,4.03,S
2021-07-01T14:00:18,27800.0,4.03,S
2021-07-01T14:00:18,22200.0,4.04,S
2021-07-01T13:59:44,100.0,4.05,B
2021-07-01T13:58:22,800.0,4.05,B
2021-07-01T13:58:18,500.0,4.04,S
2021-07-01T13:57:35,400.0,4.04,S
2021-07-01T13:57:33,1200.0,4.05,B
2021-07-01T13:57:13,500.0,4.04,S
2021-07-01T13:57:05,200.0,4.04,S
2021-07-01T13:56:55,500.0,4.04,S
2021-07-01T13:56:25,1700.0,4.04,B
2021-07-01T13:56:01,200.0,4.04,B
2021-07-01T13:55:45,300.0,4.04,B
2021-07-01T13:55:01,200.0,4.04,B
2021-07-01T13:54:57,3400.0,4.04,B
2021-07-01T13:54:26,6300.0,4.03,S
2021-07-01T13:54:14,200.0,4.03,S
2021-07-01T13:51:33,4600.0,4.04,B
2021-07-01T13:49:32,1100.0,4.03,B
2021-07-01T13:48:02,1000.0,4.02,S
2021-07-01T13:47:50,1000.0,4.02,S
2021-07-01T13:46:54,6800.0,4.02,B
2021-07-01T13:46:45,100.0,4.02,B
2021-07-01T13:46:18,300.0,4.02,B
2021-07-01T13:45:05,2000.0,4.02,B
2021-07-01T13:44:36,2800.0,4.02,B
2021-07-01T13:44:36,1000.0,4.02,B
2021-07-01T13:44:36,700.0,4.02,B
2021-07-01T13:44:35,1000.0,4.02,B
2021-07-01T13:44:06,1700.0,4.01,S
2021-07-01T13:44:04,3000.0,4.02,B
2021-07-01T13:43:52,700.0,4.01,S
2021-07-01T13:43:23,1000.0,4.02,B
2021-07-01T13:43:15,100.0,4.01,S
2021-07-01T13:42:11,100.0,4.01,S
2021-07-01T13:41:57,200.0,4.02,B
2021-07-01T13:41:43,1000.0,4.01,B
2021-07-01T13:40:39,5000.0,4.02,B
2021-07-01T13:39:08,200.0,4.0,S
2021-07-01T13:37:38,500.0,4.02,B
2021-07-01T13:36:12,500.0,4.0,S
2021-07-01T13:36:10,1000.0,4.0,S
2021-07-01T13:35:46,100.0,4.0,S
2021-07-01T13:35:01,200.0,4.02,B
2021-07-01T13:33:28,200.0,4.0,B
2021-07-01T13:33:24,2200.0,4.0,B
2021-07-01T13:32:50,200.0,4.0,S
2021-07-01T13:32:41,2400.0,4.0,S
2021-07-01T13:32:27,2700.0,4.0,S
2021-07-01T13:32:27,1200.0,4.0,S
2021-07-01T13:32:27,3700.0,4.0,S
2021-07-01T13:32:27,6000.0,4.0,S
2021-07-01T13:32:27,100.0,4.0,S
2021-07-01T13:32:27,6300.0,4.0,S
2021-07-01T13:32:27,1300.0,4.0,S
2021-07-01T13:32:27,3200.0,4.0,S
2021-07-01T13:32:27,5500.0,4.0,S
2021-07-01T13:32:27,5000.0,4.0,S
2021-07-01T13:32:27,5500.0,4.0,S
2021-07-01T13:32:27,13400.0,4.0,S
2021-07-01T13:31:36,100.0,4.0,S
2021-07-01T13:31:36,1000.0,4.0,S
2021-07-01T13:31:36,6700.0,4.0,S
2021-07-01T13:31:36,1800.0,4.0,S
2021-07-01T13:29:55,100.0,4.02,B
2021-07-01T13:28:30,500.0,4.01,B
2021-07-01T13:28:18,300.0,4.01,B
2021-07-01T13:27:58,300.0,4.02,S
2021-07-01T13:27:52,400.0,4.02,S
2021-07-01T13:27:10,300.0,4.01,S
2021-07-01T13:27:08,9700.0,4.01,S
2021-07-01T13:26:53,3200.0,4.01,S
2021-07-01T13:26:18,3000.0,4.02,S
2021-07-01T13:26:17,1500.0,4.02,S
2021-07-01T13:26:17,2900.0,4.02,S
2021-07-01T13:26:05,2000.0,4.02,S
2021-07-01T13:18:37,5000.0,4.02,S
2021-07-01T13:18:29,1000.0,4.03,S
2021-07-01T13:17:36,16900.0,4.03,B
2021-07-01T13:17:19,3100.0,4.03,S
2021-07-01T13:16:57,800.0,4.03,S
2021-07-01T13:16:57,100.0,4.03,S
2021-07-01T13:16:57,11600.0,4.03,S
2021-07-01T13:15:07,1000.0,4.03,S
2021-07-01T13:14:42,5000.0,4.03,S
2021-07-01T13:14:07,5000.0,4.04,S
2021-07-01T13:13:38,500.0,4.05,B
2021-07-01T13:13:35,300.0,4.04,S
2021-07-01T13:11:15,10000.0,4.04,S
2021-07-01T13:11:13,300.0,4.05,B
2021-07-01T13:09:29,100.0,4.05,B
2021-07-01T13:09:16,11000.0,4.04,S
2021-07-01T13:08:26,2000.0,4.04,S
2021-07-01T13:05:36,7600.0,4.05,B
2021-07-01T13:04:59,2000.0,4.05,B
2021-07-01T13:04:10,5000.0,4.04,S
2021-07-01T13:03:30,200.0,4.05,B
2021-07-01T13:02:56,11700.0,4.05,S
2021-07-01T13:02:18,16700.0,4.05,S
2021-07-01T13:02:18,8800.0,4.05,S
2021-07-01T13:01:23,10000.0,4.06,S
2021-07-01T13:01:04,5000.0,4.06,S
2021-07-01T13:01:02,3000.0,4.06,S
2021-07-01T13:00:57,200.0,4.06,S
2021-07-01T13:00:47,1500.0,4.06,S
2021-07-01T13:00:38,100.0,4.06,S
2021-07-01T13:00:26,2000.0,4.06,S
2021-07-01T13:00:25,400.0,4.06,S
2021-07-01T13:00:25,100.0,4.06,S
2021-07-01T13:00:23,300.0,4.06,S
2021-07-01T13:00:23,400.0,4.06,S
2021-07-01T13:00:21,100.0,4.06,S
2021-07-01T13:00:19,1000.0,4.06,S
2021-07-01T13:00:19,500.0,4.06,S
2021-07-01T13:00:16,1000.0,4.06,S
2021-07-01T13:00:13,500.0,4.06,S
2021-07-01T13:00:13,31000.0,4.06,S
2021-07-01T11:28:16,100.0,4.07,B
2021-07-01T11:27:52,1000.0,4.06,S
2021-07-01T11:27:23,5000.0,4.06,S
2021-07-01T11:25:32,200.0,4.07,B
2021-07-01T11:25:05,1000.0,4.06,S
2021-07-01T11:24:04,6000.0,4.06,S
2021-07-01T11:23:42,2500.0,4.06,S
2021-07-01T11:23:26,200.0,4.07,B
2021-07-01T11:21:06,1000.0,4.06,S
2021-07-01T11:20:53,100.0,4.06,S
2021-07-01T11:19:53,200.0,4.07,B
2021-07-01T11:19:51,200.0,4.07,B
2021-07-01T11:18:50,14700.0,4.07,B
2021-07-01T11:18:20,100.0,4.06,B
2021-07-01T11:16:21,600.0,4.07,B
2021-07-01T11:15:23,500.0,4.07,B
2021-07-01T11:14:26,500.0,4.07,B
2021-07-01T11:14:10,1000.0,4.06,B
2021-07-01T11:12:47,100.0,4.07,B
2021-07-01T11:12:10,500.0,4.07,B
2021-07-01T11:11:59,10000.0,4.07,B
2021-07-01T11:11:23,10000.0,4.05,S
2021-07-01T11:10:46,200.0,4.06,S
2021-07-01T11:08:42,2000.0,4.05,S
2021-07-01T11:08:04,100.0,4.05,S
2021-07-01T11:07:33,1100.0,4.05,B
2021-07-01T11:07:14,100.0,4.05,B
2021-07-01T11:07:12,2900.0,4.05,S
2021-07-01T11:06:45,300.0,4.05,S
2021-07-01T11:06:05,5000.0,4.05,S
2021-07-01T11:05:47,100.0,4.07,B
2021-07-01T11:02:45,200.0,4.07,B
2021-07-01T11:02:41,100.0,4.07,B
2021-07-01T11:01:52,6000.0,4.07,B
2021-07-01T11:01:32,1800.0,4.07,S
2021-07-01T11:01:28,1000.0,4.08,S
2021-07-01T11:00:53,1000.0,4.08,S
2021-07-01T11:00:16,2000.0,4.08,B
2021-07-01T10:59:42,2700.0,4.07,S
2021-07-01T10:59:42,700.0,4.08,B
2021-07-01T10:59:04,200.0,4.08,B
2021-07-01T10:58:45,100.0,4.07,S
2021-07-01T10:58:31,1000.0,4.07,S
2021-07-01T10:58:23,2300.0,4.07,S
2021-07-01T10:58:07,400.0,4.07,B
2021-07-01T10:57:55,3400.0,4.07,B
2021-07-01T10:57:10,9300.0,4.07,B
2021-07-01T10:56:46,1000.0,4.05,S
2021-07-01T10:56:26,300.0,4.05,S
2021-07-01T10:56:19,500.0,4.05,S
2021-07-01T10:55:48,100.0,4.05,B
2021-07-01T10:55:41,200.0,4.05,B
2021-07-01T10:55:30,300.0,4.05,B
2021-07-01T10:55:06,1000.0,4.05,B
2021-07-01T10:54:22,500.0,4.04,S
2021-07-01T10:54:20,1300.0,4.05,B
2021-07-01T10:53:48,1000.0,4.04,S
2021-07-01T10:53:13,700.0,4.04,B
2021-07-01T10:52:57,500.0,4.03,S
2021-07-01T10:52:21,200.0,4.03,S
2021-07-01T10:50:49,200.0,4.03,S
2021-07-01T10:50:38,100.0,4.05,B
2021-07-01T10:50:20,500.0,4.03,S
2021-07-01T10:50:12,600.0,4.03,S
2021-07-01T10:48:13,1000.0,4.03,S
2021-07-01T10:47:44,1400.0,4.03,B
2021-07-01T10:47:18,3000.0,4.03,B
2021-07-01T10:46:34,300.0,4.02,B
2021-07-01T10:46:34,10000.0,4.02,B
2021-07-01T10:46:30,24000.0,4.01,B
2021-07-01T10:46:00,1000.0,4.01,B
2021-07-01T10:45:48,5000.0,4.01,B
2021-07-01T10:45:16,100.0,4.01,B
2021-07-01T10:44:59,500.0,4.01,B
2021-07-01T10:44:15,200.0,4.01,B
2021-07-01T10:43:44,700.0,4.01,B
2021-07-01T10:43:23,100.0,4.0,B
2021-07-01T10:43:23,7300.0,4.0,B
2021-07-01T10:43:23,2000.0,4.0,B
2021-07-01T10:43:22,1300.0,4.0,B
2021-07-01T10:42:51,200.0,4.0,B
2021-07-01T10:39:18,200.0,4.0,B
2021-07-01T10:39:11,11800.0,4.0,B
2021-07-01T10:38:49,3000.0,4.0,B
2021-07-01T10:38:36,1800.0,3.98,S
2021-07-01T10:38:36,5100.0,3.98,S
2021-07-01T10:38:36,6400.0,3.98,S
2021-07-01T10:38:36,2500.0,3.98,S
2021-07-01T10:38:36,2800.0,3.99,S
2021-07-01T10:38:36,300.0,3.99,S
2021-07-01T10:38:36,8500.0,3.99,S
2021-07-01T10:38:36,5500.0,3.99,S
2021-07-01T10:38:36,1000.0,3.99,S
2021-07-01T10:38:36,6100.0,3.99,S
2021-07-01T10:37:56,100.0,4.0,B
2021-07-01T10:37:50,400.0,4.0,B
2021-07-01T10:37:32,200.0,4.0,B
2021-07-01T10:37:31,1000.0,4.0,B
2021-07-01T10:37:15,3000.0,4.0,B
2021-07-01T10:37:09,500.0,4.0,B
2021-07-01T10:37:06,1000.0,3.99,S
2021-07-01T10:36:45,500.0,4.0,B
2021-07-01T10:36:02,500.0,4.0,B
2021-07-01T10:36:00,900.0,4.0,B
2021-07-01T10:35:56,100.0,4.0,B
2021-07-01T10:35:54,200.0,4.0,B
2021-07-01T10:35:08,4000.0,3.99,S
2021-07-01T10:35:05,200.0,4.0,B
2021-07-01T10:33:55,3000.0,4.0,B
2021-07-01T10:33:35,1000.0,4.0,B
2021-07-01T10:32:59,100.0,4.0,B
2021-07-01T10:32:23,100.0,4.0,B
2021-07-01T10:32:14,200.0,4.0,B
2021-07-01T10:31:56,1500.0,4.0,B
2021-07-01T10:31:37,200.0,4.0,B
2021-07-01T10:31:22,200.0,4.0,B
2021-07-01T10:31:04,200.0,4.0,B
2021-07-01T10:30:32,3100.0,4.0,B
2021-07-01T10:30:32,14900.0,4.0,B
2021-07-01T10:30:16,200.0,4.0,B
2021-07-01T10:30:06,1000.0,4.0,B
2021-07-01T10:29:57,10000.0,4.0,B
2021-07-01T10:29:47,100.0,3.99,S
2021-07-01T10:29:45,1000.0,3.99,S
2021-07-01T10:29:44,400.0,3.99,S
2021-07-01T10:29:43,1300.0,3.99,S
2021-07-01T10:29:43,8700.0,3.99,S
2021-07-01T10:29:28,100.0,3.99,S
2021-07-01T10:29:13,3400.0,3.99,S
2021-07-01T10:28:06,900.0,3.99,S
2021-07-01T10:28:03,7000.0,3.99,S
2021-07-01T10:27:48,200.0,4.0,B
2021-07-01T10:27:48,1500.0,4.0,B
2021-07-01T10:27:38,800.0,4.0,B
2021-07-01T10:27:21,5400.0,4.0,B
2021-07-01T10:27:04,500.0,4.0,B
2021-07-01T10:26:53,100.0,4.0,B
2021-07-01T10:26:53,5000.0,4.0,B
2021-07-01T10:26:49,1000.0,3.99,S
2021-07-01T10:26:40,200.0,4.0,B
2021-07-01T10:26:13,1000.0,4.0,B
2021-07-01T10:26:02,100.0,4.0,B
2021-07-01T10:26:00,100.0,4.0,B
2021-07-01T10:25:55,3300.0,4.0,B
2021-07-01T10:25:55,3000.0,4.0,B
2021-07-01T10:25:55,13700.0,4.0,B
2021-07-01T10:25:46,800.0,4.0,B
2021-07-01T10:25:41,700.0,4.0,B
2021-07-01T10:25:30,10000.0,4.0,B
2021-07-01T10:25:28,500.0,4.0,B
2021-07-01T10:25:25,100.0,4.0,B
2021-07-01T10:25:02,10000.0,4.0,B
2021-07-01T10:24:57,6000.0,4.0,B
2021-07-01T10:24:53,100.0,4.0,B
2021-07-01T10:23:57,4000.0,4.0,B
2021-07-01T10:23:17,300.0,4.0,B
2021-07-01T10:22:58,400.0,4.0,B
2021-07-01T10:22:57,41000.0,4.0,B
2021-07-01T10:22:21,100.0,4.0,B
2021-07-01T10:22:02,4400.0,4.0,B
2021-07-01T10:21:10,3500.0,3.99,S
2021-07-01T10:20:53,1000.0,4.0,B
2021-07-01T10:20:45,1000.0,4.0,B
2021-07-01T10:20:38,1000.0,4.0,B
2021-07-01T10:20:35,2000.0,4.0,B
2021-07-01T10:20:35,1000.0,3.99,S
2021-07-01T10:19:52,2000.0,4.0,B
2021-07-01T10:19:22,3000.0,3.99,S
2021-07-01T10:19:03,5200.0,3.99,S
2021-07-01T10:17:48,12700.0,3.99,S
2021-07-01T10:17:32,300.0,3.99,S
2021-07-01T10:12:01,500.0,3.99,B
2021-07-01T10:11:10,1500.0,3.98,S
2021-07-01T10:10:36,4200.0,3.98,S
2021-07-01T10:08:29,300.0,3.99,S
2021-07-01T10:08:12,700.0,3.99,S
2021-07-01T10:08:12,33800.0,3.99,S
2021-07-01T10:08:08,2200.0,3.99,S
2021-07-01T10:08:00,2000.0,4.0,B
2021-07-01T10:07:32,300.0,4.0,B
2021-07-01T10:06:27,500.0,4.0,B
2021-07-01T10:06:15,200.0,3.99,S
2021-07-01T10:06:02,100.0,3.99,S
2021-07-01T10:05:50,8000.0,4.0,B
2021-07-01T10:05:42,100.0,4.0,B
2021-07-01T10:05:26,400.0,3.99,S
2021-07-01T10:05:22,500.0,4.0,B
2021-07-01T10:05:18,100.0,4.0,B
2021-07-01T10:05:05,1000.0,3.99,S
2021-07-01T10:05:01,300.0,4.0,B
2021-07-01T10:04:28,100.0,4.0,B
2021-07-01T10:04:26,600.0,4.0,B
2021-07-01T10:04:23,500.0,4.0,B
2021-07-01T10:04:20,300.0,3.99,S
2021-07-01T10:03:23,300.0,4.0,B
2021-07-01T10:03:19,5000.0,3.99,S
2021-07-01T10:02:29,10400.0,3.99,B
2021-07-01T10:02:09,3000.0,3.98,B
2021-07-01T10:02:09,2000.0,3.99,B
2021-07-01T10:01:38,3000.0,3.99,B
2021-07-01T10:01:03,5000.0,3.98,B
2021-07-01T10:00:52,7100.0,3.98,B
2021-07-01T10:00:25,1000.0,3.98,S
2021-07-01T10:00:18,2000.0,3.97,S
2021-07-01T10:00:00,200.0,3.98,S
2021-07-01T10:00:00,1700.0,3.98,S
2021-07-01T09:59:55,500.0,3.99,B
2021-07-01T09:59:49,100.0,3.99,B
2021-07-01T09:59:42,500.0,3.99,B
2021-07-01T09:59:35,5000.0,3.98,S
2021-07-01T09:59:02,2000.0,3.99,B
2021-07-01T09:58:46,100.0,3.99,B
2021-07-01T09:58:32,11000.0,3.99,B
2021-07-01T09:58:28,2000.0,3.98,S
2021-07-01T09:58:14,1000.0,3.98,S
2021-07-01T09:57:55,4000.0,3.99,B
2021-07-01T09:57:26,1000.0,3.96,S
2021-07-01T09:56:42,10000.0,3.96,S
2021-07-01T09:56:31,300.0,3.98,B
2021-07-01T09:56:29,100.0,3.98,B
2021-07-01T09:56:25,300.0,3.98,B
2021-07-01T09:56:14,300.0,3.98,B
2021-07-01T09:56:04,200.0,3.98,B
2021-07-01T09:55:53,100.0,3.98,B
2021-07-01T09:55:39,1000.0,3.98,B
2021-07-01T09:55:30,10000.0,3.98,S
2021-07-01T09:55:27,1000.0,3.96,S
2021-07-01T09:55:14,1000.0,3.96,S
2021-07-01T09:54:48,2500.0,3.96,S
2021-07-01T09:54:45,3000.0,3.96,S
2021-07-01T09:54:37,1000.0,3.99,B
2021-07-01T09:54:17,1000.0,3.96,S
2021-07-01T09:54:06,200.0,3.99,B
2021-07-01T09:53:52,5000.0,3.99,B
2021-07-01T09:53:44,200.0,3.96,S
2021-07-01T09:53:42,1000.0,3.96,S
2021-07-01T09:53:40,800.0,3.96,S
2021-07-01T09:53:34,900.0,3.96,S
2021-07-01T09:53:30,1000.0,3.99,B
2021-07-01T09:53:17,500.0,3.96,S
2021-07-01T09:53:01,600.0,3.96,S
2021-07-01T09:52:48,100.0,3.98,B
2021-07-01T09:52:47,200.0,3.98,B
2021-07-01T09:52:45,600.0,3.98,B
2021-07-01T09:52:36,500.0,3.96,S
2021-07-01T09:52:30,5000.0,3.96,S
2021-07-01T09:52:12,500.0,3.98,B
2021-07-01T09:51:47,2800.0,3.96,B
2021-07-01T09:51:44,3100.0,3.96,B
2021-07-01T09:51:43,100.0,3.96,B
2021-07-01T09:51:43,3000.0,3.96,B
2021-07-01T09:51:43,400.0,3.96,B
2021-07-01T09:51:41,300.0,3.96,B
2021-07-01T09:51:39,1000.0,3.96,B
2021-07-01T09:51:39,3700.0,3.95,S
2021-07-01T09:51:37,500.0,3.96,B
2021-07-01T09:51:31,500.0,3.96,B
2021-07-01T09:51:28,800.0,3.96,B
2021-07-01T09:51:25,200.0,3.96,B
2021-07-01T09:51:21,1700.0,3.96,B
2021-07-01T09:51:21,200.0,3.96,B
2021-07-01T09:51:21,3100.0,3.96,B
2021-07-01T09:51:16,3000.0,3.95,S
2021-07-01T09:51:14,1000.0,3.96,B
2021-07-01T09:51:05,500.0,3.96,B
2021-07-01T09:51:03,100.0,3.96,B
2021-07-01T09:51:03,10400.0,3.96,B
2021-07-01T09:50:59,2200.0,3.96,B
2021-07-01T09:50:48,200.0,3.96,B
2021-07-01T09:50:48,200.0,3.95,S
2021-07-01T09:50:43,2000.0,3.95,S
2021-07-01T09:50:29,200.0,3.95,S
2021-07-01T09:50:28,200.0,3.96,B
2021-07-01T09:50:24,100.0,3.96,B
2021-07-01T09:50:08,15000.0,3.95,S
2021-07-01T09:50:06,100.0,3.95,S
2021-07-01T09:49:57,800.0,3.95,S
2021-07-01T09:49:54,2700.0,3.95,S
2021-07-01T09:49:54,4300.0,3.95,S
2021-07-01T09:49:52,500.0,3.96,B
2021-07-01T09:49:50,600.0,3.96,B
2021-07-01T09:49:49,100.0,3.96,B
2021-07-01T09:49:45,500.0,3.95,S
2021-07-01T09:49:45,6500.0,3.95,S
2021-07-01T09:49:45,1600.0,3.95,S
2021-07-01T09:49:45,6200.0,3.95,S
2021-07-01T09:49:45,30200.0,3.95,S
2021-07-01T09:49:41,3000.0,3.95,S
2021-07-01T09:49:33,300.0,3.96,B
2021-07-01T09:49:23,17600.0,3.95,B
2021-07-01T09:49:22,4300.0,3.95,B
2021-07-01T09:49:22,2000.0,3.95,B
2021-07-01T09:49:20,1500.0,3.95,B
2021-07-01T09:49:20,1000.0,3.95,B
2021-07-01T09:49:20,1000.0,3.95,B
2021-07-01T09:49:19,300.0,3.95,B
2021-07-01T09:49:19,2600.0,3.95,B
2021-07-01T09:49:17,1000.0,3.95,B
2021-07-01T09:49:17,700.0,3.95,B
2021-07-01T09:49:17,2500.0,3.95,B
2021-07-01T09:49:06,5000.0,3.95,B
2021-07-01T09:49:05,500.0,3.95,B
2021-07-01T09:49:03,400.0,3.95,B
2021-07-01T09:49:03,1000.0,3.95,B
2021-07-01T09:49:00,1300.0,3.95,B
2021-07-01T09:48:58,2700.0,3.95,B
2021-07-01T09:48:55,2000.0,3.96,B
2021-07-01T09:48:53,2100.0,3.95,B
2021-07-01T09:48:49,1100.0,3.95,B
2021-07-01T09:48:49,2100.0,3.95,B
2021-07-01T09:48:45,1600.0,3.95,B
2021-07-01T09:48:44,200.0,3.95,B
2021-07-01T09:48:43,1000.0,3.95,B
2021-07-01T09:48:42,500.0,3.95,B
2021-07-01T09:48:41,200.0,3.95,B
2021-07-01T09:48:41,4300.0,3.95,B
2021-07-01T09:48:38,16200.0,3.95,B
2021-07-01T09:48:38,900.0,3.95,B
2021-07-01T09:48:36,500.0,3.95,B
2021-07-01T09:48:36,1100.0,3.95,B
2021-07-01T09:48:34,3000.0,3.95,B
2021-07-01T09:48:32,400.0,3.95,B
2021-07-01T09:48:32,10000.0,3.95,B
2021-07-01T09:48:31,200.0,3.95,B
2021-07-01T09:48:30,600.0,3.95,S
2021-07-01T09:48:29,300.0,3.95,S
2021-07-01T09:48:29,5200.0,3.95,S
2021-07-01T09:48:28,100.0,3.95,S
2021-07-01T09:48:28,3000.0,3.95,S
2021-07-01T09:48:27,100.0,3.95,S
2021-07-01T09:48:25,10000.0,3.95,S
2021-07-01T09:48:25,2000.0,3.95,S
2021-07-01T09:48:24,11000.0,3.95,S
2021-07-01T09:48:23,500.0,3.95,S
2021-07-01T09:48:20,100.0,3.95,S
2021-07-01T09:48:20,500.0,3.95,S
2021-07-01T09:48:19,6000.0,3.95,S
2021-07-01T09:48:17,1000.0,3.95,S
2021-07-01T09:48:17,100.0,3.95,S
2021-07-01T09:48:17,100.0,3.95,S
2021-07-01T09:48:14,2000.0,3.95,S
2021-07-01T09:48:14,200.0,3.95,S
2021-07-01T09:48:13,5000.0,3.95,S
2021-07-01T09:48:12,500.0,3.95,S
2021-07-01T09:48:12,200.0,3.95,S
2021-07-01T09:48:12,12800.0,3.95,S
2021-07-01T09:48:12,1000.0,3.95,S
2021-07-01T09:48:12,1500.0,3.95,S
2021-07-01T09:48:12,3000.0,3.95,S
2021-07-01T09:48:12,4100.0,3.95,S
2021-07-01T09:48:12,10700.0,3.95,S
2021-07-01T09:48:12,3000.0,3.95,S
2021-07-01T09:48:12,3300.0,3.95,S
2021-07-01T09:48:12,2100.0,3.95,S
2021-07-01T09:48:12,500.0,3.95,S
2021-07-01T09:48:12,2100.0,3.95,S
2021-07-01T09:48:12,2000.0,3.95,S
2021-07-01T09:48:12,22500.0,3.95,S
2021-07-01T09:48:09,1000.0,3.96,B
2021-07-01T09:48:06,9300.0,3.95,S
2021-07-01T09:48:04,76100.0,3.95,S
2021-07-01T09:48:04,3000.0,3.95,S
2021-07-01T09:48:04,50700.0,3.95,S
2021-07-01T09:48:04,200.0,3.95,S
2021-07-01T09:48:04,11300.0,3.95,S
2021-07-01T09:47:56,100.0,3.96,B
2021-07-01T09:47:55,200.0,3.95,S
2021-07-01T09:47:54,500.0,3.95,S
2021-07-01T09:47:52,5000.0,3.95,S
2021-07-01T09:47:43,200.0,3.95,S
2021-07-01T09:47:40,10000.0,3.95,S
2021-07-01T09:47:37,200.0,3.96,B
2021-07-01T09:47:37,300.0,3.96,B
2021-07-01T09:47:35,13900.0,3.95,S
2021-07-01T09:47:32,11000.0,3.95,S
2021-07-01T09:47:31,1000.0,3.95,S
2021-07-01T09:47:30,1000.0,3.96,B
2021-07-01T09:47:28,3200.0,3.95,S
2021-07-01T09:47:28,5000.0,3.95,S
2021-07-01T09:47:28,22600.0,3.95,S
2021-07-01T09:47:28,1900.0,3.95,S
2021-07-01T09:47:28,6200.0,3.95,S
2021-07-01T09:47:27,5000.0,3.95,S
2021-07-01T09:47:26,3700.0,3.95,S
2021-07-01T09:47:26,2000.0,3.95,S
2021-07-01T09:47:26,1000.0,3.95,S
2021-07-01T09:47:26,6500.0,3.95,S
2021-07-01T09:47:26,500.0,3.95,S
2021-07-01T09:47:26,2200.0,3.95,S
2021-07-01T09:47:26,2100.0,3.95,S
2021-07-01T09:47:26,12000.0,3.95,S
2021-07-01T09:47:20,1800.0,3.95,S
2021-07-01T09:47:19,1000.0,3.95,S
2021-07-01T09:47:13,2000.0,3.96,B
2021-07-01T09:47:12,200.0,3.95,S
2021-07-01T09:47:11,200.0,3.95,S
2021-07-01T09:47:11,700.0,3.95,S
2021-07-01T09:47:11,1100.0,3.95,S
2021-07-01T09:47:06,1000.0,3.95,S
2021-07-01T09:47:05,2000.0,3.95,S
2021-07-01T09:47:03,9800.0,3.95,S
2021-07-01T09:47:03,2500.0,3.95,S
2021-07-01T09:47:03,2100.0,3.95,S
2021-07-01T09:47:03,300.0,3.95,S
2021-07-01T09:47:01,9300.0,3.95,S
2021-07-01T09:47:01,1000.0,3.96,B
2021-07-01T09:47:01,100.0,3.96,B
2021-07-01T09:47:00,5000.0,3.95,S
2021-07-01T09:46:53,1200.0,3.95,S
2021-07-01T09:46:53,3800.0,3.95,S
2021-07-01T09:46:53,6100.0,3.95,S
2021-07-01T09:46:49,5000.0,3.95,S
2021-07-01T09:46:46,10000.0,3.95,S
2021-07-01T09:46:45,100.0,3.96,B
2021-07-01T09:46:41,2000.0,3.96,B
2021-07-01T09:46:40,400.0,3.96,B
2021-07-01T09:46:39,300.0,3.96,B
2021-07-01T09:46:31,7400.0,3.95,S
2021-07-01T09:46:31,1300.0,3.95,S
2021-07-01T09:46:31,600.0,3.95,S
2021-07-01T09:46:19,1000.0,3.96,B
2021-07-01T09:46:16,1000.0,3.96,B
2021-07-01T09:46:14,3600.0,3.96,S
2021-07-01T09:46:10,1000.0,3.96,S
2021-07-01T09:46:03,1000.0,3.96,S
2021-07-01T09:46:01,200.0,3.96,S
2021-07-01T09:46:01,400.0,3.96,S
2021-07-01T09:46:01,2900.0,3.96,S
2021-07-01T09:45:54,3000.0,3.96,S
2021-07-01T09:45:42,11700.0,3.96,S
2021-07-01T09:45:39,13500.0,3.95,S
2021-07-01T09:45:39,5000.0,3.95,S
2021-07-01T09:45:38,500.0,3.96,S
2021-07-01T09:45:38,5000.0,3.96,S
2021-07-01T09:45:22,500.0,3.96,S
2021-07-01T09:45:20,200.0,3.96,S
2021-07-01T09:45:20,7000.0,3.95,S
2021-07-01T09:45:20,9200.0,3.95,S
2021-07-01T09:45:20,1500.0,3.95,S
2021-07-01T09:45:20,100.0,3.95,S
2021-07-01T09:45:20,8300.0,3.95,S
2021-07-01T09:45:20,900.0,3.95,S
2021-07-01T09:45:20,10100.0,3.95,S
2021-07-01T09:45:20,2300.0,3.95,S
2021-07-01T09:45:20,3800.0,3.95,S
2021-07-01T09:45:20,7000.0,3.95,S
2021-07-01T09:45:20,200.0,3.95,S
2021-07-01T09:45:20,6100.0,3.95,S
2021-07-01T09:45:20,3800.0,3.95,S
2021-07-01T09:45:20,8100.0,3.95,S
2021-07-01T09:45:20,3000.0,3.95,S
2021-07-01T09:45:20,10000.0,3.95,S
2021-07-01T09:45:20,7700.0,3.95,S
2021-07-01T09:45:19,1100.0,3.96,S
2021-07-01T09:45:17,8900.0,3.96,S
2021-07-01T09:45:11,1100.0,3.96,S
2021-07-01T09:45:00,200.0,3.99,B
2021-07-01T09:44:52,3500.0,3.95,S
2021-07-01T09:44:52,35400.0,3.95,S
2021-07-01T09:44:52,1500.0,3.96,S
2021-07-01T09:44:52,4600.0,3.96,S
2021-07-01T09:44:46,400.0,3.97,S
2021-07-01T09:44:46,5500.0,3.96,S
2021-07-01T09:44:34,9000.0,3.97,S
2021-07-01T09:44:24,6000.0,3.96,S
2021-07-01T09:44:23,2000.0,3.98,S
2021-07-01T09:44:19,8000.0,3.96,S
2021-07-01T09:44:19,700.0,3.99,B
2021-07-01T09:43:38,2800.0,3.96,S
2021-07-01T09:43:38,5300.0,3.96,S
2021-07-01T09:43:38,100.0,3.96,S
2021-07-01T09:43:37,23800.0,3.96,S
2021-07-01T09:43:31,2000.0,3.98,S
2021-07-01T09:43:26,2000.0,3.99,B
2021-07-01T09:43:09,5000.0,4.0,B
2021-07-01T09:43:06,3900.0,4.0,B
2021-07-01T09:43:06,600.0,4.0,B
2021-07-01T09:43:05,15800.0,4.0,B
2021-07-01T09:43:05,5200.0,3.99,B
2021-07-01T09:43:05,400.0,3.99,B
2021-07-01T09:43:01,100.0,3.99,B
2021-07-01T09:42:56,200.0,3.99,B
2021-07-01T09:42:51,100.0,3.99,B
2021-07-01T09:42:39,2000.0,4.0,B
2021-07-01T09:42:28,900.0,3.99,S
2021-07-01T09:42:23,1000.0,4.0,B
2021-07-01T09:42:23,100.0,3.99,S
2021-07-01T09:42:20,3100.0,3.98,S
2021-07-01T09:42:20,6900.0,3.98,S
2021-07-01T09:42:15,100.0,4.0,B
2021-07-01T09:42:14,5000.0,3.99,S
2021-07-01T09:42:12,400.0,3.99,S
2021-07-01T09:42:12,200.0,3.99,S
2021-07-01T09:42:06,1000.0,4.0,B
2021-07-01T09:41:55,700.0,3.99,S
2021-07-01T09:41:38,1000.0,4.0,B
2021-07-01T09:41:27,100.0,4.0,B
2021-07-01T09:41:24,2100.0,4.0,B
2021-07-01T09:41:17,700.0,4.0,B
2021-07-01T09:40:54,100.0,4.0,B
2021-07-01T09:40:53,200.0,3.99,S
2021-07-01T09:40:50,100.0,4.0,B
2021-07-01T09:40:35,1000.0,4.0,B
2021-07-01T09:40:26,100.0,4.0,B
2021-07-01T09:40:24,500.0,4.0,B
2021-07-01T09:40:22,10400.0,4.0,S
2021-07-01T09:40:22,39600.0,4.0,S
2021-07-01T09:40:11,100.0,4.0,S
2021-07-01T09:40:10,1000.0,4.0,S
2021-07-01T09:40:03,300.0,4.0,S
2021-07-01T09:39:58,1000.0,4.0,S
2021-07-01T09:39:56,6000.0,4.0,S
2021-07-01T09:39:50,100.0,4.0,S
2021-07-01T09:39:47,100.0,4.0,S
2021-07-01T09:39:47,100.0,4.0,S
2021-07-01T09:39:45,300.0,4.0,S
2021-07-01T09:39:37,100.0,4.0,S
2021-07-01T09:39:34,5200.0,4.0,S
2021-07-01T09:39:30,500.0,4.0,S
2021-07-01T09:39:25,100.0,4.0,S
2021-07-01T09:39:16,1400.0,4.0,S
2021-07-01T09:39:16,500.0,4.0,S
2021-07-01T09:39:16,2300.0,4.0,S
2021-07-01T09:39:15,600.0,4.0,S
2021-07-01T09:39:15,100.0,4.0,S
2021-07-01T09:39:15,100.0,4.0,S
2021-07-01T09:39:15,3600.0,4.0,S
2021-07-01T09:39:15,1800.0,4.0,S
2021-07-01T09:39:15,1100.0,4.0,S
2021-07-01T09:39:15,5700.0,4.0,S
2021-07-01T09:39:15,1200.0,4.0,S
2021-07-01T09:39:15,2900.0,4.0,S
2021-07-01T09:39:15,600.0,4.0,S
2021-07-01T09:39:15,4500.0,4.0,S
2021-07-01T09:39:15,2100.0,4.0,S
2021-07-01T09:39:15,2500.0,4.0,S
2021-07-01T09:39:15,1200.0,4.0,S
2021-07-01T09:39:13,5100.0,4.0,S
2021-07-01T09:39:13,7000.0,4.0,S
2021-07-01T09:39:13,2000.0,4.0,S
2021-07-01T09:39:13,42200.0,4.0,S
2021-07-01T09:39:07,200.0,4.02,B
2021-07-01T09:38:57,3000.0,4.02,B
2021-07-01T09:38:57,2800.0,4.01,B
2021-07-01T09:38:52,1000.0,4.01,S
2021-07-01T09:38:48,67000.0,4.0,S
2021-07-01T09:38:48,2600.0,4.0,S
2021-07-01T09:38:48,1500.0,4.0,S
2021-07-01T09:38:48,1500.0,4.0,S
2021-07-01T09:38:48,27400.0,4.0,S
2021-07-01T09:38:46,1000.0,4.02,B
2021-07-01T09:38:30,8000.0,4.01,S
2021-07-01T09:38:26,7000.0,4.02,B
2021-07-01T09:38:21,100.0,4.01,S
2021-07-01T09:38:17,500.0,4.02,B
2021-07-01T09:38:14,300.0,4.02,S
2021-07-01T09:38:13,2000.0,4.02,S
2021-07-01T09:38:12,200.0,4.02,S
2021-07-01T09:38:11,500.0,4.02,S
2021-07-01T09:38:09,200.0,4.02,S
2021-07-01T09:38:09,300.0,4.02,S
2021-07-01T09:38:05,1000.0,4.02,S
2021-07-01T09:38:04,2000.0,4.02,S
2021-07-01T09:37:59,4200.0,4.02,S
2021-07-01T09:37:57,500.0,4.02,S
2021-07-01T09:37:51,100.0,4.02,S
2021-07-01T09:37:50,200.0,4.02,S
2021-07-01T09:37:40,1000.0,4.02,S
2021-07-01T09:37:38,4600.0,4.02,S
2021-07-01T09:37:33,300.0,4.03,B
2021-07-01T09:37:27,1000.0,4.02,S
2021-07-01T09:37:22,1300.0,4.03,B
2021-07-01T09:37:21,2000.0,4.03,B
2021-07-01T09:37:17,500.0,4.03,B
2021-07-01T09:36:56,300.0,4.03,B
2021-07-01T09:36:52,200.0,4.03,B
2021-07-01T09:36:43,300.0,4.03,S
2021-07-01T09:36:40,300.0,4.03,S
2021-07-01T09:36:40,5000.0,4.01,S
2021-07-01T09:36:24,1000.0,4.03,S
2021-07-01T09:36:23,1000.0,4.03,S
2021-07-01T09:36:23,200.0,4.02,S
2021-07-01T09:36:22,5000.0,4.0,S
2021-07-01T09:36:22,300.0,4.02,S
2021-07-01T09:36:11,1100.0,4.03,S
2021-07-01T09:36:06,400.0,4.02,S
2021-07-01T09:36:06,300.0,4.02,S
2021-07-01T09:36:03,500.0,4.02,S
2021-07-01T09:36:02,100.0,4.02,S
2021-07-01T09:36:01,1000.0,4.02,S
2021-07-01T09:35:53,10000.0,4.05,B
2021-07-01T09:35:53,300.0,4.05,B
2021-07-01T09:35:44,300.0,4.05,B
2021-07-01T09:35:40,2100.0,4.0,S
2021-07-01T09:35:40,900.0,4.03,S
2021-07-01T09:35:29,200.0,4.02,S
2021-07-01T09:35:24,15000.0,4.0,S
2021-07-01T09:35:21,100.0,4.03,S
2021-07-01T09:35:16,2000.0,4.03,S
2021-07-01T09:35:11,2000.0,4.03,S
2021-07-01T09:34:56,10400.0,4.0,S
2021-07-01T09:34:56,1200.0,4.0,S
2021-07-01T09:34:56,5300.0,4.0,S
2021-07-01T09:34:56,2100.0,4.02,S
2021-07-01T09:34:55,1000.0,4.02,S
2021-07-01T09:34:53,1000.0,4.02,S
2021-07-01T09:34:49,800.0,4.02,S
2021-07-01T09:34:39,300.0,4.05,B
2021-07-01T09:34:29,200.0,4.05,B
2021-07-01T09:34:19,1300.0,4.02,S
2021-07-01T09:34:16,1600.0,4.05,S
2021-07-01T09:34:16,6500.0,4.05,S
2021-07-01T09:34:16,1500.0,4.05,S
2021-07-01T09:34:00,400.0,4.05,S
2021-07-01T09:33:57,400.0,4.05,S
2021-07-01T09:33:57,100.0,4.05,S
2021-07-01T09:33:57,7700.0,4.05,S
2021-07-01T09:33:53,500.0,4.07,B
2021-07-01T09:33:45,200.0,4.07,S
2021-07-01T09:33:39,3000.0,4.07,S
2021-07-01T09:33:38,1000.0,4.07,S
2021-07-01T09:33:31,5000.0,4.06,S
2021-07-01T09:33:30,500.0,4.07,S
2021-07-01T09:33:30,2900.0,4.07,S
2021-07-01T09:33:30,700.0,4.07,S
2021-07-01T09:33:30,2400.0,4.07,S
2021-07-01T09:33:22,500.0,4.07,S
2021-07-01T09:33:20,300.0,4.08,B
2021-07-01T09:33:12,100.0,4.07,S
2021-07-01T09:33:11,2000.0,4.08,S
2021-07-01T09:32:58,500.0,4.08,S
2021-07-01T09:32:57,200.0,4.08,S
2021-07-01T09:32:53,200.0,4.08,S
2021-07-01T09:32:43,100.0,4.08,S
2021-07-01T09:32:43,300.0,4.08,S
2021-07-01T09:32:42,600.0,4.08,S
2021-07-01T09:32:40,1000.0,4.08,S
2021-07-01T09:32:40,3000.0,4.08,S
2021-07-01T09:32:35,300.0,4.1,B
2021-07-01T09:32:21,15000.0,4.08,S
2021-07-01T09:32:08,100.0,4.08,S
2021-07-01T09:31:51,500.0,4.1,B
2021-07-01T09:31:44,1000.0,4.08,S
2021-07-01T09:31:23,2000.0,4.1,B
2021-07-01T09:31:09,600.0,4.08,S
2021-07-01T09:30:37,3500.0,4.1,B
2021-07-01T09:30:33,100.0,4.09,S
2021-07-01T09:30:32,1200.0,4.07,S
2021-07-01T09:30:32,3800.0,4.08,S
2021-07-01T09:30:16,500.0,4.09,S
2021-07-01T09:30:00,300.0,4.1,B
2021-07-01T09:29:56,1000.0,4.1,B
2021-07-01T09:29:38,100.0,4.09,S
2021-07-01T09:29:33,1000.0,4.1,B
2021-07-01T09:29:19,300.0,4.1,B
2021-07-01T09:28:51,100.0,4.1,B
2021-07-01T09:28:45,200.0,4.1,S
2021-07-01T09:28:40,2400.0,4.08,S
2021-07-01T09:28:40,7700.0,4.09,S
2021-07-01T09:28:38,300.0,4.1,S
2021-07-01T09:28:33,5000.0,4.1,S
2021-07-01T09:28:33,200.0,4.1,S
2021-07-01T09:28:31,5000.0,4.1,S
2021-07-01T09:28:15,500.0,4.1,S
2021-07-01T09:28:04,3800.0,4.1,S
2021-07-01T09:27:55,100.0,4.11,B
2021-07-01T09:27:48,1900.0,4.1,S
2021-07-01T09:27:47,1000.0,4.1,S
2021-07-01T09:27:47,600.0,4.1,S
2021-07-01T09:27:46,500.0,4.1,S
2021-07-01T09:27:45,20300.0,4.1,S
2021-07-01T09:27:40,100.0,4.1,S
2021-07-01T09:27:40,500.0,4.1,S
2021-07-01T09:27:35,32600.0,4.1,S
2021-07-01T09:27:26,8000.0,4.1,S
2021-07-01T09:27:09,1000.0,4.1,S
2021-07-01T09:27:06,1100.0,4.1,S
2021-07-01T09:27:05,1300.0,4.1,S
2021-07-01T09:26:55,5100.0,4.1,S
2021-07-01T09:26:55,4300.0,4.1,S
2021-07-01T09:26:55,500.0,4.1,S
2021-07-01T09:26:55,800.0,4.1,S
2021-07-01T09:26:55,500.0,4.1,S
2021-07-01T09:26:55,2000.0,4.1,S
2021-07-01T09:26:55,2000.0,4.1,S
2021-07-01T09:26:55,5000.0,4.1,S
2021-07-01T09:26:42,600.0,4.11,B
2021-07-01T09:26:35,10000.0,4.1,S
2021-07-01T09:26:30,4000.0,4.1,S
2021-07-01T09:25:57,600.0,4.11,S
2021-07-01T09:25:45,1000.0,4.11,S
2021-07-01T09:25:20,500.0,4.11,S
2021-07-01T09:25:20,2400.0,4.11,S
2021-07-01T09:25:20,200.0,4.11,S
2021-07-01T09:25:19,15200.0,4.11,S
2021-07-01T09:25:16,5000.0,4.11,S
2021-07-01T09:25:11,5000.0,4.11,S
2021-07-01T09:25:08,200.0,4.12,B
2021-07-01T09:25:05,5000.0,4.11,S
2021-07-01T09:25:01,3600.0,4.11,S
2021-07-01T09:24:56,5000.0,4.11,S
2021-07-01T09:24:54,2000.0,4.11,S
2021-07-01T09:24:45,2000.0,4.11,S
2021-07-01T09:24:39,200.0,4.11,S
2021-07-01T09:24:38,1100.0,4.11,S
2021-07-01T09:24:23,700.0,4.12,B
2021-07-01T09:24:18,200.0,4.11,S
2021-07-01T09:24:11,2300.0,4.11,S
2021-07-01T09:24:09,200.0,4.12,B
2021-07-01T09:24:09,1000.0,4.12,B
2021-07-01T09:23:50,600.0,4.12,S
2021-07-01T09:23:50,100.0,4.12,S
2021-07-01T09:23:50,2200.0,4.12,S
2021-07-01T09:23:50,4100.0,4.12,S
2021-07-01T09:23:50,200.0,4.12,S
2021-07-01T09:23:50,200.0,4.12,S
2021-07-01T09:23:50,500.0,4.12,S
2021-07-01T09:23:50,300.0,4.12,S
2021-07-01T09:23:50,100.0,4.12,S
2021-07-01T09:23:50,20000.0,4.12,S
2021-07-01T09:23:50,14100.0,4.12,S
2021-07-01T09:23:50,1000.0,4.13,S
2021-07-01T09:23:50,1300.0,4.13,S
2021-07-01T09:23:50,5000.0,4.13,S
2021-07-01T09:23:50,1000.0,4.13,S
2021-07-01T09:23:50,500.0,4.14,S
2021-07-01T09:23:50,1000.0,4.14,S
2021-07-01T09:23:50,9700.0,4.14,S
2021-07-01T09:23:43,1500.0,4.14,S
2021-07-01T09:23:32,10000.0,4.14,S
2021-07-01T09:23:25,1800.0,4.15,B
2021-07-01T09:23:25,3300.0,4.15,B
2021-07-01T09:23:16,100.0,4.14,S
2021-07-01T09:23:02,800.0,4.14,S
2021-07-01T09:22:47,10000.0,4.14,S
2021-07-01T09:22:43,30000.0,4.15,B
2021-07-01T09:22:41,100.0,4.14,S
2021-07-01T09:22:33,5800.0,4.14,S
2021-07-01T09:22:22,5000.0,4.14,S
2021-07-01T09:22:21,500.0,4.14,S
2021-07-01T09:22:13,10000.0,4.14,S
2021-07-01T09:21:49,14300.0,4.14,B
2021-07-01T09:21:38,3600.0,4.14,B
2021-07-01T09:21:38,1400.0,4.13,S
2021-07-01T09:21:23,1200.0,4.12,S
2021-07-01T09:21:16,700.0,4.13,S
2021-07-01T09:21:13,100.0,4.13,S
2021-07-01T09:21:09,100.0,4.13,S
2021-07-01T09:21:03,900.0,4.13,S
2021-07-01T09:21:03,1100.0,4.13,S
2021-07-01T09:21:02,8400.0,4.13,S
2021-07-01T09:21:02,500.0,4.13,S
2021-07-01T09:20:54,100.0,4.13,S
2021-07-01T09:20:49,5000.0,4.14,B
2021-07-01T09:20:48,1000.0,4.13,S
2021-07-01T09:20:47,400.0,4.14,B
2021-07-01T09:20:30,500.0,4.14,B
2021-07-01T09:20:25,1000.0,4.14,B
2021-07-01T09:19:59,11300.0,4.14,S
2021-07-01T09:19:45,600.0,4.15,S
2021-07-01T09:19:40,1000.0,4.15,S
2021-07-01T09:19:39,4400.0,4.16,B
2021-07-01T09:19:16,1900.0,4.16,S
2021-07-01T09:18:45,1000.0,4.16,B
2021-07-01T09:18:38,2000.0,4.15,S
2021-07-01T09:18:36,2000.0,4.16,S
2021-07-01T09:18:33,700.0,4.18,S
2021-07-01T09:18:17,1000.0,4.19,B
2021-07-01T09:18:02,1000.0,4.19,B
2021-07-01T09:17:57,300.0,4.19,B
2021-07-01T09:17:32,500.0,4.19,B
2021-07-01T09:17:23,200.0,4.19,B
