tradingTime,volume,price,side
2021-07-01T14:29:46,3400.0,5.2,B
2021-07-01T14:28:04,100.0,5.2,B
2021-07-01T14:28:02,200.0,5.2,B
2021-07-01T14:28:00,100000.0,5.1,S
2021-07-01T14:27:33,100.0,5.2,B
2021-07-01T14:27:25,200.0,5.1,S
2021-07-01T14:26:57,100.0,5.2,B
2021-07-01T14:26:51,3200.0,5.1,S
2021-07-01T14:26:46,100.0,5.2,B
2021-07-01T14:26:36,10000.0,5.1,S
2021-07-01T14:25:11,100.0,5.2,B
2021-07-01T14:24:55,400.0,5.2,B
2021-07-01T14:24:52,500.0,5.2,B
2021-07-01T14:24:32,100.0,5.2,B
2021-07-01T14:24:22,100.0,5.1,S
2021-07-01T14:23:56,400.0,5.2,B
2021-07-01T14:23:34,5000.0,5.2,B
2021-07-01T14:23:31,200.0,5.2,B
2021-07-01T14:23:30,7000.0,5.2,B
2021-07-01T14:23:21,19800.0,5.2,B
2021-07-01T14:22:52,4100.0,5.2,B
2021-07-01T14:22:36,1500.0,5.2,B
2021-07-01T14:21:35,100.0,5.2,B
2021-07-01T14:21:30,200.0,5.1,S
2021-07-01T14:21:01,40200.0,5.2,B
2021-07-01T14:20:55,600.0,5.2,B
2021-07-01T14:19:55,100.0,5.2,B
2021-07-01T14:19:52,118800.0,5.1,S
2021-07-01T14:18:50,100.0,5.2,B
2021-07-01T14:18:50,7700.0,5.1,S
2021-07-01T14:18:36,4000.0,5.1,S
2021-07-01T14:18:34,20700.0,5.1,S
2021-07-01T14:18:10,100.0,5.2,B
2021-07-01T14:17:56,184500.0,5.1,S
2021-07-01T14:16:28,500.0,5.2,B
2021-07-01T14:16:19,100.0,5.2,B
2021-07-01T14:16:10,700.0,5.1,S
2021-07-01T14:15:43,100.0,5.2,B
2021-07-01T14:15:30,5000.0,5.1,S
2021-07-01T14:14:58,300.0,5.2,B
2021-07-01T14:14:26,100.0,5.2,B
2021-07-01T14:14:12,4000.0,5.1,S
2021-07-01T14:13:42,200.0,5.2,B
2021-07-01T14:13:35,100.0,5.2,B
2021-07-01T14:13:29,200.0,5.2,B
2021-07-01T14:13:24,30400.0,5.1,S
2021-07-01T14:13:11,1500.0,5.2,B
2021-07-01T14:12:34,100.0,5.2,B
2021-07-01T14:12:04,100.0,5.1,S
2021-07-01T14:12:00,300.0,5.2,B
2021-07-01T14:11:50,2000.0,5.2,B
2021-07-01T14:09:48,1000.0,5.2,B
2021-07-01T14:09:38,100.0,5.2,B
2021-07-01T14:08:46,100.0,5.2,B
2021-07-01T14:07:39,600.0,5.2,B
2021-07-01T14:05:18,4000.0,5.2,B
2021-07-01T14:04:52,500.0,5.2,B
2021-07-01T14:04:37,2300.0,5.2,B
2021-07-01T14:04:12,400.0,5.2,B
2021-07-01T14:03:28,100.0,5.2,B
2021-07-01T14:02:46,1300.0,5.1,S
2021-07-01T13:58:55,400.0,5.2,B
2021-07-01T13:58:54,10000.0,5.2,B
2021-07-01T13:58:00,500.0,5.2,B
2021-07-01T13:56:59,200.0,5.2,B
2021-07-01T13:55:31,200.0,5.2,B
2021-07-01T13:54:55,100.0,5.2,B
2021-07-01T13:54:29,4000.0,5.1,S
2021-07-01T13:53:17,100.0,5.2,B
2021-07-01T13:53:01,1000.0,5.1,S
2021-07-01T13:51:58,100.0,5.2,B
2021-07-01T13:51:44,3000.0,5.1,S
2021-07-01T13:50:37,100.0,5.2,B
2021-07-01T13:50:27,1000.0,5.1,S
2021-07-01T13:50:15,100.0,5.2,B
2021-07-01T13:50:06,500.0,5.1,S
2021-07-01T13:49:46,600.0,5.1,S
2021-07-01T13:48:48,5000.0,5.2,B
2021-07-01T13:48:12,300.0,5.2,B
2021-07-01T13:47:36,3000.0,5.2,B
2021-07-01T13:47:15,200.0,5.2,B
2021-07-01T13:46:44,3000.0,5.2,B
2021-07-01T13:46:31,20000.0,5.1,S
2021-07-01T13:44:02,1000.0,5.2,B
2021-07-01T13:43:40,800.0,5.2,B
2021-07-01T13:43:26,1000.0,5.2,B
2021-07-01T13:42:54,9000.0,5.2,B
2021-07-01T13:42:35,500.0,5.1,S
2021-07-01T13:41:07,500.0,5.1,S
2021-07-01T13:40:55,3000.0,5.2,B
2021-07-01T13:40:31,1200.0,5.2,B
2021-07-01T13:40:28,1000.0,5.2,B
2021-07-01T13:40:23,200.0,5.2,B
2021-07-01T13:39:35,1100.0,5.2,B
2021-07-01T13:39:34,100.0,5.2,B
2021-07-01T13:38:26,1000.0,5.2,B
2021-07-01T13:38:08,100.0,5.2,B
2021-07-01T13:37:53,700.0,5.2,B
2021-07-01T13:37:19,500.0,5.2,B
2021-07-01T13:37:17,8000.0,5.2,B
2021-07-01T13:37:16,600.0,5.2,B
2021-07-01T13:36:39,15700.0,5.2,B
2021-07-01T13:36:36,2000.0,5.1,S
2021-07-01T13:36:35,100.0,5.2,B
2021-07-01T13:36:28,1000.0,5.2,B
2021-07-01T13:36:25,1000.0,5.2,B
2021-07-01T13:35:50,11100.0,5.2,B
2021-07-01T13:35:43,2000.0,5.2,B
2021-07-01T13:34:47,1700.0,5.2,B
2021-07-01T13:34:45,20000.0,5.2,B
2021-07-01T13:34:36,9000.0,5.2,B
2021-07-01T13:34:27,50000.0,5.2,B
2021-07-01T13:34:07,1000.0,5.2,B
2021-07-01T13:33:55,2400.0,5.2,B
2021-07-01T13:33:52,1900.0,5.2,B
2021-07-01T13:33:38,10000.0,5.2,B
2021-07-01T13:32:56,1000.0,5.2,B
2021-07-01T13:32:53,2200.0,5.2,B
2021-07-01T13:32:39,100.0,5.2,B
2021-07-01T13:32:07,1000.0,5.1,S
2021-07-01T13:32:00,100.0,5.2,B
2021-07-01T13:31:34,100.0,5.2,B
2021-07-01T13:31:09,100.0,5.2,B
2021-07-01T13:30:18,400.0,5.1,S
2021-07-01T13:29:33,100.0,5.2,B
2021-07-01T13:28:53,186400.0,5.1,B
2021-07-01T13:28:49,1000.0,5.1,B
2021-07-01T13:28:47,100.0,5.1,B
2021-07-01T13:28:43,100.0,5.1,B
2021-07-01T13:28:26,1000.0,5.1,B
2021-07-01T13:28:13,500.0,5.1,B
2021-07-01T13:27:54,2000.0,5.1,B
2021-07-01T13:27:53,100.0,5.1,B
2021-07-01T13:27:11,500.0,5.1,B
2021-07-01T13:26:58,200.0,5.1,B
2021-07-01T13:26:56,500.0,5.1,B
2021-07-01T13:26:47,500.0,5.1,B
2021-07-01T13:26:44,2000.0,5.1,B
2021-07-01T13:26:30,500.0,5.1,B
2021-07-01T13:26:27,100.0,5.1,B
2021-07-01T13:26:21,1000.0,5.1,B
2021-07-01T13:26:17,5000.0,5.1,B
2021-07-01T13:26:05,10000.0,5.1,B
2021-07-01T13:25:52,10000.0,5.1,B
2021-07-01T13:25:52,200.0,5.1,B
2021-07-01T13:25:43,500.0,5.1,B
2021-07-01T13:25:42,100.0,5.0,S
2021-07-01T13:25:29,100.0,5.0,S
2021-07-01T13:25:01,1000.0,5.0,S
2021-07-01T13:24:43,2000.0,5.1,B
2021-07-01T13:24:37,7000.0,5.1,B
2021-07-01T13:24:27,5000.0,5.1,B
2021-07-01T13:23:55,1000.0,5.1,B
2021-07-01T13:23:41,10000.0,5.1,B
2021-07-01T13:23:38,6500.0,5.1,B
2021-07-01T13:23:29,15000.0,5.0,S
2021-07-01T13:23:18,1000.0,5.1,B
2021-07-01T13:23:11,12000.0,5.1,B
2021-07-01T13:23:07,400.0,5.1,B
2021-07-01T13:23:03,51900.0,5.1,B
2021-07-01T13:22:52,200.0,5.1,B
2021-07-01T13:22:49,200.0,5.1,B
2021-07-01T13:22:36,1000.0,5.1,B
2021-07-01T13:22:35,10000.0,5.1,B
2021-07-01T13:22:34,4000.0,5.1,B
2021-07-01T13:22:26,200.0,5.1,B
2021-07-01T13:22:19,9200.0,5.1,B
2021-07-01T13:22:16,3000.0,5.1,S
2021-07-01T13:22:06,3000.0,5.1,S
2021-07-01T13:21:59,500.0,5.1,S
2021-07-01T13:21:53,10000.0,5.1,S
2021-07-01T13:21:16,1000.0,5.1,S
2021-07-01T13:21:12,3000.0,5.1,S
2021-07-01T13:21:02,3000.0,5.1,S
2021-07-01T13:20:52,1500.0,5.1,S
2021-07-01T13:20:50,3000.0,5.1,S
2021-07-01T13:20:41,16100.0,5.1,S
2021-07-01T13:20:16,80000.0,5.1,S
2021-07-01T13:20:15,500.0,5.1,S
2021-07-01T13:20:02,1000.0,5.1,S
2021-07-01T13:18:47,1300.0,5.1,B
2021-07-01T13:18:41,1500.0,5.1,B
2021-07-01T13:18:36,200.0,5.1,B
2021-07-01T13:18:35,6000.0,5.1,B
2021-07-01T13:18:34,3900.0,5.0,S
2021-07-01T13:18:32,10000.0,5.1,B
2021-07-01T13:18:30,500.0,5.1,B
2021-07-01T13:18:28,100.0,5.1,B
2021-07-01T13:18:24,2000.0,5.1,B
2021-07-01T13:18:23,3000.0,5.1,B
2021-07-01T13:18:21,6000.0,5.1,B
2021-07-01T13:18:13,2200.0,5.1,B
2021-07-01T13:18:11,4000.0,5.1,B
2021-07-01T13:18:11,1000.0,5.1,B
2021-07-01T13:18:10,4000.0,5.1,B
2021-07-01T13:18:09,10000.0,5.1,B
2021-07-01T13:18:08,10000.0,5.1,B
2021-07-01T13:18:07,200.0,5.1,B
2021-07-01T13:18:04,1000.0,5.1,B
2021-07-01T13:17:59,500.0,5.1,B
2021-07-01T13:17:58,10000.0,5.1,B
2021-07-01T13:17:56,1000.0,5.1,B
2021-07-01T13:17:55,400.0,5.0,S
2021-07-01T13:17:53,800.0,5.1,B
2021-07-01T13:17:52,20000.0,5.1,B
2021-07-01T13:17:49,1000.0,5.1,B
2021-07-01T13:17:49,1000.0,5.1,B
2021-07-01T13:17:49,2000.0,5.1,B
2021-07-01T13:17:47,25000.0,5.1,B
2021-07-01T13:17:45,3000.0,5.1,B
2021-07-01T13:17:42,200.0,5.1,B
2021-07-01T13:17:38,3000.0,5.1,B
2021-07-01T13:17:38,500.0,5.1,B
2021-07-01T13:17:35,100.0,5.1,B
2021-07-01T13:17:33,20000.0,5.1,B
2021-07-01T13:17:32,10000.0,5.1,B
2021-07-01T13:17:31,400.0,5.1,B
2021-07-01T13:17:30,2000.0,5.1,B
2021-07-01T13:17:29,100.0,5.1,B
2021-07-01T13:17:27,9800.0,5.1,B
2021-07-01T13:17:24,100.0,5.1,B
2021-07-01T13:17:21,5000.0,5.1,B
2021-07-01T13:17:15,30000.0,5.1,B
2021-07-01T13:17:06,10000.0,5.1,B
2021-07-01T13:16:57,20000.0,5.1,B
2021-07-01T13:16:54,200.0,5.1,B
2021-07-01T13:16:45,3000.0,5.1,B
2021-07-01T13:16:43,2000.0,5.1,B
2021-07-01T13:16:40,100.0,5.1,B
2021-07-01T13:16:34,4000.0,5.1,B
2021-07-01T13:16:30,1100.0,5.1,B
2021-07-01T13:16:28,1000.0,5.1,B
2021-07-01T13:16:27,6000.0,5.1,B
2021-07-01T13:16:24,20000.0,5.1,B
2021-07-01T13:16:18,100.0,5.1,B
2021-07-01T13:16:16,20000.0,5.1,B
2021-07-01T13:16:13,1000.0,5.1,B
2021-07-01T13:16:05,4200.0,5.1,B
2021-07-01T13:16:04,30000.0,5.1,B
2021-07-01T13:16:02,10000.0,5.1,B
2021-07-01T13:15:52,4000.0,5.1,B
2021-07-01T13:15:41,1100.0,5.1,B
2021-07-01T13:15:36,2700.0,5.1,B
2021-07-01T13:15:29,100.0,5.1,B
2021-07-01T13:15:24,5000.0,5.1,B
2021-07-01T13:15:23,400.0,5.1,B
2021-07-01T13:15:14,100.0,5.1,B
2021-07-01T13:15:11,300.0,5.1,B
2021-07-01T13:15:08,9000.0,5.1,B
2021-07-01T13:15:07,100.0,5.1,B
2021-07-01T13:15:04,500.0,5.1,B
2021-07-01T13:15:03,3000.0,5.1,B
2021-07-01T13:14:41,100.0,5.1,B
2021-07-01T13:14:38,200.0,5.1,B
2021-07-01T13:14:37,5000.0,5.1,B
2021-07-01T13:14:28,20000.0,5.1,B
2021-07-01T13:14:15,3500.0,5.1,B
2021-07-01T13:14:12,9000.0,5.1,B
2021-07-01T13:14:08,300.0,5.1,B
2021-07-01T13:13:38,900.0,5.1,B
2021-07-01T13:13:16,200.0,5.1,B
2021-07-01T13:13:10,3400.0,5.1,B
2021-07-01T13:13:07,100.0,5.1,B
2021-07-01T13:12:54,2000.0,5.1,B
2021-07-01T13:12:54,10000.0,5.1,B
2021-07-01T13:12:29,900.0,5.1,B
2021-07-01T13:12:27,1000.0,5.1,B
2021-07-01T13:12:04,500.0,5.1,B
2021-07-01T13:11:56,500.0,5.1,B
2021-07-01T13:11:48,1000.0,5.1,B
2021-07-01T13:11:21,1000.0,5.1,B
2021-07-01T13:11:18,200.0,5.1,B
2021-07-01T13:10:51,1000.0,5.1,B
2021-07-01T13:10:46,300.0,5.1,B
2021-07-01T13:10:41,5000.0,5.1,B
2021-07-01T13:10:32,1000.0,5.1,B
2021-07-01T13:10:32,100.0,5.1,B
2021-07-01T13:10:26,100.0,5.1,B
2021-07-01T13:10:18,200.0,5.1,B
2021-07-01T13:10:06,200.0,5.1,B
2021-07-01T13:10:03,400.0,5.1,B
2021-07-01T13:09:35,900.0,5.1,B
2021-07-01T13:09:26,1000.0,5.1,B
2021-07-01T13:09:25,1100.0,5.1,B
2021-07-01T13:09:19,2000.0,5.1,B
2021-07-01T13:09:03,400.0,5.1,B
2021-07-01T13:08:28,300.0,5.0,S
2021-07-01T13:08:12,400.0,5.0,S
2021-07-01T13:08:03,1500.0,5.0,S
2021-07-01T13:08:01,2500.0,5.1,B
2021-07-01T13:07:47,200.0,5.1,B
2021-07-01T13:07:38,1100.0,5.1,B
2021-07-01T13:07:33,200.0,5.1,B
2021-07-01T13:07:13,200.0,5.1,B
2021-07-01T13:06:44,1500.0,5.1,B
2021-07-01T13:06:30,500.0,5.1,B
2021-07-01T13:06:26,1000.0,5.1,B
2021-07-01T13:06:16,100.0,5.1,B
2021-07-01T13:06:11,1000.0,5.1,B
2021-07-01T13:06:09,6000.0,5.0,S
2021-07-01T13:05:49,700.0,5.1,B
2021-07-01T13:05:16,300.0,5.0,S
2021-07-01T13:05:01,10000.0,5.0,S
2021-07-01T13:04:47,1500.0,5.0,S
2021-07-01T13:04:33,50000.0,5.0,S
2021-07-01T13:03:18,4000.0,5.0,S
2021-07-01T13:02:56,10000.0,5.0,S
2021-07-01T13:02:31,500.0,5.1,B
2021-07-01T13:01:32,4000.0,5.1,B
2021-07-01T13:01:28,5000.0,5.1,B
2021-07-01T13:00:44,900.0,5.1,B
2021-07-01T13:00:36,1000.0,5.1,B
2021-07-01T13:00:32,1000.0,5.1,B
2021-07-01T13:00:10,34900.0,5.1,B
2021-07-01T13:00:06,2100.0,5.1,B
2021-07-01T13:00:06,1200.0,5.1,B
2021-07-01T13:00:05,1300.0,5.1,B
2021-07-01T13:00:04,6300.0,5.1,B
2021-07-01T13:00:03,1600.0,5.1,B
2021-07-01T13:00:03,5800.0,5.1,B
2021-07-01T13:00:02,500.0,5.1,B
2021-07-01T11:29:30,6000.0,5.1,B
2021-07-01T11:27:54,500.0,5.0,S
2021-07-01T11:27:28,4000.0,5.0,S
2021-07-01T11:27:05,3700.0,5.1,B
2021-07-01T11:26:46,100.0,5.1,B
2021-07-01T11:26:23,2000.0,5.1,B
2021-07-01T11:26:09,1000.0,5.1,B
2021-07-01T11:25:48,300.0,5.1,B
2021-07-01T11:25:29,2800.0,5.1,B
2021-07-01T11:25:17,1000.0,5.1,B
2021-07-01T11:25:16,500.0,5.1,B
2021-07-01T11:25:02,100.0,5.1,B
2021-07-01T11:24:34,240800.0,5.1,S
2021-07-01T11:24:05,5000.0,5.1,S
2021-07-01T11:23:39,2500.0,5.1,S
2021-07-01T11:23:03,2000.0,5.1,S
2021-07-01T11:21:57,5000.0,5.1,S
2021-07-01T11:21:12,10000.0,5.1,S
2021-07-01T11:20:57,300.0,5.1,S
2021-07-01T11:20:01,400.0,5.1,S
2021-07-01T11:17:25,50000.0,5.1,S
2021-07-01T11:15:13,500.0,5.1,S
2021-07-01T11:14:55,10000.0,5.1,S
2021-07-01T11:13:35,900.0,5.1,S
2021-07-01T11:13:02,400.0,5.1,S
2021-07-01T11:12:33,100.0,5.1,S
2021-07-01T11:12:17,2500.0,5.1,S
2021-07-01T11:10:42,17000.0,5.1,B
2021-07-01T11:10:40,5000.0,5.1,B
2021-07-01T11:10:38,2000.0,5.1,B
2021-07-01T11:10:35,1000.0,5.1,B
2021-07-01T11:10:31,25000.0,5.1,B
2021-07-01T11:10:31,15000.0,5.1,B
2021-07-01T11:10:28,10000.0,5.1,B
2021-07-01T11:10:26,1000.0,5.1,B
2021-07-01T11:10:24,60000.0,5.1,B
2021-07-01T11:10:24,2000.0,5.1,B
2021-07-01T11:10:21,500.0,5.1,B
2021-07-01T11:10:15,20000.0,5.1,B
2021-07-01T11:10:05,2000.0,5.1,B
2021-07-01T11:09:58,3000.0,5.1,B
2021-07-01T11:09:56,9000.0,5.1,B
2021-07-01T11:09:56,5000.0,5.1,B
2021-07-01T11:09:55,5000.0,5.1,B
2021-07-01T11:09:53,10000.0,5.1,B
2021-07-01T11:09:51,25000.0,5.1,B
2021-07-01T11:09:48,5000.0,5.1,B
2021-07-01T11:09:38,400.0,5.1,B
2021-07-01T11:09:35,2000.0,5.1,B
2021-07-01T11:09:34,10000.0,5.1,B
2021-07-01T11:09:28,20000.0,5.1,B
2021-07-01T11:09:27,4000.0,5.1,B
2021-07-01T11:09:26,1300.0,5.1,B
2021-07-01T11:09:16,10000.0,5.1,B
2021-07-01T11:09:03,10000.0,5.1,B
2021-07-01T11:09:02,400.0,5.1,B
2021-07-01T11:09:01,5000.0,5.1,B
2021-07-01T11:09:00,10000.0,5.1,B
2021-07-01T11:08:49,3000.0,5.1,B
2021-07-01T11:08:41,1000.0,5.1,B
2021-07-01T11:08:36,50000.0,5.1,B
2021-07-01T11:08:32,300.0,5.1,B
2021-07-01T11:08:30,500.0,5.1,B
2021-07-01T11:08:19,10000.0,5.1,B
2021-07-01T11:08:15,300.0,5.1,B
2021-07-01T11:08:13,400.0,5.1,B
2021-07-01T11:08:12,12400.0,5.1,B
2021-07-01T11:08:05,500.0,5.1,B
2021-07-01T11:08:00,100.0,5.1,B
2021-07-01T11:06:56,1000.0,5.1,B
2021-07-01T11:06:39,2000.0,5.1,B
2021-07-01T11:06:18,7200.0,5.0,S
2021-07-01T11:06:11,5000.0,5.1,B
2021-07-01T11:06:09,50000.0,5.1,B
2021-07-01T11:06:07,10000.0,5.1,B
2021-07-01T11:05:27,100.0,5.1,B
2021-07-01T11:04:56,400.0,5.1,B
2021-07-01T11:04:36,11300.0,5.1,B
2021-07-01T11:04:33,2000.0,5.1,B
2021-07-01T11:04:14,3000.0,5.1,B
2021-07-01T11:04:11,300.0,5.1,B
2021-07-01T11:04:00,200.0,5.1,B
2021-07-01T11:03:29,4700.0,5.1,B
2021-07-01T11:02:55,400.0,5.1,B
2021-07-01T11:02:01,200.0,5.1,B
2021-07-01T11:01:51,100.0,5.1,B
2021-07-01T11:01:46,10000.0,5.1,B
2021-07-01T11:01:34,300.0,5.1,B
2021-07-01T11:01:29,45000.0,5.1,B
2021-07-01T11:00:35,3000.0,5.1,B
2021-07-01T11:00:30,1000.0,5.1,B
2021-07-01T10:59:51,10000.0,5.1,B
2021-07-01T10:59:40,900.0,5.1,B
2021-07-01T10:59:22,3000.0,5.1,B
2021-07-01T10:58:32,500.0,5.1,B
2021-07-01T10:58:20,5000.0,5.0,S
2021-07-01T10:58:06,1500.0,5.1,B
2021-07-01T10:58:05,300.0,5.1,B
2021-07-01T10:57:41,400.0,5.1,B
2021-07-01T10:57:40,20000.0,5.1,B
2021-07-01T10:56:41,7200.0,5.0,S
2021-07-01T10:56:40,500.0,5.1,B
2021-07-01T10:56:37,100.0,5.1,B
2021-07-01T10:56:35,700.0,5.1,B
2021-07-01T10:56:20,500.0,5.1,B
2021-07-01T10:56:19,1400.0,5.1,B
2021-07-01T10:55:46,900.0,5.1,B
2021-07-01T10:55:26,100.0,5.1,B
2021-07-01T10:55:23,2000.0,5.1,B
2021-07-01T10:55:20,2000.0,5.1,B
2021-07-01T10:54:57,100.0,5.1,B
2021-07-01T10:54:46,1500.0,5.1,B
2021-07-01T10:54:32,1400.0,5.1,B
2021-07-01T10:54:25,200.0,5.1,B
2021-07-01T10:54:16,2000.0,5.1,B
2021-07-01T10:53:28,400.0,5.1,B
2021-07-01T10:53:21,100.0,5.1,B
2021-07-01T10:53:15,200.0,5.1,B
2021-07-01T10:52:58,4500.0,5.1,B
2021-07-01T10:52:57,1000.0,5.0,S
2021-07-01T10:52:45,400.0,5.1,B
2021-07-01T10:52:44,500.0,5.1,B
2021-07-01T10:52:32,1000.0,5.1,B
2021-07-01T10:52:10,200.0,5.1,B
2021-07-01T10:52:09,300.0,5.1,B
2021-07-01T10:52:08,2000.0,5.1,B
2021-07-01T10:52:02,4300.0,5.1,B
2021-07-01T10:52:02,500.0,5.1,B
2021-07-01T10:51:44,2000.0,5.1,B
2021-07-01T10:51:40,2000.0,5.1,B
2021-07-01T10:51:16,800.0,5.1,B
2021-07-01T10:51:14,2000.0,5.0,S
2021-07-01T10:50:57,200.0,5.1,B
2021-07-01T10:50:54,2000.0,5.1,B
2021-07-01T10:50:25,5000.0,5.1,B
2021-07-01T10:50:21,500.0,5.1,B
2021-07-01T10:50:19,1000.0,5.1,B
2021-07-01T10:50:11,200.0,5.1,B
2021-07-01T10:49:49,200.0,5.1,B
2021-07-01T10:49:48,200.0,5.0,S
2021-07-01T10:48:56,500.0,5.1,B
2021-07-01T10:48:42,100.0,5.1,B
2021-07-01T10:48:41,1000.0,5.1,B
2021-07-01T10:48:22,10000.0,5.1,B
2021-07-01T10:48:18,4000.0,5.1,B
2021-07-01T10:48:11,200.0,5.1,B
2021-07-01T10:47:26,400.0,5.1,B
2021-07-01T10:46:51,1000.0,5.1,B
2021-07-01T10:46:44,1000.0,5.1,B
2021-07-01T10:46:38,2100.0,5.1,B
2021-07-01T10:46:33,100.0,5.1,B
2021-07-01T10:46:30,1000.0,5.1,B
2021-07-01T10:46:10,2500.0,5.1,B
2021-07-01T10:46:08,700.0,5.1,B
2021-07-01T10:46:03,10000.0,5.0,S
2021-07-01T10:45:50,800.0,5.1,B
2021-07-01T10:45:40,500.0,5.1,B
2021-07-01T10:45:25,1000.0,5.1,B
2021-07-01T10:45:16,200.0,5.0,S
2021-07-01T10:45:14,50000.0,5.1,B
2021-07-01T10:45:05,2000.0,5.0,S
2021-07-01T10:45:01,10000.0,5.1,B
2021-07-01T10:44:59,1000.0,5.1,B
2021-07-01T10:44:54,1000.0,5.1,B
2021-07-01T10:44:53,4000.0,5.1,B
2021-07-01T10:44:51,1000.0,5.1,B
2021-07-01T10:44:44,20000.0,5.1,B
2021-07-01T10:44:17,3000.0,5.1,B
2021-07-01T10:44:13,500.0,5.1,B
2021-07-01T10:44:07,1500.0,5.1,B
2021-07-01T10:43:52,20000.0,5.1,B
2021-07-01T10:43:32,100.0,5.1,B
2021-07-01T10:43:01,39600.0,5.1,B
2021-07-01T10:42:52,5000.0,5.1,B
2021-07-01T10:42:38,5000.0,5.1,B
2021-07-01T10:42:10,500.0,5.1,B
2021-07-01T10:41:54,100.0,5.1,B
2021-07-01T10:41:47,5000.0,5.1,B
2021-07-01T10:41:34,10000.0,5.1,B
2021-07-01T10:41:33,1000.0,5.1,B
2021-07-01T10:41:31,100.0,5.1,B
2021-07-01T10:41:23,63100.0,5.1,B
2021-07-01T10:41:22,1000.0,5.1,B
2021-07-01T10:41:20,2000.0,5.1,B
2021-07-01T10:41:00,1000.0,5.1,B
2021-07-01T10:40:48,9800.0,5.1,B
2021-07-01T10:40:46,100.0,5.1,B
2021-07-01T10:40:43,200.0,5.1,B
2021-07-01T10:40:42,2000.0,5.1,B
2021-07-01T10:40:33,5000.0,5.1,B
2021-07-01T10:40:29,9100.0,5.1,B
2021-07-01T10:40:20,2000.0,5.1,B
2021-07-01T10:40:18,1000.0,5.1,B
2021-07-01T10:39:58,200.0,5.1,B
2021-07-01T10:39:55,1300.0,5.1,B
2021-07-01T10:39:30,600.0,5.1,B
2021-07-01T10:39:29,200.0,5.1,B
2021-07-01T10:39:23,12700.0,5.0,S
2021-07-01T10:39:23,5000.0,5.1,B
2021-07-01T10:39:10,1000.0,5.1,B
2021-07-01T10:39:08,5100.0,5.1,B
2021-07-01T10:38:57,100.0,5.1,B
2021-07-01T10:38:47,300.0,5.1,B
2021-07-01T10:38:22,600.0,5.1,B
2021-07-01T10:38:15,1700.0,5.1,B
2021-07-01T10:38:13,2000.0,5.1,B
2021-07-01T10:38:11,200.0,5.0,S
2021-07-01T10:38:10,30000.0,5.1,B
2021-07-01T10:37:56,3700.0,5.1,B
2021-07-01T10:37:48,500.0,5.1,B
2021-07-01T10:37:39,100.0,5.1,B
2021-07-01T10:37:32,2000.0,5.1,B
2021-07-01T10:37:29,2600.0,5.1,B
2021-07-01T10:37:01,100.0,5.1,B
2021-07-01T10:36:53,800.0,5.1,B
2021-07-01T10:36:46,1000.0,5.1,B
2021-07-01T10:36:40,248900.0,5.1,S
2021-07-01T10:36:25,2000.0,5.1,S
2021-07-01T10:36:16,45600.0,5.1,S
2021-07-01T10:36:14,100.0,5.1,S
2021-07-01T10:36:09,44000.0,5.1,S
2021-07-01T10:35:45,18400.0,5.1,S
2021-07-01T10:35:30,100.0,5.2,B
2021-07-01T10:35:12,24400.0,5.1,S
2021-07-01T10:34:53,3000.0,5.1,S
2021-07-01T10:34:45,3000.0,5.1,S
2021-07-01T10:33:20,500.0,5.1,S
2021-07-01T10:32:15,800.0,5.1,S
2021-07-01T10:31:59,1000.0,5.2,B
2021-07-01T10:31:54,500.0,5.1,S
2021-07-01T10:31:14,3600.0,5.1,S
2021-07-01T10:31:09,15000.0,5.1,S
2021-07-01T10:30:23,6500.0,5.1,S
2021-07-01T10:30:14,15500.0,5.1,S
2021-07-01T10:29:54,1000.0,5.2,B
2021-07-01T10:28:33,1000.0,5.2,B
2021-07-01T10:28:08,3500.0,5.1,S
2021-07-01T10:25:04,100.0,5.2,B
2021-07-01T10:24:08,100.0,5.2,B
2021-07-01T10:23:58,13300.0,5.1,S
2021-07-01T10:23:54,2000.0,5.1,S
2021-07-01T10:23:30,7400.0,5.1,S
2021-07-01T10:23:24,1000.0,5.1,S
2021-07-01T10:23:08,5000.0,5.1,S
2021-07-01T10:21:56,2000.0,5.1,S
2021-07-01T10:21:42,700.0,5.1,S
2021-07-01T10:21:38,3000.0,5.1,S
2021-07-01T10:21:24,49700.0,5.1,B
2021-07-01T10:21:15,1300.0,5.1,B
2021-07-01T10:21:14,2000.0,5.1,B
2021-07-01T10:21:08,2000.0,5.1,B
2021-07-01T10:21:07,1900.0,5.1,B
2021-07-01T10:21:07,10000.0,5.1,B
2021-07-01T10:21:05,200.0,5.1,B
2021-07-01T10:21:01,2500.0,5.1,B
2021-07-01T10:20:48,5000.0,5.1,B
2021-07-01T10:20:40,2000.0,5.1,B
2021-07-01T10:20:35,10000.0,5.1,B
2021-07-01T10:20:27,200.0,5.1,B
2021-07-01T10:20:20,11500.0,5.1,B
2021-07-01T10:20:19,1000.0,5.1,B
2021-07-01T10:20:14,30000.0,5.1,B
2021-07-01T10:20:14,300.0,5.1,B
2021-07-01T10:20:10,100.0,5.1,B
2021-07-01T10:20:05,10000.0,5.1,B
2021-07-01T10:20:05,500.0,5.1,B
2021-07-01T10:20:00,100.0,5.1,B
2021-07-01T10:19:48,2000.0,5.1,B
2021-07-01T10:19:46,200.0,5.1,B
2021-07-01T10:19:45,3900.0,5.1,B
2021-07-01T10:19:42,200.0,5.1,B
2021-07-01T10:19:41,100.0,5.1,B
2021-07-01T10:19:33,11400.0,5.1,S
2021-07-01T10:19:26,10000.0,5.1,S
2021-07-01T10:19:23,400.0,5.2,B
2021-07-01T10:19:21,20000.0,5.1,S
2021-07-01T10:19:19,500.0,5.1,S
2021-07-01T10:19:16,15000.0,5.1,S
2021-07-01T10:19:11,3100.0,5.1,S
2021-07-01T10:18:57,61900.0,5.1,B
2021-07-01T10:18:51,38100.0,5.1,S
2021-07-01T10:18:50,14000.0,5.1,S
2021-07-01T10:18:28,5000.0,5.1,S
2021-07-01T10:18:20,1100.0,5.1,S
2021-07-01T10:18:16,5000.0,5.1,S
2021-07-01T10:18:11,1000.0,5.1,S
2021-07-01T10:17:59,22000.0,5.1,S
2021-07-01T10:17:41,29600.0,5.1,B
2021-07-01T10:17:41,50000.0,5.1,B
2021-07-01T10:17:38,100.0,5.1,B
2021-07-01T10:17:32,170000.0,5.1,B
2021-07-01T10:17:29,1000.0,5.1,B
2021-07-01T10:17:23,10000.0,5.1,B
2021-07-01T10:17:17.5743037,30000.0,5.1,B
2021-07-01T10:13:01,6800.0,5.1,S
2021-07-01T10:12:58,1000.0,5.1,S
2021-07-01T10:12:32,9300.0,5.1,S
2021-07-01T10:11:34,150000.0,5.1,S
2021-07-01T10:11:28,10000.0,5.1,S
2021-07-01T10:11:26,2300.0,5.1,S
2021-07-01T10:11:25,1000.0,5.1,S
2021-07-01T10:11:16,2000.0,5.1,S
2021-07-01T10:10:25,300.0,5.1,S
2021-07-01T10:10:03,40000.0,5.1,S
2021-07-01T10:10:01,7000.0,5.1,S
2021-07-01T10:09:57,5000.0,5.1,S
2021-07-01T10:09:52,40000.0,5.1,S
2021-07-01T10:09:35,500.0,5.1,S
2021-07-01T10:08:46,200000.0,5.1,S
2021-07-01T10:08:35,1600.0,5.1,S
2021-07-01T10:08:29,300.0,5.1,S
2021-07-01T10:08:02,1000.0,5.1,S
2021-07-01T10:08:01,300.0,5.1,S
2021-07-01T10:07:55,2700.0,5.1,S
2021-07-01T10:06:24,5000.0,5.1,S
2021-07-01T10:05:34,1000.0,5.1,S
2021-07-01T10:04:44,4000.0,5.1,S
2021-07-01T10:04:26,3100.0,5.2,B
2021-07-01T10:04:05,200.0,5.1,S
2021-07-01T10:03:59,10000.0,5.1,S
2021-07-01T10:03:46,4000.0,5.1,S
2021-07-01T10:03:32,900.0,5.1,S
2021-07-01T10:03:02,100100.0,5.1,S
2021-07-01T10:02:39,5000.0,5.1,S
2021-07-01T10:02:05,5000.0,5.1,S
2021-07-01T10:01:24,5000.0,5.1,S
2021-07-01T10:00:42,2000.0,5.1,S
2021-07-01T10:00:11,1000.0,5.2,B
2021-07-01T10:00:10,14300.0,5.1,S
2021-07-01T09:59:31,15000.0,5.2,B
2021-07-01T09:57:49,8200.0,5.2,B
2021-07-01T09:57:49,7800.0,5.2,B
2021-07-01T09:54:52,100.0,5.2,B
2021-07-01T09:54:35,200.0,5.1,S
2021-07-01T09:54:03,3200.0,5.1,S
2021-07-01T09:53:57,2000.0,5.2,B
2021-07-01T09:53:50,1200.0,5.2,B
2021-07-01T09:52:21,5000.0,5.2,B
2021-07-01T09:51:50,500.0,5.2,B
2021-07-01T09:51:00,20000.0,5.2,B
2021-07-01T09:50:30,200.0,5.1,S
2021-07-01T09:50:26,20000.0,5.2,B
2021-07-01T09:50:14,10000.0,5.2,B
2021-07-01T09:48:50,10000.0,5.2,B
2021-07-01T09:48:29,30000.0,5.2,B
2021-07-01T09:47:30,60000.0,5.2,B
2021-07-01T09:46:56,100.0,5.1,S
2021-07-01T09:46:37,700.0,5.1,S
2021-07-01T09:46:35,100.0,5.1,S
2021-07-01T09:46:22,500.0,5.1,S
2021-07-01T09:45:43,400.0,5.1,S
2021-07-01T09:45:39,300.0,5.1,S
2021-07-01T09:44:58,9900.0,5.1,S
2021-07-01T09:44:39,300.0,5.1,S
2021-07-01T09:44:29,200.0,5.2,B
2021-07-01T09:44:12,1000.0,5.2,B
2021-07-01T09:42:42,1500.0,5.1,S
2021-07-01T09:42:40,100.0,5.2,B
2021-07-01T09:42:06,2000.0,5.1,S
2021-07-01T09:41:33,2000.0,5.1,S
2021-07-01T09:40:59,200.0,5.1,S
2021-07-01T09:40:56,20000.0,5.1,S
2021-07-01T09:40:25,2000.0,5.1,S
2021-07-01T09:40:03,700.0,5.1,S
2021-07-01T09:37:56,8200.0,5.1,S
2021-07-01T09:37:46,1500.0,5.1,S
2021-07-01T09:37:31,2500.0,5.1,S
2021-07-01T09:37:15,100.0,5.1,S
2021-07-01T09:36:00,100.0,5.2,B
2021-07-01T09:34:43,200.0,5.1,S
2021-07-01T09:34:20,50000.0,5.2,B
2021-07-01T09:33:57,200.0,5.2,B
2021-07-01T09:33:32,200.0,5.2,B
2021-07-01T09:33:17,100.0,5.2,B
2021-07-01T09:31:34,100.0,5.2,B
2021-07-01T09:31:11,5000.0,5.2,B
2021-07-01T09:30:48,100.0,5.2,B
2021-07-01T09:30:40,500.0,5.2,B
2021-07-01T09:30:10,1000.0,5.2,B
2021-07-01T09:29:16,1300.0,5.2,B
2021-07-01T09:29:07,5000.0,5.1,S
2021-07-01T09:28:48,3100.0,5.1,S
2021-07-01T09:28:38,1000.0,5.2,B
2021-07-01T09:28:17,800.0,5.2,B
2021-07-01T09:27:33,1900.0,5.2,B
2021-07-01T09:27:21,100.0,5.2,B
2021-07-01T09:27:17,500.0,5.2,B
2021-07-01T09:25:28,100.0,5.2,B
2021-07-01T09:25:15,2000.0,5.1,S
2021-07-01T09:24:42,9800.0,5.1,S
2021-07-01T09:24:22,1000.0,5.2,B
2021-07-01T09:23:29,200.0,5.2,B
2021-07-01T09:23:24,300.0,5.2,B
2021-07-01T09:22:37,300.0,5.2,B
2021-07-01T09:22:11,900.0,5.2,B
2021-07-01T09:21:28,1000.0,5.2,B
2021-07-01T09:21:26,14900.0,5.1,S
2021-07-01T09:20:52,2000.0,5.2,B
2021-07-01T09:20:51,30000.0,5.2,B
2021-07-01T09:20:38,100.0,5.2,B
2021-07-01T09:19:28,1100.0,5.2,B
2021-07-01T09:19:22,2000.0,5.2,B
2021-07-01T09:16:13,11000.0,5.1,S
2021-07-01T09:16:13,300.0,5.2,B
2021-07-01T09:14:43,2000.0,5.2,B
2021-07-01T09:14:35,200.0,5.2,B
2021-07-01T09:13:56,3000.0,5.2,B
2021-07-01T09:13:31,300.0,5.2,B
2021-07-01T09:13:00,100.0,5.2,B
2021-07-01T09:12:54,100.0,5.2,B
2021-07-01T09:12:40,300.0,5.2,B
2021-07-01T09:12:31,200.0,5.2,B
2021-07-01T09:12:26,1000.0,5.2,B
2021-07-01T09:12:25,10000.0,5.2,B
2021-07-01T09:12:23,500.0,5.2,B
2021-07-01T09:12:18,2300.0,5.2,B
2021-07-01T09:12:17,100.0,5.2,B
2021-07-01T09:12:08,11000.0,5.2,B
2021-07-01T09:12:06,400.0,5.2,B
2021-07-01T09:11:53,21000.0,5.2,B
2021-07-01T09:11:40,100.0,5.2,B
2021-07-01T09:11:31,300.0,5.2,B
2021-07-01T09:11:29,100.0,5.2,B
2021-07-01T09:11:15,300.0,5.1,S
2021-07-01T09:10:55,3000.0,5.2,B
2021-07-01T09:10:27,1000.0,5.2,B
2021-07-01T09:09:59,50000.0,5.2,B
2021-07-01T09:09:51,10000.0,5.2,B
2021-07-01T09:09:49,300.0,5.2,B
2021-07-01T09:09:37,2200.0,5.2,B
2021-07-01T09:09:31,10000.0,5.2,B
2021-07-01T09:09:14,100.0,5.2,B
2021-07-01T09:09:11,2200.0,5.1,S
2021-07-01T09:09:06,8000.0,5.2,B
2021-07-01T09:09:04,2000.0,5.1,S
2021-07-01T09:08:34,200000.0,5.2,B
2021-07-01T09:08:30,1200.0,5.1,S
2021-07-01T09:08:06,2500.0,5.1,S
2021-07-01T09:07:47,10000.0,5.2,B
2021-07-01T09:07:35,1200.0,5.2,B
2021-07-01T09:06:33,200.0,5.2,B
2021-07-01T09:06:00,5000.0,5.2,B
2021-07-01T09:05:58,1000.0,5.2,B
2021-07-01T09:05:27,300.0,5.2,B
2021-07-01T09:04:47,200.0,5.2,B
2021-07-01T09:04:22,2000.0,5.2,B
2021-07-01T09:03:43,20000.0,5.2,B
2021-07-01T09:03:25,300.0,5.2,B
2021-07-01T09:02:55,200.0,5.2,B
2021-07-01T09:02:50,100.0,5.2,B
2021-07-01T09:02:49,100.0,5.2,B
2021-07-01T09:02:35,100.0,5.2,B
2021-07-01T09:02:35,1000.0,5.2,B
2021-07-01T09:02:22,50000.0,5.2,B
2021-07-01T09:02:16,100.0,5.2,B
2021-07-01T09:02:06,400.0,5.2,B
2021-07-01T09:01:42,3400.0,5.2,B
2021-07-01T09:00:48,900.0,5.2,B
2021-07-01T09:00:40,20000.0,5.2,B
2021-07-01T09:00:14,100.0,5.1,S
2021-07-01T09:00:14,57500.0,5.2,B
2021-07-01T09:00:08,2000.0,5.2,B
2021-07-01T09:00:01,200.0,5.1,S
