tradingTime,volume,price,side
2021-07-01T14:30:06,1000.0,36.5,B
2021-07-01T14:30:03,600.0,36.5,B
2021-07-01T14:29:54,200.0,36.5,B
2021-07-01T14:29:50,1000.0,36.5,B
2021-07-01T14:29:49,500.0,36.5,B
2021-07-01T14:29:47,200.0,36.5,B
2021-07-01T14:29:44,500.0,36.5,B
2021-07-01T14:29:43,1000.0,36.45,S
2021-07-01T14:29:41,5000.0,36.5,B
2021-07-01T14:29:41,100.0,36.5,B
2021-07-01T14:29:30,100.0,36.5,B
2021-07-01T14:29:28,300.0,36.5,B
2021-07-01T14:29:18,200.0,36.5,B
2021-07-01T14:29:17,1000.0,36.5,B
2021-07-01T14:29:14,500.0,36.5,B
2021-07-01T14:29:13,700.0,36.5,B
2021-07-01T14:29:12,100.0,36.5,B
2021-07-01T14:29:04,300.0,36.5,B
2021-07-01T14:29:02,100.0,36.5,B
2021-07-01T14:28:59,2000.0,36.5,B
2021-07-01T14:28:57,200.0,36.5,B
2021-07-01T14:28:55,800.0,36.5,B
2021-07-01T14:28:54,1000.0,36.5,B
2021-07-01T14:28:46,500.0,36.45,S
2021-07-01T14:28:43,5000.0,36.5,B
2021-07-01T14:28:42,1000.0,36.5,B
2021-07-01T14:28:28,1000.0,36.5,B
2021-07-01T14:28:26,500.0,36.5,B
2021-07-01T14:28:21,200.0,36.5,B
2021-07-01T14:28:16,300.0,36.5,B
2021-07-01T14:28:15,1300.0,36.5,B
2021-07-01T14:27:48,100.0,36.5,B
2021-07-01T14:27:27,100.0,36.5,B
2021-07-01T14:27:17,33000.0,36.5,B
2021-07-01T14:27:15,200.0,36.5,B
2021-07-01T14:27:15,100.0,36.5,B
2021-07-01T14:27:09,300.0,36.45,S
2021-07-01T14:27:06,5000.0,36.45,S
2021-07-01T14:26:45,300.0,36.5,B
2021-07-01T14:26:43,500.0,36.45,S
2021-07-01T14:26:35,100.0,36.5,B
2021-07-01T14:26:26,900.0,36.5,B
2021-07-01T14:26:23,1000.0,36.5,B
2021-07-01T14:26:19,900.0,36.5,B
2021-07-01T14:26:17,26000.0,36.5,B
2021-07-01T14:26:10,2400.0,36.45,S
2021-07-01T14:25:18,500.0,36.5,B
2021-07-01T14:25:14,700.0,36.5,B
2021-07-01T14:25:12,5000.0,36.5,B
2021-07-01T14:25:08,500.0,36.5,B
2021-07-01T14:24:57,43000.0,36.5,B
2021-07-01T14:24:47,100.0,36.5,B
2021-07-01T14:24:44,600.0,36.4,S
2021-07-01T14:24:36,100.0,36.5,B
2021-07-01T14:24:35,100.0,36.5,B
2021-07-01T14:24:20,300.0,36.5,B
2021-07-01T14:24:07,300.0,36.4,S
2021-07-01T14:24:00,100.0,36.4,S
2021-07-01T14:23:25,3300.0,36.4,S
2021-07-01T14:23:04,6500.0,36.4,S
2021-07-01T14:23:04,20300.0,36.4,S
2021-07-01T14:23:04,1200.0,36.4,S
2021-07-01T14:22:54,300.0,36.4,S
2021-07-01T14:22:52,100.0,36.5,B
2021-07-01T14:22:36,6000.0,36.5,B
2021-07-01T14:22:35,1000.0,36.5,B
2021-07-01T14:22:35,100.0,36.5,B
2021-07-01T14:22:28,5400.0,36.5,S
2021-07-01T14:22:28,200.0,36.5,S
2021-07-01T14:22:28,2100.0,36.5,S
2021-07-01T14:22:28,8100.0,36.5,S
2021-07-01T14:22:28,6500.0,36.5,S
2021-07-01T14:22:28,1200.0,36.5,S
2021-07-01T14:22:28,2300.0,36.5,S
2021-07-01T14:22:28,600.0,36.5,S
2021-07-01T14:22:28,400.0,36.5,S
2021-07-01T14:22:28,1100.0,36.5,S
2021-07-01T14:22:28,1000.0,36.5,S
2021-07-01T14:22:28,20300.0,36.5,S
2021-07-01T14:22:28,200.0,36.5,S
2021-07-01T14:22:28,100.0,36.5,S
2021-07-01T14:22:28,200.0,36.5,S
2021-07-01T14:22:28,2000.0,36.5,S
2021-07-01T14:22:28,5800.0,36.5,S
2021-07-01T14:22:28,1300.0,36.5,S
2021-07-01T14:22:28,5100.0,36.5,S
2021-07-01T14:22:28,23300.0,36.5,S
2021-07-01T14:22:28,3500.0,36.55,S
2021-07-01T14:22:28,3200.0,36.55,S
2021-07-01T14:22:28,100.0,36.55,S
2021-07-01T14:22:28,10900.0,36.55,S
2021-07-01T14:22:28,2100.0,36.55,S
2021-07-01T14:22:28,6200.0,36.6,S
2021-07-01T14:22:27,5000.0,36.65,B
2021-07-01T14:21:36,500.0,36.65,B
2021-07-01T14:21:23,500.0,36.65,S
2021-07-01T14:21:23,3000.0,36.65,S
2021-07-01T14:21:23,2600.0,36.65,S
2021-07-01T14:21:22,3000.0,36.7,B
2021-07-01T14:20:54,200.0,36.7,B
2021-07-01T14:20:39,700.0,36.7,B
2021-07-01T14:20:37,100.0,36.7,B
2021-07-01T14:19:48,500.0,36.7,B
2021-07-01T14:18:53,100000.0,36.7,B
2021-07-01T14:18:44,500.0,36.6,B
2021-07-01T14:18:42,500.0,36.6,B
2021-07-01T14:18:36,700.0,36.6,B
2021-07-01T14:18:28,200.0,36.6,S
2021-07-01T14:18:28,1300.0,36.6,S
2021-07-01T14:18:28,200.0,36.6,S
2021-07-01T14:18:28,3800.0,36.6,S
2021-07-01T14:18:28,30800.0,36.6,S
2021-07-01T14:18:28,700.0,36.6,S
2021-07-01T14:18:28,800.0,36.6,S
2021-07-01T14:18:28,26800.0,36.6,S
2021-07-01T14:18:28,1800.0,36.6,S
2021-07-01T14:18:28,2200.0,36.6,S
2021-07-01T14:18:28,800.0,36.6,S
2021-07-01T14:18:28,300.0,36.6,S
2021-07-01T14:18:28,14500.0,36.6,S
2021-07-01T14:18:24,1000.0,36.6,S
2021-07-01T14:18:07,400.0,36.65,B
2021-07-01T14:17:59,300.0,36.65,B
2021-07-01T14:17:39,500.0,36.6,S
2021-07-01T14:17:36,800.0,36.65,B
2021-07-01T14:17:28,500.0,36.65,B
2021-07-01T14:17:25,600.0,36.65,B
2021-07-01T14:17:13,1000.0,36.65,B
2021-07-01T14:17:08,100.0,36.65,B
2021-07-01T14:17:01,700.0,36.65,B
2021-07-01T14:16:50,100.0,36.65,B
2021-07-01T14:16:47,1000.0,36.65,B
2021-07-01T14:16:25,6000.0,36.65,B
2021-07-01T14:16:18,100.0,36.65,B
2021-07-01T14:15:49,1300.0,36.65,S
2021-07-01T14:15:49,32400.0,36.65,S
2021-07-01T14:15:49,500.0,36.65,S
2021-07-01T14:15:33,1500.0,36.7,B
2021-07-01T14:15:32,200.0,36.7,B
2021-07-01T14:15:30,500.0,36.7,B
2021-07-01T14:15:08,500.0,36.7,B
2021-07-01T14:15:02,200.0,36.7,B
2021-07-01T14:15:00,1000.0,36.7,B
2021-07-01T14:14:53,4100.0,36.7,S
2021-07-01T14:14:34,5900.0,36.7,B
2021-07-01T14:14:28,300.0,36.7,B
2021-07-01T14:14:23,100.0,36.7,B
2021-07-01T14:14:22,300.0,36.7,B
2021-07-01T14:14:19,1000.0,36.7,B
2021-07-01T14:14:15,3800.0,36.7,B
2021-07-01T14:14:12,200.0,36.7,B
2021-07-01T14:14:10,500.0,36.7,B
2021-07-01T14:14:09,10000.0,36.7,B
2021-07-01T14:14:04,6000.0,36.7,B
2021-07-01T14:13:37,400.0,36.7,B
2021-07-01T14:13:36,1400.0,36.65,S
2021-07-01T14:13:33,300.0,36.7,B
2021-07-01T14:13:17,5000.0,36.65,S
2021-07-01T14:13:06,1000.0,36.7,B
2021-07-01T14:13:01,100.0,36.7,B
2021-07-01T14:12:46,3000.0,36.7,B
2021-07-01T14:12:26,200.0,36.7,B
2021-07-01T14:12:24,2900.0,36.7,B
2021-07-01T14:12:23,5000.0,36.65,B
2021-07-01T14:12:18,1400.0,36.65,B
2021-07-01T14:12:16,2000.0,36.65,B
2021-07-01T14:12:12,2300.0,36.65,B
2021-07-01T14:12:03,100.0,36.65,B
2021-07-01T14:12:01,200.0,36.65,B
2021-07-01T14:12:00,3000.0,36.65,B
2021-07-01T14:11:59,700.0,36.65,B
2021-07-01T14:11:56,200.0,36.65,B
2021-07-01T14:11:56,4000.0,36.65,B
2021-07-01T14:11:56,100.0,36.6,S
2021-07-01T14:11:52,100.0,36.65,B
2021-07-01T14:11:40,500.0,36.65,B
2021-07-01T14:11:39,1100.0,36.65,B
2021-07-01T14:11:08,500.0,36.65,B
2021-07-01T14:11:02,600.0,36.65,B
2021-07-01T14:10:58,1000.0,36.65,B
2021-07-01T14:10:51,5600.0,36.65,B
2021-07-01T14:10:51,200.0,36.65,B
2021-07-01T14:10:43,1300.0,36.65,B
2021-07-01T14:10:42,9800.0,36.65,B
2021-07-01T14:10:42,100.0,36.65,B
2021-07-01T14:10:36,400.0,36.65,B
2021-07-01T14:10:31,400.0,36.65,B
2021-07-01T14:10:27,200.0,36.65,B
2021-07-01T14:10:13,1000.0,36.65,B
2021-07-01T14:10:10,1000.0,36.65,B
2021-07-01T14:09:58,1000.0,36.65,B
2021-07-01T14:09:57,3000.0,36.65,B
2021-07-01T14:09:55,400.0,36.65,B
2021-07-01T14:09:55,1000.0,36.65,B
2021-07-01T14:09:54,200.0,36.65,B
2021-07-01T14:09:51,1000.0,36.65,B
2021-07-01T14:09:21,1200.0,36.65,B
2021-07-01T14:09:07,1000.0,36.6,S
2021-07-01T14:08:37,3000.0,36.6,S
2021-07-01T14:08:26,5000.0,36.65,B
2021-07-01T14:08:01,500.0,36.65,B
2021-07-01T14:07:13,1000.0,36.6,S
2021-07-01T14:06:15,100.0,36.65,B
2021-07-01T14:06:02,1000.0,36.65,B
2021-07-01T14:06:00,200.0,36.65,B
2021-07-01T14:05:41,3000.0,36.65,B
2021-07-01T14:05:12,10000.0,36.6,S
2021-07-01T14:05:00,1000.0,36.6,S
2021-07-01T14:04:49,300.0,36.65,B
2021-07-01T14:04:49,400.0,36.65,B
2021-07-01T14:04:34,100.0,36.65,S
2021-07-01T14:04:34,200.0,36.65,S
2021-07-01T14:04:34,100.0,36.65,S
2021-07-01T14:04:34,6500.0,36.65,S
2021-07-01T14:04:34,400.0,36.65,S
2021-07-01T14:04:34,3100.0,36.65,S
2021-07-01T14:04:33,30500.0,36.65,S
2021-07-01T14:04:10,100.0,36.7,B
2021-07-01T14:03:55,5000.0,36.65,S
2021-07-01T14:02:28,600.0,36.65,S
2021-07-01T14:02:27,1000.0,36.7,B
2021-07-01T14:02:16,700.0,36.7,B
2021-07-01T14:02:07,500.0,36.7,B
2021-07-01T14:01:39,1000.0,36.7,B
2021-07-01T14:01:32,10600.0,36.7,B
2021-07-01T14:01:22,1000.0,36.7,B
2021-07-01T14:01:13,500.0,36.7,B
2021-07-01T14:00:48,200.0,36.7,B
2021-07-01T14:00:44,200.0,36.7,B
2021-07-01T14:00:30,1500.0,36.7,B
2021-07-01T14:00:27,1000.0,36.7,B
2021-07-01T14:00:24,200.0,36.7,B
2021-07-01T14:00:21,1000.0,36.7,S
2021-07-01T14:00:19,25000.0,36.7,S
2021-07-01T14:00:19,3100.0,36.7,S
2021-07-01T14:00:15,200.0,36.7,S
2021-07-01T13:59:59,300.0,36.7,S
2021-07-01T13:59:59,3100.0,36.7,S
2021-07-01T13:59:59,400.0,36.7,S
2021-07-01T13:59:59,2500.0,36.7,S
2021-07-01T13:59:42,2000.0,36.8,B
2021-07-01T13:59:02,2600.0,36.7,B
2021-07-01T13:58:56,3000.0,36.7,B
2021-07-01T13:58:54,300.0,36.65,S
2021-07-01T13:58:52,100.0,36.7,B
2021-07-01T13:58:49,500.0,36.7,B
2021-07-01T13:58:40,400.0,36.7,B
2021-07-01T13:58:36,500.0,36.7,S
2021-07-01T13:58:28,200.0,36.7,S
2021-07-01T13:58:28,3300.0,36.7,S
2021-07-01T13:58:28,18500.0,36.7,S
2021-07-01T13:58:28,200.0,36.7,S
2021-07-01T13:58:27,800.0,36.7,S
2021-07-01T13:58:27,500.0,36.7,S
2021-07-01T13:58:26,500.0,36.75,S
2021-07-01T13:58:01,9000.0,36.8,S
2021-07-01T13:57:57,100.0,36.8,S
2021-07-01T13:57:46,200.0,36.85,B
2021-07-01T13:57:43,800.0,36.85,B
2021-07-01T13:57:34,7000.0,36.85,B
2021-07-01T13:57:17,500.0,36.85,B
2021-07-01T13:56:52,100.0,36.8,B
2021-07-01T13:56:39,200.0,36.8,B
2021-07-01T13:56:37,4500.0,36.8,B
2021-07-01T13:56:37,1200.0,36.8,B
2021-07-01T13:56:37,54200.0,36.8,B
2021-07-01T13:56:37,5100.0,36.8,B
2021-07-01T13:56:36,29000.0,36.75,B
2021-07-01T13:56:13,500.0,36.75,B
2021-07-01T13:56:06,3200.0,36.7,S
2021-07-01T13:55:51,100.0,36.75,B
2021-07-01T13:55:47,800.0,36.75,B
2021-07-01T13:55:44,1400.0,36.7,S
2021-07-01T13:55:44,4600.0,36.7,S
2021-07-01T13:55:22,400.0,36.7,S
2021-07-01T13:55:05,100.0,36.7,S
2021-07-01T13:54:58,1100.0,36.7,S
2021-07-01T13:54:46,5500.0,36.7,S
2021-07-01T13:54:43,100.0,36.7,S
2021-07-01T13:54:33,300.0,36.7,S
2021-07-01T13:54:33,700.0,36.7,S
2021-07-01T13:54:28,500.0,36.75,B
2021-07-01T13:53:54,500.0,36.7,S
2021-07-01T13:53:31,200.0,36.7,S
2021-07-01T13:53:31,3000.0,36.7,S
2021-07-01T13:53:31,700.0,36.7,S
2021-07-01T13:53:31,100.0,36.7,S
2021-07-01T13:53:25,200.0,36.75,B
2021-07-01T13:53:23,500.0,36.75,B
2021-07-01T13:52:47,19000.0,36.75,S
2021-07-01T13:52:39,1000.0,36.8,B
2021-07-01T13:52:36,1900.0,36.75,S
2021-07-01T13:52:35,100.0,36.75,S
2021-07-01T13:52:35,3000.0,36.75,S
2021-07-01T13:52:22,100.0,36.75,S
2021-07-01T13:52:20,100.0,36.75,S
2021-07-01T13:52:07,100.0,36.75,S
2021-07-01T13:52:02,2800.0,36.75,S
2021-07-01T13:51:59,100.0,36.75,S
2021-07-01T13:51:58,200.0,36.75,S
2021-07-01T13:51:52,500.0,36.75,S
2021-07-01T13:51:44,5000.0,36.75,S
2021-07-01T13:51:33,3000.0,36.75,S
2021-07-01T13:51:23,400.0,36.8,B
2021-07-01T13:51:17,3000.0,36.75,S
2021-07-01T13:50:41,600.0,36.8,B
2021-07-01T13:50:17,200.0,36.8,B
2021-07-01T13:49:59,1000.0,36.75,S
2021-07-01T13:49:56,3400.0,36.8,S
2021-07-01T13:48:59,1100.0,36.8,S
2021-07-01T13:48:15,2000.0,36.85,B
2021-07-01T13:47:55,1000.0,36.8,B
2021-07-01T13:47:26,300.0,36.8,S
2021-07-01T13:47:24,3700.0,36.8,S
2021-07-01T13:47:16,1000.0,36.85,B
2021-07-01T13:47:00,2200.0,36.85,B
2021-07-01T13:46:38,5000.0,36.85,B
2021-07-01T13:46:19,100.0,36.8,S
2021-07-01T13:46:17,400.0,36.8,S
2021-07-01T13:46:14,400.0,36.8,S
2021-07-01T13:46:09,1000.0,36.8,S
2021-07-01T13:46:07,100.0,36.85,B
2021-07-01T13:45:54,2000.0,36.8,S
2021-07-01T13:45:50,100.0,36.8,S
2021-07-01T13:45:48,800.0,36.8,S
2021-07-01T13:45:48,1800.0,36.8,S
2021-07-01T13:45:23,1000.0,36.8,S
2021-07-01T13:45:14,100.0,36.85,B
2021-07-01T13:45:08,100.0,36.85,B
2021-07-01T13:44:43,2000.0,36.85,B
2021-07-01T13:44:23,100.0,36.8,S
2021-07-01T13:44:22,5800.0,36.8,S
2021-07-01T13:44:22,3000.0,36.8,S
2021-07-01T13:43:43,100.0,36.85,B
2021-07-01T13:42:57,900.0,36.85,B
2021-07-01T13:42:49,100.0,36.85,B
2021-07-01T13:42:48,4000.0,36.85,B
2021-07-01T13:42:13,1000.0,36.85,B
2021-07-01T13:42:06,1000.0,36.85,B
2021-07-01T13:41:16,100.0,36.85,B
2021-07-01T13:40:22,100.0,36.8,B
2021-07-01T13:40:01,1000.0,36.85,B
2021-07-01T13:39:57,500.0,36.8,B
2021-07-01T13:39:49,3000.0,36.8,B
2021-07-01T13:39:49,1500.0,36.8,B
2021-07-01T13:39:41,100.0,36.8,B
2021-07-01T13:39:33,2700.0,36.8,B
2021-07-01T13:39:26,1700.0,36.75,S
2021-07-01T13:39:23,1000.0,36.8,S
2021-07-01T13:39:20,300.0,36.8,S
2021-07-01T13:39:20,2200.0,36.8,S
2021-07-01T13:39:20,18500.0,36.8,S
2021-07-01T13:39:20,6000.0,36.8,S
2021-07-01T13:39:20,500.0,36.8,S
2021-07-01T13:39:20,1200.0,36.8,S
2021-07-01T13:39:20,16100.0,36.8,S
2021-07-01T13:39:04,500.0,36.85,B
2021-07-01T13:39:03,100.0,36.85,B
2021-07-01T13:38:55,100.0,36.85,B
2021-07-01T13:38:52,1200.0,36.85,B
2021-07-01T13:38:45,800.0,36.85,B
2021-07-01T13:38:34,900.0,36.85,B
2021-07-01T13:38:22,100.0,36.85,B
2021-07-01T13:38:13,800.0,36.85,B
2021-07-01T13:38:06,500.0,36.85,S
2021-07-01T13:38:06,500.0,36.85,S
2021-07-01T13:38:00,1500.0,36.85,S
2021-07-01T13:37:10,800.0,36.85,B
2021-07-01T13:36:47,100.0,36.85,S
2021-07-01T13:36:46,7700.0,36.85,S
2021-07-01T13:36:19,700.0,36.85,B
2021-07-01T13:36:09,3000.0,36.85,B
2021-07-01T13:36:07,46300.0,36.85,S
2021-07-01T13:35:58,200.0,36.9,B
2021-07-01T13:35:52,1000.0,36.85,S
2021-07-01T13:35:39,2000.0,36.85,S
2021-07-01T13:35:29,800.0,36.85,S
2021-07-01T13:35:23,3000.0,36.85,S
2021-07-01T13:35:20,3000.0,36.85,S
2021-07-01T13:35:06,100.0,36.85,S
2021-07-01T13:34:40,100.0,36.85,S
2021-07-01T13:34:35,2000.0,36.85,S
2021-07-01T13:34:25,200.0,36.9,B
2021-07-01T13:34:25,10000.0,36.85,S
2021-07-01T13:34:24,200.0,36.9,B
2021-07-01T13:34:19,100.0,36.85,S
2021-07-01T13:34:18,2800.0,36.85,S
2021-07-01T13:34:05,300.0,36.9,B
2021-07-01T13:34:00,8000.0,36.85,S
2021-07-01T13:33:30,3000.0,36.9,B
2021-07-01T13:33:01,1000.0,36.85,S
2021-07-01T13:32:51,100.0,36.85,S
2021-07-01T13:32:27,1000.0,36.9,B
2021-07-01T13:32:09,400.0,36.9,B
2021-07-01T13:32:07,3600.0,36.85,S
2021-07-01T13:32:07,5600.0,36.85,S
2021-07-01T13:32:07,800.0,36.85,S
2021-07-01T13:32:04,300.0,36.9,B
2021-07-01T13:31:54,1000.0,36.9,B
2021-07-01T13:31:48,5000.0,36.9,B
2021-07-01T13:31:38,3000.0,36.9,B
2021-07-01T13:31:27,1000.0,36.9,B
2021-07-01T13:31:22,200.0,36.9,B
2021-07-01T13:31:22,800.0,36.9,B
2021-07-01T13:31:03,200.0,36.9,S
2021-07-01T13:30:34,3000.0,36.85,S
2021-07-01T13:30:33,2000.0,36.9,S
2021-07-01T13:30:33,2000.0,36.9,S
2021-07-01T13:30:09,600.0,36.9,B
2021-07-01T13:30:09,1100.0,36.9,B
2021-07-01T13:30:09,2500.0,36.9,B
2021-07-01T13:29:45,200.0,36.9,B
2021-07-01T13:29:32,100.0,36.9,B
2021-07-01T13:29:27,200.0,36.9,B
2021-07-01T13:29:03,200.0,36.9,S
2021-07-01T13:29:00,400.0,36.9,S
2021-07-01T13:28:43,100.0,36.95,B
2021-07-01T13:28:41,100.0,36.95,B
2021-07-01T13:28:41,100.0,36.95,B
2021-07-01T13:28:40,700.0,36.95,B
2021-07-01T13:28:39,300.0,36.9,B
2021-07-01T13:28:29,1000.0,36.9,B
2021-07-01T13:28:29,1000.0,36.9,B
2021-07-01T13:28:29,1000.0,36.9,B
2021-07-01T13:28:13,400.0,36.9,B
2021-07-01T13:28:09,100.0,36.9,B
2021-07-01T13:27:58,1000.0,36.9,B
2021-07-01T13:27:43,100.0,36.9,B
2021-07-01T13:27:41,300.0,36.9,B
2021-07-01T13:27:26,1100.0,36.9,S
2021-07-01T13:27:26,100.0,36.9,S
2021-07-01T13:27:26,400.0,36.9,S
2021-07-01T13:27:26,2700.0,36.9,S
2021-07-01T13:27:26,3000.0,36.9,S
2021-07-01T13:27:26,1600.0,36.9,S
2021-07-01T13:27:26,1100.0,36.9,S
2021-07-01T13:27:26,800.0,36.9,S
2021-07-01T13:27:26,200.0,36.9,S
2021-07-01T13:27:26,2100.0,36.9,S
2021-07-01T13:27:26,1000.0,36.9,S
2021-07-01T13:27:24,100.0,36.95,B
2021-07-01T13:26:52,400.0,36.9,S
2021-07-01T13:26:52,1000.0,36.9,S
2021-07-01T13:26:42,600.0,36.95,B
2021-07-01T13:26:30,1000.0,36.9,S
2021-07-01T13:26:14,1000.0,36.9,S
2021-07-01T13:26:09,1000.0,36.9,S
2021-07-01T13:25:56,1000.0,36.9,S
2021-07-01T13:25:30,400.0,36.95,B
2021-07-01T13:25:21,100.0,36.95,B
2021-07-01T13:25:14,1000.0,36.9,S
2021-07-01T13:25:14,1400.0,36.95,S
2021-07-01T13:25:10,13600.0,36.95,B
2021-07-01T13:25:09,100.0,36.9,S
2021-07-01T13:25:07,100.0,36.95,B
2021-07-01T13:25:06,23000.0,36.95,B
2021-07-01T13:25:03,500.0,36.95,B
2021-07-01T13:24:53,1000.0,36.9,S
2021-07-01T13:24:52,600.0,36.9,S
2021-07-01T13:24:52,200.0,36.95,B
2021-07-01T13:24:44,6000.0,36.95,B
2021-07-01T13:24:35,1000.0,36.9,S
2021-07-01T13:24:22,300.0,36.95,B
2021-07-01T13:24:20,5000.0,36.95,B
2021-07-01T13:24:03,800.0,36.95,S
2021-07-01T13:23:56,5000.0,36.95,S
2021-07-01T13:23:37,1500.0,37.0,B
2021-07-01T13:23:33,500.0,37.0,B
2021-07-01T13:23:18,6000.0,37.0,B
2021-07-01T13:23:11,100.0,37.0,B
2021-07-01T13:23:06,3000.0,37.0,B
2021-07-01T13:23:06,1000.0,36.95,S
2021-07-01T13:22:53,7500.0,37.0,B
2021-07-01T13:22:53,800.0,37.0,B
2021-07-01T13:22:53,1700.0,37.0,B
2021-07-01T13:22:53,500.0,36.95,S
2021-07-01T13:22:43,1000.0,36.95,S
2021-07-01T13:22:28,1000.0,36.95,S
2021-07-01T13:22:19,1300.0,37.0,B
2021-07-01T13:22:16,1900.0,37.0,B
2021-07-01T13:22:16,2500.0,37.0,B
2021-07-01T13:22:05,600.0,37.0,B
2021-07-01T13:21:47,100.0,37.0,S
2021-07-01T13:21:47,100.0,37.0,S
2021-07-01T13:21:46,100.0,37.0,S
2021-07-01T13:21:42,2100.0,37.0,S
2021-07-01T13:21:42,1900.0,37.0,S
2021-07-01T13:21:42,6800.0,37.0,S
2021-07-01T13:21:42,6400.0,37.0,S
2021-07-01T13:21:29,400.0,37.0,S
2021-07-01T13:21:18,100.0,37.0,S
2021-07-01T13:21:10,1500.0,37.0,S
2021-07-01T13:21:01,800.0,37.05,S
2021-07-01T13:21:00,1100.0,37.1,B
2021-07-01T13:20:46,100.0,37.05,S
2021-07-01T13:20:15,900.0,37.1,B
2021-07-01T13:20:13,100.0,37.05,B
2021-07-01T13:20:08,400.0,37.1,B
2021-07-01T13:20:00,200.0,37.1,B
2021-07-01T13:19:54,17500.0,37.1,B
2021-07-01T13:19:49,200.0,37.0,S
2021-07-01T13:19:49,13300.0,37.0,S
2021-07-01T13:19:49,2200.0,37.0,S
2021-07-01T13:19:49,1300.0,37.0,S
2021-07-01T13:19:49,18200.0,37.0,S
2021-07-01T13:19:49,27400.0,37.0,S
2021-07-01T13:19:15,100.0,37.1,S
2021-07-01T13:19:12,5000.0,37.1,S
2021-07-01T13:18:55,500.0,37.15,B
2021-07-01T13:18:14,10000.0,37.15,B
2021-07-01T13:18:13,100.0,37.1,S
2021-07-01T13:18:10,5000.0,37.05,S
2021-07-01T13:18:04,100.0,37.1,S
2021-07-01T13:18:03,100.0,37.1,S
2021-07-01T13:18:01,500.0,37.1,S
2021-07-01T13:18:00,500.0,37.15,B
2021-07-01T13:17:35,1400.0,37.1,S
2021-07-01T13:17:19,1000.0,37.1,S
2021-07-01T13:17:10,100.0,37.1,S
2021-07-01T13:17:07,500.0,37.15,B
2021-07-01T13:16:56,500.0,37.15,B
2021-07-01T13:16:49,1000.0,37.15,B
2021-07-01T13:16:45,100.0,37.1,S
2021-07-01T13:16:28,500.0,37.1,B
2021-07-01T13:16:28,400.0,37.1,B
2021-07-01T13:16:27,100.0,37.1,B
2021-07-01T13:16:26,100.0,37.1,B
2021-07-01T13:16:12,1000.0,37.1,B
2021-07-01T13:16:09,100.0,37.1,B
2021-07-01T13:16:08,100.0,37.1,B
2021-07-01T13:15:52,1500.0,37.1,B
2021-07-01T13:15:50,1800.0,37.1,B
2021-07-01T13:15:50,100.0,37.1,B
2021-07-01T13:15:50,2700.0,37.1,B
2021-07-01T13:15:50,100.0,37.1,B
2021-07-01T13:15:50,3200.0,37.1,B
2021-07-01T13:15:46,100.0,37.1,B
2021-07-01T13:15:32,2700.0,37.1,B
2021-07-01T13:15:29,7000.0,37.1,B
2021-07-01T13:15:29,100.0,37.1,B
2021-07-01T13:15:29,1000.0,37.1,B
2021-07-01T13:15:29,1600.0,37.1,B
2021-07-01T13:15:29,200.0,37.1,B
2021-07-01T13:15:29,100.0,37.1,B
2021-07-01T13:15:19,100.0,37.1,B
2021-07-01T13:15:04,100.0,37.1,B
2021-07-01T13:14:57,5500.0,37.1,B
2021-07-01T13:14:49,400.0,37.1,B
2021-07-01T13:14:31,1000.0,37.1,B
2021-07-01T13:14:24,100.0,37.05,S
2021-07-01T13:14:22,300.0,37.1,B
2021-07-01T13:14:09,100.0,37.05,S
2021-07-01T13:13:58,1600.0,37.05,S
2021-07-01T13:13:38,5000.0,37.0,S
2021-07-01T13:12:58,200.0,37.0,S
2021-07-01T13:12:54,300.0,37.05,B
2021-07-01T13:12:33,100.0,37.0,B
2021-07-01T13:12:03,100.0,37.0,B
2021-07-01T13:12:03,900.0,37.0,B
2021-07-01T13:12:03,100.0,37.0,B
2021-07-01T13:12:03,100.0,37.0,B
2021-07-01T13:12:03,3900.0,37.0,B
2021-07-01T13:12:03,500.0,37.0,B
2021-07-01T13:12:03,1100.0,37.0,B
2021-07-01T13:12:03,3600.0,37.0,B
2021-07-01T13:11:56,1000.0,37.0,B
2021-07-01T13:11:55,1000.0,37.0,B
2021-07-01T13:11:42,400.0,37.0,B
2021-07-01T13:11:42,1100.0,37.0,B
2021-07-01T13:11:42,8500.0,37.0,B
2021-07-01T13:11:37,100.0,37.0,B
2021-07-01T13:11:30,200.0,37.0,B
2021-07-01T13:11:16,700.0,37.0,B
2021-07-01T13:11:16,7000.0,37.0,B
2021-07-01T13:11:05,300.0,37.0,B
2021-07-01T13:11:02,100.0,37.0,B
2021-07-01T13:10:59,1000.0,37.0,B
2021-07-01T13:10:54,100.0,37.0,B
2021-07-01T13:10:48,100.0,37.0,B
2021-07-01T13:10:38,20000.0,37.0,B
2021-07-01T13:10:35,300.0,37.0,B
2021-07-01T13:10:31,500.0,36.95,S
2021-07-01T13:10:30,500.0,37.0,B
2021-07-01T13:10:25,1000.0,37.0,B
2021-07-01T13:10:19,1000.0,37.0,B
2021-07-01T13:10:18,100.0,37.0,B
2021-07-01T13:10:05,1000.0,37.0,B
2021-07-01T13:09:58,400.0,37.0,B
2021-07-01T13:09:46,50000.0,37.0,B
2021-07-01T13:09:42,3000.0,37.0,B
2021-07-01T13:09:19,400.0,37.0,B
2021-07-01T13:08:59,100.0,37.0,B
2021-07-01T13:08:29,200.0,37.0,B
2021-07-01T13:08:24,400.0,37.0,B
2021-07-01T13:08:10,600.0,37.0,B
2021-07-01T13:07:39,100.0,37.0,B
2021-07-01T13:07:29,200.0,37.0,B
2021-07-01T13:07:25,2600.0,37.0,B
2021-07-01T13:07:25,1200.0,37.0,B
2021-07-01T13:07:22,500.0,37.0,B
2021-07-01T13:07:16,2200.0,37.0,B
2021-07-01T13:07:07,400.0,37.0,B
2021-07-01T13:06:51,100.0,37.0,B
2021-07-01T13:06:39,4100.0,37.0,B
2021-07-01T13:06:37,700.0,37.0,B
2021-07-01T13:06:30,3200.0,37.0,B
2021-07-01T13:06:25,2200.0,37.0,B
2021-07-01T13:06:15,1500.0,37.0,B
2021-07-01T13:06:15,5700.0,37.0,B
2021-07-01T13:06:11,9800.0,37.0,B
2021-07-01T13:06:03,2300.0,37.0,B
2021-07-01T13:06:03,600.0,37.0,B
2021-07-01T13:06:03,100.0,37.0,B
2021-07-01T13:06:03,100.0,37.0,B
2021-07-01T13:06:03,1900.0,37.0,B
2021-07-01T13:06:02,500.0,37.0,B
2021-07-01T13:06:02,2700.0,37.0,B
2021-07-01T13:06:01,500.0,37.0,B
2021-07-01T13:05:38,100.0,37.0,B
2021-07-01T13:05:22,100.0,37.0,B
2021-07-01T13:05:20,400.0,37.0,B
2021-07-01T13:05:07,1400.0,37.0,B
2021-07-01T13:05:07,500.0,37.0,B
2021-07-01T13:04:42,5800.0,37.0,B
2021-07-01T13:04:42,1000.0,37.0,B
2021-07-01T13:04:42,100.0,37.0,B
2021-07-01T13:04:42,5600.0,37.0,B
2021-07-01T13:04:42,500.0,37.0,B
2021-07-01T13:04:42,6500.0,37.0,B
2021-07-01T13:04:42,2100.0,37.0,B
2021-07-01T13:04:42,600.0,37.0,B
2021-07-01T13:04:41,6500.0,37.0,B
2021-07-01T13:04:41,900.0,37.0,B
2021-07-01T13:04:41,700.0,37.0,B
2021-07-01T13:04:41,7100.0,37.0,B
2021-07-01T13:04:41,1300.0,37.0,B
2021-07-01T13:04:41,500.0,36.95,B
2021-07-01T13:04:41,10800.0,36.95,B
2021-07-01T13:04:23,1200.0,36.95,B
2021-07-01T13:04:23,200.0,36.95,B
2021-07-01T13:03:57,6000.0,36.9,B
2021-07-01T13:03:57,300.0,36.9,B
2021-07-01T13:03:57,5200.0,36.9,B
2021-07-01T13:03:57,6100.0,36.9,B
2021-07-01T13:03:57,8400.0,36.9,B
2021-07-01T13:03:57,4800.0,36.9,B
2021-07-01T13:03:57,7400.0,36.9,B
2021-07-01T13:03:38,3500.0,36.85,B
2021-07-01T13:03:32,200.0,36.85,B
2021-07-01T13:03:30,1000.0,36.85,B
2021-07-01T13:03:22,1600.0,36.85,B
2021-07-01T13:03:19,1000.0,36.85,B
2021-07-01T13:03:18,500.0,36.85,B
2021-07-01T13:03:02,300.0,36.85,B
2021-07-01T13:02:58,200.0,36.85,B
2021-07-01T13:02:58,5000.0,36.8,S
2021-07-01T13:02:56,300.0,36.85,B
2021-07-01T13:02:44,500.0,36.85,B
2021-07-01T13:02:41,500.0,36.85,B
2021-07-01T13:02:33,1000.0,36.85,B
2021-07-01T13:02:25,100.0,36.85,B
2021-07-01T13:01:23,400.0,36.8,B
2021-07-01T13:01:22,300.0,36.85,B
2021-07-01T13:00:46,300.0,36.8,B
2021-07-01T13:00:32,300.0,36.8,B
2021-07-01T13:00:26,100.0,36.85,B
2021-07-01T13:00:25,4500.0,36.8,B
2021-07-01T13:00:25,200.0,36.75,S
2021-07-01T13:00:25,100.0,36.8,B
2021-07-01T13:00:19,20000.0,36.8,B
2021-07-01T13:00:16,200.0,36.8,B
2021-07-01T13:00:16,200.0,36.8,B
2021-07-01T13:00:15,400.0,36.8,B
2021-07-01T13:00:13,100.0,36.75,S
2021-07-01T13:00:13,200.0,36.75,S
2021-07-01T13:00:13,200.0,36.75,S
2021-07-01T13:00:13,600.0,36.8,B
2021-07-01T11:28:43,100.0,36.8,B
2021-07-01T11:27:55,200.0,36.8,B
2021-07-01T11:27:23,800.0,36.8,B
2021-07-01T11:26:38,100.0,36.8,B
2021-07-01T11:26:37,500.0,36.8,B
2021-07-01T11:26:09,200.0,36.8,B
2021-07-01T11:25:41,200.0,36.8,B
2021-07-01T11:25:36,3200.0,36.8,S
2021-07-01T11:25:29,800.0,36.8,B
2021-07-01T11:25:28,100.0,36.75,B
2021-07-01T11:25:02,500.0,36.8,S
2021-07-01T11:24:38,600.0,36.7,S
2021-07-01T11:24:23,1000.0,36.7,S
2021-07-01T11:23:51,100.0,36.85,B
2021-07-01T11:23:48,1000.0,36.8,S
2021-07-01T11:23:47,19000.0,36.8,S
2021-07-01T11:23:30,1000.0,36.8,S
2021-07-01T11:23:25,100.0,36.8,S
2021-07-01T11:22:45,14600.0,36.8,B
2021-07-01T11:22:43,500.0,36.8,B
2021-07-01T11:22:20,200.0,36.8,B
2021-07-01T11:22:20,4800.0,36.8,B
2021-07-01T11:22:17,2500.0,36.7,B
2021-07-01T11:22:07,500.0,36.7,B
2021-07-01T11:22:04,500.0,36.7,B
2021-07-01T11:21:44,500.0,36.7,B
2021-07-01T11:21:42,2000.0,36.7,B
2021-07-01T11:21:31,30000.0,36.7,B
2021-07-01T11:21:25,100.0,36.7,B
2021-07-01T11:20:48,4000.0,36.7,B
2021-07-01T11:20:40,100.0,36.55,S
2021-07-01T11:20:29,19400.0,36.5,B
2021-07-01T11:20:23,500.0,36.5,B
2021-07-01T11:20:17,500.0,36.5,B
2021-07-01T11:20:12,100.0,36.5,B
2021-07-01T11:20:03,3000.0,36.5,B
2021-07-01T11:20:03,100.0,36.5,B
2021-07-01T11:20:00,10000.0,36.5,B
2021-07-01T11:19:57,2000.0,36.35,S
2021-07-01T11:19:53,20000.0,36.35,S
2021-07-01T11:19:52,10000.0,36.5,B
2021-07-01T11:19:47,100.0,36.5,B
2021-07-01T11:19:32,100.0,36.5,B
2021-07-01T11:19:26,500.0,36.5,B
2021-07-01T11:19:26,1100.0,36.5,B
2021-07-01T11:19:09,1000.0,36.5,B
2021-07-01T11:19:05,5000.0,36.5,B
2021-07-01T11:19:04,100.0,36.5,B
2021-07-01T11:19:04,500.0,36.5,B
2021-07-01T11:18:45,10000.0,36.7,B
2021-07-01T11:18:45,3700.0,36.35,S
2021-07-01T11:18:45,500.0,36.4,S
2021-07-01T11:18:45,2100.0,36.4,S
2021-07-01T11:18:45,42700.0,36.4,S
2021-07-01T11:18:45,1200.0,36.45,S
2021-07-01T11:18:45,500.0,36.45,S
2021-07-01T11:18:45,5100.0,36.45,S
2021-07-01T11:18:45,6000.0,36.45,S
2021-07-01T11:18:45,700.0,36.5,S
2021-07-01T11:18:45,500.0,36.5,S
2021-07-01T11:18:45,52500.0,36.5,S
2021-07-01T11:18:45,11100.0,36.5,S
2021-07-01T11:18:45,50700.0,36.5,S
2021-07-01T11:18:45,1100.0,36.5,S
2021-07-01T11:18:45,2400.0,36.5,S
2021-07-01T11:18:44,19200.0,36.5,S
2021-07-01T11:18:41,1000.0,36.6,S
2021-07-01T11:18:40,1000.0,36.6,S
2021-07-01T11:18:27,10000.0,36.7,B
2021-07-01T11:18:23,3900.0,36.6,S
2021-07-01T11:18:15,600.0,36.7,B
2021-07-01T11:18:13,800.0,36.6,S
2021-07-01T11:18:03,700.0,36.7,S
2021-07-01T11:17:58,300.0,36.8,S
2021-07-01T11:17:58,100.0,36.8,S
2021-07-01T11:17:54,1100.0,36.8,B
2021-07-01T11:17:41,100.0,36.8,B
2021-07-01T11:17:30,2000.0,36.8,B
2021-07-01T11:17:19,100.0,36.75,S
2021-07-01T11:17:07,100.0,36.8,B
2021-07-01T11:16:32,700.0,36.8,S
2021-07-01T11:16:31,100.0,36.8,S
2021-07-01T11:16:26,100.0,36.9,B
2021-07-01T11:16:17,900.0,36.9,B
2021-07-01T11:16:06,20000.0,36.9,B
2021-07-01T11:15:59,100.0,36.9,B
2021-07-01T11:15:59,100.0,36.9,B
2021-07-01T11:15:44,1900.0,36.5,S
2021-07-01T11:15:44,1300.0,36.6,S
2021-07-01T11:15:44,2400.0,36.6,S
2021-07-01T11:15:44,13500.0,36.6,S
2021-07-01T11:15:44,1000.0,36.6,S
2021-07-01T11:15:44,700.0,36.6,S
2021-07-01T11:15:44,10200.0,36.7,S
2021-07-01T11:15:44,4900.0,36.7,S
2021-07-01T11:15:44,14100.0,36.8,S
2021-07-01T11:15:02,600.0,36.9,B
2021-07-01T11:15:02,500.0,36.9,B
2021-07-01T11:15:00,200.0,36.9,B
2021-07-01T11:14:58,600.0,36.9,B
2021-07-01T11:14:54,2000.0,36.9,B
2021-07-01T11:14:50,100.0,36.8,S
2021-07-01T11:14:45,100.0,36.9,B
2021-07-01T11:14:16,100.0,36.9,B
2021-07-01T11:14:09,2000.0,36.8,S
2021-07-01T11:14:00,100.0,36.9,B
2021-07-01T11:13:39,200.0,36.9,B
2021-07-01T11:13:35,2000.0,36.9,B
2021-07-01T11:13:34,600.0,36.75,S
2021-07-01T11:13:29,3500.0,36.9,B
2021-07-01T11:13:27,1400.0,36.9,B
2021-07-01T11:13:21,300.0,36.75,S
2021-07-01T11:13:21,4700.0,36.8,S
2021-07-01T11:13:19,100.0,36.9,B
2021-07-01T11:13:15,5400.0,36.9,B
2021-07-01T11:13:14,100.0,36.9,S
2021-07-01T11:13:07,200.0,36.9,S
2021-07-01T11:13:05,20000.0,36.8,S
2021-07-01T11:13:04,1000.0,36.95,B
2021-07-01T11:12:55,100.0,36.95,B
2021-07-01T11:12:51,4400.0,36.9,S
2021-07-01T11:12:50,3000.0,36.9,S
2021-07-01T11:12:44,1000.0,36.95,B
2021-07-01T11:12:42,3100.0,36.9,S
2021-07-01T11:12:35,5000.0,36.9,S
2021-07-01T11:12:33,100.0,36.9,S
2021-07-01T11:12:15,200.0,36.9,S
2021-07-01T11:12:01,100.0,36.95,S
2021-07-01T11:11:56,300.0,36.95,S
2021-07-01T11:11:53,100.0,37.0,B
2021-07-01T11:11:52,300.0,37.0,B
2021-07-01T11:11:48,200.0,37.0,B
2021-07-01T11:11:43,100.0,37.0,B
2021-07-01T11:11:43,1000.0,37.0,B
2021-07-01T11:11:40,300.0,37.0,B
2021-07-01T11:11:37,300.0,37.0,B
2021-07-01T11:11:34,1400.0,37.0,S
2021-07-01T11:11:34,4000.0,37.0,S
2021-07-01T11:11:31,15000.0,37.1,B
2021-07-01T11:11:30,200.0,37.05,B
2021-07-01T11:11:30,500.0,37.0,S
2021-07-01T11:11:26,1500.0,37.0,S
2021-07-01T11:11:20,30000.0,37.0,S
2021-07-01T11:11:18,500.0,37.0,S
2021-07-01T11:11:04,900.0,37.0,S
2021-07-01T11:10:55,4000.0,37.05,S
2021-07-01T11:10:45,100.0,37.1,B
2021-07-01T11:10:36,800.0,37.1,B
2021-07-01T11:10:20,100.0,37.1,B
2021-07-01T11:10:15,1000.0,37.1,B
2021-07-01T11:10:13,200.0,37.1,B
2021-07-01T11:09:59,1000.0,37.1,S
2021-07-01T11:09:55,4700.0,37.1,S
2021-07-01T11:09:53,2000.0,37.2,B
2021-07-01T11:09:53,400.0,37.2,B
2021-07-01T11:09:51,2400.0,37.2,B
2021-07-01T11:09:50,2600.0,37.1,S
2021-07-01T11:09:49,500.0,37.1,S
2021-07-01T11:09:48,6900.0,37.1,S
2021-07-01T11:09:43,600.0,37.2,B
2021-07-01T11:09:42,500.0,37.2,B
2021-07-01T11:09:32,100.0,37.2,B
2021-07-01T11:09:28,10000.0,37.1,S
2021-07-01T11:09:27,1000.0,37.2,B
2021-07-01T11:09:16,1000.0,37.2,B
2021-07-01T11:09:14,1000.0,37.1,S
2021-07-01T11:09:07,1000.0,37.2,B
2021-07-01T11:09:02,500.0,37.2,B
2021-07-01T11:08:55,200.0,37.2,B
2021-07-01T11:08:42,2400.0,37.2,B
2021-07-01T11:08:33,900.0,37.2,B
2021-07-01T11:08:28,10000.0,37.1,S
2021-07-01T11:08:22,1400.0,37.2,B
2021-07-01T11:08:17,66600.0,37.2,B
2021-07-01T11:08:05,100.0,37.1,S
2021-07-01T11:08:03,500.0,37.1,S
2021-07-01T11:08:00,2300.0,37.2,B
2021-07-01T11:07:47,500.0,37.2,B
2021-07-01T11:07:43,1000.0,37.2,B
2021-07-01T11:07:41,2000.0,37.1,S
2021-07-01T11:07:40,2700.0,37.2,B
2021-07-01T11:07:36,500.0,37.2,B
2021-07-01T11:07:34,1000.0,37.1,S
2021-07-01T11:07:31,1000.0,37.2,B
2021-07-01T11:07:26,300.0,37.2,B
2021-07-01T11:07:12,7000.0,37.0,S
2021-07-01T11:07:06,100.0,37.05,S
2021-07-01T11:07:03,200.0,37.1,S
2021-07-01T11:07:02,100.0,37.1,S
2021-07-01T11:07:01,200.0,37.1,S
2021-07-01T11:06:56,100.0,37.1,B
2021-07-01T11:06:52,300.0,37.2,B
2021-07-01T11:06:52,500.0,37.1,B
2021-07-01T11:06:49,100.0,37.0,S
2021-07-01T11:06:42,500.0,37.0,S
2021-07-01T11:06:19,200.0,37.0,B
2021-07-01T11:06:14,600.0,37.0,B
2021-07-01T11:06:14,1000.0,37.0,B
2021-07-01T11:06:14,3700.0,37.0,B
2021-07-01T11:06:14,4700.0,37.0,B
2021-07-01T11:06:14,700.0,37.0,B
2021-07-01T11:06:14,1500.0,37.0,B
2021-07-01T11:06:14,1300.0,37.0,B
2021-07-01T11:06:14,500.0,37.0,B
2021-07-01T11:06:14,300.0,37.0,B
2021-07-01T11:06:14,2000.0,37.0,B
2021-07-01T11:06:14,1300.0,37.0,B
2021-07-01T11:06:14,1500.0,37.0,B
2021-07-01T11:06:14,400.0,37.0,B
2021-07-01T11:06:14,700.0,37.0,B
2021-07-01T11:06:12,400.0,37.0,B
2021-07-01T11:06:12,1400.0,37.0,B
2021-07-01T11:06:06,2000.0,37.0,B
2021-07-01T11:06:00,2500.0,37.0,B
2021-07-01T11:05:55,3000.0,37.0,B
2021-07-01T11:05:55,30000.0,37.0,B
2021-07-01T11:05:53,200.0,37.0,B
2021-07-01T11:05:50,1000.0,37.0,B
2021-07-01T11:05:47,200.0,37.0,B
2021-07-01T11:05:47,200.0,37.0,B
2021-07-01T11:05:47,3300.0,37.0,B
2021-07-01T11:05:37,200.0,37.0,B
2021-07-01T11:05:30,1200.0,37.0,B
2021-07-01T11:05:30,200.0,37.0,B
2021-07-01T11:05:25,400.0,37.0,B
2021-07-01T11:05:25,300.0,37.0,B
2021-07-01T11:05:23,1000.0,37.0,B
2021-07-01T11:05:22,3000.0,37.0,B
2021-07-01T11:05:22,2800.0,37.0,B
2021-07-01T11:05:19,2000.0,37.0,B
2021-07-01T11:05:15,1000.0,37.0,B
2021-07-01T11:05:15,300.0,37.0,B
2021-07-01T11:05:15,900.0,37.0,B
2021-07-01T11:05:13,5000.0,37.0,B
2021-07-01T11:05:11,3500.0,37.0,B
2021-07-01T11:05:10,8000.0,37.0,B
2021-07-01T11:05:09,12800.0,37.0,B
2021-07-01T11:05:07,1700.0,37.0,B
2021-07-01T11:05:06,300.0,36.95,S
2021-07-01T11:04:59,4800.0,37.0,B
2021-07-01T11:04:58,10000.0,37.0,B
2021-07-01T11:04:50,100.0,37.0,B
2021-07-01T11:04:48,3100.0,37.0,B
2021-07-01T11:04:48,200.0,37.0,B
2021-07-01T11:04:48,5100.0,37.0,B
2021-07-01T11:04:48,1600.0,37.0,B
2021-07-01T11:04:48,2000.0,37.0,B
2021-07-01T11:04:45,500.0,37.0,B
2021-07-01T11:04:44,2800.0,37.0,B
2021-07-01T11:04:35,300.0,37.0,B
2021-07-01T11:04:24,7100.0,37.0,B
2021-07-01T11:04:04,5000.0,36.9,S
2021-07-01T11:04:01,800.0,37.0,B
2021-07-01T11:03:57,10000.0,37.0,B
2021-07-01T11:03:52,200.0,37.0,B
2021-07-01T11:03:42,1000.0,37.0,B
2021-07-01T11:03:41,1000.0,37.0,B
2021-07-01T11:03:30,400.0,36.9,S
2021-07-01T11:03:24,100.0,36.9,S
2021-07-01T11:03:23,5000.0,37.0,B
2021-07-01T11:03:05,4500.0,36.9,B
2021-07-01T11:03:02,2000.0,36.9,B
2021-07-01T11:02:54,5000.0,36.9,B
2021-07-01T11:02:52,500.0,36.9,B
2021-07-01T11:02:50,1000.0,36.9,B
2021-07-01T11:02:48,100.0,36.9,B
2021-07-01T11:02:37,5000.0,36.9,B
2021-07-01T11:02:37,1300.0,36.9,B
2021-07-01T11:02:31,20000.0,36.9,B
2021-07-01T11:02:27,1000.0,36.9,B
2021-07-01T11:02:22,10000.0,36.9,B
2021-07-01T11:02:17,100.0,36.9,B
2021-07-01T11:02:17,8100.0,36.9,B
2021-07-01T11:02:11,1000.0,36.9,B
2021-07-01T11:02:09,900.0,36.9,B
2021-07-01T11:02:04,13000.0,36.9,B
2021-07-01T11:02:04,200.0,36.9,B
2021-07-01T11:02:04,600.0,36.9,B
2021-07-01T11:02:03,1000.0,36.9,B
2021-07-01T11:01:52,200.0,36.9,B
2021-07-01T11:01:39,100.0,36.9,B
2021-07-01T11:01:36,28000.0,36.9,B
2021-07-01T11:01:29,100.0,36.7,S
2021-07-01T11:01:20,200.0,36.7,S
2021-07-01T11:01:18,300.0,36.7,S
2021-07-01T11:01:13,1000.0,36.7,S
2021-07-01T11:01:12,400.0,36.9,B
2021-07-01T11:00:55,100.0,36.6,S
2021-07-01T11:00:53,200.0,36.6,S
2021-07-01T11:00:37,100.0,36.6,B
2021-07-01T11:00:36,1900.0,36.9,B
2021-07-01T11:00:34,14900.0,36.8,B
2021-07-01T11:00:34,3400.0,36.8,B
2021-07-01T11:00:34,6000.0,36.7,B
2021-07-01T11:00:34,200.0,36.7,B
2021-07-01T11:00:34,1500.0,36.6,B
2021-07-01T11:00:34,1200.0,36.6,B
2021-07-01T11:00:32,100.0,36.6,B
2021-07-01T11:00:30,1400.0,36.6,B
2021-07-01T11:00:21,100.0,36.6,B
2021-07-01T11:00:16,1000.0,36.6,B
2021-07-01T11:00:15,100.0,36.6,B
2021-07-01T11:00:11,1000.0,36.6,B
2021-07-01T11:00:10,500.0,36.6,B
2021-07-01T11:00:09,200.0,36.6,B
2021-07-01T11:00:07,1000.0,36.6,B
2021-07-01T11:00:05,100.0,36.6,B
2021-07-01T11:00:04,200.0,36.5,S
2021-07-01T11:00:04,500.0,36.6,B
2021-07-01T11:00:04,1000.0,36.6,B
2021-07-01T11:00:02,5000.0,36.6,B
2021-07-01T11:00:01,1000.0,36.6,B
2021-07-01T11:00:01,300.0,36.6,B
2021-07-01T10:59:59,100.0,36.6,B
2021-07-01T10:59:56,600.0,36.6,B
2021-07-01T10:59:56,800.0,36.6,B
2021-07-01T10:59:56,300.0,36.6,B
2021-07-01T10:59:54,2000.0,36.6,B
2021-07-01T10:59:54,1000.0,36.6,B
2021-07-01T10:59:54,100.0,36.6,B
2021-07-01T10:59:51,1000.0,36.6,B
2021-07-01T10:59:51,300.0,36.6,B
2021-07-01T10:59:49,2000.0,36.6,B
2021-07-01T10:59:48,1000.0,36.6,B
2021-07-01T10:59:46,2000.0,36.6,B
2021-07-01T10:59:46,300.0,36.6,B
2021-07-01T10:59:45,500.0,36.6,B
2021-07-01T10:59:45,5000.0,36.6,B
2021-07-01T10:59:45,500.0,36.6,B
2021-07-01T10:59:44,100.0,36.6,B
2021-07-01T10:59:43,2000.0,36.6,B
2021-07-01T10:59:42,100.0,36.6,B
2021-07-01T10:59:38,3000.0,36.6,B
2021-07-01T10:59:38,800.0,36.6,B
2021-07-01T10:59:33,1900.0,36.6,B
2021-07-01T10:59:29,20000.0,36.6,B
2021-07-01T10:59:28,1000.0,36.6,B
2021-07-01T10:59:20,10000.0,36.6,B
2021-07-01T10:59:18,500.0,36.6,B
2021-07-01T10:59:16,1200.0,36.6,B
2021-07-01T10:59:14,3000.0,36.5,S
2021-07-01T10:59:08,27000.0,36.6,B
2021-07-01T10:59:08,100.0,36.6,B
2021-07-01T10:59:06,1000.0,36.6,B
2021-07-01T10:59:05,300.0,36.55,B
2021-07-01T10:59:02,6200.0,36.55,B
2021-07-01T10:59:00,500.0,36.5,B
2021-07-01T10:58:55,100.0,36.5,B
2021-07-01T10:58:40,2400.0,36.5,B
2021-07-01T10:58:40,200.0,36.5,B
2021-07-01T10:58:39,100.0,36.5,B
2021-07-01T10:58:37,1000.0,36.5,B
2021-07-01T10:58:35,10000.0,36.45,S
2021-07-01T10:58:35,100.0,36.5,B
2021-07-01T10:58:35,700.0,36.5,B
2021-07-01T10:58:35,1000.0,36.5,B
2021-07-01T10:58:35,1000.0,36.5,B
2021-07-01T10:58:35,600.0,36.5,B
2021-07-01T10:58:35,6700.0,36.5,B
2021-07-01T10:58:33,1500.0,36.5,B
2021-07-01T10:58:32,200.0,36.5,B
2021-07-01T10:58:32,9800.0,36.5,B
2021-07-01T10:58:30,1000.0,36.5,B
2021-07-01T10:58:28,200.0,36.5,B
2021-07-01T10:58:27,2000.0,36.5,B
2021-07-01T10:58:26,200.0,36.5,B
2021-07-01T10:58:25,200.0,36.5,B
2021-07-01T10:58:20,2000.0,36.5,B
2021-07-01T10:58:18,1000.0,36.5,B
2021-07-01T10:58:18,4000.0,36.5,B
2021-07-01T10:58:15,9000.0,36.5,B
2021-07-01T10:58:10,3000.0,36.5,B
2021-07-01T10:58:09,300.0,36.5,B
2021-07-01T10:58:08,1000.0,36.45,S
2021-07-01T10:58:07,1000.0,36.5,B
2021-07-01T10:58:07,1500.0,36.5,B
2021-07-01T10:58:05,100.0,36.5,B
2021-07-01T10:58:05,200.0,36.45,S
2021-07-01T10:58:03,1500.0,36.45,S
2021-07-01T10:58:03,2600.0,36.5,B
2021-07-01T10:58:03,500.0,36.45,S
2021-07-01T10:57:58,500.0,36.45,B
2021-07-01T10:57:56,100.0,36.5,B
2021-07-01T10:57:54,1400.0,36.5,B
2021-07-01T10:57:43,59200.0,36.45,B
2021-07-01T10:57:43,8900.0,36.45,B
2021-07-01T10:57:43,3400.0,36.45,B
2021-07-01T10:57:35,400.0,36.45,B
2021-07-01T10:57:33,4500.0,36.45,B
2021-07-01T10:57:33,2000.0,36.45,B
2021-07-01T10:57:31,2800.0,36.45,B
2021-07-01T10:57:23,500.0,36.45,B
2021-07-01T10:57:20,11000.0,36.45,B
2021-07-01T10:57:19,8000.0,36.45,B
2021-07-01T10:57:14,700.0,36.45,B
2021-07-01T10:57:14,300.0,36.45,B
2021-07-01T10:57:13,1000.0,36.45,B
2021-07-01T10:57:00,1200.0,36.45,B
2021-07-01T10:57:00,100.0,36.45,B
2021-07-01T10:57:00,200.0,36.45,B
2021-07-01T10:56:56,100.0,36.4,B
2021-07-01T10:56:48,200.0,36.4,B
2021-07-01T10:56:45,100.0,36.4,B
2021-07-01T10:56:45,300.0,36.4,B
2021-07-01T10:56:45,1600.0,36.4,B
2021-07-01T10:56:44,300.0,36.4,B
2021-07-01T10:56:43,13600.0,36.35,S
2021-07-01T10:56:40,20000.0,36.4,B
2021-07-01T10:56:39,1000.0,36.4,B
2021-07-01T10:56:37,1000.0,36.4,B
2021-07-01T10:56:32,500.0,36.4,B
2021-07-01T10:56:32,200.0,36.35,S
2021-07-01T10:56:31,500.0,36.4,B
2021-07-01T10:56:25,20000.0,36.4,B
2021-07-01T10:56:15,58500.0,36.4,B
2021-07-01T10:56:15,300.0,36.35,B
2021-07-01T10:56:15,11200.0,36.35,B
2021-07-01T10:56:15,1700.0,36.35,B
2021-07-01T10:56:14,200.0,36.35,B
2021-07-01T10:56:07,1000.0,36.35,B
2021-07-01T10:56:06,1800.0,36.35,B
2021-07-01T10:56:06,10000.0,36.35,B
2021-07-01T10:56:03,1000.0,36.35,B
2021-07-01T10:56:00,3500.0,36.35,B
2021-07-01T10:55:58,300.0,36.35,B
2021-07-01T10:55:54,100.0,36.35,B
2021-07-01T10:55:53,1000.0,36.35,B
2021-07-01T10:55:53,10000.0,36.35,B
2021-07-01T10:55:48,1000.0,36.35,B
2021-07-01T10:55:40,2000.0,36.35,B
2021-07-01T10:55:36,10000.0,36.35,B
2021-07-01T10:55:35,300.0,36.3,S
2021-07-01T10:55:31,200.0,36.35,B
2021-07-01T10:55:31,900.0,36.35,B
2021-07-01T10:55:31,200.0,36.35,B
2021-07-01T10:55:30,1000.0,36.35,B
2021-07-01T10:55:28,5000.0,36.35,B
2021-07-01T10:55:16,50000.0,36.3,S
2021-07-01T10:55:13,40200.0,36.35,B
2021-07-01T10:55:13,100.0,36.35,B
2021-07-01T10:55:13,100.0,36.35,B
2021-07-01T10:55:09,100.0,36.3,S
2021-07-01T10:55:07,1000.0,36.3,S
2021-07-01T10:54:59,8400.0,36.3,B
2021-07-01T10:54:59,600.0,36.3,B
2021-07-01T10:54:58,80000.0,36.3,B
2021-07-01T10:54:57,8000.0,36.3,B
2021-07-01T10:54:55,5000.0,36.3,B
2021-07-01T10:54:52,100.0,36.3,B
2021-07-01T10:54:39,5000.0,36.3,B
2021-07-01T10:54:36,5000.0,36.3,B
2021-07-01T10:54:36,2000.0,36.3,B
2021-07-01T10:54:36,700.0,36.3,B
2021-07-01T10:54:30,900.0,36.3,B
2021-07-01T10:54:30,100.0,36.3,B
2021-07-01T10:54:30,14600.0,36.25,B
2021-07-01T10:54:28,3000.0,36.25,B
2021-07-01T10:54:22,3000.0,36.25,B
2021-07-01T10:54:20,2000.0,36.25,B
2021-07-01T10:54:20,3100.0,36.25,B
2021-07-01T10:54:18,2000.0,36.25,B
2021-07-01T10:54:16,1000.0,36.25,B
2021-07-01T10:54:13,5000.0,36.25,B
2021-07-01T10:54:11,10700.0,36.25,B
2021-07-01T10:54:09,4000.0,36.25,B
2021-07-01T10:54:08,2000.0,36.25,B
2021-07-01T10:54:05,1600.0,36.25,B
2021-07-01T10:54:04,300.0,36.25,B
2021-07-01T10:54:03,89300.0,36.2,S
2021-07-01T10:54:03,11700.0,36.2,S
2021-07-01T10:54:02,2000.0,36.25,B
2021-07-01T10:53:58,500.0,36.25,B
2021-07-01T10:53:56,2000.0,36.25,B
2021-07-01T10:53:53,100.0,36.25,B
2021-07-01T10:53:53,5000.0,36.25,B
2021-07-01T10:53:53,10000.0,36.25,B
2021-07-01T10:53:49,500.0,36.25,B
2021-07-01T10:53:47,3000.0,36.25,B
2021-07-01T10:53:43,10000.0,36.25,B
2021-07-01T10:53:43,1500.0,36.25,B
2021-07-01T10:53:41,200.0,36.25,B
2021-07-01T10:53:41,1000.0,36.25,B
2021-07-01T10:53:40,1600.0,36.25,B
2021-07-01T10:53:33,4000.0,36.25,B
2021-07-01T10:53:32,100.0,36.25,B
2021-07-01T10:53:29,10000.0,36.25,B
2021-07-01T10:53:29,3000.0,36.25,B
2021-07-01T10:53:24,600.0,36.25,B
2021-07-01T10:53:24,900.0,36.25,B
2021-07-01T10:53:24,500.0,36.25,B
2021-07-01T10:53:07,300.0,36.2,B
2021-07-01T10:53:07,200.0,36.2,B
2021-07-01T10:53:06,200.0,36.2,B
2021-07-01T10:53:06,2200.0,36.2,B
2021-07-01T10:53:06,7600.0,36.2,B
2021-07-01T10:53:06,2200.0,36.2,B
2021-07-01T10:53:06,600.0,36.2,B
2021-07-01T10:53:06,26000.0,36.2,B
2021-07-01T10:53:03,2000.0,36.2,B
2021-07-01T10:53:03,300.0,36.2,B
2021-07-01T10:53:03,600.0,36.2,B
2021-07-01T10:53:01,700.0,36.2,B
2021-07-01T10:53:00,100.0,36.2,B
2021-07-01T10:53:00,1400.0,36.2,B
2021-07-01T10:52:58,500.0,36.2,B
2021-07-01T10:52:56,5000.0,36.2,B
2021-07-01T10:52:55,600.0,36.2,B
2021-07-01T10:52:55,1500.0,36.2,B
2021-07-01T10:52:53,5000.0,36.2,B
2021-07-01T10:52:51,3000.0,36.2,B
2021-07-01T10:52:49,100.0,36.2,B
2021-07-01T10:52:49,600.0,36.2,B
2021-07-01T10:52:44,1000.0,36.2,B
2021-07-01T10:52:41,30000.0,36.2,B
2021-07-01T10:52:39,4000.0,36.2,B
2021-07-01T10:52:38,500.0,36.2,B
2021-07-01T10:52:35,300.0,36.2,B
2021-07-01T10:52:33,10000.0,36.2,B
2021-07-01T10:52:31,6000.0,36.2,B
2021-07-01T10:52:25,1000.0,36.2,B
2021-07-01T10:52:23,500.0,36.2,B
2021-07-01T10:52:23,1000.0,36.15,S
2021-07-01T10:52:16,100.0,36.2,B
2021-07-01T10:52:09,200.0,36.2,B
2021-07-01T10:52:00,400.0,36.2,B
2021-07-01T10:51:58,900.0,36.2,B
2021-07-01T10:51:38,100.0,36.2,B
2021-07-01T10:51:37,700.0,36.15,S
2021-07-01T10:51:15,16800.0,36.15,B
2021-07-01T10:51:14,500.0,36.15,B
2021-07-01T10:51:12,1000.0,36.15,B
2021-07-01T10:51:12,300.0,36.15,B
2021-07-01T10:51:12,100.0,36.15,B
2021-07-01T10:51:06,800.0,36.15,B
2021-07-01T10:51:06,1000.0,36.15,B
2021-07-01T10:51:02,24000.0,36.15,B
2021-07-01T10:50:58,700.0,36.15,S
2021-07-01T10:50:53,8000.0,36.15,S
2021-07-01T10:50:47,2000.0,36.15,S
2021-07-01T10:50:44,3100.0,36.15,B
2021-07-01T10:50:44,200.0,36.15,B
2021-07-01T10:50:44,25600.0,36.15,B
2021-07-01T10:50:39,10000.0,36.15,B
2021-07-01T10:50:38,10000.0,36.15,B
2021-07-01T10:50:37,200.0,36.15,B
2021-07-01T10:50:35,1700.0,36.15,B
2021-07-01T10:50:31,100.0,36.1,S
2021-07-01T10:50:30,30000.0,36.15,B
2021-07-01T10:50:28,500.0,36.15,B
2021-07-01T10:50:21,1000.0,36.15,B
2021-07-01T10:50:21,1200.0,36.15,B
2021-07-01T10:50:21,1000.0,36.15,B
2021-07-01T10:50:19,1000.0,36.15,B
2021-07-01T10:50:19,200.0,36.15,B
2021-07-01T10:50:10,2000.0,36.15,B
2021-07-01T10:50:09,2000.0,36.15,B
2021-07-01T10:49:59,400.0,36.15,B
2021-07-01T10:49:58,900.0,36.15,B
2021-07-01T10:49:38,1000.0,36.15,B
2021-07-01T10:49:22,5000.0,36.1,S
2021-07-01T10:49:17,1000.0,36.15,B
2021-07-01T10:49:17,400.0,36.15,B
2021-07-01T10:49:17,200.0,36.15,B
2021-07-01T10:49:17,2200.0,36.15,B
2021-07-01T10:48:55,500.0,36.1,S
2021-07-01T10:48:51,300.0,36.1,S
2021-07-01T10:48:46,500.0,36.1,S
2021-07-01T10:48:39,200.0,36.1,S
2021-07-01T10:48:39,300.0,36.1,S
2021-07-01T10:48:29,1700.0,36.15,B
2021-07-01T10:48:29,19900.0,36.15,B
2021-07-01T10:48:29,3200.0,36.15,B
2021-07-01T10:48:29,300.0,36.15,B
2021-07-01T10:48:29,26600.0,36.15,B
2021-07-01T10:48:07,500.0,36.1,S
2021-07-01T10:48:07,1500.0,36.15,B
2021-07-01T10:47:58,5000.0,36.15,B
2021-07-01T10:47:26,100.0,36.1,S
2021-07-01T10:47:26,1200.0,36.1,S
2021-07-01T10:47:25,900.0,36.1,B
2021-07-01T10:47:17,1100.0,36.1,B
2021-07-01T10:47:01,15200.0,36.1,B
2021-07-01T10:46:57,2700.0,36.1,B
2021-07-01T10:46:53,1700.0,36.1,B
2021-07-01T10:46:53,2200.0,36.1,B
2021-07-01T10:46:53,5200.0,36.1,B
2021-07-01T10:46:53,100.0,36.1,B
2021-07-01T10:46:53,1500.0,36.1,B
2021-07-01T10:46:53,1000.0,36.1,B
2021-07-01T10:46:53,700.0,36.1,B
2021-07-01T10:46:53,7600.0,36.1,B
2021-07-01T10:46:45,100.0,36.1,B
2021-07-01T10:46:45,100.0,36.1,B
2021-07-01T10:46:36,200.0,36.1,B
2021-07-01T10:46:28,5000.0,36.1,B
2021-07-01T10:46:26,800.0,36.1,B
2021-07-01T10:46:25,500.0,36.1,B
2021-07-01T10:46:21,500.0,36.05,S
2021-07-01T10:46:10,100.0,36.1,B
2021-07-01T10:45:58,1400.0,36.05,S
2021-07-01T10:45:54,500.0,36.1,B
2021-07-01T10:45:51,200.0,36.05,S
2021-07-01T10:45:36,100.0,36.1,B
2021-07-01T10:45:30,500.0,36.05,S
2021-07-01T10:45:18,2000.0,36.1,B
2021-07-01T10:45:12,500.0,36.1,B
2021-07-01T10:45:10,100.0,36.05,S
2021-07-01T10:44:46,1000.0,36.1,B
2021-07-01T10:44:30,700.0,36.1,B
2021-07-01T10:44:30,800.0,36.1,B
2021-07-01T10:44:30,500.0,36.1,B
2021-07-01T10:44:30,1700.0,36.1,B
2021-07-01T10:44:29,1000.0,36.05,S
2021-07-01T10:44:28,100.0,36.05,S
2021-07-01T10:44:10,500.0,36.1,B
2021-07-01T10:44:09,300.0,36.1,B
2021-07-01T10:44:08,1500.0,36.1,B
2021-07-01T10:44:07,200.0,36.05,S
2021-07-01T10:44:07,800.0,36.05,S
2021-07-01T10:43:50,800.0,36.1,B
2021-07-01T10:43:49,1000.0,36.1,B
2021-07-01T10:43:47,100.0,36.05,S
2021-07-01T10:43:46,2000.0,36.1,B
2021-07-01T10:43:42,24000.0,36.1,B
2021-07-01T10:43:30,100.0,36.1,B
2021-07-01T10:43:21,30000.0,36.1,B
2021-07-01T10:43:11,500.0,36.1,B
2021-07-01T10:43:04,2000.0,36.1,S
2021-07-01T10:42:52,1500.0,36.1,S
2021-07-01T10:42:49,200.0,36.1,S
2021-07-01T10:42:49,900.0,36.1,S
2021-07-01T10:42:40,2500.0,36.1,S
2021-07-01T10:42:40,700.0,36.1,S
2021-07-01T10:42:38,100.0,36.1,S
2021-07-01T10:42:31,100.0,36.1,B
2021-07-01T10:42:21,2100.0,36.1,B
2021-07-01T10:42:09,700.0,36.1,B
2021-07-01T10:42:00,100.0,36.1,B
2021-07-01T10:41:58,2900.0,36.05,S
2021-07-01T10:41:50,10000.0,36.1,B
2021-07-01T10:41:48,500.0,36.05,S
2021-07-01T10:41:45,300.0,36.1,B
2021-07-01T10:41:40,1600.0,36.1,B
2021-07-01T10:41:37,18000.0,36.1,B
2021-07-01T10:41:31,100.0,36.1,B
2021-07-01T10:41:18,300.0,36.1,B
2021-07-01T10:41:06,200.0,36.1,B
2021-07-01T10:41:06,100.0,36.1,B
2021-07-01T10:41:06,700.0,36.1,B
2021-07-01T10:40:58,1000.0,36.05,S
2021-07-01T10:40:58,500.0,36.1,B
2021-07-01T10:40:58,1900.0,36.1,B
2021-07-01T10:40:58,23600.0,36.1,B
2021-07-01T10:40:57,100.0,36.1,B
2021-07-01T10:40:40,500.0,36.1,B
2021-07-01T10:40:33,200.0,36.1,B
2021-07-01T10:40:19,100.0,36.1,B
2021-07-01T10:40:16,500.0,36.1,B
2021-07-01T10:40:09,100.0,36.1,B
2021-07-01T10:40:08,1000.0,36.1,B
2021-07-01T10:40:03,50000.0,36.15,B
2021-07-01T10:39:59,100.0,36.1,B
2021-07-01T10:39:55,100.0,36.1,B
2021-07-01T10:39:49,3700.0,36.1,B
2021-07-01T10:39:48,1800.0,36.1,B
2021-07-01T10:39:41,300.0,36.05,S
2021-07-01T10:39:38,900.0,36.1,B
2021-07-01T10:39:35,100.0,36.1,S
2021-07-01T10:39:35,3000.0,36.1,S
2021-07-01T10:39:31,1000.0,36.1,S
2021-07-01T10:39:28,400.0,36.1,S
2021-07-01T10:39:23,200.0,36.1,S
2021-07-01T10:39:21,500.0,36.1,S
2021-07-01T10:39:21,2400.0,36.1,S
2021-07-01T10:39:21,300.0,36.15,B
2021-07-01T10:39:15,100.0,36.15,B
2021-07-01T10:39:07,100.0,36.15,B
2021-07-01T10:39:03,1000.0,36.15,B
2021-07-01T10:38:59,3000.0,36.15,B
2021-07-01T10:38:56,10000.0,36.1,S
2021-07-01T10:38:54,1000.0,36.15,B
2021-07-01T10:38:48,1400.0,36.15,B
2021-07-01T10:38:43,1200.0,36.15,B
2021-07-01T10:38:42,2200.0,36.15,B
2021-07-01T10:38:28,1000.0,36.15,B
2021-07-01T10:38:23,400.0,36.15,B
2021-07-01T10:38:21,300.0,36.15,B
2021-07-01T10:38:21,5000.0,36.1,S
2021-07-01T10:38:21,3000.0,36.15,B
2021-07-01T10:38:20,6000.0,36.15,B
2021-07-01T10:38:12,600.0,36.15,B
2021-07-01T10:38:08,300.0,36.15,B
2021-07-01T10:38:05,1000.0,36.15,B
2021-07-01T10:38:05,2000.0,36.15,B
2021-07-01T10:38:00,200.0,36.15,B
2021-07-01T10:37:55,3000.0,36.15,B
2021-07-01T10:37:51,3100.0,36.15,B
2021-07-01T10:37:49,100.0,36.1,S
2021-07-01T10:37:46,100.0,36.1,S
2021-07-01T10:37:42,1500.0,36.15,B
2021-07-01T10:37:41,800.0,36.15,B
2021-07-01T10:37:39,400.0,36.1,B
2021-07-01T10:37:38,400.0,36.0,S
2021-07-01T10:37:34,500.0,36.15,B
2021-07-01T10:37:33,500.0,36.1,B
2021-07-01T10:37:32,3900.0,36.1,B
2021-07-01T10:37:28,1200.0,36.0,B
2021-07-01T10:37:25,2900.0,36.0,B
2021-07-01T10:37:24,300.0,36.0,B
2021-07-01T10:37:23,900.0,36.0,B
2021-07-01T10:37:22,2100.0,36.0,B
2021-07-01T10:37:22,900.0,36.0,B
2021-07-01T10:37:22,2600.0,36.0,B
2021-07-01T10:37:22,3500.0,36.0,B
2021-07-01T10:37:22,400.0,36.0,B
2021-07-01T10:37:22,1200.0,36.0,B
2021-07-01T10:37:22,200.0,36.0,B
2021-07-01T10:37:22,8200.0,36.0,B
2021-07-01T10:37:22,1800.0,36.0,B
2021-07-01T10:37:22,1200.0,36.0,B
2021-07-01T10:37:18,300.0,36.0,B
2021-07-01T10:37:17,300.0,36.0,B
2021-07-01T10:37:07,800.0,36.0,B
2021-07-01T10:37:07,3700.0,36.0,B
2021-07-01T10:37:06,500.0,36.0,B
2021-07-01T10:37:06,100.0,36.0,B
2021-07-01T10:37:04,400.0,36.0,B
2021-07-01T10:37:04,3300.0,36.0,B
2021-07-01T10:37:02,1700.0,36.0,B
2021-07-01T10:36:59,100.0,36.0,B
2021-07-01T10:36:57,100.0,36.0,B
2021-07-01T10:36:56,2000.0,35.95,S
2021-07-01T10:36:52,200.0,35.95,S
2021-07-01T10:36:50,4000.0,36.0,B
2021-07-01T10:36:44,1300.0,36.0,B
2021-07-01T10:36:44,4600.0,36.0,B
2021-07-01T10:36:44,8100.0,36.0,B
2021-07-01T10:36:44,18200.0,36.0,B
2021-07-01T10:36:43,17800.0,36.0,B
2021-07-01T10:36:40,200.0,36.0,B
2021-07-01T10:36:40,5000.0,36.0,B
2021-07-01T10:36:26,100.0,36.0,B
2021-07-01T10:36:26,500.0,36.0,B
2021-07-01T10:36:26,1000.0,36.0,B
2021-07-01T10:36:26,3400.0,36.0,B
2021-07-01T10:36:20,700.0,35.95,B
2021-07-01T10:36:20,200.0,35.95,B
2021-07-01T10:36:20,400.0,35.95,B
2021-07-01T10:36:16,2000.0,35.95,B
2021-07-01T10:36:15,1700.0,35.95,B
2021-07-01T10:36:13,500.0,35.95,B
2021-07-01T10:36:13,30000.0,35.95,B
2021-07-01T10:36:08,1000.0,35.95,B
2021-07-01T10:36:06,200.0,35.9,S
2021-07-01T10:36:06,200.0,35.9,S
2021-07-01T10:36:03,100.0,35.95,B
2021-07-01T10:35:57,200.0,35.95,B
2021-07-01T10:35:56,50000.0,35.95,B
2021-07-01T10:35:49,300.0,35.95,B
2021-07-01T10:35:36,500.0,35.95,B
2021-07-01T10:35:31,100.0,35.95,B
2021-07-01T10:35:29,300.0,35.9,B
2021-07-01T10:35:21,10000.0,35.95,B
2021-07-01T10:35:15,200.0,35.9,B
2021-07-01T10:35:13,900.0,35.95,B
2021-07-01T10:34:51,3000.0,35.95,B
2021-07-01T10:34:45,1800.0,35.95,B
2021-07-01T10:34:45,400.0,35.9,B
2021-07-01T10:34:44,1800.0,35.9,B
2021-07-01T10:34:33,700.0,35.9,B
2021-07-01T10:34:33,300.0,35.9,B
2021-07-01T10:34:27,9000.0,35.9,B
2021-07-01T10:34:21,600.0,35.9,B
2021-07-01T10:34:15,1200.0,35.9,B
2021-07-01T10:34:13,5000.0,35.9,B
2021-07-01T10:34:10,600.0,35.9,B
2021-07-01T10:34:08,500.0,35.9,B
2021-07-01T10:34:07,2000.0,35.9,B
2021-07-01T10:34:06,400.0,35.9,B
2021-07-01T10:34:03,500.0,35.9,B
2021-07-01T10:34:02,1100.0,35.9,B
2021-07-01T10:33:58,200.0,35.9,B
2021-07-01T10:33:50,300.0,35.9,B
2021-07-01T10:33:47,3000.0,35.9,B
2021-07-01T10:33:45,2000.0,35.9,B
2021-07-01T10:33:43,16000.0,35.9,B
2021-07-01T10:33:37,100.0,35.9,B
2021-07-01T10:33:37,600.0,35.9,B
2021-07-01T10:33:37,1400.0,35.9,B
2021-07-01T10:33:30,900.0,35.9,B
2021-07-01T10:33:30,500.0,35.9,B
2021-07-01T10:33:30,1900.0,35.9,B
2021-07-01T10:33:29,400.0,35.9,B
2021-07-01T10:33:23,1000.0,35.9,B
2021-07-01T10:33:15,2000.0,35.9,B
2021-07-01T10:33:14,600.0,35.8,S
2021-07-01T10:33:13,2400.0,35.9,B
2021-07-01T10:33:13,600.0,35.85,B
2021-07-01T10:33:13,1700.0,35.85,B
2021-07-01T10:33:13,2400.0,35.85,B
2021-07-01T10:33:13,1000.0,35.85,B
2021-07-01T10:33:13,900.0,35.85,B
2021-07-01T10:33:10,500.0,35.85,B
2021-07-01T10:33:01,1100.0,35.85,B
2021-07-01T10:33:01,8200.0,35.85,B
2021-07-01T10:33:01,15700.0,35.85,B
2021-07-01T10:32:59,100.0,35.85,B
2021-07-01T10:32:51,300.0,35.85,B
2021-07-01T10:32:46,2000.0,35.85,B
2021-07-01T10:32:42,500.0,35.85,B
2021-07-01T10:32:39,4800.0,35.85,B
2021-07-01T10:32:34,2000.0,35.85,B
2021-07-01T10:32:28,2000.0,35.85,B
2021-07-01T10:32:18,500.0,35.85,B
2021-07-01T10:32:15,1000.0,35.85,B
2021-07-01T10:32:10,1000.0,35.85,B
2021-07-01T10:32:07,2000.0,35.85,B
2021-07-01T10:32:07,2000.0,35.85,B
2021-07-01T10:32:00,500.0,35.85,B
2021-07-01T10:31:56,100.0,35.8,B
2021-07-01T10:31:51,60500.0,35.85,B
2021-07-01T10:31:51,1800.0,35.8,B
2021-07-01T10:31:51,100.0,35.8,B
2021-07-01T10:31:51,1100.0,35.8,B
2021-07-01T10:31:51,300.0,35.8,B
2021-07-01T10:31:51,300.0,35.8,B
2021-07-01T10:31:51,1100.0,35.8,B
2021-07-01T10:31:51,400.0,35.8,B
2021-07-01T10:31:51,200.0,35.8,B
2021-07-01T10:31:51,300.0,35.8,B
2021-07-01T10:31:51,100.0,35.8,B
2021-07-01T10:31:51,1400.0,35.8,B
2021-07-01T10:31:51,9200.0,35.8,B
2021-07-01T10:31:51,400.0,35.8,B
2021-07-01T10:31:51,2800.0,35.8,B
2021-07-01T10:31:45,1000.0,35.8,B
2021-07-01T10:31:44,500.0,35.8,B
2021-07-01T10:31:40,1700.0,35.8,B
2021-07-01T10:31:40,200.0,35.8,B
2021-07-01T10:31:40,2800.0,35.8,B
2021-07-01T10:31:40,600.0,35.8,B
2021-07-01T10:31:40,500.0,35.8,B
2021-07-01T10:31:38,1500.0,35.8,B
2021-07-01T10:31:33,500.0,35.8,B
2021-07-01T10:31:30,11000.0,35.8,B
2021-07-01T10:31:27,3000.0,35.8,B
2021-07-01T10:31:24,2000.0,35.8,B
2021-07-01T10:31:21,2000.0,35.8,B
2021-07-01T10:31:20,500.0,35.8,B
2021-07-01T10:31:19,100.0,35.8,B
2021-07-01T10:31:14,1000.0,35.8,B
2021-07-01T10:31:06,1000.0,35.8,B
2021-07-01T10:30:56,1000.0,35.8,B
2021-07-01T10:30:53,800.0,35.8,B
2021-07-01T10:30:47,3000.0,35.8,B
2021-07-01T10:30:41,1000.0,35.8,B
2021-07-01T10:30:35,100.0,35.75,S
2021-07-01T10:30:32,9000.0,35.8,B
2021-07-01T10:30:23,100.0,35.75,B
2021-07-01T10:30:16,7400.0,35.8,B
2021-07-01T10:30:16,600.0,35.75,B
2021-07-01T10:30:16,9900.0,35.75,B
2021-07-01T10:30:07,1000.0,35.75,B
2021-07-01T10:30:06,4000.0,35.75,B
2021-07-01T10:30:00,100.0,35.75,B
2021-07-01T10:29:58,500.0,35.75,B
2021-07-01T10:29:36,1000.0,35.75,B
2021-07-01T10:29:34,200.0,35.75,B
2021-07-01T10:29:26,300.0,35.75,B
2021-07-01T10:29:24,3000.0,35.75,B
2021-07-01T10:29:23,2400.0,35.75,B
2021-07-01T10:29:17,100.0,35.75,B
2021-07-01T10:29:17,4600.0,35.75,B
2021-07-01T10:29:13,200.0,35.75,B
2021-07-01T10:28:59,1000.0,35.75,B
2021-07-01T10:28:57,4000.0,35.75,B
2021-07-01T10:28:51,2000.0,35.75,B
2021-07-01T10:28:50,4700.0,35.75,B
2021-07-01T10:28:40,2100.0,35.7,S
2021-07-01T10:28:37,100.0,35.75,B
2021-07-01T10:28:36,2000.0,35.75,B
2021-07-01T10:28:33,300.0,35.75,B
2021-07-01T10:28:30,500.0,35.75,B
2021-07-01T10:28:27,5000.0,35.75,B
2021-07-01T10:28:11,2600.0,35.75,B
2021-07-01T10:28:09,500.0,35.75,B
2021-07-01T10:28:09,1100.0,35.75,B
2021-07-01T10:28:09,200.0,35.75,B
2021-07-01T10:28:09,500.0,35.75,B
2021-07-01T10:28:09,5100.0,35.75,B
2021-07-01T10:28:09,200.0,35.75,B
2021-07-01T10:28:08,4400.0,35.75,B
2021-07-01T10:28:02,2000.0,35.75,B
2021-07-01T10:28:01,500.0,35.7,S
2021-07-01T10:28:00,3800.0,35.75,B
2021-07-01T10:28:00,1200.0,35.75,B
2021-07-01T10:27:44,100.0,35.7,B
2021-07-01T10:27:39,100.0,35.7,B
2021-07-01T10:27:38,700.0,35.7,B
2021-07-01T10:27:33,5300.0,35.7,B
2021-07-01T10:27:32,41500.0,35.7,B
2021-07-01T10:27:30,2200.0,35.7,B
2021-07-01T10:27:21,200.0,35.7,B
2021-07-01T10:27:17,200.0,35.7,B
2021-07-01T10:27:16,100.0,35.7,B
2021-07-01T10:27:16,3500.0,35.7,B
2021-07-01T10:27:08,600.0,35.7,B
2021-07-01T10:27:08,100.0,35.7,B
2021-07-01T10:27:08,1900.0,35.7,B
2021-07-01T10:27:05,5000.0,35.7,B
2021-07-01T10:27:01,4000.0,35.7,B
2021-07-01T10:26:56,3000.0,35.7,B
2021-07-01T10:26:49,2000.0,35.7,B
2021-07-01T10:26:42,2000.0,35.7,B
2021-07-01T10:26:42,5000.0,35.7,B
2021-07-01T10:26:42,1000.0,35.7,B
2021-07-01T10:26:41,900.0,35.7,B
2021-07-01T10:26:40,5000.0,35.7,B
2021-07-01T10:26:40,100.0,35.7,B
2021-07-01T10:26:26,200.0,35.7,B
2021-07-01T10:26:18,3000.0,35.7,B
2021-07-01T10:26:17,200.0,35.7,B
2021-07-01T10:26:14,2000.0,35.7,B
2021-07-01T10:26:12,3000.0,35.7,B
2021-07-01T10:26:12,300.0,35.7,B
2021-07-01T10:26:08,1400.0,35.7,B
2021-07-01T10:26:08,12900.0,35.7,B
2021-07-01T10:25:58,20000.0,35.7,B
2021-07-01T10:25:58,6000.0,35.65,B
2021-07-01T10:25:56,1200.0,35.65,B
2021-07-01T10:25:55,1000.0,35.65,B
2021-07-01T10:25:55,1000.0,35.65,B
2021-07-01T10:25:51,5600.0,35.65,B
2021-07-01T10:25:44,500.0,35.65,B
2021-07-01T10:25:43,1000.0,35.65,B
2021-07-01T10:25:37,92000.0,35.65,B
2021-07-01T10:25:37,8000.0,35.65,B
2021-07-01T10:25:16,1000.0,35.65,B
2021-07-01T10:25:16,800.0,35.65,B
2021-07-01T10:25:14,3200.0,35.6,S
2021-07-01T10:24:50,5000.0,35.65,B
2021-07-01T10:24:46,2000.0,35.6,B
2021-07-01T10:24:46,1000.0,35.6,B
2021-07-01T10:24:45,6500.0,35.6,B
2021-07-01T10:24:45,800.0,35.6,B
2021-07-01T10:24:44,24600.0,35.6,B
2021-07-01T10:24:44,900.0,35.6,B
2021-07-01T10:24:44,900.0,35.6,B
2021-07-01T10:24:44,3200.0,35.6,B
2021-07-01T10:24:44,11100.0,35.6,B
2021-07-01T10:24:40,20000.0,35.6,B
2021-07-01T10:24:40,500.0,35.6,B
2021-07-01T10:24:35,300.0,35.6,B
2021-07-01T10:24:33,1000.0,35.6,B
2021-07-01T10:24:32,100.0,35.6,B
2021-07-01T10:24:29,5000.0,35.6,B
2021-07-01T10:24:29,200.0,35.6,B
2021-07-01T10:24:27,600.0,35.6,B
2021-07-01T10:24:27,100.0,35.6,B
2021-07-01T10:24:21,300.0,35.6,B
2021-07-01T10:24:21,19700.0,35.6,B
2021-07-01T10:24:19,100.0,35.6,B
2021-07-01T10:24:19,400.0,35.6,B
2021-07-01T10:24:16,60000.0,35.6,B
2021-07-01T10:24:15,1000.0,35.6,B
2021-07-01T10:24:15,100.0,35.6,B
2021-07-01T10:24:12,3000.0,35.6,B
2021-07-01T10:24:08,50000.0,35.6,B
2021-07-01T10:24:08,100.0,35.6,B
2021-07-01T10:24:04,5000.0,35.6,B
2021-07-01T10:23:58,100.0,35.6,B
2021-07-01T10:23:57,4100.0,35.6,B
2021-07-01T10:23:55,1000.0,35.6,B
2021-07-01T10:23:54,1000.0,35.6,B
2021-07-01T10:23:54,11000.0,35.6,B
2021-07-01T10:23:48,100.0,35.6,B
2021-07-01T10:23:31,3500.0,35.6,B
2021-07-01T10:23:23,1200.0,35.6,B
2021-07-01T10:23:22,600.0,35.6,B
2021-07-01T10:23:16,1700.0,35.6,B
2021-07-01T10:22:53,200.0,35.6,B
2021-07-01T10:22:51,1500.0,35.6,B
2021-07-01T10:22:48,1000.0,35.6,B
2021-07-01T10:22:43,300.0,35.6,B
2021-07-01T10:22:36,5000.0,35.6,B
2021-07-01T10:22:35,100.0,35.6,B
2021-07-01T10:22:29,1000.0,35.6,B
2021-07-01T10:22:27,100.0,35.6,B
2021-07-01T10:22:08,1000.0,35.6,B
2021-07-01T10:21:57,200.0,35.6,B
2021-07-01T10:21:56,6000.0,35.6,B
2021-07-01T10:21:48,2000.0,35.6,B
2021-07-01T10:21:42,500.0,35.6,B
2021-07-01T10:21:40,300.0,35.6,B
2021-07-01T10:21:40,1100.0,35.6,B
2021-07-01T10:21:38,5000.0,35.6,B
2021-07-01T10:21:24,200.0,35.6,B
2021-07-01T10:21:13,300.0,35.6,B
2021-07-01T10:20:56,200.0,35.6,B
2021-07-01T10:20:45,100.0,35.6,B
2021-07-01T10:20:38,8000.0,35.6,B
2021-07-01T10:20:30,2000.0,35.6,B
2021-07-01T10:20:24,1000.0,35.55,B
2021-07-01T10:20:19,100.0,35.6,B
2021-07-01T10:20:11,300.0,35.55,B
2021-07-01T10:20:10,2000.0,35.6,B
2021-07-01T10:20:05,300.0,35.6,B
2021-07-01T10:20:05,200.0,35.6,B
2021-07-01T10:20:02,300.0,35.6,B
2021-07-01T10:19:42,1000.0,35.6,B
2021-07-01T10:19:35,1000.0,35.6,B
2021-07-01T10:19:33,1000.0,35.6,B
2021-07-01T10:19:33,400.0,35.6,B
2021-07-01T10:19:27,10000.0,35.55,B
2021-07-01T10:19:22,500.0,35.6,B
2021-07-01T10:19:16,100.0,35.6,B
2021-07-01T10:19:16,2000.0,35.55,B
2021-07-01T10:19:15,6500.0,35.6,B
2021-07-01T10:19:10,1000.0,35.6,B
2021-07-01T10:18:50,2000.0,35.6,B
2021-07-01T10:18:50,200.0,35.55,B
2021-07-01T10:18:49,400.0,35.55,B
2021-07-01T10:18:47,100.0,35.55,B
2021-07-01T10:18:46,1700.0,35.55,B
2021-07-01T10:18:45,2700.0,35.55,B
2021-07-01T10:18:43,100.0,35.55,B
2021-07-01T10:18:42,100.0,35.55,B
2021-07-01T10:18:41,3000.0,35.55,B
2021-07-01T10:18:39,100.0,35.55,B
2021-07-01T10:18:39,1300.0,35.55,B
2021-07-01T10:18:39,600.0,35.55,B
2021-07-01T10:18:30,1000.0,35.55,B
2021-07-01T10:18:22,600.0,35.55,B
2021-07-01T10:18:21,1100.0,35.5,S
2021-07-01T10:18:18,1000.0,35.55,B
2021-07-01T10:18:16,100.0,35.55,B
2021-07-01T10:18:15,100.0,35.55,B
2021-07-01T10:18:12,500.0,35.55,B
2021-07-01T10:18:09,500.0,35.55,B
2021-07-01T10:18:08,500.0,35.55,B
2021-07-01T10:18:06,200.0,35.55,B
2021-07-01T10:17:57,200.0,35.55,B
2021-07-01T10:17:57,200.0,35.5,S
2021-07-01T10:17:51,1000.0,35.55,B
2021-07-01T10:17:33,100.0,35.55,S
2021-07-01T10:17:33,11000.0,35.55,S
2021-07-01T10:17:31,1000.0,35.55,S
2021-07-01T10:17:23,1000.0,35.5,S
2021-07-01T10:12:56,300.0,35.55,B
2021-07-01T10:12:45,300.0,35.5,S
2021-07-01T10:12:16,300.0,35.5,S
2021-07-01T10:12:11,800.0,35.55,S
2021-07-01T10:12:02,100.0,35.5,S
2021-07-01T10:12:00,500.0,35.5,S
2021-07-01T10:11:58,4300.0,35.55,S
2021-07-01T10:11:56,5000.0,35.55,S
2021-07-01T10:11:42,1000.0,35.55,S
2021-07-01T10:11:30,1700.0,35.5,S
2021-07-01T10:11:24,700.0,35.55,S
2021-07-01T10:11:16,100.0,35.55,S
2021-07-01T10:11:14,1000.0,35.55,S
2021-07-01T10:11:04,500.0,35.55,S
2021-07-01T10:11:02,1000.0,35.5,S
2021-07-01T10:10:56,200.0,35.5,S
2021-07-01T10:10:53,3000.0,35.55,S
2021-07-01T10:10:46,200.0,35.55,S
2021-07-01T10:10:39,1000.0,35.5,S
2021-07-01T10:10:29,200.0,35.55,S
2021-07-01T10:10:29,10000.0,35.55,S
2021-07-01T10:10:25,1000.0,35.55,S
2021-07-01T10:10:12,10000.0,35.55,S
2021-07-01T10:10:07,41200.0,35.55,S
2021-07-01T10:10:03,300.0,35.55,S
2021-07-01T10:09:59,4000.0,35.55,S
2021-07-01T10:09:59,15600.0,35.55,S
2021-07-01T10:09:52,100.0,35.6,B
2021-07-01T10:09:44,10000.0,35.6,B
2021-07-01T10:09:43,1000.0,35.55,S
2021-07-01T10:09:43,1000.0,35.55,S
2021-07-01T10:09:28,5000.0,35.55,S
2021-07-01T10:09:28,1400.0,35.6,B
2021-07-01T10:09:24,23300.0,35.55,S
2021-07-01T10:09:16,30000.0,35.55,S
2021-07-01T10:09:06,500.0,35.6,B
2021-07-01T10:09:00,200.0,35.6,B
2021-07-01T10:08:47,100.0,35.6,S
2021-07-01T10:08:33,1000.0,35.6,S
2021-07-01T10:08:32,5000.0,35.6,S
2021-07-01T10:08:30,2000.0,35.6,S
2021-07-01T10:08:30,13800.0,35.6,S
2021-07-01T10:08:25,200.0,35.6,S
2021-07-01T10:08:23,1000.0,35.65,B
2021-07-01T10:08:15,29100.0,35.6,S
2021-07-01T10:08:15,500.0,35.6,S
2021-07-01T10:08:15,500.0,35.6,S
2021-07-01T10:08:15,69900.0,35.6,S
2021-07-01T10:08:12,600.0,35.6,S
2021-07-01T10:08:06,1000.0,35.6,S
2021-07-01T10:08:04,100.0,35.6,S
2021-07-01T10:08:04,500.0,35.65,B
2021-07-01T10:08:01,1000.0,35.65,B
2021-07-01T10:07:57,1100.0,35.6,S
2021-07-01T10:07:56,2000.0,35.6,S
2021-07-01T10:07:50,1000.0,35.6,S
2021-07-01T10:07:41,400.0,35.6,S
2021-07-01T10:07:24,100.0,35.6,S
2021-07-01T10:07:13,1000.0,35.6,S
2021-07-01T10:07:00,1000.0,35.6,S
2021-07-01T10:06:57,10000.0,35.6,S
2021-07-01T10:06:53,2600.0,35.6,S
2021-07-01T10:06:53,3400.0,35.6,S
2021-07-01T10:06:43,3100.0,35.6,S
2021-07-01T10:06:31,600.0,35.6,S
2021-07-01T10:06:27,2000.0,35.6,S
2021-07-01T10:06:25,1000.0,35.65,B
2021-07-01T10:06:21,5000.0,35.65,B
2021-07-01T10:06:17,1000.0,35.65,B
2021-07-01T10:06:14,1700.0,35.6,S
2021-07-01T10:06:12,11300.0,35.6,S
2021-07-01T10:06:12,3900.0,35.6,S
2021-07-01T10:06:08,600.0,35.65,S
2021-07-01T10:06:06,200.0,35.7,B
2021-07-01T10:06:03,400.0,35.65,S
2021-07-01T10:05:53,2600.0,35.65,S
2021-07-01T10:05:32,600.0,35.7,B
2021-07-01T10:05:23,8000.0,35.65,S
2021-07-01T10:05:06,400.0,35.65,S
2021-07-01T10:04:50,600.0,35.65,S
2021-07-01T10:04:32,200.0,35.65,S
2021-07-01T10:04:11,20000.0,35.65,S
2021-07-01T10:04:01,2000.0,35.65,S
2021-07-01T10:03:58,1000.0,35.65,S
2021-07-01T10:03:56,1000.0,35.65,S
2021-07-01T10:03:50,500.0,35.65,S
2021-07-01T10:03:40,300.0,35.65,S
2021-07-01T10:03:28,3800.0,35.65,S
2021-07-01T10:03:20,15000.0,35.65,S
2021-07-01T10:03:12,4000.0,35.7,B
2021-07-01T10:02:59,200.0,35.65,S
2021-07-01T10:02:34,1100.0,35.7,S
2021-07-01T10:02:32,11000.0,35.7,S
2021-07-01T10:02:32,11400.0,35.7,S
2021-07-01T10:02:06,4400.0,35.7,S
2021-07-01T10:01:48,400.0,35.7,S
2021-07-01T10:01:42,200.0,35.7,S
2021-07-01T10:01:41,4000.0,35.7,S
2021-07-01T10:01:28,2600.0,35.7,S
2021-07-01T10:01:22,500.0,35.7,S
2021-07-01T10:01:12,8000.0,35.7,S
2021-07-01T10:01:11,100.0,35.7,S
2021-07-01T10:00:55,300.0,35.7,S
2021-07-01T10:00:52,1600.0,35.7,S
2021-07-01T10:00:47,800.0,35.75,B
2021-07-01T10:00:36,200.0,35.7,S
2021-07-01T10:00:35,2300.0,35.7,S
2021-07-01T10:00:19,6000.0,35.75,B
2021-07-01T10:00:07,500.0,35.7,S
2021-07-01T10:00:00,300.0,35.7,S
2021-07-01T09:59:25,100.0,35.7,S
2021-07-01T09:59:17,300.0,35.75,S
2021-07-01T09:58:35,600.0,35.7,S
2021-07-01T09:58:02,1000.0,35.75,S
2021-07-01T09:58:02,4100.0,35.75,S
2021-07-01T09:57:53,200.0,35.75,S
2021-07-01T09:57:42,100.0,35.75,S
2021-07-01T09:57:39,800.0,35.75,S
2021-07-01T09:57:35,100.0,35.75,S
2021-07-01T09:57:20,700.0,35.75,S
2021-07-01T09:57:07,2000.0,35.75,S
2021-07-01T09:56:53,500.0,35.75,B
2021-07-01T09:56:50,100.0,35.8,B
2021-07-01T09:56:45,100.0,35.8,B
2021-07-01T09:56:33,900.0,35.75,B
2021-07-01T09:56:31,100.0,35.8,B
2021-07-01T09:56:24,500.0,35.75,B
2021-07-01T09:56:07,500.0,35.75,B
2021-07-01T09:55:53,1200.0,35.75,B
2021-07-01T09:55:44,1000.0,35.75,B
2021-07-01T09:55:41,5000.0,35.7,S
2021-07-01T09:55:41,3300.0,35.7,S
2021-07-01T09:55:41,3100.0,35.7,S
2021-07-01T09:55:40,13600.0,35.7,S
2021-07-01T09:55:26,1000.0,35.75,S
2021-07-01T09:55:12,1000.0,35.75,S
2021-07-01T09:55:02,100.0,35.75,S
2021-07-01T09:54:59,1900.0,35.75,S
2021-07-01T09:54:52,2700.0,35.8,B
2021-07-01T09:54:52,100.0,35.75,S
2021-07-01T09:54:51,400.0,35.75,S
2021-07-01T09:54:49,1000.0,35.75,S
2021-07-01T09:54:46,10000.0,35.8,B
2021-07-01T09:54:43,10000.0,35.7,S
2021-07-01T09:54:42,300.0,35.8,B
2021-07-01T09:54:41,9600.0,35.75,S
2021-07-01T09:54:20,300.0,35.75,S
2021-07-01T09:54:03,5000.0,35.8,B
2021-07-01T09:54:03,100.0,35.75,S
2021-07-01T09:54:00,2000.0,35.75,S
2021-07-01T09:53:54,2900.0,35.75,B
2021-07-01T09:53:51,200.0,35.75,B
2021-07-01T09:53:45,3300.0,35.75,B
2021-07-01T09:53:30,6000.0,35.75,B
2021-07-01T09:53:23,1000.0,35.75,B
2021-07-01T09:53:21,100.0,35.75,B
2021-07-01T09:53:14,39100.0,35.75,B
2021-07-01T09:53:07,500.0,35.75,B
2021-07-01T09:53:03,200.0,35.75,B
2021-07-01T09:52:57,200.0,35.75,B
2021-07-01T09:52:51,500.0,35.75,B
2021-07-01T09:52:44,59800.0,35.75,B
2021-07-01T09:52:30,5000.0,35.7,S
2021-07-01T09:52:29,100.0,35.7,S
2021-07-01T09:52:08,1000.0,35.7,S
2021-07-01T09:52:03,200.0,35.75,B
2021-07-01T09:51:45,3800.0,35.75,B
2021-07-01T09:51:22,100.0,35.75,B
2021-07-01T09:51:14,5000.0,35.75,B
2021-07-01T09:51:05,200.0,35.7,B
2021-07-01T09:50:47,4200.0,35.75,B
2021-07-01T09:50:47,5800.0,35.7,B
2021-07-01T09:50:44,400.0,35.7,B
2021-07-01T09:50:43,600.0,35.7,B
2021-07-01T09:50:33,2800.0,35.7,B
2021-07-01T09:50:11,2000.0,35.7,B
2021-07-01T09:49:59,2800.0,35.7,B
2021-07-01T09:49:58,1000.0,35.7,B
2021-07-01T09:49:50,5000.0,35.7,B
2021-07-01T09:49:47,1000.0,35.7,B
2021-07-01T09:49:46,20100.0,35.7,B
2021-07-01T09:49:45,500.0,35.7,B
2021-07-01T09:49:32,2000.0,35.7,B
2021-07-01T09:49:22,1100.0,35.7,S
2021-07-01T09:49:16,6500.0,35.7,S
2021-07-01T09:49:00,500.0,35.75,B
2021-07-01T09:48:53,400.0,35.7,B
2021-07-01T09:48:47,200.0,35.75,B
2021-07-01T09:48:46,100000.0,35.75,B
2021-07-01T09:48:36,500.0,35.7,B
2021-07-01T09:48:32,2300.0,35.7,B
2021-07-01T09:48:31,4500.0,35.7,S
2021-07-01T09:48:23,600.0,35.75,B
2021-07-01T09:48:23,2100.0,35.75,B
2021-07-01T09:48:23,300.0,35.75,B
2021-07-01T09:48:14,500.0,35.7,S
2021-07-01T09:48:05,1000.0,35.75,B
2021-07-01T09:48:00,1000.0,35.6,S
2021-07-01T09:47:55,400.0,35.65,S
2021-07-01T09:47:47,3000.0,35.65,S
2021-07-01T09:47:39,26600.0,35.65,S
2021-07-01T09:47:35,600.0,35.75,B
2021-07-01T09:47:35,3000.0,35.75,B
2021-07-01T09:47:32,10000.0,35.7,S
2021-07-01T09:47:19,800.0,35.7,B
2021-07-01T09:47:13,300.0,35.7,B
2021-07-01T09:47:09,2000.0,35.7,B
2021-07-01T09:47:05,2100.0,35.7,B
2021-07-01T09:47:01,2800.0,35.7,B
2021-07-01T09:47:01,1000.0,35.7,B
2021-07-01T09:47:00,100.0,35.65,S
2021-07-01T09:46:58,1000.0,35.7,B
2021-07-01T09:46:53,100.0,35.7,B
2021-07-01T09:46:47,1100.0,35.7,B
2021-07-01T09:46:46,1000.0,35.7,B
2021-07-01T09:46:45,9000.0,35.7,B
2021-07-01T09:46:44,3000.0,35.7,B
2021-07-01T09:46:32,5900.0,35.7,B
2021-07-01T09:46:32,200.0,35.7,B
2021-07-01T09:46:32,1000.0,35.7,B
2021-07-01T09:46:32,2100.0,35.7,B
2021-07-01T09:46:32,4100.0,35.7,B
2021-07-01T09:46:31,6700.0,35.7,B
2021-07-01T09:46:30,200.0,35.7,B
2021-07-01T09:46:28,1000.0,35.7,B
2021-07-01T09:46:25,100.0,35.7,B
2021-07-01T09:46:22,400.0,35.7,B
2021-07-01T09:46:08,2000.0,35.7,B
2021-07-01T09:45:44,100.0,35.7,B
2021-07-01T09:44:58,1500.0,35.6,S
2021-07-01T09:44:27,2000.0,35.6,S
2021-07-01T09:43:37,500.0,35.6,S
2021-07-01T09:43:35,14300.0,35.7,B
2021-07-01T09:43:31,19000.0,35.7,B
2021-07-01T09:43:05,800.0,35.6,S
2021-07-01T09:43:05,400.0,35.65,S
2021-07-01T09:43:00,100.0,35.65,S
2021-07-01T09:42:40,8400.0,35.7,B
2021-07-01T09:42:40,2100.0,35.7,B
2021-07-01T09:42:40,24500.0,35.7,B
2021-07-01T09:42:25,600.0,35.65,B
2021-07-01T09:42:14,2000.0,35.65,B
2021-07-01T09:42:12,5100.0,35.65,B
2021-07-01T09:42:10,100.0,35.65,B
2021-07-01T09:42:04,500.0,35.65,B
2021-07-01T09:41:16,300.0,35.7,B
2021-07-01T09:41:16,4500.0,35.7,B
2021-07-01T09:41:16,35200.0,35.7,B
2021-07-01T09:40:45,1200.0,35.6,S
2021-07-01T09:40:44,1300.0,35.6,S
2021-07-01T09:40:42,2000.0,35.65,B
2021-07-01T09:40:37,2000.0,35.65,B
2021-07-01T09:40:33,600.0,35.65,B
2021-07-01T09:40:33,1000.0,35.65,B
2021-07-01T09:40:33,300.0,35.65,B
2021-07-01T09:40:32,1900.0,35.65,B
2021-07-01T09:40:20,5000.0,35.65,B
2021-07-01T09:40:18,5700.0,35.5,S
2021-07-01T09:40:18,500.0,35.5,S
2021-07-01T09:40:18,151600.0,35.5,S
2021-07-01T09:40:18,10300.0,35.55,S
2021-07-01T09:40:18,10000.0,35.55,S
2021-07-01T09:40:18,21900.0,35.55,S
2021-07-01T09:40:05,23300.0,35.65,B
2021-07-01T09:40:05,200.0,35.65,B
2021-07-01T09:40:05,2500.0,35.65,B
2021-07-01T09:39:56,5000.0,35.65,B
2021-07-01T09:39:55,1500.0,35.65,B
2021-07-01T09:39:41,20000.0,35.65,B
2021-07-01T09:39:23,1000.0,35.65,B
2021-07-01T09:39:21,500.0,35.65,B
2021-07-01T09:38:38,20000.0,35.65,B
2021-07-01T09:38:31,100.0,35.6,S
2021-07-01T09:38:31,25900.0,35.6,S
2021-07-01T09:38:05,900.0,35.65,B
2021-07-01T09:38:04,5000.0,35.6,S
2021-07-01T09:37:52,100.0,35.6,S
2021-07-01T09:37:25,20000.0,35.55,S
2021-07-01T09:37:24,500.0,35.6,S
2021-07-01T09:37:22,1000.0,35.6,S
2021-07-01T09:37:00,100.0,35.6,S
2021-07-01T09:36:50,10000.0,35.65,B
2021-07-01T09:36:15,4600.0,35.55,S
2021-07-01T09:36:15,195400.0,35.55,S
2021-07-01T09:36:01,50000.0,35.65,B
2021-07-01T09:35:59,400.0,35.65,B
2021-07-01T09:35:46,13000.0,35.6,S
2021-07-01T09:35:46,300.0,35.65,B
2021-07-01T09:35:34,400.0,35.65,B
2021-07-01T09:35:28,200.0,35.65,B
2021-07-01T09:35:15,2000.0,35.6,S
2021-07-01T09:35:10,5000.0,35.65,B
2021-07-01T09:34:52,1000.0,35.6,B
2021-07-01T09:34:42,20000.0,35.6,B
2021-07-01T09:34:35,400.0,35.6,B
2021-07-01T09:34:35,100.0,35.6,B
2021-07-01T09:34:35,2400.0,35.6,B
2021-07-01T09:34:35,29400.0,35.6,B
2021-07-01T09:34:28,15000.0,35.6,B
2021-07-01T09:34:24,500.0,35.55,S
2021-07-01T09:34:15,10000.0,35.6,B
2021-07-01T09:34:11,10000.0,35.6,B
2021-07-01T09:34:03,200.0,35.6,B
2021-07-01T09:33:58,200.0,35.6,B
2021-07-01T09:33:54,5000.0,35.6,B
2021-07-01T09:33:53,200.0,35.6,B
2021-07-01T09:33:36,5000.0,35.6,B
2021-07-01T09:32:54,2000.0,35.55,S
2021-07-01T09:32:48,700.0,35.55,S
2021-07-01T09:32:42,1700.0,35.55,S
2021-07-01T09:32:41,5000.0,35.55,S
2021-07-01T09:32:41,500.0,35.55,S
2021-07-01T09:32:33,2000.0,35.5,S
2021-07-01T09:32:20,11200.0,35.55,S
2021-07-01T09:32:20,2100.0,35.55,S
2021-07-01T09:32:09,100.0,35.55,S
2021-07-01T09:32:07,11500.0,35.55,S
2021-07-01T09:32:07,1900.0,35.55,S
2021-07-01T09:31:46,500.0,35.55,S
2021-07-01T09:31:33,600.0,35.55,S
2021-07-01T09:31:22,2000.0,35.55,S
2021-07-01T09:31:12,100.0,35.6,B
2021-07-01T09:31:02,500.0,35.55,B
2021-07-01T09:31:00,1900.0,35.55,B
2021-07-01T09:30:50,3100.0,35.55,B
2021-07-01T09:30:46,100.0,35.55,B
2021-07-01T09:30:32,100.0,35.55,S
2021-07-01T09:30:26,3700.0,35.55,S
2021-07-01T09:30:22,300.0,35.6,B
2021-07-01T09:30:20,200.0,35.6,B
2021-07-01T09:30:09,100.0,35.6,B
2021-07-01T09:30:07,200.0,35.6,B
2021-07-01T09:29:39,400.0,35.6,B
2021-07-01T09:29:33,600.0,35.6,B
2021-07-01T09:29:28,300.0,35.6,B
2021-07-01T09:29:09,100.0,35.6,B
2021-07-01T09:29:06,300.0,35.6,B
2021-07-01T09:29:02,100.0,35.6,B
2021-07-01T09:29:02,100.0,35.6,B
2021-07-01T09:28:58,1700.0,35.6,B
2021-07-01T09:28:42,8000.0,35.6,S
2021-07-01T09:28:40,200.0,35.6,S
2021-07-01T09:28:35,100.0,35.6,S
2021-07-01T09:28:35,600.0,35.6,S
2021-07-01T09:28:35,700.0,35.6,S
2021-07-01T09:28:35,500.0,35.6,S
2021-07-01T09:28:35,15200.0,35.6,S
2021-07-01T09:28:35,8200.0,35.6,S
2021-07-01T09:28:33,5000.0,35.6,S
2021-07-01T09:28:16,1000.0,35.65,S
2021-07-01T09:28:07,4400.0,35.6,S
2021-07-01T09:28:06,1500.0,35.6,S
2021-07-01T09:28:05,2600.0,35.65,S
2021-07-01T09:28:05,500.0,35.65,S
2021-07-01T09:28:04,100.0,35.65,S
2021-07-01T09:27:48,25000.0,35.7,B
2021-07-01T09:27:45,100.0,35.65,S
2021-07-01T09:27:37,10000.0,35.7,B
2021-07-01T09:27:29,2000.0,35.7,B
2021-07-01T09:27:19,100.0,35.7,B
2021-07-01T09:27:05,1000.0,35.7,B
2021-07-01T09:26:30,3000.0,35.7,B
2021-07-01T09:26:07,100.0,35.7,B
2021-07-01T09:26:02,100.0,35.7,B
2021-07-01T09:25:58,500.0,35.7,B
2021-07-01T09:25:58,200.0,35.7,B
2021-07-01T09:25:57,800.0,35.7,B
2021-07-01T09:25:54,10000.0,35.7,B
2021-07-01T09:25:28,1500.0,35.7,B
2021-07-01T09:25:22,100.0,35.65,S
2021-07-01T09:25:17,1000.0,35.65,S
2021-07-01T09:25:17,28900.0,35.65,S
2021-07-01T09:24:54,200.0,35.65,S
2021-07-01T09:24:52,7500.0,35.7,S
2021-07-01T09:24:51,200.0,35.7,S
2021-07-01T09:24:37,100.0,35.65,S
2021-07-01T09:24:26,1500.0,35.7,S
2021-07-01T09:24:21,1000.0,35.65,S
2021-07-01T09:24:07,1000.0,35.7,S
2021-07-01T09:24:05,100.0,35.7,S
2021-07-01T09:23:57,500.0,35.7,S
2021-07-01T09:23:44,100.0,35.7,S
2021-07-01T09:23:38,300.0,35.7,S
2021-07-01T09:23:33,700.0,35.7,S
2021-07-01T09:23:02,100.0,35.75,S
2021-07-01T09:22:52,2200.0,35.65,S
2021-07-01T09:22:48,100.0,35.75,S
2021-07-01T09:22:19,5000.0,35.8,B
2021-07-01T09:22:07,1600.0,35.65,S
2021-07-01T09:22:06,500.0,35.65,S
2021-07-01T09:22:04,10000.0,35.8,B
2021-07-01T09:21:59,500.0,35.8,B
2021-07-01T09:21:53,5000.0,35.8,B
2021-07-01T09:21:20,3000.0,35.8,B
2021-07-01T09:21:13,400.0,35.65,S
2021-07-01T09:21:12,1400.0,35.65,S
2021-07-01T09:21:02,4900.0,35.8,B
2021-07-01T09:21:01,1000.0,35.8,B
2021-07-01T09:21:01,34300.0,35.8,B
2021-07-01T09:20:35,32600.0,35.65,S
2021-07-01T09:20:35,400.0,35.65,S
2021-07-01T09:20:35,7000.0,35.65,S
2021-07-01T09:19:59,20000.0,35.8,B
2021-07-01T09:19:53,900.0,35.7,B
2021-07-01T09:19:19,5000.0,35.7,S
2021-07-01T09:19:19,5000.0,35.7,S
2021-07-01T09:19:12,600.0,35.8,B
2021-07-01T09:19:09,100.0,35.7,S
2021-07-01T09:19:09,100.0,35.75,S
2021-07-01T09:19:06,2000.0,35.8,B
2021-07-01T09:19:00,100.0,35.8,B
2021-07-01T09:18:59,10000.0,35.8,B
2021-07-01T09:18:53,500.0,35.8,B
2021-07-01T09:18:48,300.0,35.8,B
2021-07-01T09:18:47,600.0,35.8,B
2021-07-01T09:18:22,1000.0,35.8,S
2021-07-01T09:18:16,100.0,35.8,S
2021-07-01T09:18:14,100.0,35.85,B
2021-07-01T09:18:13,100.0,35.85,B
2021-07-01T09:18:11,3900.0,35.7,S
2021-07-01T09:18:11,26100.0,35.8,S
2021-07-01T09:18:00,800.0,35.85,B
2021-07-01T09:17:58,100.0,35.85,B
2021-07-01T09:17:52,2500.0,35.8,S
2021-07-01T09:17:48,2000.0,35.85,B
2021-07-01T09:17:45,4000.0,35.85,B
2021-07-01T09:17:44,2800.0,35.85,B
2021-07-01T09:17:30,1000.0,35.85,S
2021-07-01T09:17:28,200.0,35.85,S
2021-07-01T09:17:27,100.0,35.85,S
2021-07-01T09:17:20,2000.0,35.8,S
2021-07-01T09:17:02,10000.0,35.8,S
2021-07-01T09:16:59,200.0,35.85,B
2021-07-01T09:16:49,100.0,35.8,B
2021-07-01T09:16:49,10100.0,35.8,B
2021-07-01T09:16:49,7700.0,35.8,B
2021-07-01T09:16:46,31000.0,35.7,B
2021-07-01T09:16:42,14000.0,35.65,B
2021-07-01T09:16:32,300.0,35.6,S
2021-07-01T09:16:31,700.0,35.65,B
2021-07-01T09:16:31,3000.0,35.65,B
2021-07-01T09:16:29,300.0,35.65,B
2021-07-01T09:16:26,100.0,35.6,S
2021-07-01T09:16:22,400.0,35.65,B
2021-07-01T09:16:21,100.0,35.65,B
2021-07-01T09:16:16,2000.0,35.65,B
2021-07-01T09:16:04,100.0,35.65,B
2021-07-01T09:16:02,700.0,35.6,B
2021-07-01T09:15:58,9300.0,35.6,B
2021-07-01T09:15:58,700.0,35.6,B
2021-07-01T09:15:50,500.0,35.6,B
2021-07-01T09:15:41,2000.0,35.6,B
