tradingTime,volume,price,side
2021-07-01T14:29:53,5100.0,120.5,B
2021-07-01T14:29:34,1800.0,120.5,B
2021-07-01T14:29:24,1500.0,120.5,B
2021-07-01T14:29:22,1600.0,120.5,B
2021-07-01T14:29:21,5100.0,120.5,B
2021-07-01T14:29:21,9500.0,120.5,B
2021-07-01T14:29:21,34400.0,120.2,B
2021-07-01T14:29:21,1000.0,119.6,B
2021-07-01T14:29:19,1300.0,120.0,B
2021-07-01T14:29:12,500.0,119.2,S
2021-07-01T14:29:12,600.0,119.2,S
2021-07-01T14:29:12,300.0,119.2,S
2021-07-01T14:29:12,600.0,119.3,S
2021-07-01T14:29:10,1000.0,119.6,B
2021-07-01T14:28:54,600.0,119.5,B
2021-07-01T14:28:54,100.0,119.3,B
2021-07-01T14:28:48,200.0,119.3,S
2021-07-01T14:28:43,10000.0,119.3,S
2021-07-01T14:28:36,400.0,119.3,S
2021-07-01T14:28:33,200.0,119.3,S
2021-07-01T14:28:31,1300.0,119.4,B
2021-07-01T14:28:24,1300.0,119.4,B
2021-07-01T14:28:16,100.0,119.4,B
2021-07-01T14:28:15,1500.0,119.4,B
2021-07-01T14:28:13,100.0,119.4,B
2021-07-01T14:28:10,1400.0,119.4,B
2021-07-01T14:27:57,100.0,119.4,S
2021-07-01T14:27:54,3200.0,119.4,S
2021-07-01T14:27:54,300.0,119.4,S
2021-07-01T14:27:54,200.0,119.5,S
2021-07-01T14:27:54,200.0,119.5,S
2021-07-01T14:27:54,1300.0,119.5,S
2021-07-01T14:27:37,500.0,119.5,S
2021-07-01T14:27:33,100.0,119.6,S
2021-07-01T14:27:32,23200.0,119.9,B
2021-07-01T14:27:25,400.0,119.6,S
2021-07-01T14:27:19,500.0,119.5,S
2021-07-01T14:27:19,1200.0,119.5,S
2021-07-01T14:27:19,4100.0,119.5,S
2021-07-01T14:27:19,3300.0,119.5,S
2021-07-01T14:27:19,200.0,119.5,S
2021-07-01T14:27:19,6100.0,119.5,S
2021-07-01T14:27:19,200.0,119.5,S
2021-07-01T14:27:19,900.0,119.5,S
2021-07-01T14:27:17,10000.0,119.9,B
2021-07-01T14:27:14,100.0,119.6,B
2021-07-01T14:27:13,100.0,119.6,B
2021-07-01T14:27:05,2000.0,119.6,S
2021-07-01T14:27:00,12000.0,119.8,B
2021-07-01T14:26:44,40000.0,119.8,B
2021-07-01T14:26:22,200.0,119.5,S
2021-07-01T14:25:46,200.0,119.5,S
2021-07-01T14:25:36,400.0,119.7,B
2021-07-01T14:25:30,2000.0,119.5,S
2021-07-01T14:25:24,1000.0,119.6,S
2021-07-01T14:25:24,1000.0,119.7,B
2021-07-01T14:25:22,200.0,119.7,B
2021-07-01T14:25:16,3000.0,119.6,S
2021-07-01T14:25:11,900.0,119.6,S
2021-07-01T14:25:05,600.0,119.7,B
2021-07-01T14:25:03,700.0,119.7,B
2021-07-01T14:24:47,500.0,119.7,S
2021-07-01T14:24:42,200.0,119.7,B
2021-07-01T14:24:32,500.0,119.7,S
2021-07-01T14:24:25,500.0,119.7,S
2021-07-01T14:24:09,100.0,119.8,B
2021-07-01T14:23:55,100.0,119.8,B
2021-07-01T14:23:48,200.0,119.8,B
2021-07-01T14:23:34,500.0,119.8,S
2021-07-01T14:23:01,900.0,119.9,B
2021-07-01T14:22:53,200.0,119.8,S
2021-07-01T14:22:52,300.0,119.8,S
2021-07-01T14:22:40,200.0,119.8,S
2021-07-01T14:22:34,500.0,119.8,S
2021-07-01T14:22:26,300.0,119.8,S
2021-07-01T14:22:12,1000.0,119.8,S
2021-07-01T14:22:10,100.0,119.9,B
2021-07-01T14:21:51,400.0,119.8,S
2021-07-01T14:21:36,1000.0,119.8,S
2021-07-01T14:21:31,2300.0,119.8,S
2021-07-01T14:21:13,100.0,119.8,S
2021-07-01T14:20:11,2000.0,119.8,S
2021-07-01T14:20:08,200.0,119.8,S
2021-07-01T14:19:39,12500.0,119.8,S
2021-07-01T14:19:24,1100.0,120.0,S
2021-07-01T14:19:24,1000.0,120.0,S
2021-07-01T14:19:24,200.0,120.0,S
2021-07-01T14:19:24,1500.0,120.0,S
2021-07-01T14:18:53,300.0,120.2,B
2021-07-01T14:18:19,100.0,120.2,S
2021-07-01T14:18:07,1000.0,120.2,S
2021-07-01T14:17:36,3000.0,120.3,B
2021-07-01T14:17:34,100.0,120.3,B
2021-07-01T14:17:30,200.0,120.3,B
2021-07-01T14:16:56,300.0,120.3,B
2021-07-01T14:16:56,300.0,120.3,B
2021-07-01T14:16:22,5000.0,120.3,B
2021-07-01T14:13:54,600.0,120.3,B
2021-07-01T14:13:54,900.0,120.3,B
2021-07-01T14:13:53,300.0,120.3,B
2021-07-01T14:13:53,200.0,120.3,B
2021-07-01T14:13:53,100.0,120.3,B
2021-07-01T14:13:47,100.0,120.0,B
2021-07-01T14:13:46,100.0,120.0,B
2021-07-01T14:13:39,1000.0,120.0,B
2021-07-01T14:13:28,600.0,120.0,B
2021-07-01T14:13:28,500.0,120.0,B
2021-07-01T14:13:27,1100.0,120.0,B
2021-07-01T14:13:27,300.0,120.0,B
2021-07-01T14:13:26,200.0,120.0,B
2021-07-01T14:13:26,100.0,120.0,B
2021-07-01T14:13:24,1000.0,120.0,B
2021-07-01T14:13:18,100.0,120.0,B
2021-07-01T14:13:16,200.0,120.0,B
2021-07-01T14:13:16,400.0,120.0,B
2021-07-01T14:13:15,300.0,120.0,B
2021-07-01T14:13:15,100.0,120.0,B
2021-07-01T14:13:13,700.0,120.0,B
2021-07-01T14:13:02,800.0,120.0,B
2021-07-01T14:13:02,600.0,120.0,B
2021-07-01T14:13:02,900.0,120.0,B
2021-07-01T14:13:02,700.0,120.0,B
2021-07-01T14:13:01,500.0,120.0,B
2021-07-01T14:13:01,700.0,120.0,B
2021-07-01T14:12:53,100.0,120.0,B
2021-07-01T14:12:50,700.0,120.0,B
2021-07-01T14:12:49,300.0,120.0,B
2021-07-01T14:12:49,600.0,120.0,B
2021-07-01T14:12:48,500.0,120.0,B
2021-07-01T14:12:48,400.0,120.0,B
2021-07-01T14:12:48,200.0,120.0,B
2021-07-01T14:12:48,100.0,120.0,B
2021-07-01T14:12:34,600.0,120.0,B
2021-07-01T14:12:34,700.0,120.0,B
2021-07-01T14:12:34,500.0,120.0,B
2021-07-01T14:12:34,400.0,120.0,B
2021-07-01T14:12:33,300.0,120.0,B
2021-07-01T14:12:33,200.0,120.0,B
2021-07-01T14:12:33,100.0,120.0,B
2021-07-01T14:12:33,100.0,120.0,B
2021-07-01T14:12:26,500.0,120.0,B
2021-07-01T14:12:26,700.0,120.0,B
2021-07-01T14:12:26,600.0,120.0,B
2021-07-01T14:12:26,300.0,120.0,B
2021-07-01T14:12:26,400.0,120.0,B
2021-07-01T14:12:25,200.0,120.0,B
2021-07-01T14:12:25,100.0,120.0,B
2021-07-01T14:12:14,700.0,120.0,B
2021-07-01T14:12:14,500.0,120.0,B
2021-07-01T14:12:14,600.0,120.0,B
2021-07-01T14:12:14,300.0,120.0,B
2021-07-01T14:12:13,100.0,120.0,B
2021-07-01T14:12:13,300.0,120.0,B
2021-07-01T14:12:13,200.0,120.0,B
2021-07-01T14:12:12,100.0,120.0,B
2021-07-01T14:12:12,600.0,120.0,B
2021-07-01T14:12:08,100.0,120.0,B
2021-07-01T14:12:01,1100.0,120.0,B
2021-07-01T14:12:01,800.0,120.0,B
2021-07-01T14:12:01,500.0,120.0,B
2021-07-01T14:12:01,600.0,120.0,B
2021-07-01T14:12:01,300.0,120.0,B
2021-07-01T14:12:01,200.0,120.0,B
2021-07-01T14:12:01,100.0,120.0,B
2021-07-01T14:11:54,500.0,120.0,B
2021-07-01T14:11:54,700.0,120.0,B
2021-07-01T14:11:54,600.0,120.0,B
2021-07-01T14:11:53,200.0,120.0,B
2021-07-01T14:11:53,1000.0,120.0,B
2021-07-01T14:11:52,300.0,120.0,B
2021-07-01T14:11:52,200.0,120.0,B
2021-07-01T14:11:52,100.0,120.0,B
2021-07-01T14:11:30,1800.0,120.0,B
2021-07-01T14:11:29,700.0,120.0,B
2021-07-01T14:11:29,200.0,120.0,B
2021-07-01T14:11:27,100.0,120.0,B
2021-07-01T14:11:23,5000.0,120.0,B
2021-07-01T14:11:21,300.0,120.0,B
2021-07-01T14:11:12,600.0,120.0,B
2021-07-01T14:11:11,700.0,120.0,B
2021-07-01T14:11:10,800.0,120.0,B
2021-07-01T14:11:10,500.0,120.0,B
2021-07-01T14:11:09,400.0,120.0,B
2021-07-01T14:11:09,500.0,120.0,B
2021-07-01T14:11:00,500.0,120.0,B
2021-07-01T14:10:59,800.0,120.0,B
2021-07-01T14:10:59,900.0,120.0,B
2021-07-01T14:10:59,700.0,120.0,B
2021-07-01T14:10:58,600.0,120.0,B
2021-07-01T14:10:58,400.0,120.0,B
2021-07-01T14:10:58,300.0,119.9,B
2021-07-01T14:10:52,100.0,119.9,B
2021-07-01T14:10:52,500.0,119.9,B
2021-07-01T14:10:44,300.0,120.0,B
2021-07-01T14:10:44,600.0,120.0,B
2021-07-01T14:10:43,700.0,119.9,B
2021-07-01T14:10:43,500.0,119.9,B
2021-07-01T14:10:43,400.0,119.9,B
2021-07-01T14:10:42,200.0,119.9,B
2021-07-01T14:10:42,100.0,119.9,B
2021-07-01T14:10:33,800.0,119.9,B
2021-07-01T14:10:33,500.0,119.9,B
2021-07-01T14:10:31,700.0,119.9,B
2021-07-01T14:10:31,1000.0,119.9,B
2021-07-01T14:10:31,300.0,119.9,B
2021-07-01T14:10:31,200.0,119.9,B
2021-07-01T14:10:31,100.0,119.9,B
2021-07-01T14:10:22,500.0,119.9,B
2021-07-01T14:10:22,700.0,119.9,B
2021-07-01T14:10:22,600.0,119.9,B
2021-07-01T14:10:22,300.0,119.9,B
2021-07-01T14:10:21,400.0,119.9,B
2021-07-01T14:10:21,200.0,119.9,B
2021-07-01T14:10:20,100.0,119.9,B
2021-07-01T14:10:10,400.0,119.9,B
2021-07-01T14:10:10,700.0,119.9,B
2021-07-01T14:10:10,600.0,119.9,B
2021-07-01T14:10:10,800.0,119.9,B
2021-07-01T14:10:09,200.0,119.9,B
2021-07-01T14:10:09,100.0,119.8,S
2021-07-01T14:10:09,100.0,119.9,B
2021-07-01T14:09:56,700.0,119.9,B
2021-07-01T14:09:55,500.0,119.9,B
2021-07-01T14:09:55,600.0,119.9,B
2021-07-01T14:09:55,400.0,119.9,B
2021-07-01T14:09:55,300.0,119.9,B
2021-07-01T14:09:54,200.0,119.9,B
2021-07-01T14:09:54,100.0,119.9,B
2021-07-01T14:09:46,600.0,119.9,B
2021-07-01T14:09:45,700.0,119.9,B
2021-07-01T14:09:45,400.0,119.9,B
2021-07-01T14:09:45,500.0,119.9,B
2021-07-01T14:09:45,500.0,119.9,B
2021-07-01T14:09:44,100.0,119.9,B
2021-07-01T14:09:41,200.0,119.9,B
2021-07-01T14:09:38,400.0,119.8,S
2021-07-01T14:09:36,500.0,119.9,B
2021-07-01T14:09:36,700.0,119.9,B
2021-07-01T14:09:36,600.0,119.9,B
2021-07-01T14:09:35,400.0,119.9,B
2021-07-01T14:09:35,500.0,119.9,B
2021-07-01T14:09:24,1100.0,119.9,B
2021-07-01T14:09:24,600.0,119.9,B
2021-07-01T14:09:24,300.0,119.9,B
2021-07-01T14:09:24,100.0,119.9,B
2021-07-01T14:09:24,200.0,119.9,B
2021-07-01T14:09:23,1800.0,119.9,B
2021-07-01T14:09:19,400.0,119.8,B
2021-07-01T14:09:13,600.0,119.9,B
2021-07-01T14:09:12,900.0,119.9,B
2021-07-01T14:09:12,300.0,119.8,B
2021-07-01T14:09:11,200.0,119.8,B
2021-07-01T14:09:11,100.0,119.8,B
2021-07-01T14:08:50,600.0,119.9,B
2021-07-01T14:08:50,300.0,119.9,B
2021-07-01T14:08:50,900.0,119.9,B
2021-07-01T14:08:50,300.0,119.8,B
2021-07-01T14:08:36,600.0,119.5,S
2021-07-01T14:08:34,600.0,119.8,B
2021-07-01T14:08:32,400.0,119.8,B
2021-07-01T14:08:31,800.0,119.8,B
2021-07-01T14:08:30,200.0,119.8,B
2021-07-01T14:08:30,100.0,119.8,B
2021-07-01T14:08:18,500.0,119.8,B
2021-07-01T14:08:18,1000.0,119.8,B
2021-07-01T14:08:18,300.0,119.8,B
2021-07-01T14:08:17,200.0,119.8,B
2021-07-01T14:08:17,100.0,119.8,B
2021-07-01T14:08:07,700.0,119.8,B
2021-07-01T14:08:07,600.0,119.8,B
2021-07-01T14:08:06,500.0,119.8,B
2021-07-01T14:08:06,400.0,119.8,B
2021-07-01T14:08:06,300.0,119.8,B
2021-07-01T14:08:06,200.0,119.8,B
2021-07-01T14:08:03,1600.0,119.8,B
2021-07-01T14:07:52,600.0,119.8,B
2021-07-01T14:07:52,900.0,119.8,B
2021-07-01T14:07:51,600.0,119.8,B
2021-07-01T14:07:46,600.0,119.9,B
2021-07-01T14:07:46,700.0,119.9,B
2021-07-01T14:07:46,1800.0,119.9,B
2021-07-01T14:07:45,300.0,119.7,B
2021-07-01T14:07:44,500.0,119.7,B
2021-07-01T14:07:43,400.0,119.7,B
2021-07-01T14:07:43,300.0,119.7,B
2021-07-01T14:07:17,800.0,119.9,B
2021-07-01T14:07:16,500.0,119.8,B
2021-07-01T14:07:16,700.0,119.8,B
2021-07-01T14:07:15,600.0,119.8,B
2021-07-01T14:07:15,400.0,119.8,B
2021-07-01T14:07:14,300.0,119.8,B
2021-07-01T14:07:14,1100.0,119.8,B
2021-07-01T14:07:13,200.0,119.8,B
2021-07-01T14:07:13,100.0,119.7,B
2021-07-01T14:06:56,500.0,119.5,S
2021-07-01T14:06:38,500.0,119.6,S
2021-07-01T14:06:18,100.0,119.5,B
2021-07-01T14:06:18,200.0,119.5,B
2021-07-01T14:06:05,2700.0,119.5,S
2021-07-01T14:06:05,7000.0,119.5,S
2021-07-01T14:05:58,200.0,119.7,B
2021-07-01T14:05:46,200.0,119.5,S
2021-07-01T14:05:31,600.0,119.9,B
2021-07-01T14:05:31,700.0,119.7,B
2021-07-01T14:05:30,500.0,119.7,B
2021-07-01T14:05:30,400.0,119.7,B
2021-07-01T14:05:30,300.0,119.7,B
2021-07-01T14:05:29,200.0,119.7,B
2021-07-01T14:05:29,100.0,119.7,B
2021-07-01T14:05:21,7100.0,119.5,S
2021-07-01T14:05:21,700.0,119.5,S
2021-07-01T14:05:19,2200.0,119.6,S
2021-07-01T14:05:19,500.0,119.7,B
2021-07-01T14:05:18,1100.0,119.7,B
2021-07-01T14:05:18,400.0,119.7,B
2021-07-01T14:05:18,300.0,119.7,B
2021-07-01T14:05:18,200.0,119.7,B
2021-07-01T14:05:18,100.0,119.7,B
2021-07-01T14:05:06,300.0,119.7,B
2021-07-01T14:05:05,100.0,119.7,B
2021-07-01T14:04:59,1000.0,119.7,B
2021-07-01T14:04:56,500.0,119.7,B
2021-07-01T14:04:45,1000.0,119.7,B
2021-07-01T14:04:32,2000.0,119.7,S
2021-07-01T14:04:30,500.0,119.7,S
2021-07-01T14:04:16,2000.0,119.7,S
2021-07-01T14:04:13,500.0,119.7,S
2021-07-01T14:04:12,400.0,119.9,B
2021-07-01T14:04:12,700.0,119.9,B
2021-07-01T14:04:12,800.0,119.9,B
2021-07-01T14:04:11,500.0,119.9,B
2021-07-01T14:04:11,600.0,119.9,B
2021-07-01T14:04:11,300.0,119.9,B
2021-07-01T14:04:10,200.0,119.9,B
2021-07-01T14:04:10,100.0,119.9,B
2021-07-01T14:03:58,3100.0,119.7,S
2021-07-01T14:03:58,700.0,119.7,S
2021-07-01T14:03:57,1200.0,119.7,S
2021-07-01T14:03:02,1500.0,119.9,B
2021-07-01T14:02:23,700.0,119.9,B
2021-07-01T14:01:47,700.0,119.9,B
2021-07-01T14:01:47,600.0,119.9,B
2021-07-01T14:01:46,1000.0,119.9,B
2021-07-01T14:01:46,500.0,119.9,B
2021-07-01T14:01:46,900.0,119.9,B
2021-07-01T14:01:45,800.0,119.9,B
2021-07-01T14:01:45,200.0,119.9,B
2021-07-01T14:01:45,400.0,119.9,B
2021-07-01T14:01:44,300.0,119.9,B
2021-07-01T14:01:44,100.0,119.9,B
2021-07-01T14:01:31,600.0,119.9,B
2021-07-01T14:01:30,500.0,119.9,B
2021-07-01T14:01:30,200.0,119.9,B
2021-07-01T14:01:30,500.0,119.8,S
2021-07-01T14:01:29,800.0,119.8,S
2021-07-01T14:01:29,700.0,119.8,S
2021-07-01T14:01:28,200.0,119.8,S
2021-07-01T14:01:27,100.0,119.8,S
2021-07-01T14:01:21,7700.0,119.8,S
2021-07-01T14:01:15,100.0,119.9,B
2021-07-01T14:01:04,200.0,119.9,B
2021-07-01T14:01:02,30000.0,119.8,S
2021-07-01T14:00:51,100.0,119.9,B
2021-07-01T14:00:28,1600.0,119.9,B
2021-07-01T14:00:07,100.0,119.9,B
2021-07-01T14:00:06,100.0,119.9,B
2021-07-01T13:59:35,100.0,119.9,B
2021-07-01T13:59:34,300.0,119.9,B
2021-07-01T13:59:27,100.0,119.9,B
2021-07-01T13:59:17,200.0,119.9,B
2021-07-01T13:58:59,200.0,119.9,B
2021-07-01T13:58:57,4800.0,119.9,B
2021-07-01T13:58:57,500.0,119.9,B
2021-07-01T13:58:28,400.0,119.9,B
2021-07-01T13:58:26,100.0,119.9,B
2021-07-01T13:58:26,1100.0,119.9,B
2021-07-01T13:58:16,100.0,119.9,B
2021-07-01T13:57:31,500.0,119.9,B
2021-07-01T13:57:31,300.0,119.9,B
2021-07-01T13:56:36,500.0,119.9,B
2021-07-01T13:55:38,200.0,119.9,S
2021-07-01T13:55:36,1200.0,119.9,S
2021-07-01T13:55:21,3000.0,119.9,S
2021-07-01T13:55:10,500.0,119.9,S
2021-07-01T13:55:06,100.0,119.9,S
2021-07-01T13:54:51,10000.0,119.9,S
2021-07-01T13:54:50,500.0,119.9,S
2021-07-01T13:54:22,500.0,119.9,S
2021-07-01T13:54:16,1400.0,119.9,S
2021-07-01T13:54:12,700.0,119.9,S
2021-07-01T13:53:52,1000.0,119.9,S
2021-07-01T13:53:42,1300.0,119.9,S
2021-07-01T13:53:21,900.0,119.9,S
2021-07-01T13:53:21,3800.0,119.9,S
2021-07-01T13:53:16,100.0,119.9,S
2021-07-01T13:52:51,1000.0,119.9,S
2021-07-01T13:52:49,1000.0,119.9,S
2021-07-01T13:52:35,500.0,119.9,S
2021-07-01T13:52:25,3000.0,119.9,S
2021-07-01T13:52:23,500.0,119.9,S
2021-07-01T13:51:38,800.0,119.9,S
2021-07-01T13:51:37,800.0,119.9,S
2021-07-01T13:51:26,1000.0,119.9,S
2021-07-01T13:51:19,1000.0,119.9,S
2021-07-01T13:51:17,200.0,119.9,S
2021-07-01T13:51:10,400.0,119.9,S
2021-07-01T13:50:53,500.0,119.9,S
2021-07-01T13:50:47,800.0,119.9,S
2021-07-01T13:50:17,1400.0,120.0,B
2021-07-01T13:50:16,1000.0,119.9,S
2021-07-01T13:50:09,2000.0,120.0,B
2021-07-01T13:50:06,100.0,120.0,B
2021-07-01T13:50:03,400.0,120.0,B
2021-07-01T13:49:59,200.0,120.0,B
2021-07-01T13:49:57,3000.0,119.9,S
2021-07-01T13:49:46,100.0,120.0,B
2021-07-01T13:49:42,500.0,120.0,B
2021-07-01T13:49:42,3000.0,120.0,B
2021-07-01T13:49:42,300.0,120.0,B
2021-07-01T13:49:34,500.0,120.0,B
2021-07-01T13:49:31,100.0,120.0,B
2021-07-01T13:49:11,800.0,120.0,B
2021-07-01T13:49:09,1000.0,120.0,B
2021-07-01T13:49:08,100.0,120.0,B
2021-07-01T13:49:06,12700.0,119.9,S
2021-07-01T13:49:04,100.0,120.0,B
2021-07-01T13:49:01,2000.0,120.0,B
2021-07-01T13:49:01,4500.0,119.9,S
2021-07-01T13:48:56,200.0,120.0,B
2021-07-01T13:48:53,600.0,120.0,B
2021-07-01T13:48:52,5000.0,120.0,B
2021-07-01T13:48:32,500.0,120.0,S
2021-07-01T13:48:32,1000.0,120.0,S
2021-07-01T13:48:14,500.0,120.0,S
2021-07-01T13:48:12,500.0,120.0,S
2021-07-01T13:48:03,300.0,120.0,S
2021-07-01T13:48:00,1300.0,120.0,S
2021-07-01T13:48:00,14300.0,120.0,S
2021-07-01T13:47:53,800.0,120.0,S
2021-07-01T13:47:47,3000.0,120.0,S
2021-07-01T13:47:41,2000.0,120.0,S
2021-07-01T13:47:27,7800.0,120.0,S
2021-07-01T13:47:27,400.0,120.0,S
2021-07-01T13:47:27,700.0,120.0,S
2021-07-01T13:47:27,200.0,120.0,S
2021-07-01T13:47:27,2200.0,120.0,S
2021-07-01T13:47:27,1100.0,120.0,S
2021-07-01T13:47:27,1500.0,120.0,S
2021-07-01T13:47:27,800.0,120.0,S
2021-07-01T13:47:27,200.0,120.0,S
2021-07-01T13:47:27,800.0,120.0,S
2021-07-01T13:47:27,1200.0,120.0,S
2021-07-01T13:47:26,4100.0,120.0,S
2021-07-01T13:47:26,29000.0,120.0,S
2021-07-01T13:47:14,100.0,120.1,S
2021-07-01T13:46:57,20900.0,120.0,S
2021-07-01T13:46:57,900.0,120.0,S
2021-07-01T13:46:57,300.0,120.0,S
2021-07-01T13:46:57,2100.0,120.0,S
2021-07-01T13:46:57,800.0,120.0,S
2021-07-01T13:46:57,1500.0,120.0,S
2021-07-01T13:46:57,1000.0,120.0,S
2021-07-01T13:46:57,6500.0,120.0,S
2021-07-01T13:46:57,1900.0,120.0,S
2021-07-01T13:46:56,400.0,120.0,S
2021-07-01T13:46:56,13700.0,120.0,S
2021-07-01T13:46:32,200.0,120.1,S
2021-07-01T13:46:32,400.0,120.1,S
2021-07-01T13:46:32,200.0,120.1,S
2021-07-01T13:46:32,200.0,120.2,S
2021-07-01T13:46:32,1200.0,120.2,S
2021-07-01T13:46:18,100.0,120.5,B
2021-07-01T13:45:57,800.0,120.5,B
2021-07-01T13:45:57,1900.0,120.5,B
2021-07-01T13:45:57,600.0,120.5,B
2021-07-01T13:45:57,1200.0,120.5,B
2021-07-01T13:45:57,700.0,120.5,B
2021-07-01T13:45:56,200.0,120.3,B
2021-07-01T13:45:56,100.0,120.3,B
2021-07-01T13:45:37,1100.0,120.3,B
2021-07-01T13:45:36,1000.0,120.3,B
2021-07-01T13:45:36,1600.0,120.3,B
2021-07-01T13:45:36,800.0,120.3,B
2021-07-01T13:45:36,1500.0,120.3,B
2021-07-01T13:45:36,300.0,120.3,B
2021-07-01T13:45:35,300.0,120.3,B
2021-07-01T13:45:30,600.0,120.3,B
2021-07-01T13:45:07,200.0,120.3,B
2021-07-01T13:45:03,1100.0,120.3,B
2021-07-01T13:45:03,1400.0,120.3,B
2021-07-01T13:45:03,1800.0,120.3,B
2021-07-01T13:45:03,700.0,120.3,B
2021-07-01T13:45:03,400.0,120.3,B
2021-07-01T13:45:02,900.0,120.3,B
2021-07-01T13:45:02,200.0,120.3,B
2021-07-01T13:45:01,200.0,120.3,B
2021-07-01T13:44:59,200.0,120.3,B
2021-07-01T13:44:46,100.0,120.3,B
2021-07-01T13:44:39,700.0,120.3,B
2021-07-01T13:44:39,600.0,120.3,B
2021-07-01T13:44:37,900.0,120.3,B
2021-07-01T13:44:37,500.0,120.3,B
2021-07-01T13:44:37,600.0,120.3,B
2021-07-01T13:44:10,200.0,120.3,B
2021-07-01T13:43:52,500.0,120.3,B
2021-07-01T13:43:49,500.0,120.3,B
2021-07-01T13:42:49,100.0,120.3,B
2021-07-01T13:42:28,200.0,120.3,B
2021-07-01T13:42:21,100.0,120.2,S
2021-07-01T13:41:36,1000.0,120.3,S
2021-07-01T13:41:35,100.0,120.3,S
2021-07-01T13:41:31,5000.0,120.3,S
2021-07-01T13:41:30,15100.0,120.3,S
2021-07-01T13:41:30,700.0,120.3,S
2021-07-01T13:40:06,200.0,120.3,B
2021-07-01T13:38:45,100.0,120.7,S
2021-07-01T13:38:41,100.0,120.7,S
2021-07-01T13:37:51,1100.0,120.9,B
2021-07-01T13:37:45,1800.0,120.9,B
2021-07-01T13:37:42,6400.0,120.0,S
2021-07-01T13:37:42,6500.0,120.1,S
2021-07-01T13:37:41,7000.0,120.1,S
2021-07-01T13:37:41,100.0,120.2,S
2021-07-01T13:37:38,1200.0,120.9,B
2021-07-01T13:37:35,600.0,120.8,B
2021-07-01T13:37:30,600.0,120.8,B
2021-07-01T13:37:23,200.0,120.8,B
2021-07-01T13:37:11,2200.0,120.8,B
2021-07-01T13:36:51,5000.0,120.8,B
2021-07-01T13:36:27,1800.0,120.8,B
2021-07-01T13:36:26,1600.0,120.8,B
2021-07-01T13:36:12,1300.0,120.8,B
2021-07-01T13:35:59,1800.0,120.8,B
2021-07-01T13:34:46,1100.0,120.9,B
2021-07-01T13:34:36,2400.0,120.9,B
2021-07-01T13:34:36,500.0,120.9,B
2021-07-01T13:34:36,600.0,120.9,B
2021-07-01T13:34:35,700.0,120.9,B
2021-07-01T13:34:35,200.0,120.9,B
2021-07-01T13:34:34,1100.0,120.9,B
2021-07-01T13:34:29,1300.0,120.8,B
2021-07-01T13:34:21,600.0,120.8,B
2021-07-01T13:34:21,500.0,120.8,B
2021-07-01T13:34:20,900.0,120.8,B
2021-07-01T13:34:20,800.0,120.8,B
2021-07-01T13:34:19,700.0,120.8,B
2021-07-01T13:34:19,400.0,120.8,B
2021-07-01T13:34:19,300.0,120.8,B
2021-07-01T13:34:18,200.0,120.8,B
2021-07-01T13:34:18,100.0,120.8,B
2021-07-01T13:33:47,900.0,120.9,B
2021-07-01T13:33:46,1400.0,120.8,B
2021-07-01T13:33:46,700.0,120.8,B
2021-07-01T13:33:45,400.0,120.8,B
2021-07-01T13:33:44,500.0,120.8,B
2021-07-01T13:33:44,200.0,120.7,B
2021-07-01T13:33:43,300.0,120.7,B
2021-07-01T13:33:43,100.0,120.7,B
2021-07-01T13:33:23,600.0,120.5,B
2021-07-01T13:33:23,800.0,120.5,B
2021-07-01T13:33:23,400.0,120.5,B
2021-07-01T13:33:22,700.0,120.5,B
2021-07-01T13:33:22,500.0,120.5,B
2021-07-01T13:33:22,300.0,120.5,B
2021-07-01T13:33:21,200.0,120.5,B
2021-07-01T13:33:21,100.0,120.5,B
2021-07-01T13:33:08,900.0,120.9,B
2021-07-01T13:33:07,700.0,120.9,B
2021-07-01T13:33:07,1000.0,120.9,B
2021-07-01T13:33:07,1400.0,120.9,B
2021-07-01T13:33:07,500.0,120.9,B
2021-07-01T13:33:06,300.0,120.9,B
2021-07-01T13:33:06,400.0,120.9,B
2021-07-01T13:33:06,200.0,120.8,B
2021-07-01T13:32:56,500.0,120.9,B
2021-07-01T13:32:55,800.0,120.9,B
2021-07-01T13:32:55,900.0,120.9,B
2021-07-01T13:32:55,600.0,120.9,B
2021-07-01T13:32:55,100.0,120.7,S
2021-07-01T13:32:55,1000.0,120.9,B
2021-07-01T13:32:53,300.0,120.8,B
2021-07-01T13:32:53,200.0,120.8,B
2021-07-01T13:32:53,200.0,120.1,S
2021-07-01T13:32:53,200.0,120.1,S
2021-07-01T13:32:45,1200.0,120.1,S
2021-07-01T13:32:44,200.0,120.1,S
2021-07-01T13:32:37,900.0,120.8,B
2021-07-01T13:32:37,600.0,120.8,B
2021-07-01T13:32:36,500.0,120.8,B
2021-07-01T13:32:36,800.0,120.8,B
2021-07-01T13:32:36,700.0,120.5,S
2021-07-01T13:32:34,400.0,120.5,S
2021-07-01T13:32:34,300.0,120.5,S
2021-07-01T13:32:34,200.0,120.5,S
2021-07-01T13:32:34,100.0,120.5,S
2021-07-01T13:32:26,600.0,120.8,B
2021-07-01T13:32:25,800.0,120.8,B
2021-07-01T13:32:25,900.0,120.8,B
2021-07-01T13:32:25,700.0,120.6,B
2021-07-01T13:32:25,100.0,120.5,B
2021-07-01T13:32:25,300.0,120.5,B
2021-07-01T13:32:24,500.0,120.5,B
2021-07-01T13:32:24,300.0,120.5,B
2021-07-01T13:32:23,200.0,120.5,B
2021-07-01T13:32:23,100.0,120.5,B
2021-07-01T13:32:11,600.0,120.5,B
2021-07-01T13:32:11,1200.0,120.5,B
2021-07-01T13:32:11,1600.0,120.5,B
2021-07-01T13:32:11,1100.0,120.5,B
2021-07-01T13:32:10,400.0,120.5,B
2021-07-01T13:32:10,300.0,120.5,B
2021-07-01T13:32:10,200.0,120.5,B
2021-07-01T13:31:47,1300.0,120.0,S
2021-07-01T13:31:43,100.0,120.1,S
2021-07-01T13:31:43,200.0,120.1,S
2021-07-01T13:31:39,300.0,120.1,S
2021-07-01T13:31:16,22000.0,120.0,S
2021-07-01T13:31:12,3100.0,120.1,S
2021-07-01T13:31:10,600.0,120.5,B
2021-07-01T13:31:10,200.0,120.3,S
2021-07-01T13:31:10,300.0,120.3,S
2021-07-01T13:30:59,200.0,120.2,B
2021-07-01T13:30:41,100.0,120.1,S
2021-07-01T13:30:00,700.0,120.2,S
2021-07-01T13:30:00,2500.0,120.2,S
2021-07-01T13:30:00,400.0,120.2,S
2021-07-01T13:29:59,800.0,120.2,S
2021-07-01T13:29:49,800.0,120.3,B
2021-07-01T13:29:16,1300.0,120.2,S
2021-07-01T13:29:00,700.0,120.2,S
2021-07-01T13:28:58,200.0,120.3,B
2021-07-01T13:28:53,200.0,120.3,B
2021-07-01T13:28:18,600.0,120.3,S
2021-07-01T13:28:00,200.0,120.3,S
2021-07-01T13:27:59,300.0,120.3,S
2021-07-01T13:27:50,500.0,120.3,S
2021-07-01T13:27:26,1300.0,120.3,B
2021-07-01T13:27:25,100.0,120.3,B
2021-07-01T13:27:16,500.0,120.3,B
2021-07-01T13:27:12,800.0,120.2,S
2021-07-01T13:27:11,1000.0,120.2,S
2021-07-01T13:27:06,300.0,120.3,B
2021-07-01T13:26:27,100.0,120.3,S
2021-07-01T13:26:24,1000.0,120.2,S
2021-07-01T13:26:22,100.0,120.4,S
2021-07-01T13:26:14,400.0,120.5,B
2021-07-01T13:26:14,800.0,120.5,B
2021-07-01T13:26:14,900.0,120.5,B
2021-07-01T13:26:13,700.0,120.5,B
2021-07-01T13:26:13,600.0,120.5,B
2021-07-01T13:26:12,500.0,120.4,B
2021-07-01T13:26:12,200.0,120.4,B
2021-07-01T13:26:12,300.0,120.4,B
2021-07-01T13:26:12,100.0,120.3,S
2021-07-01T13:26:11,200.0,120.3,S
2021-07-01T13:24:42,1000.0,120.4,B
2021-07-01T13:24:41,900.0,120.4,B
2021-07-01T13:24:40,800.0,120.4,B
2021-07-01T13:24:40,700.0,120.4,B
2021-07-01T13:24:40,500.0,120.4,B
2021-07-01T13:24:40,600.0,120.4,B
2021-07-01T13:24:40,400.0,120.4,B
2021-07-01T13:24:39,300.0,120.4,B
2021-07-01T13:24:39,200.0,120.4,B
2021-07-01T13:24:38,4700.0,120.2,S
2021-07-01T13:24:32,800.0,120.4,B
2021-07-01T13:24:32,700.0,120.4,B
2021-07-01T13:24:31,900.0,120.4,B
2021-07-01T13:24:31,600.0,120.4,B
2021-07-01T13:24:31,500.0,120.4,B
2021-07-01T13:24:31,300.0,120.4,B
2021-07-01T13:24:30,400.0,120.4,B
2021-07-01T13:24:30,200.0,120.4,B
2021-07-01T13:24:30,100.0,120.3,B
2021-07-01T13:24:16,20300.0,120.0,S
2021-07-01T13:24:16,3800.0,120.0,S
2021-07-01T13:24:16,200.0,120.2,S
2021-07-01T13:24:16,5700.0,120.2,S
2021-07-01T13:24:04,100.0,120.4,B
2021-07-01T13:23:42,1000.0,120.4,B
2021-07-01T13:23:42,900.0,120.4,B
2021-07-01T13:23:41,1900.0,120.4,B
2021-07-01T13:23:40,1100.0,120.4,B
2021-07-01T13:23:39,300.0,120.4,B
2021-07-01T13:23:39,200.0,120.4,B
2021-07-01T13:23:35,5000.0,120.2,S
2021-07-01T13:23:07,5000.0,120.4,B
2021-07-01T13:22:56,4400.0,120.0,S
2021-07-01T13:22:56,800.0,120.0,S
2021-07-01T13:22:56,1000.0,120.0,S
2021-07-01T13:22:56,300.0,120.0,S
2021-07-01T13:22:56,16000.0,120.1,S
2021-07-01T13:22:56,300.0,120.1,S
2021-07-01T13:22:56,15500.0,120.1,S
2021-07-01T13:22:55,17500.0,120.2,S
2021-07-01T13:22:55,2200.0,120.2,S
2021-07-01T13:22:48,700.0,120.2,S
2021-07-01T13:22:16,300.0,120.2,S
2021-07-01T13:22:02,200.0,120.2,S
2021-07-01T13:22:02,1800.0,120.2,S
2021-07-01T13:22:02,15000.0,120.2,S
2021-07-01T13:21:42,600.0,120.2,S
2021-07-01T13:21:18,100.0,120.5,B
2021-07-01T13:21:14,900.0,120.5,B
2021-07-01T13:21:13,800.0,120.5,B
2021-07-01T13:21:12,1600.0,120.5,B
2021-07-01T13:21:11,700.0,120.5,B
2021-07-01T13:21:11,7700.0,120.5,B
2021-07-01T13:21:11,200.0,120.3,S
2021-07-01T13:21:11,12600.0,120.3,S
2021-07-01T13:21:11,300.0,120.5,B
2021-07-01T13:21:10,400.0,120.5,B
2021-07-01T13:21:10,200.0,120.5,B
2021-07-01T13:20:55,700.0,120.5,B
2021-07-01T13:20:54,1000.0,120.5,B
2021-07-01T13:20:54,900.0,120.5,B
2021-07-01T13:20:53,800.0,120.5,B
2021-07-01T13:20:53,600.0,120.5,B
2021-07-01T13:20:53,10900.0,120.5,B
2021-07-01T13:20:53,500.0,120.5,B
2021-07-01T13:20:38,1700.0,120.5,B
2021-07-01T13:20:38,500.0,120.5,B
2021-07-01T13:20:38,700.0,120.5,B
2021-07-01T13:20:37,1000.0,120.5,B
2021-07-01T13:20:37,300.0,120.5,B
2021-07-01T13:20:36,200.0,120.5,B
2021-07-01T13:20:36,100.0,120.5,B
2021-07-01T13:20:32,100.0,120.5,B
2021-07-01T13:20:27,300.0,120.5,B
2021-07-01T13:20:19,100.0,120.4,S
2021-07-01T13:20:13,1100.0,120.5,S
2021-07-01T13:20:13,800.0,120.5,S
2021-07-01T13:20:12,900.0,120.5,S
2021-07-01T13:20:12,700.0,120.5,S
2021-07-01T13:20:12,400.0,120.5,S
2021-07-01T13:20:12,1500.0,120.5,S
2021-07-01T13:20:12,4800.0,120.5,S
2021-07-01T13:20:12,100.0,120.5,S
2021-07-01T13:20:11,11800.0,120.5,S
2021-07-01T13:20:11,500.0,120.8,B
2021-07-01T13:20:11,100.0,120.6,S
2021-07-01T13:20:10,2200.0,120.6,S
2021-07-01T13:20:04,1600.0,120.6,S
2021-07-01T13:20:04,300.0,120.6,S
2021-07-01T13:20:04,200.0,120.6,S
2021-07-01T13:20:04,4300.0,120.6,S
2021-07-01T13:19:07,100.0,120.8,B
2021-07-01T13:18:21,100.0,120.6,S
2021-07-01T13:17:44,100.0,120.6,S
2021-07-01T13:17:34,100.0,120.8,S
2021-07-01T13:17:22,1800.0,120.9,B
2021-07-01T13:17:16,1000.0,120.6,S
2021-07-01T13:17:15,1000.0,120.6,S
2021-07-01T13:17:07,5000.0,120.9,B
2021-07-01T13:15:07,4500.0,120.6,S
2021-07-01T13:15:07,200.0,120.6,S
2021-07-01T13:15:02,400.0,120.9,B
2021-07-01T13:13:55,400.0,120.6,S
2021-07-01T13:13:40,1000.0,120.9,B
2021-07-01T13:13:40,2000.0,120.9,B
2021-07-01T13:13:39,1400.0,120.9,B
2021-07-01T13:13:39,1600.0,120.9,B
2021-07-01T13:13:39,1800.0,120.9,B
2021-07-01T13:13:38,1200.0,120.9,B
2021-07-01T13:13:38,800.0,120.9,B
2021-07-01T13:13:38,600.0,120.9,B
2021-07-01T13:13:37,400.0,120.9,B
2021-07-01T13:13:36,200.0,120.9,B
2021-07-01T13:13:33,400.0,120.9,B
2021-07-01T13:12:18,200.0,120.9,B
2021-07-01T13:11:22,20000.0,121.0,B
2021-07-01T13:11:18,900.0,121.0,B
2021-07-01T13:11:17,600.0,121.0,B
2021-07-01T13:11:17,800.0,121.0,B
2021-07-01T13:11:17,700.0,121.0,B
2021-07-01T13:11:17,500.0,121.0,B
2021-07-01T13:11:16,400.0,121.0,B
2021-07-01T13:11:16,300.0,120.6,S
2021-07-01T13:11:16,200.0,120.6,S
2021-07-01T13:11:16,100.0,120.6,S
2021-07-01T13:11:07,1000.0,120.5,S
2021-07-01T13:11:05,1300.0,121.0,B
2021-07-01T13:11:05,1100.0,121.0,B
2021-07-01T13:11:05,1000.0,121.0,B
2021-07-01T13:11:04,800.0,121.0,B
2021-07-01T13:11:04,900.0,121.0,B
2021-07-01T13:11:03,1200.0,121.0,B
2021-07-01T13:11:03,600.0,121.0,B
2021-07-01T13:11:03,700.0,121.0,B
2021-07-01T13:11:03,500.0,121.0,B
2021-07-01T13:11:03,300.0,121.0,B
2021-07-01T13:11:03,400.0,121.0,B
2021-07-01T13:11:03,200.0,121.0,B
2021-07-01T13:10:53,2000.0,121.0,B
2021-07-01T13:10:44,1100.0,121.0,B
2021-07-01T13:10:43,1000.0,121.0,B
2021-07-01T13:10:42,900.0,121.0,B
2021-07-01T13:10:42,800.0,121.0,B
2021-07-01T13:10:41,700.0,121.0,B
2021-07-01T13:10:41,600.0,120.9,B
2021-07-01T13:10:41,500.0,120.9,B
2021-07-01T13:10:39,700.0,120.9,B
2021-07-01T13:10:38,200.0,120.9,B
2021-07-01T13:10:32,900.0,121.0,B
2021-07-01T13:10:32,1200.0,121.0,B
2021-07-01T13:10:32,1100.0,121.0,B
2021-07-01T13:10:32,1000.0,121.0,B
2021-07-01T13:10:32,700.0,120.9,B
2021-07-01T13:10:31,500.0,120.9,B
2021-07-01T13:10:31,1800.0,120.9,B
2021-07-01T13:10:31,300.0,120.9,B
2021-07-01T13:10:30,200.0,120.9,B
2021-07-01T13:10:19,100.0,120.6,B
2021-07-01T13:10:17,700.0,120.9,B
2021-07-01T13:10:17,700.0,120.8,B
2021-07-01T13:10:17,300.0,120.8,B
2021-07-01T13:10:17,900.0,120.7,B
2021-07-01T13:10:17,800.0,120.7,B
2021-07-01T13:10:15,600.0,120.7,B
2021-07-01T13:10:15,900.0,120.7,B
2021-07-01T13:10:14,300.0,120.7,B
2021-07-01T13:10:14,200.0,120.7,B
2021-07-01T13:10:14,100.0,120.7,B
2021-07-01T13:10:11,700.0,120.7,B
2021-07-01T13:10:11,800.0,120.7,B
2021-07-01T13:10:11,1000.0,120.7,B
2021-07-01T13:10:10,900.0,120.6,B
2021-07-01T13:10:10,600.0,120.6,B
2021-07-01T13:10:09,400.0,120.6,B
2021-07-01T13:10:09,1000.0,120.6,B
2021-07-01T13:10:08,100.0,120.6,B
2021-07-01T13:09:54,2000.0,120.6,S
2021-07-01T13:09:26,500.0,120.6,B
2021-07-01T13:09:06,2600.0,120.6,B
2021-07-01T13:09:06,600.0,120.6,B
2021-07-01T13:09:00,2100.0,120.5,S
2021-07-01T13:08:49,2000.0,120.5,S
2021-07-01T13:08:29,300.0,120.5,S
2021-07-01T13:08:26,10000.0,120.6,B
2021-07-01T13:08:23,4100.0,120.5,S
2021-07-01T13:07:05,400.0,120.5,S
2021-07-01T13:07:04,900.0,120.6,B
2021-07-01T13:07:03,500.0,120.5,S
2021-07-01T13:06:53,100.0,120.5,S
2021-07-01T13:06:37,7400.0,120.6,B
2021-07-01T13:06:37,1100.0,120.6,B
2021-07-01T13:06:28,100.0,120.6,B
2021-07-01T13:06:22,100.0,120.6,B
2021-07-01T13:06:19,100.0,120.6,B
2021-07-01T13:06:15,100.0,120.6,B
2021-07-01T13:06:14,900.0,120.5,S
2021-07-01T13:05:49,300.0,120.6,B
2021-07-01T13:05:42,300.0,120.6,S
2021-07-01T13:05:41,700.0,120.6,B
2021-07-01T13:05:32,200.0,120.6,B
2021-07-01T13:05:29,100.0,120.6,S
2021-07-01T13:05:18,100.0,120.6,S
2021-07-01T13:04:50,100.0,120.4,S
2021-07-01T13:04:44,600.0,120.7,B
2021-07-01T13:04:44,1900.0,120.7,B
2021-07-01T13:04:44,400.0,120.7,B
2021-07-01T13:03:05,100.0,120.7,B
2021-07-01T13:02:19,100.0,120.7,S
2021-07-01T13:01:34,100.0,120.7,S
2021-07-01T13:01:17,100.0,120.8,B
2021-07-01T13:01:11,100.0,120.7,S
2021-07-01T13:00:49,100.0,120.9,B
2021-07-01T13:00:26,900.0,121.0,B
2021-07-01T13:00:26,1100.0,121.0,B
2021-07-01T13:00:26,400.0,121.0,B
2021-07-01T13:00:26,1000.0,121.0,B
2021-07-01T13:00:26,800.0,121.0,B
2021-07-01T13:00:26,300.0,121.0,B
2021-07-01T13:00:26,1900.0,121.0,B
2021-07-01T13:00:26,500.0,121.0,B
2021-07-01T13:00:26,2000.0,121.0,B
2021-07-01T13:00:25,100.0,120.3,S
2021-07-01T13:00:25,100.0,121.0,B
2021-07-01T13:00:25,300.0,121.0,B
2021-07-01T13:00:25,3100.0,120.9,B
2021-07-01T13:00:25,600.0,120.9,B
2021-07-01T13:00:25,1200.0,120.9,B
2021-07-01T13:00:25,1300.0,120.9,B
2021-07-01T13:00:25,3000.0,120.9,B
2021-07-01T13:00:25,400.0,120.8,B
2021-07-01T13:00:25,100.0,120.8,B
2021-07-01T13:00:25,3700.0,120.8,B
2021-07-01T13:00:24,700.0,120.8,B
2021-07-01T13:00:24,1100.0,120.8,B
2021-07-01T13:00:24,700.0,120.8,B
2021-07-01T13:00:24,300.0,120.8,B
2021-07-01T13:00:24,1000.0,120.8,B
2021-07-01T13:00:24,900.0,120.8,B
2021-07-01T13:00:24,3600.0,120.8,B
2021-07-01T13:00:24,1200.0,120.3,S
2021-07-01T13:00:24,2800.0,120.3,S
2021-07-01T13:00:16,100.0,120.9,B
2021-07-01T13:00:15,600.0,120.8,B
2021-07-01T11:28:56,1100.0,120.9,B
2021-07-01T11:27:57,500.0,120.3,S
2021-07-01T11:26:33,5000.0,120.3,S
2021-07-01T11:26:20,1500.0,120.3,S
2021-07-01T11:26:20,2300.0,120.3,S
2021-07-01T11:26:20,200.0,120.3,S
2021-07-01T11:26:20,7700.0,120.3,S
2021-07-01T11:26:20,24700.0,120.4,S
2021-07-01T11:26:20,900.0,120.5,S
2021-07-01T11:26:20,1100.0,120.5,S
2021-07-01T11:26:20,1600.0,120.5,S
2021-07-01T11:26:17,4200.0,120.5,S
2021-07-01T11:25:14,5000.0,120.5,S
2021-07-01T11:23:30,500.0,120.5,S
2021-07-01T11:22:53,1000.0,120.5,S
2021-07-01T11:22:53,100.0,120.5,S
2021-07-01T11:22:03,1000.0,120.5,S
2021-07-01T11:22:00,800.0,120.5,S
2021-07-01T11:21:18,5000.0,121.0,B
2021-07-01T11:20:42,3000.0,121.0,B
2021-07-01T11:20:02,5000.0,121.0,B
2021-07-01T11:19:57,800.0,120.5,S
2021-07-01T11:19:39,1000.0,120.9,B
2021-07-01T11:18:11,100.0,120.4,S
2021-07-01T11:18:03,800.0,120.4,S
2021-07-01T11:17:36,100.0,120.8,B
2021-07-01T11:17:34,800.0,120.4,S
2021-07-01T11:17:06,800.0,120.4,S
2021-07-01T11:16:32,100.0,120.8,B
2021-07-01T11:16:10,100.0,120.4,S
2021-07-01T11:16:10,200.0,120.5,S
2021-07-01T11:15:12,3300.0,120.4,S
2021-07-01T11:14:30,800.0,120.4,S
2021-07-01T11:13:30,100.0,120.8,B
2021-07-01T11:12:30,800.0,120.3,S
2021-07-01T11:11:39,800.0,120.3,S
2021-07-01T11:11:19,700.0,120.3,S
2021-07-01T11:11:18,100.0,120.3,S
2021-07-01T11:11:04,4000.0,120.3,S
2021-07-01T11:10:55,800.0,120.5,S
2021-07-01T11:10:45,3100.0,120.5,B
2021-07-01T11:10:31,700.0,120.4,S
2021-07-01T11:09:59,5000.0,120.5,B
2021-07-01T11:09:22,100.0,120.5,B
2021-07-01T11:09:14,300.0,120.4,S
2021-07-01T11:08:44,900.0,120.4,S
2021-07-01T11:08:41,100.0,120.5,B
2021-07-01T11:08:30,500.0,120.4,S
2021-07-01T11:08:07,100.0,120.5,B
2021-07-01T11:08:00,100.0,120.5,B
2021-07-01T11:07:25,5300.0,120.4,S
2021-07-01T11:06:55,5000.0,120.4,S
2021-07-01T11:06:51,100.0,120.5,B
2021-07-01T11:06:50,1000.0,120.5,B
2021-07-01T11:06:42,200.0,120.4,S
2021-07-01T11:05:15,200.0,120.4,B
2021-07-01T11:05:15,5000.0,120.4,B
2021-07-01T11:05:13,100.0,120.4,B
2021-07-01T11:04:36,1000.0,120.4,B
2021-07-01T11:04:13,5000.0,120.4,B
2021-07-01T11:04:11,200.0,120.2,S
2021-07-01T11:03:56,2000.0,120.2,S
2021-07-01T11:03:55,500.0,120.4,B
2021-07-01T11:02:55,1800.0,120.2,S
2021-07-01T11:02:55,2500.0,120.2,S
2021-07-01T11:02:55,600.0,120.3,S
2021-07-01T11:02:55,100.0,120.3,S
2021-07-01T11:01:58,100.0,120.3,B
2021-07-01T11:01:47,100.0,120.2,S
2021-07-01T11:01:36,500.0,120.3,B
2021-07-01T11:01:35,200.0,120.3,B
2021-07-01T11:01:31,100.0,120.3,S
2021-07-01T11:01:30,100.0,120.3,S
2021-07-01T11:01:20,100.0,120.3,S
2021-07-01T11:01:03,100.0,120.3,S
2021-07-01T11:00:53,200.0,120.4,B
2021-07-01T11:00:29,50000.0,120.5,B
2021-07-01T11:00:21,500.0,120.4,S
2021-07-01T11:00:21,500.0,120.4,S
2021-07-01T11:00:07,200.0,120.4,S
2021-07-01T11:00:07,1500.0,120.4,S
2021-07-01T11:00:07,1300.0,120.4,S
2021-07-01T11:00:06,5000.0,120.4,S
2021-07-01T11:00:02,300.0,120.5,B
2021-07-01T10:59:56,11800.0,120.4,S
2021-07-01T10:59:55,100.0,120.5,B
2021-07-01T10:59:54,200.0,120.5,B
2021-07-01T10:59:51,5000.0,120.4,S
2021-07-01T10:59:42,3000.0,120.4,S
2021-07-01T10:59:40,3900.0,120.4,S
2021-07-01T10:59:36,1000.0,120.5,B
2021-07-01T10:59:05,100.0,120.5,B
2021-07-01T10:59:04,1000.0,120.5,B
2021-07-01T10:59:02,200.0,120.5,B
2021-07-01T10:58:48,900.0,120.4,S
2021-07-01T10:58:45,100.0,120.5,B
2021-07-01T10:58:40,100.0,120.5,B
2021-07-01T10:57:45,13300.0,120.5,S
2021-07-01T10:57:24,6400.0,120.5,S
2021-07-01T10:57:24,2100.0,120.5,S
2021-07-01T10:57:24,3400.0,120.5,S
2021-07-01T10:57:24,200.0,120.5,S
2021-07-01T10:57:24,3100.0,120.5,S
2021-07-01T10:57:23,1500.0,120.5,S
2021-07-01T10:57:23,200.0,120.5,S
2021-07-01T10:57:23,1600.0,120.5,S
2021-07-01T10:57:23,400.0,120.5,S
2021-07-01T10:57:23,900.0,120.6,S
2021-07-01T10:57:23,200.0,120.6,S
2021-07-01T10:57:20,4400.0,120.6,S
2021-07-01T10:57:01,800.0,120.6,S
2021-07-01T10:56:37,800.0,120.6,S
2021-07-01T10:56:37,600.0,120.6,S
2021-07-01T10:56:34,200.0,120.8,B
2021-07-01T10:56:34,100.0,120.8,B
2021-07-01T10:56:34,900.0,120.8,B
2021-07-01T10:56:11,6500.0,120.6,S
2021-07-01T10:55:18,600.0,120.8,S
2021-07-01T10:54:35,3000.0,120.8,S
2021-07-01T10:53:36,300.0,121.0,B
2021-07-01T10:52:55,800.0,121.0,B
2021-07-01T10:52:54,700.0,121.0,B
2021-07-01T10:52:54,600.0,121.0,B
2021-07-01T10:52:54,500.0,120.9,B
2021-07-01T10:52:54,400.0,120.9,B
2021-07-01T10:52:53,300.0,120.9,B
2021-07-01T10:52:53,200.0,120.9,B
2021-07-01T10:52:53,100.0,120.9,B
2021-07-01T10:52:32,100.0,120.9,S
2021-07-01T10:51:53,800.0,121.0,B
2021-07-01T10:51:53,1000.0,121.0,B
2021-07-01T10:51:53,1600.0,121.0,B
2021-07-01T10:51:52,1100.0,121.0,B
2021-07-01T10:51:51,700.0,120.9,B
2021-07-01T10:51:51,200.0,120.9,B
2021-07-01T10:51:50,100.0,120.9,B
2021-07-01T10:51:30,900.0,120.9,B
2021-07-01T10:51:29,1600.0,120.9,B
2021-07-01T10:51:29,800.0,120.9,B
2021-07-01T10:51:29,700.0,120.9,B
2021-07-01T10:51:29,500.0,120.9,B
2021-07-01T10:51:29,400.0,120.9,B
2021-07-01T10:51:28,500.0,120.9,B
2021-07-01T10:51:27,100.0,120.9,B
2021-07-01T10:51:24,500.0,120.8,S
2021-07-01T10:51:19,200.0,120.8,B
2021-07-01T10:51:16,100.0,120.6,S
2021-07-01T10:50:52,1000.0,120.8,B
2021-07-01T10:50:43,4000.0,120.8,B
2021-07-01T10:49:19,1000.0,120.8,B
2021-07-01T10:48:41,100.0,120.8,B
2021-07-01T10:48:28,800.0,120.6,S
2021-07-01T10:47:53,200.0,120.8,B
2021-07-01T10:47:52,200.0,120.8,B
2021-07-01T10:47:47,100.0,120.8,B
2021-07-01T10:47:26,200.0,120.8,B
2021-07-01T10:46:51,1000.0,120.8,B
2021-07-01T10:46:40,1000.0,120.8,B
2021-07-01T10:46:20,3400.0,120.8,B
2021-07-01T10:46:14,5000.0,120.8,B
2021-07-01T10:45:56,200.0,120.8,B
2021-07-01T10:45:10,100.0,120.8,B
2021-07-01T10:44:46,2000.0,120.8,B
2021-07-01T10:44:45,1300.0,120.6,S
2021-07-01T10:44:45,400.0,120.6,S
2021-07-01T10:44:44,400.0,120.6,S
2021-07-01T10:44:04,800.0,120.6,S
2021-07-01T10:43:47,1000.0,120.6,S
2021-07-01T10:43:44,2600.0,120.6,S
2021-07-01T10:43:04,2300.0,120.6,S
2021-07-01T10:43:04,100.0,120.6,S
2021-07-01T10:43:04,200.0,120.6,S
2021-07-01T10:43:04,1600.0,120.6,S
2021-07-01T10:43:04,1400.0,120.6,S
2021-07-01T10:43:04,1400.0,120.6,S
2021-07-01T10:42:54,2600.0,120.8,S
2021-07-01T10:42:54,1600.0,120.8,S
2021-07-01T10:42:54,300.0,120.8,S
2021-07-01T10:42:41,1000.0,120.9,B
2021-07-01T10:42:35,2200.0,120.8,S
2021-07-01T10:42:34,3100.0,120.8,S
2021-07-01T10:42:34,1000.0,120.8,S
2021-07-01T10:42:34,700.0,120.8,S
2021-07-01T10:39:13,200.0,120.9,B
2021-07-01T10:38:12,200.0,120.8,S
2021-07-01T10:38:12,900.0,120.8,S
2021-07-01T10:37:34,1300.0,120.9,S
2021-07-01T10:37:27,4100.0,120.9,S
2021-07-01T10:37:20,600.0,120.9,S
2021-07-01T10:37:20,100.0,120.9,S
2021-07-01T10:36:43,200.0,121.0,B
2021-07-01T10:35:15,800.0,121.1,B
2021-07-01T10:35:15,1100.0,121.1,B
2021-07-01T10:35:15,1000.0,120.9,B
2021-07-01T10:35:15,700.0,120.9,B
2021-07-01T10:35:13,2000.0,120.9,B
2021-07-01T10:35:13,400.0,120.9,B
2021-07-01T10:35:13,300.0,120.9,B
2021-07-01T10:34:36,800.0,120.9,B
2021-07-01T10:34:33,1000.0,121.0,B
2021-07-01T10:34:33,100.0,121.0,B
2021-07-01T10:34:33,700.0,121.0,B
2021-07-01T10:34:33,900.0,121.0,B
2021-07-01T10:34:33,700.0,121.0,B
2021-07-01T10:34:33,1000.0,121.0,B
2021-07-01T10:34:32,500.0,121.0,B
2021-07-01T10:34:32,300.0,121.0,B
2021-07-01T10:34:32,200.0,121.0,B
2021-07-01T10:34:32,100.0,121.0,B
2021-07-01T10:34:16,1100.0,121.0,B
2021-07-01T10:34:16,1000.0,121.0,B
2021-07-01T10:34:16,700.0,121.0,B
2021-07-01T10:34:16,900.0,121.0,B
2021-07-01T10:34:16,1400.0,121.0,B
2021-07-01T10:34:15,900.0,121.0,B
2021-07-01T10:34:15,500.0,120.9,B
2021-07-01T10:34:02,200.0,120.9,B
2021-07-01T10:33:52,6000.0,120.9,S
2021-07-01T10:33:52,2200.0,120.9,S
2021-07-01T10:33:45,1600.0,120.9,S
2021-07-01T10:33:15,300.0,120.9,S
2021-07-01T10:32:58,700.0,120.9,S
2021-07-01T10:32:43,100.0,121.0,S
2021-07-01T10:32:40,6100.0,121.0,S
2021-07-01T10:32:38,1500.0,121.0,S
2021-07-01T10:32:35,400.0,121.0,S
2021-07-01T10:32:35,4600.0,121.0,S
2021-07-01T10:32:19,1400.0,121.0,S
2021-07-01T10:31:43,300.0,121.1,B
2021-07-01T10:31:37,100.0,121.1,B
2021-07-01T10:31:37,300.0,121.0,S
2021-07-01T10:31:37,1100.0,121.0,S
2021-07-01T10:31:36,200.0,121.0,S
2021-07-01T10:31:36,500.0,121.1,B
2021-07-01T10:30:55,1000.0,121.1,B
2021-07-01T10:30:32,100.0,121.1,S
2021-07-01T10:30:19,400.0,121.1,S
2021-07-01T10:30:16,200.0,121.2,B
2021-07-01T10:29:42,1100.0,121.1,S
2021-07-01T10:29:14,1800.0,121.1,B
2021-07-01T10:28:52,300.0,121.1,B
2021-07-01T10:28:50,300.0,121.1,B
2021-07-01T10:28:17,2800.0,121.1,B
2021-07-01T10:28:17,2200.0,121.1,B
2021-07-01T10:28:03,100.0,121.1,B
2021-07-01T10:27:53,1100.0,121.0,S
2021-07-01T10:27:34,200.0,121.1,B
2021-07-01T10:27:21,200.0,121.1,B
2021-07-01T10:27:12,200.0,121.1,B
2021-07-01T10:26:40,500.0,121.1,B
2021-07-01T10:26:15,100.0,121.1,S
2021-07-01T10:26:13,100.0,121.1,S
2021-07-01T10:26:07,1000.0,121.1,S
2021-07-01T10:25:51,200.0,121.2,B
2021-07-01T10:25:49,1300.0,121.1,S
2021-07-01T10:25:14,500.0,121.1,S
2021-07-01T10:25:03,800.0,121.1,B
2021-07-01T10:24:59,1000.0,121.2,B
2021-07-01T10:24:59,1700.0,121.2,B
2021-07-01T10:24:58,600.0,121.2,B
2021-07-01T10:24:58,700.0,121.2,B
2021-07-01T10:24:57,500.0,121.2,B
2021-07-01T10:24:57,400.0,121.2,B
2021-07-01T10:24:57,300.0,121.2,B
2021-07-01T10:24:56,200.0,121.2,B
2021-07-01T10:24:56,100.0,121.2,B
2021-07-01T10:24:47,1600.0,121.0,S
2021-07-01T10:24:44,800.0,121.2,B
2021-07-01T10:24:44,1000.0,121.2,B
2021-07-01T10:24:43,600.0,121.2,B
2021-07-01T10:24:43,900.0,121.2,B
2021-07-01T10:24:43,700.0,121.2,B
2021-07-01T10:24:43,800.0,121.2,B
2021-07-01T10:24:42,400.0,121.1,B
2021-07-01T10:24:42,200.0,121.1,B
2021-07-01T10:24:42,100.0,121.1,B
2021-07-01T10:24:24,2100.0,121.1,B
2021-07-01T10:24:24,800.0,121.1,B
2021-07-01T10:24:22,1100.0,121.1,B
2021-07-01T10:24:22,600.0,121.1,B
2021-07-01T10:24:22,500.0,121.1,B
2021-07-01T10:24:21,300.0,121.1,B
2021-07-01T10:24:21,200.0,121.1,B
2021-07-01T10:24:19,900.0,121.0,B
2021-07-01T10:24:08,200.0,121.1,B
2021-07-01T10:24:02,800.0,121.1,B
2021-07-01T10:24:02,600.0,121.1,B
2021-07-01T10:24:01,1000.0,121.1,B
2021-07-01T10:24:00,500.0,121.1,B
2021-07-01T10:24:00,900.0,121.1,B
2021-07-01T10:24:00,700.0,121.1,B
2021-07-01T10:23:58,400.0,121.1,B
2021-07-01T10:23:58,300.0,121.1,B
2021-07-01T10:23:58,200.0,121.1,B
2021-07-01T10:23:58,100.0,121.1,B
2021-07-01T10:23:57,100.0,121.0,B
2021-07-01T10:23:40,700.0,121.0,B
2021-07-01T10:23:40,100.0,121.0,B
2021-07-01T10:23:40,3900.0,121.0,B
2021-07-01T10:23:20,1000.0,121.0,B
2021-07-01T10:23:20,900.0,121.0,B
2021-07-01T10:23:20,800.0,121.0,B
2021-07-01T10:23:19,600.0,121.0,B
2021-07-01T10:23:18,700.0,121.0,B
2021-07-01T10:23:18,500.0,121.0,B
2021-07-01T10:23:18,700.0,121.0,B
2021-07-01T10:23:18,200.0,121.0,B
2021-07-01T10:23:17,100.0,121.0,B
2021-07-01T10:23:16,3300.0,121.0,B
2021-07-01T10:22:40,5000.0,121.0,B
2021-07-01T10:22:32,5000.0,121.0,B
2021-07-01T10:22:18,1000.0,121.0,B
2021-07-01T10:22:00,300.0,121.0,B
2021-07-01T10:21:43,3000.0,121.0,B
2021-07-01T10:21:42,1600.0,121.0,B
2021-07-01T10:21:42,800.0,121.0,B
2021-07-01T10:21:41,600.0,121.0,B
2021-07-01T10:21:41,500.0,121.0,B
2021-07-01T10:21:41,400.0,121.0,B
2021-07-01T10:21:41,300.0,121.0,B
2021-07-01T10:21:41,200.0,121.0,B
2021-07-01T10:21:35,100.0,120.9,S
2021-07-01T10:21:33,100.0,121.0,B
2021-07-01T10:21:24,1100.0,121.0,B
2021-07-01T10:21:20,2000.0,121.0,B
2021-07-01T10:21:19,100.0,120.9,S
2021-07-01T10:20:59,1000.0,121.0,B
2021-07-01T10:20:49,5000.0,121.0,B
2021-07-01T10:20:39,500.0,120.9,S
2021-07-01T10:20:17,100.0,121.0,B
2021-07-01T10:19:52,1100.0,121.0,B
2021-07-01T10:19:46,800.0,121.0,B
2021-07-01T10:19:43,200.0,121.0,B
2021-07-01T10:19:16,900.0,121.0,B
2021-07-01T10:19:15,1100.0,121.0,B
2021-07-01T10:19:09,1000.0,121.0,B
2021-07-01T10:19:03,5000.0,121.0,B
2021-07-01T10:18:59,300.0,121.0,B
2021-07-01T10:17:54,1100.0,121.0,B
2021-07-01T10:17:39,10000.0,120.9,B
2021-07-01T10:17:33,100.0,120.9,B
2021-07-01T10:17:29,1300.0,120.9,B
2021-07-01T10:12:40,5500.0,120.8,S
2021-07-01T10:12:36,4400.0,120.8,S
2021-07-01T10:12:05,300.0,120.8,S
2021-07-01T10:12:05,100.0,120.9,B
2021-07-01T10:11:16,1000.0,120.8,S
2021-07-01T10:11:07,400.0,120.8,S
2021-07-01T10:11:07,1000.0,120.8,S
2021-07-01T10:10:57,100.0,120.8,S
2021-07-01T10:10:46,1000.0,120.9,B
2021-07-01T10:10:40,400.0,120.8,S
2021-07-01T10:10:37,1000.0,120.8,S
2021-07-01T10:10:28,500.0,120.9,B
2021-07-01T10:10:26,900.0,120.9,B
2021-07-01T10:10:03,100.0,120.9,B
2021-07-01T10:09:40,3000.0,120.8,S
2021-07-01T10:09:10,1000.0,120.8,S
2021-07-01T10:09:01,400.0,121.0,B
2021-07-01T10:08:59,700.0,120.9,B
2021-07-01T10:08:34,500.0,120.8,S
2021-07-01T10:08:28,10000.0,120.8,S
2021-07-01T10:08:13,100.0,120.9,S
2021-07-01T10:08:10,200.0,120.9,S
2021-07-01T10:06:02,300.0,121.0,S
2021-07-01T10:05:57,5000.0,121.0,S
2021-07-01T10:05:21,1200.0,121.0,S
2021-07-01T10:03:50,1000.0,120.8,S
2021-07-01T10:03:32,200.0,121.0,S
2021-07-01T10:03:05,4400.0,121.0,S
2021-07-01T10:02:36,20000.0,121.0,S
2021-07-01T10:02:32,1300.0,121.2,B
2021-07-01T10:02:00,1100.0,121.0,S
2021-07-01T10:01:39,100.0,121.2,B
2021-07-01T10:01:38,4400.0,121.0,S
2021-07-01T10:01:14,2000.0,121.0,S
2021-07-01T10:01:09,1000.0,121.2,B
2021-07-01T10:00:46,1200.0,121.2,B
2021-07-01T10:00:03,700.0,121.3,B
2021-07-01T10:00:03,900.0,121.2,B
2021-07-01T10:00:02,800.0,121.2,B
2021-07-01T10:00:01,600.0,121.2,B
2021-07-01T10:00:01,500.0,121.2,B
2021-07-01T10:00:01,100.0,121.2,B
2021-07-01T09:59:56,1000.0,121.2,B
2021-07-01T09:59:48,700.0,121.2,B
2021-07-01T09:59:47,1400.0,121.2,B
2021-07-01T09:59:46,500.0,121.2,B
2021-07-01T09:59:46,300.0,121.2,B
2021-07-01T09:59:46,400.0,121.2,B
2021-07-01T09:59:45,300.0,121.2,B
2021-07-01T09:59:42,4400.0,121.0,S
2021-07-01T09:59:39,300.0,121.2,B
2021-07-01T09:59:31,700.0,121.2,B
2021-07-01T09:59:25,900.0,121.3,B
2021-07-01T09:59:23,500.0,121.3,B
2021-07-01T09:59:23,500.0,121.3,B
2021-07-01T09:59:23,2300.0,121.2,B
2021-07-01T09:59:23,700.0,121.2,B
2021-07-01T09:59:23,600.0,121.2,B
2021-07-01T09:59:22,700.0,121.2,S
2021-07-01T09:59:22,200.0,121.2,S
2021-07-01T09:59:05,800.0,121.2,S
2021-07-01T09:59:05,900.0,121.2,S
2021-07-01T09:59:04,700.0,121.2,S
2021-07-01T09:59:03,1100.0,121.2,S
2021-07-01T09:59:03,400.0,121.2,S
2021-07-01T09:59:03,300.0,121.2,S
2021-07-01T09:59:03,200.0,121.2,S
2021-07-01T09:58:18,1200.0,121.2,S
2021-07-01T09:58:03,4400.0,121.0,S
2021-07-01T09:57:50,1000.0,121.0,S
2021-07-01T09:57:34,200.0,121.2,S
2021-07-01T09:57:22,2600.0,121.0,S
2021-07-01T09:57:15,400.0,121.3,B
2021-07-01T09:57:15,900.0,121.3,B
2021-07-01T09:57:14,200.0,121.3,B
2021-07-01T09:57:14,1300.0,121.2,S
2021-07-01T09:57:13,600.0,121.2,S
2021-07-01T09:57:13,500.0,121.2,S
2021-07-01T09:57:13,300.0,121.2,S
2021-07-01T09:57:12,200.0,121.2,S
2021-07-01T09:57:12,100.0,121.2,S
2021-07-01T09:56:52,6000.0,121.0,B
2021-07-01T09:56:48,700.0,121.3,B
2021-07-01T09:56:48,600.0,121.3,B
2021-07-01T09:56:47,1000.0,121.3,B
2021-07-01T09:56:47,1700.0,121.3,B
2021-07-01T09:56:47,500.0,121.3,B
2021-07-01T09:56:47,400.0,121.3,B
2021-07-01T09:56:47,300.0,121.3,B
2021-07-01T09:56:47,200.0,121.3,B
2021-07-01T09:56:40,4400.0,121.0,B
2021-07-01T09:56:29,500.0,121.0,B
2021-07-01T09:56:24,200.0,121.3,B
2021-07-01T09:55:38,16700.0,121.0,B
2021-07-01T09:55:01,4200.0,120.6,S
2021-07-01T09:55:01,200.0,120.8,S
2021-07-01T09:54:48,400.0,121.0,B
2021-07-01T09:53:57,200.0,120.8,S
2021-07-01T09:53:51,100.0,121.0,S
2021-07-01T09:53:48,300.0,121.0,S
2021-07-01T09:53:47,1000.0,121.0,S
2021-07-01T09:53:46,2000.0,121.0,S
2021-07-01T09:53:34,6200.0,121.0,S
2021-07-01T09:53:09,6000.0,121.0,S
2021-07-01T09:53:07,4000.0,121.0,S
2021-07-01T09:52:44,26900.0,121.0,S
2021-07-01T09:52:42,2800.0,121.0,S
2021-07-01T09:52:23,500.0,121.0,S
2021-07-01T09:51:55,5000.0,121.0,S
2021-07-01T09:51:46,6000.0,121.0,S
2021-07-01T09:51:43,15200.0,121.0,S
2021-07-01T09:51:33,500.0,121.0,S
2021-07-01T09:51:33,6000.0,121.0,S
2021-07-01T09:51:18,1000.0,121.0,S
2021-07-01T09:51:16,800.0,121.0,S
2021-07-01T09:51:08,100.0,121.0,S
2021-07-01T09:50:53,25000.0,121.0,S
2021-07-01T09:50:52,100.0,121.5,B
2021-07-01T09:50:32,100.0,121.0,S
2021-07-01T09:50:31,22000.0,121.0,S
2021-07-01T09:50:31,3000.0,121.1,S
2021-07-01T09:50:06,800.0,121.0,S
2021-07-01T09:49:25,100.0,121.0,B
2021-07-01T09:49:12,44800.0,121.0,B
2021-07-01T09:49:09,1000.0,121.0,B
2021-07-01T09:49:03,100.0,121.0,B
2021-07-01T09:48:48,1000.0,121.0,B
2021-07-01T09:48:43,400.0,121.0,B
2021-07-01T09:48:40,300.0,121.0,B
2021-07-01T09:48:34,800.0,120.5,S
2021-07-01T09:48:23,700.0,121.0,S
2021-07-01T09:48:16,2000.0,121.0,S
2021-07-01T09:48:16,100.0,121.0,S
2021-07-01T09:48:15,34700.0,121.0,S
2021-07-01T09:47:45,1000.0,121.5,S
2021-07-01T09:47:32,100.0,121.0,S
2021-07-01T09:47:32,1400.0,121.0,S
2021-07-01T09:47:32,5100.0,121.0,S
2021-07-01T09:47:32,600.0,121.0,S
2021-07-01T09:47:32,2100.0,121.1,S
2021-07-01T09:47:32,10500.0,121.1,S
2021-07-01T09:47:32,14700.0,121.2,S
2021-07-01T09:47:32,1000.0,121.5,S
2021-07-01T09:47:32,3100.0,121.5,S
2021-07-01T09:47:32,5800.0,121.5,S
2021-07-01T09:47:29,10000.0,121.5,S
2021-07-01T09:47:00,500.0,121.5,S
2021-07-01T09:46:55,500.0,121.5,S
2021-07-01T09:46:48,200.0,121.6,B
2021-07-01T09:46:07,200.0,121.6,B
2021-07-01T09:45:36,1700.0,121.6,B
2021-07-01T09:45:33,1400.0,121.5,S
2021-07-01T09:45:02,20000.0,121.5,S
2021-07-01T09:45:02,1100.0,121.5,S
2021-07-01T09:45:02,600.0,121.5,S
2021-07-01T09:45:02,2300.0,121.5,S
2021-07-01T09:45:00,1500.0,121.5,S
2021-07-01T09:44:50,1000.0,121.5,S
2021-07-01T09:44:26,4400.0,121.5,S
2021-07-01T09:44:19,2700.0,121.5,S
2021-07-01T09:44:19,1600.0,121.5,S
2021-07-01T09:44:19,5700.0,121.5,S
2021-07-01T09:43:59,3000.0,121.6,S
2021-07-01T09:43:59,1900.0,121.6,S
2021-07-01T09:43:48,500.0,121.6,S
2021-07-01T09:43:31,4400.0,121.6,S
2021-07-01T09:43:25,100.0,121.6,S
2021-07-01T09:43:23,100.0,121.6,S
2021-07-01T09:43:19,500.0,121.5,S
2021-07-01T09:43:11,1000.0,121.5,S
2021-07-01T09:42:40,1300.0,121.5,S
2021-07-01T09:42:22,2600.0,121.5,S
2021-07-01T09:42:22,13400.0,121.5,S
2021-07-01T09:42:14,10000.0,121.5,S
2021-07-01T09:42:14,500.0,121.5,S
2021-07-01T09:42:14,24500.0,121.6,S
2021-07-01T09:42:08,5800.0,121.7,S
2021-07-01T09:41:33,1400.0,121.7,S
2021-07-01T09:41:31,500.0,121.7,S
2021-07-01T09:41:29,100.0,121.9,B
2021-07-01T09:41:05,1300.0,121.6,B
2021-07-01T09:40:51,1000.0,121.6,B
2021-07-01T09:40:42,1300.0,121.6,B
2021-07-01T09:40:42,600.0,121.6,B
2021-07-01T09:40:35,700.0,121.6,B
2021-07-01T09:40:32,1300.0,121.6,B
2021-07-01T09:40:11,100.0,121.6,S
2021-07-01T09:40:10,1000.0,121.6,S
2021-07-01T09:40:07,100.0,121.6,S
2021-07-01T09:39:56,7900.0,121.6,S
2021-07-01T09:39:56,1000.0,121.9,B
2021-07-01T09:39:50,10000.0,121.7,S
2021-07-01T09:39:03,100.0,121.6,S
2021-07-01T09:38:55,1000.0,121.5,S
2021-07-01T09:38:38,12700.0,121.5,S
2021-07-01T09:38:38,600.0,121.5,S
2021-07-01T09:38:38,500.0,121.5,S
2021-07-01T09:38:38,6200.0,121.5,S
2021-07-01T09:38:06,500.0,121.5,B
2021-07-01T09:38:02,1000.0,121.5,B
2021-07-01T09:38:01,1600.0,121.5,B
2021-07-01T09:38:01,200.0,121.5,B
2021-07-01T09:37:57,100.0,121.5,B
2021-07-01T09:37:40,900.0,121.5,B
2021-07-01T09:37:39,1500.0,121.5,B
2021-07-01T09:37:38,600.0,121.5,B
2021-07-01T09:37:38,500.0,121.5,B
2021-07-01T09:37:38,400.0,121.5,B
2021-07-01T09:37:38,500.0,121.5,B
2021-07-01T09:37:38,100.0,121.5,B
2021-07-01T09:37:19,500.0,121.5,B
2021-07-01T09:37:19,600.0,121.5,B
2021-07-01T09:37:19,900.0,121.5,B
2021-07-01T09:37:19,800.0,121.5,B
2021-07-01T09:37:18,700.0,121.5,B
2021-07-01T09:37:18,300.0,121.5,B
2021-07-01T09:37:17,400.0,121.5,B
2021-07-01T09:37:17,200.0,121.5,B
2021-07-01T09:37:17,100.0,121.5,B
2021-07-01T09:37:10,500.0,121.5,B
2021-07-01T09:37:05,1000.0,121.5,B
2021-07-01T09:36:58,3200.0,121.0,S
2021-07-01T09:36:57,3800.0,121.0,S
2021-07-01T09:36:47,9000.0,121.0,S
2021-07-01T09:36:46,500.0,121.5,B
2021-07-01T09:36:42,500.0,121.0,S
2021-07-01T09:36:36,10000.0,121.5,B
2021-07-01T09:36:30,10000.0,121.0,S
2021-07-01T09:36:19,7400.0,121.0,S
2021-07-01T09:36:13,400.0,121.5,B
2021-07-01T09:36:04,2200.0,121.5,S
2021-07-01T09:35:52,2100.0,121.0,S
2021-07-01T09:35:52,1500.0,121.0,S
2021-07-01T09:35:52,300.0,121.0,S
2021-07-01T09:35:52,3100.0,121.1,S
2021-07-01T09:35:52,3000.0,121.5,S
2021-07-01T09:35:17,500.0,121.5,S
2021-07-01T09:35:07,2000.0,122.0,S
2021-07-01T09:35:07,1000.0,122.0,S
2021-07-01T09:35:07,2600.0,122.5,S
2021-07-01T09:34:57,10000.0,122.5,S
2021-07-01T09:34:57,100.0,122.8,B
2021-07-01T09:34:45,10000.0,122.5,S
2021-07-01T09:34:25,19400.0,122.5,B
2021-07-01T09:34:23,1100.0,122.0,S
2021-07-01T09:34:18,100.0,122.0,S
2021-07-01T09:34:18,1300.0,122.0,S
2021-07-01T09:34:16,100.0,122.5,B
2021-07-01T09:34:15,1000.0,122.0,S
2021-07-01T09:33:47,2000.0,122.5,S
2021-07-01T09:33:42,1100.0,122.0,S
2021-07-01T09:33:42,300.0,122.0,S
2021-07-01T09:33:42,1600.0,122.0,S
2021-07-01T09:33:42,500.0,122.0,S
2021-07-01T09:33:42,6500.0,122.0,S
2021-07-01T09:33:36,5000.0,122.5,S
2021-07-01T09:32:52,10000.0,122.5,S
2021-07-01T09:32:45,800.0,123.4,B
2021-07-01T09:32:33,27000.0,123.4,B
2021-07-01T09:32:33,5000.0,123.4,B
2021-07-01T09:32:33,17000.0,123.4,B
2021-07-01T09:32:23,3400.0,122.8,S
2021-07-01T09:32:19,500.0,122.8,S
2021-07-01T09:32:19,100.0,122.8,S
2021-07-01T09:32:18,1000.0,122.8,S
2021-07-01T09:32:16,600.0,123.3,S
2021-07-01T09:32:02,21000.0,123.4,B
2021-07-01T09:31:53,30000.0,123.4,B
2021-07-01T09:31:42,500.0,122.8,S
2021-07-01T09:31:42,8100.0,122.8,S
2021-07-01T09:31:34,20000.0,122.8,S
2021-07-01T09:31:23,9000.0,123.5,B
2021-07-01T09:31:23,2000.0,123.4,B
2021-07-01T09:31:23,33000.0,123.4,B
2021-07-01T09:31:13,10000.0,122.8,S
2021-07-01T09:30:47,3900.0,123.5,B
2021-07-01T09:30:47,3700.0,123.5,B
2021-07-01T09:30:47,6800.0,123.3,B
2021-07-01T09:30:47,2900.0,123.3,B
2021-07-01T09:30:46,3100.0,123.3,B
2021-07-01T09:30:46,2700.0,123.0,B
2021-07-01T09:30:46,2500.0,123.0,B
2021-07-01T09:30:45,4400.0,123.0,B
2021-07-01T09:30:29,3000.0,122.8,S
2021-07-01T09:30:26,9800.0,123.5,B
2021-07-01T09:30:26,7700.0,123.5,B
2021-07-01T09:30:26,12000.0,123.4,B
2021-07-01T09:30:26,25000.0,123.4,B
2021-07-01T09:30:26,5400.0,123.0,B
2021-07-01T09:30:26,10100.0,123.0,B
2021-07-01T09:29:58,2000.0,123.0,B
2021-07-01T09:29:50,500.0,123.0,B
2021-07-01T09:29:49,100.0,123.0,B
2021-07-01T09:29:43,100.0,122.8,S
2021-07-01T09:29:41,2000.0,123.0,B
2021-07-01T09:29:35,200.0,123.0,B
2021-07-01T09:29:32,1400.0,123.0,B
2021-07-01T09:29:18,17500.0,123.5,B
2021-07-01T09:29:16,4900.0,123.4,B
2021-07-01T09:29:16,600.0,123.4,B
2021-07-01T09:29:16,4500.0,123.4,B
2021-07-01T09:29:16,7500.0,123.4,B
2021-07-01T09:29:15,3000.0,123.0,B
2021-07-01T09:29:15,2500.0,123.0,B
2021-07-01T09:29:15,2000.0,123.0,B
2021-07-01T09:28:51,100.0,123.0,B
2021-07-01T09:28:46,10100.0,123.0,B
2021-07-01T09:28:43,200.0,123.4,B
2021-07-01T09:28:26,3100.0,123.5,B
2021-07-01T09:28:26,1800.0,123.5,B
2021-07-01T09:28:26,1900.0,123.5,B
2021-07-01T09:28:25,4900.0,123.5,B
2021-07-01T09:28:25,4300.0,123.5,B
2021-07-01T09:28:25,4500.0,123.5,B
2021-07-01T09:28:24,4700.0,123.5,B
2021-07-01T09:28:24,2900.0,123.5,B
2021-07-01T09:28:23,3900.0,123.5,B
2021-07-01T09:28:23,4100.0,123.5,B
2021-07-01T09:28:23,5100.0,123.5,B
2021-07-01T09:28:23,3300.0,123.5,B
2021-07-01T09:28:23,2300.0,123.5,B
2021-07-01T09:28:22,3500.0,123.5,B
2021-07-01T09:28:21,2700.0,123.4,B
2021-07-01T09:28:21,2500.0,123.0,B
2021-07-01T09:28:21,2100.0,123.0,B
2021-07-01T09:28:21,1900.0,123.0,B
2021-07-01T09:28:20,1700.0,123.0,B
2021-07-01T09:28:20,1500.0,123.0,B
2021-07-01T09:28:19,300.0,123.0,B
2021-07-01T09:28:09,3000.0,123.0,B
2021-07-01T09:28:09,1600.0,123.0,B
2021-07-01T09:28:07,200.0,123.0,B
2021-07-01T09:27:50,100.0,123.0,B
2021-07-01T09:27:33,9900.0,123.5,B
2021-07-01T09:27:32,5700.0,123.5,B
2021-07-01T09:27:32,5400.0,123.5,B
2021-07-01T09:27:32,4200.0,123.5,B
2021-07-01T09:27:32,2600.0,123.5,B
2021-07-01T09:27:31,5800.0,123.5,B
2021-07-01T09:27:31,3600.0,123.4,S
2021-07-01T09:27:31,3300.0,123.4,S
2021-07-01T09:27:30,3000.0,123.4,S
2021-07-01T09:27:24,700.0,123.4,S
2021-07-01T09:27:24,300.0,123.3,S
2021-07-01T09:26:59,200.0,123.5,B
2021-07-01T09:26:51,200.0,123.5,B
2021-07-01T09:26:44,300.0,123.5,B
2021-07-01T09:26:42,5000.0,123.5,B
2021-07-01T09:26:40,3800.0,123.6,B
2021-07-01T09:26:40,3200.0,123.6,B
2021-07-01T09:26:40,1200.0,123.6,B
2021-07-01T09:26:40,5800.0,123.6,B
2021-07-01T09:26:40,3000.0,123.6,B
2021-07-01T09:26:39,5400.0,123.6,B
2021-07-01T09:26:39,2400.0,123.6,B
2021-07-01T09:26:38,2200.0,123.6,B
2021-07-01T09:26:38,2000.0,123.6,B
2021-07-01T09:26:37,3000.0,123.5,B
2021-07-01T09:26:30,1000.0,123.5,B
2021-07-01T09:26:29,10500.0,123.5,B
2021-07-01T09:26:27,400.0,123.6,B
2021-07-01T09:26:27,400.0,123.6,B
2021-07-01T09:26:27,8500.0,123.6,B
2021-07-01T09:26:27,11400.0,123.5,B
2021-07-01T09:26:27,1000.0,123.5,B
2021-07-01T09:26:27,28300.0,123.5,B
2021-07-01T09:26:25,200.0,123.0,S
2021-07-01T09:26:21,200.0,123.0,S
2021-07-01T09:26:19,100.0,123.0,S
2021-07-01T09:26:00,4900.0,123.5,B
2021-07-01T09:26:00,800.0,123.5,B
2021-07-01T09:25:59,24300.0,123.5,B
2021-07-01T09:25:54,100.0,123.4,B
2021-07-01T09:25:45,100.0,123.0,B
2021-07-01T09:25:40,17900.0,123.4,B
2021-07-01T09:25:40,400.0,123.3,B
2021-07-01T09:25:39,41700.0,123.3,B
2021-07-01T09:25:16,100.0,122.8,S
2021-07-01T09:24:24,25000.0,123.0,B
2021-07-01T09:24:22,100.0,122.8,S
2021-07-01T09:23:50,30000.0,123.0,B
2021-07-01T09:23:43,800.0,122.8,S
2021-07-01T09:23:23,1600.0,122.8,S
2021-07-01T09:23:04,1600.0,122.8,S
2021-07-01T09:22:57,1600.0,122.8,S
2021-07-01T09:22:36,46000.0,123.4,B
2021-07-01T09:22:15,32500.0,123.3,S
2021-07-01T09:22:05,100.0,123.0,S
2021-07-01T09:21:52,100.0,123.0,S
2021-07-01T09:21:42,1200.0,123.0,S
2021-07-01T09:21:32,55000.0,123.6,B
2021-07-01T09:21:27,1300.0,122.8,S
2021-07-01T09:21:25,15000.0,123.5,B
2021-07-01T09:21:17,25000.0,123.5,B
2021-07-01T09:21:17,19800.0,123.4,B
2021-07-01T09:21:17,21300.0,123.4,B
2021-07-01T09:21:17,10200.0,123.3,S
2021-07-01T09:21:13,6800.0,123.1,S
2021-07-01T09:21:12,1600.0,123.1,S
2021-07-01T09:20:58,1600.0,123.1,S
2021-07-01T09:20:51,18700.0,123.4,B
2021-07-01T09:20:51,21500.0,123.3,S
2021-07-01T09:20:50,500.0,123.0,S
2021-07-01T09:20:43,300.0,122.8,S
2021-07-01T09:20:38,1500.0,123.0,S
2021-07-01T09:20:36,1600.0,123.0,S
2021-07-01T09:20:35,100.0,123.3,S
2021-07-01T09:20:26,21900.0,123.5,B
2021-07-01T09:20:13,1600.0,123.0,S
2021-07-01T09:20:09,20000.0,123.5,B
2021-07-01T09:20:09,1600.0,123.0,S
2021-07-01T09:19:53,15000.0,123.3,B
2021-07-01T09:19:52,500.0,123.0,S
2021-07-01T09:19:43,4400.0,123.0,S
2021-07-01T09:19:22,40000.0,123.5,B
2021-07-01T09:19:20,1000.0,123.0,B
2021-07-01T09:19:19,100.0,123.0,B
2021-07-01T09:19:15,1000.0,123.0,B
2021-07-01T09:19:08,100.0,123.0,B
2021-07-01T09:19:08,4700.0,123.0,B
2021-07-01T09:19:05,1900.0,123.6,B
2021-07-01T09:19:05,500.0,123.5,B
2021-07-01T09:19:05,100.0,123.5,B
2021-07-01T09:19:05,800.0,123.5,B
2021-07-01T09:19:05,700.0,123.5,B
2021-07-01T09:19:05,4000.0,123.5,B
2021-07-01T09:19:05,3000.0,123.5,B
2021-07-01T09:19:05,100.0,123.5,B
2021-07-01T09:19:05,13200.0,123.5,B
2021-07-01T09:19:04,15700.0,123.5,B
2021-07-01T09:18:54,5400.0,123.0,B
2021-07-01T09:18:54,1000.0,123.3,B
2021-07-01T09:18:53,900.0,123.3,B
2021-07-01T09:18:49,12000.0,123.0,B
2021-07-01T09:18:47,3000.0,123.0,B
2021-07-01T09:18:45,10000.0,123.0,B
2021-07-01T09:18:45,5000.0,123.0,B
2021-07-01T09:18:38,17700.0,123.4,B
2021-07-01T09:18:38,32300.0,123.3,B
2021-07-01T09:18:32,1000.0,122.8,B
2021-07-01T09:18:22,10000.0,123.1,B
2021-07-01T09:18:03,36400.0,123.5,B
2021-07-01T09:17:57,200.0,123.0,B
2021-07-01T09:17:49,33000.0,123.3,B
2021-07-01T09:17:48,200.0,122.9,B
2021-07-01T09:17:37,300.0,122.9,B
2021-07-01T09:17:17,22000.0,123.5,B
2021-07-01T09:17:17,6700.0,123.4,B
2021-07-01T09:17:17,17500.0,123.4,B
2021-07-01T09:17:01,400.0,122.9,B
2021-07-01T09:16:50,1300.0,123.4,B
2021-07-01T09:16:50,300.0,123.3,B
2021-07-01T09:16:50,4800.0,123.3,B
2021-07-01T09:16:50,1200.0,123.3,B
2021-07-01T09:16:50,2400.0,123.3,B
2021-07-01T09:16:45,200.0,123.1,B
2021-07-01T09:16:44,2000.0,123.0,B
2021-07-01T09:16:42,1000.0,122.9,B
2021-07-01T09:16:35,25000.0,123.3,B
2021-07-01T09:16:20,19500.0,123.3,B
2021-07-01T09:16:08,23600.0,123.4,B
2021-07-01T09:15:57,24000.0,123.3,B
2021-07-01T09:15:50,100.0,122.0,S
