tradingTime,volume,price,side
2021-07-01T14:30:06,300.0,22.15,B
2021-07-01T14:29:48,200.0,22.15,B
2021-07-01T14:29:30,500.0,22.15,B
2021-07-01T14:29:19,100.0,22.15,B
2021-07-01T14:29:17,200.0,22.15,B
2021-07-01T14:29:12,500.0,22.15,B
2021-07-01T14:28:53,300.0,22.15,B
2021-07-01T14:28:51,800.0,22.1,S
2021-07-01T14:28:51,3000.0,22.15,B
2021-07-01T14:28:43,200.0,22.15,B
2021-07-01T14:28:29,100.0,22.15,B
2021-07-01T14:28:26,300.0,22.15,B
2021-07-01T14:28:20,100.0,22.1,S
2021-07-01T14:27:51,400.0,22.15,B
2021-07-01T14:27:43,300.0,22.1,B
2021-07-01T14:27:36,100.0,22.1,B
2021-07-01T14:27:34,9000.0,22.1,B
2021-07-01T14:27:28,100.0,22.1,B
2021-07-01T14:27:26,100.0,22.1,B
2021-07-01T14:27:17,100.0,22.1,B
2021-07-01T14:27:13,5000.0,22.1,B
2021-07-01T14:26:51,100.0,22.1,B
2021-07-01T14:26:35,500.0,22.1,B
2021-07-01T14:26:33,500.0,22.1,B
2021-07-01T14:26:30,20000.0,22.05,S
2021-07-01T14:26:25,100.0,22.1,B
2021-07-01T14:26:22,4000.0,22.1,B
2021-07-01T14:26:10,1500.0,22.1,B
2021-07-01T14:26:03,1000.0,22.1,B
2021-07-01T14:25:42,1100.0,22.1,B
2021-07-01T14:25:40,100.0,22.1,B
2021-07-01T14:25:35,10000.0,22.1,B
2021-07-01T14:25:20,200.0,22.1,B
2021-07-01T14:25:09,100.0,22.1,B
2021-07-01T14:25:07,900.0,22.1,B
2021-07-01T14:24:34,1000.0,22.1,B
2021-07-01T14:24:23,300.0,22.1,B
2021-07-01T14:24:19,400.0,22.1,B
2021-07-01T14:24:17,7100.0,22.1,B
2021-07-01T14:24:04,2000.0,22.1,B
2021-07-01T14:23:57,19000.0,22.1,S
2021-07-01T14:23:31,20000.0,22.1,S
2021-07-01T14:23:26,100.0,22.15,B
2021-07-01T14:23:13,200.0,22.1,S
2021-07-01T14:22:59,7000.0,22.1,S
2021-07-01T14:22:59,1000.0,22.15,B
2021-07-01T14:22:36,500.0,22.15,B
2021-07-01T14:21:10,700.0,22.15,B
2021-07-01T14:21:08,200.0,22.1,S
2021-07-01T14:21:03,3000.0,22.15,B
2021-07-01T14:20:43,5000.0,22.15,B
2021-07-01T14:20:40,10000.0,22.1,S
2021-07-01T14:20:35,100.0,22.15,B
2021-07-01T14:20:32,500.0,22.1,S
2021-07-01T14:20:30,5000.0,22.1,S
2021-07-01T14:20:28,2500.0,22.1,S
2021-07-01T14:20:18,100.0,22.1,S
2021-07-01T14:20:07,200.0,22.1,S
2021-07-01T14:19:41,1000.0,22.1,S
2021-07-01T14:19:34,100.0,22.1,S
2021-07-01T14:18:55,8100.0,22.1,B
2021-07-01T14:18:30,900.0,22.1,B
2021-07-01T14:18:24,100.0,22.1,B
2021-07-01T14:18:12,2100.0,22.1,S
2021-07-01T14:17:52,1900.0,22.1,B
2021-07-01T14:17:49,500.0,22.1,B
2021-07-01T14:17:32,300.0,22.1,B
2021-07-01T14:17:21,800.0,22.05,S
2021-07-01T14:15:53,800.0,22.05,S
2021-07-01T14:15:52,1500.0,22.2,B
2021-07-01T14:15:05,13500.0,22.2,B
2021-07-01T14:15:04,39800.0,22.15,B
2021-07-01T14:14:39,10000.0,22.15,B
2021-07-01T14:14:23,300.0,22.1,B
2021-07-01T14:14:23,700.0,22.1,B
2021-07-01T14:13:45,100.0,22.1,B
2021-07-01T14:13:43,100.0,22.1,B
2021-07-01T14:13:26,200.0,22.1,S
2021-07-01T14:13:21,1600.0,22.1,S
2021-07-01T14:13:14,300.0,22.1,S
2021-07-01T14:12:54,300.0,22.1,S
2021-07-01T14:12:41,2000.0,22.1,S
2021-07-01T14:12:10,2300.0,22.1,S
2021-07-01T14:12:10,2700.0,22.1,S
2021-07-01T14:11:49,4000.0,22.15,B
2021-07-01T14:11:47,600.0,22.15,S
2021-07-01T14:11:41,7500.0,22.15,S
2021-07-01T14:11:40,100.0,22.15,S
2021-07-01T14:11:34,500.0,22.15,S
2021-07-01T14:11:20,1500.0,22.15,S
2021-07-01T14:11:14,200.0,22.15,S
2021-07-01T14:11:05,3900.0,22.15,B
2021-07-01T14:10:58,11500.0,22.15,B
2021-07-01T14:10:24,1200.0,22.15,B
2021-07-01T14:10:22,100.0,22.1,S
2021-07-01T14:10:07,100.0,22.05,S
2021-07-01T14:09:45,1000.0,22.15,B
2021-07-01T14:09:39,5000.0,22.15,B
2021-07-01T14:09:28,2000.0,22.15,B
2021-07-01T14:09:05,1100.0,22.15,B
2021-07-01T14:09:05,400.0,22.15,B
2021-07-01T14:09:05,10500.0,22.15,B
2021-07-01T14:08:56,3300.0,22.05,B
2021-07-01T14:08:51,2000.0,22.05,B
2021-07-01T14:08:50,1400.0,22.0,S
2021-07-01T14:08:06,5000.0,22.05,B
2021-07-01T14:07:03,3100.0,22.0,B
2021-07-01T14:07:03,900.0,22.0,B
2021-07-01T14:07:02,1200.0,22.0,B
2021-07-01T14:07:02,3000.0,22.0,B
2021-07-01T14:06:59,3400.0,22.0,B
2021-07-01T14:06:59,2300.0,22.0,B
2021-07-01T14:06:58,600.0,22.0,B
2021-07-01T14:06:56,800.0,22.0,B
2021-07-01T14:06:44,5000.0,22.0,B
2021-07-01T14:06:44,400.0,22.0,B
2021-07-01T14:06:38,500.0,22.0,B
2021-07-01T14:06:27,100.0,22.0,B
2021-07-01T14:06:13,5000.0,22.0,B
2021-07-01T14:06:01,1000.0,22.0,B
2021-07-01T14:05:34,2300.0,21.95,S
2021-07-01T14:05:26,100.0,22.0,B
2021-07-01T14:05:11,100.0,22.0,B
2021-07-01T14:05:05,200.0,22.0,B
2021-07-01T14:04:30,700.0,21.95,S
2021-07-01T14:04:26,1000.0,22.0,B
2021-07-01T14:04:09,5000.0,22.0,B
2021-07-01T14:03:57,5000.0,22.0,B
2021-07-01T14:03:43,100.0,22.0,B
2021-07-01T14:02:43,1800.0,22.0,B
2021-07-01T14:02:03,2000.0,22.0,B
2021-07-01T14:01:47,1000.0,21.95,S
2021-07-01T14:01:36,300.0,21.95,S
2021-07-01T14:01:09,100.0,21.95,S
2021-07-01T14:01:09,100.0,21.95,S
2021-07-01T14:01:09,800.0,21.95,S
2021-07-01T14:01:09,5300.0,21.95,S
2021-07-01T14:01:09,1700.0,21.95,S
2021-07-01T14:00:58,1000.0,21.95,S
2021-07-01T14:00:54,1000.0,21.95,S
2021-07-01T14:00:42,200.0,21.95,S
2021-07-01T13:59:25,100.0,21.95,S
2021-07-01T13:58:59,1100.0,21.95,S
2021-07-01T13:58:47,200.0,22.0,B
2021-07-01T13:58:43,200.0,22.0,B
2021-07-01T13:58:43,100.0,22.0,B
2021-07-01T13:58:13,1000.0,22.0,B
2021-07-01T13:57:58,1700.0,22.0,B
2021-07-01T13:57:52,1500.0,21.95,S
2021-07-01T13:57:52,2000.0,21.95,S
2021-07-01T13:57:52,6500.0,21.95,S
2021-07-01T13:57:23,1000.0,22.0,B
2021-07-01T13:57:03,500.0,21.95,S
2021-07-01T13:56:29,500.0,21.95,S
2021-07-01T13:56:27,5000.0,22.0,B
2021-07-01T13:56:19,500.0,22.0,B
2021-07-01T13:56:19,300.0,22.0,B
2021-07-01T13:56:13,100.0,22.0,B
2021-07-01T13:55:47,1900.0,22.0,B
2021-07-01T13:55:28,5000.0,22.0,B
2021-07-01T13:55:21,1000.0,22.0,B
2021-07-01T13:55:16,500.0,22.0,B
2021-07-01T13:55:06,300.0,22.0,B
2021-07-01T13:54:45,200.0,22.0,B
2021-07-01T13:54:33,100.0,22.0,B
2021-07-01T13:54:33,100.0,22.0,B
2021-07-01T13:54:10,300.0,22.0,B
2021-07-01T13:53:56,100.0,22.0,B
2021-07-01T13:53:56,900.0,22.0,B
2021-07-01T13:53:34,2500.0,22.0,B
2021-07-01T13:53:32,2100.0,21.95,S
2021-07-01T13:53:30,200.0,21.95,S
2021-07-01T13:53:23,100.0,22.0,B
2021-07-01T13:53:22,400.0,22.0,B
2021-07-01T13:52:55,700.0,22.0,B
2021-07-01T13:52:47,100.0,22.0,B
2021-07-01T13:52:20,1000.0,22.0,B
2021-07-01T13:52:20,100.0,22.0,B
2021-07-01T13:52:17,100.0,22.0,B
2021-07-01T13:52:11,500.0,22.0,B
2021-07-01T13:52:10,700.0,22.0,B
2021-07-01T13:51:47,500.0,22.0,B
2021-07-01T13:51:36,500.0,22.0,S
2021-07-01T13:51:34,500.0,22.0,S
2021-07-01T13:51:19,1200.0,22.0,S
2021-07-01T13:51:19,1000.0,22.1,B
2021-07-01T13:50:58,1000.0,22.0,S
2021-07-01T13:50:43,2700.0,22.0,S
2021-07-01T13:50:43,1000.0,22.0,S
2021-07-01T13:50:43,1500.0,22.0,S
2021-07-01T13:50:13,10000.0,22.0,S
2021-07-01T13:50:04,400.0,22.0,S
2021-07-01T13:50:04,1600.0,22.0,S
2021-07-01T13:49:54,500.0,22.0,S
2021-07-01T13:49:37,100.0,22.0,S
2021-07-01T13:49:04,200.0,22.0,S
2021-07-01T13:49:04,8800.0,22.0,S
2021-07-01T13:48:57,100.0,22.0,S
2021-07-01T13:48:32,500.0,22.0,S
2021-07-01T13:48:29,200.0,22.1,B
2021-07-01T13:47:49,7900.0,22.0,S
2021-07-01T13:47:49,2700.0,22.0,S
2021-07-01T13:47:49,900.0,22.0,S
2021-07-01T13:47:49,1300.0,22.0,S
2021-07-01T13:47:49,400.0,22.0,S
2021-07-01T13:47:49,200.0,22.0,S
2021-07-01T13:47:49,3600.0,22.0,S
2021-07-01T13:47:49,1300.0,22.0,S
2021-07-01T13:47:49,5000.0,22.0,S
2021-07-01T13:47:49,1100.0,22.0,S
2021-07-01T13:47:49,4600.0,22.0,S
2021-07-01T13:47:49,1000.0,22.05,S
2021-07-01T13:47:46,500.0,22.1,B
2021-07-01T13:47:14,500.0,22.1,S
2021-07-01T13:47:07,500.0,22.1,S
2021-07-01T13:47:07,2300.0,22.1,S
2021-07-01T13:47:04,4000.0,22.1,S
2021-07-01T13:46:58,500.0,22.1,S
2021-07-01T13:46:57,1000.0,22.1,S
2021-07-01T13:46:56,10000.0,22.15,B
2021-07-01T13:46:44,200.0,22.1,S
2021-07-01T13:46:33,3000.0,22.15,B
2021-07-01T13:46:31,900.0,22.1,S
2021-07-01T13:46:31,3900.0,22.1,S
2021-07-01T13:46:31,1200.0,22.1,S
2021-07-01T13:46:30,1000.0,22.1,S
2021-07-01T13:46:30,3000.0,22.1,S
2021-07-01T13:46:29,1000.0,22.1,S
2021-07-01T13:46:27,300.0,22.15,B
2021-07-01T13:46:07,100.0,22.15,B
2021-07-01T13:46:07,100.0,22.15,B
2021-07-01T13:46:07,7400.0,22.15,B
2021-07-01T13:46:06,100.0,22.15,B
2021-07-01T13:46:05,100.0,22.15,B
2021-07-01T13:46:02,2000.0,22.15,B
2021-07-01T13:45:57,200.0,22.1,S
2021-07-01T13:45:52,500.0,22.15,B
2021-07-01T13:45:50,1000.0,22.15,B
2021-07-01T13:45:47,200.0,22.15,B
2021-07-01T13:45:40,2500.0,22.1,S
2021-07-01T13:45:38,100.0,22.15,B
2021-07-01T13:45:38,100.0,22.15,B
2021-07-01T13:45:38,100.0,22.15,B
2021-07-01T13:45:37,100.0,22.15,B
2021-07-01T13:45:36,800.0,22.15,B
2021-07-01T13:45:30,100.0,22.15,B
2021-07-01T13:45:30,300.0,22.15,B
2021-07-01T13:45:23,7000.0,22.15,B
2021-07-01T13:45:16,100.0,22.15,B
2021-07-01T13:45:13,200.0,22.15,B
2021-07-01T13:45:12,600.0,22.15,B
2021-07-01T13:45:12,400.0,22.15,B
2021-07-01T13:45:07,400.0,22.15,B
2021-07-01T13:45:05,300.0,22.15,B
2021-07-01T13:44:50,100.0,22.15,S
2021-07-01T13:44:41,1000.0,22.15,S
2021-07-01T13:44:40,100.0,22.15,S
2021-07-01T13:44:37,2700.0,22.15,S
2021-07-01T13:44:36,1000.0,22.2,B
2021-07-01T13:44:24,10000.0,22.2,B
2021-07-01T13:44:23,500.0,22.2,B
2021-07-01T13:44:23,200.0,22.2,B
2021-07-01T13:44:20,1000.0,22.15,S
2021-07-01T13:44:14,100.0,22.2,B
2021-07-01T13:44:11,1000.0,22.2,B
2021-07-01T13:44:08,3200.0,22.2,B
2021-07-01T13:44:07,200.0,22.2,B
2021-07-01T13:44:05,600.0,22.2,B
2021-07-01T13:44:05,1000.0,22.2,B
2021-07-01T13:44:01,5900.0,22.2,S
2021-07-01T13:43:59,20000.0,22.2,S
2021-07-01T13:43:51,2200.0,22.25,B
2021-07-01T13:43:48,9600.0,22.2,S
2021-07-01T13:43:46,1000.0,22.2,S
2021-07-01T13:43:36,1000.0,22.2,S
2021-07-01T13:43:30,1000.0,22.2,S
2021-07-01T13:43:22,2000.0,22.2,S
2021-07-01T13:43:15,900.0,22.3,B
2021-07-01T13:43:12,900.0,22.25,B
2021-07-01T13:43:08,5000.0,22.25,B
2021-07-01T13:43:00,700.0,22.25,B
2021-07-01T13:42:55,100.0,22.25,B
2021-07-01T13:42:55,200.0,22.25,B
2021-07-01T13:42:50,300.0,22.25,S
2021-07-01T13:42:50,300.0,22.25,S
2021-07-01T13:42:47,1000.0,22.25,S
2021-07-01T13:42:45,8200.0,22.25,S
2021-07-01T13:42:41,2000.0,22.3,B
2021-07-01T13:42:36,5000.0,22.25,S
2021-07-01T13:42:35,2000.0,22.3,B
2021-07-01T13:42:24,3000.0,22.3,B
2021-07-01T13:42:18,800.0,22.3,B
2021-07-01T13:42:12,7000.0,22.25,S
2021-07-01T13:41:56,1900.0,22.3,B
2021-07-01T13:41:56,1200.0,22.3,B
2021-07-01T13:41:54,2000.0,22.25,S
2021-07-01T13:41:43,6000.0,22.3,B
2021-07-01T13:41:39,5000.0,22.3,B
2021-07-01T13:41:38,2000.0,22.3,B
2021-07-01T13:41:36,2000.0,22.25,S
2021-07-01T13:41:35,300.0,22.25,S
2021-07-01T13:41:34,5300.0,22.2,S
2021-07-01T13:41:26,1500.0,22.25,S
2021-07-01T13:41:26,200.0,22.25,S
2021-07-01T13:41:20,100.0,22.3,B
2021-07-01T13:41:18,300.0,22.3,B
2021-07-01T13:41:07,7000.0,22.25,S
2021-07-01T13:41:05,1500.0,22.3,B
2021-07-01T13:41:05,500.0,22.3,B
2021-07-01T13:41:04,1000.0,22.3,B
2021-07-01T13:41:03,200.0,22.3,B
2021-07-01T13:41:03,6500.0,22.3,B
2021-07-01T13:41:03,1400.0,22.3,B
2021-07-01T13:41:02,300.0,22.3,B
2021-07-01T13:41:02,1000.0,22.3,B
2021-07-01T13:41:02,800.0,22.3,B
2021-07-01T13:41:02,100.0,22.3,B
2021-07-01T13:41:02,400.0,22.3,B
2021-07-01T13:41:02,4500.0,22.3,B
2021-07-01T13:40:52,500.0,22.3,B
2021-07-01T13:40:51,600.0,22.3,B
2021-07-01T13:40:47,1800.0,22.25,S
2021-07-01T13:40:47,600.0,22.25,S
2021-07-01T13:40:47,2600.0,22.25,S
2021-07-01T13:40:45,100.0,22.3,B
2021-07-01T13:40:41,700.0,22.3,B
2021-07-01T13:40:35,2000.0,22.3,B
2021-07-01T13:40:35,3000.0,22.3,B
2021-07-01T13:40:34,700.0,22.3,B
2021-07-01T13:40:22,500.0,22.3,B
2021-07-01T13:40:22,1200.0,22.3,B
2021-07-01T13:40:22,4500.0,22.3,B
2021-07-01T13:40:22,1100.0,22.3,B
2021-07-01T13:40:21,2700.0,22.3,B
2021-07-01T13:40:13,5000.0,22.25,S
2021-07-01T13:40:03,1000.0,22.25,S
2021-07-01T13:39:59,1200.0,22.3,B
2021-07-01T13:39:59,3500.0,22.3,B
2021-07-01T13:39:45,2000.0,22.25,S
2021-07-01T13:39:42,20000.0,22.3,B
2021-07-01T13:39:41,1200.0,22.25,S
2021-07-01T13:39:35,300.0,22.25,S
2021-07-01T13:39:33,900.0,22.25,S
2021-07-01T13:39:31,10400.0,22.25,S
2021-07-01T13:39:24,1000.0,22.3,B
2021-07-01T13:39:23,100.0,22.25,S
2021-07-01T13:39:18,1900.0,22.3,B
2021-07-01T13:39:18,2800.0,22.3,B
2021-07-01T13:39:17,2000.0,22.25,S
2021-07-01T13:39:17,3000.0,22.25,S
2021-07-01T13:38:52,4000.0,22.3,B
2021-07-01T13:38:49,1000.0,22.25,S
2021-07-01T13:38:46,1000.0,22.25,B
2021-07-01T13:38:38,500.0,22.2,S
2021-07-01T13:38:35,200.0,22.25,B
2021-07-01T13:38:34,100.0,22.2,S
2021-07-01T13:38:17,100.0,22.25,B
2021-07-01T13:38:16,100.0,22.25,B
2021-07-01T13:38:15,1000.0,22.25,B
2021-07-01T13:38:10,400.0,22.25,B
2021-07-01T13:38:06,5000.0,22.25,B
2021-07-01T13:37:49,3200.0,22.3,B
2021-07-01T13:37:49,2000.0,22.3,B
2021-07-01T13:37:49,5700.0,22.3,B
2021-07-01T13:37:49,8400.0,22.3,B
2021-07-01T13:37:49,1000.0,22.3,B
2021-07-01T13:37:49,3100.0,22.25,B
2021-07-01T13:37:49,14600.0,22.25,B
2021-07-01T13:37:35,1300.0,22.2,B
2021-07-01T13:37:33,4000.0,22.2,B
2021-07-01T13:37:33,1000.0,22.2,B
2021-07-01T13:37:32,1000.0,22.2,B
2021-07-01T13:37:31,2000.0,22.2,B
2021-07-01T13:37:28,100.0,22.15,S
2021-07-01T13:37:28,500.0,22.15,S
2021-07-01T13:37:27,100.0,22.2,B
2021-07-01T13:37:22,7000.0,22.2,B
2021-07-01T13:37:22,3000.0,22.2,B
2021-07-01T13:37:11,10000.0,22.2,B
2021-07-01T13:37:09,600.0,22.2,B
2021-07-01T13:37:07,2000.0,22.2,B
2021-07-01T13:37:03,3000.0,22.2,B
2021-07-01T13:37:02,200.0,22.2,B
2021-07-01T13:36:57,20000.0,22.2,B
2021-07-01T13:36:53,200.0,22.2,B
2021-07-01T13:36:51,1000.0,22.2,B
2021-07-01T13:36:49,1900.0,22.2,B
2021-07-01T13:36:33,3900.0,22.2,B
2021-07-01T13:36:33,200.0,22.2,B
2021-07-01T13:36:33,5900.0,22.2,B
2021-07-01T13:36:31,1500.0,22.15,B
2021-07-01T13:36:03,500.0,22.15,B
2021-07-01T13:35:53,2000.0,22.0,S
2021-07-01T13:35:44,1000.0,22.1,B
2021-07-01T13:35:43,1000.0,22.1,B
2021-07-01T13:35:43,1000.0,22.1,B
2021-07-01T13:35:43,4100.0,22.1,B
2021-07-01T13:35:43,1400.0,22.1,B
2021-07-01T13:35:43,3400.0,22.1,B
2021-07-01T13:35:43,1500.0,22.1,B
2021-07-01T13:35:43,6100.0,22.1,B
2021-07-01T13:35:34,100.0,22.0,S
2021-07-01T13:35:32,4900.0,22.0,S
2021-07-01T13:35:23,100.0,22.0,S
2021-07-01T13:35:20,200.0,22.0,S
2021-07-01T13:35:19,100.0,22.05,B
2021-07-01T13:35:19,2700.0,22.05,B
2021-07-01T13:35:19,200.0,22.05,B
2021-07-01T13:35:12,6400.0,22.0,B
2021-07-01T13:35:12,200.0,22.0,B
2021-07-01T13:35:12,1300.0,22.0,B
2021-07-01T13:35:10,1000.0,22.0,B
2021-07-01T13:34:38,1700.0,22.0,B
2021-07-01T13:34:38,200.0,22.0,B
2021-07-01T13:34:38,3600.0,22.0,B
2021-07-01T13:34:38,200.0,22.0,B
2021-07-01T13:34:38,3300.0,22.0,B
2021-07-01T13:34:38,300.0,22.0,B
2021-07-01T13:34:38,3800.0,22.0,B
2021-07-01T13:34:38,3100.0,22.0,B
2021-07-01T13:34:38,600.0,22.0,B
2021-07-01T13:34:38,5500.0,22.0,B
2021-07-01T13:34:38,700.0,22.0,B
2021-07-01T13:34:38,700.0,22.0,B
2021-07-01T13:34:38,1400.0,22.0,B
2021-07-01T13:34:38,1300.0,22.0,B
2021-07-01T13:34:38,1500.0,22.0,B
2021-07-01T13:34:38,2100.0,22.0,B
2021-07-01T13:34:38,3500.0,22.0,B
2021-07-01T13:34:38,1900.0,22.0,B
2021-07-01T13:34:38,300.0,22.0,B
2021-07-01T13:34:38,500.0,22.0,B
2021-07-01T13:34:38,300.0,22.0,B
2021-07-01T13:34:38,11600.0,22.0,B
2021-07-01T13:34:38,1000.0,22.0,B
2021-07-01T13:34:38,2000.0,22.0,B
2021-07-01T13:34:38,2400.0,22.0,B
2021-07-01T13:34:38,2700.0,22.0,B
2021-07-01T13:34:38,22000.0,22.0,B
2021-07-01T13:34:37,2100.0,22.0,B
2021-07-01T13:34:37,3900.0,22.0,B
2021-07-01T13:34:37,1500.0,22.0,B
2021-07-01T13:34:37,2200.0,22.0,B
2021-07-01T13:34:37,500.0,22.0,B
2021-07-01T13:34:37,6600.0,22.0,B
2021-07-01T13:34:24,500.0,22.0,B
2021-07-01T13:34:21,200.0,21.95,S
2021-07-01T13:34:20,5000.0,22.0,B
2021-07-01T13:34:02,100.0,21.95,S
2021-07-01T13:33:49,1200.0,22.0,B
2021-07-01T13:33:05,100.0,22.0,B
2021-07-01T13:32:53,2000.0,21.9,S
2021-07-01T13:32:43,4000.0,22.0,B
2021-07-01T13:32:18,100.0,21.95,S
2021-07-01T13:32:18,13000.0,21.95,S
2021-07-01T13:32:18,12500.0,21.95,S
2021-07-01T13:32:18,6900.0,21.95,S
2021-07-01T13:32:07,400.0,21.95,S
2021-07-01T13:31:26,5000.0,21.95,S
2021-07-01T13:31:08,1000.0,21.95,S
2021-07-01T13:30:27,400.0,21.95,S
2021-07-01T13:30:22,300.0,21.95,S
2021-07-01T13:29:59,1000.0,21.95,S
2021-07-01T13:29:27,2000.0,21.95,S
2021-07-01T13:28:58,2800.0,21.95,B
2021-07-01T13:28:56,2200.0,21.95,B
2021-07-01T13:28:56,100.0,21.95,B
2021-07-01T13:28:56,500.0,21.95,B
2021-07-01T13:28:56,9200.0,21.95,B
2021-07-01T13:28:56,1000.0,21.95,B
2021-07-01T13:28:28,2500.0,21.95,B
2021-07-01T13:28:23,2000.0,21.9,S
2021-07-01T13:28:19,200.0,21.95,B
2021-07-01T13:28:15,1700.0,21.95,B
2021-07-01T13:28:15,2000.0,21.95,B
2021-07-01T13:27:48,2000.0,21.95,B
2021-07-01T13:27:46,100.0,21.95,B
2021-07-01T13:27:41,400.0,21.9,S
2021-07-01T13:27:30,100.0,21.95,B
2021-07-01T13:27:26,100.0,21.95,B
2021-07-01T13:27:19,3000.0,21.95,B
2021-07-01T13:27:02,100.0,21.95,S
2021-07-01T13:27:02,200.0,21.95,S
2021-07-01T13:27:00,200.0,21.95,S
2021-07-01T13:26:51,2000.0,21.9,S
2021-07-01T13:26:50,200.0,21.95,S
2021-07-01T13:26:48,100.0,21.95,S
2021-07-01T13:26:44,100.0,21.95,S
2021-07-01T13:26:41,800.0,21.95,S
2021-07-01T13:26:39,1000.0,21.95,S
2021-07-01T13:26:33,400.0,21.95,S
2021-07-01T13:26:29,200.0,21.95,S
2021-07-01T13:26:10,3000.0,21.95,S
2021-07-01T13:26:10,1000.0,21.95,S
2021-07-01T13:26:10,3000.0,21.95,S
2021-07-01T13:26:10,3000.0,21.95,S
2021-07-01T13:26:10,3500.0,21.95,S
2021-07-01T13:26:10,1500.0,21.95,S
2021-07-01T13:26:09,5000.0,22.0,B
2021-07-01T13:26:06,5000.0,22.0,B
2021-07-01T13:26:04,2400.0,22.0,B
2021-07-01T13:26:04,500.0,22.0,B
2021-07-01T13:25:55,500.0,22.0,B
2021-07-01T13:25:53,1000.0,22.0,B
2021-07-01T13:25:50,30000.0,22.0,B
2021-07-01T13:25:45,1000.0,22.0,B
2021-07-01T13:25:29,300.0,22.0,B
2021-07-01T13:25:26,400.0,22.0,B
2021-07-01T13:25:21,1000.0,22.0,B
2021-07-01T13:25:14,700.0,22.0,B
2021-07-01T13:25:12,6000.0,21.95,S
2021-07-01T13:25:06,100.0,22.0,B
2021-07-01T13:24:36,500.0,22.0,B
2021-07-01T13:24:33,500.0,21.95,S
2021-07-01T13:24:15,3000.0,21.95,S
2021-07-01T13:24:03,1000.0,22.0,B
2021-07-01T13:23:57,1000.0,22.0,B
2021-07-01T13:23:55,1400.0,22.0,B
2021-07-01T13:23:55,100.0,22.0,B
2021-07-01T13:23:55,400.0,22.0,B
2021-07-01T13:23:55,100.0,22.0,B
2021-07-01T13:23:46,1000.0,22.0,B
2021-07-01T13:23:45,1900.0,22.0,B
2021-07-01T13:23:38,500.0,22.0,B
2021-07-01T13:23:21,1000.0,22.0,B
2021-07-01T13:23:06,500.0,21.95,S
2021-07-01T13:23:04,800.0,22.0,B
2021-07-01T13:23:04,200.0,22.0,B
2021-07-01T13:22:56,1000.0,21.95,S
2021-07-01T13:22:55,100.0,22.0,B
2021-07-01T13:22:39,1800.0,22.0,B
2021-07-01T13:22:39,100.0,22.0,B
2021-07-01T13:22:39,100.0,22.0,B
2021-07-01T13:22:27,1000.0,21.95,S
2021-07-01T13:22:22,500.0,21.95,S
2021-07-01T13:22:18,2000.0,21.95,S
2021-07-01T13:22:16,100.0,21.95,S
2021-07-01T13:22:08,1000.0,22.0,B
2021-07-01T13:21:59,1000.0,21.95,S
2021-07-01T13:21:52,100.0,21.95,S
2021-07-01T13:21:49,1900.0,21.95,S
2021-07-01T13:21:44,600.0,21.95,S
2021-07-01T13:21:42,100.0,21.95,S
2021-07-01T13:21:39,400.0,21.95,S
2021-07-01T13:21:33,1600.0,21.95,S
2021-07-01T13:21:33,400.0,21.95,S
2021-07-01T13:21:08,2000.0,21.95,S
2021-07-01T13:21:00,8700.0,21.95,S
2021-07-01T13:21:00,300.0,21.95,S
2021-07-01T13:20:13,100.0,21.95,S
2021-07-01T13:19:55,4000.0,21.95,S
2021-07-01T13:19:45,200.0,21.95,S
2021-07-01T13:18:53,700.0,21.95,B
2021-07-01T13:18:53,5400.0,21.95,B
2021-07-01T13:18:41,2900.0,21.95,B
2021-07-01T13:18:32,300.0,21.95,B
2021-07-01T13:18:02,200.0,21.95,B
2021-07-01T13:16:50,100.0,21.95,B
2021-07-01T13:16:50,400.0,21.95,B
2021-07-01T13:16:50,2500.0,21.95,B
2021-07-01T13:16:16,100.0,21.9,S
2021-07-01T13:16:13,1700.0,21.9,S
2021-07-01T13:16:08,2700.0,21.9,S
2021-07-01T13:15:52,500.0,21.9,S
2021-07-01T13:15:37,2000.0,21.9,S
2021-07-01T13:14:36,1000.0,21.9,B
2021-07-01T13:14:34,1800.0,21.9,B
2021-07-01T13:14:31,100.0,21.9,B
2021-07-01T13:14:29,6400.0,21.85,S
2021-07-01T13:14:25,100.0,21.9,B
2021-07-01T13:14:01,100.0,21.9,B
2021-07-01T13:13:58,100.0,21.9,S
2021-07-01T13:13:49,1000.0,21.9,S
2021-07-01T13:13:43,2000.0,21.95,B
2021-07-01T13:13:38,10000.0,21.9,S
2021-07-01T13:13:34,100.0,21.95,B
2021-07-01T13:13:33,200.0,21.95,B
2021-07-01T13:13:28,200.0,21.95,B
2021-07-01T13:13:17,5000.0,21.95,B
2021-07-01T13:13:12,1300.0,21.95,B
2021-07-01T13:12:22,400.0,21.95,B
2021-07-01T13:12:17,5000.0,21.95,B
2021-07-01T13:12:13,5000.0,21.95,B
2021-07-01T13:11:51,1200.0,21.95,B
2021-07-01T13:11:51,100.0,21.95,B
2021-07-01T13:11:51,3300.0,21.95,B
2021-07-01T13:11:51,400.0,21.95,B
2021-07-01T13:11:15,6000.0,21.9,S
2021-07-01T13:11:09,500.0,21.95,B
2021-07-01T13:11:09,100.0,21.95,B
2021-07-01T13:11:08,200.0,21.95,B
2021-07-01T13:10:41,3800.0,21.9,S
2021-07-01T13:10:35,1000.0,21.95,B
2021-07-01T13:10:34,100.0,21.95,B
2021-07-01T13:09:33,2800.0,21.95,B
2021-07-01T13:09:29,300.0,21.95,B
2021-07-01T13:08:47,3600.0,21.95,B
2021-07-01T13:08:46,100.0,21.95,B
2021-07-01T13:08:22,200.0,21.95,B
2021-07-01T13:07:04,900.0,21.95,B
2021-07-01T13:06:41,1400.0,21.95,B
2021-07-01T13:06:41,1600.0,21.95,B
2021-07-01T13:06:16,300.0,21.9,S
2021-07-01T13:06:09,1000.0,21.95,B
2021-07-01T13:05:48,1100.0,21.95,B
2021-07-01T13:05:26,500.0,21.9,S
2021-07-01T13:05:01,500.0,21.9,S
2021-07-01T13:04:24,100.0,21.9,S
2021-07-01T13:03:44,3000.0,21.9,S
2021-07-01T13:02:42,400.0,21.9,S
2021-07-01T13:01:19,1000.0,21.9,B
2021-07-01T13:01:03,500.0,21.9,B
2021-07-01T13:00:50,300.0,21.9,B
2021-07-01T13:00:32,600.0,21.9,B
2021-07-01T13:00:31,100.0,21.95,B
2021-07-01T13:00:30,500.0,21.9,B
2021-07-01T13:00:30,500.0,21.9,B
2021-07-01T13:00:26,1100.0,21.9,B
2021-07-01T13:00:23,100.0,21.9,B
2021-07-01T13:00:19,100.0,21.9,B
2021-07-01T13:00:16,2000.0,21.9,B
2021-07-01T13:00:16,9400.0,21.9,B
2021-07-01T13:00:16,600.0,21.85,S
2021-07-01T13:00:15,2000.0,21.9,B
2021-07-01T11:29:34,600.0,21.85,S
2021-07-01T11:29:08,1200.0,21.85,B
2021-07-01T11:28:43,500.0,21.85,B
2021-07-01T11:28:18,5000.0,21.85,B
2021-07-01T11:28:10,200.0,21.85,B
2021-07-01T11:26:54,400.0,21.85,B
2021-07-01T11:26:54,100.0,21.85,B
2021-07-01T11:26:24,5000.0,21.85,B
2021-07-01T11:25:56,4000.0,21.85,B
2021-07-01T11:25:32,2000.0,21.8,S
2021-07-01T11:24:54,4600.0,21.85,B
2021-07-01T11:24:34,200.0,21.8,S
2021-07-01T11:24:14,600.0,21.8,S
2021-07-01T11:24:14,400.0,21.8,S
2021-07-01T11:23:58,1900.0,21.8,S
2021-07-01T11:23:40,700.0,21.8,S
2021-07-01T11:23:33,1000.0,21.8,S
2021-07-01T11:23:08,100.0,21.8,S
2021-07-01T11:22:33,1000.0,21.85,B
2021-07-01T11:21:25,200.0,21.85,B
2021-07-01T11:21:15,100.0,21.85,B
2021-07-01T11:20:53,500.0,21.85,S
2021-07-01T11:20:46,100.0,21.9,B
2021-07-01T11:20:46,5000.0,21.9,B
2021-07-01T11:20:46,1100.0,21.9,B
2021-07-01T11:19:54,1000.0,21.8,S
2021-07-01T11:19:50,100.0,21.9,B
2021-07-01T11:19:45,900.0,21.9,B
2021-07-01T11:19:45,100.0,21.9,B
2021-07-01T11:19:35,1500.0,21.9,B
2021-07-01T11:19:26,1200.0,21.9,B
2021-07-01T11:19:24,900.0,21.9,B
2021-07-01T11:19:08,1300.0,21.9,B
2021-07-01T11:19:05,200.0,21.9,B
2021-07-01T11:18:33,200.0,21.9,B
2021-07-01T11:18:22,600.0,21.9,S
2021-07-01T11:18:19,1000.0,21.95,B
2021-07-01T11:18:17,100.0,21.9,S
2021-07-01T11:18:11,200.0,21.9,S
2021-07-01T11:18:03,2000.0,21.9,S
2021-07-01T11:17:47,1900.0,21.9,B
2021-07-01T11:17:47,1400.0,21.9,B
2021-07-01T11:17:46,1300.0,21.9,B
2021-07-01T11:17:29,500.0,21.9,B
2021-07-01T11:17:22,1800.0,21.9,B
2021-07-01T11:17:02,5000.0,21.85,B
2021-07-01T11:16:47,6000.0,21.85,B
2021-07-01T11:16:10,800.0,21.8,B
2021-07-01T11:16:07,500.0,21.8,B
2021-07-01T11:16:03,300.0,21.8,B
2021-07-01T11:16:00,1000.0,21.8,B
2021-07-01T11:15:53,200.0,21.8,B
2021-07-01T11:15:42,500.0,21.8,B
2021-07-01T11:15:09,1900.0,21.8,S
2021-07-01T11:15:06,3000.0,21.8,S
2021-07-01T11:15:03,1000.0,21.8,S
2021-07-01T11:14:52,100.0,21.8,B
2021-07-01T11:14:49,1000.0,21.8,B
2021-07-01T11:14:44,3000.0,21.8,B
2021-07-01T11:14:43,1000.0,21.8,B
2021-07-01T11:14:24,3000.0,21.8,B
2021-07-01T11:14:15,500.0,21.8,B
2021-07-01T11:13:41,200.0,21.75,S
2021-07-01T11:13:28,1500.0,21.8,B
2021-07-01T11:12:52,100.0,21.8,B
2021-07-01T11:12:18,100.0,21.8,B
2021-07-01T11:12:11,500.0,21.75,S
2021-07-01T11:12:10,500.0,21.75,S
2021-07-01T11:11:04,1000.0,21.8,B
2021-07-01T11:10:36,1500.0,21.75,B
2021-07-01T11:10:09,700.0,21.75,B
2021-07-01T11:10:09,200.0,21.75,B
2021-07-01T11:09:11,5300.0,21.6,S
2021-07-01T11:09:11,1000.0,21.7,S
2021-07-01T11:09:11,2700.0,21.7,S
2021-07-01T11:08:51,300.0,21.75,B
2021-07-01T11:08:38,600.0,21.7,S
2021-07-01T11:08:25,200.0,21.7,S
2021-07-01T11:07:25,13000.0,21.6,S
2021-07-01T11:07:24,9200.0,21.7,B
2021-07-01T11:07:16,1000.0,21.7,B
2021-07-01T11:07:13,1000.0,21.7,B
2021-07-01T11:06:53,300.0,21.7,B
2021-07-01T11:06:51,5000.0,21.7,B
2021-07-01T11:06:21,100.0,21.7,B
2021-07-01T11:05:30,500.0,21.7,B
2021-07-01T11:05:21,1800.0,21.7,B
2021-07-01T11:05:09,500.0,21.65,S
2021-07-01T11:05:04,200.0,21.7,B
2021-07-01T11:03:45,100.0,21.7,B
2021-07-01T11:03:02,400.0,21.7,B
2021-07-01T11:02:30,1700.0,21.7,B
2021-07-01T11:02:25,300.0,21.7,B
2021-07-01T11:01:12,300.0,21.7,S
2021-07-01T11:00:56,600.0,21.65,S
2021-07-01T11:00:56,200.0,21.65,S
2021-07-01T11:00:56,300.0,21.65,S
2021-07-01T11:00:56,500.0,21.65,S
2021-07-01T11:00:56,1100.0,21.65,S
2021-07-01T11:00:56,3300.0,21.65,S
2021-07-01T11:00:55,300.0,21.7,S
2021-07-01T11:00:01,600.0,21.7,B
2021-07-01T10:59:54,1000.0,21.7,B
2021-07-01T10:59:02,200.0,21.7,B
2021-07-01T10:58:37,14400.0,21.7,S
2021-07-01T10:58:04,4600.0,21.7,S
2021-07-01T10:57:31,1100.0,21.7,S
2021-07-01T10:56:19,8000.0,21.7,S
2021-07-01T10:55:13,100.0,21.7,S
2021-07-01T10:55:13,800.0,21.7,S
2021-07-01T10:55:13,3200.0,21.7,S
2021-07-01T10:54:48,400.0,21.7,S
2021-07-01T10:54:43,2500.0,21.7,S
2021-07-01T10:53:35,900.0,21.7,S
2021-07-01T10:53:31,300.0,21.7,S
2021-07-01T10:53:25,500.0,21.7,S
2021-07-01T10:53:15,500.0,21.7,S
2021-07-01T10:51:34,1000.0,21.7,S
2021-07-01T10:51:12,6600.0,21.8,B
2021-07-01T10:50:33,400.0,21.7,B
2021-07-01T10:50:26,200.0,21.7,B
2021-07-01T10:50:21,500.0,21.7,B
2021-07-01T10:49:52,400.0,21.7,B
2021-07-01T10:49:16,600.0,21.7,B
2021-07-01T10:49:03,500.0,21.7,B
2021-07-01T10:49:01,100.0,21.7,B
2021-07-01T10:48:50,9000.0,21.65,S
2021-07-01T10:48:15,1000.0,21.65,S
2021-07-01T10:47:54,1000.0,21.7,B
2021-07-01T10:45:59,1000.0,21.65,S
2021-07-01T10:45:56,700.0,21.65,S
2021-07-01T10:45:39,500.0,21.65,S
2021-07-01T10:45:08,100.0,21.65,S
2021-07-01T10:44:12,100.0,21.65,S
2021-07-01T10:43:56,1800.0,21.65,B
2021-07-01T10:43:53,1000.0,21.65,B
2021-07-01T10:43:52,400.0,21.65,B
2021-07-01T10:43:40,100.0,21.65,B
2021-07-01T10:43:33,5000.0,21.65,B
2021-07-01T10:42:59,400.0,21.65,B
2021-07-01T10:42:21,500.0,21.65,B
2021-07-01T10:40:40,200.0,21.6,S
2021-07-01T10:40:27,1200.0,21.65,B
2021-07-01T10:40:06,1200.0,21.65,S
2021-07-01T10:39:09,200.0,21.7,B
2021-07-01T10:38:50,100.0,21.7,B
2021-07-01T10:37:18,100.0,21.7,B
2021-07-01T10:37:17,1000.0,21.7,B
2021-07-01T10:36:53,2000.0,21.8,B
2021-07-01T10:36:49,6700.0,21.7,S
2021-07-01T10:36:49,4300.0,21.7,S
2021-07-01T10:35:48,1000.0,21.8,B
2021-07-01T10:35:46,100.0,21.75,S
2021-07-01T10:35:23,100.0,21.8,B
2021-07-01T10:34:40,100.0,21.8,B
2021-07-01T10:34:35,2300.0,21.8,B
2021-07-01T10:34:27,1000.0,21.8,B
2021-07-01T10:34:02,900.0,21.8,S
2021-07-01T10:34:02,1000.0,21.8,S
2021-07-01T10:34:02,200.0,21.8,S
2021-07-01T10:33:58,3000.0,21.8,S
2021-07-01T10:33:45,9500.0,21.8,S
2021-07-01T10:33:27,700.0,21.8,S
2021-07-01T10:33:10,100.0,21.8,S
2021-07-01T10:33:01,900.0,21.8,S
2021-07-01T10:32:58,400.0,21.85,B
2021-07-01T10:32:53,500.0,21.8,S
2021-07-01T10:32:53,3000.0,21.8,S
2021-07-01T10:32:27,1900.0,21.85,S
2021-07-01T10:32:07,100.0,21.85,S
2021-07-01T10:31:53,1000.0,21.85,S
2021-07-01T10:30:41,2000.0,21.85,S
2021-07-01T10:29:10,500.0,21.85,S
2021-07-01T10:28:23,700.0,21.95,B
2021-07-01T10:28:20,200.0,21.95,B
2021-07-01T10:28:20,300.0,21.95,B
2021-07-01T10:28:20,9500.0,21.95,B
2021-07-01T10:28:09,200.0,21.85,B
2021-07-01T10:28:08,16100.0,21.9,B
2021-07-01T10:28:08,3900.0,21.85,B
2021-07-01T10:27:30,3000.0,21.85,S
2021-07-01T10:26:51,500.0,21.85,S
2021-07-01T10:26:49,200.0,21.85,S
2021-07-01T10:26:46,800.0,21.85,B
2021-07-01T10:26:40,200.0,21.85,B
2021-07-01T10:26:31,3000.0,21.85,B
2021-07-01T10:26:17,1900.0,21.85,B
2021-07-01T10:26:17,100.0,21.85,B
2021-07-01T10:26:12,5000.0,21.85,B
2021-07-01T10:26:00,500.0,21.8,S
2021-07-01T10:25:51,100.0,21.8,S
2021-07-01T10:25:19,1000.0,21.8,B
2021-07-01T10:25:19,600.0,21.8,B
2021-07-01T10:25:19,1000.0,21.8,B
2021-07-01T10:25:19,9200.0,21.8,B
2021-07-01T10:25:09,600.0,21.8,B
2021-07-01T10:24:55,5000.0,21.75,S
2021-07-01T10:24:46,1500.0,21.75,S
2021-07-01T10:24:39,2000.0,21.8,B
2021-07-01T10:24:33,300.0,21.75,S
2021-07-01T10:24:15,500.0,21.75,S
2021-07-01T10:24:08,200.0,21.8,B
2021-07-01T10:24:08,100.0,21.8,B
2021-07-01T10:22:53,600.0,21.75,B
2021-07-01T10:22:29,500.0,21.75,B
2021-07-01T10:22:22,100.0,21.7,S
2021-07-01T10:21:52,1000.0,21.7,B
2021-07-01T10:21:51,1300.0,21.7,B
2021-07-01T10:21:51,1500.0,21.7,B
2021-07-01T10:21:51,1700.0,21.7,B
2021-07-01T10:21:50,2000.0,21.65,B
2021-07-01T10:21:50,100.0,21.65,B
2021-07-01T10:20:51,400.0,21.6,S
2021-07-01T10:20:48,100.0,21.6,B
2021-07-01T10:20:42,2800.0,21.6,B
2021-07-01T10:20:16,5000.0,21.6,B
2021-07-01T10:20:05,500.0,21.55,S
2021-07-01T10:19:53,800.0,21.6,B
2021-07-01T10:19:53,1100.0,21.6,B
2021-07-01T10:19:52,1100.0,21.6,B
2021-07-01T10:19:35,500.0,21.55,S
2021-07-01T10:19:29,4100.0,21.6,B
2021-07-01T10:19:29,900.0,21.6,B
2021-07-01T10:18:55,200.0,21.55,S
2021-07-01T10:18:55,100.0,21.55,S
2021-07-01T10:18:50,2000.0,21.55,S
2021-07-01T10:18:09,1000.0,21.55,S
2021-07-01T10:17:38,2000.0,21.5,S
2021-07-01T10:17:29,700.0,21.55,B
2021-07-01T10:17:28,100.0,21.5,S
2021-07-01T10:12:26,3000.0,21.5,S
2021-07-01T10:11:58,1500.0,21.5,B
2021-07-01T10:11:58,300.0,21.5,B
2021-07-01T10:11:58,33900.0,21.5,B
2021-07-01T10:11:56,3300.0,21.45,S
2021-07-01T10:11:55,100.0,21.45,S
2021-07-01T10:11:35,900.0,21.45,S
2021-07-01T10:11:10,1000.0,21.45,S
2021-07-01T10:10:58,2300.0,21.45,S
2021-07-01T10:10:26,500.0,21.45,S
2021-07-01T10:10:23,1400.0,21.45,S
2021-07-01T10:10:17,800.0,21.45,S
2021-07-01T10:09:55,1000.0,21.45,S
2021-07-01T10:09:44,500.0,21.45,S
2021-07-01T10:09:21,1000.0,21.5,B
2021-07-01T10:08:44,100.0,21.5,S
2021-07-01T10:08:41,300.0,21.5,S
2021-07-01T10:08:28,500.0,21.5,S
2021-07-01T10:08:19,1000.0,21.5,S
2021-07-01T10:07:28,200.0,21.5,S
2021-07-01T10:07:16,4200.0,21.45,S
2021-07-01T10:07:05,500.0,21.5,S
2021-07-01T10:06:57,500.0,21.5,S
2021-07-01T10:06:46,1700.0,21.5,S
2021-07-01T10:06:35,100.0,21.55,S
2021-07-01T10:06:21,1100.0,21.5,S
2021-07-01T10:06:21,23900.0,21.5,S
2021-07-01T10:06:02,200.0,21.55,S
2021-07-01T10:04:38,100.0,21.6,B
2021-07-01T10:04:36,600.0,21.55,S
2021-07-01T10:04:13,100.0,21.6,B
2021-07-01T10:03:57,700.0,21.6,B
2021-07-01T10:03:53,500.0,21.6,B
2021-07-01T10:03:48,1000.0,21.6,B
2021-07-01T10:03:37,500.0,21.6,B
2021-07-01T10:03:31,7200.0,21.6,B
2021-07-01T10:03:27,1000.0,21.6,B
2021-07-01T10:03:23,500.0,21.6,B
2021-07-01T10:03:05,1300.0,21.6,B
2021-07-01T10:02:53,5000.0,21.6,B
2021-07-01T10:02:50,500.0,21.55,S
2021-07-01T10:02:30,100.0,21.6,S
2021-07-01T10:02:29,400.0,21.6,S
2021-07-01T10:02:28,1000.0,21.55,S
2021-07-01T10:02:27,5000.0,21.6,S
2021-07-01T10:02:26,600.0,21.6,S
2021-07-01T10:02:09,1000.0,21.6,S
2021-07-01T10:01:43,900.0,21.6,S
2021-07-01T10:01:27,100.0,21.6,S
2021-07-01T10:01:10,500.0,21.55,S
2021-07-01T10:00:38,9000.0,21.4,S
2021-07-01T10:00:34,500.0,21.6,B
2021-07-01T10:00:34,2200.0,21.6,B
2021-07-01T10:00:30,500.0,21.5,S
2021-07-01T10:00:30,1900.0,21.5,S
2021-07-01T10:00:21,3400.0,21.5,S
2021-07-01T10:00:18,200.0,21.5,S
2021-07-01T10:00:13,100.0,21.5,S
2021-07-01T10:00:12,100.0,21.5,S
2021-07-01T10:00:12,5000.0,21.4,S
2021-07-01T09:59:56,1000.0,21.5,S
2021-07-01T09:59:52,300.0,21.5,S
2021-07-01T09:59:49,1100.0,21.5,S
2021-07-01T09:59:49,2500.0,21.5,S
2021-07-01T09:59:49,900.0,21.5,S
2021-07-01T09:59:49,100.0,21.5,S
2021-07-01T09:59:49,7100.0,21.5,S
2021-07-01T09:59:49,16600.0,21.5,S
2021-07-01T09:59:49,3000.0,21.5,S
2021-07-01T09:59:49,2100.0,21.5,S
2021-07-01T09:59:49,2800.0,21.5,S
2021-07-01T09:59:49,1200.0,21.5,S
2021-07-01T09:59:49,3400.0,21.5,S
2021-07-01T09:59:49,1700.0,21.5,S
2021-07-01T09:59:49,3000.0,21.5,S
2021-07-01T09:59:49,10600.0,21.5,S
2021-07-01T09:59:49,500.0,21.5,S
2021-07-01T09:59:49,2500.0,21.5,S
2021-07-01T09:59:49,7200.0,21.5,S
2021-07-01T09:59:49,5100.0,21.55,S
2021-07-01T09:59:49,2000.0,21.55,S
2021-07-01T09:59:42,5000.0,21.55,S
2021-07-01T09:59:36,1000.0,21.55,S
2021-07-01T09:59:35,1000.0,21.6,B
2021-07-01T09:59:15,100.0,21.55,S
2021-07-01T09:59:15,700.0,21.55,S
2021-07-01T09:59:10,100.0,21.55,S
2021-07-01T09:59:10,200.0,21.55,S
2021-07-01T09:58:27,6500.0,21.55,S
2021-07-01T09:58:27,700.0,21.55,S
2021-07-01T09:58:27,1300.0,21.6,B
2021-07-01T09:58:23,800.0,21.6,B
2021-07-01T09:58:22,300.0,21.6,B
2021-07-01T09:58:22,2600.0,21.6,B
2021-07-01T09:58:03,2000.0,21.55,S
2021-07-01T09:58:02,3000.0,21.55,S
2021-07-01T09:57:13,2500.0,21.55,S
2021-07-01T09:56:47,500.0,21.55,S
2021-07-01T09:56:35,11600.0,21.55,S
2021-07-01T09:56:33,500.0,21.6,S
2021-07-01T09:56:22,2000.0,21.55,S
2021-07-01T09:56:21,3000.0,21.55,S
2021-07-01T09:56:15,2000.0,21.55,S
2021-07-01T09:56:15,200.0,21.6,S
2021-07-01T09:56:15,800.0,21.6,S
2021-07-01T09:56:14,1000.0,21.6,S
2021-07-01T09:55:52,900.0,21.6,S
2021-07-01T09:55:51,3000.0,21.6,S
2021-07-01T09:55:41,1000.0,21.6,S
2021-07-01T09:55:41,23000.0,21.6,S
2021-07-01T09:55:41,1000.0,21.6,S
2021-07-01T09:55:41,700.0,21.6,S
2021-07-01T09:55:41,38600.0,21.6,S
2021-07-01T09:55:26,1100.0,21.6,S
2021-07-01T09:55:24,5000.0,21.65,S
2021-07-01T09:55:02,600.0,21.65,S
2021-07-01T09:54:59,300.0,21.65,S
2021-07-01T09:54:59,5000.0,21.65,S
2021-07-01T09:54:55,100.0,21.65,S
2021-07-01T09:54:53,200.0,21.65,S
2021-07-01T09:54:52,2200.0,21.65,S
2021-07-01T09:54:36,3000.0,21.65,S
2021-07-01T09:54:27,100.0,21.65,S
2021-07-01T09:54:27,3000.0,21.65,S
2021-07-01T09:54:24,3000.0,21.65,S
2021-07-01T09:54:22,2000.0,21.65,S
2021-07-01T09:54:13,3000.0,21.65,S
2021-07-01T09:54:10,100.0,21.65,S
2021-07-01T09:53:57,500.0,21.65,S
2021-07-01T09:53:54,2700.0,21.65,S
2021-07-01T09:53:41,1300.0,21.65,S
2021-07-01T09:53:30,6600.0,21.65,S
2021-07-01T09:53:20,600.0,21.65,S
2021-07-01T09:53:07,1400.0,21.65,S
2021-07-01T09:53:07,3000.0,21.7,B
2021-07-01T09:53:06,200.0,21.65,S
2021-07-01T09:52:56,500.0,21.7,B
2021-07-01T09:52:49,900.0,21.7,B
2021-07-01T09:52:36,500.0,21.65,S
2021-07-01T09:52:00,100.0,21.7,B
2021-07-01T09:51:55,700.0,21.7,S
2021-07-01T09:51:43,500.0,21.7,S
2021-07-01T09:51:43,100.0,21.7,S
2021-07-01T09:51:38,10200.0,21.7,S
2021-07-01T09:51:38,2300.0,21.7,S
2021-07-01T09:51:38,8800.0,21.7,S
2021-07-01T09:51:38,10100.0,21.7,S
2021-07-01T09:51:37,700.0,21.7,S
2021-07-01T09:51:37,500.0,21.7,S
2021-07-01T09:51:37,13300.0,21.7,S
2021-07-01T09:51:37,5500.0,21.7,S
2021-07-01T09:51:37,5500.0,21.7,S
2021-07-01T09:51:37,2800.0,21.7,S
2021-07-01T09:51:37,3000.0,21.75,S
2021-07-01T09:51:28,3700.0,21.75,S
2021-07-01T09:51:28,6300.0,21.75,S
2021-07-01T09:51:26,300.0,21.75,S
2021-07-01T09:51:03,4700.0,21.75,S
2021-07-01T09:50:39,2000.0,21.75,S
2021-07-01T09:50:19,200.0,21.75,S
2021-07-01T09:50:01,5000.0,21.8,B
2021-07-01T09:49:59,800.0,21.8,B
2021-07-01T09:49:35,500.0,21.8,S
2021-07-01T09:48:55,500.0,21.8,S
2021-07-01T09:48:50,100.0,21.8,S
2021-07-01T09:48:47,100.0,21.8,S
2021-07-01T09:48:43,6000.0,21.8,S
2021-07-01T09:48:32,500.0,21.8,S
2021-07-01T09:48:31,300.0,21.8,S
2021-07-01T09:47:55,13500.0,21.8,S
2021-07-01T09:47:27,500.0,21.85,B
2021-07-01T09:45:50,500.0,21.85,B
2021-07-01T09:45:44,200.0,21.8,S
2021-07-01T09:45:14,100.0,21.85,B
2021-07-01T09:45:10,500.0,21.8,S
2021-07-01T09:44:48,500.0,21.8,S
2021-07-01T09:44:34,4100.0,21.8,S
2021-07-01T09:44:26,1000.0,21.8,S
2021-07-01T09:43:57,300.0,21.8,S
2021-07-01T09:43:53,1000.0,21.8,S
2021-07-01T09:43:53,1700.0,21.8,S
2021-07-01T09:43:50,200.0,21.8,S
2021-07-01T09:42:09,5000.0,21.8,S
2021-07-01T09:42:07,5000.0,21.8,S
2021-07-01T09:42:03,100.0,21.8,S
2021-07-01T09:41:31,200.0,21.8,S
2021-07-01T09:40:32,100.0,21.8,S
2021-07-01T09:39:52,2000.0,21.8,S
2021-07-01T09:39:50,200.0,21.8,S
2021-07-01T09:39:35,300.0,21.8,S
2021-07-01T09:39:32,100.0,21.8,S
2021-07-01T09:39:28,400.0,21.8,S
2021-07-01T09:39:19,1000.0,21.8,S
2021-07-01T09:39:01,4000.0,21.8,S
2021-07-01T09:38:45,3000.0,21.8,B
2021-07-01T09:38:24,1800.0,21.8,B
2021-07-01T09:38:10,1000.0,21.8,B
2021-07-01T09:38:07,2500.0,21.8,B
2021-07-01T09:38:07,1000.0,21.8,B
2021-07-01T09:38:04,500.0,21.8,B
2021-07-01T09:37:31,5000.0,21.8,B
2021-07-01T09:37:25,5000.0,21.8,B
2021-07-01T09:37:07,200.0,21.8,B
2021-07-01T09:35:08,100.0,21.8,B
2021-07-01T09:35:01,2500.0,21.8,B
2021-07-01T09:34:28,2000.0,21.8,B
2021-07-01T09:34:16,4100.0,21.75,S
2021-07-01T09:33:58,1000.0,21.75,S
2021-07-01T09:32:20,500.0,21.8,S
2021-07-01T09:31:58,100.0,21.8,S
2021-07-01T09:31:58,300.0,21.8,S
2021-07-01T09:31:56,1000.0,21.8,S
2021-07-01T09:31:23,200.0,21.8,S
2021-07-01T09:31:23,500.0,21.8,S
2021-07-01T09:31:23,200.0,21.8,S
2021-07-01T09:31:23,15500.0,21.8,S
2021-07-01T09:31:23,2100.0,21.8,S
2021-07-01T09:31:23,19500.0,21.8,S
2021-07-01T09:31:23,9600.0,21.8,S
2021-07-01T09:31:23,34400.0,21.8,S
2021-07-01T09:30:50,2600.0,21.85,S
2021-07-01T09:30:39,1500.0,21.85,S
2021-07-01T09:30:20,300.0,21.85,S
2021-07-01T09:30:03,30000.0,21.85,S
2021-07-01T09:29:41,3000.0,21.85,S
2021-07-01T09:29:36,5000.0,21.85,S
2021-07-01T09:29:32,6700.0,21.85,S
2021-07-01T09:29:32,1000.0,21.85,S
2021-07-01T09:29:32,2300.0,21.85,S
2021-07-01T09:29:18,500.0,21.9,B
2021-07-01T09:29:13,1000.0,21.9,B
2021-07-01T09:28:37,100.0,21.9,S
2021-07-01T09:28:30,200.0,21.85,S
2021-07-01T09:28:29,400.0,21.9,S
2021-07-01T09:28:21,1000.0,21.9,S
2021-07-01T09:28:19,200.0,21.9,S
2021-07-01T09:28:06,500.0,21.9,S
2021-07-01T09:27:52,10000.0,21.9,S
2021-07-01T09:27:39,200.0,21.9,S
2021-07-01T09:27:27,100.0,21.9,S
2021-07-01T09:27:16,200.0,21.95,B
2021-07-01T09:26:36,200.0,21.9,S
2021-07-01T09:26:28,2000.0,21.9,S
2021-07-01T09:26:16,2000.0,21.9,S
2021-07-01T09:26:15,500.0,21.9,S
2021-07-01T09:26:13,300.0,21.9,S
2021-07-01T09:26:09,100.0,21.85,S
2021-07-01T09:26:01,1000.0,21.9,B
2021-07-01T09:25:25,10000.0,21.85,S
2021-07-01T09:25:23,3000.0,21.9,B
2021-07-01T09:25:22,700.0,21.9,B
2021-07-01T09:24:41,8800.0,21.9,S
2021-07-01T09:24:40,1800.0,21.9,S
2021-07-01T09:23:44,100.0,21.9,S
2021-07-01T09:23:39,300.0,21.9,S
2021-07-01T09:23:38,100.0,21.9,S
2021-07-01T09:23:28,17000.0,21.9,S
2021-07-01T09:22:52,300.0,21.9,S
2021-07-01T09:22:33,500.0,21.9,S
2021-07-01T09:22:10,1500.0,21.9,B
2021-07-01T09:22:06,3000.0,21.9,B
2021-07-01T09:22:01,1100.0,21.9,B
2021-07-01T09:21:23,2900.0,21.9,B
2021-07-01T09:21:23,5000.0,21.9,B
2021-07-01T09:21:04,100.0,21.9,B
2021-07-01T09:20:50,2000.0,21.9,B
2021-07-01T09:20:49,600.0,21.9,B
2021-07-01T09:20:49,400.0,21.9,B
2021-07-01T09:20:34,200.0,21.9,B
2021-07-01T09:20:34,100.0,21.9,B
2021-07-01T09:20:21,2000.0,21.9,B
2021-07-01T09:20:20,300.0,21.9,B
2021-07-01T09:19:07,500.0,21.9,S
2021-07-01T09:19:06,1100.0,21.9,S
2021-07-01T09:19:06,1300.0,21.9,S
2021-07-01T09:19:06,2200.0,21.9,S
2021-07-01T09:18:50,3000.0,21.9,S
2021-07-01T09:18:12,2000.0,21.9,S
2021-07-01T09:17:42,1000.0,21.9,S
2021-07-01T09:17:42,1500.0,21.9,S
2021-07-01T09:17:37,300.0,21.9,S
2021-07-01T09:17:29,300.0,21.9,S
2021-07-01T09:16:30,100.0,21.9,S
2021-07-01T09:16:26,5000.0,21.9,S
2021-07-01T09:16:21,100.0,21.9,S
2021-07-01T09:16:05,5000.0,21.9,S
