tradingTime,volume,price,side
2021-07-01T14:30:16,100.0,25.6,B
2021-07-01T14:29:57,1300.0,25.6,S
2021-07-01T14:29:48,600.0,26.0,B
2021-07-01T14:29:48,5000.0,25.9,B
2021-07-01T14:29:48,2200.0,25.8,B
2021-07-01T14:29:48,600.0,25.8,B
2021-07-01T14:29:48,1100.0,25.75,B
2021-07-01T14:29:48,14000.0,25.7,B
2021-07-01T14:29:48,3600.0,25.7,B
2021-07-01T14:29:48,100.0,25.7,B
2021-07-01T14:29:48,12800.0,25.7,B
2021-07-01T14:29:24,500.0,25.65,B
2021-07-01T14:28:57,2500.0,25.6,S
2021-07-01T14:28:44,500.0,25.6,S
2021-07-01T14:28:08,5000.0,25.6,S
2021-07-01T14:27:49,1700.0,25.6,B
2021-07-01T14:27:19,2000.0,25.55,S
2021-07-01T14:27:05,1000.0,25.6,B
2021-07-01T14:26:51,600.0,25.6,B
2021-07-01T14:26:51,4400.0,25.6,B
2021-07-01T14:25:51,100.0,25.55,B
2021-07-01T14:25:48,100.0,25.55,S
2021-07-01T14:25:48,100.0,25.55,S
2021-07-01T14:25:43,500.0,25.55,S
2021-07-01T14:23:53,300.0,25.55,S
2021-07-01T14:23:46,100.0,25.55,S
2021-07-01T14:23:30,4000.0,25.55,S
2021-07-01T14:23:11,100.0,25.55,S
2021-07-01T14:23:05,1000.0,25.55,B
2021-07-01T14:22:57,200.0,25.55,B
2021-07-01T14:22:51,100.0,25.55,B
2021-07-01T14:22:32,100.0,25.55,B
2021-07-01T14:22:30,100.0,25.55,S
2021-07-01T14:22:18,900.0,25.55,B
2021-07-01T14:21:57,100.0,25.5,S
2021-07-01T14:21:46,100.0,25.55,B
2021-07-01T14:19:52,900.0,25.6,S
2021-07-01T14:18:53,100.0,25.6,S
2021-07-01T14:18:26,200.0,25.6,B
2021-07-01T14:18:25,4700.0,25.6,B
2021-07-01T14:18:25,800.0,25.6,B
2021-07-01T14:18:25,700.0,25.6,B
2021-07-01T14:18:25,700.0,25.6,B
2021-07-01T14:18:25,1100.0,25.6,B
2021-07-01T14:18:25,1000.0,25.6,B
2021-07-01T14:18:25,11800.0,25.6,B
2021-07-01T14:16:54,100.0,25.5,B
2021-07-01T14:16:42,1900.0,25.5,S
2021-07-01T14:16:31,200.0,25.55,B
2021-07-01T14:16:17,1000.0,25.5,S
2021-07-01T14:16:01,100.0,25.5,S
2021-07-01T14:15:35,200.0,25.5,S
2021-07-01T14:15:08,300.0,25.5,B
2021-07-01T14:14:44,1100.0,25.55,B
2021-07-01T14:14:44,5400.0,25.5,B
2021-07-01T14:13:36,1000.0,25.4,S
2021-07-01T14:13:15,4000.0,25.4,S
2021-07-01T14:13:10,900.0,25.5,B
2021-07-01T14:13:10,800.0,25.5,B
2021-07-01T14:13:10,10800.0,25.5,B
2021-07-01T14:13:08,200.0,25.5,B
2021-07-01T14:12:28,5500.0,25.5,B
2021-07-01T14:11:39,500.0,25.5,B
2021-07-01T14:10:14,19000.0,25.5,B
2021-07-01T14:10:05,1000.0,25.4,B
2021-07-01T14:09:53,300.0,25.4,B
2021-07-01T14:09:42,1000.0,25.4,B
2021-07-01T14:08:50,2300.0,25.5,B
2021-07-01T14:07:48,2800.0,25.5,B
2021-07-01T14:06:57,700.0,25.5,B
2021-07-01T14:06:57,2400.0,25.5,B
2021-07-01T14:06:57,600.0,25.5,B
2021-07-01T14:06:57,1300.0,25.5,B
2021-07-01T14:05:26,1000.0,25.5,B
2021-07-01T14:05:13,100.0,25.35,S
2021-07-01T14:05:12,2500.0,25.5,B
2021-07-01T14:04:50,1800.0,25.5,B
2021-07-01T14:04:50,200.0,25.45,B
2021-07-01T14:01:49,1000.0,25.5,B
2021-07-01T14:01:49,3000.0,25.5,B
2021-07-01T14:01:49,200.0,25.5,B
2021-07-01T14:01:49,1000.0,25.5,B
2021-07-01T14:01:49,5000.0,25.5,B
2021-07-01T14:01:49,2000.0,25.5,B
2021-07-01T14:01:49,23600.0,25.5,B
2021-07-01T14:01:49,100.0,25.5,B
2021-07-01T14:01:49,700.0,25.5,B
2021-07-01T14:01:48,13400.0,25.5,B
2021-07-01T14:00:29,500.0,25.35,B
2021-07-01T13:59:58,1000.0,25.4,B
2021-07-01T13:59:58,300.0,25.4,B
2021-07-01T13:59:58,100.0,25.4,B
2021-07-01T13:59:58,3900.0,25.4,B
2021-07-01T13:59:58,3100.0,25.4,B
2021-07-01T13:59:58,3000.0,25.4,B
2021-07-01T13:59:58,11800.0,25.4,B
2021-07-01T13:59:58,600.0,25.4,B
2021-07-01T13:59:58,3500.0,25.4,B
2021-07-01T13:59:58,2400.0,25.4,B
2021-07-01T13:59:58,8100.0,25.4,B
2021-07-01T13:59:58,200.0,25.35,B
2021-07-01T13:59:57,12000.0,25.35,B
2021-07-01T13:58:24,1000.0,25.35,B
2021-07-01T13:56:17,2000.0,25.35,B
2021-07-01T13:55:34,100.0,25.35,B
2021-07-01T13:55:12,100.0,25.35,B
2021-07-01T13:53:58,300.0,25.35,B
2021-07-01T13:53:56,200.0,25.35,B
2021-07-01T13:50:20,300.0,25.35,B
2021-07-01T13:46:52,1000.0,25.35,B
2021-07-01T13:46:44,100.0,25.3,S
2021-07-01T13:45:36,300.0,25.35,S
2021-07-01T13:45:13,100.0,25.35,S
2021-07-01T13:44:14,1400.0,25.35,B
2021-07-01T13:43:48,300.0,25.35,B
2021-07-01T13:43:18,1000.0,25.35,B
2021-07-01T13:42:05,200.0,25.35,B
2021-07-01T13:41:43,100.0,25.35,S
2021-07-01T13:39:10,2900.0,25.35,B
2021-07-01T13:38:38,1000.0,25.3,S
2021-07-01T13:36:25,100.0,25.3,S
2021-07-01T13:34:36,100.0,25.3,S
2021-07-01T13:34:23,100.0,25.3,S
2021-07-01T13:34:21,3300.0,25.3,S
2021-07-01T13:33:33,5000.0,25.3,S
2021-07-01T13:33:33,100.0,25.35,B
2021-07-01T13:32:40,100.0,25.35,B
2021-07-01T13:28:49,1000.0,25.35,B
2021-07-01T13:26:21,2300.0,25.35,S
2021-07-01T13:25:15,200.0,25.4,B
2021-07-01T13:23:32,200.0,25.35,S
2021-07-01T13:23:12,500.0,25.35,S
2021-07-01T13:21:34,1000.0,25.35,B
2021-07-01T13:21:34,4000.0,25.35,B
2021-07-01T13:21:24,100.0,25.3,S
2021-07-01T13:16:26,500.0,25.35,B
2021-07-01T13:14:34,4500.0,25.35,B
2021-07-01T13:12:58,100.0,25.35,S
2021-07-01T13:12:51,3100.0,25.35,S
2021-07-01T13:10:36,500.0,25.35,S
2021-07-01T13:08:47,200.0,25.35,S
2021-07-01T13:01:34,3300.0,25.35,B
2021-07-01T13:01:31,500.0,25.3,S
2021-07-01T13:01:11,3000.0,25.35,B
2021-07-01T13:01:04,200.0,25.35,B
2021-07-01T13:00:26,100.0,25.35,B
2021-07-01T13:00:24,100.0,25.35,B
2021-07-01T13:00:13,1800.0,25.35,B
2021-07-01T13:00:13,1200.0,25.35,B
2021-07-01T11:30:05,300.0,25.35,B
2021-07-01T11:28:39,100.0,25.3,S
2021-07-01T11:22:08,100.0,25.3,S
2021-07-01T11:19:03,1000.0,25.35,B
2021-07-01T11:17:52,1300.0,25.3,S
2021-07-01T11:17:52,1700.0,25.3,S
2021-07-01T11:15:44,200.0,25.3,S
2021-07-01T11:14:43,2500.0,25.35,B
2021-07-01T11:12:31,1300.0,25.35,S
2021-07-01T11:12:30,100.0,25.35,S
2021-07-01T11:11:25,100.0,25.35,S
2021-07-01T11:10:12,500.0,25.35,B
2021-07-01T11:10:02,500.0,25.35,S
2021-07-01T11:10:02,4000.0,25.35,S
2021-07-01T11:09:05,200.0,25.35,S
2021-07-01T11:08:51,1000.0,25.35,S
2021-07-01T11:07:53,100.0,25.35,S
2021-07-01T11:05:48,1200.0,25.35,S
2021-07-01T11:05:22,800.0,25.35,S
2021-07-01T11:05:00,200.0,25.35,S
2021-07-01T11:04:36,400.0,25.35,S
2021-07-01T11:03:24,500.0,25.35,S
2021-07-01T11:01:19,100.0,25.35,S
2021-07-01T11:01:16,100.0,25.35,S
2021-07-01T11:00:52,2300.0,25.35,B
2021-07-01T11:00:10,300.0,25.35,S
2021-07-01T10:59:51,400.0,25.35,S
2021-07-01T10:59:36,1200.0,25.35,B
2021-07-01T10:59:12,3800.0,25.35,S
2021-07-01T10:58:10,800.0,25.35,S
2021-07-01T10:58:07,400.0,25.35,S
2021-07-01T10:58:04,100.0,25.35,S
2021-07-01T10:58:03,1000.0,25.35,S
2021-07-01T10:56:47,300.0,25.35,B
2021-07-01T10:56:34,1000.0,25.35,B
2021-07-01T10:55:39,1000.0,25.4,B
2021-07-01T10:53:55,1900.0,25.4,B
2021-07-01T10:53:55,1200.0,25.4,B
2021-07-01T10:53:55,200.0,25.4,B
2021-07-01T10:53:55,700.0,25.4,B
2021-07-01T10:53:55,500.0,25.4,B
2021-07-01T10:53:55,4500.0,25.4,B
2021-07-01T10:53:43,200.0,25.35,B
2021-07-01T10:52:25,200.0,25.35,B
2021-07-01T10:51:51,1500.0,25.35,S
2021-07-01T10:48:25,1000.0,25.35,S
2021-07-01T10:47:17,500.0,25.35,S
2021-07-01T10:45:03,100.0,25.35,B
2021-07-01T10:45:02,200.0,25.35,B
2021-07-01T10:44:59,6900.0,25.35,B
2021-07-01T10:44:53,3000.0,25.3,S
2021-07-01T10:44:45,2000.0,25.35,B
2021-07-01T10:44:09,100.0,25.35,B
2021-07-01T10:40:39,1800.0,25.35,B
2021-07-01T10:39:59,500.0,25.3,S
2021-07-01T10:39:37,100.0,25.35,B
2021-07-01T10:38:51,1500.0,25.3,S
2021-07-01T10:38:28,100.0,25.3,S
2021-07-01T10:38:05,1000.0,25.3,S
2021-07-01T10:38:00,200.0,25.3,S
2021-07-01T10:37:38,400.0,25.3,S
2021-07-01T10:36:53,3100.0,25.4,B
2021-07-01T10:36:53,1700.0,25.35,B
2021-07-01T10:36:52,3200.0,25.35,B
2021-07-01T10:36:48,2000.0,25.35,B
2021-07-01T10:36:45,700.0,25.3,S
2021-07-01T10:36:34,200.0,25.3,S
2021-07-01T10:35:52,100.0,25.3,S
2021-07-01T10:35:41,100.0,25.3,S
2021-07-01T10:35:06,100.0,25.3,S
2021-07-01T10:34:58,3400.0,25.3,S
2021-07-01T10:34:55,100.0,25.3,S
2021-07-01T10:34:44,100.0,25.3,S
2021-07-01T10:34:32,3000.0,25.3,S
2021-07-01T10:33:13,9600.0,25.35,S
2021-07-01T10:32:47,2000.0,25.4,B
2021-07-01T10:32:00,400.0,25.35,S
2021-07-01T10:31:51,600.0,25.35,S
2021-07-01T10:31:51,200.0,25.35,S
2021-07-01T10:31:50,100.0,25.35,S
2021-07-01T10:31:27,100.0,25.35,S
2021-07-01T10:31:21,3600.0,25.4,B
2021-07-01T10:31:21,1000.0,25.4,B
2021-07-01T10:30:32,300.0,25.35,B
2021-07-01T10:30:17,200.0,25.3,S
2021-07-01T10:29:25,3000.0,25.3,B
2021-07-01T10:29:25,3600.0,25.3,B
2021-07-01T10:28:48,1500.0,25.3,B
2021-07-01T10:28:48,4500.0,25.3,B
2021-07-01T10:28:48,200.0,25.3,B
2021-07-01T10:28:48,800.0,25.3,B
2021-07-01T10:28:01,1000.0,25.25,S
2021-07-01T10:27:41,700.0,25.25,B
2021-07-01T10:27:36,2500.0,25.2,S
2021-07-01T10:27:16,100.0,25.25,B
2021-07-01T10:26:50,1600.0,25.2,B
2021-07-01T10:26:41,900.0,25.2,B
2021-07-01T10:26:41,3000.0,25.2,B
2021-07-01T10:26:41,1500.0,25.2,B
2021-07-01T10:26:41,5000.0,25.2,B
2021-07-01T10:26:40,1100.0,25.15,B
2021-07-01T10:26:40,8500.0,25.15,B
2021-07-01T10:26:27,500.0,25.1,S
2021-07-01T10:26:12,100.0,25.1,S
2021-07-01T10:25:28,1000.0,25.1,B
2021-07-01T10:25:28,2200.0,25.1,B
2021-07-01T10:25:17,100.0,25.05,B
2021-07-01T10:24:29,200.0,25.05,B
2021-07-01T10:23:18,600.0,25.05,B
2021-07-01T10:22:18,3000.0,25.0,S
2021-07-01T10:21:33,10000.0,25.0,S
2021-07-01T10:18:09,1900.0,25.05,B
2021-07-01T10:18:06,200.0,25.05,B
2021-07-01T10:17:26,300.0,25.05,B
2021-07-01T10:12:51,1700.0,25.0,S
2021-07-01T10:12:51,5300.0,25.0,S
2021-07-01T10:12:51,1000.0,25.0,S
2021-07-01T10:12:51,2000.0,25.0,S
2021-07-01T10:11:42,500.0,25.0,S
2021-07-01T10:10:05,100.0,25.05,S
2021-07-01T10:07:36,200.0,25.0,S
2021-07-01T10:07:08,2000.0,25.0,S
2021-07-01T10:06:30,1500.0,25.1,B
2021-07-01T10:06:22,300.0,25.1,B
2021-07-01T10:05:21,100.0,25.1,B
2021-07-01T10:03:52,5000.0,25.1,B
2021-07-01T10:03:49,1000.0,25.0,S
2021-07-01T10:02:03,100.0,25.0,S
2021-07-01T10:01:43,4000.0,25.0,S
2021-07-01T10:00:00,600.0,25.05,S
2021-07-01T10:00:00,100.0,25.05,S
2021-07-01T09:58:24,500.0,25.1,B
2021-07-01T09:58:12,6000.0,25.05,S
2021-07-01T09:57:37,1000.0,25.1,B
2021-07-01T09:57:29,100.0,25.05,S
2021-07-01T09:57:29,400.0,25.05,S
2021-07-01T09:56:23,2400.0,25.1,S
2021-07-01T09:56:04,1000.0,25.1,S
2021-07-01T09:55:13,1600.0,25.1,B
2021-07-01T09:51:34,1000.0,25.1,B
2021-07-01T09:50:11,100.0,25.1,S
2021-07-01T09:49:48,800.0,25.1,S
2021-07-01T09:48:13,2000.0,25.1,S
2021-07-01T09:47:34,1000.0,25.15,B
2021-07-01T09:47:01,500.0,25.15,B
2021-07-01T09:46:16,1000.0,25.1,S
2021-07-01T09:45:00,600.0,25.1,S
2021-07-01T09:45:00,200.0,25.1,S
2021-07-01T09:45:00,100.0,25.1,S
2021-07-01T09:44:10,900.0,25.1,S
2021-07-01T09:43:47,3000.0,25.1,B
2021-07-01T09:43:47,3700.0,25.1,B
2021-07-01T09:42:40,2000.0,25.1,B
2021-07-01T09:42:29,700.0,25.1,B
2021-07-01T09:42:21,100.0,25.1,B
2021-07-01T09:41:17,200.0,25.1,B
2021-07-01T09:41:17,800.0,25.1,B
2021-07-01T09:41:17,1000.0,25.1,B
2021-07-01T09:40:27,300.0,25.1,B
2021-07-01T09:40:10,200.0,25.1,B
2021-07-01T09:39:46,100.0,25.0,S
2021-07-01T09:37:25,100.0,25.1,B
2021-07-01T09:36:45,500.0,25.1,B
2021-07-01T09:36:06,500.0,25.1,S
2021-07-01T09:36:00,200.0,25.1,S
2021-07-01T09:35:41,100.0,25.1,S
2021-07-01T09:35:40,100.0,25.1,S
2021-07-01T09:35:28,800.0,25.1,S
2021-07-01T09:34:59,400.0,25.1,S
2021-07-01T09:34:59,500.0,25.1,S
2021-07-01T09:33:57,1000.0,25.1,S
2021-07-01T09:32:45,5300.0,25.1,B
2021-07-01T09:32:26,1000.0,25.0,S
2021-07-01T09:32:18,200.0,25.05,S
2021-07-01T09:30:04,100.0,25.1,B
2021-07-01T09:30:03,100.0,25.1,B
2021-07-01T09:29:16,300.0,25.1,B
2021-07-01T09:27:32,100.0,25.1,B
2021-07-01T09:26:28,500.0,25.1,S
2021-07-01T09:23:53,2000.0,25.0,S
2021-07-01T09:23:39,100.0,25.15,B
2021-07-01T09:22:49,100.0,25.1,S
2021-07-01T09:19:54,900.0,25.1,S
2021-07-01T09:17:22,100.0,25.1,S
2021-07-01T09:16:50,2000.0,25.1,S
2021-07-01T09:16:46,400.0,25.15,B
2021-07-01T09:16:39,100.0,25.15,B
