tradingTime,volume,price,side
2021-07-01T14:29:36,500.0,57.7,B
2021-07-01T14:29:26,400.0,57.7,B
2021-07-01T14:29:24,400.0,57.7,B
2021-07-01T14:29:14,300.0,57.7,B
2021-07-01T14:29:13,400.0,57.7,B
2021-07-01T14:28:51,100.0,57.7,B
2021-07-01T14:28:43,3000.0,57.6,S
2021-07-01T14:27:58,3000.0,57.4,S
2021-07-01T14:27:23,4500.0,57.5,S
2021-07-01T14:26:41,100.0,57.6,B
2021-07-01T14:25:49,400.0,57.6,B
2021-07-01T14:24:03,2900.0,57.5,B
2021-07-01T14:23:29,200.0,57.5,B
2021-07-01T14:23:19,3400.0,57.5,S
2021-07-01T14:22:40,1700.0,57.6,S
2021-07-01T14:21:59,2000.0,57.7,B
2021-07-01T14:20:15,9000.0,57.6,S
2021-07-01T14:20:10,300.0,57.7,S
2021-07-01T14:19:27,900.0,57.7,B
2021-07-01T14:17:52,1400.0,57.7,S
2021-07-01T14:16:43,1000.0,57.7,S
2021-07-01T14:15:38,100.0,57.8,B
2021-07-01T14:13:27,200.0,57.8,B
2021-07-01T14:12:06,100.0,57.8,B
2021-07-01T14:12:01,500.0,57.7,S
2021-07-01T14:11:51,2300.0,57.7,S
2021-07-01T14:11:49,200.0,57.7,S
2021-07-01T14:11:29,100.0,57.7,B
2021-07-01T14:09:24,500.0,57.7,B
2021-07-01T14:09:14,400.0,57.7,S
2021-07-01T14:08:27,1000.0,57.7,S
2021-07-01T14:08:14,1000.0,57.7,S
2021-07-01T14:02:52,200.0,57.7,S
2021-07-01T14:02:23,200.0,57.7,B
2021-07-01T14:02:02,100.0,57.7,B
2021-07-01T14:00:08,100.0,57.7,B
2021-07-01T13:59:57,100.0,57.7,B
2021-07-01T13:59:13,500.0,57.6,S
2021-07-01T13:56:35,600.0,57.6,S
2021-07-01T13:56:10,2000.0,57.6,S
2021-07-01T13:54:35,200.0,57.7,B
2021-07-01T13:52:24,2500.0,57.7,S
2021-07-01T13:52:23,100.0,57.7,S
2021-07-01T13:50:48,300.0,57.7,S
2021-07-01T13:50:20,700.0,57.9,S
2021-07-01T13:49:30,500.0,57.7,S
2021-07-01T13:49:13,100.0,57.9,B
2021-07-01T13:49:04,4900.0,57.9,B
2021-07-01T13:48:25,1000.0,57.8,S
2021-07-01T13:48:22,100.0,57.8,S
2021-07-01T13:48:12,600.0,57.8,S
2021-07-01T13:47:53,300.0,57.8,S
2021-07-01T13:47:48,100.0,57.8,S
2021-07-01T13:47:37,100.0,57.9,B
2021-07-01T13:46:55,300.0,57.9,S
2021-07-01T13:46:46,100.0,57.9,S
2021-07-01T13:45:57,1000.0,57.9,B
2021-07-01T13:45:49,7200.0,58.0,B
2021-07-01T13:45:48,200.0,57.8,S
2021-07-01T13:45:47,8200.0,57.9,B
2021-07-01T13:45:36,4000.0,57.9,B
2021-07-01T13:45:35,200.0,57.9,B
2021-07-01T13:45:17,100.0,57.8,S
2021-07-01T13:45:05,200.0,57.8,S
2021-07-01T13:44:35,500.0,57.8,S
2021-07-01T13:43:37,400.0,57.8,S
2021-07-01T13:43:21,400.0,57.8,B
2021-07-01T13:43:04,4600.0,57.8,S
2021-07-01T13:42:36,1500.0,57.8,B
2021-07-01T13:42:11,3700.0,57.8,B
2021-07-01T13:42:11,1300.0,57.8,B
2021-07-01T13:41:41,100.0,57.7,S
2021-07-01T13:41:07,2200.0,57.7,B
2021-07-01T13:40:03,100.0,57.7,B
2021-07-01T13:39:30,1200.0,57.6,S
2021-07-01T13:38:43,200.0,57.6,B
2021-07-01T13:37:40,100.0,57.6,B
2021-07-01T13:37:40,1400.0,57.6,B
2021-07-01T13:36:51,600.0,57.6,S
2021-07-01T13:36:19,2000.0,57.6,B
2021-07-01T13:35:32,100.0,57.5,B
2021-07-01T13:35:23,300.0,57.5,B
2021-07-01T13:35:02,100.0,57.5,B
2021-07-01T13:34:30,400.0,57.5,B
2021-07-01T13:34:17,100.0,57.5,B
2021-07-01T13:33:54,300.0,57.4,S
2021-07-01T13:33:08,100.0,57.4,S
2021-07-01T13:32:27,200.0,57.4,S
2021-07-01T13:31:43,600.0,57.5,B
2021-07-01T13:31:40,500.0,57.4,S
2021-07-01T13:31:40,600.0,57.4,S
2021-07-01T13:29:56,100.0,57.5,B
2021-07-01T13:29:36,100.0,57.5,B
2021-07-01T13:29:25,10000.0,57.5,B
2021-07-01T13:29:15,2000.0,57.4,S
2021-07-01T13:27:42,100.0,57.4,S
2021-07-01T13:27:28,200.0,57.4,S
2021-07-01T13:27:04,300.0,57.4,B
2021-07-01T13:27:04,1800.0,57.4,B
2021-07-01T13:25:52,100.0,57.3,S
2021-07-01T13:25:14,1700.0,57.3,S
2021-07-01T13:23:12,600.0,57.4,B
2021-07-01T13:22:53,1500.0,57.4,B
2021-07-01T13:22:29,300.0,57.4,B
2021-07-01T13:21:57,100.0,57.3,S
2021-07-01T13:21:49,2000.0,57.3,S
2021-07-01T13:20:47,100.0,57.3,S
2021-07-01T13:19:02,500.0,57.3,S
2021-07-01T13:18:50,100.0,57.3,S
2021-07-01T13:17:49,500.0,57.3,S
2021-07-01T13:17:35,500.0,57.3,S
2021-07-01T13:17:11,1000.0,57.3,S
2021-07-01T13:15:15,500.0,57.3,S
2021-07-01T13:15:15,300.0,57.3,S
2021-07-01T13:15:15,2600.0,57.3,S
2021-07-01T13:11:49,1000.0,57.3,S
2021-07-01T13:11:49,1000.0,57.3,S
2021-07-01T13:11:17,1700.0,57.5,B
2021-07-01T13:10:48,1700.0,57.3,S
2021-07-01T13:10:48,1300.0,57.3,S
2021-07-01T13:10:46,1400.0,57.3,S
2021-07-01T13:10:44,200.0,57.4,B
2021-07-01T13:10:13,900.0,57.3,S
2021-07-01T13:10:13,200.0,57.3,S
2021-07-01T13:10:13,100.0,57.3,S
2021-07-01T13:10:13,3800.0,57.3,S
2021-07-01T13:10:01,1400.0,57.4,S
2021-07-01T13:09:54,100.0,57.5,B
2021-07-01T13:09:00,200.0,57.4,B
2021-07-01T13:08:48,100.0,57.4,B
2021-07-01T13:08:26,1000.0,57.4,B
2021-07-01T13:08:07,1000.0,57.4,B
2021-07-01T13:06:41,100.0,57.4,B
2021-07-01T13:06:23,1000.0,57.3,S
2021-07-01T13:05:56,100.0,57.4,B
2021-07-01T13:05:53,100.0,57.4,B
2021-07-01T13:05:34,100.0,57.4,B
2021-07-01T13:05:31,200.0,57.4,B
2021-07-01T13:05:15,1500.0,57.4,B
2021-07-01T13:05:14,200.0,57.4,B
2021-07-01T13:05:02,1000.0,57.4,B
2021-07-01T13:04:51,200.0,57.4,B
2021-07-01T13:04:49,100.0,57.4,B
2021-07-01T13:04:46,700.0,57.4,B
2021-07-01T13:04:44,100.0,57.4,B
2021-07-01T13:04:29,200.0,57.4,B
2021-07-01T13:04:00,200.0,57.4,B
2021-07-01T13:03:36,300.0,57.4,B
2021-07-01T13:03:32,100.0,57.4,B
2021-07-01T13:03:16,200.0,57.4,B
2021-07-01T13:02:39,2000.0,57.4,B
2021-07-01T13:01:09,300.0,57.4,B
2021-07-01T13:00:32,100.0,57.4,B
2021-07-01T13:00:26,100.0,57.4,B
2021-07-01T13:00:24,100.0,57.4,B
2021-07-01T13:00:19,1000.0,57.4,B
2021-07-01T13:00:19,500.0,57.4,B
2021-07-01T11:29:41,100.0,57.4,B
2021-07-01T11:29:26,3000.0,57.4,B
2021-07-01T11:28:53,200.0,57.4,B
2021-07-01T11:27:08,5000.0,57.4,B
2021-07-01T11:26:59,100.0,57.4,B
2021-07-01T11:25:57,100.0,57.4,B
2021-07-01T11:24:35,100.0,57.3,S
2021-07-01T11:22:54,100.0,57.3,S
2021-07-01T11:22:54,200.0,57.3,S
2021-07-01T11:22:00,300.0,57.3,S
2021-07-01T11:21:43,2600.0,57.4,S
2021-07-01T11:21:43,3800.0,57.4,S
2021-07-01T11:21:39,4000.0,57.4,S
2021-07-01T11:21:14,900.0,57.5,B
2021-07-01T11:21:03,200.0,57.5,S
2021-07-01T11:20:45,300.0,57.5,B
2021-07-01T11:20:20,700.0,57.5,S
2021-07-01T11:19:58,300.0,57.5,S
2021-07-01T11:19:56,1000.0,57.5,S
2021-07-01T11:19:50,1000.0,57.6,B
2021-07-01T11:19:50,4400.0,57.5,S
2021-07-01T11:19:50,300.0,57.5,S
2021-07-01T11:19:50,500.0,57.5,S
2021-07-01T11:19:50,2800.0,57.5,S
2021-07-01T11:18:05,100.0,57.5,S
2021-07-01T11:18:05,200.0,57.5,S
2021-07-01T11:17:36,300.0,57.5,S
2021-07-01T11:17:26,100.0,57.6,S
2021-07-01T11:17:07,300.0,57.5,S
2021-07-01T11:17:02,1000.0,57.5,S
2021-07-01T11:17:02,500.0,57.6,S
2021-07-01T11:17:01,500.0,57.6,S
2021-07-01T11:15:12,900.0,57.6,S
2021-07-01T11:14:31,300.0,57.6,S
2021-07-01T11:13:41,500.0,57.7,B
2021-07-01T11:13:32,1000.0,57.6,S
2021-07-01T11:12:30,300.0,57.6,S
2021-07-01T11:11:40,300.0,57.6,S
2021-07-01T11:11:20,300.0,57.6,S
2021-07-01T11:11:14,200.0,57.6,S
2021-07-01T11:10:56,300.0,57.6,S
2021-07-01T11:09:33,300.0,57.7,B
2021-07-01T11:08:34,500.0,57.6,B
2021-07-01T11:08:33,100.0,57.6,B
2021-07-01T11:08:19,500.0,57.6,B
2021-07-01T11:07:51,200.0,57.6,B
2021-07-01T11:04:26,6000.0,57.5,B
2021-07-01T11:04:06,500.0,57.5,B
2021-07-01T11:03:34,2000.0,57.5,B
2021-07-01T11:03:23,400.0,57.5,B
2021-07-01T11:03:08,5000.0,57.5,B
2021-07-01T11:02:52,2500.0,57.5,B
2021-07-01T11:02:41,16800.0,57.5,B
2021-07-01T11:02:20,500.0,57.4,S
2021-07-01T11:00:28,600.0,57.4,S
2021-07-01T10:58:05,100.0,57.4,S
2021-07-01T10:57:47,200.0,57.5,B
2021-07-01T10:57:41,300.0,57.4,S
2021-07-01T10:57:41,300.0,57.4,S
2021-07-01T10:57:30,1900.0,57.4,S
2021-07-01T10:57:23,1200.0,57.4,S
2021-07-01T10:57:03,300.0,57.4,S
2021-07-01T10:56:37,300.0,57.4,S
2021-07-01T10:56:07,1000.0,57.5,B
2021-07-01T10:55:50,1000.0,57.5,B
2021-07-01T10:55:41,300.0,57.5,B
2021-07-01T10:53:26,3000.0,57.5,B
2021-07-01T10:53:10,600.0,57.5,B
2021-07-01T10:51:44,100.0,57.5,B
2021-07-01T10:49:26,100.0,57.4,S
2021-07-01T10:49:24,2000.0,57.4,S
2021-07-01T10:47:10,800.0,57.4,S
2021-07-01T10:47:10,100.0,57.4,S
2021-07-01T10:47:10,100.0,57.4,S
2021-07-01T10:46:48,1000.0,57.5,B
2021-07-01T10:46:30,100.0,57.5,B
2021-07-01T10:46:20,900.0,57.5,B
2021-07-01T10:45:28,1000.0,57.5,B
2021-07-01T10:44:40,400.0,57.5,S
2021-07-01T10:44:10,200.0,57.5,S
2021-07-01T10:44:07,1500.0,57.5,S
2021-07-01T10:44:07,1500.0,57.5,S
2021-07-01T10:42:57,600.0,57.5,S
2021-07-01T10:42:55,900.0,57.5,S
2021-07-01T10:42:53,1000.0,57.5,S
2021-07-01T10:42:53,1100.0,57.5,S
2021-07-01T10:42:07,2000.0,57.5,S
2021-07-01T10:41:48,100.0,57.5,S
2021-07-01T10:41:11,1300.0,57.5,S
2021-07-01T10:41:11,700.0,57.5,S
2021-07-01T10:41:11,1000.0,57.5,S
2021-07-01T10:38:48,300.0,57.6,S
2021-07-01T10:37:31,100.0,57.6,S
2021-07-01T10:36:42,600.0,57.6,S
2021-07-01T10:33:47,400.0,57.5,S
2021-07-01T10:32:21,400.0,57.5,S
2021-07-01T10:31:41,100.0,57.7,B
2021-07-01T10:31:38,200.0,57.6,S
2021-07-01T10:31:38,200.0,57.6,S
2021-07-01T10:30:40,400.0,57.6,S
2021-07-01T10:30:11,200.0,57.6,S
2021-07-01T10:29:33,300.0,57.6,B
2021-07-01T10:28:53,100.0,57.6,S
2021-07-01T10:28:27,200.0,57.6,S
2021-07-01T10:28:10,400.0,57.6,S
2021-07-01T10:28:09,300.0,57.7,B
2021-07-01T10:27:59,400.0,57.6,S
2021-07-01T10:27:51,100.0,57.6,S
2021-07-01T10:27:38,100.0,57.6,S
2021-07-01T10:27:30,300.0,57.7,B
2021-07-01T10:27:15,100.0,57.6,S
2021-07-01T10:25:42,400.0,57.7,S
2021-07-01T10:24:47,400.0,57.7,S
2021-07-01T10:23:16,800.0,57.7,B
2021-07-01T10:22:17,100.0,57.7,B
2021-07-01T10:19:46,100.0,57.5,S
2021-07-01T10:18:52,1000.0,57.5,S
2021-07-01T10:18:47,500.0,57.7,B
2021-07-01T10:18:43,400.0,57.5,S
2021-07-01T10:12:46,300.0,57.5,S
2021-07-01T10:12:43,1200.0,57.5,S
2021-07-01T10:12:36,3000.0,57.6,S
2021-07-01T10:12:12,600.0,57.8,B
2021-07-01T10:11:07,1500.0,57.6,B
2021-07-01T10:10:46,5500.0,57.6,B
2021-07-01T10:10:09,1400.0,57.5,S
2021-07-01T10:10:09,200.0,57.5,S
2021-07-01T10:10:08,3400.0,57.5,S
2021-07-01T10:08:58,200.0,57.6,S
2021-07-01T10:08:45,300.0,57.6,S
2021-07-01T10:07:41,2000.0,57.6,S
2021-07-01T10:07:38,600.0,57.8,S
2021-07-01T10:06:53,1200.0,57.8,S
2021-07-01T10:06:48,1000.0,57.6,S
2021-07-01T10:06:33,400.0,57.8,S
2021-07-01T10:06:14,300.0,57.6,S
2021-07-01T10:06:08,3300.0,57.9,B
2021-07-01T10:05:53,200.0,57.7,B
2021-07-01T10:04:33,2800.0,57.7,B
2021-07-01T10:04:07,100.0,57.7,B
2021-07-01T10:03:53,1000.0,57.6,S
2021-07-01T10:02:38,2000.0,57.6,S
2021-07-01T10:02:15,200.0,57.6,S
2021-07-01T10:02:05,100.0,57.6,S
2021-07-01T10:01:39,1200.0,57.6,S
2021-07-01T10:00:50,100.0,57.6,S
2021-07-01T10:00:31,400.0,57.6,S
2021-07-01T09:59:43,1200.0,57.6,S
2021-07-01T09:59:09,500.0,57.6,S
2021-07-01T09:58:04,1200.0,57.6,S
2021-07-01T09:57:03,200.0,57.6,S
2021-07-01T09:57:02,200.0,57.6,S
2021-07-01T09:56:42,1200.0,57.6,S
2021-07-01T09:56:20,100.0,57.7,B
2021-07-01T09:55:06,2800.0,57.7,S
2021-07-01T09:55:02,100.0,57.9,B
2021-07-01T09:55:02,1200.0,57.8,B
2021-07-01T09:54:51,1000.0,57.8,B
2021-07-01T09:54:43,1500.0,57.8,B
2021-07-01T09:54:42,200.0,57.8,B
2021-07-01T09:53:59,2700.0,57.8,S
2021-07-01T09:53:34,300.0,57.8,S
2021-07-01T09:53:24,200.0,57.9,B
2021-07-01T09:53:10,100.0,57.8,S
2021-07-01T09:52:47,100.0,57.8,S
2021-07-01T09:52:42,300.0,57.8,S
2021-07-01T09:52:02,1000.0,57.8,S
2021-07-01T09:51:18,300.0,57.8,S
2021-07-01T09:50:37,1200.0,57.9,S
2021-07-01T09:50:26,1000.0,57.9,S
2021-07-01T09:50:13,100.0,57.9,S
2021-07-01T09:50:06,300.0,57.9,S
2021-07-01T09:50:05,200.0,57.9,S
2021-07-01T09:49:09,300.0,57.9,S
2021-07-01T09:49:01,2000.0,58.0,B
2021-07-01T09:48:36,300.0,57.9,S
2021-07-01T09:48:12,500.0,57.9,S
2021-07-01T09:46:15,1000.0,57.9,S
2021-07-01T09:45:54,500.0,57.9,B
2021-07-01T09:45:36,700.0,57.9,B
2021-07-01T09:45:36,400.0,57.9,B
2021-07-01T09:45:31,100.0,57.9,B
2021-07-01T09:44:48,900.0,57.9,S
2021-07-01T09:44:47,700.0,57.9,S
2021-07-01T09:44:39,300.0,57.9,S
2021-07-01T09:44:27,1200.0,57.9,S
2021-07-01T09:44:19,400.0,57.9,S
2021-07-01T09:44:15,300.0,58.0,B
2021-07-01T09:44:01,300.0,57.9,S
2021-07-01T09:43:31,1200.0,57.9,S
2021-07-01T09:43:11,100.0,58.0,S
2021-07-01T09:42:40,400.0,57.9,S
2021-07-01T09:42:09,1200.0,57.9,S
2021-07-01T09:42:02,100.0,58.3,B
2021-07-01T09:41:43,500.0,58.3,B
2021-07-01T09:41:43,200.0,58.3,B
2021-07-01T09:41:34,400.0,58.3,B
2021-07-01T09:41:34,800.0,58.3,B
2021-07-01T09:41:16,100.0,57.9,S
2021-07-01T09:40:11,900.0,58.4,B
2021-07-01T09:40:11,800.0,58.3,B
2021-07-01T09:40:11,3300.0,58.2,B
2021-07-01T09:39:35,800.0,58.0,B
2021-07-01T09:39:35,800.0,58.0,B
2021-07-01T09:39:35,1000.0,58.0,B
2021-07-01T09:39:35,2400.0,58.0,B
2021-07-01T09:38:29,4800.0,57.8,B
2021-07-01T09:38:29,800.0,57.8,B
2021-07-01T09:38:29,10200.0,57.8,B
2021-07-01T09:38:28,2800.0,57.7,B
2021-07-01T09:38:19,1900.0,57.7,B
2021-07-01T09:37:57,1200.0,57.7,B
2021-07-01T09:37:19,600.0,57.7,B
2021-07-01T09:36:10,1500.0,57.7,B
2021-07-01T09:35:03,600.0,57.6,B
2021-07-01T09:33:16,1100.0,57.5,S
2021-07-01T09:32:20,2000.0,57.5,S
2021-07-01T09:31:53,1100.0,57.5,S
2021-07-01T09:31:27,100.0,57.5,S
2021-07-01T09:31:19,500.0,57.5,S
2021-07-01T09:30:39,5000.0,57.5,S
2021-07-01T09:30:26,900.0,57.6,B
2021-07-01T09:30:26,100.0,57.6,B
2021-07-01T09:30:10,1000.0,57.6,B
2021-07-01T09:29:20,1500.0,57.6,B
2021-07-01T09:27:41,400.0,57.6,B
2021-07-01T09:27:27,200.0,57.6,S
2021-07-01T09:27:26,100.0,57.6,S
2021-07-01T09:26:12,400.0,57.6,S
2021-07-01T09:25:43,800.0,57.7,S
2021-07-01T09:25:40,200.0,57.7,S
2021-07-01T09:25:06,1000.0,57.8,B
2021-07-01T09:23:13,5000.0,57.8,S
2021-07-01T09:23:10,3900.0,57.8,S
2021-07-01T09:23:02,400.0,57.8,S
2021-07-01T09:22:52,400.0,57.8,S
2021-07-01T09:22:39,300.0,57.8,S
2021-07-01T09:22:21,400.0,57.8,B
2021-07-01T09:22:18,500.0,57.8,B
2021-07-01T09:22:14,200.0,57.8,B
2021-07-01T09:22:14,200.0,57.8,B
2021-07-01T09:22:02,400.0,57.8,B
2021-07-01T09:21:53,400.0,57.8,B
2021-07-01T09:21:44,400.0,57.8,B
2021-07-01T09:21:29,400.0,57.8,B
2021-07-01T09:21:23,400.0,57.8,B
2021-07-01T09:21:23,400.0,57.8,B
2021-07-01T09:21:23,1200.0,57.7,S
2021-07-01T09:21:23,500.0,57.7,S
2021-07-01T09:20:41,1000.0,57.8,B
2021-07-01T09:20:28,1100.0,57.5,S
2021-07-01T09:20:28,1500.0,57.6,S
2021-07-01T09:20:27,1200.0,57.7,S
2021-07-01T09:20:10,400.0,57.7,S
2021-07-01T09:19:44,200.0,57.7,S
2021-07-01T09:19:44,1000.0,57.7,S
2021-07-01T09:19:07,1000.0,57.7,B
2021-07-01T09:16:32,100.0,57.6,B
2021-07-01T09:15:50,100.0,57.5,S
