tradingTime,volume,price,side
2021-07-01T14:29:58,2000.0,11.8,B
2021-07-01T14:29:54,5000.0,11.8,B
2021-07-01T14:29:43,30000.0,11.8,B
2021-07-01T14:29:34,400.0,11.8,B
2021-07-01T14:29:22,5000.0,11.8,B
2021-07-01T14:29:18,500.0,11.8,B
2021-07-01T14:29:13,55000.0,11.75,S
2021-07-01T14:28:53,700.0,11.8,B
2021-07-01T14:28:53,5000.0,11.75,S
2021-07-01T14:28:27,10000.0,11.75,S
2021-07-01T14:28:25,100.0,11.8,B
2021-07-01T14:28:23,500.0,11.8,B
2021-07-01T14:28:22,5000.0,11.8,B
2021-07-01T14:28:15,1000.0,11.8,B
2021-07-01T14:28:01,1000.0,11.8,B
2021-07-01T14:27:53,10000.0,11.8,B
2021-07-01T14:27:48,1000.0,11.8,B
2021-07-01T14:27:37,8200.0,11.8,S
2021-07-01T14:27:32,2300.0,11.8,B
2021-07-01T14:27:23,2100.0,11.8,B
2021-07-01T14:27:19,500.0,11.8,B
2021-07-01T14:27:18,200.0,11.8,B
2021-07-01T14:27:10,1000.0,11.8,B
2021-07-01T14:27:01,400.0,11.8,S
2021-07-01T14:26:54,1000.0,11.85,B
2021-07-01T14:26:51,4200.0,11.8,S
2021-07-01T14:26:48,200.0,11.8,S
2021-07-01T14:26:45,100.0,11.8,S
2021-07-01T14:26:41,5000.0,11.8,S
2021-07-01T14:26:19,1000.0,11.8,S
2021-07-01T14:26:00,200.0,11.8,S
2021-07-01T14:26:00,2000.0,11.8,S
2021-07-01T14:25:57,300.0,11.8,S
2021-07-01T14:25:56,2500.0,11.8,S
2021-07-01T14:25:41,500.0,11.8,S
2021-07-01T14:25:31,900.0,11.8,S
2021-07-01T14:25:16,900.0,11.8,B
2021-07-01T14:25:02,1000.0,11.8,S
2021-07-01T14:24:57,500.0,11.8,S
2021-07-01T14:24:57,1600.0,11.8,S
2021-07-01T14:24:48,28800.0,11.8,B
2021-07-01T14:24:47,5000.0,11.8,B
2021-07-01T14:24:46,2000.0,11.8,B
2021-07-01T14:24:42,2500.0,11.8,B
2021-07-01T14:24:39,300.0,11.8,B
2021-07-01T14:24:38,200.0,11.8,B
2021-07-01T14:24:37,500.0,11.8,B
2021-07-01T14:24:34,200.0,11.8,B
2021-07-01T14:24:29,100.0,11.8,B
2021-07-01T14:24:25,1000.0,11.8,B
2021-07-01T14:24:20,300.0,11.8,B
2021-07-01T14:24:14,100.0,11.8,B
2021-07-01T14:23:58,400.0,11.8,B
2021-07-01T14:23:53,100.0,11.8,B
2021-07-01T14:23:52,500.0,11.8,B
2021-07-01T14:23:50,500.0,11.8,B
2021-07-01T14:23:46,1000.0,11.8,B
2021-07-01T14:23:44,1000.0,11.8,B
2021-07-01T14:23:42,100.0,11.8,B
2021-07-01T14:23:36,2000.0,11.8,B
2021-07-01T14:23:26,10000.0,11.8,B
2021-07-01T14:23:16,100.0,11.8,B
2021-07-01T14:22:57,500.0,11.8,B
2021-07-01T14:22:56,500.0,11.8,B
2021-07-01T14:22:54,200.0,11.8,B
2021-07-01T14:22:52,500.0,11.8,B
2021-07-01T14:22:51,500.0,11.8,B
2021-07-01T14:22:49,300.0,11.8,S
2021-07-01T14:22:46,400.0,11.8,S
2021-07-01T14:22:46,1000.0,11.8,S
2021-07-01T14:22:46,10400.0,11.8,S
2021-07-01T14:22:42,500.0,11.85,B
2021-07-01T14:22:40,500.0,11.85,B
2021-07-01T14:22:38,500.0,11.85,B
2021-07-01T14:22:36,500.0,11.85,B
2021-07-01T14:22:35,500.0,11.85,B
2021-07-01T14:22:32,500.0,11.85,B
2021-07-01T14:22:31,500.0,11.85,B
2021-07-01T14:22:30,300.0,11.85,B
2021-07-01T14:22:29,200.0,11.85,B
2021-07-01T14:22:28,500.0,11.85,B
2021-07-01T14:22:27,500.0,11.85,B
2021-07-01T14:22:26,24900.0,11.8,S
2021-07-01T14:22:25,500.0,11.85,B
2021-07-01T14:22:24,500.0,11.85,B
2021-07-01T14:22:22,500.0,11.85,B
2021-07-01T14:22:20,500.0,11.85,B
2021-07-01T14:22:19,500.0,11.85,B
2021-07-01T14:22:17,500.0,11.85,B
2021-07-01T14:22:17,10600.0,11.8,S
2021-07-01T14:22:17,800.0,11.8,S
2021-07-01T14:22:17,18600.0,11.8,S
2021-07-01T14:22:16,500.0,11.85,B
2021-07-01T14:22:12,500.0,11.85,B
2021-07-01T14:22:11,500.0,11.85,B
2021-07-01T14:21:55,500.0,11.85,B
2021-07-01T14:21:51,15000.0,11.8,S
2021-07-01T14:21:26,14000.0,11.8,S
2021-07-01T14:21:18,5000.0,11.85,B
2021-07-01T14:21:13,10000.0,11.85,B
2021-07-01T14:21:11,1000.0,11.85,B
2021-07-01T14:21:05,1700.0,11.85,B
2021-07-01T14:21:03,500.0,11.85,B
2021-07-01T14:21:02,500.0,11.85,B
2021-07-01T14:20:55,500.0,11.85,B
2021-07-01T14:20:46,10000.0,11.85,B
2021-07-01T14:20:40,500.0,11.85,B
2021-07-01T14:20:28,30000.0,11.8,S
2021-07-01T14:20:26,300.0,11.85,B
2021-07-01T14:20:16,700.0,11.85,B
2021-07-01T14:20:13,1000.0,11.85,B
2021-07-01T14:20:12,5000.0,11.85,B
2021-07-01T14:20:08,500.0,11.85,B
2021-07-01T14:20:07,12500.0,11.85,B
2021-07-01T14:20:05,500.0,11.85,B
2021-07-01T14:20:02,500.0,11.85,B
2021-07-01T14:19:58,10000.0,11.85,B
2021-07-01T14:19:41,300.0,11.85,B
2021-07-01T14:19:36,500.0,11.85,B
2021-07-01T14:19:32,200.0,11.85,B
2021-07-01T14:19:32,500.0,11.85,B
2021-07-01T14:19:30,500.0,11.85,B
2021-07-01T14:19:29,500.0,11.85,B
2021-07-01T14:19:28,100.0,11.85,B
2021-07-01T14:19:27,500.0,11.85,B
2021-07-01T14:19:23,500.0,11.85,B
2021-07-01T14:19:22,500.0,11.85,B
2021-07-01T14:19:21,500.0,11.85,B
2021-07-01T14:19:20,500.0,11.85,B
2021-07-01T14:19:19,500.0,11.85,B
2021-07-01T14:19:16,500.0,11.85,B
2021-07-01T14:19:15,500.0,11.85,B
2021-07-01T14:19:05,300.0,11.85,B
2021-07-01T14:19:02,500.0,11.85,B
2021-07-01T14:19:00,45000.0,11.8,S
2021-07-01T14:18:38,500.0,11.85,B
2021-07-01T14:18:32,1700.0,11.8,S
2021-07-01T14:18:25,500.0,11.85,B
2021-07-01T14:18:23,500.0,11.85,B
2021-07-01T14:18:22,500.0,11.85,B
2021-07-01T14:18:08,500.0,11.85,B
2021-07-01T14:18:06,500.0,11.85,B
2021-07-01T14:18:05,500.0,11.85,B
2021-07-01T14:18:03,500.0,11.85,B
2021-07-01T14:18:03,1000.0,11.85,B
2021-07-01T14:18:01,500.0,11.85,B
2021-07-01T14:17:43,1000.0,11.85,B
2021-07-01T14:17:36,500.0,11.85,B
2021-07-01T14:17:32,500.0,11.85,B
2021-07-01T14:17:28,1000.0,11.85,B
2021-07-01T14:17:26,1000.0,11.85,B
2021-07-01T14:17:25,30000.0,11.8,S
2021-07-01T14:17:06,6000.0,11.85,B
2021-07-01T14:17:05,1600.0,11.8,S
2021-07-01T14:17:05,5800.0,11.8,S
2021-07-01T14:17:05,600.0,11.8,S
2021-07-01T14:17:05,8900.0,11.8,S
2021-07-01T14:17:05,3100.0,11.8,S
2021-07-01T14:17:03,300.0,11.85,B
2021-07-01T14:17:02,50000.0,11.85,B
2021-07-01T14:17:00,1500.0,11.8,S
2021-07-01T14:16:45,100.0,11.85,B
2021-07-01T14:16:14,600.0,11.85,B
2021-07-01T14:16:08,500.0,11.85,B
2021-07-01T14:16:06,20000.0,11.8,S
2021-07-01T14:16:02,1000.0,11.85,B
2021-07-01T14:15:59,1000.0,11.85,B
2021-07-01T14:15:57,1000.0,11.85,B
2021-07-01T14:15:55,500.0,11.85,B
2021-07-01T14:15:53,500.0,11.85,B
2021-07-01T14:15:52,500.0,11.85,B
2021-07-01T14:15:46,500.0,11.85,B
2021-07-01T14:15:42,500.0,11.85,B
2021-07-01T14:15:36,1000.0,11.8,S
2021-07-01T14:15:33,300.0,11.8,S
2021-07-01T14:15:33,3700.0,11.8,S
2021-07-01T14:14:35,1000.0,11.8,S
2021-07-01T14:14:29,2600.0,11.8,S
2021-07-01T14:14:25,200.0,11.8,S
2021-07-01T14:14:20,400.0,11.85,B
2021-07-01T14:14:12,5000.0,11.85,B
2021-07-01T14:13:56,100.0,11.85,B
2021-07-01T14:13:33,900.0,11.85,B
2021-07-01T14:13:25,20000.0,11.8,S
2021-07-01T14:13:22,100.0,11.85,B
2021-07-01T14:13:18,700.0,11.85,B
2021-07-01T14:13:17,1000.0,11.85,B
2021-07-01T14:13:15,300.0,11.85,B
2021-07-01T14:13:07,100.0,11.85,B
2021-07-01T14:13:02,300.0,11.85,B
2021-07-01T14:13:01,500.0,11.85,B
2021-07-01T14:12:54,100.0,11.85,B
2021-07-01T14:12:41,1100.0,11.85,B
2021-07-01T14:12:37,500.0,11.85,B
2021-07-01T14:12:27,1100.0,11.85,S
2021-07-01T14:12:25,1200.0,11.85,S
2021-07-01T14:12:25,10100.0,11.85,S
2021-07-01T14:12:25,10200.0,11.85,S
2021-07-01T14:12:25,4800.0,11.85,S
2021-07-01T14:12:25,7600.0,11.85,S
2021-07-01T14:12:16,900.0,11.85,S
2021-07-01T14:11:43,1000.0,11.85,S
2021-07-01T14:11:04,5000.0,11.85,S
2021-07-01T14:10:49,500.0,11.9,B
2021-07-01T14:10:34,200.0,11.85,S
2021-07-01T14:10:28,5000.0,11.8,S
2021-07-01T14:10:15,200.0,11.9,B
2021-07-01T14:09:31,100.0,11.9,B
2021-07-01T14:09:28,200.0,11.85,S
2021-07-01T14:09:26,3600.0,11.85,S
2021-07-01T14:09:18,500.0,11.85,S
2021-07-01T14:09:11,13900.0,11.85,B
2021-07-01T14:09:11,11900.0,11.85,B
2021-07-01T14:09:11,1400.0,11.85,B
2021-07-01T14:08:56,1000.0,11.85,B
2021-07-01T14:08:50,1000.0,11.85,B
2021-07-01T14:08:38,1000.0,11.85,B
2021-07-01T14:08:37,1300.0,11.85,B
2021-07-01T14:08:18,1000.0,11.85,B
2021-07-01T14:08:16,100.0,11.85,B
2021-07-01T14:08:16,5000.0,11.85,B
2021-07-01T14:08:11,3000.0,11.85,S
2021-07-01T14:08:08,13300.0,11.85,S
2021-07-01T14:07:57,1900.0,11.85,S
2021-07-01T14:07:51,1000.0,11.85,S
2021-07-01T14:07:51,8600.0,11.85,S
2021-07-01T14:07:31,21600.0,11.85,B
2021-07-01T14:07:28,300.0,11.85,B
2021-07-01T14:07:25,8600.0,11.85,B
2021-07-01T14:07:09,100.0,11.85,B
2021-07-01T14:07:08,1000.0,11.85,B
2021-07-01T14:06:50,100.0,11.85,B
2021-07-01T14:06:42,2000.0,11.85,B
2021-07-01T14:06:40,700.0,11.85,B
2021-07-01T14:06:36,500.0,11.85,B
2021-07-01T14:06:36,5000.0,11.85,B
2021-07-01T14:06:32,1000.0,11.8,S
2021-07-01T14:06:28,2000.0,11.85,B
2021-07-01T14:06:26,15300.0,11.85,B
2021-07-01T14:06:26,5000.0,11.85,B
2021-07-01T14:06:26,2000.0,11.85,B
2021-07-01T14:06:26,300.0,11.85,B
2021-07-01T14:06:24,7400.0,11.85,B
2021-07-01T14:06:07,500.0,11.85,B
2021-07-01T14:06:06,700.0,11.85,B
2021-07-01T14:05:31,500.0,11.85,B
2021-07-01T14:05:22,5000.0,11.8,S
2021-07-01T14:05:16,1000.0,11.8,S
2021-07-01T14:04:43,3000.0,11.8,B
2021-07-01T14:04:34,2000.0,11.8,B
2021-07-01T14:04:33,500.0,11.8,B
2021-07-01T14:04:18,10000.0,11.8,B
2021-07-01T14:04:16,3800.0,11.8,B
2021-07-01T14:04:16,100.0,11.8,B
2021-07-01T14:04:11,20000.0,11.75,S
2021-07-01T14:04:05,5000.0,11.75,S
2021-07-01T14:04:02,5000.0,11.8,B
2021-07-01T14:04:01,100000.0,11.8,B
2021-07-01T14:03:33,20200.0,11.75,S
2021-07-01T14:03:33,1000.0,11.75,S
2021-07-01T14:03:33,2000.0,11.75,S
2021-07-01T14:03:33,12800.0,11.75,S
2021-07-01T14:03:31,2000.0,11.8,B
2021-07-01T14:03:25,1000.0,11.8,B
2021-07-01T14:03:06,3000.0,11.8,B
2021-07-01T14:03:02,3000.0,11.8,B
2021-07-01T14:03:00,600.0,11.8,B
2021-07-01T14:02:54,4000.0,11.75,S
2021-07-01T14:02:41,1000.0,11.8,B
2021-07-01T14:01:55,7300.0,11.75,S
2021-07-01T14:01:22,2900.0,11.75,S
2021-07-01T14:01:16,200.0,11.8,B
2021-07-01T14:01:15,100.0,11.75,S
2021-07-01T14:01:11,2000.0,11.8,B
2021-07-01T14:01:07,1000.0,11.8,B
2021-07-01T14:00:38,500.0,11.8,B
2021-07-01T14:00:30,500.0,11.8,B
2021-07-01T14:00:24,200.0,11.8,B
2021-07-01T14:00:14,300.0,11.8,B
2021-07-01T14:00:12,500.0,11.8,B
2021-07-01T14:00:08,900.0,11.75,S
2021-07-01T14:00:08,300.0,11.75,S
2021-07-01T14:00:08,4100.0,11.75,S
2021-07-01T14:00:06,3300.0,11.8,B
2021-07-01T14:00:06,6700.0,11.8,B
2021-07-01T13:59:59,5000.0,11.75,S
2021-07-01T13:59:52,200.0,11.8,B
2021-07-01T13:59:51,5300.0,11.8,B
2021-07-01T13:59:40,200.0,11.8,B
2021-07-01T13:59:39,100.0,11.8,B
2021-07-01T13:59:27,10000.0,11.8,B
2021-07-01T13:59:19,5000.0,11.8,B
2021-07-01T13:59:16,1000.0,11.8,B
2021-07-01T13:59:13,200.0,11.8,B
2021-07-01T13:58:57,10000.0,11.8,B
2021-07-01T13:58:52,15000.0,11.8,B
2021-07-01T13:58:32,500.0,11.75,S
2021-07-01T13:58:32,500.0,11.8,B
2021-07-01T13:58:19,6000.0,11.8,B
2021-07-01T13:58:10,300.0,11.75,S
2021-07-01T13:58:04,1000.0,11.75,S
2021-07-01T13:57:37,500.0,11.8,B
2021-07-01T13:57:30,100.0,11.8,B
2021-07-01T13:57:17,200.0,11.8,B
2021-07-01T13:57:08,200.0,11.8,B
2021-07-01T13:56:53,5800.0,11.8,S
2021-07-01T13:56:52,5000.0,11.8,S
2021-07-01T13:56:44,700.0,11.85,B
2021-07-01T13:56:43,500.0,11.85,B
2021-07-01T13:56:38,1100.0,11.8,S
2021-07-01T13:56:38,10000.0,11.8,S
2021-07-01T13:56:38,8200.0,11.8,S
2021-07-01T13:56:38,1800.0,11.8,S
2021-07-01T13:56:38,5500.0,11.8,S
2021-07-01T13:56:38,300.0,11.8,S
2021-07-01T13:56:38,6900.0,11.8,S
2021-07-01T13:56:38,800.0,11.8,S
2021-07-01T13:56:38,200.0,11.8,S
2021-07-01T13:56:38,2000.0,11.8,S
2021-07-01T13:56:38,10200.0,11.8,S
2021-07-01T13:56:38,4900.0,11.8,S
2021-07-01T13:56:38,100.0,11.8,S
2021-07-01T13:56:38,9000.0,11.8,S
2021-07-01T13:56:38,3500.0,11.8,S
2021-07-01T13:56:38,1000.0,11.8,S
2021-07-01T13:56:38,600.0,11.8,S
2021-07-01T13:56:37,1100.0,11.8,S
2021-07-01T13:56:37,1200.0,11.8,S
2021-07-01T13:56:37,1100.0,11.8,S
2021-07-01T13:56:37,5300.0,11.8,S
2021-07-01T13:56:37,2200.0,11.8,S
2021-07-01T13:56:37,1000.0,11.8,S
2021-07-01T13:56:37,8000.0,11.8,S
2021-07-01T13:56:37,200.0,11.8,S
2021-07-01T13:56:37,2100.0,11.8,S
2021-07-01T13:56:37,600.0,11.8,S
2021-07-01T13:56:37,11100.0,11.8,S
2021-07-01T13:56:27,1300.0,11.85,B
2021-07-01T13:56:20,5200.0,11.8,S
2021-07-01T13:56:17,1100.0,11.8,S
2021-07-01T13:56:17,3900.0,11.8,S
2021-07-01T13:55:58,200.0,11.85,B
2021-07-01T13:55:24,100.0,11.85,B
2021-07-01T13:55:18,300.0,11.8,S
2021-07-01T13:55:10,112500.0,11.85,S
2021-07-01T13:55:10,8700.0,11.85,S
2021-07-01T13:55:10,2000.0,11.85,S
2021-07-01T13:55:10,4400.0,11.85,S
2021-07-01T13:55:10,2000.0,11.85,S
2021-07-01T13:55:01,100.0,11.85,S
2021-07-01T13:54:56,1800.0,11.85,S
2021-07-01T13:54:56,600.0,11.85,S
2021-07-01T13:54:56,6700.0,11.85,S
2021-07-01T13:54:37,100.0,11.9,B
2021-07-01T13:54:31,2000.0,11.9,B
2021-07-01T13:54:22,800.0,11.9,B
2021-07-01T13:54:18,2200.0,11.9,B
2021-07-01T13:54:16,1000.0,11.9,S
2021-07-01T13:54:11,4600.0,11.9,S
2021-07-01T13:54:11,2200.0,11.9,S
2021-07-01T13:54:11,16600.0,11.9,S
2021-07-01T13:54:11,800.0,11.9,S
2021-07-01T13:54:11,9800.0,11.9,S
2021-07-01T13:54:11,5200.0,11.9,S
2021-07-01T13:54:11,2100.0,11.9,S
2021-07-01T13:54:11,2900.0,11.9,S
2021-07-01T13:54:11,600.0,11.9,S
2021-07-01T13:54:11,6000.0,11.9,S
2021-07-01T13:54:11,1700.0,11.9,S
2021-07-01T13:54:11,800.0,11.9,S
2021-07-01T13:54:11,1000.0,11.9,S
2021-07-01T13:54:11,50000.0,11.9,S
2021-07-01T13:54:11,1000.0,11.9,S
2021-07-01T13:54:11,2000.0,11.9,S
2021-07-01T13:54:11,23000.0,11.9,S
2021-07-01T13:54:11,800.0,11.9,S
2021-07-01T13:54:11,4800.0,11.9,S
2021-07-01T13:54:11,600.0,11.9,S
2021-07-01T13:54:11,66100.0,11.9,S
2021-07-01T13:54:03,33000.0,11.9,S
2021-07-01T13:53:58,165000.0,11.9,S
2021-07-01T13:53:46,67100.0,11.9,S
2021-07-01T13:53:46,23500.0,11.9,S
2021-07-01T13:53:46,3000.0,11.9,S
2021-07-01T13:53:46,6400.0,11.9,S
2021-07-01T13:53:32,11000.0,11.9,S
2021-07-01T13:53:21,200.0,11.95,B
2021-07-01T13:53:06,5000.0,11.9,S
2021-07-01T13:52:51,2400.0,11.95,B
2021-07-01T13:52:43,10000.0,11.9,S
2021-07-01T13:52:36,200.0,11.95,B
2021-07-01T13:52:14,2000.0,11.9,S
2021-07-01T13:52:14,10000.0,11.95,B
2021-07-01T13:51:40,2000.0,11.95,B
2021-07-01T13:51:07,10000.0,11.95,B
2021-07-01T13:50:54,10000.0,11.95,B
2021-07-01T13:50:13,20000.0,11.95,B
2021-07-01T13:50:13,1000.0,11.95,B
2021-07-01T13:50:03,100.0,11.95,B
2021-07-01T13:50:00,1000.0,11.9,S
2021-07-01T13:49:57,300.0,11.95,B
2021-07-01T13:49:54,300.0,11.95,B
2021-07-01T13:49:44,44000.0,11.95,B
2021-07-01T13:49:41,500.0,11.9,S
2021-07-01T13:48:57,11900.0,11.95,B
2021-07-01T13:48:27,1000.0,11.95,B
2021-07-01T13:48:27,10000.0,11.95,B
2021-07-01T13:48:26,9900.0,11.95,B
2021-07-01T13:48:19,400.0,11.95,B
2021-07-01T13:48:12,10000.0,11.95,B
2021-07-01T13:48:12,100.0,11.95,B
2021-07-01T13:48:06,500.0,11.95,B
2021-07-01T13:48:01,10000.0,11.95,B
2021-07-01T13:47:49,200.0,11.95,B
2021-07-01T13:47:13,4200.0,12.0,B
2021-07-01T13:47:00,100.0,11.95,S
2021-07-01T13:46:51,5900.0,11.95,S
2021-07-01T13:46:38,500.0,11.95,S
2021-07-01T13:46:26,20000.0,11.95,S
2021-07-01T13:46:17,500.0,11.95,S
2021-07-01T13:46:10,5000.0,11.95,S
2021-07-01T13:45:57,300.0,11.95,S
2021-07-01T13:45:50,20000.0,11.95,S
2021-07-01T13:45:42,600.0,11.95,S
2021-07-01T13:45:41,6200.0,11.95,S
2021-07-01T13:45:16,11200.0,11.95,S
2021-07-01T13:45:16,18800.0,11.95,S
2021-07-01T13:45:01,300.0,11.95,S
2021-07-01T13:44:39,500.0,11.95,S
2021-07-01T13:44:36,9000.0,11.95,S
2021-07-01T13:44:32,100.0,11.95,S
2021-07-01T13:43:39,400.0,11.95,S
2021-07-01T13:43:14,22500.0,11.95,S
2021-07-01T13:43:14,1200.0,11.95,S
2021-07-01T13:43:14,6300.0,11.95,S
2021-07-01T13:43:11,1200.0,11.95,S
2021-07-01T13:42:34,200.0,11.95,S
2021-07-01T13:41:53,1000.0,11.95,S
2021-07-01T13:41:36,600.0,12.0,B
2021-07-01T13:41:19,100.0,11.95,S
2021-07-01T13:41:05,2000.0,11.95,S
2021-07-01T13:40:58,5000.0,12.0,B
2021-07-01T13:40:58,41000.0,11.95,S
2021-07-01T13:40:39,1000.0,12.0,B
2021-07-01T13:40:28,2400.0,12.0,B
2021-07-01T13:40:17,11100.0,12.0,B
2021-07-01T13:40:17,1000.0,11.95,S
2021-07-01T13:40:15,500.0,11.95,S
2021-07-01T13:40:14,1000.0,11.95,S
2021-07-01T13:40:10,6000.0,12.0,B
2021-07-01T13:39:58,1100.0,12.0,B
2021-07-01T13:39:58,100.0,12.0,B
2021-07-01T13:39:58,600.0,12.0,B
2021-07-01T13:39:58,2600.0,12.0,B
2021-07-01T13:39:58,16600.0,12.0,B
2021-07-01T13:39:57,2700.0,11.95,S
2021-07-01T13:39:45,40100.0,11.95,S
2021-07-01T13:39:45,9900.0,11.95,S
2021-07-01T13:39:41,300.0,11.95,S
2021-07-01T13:39:41,100.0,11.95,S
2021-07-01T13:39:41,200.0,11.95,S
2021-07-01T13:39:30,900.0,11.95,S
2021-07-01T13:39:25,100.0,12.0,B
2021-07-01T13:39:16,1000.0,12.0,B
2021-07-01T13:39:14,1000.0,12.0,B
2021-07-01T13:39:10,1000.0,12.0,B
2021-07-01T13:39:08,1000.0,12.0,B
2021-07-01T13:39:08,1000.0,12.0,B
2021-07-01T13:39:06,1000.0,12.0,B
2021-07-01T13:38:39,1000.0,12.0,B
2021-07-01T13:38:13,1000.0,12.0,B
2021-07-01T13:38:11,1000.0,12.0,B
2021-07-01T13:38:09,1000.0,12.0,B
2021-07-01T13:38:08,1000.0,12.0,B
2021-07-01T13:38:06,300.0,12.0,B
2021-07-01T13:38:06,700.0,12.0,B
2021-07-01T13:38:01,1000.0,11.95,S
2021-07-01T13:37:58,1000.0,11.95,S
2021-07-01T13:37:56,1000.0,12.0,B
2021-07-01T13:37:55,1000.0,12.0,B
2021-07-01T13:37:53,1000.0,12.0,B
2021-07-01T13:37:52,1000.0,12.0,B
2021-07-01T13:37:51,1000.0,12.0,B
2021-07-01T13:37:51,1000.0,12.0,B
2021-07-01T13:37:48,3000.0,11.95,B
2021-07-01T13:37:46,1000.0,11.95,B
2021-07-01T13:37:45,1000.0,11.95,B
2021-07-01T13:37:45,500.0,11.9,S
2021-07-01T13:37:43,1000.0,11.95,B
2021-07-01T13:37:41,1000.0,11.95,B
2021-07-01T13:37:35,1000.0,11.95,B
2021-07-01T13:37:33,1000.0,11.95,B
2021-07-01T13:37:32,1000.0,11.95,B
2021-07-01T13:37:31,1000.0,11.95,B
2021-07-01T13:37:26,1000.0,11.95,B
2021-07-01T13:37:09,500.0,11.95,B
2021-07-01T13:37:05,2000.0,11.95,B
2021-07-01T13:37:03,1000.0,11.95,B
2021-07-01T13:37:01,1000.0,11.95,B
2021-07-01T13:36:59,1000.0,11.95,B
2021-07-01T13:36:57,1000.0,11.95,B
2021-07-01T13:36:56,1100.0,11.95,B
2021-07-01T13:36:54,1000.0,11.95,B
2021-07-01T13:36:43,31300.0,11.95,S
2021-07-01T13:36:43,7900.0,11.95,S
2021-07-01T13:36:34,1000.0,12.0,B
2021-07-01T13:36:22,1000.0,12.0,B
2021-07-01T13:36:21,1000.0,12.0,B
2021-07-01T13:36:18,800.0,11.95,S
2021-07-01T13:36:14,1000.0,12.0,B
2021-07-01T13:36:12,1900.0,11.95,S
2021-07-01T13:36:09,1000.0,12.0,B
2021-07-01T13:36:08,1200.0,11.95,S
2021-07-01T13:36:03,1000.0,12.0,B
2021-07-01T13:36:01,1000.0,12.0,B
2021-07-01T13:35:59,2000.0,11.95,S
2021-07-01T13:35:53,2000.0,12.0,B
2021-07-01T13:35:46,1000.0,12.0,B
2021-07-01T13:35:44,6000.0,12.0,B
2021-07-01T13:35:35,1000.0,11.95,B
2021-07-01T13:35:35,1000.0,11.95,B
2021-07-01T13:35:35,3400.0,11.95,B
2021-07-01T13:35:32,500.0,11.95,B
2021-07-01T13:35:30,500.0,11.95,B
2021-07-01T13:35:21,1000.0,11.95,B
2021-07-01T13:35:19,500.0,11.9,S
2021-07-01T13:35:07,1000.0,11.95,B
2021-07-01T13:34:57,15100.0,11.9,S
2021-07-01T13:34:47,53600.0,11.95,S
2021-07-01T13:34:44,1000.0,12.0,B
2021-07-01T13:34:29,1000.0,12.0,B
2021-07-01T13:34:22,4000.0,12.0,B
2021-07-01T13:34:22,4500.0,11.95,S
2021-07-01T13:34:03,1000.0,12.0,B
2021-07-01T13:34:03,19900.0,11.95,S
2021-07-01T13:34:03,1000.0,12.0,B
2021-07-01T13:33:52,1000.0,12.0,B
2021-07-01T13:33:52,300.0,11.95,S
2021-07-01T13:33:47,1000.0,12.0,B
2021-07-01T13:33:45,1000.0,12.0,B
2021-07-01T13:33:36,1000.0,12.0,B
2021-07-01T13:33:36,5100.0,12.0,B
2021-07-01T13:33:36,14900.0,12.0,B
2021-07-01T13:33:34,1000.0,12.0,B
2021-07-01T13:33:33,1000.0,12.0,B
2021-07-01T13:33:25,1000.0,12.0,B
2021-07-01T13:33:22,2000.0,12.0,B
2021-07-01T13:33:17,1000.0,12.0,B
2021-07-01T13:33:17,1000.0,12.0,B
2021-07-01T13:33:12,1000.0,11.95,S
2021-07-01T13:33:10,300.0,12.0,B
2021-07-01T13:32:59,1000.0,12.0,B
2021-07-01T13:32:58,1000.0,12.0,B
2021-07-01T13:32:56,1000.0,12.0,B
2021-07-01T13:32:46,19500.0,11.95,S
2021-07-01T13:32:32,1000.0,12.0,B
2021-07-01T13:32:32,200.0,12.0,B
2021-07-01T13:32:26,5000.0,11.95,S
2021-07-01T13:32:25,1000.0,12.0,B
2021-07-01T13:32:24,1000.0,12.0,B
2021-07-01T13:32:12,1000.0,12.0,B
2021-07-01T13:31:53,1000.0,12.0,B
2021-07-01T13:31:53,1000.0,12.0,B
2021-07-01T13:31:35,1000.0,12.0,B
2021-07-01T13:31:33,1000.0,12.0,B
2021-07-01T13:31:32,1000.0,12.0,B
2021-07-01T13:31:31,1000.0,12.0,B
2021-07-01T13:31:28,1000.0,12.0,B
2021-07-01T13:31:26,11300.0,11.95,B
2021-07-01T13:31:24,1000.0,11.95,B
2021-07-01T13:31:23,1000.0,11.95,B
2021-07-01T13:31:21,1000.0,11.95,B
2021-07-01T13:31:20,1000.0,11.95,B
2021-07-01T13:31:13,5000.0,11.95,B
2021-07-01T13:31:05,500.0,11.95,B
2021-07-01T13:31:04,1000.0,11.95,B
2021-07-01T13:31:01,300.0,11.95,B
2021-07-01T13:30:59,1000.0,11.95,B
2021-07-01T13:30:58,1000.0,11.95,B
2021-07-01T13:30:49,100.0,11.95,B
2021-07-01T13:30:44,1000.0,11.95,B
2021-07-01T13:30:43,1000.0,11.95,B
2021-07-01T13:30:42,1000.0,11.95,B
2021-07-01T13:30:40,500.0,11.95,B
2021-07-01T13:30:33,5000.0,11.95,B
2021-07-01T13:30:09,4800.0,11.95,B
2021-07-01T13:29:45,1000.0,11.95,B
2021-07-01T13:29:16,500.0,11.95,S
2021-07-01T13:29:13,3700.0,11.95,S
2021-07-01T13:29:13,1700.0,11.95,S
2021-07-01T13:28:53,1000.0,12.0,B
2021-07-01T13:28:46,1000.0,12.0,B
2021-07-01T13:28:41,1000.0,12.0,B
2021-07-01T13:28:28,3300.0,11.95,B
2021-07-01T13:28:26,3000.0,11.95,B
2021-07-01T13:28:24,200.0,11.95,B
2021-07-01T13:28:19,200.0,11.95,S
2021-07-01T13:28:18,4500.0,11.95,S
2021-07-01T13:28:13,4000.0,11.95,S
2021-07-01T13:28:05,1000.0,12.0,B
2021-07-01T13:27:54,1000.0,12.0,B
2021-07-01T13:27:52,1000.0,12.0,B
2021-07-01T13:27:50,3100.0,11.95,B
2021-07-01T13:27:48,1000.0,11.95,B
2021-07-01T13:27:46,1000.0,11.95,B
2021-07-01T13:27:45,1000.0,11.95,B
2021-07-01T13:27:43,1000.0,11.95,B
2021-07-01T13:27:36,1000.0,11.95,B
2021-07-01T13:27:34,1000.0,11.95,B
2021-07-01T13:27:32,1000.0,11.95,B
2021-07-01T13:27:31,1000.0,11.95,B
2021-07-01T13:26:51,600.0,12.0,B
2021-07-01T13:26:51,400.0,11.95,B
2021-07-01T13:26:49,1000.0,11.95,B
2021-07-01T13:26:47,1300.0,11.95,B
2021-07-01T13:26:47,1000.0,11.95,B
2021-07-01T13:26:41,1000.0,11.95,B
2021-07-01T13:26:32,5000.0,11.95,B
2021-07-01T13:26:29,11400.0,11.95,B
2021-07-01T13:26:24,1000.0,11.95,B
2021-07-01T13:26:23,12200.0,11.95,S
2021-07-01T13:26:21,1000.0,12.0,B
2021-07-01T13:26:20,1000.0,12.0,B
2021-07-01T13:26:18,3000.0,11.95,S
2021-07-01T13:25:40,9100.0,11.95,S
2021-07-01T13:25:35,600.0,11.95,S
2021-07-01T13:25:34,400.0,11.95,S
2021-07-01T13:25:09,1500.0,11.95,S
2021-07-01T13:25:04,5000.0,11.95,S
2021-07-01T13:24:58,100.0,11.95,B
2021-07-01T13:24:53,3500.0,11.95,B
2021-07-01T13:24:37,2500.0,12.0,B
2021-07-01T13:24:31,8300.0,11.95,B
2021-07-01T13:24:25,2500.0,11.95,B
2021-07-01T13:24:22,7700.0,11.9,S
2021-07-01T13:24:22,2300.0,11.9,S
2021-07-01T13:24:20,1000.0,11.9,S
2021-07-01T13:24:16,500.0,11.95,S
2021-07-01T13:24:09,400.0,11.95,S
2021-07-01T13:24:09,8300.0,11.95,S
2021-07-01T13:24:09,3700.0,11.95,S
2021-07-01T13:23:56,100.0,11.95,S
2021-07-01T13:23:45,200.0,12.0,B
2021-07-01T13:23:42,5000.0,12.0,B
2021-07-01T13:23:18,2000.0,11.95,B
2021-07-01T13:23:15,200.0,11.95,B
2021-07-01T13:23:12,100.0,11.95,B
2021-07-01T13:23:08,5000.0,12.0,B
2021-07-01T13:23:04,4200.0,11.95,B
2021-07-01T13:23:03,100.0,11.95,B
2021-07-01T13:22:57,5700.0,11.95,B
2021-07-01T13:22:44,100.0,11.95,S
2021-07-01T13:22:43,19800.0,11.95,S
2021-07-01T13:22:34,20000.0,12.0,B
2021-07-01T13:22:24,1000.0,11.95,S
2021-07-01T13:22:22,5000.0,12.0,B
2021-07-01T13:22:20,17000.0,11.95,S
2021-07-01T13:22:19,5000.0,12.0,B
2021-07-01T13:22:18,200.0,11.95,S
2021-07-01T13:21:52,200.0,11.95,S
2021-07-01T13:21:48,2000.0,11.95,S
2021-07-01T13:21:19,11400.0,11.95,S
2021-07-01T13:21:19,8200.0,11.95,S
2021-07-01T13:21:16,600.0,11.95,S
2021-07-01T13:21:13,5000.0,12.0,B
2021-07-01T13:21:12,9900.0,11.95,S
2021-07-01T13:21:10,300.0,11.95,S
2021-07-01T13:21:07,5000.0,12.0,B
2021-07-01T13:20:57,600.0,11.95,S
2021-07-01T13:20:56,1900.0,12.0,B
2021-07-01T13:20:56,8100.0,12.0,B
2021-07-01T13:20:27,5000.0,11.95,S
2021-07-01T13:20:16,20000.0,12.0,B
2021-07-01T13:20:15,600.0,11.95,B
2021-07-01T13:20:13,20000.0,12.0,B
2021-07-01T13:20:12,700.0,12.0,B
2021-07-01T13:20:12,19300.0,12.0,B
2021-07-01T13:20:09,4000.0,12.0,B
2021-07-01T13:20:09,16000.0,11.95,B
2021-07-01T13:20:04,10000.0,11.95,B
2021-07-01T13:19:32,1300.0,11.95,S
2021-07-01T13:19:32,3200.0,11.95,S
2021-07-01T13:19:12,100.0,12.0,B
2021-07-01T13:18:56,7000.0,11.95,B
2021-07-01T13:18:42,5000.0,11.95,B
2021-07-01T13:18:39,500.0,11.9,S
2021-07-01T13:18:38,5000.0,11.95,B
2021-07-01T13:18:35,900.0,11.95,B
2021-07-01T13:18:34,2000.0,11.95,B
2021-07-01T13:18:30,200.0,11.95,B
2021-07-01T13:18:17,100.0,11.95,B
2021-07-01T13:18:10,400.0,11.95,S
2021-07-01T13:18:05,5000.0,12.0,B
2021-07-01T13:17:44,5000.0,11.95,S
2021-07-01T13:17:44,10300.0,11.95,S
2021-07-01T13:17:43,1000.0,11.95,S
2021-07-01T13:16:34,500.0,11.95,S
2021-07-01T13:16:23,5000.0,11.95,S
2021-07-01T13:16:06,3400.0,11.95,B
2021-07-01T13:16:04,100.0,11.95,B
2021-07-01T13:15:54,100.0,11.95,B
2021-07-01T13:15:48,100.0,11.95,B
2021-07-01T13:15:31,8200.0,12.0,B
2021-07-01T13:15:18,1000.0,11.95,B
2021-07-01T13:15:17,2000.0,11.95,B
2021-07-01T13:15:01,1000.0,11.95,B
2021-07-01T13:14:49,1000.0,11.95,B
2021-07-01T13:14:31,500.0,11.95,B
2021-07-01T13:14:21,3200.0,11.95,B
2021-07-01T13:14:21,300.0,11.95,B
2021-07-01T13:14:21,700.0,11.95,B
2021-07-01T13:14:08,300.0,11.95,B
2021-07-01T13:13:56,300.0,11.95,B
2021-07-01T13:13:50,200.0,11.95,B
2021-07-01T13:13:46,1200.0,11.95,B
2021-07-01T13:13:38,1000.0,11.95,B
2021-07-01T13:13:32,100.0,11.95,B
2021-07-01T13:13:12,700.0,11.95,B
2021-07-01T13:12:30,3000.0,11.95,B
2021-07-01T13:12:18,1000.0,11.95,B
2021-07-01T13:11:35,500.0,11.95,S
2021-07-01T13:11:35,2300.0,11.95,S
2021-07-01T13:11:35,69100.0,11.95,S
2021-07-01T13:11:26,20000.0,12.0,B
2021-07-01T13:11:24,2000.0,11.95,S
2021-07-01T13:11:23,400.0,11.95,S
2021-07-01T13:09:42,600.0,11.95,S
2021-07-01T13:09:36,6700.0,12.0,B
2021-07-01T13:09:21,400.0,11.95,S
2021-07-01T13:09:11,2000.0,12.0,B
2021-07-01T13:09:00,300.0,12.0,B
2021-07-01T13:08:24,100.0,12.0,B
2021-07-01T13:08:06,1000.0,12.0,B
2021-07-01T13:06:44,7900.0,11.95,S
2021-07-01T13:06:17,4000.0,12.0,B
2021-07-01T13:06:09,37300.0,11.95,S
2021-07-01T13:05:59,5800.0,11.95,S
2021-07-01T13:05:29,900.0,11.95,S
2021-07-01T13:04:25,100.0,11.95,S
2021-07-01T13:04:18,1000.0,11.95,S
2021-07-01T13:03:39,2700.0,11.95,B
2021-07-01T13:03:37,1500.0,11.95,S
2021-07-01T13:03:37,25700.0,11.95,S
2021-07-01T13:02:44,100.0,11.95,B
2021-07-01T13:02:28,1100.0,11.95,B
2021-07-01T13:02:28,1800.0,11.95,B
2021-07-01T13:02:28,7100.0,11.95,B
2021-07-01T13:01:44,5000.0,11.95,B
2021-07-01T13:01:28,100.0,11.95,B
2021-07-01T13:01:19,4000.0,11.95,B
2021-07-01T13:01:19,100.0,11.95,B
2021-07-01T13:01:19,1000.0,11.95,B
2021-07-01T13:01:04,500.0,11.95,B
2021-07-01T13:00:50,2000.0,11.95,B
2021-07-01T13:00:45,400.0,11.95,B
2021-07-01T13:00:44,2000.0,11.95,B
2021-07-01T13:00:39,3000.0,11.95,B
2021-07-01T13:00:39,600.0,11.95,B
2021-07-01T13:00:26,1700.0,12.0,B
2021-07-01T13:00:26,1700.0,12.0,B
2021-07-01T13:00:26,4600.0,12.0,B
2021-07-01T13:00:24,100.0,11.95,B
2021-07-01T13:00:23,100.0,11.95,B
2021-07-01T13:00:23,100.0,11.95,B
2021-07-01T13:00:19,200.0,11.95,B
2021-07-01T13:00:16,200.0,12.0,B
2021-07-01T13:00:16,100.0,11.95,B
2021-07-01T13:00:15,300.0,11.95,B
2021-07-01T13:00:13,4000.0,11.95,B
2021-07-01T13:00:13,100.0,11.95,B
2021-07-01T13:00:13,300.0,11.95,B
2021-07-01T13:00:13,900.0,11.95,B
2021-07-01T13:00:13,1000.0,11.95,B
2021-07-01T11:29:46,2000.0,11.95,B
2021-07-01T11:28:54,10000.0,11.95,B
2021-07-01T11:28:23,200.0,11.9,S
2021-07-01T11:28:09,2000.0,11.95,B
2021-07-01T11:28:08,1000.0,11.9,S
2021-07-01T11:27:45,6700.0,11.95,B
2021-07-01T11:27:26,900.0,11.95,B
2021-07-01T11:27:15,300.0,11.95,S
2021-07-01T11:27:10,4700.0,11.95,B
2021-07-01T11:26:38,100.0,11.95,B
2021-07-01T11:26:34,2400.0,11.9,S
2021-07-01T11:26:34,1200.0,11.9,S
2021-07-01T11:26:33,26400.0,11.9,S
2021-07-01T11:26:09,9000.0,11.95,B
2021-07-01T11:25:43,1500.0,11.9,S
2021-07-01T11:25:43,1000.0,11.95,B
2021-07-01T11:24:43,500.0,11.95,B
2021-07-01T11:24:26,3400.0,11.95,S
2021-07-01T11:24:19,200.0,11.95,S
2021-07-01T11:24:03,1400.0,11.95,B
2021-07-01T11:23:56,3200.0,11.95,B
2021-07-01T11:23:16,2900.0,11.95,S
2021-07-01T11:23:09,5000.0,11.95,S
2021-07-01T11:23:08,1100.0,12.0,B
2021-07-01T11:22:33,500.0,12.0,B
2021-07-01T11:22:24,9000.0,12.0,B
2021-07-01T11:22:16,2300.0,12.0,B
2021-07-01T11:22:11,1300.0,11.95,S
2021-07-01T11:22:11,12300.0,11.95,S
2021-07-01T11:22:11,2700.0,11.95,S
2021-07-01T11:22:11,200.0,11.95,S
2021-07-01T11:22:11,13500.0,11.95,S
2021-07-01T11:21:27,100.0,12.0,B
2021-07-01T11:21:11,800.0,12.0,B
2021-07-01T11:20:42,200.0,12.0,B
2021-07-01T11:20:42,100.0,12.0,B
2021-07-01T11:20:37,2000.0,12.0,B
2021-07-01T11:20:34,100.0,12.0,B
2021-07-01T11:20:17,4000.0,12.0,B
2021-07-01T11:20:07,11000.0,12.0,S
2021-07-01T11:20:07,19400.0,12.0,S
2021-07-01T11:20:03,1200.0,12.0,S
2021-07-01T11:19:50,20000.0,12.0,S
2021-07-01T11:19:38,10000.0,12.0,S
2021-07-01T11:19:28,10000.0,12.0,S
2021-07-01T11:18:50,100.0,12.05,B
2021-07-01T11:18:48,400.0,12.05,B
2021-07-01T11:18:31,300.0,12.05,S
2021-07-01T11:18:29,1000.0,12.05,S
2021-07-01T11:18:17,8700.0,12.05,B
2021-07-01T11:18:06,5700.0,12.05,S
2021-07-01T11:18:00,5000.0,12.05,S
2021-07-01T11:17:40,14300.0,12.05,S
2021-07-01T11:17:35,5700.0,12.05,S
2021-07-01T11:17:33,1000.0,12.05,S
2021-07-01T11:17:15,1200.0,12.05,S
2021-07-01T11:17:10,100.0,12.05,S
2021-07-01T11:17:09,500.0,12.05,S
2021-07-01T11:16:42,13100.0,12.05,B
2021-07-01T11:16:30,3000.0,12.0,S
2021-07-01T11:16:16,9000.0,12.05,B
2021-07-01T11:16:16,1000.0,12.05,B
2021-07-01T11:16:04,3000.0,12.0,S
2021-07-01T11:15:20,500.0,12.05,S
2021-07-01T11:15:20,400.0,12.05,S
2021-07-01T11:15:07,100.0,12.05,S
2021-07-01T11:15:07,200.0,12.05,S
2021-07-01T11:14:49,800.0,12.05,S
2021-07-01T11:14:47,20000.0,12.05,S
2021-07-01T11:14:31,400.0,12.1,B
2021-07-01T11:14:26,20000.0,12.05,S
2021-07-01T11:13:32,100.0,12.05,S
2021-07-01T11:13:26,2800.0,12.1,B
2021-07-01T11:13:26,5400.0,12.1,B
2021-07-01T11:13:02,2000.0,12.05,S
2021-07-01T11:12:55,400.0,12.1,B
2021-07-01T11:12:51,400.0,12.1,B
2021-07-01T11:12:45,200.0,12.05,S
2021-07-01T11:12:44,10000.0,12.05,S
2021-07-01T11:12:29,500.0,12.05,S
2021-07-01T11:12:16,20000.0,12.05,S
2021-07-01T11:12:11,2000.0,12.05,S
2021-07-01T11:12:06,3000.0,12.1,B
2021-07-01T11:11:36,1000.0,12.05,S
2021-07-01T11:11:33,100.0,12.05,S
2021-07-01T11:11:08,15000.0,12.05,B
2021-07-01T11:10:53,2000.0,12.05,B
2021-07-01T11:10:53,2000.0,12.05,B
2021-07-01T11:10:53,2100.0,12.05,B
2021-07-01T11:10:53,500.0,12.05,B
2021-07-01T11:10:53,700.0,12.05,B
2021-07-01T11:10:53,200.0,12.05,B
2021-07-01T11:10:53,12800.0,12.05,B
2021-07-01T11:10:53,8300.0,12.05,B
2021-07-01T11:10:53,1000.0,12.05,B
2021-07-01T11:10:53,82500.0,12.05,B
2021-07-01T11:10:45,50900.0,12.05,B
2021-07-01T11:10:31,10000.0,12.0,S
2021-07-01T11:09:32,2000.0,12.05,B
2021-07-01T11:09:22,200.0,12.0,S
2021-07-01T11:09:19,6700.0,12.05,B
2021-07-01T11:09:18,400.0,12.0,B
2021-07-01T11:09:18,600.0,12.0,B
2021-07-01T11:09:18,15300.0,12.0,B
2021-07-01T11:09:07,3000.0,12.0,B
2021-07-01T11:08:38,500.0,12.0,B
2021-07-01T11:08:28,200.0,12.0,B
2021-07-01T11:08:22,1000.0,12.0,B
2021-07-01T11:07:57,5000.0,12.0,B
2021-07-01T11:07:49,500.0,12.0,B
2021-07-01T11:07:38,500.0,12.0,B
2021-07-01T11:07:24,200.0,12.0,S
2021-07-01T11:07:06,9800.0,12.0,B
2021-07-01T11:07:04,5000.0,11.95,S
2021-07-01T11:07:01,1500.0,12.0,B
2021-07-01T11:06:49,100.0,12.0,B
2021-07-01T11:06:47,4200.0,12.0,B
2021-07-01T11:06:25,500.0,12.0,B
2021-07-01T11:06:11,400.0,12.0,B
2021-07-01T11:06:00,200.0,12.0,B
2021-07-01T11:05:55,2700.0,12.0,B
2021-07-01T11:05:50,2000.0,12.0,B
2021-07-01T11:05:25,1500.0,12.0,B
2021-07-01T11:04:46,3000.0,12.0,B
2021-07-01T11:04:44,200.0,12.0,B
2021-07-01T11:04:43,2000.0,11.95,S
2021-07-01T11:04:08,1000.0,12.0,S
2021-07-01T11:03:47,100.0,12.0,S
2021-07-01T11:03:34,64600.0,11.95,S
2021-07-01T11:03:30,1000.0,12.05,B
2021-07-01T11:03:23,6300.0,12.0,S
2021-07-01T11:03:06,55000.0,12.0,S
2021-07-01T11:03:02,100.0,12.0,S
2021-07-01T11:02:55,22400.0,12.0,B
2021-07-01T11:02:54,100.0,12.0,B
2021-07-01T11:02:46,4900.0,12.0,B
2021-07-01T11:02:46,2300.0,12.0,B
2021-07-01T11:02:22,1000.0,12.0,B
2021-07-01T11:02:17,6400.0,12.0,B
2021-07-01T11:02:17,500.0,12.0,B
2021-07-01T11:02:17,500.0,12.0,B
2021-07-01T11:02:17,1200.0,12.0,B
2021-07-01T11:02:17,2100.0,12.0,B
2021-07-01T11:02:17,15000.0,12.0,B
2021-07-01T11:02:17,3200.0,12.0,B
2021-07-01T11:02:17,36300.0,12.0,B
2021-07-01T11:02:17,30000.0,12.0,B
2021-07-01T11:02:16,54800.0,12.0,B
2021-07-01T11:02:10,80000.0,12.0,B
2021-07-01T11:01:44,1000.0,11.95,S
2021-07-01T11:01:36,1000.0,12.0,B
2021-07-01T11:01:26,1000.0,11.95,S
2021-07-01T11:01:24,200.0,11.95,S
2021-07-01T11:01:19,1000.0,12.0,B
2021-07-01T11:01:10,1400.0,12.0,B
2021-07-01T11:01:10,4000.0,12.0,B
2021-07-01T11:01:09,44600.0,12.0,B
2021-07-01T11:00:37,1000.0,12.0,B
2021-07-01T11:00:30,2000.0,12.0,B
2021-07-01T11:00:29,8000.0,11.95,S
2021-07-01T11:00:14,200.0,11.95,S
2021-07-01T10:59:56,2000.0,11.95,S
2021-07-01T10:59:49,100.0,11.95,S
2021-07-01T10:59:25,100.0,11.95,S
2021-07-01T10:59:20,100.0,11.95,S
2021-07-01T10:58:38,18700.0,11.95,S
2021-07-01T10:58:35,5000.0,11.95,S
2021-07-01T10:58:15,1700.0,11.9,S
2021-07-01T10:58:15,3300.0,11.9,S
2021-07-01T10:58:03,10000.0,11.95,B
2021-07-01T10:57:49,20000.0,11.9,S
2021-07-01T10:57:33,400.0,11.95,B
2021-07-01T10:57:33,31400.0,11.95,B
2021-07-01T10:57:11,200.0,11.9,S
2021-07-01T10:57:11,2800.0,11.9,S
2021-07-01T10:56:38,500.0,11.95,B
2021-07-01T10:56:05,1000.0,11.95,B
2021-07-01T10:55:41,2500.0,11.95,B
2021-07-01T10:54:56,300.0,11.95,B
2021-07-01T10:54:50,7000.0,11.95,B
2021-07-01T10:54:31,200.0,11.95,B
2021-07-01T10:54:26,100.0,11.95,B
2021-07-01T10:54:08,24300.0,11.95,S
2021-07-01T10:54:03,3000.0,11.95,S
2021-07-01T10:53:40,1000.0,11.95,S
2021-07-01T10:53:12,400.0,11.95,S
2021-07-01T10:53:09,3000.0,11.95,S
2021-07-01T10:52:22,100.0,11.95,S
2021-07-01T10:52:17,2000.0,11.95,S
2021-07-01T10:51:59,20000.0,11.95,S
2021-07-01T10:51:31,2100.0,11.95,B
2021-07-01T10:51:31,4400.0,11.95,B
2021-07-01T10:51:31,12800.0,11.95,B
2021-07-01T10:51:31,1500.0,11.95,B
2021-07-01T10:51:31,1600.0,11.95,B
2021-07-01T10:51:31,500.0,11.95,B
2021-07-01T10:51:31,13500.0,11.95,B
2021-07-01T10:50:58,2500.0,11.95,B
2021-07-01T10:50:37,500.0,11.95,B
2021-07-01T10:50:30,1700.0,11.9,S
2021-07-01T10:50:03,3200.0,11.95,B
2021-07-01T10:50:03,300.0,11.95,B
2021-07-01T10:49:36,10000.0,11.95,B
2021-07-01T10:49:22,100.0,11.95,B
2021-07-01T10:48:43,500.0,11.9,S
2021-07-01T10:47:22,5000.0,11.9,B
2021-07-01T10:47:20,200.0,11.9,B
2021-07-01T10:47:09,100.0,11.9,B
2021-07-01T10:46:53,200.0,11.9,S
2021-07-01T10:46:53,2000.0,11.9,S
2021-07-01T10:46:28,600.0,11.9,S
2021-07-01T10:46:28,400.0,11.9,S
2021-07-01T10:44:57,3400.0,11.95,B
2021-07-01T10:44:32,500.0,11.9,B
2021-07-01T10:44:12,200.0,11.9,B
2021-07-01T10:44:02,1600.0,11.9,B
2021-07-01T10:44:02,1100.0,11.9,B
2021-07-01T10:44:02,7300.0,11.9,B
2021-07-01T10:43:53,10000.0,11.9,B
2021-07-01T10:43:35,200.0,11.85,S
2021-07-01T10:43:35,6100.0,11.85,S
2021-07-01T10:43:35,1300.0,11.85,S
2021-07-01T10:43:34,2400.0,11.85,S
2021-07-01T10:42:43,4000.0,11.9,B
2021-07-01T10:42:21,100.0,11.85,S
2021-07-01T10:41:41,100.0,11.9,B
2021-07-01T10:41:08,100.0,11.9,B
2021-07-01T10:40:42,100.0,11.9,B
2021-07-01T10:40:42,6400.0,11.9,B
2021-07-01T10:40:36,7400.0,11.9,B
2021-07-01T10:40:03,100.0,11.9,B
2021-07-01T10:39:36,500.0,11.9,B
2021-07-01T10:39:21,400.0,11.9,S
2021-07-01T10:39:20,100.0,11.9,S
2021-07-01T10:39:20,200.0,11.9,S
2021-07-01T10:39:15,100.0,11.9,S
2021-07-01T10:39:13,3800.0,11.9,S
2021-07-01T10:38:57,200.0,11.95,B
2021-07-01T10:38:50,2000.0,11.9,S
2021-07-01T10:38:48,1000.0,11.9,S
2021-07-01T10:38:43,100.0,11.9,S
2021-07-01T10:38:35,2000.0,11.9,S
2021-07-01T10:38:30,6800.0,11.9,S
2021-07-01T10:38:30,1000.0,11.9,S
2021-07-01T10:38:30,600.0,11.9,S
2021-07-01T10:38:30,1200.0,11.9,S
2021-07-01T10:38:30,39400.0,11.9,S
2021-07-01T10:38:30,600.0,11.9,S
2021-07-01T10:38:30,1000.0,11.9,S
2021-07-01T10:38:16,7000.0,11.9,S
2021-07-01T10:38:07,14200.0,11.9,S
2021-07-01T10:38:00,100.0,11.95,B
2021-07-01T10:37:41,75000.0,11.9,S
2021-07-01T10:37:18,1000.0,11.95,B
2021-07-01T10:37:13,500.0,11.95,B
2021-07-01T10:37:13,3000.0,11.9,S
2021-07-01T10:36:50,10000.0,11.95,B
2021-07-01T10:36:44,3000.0,11.95,B
2021-07-01T10:36:40,100.0,11.95,B
2021-07-01T10:36:30,200.0,11.95,B
2021-07-01T10:35:56,200.0,11.95,B
2021-07-01T10:35:52,500.0,11.95,B
2021-07-01T10:35:48,1000.0,11.95,B
2021-07-01T10:35:39,500.0,11.95,B
2021-07-01T10:35:29,500.0,11.95,B
2021-07-01T10:35:26,2300.0,11.95,B
2021-07-01T10:35:13,100.0,11.95,B
2021-07-01T10:35:12,1000.0,11.95,B
2021-07-01T10:35:12,1200.0,11.95,B
2021-07-01T10:35:12,5400.0,11.95,B
2021-07-01T10:35:03,500.0,11.9,S
2021-07-01T10:34:56,500.0,11.9,S
2021-07-01T10:34:51,500.0,11.9,S
2021-07-01T10:34:43,100.0,11.95,B
2021-07-01T10:34:36,100.0,11.95,B
2021-07-01T10:34:28,100.0,11.95,B
2021-07-01T10:34:21,500.0,11.95,B
2021-07-01T10:34:10,1000.0,11.95,B
2021-07-01T10:34:08,400.0,11.95,B
2021-07-01T10:34:03,9300.0,11.95,B
2021-07-01T10:33:50,2500.0,11.95,B
2021-07-01T10:33:45,100.0,11.95,B
2021-07-01T10:33:21,100.0,11.95,B
2021-07-01T10:33:21,100.0,11.95,B
2021-07-01T10:33:18,1000.0,11.95,B
2021-07-01T10:33:03,1500.0,11.95,S
2021-07-01T10:33:00,100.0,12.0,B
2021-07-01T10:32:55,19000.0,11.95,S
2021-07-01T10:32:55,20400.0,11.95,S
2021-07-01T10:32:55,100600.0,11.95,S
2021-07-01T10:32:13,1000.0,12.0,S
2021-07-01T10:32:10,200.0,12.0,S
2021-07-01T10:32:08,2000.0,12.0,S
2021-07-01T10:32:06,12800.0,12.0,S
2021-07-01T10:32:04,4000.0,12.0,S
2021-07-01T10:31:48,29300.0,12.0,S
2021-07-01T10:31:48,96900.0,12.0,S
2021-07-01T10:31:48,11100.0,12.0,S
2021-07-01T10:31:48,10000.0,12.0,S
2021-07-01T10:31:32,4000.0,12.0,S
2021-07-01T10:31:20,5000.0,12.0,S
2021-07-01T10:31:17,100.0,12.0,S
2021-07-01T10:30:40,800.0,12.05,B
2021-07-01T10:30:27,900.0,12.05,S
2021-07-01T10:30:22,3700.0,12.05,S
2021-07-01T10:30:20,28500.0,12.05,S
2021-07-01T10:30:13,100.0,12.05,S
2021-07-01T10:30:11,400.0,12.05,S
2021-07-01T10:29:55,10000.0,12.05,S
2021-07-01T10:29:54,2000.0,12.1,B
2021-07-01T10:29:46,17000.0,12.1,B
2021-07-01T10:29:37,2000.0,12.05,S
2021-07-01T10:29:12,5000.0,12.05,S
2021-07-01T10:29:11,2000.0,12.1,B
2021-07-01T10:29:06,3100.0,12.1,B
2021-07-01T10:28:42,700.0,12.1,B
2021-07-01T10:28:29,100.0,12.1,B
2021-07-01T10:28:21,100.0,12.1,B
2021-07-01T10:28:14,100.0,12.1,B
2021-07-01T10:28:07,4700.0,12.1,B
2021-07-01T10:28:07,2500.0,12.1,B
2021-07-01T10:28:07,12200.0,12.1,B
2021-07-01T10:28:06,200.0,12.05,S
2021-07-01T10:28:01,100.0,12.1,B
2021-07-01T10:28:01,7700.0,12.1,B
2021-07-01T10:28:01,500.0,12.1,B
2021-07-01T10:28:01,11800.0,12.1,B
2021-07-01T10:27:59,500.0,12.1,B
2021-07-01T10:27:48,500.0,12.1,B
2021-07-01T10:27:15,600.0,12.1,B
2021-07-01T10:27:04,100.0,12.05,S
2021-07-01T10:26:53,100.0,12.05,S
2021-07-01T10:26:42,68500.0,12.05,B
2021-07-01T10:26:39,1500.0,12.05,B
2021-07-01T10:26:33,500.0,12.05,B
2021-07-01T10:26:30,500.0,12.0,S
2021-07-01T10:26:20,2000.0,12.05,B
2021-07-01T10:26:08,300.0,12.0,S
2021-07-01T10:26:06,500.0,12.05,B
2021-07-01T10:26:03,5000.0,12.0,S
2021-07-01T10:25:53,1000.0,12.05,B
2021-07-01T10:25:34,700.0,12.0,B
2021-07-01T10:25:22,15200.0,12.0,B
2021-07-01T10:25:21,100.0,12.0,B
2021-07-01T10:25:13,9200.0,12.0,B
2021-07-01T10:25:12,800.0,12.0,B
2021-07-01T10:25:12,100.0,12.0,B
2021-07-01T10:25:04,100.0,12.0,B
2021-07-01T10:25:04,100.0,12.0,B
2021-07-01T10:25:04,900.0,12.0,B
2021-07-01T10:25:04,6000.0,12.0,B
2021-07-01T10:25:04,1600.0,12.0,B
2021-07-01T10:25:04,2000.0,12.0,B
2021-07-01T10:25:03,500.0,12.0,B
2021-07-01T10:25:03,28800.0,12.0,B
2021-07-01T10:25:03,500.0,12.0,B
2021-07-01T10:25:02,200.0,12.0,B
2021-07-01T10:24:59,600.0,12.0,B
2021-07-01T10:24:50,600.0,12.0,B
2021-07-01T10:24:48,900.0,12.0,B
2021-07-01T10:24:48,500.0,12.0,B
2021-07-01T10:24:47,1900.0,12.0,B
2021-07-01T10:24:35,5000.0,12.0,B
2021-07-01T10:24:29,500.0,12.0,B
2021-07-01T10:24:29,15800.0,12.0,B
2021-07-01T10:24:29,3000.0,12.0,B
2021-07-01T10:24:29,11200.0,12.0,B
2021-07-01T10:24:29,700.0,12.0,B
2021-07-01T10:24:24,300.0,12.0,B
2021-07-01T10:24:22,800.0,12.0,B
2021-07-01T10:24:21,1200.0,12.0,B
2021-07-01T10:24:16,200.0,12.0,B
2021-07-01T10:24:12,700.0,12.0,B
2021-07-01T10:24:12,3500.0,12.0,B
2021-07-01T10:24:08,1000.0,12.0,B
2021-07-01T10:23:57,20000.0,12.0,B
2021-07-01T10:23:56,1000.0,12.0,B
2021-07-01T10:23:54,2000.0,12.0,B
2021-07-01T10:23:37,200.0,12.0,B
2021-07-01T10:23:32,4800.0,12.0,B
2021-07-01T10:23:32,5000.0,12.0,B
2021-07-01T10:23:32,3900.0,12.0,B
2021-07-01T10:23:32,3700.0,12.0,B
2021-07-01T10:23:32,32600.0,12.0,B
2021-07-01T10:23:29,5000.0,11.95,S
2021-07-01T10:23:28,1000.0,11.95,S
2021-07-01T10:23:22,6500.0,12.0,B
2021-07-01T10:23:03,700.0,11.95,S
2021-07-01T10:23:02,1000.0,12.0,B
2021-07-01T10:22:57,1000.0,12.0,B
2021-07-01T10:22:55,4700.0,12.0,B
2021-07-01T10:22:55,25300.0,12.0,B
2021-07-01T10:22:39,10000.0,12.0,B
2021-07-01T10:22:35,1700.0,11.95,B
2021-07-01T10:22:34,500.0,11.95,B
2021-07-01T10:22:20,100.0,11.95,B
2021-07-01T10:22:20,9300.0,11.95,B
2021-07-01T10:22:20,12500.0,11.95,B
2021-07-01T10:22:17,1000.0,11.95,B
2021-07-01T10:22:15,22000.0,11.95,B
2021-07-01T10:22:12,5000.0,11.95,B
2021-07-01T10:21:59,1000.0,11.95,B
2021-07-01T10:21:58,4000.0,11.95,B
2021-07-01T10:21:57,30000.0,11.95,B
2021-07-01T10:21:54,1400.0,11.95,B
2021-07-01T10:21:54,10000.0,11.95,B
2021-07-01T10:21:54,28100.0,11.95,B
2021-07-01T10:21:53,200.0,11.95,B
2021-07-01T10:21:49,500.0,11.9,S
2021-07-01T10:21:40,100.0,11.95,B
2021-07-01T10:21:40,300.0,11.9,S
2021-07-01T10:21:29,1500.0,11.95,B
2021-07-01T10:21:22,200.0,11.95,B
2021-07-01T10:21:03,1000.0,11.95,B
2021-07-01T10:21:01,1000.0,11.95,B
2021-07-01T10:20:51,200.0,11.9,B
2021-07-01T10:20:45,500.0,11.9,B
2021-07-01T10:20:40,500.0,11.95,B
2021-07-01T10:20:38,10000.0,11.9,B
2021-07-01T10:20:14,100.0,11.9,B
2021-07-01T10:20:13,1100.0,11.9,B
2021-07-01T10:20:13,12100.0,11.9,B
2021-07-01T10:20:13,500.0,11.9,B
2021-07-01T10:20:13,2500.0,11.9,B
2021-07-01T10:20:13,4900.0,11.9,B
2021-07-01T10:20:13,16600.0,11.9,B
2021-07-01T10:20:13,2200.0,11.9,B
2021-07-01T10:20:12,100600.0,11.9,B
2021-07-01T10:20:09,1000.0,11.9,B
2021-07-01T10:20:07,100.0,11.9,B
2021-07-01T10:20:05,500.0,11.9,B
2021-07-01T10:19:56,300.0,11.9,B
2021-07-01T10:19:46,1400.0,11.9,B
2021-07-01T10:19:33,3000.0,11.9,B
2021-07-01T10:19:32,3000.0,11.9,B
2021-07-01T10:19:27,1000.0,11.9,B
2021-07-01T10:19:23,100.0,11.85,B
2021-07-01T10:19:13,800.0,11.9,B
2021-07-01T10:19:13,9200.0,11.9,B
2021-07-01T10:19:10,500.0,11.9,B
2021-07-01T10:19:09,1200.0,11.85,B
2021-07-01T10:18:57,10000.0,11.85,B
2021-07-01T10:18:56,100.0,11.85,B
2021-07-01T10:18:56,100.0,11.85,B
2021-07-01T10:18:48,1000.0,11.9,B
2021-07-01T10:18:48,24500.0,11.85,B
2021-07-01T10:18:48,24500.0,11.85,B
2021-07-01T10:18:47,2700.0,11.8,S
2021-07-01T10:18:47,7300.0,11.8,S
2021-07-01T10:18:39,1000.0,11.85,B
2021-07-01T10:18:30,700.0,11.8,B
2021-07-01T10:18:25,3000.0,11.85,B
2021-07-01T10:18:09,100.0,11.8,B
2021-07-01T10:17:56,800.0,11.8,B
2021-07-01T10:17:56,1000.0,11.85,B
2021-07-01T10:17:49,300.0,11.8,B
2021-07-01T10:17:29,200.0,11.8,B
2021-07-01T10:17:25,1600.0,11.8,B
2021-07-01T10:17:25,1400.0,11.8,B
2021-07-01T10:11:49,100.0,11.85,S
2021-07-01T10:11:45,1000.0,11.8,S
2021-07-01T10:11:40,6000.0,11.8,S
2021-07-01T10:11:32,1000.0,11.85,S
2021-07-01T10:11:25,5100.0,11.8,S
2021-07-01T10:11:16,1700.0,11.8,S
2021-07-01T10:11:07,500.0,11.8,S
2021-07-01T10:11:06,700.0,11.8,S
2021-07-01T10:11:03,2000.0,11.8,S
2021-07-01T10:11:01,4100.0,11.8,S
2021-07-01T10:11:01,100.0,11.8,S
2021-07-01T10:11:01,500.0,11.8,S
2021-07-01T10:10:58,200.0,11.8,S
2021-07-01T10:10:55,1000.0,11.85,S
2021-07-01T10:10:37,5000.0,11.8,S
2021-07-01T10:10:33,4000.0,11.8,S
2021-07-01T10:10:28,4000.0,11.8,S
2021-07-01T10:10:21,1000.0,11.85,S
2021-07-01T10:10:20,800.0,11.8,S
2021-07-01T10:10:20,2300.0,11.8,S
2021-07-01T10:10:20,6900.0,11.8,S
2021-07-01T10:10:12,11000.0,11.8,S
2021-07-01T10:10:05,200.0,11.85,S
2021-07-01T10:09:44,5000.0,11.8,S
2021-07-01T10:09:41,1000.0,11.9,B
2021-07-01T10:09:33,2400.0,11.9,B
2021-07-01T10:09:26,800.0,11.8,S
2021-07-01T10:09:03,200.0,11.9,B
2021-07-01T10:08:56,11100.0,11.8,S
2021-07-01T10:08:48,500.0,11.9,B
2021-07-01T10:08:48,1000.0,11.85,S
2021-07-01T10:08:45,1000.0,11.85,S
2021-07-01T10:08:37,4000.0,11.9,B
2021-07-01T10:08:35,100.0,11.9,B
2021-07-01T10:08:35,16700.0,11.8,S
2021-07-01T10:08:35,3300.0,11.85,S
2021-07-01T10:08:33,10000.0,11.85,S
2021-07-01T10:08:16,2000.0,11.9,B
2021-07-01T10:08:15,3000.0,11.9,B
2021-07-01T10:07:46,500.0,11.9,B
2021-07-01T10:07:45,2000.0,11.85,S
2021-07-01T10:07:42,1000.0,11.85,S
2021-07-01T10:07:40,1000.0,11.9,B
2021-07-01T10:07:35,500.0,11.9,B
2021-07-01T10:07:33,300.0,11.9,B
2021-07-01T10:07:33,3000.0,11.9,B
2021-07-01T10:07:30,400.0,11.9,B
2021-07-01T10:07:16,11000.0,11.9,B
2021-07-01T10:06:43,3500.0,11.9,B
2021-07-01T10:06:11,6000.0,11.9,S
2021-07-01T10:06:09,1000.0,11.9,S
2021-07-01T10:05:49,100.0,11.9,S
2021-07-01T10:05:41,600.0,11.9,S
2021-07-01T10:05:41,4400.0,11.9,S
2021-07-01T10:05:00,100.0,11.9,S
2021-07-01T10:04:57,900.0,11.9,S
2021-07-01T10:04:55,300.0,11.95,B
2021-07-01T10:04:53,6800.0,11.9,S
2021-07-01T10:04:53,1900.0,11.9,S
2021-07-01T10:04:53,1300.0,11.9,S
2021-07-01T10:04:51,100.0,11.9,S
2021-07-01T10:04:49,400.0,11.9,S
2021-07-01T10:04:46,100.0,11.9,S
2021-07-01T10:04:45,3000.0,11.9,S
2021-07-01T10:04:43,3100.0,11.9,S
2021-07-01T10:04:38,300.0,11.9,S
2021-07-01T10:04:31,500.0,11.9,S
2021-07-01T10:04:30,1100.0,11.9,S
2021-07-01T10:04:28,3100.0,11.9,S
2021-07-01T10:04:27,7700.0,11.9,S
2021-07-01T10:04:19,300.0,11.9,S
2021-07-01T10:04:05,800.0,11.9,S
2021-07-01T10:04:02,2500.0,11.95,B
2021-07-01T10:03:58,1900.0,11.9,S
2021-07-01T10:03:56,100.0,11.9,S
2021-07-01T10:03:56,300.0,11.9,S
2021-07-01T10:03:56,2600.0,11.9,S
2021-07-01T10:03:40,100.0,11.95,B
2021-07-01T10:03:40,100.0,11.9,S
2021-07-01T10:03:38,9000.0,11.9,S
2021-07-01T10:03:37,10000.0,11.9,S
2021-07-01T10:03:27,200.0,11.9,S
2021-07-01T10:03:22,1000.0,11.9,S
2021-07-01T10:03:19,5000.0,11.9,S
2021-07-01T10:02:55,21000.0,11.9,S
2021-07-01T10:02:55,100.0,11.95,S
2021-07-01T10:02:35,200.0,11.95,S
2021-07-01T10:02:34,100.0,11.95,S
2021-07-01T10:02:18,400.0,11.95,S
2021-07-01T10:02:09,2700.0,11.95,S
2021-07-01T10:02:09,3300.0,11.95,S
2021-07-01T10:01:30,500.0,11.95,S
2021-07-01T10:01:05,700.0,11.95,S
2021-07-01T10:01:05,1000.0,11.95,S
2021-07-01T10:01:01,2000.0,11.95,S
2021-07-01T10:00:47,100.0,11.95,S
2021-07-01T10:00:46,800.0,11.95,B
2021-07-01T10:00:29,1600.0,11.9,S
2021-07-01T10:00:29,200.0,11.9,S
2021-07-01T10:00:29,14400.0,11.9,S
2021-07-01T10:00:29,600.0,11.9,S
2021-07-01T10:00:29,4000.0,11.9,S
2021-07-01T10:00:29,1500.0,11.9,S
2021-07-01T10:00:28,131500.0,11.9,S
2021-07-01T10:00:28,22800.0,11.9,S
2021-07-01T10:00:28,200.0,11.9,S
2021-07-01T10:00:28,100.0,11.9,S
2021-07-01T10:00:28,23100.0,11.9,S
2021-07-01T10:00:25,2000.0,11.95,B
2021-07-01T10:00:16,200.0,11.95,B
2021-07-01T10:00:15,1000.0,11.95,B
2021-07-01T10:00:09,200.0,11.95,B
2021-07-01T10:00:02,400.0,11.95,B
2021-07-01T09:59:55,4700.0,11.95,B
2021-07-01T09:59:52,10000.0,11.95,B
2021-07-01T09:59:51,10000.0,11.95,B
2021-07-01T09:59:51,20800.0,11.95,B
2021-07-01T09:59:50,100.0,11.95,B
2021-07-01T09:59:29,50000.0,11.95,S
2021-07-01T09:59:25,8500.0,11.9,S
2021-07-01T09:59:25,10000.0,11.9,S
2021-07-01T09:59:21,1300.0,11.95,S
2021-07-01T09:59:13,18400.0,11.95,S
2021-07-01T09:59:10,100.0,11.95,S
2021-07-01T09:59:09,7500.0,11.95,S
2021-07-01T09:59:03,3800.0,11.95,S
2021-07-01T09:59:03,5000.0,11.95,S
2021-07-01T09:59:03,49300.0,11.95,S
2021-07-01T09:58:56,1000.0,11.95,S
2021-07-01T09:58:49,300.0,11.95,S
2021-07-01T09:58:47,100.0,11.95,S
2021-07-01T09:58:31,5000.0,11.95,S
2021-07-01T09:58:24,900.0,11.95,S
2021-07-01T09:58:17,200.0,11.9,S
2021-07-01T09:58:13,500.0,11.95,S
2021-07-01T09:57:54,5600.0,11.95,S
2021-07-01T09:57:53,1500.0,12.0,B
2021-07-01T09:57:43,400.0,11.95,S
2021-07-01T09:57:42,1000.0,11.95,S
2021-07-01T09:57:41,500.0,11.95,S
2021-07-01T09:57:38,2000.0,11.95,S
2021-07-01T09:57:36,2100.0,12.0,B
2021-07-01T09:57:35,3000.0,11.95,S
2021-07-01T09:57:28,200.0,11.95,S
2021-07-01T09:57:26,200.0,11.95,S
2021-07-01T09:57:26,300.0,11.95,S
2021-07-01T09:57:26,9500.0,11.95,S
2021-07-01T09:57:26,20000.0,11.95,S
2021-07-01T09:57:20,3000.0,11.95,S
2021-07-01T09:56:58,300.0,11.95,S
2021-07-01T09:56:52,5000.0,11.95,S
2021-07-01T09:56:50,500.0,11.95,S
2021-07-01T09:56:49,8000.0,11.95,S
2021-07-01T09:56:47,200.0,12.0,B
2021-07-01T09:56:45,700.0,11.95,S
2021-07-01T09:56:40,500.0,11.95,S
2021-07-01T09:56:37,2000.0,11.95,S
2021-07-01T09:56:35,1000.0,11.95,S
2021-07-01T09:56:29,15400.0,11.95,S
2021-07-01T09:56:26,1000.0,11.95,S
2021-07-01T09:56:23,4600.0,11.95,S
2021-07-01T09:56:23,200.0,11.95,S
2021-07-01T09:56:23,6700.0,11.95,S
2021-07-01T09:56:23,1000.0,11.95,S
2021-07-01T09:56:21,200.0,11.95,S
2021-07-01T09:56:21,10000.0,11.95,S
2021-07-01T09:56:10,400.0,11.95,S
2021-07-01T09:56:09,7900.0,11.95,S
2021-07-01T09:56:03,1200.0,11.95,S
2021-07-01T09:56:03,100.0,11.95,S
2021-07-01T09:56:03,2300.0,11.95,S
2021-07-01T09:56:00,25000.0,11.95,S
2021-07-01T09:55:56,11000.0,12.0,B
2021-07-01T09:55:33,10000.0,11.95,S
2021-07-01T09:55:33,500.0,11.95,S
2021-07-01T09:55:27,10400.0,11.95,S
2021-07-01T09:55:26,2800.0,11.95,S
2021-07-01T09:55:26,10000.0,11.95,S
2021-07-01T09:55:26,1400.0,11.95,S
2021-07-01T09:55:26,35800.0,11.95,S
2021-07-01T09:55:24,3800.0,11.95,S
2021-07-01T09:55:17,1300.0,12.0,B
2021-07-01T09:55:17,100.0,11.95,S
2021-07-01T09:55:10,200.0,11.95,S
2021-07-01T09:55:09,100.0,11.95,S
2021-07-01T09:55:09,100.0,11.95,S
2021-07-01T09:55:06,800.0,12.0,B
2021-07-01T09:55:03,900.0,11.95,S
2021-07-01T09:54:48,200.0,11.95,S
2021-07-01T09:54:38,80000.0,11.95,S
2021-07-01T09:54:27,100.0,11.95,S
2021-07-01T09:54:23,1000.0,12.0,B
2021-07-01T09:54:08,2000.0,11.95,S
2021-07-01T09:53:57,200.0,12.0,B
2021-07-01T09:53:56,100.0,11.95,S
2021-07-01T09:53:55,1300.0,12.0,B
2021-07-01T09:53:46,600.0,11.95,S
2021-07-01T09:53:43,2900.0,12.0,B
2021-07-01T09:53:25,100.0,12.0,B
2021-07-01T09:53:16,100.0,12.0,B
2021-07-01T09:53:06,300.0,11.95,S
2021-07-01T09:53:01,3000.0,12.0,B
2021-07-01T09:52:51,100.0,11.95,S
2021-07-01T09:52:50,4000.0,12.0,B
2021-07-01T09:52:47,100.0,11.95,S
2021-07-01T09:52:45,10000.0,11.95,S
2021-07-01T09:52:29,3800.0,12.0,B
2021-07-01T09:52:25,10000.0,11.95,S
2021-07-01T09:52:23,300.0,11.95,S
2021-07-01T09:52:12,45000.0,12.0,B
2021-07-01T09:52:02,500.0,11.95,S
2021-07-01T09:51:15,500.0,12.0,B
2021-07-01T09:51:11,5800.0,11.95,S
2021-07-01T09:51:11,22700.0,11.95,S
2021-07-01T09:51:02,5000.0,11.95,S
2021-07-01T09:50:36,500.0,12.0,B
2021-07-01T09:50:35,200.0,12.0,B
2021-07-01T09:50:31,1000.0,11.95,S
2021-07-01T09:50:06,500.0,12.0,B
2021-07-01T09:49:58,63000.0,12.0,B
2021-07-01T09:49:37,20000.0,12.0,B
2021-07-01T09:49:30,100.0,12.0,B
2021-07-01T09:49:21,200.0,12.0,B
2021-07-01T09:49:20,10000.0,11.95,S
2021-07-01T09:49:03,10000.0,12.0,B
2021-07-01T09:49:03,500.0,11.95,S
2021-07-01T09:48:53,300.0,12.0,B
2021-07-01T09:48:27,300.0,12.0,S
2021-07-01T09:48:09,200.0,12.0,S
2021-07-01T09:48:01,5400.0,12.0,S
2021-07-01T09:48:01,1300.0,12.0,S
2021-07-01T09:48:01,27400.0,12.0,S
2021-07-01T09:48:01,34200.0,12.0,S
2021-07-01T09:48:01,500.0,12.0,S
2021-07-01T09:48:01,15100.0,12.0,S
2021-07-01T09:47:58,50000.0,12.0,S
2021-07-01T09:47:49,50000.0,12.0,S
2021-07-01T09:47:35,700.0,12.0,S
2021-07-01T09:47:32,1900.0,12.0,S
2021-07-01T09:47:12,3000.0,12.0,S
2021-07-01T09:47:08,100.0,12.05,B
2021-07-01T09:46:59,900.0,12.0,S
2021-07-01T09:46:59,1100.0,12.0,S
2021-07-01T09:46:59,6100.0,12.0,S
2021-07-01T09:46:59,26900.0,12.0,S
2021-07-01T09:46:58,300.0,12.05,B
2021-07-01T09:46:58,200.0,12.05,B
2021-07-01T09:46:58,200.0,12.05,B
2021-07-01T09:46:53,300.0,12.05,B
2021-07-01T09:46:50,1000.0,12.05,B
2021-07-01T09:46:48,100.0,12.05,B
2021-07-01T09:46:46,1000.0,12.05,B
2021-07-01T09:46:44,5200.0,12.0,S
2021-07-01T09:46:29,500.0,12.05,B
2021-07-01T09:46:28,16000.0,12.0,S
2021-07-01T09:46:06,2600.0,12.05,B
2021-07-01T09:46:03,20000.0,12.05,B
2021-07-01T09:45:58,9800.0,12.05,S
2021-07-01T09:45:53,1500.0,12.05,S
2021-07-01T09:45:50,800.0,12.05,S
2021-07-01T09:45:49,9300.0,12.05,S
2021-07-01T09:45:44,100.0,12.05,S
2021-07-01T09:45:35,500.0,12.05,S
2021-07-01T09:45:33,100.0,12.05,S
2021-07-01T09:45:31,1000.0,12.05,S
2021-07-01T09:45:30,11000.0,12.05,S
2021-07-01T09:45:30,5000.0,12.05,S
2021-07-01T09:45:28,100.0,12.05,S
2021-07-01T09:45:28,6800.0,12.05,S
2021-07-01T09:45:26,10000.0,12.05,S
2021-07-01T09:45:26,7500.0,12.05,S
2021-07-01T09:45:26,300.0,12.05,S
2021-07-01T09:45:26,2200.0,12.05,S
2021-07-01T09:45:24,1000.0,12.1,B
2021-07-01T09:45:09,2000.0,12.05,S
2021-07-01T09:44:37,2900.0,12.1,B
2021-07-01T09:44:36,1000.0,12.1,B
2021-07-01T09:44:32,2000.0,12.05,S
2021-07-01T09:44:32,100.0,12.05,S
2021-07-01T09:44:32,247900.0,12.05,S
2021-07-01T09:44:32,900.0,12.1,B
2021-07-01T09:44:31,100.0,12.1,B
2021-07-01T09:44:26,200.0,12.1,B
2021-07-01T09:44:16,500.0,12.1,B
2021-07-01T09:44:15,500.0,12.1,B
2021-07-01T09:44:14,1700.0,12.1,B
2021-07-01T09:44:11,300.0,12.1,B
2021-07-01T09:44:09,1000.0,12.1,B
2021-07-01T09:44:06,11200.0,12.1,S
2021-07-01T09:43:59,2800.0,12.1,S
2021-07-01T09:43:59,100.0,12.1,S
2021-07-01T09:43:59,32800.0,12.1,S
2021-07-01T09:43:59,10200.0,12.1,S
2021-07-01T09:43:50,3000.0,12.15,B
2021-07-01T09:43:50,10000.0,12.1,S
2021-07-01T09:43:49,25000.0,12.1,S
2021-07-01T09:43:48,10000.0,12.1,S
2021-07-01T09:43:36,10400.0,12.1,S
2021-07-01T09:43:20,300.0,12.15,B
2021-07-01T09:43:15,4500.0,12.15,B
2021-07-01T09:43:10,2400.0,12.15,B
2021-07-01T09:43:03,200.0,12.15,B
2021-07-01T09:42:54,200.0,12.15,B
2021-07-01T09:42:52,3000.0,12.1,S
2021-07-01T09:42:37,600.0,12.15,B
2021-07-01T09:42:19,300.0,12.15,B
2021-07-01T09:42:15,2200.0,12.15,B
2021-07-01T09:42:11,10000.0,12.15,B
2021-07-01T09:42:09,300.0,12.15,B
2021-07-01T09:42:00,800.0,12.15,B
2021-07-01T09:41:53,10000.0,12.15,B
2021-07-01T09:41:52,1500.0,12.15,B
2021-07-01T09:41:47,5700.0,12.1,S
2021-07-01T09:41:47,4300.0,12.1,S
2021-07-01T09:41:31,10000.0,12.15,B
2021-07-01T09:41:29,30000.0,12.15,B
2021-07-01T09:41:26,2000.0,12.15,B
2021-07-01T09:41:24,1000.0,12.15,B
2021-07-01T09:41:19,4200.0,12.15,B
2021-07-01T09:41:16,1000.0,12.15,B
2021-07-01T09:41:11,100.0,12.1,S
2021-07-01T09:41:11,400.0,12.1,S
2021-07-01T09:40:50,2000.0,12.15,B
2021-07-01T09:40:15,500.0,12.15,B
2021-07-01T09:40:11,500.0,12.15,B
2021-07-01T09:40:08,2400.0,12.1,S
2021-07-01T09:39:55,100.0,12.15,B
2021-07-01T09:39:50,2000.0,12.15,B
2021-07-01T09:39:48,5000.0,12.15,B
2021-07-01T09:39:30,5000.0,12.15,B
2021-07-01T09:39:25,200.0,12.1,S
2021-07-01T09:39:20,1000.0,12.1,S
2021-07-01T09:39:16,1000.0,12.15,B
2021-07-01T09:39:13,800.0,12.15,B
2021-07-01T09:39:13,300.0,12.15,B
2021-07-01T09:39:10,1800.0,12.15,B
2021-07-01T09:38:58,300.0,12.1,S
2021-07-01T09:38:45,2000.0,12.15,B
2021-07-01T09:38:30,100.0,12.15,B
2021-07-01T09:38:29,1000.0,12.1,S
2021-07-01T09:38:27,300.0,12.15,B
2021-07-01T09:38:20,300.0,12.15,B
2021-07-01T09:38:14,200.0,12.15,B
2021-07-01T09:38:13,500.0,12.15,B
2021-07-01T09:38:10,200.0,12.15,B
2021-07-01T09:38:09,100.0,12.15,B
2021-07-01T09:38:08,900.0,12.15,B
2021-07-01T09:38:00,5400.0,12.15,B
2021-07-01T09:37:56,2000.0,12.15,B
2021-07-01T09:37:52,100.0,12.15,B
2021-07-01T09:37:51,1000.0,12.15,B
2021-07-01T09:37:51,500.0,12.15,B
2021-07-01T09:37:25,200.0,12.15,B
2021-07-01T09:37:04,100.0,12.15,B
2021-07-01T09:36:58,1000.0,12.15,B
2021-07-01T09:36:58,5500.0,12.15,B
2021-07-01T09:36:58,5000.0,12.15,B
2021-07-01T09:36:50,300.0,12.1,S
2021-07-01T09:36:45,5000.0,12.15,B
2021-07-01T09:36:39,200.0,12.1,S
2021-07-01T09:36:37,8000.0,12.15,B
2021-07-01T09:36:36,500.0,12.1,S
2021-07-01T09:36:33,300.0,12.15,B
2021-07-01T09:36:19,200.0,12.1,S
2021-07-01T09:36:18,200.0,12.15,B
2021-07-01T09:36:13,100.0,12.15,B
2021-07-01T09:36:10,7000.0,12.1,B
2021-07-01T09:36:02,1200.0,12.1,B
2021-07-01T09:36:01,200.0,12.1,B
2021-07-01T09:36:00,1000.0,12.15,B
2021-07-01T09:35:53,1000.0,12.1,B
2021-07-01T09:35:51,4000.0,12.1,B
2021-07-01T09:35:50,1000.0,12.05,S
2021-07-01T09:35:46,1600.0,12.1,B
2021-07-01T09:35:46,2400.0,12.1,B
2021-07-01T09:35:42,1300.0,12.1,B
2021-07-01T09:35:35,100.0,12.1,B
2021-07-01T09:35:32,1900.0,12.1,B
2021-07-01T09:35:32,100.0,12.1,B
2021-07-01T09:35:31,50000.0,12.1,B
2021-07-01T09:35:31,11900.0,12.1,B
2021-07-01T09:35:31,1100.0,12.1,B
2021-07-01T09:35:31,1100.0,12.1,B
2021-07-01T09:35:31,4500.0,12.1,B
2021-07-01T09:35:31,1500.0,12.1,B
2021-07-01T09:35:31,5300.0,12.1,B
2021-07-01T09:35:31,100.0,12.1,B
2021-07-01T09:35:30,4500.0,12.1,B
2021-07-01T09:35:29,200.0,12.1,B
2021-07-01T09:35:26,300.0,12.1,B
2021-07-01T09:35:18,4100.0,12.1,B
2021-07-01T09:35:18,3100.0,12.1,B
2021-07-01T09:35:18,2800.0,12.1,B
2021-07-01T09:35:13,300.0,12.1,B
2021-07-01T09:35:11,30000.0,12.1,B
2021-07-01T09:35:10,400.0,12.1,B
2021-07-01T09:35:08,3000.0,12.1,B
2021-07-01T09:35:04,17900.0,12.1,B
2021-07-01T09:34:59,100.0,12.1,B
2021-07-01T09:34:55,6600.0,12.1,B
2021-07-01T09:34:50,500.0,12.1,B
2021-07-01T09:34:49,5000.0,12.1,B
2021-07-01T09:34:45,1000.0,12.1,B
2021-07-01T09:34:42,200.0,12.1,B
2021-07-01T09:34:36,4500.0,12.1,B
2021-07-01T09:34:33,400.0,12.1,B
2021-07-01T09:34:33,200.0,12.05,S
2021-07-01T09:34:28,6900.0,12.1,B
2021-07-01T09:34:28,3100.0,12.1,B
2021-07-01T09:34:27,1600.0,12.1,B
2021-07-01T09:34:26,500.0,12.05,S
2021-07-01T09:34:20,30000.0,12.1,B
2021-07-01T09:34:20,600.0,12.05,S
2021-07-01T09:34:15,700.0,12.05,S
2021-07-01T09:33:58,100.0,12.05,S
2021-07-01T09:33:52,63700.0,12.05,B
2021-07-01T09:33:52,3600.0,12.05,B
2021-07-01T09:33:52,1000.0,12.05,B
2021-07-01T09:33:52,16100.0,12.05,B
2021-07-01T09:33:50,1000.0,12.0,S
2021-07-01T09:33:29,900.0,12.0,S
2021-07-01T09:33:23,900.0,12.0,S
2021-07-01T09:33:05,2600.0,12.0,S
2021-07-01T09:32:53,10000.0,12.0,S
2021-07-01T09:32:53,300.0,12.0,S
2021-07-01T09:32:52,22000.0,12.05,B
2021-07-01T09:32:28,100.0,12.0,S
2021-07-01T09:32:26,500.0,12.0,S
2021-07-01T09:32:21,2000.0,12.05,B
2021-07-01T09:32:20,7800.0,12.0,S
2021-07-01T09:32:11,100.0,12.0,S
2021-07-01T09:32:10,3000.0,12.0,S
2021-07-01T09:32:06,300.0,12.0,S
2021-07-01T09:32:01,1000.0,12.0,S
2021-07-01T09:32:01,7600.0,11.95,S
2021-07-01T09:32:01,12400.0,12.0,S
2021-07-01T09:31:45,1300.0,12.0,B
2021-07-01T09:31:45,6800.0,12.0,B
2021-07-01T09:31:45,100.0,12.0,B
2021-07-01T09:31:45,400.0,12.0,B
2021-07-01T09:31:31,1500.0,12.0,B
2021-07-01T09:31:31,21300.0,12.0,B
2021-07-01T09:31:31,13500.0,12.0,B
2021-07-01T09:31:31,1300.0,12.0,B
2021-07-01T09:31:30,1000.0,12.0,B
2021-07-01T09:31:30,10200.0,12.0,B
2021-07-01T09:31:30,3000.0,12.0,B
2021-07-01T09:31:30,3900.0,12.0,B
2021-07-01T09:31:30,16400.0,12.0,B
2021-07-01T09:31:30,200.0,12.0,B
2021-07-01T09:31:30,500.0,12.0,B
2021-07-01T09:31:30,1000.0,12.0,B
2021-07-01T09:31:30,6200.0,12.0,B
2021-07-01T09:31:30,21500.0,12.0,B
2021-07-01T09:31:23,10000.0,11.95,S
2021-07-01T09:31:20,1300.0,11.95,S
2021-07-01T09:31:13,1000.0,11.95,S
2021-07-01T09:31:12,25500.0,11.95,B
2021-07-01T09:31:11,4900.0,11.95,B
2021-07-01T09:31:10,400.0,11.95,B
2021-07-01T09:31:09,24500.0,11.95,B
2021-07-01T09:31:00,2600.0,11.95,B
2021-07-01T09:31:00,500.0,11.95,B
2021-07-01T09:31:00,42500.0,11.95,B
2021-07-01T09:30:46,10000.0,11.95,B
2021-07-01T09:30:26,10000.0,11.9,S
2021-07-01T09:30:23,1500.0,11.9,S
2021-07-01T09:30:20,200.0,11.9,S
2021-07-01T09:30:20,200.0,11.95,B
2021-07-01T09:30:17,1300.0,11.9,S
2021-07-01T09:30:16,200.0,11.9,S
2021-07-01T09:30:08,2000.0,11.9,S
2021-07-01T09:29:43,3200.0,11.9,S
2021-07-01T09:29:33,300.0,11.95,B
2021-07-01T09:29:32,1000.0,11.9,S
2021-07-01T09:29:28,2300.0,11.9,S
2021-07-01T09:29:28,5300.0,11.9,S
2021-07-01T09:29:28,5400.0,11.9,S
2021-07-01T09:29:27,500.0,11.9,S
2021-07-01T09:29:10,1000.0,11.9,S
2021-07-01T09:29:09,500.0,11.9,S
2021-07-01T09:29:06,900.0,11.95,B
2021-07-01T09:29:03,100.0,11.95,B
2021-07-01T09:28:59,5000.0,11.9,S
2021-07-01T09:28:44,1000.0,11.95,B
2021-07-01T09:28:40,1700.0,11.9,S
2021-07-01T09:28:40,8400.0,11.9,S
2021-07-01T09:28:40,1300.0,11.9,S
2021-07-01T09:28:40,1600.0,11.9,S
2021-07-01T09:28:40,1200.0,11.9,S
2021-07-01T09:28:40,11900.0,11.9,S
2021-07-01T09:28:40,900.0,11.9,S
2021-07-01T09:28:36,600.0,11.95,B
2021-07-01T09:28:33,10000.0,11.9,S
2021-07-01T09:28:31,1000.0,11.95,B
2021-07-01T09:28:26,500.0,11.9,S
2021-07-01T09:28:17,1300.0,11.95,B
2021-07-01T09:28:07,1000.0,11.95,B
2021-07-01T09:27:56,100.0,11.95,B
2021-07-01T09:27:55,10000.0,11.95,B
2021-07-01T09:27:48,600.0,11.95,B
2021-07-01T09:27:26,2000.0,11.95,S
2021-07-01T09:27:22,500.0,11.95,S
2021-07-01T09:27:10,5900.0,11.95,S
2021-07-01T09:27:09,3000.0,11.95,S
2021-07-01T09:27:07,500.0,12.0,B
2021-07-01T09:27:05,20000.0,11.95,S
2021-07-01T09:26:59,8000.0,11.95,S
2021-07-01T09:26:55,500.0,11.95,S
2021-07-01T09:26:53,400.0,12.0,B
2021-07-01T09:26:50,1400.0,12.0,B
2021-07-01T09:26:47,100.0,11.95,S
2021-07-01T09:26:46,300.0,12.0,B
2021-07-01T09:26:42,10000.0,11.95,S
2021-07-01T09:26:40,500.0,12.0,B
2021-07-01T09:26:34,1000.0,11.95,S
2021-07-01T09:26:32,300.0,12.0,B
2021-07-01T09:26:30,12000.0,12.0,B
2021-07-01T09:26:30,47200.0,11.95,S
2021-07-01T09:26:30,2800.0,11.95,S
2021-07-01T09:26:29,3000.0,11.95,S
2021-07-01T09:26:20,1000.0,12.0,B
2021-07-01T09:25:57,1000.0,12.0,B
2021-07-01T09:25:55,2000.0,12.0,B
2021-07-01T09:25:53,500.0,12.0,B
2021-07-01T09:25:43,100.0,12.0,B
2021-07-01T09:25:43,2000.0,12.0,B
2021-07-01T09:25:39,500.0,12.0,B
2021-07-01T09:25:25,1000.0,12.0,B
2021-07-01T09:25:20,20000.0,12.0,B
2021-07-01T09:25:09,200.0,12.0,S
2021-07-01T09:25:03,4500.0,12.0,S
2021-07-01T09:25:03,1900.0,12.0,S
2021-07-01T09:25:03,1000.0,12.0,S
2021-07-01T09:25:03,300.0,12.0,S
2021-07-01T09:25:03,73800.0,12.0,S
2021-07-01T09:25:03,75000.0,12.0,S
2021-07-01T09:25:03,5900.0,12.0,S
2021-07-01T09:25:02,100.0,12.05,B
2021-07-01T09:25:01,10000.0,12.0,S
2021-07-01T09:24:58,100.0,12.0,S
2021-07-01T09:24:54,5000.0,12.0,S
2021-07-01T09:24:49,600.0,12.0,S
2021-07-01T09:24:49,700.0,12.0,S
2021-07-01T09:24:44,100.0,12.0,S
2021-07-01T09:24:35,1200.0,12.0,S
2021-07-01T09:24:35,5800.0,12.0,S
2021-07-01T09:24:35,1000.0,12.0,S
2021-07-01T09:24:35,2000.0,12.0,S
2021-07-01T09:24:31,10000.0,12.0,S
2021-07-01T09:24:25,1300.0,12.05,B
2021-07-01T09:24:12,2200.0,12.0,S
2021-07-01T09:24:12,4900.0,12.05,B
2021-07-01T09:24:00,1000.0,12.0,S
2021-07-01T09:23:53,1000.0,12.05,B
2021-07-01T09:23:47,300.0,12.0,S
2021-07-01T09:23:12,500.0,12.05,S
2021-07-01T09:23:09,200.0,12.05,S
2021-07-01T09:23:06,100.0,12.05,S
2021-07-01T09:23:02,700.0,12.0,S
2021-07-01T09:22:47,4000.0,12.05,S
2021-07-01T09:22:39,17800.0,12.05,S
2021-07-01T09:22:39,600.0,12.1,B
2021-07-01T09:22:19,1900.0,12.1,B
2021-07-01T09:22:14,3000.0,12.05,S
2021-07-01T09:22:14,1400.0,12.05,S
2021-07-01T09:22:13,3600.0,12.05,S
2021-07-01T09:22:01,1000.0,12.1,B
2021-07-01T09:21:59,3000.0,12.1,B
2021-07-01T09:21:54,20000.0,12.05,S
2021-07-01T09:21:51,1500.0,12.1,B
2021-07-01T09:21:43,1300.0,12.1,B
2021-07-01T09:21:38,2000.0,12.1,B
2021-07-01T09:21:20,100.0,12.1,B
2021-07-01T09:21:16,100.0,12.1,B
2021-07-01T09:21:13,300.0,12.05,S
2021-07-01T09:21:09,2000.0,12.1,B
2021-07-01T09:21:08,3000.0,12.1,B
2021-07-01T09:21:02,900.0,12.1,B
2021-07-01T09:21:02,600.0,12.1,B
2021-07-01T09:21:02,500.0,12.1,B
2021-07-01T09:20:53,2000.0,12.1,B
2021-07-01T09:20:53,3000.0,12.1,B
2021-07-01T09:20:52,50000.0,12.1,B
2021-07-01T09:20:36,100.0,12.1,B
2021-07-01T09:20:26,500.0,12.1,S
2021-07-01T09:20:16,500.0,12.1,S
2021-07-01T09:20:16,5900.0,12.1,S
2021-07-01T09:20:14,100.0,12.1,S
2021-07-01T09:20:10,500.0,12.1,S
2021-07-01T09:20:09,4500.0,12.1,S
2021-07-01T09:20:09,31100.0,12.1,S
2021-07-01T09:20:05,500.0,12.15,B
2021-07-01T09:20:00,2000.0,12.15,B
2021-07-01T09:19:56,2000.0,12.15,B
2021-07-01T09:19:50,1300.0,12.15,B
2021-07-01T09:19:49,300.0,12.15,B
2021-07-01T09:19:45,2300.0,12.15,S
2021-07-01T09:19:45,1000.0,12.15,S
2021-07-01T09:19:45,1000.0,12.2,B
2021-07-01T09:19:42,2000.0,12.15,S
2021-07-01T09:19:34,5000.0,12.15,S
2021-07-01T09:19:30,100.0,12.15,S
2021-07-01T09:19:28,100.0,12.2,B
2021-07-01T09:19:20,20000.0,12.15,S
2021-07-01T09:19:15,17000.0,12.2,B
2021-07-01T09:19:10,30300.0,12.15,S
2021-07-01T09:19:08,500.0,12.15,S
2021-07-01T09:19:07,900.0,12.15,S
2021-07-01T09:19:06,18900.0,12.15,S
2021-07-01T09:19:06,1100.0,12.15,S
2021-07-01T09:18:38,100.0,12.2,B
2021-07-01T09:18:37,100.0,12.15,S
2021-07-01T09:18:37,1000.0,12.15,S
2021-07-01T09:18:35,200.0,12.2,B
2021-07-01T09:18:35,5000.0,12.15,S
2021-07-01T09:18:31,5000.0,12.2,B
2021-07-01T09:18:29,600.0,12.2,B
2021-07-01T09:18:28,20000.0,12.15,S
2021-07-01T09:18:22,500.0,12.15,S
2021-07-01T09:18:18,2000.0,12.2,B
2021-07-01T09:18:11,2500.0,12.2,B
2021-07-01T09:18:08,1000.0,12.15,S
2021-07-01T09:17:59,100.0,12.2,B
2021-07-01T09:17:56,100.0,12.2,B
2021-07-01T09:17:56,100.0,12.2,B
2021-07-01T09:17:56,400.0,12.2,B
2021-07-01T09:17:54,1000.0,12.2,B
2021-07-01T09:17:52,2000.0,12.2,B
2021-07-01T09:17:43,1300.0,12.2,B
2021-07-01T09:17:41,1000.0,12.2,B
2021-07-01T09:17:41,1800.0,12.2,B
2021-07-01T09:17:37,100.0,12.2,B
2021-07-01T09:17:34,1100.0,12.2,B
2021-07-01T09:17:31,8600.0,12.2,B
2021-07-01T09:17:18,200.0,12.2,B
2021-07-01T09:17:15,800.0,12.2,B
2021-07-01T09:17:15,100.0,12.1,S
2021-07-01T09:17:10,300.0,12.3,B
2021-07-01T09:17:10,2200.0,12.3,B
2021-07-01T09:17:10,2500.0,12.2,B
2021-07-01T09:17:07,10000.0,12.2,B
2021-07-01T09:17:02,1000.0,12.2,B
2021-07-01T09:17:02,200.0,12.2,B
2021-07-01T09:17:01,6000.0,12.2,S
2021-07-01T09:17:00,300.0,12.2,S
2021-07-01T09:16:59,1300.0,12.2,S
2021-07-01T09:16:59,1000.0,12.2,S
2021-07-01T09:16:57,5000.0,12.2,S
2021-07-01T09:16:50,10000.0,12.2,S
2021-07-01T09:16:45,1500.0,12.2,S
2021-07-01T09:16:42,25000.0,12.2,B
2021-07-01T09:16:40,200.0,12.2,B
2021-07-01T09:16:39,500.0,12.2,B
2021-07-01T09:16:38,100.0,12.2,B
2021-07-01T09:16:37,11900.0,12.2,B
2021-07-01T09:16:37,13200.0,12.2,B
2021-07-01T09:16:37,2700.0,12.2,B
2021-07-01T09:16:37,5000.0,12.2,B
2021-07-01T09:16:37,600.0,12.2,B
2021-07-01T09:16:37,40100.0,12.2,B
2021-07-01T09:16:37,200.0,12.2,B
2021-07-01T09:16:37,40600.0,12.2,B
2021-07-01T09:16:37,100.0,12.2,B
2021-07-01T09:16:37,15400.0,12.2,B
2021-07-01T09:16:37,600.0,12.1,B
2021-07-01T09:16:37,24700.0,12.1,B
2021-07-01T09:16:36,2500.0,12.1,B
2021-07-01T09:16:35,100.0,12.1,B
2021-07-01T09:16:32,4500.0,12.1,B
2021-07-01T09:16:32,3000.0,12.1,B
2021-07-01T09:16:32,2500.0,12.1,B
2021-07-01T09:16:23,500.0,12.05,S
2021-07-01T09:16:23,1000.0,12.05,S
2021-07-01T09:15:52,15200.0,12.0,S
2021-07-01T09:15:48,7800.0,12.0,S
2021-07-01T09:15:43,100.0,12.0,S
2021-07-01T09:15:39,4500.0,12.1,B
