tradingTime,volume,price,side
2021-07-01T14:51:45,3000.0,24.3,S
2021-07-01T14:43:31,1000.0,24.4,B
2021-07-01T14:42:46,500.0,24.4,B
2021-07-01T14:34:26,1000.0,24.0,S
2021-07-01T14:30:21,30000.0,24.0,S
2021-07-01T14:30:16,500.0,24.3,B
2021-07-01T14:29:57,100.0,24.3,B
2021-07-01T14:28:39,1000.0,24.3,B
2021-07-01T14:28:16,100.0,24.3,B
2021-07-01T14:24:59,1300.0,24.3,B
2021-07-01T14:24:47,100.0,24.3,B
2021-07-01T14:24:39,100.0,24.3,B
2021-07-01T14:23:14,200.0,24.3,B
2021-07-01T14:22:53,9600.0,24.3,B
2021-07-01T14:22:47,200.0,24.3,S
2021-07-01T14:18:51,500.0,24.4,B
2021-07-01T14:18:27,200.0,24.4,B
2021-07-01T14:18:25,1000.0,24.4,B
2021-07-01T14:16:02,1000.0,24.4,B
2021-07-01T14:13:13,2000.0,24.4,B
2021-07-01T14:13:11,200.0,24.4,B
2021-07-01T14:09:57,600.0,24.4,B
2021-07-01T14:08:58,200.0,24.4,B
2021-07-01T14:08:47,10000.0,24.3,S
2021-07-01T14:04:51,3000.0,24.3,B
2021-07-01T14:04:44,500.0,24.3,B
2021-07-01T14:01:57,200.0,24.3,B
2021-07-01T14:01:26,600.0,24.3,B
2021-07-01T14:01:07,100.0,24.3,B
2021-07-01T13:59:30,200.0,24.3,B
2021-07-01T13:58:34,500.0,24.3,B
2021-07-01T13:58:32,100.0,24.3,B
2021-07-01T13:57:08,400.0,24.3,B
2021-07-01T13:56:51,7900.0,24.3,S
2021-07-01T13:56:22,100.0,24.4,B
2021-07-01T13:55:12,400.0,24.4,S
2021-07-01T13:54:51,600.0,24.4,B
2021-07-01T13:54:38,500.0,24.3,S
2021-07-01T13:52:57,100.0,24.3,S
2021-07-01T13:50:07,3000.0,24.3,S
2021-07-01T13:49:04,2200.0,24.3,S
2021-07-01T13:47:50,800.0,24.3,S
2021-07-01T13:46:39,700.0,24.4,B
2021-07-01T13:44:22,600.0,24.4,B
2021-07-01T13:43:36,9000.0,24.4,B
2021-07-01T13:43:03,1300.0,24.5,S
2021-07-01T13:42:57,3000.0,24.5,S
2021-07-01T13:41:48,500.0,24.6,B
2021-07-01T13:40:04,1200.0,24.6,B
2021-07-01T13:39:36,1000.0,24.6,B
2021-07-01T13:37:39,1200.0,24.5,B
2021-07-01T13:37:25,300.0,24.5,B
2021-07-01T13:36:58,2000.0,24.5,B
2021-07-01T13:36:23,1200.0,24.5,B
2021-07-01T13:35:44,100.0,24.5,B
2021-07-01T13:34:23,300.0,24.4,S
2021-07-01T13:33:13,100.0,24.4,S
2021-07-01T13:31:18,2500.0,24.4,S
2021-07-01T13:31:06,3100.0,24.4,S
2021-07-01T13:28:10,200.0,24.4,S
2021-07-01T13:27:23,200.0,24.5,B
2021-07-01T13:25:01,100.0,24.4,S
2021-07-01T13:24:10,200.0,24.4,S
2021-07-01T13:23:58,1000.0,24.4,S
2021-07-01T13:22:43,800.0,24.4,S
2021-07-01T13:20:20,200.0,24.5,B
2021-07-01T13:19:53,300.0,24.5,B
2021-07-01T13:19:37,600.0,24.5,B
2021-07-01T13:19:24,3100.0,24.5,B
2021-07-01T13:18:50,1600.0,24.5,S
2021-07-01T13:17:18,100.0,24.5,S
2021-07-01T13:16:21,500.0,24.5,S
2021-07-01T13:14:57,2300.0,24.5,S
2021-07-01T13:14:06,1000.0,24.5,S
2021-07-01T13:12:31,200.0,24.6,B
2021-07-01T13:09:50,600.0,24.6,B
2021-07-01T13:09:49,200.0,24.6,B
2021-07-01T13:09:29,400.0,24.6,B
2021-07-01T13:09:11,1300.0,24.6,B
2021-07-01T13:09:01,100.0,24.6,S
2021-07-01T13:08:35,1600.0,24.6,B
2021-07-01T13:08:16,3000.0,24.6,B
2021-07-01T13:08:07,100.0,24.6,B
2021-07-01T13:07:15,100.0,24.6,B
2021-07-01T13:06:35,2000.0,24.6,B
2021-07-01T13:05:26,200.0,24.6,B
2021-07-01T13:04:48,1200.0,24.5,S
2021-07-01T13:04:44,400.0,24.6,B
2021-07-01T13:04:37,500.0,24.6,B
2021-07-01T13:03:59,400.0,24.6,B
2021-07-01T13:03:55,2000.0,24.6,S
2021-07-01T13:03:21,800.0,24.6,B
2021-07-01T13:03:20,200.0,24.6,S
2021-07-01T13:03:17,800.0,24.6,B
2021-07-01T13:03:11,2000.0,24.6,B
2021-07-01T13:03:01,2000.0,24.6,B
2021-07-01T13:02:55,200.0,24.6,S
2021-07-01T13:02:53,1800.0,24.6,B
2021-07-01T13:02:51,400.0,24.6,B
2021-07-01T13:02:48,800.0,24.6,B
2021-07-01T13:02:22,100.0,24.6,B
2021-07-01T13:02:06,1000.0,24.6,B
2021-07-01T13:01:46,400.0,24.5,S
2021-07-01T13:01:28,1000.0,24.4,S
2021-07-01T13:01:04,400.0,24.5,B
2021-07-01T13:00:43,3000.0,24.5,B
2021-07-01T13:00:39,100.0,24.4,B
2021-07-01T13:00:37,200.0,24.3,S
2021-07-01T11:29:37,3000.0,24.2,B
2021-07-01T11:29:36,100.0,24.2,B
2021-07-01T11:23:31,2200.0,24.2,B
2021-07-01T11:23:19,500.0,24.2,S
2021-07-01T11:22:45,400.0,24.2,B
2021-07-01T11:22:43,100.0,24.2,B
2021-07-01T11:22:02,500.0,24.2,S
2021-07-01T11:21:37,200.0,24.2,S
2021-07-01T11:20:44,100.0,24.2,S
2021-07-01T11:19:23,1300.0,24.3,B
2021-07-01T11:18:01,200.0,24.3,B
2021-07-01T11:16:54,4300.0,24.3,S
2021-07-01T11:16:47,200.0,24.3,S
2021-07-01T11:16:44,100.0,24.3,S
2021-07-01T11:16:03,2000.0,24.3,S
2021-07-01T11:15:19,1900.0,24.4,S
2021-07-01T11:15:09,300.0,24.4,S
2021-07-01T11:15:05,1000.0,24.4,S
2021-07-01T11:13:20,5000.0,24.5,B
2021-07-01T11:11:20,3300.0,24.6,B
2021-07-01T11:09:33,500.0,24.6,S
2021-07-01T11:09:19,1000.0,24.7,B
2021-07-01T11:08:43,400.0,24.7,S
2021-07-01T11:08:36,100.0,24.7,S
2021-07-01T11:08:35,1000.0,24.7,S
2021-07-01T11:08:04,300.0,24.7,S
2021-07-01T11:07:51,1200.0,24.7,B
2021-07-01T11:07:40,800.0,24.7,B
2021-07-01T11:07:25,100.0,24.7,S
2021-07-01T11:07:14,500.0,24.7,S
2021-07-01T11:07:10,200.0,24.7,S
2021-07-01T11:06:43,100.0,24.7,S
2021-07-01T11:06:16,8300.0,24.7,B
2021-07-01T11:06:02,2500.0,24.7,B
2021-07-01T11:05:38,200.0,24.7,B
2021-07-01T11:05:30,1000.0,24.7,B
2021-07-01T11:05:18,3000.0,24.7,B
2021-07-01T11:04:25,200.0,24.7,B
2021-07-01T11:03:54,800.0,24.5,S
2021-07-01T11:03:49,900.0,24.5,B
2021-07-01T11:03:17,600.0,24.5,B
2021-07-01T11:03:11,500.0,24.5,B
2021-07-01T11:02:57,100.0,24.5,B
2021-07-01T11:02:36,200.0,24.5,B
2021-07-01T11:02:35,5000.0,24.5,B
2021-07-01T11:02:30,500.0,24.3,S
2021-07-01T11:02:28,600.0,24.5,B
2021-07-01T11:02:19,100.0,24.3,S
2021-07-01T11:02:18,1300.0,24.5,B
2021-07-01T11:01:36,300.0,24.3,B
2021-07-01T11:01:33,900.0,24.3,B
2021-07-01T11:01:06,200.0,24.3,B
2021-07-01T11:00:34,200.0,24.2,B
2021-07-01T11:00:05,2500.0,24.2,B
2021-07-01T11:00:05,200.0,24.0,B
2021-07-01T10:59:51,3900.0,24.0,B
2021-07-01T10:59:43,1300.0,23.8,B
2021-07-01T10:59:36,400.0,23.8,B
2021-07-01T10:59:23,1000.0,23.8,B
2021-07-01T10:59:20,100.0,23.7,B
2021-07-01T10:58:52,1100.0,23.6,B
2021-07-01T10:58:39,1000.0,23.5,B
2021-07-01T10:58:23,1000.0,23.5,B
2021-07-01T10:57:54,1000.0,23.5,B
2021-07-01T10:57:41,500.0,23.5,B
2021-07-01T10:56:27,200.0,23.4,S
2021-07-01T10:56:11,100.0,23.4,B
2021-07-01T10:56:07,100.0,23.4,B
2021-07-01T10:55:47,8800.0,23.4,B
2021-07-01T10:55:46,2000.0,23.4,B
2021-07-01T10:55:23,1000.0,23.4,B
2021-07-01T10:55:10,1000.0,23.4,B
2021-07-01T10:54:48,500.0,23.4,B
2021-07-01T10:53:53,100.0,23.4,B
2021-07-01T10:52:36,2700.0,23.4,B
2021-07-01T10:52:12,200.0,23.3,B
2021-07-01T10:51:00,200.0,23.3,B
2021-07-01T10:50:40,100.0,23.3,B
2021-07-01T10:50:27,2000.0,23.3,B
2021-07-01T10:50:21,200.0,23.3,B
2021-07-01T10:49:48,300.0,23.2,B
2021-07-01T10:48:08,500.0,23.2,S
2021-07-01T10:47:55,800.0,23.2,B
2021-07-01T10:46:03,400.0,23.1,S
2021-07-01T10:39:08,100.0,23.0,S
2021-07-01T10:38:03,2500.0,23.0,S
2021-07-01T10:38:00,4000.0,23.0,S
2021-07-01T10:36:50,800.0,23.0,S
2021-07-01T10:33:08,500.0,23.0,S
2021-07-01T10:31:59,500.0,23.0,S
2021-07-01T10:30:37,1000.0,23.0,S
2021-07-01T10:29:56,400.0,23.0,B
2021-07-01T10:29:44,100.0,23.0,B
2021-07-01T10:29:28,5000.0,23.0,B
2021-07-01T10:27:48,100.0,22.9,B
2021-07-01T10:26:57,100.0,22.9,S
2021-07-01T10:26:45,100.0,22.9,S
2021-07-01T10:26:26,1000.0,22.9,B
2021-07-01T10:26:23,100.0,22.9,B
2021-07-01T10:25:45,2000.0,22.9,B
2021-07-01T10:25:26,2000.0,22.9,B
2021-07-01T10:25:16,100.0,22.9,B
2021-07-01T10:24:30,100.0,22.8,B
2021-07-01T10:24:26,2000.0,22.8,B
2021-07-01T10:23:53,1100.0,22.8,B
2021-07-01T10:23:50,4000.0,22.7,S
2021-07-01T10:23:02,10000.0,22.7,S
2021-07-01T10:22:49,800.0,22.7,S
2021-07-01T10:22:36,2000.0,22.7,S
2021-07-01T10:21:35,100.0,22.7,S
2021-07-01T10:20:44,1000.0,22.7,S
2021-07-01T10:20:43,200.0,22.8,B
2021-07-01T10:20:25,100.0,22.8,B
2021-07-01T10:20:13,100.0,22.8,S
2021-07-01T10:19:54,300.0,22.8,B
2021-07-01T10:19:51,100.0,22.8,S
2021-07-01T10:19:37,300.0,22.8,S
2021-07-01T10:19:05,5000.0,22.8,S
2021-07-01T10:18:12,400.0,22.9,B
2021-07-01T10:17:23,100.0,22.9,S
2021-07-01T10:17:17.5743037,500.0,22.9,B
2021-07-01T10:16:36.479,3900.0,22.9,B
2021-07-01T10:12:58,200.0,22.8,S
2021-07-01T10:11:54,2500.0,22.7,S
2021-07-01T10:11:32,800.0,22.7,S
2021-07-01T10:11:14,2900.0,22.7,S
2021-07-01T10:10:57,100.0,22.8,B
2021-07-01T10:10:47,200.0,22.8,B
2021-07-01T10:10:46,100.0,22.8,S
2021-07-01T10:10:36,8000.0,22.8,S
2021-07-01T10:10:23,300.0,22.8,S
2021-07-01T10:10:21,3000.0,22.9,B
2021-07-01T10:09:25,100.0,22.8,S
2021-07-01T10:08:37,300.0,22.8,S
2021-07-01T10:07:57,10900.0,22.9,B
2021-07-01T10:07:22,2300.0,22.9,S
2021-07-01T10:06:37,1000.0,22.9,S
2021-07-01T10:06:21,400.0,23.0,B
2021-07-01T10:05:42,100.0,23.0,B
2021-07-01T10:03:06,200.0,23.0,B
2021-07-01T10:02:28,100.0,23.0,B
2021-07-01T10:01:51,100.0,23.0,B
2021-07-01T10:01:08,6800.0,23.0,S
2021-07-01T10:01:07,200.0,23.0,S
2021-07-01T10:00:46,1600.0,23.0,S
2021-07-01T10:00:40,1000.0,23.0,S
2021-07-01T10:00:15,400.0,23.0,S
2021-07-01T10:00:05,500.0,23.0,S
2021-07-01T09:59:53,800.0,23.0,S
2021-07-01T09:59:08,2000.0,23.0,S
2021-07-01T09:58:18,5000.0,23.0,S
2021-07-01T09:57:39,800.0,23.0,S
2021-07-01T09:57:21,200.0,23.0,S
2021-07-01T09:57:16,200.0,23.1,S
2021-07-01T09:57:10,4700.0,23.0,S
2021-07-01T09:56:40,18000.0,23.0,S
2021-07-01T09:55:52,200.0,23.2,B
2021-07-01T09:54:38,100.0,23.2,B
2021-07-01T09:53:37,500.0,23.2,S
2021-07-01T09:53:32,3500.0,23.2,S
2021-07-01T09:53:02,100.0,23.2,S
2021-07-01T09:51:57,200.0,23.2,S
2021-07-01T09:51:11,500.0,23.2,S
2021-07-01T09:49:49,1000.0,23.2,S
2021-07-01T09:48:49,100.0,23.2,S
2021-07-01T09:47:52,2400.0,23.2,S
2021-07-01T09:45:20,3500.0,23.2,S
2021-07-01T09:45:19,100.0,23.2,S
2021-07-01T09:45:09,500.0,23.3,B
2021-07-01T09:44:58,200.0,23.2,S
2021-07-01T09:44:37,1000.0,23.2,S
2021-07-01T09:41:09,1500.0,23.2,S
2021-07-01T09:38:56,1500.0,23.2,S
2021-07-01T09:37:49,200.0,23.3,B
2021-07-01T09:36:52,1500.0,23.4,B
2021-07-01T09:36:42,300.0,23.3,B
2021-07-01T09:36:25,5000.0,23.3,B
2021-07-01T09:35:05,300.0,23.1,S
2021-07-01T09:33:10,1000.0,23.3,B
2021-07-01T09:32:41,2500.0,23.1,B
2021-07-01T09:32:38,2500.0,23.0,S
2021-07-01T09:32:28,5000.0,23.0,B
2021-07-01T09:32:20,5000.0,23.0,B
2021-07-01T09:32:16,700.0,22.9,S
2021-07-01T09:31:41,400.0,23.0,B
2021-07-01T09:31:30,100.0,23.0,B
2021-07-01T09:31:17,400.0,23.0,B
2021-07-01T09:30:41,500.0,23.0,B
2021-07-01T09:30:10,200.0,23.0,S
2021-07-01T09:29:58,100.0,23.0,B
2021-07-01T09:29:56,200.0,23.0,S
2021-07-01T09:29:43,900.0,23.0,S
2021-07-01T09:29:42,1900.0,23.0,B
2021-07-01T09:29:38,100.0,23.0,B
2021-07-01T09:29:30,100.0,23.0,B
2021-07-01T09:29:18,300.0,23.0,B
2021-07-01T09:28:43,2600.0,23.0,S
2021-07-01T09:28:37,800.0,23.0,S
2021-07-01T09:28:36,2000.0,23.0,S
2021-07-01T09:28:12,300.0,23.0,S
2021-07-01T09:27:48,2500.0,23.0,S
2021-07-01T09:27:14,1000.0,23.0,S
2021-07-01T09:25:49,200.0,23.1,B
2021-07-01T09:25:36,200.0,23.0,S
2021-07-01T09:25:35,700.0,23.1,B
2021-07-01T09:25:28,9500.0,23.0,S
2021-07-01T09:24:50,300.0,23.3,B
2021-07-01T09:24:28,1000.0,23.3,B
2021-07-01T09:23:24,100.0,23.3,S
2021-07-01T09:22:14,100.0,23.4,B
2021-07-01T09:19:46,2000.0,23.4,B
2021-07-01T09:18:03,300.0,23.4,B
2021-07-01T09:11:15,100.0,23.4,B
2021-07-01T09:06:43,1600.0,23.4,B
2021-07-01T09:06:31,300.0,23.4,S
2021-07-01T09:03:54,300.0,23.4,B
2021-07-01T09:03:15,600.0,23.4,B
2021-07-01T09:00:54,400.0,23.4,S
