tradingTime,volume,price,side
2021-07-01T14:30:16,700.0,21.95,B
2021-07-01T14:30:11,100.0,21.9,S
2021-07-01T14:29:58,3000.0,21.9,S
2021-07-01T14:29:34,2700.0,21.9,S
2021-07-01T14:29:32,1000.0,21.95,B
2021-07-01T14:29:30,700.0,21.95,B
2021-07-01T14:29:25,700.0,21.95,B
2021-07-01T14:29:19,600.0,21.95,B
2021-07-01T14:29:04,5000.0,21.9,S
2021-07-01T14:29:01,100.0,21.9,S
2021-07-01T14:29:00,1000.0,21.95,B
2021-07-01T14:28:58,100.0,21.95,B
2021-07-01T14:28:57,1000.0,21.95,B
2021-07-01T14:28:54,200.0,21.95,B
2021-07-01T14:28:48,200.0,21.95,B
2021-07-01T14:28:44,100.0,21.95,B
2021-07-01T14:28:44,300.0,21.9,S
2021-07-01T14:28:44,1500.0,21.9,S
2021-07-01T14:28:43,2200.0,21.9,S
2021-07-01T14:28:41,300.0,21.95,B
2021-07-01T14:28:33,500.0,21.95,B
2021-07-01T14:28:28,2000.0,21.9,S
2021-07-01T14:28:24,500.0,21.95,B
2021-07-01T14:28:18,700.0,21.95,B
2021-07-01T14:28:10,100.0,21.95,B
2021-07-01T14:28:01,3000.0,21.95,B
2021-07-01T14:28:00,4000.0,21.9,S
2021-07-01T14:27:52,100.0,21.95,B
2021-07-01T14:27:37,100.0,21.95,B
2021-07-01T14:27:24,6000.0,21.9,S
2021-07-01T14:27:17,700.0,21.95,B
2021-07-01T14:27:14,100.0,21.95,B
2021-07-01T14:27:12,4000.0,21.9,S
2021-07-01T14:27:08,200.0,21.95,B
2021-07-01T14:27:05,1000.0,21.95,B
2021-07-01T14:27:04,200.0,21.95,B
2021-07-01T14:26:54,100.0,21.95,B
2021-07-01T14:26:48,200.0,21.95,B
2021-07-01T14:26:48,200.0,21.95,B
2021-07-01T14:26:39,100.0,21.95,B
2021-07-01T14:26:35,500.0,21.95,B
2021-07-01T14:26:32,100.0,21.95,B
2021-07-01T14:26:26,300.0,21.95,B
2021-07-01T14:26:06,100.0,21.95,B
2021-07-01T14:25:57,200.0,21.95,B
2021-07-01T14:25:49,100.0,21.95,B
2021-07-01T14:25:42,800.0,21.95,B
2021-07-01T14:25:26,1000.0,21.9,S
2021-07-01T14:25:25,3500.0,21.95,B
2021-07-01T14:25:04,300.0,21.95,B
2021-07-01T14:25:03,500.0,21.95,B
2021-07-01T14:24:54,500.0,21.95,B
2021-07-01T14:24:46,100.0,21.95,B
2021-07-01T14:24:28,100.0,21.95,B
2021-07-01T14:24:14,2000.0,21.9,S
2021-07-01T14:24:09,600.0,21.95,B
2021-07-01T14:23:40,100.0,21.95,B
2021-07-01T14:23:27,200.0,21.95,B
2021-07-01T14:23:20,100.0,21.95,B
2021-07-01T14:23:03,200.0,21.95,B
2021-07-01T14:22:56,100.0,21.95,B
2021-07-01T14:22:47,200.0,21.95,B
2021-07-01T14:22:39,1000.0,21.95,B
2021-07-01T14:22:36,500.0,21.9,S
2021-07-01T14:22:36,1000.0,21.9,S
2021-07-01T14:22:36,14000.0,21.9,S
2021-07-01T14:22:36,14500.0,21.9,S
2021-07-01T14:22:28,400.0,21.95,B
2021-07-01T14:22:28,200.0,21.95,B
2021-07-01T14:22:20,900.0,21.95,B
2021-07-01T14:22:19,100.0,21.95,B
2021-07-01T14:22:13,200.0,21.95,B
2021-07-01T14:22:07,300.0,21.95,B
2021-07-01T14:22:01,200.0,21.95,B
2021-07-01T14:21:51,100.0,21.95,B
2021-07-01T14:21:44,200.0,21.95,B
2021-07-01T14:21:36,100.0,21.95,B
2021-07-01T14:21:29,200.0,21.95,B
2021-07-01T14:21:29,100.0,21.95,B
2021-07-01T14:21:18,100.0,21.95,B
2021-07-01T14:21:11,300.0,21.95,B
2021-07-01T14:21:09,200.0,21.95,B
2021-07-01T14:21:06,200.0,21.95,B
2021-07-01T14:21:03,2500.0,21.95,B
2021-07-01T14:21:01,100.0,21.95,B
2021-07-01T14:20:56,200.0,21.95,B
2021-07-01T14:20:51,100.0,21.9,S
2021-07-01T14:20:47,100.0,21.95,B
2021-07-01T14:20:34,5000.0,21.95,B
2021-07-01T14:20:33,300.0,21.95,B
2021-07-01T14:20:25,200.0,21.95,B
2021-07-01T14:20:18,100.0,21.95,B
2021-07-01T14:20:12,5000.0,21.9,S
2021-07-01T14:20:10,100.0,21.95,B
2021-07-01T14:20:08,5000.0,21.95,B
2021-07-01T14:20:02,200.0,21.95,B
2021-07-01T14:20:02,500.0,21.95,B
2021-07-01T14:19:58,100.0,21.95,B
2021-07-01T14:19:53,2000.0,21.95,B
2021-07-01T14:19:53,200.0,21.95,B
2021-07-01T14:19:46,100.0,21.95,B
2021-07-01T14:19:42,200.0,21.95,B
2021-07-01T14:19:31,15000.0,21.9,S
2021-07-01T14:19:30,100.0,21.95,B
2021-07-01T14:19:29,1000.0,21.9,S
2021-07-01T14:19:22,15200.0,21.9,S
2021-07-01T14:19:21,200.0,21.95,B
2021-07-01T14:19:19,100.0,21.95,B
2021-07-01T14:19:01,500.0,21.95,B
2021-07-01T14:18:51,2500.0,21.95,S
2021-07-01T14:18:51,1800.0,21.95,S
2021-07-01T14:18:50,19700.0,21.95,S
2021-07-01T14:18:46,300.0,21.95,S
2021-07-01T14:18:45,200.0,21.95,S
2021-07-01T14:18:42,4000.0,21.95,S
2021-07-01T14:18:42,200.0,22.0,B
2021-07-01T14:18:34,300.0,22.0,B
2021-07-01T14:18:31,200.0,22.0,B
2021-07-01T14:18:23,100.0,22.0,B
2021-07-01T14:18:18,200.0,22.0,B
2021-07-01T14:18:14,100.0,22.0,B
2021-07-01T14:18:10,200.0,22.0,B
2021-07-01T14:18:04,300.0,22.0,B
2021-07-01T14:18:04,3000.0,21.95,S
2021-07-01T14:17:59,200.0,22.0,B
2021-07-01T14:17:53,100.0,22.0,B
2021-07-01T14:17:52,500.0,21.95,S
2021-07-01T14:17:50,2600.0,21.95,S
2021-07-01T14:17:49,300.0,22.0,B
2021-07-01T14:17:47,1000.0,22.0,B
2021-07-01T14:17:38,100.0,22.0,B
2021-07-01T14:17:33,400.0,22.0,B
2021-07-01T14:17:32,500.0,22.0,B
2021-07-01T14:17:28,100.0,22.0,B
2021-07-01T14:17:21,200.0,22.0,B
2021-07-01T14:17:11,500.0,22.0,B
2021-07-01T14:16:51,1000.0,22.0,B
2021-07-01T14:16:34,1000.0,22.0,B
2021-07-01T14:16:31,200.0,22.0,B
2021-07-01T14:16:25,300.0,22.0,B
2021-07-01T14:16:22,1500.0,21.95,S
2021-07-01T14:16:17,100.0,22.0,B
2021-07-01T14:16:16,800.0,22.0,B
2021-07-01T14:16:12,200.0,22.0,B
2021-07-01T14:16:11,500.0,21.95,S
2021-07-01T14:16:06,100.0,22.0,B
2021-07-01T14:16:01,200.0,22.0,B
2021-07-01T14:15:55,300.0,22.0,B
2021-07-01T14:15:48,200.0,22.0,B
2021-07-01T14:15:41,100.0,22.0,B
2021-07-01T14:15:40,1600.0,22.0,B
2021-07-01T14:15:36,200.0,22.0,B
2021-07-01T14:15:14,100.0,22.0,B
2021-07-01T14:14:55,700.0,22.0,B
2021-07-01T14:14:25,200.0,22.0,B
2021-07-01T14:14:17,100.0,22.0,B
2021-07-01T14:14:15,100.0,22.0,B
2021-07-01T14:14:06,1000.0,21.95,S
2021-07-01T14:14:04,200.0,22.0,B
2021-07-01T14:13:51,100.0,22.0,B
2021-07-01T14:13:45,300.0,22.0,B
2021-07-01T14:13:36,700.0,22.0,B
2021-07-01T14:13:33,500.0,21.95,S
2021-07-01T14:13:33,200.0,21.95,S
2021-07-01T14:13:32,200.0,22.0,B
2021-07-01T14:13:22,100.0,22.0,B
2021-07-01T14:13:22,100.0,21.95,S
2021-07-01T14:13:22,3000.0,21.95,S
2021-07-01T14:13:16,100.0,21.95,S
2021-07-01T14:13:13,3800.0,21.95,B
2021-07-01T14:13:12,2900.0,21.95,B
2021-07-01T14:13:11,1000.0,21.95,B
2021-07-01T14:13:07,2000.0,21.95,B
2021-07-01T14:13:05,300.0,21.95,B
2021-07-01T14:12:59,200.0,21.95,B
2021-07-01T14:12:54,200.0,21.95,B
2021-07-01T14:12:53,100.0,21.95,B
2021-07-01T14:12:49,200.0,21.95,B
2021-07-01T14:12:48,100.0,21.95,B
2021-07-01T14:12:44,100.0,21.95,B
2021-07-01T14:12:43,2000.0,21.95,B
2021-07-01T14:12:41,100.0,21.95,B
2021-07-01T14:12:40,1000.0,21.95,B
2021-07-01T14:12:38,300.0,21.95,B
2021-07-01T14:12:37,3600.0,21.95,B
2021-07-01T14:12:37,2000.0,21.95,B
2021-07-01T14:12:36,400.0,21.95,B
2021-07-01T14:12:32,200.0,21.95,B
2021-07-01T14:12:31,1000.0,21.95,B
2021-07-01T14:12:29,200.0,21.95,B
2021-07-01T14:12:29,200.0,21.95,B
2021-07-01T14:12:28,100.0,21.95,B
2021-07-01T14:12:28,200.0,21.95,B
2021-07-01T14:12:26,2000.0,21.95,B
2021-07-01T14:12:23,200.0,21.95,B
2021-07-01T14:12:16,100.0,21.95,B
2021-07-01T14:12:15,1600.0,21.95,B
2021-07-01T14:12:11,1800.0,21.95,B
2021-07-01T14:12:09,1400.0,21.95,B
2021-07-01T14:12:06,100.0,21.95,B
2021-07-01T14:12:06,300.0,21.95,B
2021-07-01T14:12:06,2300.0,21.95,B
2021-07-01T14:12:06,2500.0,21.95,B
2021-07-01T14:12:03,100.0,21.95,B
2021-07-01T14:12:01,3000.0,21.95,B
2021-07-01T14:11:56,200.0,21.95,B
2021-07-01T14:11:52,500.0,21.95,B
2021-07-01T14:11:52,1000.0,21.95,B
2021-07-01T14:11:51,100.0,21.95,B
2021-07-01T14:11:46,300.0,21.95,B
2021-07-01T14:11:46,35500.0,21.95,B
2021-07-01T14:11:45,14500.0,21.95,B
2021-07-01T14:11:40,100.0,21.95,B
2021-07-01T14:11:36,200.0,21.95,B
2021-07-01T14:11:36,100.0,21.9,S
2021-07-01T14:11:32,100.0,21.95,B
2021-07-01T14:11:27,300.0,21.95,B
2021-07-01T14:11:14,100.0,21.95,B
2021-07-01T14:11:06,200.0,21.95,B
2021-07-01T14:11:01,100.0,21.95,B
2021-07-01T14:10:56,200.0,21.95,B
2021-07-01T14:10:52,100.0,21.95,B
2021-07-01T14:10:20,1700.0,21.9,B
2021-07-01T14:10:19,1000.0,21.9,B
2021-07-01T14:10:17,5000.0,21.9,B
2021-07-01T14:10:16,1900.0,21.9,B
2021-07-01T14:10:16,1100.0,21.9,B
2021-07-01T14:10:16,300.0,21.9,B
2021-07-01T14:10:16,400.0,21.9,B
2021-07-01T14:10:16,300.0,21.9,B
2021-07-01T14:10:15,1000.0,21.9,B
2021-07-01T14:10:13,200.0,21.9,B
2021-07-01T14:10:13,13800.0,21.9,B
2021-07-01T14:10:10,1000.0,21.9,B
2021-07-01T14:10:06,3000.0,21.9,B
2021-07-01T14:10:05,11300.0,21.9,B
2021-07-01T14:10:05,11000.0,21.9,B
2021-07-01T14:10:04,700.0,21.9,B
2021-07-01T14:10:02,5000.0,21.9,B
2021-07-01T14:09:58,500.0,21.9,B
2021-07-01T14:09:56,2000.0,21.9,B
2021-07-01T14:09:53,500.0,21.9,B
2021-07-01T14:09:45,2000.0,21.9,B
2021-07-01T14:09:36,400.0,21.9,B
2021-07-01T14:09:36,1000.0,21.9,B
2021-07-01T14:09:32,6800.0,21.9,B
2021-07-01T14:09:32,300.0,21.85,S
2021-07-01T14:09:21,700.0,21.9,B
2021-07-01T14:09:14,500.0,21.9,B
2021-07-01T14:09:13,5700.0,21.9,B
2021-07-01T14:09:13,7000.0,21.9,B
2021-07-01T14:09:11,700.0,21.9,B
2021-07-01T14:08:58,200.0,21.9,B
2021-07-01T14:08:52,100.0,21.9,B
2021-07-01T14:08:49,200.0,21.9,B
2021-07-01T14:08:48,200.0,21.9,B
2021-07-01T14:08:44,100.0,21.9,B
2021-07-01T14:08:39,100.0,21.85,S
2021-07-01T14:08:38,300.0,21.9,B
2021-07-01T14:08:28,9700.0,21.9,B
2021-07-01T14:08:23,100.0,21.9,B
2021-07-01T14:08:19,100.0,21.9,B
2021-07-01T14:08:17,100.0,21.9,B
2021-07-01T14:08:05,100.0,21.9,B
2021-07-01T14:08:01,700.0,21.9,B
2021-07-01T14:07:59,300.0,21.9,B
2021-07-01T14:07:59,200.0,21.9,B
2021-07-01T14:07:53,100.0,21.9,B
2021-07-01T14:07:51,200.0,21.9,B
2021-07-01T14:07:46,700.0,21.9,B
2021-07-01T14:07:41,200.0,21.9,B
2021-07-01T14:07:39,1600.0,21.85,S
2021-07-01T14:07:36,100.0,21.9,B
2021-07-01T14:07:16,400.0,21.9,B
2021-07-01T14:06:36,5000.0,21.9,B
2021-07-01T14:05:21,200.0,21.9,B
2021-07-01T14:05:14,100.0,21.9,B
2021-07-01T14:05:13,100.0,21.9,B
2021-07-01T14:05:06,200.0,21.9,B
2021-07-01T14:04:59,100.0,21.9,B
2021-07-01T14:04:53,1000.0,21.9,B
2021-07-01T14:04:33,300.0,21.9,B
2021-07-01T14:04:30,4000.0,21.85,S
2021-07-01T14:04:22,2000.0,21.85,S
2021-07-01T14:04:17,100.0,21.9,B
2021-07-01T14:04:04,200.0,21.9,B
2021-07-01T14:04:00,100.0,21.9,B
2021-07-01T14:03:51,200.0,21.9,B
2021-07-01T14:03:43,100.0,21.9,B
2021-07-01T14:03:42,1000.0,21.85,S
2021-07-01T14:03:39,200.0,21.9,B
2021-07-01T14:03:33,200.0,21.9,B
2021-07-01T14:03:27,400.0,21.9,B
2021-07-01T14:03:19,100.0,21.9,B
2021-07-01T14:03:03,1000.0,21.85,S
2021-07-01T14:03:02,100.0,21.9,B
2021-07-01T14:02:56,200.0,21.9,B
2021-07-01T14:02:51,100.0,21.9,B
2021-07-01T14:02:38,1000.0,21.85,S
2021-07-01T14:02:32,200.0,21.9,B
2021-07-01T14:02:27,200.0,21.9,B
2021-07-01T14:02:17,100.0,21.9,B
2021-07-01T14:02:15,1100.0,21.9,B
2021-07-01T14:02:07,100.0,21.9,B
2021-07-01T14:02:02,200.0,21.9,B
2021-07-01T14:01:56,100.0,21.9,B
2021-07-01T14:01:50,4000.0,21.85,S
2021-07-01T14:01:49,200.0,21.9,B
2021-07-01T14:01:45,100.0,21.85,S
2021-07-01T14:01:45,100.0,21.9,B
2021-07-01T14:01:43,1000.0,21.85,S
2021-07-01T14:01:41,100.0,21.9,B
2021-07-01T14:01:39,500.0,21.85,B
2021-07-01T14:01:38,200.0,21.85,B
2021-07-01T14:01:38,200.0,21.9,B
2021-07-01T14:01:33,100.0,21.85,B
2021-07-01T14:01:33,400.0,21.85,B
2021-07-01T14:01:32,100.0,21.85,B
2021-07-01T14:01:27,500.0,21.85,B
2021-07-01T14:01:27,500.0,21.85,B
2021-07-01T14:01:22,11100.0,21.85,B
2021-07-01T14:01:22,2000.0,21.85,B
2021-07-01T14:01:22,7700.0,21.85,B
2021-07-01T14:01:22,2000.0,21.85,B
2021-07-01T14:01:22,7200.0,21.85,B
2021-07-01T14:01:22,200.0,21.85,B
2021-07-01T14:01:22,200.0,21.85,B
2021-07-01T14:01:18,300.0,21.85,B
2021-07-01T14:01:13,200.0,21.85,B
2021-07-01T14:01:13,200.0,21.85,B
2021-07-01T14:01:07,5000.0,21.85,B
2021-07-01T14:01:05,100.0,21.85,B
2021-07-01T14:01:05,200.0,21.85,B
2021-07-01T14:01:01,3600.0,21.85,B
2021-07-01T14:01:01,800.0,21.85,B
2021-07-01T14:00:58,9800.0,21.85,B
2021-07-01T14:00:52,100.0,21.85,B
2021-07-01T14:00:51,500.0,21.85,B
2021-07-01T14:00:49,1500.0,21.85,B
2021-07-01T14:00:47,200.0,21.85,B
2021-07-01T14:00:45,100.0,21.85,B
2021-07-01T14:00:38,300.0,21.85,B
2021-07-01T14:00:34,100.0,21.85,B
2021-07-01T14:00:30,200.0,21.85,B
2021-07-01T14:00:28,500.0,21.85,B
2021-07-01T14:00:26,900.0,21.85,B
2021-07-01T14:00:26,3600.0,21.85,B
2021-07-01T14:00:26,3500.0,21.85,B
2021-07-01T14:00:24,2000.0,21.85,B
2021-07-01T14:00:23,1000.0,21.85,B
2021-07-01T14:00:22,100.0,21.85,B
2021-07-01T14:00:16,1000.0,21.85,B
2021-07-01T14:00:16,900.0,21.85,B
2021-07-01T14:00:15,1300.0,21.85,B
2021-07-01T14:00:14,100.0,21.85,B
2021-07-01T14:00:11,100.0,21.85,B
2021-07-01T14:00:11,200.0,21.85,B
2021-07-01T14:00:08,21000.0,21.85,B
2021-07-01T14:00:03,100.0,21.85,B
2021-07-01T13:59:59,100.0,21.85,B
2021-07-01T13:59:53,100.0,21.85,B
2021-07-01T13:59:46,3000.0,21.85,B
2021-07-01T13:59:41,200.0,21.85,B
2021-07-01T13:59:37,100.0,21.85,B
2021-07-01T13:59:36,100.0,21.85,B
2021-07-01T13:59:36,100.0,21.85,B
2021-07-01T13:59:29,300.0,21.85,B
2021-07-01T13:59:16,100.0,21.8,S
2021-07-01T13:59:14,200.0,21.85,B
2021-07-01T13:59:06,100.0,21.85,B
2021-07-01T13:59:01,300.0,21.85,B
2021-07-01T13:58:55,300.0,21.8,S
2021-07-01T13:58:54,100.0,21.85,B
2021-07-01T13:58:45,200.0,21.85,B
2021-07-01T13:58:41,2000.0,21.85,B
2021-07-01T13:58:39,300.0,21.85,B
2021-07-01T13:58:34,1000.0,21.85,B
2021-07-01T13:58:30,200.0,21.85,B
2021-07-01T13:58:25,1000.0,21.85,B
2021-07-01T13:58:25,400.0,21.85,B
2021-07-01T13:58:22,100.0,21.85,B
2021-07-01T13:58:17,500.0,21.85,B
2021-07-01T13:58:17,1000.0,21.85,B
2021-07-01T13:58:15,100.0,21.85,B
2021-07-01T13:58:13,200.0,21.85,B
2021-07-01T13:57:58,1000.0,21.85,B
2021-07-01T13:57:54,1000.0,21.85,B
2021-07-01T13:57:51,1000.0,21.85,B
2021-07-01T13:57:46,1000.0,21.85,B
2021-07-01T13:57:42,400.0,21.85,B
2021-07-01T13:57:41,1000.0,21.85,B
2021-07-01T13:57:31,100.0,21.85,B
2021-07-01T13:57:25,5000.0,21.85,B
2021-07-01T13:56:43,100.0,21.85,B
2021-07-01T13:56:34,2000.0,21.8,S
2021-07-01T13:56:22,6700.0,21.85,B
2021-07-01T13:56:19,100.0,21.85,B
2021-07-01T13:56:05,9000.0,21.8,S
2021-07-01T13:56:03,300.0,21.85,B
2021-07-01T13:55:17,100.0,21.85,B
2021-07-01T13:55:03,800.0,21.85,B
2021-07-01T13:55:01,300.0,21.85,B
2021-07-01T13:55:00,500.0,21.85,B
2021-07-01T13:54:56,100.0,21.85,B
2021-07-01T13:54:53,100.0,21.85,B
2021-07-01T13:54:48,1000.0,21.85,B
2021-07-01T13:54:45,400.0,21.8,S
2021-07-01T13:54:43,100.0,21.85,B
2021-07-01T13:54:39,100.0,21.85,B
2021-07-01T13:54:35,3000.0,21.85,B
2021-07-01T13:54:32,200.0,21.8,S
2021-07-01T13:53:46,300.0,21.85,B
2021-07-01T13:53:35,100.0,21.85,B
2021-07-01T13:53:28,1000.0,21.85,B
2021-07-01T13:53:02,200.0,21.85,B
2021-07-01T13:52:57,500.0,21.85,B
2021-07-01T13:52:53,100.0,21.85,B
2021-07-01T13:52:49,5100.0,21.85,B
2021-07-01T13:52:36,1200.0,21.8,S
2021-07-01T13:52:36,800.0,21.8,S
2021-07-01T13:51:54,100.0,21.85,B
2021-07-01T13:51:49,1000.0,21.85,B
2021-07-01T13:51:44,1000.0,21.8,S
2021-07-01T13:51:19,100.0,21.85,B
2021-07-01T13:51:11,500.0,21.8,S
2021-07-01T13:51:06,7100.0,21.8,S
2021-07-01T13:51:04,500.0,21.8,S
2021-07-01T13:50:50,4400.0,21.85,B
2021-07-01T13:50:50,1000.0,21.85,B
2021-07-01T13:50:07,100.0,21.85,B
2021-07-01T13:50:05,1000.0,21.85,B
2021-07-01T13:50:03,1000.0,21.85,B
2021-07-01T13:49:55,1000.0,21.8,S
2021-07-01T13:49:46,1000.0,21.85,B
2021-07-01T13:49:40,200.0,21.85,B
2021-07-01T13:49:35,1000.0,21.85,B
2021-07-01T13:49:32,100.0,21.85,B
2021-07-01T13:49:29,500.0,21.85,B
2021-07-01T13:49:29,1000.0,21.85,B
2021-07-01T13:49:19,4200.0,21.8,S
2021-07-01T13:49:06,800.0,21.85,B
2021-07-01T13:49:04,200.0,21.85,B
2021-07-01T13:49:01,4600.0,21.85,B
2021-07-01T13:48:40,1000.0,21.85,B
2021-07-01T13:48:19,500.0,21.85,B
2021-07-01T13:48:09,100.0,21.85,B
2021-07-01T13:48:07,3000.0,21.85,B
2021-07-01T13:48:04,500.0,21.85,B
2021-07-01T13:47:55,400.0,21.8,S
2021-07-01T13:47:41,200.0,21.85,B
2021-07-01T13:47:40,5700.0,21.85,B
2021-07-01T13:47:40,14300.0,21.85,B
2021-07-01T13:47:31,400.0,21.8,S
2021-07-01T13:47:30,100.0,21.8,S
2021-07-01T13:47:20,100.0,21.85,B
2021-07-01T13:47:18,4000.0,21.8,S
2021-07-01T13:47:14,100.0,21.85,B
2021-07-01T13:46:35,800.0,21.8,S
2021-07-01T13:46:28,500.0,21.85,B
2021-07-01T13:46:28,14500.0,21.85,B
2021-07-01T13:46:17,300.0,21.8,S
2021-07-01T13:46:10,300.0,21.85,B
2021-07-01T13:46:05,2000.0,21.8,S
2021-07-01T13:45:41,700.0,21.8,S
2021-07-01T13:45:37,100.0,21.85,B
2021-07-01T13:45:30,3200.0,21.85,B
2021-07-01T13:45:10,1000.0,21.85,B
2021-07-01T13:45:07,1000.0,21.85,B
2021-07-01T13:44:44,1000.0,21.85,B
2021-07-01T13:44:26,9000.0,21.8,S
2021-07-01T13:44:23,700.0,21.85,B
2021-07-01T13:44:06,200.0,21.85,B
2021-07-01T13:43:40,9500.0,21.85,B
2021-07-01T13:43:40,500.0,21.85,B
2021-07-01T13:43:11,100.0,21.85,B
2021-07-01T13:43:05,700.0,21.85,B
2021-07-01T13:43:02,200.0,21.85,B
2021-07-01T13:42:55,400.0,21.85,B
2021-07-01T13:42:55,1000.0,21.8,S
2021-07-01T13:42:45,100.0,21.85,B
2021-07-01T13:42:30,100.0,21.85,B
2021-07-01T13:42:08,700.0,21.8,S
2021-07-01T13:42:07,200.0,21.8,S
2021-07-01T13:42:07,100.0,21.8,S
2021-07-01T13:41:46,5000.0,21.8,S
2021-07-01T13:41:43,500.0,21.8,S
2021-07-01T13:41:07,1000.0,21.8,S
2021-07-01T13:41:07,200.0,21.85,B
2021-07-01T13:40:53,500.0,21.8,S
2021-07-01T13:40:45,100.0,21.85,B
2021-07-01T13:40:11,200.0,21.8,S
2021-07-01T13:39:52,100.0,21.85,B
2021-07-01T13:39:49,2000.0,21.8,S
2021-07-01T13:39:41,4500.0,21.85,B
2021-07-01T13:39:27,800.0,21.8,S
2021-07-01T13:39:17,100.0,21.8,S
2021-07-01T13:38:48,100.0,21.85,B
2021-07-01T13:38:18,500.0,21.85,B
2021-07-01T13:38:09,3000.0,21.8,S
2021-07-01T13:37:58,700.0,21.85,B
2021-07-01T13:37:57,100.0,21.85,B
2021-07-01T13:37:53,100.0,21.85,B
2021-07-01T13:37:52,800.0,21.85,B
2021-07-01T13:37:49,1800.0,21.85,B
2021-07-01T13:37:38,500.0,21.85,B
2021-07-01T13:37:36,1500.0,21.85,B
2021-07-01T13:37:15,800.0,21.85,B
2021-07-01T13:37:12,1000.0,21.8,S
2021-07-01T13:37:08,500.0,21.8,S
2021-07-01T13:37:08,1000.0,21.8,S
2021-07-01T13:37:05,700.0,21.85,B
2021-07-01T13:37:01,200.0,21.85,B
2021-07-01T13:36:58,200.0,21.85,B
2021-07-01T13:36:56,5000.0,21.8,S
2021-07-01T13:36:40,500.0,21.8,S
2021-07-01T13:36:38,2000.0,21.85,B
2021-07-01T13:36:37,2000.0,21.85,B
2021-07-01T13:36:28,700.0,21.85,B
2021-07-01T13:36:26,500.0,21.85,B
2021-07-01T13:36:25,700.0,21.85,B
2021-07-01T13:36:21,1000.0,21.85,B
2021-07-01T13:36:15,500.0,21.85,B
2021-07-01T13:36:14,300.0,21.85,B
2021-07-01T13:36:01,700.0,21.85,B
2021-07-01T13:35:39,100.0,21.85,B
2021-07-01T13:35:35,400.0,21.8,S
2021-07-01T13:35:35,100.0,21.85,B
2021-07-01T13:35:32,3000.0,21.85,B
2021-07-01T13:35:21,1000.0,21.85,B
2021-07-01T13:35:16,1000.0,21.85,B
2021-07-01T13:35:05,100.0,21.85,B
2021-07-01T13:35:02,100.0,21.85,B
2021-07-01T13:34:55,1000.0,21.85,B
2021-07-01T13:34:55,100.0,21.85,B
2021-07-01T13:34:52,2000.0,21.8,S
2021-07-01T13:34:46,400.0,21.85,B
2021-07-01T13:34:35,400.0,21.85,B
2021-07-01T13:34:23,23000.0,21.85,B
2021-07-01T13:34:23,1000.0,21.85,B
2021-07-01T13:33:19,1000.0,21.8,S
2021-07-01T13:33:06,1200.0,21.8,S
2021-07-01T13:32:40,1000.0,21.8,S
2021-07-01T13:32:31,300.0,21.85,B
2021-07-01T13:32:17,1000.0,21.85,B
2021-07-01T13:32:11,100.0,21.8,S
2021-07-01T13:32:10,1000.0,21.8,S
2021-07-01T13:31:51,1000.0,21.85,B
2021-07-01T13:31:23,1000.0,21.8,S
2021-07-01T13:31:21,300.0,21.85,B
2021-07-01T13:31:19,200.0,21.85,B
2021-07-01T13:31:13,1000.0,21.85,B
2021-07-01T13:31:10,400.0,21.85,B
2021-07-01T13:30:49,1400.0,21.85,B
2021-07-01T13:30:31,1000.0,21.85,B
2021-07-01T13:29:25,100.0,21.85,B
2021-07-01T13:28:59,13900.0,21.8,S
2021-07-01T13:28:51,500.0,21.85,S
2021-07-01T13:28:34,800.0,21.85,B
2021-07-01T13:28:29,1000.0,21.85,B
2021-07-01T13:28:28,600.0,21.85,B
2021-07-01T13:28:23,1500.0,21.85,B
2021-07-01T13:28:22,1200.0,21.85,B
2021-07-01T13:28:11,200.0,21.85,S
2021-07-01T13:28:08,1600.0,21.85,S
2021-07-01T13:28:04,1000.0,21.85,S
2021-07-01T13:27:51,3300.0,21.85,S
2021-07-01T13:27:16,1000.0,21.85,S
2021-07-01T13:27:14,500.0,21.85,S
2021-07-01T13:27:10,1100.0,21.85,S
2021-07-01T13:27:10,500.0,21.85,S
2021-07-01T13:27:10,400.0,21.85,S
2021-07-01T13:27:02,1000.0,21.85,S
2021-07-01T13:27:00,5000.0,21.85,S
2021-07-01T13:26:51,3000.0,21.85,S
2021-07-01T13:26:33,1000.0,21.85,S
2021-07-01T13:26:21,5000.0,21.85,S
2021-07-01T13:26:17,500.0,21.85,S
2021-07-01T13:26:17,500.0,21.85,S
2021-07-01T13:25:34,100.0,21.85,S
2021-07-01T13:25:30,7100.0,21.85,S
2021-07-01T13:25:24,2400.0,21.85,S
2021-07-01T13:25:19,2200.0,21.85,B
2021-07-01T13:25:18,500.0,21.85,B
2021-07-01T13:25:13,4900.0,21.85,B
2021-07-01T13:25:13,400.0,21.85,B
2021-07-01T13:25:13,14700.0,21.85,B
2021-07-01T13:24:37,500.0,21.85,B
2021-07-01T13:24:27,1300.0,21.85,B
2021-07-01T13:24:08,2700.0,21.8,S
2021-07-01T13:23:37,1400.0,21.8,S
2021-07-01T13:23:29,1800.0,21.85,B
2021-07-01T13:23:11,100.0,21.85,B
2021-07-01T13:23:08,5000.0,21.85,B
2021-07-01T13:23:04,300.0,21.85,B
2021-07-01T13:22:56,2000.0,21.85,B
2021-07-01T13:22:43,1000.0,21.85,B
2021-07-01T13:22:36,200.0,21.85,B
2021-07-01T13:22:03,10000.0,21.85,B
2021-07-01T13:21:52,100.0,21.85,B
2021-07-01T13:21:20,100.0,21.85,B
2021-07-01T13:21:20,2700.0,21.85,B
2021-07-01T13:21:17,200.0,21.85,B
2021-07-01T13:21:02,1700.0,21.85,S
2021-07-01T13:20:59,5000.0,21.85,S
2021-07-01T13:20:48,500.0,21.85,S
2021-07-01T13:20:38,1000.0,21.85,S
2021-07-01T13:20:36,100.0,21.85,S
2021-07-01T13:20:21,7100.0,21.85,S
2021-07-01T13:20:21,600.0,21.85,S
2021-07-01T13:20:21,7600.0,21.85,S
2021-07-01T13:20:21,700.0,21.85,S
2021-07-01T13:20:21,4200.0,21.85,S
2021-07-01T13:20:20,1200.0,21.85,S
2021-07-01T13:20:20,8600.0,21.85,S
2021-07-01T13:20:20,1500.0,21.85,S
2021-07-01T13:20:20,2500.0,21.85,S
2021-07-01T13:20:11,200.0,21.85,S
2021-07-01T13:19:57,100.0,21.85,S
2021-07-01T13:19:56,5000.0,21.85,S
2021-07-01T13:19:55,100.0,21.85,S
2021-07-01T13:19:51,500.0,21.85,S
2021-07-01T13:19:40,4800.0,21.85,S
2021-07-01T13:19:40,5200.0,21.85,S
2021-07-01T13:19:32,18000.0,21.85,S
2021-07-01T13:19:30,100.0,21.85,S
2021-07-01T13:19:23,700.0,21.85,S
2021-07-01T13:19:16,6000.0,21.85,S
2021-07-01T13:19:15,500.0,21.85,S
2021-07-01T13:19:05,500.0,21.85,S
2021-07-01T13:18:12,2000.0,21.85,S
2021-07-01T13:18:10,200.0,21.85,S
2021-07-01T13:18:06,1000.0,21.9,B
2021-07-01T13:17:47,2000.0,21.85,S
2021-07-01T13:17:13,500.0,21.85,S
2021-07-01T13:16:28,2000.0,21.9,B
2021-07-01T13:16:12,100.0,21.9,B
2021-07-01T13:15:44,1000.0,21.9,B
2021-07-01T13:15:43,100.0,21.9,B
2021-07-01T13:15:42,300.0,21.9,B
2021-07-01T13:15:37,10100.0,21.85,S
2021-07-01T13:15:13,300.0,21.9,B
2021-07-01T13:15:09,2000.0,21.85,S
2021-07-01T13:14:51,400.0,21.85,S
2021-07-01T13:14:26,200.0,21.85,S
2021-07-01T13:14:22,100.0,21.9,B
2021-07-01T13:14:15,100.0,21.85,S
2021-07-01T13:13:53,2300.0,21.85,S
2021-07-01T13:13:53,1200.0,21.85,S
2021-07-01T13:13:52,1500.0,21.85,S
2021-07-01T13:12:23,100.0,21.9,B
2021-07-01T13:11:58,3500.0,21.85,B
2021-07-01T13:11:53,5000.0,21.85,B
2021-07-01T13:11:42,2000.0,21.85,B
2021-07-01T13:11:29,500.0,21.85,B
2021-07-01T13:11:03,300.0,21.85,B
2021-07-01T13:10:48,500.0,21.85,B
2021-07-01T13:10:35,2000.0,21.85,B
2021-07-01T13:10:34,100.0,21.85,B
2021-07-01T13:10:32,200.0,21.85,B
2021-07-01T13:10:25,100.0,21.85,B
2021-07-01T13:10:23,1000.0,21.85,B
2021-07-01T13:10:22,100.0,21.85,B
2021-07-01T13:10:19,100.0,21.85,B
2021-07-01T13:10:17,100.0,21.85,B
2021-07-01T13:10:05,200.0,21.85,B
2021-07-01T13:09:50,2700.0,21.85,S
2021-07-01T13:09:50,1000.0,21.85,S
2021-07-01T13:09:50,3600.0,21.85,S
2021-07-01T13:09:42,100.0,21.9,B
2021-07-01T13:09:33,2000.0,21.85,S
2021-07-01T13:09:30,300.0,21.85,S
2021-07-01T13:09:23,700.0,21.85,S
2021-07-01T13:08:38,2600.0,21.85,S
2021-07-01T13:08:34,100.0,21.9,B
2021-07-01T13:08:26,800.0,21.9,B
2021-07-01T13:08:11,5000.0,21.9,B
2021-07-01T13:08:08,3000.0,21.85,S
2021-07-01T13:07:40,100.0,21.9,B
2021-07-01T13:07:36,300.0,21.85,S
2021-07-01T13:07:35,4700.0,21.85,S
2021-07-01T13:07:23,1000.0,21.85,S
2021-07-01T13:07:10,100.0,21.9,B
2021-07-01T13:06:56,3100.0,21.9,B
2021-07-01T13:06:56,900.0,21.9,B
2021-07-01T13:06:49,1000.0,21.85,S
2021-07-01T13:06:30,300.0,21.85,S
2021-07-01T13:05:44,3000.0,21.85,S
2021-07-01T13:05:12,100.0,21.9,B
2021-07-01T13:05:02,500.0,21.85,S
2021-07-01T13:04:57,600.0,21.85,S
2021-07-01T13:04:46,5800.0,21.85,S
2021-07-01T13:04:44,3100.0,21.85,S
2021-07-01T13:04:44,1100.0,21.85,S
2021-07-01T13:04:44,2800.0,21.85,S
2021-07-01T13:04:25,800.0,21.85,S
2021-07-01T13:04:23,200.0,21.85,S
2021-07-01T13:03:59,1000.0,21.85,S
2021-07-01T13:03:51,500.0,21.9,B
2021-07-01T13:03:32,300.0,21.85,S
2021-07-01T13:03:24,1100.0,21.85,B
2021-07-01T13:03:24,400.0,21.85,B
2021-07-01T13:03:24,4300.0,21.85,B
2021-07-01T13:03:24,2700.0,21.85,B
2021-07-01T13:03:24,3300.0,21.85,B
2021-07-01T13:03:23,2500.0,21.85,B
2021-07-01T13:03:10,20000.0,21.85,B
2021-07-01T13:03:06,100.0,21.85,B
2021-07-01T13:03:06,1300.0,21.85,B
2021-07-01T13:02:57,100.0,21.8,S
2021-07-01T13:02:54,10000.0,21.85,B
2021-07-01T13:02:39,100.0,21.85,B
2021-07-01T13:02:26,100.0,21.85,B
2021-07-01T13:02:18,1000.0,21.85,B
2021-07-01T13:02:08,1500.0,21.8,S
2021-07-01T13:01:48,200.0,21.85,B
2021-07-01T13:01:39,100.0,21.8,S
2021-07-01T13:01:26,200.0,21.85,B
2021-07-01T13:01:24,200.0,21.85,B
2021-07-01T13:01:21,8000.0,21.8,S
2021-07-01T13:01:08,100.0,21.8,S
2021-07-01T13:01:06,100.0,21.8,S
2021-07-01T13:01:03,200.0,21.85,B
2021-07-01T13:00:56,200.0,21.85,B
2021-07-01T13:00:52,400.0,21.8,S
2021-07-01T13:00:49,100.0,21.8,S
2021-07-01T13:00:41,900.0,21.85,B
2021-07-01T13:00:35,5000.0,21.8,S
2021-07-01T13:00:30,200.0,21.8,S
2021-07-01T13:00:26,4000.0,21.8,S
2021-07-01T13:00:26,3000.0,21.85,B
2021-07-01T13:00:24,1000.0,21.8,S
2021-07-01T13:00:23,100.0,21.8,S
2021-07-01T13:00:23,100.0,21.85,B
2021-07-01T13:00:23,200.0,21.8,S
2021-07-01T13:00:23,100.0,21.85,B
2021-07-01T13:00:21,200.0,21.85,B
2021-07-01T13:00:21,200.0,21.85,B
2021-07-01T13:00:19,2000.0,21.85,B
2021-07-01T13:00:19,300.0,21.8,S
2021-07-01T13:00:15,1000.0,21.8,S
2021-07-01T13:00:13,24000.0,21.85,B
2021-07-01T13:00:13,1000.0,21.85,B
2021-07-01T11:29:40,2000.0,21.8,S
2021-07-01T11:29:20,2500.0,21.8,S
2021-07-01T11:29:02,2200.0,21.85,B
2021-07-01T11:28:56,400.0,21.85,B
2021-07-01T11:28:38,100.0,21.85,B
2021-07-01T11:28:38,8000.0,21.8,S
2021-07-01T11:28:16,11000.0,21.8,S
2021-07-01T11:28:02,100.0,21.8,S
2021-07-01T11:27:36,200.0,21.85,B
2021-07-01T11:27:06,100.0,21.85,B
2021-07-01T11:26:24,6000.0,21.8,S
2021-07-01T11:26:06,2600.0,21.85,B
2021-07-01T11:25:58,300.0,21.85,B
2021-07-01T11:25:55,300.0,21.85,B
2021-07-01T11:25:48,200.0,21.8,S
2021-07-01T11:25:41,2000.0,21.85,B
2021-07-01T11:24:45,900.0,21.85,B
2021-07-01T11:24:43,100.0,21.85,B
2021-07-01T11:24:38,200.0,21.85,B
2021-07-01T11:23:55,2000.0,21.85,B
2021-07-01T11:23:51,300.0,21.8,S
2021-07-01T11:23:15,600.0,21.8,S
2021-07-01T11:23:10,1500.0,21.8,S
2021-07-01T11:22:56,800.0,21.8,S
2021-07-01T11:22:04,100.0,21.8,S
2021-07-01T11:22:01,5000.0,21.85,B
2021-07-01T11:22:01,400.0,21.8,S
2021-07-01T11:21:49,1800.0,21.8,S
2021-07-01T11:21:49,100.0,21.8,S
2021-07-01T11:21:16,200.0,21.8,S
2021-07-01T11:21:00,1000.0,21.8,S
2021-07-01T11:20:47,200.0,21.85,B
2021-07-01T11:20:32,200.0,21.8,S
2021-07-01T11:20:24,10000.0,21.8,S
2021-07-01T11:20:15,1000.0,21.8,S
2021-07-01T11:19:59,400.0,21.8,S
2021-07-01T11:18:50,100.0,21.8,S
2021-07-01T11:18:36,1500.0,21.8,S
2021-07-01T11:18:06,300.0,21.8,S
2021-07-01T11:18:06,400.0,21.8,S
2021-07-01T11:17:37,100.0,21.8,S
2021-07-01T11:17:37,300.0,21.8,S
2021-07-01T11:17:19,100.0,21.85,B
2021-07-01T11:17:08,400.0,21.8,S
2021-07-01T11:16:47,1300.0,21.8,B
2021-07-01T11:16:40,200.0,21.8,B
2021-07-01T11:16:22,400.0,21.8,B
2021-07-01T11:16:21,2700.0,21.8,B
2021-07-01T11:16:21,500.0,21.8,B
2021-07-01T11:16:20,600.0,21.8,B
2021-07-01T11:16:20,2200.0,21.8,B
2021-07-01T11:16:20,1200.0,21.8,B
2021-07-01T11:16:20,2600.0,21.8,B
2021-07-01T11:16:20,1900.0,21.8,B
2021-07-01T11:16:20,2400.0,21.8,B
2021-07-01T11:16:20,1300.0,21.8,B
2021-07-01T11:16:20,700.0,21.8,B
2021-07-01T11:16:20,4700.0,21.8,B
2021-07-01T11:16:20,500.0,21.8,B
2021-07-01T11:16:20,300.0,21.8,S
2021-07-01T11:16:20,6500.0,21.8,S
2021-07-01T11:15:58,2700.0,21.85,B
2021-07-01T11:15:58,500.0,21.85,B
2021-07-01T11:15:07,200.0,21.85,B
2021-07-01T11:15:04,100.0,21.85,B
2021-07-01T11:14:32,100.0,21.85,B
2021-07-01T11:14:31,400.0,21.8,S
2021-07-01T11:14:13,300.0,21.85,B
2021-07-01T11:13:18,100.0,21.85,B
2021-07-01T11:13:08,500.0,21.8,S
2021-07-01T11:12:47,2000.0,21.8,S
2021-07-01T11:12:31,400.0,21.8,S
2021-07-01T11:12:10,400.0,21.85,B
2021-07-01T11:12:07,500.0,21.85,B
2021-07-01T11:11:48,2000.0,21.85,B
2021-07-01T11:11:40,400.0,21.8,S
2021-07-01T11:11:35,1000.0,21.8,S
2021-07-01T11:11:20,400.0,21.8,S
2021-07-01T11:11:20,1300.0,21.8,S
2021-07-01T11:11:18,100.0,21.85,B
2021-07-01T11:11:13,100.0,21.8,S
2021-07-01T11:11:04,1000.0,21.8,S
2021-07-01T11:11:00,400.0,21.8,S
2021-07-01T11:10:31,2000.0,21.8,S
2021-07-01T11:10:11,5000.0,21.8,S
2021-07-01T11:10:11,4400.0,21.8,S
2021-07-01T11:10:02,2000.0,21.8,S
2021-07-01T11:09:20,1800.0,21.85,B
2021-07-01T11:09:16,100.0,21.85,B
2021-07-01T11:08:50,500.0,21.8,S
2021-07-01T11:08:45,100.0,21.85,B
2021-07-01T11:08:36,2500.0,21.8,S
2021-07-01T11:07:53,100.0,21.8,S
2021-07-01T11:07:40,100.0,21.8,S
2021-07-01T11:07:39,500.0,21.8,S
2021-07-01T11:07:13,100.0,21.8,S
2021-07-01T11:07:06,1000.0,21.85,B
2021-07-01T11:07:04,1900.0,21.8,S
2021-07-01T11:07:02,4100.0,21.8,S
2021-07-01T11:07:02,11300.0,21.8,S
2021-07-01T11:06:35,3000.0,21.8,S
2021-07-01T11:06:28,100.0,21.8,S
2021-07-01T11:06:28,1900.0,21.8,S
2021-07-01T11:06:22,5000.0,21.85,B
2021-07-01T11:06:10,1000.0,21.85,B
2021-07-01T11:06:03,100.0,21.85,B
2021-07-01T11:05:13,100.0,21.85,B
2021-07-01T11:04:50,100.0,21.85,B
2021-07-01T11:04:15,1000.0,21.85,B
2021-07-01T11:03:52,300.0,21.8,S
2021-07-01T11:03:36,2500.0,21.8,S
2021-07-01T11:03:28,1000.0,21.8,B
2021-07-01T11:03:23,2300.0,21.8,B
2021-07-01T11:03:20,200.0,21.8,B
2021-07-01T11:03:20,2000.0,21.8,B
2021-07-01T11:03:09,100.0,21.75,S
2021-07-01T11:03:06,1000.0,21.8,B
2021-07-01T11:03:04,100.0,21.8,B
2021-07-01T11:02:49,1000.0,21.8,B
2021-07-01T11:02:39,900.0,21.75,S
2021-07-01T11:02:39,4200.0,21.75,S
2021-07-01T11:02:39,300.0,21.75,S
2021-07-01T11:02:39,2300.0,21.75,S
2021-07-01T11:02:39,600.0,21.75,S
2021-07-01T11:02:39,600.0,21.75,S
2021-07-01T11:02:39,100.0,21.75,S
2021-07-01T11:02:21,200.0,21.8,S
2021-07-01T11:02:21,5500.0,21.8,S
2021-07-01T11:02:21,2100.0,21.8,S
2021-07-01T11:02:21,18700.0,21.8,S
2021-07-01T11:02:21,13600.0,21.8,S
2021-07-01T11:02:03,100.0,21.85,B
2021-07-01T11:01:49,800.0,21.8,S
2021-07-01T11:01:21,500.0,21.85,B
2021-07-01T11:01:03,100.0,21.85,B
2021-07-01T11:00:35,5000.0,21.8,S
2021-07-01T11:00:14,200.0,21.85,B
2021-07-01T11:00:00,9300.0,21.8,S
2021-07-01T11:00:00,3100.0,21.8,S
2021-07-01T10:59:59,1600.0,21.8,S
2021-07-01T10:59:59,1000.0,21.8,S
2021-07-01T10:59:59,11100.0,21.8,S
2021-07-01T10:59:59,700.0,21.8,S
2021-07-01T10:59:59,2400.0,21.8,S
2021-07-01T10:59:59,800.0,21.8,S
2021-07-01T10:57:40,1900.0,21.85,B
2021-07-01T10:57:31,9000.0,21.8,S
2021-07-01T10:57:31,600.0,21.8,S
2021-07-01T10:57:31,100.0,21.8,S
2021-07-01T10:57:31,200.0,21.8,S
2021-07-01T10:57:24,1600.0,21.8,S
2021-07-01T10:57:04,400.0,21.8,S
2021-07-01T10:56:57,500.0,21.8,S
2021-07-01T10:56:46,2000.0,21.85,B
2021-07-01T10:56:37,400.0,21.8,S
2021-07-01T10:56:31,10400.0,21.85,B
2021-07-01T10:56:19,200.0,21.8,S
2021-07-01T10:56:10,900.0,21.8,S
2021-07-01T10:55:58,4400.0,21.85,B
2021-07-01T10:55:46,500.0,21.85,B
2021-07-01T10:55:07,1000.0,21.85,B
2021-07-01T10:54:48,10000.0,21.8,S
2021-07-01T10:54:31,100.0,21.85,B
2021-07-01T10:54:18,500.0,21.8,S
2021-07-01T10:54:02,500.0,21.8,S
2021-07-01T10:53:26,5000.0,21.8,S
2021-07-01T10:53:01,500.0,21.8,S
2021-07-01T10:52:54,1000.0,21.8,S
2021-07-01T10:52:54,2200.0,21.8,S
2021-07-01T10:52:54,100.0,21.8,S
2021-07-01T10:52:54,5800.0,21.8,S
2021-07-01T10:52:49,400.0,21.8,S
2021-07-01T10:52:21,1000.0,21.8,S
2021-07-01T10:52:00,200.0,21.8,S
2021-07-01T10:51:57,1000.0,21.8,S
2021-07-01T10:51:39,1000.0,21.85,B
2021-07-01T10:51:26,500.0,21.8,S
2021-07-01T10:51:18,100.0,21.8,S
2021-07-01T10:50:45,1000.0,21.8,S
2021-07-01T10:50:42,500.0,21.8,S
2021-07-01T10:50:35,1500.0,21.8,S
2021-07-01T10:50:33,4000.0,21.8,S
2021-07-01T10:49:25,1000.0,21.8,S
2021-07-01T10:49:00,1000.0,21.8,S
2021-07-01T10:48:47,2000.0,21.8,S
2021-07-01T10:47:42,100.0,21.8,S
2021-07-01T10:47:31,2000.0,21.8,S
2021-07-01T10:46:26,1000.0,21.8,S
2021-07-01T10:46:20,1200.0,21.85,B
2021-07-01T10:46:20,500.0,21.85,B
2021-07-01T10:46:10,1000.0,21.8,S
2021-07-01T10:45:29,100.0,21.85,B
2021-07-01T10:45:23,2000.0,21.8,S
2021-07-01T10:45:18,5400.0,21.8,S
2021-07-01T10:44:43,100.0,21.8,S
2021-07-01T10:44:30,6700.0,21.8,B
2021-07-01T10:44:27,100.0,21.8,B
2021-07-01T10:44:19,200.0,21.8,S
2021-07-01T10:44:12,100.0,21.8,B
2021-07-01T10:43:51,400.0,21.8,S
2021-07-01T10:43:44,100.0,21.85,B
2021-07-01T10:43:33,1000.0,21.75,S
2021-07-01T10:43:21,3400.0,21.8,B
2021-07-01T10:42:59,1600.0,21.8,S
2021-07-01T10:42:55,5400.0,21.8,S
2021-07-01T10:42:55,6700.0,21.8,S
2021-07-01T10:42:55,2800.0,21.8,S
2021-07-01T10:42:54,100.0,21.8,S
2021-07-01T10:42:43,700.0,21.8,S
2021-07-01T10:42:43,4000.0,21.8,S
2021-07-01T10:42:43,1600.0,21.8,S
2021-07-01T10:42:43,300.0,21.8,S
2021-07-01T10:42:43,4500.0,21.8,S
2021-07-01T10:42:43,1500.0,21.8,S
2021-07-01T10:42:43,7400.0,21.8,S
2021-07-01T10:42:38,5000.0,21.8,S
2021-07-01T10:42:26,2000.0,21.8,S
2021-07-01T10:42:08,800.0,21.8,S
2021-07-01T10:41:20,7200.0,21.8,S
2021-07-01T10:41:20,4800.0,21.8,S
2021-07-01T10:41:20,8000.0,21.8,S
2021-07-01T10:41:01,1000.0,21.8,S
2021-07-01T10:40:36,10000.0,21.8,S
2021-07-01T10:40:33,3900.0,21.8,S
2021-07-01T10:40:33,1200.0,21.8,S
2021-07-01T10:40:33,800.0,21.8,S
2021-07-01T10:40:33,1500.0,21.8,S
2021-07-01T10:40:33,900.0,21.8,S
2021-07-01T10:40:33,1700.0,21.8,S
2021-07-01T10:40:15,6900.0,21.8,S
2021-07-01T10:40:15,6100.0,21.8,S
2021-07-01T10:40:15,1300.0,21.8,S
2021-07-01T10:40:15,300.0,21.8,S
2021-07-01T10:40:15,5400.0,21.8,S
2021-07-01T10:40:09,6000.0,21.8,S
2021-07-01T10:39:42,2300.0,21.8,S
2021-07-01T10:39:29,2000.0,21.8,S
2021-07-01T10:39:28,13000.0,21.8,S
2021-07-01T10:39:26,500.0,21.8,S
2021-07-01T10:38:53,900.0,21.8,S
2021-07-01T10:38:43,1800.0,21.85,B
2021-07-01T10:38:18,2000.0,21.8,S
2021-07-01T10:38:14,4500.0,21.8,S
2021-07-01T10:38:13,200.0,21.8,S
2021-07-01T10:38:13,100.0,21.8,S
2021-07-01T10:38:13,100.0,21.8,S
2021-07-01T10:37:02,100.0,21.85,B
2021-07-01T10:36:46,100.0,21.85,B
2021-07-01T10:36:38,300.0,21.85,B
2021-07-01T10:36:36,100.0,21.85,B
2021-07-01T10:36:06,200.0,21.85,B
2021-07-01T10:35:53,200.0,21.85,B
2021-07-01T10:35:36,1000.0,21.85,B
2021-07-01T10:35:18,1000.0,21.85,B
2021-07-01T10:35:13,7100.0,21.85,B
2021-07-01T10:35:13,2900.0,21.85,B
2021-07-01T10:34:54,200.0,21.85,B
2021-07-01T10:34:39,800.0,21.85,B
2021-07-01T10:34:36,200.0,21.85,B
2021-07-01T10:34:28,200.0,21.8,S
2021-07-01T10:34:19,3000.0,21.85,B
2021-07-01T10:34:18,100.0,21.85,B
2021-07-01T10:34:16,100.0,21.8,S
2021-07-01T10:34:03,200.0,21.85,B
2021-07-01T10:34:01,6500.0,21.85,B
2021-07-01T10:34:00,900.0,21.85,B
2021-07-01T10:33:42,2500.0,21.85,B
2021-07-01T10:33:27,2300.0,21.85,B
2021-07-01T10:32:50,4500.0,21.85,B
2021-07-01T10:32:50,200.0,21.85,B
2021-07-01T10:32:21,600.0,21.8,S
2021-07-01T10:32:19,1300.0,21.8,S
2021-07-01T10:32:12,800.0,21.85,B
2021-07-01T10:31:43,2000.0,21.85,B
2021-07-01T10:31:37,600.0,21.8,S
2021-07-01T10:31:27,5000.0,21.85,B
2021-07-01T10:31:22,700.0,21.85,B
2021-07-01T10:31:06,300.0,21.85,B
2021-07-01T10:30:55,20000.0,21.85,B
2021-07-01T10:30:47,1500.0,21.85,B
2021-07-01T10:29:43,400.0,21.8,S
2021-07-01T10:29:33,200.0,21.85,B
2021-07-01T10:29:33,300.0,21.85,B
2021-07-01T10:29:30,400.0,21.85,B
2021-07-01T10:29:17,100.0,21.85,B
2021-07-01T10:29:10,1000.0,21.85,B
2021-07-01T10:29:07,500.0,21.85,B
2021-07-01T10:28:50,500.0,21.85,B
2021-07-01T10:28:46,1200.0,21.85,B
2021-07-01T10:28:45,2000.0,21.85,B
2021-07-01T10:28:09,100.0,21.85,S
2021-07-01T10:28:06,1000.0,21.85,S
2021-07-01T10:28:05,5000.0,21.85,S
2021-07-01T10:27:54,400.0,21.8,S
2021-07-01T10:27:51,3500.0,21.85,S
2021-07-01T10:27:42,200.0,21.85,S
2021-07-01T10:27:33,100.0,21.85,S
2021-07-01T10:27:33,3400.0,21.85,S
2021-07-01T10:27:17,600.0,21.85,S
2021-07-01T10:27:15,400.0,21.85,S
2021-07-01T10:27:07,10000.0,21.85,S
2021-07-01T10:26:58,300.0,21.85,S
2021-07-01T10:26:51,10000.0,21.85,S
2021-07-01T10:26:51,600.0,21.85,S
2021-07-01T10:26:25,600.0,21.85,B
2021-07-01T10:26:25,10400.0,21.85,B
2021-07-01T10:26:25,17000.0,21.85,B
2021-07-01T10:26:25,3400.0,21.85,B
2021-07-01T10:26:25,5100.0,21.85,B
2021-07-01T10:26:25,100.0,21.85,B
2021-07-01T10:26:25,25200.0,21.85,B
2021-07-01T10:26:25,3900.0,21.85,B
2021-07-01T10:26:25,2700.0,21.85,B
2021-07-01T10:26:25,6300.0,21.85,B
2021-07-01T10:25:51,500.0,21.8,S
2021-07-01T10:25:44,500.0,21.8,S
2021-07-01T10:24:46,700.0,21.8,S
2021-07-01T10:24:38,5000.0,21.85,B
2021-07-01T10:23:48,100.0,21.8,S
2021-07-01T10:23:37,200.0,21.85,B
2021-07-01T10:23:09,200.0,21.85,B
2021-07-01T10:22:48,500.0,21.8,B
2021-07-01T10:22:45,7700.0,21.8,B
2021-07-01T10:22:43,1500.0,21.8,B
2021-07-01T10:22:40,5900.0,21.8,B
2021-07-01T10:22:38,24000.0,21.8,B
2021-07-01T10:22:36,1300.0,21.8,B
2021-07-01T10:22:35,200.0,21.8,B
2021-07-01T10:22:33,1000.0,21.8,B
2021-07-01T10:22:32,500.0,21.8,B
2021-07-01T10:22:30,500.0,21.8,B
2021-07-01T10:22:17,300.0,21.8,B
2021-07-01T10:22:17,1000.0,21.8,B
2021-07-01T10:22:09,100.0,21.8,B
2021-07-01T10:22:06,300.0,21.8,B
2021-07-01T10:22:05,100.0,21.8,B
2021-07-01T10:22:01,2000.0,21.8,B
2021-07-01T10:21:57,100.0,21.8,B
2021-07-01T10:21:57,200.0,21.8,B
2021-07-01T10:21:57,9600.0,21.8,B
2021-07-01T10:21:57,12600.0,21.8,B
2021-07-01T10:21:54,2000.0,21.8,B
2021-07-01T10:21:53,1000.0,21.8,B
2021-07-01T10:21:53,2000.0,21.75,S
2021-07-01T10:21:47,1000.0,21.8,B
2021-07-01T10:21:46,2000.0,21.8,B
2021-07-01T10:21:45,1400.0,21.8,B
2021-07-01T10:21:44,3700.0,21.8,B
2021-07-01T10:21:43,3000.0,21.8,B
2021-07-01T10:21:42,3000.0,21.8,B
2021-07-01T10:21:40,500.0,21.8,B
2021-07-01T10:21:38,1300.0,21.75,S
2021-07-01T10:21:37,8700.0,21.75,S
2021-07-01T10:21:37,2000.0,21.8,B
2021-07-01T10:21:35,4000.0,21.8,B
2021-07-01T10:21:35,1200.0,21.8,B
2021-07-01T10:21:35,100.0,21.8,B
2021-07-01T10:21:34,2700.0,21.8,B
2021-07-01T10:21:33,600.0,21.8,B
2021-07-01T10:21:31,2000.0,21.8,B
2021-07-01T10:21:29,100.0,21.8,B
2021-07-01T10:21:25,400.0,21.8,B
2021-07-01T10:21:22,10000.0,21.8,B
2021-07-01T10:21:22,100.0,21.8,B
2021-07-01T10:21:15,200.0,21.8,B
2021-07-01T10:21:13,600.0,21.8,B
2021-07-01T10:21:12,100.0,21.8,B
2021-07-01T10:20:56,100.0,21.8,B
2021-07-01T10:20:55,1700.0,21.8,B
2021-07-01T10:20:54,100.0,21.8,B
2021-07-01T10:20:45,400.0,21.8,B
2021-07-01T10:20:44,2400.0,21.75,S
2021-07-01T10:20:39,500.0,21.8,B
2021-07-01T10:20:37,500.0,21.8,B
2021-07-01T10:20:27,900.0,21.75,S
2021-07-01T10:20:27,600.0,21.75,S
2021-07-01T10:20:27,10000.0,21.75,S
2021-07-01T10:20:20,3100.0,21.8,B
2021-07-01T10:20:20,1900.0,21.8,B
2021-07-01T10:20:19,200.0,21.8,B
2021-07-01T10:19:57,5000.0,21.8,B
2021-07-01T10:19:56,100.0,21.8,B
2021-07-01T10:19:52,400.0,21.8,B
2021-07-01T10:19:45,100.0,21.75,S
2021-07-01T10:19:38,8300.0,21.75,S
2021-07-01T10:19:38,900.0,21.75,S
2021-07-01T10:19:37,800.0,21.75,S
2021-07-01T10:19:29,100.0,21.8,B
2021-07-01T10:19:18,10000.0,21.8,B
2021-07-01T10:19:13,100.0,21.8,B
2021-07-01T10:19:13,1000.0,21.8,B
2021-07-01T10:19:10,500.0,21.8,B
2021-07-01T10:18:59,200.0,21.8,B
2021-07-01T10:18:59,100.0,21.8,B
2021-07-01T10:18:56,2000.0,21.8,B
2021-07-01T10:18:50,1100.0,21.75,S
2021-07-01T10:18:50,100.0,21.75,S
2021-07-01T10:18:50,5300.0,21.75,S
2021-07-01T10:18:50,16600.0,21.75,S
2021-07-01T10:18:49,2600.0,21.8,B
2021-07-01T10:18:47,300.0,21.8,B
2021-07-01T10:18:46,9700.0,21.8,B
2021-07-01T10:18:38,100.0,21.75,S
2021-07-01T10:18:25,300.0,21.8,B
2021-07-01T10:18:17,500.0,21.8,B
2021-07-01T10:18:07,100.0,21.75,S
2021-07-01T10:18:03,21000.0,21.75,S
2021-07-01T10:17:56,300.0,21.8,B
2021-07-01T10:17:56,400.0,21.8,B
2021-07-01T10:17:33,6000.0,21.75,S
2021-07-01T10:17:26,1000.0,21.8,B
2021-07-01T10:17:25,1400.0,21.75,S
2021-07-01T10:12:40,500.0,21.8,B
2021-07-01T10:12:40,500.0,21.8,B
2021-07-01T10:12:38,1000.0,21.8,B
2021-07-01T10:12:38,300.0,21.8,B
2021-07-01T10:12:23,100.0,21.8,S
2021-07-01T10:12:22,500.0,21.8,S
2021-07-01T10:12:02,100.0,21.8,S
2021-07-01T10:12:00,800.0,21.8,S
2021-07-01T10:11:58,2000.0,21.8,S
2021-07-01T10:11:57,100.0,21.85,B
2021-07-01T10:11:56,2200.0,21.8,S
2021-07-01T10:11:55,600.0,21.8,S
2021-07-01T10:11:55,100.0,21.8,S
2021-07-01T10:11:55,2100.0,21.8,S
2021-07-01T10:11:54,300.0,21.8,S
2021-07-01T10:11:54,1800.0,21.8,S
2021-07-01T10:11:54,1100.0,21.8,S
2021-07-01T10:11:54,100.0,21.8,S
2021-07-01T10:11:54,2100.0,21.8,S
2021-07-01T10:11:54,800.0,21.8,S
2021-07-01T10:11:54,2400.0,21.8,S
2021-07-01T10:11:54,1600.0,21.8,S
2021-07-01T10:11:54,200.0,21.8,S
2021-07-01T10:11:54,2500.0,21.8,S
2021-07-01T10:11:54,4500.0,21.8,S
2021-07-01T10:11:54,1200.0,21.8,S
2021-07-01T10:11:54,3500.0,21.8,S
2021-07-01T10:11:54,1100.0,21.8,S
2021-07-01T10:11:54,1200.0,21.8,S
2021-07-01T10:11:54,5600.0,21.8,S
2021-07-01T10:11:49,800.0,21.8,S
2021-07-01T10:11:47,9600.0,21.8,S
2021-07-01T10:11:45,3600.0,21.8,S
2021-07-01T10:11:45,12600.0,21.8,S
2021-07-01T10:11:38,700.0,21.8,S
2021-07-01T10:11:37,300.0,21.8,S
2021-07-01T10:11:37,400.0,21.8,S
2021-07-01T10:11:37,7600.0,21.8,S
2021-07-01T10:11:37,1700.0,21.8,S
2021-07-01T10:11:37,200.0,21.8,S
2021-07-01T10:11:37,2800.0,21.8,S
2021-07-01T10:11:35,100.0,21.8,S
2021-07-01T10:11:13,2000.0,21.8,S
2021-07-01T10:11:04,900.0,21.8,S
2021-07-01T10:10:58,1000.0,21.8,S
2021-07-01T10:10:50,400.0,21.8,S
2021-07-01T10:10:48,3500.0,21.8,S
2021-07-01T10:10:47,500.0,21.8,S
2021-07-01T10:10:39,1100.0,21.8,S
2021-07-01T10:10:37,2200.0,21.8,S
2021-07-01T10:10:36,100.0,21.8,S
2021-07-01T10:10:30,3400.0,21.8,S
2021-07-01T10:10:30,5200.0,21.8,S
2021-07-01T10:10:30,1000.0,21.8,S
2021-07-01T10:10:30,2100.0,21.8,S
2021-07-01T10:10:30,4000.0,21.8,S
2021-07-01T10:10:30,4600.0,21.8,S
2021-07-01T10:10:30,800.0,21.8,S
2021-07-01T10:10:30,600.0,21.8,S
2021-07-01T10:10:30,300.0,21.8,S
2021-07-01T10:10:23,5500.0,21.8,S
2021-07-01T10:10:14,300.0,21.8,S
2021-07-01T10:10:13,1200.0,21.85,B
2021-07-01T10:10:12,9000.0,21.8,S
2021-07-01T10:10:11,2000.0,21.8,S
2021-07-01T10:09:56,500.0,21.8,S
2021-07-01T10:09:52,5000.0,21.8,S
2021-07-01T10:09:50,1000.0,21.8,S
2021-07-01T10:09:43,100.0,21.8,S
2021-07-01T10:09:38,500.0,21.8,S
2021-07-01T10:09:38,500.0,21.8,S
2021-07-01T10:09:38,4100.0,21.8,S
2021-07-01T10:09:38,700.0,21.8,S
2021-07-01T10:09:37,3200.0,21.8,S
2021-07-01T10:09:27,100.0,21.85,B
2021-07-01T10:09:16,100.0,21.8,S
2021-07-01T10:09:09,1900.0,21.85,B
2021-07-01T10:08:56,200.0,21.8,S
2021-07-01T10:08:56,1300.0,21.8,S
2021-07-01T10:08:56,100.0,21.8,S
2021-07-01T10:08:55,400.0,21.8,S
2021-07-01T10:08:45,100.0,21.85,B
2021-07-01T10:08:39,700.0,21.8,S
2021-07-01T10:08:39,1500.0,21.8,S
2021-07-01T10:08:39,200.0,21.8,S
2021-07-01T10:08:39,2600.0,21.8,S
2021-07-01T10:08:33,200.0,21.8,S
2021-07-01T10:08:28,9500.0,21.8,S
2021-07-01T10:08:28,2000.0,21.8,S
2021-07-01T10:08:27,500.0,21.8,S
2021-07-01T10:08:26,400.0,21.8,S
2021-07-01T10:08:22,2400.0,21.8,S
2021-07-01T10:08:22,5700.0,21.8,S
2021-07-01T10:08:22,4300.0,21.8,S
2021-07-01T10:08:22,3400.0,21.8,S
2021-07-01T10:08:22,1600.0,21.8,S
2021-07-01T10:08:22,1200.0,21.8,S
2021-07-01T10:08:22,1200.0,21.8,S
2021-07-01T10:08:21,200.0,21.8,S
2021-07-01T10:08:13,1000.0,21.8,S
2021-07-01T10:08:10,1000.0,21.8,S
2021-07-01T10:08:07,1100.0,21.8,S
2021-07-01T10:08:07,4900.0,21.8,S
2021-07-01T10:08:04,500.0,21.8,S
2021-07-01T10:08:04,1000.0,21.8,S
2021-07-01T10:08:01,7000.0,21.8,S
2021-07-01T10:07:52,1000.0,21.8,S
2021-07-01T10:07:47,500.0,21.8,S
2021-07-01T10:07:46,200.0,21.8,S
2021-07-01T10:07:38,1000.0,21.8,S
2021-07-01T10:07:38,200.0,21.8,S
2021-07-01T10:07:16,700.0,21.8,S
2021-07-01T10:07:15,1800.0,21.8,S
2021-07-01T10:07:14,600.0,21.8,S
2021-07-01T10:07:14,2100.0,21.8,S
2021-07-01T10:07:10,100.0,21.8,S
2021-07-01T10:07:06,400.0,21.8,S
2021-07-01T10:06:45,800.0,21.8,S
2021-07-01T10:06:28,100.0,21.8,S
2021-07-01T10:06:20,500.0,21.8,S
2021-07-01T10:06:15,100.0,21.85,B
2021-07-01T10:06:12,100.0,21.85,B
2021-07-01T10:06:08,200.0,21.85,B
2021-07-01T10:05:50,4200.0,21.8,S
2021-07-01T10:05:32,1000.0,21.85,B
2021-07-01T10:05:10,100.0,21.85,B
2021-07-01T10:05:03,20000.0,21.85,B
2021-07-01T10:04:25,500.0,21.85,B
2021-07-01T10:04:21,200.0,21.85,B
2021-07-01T10:04:13,3400.0,21.8,S
2021-07-01T10:04:13,2600.0,21.8,S
2021-07-01T10:04:13,900.0,21.8,S
2021-07-01T10:04:12,2100.0,21.8,S
2021-07-01T10:04:05,100.0,21.85,B
2021-07-01T10:04:03,200.0,21.85,B
2021-07-01T10:03:55,200.0,21.85,B
2021-07-01T10:03:40,1400.0,21.8,S
2021-07-01T10:03:22,600.0,21.85,B
2021-07-01T10:03:19,2500.0,21.85,B
2021-07-01T10:03:10,200.0,21.85,B
2021-07-01T10:03:06,200.0,21.85,B
2021-07-01T10:02:55,5000.0,21.8,S
2021-07-01T10:02:52,1000.0,21.85,B
2021-07-01T10:02:51,500.0,21.8,S
2021-07-01T10:02:39,10000.0,21.85,B
2021-07-01T10:02:36,900.0,21.8,S
2021-07-01T10:02:36,2500.0,21.8,S
2021-07-01T10:02:31,200.0,21.8,S
2021-07-01T10:02:29,100.0,21.85,B
2021-07-01T10:02:04,200.0,21.8,S
2021-07-01T10:02:01,400.0,21.8,S
2021-07-01T10:01:56,100.0,21.8,S
2021-07-01T10:01:55,9500.0,21.8,S
2021-07-01T10:01:40,1600.0,21.8,S
2021-07-01T10:01:15,500.0,21.8,S
2021-07-01T10:01:15,3000.0,21.8,S
2021-07-01T10:01:14,5000.0,21.8,S
2021-07-01T10:01:09,400.0,21.8,S
2021-07-01T10:01:08,500.0,21.8,S
2021-07-01T10:00:58,500.0,21.8,S
2021-07-01T10:00:42,20000.0,21.8,S
2021-07-01T10:00:36,100.0,21.8,S
2021-07-01T10:00:26,2000.0,21.8,S
2021-07-01T10:00:26,300.0,21.8,S
2021-07-01T10:00:13,100.0,21.85,B
2021-07-01T10:00:10,5200.0,21.8,S
2021-07-01T10:00:10,500.0,21.8,S
2021-07-01T10:00:10,600.0,21.8,S
2021-07-01T10:00:10,200.0,21.8,S
2021-07-01T10:00:10,500.0,21.8,S
2021-07-01T10:00:10,700.0,21.8,S
2021-07-01T10:00:10,6000.0,21.8,S
2021-07-01T10:00:10,1800.0,21.8,S
2021-07-01T10:00:03,200.0,21.8,S
2021-07-01T10:00:00,500.0,21.85,B
2021-07-01T10:00:00,500.0,21.8,S
2021-07-01T09:59:45,1600.0,21.8,S
2021-07-01T09:59:33,3900.0,21.8,S
2021-07-01T09:59:33,6100.0,21.8,S
2021-07-01T09:59:16,100.0,21.8,S
2021-07-01T09:59:12,300.0,21.85,B
2021-07-01T09:59:07,500.0,21.85,B
2021-07-01T09:58:59,500.0,21.85,B
2021-07-01T09:58:47,100.0,21.85,B
2021-07-01T09:58:46,1000.0,21.85,B
2021-07-01T09:58:38,600.0,21.85,B
2021-07-01T09:58:17,15700.0,21.85,B
2021-07-01T09:58:06,1600.0,21.8,S
2021-07-01T09:57:52,4000.0,21.85,B
2021-07-01T09:57:43,1800.0,21.85,B
2021-07-01T09:57:26,400.0,21.85,B
2021-07-01T09:57:02,600.0,21.8,S
2021-07-01T09:56:51,200.0,21.85,S
2021-07-01T09:56:45,1600.0,21.8,S
2021-07-01T09:56:33,200.0,21.85,S
2021-07-01T09:56:33,1000.0,21.85,S
2021-07-01T09:56:26,10000.0,21.8,S
2021-07-01T09:56:25,100.0,21.85,S
2021-07-01T09:56:23,600.0,21.85,S
2021-07-01T09:56:23,3200.0,21.85,S
2021-07-01T09:56:23,700.0,21.85,S
2021-07-01T09:56:23,11600.0,21.85,S
2021-07-01T09:56:23,3000.0,21.85,S
2021-07-01T09:56:21,3200.0,21.85,S
2021-07-01T09:56:21,2500.0,21.85,S
2021-07-01T09:56:21,2000.0,21.85,S
2021-07-01T09:56:21,17100.0,21.85,S
2021-07-01T09:56:21,4100.0,21.85,S
2021-07-01T09:56:21,10100.0,21.85,S
2021-07-01T09:56:21,4000.0,21.85,S
2021-07-01T09:56:21,1000.0,21.85,S
2021-07-01T09:56:18,1700.0,21.85,S
2021-07-01T09:56:14,4500.0,21.85,S
2021-07-01T09:56:14,3000.0,21.85,S
2021-07-01T09:56:14,5700.0,21.85,S
2021-07-01T09:56:14,300.0,21.85,S
2021-07-01T09:56:14,100.0,21.85,S
2021-07-01T09:56:14,1500.0,21.85,S
2021-07-01T09:56:14,2000.0,21.85,S
2021-07-01T09:56:14,7400.0,21.85,S
2021-07-01T09:56:04,100.0,21.85,S
2021-07-01T09:55:41,4000.0,21.85,S
2021-07-01T09:55:33,10000.0,21.85,S
2021-07-01T09:55:15,1000.0,21.85,S
2021-07-01T09:55:03,1600.0,21.85,S
2021-07-01T09:54:56,7500.0,21.85,S
2021-07-01T09:54:52,6400.0,21.85,S
2021-07-01T09:54:45,2000.0,21.9,B
2021-07-01T09:54:10,300.0,21.85,S
2021-07-01T09:54:07,1000.0,21.85,S
2021-07-01T09:54:05,1000.0,21.9,B
2021-07-01T09:53:44,1000.0,21.9,B
2021-07-01T09:53:18,10000.0,21.9,B
2021-07-01T09:52:56,500.0,21.85,S
2021-07-01T09:52:44,400.0,21.85,S
2021-07-01T09:52:37,100.0,21.9,B
2021-07-01T09:52:35,500.0,21.9,B
2021-07-01T09:52:29,100.0,21.9,B
2021-07-01T09:52:14,200.0,21.85,S
2021-07-01T09:52:06,5000.0,21.85,S
2021-07-01T09:51:19,400.0,21.85,S
2021-07-01T09:50:08,400.0,21.85,S
2021-07-01T09:50:00,100.0,21.9,B
2021-07-01T09:49:05,2000.0,21.9,B
2021-07-01T09:48:44,600.0,21.85,S
2021-07-01T09:48:43,600.0,21.85,S
2021-07-01T09:48:38,400.0,21.85,S
2021-07-01T09:48:05,500.0,21.85,S
2021-07-01T09:48:02,100.0,21.85,S
2021-07-01T09:47:20,2000.0,21.85,S
2021-07-01T09:47:09,2100.0,21.85,S
2021-07-01T09:47:09,800.0,21.85,S
2021-07-01T09:47:01,1500.0,21.9,B
2021-07-01T09:46:46,500.0,21.85,S
2021-07-01T09:46:41,800.0,21.85,S
2021-07-01T09:46:41,700.0,21.85,S
2021-07-01T09:46:18,3000.0,21.9,B
2021-07-01T09:45:55,2000.0,21.85,S
2021-07-01T09:45:54,6000.0,21.85,S
2021-07-01T09:45:41,2000.0,21.85,S
2021-07-01T09:45:31,100.0,21.9,B
2021-07-01T09:45:14,1000.0,21.9,B
2021-07-01T09:45:11,500.0,21.9,B
2021-07-01T09:44:49,400.0,21.9,B
2021-07-01T09:44:47,3000.0,21.85,S
2021-07-01T09:44:27,1600.0,21.85,S
2021-07-01T09:44:27,8000.0,21.9,B
2021-07-01T09:44:11,3000.0,21.9,B
2021-07-01T09:43:55,100.0,21.9,B
2021-07-01T09:43:32,1600.0,21.85,S
2021-07-01T09:43:26,5600.0,21.9,B
2021-07-01T09:43:06,7000.0,21.85,S
2021-07-01T09:42:59,1000.0,21.9,B
2021-07-01T09:42:43,100.0,21.9,B
2021-07-01T09:42:40,100.0,21.9,B
2021-07-01T09:42:22,10000.0,21.9,B
2021-07-01T09:42:17,1000.0,21.9,B
2021-07-01T09:42:14,500.0,21.85,S
2021-07-01T09:42:10,1100.0,21.85,S
2021-07-01T09:42:10,500.0,21.85,S
2021-07-01T09:42:08,600.0,21.85,S
2021-07-01T09:41:46,100.0,21.85,S
2021-07-01T09:41:34,600.0,21.85,S
2021-07-01T09:41:17,600.0,21.85,S
2021-07-01T09:41:05,1000.0,21.9,B
2021-07-01T09:41:04,100.0,21.9,B
2021-07-01T09:41:04,9900.0,21.9,B
2021-07-01T09:40:59,1000.0,21.9,B
2021-07-01T09:40:55,6500.0,21.9,B
2021-07-01T09:40:55,1500.0,21.9,B
2021-07-01T09:40:54,1300.0,21.85,S
2021-07-01T09:40:54,400.0,21.85,S
2021-07-01T09:40:54,1400.0,21.85,S
2021-07-01T09:40:53,1000.0,21.85,S
2021-07-01T09:40:53,1600.0,21.85,S
2021-07-01T09:40:53,44300.0,21.85,S
2021-07-01T09:40:43,2300.0,21.9,B
2021-07-01T09:40:16,200.0,21.9,B
2021-07-01T09:40:14,3000.0,21.9,B
2021-07-01T09:39:55,1400.0,21.9,B
2021-07-01T09:39:55,2600.0,21.9,B
2021-07-01T09:39:50,4000.0,21.9,B
2021-07-01T09:39:50,1000.0,21.9,B
2021-07-01T09:39:41,5000.0,21.85,S
2021-07-01T09:39:34,100.0,21.85,S
2021-07-01T09:39:31,400.0,21.9,B
2021-07-01T09:39:21,1800.0,21.85,S
2021-07-01T09:39:20,100.0,21.85,S
2021-07-01T09:39:20,100.0,21.85,S
2021-07-01T09:39:19,1000.0,21.9,B
2021-07-01T09:38:57,4000.0,21.9,B
2021-07-01T09:38:44,300.0,21.85,S
2021-07-01T09:38:23,100.0,21.9,B
2021-07-01T09:38:17,300.0,21.85,S
2021-07-01T09:38:06,300.0,21.85,S
2021-07-01T09:37:27,2000.0,21.85,S
2021-07-01T09:37:19,1000.0,21.9,B
2021-07-01T09:37:00,1000.0,21.85,S
2021-07-01T09:36:49,4100.0,21.85,B
2021-07-01T09:36:49,9200.0,21.85,B
2021-07-01T09:36:40,100.0,21.85,B
2021-07-01T09:36:39,6000.0,21.85,B
2021-07-01T09:36:23,10000.0,21.85,B
2021-07-01T09:36:20,300.0,21.85,B
2021-07-01T09:36:19,1000.0,21.8,S
2021-07-01T09:36:15,9300.0,21.85,B
2021-07-01T09:36:14,2100.0,21.85,B
2021-07-01T09:36:13,3600.0,21.85,B
2021-07-01T09:36:12,1000.0,21.85,B
2021-07-01T09:36:09,2000.0,21.85,B
2021-07-01T09:36:00,1700.0,21.85,B
2021-07-01T09:35:52,500.0,21.85,B
2021-07-01T09:35:51,8000.0,21.85,B
2021-07-01T09:35:49,3000.0,21.85,B
2021-07-01T09:35:46,200.0,21.85,B
2021-07-01T09:35:38,100.0,21.85,B
2021-07-01T09:35:36,1000.0,21.85,B
2021-07-01T09:35:34,4000.0,21.8,S
2021-07-01T09:35:32,300.0,21.85,B
2021-07-01T09:35:28,1000.0,21.85,B
2021-07-01T09:35:28,700.0,21.85,B
2021-07-01T09:35:27,1100.0,21.85,B
2021-07-01T09:35:27,2100.0,21.85,B
2021-07-01T09:35:27,6800.0,21.85,B
2021-07-01T09:35:17,500.0,21.85,B
2021-07-01T09:35:13,1000.0,21.85,B
2021-07-01T09:35:10,1000.0,21.85,B
2021-07-01T09:35:08,1000.0,21.85,B
2021-07-01T09:35:07,100.0,21.85,B
2021-07-01T09:35:04,800.0,21.85,B
2021-07-01T09:34:57,200.0,21.85,B
2021-07-01T09:34:57,400.0,21.85,B
2021-07-01T09:34:53,1000.0,21.85,B
2021-07-01T09:34:48,1000.0,21.85,B
2021-07-01T09:34:42,1000.0,21.85,B
2021-07-01T09:34:36,100.0,21.85,B
2021-07-01T09:34:36,5000.0,21.85,B
2021-07-01T09:34:33,3500.0,21.85,B
2021-07-01T09:34:30,1000.0,21.8,S
2021-07-01T09:34:29,500.0,21.85,B
2021-07-01T09:34:24,5000.0,21.85,B
2021-07-01T09:34:05,800.0,21.8,S
2021-07-01T09:34:02,200.0,21.85,B
2021-07-01T09:33:58,10000.0,21.85,B
2021-07-01T09:33:58,500.0,21.85,B
2021-07-01T09:33:57,200.0,21.85,B
2021-07-01T09:33:57,1000.0,21.85,B
2021-07-01T09:33:52,100.0,21.85,B
2021-07-01T09:33:43,10000.0,21.85,B
2021-07-01T09:33:38,200.0,21.85,B
2021-07-01T09:33:37,1000.0,21.85,B
2021-07-01T09:33:34,200.0,21.85,B
2021-07-01T09:33:33,2500.0,21.85,B
2021-07-01T09:33:31,1500.0,21.85,B
2021-07-01T09:33:27,2000.0,21.85,B
2021-07-01T09:33:21,100.0,21.8,S
2021-07-01T09:33:18,1000.0,21.8,S
2021-07-01T09:33:15,1000.0,21.85,B
2021-07-01T09:33:05,700.0,21.85,B
2021-07-01T09:32:52,500.0,21.85,B
2021-07-01T09:32:47,1000.0,21.85,B
2021-07-01T09:32:40,300.0,21.85,B
2021-07-01T09:32:20,100.0,21.85,B
2021-07-01T09:32:11,1300.0,21.85,B
2021-07-01T09:32:06,400.0,21.8,S
2021-07-01T09:32:04,3000.0,21.85,B
2021-07-01T09:32:03,2000.0,21.8,S
2021-07-01T09:31:53,100.0,21.85,B
2021-07-01T09:31:53,500.0,21.85,B
2021-07-01T09:31:35,2800.0,21.85,B
2021-07-01T09:31:34,200.0,21.85,B
2021-07-01T09:31:33,500.0,21.85,B
2021-07-01T09:31:25,500.0,21.85,B
2021-07-01T09:31:24,1000.0,21.85,B
2021-07-01T09:31:02,100.0,21.85,B
2021-07-01T09:30:46,8000.0,21.8,S
2021-07-01T09:30:44,200.0,21.8,S
2021-07-01T09:30:39,200.0,21.85,B
2021-07-01T09:30:33,500.0,21.85,B
2021-07-01T09:30:32,100.0,21.85,B
2021-07-01T09:30:31,900.0,21.85,B
2021-07-01T09:30:26,10000.0,21.85,B
2021-07-01T09:30:20,200.0,21.85,B
2021-07-01T09:30:12,2000.0,21.85,B
2021-07-01T09:30:10,500.0,21.85,B
2021-07-01T09:30:10,300.0,21.85,B
2021-07-01T09:30:09,2000.0,21.85,B
2021-07-01T09:30:00,300.0,21.85,B
2021-07-01T09:29:57,100.0,21.85,B
2021-07-01T09:29:53,15000.0,21.85,B
2021-07-01T09:29:50,2200.0,21.85,B
2021-07-01T09:29:28,200.0,21.85,B
2021-07-01T09:29:22,200.0,21.8,S
2021-07-01T09:29:10,100.0,21.85,B
2021-07-01T09:29:05,600.0,21.8,S
2021-07-01T09:28:58,100.0,21.85,S
2021-07-01T09:28:49,200.0,21.85,S
2021-07-01T09:28:45,1000.0,21.85,S
2021-07-01T09:28:40,2100.0,21.85,S
2021-07-01T09:28:40,2000.0,21.85,S
2021-07-01T09:28:40,1300.0,21.85,S
2021-07-01T09:28:40,700.0,21.85,S
2021-07-01T09:28:40,800.0,21.85,S
2021-07-01T09:28:36,600.0,21.85,S
2021-07-01T09:28:36,100.0,21.85,S
2021-07-01T09:28:36,2900.0,21.85,S
2021-07-01T09:28:29,1300.0,21.85,S
2021-07-01T09:28:19,1000.0,21.85,S
2021-07-01T09:28:17,1700.0,21.85,S
2021-07-01T09:28:10,300.0,21.85,S
2021-07-01T09:28:10,20000.0,21.85,S
2021-07-01T09:28:10,10700.0,21.85,S
2021-07-01T09:28:05,3600.0,21.85,S
2021-07-01T09:27:52,200.0,21.85,S
2021-07-01T09:27:48,1700.0,21.85,S
2021-07-01T09:27:42,4400.0,21.85,S
2021-07-01T09:27:42,500.0,21.85,S
2021-07-01T09:27:42,500.0,21.85,S
2021-07-01T09:27:42,800.0,21.85,S
2021-07-01T09:27:42,600.0,21.85,S
2021-07-01T09:27:42,200.0,21.85,S
2021-07-01T09:27:42,1000.0,21.85,S
2021-07-01T09:27:42,3800.0,21.85,S
2021-07-01T09:27:42,200.0,21.85,S
2021-07-01T09:27:42,3200.0,21.85,S
2021-07-01T09:27:42,3600.0,21.85,S
2021-07-01T09:27:42,200.0,21.85,S
2021-07-01T09:27:39,200.0,21.85,S
2021-07-01T09:27:25,1900.0,21.85,S
2021-07-01T09:27:12,3100.0,21.85,S
2021-07-01T09:27:12,400.0,21.85,S
2021-07-01T09:26:57,4000.0,21.85,S
2021-07-01T09:26:52,1500.0,21.85,S
2021-07-01T09:26:35,2400.0,21.85,S
2021-07-01T09:26:30,600.0,21.9,B
2021-07-01T09:26:29,100.0,21.9,B
2021-07-01T09:26:19,700.0,21.85,S
2021-07-01T09:26:19,100.0,21.85,S
2021-07-01T09:26:19,2700.0,21.85,S
2021-07-01T09:26:13,200.0,21.85,S
2021-07-01T09:26:13,400.0,21.85,S
2021-07-01T09:26:13,1000.0,21.85,S
2021-07-01T09:26:13,900.0,21.85,S
2021-07-01T09:25:56,1200.0,21.85,S
2021-07-01T09:25:56,300.0,21.85,S
2021-07-01T09:25:56,12200.0,21.85,S
2021-07-01T09:25:56,2800.0,21.85,S
2021-07-01T09:25:55,7500.0,21.85,S
2021-07-01T09:25:49,2000.0,21.85,S
2021-07-01T09:25:49,800.0,21.9,B
2021-07-01T09:25:38,900.0,21.85,S
2021-07-01T09:25:28,1000.0,21.9,B
2021-07-01T09:25:20,1000.0,21.85,S
2021-07-01T09:25:05,200.0,21.9,B
2021-07-01T09:25:01,100.0,21.85,S
2021-07-01T09:24:51,1000.0,21.85,S
2021-07-01T09:24:50,4000.0,21.9,B
2021-07-01T09:24:45,1000.0,21.85,S
2021-07-01T09:24:45,700.0,21.85,S
2021-07-01T09:24:18,300.0,21.85,S
2021-07-01T09:24:05,400.0,21.9,B
2021-07-01T09:23:57,100.0,21.9,B
2021-07-01T09:23:47,200.0,21.9,B
2021-07-01T09:23:44,200.0,21.85,S
2021-07-01T09:23:27,1000.0,21.9,B
2021-07-01T09:23:26,600.0,21.85,S
2021-07-01T09:23:19,200.0,21.85,S
2021-07-01T09:23:15,400.0,21.9,B
2021-07-01T09:23:05,500.0,21.9,B
2021-07-01T09:23:02,600.0,21.85,S
2021-07-01T09:22:57,300.0,21.85,S
2021-07-01T09:22:51,600.0,21.85,S
2021-07-01T09:22:43,100.0,21.9,B
2021-07-01T09:22:39,200.0,21.9,B
2021-07-01T09:22:30,5000.0,21.9,S
2021-07-01T09:22:23,6500.0,21.9,S
2021-07-01T09:22:04,200.0,21.9,S
2021-07-01T09:21:59,100.0,21.9,S
2021-07-01T09:21:53,3700.0,21.9,S
2021-07-01T09:21:49,700.0,21.9,S
2021-07-01T09:21:48,2000.0,21.9,S
2021-07-01T09:21:44,600.0,21.9,S
2021-07-01T09:21:41,26000.0,21.9,S
2021-07-01T09:21:30,500.0,21.9,S
2021-07-01T09:21:20,600.0,21.9,S
2021-07-01T09:21:19,1000.0,21.95,B
2021-07-01T09:21:17,800.0,21.9,S
2021-07-01T09:21:12,600.0,21.9,S
2021-07-01T09:21:00,600.0,21.9,S
2021-07-01T09:20:58,300.0,21.9,S
2021-07-01T09:20:54,600.0,21.9,S
2021-07-01T09:20:39,600.0,21.9,S
2021-07-01T09:20:35,100.0,21.95,B
2021-07-01T09:20:30,3000.0,21.95,B
2021-07-01T09:20:27,500.0,21.9,S
2021-07-01T09:20:02,600.0,21.9,S
2021-07-01T09:20:00,600.0,21.9,S
2021-07-01T09:19:59,900.0,21.9,S
2021-07-01T09:19:45,200.0,21.9,S
2021-07-01T09:19:45,1400.0,21.9,S
2021-07-01T09:19:43,700.0,21.9,S
2021-07-01T09:19:36,600.0,21.9,S
2021-07-01T09:19:25,400.0,21.9,S
2021-07-01T09:19:21,300.0,21.95,B
2021-07-01T09:19:12,200.0,21.9,S
2021-07-01T09:18:50,2000.0,21.9,S
2021-07-01T09:18:41,400.0,21.9,S
2021-07-01T09:18:31,600.0,21.9,S
2021-07-01T09:18:30,2800.0,21.9,S
2021-07-01T09:18:10,500.0,21.9,S
2021-07-01T09:17:54,900.0,21.9,S
2021-07-01T09:17:49,1000.0,21.9,S
2021-07-01T09:17:38,100.0,21.95,B
2021-07-01T09:17:31,1600.0,21.85,S
2021-07-01T09:17:30,2400.0,21.85,S
2021-07-01T09:17:30,200.0,21.9,B
2021-07-01T09:17:30,200.0,21.9,B
2021-07-01T09:17:21,3000.0,21.9,B
2021-07-01T09:17:17,1000.0,21.9,B
2021-07-01T09:17:05,100.0,21.9,B
2021-07-01T09:17:04,100.0,21.85,S
2021-07-01T09:17:03,1000.0,21.9,B
2021-07-01T09:16:49,200.0,21.85,S
2021-07-01T09:16:44,5000.0,21.9,B
2021-07-01T09:16:42,200.0,21.9,B
2021-07-01T09:16:40,1200.0,21.85,S
2021-07-01T09:16:23,200.0,21.9,B
2021-07-01T09:16:16,100.0,21.9,B
2021-07-01T09:16:05,100.0,21.85,S
2021-07-01T09:16:05,200.0,21.85,S
2021-07-01T09:16:05,1900.0,21.85,S
2021-07-01T09:16:05,900.0,21.85,S
2021-07-01T09:16:05,3900.0,21.85,S
2021-07-01T09:15:30,1400.0,21.85,S
