tradingTime,volume,price,side
2021-07-01T14:29:59,1000.0,7.9,S
2021-07-01T14:29:59,900.0,7.9,S
2021-07-01T14:29:59,1000.0,7.9,S
2021-07-01T14:29:59,5100.0,7.9,S
2021-07-01T14:29:57,1000.0,7.9,S
2021-07-01T14:29:56,200.0,7.91,B
2021-07-01T14:29:54,100.0,7.9,S
2021-07-01T14:29:48,1300.0,7.9,S
2021-07-01T14:29:47,10000.0,7.9,S
2021-07-01T14:29:44,300.0,7.9,S
2021-07-01T14:29:23,1500.0,7.9,S
2021-07-01T14:28:22,3100.0,7.9,S
2021-07-01T14:28:12,1500.0,7.9,S
2021-07-01T14:28:06,100.0,7.91,B
2021-07-01T14:27:56,700.0,7.9,B
2021-07-01T14:27:40,9300.0,7.9,B
2021-07-01T14:27:34,1700.0,7.9,B
2021-07-01T14:27:28,1100.0,7.89,S
2021-07-01T14:27:27,17900.0,7.89,S
2021-07-01T14:27:15,500.0,7.9,B
2021-07-01T14:26:44,2900.0,7.9,S
2021-07-01T14:26:42,1700.0,7.9,B
2021-07-01T14:26:40,400.0,7.9,B
2021-07-01T14:26:15,1000.0,7.9,B
2021-07-01T14:26:14,3000.0,7.9,B
2021-07-01T14:26:08,500.0,7.9,B
2021-07-01T14:26:03,16100.0,7.9,S
2021-07-01T14:25:46,100.0,7.91,B
2021-07-01T14:25:20,500.0,7.9,S
2021-07-01T14:24:53,100.0,7.9,B
2021-07-01T14:24:47,400.0,7.9,S
2021-07-01T14:24:44,1000.0,7.9,B
2021-07-01T14:24:41,1000.0,7.9,B
2021-07-01T14:24:35,1000.0,7.9,B
2021-07-01T14:24:25,1100.0,7.9,B
2021-07-01T14:24:20,1000.0,7.9,B
2021-07-01T14:24:12,1900.0,7.9,S
2021-07-01T14:24:03,200.0,7.92,B
2021-07-01T14:23:58,100.0,7.9,S
2021-07-01T14:23:26,1600.0,7.89,S
2021-07-01T14:23:16,300.0,7.93,B
2021-07-01T14:22:42,16000.0,7.89,S
2021-07-01T14:22:39,35000.0,7.9,S
2021-07-01T14:22:38,2500.0,7.93,S
2021-07-01T14:22:20,5000.0,7.93,S
2021-07-01T14:22:05,900.0,7.93,S
2021-07-01T14:21:40,3000.0,7.94,B
2021-07-01T14:21:36,30000.0,7.94,B
2021-07-01T14:21:22,7500.0,7.93,B
2021-07-01T14:20:36,1000.0,7.93,B
2021-07-01T14:20:23,500.0,7.93,S
2021-07-01T14:20:08,1500.0,7.93,S
2021-07-01T14:19:46,3000.0,7.93,S
2021-07-01T14:19:41,100.0,7.93,S
2021-07-01T14:19:22,200.0,7.93,S
2021-07-01T14:19:19,100.0,7.94,B
2021-07-01T14:19:11,5000.0,7.93,S
2021-07-01T14:19:11,100.0,7.94,B
2021-07-01T14:18:53,1000.0,7.93,B
2021-07-01T14:18:53,11300.0,7.93,B
2021-07-01T14:18:53,38800.0,7.93,B
2021-07-01T14:18:53,39100.0,7.92,B
2021-07-01T14:18:53,51100.0,7.91,B
2021-07-01T14:18:53,9000.0,7.91,B
2021-07-01T14:18:44,200.0,7.9,S
2021-07-01T14:18:19,600.0,7.9,S
2021-07-01T14:18:06,1000.0,7.9,S
2021-07-01T14:18:03,700.0,7.9,S
2021-07-01T14:17:39,5700.0,7.9,B
2021-07-01T14:17:22,300.0,7.9,B
2021-07-01T14:17:14,2000.0,7.9,B
2021-07-01T14:16:22,300.0,7.88,S
2021-07-01T14:16:20,7000.0,7.9,B
2021-07-01T14:16:14,300.0,7.9,B
2021-07-01T14:16:12,800.0,7.9,B
2021-07-01T14:15:49,100.0,7.9,B
2021-07-01T14:15:33,500.0,7.9,B
2021-07-01T14:15:30,300.0,7.9,B
2021-07-01T14:15:28,400.0,7.9,B
2021-07-01T14:15:20,300.0,7.9,B
2021-07-01T14:15:08,100.0,7.9,B
2021-07-01T14:14:57,300.0,7.9,B
2021-07-01T14:14:43,2800.0,7.9,B
2021-07-01T14:14:12,500.0,7.9,B
2021-07-01T14:13:31,3000.0,7.9,B
2021-07-01T14:13:16,400.0,7.9,B
2021-07-01T14:13:02,300.0,7.9,B
2021-07-01T14:11:53,3100.0,7.9,B
2021-07-01T14:11:53,1900.0,7.9,B
2021-07-01T14:11:52,1200.0,7.9,B
2021-07-01T14:10:54,10000.0,7.88,S
2021-07-01T14:10:41,2000.0,7.9,B
2021-07-01T14:10:41,2800.0,7.9,B
2021-07-01T14:10:41,2600.0,7.9,B
2021-07-01T14:10:41,2600.0,7.9,B
2021-07-01T14:10:27,1000.0,7.9,B
2021-07-01T14:10:20,1500.0,7.9,B
2021-07-01T14:10:10,2000.0,7.9,B
2021-07-01T14:10:06,600.0,7.9,B
2021-07-01T14:09:53,400.0,7.9,B
2021-07-01T14:09:49,400.0,7.9,B
2021-07-01T14:09:33,500.0,7.89,S
2021-07-01T14:09:24,11000.0,7.9,B
2021-07-01T14:08:25,6300.0,7.89,B
2021-07-01T14:08:23,1200.0,7.89,B
2021-07-01T14:08:01,1000.0,7.89,B
2021-07-01T14:07:51,4000.0,7.88,S
2021-07-01T14:07:37,100.0,7.89,B
2021-07-01T14:06:59,300.0,7.88,S
2021-07-01T14:06:28,1000.0,7.88,S
2021-07-01T14:05:25,1000.0,7.88,S
2021-07-01T14:05:11,300.0,7.88,B
2021-07-01T14:05:06,1400.0,7.88,B
2021-07-01T14:04:32,5000.0,7.88,B
2021-07-01T14:04:05,1000.0,7.87,S
2021-07-01T14:03:52,8100.0,7.87,B
2021-07-01T14:03:51,500.0,7.87,B
2021-07-01T14:03:23,100.0,7.87,S
2021-07-01T14:03:22,2500.0,7.87,S
2021-07-01T14:03:19,1500.0,7.87,S
2021-07-01T14:02:15,900.0,7.87,S
2021-07-01T14:02:04,10000.0,7.87,S
2021-07-01T14:02:00,900.0,7.87,S
2021-07-01T14:01:54,5000.0,7.87,S
2021-07-01T14:01:53,1900.0,7.88,B
2021-07-01T14:01:30,400.0,7.87,S
2021-07-01T14:01:22,2900.0,7.88,B
2021-07-01T14:01:06,300.0,7.87,S
2021-07-01T14:00:27,200.0,7.87,S
2021-07-01T14:00:01,1000.0,7.87,S
2021-07-01T13:59:59,300.0,7.87,S
2021-07-01T13:59:59,3500.0,7.87,S
2021-07-01T13:59:32,1000.0,7.87,S
2021-07-01T13:59:25,100.0,7.87,S
2021-07-01T13:59:16,900.0,7.88,B
2021-07-01T13:59:02,5000.0,7.87,S
2021-07-01T13:59:01,1800.0,7.88,B
2021-07-01T13:59:01,100.0,7.88,B
2021-07-01T13:58:28,2400.0,7.88,B
2021-07-01T13:58:21,500.0,7.88,B
2021-07-01T13:58:01,1000.0,7.88,B
2021-07-01T13:57:50,1000.0,7.88,B
2021-07-01T13:57:29,1000.0,7.88,S
2021-07-01T13:56:54,100.0,7.89,B
2021-07-01T13:56:49,5000.0,7.89,B
2021-07-01T13:56:40,2000.0,7.88,S
2021-07-01T13:56:33,2000.0,7.88,S
2021-07-01T13:56:17,500.0,7.88,S
2021-07-01T13:56:17,3000.0,7.89,B
2021-07-01T13:56:10,2000.0,7.89,B
2021-07-01T13:55:51,500.0,7.89,B
2021-07-01T13:55:47,4300.0,7.89,B
2021-07-01T13:55:11,600.0,7.89,B
2021-07-01T13:53:16,200.0,7.87,S
2021-07-01T13:52:59,1000.0,7.87,B
2021-07-01T13:52:47,500.0,7.87,B
2021-07-01T13:52:11,500.0,7.87,B
2021-07-01T13:52:10,200.0,7.87,B
2021-07-01T13:52:09,300.0,7.87,S
2021-07-01T13:52:06,3400.0,7.87,S
2021-07-01T13:52:06,100.0,7.89,S
2021-07-01T13:51:11,8500.0,7.87,S
2021-07-01T13:51:11,3000.0,7.88,S
2021-07-01T13:51:11,1700.0,7.88,S
2021-07-01T13:51:11,1000.0,7.88,S
2021-07-01T13:51:11,2100.0,7.88,S
2021-07-01T13:51:11,17900.0,7.88,S
2021-07-01T13:51:11,15800.0,7.89,S
2021-07-01T13:50:40,200.0,7.9,S
2021-07-01T13:49:35,600.0,7.9,S
2021-07-01T13:49:32,100.0,7.91,S
2021-07-01T13:48:53,3000.0,7.92,B
2021-07-01T13:48:11,1200.0,7.88,S
2021-07-01T13:48:11,3000.0,7.88,S
2021-07-01T13:48:11,4300.0,7.89,S
2021-07-01T13:48:11,500.0,7.9,S
2021-07-01T13:48:11,6500.0,7.9,S
2021-07-01T13:48:11,11500.0,7.9,S
2021-07-01T13:48:10,1000.0,7.91,B
2021-07-01T13:48:04,10000.0,7.9,S
2021-07-01T13:48:01,2500.0,7.91,B
2021-07-01T13:47:47,4000.0,7.91,B
2021-07-01T13:47:28,1900.0,7.91,B
2021-07-01T13:47:26,1000.0,7.91,B
2021-07-01T13:47:02,100.0,7.91,B
2021-07-01T13:46:55,600.0,7.9,S
2021-07-01T13:46:43,70000.0,7.93,B
2021-07-01T13:46:28,30000.0,7.92,B
2021-07-01T13:46:18,500.0,7.91,B
2021-07-01T13:46:18,19500.0,7.91,B
2021-07-01T13:46:10,5000.0,7.91,B
2021-07-01T13:45:43,100.0,7.9,S
2021-07-01T13:45:39,5000.0,7.9,S
2021-07-01T13:45:16,300.0,7.91,B
2021-07-01T13:45:10,1000.0,7.9,S
2021-07-01T13:45:08,2000.0,7.9,S
2021-07-01T13:45:05,500.0,7.9,S
2021-07-01T13:45:02,200.0,7.91,B
2021-07-01T13:44:47,5000.0,7.91,B
2021-07-01T13:44:16,11700.0,7.9,B
2021-07-01T13:44:08,11700.0,7.9,S
2021-07-01T13:44:08,1000.0,7.9,S
2021-07-01T13:44:08,1100.0,7.9,S
2021-07-01T13:44:08,5200.0,7.9,S
2021-07-01T13:44:08,5000.0,7.9,S
2021-07-01T13:44:08,7500.0,7.9,S
2021-07-01T13:44:08,22000.0,7.9,S
2021-07-01T13:44:08,1500.0,7.9,S
2021-07-01T13:44:08,3000.0,7.9,S
2021-07-01T13:44:08,1800.0,7.9,S
2021-07-01T13:44:08,19100.0,7.9,S
2021-07-01T13:44:08,4400.0,7.91,S
2021-07-01T13:44:06,2000.0,7.91,S
2021-07-01T13:44:03,5000.0,7.91,S
2021-07-01T13:43:35,1100.0,7.92,S
2021-07-01T13:43:35,900.0,7.92,S
2021-07-01T13:43:27,6100.0,7.92,S
2021-07-01T13:43:21,100.0,7.93,B
2021-07-01T13:42:58,1000.0,7.92,S
2021-07-01T13:42:38,2000.0,7.92,S
2021-07-01T13:42:30,200.0,7.92,S
2021-07-01T13:41:42,8500.0,7.92,B
2021-07-01T13:41:13,500.0,7.92,B
2021-07-01T13:41:09,1000.0,7.92,B
2021-07-01T13:40:41,200.0,7.92,B
2021-07-01T13:40:25,100.0,7.92,B
2021-07-01T13:39:47,400.0,7.92,B
2021-07-01T13:39:24,100.0,7.92,B
2021-07-01T13:39:21,200.0,7.91,S
2021-07-01T13:39:08,1000.0,7.92,B
2021-07-01T13:38:53,300.0,7.92,B
2021-07-01T13:38:36,10000.0,7.91,S
2021-07-01T13:38:26,200.0,7.92,B
2021-07-01T13:37:49,800.0,7.92,B
2021-07-01T13:37:49,4200.0,7.92,B
2021-07-01T13:36:37,300.0,7.9,S
2021-07-01T13:36:22,12000.0,7.9,S
2021-07-01T13:35:52,1300.0,7.92,B
2021-07-01T13:35:47,600.0,7.9,S
2021-07-01T13:35:32,2300.0,7.9,S
2021-07-01T13:35:30,10000.0,7.92,B
2021-07-01T13:35:12,1000.0,7.92,B
2021-07-01T13:35:09,400.0,7.92,B
2021-07-01T13:34:59,1000.0,7.92,B
2021-07-01T13:34:31,1000.0,7.92,B
2021-07-01T13:34:05,100.0,7.92,B
2021-07-01T13:34:01,600.0,7.9,S
2021-07-01T13:34:01,1100.0,7.9,S
2021-07-01T13:34:01,11300.0,7.9,S
2021-07-01T13:34:01,5000.0,7.9,S
2021-07-01T13:34:00,2000.0,7.9,S
2021-07-01T13:33:01,1000.0,7.9,S
2021-07-01T13:32:30,5000.0,7.9,S
2021-07-01T13:32:26,200.0,7.9,S
2021-07-01T13:32:26,100.0,7.91,S
2021-07-01T13:32:26,200.0,7.91,S
2021-07-01T13:32:12,200.0,7.92,S
2021-07-01T13:29:53,1000.0,7.9,S
2021-07-01T13:29:50,2000.0,7.95,B
2021-07-01T13:29:31,2000.0,7.95,B
2021-07-01T13:29:26,50000.0,7.9,S
2021-07-01T13:29:08,1000.0,7.95,B
2021-07-01T13:29:04,1000.0,7.95,B
2021-07-01T13:29:03,600.0,7.95,B
2021-07-01T13:28:28,1200.0,7.95,B
2021-07-01T13:28:19,1500.0,7.95,B
2021-07-01T13:28:00,1700.0,7.95,B
2021-07-01T13:27:33,1000.0,7.96,B
2021-07-01T13:27:08,10000.0,7.91,S
2021-07-01T13:26:49,200.0,7.95,S
2021-07-01T13:26:32,100.0,7.95,S
2021-07-01T13:26:24,100.0,7.95,S
2021-07-01T13:26:24,100.0,7.95,S
2021-07-01T13:26:18,900.0,7.95,S
2021-07-01T13:25:56,4100.0,7.95,B
2021-07-01T13:25:49,500.0,7.95,B
2021-07-01T13:25:11,600.0,7.95,B
2021-07-01T13:24:31,2000.0,7.93,B
2021-07-01T13:24:23,2900.0,7.9,S
2021-07-01T13:24:10,1000.0,7.91,B
2021-07-01T13:23:53,3300.0,7.9,B
2021-07-01T13:23:53,19600.0,7.9,B
2021-07-01T13:23:47,500.0,7.9,B
2021-07-01T13:23:43,500.0,7.9,B
2021-07-01T13:23:39,50000.0,7.9,B
2021-07-01T13:23:35,500.0,7.9,B
2021-07-01T13:23:27,20000.0,7.9,B
2021-07-01T13:23:07,20000.0,7.9,B
2021-07-01T13:22:44,100.0,7.89,S
2021-07-01T13:22:42,200.0,7.89,S
2021-07-01T13:22:34,4700.0,7.89,S
2021-07-01T13:22:28,1000.0,7.89,S
2021-07-01T13:22:12,300.0,7.89,S
2021-07-01T13:21:33,600.0,7.88,S
2021-07-01T13:21:33,5300.0,7.89,S
2021-07-01T13:21:23,25000.0,7.9,B
2021-07-01T13:21:14,100.0,7.9,B
2021-07-01T13:21:09,10000.0,7.9,B
2021-07-01T13:21:00,200.0,7.9,B
2021-07-01T13:21:00,200.0,7.9,B
2021-07-01T13:20:48,1900.0,7.9,B
2021-07-01T13:20:42,100.0,7.9,B
2021-07-01T13:20:23,20000.0,7.89,B
2021-07-01T13:20:16,1000.0,7.9,B
2021-07-01T13:20:15,172000.0,7.89,B
2021-07-01T13:20:15,2800.0,7.88,B
2021-07-01T13:19:28,3000.0,7.83,S
2021-07-01T13:19:26,800.0,7.88,S
2021-07-01T13:19:12,1000.0,7.83,S
2021-07-01T13:18:56,800.0,7.89,B
2021-07-01T13:18:02,200.0,7.89,B
2021-07-01T13:17:36,1500.0,7.8,S
2021-07-01T13:17:35,11200.0,7.8,S
2021-07-01T13:17:35,18800.0,7.81,S
2021-07-01T13:17:20,100.0,7.9,B
2021-07-01T13:17:06,800.0,7.9,B
2021-07-01T13:17:04,1500.0,7.9,B
2021-07-01T13:16:55,100.0,7.9,B
2021-07-01T13:16:02,100.0,7.9,S
2021-07-01T13:15:50,100.0,7.9,S
2021-07-01T13:15:47,3200.0,7.9,S
2021-07-01T13:15:47,6500.0,7.9,S
2021-07-01T13:15:47,600.0,7.9,S
2021-07-01T13:15:47,13300.0,7.9,S
2021-07-01T13:15:37,13700.0,7.9,S
2021-07-01T13:15:37,6300.0,7.9,S
2021-07-01T13:15:29,27300.0,7.9,S
2021-07-01T13:15:28,100.0,7.9,S
2021-07-01T13:15:25,20000.0,7.91,B
2021-07-01T13:15:15,5000.0,7.91,B
2021-07-01T13:14:59,100.0,7.9,S
2021-07-01T13:14:49,100.0,7.91,S
2021-07-01T13:14:46,1500.0,7.91,S
2021-07-01T13:14:46,1600.0,7.92,S
2021-07-01T13:14:45,9300.0,7.92,S
2021-07-01T13:14:43,100.0,7.95,B
2021-07-01T13:14:31,5000.0,7.95,B
2021-07-01T13:14:28,3000.0,7.92,S
2021-07-01T13:13:53,400.0,7.95,S
2021-07-01T13:13:42,16700.0,7.95,S
2021-07-01T13:13:33,500.0,7.96,B
2021-07-01T13:13:33,10000.0,7.95,S
2021-07-01T13:13:02,500.0,7.96,B
2021-07-01T13:12:58,100.0,7.96,B
2021-07-01T13:12:37,13300.0,7.96,S
2021-07-01T13:12:37,4300.0,7.97,S
2021-07-01T13:12:33,100.0,7.97,S
2021-07-01T13:12:21,10000.0,7.98,B
2021-07-01T13:12:10,100.0,7.97,S
2021-07-01T13:11:30,100.0,7.98,B
2021-07-01T13:11:13,12500.0,7.98,B
2021-07-01T13:11:12,100.0,7.98,B
2021-07-01T13:11:08,3000.0,7.97,S
2021-07-01T13:10:44,500.0,7.98,B
2021-07-01T13:10:44,500.0,7.98,B
2021-07-01T13:10:41,500.0,7.98,B
2021-07-01T13:10:38,500.0,7.98,B
2021-07-01T13:10:34,24300.0,7.98,B
2021-07-01T13:10:32,500.0,7.98,B
2021-07-01T13:10:26,2000.0,7.97,S
2021-07-01T13:10:13,1200.0,7.98,B
2021-07-01T13:10:03,1500.0,7.98,B
2021-07-01T13:09:41,27600.0,7.98,B
2021-07-01T13:09:41,500.0,7.98,B
2021-07-01T13:09:41,900.0,7.98,B
2021-07-01T13:09:39,1000.0,7.98,B
2021-07-01T13:09:16,200.0,7.98,B
2021-07-01T13:09:01,100.0,7.98,B
2021-07-01T13:08:49,500.0,7.98,B
2021-07-01T13:08:44,300.0,7.98,B
2021-07-01T13:08:28,200.0,7.98,B
2021-07-01T13:08:23,400.0,7.98,B
2021-07-01T13:08:20,100.0,7.98,B
2021-07-01T13:07:58,100.0,7.98,B
2021-07-01T13:07:57,1000.0,7.98,B
2021-07-01T13:07:17,300.0,7.97,B
2021-07-01T13:07:03,10000.0,7.98,B
2021-07-01T13:07:00,200.0,7.97,B
2021-07-01T13:06:58,600.0,7.97,S
2021-07-01T13:06:55,30000.0,7.98,B
2021-07-01T13:06:40,12000.0,7.98,B
2021-07-01T13:06:40,10000.0,7.97,S
2021-07-01T13:06:34,100.0,7.98,B
2021-07-01T13:06:21,100.0,7.98,B
2021-07-01T13:06:20,200.0,7.98,B
2021-07-01T13:06:15,200.0,7.98,B
2021-07-01T13:05:56,500.0,7.97,B
2021-07-01T13:05:53,13300.0,7.97,B
2021-07-01T13:05:44,100.0,7.97,B
2021-07-01T13:05:30,500.0,7.96,B
2021-07-01T13:04:56,8000.0,7.95,S
2021-07-01T13:04:39,200.0,7.96,B
2021-07-01T13:04:39,500.0,7.96,B
2021-07-01T13:03:32,1000.0,7.96,B
2021-07-01T13:03:24,100.0,7.96,B
2021-07-01T13:03:23,5000.0,7.96,B
2021-07-01T13:03:16,100.0,7.92,S
2021-07-01T13:03:03,23000.0,7.96,B
2021-07-01T13:02:56,30000.0,7.93,B
2021-07-01T13:02:46,1600.0,7.93,B
2021-07-01T13:02:38,2300.0,7.93,B
2021-07-01T13:00:57,400.0,7.93,S
2021-07-01T13:00:53,900.0,7.92,S
2021-07-01T13:00:52,100.0,7.92,S
2021-07-01T13:00:48,300.0,7.92,S
2021-07-01T13:00:47,300.0,7.92,S
2021-07-01T13:00:30,1400.0,7.92,S
2021-07-01T13:00:30,1000.0,7.92,S
2021-07-01T13:00:26,1800.0,7.92,S
2021-07-01T13:00:26,200.0,7.93,S
2021-07-01T13:00:21,1000.0,7.96,S
2021-07-01T13:00:19,200.0,7.92,S
2021-07-01T13:00:19,1000.0,7.92,S
2021-07-01T13:00:19,5800.0,7.97,B
2021-07-01T13:00:19,4400.0,7.97,B
2021-07-01T13:00:16,8000.0,7.92,S
2021-07-01T13:00:16,300.0,7.91,S
2021-07-01T13:00:13,500.0,7.92,S
2021-07-01T13:00:13,300.0,7.97,B
2021-07-01T13:00:13,5000.0,7.97,B
2021-07-01T13:00:13,500.0,7.92,S
2021-07-01T11:29:50,5000.0,7.92,S
2021-07-01T11:29:02,1000.0,7.91,S
2021-07-01T11:29:01,1000.0,7.97,B
2021-07-01T11:28:58,100.0,7.97,B
2021-07-01T11:28:50,100.0,7.97,B
2021-07-01T11:28:32,300.0,7.98,B
2021-07-01T11:28:32,200.0,7.98,B
2021-07-01T11:28:31,500.0,7.98,B
2021-07-01T11:28:29,100.0,7.98,B
2021-07-01T11:28:27,2000.0,7.98,B
2021-07-01T11:28:09,1800.0,7.98,B
2021-07-01T11:28:06,100.0,7.91,S
2021-07-01T11:27:53,9100.0,7.91,S
2021-07-01T11:27:53,10500.0,7.92,S
2021-07-01T11:27:53,2200.0,7.94,S
2021-07-01T11:27:53,28200.0,7.95,S
2021-07-01T11:27:53,500.0,7.98,B
2021-07-01T11:27:43,100.0,7.98,B
2021-07-01T11:27:41,4800.0,7.99,S
2021-07-01T11:27:38,5000.0,8.0,B
2021-07-01T11:27:33,800.0,7.99,B
2021-07-01T11:27:31,2000.0,7.99,B
2021-07-01T11:27:23,8000.0,7.99,B
2021-07-01T11:27:15,1200.0,7.99,B
2021-07-01T11:27:14,100.0,7.96,S
2021-07-01T11:27:08,7000.0,7.99,B
2021-07-01T11:27:00,100.0,7.96,S
2021-07-01T11:26:50,1500.0,7.96,B
2021-07-01T11:26:48,800.0,7.95,B
2021-07-01T11:26:47,300.0,7.95,B
2021-07-01T11:26:47,9700.0,7.95,B
2021-07-01T11:26:38,1500.0,7.94,S
2021-07-01T11:26:36,4000.0,7.95,B
2021-07-01T11:26:36,1000.0,7.95,B
2021-07-01T11:26:35,5000.0,7.95,B
2021-07-01T11:26:28,8500.0,7.95,B
2021-07-01T11:26:26,2000.0,7.95,B
2021-07-01T11:26:26,2500.0,7.95,B
2021-07-01T11:26:25,2000.0,7.95,B
2021-07-01T11:26:20,15000.0,7.95,B
2021-07-01T11:26:18,1000.0,7.95,B
2021-07-01T11:26:15,5000.0,7.95,B
2021-07-01T11:26:13,5000.0,7.95,B
2021-07-01T11:26:11,2000.0,7.95,B
2021-07-01T11:26:04,300.0,7.95,B
2021-07-01T11:26:04,1000.0,7.95,B
2021-07-01T11:25:51,4000.0,7.95,B
2021-07-01T11:25:48,300.0,7.94,B
2021-07-01T11:25:48,26000.0,7.94,B
2021-07-01T11:25:41,200.0,7.93,B
2021-07-01T11:25:29,600.0,7.92,B
2021-07-01T11:25:29,1000.0,7.91,S
2021-07-01T11:25:28,1000.0,7.92,B
2021-07-01T11:25:22,4400.0,7.92,B
2021-07-01T11:25:22,500.0,7.92,B
2021-07-01T11:25:22,15100.0,7.92,B
2021-07-01T11:25:21,500.0,7.92,B
2021-07-01T11:25:18,2000.0,7.91,S
2021-07-01T11:25:16,100.0,7.91,S
2021-07-01T11:25:12,100.0,7.91,B
2021-07-01T11:25:04,2000.0,7.91,B
2021-07-01T11:24:55,300.0,7.9,S
2021-07-01T11:24:54,200.0,7.91,B
2021-07-01T11:24:53,200.0,7.9,B
2021-07-01T11:24:53,7500.0,7.9,B
2021-07-01T11:24:53,9400.0,7.9,B
2021-07-01T11:24:53,52000.0,7.9,B
2021-07-01T11:24:53,5500.0,7.9,B
2021-07-01T11:24:53,7200.0,7.9,B
2021-07-01T11:24:53,12300.0,7.9,B
2021-07-01T11:24:52,10000.0,7.9,B
2021-07-01T11:24:52,23700.0,7.9,B
2021-07-01T11:24:52,6000.0,7.9,B
2021-07-01T11:24:52,10000.0,7.9,B
2021-07-01T11:24:52,15200.0,7.9,B
2021-07-01T11:24:52,1500.0,7.9,B
2021-07-01T11:24:52,2800.0,7.9,B
2021-07-01T11:24:52,1500.0,7.9,B
2021-07-01T11:24:52,3200.0,7.9,B
2021-07-01T11:24:46,500.0,7.89,B
2021-07-01T11:24:38,200.0,7.86,S
2021-07-01T11:24:24,100.0,7.86,S
2021-07-01T11:24:15,4700.0,7.89,B
2021-07-01T11:24:15,14700.0,7.89,B
2021-07-01T11:24:15,2300.0,7.88,B
2021-07-01T11:24:15,18300.0,7.88,B
2021-07-01T11:24:14,5000.0,7.86,B
2021-07-01T11:24:11,200.0,7.85,S
2021-07-01T11:24:07,500.0,7.86,B
2021-07-01T11:23:52,13600.0,7.85,B
2021-07-01T11:23:42,100.0,7.82,B
2021-07-01T11:23:22,7200.0,7.8,B
2021-07-01T11:23:22,51000.0,7.8,B
2021-07-01T11:23:22,1000.0,7.8,B
2021-07-01T11:23:22,62800.0,7.8,B
2021-07-01T11:23:20,1200.0,7.8,B
2021-07-01T11:22:45,500.0,7.8,B
2021-07-01T11:22:45,2000.0,7.79,S
2021-07-01T11:22:41,300.0,7.8,B
2021-07-01T11:22:37,1000.0,7.8,B
2021-07-01T11:22:28,100.0,7.8,B
2021-07-01T11:22:22,10000.0,7.8,B
2021-07-01T11:22:20,2000.0,7.8,B
2021-07-01T11:21:59,400.0,7.8,B
2021-07-01T11:21:30,2500.0,7.79,B
2021-07-01T11:21:27,200.0,7.79,B
2021-07-01T11:21:14,400.0,7.79,B
2021-07-01T11:20:56,100.0,7.79,B
2021-07-01T11:20:40,600.0,7.79,B
2021-07-01T11:20:12,2000.0,7.79,B
2021-07-01T11:20:09,3400.0,7.79,B
2021-07-01T11:20:03,700.0,7.79,B
2021-07-01T11:19:31,200.0,7.79,B
2021-07-01T11:19:08,300.0,7.79,B
2021-07-01T11:18:48,15000.0,7.77,S
2021-07-01T11:18:35,50000.0,7.79,B
2021-07-01T11:18:30,1000.0,7.78,B
2021-07-01T11:18:16,40000.0,7.78,B
2021-07-01T11:17:41,500.0,7.78,B
2021-07-01T11:17:24,700.0,7.78,B
2021-07-01T11:17:06,500.0,7.78,B
2021-07-01T11:16:42,600.0,7.77,B
2021-07-01T11:16:42,200.0,7.77,B
2021-07-01T11:16:22,2300.0,7.77,B
2021-07-01T11:16:22,2700.0,7.77,B
2021-07-01T11:16:18,9000.0,7.77,B
2021-07-01T11:16:11,5000.0,7.77,B
2021-07-01T11:16:06,10000.0,7.77,B
2021-07-01T11:16:00,1000.0,7.77,B
2021-07-01T11:15:45,500.0,7.77,B
2021-07-01T11:15:33,10000.0,7.77,B
2021-07-01T11:15:29,700.0,7.77,B
2021-07-01T11:15:25,1000.0,7.77,B
2021-07-01T11:15:20,100.0,7.77,B
2021-07-01T11:15:12,5000.0,7.77,B
2021-07-01T11:14:55,23000.0,7.77,B
2021-07-01T11:14:28,1000.0,7.77,B
2021-07-01T11:14:13,2000.0,7.76,S
2021-07-01T11:14:06,200.0,7.77,B
2021-07-01T11:13:55,300.0,7.77,B
2021-07-01T11:13:51,100.0,7.77,B
2021-07-01T11:13:49,1000.0,7.77,B
2021-07-01T11:13:47,3000.0,7.77,B
2021-07-01T11:13:35,200.0,7.77,B
2021-07-01T11:13:10,1800.0,7.76,S
2021-07-01T11:13:07,500.0,7.76,S
2021-07-01T11:12:52,5000.0,7.77,B
2021-07-01T11:12:30,300.0,7.77,B
2021-07-01T11:12:11,5000.0,7.77,B
2021-07-01T11:11:52,100.0,7.77,B
2021-07-01T11:11:40,4000.0,7.77,B
2021-07-01T11:11:31,300.0,7.77,B
2021-07-01T11:11:08,1000.0,7.77,B
2021-07-01T11:11:02,100.0,7.77,B
2021-07-01T11:10:54,1100.0,7.76,S
2021-07-01T11:10:39,2000.0,7.77,B
2021-07-01T11:10:23,1000.0,7.77,B
2021-07-01T11:09:59,600.0,7.77,B
2021-07-01T11:09:53,2600.0,7.77,B
2021-07-01T11:09:40,7000.0,7.77,B
2021-07-01T11:09:07,100.0,7.77,B
2021-07-01T11:08:55,1000.0,7.77,B
2021-07-01T11:08:48,5000.0,7.77,B
2021-07-01T11:08:45,3000.0,7.77,B
2021-07-01T11:08:39,2000.0,7.77,B
2021-07-01T11:08:33,10000.0,7.77,B
2021-07-01T11:08:30,1000.0,7.77,B
2021-07-01T11:08:22,100.0,7.77,B
2021-07-01T11:08:22,2900.0,7.77,B
2021-07-01T11:08:20,10000.0,7.77,B
2021-07-01T11:08:05,2500.0,7.77,B
2021-07-01T11:07:50,5000.0,7.77,B
2021-07-01T11:07:47,100.0,7.77,B
2021-07-01T11:06:56,300.0,7.76,B
2021-07-01T11:06:53,200.0,7.76,B
2021-07-01T11:06:36,9000.0,7.75,B
2021-07-01T11:06:32,5500.0,7.75,B
2021-07-01T11:06:22,200.0,7.75,B
2021-07-01T11:06:15,200.0,7.75,B
2021-07-01T11:06:03,500.0,7.75,B
2021-07-01T11:05:55,100.0,7.75,B
2021-07-01T11:05:53,100.0,7.75,B
2021-07-01T11:05:50,1500.0,7.75,B
2021-07-01T11:05:45,300.0,7.75,B
2021-07-01T11:05:44,100.0,7.75,B
2021-07-01T11:05:21,1000.0,7.75,B
2021-07-01T11:05:18,300.0,7.75,B
2021-07-01T11:05:15,800.0,7.75,B
2021-07-01T11:05:06,300.0,7.75,B
2021-07-01T11:04:47,15000.0,7.75,B
2021-07-01T11:04:41,2400.0,7.75,B
2021-07-01T11:04:36,800.0,7.75,B
2021-07-01T11:04:15,1000.0,7.75,B
2021-07-01T11:04:10,100.0,7.75,B
2021-07-01T11:04:07,1000.0,7.73,S
2021-07-01T11:03:49,100.0,7.75,B
2021-07-01T11:03:38,1700.0,7.73,S
2021-07-01T11:03:11,3600.0,7.73,S
2021-07-01T11:02:26,30000.0,7.71,S
2021-07-01T11:02:18,900.0,7.75,B
2021-07-01T11:01:54,200.0,7.75,B
2021-07-01T11:01:44,1000.0,7.75,B
2021-07-01T11:01:23,34700.0,7.72,S
2021-07-01T11:01:23,2600.0,7.72,S
2021-07-01T11:01:23,21700.0,7.73,S
2021-07-01T11:01:21,200.0,7.74,S
2021-07-01T11:01:19,1100.0,7.75,B
2021-07-01T11:00:41,800.0,7.74,B
2021-07-01T11:00:38,700.0,7.74,B
2021-07-01T11:00:35,1000.0,7.74,B
2021-07-01T11:00:14,1500.0,7.74,B
2021-07-01T10:59:31,8500.0,7.73,B
2021-07-01T10:59:23,1500.0,7.73,B
2021-07-01T10:58:56,200.0,7.73,B
2021-07-01T10:58:55,100.0,7.73,B
2021-07-01T10:58:31,400.0,7.73,B
2021-07-01T10:58:30,500.0,7.73,B
2021-07-01T10:58:05,2000.0,7.73,S
2021-07-01T10:58:05,900.0,7.73,S
2021-07-01T10:58:01,700.0,7.73,S
2021-07-01T10:57:58,40000.0,7.71,S
2021-07-01T10:57:55,100.0,7.73,S
2021-07-01T10:57:53,1000.0,7.73,S
2021-07-01T10:57:45,900.0,7.73,S
2021-07-01T10:57:45,300.0,7.73,S
2021-07-01T10:57:45,13000.0,7.73,S
2021-07-01T10:57:40,300.0,7.74,B
2021-07-01T10:57:20,400.0,7.74,B
2021-07-01T10:57:06,100.0,7.74,S
2021-07-01T10:57:06,700.0,7.74,S
2021-07-01T10:57:06,2800.0,7.74,S
2021-07-01T10:57:06,5300.0,7.74,S
2021-07-01T10:57:06,400.0,7.74,S
2021-07-01T10:57:06,800.0,7.74,S
2021-07-01T10:57:06,2900.0,7.74,S
2021-07-01T10:57:06,2400.0,7.74,S
2021-07-01T10:57:06,100.0,7.75,B
2021-07-01T10:57:05,100.0,7.75,B
2021-07-01T10:56:34,8900.0,7.75,S
2021-07-01T10:56:30,400.0,7.75,S
2021-07-01T10:56:24,5000.0,7.75,S
2021-07-01T10:56:00,14800.0,7.75,S
2021-07-01T10:55:58,200.0,7.75,S
2021-07-01T10:55:25,300.0,7.75,S
2021-07-01T10:55:11,1000.0,7.76,B
2021-07-01T10:55:00,200.0,7.75,S
2021-07-01T10:54:55,100.0,7.75,S
2021-07-01T10:54:37,4300.0,7.75,S
2021-07-01T10:54:36,2700.0,7.75,S
2021-07-01T10:54:03,2000.0,7.75,B
2021-07-01T10:54:03,6200.0,7.75,B
2021-07-01T10:53:57,100.0,7.75,S
2021-07-01T10:53:43,1700.0,7.75,S
2021-07-01T10:53:43,5200.0,7.75,S
2021-07-01T10:53:40,7900.0,7.75,S
2021-07-01T10:53:31,1000.0,7.76,B
2021-07-01T10:53:15,1700.0,7.75,S
2021-07-01T10:52:53,12700.0,7.76,B
2021-07-01T10:52:26,100.0,7.76,B
2021-07-01T10:52:15,100.0,7.76,B
2021-07-01T10:52:14,100.0,7.76,B
2021-07-01T10:51:29,100.0,7.76,B
2021-07-01T10:51:25,100.0,7.76,B
2021-07-01T10:50:50,500.0,7.76,B
2021-07-01T10:50:44,500.0,7.76,S
2021-07-01T10:49:51,100.0,7.76,S
2021-07-01T10:49:00,100.0,7.76,S
2021-07-01T10:48:06,100.0,7.77,B
2021-07-01T10:47:46,4500.0,7.75,S
2021-07-01T10:47:46,100.0,7.75,S
2021-07-01T10:47:45,1400.0,7.75,S
2021-07-01T10:47:45,1100.0,7.75,S
2021-07-01T10:47:45,700.0,7.75,S
2021-07-01T10:47:45,13100.0,7.75,S
2021-07-01T10:47:45,9100.0,7.75,S
2021-07-01T10:47:15,200.0,7.77,B
2021-07-01T10:47:04,10000.0,7.75,S
2021-07-01T10:46:41,1000.0,7.77,B
2021-07-01T10:46:41,100.0,7.77,B
2021-07-01T10:46:40,500.0,7.77,B
2021-07-01T10:46:35,1300.0,7.76,S
2021-07-01T10:46:30,900.0,7.77,B
2021-07-01T10:46:21,100.0,7.77,B
2021-07-01T10:46:17,700.0,7.76,S
2021-07-01T10:45:53,100.0,7.77,B
2021-07-01T10:45:50,1000.0,7.76,S
2021-07-01T10:45:46,3400.0,7.77,B
2021-07-01T10:45:37,900.0,7.76,S
2021-07-01T10:45:31,100.0,7.76,S
2021-07-01T10:45:23,100.0,7.77,B
2021-07-01T10:45:12,5000.0,7.76,S
2021-07-01T10:44:51,100.0,7.76,S
2021-07-01T10:44:00,1800.0,7.76,B
2021-07-01T10:43:49,3200.0,7.76,S
2021-07-01T10:43:34,800.0,7.76,B
2021-07-01T10:43:31,500.0,7.76,B
2021-07-01T10:43:25,5800.0,7.76,B
2021-07-01T10:42:57,2000.0,7.76,B
2021-07-01T10:42:54,100.0,7.76,B
2021-07-01T10:42:54,1000.0,7.76,B
2021-07-01T10:42:30,300.0,7.76,B
2021-07-01T10:42:27,1000.0,7.76,B
2021-07-01T10:41:43,1000.0,7.76,B
2021-07-01T10:41:26,500.0,7.76,B
2021-07-01T10:41:16,300.0,7.76,S
2021-07-01T10:41:13,2200.0,7.76,S
2021-07-01T10:41:12,800.0,7.76,S
2021-07-01T10:41:12,100.0,7.76,S
2021-07-01T10:41:12,4100.0,7.76,S
2021-07-01T10:40:58,500.0,7.76,S
2021-07-01T10:40:46,1900.0,7.76,S
2021-07-01T10:40:35,300.0,7.76,S
2021-07-01T10:40:35,3000.0,7.76,S
2021-07-01T10:40:19,7300.0,7.77,S
2021-07-01T10:40:19,100.0,7.77,S
2021-07-01T10:40:16,7000.0,7.77,S
2021-07-01T10:40:09,1200.0,7.77,S
2021-07-01T10:40:09,7400.0,7.77,S
2021-07-01T10:40:06,500.0,7.78,B
2021-07-01T10:39:44,1500.0,7.77,S
2021-07-01T10:39:32,100.0,7.78,B
2021-07-01T10:39:11,1500.0,7.78,S
2021-07-01T10:39:11,500.0,7.78,S
2021-07-01T10:39:07,20000.0,7.78,S
2021-07-01T10:38:23,10000.0,7.78,S
2021-07-01T10:37:38,1000.0,7.78,S
2021-07-01T10:37:24,100.0,7.79,S
2021-07-01T10:37:09,400.0,7.79,S
2021-07-01T10:37:06,10000.0,7.78,S
2021-07-01T10:37:06,100.0,7.79,S
2021-07-01T10:36:53,10000.0,7.79,B
2021-07-01T10:36:48,100.0,7.79,B
2021-07-01T10:36:44,9900.0,7.79,B
2021-07-01T10:36:40,100.0,7.79,B
2021-07-01T10:36:24,4000.0,7.79,S
2021-07-01T10:36:23,3800.0,7.8,B
2021-07-01T10:36:23,4000.0,7.8,B
2021-07-01T10:36:23,4100.0,7.8,B
2021-07-01T10:36:06,20000.0,7.8,B
2021-07-01T10:35:56,6000.0,7.79,S
2021-07-01T10:35:46,600.0,7.8,B
2021-07-01T10:35:25,8900.0,7.8,B
2021-07-01T10:35:25,1100.0,7.79,S
2021-07-01T10:35:23,1000.0,7.79,S
2021-07-01T10:35:13,300.0,7.79,S
2021-07-01T10:35:13,3600.0,7.79,S
2021-07-01T10:35:03,1400.0,7.8,B
2021-07-01T10:35:01,200.0,7.8,B
2021-07-01T10:34:53,100.0,7.8,B
2021-07-01T10:34:51,300.0,7.8,B
2021-07-01T10:34:47,900.0,7.8,B
2021-07-01T10:34:40,5000.0,7.8,B
2021-07-01T10:34:39,900.0,7.8,B
2021-07-01T10:34:36,1000.0,7.8,B
2021-07-01T10:34:36,1000.0,7.8,B
2021-07-01T10:34:35,1000.0,7.8,B
2021-07-01T10:34:35,1000.0,7.8,B
2021-07-01T10:34:33,400.0,7.8,B
2021-07-01T10:34:33,10000.0,7.8,B
2021-07-01T10:34:23,7000.0,7.8,B
2021-07-01T10:34:23,5000.0,7.8,B
2021-07-01T10:34:23,100.0,7.8,B
2021-07-01T10:34:16,4100.0,7.8,B
2021-07-01T10:34:10,2500.0,7.8,B
2021-07-01T10:33:58,29000.0,7.8,B
2021-07-01T10:33:57,5000.0,7.8,B
2021-07-01T10:33:47,20500.0,7.8,B
2021-07-01T10:33:43,100.0,7.79,S
2021-07-01T10:33:41,1000.0,7.8,B
2021-07-01T10:33:36,300.0,7.8,B
2021-07-01T10:33:30,32500.0,7.79,S
2021-07-01T10:33:17,10200.0,7.8,B
2021-07-01T10:33:15,3000.0,7.8,B
2021-07-01T10:33:10,3000.0,7.8,B
2021-07-01T10:33:08,1000.0,7.8,B
2021-07-01T10:33:05,14600.0,7.8,B
2021-07-01T10:32:56,5000.0,7.8,B
2021-07-01T10:32:50,12000.0,7.8,B
2021-07-01T10:32:47,1000.0,7.8,B
2021-07-01T10:32:42,31000.0,7.8,B
2021-07-01T10:32:32,1000.0,7.79,S
2021-07-01T10:32:25,200.0,7.8,B
2021-07-01T10:32:21,1100.0,7.8,B
2021-07-01T10:32:21,105000.0,7.8,B
2021-07-01T10:32:11,2000.0,7.8,B
2021-07-01T10:31:57,5000.0,7.8,B
2021-07-01T10:31:56,500.0,7.8,B
2021-07-01T10:31:48,5000.0,7.8,B
2021-07-01T10:31:36,5000.0,7.8,B
2021-07-01T10:31:32,1300.0,7.8,B
2021-07-01T10:31:28,100.0,7.79,S
2021-07-01T10:31:04,300.0,7.8,B
2021-07-01T10:30:32,3100.0,7.79,B
2021-07-01T10:30:27,1200.0,7.79,B
2021-07-01T10:30:20,1000.0,7.79,B
2021-07-01T10:30:19,900.0,7.79,B
2021-07-01T10:30:05,500.0,7.79,B
2021-07-01T10:29:47,200.0,7.79,B
2021-07-01T10:29:45,300.0,7.78,S
2021-07-01T10:29:30,1000.0,7.78,S
2021-07-01T10:28:57,1000.0,7.79,B
2021-07-01T10:28:53,9000.0,7.78,B
2021-07-01T10:28:53,1200.0,7.78,B
2021-07-01T10:28:53,2500.0,7.78,B
2021-07-01T10:28:37,6600.0,7.78,B
2021-07-01T10:28:25,6600.0,7.77,S
2021-07-01T10:28:25,3400.0,7.77,S
2021-07-01T10:28:17,2500.0,7.78,B
2021-07-01T10:28:13,2800.0,7.78,B
2021-07-01T10:28:03,100.0,7.77,B
2021-07-01T10:27:56,600.0,7.78,B
2021-07-01T10:27:32,200.0,7.76,S
2021-07-01T10:27:25,500.0,7.76,S
2021-07-01T10:27:25,4900.0,7.78,B
2021-07-01T10:27:25,100.0,7.77,B
2021-07-01T10:27:05,2600.0,7.76,B
2021-07-01T10:27:04,300.0,7.76,B
2021-07-01T10:27:01,20000.0,7.76,B
2021-07-01T10:26:39,900.0,7.76,B
2021-07-01T10:26:38,34500.0,7.76,B
2021-07-01T10:26:38,15500.0,7.76,B
2021-07-01T10:26:33,5400.0,7.75,B
2021-07-01T10:26:31,2600.0,7.75,B
2021-07-01T10:26:28,100.0,7.75,B
2021-07-01T10:26:24,5000.0,7.75,B
2021-07-01T10:26:22,3000.0,7.75,B
2021-07-01T10:26:13,4000.0,7.75,B
2021-07-01T10:26:12,3000.0,7.75,B
2021-07-01T10:26:04,9600.0,7.74,S
2021-07-01T10:25:54,7000.0,7.74,B
2021-07-01T10:25:51,100.0,7.74,B
2021-07-01T10:25:45,1100.0,7.74,B
2021-07-01T10:25:42,1100.0,7.74,B
2021-07-01T10:25:39,1300.0,7.74,B
2021-07-01T10:25:28,600.0,7.74,B
2021-07-01T10:25:27,5000.0,7.74,B
2021-07-01T10:25:21,5000.0,7.74,B
2021-07-01T10:25:19,300.0,7.74,B
2021-07-01T10:25:15,300.0,7.74,B
2021-07-01T10:25:10,100.0,7.74,B
2021-07-01T10:24:55,100.0,7.74,B
2021-07-01T10:24:51,1400.0,7.73,B
2021-07-01T10:24:50,500.0,7.73,B
2021-07-01T10:24:35,1000.0,7.73,B
2021-07-01T10:24:30,100.0,7.73,S
2021-07-01T10:24:10,9000.0,7.72,S
2021-07-01T10:24:04,500.0,7.71,S
2021-07-01T10:23:40,100.0,7.71,S
2021-07-01T10:23:36,3200.0,7.7,S
2021-07-01T10:23:36,4800.0,7.7,S
2021-07-01T10:23:36,200.0,7.7,S
2021-07-01T10:23:36,3000.0,7.7,S
2021-07-01T10:23:36,18800.0,7.7,S
2021-07-01T10:23:16,1000.0,7.71,S
2021-07-01T10:22:55,2800.0,7.7,S
2021-07-01T10:22:49,2700.0,7.7,S
2021-07-01T10:22:49,500.0,7.7,S
2021-07-01T10:22:49,16800.0,7.7,S
2021-07-01T10:22:39,1000.0,7.72,S
2021-07-01T10:22:38,100.0,7.74,B
2021-07-01T10:22:19,1000.0,7.74,B
2021-07-01T10:22:11,2000.0,7.74,S
2021-07-01T10:21:54,400.0,7.75,S
2021-07-01T10:21:52,200.0,7.75,S
2021-07-01T10:21:45,1500.0,7.75,S
2021-07-01T10:21:29,300.0,7.75,S
2021-07-01T10:21:24,100.0,7.75,S
2021-07-01T10:21:08,400.0,7.75,S
2021-07-01T10:20:52,5000.0,7.76,B
2021-07-01T10:20:51,19800.0,7.75,S
2021-07-01T10:20:51,200.0,7.75,S
2021-07-01T10:20:45,5000.0,7.76,B
2021-07-01T10:20:22,5000.0,7.76,B
2021-07-01T10:20:15,100.0,7.76,B
2021-07-01T10:20:08,500.0,7.76,B
2021-07-01T10:19:58,4700.0,7.71,S
2021-07-01T10:19:58,700.0,7.72,S
2021-07-01T10:19:58,14600.0,7.72,S
2021-07-01T10:19:42,300.0,7.76,B
2021-07-01T10:19:37,700.0,7.76,B
2021-07-01T10:19:18,100.0,7.76,B
2021-07-01T10:19:16,900.0,7.76,B
2021-07-01T10:18:38,300.0,7.76,S
2021-07-01T10:18:36,1000.0,7.76,S
2021-07-01T10:18:35,300.0,7.76,S
2021-07-01T10:18:35,200.0,7.76,S
2021-07-01T10:18:23,2000.0,7.76,S
2021-07-01T10:18:15,2000.0,7.72,S
2021-07-01T10:17:56,1000.0,7.76,S
2021-07-01T10:17:26,300.0,7.76,S
2021-07-01T10:17:25,1000.0,7.75,S
2021-07-01T10:12:18,5100.0,7.76,B
2021-07-01T10:12:17,8700.0,7.76,B
2021-07-01T10:12:11,100.0,7.72,S
2021-07-01T10:11:52,200.0,7.76,B
2021-07-01T10:11:45,1500.0,7.72,S
2021-07-01T10:11:26,1600.0,7.7,S
2021-07-01T10:11:26,500.0,7.7,S
2021-07-01T10:11:26,1400.0,7.7,S
2021-07-01T10:11:23,100.0,7.72,S
2021-07-01T10:11:22,1000.0,7.7,S
2021-07-01T10:11:16,100.0,7.76,B
2021-07-01T10:11:10,9500.0,7.71,S
2021-07-01T10:11:07,5000.0,7.76,B
2021-07-01T10:10:46,100.0,7.7,S
2021-07-01T10:10:43,1000.0,7.7,S
2021-07-01T10:10:37,100.0,7.76,B
2021-07-01T10:10:37,300.0,7.76,B
2021-07-01T10:10:30,22900.0,7.7,S
2021-07-01T10:09:53,18400.0,7.7,S
2021-07-01T10:09:53,2000.0,7.71,S
2021-07-01T10:09:53,11000.0,7.71,S
2021-07-01T10:09:53,3600.0,7.73,S
2021-07-01T10:09:53,29500.0,7.74,S
2021-07-01T10:09:46,500.0,7.76,S
2021-07-01T10:09:40,2000.0,7.75,S
2021-07-01T10:09:19,5200.0,7.76,S
2021-07-01T10:09:05,100.0,7.76,S
2021-07-01T10:08:56,2000.0,7.75,S
2021-07-01T10:08:09,4000.0,7.75,S
2021-07-01T10:08:03,100.0,7.75,S
2021-07-01T10:07:49,3000.0,7.78,S
2021-07-01T10:07:42,1000.0,7.75,S
2021-07-01T10:07:30,200.0,7.78,S
2021-07-01T10:07:27,400.0,7.75,S
2021-07-01T10:07:27,5400.0,7.75,S
2021-07-01T10:07:27,9200.0,7.75,S
2021-07-01T10:07:02,1000.0,7.78,S
2021-07-01T10:06:55,100.0,7.79,B
2021-07-01T10:06:44,3000.0,7.76,S
2021-07-01T10:06:30,400.0,7.79,B
2021-07-01T10:06:10,3000.0,7.76,S
2021-07-01T10:06:09,20000.0,7.79,S
2021-07-01T10:06:00,100.0,7.78,S
2021-07-01T10:05:50,100.0,7.78,S
2021-07-01T10:05:16,5000.0,7.78,S
2021-07-01T10:04:55,100.0,7.78,S
2021-07-01T10:04:43,300.0,7.78,S
2021-07-01T10:04:43,100.0,7.78,S
2021-07-01T10:04:39,100.0,7.78,S
2021-07-01T10:04:36,2000.0,7.78,S
2021-07-01T10:04:20,100.0,7.78,S
2021-07-01T10:04:19,5600.0,7.78,S
2021-07-01T10:04:19,4500.0,7.78,S
2021-07-01T10:04:19,2300.0,7.78,S
2021-07-01T10:04:19,1300.0,7.78,S
2021-07-01T10:03:59,100.0,7.78,S
2021-07-01T10:03:58,200.0,7.79,S
2021-07-01T10:03:48,400.0,7.79,S
2021-07-01T10:03:31,1000.0,7.79,S
2021-07-01T10:03:23,1800.0,7.78,S
2021-07-01T10:03:23,11100.0,7.78,S
2021-07-01T10:03:23,1800.0,7.78,S
2021-07-01T10:03:23,1500.0,7.78,S
2021-07-01T10:03:21,10000.0,7.8,B
2021-07-01T10:03:21,100.0,7.79,S
2021-07-01T10:03:19,3400.0,7.79,S
2021-07-01T10:03:09,100.0,7.8,B
2021-07-01T10:03:09,200.0,7.8,B
2021-07-01T10:03:06,100.0,7.8,B
2021-07-01T10:02:55,100.0,7.8,S
2021-07-01T10:02:53,300.0,7.8,S
2021-07-01T10:02:44,8700.0,7.8,S
2021-07-01T10:02:44,21300.0,7.8,S
2021-07-01T10:02:43,200.0,7.8,S
2021-07-01T10:02:41,100.0,7.8,S
2021-07-01T10:02:39,5000.0,7.8,S
2021-07-01T10:02:24,10000.0,7.8,S
2021-07-01T10:02:22,500.0,7.8,S
2021-07-01T10:02:18,200.0,7.8,S
2021-07-01T10:02:06,10100.0,7.8,S
2021-07-01T10:02:06,16900.0,7.8,S
2021-07-01T10:02:06,3600.0,7.8,S
2021-07-01T10:02:06,3500.0,7.8,S
2021-07-01T10:02:06,5000.0,7.8,S
2021-07-01T10:02:06,22300.0,7.8,S
2021-07-01T10:02:06,2300.0,7.8,S
2021-07-01T10:02:06,24000.0,7.8,S
2021-07-01T10:02:05,69500.0,7.8,S
2021-07-01T10:02:05,126000.0,7.8,S
2021-07-01T10:01:55,5000.0,7.81,B
2021-07-01T10:01:50,1300.0,7.81,B
2021-07-01T10:01:40,1000.0,7.81,B
2021-07-01T10:01:25,5000.0,7.8,S
2021-07-01T10:01:23,500.0,7.81,B
2021-07-01T10:01:15,100.0,7.81,B
2021-07-01T10:01:14,300.0,7.81,B
2021-07-01T10:01:05,1000.0,7.8,S
2021-07-01T10:00:47,100.0,7.81,S
2021-07-01T10:00:43,2900.0,7.8,S
2021-07-01T10:00:39,100.0,7.81,S
2021-07-01T10:00:39,1000.0,7.81,S
2021-07-01T10:00:34,100.0,7.81,S
2021-07-01T10:00:25,100.0,7.81,S
2021-07-01T10:00:05,1000.0,7.81,S
2021-07-01T09:59:59,4800.0,7.81,S
2021-07-01T09:59:56,20000.0,7.81,S
2021-07-01T09:59:55,10500.0,7.84,B
2021-07-01T09:59:36,10000.0,7.84,B
2021-07-01T09:59:33,200.0,7.84,S
2021-07-01T09:59:23,5000.0,7.84,S
2021-07-01T09:59:09,1000.0,7.84,S
2021-07-01T09:59:03,100.0,7.84,S
2021-07-01T09:59:01,100.0,7.84,S
2021-07-01T09:58:27,100.0,7.84,S
2021-07-01T09:58:18,1500.0,7.84,S
2021-07-01T09:57:47,2500.0,7.81,S
2021-07-01T09:57:47,2100.0,7.81,S
2021-07-01T09:57:47,700.0,7.81,S
2021-07-01T09:57:47,5900.0,7.82,S
2021-07-01T09:57:47,1600.0,7.82,S
2021-07-01T09:57:47,200.0,7.83,S
2021-07-01T09:57:46,4500.0,7.83,S
2021-07-01T09:57:39,10700.0,7.84,S
2021-07-01T09:57:39,39300.0,7.84,S
2021-07-01T09:57:35,7000.0,7.84,S
2021-07-01T09:57:08,500.0,7.84,S
2021-07-01T09:57:08,2500.0,7.86,S
2021-07-01T09:56:52,10000.0,7.85,S
2021-07-01T09:56:29,3900.0,7.86,S
2021-07-01T09:56:26,8500.0,7.86,S
2021-07-01T09:56:14,100.0,7.86,S
2021-07-01T09:56:02,500.0,7.86,S
2021-07-01T09:55:50,200.0,7.87,B
2021-07-01T09:55:39,10000.0,7.86,S
2021-07-01T09:55:11,100.0,7.87,S
2021-07-01T09:54:52,500.0,7.88,B
2021-07-01T09:54:42,10000.0,7.86,S
2021-07-01T09:54:37,100.0,7.88,B
2021-07-01T09:53:53,100.0,7.88,S
2021-07-01T09:53:53,23100.0,7.88,S
2021-07-01T09:53:48,2000.0,7.89,S
2021-07-01T09:53:33,400.0,7.89,S
2021-07-01T09:53:18,500.0,7.89,S
2021-07-01T09:53:07,20000.0,7.89,S
2021-07-01T09:52:46,4600.0,7.89,S
2021-07-01T09:52:46,2600.0,7.89,S
2021-07-01T09:52:46,2800.0,7.89,S
2021-07-01T09:52:44,10500.0,7.89,S
2021-07-01T09:52:20,300.0,7.9,B
2021-07-01T09:52:11,2600.0,7.9,B
2021-07-01T09:52:05,10000.0,7.89,S
2021-07-01T09:51:57,200.0,7.9,B
2021-07-01T09:51:52,2000.0,7.89,S
2021-07-01T09:51:25,500.0,7.9,B
2021-07-01T09:51:19,1000.0,7.9,B
2021-07-01T09:51:18,12700.0,7.89,S
2021-07-01T09:51:12,5000.0,7.9,B
2021-07-01T09:51:06,300.0,7.9,B
2021-07-01T09:50:54,2000.0,7.89,S
2021-07-01T09:50:48,600.0,7.9,B
2021-07-01T09:50:35,3500.0,7.89,S
2021-07-01T09:50:33,200.0,7.89,S
2021-07-01T09:50:31,1500.0,7.9,B
2021-07-01T09:50:31,1300.0,7.9,B
2021-07-01T09:50:27,1000.0,7.9,B
2021-07-01T09:50:12,5000.0,7.9,B
2021-07-01T09:50:10,2900.0,7.9,B
2021-07-01T09:50:03,3500.0,7.89,S
2021-07-01T09:50:01,15000.0,7.89,S
2021-07-01T09:50:01,10000.0,7.89,S
2021-07-01T09:49:52,600.0,7.9,B
2021-07-01T09:49:48,1000.0,7.9,B
2021-07-01T09:49:16,20000.0,7.9,B
2021-07-01T09:49:10,30000.0,7.89,B
2021-07-01T09:49:04,2000.0,7.89,B
2021-07-01T09:49:01,2000.0,7.89,B
2021-07-01T09:48:55,2000.0,7.89,B
2021-07-01T09:48:50,6400.0,7.88,S
2021-07-01T09:48:39,2000.0,7.88,S
2021-07-01T09:48:38,2000.0,7.89,B
2021-07-01T09:48:34,500.0,7.89,B
2021-07-01T09:48:11,9500.0,7.89,B
2021-07-01T09:48:07,3900.0,7.88,S
2021-07-01T09:48:04,700.0,7.88,S
2021-07-01T09:48:02,100.0,7.88,S
2021-07-01T09:48:01,200.0,7.89,B
2021-07-01T09:47:26,200.0,7.88,B
2021-07-01T09:47:03,500.0,7.88,B
2021-07-01T09:46:27,5000.0,7.88,B
2021-07-01T09:46:25,3300.0,7.88,B
2021-07-01T09:46:24,300.0,7.86,B
2021-07-01T09:46:20,200.0,7.86,B
2021-07-01T09:46:18,800.0,7.86,B
2021-07-01T09:46:16,6200.0,7.85,S
2021-07-01T09:45:54,2500.0,7.86,B
2021-07-01T09:45:31,1000.0,7.86,B
2021-07-01T09:45:23,1000.0,7.85,S
2021-07-01T09:45:23,7000.0,7.85,S
2021-07-01T09:45:10,1700.0,7.85,S
2021-07-01T09:44:10,1000.0,7.85,S
2021-07-01T09:44:03,300.0,7.85,S
2021-07-01T09:43:59,1800.0,7.85,S
2021-07-01T09:43:55,800.0,7.86,B
2021-07-01T09:43:35,1000.0,7.85,B
2021-07-01T09:43:10,1600.0,7.85,B
2021-07-01T09:43:10,1400.0,7.85,B
2021-07-01T09:43:10,100.0,7.85,B
2021-07-01T09:43:03,100.0,7.85,B
2021-07-01T09:43:01,2700.0,7.84,S
2021-07-01T09:42:59,20000.0,7.85,B
2021-07-01T09:42:40,8900.0,7.85,B
2021-07-01T09:42:33,1000.0,7.84,S
2021-07-01T09:42:23,300.0,7.85,B
2021-07-01T09:42:03,500.0,7.85,B
2021-07-01T09:41:52,9700.0,7.85,B
2021-07-01T09:41:52,300.0,7.85,B
2021-07-01T09:41:49,17200.0,7.85,B
2021-07-01T09:41:48,900.0,7.85,B
2021-07-01T09:41:40,500.0,7.85,B
2021-07-01T09:41:37,10000.0,7.85,B
2021-07-01T09:41:34,1000.0,7.85,B
2021-07-01T09:41:27,700.0,7.85,B
2021-07-01T09:41:15,1200.0,7.85,B
2021-07-01T09:41:14,100.0,7.85,B
2021-07-01T09:40:51,3000.0,7.85,B
2021-07-01T09:40:32,800.0,7.85,B
2021-07-01T09:40:25,10000.0,7.84,S
2021-07-01T09:39:56,200.0,7.85,B
2021-07-01T09:39:56,5000.0,7.85,B
2021-07-01T09:39:51,300.0,7.84,S
2021-07-01T09:39:41,3000.0,7.85,B
2021-07-01T09:39:34,500.0,7.85,B
2021-07-01T09:39:20,5000.0,7.85,B
2021-07-01T09:39:19,1500.0,7.85,B
2021-07-01T09:39:01,2000.0,7.85,B
2021-07-01T09:38:51,500.0,7.85,B
2021-07-01T09:38:40,5000.0,7.84,S
2021-07-01T09:38:28,1000.0,7.85,B
2021-07-01T09:38:17,3000.0,7.84,S
2021-07-01T09:38:16,100.0,7.85,B
2021-07-01T09:38:09,200.0,7.85,B
2021-07-01T09:38:07,300.0,7.85,B
2021-07-01T09:37:52,100.0,7.85,B
2021-07-01T09:37:41,2400.0,7.85,B
2021-07-01T09:37:39,200.0,7.85,B
2021-07-01T09:37:39,100.0,7.85,B
2021-07-01T09:37:31,700.0,7.85,B
2021-07-01T09:37:30,2000.0,7.85,B
2021-07-01T09:37:22,300.0,7.84,S
2021-07-01T09:37:11,300.0,7.85,B
2021-07-01T09:36:52,20000.0,7.85,B
2021-07-01T09:36:34,700.0,7.84,S
2021-07-01T09:36:19,200.0,7.84,S
2021-07-01T09:36:06,2100.0,7.84,B
2021-07-01T09:36:05,1400.0,7.84,B
2021-07-01T09:36:01,100.0,7.84,B
2021-07-01T09:36:00,1000.0,7.82,S
2021-07-01T09:36:00,300.0,7.83,S
2021-07-01T09:36:00,700.0,7.83,S
2021-07-01T09:35:58,500.0,7.84,B
2021-07-01T09:35:58,2400.0,7.84,B
2021-07-01T09:35:57,200.0,7.83,S
2021-07-01T09:35:56,500.0,7.84,B
2021-07-01T09:35:46,100.0,7.84,B
2021-07-01T09:35:13,100.0,7.84,B
2021-07-01T09:35:10,1000.0,7.83,S
2021-07-01T09:34:47,200.0,7.83,S
2021-07-01T09:34:45,100.0,7.83,S
2021-07-01T09:34:13,7000.0,7.83,B
2021-07-01T09:33:58,2800.0,7.83,B
2021-07-01T09:33:56,2000.0,7.83,B
2021-07-01T09:33:37,5000.0,7.83,B
2021-07-01T09:32:54,500.0,7.82,S
2021-07-01T09:32:49,500.0,7.83,B
2021-07-01T09:32:43,200.0,7.83,B
2021-07-01T09:32:40,1800.0,7.83,B
2021-07-01T09:32:40,5000.0,7.83,B
2021-07-01T09:32:34,5000.0,7.83,B
2021-07-01T09:32:18,10000.0,7.83,B
2021-07-01T09:32:11,1000.0,7.83,B
2021-07-01T09:32:09,1000.0,7.81,S
2021-07-01T09:32:09,5000.0,7.81,S
2021-07-01T09:32:08,6000.0,7.82,B
2021-07-01T09:31:54,100.0,7.82,B
2021-07-01T09:31:54,1000.0,7.82,B
2021-07-01T09:31:47,2000.0,7.82,B
2021-07-01T09:31:42,500.0,7.81,B
2021-07-01T09:31:23,1000.0,7.81,B
2021-07-01T09:31:23,1400.0,7.8,S
2021-07-01T09:31:02,600.0,7.8,S
2021-07-01T09:31:00,2000.0,7.8,S
2021-07-01T09:30:55,36100.0,7.81,B
2021-07-01T09:30:55,1400.0,7.81,B
2021-07-01T09:30:55,1600.0,7.81,B
2021-07-01T09:30:50,200.0,7.81,B
2021-07-01T09:30:48,2000.0,7.81,B
2021-07-01T09:30:46,4000.0,7.8,S
2021-07-01T09:30:45,200.0,7.8,S
2021-07-01T09:30:41,300.0,7.81,B
2021-07-01T09:30:37,300.0,7.81,B
2021-07-01T09:30:19,1000.0,7.8,B
2021-07-01T09:30:12,200.0,7.8,B
2021-07-01T09:30:05,2000.0,7.8,B
2021-07-01T09:30:05,100.0,7.8,B
2021-07-01T09:30:05,3000.0,7.8,B
2021-07-01T09:30:05,3000.0,7.8,B
2021-07-01T09:30:05,400.0,7.8,B
2021-07-01T09:30:05,3000.0,7.8,B
2021-07-01T09:30:05,11600.0,7.8,B
2021-07-01T09:30:05,27100.0,7.8,B
2021-07-01T09:30:03,300.0,7.79,S
2021-07-01T09:29:57,4400.0,7.79,S
2021-07-01T09:29:55,200.0,7.79,S
2021-07-01T09:29:55,4100.0,7.79,S
2021-07-01T09:29:55,1000.0,7.79,S
2021-07-01T09:29:55,16300.0,7.79,S
2021-07-01T09:29:52,100.0,7.8,B
2021-07-01T09:29:52,1000.0,7.8,B
2021-07-01T09:29:49,1000.0,7.8,B
2021-07-01T09:29:38,20000.0,7.79,S
2021-07-01T09:29:33,5000.0,7.79,S
2021-07-01T09:29:28,1000.0,7.8,B
2021-07-01T09:29:19,2000.0,7.79,S
2021-07-01T09:29:13,20000.0,7.8,B
2021-07-01T09:29:05,3000.0,7.8,B
2021-07-01T09:28:57,300.0,7.8,S
2021-07-01T09:28:49,500.0,7.8,S
2021-07-01T09:28:42,100.0,7.8,S
2021-07-01T09:28:40,2000.0,7.8,S
2021-07-01T09:28:37,300.0,7.79,S
2021-07-01T09:28:37,10000.0,7.8,S
2021-07-01T09:28:36,200.0,7.8,S
2021-07-01T09:28:35,1000.0,7.8,S
2021-07-01T09:28:28,500.0,7.8,S
2021-07-01T09:28:25,500.0,7.8,S
2021-07-01T09:28:25,11600.0,7.8,S
2021-07-01T09:28:25,800.0,7.8,S
2021-07-01T09:28:25,1600.0,7.8,S
2021-07-01T09:28:25,15300.0,7.8,S
2021-07-01T09:28:23,1000.0,7.8,S
2021-07-01T09:28:21,2000.0,7.8,S
2021-07-01T09:28:15,1500.0,7.8,S
2021-07-01T09:28:15,3800.0,7.8,S
2021-07-01T09:28:10,5600.0,7.81,B
2021-07-01T09:28:10,14400.0,7.81,B
2021-07-01T09:28:07,3000.0,7.81,B
2021-07-01T09:28:04,4900.0,7.8,S
2021-07-01T09:28:04,100.0,7.8,S
2021-07-01T09:28:04,8000.0,7.8,S
2021-07-01T09:28:04,100.0,7.8,S
2021-07-01T09:28:04,11900.0,7.8,S
2021-07-01T09:27:52,3000.0,7.8,S
2021-07-01T09:27:50,100.0,7.81,B
2021-07-01T09:27:48,1500.0,7.81,B
2021-07-01T09:27:48,7000.0,7.81,B
2021-07-01T09:27:42,100.0,7.81,B
2021-07-01T09:27:41,1500.0,7.81,B
2021-07-01T09:27:40,500.0,7.81,B
2021-07-01T09:27:12,2000.0,7.81,B
2021-07-01T09:26:57,900.0,7.81,S
2021-07-01T09:26:54,200.0,7.81,S
2021-07-01T09:26:36,600.0,7.81,S
2021-07-01T09:26:35,800.0,7.8,S
2021-07-01T09:26:35,200.0,7.8,S
2021-07-01T09:26:32,1000.0,7.81,S
2021-07-01T09:26:32,19500.0,7.81,S
2021-07-01T09:26:32,4200.0,7.81,S
2021-07-01T09:26:30,7000.0,7.81,S
2021-07-01T09:26:29,4000.0,7.81,S
2021-07-01T09:26:21,100.0,7.84,B
2021-07-01T09:25:54,100.0,7.84,S
2021-07-01T09:25:53,5200.0,7.84,S
2021-07-01T09:25:38,2000.0,7.84,S
2021-07-01T09:25:37,1300.0,7.89,B
2021-07-01T09:25:37,1500.0,7.89,B
2021-07-01T09:25:37,4000.0,7.89,B
2021-07-01T09:25:36,23200.0,7.89,B
2021-07-01T09:25:09,5000.0,7.89,B
2021-07-01T09:25:07,100.0,7.85,S
2021-07-01T09:24:57,2000.0,7.84,S
2021-07-01T09:24:55,12700.0,7.84,S
2021-07-01T09:24:54,2000.0,7.84,S
2021-07-01T09:24:54,1000.0,7.84,S
2021-07-01T09:24:39,500.0,7.84,S
2021-07-01T09:24:38,1000.0,7.84,S
2021-07-01T09:24:35,2800.0,7.84,S
2021-07-01T09:24:26,300.0,7.85,S
2021-07-01T09:24:18,200.0,7.85,S
2021-07-01T09:24:10,1300.0,7.89,B
2021-07-01T09:24:10,1400.0,7.89,B
2021-07-01T09:24:10,17300.0,7.85,S
2021-07-01T09:24:05,1700.0,7.85,S
2021-07-01T09:24:03,100.0,7.85,S
2021-07-01T09:24:02,20000.0,7.85,S
2021-07-01T09:23:46,400.0,7.85,S
2021-07-01T09:23:35,2000.0,7.85,S
2021-07-01T09:23:24,14200.0,7.85,S
2021-07-01T09:23:16,200.0,7.89,B
2021-07-01T09:23:11,7000.0,7.89,B
2021-07-01T09:22:48,8200.0,7.85,S
2021-07-01T09:22:48,11800.0,7.86,S
2021-07-01T09:22:11,600.0,7.85,S
2021-07-01T09:22:01,500.0,7.89,S
2021-07-01T09:21:54,27800.0,7.85,S
2021-07-01T09:21:26,1000.0,7.9,B
2021-07-01T09:21:19,1800.0,7.89,S
2021-07-01T09:21:16,2000.0,7.86,S
2021-07-01T09:21:12,1000.0,7.89,S
2021-07-01T09:20:55,100.0,7.89,S
2021-07-01T09:20:09,300.0,7.9,B
2021-07-01T09:19:54,100.0,7.9,B
2021-07-01T09:19:43,100.0,7.9,B
2021-07-01T09:19:24,200.0,7.9,B
2021-07-01T09:19:22,300.0,7.9,B
2021-07-01T09:18:21,900.0,7.9,S
2021-07-01T09:18:15,2500.0,7.9,S
2021-07-01T09:18:15,200.0,7.9,S
2021-07-01T09:18:15,700.0,7.9,S
2021-07-01T09:18:15,6600.0,7.9,S
2021-07-01T09:18:14,200.0,7.92,B
2021-07-01T09:18:07,100.0,7.9,S
2021-07-01T09:17:56,1600.0,7.9,S
2021-07-01T09:17:42,800.0,7.9,S
2021-07-01T09:17:42,9200.0,7.9,S
2021-07-01T09:17:41,1000.0,7.9,S
2021-07-01T09:17:09,1000.0,7.9,S
2021-07-01T09:16:59,1800.0,7.9,S
2021-07-01T09:16:52,200.0,7.95,B
2021-07-01T09:16:50,5000.0,7.9,S
2021-07-01T09:16:42,300.0,7.95,B
2021-07-01T09:16:37,1000.0,7.9,S
2021-07-01T09:16:37,1500.0,7.9,S
2021-07-01T09:16:23,1000.0,7.9,S
2021-07-01T09:16:20,1000.0,7.9,S
2021-07-01T09:15:55,12000.0,7.9,S
2021-07-01T09:15:33,500.0,7.9,S
