tradingTime,volume,price,side
2021-07-01T14:52:41,800.0,14.9,B
2021-07-01T14:49:15,1000.0,14.9,B
2021-07-01T14:47:19,100.0,14.8,S
2021-07-01T14:43:41,3000.0,14.8,S
2021-07-01T14:43:31,3000.0,14.8,S
2021-07-01T14:43:16,1400.0,14.8,S
2021-07-01T14:43:01,2000.0,14.8,S
2021-07-01T14:40:46,300.0,14.8,S
2021-07-01T14:36:26,2000.0,14.8,S
2021-07-01T14:35:46,900.0,14.8,B
2021-07-01T14:29:32,4000.0,14.8,B
2021-07-01T14:28:32,2000.0,14.7,S
2021-07-01T14:26:43,1000.0,14.7,S
2021-07-01T14:26:05,18000.0,14.8,B
2021-07-01T14:25:24,400.0,14.8,B
2021-07-01T14:25:14,400.0,14.7,S
2021-07-01T14:25:03,300.0,14.7,B
2021-07-01T14:24:34,4000.0,14.7,B
2021-07-01T14:24:18,15300.0,14.7,S
2021-07-01T14:23:27,100.0,14.8,B
2021-07-01T14:22:56,100.0,14.8,B
2021-07-01T14:22:40,100.0,14.8,B
2021-07-01T14:19:42,2000.0,14.8,B
2021-07-01T14:16:04,200.0,14.8,B
2021-07-01T14:14:21,2000.0,14.7,S
2021-07-01T14:13:11,200.0,14.8,B
2021-07-01T14:13:09,400.0,14.8,S
2021-07-01T14:13:04,100.0,14.8,S
2021-07-01T14:10:43,100.0,14.8,S
2021-07-01T14:10:16,4400.0,14.8,S
2021-07-01T14:09:48,800.0,14.7,S
2021-07-01T14:08:14,400.0,14.7,S
2021-07-01T14:07:02,3000.0,14.7,S
2021-07-01T14:06:06,100.0,14.7,B
2021-07-01T14:05:21,400.0,14.7,B
2021-07-01T14:04:56,100.0,14.7,B
2021-07-01T14:04:34,2000.0,14.7,B
2021-07-01T14:03:17,15000.0,14.7,B
2021-07-01T14:02:04,1000.0,14.7,S
2021-07-01T14:00:31,16700.0,14.7,S
2021-07-01T14:00:08,400.0,14.7,S
2021-07-01T13:59:48,500.0,14.7,S
2021-07-01T13:59:25,1000.0,14.8,B
2021-07-01T13:58:32,1000.0,14.8,B
2021-07-01T13:57:06,10000.0,14.8,B
2021-07-01T13:55:42,1000.0,14.8,B
2021-07-01T13:54:12,300.0,14.7,S
2021-07-01T13:50:57,500.0,14.7,S
2021-07-01T13:50:46,400.0,14.7,B
2021-07-01T13:50:41,100.0,14.7,S
2021-07-01T13:50:39,1900.0,14.7,S
2021-07-01T13:50:21,100.0,14.7,B
2021-07-01T13:48:50,5000.0,14.7,B
2021-07-01T13:48:40,100.0,14.7,B
2021-07-01T13:48:34,300.0,14.7,B
2021-07-01T13:47:56,4000.0,14.7,B
2021-07-01T13:47:46,5200.0,14.7,B
2021-07-01T13:47:22,100.0,14.7,B
2021-07-01T13:46:46,14800.0,14.7,S
2021-07-01T13:46:35,500.0,14.7,S
2021-07-01T13:46:18,9000.0,14.7,S
2021-07-01T13:45:32,1000.0,14.7,S
2021-07-01T13:43:05,500.0,14.7,S
2021-07-01T13:41:38,200.0,14.7,S
2021-07-01T13:38:27,21200.0,14.7,S
2021-07-01T13:36:35,6400.0,14.8,S
2021-07-01T13:36:02,100.0,14.8,S
2021-07-01T13:35:54,200.0,14.9,B
2021-07-01T13:35:34,10000.0,14.8,S
2021-07-01T13:35:31,1000.0,14.8,S
2021-07-01T13:35:08,13600.0,14.8,S
2021-07-01T13:35:04,100.0,14.8,S
2021-07-01T13:34:24,10000.0,14.8,S
2021-07-01T13:34:04,5000.0,14.8,S
2021-07-01T13:32:37,4000.0,14.8,S
2021-07-01T13:31:10,100.0,14.9,B
2021-07-01T13:30:34,500.0,14.8,S
2021-07-01T13:29:45,1000.0,14.8,S
2021-07-01T13:28:20,200.0,14.8,S
2021-07-01T13:28:04,2500.0,14.8,S
2021-07-01T13:27:14,1000.0,14.8,S
2021-07-01T13:26:54,1000.0,14.9,B
2021-07-01T13:23:38,300.0,14.9,B
2021-07-01T13:21:11,10000.0,14.9,B
2021-07-01T13:20:46,2000.0,14.8,S
2021-07-01T13:20:41,2000.0,14.9,B
2021-07-01T13:19:40,100.0,14.8,S
2021-07-01T13:19:14,1400.0,14.9,B
2021-07-01T13:19:01,2000.0,14.9,B
2021-07-01T13:18:14,300.0,14.8,S
2021-07-01T13:17:53,400.0,14.8,S
2021-07-01T13:17:49,4000.0,14.8,S
2021-07-01T13:17:06,800.0,14.8,S
2021-07-01T13:13:00,200.0,14.8,S
2021-07-01T13:12:06,500.0,14.9,B
2021-07-01T13:10:54,1000.0,14.9,B
2021-07-01T13:09:13,700.0,14.9,B
2021-07-01T13:08:53,700.0,14.9,B
2021-07-01T13:08:25,600.0,14.9,B
2021-07-01T13:06:47,6000.0,14.9,B
2021-07-01T13:06:45,100.0,14.9,B
2021-07-01T13:06:41,5000.0,14.9,B
2021-07-01T13:06:37,200.0,14.9,B
2021-07-01T13:06:28,10000.0,14.9,B
2021-07-01T13:05:39,10700.0,14.9,B
2021-07-01T13:05:24,5000.0,14.9,B
2021-07-01T13:05:22,1000.0,14.8,S
2021-07-01T13:04:10,5000.0,14.9,B
2021-07-01T13:04:04,1500.0,14.9,B
2021-07-01T13:03:11,100.0,14.9,B
2021-07-01T13:02:25,1000.0,14.8,S
2021-07-01T13:01:46,200.0,14.8,S
2021-07-01T13:01:04,200.0,14.9,B
2021-07-01T13:00:41,500.0,14.9,B
2021-07-01T13:00:40,1000.0,14.9,B
2021-07-01T13:00:32,1200.0,14.9,B
2021-07-01T13:00:21,1100.0,14.9,B
2021-07-01T13:00:19,2600.0,14.9,B
2021-07-01T13:00:19,5000.0,14.9,B
2021-07-01T13:00:16,1100.0,14.9,S
2021-07-01T13:00:16,9000.0,14.9,B
2021-07-01T13:00:16,25000.0,14.9,B
2021-07-01T11:27:54,3000.0,14.9,B
2021-07-01T11:27:49,200.0,14.9,B
2021-07-01T11:27:06,100.0,14.8,S
2021-07-01T11:27:03,400.0,14.8,S
2021-07-01T11:26:09,1000.0,14.8,S
2021-07-01T11:24:54,24000.0,14.8,S
2021-07-01T11:24:01,20000.0,14.8,S
2021-07-01T11:22:47,21200.0,14.8,B
2021-07-01T11:22:39,5000.0,14.8,B
2021-07-01T11:22:25,2000.0,14.8,B
2021-07-01T11:18:31,2600.0,14.8,B
2021-07-01T11:18:14,100.0,14.8,B
2021-07-01T11:17:53,500.0,14.8,B
2021-07-01T11:17:07,10000.0,14.8,B
2021-07-01T11:16:04,1000.0,14.7,S
2021-07-01T11:15:31,1000.0,14.8,B
2021-07-01T11:15:13,1000.0,14.8,B
2021-07-01T11:14:54,2000.0,14.8,B
2021-07-01T11:14:40,1000.0,14.8,B
2021-07-01T11:13:15,400.0,14.8,B
2021-07-01T11:12:30,500.0,14.8,B
2021-07-01T11:12:28,200.0,14.8,B
2021-07-01T11:12:26,7000.0,14.8,B
2021-07-01T11:12:18,500.0,14.8,B
2021-07-01T11:12:08,2800.0,14.8,B
2021-07-01T11:10:46,100.0,14.8,B
2021-07-01T11:10:35,400.0,14.8,B
2021-07-01T11:09:40,1000.0,14.8,B
2021-07-01T11:09:05,100.0,14.8,B
2021-07-01T11:08:40,6200.0,14.7,B
2021-07-01T11:08:28,300.0,14.7,B
2021-07-01T11:08:26,2000.0,14.7,B
2021-07-01T11:08:17,500.0,14.7,B
2021-07-01T11:08:16,4000.0,14.7,B
2021-07-01T11:08:14,20000.0,14.7,B
2021-07-01T11:08:07,1000.0,14.7,B
2021-07-01T11:08:05,10000.0,14.7,B
2021-07-01T11:07:55,31000.0,14.7,B
2021-07-01T11:07:10,700.0,14.7,B
2021-07-01T11:06:56,100.0,14.6,S
2021-07-01T11:06:51,1100.0,14.7,B
2021-07-01T11:06:49,100.0,14.6,S
2021-07-01T11:06:30,1000.0,14.7,B
2021-07-01T11:06:26,1500.0,14.7,B
2021-07-01T11:05:38,200.0,14.7,B
2021-07-01T11:05:09,1600.0,14.7,B
2021-07-01T11:05:07,100.0,14.7,B
2021-07-01T11:04:19,100.0,14.7,B
2021-07-01T11:03:13,1000.0,14.6,S
2021-07-01T11:02:55,800.0,14.6,B
2021-07-01T11:02:49,3000.0,14.6,B
2021-07-01T11:01:19,5000.0,14.6,B
2021-07-01T11:01:16,1200.0,14.6,S
2021-07-01T11:00:31,7500.0,14.6,S
2021-07-01T10:59:34,200.0,14.6,S
2021-07-01T10:59:14,800.0,14.6,S
2021-07-01T10:58:56,13200.0,14.6,S
2021-07-01T10:58:15,2000.0,14.6,S
2021-07-01T10:58:11,1600.0,14.6,S
2021-07-01T10:56:19,300.0,14.6,S
2021-07-01T10:55:30,2700.0,14.6,S
2021-07-01T10:54:11,9000.0,14.6,S
2021-07-01T10:51:11,2300.0,14.6,S
2021-07-01T10:45:23,2800.0,14.6,S
2021-07-01T10:45:14,1500.0,14.6,S
2021-07-01T10:42:20,2000.0,14.6,B
2021-07-01T10:42:20,2000.0,14.6,B
2021-07-01T10:41:56,4000.0,14.6,B
2021-07-01T10:40:30,10000.0,14.6,B
2021-07-01T10:38:23,2000.0,14.5,S
2021-07-01T10:37:41,300.0,14.6,B
2021-07-01T10:37:15,100.0,14.5,S
2021-07-01T10:36:57,2400.0,14.6,B
2021-07-01T10:36:36,1000.0,14.6,B
2021-07-01T10:36:22,400.0,14.6,B
2021-07-01T10:35:38,100.0,14.6,S
2021-07-01T10:34:43,1000.0,14.6,S
2021-07-01T10:32:42,100.0,14.6,S
2021-07-01T10:30:42,5000.0,14.6,S
2021-07-01T10:30:26,1000.0,14.7,S
2021-07-01T10:29:15,100.0,14.7,B
2021-07-01T10:28:49,3000.0,14.7,B
2021-07-01T10:28:05,100.0,14.7,B
2021-07-01T10:24:48,1000.0,14.7,B
2021-07-01T10:24:03,100.0,14.7,B
2021-07-01T10:23:42,7800.0,14.6,S
2021-07-01T10:22:43,3400.0,14.5,S
2021-07-01T10:22:41,500.0,14.5,B
2021-07-01T10:22:36,500.0,14.5,B
2021-07-01T10:22:35,500.0,14.5,B
2021-07-01T10:22:33,2000.0,14.5,B
2021-07-01T10:22:28,2200.0,14.5,B
2021-07-01T10:22:16,1000.0,14.5,B
2021-07-01T10:22:14,300.0,14.5,B
2021-07-01T10:21:51,3000.0,14.5,B
2021-07-01T10:21:47,500.0,14.5,B
2021-07-01T10:21:38,500.0,14.5,B
2021-07-01T10:21:36,1000.0,14.5,B
2021-07-01T10:21:35,500.0,14.5,B
2021-07-01T10:21:32,5000.0,14.5,B
2021-07-01T10:21:31,10000.0,14.5,B
2021-07-01T10:21:30,500.0,14.5,B
2021-07-01T10:21:29,1000.0,14.5,B
2021-07-01T10:21:25,1000.0,14.5,B
2021-07-01T10:21:21,200.0,14.5,B
2021-07-01T10:21:15,200.0,14.5,B
2021-07-01T10:21:14,100.0,14.5,B
2021-07-01T10:21:08,100.0,14.5,B
2021-07-01T10:20:50,1000.0,14.5,B
2021-07-01T10:20:45,20000.0,14.5,B
2021-07-01T10:19:54,200.0,14.5,B
2021-07-01T10:19:47,500.0,14.5,B
2021-07-01T10:19:27,300.0,14.5,B
2021-07-01T10:19:02,600.0,14.5,B
2021-07-01T10:18:39,20000.0,14.5,B
2021-07-01T10:18:08,2000.0,14.4,S
2021-07-01T10:18:00,100.0,14.5,B
2021-07-01T10:17:46,5000.0,14.5,B
2021-07-01T10:17:43,1000.0,14.5,B
2021-07-01T10:17:26,100.0,14.4,S
2021-07-01T10:16:37.135,73100.0,14.5,S
2021-07-01T10:12:48,5000.0,14.5,S
2021-07-01T10:12:47,300.0,14.6,B
2021-07-01T10:11:01,200.0,14.6,B
2021-07-01T10:10:52,100.0,14.5,S
2021-07-01T10:10:41,100.0,14.6,B
2021-07-01T10:10:09,4700.0,14.6,B
2021-07-01T10:09:54,600.0,14.6,S
2021-07-01T10:08:22,4000.0,14.6,S
2021-07-01T10:08:09,2000.0,14.6,S
2021-07-01T10:06:50,1000.0,14.6,S
2021-07-01T10:06:22,3600.0,14.6,S
2021-07-01T10:06:09,500.0,14.6,S
2021-07-01T10:04:16,1000.0,14.6,S
2021-07-01T10:03:18,4700.0,14.6,B
2021-07-01T10:03:14,100.0,14.6,B
2021-07-01T10:03:07,400.0,14.6,B
2021-07-01T10:02:46,10000.0,14.6,B
2021-07-01T10:02:42,5000.0,14.6,B
2021-07-01T10:00:42,2000.0,14.5,S
2021-07-01T09:59:50,1000.0,14.6,B
2021-07-01T09:59:12,4000.0,14.6,B
2021-07-01T09:58:48,16200.0,14.6,S
2021-07-01T09:58:39,1000.0,14.7,B
2021-07-01T09:57:58,10000.0,14.7,B
2021-07-01T09:56:51,900.0,14.7,S
2021-07-01T09:56:42,5000.0,14.7,S
2021-07-01T09:56:38,2900.0,14.7,S
2021-07-01T09:56:28,6000.0,14.7,S
2021-07-01T09:56:18,500.0,14.7,S
2021-07-01T09:56:13,10000.0,14.7,S
2021-07-01T09:55:57,10000.0,14.7,S
2021-07-01T09:55:53,15000.0,14.7,S
2021-07-01T09:55:39,2000.0,14.7,S
2021-07-01T09:55:17,500.0,14.7,S
2021-07-01T09:55:15,2000.0,14.7,S
2021-07-01T09:55:03,1500.0,14.7,S
2021-07-01T09:54:48,2000.0,14.7,S
2021-07-01T09:54:17,2000.0,14.7,S
2021-07-01T09:54:12,500.0,14.7,S
2021-07-01T09:53:56,100.0,14.7,S
2021-07-01T09:53:26,10500.0,14.7,S
2021-07-01T09:53:19,10000.0,14.7,S
2021-07-01T09:52:49,600.0,14.7,S
2021-07-01T09:52:42,1000.0,14.7,S
2021-07-01T09:52:39,1000.0,14.7,S
2021-07-01T09:52:34,10300.0,14.7,S
2021-07-01T09:52:16,3000.0,14.7,S
2021-07-01T09:52:15,10000.0,14.7,S
2021-07-01T09:51:30,2700.0,14.7,S
2021-07-01T09:51:09,500.0,14.7,S
2021-07-01T09:50:54,10000.0,14.7,S
2021-07-01T09:50:43,2300.0,14.7,S
2021-07-01T09:49:33,2500.0,14.7,S
2021-07-01T09:48:06,3200.0,14.8,S
2021-07-01T09:47:49,2000.0,14.8,S
2021-07-01T09:47:32,5000.0,14.8,S
2021-07-01T09:46:16,300.0,14.8,S
2021-07-01T09:46:15,10000.0,14.8,S
2021-07-01T09:45:49,2000.0,14.8,S
2021-07-01T09:44:47,100.0,14.8,S
2021-07-01T09:43:28,100.0,14.8,S
2021-07-01T09:42:13,1100.0,14.8,B
2021-07-01T09:41:33,500.0,14.8,B
2021-07-01T09:41:27,100.0,14.8,B
2021-07-01T09:41:26,1000.0,14.8,B
2021-07-01T09:40:38,4000.0,14.8,B
2021-07-01T09:39:58,500.0,14.8,B
2021-07-01T09:39:01,1300.0,14.8,B
2021-07-01T09:38:50,500.0,14.8,S
2021-07-01T09:38:39,500.0,14.8,B
2021-07-01T09:37:09,45000.0,14.8,S
2021-07-01T09:36:34,200.0,14.8,S
2021-07-01T09:35:33,2000.0,14.8,S
2021-07-01T09:34:03,2800.0,14.8,B
2021-07-01T09:34:02,2000.0,14.8,S
2021-07-01T09:33:30,1000.0,14.8,S
2021-07-01T09:32:20,300.0,14.8,S
2021-07-01T09:32:13,300.0,14.8,S
2021-07-01T09:32:11,3000.0,14.8,S
2021-07-01T09:32:04,1000.0,14.8,S
2021-07-01T09:31:55,500.0,14.8,S
2021-07-01T09:31:38,5000.0,14.8,S
2021-07-01T09:31:21,300.0,14.8,S
2021-07-01T09:30:50,15500.0,14.8,S
2021-07-01T09:30:33,200.0,14.8,S
2021-07-01T09:30:33,10100.0,14.8,S
2021-07-01T09:29:55,1000.0,14.8,S
2021-07-01T09:28:53,600.0,14.8,S
2021-07-01T09:28:29,300.0,14.8,S
2021-07-01T09:27:38,8500.0,14.8,S
2021-07-01T09:26:24,4000.0,14.9,B
2021-07-01T09:25:39,100.0,14.9,B
2021-07-01T09:25:05,200.0,14.9,B
2021-07-01T09:24:49,200.0,14.9,S
2021-07-01T09:24:37,2000.0,14.9,S
2021-07-01T09:24:35,1000.0,14.9,S
2021-07-01T09:24:26,5700.0,15.0,B
2021-07-01T09:24:18,1000.0,14.9,S
2021-07-01T09:24:18,3000.0,14.9,S
2021-07-01T09:24:12,5000.0,14.9,S
2021-07-01T09:23:05,1000.0,14.9,S
2021-07-01T09:22:59,1500.0,14.9,S
2021-07-01T09:22:27,100.0,14.9,S
2021-07-01T09:20:50,3400.0,14.9,S
2021-07-01T09:20:45,300.0,14.9,B
2021-07-01T09:20:35,1000.0,14.9,B
2021-07-01T09:20:29,400.0,14.9,B
2021-07-01T09:20:19,1000.0,14.9,B
2021-07-01T09:20:18,1000.0,14.9,B
2021-07-01T09:19:59,5000.0,14.9,B
2021-07-01T09:19:43,800.0,14.9,B
2021-07-01T09:19:08,500.0,14.9,B
2021-07-01T09:18:54,100.0,14.9,B
2021-07-01T09:17:58,1000.0,14.9,B
2021-07-01T09:16:39,1100.0,14.9,B
2021-07-01T09:16:34,200.0,14.9,B
2021-07-01T09:16:20,700.0,14.9,B
2021-07-01T09:16:00,500.0,14.9,B
2021-07-01T09:15:40,1000.0,14.9,B
2021-07-01T09:15:37,200.0,14.8,S
2021-07-01T09:15:20,200.0,14.9,B
2021-07-01T09:14:28,1000.0,14.9,B
2021-07-01T09:14:16,6400.0,14.9,S
2021-07-01T09:14:12,1000.0,14.9,S
2021-07-01T09:14:08,1000.0,14.9,S
2021-07-01T09:14:07,3000.0,14.9,S
2021-07-01T09:13:57,800.0,14.9,S
2021-07-01T09:13:56,300.0,14.9,S
2021-07-01T09:13:45,1000.0,14.9,S
2021-07-01T09:13:44,1000.0,14.9,S
2021-07-01T09:12:53,10000.0,14.9,S
2021-07-01T09:12:10,600.0,14.9,S
2021-07-01T09:12:10,200.0,15.0,B
2021-07-01T09:11:40,700.0,14.9,S
2021-07-01T09:11:13,700.0,15.0,S
2021-07-01T09:11:02,5000.0,15.0,S
2021-07-01T09:10:53,1000.0,15.0,S
2021-07-01T09:10:38,100.0,15.0,S
2021-07-01T09:10:34,1500.0,15.0,S
2021-07-01T09:09:56,3000.0,15.0,S
2021-07-01T09:09:41,100.0,15.1,B
2021-07-01T09:08:12,1000.0,15.1,B
2021-07-01T09:08:09,800.0,15.0,B
2021-07-01T09:07:51,200.0,15.0,B
2021-07-01T09:07:30,200.0,15.0,B
2021-07-01T09:07:19,1300.0,15.0,B
2021-07-01T09:07:19,2300.0,15.0,B
2021-07-01T09:07:07,1000.0,15.0,S
2021-07-01T09:07:03,10000.0,15.0,S
2021-07-01T09:06:54,5000.0,15.0,S
2021-07-01T09:06:50,1000.0,15.0,S
2021-07-01T09:06:45,1000.0,15.1,B
2021-07-01T09:06:35,2200.0,15.1,B
2021-07-01T09:06:33,100.0,15.0,S
2021-07-01T09:06:19,1200.0,15.0,S
2021-07-01T09:06:15,300.0,15.0,B
2021-07-01T09:06:09,2000.0,15.0,B
2021-07-01T09:05:59,100.0,15.0,B
2021-07-01T09:05:44,200.0,15.0,B
2021-07-01T09:05:26,1000.0,15.0,B
2021-07-01T09:05:19,200.0,15.0,B
2021-07-01T09:05:15,300.0,15.0,B
2021-07-01T09:05:10,4400.0,15.0,B
2021-07-01T09:05:06,1500.0,15.0,B
2021-07-01T09:05:01,300.0,15.0,B
2021-07-01T09:04:55,5000.0,15.0,B
2021-07-01T09:04:50,3000.0,15.0,B
2021-07-01T09:04:44,5000.0,15.0,S
2021-07-01T09:04:34,10000.0,15.2,B
2021-07-01T09:04:29,19900.0,15.0,S
2021-07-01T09:04:09,20000.0,15.1,B
2021-07-01T09:04:06,1000.0,15.1,B
2021-07-01T09:04:03,4900.0,15.1,S
2021-07-01T09:03:58,100.0,15.2,S
2021-07-01T09:03:53,1100.0,15.2,S
2021-07-01T09:03:41,30000.0,15.1,S
2021-07-01T09:03:35,300.0,15.2,S
2021-07-01T09:03:31,300.0,15.2,S
2021-07-01T09:03:29,5800.0,15.2,B
2021-07-01T09:03:16,300.0,15.2,B
2021-07-01T09:03:16,10000.0,15.2,B
2021-07-01T09:03:13,20000.0,15.2,B
2021-07-01T09:03:05,1000.0,15.1,S
2021-07-01T09:02:48,400.0,15.1,B
2021-07-01T09:02:45,1000.0,15.1,B
2021-07-01T09:02:41,2500.0,15.1,B
2021-07-01T09:02:32,1200.0,15.1,S
2021-07-01T09:02:31,200.0,15.1,S
2021-07-01T09:02:30,10000.0,15.2,B
2021-07-01T09:02:27,100.0,15.1,S
2021-07-01T09:02:23,100.0,15.2,B
2021-07-01T09:02:14,3000.0,15.1,S
2021-07-01T09:02:12,300.0,15.1,S
2021-07-01T09:02:10,200.0,15.1,S
2021-07-01T09:02:01,10000.0,15.2,B
2021-07-01T09:01:59,2900.0,15.1,B
2021-07-01T09:01:58,6700.0,15.0,S
2021-07-01T09:01:58,1000.0,15.1,B
2021-07-01T09:01:56,800.0,15.0,S
2021-07-01T09:01:50,100.0,15.0,S
2021-07-01T09:01:49,10300.0,15.0,S
2021-07-01T09:01:31,9000.0,15.0,S
2021-07-01T09:01:30,5300.0,15.0,S
2021-07-01T09:01:26,8000.0,15.0,S
2021-07-01T09:01:26,1000.0,15.1,S
2021-07-01T09:01:22,3700.0,15.1,S
2021-07-01T09:01:18,5000.0,15.1,S
2021-07-01T09:01:14,10000.0,15.1,B
2021-07-01T09:01:06,1000.0,15.0,S
2021-07-01T09:01:04,2800.0,15.0,S
2021-07-01T09:01:00,7400.0,14.7,S
2021-07-01T09:00:57,600.0,15.0,B
2021-07-01T09:00:56,100.0,15.0,B
2021-07-01T09:00:55,20000.0,14.7,S
2021-07-01T09:00:55,20000.0,14.7,S
2021-07-01T09:00:50,1000.0,15.1,B
2021-07-01T09:00:48,1000.0,15.1,S
2021-07-01T09:00:46,1000.0,15.1,S
2021-07-01T09:00:46,10000.0,15.1,S
2021-07-01T09:00:46,1000.0,15.1,S
2021-07-01T09:00:46,2000.0,15.1,S
2021-07-01T09:00:44,100.0,15.1,S
2021-07-01T09:00:44,1100.0,15.1,S
2021-07-01T09:00:44,12800.0,15.0,B
2021-07-01T09:00:38,900.0,14.9,S
2021-07-01T09:00:38,100.0,14.9,S
2021-07-01T09:00:36,800.0,14.9,S
2021-07-01T09:00:28,900.0,14.9,S
2021-07-01T09:00:20,100.0,14.9,S
2021-07-01T09:00:16,1000.0,14.8,S
