tradingTime,volume,price,side
2021-07-01T14:49:10,2000.0,32.3,S
2021-07-01T14:48:58,2000.0,32.3,S
2021-07-01T14:48:42,2000.0,32.3,S
2021-07-01T14:48:23,2000.0,32.4,S
2021-07-01T14:43:51,1000.0,32.4,S
2021-07-01T14:42:11,4700.0,32.4,S
2021-07-01T14:39:26,3500.0,32.4,S
2021-07-01T14:35:01,5000.0,32.4,B
2021-07-01T14:34:51,100.0,32.4,B
2021-07-01T14:34:31,2200.0,32.4,B
2021-07-01T14:34:26,1000.0,32.4,B
2021-07-01T14:30:51,800.0,32.4,B
2021-07-01T14:30:21,6600.0,32.4,B
2021-07-01T14:29:26,100.0,32.4,B
2021-07-01T14:26:56,500.0,32.4,B
2021-07-01T14:26:33,100.0,32.4,B
2021-07-01T14:24:23,300.0,32.4,B
2021-07-01T14:23:56,600.0,32.4,B
2021-07-01T14:22:55,100.0,32.4,B
2021-07-01T14:22:20,500.0,32.4,B
2021-07-01T14:19:55,100.0,32.4,B
2021-07-01T14:17:28,10000.0,32.4,B
2021-07-01T14:16:31,1000.0,32.3,S
2021-07-01T14:15:53,200.0,32.3,S
2021-07-01T14:11:38,300.0,32.3,S
2021-07-01T14:10:56,500.0,32.4,B
2021-07-01T14:10:53,100.0,32.3,S
2021-07-01T14:09:42,3200.0,32.3,S
2021-07-01T14:07:26,2300.0,32.4,B
2021-07-01T14:07:03,5000.0,32.4,B
2021-07-01T14:06:44,5000.0,32.4,B
2021-07-01T14:06:31,200.0,32.4,B
2021-07-01T14:06:09,100.0,32.4,B
2021-07-01T14:00:19,5000.0,32.4,B
2021-07-01T13:59:34,2000.0,32.4,B
2021-07-01T13:59:33,500.0,32.3,S
2021-07-01T13:58:18,100.0,32.3,S
2021-07-01T13:57:15,100.0,32.3,S
2021-07-01T13:56:39,200.0,32.4,B
2021-07-01T13:55:13,500.0,32.3,S
2021-07-01T13:54:50,400.0,32.3,S
2021-07-01T13:54:30,1800.0,32.3,S
2021-07-01T13:53:40,500.0,32.3,S
2021-07-01T13:53:02,2000.0,32.3,S
2021-07-01T13:52:51,1000.0,32.3,S
2021-07-01T13:51:58,4000.0,32.3,S
2021-07-01T13:50:51,500.0,32.4,B
2021-07-01T13:50:24,500.0,32.3,S
2021-07-01T13:50:03,500.0,32.3,S
2021-07-01T13:49:48,100.0,32.3,S
2021-07-01T13:48:36,200.0,32.3,S
2021-07-01T13:47:50,500.0,32.3,S
2021-07-01T13:46:23,5000.0,32.3,S
2021-07-01T13:44:08,1000.0,32.3,S
2021-07-01T13:43:34,500.0,32.3,S
2021-07-01T13:43:16,1000.0,32.3,S
2021-07-01T13:43:09,2000.0,32.3,S
2021-07-01T13:43:04,800.0,32.3,B
2021-07-01T13:42:04,200.0,32.3,B
2021-07-01T13:39:03,1300.0,32.3,S
2021-07-01T13:38:25,100.0,32.3,B
2021-07-01T13:38:16,200.0,32.3,B
2021-07-01T13:37:58,3600.0,32.3,S
2021-07-01T13:37:43,100.0,32.4,B
2021-07-01T13:37:00,700.0,32.4,B
2021-07-01T13:36:35,100.0,32.4,B
2021-07-01T13:34:46,600.0,32.4,B
2021-07-01T13:34:11,100.0,32.4,B
2021-07-01T13:33:06,1200.0,32.3,S
2021-07-01T13:32:19,1700.0,32.3,S
2021-07-01T13:32:00,100.0,32.3,S
2021-07-01T13:31:18,1000.0,32.3,S
2021-07-01T13:30:42,500.0,32.3,S
2021-07-01T13:30:27,100.0,32.3,S
2021-07-01T13:29:49,300.0,32.3,S
2021-07-01T13:29:46,500.0,32.3,S
2021-07-01T13:27:57,1000.0,32.3,S
2021-07-01T13:27:48,400.0,32.3,S
2021-07-01T13:27:26,300.0,32.3,S
2021-07-01T13:25:53,200.0,32.3,B
2021-07-01T13:25:42,100.0,32.3,B
2021-07-01T13:25:33,100.0,32.3,B
2021-07-01T13:25:25,5000.0,32.3,B
2021-07-01T13:23:40,1200.0,32.2,S
2021-07-01T13:23:28,2000.0,32.2,S
2021-07-01T13:23:24,100.0,32.2,S
2021-07-01T13:22:39,1500.0,32.2,S
2021-07-01T13:22:14,100.0,32.2,S
2021-07-01T13:22:01,1500.0,32.2,S
2021-07-01T13:21:53,300.0,32.3,B
2021-07-01T13:21:49,300.0,32.3,B
2021-07-01T13:21:05,1000.0,32.3,B
2021-07-01T13:20:52,100.0,32.3,B
2021-07-01T13:19:33,200.0,32.3,B
2021-07-01T13:19:12,600.0,32.2,S
2021-07-01T13:19:06,2000.0,32.2,S
2021-07-01T13:18:52,1000.0,32.2,S
2021-07-01T13:17:22,1000.0,32.3,B
2021-07-01T13:17:18,300.0,32.2,S
2021-07-01T13:16:34,1000.0,32.3,B
2021-07-01T13:16:24,300.0,32.3,B
2021-07-01T13:16:21,500.0,32.3,B
2021-07-01T13:14:04,900.0,32.3,B
2021-07-01T13:13:55,200.0,32.3,B
2021-07-01T13:13:35,5000.0,32.2,S
2021-07-01T13:13:28,400.0,32.3,B
2021-07-01T13:13:26,200.0,32.2,S
2021-07-01T13:13:23,1500.0,32.2,S
2021-07-01T13:13:19,300.0,32.2,S
2021-07-01T13:12:54,1000.0,32.3,B
2021-07-01T13:12:08,200.0,32.3,B
2021-07-01T13:11:44,300.0,32.2,S
2021-07-01T13:11:34,2000.0,32.2,S
2021-07-01T13:10:48,2000.0,32.3,B
2021-07-01T13:09:47,3000.0,32.2,S
2021-07-01T13:09:37,200.0,32.3,B
2021-07-01T13:09:01,100.0,32.3,B
2021-07-01T13:08:44,1000.0,32.3,B
2021-07-01T13:07:14,1000.0,32.3,S
2021-07-01T13:05:35,3000.0,32.2,S
2021-07-01T13:05:10,2000.0,32.3,S
2021-07-01T13:04:02,500.0,32.3,S
2021-07-01T13:03:20,600.0,32.3,B
2021-07-01T13:03:08,2000.0,32.3,B
2021-07-01T13:02:58,600.0,32.3,B
2021-07-01T13:02:36,100.0,32.3,B
2021-07-01T13:00:38,200.0,32.3,B
2021-07-01T13:00:36,100.0,32.3,B
2021-07-01T13:00:35,300.0,32.3,B
2021-07-01T13:00:19,600.0,32.3,B
2021-07-01T13:00:19,100.0,32.3,B
2021-07-01T13:00:19,100.0,32.3,S
2021-07-01T13:00:16,100.0,32.3,S
2021-07-01T13:00:16,300.0,32.3,S
2021-07-01T11:29:46,1000.0,32.3,B
2021-07-01T11:28:59,200.0,32.3,B
2021-07-01T11:28:12,200.0,32.3,B
2021-07-01T11:27:15,100.0,32.3,B
2021-07-01T11:26:48,1300.0,32.3,S
2021-07-01T11:23:16,2800.0,32.3,B
2021-07-01T11:22:54,500.0,32.3,B
2021-07-01T11:22:24,200.0,32.3,B
2021-07-01T11:21:50,1600.0,32.3,S
2021-07-01T11:20:06,800.0,32.3,S
2021-07-01T11:20:03,2000.0,32.3,S
2021-07-01T11:18:36,1200.0,32.3,S
2021-07-01T11:17:35,500.0,32.3,S
2021-07-01T11:16:55,700.0,32.4,B
2021-07-01T11:14:10,4800.0,32.3,B
2021-07-01T11:14:09,100.0,32.3,B
2021-07-01T11:14:06,800.0,32.3,B
2021-07-01T11:14:00,1300.0,32.3,B
2021-07-01T11:13:55,500.0,32.3,B
2021-07-01T11:13:50,200.0,32.3,B
2021-07-01T11:13:29,800.0,32.3,B
2021-07-01T11:13:21,1000.0,32.3,B
2021-07-01T11:13:13,1000.0,32.3,B
2021-07-01T11:13:11,1000.0,32.2,S
2021-07-01T11:12:58,5000.0,32.3,B
2021-07-01T11:12:47,1000.0,32.2,S
2021-07-01T11:12:11,200.0,32.3,B
2021-07-01T11:11:22,200.0,32.3,B
2021-07-01T11:09:57,500.0,32.2,S
2021-07-01T11:09:57,100.0,32.3,B
2021-07-01T11:09:45,2000.0,32.3,B
2021-07-01T11:09:42,100.0,32.3,B
2021-07-01T11:09:00,500.0,32.3,B
2021-07-01T11:08:22,700.0,32.3,B
2021-07-01T11:08:14,2000.0,32.2,S
2021-07-01T11:07:43,100.0,32.2,S
2021-07-01T11:07:12,3000.0,32.2,S
2021-07-01T11:06:58,1300.0,32.2,S
2021-07-01T11:06:47,100.0,32.3,B
2021-07-01T11:05:32,5500.0,32.2,S
2021-07-01T11:05:15,3200.0,32.2,S
2021-07-01T11:04:32,300.0,32.3,B
2021-07-01T11:03:11,100.0,32.3,B
2021-07-01T11:02:56,200.0,32.3,B
2021-07-01T11:02:36,1000.0,32.3,B
2021-07-01T11:02:01,100.0,32.3,B
2021-07-01T11:01:14,200.0,32.2,S
2021-07-01T11:00:09,500.0,32.2,S
2021-07-01T10:59:09,200.0,32.3,B
2021-07-01T10:58:53,100.0,32.3,B
2021-07-01T10:58:39,100.0,32.3,B
2021-07-01T10:58:35,300.0,32.3,B
2021-07-01T10:58:08,1100.0,32.3,S
2021-07-01T10:58:06,300.0,32.3,S
2021-07-01T10:56:56,500.0,32.3,S
2021-07-01T10:56:22,100.0,32.3,S
2021-07-01T10:56:08,2900.0,32.3,B
2021-07-01T10:55:49,500.0,32.3,S
2021-07-01T10:55:44,3000.0,32.3,S
2021-07-01T10:55:13,6000.0,32.3,S
2021-07-01T10:54:52,1000.0,32.3,S
2021-07-01T10:53:39,3000.0,32.3,S
2021-07-01T10:51:49,300.0,32.3,S
2021-07-01T10:47:18,100.0,32.4,B
2021-07-01T10:46:42,1000.0,32.4,B
2021-07-01T10:45:27,300.0,32.3,S
2021-07-01T10:43:45,100.0,32.3,S
2021-07-01T10:43:40,1000.0,32.3,S
2021-07-01T10:42:26,900.0,32.3,B
2021-07-01T10:42:10,1600.0,32.3,B
2021-07-01T10:40:55,900.0,32.3,S
2021-07-01T10:39:53,1000.0,32.3,S
2021-07-01T10:39:11,3700.0,32.3,S
2021-07-01T10:38:48,1000.0,32.3,S
2021-07-01T10:37:50,100.0,32.4,S
2021-07-01T10:36:06,500.0,32.4,S
2021-07-01T10:35:02,100.0,32.4,S
2021-07-01T10:34:19,1000.0,32.4,S
2021-07-01T10:33:45,100.0,32.5,B
2021-07-01T10:33:42,100.0,32.5,B
2021-07-01T10:32:26,300.0,32.5,B
2021-07-01T10:31:54,100.0,32.5,B
2021-07-01T10:31:41,4000.0,32.4,S
2021-07-01T10:31:31,2800.0,32.4,S
2021-07-01T10:30:27,800.0,32.6,B
2021-07-01T10:30:15,600.0,32.5,B
2021-07-01T10:29:34,2000.0,32.4,S
2021-07-01T10:29:03,600.0,32.4,S
2021-07-01T10:28:46,1500.0,32.4,B
2021-07-01T10:28:32,300.0,32.4,B
2021-07-01T10:28:28,500.0,32.3,S
2021-07-01T10:28:23,1100.0,32.4,B
2021-07-01T10:28:17,100.0,32.4,B
2021-07-01T10:27:44,500.0,32.4,B
2021-07-01T10:27:06,500.0,32.4,B
2021-07-01T10:27:05,1000.0,32.3,S
2021-07-01T10:26:41,1000.0,32.3,S
2021-07-01T10:26:27,1900.0,32.3,B
2021-07-01T10:26:23,2000.0,32.3,B
2021-07-01T10:26:02,500.0,32.3,B
2021-07-01T10:25:41,700.0,32.3,B
2021-07-01T10:25:27,1500.0,32.3,B
2021-07-01T10:25:27,100.0,32.3,B
2021-07-01T10:25:17,500.0,32.3,B
2021-07-01T10:25:13,2000.0,32.3,B
2021-07-01T10:25:04,200.0,32.3,B
2021-07-01T10:24:56,100.0,32.3,B
2021-07-01T10:24:08,100.0,32.3,B
2021-07-01T10:23:57,100.0,32.3,B
2021-07-01T10:23:15,500.0,32.2,S
2021-07-01T10:22:23,3000.0,32.2,S
2021-07-01T10:21:22,2600.0,32.2,B
2021-07-01T10:20:49,100.0,32.2,B
2021-07-01T10:20:45,100.0,32.1,S
2021-07-01T10:20:44,3000.0,32.1,S
2021-07-01T10:20:15,200.0,32.2,S
2021-07-01T10:19:38,300.0,32.2,S
2021-07-01T10:19:11,100.0,32.2,S
2021-07-01T10:18:53,500.0,32.2,B
2021-07-01T10:18:52,200.0,32.2,B
2021-07-01T10:18:31,500.0,32.2,S
2021-07-01T10:17:55,1000.0,32.2,S
2021-07-01T10:17:37,1000.0,32.2,S
2021-07-01T10:16:35.932,1000.0,32.3,B
2021-07-01T10:16:33.494,6300.0,32.3,B
2021-07-01T10:14:08.862,3600.0,32.3,B
2021-07-01T10:13:00,100.0,32.2,B
2021-07-01T10:12:56,100.0,32.2,B
2021-07-01T10:12:45,7500.0,32.2,B
2021-07-01T10:12:02,1300.0,32.2,S
2021-07-01T10:10:57,500.0,32.2,S
2021-07-01T10:10:50,100.0,32.3,B
2021-07-01T10:10:36,1000.0,32.2,S
2021-07-01T10:10:24,1300.0,32.2,S
2021-07-01T10:10:08,100.0,32.3,B
2021-07-01T10:09:52,2300.0,32.3,B
2021-07-01T10:09:09,100.0,32.4,B
2021-07-01T10:09:05,500.0,32.3,S
2021-07-01T10:08:46,500.0,32.3,S
2021-07-01T10:08:32,100.0,32.4,B
2021-07-01T10:08:27,1800.0,32.3,S
2021-07-01T10:07:49,300.0,32.3,S
2021-07-01T10:07:34,600.0,32.3,S
2021-07-01T10:07:32,2600.0,32.3,S
2021-07-01T10:07:00,100.0,32.4,B
2021-07-01T10:06:58,700.0,32.3,S
2021-07-01T10:06:56,300.0,32.3,S
2021-07-01T10:06:31,200.0,32.4,B
2021-07-01T10:05:32,500.0,32.4,B
2021-07-01T10:04:23,200.0,32.4,B
2021-07-01T10:04:05,1000.0,32.4,B
2021-07-01T10:03:03,300.0,32.4,B
2021-07-01T10:02:23,6500.0,32.4,S
2021-07-01T10:02:22,300.0,32.4,S
2021-07-01T10:01:40,300.0,32.4,S
2021-07-01T10:00:50,8800.0,32.5,S
2021-07-01T10:00:22,500.0,32.5,S
2021-07-01T09:59:56,1700.0,32.5,S
2021-07-01T09:59:54,500.0,32.5,S
2021-07-01T09:59:20,1000.0,32.5,S
2021-07-01T09:58:04,800.0,32.5,S
2021-07-01T09:56:01,400.0,32.6,S
2021-07-01T09:55:31,800.0,32.6,S
2021-07-01T09:54:25,200.0,32.6,S
2021-07-01T09:53:55,1000.0,32.6,S
2021-07-01T09:53:34,500.0,32.6,S
2021-07-01T09:52:59,1000.0,32.6,S
2021-07-01T09:49:53,100.0,32.7,B
2021-07-01T09:49:40,700.0,32.7,B
2021-07-01T09:47:39,200.0,32.7,B
2021-07-01T09:47:31,100.0,32.7,B
2021-07-01T09:46:16,100.0,32.7,B
2021-07-01T09:43:36,3000.0,32.6,S
2021-07-01T09:43:20,100.0,32.7,B
2021-07-01T09:43:11,1200.0,32.6,S
2021-07-01T09:42:53,100.0,32.6,S
2021-07-01T09:41:28,600.0,32.6,S
2021-07-01T09:36:01,1000.0,32.6,S
2021-07-01T09:35:45,100.0,32.7,B
2021-07-01T09:34:36,200.0,32.7,B
2021-07-01T09:34:22,500.0,32.7,B
2021-07-01T09:33:19,100.0,32.6,S
2021-07-01T09:32:30,500.0,32.7,S
2021-07-01T09:31:25,300.0,32.7,S
2021-07-01T09:31:11,4000.0,32.7,S
2021-07-01T09:31:05,300.0,32.7,S
2021-07-01T09:30:26,200.0,32.7,S
2021-07-01T09:29:36,800.0,32.7,S
2021-07-01T09:29:29,100.0,32.7,S
2021-07-01T09:29:02,100.0,32.7,S
2021-07-01T09:27:28,300.0,32.7,S
2021-07-01T09:27:19,100.0,32.8,B
2021-07-01T09:27:14,1500.0,32.8,B
2021-07-01T09:27:06,100.0,32.8,B
2021-07-01T09:26:41,300.0,32.7,S
2021-07-01T09:25:23,100.0,32.7,S
2021-07-01T09:24:07,700.0,32.7,S
2021-07-01T09:23:50,9000.0,32.7,S
2021-07-01T09:23:13,300.0,32.8,S
2021-07-01T09:21:37,700.0,32.8,S
2021-07-01T09:21:23,100.0,32.8,B
2021-07-01T09:21:14,100.0,32.8,B
2021-07-01T09:20:51,200.0,32.8,B
2021-07-01T09:18:58,400.0,32.7,B
2021-07-01T09:18:15,500.0,32.7,B
2021-07-01T09:17:57,2000.0,32.7,B
2021-07-01T09:17:21,1800.0,32.7,S
2021-07-01T09:07:54,1200.0,32.7,S
2021-07-01T09:06:13,2000.0,32.7,S
2021-07-01T09:05:36,100.0,32.7,B
2021-07-01T09:05:05,500.0,32.7,S
2021-07-01T09:03:30,500.0,32.7,B
2021-07-01T09:00:24,600.0,32.9,S
