tradingTime,volume,price,side
2021-07-01T14:29:41,500.0,49.1,B
2021-07-01T14:29:41,4400.0,49.1,B
2021-07-01T14:29:20,3000.0,49.0,S
2021-07-01T14:28:18,1200.0,49.0,S
2021-07-01T14:28:18,600.0,49.0,S
2021-07-01T14:28:16,100.0,49.05,S
2021-07-01T14:28:12,100.0,49.05,S
2021-07-01T14:28:12,100.0,49.05,S
2021-07-01T14:28:12,800.0,49.05,S
2021-07-01T14:27:57,1700.0,49.1,B
2021-07-01T14:27:34,300.0,49.1,B
2021-07-01T14:27:28,1000.0,49.1,B
2021-07-01T14:27:23,100.0,49.1,B
2021-07-01T14:27:22,300.0,49.1,B
2021-07-01T14:26:58,1300.0,49.1,B
2021-07-01T14:26:25,100.0,49.1,B
2021-07-01T14:25:49,200.0,49.1,B
2021-07-01T14:25:31,100.0,49.1,B
2021-07-01T14:25:26,200.0,49.1,B
2021-07-01T14:24:06,1300.0,49.1,S
2021-07-01T14:24:03,300.0,49.1,S
2021-07-01T14:23:53,100.0,49.1,B
2021-07-01T14:23:53,3600.0,49.1,B
2021-07-01T14:22:38,900.0,49.1,B
2021-07-01T14:22:38,1500.0,49.1,B
2021-07-01T14:22:38,2600.0,49.1,B
2021-07-01T14:21:27,2000.0,49.0,S
2021-07-01T14:21:24,700.0,49.05,B
2021-07-01T14:21:17,300.0,49.05,B
2021-07-01T14:21:10,100.0,49.05,B
2021-07-01T14:20:50,300.0,49.05,B
2021-07-01T14:19:57,500.0,49.05,B
2021-07-01T14:19:50,100.0,49.05,B
2021-07-01T14:19:48,100.0,49.05,B
2021-07-01T14:19:46,100.0,49.05,S
2021-07-01T14:19:45,500.0,49.05,S
2021-07-01T14:19:34,3000.0,49.1,B
2021-07-01T14:19:28,100.0,49.1,B
2021-07-01T14:19:16,1100.0,49.1,B
2021-07-01T14:19:11,2000.0,49.1,B
2021-07-01T14:19:05,3000.0,49.1,B
2021-07-01T14:19:00,300.0,49.1,B
2021-07-01T14:18:56,2000.0,49.1,B
2021-07-01T14:18:38,200.0,49.1,B
2021-07-01T14:18:38,1800.0,49.1,B
2021-07-01T14:17:16,2100.0,49.1,B
2021-07-01T14:17:15,5000.0,49.1,B
2021-07-01T14:16:08,300.0,49.1,B
2021-07-01T14:16:02,2000.0,49.0,S
2021-07-01T14:15:33,5000.0,49.1,B
2021-07-01T14:14:15,100.0,49.1,B
2021-07-01T14:12:57,600.0,49.1,B
2021-07-01T14:12:54,1000.0,49.0,S
2021-07-01T14:12:44,400.0,49.0,S
2021-07-01T14:12:41,800.0,49.0,S
2021-07-01T14:12:21,200.0,49.0,B
2021-07-01T14:12:16,2700.0,49.0,B
2021-07-01T14:12:00,800.0,49.0,S
2021-07-01T14:11:33,300.0,49.0,B
2021-07-01T14:11:30,100.0,49.0,B
2021-07-01T14:11:06,400.0,49.0,S
2021-07-01T14:11:03,100.0,49.0,B
2021-07-01T14:10:27,300.0,49.0,S
2021-07-01T14:10:08,300.0,48.95,S
2021-07-01T14:09:58,500.0,48.95,S
2021-07-01T14:09:55,200.0,48.95,S
2021-07-01T14:09:55,300.0,48.95,S
2021-07-01T14:09:49,100.0,49.0,B
2021-07-01T14:09:49,300.0,49.0,B
2021-07-01T14:09:41,700.0,49.0,S
2021-07-01T14:09:09,100.0,49.0,B
2021-07-01T14:09:09,500.0,49.0,B
2021-07-01T14:09:06,100.0,49.0,B
2021-07-01T14:08:55,500.0,49.0,B
2021-07-01T14:08:47,500.0,49.0,B
2021-07-01T14:08:07,100.0,49.0,B
2021-07-01T14:08:04,300.0,48.95,S
2021-07-01T14:07:54,500.0,48.95,S
2021-07-01T14:05:51,300.0,48.95,S
2021-07-01T14:05:40,500.0,48.95,S
2021-07-01T14:05:32,1800.0,48.95,B
2021-07-01T14:05:24,1000.0,48.95,B
2021-07-01T14:04:59,100.0,48.95,B
2021-07-01T14:04:42,1000.0,48.95,B
2021-07-01T14:04:16,1000.0,48.95,B
2021-07-01T14:04:12,200.0,48.95,B
2021-07-01T14:03:52,100.0,48.95,B
2021-07-01T14:03:30,1000.0,48.95,S
2021-07-01T14:03:30,4600.0,48.95,S
2021-07-01T14:03:14,300.0,49.0,B
2021-07-01T14:03:08,700.0,49.0,B
2021-07-01T14:03:07,300.0,49.0,B
2021-07-01T14:02:42,100.0,49.0,B
2021-07-01T14:02:12,400.0,49.0,B
2021-07-01T14:01:47,500.0,49.0,B
2021-07-01T14:01:38,900.0,49.0,S
2021-07-01T14:01:28,500.0,49.0,S
2021-07-01T14:01:22,300.0,49.0,S
2021-07-01T14:01:15,100.0,49.0,S
2021-07-01T14:01:12,700.0,49.0,S
2021-07-01T14:01:12,1600.0,49.0,S
2021-07-01T14:01:12,3800.0,49.0,S
2021-07-01T14:01:12,2000.0,49.0,S
2021-07-01T14:01:12,1200.0,49.0,S
2021-07-01T14:01:12,1700.0,49.0,S
2021-07-01T14:01:12,600.0,49.0,S
2021-07-01T14:01:12,300.0,49.0,S
2021-07-01T14:01:12,4500.0,49.0,S
2021-07-01T14:01:12,1100.0,49.0,S
2021-07-01T14:01:12,1700.0,49.0,S
2021-07-01T14:01:12,900.0,49.0,S
2021-07-01T14:01:12,4100.0,49.0,S
2021-07-01T14:01:12,2000.0,49.0,S
2021-07-01T14:01:12,3800.0,49.0,S
2021-07-01T14:01:07,400.0,49.0,S
2021-07-01T14:00:38,1400.0,49.0,S
2021-07-01T14:00:38,2000.0,49.0,S
2021-07-01T14:00:37,1000.0,49.0,S
2021-07-01T14:00:37,200.0,49.0,S
2021-07-01T14:00:37,700.0,49.0,S
2021-07-01T14:00:37,700.0,49.0,S
2021-07-01T14:00:37,6100.0,49.0,S
2021-07-01T14:00:31,1000.0,49.0,S
2021-07-01T14:00:07,2800.0,49.0,S
2021-07-01T13:59:50,1000.0,49.05,B
2021-07-01T13:59:48,1000.0,49.05,B
2021-07-01T13:59:09,700.0,49.05,S
2021-07-01T13:59:09,2500.0,49.05,S
2021-07-01T13:59:09,1600.0,49.05,S
2021-07-01T13:59:09,100.0,49.05,S
2021-07-01T13:59:08,1000.0,49.05,S
2021-07-01T13:58:01,200.0,49.1,B
2021-07-01T13:57:47,500.0,49.1,B
2021-07-01T13:57:44,100.0,49.1,B
2021-07-01T13:57:23,500.0,49.1,B
2021-07-01T13:57:06,100.0,49.1,B
2021-07-01T13:55:52,200.0,49.1,B
2021-07-01T13:55:24,300.0,49.1,B
2021-07-01T13:54:34,500.0,49.1,B
2021-07-01T13:54:15,100.0,49.1,S
2021-07-01T13:54:14,400.0,49.1,S
2021-07-01T13:54:08,100.0,49.15,B
2021-07-01T13:53:59,400.0,49.15,B
2021-07-01T13:53:59,1600.0,49.15,B
2021-07-01T13:53:36,2000.0,49.1,S
2021-07-01T13:53:23,3100.0,49.1,S
2021-07-01T13:53:23,900.0,49.1,S
2021-07-01T13:53:11,200.0,49.1,S
2021-07-01T13:53:11,100.0,49.1,S
2021-07-01T13:52:56,100.0,49.1,S
2021-07-01T13:52:56,300.0,49.1,S
2021-07-01T13:52:56,400.0,49.15,B
2021-07-01T13:52:55,100.0,49.15,B
2021-07-01T13:51:41,2000.0,49.1,S
2021-07-01T13:51:07,200.0,49.1,S
2021-07-01T13:50:44,400.0,49.1,S
2021-07-01T13:50:42,400.0,49.1,S
2021-07-01T13:49:40,1000.0,49.1,S
2021-07-01T13:49:24,300.0,49.1,S
2021-07-01T13:49:15,100.0,49.1,S
2021-07-01T13:49:07,300.0,49.1,S
2021-07-01T13:49:00,200.0,49.1,S
2021-07-01T13:48:41,200.0,49.1,S
2021-07-01T13:48:37,200.0,49.1,S
2021-07-01T13:47:02,300.0,49.1,S
2021-07-01T13:46:56,200.0,49.1,S
2021-07-01T13:46:54,5000.0,49.1,S
2021-07-01T13:46:47,200.0,49.1,S
2021-07-01T13:46:25,400.0,49.1,S
2021-07-01T13:45:56,2700.0,49.1,S
2021-07-01T13:45:56,100.0,49.1,S
2021-07-01T13:45:56,1400.0,49.1,S
2021-07-01T13:45:56,3400.0,49.1,S
2021-07-01T13:45:44,100.0,49.15,B
2021-07-01T13:45:03,200.0,49.1,S
2021-07-01T13:45:03,100.0,49.15,B
2021-07-01T13:44:03,100.0,49.15,B
2021-07-01T13:43:42,200.0,49.1,S
2021-07-01T13:43:31,800.0,49.1,S
2021-07-01T13:42:24,200.0,49.15,S
2021-07-01T13:41:50,200.0,49.2,B
2021-07-01T13:41:49,300.0,49.15,S
2021-07-01T13:41:10,900.0,49.2,B
2021-07-01T13:40:31,200.0,49.15,S
2021-07-01T13:40:15,200.0,49.2,B
2021-07-01T13:39:28,100.0,49.2,B
2021-07-01T13:39:20,100.0,49.15,S
2021-07-01T13:38:47,200.0,49.15,B
2021-07-01T13:38:25,500.0,49.15,B
2021-07-01T13:37:52,400.0,49.15,S
2021-07-01T13:37:52,400.0,49.15,S
2021-07-01T13:37:47,500.0,49.1,S
2021-07-01T13:37:41,500.0,49.1,S
2021-07-01T13:37:41,500.0,49.15,S
2021-07-01T13:37:33,100.0,49.2,B
2021-07-01T13:37:29,500.0,49.15,S
2021-07-01T13:36:59,200.0,49.15,B
2021-07-01T13:36:04,300.0,49.1,S
2021-07-01T13:35:59,800.0,49.1,B
2021-07-01T13:35:28,100.0,49.1,B
2021-07-01T13:35:23,400.0,49.05,S
2021-07-01T13:35:09,1100.0,49.1,S
2021-07-01T13:34:39,1000.0,49.15,B
2021-07-01T13:34:35,1500.0,49.1,S
2021-07-01T13:34:17,2000.0,49.1,S
2021-07-01T13:34:04,200.0,49.1,S
2021-07-01T13:33:53,400.0,49.05,S
2021-07-01T13:33:17,100.0,49.1,B
2021-07-01T13:32:56,1500.0,49.05,S
2021-07-01T13:32:43,500.0,49.05,S
2021-07-01T13:32:13,800.0,49.05,S
2021-07-01T13:32:03,500.0,49.05,S
2021-07-01T13:31:53,200.0,49.05,S
2021-07-01T13:31:28,700.0,49.05,B
2021-07-01T13:31:11,100.0,49.05,B
2021-07-01T13:31:02,200.0,49.05,B
2021-07-01T13:30:57,100.0,49.05,S
2021-07-01T13:30:49,100.0,49.05,S
2021-07-01T13:30:49,1200.0,49.05,S
2021-07-01T13:30:49,1000.0,49.05,S
2021-07-01T13:30:26,2100.0,49.1,B
2021-07-01T13:30:02,1000.0,49.1,B
2021-07-01T13:29:39,1000.0,49.1,S
2021-07-01T13:29:31,500.0,49.1,S
2021-07-01T13:29:27,100.0,49.1,B
2021-07-01T13:29:18,1400.0,49.1,B
2021-07-01T13:29:18,500.0,49.1,B
2021-07-01T13:29:00,2100.0,49.1,B
2021-07-01T13:28:59,400.0,49.05,S
2021-07-01T13:28:58,500.0,49.1,B
2021-07-01T13:28:53,100.0,49.1,B
2021-07-01T13:28:47,900.0,49.05,S
2021-07-01T13:28:03,1000.0,49.1,B
2021-07-01T13:27:42,100.0,49.1,S
2021-07-01T13:27:38,800.0,49.1,S
2021-07-01T13:27:37,300.0,49.1,S
2021-07-01T13:27:02,400.0,49.1,S
2021-07-01T13:27:01,1000.0,49.1,S
2021-07-01T13:26:29,1000.0,49.1,S
2021-07-01T13:26:29,900.0,49.1,S
2021-07-01T13:26:29,1000.0,49.1,S
2021-07-01T13:26:29,500.0,49.1,S
2021-07-01T13:26:27,1600.0,49.1,S
2021-07-01T13:26:21,400.0,49.15,S
2021-07-01T13:25:58,500.0,49.15,S
2021-07-01T13:25:55,2000.0,49.15,S
2021-07-01T13:25:26,200.0,49.15,S
2021-07-01T13:24:51,400.0,49.15,S
2021-07-01T13:24:49,500.0,49.15,S
2021-07-01T13:24:46,600.0,49.15,S
2021-07-01T13:24:43,1500.0,49.15,S
2021-07-01T13:24:16,500.0,49.15,S
2021-07-01T13:24:16,500.0,49.15,S
2021-07-01T13:23:33,300.0,49.15,S
2021-07-01T13:23:20,200.0,49.15,S
2021-07-01T13:23:18,300.0,49.15,S
2021-07-01T13:23:11,400.0,49.15,S
2021-07-01T13:23:04,300.0,49.2,B
2021-07-01T13:22:53,3000.0,49.2,B
2021-07-01T13:22:39,600.0,49.2,B
2021-07-01T13:22:16,1000.0,49.2,B
2021-07-01T13:22:14,6500.0,49.2,B
2021-07-01T13:21:59,900.0,49.2,B
2021-07-01T13:21:56,100.0,49.15,S
2021-07-01T13:21:36,100.0,49.2,B
2021-07-01T13:21:13,200.0,49.15,S
2021-07-01T13:21:09,300.0,49.15,S
2021-07-01T13:20:36,500.0,49.15,S
2021-07-01T13:19:53,300.0,49.15,S
2021-07-01T13:19:27,1000.0,49.15,S
2021-07-01T13:19:08,300.0,49.15,S
2021-07-01T13:18:26,500.0,49.15,S
2021-07-01T13:17:44,500.0,49.15,S
2021-07-01T13:17:30,400.0,49.15,S
2021-07-01T13:16:56,300.0,49.15,S
2021-07-01T13:16:43,1500.0,49.15,B
2021-07-01T13:16:43,300.0,49.15,B
2021-07-01T13:16:22,1000.0,49.15,B
2021-07-01T13:15:39,200.0,49.15,B
2021-07-01T13:15:32,300.0,49.1,S
2021-07-01T13:15:09,100.0,49.15,B
2021-07-01T13:15:09,1100.0,49.15,B
2021-07-01T13:15:03,4000.0,49.1,S
2021-07-01T13:13:53,100.0,49.15,S
2021-07-01T13:13:44,800.0,49.1,S
2021-07-01T13:13:44,1400.0,49.1,S
2021-07-01T13:13:44,1100.0,49.1,S
2021-07-01T13:13:43,1700.0,49.1,S
2021-07-01T13:13:02,1000.0,49.15,S
2021-07-01T13:12:42,200.0,49.1,S
2021-07-01T13:12:38,1000.0,49.1,S
2021-07-01T13:12:29,500.0,49.1,S
2021-07-01T13:12:15,1000.0,49.1,S
2021-07-01T13:12:02,400.0,49.1,S
2021-07-01T13:11:11,5500.0,49.1,S
2021-07-01T13:10:37,500.0,49.15,S
2021-07-01T13:10:35,200.0,49.15,S
2021-07-01T13:10:34,200.0,49.2,B
2021-07-01T13:10:25,100.0,49.15,S
2021-07-01T13:10:21,800.0,49.15,S
2021-07-01T13:09:49,400.0,49.15,S
2021-07-01T13:08:51,200.0,49.1,S
2021-07-01T13:08:51,100.0,49.1,S
2021-07-01T13:08:51,700.0,49.1,S
2021-07-01T13:08:27,200.0,49.1,S
2021-07-01T13:08:23,300.0,49.1,S
2021-07-01T13:07:39,500.0,49.1,S
2021-07-01T13:07:33,4600.0,49.1,S
2021-07-01T13:07:05,500.0,49.2,B
2021-07-01T13:06:39,200.0,49.2,B
2021-07-01T13:04:28,5000.0,49.2,B
2021-07-01T13:03:52,3000.0,49.2,B
2021-07-01T13:03:21,400.0,49.1,S
2021-07-01T13:03:10,100.0,49.1,S
2021-07-01T13:02:27,400.0,49.15,B
2021-07-01T13:02:27,600.0,49.15,B
2021-07-01T13:02:21,100.0,49.15,B
2021-07-01T13:00:35,200.0,49.15,S
2021-07-01T13:00:30,100.0,49.15,S
2021-07-01T13:00:23,100.0,49.15,S
2021-07-01T13:00:19,200.0,49.15,S
2021-07-01T13:00:15,100.0,49.15,S
2021-07-01T13:00:15,100.0,49.15,S
2021-07-01T13:00:13,100.0,49.15,S
2021-07-01T13:00:13,1300.0,49.15,S
2021-07-01T11:29:55,400.0,49.15,S
2021-07-01T11:29:53,500.0,49.15,S
2021-07-01T11:29:50,300.0,49.15,S
2021-07-01T11:29:30,800.0,49.15,S
2021-07-01T11:29:05,1000.0,49.2,B
2021-07-01T11:28:40,4600.0,49.2,S
2021-07-01T11:27:47,2000.0,49.2,S
2021-07-01T11:27:43,300.0,49.2,S
2021-07-01T11:26:59,1000.0,49.2,S
2021-07-01T11:26:33,900.0,49.25,B
2021-07-01T11:26:31,300.0,49.25,B
2021-07-01T11:26:27,2000.0,49.2,S
2021-07-01T11:25:36,200.0,49.25,S
2021-07-01T11:25:35,100.0,49.25,S
2021-07-01T11:25:35,100.0,49.25,S
2021-07-01T11:25:19,300.0,49.25,S
2021-07-01T11:25:17,1000.0,49.3,B
2021-07-01T11:25:06,100.0,49.3,B
2021-07-01T11:24:40,200.0,49.3,B
2021-07-01T11:24:40,1000.0,49.3,B
2021-07-01T11:23:37,200.0,49.3,B
2021-07-01T11:23:29,100.0,49.3,B
2021-07-01T11:22:19,500.0,49.3,B
2021-07-01T11:21:52,500.0,49.3,B
2021-07-01T11:21:45,400.0,49.25,S
2021-07-01T11:21:42,300.0,49.3,B
2021-07-01T11:21:25,200.0,49.25,S
2021-07-01T11:21:18,1000.0,49.25,S
2021-07-01T11:20:45,500.0,49.25,S
2021-07-01T11:20:44,1000.0,49.3,B
2021-07-01T11:20:28,500.0,49.25,S
2021-07-01T11:19:38,500.0,49.2,S
2021-07-01T11:19:16,300.0,49.2,S
2021-07-01T11:19:01,100.0,49.2,S
2021-07-01T11:18:59,100.0,49.2,B
2021-07-01T11:18:50,400.0,49.2,B
2021-07-01T11:18:48,500.0,49.2,B
2021-07-01T11:18:42,2500.0,49.15,S
2021-07-01T11:18:06,200.0,49.2,S
2021-07-01T11:18:06,300.0,49.3,B
2021-07-01T11:17:43,300.0,49.3,B
2021-07-01T11:17:31,100.0,49.3,B
2021-07-01T11:17:26,300.0,49.3,B
2021-07-01T11:17:17,5000.0,49.3,B
2021-07-01T11:17:09,300.0,49.2,B
2021-07-01T11:17:07,1400.0,49.2,B
2021-07-01T11:17:04,500.0,49.2,B
2021-07-01T11:16:54,1400.0,49.15,S
2021-07-01T11:16:51,1600.0,49.15,S
2021-07-01T11:16:48,700.0,49.15,S
2021-07-01T11:16:11,400.0,49.15,S
2021-07-01T11:15:02,400.0,49.15,S
2021-07-01T11:15:02,300.0,49.15,S
2021-07-01T11:15:01,1000.0,49.15,S
2021-07-01T11:14:55,1000.0,49.15,B
2021-07-01T11:14:43,100.0,49.1,S
2021-07-01T11:14:23,500.0,49.1,S
2021-07-01T11:14:00,500.0,49.1,S
2021-07-01T11:13:31,1200.0,49.1,B
2021-07-01T11:13:31,700.0,49.1,B
2021-07-01T11:13:00,500.0,49.0,S
2021-07-01T11:12:54,200.0,49.0,S
2021-07-01T11:12:53,1000.0,49.0,S
2021-07-01T11:11:56,600.0,49.0,B
2021-07-01T11:11:53,500.0,49.0,B
2021-07-01T11:11:52,3300.0,49.0,B
2021-07-01T11:11:33,100.0,48.95,B
2021-07-01T11:11:08,100.0,48.95,S
2021-07-01T11:11:08,14200.0,48.95,S
2021-07-01T11:10:30,5000.0,49.0,B
2021-07-01T11:09:41,500.0,48.95,S
2021-07-01T11:08:39,200.0,48.95,S
2021-07-01T11:08:31,1000.0,48.95,S
2021-07-01T11:07:59,1000.0,48.95,B
2021-07-01T11:07:59,3800.0,48.95,B
2021-07-01T11:07:52,500.0,48.95,B
2021-07-01T11:07:52,200.0,48.95,B
2021-07-01T11:06:41,1000.0,48.95,B
2021-07-01T11:06:32,500.0,48.95,B
2021-07-01T11:06:32,1100.0,48.95,B
2021-07-01T11:06:32,500.0,48.95,B
2021-07-01T11:06:32,1900.0,48.95,B
2021-07-01T11:06:30,300.0,48.9,S
2021-07-01T11:06:15,500.0,48.9,S
2021-07-01T11:06:11,1000.0,48.95,B
2021-07-01T11:06:00,200.0,48.9,S
2021-07-01T11:05:41,100.0,48.9,S
2021-07-01T11:05:23,400.0,48.9,S
2021-07-01T11:05:18,1000.0,48.9,S
2021-07-01T11:05:00,800.0,48.9,S
2021-07-01T11:05:00,1200.0,48.9,S
2021-07-01T11:04:23,300.0,48.9,S
2021-07-01T11:04:15,600.0,48.9,S
2021-07-01T11:03:56,500.0,48.9,S
2021-07-01T11:03:30,900.0,48.9,S
2021-07-01T11:02:43,200.0,48.95,B
2021-07-01T11:02:30,100.0,48.95,B
2021-07-01T11:02:06,300.0,48.95,B
2021-07-01T11:01:43,200.0,48.9,B
2021-07-01T11:01:37,100.0,48.85,S
2021-07-01T11:01:20,500.0,48.85,S
2021-07-01T11:01:09,500.0,48.85,S
2021-07-01T11:00:59,2100.0,48.85,S
2021-07-01T11:00:17,200.0,48.85,S
2021-07-01T11:00:07,300.0,48.85,S
2021-07-01T11:00:02,100.0,48.85,S
2021-07-01T10:59:44,400.0,48.85,S
2021-07-01T10:59:29,500.0,48.85,S
2021-07-01T10:59:06,800.0,48.85,S
2021-07-01T10:59:00,500.0,48.85,S
2021-07-01T10:58:17,2100.0,48.85,S
2021-07-01T10:58:11,500.0,48.85,S
2021-07-01T10:58:03,200.0,48.85,S
2021-07-01T10:57:41,1100.0,48.85,S
2021-07-01T10:57:06,5000.0,48.85,S
2021-07-01T10:56:48,100.0,48.85,S
2021-07-01T10:56:48,400.0,48.85,S
2021-07-01T10:56:43,100.0,48.9,B
2021-07-01T10:55:50,300.0,48.85,S
2021-07-01T10:54:39,400.0,48.85,S
2021-07-01T10:54:01,200.0,48.85,S
2021-07-01T10:53:45,1000.0,48.85,S
2021-07-01T10:53:45,300.0,48.85,S
2021-07-01T10:53:17,800.0,48.85,S
2021-07-01T10:52:33,200.0,48.85,B
2021-07-01T10:52:28,300.0,48.85,B
2021-07-01T10:52:27,500.0,48.8,S
2021-07-01T10:52:15,1000.0,48.8,S
2021-07-01T10:51:33,200.0,48.8,S
2021-07-01T10:50:59,3500.0,48.8,S
2021-07-01T10:50:21,500.0,48.8,S
2021-07-01T10:50:20,800.0,48.85,B
2021-07-01T10:50:13,100.0,48.8,S
2021-07-01T10:49:27,300.0,48.8,S
2021-07-01T10:49:27,200.0,48.85,B
2021-07-01T10:49:27,300.0,48.85,B
2021-07-01T10:49:14,1000.0,48.8,S
2021-07-01T10:49:14,3500.0,48.8,S
2021-07-01T10:49:14,400.0,48.8,S
2021-07-01T10:49:14,300.0,48.8,S
2021-07-01T10:49:14,3200.0,48.8,S
2021-07-01T10:48:49,500.0,48.8,S
2021-07-01T10:48:29,100.0,48.8,S
2021-07-01T10:48:16,1900.0,48.8,S
2021-07-01T10:48:11,100.0,48.8,S
2021-07-01T10:48:11,400.0,48.8,S
2021-07-01T10:47:54,100.0,48.8,S
2021-07-01T10:47:34,1000.0,48.8,S
2021-07-01T10:47:21,200.0,48.8,S
2021-07-01T10:47:14,100.0,48.8,S
2021-07-01T10:47:10,200.0,48.8,S
2021-07-01T10:46:03,500.0,48.8,S
2021-07-01T10:45:50,100.0,48.8,S
2021-07-01T10:45:25,1000.0,48.8,S
2021-07-01T10:45:12,300.0,48.8,S
2021-07-01T10:45:10,400.0,48.8,S
2021-07-01T10:44:51,500.0,48.8,S
2021-07-01T10:44:51,100.0,48.8,S
2021-07-01T10:44:01,600.0,48.8,S
2021-07-01T10:44:01,1900.0,48.8,S
2021-07-01T10:44:01,1000.0,48.8,S
2021-07-01T10:44:00,1300.0,48.8,S
2021-07-01T10:44:00,1000.0,48.8,S
2021-07-01T10:44:00,4200.0,48.8,S
2021-07-01T10:42:59,500.0,48.85,B
2021-07-01T10:42:53,100.0,48.85,B
2021-07-01T10:42:07,100.0,48.85,B
2021-07-01T10:42:02,300.0,48.85,B
2021-07-01T10:41:45,500.0,48.85,S
2021-07-01T10:41:45,100.0,48.85,S
2021-07-01T10:41:43,300.0,48.9,S
2021-07-01T10:41:41,100.0,48.9,S
2021-07-01T10:41:35,100.0,48.9,S
2021-07-01T10:41:09,1200.0,48.85,S
2021-07-01T10:40:57,200.0,48.85,S
2021-07-01T10:40:22,500.0,48.85,S
2021-07-01T10:39:31,100.0,48.95,B
2021-07-01T10:38:54,4600.0,48.95,B
2021-07-01T10:38:17,700.0,48.9,S
2021-07-01T10:38:00,100.0,48.95,B
2021-07-01T10:37:29,3000.0,48.95,B
2021-07-01T10:37:26,500.0,48.85,S
2021-07-01T10:37:01,500.0,48.85,S
2021-07-01T10:36:44,500.0,48.9,B
2021-07-01T10:36:40,300.0,48.9,B
2021-07-01T10:36:35,1000.0,48.9,S
2021-07-01T10:36:35,1100.0,48.9,S
2021-07-01T10:36:35,700.0,48.9,S
2021-07-01T10:36:35,2900.0,48.9,S
2021-07-01T10:36:35,1600.0,48.9,S
2021-07-01T10:36:17,500.0,48.9,S
2021-07-01T10:36:05,500.0,48.95,B
2021-07-01T10:36:02,200.0,48.9,S
2021-07-01T10:35:13,700.0,48.9,S
2021-07-01T10:35:10,400.0,48.9,S
2021-07-01T10:35:09,3800.0,48.95,B
2021-07-01T10:34:33,500.0,48.9,S
2021-07-01T10:34:25,200.0,48.95,B
2021-07-01T10:34:21,500.0,48.95,B
2021-07-01T10:33:47,1000.0,48.95,B
2021-07-01T10:33:05,500.0,48.9,S
2021-07-01T10:32:26,300.0,48.9,S
2021-07-01T10:32:23,100.0,49.0,S
2021-07-01T10:32:07,4000.0,48.9,S
2021-07-01T10:31:28,100.0,49.0,B
2021-07-01T10:31:27,300.0,49.0,B
2021-07-01T10:31:19,500.0,49.0,B
2021-07-01T10:30:32,100.0,49.0,B
2021-07-01T10:30:00,100.0,49.0,B
2021-07-01T10:29:33,100.0,49.0,B
2021-07-01T10:29:07,100.0,49.0,S
2021-07-01T10:28:51,200.0,49.0,S
2021-07-01T10:28:42,1200.0,48.95,S
2021-07-01T10:28:21,700.0,49.1,B
2021-07-01T10:28:20,300.0,49.0,B
2021-07-01T10:28:10,500.0,49.0,B
2021-07-01T10:28:10,900.0,49.0,B
2021-07-01T10:27:52,300.0,49.0,B
2021-07-01T10:27:52,1200.0,49.0,B
2021-07-01T10:27:51,1500.0,49.0,B
2021-07-01T10:27:23,100.0,49.0,B
2021-07-01T10:27:05,2000.0,49.0,B
2021-07-01T10:26:35,1300.0,49.0,B
2021-07-01T10:26:26,300.0,49.0,B
2021-07-01T10:26:03,300.0,48.95,S
2021-07-01T10:26:03,300.0,49.0,B
2021-07-01T10:25:28,1000.0,48.95,S
2021-07-01T10:24:38,1100.0,48.95,B
2021-07-01T10:24:12,400.0,48.95,B
2021-07-01T10:23:56,200.0,48.9,B
2021-07-01T10:23:54,1100.0,48.9,B
2021-07-01T10:23:33,100.0,48.9,B
2021-07-01T10:23:33,900.0,48.9,B
2021-07-01T10:22:20,500.0,48.85,S
2021-07-01T10:22:15,1000.0,48.85,B
2021-07-01T10:21:57,100.0,48.9,B
2021-07-01T10:21:48,300.0,48.85,B
2021-07-01T10:21:47,2000.0,49.0,B
2021-07-01T10:21:36,600.0,48.85,B
2021-07-01T10:21:36,1000.0,48.85,B
2021-07-01T10:21:35,100.0,48.85,B
2021-07-01T10:21:20,1000.0,48.85,B
2021-07-01T10:20:32,1000.0,48.8,B
2021-07-01T10:20:18,400.0,48.8,B
2021-07-01T10:20:10,200.0,48.8,B
2021-07-01T10:19:36,1000.0,48.8,B
2021-07-01T10:19:15,1000.0,48.85,B
2021-07-01T10:19:10,200.0,48.8,B
2021-07-01T10:19:07,200.0,48.8,S
2021-07-01T10:18:57,200.0,48.8,S
2021-07-01T10:18:56,1400.0,48.8,S
2021-07-01T10:18:36,200.0,48.85,B
2021-07-01T10:18:17,700.0,48.8,S
2021-07-01T10:18:16,300.0,48.85,B
2021-07-01T10:18:09,3000.0,48.8,S
2021-07-01T10:17:47,100.0,48.85,B
2021-07-01T10:17:47,7900.0,48.85,B
2021-07-01T10:17:36,300.0,48.85,B
2021-07-01T10:17:30,2000.0,49.0,B
2021-07-01T10:12:22,100.0,48.8,S
2021-07-01T10:12:22,1400.0,48.8,S
2021-07-01T10:12:07,200.0,48.8,S
2021-07-01T10:12:01,1000.0,48.85,S
2021-07-01T10:11:47,100.0,48.85,S
2021-07-01T10:11:24,100.0,48.9,S
2021-07-01T10:11:11,300.0,48.85,S
2021-07-01T10:11:02,200.0,48.9,S
2021-07-01T10:10:40,300.0,48.85,S
2021-07-01T10:10:30,500.0,48.9,S
2021-07-01T10:10:12,100.0,48.9,S
2021-07-01T10:10:03,200.0,49.0,S
2021-07-01T10:10:00,100.0,49.0,S
2021-07-01T10:09:52,2000.0,48.9,S
2021-07-01T10:09:52,600.0,49.0,S
2021-07-01T10:09:46,500.0,48.95,S
2021-07-01T10:09:41,1000.0,49.0,S
2021-07-01T10:09:16,100.0,49.0,S
2021-07-01T10:09:13,1000.0,49.0,S
2021-07-01T10:09:02,200.0,49.0,S
2021-07-01T10:08:59,100.0,49.0,S
2021-07-01T10:08:55,700.0,49.0,S
2021-07-01T10:08:55,2500.0,49.0,S
2021-07-01T10:08:55,2600.0,49.0,S
2021-07-01T10:08:55,1300.0,49.0,S
2021-07-01T10:08:55,2000.0,49.0,S
2021-07-01T10:08:55,6600.0,49.0,S
2021-07-01T10:08:37,200.0,49.0,S
2021-07-01T10:07:47,2000.0,49.0,S
2021-07-01T10:07:42,1000.0,49.0,S
2021-07-01T10:07:18,100.0,49.0,S
2021-07-01T10:07:18,300.0,49.0,S
2021-07-01T10:07:13,100.0,49.0,S
2021-07-01T10:07:05,100.0,49.0,S
2021-07-01T10:06:53,300.0,49.0,S
2021-07-01T10:06:51,300.0,49.0,S
2021-07-01T10:06:30,2000.0,49.0,S
2021-07-01T10:05:54,1700.0,49.0,S
2021-07-01T10:05:47,200.0,49.0,S
2021-07-01T10:05:39,10000.0,49.0,S
2021-07-01T10:05:32,400.0,49.0,S
2021-07-01T10:05:16,300.0,49.0,S
2021-07-01T10:05:15,200.0,49.0,S
2021-07-01T10:05:13,100.0,49.0,S
2021-07-01T10:05:13,1700.0,49.0,S
2021-07-01T10:05:13,800.0,49.0,S
2021-07-01T10:05:12,500.0,49.0,S
2021-07-01T10:05:12,400.0,49.0,S
2021-07-01T10:04:48,200.0,49.0,S
2021-07-01T10:04:44,300.0,49.0,S
2021-07-01T10:04:40,3500.0,49.0,S
2021-07-01T10:04:40,4500.0,49.0,S
2021-07-01T10:04:09,700.0,49.0,S
2021-07-01T10:04:05,2000.0,49.0,S
2021-07-01T10:03:39,100.0,49.0,S
2021-07-01T10:03:39,1900.0,49.0,S
2021-07-01T10:03:33,4700.0,49.0,S
2021-07-01T10:03:28,500.0,49.1,B
2021-07-01T10:02:58,500.0,49.05,S
2021-07-01T10:02:51,1800.0,49.0,S
2021-07-01T10:02:51,3200.0,49.0,S
2021-07-01T10:02:39,200.0,49.1,B
2021-07-01T10:02:05,500.0,49.1,B
2021-07-01T10:02:02,1500.0,49.05,S
2021-07-01T10:02:01,2100.0,49.05,S
2021-07-01T10:01:08,3000.0,49.1,S
2021-07-01T10:00:37,1500.0,49.1,S
2021-07-01T10:00:36,1700.0,49.1,S
2021-07-01T10:00:36,200.0,49.1,S
2021-07-01T10:00:29,300.0,49.1,S
2021-07-01T10:00:16,300.0,49.1,S
2021-07-01T09:59:56,300.0,49.1,S
2021-07-01T09:59:46,500.0,49.1,S
2021-07-01T09:58:59,400.0,49.1,S
2021-07-01T09:58:59,600.0,49.1,S
2021-07-01T09:58:47,200.0,49.15,S
2021-07-01T09:58:45,500.0,49.1,S
2021-07-01T09:58:42,500.0,49.1,S
2021-07-01T09:58:18,1000.0,49.1,S
2021-07-01T09:58:07,300.0,49.15,S
2021-07-01T09:57:57,1000.0,49.15,S
2021-07-01T09:57:53,900.0,49.15,S
2021-07-01T09:56:52,1000.0,49.15,S
2021-07-01T09:56:32,400.0,49.15,S
2021-07-01T09:56:17,300.0,49.15,S
2021-07-01T09:55:38,900.0,49.15,B
2021-07-01T09:55:25,300.0,49.15,B
2021-07-01T09:54:59,500.0,49.15,B
2021-07-01T09:54:58,300.0,49.15,B
2021-07-01T09:54:58,800.0,49.1,S
2021-07-01T09:53:44,500.0,49.15,S
2021-07-01T09:53:37,1000.0,49.2,B
2021-07-01T09:53:12,1000.0,49.2,B
2021-07-01T09:52:41,100.0,49.2,B
2021-07-01T09:52:37,900.0,49.1,S
2021-07-01T09:52:05,200.0,49.2,B
2021-07-01T09:51:33,200.0,49.2,B
2021-07-01T09:49:47,500.0,49.2,B
2021-07-01T09:49:20,800.0,49.2,S
2021-07-01T09:49:19,2000.0,49.2,S
2021-07-01T09:49:17,8100.0,49.2,S
2021-07-01T09:48:32,1000.0,49.2,S
2021-07-01T09:48:17,400.0,49.2,S
2021-07-01T09:48:12,100.0,49.2,B
2021-07-01T09:48:09,300.0,49.25,B
2021-07-01T09:48:06,2000.0,49.2,B
2021-07-01T09:47:58,500.0,49.2,B
2021-07-01T09:47:57,1300.0,49.2,B
2021-07-01T09:47:56,2700.0,49.2,B
2021-07-01T09:47:43,300.0,49.1,S
2021-07-01T09:47:22,1000.0,49.1,S
2021-07-01T09:47:15,100.0,49.2,S
2021-07-01T09:46:55,100.0,49.2,S
2021-07-01T09:46:50,1000.0,49.2,S
2021-07-01T09:46:06,500.0,49.2,S
2021-07-01T09:45:35,100.0,49.25,S
2021-07-01T09:45:20,100.0,49.25,S
2021-07-01T09:45:12,700.0,49.25,S
2021-07-01T09:44:29,400.0,49.25,S
2021-07-01T09:44:19,1000.0,49.25,S
2021-07-01T09:44:04,300.0,49.25,S
2021-07-01T09:43:38,300.0,49.25,S
2021-07-01T09:43:38,200.0,49.25,S
2021-07-01T09:43:32,300.0,49.25,S
2021-07-01T09:43:27,200.0,49.25,S
2021-07-01T09:42:16,300.0,49.25,B
2021-07-01T09:42:14,2000.0,49.25,B
2021-07-01T09:42:10,400.0,49.1,S
2021-07-01T09:42:10,6600.0,49.1,S
2021-07-01T09:41:28,500.0,49.1,S
2021-07-01T09:41:20,200.0,49.1,S
2021-07-01T09:41:11,200.0,49.1,S
2021-07-01T09:40:09,2000.0,49.1,S
2021-07-01T09:39:47,100.0,49.25,B
2021-07-01T09:39:37,500.0,49.2,S
2021-07-01T09:39:13,300.0,49.2,S
2021-07-01T09:39:05,100.0,49.25,S
2021-07-01T09:38:50,300.0,49.2,S
2021-07-01T09:38:46,3600.0,49.2,S
2021-07-01T09:38:46,3400.0,49.2,S
2021-07-01T09:38:46,1000.0,49.2,S
2021-07-01T09:38:46,3000.0,49.2,S
2021-07-01T09:38:46,2600.0,49.2,S
2021-07-01T09:38:37,100.0,49.25,S
2021-07-01T09:38:07,400.0,49.25,B
2021-07-01T09:37:59,100.0,49.25,B
2021-07-01T09:37:52,500.0,49.25,B
2021-07-01T09:37:22,1300.0,49.3,B
2021-07-01T09:37:17,100.0,49.25,B
2021-07-01T09:37:05,1000.0,49.2,S
2021-07-01T09:36:34,1000.0,49.25,S
2021-07-01T09:36:33,100.0,49.3,B
2021-07-01T09:36:10,2000.0,49.3,B
2021-07-01T09:35:26,100.0,49.3,B
2021-07-01T09:35:23,100.0,49.3,B
2021-07-01T09:35:07,1000.0,49.3,B
2021-07-01T09:35:04,500.0,49.3,B
2021-07-01T09:34:27,500.0,49.3,B
2021-07-01T09:34:26,100.0,49.3,B
2021-07-01T09:33:40,200.0,49.3,B
2021-07-01T09:33:08,300.0,49.3,B
2021-07-01T09:32:51,200.0,49.2,S
2021-07-01T09:32:51,300.0,49.2,S
2021-07-01T09:32:51,100.0,49.2,S
2021-07-01T09:32:47,300.0,49.2,S
2021-07-01T09:32:00,300.0,49.2,S
2021-07-01T09:32:00,3100.0,49.2,S
2021-07-01T09:30:44,1000.0,49.3,S
2021-07-01T09:30:33,500.0,49.3,S
2021-07-01T09:30:22,200.0,49.4,B
2021-07-01T09:30:12,900.0,49.25,S
2021-07-01T09:30:12,1100.0,49.25,S
2021-07-01T09:30:11,2000.0,49.3,S
2021-07-01T09:29:57,500.0,49.4,B
2021-07-01T09:28:58,500.0,49.4,B
2021-07-01T09:27:44,2700.0,49.4,S
2021-07-01T09:26:59,2400.0,49.4,S
2021-07-01T09:26:59,1400.0,49.4,S
2021-07-01T09:26:25,200.0,49.4,S
2021-07-01T09:26:16,100.0,49.4,S
2021-07-01T09:26:04,800.0,49.4,S
2021-07-01T09:26:01,1800.0,49.4,S
2021-07-01T09:26:01,600.0,49.4,S
2021-07-01T09:26:01,2600.0,49.4,S
2021-07-01T09:26:01,700.0,49.4,S
2021-07-01T09:26:00,300.0,49.4,S
2021-07-01T09:26:00,400.0,49.4,S
2021-07-01T09:25:40,5000.0,49.4,S
2021-07-01T09:25:28,2400.0,49.4,S
2021-07-01T09:25:21,800.0,49.4,S
2021-07-01T09:25:06,500.0,49.4,S
2021-07-01T09:24:17,500.0,49.4,S
2021-07-01T09:24:00,2000.0,49.4,S
2021-07-01T09:23:57,300.0,49.4,S
2021-07-01T09:23:57,500.0,49.4,S
2021-07-01T09:22:41,1000.0,49.4,S
2021-07-01T09:22:37,700.0,49.5,B
2021-07-01T09:22:32,100.0,49.4,S
2021-07-01T09:22:06,500.0,49.4,S
2021-07-01T09:21:25,200.0,49.4,S
2021-07-01T09:20:27,1000.0,49.4,S
2021-07-01T09:19:49,500.0,49.4,S
2021-07-01T09:19:43,600.0,50.0,B
2021-07-01T09:19:43,800.0,50.0,B
2021-07-01T09:19:43,4600.0,50.0,B
2021-07-01T09:19:23,1000.0,49.4,S
2021-07-01T09:19:11,2100.0,49.4,B
2021-07-01T09:17:48,400.0,49.2,S
2021-07-01T09:17:34,600.0,49.2,S
