tradingTime,volume,price,side
2021-07-01T14:30:16,200.0,8.15,B
2021-07-01T14:29:47,8300.0,8.14,S
2021-07-01T14:28:59,2100.0,8.14,S
2021-07-01T14:28:25,100.0,8.15,B
2021-07-01T14:27:33,100.0,8.15,B
2021-07-01T14:26:42,100.0,8.14,S
2021-07-01T14:26:21,5000.0,8.14,S
2021-07-01T14:26:15,5000.0,8.15,B
2021-07-01T14:26:06,2900.0,8.14,B
2021-07-01T14:25:49,5000.0,8.14,B
2021-07-01T14:25:43,1500.0,8.14,S
2021-07-01T14:25:35,20000.0,8.14,S
2021-07-01T14:25:29,8500.0,8.14,B
2021-07-01T14:25:20,11500.0,8.14,S
2021-07-01T14:24:52,10000.0,8.14,S
2021-07-01T14:24:32,1000.0,8.14,S
2021-07-01T14:24:18,1100.0,8.14,S
2021-07-01T14:23:53,1100.0,8.14,B
2021-07-01T14:23:29,11900.0,8.14,B
2021-07-01T14:23:10,2500.0,8.14,S
2021-07-01T14:22:09,3800.0,8.14,B
2021-07-01T14:22:09,2800.0,8.14,B
2021-07-01T14:21:31,4200.0,8.14,S
2021-07-01T14:21:23,5000.0,8.14,S
2021-07-01T14:20:37,400.0,8.14,S
2021-07-01T14:20:37,800.0,8.14,S
2021-07-01T14:20:04,500.0,8.15,B
2021-07-01T14:19:48,100.0,8.15,B
2021-07-01T14:19:41,1400.0,8.15,B
2021-07-01T14:18:23,5000.0,8.15,B
2021-07-01T14:18:07,200.0,8.15,S
2021-07-01T14:18:07,17200.0,8.15,S
2021-07-01T14:18:07,1400.0,8.15,S
2021-07-01T14:18:06,8600.0,8.15,S
2021-07-01T14:17:25,2000.0,8.15,S
2021-07-01T14:16:20,2000.0,8.15,S
2021-07-01T14:16:11,1000.0,8.16,B
2021-07-01T14:13:32,400.0,8.15,S
2021-07-01T14:13:19,300.0,8.16,B
2021-07-01T14:12:31,400.0,8.16,B
2021-07-01T14:11:33,1000.0,8.15,S
2021-07-01T14:10:45,100.0,8.15,B
2021-07-01T14:10:44,6200.0,8.15,B
2021-07-01T14:10:44,4000.0,8.15,B
2021-07-01T14:10:36,4500.0,8.15,B
2021-07-01T14:10:11,700.0,8.15,B
2021-07-01T14:09:00,4600.0,8.15,S
2021-07-01T14:08:01,5500.0,8.15,B
2021-07-01T14:08:01,500.0,8.15,B
2021-07-01T14:07:51,100.0,8.15,B
2021-07-01T14:07:03,500.0,8.15,B
2021-07-01T14:06:46,500.0,8.15,B
2021-07-01T14:06:42,800.0,8.15,B
2021-07-01T14:05:48,100.0,8.14,S
2021-07-01T14:03:43,500.0,8.15,B
2021-07-01T14:02:58,2500.0,8.15,B
2021-07-01T14:02:42,2000.0,8.15,B
2021-07-01T14:00:43,4900.0,8.14,B
2021-07-01T14:00:05,100.0,8.14,B
2021-07-01T13:59:59,2000.0,8.13,S
2021-07-01T13:59:59,500.0,8.14,B
2021-07-01T13:59:05,500.0,8.14,B
2021-07-01T13:59:04,500.0,8.13,S
2021-07-01T13:59:01,10000.0,8.14,B
2021-07-01T13:57:47,1000.0,8.14,S
2021-07-01T13:56:59,2000.0,8.14,S
2021-07-01T13:56:08,900.0,8.15,B
2021-07-01T13:55:40,3500.0,8.14,S
2021-07-01T13:55:34,10000.0,8.15,S
2021-07-01T13:55:34,1000.0,8.17,B
2021-07-01T13:55:31,10000.0,8.15,S
2021-07-01T13:53:25,5000.0,8.15,S
2021-07-01T13:52:51,4000.0,8.15,S
2021-07-01T13:51:27,6000.0,8.15,S
2021-07-01T13:50:46,1000.0,8.17,B
2021-07-01T13:50:35,1000.0,8.15,S
2021-07-01T13:50:35,500.0,8.15,S
2021-07-01T13:50:35,6000.0,8.15,S
2021-07-01T13:50:35,2500.0,8.15,S
2021-07-01T13:50:35,1500.0,8.17,B
2021-07-01T13:48:53,1000.0,8.17,B
2021-07-01T13:48:32,100.0,8.15,S
2021-07-01T13:48:19,10000.0,8.15,S
2021-07-01T13:47:47,100.0,8.17,B
2021-07-01T13:47:10,2000.0,8.17,B
2021-07-01T13:46:58,5000.0,8.16,S
2021-07-01T13:46:39,8600.0,8.16,S
2021-07-01T13:46:39,1400.0,8.16,S
2021-07-01T13:46:38,5000.0,8.17,B
2021-07-01T13:46:04,3400.0,8.17,S
2021-07-01T13:44:30,200.0,8.17,B
2021-07-01T13:44:08,300.0,8.17,B
2021-07-01T13:43:37,7500.0,8.17,S
2021-07-01T13:41:56,2000.0,8.17,S
2021-07-01T13:41:43,100.0,8.18,B
2021-07-01T13:41:31,100.0,8.18,B
2021-07-01T13:41:23,8000.0,8.17,S
2021-07-01T13:41:23,22000.0,8.17,S
2021-07-01T13:41:18,5000.0,8.17,S
2021-07-01T13:41:15,200.0,8.18,B
2021-07-01T13:40:39,800.0,8.18,B
2021-07-01T13:40:26,800.0,8.18,S
2021-07-01T13:39:34,20000.0,8.2,B
2021-07-01T13:39:18,1900.0,8.19,S
2021-07-01T13:38:22,300.0,8.19,S
2021-07-01T13:37:33,1000.0,8.2,B
2021-07-01T13:36:38,6500.0,8.2,B
2021-07-01T13:35:44,30000.0,8.2,B
2021-07-01T13:35:11,10000.0,8.19,S
2021-07-01T13:33:39,400.0,8.19,B
2021-07-01T13:33:17,100.0,8.19,S
2021-07-01T13:32:56,1400.0,8.19,B
2021-07-01T13:32:07,10000.0,8.19,B
2021-07-01T13:29:56,1600.0,8.19,B
2021-07-01T13:29:30,500.0,8.19,B
2021-07-01T13:29:26,3000.0,8.17,S
2021-07-01T13:28:49,1000.0,8.17,S
2021-07-01T13:28:39,900.0,8.19,B
2021-07-01T13:27:58,500.0,8.17,S
2021-07-01T13:27:58,1500.0,8.17,S
2021-07-01T13:27:57,1700.0,8.17,S
2021-07-01T13:27:54,1000.0,8.17,S
2021-07-01T13:26:59,100.0,8.17,S
2021-07-01T13:26:54,100.0,8.19,B
2021-07-01T13:24:31,900.0,8.2,B
2021-07-01T13:24:22,100.0,8.2,B
2021-07-01T13:24:03,1000.0,8.2,S
2021-07-01T13:23:42,20000.0,8.2,S
2021-07-01T13:23:14,700.0,8.2,S
2021-07-01T13:23:11,100.0,8.25,B
2021-07-01T13:22:37,400.0,8.2,S
2021-07-01T13:21:59,100.0,8.2,S
2021-07-01T13:21:12,1100.0,8.2,B
2021-07-01T13:21:12,2800.0,8.19,S
2021-07-01T13:21:11,1000.0,8.18,S
2021-07-01T13:20:43,22100.0,8.17,S
2021-07-01T13:20:43,17900.0,8.18,S
2021-07-01T13:20:31,3000.0,8.19,S
2021-07-01T13:20:01,100.0,8.19,S
2021-07-01T13:19:58,700.0,8.2,B
2021-07-01T13:19:47,6000.0,8.2,S
2021-07-01T13:19:45,12200.0,8.2,S
2021-07-01T13:19:32,2400.0,8.2,S
2021-07-01T13:19:22,200.0,8.2,S
2021-07-01T13:19:01,8700.0,8.2,S
2021-07-01T13:19:01,1300.0,8.2,S
2021-07-01T13:18:30,18500.0,8.2,S
2021-07-01T13:18:30,1300.0,8.22,S
2021-07-01T13:18:29,200.0,8.23,S
2021-07-01T13:16:46,1900.0,8.22,S
2021-07-01T13:16:42,4000.0,8.25,B
2021-07-01T13:16:00,1500.0,8.25,B
2021-07-01T13:15:40,20000.0,8.25,B
2021-07-01T13:14:01,200.0,8.25,B
2021-07-01T13:13:03,100.0,8.25,B
2021-07-01T13:12:36,2800.0,8.25,B
2021-07-01T13:12:30,500.0,8.25,B
2021-07-01T13:11:55,900.0,8.25,B
2021-07-01T13:11:47,5000.0,8.25,B
2021-07-01T13:11:27,100.0,8.25,B
2021-07-01T13:11:23,1400.0,8.25,B
2021-07-01T13:11:15,700.0,8.22,S
2021-07-01T13:10:58,1000.0,8.25,B
2021-07-01T13:10:48,200.0,8.22,S
2021-07-01T13:10:32,10000.0,8.25,B
2021-07-01T13:10:21,200.0,8.22,S
2021-07-01T13:10:14,3000.0,8.25,B
2021-07-01T13:06:41,200.0,8.25,B
2021-07-01T13:06:40,3300.0,8.22,S
2021-07-01T13:06:05,200.0,8.25,B
2021-07-01T13:05:19,100.0,8.21,S
2021-07-01T13:00:54,300.0,8.25,B
2021-07-01T13:00:30,3000.0,8.25,B
2021-07-01T13:00:23,1500.0,8.25,B
2021-07-01T13:00:16,100.0,8.25,B
2021-07-01T11:30:10,5800.0,8.25,B
2021-07-01T11:29:35,1000.0,8.23,B
2021-07-01T11:29:20,2000.0,8.23,B
2021-07-01T11:27:40,19200.0,8.2,B
2021-07-01T11:25:29,1500.0,8.19,S
2021-07-01T11:25:17,800.0,8.2,S
2021-07-01T11:23:12,1200.0,8.19,B
2021-07-01T11:22:25,5300.0,8.19,S
2021-07-01T11:22:15,8000.0,8.23,B
2021-07-01T11:22:15,11700.0,8.23,B
2021-07-01T11:22:15,10300.0,8.22,B
2021-07-01T11:21:48,10000.0,8.2,B
2021-07-01T11:20:17,10000.0,8.2,B
2021-07-01T11:20:17,500.0,8.18,S
2021-07-01T11:20:12,1000.0,8.2,B
2021-07-01T11:20:12,10000.0,8.19,B
2021-07-01T11:19:47,3000.0,8.18,B
2021-07-01T11:19:28,300.0,8.18,S
2021-07-01T11:18:39,19700.0,8.18,B
2021-07-01T11:18:35,1000.0,8.18,B
2021-07-01T11:18:03,200.0,8.18,B
2021-07-01T11:17:38,2500.0,8.17,S
2021-07-01T11:17:37,500.0,8.17,S
2021-07-01T11:13:38,5000.0,8.17,S
2021-07-01T11:13:21,1000.0,8.17,S
2021-07-01T11:12:56,200.0,8.17,S
2021-07-01T11:10:19,5000.0,8.18,B
2021-07-01T11:09:55,100.0,8.18,B
2021-07-01T11:09:50,100.0,8.18,B
2021-07-01T11:08:53,100.0,8.18,B
2021-07-01T11:08:42,1400.0,8.17,S
2021-07-01T11:07:51,1000.0,8.17,S
2021-07-01T11:07:06,1700.0,8.18,B
2021-07-01T11:07:03,15000.0,8.17,S
2021-07-01T11:06:51,4900.0,8.17,S
2021-07-01T11:06:43,1500.0,8.18,B
2021-07-01T11:06:42,1400.0,8.17,S
2021-07-01T11:05:57,1100.0,8.17,S
2021-07-01T11:05:55,1500.0,8.18,S
2021-07-01T11:05:50,1000.0,8.18,S
2021-07-01T11:05:47,1400.0,8.18,S
2021-07-01T11:04:23,500.0,8.2,B
2021-07-01T11:04:21,5000.0,8.18,S
2021-07-01T11:03:42,3000.0,8.18,S
2021-07-01T11:03:41,5000.0,8.2,B
2021-07-01T11:03:02,1200.0,8.2,B
2021-07-01T11:00:26,100.0,8.2,B
2021-07-01T11:00:20,2000.0,8.2,B
2021-07-01T11:00:10,1000.0,8.2,B
2021-07-01T11:00:04,300.0,8.18,S
2021-07-01T10:59:09,3000.0,8.2,B
2021-07-01T10:58:39,500.0,8.2,B
2021-07-01T10:58:26,2000.0,8.2,B
2021-07-01T10:56:56,2000.0,8.2,B
2021-07-01T10:56:15,5000.0,8.2,B
2021-07-01T10:51:47,100.0,8.17,S
2021-07-01T10:50:53,6200.0,8.2,B
2021-07-01T10:48:50,900.0,8.2,B
2021-07-01T10:46:57,20000.0,8.2,B
2021-07-01T10:46:28,1100.0,8.15,S
2021-07-01T10:45:24,900.0,8.15,B
2021-07-01T10:45:00,5000.0,8.11,S
2021-07-01T10:44:57,8000.0,8.15,B
2021-07-01T10:44:32,100.0,8.14,S
2021-07-01T10:44:03,1100.0,8.15,S
2021-07-01T10:43:52,1000.0,8.15,S
2021-07-01T10:43:33,1300.0,8.15,S
2021-07-01T10:43:10,2000.0,8.17,B
2021-07-01T10:42:07,2000.0,8.15,S
2021-07-01T10:41:54,500.0,8.17,B
2021-07-01T10:41:41,2800.0,8.17,S
2021-07-01T10:41:08,500.0,8.17,S
2021-07-01T10:40:16,500.0,8.18,S
2021-07-01T10:40:16,2000.0,8.18,S
2021-07-01T10:40:02,1300.0,8.18,S
2021-07-01T10:40:02,3700.0,8.18,S
2021-07-01T10:39:38,200.0,8.2,S
2021-07-01T10:39:37,7900.0,8.2,S
2021-07-01T10:39:15,5000.0,8.2,S
2021-07-01T10:38:37,100.0,8.21,S
2021-07-01T10:38:36,1000.0,8.21,S
2021-07-01T10:38:36,6600.0,8.21,S
2021-07-01T10:37:56,2300.0,8.22,S
2021-07-01T10:36:59,3200.0,8.22,B
2021-07-01T10:36:42,500.0,8.22,B
2021-07-01T10:36:35,5000.0,8.21,S
2021-07-01T10:36:05,600.0,8.22,B
2021-07-01T10:36:02,1000.0,8.21,S
2021-07-01T10:34:51,100.0,8.22,B
2021-07-01T10:34:26,5000.0,8.22,B
2021-07-01T10:34:16,800.0,8.22,B
2021-07-01T10:34:03,100.0,8.22,B
2021-07-01T10:33:47,5000.0,8.22,B
2021-07-01T10:33:47,1000.0,8.21,S
2021-07-01T10:32:50,500.0,8.22,B
2021-07-01T10:32:42,1000.0,8.22,B
2021-07-01T10:32:30,1000.0,8.22,B
2021-07-01T10:32:21,3100.0,8.22,B
2021-07-01T10:31:32,2000.0,8.22,B
2021-07-01T10:30:23,100.0,8.21,S
2021-07-01T10:29:21,7300.0,8.21,B
2021-07-01T10:29:21,3500.0,8.21,B
2021-07-01T10:28:47,200.0,8.21,B
2021-07-01T10:28:40,4000.0,8.21,B
2021-07-01T10:27:45,27600.0,8.2,B
2021-07-01T10:26:45,1000.0,8.2,B
2021-07-01T10:26:45,5000.0,8.2,B
2021-07-01T10:26:30,1000.0,8.2,B
2021-07-01T10:26:30,2900.0,8.2,B
2021-07-01T10:25:33,29400.0,8.2,B
2021-07-01T10:25:33,47500.0,8.2,B
2021-07-01T10:25:33,23100.0,8.2,B
2021-07-01T10:25:25,400.0,8.18,S
2021-07-01T10:25:10,1000.0,8.18,B
2021-07-01T10:24:56,4900.0,8.18,B
2021-07-01T10:24:54,100.0,8.18,B
2021-07-01T10:24:54,4900.0,8.18,B
2021-07-01T10:24:54,500.0,8.18,B
2021-07-01T10:24:53,1100.0,8.18,B
2021-07-01T10:24:38,4300.0,8.18,B
2021-07-01T10:23:51,100.0,8.17,B
2021-07-01T10:23:03,9700.0,8.15,B
2021-07-01T10:22:52,1800.0,8.14,S
2021-07-01T10:22:49,800.0,8.15,B
2021-07-01T10:22:23,500.0,8.14,S
2021-07-01T10:21:39,8700.0,8.14,B
2021-07-01T10:20:51,300.0,8.14,S
2021-07-01T10:20:50,500.0,8.14,S
2021-07-01T10:20:38,500.0,8.14,S
2021-07-01T10:20:25,2000.0,8.13,S
2021-07-01T10:20:14,500.0,8.15,B
2021-07-01T10:20:00,800.0,8.15,B
2021-07-01T10:18:56,1000.0,8.15,B
2021-07-01T10:18:52,2000.0,8.15,B
2021-07-01T10:18:48,1000.0,8.15,B
2021-07-01T10:18:35,300.0,8.13,S
2021-07-01T10:18:20,100.0,8.13,S
2021-07-01T10:18:08,1000.0,8.13,S
2021-07-01T10:17:39,7000.0,8.13,S
2021-07-01T10:12:56,300.0,8.1,B
2021-07-01T10:11:53,1000.0,8.06,S
2021-07-01T10:10:30,2000.0,8.03,S
2021-07-01T10:09:59,3000.0,8.03,S
2021-07-01T10:09:59,100.0,8.19,S
2021-07-01T10:09:40,1800.0,8.03,S
2021-07-01T10:09:16,500.0,8.03,S
2021-07-01T10:08:52,1000.0,8.03,S
2021-07-01T10:08:02,200.0,8.03,S
2021-07-01T10:07:32,300.0,8.03,S
2021-07-01T10:07:28,1100.0,8.03,S
2021-07-01T10:07:15,7000.0,8.03,S
2021-07-01T10:07:09,1100.0,8.02,S
2021-07-01T10:07:06,900.0,8.02,S
2021-07-01T10:07:03,900.0,8.03,S
2021-07-01T10:06:08,500.0,8.02,S
2021-07-01T10:05:24,6500.0,8.01,S
2021-07-01T10:05:24,10000.0,8.01,S
2021-07-01T10:05:24,18100.0,8.01,S
2021-07-01T10:05:24,14000.0,8.1,S
2021-07-01T10:05:24,1200.0,8.19,S
2021-07-01T10:05:24,200.0,8.19,S
2021-07-01T10:05:20,3000.0,8.2,S
2021-07-01T10:05:03,200.0,8.2,S
2021-07-01T10:05:00,300.0,8.2,S
2021-07-01T10:04:43,5400.0,8.2,S
2021-07-01T10:04:40,3000.0,8.2,S
2021-07-01T10:04:16,3000.0,8.19,S
2021-07-01T10:03:59,1000.0,8.2,S
2021-07-01T10:03:53,2000.0,8.2,S
2021-07-01T10:03:48,10000.0,8.2,S
2021-07-01T10:03:48,600.0,8.2,S
2021-07-01T10:03:48,300.0,8.2,S
2021-07-01T10:03:48,2400.0,8.2,S
2021-07-01T10:03:37,5000.0,8.2,S
2021-07-01T10:03:16,5000.0,8.2,S
2021-07-01T10:03:11,8000.0,8.2,S
2021-07-01T10:03:04,10000.0,8.2,S
2021-07-01T10:02:40,10000.0,8.2,S
2021-07-01T10:02:29,200.0,8.21,S
2021-07-01T10:02:18,100.0,8.2,S
2021-07-01T10:01:52,10000.0,8.2,S
2021-07-01T10:01:31,300.0,8.21,S
2021-07-01T10:01:12,10000.0,8.2,S
2021-07-01T10:01:09,10000.0,8.2,S
2021-07-01T10:01:05,100.0,8.21,B
2021-07-01T10:00:47,4000.0,8.21,B
2021-07-01T10:00:33,1200.0,8.21,B
2021-07-01T09:59:55,100.0,8.21,B
2021-07-01T09:59:03,1000.0,8.21,S
2021-07-01T09:58:23,5000.0,8.2,S
2021-07-01T09:58:21,3000.0,8.22,S
2021-07-01T09:58:07,45000.0,8.2,S
2021-07-01T09:57:46,3400.0,8.21,S
2021-07-01T09:57:46,2100.0,8.22,S
2021-07-01T09:57:45,2500.0,8.22,S
2021-07-01T09:57:45,4000.0,8.22,S
2021-07-01T09:57:07,2800.0,8.23,S
2021-07-01T09:57:04,2700.0,8.23,S
2021-07-01T09:56:38,3000.0,8.23,S
2021-07-01T09:56:21,300.0,8.24,B
2021-07-01T09:56:21,500.0,8.23,S
2021-07-01T09:55:56,1000.0,8.23,S
2021-07-01T09:55:29,1000.0,8.23,B
2021-07-01T09:55:28,12300.0,8.23,B
2021-07-01T09:54:45,800.0,8.23,B
2021-07-01T09:54:24,10000.0,8.22,S
2021-07-01T09:54:23,2000.0,8.23,S
2021-07-01T09:54:07,4700.0,8.24,B
2021-07-01T09:53:58,1000.0,8.22,S
2021-07-01T09:53:58,800.0,8.23,S
2021-07-01T09:53:56,3600.0,8.24,B
2021-07-01T09:53:39,3000.0,8.23,S
2021-07-01T09:53:14,1000.0,8.23,S
2021-07-01T09:52:46,1000.0,8.24,S
2021-07-01T09:52:21,5600.0,8.24,S
2021-07-01T09:51:43,2000.0,8.24,S
2021-07-01T09:51:43,1000.0,8.24,S
2021-07-01T09:51:19,500.0,8.24,S
2021-07-01T09:51:12,5000.0,8.24,S
2021-07-01T09:50:59,6600.0,8.24,S
2021-07-01T09:50:52,500.0,8.25,B
2021-07-01T09:50:09,200.0,8.25,B
2021-07-01T09:50:05,5000.0,8.24,S
2021-07-01T09:48:43,20000.0,8.25,B
2021-07-01T09:48:34,1000.0,8.24,S
2021-07-01T09:48:11,1000.0,8.25,B
2021-07-01T09:48:06,1000.0,8.24,S
2021-07-01T09:48:04,200.0,8.24,S
2021-07-01T09:47:19,100.0,8.24,S
2021-07-01T09:46:30,500.0,8.24,S
2021-07-01T09:46:23,100.0,8.24,S
2021-07-01T09:45:31,1000.0,8.24,S
2021-07-01T09:45:22,100.0,8.24,B
2021-07-01T09:45:17,200.0,8.24,B
2021-07-01T09:45:10,3300.0,8.24,B
2021-07-01T09:44:49,200.0,8.24,S
2021-07-01T09:44:34,3000.0,8.25,B
2021-07-01T09:44:31,10000.0,8.24,S
2021-07-01T09:44:22,15200.0,8.23,S
2021-07-01T09:44:15,1000.0,8.24,S
2021-07-01T09:44:12,800.0,8.24,S
2021-07-01T09:44:07,2000.0,8.24,S
2021-07-01T09:44:02,100.0,8.25,B
2021-07-01T09:43:47,2000.0,8.24,S
2021-07-01T09:43:38,2600.0,8.25,S
2021-07-01T09:43:35,500.0,8.25,S
2021-07-01T09:43:28,20000.0,8.25,S
2021-07-01T09:43:12,1200.0,8.25,S
2021-07-01T09:42:41,1000.0,8.25,S
2021-07-01T09:41:52,500.0,8.25,S
2021-07-01T09:41:33,300.0,8.27,S
2021-07-01T09:41:31,2500.0,8.27,S
2021-07-01T09:41:11,5000.0,8.27,S
2021-07-01T09:40:22,50000.0,8.27,S
2021-07-01T09:40:11,400.0,8.3,B
2021-07-01T09:40:06,100.0,8.3,B
2021-07-01T09:40:06,400.0,8.3,B
2021-07-01T09:40:03,10000.0,8.3,B
2021-07-01T09:39:50,1000.0,8.29,S
2021-07-01T09:38:47,1000.0,8.3,B
2021-07-01T09:38:04,19700.0,8.3,S
2021-07-01T09:37:56,100.0,8.31,B
2021-07-01T09:37:43,100.0,8.31,B
2021-07-01T09:36:58,1000.0,8.31,B
2021-07-01T09:36:11,200.0,8.31,B
2021-07-01T09:35:39,10000.0,8.3,S
2021-07-01T09:35:11,1000.0,8.32,B
2021-07-01T09:35:02,500.0,8.3,S
2021-07-01T09:34:59,100.0,8.3,S
2021-07-01T09:34:48,800.0,8.3,S
2021-07-01T09:34:42,1200.0,8.3,B
2021-07-01T09:34:30,1000.0,8.3,B
2021-07-01T09:34:30,1000.0,8.3,B
2021-07-01T09:34:30,17300.0,8.3,B
2021-07-01T09:34:14,1900.0,8.27,S
2021-07-01T09:34:14,11000.0,8.3,B
2021-07-01T09:34:07,3000.0,8.27,S
2021-07-01T09:34:05,11000.0,8.27,S
2021-07-01T09:33:56,900.0,8.3,B
2021-07-01T09:33:50,1000.0,8.27,S
2021-07-01T09:33:29,1000.0,8.3,B
2021-07-01T09:33:25,1000.0,8.3,B
2021-07-01T09:32:07,3500.0,8.3,B
2021-07-01T09:31:46,2000.0,8.27,S
2021-07-01T09:31:37,10000.0,8.28,S
2021-07-01T09:31:15,7600.0,8.3,S
2021-07-01T09:31:02,1300.0,8.3,S
2021-07-01T09:30:54,500.0,8.3,S
2021-07-01T09:30:26,300.0,8.3,S
2021-07-01T09:30:05,1000.0,8.3,S
2021-07-01T09:29:38,300.0,8.3,S
2021-07-01T09:29:20,1000.0,8.3,S
2021-07-01T09:29:11,1000.0,8.3,S
2021-07-01T09:28:49,4000.0,8.3,S
2021-07-01T09:28:42,1000.0,8.33,S
2021-07-01T09:28:38,10000.0,8.3,S
2021-07-01T09:28:26,1500.0,8.3,S
2021-07-01T09:28:13,8000.0,8.34,B
2021-07-01T09:28:08,10000.0,8.34,B
2021-07-01T09:28:05,2400.0,8.3,S
2021-07-01T09:27:40,2000.0,8.34,S
2021-07-01T09:27:26,2000.0,8.3,S
2021-07-01T09:27:13,9000.0,8.34,S
2021-07-01T09:27:01,5000.0,8.35,S
2021-07-01T09:26:58,200.0,8.37,B
2021-07-01T09:26:18,100.0,8.38,B
2021-07-01T09:26:13,100.0,8.35,S
2021-07-01T09:26:12,6000.0,8.38,B
2021-07-01T09:26:12,3000.0,8.36,S
2021-07-01T09:25:57,4900.0,8.37,S
2021-07-01T09:25:49,200.0,8.37,S
2021-07-01T09:25:18,1000.0,8.37,B
2021-07-01T09:24:49,200.0,8.37,B
2021-07-01T09:24:31,1400.0,8.37,B
2021-07-01T09:24:15,1000.0,8.35,B
2021-07-01T09:24:04,2000.0,8.35,B
2021-07-01T09:23:49,700.0,8.35,B
2021-07-01T09:23:45,5000.0,8.35,B
2021-07-01T09:23:42,1000.0,8.35,B
2021-07-01T09:23:42,2300.0,8.35,B
2021-07-01T09:23:42,14000.0,8.35,B
2021-07-01T09:23:02,500.0,8.34,B
2021-07-01T09:22:59,200.0,8.3,S
2021-07-01T09:22:10,100.0,8.3,B
2021-07-01T09:22:03,8300.0,8.3,B
2021-07-01T09:21:50,7600.0,8.3,B
2021-07-01T09:21:50,400.0,8.3,B
2021-07-01T09:21:32,2000.0,8.28,S
2021-07-01T09:21:27,10000.0,8.28,S
2021-07-01T09:21:00,2000.0,8.28,S
2021-07-01T09:20:56,3000.0,8.3,B
2021-07-01T09:20:49,1000.0,8.28,S
2021-07-01T09:20:49,800.0,8.28,S
2021-07-01T09:20:35,100.0,8.3,B
2021-07-01T09:20:25,100.0,8.28,S
2021-07-01T09:20:24,200.0,8.28,S
2021-07-01T09:20:19,500.0,8.3,B
2021-07-01T09:19:55,100.0,8.28,S
2021-07-01T09:19:49,1500.0,8.3,B
2021-07-01T09:19:35,1300.0,8.28,S
2021-07-01T09:19:35,2900.0,8.28,S
2021-07-01T09:19:20,2000.0,8.28,S
2021-07-01T09:18:54,100.0,8.3,S
2021-07-01T09:18:51,5000.0,8.3,S
2021-07-01T09:18:12,500.0,8.28,S
2021-07-01T09:17:56,3000.0,8.38,B
2021-07-01T09:17:48,1000.0,8.28,S
2021-07-01T09:17:46,600.0,8.38,B
2021-07-01T09:17:11,4400.0,8.38,B
2021-07-01T09:17:02,200.0,8.38,B
2021-07-01T09:16:33,1000.0,8.38,B
2021-07-01T09:16:18,100.0,8.27,B
