tradingTime,volume,price,side
2021-06-25T14:49:58,3700.0,16.8,B
2021-06-25T14:49:38,300.0,16.8,B
2021-06-25T14:49:28,200.0,16.8,B
2021-06-25T14:49:22,3400.0,16.7,S
2021-06-25T14:49:05,1000.0,16.8,B
2021-06-25T14:49:03,300.0,16.8,B
2021-06-25T14:49:00,400.0,16.8,B
2021-06-25T14:48:58,1000.0,16.8,B
2021-06-25T14:48:38,2000.0,16.8,B
2021-06-25T14:48:34,100.0,16.8,B
2021-06-25T14:48:22,5000.0,16.8,B
2021-06-25T14:48:02,500.0,16.8,B
2021-06-25T14:47:37,300.0,16.8,B
2021-06-25T14:47:22,2800.0,16.8,B
2021-06-25T14:46:32,300.0,16.8,B
2021-06-25T14:45:37,300.0,16.8,B
2021-06-25T14:44:57,5000.0,16.8,B
2021-06-25T14:44:18,2000.0,16.8,B
2021-06-25T14:44:08,6000.0,16.8,B
2021-06-25T14:43:42,500.0,16.8,B
2021-06-25T14:43:22,16000.0,16.8,B
2021-06-25T14:42:27,1300.0,16.8,B
2021-06-25T14:42:12,100.0,16.8,B
2021-06-25T14:40:52,300.0,16.8,B
2021-06-25T14:40:32,300.0,16.8,B
2021-06-25T14:40:22,2000.0,16.7,S
2021-06-25T14:39:47,8000.0,16.7,S
2021-06-25T14:39:32,700.0,16.7,S
2021-06-25T14:39:27,6000.0,16.8,B
2021-06-25T14:39:12,1000.0,16.8,B
2021-06-25T14:38:32,100.0,16.7,S
2021-06-25T14:38:27,100.0,16.7,S
2021-06-25T14:37:12,2000.0,16.7,S
2021-06-25T14:36:17,1100.0,16.7,B
2021-06-25T14:35:57,900.0,16.7,B
2021-06-25T14:35:42,10000.0,16.8,B
2021-06-25T14:35:34,5000.0,16.7,S
2021-06-25T14:35:27,100.0,16.7,S
2021-06-25T14:34:42,200.0,16.7,S
2021-06-25T14:34:27,500.0,16.7,S
2021-06-25T14:34:22,2000.0,16.7,S
2021-06-25T14:34:17,500.0,16.7,S
2021-06-25T14:34:17,3000.0,16.7,S
2021-06-25T14:34:02,300.0,16.7,S
2021-06-25T14:33:57,500.0,16.7,S
2021-06-25T14:33:47,300.0,16.7,S
2021-06-25T14:32:27,500.0,16.7,S
2021-06-25T14:32:17,10000.0,16.8,B
2021-06-25T14:31:42,600.0,16.8,B
2021-06-25T14:31:32,20000.0,16.8,S
2021-06-25T14:31:17,400.0,16.8,S
2021-06-25T14:31:17,500.0,16.8,S
2021-06-25T14:31:12,6000.0,16.8,S
2021-06-25T14:31:07,500.0,16.8,S
2021-06-25T14:30:57,100.0,16.8,S
2021-06-25T14:30:57,300.0,16.8,S
2021-06-25T14:30:52,800.0,16.8,S
2021-06-25T14:30:47,1000.0,16.8,S
2021-06-25T14:30:47,2800.0,16.8,S
2021-06-25T14:30:22,600.0,16.8,S
2021-06-25T14:29:45,1500.0,16.8,S
2021-06-25T14:29:26,500.0,16.8,S
2021-06-25T14:29:19,5000.0,16.9,B
2021-06-25T14:29:04,200.0,16.8,S
2021-06-25T14:29:04,2200.0,16.8,S
2021-06-25T14:28:54,2000.0,16.9,B
2021-06-25T14:28:52,1000.0,16.8,S
2021-06-25T14:28:46,2000.0,16.8,S
2021-06-25T14:28:35,1000.0,16.9,B
2021-06-25T14:28:23,10000.0,16.9,B
2021-06-25T14:28:20,100.0,16.8,S
2021-06-25T14:28:09,400.0,16.8,S
2021-06-25T14:28:00,2000.0,16.8,S
2021-06-25T14:27:44,200.0,16.8,S
2021-06-25T14:27:41,3500.0,16.8,S
2021-06-25T14:27:23,100.0,16.8,S
2021-06-25T14:27:14,700.0,16.8,S
2021-06-25T14:26:57,5400.0,16.8,B
2021-06-25T14:26:56,1000.0,16.8,B
2021-06-25T14:26:43,300.0,16.8,B
2021-06-25T14:26:37,600.0,16.8,B
2021-06-25T14:26:34,200.0,16.8,B
2021-06-25T14:25:57,2300.0,16.8,B
2021-06-25T14:25:39,1000.0,16.8,B
2021-06-25T14:25:05,300.0,16.8,B
2021-06-25T14:24:58,5100.0,16.8,S
2021-06-25T14:24:54,1000.0,16.8,S
2021-06-25T14:24:49,2000.0,16.8,S
2021-06-25T14:24:33,1000.0,16.8,S
2021-06-25T14:24:29,1000.0,16.8,S
2021-06-25T14:24:28,500.0,16.8,S
2021-06-25T14:24:26,300.0,16.8,S
2021-06-25T14:24:19,9300.0,16.8,B
2021-06-25T14:24:16,700.0,16.8,B
2021-06-25T14:23:51,100.0,16.8,B
2021-06-25T14:23:39,700.0,16.8,B
2021-06-25T14:23:19,10000.0,16.7,S
2021-06-25T14:23:07,300.0,16.8,B
2021-06-25T14:23:03,100.0,16.8,B
2021-06-25T14:22:31,200.0,16.8,B
2021-06-25T14:22:25,300.0,16.8,B
2021-06-25T14:22:19,500.0,16.8,B
2021-06-25T14:22:18,400.0,16.8,B
2021-06-25T14:22:17,1000.0,16.8,B
2021-06-25T14:22:14,1200.0,16.8,B
2021-06-25T14:22:04,1400.0,16.8,B
2021-06-25T14:22:00,4100.0,16.8,B
2021-06-25T14:21:52,4000.0,16.8,B
2021-06-25T14:21:49,500.0,16.8,B
2021-06-25T14:21:38,2500.0,16.8,B
2021-06-25T14:21:37,200.0,16.8,B
2021-06-25T14:21:27,2000.0,16.8,B
2021-06-25T14:21:17,100.0,16.8,B
2021-06-25T14:21:12,5600.0,16.8,B
2021-06-25T14:21:08,100.0,16.8,B
2021-06-25T14:20:50,2600.0,16.8,B
2021-06-25T14:20:07,8600.0,16.7,B
2021-06-25T14:19:55,3900.0,16.7,B
2021-06-25T14:19:42,300.0,16.7,B
2021-06-25T14:19:34,900.0,16.7,B
2021-06-25T14:19:33,400.0,16.7,B
2021-06-25T14:18:45,4000.0,16.7,B
2021-06-25T14:18:43,200.0,16.7,B
2021-06-25T14:18:07,300.0,16.7,B
2021-06-25T14:17:56,100.0,16.7,B
2021-06-25T14:17:47,100.0,16.7,S
2021-06-25T14:17:34,900.0,16.8,B
2021-06-25T14:17:19,200.0,16.7,S
2021-06-25T14:17:17,10000.0,16.8,B
2021-06-25T14:17:03,500.0,16.7,S
2021-06-25T14:17:01,5000.0,16.7,S
2021-06-25T14:16:39,2000.0,16.7,S
2021-06-25T14:16:21,5000.0,16.7,S
2021-06-25T14:16:05,600.0,16.7,S
2021-06-25T14:16:03,5000.0,16.7,S
2021-06-25T14:15:50,1000.0,16.7,S
2021-06-25T14:15:32,200.0,16.7,S
2021-06-25T14:15:31,1000.0,16.7,S
2021-06-25T14:15:13,100.0,16.7,S
2021-06-25T14:15:12,300.0,16.7,S
2021-06-25T14:15:08,1000.0,16.7,S
2021-06-25T14:15:00,500.0,16.7,S
2021-06-25T14:14:27,100.0,16.7,S
2021-06-25T14:14:25,200.0,16.7,S
2021-06-25T14:14:23,100.0,16.7,S
2021-06-25T14:14:19,2100.0,16.8,B
2021-06-25T14:14:10,400.0,16.8,B
2021-06-25T14:13:59,500.0,16.8,B
2021-06-25T14:13:34,900.0,16.7,S
2021-06-25T14:13:08,1000.0,16.7,S
2021-06-25T14:12:54,500.0,16.8,B
2021-06-25T14:12:53,1000.0,16.8,B
2021-06-25T14:12:22,5000.0,16.7,S
2021-06-25T14:12:13,300.0,16.7,S
2021-06-25T14:12:01,700.0,16.7,S
2021-06-25T14:11:48,400.0,16.7,S
2021-06-25T14:11:29,2000.0,16.8,B
2021-06-25T14:11:22,200.0,16.8,B
2021-06-25T14:11:14,100.0,16.8,B
2021-06-25T14:10:59,2300.0,16.7,S
2021-06-25T14:10:57,600.0,16.8,B
2021-06-25T14:10:57,500.0,16.8,B
2021-06-25T14:10:39,100.0,16.7,S
2021-06-25T14:10:38,200.0,16.8,B
2021-06-25T14:10:36,100.0,16.8,B
2021-06-25T14:10:06,800.0,16.8,B
2021-06-25T14:09:56,10700.0,16.8,B
2021-06-25T14:09:39,5200.0,16.8,B
2021-06-25T14:08:52,200.0,16.8,B
2021-06-25T14:08:25,200.0,16.8,B
2021-06-25T14:07:48,10000.0,16.8,B
2021-06-25T14:07:42,2800.0,16.8,B
2021-06-25T14:07:34,100.0,16.8,B
2021-06-25T14:07:12,100.0,16.7,S
2021-06-25T14:06:49,700.0,16.7,S
2021-06-25T14:06:43,200.0,16.8,B
2021-06-25T14:06:34,100.0,16.8,S
2021-06-25T14:06:30,300.0,16.8,S
2021-06-25T14:06:17,1000.0,16.8,S
2021-06-25T14:06:00,700.0,16.8,S
2021-06-25T14:05:52,3000.0,16.8,S
2021-06-25T14:05:41,400.0,16.9,B
2021-06-25T14:05:40,1500.0,16.9,S
2021-06-25T14:05:37,400.0,16.9,S
2021-06-25T14:05:28,500.0,16.9,S
2021-06-25T14:05:25,400.0,16.9,S
2021-06-25T14:05:09,1000.0,17.0,B
2021-06-25T14:05:00,200.0,17.0,B
2021-06-25T14:04:58,200.0,17.0,B
2021-06-25T14:04:56,100.0,17.0,B
2021-06-25T14:04:53,100.0,17.0,B
2021-06-25T14:04:19,1100.0,17.0,B
2021-06-25T14:04:08,1100.0,17.0,B
2021-06-25T14:04:02,6700.0,17.0,B
2021-06-25T14:04:01,200.0,17.0,B
2021-06-25T14:03:58,2600.0,17.0,B
2021-06-25T14:03:56,2700.0,17.0,B
2021-06-25T14:03:44,1000.0,17.0,B
2021-06-25T14:03:13,300.0,17.0,B
2021-06-25T14:03:04,100.0,17.0,B
2021-06-25T14:02:52,10000.0,17.0,B
2021-06-25T14:02:24,10000.0,17.0,B
2021-06-25T14:02:09,10000.0,17.0,B
2021-06-25T14:01:55,2400.0,16.9,S
2021-06-25T14:01:44,2000.0,16.9,S
2021-06-25T14:01:37,100.0,16.9,S
2021-06-25T14:01:36,400.0,16.9,B
2021-06-25T14:01:35,200.0,16.9,B
2021-06-25T14:01:30,1000.0,16.9,B
2021-06-25T14:01:28,400.0,16.9,S
2021-06-25T14:01:24,4900.0,16.9,B
2021-06-25T14:01:12,16000.0,16.9,B
2021-06-25T14:00:46,500.0,16.9,B
2021-06-25T14:00:33,200.0,16.9,B
2021-06-25T14:00:19,200.0,16.9,B
2021-06-25T13:59:54,1000.0,16.9,B
2021-06-25T13:59:50,3500.0,16.9,B
2021-06-25T13:59:30,1000.0,16.8,S
2021-06-25T13:59:11,6000.0,16.8,B
2021-06-25T13:58:48,16000.0,16.8,B
2021-06-25T13:58:37,13300.0,16.8,B
2021-06-25T13:58:34,3000.0,16.8,B
2021-06-25T13:58:17,3000.0,16.8,B
2021-06-25T13:57:30,20000.0,16.8,B
2021-06-25T13:57:13,1500.0,16.7,B
2021-06-25T13:56:56,100.0,16.7,B
2021-06-25T13:56:46,200.0,16.7,B
2021-06-25T13:56:29,100.0,16.7,B
2021-06-25T13:56:26,100.0,16.7,B
2021-06-25T13:56:26,200.0,16.6,S
2021-06-25T13:56:17,500.0,16.7,B
2021-06-25T13:56:11,100.0,16.7,B
2021-06-25T13:56:00,2100.0,16.7,S
2021-06-25T13:55:57,500.0,16.7,S
2021-06-25T13:55:54,200.0,16.7,S
2021-06-25T13:55:10,500.0,16.7,S
2021-06-25T13:55:01,3300.0,16.7,S
2021-06-25T13:54:50,4700.0,16.7,B
2021-06-25T13:54:47,1500.0,16.6,S
2021-06-25T13:54:46,500.0,16.6,S
2021-06-25T13:54:34,300.0,16.7,B
2021-06-25T13:54:30,1000.0,16.6,S
2021-06-25T13:53:33,500.0,16.6,S
2021-06-25T13:53:13,4400.0,16.6,B
2021-06-25T13:53:12,100.0,16.6,B
2021-06-25T13:52:32,1000.0,16.6,B
2021-06-25T13:52:21,5400.0,16.6,B
2021-06-25T13:52:16,2900.0,16.6,B
2021-06-25T13:52:09,5000.0,16.5,S
2021-06-25T13:51:50,15900.0,16.5,S
2021-06-25T13:51:46,5000.0,16.5,B
2021-06-25T13:51:39,1000.0,16.5,B
2021-06-25T13:51:29,9000.0,16.5,B
2021-06-25T13:51:25,100.0,16.5,B
2021-06-25T13:51:16,20000.0,16.5,B
2021-06-25T13:51:14,1000.0,16.4,S
2021-06-25T13:50:37,4300.0,16.4,B
2021-06-25T13:50:32,200.0,16.4,B
2021-06-25T13:50:18,600.0,16.4,B
2021-06-25T13:49:42,300.0,16.4,B
2021-06-25T13:49:34,8800.0,16.4,S
2021-06-25T13:49:31,3000.0,16.4,S
2021-06-25T13:49:06,1000.0,16.4,S
2021-06-25T13:48:55,400.0,16.4,S
2021-06-25T13:48:34,5000.0,16.4,S
2021-06-25T13:48:27,3500.0,16.5,B
2021-06-25T13:48:11,200.0,16.5,B
2021-06-25T13:48:03,4000.0,16.5,B
2021-06-25T13:48:02,100.0,16.5,B
2021-06-25T13:47:43,100.0,16.5,B
2021-06-25T13:47:41,100.0,16.5,B
2021-06-25T13:47:39,200.0,16.5,B
2021-06-25T13:47:26,200.0,16.5,B
2021-06-25T13:47:23,3400.0,16.5,B
2021-06-25T13:47:12,200.0,16.5,B
2021-06-25T13:46:24,300.0,16.5,B
2021-06-25T13:45:55,100.0,16.4,S
2021-06-25T13:45:52,100.0,16.4,S
2021-06-25T13:44:57,3400.0,16.4,B
2021-06-25T13:44:50,500.0,16.4,B
2021-06-25T13:44:47,100.0,16.4,B
2021-06-25T13:43:26,2600.0,16.4,B
2021-06-25T13:43:21,100.0,16.4,S
2021-06-25T13:42:49,7300.0,16.4,B
2021-06-25T13:42:19,6900.0,16.3,S
2021-06-25T13:41:28,1000.0,16.4,B
2021-06-25T13:41:14,500.0,16.4,B
2021-06-25T13:40:40,2000.0,16.3,S
2021-06-25T13:40:30,300.0,16.3,S
2021-06-25T13:40:24,100.0,16.3,S
2021-06-25T13:40:13,900.0,16.3,S
2021-06-25T13:39:54,1900.0,16.3,S
2021-06-25T13:39:48,600.0,16.4,B
2021-06-25T13:39:37,100.0,16.4,B
2021-06-25T13:39:28,600.0,16.4,B
2021-06-25T13:39:12,1500.0,16.4,S
2021-06-25T13:39:10,300.0,16.4,S
2021-06-25T13:38:55,900.0,16.4,S
2021-06-25T13:38:08,3000.0,16.4,S
2021-06-25T13:37:58,500.0,16.4,S
2021-06-25T13:37:55,900.0,16.4,S
2021-06-25T13:37:23,900.0,16.4,S
2021-06-25T13:36:28,100.0,16.5,B
2021-06-25T13:36:23,700.0,16.5,B
2021-06-25T13:35:15,500.0,16.5,B
2021-06-25T13:33:51,2000.0,16.5,B
2021-06-25T13:33:23,500.0,16.5,B
2021-06-25T13:32:33,3000.0,16.5,B
2021-06-25T13:32:11,3100.0,16.5,B
2021-06-25T13:31:35,100.0,16.5,B
2021-06-25T13:31:06,300.0,16.5,B
2021-06-25T13:30:13,100.0,16.5,B
2021-06-25T13:30:10,300.0,16.5,B
2021-06-25T13:29:42,100.0,16.5,B
2021-06-25T13:29:11,1000.0,16.5,B
2021-06-25T13:29:00,1500.0,16.5,B
2021-06-25T13:28:43,3000.0,16.4,S
2021-06-25T13:28:42,200.0,16.5,B
2021-06-25T13:28:38,600.0,16.5,B
2021-06-25T13:28:35,400.0,16.6,B
2021-06-25T13:28:32,100.0,16.5,B
2021-06-25T13:28:28,500.0,16.5,B
2021-06-25T13:28:28,1000.0,16.5,B
2021-06-25T13:28:21,1000.0,16.4,S
2021-06-25T13:28:16,100.0,16.5,B
2021-06-25T13:28:12,1000.0,16.5,B
2021-06-25T13:28:04,100.0,16.5,B
2021-06-25T13:27:51,100.0,16.4,S
2021-06-25T13:27:42,100.0,16.4,B
2021-06-25T13:27:41,100.0,16.4,B
2021-06-25T13:27:35,2000.0,16.4,B
2021-06-25T13:27:34,1000.0,16.4,B
2021-06-25T13:27:23,200.0,16.4,B
2021-06-25T13:27:11,100.0,16.4,B
2021-06-25T13:26:56,3000.0,16.4,B
2021-06-25T13:26:42,500.0,16.3,S
2021-06-25T13:26:14,500.0,16.4,B
2021-06-25T13:24:45,1000.0,16.4,B
2021-06-25T13:24:29,100.0,16.4,B
2021-06-25T13:24:06,1000.0,16.4,B
2021-06-25T13:24:00,300.0,16.4,B
2021-06-25T13:23:57,1300.0,16.4,S
2021-06-25T13:23:33,200.0,16.4,S
2021-06-25T13:23:20,100.0,16.4,S
2021-06-25T13:23:08,700.0,16.4,S
2021-06-25T13:22:57,500.0,16.4,S
2021-06-25T13:22:57,100.0,16.5,B
2021-06-25T13:22:55,1400.0,16.4,B
2021-06-25T13:22:55,4000.0,16.3,S
2021-06-25T13:22:52,1800.0,16.3,S
2021-06-25T13:22:26,1000.0,16.3,S
2021-06-25T13:21:57,5700.0,16.4,B
2021-06-25T13:21:45,100.0,16.4,B
2021-06-25T13:21:37,100.0,16.4,B
2021-06-25T13:21:27,200.0,16.3,S
2021-06-25T13:21:14,1000.0,16.4,B
2021-06-25T13:21:09,4600.0,16.4,B
2021-06-25T13:20:10,1000.0,16.4,S
2021-06-25T13:20:07,21000.0,16.5,B
2021-06-25T13:19:52,100.0,16.5,B
2021-06-25T13:19:45,200.0,16.5,B
2021-06-25T13:19:14,5000.0,16.5,B
2021-06-25T13:18:50,100.0,16.5,B
2021-06-25T13:18:32,4600.0,16.5,B
2021-06-25T13:18:19,800.0,16.4,B
2021-06-25T13:18:10,5200.0,16.4,S
2021-06-25T13:18:06,200.0,16.5,B
2021-06-25T13:18:04,400.0,16.4,S
2021-06-25T13:17:55,200.0,16.5,B
2021-06-25T13:17:53,500.0,16.5,B
2021-06-25T13:17:44,200.0,16.5,B
2021-06-25T13:17:19,300.0,16.5,B
2021-06-25T13:16:57,400.0,16.5,S
2021-06-25T13:16:54,500.0,16.5,S
2021-06-25T13:16:44,700.0,16.5,S
2021-06-25T13:16:39,100.0,16.5,S
2021-06-25T13:16:21,600.0,16.6,B
2021-06-25T13:16:18,200.0,16.6,S
2021-06-25T13:16:16,300.0,16.6,S
2021-06-25T13:16:13,200.0,16.6,S
2021-06-25T13:16:05,200.0,16.6,S
2021-06-25T13:15:59,500.0,16.6,B
2021-06-25T13:15:54,500.0,16.6,S
2021-06-25T13:15:50,1000.0,16.6,S
2021-06-25T13:15:43,100.0,16.6,S
2021-06-25T13:15:35,500.0,16.6,S
2021-06-25T13:15:34,300.0,16.7,S
2021-06-25T13:15:30,200.0,16.7,B
2021-06-25T13:15:11,200.0,16.8,B
2021-06-25T13:15:01,2300.0,16.8,S
2021-06-25T13:14:54,1200.0,16.8,S
2021-06-25T13:14:52,1000.0,16.8,S
2021-06-25T13:14:51,100.0,16.9,B
2021-06-25T13:14:49,1000.0,16.8,S
2021-06-25T13:14:31,100.0,16.9,B
2021-06-25T13:14:29,100.0,16.9,B
2021-06-25T13:14:21,500.0,16.9,B
2021-06-25T13:14:20,800.0,16.9,S
2021-06-25T13:14:17,900.0,16.9,S
2021-06-25T13:14:09,2300.0,16.9,S
2021-06-25T13:14:07,100.0,16.9,S
2021-06-25T13:14:05,100.0,17.0,B
2021-06-25T13:13:59,2000.0,16.9,S
2021-06-25T13:13:42,200.0,16.9,S
2021-06-25T13:13:37,3000.0,17.0,B
2021-06-25T13:13:36,100.0,16.9,S
2021-06-25T13:13:19,2200.0,17.0,S
2021-06-25T13:13:19,5000.0,17.0,S
2021-06-25T13:13:17,1000.0,17.0,S
2021-06-25T13:13:15,100.0,17.0,S
2021-06-25T13:13:12,5700.0,17.0,S
2021-06-25T13:13:09,100.0,17.0,S
2021-06-25T13:13:02,1000.0,17.0,S
2021-06-25T13:12:46,5000.0,17.0,S
2021-06-25T13:12:45,100.0,17.0,S
2021-06-25T13:12:42,4000.0,17.0,S
2021-06-25T13:12:39,100.0,17.1,B
2021-06-25T13:12:20,100.0,17.0,S
2021-06-25T13:12:19,4000.0,17.1,B
2021-06-25T13:12:08,2000.0,17.0,S
2021-06-25T13:11:54,7000.0,17.0,S
2021-06-25T13:11:51,2000.0,17.0,S
2021-06-25T13:11:49,3400.0,17.1,S
2021-06-25T13:11:39,1700.0,17.1,B
2021-06-25T13:11:37,500.0,17.1,B
2021-06-25T13:11:30,100.0,17.1,B
2021-06-25T13:11:27,200.0,17.1,B
2021-06-25T13:11:26,400.0,17.1,B
2021-06-25T13:11:04,1000.0,17.0,S
2021-06-25T13:10:54,700.0,17.3,B
2021-06-25T13:10:52,200.0,17.3,B
2021-06-25T13:10:41,200.0,17.3,B
2021-06-25T13:10:39,1000.0,17.3,S
2021-06-25T13:10:36,800.0,17.3,B
2021-06-25T13:10:36,600.0,17.2,B
2021-06-25T13:10:29,3000.0,17.3,B
2021-06-25T13:10:24,900.0,17.3,B
2021-06-25T13:10:23,300.0,17.3,S
2021-06-25T13:10:16,7000.0,17.5,B
2021-06-25T13:10:14,2000.0,17.3,S
2021-06-25T13:10:08,1000.0,17.3,S
2021-06-25T13:10:08,5000.0,17.5,B
2021-06-25T13:10:05,4400.0,17.5,B
2021-06-25T13:10:01,500.0,17.5,B
2021-06-25T13:09:52,300.0,17.5,B
2021-06-25T13:09:51,500.0,17.5,B
2021-06-25T13:09:48,1100.0,17.5,B
2021-06-25T13:09:33,1500.0,17.5,B
2021-06-25T13:09:30,500.0,17.3,S
2021-06-25T13:09:24,200.0,17.3,S
2021-06-25T13:09:17,200.0,17.3,S
2021-06-25T13:09:16,100.0,17.3,S
2021-06-25T13:09:15,2100.0,17.3,S
2021-06-25T13:09:15,400.0,17.2,B
2021-06-25T13:09:06,100.0,17.2,B
2021-06-25T13:09:00,1500.0,17.2,B
2021-06-25T13:08:58,1400.0,17.1,B
2021-06-25T13:08:57,200.0,17.0,S
2021-06-25T13:08:49,600.0,17.1,B
2021-06-25T13:08:36,6600.0,17.0,B
2021-06-25T13:08:34,100.0,17.0,B
2021-06-25T13:08:25,2000.0,17.0,B
2021-06-25T13:08:16,1000.0,16.9,S
2021-06-25T13:08:09,200.0,17.0,B
2021-06-25T13:08:06,100.0,17.0,B
2021-06-25T13:07:54,1300.0,17.0,B
2021-06-25T13:07:50,2000.0,17.0,B
2021-06-25T13:07:47,3300.0,17.0,B
2021-06-25T13:07:38,1000.0,17.0,B
2021-06-25T13:07:34,5000.0,17.0,B
2021-06-25T13:07:29,700.0,17.0,B
2021-06-25T13:07:24,1400.0,16.9,S
2021-06-25T13:07:19,3000.0,16.8,S
2021-06-25T13:07:16,500.0,16.8,S
2021-06-25T13:07:01,1000.0,16.8,S
2021-06-25T13:06:59,200.0,16.8,B
2021-06-25T13:06:41,4000.0,16.8,B
2021-06-25T13:06:35,200.0,16.7,B
2021-06-25T13:06:34,2800.0,16.6,S
2021-06-25T13:06:23,700.0,16.6,B
2021-06-25T13:06:15,1600.0,16.6,B
2021-06-25T13:06:07,44800.0,16.5,S
2021-06-25T13:06:06,1300.0,16.4,B
2021-06-25T13:06:06,300.0,16.4,B
2021-06-25T13:06:04,5000.0,16.4,B
2021-06-25T13:06:01,500.0,16.4,B
2021-06-25T13:05:59,1000.0,16.4,B
2021-06-25T13:05:58,1100.0,16.4,B
2021-06-25T13:05:56,500.0,16.4,B
2021-06-25T13:05:50,500.0,16.4,B
2021-06-25T13:05:45,100.0,16.4,B
2021-06-25T13:05:36,10000.0,16.4,B
2021-06-25T13:05:32,2300.0,16.3,B
2021-06-25T13:05:31,700.0,16.3,B
2021-06-25T13:05:29,10000.0,16.3,B
2021-06-25T13:05:12,18000.0,16.3,B
2021-06-25T13:05:10,1000.0,16.2,B
2021-06-25T13:05:08,200.0,16.2,B
2021-06-25T13:04:52,500.0,16.1,B
2021-06-25T13:04:51,8000.0,16.1,B
2021-06-25T13:04:29,3000.0,16.0,B
2021-06-25T13:04:28,5000.0,16.0,B
2021-06-25T13:04:26,2000.0,16.0,B
2021-06-25T13:04:20,500.0,16.0,B
2021-06-25T13:04:17,2000.0,16.0,B
2021-06-25T13:04:15,5000.0,16.0,B
2021-06-25T13:04:14,300.0,16.0,B
2021-06-25T13:04:07,1000.0,16.0,B
2021-06-25T13:04:01,500.0,16.0,B
2021-06-25T13:03:56,1000.0,16.0,B
2021-06-25T13:03:49,2000.0,16.0,B
2021-06-25T13:03:40,10000.0,16.0,B
2021-06-25T13:03:28,100.0,16.0,B
2021-06-25T13:03:24,200.0,15.9,S
2021-06-25T13:03:17,100.0,16.0,B
2021-06-25T13:03:04,500.0,16.0,B
2021-06-25T13:03:03,3000.0,16.0,B
2021-06-25T13:03:01,2500.0,16.0,B
2021-06-25T13:03:00,5000.0,16.0,B
2021-06-25T13:02:59,200.0,16.0,B
2021-06-25T13:02:55,6500.0,16.0,B
2021-06-25T13:02:46,200.0,16.0,B
2021-06-25T13:02:34,1000.0,16.0,B
2021-06-25T13:02:30,500.0,16.0,B
2021-06-25T13:02:29,100.0,16.0,B
2021-06-25T13:02:25,1000.0,16.0,B
2021-06-25T13:02:11,100.0,16.0,B
2021-06-25T13:01:54,1900.0,16.0,B
2021-06-25T13:01:16,2500.0,15.9,B
2021-06-25T13:00:52,3600.0,15.9,S
2021-06-25T13:00:35,200.0,16.0,B
2021-06-25T13:00:17,700.0,15.9,S
2021-06-25T13:00:16,200.0,15.9,S
2021-06-25T13:00:16,100.0,15.9,S
2021-06-25T11:29:56,3100.0,15.9,S
2021-06-25T11:29:51,400.0,15.9,S
2021-06-25T11:28:47,1000.0,15.9,S
2021-06-25T11:28:26,100.0,15.9,S
2021-06-25T11:28:10,500.0,15.9,S
2021-06-25T11:27:49,15600.0,15.9,B
2021-06-25T11:27:44,200.0,15.9,B
2021-06-25T11:27:31,100.0,15.9,B
2021-06-25T11:27:01,500.0,15.9,B
2021-06-25T11:26:57,6600.0,15.9,B
2021-06-25T11:26:44,3000.0,15.9,B
2021-06-25T11:26:17,3000.0,15.8,S
2021-06-25T11:25:47,6400.0,15.8,B
2021-06-25T11:25:42,1000.0,15.7,S
2021-06-25T11:25:19,2000.0,15.8,B
2021-06-25T11:22:49,5100.0,15.7,B
2021-06-25T11:22:42,600.0,15.7,B
2021-06-25T11:22:23,500.0,15.7,B
2021-06-25T11:22:02,1000.0,15.7,B
2021-06-25T11:20:29,1200.0,15.7,S
2021-06-25T11:20:26,1400.0,15.7,B
2021-06-25T11:19:54,800.0,15.7,B
2021-06-25T11:19:14,200.0,15.7,B
2021-06-25T11:18:21,3600.0,15.7,S
2021-06-25T11:18:09,100.0,15.7,S
2021-06-25T11:17:14,200.0,15.7,S
2021-06-25T11:17:14,1500.0,15.7,S
2021-06-25T11:16:24,1000.0,15.7,S
2021-06-25T11:14:56,400.0,15.7,S
2021-06-25T11:14:46,5000.0,15.8,B
2021-06-25T11:14:35,800.0,15.7,S
2021-06-25T11:14:25,500.0,15.8,B
2021-06-25T11:14:11,100.0,15.8,B
2021-06-25T11:13:25,200.0,15.7,S
2021-06-25T11:12:04,1000.0,15.7,S
2021-06-25T11:11:01,5400.0,15.7,S
2021-06-25T11:10:36,1000.0,15.7,B
2021-06-25T11:10:05,3600.0,15.7,S
2021-06-25T11:09:41,1000.0,15.7,S
2021-06-25T11:08:51,1000.0,15.7,S
2021-06-25T11:07:30,200.0,15.8,S
2021-06-25T11:07:02,300.0,15.8,B
2021-06-25T11:06:57,1000.0,15.8,B
2021-06-25T11:06:54,3700.0,15.8,B
2021-06-25T11:05:19,100.0,15.8,S
2021-06-25T11:04:41,500.0,15.8,B
2021-06-25T11:04:30,2100.0,15.8,B
2021-06-25T11:04:14,1000.0,15.8,B
2021-06-25T11:04:00,2500.0,15.7,S
2021-06-25T11:03:55,500.0,15.8,B
2021-06-25T11:03:55,2200.0,15.8,B
2021-06-25T11:03:50,1500.0,15.8,B
2021-06-25T11:03:47,2200.0,15.8,B
2021-06-25T11:03:39,100.0,15.8,B
2021-06-25T11:03:37,100.0,15.8,B
2021-06-25T11:03:29,10000.0,15.8,B
2021-06-25T11:03:10,8000.0,15.8,B
2021-06-25T11:02:52,300.0,15.8,B
2021-06-25T11:02:26,100.0,15.7,S
2021-06-25T11:01:54,100.0,15.7,S
2021-06-25T11:01:53,1000.0,15.8,B
2021-06-25T11:01:45,2800.0,15.7,B
2021-06-25T11:01:45,5000.0,15.7,B
2021-06-25T11:01:44,2000.0,15.7,B
2021-06-25T11:01:35,100.0,15.7,B
2021-06-25T11:01:32,12600.0,15.7,B
2021-06-25T11:01:31,2000.0,15.7,B
2021-06-25T11:01:13,25200.0,15.7,B
2021-06-25T11:00:42,200.0,15.7,B
2021-06-25T10:59:27,200.0,15.6,S
2021-06-25T10:57:32,1000.0,15.6,S
2021-06-25T10:56:36,1000.0,15.6,S
2021-06-25T10:55:50,2200.0,15.6,B
2021-06-25T10:55:42,1900.0,15.5,S
2021-06-25T10:55:37,300.0,15.6,B
2021-06-25T10:55:10,1000.0,15.6,B
2021-06-25T10:54:12,200.0,15.6,B
2021-06-25T10:53:34,100.0,15.6,B
2021-06-25T10:53:27,28000.0,15.6,B
2021-06-25T10:53:09,100.0,15.5,S
2021-06-25T10:52:38,1500.0,15.5,S
2021-06-25T10:51:28,600.0,15.5,B
2021-06-25T10:51:26,1000.0,15.5,B
2021-06-25T10:51:23,1000.0,15.5,B
2021-06-25T10:51:13,500.0,15.5,B
2021-06-25T10:51:10,5000.0,15.5,B
2021-06-25T10:50:58,100.0,15.5,B
2021-06-25T10:50:55,100.0,15.5,B
2021-06-25T10:50:39,1000.0,15.5,B
2021-06-25T10:50:26,7200.0,15.5,B
2021-06-25T10:50:13,1200.0,15.5,B
2021-06-25T10:49:07,3500.0,15.4,S
2021-06-25T10:49:04,900.0,15.5,B
2021-06-25T10:48:35,100.0,15.4,S
2021-06-25T10:47:52,13900.0,15.4,B
2021-06-25T10:47:45,100.0,15.4,B
2021-06-25T10:47:44,100.0,15.4,B
2021-06-25T10:47:40,1000.0,15.4,B
2021-06-25T10:47:36,100.0,15.4,B
2021-06-25T10:47:32,1000.0,15.4,B
2021-06-25T10:47:19,2700.0,15.4,B
2021-06-25T10:47:11,1000.0,15.4,B
2021-06-25T10:47:09,2000.0,15.3,S
2021-06-25T10:47:01,200.0,15.4,B
2021-06-25T10:46:26,5000.0,15.4,B
2021-06-25T10:45:56,800.0,15.3,S
2021-06-25T10:45:51,1700.0,15.4,B
2021-06-25T10:44:38,13300.0,15.3,S
2021-06-25T10:44:32,21000.0,15.3,B
2021-06-25T10:44:31,2000.0,15.3,B
2021-06-25T10:44:29,100.0,15.3,B
2021-06-25T10:44:16,100.0,15.3,B
2021-06-25T10:43:58,100.0,15.2,S
2021-06-25T10:43:50,500.0,15.2,S
2021-06-25T10:43:38,100.0,15.2,S
2021-06-25T10:43:23,1000.0,15.3,B
2021-06-25T10:43:17,1000.0,15.2,S
2021-06-25T10:43:15,500.0,15.2,S
2021-06-25T10:43:03,12300.0,15.2,S
2021-06-25T10:42:42,100.0,15.3,S
2021-06-25T10:42:32,1000.0,15.3,S
2021-06-25T10:42:30,200.0,15.3,S
2021-06-25T10:42:22,1200.0,15.3,S
2021-06-25T10:42:19,1000.0,15.3,S
2021-06-25T10:42:17,5000.0,15.3,S
2021-06-25T10:42:15,300.0,15.3,S
2021-06-25T10:42:14,2000.0,15.3,S
2021-06-25T10:42:06,1000.0,15.3,S
2021-06-25T10:41:59,5000.0,15.3,S
2021-06-25T10:40:21,3000.0,15.4,B
2021-06-25T10:40:16,5500.0,15.3,S
2021-06-25T10:39:52,1000.0,15.3,S
2021-06-25T10:39:38,1000.0,15.3,S
2021-06-25T10:39:22,1000.0,15.3,S
2021-06-25T10:39:00,100.0,15.3,S
2021-06-25T10:38:59,1000.0,15.3,S
2021-06-25T10:38:26,3000.0,15.3,S
2021-06-25T10:38:07,100.0,15.3,S
2021-06-25T10:38:04,600.0,15.3,S
2021-06-25T10:37:49,300.0,15.3,S
2021-06-25T10:37:31,8000.0,15.3,S
2021-06-25T10:37:20,2500.0,15.3,S
2021-06-25T10:37:16,1000.0,15.3,S
2021-06-25T10:36:30,10000.0,15.3,S
2021-06-25T10:36:29,700.0,15.4,S
2021-06-25T10:36:28,10000.0,15.4,S
2021-06-25T10:36:27,5000.0,15.4,S
2021-06-25T10:36:19,1000.0,15.4,S
2021-06-25T10:36:13,200.0,15.4,S
2021-06-25T10:36:05,6200.0,15.4,S
2021-06-25T10:35:20,1000.0,15.4,S
2021-06-25T10:35:04,9700.0,15.4,S
2021-06-25T10:34:56,1300.0,15.4,S
2021-06-25T10:34:34,1000.0,15.4,S
2021-06-25T10:34:14,200.0,15.4,S
2021-06-25T10:34:06,100.0,15.4,S
2021-06-25T10:34:03,200.0,15.4,S
2021-06-25T10:33:17,1500.0,15.4,S
2021-06-25T10:33:06,100.0,15.4,S
2021-06-25T10:30:41,400.0,15.5,B
2021-06-25T10:29:55,100.0,15.5,B
2021-06-25T10:29:50,1000.0,15.5,B
2021-06-25T10:28:38,400.0,15.5,B
2021-06-25T10:28:14,200.0,15.5,B
2021-06-25T10:28:03,1000.0,15.5,S
2021-06-25T10:27:58,5000.0,15.5,S
2021-06-25T10:27:21,700.0,15.5,S
2021-06-25T10:26:59,1000.0,15.5,S
2021-06-25T10:26:45,500.0,15.5,S
2021-06-25T10:26:17,500.0,15.5,S
2021-06-25T10:26:11,100.0,15.6,B
2021-06-25T10:26:05,1000.0,15.5,S
2021-06-25T10:24:56,3000.0,15.5,S
2021-06-25T10:23:34,1000.0,15.5,S
2021-06-25T10:23:28,1000.0,15.6,B
2021-06-25T10:23:02,100.0,15.5,S
2021-06-25T10:22:58,100.0,15.5,S
2021-06-25T10:22:56,100.0,15.6,B
2021-06-25T10:21:51,700.0,15.5,B
2021-06-25T10:21:38,9600.0,15.5,B
2021-06-25T10:20:55,3000.0,15.5,B
2021-06-25T10:20:44,500.0,15.5,B
2021-06-25T10:20:21,100.0,15.5,B
2021-06-25T10:20:12,4400.0,15.5,S
2021-06-25T10:19:52,10000.0,15.5,S
2021-06-25T10:19:52,300.0,15.6,B
2021-06-25T10:19:34,200.0,15.5,S
2021-06-25T10:19:11,1000.0,15.5,S
2021-06-25T10:18:38,10000.0,15.5,S
2021-06-25T10:18:31,1000.0,15.5,S
2021-06-25T10:16:53,100.0,15.6,B
2021-06-25T10:16:01,200.0,15.6,B
2021-06-25T10:15:49,400.0,15.6,B
2021-06-25T10:15:33,8900.0,15.5,S
2021-06-25T10:15:20,500.0,15.5,S
2021-06-25T10:14:52,5000.0,15.5,S
2021-06-25T10:14:40,2000.0,15.5,S
2021-06-25T10:14:24,1100.0,15.5,S
2021-06-25T10:14:18,500.0,15.5,S
2021-06-25T10:13:47,2000.0,15.5,S
2021-06-25T10:13:37,1100.0,15.6,S
2021-06-25T10:13:31,500.0,15.6,S
2021-06-25T10:13:15,200.0,15.6,S
2021-06-25T10:13:08,2000.0,15.6,S
2021-06-25T10:12:32,1600.0,15.6,S
2021-06-25T10:11:25,2600.0,15.6,S
2021-06-25T10:11:21,1000.0,15.6,S
2021-06-25T10:11:16,100.0,15.6,S
2021-06-25T10:11:15,1000.0,15.6,S
2021-06-25T10:10:35,500.0,15.6,S
2021-06-25T10:10:31,1800.0,15.6,B
2021-06-25T10:10:18,600.0,15.6,B
2021-06-25T10:10:11,5000.0,15.6,B
2021-06-25T10:09:52,700.0,15.6,B
2021-06-25T10:09:06,100.0,15.6,S
2021-06-25T10:09:00,200.0,15.6,B
2021-06-25T10:08:34,10000.0,15.6,B
2021-06-25T10:08:32,1000.0,15.6,B
2021-06-25T10:07:53,300.0,15.6,B
2021-06-25T10:07:29,500.0,15.6,B
2021-06-25T10:07:20,5000.0,15.6,B
2021-06-25T10:06:59,100.0,15.6,B
2021-06-25T10:06:52,100.0,15.6,B
2021-06-25T10:06:41,100.0,15.6,S
2021-06-25T10:06:39,1000.0,15.6,S
2021-06-25T10:06:39,200.0,15.6,S
2021-06-25T10:06:28,20000.0,15.6,S
2021-06-25T10:06:13,10000.0,15.6,S
2021-06-25T10:06:02,2000.0,15.6,S
2021-06-25T10:05:38,1000.0,15.6,S
2021-06-25T10:05:00,1000.0,15.6,S
2021-06-25T10:04:25,500.0,15.6,S
2021-06-25T10:03:27,1000.0,15.6,S
2021-06-25T10:03:21,200.0,15.6,S
2021-06-25T10:03:19,1000.0,15.6,S
2021-06-25T10:02:49,10200.0,15.6,S
2021-06-25T10:01:52,500.0,15.7,B
2021-06-25T10:01:51,1000.0,15.7,B
2021-06-25T10:01:44,300.0,15.7,B
2021-06-25T10:01:34,100.0,15.7,B
2021-06-25T10:00:15,1000.0,15.7,B
2021-06-25T09:59:55,100.0,15.7,B
2021-06-25T09:59:14,400.0,15.6,S
2021-06-25T09:57:38,100.0,15.6,S
2021-06-25T09:57:36,500.0,15.6,S
2021-06-25T09:56:10,1000.0,15.6,S
2021-06-25T09:55:07,2500.0,15.6,S
2021-06-25T09:54:55,100.0,15.7,B
2021-06-25T09:54:53,5000.0,15.6,S
2021-06-25T09:54:46,100.0,15.7,B
2021-06-25T09:54:09,100.0,15.7,B
2021-06-25T09:53:11,300.0,15.6,S
2021-06-25T09:52:13,8000.0,15.7,B
2021-06-25T09:52:04,400.0,15.7,B
2021-06-25T09:51:54,1000.0,15.6,S
2021-06-25T09:51:24,200.0,15.6,S
2021-06-25T09:50:49,1000.0,15.6,S
2021-06-25T09:50:36,1500.0,15.6,S
2021-06-25T09:50:02,100.0,15.6,S
2021-06-25T09:49:32,200.0,15.7,B
2021-06-25T09:49:10,100.0,15.7,B
2021-06-25T09:48:09,1000.0,15.6,S
2021-06-25T09:47:45,4000.0,15.6,S
2021-06-25T09:45:34,5000.0,15.5,S
2021-06-25T09:45:30,700.0,15.7,B
2021-06-25T09:44:02,200.0,15.7,B
2021-06-25T09:43:41,300.0,15.7,B
2021-06-25T09:43:16,100.0,15.6,S
2021-06-25T09:42:50,600.0,15.6,B
2021-06-25T09:42:48,2000.0,15.6,B
2021-06-25T09:42:13,500.0,15.6,B
2021-06-25T09:42:09,1000.0,15.5,S
2021-06-25T09:41:20,700.0,15.6,B
2021-06-25T09:40:45,1000.0,15.5,S
2021-06-25T09:40:03,1000.0,15.5,S
2021-06-25T09:39:12,1000.0,15.6,S
2021-06-25T09:38:33,100.0,15.6,S
2021-06-25T09:38:22,1000.0,15.6,S
2021-06-25T09:38:02,100.0,15.6,S
2021-06-25T09:37:48,3800.0,15.5,S
2021-06-25T09:37:45,800.0,15.6,B
2021-06-25T09:37:44,100.0,15.6,B
2021-06-25T09:37:41,300.0,15.6,B
2021-06-25T09:37:33,700.0,15.6,B
2021-06-25T09:37:14,400.0,15.6,B
2021-06-25T09:36:42,1000.0,15.6,B
2021-06-25T09:36:24,2000.0,15.6,B
2021-06-25T09:35:54,100.0,15.6,B
2021-06-25T09:34:34,600.0,15.6,B
2021-06-25T09:34:25,300.0,15.6,B
2021-06-25T09:33:46,800.0,15.6,S
2021-06-25T09:33:19,100.0,15.6,S
2021-06-25T09:33:03,5000.0,15.6,S
2021-06-25T09:32:51,1500.0,15.6,S
2021-06-25T09:32:45,2000.0,15.6,S
2021-06-25T09:32:43,900.0,15.6,B
2021-06-25T09:32:28,1000.0,15.6,B
2021-06-25T09:32:04,200.0,15.6,B
2021-06-25T09:30:55,700.0,15.5,S
2021-06-25T09:30:53,400.0,15.5,B
2021-06-25T09:30:44,800.0,15.5,B
2021-06-25T09:30:32,200.0,15.5,B
2021-06-25T09:29:49,9800.0,15.5,S
2021-06-25T09:29:33,1400.0,15.6,B
2021-06-25T09:29:31,1100.0,15.6,S
2021-06-25T09:29:16,100.0,15.6,S
2021-06-25T09:29:10,1000.0,15.6,S
2021-06-25T09:29:08,600.0,15.6,S
2021-06-25T09:28:56,1000.0,15.6,S
2021-06-25T09:28:56,100.0,15.6,S
2021-06-25T09:28:56,2000.0,15.6,S
2021-06-25T09:28:49,200.0,15.6,S
2021-06-25T09:28:42,4300.0,15.6,S
2021-06-25T09:28:35,500.0,15.7,B
2021-06-25T09:26:34,500.0,15.7,B
2021-06-25T09:26:33,2500.0,15.6,S
2021-06-25T09:26:30,400.0,15.6,S
2021-06-25T09:26:15,500.0,15.6,S
2021-06-25T09:25:55,500.0,15.6,S
2021-06-25T09:25:14,100.0,15.7,B
2021-06-25T09:25:06,1000.0,15.6,S
2021-06-25T09:24:44,400.0,15.6,S
2021-06-25T09:24:17,500.0,15.7,B
2021-06-25T09:23:41,1700.0,15.7,S
2021-06-25T09:23:34,1000.0,15.7,S
2021-06-25T09:23:26,2900.0,15.7,S
2021-06-25T09:22:48,100.0,15.7,S
2021-06-25T09:22:47,200.0,15.7,S
2021-06-25T09:22:31,100.0,15.7,S
2021-06-25T09:22:29,500.0,15.7,S
2021-06-25T09:22:28,100.0,15.8,B
2021-06-25T09:22:27,200.0,15.7,S
2021-06-25T09:21:47,100.0,15.7,S
2021-06-25T09:21:33,100.0,15.7,S
2021-06-25T09:21:32,600.0,15.7,B
2021-06-25T09:21:32,1000.0,15.7,B
2021-06-25T09:21:21,100.0,15.6,S
2021-06-25T09:21:02,100.0,15.7,B
2021-06-25T09:21:00,5000.0,15.7,B
2021-06-25T09:20:59,200.0,15.7,B
2021-06-25T09:20:56,100.0,15.7,B
2021-06-25T09:20:36,2000.0,15.7,B
2021-06-25T09:19:50,200.0,15.7,B
2021-06-25T09:18:34,400.0,15.7,B
2021-06-25T09:18:12,100.0,15.6,S
2021-06-25T09:18:04,3300.0,15.7,B
2021-06-25T09:17:33,3000.0,15.6,B
2021-06-25T09:17:14,500.0,15.5,B
2021-06-25T09:17:10,100.0,15.5,B
2021-06-25T09:17:03,1300.0,15.5,B
2021-06-25T09:17:02,200.0,15.5,B
2021-06-25T09:16:29,7000.0,15.4,S
2021-06-25T09:16:19,4000.0,15.5,B
2021-06-25T09:16:15,5000.0,15.4,S
2021-06-25T09:15:12,1000.0,15.5,B
2021-06-25T09:14:56,100.0,15.5,S
2021-06-25T09:14:50,1000.0,15.5,S
2021-06-25T09:14:39,1900.0,15.5,B
2021-06-25T09:14:23,5100.0,15.5,S
2021-06-25T09:14:19,1000.0,15.5,S
2021-06-25T09:14:02,100.0,15.5,S
2021-06-25T09:14:00,3000.0,15.5,S
2021-06-25T09:13:34,700.0,15.5,S
2021-06-25T09:13:33,700.0,15.5,S
2021-06-25T09:13:29,500.0,15.5,S
2021-06-25T09:13:16,3800.0,15.5,S
2021-06-25T09:13:09,200.0,15.6,S
2021-06-25T09:12:28,800.0,15.6,S
2021-06-25T09:12:21,500.0,15.6,S
2021-06-25T09:11:26,1800.0,15.7,S
2021-06-25T09:11:24,2000.0,15.7,S
2021-06-25T09:11:18,1000.0,15.8,B
2021-06-25T09:11:07,1000.0,15.8,B
2021-06-25T09:11:02,100.0,15.7,S
2021-06-25T09:10:51,3000.0,15.7,S
2021-06-25T09:10:24,700.0,15.8,B
2021-06-25T09:10:19,1000.0,15.8,B
2021-06-25T09:10:01,200.0,15.8,B
2021-06-25T09:09:03,1000.0,15.8,S
2021-06-25T09:08:27,1000.0,15.8,S
2021-06-25T09:08:23,1000.0,15.9,B
2021-06-25T09:08:04,400.0,15.8,B
2021-06-25T09:07:46,100.0,15.8,B
2021-06-25T09:07:45,3000.0,15.8,S
2021-06-25T09:07:34,100.0,15.8,S
2021-06-25T09:07:33,1000.0,15.8,S
2021-06-25T09:07:08,100.0,15.8,B
2021-06-25T09:07:01,800.0,15.8,B
2021-06-25T09:06:51,300.0,15.8,S
2021-06-25T09:06:44,2000.0,15.8,B
2021-06-25T09:06:38,100.0,15.7,S
2021-06-25T09:06:33,200.0,15.7,S
2021-06-25T09:06:26,1200.0,15.7,S
2021-06-25T09:06:26,1000.0,15.7,S
2021-06-25T09:06:26,100.0,15.8,B
2021-06-25T09:06:14,5000.0,15.7,B
2021-06-25T09:06:00,300.0,15.7,B
2021-06-25T09:05:58,100.0,15.7,B
2021-06-25T09:05:52,100.0,15.7,B
2021-06-25T09:05:49,100.0,15.7,B
2021-06-25T09:05:39,4000.0,15.7,B
2021-06-25T09:05:20,400.0,15.6,B
2021-06-25T09:05:01,500.0,15.5,S
2021-06-25T09:04:47,33600.0,15.5,B
2021-06-25T09:04:44,100.0,15.4,S
2021-06-25T09:04:37,200.0,15.3,S
2021-06-25T09:04:34,200.0,15.3,B
2021-06-25T09:04:33,1500.0,15.3,B
2021-06-25T09:04:30,500.0,15.3,B
2021-06-25T09:04:29,1000.0,15.3,B
2021-06-25T09:04:22,1400.0,15.2,S
2021-06-25T09:04:17,200.0,15.2,B
2021-06-25T09:04:12,100.0,15.1,S
2021-06-25T09:04:10,400.0,15.1,S
2021-06-25T09:04:05,1100.0,15.1,B
2021-06-25T09:03:59,500.0,15.1,B
2021-06-25T09:03:58,2000.0,15.0,S
2021-06-25T09:03:50,600.0,15.0,B
2021-06-25T09:03:44,100.0,15.0,B
2021-06-25T09:03:41,100.0,15.0,S
2021-06-25T09:03:38,1000.0,15.0,B
2021-06-25T09:03:37,200.0,15.0,B
2021-06-25T09:03:36,500.0,15.0,B
2021-06-25T09:03:35,500.0,15.0,B
2021-06-25T09:03:34,1100.0,15.0,B
2021-06-25T09:03:31,1000.0,15.0,B
2021-06-25T09:03:29,1700.0,15.0,B
2021-06-25T09:03:29,1000.0,15.0,B
2021-06-25T09:03:28,1900.0,15.0,B
2021-06-25T09:03:18,1000.0,15.0,B
2021-06-25T09:03:16,2000.0,15.0,B
2021-06-25T09:03:13,100.0,15.0,B
2021-06-25T09:03:07,100.0,15.0,B
2021-06-25T09:03:07,400.0,15.0,B
2021-06-25T09:03:06,1000.0,15.0,B
2021-06-25T09:03:02,1100.0,15.0,S
2021-06-25T09:02:58,5000.0,15.1,B
2021-06-25T09:02:56,3000.0,15.0,B
2021-06-25T09:02:55,100.0,15.0,B
2021-06-25T09:02:51,100.0,15.0,B
2021-06-25T09:02:48,100.0,15.0,B
2021-06-25T09:02:47,200.0,15.0,B
2021-06-25T09:02:46,1000.0,15.0,B
2021-06-25T09:02:46,500.0,15.0,B
2021-06-25T09:02:40,200.0,15.0,B
2021-06-25T09:02:34,100.0,15.0,B
2021-06-25T09:02:28,100.0,15.0,B
2021-06-25T09:02:26,20500.0,15.0,S
2021-06-25T09:02:25,8300.0,15.0,S
2021-06-25T09:02:24,1400.0,15.2,B
2021-06-25T09:02:22,100.0,15.1,S
2021-06-25T09:02:22,400.0,15.1,S
2021-06-25T09:02:19,1000.0,15.1,B
2021-06-25T09:02:17,500.0,15.1,B
2021-06-25T09:02:04,500.0,15.1,B
2021-06-25T09:01:56,100.0,15.1,B
2021-06-25T09:01:46,1100.0,15.1,S
2021-06-25T09:01:45,100.0,15.2,B
2021-06-25T09:01:38,3000.0,15.2,B
2021-06-25T09:01:35,100.0,15.2,B
2021-06-25T09:01:26,100.0,15.3,B
2021-06-25T09:01:18,1100.0,15.3,B
2021-06-25T09:01:18,2000.0,15.3,S
2021-06-25T09:01:05,200.0,15.3,S
2021-06-25T09:01:00,500.0,15.3,S
2021-06-25T09:00:51,100.0,15.5,B
2021-06-25T09:00:44,300.0,15.5,B
2021-06-25T09:00:34,600.0,15.5,B
2021-06-25T09:00:26,500.0,15.5,B
2021-06-25T09:00:20,2600.0,15.5,B
2021-06-25T09:00:06,300.0,15.5,S
