tradingTime,volume,price,side
2021-06-25T14:30:07,4000.0,13.9,S
2021-06-25T14:30:00,2700.0,13.9,S
2021-06-25T14:29:46,3100.0,13.95,B
2021-06-25T14:27:24,3000.0,13.9,S
2021-06-25T14:27:10,3000.0,13.9,S
2021-06-25T14:26:38,1000.0,13.9,B
2021-06-25T14:26:38,500.0,13.9,B
2021-06-25T14:26:04,1000.0,13.9,B
2021-06-25T14:25:49,100.0,13.9,B
2021-06-25T14:25:43,1400.0,13.9,B
2021-06-25T14:25:42,600.0,13.9,B
2021-06-25T14:24:42,100.0,13.9,S
2021-06-25T14:24:42,2400.0,13.9,S
2021-06-25T14:24:33,5000.0,13.9,S
2021-06-25T14:24:26,1200.0,13.9,S
2021-06-25T14:23:16,100.0,13.95,B
2021-06-25T14:22:52,9400.0,13.9,B
2021-06-25T14:22:16,1100.0,13.85,S
2021-06-25T14:22:14,900.0,13.9,B
2021-06-25T14:21:42,5000.0,13.9,B
2021-06-25T14:20:57,500.0,13.85,S
2021-06-25T14:20:22,700.0,13.9,S
2021-06-25T14:20:22,2600.0,13.9,S
2021-06-25T14:20:22,1100.0,13.9,S
2021-06-25T14:20:21,1500.0,13.9,S
2021-06-25T14:20:21,2500.0,13.9,S
2021-06-25T14:20:18,100.0,13.9,S
2021-06-25T14:19:37,1000.0,13.9,S
2021-06-25T14:19:22,100.0,13.95,B
2021-06-25T14:18:52,200.0,13.95,B
2021-06-25T14:18:07,2200.0,13.95,B
2021-06-25T14:18:04,500.0,13.9,S
2021-06-25T14:17:38,300.0,13.9,S
2021-06-25T14:17:27,500.0,13.9,S
2021-06-25T14:17:23,15000.0,13.9,S
2021-06-25T14:16:57,1100.0,13.9,S
2021-06-25T14:16:48,100.0,13.95,B
2021-06-25T14:16:43,100.0,13.9,S
2021-06-25T14:16:41,8300.0,13.9,S
2021-06-25T14:15:45,3000.0,13.9,S
2021-06-25T14:15:42,100.0,13.95,B
2021-06-25T14:14:37,7000.0,13.9,S
2021-06-25T14:14:03,800.0,13.9,S
2021-06-25T14:12:16,2200.0,13.95,B
2021-06-25T14:12:05,500.0,13.9,S
2021-06-25T14:11:21,100.0,13.95,B
2021-06-25T14:11:20,1000.0,13.95,B
2021-06-25T14:10:24,200.0,13.95,B
2021-06-25T14:09:22,100.0,13.95,B
2021-06-25T14:09:14,500.0,13.95,B
2021-06-25T14:08:22,100.0,13.95,B
2021-06-25T14:07:19,100.0,13.95,B
2021-06-25T14:06:44,200.0,13.95,S
2021-06-25T14:06:22,1000.0,13.95,S
2021-06-25T14:05:58,5000.0,13.9,S
2021-06-25T14:05:43,200.0,13.95,B
2021-06-25T14:05:35,900.0,13.95,B
2021-06-25T14:05:19,1000.0,13.95,B
2021-06-25T14:05:15,400.0,13.95,B
2021-06-25T14:05:11,500.0,13.95,B
2021-06-25T14:05:02,1000.0,13.95,B
2021-06-25T14:04:47,2000.0,13.95,B
2021-06-25T14:04:33,2800.0,13.95,B
2021-06-25T14:04:26,200.0,13.95,B
2021-06-25T14:04:14,100.0,13.95,B
2021-06-25T14:04:02,200.0,13.95,B
2021-06-25T14:03:36,400.0,13.95,B
2021-06-25T14:03:36,4300.0,13.95,B
2021-06-25T14:03:36,5000.0,13.95,B
2021-06-25T14:03:35,700.0,13.95,B
2021-06-25T14:03:06,5000.0,13.95,B
2021-06-25T14:02:58,3000.0,13.95,B
2021-06-25T14:02:50,2000.0,13.95,B
2021-06-25T14:02:02,100.0,13.95,B
2021-06-25T14:02:02,7900.0,13.95,B
2021-06-25T14:02:02,200.0,13.9,B
2021-06-25T14:02:02,2000.0,13.9,B
2021-06-25T14:02:02,500.0,13.9,B
2021-06-25T14:02:02,9300.0,13.9,B
2021-06-25T14:01:42,5000.0,13.9,B
2021-06-25T14:01:12,3200.0,13.9,B
2021-06-25T14:01:12,6800.0,13.9,B
2021-06-25T14:01:01,200.0,13.9,B
2021-06-25T14:00:39,7400.0,13.9,B
2021-06-25T14:00:34,100.0,13.85,S
2021-06-25T13:59:48,1900.0,13.85,S
2021-06-25T13:58:53,500.0,13.85,S
2021-06-25T13:58:04,200.0,13.85,S
2021-06-25T13:57:59,2000.0,13.85,S
2021-06-25T13:57:50,1000.0,13.85,S
2021-06-25T13:57:46,600.0,13.85,S
2021-06-25T13:57:22,1000.0,13.85,S
2021-06-25T13:55:44,3800.0,13.85,S
2021-06-25T13:55:28,500.0,13.85,S
2021-06-25T13:54:39,200.0,13.85,S
2021-06-25T13:54:16,5000.0,13.9,B
2021-06-25T13:51:52,200.0,13.9,B
2021-06-25T13:51:26,100.0,13.9,B
2021-06-25T13:49:54,600.0,13.85,S
2021-06-25T13:49:28,1400.0,13.85,B
2021-06-25T13:49:27,1100.0,13.85,B
2021-06-25T13:49:27,1900.0,13.85,B
2021-06-25T13:49:26,200.0,13.85,B
2021-06-25T13:49:23,500.0,13.85,B
2021-06-25T13:49:16,1400.0,13.8,S
2021-06-25T13:49:16,5000.0,13.8,S
2021-06-25T13:49:16,12700.0,13.8,S
2021-06-25T13:49:13,2000.0,13.85,B
2021-06-25T13:49:06,200.0,13.85,B
2021-06-25T13:49:05,1000.0,13.85,B
2021-06-25T13:48:55,5000.0,13.85,B
2021-06-25T13:48:32,100.0,13.85,B
2021-06-25T13:48:32,500.0,13.85,B
2021-06-25T13:48:30,1000.0,13.8,S
2021-06-25T13:48:26,2100.0,13.85,S
2021-06-25T13:48:26,100.0,13.85,S
2021-06-25T13:48:26,6200.0,13.85,S
2021-06-25T13:48:26,8200.0,13.85,S
2021-06-25T13:48:22,2000.0,13.85,S
2021-06-25T13:45:11,100.0,13.85,S
2021-06-25T13:45:11,300.0,13.85,S
2021-06-25T13:45:11,3000.0,13.85,S
2021-06-25T13:45:11,1300.0,13.85,S
2021-06-25T13:45:11,7300.0,13.85,S
2021-06-25T13:44:48,100.0,13.9,B
2021-06-25T13:44:35,2000.0,13.85,S
2021-06-25T13:44:29,1000.0,13.85,S
2021-06-25T13:44:29,1000.0,13.85,S
2021-06-25T13:44:28,2500.0,13.85,S
2021-06-25T13:43:55,3000.0,13.85,S
2021-06-25T13:43:55,200.0,13.85,S
2021-06-25T13:43:33,2500.0,13.85,S
2021-06-25T13:43:02,300.0,13.85,S
2021-06-25T13:42:42,10000.0,13.85,S
2021-06-25T13:42:21,2700.0,13.85,S
2021-06-25T13:41:36,3800.0,13.85,S
2021-06-25T13:41:01,4200.0,13.9,B
2021-06-25T13:40:35,1500.0,13.85,B
2021-06-25T13:40:33,500.0,13.85,B
2021-06-25T13:40:33,1000.0,13.85,B
2021-06-25T13:40:24,10000.0,13.85,B
2021-06-25T13:40:13,2000.0,13.85,B
2021-06-25T13:39:49,100.0,13.85,B
2021-06-25T13:39:46,3100.0,13.85,B
2021-06-25T13:39:45,100.0,13.85,B
2021-06-25T13:39:16,100.0,13.85,B
2021-06-25T13:39:16,200.0,13.85,B
2021-06-25T13:39:15,100.0,13.85,B
2021-06-25T13:38:33,3800.0,13.85,S
2021-06-25T13:38:05,500.0,13.85,S
2021-06-25T13:38:05,8000.0,13.85,S
2021-06-25T13:37:55,1700.0,13.85,S
2021-06-25T13:37:55,8300.0,13.85,S
2021-06-25T13:36:26,500.0,13.85,S
2021-06-25T13:36:00,500.0,13.85,S
2021-06-25T13:35:15,500.0,13.85,S
2021-06-25T13:34:23,200.0,13.85,S
2021-06-25T13:34:12,1000.0,13.85,S
2021-06-25T13:33:27,6600.0,13.85,S
2021-06-25T13:33:20,20000.0,13.85,S
2021-06-25T13:32:56,400.0,13.85,S
2021-06-25T13:32:38,900.0,13.85,S
2021-06-25T13:32:02,700.0,13.85,S
2021-06-25T13:31:17,600.0,13.85,S
2021-06-25T13:31:02,200.0,13.85,S
2021-06-25T13:29:39,14100.0,13.8,S
2021-06-25T13:29:15,500.0,13.85,S
2021-06-25T13:28:51,500.0,13.85,S
2021-06-25T13:28:42,4000.0,13.85,S
2021-06-25T13:28:27,10000.0,13.85,S
2021-06-25T13:28:27,200.0,13.85,S
2021-06-25T13:28:10,1000.0,13.85,S
2021-06-25T13:26:51,5000.0,13.85,S
2021-06-25T13:26:01,20000.0,13.85,S
2021-06-25T13:25:07,4300.0,13.85,S
2021-06-25T13:24:52,500.0,13.9,B
2021-06-25T13:24:45,2000.0,13.85,S
2021-06-25T13:23:36,300.0,13.85,B
2021-06-25T13:23:33,6600.0,13.85,S
2021-06-25T13:23:33,10200.0,13.85,S
2021-06-25T13:23:32,2900.0,13.85,S
2021-06-25T13:23:04,5000.0,13.85,S
2021-06-25T13:22:26,5000.0,13.85,S
2021-06-25T13:22:14,700.0,13.85,S
2021-06-25T13:20:40,800.0,13.85,S
2021-06-25T13:20:40,300.0,13.85,S
2021-06-25T13:20:40,2100.0,13.85,S
2021-06-25T13:20:40,200.0,13.85,S
2021-06-25T13:20:40,5300.0,13.85,S
2021-06-25T13:20:40,2000.0,13.85,S
2021-06-25T13:20:40,4200.0,13.85,S
2021-06-25T13:20:40,2000.0,13.85,S
2021-06-25T13:20:40,600.0,13.85,S
2021-06-25T13:20:40,2500.0,13.85,S
2021-06-25T13:20:30,7400.0,13.9,B
2021-06-25T13:19:28,800.0,13.85,S
2021-06-25T13:19:17,200.0,13.9,B
2021-06-25T13:18:52,100.0,13.85,S
2021-06-25T13:18:44,200.0,13.9,B
2021-06-25T13:18:31,2000.0,13.9,B
2021-06-25T13:17:39,200.0,13.9,B
2021-06-25T13:17:16,1000.0,13.85,S
2021-06-25T13:16:45,10000.0,13.9,B
2021-06-25T13:15:16,2200.0,13.85,B
2021-06-25T13:15:10,2000.0,13.85,B
2021-06-25T13:15:08,100.0,13.85,B
2021-06-25T13:15:06,1600.0,13.85,B
2021-06-25T13:15:01,1000.0,13.85,B
2021-06-25T13:14:52,5000.0,13.85,B
2021-06-25T13:14:49,2000.0,13.85,B
2021-06-25T13:14:47,100.0,13.85,B
2021-06-25T13:14:17,2000.0,13.85,S
2021-06-25T13:14:17,4000.0,13.85,S
2021-06-25T13:13:04,100.0,13.85,B
2021-06-25T13:12:59,200.0,13.8,S
2021-06-25T13:12:50,5000.0,13.85,B
2021-06-25T13:12:43,300.0,13.85,B
2021-06-25T13:12:42,1000.0,13.85,B
2021-06-25T13:12:33,1100.0,13.8,S
2021-06-25T13:12:33,1100.0,13.8,S
2021-06-25T13:12:33,2800.0,13.8,S
2021-06-25T13:12:21,300.0,13.8,S
2021-06-25T13:12:16,100.0,13.85,B
2021-06-25T13:11:41,3000.0,13.85,S
2021-06-25T13:11:32,3500.0,13.85,S
2021-06-25T13:11:32,5000.0,13.85,S
2021-06-25T13:11:32,2000.0,13.85,S
2021-06-25T13:10:28,1200.0,13.85,B
2021-06-25T13:10:27,900.0,13.85,B
2021-06-25T13:10:25,3400.0,13.85,B
2021-06-25T13:10:23,100.0,13.85,B
2021-06-25T13:10:14,200.0,13.85,B
2021-06-25T13:09:43,5000.0,13.85,S
2021-06-25T13:09:43,3000.0,13.85,S
2021-06-25T13:09:43,500.0,13.85,S
2021-06-25T13:09:43,2000.0,13.85,S
2021-06-25T13:09:43,8000.0,13.85,S
2021-06-25T13:09:43,200.0,13.85,S
2021-06-25T13:08:25,300.0,13.85,S
2021-06-25T13:08:13,2800.0,13.85,B
2021-06-25T13:08:09,200.0,13.85,B
2021-06-25T13:08:02,500.0,13.85,B
2021-06-25T13:08:00,1000.0,13.85,B
2021-06-25T13:07:55,3000.0,13.85,B
2021-06-25T13:07:47,1000.0,13.85,B
2021-06-25T13:07:31,200.0,13.85,S
2021-06-25T13:07:30,13300.0,13.85,S
2021-06-25T13:06:59,100.0,13.9,S
2021-06-25T13:05:03,100.0,13.95,B
2021-06-25T13:04:58,500.0,13.95,B
2021-06-25T13:04:31,500.0,13.95,B
2021-06-25T13:04:08,5000.0,13.95,B
2021-06-25T13:03:56,100.0,13.95,B
2021-06-25T13:03:49,5000.0,13.95,B
2021-06-25T13:03:44,100.0,13.85,S
2021-06-25T13:03:16,2900.0,13.85,S
2021-06-25T13:03:16,600.0,13.85,S
2021-06-25T13:03:16,1500.0,13.85,S
2021-06-25T13:01:48,5100.0,13.85,S
2021-06-25T13:01:48,1100.0,13.85,S
2021-06-25T13:01:47,13800.0,13.85,S
2021-06-25T13:00:25,1700.0,13.95,B
2021-06-25T13:00:21,100.0,13.95,B
2021-06-25T13:00:14,3000.0,13.85,S
2021-06-25T11:29:43,1000.0,13.95,B
2021-06-25T11:29:26,400.0,13.9,S
2021-06-25T11:28:03,100.0,13.95,B
2021-06-25T11:27:29,200.0,13.9,S
2021-06-25T11:26:24,2800.0,13.9,B
2021-06-25T11:26:06,1000.0,13.9,S
2021-06-25T11:24:54,100.0,13.9,B
2021-06-25T11:24:23,100.0,13.9,B
2021-06-25T11:23:55,500.0,13.9,S
2021-06-25T11:21:49,300.0,13.9,B
2021-06-25T11:21:27,200.0,13.9,B
2021-06-25T11:19:11,300.0,13.9,B
2021-06-25T11:17:34,1300.0,13.85,S
2021-06-25T11:17:27,20000.0,13.85,B
2021-06-25T11:17:23,3000.0,13.85,B
2021-06-25T11:17:00,1000.0,13.85,B
2021-06-25T11:16:50,7000.0,13.85,B
2021-06-25T11:16:41,2000.0,13.8,S
2021-06-25T11:16:24,200.0,13.85,B
2021-06-25T11:16:06,500.0,13.85,B
2021-06-25T11:15:40,100.0,13.85,B
2021-06-25T11:15:34,5000.0,13.85,B
2021-06-25T11:15:20,5000.0,13.85,B
2021-06-25T11:15:19,1000.0,13.85,B
2021-06-25T11:15:14,1000.0,13.85,B
2021-06-25T11:14:53,200.0,13.85,B
2021-06-25T11:14:51,5000.0,13.85,B
2021-06-25T11:14:46,200.0,13.85,S
2021-06-25T11:14:45,200.0,13.9,B
2021-06-25T11:13:58,200.0,13.85,S
2021-06-25T11:12:21,3800.0,13.8,S
2021-06-25T11:12:21,100.0,13.8,S
2021-06-25T11:12:21,500.0,13.8,S
2021-06-25T11:12:21,300.0,13.8,S
2021-06-25T11:12:21,14000.0,13.8,S
2021-06-25T11:12:21,12300.0,13.8,S
2021-06-25T11:12:21,400.0,13.8,S
2021-06-25T11:12:21,500.0,13.8,S
2021-06-25T11:12:21,200.0,13.8,S
2021-06-25T11:12:21,1900.0,13.8,S
2021-06-25T11:12:21,500.0,13.85,S
2021-06-25T11:12:21,500.0,13.85,S
2021-06-25T11:12:21,7000.0,13.85,S
2021-06-25T11:12:21,6500.0,13.85,S
2021-06-25T11:12:21,100.0,13.85,S
2021-06-25T11:12:21,1000.0,13.85,S
2021-06-25T11:12:21,300.0,13.85,S
2021-06-25T11:12:21,9000.0,13.85,S
2021-06-25T11:12:21,100.0,13.9,B
2021-06-25T11:12:07,300.0,13.85,S
2021-06-25T11:11:21,1500.0,13.9,B
2021-06-25T11:11:05,10000.0,13.9,B
2021-06-25T11:10:51,1000.0,13.9,B
2021-06-25T11:10:34,2100.0,13.85,S
2021-06-25T11:09:47,100.0,13.9,B
2021-06-25T11:09:43,3500.0,13.85,S
2021-06-25T11:06:52,600.0,13.9,B
2021-06-25T11:04:56,100.0,13.85,S
2021-06-25T11:04:47,5000.0,13.85,S
2021-06-25T11:04:21,200.0,13.9,B
2021-06-25T11:04:21,100.0,13.9,B
2021-06-25T11:04:13,100.0,13.9,B
2021-06-25T11:04:00,1100.0,13.9,S
2021-06-25T11:03:30,500.0,13.9,S
2021-06-25T11:03:30,1500.0,13.9,S
2021-06-25T11:02:39,1000.0,13.9,S
2021-06-25T11:01:42,300.0,13.9,S
2021-06-25T11:01:41,600.0,13.9,S
2021-06-25T11:01:38,300.0,13.9,S
2021-06-25T11:01:21,3000.0,13.9,S
2021-06-25T11:01:17,1700.0,13.9,S
2021-06-25T11:00:07,900.0,13.9,S
2021-06-25T10:59:33,900.0,13.9,S
2021-06-25T10:59:33,1000.0,13.9,S
2021-06-25T10:58:29,3000.0,13.9,S
2021-06-25T10:57:45,600.0,13.9,S
2021-06-25T10:57:45,1400.0,13.9,S
2021-06-25T10:55:02,2300.0,13.9,S
2021-06-25T10:54:28,1000.0,13.9,S
2021-06-25T10:54:01,5000.0,13.9,S
2021-06-25T10:53:43,1000.0,13.9,S
2021-06-25T10:53:39,2200.0,13.9,S
2021-06-25T10:52:31,1000.0,13.9,S
2021-06-25T10:51:50,100.0,13.9,S
2021-06-25T10:51:25,100.0,13.9,S
2021-06-25T10:50:42,300.0,13.9,S
2021-06-25T10:49:04,100.0,13.9,S
2021-06-25T10:48:46,300.0,13.9,S
2021-06-25T10:48:30,500.0,13.9,S
2021-06-25T10:48:11,2900.0,13.85,S
2021-06-25T10:48:09,1000.0,13.9,S
2021-06-25T10:47:50,400.0,13.9,S
2021-06-25T10:47:38,500.0,13.9,B
2021-06-25T10:47:34,1200.0,13.9,B
2021-06-25T10:47:26,4900.0,13.9,B
2021-06-25T10:47:15,500.0,13.85,S
2021-06-25T10:46:41,1000.0,13.85,B
2021-06-25T10:46:38,200.0,13.85,B
2021-06-25T10:46:19,200.0,13.8,S
2021-06-25T10:46:17,100.0,13.85,B
2021-06-25T10:45:51,1300.0,13.8,S
2021-06-25T10:45:47,1000.0,13.85,B
2021-06-25T10:45:41,1600.0,13.8,S
2021-06-25T10:45:41,1000.0,13.8,S
2021-06-25T10:45:41,1400.0,13.8,S
2021-06-25T10:45:07,300.0,13.8,S
2021-06-25T10:44:52,200.0,13.8,S
2021-06-25T10:44:52,400.0,13.8,S
2021-06-25T10:44:52,1400.0,13.8,S
2021-06-25T10:44:49,100.0,13.8,S
2021-06-25T10:44:25,100.0,13.85,B
2021-06-25T10:43:55,1900.0,13.8,S
2021-06-25T10:43:53,12200.0,13.8,S
2021-06-25T10:43:53,1000.0,13.8,S
2021-06-25T10:43:53,3100.0,13.8,S
2021-06-25T10:43:53,2200.0,13.8,S
2021-06-25T10:43:53,8300.0,13.8,S
2021-06-25T10:43:48,17500.0,13.85,B
2021-06-25T10:43:42,3900.0,13.8,S
2021-06-25T10:43:18,300.0,13.8,S
2021-06-25T10:42:55,300.0,13.8,S
2021-06-25T10:42:47,2400.0,13.85,B
2021-06-25T10:42:40,5000.0,13.85,B
2021-06-25T10:42:36,200.0,13.85,B
2021-06-25T10:42:36,2000.0,13.85,B
2021-06-25T10:42:35,3000.0,13.8,S
2021-06-25T10:42:01,500.0,13.85,B
2021-06-25T10:42:00,100.0,13.85,B
2021-06-25T10:41:25,100.0,13.85,S
2021-06-25T10:40:59,200.0,13.85,S
2021-06-25T10:40:36,2000.0,13.85,S
2021-06-25T10:40:31,1300.0,13.85,S
2021-06-25T10:40:30,1100.0,13.85,S
2021-06-25T10:40:20,400.0,13.85,S
2021-06-25T10:40:12,1000.0,13.85,S
2021-06-25T10:40:05,5000.0,13.85,S
2021-06-25T10:39:36,2000.0,13.85,S
2021-06-25T10:39:31,100.0,13.85,S
2021-06-25T10:39:11,2600.0,13.85,S
2021-06-25T10:39:11,1200.0,13.85,S
2021-06-25T10:39:11,2000.0,13.85,S
2021-06-25T10:39:02,5000.0,13.85,S
2021-06-25T10:38:44,300.0,13.85,S
2021-06-25T10:38:43,2000.0,13.85,S
2021-06-25T10:38:38,100.0,13.9,B
2021-06-25T10:38:22,15600.0,13.85,S
2021-06-25T10:38:22,400.0,13.85,S
2021-06-25T10:38:21,1300.0,13.85,S
2021-06-25T10:38:21,6600.0,13.85,S
2021-06-25T10:38:21,6200.0,13.85,S
2021-06-25T10:38:21,5000.0,13.85,S
2021-06-25T10:38:21,100.0,13.85,S
2021-06-25T10:38:21,6100.0,13.85,S
2021-06-25T10:38:21,3600.0,13.85,S
2021-06-25T10:38:21,3200.0,13.85,S
2021-06-25T10:38:21,1900.0,13.85,S
2021-06-25T10:38:00,1000.0,13.85,S
2021-06-25T10:37:44,100.0,13.9,B
2021-06-25T10:35:52,100.0,13.9,S
2021-06-25T10:35:52,1000.0,13.9,S
2021-06-25T10:35:52,10700.0,13.9,S
2021-06-25T10:35:52,600.0,13.9,S
2021-06-25T10:35:52,16700.0,13.9,S
2021-06-25T10:35:13,10000.0,13.9,S
2021-06-25T10:35:04,2000.0,13.95,B
2021-06-25T10:35:03,300.0,13.9,S
2021-06-25T10:35:03,100.0,13.9,S
2021-06-25T10:35:03,15000.0,13.9,S
2021-06-25T10:34:06,300.0,13.9,S
2021-06-25T10:33:50,500.0,13.9,S
2021-06-25T10:33:49,100.0,13.95,B
2021-06-25T10:33:44,2000.0,13.9,S
2021-06-25T10:27:50,500.0,13.9,S
2021-06-25T10:26:53,5000.0,13.9,S
2021-06-25T10:26:21,300.0,13.95,S
2021-06-25T10:26:15,1000.0,13.95,S
2021-06-25T10:26:08,1500.0,13.95,B
2021-06-25T10:25:34,4000.0,13.9,S
2021-06-25T10:24:07,900.0,13.95,S
2021-06-25T10:23:39,300.0,13.95,S
2021-06-25T10:23:31,1200.0,13.95,S
2021-06-25T10:23:31,500.0,13.95,S
2021-06-25T10:23:31,300.0,13.95,S
2021-06-25T10:22:42,2000.0,13.95,S
2021-06-25T10:20:55,200.0,13.95,S
2021-06-25T10:20:35,700.0,13.95,S
2021-06-25T10:19:55,2000.0,13.95,S
2021-06-25T10:19:33,1000.0,13.95,S
2021-06-25T10:17:55,600.0,13.95,B
2021-06-25T10:17:49,1500.0,13.95,S
2021-06-25T10:17:49,1900.0,13.95,S
2021-06-25T10:16:21,1100.0,13.95,S
2021-06-25T10:15:15,7800.0,13.95,B
2021-06-25T10:13:56,1300.0,13.95,B
2021-06-25T10:13:05,500.0,13.95,B
2021-06-25T10:12:40,4800.0,13.95,S
2021-06-25T10:12:10,3100.0,13.95,B
2021-06-25T10:11:25,1400.0,13.95,B
2021-06-25T10:10:42,200.0,13.95,B
2021-06-25T10:10:06,100.0,13.95,B
2021-06-25T10:10:01,1200.0,13.95,S
2021-06-25T10:09:48,1000.0,13.95,S
2021-06-25T10:09:36,3000.0,13.95,S
2021-06-25T10:09:26,5000.0,13.95,S
2021-06-25T10:08:56,5000.0,13.95,S
2021-06-25T10:08:25,2100.0,13.95,B
2021-06-25T10:08:10,900.0,13.95,S
2021-06-25T10:07:16,4200.0,13.95,S
2021-06-25T10:07:16,5000.0,13.95,S
2021-06-25T10:07:16,800.0,13.95,S
2021-06-25T10:07:04,6000.0,13.95,S
2021-06-25T10:05:59,500.0,13.95,S
2021-06-25T10:04:42,1000.0,13.95,S
2021-06-25T10:04:29,100.0,14.0,B
2021-06-25T10:03:34,500.0,14.0,B
2021-06-25T10:03:32,1000.0,13.95,S
2021-06-25T10:01:36,1000.0,14.0,B
2021-06-25T10:01:22,200.0,13.95,S
2021-06-25T10:00:02,1000.0,14.0,B
2021-06-25T09:59:25,100.0,13.95,S
2021-06-25T09:59:21,300.0,13.95,S
2021-06-25T09:58:36,200.0,13.95,S
2021-06-25T09:58:35,1000.0,14.0,B
2021-06-25T09:58:09,300.0,13.95,S
2021-06-25T09:57:17,600.0,13.95,B
2021-06-25T09:57:12,1000.0,13.95,B
2021-06-25T09:55:32,400.0,13.95,B
2021-06-25T09:54:33,1000.0,13.9,S
2021-06-25T09:53:33,5000.0,14.0,B
2021-06-25T09:53:30,100.0,13.95,B
2021-06-25T09:52:51,1000.0,13.95,S
2021-06-25T09:52:36,4000.0,13.95,B
2021-06-25T09:52:20,100.0,13.9,B
2021-06-25T09:52:19,500.0,13.9,B
2021-06-25T09:51:46,100.0,13.85,S
2021-06-25T09:51:34,3100.0,13.9,S
2021-06-25T09:51:34,900.0,13.9,S
2021-06-25T09:51:34,1800.0,13.9,S
2021-06-25T09:51:34,1300.0,13.9,S
2021-06-25T09:51:23,2000.0,13.9,S
2021-06-25T09:51:02,400.0,13.9,S
2021-06-25T09:51:02,2500.0,13.9,S
2021-06-25T09:51:02,7100.0,13.9,S
2021-06-25T09:50:53,2900.0,13.9,S
2021-06-25T09:50:11,500.0,13.9,S
2021-06-25T09:49:51,200.0,13.9,S
2021-06-25T09:49:16,300.0,13.9,S
2021-06-25T09:49:05,700.0,13.9,S
2021-06-25T09:48:59,2000.0,13.95,B
2021-06-25T09:47:31,6600.0,13.9,S
2021-06-25T09:47:31,15600.0,13.9,S
2021-06-25T09:47:31,600.0,13.9,S
2021-06-25T09:47:31,10100.0,13.95,S
2021-06-25T09:47:22,100.0,13.95,S
2021-06-25T09:45:45,100.0,13.95,S
2021-06-25T09:45:17,100.0,13.95,S
2021-06-25T09:44:19,2500.0,13.95,S
2021-06-25T09:43:32,10000.0,13.9,S
2021-06-25T09:43:21,1000.0,13.95,B
2021-06-25T09:43:18,300.0,13.95,B
2021-06-25T09:43:18,5300.0,13.95,B
2021-06-25T09:42:53,200.0,13.95,B
2021-06-25T09:42:24,300.0,13.95,B
2021-06-25T09:42:04,10000.0,13.95,B
2021-06-25T09:41:23,400.0,13.9,S
2021-06-25T09:41:21,200.0,13.95,B
2021-06-25T09:41:18,2000.0,13.9,S
2021-06-25T09:41:10,1000.0,13.9,S
2021-06-25T09:41:04,600.0,13.9,S
2021-06-25T09:40:50,1600.0,13.9,S
2021-06-25T09:40:46,3300.0,13.9,S
2021-06-25T09:40:46,1900.0,13.9,S
2021-06-25T09:40:46,2100.0,13.9,S
2021-06-25T09:40:46,100.0,13.9,S
2021-06-25T09:40:46,10200.0,13.9,S
2021-06-25T09:40:46,2400.0,13.9,S
2021-06-25T09:40:28,1000.0,13.95,B
2021-06-25T09:40:06,5000.0,13.95,B
2021-06-25T09:38:43,2000.0,13.9,S
2021-06-25T09:36:52,2000.0,13.9,S
2021-06-25T09:36:44,2700.0,13.9,S
2021-06-25T09:36:44,1800.0,13.9,S
2021-06-25T09:36:44,3500.0,13.9,S
2021-06-25T09:36:44,5000.0,13.9,S
2021-06-25T09:36:44,700.0,13.9,S
2021-06-25T09:36:44,1700.0,13.9,S
2021-06-25T09:36:42,9600.0,13.9,S
2021-06-25T09:36:27,1000.0,13.9,S
2021-06-25T09:35:32,100.0,13.95,S
2021-06-25T09:35:32,500.0,13.95,S
2021-06-25T09:35:32,5500.0,13.95,S
2021-06-25T09:35:32,2900.0,13.95,S
2021-06-25T09:34:49,300.0,13.95,S
2021-06-25T09:34:45,1000.0,13.95,S
2021-06-25T09:34:31,100.0,13.95,S
2021-06-25T09:33:42,100.0,13.95,S
2021-06-25T09:33:39,100.0,13.95,S
2021-06-25T09:32:25,1400.0,13.95,S
2021-06-25T09:32:16,1000.0,13.95,S
2021-06-25T09:32:01,500.0,13.95,S
2021-06-25T09:31:31,3000.0,13.95,S
2021-06-25T09:31:24,400.0,13.95,S
2021-06-25T09:30:59,1000.0,13.95,S
2021-06-25T09:29:49,400.0,13.95,S
2021-06-25T09:29:47,200.0,13.95,S
2021-06-25T09:29:28,1000.0,13.95,S
2021-06-25T09:29:06,100.0,14.0,S
2021-06-25T09:29:02,400.0,14.0,S
2021-06-25T09:29:02,4600.0,14.0,S
2021-06-25T09:28:56,100.0,14.0,S
2021-06-25T09:28:52,5000.0,14.0,S
2021-06-25T09:28:41,100.0,14.05,B
2021-06-25T09:28:41,400.0,14.0,S
2021-06-25T09:28:39,1000.0,14.0,S
2021-06-25T09:28:27,5000.0,14.0,S
2021-06-25T09:27:58,2400.0,14.0,S
2021-06-25T09:27:39,1900.0,14.05,S
2021-06-25T09:27:37,800.0,14.05,S
2021-06-25T09:27:35,1000.0,14.05,S
2021-06-25T09:27:24,5100.0,14.05,S
2021-06-25T09:27:24,1300.0,14.05,S
2021-06-25T09:27:13,700.0,14.05,S
2021-06-25T09:27:00,500.0,14.1,B
2021-06-25T09:27:00,100.0,14.05,S
2021-06-25T09:26:11,700.0,14.1,B
2021-06-25T09:25:28,100.0,14.1,B
2021-06-25T09:25:26,200.0,14.1,B
2021-06-25T09:25:09,500.0,14.1,B
2021-06-25T09:25:09,500.0,14.1,B
2021-06-25T09:25:06,200.0,14.1,B
2021-06-25T09:23:26,300.0,14.1,B
2021-06-25T09:22:34,600.0,14.1,B
2021-06-25T09:22:06,2000.0,14.0,S
2021-06-25T09:21:55,16200.0,14.0,S
2021-06-25T09:21:47,2000.0,14.05,B
2021-06-25T09:21:29,100.0,14.0,S
2021-06-25T09:20:09,5200.0,14.0,B
2021-06-25T09:20:09,400.0,14.0,B
2021-06-25T09:20:02,1400.0,14.0,B
2021-06-25T09:19:50,900.0,14.0,B
2021-06-25T09:19:40,300.0,14.0,B
2021-06-25T09:19:40,2100.0,14.0,B
2021-06-25T09:19:40,3200.0,14.0,B
2021-06-25T09:19:40,700.0,14.0,B
2021-06-25T09:19:40,14000.0,14.0,B
2021-06-25T09:19:21,100.0,14.0,B
2021-06-25T09:18:49,6000.0,14.0,B
2021-06-25T09:18:42,200.0,13.95,B
2021-06-25T09:18:31,3100.0,13.9,S
2021-06-25T09:18:29,100.0,13.95,B
2021-06-25T09:18:24,200.0,13.95,B
2021-06-25T09:17:54,400.0,13.95,B
2021-06-25T09:17:39,3000.0,13.9,S
2021-06-25T09:17:37,200.0,13.95,B
2021-06-25T09:16:09,100.0,13.9,S
2021-06-25T09:16:09,500.0,13.9,S
2021-06-25T09:16:09,8000.0,13.9,S
