tradingTime,volume,price,side
2021-06-25T14:30:12,100.0,12.65,S
2021-06-25T14:29:51,100.0,12.65,S
2021-06-25T14:29:41,100.0,12.65,S
2021-06-25T14:29:26,800.0,12.65,S
2021-06-25T14:29:26,200.0,12.65,S
2021-06-25T14:28:30,1500.0,12.65,S
2021-06-25T14:28:17,100.0,12.65,S
2021-06-25T14:28:14,2700.0,12.65,S
2021-06-25T14:27:56,200.0,12.65,S
2021-06-25T14:27:02,600.0,12.65,B
2021-06-25T14:27:02,400.0,12.65,B
2021-06-25T14:27:01,2000.0,12.65,B
2021-06-25T14:27:01,25000.0,12.65,B
2021-06-25T14:27:01,100.0,12.65,B
2021-06-25T14:26:51,300.0,12.65,B
2021-06-25T14:26:13,500.0,12.65,B
2021-06-25T14:25:41,700.0,12.65,B
2021-06-25T14:25:41,400.0,12.65,B
2021-06-25T14:25:40,2900.0,12.65,B
2021-06-25T14:25:33,300.0,12.6,S
2021-06-25T14:25:19,100.0,12.65,B
2021-06-25T14:24:52,1000.0,12.6,S
2021-06-25T14:24:31,400.0,12.6,S
2021-06-25T14:23:43,300.0,12.65,B
2021-06-25T14:23:36,500.0,12.6,S
2021-06-25T14:23:17,1400.0,12.65,B
2021-06-25T14:23:13,600.0,12.65,B
2021-06-25T14:23:13,200.0,12.65,B
2021-06-25T14:23:13,9200.0,12.65,B
2021-06-25T14:22:34,100.0,12.65,B
2021-06-25T14:22:31,200.0,12.6,S
2021-06-25T14:21:10,400.0,12.65,B
2021-06-25T14:20:53,1000.0,12.65,B
2021-06-25T14:20:01,2000.0,12.65,B
2021-06-25T14:19:48,1000.0,12.65,B
2021-06-25T14:19:37,300.0,12.65,B
2021-06-25T14:19:08,500.0,12.65,B
2021-06-25T14:18:52,100.0,12.65,B
2021-06-25T14:18:20,1000.0,12.65,B
2021-06-25T14:16:40,100.0,12.65,B
2021-06-25T14:15:35,100.0,12.6,S
2021-06-25T14:15:31,1700.0,12.65,B
2021-06-25T14:15:15,3800.0,12.65,B
2021-06-25T14:14:43,5000.0,12.65,B
2021-06-25T14:14:42,500.0,12.6,S
2021-06-25T14:14:13,1000.0,12.6,S
2021-06-25T14:13:46,200.0,12.6,S
2021-06-25T14:12:40,100.0,12.6,S
2021-06-25T14:12:40,600.0,12.6,S
2021-06-25T14:12:25,100.0,12.6,S
2021-06-25T14:12:07,200.0,12.6,S
2021-06-25T14:11:28,100.0,12.6,S
2021-06-25T14:11:26,3500.0,12.6,S
2021-06-25T14:10:41,2000.0,12.65,B
2021-06-25T14:09:21,100.0,12.65,B
2021-06-25T14:09:21,1000.0,12.65,B
2021-06-25T14:09:12,2600.0,12.65,B
2021-06-25T14:08:35,2800.0,12.65,B
2021-06-25T14:08:05,100.0,12.65,B
2021-06-25T14:07:37,5000.0,12.65,B
2021-06-25T14:06:49,500.0,12.65,B
2021-06-25T14:06:39,2300.0,12.6,S
2021-06-25T14:06:39,700.0,12.6,S
2021-06-25T14:06:11,2000.0,12.6,S
2021-06-25T14:06:06,5600.0,12.6,S
2021-06-25T14:05:34,200.0,12.6,S
2021-06-25T14:04:55,1200.0,12.6,S
2021-06-25T14:04:45,500.0,12.6,S
2021-06-25T14:04:45,100.0,12.65,B
2021-06-25T14:04:43,3000.0,12.6,S
2021-06-25T14:03:48,1000.0,12.6,S
2021-06-25T14:02:39,2000.0,12.6,S
2021-06-25T14:02:39,8800.0,12.6,S
2021-06-25T14:02:39,9200.0,12.6,S
2021-06-25T14:02:07,2000.0,12.6,S
2021-06-25T14:01:10,3400.0,12.6,S
2021-06-25T13:59:00,1000.0,12.65,B
2021-06-25T13:58:03,100.0,12.65,B
2021-06-25T13:57:38,3600.0,12.6,S
2021-06-25T13:56:32,200.0,12.65,B
2021-06-25T13:56:22,2300.0,12.65,B
2021-06-25T13:56:04,3000.0,12.65,B
2021-06-25T13:55:38,200.0,12.6,S
2021-06-25T13:53:23,1000.0,12.6,S
2021-06-25T13:53:04,100.0,12.6,S
2021-06-25T13:52:57,200.0,12.65,B
2021-06-25T13:52:46,100.0,12.6,S
2021-06-25T13:52:42,200.0,12.6,S
2021-06-25T13:52:16,100.0,12.6,S
2021-06-25T13:51:15,500.0,12.65,B
2021-06-25T13:51:01,25000.0,12.65,B
2021-06-25T13:50:56,600.0,12.65,B
2021-06-25T13:50:55,4000.0,12.6,S
2021-06-25T13:48:41,2900.0,12.65,B
2021-06-25T13:46:46,100.0,12.6,S
2021-06-25T13:46:14,1300.0,12.6,B
2021-06-25T13:46:07,700.0,12.6,S
2021-06-25T13:46:05,1000.0,12.6,S
2021-06-25T13:45:33,3300.0,12.6,B
2021-06-25T13:45:17,1000.0,12.6,B
2021-06-25T13:45:04,600.0,12.6,B
2021-06-25T13:44:27,1000.0,12.6,B
2021-06-25T13:44:19,4900.0,12.55,S
2021-06-25T13:44:19,100.0,12.6,B
2021-06-25T13:43:52,3000.0,12.6,B
2021-06-25T13:42:57,2100.0,12.6,S
2021-06-25T13:41:53,900.0,12.6,B
2021-06-25T13:41:40,3200.0,12.6,S
2021-06-25T13:41:40,2000.0,12.6,S
2021-06-25T13:41:30,4000.0,12.6,S
2021-06-25T13:41:17,100.0,12.6,S
2021-06-25T13:40:53,300.0,12.6,S
2021-06-25T13:40:38,100.0,12.6,S
2021-06-25T13:39:47,100.0,12.6,S
2021-06-25T13:39:43,800.0,12.6,S
2021-06-25T13:39:43,9200.0,12.6,S
2021-06-25T13:38:57,100.0,12.65,B
2021-06-25T13:37:57,2000.0,12.65,B
2021-06-25T13:36:38,200.0,12.65,B
2021-06-25T13:36:31,1000.0,12.65,B
2021-06-25T13:35:46,100.0,12.65,B
2021-06-25T13:35:40,7000.0,12.6,S
2021-06-25T13:35:38,100.0,12.6,S
2021-06-25T13:35:27,100.0,12.65,B
2021-06-25T13:35:09,200.0,12.6,S
2021-06-25T13:35:06,500.0,12.65,B
2021-06-25T13:33:16,1600.0,12.6,S
2021-06-25T13:32:23,300.0,12.6,S
2021-06-25T13:31:27,100.0,12.65,B
2021-06-25T13:30:20,2000.0,12.6,S
2021-06-25T13:29:35,200.0,12.6,S
2021-06-25T13:29:28,200.0,12.6,S
2021-06-25T13:29:19,200.0,12.6,S
2021-06-25T13:29:13,1000.0,12.6,S
2021-06-25T13:27:27,500.0,12.6,S
2021-06-25T13:27:07,300.0,12.6,S
2021-06-25T13:27:07,2200.0,12.6,S
2021-06-25T13:26:51,2000.0,12.6,S
2021-06-25T13:26:27,1000.0,12.6,S
2021-06-25T13:26:09,600.0,12.6,S
2021-06-25T13:25:37,5000.0,12.6,S
2021-06-25T13:25:37,10000.0,12.6,S
2021-06-25T13:23:39,3000.0,12.6,S
2021-06-25T13:23:04,3600.0,12.6,S
2021-06-25T13:21:51,500.0,12.6,B
2021-06-25T13:21:51,1000.0,12.6,B
2021-06-25T13:21:26,1000.0,12.6,B
2021-06-25T13:21:09,100.0,12.6,B
2021-06-25T13:20:56,16000.0,12.6,S
2021-06-25T13:20:56,700.0,12.6,S
2021-06-25T13:20:56,100.0,12.6,S
2021-06-25T13:20:56,31100.0,12.6,S
2021-06-25T13:20:31,10000.0,12.6,S
2021-06-25T13:19:20,200.0,12.65,B
2021-06-25T13:19:12,300.0,12.6,S
2021-06-25T13:19:08,300.0,12.65,B
2021-06-25T13:18:07,600.0,12.6,S
2021-06-25T13:18:07,1000.0,12.6,S
2021-06-25T13:17:59,100.0,12.65,B
2021-06-25T13:17:26,100.0,12.65,B
2021-06-25T13:17:16,100.0,12.65,B
2021-06-25T13:16:07,100.0,12.65,B
2021-06-25T13:15:37,100.0,12.65,B
2021-06-25T13:15:28,2000.0,12.65,B
2021-06-25T13:14:39,1000.0,12.6,B
2021-06-25T13:14:35,4800.0,12.6,B
2021-06-25T13:14:25,200.0,12.55,S
2021-06-25T13:14:16,5000.0,12.55,S
2021-06-25T13:14:05,100.0,12.6,B
2021-06-25T13:13:36,100.0,12.6,B
2021-06-25T13:13:34,200.0,12.6,B
2021-06-25T13:13:24,300.0,12.6,B
2021-06-25T13:13:24,8600.0,12.6,B
2021-06-25T13:13:10,1200.0,12.6,B
2021-06-25T13:13:10,1900.0,12.6,B
2021-06-25T13:13:10,1100.0,12.6,B
2021-06-25T13:13:10,5800.0,12.6,B
2021-06-25T13:13:02,1000.0,12.6,B
2021-06-25T13:12:56,5000.0,12.6,B
2021-06-25T13:11:44,500.0,12.6,B
2021-06-25T13:11:41,200.0,12.6,B
2021-06-25T13:11:13,1000.0,12.6,B
2021-06-25T13:10:59,5000.0,12.55,S
2021-06-25T13:10:57,500.0,12.6,B
2021-06-25T13:10:36,2100.0,12.55,S
2021-06-25T13:10:12,2000.0,12.6,B
2021-06-25T13:10:02,1000.0,12.55,S
2021-06-25T13:09:12,1000.0,12.55,S
2021-06-25T13:07:36,800.0,12.6,B
2021-06-25T13:07:27,700.0,12.6,B
2021-06-25T13:07:09,1400.0,12.55,S
2021-06-25T13:06:53,200.0,12.55,S
2021-06-25T13:06:42,100.0,12.55,S
2021-06-25T13:05:22,100.0,12.55,S
2021-06-25T13:03:58,1000.0,12.55,S
2021-06-25T13:01:31,400.0,12.55,S
2021-06-25T13:00:29,100.0,12.6,B
2021-06-25T13:00:29,2000.0,12.6,B
2021-06-25T13:00:29,800.0,12.6,B
2021-06-25T13:00:29,200.0,12.6,B
2021-06-25T13:00:25,3000.0,12.6,B
2021-06-25T13:00:25,100.0,12.6,B
2021-06-25T13:00:25,100.0,12.6,B
2021-06-25T13:00:14,3700.0,12.55,S
2021-06-25T13:00:14,2000.0,12.6,B
2021-06-25T11:29:12,200.0,12.6,B
2021-06-25T11:26:36,100.0,12.6,B
2021-06-25T11:25:15,500.0,12.6,B
2021-06-25T11:25:09,500.0,12.6,B
2021-06-25T11:24:33,1000.0,12.6,B
2021-06-25T11:24:15,100.0,12.55,S
2021-06-25T11:24:04,1000.0,12.6,B
2021-06-25T11:22:58,1000.0,12.55,S
2021-06-25T11:22:54,100.0,12.6,B
2021-06-25T11:20:30,300.0,12.6,B
2021-06-25T11:20:23,500.0,12.55,S
2021-06-25T11:19:59,2000.0,12.6,B
2021-06-25T11:19:55,1000.0,12.6,B
2021-06-25T11:19:36,2400.0,12.55,S
2021-06-25T11:19:22,200.0,12.6,B
2021-06-25T11:18:57,1400.0,12.6,B
2021-06-25T11:18:57,1200.0,12.6,B
2021-06-25T11:18:57,1000.0,12.6,B
2021-06-25T11:18:57,1200.0,12.6,B
2021-06-25T11:18:57,900.0,12.6,B
2021-06-25T11:18:57,700.0,12.6,B
2021-06-25T11:18:57,4500.0,12.6,B
2021-06-25T11:18:57,3400.0,12.6,B
2021-06-25T11:18:56,5700.0,12.6,B
2021-06-25T11:18:47,1000.0,12.6,B
2021-06-25T11:18:40,1000.0,12.6,B
2021-06-25T11:18:31,1000.0,12.6,B
2021-06-25T11:18:29,4500.0,12.55,S
2021-06-25T11:18:14,700.0,12.6,B
2021-06-25T11:17:34,10000.0,12.55,S
2021-06-25T11:17:19,1000.0,12.6,B
2021-06-25T11:17:17,3000.0,12.6,B
2021-06-25T11:17:13,1000.0,12.6,B
2021-06-25T11:17:09,1000.0,12.6,B
2021-06-25T11:17:04,1000.0,12.6,B
2021-06-25T11:16:54,1000.0,12.6,B
2021-06-25T11:16:43,20000.0,12.55,S
2021-06-25T11:15:47,1700.0,12.55,S
2021-06-25T11:15:26,300.0,12.55,S
2021-06-25T11:15:16,400.0,12.6,B
2021-06-25T11:13:40,2000.0,12.6,B
2021-06-25T11:13:22,100.0,12.55,S
2021-06-25T11:13:22,500.0,12.55,S
2021-06-25T11:12:33,1000.0,12.6,B
2021-06-25T11:11:43,7000.0,12.6,B
2021-06-25T11:11:25,2000.0,12.55,S
2021-06-25T11:10:33,7300.0,12.6,B
2021-06-25T11:08:25,300.0,12.6,B
2021-06-25T11:08:11,200.0,12.55,S
2021-06-25T11:08:03,2000.0,12.6,B
2021-06-25T11:07:39,500.0,12.6,B
2021-06-25T11:07:12,100.0,12.6,B
2021-06-25T11:07:09,4000.0,12.6,B
2021-06-25T11:06:48,4400.0,12.6,B
2021-06-25T11:06:14,1000.0,12.6,B
2021-06-25T11:05:54,100.0,12.6,B
2021-06-25T11:05:35,200.0,12.6,B
2021-06-25T11:05:29,200.0,12.6,B
2021-06-25T11:04:13,200.0,12.6,B
2021-06-25T11:04:00,1000.0,12.55,S
2021-06-25T11:03:38,200.0,12.55,S
2021-06-25T11:03:00,200.0,12.55,S
2021-06-25T11:02:50,1000.0,12.55,S
2021-06-25T11:02:25,300.0,12.55,S
2021-06-25T11:02:20,100.0,12.55,S
2021-06-25T11:01:45,1000.0,12.55,S
2021-06-25T11:01:44,1100.0,12.55,S
2021-06-25T11:01:35,300.0,12.55,S
2021-06-25T11:01:10,2000.0,12.55,S
2021-06-25T11:00:57,1500.0,12.55,S
2021-06-25T11:00:43,4300.0,12.55,S
2021-06-25T11:00:12,5000.0,12.55,S
2021-06-25T10:59:16,700.0,12.55,S
2021-06-25T10:58:21,5300.0,12.55,S
2021-06-25T10:57:58,700.0,12.55,S
2021-06-25T10:57:56,100.0,12.6,B
2021-06-25T10:57:44,1000.0,12.6,B
2021-06-25T10:57:42,700.0,12.55,S
2021-06-25T10:57:33,100.0,12.6,B
2021-06-25T10:57:00,3000.0,12.6,B
2021-06-25T10:56:48,5000.0,12.55,S
2021-06-25T10:55:23,100.0,12.6,B
2021-06-25T10:55:03,500.0,12.6,B
2021-06-25T10:54:38,500.0,12.55,S
2021-06-25T10:54:04,200.0,12.55,S
2021-06-25T10:52:21,1000.0,12.6,B
2021-06-25T10:52:15,400.0,12.55,B
2021-06-25T10:52:08,200.0,12.55,B
2021-06-25T10:52:08,4500.0,12.55,B
2021-06-25T10:52:06,5000.0,12.55,B
2021-06-25T10:52:06,1000.0,12.55,B
2021-06-25T10:51:46,5000.0,12.55,B
2021-06-25T10:51:43,1800.0,12.55,B
2021-06-25T10:51:18,200.0,12.55,B
2021-06-25T10:51:16,10000.0,12.55,B
2021-06-25T10:51:03,1500.0,12.55,B
2021-06-25T10:50:36,200.0,12.55,B
2021-06-25T10:50:12,200.0,12.55,B
2021-06-25T10:50:03,4000.0,12.5,S
2021-06-25T10:49:57,1000.0,12.55,B
2021-06-25T10:49:56,200.0,12.55,B
2021-06-25T10:49:45,10000.0,12.55,B
2021-06-25T10:49:41,100.0,12.55,B
2021-06-25T10:49:40,1000.0,12.55,B
2021-06-25T10:49:30,200.0,12.55,B
2021-06-25T10:49:17,2000.0,12.55,B
2021-06-25T10:49:10,200.0,12.55,B
2021-06-25T10:49:09,200.0,12.55,B
2021-06-25T10:49:09,2000.0,12.55,B
2021-06-25T10:48:59,100.0,12.55,B
2021-06-25T10:48:59,1500.0,12.5,S
2021-06-25T10:48:42,10000.0,12.55,B
2021-06-25T10:48:12,200.0,12.55,B
2021-06-25T10:48:08,1000.0,12.5,S
2021-06-25T10:47:48,800.0,12.55,B
2021-06-25T10:47:10,400.0,12.55,B
2021-06-25T10:47:03,1000.0,12.5,S
2021-06-25T10:46:42,3000.0,12.5,S
2021-06-25T10:46:37,2000.0,12.55,S
2021-06-25T10:46:35,200.0,12.55,S
2021-06-25T10:46:11,100.0,12.55,S
2021-06-25T10:46:07,2000.0,12.55,S
2021-06-25T10:45:53,1500.0,12.5,S
2021-06-25T10:45:28,1000.0,12.5,S
2021-06-25T10:45:21,200.0,12.55,S
2021-06-25T10:45:05,1200.0,12.55,S
2021-06-25T10:45:03,500.0,12.55,S
2021-06-25T10:45:02,5000.0,12.55,S
2021-06-25T10:44:34,500.0,12.55,S
2021-06-25T10:44:05,500.0,12.55,S
2021-06-25T10:44:00,5900.0,12.55,S
2021-06-25T10:43:59,500.0,12.55,S
2021-06-25T10:43:46,7000.0,12.55,S
2021-06-25T10:43:24,4700.0,12.55,S
2021-06-25T10:43:24,1300.0,12.55,S
2021-06-25T10:43:13,400.0,12.55,S
2021-06-25T10:43:13,1100.0,12.55,S
2021-06-25T10:43:13,1400.0,12.55,S
2021-06-25T10:43:13,7100.0,12.55,S
2021-06-25T10:41:17,7300.0,12.6,S
2021-06-25T10:41:11,800.0,12.6,S
2021-06-25T10:41:08,1000.0,12.6,S
2021-06-25T10:41:01,5000.0,12.6,S
2021-06-25T10:41:00,2000.0,12.6,S
2021-06-25T10:40:57,2000.0,12.6,S
2021-06-25T10:40:55,1000.0,12.6,S
2021-06-25T10:40:28,500.0,12.6,S
2021-06-25T10:40:21,2600.0,12.6,S
2021-06-25T10:40:08,1800.0,12.6,S
2021-06-25T10:40:08,2200.0,12.6,S
2021-06-25T10:40:08,1900.0,12.6,S
2021-06-25T10:40:08,100.0,12.6,S
2021-06-25T10:40:01,5000.0,12.6,S
2021-06-25T10:39:57,5000.0,12.6,S
2021-06-25T10:39:57,2000.0,12.65,B
2021-06-25T10:39:56,1000.0,12.6,S
2021-06-25T10:39:53,10000.0,12.6,S
2021-06-25T10:39:50,1500.0,12.6,S
2021-06-25T10:39:48,8400.0,12.6,S
2021-06-25T10:39:48,1400.0,12.6,S
2021-06-25T10:39:48,200.0,12.6,S
2021-06-25T10:39:47,10000.0,12.6,S
2021-06-25T10:39:46,5000.0,12.6,S
2021-06-25T10:39:45,1000.0,12.6,S
2021-06-25T10:39:35,10000.0,12.6,S
2021-06-25T10:39:23,5000.0,12.6,S
2021-06-25T10:39:07,5000.0,12.6,S
2021-06-25T10:39:03,8000.0,12.6,S
2021-06-25T10:39:00,1000.0,12.6,S
2021-06-25T10:38:37,15000.0,12.6,S
2021-06-25T10:38:26,200.0,12.6,S
2021-06-25T10:38:10,3000.0,12.6,S
2021-06-25T10:38:04,5000.0,12.6,S
2021-06-25T10:38:02,3000.0,12.65,B
2021-06-25T10:38:00,2800.0,12.6,S
2021-06-25T10:37:24,2000.0,12.65,B
2021-06-25T10:36:58,3400.0,12.6,S
2021-06-25T10:36:58,600.0,12.6,S
2021-06-25T10:36:44,2000.0,12.6,S
2021-06-25T10:36:20,1000.0,12.65,B
2021-06-25T10:36:19,500.0,12.65,B
2021-06-25T10:36:10,500.0,12.6,S
2021-06-25T10:36:10,1600.0,12.6,S
2021-06-25T10:36:10,2300.0,12.6,S
2021-06-25T10:36:10,1000.0,12.6,S
2021-06-25T10:36:10,4600.0,12.6,S
2021-06-25T10:35:42,1000.0,12.6,S
2021-06-25T10:35:24,6000.0,12.6,S
2021-06-25T10:34:56,600.0,12.6,S
2021-06-25T10:34:03,2000.0,12.6,S
2021-06-25T10:33:56,10000.0,12.65,B
2021-06-25T10:33:22,500.0,12.65,B
2021-06-25T10:32:43,100.0,12.65,B
2021-06-25T10:32:41,100.0,12.6,S
2021-06-25T10:31:27,5000.0,12.6,S
2021-06-25T10:31:19,900.0,12.6,S
2021-06-25T10:31:19,2100.0,12.6,S
2021-06-25T10:30:21,10600.0,12.6,S
2021-06-25T10:29:38,300.0,12.6,S
2021-06-25T10:29:06,1000.0,12.65,B
2021-06-25T10:28:42,500.0,12.65,B
2021-06-25T10:28:09,1500.0,12.65,B
2021-06-25T10:27:07,100.0,12.65,B
2021-06-25T10:26:36,500.0,12.65,B
2021-06-25T10:26:28,2000.0,12.6,S
2021-06-25T10:25:57,200.0,12.6,S
2021-06-25T10:25:50,4000.0,12.6,S
2021-06-25T10:25:29,100.0,12.6,S
2021-06-25T10:23:34,1000.0,12.6,S
2021-06-25T10:23:31,100.0,12.6,S
2021-06-25T10:22:05,1500.0,12.6,S
2021-06-25T10:21:47,200.0,12.6,S
2021-06-25T10:20:34,100.0,12.65,B
2021-06-25T10:20:30,1000.0,12.6,S
2021-06-25T10:19:59,1000.0,12.6,S
2021-06-25T10:19:29,4000.0,12.6,S
2021-06-25T10:18:48,100.0,12.65,B
2021-06-25T10:18:40,1000.0,12.65,B
2021-06-25T10:18:05,800.0,12.65,B
2021-06-25T10:16:35,500.0,12.65,B
2021-06-25T10:16:01,200.0,12.65,B
2021-06-25T10:15:46,1500.0,12.6,S
2021-06-25T10:15:46,300.0,12.6,S
2021-06-25T10:15:46,200.0,12.6,S
2021-06-25T10:15:10,3900.0,12.65,B
2021-06-25T10:14:45,700.0,12.65,B
2021-06-25T10:14:27,1000.0,12.65,B
2021-06-25T10:14:26,300.0,12.6,S
2021-06-25T10:14:04,1000.0,12.65,B
2021-06-25T10:13:35,100.0,12.65,B
2021-06-25T10:13:19,200.0,12.65,B
2021-06-25T10:11:56,1300.0,12.65,B
2021-06-25T10:11:36,900.0,12.6,S
2021-06-25T10:08:41,10000.0,12.65,B
2021-06-25T10:08:27,100.0,12.6,S
2021-06-25T10:08:27,100.0,12.6,S
2021-06-25T10:07:35,200.0,12.6,S
2021-06-25T10:07:18,5000.0,12.65,B
2021-06-25T10:07:16,500.0,12.65,B
2021-06-25T10:06:42,200.0,12.65,B
2021-06-25T10:06:42,100.0,12.6,S
2021-06-25T10:05:20,5000.0,12.65,B
2021-06-25T10:04:21,1000.0,12.65,B
2021-06-25T10:03:43,10800.0,12.65,B
2021-06-25T10:03:34,200.0,12.65,B
2021-06-25T10:03:10,200.0,12.65,B
2021-06-25T10:02:54,600.0,12.65,B
2021-06-25T10:02:34,300.0,12.6,S
2021-06-25T10:02:32,1900.0,12.65,B
2021-06-25T10:02:11,500.0,12.6,S
2021-06-25T10:02:02,200.0,12.65,B
2021-06-25T10:02:02,400.0,12.65,B
2021-06-25T10:01:43,3000.0,12.65,B
2021-06-25T10:01:35,5000.0,12.6,S
2021-06-25T10:01:20,600.0,12.6,S
2021-06-25T10:01:04,1000.0,12.6,S
2021-06-25T10:01:04,1000.0,12.6,S
2021-06-25T10:00:02,900.0,12.6,S
2021-06-25T09:59:58,1900.0,12.65,B
2021-06-25T09:59:52,5000.0,12.65,B
2021-06-25T09:58:55,500.0,12.6,S
2021-06-25T09:58:50,100.0,12.65,B
2021-06-25T09:57:37,200.0,12.6,S
2021-06-25T09:57:35,1000.0,12.6,S
2021-06-25T09:57:28,1000.0,12.6,S
2021-06-25T09:56:53,200.0,12.6,S
2021-06-25T09:56:16,1500.0,12.6,S
2021-06-25T09:55:56,100.0,12.6,S
2021-06-25T09:55:01,100.0,12.6,S
2021-06-25T09:54:12,1400.0,12.6,S
2021-06-25T09:54:09,200.0,12.6,S
2021-06-25T09:54:04,3300.0,12.65,B
2021-06-25T09:54:02,1100.0,12.65,B
2021-06-25T09:53:52,600.0,12.6,S
2021-06-25T09:53:52,19400.0,12.6,S
2021-06-25T09:53:26,5000.0,12.65,B
2021-06-25T09:52:56,500.0,12.65,B
2021-06-25T09:52:56,1000.0,12.65,B
2021-06-25T09:52:52,100.0,12.65,B
2021-06-25T09:52:45,2000.0,12.65,B
2021-06-25T09:52:06,100.0,12.65,B
2021-06-25T09:51:41,1600.0,12.65,S
2021-06-25T09:51:20,5000.0,12.7,B
2021-06-25T09:51:18,100.0,12.65,S
2021-06-25T09:51:06,4600.0,12.65,B
2021-06-25T09:51:06,100.0,12.65,B
2021-06-25T09:51:06,100.0,12.65,B
2021-06-25T09:51:02,100.0,12.65,S
2021-06-25T09:50:56,100.0,12.65,S
2021-06-25T09:50:55,1000.0,12.65,S
2021-06-25T09:50:55,100.0,12.65,S
2021-06-25T09:50:55,4900.0,12.65,S
2021-06-25T09:50:37,3000.0,12.65,S
2021-06-25T09:50:06,3000.0,12.65,S
2021-06-25T09:50:04,300.0,12.7,B
2021-06-25T09:49:48,1800.0,12.65,S
2021-06-25T09:49:27,300.0,12.65,S
2021-06-25T09:49:08,7000.0,12.65,S
2021-06-25T09:48:45,3800.0,12.65,S
2021-06-25T09:48:44,300.0,12.65,S
2021-06-25T09:47:27,300.0,12.65,S
2021-06-25T09:46:57,1000.0,12.65,S
2021-06-25T09:46:35,900.0,12.65,S
2021-06-25T09:46:27,1200.0,12.65,S
2021-06-25T09:46:27,1000.0,12.65,S
2021-06-25T09:46:19,1100.0,12.65,S
2021-06-25T09:45:53,200.0,12.65,S
2021-06-25T09:44:21,4000.0,12.65,S
2021-06-25T09:44:14,500.0,12.65,S
2021-06-25T09:43:59,1000.0,12.65,S
2021-06-25T09:43:36,400.0,12.65,S
2021-06-25T09:43:28,200.0,12.65,S
2021-06-25T09:43:26,5000.0,12.65,S
2021-06-25T09:43:06,100.0,12.65,S
2021-06-25T09:43:05,100.0,12.65,S
2021-06-25T09:42:04,300.0,12.65,B
2021-06-25T09:42:01,500.0,12.6,S
2021-06-25T09:41:32,500.0,12.6,S
2021-06-25T09:41:29,100.0,12.6,S
2021-06-25T09:40:31,1000.0,12.6,S
2021-06-25T09:40:20,1100.0,12.65,S
2021-06-25T09:39:53,500.0,12.7,B
2021-06-25T09:39:44,100.0,12.65,B
2021-06-25T09:39:04,200.0,12.65,S
2021-06-25T09:39:04,3100.0,12.65,S
2021-06-25T09:39:04,5100.0,12.65,S
2021-06-25T09:39:04,1200.0,12.65,S
2021-06-25T09:38:59,1400.0,12.7,B
2021-06-25T09:38:59,1200.0,12.7,B
2021-06-25T09:38:59,7400.0,12.7,B
2021-06-25T09:38:32,200.0,12.65,S
2021-06-25T09:38:15,400.0,12.65,S
2021-06-25T09:37:22,100.0,12.65,S
2021-06-25T09:36:32,300.0,12.7,B
2021-06-25T09:36:11,100.0,12.7,B
2021-06-25T09:35:39,300.0,12.65,S
2021-06-25T09:34:49,1000.0,12.7,B
2021-06-25T09:33:14,100.0,12.7,B
2021-06-25T09:32:51,400.0,12.65,S
2021-06-25T09:32:43,400.0,12.65,S
2021-06-25T09:32:37,100.0,12.7,B
2021-06-25T09:32:34,1700.0,12.7,B
2021-06-25T09:31:58,200.0,12.7,B
2021-06-25T09:31:53,100.0,12.7,B
2021-06-25T09:31:50,1000.0,12.65,S
2021-06-25T09:31:50,1000.0,12.65,S
2021-06-25T09:31:35,3000.0,12.65,S
2021-06-25T09:31:00,300.0,12.65,S
2021-06-25T09:30:42,600.0,12.65,S
2021-06-25T09:30:40,200.0,12.65,S
2021-06-25T09:29:35,2000.0,12.65,S
2021-06-25T09:29:26,3000.0,12.65,S
2021-06-25T09:29:10,1000.0,12.7,B
2021-06-25T09:28:09,5000.0,12.65,S
2021-06-25T09:28:02,100.0,12.7,B
2021-06-25T09:27:54,100.0,12.7,B
2021-06-25T09:27:42,900.0,12.65,S
2021-06-25T09:26:51,100.0,12.7,S
2021-06-25T09:26:45,1200.0,12.7,S
2021-06-25T09:26:38,1500.0,12.7,S
2021-06-25T09:26:34,500.0,12.7,S
2021-06-25T09:26:15,1500.0,12.7,S
2021-06-25T09:26:10,500.0,12.7,B
2021-06-25T09:25:55,5000.0,12.7,B
2021-06-25T09:25:35,300.0,12.65,S
2021-06-25T09:25:08,100.0,12.65,S
2021-06-25T09:25:04,1500.0,12.65,S
2021-06-25T09:24:06,600.0,12.65,S
2021-06-25T09:23:37,2000.0,12.65,S
2021-06-25T09:23:36,800.0,12.65,S
2021-06-25T09:23:21,1000.0,12.65,S
2021-06-25T09:23:11,1000.0,12.6,S
2021-06-25T09:22:39,200.0,12.65,S
2021-06-25T09:22:33,1100.0,12.65,S
2021-06-25T09:22:33,3900.0,12.65,S
2021-06-25T09:21:56,100.0,12.65,S
2021-06-25T09:20:47,1200.0,12.65,S
2021-06-25T09:20:47,100.0,12.7,B
2021-06-25T09:19:50,100.0,12.65,S
2021-06-25T09:18:26,800.0,12.6,S
2021-06-25T09:18:26,600.0,12.6,S
2021-06-25T09:18:26,1200.0,12.6,S
2021-06-25T09:18:25,300.0,12.6,S
2021-06-25T09:18:25,7100.0,12.6,S
2021-06-25T09:18:13,100.0,12.8,B
2021-06-25T09:17:10,200.0,12.8,B
2021-06-25T09:16:27,100.0,12.6,S
2021-06-25T09:15:30,100.0,12.6,S
