tradingTime,volume,price,side
2021-06-25T14:29:58,300.0,12.35,B
2021-06-25T14:29:26,3800.0,12.3,S
2021-06-25T14:29:25,1200.0,12.3,S
2021-06-25T14:28:26,10000.0,12.3,S
2021-06-25T14:28:19,2000.0,12.3,S
2021-06-25T14:28:05,2900.0,12.35,B
2021-06-25T14:28:05,11000.0,12.35,B
2021-06-25T14:28:04,1000.0,12.3,S
2021-06-25T14:27:40,8000.0,12.3,S
2021-06-25T14:27:29,200.0,12.3,S
2021-06-25T14:27:15,2000.0,12.3,S
2021-06-25T14:25:33,100.0,12.3,S
2021-06-25T14:24:57,100.0,12.3,S
2021-06-25T14:23:09,15800.0,12.3,B
2021-06-25T14:23:00,100.0,12.3,B
2021-06-25T14:22:59,10000.0,12.3,B
2021-06-25T14:22:46,700.0,12.3,B
2021-06-25T14:22:40,1000.0,12.3,B
2021-06-25T14:22:23,3100.0,12.3,B
2021-06-25T14:22:04,200.0,12.3,B
2021-06-25T14:21:48,2000.0,12.3,B
2021-06-25T14:21:38,200.0,12.3,B
2021-06-25T14:21:29,100.0,12.3,B
2021-06-25T14:21:13,9900.0,12.3,S
2021-06-25T14:20:33,200.0,12.35,B
2021-06-25T14:20:30,100.0,12.35,B
2021-06-25T14:20:26,100.0,12.3,B
2021-06-25T14:19:57,500.0,12.3,B
2021-06-25T14:19:38,5000.0,12.3,B
2021-06-25T14:18:08,500.0,12.3,B
2021-06-25T14:17:38,2300.0,12.3,S
2021-06-25T14:17:26,100.0,12.35,B
2021-06-25T14:16:40,5000.0,12.3,S
2021-06-25T14:16:07,2000.0,12.3,S
2021-06-25T14:15:55,300.0,12.35,B
2021-06-25T14:15:38,2000.0,12.3,B
2021-06-25T14:15:27,3000.0,12.3,S
2021-06-25T14:14:40,27500.0,12.3,B
2021-06-25T14:14:10,300.0,12.25,S
2021-06-25T14:13:27,100.0,12.3,B
2021-06-25T14:13:17,1900.0,12.25,S
2021-06-25T14:12:41,200.0,12.3,B
2021-06-25T14:10:47,1500.0,12.3,S
2021-06-25T14:10:41,2000.0,12.3,S
2021-06-25T14:10:23,2200.0,12.3,S
2021-06-25T14:10:23,7800.0,12.3,S
2021-06-25T14:10:14,3500.0,12.35,B
2021-06-25T14:10:13,2500.0,12.3,S
2021-06-25T14:10:07,20000.0,12.3,S
2021-06-25T14:10:01,3300.0,12.3,S
2021-06-25T14:09:51,100.0,12.35,B
2021-06-25T14:09:32,500.0,12.3,S
2021-06-25T14:09:22,5000.0,12.3,S
2021-06-25T14:09:06,100.0,12.35,B
2021-06-25T14:08:58,3000.0,12.3,S
2021-06-25T14:07:26,1000.0,12.35,B
2021-06-25T14:07:02,2000.0,12.35,B
2021-06-25T14:06:57,100.0,12.35,B
2021-06-25T14:06:35,100.0,12.35,B
2021-06-25T14:06:33,3700.0,12.35,S
2021-06-25T14:05:50,4000.0,12.4,B
2021-06-25T14:04:43,5000.0,12.4,B
2021-06-25T14:04:32,5000.0,12.4,B
2021-06-25T14:04:31,1000.0,12.35,S
2021-06-25T14:03:49,3000.0,12.35,S
2021-06-25T14:03:44,5000.0,12.4,B
2021-06-25T14:03:41,500.0,12.35,S
2021-06-25T14:03:40,900.0,12.4,B
2021-06-25T14:03:40,200.0,12.4,B
2021-06-25T14:03:40,12000.0,12.4,B
2021-06-25T14:03:40,900.0,12.4,B
2021-06-25T14:03:29,5000.0,12.35,S
2021-06-25T14:03:23,300.0,12.35,S
2021-06-25T14:03:17,300.0,12.35,S
2021-06-25T14:02:07,200.0,12.35,S
2021-06-25T14:02:06,100.0,12.4,B
2021-06-25T14:01:44,1600.0,12.35,S
2021-06-25T14:00:08,5000.0,12.35,S
2021-06-25T13:59:30,200.0,12.35,S
2021-06-25T13:58:46,4000.0,12.35,S
2021-06-25T13:58:42,6300.0,12.35,B
2021-06-25T13:58:42,1200.0,12.35,B
2021-06-25T13:58:42,300.0,12.35,B
2021-06-25T13:58:42,200.0,12.35,B
2021-06-25T13:58:42,1400.0,12.35,B
2021-06-25T13:58:42,300.0,12.35,B
2021-06-25T13:58:42,2500.0,12.35,B
2021-06-25T13:58:42,5500.0,12.35,B
2021-06-25T13:58:31,2500.0,12.35,B
2021-06-25T13:58:31,6500.0,12.35,B
2021-06-25T13:58:31,30700.0,12.35,B
2021-06-25T13:57:18,100.0,12.3,S
2021-06-25T13:56:56,1000.0,12.35,B
2021-06-25T13:56:52,500.0,12.35,B
2021-06-25T13:56:26,500.0,12.35,B
2021-06-25T13:56:12,500.0,12.35,B
2021-06-25T13:56:11,400.0,12.35,B
2021-06-25T13:56:01,500.0,12.35,B
2021-06-25T13:55:55,100.0,12.35,B
2021-06-25T13:55:47,4000.0,12.35,B
2021-06-25T13:55:30,1000.0,12.3,S
2021-06-25T13:55:27,5000.0,12.3,S
2021-06-25T13:55:04,4200.0,12.3,B
2021-06-25T13:54:18,10000.0,12.3,B
2021-06-25T13:54:17,1000.0,12.3,B
2021-06-25T13:53:52,10000.0,12.3,B
2021-06-25T13:53:50,10000.0,12.3,B
2021-06-25T13:53:47,1000.0,12.3,B
2021-06-25T13:53:19,1000.0,12.3,B
2021-06-25T13:52:12,2000.0,12.3,B
2021-06-25T13:50:31,20000.0,12.3,B
2021-06-25T13:50:31,3000.0,12.3,B
2021-06-25T13:50:31,9000.0,12.3,B
2021-06-25T13:49:59,500.0,12.25,S
2021-06-25T13:49:52,200.0,12.25,S
2021-06-25T13:49:46,3500.0,12.25,S
2021-06-25T13:48:28,400.0,12.25,S
2021-06-25T13:46:02,600.0,12.25,S
2021-06-25T13:46:02,400.0,12.25,S
2021-06-25T13:45:11,2000.0,12.25,S
2021-06-25T13:45:08,100.0,12.25,S
2021-06-25T13:43:29,10000.0,12.25,S
2021-06-25T13:43:00,10000.0,12.25,S
2021-06-25T13:40:00,1500.0,12.25,S
2021-06-25T13:39:57,2000.0,12.25,S
2021-06-25T13:38:48,500.0,12.25,S
2021-06-25T13:37:57,100.0,12.25,S
2021-06-25T13:37:12,10000.0,12.25,S
2021-06-25T13:37:03,3700.0,12.3,B
2021-06-25T13:37:03,1900.0,12.3,B
2021-06-25T13:37:03,3000.0,12.3,B
2021-06-25T13:37:03,5000.0,12.3,B
2021-06-25T13:37:02,6400.0,12.3,B
2021-06-25T13:35:40,500.0,12.3,B
2021-06-25T13:34:54,1000.0,12.3,B
2021-06-25T13:32:05,600.0,12.3,B
2021-06-25T13:31:15,400.0,12.25,S
2021-06-25T13:29:41,100.0,12.25,S
2021-06-25T13:29:20,500.0,12.25,S
2021-06-25T13:27:25,4500.0,12.25,S
2021-06-25T13:26:58,5000.0,12.25,S
2021-06-25T13:26:49,1000.0,12.25,S
2021-06-25T13:26:36,16700.0,12.25,S
2021-06-25T13:25:35,900.0,12.25,S
2021-06-25T13:23:57,15000.0,12.25,S
2021-06-25T13:23:55,5000.0,12.25,S
2021-06-25T13:23:25,500.0,12.25,S
2021-06-25T13:21:40,1200.0,12.25,S
2021-06-25T13:21:21,5000.0,12.3,B
2021-06-25T13:20:08,100.0,12.25,S
2021-06-25T13:18:08,300.0,12.25,S
2021-06-25T13:17:46,500.0,12.25,S
2021-06-25T13:17:17,10000.0,12.25,S
2021-06-25T13:16:20,3000.0,12.3,B
2021-06-25T13:16:07,100.0,12.25,S
2021-06-25T13:15:26,900.0,12.25,S
2021-06-25T13:15:04,1800.0,12.25,S
2021-06-25T13:13:36,200.0,12.25,S
2021-06-25T13:10:35,200.0,12.25,S
2021-06-25T13:10:16,500.0,12.25,S
2021-06-25T13:09:35,3200.0,12.25,S
2021-06-25T13:09:35,6800.0,12.25,S
2021-06-25T13:06:47,800.0,12.25,S
2021-06-25T13:06:40,6700.0,12.25,S
2021-06-25T13:06:34,10000.0,12.25,S
2021-06-25T13:05:14,5000.0,12.25,S
2021-06-25T13:04:15,200.0,12.3,B
2021-06-25T13:03:36,1000.0,12.3,B
2021-06-25T13:03:10,10000.0,12.3,B
2021-06-25T13:03:08,2000.0,12.3,B
2021-06-25T13:00:49,1000.0,12.3,B
2021-06-25T13:00:29,100.0,12.25,S
2021-06-25T13:00:29,100.0,12.3,B
2021-06-25T13:00:29,100.0,12.25,S
2021-06-25T13:00:25,100.0,12.3,B
2021-06-25T13:00:21,200.0,12.25,S
2021-06-25T13:00:10,100.0,12.25,S
2021-06-25T11:28:31,100.0,12.25,S
2021-06-25T11:26:02,400.0,12.3,B
2021-06-25T11:20:30,100.0,12.25,S
2021-06-25T11:16:00,1000.0,12.25,S
2021-06-25T11:15:09,600.0,12.25,S
2021-06-25T11:14:39,300.0,12.25,S
2021-06-25T11:14:11,13100.0,12.25,S
2021-06-25T11:13:42,100.0,12.25,S
2021-06-25T11:13:40,4900.0,12.25,S
2021-06-25T11:11:49,3100.0,12.25,B
2021-06-25T11:11:42,1000.0,12.25,B
2021-06-25T11:11:29,11000.0,12.25,B
2021-06-25T11:09:18,39400.0,12.25,S
2021-06-25T11:09:14,2000.0,12.25,S
2021-06-25T11:08:39,100.0,12.25,S
2021-06-25T11:08:35,400.0,12.25,S
2021-06-25T11:08:07,500.0,12.25,S
2021-06-25T11:07:51,30000.0,12.25,S
2021-06-25T11:07:48,1900.0,12.25,S
2021-06-25T11:07:15,1300.0,12.25,S
2021-06-25T11:07:07,5600.0,12.25,B
2021-06-25T11:06:37,12900.0,12.25,B
2021-06-25T11:06:34,10000.0,12.25,B
2021-06-25T11:05:55,100.0,12.25,B
2021-06-25T11:04:42,100.0,12.25,B
2021-06-25T11:04:22,3000.0,12.2,S
2021-06-25T11:04:21,2800.0,12.25,S
2021-06-25T11:04:11,5000.0,12.25,S
2021-06-25T11:04:10,7100.0,12.25,S
2021-06-25T11:04:10,12900.0,12.25,S
2021-06-25T11:03:58,7100.0,12.25,S
2021-06-25T11:03:58,12900.0,12.25,S
2021-06-25T11:02:57,1300.0,12.25,S
2021-06-25T11:02:49,2700.0,12.25,S
2021-06-25T11:01:53,200.0,12.25,S
2021-06-25T11:00:25,5000.0,12.25,S
2021-06-25T10:57:30,5000.0,12.25,S
2021-06-25T10:56:33,100.0,12.25,S
2021-06-25T10:55:49,400.0,12.25,B
2021-06-25T10:55:39,300.0,12.25,B
2021-06-25T10:55:14,700.0,12.25,B
2021-06-25T10:54:44,3000.0,12.25,B
2021-06-25T10:54:37,9100.0,12.25,S
2021-06-25T10:54:22,6000.0,12.25,S
2021-06-25T10:51:09,6000.0,12.25,S
2021-06-25T10:50:47,1100.0,12.25,S
2021-06-25T10:50:20,22700.0,12.25,B
2021-06-25T10:50:19,2000.0,12.25,B
2021-06-25T10:50:00,6500.0,12.25,S
2021-06-25T10:49:32,900.0,12.25,S
2021-06-25T10:49:06,200.0,12.3,B
2021-06-25T10:48:24,200.0,12.25,S
2021-06-25T10:48:22,10000.0,12.25,S
2021-06-25T10:47:59,500.0,12.25,S
2021-06-25T10:47:41,9000.0,12.25,S
2021-06-25T10:47:20,100.0,12.25,S
2021-06-25T10:47:17,10000.0,12.25,S
2021-06-25T10:47:11,100.0,12.3,B
2021-06-25T10:46:53,12000.0,12.25,B
2021-06-25T10:46:53,500.0,12.25,B
2021-06-25T10:46:32,300.0,12.25,B
2021-06-25T10:46:13,700.0,12.2,S
2021-06-25T10:46:13,1100.0,12.2,S
2021-06-25T10:46:12,1700.0,12.2,S
2021-06-25T10:46:07,20000.0,12.25,B
2021-06-25T10:45:53,500.0,12.2,S
2021-06-25T10:45:32,1500.0,12.2,S
2021-06-25T10:45:31,500.0,12.2,S
2021-06-25T10:45:25,1700.0,12.2,S
2021-06-25T10:45:22,500.0,12.2,S
2021-06-25T10:45:19,800.0,12.2,S
2021-06-25T10:45:13,2000.0,12.2,S
2021-06-25T10:44:38,1000.0,12.2,S
2021-06-25T10:44:00,1200.0,12.25,S
2021-06-25T10:43:57,1000.0,12.25,S
2021-06-25T10:42:47,1900.0,12.3,S
2021-06-25T10:42:32,3000.0,12.3,S
2021-06-25T10:42:28,4000.0,12.3,S
2021-06-25T10:42:19,4500.0,12.3,B
2021-06-25T10:41:52,500.0,12.3,B
2021-06-25T10:41:36,100.0,12.3,B
2021-06-25T10:41:17,1000.0,12.3,B
2021-06-25T10:41:10,3800.0,12.3,B
2021-06-25T10:41:10,4500.0,12.3,B
2021-06-25T10:41:10,26700.0,12.3,B
2021-06-25T10:41:04,10000.0,12.2,S
2021-06-25T10:40:36,500.0,12.2,S
2021-06-25T10:40:32,5300.0,12.2,S
2021-06-25T10:40:32,1000.0,12.2,S
2021-06-25T10:40:32,2500.0,12.2,S
2021-06-25T10:40:31,11200.0,12.2,S
2021-06-25T10:40:28,2600.0,12.25,B
2021-06-25T10:40:21,50000.0,12.2,S
2021-06-25T10:39:52,1000.0,12.2,S
2021-06-25T10:39:35,10000.0,12.2,S
2021-06-25T10:38:55,1000.0,12.2,S
2021-06-25T10:38:03,20000.0,12.2,S
2021-06-25T10:37:48,1000.0,12.2,S
2021-06-25T10:36:21,200.0,12.2,S
2021-06-25T10:35:19,10000.0,12.2,S
2021-06-25T10:35:19,200.0,12.25,S
2021-06-25T10:34:34,1000.0,12.25,S
2021-06-25T10:34:12,100.0,12.25,S
2021-06-25T10:34:00,1000.0,12.25,S
2021-06-25T10:33:19,5000.0,12.25,S
2021-06-25T10:32:41,2400.0,12.25,S
2021-06-25T10:32:41,12700.0,12.25,S
2021-06-25T10:32:24,100.0,12.25,S
2021-06-25T10:31:41,200.0,12.25,S
2021-06-25T10:30:13,2000.0,12.25,S
2021-06-25T10:29:38,200.0,12.25,S
2021-06-25T10:28:37,5000.0,12.25,S
2021-06-25T10:27:05,2000.0,12.25,S
2021-06-25T10:25:28,1400.0,12.3,B
2021-06-25T10:24:52,500.0,12.25,S
2021-06-25T10:23:11,200.0,12.25,S
2021-06-25T10:23:00,2000.0,12.3,B
2021-06-25T10:21:35,300.0,12.25,S
2021-06-25T10:21:35,4600.0,12.3,B
2021-06-25T10:19:19,100.0,12.3,B
2021-06-25T10:18:19,3200.0,12.3,B
2021-06-25T10:17:55,1000.0,12.3,S
2021-06-25T10:17:50,5900.0,12.3,S
2021-06-25T10:17:30,52000.0,12.3,S
2021-06-25T10:17:25,10000.0,12.35,B
2021-06-25T10:17:10,200.0,12.3,S
2021-06-25T10:16:15,2000.0,12.3,S
2021-06-25T10:15:59,800.0,12.3,S
2021-06-25T10:15:33,1000.0,12.3,S
2021-06-25T10:13:48,3900.0,12.4,B
2021-06-25T10:13:48,500.0,12.4,B
2021-06-25T10:13:48,1000.0,12.4,B
2021-06-25T10:13:48,500.0,12.4,B
2021-06-25T10:13:48,13800.0,12.4,B
2021-06-25T10:13:48,500.0,12.4,B
2021-06-25T10:13:48,2200.0,12.4,B
2021-06-25T10:13:48,11100.0,12.4,B
2021-06-25T10:13:48,15300.0,12.4,B
2021-06-25T10:13:48,900.0,12.35,B
2021-06-25T10:13:47,1900.0,12.35,B
2021-06-25T10:13:47,400.0,12.35,B
2021-06-25T10:13:47,900.0,12.35,B
2021-06-25T10:13:47,22400.0,12.35,B
2021-06-25T10:13:47,1200.0,12.3,B
2021-06-25T10:13:47,11200.0,12.3,B
2021-06-25T10:13:47,12300.0,12.3,B
2021-06-25T10:12:29,5700.0,12.3,B
2021-06-25T10:12:19,300.0,12.25,B
2021-06-25T10:12:10,3000.0,12.2,S
2021-06-25T10:11:53,5000.0,12.25,B
2021-06-25T10:11:48,500.0,12.25,B
2021-06-25T10:11:17,16000.0,12.25,S
2021-06-25T10:10:38,10000.0,12.25,S
2021-06-25T10:09:59,800.0,12.25,S
2021-06-25T10:09:59,28800.0,12.25,S
2021-06-25T10:08:20,600.0,12.25,S
2021-06-25T10:08:19,19400.0,12.25,S
2021-06-25T10:08:18,3000.0,12.3,B
2021-06-25T10:07:14,1100.0,12.3,B
2021-06-25T10:06:50,300.0,12.3,B
2021-06-25T10:05:56,800.0,12.3,B
2021-06-25T10:02:43,5000.0,12.25,S
2021-06-25T10:02:16,100.0,12.25,S
2021-06-25T10:02:08,1000.0,12.25,S
2021-06-25T10:01:38,500.0,12.25,S
2021-06-25T10:01:04,25000.0,12.25,S
2021-06-25T10:00:24,100.0,12.25,S
2021-06-25T10:00:06,5000.0,12.3,B
2021-06-25T09:59:52,1000.0,12.25,S
2021-06-25T09:59:30,500.0,12.3,B
2021-06-25T09:56:20,400.0,12.25,S
2021-06-25T09:55:52,1300.0,12.3,S
2021-06-25T09:55:43,1000.0,12.3,S
2021-06-25T09:55:38,3900.0,12.35,B
2021-06-25T09:55:37,1000.0,12.3,S
2021-06-25T09:55:32,16800.0,12.3,S
2021-06-25T09:55:09,100.0,12.3,S
2021-06-25T09:54:52,900.0,12.3,S
2021-06-25T09:53:14,35000.0,12.3,S
2021-06-25T09:51:06,600.0,12.35,B
2021-06-25T09:50:37,300.0,12.35,S
2021-06-25T09:50:37,100.0,12.4,B
2021-06-25T09:50:35,5100.0,12.35,S
2021-06-25T09:50:27,100.0,12.35,S
2021-06-25T09:49:52,1000.0,12.35,S
2021-06-25T09:49:06,2900.0,12.35,B
2021-06-25T09:48:56,100.0,12.35,B
2021-06-25T09:48:49,26400.0,12.3,S
2021-06-25T09:48:49,23600.0,12.3,S
2021-06-25T09:48:26,6400.0,12.35,S
2021-06-25T09:48:26,3600.0,12.35,S
2021-06-25T09:48:23,2000.0,12.4,B
2021-06-25T09:48:16,10000.0,12.35,S
2021-06-25T09:47:44,20000.0,12.35,S
2021-06-25T09:47:43,30000.0,12.4,B
2021-06-25T09:47:31,2000.0,12.35,S
2021-06-25T09:47:27,2000.0,12.4,B
2021-06-25T09:47:21,15900.0,12.35,B
2021-06-25T09:47:19,1500.0,12.35,B
2021-06-25T09:46:48,100.0,12.35,B
2021-06-25T09:46:41,100.0,12.35,B
2021-06-25T09:45:19,1500.0,12.35,B
2021-06-25T09:45:10,1000.0,12.35,B
2021-06-25T09:44:57,200.0,12.35,S
2021-06-25T09:44:51,13000.0,12.35,S
2021-06-25T09:44:26,100.0,12.35,B
2021-06-25T09:44:25,2000.0,12.35,B
2021-06-25T09:44:25,34700.0,12.35,B
2021-06-25T09:43:36,5000.0,12.3,S
2021-06-25T09:43:36,3000.0,12.3,S
2021-06-25T09:43:36,2000.0,12.3,S
2021-06-25T09:43:29,200.0,12.35,B
2021-06-25T09:41:29,700.0,12.35,B
2021-06-25T09:41:10,100.0,12.35,B
2021-06-25T09:40:04,1000.0,12.35,B
2021-06-25T09:40:04,10900.0,12.35,B
2021-06-25T09:40:04,28100.0,12.35,B
2021-06-25T09:39:58,500.0,12.35,B
2021-06-25T09:39:23,5700.0,12.35,B
2021-06-25T09:39:23,1000.0,12.3,S
2021-06-25T09:38:49,500.0,12.3,B
2021-06-25T09:37:41,1500.0,12.3,B
2021-06-25T09:37:15,82000.0,12.25,B
2021-06-25T09:37:08,200.0,12.25,B
2021-06-25T09:36:58,2000.0,12.25,B
2021-06-25T09:36:11,1900.0,12.25,B
2021-06-25T09:35:28,4000.0,12.2,S
2021-06-25T09:35:05,200.0,12.2,S
2021-06-25T09:34:41,100.0,12.2,S
2021-06-25T09:34:24,500.0,12.2,S
2021-06-25T09:34:22,500.0,12.2,S
2021-06-25T09:33:55,1000.0,12.2,S
2021-06-25T09:32:41,5000.0,12.25,B
2021-06-25T09:31:59,10000.0,12.25,B
2021-06-25T09:30:55,2600.0,12.25,S
2021-06-25T09:30:55,6200.0,12.25,S
2021-06-25T09:30:55,5600.0,12.25,S
2021-06-25T09:30:55,10000.0,12.3,S
2021-06-25T09:30:55,8200.0,12.3,S
2021-06-25T09:30:19,1000.0,12.3,S
2021-06-25T09:29:58,5000.0,12.3,S
2021-06-25T09:29:48,500.0,12.35,B
2021-06-25T09:29:14,1000.0,12.3,S
2021-06-25T09:29:06,100.0,12.3,S
2021-06-25T09:28:56,200.0,12.3,B
2021-06-25T09:28:52,3000.0,12.3,B
2021-06-25T09:28:49,2000.0,12.3,B
2021-06-25T09:28:37,3100.0,12.3,S
2021-06-25T09:28:36,1000.0,12.3,S
2021-06-25T09:28:14,500.0,12.3,S
2021-06-25T09:27:54,6100.0,12.3,S
2021-06-25T09:27:54,4000.0,12.3,S
2021-06-25T09:27:54,1600.0,12.3,S
2021-06-25T09:27:49,3500.0,12.3,S
2021-06-25T09:27:42,800.0,12.35,B
2021-06-25T09:27:41,900.0,12.35,B
2021-06-25T09:27:29,6200.0,12.3,S
2021-06-25T09:27:29,3800.0,12.3,S
2021-06-25T09:26:27,200.0,12.3,S
2021-06-25T09:26:23,300.0,12.35,S
2021-06-25T09:25:53,1500.0,12.35,B
2021-06-25T09:25:11,200.0,12.35,B
2021-06-25T09:24:50,200.0,12.35,B
2021-06-25T09:24:40,100.0,12.35,B
2021-06-25T09:24:39,400.0,12.35,B
2021-06-25T09:24:14,3000.0,12.35,B
2021-06-25T09:23:59,400.0,12.3,B
2021-06-25T09:23:48,7800.0,12.4,S
2021-06-25T09:23:45,12200.0,12.4,B
2021-06-25T09:23:40,300.0,12.3,S
2021-06-25T09:23:38,4100.0,12.3,S
2021-06-25T09:23:38,6000.0,12.3,S
2021-06-25T09:23:38,8300.0,12.3,S
2021-06-25T09:23:12,1400.0,12.35,S
2021-06-25T09:23:04,500.0,12.35,S
2021-06-25T09:22:26,100.0,12.35,B
2021-06-25T09:22:12,2000.0,12.35,B
2021-06-25T09:22:06,300.0,12.35,B
2021-06-25T09:21:41,600.0,12.35,B
2021-06-25T09:21:24,500.0,12.3,B
2021-06-25T09:21:24,1000.0,12.3,B
2021-06-25T09:20:22,400.0,12.3,S
2021-06-25T09:19:57,600.0,12.3,B
2021-06-25T09:19:54,1000.0,12.25,S
2021-06-25T09:19:13,500.0,12.2,S
2021-06-25T09:18:10,5000.0,12.2,S
