tradingTime,volume,price,side
2021-06-25T14:47:27,200.0,10.4,S
2021-06-25T14:46:42,5000.0,10.4,S
2021-06-25T14:43:32,400.0,10.5,B
2021-06-25T14:43:12,100.0,10.5,B
2021-06-25T14:43:07,100.0,10.5,B
2021-06-25T14:42:03,800.0,10.5,B
2021-06-25T14:39:52,100.0,10.5,B
2021-06-25T14:38:37,3000.0,10.4,S
2021-06-25T14:34:37,500.0,10.4,S
2021-06-25T14:33:21,500.0,10.4,S
2021-06-25T14:32:52,700.0,10.4,S
2021-06-25T14:32:52,1000.0,10.4,S
2021-06-25T14:32:03,200.0,10.4,S
2021-06-25T14:31:17,500.0,10.4,S
2021-06-25T14:28:52,300.0,10.4,S
2021-06-25T14:27:32,3200.0,10.4,S
2021-06-25T14:27:08,200.0,10.4,S
2021-06-25T14:26:40,3800.0,10.4,S
2021-06-25T14:25:34,400.0,10.4,S
2021-06-25T14:24:39,1000.0,10.4,S
2021-06-25T14:23:39,1000.0,10.4,S
2021-06-25T14:23:06,500.0,10.4,S
2021-06-25T14:22:09,100.0,10.5,B
2021-06-25T14:21:51,1500.0,10.4,S
2021-06-25T14:21:17,100.0,10.5,B
2021-06-25T14:20:48,1000.0,10.5,B
2021-06-25T14:19:45,200.0,10.5,B
2021-06-25T14:17:27,1100.0,10.5,B
2021-06-25T14:14:13,5000.0,10.5,B
2021-06-25T14:13:12,100.0,10.5,B
2021-06-25T14:12:56,1400.0,10.4,S
2021-06-25T14:12:08,200.0,10.4,S
2021-06-25T14:11:20,100.0,10.4,S
2021-06-25T14:09:47,2000.0,10.4,S
2021-06-25T14:06:12,3000.0,10.4,S
2021-06-25T14:05:04,500.0,10.4,S
2021-06-25T14:01:18,2000.0,10.4,S
2021-06-25T13:59:23,600.0,10.4,B
2021-06-25T13:59:09,5000.0,10.4,B
2021-06-25T13:56:42,100.0,10.4,B
2021-06-25T13:54:04,2500.0,10.4,B
2021-06-25T13:53:06,1000.0,10.3,S
2021-06-25T13:52:56,1400.0,10.3,S
2021-06-25T13:51:12,700.0,10.3,B
2021-06-25T13:50:55,1800.0,10.3,B
2021-06-25T13:50:28,60000.0,10.3,S
2021-06-25T13:48:08,600.0,10.3,S
2021-06-25T13:44:29,400.0,10.4,B
2021-06-25T13:43:59,2900.0,10.4,B
2021-06-25T13:41:36,100.0,10.4,B
2021-06-25T13:41:34,100.0,10.4,B
2021-06-25T13:41:18,500.0,10.4,B
2021-06-25T13:40:02,100.0,10.4,B
2021-06-25T13:37:01,500.0,10.4,B
2021-06-25T13:35:18,2000.0,10.4,S
2021-06-25T13:32:44,300.0,10.4,S
2021-06-25T13:32:37,200.0,10.4,S
2021-06-25T13:31:36,200.0,10.4,S
2021-06-25T13:31:18,100.0,10.4,S
2021-06-25T13:30:58,2000.0,10.4,S
2021-06-25T13:30:20,4800.0,10.4,S
2021-06-25T13:30:01,10000.0,10.4,S
2021-06-25T13:28:53,700.0,10.5,B
2021-06-25T13:28:35,100.0,10.4,S
2021-06-25T13:22:10,500.0,10.5,B
2021-06-25T13:22:06,500.0,10.4,S
2021-06-25T13:20:00,6500.0,10.4,B
2021-06-25T13:19:51,5700.0,10.3,S
2021-06-25T13:18:22,100.0,10.4,B
2021-06-25T13:16:02,2000.0,10.4,S
2021-06-25T13:12:19,100.0,10.4,S
2021-06-25T13:11:49,200.0,10.4,S
2021-06-25T13:11:42,2700.0,10.4,B
2021-06-25T13:11:32,1300.0,10.4,B
2021-06-25T13:11:13,100.0,10.4,S
2021-06-25T13:10:30,5000.0,10.4,S
2021-06-25T13:07:28,3900.0,10.4,S
2021-06-25T13:04:30,200.0,10.5,B
2021-06-25T13:03:05,1000.0,10.4,S
2021-06-25T13:00:17,400.0,10.4,S
2021-06-25T13:00:16,200.0,10.4,B
2021-06-25T11:30:07,400.0,10.4,S
2021-06-25T11:27:14,8700.0,10.4,B
2021-06-25T11:22:01,200.0,10.4,B
2021-06-25T11:21:39,2800.0,10.4,B
2021-06-25T11:21:03,5000.0,10.4,B
2021-06-25T11:20:11,7100.0,10.3,S
2021-06-25T11:19:09,3500.0,10.3,S
2021-06-25T11:17:46,500.0,10.3,S
2021-06-25T11:16:45,1000.0,10.4,B
2021-06-25T11:07:09,100.0,10.4,S
2021-06-25T11:05:27,100.0,10.4,B
2021-06-25T11:03:35,800.0,10.4,S
2021-06-25T11:01:29,600.0,10.4,B
2021-06-25T11:00:26,100.0,10.4,B
2021-06-25T11:00:24,500.0,10.4,B
2021-06-25T10:59:09,1100.0,10.4,B
2021-06-25T10:57:45,100.0,10.4,B
2021-06-25T10:57:17,500.0,10.4,B
2021-06-25T10:57:15,100.0,10.4,B
2021-06-25T10:56:09,7000.0,10.4,S
2021-06-25T10:55:35,1000.0,10.5,B
2021-06-25T10:55:25,1000.0,10.4,S
2021-06-25T10:51:46,6700.0,10.4,S
2021-06-25T10:51:05,200.0,10.4,B
2021-06-25T10:50:25,200.0,10.4,B
2021-06-25T10:49:10,800.0,10.4,B
2021-06-25T10:45:18,100.0,10.3,S
2021-06-25T10:44:56,100.0,10.3,S
2021-06-25T10:43:57,1000.0,10.3,S
2021-06-25T10:43:26,5000.0,10.3,S
2021-06-25T10:43:24,8000.0,10.3,S
2021-06-25T10:42:53,500.0,10.3,S
2021-06-25T10:42:27,200.0,10.3,S
2021-06-25T10:41:26,3000.0,10.3,S
2021-06-25T10:41:19,500.0,10.3,S
2021-06-25T10:40:40,500.0,10.3,S
2021-06-25T10:39:46,4100.0,10.3,S
2021-06-25T10:39:03,1500.0,10.4,S
2021-06-25T10:38:03,200.0,10.4,S
2021-06-25T10:37:46,1000.0,10.4,S
2021-06-25T10:37:35,2000.0,10.4,S
2021-06-25T10:37:30,500.0,10.4,S
2021-06-25T10:37:24,200.0,10.4,S
2021-06-25T10:37:22,100.0,10.4,S
2021-06-25T10:37:13,1000.0,10.4,S
2021-06-25T10:36:46,1000.0,10.4,S
2021-06-25T10:36:21,4000.0,10.4,S
2021-06-25T10:35:58,1000.0,10.4,S
2021-06-25T10:35:52,10000.0,10.4,S
2021-06-25T10:35:48,2000.0,10.4,S
2021-06-25T10:35:08,200.0,10.4,S
2021-06-25T10:34:35,2000.0,10.4,S
2021-06-25T10:34:21,100.0,10.4,S
2021-06-25T10:34:15,500.0,10.4,S
2021-06-25T10:34:04,3000.0,10.4,S
2021-06-25T10:32:24,1000.0,10.4,S
2021-06-25T10:30:57,1600.0,10.4,S
2021-06-25T10:29:58,1000.0,10.4,S
2021-06-25T10:25:40,2200.0,10.4,S
2021-06-25T10:24:37,5000.0,10.4,S
2021-06-25T10:21:25,3500.0,10.5,B
2021-06-25T10:18:40,1700.0,10.5,B
2021-06-25T10:18:05,200.0,10.5,B
2021-06-25T10:16:36,1000.0,10.5,B
2021-06-25T10:16:12,500.0,10.4,S
2021-06-25T10:16:04,1500.0,10.5,B
2021-06-25T10:15:53,500.0,10.4,S
2021-06-25T10:15:46,200.0,10.4,S
2021-06-25T10:12:57,10000.0,10.4,S
2021-06-25T10:11:00,800.0,10.5,B
2021-06-25T10:09:31,100.0,10.5,B
2021-06-25T10:08:40,400.0,10.5,B
2021-06-25T10:05:13,200.0,10.5,B
2021-06-25T10:04:51,300.0,10.5,B
2021-06-25T10:02:27,500.0,10.5,B
2021-06-25T10:00:43,1000.0,10.5,B
2021-06-25T09:58:36,400.0,10.5,B
2021-06-25T09:56:42,1000.0,10.5,B
2021-06-25T09:54:21,100.0,10.5,B
2021-06-25T09:53:54,2000.0,10.5,B
2021-06-25T09:53:32,1000.0,10.5,B
2021-06-25T09:50:02,1000.0,10.5,B
2021-06-25T09:48:49,200.0,10.5,B
2021-06-25T09:48:45,100.0,10.4,S
2021-06-25T09:47:49,1000.0,10.4,S
2021-06-25T09:46:32,2700.0,10.5,S
2021-06-25T09:45:31,200.0,10.5,S
2021-06-25T09:44:05,7100.0,10.5,B
2021-06-25T09:40:24,1000.0,10.5,B
2021-06-25T09:39:15,2000.0,10.5,B
2021-06-25T09:38:05,2000.0,10.5,B
2021-06-25T09:36:18,2000.0,10.5,S
2021-06-25T09:36:00,500.0,10.5,S
2021-06-25T09:35:45,100.0,10.5,S
2021-06-25T09:35:28,500.0,10.5,S
2021-06-25T09:34:58,100.0,10.5,S
2021-06-25T09:34:44,100.0,10.5,S
2021-06-25T09:34:12,100.0,10.5,S
2021-06-25T09:34:11,500.0,10.5,S
2021-06-25T09:34:04,800.0,10.5,B
2021-06-25T09:33:47,4200.0,10.5,S
2021-06-25T09:33:42,10000.0,10.5,S
2021-06-25T09:31:36,6600.0,10.5,B
2021-06-25T09:30:46,2000.0,10.5,B
2021-06-25T09:29:39,3000.0,10.5,B
2021-06-25T09:28:16,10000.0,10.5,B
2021-06-25T09:27:12,300.0,10.5,B
2021-06-25T09:26:13,4000.0,10.5,S
2021-06-25T09:25:45,200.0,10.5,S
2021-06-25T09:25:21,1800.0,10.5,B
2021-06-25T09:24:58,1200.0,10.5,S
2021-06-25T09:24:49,8800.0,10.5,S
2021-06-25T09:24:12,100.0,10.5,B
2021-06-25T09:23:45,500.0,10.5,B
2021-06-25T09:23:22,100.0,10.5,B
2021-06-25T09:22:59,1400.0,10.5,B
2021-06-25T09:22:54,3000.0,10.5,S
2021-06-25T09:22:42,1000.0,10.5,S
2021-06-25T09:22:28,200.0,10.5,S
2021-06-25T09:22:05,5000.0,10.5,S
2021-06-25T09:22:02,200.0,10.6,B
2021-06-25T09:21:52,10000.0,10.5,S
2021-06-25T09:20:57,400.0,10.6,B
2021-06-25T09:20:44,500.0,10.6,B
2021-06-25T09:19:42,300.0,10.6,B
2021-06-25T09:19:22,300.0,10.5,S
2021-06-25T09:18:44,300.0,10.6,B
2021-06-25T09:18:34,3000.0,10.6,B
2021-06-25T09:18:18,2000.0,10.6,B
2021-06-25T09:16:55,1300.0,10.5,B
2021-06-25T09:16:36,3000.0,10.5,B
2021-06-25T09:16:34,2000.0,10.5,B
2021-06-25T09:15:56,1500.0,10.5,B
2021-06-25T09:15:55,100.0,10.5,B
2021-06-25T09:15:49,100.0,10.5,B
2021-06-25T09:15:22,2000.0,10.5,B
2021-06-25T09:14:50,5000.0,10.5,B
2021-06-25T09:14:12,700.0,10.4,B
2021-06-25T09:13:51,500.0,10.4,B
2021-06-25T09:13:25,100.0,10.4,B
2021-06-25T09:13:00,3000.0,10.4,B
2021-06-25T09:12:28,1000.0,10.4,B
2021-06-25T09:11:13,1900.0,10.4,B
2021-06-25T09:10:40,900.0,10.3,S
2021-06-25T09:09:12,200.0,10.3,S
2021-06-25T09:07:41,200.0,10.3,S
2021-06-25T09:06:21,400.0,10.3,S
2021-06-25T09:04:02,100.0,10.3,S
