tradingTime,volume,price,side
2021-06-25T14:30:01,100.0,97.7,S
2021-06-25T14:29:52,200.0,97.7,S
2021-06-25T14:29:51,800.0,97.8,B
2021-06-25T14:29:42,4700.0,97.8,B
2021-06-25T14:29:42,100.0,97.8,B
2021-06-25T14:29:42,200.0,97.8,B
2021-06-25T14:29:39,200.0,97.7,S
2021-06-25T14:29:29,100.0,97.7,S
2021-06-25T14:29:24,1000.0,97.7,S
2021-06-25T14:29:12,200.0,97.7,S
2021-06-25T14:29:00,300.0,97.7,S
2021-06-25T14:28:44,13300.0,97.7,S
2021-06-25T14:28:28,700.0,97.7,S
2021-06-25T14:28:26,2000.0,97.7,S
2021-06-25T14:28:23,500.0,97.8,B
2021-06-25T14:28:17,300.0,97.8,B
2021-06-25T14:28:04,300.0,97.8,B
2021-06-25T14:28:04,700.0,97.8,B
2021-06-25T14:27:19,1000.0,97.8,B
2021-06-25T14:27:17,100.0,97.8,B
2021-06-25T14:26:53,1500.0,97.8,B
2021-06-25T14:26:52,1000.0,97.8,B
2021-06-25T14:26:38,300.0,97.8,B
2021-06-25T14:26:03,600.0,97.8,B
2021-06-25T14:25:56,100.0,97.7,S
2021-06-25T14:25:31,500.0,97.7,S
2021-06-25T14:25:09,700.0,97.8,B
2021-06-25T14:25:01,1500.0,97.8,B
2021-06-25T14:25:01,1500.0,97.8,B
2021-06-25T14:24:59,200.0,97.7,S
2021-06-25T14:24:52,100.0,97.8,B
2021-06-25T14:24:41,100.0,97.8,B
2021-06-25T14:24:18,300.0,97.8,B
2021-06-25T14:24:04,100.0,97.8,B
2021-06-25T14:24:03,200.0,97.8,B
2021-06-25T14:24:03,800.0,97.8,B
2021-06-25T14:23:00,200.0,97.8,S
2021-06-25T14:22:38,100.0,97.8,S
2021-06-25T14:22:04,300.0,97.8,B
2021-06-25T14:21:49,500.0,97.8,B
2021-06-25T14:21:49,100.0,97.8,B
2021-06-25T14:21:49,2700.0,97.8,B
2021-06-25T14:21:49,200.0,97.8,B
2021-06-25T14:21:49,13500.0,97.8,B
2021-06-25T14:21:00,200.0,97.8,B
2021-06-25T14:20:59,200.0,97.8,B
2021-06-25T14:20:59,300.0,97.8,B
2021-06-25T14:20:59,500.0,97.8,B
2021-06-25T14:20:59,6000.0,97.8,B
2021-06-25T14:20:58,200.0,97.8,B
2021-06-25T14:20:57,2200.0,97.8,B
2021-06-25T14:20:53,500.0,97.8,B
2021-06-25T14:20:43,200.0,97.7,B
2021-06-25T14:19:46,5000.0,97.8,B
2021-06-25T14:19:03,600.0,97.7,B
2021-06-25T14:18:54,5000.0,97.7,B
2021-06-25T14:18:41,100.0,97.6,S
2021-06-25T14:18:28,1700.0,97.7,B
2021-06-25T14:18:28,300.0,97.7,B
2021-06-25T14:18:28,400.0,97.7,B
2021-06-25T14:18:27,2900.0,97.7,B
2021-06-25T14:18:26,5000.0,97.7,B
2021-06-25T14:18:16,5000.0,97.7,B
2021-06-25T14:16:47,4300.0,97.7,B
2021-06-25T14:16:47,700.0,97.7,B
2021-06-25T14:16:37,2000.0,97.6,S
2021-06-25T14:16:21,300.0,97.7,B
2021-06-25T14:15:52,1000.0,97.7,B
2021-06-25T14:15:40,100.0,97.6,S
2021-06-25T14:14:27,2000.0,97.6,S
2021-06-25T14:14:00,500.0,97.7,B
2021-06-25T14:13:29,100.0,97.7,B
2021-06-25T14:13:22,400.0,97.5,S
2021-06-25T14:13:13,300.0,97.6,B
2021-06-25T14:13:11,500.0,97.6,B
2021-06-25T14:13:04,100.0,97.5,S
2021-06-25T14:13:04,700.0,97.6,B
2021-06-25T14:13:00,1300.0,97.6,B
2021-06-25T14:12:40,700.0,97.6,S
2021-06-25T14:12:39,2000.0,97.6,S
2021-06-25T14:12:21,400.0,97.6,B
2021-06-25T14:12:20,900.0,97.6,B
2021-06-25T14:12:20,1000.0,97.6,B
2021-06-25T14:12:03,1000.0,97.6,B
2021-06-25T14:12:03,4800.0,97.6,B
2021-06-25T14:11:48,700.0,97.5,B
2021-06-25T14:10:50,400.0,97.5,B
2021-06-25T14:10:24,1700.0,97.5,B
2021-06-25T14:10:00,200.0,97.5,S
2021-06-25T14:09:56,1000.0,97.5,S
2021-06-25T14:09:54,500.0,97.5,S
2021-06-25T14:09:36,1100.0,97.5,S
2021-06-25T14:09:36,900.0,97.5,S
2021-06-25T14:08:39,700.0,97.6,B
2021-06-25T14:08:35,100.0,97.5,B
2021-06-25T14:08:27,1200.0,97.5,S
2021-06-25T14:08:06,4100.0,97.5,S
2021-06-25T14:07:54,5000.0,97.5,S
2021-06-25T14:07:38,500.0,97.5,S
2021-06-25T14:07:36,100.0,97.5,S
2021-06-25T14:07:26,300.0,97.6,B
2021-06-25T14:06:44,1000.0,97.5,S
2021-06-25T14:05:55,3000.0,97.6,S
2021-06-25T14:05:47,200.0,97.6,S
2021-06-25T14:05:20,1600.0,97.6,S
2021-06-25T14:05:20,3600.0,97.6,S
2021-06-25T14:05:01,5000.0,97.6,S
2021-06-25T14:04:58,300.0,97.6,S
2021-06-25T14:04:51,1300.0,97.7,B
2021-06-25T14:03:33,200.0,97.6,S
2021-06-25T14:03:03,300.0,97.7,B
2021-06-25T14:02:33,500.0,97.6,S
2021-06-25T14:02:13,1000.0,97.7,B
2021-06-25T14:01:55,100.0,97.6,S
2021-06-25T14:01:55,500.0,97.6,S
2021-06-25T14:01:47,300.0,97.6,S
2021-06-25T14:01:19,100.0,97.6,S
2021-06-25T14:00:44,100.0,97.6,B
2021-06-25T14:00:38,5000.0,97.6,B
2021-06-25T14:00:24,3000.0,97.6,B
2021-06-25T14:00:15,500.0,97.6,B
2021-06-25T14:00:07,2000.0,97.6,B
2021-06-25T13:59:15,700.0,97.6,B
2021-06-25T13:58:33,200.0,97.6,B
2021-06-25T13:58:26,1000.0,97.6,B
2021-06-25T13:58:25,1000.0,97.5,S
2021-06-25T13:58:08,300.0,97.6,B
2021-06-25T13:56:37,2200.0,97.6,B
2021-06-25T13:56:15,100.0,97.6,B
2021-06-25T13:55:55,1000.0,97.6,B
2021-06-25T13:55:43,1000.0,97.6,B
2021-06-25T13:55:33,3900.0,97.6,B
2021-06-25T13:55:33,3100.0,97.6,B
2021-06-25T13:55:33,2600.0,97.6,B
2021-06-25T13:55:33,400.0,97.6,B
2021-06-25T13:55:33,1200.0,97.6,B
2021-06-25T13:55:33,1500.0,97.6,B
2021-06-25T13:55:33,2000.0,97.6,B
2021-06-25T13:55:33,1700.0,97.6,B
2021-06-25T13:55:33,2700.0,97.6,B
2021-06-25T13:55:33,900.0,97.6,B
2021-06-25T13:55:32,5300.0,97.5,S
2021-06-25T13:55:32,7000.0,97.5,S
2021-06-25T13:55:31,1400.0,97.5,S
2021-06-25T13:55:25,1000.0,97.6,B
2021-06-25T13:54:43,300.0,97.6,B
2021-06-25T13:54:15,200.0,97.6,B
2021-06-25T13:52:20,500.0,97.5,S
2021-06-25T13:52:04,700.0,97.5,S
2021-06-25T13:51:39,100.0,97.5,S
2021-06-25T13:50:49,200.0,97.4,S
2021-06-25T13:50:44,300.0,97.5,S
2021-06-25T13:50:31,400.0,97.5,B
2021-06-25T13:50:09,300.0,97.5,B
2021-06-25T13:49:44,200.0,97.5,B
2021-06-25T13:49:42,1000.0,97.5,B
2021-06-25T13:49:39,700.0,97.5,B
2021-06-25T13:49:37,200.0,97.5,B
2021-06-25T13:49:36,1000.0,97.5,B
2021-06-25T13:49:35,400.0,97.5,B
2021-06-25T13:49:35,700.0,97.5,B
2021-06-25T13:49:35,500.0,97.5,B
2021-06-25T13:49:35,3400.0,97.5,B
2021-06-25T13:49:21,5000.0,97.5,B
2021-06-25T13:49:17,7900.0,97.5,B
2021-06-25T13:49:17,2100.0,97.5,B
2021-06-25T13:49:07,400.0,97.5,B
2021-06-25T13:49:05,100.0,97.5,B
2021-06-25T13:48:49,300.0,97.5,B
2021-06-25T13:48:18,1200.0,97.5,B
2021-06-25T13:48:08,500.0,97.5,B
2021-06-25T13:48:02,400.0,97.5,B
2021-06-25T13:47:46,2000.0,97.5,B
2021-06-25T13:46:49,1000.0,97.5,B
2021-06-25T13:46:17,1000.0,97.5,B
2021-06-25T13:45:49,400.0,97.5,B
2021-06-25T13:45:49,200.0,97.5,B
2021-06-25T13:45:49,800.0,97.5,B
2021-06-25T13:45:49,800.0,97.5,B
2021-06-25T13:45:49,1200.0,97.5,B
2021-06-25T13:45:49,6600.0,97.5,B
2021-06-25T13:45:47,2500.0,97.5,B
2021-06-25T13:45:14,200.0,97.5,B
2021-06-25T13:44:12,700.0,97.5,B
2021-06-25T13:43:33,500.0,97.4,S
2021-06-25T13:42:36,200.0,97.5,B
2021-06-25T13:42:20,2000.0,97.4,B
2021-06-25T13:42:05,1000.0,97.4,B
2021-06-25T13:42:01,2000.0,97.4,S
2021-06-25T13:41:35,100.0,97.4,B
2021-06-25T13:41:28,400.0,97.4,B
2021-06-25T13:41:28,4800.0,97.4,B
2021-06-25T13:40:48,200.0,97.4,B
2021-06-25T13:40:34,600.0,97.3,S
2021-06-25T13:40:31,1200.0,97.4,B
2021-06-25T13:40:30,800.0,97.4,B
2021-06-25T13:38:53,2000.0,97.4,B
2021-06-25T13:38:51,100.0,97.4,B
2021-06-25T13:38:10,200.0,97.3,S
2021-06-25T13:37:57,500.0,97.3,S
2021-06-25T13:37:40,3000.0,97.4,B
2021-06-25T13:37:34,5000.0,97.4,B
2021-06-25T13:37:12,100.0,97.3,S
2021-06-25T13:37:00,200.0,97.3,S
2021-06-25T13:36:26,1400.0,97.3,S
2021-06-25T13:36:23,200.0,97.4,B
2021-06-25T13:35:04,200.0,97.4,B
2021-06-25T13:34:53,200.0,97.4,B
2021-06-25T13:34:36,1000.0,97.4,B
2021-06-25T13:33:54,100.0,97.4,B
2021-06-25T13:33:49,1000.0,97.4,B
2021-06-25T13:33:18,600.0,97.3,S
2021-06-25T13:33:01,100.0,97.4,B
2021-06-25T13:32:28,5000.0,97.4,B
2021-06-25T13:32:17,5000.0,97.4,B
2021-06-25T13:32:06,200.0,97.4,B
2021-06-25T13:30:57,1000.0,97.3,S
2021-06-25T13:30:35,200.0,97.3,S
2021-06-25T13:30:02,5000.0,97.4,B
2021-06-25T13:28:53,600.0,97.4,B
2021-06-25T13:28:53,200.0,97.4,B
2021-06-25T13:28:53,200.0,97.4,B
2021-06-25T13:28:50,300.0,97.4,B
2021-06-25T13:28:49,400.0,97.4,B
2021-06-25T13:28:49,600.0,97.4,B
2021-06-25T13:28:49,2000.0,97.4,B
2021-06-25T13:28:31,1000.0,97.4,B
2021-06-25T13:28:31,2000.0,97.4,B
2021-06-25T13:28:28,700.0,97.4,B
2021-06-25T13:28:25,100.0,97.3,S
2021-06-25T13:28:23,200.0,97.3,S
2021-06-25T13:28:23,100.0,97.3,S
2021-06-25T13:28:18,100.0,97.4,B
2021-06-25T13:28:10,100.0,97.3,S
2021-06-25T13:27:44,2000.0,97.4,B
2021-06-25T13:27:35,200.0,97.4,B
2021-06-25T13:27:25,1100.0,97.3,S
2021-06-25T13:26:37,200.0,97.3,S
2021-06-25T13:26:28,100.0,97.3,S
2021-06-25T13:25:46,600.0,97.4,B
2021-06-25T13:24:54,1000.0,97.3,S
2021-06-25T13:24:52,1000.0,97.3,S
2021-06-25T13:24:50,2000.0,97.4,B
2021-06-25T13:24:25,6000.0,97.3,S
2021-06-25T13:24:24,1000.0,97.4,B
2021-06-25T13:24:02,3000.0,97.4,B
2021-06-25T13:23:30,700.0,97.4,B
2021-06-25T13:23:30,4300.0,97.4,B
2021-06-25T13:23:13,200.0,97.4,B
2021-06-25T13:23:05,300.0,97.3,S
2021-06-25T13:23:01,1000.0,97.3,S
2021-06-25T13:22:59,1000.0,97.3,S
2021-06-25T13:22:35,200.0,97.3,S
2021-06-25T13:22:20,600.0,97.3,S
2021-06-25T13:22:08,1000.0,97.3,S
2021-06-25T13:21:21,1000.0,97.3,S
2021-06-25T13:21:06,200.0,97.3,S
2021-06-25T13:21:06,800.0,97.3,S
2021-06-25T13:21:01,500.0,97.3,S
2021-06-25T13:21:00,500.0,97.3,S
2021-06-25T13:20:51,700.0,97.3,S
2021-06-25T13:20:50,100.0,97.3,S
2021-06-25T13:20:42,1000.0,97.4,B
2021-06-25T13:20:19,10000.0,97.3,S
2021-06-25T13:19:52,2000.0,97.3,S
2021-06-25T13:19:38,500.0,97.3,S
2021-06-25T13:19:06,100.0,97.4,S
2021-06-25T13:18:50,200.0,97.5,B
2021-06-25T13:18:49,2500.0,97.4,S
2021-06-25T13:18:47,400.0,97.4,S
2021-06-25T13:18:26,100.0,97.4,B
2021-06-25T13:18:24,1900.0,97.4,B
2021-06-25T13:18:14,800.0,97.4,B
2021-06-25T13:18:03,100.0,97.4,S
2021-06-25T13:18:03,2000.0,97.3,S
2021-06-25T13:17:48,1800.0,97.3,S
2021-06-25T13:17:46,200.0,97.4,S
2021-06-25T13:17:44,1000.0,97.4,S
2021-06-25T13:17:25,200.0,97.4,S
2021-06-25T13:17:11,1400.0,97.4,B
2021-06-25T13:17:11,200.0,97.4,B
2021-06-25T13:16:36,100.0,97.3,S
2021-06-25T13:16:33,2000.0,97.3,S
2021-06-25T13:16:29,200.0,97.3,S
2021-06-25T13:15:59,100.0,97.4,B
2021-06-25T13:15:58,100.0,97.4,B
2021-06-25T13:15:46,200.0,97.3,S
2021-06-25T13:15:34,1000.0,97.4,S
2021-06-25T13:15:21,1800.0,97.4,S
2021-06-25T13:15:21,200.0,97.4,S
2021-06-25T13:15:21,6000.0,97.4,S
2021-06-25T13:15:11,300.0,97.4,S
2021-06-25T13:15:00,300.0,97.4,S
2021-06-25T13:14:47,1000.0,97.4,S
2021-06-25T13:14:23,200.0,97.5,B
2021-06-25T13:14:17,2000.0,97.4,S
2021-06-25T13:13:21,100.0,97.4,S
2021-06-25T13:13:19,400.0,97.5,B
2021-06-25T13:13:19,300.0,97.5,B
2021-06-25T13:12:41,700.0,97.4,S
2021-06-25T13:11:45,1000.0,97.4,S
2021-06-25T13:11:39,500.0,97.4,S
2021-06-25T13:11:25,800.0,97.5,B
2021-06-25T13:11:01,1000.0,97.4,S
2021-06-25T13:10:00,200.0,97.5,B
2021-06-25T13:09:10,200.0,97.5,B
2021-06-25T13:08:26,300.0,97.5,B
2021-06-25T13:08:07,2000.0,97.5,B
2021-06-25T13:07:31,1500.0,97.5,B
2021-06-25T13:07:07,2000.0,97.5,B
2021-06-25T13:06:49,1200.0,97.5,B
2021-06-25T13:06:47,2000.0,97.5,B
2021-06-25T13:06:36,7400.0,97.5,B
2021-06-25T13:06:19,500.0,97.5,B
2021-06-25T13:05:26,200.0,97.5,B
2021-06-25T13:05:06,2000.0,97.4,S
2021-06-25T13:04:41,1000.0,97.5,B
2021-06-25T13:04:17,100.0,97.5,B
2021-06-25T13:04:03,1100.0,97.5,B
2021-06-25T13:03:56,500.0,97.5,B
2021-06-25T13:03:25,100.0,97.5,B
2021-06-25T13:03:18,400.0,97.5,B
2021-06-25T13:02:53,600.0,97.5,B
2021-06-25T13:02:49,300.0,97.5,B
2021-06-25T13:02:18,300.0,97.5,B
2021-06-25T13:02:04,800.0,97.5,B
2021-06-25T13:01:57,1000.0,97.4,B
2021-06-25T13:01:01,200.0,97.4,B
2021-06-25T13:00:49,100.0,97.4,B
2021-06-25T13:00:29,1000.0,97.4,B
2021-06-25T13:00:27,100.0,97.4,B
2021-06-25T13:00:25,200.0,97.4,B
2021-06-25T13:00:25,600.0,97.4,B
2021-06-25T13:00:25,1600.0,97.4,B
2021-06-25T13:00:25,2100.0,97.4,B
2021-06-25T13:00:25,2500.0,97.4,B
2021-06-25T13:00:25,400.0,97.4,B
2021-06-25T13:00:21,400.0,97.3,S
2021-06-25T13:00:14,1400.0,97.4,B
2021-06-25T13:00:14,1100.0,97.4,B
2021-06-25T13:00:14,300.0,97.3,S
2021-06-25T13:00:14,200.0,97.4,B
2021-06-25T11:28:27,100.0,97.4,B
2021-06-25T11:28:10,10000.0,97.4,B
2021-06-25T11:27:45,200.0,97.3,S
2021-06-25T11:27:41,700.0,97.4,B
2021-06-25T11:27:11,2000.0,97.3,S
2021-06-25T11:27:03,3600.0,97.3,B
2021-06-25T11:26:56,100.0,97.3,B
2021-06-25T11:26:52,100.0,97.3,B
2021-06-25T11:26:48,3000.0,97.3,B
2021-06-25T11:26:47,200.0,97.3,B
2021-06-25T11:26:32,3000.0,97.3,S
2021-06-25T11:25:41,100.0,97.3,S
2021-06-25T11:25:41,3100.0,97.3,B
2021-06-25T11:25:41,2700.0,97.3,B
2021-06-25T11:25:40,11100.0,97.3,B
2021-06-25T11:25:27,6500.0,97.3,B
2021-06-25T11:25:02,500.0,97.3,B
2021-06-25T11:24:11,1000.0,97.2,S
2021-06-25T11:23:47,1000.0,97.2,S
2021-06-25T11:23:09,1000.0,97.2,S
2021-06-25T11:22:47,1000.0,97.2,S
2021-06-25T11:22:44,200.0,97.2,S
2021-06-25T11:21:57,500.0,97.2,S
2021-06-25T11:21:07,100.0,97.2,S
2021-06-25T11:20:11,1700.0,97.2,S
2021-06-25T11:19:36,400.0,97.2,B
2021-06-25T11:19:34,1000.0,97.2,B
2021-06-25T11:19:15,4000.0,97.2,B
2021-06-25T11:18:20,300.0,97.2,S
2021-06-25T11:18:16,800.0,97.2,S
2021-06-25T11:18:13,1000.0,97.2,S
2021-06-25T11:18:13,3400.0,97.2,B
2021-06-25T11:17:25,1000.0,97.2,S
2021-06-25T11:17:24,5900.0,97.2,S
2021-06-25T11:17:03,1000.0,97.2,S
2021-06-25T11:16:38,1000.0,97.2,S
2021-06-25T11:15:33,500.0,97.2,S
2021-06-25T11:15:05,300.0,97.2,S
2021-06-25T11:14:30,100.0,97.2,S
2021-06-25T11:14:07,500.0,97.3,B
2021-06-25T11:14:07,200.0,97.3,B
2021-06-25T11:13:30,600.0,97.2,S
2021-06-25T11:13:05,300.0,97.2,S
2021-06-25T11:13:03,300.0,97.2,S
2021-06-25T11:13:03,2000.0,97.2,S
2021-06-25T11:12:45,500.0,97.2,S
2021-06-25T11:12:45,800.0,97.3,B
2021-06-25T11:12:29,7400.0,97.2,S
2021-06-25T11:12:28,10000.0,97.2,S
2021-06-25T11:11:54,10000.0,97.2,S
2021-06-25T11:11:31,500.0,97.3,B
2021-06-25T11:11:15,400.0,97.2,S
2021-06-25T11:10:48,12000.0,97.2,S
2021-06-25T11:10:45,100.0,97.2,S
2021-06-25T11:10:44,2000.0,97.3,B
2021-06-25T11:10:11,100.0,97.2,S
2021-06-25T11:09:59,100.0,97.2,S
2021-06-25T11:09:53,500.0,97.2,S
2021-06-25T11:09:14,100.0,97.2,S
2021-06-25T11:07:33,500.0,97.2,S
2021-06-25T11:07:25,100.0,97.2,S
2021-06-25T11:06:15,500.0,97.3,S
2021-06-25T11:05:59,500.0,97.3,B
2021-06-25T11:05:33,8400.0,97.3,B
2021-06-25T11:05:11,2000.0,97.3,B
2021-06-25T11:05:01,5000.0,97.3,B
2021-06-25T11:04:39,500.0,97.3,B
2021-06-25T11:03:01,100.0,97.2,S
2021-06-25T11:03:01,400.0,97.2,S
2021-06-25T11:02:52,2000.0,97.3,B
2021-06-25T11:02:43,2000.0,97.3,B
2021-06-25T11:02:27,100.0,97.3,B
2021-06-25T11:02:27,4900.0,97.3,B
2021-06-25T11:01:43,300.0,97.3,B
2021-06-25T11:00:39,2000.0,97.3,B
2021-06-25T11:00:37,1000.0,97.3,B
2021-06-25T11:00:30,1600.0,97.2,S
2021-06-25T11:00:30,3400.0,97.2,S
2021-06-25T11:00:30,1100.0,97.3,B
2021-06-25T11:00:30,3000.0,97.3,B
2021-06-25T11:00:30,5900.0,97.3,B
2021-06-25T11:00:09,5000.0,97.3,B
2021-06-25T10:59:28,200.0,97.2,S
2021-06-25T10:57:59,400.0,97.3,B
2021-06-25T10:57:23,400.0,97.2,S
2021-06-25T10:57:12,1000.0,97.2,S
2021-06-25T10:56:39,700.0,97.3,B
2021-06-25T10:56:30,400.0,97.2,B
2021-06-25T10:56:15,300.0,97.1,S
2021-06-25T10:56:02,2000.0,97.1,S
2021-06-25T10:55:41,400.0,97.1,S
2021-06-25T10:54:21,1600.0,97.1,S
2021-06-25T10:54:21,400.0,97.1,S
2021-06-25T10:54:15,100.0,97.2,S
2021-06-25T10:54:15,1000.0,97.1,S
2021-06-25T10:53:31,1000.0,97.2,B
2021-06-25T10:53:11,100.0,97.2,S
2021-06-25T10:52:43,200.0,97.2,S
2021-06-25T10:52:32,100.0,97.2,S
2021-06-25T10:52:21,100.0,97.2,S
2021-06-25T10:52:15,1400.0,97.2,S
2021-06-25T10:52:07,1000.0,97.2,S
2021-06-25T10:51:45,100.0,97.2,S
2021-06-25T10:51:39,1000.0,97.2,S
2021-06-25T10:51:36,100.0,97.2,S
2021-06-25T10:51:32,500.0,97.2,S
2021-06-25T10:51:22,1000.0,97.2,B
2021-06-25T10:51:10,400.0,97.2,B
2021-06-25T10:51:00,5000.0,97.2,B
2021-06-25T10:50:56,500.0,97.1,S
2021-06-25T10:50:47,1000.0,97.2,B
2021-06-25T10:50:33,500.0,97.1,S
2021-06-25T10:50:00,800.0,97.1,B
2021-06-25T10:49:15,200.0,97.1,B
2021-06-25T10:49:14,400.0,97.0,B
2021-06-25T10:49:05,3600.0,97.0,B
2021-06-25T10:49:00,200.0,97.0,B
2021-06-25T10:48:53,1700.0,97.0,B
2021-06-25T10:48:49,200.0,96.9,S
2021-06-25T10:48:40,200.0,97.0,B
2021-06-25T10:48:25,500.0,97.0,B
2021-06-25T10:48:25,1000.0,97.0,B
2021-06-25T10:48:25,1000.0,97.0,B
2021-06-25T10:47:56,5000.0,97.0,B
2021-06-25T10:47:20,100.0,97.0,B
2021-06-25T10:46:45,200.0,96.8,S
2021-06-25T10:46:43,1000.0,96.8,S
2021-06-25T10:46:43,800.0,96.8,S
2021-06-25T10:46:18,1000.0,96.8,S
2021-06-25T10:46:18,900.0,97.0,B
2021-06-25T10:46:09,3200.0,97.0,B
2021-06-25T10:46:01,300.0,97.0,B
2021-06-25T10:46:01,300.0,97.0,B
2021-06-25T10:46:01,300.0,97.0,B
2021-06-25T10:46:01,300.0,97.0,B
2021-06-25T10:46:00,900.0,97.0,B
2021-06-25T10:46:00,300.0,97.0,B
2021-06-25T10:45:54,100.0,96.9,S
2021-06-25T10:45:25,1000.0,96.9,B
2021-06-25T10:44:47,400.0,96.9,B
2021-06-25T10:44:23,600.0,96.8,B
2021-06-25T10:44:22,2000.0,96.8,B
2021-06-25T10:44:19,1000.0,96.8,B
2021-06-25T10:44:09,300.0,96.9,B
2021-06-25T10:44:08,200.0,96.8,B
2021-06-25T10:43:58,1000.0,96.8,B
2021-06-25T10:43:57,2000.0,96.8,B
2021-06-25T10:43:52,1000.0,96.8,B
2021-06-25T10:43:45,2500.0,96.8,B
2021-06-25T10:43:42,1000.0,96.6,S
2021-06-25T10:43:38,300.0,96.8,B
2021-06-25T10:43:34,300.0,96.6,S
2021-06-25T10:43:30,200.0,96.8,B
2021-06-25T10:43:16,300.0,96.8,B
2021-06-25T10:43:12,200.0,96.6,S
2021-06-25T10:43:07,100.0,96.8,B
2021-06-25T10:43:07,100.0,96.8,B
2021-06-25T10:42:47,300.0,96.8,B
2021-06-25T10:42:40,300.0,96.8,B
2021-06-25T10:42:37,300.0,96.8,B
2021-06-25T10:41:52,300.0,96.8,S
2021-06-25T10:41:39,1000.0,96.8,S
2021-06-25T10:41:29,100.0,96.8,S
2021-06-25T10:41:29,5400.0,96.8,S
2021-06-25T10:41:21,100.0,96.8,S
2021-06-25T10:41:16,100.0,96.8,S
2021-06-25T10:41:15,400.0,96.8,S
2021-06-25T10:41:06,300.0,96.8,S
2021-06-25T10:41:00,2100.0,96.8,S
2021-06-25T10:40:45,2000.0,96.8,S
2021-06-25T10:40:30,5000.0,96.8,S
2021-06-25T10:40:10,200.0,96.8,S
2021-06-25T10:39:43,400.0,96.8,S
2021-06-25T10:39:43,100.0,96.8,S
2021-06-25T10:39:05,500.0,96.9,S
2021-06-25T10:38:42,200.0,97.0,B
2021-06-25T10:38:40,500.0,96.9,S
2021-06-25T10:38:11,200.0,97.0,B
2021-06-25T10:38:06,2000.0,96.9,S
2021-06-25T10:37:51,300.0,97.0,S
2021-06-25T10:37:44,400.0,97.0,S
2021-06-25T10:37:35,1000.0,97.0,S
2021-06-25T10:37:35,3000.0,97.0,S
2021-06-25T10:37:34,12100.0,97.0,S
2021-06-25T10:37:34,13000.0,97.0,S
2021-06-25T10:37:33,20000.0,97.0,S
2021-06-25T10:37:33,10000.0,97.1,S
2021-06-25T10:37:32,5900.0,97.2,S
2021-06-25T10:37:30,4100.0,97.2,S
2021-06-25T10:36:59,100.0,97.2,S
2021-06-25T10:36:30,2000.0,97.2,S
2021-06-25T10:36:26,100.0,97.2,S
2021-06-25T10:36:26,500.0,97.2,S
2021-06-25T10:35:59,2000.0,97.2,S
2021-06-25T10:35:55,200.0,97.2,S
2021-06-25T10:35:45,1000.0,97.2,S
2021-06-25T10:35:39,2000.0,97.2,S
2021-06-25T10:35:24,300.0,97.2,S
2021-06-25T10:35:21,100.0,97.2,S
2021-06-25T10:35:13,200.0,97.2,S
2021-06-25T10:35:06,2800.0,97.2,S
2021-06-25T10:34:51,1000.0,97.2,S
2021-06-25T10:33:49,200.0,97.3,B
2021-06-25T10:33:48,2100.0,97.3,B
2021-06-25T10:33:48,2600.0,97.3,B
2021-06-25T10:33:48,100.0,97.3,B
2021-06-25T10:33:32,300.0,97.3,B
2021-06-25T10:33:31,1000.0,97.2,S
2021-06-25T10:33:28,1700.0,97.3,B
2021-06-25T10:33:28,400.0,97.3,B
2021-06-25T10:33:28,200.0,97.3,B
2021-06-25T10:33:28,1500.0,97.3,B
2021-06-25T10:33:27,100.0,97.3,B
2021-06-25T10:33:27,400.0,97.3,B
2021-06-25T10:33:27,1100.0,97.3,B
2021-06-25T10:33:27,600.0,97.3,B
2021-06-25T10:33:27,1100.0,97.3,B
2021-06-25T10:33:27,100.0,97.3,B
2021-06-25T10:33:27,2800.0,97.3,B
2021-06-25T10:32:34,300.0,97.3,B
2021-06-25T10:32:08,2800.0,97.2,S
2021-06-25T10:31:45,100.0,97.2,S
2021-06-25T10:31:26,700.0,97.3,B
2021-06-25T10:30:48,400.0,97.3,B
2021-06-25T10:30:33,2000.0,97.2,S
2021-06-25T10:30:15,1500.0,97.2,S
2021-06-25T10:30:08,700.0,97.2,S
2021-06-25T10:29:47,100.0,97.2,S
2021-06-25T10:29:39,1000.0,97.2,S
2021-06-25T10:28:14,1000.0,97.2,S
2021-06-25T10:28:01,1000.0,97.2,S
2021-06-25T10:27:11,7000.0,97.2,S
2021-06-25T10:27:11,5600.0,97.2,S
2021-06-25T10:26:17,300.0,97.2,S
2021-06-25T10:24:23,2000.0,97.3,B
2021-06-25T10:23:57,400.0,97.3,B
2021-06-25T10:23:53,200.0,97.2,S
2021-06-25T10:23:31,15700.0,97.2,B
2021-06-25T10:23:04,500.0,97.1,S
2021-06-25T10:23:04,100.0,97.1,S
2021-06-25T10:22:34,9500.0,97.3,S
2021-06-25T10:22:10,1300.0,97.3,B
2021-06-25T10:22:10,400.0,97.3,B
2021-06-25T10:22:10,100.0,97.3,B
2021-06-25T10:22:10,900.0,97.3,B
2021-06-25T10:22:10,800.0,97.3,B
2021-06-25T10:22:10,1000.0,97.3,B
2021-06-25T10:22:10,1000.0,97.3,B
2021-06-25T10:22:10,1000.0,97.3,B
2021-06-25T10:22:10,100.0,97.3,B
2021-06-25T10:22:09,6600.0,97.3,B
2021-06-25T10:22:09,7500.0,97.2,B
2021-06-25T10:21:28,3000.0,97.1,S
2021-06-25T10:21:28,2500.0,97.1,S
2021-06-25T10:21:28,3100.0,97.1,S
2021-06-25T10:21:28,800.0,97.1,S
2021-06-25T10:21:15,100.0,97.1,S
2021-06-25T10:21:10,800.0,97.1,S
2021-06-25T10:20:54,100.0,97.2,B
2021-06-25T10:20:45,500.0,97.2,S
2021-06-25T10:20:16,1000.0,97.1,S
2021-06-25T10:19:50,800.0,97.3,B
2021-06-25T10:19:17,1000.0,97.2,B
2021-06-25T10:18:40,100.0,97.2,S
2021-06-25T10:18:25,3500.0,97.1,S
2021-06-25T10:18:25,500.0,97.2,S
2021-06-25T10:18:25,1500.0,97.2,S
2021-06-25T10:18:16,500.0,97.2,S
2021-06-25T10:17:58,100.0,97.2,S
2021-06-25T10:17:16,6000.0,97.2,S
2021-06-25T10:17:14,400.0,97.3,B
2021-06-25T10:17:02,10000.0,97.2,S
2021-06-25T10:16:42,100.0,97.2,S
2021-06-25T10:16:25,500.0,97.2,S
2021-06-25T10:16:17,1000.0,97.2,S
2021-06-25T10:16:02,1000.0,97.2,S
2021-06-25T10:16:00,500.0,97.3,B
2021-06-25T10:15:04,1000.0,97.2,S
2021-06-25T10:14:34,500.0,97.2,S
2021-06-25T10:14:22,1000.0,97.3,B
2021-06-25T10:14:22,1100.0,97.3,B
2021-06-25T10:14:22,1900.0,97.3,B
2021-06-25T10:14:05,1000.0,97.2,S
2021-06-25T10:14:04,1000.0,97.2,S
2021-06-25T10:13:44,100.0,97.2,S
2021-06-25T10:13:23,1000.0,97.3,B
2021-06-25T10:13:16,300.0,97.2,S
2021-06-25T10:13:13,700.0,97.3,B
2021-06-25T10:12:20,100.0,97.2,S
2021-06-25T10:12:17,100.0,97.2,S
2021-06-25T10:11:59,100.0,97.2,S
2021-06-25T10:11:38,200.0,97.2,S
2021-06-25T10:11:23,1000.0,97.2,S
2021-06-25T10:11:06,4000.0,97.2,S
2021-06-25T10:10:39,2000.0,97.2,S
2021-06-25T10:10:33,1200.0,97.3,S
2021-06-25T10:10:30,600.0,97.3,B
2021-06-25T10:10:28,100.0,97.3,B
2021-06-25T10:10:28,100.0,97.3,B
2021-06-25T10:10:20,1000.0,97.2,S
2021-06-25T10:10:19,400.0,97.3,B
2021-06-25T10:10:15,1000.0,97.2,S
2021-06-25T10:10:02,200.0,97.3,B
2021-06-25T10:09:20,1000.0,97.3,B
2021-06-25T10:09:00,500.0,97.3,B
2021-06-25T10:08:39,100.0,97.3,S
2021-06-25T10:08:38,2600.0,97.3,S
2021-06-25T10:08:33,100.0,97.4,B
2021-06-25T10:08:24,1000.0,97.3,S
2021-06-25T10:08:20,100.0,97.3,S
2021-06-25T10:07:39,1000.0,97.3,S
2021-06-25T10:07:18,1000.0,97.4,B
2021-06-25T10:07:14,100.0,97.3,S
2021-06-25T10:06:58,400.0,97.4,B
2021-06-25T10:06:54,300.0,97.4,B
2021-06-25T10:06:47,500.0,97.3,S
2021-06-25T10:06:14,1700.0,97.3,S
2021-06-25T10:06:02,2500.0,97.3,B
2021-06-25T10:05:51,1000.0,97.3,S
2021-06-25T10:05:23,100.0,97.4,B
2021-06-25T10:05:06,600.0,97.3,S
2021-06-25T10:05:02,10100.0,97.3,S
2021-06-25T10:05:02,100.0,97.3,S
2021-06-25T10:04:56,200.0,97.3,B
2021-06-25T10:04:53,500.0,97.3,S
2021-06-25T10:04:52,4300.0,97.3,S
2021-06-25T10:04:48,200.0,97.4,B
2021-06-25T10:04:37,500.0,97.3,S
2021-06-25T10:04:25,1200.0,97.3,S
2021-06-25T10:04:06,100.0,97.3,B
2021-06-25T10:03:56,1200.0,97.3,S
2021-06-25T10:03:51,100.0,97.4,B
2021-06-25T10:03:41,200.0,97.3,B
2021-06-25T10:03:41,1600.0,97.3,B
2021-06-25T10:03:38,400.0,97.3,B
2021-06-25T10:03:22,100.0,97.2,S
2021-06-25T10:02:36,1000.0,97.2,S
2021-06-25T10:02:18,200.0,97.3,B
2021-06-25T10:02:18,3600.0,97.2,S
2021-06-25T10:02:16,300.0,97.2,S
2021-06-25T10:01:54,1000.0,97.2,S
2021-06-25T09:59:55,700.0,97.3,B
2021-06-25T09:59:54,600.0,97.3,B
2021-06-25T09:59:53,2500.0,97.3,B
2021-06-25T09:59:53,500.0,97.3,B
2021-06-25T09:59:53,1000.0,97.3,B
2021-06-25T09:59:52,400.0,97.3,B
2021-06-25T09:59:48,200.0,97.3,B
2021-06-25T09:59:39,500.0,97.2,B
2021-06-25T09:59:32,500.0,97.2,S
2021-06-25T09:58:13,4100.0,97.2,B
2021-06-25T09:57:51,2000.0,97.2,S
2021-06-25T09:57:51,500.0,97.2,S
2021-06-25T09:57:51,3400.0,97.2,S
2021-06-25T09:57:34,200.0,97.3,B
2021-06-25T09:57:34,800.0,97.3,B
2021-06-25T09:57:25,1200.0,97.3,B
2021-06-25T09:57:03,600.0,97.2,S
2021-06-25T09:57:03,500.0,97.2,S
2021-06-25T09:56:50,1000.0,97.2,S
2021-06-25T09:56:44,400.0,97.3,B
2021-06-25T09:56:42,100.0,97.3,B
2021-06-25T09:56:34,200.0,97.3,B
2021-06-25T09:56:17,200.0,97.3,B
2021-06-25T09:55:28,100.0,97.3,B
2021-06-25T09:55:05,1000.0,97.3,B
2021-06-25T09:54:43,2800.0,97.3,B
2021-06-25T09:54:43,100.0,97.3,B
2021-06-25T09:54:43,7100.0,97.3,B
2021-06-25T09:53:42,200.0,97.3,B
2021-06-25T09:53:39,500.0,97.2,S
2021-06-25T09:53:26,300.0,97.3,B
2021-06-25T09:53:14,100.0,97.2,S
2021-06-25T09:53:13,900.0,97.3,B
2021-06-25T09:53:05,1500.0,97.2,S
2021-06-25T09:52:59,2000.0,97.3,B
2021-06-25T09:52:24,200.0,97.2,S
2021-06-25T09:52:01,1600.0,97.2,B
2021-06-25T09:52:01,900.0,97.2,B
2021-06-25T09:51:31,1400.0,97.2,B
2021-06-25T09:51:31,1600.0,97.2,B
2021-06-25T09:50:56,100.0,97.2,B
2021-06-25T09:50:49,400.0,97.2,B
2021-06-25T09:50:04,400.0,97.2,B
2021-06-25T09:49:38,100.0,97.1,S
2021-06-25T09:49:32,200.0,97.2,B
2021-06-25T09:49:21,200.0,97.1,S
2021-06-25T09:49:16,100.0,97.1,S
2021-06-25T09:49:11,3500.0,97.2,B
2021-06-25T09:48:55,2500.0,97.2,B
2021-06-25T09:48:41,100.0,97.1,B
2021-06-25T09:48:41,2000.0,97.1,B
2021-06-25T09:48:27,800.0,97.1,B
2021-06-25T09:48:26,100.0,97.1,B
2021-06-25T09:48:26,100.0,97.1,B
2021-06-25T09:48:21,900.0,97.1,B
2021-06-25T09:48:18,2000.0,97.1,B
2021-06-25T09:48:06,100.0,97.1,B
2021-06-25T09:47:49,3200.0,97.1,S
2021-06-25T09:47:47,100.0,97.2,B
2021-06-25T09:47:47,900.0,97.2,B
2021-06-25T09:47:44,100.0,97.1,S
2021-06-25T09:47:23,300.0,97.1,B
2021-06-25T09:47:22,2300.0,97.0,S
2021-06-25T09:47:05,500.0,97.1,B
2021-06-25T09:47:00,600.0,97.1,B
2021-06-25T09:46:56,3000.0,97.1,B
2021-06-25T09:46:40,300.0,97.1,B
2021-06-25T09:46:27,500.0,97.0,S
2021-06-25T09:46:22,400.0,97.1,B
2021-06-25T09:46:21,100.0,97.1,B
2021-06-25T09:46:00,5500.0,97.1,S
2021-06-25T09:45:56,2000.0,97.1,S
2021-06-25T09:45:48,2000.0,97.2,B
2021-06-25T09:45:48,1000.0,97.2,B
2021-06-25T09:45:48,1500.0,97.2,B
2021-06-25T09:45:48,6500.0,97.2,B
2021-06-25T09:45:46,2000.0,97.2,B
2021-06-25T09:45:45,100.0,97.2,B
2021-06-25T09:45:44,1000.0,97.1,S
2021-06-25T09:45:32,800.0,97.2,B
2021-06-25T09:45:30,2000.0,97.1,S
2021-06-25T09:45:22,500.0,97.1,S
2021-06-25T09:45:22,2000.0,97.1,S
2021-06-25T09:45:18,900.0,97.2,B
2021-06-25T09:45:13,200.0,97.1,S
2021-06-25T09:45:09,100.0,97.1,S
2021-06-25T09:45:03,800.0,97.1,S
2021-06-25T09:44:55,100.0,97.2,B
2021-06-25T09:44:51,1200.0,97.0,S
2021-06-25T09:44:07,3000.0,97.1,S
2021-06-25T09:44:00,100.0,97.2,S
2021-06-25T09:44:00,500.0,97.2,S
2021-06-25T09:43:53,200.0,97.2,S
2021-06-25T09:43:49,700.0,97.3,B
2021-06-25T09:43:46,400.0,97.2,S
2021-06-25T09:43:41,800.0,97.2,B
2021-06-25T09:43:40,700.0,97.2,S
2021-06-25T09:43:24,300.0,97.2,S
2021-06-25T09:43:17,200.0,97.3,B
2021-06-25T09:43:17,400.0,97.3,B
2021-06-25T09:43:12,700.0,97.2,S
2021-06-25T09:41:54,5400.0,97.3,S
2021-06-25T09:41:15,1000.0,97.4,S
2021-06-25T09:41:15,300.0,97.5,B
2021-06-25T09:41:10,700.0,97.5,S
2021-06-25T09:41:07,300.0,97.6,B
2021-06-25T09:40:28,200.0,97.6,B
2021-06-25T09:40:28,300.0,97.6,B
2021-06-25T09:40:09,100.0,97.6,B
2021-06-25T09:40:02,1000.0,97.6,B
2021-06-25T09:39:51,2600.0,97.6,S
2021-06-25T09:39:41,400.0,97.6,B
2021-06-25T09:39:41,3000.0,97.5,S
2021-06-25T09:39:40,1000.0,97.6,B
2021-06-25T09:39:38,200.0,97.5,S
2021-06-25T09:39:22,600.0,97.6,B
2021-06-25T09:39:11,1000.0,97.5,S
2021-06-25T09:39:09,2000.0,97.6,B
2021-06-25T09:39:03,1000.0,97.6,B
2021-06-25T09:38:42,200.0,97.6,B
2021-06-25T09:38:34,1800.0,97.5,B
2021-06-25T09:38:31,200.0,97.5,B
2021-06-25T09:38:15,600.0,97.4,S
2021-06-25T09:38:15,500.0,97.4,S
2021-06-25T09:38:14,900.0,97.5,S
2021-06-25T09:38:09,100.0,97.5,S
2021-06-25T09:38:07,100.0,97.5,S
2021-06-25T09:37:52,1000.0,97.5,S
2021-06-25T09:37:43,100.0,97.5,S
2021-06-25T09:37:39,1000.0,97.5,S
2021-06-25T09:37:36,1000.0,97.5,S
2021-06-25T09:37:26,3200.0,97.5,B
2021-06-25T09:37:18,2000.0,97.5,B
2021-06-25T09:37:15,2000.0,97.5,B
2021-06-25T09:37:14,5000.0,97.5,B
2021-06-25T09:37:09,200.0,97.5,B
2021-06-25T09:37:00,200.0,97.4,S
2021-06-25T09:36:52,600.0,97.5,B
2021-06-25T09:36:49,2000.0,97.3,S
2021-06-25T09:36:46,200.0,97.5,B
2021-06-25T09:36:42,200.0,97.4,S
2021-06-25T09:36:34,500.0,97.5,B
2021-06-25T09:36:33,100.0,97.5,B
2021-06-25T09:36:23,400.0,97.5,B
2021-06-25T09:36:21,5000.0,97.5,B
2021-06-25T09:36:21,200.0,97.5,B
2021-06-25T09:36:03,1000.0,97.5,B
2021-06-25T09:35:59,10300.0,97.5,B
2021-06-25T09:35:59,4700.0,97.5,B
2021-06-25T09:35:57,1000.0,97.3,S
2021-06-25T09:35:34,900.0,97.3,B
2021-06-25T09:35:30,200.0,97.3,B
2021-06-25T09:35:24,2000.0,97.3,B
2021-06-25T09:35:22,100.0,97.2,S
2021-06-25T09:35:01,500.0,97.2,B
2021-06-25T09:34:52,5000.0,97.3,B
2021-06-25T09:34:52,2000.0,97.1,B
2021-06-25T09:34:29,100.0,97.2,B
2021-06-25T09:34:24,2400.0,97.2,B
2021-06-25T09:34:22,800.0,97.0,S
2021-06-25T09:34:22,100.0,97.0,S
2021-06-25T09:34:06,2000.0,97.0,S
2021-06-25T09:34:01,1000.0,97.2,B
2021-06-25T09:33:44,500.0,97.2,B
2021-06-25T09:33:42,100.0,97.2,B
2021-06-25T09:33:30,1400.0,97.2,B
2021-06-25T09:33:27,500.0,97.1,B
2021-06-25T09:33:25,300.0,97.1,B
2021-06-25T09:33:17,1000.0,97.0,S
2021-06-25T09:33:15,300.0,97.0,S
2021-06-25T09:33:02,200.0,97.0,B
2021-06-25T09:33:02,1000.0,97.0,B
2021-06-25T09:33:02,2200.0,97.0,B
2021-06-25T09:33:02,700.0,97.0,B
2021-06-25T09:33:02,900.0,97.0,B
2021-06-25T09:33:02,1200.0,97.0,B
2021-06-25T09:33:02,400.0,97.0,B
2021-06-25T09:33:02,100.0,97.0,B
2021-06-25T09:33:02,2100.0,97.0,B
2021-06-25T09:33:02,100.0,97.0,B
2021-06-25T09:33:02,100.0,97.0,B
2021-06-25T09:33:02,1200.0,97.0,B
2021-06-25T09:33:02,1200.0,97.0,B
2021-06-25T09:33:02,2800.0,97.0,B
2021-06-25T09:33:02,300.0,97.0,B
2021-06-25T09:33:01,600.0,97.0,B
2021-06-25T09:33:01,1600.0,97.0,B
2021-06-25T09:33:01,100.0,97.0,B
2021-06-25T09:33:01,500.0,97.0,B
2021-06-25T09:33:01,7000.0,97.0,B
2021-06-25T09:33:01,100.0,97.0,B
2021-06-25T09:33:01,1200.0,97.0,B
2021-06-25T09:33:01,1400.0,96.9,B
2021-06-25T09:33:01,1000.0,96.8,B
2021-06-25T09:33:01,300.0,96.8,B
2021-06-25T09:32:42,300.0,96.8,B
2021-06-25T09:32:41,4600.0,96.7,S
2021-06-25T09:32:33,1000.0,96.8,B
2021-06-25T09:32:19,500.0,96.8,B
2021-06-25T09:32:18,5000.0,96.7,B
2021-06-25T09:32:14,1000.0,96.5,S
2021-06-25T09:32:09,1000.0,96.6,B
2021-06-25T09:31:55,7700.0,96.6,B
2021-06-25T09:31:55,10600.0,96.6,B
2021-06-25T09:31:55,7000.0,96.5,B
2021-06-25T09:31:55,3000.0,96.5,B
2021-06-25T09:31:55,1700.0,96.5,B
2021-06-25T09:31:55,14800.0,96.5,B
2021-06-25T09:31:55,500.0,96.5,B
2021-06-25T09:31:55,600.0,96.5,B
2021-06-25T09:31:55,4100.0,96.5,B
2021-06-25T09:31:50,200.0,96.4,B
2021-06-25T09:31:46,3000.0,96.4,B
2021-06-25T09:31:23,200.0,96.3,S
2021-06-25T09:31:17,2100.0,96.3,B
2021-06-25T09:31:05,100.0,96.2,S
2021-06-25T09:30:58,800.0,96.2,B
2021-06-25T09:30:56,500.0,96.2,B
2021-06-25T09:30:51,100.0,96.2,B
2021-06-25T09:30:28,100.0,96.2,B
2021-06-25T09:30:21,500.0,96.2,B
2021-06-25T09:30:08,3000.0,96.2,B
2021-06-25T09:29:59,1000.0,96.1,S
2021-06-25T09:29:47,700.0,96.1,B
2021-06-25T09:29:35,400.0,96.1,B
2021-06-25T09:29:13,1000.0,96.0,S
2021-06-25T09:28:56,1000.0,96.0,S
2021-06-25T09:28:44,200.0,96.0,S
2021-06-25T09:28:33,1000.0,96.0,S
2021-06-25T09:28:33,1000.0,96.0,S
2021-06-25T09:28:27,200.0,96.0,S
2021-06-25T09:28:11,100.0,96.0,S
2021-06-25T09:28:00,1700.0,96.0,B
2021-06-25T09:28:00,1100.0,96.0,B
2021-06-25T09:28:00,6200.0,96.0,B
2021-06-25T09:27:51,5000.0,96.0,B
2021-06-25T09:27:47,600.0,95.9,S
2021-06-25T09:27:29,1000.0,96.0,B
2021-06-25T09:27:14,200.0,96.0,B
2021-06-25T09:27:14,100.0,96.0,B
2021-06-25T09:27:12,200.0,96.0,B
2021-06-25T09:27:04,10000.0,96.0,B
2021-06-25T09:26:59,200.0,95.9,S
2021-06-25T09:26:42,100.0,96.0,B
2021-06-25T09:26:02,6000.0,96.0,B
2021-06-25T09:25:31,4000.0,96.0,B
2021-06-25T09:25:19,200.0,96.0,B
2021-06-25T09:25:01,1100.0,95.8,S
2021-06-25T09:25:01,100.0,95.9,S
2021-06-25T09:25:01,300.0,95.9,S
2021-06-25T09:24:05,1500.0,96.0,S
2021-06-25T09:24:03,2000.0,96.0,S
2021-06-25T09:24:01,3400.0,96.0,S
2021-06-25T09:23:59,7100.0,96.0,S
2021-06-25T09:23:56,100.0,96.1,S
2021-06-25T09:23:41,300.0,96.1,S
2021-06-25T09:23:31,2100.0,96.0,B
2021-06-25T09:23:29,10000.0,96.0,B
2021-06-25T09:23:15,10000.0,96.0,B
2021-06-25T09:23:13,4000.0,96.0,B
2021-06-25T09:23:05,300.0,95.1,S
2021-06-25T09:23:05,1400.0,95.5,S
2021-06-25T09:23:05,1000.0,95.8,S
2021-06-25T09:23:04,2300.0,95.8,S
2021-06-25T09:22:49,400.0,96.0,S
2021-06-25T09:22:43,2500.0,96.0,S
2021-06-25T09:22:29,2000.0,96.0,S
2021-06-25T09:22:09,3100.0,96.0,S
2021-06-25T09:22:06,100.0,96.1,B
2021-06-25T09:21:29,1400.0,96.1,B
2021-06-25T09:21:28,600.0,96.2,S
2021-06-25T09:21:20,200.0,96.2,S
2021-06-25T09:21:12,1200.0,96.2,B
2021-06-25T09:21:05,2000.0,96.0,S
2021-06-25T09:21:00,2000.0,96.0,S
2021-06-25T09:20:54,100.0,96.0,S
2021-06-25T09:20:41,3000.0,96.0,S
2021-06-25T09:20:29,1000.0,96.0,B
2021-06-25T09:20:28,9400.0,96.0,B
2021-06-25T09:20:12,100.0,96.0,B
2021-06-25T09:20:12,8700.0,96.0,B
2021-06-25T09:20:12,400.0,96.0,B
2021-06-25T09:20:12,900.0,96.0,B
2021-06-25T09:20:11,300.0,96.0,B
2021-06-25T09:20:10,100.0,96.0,B
2021-06-25T09:20:07,200.0,96.0,B
2021-06-25T09:20:04,1000.0,95.9,S
2021-06-25T09:19:59,300.0,96.0,B
2021-06-25T09:19:52,500.0,96.0,B
2021-06-25T09:19:33,200.0,96.0,B
2021-06-25T09:19:18,1100.0,96.0,B
2021-06-25T09:18:20,1100.0,96.0,B
2021-06-25T09:17:56,100.0,96.0,B
2021-06-25T09:17:55,300.0,96.0,B
2021-06-25T09:17:50,100.0,96.0,B
2021-06-25T09:17:48,100.0,96.0,B
2021-06-25T09:17:47,100.0,96.0,B
2021-06-25T09:16:20,100.0,96.0,B
2021-06-25T09:16:03,400.0,96.0,B
2021-06-25T09:15:56,2000.0,96.0,B
2021-06-25T09:15:56,300.0,95.9,S
2021-06-25T09:15:24,1800.0,96.0,B
