tradingTime,volume,price,side
2021-06-25T14:29:57,2000.0,21.45,B
2021-06-25T14:29:56,1000.0,21.4,B
2021-06-25T14:29:47,400.0,21.4,S
2021-06-25T14:29:39,100.0,21.45,B
2021-06-25T14:29:38,2000.0,21.45,B
2021-06-25T14:29:38,800.0,21.45,B
2021-06-25T14:29:29,1000.0,21.45,B
2021-06-25T14:29:27,7800.0,21.35,S
2021-06-25T14:29:27,2200.0,21.35,S
2021-06-25T14:29:27,1100.0,21.35,S
2021-06-25T14:29:27,400.0,21.35,S
2021-06-25T14:29:27,600.0,21.35,S
2021-06-25T14:29:27,700.0,21.35,S
2021-06-25T14:29:27,400.0,21.4,S
2021-06-25T14:29:27,5000.0,21.4,S
2021-06-25T14:29:26,1800.0,21.4,S
2021-06-25T14:29:23,200.0,21.45,B
2021-06-25T14:28:55,300.0,21.45,B
2021-06-25T14:28:50,500.0,21.45,B
2021-06-25T14:28:16,2000.0,21.45,B
2021-06-25T14:28:08,200.0,21.45,B
2021-06-25T14:28:08,200.0,21.45,B
2021-06-25T14:28:04,200.0,21.45,B
2021-06-25T14:27:46,300.0,21.45,B
2021-06-25T14:27:34,30000.0,21.45,B
2021-06-25T14:27:06,50000.0,21.45,B
2021-06-25T14:26:57,1500.0,21.4,B
2021-06-25T14:26:54,5000.0,21.4,B
2021-06-25T14:26:51,400.0,21.4,B
2021-06-25T14:26:51,500.0,21.4,B
2021-06-25T14:26:43,6500.0,21.4,B
2021-06-25T14:26:43,300.0,21.4,B
2021-06-25T14:26:43,3200.0,21.4,B
2021-06-25T14:26:42,1500.0,21.4,B
2021-06-25T14:26:39,500.0,21.4,B
2021-06-25T14:26:35,10000.0,21.4,B
2021-06-25T14:26:31,10100.0,21.4,B
2021-06-25T14:26:21,300.0,21.4,B
2021-06-25T14:26:09,100.0,21.4,B
2021-06-25T14:25:57,100.0,21.4,B
2021-06-25T14:25:31,600.0,21.35,S
2021-06-25T14:25:31,1400.0,21.35,S
2021-06-25T14:25:23,10000.0,21.4,B
2021-06-25T14:25:13,8600.0,21.35,S
2021-06-25T14:25:12,1400.0,21.35,S
2021-06-25T14:25:09,1800.0,21.4,B
2021-06-25T14:24:53,3000.0,21.35,S
2021-06-25T14:24:52,300.0,21.4,B
2021-06-25T14:24:48,1000.0,21.4,B
2021-06-25T14:24:41,100.0,21.35,S
2021-06-25T14:24:40,2700.0,21.35,S
2021-06-25T14:24:40,200.0,21.35,S
2021-06-25T14:24:40,7100.0,21.35,S
2021-06-25T14:24:29,1000.0,21.4,B
2021-06-25T14:24:28,100.0,21.35,S
2021-06-25T14:23:59,1000.0,21.4,B
2021-06-25T14:23:56,8300.0,21.35,S
2021-06-25T14:23:56,3000.0,21.35,S
2021-06-25T14:23:56,18700.0,21.35,S
2021-06-25T14:23:53,1300.0,21.35,S
2021-06-25T14:23:36,500.0,21.4,B
2021-06-25T14:23:29,100.0,21.4,B
2021-06-25T14:23:27,2000.0,21.4,B
2021-06-25T14:23:23,100.0,21.4,B
2021-06-25T14:23:21,1400.0,21.4,B
2021-06-25T14:23:12,4000.0,21.35,S
2021-06-25T14:23:12,4900.0,21.35,S
2021-06-25T14:23:12,1600.0,21.35,S
2021-06-25T14:23:12,2000.0,21.35,S
2021-06-25T14:23:12,4600.0,21.35,S
2021-06-25T14:23:12,100.0,21.4,B
2021-06-25T14:23:05,18000.0,21.45,B
2021-06-25T14:23:05,22000.0,21.45,B
2021-06-25T14:22:58,4900.0,21.4,B
2021-06-25T14:22:56,16300.0,21.4,B
2021-06-25T14:22:56,3700.0,21.4,B
2021-06-25T14:22:45,3000.0,21.4,B
2021-06-25T14:22:40,500.0,21.4,B
2021-06-25T14:22:37,10000.0,21.4,B
2021-06-25T14:22:23,5000.0,21.4,B
2021-06-25T14:22:05,10000.0,21.4,B
2021-06-25T14:22:04,6200.0,21.35,S
2021-06-25T14:21:40,100.0,21.4,B
2021-06-25T14:21:24,3300.0,21.35,B
2021-06-25T14:21:24,900.0,21.35,B
2021-06-25T14:21:19,10000.0,21.35,B
2021-06-25T14:21:19,900.0,21.35,B
2021-06-25T14:21:17,99700.0,21.35,B
2021-06-25T14:21:16,100.0,21.35,B
2021-06-25T14:21:14,10000.0,21.35,B
2021-06-25T14:21:14,6000.0,21.35,B
2021-06-25T14:21:11,100.0,21.35,B
2021-06-25T14:21:04,3300.0,21.35,B
2021-06-25T14:20:46,500.0,21.35,B
2021-06-25T14:20:44,3000.0,21.35,B
2021-06-25T14:20:23,600.0,21.35,B
2021-06-25T14:20:17,1100.0,21.35,B
2021-06-25T14:20:09,5000.0,21.35,B
2021-06-25T14:20:09,1000.0,21.35,B
2021-06-25T14:19:53,400.0,21.35,B
2021-06-25T14:19:48,100.0,21.35,B
2021-06-25T14:19:08,100.0,21.35,B
2021-06-25T14:18:56,1500.0,21.3,S
2021-06-25T14:18:51,1000.0,21.35,B
2021-06-25T14:18:49,2100.0,21.3,S
2021-06-25T14:18:48,500.0,21.3,S
2021-06-25T14:18:48,100.0,21.3,S
2021-06-25T14:18:48,100.0,21.3,S
2021-06-25T14:18:48,200.0,21.3,S
2021-06-25T14:18:48,200.0,21.3,S
2021-06-25T14:18:48,2100.0,21.3,S
2021-06-25T14:18:48,300.0,21.3,S
2021-06-25T14:18:48,300.0,21.3,S
2021-06-25T14:18:47,6200.0,21.3,S
2021-06-25T14:18:47,1000.0,21.3,S
2021-06-25T14:18:47,500.0,21.3,S
2021-06-25T14:18:47,1400.0,21.3,S
2021-06-25T14:18:42,100.0,21.35,B
2021-06-25T14:18:40,10600.0,21.3,S
2021-06-25T14:18:40,700.0,21.3,S
2021-06-25T14:18:39,3700.0,21.3,S
2021-06-25T14:18:36,500.0,21.35,B
2021-06-25T14:18:34,300.0,21.35,B
2021-06-25T14:18:32,1000.0,21.35,B
2021-06-25T14:18:28,1000.0,21.35,B
2021-06-25T14:18:23,300.0,21.35,B
2021-06-25T14:18:18,11400.0,21.3,S
2021-06-25T14:18:12,5000.0,21.35,B
2021-06-25T14:18:08,100.0,21.35,B
2021-06-25T14:18:08,400.0,21.35,B
2021-06-25T14:17:58,20000.0,21.35,B
2021-06-25T14:17:50,100.0,21.35,B
2021-06-25T14:17:44,500.0,21.35,B
2021-06-25T14:17:43,2600.0,21.35,B
2021-06-25T14:17:42,400.0,21.35,B
2021-06-25T14:17:40,2000.0,21.3,S
2021-06-25T14:17:33,2000.0,21.35,B
2021-06-25T14:17:24,1000.0,21.35,B
2021-06-25T14:17:24,1500.0,21.35,B
2021-06-25T14:17:22,2300.0,21.3,S
2021-06-25T14:17:05,5000.0,21.35,B
2021-06-25T14:16:55,5000.0,21.3,S
2021-06-25T14:16:46,500.0,21.35,B
2021-06-25T14:16:40,100.0,21.3,S
2021-06-25T14:16:40,15500.0,21.3,S
2021-06-25T14:16:40,2400.0,21.3,S
2021-06-25T14:16:40,1700.0,21.3,S
2021-06-25T14:16:37,200.0,21.35,B
2021-06-25T14:16:36,100.0,21.35,B
2021-06-25T14:16:33,100.0,21.35,B
2021-06-25T14:16:32,1000.0,21.35,B
2021-06-25T14:16:30,500.0,21.35,B
2021-06-25T14:16:23,200.0,21.35,B
2021-06-25T14:16:22,1000.0,21.35,B
2021-06-25T14:15:52,100.0,21.35,B
2021-06-25T14:15:44,500.0,21.35,S
2021-06-25T14:15:43,500.0,21.35,S
2021-06-25T14:15:42,6100.0,21.35,S
2021-06-25T14:15:18,400.0,21.35,B
2021-06-25T14:15:17,1700.0,21.3,S
2021-06-25T14:15:17,3600.0,21.3,S
2021-06-25T14:15:17,400.0,21.3,S
2021-06-25T14:15:17,6300.0,21.3,S
2021-06-25T14:15:15,200.0,21.35,B
2021-06-25T14:14:57,700.0,21.35,S
2021-06-25T14:14:57,100.0,21.35,S
2021-06-25T14:14:48,400.0,21.35,S
2021-06-25T14:14:48,1100.0,21.35,S
2021-06-25T14:14:48,300.0,21.35,S
2021-06-25T14:14:48,3300.0,21.35,S
2021-06-25T14:14:48,500.0,21.35,S
2021-06-25T14:14:48,1500.0,21.35,S
2021-06-25T14:14:42,600.0,21.35,S
2021-06-25T14:14:42,200.0,21.35,S
2021-06-25T14:14:42,1500.0,21.35,S
2021-06-25T14:14:41,2700.0,21.35,S
2021-06-25T14:14:32,500.0,21.4,B
2021-06-25T14:14:27,1500.0,21.4,B
2021-06-25T14:14:20,200.0,21.4,B
2021-06-25T14:14:12,2000.0,21.4,B
2021-06-25T14:13:58,100.0,21.4,B
2021-06-25T14:13:49,400.0,21.4,S
2021-06-25T14:13:38,1200.0,21.4,S
2021-06-25T14:13:38,18400.0,21.4,S
2021-06-25T14:13:37,2000.0,21.4,S
2021-06-25T14:13:37,1700.0,21.4,S
2021-06-25T14:13:37,1100.0,21.4,S
2021-06-25T14:13:37,9200.0,21.4,S
2021-06-25T14:13:37,1600.0,21.4,S
2021-06-25T14:13:37,3600.0,21.4,S
2021-06-25T14:13:37,7900.0,21.4,S
2021-06-25T14:13:37,1200.0,21.4,S
2021-06-25T14:13:37,500.0,21.4,S
2021-06-25T14:13:37,10000.0,21.4,S
2021-06-25T14:13:37,500.0,21.4,S
2021-06-25T14:13:37,8600.0,21.4,S
2021-06-25T14:13:19,1000.0,21.45,B
2021-06-25T14:13:05,1000.0,21.45,B
2021-06-25T14:13:04,100.0,21.45,B
2021-06-25T14:13:02,900.0,21.4,S
2021-06-25T14:13:02,3000.0,21.4,S
2021-06-25T14:13:02,1100.0,21.4,S
2021-06-25T14:12:58,100.0,21.4,S
2021-06-25T14:12:58,1600.0,21.4,S
2021-06-25T14:12:57,5100.0,21.4,S
2021-06-25T14:12:57,100.0,21.4,S
2021-06-25T14:12:57,3100.0,21.4,S
2021-06-25T14:12:50,10000.0,21.4,S
2021-06-25T14:12:43,100.0,21.45,B
2021-06-25T14:12:14,1000.0,21.45,B
2021-06-25T14:12:08,2000.0,21.45,B
2021-06-25T14:12:00,1700.0,21.45,B
2021-06-25T14:11:47,1000.0,21.45,S
2021-06-25T14:11:45,800.0,21.45,S
2021-06-25T14:11:38,1000.0,21.5,B
2021-06-25T14:11:35,500.0,21.5,B
2021-06-25T14:11:29,1000.0,21.5,B
2021-06-25T14:11:15,1000.0,21.5,B
2021-06-25T14:10:50,1000.0,21.5,B
2021-06-25T14:10:47,500.0,21.45,S
2021-06-25T14:10:33,300.0,21.5,B
2021-06-25T14:10:33,22700.0,21.5,B
2021-06-25T14:10:27,1000.0,21.45,B
2021-06-25T14:10:16,300.0,21.45,S
2021-06-25T14:10:10,10000.0,21.45,S
2021-06-25T14:10:00,500.0,21.45,S
2021-06-25T14:09:27,1600.0,21.45,S
2021-06-25T14:09:27,100.0,21.45,S
2021-06-25T14:09:22,2000.0,21.5,B
2021-06-25T14:09:01,100.0,21.45,S
2021-06-25T14:08:55,10000.0,21.5,B
2021-06-25T14:08:44,500.0,21.5,B
2021-06-25T14:08:40,1000.0,21.5,B
2021-06-25T14:08:40,9000.0,21.5,B
2021-06-25T14:08:39,100.0,21.5,B
2021-06-25T14:08:29,7100.0,21.45,S
2021-06-25T14:08:29,22900.0,21.45,S
2021-06-25T14:08:25,10400.0,21.45,S
2021-06-25T14:08:24,5000.0,21.45,S
2021-06-25T14:08:18,5000.0,21.45,S
2021-06-25T14:08:15,8100.0,21.45,S
2021-06-25T14:08:15,100.0,21.45,S
2021-06-25T14:08:15,11800.0,21.45,S
2021-06-25T14:08:03,15000.0,21.45,S
2021-06-25T14:08:03,1000.0,21.5,B
2021-06-25T14:07:47,1000.0,21.5,B
2021-06-25T14:07:40,9500.0,21.45,S
2021-06-25T14:07:31,400.0,21.5,B
2021-06-25T14:07:23,1000.0,21.5,B
2021-06-25T14:07:22,1000.0,21.45,S
2021-06-25T14:07:18,3600.0,21.45,S
2021-06-25T14:07:18,100.0,21.45,S
2021-06-25T14:07:18,1300.0,21.45,S
2021-06-25T14:07:13,1000.0,21.5,B
2021-06-25T14:07:04,100.0,21.5,B
2021-06-25T14:06:55,100.0,21.45,S
2021-06-25T14:06:51,6300.0,21.45,S
2021-06-25T14:06:44,1500.0,21.45,S
2021-06-25T14:06:39,2000.0,21.5,B
2021-06-25T14:06:38,500.0,21.5,B
2021-06-25T14:06:24,100.0,21.5,B
2021-06-25T14:06:16,100.0,21.5,B
2021-06-25T14:06:05,200.0,21.5,B
2021-06-25T14:06:05,200.0,21.5,B
2021-06-25T14:05:55,1000.0,21.5,B
2021-06-25T14:05:48,100.0,21.5,B
2021-06-25T14:05:45,100.0,21.5,B
2021-06-25T14:05:12,200.0,21.5,B
2021-06-25T14:05:12,1500.0,21.5,B
2021-06-25T14:04:55,100.0,21.45,S
2021-06-25T14:04:51,400.0,21.5,S
2021-06-25T14:04:44,900.0,21.5,S
2021-06-25T14:04:44,1200.0,21.5,S
2021-06-25T14:04:36,10000.0,21.5,S
2021-06-25T14:04:21,30000.0,21.5,S
2021-06-25T14:04:01,1500.0,21.5,S
2021-06-25T14:03:35,1000.0,21.55,B
2021-06-25T14:03:23,1000.0,21.55,B
2021-06-25T14:03:03,200.0,21.55,B
2021-06-25T14:02:57,100.0,21.55,B
2021-06-25T14:02:35,1000.0,21.55,B
2021-06-25T14:02:30,100.0,21.55,B
2021-06-25T14:02:24,100.0,21.55,S
2021-06-25T14:02:22,1100.0,21.55,S
2021-06-25T14:02:22,600.0,21.55,S
2021-06-25T14:02:22,500.0,21.55,S
2021-06-25T14:02:22,7600.0,21.55,S
2021-06-25T14:02:22,8600.0,21.55,S
2021-06-25T14:02:09,5000.0,21.55,S
2021-06-25T14:02:05,100.0,21.6,B
2021-06-25T14:01:52,200.0,21.55,S
2021-06-25T14:01:51,100.0,21.6,B
2021-06-25T14:01:46,1000.0,21.6,B
2021-06-25T14:01:24,2400.0,21.55,S
2021-06-25T14:01:22,1000.0,21.6,B
2021-06-25T14:01:15,1000.0,21.6,B
2021-06-25T14:01:09,100.0,21.6,B
2021-06-25T14:00:39,100.0,21.6,B
2021-06-25T14:00:37,100.0,21.6,B
2021-06-25T14:00:28,100.0,21.6,B
2021-06-25T14:00:11,200.0,21.6,B
2021-06-25T13:59:58,2000.0,21.6,B
2021-06-25T13:59:55,500.0,21.6,B
2021-06-25T13:59:28,500.0,21.6,B
2021-06-25T13:59:22,100.0,21.6,B
2021-06-25T13:59:13,100.0,21.6,B
2021-06-25T13:59:04,500.0,21.6,B
2021-06-25T13:58:56,100.0,21.6,B
2021-06-25T13:58:46,1200.0,21.55,S
2021-06-25T13:58:37,1900.0,21.6,B
2021-06-25T13:58:37,1200.0,21.6,B
2021-06-25T13:58:37,6900.0,21.6,B
2021-06-25T13:58:00,100.0,21.6,B
2021-06-25T13:57:48,1000.0,21.55,S
2021-06-25T13:57:46,200.0,21.6,B
2021-06-25T13:57:26,1000.0,21.6,B
2021-06-25T13:57:16,10000.0,21.6,B
2021-06-25T13:57:15,500.0,21.6,B
2021-06-25T13:56:53,1400.0,21.6,B
2021-06-25T13:56:50,7900.0,21.55,B
2021-06-25T13:56:47,300.0,21.55,B
2021-06-25T13:56:42,800.0,21.55,B
2021-06-25T13:56:42,1000.0,21.55,B
2021-06-25T13:56:40,100.0,21.55,B
2021-06-25T13:56:37,40000.0,21.55,B
2021-06-25T13:56:35,100.0,21.55,B
2021-06-25T13:56:34,100.0,21.55,B
2021-06-25T13:56:31,1000.0,21.55,B
2021-06-25T13:56:26,500.0,21.5,S
2021-06-25T13:56:16,2400.0,21.55,B
2021-06-25T13:56:10,500.0,21.55,B
2021-06-25T13:55:58,400.0,21.55,B
2021-06-25T13:55:55,1000.0,21.55,B
2021-06-25T13:55:52,100.0,21.55,B
2021-06-25T13:55:31,2000.0,21.55,B
2021-06-25T13:55:11,100.0,21.55,B
2021-06-25T13:54:59,500.0,21.5,B
2021-06-25T13:54:44,22000.0,21.5,B
2021-06-25T13:54:44,5200.0,21.5,B
2021-06-25T13:54:37,300.0,21.5,B
2021-06-25T13:54:37,4700.0,21.5,B
2021-06-25T13:54:28,1000.0,21.5,B
2021-06-25T13:54:22,1000.0,21.5,B
2021-06-25T13:54:22,4500.0,21.5,B
2021-06-25T13:54:22,15600.0,21.5,B
2021-06-25T13:54:22,800.0,21.5,B
2021-06-25T13:54:22,19100.0,21.5,B
2021-06-25T13:53:19,1800.0,21.5,B
2021-06-25T13:53:13,1000.0,21.5,B
2021-06-25T13:52:56,100.0,21.5,B
2021-06-25T13:52:34,12200.0,21.45,B
2021-06-25T13:52:24,500.0,21.45,B
2021-06-25T13:52:22,8900.0,21.45,B
2021-06-25T13:52:22,10100.0,21.45,B
2021-06-25T13:52:22,21000.0,21.45,B
2021-06-25T13:52:08,20000.0,21.45,B
2021-06-25T13:52:02,20000.0,21.45,B
2021-06-25T13:51:52,700.0,21.45,B
2021-06-25T13:51:44,100.0,21.45,B
2021-06-25T13:51:31,100.0,21.45,B
2021-06-25T13:51:28,3300.0,21.4,S
2021-06-25T13:51:25,33600.0,21.4,B
2021-06-25T13:51:20,1000.0,21.4,B
2021-06-25T13:51:19,200.0,21.4,B
2021-06-25T13:51:17,10000.0,21.4,B
2021-06-25T13:51:15,100.0,21.4,B
2021-06-25T13:51:12,7300.0,21.4,B
2021-06-25T13:51:12,1500.0,21.4,B
2021-06-25T13:51:12,21200.0,21.4,B
2021-06-25T13:51:10,1000.0,21.4,B
2021-06-25T13:51:08,100.0,21.4,B
2021-06-25T13:50:59,200.0,21.4,B
2021-06-25T13:50:46,700.0,21.4,B
2021-06-25T13:50:43,1000.0,21.4,B
2021-06-25T13:50:42,3900.0,21.4,B
2021-06-25T13:50:37,200.0,21.4,B
2021-06-25T13:50:24,2000.0,21.4,B
2021-06-25T13:50:12,500.0,21.4,B
2021-06-25T13:50:12,15000.0,21.4,B
2021-06-25T13:50:12,1000.0,21.4,B
2021-06-25T13:50:11,500.0,21.4,B
2021-06-25T13:50:03,1000.0,21.4,B
2021-06-25T13:49:59,8700.0,21.35,S
2021-06-25T13:49:59,1300.0,21.35,S
2021-06-25T13:49:52,1000.0,21.4,B
2021-06-25T13:49:39,100.0,21.4,B
2021-06-25T13:49:36,100.0,21.4,B
2021-06-25T13:49:15,100.0,21.4,B
2021-06-25T13:48:23,100.0,21.35,S
2021-06-25T13:48:12,100.0,21.4,B
2021-06-25T13:48:02,2000.0,21.35,S
2021-06-25T13:47:42,100.0,21.4,B
2021-06-25T13:47:28,400.0,21.4,B
2021-06-25T13:47:22,100.0,21.4,B
2021-06-25T13:46:56,100.0,21.35,S
2021-06-25T13:46:51,600.0,21.3,S
2021-06-25T13:46:51,300.0,21.3,S
2021-06-25T13:46:38,100.0,21.4,B
2021-06-25T13:46:33,100.0,21.3,S
2021-06-25T13:46:31,5000.0,21.4,B
2021-06-25T13:46:21,10000.0,21.35,B
2021-06-25T13:46:14,3000.0,21.35,B
2021-06-25T13:46:13,100.0,21.35,B
2021-06-25T13:46:10,200.0,21.35,B
2021-06-25T13:45:59,10000.0,21.35,B
2021-06-25T13:45:59,4800.0,21.35,B
2021-06-25T13:45:53,30000.0,21.35,B
2021-06-25T13:45:47,1000.0,21.35,B
2021-06-25T13:45:33,100.0,21.35,B
2021-06-25T13:45:26,100.0,21.3,B
2021-06-25T13:45:26,500.0,21.3,B
2021-06-25T13:45:19,10000.0,21.3,B
2021-06-25T13:45:19,300.0,21.3,B
2021-06-25T13:45:18,200.0,21.3,B
2021-06-25T13:45:10,3000.0,21.3,B
2021-06-25T13:45:09,4000.0,21.3,B
2021-06-25T13:45:00,200.0,21.3,B
2021-06-25T13:44:59,4000.0,21.3,B
2021-06-25T13:44:57,200.0,21.3,B
2021-06-25T13:44:53,200.0,21.3,B
2021-06-25T13:44:50,400.0,21.3,B
2021-06-25T13:44:29,1000.0,21.3,B
2021-06-25T13:44:22,1000.0,21.3,B
2021-06-25T13:44:22,100.0,21.3,B
2021-06-25T13:44:19,500.0,21.3,B
2021-06-25T13:44:12,1000.0,21.3,B
2021-06-25T13:44:12,300.0,21.3,B
2021-06-25T13:44:04,10000.0,21.3,B
2021-06-25T13:44:02,1000.0,21.3,B
2021-06-25T13:44:01,100.0,21.3,B
2021-06-25T13:43:44,1000.0,21.3,B
2021-06-25T13:43:43,5000.0,21.3,B
2021-06-25T13:43:41,1000.0,21.3,B
2021-06-25T13:43:35,300.0,21.3,B
2021-06-25T13:43:33,200.0,21.3,B
2021-06-25T13:43:32,1000.0,21.3,B
2021-06-25T13:43:19,50000.0,21.3,B
2021-06-25T13:43:18,3500.0,21.3,B
2021-06-25T13:43:17,11900.0,21.3,S
2021-06-25T13:43:12,12000.0,21.3,S
2021-06-25T13:43:06,5000.0,21.3,S
2021-06-25T13:42:52,5000.0,21.35,B
2021-06-25T13:42:47,5800.0,21.3,S
2021-06-25T13:42:47,500.0,21.3,S
2021-06-25T13:42:47,2000.0,21.3,S
2021-06-25T13:42:47,5500.0,21.3,S
2021-06-25T13:42:47,800.0,21.3,S
2021-06-25T13:42:46,400.0,21.3,S
2021-06-25T13:42:41,200.0,21.35,B
2021-06-25T13:42:33,700.0,21.3,S
2021-06-25T13:42:33,9300.0,21.3,S
2021-06-25T13:42:33,200.0,21.3,S
2021-06-25T13:42:28,5000.0,21.3,S
2021-06-25T13:42:24,10000.0,21.3,S
2021-06-25T13:42:23,100.0,21.35,B
2021-06-25T13:42:12,1000.0,21.3,S
2021-06-25T13:41:44,5000.0,21.3,S
2021-06-25T13:41:27,100.0,21.35,B
2021-06-25T13:41:14,100.0,21.35,B
2021-06-25T13:40:57,5000.0,21.3,S
2021-06-25T13:40:57,500.0,21.3,S
2021-06-25T13:40:55,9200.0,21.3,S
2021-06-25T13:40:55,100.0,21.3,S
2021-06-25T13:40:53,700.0,21.3,S
2021-06-25T13:40:49,100.0,21.35,B
2021-06-25T13:40:46,16300.0,21.3,S
2021-06-25T13:40:46,8000.0,21.3,S
2021-06-25T13:40:46,100.0,21.3,S
2021-06-25T13:40:46,27000.0,21.3,S
2021-06-25T13:40:46,5000.0,21.3,S
2021-06-25T13:40:46,3500.0,21.3,S
2021-06-25T13:40:46,1500.0,21.3,S
2021-06-25T13:40:43,100.0,21.35,B
2021-06-25T13:40:42,6000.0,21.35,B
2021-06-25T13:40:29,5000.0,21.3,S
2021-06-25T13:40:28,100.0,21.3,S
2021-06-25T13:40:20,100.0,21.35,B
2021-06-25T13:40:17,200.0,21.3,S
2021-06-25T13:40:15,1000.0,21.35,B
2021-06-25T13:40:02,200.0,21.35,B
2021-06-25T13:39:58,700.0,21.3,S
2021-06-25T13:39:23,2000.0,21.3,B
2021-06-25T13:39:20,8000.0,21.3,S
2021-06-25T13:39:16,3000.0,21.3,S
2021-06-25T13:39:16,1000.0,21.3,B
2021-06-25T13:39:12,5000.0,21.3,B
2021-06-25T13:39:10,1000.0,21.3,B
2021-06-25T13:39:01,5000.0,21.3,B
2021-06-25T13:39:00,500.0,21.3,B
2021-06-25T13:38:52,3000.0,21.3,B
2021-06-25T13:38:46,100.0,21.3,B
2021-06-25T13:38:33,1000.0,21.3,S
2021-06-25T13:38:32,1200.0,21.3,S
2021-06-25T13:38:32,2200.0,21.3,S
2021-06-25T13:38:32,500.0,21.3,S
2021-06-25T13:38:32,1500.0,21.3,S
2021-06-25T13:38:31,3000.0,21.3,S
2021-06-25T13:38:22,1000.0,21.3,S
2021-06-25T13:38:14,4000.0,21.3,S
2021-06-25T13:38:04,100.0,21.3,S
2021-06-25T13:38:04,200.0,21.3,S
2021-06-25T13:38:04,2100.0,21.3,S
2021-06-25T13:38:04,2500.0,21.3,S
2021-06-25T13:38:03,10100.0,21.3,S
2021-06-25T13:37:56,15000.0,21.3,S
2021-06-25T13:37:49,31100.0,21.3,S
2021-06-25T13:37:49,100.0,21.3,S
2021-06-25T13:37:49,1200.0,21.3,S
2021-06-25T13:37:49,600.0,21.3,S
2021-06-25T13:37:49,2000.0,21.3,S
2021-06-25T13:37:49,100.0,21.3,S
2021-06-25T13:37:49,3000.0,21.3,S
2021-06-25T13:37:49,2100.0,21.3,S
2021-06-25T13:37:49,2000.0,21.3,S
2021-06-25T13:37:49,3000.0,21.3,S
2021-06-25T13:37:49,500.0,21.3,S
2021-06-25T13:37:49,1300.0,21.3,S
2021-06-25T13:37:49,1000.0,21.3,S
2021-06-25T13:37:49,5100.0,21.3,S
2021-06-25T13:37:49,1000.0,21.3,S
2021-06-25T13:37:49,600.0,21.3,S
2021-06-25T13:37:49,500.0,21.3,S
2021-06-25T13:37:49,2000.0,21.3,S
2021-06-25T13:37:49,3000.0,21.3,S
2021-06-25T13:37:49,10000.0,21.3,S
2021-06-25T13:37:49,21500.0,21.3,S
2021-06-25T13:37:49,500.0,21.3,S
2021-06-25T13:37:49,200.0,21.3,S
2021-06-25T13:37:49,1000.0,21.3,S
2021-06-25T13:37:49,1000.0,21.3,S
2021-06-25T13:37:49,500.0,21.3,S
2021-06-25T13:37:49,20000.0,21.3,S
2021-06-25T13:37:49,1200.0,21.3,S
2021-06-25T13:37:49,500.0,21.3,S
2021-06-25T13:37:49,1500.0,21.3,S
2021-06-25T13:37:49,1000.0,21.3,S
2021-06-25T13:37:49,200.0,21.3,S
2021-06-25T13:37:49,700.0,21.3,S
2021-06-25T13:37:49,1000.0,21.3,S
2021-06-25T13:37:49,1000.0,21.3,S
2021-06-25T13:37:49,100.0,21.3,S
2021-06-25T13:37:49,200.0,21.3,S
2021-06-25T13:37:49,3000.0,21.3,S
2021-06-25T13:37:49,400.0,21.3,S
2021-06-25T13:37:49,900.0,21.3,S
2021-06-25T13:37:49,100.0,21.3,S
2021-06-25T13:37:49,600.0,21.3,S
2021-06-25T13:37:49,200.0,21.3,S
2021-06-25T13:37:49,1700.0,21.3,S
2021-06-25T13:37:49,200.0,21.3,S
2021-06-25T13:37:49,100.0,21.3,S
2021-06-25T13:37:49,800.0,21.3,S
2021-06-25T13:37:49,1400.0,21.3,S
2021-06-25T13:37:49,5000.0,21.3,S
2021-06-25T13:37:49,200.0,21.3,S
2021-06-25T13:37:49,1200.0,21.3,S
2021-06-25T13:37:49,200.0,21.3,S
2021-06-25T13:37:49,600.0,21.3,S
2021-06-25T13:37:49,5100.0,21.3,S
2021-06-25T13:37:49,200.0,21.3,S
2021-06-25T13:37:49,500.0,21.3,S
2021-06-25T13:37:49,400.0,21.3,S
2021-06-25T13:37:49,100.0,21.3,S
2021-06-25T13:37:49,3200.0,21.3,S
2021-06-25T13:37:49,400.0,21.3,S
2021-06-25T13:37:49,1700.0,21.3,S
2021-06-25T13:37:49,1100.0,21.3,S
2021-06-25T13:37:49,4500.0,21.3,S
2021-06-25T13:37:49,600.0,21.3,S
2021-06-25T13:37:49,2000.0,21.3,S
2021-06-25T13:37:49,2000.0,21.3,S
2021-06-25T13:37:49,300.0,21.3,S
2021-06-25T13:37:49,200.0,21.3,S
2021-06-25T13:37:49,200.0,21.3,S
2021-06-25T13:37:49,1100.0,21.3,S
2021-06-25T13:37:49,1100.0,21.3,S
2021-06-25T13:37:49,3300.0,21.3,S
2021-06-25T13:37:49,33100.0,21.3,S
2021-06-25T13:37:47,100.0,21.35,B
2021-06-25T13:37:40,200.0,21.35,B
2021-06-25T13:37:37,500.0,21.3,S
2021-06-25T13:37:22,10000.0,21.35,B
2021-06-25T13:37:21,1000.0,21.35,B
2021-06-25T13:37:07,100.0,21.35,B
2021-06-25T13:37:01,10000.0,21.35,B
2021-06-25T13:36:53,10000.0,21.35,B
2021-06-25T13:36:41,500.0,21.35,B
2021-06-25T13:36:01,8100.0,21.35,B
2021-06-25T13:35:52,1000.0,21.35,B
2021-06-25T13:35:49,100.0,21.35,B
2021-06-25T13:35:46,10000.0,21.35,B
2021-06-25T13:35:46,5000.0,21.35,B
2021-06-25T13:35:41,100.0,21.35,S
2021-06-25T13:35:41,5000.0,21.35,S
2021-06-25T13:35:41,4800.0,21.35,S
2021-06-25T13:35:41,100.0,21.35,S
2021-06-25T13:35:41,1000.0,21.35,S
2021-06-25T13:35:41,5000.0,21.35,S
2021-06-25T13:35:41,600.0,21.35,S
2021-06-25T13:35:41,1900.0,21.35,S
2021-06-25T13:35:41,600.0,21.35,S
2021-06-25T13:35:41,200.0,21.35,S
2021-06-25T13:35:41,1000.0,21.35,S
2021-06-25T13:35:41,700.0,21.35,S
2021-06-25T13:35:41,6000.0,21.35,S
2021-06-25T13:35:41,400.0,21.35,S
2021-06-25T13:35:41,17300.0,21.35,S
2021-06-25T13:35:41,5600.0,21.35,S
2021-06-25T13:35:41,15500.0,21.35,S
2021-06-25T13:35:41,14300.0,21.35,S
2021-06-25T13:35:41,300.0,21.35,S
2021-06-25T13:35:41,5700.0,21.35,S
2021-06-25T13:35:41,1400.0,21.35,S
2021-06-25T13:35:41,2500.0,21.35,S
2021-06-25T13:35:41,600.0,21.35,S
2021-06-25T13:35:41,100.0,21.35,S
2021-06-25T13:35:41,1600.0,21.35,S
2021-06-25T13:35:41,200.0,21.35,S
2021-06-25T13:35:41,2400.0,21.35,S
2021-06-25T13:35:41,60600.0,21.35,S
2021-06-25T13:35:41,1000.0,21.35,S
2021-06-25T13:35:41,1100.0,21.35,S
2021-06-25T13:35:41,20800.0,21.35,S
2021-06-25T13:35:41,7400.0,21.35,S
2021-06-25T13:35:40,2100.0,21.4,B
2021-06-25T13:35:29,100.0,21.4,B
2021-06-25T13:35:28,1000.0,21.4,B
2021-06-25T13:35:22,3400.0,21.4,B
2021-06-25T13:35:09,10000.0,21.4,B
2021-06-25T13:35:07,300.0,21.4,B
2021-06-25T13:35:07,200.0,21.4,B
2021-06-25T13:34:27,500.0,21.4,B
2021-06-25T13:33:42,500.0,21.4,B
2021-06-25T13:33:39,700.0,21.4,B
2021-06-25T13:33:31,200.0,21.4,B
2021-06-25T13:33:29,500.0,21.4,B
2021-06-25T13:33:23,1500.0,21.4,B
2021-06-25T13:33:13,2700.0,21.35,S
2021-06-25T13:33:13,11300.0,21.35,S
2021-06-25T13:33:13,11000.0,21.35,S
2021-06-25T13:33:13,1000.0,21.35,S
2021-06-25T13:33:12,4000.0,21.35,S
2021-06-25T13:33:12,100.0,21.4,B
2021-06-25T13:33:00,500.0,21.4,B
2021-06-25T13:32:55,500.0,21.4,B
2021-06-25T13:32:51,2000.0,21.4,B
2021-06-25T13:32:45,1000.0,21.4,B
2021-06-25T13:32:30,1000.0,21.4,B
2021-06-25T13:32:27,2000.0,21.4,B
2021-06-25T13:32:15,1600.0,21.4,B
2021-06-25T13:32:15,900.0,21.4,B
2021-06-25T13:31:45,1400.0,21.4,B
2021-06-25T13:31:21,100.0,21.4,B
2021-06-25T13:31:18,700.0,21.4,B
2021-06-25T13:31:08,200.0,21.4,B
2021-06-25T13:31:08,100.0,21.4,B
2021-06-25T13:30:59,200.0,21.4,B
2021-06-25T13:30:57,4500.0,21.4,B
2021-06-25T13:30:50,500.0,21.4,B
2021-06-25T13:30:43,300.0,21.4,B
2021-06-25T13:30:27,2000.0,21.4,B
2021-06-25T13:30:20,300.0,21.4,B
2021-06-25T13:30:14,300.0,21.4,B
2021-06-25T13:30:04,5000.0,21.4,B
2021-06-25T13:29:56,2000.0,21.4,B
2021-06-25T13:29:52,200.0,21.4,B
2021-06-25T13:29:48,1100.0,21.4,B
2021-06-25T13:29:45,5000.0,21.4,B
2021-06-25T13:29:42,1000.0,21.4,B
2021-06-25T13:29:28,3000.0,21.4,B
2021-06-25T13:29:22,2500.0,21.4,B
2021-06-25T13:29:10,300.0,21.4,B
2021-06-25T13:29:03,6900.0,21.4,S
2021-06-25T13:28:50,900.0,21.4,S
2021-06-25T13:28:50,2600.0,21.4,S
2021-06-25T13:28:50,500.0,21.4,S
2021-06-25T13:28:50,1000.0,21.4,S
2021-06-25T13:28:50,10000.0,21.45,B
2021-06-25T13:28:45,7900.0,21.4,S
2021-06-25T13:28:45,2100.0,21.4,S
2021-06-25T13:28:34,400.0,21.45,B
2021-06-25T13:27:51,800.0,21.4,S
2021-06-25T13:27:30,10000.0,21.4,S
2021-06-25T13:27:03,100.0,21.4,B
2021-06-25T13:26:53,4200.0,21.4,B
2021-06-25T13:26:53,800.0,21.4,B
2021-06-25T13:26:53,100.0,21.4,B
2021-06-25T13:26:53,4900.0,21.4,B
2021-06-25T13:26:53,1000.0,21.4,B
2021-06-25T13:26:51,1000.0,21.4,B
2021-06-25T13:26:38,1000.0,21.4,B
2021-06-25T13:26:29,100.0,21.4,B
2021-06-25T13:26:24,2500.0,21.4,B
2021-06-25T13:26:13,200.0,21.4,B
2021-06-25T13:26:10,10000.0,21.4,B
2021-06-25T13:26:09,1000.0,21.4,B
2021-06-25T13:26:03,8000.0,21.4,B
2021-06-25T13:26:03,300.0,21.4,B
2021-06-25T13:26:03,2200.0,21.4,B
2021-06-25T13:25:56,200.0,21.4,B
2021-06-25T13:25:51,100.0,21.4,B
2021-06-25T13:25:37,2000.0,21.4,B
2021-06-25T13:25:29,2000.0,21.4,B
2021-06-25T13:25:10,1000.0,21.4,B
2021-06-25T13:24:57,1200.0,21.4,B
2021-06-25T13:24:39,300.0,21.4,B
2021-06-25T13:24:32,500.0,21.4,B
2021-06-25T13:24:09,2000.0,21.4,B
2021-06-25T13:23:54,5000.0,21.35,S
2021-06-25T13:22:49,3000.0,21.35,S
2021-06-25T13:22:41,2000.0,21.4,B
2021-06-25T13:22:40,2000.0,21.4,B
2021-06-25T13:22:38,500.0,21.4,B
2021-06-25T13:22:24,2000.0,21.4,B
2021-06-25T13:22:24,1000.0,21.4,B
2021-06-25T13:22:22,200.0,21.4,B
2021-06-25T13:22:10,500.0,21.4,B
2021-06-25T13:22:01,500.0,21.4,B
2021-06-25T13:21:51,1700.0,21.4,B
2021-06-25T13:21:51,3300.0,21.4,B
2021-06-25T13:21:50,1000.0,21.4,B
2021-06-25T13:21:45,500.0,21.4,B
2021-06-25T13:21:42,2000.0,21.4,B
2021-06-25T13:21:41,100.0,21.4,B
2021-06-25T13:21:39,600.0,21.4,B
2021-06-25T13:21:36,500.0,21.4,B
2021-06-25T13:21:17,200.0,21.4,B
2021-06-25T13:21:15,6400.0,21.4,B
2021-06-25T13:21:06,2000.0,21.4,B
2021-06-25T13:21:03,200.0,21.4,B
2021-06-25T13:21:02,600.0,21.4,B
2021-06-25T13:20:58,100.0,21.4,B
2021-06-25T13:20:36,2000.0,21.4,B
2021-06-25T13:20:32,500.0,21.4,B
2021-06-25T13:20:26,100.0,21.4,B
2021-06-25T13:20:22,500.0,21.4,B
2021-06-25T13:20:12,1000.0,21.4,S
2021-06-25T13:20:09,15000.0,21.4,S
2021-06-25T13:19:55,20000.0,21.4,S
2021-06-25T13:19:46,300.0,21.4,S
2021-06-25T13:19:28,200.0,21.4,B
2021-06-25T13:19:25,7000.0,21.4,B
2021-06-25T13:19:24,1000.0,21.4,B
2021-06-25T13:19:23,100.0,21.4,B
2021-06-25T13:19:21,5000.0,21.4,B
2021-06-25T13:19:15,1000.0,21.4,B
2021-06-25T13:19:14,2500.0,21.4,B
2021-06-25T13:19:13,1000.0,21.4,B
2021-06-25T13:19:06,500.0,21.4,B
2021-06-25T13:19:06,2000.0,21.4,B
2021-06-25T13:19:06,500.0,21.4,B
2021-06-25T13:18:55,1000.0,21.4,B
2021-06-25T13:18:55,200.0,21.4,B
2021-06-25T13:18:50,200.0,21.35,S
2021-06-25T13:18:50,3000.0,21.4,B
2021-06-25T13:18:50,1000.0,21.4,B
2021-06-25T13:18:38,300.0,21.4,B
2021-06-25T13:18:17,2000.0,21.4,B
2021-06-25T13:18:05,400.0,21.4,B
2021-06-25T13:17:53,300.0,21.4,B
2021-06-25T13:17:47,700.0,21.4,B
2021-06-25T13:17:42,500.0,21.4,B
2021-06-25T13:17:41,1300.0,21.4,B
2021-06-25T13:17:38,100.0,21.4,B
2021-06-25T13:17:36,900.0,21.4,B
2021-06-25T13:17:35,300.0,21.4,B
2021-06-25T13:17:24,100.0,21.4,B
2021-06-25T13:17:23,1000.0,21.4,B
2021-06-25T13:17:17,3000.0,21.4,B
2021-06-25T13:17:12,5000.0,21.4,B
2021-06-25T13:17:04,100.0,21.4,B
2021-06-25T13:16:20,300.0,21.4,B
2021-06-25T13:16:19,500.0,21.4,B
2021-06-25T13:16:09,1000.0,21.4,B
2021-06-25T13:15:55,4000.0,21.4,B
2021-06-25T13:15:44,2000.0,21.4,B
2021-06-25T13:15:41,200.0,21.4,B
2021-06-25T13:15:34,1000.0,21.4,B
2021-06-25T13:15:15,5000.0,21.4,B
2021-06-25T13:15:05,1000.0,21.4,B
2021-06-25T13:14:59,1000.0,21.4,B
2021-06-25T13:14:58,1000.0,21.4,S
2021-06-25T13:14:58,1200.0,21.4,S
2021-06-25T13:14:58,13800.0,21.4,S
2021-06-25T13:14:55,1000.0,21.4,S
2021-06-25T13:14:25,8800.0,21.4,S
2021-06-25T13:14:25,500.0,21.4,S
2021-06-25T13:14:25,700.0,21.4,S
2021-06-25T13:14:18,2400.0,21.4,S
2021-06-25T13:14:18,100.0,21.4,S
2021-06-25T13:14:17,2500.0,21.4,S
2021-06-25T13:14:17,1700.0,21.4,S
2021-06-25T13:14:17,3300.0,21.4,S
2021-06-25T13:14:01,700.0,21.4,S
2021-06-25T13:13:52,10000.0,21.4,S
2021-06-25T13:13:44,100.0,21.45,B
2021-06-25T13:13:29,5000.0,21.4,S
2021-06-25T13:13:21,10000.0,21.4,S
2021-06-25T13:13:17,2200.0,21.4,S
2021-06-25T13:13:17,2000.0,21.4,S
2021-06-25T13:13:17,5800.0,21.4,S
2021-06-25T13:13:07,10000.0,21.4,S
2021-06-25T13:12:51,500.0,21.45,B
2021-06-25T13:12:50,11000.0,21.4,S
2021-06-25T13:12:49,800.0,21.45,B
2021-06-25T13:12:42,200.0,21.45,B
2021-06-25T13:12:23,2000.0,21.45,B
2021-06-25T13:11:59,1000.0,21.45,B
2021-06-25T13:11:53,500.0,21.45,B
2021-06-25T13:11:51,100.0,21.45,B
2021-06-25T13:11:50,100.0,21.45,B
2021-06-25T13:11:19,700.0,21.45,B
2021-06-25T13:11:09,500.0,21.45,B
2021-06-25T13:11:01,300.0,21.45,B
2021-06-25T13:11:01,500.0,21.45,B
2021-06-25T13:11:00,2500.0,21.45,B
2021-06-25T13:10:52,100.0,21.45,B
2021-06-25T13:10:50,1000.0,21.45,B
2021-06-25T13:10:48,100.0,21.45,B
2021-06-25T13:10:48,1000.0,21.45,B
2021-06-25T13:10:37,2500.0,21.45,B
2021-06-25T13:10:34,300.0,21.45,B
2021-06-25T13:10:29,200.0,21.45,B
2021-06-25T13:10:16,1000.0,21.45,B
2021-06-25T13:09:42,100.0,21.45,B
2021-06-25T13:09:08,1000.0,21.45,B
2021-06-25T13:08:43,200.0,21.45,B
2021-06-25T13:08:38,500.0,21.45,B
2021-06-25T13:08:37,500.0,21.45,B
2021-06-25T13:08:29,1000.0,21.45,B
2021-06-25T13:08:28,8000.0,21.45,B
2021-06-25T13:07:53,200.0,21.45,B
2021-06-25T13:07:47,300.0,21.4,S
2021-06-25T13:07:34,10000.0,21.45,B
2021-06-25T13:07:12,1000.0,21.45,B
2021-06-25T13:06:16,8900.0,21.45,B
2021-06-25T13:06:16,100.0,21.45,B
2021-06-25T13:06:16,6000.0,21.45,B
2021-06-25T13:05:58,300.0,21.4,S
2021-06-25T13:05:28,3900.0,21.4,B
2021-06-25T13:05:10,100.0,21.4,S
2021-06-25T13:05:07,400.0,21.4,B
2021-06-25T13:04:56,1400.0,21.35,S
2021-06-25T13:04:41,46100.0,21.4,B
2021-06-25T13:03:56,1000.0,21.35,S
2021-06-25T13:03:18,1000.0,21.4,B
2021-06-25T13:02:25,4500.0,21.4,B
2021-06-25T13:02:25,500.0,21.4,B
2021-06-25T13:02:15,200.0,21.4,B
2021-06-25T13:02:10,1100.0,21.4,B
2021-06-25T13:01:27,1800.0,21.4,S
2021-06-25T13:01:27,1400.0,21.4,S
2021-06-25T13:00:52,700.0,21.4,S
2021-06-25T13:00:49,5000.0,21.4,S
2021-06-25T13:00:27,500.0,21.4,B
2021-06-25T13:00:25,100.0,21.4,B
2021-06-25T13:00:25,400.0,21.4,B
2021-06-25T13:00:25,4500.0,21.4,B
2021-06-25T13:00:25,500.0,21.4,B
2021-06-25T13:00:25,11000.0,21.4,B
2021-06-25T13:00:25,41600.0,21.4,B
2021-06-25T13:00:25,1000.0,21.4,B
2021-06-25T13:00:21,1500.0,21.4,B
2021-06-25T13:00:21,700.0,21.4,B
2021-06-25T13:00:21,100.0,21.4,B
2021-06-25T13:00:21,200.0,21.4,B
2021-06-25T13:00:21,1300.0,21.4,B
2021-06-25T13:00:14,200.0,21.4,B
2021-06-25T13:00:14,6000.0,21.4,B
2021-06-25T13:00:14,100.0,21.4,B
2021-06-25T13:00:14,1000.0,21.4,B
2021-06-25T13:00:14,900.0,21.4,B
2021-06-25T13:00:10,300.0,21.4,B
2021-06-25T13:00:09,10000.0,21.4,B
2021-06-25T11:30:02,3800.0,21.4,B
2021-06-25T11:29:43,500.0,21.4,B
2021-06-25T11:28:33,500.0,21.4,B
2021-06-25T11:28:27,200.0,21.4,B
2021-06-25T11:28:04,4100.0,21.4,B
2021-06-25T11:27:58,900.0,21.4,S
2021-06-25T11:27:58,6400.0,21.4,S
2021-06-25T11:27:57,100.0,21.4,S
2021-06-25T11:27:57,100.0,21.4,S
2021-06-25T11:27:44,1000.0,21.4,S
2021-06-25T11:27:34,5000.0,21.4,S
2021-06-25T11:27:14,4700.0,21.4,S
2021-06-25T11:27:14,300.0,21.4,S
2021-06-25T11:26:55,10000.0,21.4,S
2021-06-25T11:26:37,10000.0,21.4,S
2021-06-25T11:26:31,2300.0,21.4,S
2021-06-25T11:26:31,7700.0,21.4,S
2021-06-25T11:26:19,4000.0,21.4,S
2021-06-25T11:26:10,9100.0,21.4,S
2021-06-25T11:26:10,500.0,21.4,S
2021-06-25T11:26:10,400.0,21.4,S
2021-06-25T11:25:26,3000.0,21.4,S
2021-06-25T11:24:59,3800.0,21.4,S
2021-06-25T11:24:59,1000.0,21.4,S
2021-06-25T11:24:57,200.0,21.4,S
2021-06-25T11:24:57,2200.0,21.4,S
2021-06-25T11:24:57,1400.0,21.4,S
2021-06-25T11:24:57,1400.0,21.4,S
2021-06-25T11:23:38,500.0,21.45,B
2021-06-25T11:23:24,200.0,21.45,B
2021-06-25T11:23:00,200.0,21.45,B
2021-06-25T11:22:56,1500.0,21.45,B
2021-06-25T11:22:39,100.0,21.45,B
2021-06-25T11:22:30,15500.0,21.4,S
2021-06-25T11:22:30,500.0,21.4,S
2021-06-25T11:22:29,11000.0,21.4,S
2021-06-25T11:22:24,100.0,21.45,B
2021-06-25T11:22:21,500.0,21.45,B
2021-06-25T11:21:49,500.0,21.45,B
2021-06-25T11:20:40,1000.0,21.45,B
2021-06-25T11:20:09,100.0,21.45,B
2021-06-25T11:20:07,500.0,21.45,B
2021-06-25T11:20:04,3000.0,21.45,B
2021-06-25T11:20:00,100.0,21.4,S
2021-06-25T11:19:59,200.0,21.45,B
2021-06-25T11:19:51,500.0,21.45,B
2021-06-25T11:19:38,200.0,21.45,B
2021-06-25T11:19:11,200.0,21.45,B
2021-06-25T11:18:45,9800.0,21.45,B
2021-06-25T11:18:42,18100.0,21.4,S
2021-06-25T11:18:42,900.0,21.4,S
2021-06-25T11:18:40,4000.0,21.4,S
2021-06-25T11:18:19,100.0,21.45,B
2021-06-25T11:17:25,1000.0,21.4,S
2021-06-25T11:17:23,5000.0,21.45,B
2021-06-25T11:16:50,2000.0,21.4,S
2021-06-25T11:16:21,4200.0,21.4,S
2021-06-25T11:16:21,5800.0,21.4,S
2021-06-25T11:16:14,3000.0,21.4,S
2021-06-25T11:16:14,4100.0,21.4,S
2021-06-25T11:16:14,2500.0,21.4,S
2021-06-25T11:16:14,400.0,21.4,S
2021-06-25T11:16:00,200.0,21.4,S
2021-06-25T11:14:53,1000.0,21.4,S
2021-06-25T11:14:35,700.0,21.4,S
2021-06-25T11:14:27,10000.0,21.45,B
2021-06-25T11:13:34,200.0,21.4,S
2021-06-25T11:13:27,700.0,21.4,B
2021-06-25T11:13:27,500.0,21.4,B
2021-06-25T11:13:27,2900.0,21.4,B
2021-06-25T11:13:22,10000.0,21.4,B
2021-06-25T11:12:56,3000.0,21.4,B
2021-06-25T11:12:54,100.0,21.4,B
2021-06-25T11:12:23,1000.0,21.4,B
2021-06-25T11:11:54,100.0,21.4,B
2021-06-25T11:11:51,200.0,21.4,B
2021-06-25T11:11:46,3000.0,21.4,B
2021-06-25T11:11:31,800.0,21.4,S
2021-06-25T11:11:31,900.0,21.4,S
2021-06-25T11:11:21,1000.0,21.4,S
2021-06-25T11:10:57,3800.0,21.4,S
2021-06-25T11:10:57,6200.0,21.4,S
2021-06-25T11:10:54,2600.0,21.4,S
2021-06-25T11:10:54,4000.0,21.4,S
2021-06-25T11:10:54,400.0,21.4,S
2021-06-25T11:10:54,1200.0,21.4,S
2021-06-25T11:10:54,6800.0,21.4,S
2021-06-25T11:10:16,300.0,21.4,S
2021-06-25T11:10:16,300.0,21.4,S
2021-06-25T11:10:16,17000.0,21.4,S
2021-06-25T11:10:16,41000.0,21.4,S
2021-06-25T11:10:16,1000.0,21.4,S
2021-06-25T11:10:16,11000.0,21.4,S
2021-06-25T11:10:16,100.0,21.4,S
2021-06-25T11:10:16,600.0,21.4,S
2021-06-25T11:10:15,20000.0,21.4,S
2021-06-25T11:10:15,8700.0,21.4,S
2021-06-25T11:09:39,2000.0,21.45,B
2021-06-25T11:09:24,1000.0,21.45,B
2021-06-25T11:09:18,6000.0,21.45,B
2021-06-25T11:09:05,1000.0,21.45,B
2021-06-25T11:08:58,1000.0,21.45,S
2021-06-25T11:08:58,5800.0,21.45,S
2021-06-25T11:08:39,300.0,21.5,B
2021-06-25T11:08:33,3000.0,21.45,S
2021-06-25T11:07:42,1600.0,21.45,S
2021-06-25T11:07:07,2000.0,21.5,B
2021-06-25T11:06:57,2000.0,21.45,S
2021-06-25T11:06:50,2000.0,21.45,S
2021-06-25T11:06:42,100.0,21.45,S
2021-06-25T11:06:41,200.0,21.5,B
2021-06-25T11:06:26,2800.0,21.5,B
2021-06-25T11:06:13,800.0,21.45,S
2021-06-25T11:06:13,2200.0,21.45,S
2021-06-25T11:06:08,200.0,21.5,B
2021-06-25T11:06:01,2400.0,21.45,S
2021-06-25T11:05:57,100.0,21.45,S
2021-06-25T11:05:46,200.0,21.5,B
2021-06-25T11:05:35,100.0,21.45,S
2021-06-25T11:05:30,1000.0,21.45,S
2021-06-25T11:05:13,2000.0,21.45,S
2021-06-25T11:05:09,5000.0,21.5,B
2021-06-25T11:05:00,8700.0,21.5,B
2021-06-25T11:04:59,500.0,21.5,B
2021-06-25T11:04:40,3000.0,21.5,B
2021-06-25T11:04:39,500.0,21.5,B
2021-06-25T11:04:13,3900.0,21.5,S
2021-06-25T11:04:13,21300.0,21.5,S
2021-06-25T11:04:08,2000.0,21.5,S
2021-06-25T11:04:01,48900.0,21.5,S
2021-06-25T11:03:54,100.0,21.55,B
2021-06-25T11:03:44,2000.0,21.55,B
2021-06-25T11:03:39,500.0,21.5,S
2021-06-25T11:03:21,600.0,21.55,B
2021-06-25T11:03:11,100.0,21.55,B
2021-06-25T11:02:54,200.0,21.5,S
2021-06-25T11:02:27,100.0,21.5,S
2021-06-25T11:02:22,1800.0,21.55,B
2021-06-25T11:01:33,1500.0,21.5,S
2021-06-25T11:01:21,2500.0,21.5,S
2021-06-25T11:01:17,1400.0,21.5,S
2021-06-25T11:01:13,600.0,21.55,B
2021-06-25T11:01:01,100.0,21.5,S
2021-06-25T11:00:47,1000.0,21.5,S
2021-06-25T11:00:43,100.0,21.5,S
2021-06-25T11:00:35,20000.0,21.5,S
2021-06-25T11:00:28,25000.0,21.55,B
2021-06-25T11:00:23,20000.0,21.5,S
2021-06-25T11:00:15,30000.0,21.5,S
2021-06-25T11:00:15,500.0,21.55,B
2021-06-25T11:00:10,3000.0,21.5,S
2021-06-25T10:59:58,10000.0,21.55,B
2021-06-25T10:59:54,2000.0,21.55,B
2021-06-25T10:59:50,200.0,21.55,B
2021-06-25T10:59:39,5000.0,21.55,B
2021-06-25T10:59:35,100.0,21.55,B
2021-06-25T10:59:31,40000.0,21.5,S
2021-06-25T10:59:30,100.0,21.55,B
2021-06-25T10:59:27,500.0,21.55,B
2021-06-25T10:59:25,400.0,21.55,B
2021-06-25T10:59:23,100.0,21.55,B
2021-06-25T10:59:21,500.0,21.55,B
2021-06-25T10:58:42,100.0,21.55,B
2021-06-25T10:58:41,100.0,21.5,S
2021-06-25T10:58:32,2000.0,21.5,S
2021-06-25T10:58:25,100.0,21.5,S
2021-06-25T10:58:20,2600.0,21.5,B
2021-06-25T10:58:20,200.0,21.5,B
2021-06-25T10:58:20,6200.0,21.5,B
2021-06-25T10:58:20,5000.0,21.5,B
2021-06-25T10:58:20,23800.0,21.5,B
2021-06-25T10:58:16,22300.0,21.45,B
2021-06-25T10:58:10,3000.0,21.45,B
2021-06-25T10:58:07,200.0,21.45,B
2021-06-25T10:57:59,5000.0,21.45,B
2021-06-25T10:57:48,19600.0,21.45,S
2021-06-25T10:57:48,500.0,21.5,B
2021-06-25T10:57:42,500.0,21.5,B
2021-06-25T10:57:29,2100.0,21.5,B
2021-06-25T10:57:28,300.0,21.5,B
2021-06-25T10:57:08,900.0,21.5,B
2021-06-25T10:57:08,1100.0,21.5,B
2021-06-25T10:57:08,2300.0,21.5,B
2021-06-25T10:57:04,5000.0,21.45,S
2021-06-25T10:56:48,400.0,21.45,B
2021-06-25T10:56:42,500.0,21.45,B
2021-06-25T10:56:34,1700.0,21.45,B
2021-06-25T10:56:34,1500.0,21.45,B
2021-06-25T10:56:34,1800.0,21.45,B
2021-06-25T10:56:32,100.0,21.45,B
2021-06-25T10:56:29,100.0,21.45,B
2021-06-25T10:56:26,5000.0,21.45,B
2021-06-25T10:56:25,400.0,21.4,S
2021-06-25T10:56:16,2000.0,21.45,B
2021-06-25T10:56:16,100.0,21.45,B
2021-06-25T10:56:12,5000.0,21.45,B
2021-06-25T10:56:04,200.0,21.45,B
2021-06-25T10:55:45,500.0,21.45,B
2021-06-25T10:55:44,3600.0,21.45,B
2021-06-25T10:55:38,5000.0,21.4,S
2021-06-25T10:55:33,1000.0,21.45,B
2021-06-25T10:55:28,600.0,21.45,B
2021-06-25T10:55:28,4400.0,21.45,B
2021-06-25T10:55:27,500.0,21.45,B
2021-06-25T10:55:25,2000.0,21.45,B
2021-06-25T10:55:23,300.0,21.4,S
2021-06-25T10:55:21,1000.0,21.45,B
2021-06-25T10:55:14,500.0,21.45,B
2021-06-25T10:55:09,10000.0,21.45,B
2021-06-25T10:55:03,100.0,21.45,B
2021-06-25T10:54:55,500.0,21.45,B
2021-06-25T10:54:55,400.0,21.45,B
2021-06-25T10:54:36,200.0,21.45,B
2021-06-25T10:54:22,2000.0,21.45,B
2021-06-25T10:54:18,100.0,21.45,B
2021-06-25T10:54:08,5000.0,21.45,B
2021-06-25T10:54:07,2000.0,21.4,S
2021-06-25T10:54:06,2000.0,21.45,B
2021-06-25T10:54:05,100.0,21.45,B
2021-06-25T10:53:33,500.0,21.45,B
2021-06-25T10:53:02,100.0,21.45,B
2021-06-25T10:52:53,100.0,21.45,B
2021-06-25T10:52:50,400.0,21.45,B
2021-06-25T10:52:48,100.0,21.45,B
2021-06-25T10:52:46,100.0,21.45,B
2021-06-25T10:52:45,100.0,21.45,B
2021-06-25T10:52:40,300.0,21.45,B
2021-06-25T10:52:38,400.0,21.45,B
2021-06-25T10:52:38,500.0,21.45,B
2021-06-25T10:52:34,5000.0,21.45,B
2021-06-25T10:52:23,300.0,21.45,B
2021-06-25T10:52:09,100.0,21.45,B
2021-06-25T10:52:09,100.0,21.4,S
2021-06-25T10:52:08,1000.0,21.45,B
2021-06-25T10:52:07,100.0,21.45,B
2021-06-25T10:51:52,3000.0,21.45,B
2021-06-25T10:51:49,500.0,21.45,B
2021-06-25T10:51:39,3000.0,21.45,B
2021-06-25T10:51:33,3000.0,21.45,B
2021-06-25T10:51:24,200.0,21.45,B
2021-06-25T10:51:24,2800.0,21.4,B
2021-06-25T10:51:21,4000.0,21.4,B
2021-06-25T10:51:18,3000.0,21.4,B
2021-06-25T10:51:08,300.0,21.4,B
2021-06-25T10:51:03,2000.0,21.35,S
2021-06-25T10:51:00,300.0,21.4,B
2021-06-25T10:51:00,2000.0,21.4,B
2021-06-25T10:50:59,10000.0,21.4,B
2021-06-25T10:50:56,100.0,21.4,B
2021-06-25T10:50:55,300.0,21.4,B
2021-06-25T10:50:49,1000.0,21.4,B
2021-06-25T10:50:47,300.0,21.4,B
2021-06-25T10:50:39,1000.0,21.4,B
2021-06-25T10:50:34,2800.0,21.4,B
2021-06-25T10:50:34,200.0,21.4,B
2021-06-25T10:50:25,1000.0,21.4,B
2021-06-25T10:50:19,30000.0,21.4,B
2021-06-25T10:50:18,300.0,21.35,S
2021-06-25T10:50:16,100.0,21.4,B
2021-06-25T10:50:03,100.0,21.4,B
2021-06-25T10:49:40,1000.0,21.35,S
2021-06-25T10:49:35,4000.0,21.4,B
2021-06-25T10:49:22,3000.0,21.35,S
2021-06-25T10:49:22,1000.0,21.4,B
2021-06-25T10:49:12,10000.0,21.35,S
2021-06-25T10:49:07,1000.0,21.4,B
2021-06-25T10:49:03,2600.0,21.35,S
2021-06-25T10:49:03,7400.0,21.35,S
2021-06-25T10:48:59,100.0,21.4,B
2021-06-25T10:48:59,29000.0,21.4,B
2021-06-25T10:48:59,500.0,21.35,S
2021-06-25T10:48:42,100.0,21.35,S
2021-06-25T10:48:35,700.0,21.35,B
2021-06-25T10:48:15,7500.0,21.35,B
2021-06-25T10:48:02,10000.0,21.35,B
2021-06-25T10:47:58,500.0,21.3,S
2021-06-25T10:47:57,10000.0,21.35,B
2021-06-25T10:47:46,3000.0,21.35,B
2021-06-25T10:47:35,3000.0,21.35,B
2021-06-25T10:47:18,10000.0,21.3,S
2021-06-25T10:47:17,1000.0,21.35,B
2021-06-25T10:47:12,5000.0,21.35,B
2021-06-25T10:46:59,7000.0,21.3,S
2021-06-25T10:46:52,10000.0,21.3,S
2021-06-25T10:46:38,10000.0,21.3,B
2021-06-25T10:46:34,5000.0,21.35,B
2021-06-25T10:46:10,1000.0,21.3,B
2021-06-25T10:46:06,8800.0,21.3,B
2021-06-25T10:46:06,3000.0,21.3,B
2021-06-25T10:46:06,500.0,21.3,B
2021-06-25T10:46:06,7000.0,21.3,B
2021-06-25T10:46:06,2900.0,21.3,B
2021-06-25T10:45:45,2000.0,21.3,B
2021-06-25T10:45:43,100.0,21.3,B
2021-06-25T10:45:43,20000.0,21.3,B
2021-06-25T10:45:37,100.0,21.3,B
2021-06-25T10:45:31,1000.0,21.25,S
2021-06-25T10:45:29,300.0,21.3,B
2021-06-25T10:45:14,1000.0,21.3,B
2021-06-25T10:45:05,600.0,21.25,S
2021-06-25T10:45:03,200.0,21.3,B
2021-06-25T10:45:01,100.0,21.3,B
2021-06-25T10:44:53,2000.0,21.3,B
2021-06-25T10:44:46,2000.0,21.3,B
2021-06-25T10:44:17,10000.0,21.3,B
2021-06-25T10:43:54,1000.0,21.3,B
2021-06-25T10:43:54,500.0,21.3,B
2021-06-25T10:43:51,3000.0,21.3,B
2021-06-25T10:43:50,10000.0,21.3,B
2021-06-25T10:43:42,2400.0,21.25,S
2021-06-25T10:43:35,200.0,21.3,B
2021-06-25T10:43:34,100.0,21.3,B
2021-06-25T10:43:27,200.0,21.3,S
2021-06-25T10:43:24,5000.0,21.3,S
2021-06-25T10:43:22,500.0,21.3,S
2021-06-25T10:43:18,100.0,21.3,S
2021-06-25T10:43:13,300.0,21.3,S
2021-06-25T10:43:10,5000.0,21.25,S
2021-06-25T10:43:07,700.0,21.3,S
2021-06-25T10:43:05,10000.0,21.3,S
2021-06-25T10:43:01,200.0,21.3,S
2021-06-25T10:42:59,3000.0,21.3,S
2021-06-25T10:42:54,1000.0,21.3,S
2021-06-25T10:42:52,100.0,21.3,S
2021-06-25T10:42:52,1000.0,21.3,S
2021-06-25T10:42:52,36900.0,21.3,S
2021-06-25T10:42:48,7000.0,21.3,S
2021-06-25T10:42:40,10000.0,21.35,B
2021-06-25T10:42:37,5000.0,21.35,B
2021-06-25T10:42:21,1000.0,21.3,B
2021-06-25T10:42:17,20000.0,21.3,B
2021-06-25T10:42:14,100.0,21.35,B
2021-06-25T10:41:54,1000.0,21.3,B
2021-06-25T10:41:44,2000.0,21.3,B
2021-06-25T10:41:37,5000.0,21.3,B
2021-06-25T10:41:36,1500.0,21.3,B
2021-06-25T10:41:32,100.0,21.3,B
2021-06-25T10:41:32,16700.0,21.3,B
2021-06-25T10:41:27,2500.0,21.25,S
2021-06-25T10:41:23,3000.0,21.25,S
2021-06-25T10:41:07,5800.0,21.25,S
2021-06-25T10:41:07,9200.0,21.25,S
2021-06-25T10:41:07,100.0,21.3,B
2021-06-25T10:41:00,100.0,21.3,B
2021-06-25T10:40:44,1000.0,21.3,B
2021-06-25T10:40:37,2000.0,21.25,S
2021-06-25T10:40:29,100.0,21.3,B
2021-06-25T10:40:29,100.0,21.3,B
2021-06-25T10:40:21,100.0,21.3,B
2021-06-25T10:40:17,100.0,21.25,S
2021-06-25T10:40:17,100.0,21.25,S
2021-06-25T10:40:12,900.0,21.3,B
2021-06-25T10:40:06,19300.0,21.3,B
2021-06-25T10:40:04,200.0,21.3,B
2021-06-25T10:40:03,2000.0,21.3,B
2021-06-25T10:39:45,1000.0,21.3,S
2021-06-25T10:39:45,200.0,21.3,S
2021-06-25T10:39:35,300.0,21.3,S
2021-06-25T10:39:20,500.0,21.3,S
2021-06-25T10:39:16,200.0,21.3,S
2021-06-25T10:39:13,500.0,21.3,S
2021-06-25T10:39:10,1000.0,21.3,S
2021-06-25T10:39:04,3000.0,21.3,S
2021-06-25T10:39:03,100.0,21.3,S
2021-06-25T10:39:02,5000.0,21.3,S
2021-06-25T10:39:00,1800.0,21.3,S
2021-06-25T10:38:58,5000.0,21.3,S
2021-06-25T10:38:55,500.0,21.3,S
2021-06-25T10:38:44,8500.0,21.3,S
2021-06-25T10:38:21,10200.0,21.3,S
2021-06-25T10:38:21,500.0,21.3,S
2021-06-25T10:38:21,700.0,21.3,S
2021-06-25T10:38:21,21100.0,21.3,S
2021-06-25T10:38:21,300.0,21.3,S
2021-06-25T10:38:21,5800.0,21.3,S
2021-06-25T10:38:21,2300.0,21.3,S
2021-06-25T10:38:21,1600.0,21.3,S
2021-06-25T10:38:21,4400.0,21.3,S
2021-06-25T10:38:21,200.0,21.3,S
2021-06-25T10:38:19,1000.0,21.3,S
2021-06-25T10:38:19,1500.0,21.3,S
2021-06-25T10:38:19,1700.0,21.3,S
2021-06-25T10:38:19,4200.0,21.3,S
2021-06-25T10:38:19,500.0,21.3,S
2021-06-25T10:38:19,8900.0,21.3,S
2021-06-25T10:38:19,1500.0,21.3,S
2021-06-25T10:38:19,4200.0,21.3,S
2021-06-25T10:38:19,1300.0,21.3,S
2021-06-25T10:38:19,3400.0,21.3,S
2021-06-25T10:38:14,600.0,21.35,B
2021-06-25T10:38:04,8600.0,21.3,S
2021-06-25T10:38:03,1400.0,21.3,S
2021-06-25T10:37:55,2300.0,21.3,S
2021-06-25T10:37:53,3000.0,21.3,S
2021-06-25T10:37:49,200.0,21.35,B
2021-06-25T10:37:47,400.0,21.3,S
2021-06-25T10:37:41,1100.0,21.3,S
2021-06-25T10:37:41,500.0,21.3,S
2021-06-25T10:37:36,2000.0,21.3,S
2021-06-25T10:37:33,2500.0,21.3,S
2021-06-25T10:37:32,9500.0,21.3,S
2021-06-25T10:37:20,3000.0,21.35,B
2021-06-25T10:37:15,3000.0,21.3,S
2021-06-25T10:37:11,100.0,21.35,B
2021-06-25T10:36:52,200.0,21.3,S
2021-06-25T10:36:46,3500.0,21.3,S
2021-06-25T10:36:45,3400.0,21.3,S
2021-06-25T10:36:45,400.0,21.3,S
2021-06-25T10:36:45,2700.0,21.3,S
2021-06-25T10:36:42,5000.0,21.35,B
2021-06-25T10:36:29,10000.0,21.3,S
2021-06-25T10:36:29,600.0,21.3,S
2021-06-25T10:36:19,1000.0,21.35,B
2021-06-25T10:36:18,100.0,21.35,B
2021-06-25T10:36:01,3000.0,21.3,S
2021-06-25T10:35:55,1000.0,21.35,B
2021-06-25T10:35:53,200.0,21.35,B
2021-06-25T10:35:39,5000.0,21.3,S
2021-06-25T10:35:36,200.0,21.35,B
2021-06-25T10:35:26,5000.0,21.35,B
2021-06-25T10:35:25,1000.0,21.35,B
2021-06-25T10:35:12,10000.0,21.35,S
2021-06-25T10:35:11,10000.0,21.35,S
2021-06-25T10:35:09,10000.0,21.3,S
2021-06-25T10:35:08,3600.0,21.35,S
2021-06-25T10:35:03,2000.0,21.35,S
2021-06-25T10:34:49,1300.0,21.35,S
2021-06-25T10:34:49,500.0,21.35,S
2021-06-25T10:34:49,8200.0,21.35,S
2021-06-25T10:34:45,6000.0,21.35,S
2021-06-25T10:34:41,2600.0,21.35,S
2021-06-25T10:34:41,100.0,21.35,S
2021-06-25T10:34:41,500.0,21.35,S
2021-06-25T10:34:41,1800.0,21.35,S
2021-06-25T10:34:41,1700.0,21.35,S
2021-06-25T10:34:41,1300.0,21.35,S
2021-06-25T10:34:41,2000.0,21.35,S
2021-06-25T10:34:28,2100.0,21.35,S
2021-06-25T10:34:28,400.0,21.35,S
2021-06-25T10:34:28,1200.0,21.35,S
2021-06-25T10:34:28,3900.0,21.35,S
2021-06-25T10:34:28,5500.0,21.35,S
2021-06-25T10:34:21,1000.0,21.4,B
2021-06-25T10:34:21,5000.0,21.35,S
2021-06-25T10:34:03,1000.0,21.35,S
2021-06-25T10:33:59,10000.0,21.4,B
2021-06-25T10:33:55,17600.0,21.35,S
2021-06-25T10:33:49,100.0,21.4,B
2021-06-25T10:33:44,2000.0,21.35,S
2021-06-25T10:33:40,4000.0,21.4,B
2021-06-25T10:33:40,20000.0,21.4,B
2021-06-25T10:33:39,300.0,21.4,B
2021-06-25T10:33:37,5000.0,21.35,S
2021-06-25T10:33:33,500.0,21.35,S
2021-06-25T10:33:27,100.0,21.4,B
2021-06-25T10:33:26,500.0,21.35,S
2021-06-25T10:33:19,300.0,21.4,B
2021-06-25T10:33:17,500.0,21.35,S
2021-06-25T10:33:14,100.0,21.4,B
2021-06-25T10:33:03,100.0,21.4,B
2021-06-25T10:32:47,200.0,21.4,B
2021-06-25T10:32:45,2000.0,21.4,B
2021-06-25T10:32:41,1000.0,21.4,B
2021-06-25T10:32:23,1000.0,21.4,B
2021-06-25T10:32:21,1000.0,21.4,B
2021-06-25T10:32:19,500.0,21.35,S
2021-06-25T10:32:17,500.0,21.4,B
2021-06-25T10:32:09,1900.0,21.4,S
2021-06-25T10:32:00,1200.0,21.45,B
2021-06-25T10:32:00,11000.0,21.4,S
2021-06-25T10:32:00,200.0,21.4,S
2021-06-25T10:32:00,100.0,21.4,S
2021-06-25T10:32:00,1600.0,21.4,S
2021-06-25T10:31:59,6900.0,21.4,S
2021-06-25T10:31:55,100.0,21.45,B
2021-06-25T10:31:54,700.0,21.4,S
2021-06-25T10:31:54,4300.0,21.4,S
2021-06-25T10:31:51,1000.0,21.4,S
2021-06-25T10:31:44,200.0,21.4,S
2021-06-25T10:31:34,1000.0,21.4,S
2021-06-25T10:31:27,3500.0,21.4,S
2021-06-25T10:31:22,3000.0,21.45,B
2021-06-25T10:31:19,4100.0,21.4,S
2021-06-25T10:31:19,100.0,21.45,B
2021-06-25T10:31:15,1200.0,21.4,S
2021-06-25T10:31:15,11400.0,21.4,S
2021-06-25T10:31:15,8000.0,21.4,S
2021-06-25T10:31:15,100.0,21.4,S
2021-06-25T10:31:14,4300.0,21.4,S
2021-06-25T10:31:06,100.0,21.45,B
2021-06-25T10:30:59,2000.0,21.45,B
2021-06-25T10:30:33,100.0,21.45,B
2021-06-25T10:30:24,1000.0,21.45,B
2021-06-25T10:30:14,2300.0,21.45,B
2021-06-25T10:30:11,300.0,21.45,B
2021-06-25T10:30:00,2900.0,21.45,B
2021-06-25T10:30:00,17100.0,21.45,B
2021-06-25T10:29:57,1000.0,21.45,B
2021-06-25T10:29:49,1000.0,21.45,B
2021-06-25T10:29:44,2400.0,21.45,B
2021-06-25T10:29:42,1000.0,21.45,B
2021-06-25T10:29:42,400.0,21.45,B
2021-06-25T10:29:40,1600.0,21.45,B
2021-06-25T10:29:37,3000.0,21.45,B
2021-06-25T10:29:34,300.0,21.45,B
2021-06-25T10:29:28,100.0,21.45,B
2021-06-25T10:29:24,1000.0,21.45,B
2021-06-25T10:29:19,100.0,21.45,B
2021-06-25T10:29:11,100.0,21.45,S
2021-06-25T10:29:11,5200.0,21.45,S
2021-06-25T10:29:11,1900.0,21.45,S
2021-06-25T10:29:11,3300.0,21.45,S
2021-06-25T10:29:11,4800.0,21.45,S
2021-06-25T10:29:06,500.0,21.45,S
2021-06-25T10:29:06,4500.0,21.45,S
2021-06-25T10:28:59,2000.0,21.5,B
2021-06-25T10:28:55,2000.0,21.45,S
2021-06-25T10:28:51,1000.0,21.5,B
2021-06-25T10:28:51,9000.0,21.5,B
2021-06-25T10:28:44,900.0,21.5,B
2021-06-25T10:28:39,11500.0,21.45,S
2021-06-25T10:28:39,8500.0,21.45,S
2021-06-25T10:28:31,5000.0,21.45,S
2021-06-25T10:28:18,5000.0,21.45,S
2021-06-25T10:28:11,2800.0,21.5,B
2021-06-25T10:28:11,7200.0,21.5,B
2021-06-25T10:28:09,700.0,21.5,B
2021-06-25T10:28:07,1000.0,21.5,B
2021-06-25T10:27:37,100.0,21.5,B
2021-06-25T10:27:30,100.0,21.5,B
2021-06-25T10:27:15,2000.0,21.5,B
2021-06-25T10:27:00,1000.0,21.45,S
2021-06-25T10:26:54,300.0,21.5,B
2021-06-25T10:26:43,3000.0,21.5,B
2021-06-25T10:26:27,300.0,21.5,B
2021-06-25T10:26:20,300.0,21.5,B
2021-06-25T10:26:17,100.0,21.5,B
2021-06-25T10:26:11,400.0,21.45,S
2021-06-25T10:26:08,5000.0,21.5,B
2021-06-25T10:26:04,100.0,21.5,B
2021-06-25T10:25:49,3000.0,21.5,B
2021-06-25T10:25:45,100.0,21.45,S
2021-06-25T10:25:44,100.0,21.5,B
2021-06-25T10:25:32,10000.0,21.45,S
2021-06-25T10:25:32,4500.0,21.45,S
2021-06-25T10:25:31,500.0,21.45,S
2021-06-25T10:25:26,1000.0,21.5,B
2021-06-25T10:25:16,5000.0,21.4,S
2021-06-25T10:25:14,5000.0,21.5,B
2021-06-25T10:25:07,5000.0,21.5,B
2021-06-25T10:25:02,100.0,21.45,B
2021-06-25T10:25:01,1000.0,21.45,B
2021-06-25T10:25:01,300.0,21.45,B
2021-06-25T10:24:58,500.0,21.45,B
2021-06-25T10:24:55,5000.0,21.45,B
2021-06-25T10:24:53,300.0,21.45,B
2021-06-25T10:24:48,300.0,21.45,B
2021-06-25T10:24:47,2600.0,21.4,S
2021-06-25T10:24:47,100.0,21.4,S
2021-06-25T10:24:47,1300.0,21.4,S
2021-06-25T10:24:47,5700.0,21.4,S
2021-06-25T10:24:47,600.0,21.4,S
2021-06-25T10:24:47,1400.0,21.4,S
2021-06-25T10:24:47,17300.0,21.4,S
2021-06-25T10:24:39,4100.0,21.45,S
2021-06-25T10:24:39,300.0,21.5,B
2021-06-25T10:24:35,1000.0,21.45,S
2021-06-25T10:24:32,10000.0,21.45,S
2021-06-25T10:24:30,200.0,21.45,S
2021-06-25T10:24:30,2500.0,21.45,S
2021-06-25T10:24:28,1000.0,21.45,S
2021-06-25T10:24:23,100.0,21.45,S
2021-06-25T10:24:20,2000.0,21.45,S
2021-06-25T10:24:20,8000.0,21.45,S
2021-06-25T10:24:09,6200.0,21.45,S
2021-06-25T10:24:09,200.0,21.45,S
2021-06-25T10:24:09,3600.0,21.45,S
2021-06-25T10:24:01,200.0,21.45,S
2021-06-25T10:23:52,3000.0,21.5,B
2021-06-25T10:23:52,2500.0,21.45,S
2021-06-25T10:23:44,100.0,21.5,B
2021-06-25T10:23:36,500.0,21.45,S
2021-06-25T10:23:36,800.0,21.45,S
2021-06-25T10:23:34,1000.0,21.5,B
2021-06-25T10:23:31,2000.0,21.5,B
2021-06-25T10:23:28,200.0,21.45,S
2021-06-25T10:23:24,100.0,21.5,B
2021-06-25T10:23:10,2200.0,21.45,S
2021-06-25T10:23:10,200.0,21.45,S
2021-06-25T10:23:10,2600.0,21.45,S
2021-06-25T10:23:02,500.0,21.45,S
2021-06-25T10:23:00,2000.0,21.5,B
2021-06-25T10:22:41,2000.0,21.5,B
2021-06-25T10:22:19,5700.0,21.45,S
2021-06-25T10:22:17,700.0,21.5,B
2021-06-25T10:22:15,300.0,21.5,B
2021-06-25T10:22:11,1000.0,21.5,B
2021-06-25T10:22:05,1000.0,21.5,B
2021-06-25T10:22:01,1000.0,21.5,B
2021-06-25T10:21:51,1000.0,21.5,B
2021-06-25T10:21:39,100.0,21.5,B
2021-06-25T10:21:38,1000.0,21.5,B
2021-06-25T10:21:37,100.0,21.5,B
2021-06-25T10:21:31,1000.0,21.5,B
2021-06-25T10:21:21,3000.0,21.5,B
2021-06-25T10:21:15,100.0,21.5,B
2021-06-25T10:21:12,3000.0,21.4,S
2021-06-25T10:21:10,400.0,21.45,S
2021-06-25T10:21:07,400.0,21.5,B
2021-06-25T10:21:05,10000.0,21.55,B
2021-06-25T10:21:03,10000.0,21.5,B
2021-06-25T10:21:00,10000.0,21.4,S
2021-06-25T10:21:00,500.0,21.5,B
2021-06-25T10:20:58,10000.0,21.5,B
2021-06-25T10:20:51,500.0,21.5,B
2021-06-25T10:20:50,2600.0,21.5,B
2021-06-25T10:20:50,2400.0,21.5,B
2021-06-25T10:20:49,1000.0,21.5,B
2021-06-25T10:20:47,100.0,21.45,S
2021-06-25T10:20:41,300.0,21.5,B
2021-06-25T10:20:41,30000.0,21.5,B
2021-06-25T10:20:39,1600.0,21.5,B
2021-06-25T10:20:36,300.0,21.5,B
2021-06-25T10:20:35,100.0,21.45,S
2021-06-25T10:20:33,200.0,21.5,B
2021-06-25T10:20:30,300.0,21.5,B
2021-06-25T10:20:28,100.0,21.5,B
2021-06-25T10:20:14,300.0,21.5,B
2021-06-25T10:20:14,2000.0,21.45,S
2021-06-25T10:20:14,500.0,21.5,B
2021-06-25T10:20:14,300.0,21.45,S
2021-06-25T10:19:55,800.0,21.4,S
2021-06-25T10:19:42,100.0,21.4,S
2021-06-25T10:19:42,100.0,21.4,S
2021-06-25T10:19:42,500.0,21.4,S
2021-06-25T10:19:36,400.0,21.4,B
2021-06-25T10:19:36,15200.0,21.4,B
2021-06-25T10:19:36,600.0,21.35,S
2021-06-25T10:19:26,1100.0,21.4,B
2021-06-25T10:19:26,3900.0,21.4,B
2021-06-25T10:19:25,100.0,21.4,B
2021-06-25T10:19:25,100.0,21.4,B
2021-06-25T10:19:20,200.0,21.4,B
2021-06-25T10:19:19,1000.0,21.4,B
2021-06-25T10:19:14,100.0,21.4,B
2021-06-25T10:19:09,500.0,21.4,B
2021-06-25T10:19:05,10000.0,21.4,B
2021-06-25T10:19:04,5000.0,21.4,B
2021-06-25T10:19:04,10000.0,21.4,B
2021-06-25T10:18:47,100.0,21.4,B
2021-06-25T10:18:44,2500.0,21.4,B
2021-06-25T10:18:38,200.0,21.4,B
2021-06-25T10:18:38,700.0,21.4,B
2021-06-25T10:18:38,5000.0,21.4,B
2021-06-25T10:18:36,300.0,21.4,B
2021-06-25T10:18:36,500.0,21.4,B
2021-06-25T10:18:33,200.0,21.4,B
2021-06-25T10:18:32,1000.0,21.4,B
2021-06-25T10:18:29,10000.0,21.4,B
2021-06-25T10:18:26,2100.0,21.35,S
2021-06-25T10:18:20,1000.0,21.4,S
2021-06-25T10:18:20,5000.0,21.4,S
2021-06-25T10:18:19,1000.0,21.4,S
2021-06-25T10:18:16,2000.0,21.4,S
2021-06-25T10:18:16,5000.0,21.4,S
2021-06-25T10:18:16,300.0,21.4,S
2021-06-25T10:18:15,500.0,21.4,S
2021-06-25T10:18:15,1100.0,21.4,S
2021-06-25T10:18:15,200.0,21.4,S
2021-06-25T10:18:15,100.0,21.4,S
2021-06-25T10:18:15,6200.0,21.4,S
2021-06-25T10:18:15,2100.0,21.4,S
2021-06-25T10:18:15,600.0,21.4,S
2021-06-25T10:18:15,1200.0,21.4,S
2021-06-25T10:18:15,2500.0,21.4,S
2021-06-25T10:18:15,800.0,21.4,S
2021-06-25T10:18:15,600.0,21.4,S
2021-06-25T10:18:14,11400.0,21.4,S
2021-06-25T10:18:14,100.0,21.4,S
2021-06-25T10:18:14,3800.0,21.4,S
2021-06-25T10:18:14,2000.0,21.4,S
2021-06-25T10:18:14,10700.0,21.4,S
2021-06-25T10:18:14,300.0,21.4,S
2021-06-25T10:18:14,1300.0,21.4,S
2021-06-25T10:18:14,400.0,21.4,S
2021-06-25T10:18:14,300.0,21.4,S
2021-06-25T10:18:14,11000.0,21.4,S
2021-06-25T10:18:14,1600.0,21.45,S
2021-06-25T10:18:14,1300.0,21.45,S
2021-06-25T10:18:14,4100.0,21.45,S
2021-06-25T10:18:12,6300.0,21.45,S
2021-06-25T10:18:12,4100.0,21.45,S
2021-06-25T10:18:12,1100.0,21.45,S
2021-06-25T10:18:12,100.0,21.45,S
2021-06-25T10:18:12,1100.0,21.45,S
2021-06-25T10:18:12,16100.0,21.5,S
2021-06-25T10:18:12,8300.0,21.5,S
2021-06-25T10:18:12,1100.0,21.5,S
2021-06-25T10:18:12,1000.0,21.5,S
2021-06-25T10:18:12,1800.0,21.5,S
2021-06-25T10:18:12,6000.0,21.5,S
2021-06-25T10:18:12,1200.0,21.5,S
2021-06-25T10:18:12,2100.0,21.5,S
2021-06-25T10:18:12,500.0,21.5,S
2021-06-25T10:18:12,6600.0,21.5,S
2021-06-25T10:18:12,2200.0,21.5,S
2021-06-25T10:18:12,300.0,21.5,S
2021-06-25T10:18:12,2100.0,21.5,S
2021-06-25T10:18:12,700.0,21.5,S
2021-06-25T10:18:12,400.0,21.5,S
2021-06-25T10:18:12,1700.0,21.5,S
2021-06-25T10:18:12,1300.0,21.5,S
2021-06-25T10:18:12,2600.0,21.5,S
2021-06-25T10:18:12,3800.0,21.5,S
2021-06-25T10:18:12,900.0,21.5,S
2021-06-25T10:18:12,2000.0,21.5,S
2021-06-25T10:18:12,11000.0,21.5,S
2021-06-25T10:18:12,5500.0,21.5,S
2021-06-25T10:18:12,900.0,21.5,S
2021-06-25T10:18:12,1500.0,21.5,S
2021-06-25T10:18:12,400.0,21.5,S
2021-06-25T10:18:12,900.0,21.5,S
2021-06-25T10:18:11,1000.0,21.5,S
2021-06-25T10:18:11,3800.0,21.5,S
2021-06-25T10:18:11,100.0,21.5,S
2021-06-25T10:18:11,7100.0,21.5,S
2021-06-25T10:18:11,1000.0,21.5,S
2021-06-25T10:18:11,2500.0,21.5,S
2021-06-25T10:18:11,4500.0,21.5,S
2021-06-25T10:18:11,200.0,21.5,S
2021-06-25T10:18:11,300.0,21.5,S
2021-06-25T10:18:11,1100.0,21.5,S
2021-06-25T10:18:11,300.0,21.5,S
2021-06-25T10:18:11,9400.0,21.5,S
2021-06-25T10:18:11,6600.0,21.5,S
2021-06-25T10:18:11,600.0,21.5,S
2021-06-25T10:18:11,500.0,21.5,S
2021-06-25T10:18:11,17300.0,21.5,S
2021-06-25T10:18:10,1000.0,21.5,S
2021-06-25T10:18:10,5000.0,21.5,S
2021-06-25T10:18:10,700.0,21.5,S
2021-06-25T10:18:10,600.0,21.5,S
2021-06-25T10:18:10,100.0,21.5,S
2021-06-25T10:18:10,400.0,21.5,S
2021-06-25T10:18:10,100.0,21.5,S
2021-06-25T10:18:10,4000.0,21.5,S
2021-06-25T10:18:10,300.0,21.5,S
2021-06-25T10:18:10,1500.0,21.5,S
2021-06-25T10:18:10,900.0,21.5,S
2021-06-25T10:18:10,5100.0,21.5,S
2021-06-25T10:18:10,1500.0,21.5,S
2021-06-25T10:18:10,200.0,21.5,S
2021-06-25T10:18:10,4500.0,21.5,S
2021-06-25T10:18:10,44200.0,21.5,S
2021-06-25T10:18:10,2000.0,21.5,S
2021-06-25T10:18:10,12200.0,21.5,S
2021-06-25T10:18:10,1500.0,21.5,S
2021-06-25T10:18:09,3000.0,21.5,S
2021-06-25T10:18:09,5500.0,21.5,S
2021-06-25T10:18:09,1200.0,21.5,S
2021-06-25T10:18:09,1200.0,21.5,S
2021-06-25T10:18:09,5600.0,21.5,S
2021-06-25T10:18:09,5600.0,21.5,S
2021-06-25T10:18:09,3000.0,21.5,S
2021-06-25T10:18:09,10600.0,21.5,S
2021-06-25T10:18:09,1000.0,21.5,S
2021-06-25T10:18:09,4000.0,21.5,S
2021-06-25T10:18:09,1000.0,21.5,S
2021-06-25T10:18:07,100.0,21.55,B
2021-06-25T10:18:04,1000.0,21.55,B
2021-06-25T10:17:59,5000.0,21.55,B
2021-06-25T10:17:57,1000.0,21.55,B
2021-06-25T10:17:37,100.0,21.55,B
2021-06-25T10:17:32,5000.0,21.55,B
2021-06-25T10:17:25,300.0,21.55,B
2021-06-25T10:17:20,100.0,21.55,B
2021-06-25T10:17:19,2400.0,21.5,S
2021-06-25T10:17:17,5000.0,21.55,B
2021-06-25T10:17:12,2500.0,21.55,B
2021-06-25T10:17:10,100.0,21.55,B
2021-06-25T10:16:58,100.0,21.55,B
2021-06-25T10:16:55,3800.0,21.55,B
2021-06-25T10:16:55,1400.0,21.55,B
2021-06-25T10:16:55,100.0,21.55,B
2021-06-25T10:16:45,200.0,21.55,B
2021-06-25T10:16:44,5000.0,21.55,B
2021-06-25T10:16:40,100.0,21.5,S
2021-06-25T10:16:40,3000.0,21.55,B
2021-06-25T10:16:40,100.0,21.55,B
2021-06-25T10:16:39,5000.0,21.55,B
2021-06-25T10:16:32,5000.0,21.55,B
2021-06-25T10:16:28,2500.0,21.55,B
2021-06-25T10:16:27,1000.0,21.5,S
2021-06-25T10:16:26,1000.0,21.55,B
2021-06-25T10:16:10,600.0,21.55,B
2021-06-25T10:16:09,1400.0,21.55,B
2021-06-25T10:16:05,3300.0,21.55,B
2021-06-25T10:16:03,200.0,21.55,B
2021-06-25T10:16:02,200.0,21.5,S
2021-06-25T10:15:59,2500.0,21.55,B
2021-06-25T10:15:52,1300.0,21.55,B
2021-06-25T10:15:51,1100.0,21.5,S
2021-06-25T10:15:45,500.0,21.5,S
2021-06-25T10:15:44,6800.0,21.55,B
2021-06-25T10:15:42,1500.0,21.55,B
2021-06-25T10:15:39,100.0,21.55,B
2021-06-25T10:15:35,400.0,21.5,S
2021-06-25T10:15:35,1100.0,21.5,S
2021-06-25T10:15:33,1500.0,21.55,B
2021-06-25T10:15:29,500.0,21.55,B
2021-06-25T10:15:28,400.0,21.55,B
2021-06-25T10:15:22,200.0,21.5,S
2021-06-25T10:15:18,1100.0,21.55,B
2021-06-25T10:15:17,5100.0,21.55,B
2021-06-25T10:15:17,5000.0,21.55,B
2021-06-25T10:15:11,13000.0,21.55,S
2021-06-25T10:15:11,9500.0,21.55,S
2021-06-25T10:15:11,400.0,21.55,S
2021-06-25T10:15:02,10000.0,21.55,S
2021-06-25T10:14:55,1500.0,21.55,S
2021-06-25T10:14:55,10000.0,21.55,S
2021-06-25T10:14:36,2700.0,21.55,S
2021-06-25T10:14:22,100.0,21.55,S
2021-06-25T10:14:19,10000.0,21.55,S
2021-06-25T10:14:18,100.0,21.6,B
2021-06-25T10:13:54,6000.0,21.55,S
2021-06-25T10:13:50,100.0,21.6,B
2021-06-25T10:13:45,200.0,21.6,B
2021-06-25T10:13:22,5000.0,21.6,B
2021-06-25T10:13:17,100.0,21.6,B
2021-06-25T10:13:17,2400.0,21.6,B
2021-06-25T10:13:12,43700.0,21.55,S
2021-06-25T10:13:12,5600.0,21.55,S
2021-06-25T10:13:12,500.0,21.55,S
2021-06-25T10:13:10,100.0,21.55,S
2021-06-25T10:13:10,3100.0,21.55,S
2021-06-25T10:13:10,400.0,21.55,S
2021-06-25T10:13:10,1500.0,21.55,S
2021-06-25T10:13:10,1200.0,21.55,S
2021-06-25T10:13:10,1200.0,21.55,S
2021-06-25T10:13:10,7000.0,21.55,S
2021-06-25T10:13:10,3800.0,21.55,S
2021-06-25T10:13:10,2700.0,21.55,S
2021-06-25T10:13:10,1600.0,21.55,S
2021-06-25T10:13:10,300.0,21.55,S
2021-06-25T10:13:10,700.0,21.55,S
2021-06-25T10:13:10,500.0,21.55,S
2021-06-25T10:13:10,3100.0,21.55,S
2021-06-25T10:13:10,500.0,21.55,S
2021-06-25T10:13:10,200.0,21.55,S
2021-06-25T10:13:10,1000.0,21.55,S
2021-06-25T10:13:10,600.0,21.55,S
2021-06-25T10:13:10,1100.0,21.55,S
2021-06-25T10:13:10,11500.0,21.55,S
2021-06-25T10:13:10,200.0,21.55,S
2021-06-25T10:13:10,500.0,21.55,S
2021-06-25T10:13:10,200.0,21.55,S
2021-06-25T10:13:10,100.0,21.55,S
2021-06-25T10:13:10,10200.0,21.55,S
2021-06-25T10:13:10,200.0,21.55,S
2021-06-25T10:13:10,1000.0,21.55,S
2021-06-25T10:13:10,1100.0,21.55,S
2021-06-25T10:13:10,17900.0,21.55,S
2021-06-25T10:13:10,20100.0,21.55,S
2021-06-25T10:13:10,12100.0,21.55,S
2021-06-25T10:13:10,44500.0,21.55,S
2021-06-25T10:12:54,2600.0,21.6,B
2021-06-25T10:12:54,4400.0,21.6,B
2021-06-25T10:12:50,100.0,21.6,B
2021-06-25T10:12:48,200.0,21.6,B
2021-06-25T10:12:39,300.0,21.6,B
2021-06-25T10:12:37,500.0,21.55,S
2021-06-25T10:12:37,7100.0,21.6,B
2021-06-25T10:12:37,2900.0,21.6,B
2021-06-25T10:12:33,300.0,21.6,B
2021-06-25T10:12:28,2400.0,21.6,B
2021-06-25T10:12:01,100.0,21.6,B
2021-06-25T10:12:01,10500.0,21.6,B
2021-06-25T10:12:01,29400.0,21.6,B
2021-06-25T10:11:53,1000.0,21.6,B
2021-06-25T10:11:47,2500.0,21.6,B
2021-06-25T10:11:43,300.0,21.6,B
2021-06-25T10:11:39,3000.0,21.6,B
2021-06-25T10:11:25,5000.0,21.6,B
2021-06-25T10:11:25,3000.0,21.6,B
2021-06-25T10:11:25,100.0,21.6,B
2021-06-25T10:11:23,1000.0,21.6,B
2021-06-25T10:11:23,200.0,21.6,B
2021-06-25T10:11:20,500.0,21.55,S
2021-06-25T10:11:20,3000.0,21.6,B
2021-06-25T10:11:13,100.0,21.6,B
2021-06-25T10:11:10,3000.0,21.6,B
2021-06-25T10:11:09,15000.0,21.6,B
2021-06-25T10:10:52,100.0,21.6,B
2021-06-25T10:10:44,200.0,21.6,B
2021-06-25T10:10:24,19000.0,21.6,B
2021-06-25T10:10:19,100.0,21.6,B
2021-06-25T10:10:08,7000.0,21.6,B
2021-06-25T10:09:56,300.0,21.6,B
2021-06-25T10:09:49,1000.0,21.6,B
2021-06-25T10:09:19,400.0,21.55,S
2021-06-25T10:09:14,56800.0,21.6,B
2021-06-25T10:09:10,1500.0,21.6,B
2021-06-25T10:08:50,11700.0,21.6,S
2021-06-25T10:08:50,8700.0,21.6,S
2021-06-25T10:08:50,300.0,21.6,S
2021-06-25T10:08:50,3500.0,21.6,S
2021-06-25T10:08:50,3100.0,21.6,S
2021-06-25T10:08:50,11100.0,21.6,S
2021-06-25T10:08:50,23700.0,21.6,S
2021-06-25T10:08:50,300.0,21.6,S
2021-06-25T10:08:50,7000.0,21.6,S
2021-06-25T10:08:45,300.0,21.65,B
2021-06-25T10:08:22,1000.0,21.65,B
2021-06-25T10:07:49,1000.0,21.6,S
2021-06-25T10:07:16,2000.0,21.6,S
2021-06-25T10:07:14,200.0,21.65,B
2021-06-25T10:06:56,500.0,21.65,B
2021-06-25T10:06:56,600.0,21.65,B
2021-06-25T10:06:28,1000.0,21.65,B
2021-06-25T10:06:24,3000.0,21.65,B
2021-06-25T10:06:03,500.0,21.65,B
2021-06-25T10:05:59,300.0,21.65,B
2021-06-25T10:05:43,200.0,21.65,B
2021-06-25T10:05:41,2000.0,21.65,B
2021-06-25T10:05:18,10000.0,21.65,B
2021-06-25T10:04:39,1000.0,21.65,B
2021-06-25T10:04:37,100.0,21.65,B
2021-06-25T10:04:28,500.0,21.65,S
2021-06-25T10:04:28,1400.0,21.65,S
2021-06-25T10:04:22,6000.0,21.65,S
2021-06-25T10:03:33,1000.0,21.65,B
2021-06-25T10:03:33,7100.0,21.65,B
2021-06-25T10:03:31,100.0,21.65,B
2021-06-25T10:03:29,100.0,21.65,B
2021-06-25T10:03:09,1900.0,21.65,B
2021-06-25T10:03:09,20000.0,21.65,B
2021-06-25T10:03:09,12000.0,21.65,B
2021-06-25T10:03:09,6100.0,21.65,B
2021-06-25T10:02:54,100.0,21.65,B
2021-06-25T10:02:34,1500.0,21.65,B
2021-06-25T10:02:27,1000.0,21.65,B
2021-06-25T10:02:07,200.0,21.65,B
2021-06-25T10:02:04,200.0,21.6,S
2021-06-25T10:01:48,100.0,21.6,S
2021-06-25T10:01:39,2000.0,21.6,S
2021-06-25T10:01:35,1100.0,21.65,B
2021-06-25T10:01:29,100.0,21.6,S
2021-06-25T10:01:28,200.0,21.6,S
2021-06-25T10:01:28,2200.0,21.6,S
2021-06-25T10:01:25,500.0,21.6,B
2021-06-25T10:01:25,2300.0,21.6,B
2021-06-25T10:01:23,10000.0,21.6,B
2021-06-25T10:01:20,1500.0,21.6,B
2021-06-25T10:01:20,100.0,21.6,B
2021-06-25T10:01:06,1000.0,21.6,B
2021-06-25T10:01:06,1000.0,21.6,B
2021-06-25T10:01:04,800.0,21.6,B
2021-06-25T10:01:04,5000.0,21.6,B
2021-06-25T10:01:04,1000.0,21.6,B
2021-06-25T10:00:57,100.0,21.6,B
2021-06-25T10:00:53,200.0,21.6,B
2021-06-25T10:00:53,100.0,21.6,B
2021-06-25T10:00:49,1100.0,21.6,B
2021-06-25T10:00:38,3000.0,21.6,B
2021-06-25T10:00:34,1000.0,21.6,B
2021-06-25T10:00:29,500.0,21.6,B
2021-06-25T10:00:15,500.0,21.6,B
2021-06-25T10:00:13,100.0,21.6,B
2021-06-25T10:00:13,3000.0,21.6,B
2021-06-25T10:00:09,1000.0,21.6,B
2021-06-25T10:00:05,1000.0,21.6,B
2021-06-25T10:00:04,500.0,21.6,B
2021-06-25T10:00:02,2000.0,21.6,B
2021-06-25T10:00:02,500.0,21.6,B
2021-06-25T10:00:02,5800.0,21.55,S
2021-06-25T09:59:51,5000.0,21.6,B
2021-06-25T09:59:50,200.0,21.6,B
2021-06-25T09:59:49,1000.0,21.6,B
2021-06-25T09:59:47,100.0,21.6,B
2021-06-25T09:59:45,500.0,21.6,B
2021-06-25T09:59:42,10000.0,21.6,B
2021-06-25T09:59:29,10000.0,21.6,B
2021-06-25T09:59:27,2000.0,21.6,B
2021-06-25T09:59:25,2000.0,21.6,B
2021-06-25T09:59:19,2000.0,21.6,B
2021-06-25T09:59:14,100.0,21.6,B
2021-06-25T09:59:13,5000.0,21.6,B
2021-06-25T09:58:58,300.0,21.6,B
2021-06-25T09:58:49,5600.0,21.6,S
2021-06-25T09:58:47,2000.0,21.6,S
2021-06-25T09:58:36,1400.0,21.6,S
2021-06-25T09:58:36,10800.0,21.6,S
2021-06-25T09:58:36,600.0,21.6,S
2021-06-25T09:58:36,5000.0,21.6,S
2021-06-25T09:58:36,10000.0,21.6,S
2021-06-25T09:58:36,600.0,21.6,S
2021-06-25T09:58:36,1500.0,21.6,S
2021-06-25T09:58:36,9600.0,21.6,S
2021-06-25T09:58:36,5000.0,21.6,S
2021-06-25T09:58:36,13500.0,21.6,S
2021-06-25T09:58:36,4400.0,21.6,S
2021-06-25T09:58:36,6400.0,21.6,S
2021-06-25T09:58:36,1300.0,21.6,S
2021-06-25T09:58:36,500.0,21.6,S
2021-06-25T09:58:36,1300.0,21.6,S
2021-06-25T09:58:36,3300.0,21.6,S
2021-06-25T09:58:36,300.0,21.6,S
2021-06-25T09:58:36,100.0,21.6,S
2021-06-25T09:58:36,6900.0,21.6,S
2021-06-25T09:58:36,2000.0,21.6,S
2021-06-25T09:58:36,18300.0,21.6,S
2021-06-25T09:58:36,900.0,21.6,S
2021-06-25T09:58:36,4000.0,21.6,S
2021-06-25T09:58:36,10200.0,21.6,S
2021-06-25T09:58:36,200.0,21.6,S
2021-06-25T09:58:36,300.0,21.6,S
2021-06-25T09:58:36,200.0,21.6,S
2021-06-25T09:58:36,200.0,21.6,S
2021-06-25T09:58:36,12000.0,21.6,S
2021-06-25T09:58:36,700.0,21.6,S
2021-06-25T09:58:36,14500.0,21.6,S
2021-06-25T09:58:36,6000.0,21.6,S
2021-06-25T09:58:36,700.0,21.6,S
2021-06-25T09:58:36,200.0,21.6,S
2021-06-25T09:58:35,600.0,21.6,S
2021-06-25T09:58:35,400.0,21.6,S
2021-06-25T09:58:35,1100.0,21.6,S
2021-06-25T09:58:35,6800.0,21.6,S
2021-06-25T09:58:35,2000.0,21.6,S
2021-06-25T09:58:35,300.0,21.6,S
2021-06-25T09:58:35,700.0,21.6,S
2021-06-25T09:58:35,700.0,21.6,S
2021-06-25T09:58:35,1500.0,21.6,S
2021-06-25T09:58:35,33000.0,21.6,S
2021-06-25T09:58:31,5000.0,21.6,S
2021-06-25T09:58:27,1800.0,21.6,S
2021-06-25T09:58:10,100.0,21.6,S
2021-06-25T09:58:02,1000.0,21.65,B
2021-06-25T09:57:46,1000.0,21.65,B
2021-06-25T09:57:43,400.0,21.65,B
2021-06-25T09:57:20,1000.0,21.65,B
2021-06-25T09:56:53,1300.0,21.65,S
2021-06-25T09:56:39,7800.0,21.65,B
2021-06-25T09:56:34,600.0,21.65,B
2021-06-25T09:56:34,3000.0,21.6,S
2021-06-25T09:56:30,500.0,21.65,B
2021-06-25T09:56:30,200.0,21.65,B
2021-06-25T09:56:27,500.0,21.65,B
2021-06-25T09:56:27,500.0,21.65,B
2021-06-25T09:56:23,3100.0,21.65,S
2021-06-25T09:56:23,10800.0,21.65,S
2021-06-25T09:56:23,6000.0,21.65,S
2021-06-25T09:56:22,100.0,21.65,S
2021-06-25T09:56:09,900.0,21.65,S
2021-06-25T09:56:09,4700.0,21.65,S
2021-06-25T09:56:09,5600.0,21.65,S
2021-06-25T09:56:09,1300.0,21.65,S
2021-06-25T09:56:09,400.0,21.65,S
2021-06-25T09:56:09,17100.0,21.65,S
2021-06-25T09:55:52,3700.0,21.65,S
2021-06-25T09:55:52,7800.0,21.65,S
2021-06-25T09:55:52,18500.0,21.65,S
2021-06-25T09:55:49,100.0,21.7,B
2021-06-25T09:55:43,200.0,21.7,B
2021-06-25T09:55:38,100.0,21.7,B
2021-06-25T09:55:34,100.0,21.7,B
2021-06-25T09:55:31,600.0,21.7,B
2021-06-25T09:55:22,500.0,21.7,B
2021-06-25T09:55:03,1500.0,21.7,B
2021-06-25T09:55:01,2000.0,21.65,S
2021-06-25T09:55:01,5000.0,21.7,B
2021-06-25T09:55:00,3000.0,21.7,B
2021-06-25T09:54:56,100.0,21.7,B
2021-06-25T09:54:55,5000.0,21.7,B
2021-06-25T09:54:53,500.0,21.7,B
2021-06-25T09:54:53,11000.0,21.65,S
2021-06-25T09:54:49,400.0,21.7,B
2021-06-25T09:54:41,300.0,21.7,B
2021-06-25T09:54:19,100.0,21.7,B
2021-06-25T09:53:54,1000.0,21.7,B
2021-06-25T09:53:36,500.0,21.7,B
2021-06-25T09:53:14,100.0,21.7,B
2021-06-25T09:53:13,5000.0,21.7,B
2021-06-25T09:53:11,2100.0,21.7,B
2021-06-25T09:53:08,500.0,21.7,B
2021-06-25T09:52:28,1000.0,21.7,B
2021-06-25T09:52:25,200.0,21.7,B
2021-06-25T09:52:18,100.0,21.65,S
2021-06-25T09:52:14,100.0,21.7,B
2021-06-25T09:52:06,100.0,21.7,B
2021-06-25T09:51:57,100.0,21.7,B
2021-06-25T09:51:46,5000.0,21.7,B
2021-06-25T09:51:32,100.0,21.7,B
2021-06-25T09:51:22,2000.0,21.7,B
2021-06-25T09:51:14,200.0,21.7,B
2021-06-25T09:51:14,100.0,21.65,S
2021-06-25T09:51:11,100.0,21.7,B
2021-06-25T09:51:10,1000.0,21.7,B
2021-06-25T09:51:01,100.0,21.7,B
2021-06-25T09:50:51,500.0,21.7,B
2021-06-25T09:50:49,2500.0,21.7,B
2021-06-25T09:50:43,300.0,21.7,S
2021-06-25T09:50:41,24200.0,21.7,S
2021-06-25T09:50:22,1000.0,21.7,S
2021-06-25T09:50:16,200.0,21.7,S
2021-06-25T09:50:08,21500.0,21.7,B
2021-06-25T09:49:59,800.0,21.7,B
2021-06-25T09:49:58,9200.0,21.7,B
2021-06-25T09:49:44,200.0,21.7,B
2021-06-25T09:49:38,400.0,21.65,S
2021-06-25T09:49:35,100.0,21.7,B
2021-06-25T09:49:34,300.0,21.7,B
2021-06-25T09:49:32,400.0,21.7,B
2021-06-25T09:49:29,1000.0,21.7,B
2021-06-25T09:49:27,100.0,21.7,B
2021-06-25T09:49:18,100.0,21.7,B
2021-06-25T09:49:08,7000.0,21.7,B
2021-06-25T09:48:59,5000.0,21.7,B
2021-06-25T09:48:55,500.0,21.7,B
2021-06-25T09:48:53,2000.0,21.7,B
2021-06-25T09:48:52,200.0,21.7,B
2021-06-25T09:48:45,100.0,21.7,B
2021-06-25T09:48:45,100.0,21.7,B
2021-06-25T09:48:44,1000.0,21.7,B
2021-06-25T09:48:40,5000.0,21.7,B
2021-06-25T09:48:38,100.0,21.7,B
2021-06-25T09:48:37,5000.0,21.7,B
2021-06-25T09:48:36,10000.0,21.7,B
2021-06-25T09:48:32,3500.0,21.7,B
2021-06-25T09:48:30,500.0,21.7,B
2021-06-25T09:48:20,600.0,21.7,B
2021-06-25T09:48:12,4700.0,21.7,B
2021-06-25T09:48:10,5000.0,21.7,B
2021-06-25T09:48:09,500.0,21.7,B
2021-06-25T09:48:05,1000.0,21.7,B
2021-06-25T09:48:04,1000.0,21.7,B
2021-06-25T09:47:55,2000.0,21.7,B
2021-06-25T09:47:51,900.0,21.7,S
2021-06-25T09:47:51,100.0,21.7,S
2021-06-25T09:47:51,2100.0,21.7,S
2021-06-25T09:47:44,2000.0,21.7,S
2021-06-25T09:47:36,10000.0,21.7,S
2021-06-25T09:47:28,300.0,21.7,S
2021-06-25T09:47:17,3000.0,21.75,B
2021-06-25T09:47:11,2300.0,21.7,B
2021-06-25T09:47:07,200.0,21.7,B
2021-06-25T09:47:01,1500.0,21.7,B
2021-06-25T09:47:01,1800.0,21.7,B
2021-06-25T09:47:01,1300.0,21.7,B
2021-06-25T09:47:01,5400.0,21.7,B
2021-06-25T09:46:57,100.0,21.7,B
2021-06-25T09:46:55,200.0,21.7,B
2021-06-25T09:46:54,300.0,21.7,B
2021-06-25T09:46:54,200.0,21.7,B
2021-06-25T09:46:54,8000.0,21.7,B
2021-06-25T09:46:46,500.0,21.7,B
2021-06-25T09:46:39,3000.0,21.7,B
2021-06-25T09:46:38,3000.0,21.7,B
2021-06-25T09:46:35,200.0,21.7,B
2021-06-25T09:46:35,2000.0,21.7,B
2021-06-25T09:46:34,100.0,21.7,B
2021-06-25T09:46:30,1100.0,21.7,B
2021-06-25T09:46:30,600.0,21.7,B
2021-06-25T09:46:24,17900.0,21.7,B
2021-06-25T09:46:22,100.0,21.7,B
2021-06-25T09:46:13,11700.0,21.7,B
2021-06-25T09:46:13,1100.0,21.7,B
2021-06-25T09:46:13,7200.0,21.7,B
2021-06-25T09:46:11,5000.0,21.7,B
2021-06-25T09:46:03,2100.0,21.7,B
2021-06-25T09:46:02,1000.0,21.7,B
2021-06-25T09:45:55,1700.0,21.7,B
2021-06-25T09:45:55,1200.0,21.7,B
2021-06-25T09:45:55,200.0,21.7,B
2021-06-25T09:45:49,500.0,21.7,B
2021-06-25T09:45:48,4200.0,21.7,B
2021-06-25T09:45:38,20000.0,21.7,B
2021-06-25T09:45:34,5000.0,21.7,B
2021-06-25T09:45:29,1000.0,21.7,B
2021-06-25T09:45:28,5000.0,21.7,B
2021-06-25T09:45:27,3000.0,21.7,B
2021-06-25T09:45:21,5000.0,21.7,B
2021-06-25T09:44:55,10000.0,21.7,B
2021-06-25T09:44:53,400.0,21.7,B
2021-06-25T09:44:43,1000.0,21.7,B
2021-06-25T09:44:40,500.0,21.7,B
2021-06-25T09:44:40,5000.0,21.7,B
2021-06-25T09:44:37,300.0,21.7,B
2021-06-25T09:44:36,1000.0,21.7,B
2021-06-25T09:44:34,500.0,21.7,B
2021-06-25T09:44:27,200.0,21.7,B
2021-06-25T09:44:27,500.0,21.7,B
2021-06-25T09:44:23,300.0,21.7,B
2021-06-25T09:44:20,500.0,21.7,B
2021-06-25T09:44:19,20000.0,21.7,B
2021-06-25T09:43:58,5000.0,21.7,B
2021-06-25T09:43:50,10000.0,21.65,S
2021-06-25T09:43:49,1000.0,21.7,B
2021-06-25T09:43:19,60400.0,21.65,B
2021-06-25T09:43:17,3300.0,21.65,B
2021-06-25T09:43:10,100.0,21.65,B
2021-06-25T09:43:07,20000.0,21.65,B
2021-06-25T09:43:04,300.0,21.65,B
2021-06-25T09:43:02,100.0,21.65,B
2021-06-25T09:42:58,5000.0,21.65,B
2021-06-25T09:42:43,200.0,21.65,B
2021-06-25T09:42:36,100.0,21.65,B
2021-06-25T09:42:34,100.0,21.65,B
2021-06-25T09:42:31,500.0,21.65,B
2021-06-25T09:42:30,300.0,21.65,B
2021-06-25T09:42:27,500.0,21.65,B
2021-06-25T09:42:20,1100.0,21.65,S
2021-06-25T09:42:19,2000.0,21.7,B
2021-06-25T09:42:08,5000.0,21.65,S
2021-06-25T09:42:05,2000.0,21.65,S
2021-06-25T09:42:00,10000.0,21.7,B
2021-06-25T09:41:47,100.0,21.7,B
2021-06-25T09:41:42,8100.0,21.6,S
2021-06-25T09:41:42,1100.0,21.6,S
2021-06-25T09:41:42,5300.0,21.6,S
2021-06-25T09:41:42,1300.0,21.6,S
2021-06-25T09:41:42,100.0,21.6,S
2021-06-25T09:41:42,5500.0,21.6,S
2021-06-25T09:41:42,12600.0,21.6,S
2021-06-25T09:41:42,7000.0,21.6,S
2021-06-25T09:41:42,5200.0,21.6,S
2021-06-25T09:41:42,2000.0,21.65,S
2021-06-25T09:41:42,9600.0,21.65,S
2021-06-25T09:41:42,1300.0,21.65,S
2021-06-25T09:41:42,26400.0,21.65,S
2021-06-25T09:41:42,10500.0,21.65,S
2021-06-25T09:41:42,100.0,21.65,S
2021-06-25T09:41:42,2100.0,21.65,S
2021-06-25T09:41:42,3300.0,21.65,S
2021-06-25T09:41:41,7900.0,21.65,S
2021-06-25T09:41:33,5500.0,21.7,B
2021-06-25T09:41:32,5000.0,21.65,S
2021-06-25T09:41:06,3000.0,21.7,B
2021-06-25T09:40:49,100.0,21.7,B
2021-06-25T09:40:36,100.0,21.7,B
2021-06-25T09:40:29,5000.0,21.65,S
2021-06-25T09:40:26,5000.0,21.65,S
2021-06-25T09:40:10,1000.0,21.7,B
2021-06-25T09:40:00,5000.0,21.7,B
2021-06-25T09:39:51,1000.0,21.7,B
2021-06-25T09:39:50,100.0,21.7,B
2021-06-25T09:39:41,5000.0,21.65,S
2021-06-25T09:39:20,200.0,21.65,S
2021-06-25T09:39:19,3500.0,21.65,S
2021-06-25T09:39:19,6500.0,21.65,S
2021-06-25T09:39:12,2000.0,21.7,B
2021-06-25T09:39:10,3500.0,21.65,S
2021-06-25T09:39:09,1000.0,21.65,S
2021-06-25T09:39:09,1000.0,21.65,S
2021-06-25T09:39:09,1800.0,21.65,S
2021-06-25T09:39:09,3100.0,21.65,S
2021-06-25T09:39:09,4600.0,21.65,S
2021-06-25T09:38:51,1000.0,21.7,B
2021-06-25T09:38:37,100.0,21.7,B
2021-06-25T09:38:37,900.0,21.7,B
2021-06-25T09:38:30,1900.0,21.65,S
2021-06-25T09:38:19,100.0,21.7,B
2021-06-25T09:38:16,2000.0,21.65,S
2021-06-25T09:38:06,500.0,21.7,B
2021-06-25T09:38:04,1000.0,21.7,B
2021-06-25T09:38:00,100.0,21.7,B
2021-06-25T09:37:59,100.0,21.7,B
2021-06-25T09:37:50,100.0,21.7,B
2021-06-25T09:37:23,500.0,21.7,B
2021-06-25T09:37:19,400.0,21.7,B
2021-06-25T09:37:13,900.0,21.7,B
2021-06-25T09:37:12,1000.0,21.7,B
2021-06-25T09:36:52,5000.0,21.7,B
2021-06-25T09:36:52,2500.0,21.65,S
2021-06-25T09:36:47,2000.0,21.7,B
2021-06-25T09:36:38,2500.0,21.65,S
2021-06-25T09:36:29,100.0,21.7,B
2021-06-25T09:36:19,5500.0,21.65,S
2021-06-25T09:36:14,3000.0,21.7,B
2021-06-25T09:36:10,500.0,21.7,B
2021-06-25T09:36:01,2200.0,21.7,B
2021-06-25T09:36:01,20000.0,21.7,B
2021-06-25T09:36:01,20000.0,21.7,B
2021-06-25T09:35:57,300.0,21.65,S
2021-06-25T09:35:54,100.0,21.7,B
2021-06-25T09:35:51,100.0,21.7,B
2021-06-25T09:35:47,5000.0,21.7,B
2021-06-25T09:35:44,2000.0,21.7,B
2021-06-25T09:35:42,1000.0,21.7,B
2021-06-25T09:35:33,2000.0,21.7,B
2021-06-25T09:35:32,2700.0,21.65,S
2021-06-25T09:35:32,5600.0,21.65,S
2021-06-25T09:35:32,11500.0,21.65,S
2021-06-25T09:35:32,800.0,21.65,S
2021-06-25T09:35:32,3000.0,21.65,S
2021-06-25T09:35:32,5600.0,21.65,S
2021-06-25T09:35:31,1500.0,21.65,S
2021-06-25T09:35:31,3300.0,21.65,S
2021-06-25T09:35:29,100.0,21.7,B
2021-06-25T09:35:29,200.0,21.7,B
2021-06-25T09:35:28,500.0,21.7,B
2021-06-25T09:35:27,2600.0,21.7,B
2021-06-25T09:35:26,2200.0,21.7,B
2021-06-25T09:35:24,2200.0,21.7,B
2021-06-25T09:35:24,100.0,21.7,B
2021-06-25T09:35:20,1000.0,21.7,B
2021-06-25T09:35:19,3000.0,21.7,B
2021-06-25T09:35:19,7000.0,21.7,B
2021-06-25T09:35:17,5000.0,21.7,B
2021-06-25T09:35:10,1000.0,21.7,B
2021-06-25T09:35:07,5000.0,21.7,B
2021-06-25T09:34:16,300.0,21.7,B
2021-06-25T09:34:10,1000.0,21.7,B
2021-06-25T09:33:55,2000.0,21.7,B
2021-06-25T09:33:47,4700.0,21.7,B
2021-06-25T09:33:40,2000.0,21.65,S
2021-06-25T09:33:37,5000.0,21.7,B
2021-06-25T09:33:35,500.0,21.7,B
2021-06-25T09:33:14,600.0,21.7,B
2021-06-25T09:33:14,10000.0,21.65,S
2021-06-25T09:33:04,1000.0,21.7,B
2021-06-25T09:32:54,100.0,21.7,B
2021-06-25T09:32:54,500.0,21.7,B
2021-06-25T09:32:53,1400.0,21.7,B
2021-06-25T09:32:51,2500.0,21.7,B
2021-06-25T09:32:43,10000.0,21.65,S
2021-06-25T09:32:39,100.0,21.65,S
2021-06-25T09:32:37,300.0,21.65,S
2021-06-25T09:32:36,100.0,21.7,B
2021-06-25T09:32:29,1000.0,21.65,S
2021-06-25T09:32:29,2700.0,21.65,S
2021-06-25T09:32:22,10000.0,21.7,B
2021-06-25T09:32:10,4900.0,21.65,S
2021-06-25T09:32:10,200.0,21.65,S
2021-06-25T09:32:10,6000.0,21.65,S
2021-06-25T09:32:10,18900.0,21.65,S
2021-06-25T09:31:59,1000.0,21.65,S
2021-06-25T09:31:55,10000.0,21.65,S
2021-06-25T09:31:55,100.0,21.65,S
2021-06-25T09:31:53,100.0,21.65,S
2021-06-25T09:31:51,4900.0,21.65,B
2021-06-25T09:31:47,1000.0,21.65,B
2021-06-25T09:31:47,500.0,21.6,S
2021-06-25T09:31:41,10000.0,21.65,B
2021-06-25T09:31:40,100.0,21.65,B
2021-06-25T09:31:33,200.0,21.65,B
2021-06-25T09:31:28,200.0,21.65,B
2021-06-25T09:31:24,2000.0,21.65,S
2021-06-25T09:31:23,6600.0,21.65,S
2021-06-25T09:31:23,2000.0,21.65,S
2021-06-25T09:31:10,8500.0,21.65,S
2021-06-25T09:31:10,11000.0,21.65,S
2021-06-25T09:31:10,500.0,21.65,S
2021-06-25T09:31:10,1000.0,21.65,S
2021-06-25T09:31:04,7600.0,21.65,S
2021-06-25T09:31:04,400.0,21.65,S
2021-06-25T09:31:04,5500.0,21.65,S
2021-06-25T09:31:04,3500.0,21.65,S
2021-06-25T09:31:04,400.0,21.65,S
2021-06-25T09:31:04,2600.0,21.65,S
2021-06-25T09:30:32,100.0,21.7,B
2021-06-25T09:30:29,500.0,21.65,S
2021-06-25T09:30:26,200.0,21.65,S
2021-06-25T09:30:23,700.0,21.65,S
2021-06-25T09:30:15,2000.0,21.65,S
2021-06-25T09:30:14,1000.0,21.7,B
2021-06-25T09:30:02,100.0,21.7,B
2021-06-25T09:29:59,600.0,21.65,S
2021-06-25T09:29:55,3000.0,21.65,S
2021-06-25T09:29:48,100.0,21.7,S
2021-06-25T09:29:48,11400.0,21.7,S
2021-06-25T09:29:48,200.0,21.7,S
2021-06-25T09:29:48,3100.0,21.7,S
2021-06-25T09:29:46,500.0,21.7,S
2021-06-25T09:29:40,200.0,21.75,B
2021-06-25T09:29:39,1100.0,21.7,S
2021-06-25T09:29:36,200.0,21.75,B
2021-06-25T09:29:35,800.0,21.75,B
2021-06-25T09:29:29,1000.0,21.75,B
2021-06-25T09:29:05,400.0,21.7,S
2021-06-25T09:29:04,600.0,21.7,S
2021-06-25T09:28:59,200.0,21.7,S
2021-06-25T09:28:48,500.0,21.7,S
2021-06-25T09:28:36,10000.0,21.7,S
2021-06-25T09:28:28,7600.0,21.75,B
2021-06-25T09:28:23,300.0,21.7,B
2021-06-25T09:28:23,1000.0,21.7,B
2021-06-25T09:28:21,300.0,21.7,B
2021-06-25T09:28:16,200.0,21.7,B
2021-06-25T09:28:14,2000.0,21.75,B
2021-06-25T09:28:11,1100.0,21.7,S
2021-06-25T09:28:11,1000.0,21.7,S
2021-06-25T09:28:11,200.0,21.7,S
2021-06-25T09:28:11,2200.0,21.7,S
2021-06-25T09:28:11,300.0,21.7,S
2021-06-25T09:28:11,700.0,21.7,S
2021-06-25T09:28:11,10000.0,21.7,S
2021-06-25T09:28:11,1200.0,21.7,S
2021-06-25T09:28:11,600.0,21.7,S
2021-06-25T09:28:11,2700.0,21.7,S
2021-06-25T09:28:10,1200.0,21.7,S
2021-06-25T09:28:10,5200.0,21.7,S
2021-06-25T09:28:10,2500.0,21.7,S
2021-06-25T09:28:10,1000.0,21.7,S
2021-06-25T09:28:10,200.0,21.7,S
2021-06-25T09:28:10,13400.0,21.7,S
2021-06-25T09:28:10,600.0,21.7,S
2021-06-25T09:28:02,200.0,21.75,B
2021-06-25T09:27:31,100.0,21.75,S
2021-06-25T09:27:30,1000.0,21.75,S
2021-06-25T09:27:14,3800.0,21.8,B
2021-06-25T09:27:14,16200.0,21.8,B
2021-06-25T09:27:12,200.0,21.75,S
2021-06-25T09:27:12,2400.0,21.75,S
2021-06-25T09:27:00,500.0,21.75,S
2021-06-25T09:27:00,1600.0,21.75,S
2021-06-25T09:26:44,1000.0,21.75,S
2021-06-25T09:26:34,2800.0,21.75,S
2021-06-25T09:26:33,100.0,21.75,S
2021-06-25T09:26:31,1000.0,21.75,S
2021-06-25T09:26:27,13200.0,21.75,S
2021-06-25T09:26:27,500.0,21.75,S
2021-06-25T09:26:27,600.0,21.75,S
2021-06-25T09:26:27,900.0,21.75,S
2021-06-25T09:26:27,200.0,21.75,S
2021-06-25T09:26:27,700.0,21.75,S
2021-06-25T09:26:14,1000.0,21.75,S
2021-06-25T09:26:14,7500.0,21.75,S
2021-06-25T09:26:08,1000.0,21.8,B
2021-06-25T09:25:56,100.0,21.75,S
2021-06-25T09:25:55,100.0,21.75,S
2021-06-25T09:25:54,800.0,21.75,S
2021-06-25T09:25:31,2000.0,21.75,S
2021-06-25T09:25:21,500.0,21.75,S
2021-06-25T09:25:18,10000.0,21.8,B
2021-06-25T09:25:01,1000.0,21.8,B
2021-06-25T09:24:59,100.0,21.8,B
2021-06-25T09:24:59,100.0,21.8,B
2021-06-25T09:24:57,1000.0,21.75,S
2021-06-25T09:24:46,2000.0,21.8,B
2021-06-25T09:24:40,100.0,21.8,B
2021-06-25T09:24:39,1100.0,21.8,B
2021-06-25T09:24:34,400.0,21.8,S
2021-06-25T09:24:30,500.0,21.8,S
2021-06-25T09:24:27,1200.0,21.8,S
2021-06-25T09:24:27,100.0,21.8,S
2021-06-25T09:24:27,1400.0,21.8,S
2021-06-25T09:24:27,13600.0,21.8,S
2021-06-25T09:24:27,500.0,21.8,S
2021-06-25T09:24:27,300.0,21.8,S
2021-06-25T09:24:27,2200.0,21.8,S
2021-06-25T09:24:27,700.0,21.8,S
2021-06-25T09:24:27,3700.0,21.8,S
2021-06-25T09:24:27,19200.0,21.8,S
2021-06-25T09:24:27,100.0,21.8,S
2021-06-25T09:24:27,2800.0,21.8,S
2021-06-25T09:24:26,300.0,21.8,S
2021-06-25T09:24:26,15300.0,21.8,S
2021-06-25T09:24:26,300.0,21.8,S
2021-06-25T09:24:26,1400.0,21.8,S
2021-06-25T09:24:26,6800.0,21.8,S
2021-06-25T09:24:12,1000.0,21.85,B
2021-06-25T09:24:01,10000.0,21.85,B
2021-06-25T09:23:55,1000.0,21.85,B
2021-06-25T09:23:43,3000.0,21.8,S
2021-06-25T09:23:35,5000.0,21.85,B
2021-06-25T09:23:33,9800.0,21.8,S
2021-06-25T09:23:26,500.0,21.8,S
2021-06-25T09:23:25,200.0,21.8,S
2021-06-25T09:23:25,300.0,21.8,S
2021-06-25T09:23:22,11500.0,21.8,S
2021-06-25T09:23:22,16500.0,21.8,S
2021-06-25T09:23:14,2000.0,21.85,B
2021-06-25T09:23:11,4600.0,21.85,B
2021-06-25T09:23:07,1000.0,21.85,B
2021-06-25T09:23:03,100.0,21.85,B
2021-06-25T09:23:00,100.0,21.85,B
2021-06-25T09:22:49,5000.0,21.85,S
2021-06-25T09:22:45,800.0,21.85,S
2021-06-25T09:22:45,11400.0,21.85,S
2021-06-25T09:22:40,900.0,21.85,S
2021-06-25T09:22:40,4900.0,21.85,S
2021-06-25T09:22:39,4200.0,21.85,S
2021-06-25T09:22:05,300.0,21.85,S
2021-06-25T09:21:47,3000.0,21.85,S
2021-06-25T09:21:35,1500.0,21.85,S
2021-06-25T09:21:25,10000.0,21.85,S
2021-06-25T09:21:03,2000.0,21.85,S
2021-06-25T09:20:59,200.0,21.9,B
2021-06-25T09:20:34,4200.0,21.85,S
2021-06-25T09:20:34,1000.0,21.85,S
2021-06-25T09:20:34,10800.0,21.85,S
2021-06-25T09:20:33,4000.0,21.85,S
2021-06-25T09:20:28,300.0,21.9,B
2021-06-25T09:20:27,3800.0,21.9,B
2021-06-25T09:20:25,200.0,21.9,B
2021-06-25T09:20:20,100.0,21.9,B
2021-06-25T09:20:07,1000.0,21.9,B
2021-06-25T09:19:53,400.0,21.9,B
2021-06-25T09:19:44,500.0,21.9,B
2021-06-25T09:19:36,10500.0,21.9,S
2021-06-25T09:19:13,7100.0,21.85,S
2021-06-25T09:19:13,7900.0,21.85,S
2021-06-25T09:19:10,500.0,21.9,S
2021-06-25T09:19:06,10000.0,21.9,S
2021-06-25T09:18:47,9800.0,21.9,B
2021-06-25T09:18:42,10000.0,21.9,B
2021-06-25T09:18:40,500.0,21.9,B
2021-06-25T09:18:40,100.0,21.9,B
2021-06-25T09:18:39,100.0,21.9,B
2021-06-25T09:18:34,300.0,21.9,B
2021-06-25T09:18:22,900.0,21.9,B
2021-06-25T09:18:16,2000.0,21.9,B
2021-06-25T09:18:13,4000.0,21.9,B
2021-06-25T09:17:59,100.0,21.9,B
2021-06-25T09:17:56,100.0,21.9,S
2021-06-25T09:17:56,1800.0,21.9,S
2021-06-25T09:17:56,4900.0,21.9,S
2021-06-25T09:17:52,100.0,21.9,S
2021-06-25T09:17:52,39900.0,21.9,S
2021-06-25T09:17:43,100.0,21.95,B
2021-06-25T09:17:25,5500.0,21.9,S
2021-06-25T09:17:21,200.0,21.9,S
2021-06-25T09:16:37,7600.0,21.9,S
2021-06-25T09:16:27,200.0,21.9,B
2021-06-25T09:16:26,3700.0,21.9,B
2021-06-25T09:16:25,2100.0,21.85,S
2021-06-25T09:16:24,1000.0,21.9,B
2021-06-25T09:16:23,300.0,21.9,B
2021-06-25T09:16:21,500.0,21.9,B
2021-06-25T09:16:06,200.0,21.9,B
2021-06-25T09:16:03,5000.0,21.9,S
2021-06-25T09:16:03,4300.0,21.9,S
2021-06-25T09:16:02,300.0,21.9,S
2021-06-25T09:15:56,3600.0,21.9,B
2021-06-25T09:15:50,300.0,21.9,B
2021-06-25T09:15:49,1700.0,21.9,B
2021-06-25T09:15:48,100.0,21.9,B
2021-06-25T09:15:35,100.0,21.9,B
2021-06-25T09:15:35,4200.0,21.9,S
2021-06-25T09:15:20,1300.0,21.95,B
